DATE,TIME_M,EX,BID,BIDSIZ,ASK,ASKSIZ,SYM_ROOT
2025-11-18,9:30:01.292971050,T,87.82,100,88.3,100,TGT
2025-11-18,9:30:01.309144633,T,87.8,100,88.3,100,TGT
2025-11-18,9:30:01.309425195,T,87.89,100,88.3,100,TGT
2025-11-18,9:30:01.321418920,T,87.8,100,88.3,100,TGT
2025-11-18,9:30:01.484151589,T,87.8,200,88.3,100,TGT
2025-11-18,9:30:01.646573694,T,87.8,100,88.3,100,TGT
2025-11-18,9:30:01.646824204,T,87.8,100,88.25,100,TGT
2025-11-18,9:30:01.646954444,T,87.8,100,88.11,100,TGT
2025-11-18,9:30:01.648212424,T,87.8,100,88.07,100,TGT
2025-11-18,9:30:01.648548242,T,87.84,100,88.07,100,TGT
2025-11-18,9:30:01.648578355,T,87.8,100,88.07,100,TGT
2025-11-18,9:30:01.702546990,T,87.8,100,88.11,100,TGT
2025-11-18,9:30:01.702762415,T,87.8,200,88.11,100,TGT
2025-11-18,9:30:01.739565138,T,87.8,200,88.25,100,TGT
2025-11-18,9:30:01.739600173,T,87.8,200,88.3,200,TGT
2025-11-18,9:30:02.249695408,T,87.8,100,88.3,200,TGT
2025-11-18,9:30:02.431288067,T,87.8,100,88.25,100,TGT
2025-11-18,9:30:02.431298137,T,87.8,100,87.92,200,TGT
2025-11-18,9:30:02.432305555,T,87.5,500,87.92,200,TGT
2025-11-18,9:30:02.432385686,T,87.5,500,87.91,100,TGT
2025-11-18,9:30:02.432536067,T,87.5,500,87.92,200,TGT
2025-11-18,9:30:02.899503380,T,87.5,500,88.3,200,TGT
2025-11-18,9:30:02.936737187,T,87.5,500,88.3,100,TGT
2025-11-18,9:30:02.936767190,T,87.5,500,88.3,200,TGT
2025-11-18,9:30:02.936777229,T,87.5,500,88.07,100,TGT
2025-11-18,9:30:02.936807278,T,87.5,500,87.91,100,TGT
2025-11-18,9:30:02.937163170,T,87.5,500,88.07,100,TGT
2025-11-18,9:30:02.937378691,T,87.5,500,87.91,100,TGT
2025-11-18,9:30:02.937559082,T,87.77,100,87.91,100,TGT
2025-11-18,9:30:02.937955013,T,87.77,100,88.07,100,TGT
2025-11-18,9:30:02.938125665,T,87.5,500,88.07,100,TGT
2025-11-18,9:30:02.938130392,T,87.5,500,87.96,100,TGT
2025-11-18,9:30:02.940892059,T,87.5,500,88.07,100,TGT
2025-11-18,9:30:02.940897055,T,87.77,100,88.07,100,TGT
2025-11-18,9:30:02.945132063,T,87.77,100,87.91,100,TGT
2025-11-18,9:30:02.945878928,T,87.77,100,88.07,100,TGT
2025-11-18,9:30:02.946620635,T,87.77,100,87.96,100,TGT
2025-11-18,9:30:02.946981498,T,87.77,100,88.07,100,TGT
2025-11-18,9:30:02.953677559,T,87.77,100,87.91,100,TGT
2025-11-18,9:30:02.954424358,T,87.77,100,88.07,100,TGT
2025-11-18,9:30:02.954920398,T,87.77,100,87.91,100,TGT
2025-11-18,9:30:02.957070537,T,87.77,100,88.07,100,TGT
2025-11-18,9:30:03.042017865,T,87.5,500,88.07,100,TGT
2025-11-18,9:30:03.073217281,T,87.5,500,88.3,100,TGT
2025-11-18,9:30:03.077878304,T,87.5,500,88.07,100,TGT
2025-11-18,9:30:03.195759103,T,87.5,500,88.3,100,TGT
2025-11-18,9:30:03.195894516,T,87.5,500,88.07,100,TGT
2025-11-18,9:30:03.196480904,T,87.5,500,87.97,100,TGT
2025-11-18,9:30:03.502344452,T,87.5,500,87.96,100,TGT
2025-11-18,9:30:03.503081189,T,87.5,500,88.3,100,TGT
2025-11-18,9:30:03.503577475,T,87.5,500,88.07,100,TGT
2025-11-18,9:30:03.504484522,T,87.5,500,87.97,100,TGT
2025-11-18,9:30:03.589647383,T,87.58,100,87.97,100,TGT
2025-11-18,9:30:03.973927902,T,87.58,100,87.96,100,TGT
2025-11-18,9:30:03.974424139,T,87.58,100,87.97,100,TGT
2025-11-18,9:30:03.974644640,T,87.58,100,88.02,100,TGT
2025-11-18,9:30:03.974845008,T,87.58,100,87.97,100,TGT
2025-11-18,9:30:03.974875083,T,87.58,100,87.96,100,TGT
2025-11-18,9:30:04.011352045,T,87.76,100,87.96,100,TGT
2025-11-18,9:30:04.011778090,T,87.76,100,87.96,200,TGT
2025-11-18,9:30:04.012093853,T,87.76,100,87.96,100,TGT
2025-11-18,9:30:04.025876681,T,87.76,200,87.96,100,TGT
2025-11-18,9:30:04.211128038,T,87.76,100,87.96,100,TGT
2025-11-18,9:30:04.303613410,T,87.77,100,87.96,100,TGT
2025-11-18,9:30:04.304330008,T,87.77,100,87.96,200,TGT
2025-11-18,9:30:04.304360352,T,87.76,100,87.96,200,TGT
2025-11-18,9:30:04.304360352,T,87.77,100,87.96,200,TGT
2025-11-18,9:30:04.922808414,T,87.58,100,87.96,200,TGT
2025-11-18,9:30:04.922828458,T,87.58,100,87.85,100,TGT
2025-11-18,9:30:04.925118948,T,87.5,600,87.85,100,TGT
2025-11-18,9:30:04.925184062,T,87.5,600,87.85,200,TGT
2025-11-18,9:30:04.925574944,T,87.5,600,87.85,300,TGT
2025-11-18,9:30:04.926306780,T,87.5,600,87.85,200,TGT
2025-11-18,9:30:04.938641202,T,87.5,600,87.85,100,TGT
2025-11-18,9:30:04.939077150,T,87.5,600,87.85,200,TGT
2025-11-18,9:30:04.940801271,T,87.5,600,87.85,300,TGT
2025-11-18,9:30:04.973408990,T,87.5,600,87.85,200,TGT
2025-11-18,9:30:05.022856752,T,87.5,600,87.85,100,TGT
2025-11-18,9:30:05.023573418,T,87.5,600,88.02,100,TGT
2025-11-18,9:30:05.023608592,T,87.5,600,88.02,200,TGT
2025-11-18,9:30:05.122834970,T,87.5,600,88.02,100,TGT
2025-11-18,9:30:05.123496477,T,87.5,600,87.97,100,TGT
2025-11-18,9:30:06.610629316,T,87.58,100,87.97,100,TGT
2025-11-18,9:30:06.883895349,T,87.61,100,87.97,100,TGT
2025-11-18,9:30:06.883920322,T,87.5,600,87.97,100,TGT
2025-11-18,9:30:06.883920322,T,87.61,100,87.97,100,TGT
2025-11-18,9:30:07.137258930,T,87.61,100,87.97,200,TGT
2025-11-18,9:30:07.137263933,T,87.61,100,87.96,100,TGT
2025-11-18,9:30:07.137273972,T,87.61,100,87.97,200,TGT
2025-11-18,9:30:07.137304014,T,87.61,100,87.96,100,TGT
2025-11-18,9:30:07.137434384,T,87.5,600,87.96,100,TGT
2025-11-18,9:30:07.137719977,T,87.5,600,88.02,200,TGT
2025-11-18,9:30:07.137750081,T,87.5,600,88.02,100,TGT
2025-11-18,9:30:07.140145778,T,87.5,600,87.97,100,TGT
2025-11-18,9:30:07.147077372,T,87.5,600,88.02,200,TGT
2025-11-18,9:30:07.147107359,T,87.5,600,88.02,100,TGT
2025-11-18,9:30:07.157467049,T,87.5,600,87.96,100,TGT
2025-11-18,9:30:07.157888085,T,87.5,600,87.96,200,TGT
2025-11-18,9:30:07.256873929,T,87.5,600,87.96,100,TGT
2025-11-18,9:30:07.871518261,T,87.55,100,87.96,100,TGT
2025-11-18,9:30:08.546962313,T,87.61,100,87.96,100,TGT
2025-11-18,9:30:08.547127652,T,87.61,100,87.96,200,TGT
2025-11-18,9:30:11.193427072,T,87.75,300,87.96,200,TGT
2025-11-18,9:30:11.307403581,T,87.75,400,87.96,200,TGT
2025-11-18,9:30:11.307438656,T,87.75,300,87.96,200,TGT
2025-11-18,9:30:11.350350970,T,87.75,300,87.9,100,TGT
2025-11-18,9:30:11.350350970,T,87.75,300,87.85,100,TGT
2025-11-18,9:30:11.351368326,T,87.75,300,87.85,200,TGT
2025-11-18,9:30:11.352085010,T,87.75,300,87.85,300,TGT
2025-11-18,9:30:11.450544553,T,87.75,300,87.85,200,TGT
2025-11-18,9:30:11.820360579,T,87.75,400,87.85,200,TGT
2025-11-18,9:30:12.764073879,T,87.75,100,87.85,200,TGT
2025-11-18,9:30:12.764098927,T,87.74,100,87.85,200,TGT
2025-11-18,9:30:12.764103987,T,87.51,100,87.85,200,TGT
2025-11-18,9:30:12.764113934,T,87.51,100,87.84,100,TGT
2025-11-18,9:30:12.764123999,T,87.51,100,87.79,100,TGT
2025-11-18,9:30:12.764159022,T,87.51,100,87.84,100,TGT
2025-11-18,9:30:12.764179671,T,87.68,100,87.84,100,TGT
2025-11-18,9:30:12.764179671,T,87.75,100,87.84,100,TGT
2025-11-18,9:30:12.764184121,T,87.74,100,87.84,100,TGT
2025-11-18,9:30:12.764204467,T,87.68,100,87.84,100,TGT
2025-11-18,9:30:12.765617595,T,87.75,100,87.84,100,TGT
2025-11-18,9:30:12.766259148,T,87.75,100,87.82,100,TGT
2025-11-18,9:30:12.766639926,T,87.73,100,87.82,100,TGT
2025-11-18,9:30:14.616802701,T,87.73,100,87.81,100,TGT
2025-11-18,9:30:14.617088474,T,87.58,100,87.81,100,TGT
2025-11-18,9:30:14.617098515,T,87.51,100,87.81,100,TGT
2025-11-18,9:30:14.617113460,T,87.55,100,87.81,100,TGT
2025-11-18,9:30:14.617128631,T,87.55,100,87.81,200,TGT
2025-11-18,9:30:14.617138592,T,87.51,100,87.81,200,TGT
2025-11-18,9:30:14.617173660,T,87.55,100,87.81,200,TGT
2025-11-18,9:30:14.617439269,T,87.55,100,87.81,100,TGT
2025-11-18,9:30:14.617594701,T,87.55,100,87.81,200,TGT
2025-11-18,9:30:14.617830181,T,87.73,100,87.81,200,TGT
2025-11-18,9:30:14.617855213,T,87.61,100,87.81,200,TGT
2025-11-18,9:30:14.617875310,T,87.55,100,87.81,200,TGT
2025-11-18,9:30:14.617920368,T,87.55,100,87.81,100,TGT
2025-11-18,9:30:14.617985663,T,87.55,100,87.81,200,TGT
2025-11-18,9:30:14.618446712,T,87.55,100,87.81,100,TGT
2025-11-18,9:30:14.618546946,T,87.55,100,87.8,100,TGT
2025-11-18,9:30:14.628345313,T,87.55,100,87.81,200,TGT
2025-11-18,9:30:14.978664822,T,87.55,100,87.81,100,TGT
2025-11-18,9:30:15.988976683,T,87.7,300,87.81,100,TGT
2025-11-18,9:30:16.181610511,T,87.7,100,87.81,100,TGT
2025-11-18,9:30:16.181630632,T,87.55,100,87.81,100,TGT
2025-11-18,9:30:16.181635576,T,87.51,100,87.81,100,TGT
2025-11-18,9:30:16.181635576,T,87.51,100,87.81,200,TGT
2025-11-18,9:30:16.181651104,T,87.51,100,87.74,100,TGT
2025-11-18,9:30:16.181665654,T,87.55,100,87.74,100,TGT
2025-11-18,9:30:16.181881144,T,87.55,100,87.74,200,TGT
2025-11-18,9:30:16.188431842,T,87.55,100,87.74,300,TGT
2025-11-18,9:30:16.281693925,T,87.55,100,87.74,200,TGT
2025-11-18,9:30:16.281914546,T,87.55,100,87.74,100,TGT
2025-11-18,9:30:16.711568093,T,87.55,100,87.72,100,TGT
2025-11-18,9:30:16.711593233,T,87.5,600,87.72,100,TGT
2025-11-18,9:30:16.711618224,T,87.55,100,87.72,100,TGT
2025-11-18,9:30:16.712786121,T,87.55,100,87.81,200,TGT
2025-11-18,9:30:16.712806193,T,87.5,600,87.81,200,TGT
2025-11-18,9:30:16.712806193,T,87.55,100,87.81,200,TGT
2025-11-18,9:30:16.713502759,T,87.55,100,87.81,300,TGT
2025-11-18,9:30:16.734713343,T,87.55,100,87.81,200,TGT
2025-11-18,9:30:16.736116685,T,87.55,100,87.8,100,TGT
2025-11-18,9:30:16.747303321,T,87.55,100,87.81,200,TGT
2025-11-18,9:30:16.763286360,T,87.55,100,87.8,500,TGT
2025-11-18,9:30:16.768954898,T,87.55,100,87.81,200,TGT
2025-11-18,9:30:16.769110286,T,87.55,100,87.8,100,TGT
2025-11-18,9:30:16.770017554,T,87.55,100,87.81,200,TGT
2025-11-18,9:30:16.779961127,T,87.55,100,87.75,100,TGT
2025-11-18,9:30:16.784111033,T,87.51,100,87.75,100,TGT
2025-11-18,9:30:16.784156109,T,87.5,600,87.75,100,TGT
2025-11-18,9:30:16.784181167,T,87.51,100,87.75,100,TGT
2025-11-18,9:30:16.784181167,T,87.51,100,87.73,100,TGT
2025-11-18,9:30:16.791162833,T,87.51,100,87.81,200,TGT
2025-11-18,9:30:16.791187867,T,87.5,600,87.81,200,TGT
2025-11-18,9:30:16.791187867,T,87.51,100,87.81,200,TGT
2025-11-18,9:30:16.791904572,T,87.51,100,87.74,100,TGT
2025-11-18,9:30:16.794746380,T,87.51,100,87.81,200,TGT
2025-11-18,9:30:16.796330148,T,87.51,100,87.81,300,TGT
2025-11-18,9:30:16.800875991,T,87.51,100,87.81,200,TGT
2025-11-18,9:30:16.934013181,T,87.51,100,87.81,300,TGT
2025-11-18,9:30:17.670091643,T,87.58,100,87.81,300,TGT
2025-11-18,9:30:17.677779981,T,87.61,100,87.81,300,TGT
2025-11-18,9:30:17.677799996,T,87.58,100,87.81,300,TGT
2025-11-18,9:30:17.678146169,T,87.61,100,87.81,300,TGT
2025-11-18,9:30:17.678150835,T,87.55,100,87.81,300,TGT
2025-11-18,9:30:17.678155798,T,87.61,100,87.81,300,TGT
2025-11-18,9:30:17.678331300,T,87.61,100,87.81,200,TGT
2025-11-18,9:30:17.678351376,T,87.55,100,87.81,200,TGT
2025-11-18,9:30:17.678351376,T,87.5,600,87.81,200,TGT
2025-11-18,9:30:17.678356297,T,87.55,100,87.81,200,TGT
2025-11-18,9:30:17.678356297,T,87.61,100,87.81,200,TGT
2025-11-18,9:30:17.678386401,T,87.55,100,87.81,200,TGT
2025-11-18,9:30:17.678386401,T,87.61,100,87.81,200,TGT
2025-11-18,9:30:17.678892584,T,87.55,100,87.81,200,TGT
2025-11-18,9:30:17.678932787,T,87.5,600,87.81,200,TGT
2025-11-18,9:30:17.679088045,T,87.5,600,87.81,100,TGT
2025-11-18,9:30:17.679383741,T,87.58,100,87.81,100,TGT
2025-11-18,9:30:17.680155591,T,87.58,100,87.8,500,TGT
2025-11-18,9:30:17.680190662,T,87.62,100,87.8,500,TGT
2025-11-18,9:30:17.680872343,T,87.62,100,87.8,600,TGT
2025-11-18,9:30:17.699341287,T,87.62,100,87.8,100,TGT
2025-11-18,9:30:22.232561268,T,87.66,100,87.8,100,TGT
2025-11-18,9:30:22.232561268,T,87.62,100,87.8,100,TGT
2025-11-18,9:30:22.232565917,T,87.66,100,87.8,100,TGT
2025-11-18,9:30:22.232586089,T,87.62,100,87.8,100,TGT
2025-11-18,9:30:22.232586089,T,87.69,100,87.8,100,TGT
2025-11-18,9:30:22.232626051,T,87.7,100,87.8,100,TGT
2025-11-18,9:30:22.232631147,T,87.7,100,87.81,100,TGT
2025-11-18,9:30:22.232661716,T,87.7,200,87.81,100,TGT
2025-11-18,9:30:22.232666203,T,87.7,100,87.81,100,TGT
2025-11-18,9:30:22.232691240,T,87.7,100,87.84,100,TGT
2025-11-18,9:30:22.232736472,T,87.74,100,87.84,100,TGT
2025-11-18,9:30:22.233092427,T,87.74,200,87.84,100,TGT
2025-11-18,9:30:22.233633586,T,87.74,100,87.84,100,TGT
2025-11-18,9:30:22.233788807,T,87.74,100,88.07,100,TGT
2025-11-18,9:30:22.234204857,T,87.74,200,88.07,100,TGT
2025-11-18,9:30:22.234219903,T,87.74,100,88.07,100,TGT
2025-11-18,9:30:22.234229947,T,87.76,100,88.07,100,TGT
2025-11-18,9:30:22.234239967,T,87.74,100,88.07,100,TGT
2025-11-18,9:30:22.234239967,T,87.76,100,88.07,100,TGT
2025-11-18,9:30:22.234350196,T,87.76,100,87.84,100,TGT
2025-11-18,9:30:22.234375289,T,87.76,100,88.07,100,TGT
2025-11-18,9:30:22.234380255,T,87.73,100,88.07,100,TGT
2025-11-18,9:30:22.234400364,T,87.76,100,88.07,100,TGT
2025-11-18,9:30:22.234485498,T,87.73,100,88.07,100,TGT
2025-11-18,9:30:22.234485498,T,87.76,100,88.07,100,TGT
2025-11-18,9:30:22.234525643,T,87.76,100,88.25,100,TGT
2025-11-18,9:30:22.234931795,T,87.81,100,88.25,100,TGT
2025-11-18,9:30:22.234951627,T,87.8,100,88.25,100,TGT
2025-11-18,9:30:22.234951627,T,87.84,100,88.25,100,TGT
2025-11-18,9:30:22.236049218,T,87.84,100,87.98,100,TGT
2025-11-18,9:30:22.246970322,T,87.84,100,88.07,100,TGT
2025-11-18,9:30:22.246995409,T,87.84,100,88.3,200,TGT
2025-11-18,9:30:22.247030385,T,87.8,100,88.3,200,TGT
2025-11-18,9:30:22.247807234,T,87.69,100,88.3,200,TGT
2025-11-18,9:30:22.247812259,T,87.69,100,88.07,100,TGT
2025-11-18,9:30:22.248529010,T,87.69,100,87.97,100,TGT
2025-11-18,9:30:22.486982039,T,87.69,100,87.97,200,TGT
2025-11-18,9:30:22.788395117,T,87.69,100,87.97,100,TGT
2025-11-18,9:30:22.796444347,T,87.69,100,88.3,200,TGT
2025-11-18,9:30:22.797486758,T,87.69,100,87.98,100,TGT
2025-11-18,9:30:22.799967722,T,87.69,100,88.07,100,TGT
2025-11-18,9:30:22.799992763,T,87.69,100,88.3,200,TGT
2025-11-18,9:30:22.803110105,T,87.69,100,87.96,100,TGT
2025-11-18,9:30:25.180022760,T,87.69,100,87.96,200,TGT
2025-11-18,9:30:25.734017625,T,87.69,100,87.96,100,TGT
2025-11-18,9:30:25.735461003,T,87.69,100,87.95,100,TGT
2025-11-18,9:30:25.753353700,T,87.69,100,87.94,400,TGT
2025-11-18,9:30:25.754075356,T,87.69,100,87.94,500,TGT
2025-11-18,9:30:29.445444400,T,87.76,100,87.94,500,TGT
2025-11-18,9:30:29.445479507,T,87.8,100,87.94,500,TGT
2025-11-18,9:30:29.446757548,T,87.82,100,87.94,500,TGT
2025-11-18,9:30:29.462931061,T,87.82,100,87.94,400,TGT
2025-11-18,9:30:29.467667397,T,87.82,100,87.92,100,TGT
2025-11-18,9:30:29.485289402,T,87.69,100,87.92,100,TGT
2025-11-18,9:30:29.485950886,T,87.69,100,87.94,500,TGT
2025-11-18,9:30:29.494947426,T,87.69,100,87.94,400,TGT
2025-11-18,9:30:29.509963174,T,87.69,100,87.94,500,TGT
2025-11-18,9:30:31.154811749,T,87.69,100,87.94,600,TGT
2025-11-18,9:30:34.620944337,T,87.78,100,87.94,600,TGT
2025-11-18,9:30:34.704783994,T,87.85,100,87.94,600,TGT
2025-11-18,9:30:34.705059759,T,87.85,200,87.94,600,TGT
2025-11-18,9:30:34.705480719,T,87.85,200,87.94,500,TGT
2025-11-18,9:30:34.705560936,T,87.85,100,87.94,500,TGT
2025-11-18,9:30:34.827411228,T,87.85,200,87.94,500,TGT
2025-11-18,9:30:36.518224179,T,87.85,100,87.94,500,TGT
2025-11-18,9:30:37.435704927,T,87.85,400,87.94,500,TGT
2025-11-18,9:30:37.435750033,T,87.85,400,87.94,100,TGT
2025-11-18,9:30:37.435750033,T,87.85,400,88.22,100,TGT
2025-11-18,9:30:37.435770100,T,87.92,100,88.22,100,TGT
2025-11-18,9:30:37.436085887,T,87.92,200,88.22,100,TGT
2025-11-18,9:30:37.436201208,T,87.92,200,88.3,200,TGT
2025-11-18,9:30:37.436241240,T,87.92,200,88.3,300,TGT
2025-11-18,9:30:37.436411697,T,87.93,100,88.3,300,TGT
2025-11-18,9:30:37.436416657,T,87.93,200,88.3,300,TGT
2025-11-18,9:30:37.437128316,T,87.93,200,87.96,100,TGT
2025-11-18,9:30:37.437148430,T,87.93,200,88.3,300,TGT
2025-11-18,9:30:37.437158417,T,87.93,100,88.3,300,TGT
2025-11-18,9:30:37.437379040,T,87.94,100,88.3,300,TGT
2025-11-18,9:30:37.437915636,T,87.94,100,88.3,200,TGT
2025-11-18,9:30:37.438105732,T,87.96,100,88.3,200,TGT
2025-11-18,9:30:37.438667213,T,87.9,200,88.3,200,TGT
2025-11-18,9:30:37.438772304,T,87.92,100,88.3,200,TGT
2025-11-18,9:30:37.438817336,T,87.92,100,87.98,100,TGT
2025-11-18,9:30:37.438837424,T,87.92,100,88.07,100,TGT
2025-11-18,9:30:37.438932731,T,87.92,100,88.3,200,TGT
2025-11-18,9:30:37.439564188,T,87.95,100,88.3,200,TGT
2025-11-18,9:30:37.445057268,T,87.95,100,88.07,100,TGT
2025-11-18,9:30:37.445372990,T,87.92,100,88.07,100,TGT
2025-11-18,9:30:37.446500765,T,87.9,200,88.07,100,TGT
2025-11-18,9:30:37.536013995,T,87.9,100,88.07,100,TGT
2025-11-18,9:30:38.201138490,T,87.9,100,88.22,100,TGT
2025-11-18,9:30:38.201238754,T,87.9,400,88.22,100,TGT
2025-11-18,9:30:38.391487036,T,87.9,400,88.07,100,TGT
2025-11-18,9:30:39.310977486,T,87.9,400,88.22,100,TGT
2025-11-18,9:30:39.394280940,T,87.9,400,88.07,100,TGT
2025-11-18,9:30:43.409080544,T,87.95,100,88.07,100,TGT
2025-11-18,9:30:43.409381325,T,87.95,200,88.07,100,TGT
2025-11-18,9:30:43.409571789,T,87.95,100,88.07,100,TGT
2025-11-18,9:30:43.409742154,T,87.95,100,88.3,200,TGT
2025-11-18,9:30:43.413010014,T,87.95,100,88.07,100,TGT
2025-11-18,9:30:43.609823809,T,87.96,100,88.07,100,TGT
2025-11-18,9:30:43.711701596,T,87.96,100,88.22,100,TGT
2025-11-18,9:30:45.075721191,T,87.96,100,88.03,400,TGT
2025-11-18,9:30:49.505283841,T,87.86,100,88.03,400,TGT
2025-11-18,9:30:49.505319020,T,87.86,100,88.02,100,TGT
2025-11-18,9:30:49.505339059,T,87.86,100,87.99,100,TGT
2025-11-18,9:30:49.505369087,T,87.69,100,87.99,100,TGT
2025-11-18,9:30:49.505399130,T,87.69,100,87.97,100,TGT
2025-11-18,9:30:49.505629697,T,87.95,100,87.97,100,TGT
2025-11-18,9:30:49.505649705,T,87.69,100,87.97,100,TGT
2025-11-18,9:30:49.505830219,T,87.86,100,87.97,100,TGT
2025-11-18,9:30:49.505960451,T,87.86,100,87.99,100,TGT
2025-11-18,9:30:49.513538490,T,87.69,100,87.99,100,TGT
2025-11-18,9:30:49.513794079,T,87.86,100,87.99,100,TGT
2025-11-18,9:30:49.514941800,T,87.76,100,87.99,100,TGT
2025-11-18,9:30:49.619100012,T,87.76,100,88.02,100,TGT
2025-11-18,9:30:49.659877158,T,87.76,100,88.02,200,TGT
2025-11-18,9:30:49.735321918,T,87.76,100,88.02,100,TGT
2025-11-18,9:30:49.747510934,T,87.76,100,88.02,200,TGT
2025-11-18,9:30:49.790773978,T,87.76,100,88.02,100,TGT
2025-11-18,9:30:50.397709878,T,87.76,100,88.01,100,TGT
2025-11-18,9:30:50.397815214,T,87.76,100,87.97,100,TGT
2025-11-18,9:30:50.398311294,T,87.76,100,88.01,100,TGT
2025-11-18,9:30:50.400331136,T,87.76,100,87.97,100,TGT
2025-11-18,9:30:50.593917309,T,87.71,100,87.97,100,TGT
2025-11-18,9:30:50.673421660,T,87.71,100,87.97,200,TGT
2025-11-18,9:30:51.225486978,T,87.71,100,87.97,100,TGT
2025-11-18,9:30:51.828503539,T,87.76,100,87.97,100,TGT
2025-11-18,9:30:51.828804334,T,87.76,200,87.97,100,TGT
2025-11-18,9:30:52.492555624,T,87.76,300,87.97,100,TGT
2025-11-18,9:30:52.983495020,T,87.76,200,87.97,100,TGT
2025-11-18,9:30:52.983525178,T,87.76,100,87.97,100,TGT
2025-11-18,9:30:53.872172135,T,87.76,400,87.97,100,TGT
2025-11-18,9:30:53.872207262,T,87.77,100,87.97,100,TGT
2025-11-18,9:30:53.872508026,T,87.77,200,87.97,100,TGT
2025-11-18,9:30:54.272160094,T,87.77,100,87.97,100,TGT
2025-11-18,9:30:54.292052554,T,87.71,100,87.97,100,TGT
2025-11-18,9:30:54.293059936,T,87.78,100,87.97,100,TGT
2025-11-18,9:30:54.293360603,T,87.78,200,87.97,100,TGT
2025-11-18,9:30:54.937124340,T,87.78,100,87.97,100,TGT
2025-11-18,9:30:54.937901167,T,87.71,100,87.97,100,TGT
2025-11-18,9:30:56.897219009,T,87.71,100,87.96,100,TGT
2025-11-18,9:30:57.052308449,T,87.71,100,87.97,100,TGT
2025-11-18,9:30:57.130695073,T,87.71,100,87.96,100,TGT
2025-11-18,9:30:58.136295720,T,87.71,100,87.97,100,TGT
2025-11-18,9:30:58.140435594,T,87.71,100,87.96,100,TGT
2025-11-18,9:30:58.271798668,T,87.71,100,87.97,100,TGT
2025-11-18,9:30:58.273347357,T,87.71,100,87.95,100,TGT
2025-11-18,9:30:58.895449391,T,87.71,100,87.97,100,TGT
2025-11-18,9:30:58.974227135,T,87.71,100,87.96,100,TGT
2025-11-18,9:31:00.133854608,T,87.71,100,87.97,100,TGT
2025-11-18,9:31:00.218416150,T,87.71,100,88.0,100,TGT
2025-11-18,9:31:05.643109587,T,87.8,100,88.0,100,TGT
2025-11-18,9:31:05.643645845,T,87.8,200,88.0,100,TGT
2025-11-18,9:31:05.865990574,T,87.8,100,88.0,100,TGT
2025-11-18,9:31:06.905933122,T,87.8,200,88.0,100,TGT
2025-11-18,9:31:08.368617603,T,87.81,100,88.0,100,TGT
2025-11-18,9:31:08.368883272,T,87.81,200,88.0,100,TGT
2025-11-18,9:31:08.369093913,T,87.81,300,88.0,100,TGT
2025-11-18,9:31:08.369349394,T,87.81,200,88.0,100,TGT
2025-11-18,9:31:08.369389492,T,87.81,300,88.0,100,TGT
2025-11-18,9:31:08.841534330,T,87.81,300,88.01,100,TGT
2025-11-18,9:31:13.103447576,T,87.81,200,88.01,100,TGT
2025-11-18,9:31:13.103452628,T,87.81,100,88.01,100,TGT
2025-11-18,9:31:13.103768321,T,87.71,100,88.01,100,TGT
2025-11-18,9:31:13.150850618,T,87.71,100,87.88,100,TGT
2025-11-18,9:31:13.151396830,T,87.75,100,87.88,100,TGT
2025-11-18,9:31:13.151707612,T,87.75,200,87.88,100,TGT
2025-11-18,9:31:13.151772786,T,87.75,100,87.88,100,TGT
2025-11-18,9:31:13.152489456,T,87.71,100,87.88,100,TGT
2025-11-18,9:31:13.152529474,T,87.75,100,87.88,100,TGT
2025-11-18,9:31:13.154133332,T,87.75,200,87.88,100,TGT
2025-11-18,9:31:13.165871417,T,87.75,200,88.01,100,TGT
2025-11-18,9:31:13.166683201,T,87.75,200,87.97,100,TGT
2025-11-18,9:31:13.166708637,T,87.75,100,87.97,100,TGT
2025-11-18,9:31:13.166903833,T,87.75,100,87.97,200,TGT
2025-11-18,9:31:13.167004056,T,87.71,100,87.97,200,TGT
2025-11-18,9:31:13.167059159,T,87.75,100,87.97,200,TGT
2025-11-18,9:31:13.167379923,T,87.71,100,87.97,200,TGT
2025-11-18,9:31:13.167440064,T,87.75,100,87.97,200,TGT
2025-11-18,9:31:13.169194224,T,87.71,100,87.97,200,TGT
2025-11-18,9:31:13.171018587,T,87.75,100,87.97,200,TGT
2025-11-18,9:31:13.171314239,T,87.75,200,87.97,200,TGT
2025-11-18,9:31:13.177483972,T,87.75,100,87.97,200,TGT
2025-11-18,9:31:13.177498981,T,87.75,100,87.97,100,TGT
2025-11-18,9:31:13.177789791,T,87.71,100,87.97,100,TGT
2025-11-18,9:31:13.178421202,T,87.75,100,87.97,100,TGT
2025-11-18,9:31:13.178726957,T,87.75,200,87.97,100,TGT
2025-11-18,9:31:13.179468771,T,87.75,100,87.97,100,TGT
2025-11-18,9:31:13.179754368,T,87.71,100,87.97,100,TGT
2025-11-18,9:31:13.202112610,T,87.75,100,87.97,100,TGT
2025-11-18,9:31:13.202408349,T,87.75,200,87.97,100,TGT
2025-11-18,9:31:13.335360084,T,87.75,100,87.97,100,TGT
2025-11-18,9:31:13.335675920,T,87.71,100,87.97,100,TGT
2025-11-18,9:31:14.064477210,T,87.71,100,87.9,100,TGT
2025-11-18,9:31:14.064572383,T,87.71,100,87.97,100,TGT
2025-11-18,9:31:14.064577354,T,87.71,100,87.9,100,TGT
2025-11-18,9:31:14.064632442,T,87.71,100,87.96,100,TGT
2025-11-18,9:31:14.065449507,T,87.71,100,87.97,100,TGT
2025-11-18,9:31:14.085898125,T,87.71,100,87.87,100,TGT
2025-11-18,9:31:14.085958337,T,87.71,100,87.97,100,TGT
2025-11-18,9:31:14.086334170,T,87.71,100,87.9,100,TGT
2025-11-18,9:31:14.095967109,T,87.71,100,87.97,100,TGT
2025-11-18,9:31:14.096814119,T,87.71,100,87.9,100,TGT
2025-11-18,9:31:14.096824217,T,87.71,100,87.85,100,TGT
2025-11-18,9:31:14.097139961,T,87.71,100,87.85,200,TGT
2025-11-18,9:31:14.101435235,T,87.71,100,87.81,100,TGT
2025-11-18,9:31:14.105905831,T,87.71,100,87.8,100,TGT
2025-11-18,9:31:14.105930811,T,87.71,100,87.8,200,TGT
2025-11-18,9:31:14.116826813,T,87.56,200,87.8,200,TGT
2025-11-18,9:31:14.116831924,T,87.56,200,87.78,100,TGT
2025-11-18,9:31:14.116846861,T,87.56,200,87.75,100,TGT
2025-11-18,9:31:14.116901997,T,87.58,100,87.75,100,TGT
2025-11-18,9:31:14.116912112,T,87.61,100,87.75,100,TGT
2025-11-18,9:31:14.116917052,T,87.62,100,87.75,100,TGT
2025-11-18,9:31:14.116992245,T,87.62,100,87.78,100,TGT
2025-11-18,9:31:14.117002189,T,87.63,100,87.78,100,TGT
2025-11-18,9:31:14.117027397,T,87.64,100,87.78,100,TGT
2025-11-18,9:31:14.117047354,T,87.71,100,87.78,100,TGT
2025-11-18,9:31:14.117834242,T,87.71,100,87.8,200,TGT
2025-11-18,9:31:14.118505814,T,87.71,200,87.8,200,TGT
2025-11-18,9:31:14.118766406,T,87.71,200,87.8,100,TGT
2025-11-18,9:31:14.118816534,T,87.71,100,87.8,100,TGT
2025-11-18,9:31:14.118841569,T,87.71,100,87.97,100,TGT
2025-11-18,9:31:14.118881750,T,87.76,100,87.97,100,TGT
2025-11-18,9:31:14.120144743,T,87.76,200,87.97,100,TGT
2025-11-18,9:31:14.494967559,T,87.76,100,87.97,100,TGT
2025-11-18,9:31:14.495288360,T,87.64,100,87.97,100,TGT
2025-11-18,9:31:14.496375903,T,87.73,100,87.97,100,TGT
2025-11-18,9:31:14.741765526,T,87.64,100,87.97,100,TGT
2025-11-18,9:31:18.208800168,T,87.65,100,87.97,100,TGT
2025-11-18,9:31:18.209105952,T,87.65,200,87.97,100,TGT
2025-11-18,9:31:19.835660823,T,87.65,100,87.97,100,TGT
2025-11-18,9:31:19.836016698,T,87.61,100,87.97,100,TGT
2025-11-18,9:31:19.911386176,T,87.61,100,87.97,200,TGT
2025-11-18,9:31:19.911416270,T,87.61,100,87.97,100,TGT
2025-11-18,9:31:19.911416270,T,87.61,100,87.9,100,TGT
2025-11-18,9:31:19.912223220,T,87.61,100,87.97,100,TGT
2025-11-18,9:31:23.145656561,T,87.61,100,87.77,100,TGT
2025-11-18,9:31:23.533816326,T,87.62,100,87.77,100,TGT
2025-11-18,9:31:23.759965005,T,87.66,100,87.77,100,TGT
2025-11-18,9:31:23.760020309,T,87.66,100,87.97,100,TGT
2025-11-18,9:31:23.760020309,T,87.62,200,87.97,100,TGT
2025-11-18,9:31:23.760025295,T,87.66,100,87.97,100,TGT
2025-11-18,9:31:23.760025295,T,87.66,200,87.97,100,TGT
2025-11-18,9:31:23.760040215,T,87.72,100,87.97,100,TGT
2025-11-18,9:31:23.760100428,T,87.72,100,87.97,200,TGT
2025-11-18,9:31:23.760185585,T,87.72,100,87.97,100,TGT
2025-11-18,9:31:23.760295758,T,87.72,200,87.97,100,TGT
2025-11-18,9:31:23.760381063,T,87.72,300,87.97,100,TGT
2025-11-18,9:31:23.860133661,T,87.72,200,87.97,100,TGT
2025-11-18,9:31:23.860349207,T,87.72,100,87.97,100,TGT
2025-11-18,9:31:23.860659989,T,87.67,100,87.97,100,TGT
2025-11-18,9:31:24.069702978,T,87.67,100,87.83,100,TGT
2025-11-18,9:31:24.069978616,T,87.62,100,87.83,100,TGT
2025-11-18,9:31:24.144892035,T,87.62,100,87.83,200,TGT
2025-11-18,9:31:24.295906727,T,87.62,100,87.83,100,TGT
2025-11-18,9:31:24.296202421,T,87.62,200,87.83,100,TGT
2025-11-18,9:31:25.381613205,T,87.62,100,87.83,100,TGT
2025-11-18,9:31:26.137253485,T,87.68,100,87.83,100,TGT
2025-11-18,9:31:26.137574241,T,87.68,200,87.83,100,TGT
2025-11-18,9:31:41.444710735,T,87.68,200,87.83,200,TGT
2025-11-18,9:31:46.605560703,T,87.68,200,87.83,100,TGT
2025-11-18,9:31:48.149744461,T,87.68,200,87.83,200,TGT
2025-11-18,9:31:48.149769576,T,87.68,200,87.82,100,TGT
2025-11-18,9:31:48.149784576,T,87.68,200,87.82,200,TGT
2025-11-18,9:31:49.663836566,T,87.68,200,87.82,100,TGT
2025-11-18,9:31:52.655278012,T,87.68,200,87.82,200,TGT
2025-11-18,9:31:53.509122184,T,87.68,200,87.82,300,TGT
2025-11-18,9:31:53.560068504,T,87.68,200,87.82,400,TGT
2025-11-18,9:31:54.501346249,T,87.68,200,87.82,300,TGT
2025-11-18,9:32:00.233426785,T,87.68,200,87.82,200,TGT
2025-11-18,9:32:00.236023000,T,87.68,200,87.82,300,TGT
2025-11-18,9:32:00.237270937,T,87.68,200,87.77,100,TGT
2025-11-18,9:32:00.237341124,T,87.68,300,87.77,100,TGT
2025-11-18,9:32:00.237341124,T,87.68,200,87.77,100,TGT
2025-11-18,9:32:00.237351351,T,87.68,300,87.77,100,TGT
2025-11-18,9:32:00.237366158,T,87.68,200,87.77,100,TGT
2025-11-18,9:32:00.237386330,T,87.69,100,87.77,100,TGT
2025-11-18,9:32:00.237611845,T,87.69,200,87.77,100,TGT
2025-11-18,9:32:00.237646890,T,87.69,300,87.77,100,TGT
2025-11-18,9:32:00.237666882,T,87.69,200,87.77,100,TGT
2025-11-18,9:32:00.237666882,T,87.69,100,87.77,100,TGT
2025-11-18,9:32:00.237692064,T,87.73,200,87.77,100,TGT
2025-11-18,9:32:00.238143039,T,87.73,200,87.82,300,TGT
2025-11-18,9:32:00.238163099,T,87.73,200,87.82,200,TGT
2025-11-18,9:32:00.238333563,T,87.73,200,87.82,300,TGT
2025-11-18,9:32:00.238373563,T,87.73,300,87.82,300,TGT
2025-11-18,9:32:00.256121265,T,87.73,100,87.82,300,TGT
2025-11-18,9:32:00.256145960,T,87.68,100,87.82,300,TGT
2025-11-18,9:32:00.256170986,T,87.68,100,87.77,100,TGT
2025-11-18,9:32:00.256191044,T,87.68,100,87.82,300,TGT
2025-11-18,9:32:00.256201140,T,87.68,200,87.82,300,TGT
2025-11-18,9:32:00.256206051,T,87.68,300,87.82,300,TGT
2025-11-18,9:32:00.256211123,T,87.7,100,87.82,300,TGT
2025-11-18,9:32:00.256211123,T,87.75,100,87.82,300,TGT
2025-11-18,9:32:00.256236142,T,87.75,100,87.82,200,TGT
2025-11-18,9:32:00.256241289,T,87.75,200,87.82,200,TGT
2025-11-18,9:32:00.256286242,T,87.75,200,87.82,300,TGT
2025-11-18,9:32:00.256357152,T,87.75,100,87.82,300,TGT
2025-11-18,9:32:00.256361439,T,87.7,100,87.82,300,TGT
2025-11-18,9:32:00.256381537,T,87.68,100,87.82,300,TGT
2025-11-18,9:32:00.256396581,T,87.74,100,87.82,300,TGT
2025-11-18,9:32:00.256411598,T,87.75,100,87.82,300,TGT
2025-11-18,9:32:00.256426677,T,87.75,200,87.82,300,TGT
2025-11-18,9:32:00.256441924,T,87.75,300,87.82,300,TGT
2025-11-18,9:32:00.256451701,T,87.75,400,87.82,300,TGT
2025-11-18,9:32:00.256451701,T,87.75,500,87.82,300,TGT
2025-11-18,9:32:00.256456747,T,87.75,600,87.82,300,TGT
2025-11-18,9:32:00.256456747,T,87.75,700,87.82,300,TGT
2025-11-18,9:32:00.256491866,T,87.75,800,87.82,300,TGT
2025-11-18,9:32:00.256506765,T,87.75,900,87.82,300,TGT
2025-11-18,9:32:00.256571945,T,87.75,900,87.82,200,TGT
2025-11-18,9:32:00.256581995,T,87.75,1000,87.82,200,TGT
2025-11-18,9:32:00.256602089,T,87.75,1100,87.82,200,TGT
2025-11-18,9:32:00.256617346,T,87.75,1100,87.82,300,TGT
2025-11-18,9:32:00.256642097,T,87.75,1200,87.82,300,TGT
2025-11-18,9:32:00.256887728,T,87.75,1300,87.82,300,TGT
2025-11-18,9:32:00.257168426,T,87.75,1300,87.82,200,TGT
2025-11-18,9:32:00.257554359,T,87.75,1400,87.82,200,TGT
2025-11-18,9:32:00.272414744,T,87.75,1300,87.82,200,TGT
2025-11-18,9:32:00.760151755,T,87.75,1300,87.82,300,TGT
2025-11-18,9:32:01.138558249,T,87.75,1200,87.82,300,TGT
2025-11-18,9:32:01.138563342,T,87.75,1100,87.82,300,TGT
2025-11-18,9:32:01.138563342,T,87.75,1000,87.82,300,TGT
2025-11-18,9:32:01.138568160,T,87.75,900,87.82,300,TGT
2025-11-18,9:32:01.138573556,T,87.75,800,87.82,300,TGT
2025-11-18,9:32:01.138573556,T,87.75,700,87.82,300,TGT
2025-11-18,9:32:01.138573556,T,87.75,600,87.82,300,TGT
2025-11-18,9:32:01.138578310,T,87.75,500,87.82,300,TGT
2025-11-18,9:32:01.138578310,T,87.75,400,87.82,300,TGT
2025-11-18,9:32:01.138578310,T,87.75,300,87.82,300,TGT
2025-11-18,9:32:01.138578310,T,87.75,200,87.82,300,TGT
2025-11-18,9:32:01.138583298,T,87.75,100,87.82,300,TGT
2025-11-18,9:32:01.138583298,T,87.63,200,87.82,300,TGT
2025-11-18,9:32:01.138603250,T,87.63,200,87.77,100,TGT
2025-11-18,9:32:01.139129630,T,87.63,300,87.77,100,TGT
2025-11-18,9:32:01.139861337,T,87.63,300,87.82,300,TGT
2025-11-18,9:32:03.939345882,T,87.64,100,87.82,300,TGT
2025-11-18,9:32:03.939661632,T,87.64,200,87.82,300,TGT
2025-11-18,9:32:09.487352819,T,87.7,100,87.82,300,TGT
2025-11-18,9:32:10.412085889,T,87.7,200,87.82,300,TGT
2025-11-18,9:32:10.858604557,T,87.7,200,87.82,200,TGT
2025-11-18,9:32:13.436481212,T,87.7,200,87.82,100,TGT
2025-11-18,9:32:13.436481212,T,87.7,200,87.89,200,TGT
2025-11-18,9:32:13.436501227,T,87.77,100,87.89,200,TGT
2025-11-18,9:32:13.436506008,T,87.79,100,87.89,200,TGT
2025-11-18,9:32:13.436856854,T,87.79,200,87.89,200,TGT
2025-11-18,9:32:13.436876918,T,87.79,300,87.89,200,TGT
2025-11-18,9:32:13.437598660,T,87.82,100,87.89,200,TGT
2025-11-18,9:32:13.438736450,T,87.83,100,87.89,200,TGT
2025-11-18,9:32:13.438957157,T,87.83,200,87.89,200,TGT
2025-11-18,9:32:13.439022112,T,87.83,300,87.89,200,TGT
2025-11-18,9:32:13.439167332,T,87.84,100,87.89,200,TGT
2025-11-18,9:32:13.439237826,T,87.85,100,87.89,200,TGT
2025-11-18,9:32:13.440420381,T,87.84,200,87.89,200,TGT
2025-11-18,9:32:13.440615769,T,87.85,100,87.89,200,TGT
2025-11-18,9:32:13.440961599,T,87.85,200,87.89,200,TGT
2025-11-18,9:32:13.441603264,T,87.85,200,87.97,100,TGT
2025-11-18,9:32:13.536890193,T,87.85,100,87.97,100,TGT
2025-11-18,9:32:13.536890193,T,87.84,100,87.97,100,TGT
2025-11-18,9:32:13.536925279,T,87.84,100,87.91,100,TGT
2025-11-18,9:32:13.536955377,T,87.72,100,87.91,100,TGT
2025-11-18,9:32:13.537200951,T,87.85,100,87.91,100,TGT
2025-11-18,9:32:13.537221030,T,87.85,100,87.97,100,TGT
2025-11-18,9:32:13.537311119,T,87.72,100,87.97,100,TGT
2025-11-18,9:32:13.537331674,T,87.72,100,87.97,200,TGT
2025-11-18,9:32:13.537331674,T,87.72,100,87.96,100,TGT
2025-11-18,9:32:13.537331674,T,87.72,100,87.9,100,TGT
2025-11-18,9:32:13.537336254,T,87.72,100,87.88,100,TGT
2025-11-18,9:32:13.537426449,T,87.82,100,87.88,100,TGT
2025-11-18,9:32:13.537887571,T,87.82,100,87.9,100,TGT
2025-11-18,9:32:13.547360171,T,87.82,100,87.96,100,TGT
2025-11-18,9:32:13.547360171,T,87.82,100,87.97,100,TGT
2025-11-18,9:32:13.730010284,T,87.72,200,87.97,100,TGT
2025-11-18,9:32:13.730215806,T,87.72,300,87.97,100,TGT
2025-11-18,9:32:13.730300938,T,87.72,300,87.97,300,TGT
2025-11-18,9:32:14.646232964,T,87.72,300,87.9,200,TGT
2025-11-18,9:32:19.617952374,T,87.72,200,87.9,200,TGT
2025-11-18,9:32:20.475179641,T,87.72,200,87.9,300,TGT
2025-11-18,9:32:20.534455801,T,87.72,200,87.9,200,TGT
2025-11-18,9:32:21.548261066,T,87.72,200,87.87,100,TGT
2025-11-18,9:32:21.548296220,T,87.72,200,87.87,200,TGT
2025-11-18,9:32:22.322906497,T,87.72,200,87.87,100,TGT
2025-11-18,9:32:22.322956647,T,87.72,200,87.85,100,TGT
2025-11-18,9:32:22.322991763,T,87.72,200,87.85,200,TGT
2025-11-18,9:32:22.323542974,T,87.72,200,87.85,100,TGT
2025-11-18,9:32:22.345535433,T,87.72,200,87.84,400,TGT
2025-11-18,9:32:22.345560494,T,87.72,200,87.84,500,TGT
2025-11-18,9:32:22.345570464,T,87.72,200,87.84,600,TGT
2025-11-18,9:32:23.211237867,T,87.72,200,87.84,700,TGT
2025-11-18,9:32:23.331083362,T,87.72,100,87.84,700,TGT
2025-11-18,9:32:24.189859205,T,87.72,100,87.84,800,TGT
2025-11-18,9:32:24.190149942,T,87.7,100,87.84,800,TGT
2025-11-18,9:32:28.544092488,T,87.7,100,87.84,700,TGT
2025-11-18,9:32:29.722249197,T,87.7,100,87.84,600,TGT
2025-11-18,9:32:30.233010966,T,87.7,100,87.84,700,TGT
2025-11-18,9:32:30.233246600,T,87.7,200,87.84,700,TGT
2025-11-18,9:32:30.233281653,T,87.7,200,87.84,600,TGT
2025-11-18,9:32:30.242423409,T,87.7,200,87.84,700,TGT
2025-11-18,9:32:33.070846694,T,87.7,200,87.84,600,TGT
2025-11-18,9:32:33.070866834,T,87.7,300,87.84,600,TGT
2025-11-18,9:32:33.070871714,T,87.71,100,87.84,600,TGT
2025-11-18,9:32:33.070881739,T,87.72,100,87.84,600,TGT
2025-11-18,9:32:33.071212511,T,87.72,200,87.84,600,TGT
2025-11-18,9:32:33.071383337,T,87.75,100,87.84,600,TGT
2025-11-18,9:32:33.071413055,T,87.75,100,87.84,700,TGT
2025-11-18,9:32:33.073397809,T,87.72,300,87.84,700,TGT
2025-11-18,9:32:33.081878123,T,87.72,200,87.84,700,TGT
2025-11-18,9:32:34.092249987,T,87.72,100,87.84,700,TGT
2025-11-18,9:32:34.092290064,T,87.72,100,87.81,100,TGT
2025-11-18,9:32:34.092570769,T,87.7,100,87.81,100,TGT
2025-11-18,9:32:34.093923967,T,87.64,200,87.81,100,TGT
2025-11-18,9:32:36.984815993,T,87.64,200,87.81,200,TGT
2025-11-18,9:32:37.685074107,T,87.64,200,87.81,100,TGT
2025-11-18,9:32:39.299860993,T,87.64,200,87.81,200,TGT
2025-11-18,9:32:40.541769679,T,87.64,200,87.81,100,TGT
2025-11-18,9:32:44.612813305,T,87.64,200,87.81,200,TGT
2025-11-18,9:32:44.615855502,T,87.64,200,87.78,100,TGT
2025-11-18,9:32:44.621544004,T,87.64,200,87.78,200,TGT
2025-11-18,9:32:46.633051109,T,87.64,200,87.78,100,TGT
2025-11-18,9:32:46.633051109,T,87.64,200,87.84,600,TGT
2025-11-18,9:32:46.633071210,T,87.64,200,87.84,500,TGT
2025-11-18,9:32:46.633086238,T,87.64,300,87.84,500,TGT
2025-11-18,9:32:46.633091504,T,87.65,100,87.84,500,TGT
2025-11-18,9:32:46.633096246,T,87.72,100,87.84,500,TGT
2025-11-18,9:32:46.633101364,T,87.72,100,87.84,600,TGT
2025-11-18,9:32:46.633416951,T,87.72,100,87.84,500,TGT
2025-11-18,9:32:46.634078851,T,87.72,200,87.84,500,TGT
2025-11-18,9:32:46.634123721,T,87.72,100,87.84,500,TGT
2025-11-18,9:32:46.634173780,T,87.72,200,87.84,500,TGT
2025-11-18,9:32:46.634384252,T,87.72,300,87.84,500,TGT
2025-11-18,9:32:46.635637255,T,87.75,100,87.84,500,TGT
2025-11-18,9:32:46.640438689,T,87.75,200,87.84,500,TGT
2025-11-18,9:32:46.653374561,T,87.75,200,87.84,100,TGT
2025-11-18,9:32:46.653374561,T,87.75,200,87.92,200,TGT
2025-11-18,9:32:46.653374561,T,87.75,300,87.92,200,TGT
2025-11-18,9:32:46.653379608,T,87.75,300,87.84,100,TGT
2025-11-18,9:32:46.653394962,T,87.75,300,87.86,100,TGT
2025-11-18,9:32:46.653399887,T,87.8,100,87.86,100,TGT
2025-11-18,9:32:46.653399887,T,87.82,100,87.86,100,TGT
2025-11-18,9:32:46.653404632,T,87.82,100,87.92,200,TGT
2025-11-18,9:32:46.653404632,T,87.82,100,87.86,100,TGT
2025-11-18,9:32:46.653409641,T,87.82,100,87.92,200,TGT
2025-11-18,9:32:46.653424821,T,87.82,100,87.84,100,TGT
2025-11-18,9:32:46.653434761,T,87.82,100,87.92,200,TGT
2025-11-18,9:32:46.653455074,T,87.83,100,87.92,200,TGT
2025-11-18,9:32:46.653680320,T,87.83,200,87.92,200,TGT
2025-11-18,9:32:46.653991030,T,87.84,100,87.92,200,TGT
2025-11-18,9:32:46.654602483,T,87.84,200,87.92,200,TGT
2025-11-18,9:32:46.655138740,T,87.84,100,87.92,200,TGT
2025-11-18,9:32:46.657955407,T,87.84,100,87.97,100,TGT
2025-11-18,9:32:46.677973142,T,87.83,100,87.97,100,TGT
2025-11-18,9:32:46.678048376,T,87.83,100,87.87,100,TGT
2025-11-18,9:32:46.678093428,T,87.83,100,87.86,100,TGT
2025-11-18,9:32:46.678303951,T,87.83,200,87.86,100,TGT
2025-11-18,9:32:46.678404237,T,87.83,100,87.86,100,TGT
2025-11-18,9:32:46.678434277,T,87.8,200,87.86,100,TGT
2025-11-18,9:32:46.678805155,T,87.8,200,87.87,100,TGT
2025-11-18,9:32:46.678840225,T,87.8,200,87.97,100,TGT
2025-11-18,9:32:46.678860294,T,87.8,200,87.85,100,TGT
2025-11-18,9:32:46.678990561,T,87.8,200,87.97,100,TGT
2025-11-18,9:32:46.679010575,T,87.82,100,87.97,100,TGT
2025-11-18,9:32:46.679566965,T,87.81,100,87.97,100,TGT
2025-11-18,9:32:46.679581925,T,87.82,100,87.97,100,TGT
2025-11-18,9:32:46.878651183,T,87.82,100,87.93,100,TGT
2025-11-18,9:32:48.493302904,T,87.82,200,87.93,100,TGT
2025-11-18,9:32:48.506258714,T,87.82,100,87.93,100,TGT
2025-11-18,9:32:48.517640805,T,87.82,200,87.93,100,TGT
2025-11-18,9:32:49.871862270,T,87.83,100,87.93,100,TGT
2025-11-18,9:32:49.871867138,T,87.84,100,87.93,100,TGT
2025-11-18,9:32:49.871902233,T,87.83,300,87.93,100,TGT
2025-11-18,9:32:49.872257977,T,87.83,400,87.93,100,TGT
2025-11-18,9:32:49.872448416,T,87.87,100,87.93,100,TGT
2025-11-18,9:32:50.512147461,T,87.87,100,88.01,100,TGT
2025-11-18,9:32:50.512212568,T,87.87,100,88.01,200,TGT
2025-11-18,9:32:50.512252740,T,87.87,100,88.01,100,TGT
2025-11-18,9:32:50.512478262,T,87.9,100,88.01,100,TGT
2025-11-18,9:32:50.513896584,T,87.84,100,88.01,100,TGT
2025-11-18,9:32:50.711101460,T,87.84,100,88.03,400,TGT
2025-11-18,9:32:58.565397911,T,87.84,100,87.97,100,TGT
2025-11-18,9:32:58.565458068,T,87.84,100,88.03,400,TGT
2025-11-18,9:32:58.565493157,T,87.84,100,87.94,100,TGT
2025-11-18,9:32:58.565528326,T,87.84,200,87.94,100,TGT
2025-11-18,9:32:58.565648930,T,87.84,200,88.03,500,TGT
2025-11-18,9:32:58.565658540,T,87.84,200,88.03,400,TGT
2025-11-18,9:32:58.565688739,T,87.84,300,88.03,400,TGT
2025-11-18,9:32:58.565693593,T,87.84,200,88.03,400,TGT
2025-11-18,9:32:58.565713633,T,87.86,100,88.03,400,TGT
2025-11-18,9:32:58.565718727,T,87.86,200,88.03,400,TGT
2025-11-18,9:32:58.565718727,T,87.89,100,88.03,400,TGT
2025-11-18,9:32:58.565979276,T,87.89,200,88.03,400,TGT
2025-11-18,9:32:58.565999357,T,87.89,200,87.97,100,TGT
2025-11-18,9:32:58.566019433,T,87.89,200,88.03,400,TGT
2025-11-18,9:32:58.566791281,T,87.89,200,87.97,100,TGT
2025-11-18,9:32:58.566846473,T,87.89,200,87.96,100,TGT
2025-11-18,9:32:58.566911520,T,87.89,200,87.97,100,TGT
2025-11-18,9:32:58.566981766,T,87.89,200,88.03,500,TGT
2025-11-18,9:32:58.567783609,T,87.89,200,88.03,400,TGT
2025-11-18,9:32:58.567808698,T,87.89,100,88.03,400,TGT
2025-11-18,9:32:58.567808698,T,87.9,100,88.03,400,TGT
2025-11-18,9:32:58.567813665,T,87.9,100,88.03,500,TGT
2025-11-18,9:32:58.567818753,T,87.9,200,88.03,500,TGT
2025-11-18,9:32:58.567878892,T,87.9,200,87.97,100,TGT
2025-11-18,9:32:58.568089317,T,87.9,200,88.03,400,TGT
2025-11-18,9:32:58.568089317,T,87.9,200,87.97,100,TGT
2025-11-18,9:32:58.568374981,T,87.9,300,87.97,100,TGT
2025-11-18,9:32:58.569723275,T,87.9,200,87.97,100,TGT
2025-11-18,9:32:58.569723275,T,87.9,100,87.97,100,TGT
2025-11-18,9:32:58.569743581,T,87.86,100,87.97,100,TGT
2025-11-18,9:32:58.569743581,T,87.83,200,87.97,100,TGT
2025-11-18,9:32:58.569778326,T,87.83,200,88.03,500,TGT
2025-11-18,9:32:58.569793448,T,87.83,200,87.97,100,TGT
2025-11-18,9:32:58.569798462,T,87.83,200,88.03,400,TGT
2025-11-18,9:32:58.569803848,T,87.83,200,87.97,100,TGT
2025-11-18,9:32:58.569808412,T,87.83,200,88.03,500,TGT
2025-11-18,9:32:58.569953803,T,87.86,100,88.03,500,TGT
2025-11-18,9:32:58.570034103,T,87.9,100,88.03,500,TGT
2025-11-18,9:32:58.570144240,T,87.9,100,88.03,700,TGT
2025-11-18,9:32:58.570289606,T,87.9,100,88.03,600,TGT
2025-11-18,9:32:58.570555548,T,87.9,100,88.03,700,TGT
2025-11-18,9:32:58.570585330,T,87.86,300,88.03,700,TGT
2025-11-18,9:32:58.570610314,T,87.86,200,88.03,700,TGT
2025-11-18,9:32:58.570630450,T,87.86,200,87.97,100,TGT
2025-11-18,9:32:58.570645495,T,87.86,200,88.03,700,TGT
2025-11-18,9:32:58.570710629,T,87.86,200,88.03,600,TGT
2025-11-18,9:32:58.570730810,T,87.86,300,88.03,600,TGT
2025-11-18,9:32:58.570735654,T,87.87,100,88.03,600,TGT
2025-11-18,9:32:58.570765697,T,87.87,100,88.03,700,TGT
2025-11-18,9:32:58.570765697,T,87.86,300,88.03,700,TGT
2025-11-18,9:32:58.570845928,T,87.87,100,88.03,700,TGT
2025-11-18,9:32:58.571211800,T,87.87,100,87.97,100,TGT
2025-11-18,9:32:58.571286943,T,87.87,100,88.03,700,TGT
2025-11-18,9:32:58.571407221,T,87.87,200,88.03,700,TGT
2025-11-18,9:33:01.018101058,T,87.87,200,88.03,500,TGT
2025-11-18,9:33:01.018888030,T,87.87,200,88.03,400,TGT
2025-11-18,9:33:01.026641465,T,87.87,200,88.03,500,TGT
2025-11-18,9:33:01.574015514,T,87.87,200,87.97,100,TGT
2025-11-18,9:33:01.574261096,T,87.87,200,88.03,500,TGT
2025-11-18,9:33:01.578415896,T,87.87,200,88.03,400,TGT
2025-11-18,9:33:01.578446009,T,87.87,200,88.03,500,TGT
2025-11-18,9:33:01.936849884,T,87.87,200,87.99,100,TGT
2025-11-18,9:33:02.242477978,T,87.87,200,87.97,100,TGT
2025-11-18,9:33:02.242503005,T,87.87,200,87.99,100,TGT
2025-11-18,9:33:02.242538083,T,87.87,200,87.99,200,TGT
2025-11-18,9:33:02.689874057,T,87.87,200,87.99,100,TGT
2025-11-18,9:33:04.233205510,T,87.87,200,87.97,100,TGT
2025-11-18,9:33:04.443772109,T,87.88,100,87.97,100,TGT
2025-11-18,9:33:04.444062830,T,87.88,200,87.97,100,TGT
2025-11-18,9:33:04.445220639,T,87.88,100,87.97,100,TGT
2025-11-18,9:33:04.445235631,T,87.83,100,87.97,100,TGT
2025-11-18,9:33:04.445265977,T,87.83,100,87.94,100,TGT
2025-11-18,9:33:04.445265977,T,87.79,200,87.94,100,TGT
2025-11-18,9:33:04.445290746,T,87.79,200,87.91,100,TGT
2025-11-18,9:33:04.445506307,T,87.79,200,87.94,100,TGT
2025-11-18,9:33:04.445531335,T,87.88,100,87.94,100,TGT
2025-11-18,9:33:04.445596469,T,87.79,200,87.94,100,TGT
2025-11-18,9:33:04.445671737,T,87.79,300,87.94,100,TGT
2025-11-18,9:33:04.445817096,T,87.79,300,87.93,100,TGT
2025-11-18,9:33:04.465829697,T,87.79,300,87.94,100,TGT
2025-11-18,9:33:04.592050417,T,87.79,100,87.94,100,TGT
2025-11-18,9:33:06.261948717,T,87.79,100,87.93,100,TGT
2025-11-18,9:33:06.261948717,T,87.79,100,87.87,100,TGT
2025-11-18,9:33:06.262018885,T,87.79,100,87.87,200,TGT
2025-11-18,9:33:06.262044081,T,87.79,100,87.86,100,TGT
2025-11-18,9:33:06.262219390,T,87.79,100,87.87,100,TGT
2025-11-18,9:33:06.262504987,T,87.79,100,87.93,100,TGT
2025-11-18,9:33:06.262520050,T,87.79,100,87.87,100,TGT
2025-11-18,9:33:06.262535083,T,87.79,100,87.85,100,TGT
2025-11-18,9:33:06.262765728,T,87.79,100,87.85,200,TGT
2025-11-18,9:33:06.262770674,T,87.79,100,87.85,100,TGT
2025-11-18,9:33:06.262825776,T,87.79,100,87.93,100,TGT
2025-11-18,9:33:06.262861144,T,87.82,100,87.93,100,TGT
2025-11-18,9:33:06.262865842,T,87.82,100,87.94,200,TGT
2025-11-18,9:33:06.262905970,T,87.82,100,87.93,100,TGT
2025-11-18,9:33:06.262920986,T,87.78,400,87.93,100,TGT
2025-11-18,9:33:06.262946062,T,87.78,400,87.87,100,TGT
2025-11-18,9:33:06.262946062,T,87.78,400,87.84,100,TGT
2025-11-18,9:33:06.263026228,T,87.79,100,87.84,100,TGT
2025-11-18,9:33:06.263031308,T,87.79,100,87.87,100,TGT
2025-11-18,9:33:06.263056304,T,87.81,100,87.87,100,TGT
2025-11-18,9:33:06.263382118,T,87.81,200,87.87,100,TGT
2025-11-18,9:33:06.263457370,T,87.81,200,87.87,200,TGT
2025-11-18,9:33:06.263532495,T,87.81,200,87.87,100,TGT
2025-11-18,9:33:06.362939375,T,87.81,200,87.92,200,TGT
2025-11-18,9:33:06.362959330,T,87.81,200,87.92,100,TGT
2025-11-18,9:33:06.463077901,T,87.81,200,87.94,100,TGT
2025-11-18,9:33:06.586867978,T,87.81,200,87.94,200,TGT
2025-11-18,9:33:06.719919950,T,87.81,200,87.94,100,TGT
2025-11-18,9:33:06.782920119,T,87.81,200,87.93,100,TGT
2025-11-18,9:33:06.782925139,T,87.81,200,87.92,100,TGT
2025-11-18,9:33:06.792347514,T,87.81,200,87.93,100,TGT
2025-11-18,9:33:06.793214619,T,87.81,200,87.94,100,TGT
2025-11-18,9:33:06.832458098,T,87.81,200,87.94,200,TGT
2025-11-18,9:33:06.852124878,T,87.81,200,87.94,100,TGT
2025-11-18,9:33:10.444613415,T,87.81,200,87.92,100,TGT
2025-11-18,9:33:10.444613415,T,87.81,200,87.91,100,TGT
2025-11-18,9:33:10.444618327,T,87.81,200,87.9,100,TGT
2025-11-18,9:33:10.453143654,T,87.81,200,87.92,200,TGT
2025-11-18,9:33:10.453143654,T,87.81,200,87.9,100,TGT
2025-11-18,9:33:10.454040702,T,87.81,200,87.91,100,TGT
2025-11-18,9:33:10.454617188,T,87.81,200,87.92,200,TGT
2025-11-18,9:33:10.454617188,T,87.81,200,87.92,100,TGT
2025-11-18,9:33:10.454647216,T,87.81,200,87.94,100,TGT
2025-11-18,9:33:10.468815944,T,87.81,100,87.94,100,TGT
2025-11-18,9:33:10.468836209,T,87.78,300,87.94,100,TGT
2025-11-18,9:33:10.468860992,T,87.78,300,87.84,100,TGT
2025-11-18,9:33:10.468860992,T,87.78,300,87.83,100,TGT
2025-11-18,9:33:10.468886074,T,87.78,300,87.83,200,TGT
2025-11-18,9:33:10.468886074,T,87.78,300,87.83,100,TGT
2025-11-18,9:33:10.468911211,T,87.78,300,87.83,200,TGT
2025-11-18,9:33:10.469091612,T,87.78,300,87.83,100,TGT
2025-11-18,9:33:10.469131637,T,87.81,100,87.83,100,TGT
2025-11-18,9:33:10.469202190,T,87.81,100,87.84,200,TGT
2025-11-18,9:33:10.469231877,T,87.78,300,87.84,200,TGT
2025-11-18,9:33:10.469231877,T,87.81,100,87.84,200,TGT
2025-11-18,9:33:10.469241963,T,87.81,100,87.84,100,TGT
2025-11-18,9:33:10.469241963,T,87.81,100,87.97,100,TGT
2025-11-18,9:33:10.469261950,T,87.82,100,87.97,100,TGT
2025-11-18,9:33:10.469362186,T,87.82,100,87.84,100,TGT
2025-11-18,9:33:10.469392314,T,87.82,200,87.84,100,TGT
2025-11-18,9:33:10.469397598,T,87.82,200,87.97,100,TGT
2025-11-18,9:33:10.469552660,T,87.82,200,87.94,100,TGT
2025-11-18,9:33:10.469587762,T,87.82,100,87.94,100,TGT
2025-11-18,9:33:10.469587762,T,87.78,400,87.94,100,TGT
2025-11-18,9:33:10.469587762,T,87.78,400,87.84,100,TGT
2025-11-18,9:33:10.469618255,T,87.78,400,87.84,200,TGT
2025-11-18,9:33:10.469622822,T,87.78,400,87.84,300,TGT
2025-11-18,9:33:10.470535015,T,87.81,100,87.84,300,TGT
2025-11-18,9:33:10.488888711,T,87.81,100,87.84,200,TGT
2025-11-18,9:33:10.583930191,T,87.81,100,87.84,100,TGT
2025-11-18,9:33:10.583965230,T,87.81,100,87.94,100,TGT
2025-11-18,9:33:10.583985274,T,87.82,100,87.94,100,TGT
2025-11-18,9:33:10.583985274,T,87.82,100,87.97,100,TGT
2025-11-18,9:33:10.583990279,T,87.82,100,87.94,100,TGT
2025-11-18,9:33:10.584281015,T,87.83,100,87.94,100,TGT
2025-11-18,9:33:10.584381283,T,87.83,100,87.97,100,TGT
2025-11-18,9:33:10.584436365,T,87.83,100,87.94,100,TGT
2025-11-18,9:33:10.584576706,T,87.83,200,87.94,100,TGT
2025-11-18,9:33:10.584661894,T,87.83,200,87.97,100,TGT
2025-11-18,9:33:10.584842376,T,87.83,100,87.97,100,TGT
2025-11-18,9:33:10.584862352,T,87.83,100,87.94,100,TGT
2025-11-18,9:33:10.794361512,T,87.83,100,87.97,100,TGT
2025-11-18,9:33:10.919810480,T,87.83,100,87.94,100,TGT
2025-11-18,9:33:13.748764989,T,87.84,100,87.94,100,TGT
2025-11-18,9:33:13.749075780,T,87.84,200,87.94,100,TGT
2025-11-18,9:33:14.569149566,T,87.84,200,87.98,200,TGT
2025-11-18,9:33:14.569154602,T,87.84,200,87.98,100,TGT
2025-11-18,9:33:14.569174650,T,87.85,100,87.98,100,TGT
2025-11-18,9:33:14.569470333,T,87.87,100,87.98,100,TGT
2025-11-18,9:33:16.609329956,T,87.88,100,87.98,100,TGT
2025-11-18,9:33:16.609329956,T,87.88,200,87.98,100,TGT
2025-11-18,9:33:16.609355089,T,87.88,100,87.98,100,TGT
2025-11-18,9:33:16.609370015,T,87.9,100,87.98,100,TGT
2025-11-18,9:33:16.609796082,T,87.88,200,87.98,100,TGT
2025-11-18,9:33:16.610131949,T,87.88,300,87.98,100,TGT
2025-11-18,9:33:16.709443509,T,87.88,200,87.98,100,TGT
2025-11-18,9:33:18.504910918,T,87.88,300,87.98,100,TGT
2025-11-18,9:33:18.549592403,T,87.88,400,87.98,100,TGT
2025-11-18,9:33:18.549592403,T,87.89,100,87.98,100,TGT
2025-11-18,9:33:18.549603160,T,87.89,200,87.98,100,TGT
2025-11-18,9:33:18.549622460,T,87.89,100,87.98,100,TGT
2025-11-18,9:33:18.549632549,T,87.93,100,87.98,100,TGT
2025-11-18,9:33:18.549737714,T,87.93,100,88.08,200,TGT
2025-11-18,9:33:18.549757833,T,87.95,100,88.08,200,TGT
2025-11-18,9:33:18.550088824,T,87.95,200,88.08,200,TGT
2025-11-18,9:33:18.550314153,T,87.95,100,88.08,200,TGT
2025-11-18,9:33:18.550384225,T,87.95,200,88.08,200,TGT
2025-11-18,9:33:18.552128370,T,87.96,100,88.08,200,TGT
2025-11-18,9:33:18.560784081,T,87.98,100,88.08,200,TGT
2025-11-18,9:33:18.561079706,T,87.98,200,88.08,200,TGT
2025-11-18,9:33:18.561340390,T,87.98,100,88.08,200,TGT
2025-11-18,9:33:18.561636440,T,87.96,200,88.08,200,TGT
2025-11-18,9:33:18.563811220,T,87.96,200,88.25,100,TGT
2025-11-18,9:33:18.563841309,T,87.96,200,88.35,100,TGT
2025-11-18,9:33:18.571248936,T,87.96,100,88.35,100,TGT
2025-11-18,9:33:18.571539637,T,87.94,200,88.35,100,TGT
2025-11-18,9:33:18.576656951,T,87.94,100,88.35,100,TGT
2025-11-18,9:33:18.644032322,T,87.94,100,88.12,200,TGT
2025-11-18,9:33:18.916937446,T,87.94,100,88.07,100,TGT
2025-11-18,9:33:20.241432698,T,87.96,100,88.07,100,TGT
2025-11-18,9:33:20.241758442,T,87.96,200,88.07,100,TGT
2025-11-18,9:33:21.625600402,T,87.96,200,88.0,100,TGT
2025-11-18,9:33:21.632421652,T,87.96,100,88.0,100,TGT
2025-11-18,9:33:21.632421652,T,87.93,100,88.0,100,TGT
2025-11-18,9:33:21.632441656,T,87.93,100,87.97,100,TGT
2025-11-18,9:33:21.632491795,T,87.93,100,87.97,200,TGT
2025-11-18,9:33:21.632612174,T,87.82,100,87.97,200,TGT
2025-11-18,9:33:21.632632088,T,87.8,200,87.97,200,TGT
2025-11-18,9:33:21.632937879,T,87.93,100,87.97,200,TGT
2025-11-18,9:33:21.633393906,T,87.82,100,87.97,200,TGT
2025-11-18,9:33:21.633729721,T,87.82,100,87.97,100,TGT
2025-11-18,9:33:22.285226917,T,87.83,100,87.97,100,TGT
2025-11-18,9:33:22.285226917,T,87.84,100,87.97,100,TGT
2025-11-18,9:33:22.285231831,T,87.9,100,87.97,100,TGT
2025-11-18,9:33:22.285241914,T,87.9,100,88.07,100,TGT
2025-11-18,9:33:22.285542591,T,87.9,200,88.07,100,TGT
2025-11-18,9:33:22.305961229,T,87.93,100,88.07,100,TGT
2025-11-18,9:33:22.309760310,T,87.94,100,88.07,100,TGT
2025-11-18,9:33:22.317037569,T,87.94,100,88.0,100,TGT
2025-11-18,9:33:22.328901122,T,87.94,100,88.07,100,TGT
2025-11-18,9:33:22.328920871,T,87.94,200,88.07,100,TGT
2025-11-18,9:33:22.328920871,T,87.97,100,88.07,100,TGT
2025-11-18,9:33:22.328961063,T,87.98,100,88.07,100,TGT
2025-11-18,9:33:22.329517690,T,87.97,100,88.07,100,TGT
2025-11-18,9:33:22.329813071,T,87.97,200,88.07,100,TGT
2025-11-18,9:33:22.365548194,T,87.98,100,88.07,100,TGT
2025-11-18,9:33:22.365558129,T,87.98,100,88.07,200,TGT
2025-11-18,9:33:22.365843859,T,87.98,200,88.07,200,TGT
2025-11-18,9:33:22.366660857,T,87.98,200,88.07,100,TGT
2025-11-18,9:33:22.366675862,T,87.98,200,88.17,200,TGT
2025-11-18,9:33:22.366700874,T,88.03,100,88.17,200,TGT
2025-11-18,9:33:22.367011655,T,88.03,200,88.17,200,TGT
2025-11-18,9:33:22.370479984,T,88.05,100,88.17,200,TGT
2025-11-18,9:33:22.377351335,T,88.05,100,88.55,100,TGT
2025-11-18,9:33:22.417687352,T,88.03,200,88.55,100,TGT
2025-11-18,9:33:22.419090784,T,88.05,100,88.55,100,TGT
2025-11-18,9:33:22.468658753,T,88.05,100,88.22,200,TGT
2025-11-18,9:33:23.193425462,T,87.98,100,88.22,200,TGT
2025-11-18,9:33:23.193435465,T,87.98,100,88.13,100,TGT
2025-11-18,9:33:23.193450497,T,87.98,100,88.13,200,TGT
2025-11-18,9:33:23.193450497,T,87.98,100,88.12,100,TGT
2025-11-18,9:33:23.193455473,T,87.98,100,88.12,200,TGT
2025-11-18,9:33:23.193460903,T,87.8,200,88.12,200,TGT
2025-11-18,9:33:23.193590814,T,87.8,200,88.1,100,TGT
2025-11-18,9:33:23.193626111,T,87.8,200,88.1,200,TGT
2025-11-18,9:33:23.193630862,T,87.8,200,88.1,300,TGT
2025-11-18,9:33:23.194483007,T,87.98,100,88.1,300,TGT
2025-11-18,9:33:23.194813765,T,87.8,200,88.1,300,TGT
2025-11-18,9:33:23.194848828,T,88.05,100,88.1,300,TGT
2025-11-18,9:33:23.194873955,T,87.8,200,88.1,300,TGT
2025-11-18,9:33:23.194893909,T,87.8,200,88.08,100,TGT
2025-11-18,9:33:23.194929050,T,87.8,200,88.08,200,TGT
2025-11-18,9:33:23.194999200,T,87.98,100,88.08,200,TGT
2025-11-18,9:33:23.195450304,T,87.98,100,88.08,100,TGT
2025-11-18,9:33:23.195480308,T,87.98,100,88.1,300,TGT
2025-11-18,9:33:23.195745973,T,87.82,100,88.1,300,TGT
2025-11-18,9:33:23.196673227,T,87.94,100,88.1,300,TGT
2025-11-18,9:33:23.196868648,T,87.94,100,88.09,100,TGT
2025-11-18,9:33:23.203960526,T,87.94,100,88.09,200,TGT
2025-11-18,9:33:23.323981483,T,87.82,100,88.09,200,TGT
2025-11-18,9:33:23.363565704,T,87.95,100,88.09,200,TGT
2025-11-18,9:33:23.560149105,T,87.82,100,88.09,200,TGT
2025-11-18,9:33:23.560996107,T,87.82,200,88.09,200,TGT
2025-11-18,9:33:24.012957826,T,87.82,200,88.09,100,TGT
2025-11-18,9:33:24.147388051,T,87.82,100,88.09,100,TGT
2025-11-18,9:33:24.197442245,T,87.82,100,88.06,100,TGT
2025-11-18,9:33:24.495407477,T,87.82,100,88.09,100,TGT
2025-11-18,9:33:24.495407477,T,87.82,200,88.09,100,TGT
2025-11-18,9:33:24.495412082,T,87.96,100,88.09,100,TGT
2025-11-18,9:33:24.495427208,T,88.01,100,88.09,100,TGT
2025-11-18,9:33:24.495442146,T,88.01,100,88.09,200,TGT
2025-11-18,9:33:24.496519855,T,88.01,200,88.09,200,TGT
2025-11-18,9:33:24.595460494,T,88.01,100,88.09,200,TGT
2025-11-18,9:33:25.482664116,T,88.01,100,88.09,100,TGT
2025-11-18,9:33:25.482664116,T,88.01,100,88.1,100,TGT
2025-11-18,9:33:25.482679085,T,88.07,100,88.1,100,TGT
2025-11-18,9:33:25.482699194,T,88.07,100,88.16,200,TGT
2025-11-18,9:33:25.482989817,T,88.07,200,88.16,200,TGT
2025-11-18,9:33:25.483947104,T,88.07,100,88.16,200,TGT
2025-11-18,9:33:25.488056936,T,88.07,100,88.46,100,TGT
2025-11-18,9:33:25.488061898,T,88.07,100,88.25,200,TGT
2025-11-18,9:33:28.800107357,T,88.07,200,88.25,200,TGT
2025-11-18,9:33:28.800137407,T,88.08,100,88.25,200,TGT
2025-11-18,9:33:28.800403018,T,88.08,200,88.25,200,TGT
2025-11-18,9:33:28.800498254,T,88.08,100,88.25,200,TGT
2025-11-18,9:33:28.806427462,T,88.09,100,88.25,200,TGT
2025-11-18,9:33:28.806437447,T,88.09,200,88.25,200,TGT
2025-11-18,9:33:28.806452529,T,88.09,100,88.25,200,TGT
2025-11-18,9:33:28.806758303,T,88.09,200,88.25,200,TGT
2025-11-18,9:33:28.806758303,T,88.09,200,88.57,100,TGT
2025-11-18,9:33:28.806768294,T,88.09,200,88.31,200,TGT
2025-11-18,9:33:28.807790689,T,88.09,300,88.31,200,TGT
2025-11-18,9:33:28.807905997,T,88.12,100,88.31,200,TGT
2025-11-18,9:33:32.623385603,T,88.13,100,88.31,200,TGT
2025-11-18,9:33:32.623671277,T,88.13,200,88.31,200,TGT
2025-11-18,9:33:32.623701377,T,88.13,100,88.31,200,TGT
2025-11-18,9:33:32.633585000,T,88.11,100,88.31,200,TGT
2025-11-18,9:33:34.378717478,T,88.11,100,88.19,100,TGT
2025-11-18,9:33:34.378752582,T,88.11,100,88.19,200,TGT
2025-11-18,9:33:34.393733212,T,88.11,100,88.19,100,TGT
2025-11-18,9:33:34.393763324,T,88.11,100,88.31,200,TGT
2025-11-18,9:33:39.062310292,T,88.11,100,88.19,100,TGT
2025-11-18,9:33:41.381630747,T,88.11,100,88.31,200,TGT
2025-11-18,9:33:41.381640708,T,88.11,100,88.19,100,TGT
2025-11-18,9:33:41.381650784,T,88.15,100,88.19,100,TGT
2025-11-18,9:33:41.381650784,T,88.15,100,88.22,100,TGT
2025-11-18,9:33:41.381655676,T,88.15,100,88.19,100,TGT
2025-11-18,9:33:41.381676349,T,88.15,100,88.31,200,TGT
2025-11-18,9:33:41.381735963,T,88.17,100,88.31,200,TGT
2025-11-18,9:33:41.382292339,T,88.15,200,88.31,200,TGT
2025-11-18,9:33:41.382452583,T,88.17,100,88.31,200,TGT
2025-11-18,9:33:41.385544959,T,88.17,100,88.56,100,TGT
2025-11-18,9:33:41.385550106,T,88.17,100,88.36,200,TGT
2025-11-18,9:33:41.402806103,T,88.15,200,88.36,200,TGT
2025-11-18,9:33:41.482004821,T,88.15,100,88.36,200,TGT
2025-11-18,9:33:42.992603610,T,88.15,100,88.25,100,TGT
2025-11-18,9:33:43.512857994,T,88.15,100,88.25,200,TGT
2025-11-18,9:33:44.971603194,T,88.15,200,88.25,200,TGT
2025-11-18,9:33:52.383736514,T,88.15,100,88.25,200,TGT
2025-11-18,9:33:52.383766627,T,88.15,100,88.25,100,TGT
2025-11-18,9:33:52.395043671,T,88.15,100,88.21,100,TGT
2025-11-18,9:33:52.395083771,T,88.02,200,88.21,100,TGT
2025-11-18,9:33:52.395103903,T,88.02,200,88.18,100,TGT
2025-11-18,9:33:52.395133707,T,88.02,200,88.2,200,TGT
2025-11-18,9:33:52.395148701,T,88.02,300,88.2,200,TGT
2025-11-18,9:33:52.395159076,T,88.02,300,88.2,300,TGT
2025-11-18,9:33:52.395183781,T,88.02,300,88.2,200,TGT
2025-11-18,9:33:52.395188782,T,88.06,100,88.2,200,TGT
2025-11-18,9:33:52.395203892,T,88.11,100,88.2,200,TGT
2025-11-18,9:33:52.395219570,T,88.06,100,88.2,200,TGT
2025-11-18,9:33:52.395219570,T,88.13,100,88.2,200,TGT
2025-11-18,9:33:52.395219570,T,88.15,100,88.2,200,TGT
2025-11-18,9:33:52.395224046,T,88.15,100,88.2,300,TGT
2025-11-18,9:33:52.395224046,T,88.15,200,88.2,300,TGT
2025-11-18,9:33:52.395264182,T,88.15,100,88.2,300,TGT
2025-11-18,9:33:52.395268972,T,88.06,100,88.2,300,TGT
2025-11-18,9:33:52.395279419,T,88.02,200,88.2,300,TGT
2025-11-18,9:33:52.395279419,T,88.15,100,88.2,300,TGT
2025-11-18,9:33:52.395289029,T,88.06,100,88.2,300,TGT
2025-11-18,9:33:52.395299138,T,88.06,100,88.19,100,TGT
2025-11-18,9:33:52.395309108,T,88.06,100,88.2,300,TGT
2025-11-18,9:33:52.395329206,T,88.02,200,88.2,300,TGT
2025-11-18,9:33:52.395334194,T,88.16,100,88.2,300,TGT
2025-11-18,9:33:52.395334194,T,88.16,100,88.2,200,TGT
2025-11-18,9:33:52.395339148,T,88.02,200,88.2,200,TGT
2025-11-18,9:33:52.395359211,T,88.15,100,88.2,200,TGT
2025-11-18,9:33:52.395359211,T,88.15,200,88.2,200,TGT
2025-11-18,9:33:52.395359211,T,88.15,200,88.2,300,TGT
2025-11-18,9:33:52.395389284,T,88.15,100,88.2,300,TGT
2025-11-18,9:33:52.395394406,T,88.16,100,88.2,300,TGT
2025-11-18,9:33:52.395710038,T,88.16,200,88.2,300,TGT
2025-11-18,9:33:52.395955697,T,88.16,200,88.2,200,TGT
2025-11-18,9:33:52.395955697,T,88.16,200,88.2,100,TGT
2025-11-18,9:33:52.395960720,T,88.16,200,88.25,100,TGT
2025-11-18,9:33:52.396000759,T,88.16,100,88.25,100,TGT
2025-11-18,9:33:52.396000759,T,88.15,200,88.25,100,TGT
2025-11-18,9:33:52.396000759,T,88.16,100,88.25,100,TGT
2025-11-18,9:33:52.396000759,T,88.18,100,88.25,100,TGT
2025-11-18,9:33:52.396020753,T,88.18,200,88.25,100,TGT
2025-11-18,9:33:52.396216235,T,88.18,300,88.25,100,TGT
2025-11-18,9:33:52.396371931,T,88.18,200,88.25,100,TGT
2025-11-18,9:33:52.396371931,T,88.19,100,88.25,100,TGT
2025-11-18,9:33:52.396371931,T,88.19,200,88.25,100,TGT
2025-11-18,9:33:52.396397333,T,88.19,300,88.25,100,TGT
2025-11-18,9:33:52.397409223,T,88.19,200,88.25,100,TGT
2025-11-18,9:33:52.397479330,T,88.19,100,88.25,100,TGT
2025-11-18,9:33:52.397479330,T,88.18,200,88.25,100,TGT
2025-11-18,9:33:52.397484274,T,88.18,100,88.25,100,TGT
2025-11-18,9:33:52.397499382,T,88.18,100,88.22,100,TGT
2025-11-18,9:33:52.397519740,T,88.15,100,88.22,100,TGT
2025-11-18,9:33:52.397519740,T,88.02,300,88.22,100,TGT
2025-11-18,9:33:52.397524365,T,88.02,200,88.22,100,TGT
2025-11-18,9:33:52.397544840,T,88.02,300,88.22,100,TGT
2025-11-18,9:33:52.397549457,T,88.14,100,88.22,100,TGT
2025-11-18,9:33:52.398807505,T,88.14,100,88.25,100,TGT
2025-11-18,9:33:52.461291249,T,88.14,100,88.23,400,TGT
2025-11-18,9:33:53.410712945,T,88.14,200,88.23,400,TGT
2025-11-18,9:33:54.186861999,T,88.16,100,88.23,400,TGT
2025-11-18,9:33:54.186871987,T,88.16,200,88.23,400,TGT
2025-11-18,9:33:54.186892732,T,88.16,300,88.23,400,TGT
2025-11-18,9:33:54.186897624,T,88.17,100,88.23,400,TGT
2025-11-18,9:33:54.186897624,T,88.16,200,88.23,400,TGT
2025-11-18,9:33:54.186902113,T,88.17,100,88.23,400,TGT
2025-11-18,9:33:54.601194172,T,88.17,100,88.25,100,TGT
2025-11-18,9:33:54.601214269,T,88.2,100,88.25,100,TGT
2025-11-18,9:33:54.601214269,T,88.21,100,88.25,100,TGT
2025-11-18,9:33:54.601820533,T,88.22,100,88.25,100,TGT
2025-11-18,9:33:54.602010993,T,88.22,100,88.31,200,TGT
2025-11-18,9:33:54.602091280,T,88.23,100,88.31,200,TGT
2025-11-18,9:33:54.602091280,T,88.23,200,88.31,200,TGT
2025-11-18,9:33:54.602096247,T,88.23,300,88.31,200,TGT
2025-11-18,9:33:54.603128697,T,88.23,200,88.31,200,TGT
2025-11-18,9:33:54.604005789,T,88.23,200,88.52,100,TGT
2025-11-18,9:33:54.604015815,T,88.23,200,88.4,200,TGT
2025-11-18,9:33:54.607659424,T,88.23,100,88.4,200,TGT
2025-11-18,9:33:54.612796789,T,88.23,200,88.4,200,TGT
2025-11-18,9:33:54.632217982,T,88.23,100,88.4,200,TGT
2025-11-18,9:33:54.632217982,T,88.23,200,88.4,200,TGT
2025-11-18,9:33:54.632228049,T,88.24,100,88.4,200,TGT
2025-11-18,9:33:54.633491073,T,88.24,200,88.4,200,TGT
2025-11-18,9:33:54.633496027,T,88.24,100,88.4,200,TGT
2025-11-18,9:33:54.633496027,T,88.26,100,88.4,200,TGT
2025-11-18,9:33:54.633531073,T,88.23,100,88.4,200,TGT
2025-11-18,9:33:54.633536173,T,88.21,100,88.4,200,TGT
2025-11-18,9:33:54.633556153,T,88.23,100,88.4,200,TGT
2025-11-18,9:33:54.633596290,T,88.21,100,88.4,200,TGT
2025-11-18,9:33:54.633656364,T,88.23,100,88.4,200,TGT
2025-11-18,9:33:54.634312933,T,88.23,100,88.4,300,TGT
2025-11-18,9:33:54.634563624,T,88.21,100,88.4,300,TGT
2025-11-18,9:33:54.635175002,T,88.22,100,88.4,300,TGT
2025-11-18,9:33:54.635190166,T,88.21,100,88.4,300,TGT
2025-11-18,9:33:54.635190166,T,88.24,100,88.4,300,TGT
2025-11-18,9:33:54.635555944,T,88.24,100,88.4,100,TGT
2025-11-18,9:33:54.636207562,T,88.24,100,88.65,100,TGT
2025-11-18,9:33:54.636242577,T,88.21,100,88.65,100,TGT
2025-11-18,9:33:54.644151493,T,88.31,100,88.65,100,TGT
2025-11-18,9:33:54.709988287,T,88.31,200,88.65,100,TGT
2025-11-18,9:33:54.714213328,T,88.31,200,88.48,200,TGT
2025-11-18,9:33:57.678254710,T,88.31,100,88.48,200,TGT
2025-11-18,9:33:57.678254710,T,88.23,100,88.48,200,TGT
2025-11-18,9:33:57.678254710,T,88.14,100,88.48,200,TGT
2025-11-18,9:33:57.678274679,T,88.14,100,88.35,100,TGT
2025-11-18,9:33:57.678274679,T,88.14,100,88.33,100,TGT
2025-11-18,9:33:57.678284739,T,88.09,200,88.33,100,TGT
2025-11-18,9:33:57.678294783,T,88.15,100,88.33,100,TGT
2025-11-18,9:33:57.678314823,T,88.09,200,88.33,100,TGT
2025-11-18,9:33:57.678344955,T,88.1,100,88.33,100,TGT
2025-11-18,9:33:57.678385045,T,88.1,100,88.33,200,TGT
2025-11-18,9:33:57.678670706,T,88.31,100,88.33,200,TGT
2025-11-18,9:33:57.678690743,T,88.1,100,88.33,200,TGT
2025-11-18,9:33:57.678695707,T,88.23,100,88.33,200,TGT
2025-11-18,9:33:57.678720747,T,88.09,200,88.33,200,TGT
2025-11-18,9:33:57.678745793,T,88.23,100,88.33,200,TGT
2025-11-18,9:33:57.679322288,T,88.09,200,88.33,200,TGT
2025-11-18,9:33:57.679347293,T,88.1,100,88.33,200,TGT
2025-11-18,9:33:57.679607933,T,88.1,100,88.33,100,TGT
2025-11-18,9:33:58.463766016,T,88.1,100,88.33,200,TGT
2025-11-18,9:33:58.464558010,T,88.26,300,88.33,200,TGT
2025-11-18,9:33:58.497992606,T,88.26,300,88.33,100,TGT
2025-11-18,9:33:59.942198164,T,88.26,400,88.33,100,TGT
2025-11-18,9:34:00.337464862,T,88.29,100,88.33,100,TGT
2025-11-18,9:34:00.337610185,T,88.29,100,88.35,100,TGT
2025-11-18,9:34:00.337630276,T,88.31,100,88.35,100,TGT
2025-11-18,9:34:00.338191637,T,88.3,100,88.35,100,TGT
2025-11-18,9:34:00.338301942,T,88.3,100,88.48,200,TGT
2025-11-18,9:34:00.338326894,T,88.31,100,88.48,200,TGT
2025-11-18,9:34:00.372107474,T,88.26,100,88.48,200,TGT
2025-11-18,9:34:00.372127497,T,88.14,200,88.48,200,TGT
2025-11-18,9:34:00.372157489,T,88.15,100,88.48,200,TGT
2025-11-18,9:34:00.461740957,T,88.19,200,88.48,200,TGT
2025-11-18,9:34:00.461776052,T,88.2,100,88.48,200,TGT
2025-11-18,9:34:01.080339676,T,88.31,300,88.48,200,TGT
2025-11-18,9:34:01.217421297,T,88.31,300,88.42,100,TGT
2025-11-18,9:34:03.463872939,T,88.31,400,88.42,100,TGT
2025-11-18,9:34:04.461775233,T,88.31,500,88.42,100,TGT
2025-11-18,9:34:04.461775233,T,88.32,100,88.42,100,TGT
2025-11-18,9:34:04.461800617,T,88.31,400,88.42,100,TGT
2025-11-18,9:34:04.461800617,T,88.34,100,88.42,100,TGT
2025-11-18,9:34:04.461805283,T,88.34,200,88.42,100,TGT
2025-11-18,9:34:04.461845327,T,88.35,100,88.42,100,TGT
2025-11-18,9:34:04.461940603,T,88.35,200,88.42,100,TGT
2025-11-18,9:34:04.461950695,T,88.35,100,88.42,100,TGT
2025-11-18,9:34:04.461990770,T,88.35,200,88.42,100,TGT
2025-11-18,9:34:04.462000753,T,88.35,100,88.42,100,TGT
2025-11-18,9:34:04.462401686,T,88.34,100,88.42,100,TGT
2025-11-18,9:34:04.462632175,T,88.35,300,88.42,100,TGT
2025-11-18,9:34:04.473092234,T,88.35,400,88.42,100,TGT
2025-11-18,9:34:05.484266127,T,88.35,100,88.42,100,TGT
2025-11-18,9:34:05.781163529,T,88.23,100,88.42,100,TGT
2025-11-18,9:34:05.781163529,T,88.22,100,88.42,100,TGT
2025-11-18,9:34:05.781173562,T,88.23,100,88.42,100,TGT
2025-11-18,9:34:05.781188566,T,88.27,100,88.42,100,TGT
2025-11-18,9:34:05.781198507,T,88.35,100,88.42,100,TGT
2025-11-18,9:34:06.153500475,T,88.35,100,88.39,100,TGT
2025-11-18,9:34:06.153505845,T,88.23,100,88.39,100,TGT
2025-11-18,9:34:06.153505845,T,88.22,100,88.39,100,TGT
2025-11-18,9:34:06.153530691,T,88.23,100,88.39,100,TGT
2025-11-18,9:34:06.153535705,T,88.24,100,88.39,100,TGT
2025-11-18,9:34:06.153535705,T,88.24,100,88.39,200,TGT
2025-11-18,9:34:06.153590785,T,88.23,100,88.39,200,TGT
2025-11-18,9:34:06.153590785,T,88.25,100,88.39,200,TGT
2025-11-18,9:34:06.153601129,T,88.25,100,88.39,100,TGT
2025-11-18,9:34:06.153605788,T,88.25,100,88.42,100,TGT
2025-11-18,9:34:06.153625883,T,88.26,100,88.42,100,TGT
2025-11-18,9:34:06.153636366,T,88.37,100,88.42,100,TGT
2025-11-18,9:34:06.153736488,T,88.37,500,88.42,100,TGT
2025-11-18,9:34:06.153746150,T,88.37,500,88.39,100,TGT
2025-11-18,9:34:06.153756074,T,88.37,500,88.4,100,TGT
2025-11-18,9:34:06.153771226,T,88.37,400,88.4,100,TGT
2025-11-18,9:34:06.153791198,T,88.37,300,88.4,100,TGT
2025-11-18,9:34:06.153801299,T,88.37,300,88.39,100,TGT
2025-11-18,9:34:06.153811599,T,88.35,100,88.39,100,TGT
2025-11-18,9:34:06.153821485,T,88.37,100,88.39,100,TGT
2025-11-18,9:34:06.153826294,T,88.37,300,88.39,100,TGT
2025-11-18,9:34:06.153831642,T,88.37,300,88.38,100,TGT
2025-11-18,9:34:06.153836327,T,88.37,300,88.38,200,TGT
2025-11-18,9:34:06.153836327,T,88.37,100,88.38,200,TGT
2025-11-18,9:34:06.153861800,T,88.37,300,88.38,200,TGT
2025-11-18,9:34:06.153866580,T,88.37,300,88.38,300,TGT
2025-11-18,9:34:06.153881582,T,88.37,300,88.38,200,TGT
2025-11-18,9:34:06.153881582,T,88.37,300,88.38,100,TGT
2025-11-18,9:34:06.153881582,T,88.37,300,88.38,200,TGT
2025-11-18,9:34:06.153906464,T,88.37,300,88.38,100,TGT
2025-11-18,9:34:06.153911798,T,88.37,300,88.41,100,TGT
2025-11-18,9:34:06.154101981,T,88.37,300,88.42,100,TGT
2025-11-18,9:34:06.154122095,T,88.37,100,88.42,100,TGT
2025-11-18,9:34:06.154147146,T,88.37,300,88.42,100,TGT
2025-11-18,9:34:06.154402755,T,88.37,200,88.42,100,TGT
2025-11-18,9:34:06.154402755,T,88.35,100,88.42,100,TGT
2025-11-18,9:34:06.154422714,T,88.38,200,88.42,100,TGT
2025-11-18,9:34:06.154427779,T,88.38,300,88.42,100,TGT
2025-11-18,9:34:06.154533001,T,88.38,100,88.42,100,TGT
2025-11-18,9:34:06.154557996,T,88.38,300,88.42,100,TGT
2025-11-18,9:34:06.154753520,T,88.38,300,88.42,200,TGT
2025-11-18,9:34:06.155224739,T,88.38,400,88.42,200,TGT
2025-11-18,9:34:06.155274720,T,88.38,500,88.42,200,TGT
2025-11-18,9:34:06.261317376,T,88.38,400,88.42,200,TGT
2025-11-18,9:34:06.261317376,T,88.38,200,88.42,200,TGT
2025-11-18,9:34:06.261322366,T,88.38,100,88.42,200,TGT
2025-11-18,9:34:06.261322366,T,88.35,100,88.42,200,TGT
2025-11-18,9:34:06.261357434,T,88.35,100,88.39,100,TGT
2025-11-18,9:34:06.261357434,T,88.26,100,88.39,100,TGT
2025-11-18,9:34:06.261362504,T,88.23,100,88.39,100,TGT
2025-11-18,9:34:06.261372538,T,88.19,200,88.39,100,TGT
2025-11-18,9:34:06.261387598,T,88.23,100,88.39,100,TGT
2025-11-18,9:34:06.261397543,T,88.24,100,88.39,100,TGT
2025-11-18,9:34:06.261452806,T,88.23,100,88.39,100,TGT
2025-11-18,9:34:06.261452806,T,88.25,100,88.39,100,TGT
2025-11-18,9:34:06.261507882,T,88.23,100,88.39,100,TGT
2025-11-18,9:34:06.261512904,T,88.26,100,88.39,100,TGT
2025-11-18,9:34:06.429753638,T,88.23,100,88.39,100,TGT
2025-11-18,9:34:06.429763744,T,88.23,100,88.42,100,TGT
2025-11-18,9:34:06.429773737,T,88.24,100,88.42,100,TGT
2025-11-18,9:34:06.429833848,T,88.23,100,88.42,100,TGT
2025-11-18,9:34:06.429833848,T,88.25,100,88.42,100,TGT
2025-11-18,9:34:06.429888976,T,88.23,100,88.42,100,TGT
2025-11-18,9:34:06.429888976,T,88.26,100,88.42,100,TGT
2025-11-18,9:34:06.429984236,T,88.26,100,88.42,200,TGT
2025-11-18,9:34:06.433803607,T,88.23,100,88.42,200,TGT
2025-11-18,9:34:06.433828482,T,88.24,100,88.42,200,TGT
2025-11-18,9:34:06.433883525,T,88.23,100,88.42,200,TGT
2025-11-18,9:34:06.433883525,T,88.25,100,88.42,200,TGT
2025-11-18,9:34:06.433938763,T,88.23,100,88.42,200,TGT
2025-11-18,9:34:06.433938763,T,88.26,100,88.42,200,TGT
2025-11-18,9:34:06.456973496,T,88.23,100,88.42,200,TGT
2025-11-18,9:34:06.456993706,T,88.24,100,88.42,200,TGT
2025-11-18,9:34:06.457053712,T,88.23,100,88.42,200,TGT
2025-11-18,9:34:06.457053712,T,88.25,100,88.42,200,TGT
2025-11-18,9:34:06.457108790,T,88.26,100,88.42,200,TGT
2025-11-18,9:34:06.510766720,T,88.23,100,88.42,200,TGT
2025-11-18,9:34:06.510791738,T,88.24,100,88.42,200,TGT
2025-11-18,9:34:06.510846910,T,88.23,100,88.42,200,TGT
2025-11-18,9:34:06.510851906,T,88.25,100,88.42,200,TGT
2025-11-18,9:34:06.510911997,T,88.23,100,88.42,200,TGT
2025-11-18,9:34:06.510917071,T,88.26,100,88.42,200,TGT
2025-11-18,9:34:06.636821957,T,88.23,100,88.42,200,TGT
2025-11-18,9:34:06.636847075,T,88.24,100,88.42,200,TGT
2025-11-18,9:34:06.636902147,T,88.23,100,88.42,200,TGT
2025-11-18,9:34:06.636902147,T,88.25,100,88.42,200,TGT
2025-11-18,9:34:06.636957302,T,88.23,100,88.42,200,TGT
2025-11-18,9:34:06.636957302,T,88.26,100,88.42,200,TGT
2025-11-18,9:34:06.660894325,T,88.23,100,88.42,200,TGT
2025-11-18,9:34:06.660914450,T,88.24,100,88.42,200,TGT
2025-11-18,9:34:06.660974591,T,88.23,100,88.42,200,TGT
2025-11-18,9:34:06.660974591,T,88.25,100,88.42,200,TGT
2025-11-18,9:34:06.661029702,T,88.23,100,88.42,200,TGT
2025-11-18,9:34:06.661029702,T,88.26,100,88.42,200,TGT
2025-11-18,9:34:07.003460463,T,88.23,100,88.42,200,TGT
2025-11-18,9:34:07.003480558,T,88.23,100,88.42,100,TGT
2025-11-18,9:34:07.003485561,T,88.24,100,88.42,100,TGT
2025-11-18,9:34:07.003535660,T,88.23,100,88.42,100,TGT
2025-11-18,9:34:07.003540652,T,88.25,100,88.42,100,TGT
2025-11-18,9:34:07.003595777,T,88.23,100,88.42,100,TGT
2025-11-18,9:34:07.003595777,T,88.26,100,88.42,100,TGT
2025-11-18,9:34:07.575433170,T,88.23,100,88.42,100,TGT
2025-11-18,9:34:07.575458186,T,88.24,100,88.42,100,TGT
2025-11-18,9:34:07.575518337,T,88.23,100,88.42,100,TGT
2025-11-18,9:34:07.575518337,T,88.25,100,88.42,100,TGT
2025-11-18,9:34:07.575573447,T,88.23,100,88.42,100,TGT
2025-11-18,9:34:07.575573447,T,88.26,100,88.42,100,TGT
2025-11-18,9:34:08.000946797,T,88.23,100,88.42,100,TGT
2025-11-18,9:34:08.000971889,T,88.24,100,88.42,100,TGT
2025-11-18,9:34:08.001027171,T,88.23,100,88.42,100,TGT
2025-11-18,9:34:08.001027171,T,88.25,100,88.42,100,TGT
2025-11-18,9:34:08.001082157,T,88.23,100,88.42,100,TGT
2025-11-18,9:34:08.001087245,T,88.26,100,88.42,100,TGT
2025-11-18,9:34:08.257092047,T,88.23,100,88.42,100,TGT
2025-11-18,9:34:08.257117113,T,88.24,100,88.42,100,TGT
2025-11-18,9:34:08.257172519,T,88.23,100,88.42,100,TGT
2025-11-18,9:34:08.257172519,T,88.25,100,88.42,100,TGT
2025-11-18,9:34:08.257227638,T,88.23,100,88.42,100,TGT
2025-11-18,9:34:08.257232450,T,88.26,100,88.42,100,TGT
2025-11-18,9:34:08.337994762,T,88.23,100,88.42,100,TGT
2025-11-18,9:34:08.338029912,T,88.24,100,88.42,100,TGT
2025-11-18,9:34:08.338084983,T,88.25,100,88.42,100,TGT
2025-11-18,9:34:08.338145298,T,88.23,100,88.42,100,TGT
2025-11-18,9:34:08.338145298,T,88.26,100,88.42,100,TGT
2025-11-18,9:34:08.339057348,T,88.23,100,88.42,100,TGT
2025-11-18,9:34:08.339082398,T,88.24,100,88.42,100,TGT
2025-11-18,9:34:08.339137824,T,88.23,100,88.42,100,TGT
2025-11-18,9:34:08.339137824,T,88.25,100,88.42,100,TGT
2025-11-18,9:34:08.339192729,T,88.23,100,88.42,100,TGT
2025-11-18,9:34:08.339192729,T,88.26,100,88.42,100,TGT
2025-11-18,9:34:08.342545654,T,88.23,100,88.42,100,TGT
2025-11-18,9:34:08.342570798,T,88.24,100,88.42,100,TGT
2025-11-18,9:34:08.342625825,T,88.23,100,88.42,100,TGT
2025-11-18,9:34:08.342625825,T,88.25,100,88.42,100,TGT
2025-11-18,9:34:08.342681003,T,88.26,100,88.42,100,TGT
2025-11-18,9:34:08.344059215,T,88.32,100,88.42,100,TGT
2025-11-18,9:34:10.941557679,T,88.32,200,88.42,100,TGT
2025-11-18,9:34:10.941562329,T,88.33,100,88.42,100,TGT
2025-11-18,9:34:10.941577411,T,88.33,200,88.42,100,TGT
2025-11-18,9:34:10.941587392,T,88.36,100,88.42,100,TGT
2025-11-18,9:34:10.941592395,T,88.33,200,88.42,100,TGT
2025-11-18,9:34:10.941602374,T,88.36,100,88.42,100,TGT
2025-11-18,9:34:10.941607387,T,88.36,200,88.42,100,TGT
2025-11-18,9:34:10.941768121,T,88.36,300,88.42,100,TGT
2025-11-18,9:34:10.941768121,T,88.36,200,88.42,100,TGT
2025-11-18,9:34:10.941772786,T,88.36,300,88.42,100,TGT
2025-11-18,9:34:10.941777933,T,88.36,200,88.42,100,TGT
2025-11-18,9:34:10.951215303,T,88.36,100,88.42,100,TGT
2025-11-18,9:34:11.357628540,T,88.36,100,88.54,200,TGT
2025-11-18,9:34:11.357644023,T,88.37,100,88.54,200,TGT
2025-11-18,9:34:11.357648611,T,88.38,100,88.54,200,TGT
2025-11-18,9:34:11.357648611,T,88.39,100,88.54,200,TGT
2025-11-18,9:34:11.357874380,T,88.39,200,88.54,200,TGT
2025-11-18,9:34:11.357879115,T,88.39,100,88.54,200,TGT
2025-11-18,9:34:11.357884167,T,88.39,200,88.54,200,TGT
2025-11-18,9:34:11.357889156,T,88.39,100,88.54,200,TGT
2025-11-18,9:34:11.357889156,T,88.39,200,88.54,200,TGT
2025-11-18,9:34:11.358199804,T,88.39,100,88.54,200,TGT
2025-11-18,9:34:11.358234901,T,88.38,200,88.54,200,TGT
2025-11-18,9:34:11.358791222,T,88.38,100,88.54,200,TGT
2025-11-18,9:34:11.359407736,T,88.39,100,88.54,200,TGT
2025-11-18,9:34:15.390726838,T,88.39,200,88.54,200,TGT
2025-11-18,9:34:16.548064038,T,88.4,100,88.54,200,TGT
2025-11-18,9:34:16.548069020,T,88.39,200,88.54,200,TGT
2025-11-18,9:34:16.548069020,T,88.4,100,88.54,200,TGT
2025-11-18,9:34:16.548073958,T,88.39,200,88.54,200,TGT
2025-11-18,9:34:16.899531256,T,88.41,100,88.54,200,TGT
2025-11-18,9:34:16.899541256,T,88.39,200,88.54,200,TGT
2025-11-18,9:34:16.906898776,T,88.39,200,88.63,100,TGT
2025-11-18,9:34:16.906903844,T,88.39,200,88.6,200,TGT
2025-11-18,9:34:17.107040579,T,88.4,100,88.6,200,TGT
2025-11-18,9:34:17.107100737,T,88.39,200,88.6,200,TGT
2025-11-18,9:34:17.107561798,T,88.39,100,88.6,200,TGT
2025-11-18,9:34:17.305192633,T,88.42,100,88.6,200,TGT
2025-11-18,9:34:17.305197784,T,88.43,100,88.6,200,TGT
2025-11-18,9:34:17.305212674,T,88.43,200,88.6,200,TGT
2025-11-18,9:34:17.305227698,T,88.43,100,88.6,200,TGT
2025-11-18,9:34:17.305232634,T,88.43,200,88.6,200,TGT
2025-11-18,9:34:17.305262748,T,88.46,100,88.6,200,TGT
2025-11-18,9:34:17.305282833,T,88.43,200,88.6,200,TGT
2025-11-18,9:34:17.305974458,T,88.46,100,88.6,200,TGT
2025-11-18,9:34:17.305994452,T,88.47,100,88.6,200,TGT
2025-11-18,9:34:17.306340388,T,88.46,100,88.6,200,TGT
2025-11-18,9:34:17.306986871,T,88.43,200,88.6,200,TGT
2025-11-18,9:34:17.307042015,T,88.46,100,88.6,200,TGT
2025-11-18,9:34:17.307067059,T,88.47,100,88.6,200,TGT
2025-11-18,9:34:17.307432939,T,88.46,100,88.6,200,TGT
2025-11-18,9:34:17.312229315,T,88.43,200,88.6,200,TGT
2025-11-18,9:34:17.312249452,T,88.43,100,88.6,200,TGT
2025-11-18,9:34:17.313181621,T,88.46,100,88.6,200,TGT
2025-11-18,9:34:17.325425821,T,88.46,200,88.6,200,TGT
2025-11-18,9:34:17.582252669,T,88.46,300,88.6,200,TGT
2025-11-18,9:34:17.582292742,T,88.47,100,88.6,200,TGT
2025-11-18,9:34:17.582307768,T,88.48,100,88.6,200,TGT
2025-11-18,9:34:17.582327964,T,88.5,100,88.6,200,TGT
2025-11-18,9:34:17.582418128,T,88.5,100,88.63,100,TGT
2025-11-18,9:34:17.591730261,T,88.48,100,88.63,100,TGT
2025-11-18,9:34:17.915055582,T,88.5,100,88.63,100,TGT
2025-11-18,9:34:22.667216658,T,88.5,200,88.63,100,TGT
2025-11-18,9:34:22.667221673,T,88.51,100,88.63,100,TGT
2025-11-18,9:34:22.667231784,T,88.52,100,88.63,100,TGT
2025-11-18,9:34:22.667241742,T,88.52,200,88.63,100,TGT
2025-11-18,9:34:22.667788126,T,88.52,100,88.63,100,TGT
2025-11-18,9:34:23.674636750,T,88.52,200,88.63,100,TGT
2025-11-18,9:34:24.239246784,T,88.52,300,88.63,100,TGT
2025-11-18,9:34:24.525639080,T,88.52,200,88.63,100,TGT
2025-11-18,9:34:26.408314195,T,88.52,100,88.63,100,TGT
2025-11-18,9:34:26.408314195,T,88.48,100,88.63,100,TGT
2025-11-18,9:34:26.408334572,T,88.48,100,88.63,200,TGT
2025-11-18,9:34:26.408354370,T,88.46,100,88.63,200,TGT
2025-11-18,9:34:26.408354370,T,88.46,100,88.61,100,TGT
2025-11-18,9:34:26.408359468,T,88.46,200,88.61,100,TGT
2025-11-18,9:34:26.408364355,T,88.46,200,88.6,100,TGT
2025-11-18,9:34:26.408364355,T,88.46,200,88.57,100,TGT
2025-11-18,9:34:26.408369493,T,88.46,100,88.57,100,TGT
2025-11-18,9:34:26.408369493,T,88.46,100,88.6,100,TGT
2025-11-18,9:34:26.408369493,T,88.46,100,88.56,100,TGT
2025-11-18,9:34:26.408374322,T,88.43,100,88.56,100,TGT
2025-11-18,9:34:26.408384330,T,88.37,100,88.56,100,TGT
2025-11-18,9:34:26.408384330,T,88.36,100,88.56,100,TGT
2025-11-18,9:34:26.408419445,T,88.4,100,88.56,100,TGT
2025-11-18,9:34:26.408459658,T,88.41,100,88.56,100,TGT
2025-11-18,9:34:26.408479613,T,88.37,100,88.56,100,TGT
2025-11-18,9:34:26.408479613,T,88.41,100,88.56,100,TGT
2025-11-18,9:34:26.408489687,T,88.4,100,88.56,100,TGT
2025-11-18,9:34:26.408489687,T,88.44,100,88.56,100,TGT
2025-11-18,9:34:26.408489687,T,88.4,100,88.56,100,TGT
2025-11-18,9:34:26.408524689,T,88.36,200,88.56,100,TGT
2025-11-18,9:34:26.408544804,T,88.36,200,88.54,100,TGT
2025-11-18,9:34:26.408549775,T,88.36,200,88.54,200,TGT
2025-11-18,9:34:26.408549775,T,88.4,100,88.54,200,TGT
2025-11-18,9:34:26.408870593,T,88.4,100,88.54,300,TGT
2025-11-18,9:34:26.408875913,T,88.4,100,88.54,200,TGT
2025-11-18,9:34:26.409617308,T,88.36,100,88.54,200,TGT
2025-11-18,9:34:26.409642361,T,88.4,100,88.54,200,TGT
2025-11-18,9:34:26.409697539,T,88.36,200,88.54,200,TGT
2025-11-18,9:34:26.409697539,T,88.4,100,88.54,200,TGT
2025-11-18,9:34:26.409752995,T,88.36,200,88.54,200,TGT
2025-11-18,9:34:26.409757640,T,88.4,100,88.54,200,TGT
2025-11-18,9:34:26.410815215,T,88.36,100,88.54,200,TGT
2025-11-18,9:34:26.410840220,T,88.4,100,88.54,200,TGT
2025-11-18,9:34:26.410895329,T,88.44,100,88.54,200,TGT
2025-11-18,9:34:26.410895329,T,88.4,100,88.54,200,TGT
2025-11-18,9:34:26.410950440,T,88.36,200,88.54,200,TGT
2025-11-18,9:34:26.410955552,T,88.4,100,88.54,200,TGT
2025-11-18,9:34:26.415501350,T,88.36,100,88.54,200,TGT
2025-11-18,9:34:26.415526440,T,88.4,100,88.54,200,TGT
2025-11-18,9:34:26.415581499,T,88.44,100,88.54,200,TGT
2025-11-18,9:34:26.415581499,T,88.4,100,88.54,200,TGT
2025-11-18,9:34:26.415641750,T,88.36,200,88.54,200,TGT
2025-11-18,9:34:26.415641750,T,88.4,100,88.54,200,TGT
2025-11-18,9:34:26.416192992,T,88.5,100,88.54,200,TGT
2025-11-18,9:34:26.510668026,T,88.4,100,88.54,200,TGT
2025-11-18,9:34:26.510688162,T,88.4,100,88.52,100,TGT
2025-11-18,9:34:26.510693171,T,88.36,100,88.52,100,TGT
2025-11-18,9:34:26.510728232,T,88.4,100,88.52,100,TGT
2025-11-18,9:34:26.510753215,T,88.4,100,88.52,200,TGT
2025-11-18,9:34:26.510863627,T,88.44,100,88.52,200,TGT
2025-11-18,9:34:26.510868519,T,88.4,100,88.52,200,TGT
2025-11-18,9:34:26.510898621,T,88.37,100,88.52,200,TGT
2025-11-18,9:34:26.510913663,T,88.37,100,88.52,300,TGT
2025-11-18,9:34:26.511244455,T,88.37,100,88.52,200,TGT
2025-11-18,9:34:26.516231266,T,88.37,100,88.5,100,TGT
2025-11-18,9:34:26.516266750,T,88.37,100,88.5,200,TGT
2025-11-18,9:34:26.516552081,T,88.36,100,88.5,200,TGT
2025-11-18,9:34:26.516567121,T,88.36,100,88.49,100,TGT
2025-11-18,9:34:26.516577153,T,88.36,100,88.49,200,TGT
2025-11-18,9:34:26.516607171,T,88.36,100,88.47,100,TGT
2025-11-18,9:34:26.516827747,T,88.36,100,88.47,200,TGT
2025-11-18,9:34:26.516867805,T,88.36,100,88.46,100,TGT
2025-11-18,9:34:26.516903002,T,88.36,100,88.46,200,TGT
2025-11-18,9:34:26.518226022,T,88.36,100,88.46,100,TGT
2025-11-18,9:34:26.518251174,T,88.36,100,88.47,100,TGT
2025-11-18,9:34:26.518276252,T,88.36,100,88.49,100,TGT
2025-11-18,9:34:26.518446576,T,88.36,100,88.46,100,TGT
2025-11-18,9:34:26.518476720,T,88.36,100,88.46,200,TGT
2025-11-18,9:34:26.518962834,T,88.31,200,88.46,200,TGT
2025-11-18,9:34:26.519995329,T,88.33,100,88.46,200,TGT
2025-11-18,9:34:26.743993991,T,88.25,200,88.46,200,TGT
2025-11-18,9:34:26.744214527,T,88.25,200,88.46,100,TGT
2025-11-18,9:34:26.744249577,T,88.25,200,88.49,100,TGT
2025-11-18,9:34:26.744525244,T,88.25,200,88.47,100,TGT
2025-11-18,9:34:26.744605363,T,88.25,200,88.46,100,TGT
2025-11-18,9:34:26.825673577,T,88.25,200,88.46,400,TGT
2025-11-18,9:34:26.851114211,T,88.25,200,88.45,100,TGT
2025-11-18,9:34:26.851154286,T,88.25,200,88.45,200,TGT
2025-11-18,9:34:27.012704112,T,88.25,200,88.45,100,TGT
2025-11-18,9:34:27.012739258,T,88.25,200,88.46,400,TGT
2025-11-18,9:34:27.803548619,T,88.25,200,88.46,300,TGT
2025-11-18,9:34:27.803548619,T,88.25,200,88.47,100,TGT
2025-11-18,9:34:27.803553780,T,88.25,200,88.49,100,TGT
2025-11-18,9:34:27.803558896,T,88.25,200,88.57,100,TGT
2025-11-18,9:34:27.803558896,T,88.25,200,88.61,100,TGT
2025-11-18,9:34:27.803573760,T,88.41,100,88.61,100,TGT
2025-11-18,9:34:27.803618471,T,88.41,100,88.66,300,TGT
2025-11-18,9:34:27.803648962,T,88.42,100,88.66,300,TGT
2025-11-18,9:34:27.803648962,T,88.42,100,88.66,200,TGT
2025-11-18,9:34:27.803718763,T,88.42,100,88.66,300,TGT
2025-11-18,9:34:27.803788840,T,88.42,100,88.66,200,TGT
2025-11-18,9:34:27.804214887,T,88.41,100,88.66,200,TGT
2025-11-18,9:34:27.804866451,T,88.38,200,88.66,200,TGT
2025-11-18,9:34:27.804901432,T,88.38,300,88.66,200,TGT
2025-11-18,9:34:27.804906552,T,88.45,100,88.66,200,TGT
2025-11-18,9:34:27.804911732,T,88.45,200,88.66,200,TGT
2025-11-18,9:34:27.804921527,T,88.45,100,88.66,200,TGT
2025-11-18,9:34:27.804941528,T,88.45,200,88.66,200,TGT
2025-11-18,9:34:27.805207210,T,88.45,200,88.61,100,TGT
2025-11-18,9:34:27.805382663,T,88.45,200,88.61,200,TGT
2025-11-18,9:34:27.811943284,T,88.45,100,88.61,200,TGT
2025-11-18,9:34:27.811968635,T,88.46,100,88.61,200,TGT
2025-11-18,9:34:27.811973342,T,88.47,100,88.61,200,TGT
2025-11-18,9:34:27.812013447,T,88.5,100,88.61,200,TGT
2025-11-18,9:34:27.818293353,T,88.52,100,88.61,200,TGT
2025-11-18,9:34:27.828843482,T,88.52,100,88.61,100,TGT
2025-11-18,9:34:27.828848520,T,88.52,100,88.66,200,TGT
2025-11-18,9:34:27.828863914,T,88.59,100,88.66,200,TGT
2025-11-18,9:34:27.828908684,T,88.57,100,88.66,200,TGT
2025-11-18,9:34:27.828953864,T,88.57,100,88.66,300,TGT
2025-11-18,9:34:27.828953864,T,88.57,100,88.63,100,TGT
2025-11-18,9:34:27.828978845,T,88.57,100,88.65,100,TGT
2025-11-18,9:34:27.828983939,T,88.57,100,88.59,100,TGT
2025-11-18,9:34:27.829184323,T,88.57,100,88.65,100,TGT
2025-11-18,9:34:27.829184323,T,88.57,100,88.66,200,TGT
2025-11-18,9:34:27.829219387,T,88.57,100,88.73,100,TGT
2025-11-18,9:34:27.829229406,T,88.57,100,88.72,200,TGT
2025-11-18,9:34:27.829259531,T,88.57,100,88.72,300,TGT
2025-11-18,9:34:27.830056416,T,88.57,100,88.72,200,TGT
2025-11-18,9:34:27.830126566,T,88.57,200,88.72,200,TGT
2025-11-18,9:34:27.845483140,T,88.57,200,88.65,100,TGT
2025-11-18,9:34:27.845703726,T,88.57,200,88.65,200,TGT
2025-11-18,9:34:27.849201959,T,88.57,200,88.65,100,TGT
2025-11-18,9:34:27.854825449,T,88.57,200,88.72,200,TGT
2025-11-18,9:34:27.854845492,T,88.61,100,88.72,200,TGT
2025-11-18,9:34:27.856193634,T,88.61,100,88.7,100,TGT
2025-11-18,9:34:27.856409143,T,88.61,100,88.7,200,TGT
2025-11-18,9:34:27.856780011,T,88.61,100,88.7,100,TGT
2025-11-18,9:34:27.856985523,T,88.61,100,88.7,200,TGT
2025-11-18,9:34:27.857206041,T,88.61,100,88.69,100,TGT
2025-11-18,9:34:27.857501728,T,88.61,100,88.69,200,TGT
2025-11-18,9:34:27.857762396,T,88.61,100,88.69,100,TGT
2025-11-18,9:34:27.859591757,T,88.61,100,88.68,100,TGT
2025-11-18,9:34:27.859817286,T,88.61,100,88.68,200,TGT
2025-11-18,9:34:27.860153051,T,88.61,100,88.68,100,TGT
2025-11-18,9:34:27.870748357,T,88.61,100,88.68,200,TGT
2025-11-18,9:34:27.894610199,T,88.61,100,88.68,100,TGT
2025-11-18,9:34:27.954873733,T,88.58,100,88.68,100,TGT
2025-11-18,9:34:27.971177571,T,88.58,100,88.8,100,TGT
2025-11-18,9:34:27.971192626,T,88.58,100,88.81,200,TGT
2025-11-18,9:34:27.971703783,T,88.67,100,88.81,200,TGT
2025-11-18,9:34:27.971758981,T,88.67,100,88.8,100,TGT
2025-11-18,9:34:27.973122602,T,88.58,100,88.8,100,TGT
2025-11-18,9:34:27.973142245,T,88.58,100,88.69,100,TGT
2025-11-18,9:34:27.973362780,T,88.58,100,88.69,200,TGT
2025-11-18,9:34:27.973382890,T,88.58,100,88.69,300,TGT
2025-11-18,9:34:27.973698628,T,88.58,100,88.69,200,TGT
2025-11-18,9:34:27.976876250,T,88.53,100,88.69,200,TGT
2025-11-18,9:34:27.977171891,T,88.53,100,88.68,100,TGT
2025-11-18,9:34:27.977176861,T,88.52,200,88.68,100,TGT
2025-11-18,9:34:27.977392397,T,88.52,200,88.68,200,TGT
2025-11-18,9:34:27.977978735,T,88.52,100,88.68,200,TGT
2025-11-18,9:34:27.983617314,T,88.52,100,88.68,300,TGT
2025-11-18,9:34:28.111712338,T,88.5,100,88.68,300,TGT
2025-11-18,9:34:28.111932944,T,88.5,100,88.68,200,TGT
2025-11-18,9:34:28.111957940,T,88.5,100,88.68,100,TGT
2025-11-18,9:34:28.112429041,T,88.5,100,88.67,100,TGT
2025-11-18,9:34:28.112454104,T,88.52,100,88.67,100,TGT
2025-11-18,9:34:28.112534417,T,88.52,100,88.67,200,TGT
2025-11-18,9:34:28.112649636,T,88.52,100,88.67,300,TGT
2025-11-18,9:34:28.266721658,T,88.52,100,88.67,200,TGT
2025-11-18,9:34:28.266746770,T,88.52,100,88.67,100,TGT
2025-11-18,9:34:28.267187771,T,88.52,100,88.66,100,TGT
2025-11-18,9:34:28.267272977,T,88.52,100,88.66,200,TGT
2025-11-18,9:34:28.267408366,T,88.52,100,88.66,300,TGT
2025-11-18,9:34:28.267959657,T,88.52,100,88.66,200,TGT
2025-11-18,9:34:28.270595936,T,88.52,100,88.65,100,TGT
2025-11-18,9:34:28.270816406,T,88.52,100,88.65,200,TGT
2025-11-18,9:34:28.293695984,T,88.52,100,88.65,300,TGT
2025-11-18,9:34:28.579942865,T,88.5,100,88.65,300,TGT
2025-11-18,9:34:28.580158397,T,88.5,100,88.65,200,TGT
2025-11-18,9:34:28.580188449,T,88.5,100,88.65,100,TGT
2025-11-18,9:34:28.580729778,T,88.45,100,88.65,100,TGT
2025-11-18,9:34:28.580729778,T,88.45,100,88.64,100,TGT
2025-11-18,9:34:28.580955265,T,88.45,100,88.64,200,TGT
2025-11-18,9:34:28.580985313,T,88.45,100,88.64,300,TGT
2025-11-18,9:34:28.883957116,T,88.43,100,88.64,300,TGT
2025-11-18,9:34:28.884147503,T,88.43,100,88.64,200,TGT
2025-11-18,9:34:28.884172696,T,88.43,100,88.64,100,TGT
2025-11-18,9:34:29.107339186,T,88.43,100,88.63,100,TGT
2025-11-18,9:34:29.108592183,T,88.43,100,88.63,200,TGT
2025-11-18,9:34:29.323584390,T,88.43,100,88.63,100,TGT
2025-11-18,9:34:29.660983157,T,88.43,400,88.63,100,TGT
2025-11-18,9:34:30.515258354,T,88.43,300,88.63,100,TGT
2025-11-18,9:34:30.516065263,T,88.44,100,88.63,100,TGT
2025-11-18,9:34:30.522801306,T,88.46,100,88.63,100,TGT
2025-11-18,9:34:30.527377247,T,88.46,200,88.63,100,TGT
2025-11-18,9:34:30.538037624,T,88.46,100,88.63,100,TGT
2025-11-18,9:34:30.608901440,T,88.47,100,88.63,100,TGT
2025-11-18,9:34:32.189547512,T,88.47,100,88.68,200,TGT
2025-11-18,9:34:32.189572232,T,88.56,100,88.68,200,TGT
2025-11-18,9:34:32.189602193,T,88.57,100,88.68,200,TGT
2025-11-18,9:34:32.190228645,T,88.57,100,88.83,100,TGT
2025-11-18,9:34:32.190233668,T,88.57,100,88.79,200,TGT
2025-11-18,9:34:32.190238641,T,88.56,100,88.79,200,TGT
2025-11-18,9:34:32.190288814,T,88.56,100,88.7,100,TGT
2025-11-18,9:34:32.190499398,T,88.57,100,88.7,100,TGT
2025-11-18,9:34:32.191261092,T,88.56,100,88.7,100,TGT
2025-11-18,9:34:32.192473957,T,88.56,400,88.7,100,TGT
2025-11-18,9:34:32.192499140,T,88.57,100,88.7,100,TGT
2025-11-18,9:34:32.389673796,T,88.56,300,88.7,100,TGT
2025-11-18,9:34:32.390540892,T,88.56,300,88.79,200,TGT
2025-11-18,9:34:35.898818644,T,88.56,300,88.69,100,TGT
2025-11-18,9:34:36.018142930,T,88.56,300,88.79,200,TGT
2025-11-18,9:34:43.646385976,T,88.56,300,88.64,100,TGT
2025-11-18,9:34:43.646391009,T,88.47,100,88.64,100,TGT
2025-11-18,9:34:43.646406025,T,88.47,100,88.62,100,TGT
2025-11-18,9:34:43.646411147,T,88.47,100,88.6,100,TGT
2025-11-18,9:34:43.646416003,T,88.47,100,88.58,100,TGT
2025-11-18,9:34:43.646796928,T,88.47,100,88.58,200,TGT
2025-11-18,9:34:43.647769274,T,88.47,100,88.58,100,TGT
2025-11-18,9:34:43.656710497,T,88.44,100,88.58,100,TGT
2025-11-18,9:34:43.656725536,T,88.44,100,88.57,100,TGT
2025-11-18,9:34:43.656760659,T,88.44,100,88.57,200,TGT
2025-11-18,9:34:43.656760659,T,88.44,100,88.57,100,TGT
2025-11-18,9:34:43.656850917,T,88.44,100,88.57,200,TGT
2025-11-18,9:34:43.657091490,T,88.39,400,88.57,200,TGT
2025-11-18,9:34:43.657357097,T,88.39,400,88.55,100,TGT
2025-11-18,9:34:43.658920861,T,88.39,200,88.55,100,TGT
2025-11-18,9:34:43.659146278,T,88.39,200,88.55,200,TGT
2025-11-18,9:34:43.672798862,T,88.39,200,88.55,100,TGT
2025-11-18,9:34:43.676828441,T,88.39,200,88.55,200,TGT
2025-11-18,9:34:43.784504933,T,88.39,200,88.55,100,TGT
2025-11-18,9:34:43.990931862,T,88.39,200,88.54,100,TGT
2025-11-18,9:34:43.991217391,T,88.39,200,88.54,200,TGT
2025-11-18,9:34:46.530316651,T,88.39,200,88.54,100,TGT
2025-11-18,9:34:48.413442717,T,88.39,200,88.53,100,TGT
2025-11-18,9:34:48.413933825,T,88.39,200,88.53,200,TGT
2025-11-18,9:34:48.863159254,T,88.39,300,88.53,200,TGT
2025-11-18,9:34:48.863194242,T,88.39,300,88.53,100,TGT
2025-11-18,9:34:49.610905547,T,88.4,100,88.53,100,TGT
2025-11-18,9:34:49.611211254,T,88.4,200,88.53,100,TGT
2025-11-18,9:34:51.345036810,T,88.4,100,88.53,100,TGT
2025-11-18,9:34:54.860917912,T,88.39,300,88.53,100,TGT
2025-11-18,9:34:54.860943098,T,88.39,200,88.53,100,TGT
2025-11-18,9:34:54.860943098,T,88.39,200,88.46,100,TGT
2025-11-18,9:34:54.860963054,T,88.39,200,88.45,100,TGT
2025-11-18,9:34:54.861198716,T,88.39,200,88.45,200,TGT
2025-11-18,9:34:54.861293859,T,88.39,200,88.45,300,TGT
2025-11-18,9:34:54.960981307,T,88.39,200,88.45,200,TGT
2025-11-18,9:34:55.182343748,T,88.39,200,88.45,100,TGT
2025-11-18,9:34:55.182354100,T,88.39,200,88.49,100,TGT
2025-11-18,9:34:55.182373744,T,88.39,200,88.57,100,TGT
2025-11-18,9:34:55.182383814,T,88.39,300,88.57,100,TGT
2025-11-18,9:34:55.182398815,T,88.42,100,88.57,100,TGT
2025-11-18,9:34:55.182754817,T,88.39,300,88.57,100,TGT
2025-11-18,9:34:55.182970148,T,88.39,200,88.57,100,TGT
2025-11-18,9:34:55.183757072,T,88.39,300,88.57,100,TGT
2025-11-18,9:34:55.382390248,T,88.39,200,88.57,100,TGT
2025-11-18,9:34:58.531477455,T,88.4,100,88.57,100,TGT
2025-11-18,9:34:59.437104942,T,88.39,200,88.57,100,TGT
2025-11-18,9:35:07.064756624,T,88.39,200,88.62,100,TGT
2025-11-18,9:35:07.064756624,T,88.39,300,88.62,100,TGT
2025-11-18,9:35:07.064811689,T,88.4,100,88.62,100,TGT
2025-11-18,9:35:07.064952163,T,88.39,300,88.62,100,TGT
2025-11-18,9:35:07.064962074,T,88.4,100,88.62,100,TGT
2025-11-18,9:35:07.065197690,T,88.4,200,88.62,100,TGT
2025-11-18,9:35:07.065222747,T,88.42,100,88.62,100,TGT
2025-11-18,9:35:07.065553523,T,88.46,100,88.62,100,TGT
2025-11-18,9:35:07.065744041,T,88.47,100,88.62,100,TGT
2025-11-18,9:35:07.070750867,T,88.46,100,88.62,100,TGT
2025-11-18,9:35:08.373078438,T,88.46,100,88.72,200,TGT
2025-11-18,9:35:08.373113577,T,88.49,100,88.72,200,TGT
2025-11-18,9:35:09.444315433,T,88.46,100,88.72,200,TGT
2025-11-18,9:35:09.552132281,T,88.47,100,88.72,200,TGT
2025-11-18,9:35:10.101190353,T,88.5,100,88.72,200,TGT
2025-11-18,9:35:10.506541028,T,88.46,100,88.72,200,TGT
2025-11-18,9:35:11.606797188,T,88.48,100,88.72,200,TGT
2025-11-18,9:35:11.905498770,T,88.46,100,88.72,200,TGT
2025-11-18,9:35:18.481409696,T,88.5,100,88.72,200,TGT
2025-11-18,9:35:21.332852890,T,88.5,100,88.6,100,TGT
2025-11-18,9:35:21.638310667,T,88.5,100,88.6,200,TGT
2025-11-18,9:35:22.700516099,T,88.5,100,88.59,100,TGT
2025-11-18,9:35:22.735519554,T,88.46,200,88.59,100,TGT
2025-11-18,9:35:22.736336413,T,88.46,100,88.59,100,TGT
2025-11-18,9:35:22.736637151,T,88.42,100,88.59,100,TGT
2025-11-18,9:35:22.762694472,T,88.42,100,88.5,100,TGT
2025-11-18,9:35:22.762719682,T,88.42,100,88.59,100,TGT
2025-11-18,9:35:22.762739474,T,88.42,200,88.59,100,TGT
2025-11-18,9:35:22.762739474,T,88.46,100,88.59,100,TGT
2025-11-18,9:35:22.762739474,T,88.46,100,88.5,100,TGT
2025-11-18,9:35:22.762744471,T,88.46,100,88.59,100,TGT
2025-11-18,9:35:22.762754388,T,88.46,100,88.5,100,TGT
2025-11-18,9:35:22.762779436,T,88.46,100,88.59,100,TGT
2025-11-18,9:35:22.763025017,T,88.46,200,88.59,100,TGT
2025-11-18,9:35:22.763250601,T,88.46,200,88.58,100,TGT
2025-11-18,9:35:22.763551419,T,88.46,200,88.59,100,TGT
2025-11-18,9:35:22.862782713,T,88.46,100,88.59,100,TGT
2025-11-18,9:35:23.613837025,T,88.46,100,88.57,100,TGT
2025-11-18,9:35:24.219108932,T,88.46,100,88.57,200,TGT
2025-11-18,9:35:25.603015698,T,88.46,100,88.57,300,TGT
2025-11-18,9:35:25.603351533,T,88.47,100,88.57,300,TGT
2025-11-18,9:35:25.604519432,T,88.49,100,88.57,300,TGT
2025-11-18,9:35:25.612598537,T,88.47,100,88.57,300,TGT
2025-11-18,9:35:25.613671074,T,88.42,100,88.57,300,TGT
2025-11-18,9:35:26.509630607,T,88.42,100,88.57,200,TGT
2025-11-18,9:35:26.509635569,T,88.42,100,88.57,100,TGT
2025-11-18,9:35:26.509635569,T,88.42,100,88.72,200,TGT
2025-11-18,9:35:26.509655665,T,88.53,100,88.72,200,TGT
2025-11-18,9:35:26.510076906,T,88.54,100,88.72,200,TGT
2025-11-18,9:35:26.510076906,T,88.53,100,88.72,200,TGT
2025-11-18,9:35:26.510382329,T,88.54,100,88.72,200,TGT
2025-11-18,9:35:26.520827233,T,88.51,300,88.72,200,TGT
2025-11-18,9:35:26.521573958,T,88.54,100,88.72,200,TGT
2025-11-18,9:35:26.521869736,T,88.54,200,88.72,200,TGT
2025-11-18,9:35:26.641890913,T,88.54,100,88.72,200,TGT
2025-11-18,9:35:26.642221455,T,88.51,200,88.72,200,TGT
2025-11-18,9:35:28.423575253,T,88.51,200,88.62,200,TGT
2025-11-18,9:35:28.912685723,T,88.51,100,88.62,200,TGT
2025-11-18,9:35:29.808585071,T,88.51,100,88.6,100,TGT
2025-11-18,9:35:29.808645255,T,88.51,100,88.6,200,TGT
2025-11-18,9:35:29.848510295,T,88.39,300,88.6,200,TGT
2025-11-18,9:35:35.555160270,T,88.39,300,88.6,100,TGT
2025-11-18,9:35:35.555160270,T,88.39,300,88.62,200,TGT
2025-11-18,9:35:35.555180644,T,88.57,100,88.62,200,TGT
2025-11-18,9:35:35.555285481,T,88.56,100,88.62,200,TGT
2025-11-18,9:35:35.555311031,T,88.58,100,88.62,200,TGT
2025-11-18,9:35:35.555335681,T,88.56,200,88.62,200,TGT
2025-11-18,9:35:35.555335681,T,88.56,100,88.62,200,TGT
2025-11-18,9:35:35.555375690,T,88.56,100,88.59,100,TGT
2025-11-18,9:35:35.555406205,T,88.56,100,88.62,200,TGT
2025-11-18,9:35:35.555410850,T,88.56,100,88.58,100,TGT
2025-11-18,9:35:35.555425789,T,88.56,100,88.57,100,TGT
2025-11-18,9:35:35.555435868,T,88.56,100,88.62,200,TGT
2025-11-18,9:35:35.555455946,T,88.57,100,88.62,200,TGT
2025-11-18,9:35:35.555465932,T,88.56,100,88.62,200,TGT
2025-11-18,9:35:35.555485989,T,88.56,100,88.6,100,TGT
2025-11-18,9:35:35.555856872,T,88.56,100,88.62,200,TGT
2025-11-18,9:35:35.555952078,T,88.56,200,88.62,200,TGT
2025-11-18,9:35:35.557230126,T,88.56,100,88.62,200,TGT
2025-11-18,9:35:35.557255154,T,88.5,100,88.62,200,TGT
2025-11-18,9:35:35.557255154,T,88.5,100,88.62,300,TGT
2025-11-18,9:35:35.557265172,T,88.5,100,88.6,100,TGT
2025-11-18,9:35:35.557300329,T,88.5,100,88.58,100,TGT
2025-11-18,9:35:35.557806581,T,88.42,100,88.58,100,TGT
2025-11-18,9:35:35.558663551,T,88.5,100,88.58,100,TGT
2025-11-18,9:35:35.561665703,T,88.42,100,88.58,100,TGT
2025-11-18,9:35:35.561685729,T,88.42,100,88.57,100,TGT
2025-11-18,9:35:35.561710776,T,88.42,100,88.57,200,TGT
2025-11-18,9:35:35.561710776,T,88.39,300,88.57,200,TGT
2025-11-18,9:35:35.561730826,T,88.39,300,88.57,100,TGT
2025-11-18,9:35:35.561730826,T,88.39,300,88.57,200,TGT
2025-11-18,9:35:35.561750962,T,88.39,300,88.55,100,TGT
2025-11-18,9:35:35.562081676,T,88.39,300,88.57,200,TGT
2025-11-18,9:35:35.562081676,T,88.39,300,88.55,100,TGT
2025-11-18,9:35:35.565950932,T,88.39,300,88.54,100,TGT
2025-11-18,9:35:35.565975980,T,88.39,300,88.54,200,TGT
2025-11-18,9:35:35.565981417,T,88.39,300,88.54,100,TGT
2025-11-18,9:35:35.567153819,T,88.39,300,88.56,100,TGT
2025-11-18,9:35:35.583227129,T,88.42,100,88.56,100,TGT
2025-11-18,9:35:36.599187447,T,88.39,300,88.56,100,TGT
2025-11-18,9:35:36.599232512,T,88.39,300,88.54,100,TGT
2025-11-18,9:35:36.599232512,T,88.39,300,88.53,100,TGT
2025-11-18,9:35:36.599262636,T,88.39,300,88.62,200,TGT
2025-11-18,9:35:36.599262636,T,88.39,300,88.52,100,TGT
2025-11-18,9:35:36.633704621,T,88.39,300,88.62,200,TGT
2025-11-18,9:35:36.634561738,T,88.39,300,88.54,100,TGT
2025-11-18,9:35:36.845118347,T,88.39,200,88.54,100,TGT
2025-11-18,9:35:36.845118347,T,88.39,200,88.53,100,TGT
2025-11-18,9:35:36.845138337,T,88.39,200,88.54,100,TGT
2025-11-18,9:35:36.845138337,T,88.39,200,88.53,100,TGT
2025-11-18,9:35:36.845143851,T,88.39,200,88.54,100,TGT
2025-11-18,9:35:36.845143851,T,88.39,200,88.5,100,TGT
2025-11-18,9:35:36.845484329,T,88.39,200,88.54,100,TGT
2025-11-18,9:35:36.845509271,T,88.39,200,88.62,200,TGT
2025-11-18,9:35:36.845534273,T,88.39,200,88.54,100,TGT
2025-11-18,9:35:40.078320854,T,88.39,200,88.53,100,TGT
2025-11-18,9:35:40.078355853,T,88.39,200,88.53,200,TGT
2025-11-18,9:35:40.078355853,T,88.39,200,88.53,100,TGT
2025-11-18,9:35:40.078360865,T,88.39,200,88.53,200,TGT
2025-11-18,9:35:40.078370900,T,88.39,200,88.5,100,TGT
2025-11-18,9:35:41.480401164,T,88.39,200,88.49,100,TGT
2025-11-18,9:35:41.480426175,T,88.39,200,88.47,100,TGT
2025-11-18,9:35:41.480446263,T,88.39,200,88.5,100,TGT
2025-11-18,9:35:41.480446263,T,88.39,200,88.52,100,TGT
2025-11-18,9:35:41.480451345,T,88.39,200,88.5,100,TGT
2025-11-18,9:35:41.480456272,T,88.39,200,88.47,100,TGT
2025-11-18,9:35:41.480536495,T,88.28,200,88.47,100,TGT
2025-11-18,9:35:41.480556529,T,88.28,200,88.41,100,TGT
2025-11-18,9:35:41.481042646,T,88.34,100,88.41,100,TGT
2025-11-18,9:35:41.481348457,T,88.28,200,88.41,100,TGT
2025-11-18,9:35:41.481889772,T,88.28,200,88.42,100,TGT
2025-11-18,9:35:41.487493130,T,88.28,200,88.46,100,TGT
2025-11-18,9:35:41.525187860,T,88.28,200,88.47,100,TGT
2025-11-18,9:35:42.425372302,T,88.28,200,88.46,100,TGT
2025-11-18,9:35:42.425397516,T,88.28,200,88.47,100,TGT
2025-11-18,9:35:42.425402452,T,88.28,200,88.46,100,TGT
2025-11-18,9:35:42.425402452,T,88.28,200,88.44,100,TGT
2025-11-18,9:35:42.425948740,T,88.28,200,88.47,100,TGT
2025-11-18,9:35:42.425968746,T,88.28,200,88.5,100,TGT
2025-11-18,9:35:42.425998914,T,88.28,200,88.47,100,TGT
2025-11-18,9:35:44.369178314,T,88.28,200,88.5,100,TGT
2025-11-18,9:35:44.380129511,T,88.28,200,88.43,100,TGT
2025-11-18,9:35:45.642060580,T,88.28,200,88.43,200,TGT
2025-11-18,9:35:45.642070655,T,88.28,200,88.43,100,TGT
2025-11-18,9:35:45.642075608,T,88.28,200,88.42,100,TGT
2025-11-18,9:35:45.642180891,T,88.28,200,88.43,100,TGT
2025-11-18,9:35:45.646696657,T,88.01,100,88.43,100,TGT
2025-11-18,9:35:45.646706653,T,88.19,200,88.43,100,TGT
2025-11-18,9:35:46.034129601,T,88.19,200,88.39,100,TGT
2025-11-18,9:35:49.758592403,T,88.23,100,88.39,100,TGT
2025-11-18,9:35:49.760913073,T,88.23,100,88.43,100,TGT
2025-11-18,9:35:49.760953019,T,88.25,100,88.43,100,TGT
2025-11-18,9:35:49.761179137,T,88.26,100,88.43,100,TGT
2025-11-18,9:35:49.761183631,T,88.27,100,88.43,100,TGT
2025-11-18,9:35:49.761233739,T,88.26,100,88.43,100,TGT
2025-11-18,9:35:49.761409112,T,88.27,100,88.43,100,TGT
2025-11-18,9:35:49.761714882,T,88.3,100,88.43,100,TGT
2025-11-18,9:35:49.761925309,T,88.32,500,88.43,100,TGT
2025-11-18,9:35:49.762216025,T,88.32,600,88.43,100,TGT
2025-11-18,9:35:49.762241142,T,88.32,500,88.43,100,TGT
2025-11-18,9:35:49.762702171,T,88.34,100,88.43,100,TGT
2025-11-18,9:35:49.961185031,T,88.3,100,88.43,100,TGT
2025-11-18,9:35:50.024155058,T,88.3,200,88.43,100,TGT
2025-11-18,9:35:52.435269372,T,88.3,200,88.44,100,TGT
2025-11-18,9:35:52.435279348,T,88.35,100,88.44,100,TGT
2025-11-18,9:35:52.435279348,T,88.35,100,88.43,100,TGT
2025-11-18,9:35:52.435494918,T,88.35,100,88.44,100,TGT
2025-11-18,9:35:52.435519962,T,88.35,200,88.44,100,TGT
2025-11-18,9:35:52.436001178,T,88.35,200,88.5,100,TGT
2025-11-18,9:35:52.436021169,T,88.42,100,88.5,100,TGT
2025-11-18,9:35:52.436021169,T,88.42,100,88.54,100,TGT
2025-11-18,9:35:52.436051615,T,88.42,100,88.5,100,TGT
2025-11-18,9:35:52.447994734,T,88.35,200,88.5,100,TGT
2025-11-18,9:35:52.447994734,T,88.35,100,88.5,100,TGT
2025-11-18,9:35:52.448014664,T,88.35,100,88.49,100,TGT
2025-11-18,9:35:52.448014664,T,88.35,100,88.46,100,TGT
2025-11-18,9:35:52.448050416,T,88.35,100,88.46,200,TGT
2025-11-18,9:35:52.511455804,T,88.25,300,88.46,200,TGT
2025-11-18,9:35:52.511455804,T,88.3,100,88.46,200,TGT
2025-11-18,9:35:52.511480868,T,88.25,300,88.46,200,TGT
2025-11-18,9:35:52.511480868,T,88.25,200,88.46,200,TGT
2025-11-18,9:35:52.511505937,T,88.25,200,88.46,100,TGT
2025-11-18,9:35:52.513520727,T,88.25,200,88.46,200,TGT
2025-11-18,9:35:52.513806416,T,88.25,200,88.46,100,TGT
2025-11-18,9:35:52.513836511,T,88.29,100,88.46,100,TGT
2025-11-18,9:35:52.514047017,T,88.29,200,88.46,100,TGT
2025-11-18,9:35:52.548875003,T,88.29,200,88.5,100,TGT
2025-11-18,9:35:55.011902720,T,88.29,100,88.5,100,TGT
2025-11-18,9:35:55.014062952,T,88.29,100,88.49,200,TGT
2025-11-18,9:35:55.432820536,T,88.3,100,88.49,200,TGT
2025-11-18,9:35:55.433271796,T,88.3,200,88.49,200,TGT
2025-11-18,9:35:55.615946714,T,88.3,100,88.49,200,TGT
2025-11-18,9:35:55.616016975,T,88.31,100,88.49,200,TGT
2025-11-18,9:35:55.616678561,T,88.31,200,88.49,200,TGT
2025-11-18,9:35:55.847017164,T,88.31,100,88.49,200,TGT
2025-11-18,9:35:56.951272872,T,88.32,100,88.49,200,TGT
2025-11-18,9:35:56.951944587,T,88.32,200,88.49,200,TGT
2025-11-18,9:35:56.952159953,T,88.32,200,88.49,300,TGT
2025-11-18,9:35:56.952165067,T,88.32,200,88.46,100,TGT
2025-11-18,9:35:57.054874734,T,88.32,200,88.49,300,TGT
2025-11-18,9:35:57.054874734,T,88.32,200,88.46,100,TGT
2025-11-18,9:35:57.958732951,T,88.34,100,88.46,100,TGT
2025-11-18,9:35:57.959595058,T,88.34,100,88.46,200,TGT
2025-11-18,9:35:58.001524887,T,88.32,100,88.46,200,TGT
2025-11-18,9:35:58.001555000,T,88.32,100,88.46,100,TGT
2025-11-18,9:35:58.030268334,T,88.32,200,88.46,100,TGT
2025-11-18,9:35:58.266887110,T,88.32,100,88.46,100,TGT
2025-11-18,9:35:58.800042310,T,88.32,200,88.46,100,TGT
2025-11-18,9:35:58.800233025,T,88.32,200,88.41,100,TGT
2025-11-18,9:35:58.800237750,T,88.32,200,88.46,100,TGT
