DATE,TIME_M,EX,BID,BIDSIZ,ASK,ASKSIZ,SYM_ROOT
2025-12-03,9:30:01.146612609,T,90.45,100,90.9,300,TGT
2025-12-03,9:30:01.259225884,T,90.45,100,90.8,100,TGT
2025-12-03,9:30:01.264533594,T,90.0,200,90.8,100,TGT
2025-12-03,9:30:01.270382516,T,90.4,100,90.8,100,TGT
2025-12-03,9:30:01.271640562,T,90.55,100,90.8,100,TGT
2025-12-03,9:30:01.276256553,T,90.55,100,90.75,100,TGT
2025-12-03,9:30:02.520771621,T,90.55,100,90.8,100,TGT
2025-12-03,9:30:02.980892745,T,90.55,100,90.9,300,TGT
2025-12-03,9:30:02.981168428,T,90.7,100,90.9,300,TGT
2025-12-03,9:30:02.981589513,T,90.7,200,90.9,300,TGT
2025-12-03,9:30:02.981604447,T,90.7,300,90.9,300,TGT
2025-12-03,9:30:02.982210926,T,90.78,100,90.9,300,TGT
2025-12-03,9:30:02.982230910,T,90.7,300,90.9,300,TGT
2025-12-03,9:30:02.988094957,T,90.7,200,90.9,300,TGT
2025-12-03,9:30:02.993322382,T,90.7,100,90.9,300,TGT
2025-12-03,9:30:02.993332363,T,90.55,100,90.9,300,TGT
2025-12-03,9:30:05.491488649,T,90.63,100,90.9,300,TGT
2025-12-03,9:30:05.494741410,T,90.55,100,90.9,300,TGT
2025-12-03,9:30:06.432906499,T,90.5,200,90.9,300,TGT
2025-12-03,9:30:06.432946594,T,90.69,100,90.9,300,TGT
2025-12-03,9:30:06.645783689,T,90.69,100,90.87,100,TGT
2025-12-03,9:30:06.647893723,T,90.74,100,90.87,100,TGT
2025-12-03,9:30:06.648314675,T,90.74,200,90.87,100,TGT
2025-12-03,9:30:06.648329772,T,90.74,300,90.87,100,TGT
2025-12-03,9:30:06.672943363,T,90.74,400,90.87,100,TGT
2025-12-03,9:30:06.672968480,T,90.74,300,90.87,100,TGT
2025-12-03,9:30:13.649188084,T,90.74,300,90.9,300,TGT
2025-12-03,9:30:13.649288375,T,90.74,400,90.9,300,TGT
2025-12-03,9:30:13.649609074,T,90.74,300,90.9,300,TGT
2025-12-03,9:30:13.649619087,T,90.74,200,90.9,300,TGT
2025-12-03,9:30:13.649839693,T,90.74,200,91.0,400,TGT
2025-12-03,9:30:13.649859802,T,90.89,100,91.0,400,TGT
2025-12-03,9:30:13.650025154,T,90.89,200,91.0,400,TGT
2025-12-03,9:30:13.650175438,T,90.89,300,91.0,400,TGT
2025-12-03,9:30:13.650285763,T,90.89,400,91.0,400,TGT
2025-12-03,9:30:13.650305708,T,90.89,300,91.0,400,TGT
2025-12-03,9:30:13.650461118,T,90.89,300,91.0,300,TGT
2025-12-03,9:30:13.650867065,T,90.89,200,91.0,300,TGT
2025-12-03,9:30:14.649626595,T,90.89,200,91.0,400,TGT
2025-12-03,9:30:14.931001947,T,90.89,200,91.0,300,TGT
2025-12-03,9:30:14.931037033,T,90.89,200,91.0,400,TGT
2025-12-03,9:30:16.057676134,T,90.89,100,91.0,400,TGT
2025-12-03,9:30:20.855927708,T,90.84,200,91.0,400,TGT
2025-12-03,9:30:20.855952783,T,90.84,200,90.93,100,TGT
2025-12-03,9:30:20.856819859,T,90.84,300,90.93,100,TGT
2025-12-03,9:30:20.857155603,T,90.84,300,90.99,100,TGT
2025-12-03,9:30:20.862302866,T,90.84,300,91.0,400,TGT
2025-12-03,9:30:22.168910620,T,90.84,400,91.0,400,TGT
2025-12-03,9:30:32.949659852,T,90.84,300,91.0,400,TGT
2025-12-03,9:30:32.949930038,T,90.84,200,91.0,400,TGT
2025-12-03,9:30:32.949935083,T,90.84,100,91.0,400,TGT
2025-12-03,9:30:32.949935083,T,90.58,100,91.0,400,TGT
2025-12-03,9:30:32.949940043,T,90.58,100,90.99,100,TGT
2025-12-03,9:30:32.949950121,T,90.58,100,90.85,100,TGT
2025-12-03,9:30:32.950175673,T,90.58,100,90.85,200,TGT
2025-12-03,9:30:32.950952475,T,90.58,100,90.85,100,TGT
2025-12-03,9:30:32.952832013,T,90.56,100,90.85,100,TGT
2025-12-03,9:30:32.953533604,T,90.5,200,90.85,100,TGT
2025-12-03,9:30:32.961828390,T,90.6,200,90.85,100,TGT
2025-12-03,9:30:32.962244435,T,90.6,300,90.85,100,TGT
2025-12-03,9:30:33.084866488,T,90.6,300,90.99,100,TGT
2025-12-03,9:30:33.084886596,T,90.6,300,91.0,400,TGT
2025-12-03,9:30:33.084912023,T,90.6,400,91.0,400,TGT
2025-12-03,9:30:33.084912023,T,90.77,100,91.0,400,TGT
2025-12-03,9:30:33.085828847,T,90.77,200,91.0,400,TGT
2025-12-03,9:30:33.185155484,T,90.77,100,91.0,400,TGT
2025-12-03,9:30:37.391832575,T,90.77,200,91.0,400,TGT
2025-12-03,9:31:00.175150988,T,90.77,400,91.0,400,TGT
2025-12-03,9:31:04.534466608,T,90.77,500,91.0,400,TGT
2025-12-03,9:31:04.541979475,T,90.78,200,91.0,400,TGT
2025-12-03,9:31:04.542315380,T,90.78,300,91.0,400,TGT
2025-12-03,9:31:04.542390485,T,90.84,100,91.0,400,TGT
2025-12-03,9:31:04.542460650,T,90.84,100,91.0,300,TGT
2025-12-03,9:31:04.542831585,T,90.84,200,91.0,300,TGT
2025-12-03,9:31:04.543157367,T,90.84,200,90.98,100,TGT
2025-12-03,9:31:04.552459489,T,90.84,300,90.98,100,TGT
2025-12-03,9:31:05.802457512,T,90.84,200,90.98,100,TGT
2025-12-03,9:31:05.802487541,T,90.84,100,90.98,100,TGT
2025-12-03,9:31:08.295491855,T,90.84,100,91.0,300,TGT
2025-12-03,9:31:08.295516920,T,90.84,100,90.92,100,TGT
2025-12-03,9:31:08.392021816,T,90.84,200,90.92,100,TGT
2025-12-03,9:31:08.392422747,T,90.84,100,90.92,100,TGT
2025-12-03,9:31:08.392828713,T,90.84,200,90.92,100,TGT
2025-12-03,9:31:08.393229706,T,90.84,100,90.92,100,TGT
2025-12-03,9:31:08.410656157,T,90.84,200,90.92,100,TGT
2025-12-03,9:31:08.526857990,T,90.84,100,90.92,100,TGT
2025-12-03,9:31:09.241264986,T,90.79,100,90.92,100,TGT
2025-12-03,9:31:09.413841178,T,90.81,200,90.92,100,TGT
2025-12-03,9:31:10.032064007,T,90.81,300,90.92,100,TGT
2025-12-03,9:31:13.947321521,T,90.81,400,90.92,100,TGT
2025-12-03,9:31:16.560532188,T,90.81,300,90.92,100,TGT
2025-12-03,9:31:17.092534629,T,90.81,300,91.0,300,TGT
2025-12-03,9:31:17.092539690,T,90.81,300,91.0,400,TGT
2025-12-03,9:31:17.092554873,T,90.81,300,90.84,100,TGT
2025-12-03,9:31:17.092579741,T,90.81,200,90.84,100,TGT
2025-12-03,9:31:17.092604815,T,90.81,100,90.84,100,TGT
2025-12-03,9:31:17.092609860,T,90.79,100,90.84,100,TGT
2025-12-03,9:31:17.092624800,T,90.79,100,91.0,300,TGT
2025-12-03,9:31:17.092629877,T,90.79,100,91.0,400,TGT
2025-12-03,9:31:17.092650078,T,90.79,100,91.0,300,TGT
2025-12-03,9:31:17.092650078,T,90.79,100,90.82,100,TGT
2025-12-03,9:31:17.092690040,T,90.79,100,91.0,400,TGT
2025-12-03,9:31:17.092710022,T,90.81,100,91.0,400,TGT
2025-12-03,9:31:17.092750192,T,90.81,100,90.98,100,TGT
2025-12-03,9:31:17.092845347,T,90.81,100,90.97,100,TGT
2025-12-03,9:31:17.092855443,T,90.81,100,90.98,100,TGT
2025-12-03,9:31:17.092855443,T,90.81,100,90.94,100,TGT
2025-12-03,9:31:17.092960684,T,90.81,100,90.97,100,TGT
2025-12-03,9:31:17.093045811,T,90.84,100,90.97,100,TGT
2025-12-03,9:31:17.093075960,T,90.84,100,90.91,100,TGT
2025-12-03,9:31:17.093085962,T,90.81,100,90.91,100,TGT
2025-12-03,9:31:17.093111072,T,90.81,100,90.88,100,TGT
2025-12-03,9:31:17.093948056,T,90.79,100,90.88,100,TGT
2025-12-03,9:31:17.108091709,T,90.79,100,90.97,100,TGT
2025-12-03,9:31:17.108803390,T,90.79,100,90.97,200,TGT
2025-12-03,9:31:17.292836837,T,90.79,100,90.97,100,TGT
2025-12-03,9:31:17.293052326,T,90.79,100,91.0,400,TGT
2025-12-03,9:31:17.679197258,T,90.79,200,91.0,400,TGT
2025-12-03,9:31:17.732629602,T,90.79,100,91.0,400,TGT
2025-12-03,9:31:17.733170996,T,90.79,200,91.0,400,TGT
2025-12-03,9:31:17.751599755,T,90.79,100,91.0,400,TGT
2025-12-03,9:31:22.167710463,T,90.81,100,91.0,400,TGT
2025-12-03,9:31:22.168131565,T,90.81,200,91.0,400,TGT
2025-12-03,9:31:30.316153247,T,90.81,100,91.0,400,TGT
2025-12-03,9:31:30.322578531,T,90.79,100,91.0,400,TGT
2025-12-03,9:31:30.322598642,T,90.79,100,90.87,100,TGT
2025-12-03,9:31:30.323350379,T,90.75,200,90.87,100,TGT
2025-12-03,9:31:30.323370439,T,90.75,200,90.83,100,TGT
2025-12-03,9:31:30.323395529,T,90.75,300,90.83,100,TGT
2025-12-03,9:31:30.323480978,T,90.79,100,90.83,100,TGT
2025-12-03,9:31:30.323505817,T,90.79,200,90.83,100,TGT
2025-12-03,9:31:30.323510797,T,90.79,100,90.83,100,TGT
2025-12-03,9:31:30.323621093,T,90.75,200,90.83,100,TGT
2025-12-03,9:31:30.323646073,T,90.75,200,90.82,100,TGT
2025-12-03,9:31:30.324032039,T,90.79,100,90.82,100,TGT
2025-12-03,9:31:30.324818864,T,90.75,200,90.82,100,TGT
2025-12-03,9:31:30.324838925,T,90.75,200,90.81,100,TGT
2025-12-03,9:31:30.325014336,T,90.56,100,90.81,100,TGT
2025-12-03,9:31:30.325019431,T,90.64,200,90.81,100,TGT
2025-12-03,9:31:30.325254947,T,90.75,100,90.81,100,TGT
2025-12-03,9:31:30.325455461,T,90.64,200,90.81,100,TGT
2025-12-03,9:31:30.325540647,T,90.66,100,90.81,100,TGT
2025-12-03,9:31:30.325876402,T,90.66,100,90.83,100,TGT
2025-12-03,9:31:30.325966662,T,90.64,300,90.83,100,TGT
2025-12-03,9:31:30.327700812,T,90.64,300,90.83,200,TGT
2025-12-03,9:31:30.341649049,T,90.64,200,90.83,200,TGT
2025-12-03,9:31:30.344796466,T,90.58,100,90.83,200,TGT
2025-12-03,9:31:30.344821615,T,90.56,100,90.83,200,TGT
2025-12-03,9:31:30.395221634,T,90.54,100,90.83,200,TGT
2025-12-03,9:31:30.423448961,T,90.54,100,90.83,100,TGT
2025-12-03,9:31:30.427047513,T,90.58,200,90.83,100,TGT
2025-12-03,9:31:31.592970303,T,90.58,200,90.83,200,TGT
2025-12-03,9:31:31.593190910,T,90.58,200,90.83,100,TGT
2025-12-03,9:31:31.632945541,T,90.58,200,90.83,200,TGT
2025-12-03,9:31:31.632950603,T,90.58,200,90.82,100,TGT
2025-12-03,9:31:31.632950603,T,90.58,200,90.81,100,TGT
2025-12-03,9:31:31.633276454,T,90.5,200,90.81,100,TGT
2025-12-03,9:31:31.633401690,T,90.5,200,90.81,200,TGT
2025-12-03,9:31:31.642984487,T,90.5,200,90.81,100,TGT
2025-12-03,9:31:31.653990715,T,90.5,200,90.82,100,TGT
2025-12-03,9:31:31.732943734,T,90.5,200,90.83,100,TGT
2025-12-03,9:31:31.832942007,T,90.5,200,90.88,100,TGT
2025-12-03,9:31:31.833147500,T,90.5,200,90.88,200,TGT
2025-12-03,9:31:36.396494084,T,90.5,100,90.88,200,TGT
2025-12-03,9:31:37.443358176,T,90.6,100,90.88,200,TGT
2025-12-03,9:31:41.814020691,T,90.6,100,90.88,100,TGT
2025-12-03,9:31:46.112491317,T,90.6,100,90.91,200,TGT
2025-12-03,9:31:46.429772232,T,90.6,100,90.82,100,TGT
2025-12-03,9:31:46.430102898,T,90.6,100,90.91,200,TGT
2025-12-03,9:31:51.172165485,T,90.6,200,90.91,200,TGT
2025-12-03,9:31:51.172616623,T,90.6,200,90.83,100,TGT
2025-12-03,9:31:51.174300573,T,90.6,200,90.91,200,TGT
2025-12-03,9:31:51.174726626,T,90.6,300,90.91,200,TGT
2025-12-03,9:31:54.894117669,T,90.6,300,90.87,100,TGT
2025-12-03,9:31:54.996276055,T,90.64,100,90.87,100,TGT
2025-12-03,9:31:54.997529032,T,90.64,200,90.87,100,TGT
2025-12-03,9:31:55.183562364,T,90.64,100,90.87,100,TGT
2025-12-03,9:31:57.922768023,T,90.64,200,90.87,100,TGT
2025-12-03,9:31:59.789615809,T,90.64,300,90.87,100,TGT
2025-12-03,9:31:59.877049056,T,90.64,200,90.87,100,TGT
2025-12-03,9:32:03.575810687,T,90.64,300,90.87,100,TGT
2025-12-03,9:32:06.708438942,T,90.64,200,90.87,100,TGT
2025-12-03,9:32:07.204255071,T,90.64,200,90.86,100,TGT
2025-12-03,9:32:07.206024363,T,90.64,200,91.0,600,TGT
2025-12-03,9:32:18.261522654,T,90.65,100,91.0,600,TGT
2025-12-03,9:32:18.261943686,T,90.65,200,91.0,600,TGT
2025-12-03,9:32:18.261953732,T,90.65,300,91.0,600,TGT
2025-12-03,9:32:19.753321832,T,90.65,400,91.0,600,TGT
2025-12-03,9:32:19.825894748,T,90.65,400,91.0,500,TGT
2025-12-03,9:32:20.363851366,T,90.65,500,91.0,500,TGT
2025-12-03,9:32:24.231706015,T,90.65,700,91.0,500,TGT
2025-12-03,9:32:28.131090895,T,90.65,700,91.0,600,TGT
2025-12-03,9:32:28.544651196,T,90.65,500,91.0,600,TGT
2025-12-03,9:32:30.295351894,T,90.65,500,91.0,500,TGT
2025-12-03,9:32:31.969179652,T,90.65,600,91.0,500,TGT
2025-12-03,9:32:32.975637405,T,90.65,600,91.0,600,TGT
2025-12-03,9:32:32.981526426,T,90.65,600,91.0,500,TGT
2025-12-03,9:32:34.204861032,T,90.65,600,91.0,600,TGT
2025-12-03,9:32:34.205282058,T,90.65,500,91.0,600,TGT
2025-12-03,9:32:39.052078798,T,90.66,500,91.0,600,TGT
2025-12-03,9:32:39.053041024,T,90.66,600,91.0,600,TGT
2025-12-03,9:32:39.432274566,T,90.66,600,91.0,500,TGT
2025-12-03,9:32:39.432309739,T,90.66,600,91.0,600,TGT
2025-12-03,9:32:41.296460879,T,90.66,500,91.0,600,TGT
2025-12-03,9:32:50.414478117,T,90.66,600,91.0,600,TGT
2025-12-03,9:32:55.991454613,T,90.66,600,90.96,100,TGT
2025-12-03,9:32:55.991454613,T,90.66,600,90.9,100,TGT
2025-12-03,9:32:55.991484635,T,90.66,600,90.84,100,TGT
2025-12-03,9:32:55.991845545,T,90.66,600,90.9,200,TGT
2025-12-03,9:32:55.993644782,T,90.66,600,90.9,300,TGT
2025-12-03,9:32:55.993654798,T,90.66,400,90.9,300,TGT
2025-12-03,9:32:55.993654798,T,90.66,400,90.9,200,TGT
2025-12-03,9:32:55.993679920,T,90.66,400,90.9,300,TGT
2025-12-03,9:32:55.993689940,T,90.66,400,90.83,100,TGT
2025-12-03,9:32:56.594340834,T,90.66,400,90.83,200,TGT
2025-12-03,9:33:00.014654222,T,90.66,400,90.83,100,TGT
2025-12-03,9:33:01.276250022,T,90.66,400,90.83,300,TGT
2025-12-03,9:33:04.146583062,T,90.66,400,90.83,200,TGT
2025-12-03,9:33:04.146623175,T,90.66,400,90.9,100,TGT
2025-12-03,9:33:04.147274722,T,90.66,400,90.83,100,TGT
2025-12-03,9:33:18.046959329,T,90.66,400,90.88,100,TGT
2025-12-03,9:33:18.048122060,T,90.66,400,90.9,200,TGT
2025-12-03,9:33:18.048598199,T,90.66,400,90.9,100,TGT
2025-12-03,9:33:18.054953370,T,90.66,500,90.9,100,TGT
2025-12-03,9:33:18.059163368,T,90.66,600,90.9,100,TGT
2025-12-03,9:33:18.059218463,T,90.66,600,90.94,200,TGT
2025-12-03,9:33:18.059228577,T,90.66,700,90.94,200,TGT
2025-12-03,9:33:18.059449063,T,90.67,100,90.94,200,TGT
2025-12-03,9:33:18.059449063,T,90.75,100,90.94,200,TGT
2025-12-03,9:33:18.060566738,T,90.75,100,91.0,400,TGT
2025-12-03,9:33:18.074575076,T,90.66,700,91.0,400,TGT
2025-12-03,9:33:18.074780588,T,90.66,600,91.0,400,TGT
2025-12-03,9:33:19.066102219,T,90.66,700,91.0,400,TGT
2025-12-03,9:33:19.066312780,T,90.66,800,91.0,400,TGT
2025-12-03,9:33:19.066899139,T,90.66,900,91.0,400,TGT
2025-12-03,9:33:19.247163679,T,90.66,800,91.0,400,TGT
2025-12-03,9:33:19.247449364,T,90.66,700,91.0,400,TGT
2025-12-03,9:33:19.247464338,T,90.66,600,91.0,400,TGT
2025-12-03,9:33:23.409705556,T,90.66,500,91.0,400,TGT
2025-12-03,9:33:29.082610483,T,90.75,100,91.0,400,TGT
2025-12-03,9:33:31.005977728,T,90.75,200,91.0,400,TGT
2025-12-03,9:33:33.129747218,T,90.75,100,91.0,400,TGT
2025-12-03,9:33:33.543052090,T,90.75,100,90.93,100,TGT
2025-12-03,9:33:40.562800659,T,90.75,100,90.92,100,TGT
2025-12-03,9:33:41.026029247,T,90.76,100,90.92,100,TGT
2025-12-03,9:33:41.026029247,T,90.77,100,90.92,100,TGT
2025-12-03,9:33:41.026049383,T,90.76,200,90.92,100,TGT
2025-12-03,9:33:41.026269788,T,90.77,100,90.92,100,TGT
2025-12-03,9:33:41.026395080,T,90.76,200,90.92,100,TGT
2025-12-03,9:33:41.026415236,T,90.76,100,90.92,100,TGT
2025-12-03,9:33:41.026445199,T,90.76,200,90.92,100,TGT
2025-12-03,9:33:41.026450409,T,90.76,300,90.92,100,TGT
2025-12-03,9:33:41.026450409,T,90.77,100,90.92,100,TGT
2025-12-03,9:33:41.027021585,T,90.76,300,90.92,100,TGT
2025-12-03,9:33:41.036544291,T,90.76,200,90.92,100,TGT
2025-12-03,9:33:41.036564363,T,90.76,100,90.92,100,TGT
2025-12-03,9:33:41.126047552,T,90.75,100,90.92,100,TGT
2025-12-03,9:33:41.920054217,T,90.75,100,90.93,100,TGT
2025-12-03,9:33:45.005224237,T,90.75,100,90.9,100,TGT
2025-12-03,9:33:45.005344519,T,90.75,100,90.88,100,TGT
2025-12-03,9:33:45.005880838,T,90.75,100,90.87,100,TGT
2025-12-03,9:33:45.005890786,T,90.75,100,90.88,100,TGT
2025-12-03,9:33:45.011353787,T,90.75,300,90.88,100,TGT
2025-12-03,9:33:45.015508681,T,90.75,300,90.89,100,TGT
2025-12-03,9:33:45.015528761,T,90.75,300,90.93,200,TGT
2025-12-03,9:33:45.015939731,T,90.75,300,90.93,100,TGT
2025-12-03,9:33:45.028925706,T,90.75,300,90.9,100,TGT
2025-12-03,9:33:45.029482001,T,90.75,300,90.93,100,TGT
2025-12-03,9:33:45.029682459,T,90.75,300,90.9,100,TGT
2025-12-03,9:33:45.030233817,T,90.75,300,90.93,100,TGT
2025-12-03,9:33:45.030459308,T,90.75,300,90.9,100,TGT
2025-12-03,9:33:45.030925439,T,90.75,300,90.93,100,TGT
2025-12-03,9:33:45.031246261,T,90.75,300,90.9,100,TGT
2025-12-03,9:33:45.031702302,T,90.75,300,90.93,100,TGT
2025-12-03,9:33:45.032033108,T,90.75,300,90.9,100,TGT
2025-12-03,9:33:45.032494199,T,90.75,300,90.93,100,TGT
2025-12-03,9:33:45.032820032,T,90.75,300,90.9,100,TGT
2025-12-03,9:33:45.033276108,T,90.75,300,90.93,100,TGT
2025-12-03,9:33:45.033456518,T,90.75,200,90.93,100,TGT
2025-12-03,9:33:45.033486580,T,90.75,200,90.9,100,TGT
2025-12-03,9:33:45.034027886,T,90.75,200,90.93,100,TGT
2025-12-03,9:33:45.034268473,T,90.75,200,90.9,100,TGT
2025-12-03,9:33:45.034784606,T,90.75,200,90.93,100,TGT
2025-12-03,9:33:45.035050323,T,90.75,200,90.9,100,TGT
2025-12-03,9:33:45.035546470,T,90.75,200,90.93,100,TGT
2025-12-03,9:33:45.036323322,T,90.75,200,90.9,100,TGT
2025-12-03,9:33:45.037080176,T,90.75,200,90.93,100,TGT
2025-12-03,9:33:45.037861948,T,90.75,200,90.9,100,TGT
2025-12-03,9:33:45.038613745,T,90.75,200,90.93,100,TGT
2025-12-03,9:33:45.039395588,T,90.75,200,90.9,100,TGT
2025-12-03,9:33:45.040147424,T,90.75,200,90.93,100,TGT
2025-12-03,9:33:45.040959327,T,90.75,200,90.9,100,TGT
2025-12-03,9:33:45.041716120,T,90.75,200,90.93,100,TGT
2025-12-03,9:33:45.042518057,T,90.75,200,90.9,100,TGT
2025-12-03,9:33:45.043269881,T,90.75,200,90.93,100,TGT
2025-12-03,9:33:45.044071793,T,90.75,200,90.9,100,TGT
2025-12-03,9:33:45.044823514,T,90.75,200,90.93,100,TGT
2025-12-03,9:33:45.228947299,T,90.66,500,90.93,100,TGT
2025-12-03,9:33:49.216261357,T,90.76,100,90.93,100,TGT
2025-12-03,9:33:49.217519344,T,90.76,200,90.93,100,TGT
2025-12-03,9:33:53.152378646,T,90.76,200,90.91,100,TGT
2025-12-03,9:33:53.789180678,T,90.76,200,90.93,100,TGT
2025-12-03,9:33:57.427609033,T,90.76,200,90.9,100,TGT
2025-12-03,9:33:57.505790143,T,90.76,100,90.9,100,TGT
2025-12-03,9:34:03.753965820,T,90.76,100,90.93,100,TGT
2025-12-03,9:34:03.778749902,T,90.78,100,90.93,100,TGT
2025-12-03,9:34:03.778845035,T,90.83,100,90.93,100,TGT
2025-12-03,9:34:03.779055540,T,90.83,100,91.0,400,TGT
2025-12-03,9:34:03.779075665,T,90.89,100,91.0,400,TGT
2025-12-03,9:34:03.779902661,T,90.89,200,91.0,400,TGT
2025-12-03,9:34:03.780128150,T,90.89,100,91.0,400,TGT
2025-12-03,9:34:03.784628892,T,90.89,100,91.0,300,TGT
2025-12-03,9:34:03.789630739,T,90.89,200,91.0,300,TGT
2025-12-03,9:34:03.879524908,T,90.89,100,91.0,300,TGT
2025-12-03,9:34:07.443620934,T,90.89,100,90.98,100,TGT
2025-12-03,9:34:13.055615860,T,90.89,200,90.98,100,TGT
2025-12-03,9:34:13.404662318,T,90.89,200,91.0,300,TGT
2025-12-03,9:34:13.404682389,T,90.89,300,91.0,300,TGT
2025-12-03,9:34:13.404682389,T,90.94,100,91.0,300,TGT
2025-12-03,9:34:13.404857769,T,90.93,100,91.0,300,TGT
2025-12-03,9:34:13.404862895,T,90.92,100,91.0,300,TGT
2025-12-03,9:34:13.404973048,T,90.92,100,91.0,400,TGT
2025-12-03,9:34:13.404998511,T,90.92,100,90.99,100,TGT
2025-12-03,9:34:13.405013165,T,90.92,100,91.0,400,TGT
2025-12-03,9:34:13.405018150,T,90.92,100,91.0,300,TGT
2025-12-03,9:34:13.405068503,T,90.92,100,91.0,400,TGT
2025-12-03,9:34:13.405078310,T,90.93,100,91.0,400,TGT
2025-12-03,9:34:13.405113475,T,90.93,200,91.0,400,TGT
2025-12-03,9:34:13.405178628,T,90.94,100,91.0,400,TGT
2025-12-03,9:34:13.405213832,T,90.94,100,91.0,300,TGT
2025-12-03,9:34:13.405213832,T,90.93,200,91.0,300,TGT
2025-12-03,9:34:13.405238719,T,90.93,200,91.0,400,TGT
2025-12-03,9:34:13.405258763,T,90.93,200,91.0,500,TGT
2025-12-03,9:34:13.405264071,T,90.93,200,91.0,400,TGT
2025-12-03,9:34:13.405264071,T,90.93,200,91.0,500,TGT
2025-12-03,9:34:13.405278829,T,90.93,200,91.0,400,TGT
2025-12-03,9:34:13.405288812,T,90.93,200,91.0,500,TGT
2025-12-03,9:34:13.405288812,T,90.93,200,91.0,400,TGT
2025-12-03,9:34:13.405379028,T,90.94,100,91.0,400,TGT
2025-12-03,9:34:13.405394150,T,90.94,200,91.0,400,TGT
2025-12-03,9:34:13.405454235,T,90.94,100,91.0,400,TGT
2025-12-03,9:34:13.405479322,T,90.93,200,91.0,400,TGT
2025-12-03,9:34:13.405499299,T,90.93,200,90.96,100,TGT
2025-12-03,9:34:13.405519440,T,90.93,200,90.97,100,TGT
2025-12-03,9:34:13.405534507,T,90.93,200,91.0,500,TGT
2025-12-03,9:34:13.405549512,T,90.93,100,91.0,500,TGT
2025-12-03,9:34:13.405549512,T,90.92,100,91.0,500,TGT
2025-12-03,9:34:13.405554500,T,90.94,100,91.0,500,TGT
2025-12-03,9:34:13.405564535,T,90.94,100,91.0,400,TGT
2025-12-03,9:34:13.405589551,T,90.92,100,91.0,400,TGT
2025-12-03,9:34:13.405589551,T,90.93,100,91.0,400,TGT
2025-12-03,9:34:13.405599947,T,90.93,100,91.0,300,TGT
2025-12-03,9:34:13.405609774,T,90.93,100,91.0,400,TGT
2025-12-03,9:34:13.405635031,T,90.92,100,91.0,400,TGT
2025-12-03,9:34:13.405639686,T,90.94,100,91.0,400,TGT
2025-12-03,9:34:13.405684758,T,90.95,100,91.0,400,TGT
2025-12-03,9:34:13.405704791,T,90.95,100,91.0,300,TGT
2025-12-03,9:34:13.405709871,T,90.94,100,91.0,300,TGT
2025-12-03,9:34:13.405850223,T,90.92,100,91.0,300,TGT
2025-12-03,9:34:13.405870267,T,90.94,100,91.0,300,TGT
2025-12-03,9:34:13.405955421,T,90.92,100,91.0,300,TGT
2025-12-03,9:34:13.405960483,T,90.92,100,91.0,400,TGT
2025-12-03,9:34:13.405985552,T,90.92,100,91.0,300,TGT
2025-12-03,9:34:13.405985552,T,90.92,100,91.0,400,TGT
2025-12-03,9:34:13.406070749,T,90.94,100,91.0,400,TGT
2025-12-03,9:34:13.406085744,T,90.94,100,91.0,300,TGT
2025-12-03,9:34:13.406376375,T,90.92,100,91.0,300,TGT
2025-12-03,9:34:13.406401861,T,90.92,100,91.0,400,TGT
2025-12-03,9:34:13.406466860,T,90.93,100,91.0,400,TGT
2025-12-03,9:34:13.406486691,T,90.93,200,91.0,400,TGT
2025-12-03,9:34:13.406546892,T,90.93,200,91.0,300,TGT
2025-12-03,9:34:13.406647034,T,90.93,200,91.0,400,TGT
2025-12-03,9:34:13.406702249,T,90.93,200,91.0,300,TGT
2025-12-03,9:34:13.407569235,T,90.93,100,91.0,300,TGT
2025-12-03,9:34:13.410471169,T,90.93,100,90.97,100,TGT
2025-12-03,9:34:13.410776961,T,90.93,200,90.97,100,TGT
2025-12-03,9:34:13.410817237,T,90.93,100,90.97,100,TGT
2025-12-03,9:34:13.410872101,T,90.9,100,90.97,100,TGT
2025-12-03,9:34:13.411027518,T,90.9,100,91.0,400,TGT
2025-12-03,9:34:13.411343296,T,90.9,200,91.0,400,TGT
2025-12-03,9:34:13.417573139,T,90.9,200,90.97,100,TGT
2025-12-03,9:34:13.421352163,T,90.9,100,90.97,100,TGT
2025-12-03,9:34:13.421372185,T,90.89,100,90.97,100,TGT
2025-12-03,9:34:13.421397172,T,90.89,100,91.0,400,TGT
2025-12-03,9:34:13.421397172,T,90.89,100,90.97,100,TGT
2025-12-03,9:34:13.421793114,T,90.89,200,90.97,100,TGT
2025-12-03,9:34:13.430233301,T,90.89,200,91.0,400,TGT
2025-12-03,9:34:13.435415568,T,90.89,200,91.0,300,TGT
2025-12-03,9:34:13.435455756,T,90.89,200,91.0,400,TGT
2025-12-03,9:34:15.085361400,T,90.89,100,91.0,400,TGT
2025-12-03,9:34:15.085411658,T,90.89,100,91.0,500,TGT
2025-12-03,9:34:15.085416450,T,90.89,100,90.99,100,TGT
2025-12-03,9:34:15.085431507,T,90.89,100,90.96,100,TGT
2025-12-03,9:34:15.085526806,T,90.89,100,91.0,400,TGT
2025-12-03,9:34:15.092453286,T,90.89,100,91.0,300,TGT
2025-12-03,9:34:15.092483331,T,90.89,100,91.0,400,TGT
2025-12-03,9:34:15.092874217,T,90.89,100,91.0,300,TGT
2025-12-03,9:34:15.092874217,T,90.89,100,91.0,400,TGT
2025-12-03,9:34:15.170744818,T,90.78,100,91.0,400,TGT
2025-12-03,9:34:15.170749773,T,90.78,100,90.97,100,TGT
2025-12-03,9:34:15.170759768,T,90.78,100,91.0,400,TGT
2025-12-03,9:34:15.170759768,T,90.78,100,90.97,100,TGT
2025-12-03,9:34:15.170769825,T,90.78,100,90.96,100,TGT
2025-12-03,9:34:15.170774794,T,90.78,100,90.92,100,TGT
2025-12-03,9:34:15.271900918,T,90.78,100,90.97,100,TGT
2025-12-03,9:34:15.370881531,T,90.78,100,91.0,400,TGT
2025-12-03,9:34:19.315173411,T,90.85,100,91.0,400,TGT
2025-12-03,9:34:19.315589604,T,90.85,200,91.0,400,TGT
2025-12-03,9:34:22.732003693,T,90.85,100,91.0,400,TGT
2025-12-03,9:34:25.237312176,T,90.85,100,91.0,300,TGT
2025-12-03,9:34:25.237337259,T,90.85,100,91.0,400,TGT
2025-12-03,9:34:25.237367339,T,90.85,100,90.97,100,TGT
2025-12-03,9:34:25.238314636,T,90.85,100,91.0,400,TGT
2025-12-03,9:34:25.238339699,T,90.85,100,91.0,300,TGT
2025-12-03,9:34:25.238364733,T,90.85,100,91.0,400,TGT
2025-12-03,9:34:25.242138870,T,90.85,100,90.97,100,TGT
2025-12-03,9:34:25.711526967,T,90.85,100,91.0,400,TGT
2025-12-03,9:34:25.711547001,T,90.85,100,91.0,300,TGT
2025-12-03,9:34:25.711577012,T,90.85,100,91.0,400,TGT
2025-12-03,9:34:25.789427546,T,90.85,100,90.97,100,TGT
2025-12-03,9:34:25.790465041,T,90.85,100,91.0,400,TGT
2025-12-03,9:34:25.790485061,T,90.85,100,91.0,300,TGT
2025-12-03,9:34:25.790510051,T,90.85,100,91.0,400,TGT
2025-12-03,9:34:25.867373195,T,90.85,100,90.97,100,TGT
2025-12-03,9:34:25.868370633,T,90.85,100,91.0,400,TGT
2025-12-03,9:34:25.868390628,T,90.85,100,91.0,300,TGT
2025-12-03,9:34:25.868415747,T,90.85,100,91.0,400,TGT
2025-12-03,9:34:25.945840178,T,90.85,100,90.97,100,TGT
2025-12-03,9:34:29.509274739,T,90.85,100,91.0,400,TGT
2025-12-03,9:34:38.253622049,T,90.85,100,90.97,100,TGT
2025-12-03,9:34:38.418013719,T,90.78,100,90.97,100,TGT
2025-12-03,9:34:38.418058776,T,90.78,100,91.0,400,TGT
2025-12-03,9:34:42.545436889,T,90.86,100,91.0,400,TGT
2025-12-03,9:34:42.545762577,T,90.78,100,91.0,400,TGT
2025-12-03,9:34:42.545817796,T,90.78,100,90.97,100,TGT
2025-12-03,9:34:42.545857801,T,90.86,100,90.97,100,TGT
2025-12-03,9:34:42.546048300,T,90.78,100,90.97,100,TGT
2025-12-03,9:34:42.546068355,T,90.78,100,90.89,100,TGT
2025-12-03,9:34:42.546624690,T,90.78,100,90.91,100,TGT
2025-12-03,9:34:42.546860188,T,90.78,100,90.89,100,TGT
2025-12-03,9:34:42.599891594,T,90.78,100,90.92,100,TGT
2025-12-03,9:34:42.614847238,T,90.78,100,90.98,100,TGT
2025-12-03,9:34:42.635576567,T,90.79,100,90.98,100,TGT
2025-12-03,9:34:42.635576567,T,90.8,100,90.98,100,TGT
2025-12-03,9:34:42.635611617,T,90.8,200,90.98,100,TGT
2025-12-03,9:34:42.635626752,T,90.8,100,90.98,100,TGT
2025-12-03,9:34:42.635661855,T,90.8,200,90.98,100,TGT
2025-12-03,9:34:42.635817272,T,90.8,300,90.98,100,TGT
2025-12-03,9:34:42.636563920,T,90.8,200,90.98,100,TGT
2025-12-03,9:34:42.646011490,T,90.8,100,90.98,100,TGT
2025-12-03,9:34:42.646046481,T,90.79,100,90.98,100,TGT
2025-12-03,9:34:42.735574782,T,90.78,100,90.98,100,TGT
2025-12-03,9:34:47.409259441,T,90.8,100,90.98,100,TGT
2025-12-03,9:34:51.007351489,T,90.82,100,90.98,100,TGT
2025-12-03,9:34:51.007561961,T,90.82,200,90.98,100,TGT
2025-12-03,9:34:51.518399075,T,90.82,100,90.98,100,TGT
2025-12-03,9:34:51.949631398,T,90.83,100,90.98,100,TGT
2025-12-03,9:34:52.467124179,T,90.8,100,90.98,100,TGT
2025-12-03,9:34:52.468687848,T,90.8,200,90.98,100,TGT
2025-12-03,9:34:53.628601250,T,90.82,100,90.98,100,TGT
2025-12-03,9:34:53.742672954,T,90.82,200,90.98,100,TGT
2025-12-03,9:34:55.404366663,T,90.82,100,90.98,100,TGT
2025-12-03,9:34:59.514493793,T,90.78,100,90.98,100,TGT
2025-12-03,9:35:00.541796247,T,90.78,200,90.98,100,TGT
2025-12-03,9:35:06.142754818,T,90.78,200,91.0,400,TGT
2025-12-03,9:35:08.173237031,T,90.78,200,91.0,300,TGT
2025-12-03,9:35:09.445012026,T,90.78,200,91.0,400,TGT
2025-12-03,9:35:11.846483201,T,90.78,200,90.97,100,TGT
2025-12-03,9:35:12.503744044,T,90.78,200,91.0,400,TGT
2025-12-03,9:35:20.170178590,T,90.85,100,91.0,400,TGT
2025-12-03,9:35:20.170348771,T,90.85,200,91.0,400,TGT
2025-12-03,9:35:20.170353954,T,90.87,100,91.0,400,TGT
2025-12-03,9:35:20.170368803,T,90.85,200,91.0,400,TGT
2025-12-03,9:35:20.170373877,T,90.85,100,91.0,400,TGT
2025-12-03,9:35:20.170399418,T,90.85,100,91.0,300,TGT
2025-12-03,9:35:20.170429145,T,90.87,100,91.0,300,TGT
2025-12-03,9:35:20.170454137,T,90.85,100,91.0,300,TGT
2025-12-03,9:35:20.170459066,T,90.87,100,91.0,300,TGT
2025-12-03,9:35:20.170504293,T,90.91,100,91.0,300,TGT
2025-12-03,9:35:20.170509180,T,90.91,100,91.02,100,TGT
2025-12-03,9:35:20.170539753,T,90.91,100,90.99,100,TGT
2025-12-03,9:35:20.170549274,T,90.91,100,91.0,100,TGT
2025-12-03,9:35:20.170554259,T,90.91,100,90.99,100,TGT
2025-12-03,9:35:20.170659576,T,90.91,100,91.0,100,TGT
2025-12-03,9:35:20.170674535,T,90.95,100,91.0,100,TGT
2025-12-03,9:35:20.170719716,T,90.93,100,91.0,100,TGT
2025-12-03,9:35:20.170724712,T,90.93,100,90.99,100,TGT
2025-12-03,9:35:20.170789903,T,90.91,100,90.99,100,TGT
2025-12-03,9:35:20.170849939,T,90.91,100,91.0,100,TGT
2025-12-03,9:35:20.170870085,T,90.94,100,91.0,100,TGT
2025-12-03,9:35:20.170875045,T,90.94,100,90.99,100,TGT
2025-12-03,9:35:20.170875045,T,90.94,100,90.97,100,TGT
2025-12-03,9:35:20.170880116,T,90.94,100,90.99,100,TGT
2025-12-03,9:35:20.170880116,T,90.94,100,91.0,100,TGT
2025-12-03,9:35:20.170940248,T,90.96,100,91.0,100,TGT
2025-12-03,9:35:20.170990355,T,90.94,100,91.0,100,TGT
2025-12-03,9:35:20.171055472,T,90.94,100,90.97,100,TGT
2025-12-03,9:35:20.171065456,T,90.94,200,90.97,100,TGT
2025-12-03,9:35:20.171095568,T,90.94,100,90.97,100,TGT
2025-12-03,9:35:20.171120685,T,90.94,100,91.0,100,TGT
2025-12-03,9:35:20.171120685,T,90.94,100,90.99,100,TGT
2025-12-03,9:35:20.171215840,T,90.94,100,91.0,100,TGT
2025-12-03,9:35:20.171235878,T,90.95,100,91.0,100,TGT
2025-12-03,9:35:20.171291071,T,90.94,100,91.0,100,TGT
2025-12-03,9:35:20.171356233,T,90.94,100,90.99,100,TGT
2025-12-03,9:35:20.171601811,T,90.94,100,91.0,100,TGT
2025-12-03,9:35:20.172288435,T,90.94,100,91.02,100,TGT
2025-12-03,9:35:20.172308513,T,90.95,100,91.02,100,TGT
2025-12-03,9:35:20.172629187,T,90.94,100,91.02,100,TGT
2025-12-03,9:35:20.172649435,T,90.94,100,90.99,100,TGT
2025-12-03,9:35:20.172649435,T,90.95,100,90.99,100,TGT
2025-12-03,9:35:20.172880131,T,90.94,100,90.99,100,TGT
2025-12-03,9:35:20.173686794,T,90.94,100,91.02,100,TGT
2025-12-03,9:35:20.174207929,T,90.94,100,91.0,100,TGT
2025-12-03,9:35:20.544309711,T,90.94,100,91.02,100,TGT
2025-12-03,9:35:20.544374870,T,90.98,100,91.02,100,TGT
2025-12-03,9:35:20.544635469,T,90.99,100,91.02,100,TGT
2025-12-03,9:35:20.545277026,T,90.98,200,91.02,100,TGT
2025-12-03,9:35:20.546304451,T,90.98,200,91.13,200,TGT
2025-12-03,9:35:20.546329484,T,91.0,100,91.13,200,TGT
2025-12-03,9:35:20.546329484,T,91.0,200,91.13,200,TGT
2025-12-03,9:35:20.546885776,T,91.0,100,91.13,200,TGT
2025-12-03,9:35:20.547011168,T,91.0,200,91.13,200,TGT
2025-12-03,9:35:20.547036137,T,91.0,100,91.13,200,TGT
2025-12-03,9:35:20.547838050,T,91.02,100,91.13,200,TGT
2025-12-03,9:35:20.548399463,T,90.98,100,91.13,200,TGT
2025-12-03,9:35:20.554834728,T,90.85,200,91.13,200,TGT
2025-12-03,9:35:20.558117624,T,90.85,200,91.3,100,TGT
2025-12-03,9:35:20.558122582,T,90.85,200,91.21,200,TGT
2025-12-03,9:35:20.558378243,T,90.85,100,91.21,200,TGT
2025-12-03,9:35:20.585583009,T,90.85,200,91.21,200,TGT
2025-12-03,9:35:20.585583009,T,90.91,100,91.21,200,TGT
2025-12-03,9:35:20.585588008,T,91.02,100,91.21,200,TGT
2025-12-03,9:35:20.585598050,T,91.04,100,91.21,200,TGT
2025-12-03,9:35:20.586154392,T,90.91,100,91.21,200,TGT
2025-12-03,9:35:20.586926251,T,90.85,200,91.21,200,TGT
2025-12-03,9:35:20.595917643,T,90.85,100,91.21,200,TGT
2025-12-03,9:35:20.662436151,T,90.85,100,91.1,100,TGT
2025-12-03,9:35:20.662907611,T,90.85,100,91.21,200,TGT
2025-12-03,9:35:20.662912231,T,91.05,100,91.21,200,TGT
2025-12-03,9:35:20.662917233,T,91.07,100,91.21,200,TGT
2025-12-03,9:35:20.662952363,T,91.07,200,91.21,200,TGT
2025-12-03,9:35:20.662987493,T,91.07,100,91.21,200,TGT
2025-12-03,9:35:20.662987493,T,91.07,200,91.21,200,TGT
2025-12-03,9:35:20.663012470,T,91.07,100,91.21,200,TGT
2025-12-03,9:35:20.663478663,T,91.06,200,91.21,200,TGT
2025-12-03,9:35:20.663493618,T,91.06,100,91.21,200,TGT
2025-12-03,9:35:20.663498687,T,91.06,200,91.21,200,TGT
2025-12-03,9:35:20.663664174,T,91.06,200,91.21,300,TGT
2025-12-03,9:35:20.664085124,T,91.06,100,91.21,300,TGT
2025-12-03,9:35:20.681316083,T,91.06,100,91.21,100,TGT
2025-12-03,9:35:20.681376280,T,90.85,100,91.21,100,TGT
2025-12-03,9:35:20.681376280,T,91.06,100,91.21,100,TGT
2025-12-03,9:35:20.695735445,T,90.85,100,91.21,100,TGT
2025-12-03,9:35:20.695735445,T,91.06,100,91.21,100,TGT
2025-12-03,9:35:20.696176747,T,91.06,100,91.19,100,TGT
2025-12-03,9:35:20.696181811,T,90.85,200,91.19,100,TGT
2025-12-03,9:35:20.696186534,T,90.85,100,91.19,100,TGT
2025-12-03,9:35:20.696933325,T,90.85,100,91.19,200,TGT
2025-12-03,9:35:20.710886579,T,90.85,100,91.19,100,TGT
2025-12-03,9:35:20.773525805,T,90.85,100,91.2,100,TGT
2025-12-03,9:35:20.895777092,T,90.85,100,91.27,300,TGT
2025-12-03,9:35:21.268981082,T,90.85,200,91.27,300,TGT
2025-12-03,9:35:25.158642800,T,90.85,200,91.27,200,TGT
2025-12-03,9:35:26.500078449,T,90.88,200,91.27,200,TGT
2025-12-03,9:35:27.944990839,T,91.12,100,91.27,200,TGT
2025-12-03,9:35:32.367251338,T,91.12,100,91.2,700,TGT
2025-12-03,9:35:36.220842025,T,91.12,200,91.2,700,TGT
2025-12-03,9:35:36.221022403,T,91.12,100,91.2,700,TGT
2025-12-03,9:35:38.962147905,T,91.12,100,91.2,200,TGT
2025-12-03,9:35:38.962163030,T,91.16,100,91.2,200,TGT
2025-12-03,9:35:38.962172993,T,91.16,100,91.33,200,TGT
2025-12-03,9:35:38.962213094,T,91.19,100,91.33,200,TGT
2025-12-03,9:35:39.257902574,T,91.12,100,91.33,200,TGT
2025-12-03,9:35:39.335427148,T,91.12,100,91.25,100,TGT
2025-12-03,9:35:40.277055575,T,91.12,100,91.33,200,TGT
2025-12-03,9:35:40.277396397,T,91.12,100,91.39,400,TGT
2025-12-03,9:35:40.277406349,T,91.12,100,91.39,600,TGT
2025-12-03,9:35:40.292782980,T,91.12,100,91.39,500,TGT
2025-12-03,9:35:42.597774458,T,91.12,100,91.39,600,TGT
2025-12-03,9:35:42.597774458,T,91.12,100,91.38,100,TGT
2025-12-03,9:35:42.597779392,T,91.12,100,91.37,100,TGT
2025-12-03,9:35:42.597779392,T,91.12,100,91.34,100,TGT
2025-12-03,9:35:42.597804386,T,91.12,100,91.38,100,TGT
2025-12-03,9:35:42.597814406,T,91.12,100,91.37,100,TGT
2025-12-03,9:35:42.598060087,T,91.12,100,91.29,100,TGT
2025-12-03,9:35:42.598561241,T,91.12,100,91.29,200,TGT
2025-12-03,9:35:42.598616337,T,91.12,100,91.29,100,TGT
2025-12-03,9:35:42.906825603,T,91.12,100,91.39,500,TGT
2025-12-03,9:35:42.908695077,T,91.12,100,91.39,600,TGT
2025-12-03,9:35:43.395795576,T,91.03,200,91.39,600,TGT
2025-12-03,9:35:45.557375318,T,91.03,200,91.39,500,TGT
2025-12-03,9:35:47.416153471,T,91.21,100,91.39,500,TGT
2025-12-03,9:35:50.044049129,T,91.21,100,91.33,100,TGT
2025-12-03,9:35:58.994627652,T,91.21,100,91.32,100,TGT
2025-12-03,9:35:59.629274616,T,91.21,100,91.31,100,TGT
2025-12-03,9:35:59.629450095,T,91.21,100,91.32,100,TGT
2025-12-03,9:35:59.630036485,T,91.21,100,91.31,100,TGT
2025-12-03,9:36:00.066796868,T,91.03,200,91.31,100,TGT
2025-12-03,9:36:00.066841989,T,91.03,200,91.27,100,TGT
2025-12-03,9:36:00.067598851,T,91.03,200,91.27,200,TGT
2025-12-03,9:36:00.067633889,T,91.03,200,91.27,300,TGT
2025-12-03,9:36:00.068290459,T,91.03,200,91.24,100,TGT
2025-12-03,9:36:02.046433358,T,91.03,200,91.27,100,TGT
2025-12-03,9:36:02.046483391,T,91.05,100,91.27,100,TGT
2025-12-03,9:36:02.046488448,T,91.16,100,91.27,100,TGT
2025-12-03,9:36:02.147012861,T,91.12,100,91.27,100,TGT
2025-12-03,9:36:02.147424071,T,91.12,100,91.39,500,TGT
2025-12-03,9:36:02.147424071,T,91.13,100,91.39,500,TGT
2025-12-03,9:36:02.147428903,T,91.15,100,91.39,500,TGT
2025-12-03,9:36:02.147428903,T,91.16,100,91.39,500,TGT
2025-12-03,9:36:02.147443944,T,91.22,100,91.39,500,TGT
2025-12-03,9:36:02.157442717,T,91.17,100,91.39,500,TGT
2025-12-03,9:36:02.171937308,T,91.19,100,91.39,500,TGT
2025-12-03,9:36:02.172398539,T,91.2,100,91.39,500,TGT
2025-12-03,9:36:02.172403345,T,91.21,100,91.39,500,TGT
2025-12-03,9:36:02.172418404,T,91.24,100,91.39,500,TGT
2025-12-03,9:36:02.172453484,T,91.22,100,91.39,500,TGT
2025-12-03,9:36:02.172558786,T,91.21,100,91.39,500,TGT
2025-12-03,9:36:02.172639171,T,91.24,100,91.39,500,TGT
2025-12-03,9:36:02.184201457,T,91.19,100,91.39,500,TGT
2025-12-03,9:36:02.190807273,T,91.24,100,91.39,500,TGT
2025-12-03,9:36:02.193834418,T,91.24,100,91.39,300,TGT
2025-12-03,9:36:02.200831076,T,91.19,100,91.39,300,TGT
2025-12-03,9:36:02.366646111,T,91.16,100,91.39,300,TGT
2025-12-03,9:36:02.366866709,T,91.16,200,91.39,300,TGT
2025-12-03,9:36:02.376023539,T,91.16,200,91.39,400,TGT
2025-12-03,9:36:02.467882342,T,91.16,100,91.39,400,TGT
2025-12-03,9:36:03.046871688,T,91.16,100,91.38,100,TGT
2025-12-03,9:36:03.047362922,T,91.16,100,91.39,500,TGT
2025-12-03,9:36:03.384646461,T,91.16,200,91.39,500,TGT
2025-12-03,9:36:04.076705258,T,91.16,300,91.39,500,TGT
2025-12-03,9:36:05.081133176,T,91.16,300,91.39,400,TGT
2025-12-03,9:36:08.992035309,T,91.16,300,91.38,100,TGT
2025-12-03,9:36:09.353305972,T,91.16,300,91.39,400,TGT
2025-12-03,9:36:09.354087841,T,91.19,100,91.39,400,TGT
2025-12-03,9:36:09.354132991,T,91.27,100,91.39,400,TGT
2025-12-03,9:36:09.354153051,T,91.27,100,91.39,300,TGT
2025-12-03,9:36:09.354178817,T,91.27,100,91.39,100,TGT
2025-12-03,9:36:09.354178817,T,91.27,100,91.42,100,TGT
2025-12-03,9:36:09.354178817,T,91.27,100,91.45,200,TGT
2025-12-03,9:36:09.354183066,T,91.28,100,91.45,200,TGT
2025-12-03,9:36:09.354198086,T,91.35,100,91.45,200,TGT
2025-12-03,9:36:09.354203118,T,91.37,100,91.45,200,TGT
2025-12-03,9:36:09.354468810,T,91.37,100,91.47,100,TGT
2025-12-03,9:36:09.355295722,T,91.35,200,91.47,100,TGT
2025-12-03,9:36:09.355315835,T,91.35,100,91.47,100,TGT
2025-12-03,9:36:09.365149232,T,91.39,100,91.47,100,TGT
2025-12-03,9:36:09.365374710,T,91.39,200,91.47,100,TGT
2025-12-03,9:36:09.366462361,T,91.39,100,91.47,100,TGT
2025-12-03,9:36:10.078594144,T,91.21,100,91.47,100,TGT
2025-12-03,9:36:10.365552736,T,91.21,100,91.47,200,TGT
2025-12-03,9:36:10.582434451,T,91.21,200,91.47,200,TGT
2025-12-03,9:36:12.742971772,T,91.21,200,91.45,100,TGT
2025-12-03,9:36:12.753757502,T,91.28,100,91.45,100,TGT
2025-12-03,9:36:14.482576064,T,91.29,100,91.45,100,TGT
2025-12-03,9:36:15.134373833,T,91.19,100,91.45,100,TGT
2025-12-03,9:36:15.600504333,T,91.19,200,91.45,100,TGT
2025-12-03,9:36:15.600534426,T,91.21,100,91.45,100,TGT
2025-12-03,9:36:16.056525908,T,91.21,200,91.45,100,TGT
2025-12-03,9:36:16.056525908,T,91.21,100,91.45,100,TGT
2025-12-03,9:36:18.497646387,T,91.21,200,91.45,100,TGT
2025-12-03,9:36:19.275990626,T,91.21,200,91.47,200,TGT
2025-12-03,9:36:19.276020764,T,91.21,300,91.47,200,TGT
2025-12-03,9:36:19.282080100,T,91.21,200,91.47,200,TGT
2025-12-03,9:36:19.438212111,T,91.21,100,91.47,200,TGT
2025-12-03,9:36:25.942668361,T,91.21,100,91.47,100,TGT
2025-12-03,9:36:26.419955418,T,91.17,100,91.47,100,TGT
2025-12-03,9:36:26.419980585,T,91.16,100,91.47,100,TGT
2025-12-03,9:36:28.363626063,T,91.19,100,91.47,100,TGT
2025-12-03,9:36:28.523722421,T,91.16,100,91.47,100,TGT
2025-12-03,9:36:28.524499292,T,91.19,100,91.47,100,TGT
2025-12-03,9:36:28.744112498,T,91.16,100,91.47,100,TGT
2025-12-03,9:36:28.744899385,T,91.17,100,91.47,100,TGT
2025-12-03,9:36:29.370389469,T,91.19,100,91.47,100,TGT
2025-12-03,9:36:30.108984168,T,91.16,100,91.47,100,TGT
2025-12-03,9:36:30.235595911,T,91.19,100,91.47,100,TGT
2025-12-03,9:36:30.237295010,T,91.28,100,91.47,100,TGT
2025-12-03,9:36:30.237299954,T,91.3,100,91.47,100,TGT
2025-12-03,9:36:30.237299954,T,91.33,100,91.47,100,TGT
2025-12-03,9:36:30.237314956,T,91.31,100,91.47,100,TGT
2025-12-03,9:36:30.237319945,T,91.34,100,91.47,100,TGT
2025-12-03,9:36:30.237335079,T,91.37,100,91.47,100,TGT
2025-12-03,9:36:30.242306859,T,91.34,100,91.47,100,TGT
2025-12-03,9:36:30.244331729,T,91.31,100,91.47,100,TGT
2025-12-03,9:36:30.247915241,T,91.37,100,91.47,100,TGT
2025-12-03,9:36:30.248125706,T,91.37,200,91.47,100,TGT
2025-12-03,9:36:30.257357937,T,91.37,200,91.5,100,TGT
2025-12-03,9:36:30.257377771,T,91.38,100,91.5,100,TGT
2025-12-03,9:36:30.257382740,T,91.43,100,91.5,100,TGT
2025-12-03,9:36:30.264439642,T,91.34,100,91.5,100,TGT
2025-12-03,9:36:30.264640088,T,91.43,100,91.5,100,TGT
2025-12-03,9:36:30.564604780,T,91.43,200,91.5,100,TGT
2025-12-03,9:36:30.564825310,T,91.43,100,91.5,100,TGT
2025-12-03,9:36:34.923995598,T,91.43,100,91.48,100,TGT
2025-12-03,9:36:35.618475003,T,91.43,100,91.5,200,TGT
2025-12-03,9:36:35.618479884,T,91.43,100,91.5,100,TGT
2025-12-03,9:36:35.618499896,T,91.44,100,91.5,100,TGT
2025-12-03,9:36:35.619286846,T,91.44,100,91.5,200,TGT
2025-12-03,9:36:35.619286846,T,91.44,100,91.49,100,TGT
2025-12-03,9:36:35.619707837,T,91.43,100,91.49,100,TGT
2025-12-03,9:36:35.619722945,T,91.43,100,91.47,100,TGT
2025-12-03,9:36:36.690799567,T,91.44,100,91.47,100,TGT
2025-12-03,9:36:36.690809584,T,91.44,100,91.5,200,TGT
2025-12-03,9:36:38.008629021,T,91.44,100,91.5,100,TGT
2025-12-03,9:36:38.008654066,T,91.44,100,91.6,200,TGT
2025-12-03,9:36:38.008654066,T,91.44,100,91.6,100,TGT
2025-12-03,9:36:38.008674333,T,91.47,100,91.6,100,TGT
2025-12-03,9:36:38.008799405,T,91.47,200,91.6,100,TGT
2025-12-03,9:36:38.009039928,T,91.47,100,91.6,100,TGT
2025-12-03,9:36:38.065479415,T,91.48,100,91.6,100,TGT
2025-12-03,9:36:38.115849715,T,91.49,100,91.6,100,TGT
2025-12-03,9:36:38.122911220,T,91.48,100,91.6,100,TGT
2025-12-03,9:36:38.794701744,T,91.54,100,91.6,100,TGT
2025-12-03,9:36:39.009112515,T,91.48,100,91.6,100,TGT
2025-12-03,9:36:39.009127654,T,91.48,100,91.59,100,TGT
2025-12-03,9:36:39.009127654,T,91.48,100,91.57,100,TGT
2025-12-03,9:36:39.009137618,T,91.43,100,91.57,100,TGT
2025-12-03,9:36:39.009689336,T,91.43,100,91.59,100,TGT
2025-12-03,9:36:39.010165022,T,91.43,100,91.6,100,TGT
2025-12-03,9:36:39.250382396,T,91.51,100,91.6,100,TGT
2025-12-03,9:36:39.350395626,T,91.43,100,91.6,100,TGT
2025-12-03,9:36:40.853727454,T,91.34,100,91.6,100,TGT
2025-12-03,9:36:44.977206074,T,91.5,100,91.6,100,TGT
2025-12-03,9:36:52.045420240,T,91.5,100,91.59,100,TGT
2025-12-03,9:36:52.047159391,T,91.5,100,91.6,100,TGT
2025-12-03,9:36:53.912708977,T,91.5,100,91.61,100,TGT
2025-12-03,9:36:53.912734024,T,91.56,100,91.61,100,TGT
2025-12-03,9:36:53.918377444,T,91.56,100,91.69,200,TGT
2025-12-03,9:36:53.918397431,T,91.58,100,91.69,200,TGT
2025-12-03,9:36:53.918953834,T,91.56,100,91.69,200,TGT
2025-12-03,9:36:53.919179364,T,91.56,200,91.69,200,TGT
2025-12-03,9:36:53.919244454,T,91.56,100,91.69,200,TGT
2025-12-03,9:36:54.012742246,T,91.5,100,91.69,200,TGT
2025-12-03,9:37:00.981604807,T,91.37,100,91.69,200,TGT
2025-12-03,9:37:04.640536782,T,91.37,100,91.68,100,TGT
2025-12-03,9:37:04.640687131,T,91.57,100,91.68,100,TGT
2025-12-03,9:37:04.646069924,T,91.57,100,91.64,100,TGT
2025-12-03,9:37:04.646074958,T,91.41,100,91.64,100,TGT
2025-12-03,9:37:04.647042249,T,91.37,100,91.64,100,TGT
2025-12-03,9:37:04.653156814,T,91.37,100,91.68,100,TGT
2025-12-03,9:37:04.653377279,T,91.37,100,91.68,200,TGT
2025-12-03,9:37:04.669440710,T,91.37,100,91.65,100,TGT
2025-12-03,9:37:04.669445555,T,91.37,100,91.64,100,TGT
2025-12-03,9:37:04.669465667,T,91.37,100,91.65,100,TGT
2025-12-03,9:37:04.669490662,T,91.37,100,91.61,100,TGT
2025-12-03,9:37:04.669711252,T,91.37,100,91.61,200,TGT
2025-12-03,9:37:04.670954173,T,91.37,100,91.61,100,TGT
2025-12-03,9:37:04.773974660,T,91.37,100,91.68,200,TGT
2025-12-03,9:37:04.774180158,T,91.37,100,91.61,100,TGT
2025-12-03,9:37:05.421617540,T,91.52,100,91.61,100,TGT
2025-12-03,9:37:07.462409633,T,91.39,200,91.61,100,TGT
2025-12-03,9:37:07.462429764,T,91.39,200,91.56,100,TGT
2025-12-03,9:37:07.463221441,T,91.39,200,91.56,200,TGT
2025-12-03,9:37:07.562563132,T,91.39,200,91.56,100,TGT
2025-12-03,9:37:10.864589749,T,91.39,200,91.65,100,TGT
2025-12-03,9:37:10.864609846,T,91.5,100,91.65,100,TGT
2025-12-03,9:37:10.864619913,T,91.5,100,91.7,100,TGT
2025-12-03,9:37:10.864649916,T,91.5,200,91.7,100,TGT
2025-12-03,9:37:10.864654946,T,91.5,100,91.7,100,TGT
2025-12-03,9:37:10.864865431,T,91.5,200,91.7,100,TGT
2025-12-03,9:37:10.865126041,T,91.5,100,91.7,100,TGT
2025-12-03,9:37:10.964778422,T,91.42,100,91.7,100,TGT
2025-12-03,9:37:11.065373157,T,91.39,300,91.7,100,TGT
2025-12-03,9:37:11.065398148,T,91.39,200,91.7,100,TGT
2025-12-03,9:37:11.869543955,T,91.51,100,91.7,100,TGT
2025-12-03,9:37:17.254883676,T,91.51,200,91.7,100,TGT
2025-12-03,9:37:17.254893789,T,91.54,100,91.7,100,TGT
2025-12-03,9:37:17.254913791,T,91.51,200,91.7,100,TGT
2025-12-03,9:37:17.331456143,T,91.51,200,91.62,100,TGT
2025-12-03,9:37:17.355047395,T,91.51,100,91.62,100,TGT
2025-12-03,9:37:20.419818836,T,91.39,200,91.62,100,TGT
2025-12-03,9:37:22.131822419,T,91.39,200,91.61,100,TGT
2025-12-03,9:37:22.742738018,T,91.39,200,91.66,100,TGT
2025-12-03,9:37:22.822227344,T,91.39,200,91.65,100,TGT
2025-12-03,9:37:23.515454018,T,91.39,200,91.66,100,TGT
2025-12-03,9:37:24.482522720,T,91.5,100,91.66,100,TGT
2025-12-03,9:37:24.984212892,T,91.5,100,91.69,100,TGT
2025-12-03,9:37:24.984222940,T,91.5,100,91.7,100,TGT
2025-12-03,9:37:24.984232883,T,91.51,100,91.7,100,TGT
2025-12-03,9:37:24.984247899,T,91.54,100,91.7,100,TGT
2025-12-03,9:37:24.984247899,T,91.55,100,91.7,100,TGT
2025-12-03,9:37:24.984313167,T,91.56,100,91.7,100,TGT
2025-12-03,9:37:24.984338220,T,91.57,100,91.7,100,TGT
2025-12-03,9:37:24.984688993,T,91.56,100,91.7,100,TGT
2025-12-03,9:37:24.984784283,T,91.57,100,91.7,100,TGT
2025-12-03,9:37:24.985245291,T,91.57,100,91.69,100,TGT
2025-12-03,9:37:24.985270412,T,91.56,100,91.69,100,TGT
2025-12-03,9:37:24.989264922,T,91.55,100,91.69,100,TGT
2025-12-03,9:37:24.991430107,T,91.55,100,91.7,100,TGT
2025-12-03,9:37:24.991435096,T,91.55,100,91.75,100,TGT
2025-12-03,9:37:24.991455100,T,91.62,100,91.75,100,TGT
2025-12-03,9:37:24.998521978,T,91.58,100,91.75,100,TGT
2025-12-03,9:37:25.091453383,T,91.57,100,91.75,100,TGT
2025-12-03,9:37:25.162933655,T,91.55,100,91.75,100,TGT
2025-12-03,9:37:25.303423435,T,91.51,100,91.75,100,TGT
2025-12-03,9:37:25.303634138,T,91.51,200,91.75,100,TGT
2025-12-03,9:37:25.303663953,T,91.55,100,91.75,100,TGT
2025-12-03,9:37:25.632246888,T,91.51,100,91.75,100,TGT
2025-12-03,9:37:26.934158523,T,91.55,100,91.75,100,TGT
2025-12-03,9:37:27.169193407,T,91.51,100,91.75,100,TGT
2025-12-03,9:37:27.176345458,T,91.57,100,91.75,100,TGT
2025-12-03,9:37:27.430776561,T,91.51,100,91.75,100,TGT
2025-12-03,9:37:27.796297340,T,91.51,100,91.69,100,TGT
2025-12-03,9:37:27.805338852,T,91.51,100,91.7,100,TGT
2025-12-03,9:37:27.808411153,T,91.55,100,91.7,100,TGT
2025-12-03,9:37:27.846692433,T,91.55,100,91.75,100,TGT
2025-12-03,9:37:28.347315010,T,91.51,100,91.75,100,TGT
2025-12-03,9:37:29.478394735,T,91.57,100,91.75,100,TGT
2025-12-03,9:37:31.204907907,T,91.59,100,91.75,100,TGT
2025-12-03,9:37:31.205469249,T,91.51,100,91.75,100,TGT
2025-12-03,9:37:32.161110967,T,91.51,100,91.7,100,TGT
2025-12-03,9:37:32.189714128,T,91.51,100,91.75,100,TGT
2025-12-03,9:37:34.393970590,T,91.51,200,91.75,100,TGT
2025-12-03,9:37:35.684665428,T,91.51,200,91.68,100,TGT
2025-12-03,9:37:40.223338351,T,91.51,200,91.75,100,TGT
2025-12-03,9:37:40.224125311,T,91.51,200,91.7,100,TGT
2025-12-03,9:37:41.299923227,T,91.51,200,91.75,100,TGT
2025-12-03,9:37:42.305859706,T,91.51,200,91.6,200,TGT
2025-12-03,9:37:42.305914768,T,91.51,200,91.75,100,TGT
2025-12-03,9:37:42.305935146,T,91.58,100,91.75,100,TGT
2025-12-03,9:37:42.312996686,T,91.51,200,91.75,100,TGT
2025-12-03,9:37:45.744236087,T,91.51,100,91.75,100,TGT
2025-12-03,9:37:50.418466888,T,91.58,100,91.75,100,TGT
2025-12-03,9:37:54.142859537,T,91.64,100,91.75,100,TGT
2025-12-03,9:37:54.142904692,T,91.58,100,91.75,100,TGT
2025-12-03,9:37:54.142939715,T,91.58,100,91.7,100,TGT
2025-12-03,9:37:54.158236252,T,91.58,100,91.75,100,TGT
2025-12-03,9:37:54.544726982,T,91.58,100,91.7,100,TGT
2025-12-03,9:37:54.547684005,T,91.58,100,91.67,100,TGT
2025-12-03,9:37:54.547754147,T,91.58,100,91.7,100,TGT
2025-12-03,9:37:55.143272977,T,91.58,100,91.68,100,TGT
2025-12-03,9:37:58.871981322,T,91.51,100,91.68,100,TGT
2025-12-03,9:38:00.337357260,T,91.51,100,91.67,100,TGT
2025-12-03,9:38:00.337387652,T,91.51,100,91.67,200,TGT
2025-12-03,9:38:00.337412312,T,91.51,100,91.67,100,TGT
2025-12-03,9:38:00.337412312,T,91.51,100,91.67,200,TGT
2025-12-03,9:38:00.337753110,T,91.51,100,91.64,100,TGT
2025-12-03,9:38:00.342705399,T,91.51,100,91.67,100,TGT
2025-12-03,9:38:00.342725051,T,91.51,100,91.7,100,TGT
2025-12-03,9:38:00.342750111,T,91.55,100,91.7,100,TGT
2025-12-03,9:38:00.342815266,T,91.51,100,91.7,100,TGT
2025-12-03,9:38:00.342815266,T,91.55,100,91.7,100,TGT
2025-12-03,9:38:00.342825308,T,91.51,100,91.7,100,TGT
2025-12-03,9:38:00.342860376,T,91.55,100,91.7,100,TGT
2025-12-03,9:38:00.342985625,T,91.55,100,91.66,100,TGT
2025-12-03,9:38:00.343983032,T,91.51,100,91.66,100,TGT
2025-12-03,9:38:00.344013070,T,91.51,100,91.67,100,TGT
2025-12-03,9:38:00.354192302,T,91.51,200,91.67,100,TGT
2025-12-03,9:38:00.361559828,T,91.51,200,91.63,100,TGT
2025-12-03,9:38:00.362346726,T,91.51,200,91.63,200,TGT
2025-12-03,9:38:01.089288800,T,91.51,100,91.63,200,TGT
2025-12-03,9:38:01.904325342,T,91.51,100,91.7,100,TGT
2025-12-03,9:38:01.904325342,T,91.51,100,91.75,100,TGT
2025-12-03,9:38:01.904350364,T,91.6,100,91.75,100,TGT
2025-12-03,9:38:01.904355337,T,91.61,100,91.75,100,TGT
2025-12-03,9:38:01.904355337,T,91.61,200,91.75,100,TGT
2025-12-03,9:38:01.904631044,T,91.61,100,91.75,100,TGT
2025-12-03,9:38:01.904666063,T,91.61,100,91.7,100,TGT
2025-12-03,9:38:01.904716240,T,91.6,100,91.7,100,TGT
2025-12-03,9:38:01.904741467,T,91.6,100,91.65,100,TGT
2025-12-03,9:38:01.904751341,T,91.6,100,91.63,100,TGT
2025-12-03,9:38:02.004358577,T,91.55,100,91.63,100,TGT
2025-12-03,9:38:02.005501278,T,91.55,100,91.62,100,TGT
2025-12-03,9:38:02.005501278,T,91.51,100,91.62,100,TGT
2025-12-03,9:38:02.005556452,T,91.51,100,91.61,100,TGT
2025-12-03,9:38:02.005571591,T,91.55,100,91.61,100,TGT
2025-12-03,9:38:02.012808683,T,91.55,100,91.62,100,TGT
2025-12-03,9:38:02.012828772,T,91.58,100,91.62,100,TGT
2025-12-03,9:38:02.012838852,T,91.58,100,91.7,100,TGT
2025-12-03,9:38:02.020381833,T,91.55,100,91.7,100,TGT
2025-12-03,9:38:02.020401789,T,91.6,100,91.7,100,TGT
2025-12-03,9:38:02.020958170,T,91.55,100,91.7,100,TGT
2025-12-03,9:38:02.104787908,T,91.55,100,91.75,100,TGT
2025-12-03,9:38:03.830880065,T,91.55,200,91.75,100,TGT
2025-12-03,9:38:04.093806374,T,91.55,100,91.75,100,TGT
2025-12-03,9:38:06.378339200,T,91.55,100,91.72,100,TGT
2025-12-03,9:38:11.322267410,T,91.55,100,91.75,100,TGT
2025-12-03,9:38:11.322287461,T,91.55,200,91.75,100,TGT
2025-12-03,9:38:11.322287461,T,91.59,100,91.75,100,TGT
2025-12-03,9:38:11.322367663,T,91.59,100,91.7,100,TGT
2025-12-03,9:38:11.322703522,T,91.59,100,91.75,100,TGT
2025-12-03,9:38:11.322848875,T,91.59,100,91.7,100,TGT
2025-12-03,9:38:11.323309891,T,91.59,100,91.75,100,TGT
2025-12-03,9:38:11.323340031,T,91.55,200,91.75,100,TGT
2025-12-03,9:38:11.332336433,T,91.55,100,91.75,100,TGT
2025-12-03,9:38:11.534518142,T,91.55,200,91.75,100,TGT
2025-12-03,9:38:11.698167966,T,91.55,100,91.75,100,TGT
2025-12-03,9:38:12.438416814,T,91.55,100,91.72,100,TGT
2025-12-03,9:38:12.438571924,T,91.55,100,91.75,100,TGT
2025-12-03,9:38:12.438591976,T,91.55,200,91.75,100,TGT
2025-12-03,9:38:12.438597081,T,91.57,100,91.75,100,TGT
2025-12-03,9:38:12.440471477,T,91.55,200,91.75,100,TGT
2025-12-03,9:38:12.538645450,T,91.55,100,91.75,100,TGT
2025-12-03,9:38:17.427292286,T,91.51,100,91.75,100,TGT
2025-12-03,9:38:20.925842214,T,91.51,100,91.72,100,TGT
2025-12-03,9:38:23.426379617,T,91.6,100,91.72,100,TGT
2025-12-03,9:38:26.111296617,T,91.6,100,91.75,100,TGT
2025-12-03,9:38:26.111326055,T,91.61,100,91.75,100,TGT
2025-12-03,9:38:26.111356059,T,91.61,200,91.75,100,TGT
2025-12-03,9:38:26.111361343,T,91.61,100,91.75,100,TGT
2025-12-03,9:38:26.111361343,T,91.61,200,91.75,100,TGT
2025-12-03,9:38:26.111366131,T,91.64,100,91.75,100,TGT
2025-12-03,9:38:26.111381130,T,91.64,100,91.77,300,TGT
2025-12-03,9:38:26.111661893,T,91.64,200,91.77,300,TGT
2025-12-03,9:38:26.111666882,T,91.67,100,91.77,300,TGT
2025-12-03,9:38:26.111717005,T,91.67,100,91.75,100,TGT
2025-12-03,9:38:26.112228231,T,91.65,100,91.75,100,TGT
2025-12-03,9:38:26.112333479,T,91.65,100,91.81,400,TGT
2025-12-03,9:38:26.112353427,T,91.69,100,91.81,400,TGT
2025-12-03,9:38:26.112488869,T,91.69,100,91.75,100,TGT
2025-12-03,9:38:26.112619100,T,91.69,100,91.81,400,TGT
2025-12-03,9:38:26.112639147,T,91.7,100,91.81,400,TGT
2025-12-03,9:38:26.112709279,T,91.7,200,91.81,400,TGT
2025-12-03,9:38:26.113045153,T,91.7,100,91.81,400,TGT
2025-12-03,9:38:26.113721731,T,91.68,100,91.81,400,TGT
2025-12-03,9:38:26.214276297,T,91.68,100,91.79,100,TGT
2025-12-03,9:38:26.311362667,T,91.64,100,91.79,100,TGT
2025-12-03,9:38:26.312139435,T,91.61,100,91.79,100,TGT
2025-12-03,9:38:26.312174536,T,91.61,200,91.79,100,TGT
2025-12-03,9:38:26.312349950,T,91.61,300,91.79,100,TGT
2025-12-03,9:38:26.312971417,T,91.65,100,91.79,100,TGT
2025-12-03,9:38:26.362218931,T,91.65,100,91.81,300,TGT
2025-12-03,9:38:26.362248871,T,91.66,100,91.81,300,TGT
2025-12-03,9:38:26.362268890,T,91.67,100,91.81,300,TGT
2025-12-03,9:38:26.362273914,T,91.66,100,91.81,300,TGT
2025-12-03,9:38:26.362283914,T,91.67,100,91.81,300,TGT
2025-12-03,9:38:26.362509448,T,91.68,100,91.81,300,TGT
2025-12-03,9:38:26.362609687,T,91.67,100,91.81,300,TGT
2025-12-03,9:38:26.362654810,T,91.67,200,91.81,300,TGT
2025-12-03,9:38:26.362720004,T,91.68,100,91.81,300,TGT
2025-12-03,9:38:26.362760105,T,91.67,200,91.81,300,TGT
2025-12-03,9:38:26.362905428,T,91.67,100,91.81,300,TGT
2025-12-03,9:38:26.362935497,T,91.67,200,91.81,300,TGT
2025-12-03,9:38:26.363597291,T,91.68,100,91.81,300,TGT
2025-12-03,9:38:26.372458160,T,91.69,100,91.81,300,TGT
2025-12-03,9:38:26.372468206,T,91.7,100,91.81,300,TGT
2025-12-03,9:38:26.372498442,T,91.77,100,91.81,300,TGT
2025-12-03,9:38:26.372528386,T,91.7,100,91.81,300,TGT
2025-12-03,9:38:26.372563484,T,91.7,100,91.79,100,TGT
2025-12-03,9:38:26.372593533,T,91.68,100,91.79,100,TGT
2025-12-03,9:38:26.376382553,T,91.67,100,91.79,100,TGT
2025-12-03,9:38:26.563473373,T,91.66,100,91.79,100,TGT
2025-12-03,9:38:29.916351300,T,91.65,100,91.79,100,TGT
2025-12-03,9:38:30.427875115,T,91.64,100,91.79,100,TGT
2025-12-03,9:38:34.449551264,T,91.67,100,91.79,100,TGT
2025-12-03,9:38:43.919006125,T,91.67,100,91.79,200,TGT
2025-12-03,9:38:45.988195716,T,91.67,100,91.79,100,TGT
2025-12-03,9:38:45.988260876,T,91.67,200,91.79,100,TGT
2025-12-03,9:38:45.988285949,T,91.67,200,91.81,300,TGT
2025-12-03,9:38:45.988351135,T,91.71,100,91.81,300,TGT
2025-12-03,9:38:45.988406241,T,91.71,100,91.8,100,TGT
2025-12-03,9:38:45.988421293,T,91.67,200,91.8,100,TGT
2025-12-03,9:38:45.988431234,T,91.67,100,91.8,100,TGT
2025-12-03,9:38:45.988782092,T,91.67,100,91.79,100,TGT
2025-12-03,9:38:45.988787112,T,91.67,100,91.79,200,TGT
2025-12-03,9:38:45.988817137,T,91.67,100,91.79,300,TGT
2025-12-03,9:38:45.993623641,T,91.71,100,91.79,300,TGT
2025-12-03,9:38:46.394949807,T,91.71,100,91.79,200,TGT
2025-12-03,9:38:46.394949807,T,91.71,100,91.79,100,TGT
2025-12-03,9:38:46.394954790,T,91.71,100,91.8,100,TGT
2025-12-03,9:38:46.394969915,T,91.77,100,91.8,100,TGT
2025-12-03,9:38:46.394989891,T,91.77,100,91.81,300,TGT
2025-12-03,9:38:46.395556157,T,91.77,100,91.89,100,TGT
2025-12-03,9:38:46.395556157,T,91.77,100,91.93,100,TGT
2025-12-03,9:38:46.395571280,T,91.79,100,91.93,100,TGT
2025-12-03,9:38:46.395806805,T,91.79,100,91.94,100,TGT
2025-12-03,9:38:46.395826853,T,91.8,100,91.94,100,TGT
2025-12-03,9:38:46.396473436,T,91.8,100,91.93,100,TGT
2025-12-03,9:38:46.399265043,T,91.79,100,91.93,100,TGT
2025-12-03,9:38:46.399315171,T,91.75,200,91.93,100,TGT
2025-12-03,9:38:46.410426586,T,91.75,100,91.93,100,TGT
2025-12-03,9:38:46.422194638,T,91.75,200,91.93,100,TGT
2025-12-03,9:38:46.428043610,T,91.75,100,91.93,100,TGT
2025-12-03,9:38:46.430148587,T,91.75,200,91.93,100,TGT
2025-12-03,9:38:46.495223652,T,91.75,100,91.93,100,TGT
2025-12-03,9:38:46.495253797,T,91.75,100,91.94,100,TGT
2025-12-03,9:38:47.789156514,T,91.77,100,91.94,100,TGT
2025-12-03,9:38:48.396899272,T,91.77,100,91.96,300,TGT
2025-12-03,9:38:48.529114261,T,91.77,100,91.9,100,TGT
2025-12-03,9:38:53.429769335,T,91.8,100,91.9,100,TGT
2025-12-03,9:38:58.529769344,T,91.77,200,91.9,100,TGT
2025-12-03,9:39:02.134672554,T,91.77,200,92.0,500,TGT
2025-12-03,9:39:02.134672554,T,91.77,200,92.0,400,TGT
2025-12-03,9:39:02.134712582,T,91.84,100,92.0,400,TGT
2025-12-03,9:39:02.134727576,T,91.85,100,92.0,400,TGT
2025-12-03,9:39:02.134918125,T,91.85,200,92.0,400,TGT
2025-12-03,9:39:02.134978260,T,91.85,100,92.0,400,TGT
2025-12-03,9:39:02.135138553,T,91.85,200,92.0,400,TGT
2025-12-03,9:39:02.135183682,T,91.85,100,92.0,400,TGT
2025-12-03,9:39:02.142155347,T,91.85,200,92.0,400,TGT
2025-12-03,9:39:02.142210467,T,91.85,100,92.0,400,TGT
2025-12-03,9:39:02.142320676,T,91.85,200,92.0,400,TGT
2025-12-03,9:39:02.149076759,T,91.86,100,92.0,400,TGT
2025-12-03,9:39:02.149081776,T,91.88,100,92.0,400,TGT
2025-12-03,9:39:02.149102017,T,91.86,100,92.0,400,TGT
2025-12-03,9:39:02.149106943,T,91.88,100,92.0,400,TGT
2025-12-03,9:39:02.149187135,T,91.89,100,92.0,400,TGT
2025-12-03,9:39:02.149282258,T,91.88,100,92.0,400,TGT
2025-12-03,9:39:02.149863705,T,91.86,100,92.0,400,TGT
2025-12-03,9:39:02.149979000,T,91.89,100,92.0,400,TGT
2025-12-03,9:39:02.150024100,T,91.86,100,92.0,400,TGT
2025-12-03,9:39:02.152339563,T,91.85,200,92.0,400,TGT
2025-12-03,9:39:02.159962726,T,91.85,100,92.0,400,TGT
2025-12-03,9:39:02.769224081,T,91.85,200,92.0,400,TGT
2025-12-03,9:39:04.516190915,T,91.85,200,91.96,100,TGT
2025-12-03,9:39:05.038329859,T,91.85,100,91.96,100,TGT
2025-12-03,9:39:05.038430025,T,91.85,100,91.94,100,TGT
2025-12-03,9:39:05.088328925,T,91.88,100,91.94,100,TGT
2025-12-03,9:39:10.142981166,T,91.88,100,92.0,400,TGT
2025-12-03,9:39:10.142981166,T,91.88,100,91.94,100,TGT
2025-12-03,9:39:10.142985793,T,91.88,100,91.93,100,TGT
2025-12-03,9:39:10.142985793,T,91.88,100,91.92,100,TGT
2025-12-03,9:39:10.143010882,T,91.88,100,91.94,100,TGT
2025-12-03,9:39:10.143647423,T,91.88,100,91.93,100,TGT
2025-12-03,9:39:12.636496252,T,91.88,200,91.93,100,TGT
2025-12-03,9:39:12.655466516,T,91.88,200,92.0,400,TGT
2025-12-03,9:39:14.222369497,T,91.89,100,92.0,400,TGT
2025-12-03,9:39:14.229406176,T,91.88,200,92.0,400,TGT
2025-12-03,9:39:15.083160361,T,91.88,200,91.97,100,TGT
2025-12-03,9:39:15.083165433,T,91.88,200,91.96,100,TGT
2025-12-03,9:39:15.083240584,T,91.88,200,91.97,100,TGT
2025-12-03,9:39:15.090222191,T,91.88,200,91.99,100,TGT
2025-12-03,9:39:15.093169217,T,91.88,200,92.0,400,TGT
2025-12-03,9:39:18.412672836,T,91.88,200,91.97,100,TGT
2025-12-03,9:39:18.412943244,T,91.88,200,91.95,100,TGT
2025-12-03,9:39:18.412963267,T,91.88,200,91.95,200,TGT
2025-12-03,9:39:18.413033477,T,91.88,200,91.94,100,TGT
2025-12-03,9:39:18.441195501,T,91.88,200,92.0,400,TGT
2025-12-03,9:39:18.441215561,T,91.92,100,92.0,400,TGT
2025-12-03,9:39:18.441771844,T,91.88,200,92.0,400,TGT
2025-12-03,9:39:22.364612491,T,91.88,100,92.0,400,TGT
2025-12-03,9:39:26.425176583,T,91.9,100,92.0,400,TGT
2025-12-03,9:39:32.778928640,T,91.9,200,92.0,400,TGT
2025-12-03,9:39:32.779189263,T,91.95,100,92.0,400,TGT
2025-12-03,9:39:32.779680380,T,91.95,100,92.0,300,TGT
2025-12-03,9:39:32.779685425,T,91.95,100,92.0,200,TGT
2025-12-03,9:39:32.779685425,T,91.95,100,92.0,100,TGT
2025-12-03,9:39:32.779690366,T,91.95,100,92.07,100,TGT
2025-12-03,9:39:32.779690366,T,91.95,100,92.09,200,TGT
2025-12-03,9:39:32.779710417,T,91.97,100,92.09,200,TGT
2025-12-03,9:39:32.779710417,T,91.97,200,92.09,200,TGT
2025-12-03,9:39:32.779715490,T,91.97,300,92.09,200,TGT
2025-12-03,9:39:32.779845745,T,91.98,100,92.09,200,TGT
2025-12-03,9:39:32.779875906,T,91.97,100,92.09,200,TGT
2025-12-03,9:39:32.779900925,T,91.96,100,92.09,200,TGT
2025-12-03,9:39:32.779900925,T,91.96,100,92.09,300,TGT
2025-12-03,9:39:32.779905909,T,91.96,100,92.07,100,TGT
2025-12-03,9:39:32.779905909,T,91.97,100,92.07,100,TGT
2025-12-03,9:39:32.779915982,T,91.97,100,92.09,300,TGT
2025-12-03,9:39:32.779935954,T,91.97,200,92.09,300,TGT
2025-12-03,9:39:32.779935954,T,91.98,100,92.09,300,TGT
2025-12-03,9:39:32.779951065,T,91.98,200,92.09,300,TGT
2025-12-03,9:39:32.779961310,T,91.98,200,92.09,200,TGT
2025-12-03,9:39:32.779986133,T,91.98,200,92.09,300,TGT
2025-12-03,9:39:32.780066252,T,91.98,300,92.09,300,TGT
2025-12-03,9:39:32.780086336,T,91.98,300,92.07,100,TGT
2025-12-03,9:39:32.780091640,T,91.99,100,92.07,100,TGT
2025-12-03,9:39:32.780096348,T,91.99,100,92.09,300,TGT
2025-12-03,9:39:32.780121433,T,91.99,100,92.07,100,TGT
2025-12-03,9:39:32.780201673,T,91.99,200,92.07,100,TGT
2025-12-03,9:39:32.780251765,T,91.99,300,92.07,100,TGT
2025-12-03,9:39:32.780262165,T,91.99,300,92.09,300,TGT
2025-12-03,9:39:32.780262165,T,91.99,200,92.09,300,TGT
2025-12-03,9:39:32.780262165,T,91.99,300,92.09,300,TGT
2025-12-03,9:39:32.780271764,T,91.99,200,92.09,300,TGT
2025-12-03,9:39:32.780316884,T,91.99,300,92.09,300,TGT
2025-12-03,9:39:32.780316884,T,91.99,200,92.09,300,TGT
2025-12-03,9:39:32.780336909,T,92.0,100,92.09,300,TGT
2025-12-03,9:39:32.780362023,T,92.0,200,92.09,300,TGT
2025-12-03,9:39:32.780387055,T,92.0,300,92.09,300,TGT
2025-12-03,9:39:32.781103822,T,92.01,100,92.09,300,TGT
2025-12-03,9:39:32.781103822,T,92.01,100,92.09,200,TGT
2025-12-03,9:39:32.781124160,T,92.01,400,92.09,200,TGT
2025-12-03,9:39:32.781128804,T,92.01,400,92.09,300,TGT
2025-12-03,9:39:32.781419585,T,92.01,400,92.09,200,TGT
2025-12-03,9:39:32.781660110,T,92.01,300,92.09,200,TGT
2025-12-03,9:39:32.788361073,T,92.01,300,92.11,100,TGT
2025-12-03,9:39:32.788381106,T,92.01,300,92.12,100,TGT
2025-12-03,9:39:32.812904509,T,92.01,300,92.16,100,TGT
2025-12-03,9:39:32.812919597,T,92.02,100,92.16,100,TGT
2025-12-03,9:39:32.812929813,T,92.02,100,92.12,100,TGT
2025-12-03,9:39:32.812934648,T,92.02,100,92.16,100,TGT
2025-12-03,9:39:32.812944679,T,92.02,400,92.16,100,TGT
2025-12-03,9:39:32.812944679,T,92.02,500,92.16,100,TGT
2025-12-03,9:39:32.812959634,T,92.02,400,92.16,100,TGT
2025-12-03,9:39:32.812964711,T,92.02,100,92.16,100,TGT
2025-12-03,9:39:32.812994739,T,92.03,300,92.16,100,TGT
2025-12-03,9:39:32.813059908,T,92.03,300,92.18,300,TGT
2025-12-03,9:39:32.852403679,T,92.03,300,92.18,200,TGT
2025-12-03,9:39:32.854744232,T,92.04,100,92.18,200,TGT
2025-12-03,9:39:32.854764311,T,92.04,400,92.18,200,TGT
2025-12-03,9:39:32.854784377,T,92.04,100,92.18,200,TGT
2025-12-03,9:39:32.854804310,T,92.04,400,92.18,200,TGT
2025-12-03,9:39:32.855942134,T,92.04,300,92.18,200,TGT
2025-12-03,9:39:34.178583167,T,92.04,400,92.18,200,TGT
2025-12-03,9:39:34.178598393,T,92.05,100,92.18,200,TGT
2025-12-03,9:39:34.178603345,T,92.06,100,92.18,200,TGT
2025-12-03,9:39:34.178603345,T,92.06,400,92.18,200,TGT
2025-12-03,9:39:34.178623295,T,92.06,100,92.18,200,TGT
2025-12-03,9:39:34.178653386,T,92.07,400,92.18,200,TGT
2025-12-03,9:39:34.178969095,T,92.07,300,92.18,200,TGT
2025-12-03,9:39:34.180958834,T,92.07,300,92.28,100,TGT
2025-12-03,9:39:34.180968881,T,92.07,300,92.27,200,TGT
2025-12-03,9:39:34.180998952,T,92.07,300,92.27,300,TGT
2025-12-03,9:39:34.213140644,T,92.07,400,92.27,300,TGT
2025-12-03,9:39:34.213140644,T,92.07,400,92.27,200,TGT
2025-12-03,9:39:34.213160864,T,92.07,100,92.27,200,TGT
2025-12-03,9:39:34.213165643,T,92.08,400,92.27,200,TGT
2025-12-03,9:39:34.213190628,T,92.08,400,92.18,100,TGT
2025-12-03,9:39:34.213245800,T,92.08,400,92.19,100,TGT
2025-12-03,9:39:34.213411184,T,92.08,400,92.18,100,TGT
2025-12-03,9:39:34.213997610,T,92.08,300,92.18,100,TGT
2025-12-03,9:39:34.273609654,T,92.09,100,92.18,100,TGT
2025-12-03,9:39:34.273629723,T,92.09,400,92.18,100,TGT
2025-12-03,9:39:34.784326235,T,92.09,400,92.27,200,TGT
2025-12-03,9:39:36.073206945,T,92.09,100,92.27,200,TGT
2025-12-03,9:39:36.073211838,T,92.1,300,92.27,200,TGT
2025-12-03,9:39:37.380586492,T,92.1,400,92.27,200,TGT
2025-12-03,9:39:38.078353871,T,92.1,100,92.27,200,TGT
2025-12-03,9:39:38.078353871,T,92.11,300,92.27,200,TGT
2025-12-03,9:39:39.026111751,T,92.11,300,92.19,100,TGT
2025-12-03,9:39:39.026202004,T,92.11,300,92.18,100,TGT
2025-12-03,9:39:39.026232018,T,92.11,300,92.15,100,TGT
2025-12-03,9:39:39.027409809,T,92.11,300,92.15,200,TGT
2025-12-03,9:39:39.034526773,T,92.11,300,92.15,100,TGT
2025-12-03,9:39:39.152978952,T,92.11,300,92.27,200,TGT
2025-12-03,9:39:41.006629971,T,92.11,400,92.27,200,TGT
2025-12-03,9:39:41.006634980,T,92.1,100,92.27,200,TGT
2025-12-03,9:39:41.006640041,T,92.13,300,92.27,200,TGT
2025-12-03,9:39:41.006640041,T,92.13,400,92.27,200,TGT
2025-12-03,9:39:41.006945708,T,92.1,100,92.27,200,TGT
2025-12-03,9:39:41.006965750,T,92.1,100,92.27,300,TGT
2025-12-03,9:39:41.006970765,T,92.13,300,92.27,300,TGT
2025-12-03,9:39:41.007000905,T,92.1,100,92.27,300,TGT
2025-12-03,9:39:41.007016050,T,92.1,100,92.24,100,TGT
2025-12-03,9:39:41.007020937,T,92.1,100,92.27,300,TGT
2025-12-03,9:39:41.007030909,T,92.1,100,92.24,100,TGT
2025-12-03,9:39:41.007030909,T,92.1,100,92.27,300,TGT
2025-12-03,9:39:41.007040929,T,92.1,100,92.24,100,TGT
2025-12-03,9:39:41.007051028,T,92.1,100,92.23,100,TGT
2025-12-03,9:39:41.007106162,T,92.1,100,92.18,100,TGT
2025-12-03,9:39:41.007241389,T,92.1,100,92.19,100,TGT
2025-12-03,9:39:41.007241389,T,92.1,100,92.18,100,TGT
2025-12-03,9:39:41.017109988,T,92.1,100,92.19,100,TGT
2025-12-03,9:39:41.017139957,T,92.1,100,92.27,300,TGT
2025-12-03,9:39:41.017154996,T,92.1,100,92.19,100,TGT
2025-12-03,9:39:41.017154996,T,92.1,100,92.27,300,TGT
2025-12-03,9:39:41.551648451,T,92.1,100,92.27,200,TGT
2025-12-03,9:39:42.007023240,T,92.1,100,92.27,300,TGT
2025-12-03,9:39:42.070765087,T,92.1,100,92.27,200,TGT
2025-12-03,9:39:42.070785245,T,92.11,100,92.27,200,TGT
2025-12-03,9:39:42.071882753,T,92.1,100,92.27,200,TGT
2025-12-03,9:39:44.224085346,T,92.12,100,92.27,200,TGT
2025-12-03,9:39:44.224406095,T,92.14,100,92.27,200,TGT
2025-12-03,9:39:44.224406095,T,92.16,100,92.27,200,TGT
2025-12-03,9:39:44.224471231,T,92.19,100,92.27,200,TGT
2025-12-03,9:39:44.225027550,T,92.15,100,92.27,200,TGT
2025-12-03,9:39:44.225468632,T,92.14,100,92.27,200,TGT
2025-12-03,9:39:44.229117303,T,92.14,100,92.3,300,TGT
2025-12-03,9:39:44.234790862,T,92.12,100,92.3,300,TGT
2025-12-03,9:39:44.741417823,T,92.11,100,92.3,300,TGT
2025-12-03,9:39:44.749542152,T,92.11,100,92.3,500,TGT
2025-12-03,9:39:45.550550374,T,92.09,200,92.3,500,TGT
2025-12-03,9:39:47.552985861,T,92.09,200,92.3,300,TGT
2025-12-03,9:39:48.621030478,T,92.1,100,92.3,300,TGT
2025-12-03,9:39:49.316407348,T,92.12,100,92.3,300,TGT
2025-12-03,9:39:49.545437846,T,92.15,100,92.3,300,TGT
2025-12-03,9:39:49.545447928,T,92.12,100,92.3,300,TGT
2025-12-03,9:39:49.545528097,T,92.15,100,92.3,300,TGT
2025-12-03,9:39:49.545558208,T,92.18,100,92.3,300,TGT
2025-12-03,9:39:49.545643314,T,92.15,100,92.3,300,TGT
2025-12-03,9:39:49.545743650,T,92.16,100,92.3,300,TGT
2025-12-03,9:39:49.545753622,T,92.22,100,92.3,300,TGT
2025-12-03,9:39:49.545773692,T,92.18,100,92.3,300,TGT
2025-12-03,9:39:49.545788656,T,92.15,100,92.3,300,TGT
2025-12-03,9:39:49.546044339,T,92.18,100,92.3,300,TGT
2025-12-03,9:39:49.546700859,T,92.15,100,92.3,300,TGT
2025-12-03,9:39:49.547267273,T,92.12,100,92.3,300,TGT
2025-12-03,9:39:50.073906896,T,92.16,100,92.3,300,TGT
2025-12-03,9:39:50.074042206,T,92.18,100,92.3,300,TGT
2025-12-03,9:39:50.074082376,T,92.19,100,92.3,300,TGT
2025-12-03,9:39:50.074122414,T,92.2,100,92.3,300,TGT
2025-12-03,9:39:50.074448218,T,92.2,100,92.3,400,TGT
2025-12-03,9:39:50.081249386,T,92.19,100,92.3,400,TGT
2025-12-03,9:39:50.081464912,T,92.2,100,92.3,400,TGT
2025-12-03,9:39:50.087238631,T,92.2,100,92.3,100,TGT
2025-12-03,9:39:50.087238631,T,92.2,100,92.36,100,TGT
2025-12-03,9:39:50.087258825,T,92.28,100,92.36,100,TGT
2025-12-03,9:39:50.087288759,T,92.26,200,92.36,100,TGT
2025-12-03,9:39:50.087308853,T,92.26,200,92.32,100,TGT
2025-12-03,9:39:50.087328861,T,92.26,200,92.28,100,TGT
2025-12-03,9:39:50.087348920,T,92.26,200,92.32,100,TGT
2025-12-03,9:39:50.087389076,T,92.27,100,92.32,100,TGT
2025-12-03,9:39:50.087419085,T,92.26,200,92.32,100,TGT
2025-12-03,9:39:50.087484487,T,92.26,100,92.32,100,TGT
2025-12-03,9:39:50.087489333,T,92.23,100,92.32,100,TGT
2025-12-03,9:39:50.087519383,T,92.23,100,92.28,100,TGT
2025-12-03,9:39:50.087624633,T,92.24,100,92.28,100,TGT
2025-12-03,9:39:50.087639584,T,92.23,100,92.28,100,TGT
2025-12-03,9:39:50.087754908,T,92.25,100,92.28,100,TGT
2025-12-03,9:39:50.087780086,T,92.24,100,92.28,100,TGT
2025-12-03,9:39:50.087785038,T,92.23,100,92.28,100,TGT
2025-12-03,9:39:50.087795023,T,92.22,100,92.28,100,TGT
2025-12-03,9:39:50.088055680,T,92.22,100,92.32,100,TGT
2025-12-03,9:39:50.088085792,T,92.22,100,92.27,100,TGT
2025-12-03,9:39:50.088160878,T,92.22,100,92.27,200,TGT
2025-12-03,9:39:50.088406585,T,92.22,100,92.27,100,TGT
2025-12-03,9:39:50.088431897,T,92.22,100,92.25,100,TGT
2025-12-03,9:39:50.088471603,T,92.22,100,92.27,100,TGT
2025-12-03,9:39:50.088471603,T,92.22,100,92.25,100,TGT
2025-12-03,9:39:50.088506724,T,92.22,100,92.32,100,TGT
2025-12-03,9:39:50.088527195,T,92.24,100,92.32,100,TGT
2025-12-03,9:39:50.088527195,T,92.24,200,92.32,100,TGT
2025-12-03,9:39:50.089083048,T,92.24,100,92.32,100,TGT
2025-12-03,9:39:50.089729629,T,92.22,100,92.32,100,TGT
2025-12-03,9:39:50.093062582,T,92.22,100,92.35,100,TGT
2025-12-03,9:39:50.098365141,T,92.22,100,92.36,200,TGT
2025-12-03,9:39:50.098390513,T,92.2,100,92.36,200,TGT
2025-12-03,9:39:50.098390513,T,92.2,100,92.36,100,TGT
2025-12-03,9:39:51.210339295,T,92.25,100,92.36,100,TGT
2025-12-03,9:39:52.321130604,T,92.25,100,92.34,100,TGT
2025-12-03,9:39:52.321195822,T,92.25,100,92.36,100,TGT
2025-12-03,9:39:52.322112896,T,92.25,100,92.36,200,TGT
2025-12-03,9:39:52.322112896,T,92.25,100,92.31,100,TGT
2025-12-03,9:39:52.322173094,T,92.25,100,92.36,100,TGT
2025-12-03,9:39:57.287863196,T,92.27,100,92.36,100,TGT
2025-12-03,9:39:58.256150266,T,92.26,100,92.36,100,TGT
2025-12-03,9:39:58.256170255,T,92.26,100,92.3,100,TGT
2025-12-03,9:39:58.256170255,T,92.26,100,92.29,100,TGT
2025-12-03,9:39:58.256726589,T,92.26,100,92.3,100,TGT
2025-12-03,9:39:58.277836838,T,92.25,100,92.3,100,TGT
2025-12-03,9:39:58.277846889,T,92.25,100,92.3,200,TGT
2025-12-03,9:39:58.277856926,T,92.25,100,92.28,100,TGT
2025-12-03,9:39:58.277856926,T,92.25,100,92.28,200,TGT
2025-12-03,9:39:58.278413192,T,92.25,100,92.28,100,TGT
2025-12-03,9:39:58.278708935,T,92.25,100,92.29,100,TGT
2025-12-03,9:39:58.278733986,T,92.25,100,92.36,200,TGT
2025-12-03,9:39:58.278738962,T,92.25,100,92.36,100,TGT
2025-12-03,9:39:58.279285314,T,92.25,100,92.36,200,TGT
2025-12-03,9:39:58.279305351,T,92.25,100,92.35,100,TGT
2025-12-03,9:39:58.279310329,T,92.25,100,92.36,200,TGT
2025-12-03,9:39:58.279345445,T,92.25,100,92.36,100,TGT
2025-12-03,9:39:58.354459394,T,92.25,500,92.36,100,TGT
2025-12-03,9:39:58.365515711,T,92.25,100,92.36,100,TGT
2025-12-03,9:39:58.365535788,T,92.27,400,92.36,100,TGT
2025-12-03,9:39:58.393011241,T,92.25,100,92.36,100,TGT
2025-12-03,9:39:58.393016227,T,92.26,100,92.36,100,TGT
2025-12-03,9:39:58.393021310,T,92.27,100,92.36,100,TGT
2025-12-03,9:39:58.393036348,T,92.28,400,92.36,100,TGT
2025-12-03,9:39:59.815800742,T,92.3,100,92.36,100,TGT
2025-12-03,9:39:59.815825758,T,92.32,400,92.36,100,TGT
2025-12-03,9:39:59.815850900,T,92.32,400,92.48,100,TGT
2025-12-03,9:39:59.815875875,T,92.32,400,92.49,200,TGT
2025-12-03,9:39:59.815901016,T,92.3,100,92.49,200,TGT
2025-12-03,9:39:59.815910950,T,92.32,100,92.49,200,TGT
2025-12-03,9:39:59.815916045,T,92.33,100,92.49,200,TGT
2025-12-03,9:39:59.815931070,T,92.36,400,92.49,200,TGT
2025-12-03,9:39:59.815961080,T,92.32,100,92.49,200,TGT
2025-12-03,9:39:59.815976168,T,92.32,100,92.47,100,TGT
2025-12-03,9:39:59.815981186,T,92.32,100,92.38,100,TGT
2025-12-03,9:39:59.816236749,T,92.3,100,92.38,100,TGT
2025-12-03,9:39:59.816537515,T,92.3,100,92.41,200,TGT
2025-12-03,9:39:59.816592634,T,92.3,100,92.41,100,TGT
2025-12-03,9:39:59.816743032,T,92.3,100,92.41,200,TGT
2025-12-03,9:39:59.817083795,T,92.3,100,92.41,100,TGT
2025-12-03,9:39:59.817845628,T,92.3,100,92.41,200,TGT
2025-12-03,9:39:59.818296644,T,92.3,100,92.41,100,TGT
2025-12-03,9:39:59.819349243,T,92.3,100,92.41,200,TGT
2025-12-03,9:39:59.826115267,T,92.3,100,92.41,100,TGT
2025-12-03,9:39:59.826160413,T,92.26,100,92.41,100,TGT
2025-12-03,9:39:59.836254410,T,92.26,100,92.49,200,TGT
2025-12-03,9:39:59.837477430,T,92.26,100,92.49,300,TGT
2025-12-03,9:39:59.837502409,T,92.26,100,92.48,100,TGT
2025-12-03,9:39:59.986878268,T,92.25,200,92.48,100,TGT
2025-12-03,9:40:00.363941678,T,92.25,200,92.49,200,TGT
2025-12-03,9:40:02.425492992,T,92.3,100,92.49,200,TGT
2025-12-03,9:40:03.914836086,T,92.3,100,92.44,200,TGT
2025-12-03,9:40:04.295437870,T,92.3,100,92.44,300,TGT
2025-12-03,9:40:05.544318180,T,92.3,100,92.44,400,TGT
2025-12-03,9:40:05.544724082,T,92.25,200,92.44,400,TGT
2025-12-03,9:40:05.544739207,T,92.25,200,92.44,500,TGT
2025-12-03,9:40:05.544744230,T,92.25,200,92.34,100,TGT
2025-12-03,9:40:05.544759254,T,92.25,100,92.34,100,TGT
2025-12-03,9:40:05.549806288,T,92.25,100,92.38,100,TGT
2025-12-03,9:40:05.554843268,T,92.25,100,92.39,200,TGT
2025-12-03,9:40:05.557664982,T,92.25,100,92.39,100,TGT
2025-12-03,9:40:05.690611666,T,92.25,100,92.4,100,TGT
2025-12-03,9:40:05.690616709,T,92.25,100,92.39,100,TGT
2025-12-03,9:40:05.744750678,T,92.25,100,92.4,100,TGT
2025-12-03,9:40:05.748274095,T,92.25,100,92.4,200,TGT
2025-12-03,9:40:05.748304280,T,92.25,100,92.39,100,TGT
2025-12-03,9:40:05.849881161,T,92.25,100,92.39,200,TGT
2025-12-03,9:40:05.872089407,T,92.25,100,92.38,100,TGT
2025-12-03,9:40:05.872089407,T,92.25,100,92.36,100,TGT
2025-12-03,9:40:05.872114158,T,92.25,100,92.36,200,TGT
2025-12-03,9:40:05.872119223,T,92.25,100,92.36,100,TGT
2025-12-03,9:40:05.872139475,T,92.25,100,92.34,100,TGT
2025-12-03,9:40:05.872194297,T,92.25,100,92.33,100,TGT
2025-12-03,9:40:05.872279517,T,92.25,100,92.32,100,TGT
2025-12-03,9:40:05.998755879,T,92.25,100,92.33,100,TGT
2025-12-03,9:40:05.998760854,T,92.25,100,92.36,100,TGT
2025-12-03,9:40:06.000459891,T,92.25,100,92.36,200,TGT
2025-12-03,9:40:06.755764333,T,92.25,100,92.33,100,TGT
2025-12-03,9:40:06.755774335,T,92.25,100,92.36,200,TGT
2025-12-03,9:40:06.755984849,T,92.25,100,92.36,300,TGT
2025-12-03,9:40:06.756180254,T,92.25,100,92.36,200,TGT
2025-12-03,9:40:06.766013764,T,92.25,100,92.36,100,TGT
2025-12-03,9:40:07.026960337,T,92.25,100,92.36,200,TGT
2025-12-03,9:40:07.550943691,T,92.16,100,92.36,200,TGT
2025-12-03,9:40:07.550943691,T,92.18,100,92.36,200,TGT
2025-12-03,9:40:07.550953765,T,92.16,100,92.36,200,TGT
2025-12-03,9:40:07.550963854,T,92.16,100,92.33,100,TGT
2025-12-03,9:40:07.550973788,T,92.16,100,92.32,100,TGT
2025-12-03,9:40:07.550973788,T,92.16,100,92.31,100,TGT
2025-12-03,9:40:07.551038902,T,92.16,100,92.31,200,TGT
2025-12-03,9:40:07.551194260,T,92.16,100,92.29,100,TGT
2025-12-03,9:40:07.551199324,T,92.16,100,92.31,200,TGT
2025-12-03,9:40:07.651217543,T,92.16,100,92.31,100,TGT
2025-12-03,9:40:07.979103755,T,92.16,100,92.32,100,TGT
2025-12-03,9:40:07.979123758,T,92.16,100,92.33,100,TGT
2025-12-03,9:40:07.979148811,T,92.16,100,92.32,100,TGT
2025-12-03,9:40:09.679695219,T,92.22,100,92.32,100,TGT
2025-12-03,9:40:12.211732606,T,92.23,100,92.32,100,TGT
2025-12-03,9:40:12.212775128,T,92.23,100,92.33,100,TGT
2025-12-03,9:40:13.115911641,T,92.23,100,92.36,100,TGT
2025-12-03,9:40:13.115921637,T,92.24,100,92.36,100,TGT
2025-12-03,9:40:13.115936711,T,92.24,100,92.39,100,TGT
2025-12-03,9:40:13.116037023,T,92.23,100,92.39,100,TGT
2025-12-03,9:40:13.116082088,T,92.24,100,92.39,100,TGT
2025-12-03,9:40:13.220761434,T,92.23,100,92.39,100,TGT
2025-12-03,9:40:16.229544477,T,92.23,100,92.4,100,TGT
2025-12-03,9:40:16.229569654,T,92.23,100,92.39,100,TGT
2025-12-03,9:40:16.229574558,T,92.23,100,92.4,100,TGT
2025-12-03,9:40:16.231043061,T,92.23,100,92.44,400,TGT
2025-12-03,9:40:16.232035469,T,92.23,100,92.44,500,TGT
2025-12-03,9:40:16.402792207,T,92.23,100,92.44,400,TGT
2025-12-03,9:40:16.402817338,T,92.23,100,92.44,300,TGT
2025-12-03,9:40:18.957258085,T,92.23,100,92.44,400,TGT
2025-12-03,9:40:20.421511320,T,92.23,100,92.44,300,TGT
2025-12-03,9:40:21.551428283,T,92.24,100,92.44,300,TGT
2025-12-03,9:40:21.551433269,T,92.26,100,92.44,300,TGT
2025-12-03,9:40:21.551438368,T,92.27,100,92.44,300,TGT
2025-12-03,9:40:21.551438368,T,92.28,100,92.44,300,TGT
2025-12-03,9:40:21.551463406,T,92.27,100,92.44,300,TGT
2025-12-03,9:40:21.551523565,T,92.27,200,92.44,300,TGT
2025-12-03,9:40:21.551568990,T,92.32,100,92.44,300,TGT
2025-12-03,9:40:21.551618699,T,92.32,200,92.44,300,TGT
2025-12-03,9:40:21.555533070,T,92.32,100,92.44,300,TGT
2025-12-03,9:40:21.558710685,T,92.27,200,92.44,300,TGT
2025-12-03,9:40:21.561863181,T,92.27,100,92.44,300,TGT
2025-12-03,9:40:21.561868132,T,92.25,100,92.44,300,TGT
2025-12-03,9:40:21.651596904,T,92.23,200,92.44,300,TGT
2025-12-03,9:40:21.651817449,T,92.23,300,92.44,300,TGT
2025-12-03,9:40:21.742974597,T,92.27,100,92.44,300,TGT
2025-12-03,9:40:21.743480825,T,92.27,200,92.44,300,TGT
2025-12-03,9:40:21.743535996,T,92.3,100,92.44,300,TGT
2025-12-03,9:40:21.745615889,T,92.27,100,92.44,300,TGT
2025-12-03,9:40:21.753354296,T,92.25,100,92.44,300,TGT
2025-12-03,9:40:21.753374366,T,92.24,100,92.44,300,TGT
2025-12-03,9:40:21.870032314,T,92.23,100,92.44,300,TGT
2025-12-03,9:40:21.870242750,T,92.23,200,92.44,300,TGT
2025-12-03,9:40:21.870252859,T,92.23,300,92.44,300,TGT
2025-12-03,9:40:21.870438274,T,92.23,400,92.44,300,TGT
2025-12-03,9:40:22.019032283,T,92.23,300,92.44,300,TGT
2025-12-03,9:40:22.019062352,T,92.23,200,92.44,300,TGT
2025-12-03,9:40:22.204659546,T,92.23,300,92.44,300,TGT
2025-12-03,9:40:22.595821390,T,92.23,200,92.44,300,TGT
2025-12-03,9:40:23.032882664,T,92.26,100,92.44,300,TGT
2025-12-03,9:40:23.033659588,T,92.26,200,92.44,300,TGT
2025-12-03,9:40:28.024038696,T,92.26,200,92.44,100,TGT
2025-12-03,9:40:28.024058926,T,92.26,200,92.5,100,TGT
2025-12-03,9:40:28.024058926,T,92.27,100,92.5,100,TGT
2025-12-03,9:40:28.024063793,T,92.3,100,92.5,100,TGT
2025-12-03,9:40:28.024089141,T,92.31,100,92.5,100,TGT
2025-12-03,9:40:28.024129132,T,92.31,100,92.52,100,TGT
2025-12-03,9:40:28.024129132,T,92.36,100,92.52,100,TGT
2025-12-03,9:40:28.024148965,T,92.37,100,92.52,100,TGT
2025-12-03,9:40:28.024159422,T,92.38,100,92.52,100,TGT
2025-12-03,9:40:28.024184108,T,92.38,100,92.56,100,TGT
2025-12-03,9:40:28.024725416,T,92.41,100,92.56,100,TGT
2025-12-03,9:40:28.025096215,T,92.38,100,92.56,100,TGT
2025-12-03,9:40:28.033997455,T,92.38,100,92.58,100,TGT
2025-12-03,9:40:28.034017497,T,92.38,200,92.58,100,TGT
2025-12-03,9:40:28.034017497,T,92.41,100,92.58,100,TGT
2025-12-03,9:40:28.034027541,T,92.42,100,92.58,100,TGT
2025-12-03,9:40:28.034042582,T,92.41,100,92.58,100,TGT
2025-12-03,9:40:28.034047627,T,92.42,100,92.58,100,TGT
2025-12-03,9:40:28.034273105,T,92.42,200,92.58,100,TGT
2025-12-03,9:40:28.034488651,T,92.42,200,92.6,100,TGT
2025-12-03,9:40:28.034513731,T,92.42,200,92.67,200,TGT
2025-12-03,9:40:28.034543806,T,92.42,200,92.6,100,TGT
2025-12-03,9:40:28.041104360,T,92.42,100,92.6,100,TGT
2025-12-03,9:40:28.044397284,T,92.38,100,92.6,100,TGT
2025-12-03,9:40:28.044427362,T,92.31,100,92.6,100,TGT
2025-12-03,9:40:28.045108925,T,92.31,200,92.6,100,TGT
2025-12-03,9:40:28.052421345,T,92.31,200,92.64,100,TGT
2025-12-03,9:40:28.052516608,T,92.31,100,92.64,100,TGT
2025-12-03,9:40:28.175138786,T,92.27,100,92.64,100,TGT
2025-12-03,9:40:28.175349256,T,92.27,200,92.64,100,TGT
2025-12-03,9:40:28.175359256,T,92.27,300,92.64,100,TGT
2025-12-03,9:40:28.346416814,T,92.27,200,92.64,100,TGT
2025-12-03,9:40:28.346637332,T,92.27,100,92.64,100,TGT
2025-12-03,9:40:29.034415847,T,92.27,100,92.6,100,TGT
2025-12-03,9:40:30.029055506,T,92.28,100,92.6,100,TGT
2025-12-03,9:40:30.241722175,T,92.28,200,92.6,100,TGT
2025-12-03,9:40:31.880160560,T,92.28,300,92.6,100,TGT
2025-12-03,9:40:36.316695219,T,92.28,300,92.58,100,TGT
2025-12-03,9:40:42.730670739,T,92.3,100,92.58,100,TGT
2025-12-03,9:40:44.285885950,T,92.28,200,92.58,100,TGT
2025-12-03,9:40:44.286437212,T,92.28,200,92.49,100,TGT
2025-12-03,9:40:44.286582547,T,92.31,100,92.49,100,TGT
2025-12-03,9:40:44.286963455,T,92.28,200,92.49,100,TGT
2025-12-03,9:40:44.288837915,T,92.28,200,92.56,100,TGT
2025-12-03,9:40:44.289709959,T,92.28,200,92.49,100,TGT
2025-12-03,9:40:44.289930505,T,92.28,200,92.49,200,TGT
2025-12-03,9:40:44.451059425,T,92.28,200,92.49,100,TGT
2025-12-03,9:40:44.451289944,T,92.28,200,92.56,100,TGT
2025-12-03,9:40:44.650123636,T,92.28,200,92.58,100,TGT
2025-12-03,9:40:44.956523614,T,92.28,200,92.49,100,TGT
2025-12-03,9:40:45.313458925,T,92.28,200,92.49,200,TGT
2025-12-03,9:40:45.854863801,T,92.28,200,92.49,100,TGT
2025-12-03,9:40:47.189017346,T,92.28,200,92.56,100,TGT
2025-12-03,9:40:47.761080181,T,92.28,200,92.58,100,TGT
2025-12-03,9:40:55.763855898,T,92.28,200,92.57,100,TGT
2025-12-03,9:41:01.731488017,T,92.28,100,92.57,100,TGT
2025-12-03,9:41:01.952279102,T,92.28,100,92.52,100,TGT
2025-12-03,9:41:01.980877225,T,92.28,100,92.57,100,TGT
2025-12-03,9:41:05.930586758,T,92.29,100,92.57,100,TGT
2025-12-03,9:41:07.783606241,T,92.29,100,92.5,100,TGT
2025-12-03,9:41:08.176547565,T,92.29,100,92.39,100,TGT
2025-12-03,9:41:08.176582617,T,92.29,100,92.36,100,TGT
2025-12-03,9:41:08.203130949,T,92.26,100,92.36,100,TGT
2025-12-03,9:41:08.203160984,T,92.26,100,92.36,200,TGT
2025-12-03,9:41:08.203181191,T,92.26,100,92.36,100,TGT
2025-12-03,9:41:08.203426669,T,92.26,100,92.34,100,TGT
2025-12-03,9:41:08.210202966,T,92.26,100,92.35,100,TGT
2025-12-03,9:41:08.210889381,T,92.26,100,92.36,100,TGT
2025-12-03,9:41:10.196865541,T,92.26,100,92.48,100,TGT
2025-12-03,9:41:12.751817634,T,92.26,200,92.48,100,TGT
2025-12-03,9:41:13.154742436,T,92.26,200,92.42,100,TGT
2025-12-03,9:41:13.473717291,T,92.26,200,92.4,100,TGT
2025-12-03,9:41:13.473717291,T,92.26,200,92.39,100,TGT
2025-12-03,9:41:13.473722251,T,92.26,100,92.39,100,TGT
2025-12-03,9:41:13.473722251,T,92.18,100,92.39,100,TGT
2025-12-03,9:41:13.473742624,T,92.18,100,92.29,100,TGT
2025-12-03,9:41:13.473742624,T,92.18,100,92.27,100,TGT
2025-12-03,9:41:13.473872694,T,92.16,100,92.27,100,TGT
2025-12-03,9:41:13.473897724,T,92.13,100,92.27,100,TGT
2025-12-03,9:41:13.474123219,T,92.21,100,92.27,100,TGT
2025-12-03,9:41:13.474133282,T,92.13,100,92.27,100,TGT
2025-12-03,9:41:13.474143366,T,92.14,100,92.27,100,TGT
2025-12-03,9:41:13.474143366,T,92.16,100,92.27,100,TGT
2025-12-03,9:41:13.474158309,T,92.25,100,92.27,100,TGT
2025-12-03,9:41:13.474328849,T,92.16,100,92.27,100,TGT
2025-12-03,9:41:13.474328849,T,92.14,100,92.27,100,TGT
2025-12-03,9:41:13.474333877,T,92.13,100,92.27,100,TGT
2025-12-03,9:41:13.474333877,T,92.13,100,92.29,100,TGT
2025-12-03,9:41:13.474348858,T,92.13,100,92.26,100,TGT
2025-12-03,9:41:13.474358862,T,92.13,100,92.29,100,TGT
2025-12-03,9:41:13.474358862,T,92.21,100,92.29,100,TGT
2025-12-03,9:41:13.474378872,T,92.22,100,92.29,100,TGT
2025-12-03,9:41:13.474394296,T,92.24,100,92.29,100,TGT
2025-12-03,9:41:13.474428958,T,92.26,100,92.29,100,TGT
2025-12-03,9:41:13.474459322,T,92.13,100,92.29,100,TGT
2025-12-03,9:41:13.474479181,T,92.13,100,92.28,100,TGT
2025-12-03,9:41:13.474634486,T,92.14,100,92.28,100,TGT
2025-12-03,9:41:13.474659481,T,92.13,100,92.28,100,TGT
2025-12-03,9:41:13.474679593,T,92.13,100,92.26,100,TGT
2025-12-03,9:41:13.474694581,T,92.13,100,92.28,100,TGT
2025-12-03,9:41:13.474719622,T,92.14,100,92.28,100,TGT
2025-12-03,9:41:13.474744740,T,92.16,100,92.28,100,TGT
2025-12-03,9:41:13.474804824,T,92.14,100,92.28,100,TGT
2025-12-03,9:41:13.474804824,T,92.16,100,92.28,100,TGT
2025-12-03,9:41:13.474875106,T,92.21,100,92.28,100,TGT
2025-12-03,9:41:13.474900104,T,92.16,100,92.28,100,TGT
2025-12-03,9:41:13.476007754,T,92.16,100,92.29,200,TGT
2025-12-03,9:41:13.476027766,T,92.16,100,92.29,100,TGT
2025-12-03,9:41:13.476027766,T,92.16,100,92.39,100,TGT
2025-12-03,9:41:13.476032753,T,92.22,100,92.39,100,TGT
2025-12-03,9:41:13.476052891,T,92.14,100,92.39,100,TGT
2025-12-03,9:41:13.476057849,T,92.22,100,92.39,100,TGT
2025-12-03,9:41:13.476057849,T,92.25,100,92.39,100,TGT
2025-12-03,9:41:13.482568537,T,92.22,100,92.39,100,TGT
2025-12-03,9:41:13.482568537,T,92.16,100,92.39,100,TGT
2025-12-03,9:41:13.482568537,T,92.22,100,92.39,100,TGT
2025-12-03,9:41:13.482593879,T,92.16,100,92.39,100,TGT
2025-12-03,9:41:13.482593879,T,92.16,100,92.3,100,TGT
2025-12-03,9:41:13.482598446,T,92.13,100,92.3,100,TGT
2025-12-03,9:41:13.482608420,T,92.13,100,92.3,200,TGT
2025-12-03,9:41:13.482628562,T,92.16,100,92.3,200,TGT
2025-12-03,9:41:13.482773848,T,92.21,100,92.3,200,TGT
2025-12-03,9:41:13.482829210,T,92.16,100,92.3,200,TGT
2025-12-03,9:41:13.482834017,T,92.21,100,92.3,200,TGT
2025-12-03,9:41:13.485319968,T,92.21,100,92.3,100,TGT
2025-12-03,9:41:13.485350387,T,92.21,100,92.39,100,TGT
2025-12-03,9:41:13.485375115,T,92.22,100,92.39,100,TGT
2025-12-03,9:41:13.485385040,T,92.21,100,92.39,100,TGT
2025-12-03,9:41:13.485776044,T,92.21,100,92.39,200,TGT
2025-12-03,9:41:13.487394861,T,92.16,100,92.39,200,TGT
2025-12-03,9:41:13.487931097,T,92.16,100,92.39,100,TGT
2025-12-03,9:41:13.488211868,T,92.22,100,92.39,100,TGT
2025-12-03,9:41:13.492336696,T,92.22,100,92.39,200,TGT
2025-12-03,9:41:13.497564069,T,92.22,100,92.39,100,TGT
2025-12-03,9:41:13.498010124,T,92.22,100,92.39,200,TGT
2025-12-03,9:41:13.562919844,T,92.22,100,92.39,100,TGT
2025-12-03,9:41:13.564117585,T,92.22,100,92.39,200,TGT
2025-12-03,9:41:13.639582390,T,92.14,100,92.39,200,TGT
2025-12-03,9:41:13.639587445,T,92.13,100,92.39,200,TGT
2025-12-03,9:41:13.639637593,T,92.13,100,92.39,100,TGT
2025-12-03,9:41:13.640058526,T,92.13,100,92.39,200,TGT
2025-12-03,9:41:18.254005529,T,92.18,100,92.39,200,TGT
2025-12-03,9:41:19.707308168,T,92.23,100,92.39,200,TGT
2025-12-03,9:41:19.707337977,T,92.23,200,92.39,200,TGT
2025-12-03,9:41:19.707343050,T,92.26,100,92.39,200,TGT
2025-12-03,9:41:19.707558512,T,92.26,100,92.39,100,TGT
2025-12-03,9:41:19.707804125,T,92.27,100,92.39,100,TGT
2025-12-03,9:41:19.707834193,T,92.28,100,92.39,100,TGT
2025-12-03,9:41:19.707839170,T,92.27,100,92.39,100,TGT
2025-12-03,9:41:19.707849277,T,92.27,100,92.5,200,TGT
2025-12-03,9:41:19.707864241,T,92.26,100,92.5,200,TGT
2025-12-03,9:41:19.707909388,T,92.26,100,92.5,100,TGT
2025-12-03,9:41:19.714339660,T,92.23,100,92.5,100,TGT
2025-12-03,9:41:19.717502220,T,92.22,100,92.5,100,TGT
2025-12-03,9:41:19.785028149,T,92.22,100,92.41,100,TGT
2025-12-03,9:41:19.877653782,T,92.22,100,92.5,100,TGT
2025-12-03,9:41:19.907750459,T,92.18,100,92.5,100,TGT
2025-12-03,9:41:20.224129055,T,92.18,100,92.29,400,TGT
2025-12-03,9:41:20.224149172,T,92.18,100,92.48,100,TGT
2025-12-03,9:41:20.224154124,T,92.18,100,92.5,100,TGT
2025-12-03,9:41:20.224169218,T,92.26,100,92.5,100,TGT
2025-12-03,9:41:20.224725477,T,92.23,100,92.5,100,TGT
2025-12-03,9:41:20.231221008,T,92.18,100,92.5,100,TGT
2025-12-03,9:41:22.305272455,T,92.23,100,92.5,100,TGT
2025-12-03,9:41:22.305282387,T,92.25,100,92.5,100,TGT
2025-12-03,9:41:22.305322482,T,92.29,100,92.5,100,TGT
2025-12-03,9:41:22.309803256,T,92.3,100,92.5,100,TGT
2025-12-03,9:41:22.309828560,T,92.29,100,92.5,100,TGT
2025-12-03,9:41:22.309828560,T,92.3,100,92.5,100,TGT
2025-12-03,9:41:22.309833665,T,92.32,100,92.5,100,TGT
2025-12-03,9:41:22.311366873,T,92.32,200,92.5,100,TGT
2025-12-03,9:41:22.311387014,T,92.32,300,92.5,100,TGT
2025-12-03,9:41:22.311396952,T,92.32,200,92.5,100,TGT
2025-12-03,9:41:22.311422109,T,92.32,300,92.5,100,TGT
2025-12-03,9:41:22.311487176,T,92.32,200,92.5,100,TGT
2025-12-03,9:41:22.312228973,T,92.32,300,92.5,100,TGT
2025-12-03,9:41:22.312234001,T,92.34,100,92.5,100,TGT
2025-12-03,9:41:22.312239119,T,92.35,100,92.5,100,TGT
2025-12-03,9:41:22.312324210,T,92.34,100,92.5,100,TGT
2025-12-03,9:41:22.312344283,T,92.33,100,92.5,100,TGT
2025-12-03,9:41:22.312369322,T,92.34,100,92.5,100,TGT
2025-12-03,9:41:22.312409425,T,92.35,100,92.5,100,TGT
2025-12-03,9:41:22.312745234,T,92.36,100,92.5,100,TGT
2025-12-03,9:41:22.312755199,T,92.37,100,92.5,100,TGT
2025-12-03,9:41:22.313712556,T,92.36,100,92.5,100,TGT
2025-12-03,9:41:22.313737625,T,92.37,100,92.5,100,TGT
2025-12-03,9:41:22.332066243,T,92.35,100,92.5,100,TGT
2025-12-03,9:41:22.332066243,T,92.37,100,92.5,100,TGT
2025-12-03,9:41:22.332071552,T,92.38,100,92.5,100,TGT
2025-12-03,9:41:22.332076297,T,92.38,100,92.51,100,TGT
2025-12-03,9:41:22.332096276,T,92.37,100,92.51,100,TGT
2025-12-03,9:41:22.332096276,T,92.38,100,92.51,100,TGT
2025-12-03,9:41:22.332136422,T,92.37,100,92.51,100,TGT
2025-12-03,9:41:22.332156489,T,92.35,100,92.51,100,TGT
2025-12-03,9:41:22.332181459,T,92.37,100,92.51,100,TGT
2025-12-03,9:41:22.334682626,T,92.37,100,92.54,100,TGT
2025-12-03,9:41:22.915531299,T,92.37,100,92.56,100,TGT
2025-12-03,9:41:24.286196560,T,92.37,100,92.6,300,TGT
2025-12-03,9:41:24.286216583,T,92.45,100,92.6,300,TGT
2025-12-03,9:41:24.286266761,T,92.45,100,92.6,200,TGT
2025-12-03,9:41:24.286472312,T,92.47,100,92.6,200,TGT
2025-12-03,9:41:24.286507303,T,92.45,100,92.6,200,TGT
2025-12-03,9:41:24.286537510,T,92.45,100,92.51,100,TGT
2025-12-03,9:41:24.286657664,T,92.45,200,92.51,100,TGT
2025-12-03,9:41:24.287018523,T,92.47,100,92.51,100,TGT
2025-12-03,9:41:24.287048645,T,92.48,100,92.51,100,TGT
2025-12-03,9:41:24.287138823,T,92.49,100,92.51,100,TGT
2025-12-03,9:41:24.287164414,T,92.49,100,92.6,200,TGT
2025-12-03,9:41:24.287183877,T,92.48,100,92.6,200,TGT
2025-12-03,9:41:24.287188874,T,92.49,100,92.6,200,TGT
2025-12-03,9:41:24.287213971,T,92.5,100,92.6,200,TGT
2025-12-03,9:41:24.287229023,T,92.45,200,92.6,200,TGT
2025-12-03,9:41:24.287238998,T,92.45,100,92.6,200,TGT
2025-12-03,9:41:24.287264080,T,92.5,100,92.6,200,TGT
2025-12-03,9:41:24.287404398,T,92.47,100,92.6,200,TGT
2025-12-03,9:41:24.287409450,T,92.45,100,92.6,200,TGT
2025-12-03,9:41:24.287429583,T,92.45,100,92.53,100,TGT
2025-12-03,9:41:24.287434525,T,92.45,100,92.53,200,TGT
2025-12-03,9:41:24.287434525,T,92.45,200,92.53,200,TGT
2025-12-03,9:41:24.287434525,T,92.45,100,92.53,200,TGT
2025-12-03,9:41:24.287444523,T,92.47,100,92.53,200,TGT
2025-12-03,9:41:24.287454649,T,92.45,100,92.53,200,TGT
2025-12-03,9:41:24.287474579,T,92.45,100,92.53,300,TGT
2025-12-03,9:41:24.287489620,T,92.45,100,92.52,100,TGT
2025-12-03,9:41:24.287535425,T,92.45,100,92.53,300,TGT
2025-12-03,9:41:24.287535425,T,92.45,100,92.53,200,TGT
2025-12-03,9:41:24.287544712,T,92.45,100,92.52,100,TGT
2025-12-03,9:41:24.287544712,T,92.45,100,92.51,100,TGT
2025-12-03,9:41:24.287619919,T,92.45,200,92.51,100,TGT
2025-12-03,9:41:24.287645057,T,92.45,100,92.51,100,TGT
2025-12-03,9:41:24.287700116,T,92.45,100,92.53,200,TGT
2025-12-03,9:41:24.287810632,T,92.46,100,92.53,200,TGT
2025-12-03,9:41:24.287825408,T,92.45,100,92.53,200,TGT
2025-12-03,9:41:24.287835452,T,92.46,100,92.53,200,TGT
2025-12-03,9:41:24.287835452,T,92.45,100,92.53,200,TGT
2025-12-03,9:41:24.287840704,T,92.45,100,92.51,100,TGT
2025-12-03,9:41:24.289754980,T,92.48,100,92.51,100,TGT
2025-12-03,9:41:24.290311307,T,92.45,100,92.51,100,TGT
2025-12-03,9:41:24.296681524,T,92.4,100,92.51,100,TGT
2025-12-03,9:41:24.304705636,T,92.4,200,92.51,100,TGT
2025-12-03,9:41:24.304705636,T,92.41,100,92.51,100,TGT
2025-12-03,9:41:24.304720652,T,92.43,100,92.51,100,TGT
2025-12-03,9:41:24.304750771,T,92.43,100,92.52,100,TGT
2025-12-03,9:41:24.304771269,T,92.48,100,92.52,100,TGT
2025-12-03,9:41:24.304785864,T,92.48,100,92.53,100,TGT
2025-12-03,9:41:24.304805860,T,92.48,100,92.6,100,TGT
2025-12-03,9:41:24.304805860,T,92.48,100,92.64,100,TGT
2025-12-03,9:41:24.304810916,T,92.48,100,92.65,100,TGT
2025-12-03,9:41:24.304835981,T,92.48,100,92.66,200,TGT
2025-12-03,9:41:24.305332092,T,92.43,100,92.66,200,TGT
2025-12-03,9:41:24.305342101,T,92.43,200,92.66,200,TGT
2025-12-03,9:41:24.305352178,T,92.43,200,92.66,300,TGT
2025-12-03,9:41:24.305362193,T,92.43,200,92.66,500,TGT
2025-12-03,9:41:24.305377210,T,92.43,200,92.66,600,TGT
2025-12-03,9:41:24.305452447,T,92.43,100,92.66,600,TGT
2025-12-03,9:41:24.307001130,T,92.43,100,92.66,500,TGT
2025-12-03,9:41:24.315752085,T,92.43,100,92.66,400,TGT
2025-12-03,9:41:24.589368787,T,92.51,100,92.66,400,TGT
2025-12-03,9:41:24.739541561,T,92.51,100,92.66,500,TGT
2025-12-03,9:41:25.090161838,T,92.51,100,92.66,400,TGT
2025-12-03,9:41:26.307437462,T,92.51,200,92.66,400,TGT
2025-12-03,9:41:26.307441911,T,92.51,100,92.66,400,TGT
2025-12-03,9:41:26.307441911,T,92.52,100,92.66,400,TGT
2025-12-03,9:41:26.307466871,T,92.51,100,92.66,400,TGT
2025-12-03,9:41:26.396378792,T,92.51,100,92.6,100,TGT
2025-12-03,9:41:26.402573519,T,92.51,100,92.66,400,TGT
2025-12-03,9:41:27.797130792,T,92.51,200,92.66,400,TGT
2025-12-03,9:41:27.912204932,T,92.51,100,92.66,400,TGT
2025-12-03,9:41:27.912225054,T,92.43,200,92.66,400,TGT
2025-12-03,9:41:28.735626636,T,92.48,100,92.66,400,TGT
2025-12-03,9:41:30.175256381,T,92.55,100,92.66,400,TGT
2025-12-03,9:41:30.196893365,T,92.55,100,92.64,100,TGT
2025-12-03,9:41:30.237890695,T,92.55,200,92.64,100,TGT
2025-12-03,9:41:30.237920761,T,92.55,100,92.64,100,TGT
2025-12-03,9:41:31.777864494,T,92.48,100,92.64,100,TGT
2025-12-03,9:41:33.550893500,T,92.57,100,92.64,100,TGT
2025-12-03,9:41:33.606205370,T,92.58,100,92.64,100,TGT
2025-12-03,9:41:33.606215310,T,92.57,100,92.64,100,TGT
2025-12-03,9:41:33.606235475,T,92.58,100,92.64,100,TGT
2025-12-03,9:41:33.606325645,T,92.57,100,92.64,100,TGT
2025-12-03,9:41:33.606325645,T,92.58,100,92.64,100,TGT
2025-12-03,9:41:33.606350670,T,92.57,200,92.64,100,TGT
2025-12-03,9:41:33.608561009,T,92.57,200,92.66,400,TGT
2025-12-03,9:41:33.608581038,T,92.58,100,92.66,400,TGT
2025-12-03,9:41:33.608586025,T,92.57,200,92.66,400,TGT
2025-12-03,9:41:33.608586025,T,92.58,100,92.66,400,TGT
2025-12-03,9:41:33.608601046,T,92.57,100,92.66,400,TGT
2025-12-03,9:41:33.608681194,T,92.57,100,92.64,100,TGT
2025-12-03,9:41:33.608721366,T,92.57,100,92.63,100,TGT
2025-12-03,9:41:33.609858994,T,92.57,100,92.64,100,TGT
2025-12-03,9:41:33.610350182,T,92.57,100,92.63,100,TGT
2025-12-03,9:41:34.396924124,T,92.57,100,92.64,100,TGT
2025-12-03,9:41:34.396964280,T,92.57,100,92.66,400,TGT
2025-12-03,9:41:34.396974205,T,92.58,100,92.66,400,TGT
2025-12-03,9:41:34.396994280,T,92.57,200,92.66,400,TGT
2025-12-03,9:41:34.401369760,T,92.58,100,92.66,400,TGT
2025-12-03,9:41:34.401369760,T,92.59,100,92.66,400,TGT
2025-12-03,9:41:34.401379717,T,92.58,100,92.66,400,TGT
2025-12-03,9:41:34.401545183,T,92.57,100,92.66,400,TGT
2025-12-03,9:41:34.405845359,T,92.57,100,92.66,200,TGT
2025-12-03,9:41:34.405850383,T,92.57,100,92.75,100,TGT
2025-12-03,9:41:34.405870499,T,92.65,100,92.75,100,TGT
2025-12-03,9:41:34.405915561,T,92.64,100,92.75,100,TGT
2025-12-03,9:41:34.405940558,T,92.64,100,92.76,100,TGT
2025-12-03,9:41:34.405945595,T,92.64,100,92.77,200,TGT
2025-12-03,9:41:34.405955690,T,92.64,100,92.68,100,TGT
2025-12-03,9:41:34.405985787,T,92.64,100,92.65,100,TGT
2025-12-03,9:41:34.406040833,T,92.64,100,92.75,100,TGT
2025-12-03,9:41:34.406401725,T,92.57,100,92.75,100,TGT
2025-12-03,9:41:34.953910991,T,92.49,100,92.75,100,TGT
2025-12-03,9:41:34.953936045,T,92.48,200,92.75,100,TGT
2025-12-03,9:41:35.016941214,T,92.48,100,92.75,100,TGT
2025-12-03,9:41:35.049674221,T,92.53,100,92.75,100,TGT
2025-12-03,9:41:35.049709296,T,92.58,100,92.75,100,TGT
2025-12-03,9:41:35.195205873,T,92.58,200,92.75,100,TGT
2025-12-03,9:41:35.195205873,T,92.58,100,92.75,100,TGT
2025-12-03,9:41:35.439968974,T,92.59,100,92.75,100,TGT
2025-12-03,9:41:35.439978992,T,92.58,100,92.75,100,TGT
2025-12-03,9:41:35.508878193,T,92.6,100,92.75,100,TGT
2025-12-03,9:41:35.508878193,T,92.58,100,92.75,100,TGT
2025-12-03,9:41:35.533080808,T,92.61,100,92.75,100,TGT
2025-12-03,9:41:35.533090845,T,92.58,100,92.75,100,TGT
2025-12-03,9:41:36.301947457,T,92.63,100,92.75,100,TGT
2025-12-03,9:41:37.413906626,T,92.63,100,92.69,100,TGT
2025-12-03,9:41:39.725744351,T,92.63,200,92.69,100,TGT
2025-12-03,9:41:43.537891204,T,92.63,200,92.75,100,TGT
2025-12-03,9:41:43.537911245,T,92.65,100,92.75,100,TGT
2025-12-03,9:41:43.539279563,T,92.63,200,92.75,100,TGT
2025-12-03,9:41:44.036679519,T,92.63,100,92.75,100,TGT
2025-12-03,9:41:44.304698136,T,92.66,100,92.75,100,TGT
2025-12-03,9:41:44.304708165,T,92.63,100,92.75,100,TGT
2025-12-03,9:41:44.304728215,T,92.63,100,92.79,100,TGT
2025-12-03,9:41:44.569268487,T,92.63,100,92.78,100,TGT
2025-12-03,9:41:44.569273508,T,92.63,100,92.76,100,TGT
2025-12-03,9:41:44.573769177,T,92.64,100,92.76,100,TGT
2025-12-03,9:41:44.573779434,T,92.64,100,92.78,100,TGT
2025-12-03,9:41:44.574455808,T,92.64,100,92.79,100,TGT
2025-12-03,9:41:44.574465862,T,92.64,100,92.8,100,TGT
2025-12-03,9:41:44.580805876,T,92.63,100,92.8,100,TGT
2025-12-03,9:41:44.599756107,T,92.64,100,92.8,100,TGT
2025-12-03,9:41:45.232408260,T,92.63,100,92.8,100,TGT
2025-12-03,9:41:45.241099012,T,92.63,100,92.79,100,TGT
2025-12-03,9:41:45.693712264,T,92.65,100,92.79,100,TGT
2025-12-03,9:41:47.791725473,T,92.65,100,92.75,100,TGT
2025-12-03,9:41:47.791815704,T,92.59,100,92.75,100,TGT
2025-12-03,9:41:47.791860809,T,92.59,100,92.73,100,TGT
2025-12-03,9:41:47.791870854,T,92.59,100,92.7,100,TGT
2025-12-03,9:41:47.798882522,T,92.59,100,92.71,100,TGT
2025-12-03,9:41:47.891949252,T,92.59,100,92.75,100,TGT
2025-12-03,9:41:50.032984941,T,92.64,100,92.75,100,TGT
2025-12-03,9:41:50.162959656,T,92.65,100,92.75,100,TGT
2025-12-03,9:41:50.162959656,T,92.66,100,92.75,100,TGT
2025-12-03,9:41:50.162969619,T,92.66,100,92.79,100,TGT
2025-12-03,9:41:50.162994780,T,92.66,100,92.8,100,TGT
2025-12-03,9:41:50.163014754,T,92.64,100,92.8,100,TGT
2025-12-03,9:41:50.163049761,T,92.66,100,92.8,100,TGT
2025-12-03,9:41:50.163906862,T,92.68,100,92.8,100,TGT
2025-12-03,9:41:50.169695634,T,92.68,100,92.85,300,TGT
2025-12-03,9:41:50.169715826,T,92.68,200,92.85,300,TGT
2025-12-03,9:41:50.169720701,T,92.7,100,92.85,300,TGT
2025-12-03,9:41:50.169725730,T,92.68,200,92.85,300,TGT
2025-12-03,9:41:50.169725730,T,92.7,100,92.85,300,TGT
2025-12-03,9:41:50.169735673,T,92.68,200,92.85,300,TGT
2025-12-03,9:41:50.169740915,T,92.7,100,92.85,300,TGT
2025-12-03,9:41:50.169745727,T,92.68,200,92.85,300,TGT
2025-12-03,9:41:50.169745727,T,92.68,100,92.85,300,TGT
2025-12-03,9:41:50.169755994,T,92.71,100,92.85,300,TGT
2025-12-03,9:41:50.169755994,T,92.7,100,92.85,300,TGT
2025-12-03,9:41:50.169760722,T,92.73,100,92.85,300,TGT
2025-12-03,9:41:50.169765811,T,92.73,200,92.85,300,TGT
2025-12-03,9:41:50.169770791,T,92.73,200,92.85,200,TGT
2025-12-03,9:41:50.169785803,T,92.73,100,92.85,200,TGT
2025-12-03,9:41:50.169901439,T,92.68,200,92.85,200,TGT
2025-12-03,9:41:50.169901439,T,92.68,100,92.85,200,TGT
2025-12-03,9:41:50.169911109,T,92.68,100,92.86,100,TGT
2025-12-03,9:41:50.169921150,T,92.68,100,92.77,100,TGT
2025-12-03,9:41:50.169931222,T,92.68,100,92.77,200,TGT
2025-12-03,9:41:50.170036551,T,92.68,100,92.77,100,TGT
2025-12-03,9:41:50.170066568,T,92.68,100,92.75,100,TGT
2025-12-03,9:41:50.170146721,T,92.68,100,92.74,100,TGT
2025-12-03,9:41:50.170196871,T,92.68,100,92.73,100,TGT
2025-12-03,9:41:50.190775879,T,92.68,100,92.74,100,TGT
2025-12-03,9:41:50.190811000,T,92.68,100,92.88,100,TGT
2025-12-03,9:41:50.190831088,T,92.72,100,92.88,100,TGT
2025-12-03,9:41:50.190835990,T,92.71,100,92.88,100,TGT
2025-12-03,9:41:50.190866058,T,92.68,100,92.88,100,TGT
2025-12-03,9:41:50.190901109,T,92.68,100,92.77,100,TGT
2025-12-03,9:41:50.190911156,T,92.68,100,92.76,100,TGT
2025-12-03,9:41:50.190966253,T,92.68,100,92.74,100,TGT
2025-12-03,9:41:50.277657777,T,92.68,100,92.88,100,TGT
2025-12-03,9:41:50.290583611,T,92.68,100,92.89,100,TGT
2025-12-03,9:41:50.291345585,T,92.68,100,92.88,100,TGT
2025-12-03,9:41:50.291345585,T,92.68,100,92.78,100,TGT
2025-12-03,9:41:50.291410595,T,92.64,100,92.78,100,TGT
2025-12-03,9:41:50.291565945,T,92.64,100,92.78,200,TGT
2025-12-03,9:41:50.291616098,T,92.64,100,92.78,300,TGT
2025-12-03,9:41:50.291616098,T,92.64,100,92.78,200,TGT
2025-12-03,9:41:50.293856447,T,92.64,100,92.78,100,TGT
2025-12-03,9:41:50.393789481,T,92.64,100,92.8,100,TGT
2025-12-03,9:41:50.492198922,T,92.64,100,92.88,100,TGT
2025-12-03,9:41:50.524225230,T,92.64,100,92.8,100,TGT
2025-12-03,9:41:50.524375585,T,92.64,100,92.88,100,TGT
2025-12-03,9:41:51.254039126,T,92.64,100,92.89,100,TGT
2025-12-03,9:41:51.254068929,T,92.64,200,92.89,100,TGT
2025-12-03,9:41:51.254079169,T,92.64,100,92.89,100,TGT
2025-12-03,9:41:51.254084049,T,92.67,100,92.89,100,TGT
2025-12-03,9:41:51.254104061,T,92.64,100,92.89,100,TGT
2025-12-03,9:41:51.616221784,T,92.72,100,92.89,100,TGT
2025-12-03,9:41:51.842240266,T,92.64,100,92.89,100,TGT
2025-12-03,9:41:51.842265374,T,92.64,100,92.88,100,TGT
2025-12-03,9:41:51.842280404,T,92.64,100,92.8,100,TGT
2025-12-03,9:41:51.842285376,T,92.64,100,92.79,100,TGT
2025-12-03,9:41:51.842295340,T,92.64,100,92.78,100,TGT
2025-12-03,9:41:51.842330506,T,92.64,100,92.76,100,TGT
2025-12-03,9:41:51.842385557,T,92.64,100,92.78,100,TGT
2025-12-03,9:41:51.849317067,T,92.64,100,92.79,100,TGT
2025-12-03,9:41:51.858168249,T,92.64,100,92.78,100,TGT
2025-12-03,9:41:51.858323557,T,92.64,100,92.79,100,TGT
2025-12-03,9:41:51.858368654,T,92.64,100,92.78,100,TGT
2025-12-03,9:41:51.888259991,T,92.64,100,92.79,100,TGT
2025-12-03,9:41:51.888284962,T,92.64,100,92.8,100,TGT
2025-12-03,9:41:51.892204338,T,92.64,100,92.74,100,TGT
2025-12-03,9:41:51.892966085,T,92.64,100,92.8,100,TGT
2025-12-03,9:41:51.902578981,T,92.64,100,92.74,100,TGT
2025-12-03,9:41:51.903310704,T,92.64,100,92.8,100,TGT
2025-12-03,9:41:51.904062500,T,92.64,100,92.74,100,TGT
2025-12-03,9:41:51.910903847,T,92.64,100,92.74,200,TGT
2025-12-03,9:41:51.942458989,T,92.64,100,92.74,100,TGT
2025-12-03,9:41:52.448098729,T,92.64,100,92.88,100,TGT
2025-12-03,9:41:54.341269017,T,92.69,100,92.88,100,TGT
2025-12-03,9:41:55.585392980,T,92.69,100,92.76,100,TGT
2025-12-03,9:41:56.406824969,T,92.69,100,92.8,100,TGT
2025-12-03,9:41:56.406844956,T,92.69,100,92.88,100,TGT
2025-12-03,9:41:56.406880099,T,92.73,100,92.88,100,TGT
2025-12-03,9:41:56.406940277,T,92.73,100,92.84,100,TGT
2025-12-03,9:41:56.406950255,T,92.73,100,92.88,100,TGT
2025-12-03,9:41:56.406960245,T,92.7,100,92.88,100,TGT
2025-12-03,9:41:56.406995395,T,92.73,100,92.88,100,TGT
2025-12-03,9:41:56.407005344,T,92.7,100,92.88,100,TGT
2025-12-03,9:41:56.407195881,T,92.69,200,92.88,100,TGT
2025-12-03,9:41:56.407261278,T,92.69,200,92.89,100,TGT
2025-12-03,9:41:56.407281002,T,92.7,100,92.89,100,TGT
2025-12-03,9:41:56.407286070,T,92.71,100,92.89,100,TGT
2025-12-03,9:41:56.407306158,T,92.71,100,92.92,100,TGT
2025-12-03,9:41:56.411551210,T,92.7,100,92.92,100,TGT
2025-12-03,9:41:56.425509488,T,92.69,200,92.92,100,TGT
2025-12-03,9:41:56.425514511,T,92.69,100,92.92,100,TGT
2025-12-03,9:41:56.437387762,T,92.71,100,92.92,100,TGT
2025-12-03,9:41:56.570450040,T,92.58,100,92.92,100,TGT
2025-12-03,9:41:58.286462973,T,92.75,100,92.92,100,TGT
2025-12-03,9:41:59.054758295,T,92.75,100,92.78,100,TGT
2025-12-03,9:41:59.055304631,T,92.75,100,92.92,100,TGT
2025-12-03,9:41:59.055325037,T,92.76,100,92.92,100,TGT
2025-12-03,9:41:59.055515071,T,92.76,100,92.79,100,TGT
2025-12-03,9:41:59.055880937,T,92.75,100,92.79,100,TGT
2025-12-03,9:41:59.056642786,T,92.75,100,92.89,100,TGT
2025-12-03,9:41:59.059619886,T,92.75,100,92.92,100,TGT
2025-12-03,9:41:59.068856882,T,92.77,100,92.92,100,TGT
2025-12-03,9:41:59.069408159,T,92.75,100,92.92,100,TGT
