DATE,TIME_M,EX,BID,BIDSIZ,ASK,ASKSIZ,SYM_ROOT
2025-12-11,9:30:01.304578809,T,94.0,200,94.96,100,TGT
2025-12-11,9:30:01.320892556,T,94.0,200,94.97,200,TGT
2025-12-11,9:30:01.321489033,T,94.0,200,94.97,400,TGT
2025-12-11,9:30:01.321524107,T,94.0,200,94.96,100,TGT
2025-12-11,9:30:01.332314814,T,94.0,200,94.97,200,TGT
2025-12-11,9:30:01.333191888,T,94.0,200,94.97,400,TGT
2025-12-11,9:30:01.374094685,T,94.0,300,94.97,400,TGT
2025-12-11,9:30:01.374094685,T,94.16,100,94.97,400,TGT
2025-12-11,9:30:01.374831148,T,94.69,200,94.97,400,TGT
2025-12-11,9:30:01.375257159,T,94.69,300,94.97,400,TGT
2025-12-11,9:30:01.432373187,T,94.69,200,94.97,400,TGT
2025-12-11,9:30:01.445699904,T,94.69,200,94.97,200,TGT
2025-12-11,9:30:06.184038357,T,94.72,100,94.97,200,TGT
2025-12-11,9:30:06.184464610,T,94.72,200,94.97,200,TGT
2025-12-11,9:30:12.327348856,T,94.72,100,94.97,200,TGT
2025-12-11,9:30:13.426236943,T,94.79,200,94.97,200,TGT
2025-12-11,9:30:13.426652906,T,94.79,300,94.97,200,TGT
2025-12-11,9:30:15.376342822,T,94.79,100,94.97,200,TGT
2025-12-11,9:30:15.376488109,T,94.72,100,94.97,200,TGT
2025-12-11,9:30:15.376723655,T,94.8,200,94.97,200,TGT
2025-12-11,9:30:15.377144706,T,94.8,300,94.97,200,TGT
2025-12-11,9:30:15.790549582,T,94.8,100,94.97,200,TGT
2025-12-11,9:30:15.790694890,T,94.72,100,94.97,200,TGT
2025-12-11,9:30:15.790935546,T,94.81,200,94.97,200,TGT
2025-12-11,9:30:15.791356532,T,94.81,300,94.97,200,TGT
2025-12-11,9:30:16.487530148,T,94.81,400,94.97,200,TGT
2025-12-11,9:30:18.053245149,T,94.81,200,94.97,200,TGT
2025-12-11,9:30:18.053385532,T,94.81,100,94.97,200,TGT
2025-12-11,9:30:18.053626133,T,94.82,200,94.97,200,TGT
2025-12-11,9:30:18.054047072,T,94.82,300,94.97,200,TGT
2025-12-11,9:30:18.054653580,T,94.82,100,94.97,200,TGT
2025-12-11,9:30:18.055029379,T,94.82,300,94.97,200,TGT
2025-12-11,9:30:18.055154776,T,94.82,100,94.97,200,TGT
2025-12-11,9:30:18.055530600,T,94.83,200,94.97,200,TGT
2025-12-11,9:30:18.068817277,T,94.83,300,94.97,200,TGT
2025-12-11,9:30:19.115571032,T,94.83,300,94.97,100,TGT
2025-12-11,9:30:19.116032155,T,94.83,300,95.0,100,TGT
2025-12-11,9:30:19.116052201,T,94.94,100,95.0,100,TGT
2025-12-11,9:30:19.116798946,T,94.94,300,95.0,100,TGT
2025-12-11,9:30:19.116979471,T,94.94,400,95.0,100,TGT
2025-12-11,9:30:19.277176452,T,94.94,300,95.0,100,TGT
2025-12-11,9:30:19.277176452,T,94.94,100,95.0,100,TGT
2025-12-11,9:30:19.277176452,T,94.81,100,95.0,100,TGT
2025-12-11,9:30:19.277451719,T,94.89,100,95.0,100,TGT
2025-12-11,9:30:19.277526897,T,94.81,100,95.0,100,TGT
2025-12-11,9:30:19.277732449,T,94.93,100,95.0,100,TGT
2025-12-11,9:30:19.278153354,T,94.93,200,95.0,100,TGT
2025-12-11,9:30:19.278318849,T,94.93,100,95.0,100,TGT
2025-12-11,9:30:19.278324133,T,94.81,100,95.0,100,TGT
2025-12-11,9:30:19.278343896,T,94.81,100,95.0,200,TGT
2025-12-11,9:30:19.282568890,T,94.84,200,95.0,200,TGT
2025-12-11,9:30:19.282989881,T,94.84,300,95.0,200,TGT
2025-12-11,9:30:19.298722383,T,94.84,100,95.0,200,TGT
2025-12-11,9:30:19.579922395,T,94.84,100,95.0,100,TGT
2025-12-11,9:30:20.520583248,T,94.81,100,95.0,100,TGT
2025-12-11,9:30:29.404492968,T,94.69,200,95.0,100,TGT
2025-12-11,9:30:29.696759281,T,94.88,100,95.0,100,TGT
2025-12-11,9:30:29.697180292,T,94.88,200,95.0,100,TGT
2025-12-11,9:30:29.697430877,T,94.89,100,95.0,100,TGT
2025-12-11,9:30:29.697445900,T,94.89,100,95.05,100,TGT
2025-12-11,9:30:29.697451075,T,94.89,100,95.08,100,TGT
2025-12-11,9:30:29.697451075,T,94.89,100,95.09,100,TGT
2025-12-11,9:30:29.697465955,T,94.88,200,95.09,100,TGT
2025-12-11,9:30:29.697470993,T,94.89,100,95.09,100,TGT
2025-12-11,9:30:29.697526176,T,94.88,200,95.09,100,TGT
2025-12-11,9:30:29.697531151,T,94.89,100,95.09,100,TGT
2025-12-11,9:30:29.698398137,T,94.89,100,95.31,100,TGT
2025-12-11,9:30:29.698493345,T,94.89,100,95.05,100,TGT
2025-12-11,9:30:29.698859306,T,94.89,100,95.31,100,TGT
2025-12-11,9:30:29.698894289,T,94.89,100,95.35,200,TGT
2025-12-11,9:30:29.699089757,T,94.89,100,95.35,100,TGT
2025-12-11,9:30:29.704688144,T,94.88,200,95.35,100,TGT
2025-12-11,9:30:29.708036071,T,94.88,100,95.35,100,TGT
2025-12-11,9:30:29.724540410,T,94.97,100,95.35,100,TGT
2025-12-11,9:30:29.725312314,T,94.97,200,95.35,100,TGT
2025-12-11,9:30:29.760701562,T,94.97,100,95.35,100,TGT
2025-12-11,9:30:29.760701562,T,94.88,100,95.35,100,TGT
2025-12-11,9:30:29.760721713,T,94.88,100,94.99,100,TGT
2025-12-11,9:30:29.760742596,T,94.88,100,95.09,100,TGT
2025-12-11,9:30:29.760746744,T,94.88,100,95.35,200,TGT
2025-12-11,9:30:29.760766684,T,94.89,100,95.35,200,TGT
2025-12-11,9:30:29.760776860,T,94.89,100,95.35,100,TGT
2025-12-11,9:30:29.760776860,T,94.89,200,95.35,100,TGT
2025-12-11,9:30:29.760786960,T,94.91,100,95.35,100,TGT
2025-12-11,9:30:29.760786960,T,94.94,100,95.35,100,TGT
2025-12-11,9:30:29.760871945,T,95.02,100,95.35,100,TGT
2025-12-11,9:30:29.760902113,T,94.94,100,95.35,100,TGT
2025-12-11,9:30:29.760902113,T,94.89,100,95.35,100,TGT
2025-12-11,9:30:29.760907027,T,94.89,100,95.35,200,TGT
2025-12-11,9:30:29.760927158,T,94.88,100,95.35,200,TGT
2025-12-11,9:30:29.760952174,T,94.88,100,95.05,100,TGT
2025-12-11,9:30:29.760982220,T,94.89,100,95.05,100,TGT
2025-12-11,9:30:29.760987296,T,94.91,100,95.05,100,TGT
2025-12-11,9:30:29.761022325,T,94.89,100,95.05,100,TGT
2025-12-11,9:30:29.761072507,T,94.91,100,95.05,100,TGT
2025-12-11,9:30:29.761117592,T,94.94,100,95.05,100,TGT
2025-12-11,9:30:29.761297983,T,95.02,100,95.05,100,TGT
2025-12-11,9:30:29.761318007,T,95.02,200,95.05,100,TGT
2025-12-11,9:30:29.761588728,T,95.02,100,95.05,100,TGT
2025-12-11,9:30:29.761613797,T,94.91,100,95.05,100,TGT
2025-12-11,9:30:29.761618769,T,94.89,100,95.05,100,TGT
2025-12-11,9:30:29.761774158,T,94.88,200,95.05,100,TGT
2025-12-11,9:30:29.761984672,T,94.88,200,95.09,100,TGT
2025-12-11,9:30:29.766274826,T,94.88,200,95.35,200,TGT
2025-12-11,9:30:29.807257504,T,94.88,200,95.09,100,TGT
2025-12-11,9:30:29.807638432,T,94.88,200,95.35,200,TGT
2025-12-11,9:30:29.808700977,T,94.88,300,95.35,200,TGT
2025-12-11,9:30:29.812670450,T,94.88,200,95.35,200,TGT
2025-12-11,9:30:29.843183033,T,94.88,100,95.35,200,TGT
2025-12-11,9:30:32.608095207,T,94.88,100,95.35,100,TGT
2025-12-11,9:30:32.612515701,T,94.88,300,95.35,100,TGT
2025-12-11,9:30:44.366197092,T,94.88,300,95.12,100,TGT
2025-12-11,9:30:49.675024498,T,94.88,200,95.12,100,TGT
2025-12-11,9:30:49.700154423,T,94.89,100,95.12,100,TGT
2025-12-11,9:30:59.483030717,T,94.91,200,95.12,100,TGT
2025-12-11,9:30:59.703255513,T,94.91,300,95.12,100,TGT
2025-12-11,9:31:04.121235485,T,94.91,200,95.12,100,TGT
2025-12-11,9:31:04.932232618,T,94.91,200,95.09,100,TGT
2025-12-11,9:31:04.932237603,T,94.91,200,95.07,100,TGT
2025-12-11,9:31:04.932302750,T,94.8,200,95.07,100,TGT
2025-12-11,9:31:04.932327883,T,94.8,200,94.93,100,TGT
2025-12-11,9:31:04.932718762,T,94.91,100,94.93,100,TGT
2025-12-11,9:31:04.932738851,T,94.86,100,94.93,100,TGT
2025-12-11,9:31:04.932738851,T,94.8,200,94.93,100,TGT
2025-12-11,9:31:04.933335280,T,94.8,200,95.09,100,TGT
2025-12-11,9:31:04.933375348,T,94.83,200,95.09,100,TGT
2025-12-11,9:31:04.933846508,T,94.83,200,95.12,200,TGT
2025-12-11,9:31:04.952591138,T,94.83,200,95.09,100,TGT
2025-12-11,9:31:04.952596279,T,94.83,200,95.08,100,TGT
2025-12-11,9:31:04.952611148,T,94.83,200,95.04,100,TGT
2025-12-11,9:31:04.952616225,T,94.83,200,95.02,100,TGT
2025-12-11,9:31:04.952621176,T,94.83,200,95.04,100,TGT
2025-12-11,9:31:04.959632936,T,94.83,200,95.08,100,TGT
2025-12-11,9:31:04.959858455,T,94.83,200,95.09,100,TGT
2025-12-11,9:31:05.053105526,T,94.83,200,95.12,200,TGT
2025-12-11,9:31:05.521747090,T,94.69,300,95.12,200,TGT
2025-12-11,9:31:05.521747090,T,94.69,300,95.09,100,TGT
2025-12-11,9:31:05.521767211,T,94.69,300,95.08,100,TGT
2025-12-11,9:31:05.521792246,T,94.69,200,95.08,100,TGT
2025-12-11,9:31:05.521822460,T,94.69,200,94.95,100,TGT
2025-12-11,9:31:05.528798930,T,94.69,200,94.96,100,TGT
2025-12-11,9:31:05.528829024,T,94.69,200,95.04,100,TGT
2025-12-11,9:31:05.531751008,T,94.69,200,95.08,100,TGT
2025-12-11,9:31:06.021893659,T,94.69,200,95.09,100,TGT
2025-12-11,9:31:06.673931958,T,94.69,200,95.04,100,TGT
2025-12-11,9:31:06.673957128,T,94.69,200,95.08,100,TGT
2025-12-11,9:31:06.931550704,T,94.73,100,95.08,100,TGT
2025-12-11,9:31:06.931881726,T,94.73,100,94.99,100,TGT
2025-12-11,9:31:06.931966964,T,94.73,200,94.99,100,TGT
2025-12-11,9:31:06.939093711,T,94.73,200,95.08,100,TGT
2025-12-11,9:31:06.992390648,T,94.73,100,95.08,100,TGT
2025-12-11,9:31:11.352613384,T,94.73,100,95.08,200,TGT
2025-12-11,9:31:13.484602502,T,94.73,100,95.06,200,TGT
2025-12-11,9:31:14.355021102,T,94.73,300,95.06,200,TGT
2025-12-11,9:31:14.477547949,T,94.73,300,94.96,100,TGT
2025-12-11,9:31:16.914834454,T,94.73,200,94.96,100,TGT
2025-12-11,9:31:20.202166090,T,94.69,300,94.96,100,TGT
2025-12-11,9:31:20.301873547,T,94.73,100,94.96,100,TGT
2025-12-11,9:31:20.302043953,T,94.76,100,94.96,100,TGT
2025-12-11,9:31:20.302269565,T,94.76,300,94.96,100,TGT
2025-12-11,9:31:20.302465052,T,94.76,400,94.96,100,TGT
2025-12-11,9:31:20.402663680,T,94.88,100,94.96,100,TGT
2025-12-11,9:31:20.402688844,T,94.76,100,94.96,100,TGT
2025-12-11,9:31:20.402693841,T,94.88,200,94.96,100,TGT
2025-12-11,9:31:20.402718901,T,94.88,100,94.96,100,TGT
2025-12-11,9:31:20.402723888,T,94.76,100,94.96,100,TGT
2025-12-11,9:31:20.403079670,T,94.73,100,94.96,100,TGT
2025-12-11,9:31:21.759320765,T,94.69,200,94.96,100,TGT
2025-12-11,9:31:24.753408797,T,94.76,200,94.96,100,TGT
2025-12-11,9:31:24.753829852,T,94.76,300,94.96,100,TGT
2025-12-11,9:31:34.568516862,T,94.76,300,94.99,100,TGT
2025-12-11,9:31:34.568531945,T,94.76,300,95.06,300,TGT
2025-12-11,9:31:34.568551927,T,94.8,100,95.06,300,TGT
2025-12-11,9:31:34.568556905,T,94.88,100,95.06,300,TGT
2025-12-11,9:31:34.568787544,T,94.88,100,95.06,200,TGT
2025-12-11,9:31:34.569499416,T,94.88,100,95.09,100,TGT
2025-12-11,9:31:34.569504162,T,94.88,100,95.12,200,TGT
2025-12-11,9:31:34.569524656,T,95.03,100,95.12,200,TGT
2025-12-11,9:31:34.569539318,T,95.03,100,95.12,100,TGT
2025-12-11,9:31:34.569624490,T,94.99,100,95.12,100,TGT
2025-12-11,9:31:34.569649577,T,94.99,100,95.07,100,TGT
2025-12-11,9:31:34.569669606,T,94.99,100,95.07,200,TGT
2025-12-11,9:31:34.569684596,T,94.99,100,95.06,100,TGT
2025-12-11,9:31:34.570521674,T,94.99,100,95.04,100,TGT
2025-12-11,9:31:34.570902503,T,94.99,100,95.03,100,TGT
2025-12-11,9:31:34.570937791,T,94.99,100,95.12,100,TGT
2025-12-11,9:31:34.570962726,T,95.0,100,95.12,100,TGT
2025-12-11,9:31:34.588795137,T,94.99,100,95.12,100,TGT
2025-12-11,9:31:34.588820172,T,94.76,200,95.12,100,TGT
2025-12-11,9:31:34.589251190,T,94.76,300,95.12,100,TGT
2025-12-11,9:31:34.590158439,T,94.77,100,95.12,100,TGT
2025-12-11,9:31:34.600568514,T,94.76,300,95.12,100,TGT
2025-12-11,9:31:34.869017679,T,94.76,200,95.12,100,TGT
2025-12-11,9:31:34.977165335,T,94.76,300,95.12,100,TGT
2025-12-11,9:31:34.979290443,T,94.77,100,95.12,100,TGT
2025-12-11,9:31:34.996937513,T,94.76,300,95.12,100,TGT
2025-12-11,9:31:35.349492406,T,94.76,200,95.12,100,TGT
2025-12-11,9:31:35.905627347,T,94.76,200,95.12,200,TGT
2025-12-11,9:31:36.347630432,T,94.76,200,95.12,100,TGT
2025-12-11,9:31:37.079263372,T,94.81,100,95.12,100,TGT
2025-12-11,9:31:37.079679300,T,94.81,200,95.12,100,TGT
2025-12-11,9:31:38.561078581,T,94.82,100,95.12,100,TGT
2025-12-11,9:31:38.658816392,T,94.81,100,95.12,100,TGT
2025-12-11,9:31:38.659613289,T,94.81,200,95.12,100,TGT
2025-12-11,9:31:38.776361471,T,94.81,100,95.12,100,TGT
2025-12-11,9:31:38.781809418,T,94.81,200,95.12,100,TGT
2025-12-11,9:31:38.843235710,T,94.81,300,95.12,100,TGT
2025-12-11,9:31:38.901609813,T,94.81,200,95.12,100,TGT
2025-12-11,9:31:38.902030786,T,94.81,100,95.12,100,TGT
2025-12-11,9:31:39.017826697,T,94.81,200,95.12,100,TGT
2025-12-11,9:31:39.295458061,T,94.81,100,95.12,100,TGT
2025-12-11,9:31:41.883689287,T,94.81,100,95.12,200,TGT
2025-12-11,9:31:41.884060180,T,94.81,100,95.12,100,TGT
2025-12-11,9:31:43.043517517,T,94.81,200,95.12,100,TGT
2025-12-11,9:31:43.298424761,T,94.81,400,95.12,100,TGT
2025-12-11,9:31:44.163841420,T,94.81,300,95.12,100,TGT
2025-12-11,9:31:45.006889815,T,94.81,300,95.11,100,TGT
2025-12-11,9:31:49.939205583,T,94.83,100,95.11,100,TGT
2025-12-11,9:31:49.943370578,T,94.84,100,95.11,100,TGT
2025-12-11,9:31:49.943390559,T,94.85,100,95.11,100,TGT
2025-12-11,9:31:49.943400666,T,94.88,100,95.11,100,TGT
2025-12-11,9:31:49.943651170,T,94.98,100,95.11,100,TGT
2025-12-11,9:31:49.953469558,T,94.84,100,95.11,100,TGT
2025-12-11,9:31:49.953725249,T,94.81,300,95.11,100,TGT
2025-12-11,9:31:50.041143476,T,94.84,100,95.11,100,TGT
2025-12-11,9:31:50.041153439,T,94.81,300,95.11,100,TGT
2025-12-11,9:31:50.041173505,T,94.84,100,95.11,100,TGT
2025-12-11,9:31:50.041764891,T,94.81,300,95.11,100,TGT
2025-12-11,9:31:50.137578135,T,94.81,200,95.11,100,TGT
2025-12-11,9:31:50.443797674,T,94.83,100,95.11,100,TGT
2025-12-11,9:31:50.546061266,T,94.81,200,95.11,100,TGT
2025-12-11,9:31:51.198074646,T,94.76,100,95.11,100,TGT
2025-12-11,9:31:55.291105677,T,94.86,200,95.11,100,TGT
2025-12-11,9:31:56.525240876,T,94.86,200,95.12,100,TGT
2025-12-11,9:31:56.525285980,T,95.03,100,95.12,100,TGT
2025-12-11,9:31:56.525295964,T,95.03,100,95.31,100,TGT
2025-12-11,9:31:56.525707002,T,95.03,200,95.31,100,TGT
2025-12-11,9:31:56.535715873,T,95.03,100,95.31,100,TGT
2025-12-11,9:31:56.535740939,T,94.86,200,95.31,100,TGT
2025-12-11,9:31:56.535811079,T,94.93,100,95.31,100,TGT
2025-12-11,9:31:56.535831160,T,94.86,200,95.31,100,TGT
2025-12-11,9:31:56.535866243,T,94.86,300,95.31,100,TGT
2025-12-11,9:31:56.536076696,T,94.93,100,95.31,100,TGT
2025-12-11,9:31:56.536136845,T,94.96,100,95.31,100,TGT
2025-12-11,9:31:56.590641677,T,94.93,100,95.31,100,TGT
2025-12-11,9:31:56.591749336,T,94.96,100,95.31,100,TGT
2025-12-11,9:31:56.591804474,T,94.97,100,95.31,100,TGT
2025-12-11,9:31:56.591859596,T,94.96,100,95.31,100,TGT
2025-12-11,9:31:56.591984925,T,94.97,100,95.31,100,TGT
2025-12-11,9:31:56.593498503,T,94.96,100,95.31,100,TGT
2025-12-11,9:31:56.593759105,T,94.96,100,95.24,200,TGT
2025-12-11,9:31:56.668221534,T,94.96,200,95.24,200,TGT
2025-12-11,9:31:56.668467236,T,94.96,300,95.24,200,TGT
2025-12-11,9:31:56.680104776,T,94.96,300,95.33,100,TGT
2025-12-11,9:31:56.681548250,T,94.96,200,95.33,100,TGT
2025-12-11,9:31:56.681838992,T,94.96,100,95.33,100,TGT
2025-12-11,9:31:57.494249375,T,94.93,100,95.33,100,TGT
2025-12-11,9:31:57.494324627,T,94.86,300,95.33,100,TGT
2025-12-11,9:31:57.494349621,T,94.86,200,95.33,100,TGT
2025-12-11,9:32:00.601121466,T,94.84,100,95.33,100,TGT
2025-12-11,9:32:02.319645340,T,94.93,100,95.33,100,TGT
2025-12-11,9:32:02.509968792,T,94.93,200,95.33,100,TGT
2025-12-11,9:32:03.441252304,T,94.93,200,95.31,100,TGT
2025-12-11,9:32:03.732486371,T,94.93,100,95.31,100,TGT
2025-12-11,9:32:04.760866227,T,94.95,200,95.31,100,TGT
2025-12-11,9:32:06.937241147,T,94.95,200,95.33,100,TGT
2025-12-11,9:32:08.298058148,T,94.95,200,95.31,100,TGT
2025-12-11,9:32:08.298323680,T,94.95,200,95.24,100,TGT
2025-12-11,9:32:08.300278348,T,94.95,200,95.31,100,TGT
2025-12-11,9:32:08.301696715,T,94.95,200,95.24,100,TGT
2025-12-11,9:32:08.301741876,T,94.95,200,95.2,100,TGT
2025-12-11,9:32:08.303150179,T,94.95,200,95.24,100,TGT
2025-12-11,9:32:08.303170445,T,94.95,200,95.31,100,TGT
2025-12-11,9:32:08.304834217,T,94.95,200,95.24,100,TGT
2025-12-11,9:32:08.306077147,T,94.95,200,95.31,100,TGT
2025-12-11,9:32:08.307335203,T,94.95,200,95.24,100,TGT
2025-12-11,9:32:08.308708503,T,94.95,200,95.31,100,TGT
2025-12-11,9:32:08.309971447,T,94.95,200,95.24,100,TGT
2025-12-11,9:32:08.311334772,T,94.95,200,95.31,100,TGT
2025-12-11,9:32:08.332450044,T,94.95,200,95.24,100,TGT
2025-12-11,9:32:08.333923471,T,94.95,200,95.31,100,TGT
2025-12-11,9:32:08.335251723,T,94.95,200,95.24,100,TGT
2025-12-11,9:32:08.336740283,T,94.95,200,95.31,100,TGT
2025-12-11,9:32:08.340809925,T,94.95,200,95.24,100,TGT
2025-12-11,9:32:08.342198243,T,94.95,200,95.31,100,TGT
2025-12-11,9:32:08.343631646,T,94.95,200,95.24,100,TGT
2025-12-11,9:32:08.345009897,T,94.95,200,95.31,100,TGT
2025-12-11,9:32:08.346343080,T,94.95,200,95.24,100,TGT
2025-12-11,9:32:08.347716404,T,94.95,200,95.31,100,TGT
2025-12-11,9:32:11.010319614,T,94.95,200,95.24,100,TGT
2025-12-11,9:32:11.012153966,T,94.95,200,95.31,100,TGT
2025-12-11,9:32:11.013903166,T,94.95,200,95.24,100,TGT
2025-12-11,9:32:11.015361662,T,94.95,200,95.31,100,TGT
2025-12-11,9:32:14.762618976,T,94.95,200,95.24,100,TGT
2025-12-11,9:32:14.763450934,T,94.95,200,95.31,100,TGT
2025-12-11,9:32:14.763892003,T,94.95,200,95.24,100,TGT
2025-12-11,9:32:14.764172745,T,94.95,200,95.31,100,TGT
2025-12-11,9:32:18.391789862,T,94.95,200,95.24,100,TGT
2025-12-11,9:32:18.394471299,T,94.95,200,95.31,100,TGT
2025-12-11,9:32:18.396064986,T,94.95,200,95.24,100,TGT
2025-12-11,9:32:18.397368113,T,94.95,200,95.31,100,TGT
2025-12-11,9:32:18.397408205,T,94.95,200,95.24,100,TGT
2025-12-11,9:32:18.397578657,T,94.95,200,95.31,100,TGT
2025-12-11,9:32:18.399207538,T,94.95,200,95.24,100,TGT
2025-12-11,9:32:18.400455501,T,94.95,200,95.31,100,TGT
2025-12-11,9:32:18.400475491,T,94.95,200,95.24,100,TGT
2025-12-11,9:32:18.400510581,T,94.95,200,95.31,100,TGT
2025-12-11,9:32:18.400565734,T,94.95,200,95.24,100,TGT
2025-12-11,9:32:18.400686027,T,94.95,200,95.31,100,TGT
2025-12-11,9:32:18.402074304,T,94.95,200,95.24,100,TGT
2025-12-11,9:32:18.403417572,T,94.95,200,95.31,100,TGT
2025-12-11,9:32:18.404830918,T,94.95,200,95.24,100,TGT
2025-12-11,9:32:18.406189206,T,94.95,200,95.31,100,TGT
2025-12-11,9:32:18.407642556,T,94.95,200,95.24,100,TGT
2025-12-11,9:32:18.408970824,T,94.95,200,95.31,100,TGT
2025-12-11,9:32:18.410414230,T,94.95,200,95.24,100,TGT
2025-12-11,9:32:18.411837668,T,94.95,200,95.31,100,TGT
2025-12-11,9:32:18.493296634,T,94.95,200,95.24,100,TGT
2025-12-11,9:32:18.494935542,T,94.95,200,95.31,100,TGT
2025-12-11,9:32:18.968724301,T,94.95,200,95.24,100,TGT
2025-12-11,9:32:18.970232863,T,94.95,200,95.31,100,TGT
2025-12-11,9:32:18.970252910,T,94.95,200,95.24,100,TGT
2025-12-11,9:32:18.970313132,T,94.95,200,95.31,100,TGT
2025-12-11,9:32:19.234352085,T,94.95,200,95.24,100,TGT
2025-12-11,9:32:19.236587439,T,94.95,200,95.31,100,TGT
2025-12-11,9:32:20.339189317,T,94.95,200,95.24,100,TGT
2025-12-11,9:32:20.341164020,T,94.95,200,95.31,100,TGT
2025-12-11,9:32:24.301724459,T,94.95,200,95.24,100,TGT
2025-12-11,9:32:24.332402623,T,94.95,200,95.31,100,TGT
2025-12-11,9:32:25.922756520,T,94.95,200,95.33,100,TGT
2025-12-11,9:32:31.041105071,T,94.95,200,95.31,100,TGT
2025-12-11,9:32:31.046146992,T,94.95,200,95.33,100,TGT
2025-12-11,9:32:36.010203299,T,94.95,200,95.31,100,TGT
2025-12-11,9:32:36.136629424,T,94.95,200,95.33,100,TGT
2025-12-11,9:32:38.463778496,T,94.95,200,95.31,100,TGT
2025-12-11,9:32:38.960973063,T,94.95,200,95.33,100,TGT
2025-12-11,9:32:54.941905169,T,94.93,100,95.33,100,TGT
2025-12-11,9:32:56.279862585,T,94.93,100,95.31,100,TGT
2025-12-11,9:32:56.279862585,T,94.93,100,95.24,100,TGT
2025-12-11,9:32:56.280634469,T,94.93,100,95.31,100,TGT
2025-12-11,9:32:56.280639449,T,94.93,100,95.33,100,TGT
2025-12-11,9:32:57.030931894,T,94.93,100,95.15,600,TGT
2025-12-11,9:32:57.031984408,T,94.9,100,95.15,600,TGT
2025-12-11,9:32:59.109393548,T,94.93,200,95.15,600,TGT
2025-12-11,9:33:04.671238889,T,94.93,300,95.15,600,TGT
2025-12-11,9:33:05.007068976,T,94.93,100,95.15,600,TGT
2025-12-11,9:33:07.250423427,T,94.9,200,95.15,600,TGT
2025-12-11,9:33:08.165693985,T,94.95,5500,95.15,600,TGT
2025-12-11,9:33:09.332222985,T,94.96,200,95.15,600,TGT
2025-12-11,9:33:09.332644075,T,94.96,300,95.15,600,TGT
2025-12-11,9:33:09.735333490,T,94.96,200,95.15,600,TGT
2025-12-11,9:33:16.397630512,T,94.95,5600,95.15,600,TGT
2025-12-11,9:33:16.459467868,T,94.95,5600,95.15,700,TGT
2025-12-11,9:33:16.459858780,T,94.95,5600,95.15,600,TGT
2025-12-11,9:33:16.459883839,T,94.97,100,95.15,600,TGT
2025-12-11,9:33:16.459893867,T,94.99,100,95.15,600,TGT
2025-12-11,9:33:16.459928890,T,94.97,100,95.15,600,TGT
2025-12-11,9:33:16.460304825,T,95.0,100,95.15,600,TGT
2025-12-11,9:33:16.460430145,T,94.97,100,95.15,600,TGT
2025-12-11,9:33:16.460430145,T,95.01,100,95.15,600,TGT
2025-12-11,9:33:16.524166984,T,94.97,100,95.15,600,TGT
2025-12-11,9:33:16.524197028,T,94.97,100,95.15,700,TGT
2025-12-11,9:33:16.531218724,T,94.97,100,95.15,600,TGT
2025-12-11,9:33:17.019782661,T,94.97,200,95.15,600,TGT
2025-12-11,9:33:17.255113320,T,94.97,100,95.15,600,TGT
2025-12-11,9:33:20.625878669,T,94.98,200,95.15,600,TGT
2025-12-11,9:33:27.410652368,T,94.99,100,95.15,600,TGT
2025-12-11,9:33:31.995505175,T,94.99,100,95.15,700,TGT
2025-12-11,9:33:31.995545267,T,94.99,100,95.14,100,TGT
2025-12-11,9:33:31.995550593,T,94.99,100,95.06,100,TGT
2025-12-11,9:33:31.995575445,T,94.95,5500,95.06,100,TGT
2025-12-11,9:33:31.995755811,T,94.95,5400,95.06,100,TGT
2025-12-11,9:33:31.995775918,T,94.95,5400,95.05,100,TGT
2025-12-11,9:33:31.995795866,T,94.95,5400,95.06,100,TGT
2025-12-11,9:33:31.995861015,T,94.95,5400,95.06,200,TGT
2025-12-11,9:33:31.996106650,T,94.95,5400,95.05,100,TGT
2025-12-11,9:33:32.046286230,T,94.95,5400,95.06,200,TGT
2025-12-11,9:33:32.095593699,T,94.95,5400,95.06,100,TGT
2025-12-11,9:33:32.114488674,T,94.95,5400,95.12,100,TGT
2025-12-11,9:33:32.195947853,T,94.95,5400,95.15,700,TGT
2025-12-11,9:33:32.210617663,T,94.95,5400,95.15,600,TGT
2025-12-11,9:33:32.333891350,T,94.95,5600,95.15,600,TGT
2025-12-11,9:33:37.915864744,T,94.95,5600,95.15,700,TGT
2025-12-11,9:33:38.865883007,T,94.95,5500,95.15,700,TGT
2025-12-11,9:33:38.865903221,T,94.95,200,95.15,700,TGT
2025-12-11,9:33:38.865903221,T,94.89,100,95.15,700,TGT
2025-12-11,9:33:38.865908098,T,94.89,100,95.12,100,TGT
2025-12-11,9:33:38.865923190,T,94.89,100,94.98,100,TGT
2025-12-11,9:33:38.866148693,T,94.89,100,94.98,200,TGT
2025-12-11,9:33:38.866700314,T,94.89,100,94.97,100,TGT
2025-12-11,9:33:38.866770417,T,94.89,100,94.97,200,TGT
2025-12-11,9:33:38.866800294,T,94.86,100,94.97,200,TGT
2025-12-11,9:33:38.866810242,T,94.86,100,94.97,100,TGT
2025-12-11,9:33:38.867221275,T,94.86,100,94.97,200,TGT
2025-12-11,9:33:38.867241288,T,94.86,100,94.97,100,TGT
2025-12-11,9:33:38.868218979,T,94.86,100,94.95,100,TGT
2025-12-11,9:33:38.868233666,T,94.84,100,94.95,100,TGT
2025-12-11,9:33:38.868259099,T,94.84,100,95.01,100,TGT
2025-12-11,9:33:38.868293808,T,94.86,100,95.01,100,TGT
2025-12-11,9:33:38.868303816,T,94.9,100,95.01,100,TGT
2025-12-11,9:33:38.868333877,T,94.86,100,95.01,100,TGT
2025-12-11,9:33:38.868338864,T,94.89,100,95.01,100,TGT
2025-12-11,9:33:38.868359461,T,94.86,100,95.01,100,TGT
2025-12-11,9:33:38.868378995,T,94.84,100,95.01,100,TGT
2025-12-11,9:33:38.868394056,T,94.86,100,95.01,100,TGT
2025-12-11,9:33:38.868469195,T,94.89,100,95.01,100,TGT
2025-12-11,9:33:38.868489490,T,94.86,100,95.01,100,TGT
2025-12-11,9:33:38.868529352,T,94.89,100,95.01,100,TGT
2025-12-11,9:33:38.868534404,T,94.86,100,95.01,100,TGT
2025-12-11,9:33:38.868559390,T,94.84,100,95.01,100,TGT
2025-12-11,9:33:38.868609518,T,94.86,100,95.01,100,TGT
2025-12-11,9:33:38.868649682,T,94.9,100,95.01,100,TGT
2025-12-11,9:33:38.868669726,T,94.86,100,95.01,100,TGT
2025-12-11,9:33:38.869416494,T,94.9,100,95.01,100,TGT
2025-12-11,9:33:38.869426454,T,94.94,100,95.01,100,TGT
2025-12-11,9:33:38.869982762,T,94.9,100,95.01,100,TGT
2025-12-11,9:33:38.871296007,T,94.9,100,95.06,100,TGT
2025-12-11,9:33:38.871296007,T,94.9,100,95.07,200,TGT
2025-12-11,9:33:38.871315966,T,94.91,100,95.07,200,TGT
2025-12-11,9:33:38.871321031,T,94.95,100,95.07,200,TGT
2025-12-11,9:33:38.871346068,T,94.97,100,95.07,200,TGT
2025-12-11,9:33:38.871356092,T,94.98,100,95.07,200,TGT
2025-12-11,9:33:38.871686880,T,95.0,100,95.07,200,TGT
2025-12-11,9:33:38.871767074,T,95.0,100,95.06,100,TGT
2025-12-11,9:33:38.871802212,T,94.98,100,95.06,100,TGT
2025-12-11,9:33:38.871817421,T,94.98,100,95.0,100,TGT
2025-12-11,9:33:38.871842250,T,94.86,100,95.0,100,TGT
2025-12-11,9:33:38.871852240,T,94.86,100,95.02,100,TGT
2025-12-11,9:33:38.871852240,T,94.86,100,95.06,100,TGT
2025-12-11,9:33:38.871867370,T,94.92,100,95.06,100,TGT
2025-12-11,9:33:38.871872358,T,94.94,100,95.06,100,TGT
2025-12-11,9:33:38.871882388,T,94.94,100,95.02,100,TGT
2025-12-11,9:33:38.871988165,T,94.94,100,95.07,200,TGT
2025-12-11,9:33:38.872012690,T,94.86,100,95.07,200,TGT
2025-12-11,9:33:38.872012690,T,94.98,100,95.07,200,TGT
2025-12-11,9:33:38.872102876,T,94.98,200,95.07,200,TGT
2025-12-11,9:33:38.872122990,T,94.98,100,95.07,200,TGT
2025-12-11,9:33:38.872298662,T,94.98,100,95.06,100,TGT
2025-12-11,9:33:38.872318589,T,94.9,100,95.06,100,TGT
2025-12-11,9:33:38.872348489,T,94.95,100,95.06,100,TGT
2025-12-11,9:33:38.873811915,T,94.86,100,95.06,100,TGT
2025-12-11,9:33:38.873836972,T,94.91,100,95.06,100,TGT
2025-12-11,9:33:38.873852168,T,94.9,100,95.06,100,TGT
2025-12-11,9:33:38.873852168,T,94.94,100,95.06,100,TGT
2025-12-11,9:33:38.873877066,T,94.95,100,95.06,100,TGT
2025-12-11,9:33:38.873892138,T,94.94,100,95.06,100,TGT
2025-12-11,9:33:38.873952332,T,94.94,200,95.06,100,TGT
2025-12-11,9:33:38.874102638,T,94.95,100,95.06,100,TGT
2025-12-11,9:33:38.874137741,T,94.96,100,95.06,100,TGT
2025-12-11,9:33:38.874408362,T,94.95,100,95.06,100,TGT
2025-12-11,9:33:38.875115028,T,94.97,100,95.06,100,TGT
2025-12-11,9:33:38.875135134,T,94.95,100,95.06,100,TGT
2025-12-11,9:33:38.875135134,T,94.94,200,95.06,100,TGT
2025-12-11,9:33:38.875135134,T,94.95,100,95.06,100,TGT
2025-12-11,9:33:38.875160308,T,94.94,100,95.06,100,TGT
2025-12-11,9:33:38.875275410,T,94.94,100,95.07,200,TGT
2025-12-11,9:33:38.875300542,T,94.95,100,95.07,200,TGT
2025-12-11,9:33:38.875300542,T,94.99,100,95.07,200,TGT
2025-12-11,9:33:38.875315565,T,94.98,100,95.07,200,TGT
2025-12-11,9:33:38.875320503,T,94.99,100,95.07,200,TGT
2025-12-11,9:33:38.875325511,T,94.98,100,95.07,200,TGT
2025-12-11,9:33:38.876358172,T,94.98,100,95.07,100,TGT
2025-12-11,9:33:38.876362969,T,94.98,100,95.08,200,TGT
2025-12-11,9:33:38.876413087,T,94.95,100,95.08,200,TGT
2025-12-11,9:33:38.876413087,T,94.99,100,95.08,200,TGT
2025-12-11,9:33:38.966302334,T,94.99,100,95.08,100,TGT
2025-12-11,9:33:39.008969009,T,94.99,100,95.08,200,TGT
2025-12-11,9:33:39.008983967,T,94.95,100,95.08,200,TGT
2025-12-11,9:33:39.008994037,T,94.86,100,95.08,200,TGT
2025-12-11,9:33:39.008999042,T,94.86,100,95.08,100,TGT
2025-12-11,9:33:39.009019017,T,94.95,100,95.08,100,TGT
2025-12-11,9:33:39.009284743,T,94.95,100,95.02,100,TGT
2025-12-11,9:33:39.009840957,T,94.95,100,95.08,100,TGT
2025-12-11,9:33:39.025042193,T,94.9,100,95.08,100,TGT
2025-12-11,9:33:39.025042193,T,94.84,100,95.08,100,TGT
2025-12-11,9:33:39.025062220,T,94.84,100,95.01,100,TGT
2025-12-11,9:33:39.037331510,T,94.83,100,95.01,100,TGT
2025-12-11,9:33:39.125190773,T,94.83,100,95.07,100,TGT
2025-12-11,9:33:39.225254231,T,94.83,100,95.15,700,TGT
2025-12-11,9:33:39.260959382,T,94.83,100,95.15,600,TGT
2025-12-11,9:33:40.589629545,T,94.84,100,95.15,600,TGT
2025-12-11,9:33:43.295796917,T,94.85,200,95.15,600,TGT
2025-12-11,9:33:45.073497199,T,94.85,200,95.15,700,TGT
2025-12-11,9:33:45.073497199,T,94.85,200,95.05,100,TGT
2025-12-11,9:33:45.073501895,T,94.85,200,95.03,100,TGT
2025-12-11,9:33:45.073501895,T,94.85,200,94.98,100,TGT
2025-12-11,9:33:45.073526914,T,94.85,200,95.03,300,TGT
2025-12-11,9:33:45.074018085,T,94.85,300,95.03,300,TGT
2025-12-11,9:33:45.074689741,T,94.85,300,95.03,200,TGT
2025-12-11,9:33:45.080533668,T,94.85,300,95.03,100,TGT
2025-12-11,9:33:45.080603786,T,94.85,300,95.03,200,TGT
2025-12-11,9:33:45.083580891,T,94.85,300,95.03,100,TGT
2025-12-11,9:33:58.027873835,T,94.85,500,95.03,100,TGT
2025-12-11,9:34:00.610722192,T,94.85,400,95.03,100,TGT
2025-12-11,9:34:00.678398381,T,94.85,400,95.08,100,TGT
2025-12-11,9:34:00.678603845,T,94.85,500,95.08,100,TGT
2025-12-11,9:34:00.678608966,T,94.87,100,95.08,100,TGT
2025-12-11,9:34:00.678674028,T,94.85,500,95.08,100,TGT
2025-12-11,9:34:00.679170260,T,94.85,400,95.08,100,TGT
2025-12-11,9:34:00.679190759,T,94.85,400,95.06,100,TGT
2025-12-11,9:34:00.679195539,T,94.85,400,95.02,100,TGT
2025-12-11,9:34:00.679200264,T,94.85,400,95.01,100,TGT
2025-12-11,9:34:00.679200264,T,94.85,400,94.97,100,TGT
2025-12-11,9:34:00.679215285,T,94.85,400,95.01,100,TGT
2025-12-11,9:34:00.679240355,T,94.85,400,95.0,100,TGT
2025-12-11,9:34:00.679240355,T,94.85,400,94.99,100,TGT
2025-12-11,9:34:00.679245389,T,94.85,400,94.96,100,TGT
2025-12-11,9:34:00.679300791,T,94.85,400,95.01,200,TGT
2025-12-11,9:34:00.679315538,T,94.85,400,94.99,100,TGT
2025-12-11,9:34:00.679521218,T,94.85,400,94.97,100,TGT
2025-12-11,9:34:00.679541057,T,94.85,400,94.99,100,TGT
2025-12-11,9:34:00.679611296,T,94.85,500,94.99,100,TGT
2025-12-11,9:34:00.679621319,T,94.85,400,94.99,100,TGT
2025-12-11,9:34:00.679626481,T,94.85,400,94.96,100,TGT
2025-12-11,9:34:00.679651687,T,94.85,400,94.97,100,TGT
2025-12-11,9:34:00.679651687,T,94.85,400,94.99,100,TGT
2025-12-11,9:34:00.679696463,T,94.85,500,94.99,100,TGT
2025-12-11,9:34:00.681691372,T,94.85,300,94.99,100,TGT
2025-12-11,9:34:00.681691372,T,94.85,100,94.99,100,TGT
2025-12-11,9:34:00.681696624,T,94.81,100,94.99,100,TGT
2025-12-11,9:34:00.681711423,T,94.81,100,94.87,100,TGT
2025-12-11,9:34:00.682794022,T,94.81,100,94.9,100,TGT
2025-12-11,9:34:00.685986472,T,94.78,100,94.9,100,TGT
2025-12-11,9:34:00.685996445,T,94.76,100,94.9,100,TGT
2025-12-11,9:34:00.686011624,T,94.73,100,94.9,100,TGT
2025-12-11,9:34:00.686858498,T,94.73,100,94.94,100,TGT
2025-12-11,9:34:00.687620406,T,94.78,200,94.94,100,TGT
2025-12-11,9:34:00.691995744,T,94.78,200,94.96,200,TGT
2025-12-11,9:34:00.692000844,T,94.78,200,94.96,100,TGT
2025-12-11,9:34:00.692020799,T,94.78,200,95.0,100,TGT
2025-12-11,9:34:00.692020799,T,94.78,200,95.02,200,TGT
2025-12-11,9:34:00.779203610,T,94.78,200,95.02,100,TGT
2025-12-11,9:34:00.859595073,T,94.78,200,94.99,100,TGT
2025-12-11,9:34:00.868561492,T,94.73,100,94.99,100,TGT
2025-12-11,9:34:00.979510790,T,94.73,100,95.08,100,TGT
2025-12-11,9:34:02.584374110,T,94.73,100,94.98,100,TGT
2025-12-11,9:34:05.630019914,T,94.78,200,94.98,100,TGT
2025-12-11,9:34:06.345674774,T,94.78,200,95.08,100,TGT
2025-12-11,9:34:06.476536612,T,94.79,100,95.08,100,TGT
2025-12-11,9:34:06.476536612,T,94.82,100,95.08,100,TGT
2025-12-11,9:34:06.476571694,T,94.83,100,95.08,100,TGT
2025-12-11,9:34:06.574104325,T,94.78,200,95.08,100,TGT
2025-12-11,9:34:10.689162396,T,94.73,100,95.08,100,TGT
2025-12-11,9:34:11.912451892,T,94.73,300,95.08,100,TGT
2025-12-11,9:34:12.222761124,T,94.73,300,95.06,100,TGT
2025-12-11,9:34:12.222761124,T,94.73,300,95.03,100,TGT
2025-12-11,9:34:12.232764875,T,94.73,300,95.06,100,TGT
2025-12-11,9:34:12.232764875,T,94.73,300,95.08,100,TGT
2025-12-11,9:34:15.629066104,T,94.74,200,95.08,100,TGT
2025-12-11,9:34:25.289345425,T,94.73,300,95.08,100,TGT
2025-12-11,9:34:27.277957893,T,94.73,300,95.07,100,TGT
2025-12-11,9:34:27.284733946,T,94.73,300,95.08,100,TGT
2025-12-11,9:34:27.284759356,T,94.78,100,95.08,100,TGT
2025-12-11,9:34:27.284759356,T,94.81,100,95.08,100,TGT
2025-12-11,9:34:27.284764179,T,94.83,100,95.08,100,TGT
2025-12-11,9:34:27.284764179,T,94.88,100,95.08,100,TGT
2025-12-11,9:34:27.284774119,T,94.88,100,95.07,100,TGT
2025-12-11,9:34:27.285205162,T,94.89,100,95.07,100,TGT
2025-12-11,9:34:27.301062879,T,94.87,100,95.07,100,TGT
2025-12-11,9:34:29.198668932,T,94.87,100,94.99,200,TGT
2025-12-11,9:34:29.387523633,T,94.89,200,94.99,200,TGT
2025-12-11,9:34:34.072079023,T,94.89,200,94.98,100,TGT
2025-12-11,9:34:34.072124060,T,94.89,200,94.98,300,TGT
2025-12-11,9:34:34.266973297,T,94.89,200,94.98,200,TGT
2025-12-11,9:34:34.266973297,T,94.89,200,94.99,100,TGT
2025-12-11,9:34:34.266993307,T,94.89,200,95.07,100,TGT
2025-12-11,9:34:34.267013396,T,94.9,100,95.07,100,TGT
2025-12-11,9:34:34.267013396,T,94.94,100,95.07,100,TGT
2025-12-11,9:34:34.267579667,T,94.94,100,95.08,100,TGT
2025-12-11,9:34:34.367116862,T,94.9,100,95.08,100,TGT
2025-12-11,9:34:34.467059967,T,94.89,200,95.08,100,TGT
2025-12-11,9:34:37.633463513,T,94.85,100,95.08,100,TGT
2025-12-11,9:34:37.633493578,T,94.81,200,95.08,100,TGT
2025-12-11,9:34:41.982008320,T,94.85,100,95.08,100,TGT
2025-12-11,9:34:41.982013369,T,94.91,100,95.08,100,TGT
2025-12-11,9:34:41.989230470,T,94.9,200,95.08,100,TGT
2025-12-11,9:34:43.195619640,T,94.9,200,95.07,100,TGT
2025-12-11,9:34:43.195619640,T,94.9,200,95.06,100,TGT
2025-12-11,9:34:43.195624528,T,94.9,200,95.05,100,TGT
2025-12-11,9:34:43.196621924,T,94.9,200,95.06,200,TGT
2025-12-11,9:34:43.202656249,T,94.9,200,95.06,100,TGT
2025-12-11,9:34:43.215907913,T,94.9,200,95.08,100,TGT
2025-12-11,9:34:47.881748700,T,94.9,200,95.02,100,TGT
2025-12-11,9:34:47.881773714,T,94.9,200,95.03,100,TGT
2025-12-11,9:34:47.883603068,T,94.9,200,95.07,100,TGT
2025-12-11,9:34:47.888780554,T,94.9,200,95.08,100,TGT
2025-12-11,9:34:47.889246542,T,94.9,200,95.01,100,TGT
2025-12-11,9:34:47.889592378,T,94.9,200,95.08,100,TGT
2025-12-11,9:34:47.889652465,T,94.9,200,95.02,100,TGT
2025-12-11,9:34:47.890003589,T,94.9,200,95.08,100,TGT
2025-12-11,9:34:47.993710460,T,94.9,200,95.03,100,TGT
2025-12-11,9:34:47.994046233,T,94.9,200,95.08,100,TGT
2025-12-11,9:34:47.994266751,T,94.9,200,95.03,100,TGT
2025-12-11,9:34:47.994742849,T,94.9,200,95.08,100,TGT
2025-12-11,9:34:47.994893203,T,94.9,200,95.03,100,TGT
2025-12-11,9:34:47.995379396,T,94.9,200,95.08,100,TGT
2025-12-11,9:34:47.995930652,T,94.9,200,95.03,100,TGT
2025-12-11,9:34:47.996451909,T,94.9,200,95.08,100,TGT
2025-12-11,9:34:47.997003251,T,94.9,200,95.03,100,TGT
2025-12-11,9:34:47.997760075,T,94.9,200,95.08,100,TGT
2025-12-11,9:34:47.998546896,T,94.9,200,95.03,100,TGT
2025-12-11,9:34:47.999303698,T,94.9,200,95.08,100,TGT
2025-12-11,9:34:48.027054827,T,94.9,200,95.03,100,TGT
2025-12-11,9:34:49.605485073,T,94.9,200,95.08,100,TGT
2025-12-11,9:34:50.928502052,T,94.81,200,95.08,100,TGT
2025-12-11,9:34:50.944354839,T,94.81,200,95.02,100,TGT
2025-12-11,9:34:51.012221583,T,94.81,100,95.02,100,TGT
2025-12-11,9:34:51.036980579,T,94.78,100,95.02,100,TGT
2025-12-11,9:34:51.036980579,T,94.78,100,94.97,100,TGT
2025-12-11,9:34:51.037010669,T,94.77,100,94.97,100,TGT
2025-12-11,9:34:51.104220738,T,94.77,100,95.02,100,TGT
2025-12-11,9:34:52.272919976,T,94.78,100,95.02,100,TGT
2025-12-11,9:34:53.205196026,T,94.77,100,95.02,100,TGT
2025-12-11,9:34:53.205261150,T,94.78,100,95.02,100,TGT
2025-12-11,9:34:53.431780780,T,94.78,100,95.07,100,TGT
2025-12-11,9:34:53.431795800,T,94.78,100,95.08,300,TGT
2025-12-11,9:34:53.438912770,T,94.78,100,95.03,100,TGT
2025-12-11,9:34:53.439353821,T,94.78,100,95.08,300,TGT
2025-12-11,9:34:55.287291386,T,94.89,200,95.08,300,TGT
2025-12-11,9:34:57.395699343,T,94.89,200,95.08,200,TGT
2025-12-11,9:34:58.981747847,T,94.92,100,95.08,200,TGT
2025-12-11,9:34:58.981792976,T,94.89,200,95.08,200,TGT
2025-12-11,9:34:58.982474534,T,94.89,200,95.15,700,TGT
2025-12-11,9:34:58.982479641,T,94.89,200,95.15,900,TGT
2025-12-11,9:34:59.408178716,T,94.89,200,95.1,100,TGT
2025-12-11,9:35:00.215081017,T,94.89,300,95.1,100,TGT
2025-12-11,9:35:00.398929019,T,94.89,200,95.1,100,TGT
2025-12-11,9:35:01.740389978,T,94.89,300,95.1,100,TGT
2025-12-11,9:35:01.740394969,T,94.95,100,95.1,100,TGT
2025-12-11,9:35:01.740430115,T,94.89,300,95.1,100,TGT
2025-12-11,9:35:01.740555511,T,94.89,200,95.1,100,TGT
2025-12-11,9:35:03.924252834,T,94.85,100,95.1,100,TGT
2025-12-11,9:35:03.924282960,T,94.79,100,95.1,100,TGT
2025-12-11,9:35:04.554283754,T,94.79,100,95.1,200,TGT
2025-12-11,9:35:04.554283754,T,94.79,100,95.08,100,TGT
2025-12-11,9:35:04.554288837,T,94.79,100,95.07,100,TGT
2025-12-11,9:35:04.554288837,T,94.79,100,95.06,100,TGT
2025-12-11,9:35:04.554288837,T,94.79,100,95.03,100,TGT
2025-12-11,9:35:04.554303919,T,94.79,100,95.06,100,TGT
2025-12-11,9:35:04.554308808,T,94.79,100,95.03,100,TGT
2025-12-11,9:35:04.554313890,T,94.79,100,95.06,100,TGT
2025-12-11,9:35:04.554323869,T,94.79,100,95.07,100,TGT
2025-12-11,9:35:04.554343903,T,94.79,100,95.06,100,TGT
2025-12-11,9:35:04.555286186,T,94.79,100,95.07,200,TGT
2025-12-11,9:35:04.564422879,T,94.79,100,95.07,100,TGT
2025-12-11,9:35:04.574491935,T,94.79,100,95.07,200,TGT
2025-12-11,9:35:04.574501906,T,94.79,100,95.07,100,TGT
2025-12-11,9:35:04.574506991,T,94.79,100,95.02,100,TGT
2025-12-11,9:35:05.559293001,T,94.79,100,95.1,100,TGT
2025-12-11,9:35:05.559312986,T,94.79,100,94.98,100,TGT
2025-12-11,9:35:05.596060580,T,94.79,100,95.1,100,TGT
2025-12-11,9:35:07.978982459,T,94.85,100,95.1,100,TGT
2025-12-11,9:35:07.978992772,T,94.89,100,95.1,100,TGT
2025-12-11,9:35:07.978997536,T,94.92,100,95.1,100,TGT
2025-12-11,9:35:07.979012592,T,94.92,200,95.1,100,TGT
2025-12-11,9:35:07.982260288,T,94.92,300,95.1,100,TGT
2025-12-11,9:35:07.982300324,T,94.93,100,95.1,100,TGT
2025-12-11,9:35:07.992329250,T,94.92,300,95.1,100,TGT
2025-12-11,9:35:07.992354311,T,94.92,200,95.1,100,TGT
2025-12-11,9:35:08.078990785,T,94.92,100,95.1,100,TGT
2025-12-11,9:35:14.724602939,T,94.9,100,95.1,100,TGT
2025-12-11,9:35:14.724628044,T,94.85,100,95.1,100,TGT
2025-12-11,9:35:15.658532929,T,94.88,100,95.1,100,TGT
2025-12-11,9:35:17.332175231,T,94.96,200,95.1,100,TGT
2025-12-11,9:35:18.084497439,T,94.96,200,95.07,100,TGT
2025-12-11,9:35:21.878055030,T,94.97,100,95.07,100,TGT
2025-12-11,9:35:21.885116908,T,94.96,200,95.07,100,TGT
2025-12-11,9:35:22.611808181,T,94.96,300,95.07,100,TGT
2025-12-11,9:35:22.611828227,T,94.96,200,95.07,100,TGT
2025-12-11,9:35:22.611833210,T,94.98,100,95.07,100,TGT
2025-12-11,9:35:22.644821756,T,94.98,100,95.1,100,TGT
2025-12-11,9:35:22.644841814,T,95.03,100,95.1,100,TGT
2025-12-11,9:35:22.652429902,T,94.99,200,95.1,100,TGT
2025-12-11,9:35:22.653016321,T,94.99,100,95.1,100,TGT
2025-12-11,9:35:22.745551887,T,94.98,200,95.1,100,TGT
2025-12-11,9:35:22.844988677,T,94.98,100,95.1,100,TGT
2025-12-11,9:35:26.729698555,T,94.98,100,95.09,100,TGT
2025-12-11,9:35:26.729698555,T,94.97,100,95.09,100,TGT
2025-12-11,9:35:26.729728558,T,94.97,100,95.09,200,TGT
2025-12-11,9:35:26.729728558,T,94.96,300,95.09,200,TGT
2025-12-11,9:35:26.730159864,T,94.96,200,95.09,200,TGT
2025-12-11,9:35:26.733417413,T,94.91,100,95.09,200,TGT
2025-12-11,9:35:26.739937976,T,94.91,100,95.09,100,TGT
2025-12-11,9:35:26.893087851,T,94.91,100,95.09,200,TGT
2025-12-11,9:35:26.893769418,T,94.9,100,95.09,200,TGT
2025-12-11,9:35:26.900199766,T,94.9,100,95.09,100,TGT
2025-12-11,9:35:26.914809553,T,94.88,100,95.09,100,TGT
2025-12-11,9:35:27.007034264,T,94.9,100,95.09,100,TGT
2025-12-11,9:35:27.187549301,T,94.88,100,95.09,100,TGT
2025-12-11,9:35:28.312749969,T,94.88,100,95.1,100,TGT
2025-12-11,9:35:28.583710508,T,94.88,100,95.08,100,TGT
2025-12-11,9:35:28.583745502,T,94.88,100,95.05,100,TGT
2025-12-11,9:35:28.681162659,T,94.88,100,95.08,100,TGT
2025-12-11,9:35:28.681949502,T,94.88,100,95.1,100,TGT
2025-12-11,9:35:29.587481871,T,94.88,100,95.03,100,TGT
2025-12-11,9:35:29.598503058,T,94.88,100,95.09,100,TGT
2025-12-11,9:35:31.292097824,T,94.88,300,95.09,100,TGT
2025-12-11,9:35:32.742693701,T,94.88,300,95.08,100,TGT
2025-12-11,9:35:33.102901867,T,94.88,300,95.09,100,TGT
2025-12-11,9:35:33.863273303,T,94.88,300,95.1,100,TGT
2025-12-11,9:35:37.289325363,T,94.88,100,95.1,100,TGT
2025-12-11,9:35:37.568710900,T,94.9,100,95.1,100,TGT
2025-12-11,9:35:40.080199202,T,94.9,100,95.08,100,TGT
2025-12-11,9:35:40.514208156,T,94.9,100,95.1,100,TGT
2025-12-11,9:35:41.945678370,T,94.9,300,95.1,100,TGT
2025-12-11,9:35:46.900246948,T,94.9,300,95.09,100,TGT
2025-12-11,9:35:46.900908486,T,94.9,300,95.1,100,TGT
2025-12-11,9:35:46.901655304,T,94.9,300,95.09,100,TGT
2025-12-11,9:35:50.344266779,T,94.9,300,95.1,100,TGT
2025-12-11,9:35:53.027669565,T,94.9,400,95.1,100,TGT
2025-12-11,9:35:53.412406188,T,94.9,300,95.1,100,TGT
2025-12-11,9:35:53.577870395,T,94.9,400,95.1,100,TGT
2025-12-11,9:35:53.616793106,T,94.9,300,95.1,100,TGT
2025-12-11,9:35:54.590983969,T,94.9,100,95.1,100,TGT
2025-12-11,9:35:58.602180092,T,94.95,200,95.1,100,TGT
2025-12-11,9:35:59.879197401,T,94.96,100,95.1,100,TGT
2025-12-11,9:36:00.131197714,T,94.96,100,95.15,1600,TGT
2025-12-11,9:36:00.131638842,T,94.96,200,95.15,1600,TGT
2025-12-11,9:36:00.317546734,T,94.96,100,95.15,1600,TGT
2025-12-11,9:36:00.318093009,T,94.96,200,95.15,1600,TGT
2025-12-11,9:36:00.328437676,T,94.96,100,95.15,1600,TGT
2025-12-11,9:36:00.329279633,T,94.96,200,95.15,1600,TGT
2025-12-11,9:36:00.497896368,T,94.96,100,95.15,1600,TGT
2025-12-11,9:36:00.500191827,T,94.96,200,95.15,1600,TGT
2025-12-11,9:36:00.526860392,T,94.96,100,95.15,1600,TGT
2025-12-11,9:36:00.701777103,T,94.96,200,95.15,1600,TGT
2025-12-11,9:36:00.760030934,T,94.96,100,95.15,1600,TGT
2025-12-11,9:36:00.862540119,T,94.95,200,95.15,1600,TGT
2025-12-11,9:36:02.739341318,T,94.95,200,95.14,100,TGT
2025-12-11,9:36:07.963507098,T,94.9,100,95.14,100,TGT
2025-12-11,9:36:07.973686348,T,94.96,100,95.14,100,TGT
2025-12-11,9:36:07.973741641,T,95.01,100,95.14,100,TGT
2025-12-11,9:36:08.023374739,T,95.01,200,95.14,100,TGT
2025-12-11,9:36:08.275585563,T,95.01,100,95.14,100,TGT
2025-12-11,9:36:08.284246217,T,95.0,100,95.14,100,TGT
2025-12-11,9:36:08.996192358,T,94.96,100,95.14,100,TGT
2025-12-11,9:36:09.705296857,T,95.01,100,95.14,100,TGT
2025-12-11,9:36:12.500004720,T,95.01,300,95.14,100,TGT
2025-12-11,9:36:15.549750233,T,95.01,200,95.14,100,TGT
2025-12-11,9:36:15.549790580,T,95.01,200,95.1,100,TGT
2025-12-11,9:36:15.550025895,T,95.01,200,95.09,100,TGT
2025-12-11,9:36:15.550096006,T,95.01,200,95.09,200,TGT
2025-12-11,9:36:15.550111065,T,95.01,100,95.09,200,TGT
2025-12-11,9:36:15.550131087,T,95.01,100,95.06,100,TGT
2025-12-11,9:36:15.550151120,T,94.9,100,95.06,100,TGT
2025-12-11,9:36:15.550171156,T,94.9,100,95.04,100,TGT
2025-12-11,9:36:15.550662392,T,94.9,200,95.04,100,TGT
2025-12-11,9:36:15.550857840,T,94.9,100,95.04,100,TGT
2025-12-11,9:36:15.551258776,T,94.9,100,95.09,100,TGT
2025-12-11,9:36:15.552511736,T,94.9,200,95.09,100,TGT
2025-12-11,9:36:15.552516828,T,94.96,100,95.09,100,TGT
2025-12-11,9:36:15.552521862,T,94.96,100,95.14,200,TGT
2025-12-11,9:36:15.552702271,T,94.96,200,95.14,200,TGT
2025-12-11,9:36:15.552927798,T,94.96,200,95.14,100,TGT
2025-12-11,9:36:15.557353278,T,94.96,100,95.14,100,TGT
2025-12-11,9:36:15.652750540,T,94.95,100,95.14,100,TGT
2025-12-11,9:36:15.752643537,T,94.93,100,95.14,100,TGT
2025-12-11,9:36:15.752668613,T,94.9,100,95.14,100,TGT
2025-12-11,9:36:20.396376720,T,95.03,200,95.14,100,TGT
2025-12-11,9:36:27.758811626,T,95.03,300,95.14,100,TGT
2025-12-11,9:36:27.758856727,T,95.04,100,95.14,100,TGT
2025-12-11,9:36:27.758896854,T,95.04,200,95.14,100,TGT
2025-12-11,9:36:27.759162438,T,95.04,200,95.14,200,TGT
2025-12-11,9:36:27.759177493,T,95.04,200,95.13,100,TGT
2025-12-11,9:36:27.759197565,T,95.04,200,95.08,100,TGT
2025-12-11,9:36:27.784502868,T,95.04,100,95.08,100,TGT
2025-12-11,9:36:27.784507856,T,95.03,300,95.08,100,TGT
2025-12-11,9:36:27.784527957,T,95.03,300,95.05,100,TGT
2025-12-11,9:36:27.784547913,T,95.03,100,95.05,100,TGT
2025-12-11,9:36:27.784547913,T,94.9,100,95.05,100,TGT
2025-12-11,9:36:27.784573062,T,94.9,100,95.04,100,TGT
2025-12-11,9:36:27.785615489,T,94.9,100,95.05,100,TGT
2025-12-11,9:36:27.785650531,T,94.9,100,95.14,100,TGT
2025-12-11,9:36:27.822874303,T,94.9,100,95.14,200,TGT
2025-12-11,9:36:27.832878134,T,94.9,100,95.14,100,TGT
2025-12-11,9:36:32.367120377,T,94.9,300,95.14,100,TGT
2025-12-11,9:36:32.797124800,T,94.98,200,95.14,100,TGT
2025-12-11,9:36:32.882748822,T,94.98,200,95.11,100,TGT
2025-12-11,9:36:33.296033405,T,94.98,300,95.11,100,TGT
2025-12-11,9:36:35.208629833,T,94.99,100,95.11,100,TGT
2025-12-11,9:36:35.209371567,T,94.99,300,95.11,100,TGT
2025-12-11,9:36:35.532456190,T,95.0,100,95.11,100,TGT
2025-12-11,9:36:35.532511397,T,95.0,200,95.11,100,TGT
2025-12-11,9:36:35.532551587,T,95.0,300,95.11,100,TGT
2025-12-11,9:36:35.532711806,T,95.01,100,95.11,100,TGT
2025-12-11,9:36:35.533208051,T,95.01,300,95.11,100,TGT
2025-12-11,9:36:35.548183660,T,95.02,100,95.11,100,TGT
2025-12-11,9:36:35.548925437,T,95.02,300,95.11,100,TGT
2025-12-11,9:36:36.210341234,T,95.02,200,95.11,100,TGT
2025-12-11,9:36:36.588116150,T,95.01,100,95.11,100,TGT
2025-12-11,9:36:36.588502092,T,95.03,200,95.11,100,TGT
2025-12-11,9:36:36.593940050,T,95.01,100,95.11,100,TGT
2025-12-11,9:36:36.593965067,T,95.01,100,95.06,100,TGT
2025-12-11,9:36:36.593965067,T,95.01,100,95.04,100,TGT
2025-12-11,9:36:36.594531513,T,95.0,200,95.04,100,TGT
2025-12-11,9:36:36.594561871,T,95.0,100,95.04,100,TGT
2025-12-11,9:36:36.595032699,T,95.0,100,95.05,100,TGT
2025-12-11,9:36:36.598024755,T,94.99,100,95.05,100,TGT
2025-12-11,9:36:36.599327874,T,94.99,300,95.05,100,TGT
2025-12-11,9:36:36.599348048,T,94.99,300,95.09,100,TGT
2025-12-11,9:36:36.604139324,T,94.99,300,95.11,200,TGT
2025-12-11,9:36:36.604169395,T,94.99,300,95.11,100,TGT
2025-12-11,9:36:36.606354675,T,94.99,300,95.11,200,TGT
2025-12-11,9:36:36.606359641,T,94.99,200,95.11,200,TGT
2025-12-11,9:36:36.606875865,T,94.99,200,95.11,100,TGT
2025-12-11,9:36:36.617987314,T,94.99,200,95.08,100,TGT
2025-12-11,9:36:36.808771872,T,94.98,100,95.08,100,TGT
2025-12-11,9:36:36.808811971,T,94.95,100,95.08,100,TGT
2025-12-11,9:36:36.809288119,T,94.95,100,95.11,100,TGT
2025-12-11,9:36:36.809328166,T,94.92,100,95.11,100,TGT
2025-12-11,9:36:42.427417611,T,94.95,200,95.11,100,TGT
2025-12-11,9:36:45.337330084,T,94.95,300,95.11,100,TGT
2025-12-11,9:36:45.337400315,T,94.98,100,95.11,100,TGT
2025-12-11,9:36:45.340602831,T,94.95,300,95.11,100,TGT
2025-12-11,9:36:50.837643614,T,94.95,100,95.11,100,TGT
2025-12-11,9:36:52.387085000,T,94.98,100,95.11,100,TGT
2025-12-11,9:36:52.387185331,T,94.99,100,95.11,100,TGT
2025-12-11,9:36:54.448275566,T,94.99,200,95.11,100,TGT
2025-12-11,9:36:54.589326566,T,94.99,100,95.11,100,TGT
2025-12-11,9:36:54.595596494,T,95.0,100,95.11,100,TGT
2025-12-11,9:36:54.595596494,T,95.01,100,95.11,100,TGT
2025-12-11,9:36:54.595626617,T,95.04,100,95.11,100,TGT
2025-12-11,9:36:54.595701757,T,95.03,100,95.11,100,TGT
2025-12-11,9:36:54.595716842,T,95.03,200,95.11,100,TGT
2025-12-11,9:36:54.596248008,T,95.04,100,95.11,100,TGT
2025-12-11,9:36:54.596283106,T,95.06,100,95.11,100,TGT
2025-12-11,9:36:54.596659126,T,95.07,100,95.11,100,TGT
2025-12-11,9:36:54.596699070,T,95.07,200,95.11,100,TGT
2025-12-11,9:36:54.624319925,T,95.07,200,95.14,100,TGT
2025-12-11,9:36:54.624339940,T,95.08,100,95.14,100,TGT
2025-12-11,9:36:54.624339940,T,95.09,100,95.14,100,TGT
2025-12-11,9:36:54.624380121,T,95.09,200,95.14,100,TGT
2025-12-11,9:36:54.624896248,T,95.09,100,95.14,100,TGT
2025-12-11,9:36:54.792996786,T,95.08,100,95.14,100,TGT
2025-12-11,9:36:55.115349732,T,95.07,100,95.14,100,TGT
2025-12-11,9:36:55.115369828,T,95.07,100,95.1,100,TGT
2025-12-11,9:36:55.115926181,T,95.07,100,95.14,100,TGT
2025-12-11,9:36:55.116793263,T,95.08,200,95.14,100,TGT
2025-12-11,9:36:55.116818197,T,95.07,100,95.14,100,TGT
2025-12-11,9:36:55.116838316,T,95.08,100,95.14,100,TGT
2025-12-11,9:36:55.116858389,T,95.07,100,95.14,100,TGT
2025-12-11,9:36:55.116858389,T,95.06,100,95.14,100,TGT
2025-12-11,9:36:55.145341151,T,95.04,100,95.14,100,TGT
2025-12-11,9:36:55.145847408,T,94.98,100,95.14,100,TGT
2025-12-11,9:36:55.146388738,T,94.96,100,95.14,100,TGT
2025-12-11,9:36:55.146744560,T,94.98,100,95.14,100,TGT
2025-12-11,9:36:55.146774635,T,94.98,200,95.14,100,TGT
2025-12-11,9:36:55.149631371,T,94.98,100,95.14,100,TGT
2025-12-11,9:36:55.157440024,T,94.95,100,95.14,100,TGT
2025-12-11,9:36:55.314529208,T,94.96,100,95.14,100,TGT
2025-12-11,9:36:55.314584424,T,95.02,100,95.14,100,TGT
2025-12-11,9:36:55.315005346,T,95.02,200,95.14,100,TGT
2025-12-11,9:36:55.587604866,T,95.02,100,95.14,100,TGT
2025-12-11,9:36:55.587674974,T,95.03,100,95.14,100,TGT
2025-12-11,9:36:55.588922988,T,95.03,200,95.14,100,TGT
2025-12-11,9:36:55.702122601,T,95.03,100,95.14,100,TGT
2025-12-11,9:36:55.985071688,T,95.04,100,95.14,100,TGT
2025-12-11,9:36:55.985217207,T,95.04,100,95.14,200,TGT
2025-12-11,9:36:55.985237143,T,95.04,100,95.13,100,TGT
2025-12-11,9:36:55.988895793,T,95.04,100,95.13,200,TGT
2025-12-11,9:36:55.988935957,T,95.04,100,95.1,100,TGT
2025-12-11,9:36:55.988935957,T,95.04,100,95.13,100,TGT
2025-12-11,9:36:55.989321863,T,95.04,200,95.13,100,TGT
2025-12-11,9:36:56.000423356,T,95.04,200,95.14,100,TGT
2025-12-11,9:36:56.019989960,T,95.04,100,95.14,100,TGT
2025-12-11,9:36:56.361353236,T,95.03,100,95.14,100,TGT
2025-12-11,9:36:58.742691298,T,95.03,100,95.14,200,TGT
2025-12-11,9:36:58.757807295,T,95.03,100,95.14,100,TGT
2025-12-11,9:36:59.139271131,T,95.05,200,95.14,100,TGT
2025-12-11,9:36:59.144704003,T,95.05,300,95.14,100,TGT
2025-12-11,9:36:59.144724116,T,95.06,100,95.14,100,TGT
2025-12-11,9:36:59.144754161,T,95.06,200,95.14,100,TGT
2025-12-11,9:36:59.159549405,T,95.06,100,95.14,100,TGT
2025-12-11,9:36:59.489310048,T,95.06,200,95.14,100,TGT
2025-12-11,9:36:59.489335052,T,95.07,100,95.14,100,TGT
2025-12-11,9:36:59.489350144,T,95.07,200,95.14,100,TGT
2025-12-11,9:36:59.489505428,T,95.07,100,95.14,100,TGT
2025-12-11,9:36:59.528603662,T,95.07,200,95.14,100,TGT
2025-12-11,9:36:59.528623732,T,95.08,100,95.14,100,TGT
2025-12-11,9:36:59.528653789,T,95.08,200,95.14,100,TGT
2025-12-11,9:36:59.569375929,T,95.08,100,95.14,100,TGT
2025-12-11,9:36:59.569380749,T,95.07,100,95.14,100,TGT
2025-12-11,9:36:59.569405774,T,95.07,100,95.09,100,TGT
2025-12-11,9:36:59.569420907,T,95.06,100,95.09,100,TGT
2025-12-11,9:36:59.569441073,T,95.06,100,95.08,100,TGT
2025-12-11,9:36:59.572979296,T,95.06,100,95.14,100,TGT
2025-12-11,9:36:59.792507326,T,95.05,200,95.14,100,TGT
2025-12-11,9:36:59.792522336,T,95.05,200,95.12,100,TGT
2025-12-11,9:36:59.792532399,T,95.05,200,95.11,100,TGT
2025-12-11,9:36:59.792537385,T,95.05,200,95.09,100,TGT
2025-12-11,9:36:59.792637664,T,95.05,200,95.11,100,TGT
2025-12-11,9:36:59.805483238,T,94.95,100,95.11,100,TGT
2025-12-11,9:36:59.805508301,T,94.95,100,95.06,100,TGT
2025-12-11,9:36:59.806575884,T,94.95,100,95.11,100,TGT
2025-12-11,9:36:59.807042019,T,94.96,100,95.11,100,TGT
2025-12-11,9:36:59.807077105,T,94.98,100,95.11,100,TGT
2025-12-11,9:36:59.807417823,T,94.96,100,95.11,100,TGT
2025-12-11,9:36:59.807648408,T,94.98,100,95.11,100,TGT
2025-12-11,9:36:59.808014512,T,94.96,100,95.11,100,TGT
2025-12-11,9:36:59.808174627,T,94.98,100,95.11,100,TGT
2025-12-11,9:36:59.808756093,T,94.96,100,95.11,100,TGT
2025-12-11,9:36:59.808931472,T,94.98,100,95.11,100,TGT
2025-12-11,9:36:59.809457685,T,94.96,100,95.11,100,TGT
2025-12-11,9:36:59.809678219,T,94.98,100,95.11,100,TGT
2025-12-11,9:36:59.810129379,T,94.96,100,95.11,100,TGT
2025-12-11,9:36:59.810254577,T,94.98,100,95.11,100,TGT
2025-12-11,9:36:59.810866106,T,94.96,100,95.11,100,TGT
2025-12-11,9:36:59.811011393,T,94.98,100,95.11,100,TGT
2025-12-11,9:36:59.811472535,T,94.96,100,95.11,100,TGT
2025-12-11,9:36:59.858324126,T,94.96,100,95.14,200,TGT
2025-12-11,9:36:59.892560695,T,94.96,100,95.14,100,TGT
2025-12-11,9:36:59.903321381,T,94.96,100,95.14,200,TGT
2025-12-11,9:36:59.992589595,T,94.96,100,95.14,100,TGT
2025-12-11,9:37:03.042665476,T,94.96,100,95.15,1700,TGT
2025-12-11,9:37:04.307639092,T,95.0,200,95.15,1700,TGT
2025-12-11,9:37:07.739520053,T,95.0,200,95.14,100,TGT
2025-12-11,9:37:07.739524929,T,95.0,200,95.08,100,TGT
2025-12-11,9:37:07.744607134,T,95.0,200,95.13,100,TGT
2025-12-11,9:37:07.746556771,T,95.0,200,95.15,1700,TGT
2025-12-11,9:37:07.747123062,T,95.0,200,95.13,100,TGT
2025-12-11,9:37:07.840345231,T,95.0,200,95.15,1700,TGT
2025-12-11,9:37:07.840370217,T,95.0,200,95.15,1600,TGT
2025-12-11,9:37:09.144196519,T,95.0,200,95.15,1700,TGT
2025-12-11,9:37:09.144231617,T,94.96,100,95.15,1700,TGT
2025-12-11,9:37:09.144231617,T,94.94,100,95.15,1700,TGT
2025-12-11,9:37:09.144231617,T,94.94,100,95.08,100,TGT
2025-12-11,9:37:09.144252473,T,94.94,100,95.01,100,TGT
2025-12-11,9:37:09.145304150,T,94.94,100,95.07,100,TGT
2025-12-11,9:37:09.145324195,T,94.94,100,95.08,100,TGT
2025-12-11,9:37:09.154325605,T,94.94,100,95.15,1700,TGT
2025-12-11,9:37:09.405323613,T,94.94,100,95.02,100,TGT
2025-12-11,9:37:09.411012068,T,94.94,100,95.15,1700,TGT
2025-12-11,9:37:09.417277032,T,94.93,100,95.15,1700,TGT
2025-12-11,9:37:12.795284533,T,94.94,100,95.15,1700,TGT
2025-12-11,9:37:12.795319704,T,94.95,100,95.15,1700,TGT
2025-12-11,9:37:12.795339724,T,94.94,100,95.15,1700,TGT
2025-12-11,9:37:12.795399811,T,94.95,100,95.15,1700,TGT
2025-12-11,9:37:12.795630372,T,94.94,100,95.15,1700,TGT
2025-12-11,9:37:12.797008616,T,94.95,100,95.15,1700,TGT
2025-12-11,9:37:12.802526760,T,94.94,100,95.15,1700,TGT
2025-12-11,9:37:12.855357701,T,94.95,100,95.15,1700,TGT
2025-12-11,9:37:12.972246102,T,94.96,100,95.15,1700,TGT
2025-12-11,9:37:12.972256236,T,94.97,100,95.15,1700,TGT
2025-12-11,9:37:12.972471624,T,94.98,100,95.15,1700,TGT
2025-12-11,9:37:12.972491734,T,94.98,100,95.15,1600,TGT
2025-12-11,9:37:12.972627051,T,94.97,100,95.15,1600,TGT
2025-12-11,9:37:12.972657159,T,94.97,100,95.12,100,TGT
2025-12-11,9:37:12.972852637,T,94.96,100,95.12,100,TGT
2025-12-11,9:37:12.972852637,T,94.98,100,95.12,100,TGT
2025-12-11,9:37:12.973318720,T,94.95,100,95.12,100,TGT
2025-12-11,9:37:12.973433916,T,94.98,100,95.12,100,TGT
2025-12-11,9:37:12.973774787,T,94.95,100,95.12,100,TGT
2025-12-11,9:37:12.974045450,T,94.98,100,95.12,100,TGT
2025-12-11,9:37:12.974526604,T,94.95,100,95.12,100,TGT
2025-12-11,9:37:12.974842362,T,94.98,100,95.12,100,TGT
2025-12-11,9:37:12.975293368,T,94.95,100,95.12,100,TGT
2025-12-11,9:37:12.975609181,T,94.98,100,95.12,100,TGT
2025-12-11,9:37:12.976070260,T,94.95,100,95.12,100,TGT
2025-12-11,9:37:12.976401034,T,94.98,100,95.12,100,TGT
2025-12-11,9:37:12.976827077,T,94.95,100,95.12,100,TGT
2025-12-11,9:37:12.977167897,T,94.98,100,95.12,100,TGT
2025-12-11,9:37:12.977588884,T,94.95,100,95.12,100,TGT
2025-12-11,9:37:12.977949676,T,94.98,100,95.12,100,TGT
2025-12-11,9:37:12.978345686,T,94.95,100,95.12,100,TGT
2025-12-11,9:37:12.978716608,T,94.98,100,95.12,100,TGT
2025-12-11,9:37:12.979117595,T,94.95,100,95.12,100,TGT
2025-12-11,9:37:12.979493458,T,94.98,100,95.12,100,TGT
2025-12-11,9:37:12.979889316,T,94.95,100,95.12,100,TGT
2025-12-11,9:37:12.980260187,T,94.98,100,95.12,100,TGT
2025-12-11,9:37:12.980646113,T,94.95,100,95.12,100,TGT
2025-12-11,9:37:12.981042074,T,94.98,100,95.12,100,TGT
2025-12-11,9:37:12.981402952,T,94.95,100,95.12,100,TGT
2025-12-11,9:37:12.981833976,T,94.98,100,95.12,100,TGT
2025-12-11,9:37:12.982149749,T,94.95,100,95.12,100,TGT
2025-12-11,9:37:12.982600748,T,94.98,100,95.12,100,TGT
2025-12-11,9:37:12.982906562,T,94.95,100,95.12,100,TGT
2025-12-11,9:37:12.983372673,T,94.98,100,95.12,100,TGT
2025-12-11,9:37:13.145989997,T,94.98,100,95.15,1600,TGT
2025-12-11,9:37:13.146295773,T,94.95,100,95.15,1600,TGT
2025-12-11,9:37:13.302888857,T,94.95,300,95.15,1600,TGT
2025-12-11,9:37:15.250523840,T,94.95,200,95.15,1600,TGT
2025-12-11,9:37:20.422580823,T,94.99,100,95.15,1600,TGT
2025-12-11,9:37:20.687692068,T,95.04,100,95.15,1600,TGT
2025-12-11,9:37:20.687727139,T,95.04,200,95.15,1600,TGT
2025-12-11,9:37:20.688073012,T,95.04,100,95.15,1600,TGT
2025-12-11,9:37:24.854353547,T,95.05,200,95.15,1600,TGT
2025-12-11,9:37:37.703915799,T,95.05,300,95.15,1600,TGT
2025-12-11,9:37:49.082343386,T,95.05,300,95.15,1700,TGT
2025-12-11,9:37:53.577833181,T,95.05,200,95.15,1700,TGT
2025-12-11,9:37:53.577853233,T,95.05,200,95.12,100,TGT
2025-12-11,9:37:53.577883292,T,95.05,200,95.11,100,TGT
2025-12-11,9:37:53.577888256,T,95.05,100,95.11,100,TGT
2025-12-11,9:37:53.577888256,T,95.04,100,95.11,100,TGT
2025-12-11,9:37:53.577909114,T,95.04,100,95.06,100,TGT
2025-12-11,9:37:53.578078693,T,95.04,100,95.11,100,TGT
2025-12-11,9:37:53.578084042,T,95.04,100,95.11,200,TGT
2025-12-11,9:37:53.578088809,T,95.04,100,95.11,300,TGT
2025-12-11,9:37:53.578103765,T,95.04,100,95.11,200,TGT
2025-12-11,9:37:53.578128834,T,95.04,100,95.11,300,TGT
2025-12-11,9:37:53.578128834,T,95.04,200,95.11,300,TGT
2025-12-11,9:37:53.578143901,T,95.04,100,95.11,300,TGT
2025-12-11,9:37:53.578244414,T,95.04,100,95.11,200,TGT
2025-12-11,9:37:53.578349434,T,95.04,100,95.11,300,TGT
2025-12-11,9:37:53.578374781,T,95.04,100,95.11,200,TGT
2025-12-11,9:37:53.578459661,T,95.04,100,95.08,100,TGT
2025-12-11,9:37:53.578519842,T,95.04,100,95.11,200,TGT
2025-12-11,9:37:53.588343186,T,95.04,100,95.11,100,TGT
2025-12-11,9:37:53.588358173,T,95.04,100,95.12,100,TGT
2025-12-11,9:37:53.588388363,T,95.04,100,95.15,1700,TGT
2025-12-11,9:37:56.466780675,T,95.04,100,95.09,100,TGT
2025-12-11,9:37:56.691105091,T,95.04,100,95.08,100,TGT
2025-12-11,9:37:56.691335613,T,94.95,200,95.08,100,TGT
2025-12-11,9:37:56.779405534,T,94.95,300,95.08,100,TGT
2025-12-11,9:37:56.859797027,T,94.95,300,95.09,100,TGT
2025-12-11,9:37:57.712718940,T,95.0,200,95.09,100,TGT
2025-12-11,9:38:01.944550737,T,95.0,300,95.09,100,TGT
2025-12-11,9:38:01.946380110,T,95.01,100,95.09,100,TGT
2025-12-11,9:38:01.946816191,T,95.02,100,95.09,100,TGT
2025-12-11,9:38:01.947272322,T,95.02,200,95.09,100,TGT
2025-12-11,9:38:01.948605447,T,95.02,300,95.09,100,TGT
2025-12-11,9:38:01.949362230,T,95.02,400,95.09,100,TGT
2025-12-11,9:38:01.949487511,T,95.02,300,95.09,100,TGT
2025-12-11,9:38:01.954439354,T,95.02,200,95.09,100,TGT
2025-12-11,9:38:01.954469394,T,95.02,100,95.09,100,TGT
2025-12-11,9:38:02.044543964,T,95.0,100,95.09,100,TGT
2025-12-11,9:38:02.053475290,T,94.96,100,95.09,100,TGT
2025-12-11,9:38:02.102226379,T,95.0,100,95.09,100,TGT
2025-12-11,9:38:07.289789916,T,95.03,200,95.09,100,TGT
2025-12-11,9:38:07.860349168,T,95.03,300,95.09,100,TGT
2025-12-11,9:38:07.867210541,T,95.03,200,95.09,100,TGT
2025-12-11,9:38:07.867857042,T,95.03,200,95.11,100,TGT
2025-12-11,9:38:07.867987334,T,95.03,200,95.12,100,TGT
2025-12-11,9:38:07.868012459,T,95.06,100,95.12,100,TGT
2025-12-11,9:38:07.868042586,T,95.07,100,95.12,100,TGT
2025-12-11,9:38:07.868172860,T,95.07,100,95.15,1700,TGT
2025-12-11,9:38:07.945958122,T,95.06,100,95.15,1700,TGT
2025-12-11,9:38:07.945958122,T,95.06,100,95.15,1600,TGT
2025-12-11,9:38:07.945973138,T,95.07,100,95.15,1600,TGT
2025-12-11,9:38:07.952634245,T,95.07,100,95.15,1000,TGT
2025-12-11,9:38:07.952634245,T,95.07,100,95.18,100,TGT
2025-12-11,9:38:07.952654383,T,95.14,100,95.18,100,TGT
2025-12-11,9:38:07.952774361,T,95.14,200,95.18,100,TGT
2025-12-11,9:38:07.953029962,T,95.14,200,95.2,100,TGT
2025-12-11,9:38:07.953265571,T,95.15,100,95.2,100,TGT
2025-12-11,9:38:07.953536247,T,95.14,200,95.2,100,TGT
2025-12-11,9:38:07.953666470,T,95.14,100,95.2,100,TGT
2025-12-11,9:38:07.954022398,T,95.14,100,95.26,200,TGT
2025-12-11,9:38:07.954042352,T,95.18,100,95.26,200,TGT
2025-12-11,9:38:07.954077496,T,95.18,200,95.26,200,TGT
2025-12-11,9:38:07.954598669,T,95.18,100,95.26,200,TGT
2025-12-11,9:38:07.967103572,T,95.18,100,95.29,100,TGT
2025-12-11,9:38:07.967128622,T,95.18,100,95.35,200,TGT
2025-12-11,9:38:08.051113666,T,95.18,100,95.33,200,TGT
2025-12-11,9:38:08.051153737,T,95.18,100,95.33,300,TGT
2025-12-11,9:38:08.501591829,T,95.18,300,95.33,300,TGT
2025-12-11,9:38:08.512272355,T,95.18,300,95.25,100,TGT
2025-12-11,9:38:10.118939958,T,95.2,100,95.25,100,TGT
2025-12-11,9:38:10.119015092,T,95.2,200,95.25,100,TGT
2025-12-11,9:38:10.169841267,T,95.2,100,95.25,100,TGT
2025-12-11,9:38:10.169876350,T,95.2,100,95.24,100,TGT
2025-12-11,9:38:10.171114289,T,95.2,200,95.24,100,TGT
2025-12-11,9:38:10.171144326,T,95.2,200,95.25,100,TGT
2025-12-11,9:38:10.173083912,T,95.2,200,95.33,200,TGT
2025-12-11,9:38:10.173124022,T,95.2,200,95.24,100,TGT
2025-12-11,9:38:15.435505896,T,95.2,200,95.33,200,TGT
2025-12-11,9:38:15.435526015,T,95.22,100,95.33,200,TGT
2025-12-11,9:38:15.435681390,T,95.22,200,95.33,200,TGT
2025-12-11,9:38:15.436082286,T,95.22,100,95.33,200,TGT
2025-12-11,9:38:15.796886852,T,95.22,100,95.35,200,TGT
2025-12-11,9:38:15.796916906,T,95.22,100,95.35,100,TGT
2025-12-11,9:38:15.808780189,T,95.22,100,95.35,200,TGT
2025-12-11,9:38:16.406203503,T,95.23,200,95.35,200,TGT
2025-12-11,9:38:16.504071613,T,95.24,100,95.35,200,TGT
2025-12-11,9:38:16.504136819,T,95.24,200,95.35,200,TGT
2025-12-11,9:38:16.576985382,T,95.25,100,95.35,200,TGT
2025-12-11,9:38:16.576990337,T,95.25,200,95.35,200,TGT
2025-12-11,9:38:16.576990337,T,95.25,300,95.35,200,TGT
2025-12-11,9:38:16.577015459,T,95.25,200,95.35,200,TGT
2025-12-11,9:38:16.577035475,T,95.25,300,95.35,200,TGT
2025-12-11,9:38:16.577090640,T,95.26,100,95.35,200,TGT
2025-12-11,9:38:16.578193220,T,95.26,200,95.35,200,TGT
2025-12-11,9:38:16.927039378,T,95.26,300,95.35,200,TGT
2025-12-11,9:38:16.927099555,T,95.29,100,95.35,200,TGT
2025-12-11,9:38:16.927876294,T,95.26,300,95.35,200,TGT
2025-12-11,9:38:16.976858086,T,95.29,100,95.35,200,TGT
2025-12-11,9:38:16.976933191,T,95.31,100,95.35,200,TGT
2025-12-11,9:38:16.977725147,T,95.31,200,95.35,200,TGT
2025-12-11,9:38:16.983664294,T,95.31,200,95.35,100,TGT
2025-12-11,9:38:16.983669314,T,95.31,200,95.4,100,TGT
2025-12-11,9:38:16.983684617,T,95.31,200,95.42,100,TGT
2025-12-11,9:38:16.983689355,T,95.31,200,95.43,100,TGT
2025-12-11,9:38:16.983710015,T,95.31,300,95.43,100,TGT
2025-12-11,9:38:16.983714336,T,95.32,100,95.43,100,TGT
2025-12-11,9:38:16.983739551,T,95.33,100,95.43,100,TGT
2025-12-11,9:38:16.983754419,T,95.32,100,95.43,100,TGT
2025-12-11,9:38:16.983985352,T,95.32,100,95.4,100,TGT
2025-12-11,9:38:16.983985352,T,95.32,100,95.39,100,TGT
2025-12-11,9:38:16.983985352,T,95.32,100,95.39,200,TGT
2025-12-11,9:38:16.983990255,T,95.32,100,95.39,300,TGT
2025-12-11,9:38:16.984010058,T,95.32,100,95.39,200,TGT
2025-12-11,9:38:16.985022463,T,95.32,100,95.39,100,TGT
2025-12-11,9:38:16.990350203,T,95.32,100,95.4,100,TGT
2025-12-11,9:38:17.070285583,T,95.32,100,95.43,100,TGT
2025-12-11,9:38:17.070355827,T,95.32,100,95.42,100,TGT
2025-12-11,9:38:17.114320485,T,95.32,100,95.43,100,TGT
2025-12-11,9:38:17.184282178,T,95.31,200,95.43,100,TGT
2025-12-11,9:38:19.165752788,T,95.32,100,95.43,100,TGT
2025-12-11,9:38:19.165822924,T,95.32,200,95.43,100,TGT
2025-12-11,9:38:25.294373272,T,95.32,400,95.43,100,TGT
2025-12-11,9:38:29.177669860,T,95.33,100,95.43,100,TGT
2025-12-11,9:38:29.177674789,T,95.36,100,95.43,100,TGT
2025-12-11,9:38:29.177704922,T,95.36,100,95.44,100,TGT
2025-12-11,9:38:29.177729958,T,95.38,100,95.44,100,TGT
2025-12-11,9:38:29.177870207,T,95.38,200,95.44,100,TGT
2025-12-11,9:38:29.178286268,T,95.38,100,95.44,100,TGT
2025-12-11,9:38:29.180040455,T,95.36,100,95.44,100,TGT
2025-12-11,9:38:29.180466535,T,95.36,100,95.42,100,TGT
2025-12-11,9:38:29.180466535,T,95.36,100,95.41,100,TGT
2025-12-11,9:38:29.180466535,T,95.36,100,95.41,200,TGT
2025-12-11,9:38:29.180486509,T,95.36,100,95.41,100,TGT
2025-12-11,9:38:29.180526536,T,95.37,100,95.41,100,TGT
2025-12-11,9:38:29.180531588,T,95.37,200,95.41,100,TGT
2025-12-11,9:38:29.180546663,T,95.37,100,95.41,100,TGT
2025-12-11,9:38:29.182015112,T,95.37,100,95.42,100,TGT
2025-12-11,9:38:29.190550453,T,95.37,100,95.44,100,TGT
2025-12-11,9:38:29.226756746,T,95.37,200,95.44,100,TGT
2025-12-11,9:38:29.329912483,T,95.37,200,95.42,100,TGT
2025-12-11,9:38:29.329917498,T,95.37,200,95.41,100,TGT
2025-12-11,9:38:29.329917498,T,95.37,200,95.41,200,TGT
2025-12-11,9:38:29.329922462,T,95.37,100,95.41,200,TGT
2025-12-11,9:38:29.329942600,T,95.37,100,95.41,100,TGT
2025-12-11,9:38:29.329947523,T,95.36,100,95.41,100,TGT
2025-12-11,9:38:29.329972673,T,95.36,100,95.39,100,TGT
2025-12-11,9:38:29.329972673,T,95.36,100,95.39,200,TGT
2025-12-11,9:38:29.329997874,T,95.36,100,95.39,100,TGT
2025-12-11,9:38:29.330002710,T,95.36,100,95.41,200,TGT
2025-12-11,9:38:29.330027749,T,95.37,100,95.41,200,TGT
2025-12-11,9:38:29.851740669,T,95.38,100,95.41,200,TGT
2025-12-11,9:38:29.851760632,T,95.38,100,95.41,100,TGT
2025-12-11,9:38:29.851790753,T,95.38,200,95.41,100,TGT
2025-12-11,9:38:29.851830849,T,95.38,200,95.42,100,TGT
2025-12-11,9:38:30.129261769,T,95.38,200,95.43,100,TGT
2025-12-11,9:38:30.129261769,T,95.38,200,95.46,100,TGT
2025-12-11,9:38:30.129281842,T,95.4,100,95.46,100,TGT
2025-12-11,9:38:30.129336980,T,95.4,200,95.46,100,TGT
2025-12-11,9:38:30.129377016,T,95.4,300,95.46,100,TGT
2025-12-11,9:38:30.129838125,T,95.4,200,95.46,100,TGT
2025-12-11,9:38:30.129948449,T,95.4,200,95.5,1600,TGT
2025-12-11,9:38:30.129968448,T,95.41,100,95.5,1600,TGT
2025-12-11,9:38:30.130003503,T,95.41,200,95.5,1600,TGT
2025-12-11,9:38:30.130018538,T,95.41,300,95.5,1600,TGT
2025-12-11,9:38:30.130424488,T,95.41,300,95.5,1500,TGT
2025-12-11,9:38:30.130479694,T,95.42,100,95.5,1500,TGT
2025-12-11,9:38:30.130529823,T,95.42,200,95.5,1500,TGT
2025-12-11,9:38:30.130700183,T,95.42,200,95.5,1300,TGT
2025-12-11,9:38:30.299101389,T,95.42,100,95.5,1300,TGT
2025-12-11,9:38:30.790612381,T,95.42,100,95.43,100,TGT
2025-12-11,9:38:30.790637946,T,95.42,100,95.5,1300,TGT
2025-12-11,9:38:30.790657561,T,95.42,200,95.5,1300,TGT
2025-12-11,9:38:30.790697564,T,95.42,100,95.5,1300,TGT
2025-12-11,9:38:31.630192518,T,95.41,200,95.5,1300,TGT
2025-12-11,9:38:31.630212550,T,95.41,200,95.42,100,TGT
2025-12-11,9:38:31.630227614,T,95.41,100,95.42,100,TGT
2025-12-11,9:38:31.631425463,T,95.41,100,95.5,1300,TGT
2025-12-11,9:38:31.898817445,T,95.41,200,95.5,1300,TGT
2025-12-11,9:38:33.800282541,T,95.41,300,95.5,1300,TGT
2025-12-11,9:38:34.940188134,T,95.41,300,95.5,1400,TGT
2025-12-11,9:38:35.636923053,T,95.41,200,95.5,1400,TGT
2025-12-11,9:38:36.089255643,T,95.41,200,95.5,1300,TGT
2025-12-11,9:38:36.113297847,T,95.41,200,95.45,100,TGT
2025-12-11,9:38:36.120369737,T,95.41,200,95.5,1300,TGT
2025-12-11,9:38:37.151255736,T,95.41,300,95.5,1300,TGT
2025-12-11,9:38:37.492969785,T,95.41,500,95.5,1300,TGT
2025-12-11,9:38:37.687397932,T,95.41,400,95.5,1300,TGT
2025-12-11,9:38:37.687418037,T,95.41,300,95.5,1300,TGT
2025-12-11,9:38:37.687423088,T,95.41,200,95.5,1300,TGT
2025-12-11,9:38:37.687428015,T,95.4,100,95.5,1300,TGT
2025-12-11,9:38:37.687443073,T,95.4,100,95.42,100,TGT
2025-12-11,9:38:37.688260063,T,95.4,100,95.41,100,TGT
2025-12-11,9:38:37.688280095,T,95.4,100,95.41,200,TGT
2025-12-11,9:38:37.690365101,T,95.4,100,95.41,100,TGT
2025-12-11,9:38:37.690365101,T,95.4,100,95.43,100,TGT
2025-12-11,9:38:37.692460036,T,95.4,200,95.43,100,TGT
2025-12-11,9:38:37.729713767,T,95.4,200,95.41,100,TGT
2025-12-11,9:38:37.732094469,T,95.4,200,95.43,100,TGT
2025-12-11,9:38:37.787446266,T,95.4,200,95.44,100,TGT
2025-12-11,9:38:37.787822988,T,95.4,100,95.44,100,TGT
2025-12-11,9:38:37.787822988,T,95.24,100,95.44,100,TGT
2025-12-11,9:38:37.787842255,T,95.24,100,95.4,100,TGT
2025-12-11,9:38:37.787882406,T,95.23,100,95.4,100,TGT
2025-12-11,9:38:37.788949885,T,95.23,100,95.43,100,TGT
2025-12-11,9:38:37.789841998,T,95.23,100,95.44,200,TGT
2025-12-11,9:38:37.789947263,T,95.23,100,95.44,100,TGT
2025-12-11,9:38:37.813643727,T,95.23,100,95.39,100,TGT
2025-12-11,9:38:37.856641197,T,95.23,100,95.37,100,TGT
2025-12-11,9:38:37.861021556,T,95.23,100,95.42,100,TGT
2025-12-11,9:38:39.517357626,T,95.33,200,95.42,100,TGT
2025-12-11,9:38:39.517397766,T,95.33,200,95.45,100,TGT
2025-12-11,9:38:39.517473067,T,95.33,200,95.46,100,TGT
2025-12-11,9:38:40.732487439,T,95.23,100,95.46,100,TGT
2025-12-11,9:38:41.086039726,T,95.34,100,95.46,100,TGT
2025-12-11,9:38:41.086104861,T,95.34,200,95.46,100,TGT
2025-12-11,9:38:46.774712231,T,95.34,300,95.46,100,TGT
2025-12-11,9:38:46.774717323,T,95.35,100,95.46,100,TGT
2025-12-11,9:38:46.774717323,T,95.35,200,95.46,100,TGT
2025-12-11,9:38:46.774767465,T,95.35,300,95.46,100,TGT
2025-12-11,9:38:46.774807474,T,95.37,100,95.46,100,TGT
2025-12-11,9:38:46.776005394,T,95.37,200,95.46,100,TGT
2025-12-11,9:38:46.776536675,T,95.37,100,95.46,100,TGT
2025-12-11,9:38:46.840759623,T,95.37,200,95.46,100,TGT
2025-12-11,9:38:46.840764665,T,95.38,100,95.46,100,TGT
2025-12-11,9:38:46.840779720,T,95.38,100,95.5,1500,TGT
2025-12-11,9:38:46.840794728,T,95.37,200,95.5,1500,TGT
2025-12-11,9:38:46.840819774,T,95.38,100,95.5,1500,TGT
2025-12-11,9:38:46.840854858,T,95.39,100,95.5,1500,TGT
2025-12-11,9:38:46.992621430,T,95.39,100,95.5,1300,TGT
2025-12-11,9:38:48.276474993,T,95.39,300,95.5,1300,TGT
2025-12-11,9:38:48.642216408,T,95.4,100,95.5,1300,TGT
2025-12-11,9:38:48.642286543,T,95.4,200,95.5,1300,TGT
2025-12-11,9:38:50.415160075,T,95.4,200,95.5,1400,TGT
2025-12-11,9:38:53.050733927,T,95.4,200,95.43,100,TGT
2025-12-11,9:38:53.051946885,T,95.4,200,95.5,1300,TGT
2025-12-11,9:38:53.051971889,T,95.4,200,95.46,100,TGT
2025-12-11,9:38:53.120430026,T,95.4,100,95.46,100,TGT
2025-12-11,9:38:53.120430026,T,95.39,300,95.46,100,TGT
2025-12-11,9:38:53.120450081,T,95.39,300,95.41,100,TGT
2025-12-11,9:38:53.120485277,T,95.39,200,95.41,100,TGT
2025-12-11,9:38:53.120485277,T,95.38,100,95.41,100,TGT
2025-12-11,9:38:53.120505452,T,95.38,100,95.4,100,TGT
2025-12-11,9:38:53.120730694,T,95.34,100,95.4,100,TGT
2025-12-11,9:38:53.120755786,T,95.37,100,95.4,100,TGT
2025-12-11,9:38:53.121287059,T,95.38,100,95.4,100,TGT
2025-12-11,9:38:53.121332181,T,95.38,200,95.4,100,TGT
2025-12-11,9:38:53.121332181,T,95.38,300,95.4,100,TGT
2025-12-11,9:38:53.121557629,T,95.38,300,95.46,100,TGT
2025-12-11,9:38:53.125441966,T,95.38,300,95.44,100,TGT
2025-12-11,9:38:53.320451470,T,95.38,500,95.44,100,TGT
2025-12-11,9:38:53.785214001,T,95.38,400,95.44,100,TGT
2025-12-11,9:38:53.785214001,T,95.38,300,95.44,100,TGT
2025-12-11,9:38:53.785219069,T,95.38,200,95.44,100,TGT
2025-12-11,9:38:53.785219069,T,95.34,100,95.44,100,TGT
2025-12-11,9:38:53.785233842,T,95.34,100,95.39,100,TGT
2025-12-11,9:38:53.785238845,T,95.34,100,95.39,200,TGT
2025-12-11,9:38:53.785238845,T,95.34,100,95.39,300,TGT
2025-12-11,9:38:53.785248882,T,95.26,100,95.39,300,TGT
2025-12-11,9:38:53.785269153,T,95.26,100,95.38,100,TGT
2025-12-11,9:38:53.796490608,T,95.26,100,95.39,100,TGT
2025-12-11,9:38:53.816528371,T,95.23,100,95.39,100,TGT
2025-12-11,9:38:55.030315128,T,95.35,100,95.39,100,TGT
2025-12-11,9:38:55.030380218,T,95.35,200,95.39,100,TGT
2025-12-11,9:38:55.784356458,T,95.35,100,95.39,100,TGT
2025-12-11,9:38:55.784356458,T,95.23,100,95.39,100,TGT
2025-12-11,9:38:55.784376781,T,95.23,100,95.36,100,TGT
2025-12-11,9:38:55.784421573,T,95.23,100,95.35,100,TGT
2025-12-11,9:38:55.784441626,T,95.21,300,95.35,100,TGT
2025-12-11,9:38:55.785509198,T,95.21,300,95.37,100,TGT
2025-12-11,9:38:55.785509198,T,95.21,300,95.43,100,TGT
2025-12-11,9:38:55.791413346,T,95.21,300,95.44,100,TGT
2025-12-11,9:38:55.791809245,T,95.23,100,95.44,100,TGT
2025-12-11,9:38:58.088636094,T,95.24,100,95.44,100,TGT
2025-12-11,9:38:58.092831046,T,95.33,200,95.44,100,TGT
2025-12-11,9:38:58.092861208,T,95.33,200,95.45,200,TGT
2025-12-11,9:38:58.092901252,T,95.33,200,95.45,300,TGT
2025-12-11,9:38:58.389943889,T,95.33,200,95.45,200,TGT
2025-12-11,9:38:59.507386289,T,95.35,100,95.45,200,TGT
2025-12-11,9:38:59.507451251,T,95.35,200,95.45,200,TGT
2025-12-11,9:39:02.122756823,T,95.35,300,95.45,200,TGT
2025-12-11,9:39:05.687393967,T,95.35,200,95.45,200,TGT
2025-12-11,9:39:06.722284581,T,95.35,300,95.45,200,TGT
2025-12-11,9:39:06.722354632,T,95.35,300,95.39,100,TGT
2025-12-11,9:39:06.722379721,T,95.35,200,95.39,100,TGT
2025-12-11,9:39:06.722434891,T,95.35,200,95.39,200,TGT
2025-12-11,9:39:06.722505028,T,95.35,100,95.39,200,TGT
2025-12-11,9:39:06.723187014,T,95.35,100,95.39,100,TGT
2025-12-11,9:39:06.723191726,T,95.35,100,95.45,200,TGT
2025-12-11,9:39:06.723211662,T,95.35,200,95.45,200,TGT
2025-12-11,9:39:06.723903364,T,95.36,100,95.45,200,TGT
2025-12-11,9:39:06.723973585,T,95.36,100,95.44,100,TGT
2025-12-11,9:39:06.724209140,T,95.35,200,95.44,100,TGT
2025-12-11,9:39:06.796461246,T,95.35,100,95.44,100,TGT
2025-12-11,9:39:07.375776420,T,95.26,300,95.44,100,TGT
2025-12-11,9:39:08.240707173,T,95.37,100,95.44,100,TGT
2025-12-11,9:39:08.511948290,T,95.37,200,95.44,100,TGT
2025-12-11,9:39:13.118758280,T,95.37,100,95.44,100,TGT
2025-12-11,9:39:14.335802660,T,95.4,100,95.44,100,TGT
2025-12-11,9:39:16.950100959,T,95.37,100,95.44,100,TGT
2025-12-11,9:39:16.950121079,T,95.37,100,95.42,100,TGT
2025-12-11,9:39:16.950151146,T,95.37,100,95.41,100,TGT
2025-12-11,9:39:16.950246313,T,95.37,100,95.4,100,TGT
2025-12-11,9:39:16.950306449,T,95.37,100,95.42,100,TGT
2025-12-11,9:39:16.950306449,T,95.37,100,95.39,100,TGT
2025-12-11,9:39:16.950326465,T,95.37,100,95.39,200,TGT
2025-12-11,9:39:16.951038253,T,95.35,200,95.39,200,TGT
2025-12-11,9:39:16.951198559,T,95.35,200,95.39,100,TGT
2025-12-11,9:39:18.015935171,T,95.36,100,95.39,100,TGT
2025-12-11,9:39:19.103135180,T,95.36,100,95.38,100,TGT
2025-12-11,9:39:19.103180298,T,95.36,100,95.38,200,TGT
2025-12-11,9:39:19.105165089,T,95.36,100,95.38,100,TGT
2025-12-11,9:39:19.105165089,T,95.36,100,95.45,200,TGT
2025-12-11,9:39:19.105185542,T,95.37,100,95.45,200,TGT
2025-12-11,9:39:19.105190133,T,95.37,200,95.45,200,TGT
2025-12-11,9:39:19.106287705,T,95.37,100,95.45,200,TGT
2025-12-11,9:39:19.106317761,T,95.36,100,95.45,200,TGT
2025-12-11,9:39:22.999948854,T,95.35,100,95.45,200,TGT
2025-12-11,9:39:22.999978845,T,95.26,300,95.45,200,TGT
2025-12-11,9:39:23.008804954,T,95.35,100,95.45,200,TGT
2025-12-11,9:39:23.008804954,T,95.38,100,95.45,200,TGT
2025-12-11,9:39:23.008809993,T,95.38,200,95.45,200,TGT
2025-12-11,9:39:23.109133981,T,95.38,100,95.45,200,TGT
2025-12-11,9:39:23.208806451,T,95.35,100,95.45,200,TGT
2025-12-11,9:39:23.789850731,T,95.4,200,95.45,200,TGT
2025-12-11,9:39:23.946894835,T,95.41,100,95.45,200,TGT
2025-12-11,9:39:25.249232440,T,95.41,100,95.5,1300,TGT
2025-12-11,9:39:25.249253108,T,95.44,100,95.5,1300,TGT
2025-12-11,9:39:25.249287645,T,95.43,200,95.5,1300,TGT
2025-12-11,9:39:25.249312653,T,95.43,200,95.45,100,TGT
2025-12-11,9:39:25.249337875,T,95.43,200,95.45,200,TGT
2025-12-11,9:39:25.249337875,T,95.43,200,95.45,100,TGT
2025-12-11,9:39:25.249362854,T,95.43,100,95.45,100,TGT
2025-12-11,9:39:25.249362854,T,95.41,100,95.45,100,TGT
2025-12-11,9:39:25.249382766,T,95.41,100,95.43,100,TGT
2025-12-11,9:39:25.249388120,T,95.41,100,95.46,100,TGT
2025-12-11,9:39:25.249388120,T,95.41,100,95.5,1300,TGT
2025-12-11,9:39:25.249388120,T,95.41,100,95.46,100,TGT
2025-12-11,9:39:25.249392747,T,95.41,100,95.45,100,TGT
2025-12-11,9:39:25.249402870,T,95.41,100,95.45,200,TGT
2025-12-11,9:39:25.249407828,T,95.41,100,95.45,100,TGT
2025-12-11,9:39:25.249422837,T,95.41,200,95.45,100,TGT
2025-12-11,9:39:25.249422837,T,95.42,100,95.45,100,TGT
2025-12-11,9:39:25.250089411,T,95.42,100,95.46,100,TGT
2025-12-11,9:39:25.250089411,T,95.42,100,95.5,1400,TGT
2025-12-11,9:39:25.250109531,T,95.44,100,95.5,1400,TGT
2025-12-11,9:39:25.250134598,T,95.44,100,95.5,1300,TGT
2025-12-11,9:39:25.250134598,T,95.44,200,95.5,1300,TGT
2025-12-11,9:39:25.250159606,T,95.44,200,95.5,1400,TGT
2025-12-11,9:39:25.251357480,T,95.44,100,95.5,1400,TGT
2025-12-11,9:39:25.255111452,T,95.42,100,95.5,1400,TGT
2025-12-11,9:39:25.255111452,T,95.42,100,95.5,1300,TGT
2025-12-11,9:39:25.255116380,T,95.45,100,95.5,1300,TGT
2025-12-11,9:39:25.255136462,T,95.45,100,95.5,1400,TGT
2025-12-11,9:39:25.392468676,T,95.45,100,95.5,1300,TGT
2025-12-11,9:39:25.392564163,T,95.41,200,95.5,1300,TGT
2025-12-11,9:39:25.392564163,T,95.45,100,95.5,1300,TGT
2025-12-11,9:39:25.451123512,T,95.45,100,95.5,1200,TGT
2025-12-11,9:39:25.451123512,T,95.45,100,95.5,1100,TGT
2025-12-11,9:39:25.451123512,T,95.45,100,95.5,1000,TGT
2025-12-11,9:39:25.451128471,T,95.45,100,95.5,900,TGT
2025-12-11,9:39:25.451143576,T,95.46,100,95.5,900,TGT
2025-12-11,9:39:25.451158766,T,95.41,200,95.5,900,TGT
2025-12-11,9:39:25.451163571,T,95.47,100,95.5,900,TGT
2025-12-11,9:39:25.451248817,T,95.47,200,95.5,900,TGT
2025-12-11,9:39:25.451253818,T,95.48,100,95.5,900,TGT
2025-12-11,9:39:25.451505256,T,95.48,100,95.55,300,TGT
2025-12-11,9:39:25.451529410,T,95.49,100,95.55,300,TGT
2025-12-11,9:39:25.451549454,T,95.49,200,95.55,300,TGT
2025-12-11,9:39:25.451594561,T,95.49,200,95.55,400,TGT
2025-12-11,9:39:25.452251119,T,95.49,100,95.55,400,TGT
2025-12-11,9:39:25.452256230,T,95.47,100,95.55,400,TGT
2025-12-11,9:39:25.452261164,T,95.46,100,95.55,400,TGT
2025-12-11,9:39:25.452276201,T,95.46,100,95.55,500,TGT
2025-12-11,9:39:25.452276201,T,95.46,100,95.52,100,TGT
2025-12-11,9:39:25.452281371,T,95.47,100,95.52,100,TGT
2025-12-11,9:39:25.452281371,T,95.46,100,95.52,100,TGT
2025-12-11,9:39:25.452286287,T,95.45,100,95.52,100,TGT
2025-12-11,9:39:25.452291509,T,95.45,100,95.5,100,TGT
2025-12-11,9:39:25.452296604,T,95.45,100,95.49,100,TGT
2025-12-11,9:39:25.452306570,T,95.43,100,95.49,100,TGT
2025-12-11,9:39:25.452306570,T,95.43,100,95.49,200,TGT
2025-12-11,9:39:25.452316259,T,95.41,200,95.49,200,TGT
2025-12-11,9:39:25.452321349,T,95.41,200,95.49,300,TGT
2025-12-11,9:39:25.452421674,T,95.41,100,95.49,300,TGT
2025-12-11,9:39:25.452436669,T,95.41,100,95.49,200,TGT
2025-12-11,9:39:25.452446574,T,95.41,100,95.49,300,TGT
2025-12-11,9:39:25.452461727,T,95.41,100,95.49,400,TGT
2025-12-11,9:39:25.452461727,T,95.41,100,95.49,500,TGT
2025-12-11,9:39:25.452467091,T,95.41,100,95.49,300,TGT
2025-12-11,9:39:25.452467091,T,95.41,100,95.48,200,TGT
2025-12-11,9:39:25.452501782,T,95.41,100,95.48,300,TGT
2025-12-11,9:39:25.452506785,T,95.41,100,95.48,400,TGT
2025-12-11,9:39:25.453038038,T,95.41,100,95.47,100,TGT
2025-12-11,9:39:25.453063067,T,95.41,100,95.47,200,TGT
2025-12-11,9:39:25.453063067,T,95.41,100,95.47,300,TGT
2025-12-11,9:39:25.453073173,T,95.46,100,95.47,300,TGT
2025-12-11,9:39:25.453208953,T,95.46,100,95.47,200,TGT
2025-12-11,9:39:25.453208953,T,95.46,100,95.47,100,TGT
2025-12-11,9:39:25.453213513,T,95.46,100,95.52,200,TGT
2025-12-11,9:39:25.453213513,T,95.46,100,95.52,100,TGT
2025-12-11,9:39:25.453233480,T,95.47,100,95.52,100,TGT
2025-12-11,9:39:25.454331072,T,95.46,100,95.52,100,TGT
2025-12-11,9:39:25.552324600,T,95.46,100,95.54,100,TGT
2025-12-11,9:39:25.652488247,T,95.46,100,95.55,400,TGT
2025-12-11,9:39:26.318053925,T,95.47,200,95.55,400,TGT
2025-12-11,9:39:26.392962345,T,95.46,100,95.55,400,TGT
2025-12-11,9:39:26.392967336,T,95.46,100,95.55,300,TGT
2025-12-11,9:39:26.392967336,T,95.46,100,95.55,400,TGT
2025-12-11,9:39:26.392982439,T,95.46,100,95.48,100,TGT
2025-12-11,9:39:26.394085029,T,95.46,100,95.49,100,TGT
2025-12-11,9:39:26.400069264,T,95.46,100,95.55,400,TGT
2025-12-11,9:39:26.510557475,T,95.37,100,95.55,400,TGT
2025-12-11,9:39:26.510557475,T,95.37,100,95.53,100,TGT
2025-12-11,9:39:26.510562519,T,95.37,100,95.5,100,TGT
2025-12-11,9:39:26.510572563,T,95.37,100,95.48,100,TGT
2025-12-11,9:39:26.510587521,T,95.37,100,95.48,200,TGT
2025-12-11,9:39:26.510607898,T,95.37,100,95.48,100,TGT
2025-12-11,9:39:26.510612620,T,95.37,100,95.48,200,TGT
2025-12-11,9:39:26.510617748,T,95.37,100,95.48,100,TGT
2025-12-11,9:39:26.511128870,T,95.37,100,95.49,100,TGT
2025-12-11,9:39:26.511359412,T,95.42,100,95.49,100,TGT
2025-12-11,9:39:26.593059033,T,95.42,100,95.5,100,TGT
2025-12-11,9:39:28.212887762,T,95.42,100,95.55,400,TGT
2025-12-11,9:39:28.229286908,T,95.42,100,95.55,300,TGT
2025-12-11,9:39:28.803033804,T,95.42,100,95.55,400,TGT
2025-12-11,9:39:28.803043795,T,95.42,100,95.55,300,TGT
2025-12-11,9:39:29.183826008,T,95.37,100,95.55,300,TGT
2025-12-11,9:39:29.183846008,T,95.37,100,95.55,400,TGT
2025-12-11,9:39:29.183846008,T,95.37,100,95.44,100,TGT
2025-12-11,9:39:29.183846008,T,95.37,100,95.44,200,TGT
2025-12-11,9:39:29.183856008,T,95.37,100,95.44,300,TGT
2025-12-11,9:39:29.183886374,T,95.37,100,95.44,200,TGT
2025-12-11,9:39:29.183886374,T,95.37,100,95.44,300,TGT
2025-12-11,9:39:29.183886374,T,95.37,100,95.44,200,TGT
2025-12-11,9:39:29.184126727,T,95.35,100,95.44,200,TGT
2025-12-11,9:39:29.184312106,T,95.36,100,95.44,200,TGT
2025-12-11,9:39:29.184352230,T,95.35,100,95.44,200,TGT
2025-12-11,9:39:29.184402390,T,95.35,100,95.44,100,TGT
2025-12-11,9:39:29.184537652,T,95.35,100,95.44,200,TGT
2025-12-11,9:39:29.184933558,T,95.35,100,95.44,100,TGT
2025-12-11,9:39:29.191825002,T,95.38,100,95.44,100,TGT
2025-12-11,9:39:29.436643261,T,95.38,200,95.44,100,TGT
2025-12-11,9:39:35.183815201,T,95.38,200,95.49,100,TGT
2025-12-11,9:39:35.183840216,T,95.38,200,95.44,100,TGT
2025-12-11,9:39:39.175399809,T,95.39,100,95.44,100,TGT
2025-12-11,9:39:39.175404957,T,95.39,100,95.49,100,TGT
2025-12-11,9:39:39.175414444,T,95.39,100,95.55,600,TGT
2025-12-11,9:39:39.175424477,T,95.39,100,95.55,500,TGT
2025-12-11,9:39:39.175444527,T,95.39,200,95.55,500,TGT
2025-12-11,9:39:39.175449513,T,95.4,100,95.55,500,TGT
2025-12-11,9:39:39.175449513,T,95.4,200,95.55,500,TGT
2025-12-11,9:39:39.175464621,T,95.4,100,95.55,500,TGT
2025-12-11,9:39:39.175534734,T,95.43,100,95.55,500,TGT
2025-12-11,9:39:39.176572318,T,95.4,200,95.55,500,TGT
2025-12-11,9:39:39.176577274,T,95.4,100,95.55,500,TGT
2025-12-11,9:39:39.177168627,T,95.42,100,95.55,500,TGT
2025-12-11,9:39:39.376092657,T,95.39,100,95.55,500,TGT
2025-12-11,9:39:41.643925526,T,95.43,200,95.55,500,TGT
2025-12-11,9:39:41.856832825,T,95.44,100,95.55,500,TGT
2025-12-11,9:39:43.301424160,T,95.44,100,95.55,300,TGT
2025-12-11,9:39:47.339840055,T,95.44,200,95.55,300,TGT
2025-12-11,9:39:50.215445707,T,95.44,100,95.55,300,TGT
2025-12-11,9:39:50.257185270,T,95.39,100,95.55,300,TGT
2025-12-11,9:39:50.257185270,T,95.35,100,95.55,300,TGT
2025-12-11,9:39:50.257190441,T,95.35,100,95.49,100,TGT
2025-12-11,9:39:50.257205555,T,95.35,100,95.48,100,TGT
2025-12-11,9:39:50.257205555,T,95.35,100,95.47,100,TGT
2025-12-11,9:39:50.257205555,T,95.35,100,95.46,100,TGT
2025-12-11,9:39:50.257761530,T,95.35,100,95.47,100,TGT
2025-12-11,9:39:50.259535799,T,95.35,100,95.47,200,TGT
2025-12-11,9:39:50.261259809,T,95.31,300,95.47,200,TGT
2025-12-11,9:39:50.261289905,T,95.31,200,95.47,200,TGT
2025-12-11,9:39:50.264236896,T,95.31,200,95.47,100,TGT
2025-12-11,9:39:50.265489874,T,95.31,200,95.47,200,TGT
2025-12-11,9:39:50.272065590,T,95.4,100,95.47,200,TGT
2025-12-11,9:39:50.457296891,T,95.4,100,95.47,100,TGT
2025-12-11,9:39:50.980723881,T,95.4,200,95.47,100,TGT
2025-12-11,9:39:51.909817299,T,95.4,400,95.47,100,TGT
2025-12-11,9:39:52.319298080,T,95.4,300,95.47,100,TGT
2025-12-11,9:39:52.319302837,T,95.4,200,95.47,100,TGT
2025-12-11,9:39:52.319307800,T,95.31,200,95.47,100,TGT
2025-12-11,9:39:52.319312847,T,95.31,200,95.46,100,TGT
2025-12-11,9:39:52.319323211,T,95.31,200,95.43,100,TGT
2025-12-11,9:39:52.319323211,T,95.31,200,95.41,100,TGT
2025-12-11,9:39:52.319788986,T,95.27,100,95.41,100,TGT
2025-12-11,9:39:52.320405413,T,95.27,100,95.43,100,TGT
2025-12-11,9:39:52.419912426,T,95.27,100,95.45,100,TGT
2025-12-11,9:39:52.519389446,T,95.27,100,95.46,100,TGT
2025-12-11,9:39:52.687028784,T,95.26,100,95.46,100,TGT
2025-12-11,9:39:56.407321882,T,95.26,100,95.45,100,TGT
2025-12-11,9:39:56.412058148,T,95.33,200,95.45,100,TGT
2025-12-11,9:39:59.470459360,T,95.33,200,95.46,100,TGT
2025-12-11,9:40:01.185736046,T,95.33,200,95.48,100,TGT
2025-12-11,9:40:01.185776034,T,95.36,100,95.48,100,TGT
2025-12-11,9:40:01.186051732,T,95.4,100,95.48,100,TGT
2025-12-11,9:40:01.186066712,T,95.4,100,95.52,100,TGT
2025-12-11,9:40:01.192787729,T,95.36,100,95.52,100,TGT
2025-12-11,9:40:01.354728553,T,95.35,100,95.52,100,TGT
2025-12-11,9:40:01.355224809,T,95.35,100,95.55,600,TGT
2025-12-11,9:40:01.355560565,T,95.36,100,95.55,600,TGT
2025-12-11,9:40:01.483154588,T,95.35,100,95.55,600,TGT
2025-12-11,9:40:02.218822206,T,95.33,300,95.55,600,TGT
2025-12-11,9:40:02.220105251,T,95.35,100,95.55,600,TGT
2025-12-11,9:40:02.430691830,T,95.33,300,95.55,600,TGT
2025-12-11,9:40:07.591145663,T,95.33,200,95.55,600,TGT
2025-12-11,9:40:07.635135512,T,95.33,300,95.55,600,TGT
2025-12-11,9:40:11.075932826,T,95.33,100,95.55,600,TGT
2025-12-11,9:40:11.421461009,T,95.34,100,95.55,600,TGT
2025-12-11,9:40:11.629080639,T,95.35,100,95.55,600,TGT
2025-12-11,9:40:11.629080639,T,95.36,100,95.55,600,TGT
2025-12-11,9:40:11.629090777,T,95.36,100,95.55,500,TGT
2025-12-11,9:40:11.629095765,T,95.37,100,95.55,500,TGT
2025-12-11,9:40:11.629251083,T,95.38,100,95.55,500,TGT
2025-12-11,9:40:11.629266188,T,95.43,100,95.55,500,TGT
2025-12-11,9:40:11.629657049,T,95.43,100,95.55,300,TGT
2025-12-11,9:40:11.636909370,T,95.42,100,95.55,300,TGT
2025-12-11,9:40:12.097727173,T,95.43,100,95.55,300,TGT
2025-12-11,9:40:12.098148153,T,95.43,200,95.55,300,TGT
2025-12-11,9:40:12.212686109,T,95.45,100,95.55,300,TGT
2025-12-11,9:40:12.213267497,T,95.45,200,95.55,300,TGT
2025-12-11,9:40:12.213583168,T,95.45,300,95.55,300,TGT
2025-12-11,9:40:12.215136936,T,95.45,400,95.55,300,TGT
2025-12-11,9:40:12.225481544,T,95.45,300,95.55,300,TGT
2025-12-11,9:40:12.225571735,T,95.45,200,95.55,300,TGT
2025-12-11,9:40:12.225992740,T,95.45,300,95.55,300,TGT
2025-12-11,9:40:12.226017825,T,95.45,400,95.55,300,TGT
2025-12-11,9:40:12.226133151,T,95.45,300,95.55,300,TGT
2025-12-11,9:40:12.235420267,T,95.45,400,95.55,300,TGT
2025-12-11,9:40:12.236362437,T,95.45,300,95.55,300,TGT
2025-12-11,9:40:12.236377492,T,95.45,200,95.55,300,TGT
2025-12-11,9:40:12.236918792,T,95.46,100,95.55,300,TGT
2025-12-11,9:40:12.258530339,T,95.46,200,95.55,300,TGT
2025-12-11,9:40:12.272563708,T,95.46,100,95.55,300,TGT
2025-12-11,9:40:13.256623269,T,95.46,200,95.55,300,TGT
2025-12-11,9:40:13.256623269,T,95.46,300,95.55,300,TGT
2025-12-11,9:40:13.256633279,T,95.48,100,95.55,300,TGT
2025-12-11,9:40:13.257194578,T,95.46,100,95.55,300,TGT
2025-12-11,9:40:13.257324970,T,95.48,100,95.55,300,TGT
2025-12-11,9:40:13.276956698,T,95.44,200,95.55,300,TGT
2025-12-11,9:40:13.280324774,T,95.46,100,95.55,300,TGT
2025-12-11,9:40:13.505721744,T,95.44,200,95.55,300,TGT
2025-12-11,9:40:13.664174249,T,95.44,100,95.55,300,TGT
2025-12-11,9:40:13.664199308,T,95.42,100,95.55,300,TGT
2025-12-11,9:40:13.924128496,T,95.43,100,95.55,300,TGT
2025-12-11,9:40:13.927957602,T,95.42,100,95.55,300,TGT
2025-12-11,9:40:13.928524042,T,95.43,100,95.55,300,TGT
2025-12-11,9:40:14.248761891,T,95.47,100,95.55,300,TGT
2025-12-11,9:40:14.248792092,T,95.43,100,95.55,300,TGT
2025-12-11,9:40:14.248817042,T,95.43,100,95.49,100,TGT
2025-12-11,9:40:14.248827036,T,95.42,100,95.49,100,TGT
2025-12-11,9:40:14.249373385,T,95.42,100,95.5,100,TGT
2025-12-11,9:40:14.249438493,T,95.42,100,95.51,100,TGT
2025-12-11,9:40:14.255888792,T,95.42,100,95.55,400,TGT
2025-12-11,9:40:14.258931116,T,95.42,100,95.55,300,TGT
2025-12-11,9:40:14.308789844,T,95.46,100,95.55,300,TGT
2025-12-11,9:40:14.309210997,T,95.46,200,95.55,300,TGT
2025-12-11,9:40:14.882491907,T,95.46,100,95.55,300,TGT
2025-12-11,9:40:15.740721316,T,95.46,300,95.55,300,TGT
2025-12-11,9:40:16.921323949,T,95.46,300,95.51,100,TGT
2025-12-11,9:40:21.080768378,T,95.46,200,95.51,100,TGT
2025-12-11,9:40:22.195448946,T,95.46,800,95.51,100,TGT
2025-12-11,9:40:22.763878164,T,95.47,100,95.51,100,TGT
2025-12-11,9:40:22.764299160,T,95.47,200,95.51,100,TGT
2025-12-11,9:40:25.465078433,T,95.47,200,95.55,300,TGT
2025-12-11,9:40:25.465098431,T,95.48,100,95.55,300,TGT
2025-12-11,9:40:25.465098431,T,95.49,100,95.55,300,TGT
2025-12-11,9:40:25.465654710,T,95.48,200,95.55,300,TGT
2025-12-11,9:40:25.465860220,T,95.48,300,95.55,300,TGT
2025-12-11,9:40:25.465950453,T,95.49,100,95.55,300,TGT
2025-12-11,9:40:25.466426558,T,95.49,200,95.55,300,TGT
2025-12-11,9:40:25.466717295,T,95.5,600,95.55,300,TGT
2025-12-11,9:40:26.976955348,T,95.51,100,95.55,300,TGT
2025-12-11,9:40:28.539447663,T,95.51,100,95.54,100,TGT
2025-12-11,9:40:29.833200076,T,95.5,600,95.54,100,TGT
2025-12-11,9:40:29.834382715,T,95.5,400,95.54,100,TGT
2025-12-11,9:40:29.834397828,T,95.5,400,95.53,100,TGT
2025-12-11,9:40:29.834432894,T,95.5,400,95.52,100,TGT
2025-12-11,9:40:29.834848875,T,95.46,200,95.52,100,TGT
2025-12-11,9:40:29.835309991,T,95.46,200,95.51,100,TGT
2025-12-11,9:40:29.835725963,T,95.46,200,95.51,200,TGT
2025-12-11,9:40:29.836217088,T,95.46,200,95.51,100,TGT
2025-12-11,9:40:29.836598285,T,95.46,200,95.52,100,TGT
2025-12-11,9:40:29.837435013,T,95.46,200,95.54,100,TGT
2025-12-11,9:40:29.838642881,T,95.46,200,95.54,200,TGT
2025-12-11,9:40:29.838687963,T,95.47,100,95.54,200,TGT
2025-12-11,9:40:29.841113734,T,95.47,100,95.53,100,TGT
2025-12-11,9:40:29.842567255,T,95.47,100,95.54,200,TGT
2025-12-11,9:40:29.850586445,T,95.47,100,95.54,100,TGT
2025-12-11,9:40:29.851714084,T,95.47,100,95.54,200,TGT
2025-12-11,9:40:29.860434778,T,95.47,100,95.54,100,TGT
2025-12-11,9:40:29.869581647,T,95.47,100,95.54,200,TGT
2025-12-11,9:40:29.870368514,T,95.47,100,95.54,100,TGT
2025-12-11,9:40:29.878527994,T,95.47,100,95.54,200,TGT
2025-12-11,9:40:29.879520264,T,95.47,100,95.54,100,TGT
2025-12-11,9:40:29.886005802,T,95.47,100,95.54,200,TGT
2025-12-11,9:40:30.033747669,T,95.47,100,95.54,100,TGT
2025-12-11,9:40:31.053402063,T,95.47,100,95.54,200,TGT
2025-12-11,9:40:31.053407189,T,95.47,100,95.53,100,TGT
2025-12-11,9:40:31.054429519,T,95.47,200,95.53,100,TGT
2025-12-11,9:40:31.238984110,T,95.47,200,95.54,100,TGT
2025-12-11,9:40:32.342392665,T,95.47,200,95.51,100,TGT
2025-12-11,9:40:32.342432720,T,95.47,200,95.51,200,TGT
2025-12-11,9:40:34.303028543,T,95.47,400,95.51,200,TGT
2025-12-11,9:40:34.606767135,T,95.47,400,95.51,100,TGT
2025-12-11,9:40:34.980176725,T,95.47,300,95.51,100,TGT
2025-12-11,9:40:35.573119371,T,95.47,200,95.51,100,TGT
2025-12-11,9:40:35.856509747,T,95.47,200,95.55,300,TGT
2025-12-11,9:40:35.856529544,T,95.49,100,95.55,300,TGT
2025-12-11,9:40:35.857085841,T,95.48,200,95.55,300,TGT
2025-12-11,9:40:35.857742438,T,95.48,100,95.55,300,TGT
2025-12-11,9:40:35.857752456,T,95.47,200,95.55,300,TGT
2025-12-11,9:40:36.239832701,T,95.47,200,95.54,100,TGT
2025-12-11,9:40:36.815118183,T,95.51,100,95.54,100,TGT
2025-12-11,9:40:39.924561045,T,95.47,200,95.54,100,TGT
2025-12-11,9:40:39.924606114,T,95.47,200,95.53,100,TGT
2025-12-11,9:40:39.924631190,T,95.47,200,95.52,100,TGT
2025-12-11,9:40:39.925438074,T,95.47,300,95.52,100,TGT
2025-12-11,9:40:39.928380112,T,95.47,200,95.52,100,TGT
2025-12-11,9:40:39.929146940,T,95.48,100,95.52,100,TGT
2025-12-11,9:40:39.929202068,T,95.48,100,95.53,100,TGT
2025-12-11,9:40:39.929232194,T,95.48,100,95.54,100,TGT
2025-12-11,9:40:40.799776173,T,95.48,100,95.55,300,TGT
2025-12-11,9:40:40.869893212,T,95.48,200,95.55,300,TGT
2025-12-11,9:40:45.725661226,T,95.48,400,95.55,300,TGT
2025-12-11,9:40:47.170864217,T,95.48,300,95.55,300,TGT
2025-12-11,9:40:48.320808692,T,95.5,100,95.55,300,TGT
2025-12-11,9:40:50.270989842,T,95.48,300,95.55,300,TGT
2025-12-11,9:40:50.271034947,T,95.48,300,95.52,100,TGT
2025-12-11,9:40:50.278081649,T,95.48,300,95.55,400,TGT
2025-12-11,9:40:50.278101739,T,95.48,300,95.55,300,TGT
2025-12-11,9:40:53.373049955,T,95.49,100,95.55,300,TGT
2025-12-11,9:40:53.373476012,T,95.49,200,95.55,300,TGT
2025-12-11,9:40:53.419736204,T,95.5,100,95.55,300,TGT
2025-12-11,9:40:53.419741180,T,95.5,200,95.55,300,TGT
2025-12-11,9:40:53.419766312,T,95.5,100,95.55,300,TGT
2025-12-11,9:40:53.420838809,T,95.5,200,95.55,300,TGT
2025-12-11,9:40:53.422818540,T,95.5,300,95.55,300,TGT
2025-12-11,9:40:53.422833565,T,95.5,300,95.55,100,TGT
2025-12-11,9:40:53.423339837,T,95.5,200,95.55,100,TGT
2025-12-11,9:40:53.423455085,T,95.52,100,95.55,100,TGT
2025-12-11,9:40:53.423715731,T,95.52,100,95.56,100,TGT
2025-12-11,9:40:53.423755791,T,95.53,100,95.56,100,TGT
2025-12-11,9:40:53.424161758,T,95.5,200,95.56,100,TGT
2025-12-11,9:40:53.424602744,T,95.51,100,95.56,100,TGT
2025-12-11,9:40:53.447803077,T,95.52,100,95.56,100,TGT
2025-12-11,9:40:53.448389505,T,95.52,200,95.56,100,TGT
2025-12-11,9:40:54.012182644,T,95.52,100,95.56,100,TGT
2025-12-11,9:40:55.512421657,T,95.52,100,95.58,200,TGT
2025-12-11,9:40:55.512446745,T,95.53,100,95.58,200,TGT
2025-12-11,9:40:55.736966681,T,95.53,200,95.58,200,TGT
2025-12-11,9:40:55.931510111,T,95.53,200,95.58,100,TGT
2025-12-11,9:40:55.931585388,T,95.54,100,95.58,100,TGT
2025-12-11,9:40:55.931585388,T,95.54,200,95.58,100,TGT
2025-12-11,9:40:55.932632812,T,95.54,300,95.58,100,TGT
2025-12-11,9:40:55.932667869,T,95.54,200,95.58,100,TGT
2025-12-11,9:40:55.933399650,T,95.54,300,95.58,100,TGT
2025-12-11,9:40:55.941819962,T,95.54,300,95.6,100,TGT
2025-12-11,9:40:55.941819962,T,95.54,300,95.61,200,TGT
2025-12-11,9:40:55.941824699,T,95.55,100,95.61,200,TGT
2025-12-11,9:40:55.941839773,T,95.55,200,95.61,200,TGT
2025-12-11,9:40:55.941859868,T,95.55,300,95.61,200,TGT
2025-12-11,9:40:55.941910004,T,95.56,100,95.61,200,TGT
2025-12-11,9:40:55.942376031,T,95.55,300,95.61,200,TGT
2025-12-11,9:40:55.942376031,T,95.55,200,95.61,200,TGT
2025-12-11,9:40:55.947062235,T,95.55,100,95.61,200,TGT
2025-12-11,9:40:55.953968684,T,95.55,200,95.61,200,TGT
2025-12-11,9:40:56.141881300,T,95.55,100,95.61,200,TGT
2025-12-11,9:40:58.716615331,T,95.55,100,95.6,100,TGT
2025-12-11,9:40:58.716630271,T,95.55,100,95.61,200,TGT
2025-12-11,9:40:58.716660387,T,95.55,100,95.6,100,TGT
2025-12-11,9:40:58.716855891,T,95.55,200,95.6,100,TGT
2025-12-11,9:40:58.716916017,T,95.55,100,95.6,100,TGT
2025-12-11,9:40:58.716916017,T,95.56,100,95.6,100,TGT
2025-12-11,9:40:58.716921056,T,95.56,100,95.61,200,TGT
2025-12-11,9:40:58.716926068,T,95.56,200,95.61,200,TGT
2025-12-11,9:40:58.717166626,T,95.56,200,95.6,100,TGT
2025-12-11,9:40:58.720419326,T,95.56,100,95.6,100,TGT
2025-12-11,9:40:58.727230560,T,95.56,100,95.61,200,TGT
2025-12-11,9:41:01.502692820,T,95.56,200,95.61,200,TGT
2025-12-11,9:41:02.559560686,T,95.56,400,95.61,200,TGT
2025-12-11,9:41:02.873393220,T,95.56,400,95.61,100,TGT
2025-12-11,9:41:02.873438422,T,95.56,300,95.61,100,TGT
2025-12-11,9:41:02.873458418,T,95.58,100,95.61,100,TGT
2025-12-11,9:41:02.873458418,T,95.58,200,95.61,100,TGT
2025-12-11,9:41:02.873463779,T,95.58,300,95.61,100,TGT
2025-12-11,9:41:02.873508803,T,95.58,200,95.61,100,TGT
2025-12-11,9:41:02.873518510,T,95.58,300,95.61,100,TGT
2025-12-11,9:41:02.873583692,T,95.58,300,95.63,100,TGT
2025-12-11,9:41:02.873628864,T,95.6,100,95.63,100,TGT
2025-12-11,9:41:02.874155103,T,95.6,100,95.66,500,TGT
2025-12-11,9:41:02.874180089,T,95.61,100,95.66,500,TGT
2025-12-11,9:41:02.874185182,T,95.61,200,95.66,500,TGT
2025-12-11,9:41:02.874546011,T,95.61,300,95.66,500,TGT
2025-12-11,9:41:02.874556046,T,95.61,200,95.66,500,TGT
2025-12-11,9:41:02.874561099,T,95.62,100,95.66,500,TGT
2025-12-11,9:41:02.884058617,T,95.62,200,95.66,500,TGT
2025-12-11,9:41:03.658147726,T,95.63,100,95.66,500,TGT
2025-12-11,9:41:03.659586176,T,95.63,200,95.66,500,TGT
2025-12-11,9:41:03.955922155,T,95.64,100,95.66,500,TGT
2025-12-11,9:41:03.956709087,T,95.64,200,95.66,500,TGT
2025-12-11,9:41:03.956864374,T,95.64,100,95.66,500,TGT
2025-12-11,9:41:03.956869391,T,95.63,100,95.66,500,TGT
2025-12-11,9:41:04.340909339,T,95.64,100,95.66,500,TGT
2025-12-11,9:41:04.656481025,T,95.63,200,95.66,500,TGT
2025-12-11,9:41:04.656546253,T,95.63,100,95.66,500,TGT
2025-12-11,9:41:04.660696099,T,95.64,100,95.66,500,TGT
2025-12-11,9:41:04.661152202,T,95.64,100,95.67,100,TGT
2025-12-11,9:41:04.661172400,T,95.65,100,95.67,100,TGT
2025-12-11,9:41:04.661172400,T,95.65,200,95.67,100,TGT
2025-12-11,9:41:04.661172400,T,95.65,300,95.67,100,TGT
2025-12-11,9:41:04.661227328,T,95.65,400,95.67,100,TGT
2025-12-11,9:41:04.661457884,T,95.65,500,95.67,100,TGT
2025-12-11,9:41:04.661733595,T,95.65,400,95.67,100,TGT
2025-12-11,9:41:04.662214718,T,95.65,300,95.67,100,TGT
2025-12-11,9:41:04.662891357,T,95.66,100,95.67,100,TGT
2025-12-11,9:41:04.663778435,T,95.66,100,95.7,200,TGT
2025-12-11,9:41:04.663778435,T,95.66,200,95.7,200,TGT
2025-12-11,9:41:04.663823619,T,95.67,100,95.7,200,TGT
2025-12-11,9:41:04.663878653,T,95.67,200,95.7,200,TGT
2025-12-11,9:41:04.664024094,T,95.67,100,95.7,200,TGT
2025-12-11,9:41:04.664024094,T,95.66,200,95.7,200,TGT
2025-12-11,9:41:04.664189431,T,95.66,200,95.68,100,TGT
2025-12-11,9:41:04.679155128,T,95.66,100,95.68,100,TGT
2025-12-11,9:41:04.679185170,T,95.59,100,95.68,100,TGT
2025-12-11,9:41:04.707387317,T,95.59,100,95.7,200,TGT
2025-12-11,9:41:04.707407396,T,95.64,100,95.7,200,TGT
2025-12-11,9:41:04.707412452,T,95.66,100,95.7,200,TGT
2025-12-11,9:41:04.708474892,T,95.66,200,95.7,200,TGT
2025-12-11,9:41:04.708484910,T,95.68,100,95.7,200,TGT
2025-12-11,9:41:04.708680407,T,95.69,100,95.7,200,TGT
2025-12-11,9:41:04.713306896,T,95.69,100,95.81,200,TGT
2025-12-11,9:41:04.713331505,T,95.7,100,95.81,200,TGT
2025-12-11,9:41:04.713331505,T,95.7,200,95.81,200,TGT
2025-12-11,9:41:04.713882767,T,95.7,100,95.81,200,TGT
2025-12-11,9:41:04.806979551,T,95.7,200,95.81,200,TGT
2025-12-11,9:41:05.205534067,T,95.7,300,95.81,200,TGT
2025-12-11,9:41:05.206140486,T,95.7,200,95.81,200,TGT
2025-12-11,9:41:05.713729824,T,95.7,200,95.81,300,TGT
2025-12-11,9:41:05.833014020,T,95.7,200,95.74,100,TGT
2025-12-11,9:41:05.939086705,T,95.72,100,95.74,100,TGT
2025-12-11,9:41:08.968343550,T,95.72,100,95.83,100,TGT
2025-12-11,9:41:08.968363474,T,95.73,100,95.83,100,TGT
2025-12-11,9:41:08.968368516,T,95.73,200,95.83,100,TGT
2025-12-11,9:41:08.968919880,T,95.73,100,95.83,100,TGT
2025-12-11,9:41:08.969255586,T,95.73,200,95.83,100,TGT
2025-12-11,9:41:08.969275640,T,95.73,100,95.83,100,TGT
2025-12-11,9:41:08.970979726,T,95.73,100,95.83,200,TGT
2025-12-11,9:41:08.990736868,T,95.73,200,95.83,200,TGT
2025-12-11,9:41:08.990756893,T,95.73,100,95.83,200,TGT
2025-12-11,9:41:08.990756893,T,95.73,200,95.83,200,TGT
2025-12-11,9:41:08.990766866,T,95.73,100,95.83,200,TGT
2025-12-11,9:41:08.996691013,T,95.72,200,95.83,200,TGT
2025-12-11,9:41:09.508595699,T,95.74,100,95.83,200,TGT
2025-12-11,9:41:09.516163709,T,95.72,200,95.83,200,TGT
2025-12-11,9:41:09.968756851,T,95.72,200,95.81,100,TGT
2025-12-11,9:41:10.495231003,T,95.72,100,95.81,100,TGT
2025-12-11,9:41:10.833943012,T,95.74,100,95.81,100,TGT
2025-12-11,9:41:11.113228267,T,95.76,100,95.81,100,TGT
2025-12-11,9:41:11.113288492,T,95.76,100,95.83,100,TGT
2025-12-11,9:41:12.979354182,T,95.76,200,95.83,100,TGT
2025-12-11,9:41:13.111233408,T,95.76,300,95.83,100,TGT
2025-12-11,9:41:13.111869897,T,95.76,200,95.83,100,TGT
2025-12-11,9:41:13.113428571,T,95.76,300,95.83,100,TGT
2025-12-11,9:41:13.207081761,T,95.76,300,95.8,100,TGT
2025-12-11,9:41:13.207607928,T,95.76,200,95.8,100,TGT
2025-12-11,9:41:13.966265251,T,95.76,100,95.8,100,TGT
2025-12-11,9:41:15.440307233,T,95.78,100,95.8,100,TGT
2025-12-11,9:41:21.457296701,T,95.76,100,95.8,100,TGT
2025-12-11,9:41:21.457818029,T,95.75,100,95.8,100,TGT
2025-12-11,9:41:21.461576752,T,95.77,100,95.8,100,TGT
2025-12-11,9:41:21.461857426,T,95.75,100,95.8,100,TGT
2025-12-11,9:41:21.461907504,T,95.75,100,95.78,100,TGT
2025-12-11,9:41:21.461917578,T,95.75,100,95.77,100,TGT
2025-12-11,9:41:21.462453890,T,95.75,300,95.77,100,TGT
2025-12-11,9:41:21.462985101,T,95.75,300,95.78,100,TGT
2025-12-11,9:41:21.463020174,T,95.75,300,95.8,100,TGT
2025-12-11,9:41:22.479000926,T,95.75,300,95.83,100,TGT
2025-12-11,9:41:22.479020637,T,95.78,100,95.83,100,TGT
2025-12-11,9:41:22.479050600,T,95.78,200,95.83,100,TGT
2025-12-11,9:41:22.479516822,T,95.78,200,95.86,100,TGT
2025-12-11,9:41:22.479576886,T,95.78,100,95.86,100,TGT
2025-12-11,9:41:22.481762072,T,95.79,100,95.86,100,TGT
2025-12-11,9:41:22.678631100,T,95.78,100,95.86,100,TGT
2025-12-11,9:41:22.750752969,T,95.75,400,95.86,100,TGT
2025-12-11,9:41:22.758922466,T,95.78,100,95.86,100,TGT
2025-12-11,9:41:22.862499171,T,95.78,200,95.86,100,TGT
2025-12-11,9:41:22.862519250,T,95.81,100,95.86,100,TGT
2025-12-11,9:41:22.862564279,T,95.78,200,95.86,100,TGT
2025-12-11,9:41:22.862920144,T,95.8,100,95.86,100,TGT
2025-12-11,9:41:22.864148118,T,95.78,100,95.86,100,TGT
2025-12-11,9:41:22.869566004,T,95.78,100,95.89,100,TGT
2025-12-11,9:41:22.869926890,T,95.81,100,95.89,100,TGT
2025-12-11,9:41:22.870132365,T,95.81,100,95.9,100,TGT
2025-12-11,9:41:22.870152460,T,95.81,200,95.9,100,TGT
2025-12-11,9:41:22.870152460,T,95.83,100,95.9,100,TGT
2025-12-11,9:41:22.911631212,T,95.83,100,95.95,100,TGT
2025-12-11,9:41:22.990484078,T,95.86,100,95.95,100,TGT
2025-12-11,9:41:22.991697269,T,95.83,100,95.95,100,TGT
2025-12-11,9:41:22.991697269,T,95.86,100,95.95,100,TGT
2025-12-11,9:41:22.991722024,T,95.83,100,95.95,100,TGT
2025-12-11,9:41:22.991752118,T,95.81,100,95.95,100,TGT
2025-12-11,9:41:22.991757142,T,95.81,100,95.88,100,TGT
2025-12-11,9:41:22.991967605,T,95.81,100,95.9,100,TGT
2025-12-11,9:41:22.991967605,T,95.81,100,95.95,100,TGT
2025-12-11,9:41:22.991987842,T,95.84,100,95.95,100,TGT
2025-12-11,9:41:22.991992666,T,95.84,200,95.95,100,TGT
2025-12-11,9:41:22.992017690,T,95.84,100,95.95,100,TGT
2025-12-11,9:41:22.992022766,T,95.84,200,95.95,100,TGT
2025-12-11,9:41:22.992022766,T,95.84,100,95.95,100,TGT
2025-12-11,9:41:22.992027723,T,95.84,100,95.93,100,TGT
2025-12-11,9:41:22.992037737,T,95.84,100,95.88,100,TGT
2025-12-11,9:41:22.992087878,T,95.84,100,95.87,100,TGT
2025-12-11,9:41:22.993180647,T,95.84,100,95.9,100,TGT
2025-12-11,9:41:22.993180647,T,95.81,100,95.9,100,TGT
2025-12-11,9:41:23.133499742,T,95.84,100,95.9,100,TGT
2025-12-11,9:41:23.133539872,T,95.84,100,95.95,100,TGT
2025-12-11,9:41:23.134041086,T,95.84,100,95.9,100,TGT
2025-12-11,9:41:23.249516171,T,95.84,100,95.95,100,TGT
2025-12-11,9:41:23.479408925,T,95.84,100,95.9,100,TGT
2025-12-11,9:41:23.688291548,T,95.84,100,95.95,100,TGT
2025-12-11,9:41:26.182253121,T,95.86,100,95.95,100,TGT
2025-12-11,9:41:26.182273090,T,95.86,200,95.95,100,TGT
2025-12-11,9:41:26.182298177,T,95.86,100,95.95,100,TGT
2025-12-11,9:41:26.182804414,T,95.85,200,95.95,100,TGT
2025-12-11,9:41:26.183566272,T,95.85,100,95.95,100,TGT
2025-12-11,9:41:26.192412277,T,95.84,100,95.95,100,TGT
2025-12-11,9:41:30.274482345,T,95.84,200,95.95,100,TGT
2025-12-11,9:41:30.832737456,T,95.85,100,95.95,100,TGT
2025-12-11,9:41:30.832762450,T,95.85,100,96.0,1100,TGT
2025-12-11,9:41:30.832767548,T,95.86,100,96.0,1100,TGT
2025-12-11,9:41:30.832782897,T,95.89,100,96.0,1100,TGT
2025-12-11,9:41:30.833855113,T,95.86,100,96.0,1100,TGT
2025-12-11,9:41:30.842736250,T,95.85,100,96.0,1100,TGT
2025-12-11,9:41:30.942218195,T,95.91,300,96.0,1100,TGT
2025-12-11,9:41:31.275010967,T,95.91,400,96.0,1100,TGT
