DATE,TIME_M,EX,BID,BIDSIZ,ASK,ASKSIZ,SYM_ROOT
2025-12-31,9:30:00.005689487,T,97.0,200,97.5,100,TGT
2025-12-31,9:30:00.008075207,T,97.0,200,97.6,100,TGT
2025-12-31,9:30:00.040728019,T,97.0,200,97.5,100,TGT
2025-12-31,9:30:00.040968563,T,97.0,200,97.6,100,TGT
2025-12-31,9:30:00.469268926,T,97.0,200,97.5,100,TGT
2025-12-31,9:30:00.478215301,T,97.0,200,97.6,100,TGT
2025-12-31,9:30:01.051295604,T,97.0,200,97.5,100,TGT
2025-12-31,9:30:01.110506676,T,97.0,200,97.43,200,TGT
2025-12-31,9:30:01.112912405,T,97.0,200,97.43,300,TGT
2025-12-31,9:30:01.712139993,T,97.0,200,97.43,400,TGT
2025-12-31,9:30:02.094761508,T,97.0,200,97.43,500,TGT
2025-12-31,9:30:02.095202670,T,97.0,200,97.43,400,TGT
2025-12-31,9:30:02.115059907,T,97.0,200,97.43,300,TGT
2025-12-31,9:30:02.163525389,T,97.0,200,97.43,400,TGT
2025-12-31,9:30:02.198167929,T,97.0,200,97.43,300,TGT
2025-12-31,9:30:10.466260039,T,97.25,100,97.43,300,TGT
2025-12-31,9:30:10.466681043,T,97.25,200,97.43,300,TGT
2025-12-31,9:30:10.562419153,T,97.25,100,97.43,300,TGT
2025-12-31,9:30:10.563371388,T,97.25,200,97.43,300,TGT
2025-12-31,9:30:22.022886665,T,97.25,200,97.43,400,TGT
2025-12-31,9:30:29.956437128,T,97.25,200,97.43,300,TGT
2025-12-31,9:30:31.739745577,T,97.25,100,97.43,300,TGT
2025-12-31,9:30:31.779735811,T,97.25,100,97.43,400,TGT
2025-12-31,9:30:31.779785960,T,97.25,100,97.43,300,TGT
2025-12-31,9:30:31.781404778,T,97.25,100,97.43,400,TGT
2025-12-31,9:30:31.781449913,T,97.25,100,97.43,300,TGT
2025-12-31,9:30:31.781630381,T,97.25,200,97.43,300,TGT
2025-12-31,9:31:02.925594847,T,97.25,200,97.43,400,TGT
2025-12-31,9:31:03.723064934,T,97.25,200,97.43,300,TGT
2025-12-31,9:31:09.250733622,T,97.25,100,97.43,300,TGT
2025-12-31,9:31:09.250743319,T,97.25,200,97.43,300,TGT
2025-12-31,9:31:09.250753359,T,97.25,100,97.43,300,TGT
2025-12-31,9:31:09.250758556,T,97.15,300,97.43,300,TGT
2025-12-31,9:31:09.250758556,T,97.15,200,97.43,300,TGT
2025-12-31,9:31:09.250768329,T,97.15,200,97.43,400,TGT
2025-12-31,9:31:09.250778439,T,97.15,200,97.27,100,TGT
2025-12-31,9:31:09.251099163,T,97.15,200,97.27,200,TGT
2025-12-31,9:31:09.251204438,T,97.15,200,97.27,300,TGT
2025-12-31,9:31:09.251830967,T,97.15,200,97.27,200,TGT
2025-12-31,9:31:09.253991013,T,97.05,100,97.27,200,TGT
2025-12-31,9:31:09.254001045,T,97.05,300,97.27,200,TGT
2025-12-31,9:31:09.543460667,T,97.05,300,97.27,100,TGT
2025-12-31,9:31:09.795852006,T,97.2,100,97.27,100,TGT
2025-12-31,9:31:15.282818448,T,97.2,100,97.43,400,TGT
2025-12-31,9:31:17.523476413,T,97.2,200,97.43,400,TGT
2025-12-31,9:31:17.679217523,T,97.2,100,97.43,400,TGT
2025-12-31,9:31:17.680139709,T,97.2,200,97.43,400,TGT
2025-12-31,9:31:18.143979662,T,97.2,100,97.43,400,TGT
2025-12-31,9:31:20.968829418,T,97.2,100,97.42,200,TGT
2025-12-31,9:31:22.139668771,T,97.2,200,97.42,200,TGT
2025-12-31,9:31:26.090395681,T,97.2,100,97.42,200,TGT
2025-12-31,9:31:29.990141096,T,97.2,100,97.41,100,TGT
2025-12-31,9:31:29.990196246,T,97.2,100,97.29,100,TGT
2025-12-31,9:31:29.990622185,T,97.2,100,97.29,200,TGT
2025-12-31,9:31:29.991163540,T,97.11,200,97.29,200,TGT
2025-12-31,9:31:29.991168645,T,97.2,100,97.29,200,TGT
2025-12-31,9:31:29.991183510,T,97.15,100,97.29,200,TGT
2025-12-31,9:31:29.991183510,T,97.15,100,97.25,100,TGT
2025-12-31,9:31:29.991188581,T,97.15,100,97.25,200,TGT
2025-12-31,9:31:29.991198553,T,97.11,200,97.25,200,TGT
2025-12-31,9:31:29.991228675,T,97.11,200,97.24,100,TGT
2025-12-31,9:31:29.991669708,T,97.11,200,97.24,200,TGT
2025-12-31,9:31:29.993283543,T,97.11,200,97.23,100,TGT
2025-12-31,9:31:29.994346111,T,97.05,100,97.23,100,TGT
2025-12-31,9:31:29.994351139,T,97.06,200,97.23,100,TGT
2025-12-31,9:31:29.995218178,T,97.06,300,97.23,100,TGT
2025-12-31,9:31:29.995238209,T,97.06,200,97.23,100,TGT
2025-12-31,9:31:30.002791233,T,97.06,200,97.23,200,TGT
2025-12-31,9:31:30.576648426,T,97.06,200,97.23,100,TGT
2025-12-31,9:31:30.576678567,T,97.06,200,97.24,100,TGT
2025-12-31,9:31:30.577360122,T,97.16,100,97.24,100,TGT
2025-12-31,9:31:30.577786194,T,97.16,100,97.24,200,TGT
2025-12-31,9:31:30.716762201,T,97.06,200,97.24,200,TGT
2025-12-31,9:31:33.738901770,T,97.06,200,97.24,100,TGT
2025-12-31,9:31:33.738931934,T,97.06,200,97.42,300,TGT
2025-12-31,9:31:34.722149188,T,97.16,100,97.42,300,TGT
2025-12-31,9:31:36.566447992,T,97.16,100,97.42,100,TGT
2025-12-31,9:31:36.566452910,T,97.16,100,97.37,200,TGT
2025-12-31,9:31:36.588685905,T,97.06,200,97.37,200,TGT
2025-12-31,9:31:37.433473497,T,97.06,300,97.37,200,TGT
2025-12-31,9:31:37.497551205,T,97.06,400,97.37,200,TGT
2025-12-31,9:31:37.497551205,T,97.11,100,97.37,200,TGT
2025-12-31,9:31:37.497556124,T,97.12,100,97.37,200,TGT
2025-12-31,9:31:37.497581260,T,97.16,100,97.37,200,TGT
2025-12-31,9:31:37.497626309,T,97.15,100,97.37,200,TGT
2025-12-31,9:31:37.498478337,T,97.12,100,97.37,200,TGT
2025-12-31,9:31:37.507830630,T,97.1,300,97.37,200,TGT
2025-12-31,9:31:37.507850747,T,97.1,200,97.37,200,TGT
2025-12-31,9:31:37.511178651,T,97.15,100,97.37,200,TGT
2025-12-31,9:31:37.511198712,T,97.1,300,97.37,200,TGT
2025-12-31,9:31:37.635569980,T,97.1,300,97.29,100,TGT
2025-12-31,9:31:37.635600076,T,97.1,200,97.29,100,TGT
2025-12-31,9:31:37.635991014,T,97.1,200,97.29,200,TGT
2025-12-31,9:31:39.533882375,T,97.1,200,97.29,100,TGT
2025-12-31,9:31:40.582866620,T,97.2,100,97.29,100,TGT
2025-12-31,9:31:42.376815230,T,97.2,200,97.29,100,TGT
2025-12-31,9:31:42.386312810,T,97.2,200,97.37,200,TGT
2025-12-31,9:31:42.386332942,T,97.24,100,97.37,200,TGT
2025-12-31,9:31:42.386337883,T,97.24,200,97.37,200,TGT
2025-12-31,9:31:42.386733804,T,97.24,200,97.37,300,TGT
2025-12-31,9:31:42.386894169,T,97.24,100,97.37,300,TGT
2025-12-31,9:31:42.389701002,T,97.24,100,97.37,100,TGT
2025-12-31,9:31:42.396792715,T,97.24,100,97.43,400,TGT
2025-12-31,9:31:42.486366157,T,97.2,300,97.43,400,TGT
2025-12-31,9:31:42.586394462,T,97.2,200,97.43,400,TGT
2025-12-31,9:31:42.586604930,T,97.2,300,97.43,400,TGT
2025-12-31,9:31:47.805207234,T,97.2,300,97.37,100,TGT
2025-12-31,9:31:47.829324683,T,97.2,200,97.37,100,TGT
2025-12-31,9:31:48.562571619,T,97.2,200,97.36,100,TGT
2025-12-31,9:31:48.562992623,T,97.2,200,97.36,200,TGT
2025-12-31,9:31:53.174223057,T,97.2,300,97.36,200,TGT
2025-12-31,9:31:53.183505235,T,97.2,200,97.36,200,TGT
2025-12-31,9:31:53.538611107,T,97.2,100,97.36,200,TGT
2025-12-31,9:31:53.539443143,T,97.2,200,97.36,200,TGT
2025-12-31,9:31:54.205985975,T,97.2,200,97.36,400,TGT
2025-12-31,9:31:54.312655128,T,97.2,200,97.36,200,TGT
2025-12-31,9:31:55.611489318,T,97.2,100,97.36,200,TGT
2025-12-31,9:31:56.267061172,T,97.2,100,97.36,400,TGT
2025-12-31,9:32:02.780999515,T,97.2,100,97.36,300,TGT
2025-12-31,9:32:03.340367078,T,97.2,200,97.36,300,TGT
2025-12-31,9:32:03.351839345,T,97.2,200,97.36,100,TGT
2025-12-31,9:32:10.586128841,T,97.2,300,97.36,100,TGT
2025-12-31,9:32:13.498035949,T,97.2,200,97.36,100,TGT
2025-12-31,9:32:14.649063011,T,97.2,100,97.36,100,TGT
2025-12-31,9:32:17.446642668,T,97.2,100,97.35,100,TGT
2025-12-31,9:32:17.449339163,T,97.2,200,97.35,100,TGT
2025-12-31,9:32:18.504793574,T,97.2,100,97.35,100,TGT
2025-12-31,9:32:18.505209620,T,97.2,100,97.35,200,TGT
2025-12-31,9:32:20.014460061,T,97.2,100,97.35,100,TGT
2025-12-31,9:32:20.014610390,T,97.2,100,97.36,100,TGT
2025-12-31,9:32:20.497390506,T,97.22,100,97.36,100,TGT
2025-12-31,9:32:20.499736120,T,97.22,200,97.36,100,TGT
2025-12-31,9:32:20.627264873,T,97.28,100,97.36,100,TGT
2025-12-31,9:32:20.642791865,T,97.22,100,97.36,100,TGT
2025-12-31,9:32:21.477465468,T,97.22,200,97.36,100,TGT
2025-12-31,9:32:23.379246097,T,97.22,200,97.37,100,TGT
2025-12-31,9:32:23.379281137,T,97.22,200,97.43,400,TGT
2025-12-31,9:32:23.379281137,T,97.22,300,97.43,400,TGT
2025-12-31,9:32:23.379526712,T,97.28,100,97.43,400,TGT
2025-12-31,9:32:23.380133233,T,97.28,200,97.43,400,TGT
2025-12-31,9:32:23.383551316,T,97.28,100,97.43,400,TGT
2025-12-31,9:32:23.389816230,T,97.28,100,97.43,300,TGT
2025-12-31,9:32:24.998262987,T,97.28,300,97.43,300,TGT
2025-12-31,9:32:25.322761030,T,97.28,300,97.43,400,TGT
2025-12-31,9:32:25.383916784,T,97.28,300,97.43,300,TGT
2025-12-31,9:32:25.941174305,T,97.28,300,97.43,400,TGT
2025-12-31,9:32:26.372767456,T,97.28,300,97.43,300,TGT
2025-12-31,9:32:26.906338544,T,97.28,300,97.43,400,TGT
2025-12-31,9:32:27.361623169,T,97.28,300,97.43,300,TGT
2025-12-31,9:32:27.813855575,T,97.28,300,97.43,400,TGT
2025-12-31,9:32:28.350478948,T,97.28,300,97.43,300,TGT
2025-12-31,9:32:29.352165312,T,97.28,300,97.43,400,TGT
2025-12-31,9:32:30.313575721,T,97.28,400,97.43,400,TGT
2025-12-31,9:32:30.328185511,T,97.28,400,97.43,300,TGT
2025-12-31,9:32:31.948721203,T,97.28,400,97.43,400,TGT
2025-12-31,9:32:32.305897111,T,97.28,400,97.43,300,TGT
2025-12-31,9:32:32.966936803,T,97.28,200,97.43,300,TGT
2025-12-31,9:32:32.967357835,T,97.28,200,97.43,400,TGT
2025-12-31,9:32:33.811644151,T,97.28,200,97.43,500,TGT
2025-12-31,9:32:33.812070143,T,97.28,200,97.43,400,TGT
2025-12-31,9:32:34.283598479,T,97.28,200,97.43,300,TGT
2025-12-31,9:32:34.858372723,T,97.28,200,97.43,400,TGT
2025-12-31,9:32:34.984548305,T,97.28,200,97.43,300,TGT
2025-12-31,9:32:36.244956019,T,97.28,200,97.43,400,TGT
2025-12-31,9:32:36.261309998,T,97.28,200,97.43,300,TGT
2025-12-31,9:32:36.268752780,T,97.28,200,97.43,400,TGT
2025-12-31,9:32:37.250165769,T,97.28,200,97.43,300,TGT
2025-12-31,9:32:38.169591192,T,97.28,200,97.43,400,TGT
2025-12-31,9:32:38.239021604,T,97.28,200,97.43,300,TGT
2025-12-31,9:32:39.483767045,T,97.28,200,97.43,400,TGT
2025-12-31,9:32:40.216733212,T,97.28,200,97.43,300,TGT
2025-12-31,9:32:40.446661037,T,97.28,300,97.43,300,TGT
2025-12-31,9:32:40.466939304,T,97.28,200,97.43,300,TGT
2025-12-31,9:32:40.516823159,T,97.28,200,97.43,400,TGT
2025-12-31,9:32:42.069602308,T,97.28,200,97.43,300,TGT
2025-12-31,9:32:42.979018810,T,97.28,200,97.43,400,TGT
2025-12-31,9:32:43.555116287,T,97.28,100,97.43,400,TGT
2025-12-31,9:32:44.270400443,T,97.28,100,97.43,300,TGT
2025-12-31,9:32:44.414072732,T,97.28,100,97.43,400,TGT
2025-12-31,9:32:45.496225738,T,97.28,100,97.43,300,TGT
2025-12-31,9:32:46.637018410,T,97.28,100,97.43,400,TGT
2025-12-31,9:32:49.703433743,T,97.22,100,97.43,400,TGT
2025-12-31,9:32:55.862992795,T,97.3,100,97.43,400,TGT
2025-12-31,9:32:55.868706335,T,97.3,200,97.43,400,TGT
2025-12-31,9:32:55.876905924,T,97.3,100,97.43,400,TGT
2025-12-31,9:32:59.978236581,T,97.3,200,97.43,400,TGT
2025-12-31,9:33:04.867293887,T,97.3,200,97.43,500,TGT
2025-12-31,9:33:04.867303904,T,97.3,200,97.39,100,TGT
2025-12-31,9:33:04.873047640,T,97.3,100,97.39,100,TGT
2025-12-31,9:33:04.874060014,T,97.3,100,97.43,500,TGT
2025-12-31,9:33:04.877267634,T,97.3,100,97.43,400,TGT
2025-12-31,9:33:04.937761731,T,97.3,100,97.43,300,TGT
2025-12-31,9:33:12.169580384,T,97.22,100,97.43,300,TGT
2025-12-31,9:33:30.575173198,T,97.3,100,97.43,300,TGT
2025-12-31,9:33:34.265309327,T,97.3,200,97.43,300,TGT
2025-12-31,9:33:34.265630049,T,97.31,100,97.43,300,TGT
2025-12-31,9:33:34.265645065,T,97.33,100,97.43,300,TGT
2025-12-31,9:33:34.265685116,T,97.31,100,97.43,300,TGT
2025-12-31,9:33:34.265790425,T,97.3,300,97.43,300,TGT
2025-12-31,9:33:34.265825535,T,97.31,100,97.43,300,TGT
2025-12-31,9:33:34.266146300,T,97.31,100,97.43,100,TGT
2025-12-31,9:33:34.266146300,T,97.31,100,97.44,300,TGT
2025-12-31,9:33:34.266166289,T,97.34,100,97.44,300,TGT
2025-12-31,9:33:34.266421911,T,97.34,100,97.43,100,TGT
2025-12-31,9:33:34.266427264,T,97.35,100,97.43,100,TGT
2025-12-31,9:33:34.266442011,T,97.35,100,97.44,300,TGT
2025-12-31,9:33:34.266446955,T,97.35,100,97.44,100,TGT
2025-12-31,9:33:34.266451943,T,97.34,200,97.44,100,TGT
2025-12-31,9:33:34.266467110,T,97.34,200,97.43,100,TGT
2025-12-31,9:33:34.266477007,T,97.34,300,97.43,100,TGT
2025-12-31,9:33:34.266482097,T,97.34,300,97.44,100,TGT
2025-12-31,9:33:34.266482097,T,97.35,100,97.44,100,TGT
2025-12-31,9:33:34.266487130,T,97.38,100,97.44,100,TGT
2025-12-31,9:33:34.266537231,T,97.35,100,97.44,100,TGT
2025-12-31,9:33:34.266747719,T,97.39,100,97.44,100,TGT
2025-12-31,9:33:34.266807992,T,97.35,100,97.44,100,TGT
2025-12-31,9:33:34.266817861,T,97.34,300,97.44,100,TGT
2025-12-31,9:33:34.266883079,T,97.34,300,97.43,100,TGT
2025-12-31,9:33:34.266918109,T,97.34,300,97.43,200,TGT
2025-12-31,9:33:34.266948212,T,97.34,300,97.43,100,TGT
2025-12-31,9:33:34.266948212,T,97.34,300,97.44,100,TGT
2025-12-31,9:33:34.266968365,T,97.34,300,97.5,200,TGT
2025-12-31,9:33:34.266973509,T,97.4,100,97.5,200,TGT
2025-12-31,9:33:34.266988239,T,97.41,100,97.5,200,TGT
2025-12-31,9:33:34.267228809,T,97.41,100,97.45,100,TGT
2025-12-31,9:33:34.267258878,T,97.41,100,97.45,200,TGT
2025-12-31,9:33:34.267374226,T,97.41,100,97.44,100,TGT
2025-12-31,9:33:34.267404494,T,97.41,100,97.45,200,TGT
2025-12-31,9:33:34.267424311,T,97.41,100,97.43,100,TGT
2025-12-31,9:33:34.267444321,T,97.41,100,97.44,100,TGT
2025-12-31,9:33:34.267444321,T,97.41,100,97.45,200,TGT
2025-12-31,9:33:34.267444321,T,97.41,100,97.43,100,TGT
2025-12-31,9:33:34.267459533,T,97.41,100,97.45,200,TGT
2025-12-31,9:33:34.267479447,T,97.42,100,97.45,200,TGT
2025-12-31,9:33:34.267584647,T,97.42,100,97.45,100,TGT
2025-12-31,9:33:34.267604786,T,97.42,100,97.5,200,TGT
2025-12-31,9:33:34.267845297,T,97.42,100,97.44,100,TGT
2025-12-31,9:33:34.267885958,T,97.42,100,97.46,100,TGT
2025-12-31,9:33:34.267905830,T,97.42,100,97.5,200,TGT
2025-12-31,9:33:34.267995713,T,97.44,100,97.5,200,TGT
2025-12-31,9:33:34.268557017,T,97.36,100,97.5,200,TGT
2025-12-31,9:33:34.276400711,T,97.34,200,97.5,200,TGT
2025-12-31,9:33:34.276611249,T,97.34,100,97.5,200,TGT
2025-12-31,9:33:34.277107371,T,97.31,100,97.5,200,TGT
2025-12-31,9:33:34.316541309,T,97.4,100,97.5,200,TGT
2025-12-31,9:33:34.339521099,T,97.4,200,97.5,200,TGT
2025-12-31,9:33:34.646306930,T,97.4,100,97.5,200,TGT
2025-12-31,9:33:34.647274318,T,97.4,300,97.5,200,TGT
2025-12-31,9:33:34.806608852,T,97.4,300,97.5,100,TGT
2025-12-31,9:33:34.806643971,T,97.4,400,97.5,100,TGT
2025-12-31,9:33:34.806659041,T,97.41,100,97.5,100,TGT
2025-12-31,9:33:34.806669021,T,97.4,300,97.5,100,TGT
2025-12-31,9:33:34.900632869,T,97.4,300,97.5,200,TGT
2025-12-31,9:33:34.950491920,T,97.4,100,97.5,200,TGT
2025-12-31,9:33:35.105781668,T,97.4,200,97.5,200,TGT
2025-12-31,9:33:36.665111471,T,97.41,100,97.5,200,TGT
2025-12-31,9:33:36.666354395,T,97.4,200,97.5,200,TGT
2025-12-31,9:33:37.789525139,T,97.43,100,97.5,200,TGT
2025-12-31,9:33:37.789860947,T,97.43,100,97.5,300,TGT
2025-12-31,9:33:37.790081478,T,97.41,100,97.5,300,TGT
2025-12-31,9:33:37.790367236,T,97.41,100,97.5,200,TGT
2025-12-31,9:33:37.790367236,T,97.41,100,97.5,100,TGT
2025-12-31,9:33:37.790372120,T,97.41,100,97.57,200,TGT
2025-12-31,9:33:37.790392428,T,97.49,100,97.57,200,TGT
2025-12-31,9:33:37.790893429,T,97.49,100,97.57,300,TGT
2025-12-31,9:33:37.791409616,T,97.41,100,97.57,300,TGT
2025-12-31,9:33:37.793524695,T,97.41,100,97.57,100,TGT
2025-12-31,9:33:37.800636709,T,97.4,300,97.57,100,TGT
2025-12-31,9:33:37.800641621,T,97.4,200,97.57,100,TGT
2025-12-31,9:33:37.801057610,T,97.4,200,97.6,100,TGT
2025-12-31,9:33:37.802165276,T,97.49,100,97.6,100,TGT
2025-12-31,9:33:37.803057354,T,97.49,100,97.65,100,TGT
2025-12-31,9:33:37.803132594,T,97.49,100,97.6,100,TGT
2025-12-31,9:33:37.803172636,T,97.49,100,97.6,300,TGT
2025-12-31,9:33:37.839794882,T,97.49,100,97.6,200,TGT
2025-12-31,9:33:37.840792241,T,97.49,100,97.6,300,TGT
2025-12-31,9:33:38.502779394,T,97.4,200,97.6,300,TGT
2025-12-31,9:33:40.877827513,T,97.4,100,97.6,300,TGT
2025-12-31,9:33:41.449308906,T,97.41,100,97.6,300,TGT
2025-12-31,9:33:41.812950259,T,97.4,100,97.6,300,TGT
2025-12-31,9:33:42.265503449,T,97.49,100,97.6,300,TGT
2025-12-31,9:33:42.375736049,T,97.4,100,97.6,300,TGT
2025-12-31,9:33:48.433041594,T,97.4,100,97.6,100,TGT
2025-12-31,9:33:48.436785508,T,97.49,100,97.6,100,TGT
2025-12-31,9:33:50.051572314,T,97.4,100,97.6,100,TGT
2025-12-31,9:33:53.089284067,T,97.49,100,97.6,100,TGT
2025-12-31,9:33:53.506282526,T,97.49,100,97.65,100,TGT
2025-12-31,9:33:58.554774590,T,97.4,100,97.65,100,TGT
2025-12-31,9:34:04.530285098,T,97.49,100,97.65,100,TGT
2025-12-31,9:34:04.778255729,T,97.4,100,97.65,100,TGT
2025-12-31,9:34:07.351892042,T,97.49,100,97.65,100,TGT
2025-12-31,9:34:14.319165103,T,97.49,100,97.6,400,TGT
2025-12-31,9:34:14.319586117,T,97.49,100,97.6,500,TGT
2025-12-31,9:34:15.307820393,T,97.4,100,97.6,500,TGT
2025-12-31,9:34:15.313273382,T,97.49,100,97.6,500,TGT
2025-12-31,9:34:21.604957435,T,97.49,100,97.6,600,TGT
2025-12-31,9:34:21.605167746,T,97.49,100,97.6,700,TGT
2025-12-31,9:34:23.112338276,T,97.49,100,97.6,800,TGT
2025-12-31,9:34:23.127815148,T,97.41,100,97.6,800,TGT
2025-12-31,9:34:24.693906094,T,97.49,100,97.6,800,TGT
2025-12-31,9:34:38.306395519,T,97.49,100,97.6,700,TGT
2025-12-31,9:34:39.151193067,T,97.49,100,97.6,600,TGT
2025-12-31,9:34:40.281721344,T,97.49,100,97.6,500,TGT
2025-12-31,9:34:40.304741179,T,97.49,100,97.6,100,TGT
2025-12-31,9:34:40.304746124,T,97.49,100,97.61,1400,TGT
2025-12-31,9:34:40.304756148,T,97.49,200,97.61,1400,TGT
2025-12-31,9:34:40.304766205,T,97.5,100,97.61,1400,TGT
2025-12-31,9:34:40.304766205,T,97.54,100,97.61,1400,TGT
2025-12-31,9:34:40.304771272,T,97.54,200,97.61,1400,TGT
2025-12-31,9:34:40.304791212,T,97.54,300,97.61,1400,TGT
2025-12-31,9:34:40.304796247,T,97.54,200,97.61,1400,TGT
2025-12-31,9:34:40.305177207,T,97.54,200,97.61,1300,TGT
2025-12-31,9:34:40.305312623,T,97.54,200,97.68,100,TGT
2025-12-31,9:34:40.305337585,T,97.6,100,97.68,100,TGT
2025-12-31,9:34:40.305452862,T,97.6,100,97.61,100,TGT
2025-12-31,9:34:40.305477957,T,97.6,100,97.68,100,TGT
2025-12-31,9:34:40.306359967,T,97.58,100,97.68,100,TGT
2025-12-31,9:34:40.312073616,T,97.54,200,97.68,100,TGT
2025-12-31,9:34:40.312143780,T,97.55,100,97.68,100,TGT
2025-12-31,9:34:40.312148820,T,97.56,100,97.68,100,TGT
2025-12-31,9:34:40.312203931,T,97.55,100,97.68,100,TGT
2025-12-31,9:34:40.312524734,T,97.56,100,97.68,100,TGT
2025-12-31,9:34:40.319020198,T,97.63,100,97.68,100,TGT
2025-12-31,9:34:40.319080571,T,97.56,100,97.68,100,TGT
2025-12-31,9:34:40.319085310,T,97.63,100,97.68,100,TGT
2025-12-31,9:34:40.319100476,T,97.56,100,97.68,100,TGT
2025-12-31,9:34:40.319135435,T,97.55,100,97.68,100,TGT
2025-12-31,9:34:40.319151150,T,97.55,100,97.64,100,TGT
2025-12-31,9:34:40.319180491,T,97.55,100,97.68,100,TGT
2025-12-31,9:34:40.319200653,T,97.56,100,97.68,100,TGT
2025-12-31,9:34:40.319280762,T,97.57,100,97.68,100,TGT
2025-12-31,9:34:40.319350899,T,97.56,100,97.68,100,TGT
2025-12-31,9:34:40.319421065,T,97.56,100,97.73,500,TGT
2025-12-31,9:34:40.319441189,T,97.57,100,97.73,500,TGT
2025-12-31,9:34:40.319511380,T,97.56,100,97.73,500,TGT
2025-12-31,9:34:40.319521593,T,97.57,100,97.73,500,TGT
2025-12-31,9:34:40.319536435,T,97.56,100,97.73,500,TGT
2025-12-31,9:34:40.319571523,T,97.57,100,97.73,500,TGT
2025-12-31,9:34:40.319571523,T,97.57,100,97.65,100,TGT
2025-12-31,9:34:40.319591543,T,97.56,100,97.65,100,TGT
2025-12-31,9:34:40.319601546,T,97.56,100,97.73,500,TGT
2025-12-31,9:34:40.319782369,T,97.57,100,97.73,500,TGT
2025-12-31,9:34:40.319812084,T,97.56,100,97.73,500,TGT
2025-12-31,9:34:40.320072698,T,97.56,100,97.68,100,TGT
2025-12-31,9:34:40.320122754,T,97.56,100,97.71,100,TGT
2025-12-31,9:34:40.320147858,T,97.56,100,97.67,100,TGT
2025-12-31,9:34:40.325605870,T,97.57,100,97.67,100,TGT
2025-12-31,9:34:40.506426682,T,97.42,200,97.67,100,TGT
2025-12-31,9:34:40.506456685,T,97.42,200,97.67,200,TGT
2025-12-31,9:34:40.524569875,T,97.53,100,97.67,200,TGT
2025-12-31,9:34:40.524720230,T,97.54,100,97.67,200,TGT
2025-12-31,9:34:45.492520229,T,97.54,200,97.67,200,TGT
2025-12-31,9:34:45.506252882,T,97.54,100,97.67,200,TGT
2025-12-31,9:34:48.555031076,T,97.54,200,97.67,200,TGT
2025-12-31,9:34:50.217536728,T,97.54,200,97.67,100,TGT
2025-12-31,9:34:50.217561763,T,97.54,200,97.66,100,TGT
2025-12-31,9:34:50.217832496,T,97.54,200,97.66,200,TGT
2025-12-31,9:34:54.152636518,T,97.54,100,97.66,200,TGT
2025-12-31,9:34:54.154666305,T,97.55,100,97.66,200,TGT
2025-12-31,9:34:54.156590924,T,97.55,200,97.66,200,TGT
2025-12-31,9:34:54.165151234,T,97.55,100,97.66,200,TGT
2025-12-31,9:34:58.625051363,T,97.55,200,97.66,200,TGT
2025-12-31,9:34:58.625086333,T,97.55,200,97.66,100,TGT
2025-12-31,9:35:01.962311802,T,97.56,100,97.66,100,TGT
2025-12-31,9:35:01.962316903,T,97.56,100,97.73,400,TGT
2025-12-31,9:35:01.962337267,T,97.59,100,97.73,400,TGT
2025-12-31,9:35:01.962341886,T,97.61,100,97.73,400,TGT
2025-12-31,9:35:01.962667675,T,97.63,100,97.73,400,TGT
2025-12-31,9:35:01.963384724,T,97.64,100,97.73,400,TGT
2025-12-31,9:35:01.963389375,T,97.65,100,97.73,400,TGT
2025-12-31,9:35:01.963680132,T,97.65,100,97.73,500,TGT
2025-12-31,9:35:01.964141211,T,97.7,100,97.73,500,TGT
2025-12-31,9:35:01.964697575,T,97.63,100,97.73,500,TGT
2025-12-31,9:35:01.964852872,T,97.67,100,97.73,500,TGT
2025-12-31,9:35:01.969037814,T,97.63,100,97.73,500,TGT
2025-12-31,9:35:01.970416179,T,97.63,100,97.73,600,TGT
2025-12-31,9:35:01.987411653,T,97.6,100,97.73,600,TGT
2025-12-31,9:35:01.987431666,T,97.59,100,97.73,600,TGT
2025-12-31,9:35:02.016641314,T,97.56,100,97.73,600,TGT
2025-12-31,9:35:02.017428144,T,97.56,100,97.73,800,TGT
2025-12-31,9:35:02.442691244,T,97.55,200,97.73,800,TGT
2025-12-31,9:35:02.443964188,T,97.56,100,97.73,800,TGT
2025-12-31,9:35:02.443994355,T,97.56,200,97.73,800,TGT
2025-12-31,9:35:03.814824979,T,97.56,100,97.73,800,TGT
2025-12-31,9:35:05.323098215,T,97.57,100,97.73,800,TGT
2025-12-31,9:35:05.323133305,T,97.57,200,97.73,800,TGT
2025-12-31,9:35:06.695051752,T,97.57,100,97.73,800,TGT
2025-12-31,9:35:12.801093177,T,97.57,100,97.72,100,TGT
2025-12-31,9:35:12.801138240,T,97.57,100,97.72,200,TGT
2025-12-31,9:35:12.801173367,T,97.57,100,97.72,300,TGT
2025-12-31,9:35:12.801839885,T,97.57,100,97.72,400,TGT
2025-12-31,9:35:12.802897386,T,97.57,100,97.72,500,TGT
2025-12-31,9:35:12.808676229,T,97.57,200,97.72,500,TGT
2025-12-31,9:35:12.855477646,T,97.57,200,97.72,400,TGT
2025-12-31,9:35:12.855502734,T,97.57,200,97.72,300,TGT
2025-12-31,9:35:17.881812091,T,97.57,200,97.72,200,TGT
2025-12-31,9:35:17.881817098,T,97.57,200,97.72,100,TGT
2025-12-31,9:35:17.881832111,T,97.57,200,97.73,400,TGT
2025-12-31,9:35:17.881837074,T,97.57,200,97.71,100,TGT
2025-12-31,9:35:17.881857154,T,97.57,200,97.71,200,TGT
2025-12-31,9:35:17.881872166,T,97.57,200,97.71,300,TGT
2025-12-31,9:35:19.017186944,T,97.57,300,97.71,300,TGT
2025-12-31,9:35:21.840392599,T,97.57,300,97.71,400,TGT
2025-12-31,9:35:21.971971092,T,97.57,300,97.71,300,TGT
2025-12-31,9:35:24.283999129,T,97.57,300,97.71,200,TGT
2025-12-31,9:35:29.061796376,T,97.57,200,97.71,200,TGT
2025-12-31,9:35:32.460904104,T,97.57,200,97.71,100,TGT
2025-12-31,9:35:32.640136074,T,97.57,100,97.71,100,TGT
2025-12-31,9:35:34.328142553,T,97.62,100,97.71,100,TGT
2025-12-31,9:35:38.161650200,T,97.62,100,97.71,200,TGT
2025-12-31,9:35:38.167348756,T,97.62,100,97.71,100,TGT
2025-12-31,9:35:38.167363837,T,97.62,100,97.7,100,TGT
2025-12-31,9:35:38.167373816,T,97.62,100,97.7,200,TGT
2025-12-31,9:35:38.510907447,T,97.62,200,97.7,200,TGT
2025-12-31,9:35:41.720187764,T,97.62,200,97.7,100,TGT
2025-12-31,9:35:41.720212779,T,97.62,200,97.69,100,TGT
2025-12-31,9:35:43.503430938,T,97.62,300,97.69,100,TGT
2025-12-31,9:35:44.404171760,T,97.62,300,97.69,200,TGT
2025-12-31,9:35:44.404337210,T,97.62,300,97.69,300,TGT
2025-12-31,9:35:44.457298322,T,97.62,300,97.69,200,TGT
2025-12-31,9:35:45.458693987,T,97.62,300,97.69,300,TGT
2025-12-31,9:35:46.443379969,T,97.62,200,97.69,300,TGT
2025-12-31,9:35:46.443404953,T,97.62,100,97.69,300,TGT
2025-12-31,9:35:46.443404953,T,97.57,100,97.69,300,TGT
2025-12-31,9:35:46.443414997,T,97.62,100,97.69,300,TGT
2025-12-31,9:35:46.443420003,T,97.57,100,97.69,300,TGT
2025-12-31,9:35:46.443425042,T,97.57,100,97.63,100,TGT
2025-12-31,9:35:46.443450089,T,97.57,100,97.65,100,TGT
2025-12-31,9:35:46.443455092,T,97.57,100,97.63,100,TGT
2025-12-31,9:35:46.443475105,T,97.57,100,97.65,100,TGT
2025-12-31,9:35:46.443485198,T,97.57,100,97.63,100,TGT
2025-12-31,9:35:46.443495196,T,97.57,100,97.64,100,TGT
2025-12-31,9:35:46.443530329,T,97.57,100,97.63,100,TGT
2025-12-31,9:35:46.443540351,T,97.57,100,97.63,200,TGT
2025-12-31,9:35:46.444422360,T,97.57,100,97.62,100,TGT
2025-12-31,9:35:46.444432407,T,97.57,100,97.62,200,TGT
2025-12-31,9:35:46.444522648,T,97.57,100,97.62,100,TGT
2025-12-31,9:35:46.444522648,T,97.57,100,97.63,100,TGT
2025-12-31,9:35:46.444542658,T,97.59,100,97.63,100,TGT
2025-12-31,9:35:46.444542658,T,97.59,200,97.63,100,TGT
2025-12-31,9:35:46.444808286,T,97.59,200,97.66,100,TGT
2025-12-31,9:35:46.444853620,T,97.6,100,97.66,100,TGT
2025-12-31,9:35:46.444853620,T,97.62,100,97.66,100,TGT
2025-12-31,9:35:46.444883518,T,97.6,100,97.66,100,TGT
2025-12-31,9:35:46.445058968,T,97.59,300,97.66,100,TGT
2025-12-31,9:35:46.445098970,T,97.59,200,97.66,100,TGT
2025-12-31,9:35:46.445374633,T,97.59,200,97.66,200,TGT
2025-12-31,9:35:46.445424773,T,97.59,100,97.66,200,TGT
2025-12-31,9:35:46.445444891,T,97.59,100,97.65,100,TGT
2025-12-31,9:35:46.445479903,T,97.59,100,97.65,200,TGT
2025-12-31,9:35:46.446477324,T,97.59,100,97.65,100,TGT
2025-12-31,9:35:46.448025996,T,97.6,100,97.65,100,TGT
2025-12-31,9:35:46.889101773,T,97.6,200,97.65,100,TGT
2025-12-31,9:35:46.890600427,T,97.6,200,97.73,400,TGT
2025-12-31,9:35:46.890645463,T,97.61,100,97.73,400,TGT
2025-12-31,9:35:46.890665500,T,97.6,200,97.73,400,TGT
2025-12-31,9:35:47.031055084,T,97.6,100,97.73,400,TGT
2025-12-31,9:35:47.034969393,T,97.6,200,97.73,400,TGT
2025-12-31,9:36:10.822328111,T,97.6,100,97.73,400,TGT
2025-12-31,9:36:10.822328111,T,97.57,100,97.73,400,TGT
2025-12-31,9:36:10.822338120,T,97.6,100,97.73,400,TGT
2025-12-31,9:36:10.822353158,T,97.6,100,97.69,100,TGT
2025-12-31,9:36:10.822368635,T,97.6,100,97.73,500,TGT
2025-12-31,9:36:10.822383212,T,97.6,100,97.68,100,TGT
2025-12-31,9:36:10.822398436,T,97.6,100,97.69,100,TGT
2025-12-31,9:36:10.822403315,T,97.6,100,97.69,200,TGT
2025-12-31,9:36:10.822438398,T,97.6,100,97.68,100,TGT
2025-12-31,9:36:10.822593793,T,97.57,100,97.68,100,TGT
2025-12-31,9:36:10.822658959,T,97.57,100,97.63,100,TGT
2025-12-31,9:36:10.824393227,T,97.57,100,97.69,200,TGT
2025-12-31,9:36:10.826247496,T,97.6,100,97.69,200,TGT
2025-12-31,9:36:10.832462256,T,97.6,100,97.69,100,TGT
2025-12-31,9:36:10.832492374,T,97.6,100,97.73,400,TGT
2025-12-31,9:36:11.360244560,T,97.6,100,97.73,500,TGT
2025-12-31,9:36:11.360279647,T,97.6,100,97.69,100,TGT
2025-12-31,9:36:11.360314781,T,97.6,100,97.69,200,TGT
2025-12-31,9:36:11.360555537,T,97.57,100,97.69,200,TGT
2025-12-31,9:36:11.360580417,T,97.57,100,97.63,100,TGT
2025-12-31,9:36:11.361017102,T,97.56,100,97.63,100,TGT
2025-12-31,9:36:11.361036457,T,97.47,200,97.63,100,TGT
2025-12-31,9:36:11.361041553,T,97.56,100,97.63,100,TGT
2025-12-31,9:36:11.361046736,T,97.56,100,97.62,100,TGT
2025-12-31,9:36:11.361046736,T,97.56,100,97.62,200,TGT
2025-12-31,9:36:11.361051523,T,97.56,100,97.6,100,TGT
2025-12-31,9:36:11.361066857,T,97.47,200,97.6,100,TGT
2025-12-31,9:36:11.361076812,T,97.56,100,97.6,100,TGT
2025-12-31,9:36:11.361087131,T,97.47,200,97.6,100,TGT
2025-12-31,9:36:11.361111692,T,97.47,200,97.6,200,TGT
2025-12-31,9:36:11.361236976,T,97.47,200,97.59,100,TGT
2025-12-31,9:36:11.361282357,T,97.5,100,97.59,100,TGT
2025-12-31,9:36:11.361292054,T,97.5,200,97.59,100,TGT
2025-12-31,9:36:11.361642973,T,97.5,100,97.59,100,TGT
2025-12-31,9:36:11.368183481,T,97.5,100,97.6,100,TGT
2025-12-31,9:36:11.368208537,T,97.5,100,97.62,200,TGT
2025-12-31,9:36:11.368965360,T,97.5,100,97.62,100,TGT
2025-12-31,9:36:11.461340456,T,97.5,100,97.66,100,TGT
2025-12-31,9:36:11.469329449,T,97.5,100,97.66,200,TGT
2025-12-31,9:36:11.561900000,T,97.5,100,97.66,100,TGT
2025-12-31,9:36:11.741212150,T,97.5,100,97.69,100,TGT
2025-12-31,9:36:11.741237306,T,97.5,100,97.73,500,TGT
2025-12-31,9:36:12.359244507,T,97.5,100,97.73,400,TGT
2025-12-31,9:36:13.307328273,T,97.51,100,97.73,400,TGT
2025-12-31,9:36:13.307348274,T,97.51,200,97.73,400,TGT
2025-12-31,9:36:15.685533929,T,97.51,200,97.63,100,TGT
2025-12-31,9:36:19.844557080,T,97.52,100,97.63,100,TGT
2025-12-31,9:36:19.844572095,T,97.54,100,97.63,100,TGT
2025-12-31,9:36:19.845183554,T,97.54,200,97.63,100,TGT
2025-12-31,9:36:19.845183554,T,97.55,100,97.63,100,TGT
2025-12-31,9:36:19.845198638,T,97.55,200,97.63,100,TGT
2025-12-31,9:36:19.845208594,T,97.55,300,97.63,100,TGT
2025-12-31,9:36:19.845213641,T,97.58,100,97.63,100,TGT
2025-12-31,9:36:19.845253662,T,97.59,100,97.63,100,TGT
2025-12-31,9:36:19.845258691,T,97.6,100,97.63,100,TGT
2025-12-31,9:36:19.845258691,T,97.62,100,97.63,100,TGT
2025-12-31,9:36:19.845268740,T,97.62,100,97.73,400,TGT
2025-12-31,9:36:19.845288742,T,97.63,100,97.73,400,TGT
2025-12-31,9:36:19.845293852,T,97.63,200,97.73,400,TGT
2025-12-31,9:36:19.845850179,T,97.64,100,97.73,400,TGT
2025-12-31,9:36:19.845860578,T,97.64,200,97.73,400,TGT
2025-12-31,9:36:19.845895260,T,97.64,100,97.73,400,TGT
2025-12-31,9:36:19.845895260,T,97.63,100,97.73,400,TGT
2025-12-31,9:36:19.845920276,T,97.63,100,97.69,100,TGT
2025-12-31,9:36:19.845980654,T,97.59,100,97.69,100,TGT
2025-12-31,9:36:19.846000447,T,97.59,100,97.66,100,TGT
2025-12-31,9:36:19.846556783,T,97.59,100,97.68,100,TGT
2025-12-31,9:36:19.865166089,T,97.59,100,97.69,100,TGT
2025-12-31,9:36:19.946038862,T,97.59,100,97.73,400,TGT
2025-12-31,9:36:19.967389735,T,97.59,100,97.73,500,TGT
2025-12-31,9:36:20.110961748,T,97.55,100,97.73,500,TGT
2025-12-31,9:36:20.255831903,T,97.55,200,97.73,500,TGT
2025-12-31,9:36:20.255871997,T,97.59,100,97.73,500,TGT
2025-12-31,9:36:21.193505747,T,97.59,100,97.73,400,TGT
2025-12-31,9:36:21.193510723,T,97.59,200,97.73,400,TGT
2025-12-31,9:36:21.193761397,T,97.6,100,97.73,400,TGT
2025-12-31,9:36:21.193816425,T,97.63,100,97.73,400,TGT
2025-12-31,9:36:21.193816425,T,97.64,100,97.73,400,TGT
2025-12-31,9:36:21.193821457,T,97.64,200,97.73,400,TGT
2025-12-31,9:36:21.193846584,T,97.64,100,97.73,400,TGT
2025-12-31,9:36:21.215488150,T,97.63,100,97.73,400,TGT
2025-12-31,9:36:21.215488150,T,97.6,100,97.73,400,TGT
2025-12-31,9:36:21.268429228,T,97.64,100,97.73,400,TGT
2025-12-31,9:36:22.247697174,T,97.64,200,97.73,400,TGT
2025-12-31,9:36:22.533412820,T,97.64,100,97.73,400,TGT
2025-12-31,9:36:22.533828800,T,97.63,100,97.73,400,TGT
2025-12-31,9:36:24.207360628,T,97.63,100,97.73,500,TGT
2025-12-31,9:36:25.131497216,T,97.63,100,97.73,400,TGT
2025-12-31,9:36:25.151444651,T,97.66,100,97.73,400,TGT
2025-12-31,9:36:25.151514826,T,97.66,100,97.73,500,TGT
2025-12-31,9:36:27.339467432,T,97.66,100,97.73,300,TGT
2025-12-31,9:36:27.339472511,T,97.66,100,97.73,200,TGT
2025-12-31,9:36:27.339477440,T,97.66,100,97.73,100,TGT
2025-12-31,9:36:27.339477440,T,97.66,100,97.8,100,TGT
2025-12-31,9:36:27.339497482,T,97.7,100,97.8,100,TGT
2025-12-31,9:36:27.339507510,T,97.7,200,97.8,100,TGT
2025-12-31,9:36:27.339507510,T,97.72,100,97.8,100,TGT
2025-12-31,9:36:27.339557671,T,97.72,100,97.75,100,TGT
2025-12-31,9:36:27.339572706,T,97.72,100,97.8,200,TGT
2025-12-31,9:36:27.339577756,T,97.73,100,97.8,200,TGT
2025-12-31,9:36:27.339602828,T,97.73,100,97.8,100,TGT
2025-12-31,9:36:27.339622822,T,97.74,100,97.8,100,TGT
2025-12-31,9:36:27.339803273,T,97.74,100,97.8,200,TGT
2025-12-31,9:36:27.340179144,T,97.74,100,97.8,100,TGT
2025-12-31,9:36:27.340199304,T,97.74,100,97.78,100,TGT
2025-12-31,9:36:27.340685298,T,97.7,100,97.78,100,TGT
2025-12-31,9:36:27.368636887,T,97.66,100,97.78,100,TGT
2025-12-31,9:36:27.370120472,T,97.66,200,97.78,100,TGT
2025-12-31,9:36:27.445014017,T,97.66,100,97.78,100,TGT
2025-12-31,9:36:29.759387297,T,97.66,200,97.78,100,TGT
2025-12-31,9:36:34.222504986,T,97.66,100,97.78,100,TGT
2025-12-31,9:36:36.175587744,T,97.68,100,97.78,100,TGT
2025-12-31,9:36:49.442128106,T,97.68,100,97.8,100,TGT
2025-12-31,9:36:49.442143006,T,97.68,100,97.77,100,TGT
2025-12-31,9:36:49.442153005,T,97.68,100,97.77,200,TGT
2025-12-31,9:36:49.442178149,T,97.68,100,97.77,100,TGT
2025-12-31,9:36:49.442198186,T,97.68,100,97.8,100,TGT
2025-12-31,9:36:49.442223215,T,97.72,100,97.8,100,TGT
2025-12-31,9:36:49.442223215,T,97.72,200,97.8,100,TGT
2025-12-31,9:36:49.442248388,T,97.73,100,97.8,100,TGT
2025-12-31,9:36:49.442874786,T,97.72,100,97.8,100,TGT
2025-12-31,9:36:49.442949912,T,97.72,100,97.8,200,TGT
2025-12-31,9:36:49.443366684,T,97.72,100,97.8,100,TGT
2025-12-31,9:36:49.443370970,T,97.72,100,97.84,100,TGT
2025-12-31,9:36:49.443386104,T,97.73,100,97.84,100,TGT
2025-12-31,9:36:49.443390970,T,97.79,100,97.84,100,TGT
2025-12-31,9:36:49.444458487,T,97.77,100,97.84,100,TGT
2025-12-31,9:36:49.543659846,T,97.69,100,97.84,100,TGT
2025-12-31,9:36:49.544000684,T,97.76,100,97.84,100,TGT
2025-12-31,9:36:49.632075500,T,97.76,200,97.84,100,TGT
2025-12-31,9:36:49.643071630,T,97.76,100,97.84,100,TGT
2025-12-31,9:36:49.919886134,T,97.75,100,97.84,100,TGT
2025-12-31,9:36:49.920587757,T,97.76,100,97.84,100,TGT
2025-12-31,9:36:52.298653116,T,97.78,100,97.84,100,TGT
2025-12-31,9:36:52.512387269,T,97.78,200,97.84,100,TGT
2025-12-31,9:36:52.661833349,T,97.78,100,97.84,100,TGT
2025-12-31,9:36:52.662590166,T,97.78,200,97.84,100,TGT
2025-12-31,9:36:55.147640135,T,97.79,100,97.84,100,TGT
2025-12-31,9:36:55.148286673,T,97.79,100,97.84,200,TGT
2025-12-31,9:36:55.148722755,T,97.78,200,97.84,200,TGT
2025-12-31,9:36:55.348248117,T,97.78,200,97.84,100,TGT
2025-12-31,9:36:55.348248117,T,97.78,200,97.95,300,TGT
2025-12-31,9:36:55.348268167,T,97.78,200,97.95,200,TGT
2025-12-31,9:36:55.348288139,T,97.79,100,97.95,200,TGT
2025-12-31,9:36:55.348303386,T,97.79,200,97.95,200,TGT
2025-12-31,9:36:55.358697893,T,97.79,100,97.95,200,TGT
2025-12-31,9:36:55.391165465,T,97.78,200,97.95,200,TGT
2025-12-31,9:36:55.392032381,T,97.78,200,97.94,200,TGT
2025-12-31,9:36:55.392067494,T,97.78,200,97.94,300,TGT
2025-12-31,9:36:57.864252037,T,97.78,200,97.94,200,TGT
2025-12-31,9:37:01.907850263,T,97.78,200,97.95,200,TGT
2025-12-31,9:37:03.930583963,T,97.78,200,97.9,100,TGT
2025-12-31,9:37:04.994047440,T,97.78,100,97.9,100,TGT
2025-12-31,9:37:04.994047440,T,97.76,100,97.9,100,TGT
2025-12-31,9:37:04.994057807,T,97.78,100,97.9,100,TGT
2025-12-31,9:37:04.994072610,T,97.76,100,97.9,100,TGT
2025-12-31,9:37:04.994072610,T,97.76,100,97.9,200,TGT
2025-12-31,9:37:04.994072610,T,97.76,100,97.84,200,TGT
2025-12-31,9:37:04.994117957,T,97.76,100,97.83,100,TGT
2025-12-31,9:37:04.994132747,T,97.76,100,97.83,200,TGT
2025-12-31,9:37:04.994203075,T,97.76,100,97.82,100,TGT
2025-12-31,9:37:04.994268015,T,97.76,100,97.81,100,TGT
2025-12-31,9:37:04.994508576,T,97.76,200,97.81,100,TGT
2025-12-31,9:37:04.997926952,T,97.77,100,97.81,100,TGT
2025-12-31,9:37:04.997956765,T,97.77,100,97.82,200,TGT
2025-12-31,9:37:05.073491743,T,97.77,100,97.82,100,TGT
2025-12-31,9:37:05.073722255,T,97.77,200,97.82,100,TGT
2025-12-31,9:37:05.382773557,T,97.77,100,97.82,100,TGT
2025-12-31,9:37:07.018911446,T,97.77,100,97.83,100,TGT
2025-12-31,9:37:07.019036803,T,97.77,100,98.0,300,TGT
2025-12-31,9:37:07.019497839,T,97.77,100,97.96,200,TGT
2025-12-31,9:37:07.023637717,T,97.77,200,97.96,200,TGT
2025-12-31,9:37:10.179576117,T,97.77,300,97.96,200,TGT
2025-12-31,9:37:24.838017063,T,97.77,300,97.93,100,TGT
2025-12-31,9:37:24.838117294,T,97.77,300,97.93,200,TGT
2025-12-31,9:37:25.006613750,T,97.77,300,97.93,100,TGT
2025-12-31,9:37:25.064571827,T,97.77,300,97.93,200,TGT
2025-12-31,9:37:25.995459373,T,97.77,300,97.93,100,TGT
2025-12-31,9:37:26.106544047,T,97.77,300,97.93,200,TGT
2025-12-31,9:37:26.984320158,T,97.77,300,97.93,100,TGT
2025-12-31,9:37:27.548409096,T,97.77,300,97.87,100,TGT
2025-12-31,9:37:27.548434165,T,97.77,300,97.87,200,TGT
2025-12-31,9:37:27.548584951,T,97.77,200,97.87,200,TGT
2025-12-31,9:37:27.548584951,T,97.77,100,97.87,200,TGT
2025-12-31,9:37:27.548589425,T,97.76,100,97.87,200,TGT
2025-12-31,9:37:27.548594505,T,97.77,100,97.87,200,TGT
2025-12-31,9:37:27.548609481,T,97.76,100,97.87,200,TGT
2025-12-31,9:37:27.548609481,T,97.76,100,97.79,100,TGT
2025-12-31,9:37:27.548614659,T,97.77,100,97.79,100,TGT
2025-12-31,9:37:27.548639570,T,97.76,100,97.79,100,TGT
2025-12-31,9:37:27.548654692,T,97.76,100,97.79,200,TGT
2025-12-31,9:37:27.548699686,T,97.69,100,97.79,200,TGT
2025-12-31,9:37:27.548709789,T,97.76,100,97.79,200,TGT
2025-12-31,9:37:27.548734853,T,97.76,100,97.78,100,TGT
2025-12-31,9:37:27.548740095,T,97.69,100,97.78,100,TGT
2025-12-31,9:37:27.549090639,T,97.71,100,97.78,100,TGT
2025-12-31,9:37:27.549110693,T,97.69,100,97.78,100,TGT
2025-12-31,9:37:27.549476605,T,97.75,100,97.78,100,TGT
2025-12-31,9:37:27.553150295,T,97.76,100,97.78,100,TGT
2025-12-31,9:37:27.553365858,T,97.76,100,97.79,100,TGT
2025-12-31,9:37:27.553380889,T,97.77,100,97.79,100,TGT
2025-12-31,9:37:27.553902174,T,97.77,200,97.79,100,TGT
2025-12-31,9:37:27.553932179,T,97.78,100,97.79,100,TGT
2025-12-31,9:37:27.553957283,T,97.78,100,97.82,100,TGT
2025-12-31,9:37:27.553982365,T,97.78,100,97.85,100,TGT
2025-12-31,9:37:27.554368190,T,97.78,100,97.85,200,TGT
2025-12-31,9:37:27.562367321,T,97.77,100,97.85,200,TGT
2025-12-31,9:37:27.564096461,T,97.77,100,97.85,100,TGT
2025-12-31,9:37:27.599560868,T,97.76,100,97.85,100,TGT
2025-12-31,9:37:27.604753283,T,97.76,100,97.86,100,TGT
2025-12-31,9:37:27.648662836,T,97.76,100,97.87,200,TGT
2025-12-31,9:37:27.749112226,T,97.76,100,97.87,100,TGT
2025-12-31,9:37:27.952015530,T,97.76,100,97.87,200,TGT
2025-12-31,9:37:27.952386468,T,97.77,100,97.87,200,TGT
2025-12-31,9:37:29.543456949,T,97.77,100,97.87,300,TGT
2025-12-31,9:37:29.803135589,T,97.77,100,97.87,200,TGT
2025-12-31,9:37:29.803150737,T,97.66,100,97.87,200,TGT
2025-12-31,9:37:29.803160583,T,97.77,100,97.87,200,TGT
2025-12-31,9:37:29.803175679,T,97.69,100,97.87,200,TGT
2025-12-31,9:37:29.803175679,T,97.69,100,97.85,100,TGT
2025-12-31,9:37:29.803180672,T,97.69,100,97.81,100,TGT
2025-12-31,9:37:29.803180672,T,97.69,100,97.81,200,TGT
2025-12-31,9:37:29.803180672,T,97.77,100,97.81,200,TGT
2025-12-31,9:37:29.803195661,T,97.69,100,97.81,200,TGT
2025-12-31,9:37:29.803205759,T,97.66,100,97.81,200,TGT
2025-12-31,9:37:29.803270868,T,97.69,100,97.81,200,TGT
2025-12-31,9:37:29.803295930,T,97.69,100,97.81,300,TGT
2025-12-31,9:37:29.803721931,T,97.66,100,97.81,300,TGT
2025-12-31,9:37:29.803731999,T,97.66,100,97.81,200,TGT
2025-12-31,9:37:29.803912457,T,97.65,100,97.81,200,TGT
2025-12-31,9:37:29.904817813,T,97.65,100,97.81,100,TGT
2025-12-31,9:37:29.923898253,T,97.7,100,97.81,100,TGT
2025-12-31,9:37:31.679866571,T,97.7,100,97.84,100,TGT
2025-12-31,9:37:31.984271815,T,97.7,100,97.85,100,TGT
2025-12-31,9:37:31.984311910,T,97.7,100,97.95,100,TGT
2025-12-31,9:37:31.985399487,T,97.7,200,97.95,100,TGT
2025-12-31,9:37:32.023861035,T,97.7,100,97.95,100,TGT
2025-12-31,9:37:35.030523817,T,97.7,100,97.85,100,TGT
2025-12-31,9:37:39.762612215,T,97.7,100,97.85,300,TGT
2025-12-31,9:37:39.762627259,T,97.7,100,97.85,400,TGT
2025-12-31,9:37:40.314206385,T,97.7,100,97.84,100,TGT
2025-12-31,9:37:40.315053384,T,97.7,100,97.84,200,TGT
2025-12-31,9:37:40.555145274,T,97.7,100,97.84,100,TGT
2025-12-31,9:37:40.827469053,T,97.7,100,97.84,200,TGT
2025-12-31,9:37:40.827539284,T,97.7,100,97.83,100,TGT
2025-12-31,9:37:40.873398432,T,97.7,100,97.83,200,TGT
2025-12-31,9:37:51.220914723,T,97.7,100,97.82,100,TGT
2025-12-31,9:37:51.221255529,T,97.63,300,97.82,100,TGT
2025-12-31,9:37:51.221275621,T,97.63,300,97.82,200,TGT
2025-12-31,9:37:51.221280602,T,97.63,300,97.76,100,TGT
2025-12-31,9:37:51.221285646,T,97.63,300,97.76,200,TGT
2025-12-31,9:37:51.221285646,T,97.63,200,97.76,200,TGT
2025-12-31,9:37:51.221301477,T,97.63,200,97.76,300,TGT
2025-12-31,9:37:51.221316186,T,97.63,200,97.76,200,TGT
2025-12-31,9:37:51.221340823,T,97.63,200,97.76,300,TGT
2025-12-31,9:37:51.221562416,T,97.6,100,97.76,300,TGT
2025-12-31,9:37:51.221586291,T,97.57,100,97.76,300,TGT
2025-12-31,9:37:51.221611456,T,97.56,200,97.76,300,TGT
2025-12-31,9:37:51.221646425,T,97.56,300,97.76,300,TGT
2025-12-31,9:37:51.221686502,T,97.63,100,97.76,300,TGT
2025-12-31,9:37:51.221711610,T,97.63,100,97.76,200,TGT
2025-12-31,9:37:51.221726646,T,97.63,100,97.76,300,TGT
2025-12-31,9:37:51.231715457,T,97.56,200,97.76,300,TGT
2025-12-31,9:37:51.246996905,T,97.61,100,97.76,300,TGT
2025-12-31,9:37:51.321354002,T,97.61,100,97.76,200,TGT
2025-12-31,9:37:51.421622963,T,97.61,100,97.76,100,TGT
2025-12-31,9:37:52.297263937,T,97.61,100,97.76,200,TGT
2025-12-31,9:37:52.371415691,T,97.61,100,97.76,100,TGT
2025-12-31,9:37:56.329765635,T,97.61,100,97.75,100,TGT
2025-12-31,9:37:58.325033993,T,97.56,200,97.75,100,TGT
2025-12-31,9:37:59.452063901,T,97.64,100,97.75,100,TGT
2025-12-31,9:38:04.422399821,T,97.64,100,97.75,300,TGT
2025-12-31,9:38:04.423186738,T,97.64,100,97.75,100,TGT
2025-12-31,9:38:06.256895243,T,97.64,200,97.75,100,TGT
2025-12-31,9:38:06.256925359,T,97.64,200,97.76,100,TGT
2025-12-31,9:38:06.256965433,T,97.64,200,97.79,100,TGT
2025-12-31,9:38:21.901099788,T,97.64,100,97.79,100,TGT
2025-12-31,9:38:21.902402876,T,97.64,100,97.75,200,TGT
2025-12-31,9:38:21.903184715,T,97.64,100,97.79,100,TGT
2025-12-31,9:38:21.931046040,T,97.64,100,97.75,100,TGT
2025-12-31,9:38:22.118502651,T,97.64,100,97.75,200,TGT
2025-12-31,9:38:24.455770724,T,97.64,100,97.75,100,TGT
2025-12-31,9:38:24.481627417,T,97.64,100,97.79,100,TGT
2025-12-31,9:38:25.352466945,T,97.64,100,97.75,200,TGT
2025-12-31,9:38:30.591232424,T,97.64,100,97.74,100,TGT
2025-12-31,9:38:30.752531809,T,97.64,200,97.74,100,TGT
2025-12-31,9:38:44.191933604,T,97.64,200,97.74,200,TGT
2025-12-31,9:38:45.157654202,T,97.64,200,97.74,100,TGT
2025-12-31,9:38:45.161418172,T,97.64,200,97.79,100,TGT
2025-12-31,9:38:45.161438194,T,97.64,200,97.84,100,TGT
2025-12-31,9:38:45.161443273,T,97.69,100,97.84,100,TGT
2025-12-31,9:38:45.161448501,T,97.69,200,97.84,100,TGT
2025-12-31,9:38:45.161448501,T,97.69,300,97.84,100,TGT
2025-12-31,9:38:45.161718868,T,97.69,400,97.84,100,TGT
2025-12-31,9:38:45.161959535,T,97.69,400,97.85,400,TGT
2025-12-31,9:38:45.161999524,T,97.69,300,97.85,400,TGT
2025-12-31,9:38:45.162345410,T,97.7,100,97.85,400,TGT
2025-12-31,9:38:45.162345410,T,97.72,100,97.85,400,TGT
2025-12-31,9:38:45.162545942,T,97.72,100,97.82,100,TGT
2025-12-31,9:38:45.162570954,T,97.72,100,97.85,400,TGT
2025-12-31,9:38:45.162606045,T,97.72,100,97.85,200,TGT
2025-12-31,9:38:45.162626207,T,97.69,400,97.85,200,TGT
2025-12-31,9:38:45.162636247,T,97.69,400,97.82,100,TGT
2025-12-31,9:38:45.162641093,T,97.69,400,97.81,100,TGT
2025-12-31,9:38:45.162641093,T,97.69,400,97.81,200,TGT
2025-12-31,9:38:45.162646138,T,97.69,400,97.8,100,TGT
2025-12-31,9:38:45.162651129,T,97.69,400,97.77,100,TGT
2025-12-31,9:38:45.162651129,T,97.69,400,97.77,200,TGT
2025-12-31,9:38:45.162656176,T,97.69,300,97.77,200,TGT
2025-12-31,9:38:45.162656176,T,97.69,300,97.75,100,TGT
2025-12-31,9:38:45.163062114,T,97.69,300,97.75,200,TGT
2025-12-31,9:38:45.163688564,T,97.69,300,97.75,100,TGT
2025-12-31,9:38:45.163688564,T,97.69,300,97.74,100,TGT
2025-12-31,9:38:45.163738718,T,97.69,300,97.74,200,TGT
2025-12-31,9:38:45.164811345,T,97.69,200,97.74,200,TGT
2025-12-31,9:38:45.164811345,T,97.69,100,97.74,200,TGT
2025-12-31,9:38:45.164841315,T,97.69,100,97.74,300,TGT
2025-12-31,9:38:45.164851430,T,97.69,100,97.74,200,TGT
2025-12-31,9:38:45.164851430,T,97.69,100,97.71,100,TGT
2025-12-31,9:38:45.164861411,T,97.66,100,97.71,100,TGT
2025-12-31,9:38:45.164861411,T,97.65,200,97.71,100,TGT
2025-12-31,9:38:45.164891486,T,97.65,200,97.71,200,TGT
2025-12-31,9:38:45.164901434,T,97.65,200,97.71,300,TGT
2025-12-31,9:38:45.164901434,T,97.65,200,97.71,100,TGT
2025-12-31,9:38:45.164906515,T,97.65,200,97.7,100,TGT
2025-12-31,9:38:45.164956640,T,97.65,200,97.7,200,TGT
2025-12-31,9:38:45.165112024,T,97.66,100,97.7,200,TGT
2025-12-31,9:38:45.165116952,T,97.66,200,97.7,200,TGT
2025-12-31,9:38:45.165122391,T,97.66,200,97.7,100,TGT
2025-12-31,9:38:45.165122391,T,97.66,200,97.7,200,TGT
2025-12-31,9:38:45.165132050,T,97.66,300,97.7,200,TGT
2025-12-31,9:38:45.165187193,T,97.66,300,97.7,100,TGT
2025-12-31,9:38:45.165192185,T,97.66,400,97.7,100,TGT
2025-12-31,9:38:45.165372556,T,97.67,100,97.7,100,TGT
2025-12-31,9:38:45.165397682,T,97.67,200,97.7,100,TGT
2025-12-31,9:38:45.165397682,T,97.67,300,97.7,100,TGT
2025-12-31,9:38:45.165397682,T,97.67,400,97.7,100,TGT
2025-12-31,9:38:45.166229630,T,97.67,400,97.71,100,TGT
2025-12-31,9:38:45.166249808,T,97.67,400,97.73,100,TGT
2025-12-31,9:38:45.166259705,T,97.67,400,97.77,200,TGT
2025-12-31,9:38:45.166274819,T,97.68,100,97.77,200,TGT
2025-12-31,9:38:45.166274819,T,97.7,100,97.77,200,TGT
2025-12-31,9:38:45.166279829,T,97.7,200,97.77,200,TGT
2025-12-31,9:38:45.166279829,T,97.7,300,97.77,200,TGT
2025-12-31,9:38:45.166279829,T,97.7,300,97.77,100,TGT
2025-12-31,9:38:45.166299960,T,97.7,200,97.77,100,TGT
2025-12-31,9:38:45.166304833,T,97.7,100,97.77,100,TGT
2025-12-31,9:38:45.166304833,T,97.67,100,97.77,100,TGT
2025-12-31,9:38:45.166304833,T,97.67,100,97.77,200,TGT
2025-12-31,9:38:45.166314890,T,97.67,100,97.77,300,TGT
2025-12-31,9:38:45.166324909,T,97.67,100,97.74,100,TGT
2025-12-31,9:38:45.166324909,T,97.67,100,97.72,100,TGT
2025-12-31,9:38:45.166881206,T,97.67,100,97.74,200,TGT
2025-12-31,9:38:45.168244425,T,97.67,100,97.74,300,TGT
2025-12-31,9:38:45.173351566,T,97.67,100,97.74,200,TGT
2025-12-31,9:38:45.266483473,T,97.67,100,97.74,100,TGT
2025-12-31,9:38:45.267290416,T,97.67,100,97.74,200,TGT
2025-12-31,9:38:45.725146183,T,97.67,200,97.74,200,TGT
2025-12-31,9:38:46.163365153,T,97.67,200,97.74,100,TGT
2025-12-31,9:38:46.163385287,T,97.68,100,97.74,100,TGT
2025-12-31,9:38:46.163400224,T,97.68,200,97.74,100,TGT
2025-12-31,9:38:46.164578101,T,97.68,100,97.74,100,TGT
2025-12-31,9:38:46.164583038,T,97.67,100,97.74,100,TGT
2025-12-31,9:38:48.534333526,T,97.68,100,97.74,100,TGT
2025-12-31,9:39:08.010331608,T,97.68,100,97.8,100,TGT
2025-12-31,9:39:08.794178893,T,97.68,100,97.77,200,TGT
2025-12-31,9:39:10.469600661,T,97.68,200,97.77,200,TGT
2025-12-31,9:39:10.469605403,T,97.69,100,97.77,200,TGT
2025-12-31,9:39:10.479714538,T,97.68,100,97.77,200,TGT
2025-12-31,9:39:20.783821934,T,97.68,100,97.77,300,TGT
2025-12-31,9:39:20.783832005,T,97.68,100,97.77,200,TGT
2025-12-31,9:39:21.442115253,T,97.69,100,97.77,200,TGT
2025-12-31,9:39:21.443739117,T,97.69,100,97.76,100,TGT
2025-12-31,9:39:21.452154098,T,97.68,200,97.76,100,TGT
2025-12-31,9:39:21.452364714,T,97.68,100,97.76,100,TGT
2025-12-31,9:39:21.494700491,T,97.68,100,97.77,200,TGT
2025-12-31,9:39:22.337317913,T,97.68,100,97.76,100,TGT
2025-12-31,9:39:24.483956968,T,97.68,100,97.76,300,TGT
2025-12-31,9:39:25.471740179,T,97.68,200,97.76,300,TGT
2025-12-31,9:39:25.476411663,T,97.68,200,97.76,200,TGT
2025-12-31,9:39:25.476416351,T,97.68,200,97.8,100,TGT
2025-12-31,9:39:25.476436533,T,97.72,100,97.8,100,TGT
2025-12-31,9:39:25.476441646,T,97.72,200,97.8,100,TGT
2025-12-31,9:39:25.476441646,T,97.75,100,97.8,100,TGT
2025-12-31,9:39:25.476456406,T,97.75,100,97.82,100,TGT
2025-12-31,9:39:25.476456406,T,97.75,100,97.8,100,TGT
2025-12-31,9:39:25.476476485,T,97.75,100,97.82,100,TGT
2025-12-31,9:39:25.476481509,T,97.75,100,97.85,200,TGT
2025-12-31,9:39:25.476486558,T,97.75,200,97.85,200,TGT
2025-12-31,9:39:25.476496601,T,97.75,300,97.85,200,TGT
2025-12-31,9:39:25.476521600,T,97.75,300,97.8,100,TGT
2025-12-31,9:39:25.476557011,T,97.76,100,97.8,100,TGT
2025-12-31,9:39:25.476557011,T,97.76,200,97.8,100,TGT
2025-12-31,9:39:25.476837384,T,97.76,200,97.8,300,TGT
2025-12-31,9:39:25.477213208,T,97.76,200,97.8,400,TGT
2025-12-31,9:39:25.486720928,T,97.76,100,97.8,400,TGT
2025-12-31,9:39:25.486720928,T,97.72,100,97.8,400,TGT
2025-12-31,9:39:25.577206455,T,97.69,100,97.8,400,TGT
2025-12-31,9:39:25.676452843,T,97.68,200,97.8,400,TGT
2025-12-31,9:39:26.680559964,T,97.68,200,97.8,300,TGT
2025-12-31,9:39:26.680559964,T,97.68,200,97.85,200,TGT
2025-12-31,9:39:26.680564952,T,97.68,200,97.85,100,TGT
2025-12-31,9:39:26.680580115,T,97.77,100,97.85,100,TGT
2025-12-31,9:39:26.680585035,T,97.78,100,97.85,100,TGT
2025-12-31,9:39:26.680585035,T,97.79,100,97.85,100,TGT
2025-12-31,9:39:26.681356860,T,97.79,100,97.85,200,TGT
2025-12-31,9:39:26.681381932,T,97.79,100,97.85,300,TGT
2025-12-31,9:39:26.681622533,T,97.78,100,97.85,300,TGT
2025-12-31,9:39:26.780648374,T,97.69,100,97.85,300,TGT
2025-12-31,9:39:26.796816878,T,97.72,100,97.85,300,TGT
2025-12-31,9:39:26.796872114,T,97.69,100,97.85,300,TGT
2025-12-31,9:39:26.796957272,T,97.82,100,97.85,300,TGT
2025-12-31,9:39:26.880791977,T,97.69,100,97.85,300,TGT
2025-12-31,9:39:26.880812091,T,97.69,100,97.84,100,TGT
2025-12-31,9:39:26.880812091,T,97.69,100,97.84,200,TGT
2025-12-31,9:39:26.881162896,T,97.69,200,97.84,200,TGT
2025-12-31,9:39:26.881368395,T,97.69,200,97.84,100,TGT
2025-12-31,9:39:26.882004890,T,97.69,200,97.85,200,TGT
2025-12-31,9:39:26.892630224,T,97.69,100,97.85,200,TGT
2025-12-31,9:39:26.977081316,T,97.69,100,97.85,100,TGT
2025-12-31,9:39:26.979667490,T,97.73,200,97.85,100,TGT
2025-12-31,9:39:27.166943729,T,97.69,100,97.85,100,TGT
2025-12-31,9:39:27.167660444,T,97.73,100,97.85,100,TGT
2025-12-31,9:39:29.161690811,T,97.74,100,97.85,100,TGT
2025-12-31,9:39:39.724008667,T,97.75,100,97.85,100,TGT
2025-12-31,9:39:39.724825717,T,97.75,100,97.85,200,TGT
2025-12-31,9:39:39.936489911,T,97.75,100,97.85,300,TGT
2025-12-31,9:39:40.718407735,T,97.75,100,97.85,200,TGT
2025-12-31,9:39:41.528758477,T,97.76,100,97.85,200,TGT
2025-12-31,9:39:43.903991735,T,97.76,100,97.85,300,TGT
2025-12-31,9:39:44.834814187,T,97.76,200,97.85,300,TGT
2025-12-31,9:39:45.662746704,T,97.76,200,97.85,400,TGT
2025-12-31,9:39:45.753973947,T,97.76,200,97.85,300,TGT
2025-12-31,9:39:48.112643028,T,97.76,200,97.85,200,TGT
2025-12-31,9:39:50.651877310,T,97.76,200,97.85,100,TGT
2025-12-31,9:39:51.357302888,T,97.76,200,97.85,200,TGT
2025-12-31,9:39:51.681755817,T,97.76,200,97.85,100,TGT
2025-12-31,9:39:51.682637949,T,97.76,200,97.82,100,TGT
2025-12-31,9:39:56.575298836,T,97.77,100,97.82,100,TGT
2025-12-31,9:39:56.576020505,T,97.77,100,97.85,100,TGT
2025-12-31,9:39:56.576055605,T,97.79,100,97.85,100,TGT
2025-12-31,9:39:57.855889645,T,97.81,100,97.85,100,TGT
2025-12-31,9:40:09.583042501,T,97.81,200,97.85,100,TGT
2025-12-31,9:40:09.583082721,T,97.81,200,97.92,200,TGT
2025-12-31,9:40:09.583107663,T,97.83,100,97.92,200,TGT
2025-12-31,9:40:09.583378329,T,97.83,100,97.93,100,TGT
2025-12-31,9:40:09.583663967,T,97.82,100,97.93,100,TGT
2025-12-31,9:40:09.583874518,T,97.82,100,97.93,200,TGT
2025-12-31,9:40:09.583894573,T,97.82,100,97.9,100,TGT
2025-12-31,9:40:09.584059868,T,97.82,100,97.9,200,TGT
2025-12-31,9:40:09.590204531,T,97.81,200,97.9,200,TGT
2025-12-31,9:40:10.125930786,T,97.81,100,97.9,200,TGT
2025-12-31,9:40:11.822993657,T,97.83,100,97.9,200,TGT
2025-12-31,9:40:11.823028737,T,97.83,100,97.9,100,TGT
2025-12-31,9:40:12.048049817,T,97.83,200,97.9,100,TGT
2025-12-31,9:40:14.099557272,T,97.83,200,97.9,200,TGT
2025-12-31,9:40:18.612924525,T,97.83,200,97.9,100,TGT
2025-12-31,9:40:21.244443692,T,97.83,200,97.92,100,TGT
2025-12-31,9:40:30.800644825,T,97.83,200,97.9,100,TGT
2025-12-31,9:40:32.464718851,T,97.83,100,97.9,100,TGT
2025-12-31,9:40:49.644085439,T,97.83,100,97.9,200,TGT
2025-12-31,9:40:51.804667625,T,97.83,100,97.9,100,TGT
2025-12-31,9:40:51.804898185,T,97.83,100,97.92,100,TGT
2025-12-31,9:40:52.921703853,T,97.83,100,97.9,100,TGT
2025-12-31,9:40:53.711535367,T,97.83,100,97.9,200,TGT
2025-12-31,9:40:53.712522772,T,97.76,100,97.9,200,TGT
2025-12-31,9:40:53.712552861,T,97.76,100,97.89,100,TGT
2025-12-31,9:40:53.712558194,T,97.76,100,97.88,100,TGT
2025-12-31,9:40:53.712572864,T,97.76,100,97.88,200,TGT
2025-12-31,9:40:53.712788388,T,97.76,100,97.86,100,TGT
2025-12-31,9:40:53.712813424,T,97.76,100,97.88,200,TGT
2025-12-31,9:40:53.713049019,T,97.76,200,97.88,200,TGT
2025-12-31,9:40:53.713219367,T,97.76,200,97.86,100,TGT
2025-12-31,9:40:53.713254501,T,97.76,200,97.88,200,TGT
2025-12-31,9:40:53.721930154,T,97.76,200,97.88,100,TGT
2025-12-31,9:40:53.721960205,T,97.76,200,97.88,200,TGT
2025-12-31,9:40:53.724190532,T,97.76,200,97.88,300,TGT
2025-12-31,9:40:53.754748400,T,97.76,200,97.87,100,TGT
2025-12-31,9:40:53.754758374,T,97.76,200,97.86,100,TGT
2025-12-31,9:40:53.754763382,T,97.76,200,97.83,100,TGT
2025-12-31,9:40:53.754823484,T,97.76,200,97.83,200,TGT
2025-12-31,9:40:53.754833559,T,97.76,200,97.83,100,TGT
2025-12-31,9:40:53.755324733,T,97.76,200,97.86,100,TGT
2025-12-31,9:40:53.755384852,T,97.76,200,97.85,100,TGT
2025-12-31,9:40:53.765694440,T,97.76,200,97.86,100,TGT
2025-12-31,9:40:53.965530602,T,97.76,200,97.86,200,TGT
2025-12-31,9:40:56.867934979,T,97.76,200,97.86,100,TGT
2025-12-31,9:41:01.957269405,T,97.76,100,97.86,100,TGT
2025-12-31,9:41:01.957294491,T,97.77,100,97.86,100,TGT
2025-12-31,9:41:01.957329636,T,97.77,100,97.88,100,TGT
2025-12-31,9:41:01.957344810,T,97.76,100,97.88,100,TGT
2025-12-31,9:41:01.957349670,T,97.76,200,97.88,100,TGT
2025-12-31,9:41:01.957349670,T,97.81,100,97.88,100,TGT
2025-12-31,9:41:01.957369667,T,97.78,200,97.88,100,TGT
2025-12-31,9:41:01.957374694,T,97.85,100,97.88,100,TGT
2025-12-31,9:41:01.957630259,T,97.81,200,97.88,100,TGT
2025-12-31,9:41:01.957640357,T,97.81,100,97.88,100,TGT
2025-12-31,9:41:01.957650313,T,97.78,100,97.88,100,TGT
2025-12-31,9:41:01.957665325,T,97.78,100,97.86,100,TGT
2025-12-31,9:41:01.957665325,T,97.78,100,97.85,100,TGT
2025-12-31,9:41:01.957740568,T,97.78,200,97.85,100,TGT
2025-12-31,9:41:01.957860903,T,97.78,100,97.85,100,TGT
2025-12-31,9:41:01.958738086,T,97.78,100,97.91,100,TGT
2025-12-31,9:41:01.959003587,T,97.78,100,97.91,200,TGT
2025-12-31,9:41:01.969503540,T,97.78,100,97.91,100,TGT
2025-12-31,9:41:02.057362865,T,97.76,200,97.91,100,TGT
2025-12-31,9:41:02.157391208,T,97.76,100,97.91,100,TGT
2025-12-31,9:41:02.869151968,T,97.76,100,97.92,100,TGT
2025-12-31,9:41:03.909239703,T,97.78,100,97.92,100,TGT
2025-12-31,9:41:03.919865000,T,97.78,100,97.9,100,TGT
2025-12-31,9:41:06.974271609,T,97.78,100,97.92,100,TGT
2025-12-31,9:41:06.981964959,T,97.78,200,97.92,100,TGT
2025-12-31,9:41:06.993086421,T,97.78,100,97.92,100,TGT
2025-12-31,9:41:07.266242121,T,97.76,100,97.92,100,TGT
2025-12-31,9:41:07.267274601,T,97.76,200,97.92,100,TGT
2025-12-31,9:41:07.267760750,T,97.76,200,97.92,200,TGT
2025-12-31,9:41:07.499182018,T,97.76,100,97.92,200,TGT
2025-12-31,9:41:07.499187004,T,97.76,100,97.92,100,TGT
2025-12-31,9:41:07.902106867,T,97.78,100,97.92,100,TGT
2025-12-31,9:41:07.907930729,T,97.78,200,97.92,100,TGT
2025-12-31,9:41:07.907955828,T,97.79,100,97.92,100,TGT
2025-12-31,9:41:07.908086135,T,97.78,100,97.92,100,TGT
2025-12-31,9:41:07.908662514,T,97.78,200,97.92,100,TGT
2025-12-31,9:41:07.914877296,T,97.78,300,97.92,100,TGT
2025-12-31,9:41:07.914877296,T,97.8,100,97.92,100,TGT
2025-12-31,9:41:07.914882350,T,97.81,100,97.92,100,TGT
2025-12-31,9:41:07.914882350,T,97.85,100,97.92,100,TGT
2025-12-31,9:41:07.914907396,T,97.83,100,97.92,100,TGT
2025-12-31,9:41:07.914917537,T,97.85,100,97.92,100,TGT
2025-12-31,9:41:07.915112957,T,97.85,100,97.93,200,TGT
2025-12-31,9:41:07.921914102,T,97.82,200,97.93,200,TGT
2025-12-31,9:41:07.924996367,T,97.82,100,97.93,200,TGT
2025-12-31,9:41:08.019697052,T,97.81,100,97.93,200,TGT
2025-12-31,9:41:08.115104288,T,97.78,200,97.93,200,TGT
2025-12-31,9:41:08.207920414,T,97.78,200,97.93,100,TGT
2025-12-31,9:41:08.208045659,T,97.81,100,97.93,100,TGT
2025-12-31,9:41:08.208045659,T,97.83,100,97.93,100,TGT
2025-12-31,9:41:08.208050809,T,97.87,100,97.93,100,TGT
2025-12-31,9:41:08.208075823,T,97.84,100,97.93,100,TGT
2025-12-31,9:41:08.208085836,T,97.87,100,97.93,100,TGT
2025-12-31,9:41:08.208561906,T,97.84,100,97.93,100,TGT
2025-12-31,9:41:08.209073153,T,97.87,100,97.93,100,TGT
2025-12-31,9:41:08.209388884,T,97.84,100,97.93,100,TGT
2025-12-31,9:41:08.209880036,T,97.87,100,97.93,100,TGT
2025-12-31,9:41:08.210441380,T,97.84,100,97.93,100,TGT
2025-12-31,9:41:08.210661914,T,97.87,100,97.93,100,TGT
2025-12-31,9:41:08.211098008,T,97.84,100,97.93,100,TGT
2025-12-31,9:41:08.211213309,T,97.87,100,97.93,100,TGT
2025-12-31,9:41:08.215082507,T,97.84,100,97.93,100,TGT
2025-12-31,9:41:08.252882804,T,97.85,100,97.93,100,TGT
2025-12-31,9:41:08.252887599,T,97.86,100,97.93,100,TGT
2025-12-31,9:41:08.252897584,T,97.86,200,97.93,100,TGT
2025-12-31,9:41:08.252907582,T,97.88,100,97.93,100,TGT
2025-12-31,9:41:08.252917665,T,97.86,200,97.93,100,TGT
2025-12-31,9:41:08.252927636,T,97.86,100,97.93,100,TGT
2025-12-31,9:41:08.260109698,T,97.86,100,97.93,200,TGT
2025-12-31,9:41:08.263091882,T,97.85,100,97.93,200,TGT
2025-12-31,9:41:08.263111891,T,97.84,100,97.93,200,TGT
2025-12-31,9:41:08.304199806,T,97.84,100,97.93,100,TGT
2025-12-31,9:41:08.304199806,T,97.84,100,97.99,100,TGT
2025-12-31,9:41:08.304224850,T,97.85,100,97.99,100,TGT
2025-12-31,9:41:08.304224850,T,97.92,100,97.99,100,TGT
2025-12-31,9:41:08.305252303,T,97.89,200,97.99,100,TGT
2025-12-31,9:41:08.305272339,T,97.89,100,97.99,100,TGT
2025-12-31,9:41:08.308916030,T,97.89,100,98.0,300,TGT
2025-12-31,9:41:08.313296493,T,97.89,200,98.0,300,TGT
2025-12-31,9:41:08.313296493,T,97.9,100,98.0,300,TGT
2025-12-31,9:41:08.313336547,T,97.9,200,98.0,300,TGT
2025-12-31,9:41:08.314023230,T,97.93,100,98.0,300,TGT
2025-12-31,9:41:08.314730089,T,97.89,100,98.0,300,TGT
2025-12-31,9:41:08.315281173,T,97.89,200,98.0,300,TGT
2025-12-31,9:41:08.323335362,T,97.89,100,98.0,300,TGT
2025-12-31,9:41:08.336090807,T,97.89,200,98.0,300,TGT
2025-12-31,9:41:08.336090807,T,97.9,100,98.0,300,TGT
2025-12-31,9:41:08.336090807,T,97.92,100,98.0,300,TGT
2025-12-31,9:41:08.337143260,T,97.91,100,98.0,300,TGT
2025-12-31,9:41:08.340370963,T,97.9,100,98.0,300,TGT
2025-12-31,9:41:08.343147574,T,97.89,200,98.0,300,TGT
2025-12-31,9:41:08.355146201,T,97.89,100,98.0,300,TGT
2025-12-31,9:41:08.409114693,T,97.87,100,98.0,300,TGT
2025-12-31,9:41:08.489611485,T,97.86,100,98.0,300,TGT
2025-12-31,9:41:08.489636548,T,97.85,100,98.0,300,TGT
2025-12-31,9:41:09.145258519,T,97.89,100,98.0,300,TGT
2025-12-31,9:41:10.188378550,T,97.89,100,98.0,200,TGT
2025-12-31,9:41:15.811730137,T,97.85,100,98.0,200,TGT
2025-12-31,9:41:16.180162888,T,97.85,100,98.0,100,TGT
2025-12-31,9:41:16.215652415,T,97.85,100,98.0,200,TGT
2025-12-31,9:41:17.669475981,T,97.92,100,98.0,200,TGT
2025-12-31,9:41:27.844521309,T,97.92,100,97.98,100,TGT
2025-12-31,9:41:27.844551482,T,97.92,100,97.98,400,TGT
2025-12-31,9:41:27.844551482,T,97.92,100,97.98,500,TGT
2025-12-31,9:41:27.844566698,T,97.92,100,97.98,600,TGT
2025-12-31,9:41:27.844571409,T,97.92,100,97.98,700,TGT
2025-12-31,9:41:27.844586402,T,97.92,100,97.98,800,TGT
2025-12-31,9:41:27.844596488,T,97.92,100,97.98,900,TGT
2025-12-31,9:41:27.844601527,T,97.92,100,97.98,1100,TGT
2025-12-31,9:41:27.844621499,T,97.92,100,97.98,1200,TGT
2025-12-31,9:41:27.844651614,T,97.92,100,97.98,1300,TGT
2025-12-31,9:41:27.844671682,T,97.92,100,97.98,1600,TGT
2025-12-31,9:41:27.844681666,T,97.92,100,97.98,1500,TGT
2025-12-31,9:41:27.844681666,T,97.92,100,97.96,100,TGT
2025-12-31,9:41:27.844746883,T,97.92,100,97.96,1700,TGT
2025-12-31,9:41:27.844811990,T,97.92,100,97.96,1800,TGT
2025-12-31,9:41:27.844816997,T,97.92,100,97.96,1900,TGT
2025-12-31,9:41:27.844892556,T,97.92,100,97.96,2000,TGT
2025-12-31,9:41:27.844902259,T,97.92,100,97.96,2100,TGT
2025-12-31,9:41:27.845433691,T,97.92,100,97.96,500,TGT
2025-12-31,9:41:27.845433691,T,97.92,100,97.96,400,TGT
2025-12-31,9:41:27.845433691,T,97.92,100,97.95,100,TGT
2025-12-31,9:41:27.845438440,T,97.92,100,97.95,200,TGT
2025-12-31,9:41:27.845438440,T,97.92,100,97.95,300,TGT
2025-12-31,9:41:27.845463548,T,97.92,100,97.95,2100,TGT
2025-12-31,9:41:27.845959672,T,97.92,100,97.93,100,TGT
2025-12-31,9:41:27.845964791,T,97.92,100,97.93,200,TGT
2025-12-31,9:41:27.845964791,T,97.92,100,97.93,300,TGT
2025-12-31,9:41:27.845984820,T,97.92,100,97.93,2100,TGT
2025-12-31,9:41:27.845994846,T,97.92,100,97.93,2000,TGT
2025-12-31,9:41:27.846000319,T,97.92,100,97.93,1900,TGT
2025-12-31,9:41:27.846019863,T,97.92,100,97.93,1800,TGT
2025-12-31,9:41:27.846024879,T,97.92,100,97.93,1700,TGT
2025-12-31,9:41:27.846024879,T,97.92,100,97.93,1600,TGT
2025-12-31,9:41:27.846029947,T,97.92,100,97.93,1300,TGT
2025-12-31,9:41:27.846044900,T,97.92,200,97.93,1300,TGT
2025-12-31,9:41:27.846080055,T,97.92,200,98.0,300,TGT
2025-12-31,9:41:27.846325582,T,97.92,100,98.0,300,TGT
2025-12-31,9:41:27.846330663,T,97.87,100,98.0,300,TGT
2025-12-31,9:41:27.846345983,T,97.85,100,98.0,300,TGT
2025-12-31,9:41:27.846405747,T,97.87,100,98.0,300,TGT
2025-12-31,9:41:27.846405747,T,97.91,100,98.0,300,TGT
2025-12-31,9:41:27.846490962,T,97.91,200,98.0,300,TGT
2025-12-31,9:41:27.846521041,T,97.91,100,98.0,300,TGT
2025-12-31,9:41:27.846591235,T,97.91,200,98.0,300,TGT
2025-12-31,9:41:27.846801676,T,97.92,100,98.0,300,TGT
2025-12-31,9:41:27.846816779,T,97.92,200,98.0,300,TGT
2025-12-31,9:41:27.846821832,T,97.92,300,98.0,300,TGT
2025-12-31,9:41:27.846932059,T,97.92,400,98.0,300,TGT
2025-12-31,9:41:27.853337342,T,97.92,400,97.95,100,TGT
2025-12-31,9:41:27.922532082,T,97.92,300,97.95,100,TGT
2025-12-31,9:41:27.922537123,T,97.93,100,97.95,100,TGT
2025-12-31,9:41:27.922537123,T,97.93,200,97.95,100,TGT
2025-12-31,9:41:27.922537123,T,97.93,300,97.95,100,TGT
2025-12-31,9:41:27.922557251,T,97.93,400,97.95,100,TGT
2025-12-31,9:41:28.759185353,T,97.93,400,97.95,200,TGT
2025-12-31,9:41:28.763931569,T,97.94,100,97.95,200,TGT
2025-12-31,9:41:28.763956687,T,97.94,200,97.95,200,TGT
2025-12-31,9:41:28.763956687,T,97.94,300,97.95,200,TGT
2025-12-31,9:41:28.763961653,T,97.94,400,97.95,200,TGT
2025-12-31,9:41:28.763981810,T,97.94,500,97.95,200,TGT
2025-12-31,9:41:28.767420011,T,97.94,400,97.95,200,TGT
2025-12-31,9:41:28.767420011,T,97.94,300,97.95,200,TGT
2025-12-31,9:41:28.767425339,T,97.94,200,97.95,200,TGT
2025-12-31,9:41:28.767425339,T,97.94,100,97.95,200,TGT
2025-12-31,9:41:28.767425339,T,97.91,100,97.95,200,TGT
2025-12-31,9:41:28.767425339,T,97.87,100,97.95,200,TGT
2025-12-31,9:41:28.767430016,T,97.85,100,97.95,200,TGT
2025-12-31,9:41:28.775644570,T,97.85,100,97.94,100,TGT
2025-12-31,9:41:29.191941239,T,97.83,100,97.94,100,TGT
2025-12-31,9:41:29.191966363,T,97.85,100,97.94,100,TGT
2025-12-31,9:41:32.307538699,T,97.89,100,97.94,100,TGT
2025-12-31,9:41:35.840685821,T,97.9,100,97.94,100,TGT
2025-12-31,9:41:38.144579654,T,97.91,100,97.94,100,TGT
2025-12-31,9:41:46.845623108,T,97.91,100,97.93,100,TGT
2025-12-31,9:41:46.845658284,T,97.91,100,97.98,100,TGT
2025-12-31,9:41:46.845678372,T,97.92,100,97.98,100,TGT
2025-12-31,9:41:46.845683252,T,97.92,200,97.98,100,TGT
2025-12-31,9:41:46.846099242,T,97.92,200,98.0,400,TGT
2025-12-31,9:41:46.846119303,T,97.93,100,98.0,400,TGT
2025-12-31,9:41:47.756062113,T,97.93,100,98.0,300,TGT
2025-12-31,9:41:48.594639735,T,97.94,100,98.0,300,TGT
2025-12-31,9:41:50.166609699,T,97.93,100,98.0,300,TGT
2025-12-31,9:41:50.166629746,T,97.93,100,97.96,100,TGT
2025-12-31,9:41:50.166629746,T,97.93,100,97.96,200,TGT
2025-12-31,9:41:50.166860214,T,97.93,200,97.96,200,TGT
2025-12-31,9:41:50.167186080,T,97.93,200,97.96,100,TGT
2025-12-31,9:41:50.167672216,T,97.93,200,97.98,100,TGT
2025-12-31,9:41:50.174994627,T,97.93,200,98.0,300,TGT
2025-12-31,9:41:54.422914936,T,97.93,300,98.0,300,TGT
2025-12-31,9:41:54.422919544,T,97.94,100,98.0,300,TGT
2025-12-31,9:41:54.422919544,T,97.96,100,98.0,300,TGT
2025-12-31,9:41:54.432487328,T,97.97,100,98.0,300,TGT
2025-12-31,9:41:54.432492359,T,97.97,200,98.0,300,TGT
2025-12-31,9:41:54.433018576,T,97.97,200,98.0,200,TGT
2025-12-31,9:41:54.433043691,T,97.98,100,98.0,200,TGT
2025-12-31,9:41:54.441388522,T,97.98,100,98.0,100,TGT
2025-12-31,9:41:54.441394375,T,97.98,100,98.04,300,TGT
2025-12-31,9:41:54.441428621,T,97.98,100,98.04,200,TGT
2025-12-31,9:41:54.441459080,T,97.98,200,98.04,200,TGT
2025-12-31,9:41:54.441463699,T,97.99,100,98.04,200,TGT
2025-12-31,9:41:54.441578980,T,97.99,200,98.04,200,TGT
2025-12-31,9:41:54.441684281,T,97.99,300,98.04,200,TGT
2025-12-31,9:41:54.441709363,T,97.99,200,98.04,200,TGT
2025-12-31,9:41:54.441829642,T,97.99,100,98.04,200,TGT
2025-12-31,9:41:54.441859623,T,97.99,200,98.04,200,TGT
2025-12-31,9:41:54.442360929,T,98.0,100,98.04,200,TGT
2025-12-31,9:41:54.443378336,T,98.0,200,98.04,200,TGT
2025-12-31,9:41:54.669792663,T,98.0,200,98.08,100,TGT
2025-12-31,9:41:54.669817899,T,98.02,100,98.08,100,TGT
2025-12-31,9:41:54.669817899,T,98.03,100,98.08,100,TGT
2025-12-31,9:41:54.669817899,T,98.03,200,98.08,100,TGT
2025-12-31,9:41:54.669822826,T,98.03,200,98.1,100,TGT
2025-12-31,9:41:54.670153556,T,98.03,300,98.1,100,TGT
2025-12-31,9:41:54.670293832,T,98.04,100,98.1,100,TGT
2025-12-31,9:41:54.670328975,T,98.04,200,98.1,100,TGT
2025-12-31,9:41:54.670604605,T,98.04,200,98.12,200,TGT
2025-12-31,9:41:54.670624715,T,98.06,100,98.12,200,TGT
2025-12-31,9:41:54.670875292,T,98.06,100,98.1,100,TGT
2025-12-31,9:41:54.678894322,T,98.06,200,98.1,100,TGT
2025-12-31,9:41:54.824681683,T,98.07,100,98.1,100,TGT
2025-12-31,9:41:54.824706733,T,98.07,200,98.1,100,TGT
2025-12-31,9:41:54.824902148,T,98.07,300,98.1,100,TGT
2025-12-31,9:41:54.825644023,T,98.07,300,98.12,200,TGT
2025-12-31,9:41:55.308238637,T,98.07,200,98.12,200,TGT
2025-12-31,9:41:55.308273737,T,98.07,200,98.12,100,TGT
2025-12-31,9:41:55.308293768,T,98.09,100,98.12,100,TGT
2025-12-31,9:41:56.312415888,T,98.1,100,98.12,100,TGT
2025-12-31,9:41:57.595738308,T,98.11,100,98.12,100,TGT
2025-12-31,9:41:57.595758389,T,98.11,200,98.12,100,TGT
2025-12-31,9:41:58.026645017,T,98.11,200,98.18,200,TGT
2025-12-31,9:41:58.026669948,T,98.12,100,98.18,200,TGT
2025-12-31,9:41:58.026900406,T,98.12,100,98.22,100,TGT
2025-12-31,9:41:58.027526984,T,98.13,100,98.22,100,TGT
2025-12-31,9:41:58.028794919,T,98.14,100,98.22,100,TGT
2025-12-31,9:41:59.927538412,T,98.14,100,98.2,100,TGT
2025-12-31,9:41:59.929041961,T,98.14,100,98.22,100,TGT
2025-12-31,9:41:59.944664198,T,98.15,100,98.22,100,TGT
2025-12-31,9:41:59.944684301,T,98.15,200,98.22,100,TGT
2025-12-31,9:41:59.944694244,T,98.15,100,98.22,100,TGT
2025-12-31,9:41:59.944714336,T,98.15,100,98.17,100,TGT
2025-12-31,9:41:59.944729695,T,98.01,100,98.17,100,TGT
2025-12-31,9:41:59.944734425,T,98.0,100,98.17,100,TGT
2025-12-31,9:41:59.944769454,T,98.01,100,98.17,100,TGT
2025-12-31,9:41:59.944779434,T,98.0,100,98.17,100,TGT
2025-12-31,9:41:59.944804598,T,98.01,100,98.17,100,TGT
2025-12-31,9:41:59.945235619,T,98.0,100,98.17,100,TGT
2025-12-31,9:41:59.945255615,T,97.97,100,98.17,100,TGT
2025-12-31,9:41:59.945280628,T,98.0,100,98.17,100,TGT
2025-12-31,9:41:59.945335822,T,98.01,100,98.17,100,TGT
2025-12-31,9:41:59.945350939,T,98.0,100,98.17,100,TGT
2025-12-31,9:41:59.945355873,T,97.97,100,98.17,100,TGT
2025-12-31,9:41:59.945361145,T,98.0,100,98.17,100,TGT
2025-12-31,9:41:59.945375872,T,98.0,100,98.15,100,TGT
2025-12-31,9:41:59.945375872,T,97.97,100,98.15,100,TGT
2025-12-31,9:41:59.945400915,T,98.0,100,98.15,100,TGT
2025-12-31,9:41:59.945882091,T,98.01,100,98.15,100,TGT
2025-12-31,9:41:59.945907132,T,98.0,100,98.15,100,TGT
2025-12-31,9:41:59.945907132,T,98.01,100,98.15,100,TGT
2025-12-31,9:41:59.947455865,T,98.01,100,98.23,300,TGT
2025-12-31,9:42:00.931224493,T,98.0,100,98.23,300,TGT
2025-12-31,9:42:00.931224493,T,98.01,100,98.23,300,TGT
2025-12-31,9:42:00.945012311,T,98.09,100,98.23,300,TGT
2025-12-31,9:42:02.776926509,T,98.09,100,98.2,100,TGT
2025-12-31,9:42:02.886442420,T,98.09,100,98.23,300,TGT
2025-12-31,9:42:02.887384627,T,98.09,100,98.2,100,TGT
2025-12-31,9:42:03.870506698,T,98.09,100,98.23,300,TGT
2025-12-31,9:42:05.579538236,T,98.09,100,98.22,100,TGT
2025-12-31,9:42:05.579543192,T,98.09,100,98.19,100,TGT
2025-12-31,9:42:05.579553192,T,98.09,100,98.18,100,TGT
2025-12-31,9:42:05.579909118,T,98.09,100,98.18,200,TGT
2025-12-31,9:42:05.579979256,T,98.09,100,98.18,300,TGT
2025-12-31,9:42:05.580094516,T,98.09,100,98.18,200,TGT
2025-12-31,9:42:05.590048184,T,98.09,100,98.18,100,TGT
2025-12-31,9:42:05.595315720,T,98.11,100,98.18,100,TGT
2025-12-31,9:42:05.596092629,T,98.11,100,98.18,200,TGT
2025-12-31,9:42:05.599821463,T,98.11,100,98.18,100,TGT
2025-12-31,9:42:06.853618561,T,98.11,100,98.23,300,TGT
2025-12-31,9:42:06.854395413,T,98.11,100,98.23,200,TGT
2025-12-31,9:42:06.854465573,T,98.11,100,98.2,100,TGT
2025-12-31,9:42:07.074329362,T,98.11,100,98.19,100,TGT
2025-12-31,9:42:07.723315391,T,98.11,100,98.22,100,TGT
2025-12-31,9:42:08.009898139,T,98.11,100,98.2,100,TGT
2025-12-31,9:42:08.009903074,T,98.11,100,98.18,100,TGT
2025-12-31,9:42:08.009913286,T,98.11,100,98.18,200,TGT
2025-12-31,9:42:08.009913286,T,98.11,100,98.18,300,TGT
2025-12-31,9:42:08.009928134,T,98.11,100,98.18,200,TGT
2025-12-31,9:42:08.009948240,T,98.11,100,98.18,300,TGT
2025-12-31,9:42:08.010765129,T,98.11,100,98.18,400,TGT
2025-12-31,9:42:08.010785257,T,98.11,100,98.18,300,TGT
2025-12-31,9:42:08.012073268,T,98.11,100,98.18,200,TGT
2025-12-31,9:42:08.012073268,T,98.11,100,98.18,100,TGT
2025-12-31,9:42:08.134895948,T,98.11,100,98.2,100,TGT
2025-12-31,9:42:08.134920968,T,98.11,100,98.23,300,TGT
2025-12-31,9:42:08.397241230,T,98.11,100,98.2,100,TGT
2025-12-31,9:42:09.074459399,T,98.11,100,98.19,100,TGT
2025-12-31,9:42:09.129430123,T,98.11,100,98.2,100,TGT
2025-12-31,9:42:10.762786335,T,98.09,100,98.2,100,TGT
2025-12-31,9:42:10.763252417,T,98.09,100,98.19,100,TGT
2025-12-31,9:42:10.763277441,T,98.09,100,98.18,100,TGT
2025-12-31,9:42:10.763287520,T,98.09,100,98.19,100,TGT
2025-12-31,9:42:10.763353043,T,98.09,100,98.18,100,TGT
2025-12-31,9:42:10.964291316,T,98.09,100,98.19,100,TGT
2025-12-31,9:42:11.074268319,T,98.09,100,98.2,100,TGT
2025-12-31,9:42:11.074293468,T,98.09,100,98.21,100,TGT
2025-12-31,9:42:11.760377909,T,98.09,100,98.19,100,TGT
2025-12-31,9:42:11.987599265,T,98.09,100,98.21,100,TGT
2025-12-31,9:42:12.144803788,T,98.1,100,98.21,100,TGT
2025-12-31,9:42:13.471068299,T,98.09,100,98.21,100,TGT
2025-12-31,9:42:13.471088609,T,98.09,100,98.2,100,TGT
2025-12-31,9:42:13.471088609,T,98.09,100,98.19,100,TGT
2025-12-31,9:42:13.471093287,T,98.09,100,98.13,100,TGT
2025-12-31,9:42:13.471644672,T,98.09,100,98.16,100,TGT
2025-12-31,9:42:13.478175267,T,98.09,100,98.15,100,TGT
2025-12-31,9:42:17.970838042,T,98.09,100,98.15,200,TGT
2025-12-31,9:42:20.791071787,T,98.09,100,98.15,100,TGT
2025-12-31,9:42:20.791212056,T,97.97,100,98.15,100,TGT
2025-12-31,9:42:20.791232145,T,97.97,100,98.11,100,TGT
2025-12-31,9:42:20.791237141,T,97.97,100,98.11,200,TGT
2025-12-31,9:42:20.791302256,T,97.97,100,98.11,300,TGT
2025-12-31,9:42:20.791322287,T,97.97,100,98.11,200,TGT
2025-12-31,9:42:20.791387533,T,97.97,100,98.11,300,TGT
2025-12-31,9:42:20.791793439,T,97.97,100,98.11,200,TGT
2025-12-31,9:42:20.791868685,T,97.93,300,98.11,200,TGT
2025-12-31,9:42:20.810036939,T,97.93,300,98.11,300,TGT
2025-12-31,9:42:20.874736043,T,97.99,100,98.11,300,TGT
2025-12-31,9:42:22.173906016,T,98.07,100,98.11,300,TGT
2025-12-31,9:42:22.173971230,T,98.07,100,98.11,200,TGT
2025-12-31,9:42:22.174001311,T,98.07,100,98.11,100,TGT
2025-12-31,9:42:22.319021728,T,98.07,100,98.12,100,TGT
2025-12-31,9:42:22.319377662,T,98.07,100,98.19,100,TGT
2025-12-31,9:42:22.319798601,T,98.07,100,98.21,100,TGT
2025-12-31,9:42:22.320174537,T,98.07,100,98.19,100,TGT
2025-12-31,9:42:22.528014593,T,98.07,100,98.14,100,TGT
2025-12-31,9:42:22.528590982,T,98.07,100,98.14,200,TGT
2025-12-31,9:42:25.355505598,T,97.99,100,98.14,200,TGT
2025-12-31,9:42:25.355525654,T,97.99,100,98.11,100,TGT
2025-12-31,9:42:25.355565812,T,97.99,100,98.11,200,TGT
2025-12-31,9:42:25.355575775,T,97.99,100,98.1,100,TGT
2025-12-31,9:42:25.355615939,T,97.99,100,98.1,200,TGT
2025-12-31,9:42:25.355655985,T,97.99,100,98.1,300,TGT
2025-12-31,9:42:25.356072039,T,97.93,300,98.1,300,TGT
2025-12-31,9:42:25.356262403,T,97.93,200,98.1,300,TGT
2025-12-31,9:42:25.356548113,T,98.01,100,98.1,300,TGT
2025-12-31,9:42:25.356613291,T,98.01,200,98.1,300,TGT
2025-12-31,9:42:25.356698466,T,98.01,300,98.1,300,TGT
2025-12-31,9:42:25.356733599,T,98.01,300,98.1,200,TGT
2025-12-31,9:42:25.356738532,T,98.01,200,98.1,200,TGT
2025-12-31,9:42:25.356738532,T,98.04,100,98.1,200,TGT
2025-12-31,9:42:25.356763645,T,98.04,300,98.1,200,TGT
2025-12-31,9:42:25.357014209,T,98.04,200,98.1,200,TGT
2025-12-31,9:42:25.357014209,T,97.93,200,98.1,200,TGT
2025-12-31,9:42:25.357034253,T,97.93,200,98.1,300,TGT
2025-12-31,9:42:25.357034253,T,97.93,200,98.06,100,TGT
2025-12-31,9:42:25.357069339,T,97.93,200,98.06,200,TGT
2025-12-31,9:42:25.357319974,T,98.0,100,98.06,200,TGT
2025-12-31,9:42:25.357590587,T,98.0,100,98.06,100,TGT
2025-12-31,9:42:25.360562623,T,98.01,100,98.06,100,TGT
2025-12-31,9:42:25.360582768,T,98.01,200,98.06,100,TGT
2025-12-31,9:42:25.554173921,T,98.01,200,98.1,200,TGT
2025-12-31,9:42:25.554178939,T,98.01,200,98.1,100,TGT
2025-12-31,9:42:25.554198924,T,98.03,100,98.1,100,TGT
2025-12-31,9:42:25.554198924,T,98.05,100,98.1,100,TGT
2025-12-31,9:42:25.554985803,T,98.06,100,98.1,100,TGT
2025-12-31,9:42:25.555431871,T,98.06,100,98.1,200,TGT
2025-12-31,9:42:25.715989402,T,98.06,100,98.1,100,TGT
2025-12-31,9:42:27.583683947,T,98.06,100,98.1,200,TGT
2025-12-31,9:42:27.583719080,T,98.06,100,98.1,100,TGT
2025-12-31,9:42:27.781941304,T,98.06,100,98.11,100,TGT
2025-12-31,9:42:27.781956274,T,98.08,100,98.11,100,TGT
2025-12-31,9:42:27.781961351,T,98.09,100,98.11,100,TGT
2025-12-31,9:42:27.782307076,T,98.1,100,98.11,100,TGT
2025-12-31,9:42:27.782627916,T,98.1,100,98.21,100,TGT
2025-12-31,9:42:27.782663002,T,98.1,100,98.19,100,TGT
2025-12-31,9:42:28.731869217,T,98.11,100,98.19,100,TGT
2025-12-31,9:42:28.731889229,T,98.11,200,98.19,100,TGT
2025-12-31,9:42:30.193771936,T,98.11,200,98.21,100,TGT
2025-12-31,9:42:30.193962438,T,98.14,100,98.21,100,TGT
2025-12-31,9:42:31.906757792,T,98.14,200,98.21,100,TGT
2025-12-31,9:42:32.282808758,T,98.14,100,98.21,100,TGT
2025-12-31,9:42:32.282828725,T,98.07,100,98.21,100,TGT
2025-12-31,9:42:32.282848848,T,98.07,100,98.15,100,TGT
2025-12-31,9:42:32.283595631,T,98.07,100,98.15,200,TGT
2025-12-31,9:42:32.283630706,T,98.07,100,98.14,100,TGT
2025-12-31,9:42:32.283650839,T,98.07,100,98.14,200,TGT
2025-12-31,9:42:32.283670739,T,98.07,100,98.13,100,TGT
2025-12-31,9:42:32.283730923,T,98.07,100,98.13,200,TGT
2025-12-31,9:42:32.283896300,T,98.07,200,98.13,200,TGT
2025-12-31,9:42:32.284833546,T,98.07,200,98.13,100,TGT
2025-12-31,9:42:32.294260978,T,98.07,200,98.14,200,TGT
2025-12-31,9:42:32.294281069,T,98.12,100,98.14,200,TGT
2025-12-31,9:42:32.294286097,T,98.12,200,98.14,200,TGT
2025-12-31,9:42:32.294306066,T,98.12,100,98.14,200,TGT
2025-12-31,9:42:32.294311165,T,98.12,100,98.14,100,TGT
2025-12-31,9:42:32.294842351,T,98.07,200,98.14,100,TGT
2025-12-31,9:42:32.295604550,T,98.07,100,98.14,100,TGT
2025-12-31,9:42:32.295624201,T,98.07,100,98.13,100,TGT
2025-12-31,9:42:32.295664392,T,98.07,100,98.13,200,TGT
2025-12-31,9:42:32.296245672,T,98.07,100,98.12,100,TGT
2025-12-31,9:42:32.296280788,T,98.07,100,98.12,200,TGT
2025-12-31,9:42:32.297779395,T,98.07,100,98.12,100,TGT
2025-12-31,9:42:32.298125178,T,98.07,100,98.13,200,TGT
2025-12-31,9:42:32.298145289,T,98.1,100,98.13,200,TGT
2025-12-31,9:42:32.298701621,T,98.08,100,98.13,200,TGT
2025-12-31,9:42:32.301247650,T,98.07,100,98.13,200,TGT
2025-12-31,9:42:32.301277735,T,98.07,100,98.13,100,TGT
2025-12-31,9:42:33.365077077,T,98.07,100,98.14,100,TGT
2025-12-31,9:42:33.365097187,T,98.11,100,98.14,100,TGT
2025-12-31,9:42:33.365232452,T,98.11,100,98.21,100,TGT
2025-12-31,9:42:33.365653478,T,98.1,100,98.21,100,TGT
2025-12-31,9:42:33.366039403,T,98.08,100,98.21,100,TGT
2025-12-31,9:42:33.467671534,T,98.07,200,98.21,100,TGT
2025-12-31,9:42:33.467696601,T,98.07,100,98.21,100,TGT
2025-12-31,9:42:33.586970803,T,98.12,100,98.21,100,TGT
2025-12-31,9:42:37.593525489,T,98.12,100,98.16,100,TGT
2025-12-31,9:42:42.638449384,T,98.12,100,98.19,100,TGT
2025-12-31,9:42:42.638469281,T,98.12,100,98.21,100,TGT
2025-12-31,9:42:42.638494401,T,98.13,100,98.21,100,TGT
2025-12-31,9:42:42.638504363,T,98.13,200,98.21,100,TGT
2025-12-31,9:42:42.639145841,T,98.13,200,98.22,100,TGT
2025-12-31,9:42:42.639241126,T,98.13,200,98.21,100,TGT
2025-12-31,9:42:42.645521138,T,98.13,100,98.21,100,TGT
2025-12-31,9:42:42.646703948,T,98.12,200,98.21,100,TGT
2025-12-31,9:42:42.648473108,T,98.12,100,98.21,100,TGT
2025-12-31,9:42:42.928014040,T,98.07,200,98.21,100,TGT
2025-12-31,9:42:45.223041532,T,98.17,100,98.21,100,TGT
2025-12-31,9:42:46.488095231,T,98.17,100,98.24,100,TGT
2025-12-31,9:42:46.488095231,T,98.17,100,98.25,200,TGT
2025-12-31,9:42:46.488125338,T,98.17,100,98.25,100,TGT
2025-12-31,9:42:46.488656561,T,98.17,100,98.2,100,TGT
2025-12-31,9:42:49.810776019,T,98.17,100,98.25,100,TGT
2025-12-31,9:42:49.810791112,T,98.18,100,98.25,100,TGT
2025-12-31,9:42:49.811016631,T,98.18,200,98.25,100,TGT
2025-12-31,9:42:49.811051643,T,98.18,100,98.25,100,TGT
2025-12-31,9:42:49.811347401,T,98.17,100,98.25,100,TGT
2025-12-31,9:42:51.287057917,T,98.07,200,98.25,100,TGT
2025-12-31,9:42:53.278602485,T,98.08,100,98.25,100,TGT
2025-12-31,9:42:53.278652615,T,98.08,100,98.25,200,TGT
2025-12-31,9:42:53.299587509,T,98.07,200,98.25,200,TGT
2025-12-31,9:42:54.114092935,T,98.19,100,98.25,200,TGT
2025-12-31,9:42:56.073465732,T,98.19,100,98.2,100,TGT
2025-12-31,9:42:56.073535921,T,98.19,100,98.2,200,TGT
2025-12-31,9:42:56.073596071,T,98.08,100,98.2,200,TGT
2025-12-31,9:42:56.073616175,T,98.08,100,98.19,100,TGT
2025-12-31,9:42:56.073636236,T,98.1,100,98.19,100,TGT
2025-12-31,9:42:56.073651216,T,98.1,100,98.19,200,TGT
2025-12-31,9:42:56.073846717,T,98.13,300,98.19,200,TGT
2025-12-31,9:42:56.074809656,T,98.13,300,98.19,100,TGT
2025-12-31,9:42:56.074819224,T,98.13,300,98.2,200,TGT
2025-12-31,9:42:56.074834083,T,98.16,100,98.2,200,TGT
2025-12-31,9:42:56.074834083,T,98.16,200,98.2,200,TGT
2025-12-31,9:42:56.074844001,T,98.16,300,98.2,200,TGT
2025-12-31,9:42:56.074844001,T,98.16,300,98.2,100,TGT
2025-12-31,9:42:56.074859105,T,98.19,300,98.2,100,TGT
2025-12-31,9:42:57.526211650,T,98.19,300,98.25,200,TGT
2025-12-31,9:42:58.675494653,T,98.19,300,98.2,500,TGT
2025-12-31,9:42:58.675534673,T,98.18,100,98.2,500,TGT
2025-12-31,9:42:58.675564817,T,98.18,100,98.25,200,TGT
2025-12-31,9:42:58.675574818,T,98.18,100,98.24,100,TGT
2025-12-31,9:42:58.675579804,T,98.18,100,98.21,100,TGT
2025-12-31,9:42:58.675584907,T,98.18,100,98.22,100,TGT
2025-12-31,9:42:58.675624938,T,98.18,100,98.25,200,TGT
2025-12-31,9:42:58.675765243,T,98.18,100,98.22,100,TGT
2025-12-31,9:42:58.675855470,T,98.18,100,98.25,200,TGT
2025-12-31,9:42:58.676000763,T,98.18,100,98.24,100,TGT
2025-12-31,9:42:58.676106081,T,98.18,100,98.25,200,TGT
2025-12-31,9:42:58.676371664,T,98.19,100,98.25,200,TGT
2025-12-31,9:42:58.912038136,T,98.18,100,98.25,200,TGT
2025-12-31,9:42:58.912063150,T,98.19,100,98.25,200,TGT
2025-12-31,9:42:58.912078199,T,98.19,100,98.22,100,TGT
2025-12-31,9:42:58.912153390,T,98.19,100,98.21,100,TGT
2025-12-31,9:42:58.912358858,T,98.19,200,98.21,100,TGT
2025-12-31,9:42:59.126228369,T,98.19,100,98.21,100,TGT
2025-12-31,9:42:59.126228369,T,98.18,100,98.21,100,TGT
2025-12-31,9:42:59.126253492,T,98.18,100,98.2,100,TGT
2025-12-31,9:42:59.126468921,T,98.18,200,98.2,100,TGT
2025-12-31,9:42:59.126478997,T,98.18,200,98.21,100,TGT
2025-12-31,9:42:59.126484069,T,98.18,300,98.21,100,TGT
2025-12-31,9:42:59.126489035,T,98.18,400,98.21,100,TGT
2025-12-31,9:42:59.126494254,T,98.19,300,98.21,100,TGT
2025-12-31,9:42:59.126498991,T,98.19,600,98.21,100,TGT
2025-12-31,9:42:59.126504293,T,98.19,700,98.21,100,TGT
2025-12-31,9:42:59.126504293,T,98.19,800,98.21,100,TGT
2025-12-31,9:42:59.126509110,T,98.19,1000,98.21,100,TGT
2025-12-31,9:42:59.126509110,T,98.19,1100,98.21,100,TGT
2025-12-31,9:42:59.126529284,T,98.19,1100,98.25,200,TGT
2025-12-31,9:42:59.126554252,T,98.2,100,98.25,200,TGT
2025-12-31,9:42:59.126554252,T,98.2,200,98.25,200,TGT
2025-12-31,9:42:59.126554252,T,98.2,300,98.25,200,TGT
2025-12-31,9:42:59.126574207,T,98.2,1100,98.25,200,TGT
2025-12-31,9:42:59.126579369,T,98.2,1200,98.25,200,TGT
2025-12-31,9:42:59.126584256,T,98.2,1500,98.25,200,TGT
2025-12-31,9:42:59.126649340,T,98.2,1600,98.25,200,TGT
2025-12-31,9:42:59.126689454,T,98.2,1700,98.25,200,TGT
2025-12-31,9:42:59.126689454,T,98.2,1800,98.25,200,TGT
2025-12-31,9:42:59.126970209,T,98.2,1900,98.25,200,TGT
2025-12-31,9:42:59.127015275,T,98.2,1900,98.25,100,TGT
2025-12-31,9:42:59.127035746,T,98.21,100,98.25,100,TGT
2025-12-31,9:42:59.127040618,T,98.21,200,98.25,100,TGT
2025-12-31,9:42:59.127040618,T,98.21,300,98.25,100,TGT
2025-12-31,9:42:59.127040618,T,98.21,400,98.25,100,TGT
2025-12-31,9:42:59.127045517,T,98.21,500,98.25,100,TGT
2025-12-31,9:42:59.127045517,T,98.21,600,98.25,100,TGT
2025-12-31,9:42:59.127060366,T,98.21,1900,98.25,100,TGT
2025-12-31,9:42:59.127741993,T,98.21,2000,98.25,100,TGT
2025-12-31,9:42:59.128072781,T,98.22,100,98.25,100,TGT
2025-12-31,9:42:59.128072781,T,98.22,200,98.25,100,TGT
2025-12-31,9:42:59.128078172,T,98.22,300,98.25,100,TGT
2025-12-31,9:42:59.128078172,T,98.22,400,98.25,100,TGT
2025-12-31,9:42:59.128078172,T,98.22,500,98.25,100,TGT
2025-12-31,9:42:59.128078172,T,98.22,600,98.25,100,TGT
2025-12-31,9:42:59.128097896,T,98.22,1900,98.25,100,TGT
2025-12-31,9:42:59.128258198,T,98.22,2000,98.25,100,TGT
2025-12-31,9:43:00.655145884,T,98.22,2100,98.25,100,TGT
2025-12-31,9:43:00.781517465,T,98.22,2000,98.25,100,TGT
2025-12-31,9:43:00.781517465,T,98.22,1900,98.25,100,TGT
2025-12-31,9:43:00.781517465,T,98.22,1800,98.25,100,TGT
2025-12-31,9:43:00.781517465,T,98.22,1700,98.25,100,TGT
2025-12-31,9:43:00.781527258,T,98.22,1600,98.25,100,TGT
2025-12-31,9:43:00.781527258,T,98.22,1500,98.25,100,TGT
2025-12-31,9:43:00.781531930,T,98.22,200,98.25,100,TGT
2025-12-31,9:43:00.781531930,T,98.22,100,98.25,100,TGT
2025-12-31,9:43:00.781536943,T,98.1,200,98.25,100,TGT
2025-12-31,9:43:00.781551935,T,98.1,200,98.23,100,TGT
2025-12-31,9:43:00.781556995,T,98.1,200,98.23,200,TGT
2025-12-31,9:43:00.781556995,T,98.1,200,98.23,300,TGT
2025-12-31,9:43:00.781571995,T,98.1,100,98.23,300,TGT
2025-12-31,9:43:00.781612166,T,98.18,100,98.23,300,TGT
2025-12-31,9:43:00.781617125,T,98.18,100,98.23,400,TGT
2025-12-31,9:43:00.781832668,T,98.18,200,98.23,400,TGT
2025-12-31,9:43:00.781907806,T,98.18,300,98.23,400,TGT
2025-12-31,9:43:00.782023055,T,98.18,300,98.23,300,TGT
2025-12-31,9:43:00.782053226,T,98.18,300,98.23,200,TGT
2025-12-31,9:43:00.782063199,T,98.18,300,98.23,100,TGT
2025-12-31,9:43:00.782068219,T,98.19,100,98.23,100,TGT
2025-12-31,9:43:00.782068219,T,98.19,200,98.23,100,TGT
2025-12-31,9:43:00.782078270,T,98.21,100,98.23,100,TGT
2025-12-31,9:43:00.782083293,T,98.21,200,98.23,100,TGT
2025-12-31,9:43:00.782088265,T,98.21,300,98.23,100,TGT
2025-12-31,9:43:00.782093251,T,98.21,400,98.23,100,TGT
2025-12-31,9:43:00.782113303,T,98.21,400,98.25,100,TGT
2025-12-31,9:43:00.782133427,T,98.21,300,98.25,100,TGT
2025-12-31,9:43:00.782133427,T,98.23,100,98.25,100,TGT
2025-12-31,9:43:00.782138363,T,98.23,200,98.25,100,TGT
2025-12-31,9:43:00.782138363,T,98.23,300,98.25,100,TGT
2025-12-31,9:43:00.782153420,T,98.23,400,98.25,100,TGT
2025-12-31,9:43:00.787692218,T,98.23,300,98.25,100,TGT
2025-12-31,9:43:00.787692218,T,98.23,200,98.25,100,TGT
2025-12-31,9:43:00.787692218,T,98.23,100,98.25,100,TGT
2025-12-31,9:43:00.787696618,T,98.12,100,98.25,100,TGT
2025-12-31,9:43:00.787711652,T,98.12,100,98.24,100,TGT
2025-12-31,9:43:00.787736727,T,98.11,200,98.24,100,TGT
2025-12-31,9:43:00.788272982,T,98.11,200,98.25,100,TGT
2025-12-31,9:43:00.790829131,T,98.11,100,98.25,100,TGT
2025-12-31,9:43:00.867376384,T,98.11,200,98.25,100,TGT
2025-12-31,9:43:02.235164967,T,98.22,100,98.25,100,TGT
2025-12-31,9:43:05.625171071,T,98.22,100,98.33,200,TGT
2025-12-31,9:43:05.625171071,T,98.23,100,98.33,200,TGT
2025-12-31,9:43:05.625191156,T,98.24,100,98.33,200,TGT
2025-12-31,9:43:05.625742435,T,98.22,200,98.33,200,TGT
2025-12-31,9:43:05.626218723,T,98.23,100,98.33,200,TGT
2025-12-31,9:43:05.785482992,T,98.22,100,98.33,200,TGT
2025-12-31,9:43:05.785503284,T,98.22,100,98.25,100,TGT
2025-12-31,9:43:05.785533146,T,98.22,100,98.26,100,TGT
2025-12-31,9:43:05.785718606,T,98.22,400,98.26,100,TGT
2025-12-31,9:43:05.785728596,T,98.22,800,98.26,100,TGT
2025-12-31,9:43:05.785743665,T,98.22,1000,98.26,100,TGT
2025-12-31,9:43:05.786029600,T,98.22,1000,98.33,300,TGT
2025-12-31,9:43:05.786029600,T,98.22,600,98.33,300,TGT
2025-12-31,9:43:05.786034402,T,98.24,300,98.33,300,TGT
2025-12-31,9:43:05.786034402,T,98.24,300,98.33,200,TGT
2025-12-31,9:43:05.786059432,T,98.24,900,98.33,200,TGT
2025-12-31,9:43:05.786059432,T,98.24,900,98.33,300,TGT
2025-12-31,9:43:05.786064388,T,98.24,900,98.33,200,TGT
2025-12-31,9:43:05.911683678,T,98.24,600,98.33,200,TGT
2025-12-31,9:43:05.911688646,T,98.12,100,98.33,200,TGT
2025-12-31,9:43:05.911708823,T,98.12,100,98.25,100,TGT
2025-12-31,9:43:05.911708823,T,98.12,100,98.25,200,TGT
2025-12-31,9:43:05.911708823,T,98.12,100,98.25,300,TGT
2025-12-31,9:43:05.911713936,T,98.12,100,98.25,400,TGT
2025-12-31,9:43:05.911718753,T,98.12,100,98.25,500,TGT
2025-12-31,9:43:05.911828963,T,98.13,100,98.25,500,TGT
2025-12-31,9:43:05.911849384,T,98.13,100,98.25,400,TGT
2025-12-31,9:43:05.911919428,T,98.16,100,98.25,400,TGT
2025-12-31,9:43:05.911934249,T,98.16,200,98.25,400,TGT
2025-12-31,9:43:05.911959451,T,98.24,200,98.25,400,TGT
2025-12-31,9:43:05.911964411,T,98.24,300,98.25,400,TGT
2025-12-31,9:43:05.911984378,T,98.24,100,98.25,400,TGT
2025-12-31,9:43:05.911989354,T,98.13,100,98.25,400,TGT
2025-12-31,9:43:05.911999474,T,98.24,100,98.25,400,TGT
2025-12-31,9:43:05.911999474,T,98.24,100,98.25,500,TGT
2025-12-31,9:43:05.912004483,T,98.13,100,98.25,500,TGT
2025-12-31,9:43:05.912014471,T,98.13,100,98.25,600,TGT
2025-12-31,9:43:05.912024506,T,98.13,100,98.25,500,TGT
2025-12-31,9:43:05.912029480,T,98.24,100,98.25,500,TGT
2025-12-31,9:43:05.912039553,T,98.24,100,98.25,600,TGT
2025-12-31,9:43:05.912039553,T,98.24,100,98.25,700,TGT
2025-12-31,9:43:05.912039553,T,98.13,100,98.25,700,TGT
2025-12-31,9:43:05.912074549,T,98.13,100,98.25,600,TGT
2025-12-31,9:43:05.912089653,T,98.13,100,98.25,700,TGT
2025-12-31,9:43:05.912124721,T,98.13,100,98.25,600,TGT
2025-12-31,9:43:05.912129706,T,98.24,100,98.25,600,TGT
2025-12-31,9:43:05.912149714,T,98.13,100,98.25,600,TGT
2025-12-31,9:43:05.912260052,T,98.13,100,98.25,500,TGT
2025-12-31,9:43:05.912445469,T,98.12,100,98.25,500,TGT
2025-12-31,9:43:05.912776290,T,98.12,100,98.25,400,TGT
2025-12-31,9:43:05.913056956,T,98.12,100,98.25,300,TGT
2025-12-31,9:43:05.913086987,T,98.12,100,98.25,200,TGT
2025-12-31,9:43:05.930659009,T,98.12,100,98.24,100,TGT
2025-12-31,9:43:05.930663888,T,98.12,100,98.23,100,TGT
2025-12-31,9:43:05.931220185,T,98.12,100,98.24,100,TGT
2025-12-31,9:43:05.931946913,T,98.12,100,98.25,200,TGT
2025-12-31,9:43:05.931972036,T,98.12,100,98.24,100,TGT
2025-12-31,9:43:07.703196458,T,98.15,100,98.24,100,TGT
2025-12-31,9:43:09.041008807,T,98.15,100,98.26,100,TGT
2025-12-31,9:43:09.041013532,T,98.15,100,98.24,100,TGT
2025-12-31,9:43:09.041264161,T,98.15,100,98.19,100,TGT
2025-12-31,9:43:09.041274150,T,98.12,100,98.19,100,TGT
2025-12-31,9:43:09.041309248,T,98.11,200,98.19,100,TGT
2025-12-31,9:43:09.041309248,T,98.11,100,98.19,100,TGT
2025-12-31,9:43:09.041329293,T,98.11,100,98.16,100,TGT
2025-12-31,9:43:09.041569841,T,98.13,300,98.16,100,TGT
2025-12-31,9:43:09.041569841,T,98.13,300,98.19,100,TGT
2025-12-31,9:43:09.041584869,T,98.13,400,98.19,100,TGT
2025-12-31,9:43:09.041615337,T,98.13,100,98.19,100,TGT
2025-12-31,9:43:09.041615337,T,98.11,100,98.19,100,TGT
2025-12-31,9:43:09.041619983,T,98.12,100,98.19,100,TGT
2025-12-31,9:43:09.041625049,T,98.12,100,98.21,100,TGT
2025-12-31,9:43:09.041630029,T,98.14,100,98.21,100,TGT
2025-12-31,9:43:09.041640067,T,98.16,400,98.21,100,TGT
2025-12-31,9:43:09.041655026,T,98.14,100,98.21,100,TGT
2025-12-31,9:43:09.041670110,T,98.11,200,98.21,100,TGT
2025-12-31,9:43:09.041680169,T,98.16,400,98.21,100,TGT
2025-12-31,9:43:09.041690120,T,98.11,200,98.21,100,TGT
2025-12-31,9:43:09.041715176,T,98.16,400,98.21,100,TGT
2025-12-31,9:43:09.041715176,T,98.16,400,98.24,100,TGT
2025-12-31,9:43:10.598228318,T,98.17,100,98.24,100,TGT
2025-12-31,9:43:10.598273461,T,98.17,500,98.24,100,TGT
2025-12-31,9:43:12.454771195,T,98.17,100,98.24,100,TGT
2025-12-31,9:43:12.454791262,T,98.18,400,98.24,100,TGT
2025-12-31,9:43:13.023972362,T,98.17,100,98.24,100,TGT
2025-12-31,9:43:13.023992334,T,98.17,100,98.21,100,TGT
2025-12-31,9:43:13.023997270,T,98.17,100,98.19,100,TGT
2025-12-31,9:43:13.024027405,T,98.17,100,98.21,300,TGT
2025-12-31,9:43:13.024037392,T,98.17,100,98.21,200,TGT
2025-12-31,9:43:13.024057486,T,98.17,200,98.21,200,TGT
2025-12-31,9:43:13.024423329,T,98.17,200,98.2,100,TGT
2025-12-31,9:43:13.024438412,T,98.17,100,98.2,100,TGT
2025-12-31,9:43:13.024443409,T,98.07,200,98.2,100,TGT
2025-12-31,9:43:13.024458380,T,98.07,200,98.19,100,TGT
2025-12-31,9:43:13.024463549,T,98.07,200,98.18,100,TGT
2025-12-31,9:43:13.024488468,T,98.07,200,98.18,200,TGT
2025-12-31,9:43:13.024673942,T,98.07,100,98.18,200,TGT
2025-12-31,9:43:13.025255293,T,98.07,100,98.18,300,TGT
2025-12-31,9:43:13.025520993,T,98.07,100,98.18,200,TGT
2025-12-31,9:43:13.028347663,T,98.07,200,98.18,200,TGT
2025-12-31,9:43:13.028367771,T,98.07,200,98.18,100,TGT
2025-12-31,9:43:13.028373115,T,98.07,100,98.18,100,TGT
2025-12-31,9:43:15.009432275,T,98.07,100,98.2,100,TGT
2025-12-31,9:43:15.009452310,T,98.07,200,98.2,100,TGT
2025-12-31,9:43:15.016484159,T,98.07,100,98.2,100,TGT
2025-12-31,9:43:15.047553162,T,98.05,200,98.2,100,TGT
2025-12-31,9:43:15.047773636,T,98.05,200,98.18,100,TGT
2025-12-31,9:43:15.047878901,T,98.05,200,98.17,100,TGT
2025-12-31,9:43:15.048144580,T,98.05,200,98.18,100,TGT
2025-12-31,9:43:15.048405131,T,98.05,200,98.17,100,TGT
2025-12-31,9:43:15.049517818,T,98.02,100,98.17,100,TGT
2025-12-31,9:43:15.054028511,T,98.08,100,98.17,100,TGT
2025-12-31,9:43:15.068392787,T,98.08,100,98.18,100,TGT
2025-12-31,9:43:15.819271626,T,98.08,100,98.2,100,TGT
2025-12-31,9:43:17.006695478,T,98.08,100,98.18,100,TGT
2025-12-31,9:43:17.163328601,T,98.08,100,98.16,100,TGT
2025-12-31,9:43:17.353536770,T,98.08,100,98.18,100,TGT
2025-12-31,9:43:17.354990341,T,98.0,200,98.18,100,TGT
2025-12-31,9:43:17.354995317,T,98.0,100,98.18,100,TGT
2025-12-31,9:43:17.354995317,T,98.0,100,98.16,100,TGT
2025-12-31,9:43:17.355010296,T,98.0,100,98.11,100,TGT
2025-12-31,9:43:17.355015279,T,98.0,100,98.11,200,TGT
2025-12-31,9:43:17.355045404,T,98.0,100,98.11,100,TGT
2025-12-31,9:43:17.355566664,T,98.0,100,98.13,200,TGT
2025-12-31,9:43:17.355802163,T,98.0,100,98.11,100,TGT
2025-12-31,9:43:17.356990061,T,98.0,100,98.13,200,TGT
2025-12-31,9:43:17.357065185,T,98.0,100,98.11,100,TGT
2025-12-31,9:43:17.357446162,T,98.0,100,98.11,200,TGT
2025-12-31,9:43:17.358062556,T,97.98,100,98.11,200,TGT
2025-12-31,9:43:17.358087647,T,97.96,100,98.11,200,TGT
2025-12-31,9:43:17.363325076,T,97.94,300,98.11,200,TGT
2025-12-31,9:43:17.363360197,T,97.94,300,98.1,100,TGT
2025-12-31,9:43:17.363585717,T,97.94,300,98.1,200,TGT
2025-12-31,9:43:17.555568152,T,97.94,300,98.1,100,TGT
2025-12-31,9:43:17.555593183,T,97.94,300,98.11,100,TGT
2025-12-31,9:43:17.556294840,T,97.94,300,98.11,200,TGT
2025-12-31,9:43:18.173234571,T,97.94,300,98.11,100,TGT
2025-12-31,9:43:20.098741723,T,98.01,100,98.11,100,TGT
2025-12-31,9:43:26.651823239,T,98.01,100,98.09,100,TGT
2025-12-31,9:43:27.158465144,T,98.01,100,98.08,100,TGT
2025-12-31,9:43:27.159026540,T,98.01,100,98.09,100,TGT
2025-12-31,9:43:27.207301540,T,98.03,100,98.09,100,TGT
2025-12-31,9:43:27.713447408,T,98.01,100,98.09,100,TGT
2025-12-31,9:43:27.713472665,T,98.01,100,98.06,100,TGT
2025-12-31,9:43:27.713482448,T,98.01,100,98.06,200,TGT
2025-12-31,9:43:27.713492442,T,98.01,100,98.04,100,TGT
2025-12-31,9:43:27.714244264,T,97.94,300,98.04,100,TGT
2025-12-31,9:43:27.714259237,T,97.94,300,98.03,100,TGT
2025-12-31,9:43:27.714489851,T,97.94,300,98.03,200,TGT
2025-12-31,9:43:27.714500144,T,97.94,200,98.03,200,TGT
2025-12-31,9:43:27.714625267,T,97.94,200,98.03,100,TGT
2025-12-31,9:43:27.714645171,T,97.94,200,98.03,200,TGT
2025-12-31,9:43:27.714680267,T,97.94,200,98.02,100,TGT
2025-12-31,9:43:27.714730380,T,97.94,200,98.03,200,TGT
2025-12-31,9:43:27.714830715,T,97.94,200,98.03,100,TGT
2025-12-31,9:43:27.716444495,T,97.94,200,98.04,100,TGT
2025-12-31,9:43:27.717547087,T,97.89,200,98.04,100,TGT
2025-12-31,9:43:29.086458399,T,97.99,100,98.04,100,TGT
2025-12-31,9:43:30.911265616,T,98.0,100,98.04,100,TGT
2025-12-31,9:43:30.957991921,T,98.0,100,98.07,100,TGT
2025-12-31,9:43:30.958011971,T,98.02,100,98.07,100,TGT
2025-12-31,9:43:30.958568297,T,98.0,100,98.07,100,TGT
2025-12-31,9:43:30.958793864,T,98.01,100,98.07,100,TGT
2025-12-31,9:43:30.965068854,T,98.0,200,98.07,100,TGT
2025-12-31,9:43:30.968016046,T,98.0,100,98.07,100,TGT
2025-12-31,9:43:34.460400780,T,98.05,100,98.07,100,TGT
2025-12-31,9:43:34.460721734,T,98.05,100,98.13,100,TGT
2025-12-31,9:43:35.123410264,T,98.05,100,98.14,100,TGT
2025-12-31,9:43:35.914189151,T,98.05,100,98.13,100,TGT
2025-12-31,9:43:37.110419005,T,98.0,100,98.13,100,TGT
2025-12-31,9:43:38.223425425,T,98.08,100,98.13,100,TGT
2025-12-31,9:43:43.771618036,T,98.08,100,98.16,100,TGT
2025-12-31,9:43:44.346262069,T,98.08,100,98.11,100,TGT
2025-12-31,9:43:45.519261533,T,98.08,200,98.11,100,TGT
2025-12-31,9:43:46.451988656,T,98.08,200,98.16,100,TGT
2025-12-31,9:43:46.452008648,T,98.09,100,98.16,100,TGT
2025-12-31,9:43:46.452023644,T,98.09,100,98.18,200,TGT
2025-12-31,9:43:46.452043684,T,98.09,200,98.18,200,TGT
2025-12-31,9:43:46.452479784,T,98.1,100,98.18,200,TGT
2025-12-31,9:43:46.452640096,T,98.09,100,98.18,200,TGT
2025-12-31,9:43:46.452670152,T,98.09,100,98.17,100,TGT
2025-12-31,9:43:46.453026014,T,98.09,100,98.21,200,TGT
2025-12-31,9:43:46.453046087,T,98.1,100,98.21,200,TGT
2025-12-31,9:43:46.453051067,T,98.1,100,98.12,100,TGT
2025-12-31,9:43:46.453056458,T,98.1,100,98.17,100,TGT
2025-12-31,9:43:46.453061148,T,98.1,100,98.2,100,TGT
2025-12-31,9:43:46.453066117,T,98.09,100,98.2,100,TGT
2025-12-31,9:43:46.453076119,T,98.09,100,98.21,200,TGT
2025-12-31,9:43:46.453131271,T,98.09,100,98.2,100,TGT
2025-12-31,9:43:46.471219370,T,98.08,300,98.2,100,TGT
2025-12-31,9:43:46.474482214,T,98.08,200,98.2,100,TGT
2025-12-31,9:43:47.932099701,T,98.08,100,98.2,100,TGT
2025-12-31,9:43:48.184480936,T,98.08,100,98.21,200,TGT
2025-12-31,9:43:48.185062292,T,98.08,100,98.2,100,TGT
2025-12-31,9:43:48.617146624,T,98.09,100,98.2,100,TGT
2025-12-31,9:43:48.617176784,T,98.09,100,98.21,200,TGT
2025-12-31,9:43:48.617397310,T,98.09,100,98.2,100,TGT
2025-12-31,9:43:48.785141858,T,98.09,100,98.21,200,TGT
2025-12-31,9:43:49.532818148,T,98.09,100,98.2,100,TGT
2025-12-31,9:43:49.819496051,T,98.1,100,98.2,100,TGT
2025-12-31,9:43:49.819531083,T,98.1,100,98.21,200,TGT
2025-12-31,9:43:49.819756720,T,98.1,100,98.2,100,TGT
2025-12-31,9:43:50.536418934,T,98.1,100,98.21,200,TGT
2025-12-31,9:43:50.723875485,T,98.1,100,98.2,100,TGT
2025-12-31,9:43:51.100888719,T,98.1,100,98.17,100,TGT
2025-12-31,9:43:51.100943830,T,98.1,100,98.2,100,TGT
2025-12-31,9:43:51.101936211,T,98.1,100,98.17,100,TGT
2025-12-31,9:43:51.101976275,T,98.09,100,98.17,100,TGT
2025-12-31,9:43:51.101996401,T,98.09,100,98.13,100,TGT
2025-12-31,9:43:51.102001378,T,98.09,100,98.13,200,TGT
2025-12-31,9:43:51.102016711,T,98.09,100,98.13,100,TGT
2025-12-31,9:43:51.102547704,T,98.09,100,98.14,100,TGT
2025-12-31,9:43:51.109033145,T,98.09,100,98.15,100,TGT
2025-12-31,9:43:51.202676163,T,98.09,100,98.16,100,TGT
2025-12-31,9:43:51.304553848,T,98.09,100,98.17,100,TGT
2025-12-31,9:43:52.608750948,T,98.09,100,98.2,100,TGT
2025-12-31,9:43:52.609758360,T,98.09,100,98.17,100,TGT
2025-12-31,9:43:52.613647605,T,98.09,100,98.2,100,TGT
2025-12-31,9:43:52.614594861,T,98.09,100,98.17,100,TGT
2025-12-31,9:43:53.158009422,T,98.09,100,98.2,100,TGT
2025-12-31,9:43:53.159623254,T,98.09,100,98.21,200,TGT
2025-12-31,9:43:53.159633366,T,98.1,100,98.21,200,TGT
2025-12-31,9:43:53.159643482,T,98.11,100,98.21,200,TGT
2025-12-31,9:43:53.159648321,T,98.12,100,98.21,200,TGT
2025-12-31,9:43:53.159648321,T,98.13,100,98.21,200,TGT
2025-12-31,9:43:53.159663503,T,98.13,100,98.21,100,TGT
2025-12-31,9:43:53.159663503,T,98.12,100,98.21,100,TGT
2025-12-31,9:43:53.159688465,T,98.13,100,98.21,100,TGT
2025-12-31,9:43:53.159823779,T,98.12,100,98.21,100,TGT
2025-12-31,9:43:53.160209640,T,98.14,100,98.21,100,TGT
2025-12-31,9:43:53.160214661,T,98.17,100,98.21,100,TGT
2025-12-31,9:43:53.160234713,T,98.15,100,98.21,100,TGT
2025-12-31,9:43:53.160244724,T,98.17,100,98.21,100,TGT
2025-12-31,9:43:53.167246481,T,98.15,100,98.21,100,TGT
2025-12-31,9:43:53.260949646,T,98.14,100,98.21,100,TGT
2025-12-31,9:43:53.260979786,T,98.12,100,98.21,100,TGT
2025-12-31,9:43:53.391515737,T,98.18,100,98.21,100,TGT
2025-12-31,9:43:56.167709450,T,98.18,100,98.24,100,TGT
2025-12-31,9:43:56.167714480,T,98.18,100,98.25,100,TGT
2025-12-31,9:43:56.167734540,T,98.19,100,98.25,100,TGT
2025-12-31,9:43:56.167744856,T,98.19,100,98.28,100,TGT
2025-12-31,9:43:56.167764687,T,98.19,200,98.28,100,TGT
2025-12-31,9:43:56.168290895,T,98.19,100,98.28,100,TGT
2025-12-31,9:43:56.176094519,T,98.18,100,98.28,100,TGT
2025-12-31,9:43:56.181652754,T,98.19,100,98.28,100,TGT
2025-12-31,9:43:56.221056635,T,98.18,100,98.28,100,TGT
2025-12-31,9:43:57.363533423,T,98.12,100,98.28,100,TGT
2025-12-31,9:43:58.169889446,T,98.14,100,98.28,100,TGT
2025-12-31,9:43:58.557683215,T,98.12,100,98.28,100,TGT
2025-12-31,9:43:59.680573313,T,98.2,100,98.28,100,TGT
2025-12-31,9:44:04.195529314,T,98.12,100,98.28,100,TGT
2025-12-31,9:44:04.195549316,T,98.12,100,98.23,100,TGT
2025-12-31,9:44:04.195564389,T,98.12,100,98.23,200,TGT
2025-12-31,9:44:04.195594454,T,98.12,100,98.23,100,TGT
2025-12-31,9:44:04.196105655,T,98.12,100,98.24,200,TGT
2025-12-31,9:44:04.196842501,T,98.12,100,98.24,100,TGT
2025-12-31,9:44:04.199834554,T,98.12,100,98.25,100,TGT
2025-12-31,9:44:04.205813870,T,98.12,100,98.28,200,TGT
2025-12-31,9:44:04.209116706,T,98.12,100,98.25,100,TGT
2025-12-31,9:44:04.209126727,T,98.12,100,98.28,200,TGT
2025-12-31,9:44:04.211727885,T,98.12,100,98.25,100,TGT
2025-12-31,9:44:04.619604631,T,98.15,100,98.25,100,TGT
2025-12-31,9:44:11.160446989,T,98.15,100,98.24,100,TGT
2025-12-31,9:44:11.160707555,T,98.15,100,98.25,100,TGT
2025-12-31,9:44:15.354453586,T,98.15,200,98.25,100,TGT
2025-12-31,9:44:15.366452146,T,98.15,300,98.25,100,TGT
2025-12-31,9:44:15.366602522,T,98.15,300,98.28,100,TGT
2025-12-31,9:44:15.366622541,T,98.21,100,98.28,100,TGT
2025-12-31,9:44:15.366632520,T,98.21,200,98.28,100,TGT
2025-12-31,9:44:15.366652614,T,98.21,100,98.28,100,TGT
2025-12-31,9:44:15.366662612,T,98.21,200,98.28,100,TGT
2025-12-31,9:44:15.366813049,T,98.22,100,98.28,100,TGT
2025-12-31,9:44:15.367183848,T,98.21,100,98.28,100,TGT
2025-12-31,9:44:15.367409386,T,98.22,100,98.28,100,TGT
2025-12-31,9:44:15.367780314,T,98.22,100,98.36,300,TGT
2025-12-31,9:44:15.369228952,T,98.23,100,98.36,300,TGT
2025-12-31,9:44:15.369243751,T,98.25,100,98.36,300,TGT
2025-12-31,9:44:15.369379126,T,98.25,100,98.36,200,TGT
2025-12-31,9:44:15.369805083,T,98.23,100,98.36,200,TGT
2025-12-31,9:44:16.145658455,T,98.25,200,98.36,200,TGT
2025-12-31,9:44:16.866826679,T,98.25,100,98.36,200,TGT
2025-12-31,9:44:17.995675779,T,98.26,100,98.36,200,TGT
2025-12-31,9:44:22.044957443,T,98.26,100,98.36,300,TGT
2025-12-31,9:44:22.241159872,T,98.25,100,98.36,300,TGT
2025-12-31,9:44:22.241169882,T,98.25,100,98.34,100,TGT
2025-12-31,9:44:22.241179885,T,98.25,100,98.33,100,TGT
2025-12-31,9:44:22.241179885,T,98.25,100,98.3,100,TGT
2025-12-31,9:44:22.241184928,T,98.25,100,98.29,100,TGT
2025-12-31,9:44:22.241184928,T,98.25,100,98.28,100,TGT
2025-12-31,9:44:22.241204968,T,98.25,100,98.28,200,TGT
2025-12-31,9:44:22.241540784,T,98.25,100,98.28,100,TGT
2025-12-31,9:44:22.241736230,T,98.25,100,98.29,100,TGT
2025-12-31,9:44:22.249569872,T,98.25,100,98.33,100,TGT
2025-12-31,9:44:22.356143817,T,98.25,100,98.34,100,TGT
2025-12-31,9:44:23.112621083,T,98.25,100,98.36,300,TGT
2025-12-31,9:44:23.112651209,T,98.25,100,98.36,200,TGT
2025-12-31,9:44:23.586434814,T,98.25,100,98.36,300,TGT
2025-12-31,9:44:23.590143700,T,98.25,100,98.36,200,TGT
2025-12-31,9:44:23.590223838,T,98.25,100,98.36,300,TGT
2025-12-31,9:44:26.003483125,T,98.21,100,98.36,300,TGT
2025-12-31,9:44:26.003507987,T,98.18,100,98.36,300,TGT
2025-12-31,9:44:26.003507987,T,98.18,100,98.34,100,TGT
2025-12-31,9:44:26.003528006,T,98.18,100,98.33,100,TGT
2025-12-31,9:44:26.003528006,T,98.18,100,98.29,100,TGT
2025-12-31,9:44:26.003543060,T,98.18,100,98.29,200,TGT
2025-12-31,9:44:26.003553126,T,98.18,100,98.29,100,TGT
2025-12-31,9:44:26.003813742,T,98.18,100,98.29,200,TGT
2025-12-31,9:44:26.003878812,T,98.18,100,98.29,100,TGT
2025-12-31,9:44:26.004284771,T,98.21,100,98.29,100,TGT
2025-12-31,9:44:26.004560430,T,98.21,100,98.3,200,TGT
2025-12-31,9:44:26.007878379,T,98.22,100,98.3,200,TGT
2025-12-31,9:44:26.011050928,T,98.22,100,98.3,100,TGT
2025-12-31,9:44:26.018674246,T,98.22,100,98.34,100,TGT
2025-12-31,9:44:26.057927592,T,98.22,100,98.36,300,TGT
2025-12-31,9:44:26.205398884,T,98.22,100,98.36,200,TGT
2025-12-31,9:44:29.004707735,T,98.21,100,98.36,200,TGT
2025-12-31,9:44:29.005509713,T,98.21,100,98.34,100,TGT
2025-12-31,9:44:30.192833634,T,98.22,100,98.34,100,TGT
2025-12-31,9:44:30.869866154,T,98.22,100,98.3,100,TGT
2025-12-31,9:44:34.528762870,T,98.21,100,98.3,100,TGT
2025-12-31,9:44:35.599789478,T,98.24,100,98.3,100,TGT
2025-12-31,9:44:39.311321516,T,98.24,100,98.34,100,TGT
2025-12-31,9:44:39.311321516,T,98.24,100,98.36,300,TGT
2025-12-31,9:44:39.311361522,T,98.25,100,98.36,300,TGT
2025-12-31,9:44:39.311381601,T,98.27,100,98.36,300,TGT
