DATE,TIME_M,EX,BID,BIDSIZ,ASK,ASKSIZ,SYM_ROOT
2025-11-14,9:30:01.073427397,T,90.0,100,90.97,200,TGT
2025-11-14,9:30:01.082925035,T,89.92,100,90.97,200,TGT
2025-11-14,9:30:01.083200710,T,90.01,300,90.97,200,TGT
2025-11-14,9:30:01.084979938,T,90.01,300,90.31,100,TGT
2025-11-14,9:30:01.085075196,T,90.01,300,90.23,100,TGT
2025-11-14,9:30:01.093420072,T,90.01,300,90.97,200,TGT
2025-11-14,9:30:01.144977874,T,89.9,100,90.97,200,TGT
2025-11-14,9:30:01.144998294,T,89.9,100,90.05,100,TGT
2025-11-14,9:30:01.145038083,T,89.9,100,90.16,100,TGT
2025-11-14,9:30:01.145068066,T,90.01,100,90.16,100,TGT
2025-11-14,9:30:01.145118219,T,90.01,200,90.16,100,TGT
2025-11-14,9:30:01.145128230,T,90.01,300,90.16,100,TGT
2025-11-14,9:30:01.145238528,T,90.01,400,90.16,100,TGT
2025-11-14,9:30:01.145253606,T,90.01,500,90.16,100,TGT
2025-11-14,9:30:01.145268647,T,90.01,600,90.16,100,TGT
2025-11-14,9:30:01.145408900,T,90.01,700,90.16,100,TGT
2025-11-14,9:30:01.145439122,T,90.01,800,90.16,100,TGT
2025-11-14,9:30:01.145779760,T,90.04,100,90.16,100,TGT
2025-11-14,9:30:01.146266240,T,90.05,100,90.16,100,TGT
2025-11-14,9:30:01.146266240,T,90.05,200,90.16,100,TGT
2025-11-14,9:30:01.146271110,T,90.05,300,90.16,100,TGT
2025-11-14,9:30:01.146276008,T,90.05,400,90.16,100,TGT
2025-11-14,9:30:01.146276008,T,90.05,500,90.16,100,TGT
2025-11-14,9:30:01.146276008,T,90.05,600,90.16,100,TGT
2025-11-14,9:30:01.146281318,T,90.05,700,90.16,100,TGT
2025-11-14,9:30:01.146285987,T,90.05,800,90.16,100,TGT
2025-11-14,9:30:01.147478932,T,90.13,100,90.16,100,TGT
2025-11-14,9:30:01.147478932,T,90.13,200,90.16,100,TGT
2025-11-14,9:30:01.147478932,T,90.13,300,90.16,100,TGT
2025-11-14,9:30:01.147483866,T,90.13,400,90.16,100,TGT
2025-11-14,9:30:01.147483866,T,90.13,500,90.16,100,TGT
2025-11-14,9:30:01.147483866,T,90.13,600,90.16,100,TGT
2025-11-14,9:30:01.147488925,T,90.13,700,90.16,100,TGT
2025-11-14,9:30:01.147493928,T,90.13,800,90.16,100,TGT
2025-11-14,9:30:01.147508980,T,90.13,700,90.16,100,TGT
2025-11-14,9:30:01.147508980,T,90.13,600,90.16,100,TGT
2025-11-14,9:30:01.147524001,T,90.13,500,90.16,100,TGT
2025-11-14,9:30:01.147524001,T,90.13,400,90.16,100,TGT
2025-11-14,9:30:01.147528971,T,90.13,400,90.97,200,TGT
2025-11-14,9:30:01.147538981,T,90.13,300,90.97,200,TGT
2025-11-14,9:30:01.147538981,T,90.13,200,90.97,200,TGT
2025-11-14,9:30:01.147548987,T,90.13,100,90.97,200,TGT
2025-11-14,9:30:01.147559080,T,90.04,100,90.97,200,TGT
2025-11-14,9:30:01.147764493,T,90.16,100,90.97,200,TGT
2025-11-14,9:30:01.147809692,T,90.04,100,90.97,200,TGT
2025-11-14,9:30:01.150831899,T,90.04,100,90.62,100,TGT
2025-11-14,9:30:01.159442399,T,90.04,100,90.65,100,TGT
2025-11-14,9:30:01.166123232,T,90.01,100,90.65,100,TGT
2025-11-14,9:30:01.185374124,T,90.04,100,90.65,100,TGT
2025-11-14,9:30:01.185484400,T,90.01,100,90.65,100,TGT
2025-11-14,9:30:01.185514436,T,90.01,100,90.55,100,TGT
2025-11-14,9:30:01.185519527,T,90.01,100,90.2,100,TGT
2025-11-14,9:30:01.185770081,T,90.01,100,90.55,100,TGT
2025-11-14,9:30:01.186551938,T,90.01,100,90.62,100,TGT
2025-11-14,9:30:01.205637383,T,90.01,100,90.65,100,TGT
2025-11-14,9:30:01.367347667,T,90.01,100,90.55,100,TGT
2025-11-14,9:30:01.367352803,T,89.9,100,90.55,100,TGT
2025-11-14,9:30:01.367382808,T,89.9,100,90.25,100,TGT
2025-11-14,9:30:01.367568249,T,89.99,100,90.25,100,TGT
2025-11-14,9:30:01.367803771,T,89.99,200,90.25,100,TGT
2025-11-14,9:30:01.367838805,T,90.01,100,90.25,100,TGT
2025-11-14,9:30:01.367863893,T,89.99,100,90.25,100,TGT
2025-11-14,9:30:01.367863893,T,89.9,100,90.25,100,TGT
2025-11-14,9:30:01.367889028,T,90.01,200,90.25,100,TGT
2025-11-14,9:30:01.367899042,T,90.01,200,90.13,100,TGT
2025-11-14,9:30:01.368099443,T,90.01,100,90.13,100,TGT
2025-11-14,9:30:01.368134528,T,89.9,100,90.13,100,TGT
2025-11-14,9:30:01.387891654,T,89.9,100,90.55,100,TGT
2025-11-14,9:30:01.388312648,T,89.9,100,90.65,100,TGT
2025-11-14,9:30:01.442346397,T,90.02,100,90.65,100,TGT
2025-11-14,9:30:01.462344050,T,89.9,100,90.65,100,TGT
2025-11-14,9:30:01.898007018,T,89.9,100,90.53,100,TGT
2025-11-14,9:30:01.953158433,T,89.9,100,90.53,200,TGT
2025-11-14,9:30:02.010956105,T,89.9,100,90.53,100,TGT
2025-11-14,9:30:02.189305979,T,89.9,100,90.2,100,TGT
2025-11-14,9:30:02.189341092,T,89.9,100,90.15,100,TGT
2025-11-14,9:30:02.189346057,T,89.9,100,90.07,100,TGT
2025-11-14,9:30:02.189436303,T,89.9,100,90.07,200,TGT
2025-11-14,9:30:02.189546581,T,89.9,100,90.07,100,TGT
2025-11-14,9:30:02.199344874,T,89.9,100,90.53,100,TGT
2025-11-14,9:30:02.208536813,T,89.9,100,90.24,100,TGT
2025-11-14,9:30:02.208822444,T,89.8,100,90.24,100,TGT
2025-11-14,9:30:02.209609350,T,89.8,100,90.53,100,TGT
2025-11-14,9:30:02.285540819,T,89.58,100,90.53,100,TGT
2025-11-14,9:30:02.285565345,T,89.58,100,90.2,100,TGT
2025-11-14,9:30:02.285595329,T,89.58,100,90.53,100,TGT
2025-11-14,9:30:02.285675565,T,89.9,100,90.53,100,TGT
2025-11-14,9:30:02.286888402,T,89.92,100,90.53,100,TGT
2025-11-14,9:30:02.312614829,T,89.58,100,90.53,100,TGT
2025-11-14,9:30:02.312634795,T,89.58,100,90.2,100,TGT
2025-11-14,9:30:02.312634795,T,89.58,100,90.02,100,TGT
2025-11-14,9:30:02.312664892,T,89.5,100,90.02,100,TGT
2025-11-14,9:30:02.319987263,T,89.5,100,90.1,100,TGT
2025-11-14,9:30:02.332637435,T,89.5,100,90.53,100,TGT
2025-11-14,9:30:02.751655655,T,89.5,100,90.14,400,TGT
2025-11-14,9:30:02.751685678,T,89.9,100,90.14,400,TGT
2025-11-14,9:30:02.758286467,T,89.5,100,90.14,400,TGT
2025-11-14,9:30:02.937714061,T,89.5,100,90.53,100,TGT
2025-11-14,9:30:02.937738998,T,89.5,100,90.0,400,TGT
2025-11-14,9:30:02.937743983,T,89.5,100,90.0,300,TGT
2025-11-14,9:30:02.937774069,T,89.5,100,90.53,100,TGT
2025-11-14,9:30:02.937794086,T,89.9,100,90.53,100,TGT
2025-11-14,9:30:02.957917006,T,89.5,100,90.53,100,TGT
2025-11-14,9:30:02.997551511,T,89.58,100,90.53,100,TGT
2025-11-14,9:30:05.133184233,T,89.88,100,90.53,100,TGT
2025-11-14,9:30:05.372048145,T,89.88,100,90.62,100,TGT
2025-11-14,9:30:05.372088311,T,89.88,100,90.55,100,TGT
2025-11-14,9:30:10.448036112,T,89.93,200,90.55,100,TGT
2025-11-14,9:30:10.448587452,T,89.97,200,90.55,100,TGT
2025-11-14,9:30:10.448672596,T,89.93,200,90.55,100,TGT
2025-11-14,9:30:10.448833018,T,90.02,200,90.55,100,TGT
2025-11-14,9:30:10.448873097,T,89.88,100,90.55,100,TGT
2025-11-14,9:30:10.548941481,T,89.93,200,90.55,100,TGT
2025-11-14,9:30:13.201445774,T,89.88,100,90.55,100,TGT
2025-11-14,9:30:13.201896886,T,89.93,200,90.55,100,TGT
2025-11-14,9:30:13.202052199,T,89.93,200,90.53,100,TGT
2025-11-14,9:30:13.207349835,T,89.88,100,90.53,100,TGT
2025-11-14,9:30:13.207901142,T,89.93,200,90.53,100,TGT
2025-11-14,9:30:14.877373502,T,89.93,200,90.53,200,TGT
2025-11-14,9:30:14.879703930,T,89.93,200,90.17,100,TGT
2025-11-14,9:30:14.879739076,T,89.93,200,90.53,200,TGT
2025-11-14,9:30:14.879759043,T,89.97,100,90.53,200,TGT
2025-11-14,9:30:14.880901858,T,89.96,200,90.53,200,TGT
2025-11-14,9:30:14.880921924,T,89.96,200,90.13,100,TGT
2025-11-14,9:30:14.880941917,T,89.88,100,90.13,100,TGT
2025-11-14,9:30:14.882455533,T,89.93,200,90.13,100,TGT
2025-11-14,9:30:14.882921577,T,89.88,100,90.13,100,TGT
2025-11-14,9:30:14.884580544,T,89.9,100,90.13,100,TGT
2025-11-14,9:30:14.885051668,T,89.97,200,90.13,100,TGT
2025-11-14,9:30:14.885096795,T,89.9,100,90.13,100,TGT
2025-11-14,9:30:14.885397524,T,89.9,100,90.53,200,TGT
2025-11-14,9:30:14.885547869,T,89.97,100,90.53,200,TGT
2025-11-14,9:30:14.885562903,T,90.05,200,90.53,200,TGT
2025-11-14,9:30:14.885638159,T,90.05,200,90.53,300,TGT
2025-11-14,9:30:14.886029063,T,89.88,100,90.53,300,TGT
2025-11-14,9:30:14.886700687,T,89.88,100,90.53,200,TGT
2025-11-14,9:30:14.887507581,T,89.88,100,90.53,100,TGT
2025-11-14,9:30:14.904658449,T,89.88,100,89.97,200,TGT
2025-11-14,9:30:14.904688540,T,89.88,100,90.53,100,TGT
2025-11-14,9:30:14.904878991,T,89.88,200,90.53,100,TGT
2025-11-14,9:30:14.905089459,T,89.88,200,90.53,200,TGT
2025-11-14,9:30:14.905094460,T,89.88,200,90.53,300,TGT
2025-11-14,9:30:14.905224709,T,89.88,200,90.53,400,TGT
2025-11-14,9:30:14.905264855,T,89.88,200,90.17,100,TGT
2025-11-14,9:30:14.915268668,T,89.88,200,90.53,200,TGT
2025-11-14,9:30:14.927512822,T,89.88,100,90.53,200,TGT
2025-11-14,9:30:14.949154367,T,89.88,100,90.53,100,TGT
2025-11-14,9:30:15.005869562,T,89.9,100,90.53,100,TGT
2025-11-14,9:30:15.091698951,T,89.91,100,90.53,100,TGT
2025-11-14,9:30:15.093297778,T,89.88,100,90.53,100,TGT
2025-11-14,9:30:15.169594553,T,89.9,100,90.53,100,TGT
2025-11-14,9:30:15.171829864,T,89.88,100,90.53,100,TGT
2025-11-14,9:30:15.193376252,T,89.9,100,90.53,100,TGT
2025-11-14,9:30:16.537473502,T,89.9,100,90.5,100,TGT
2025-11-14,9:30:16.537503544,T,89.9,100,90.5,200,TGT
2025-11-14,9:30:16.537533556,T,89.9,100,90.5,100,TGT
2025-11-14,9:30:16.537563644,T,89.9,100,90.5,200,TGT
2025-11-14,9:30:18.014151375,T,89.88,100,90.5,200,TGT
2025-11-14,9:30:18.571599435,T,89.88,100,90.5,100,TGT
2025-11-14,9:30:19.071806169,T,89.88,100,90.53,100,TGT
2025-11-14,9:30:19.073455151,T,89.88,100,90.4,100,TGT
2025-11-14,9:30:21.346405133,T,89.88,100,89.99,700,TGT
2025-11-14,9:30:21.472019473,T,89.88,100,89.99,800,TGT
2025-11-14,9:30:21.472360240,T,89.62,100,89.99,800,TGT
2025-11-14,9:30:21.473242360,T,89.62,100,89.99,700,TGT
2025-11-14,9:30:21.473583116,T,89.5,300,89.99,700,TGT
2025-11-14,9:30:21.497495182,T,89.5,300,89.99,800,TGT
2025-11-14,9:30:21.508165513,T,89.5,300,89.99,700,TGT
2025-11-14,9:30:21.633509145,T,89.5,300,89.89,700,TGT
2025-11-14,9:30:21.698930058,T,89.5,200,89.89,700,TGT
2025-11-14,9:30:24.257365307,T,89.5,200,89.89,800,TGT
2025-11-14,9:30:24.258297502,T,89.5,200,89.89,900,TGT
2025-11-14,9:30:24.258387781,T,89.5,200,89.89,800,TGT
2025-11-14,9:30:24.267544600,T,89.5,200,89.89,700,TGT
2025-11-14,9:30:24.349204054,T,89.5,200,89.8,100,TGT
2025-11-14,9:30:24.349830566,T,89.5,300,89.8,100,TGT
2025-11-14,9:30:24.359202892,T,89.5,300,89.89,700,TGT
2025-11-14,9:30:24.360225307,T,89.5,200,89.89,700,TGT
2025-11-14,9:30:24.360526103,T,89.5,200,89.89,800,TGT
2025-11-14,9:30:24.360856810,T,89.5,200,89.89,900,TGT
2025-11-14,9:30:24.384924235,T,89.5,200,89.89,800,TGT
2025-11-14,9:30:26.817309130,T,89.5,200,89.89,700,TGT
2025-11-14,9:30:27.953581192,T,89.5,200,89.89,800,TGT
2025-11-14,9:30:27.955671237,T,89.5,300,89.89,800,TGT
2025-11-14,9:30:27.960613005,T,89.5,300,89.89,700,TGT
2025-11-14,9:30:28.654741579,T,89.5,400,89.89,700,TGT
2025-11-14,9:30:42.328648438,T,89.5,500,89.89,700,TGT
2025-11-14,9:30:42.330968988,T,89.5,400,89.89,700,TGT
2025-11-14,9:30:42.331019026,T,89.57,100,89.89,700,TGT
2025-11-14,9:30:45.861199337,T,89.57,100,89.89,600,TGT
2025-11-14,9:30:45.861199337,T,89.72,100,89.89,600,TGT
2025-11-14,9:30:45.861219679,T,89.72,100,89.89,500,TGT
2025-11-14,9:30:45.861219679,T,89.72,100,89.89,400,TGT
2025-11-14,9:30:45.861224372,T,89.72,100,89.89,100,TGT
2025-11-14,9:30:45.861224372,T,89.72,100,89.93,100,TGT
2025-11-14,9:30:45.861234442,T,89.73,100,89.93,100,TGT
2025-11-14,9:30:45.861369729,T,89.73,100,89.99,800,TGT
2025-11-14,9:30:45.861630295,T,89.82,100,89.99,800,TGT
2025-11-14,9:30:45.861916074,T,89.82,100,89.99,700,TGT
2025-11-14,9:30:45.861926059,T,89.82,100,89.99,800,TGT
2025-11-14,9:30:45.861956366,T,89.82,100,89.99,700,TGT
2025-11-14,9:30:45.862006184,T,89.82,100,89.99,800,TGT
2025-11-14,9:30:45.862086395,T,89.82,100,89.99,700,TGT
2025-11-14,9:30:45.862121585,T,89.82,100,89.99,800,TGT
2025-11-14,9:30:45.862131532,T,89.82,100,89.99,700,TGT
2025-11-14,9:30:45.862161560,T,89.82,100,89.99,800,TGT
2025-11-14,9:30:45.862171610,T,89.82,100,89.99,900,TGT
2025-11-14,9:30:45.862171610,T,89.82,100,89.99,1000,TGT
2025-11-14,9:30:45.862186634,T,89.82,100,89.96,100,TGT
2025-11-14,9:30:45.862211764,T,89.82,100,89.96,200,TGT
2025-11-14,9:30:45.862261986,T,89.82,100,89.96,100,TGT
2025-11-14,9:30:45.862261986,T,89.82,100,89.99,700,TGT
2025-11-14,9:30:45.862316957,T,89.82,100,89.99,800,TGT
2025-11-14,9:30:45.862332012,T,89.82,100,89.96,100,TGT
2025-11-14,9:30:45.862542459,T,89.82,100,89.99,800,TGT
2025-11-14,9:30:45.862572583,T,89.82,100,89.99,700,TGT
2025-11-14,9:30:45.862778132,T,89.82,100,89.99,800,TGT
2025-11-14,9:30:45.862838199,T,89.82,100,89.99,700,TGT
2025-11-14,9:30:45.862863418,T,89.84,100,89.99,700,TGT
2025-11-14,9:30:45.863890679,T,89.82,100,89.99,700,TGT
2025-11-14,9:30:45.864036037,T,89.82,100,89.99,200,TGT
2025-11-14,9:30:45.864036037,T,89.82,100,90.54,100,TGT
2025-11-14,9:30:45.864061111,T,89.82,100,90.65,100,TGT
2025-11-14,9:30:45.864081225,T,89.89,100,90.65,100,TGT
2025-11-14,9:30:45.864101280,T,89.82,100,90.65,100,TGT
2025-11-14,9:30:45.871709601,T,89.79,100,90.65,100,TGT
2025-11-14,9:30:45.871709601,T,89.73,100,90.65,100,TGT
2025-11-14,9:30:45.871919878,T,89.72,100,90.65,100,TGT
2025-11-14,9:30:45.881372340,T,89.5,300,90.65,100,TGT
2025-11-14,9:30:48.107195278,T,89.5,300,90.08,100,TGT
2025-11-14,9:30:48.111425080,T,89.66,100,90.08,100,TGT
2025-11-14,9:30:48.115494830,T,89.5,300,90.08,100,TGT
2025-11-14,9:30:48.117389334,T,89.5,300,90.11,100,TGT
2025-11-14,9:30:48.117389334,T,89.5,300,90.55,100,TGT
2025-11-14,9:30:48.117389334,T,89.5,300,90.65,200,TGT
2025-11-14,9:30:48.185566749,T,89.5,300,90.65,100,TGT
2025-11-14,9:30:49.087049467,T,89.5,400,90.65,100,TGT
2025-11-14,9:30:49.208313352,T,89.5,400,90.55,100,TGT
2025-11-14,9:30:50.352549481,T,89.5,400,90.1,300,TGT
2025-11-14,9:30:52.837143738,T,89.5,400,90.55,100,TGT
2025-11-14,9:30:56.402663125,T,89.5,400,90.51,100,TGT
2025-11-14,9:31:01.150990475,T,89.5,400,90.41,100,TGT
2025-11-14,9:31:02.468940673,T,89.55,200,90.41,100,TGT
2025-11-14,9:31:02.468940673,T,89.55,200,90.1,200,TGT
2025-11-14,9:31:02.650387621,T,89.63,100,90.1,200,TGT
2025-11-14,9:31:04.081742668,T,89.63,100,90.1,300,TGT
2025-11-14,9:31:05.836874094,T,89.74,100,90.1,300,TGT
2025-11-14,9:31:05.836874094,T,89.81,100,90.1,300,TGT
2025-11-14,9:31:05.836899144,T,89.82,100,90.1,300,TGT
2025-11-14,9:31:05.838207316,T,89.82,100,90.08,200,TGT
2025-11-14,9:31:05.838262447,T,89.82,100,90.1,300,TGT
2025-11-14,9:31:05.838493020,T,89.82,100,90.1,200,TGT
2025-11-14,9:31:05.839335002,T,89.74,100,90.1,200,TGT
2025-11-14,9:31:05.839335002,T,89.82,100,90.1,200,TGT
2025-11-14,9:31:05.843900834,T,89.74,100,90.1,200,TGT
2025-11-14,9:31:05.848015707,T,89.74,100,90.08,300,TGT
2025-11-14,9:31:06.036870525,T,89.55,200,90.08,300,TGT
2025-11-14,9:31:06.223620628,T,89.5,400,90.08,300,TGT
2025-11-14,9:31:06.223625507,T,89.65,200,90.08,300,TGT
2025-11-14,9:31:07.462852711,T,89.5,400,90.08,300,TGT
2025-11-14,9:31:07.462857685,T,89.73,200,90.08,300,TGT
2025-11-14,9:31:07.577981915,T,89.73,200,89.98,300,TGT
2025-11-14,9:31:07.587800306,T,89.73,200,89.91,100,TGT
2025-11-14,9:31:07.591298662,T,89.68,100,89.91,100,TGT
2025-11-14,9:31:07.594827117,T,89.68,100,90.1,200,TGT
2025-11-14,9:31:07.606119004,T,89.68,100,89.9,100,TGT
2025-11-14,9:31:07.610344074,T,89.66,200,89.9,100,TGT
2025-11-14,9:31:07.610394190,T,89.67,100,89.9,100,TGT
2025-11-14,9:31:07.618608739,T,89.66,200,89.9,100,TGT
2025-11-14,9:31:07.618653807,T,89.66,300,89.9,100,TGT
2025-11-14,9:31:07.639929495,T,89.66,300,89.86,100,TGT
2025-11-14,9:31:11.454697797,T,89.66,200,89.86,100,TGT
2025-11-14,9:31:11.454838217,T,89.66,300,89.86,100,TGT
2025-11-14,9:31:11.455068731,T,89.66,300,89.82,100,TGT
2025-11-14,9:31:11.455189050,T,89.66,200,89.82,100,TGT
2025-11-14,9:31:11.462406230,T,89.66,200,89.86,100,TGT
2025-11-14,9:31:11.465142728,T,89.5,400,89.86,100,TGT
2025-11-14,9:31:11.465147725,T,89.58,200,89.86,100,TGT
2025-11-14,9:31:11.537460006,T,89.58,200,89.82,100,TGT
2025-11-14,9:31:14.194981336,T,89.58,200,89.82,200,TGT
2025-11-14,9:31:14.345434784,T,89.58,200,89.82,300,TGT
2025-11-14,9:31:14.345645361,T,89.58,200,89.82,200,TGT
2025-11-14,9:31:14.345931040,T,89.58,200,89.82,100,TGT
2025-11-14,9:31:14.365457504,T,89.58,200,89.86,100,TGT
2025-11-14,9:31:19.501649506,T,89.58,200,89.78,200,TGT
2025-11-14,9:31:19.502185380,T,89.58,200,89.86,100,TGT
2025-11-14,9:31:19.736248082,T,89.65,100,89.86,100,TGT
2025-11-14,9:31:24.960463944,T,89.65,100,89.85,100,TGT
2025-11-14,9:31:24.960463944,T,89.65,100,89.78,100,TGT
2025-11-14,9:31:24.960489007,T,89.65,100,89.83,100,TGT
2025-11-14,9:31:24.960679455,T,89.65,100,89.78,100,TGT
2025-11-14,9:31:24.961651790,T,89.64,200,89.78,100,TGT
2025-11-14,9:31:24.961651790,T,89.61,100,89.78,100,TGT
2025-11-14,9:31:24.961677038,T,89.61,100,89.77,100,TGT
2025-11-14,9:31:24.961701805,T,89.61,100,89.75,100,TGT
2025-11-14,9:31:24.961726874,T,89.61,100,89.71,100,TGT
2025-11-14,9:31:24.961771961,T,89.61,100,89.75,100,TGT
2025-11-14,9:31:24.961887264,T,89.5,400,89.75,100,TGT
2025-11-14,9:31:24.962684223,T,89.5,400,89.78,100,TGT
2025-11-14,9:31:24.963055023,T,89.5,300,89.78,100,TGT
2025-11-14,9:31:24.967495665,T,89.5,300,89.82,100,TGT
2025-11-14,9:31:24.978281403,T,89.5,300,89.71,100,TGT
2025-11-14,9:31:24.978301395,T,89.5,300,89.82,100,TGT
2025-11-14,9:31:24.980346247,T,89.5,400,89.82,100,TGT
2025-11-14,9:31:24.980897604,T,89.5,400,89.86,200,TGT
2025-11-14,9:31:25.160465339,T,89.5,400,89.86,100,TGT
2025-11-14,9:31:30.064363462,T,89.5,300,89.86,100,TGT
2025-11-14,9:31:30.064363462,T,89.5,300,89.86,200,TGT
2025-11-14,9:31:30.064398484,T,89.5,300,89.69,100,TGT
2025-11-14,9:31:30.064594397,T,89.5,300,89.66,100,TGT
2025-11-14,9:31:30.064904582,T,89.5,300,89.62,200,TGT
2025-11-14,9:31:30.065140130,T,89.5,300,89.61,200,TGT
2025-11-14,9:31:30.065150124,T,89.5,300,89.76,100,TGT
2025-11-14,9:31:30.065621307,T,89.5,300,89.69,100,TGT
2025-11-14,9:31:30.065651382,T,89.5,300,89.6,100,TGT
2025-11-14,9:31:30.065761677,T,89.5,300,89.76,100,TGT
2025-11-14,9:31:30.065906990,T,89.5,100,89.76,100,TGT
2025-11-14,9:31:30.065911932,T,89.46,200,89.76,100,TGT
2025-11-14,9:31:30.065926956,T,89.46,200,89.69,100,TGT
2025-11-14,9:31:30.065931966,T,89.46,200,89.53,100,TGT
2025-11-14,9:31:30.066323270,T,89.2,100,89.53,100,TGT
2025-11-14,9:31:30.066323270,T,89.36,200,89.53,100,TGT
2025-11-14,9:31:30.067215028,T,89.36,200,89.53,200,TGT
2025-11-14,9:31:30.067245099,T,89.36,200,89.53,100,TGT
2025-11-14,9:31:30.067926806,T,89.5,100,89.53,100,TGT
2025-11-14,9:31:30.067946829,T,89.36,200,89.53,100,TGT
2025-11-14,9:31:30.068708587,T,89.36,200,89.76,200,TGT
2025-11-14,9:31:30.084882108,T,89.36,200,89.76,100,TGT
2025-11-14,9:31:30.084907212,T,89.36,200,89.81,100,TGT
2025-11-14,9:31:30.088089745,T,89.36,200,89.86,200,TGT
2025-11-14,9:31:30.166070564,T,89.36,200,89.69,100,TGT
2025-11-14,9:31:30.978170366,T,89.36,200,89.59,100,TGT
2025-11-14,9:31:30.984766134,T,89.36,200,89.69,100,TGT
2025-11-14,9:31:40.032972641,T,89.36,200,89.51,100,TGT
2025-11-14,9:31:40.033393485,T,89.36,200,89.51,200,TGT
2025-11-14,9:31:40.034009986,T,89.36,200,89.51,100,TGT
2025-11-14,9:31:40.043988797,T,89.36,200,89.69,100,TGT
2025-11-14,9:31:40.076947237,T,89.36,200,89.52,100,TGT
2025-11-14,9:31:41.381796072,T,89.4,100,89.52,100,TGT
2025-11-14,9:31:44.944784465,T,89.4,100,89.69,100,TGT
2025-11-14,9:31:44.944809499,T,89.4,200,89.69,100,TGT
2025-11-14,9:31:44.944844627,T,89.4,100,89.69,100,TGT
2025-11-14,9:31:44.944899727,T,89.4,100,89.77,200,TGT
2025-11-14,9:31:44.945050083,T,89.45,100,89.77,200,TGT
2025-11-14,9:31:44.945075221,T,89.42,100,89.77,200,TGT
2025-11-14,9:31:44.945370898,T,89.42,100,89.77,300,TGT
2025-11-14,9:31:44.945410989,T,89.45,100,89.77,300,TGT
2025-11-14,9:31:44.945516177,T,89.42,100,89.77,300,TGT
2025-11-14,9:31:44.945566578,T,89.4,100,89.77,300,TGT
2025-11-14,9:31:44.945756777,T,89.4,100,89.77,400,TGT
2025-11-14,9:31:44.947079966,T,89.4,100,89.77,500,TGT
2025-11-14,9:31:44.950593328,T,89.42,200,89.77,500,TGT
2025-11-14,9:31:44.955399784,T,89.42,200,89.77,400,TGT
2025-11-14,9:31:44.965087861,T,89.42,200,89.77,500,TGT
2025-11-14,9:31:45.379229467,T,89.42,200,89.77,400,TGT
2025-11-14,9:31:45.618399236,T,89.42,200,89.77,200,TGT
2025-11-14,9:31:46.022161202,T,89.42,200,89.77,100,TGT
2025-11-14,9:31:46.022386813,T,89.42,200,89.86,400,TGT
2025-11-14,9:31:46.022717516,T,89.42,200,89.81,100,TGT
2025-11-14,9:31:47.587139574,T,89.42,200,89.86,400,TGT
2025-11-14,9:31:53.564329545,T,89.4,100,89.86,400,TGT
2025-11-14,9:31:53.564329545,T,89.48,200,89.86,400,TGT
2025-11-14,9:31:53.734444923,T,89.48,200,89.74,100,TGT
2025-11-14,9:31:53.734961037,T,89.48,200,89.86,400,TGT
2025-11-14,9:31:53.738233825,T,89.48,200,89.74,100,TGT
2025-11-14,9:31:53.738288989,T,89.48,200,89.81,100,TGT
2025-11-14,9:31:53.738745037,T,89.48,200,89.86,400,TGT
2025-11-14,9:31:56.820000727,T,89.48,200,89.86,300,TGT
2025-11-14,9:31:56.820025858,T,89.62,100,89.86,300,TGT
2025-11-14,9:31:56.820421688,T,89.62,100,89.86,100,TGT
2025-11-14,9:31:56.820732437,T,89.62,100,89.86,200,TGT
2025-11-14,9:31:56.825819619,T,89.48,200,89.86,200,TGT
2025-11-14,9:31:56.826606487,T,89.48,200,89.86,100,TGT
2025-11-14,9:31:56.826636531,T,89.53,100,89.86,100,TGT
2025-11-14,9:31:56.826857012,T,89.53,200,89.86,100,TGT
2025-11-14,9:31:57.020663707,T,89.53,100,89.86,100,TGT
2025-11-14,9:31:57.020884315,T,89.48,200,89.86,100,TGT
2025-11-14,9:31:57.073188840,T,89.56,100,89.86,100,TGT
2025-11-14,9:31:57.073414457,T,89.56,200,89.86,100,TGT
2025-11-14,9:31:57.312358648,T,89.56,100,89.86,100,TGT
2025-11-14,9:31:57.312574316,T,89.48,200,89.86,100,TGT
2025-11-14,9:31:57.582041091,T,89.56,100,89.86,100,TGT
2025-11-14,9:31:57.584040935,T,89.48,200,89.86,100,TGT
2025-11-14,9:32:00.639029061,T,89.4,100,89.86,100,TGT
2025-11-14,9:32:08.188164079,T,89.4,100,89.86,200,TGT
2025-11-14,9:32:10.083775260,T,89.4,100,89.86,100,TGT
2025-11-14,9:32:11.498420376,T,89.4,100,89.86,200,TGT
2025-11-14,9:32:13.531689232,T,89.4,100,89.86,100,TGT
2025-11-14,9:32:13.531714325,T,89.56,100,89.86,100,TGT
2025-11-14,9:32:13.531744373,T,89.65,100,89.86,100,TGT
2025-11-14,9:32:13.531964896,T,89.65,200,89.86,100,TGT
2025-11-14,9:32:13.532170473,T,89.65,300,89.86,100,TGT
2025-11-14,9:32:13.532180801,T,89.71,100,89.86,100,TGT
2025-11-14,9:32:13.532215520,T,89.68,100,89.86,100,TGT
2025-11-14,9:32:13.532355830,T,89.71,100,89.86,100,TGT
2025-11-14,9:32:13.532506175,T,89.71,100,89.85,100,TGT
2025-11-14,9:32:13.532992446,T,89.68,100,89.85,100,TGT
2025-11-14,9:32:13.533073162,T,89.65,200,89.85,100,TGT
2025-11-14,9:32:13.533092738,T,89.65,200,89.77,100,TGT
2025-11-14,9:32:13.533113157,T,89.65,200,89.86,300,TGT
2025-11-14,9:32:13.533117677,T,89.65,200,89.81,100,TGT
2025-11-14,9:32:13.533122882,T,89.65,200,89.85,100,TGT
2025-11-14,9:32:13.533127765,T,89.65,200,89.86,300,TGT
2025-11-14,9:32:13.533127765,T,89.65,200,89.86,200,TGT
2025-11-14,9:32:13.533147737,T,89.68,100,89.86,200,TGT
2025-11-14,9:32:13.533183168,T,89.65,300,89.86,200,TGT
2025-11-14,9:32:13.533202897,T,89.65,200,89.86,200,TGT
2025-11-14,9:32:13.533353256,T,89.68,100,89.86,200,TGT
2025-11-14,9:32:13.533378371,T,89.65,200,89.86,200,TGT
2025-11-14,9:32:13.533483628,T,89.65,200,89.86,300,TGT
2025-11-14,9:32:13.533488634,T,89.7,100,89.86,300,TGT
2025-11-14,9:32:13.538360416,T,89.7,100,89.85,100,TGT
2025-11-14,9:32:13.538385563,T,89.7,100,89.86,300,TGT
2025-11-14,9:32:13.538385563,T,89.7,100,89.85,100,TGT
2025-11-14,9:32:13.538425300,T,89.7,100,89.86,300,TGT
2025-11-14,9:32:13.542139168,T,89.65,100,89.86,300,TGT
2025-11-14,9:32:13.542204357,T,89.62,100,89.86,300,TGT
2025-11-14,9:32:13.543186708,T,89.62,100,89.86,200,TGT
2025-11-14,9:32:13.543417251,T,89.62,200,89.86,200,TGT
2025-11-14,9:32:13.543707963,T,89.62,300,89.86,200,TGT
2025-11-14,9:32:13.545993366,T,89.62,300,89.86,100,TGT
2025-11-14,9:32:13.550804820,T,89.62,300,89.86,200,TGT
2025-11-14,9:32:13.551561649,T,89.62,300,89.86,100,TGT
2025-11-14,9:32:13.551907475,T,89.62,200,89.86,100,TGT
2025-11-14,9:32:13.554007524,T,89.62,100,89.86,100,TGT
2025-11-14,9:32:13.554358356,T,89.62,100,89.9,100,TGT
2025-11-14,9:32:13.554433494,T,89.62,100,90.0,100,TGT
2025-11-14,9:32:13.554528661,T,89.62,100,90.06,200,TGT
2025-11-14,9:32:13.554779354,T,89.62,200,90.06,200,TGT
2025-11-14,9:32:13.703323244,T,89.62,200,89.98,100,TGT
2025-11-14,9:32:13.703328211,T,89.62,100,89.98,100,TGT
2025-11-14,9:32:13.703548742,T,89.47,100,89.98,100,TGT
2025-11-14,9:32:13.708249989,T,89.47,100,89.95,200,TGT
2025-11-14,9:32:13.708280063,T,89.47,100,89.95,300,TGT
2025-11-14,9:32:13.731826105,T,89.4,100,89.95,300,TGT
2025-11-14,9:32:14.238884192,T,89.4,100,89.75,300,TGT
2025-11-14,9:32:15.851536022,T,89.4,100,89.75,200,TGT
2025-11-14,9:32:16.543860438,T,89.4,100,89.75,400,TGT
2025-11-14,9:32:18.138925367,T,89.46,200,89.75,400,TGT
2025-11-14,9:32:20.110708030,T,89.56,500,89.75,400,TGT
2025-11-14,9:32:20.111133953,T,89.56,600,89.75,400,TGT
2025-11-14,9:32:22.210034352,T,89.56,500,89.75,400,TGT
2025-11-14,9:32:25.403166666,T,89.56,500,89.75,300,TGT
2025-11-14,9:32:25.403166666,T,89.56,500,89.75,200,TGT
2025-11-14,9:32:25.403186696,T,89.56,500,89.95,200,TGT
2025-11-14,9:32:25.403191661,T,89.56,600,89.95,200,TGT
2025-11-14,9:32:25.403196664,T,89.56,600,89.92,100,TGT
2025-11-14,9:32:25.403211720,T,89.71,100,89.92,100,TGT
2025-11-14,9:32:25.403727950,T,89.71,200,89.92,100,TGT
2025-11-14,9:32:25.404309299,T,89.72,100,89.92,100,TGT
2025-11-14,9:32:25.404314281,T,89.74,100,89.92,100,TGT
2025-11-14,9:32:25.413200482,T,89.74,100,90.05,200,TGT
2025-11-14,9:32:25.576725107,T,89.74,200,90.05,200,TGT
2025-11-14,9:32:25.833271298,T,89.74,200,90.02,100,TGT
2025-11-14,9:32:28.506655437,T,89.74,100,90.02,100,TGT
2025-11-14,9:32:28.513236149,T,89.74,100,90.01,100,TGT
2025-11-14,9:32:28.513687226,T,89.56,500,90.01,100,TGT
2025-11-14,9:32:28.521631159,T,89.56,500,90.02,100,TGT
2025-11-14,9:32:28.552038569,T,89.56,500,89.98,100,TGT
2025-11-14,9:32:28.552399392,T,89.63,100,89.98,100,TGT
2025-11-14,9:32:28.552825430,T,89.63,200,89.98,100,TGT
2025-11-14,9:32:28.560418510,T,89.63,200,90.02,100,TGT
2025-11-14,9:32:28.995585205,T,89.63,100,90.02,100,TGT
2025-11-14,9:32:41.879765270,T,89.63,100,89.98,100,TGT
2025-11-14,9:32:41.880186267,T,89.63,100,89.98,200,TGT
2025-11-14,9:32:42.877116475,T,89.63,100,89.98,300,TGT
2025-11-14,9:32:46.256908516,T,89.63,100,89.98,200,TGT
2025-11-14,9:32:46.566631375,T,89.63,100,89.97,100,TGT
2025-11-14,9:32:46.566641344,T,89.56,600,89.97,100,TGT
2025-11-14,9:32:46.567122588,T,89.56,600,89.97,200,TGT
2025-11-14,9:32:46.567538915,T,89.56,600,89.97,300,TGT
2025-11-14,9:32:46.575006279,T,89.56,600,89.97,200,TGT
2025-11-14,9:32:46.609829256,T,89.56,600,89.97,300,TGT
2025-11-14,9:32:46.618209278,T,89.56,600,89.97,200,TGT
2025-11-14,9:32:46.853860703,T,89.56,600,89.97,300,TGT
2025-11-14,9:32:46.862235592,T,89.56,600,89.97,200,TGT
2025-11-14,9:32:46.958921021,T,89.56,600,89.89,100,TGT
2025-11-14,9:32:46.958925937,T,89.56,600,89.81,100,TGT
2025-11-14,9:32:46.959472240,T,89.56,600,89.89,100,TGT
2025-11-14,9:32:46.959497594,T,89.56,600,90.0,100,TGT
2025-11-14,9:32:46.959497594,T,89.65,100,90.0,100,TGT
2025-11-14,9:32:46.959507344,T,89.68,100,90.0,100,TGT
2025-11-14,9:32:46.959507344,T,89.72,100,90.0,100,TGT
2025-11-14,9:32:46.959662760,T,89.72,100,89.96,100,TGT
2025-11-14,9:32:46.959692792,T,89.72,100,89.94,100,TGT
2025-11-14,9:32:46.959702813,T,89.72,100,89.96,100,TGT
2025-11-14,9:32:46.959742944,T,89.68,100,89.96,100,TGT
2025-11-14,9:32:46.959747954,T,89.67,100,89.96,100,TGT
2025-11-14,9:32:46.959747954,T,89.76,100,89.96,100,TGT
2025-11-14,9:32:46.959773116,T,89.76,100,89.81,100,TGT
2025-11-14,9:32:46.959787960,T,89.77,100,89.81,100,TGT
2025-11-14,9:32:46.959793017,T,89.65,100,89.81,100,TGT
2025-11-14,9:32:46.959798296,T,89.68,100,89.81,100,TGT
2025-11-14,9:32:46.959813350,T,89.65,100,89.81,100,TGT
2025-11-14,9:32:46.959818041,T,89.65,100,89.8,100,TGT
2025-11-14,9:32:46.959838096,T,89.68,100,89.8,100,TGT
2025-11-14,9:32:46.959838096,T,89.72,100,89.8,100,TGT
2025-11-14,9:32:46.959868160,T,89.67,100,89.8,100,TGT
2025-11-14,9:32:46.959873202,T,89.68,100,89.8,100,TGT
2025-11-14,9:32:46.959888272,T,89.68,100,89.78,100,TGT
2025-11-14,9:32:46.959948794,T,89.68,100,89.8,100,TGT
2025-11-14,9:32:46.959983441,T,89.67,100,89.8,100,TGT
2025-11-14,9:32:46.960073633,T,89.66,100,89.8,100,TGT
2025-11-14,9:32:46.960103718,T,89.65,100,89.8,100,TGT
2025-11-14,9:32:46.960113785,T,89.66,100,89.8,100,TGT
2025-11-14,9:32:46.960208966,T,89.65,100,89.8,100,TGT
2025-11-14,9:32:46.960449550,T,89.67,100,89.8,100,TGT
2025-11-14,9:32:46.960449550,T,89.65,100,89.8,100,TGT
2025-11-14,9:32:46.960855544,T,89.65,100,89.81,400,TGT
2025-11-14,9:32:46.964654596,T,89.67,100,89.81,400,TGT
2025-11-14,9:32:46.964659578,T,89.65,100,89.81,400,TGT
2025-11-14,9:32:46.964669678,T,89.67,100,89.81,400,TGT
2025-11-14,9:32:46.964689656,T,89.65,100,89.81,400,TGT
2025-11-14,9:32:46.965055526,T,89.65,100,89.81,500,TGT
2025-11-14,9:32:46.965641926,T,89.65,100,89.78,100,TGT
2025-11-14,9:32:46.965666986,T,89.65,100,89.78,200,TGT
2025-11-14,9:32:47.152011199,T,89.65,100,89.78,100,TGT
2025-11-14,9:32:47.152011199,T,89.65,100,90.0,100,TGT
2025-11-14,9:32:47.152031051,T,89.73,100,90.0,100,TGT
2025-11-14,9:32:47.152036072,T,89.75,100,90.0,100,TGT
2025-11-14,9:32:47.153369153,T,89.73,100,90.0,100,TGT
2025-11-14,9:32:47.158897457,T,89.73,100,90.02,100,TGT
2025-11-14,9:32:47.160350881,T,89.66,100,90.02,100,TGT
2025-11-14,9:32:47.160360841,T,89.65,100,90.02,100,TGT
2025-11-14,9:32:47.160421051,T,89.74,100,90.02,100,TGT
2025-11-14,9:32:47.160771890,T,89.65,100,90.02,100,TGT
2025-11-14,9:32:47.352052521,T,89.56,600,90.02,100,TGT
2025-11-14,9:32:47.515542006,T,89.56,500,90.02,100,TGT
2025-11-14,9:32:47.717628621,T,89.56,600,90.02,100,TGT
2025-11-14,9:32:47.717638566,T,89.7,100,90.02,100,TGT
2025-11-14,9:32:47.960281740,T,89.7,200,90.02,100,TGT
2025-11-14,9:32:47.961469499,T,89.7,100,90.02,100,TGT
2025-11-14,9:32:49.551928618,T,89.62,100,90.02,100,TGT
2025-11-14,9:32:49.552429879,T,89.7,100,90.02,100,TGT
2025-11-14,9:32:50.751531575,T,89.66,100,90.02,100,TGT
2025-11-14,9:32:50.752533952,T,89.7,100,90.02,100,TGT
2025-11-14,9:32:51.306844481,T,89.75,100,90.02,100,TGT
2025-11-14,9:32:51.306879546,T,89.75,200,90.02,100,TGT
2025-11-14,9:32:51.306904740,T,89.7,100,90.02,100,TGT
2025-11-14,9:32:51.515872653,T,89.72,100,90.02,100,TGT
2025-11-14,9:32:51.516298471,T,89.72,200,90.02,100,TGT
2025-11-14,9:32:51.759999075,T,89.72,100,90.02,100,TGT
2025-11-14,9:32:51.952517693,T,89.76,100,90.02,100,TGT
2025-11-14,9:32:51.952938685,T,89.76,200,90.02,100,TGT
2025-11-14,9:32:52.326513847,T,89.76,100,90.02,100,TGT
2025-11-14,9:32:52.326809480,T,89.72,100,90.02,100,TGT
2025-11-14,9:32:52.515759616,T,89.7,100,90.02,100,TGT
2025-11-14,9:32:53.516278271,T,89.72,100,90.02,100,TGT
2025-11-14,9:32:53.516303537,T,89.76,100,90.02,100,TGT
2025-11-14,9:32:53.516308247,T,89.72,100,90.02,100,TGT
2025-11-14,9:32:54.515724297,T,89.7,100,90.02,100,TGT
2025-11-14,9:32:55.516072624,T,89.72,100,90.02,100,TGT
2025-11-14,9:32:55.516102589,T,89.77,100,90.02,100,TGT
2025-11-14,9:32:55.516102589,T,89.72,100,90.02,100,TGT
2025-11-14,9:32:56.516285418,T,89.7,100,90.02,100,TGT
2025-11-14,9:32:56.516310565,T,89.69,100,90.02,100,TGT
2025-11-14,9:32:56.516340653,T,89.7,100,90.02,100,TGT
2025-11-14,9:32:57.516047232,T,89.72,100,90.02,100,TGT
2025-11-14,9:32:57.516072256,T,89.75,100,90.02,100,TGT
2025-11-14,9:32:57.516082345,T,89.72,100,90.02,100,TGT
2025-11-14,9:32:58.247740395,T,89.7,100,90.02,100,TGT
2025-11-14,9:32:58.247765448,T,89.72,100,90.02,100,TGT
2025-11-14,9:32:58.248046128,T,89.7,100,90.02,100,TGT
2025-11-14,9:32:58.248071118,T,89.7,100,90.0,100,TGT
2025-11-14,9:32:58.248091194,T,89.69,100,90.0,100,TGT
2025-11-14,9:32:58.248116332,T,89.7,100,90.0,100,TGT
2025-11-14,9:32:58.248161413,T,89.7,100,89.85,100,TGT
2025-11-14,9:32:58.248166373,T,89.7,100,89.86,100,TGT
2025-11-14,9:32:58.248246600,T,89.7,100,89.87,100,TGT
2025-11-14,9:32:58.249339148,T,89.7,100,90.0,100,TGT
2025-11-14,9:32:58.249409500,T,89.7,100,89.98,100,TGT
2025-11-14,9:32:58.249429654,T,89.7,100,90.0,100,TGT
2025-11-14,9:32:58.250196214,T,89.7,100,90.02,200,TGT
2025-11-14,9:32:58.250902950,T,89.7,100,90.0,100,TGT
2025-11-14,9:32:58.255102889,T,89.7,100,90.02,200,TGT
2025-11-14,9:32:58.258886882,T,89.7,100,89.79,100,TGT
2025-11-14,9:32:58.258911938,T,89.69,100,89.79,100,TGT
2025-11-14,9:32:58.259162688,T,89.69,100,90.02,100,TGT
2025-11-14,9:32:58.298215649,T,89.66,100,90.02,100,TGT
2025-11-14,9:32:58.298596588,T,89.66,100,90.0,100,TGT
2025-11-14,9:32:58.298656667,T,89.66,100,90.02,200,TGT
2025-11-14,9:32:58.298721849,T,89.66,100,90.0,100,TGT
2025-11-14,9:32:58.298731826,T,89.66,100,90.02,200,TGT
2025-11-14,9:32:58.298752526,T,89.65,100,90.02,200,TGT
2025-11-14,9:32:58.299072655,T,89.64,200,90.02,200,TGT
2025-11-14,9:32:58.299969804,T,89.64,200,89.9,100,TGT
2025-11-14,9:32:58.300180292,T,89.64,200,89.9,200,TGT
2025-11-14,9:32:58.300190343,T,89.64,200,89.9,300,TGT
2025-11-14,9:32:58.300425935,T,89.64,200,89.87,100,TGT
2025-11-14,9:32:58.301077495,T,89.64,200,89.77,100,TGT
2025-11-14,9:32:58.301102734,T,89.64,200,89.87,100,TGT
2025-11-14,9:32:58.301308023,T,89.64,200,89.9,200,TGT
2025-11-14,9:32:58.301548594,T,89.64,200,89.9,100,TGT
2025-11-14,9:32:58.306816170,T,89.62,100,89.9,100,TGT
2025-11-14,9:32:58.310384570,T,89.62,100,90.02,100,TGT
2025-11-14,9:32:58.311116376,T,89.56,600,90.02,100,TGT
2025-11-14,9:32:58.311141412,T,89.56,600,90.0,100,TGT
2025-11-14,9:32:58.311156427,T,89.56,600,90.02,100,TGT
2025-11-14,9:32:59.730528055,T,89.56,600,89.97,200,TGT
2025-11-14,9:33:03.395970550,T,89.62,100,89.97,200,TGT
2025-11-14,9:33:03.395975447,T,89.65,100,89.97,200,TGT
2025-11-14,9:33:03.395975447,T,89.66,100,89.97,200,TGT
2025-11-14,9:33:03.396005499,T,89.66,200,89.97,200,TGT
2025-11-14,9:33:03.396005499,T,89.73,100,89.97,200,TGT
2025-11-14,9:33:03.396566811,T,89.66,100,89.97,200,TGT
2025-11-14,9:33:03.396652199,T,89.66,100,90.02,100,TGT
2025-11-14,9:33:03.596132306,T,89.56,600,90.02,100,TGT
2025-11-14,9:33:14.236501981,T,89.62,100,90.02,100,TGT
2025-11-14,9:33:17.306631132,T,89.75,1000,90.02,100,TGT
2025-11-14,9:33:17.306751472,T,89.76,100,90.02,100,TGT
2025-11-14,9:33:17.306756390,T,89.78,100,90.02,100,TGT
2025-11-14,9:33:17.306776433,T,89.76,100,90.02,100,TGT
2025-11-14,9:33:17.306776433,T,89.76,200,90.02,100,TGT
2025-11-14,9:33:17.306796446,T,89.78,100,90.02,100,TGT
2025-11-14,9:33:17.307027019,T,89.79,100,90.02,100,TGT
2025-11-14,9:33:17.307272580,T,89.78,100,90.02,100,TGT
2025-11-14,9:33:17.307688584,T,89.78,100,89.94,100,TGT
2025-11-14,9:33:17.307798844,T,89.76,200,89.94,100,TGT
2025-11-14,9:33:17.313788110,T,89.76,100,89.94,100,TGT
2025-11-14,9:33:19.589935735,T,89.76,100,90.02,100,TGT
2025-11-14,9:33:19.589960739,T,89.87,100,90.02,100,TGT
2025-11-14,9:33:19.590537203,T,89.88,100,90.02,100,TGT
2025-11-14,9:33:19.590973351,T,89.88,200,90.02,100,TGT
2025-11-14,9:33:19.590973351,T,89.88,100,90.02,100,TGT
2025-11-14,9:33:19.591008313,T,89.88,100,89.98,1100,TGT
2025-11-14,9:33:19.591028377,T,89.87,200,89.98,1100,TGT
2025-11-14,9:33:19.591053399,T,89.87,200,89.98,700,TGT
2025-11-14,9:33:19.591053399,T,89.87,100,89.98,700,TGT
2025-11-14,9:33:19.591068427,T,89.87,100,90.02,100,TGT
2025-11-14,9:33:19.591088514,T,89.92,100,90.02,100,TGT
2025-11-14,9:33:19.592155991,T,89.87,100,90.02,100,TGT
2025-11-14,9:33:19.690765994,T,89.76,200,90.02,100,TGT
2025-11-14,9:33:19.690791062,T,89.76,100,90.02,100,TGT
2025-11-14,9:33:20.590514934,T,89.91,100,90.02,100,TGT
2025-11-14,9:33:20.690583122,T,89.76,100,90.02,100,TGT
2025-11-14,9:33:20.691575492,T,89.76,200,90.02,100,TGT
2025-11-14,9:33:22.964465250,T,89.85,100,90.02,100,TGT
2025-11-14,9:33:22.964961417,T,89.76,100,90.02,100,TGT
2025-11-14,9:33:22.964986474,T,89.85,100,90.02,100,TGT
2025-11-14,9:33:23.260996634,T,89.76,100,90.02,100,TGT
2025-11-14,9:33:30.569353023,T,89.76,100,90.02,200,TGT
2025-11-14,9:33:36.089108258,T,89.76,100,90.02,100,TGT
2025-11-14,9:33:45.080349031,T,89.79,100,90.02,100,TGT
2025-11-14,9:33:45.328705651,T,89.76,100,90.02,100,TGT
2025-11-14,9:33:45.328705651,T,89.79,100,90.02,100,TGT
2025-11-14,9:33:45.328705651,T,89.82,100,90.02,100,TGT
2025-11-14,9:33:45.328725749,T,89.79,100,90.02,100,TGT
2025-11-14,9:33:45.328730638,T,89.82,100,90.02,100,TGT
2025-11-14,9:33:45.348938823,T,89.76,200,90.02,100,TGT
2025-11-14,9:33:45.348958854,T,89.76,100,90.02,100,TGT
2025-11-14,9:33:45.348988940,T,89.79,100,90.02,100,TGT
2025-11-14,9:33:45.348988940,T,89.82,100,90.02,100,TGT
2025-11-14,9:33:45.349104334,T,89.76,200,90.02,100,TGT
2025-11-14,9:33:45.415251806,T,89.76,200,90.17,200,TGT
2025-11-14,9:33:45.415271968,T,89.78,100,90.17,200,TGT
2025-11-14,9:33:45.415276805,T,89.82,100,90.17,200,TGT
2025-11-14,9:33:45.415291846,T,89.87,100,90.17,200,TGT
2025-11-14,9:33:45.415291846,T,89.92,100,90.17,200,TGT
2025-11-14,9:33:45.415306873,T,89.88,100,90.17,200,TGT
2025-11-14,9:33:45.415316958,T,89.92,100,90.17,200,TGT
2025-11-14,9:33:45.415346971,T,89.88,100,90.17,200,TGT
2025-11-14,9:33:45.415417216,T,89.87,100,90.17,200,TGT
2025-11-14,9:33:45.415482398,T,89.88,100,90.17,200,TGT
2025-11-14,9:33:45.416304349,T,89.87,100,90.17,200,TGT
2025-11-14,9:33:45.431350142,T,89.82,100,90.17,200,TGT
2025-11-14,9:33:45.515400421,T,89.78,100,90.17,200,TGT
2025-11-14,9:33:45.615283295,T,89.76,200,90.17,200,TGT
2025-11-14,9:33:46.359972335,T,89.81,100,90.17,200,TGT
2025-11-14,9:33:50.468159770,T,89.82,100,90.17,200,TGT
2025-11-14,9:33:50.468164801,T,89.85,100,90.17,200,TGT
2025-11-14,9:33:50.468184817,T,89.89,100,90.17,200,TGT
2025-11-14,9:33:50.468189834,T,89.88,100,90.17,200,TGT
2025-11-14,9:33:50.468194889,T,89.89,100,90.17,200,TGT
2025-11-14,9:33:50.468209947,T,89.9,100,90.17,200,TGT
2025-11-14,9:33:50.468420411,T,89.93,100,90.17,200,TGT
2025-11-14,9:33:50.468741239,T,89.94,100,90.17,200,TGT
2025-11-14,9:33:50.468746215,T,89.93,100,90.17,200,TGT
2025-11-14,9:33:50.468781246,T,89.9,100,90.17,200,TGT
2025-11-14,9:33:50.468996799,T,89.89,100,90.17,200,TGT
2025-11-14,9:33:50.469202281,T,89.87,100,90.17,200,TGT
2025-11-14,9:33:50.478449279,T,89.85,100,90.17,200,TGT
2025-11-14,9:33:50.478449279,T,89.82,100,90.17,200,TGT
2025-11-14,9:33:50.545464041,T,89.94,100,90.17,200,TGT
2025-11-14,9:33:50.568333534,T,89.81,100,90.17,200,TGT
2025-11-14,9:33:51.112204215,T,89.82,100,90.17,200,TGT
2025-11-14,9:33:51.112229285,T,89.81,200,90.17,200,TGT
2025-11-14,9:33:51.112234309,T,89.96,100,90.17,200,TGT
2025-11-14,9:33:51.116975589,T,89.96,100,90.5,200,TGT
2025-11-14,9:33:51.116985660,T,89.96,100,90.25,200,TGT
2025-11-14,9:33:51.434507102,T,89.81,100,90.25,200,TGT
2025-11-14,9:33:51.434797788,T,89.88,100,90.25,200,TGT
2025-11-14,9:33:51.434812723,T,89.96,100,90.25,200,TGT
2025-11-14,9:33:51.434812723,T,89.97,100,90.25,200,TGT
2025-11-14,9:33:51.434873009,T,89.97,200,90.25,200,TGT
2025-11-14,9:33:51.434873009,T,89.98,100,90.25,200,TGT
2025-11-14,9:33:51.434898005,T,90.03,100,90.25,200,TGT
2025-11-14,9:33:51.434953160,T,90.03,100,90.25,300,TGT
2025-11-14,9:33:51.435604711,T,90.03,100,90.25,100,TGT
2025-11-14,9:33:51.436727352,T,90.03,200,90.25,100,TGT
2025-11-14,9:33:51.445322764,T,90.03,200,90.35,200,TGT
2025-11-14,9:33:51.451672974,T,90.03,100,90.35,200,TGT
2025-11-14,9:33:51.634924531,T,89.96,100,90.35,200,TGT
2025-11-14,9:33:53.385564974,T,90.04,100,90.35,200,TGT
2025-11-14,9:33:53.769950780,T,89.96,100,90.35,200,TGT
2025-11-14,9:33:53.963787588,T,90.05,100,90.35,200,TGT
2025-11-14,9:33:54.116215744,T,89.96,100,90.35,200,TGT
2025-11-14,9:33:54.520213238,T,90.06,100,90.35,200,TGT
2025-11-14,9:33:54.793078289,T,89.96,100,90.35,200,TGT
2025-11-14,9:33:55.744384897,T,90.0,100,90.35,200,TGT
2025-11-14,9:33:56.547834064,T,90.09,100,90.35,200,TGT
2025-11-14,9:33:56.919319060,T,90.0,100,90.35,200,TGT
2025-11-14,9:33:57.693192657,T,89.96,100,90.35,200,TGT
2025-11-14,9:33:58.892164149,T,89.97,100,90.35,200,TGT
2025-11-14,9:33:58.975638133,T,89.97,100,90.35,300,TGT
2025-11-14,9:33:59.224616294,T,90.11,100,90.35,300,TGT
2025-11-14,9:33:59.289059834,T,89.97,100,90.35,300,TGT
2025-11-14,9:33:59.320614953,T,90.12,100,90.35,300,TGT
2025-11-14,9:33:59.321246509,T,89.97,100,90.35,300,TGT
2025-11-14,9:33:59.512186421,T,89.97,100,90.35,200,TGT
2025-11-14,9:34:00.581794411,T,89.97,100,90.28,100,TGT
2025-11-14,9:34:00.581809544,T,89.97,100,90.25,100,TGT
2025-11-14,9:34:00.581969876,T,89.97,100,90.24,100,TGT
2025-11-14,9:34:00.582125305,T,89.97,100,90.17,100,TGT
2025-11-14,9:34:00.582205394,T,89.97,100,90.23,100,TGT
2025-11-14,9:34:00.582245604,T,89.97,100,90.22,100,TGT
2025-11-14,9:34:00.582666540,T,89.97,100,90.12,100,TGT
2025-11-14,9:34:00.582736729,T,89.97,100,90.22,100,TGT
2025-11-14,9:34:00.582846951,T,89.97,100,90.21,100,TGT
2025-11-14,9:34:00.582887544,T,89.97,100,90.22,100,TGT
2025-11-14,9:34:00.582952419,T,90.07,100,90.22,100,TGT
2025-11-14,9:34:00.583067515,T,90.07,100,90.21,100,TGT
2025-11-14,9:34:00.583112616,T,90.07,100,90.2,100,TGT
2025-11-14,9:34:00.583122623,T,89.97,100,90.2,100,TGT
2025-11-14,9:34:00.583237932,T,89.97,100,90.21,100,TGT
2025-11-14,9:34:00.583252954,T,89.97,100,90.22,100,TGT
2025-11-14,9:34:00.583939780,T,89.97,100,90.2,100,TGT
2025-11-14,9:34:00.583944572,T,89.97,100,90.18,100,TGT
2025-11-14,9:34:00.591647934,T,89.97,100,90.2,100,TGT
2025-11-14,9:34:00.591713081,T,89.97,100,90.22,100,TGT
2025-11-14,9:34:00.591743155,T,89.97,100,90.23,100,TGT
2025-11-14,9:34:00.591888491,T,89.97,100,90.24,100,TGT
2025-11-14,9:34:00.597171143,T,89.97,100,90.25,100,TGT
2025-11-14,9:34:00.597196195,T,89.97,100,90.26,100,TGT
2025-11-14,9:34:00.681807789,T,89.97,100,90.35,300,TGT
2025-11-14,9:34:00.681832845,T,89.97,100,90.35,200,TGT
2025-11-14,9:34:00.969823863,T,89.97,100,90.35,300,TGT
2025-11-14,9:34:00.969828908,T,89.97,100,90.26,100,TGT
2025-11-14,9:34:00.969853905,T,89.97,100,90.24,100,TGT
2025-11-14,9:34:00.979842734,T,89.97,100,90.26,100,TGT
2025-11-14,9:34:00.980258741,T,89.97,100,90.35,200,TGT
2025-11-14,9:34:01.828880614,T,89.96,100,90.35,200,TGT
2025-11-14,9:34:01.828906055,T,89.96,100,90.35,300,TGT
2025-11-14,9:34:01.828910541,T,89.96,100,90.26,100,TGT
2025-11-14,9:34:01.828930655,T,89.96,100,90.35,200,TGT
2025-11-14,9:34:01.828945668,T,89.87,200,90.35,200,TGT
2025-11-14,9:34:01.828945668,T,89.87,200,90.26,100,TGT
2025-11-14,9:34:01.828975745,T,89.87,200,90.17,100,TGT
2025-11-14,9:34:01.828980773,T,89.87,200,90.14,100,TGT
2025-11-14,9:34:01.829076008,T,89.87,200,90.17,100,TGT
2025-11-14,9:34:01.829121216,T,89.87,200,90.19,100,TGT
2025-11-14,9:34:01.829136142,T,89.87,200,90.17,100,TGT
2025-11-14,9:34:01.829246330,T,89.87,200,90.14,100,TGT
2025-11-14,9:34:01.829246330,T,89.87,200,90.17,100,TGT
2025-11-14,9:34:01.829401714,T,89.87,200,90.14,100,TGT
2025-11-14,9:34:01.839420636,T,89.87,200,90.35,200,TGT
2025-11-14,9:34:03.727258088,T,89.87,200,90.26,100,TGT
2025-11-14,9:34:03.727263068,T,89.87,200,90.22,100,TGT
2025-11-14,9:34:03.727679005,T,89.87,200,90.26,100,TGT
2025-11-14,9:34:03.735668089,T,89.87,200,90.35,200,TGT
2025-11-14,9:34:05.021466381,T,89.87,200,90.35,300,TGT
2025-11-14,9:34:05.021471538,T,89.87,200,90.31,100,TGT
2025-11-14,9:34:05.021476343,T,89.87,200,90.14,100,TGT
2025-11-14,9:34:05.021486589,T,89.87,200,90.11,100,TGT
2025-11-14,9:34:05.021546555,T,89.87,200,90.14,100,TGT
2025-11-14,9:34:05.021907440,T,89.87,200,90.11,100,TGT
2025-11-14,9:34:05.021977535,T,89.87,200,90.06,100,TGT
2025-11-14,9:34:05.022027735,T,89.87,200,90.11,100,TGT
2025-11-14,9:34:05.031936284,T,89.87,200,90.23,100,TGT
2025-11-14,9:34:05.036687664,T,89.87,200,90.35,300,TGT
2025-11-14,9:34:05.036712718,T,89.87,200,90.35,200,TGT
2025-11-14,9:34:06.278726868,T,89.87,200,90.5,200,TGT
2025-11-14,9:34:06.278731811,T,89.87,200,90.28,200,TGT
2025-11-14,9:34:12.631426186,T,89.85,100,90.28,200,TGT
2025-11-14,9:34:13.578196796,T,89.85,100,90.28,300,TGT
2025-11-14,9:34:13.578196796,T,89.85,100,90.23,100,TGT
2025-11-14,9:34:13.578507522,T,89.85,100,90.21,100,TGT
2025-11-14,9:34:13.578562725,T,89.85,100,90.23,100,TGT
2025-11-14,9:34:13.579003779,T,89.85,100,90.21,100,TGT
2025-11-14,9:34:13.579028813,T,89.79,100,90.21,100,TGT
2025-11-14,9:34:13.586567150,T,89.79,100,90.28,200,TGT
2025-11-14,9:34:13.633638832,T,89.79,100,90.28,300,TGT
2025-11-14,9:34:13.633648950,T,89.79,100,90.26,100,TGT
2025-11-14,9:34:13.633648950,T,89.78,300,90.26,100,TGT
2025-11-14,9:34:13.633659183,T,89.78,300,90.28,300,TGT
2025-11-14,9:34:13.634636274,T,89.78,300,90.28,200,TGT
2025-11-14,9:34:13.638911469,T,89.78,300,90.35,100,TGT
2025-11-14,9:34:13.638916441,T,89.78,300,90.2,200,TGT
2025-11-14,9:34:13.671393875,T,89.78,300,90.08,100,TGT
2025-11-14,9:34:13.671398864,T,89.78,300,90.2,200,TGT
2025-11-14,9:34:13.671604346,T,89.88,100,90.2,200,TGT
2025-11-14,9:34:13.671634449,T,89.88,100,90.07,100,TGT
2025-11-14,9:34:13.672461366,T,89.88,100,90.08,100,TGT
2025-11-14,9:34:13.676295560,T,89.88,100,90.09,100,TGT
2025-11-14,9:34:13.678410504,T,89.88,100,90.2,200,TGT
2025-11-14,9:34:13.748287027,T,89.91,100,90.2,200,TGT
2025-11-14,9:34:18.006767202,T,89.91,100,90.09,100,TGT
2025-11-14,9:34:18.007098047,T,89.87,100,90.09,100,TGT
2025-11-14,9:34:18.007173130,T,89.86,100,90.09,100,TGT
2025-11-14,9:34:18.007183456,T,89.86,100,90.09,200,TGT
2025-11-14,9:34:18.007458846,T,89.86,100,90.09,300,TGT
2025-11-14,9:34:18.011323074,T,89.86,100,90.09,200,TGT
2025-11-14,9:34:18.017477729,T,89.86,100,90.09,100,TGT
2025-11-14,9:34:18.829958534,T,89.91,100,90.09,100,TGT
2025-11-14,9:34:19.362968168,T,89.86,100,90.09,100,TGT
2025-11-14,9:34:20.436736374,T,89.86,100,90.0,100,TGT
2025-11-14,9:34:20.437062171,T,89.86,100,90.0,200,TGT
2025-11-14,9:34:20.437082125,T,89.86,100,89.99,100,TGT
2025-11-14,9:34:20.437177399,T,89.86,100,89.97,100,TGT
2025-11-14,9:34:20.441277163,T,89.86,100,89.99,100,TGT
2025-11-14,9:34:20.443768053,T,89.86,100,90.02,100,TGT
2025-11-14,9:34:20.447090993,T,89.86,100,90.08,100,TGT
2025-11-14,9:34:20.450418949,T,89.86,100,90.2,200,TGT
2025-11-14,9:34:25.212824920,T,89.78,200,90.2,200,TGT
2025-11-14,9:34:25.212844914,T,89.78,200,90.01,100,TGT
2025-11-14,9:34:25.212850016,T,89.78,200,89.96,100,TGT
2025-11-14,9:34:25.212854969,T,89.78,200,89.91,100,TGT
2025-11-14,9:34:25.213952630,T,89.78,200,89.89,100,TGT
2025-11-14,9:34:25.214584082,T,89.76,100,89.89,100,TGT
2025-11-14,9:34:25.233113281,T,89.76,100,89.89,200,TGT
2025-11-14,9:34:27.997960249,T,89.76,100,89.89,100,TGT
2025-11-14,9:34:28.448744136,T,89.76,100,90.08,100,TGT
2025-11-14,9:34:31.277809038,T,89.76,100,90.2,200,TGT
2025-11-14,9:34:31.645454995,T,89.82,100,90.2,200,TGT
2025-11-14,9:34:31.645475042,T,89.83,100,90.2,200,TGT
2025-11-14,9:34:31.645595407,T,89.87,100,90.2,200,TGT
2025-11-14,9:34:31.645916145,T,89.83,100,90.2,200,TGT
2025-11-14,9:34:31.646392274,T,89.76,300,90.2,200,TGT
2025-11-14,9:34:31.648171548,T,89.82,100,90.2,200,TGT
2025-11-14,9:34:31.823629482,T,89.76,300,90.2,200,TGT
2025-11-14,9:34:36.752537044,T,89.79,100,90.2,200,TGT
2025-11-14,9:34:36.762746404,T,89.82,100,90.2,200,TGT
2025-11-14,9:34:36.762746404,T,89.88,100,90.2,200,TGT
2025-11-14,9:34:36.769778174,T,89.82,100,90.2,200,TGT
2025-11-14,9:34:36.862900051,T,89.79,100,90.2,200,TGT
2025-11-14,9:34:37.450184162,T,89.76,300,90.2,200,TGT
2025-11-14,9:34:39.031421303,T,89.89,100,90.2,200,TGT
2025-11-14,9:34:41.357793664,T,89.76,300,90.2,200,TGT
2025-11-14,9:34:44.760495357,T,89.78,100,90.2,200,TGT
2025-11-14,9:34:45.182415449,T,89.76,300,90.2,200,TGT
2025-11-14,9:34:49.502442409,T,89.78,100,90.2,200,TGT
2025-11-14,9:34:49.958809679,T,89.76,300,90.2,200,TGT
2025-11-14,9:34:51.287003983,T,89.77,100,90.2,200,TGT
2025-11-14,9:34:55.676200942,T,89.77,100,90.09,100,TGT
2025-11-14,9:34:55.676205666,T,89.77,100,90.08,100,TGT
2025-11-14,9:34:55.676751996,T,89.77,100,90.09,100,TGT
2025-11-14,9:34:55.676812061,T,89.77,100,90.08,100,TGT
2025-11-14,9:34:55.676837155,T,89.77,100,90.09,100,TGT
2025-11-14,9:34:55.677012579,T,89.77,100,90.2,300,TGT
2025-11-14,9:34:55.677869614,T,89.77,100,90.19,100,TGT
2025-11-14,9:34:55.678004978,T,89.82,100,90.19,100,TGT
2025-11-14,9:34:55.679543612,T,89.82,100,90.2,300,TGT
2025-11-14,9:34:55.679984666,T,89.82,100,90.09,100,TGT
2025-11-14,9:34:55.686194511,T,89.82,100,90.2,300,TGT
2025-11-14,9:34:55.686214479,T,89.82,100,90.2,200,TGT
2025-11-14,9:34:57.117855191,T,89.77,100,90.2,200,TGT
2025-11-14,9:34:58.469816026,T,89.78,100,90.2,200,TGT
2025-11-14,9:34:58.469921359,T,89.77,100,90.2,200,TGT
2025-11-14,9:34:58.470262082,T,89.77,100,90.0,100,TGT
2025-11-14,9:34:58.470502759,T,89.78,100,90.0,100,TGT
2025-11-14,9:34:58.470527806,T,89.79,100,90.0,100,TGT
2025-11-14,9:34:58.470618035,T,89.78,100,90.0,100,TGT
2025-11-14,9:34:58.470623016,T,89.79,100,90.0,100,TGT
2025-11-14,9:34:58.470637992,T,89.79,100,90.2,200,TGT
2025-11-14,9:34:58.470653099,T,89.77,200,90.2,200,TGT
2025-11-14,9:34:58.470658060,T,89.78,100,90.2,200,TGT
2025-11-14,9:34:58.470683105,T,89.78,100,90.0,100,TGT
2025-11-14,9:34:58.470683105,T,89.77,200,90.0,100,TGT
2025-11-14,9:34:58.470888639,T,89.77,100,90.0,100,TGT
2025-11-14,9:34:58.480982803,T,89.77,100,90.2,200,TGT
2025-11-14,9:35:03.022402329,T,89.79,100,90.2,200,TGT
2025-11-14,9:35:03.023770635,T,89.82,100,90.2,200,TGT
2025-11-14,9:35:07.375763534,T,89.77,200,90.2,200,TGT
2025-11-14,9:35:07.375783688,T,89.77,200,89.99,100,TGT
2025-11-14,9:35:07.375788668,T,89.77,200,89.94,100,TGT
2025-11-14,9:35:07.375808610,T,89.77,200,89.99,100,TGT
2025-11-14,9:35:07.375994063,T,89.77,200,89.99,200,TGT
2025-11-14,9:35:07.376214596,T,89.77,200,89.99,300,TGT
2025-11-14,9:35:07.382820354,T,89.77,200,89.99,200,TGT
2025-11-14,9:35:07.386323654,T,89.77,200,89.99,100,TGT
2025-11-14,9:35:07.386589288,T,89.77,200,90.2,200,TGT
2025-11-14,9:35:07.437204900,T,89.77,200,90.03,100,TGT
2025-11-14,9:35:07.437204900,T,89.77,100,90.03,100,TGT
2025-11-14,9:35:07.437229999,T,89.77,100,90.0,100,TGT
2025-11-14,9:35:07.437255086,T,89.77,100,89.99,100,TGT
2025-11-14,9:35:07.437259986,T,89.77,100,90.0,100,TGT
2025-11-14,9:35:07.437270037,T,89.77,100,89.99,100,TGT
2025-11-14,9:35:07.437595798,T,89.77,100,89.98,100,TGT
2025-11-14,9:35:07.438412781,T,89.77,100,89.99,100,TGT
2025-11-14,9:35:07.447644736,T,89.77,100,90.0,100,TGT
2025-11-14,9:35:07.452566500,T,89.77,100,90.2,200,TGT
2025-11-14,9:35:07.453288194,T,89.77,100,89.97,300,TGT
2025-11-14,9:35:07.453498726,T,89.77,100,89.97,400,TGT
2025-11-14,9:35:07.453709242,T,89.77,100,89.97,500,TGT
2025-11-14,9:35:07.538741848,T,89.77,100,89.97,200,TGT
2025-11-14,9:35:07.639877763,T,89.77,100,89.97,100,TGT
2025-11-14,9:35:07.639887778,T,89.77,100,90.2,200,TGT
2025-11-14,9:35:08.441697912,T,89.78,100,90.2,200,TGT
2025-11-14,9:35:14.061667293,T,89.78,100,90.32,100,TGT
2025-11-14,9:35:14.061667293,T,89.78,100,90.13,200,TGT
2025-11-14,9:35:14.941272422,T,89.78,100,90.08,100,TGT
2025-11-14,9:35:14.941277497,T,89.78,100,90.03,100,TGT
2025-11-14,9:35:14.951311346,T,89.78,100,90.13,200,TGT
2025-11-14,9:35:17.130643303,T,89.78,200,90.13,200,TGT
2025-11-14,9:35:21.208247742,T,89.78,100,90.13,200,TGT
2025-11-14,9:35:21.208267807,T,89.78,100,90.0,100,TGT
2025-11-14,9:35:21.208287845,T,89.78,100,89.97,100,TGT
2025-11-14,9:35:21.208292813,T,89.78,100,89.96,100,TGT
2025-11-14,9:35:21.208302835,T,89.78,100,90.01,100,TGT
2025-11-14,9:35:21.208508340,T,89.78,100,89.96,100,TGT
2025-11-14,9:35:21.208713858,T,89.78,100,89.96,200,TGT
2025-11-14,9:35:21.218522164,T,89.78,100,89.96,100,TGT
2025-11-14,9:35:21.218732694,T,89.78,100,90.05,200,TGT
2025-11-14,9:35:21.233848734,T,89.78,100,90.01,100,TGT
2025-11-14,9:35:21.233848734,T,89.78,100,89.97,100,TGT
2025-11-14,9:35:21.233848734,T,89.78,100,89.96,100,TGT
2025-11-14,9:35:21.233878754,T,89.78,100,89.95,100,TGT
2025-11-14,9:35:21.238073728,T,89.78,100,89.96,100,TGT
2025-11-14,9:35:21.240890427,T,89.78,100,89.97,100,TGT
2025-11-14,9:35:21.244108106,T,89.78,100,90.0,100,TGT
2025-11-14,9:35:21.244238806,T,89.78,100,90.01,100,TGT
2025-11-14,9:35:21.253971623,T,89.78,100,90.05,200,TGT
2025-11-14,9:35:21.274761144,T,89.78,100,90.01,100,TGT
2025-11-14,9:35:21.281627481,T,89.78,100,90.05,200,TGT
2025-11-14,9:35:21.301670291,T,89.78,100,89.97,100,TGT
2025-11-14,9:35:21.301670291,T,89.78,100,89.95,100,TGT
2025-11-14,9:35:21.301865762,T,89.78,100,89.97,100,TGT
2025-11-14,9:35:21.301890811,T,89.78,100,89.95,100,TGT
2025-11-14,9:35:21.302016085,T,89.78,200,89.95,100,TGT
2025-11-14,9:35:21.302036187,T,89.78,100,89.95,100,TGT
2025-11-14,9:35:21.302072294,T,89.78,100,89.96,100,TGT
2025-11-14,9:35:21.302072294,T,89.79,100,89.96,100,TGT
2025-11-14,9:35:21.302176514,T,89.79,200,89.96,100,TGT
2025-11-14,9:35:21.302191488,T,89.79,100,89.96,100,TGT
2025-11-14,9:35:21.302311822,T,89.79,200,89.96,100,TGT
2025-11-14,9:35:21.302427093,T,89.79,200,90.0,100,TGT
2025-11-14,9:35:21.303168860,T,89.79,200,89.97,100,TGT
2025-11-14,9:35:21.303334217,T,89.79,100,89.97,100,TGT
2025-11-14,9:35:21.303344209,T,89.78,200,89.97,100,TGT
2025-11-14,9:35:21.304166162,T,89.78,200,90.0,100,TGT
2025-11-14,9:35:21.306768102,T,89.78,200,90.01,100,TGT
2025-11-14,9:35:21.308311068,T,89.78,200,90.05,200,TGT
2025-11-14,9:35:21.391754905,T,89.78,100,90.05,200,TGT
2025-11-14,9:35:21.391775234,T,89.78,100,89.97,100,TGT
2025-11-14,9:35:21.391775234,T,89.78,100,89.96,100,TGT
2025-11-14,9:35:21.391779927,T,89.78,100,89.95,100,TGT
2025-11-14,9:35:21.391804971,T,89.78,100,89.94,100,TGT
2025-11-14,9:35:21.392015560,T,89.78,100,89.94,200,TGT
2025-11-14,9:35:21.392225969,T,89.78,100,89.94,300,TGT
2025-11-14,9:35:21.392797331,T,89.78,100,89.94,200,TGT
2025-11-14,9:35:21.402079429,T,89.78,100,89.94,100,TGT
2025-11-14,9:35:21.402249866,T,89.78,100,90.05,200,TGT
2025-11-14,9:35:27.161936520,T,89.7,100,90.05,200,TGT
2025-11-14,9:35:27.268425290,T,89.72,100,90.05,200,TGT
2025-11-14,9:35:37.018563895,T,89.72,100,90.05,300,TGT
2025-11-14,9:35:37.224674907,T,89.72,100,90.05,200,TGT
2025-11-14,9:35:37.345487773,T,89.72,100,90.05,300,TGT
2025-11-14,9:35:38.230156313,T,89.72,100,90.0,100,TGT
2025-11-14,9:35:38.230641630,T,89.72,100,90.0,200,TGT
2025-11-14,9:35:39.781616437,T,89.81,100,90.0,200,TGT
2025-11-14,9:35:42.341605516,T,89.81,100,90.0,100,TGT
2025-11-14,9:35:45.611245114,T,89.81,300,90.0,100,TGT
2025-11-14,9:35:54.363105300,T,89.81,300,89.96,100,TGT
2025-11-14,9:35:54.363571506,T,89.85,100,89.96,100,TGT
2025-11-14,9:35:54.441612320,T,89.85,100,90.0,100,TGT
2025-11-14,9:35:54.463669871,T,89.81,100,90.0,100,TGT
2025-11-14,9:35:54.463679890,T,89.85,200,90.0,100,TGT
2025-11-14,9:35:56.574002572,T,89.85,200,90.0,200,TGT
2025-11-14,9:36:00.209724183,T,89.85,100,90.0,200,TGT
2025-11-14,9:36:00.209744192,T,89.81,100,90.0,200,TGT
2025-11-14,9:36:00.209954751,T,89.81,100,90.0,300,TGT
2025-11-14,9:36:00.211874284,T,89.85,100,90.0,300,TGT
2025-11-14,9:36:00.211929452,T,89.81,100,90.0,300,TGT
2025-11-14,9:36:00.211949514,T,89.81,100,89.88,100,TGT
2025-11-14,9:36:00.212505762,T,89.81,100,90.0,300,TGT
2025-11-14,9:36:00.220013707,T,89.81,100,90.0,200,TGT
2025-11-14,9:36:05.299966046,T,89.81,100,90.0,100,TGT
2025-11-14,9:36:05.358129588,T,89.78,200,90.0,100,TGT
2025-11-14,9:36:05.358340202,T,89.78,200,90.0,200,TGT
2025-11-14,9:36:05.358495474,T,89.78,100,90.0,200,TGT
2025-11-14,9:36:05.365186426,T,89.78,100,90.0,100,TGT
2025-11-14,9:36:08.214584744,T,89.8,200,90.0,100,TGT
2025-11-14,9:36:24.173149600,T,89.78,100,90.0,100,TGT
2025-11-14,9:36:24.173174333,T,89.78,100,89.83,100,TGT
2025-11-14,9:36:24.173284629,T,89.76,100,89.83,100,TGT
2025-11-14,9:36:24.173354770,T,89.76,100,89.81,100,TGT
2025-11-14,9:36:24.173419875,T,89.76,100,89.8,100,TGT
2025-11-14,9:36:24.173430217,T,89.73,300,89.8,100,TGT
2025-11-14,9:36:24.173430217,T,89.73,200,89.8,100,TGT
2025-11-14,9:36:24.173475069,T,89.73,200,89.79,100,TGT
2025-11-14,9:36:24.173810787,T,89.73,300,89.79,100,TGT
2025-11-14,9:36:24.174156714,T,89.73,300,89.77,100,TGT
2025-11-14,9:36:24.174337120,T,89.73,200,89.77,100,TGT
2025-11-14,9:36:24.174387154,T,89.73,100,89.77,100,TGT
2025-11-14,9:36:24.174387154,T,89.67,200,89.77,100,TGT
2025-11-14,9:36:24.174397274,T,89.67,100,89.77,100,TGT
2025-11-14,9:36:24.174417313,T,89.67,100,89.74,100,TGT
2025-11-14,9:36:24.174738100,T,89.67,100,89.83,100,TGT
2025-11-14,9:36:24.178637297,T,89.69,200,89.83,100,TGT
2025-11-14,9:36:24.183533983,T,89.69,200,89.91,100,TGT
2025-11-14,9:36:24.193227120,T,89.69,200,90.0,100,TGT
2025-11-14,9:36:24.405968898,T,89.67,100,90.0,100,TGT
2025-11-14,9:36:26.164939442,T,89.68,100,90.0,100,TGT
2025-11-14,9:36:26.178080765,T,89.68,100,90.0,300,TGT
2025-11-14,9:36:27.163709077,T,89.67,100,90.0,300,TGT
2025-11-14,9:36:27.416245706,T,89.67,100,89.9,100,TGT
2025-11-14,9:36:27.666617080,T,89.67,100,90.0,300,TGT
2025-11-14,9:36:27.802796501,T,89.67,100,90.0,400,TGT
2025-11-14,9:36:27.968641602,T,89.67,100,89.99,100,TGT
2025-11-14,9:36:27.968656815,T,89.67,100,89.97,100,TGT
2025-11-14,9:36:27.968656815,T,89.67,100,89.91,100,TGT
2025-11-14,9:36:27.968656815,T,89.67,100,89.9,100,TGT
2025-11-14,9:36:27.968661607,T,89.67,100,89.88,100,TGT
2025-11-14,9:36:27.968682064,T,89.67,100,89.99,100,TGT
2025-11-14,9:36:27.968682064,T,89.67,100,89.87,100,TGT
2025-11-14,9:36:27.970721612,T,89.76,100,89.87,100,TGT
2025-11-14,9:36:27.970741623,T,89.76,100,89.9,100,TGT
2025-11-14,9:36:27.970746981,T,89.67,100,89.9,100,TGT
2025-11-14,9:36:27.970776814,T,89.67,100,89.9,200,TGT
2025-11-14,9:36:27.970776814,T,89.67,100,89.87,100,TGT
2025-11-14,9:36:27.970796757,T,89.67,100,89.9,200,TGT
2025-11-14,9:36:27.970801760,T,89.67,100,89.9,100,TGT
2025-11-14,9:36:27.970801760,T,89.67,100,89.9,200,TGT
2025-11-14,9:36:27.971223098,T,89.67,100,89.9,100,TGT
2025-11-14,9:36:27.971223098,T,89.67,100,89.9,200,TGT
2025-11-14,9:36:27.974089588,T,89.67,100,89.9,100,TGT
2025-11-14,9:36:27.978931120,T,89.67,100,89.91,100,TGT
2025-11-14,9:36:28.068659935,T,89.67,100,89.94,100,TGT
2025-11-14,9:36:28.168858710,T,89.67,100,89.97,100,TGT
2025-11-14,9:36:28.168883779,T,89.67,100,89.99,100,TGT
2025-11-14,9:36:29.586074790,T,89.67,100,90.0,400,TGT
2025-11-14,9:36:29.586099882,T,89.67,100,90.0,300,TGT
2025-11-14,9:36:29.586636178,T,89.67,100,90.0,400,TGT
2025-11-14,9:36:31.055731097,T,89.67,100,90.0,300,TGT
2025-11-14,9:36:32.440550231,T,89.67,100,89.94,100,TGT
2025-11-14,9:36:32.441362159,T,89.67,100,89.85,100,TGT
2025-11-14,9:36:32.441572737,T,89.67,100,89.85,200,TGT
2025-11-14,9:36:32.441783169,T,89.67,100,89.85,300,TGT
2025-11-14,9:36:32.482179497,T,89.67,100,89.85,400,TGT
2025-11-14,9:36:32.482204485,T,89.67,100,89.85,300,TGT
2025-11-14,9:36:32.482314740,T,89.67,100,89.84,100,TGT
2025-11-14,9:36:32.489206218,T,89.67,100,89.85,100,TGT
2025-11-14,9:36:32.508492484,T,89.67,100,89.84,100,TGT
2025-11-14,9:36:32.508537274,T,89.67,100,89.85,100,TGT
2025-11-14,9:36:32.508702654,T,89.67,100,89.84,100,TGT
2025-11-14,9:36:32.518736573,T,89.67,100,89.85,100,TGT
2025-11-14,9:36:32.518997156,T,89.67,100,89.84,100,TGT
2025-11-14,9:36:32.519202796,T,89.67,100,89.84,200,TGT
2025-11-14,9:36:32.690064733,T,89.59,200,89.84,200,TGT
2025-11-14,9:36:32.690590969,T,89.59,300,89.84,200,TGT
2025-11-14,9:36:32.690626012,T,89.59,200,89.84,200,TGT
2025-11-14,9:36:32.690686219,T,89.56,200,89.84,200,TGT
2025-11-14,9:36:32.691006895,T,89.6,100,89.84,200,TGT
2025-11-14,9:36:32.691107241,T,89.6,100,89.84,100,TGT
2025-11-14,9:36:32.691397877,T,89.6,100,89.85,100,TGT
2025-11-14,9:36:32.701010774,T,89.56,200,89.85,100,TGT
2025-11-14,9:36:33.463246776,T,89.56,200,89.79,100,TGT
2025-11-14,9:36:33.463452237,T,89.56,200,89.79,200,TGT
2025-11-14,9:36:33.463667825,T,89.56,200,89.79,300,TGT
2025-11-14,9:36:33.470193372,T,89.56,200,89.79,400,TGT
2025-11-14,9:36:33.470218409,T,89.56,200,89.79,300,TGT
2025-11-14,9:36:33.470218409,T,89.56,200,89.77,100,TGT
2025-11-14,9:36:33.470228498,T,89.56,200,89.78,100,TGT
2025-11-14,9:36:33.470248536,T,89.56,200,89.77,100,TGT
2025-11-14,9:36:33.470268519,T,89.56,200,89.78,100,TGT
2025-11-14,9:36:33.477225159,T,89.56,200,89.79,100,TGT
2025-11-14,9:36:33.480833663,T,89.56,200,89.79,200,TGT
2025-11-14,9:36:33.481044203,T,89.56,200,89.79,300,TGT
2025-11-14,9:36:33.674865982,T,89.56,200,89.79,400,TGT
2025-11-14,9:36:33.674906100,T,89.56,200,89.79,300,TGT
2025-11-14,9:36:35.095700980,T,89.56,200,89.79,200,TGT
2025-11-14,9:36:36.095879032,T,89.56,200,89.79,100,TGT
2025-11-14,9:36:36.095879032,T,89.56,200,89.93,200,TGT
2025-11-14,9:36:36.095918820,T,89.62,100,89.93,200,TGT
2025-11-14,9:36:36.920974387,T,89.61,200,89.93,200,TGT
2025-11-14,9:36:40.183792665,T,89.61,300,89.93,200,TGT
2025-11-14,9:36:40.802421586,T,89.61,200,89.93,200,TGT
2025-11-14,9:36:42.079448821,T,89.61,200,89.79,100,TGT
2025-11-14,9:36:42.079784558,T,89.61,200,89.79,200,TGT
2025-11-14,9:36:42.079804576,T,89.61,200,89.79,100,TGT
2025-11-14,9:36:42.079809785,T,89.61,200,89.78,100,TGT
2025-11-14,9:36:42.079839825,T,89.61,200,89.76,100,TGT
2025-11-14,9:36:42.080065281,T,89.61,200,89.78,100,TGT
2025-11-14,9:36:42.080090299,T,89.56,200,89.78,100,TGT
2025-11-14,9:36:42.084781423,T,89.56,200,89.79,300,TGT
2025-11-14,9:36:42.086816286,T,89.56,200,89.79,200,TGT
2025-11-14,9:36:42.090329742,T,89.56,200,89.79,100,TGT
2025-11-14,9:36:44.589864340,T,89.62,100,89.79,100,TGT
2025-11-14,9:36:44.589869414,T,89.63,100,89.79,100,TGT
2025-11-14,9:36:44.589869414,T,89.64,100,89.79,100,TGT
2025-11-14,9:36:44.589894510,T,89.63,100,89.79,100,TGT
2025-11-14,9:36:44.589919484,T,89.64,100,89.79,100,TGT
2025-11-14,9:36:44.589924581,T,89.64,100,89.79,200,TGT
2025-11-14,9:36:44.589934598,T,89.67,100,89.79,200,TGT
2025-11-14,9:36:44.589949645,T,89.64,100,89.79,200,TGT
2025-11-14,9:36:44.589954607,T,89.67,100,89.79,200,TGT
2025-11-14,9:36:44.589994648,T,89.67,100,89.79,100,TGT
2025-11-14,9:36:44.590005101,T,89.63,100,89.79,100,TGT
2025-11-14,9:36:44.590631221,T,89.63,100,89.79,200,TGT
2025-11-14,9:36:44.599903262,T,89.62,100,89.79,200,TGT
2025-11-14,9:36:44.599933359,T,89.56,200,89.79,200,TGT
2025-11-14,9:36:44.600339297,T,89.56,200,89.79,300,TGT
2025-11-14,9:36:44.600364455,T,89.56,200,89.79,200,TGT
2025-11-14,9:36:44.600394492,T,89.62,100,89.79,200,TGT
2025-11-14,9:36:44.790311964,T,89.56,200,89.79,200,TGT
2025-11-14,9:36:44.920251573,T,89.56,200,89.79,100,TGT
2025-11-14,9:36:44.929869582,T,89.56,200,89.93,200,TGT
2025-11-14,9:36:54.649139391,T,89.62,600,89.93,200,TGT
2025-11-14,9:36:58.624395046,T,89.62,700,89.93,200,TGT
2025-11-14,9:37:01.179717848,T,89.67,100,89.93,200,TGT
2025-11-14,9:37:02.579638111,T,89.67,100,89.93,300,TGT
2025-11-14,9:37:02.579638111,T,89.67,100,89.91,100,TGT
2025-11-14,9:37:02.579688197,T,89.67,100,89.93,200,TGT
2025-11-14,9:37:02.579918836,T,89.67,100,89.86,100,TGT
2025-11-14,9:37:02.579943820,T,89.67,100,89.9,100,TGT
2025-11-14,9:37:02.579953889,T,89.67,100,89.93,200,TGT
2025-11-14,9:37:02.580009139,T,89.67,100,89.9,100,TGT
2025-11-14,9:37:02.580019023,T,89.67,100,89.86,100,TGT
2025-11-14,9:37:02.580029095,T,89.67,100,89.9,100,TGT
2025-11-14,9:37:02.580124214,T,89.67,100,89.91,100,TGT
2025-11-14,9:37:02.589641902,T,89.67,100,89.93,300,TGT
2025-11-14,9:37:02.598021904,T,89.67,100,89.78,100,TGT
2025-11-14,9:37:02.598047026,T,89.67,100,89.91,100,TGT
2025-11-14,9:37:02.598072015,T,89.67,100,89.93,300,TGT
2025-11-14,9:37:02.604437183,T,89.67,100,89.77,100,TGT
2025-11-14,9:37:02.605319337,T,89.67,100,89.77,200,TGT
2025-11-14,9:37:02.628775174,T,89.67,100,89.77,100,TGT
2025-11-14,9:37:02.628850327,T,89.67,100,89.93,300,TGT
2025-11-14,9:37:02.628920472,T,89.67,100,89.77,100,TGT
2025-11-14,9:37:02.629617142,T,89.67,100,89.93,200,TGT
2025-11-14,9:37:02.629642191,T,89.74,100,89.93,200,TGT
2025-11-14,9:37:02.629777840,T,89.67,200,89.93,200,TGT
2025-11-14,9:37:02.629802581,T,89.67,200,89.77,100,TGT
2025-11-14,9:37:02.629817615,T,89.67,100,89.77,100,TGT
2025-11-14,9:37:02.630073237,T,89.67,200,89.77,100,TGT
2025-11-14,9:37:02.630083226,T,89.67,100,89.77,100,TGT
2025-11-14,9:37:02.630158435,T,89.67,100,89.77,1200,TGT
2025-11-14,9:37:02.630233583,T,89.67,200,89.77,1200,TGT
2025-11-14,9:37:02.630358939,T,89.67,200,89.77,1100,TGT
2025-11-14,9:37:02.631952747,T,89.67,100,89.77,1100,TGT
2025-11-14,9:37:02.642698342,T,89.67,100,89.76,1100,TGT
2025-11-14,9:37:03.141957613,T,89.67,100,89.76,1000,TGT
2025-11-14,9:37:03.142203236,T,89.67,100,89.76,1100,TGT
2025-11-14,9:37:03.142223217,T,89.67,100,89.79,100,TGT
2025-11-14,9:37:03.142223217,T,89.67,100,89.73,1000,TGT
2025-11-14,9:37:03.142664448,T,89.67,100,89.73,1100,TGT
2025-11-14,9:37:03.142809647,T,89.67,100,89.73,1200,TGT
2025-11-14,9:37:03.143436210,T,89.67,100,89.73,200,TGT
2025-11-14,9:37:03.143441128,T,89.67,100,89.73,100,TGT
2025-11-14,9:37:03.143441128,T,89.67,100,89.71,1000,TGT
2025-11-14,9:37:03.143461269,T,89.67,100,89.71,1100,TGT
2025-11-14,9:37:03.160762399,T,89.66,100,89.71,1100,TGT
2025-11-14,9:37:03.161193758,T,89.66,100,89.71,100,TGT
2025-11-14,9:37:03.161193758,T,89.66,100,89.88,200,TGT
2025-11-14,9:37:03.161198443,T,89.66,100,89.88,300,TGT
2025-11-14,9:37:03.161198443,T,89.66,100,89.7,1000,TGT
2025-11-14,9:37:03.161223573,T,89.66,100,89.7,1100,TGT
2025-11-14,9:37:03.176374849,T,89.66,100,89.7,100,TGT
2025-11-14,9:37:03.176374849,T,89.66,100,89.88,200,TGT
2025-11-14,9:37:03.176379594,T,89.66,100,89.69,1000,TGT
2025-11-14,9:37:03.176399633,T,89.66,100,89.69,1100,TGT
2025-11-14,9:37:03.190759078,T,89.66,100,89.69,100,TGT
2025-11-14,9:37:03.190759078,T,89.66,100,89.88,200,TGT
2025-11-14,9:37:03.190763925,T,89.66,100,89.68,1000,TGT
2025-11-14,9:37:03.190783906,T,89.66,100,89.68,1100,TGT
2025-11-14,9:37:03.190803945,T,89.66,100,89.68,100,TGT
2025-11-14,9:37:03.190824146,T,89.66,100,89.88,200,TGT
2025-11-14,9:37:03.190879199,T,89.66,100,89.88,300,TGT
2025-11-14,9:37:03.190884799,T,89.66,100,89.79,100,TGT
2025-11-14,9:37:03.190884799,T,89.66,100,89.88,300,TGT
2025-11-14,9:37:03.191280170,T,89.66,100,89.88,200,TGT
2025-11-14,9:37:03.191305216,T,89.66,100,89.79,100,TGT
2025-11-14,9:37:03.485320608,T,89.66,100,89.74,100,TGT
2025-11-14,9:37:03.486363087,T,89.66,100,89.74,200,TGT
2025-11-14,9:37:04.011875081,T,89.66,100,89.74,100,TGT
2025-11-14,9:37:06.006457074,T,89.62,700,89.74,100,TGT
2025-11-14,9:37:06.006482231,T,89.62,700,89.74,200,TGT
2025-11-14,9:37:06.006487182,T,89.62,700,89.74,100,TGT
2025-11-14,9:37:06.006497574,T,89.62,600,89.74,100,TGT
2025-11-14,9:37:06.006512281,T,89.62,600,89.72,100,TGT
2025-11-14,9:37:06.006517266,T,89.62,600,89.69,100,TGT
2025-11-14,9:37:06.006592463,T,89.62,600,89.69,200,TGT
2025-11-14,9:37:06.006722761,T,89.62,600,89.69,100,TGT
2025-11-14,9:37:06.022630668,T,89.62,600,89.68,100,TGT
2025-11-14,9:37:06.022740912,T,89.62,600,89.72,100,TGT
2025-11-14,9:37:06.032098179,T,89.62,600,89.68,100,TGT
2025-11-14,9:37:06.248613985,T,89.62,600,89.67,100,TGT
2025-11-14,9:37:08.662023410,T,89.62,600,89.74,200,TGT
2025-11-14,9:37:08.662043486,T,89.63,100,89.74,200,TGT
2025-11-14,9:37:08.662073612,T,89.63,100,89.74,100,TGT
2025-11-14,9:37:08.662083537,T,89.65,100,89.74,100,TGT
2025-11-14,9:37:08.662118680,T,89.65,100,89.74,200,TGT
2025-11-14,9:37:08.662359242,T,89.65,100,89.74,100,TGT
2025-11-14,9:37:08.662379284,T,89.66,100,89.74,100,TGT
2025-11-14,9:37:08.663567128,T,89.62,600,89.74,100,TGT
2025-11-14,9:37:08.682552294,T,89.62,600,89.74,200,TGT
2025-11-14,9:37:08.682562491,T,89.62,600,89.74,100,TGT
2025-11-14,9:37:15.713672986,T,89.62,600,89.74,200,TGT
2025-11-14,9:37:16.187792500,T,89.62,600,89.74,100,TGT
2025-11-14,9:37:18.399125846,T,89.62,600,89.74,200,TGT
2025-11-14,9:37:18.580452804,T,89.62,600,89.74,100,TGT
2025-11-14,9:37:18.611055682,T,89.62,600,89.74,200,TGT
2025-11-14,9:37:18.683242821,T,89.62,600,89.72,100,TGT
2025-11-14,9:37:18.683287769,T,89.62,600,89.74,200,TGT
2025-11-14,9:37:18.683297820,T,89.62,600,89.74,100,TGT
2025-11-14,9:37:18.683307788,T,89.62,600,89.74,200,TGT
2025-11-14,9:37:18.683528303,T,89.62,600,89.73,100,TGT
2025-11-14,9:37:18.683533323,T,89.62,600,89.7,100,TGT
2025-11-14,9:37:18.683538331,T,89.62,600,89.73,100,TGT
2025-11-14,9:37:18.683558439,T,89.62,600,89.74,200,TGT
2025-11-14,9:37:18.683563424,T,89.62,600,89.73,100,TGT
2025-11-14,9:37:18.683663585,T,89.62,600,89.72,100,TGT
2025-11-14,9:37:18.694298976,T,89.62,600,89.73,100,TGT
2025-11-14,9:37:18.695286328,T,89.62,600,89.73,200,TGT
2025-11-14,9:37:18.771512898,T,89.62,700,89.73,200,TGT
2025-11-14,9:37:19.018651971,T,89.62,600,89.73,200,TGT
2025-11-14,9:37:19.018676730,T,89.62,600,89.66,100,TGT
2025-11-14,9:37:19.018907277,T,89.62,700,89.66,100,TGT
2025-11-14,9:37:19.043290351,T,89.62,700,89.66,200,TGT
2025-11-14,9:37:19.390407345,T,89.62,700,89.66,100,TGT
2025-11-14,9:37:19.390427408,T,89.62,700,89.67,100,TGT
2025-11-14,9:37:19.390437370,T,89.62,700,89.74,100,TGT
2025-11-14,9:37:19.390457506,T,89.62,800,89.74,100,TGT
2025-11-14,9:37:19.390477521,T,89.66,100,89.74,100,TGT
2025-11-14,9:37:19.390677932,T,89.66,100,89.74,200,TGT
2025-11-14,9:37:19.390688386,T,89.66,100,89.72,100,TGT
2025-11-14,9:37:19.395985627,T,89.62,700,89.72,100,TGT
2025-11-14,9:37:19.396015700,T,89.62,700,89.71,100,TGT
2025-11-14,9:37:19.466674011,T,89.62,700,89.71,200,TGT
2025-11-14,9:37:21.480020724,T,89.62,600,89.71,200,TGT
2025-11-14,9:37:21.480040752,T,89.62,600,89.69,100,TGT
2025-11-14,9:37:21.480070842,T,89.62,600,89.69,200,TGT
2025-11-14,9:37:21.480070842,T,89.62,600,89.69,100,TGT
2025-11-14,9:37:21.480106216,T,89.62,600,89.68,100,TGT
2025-11-14,9:37:21.480106216,T,89.62,600,89.69,100,TGT
2025-11-14,9:37:21.480110951,T,89.62,600,89.68,100,TGT
2025-11-14,9:37:21.480346510,T,89.62,600,89.69,100,TGT
2025-11-14,9:37:21.481078222,T,89.62,600,89.71,100,TGT
2025-11-14,9:37:21.481193441,T,89.62,600,89.69,100,TGT
2025-11-14,9:37:21.569163080,T,89.62,600,89.71,100,TGT
2025-11-14,9:37:21.618255025,T,89.62,600,89.72,100,TGT
2025-11-14,9:37:21.618290061,T,89.62,600,89.74,200,TGT
2025-11-14,9:37:21.618921620,T,89.62,600,89.72,100,TGT
2025-11-14,9:37:21.682478086,T,89.62,600,89.69,100,TGT
2025-11-14,9:37:21.706740737,T,89.62,600,89.67,100,TGT
2025-11-14,9:37:21.707176879,T,89.62,600,89.67,200,TGT
2025-11-14,9:37:23.923953171,T,89.62,600,89.67,100,TGT
2025-11-14,9:37:27.792759883,T,89.62,500,89.67,100,TGT
2025-11-14,9:37:27.792779909,T,89.56,100,89.67,100,TGT
2025-11-14,9:37:27.792804888,T,89.56,100,89.64,100,TGT
2025-11-14,9:37:27.792804888,T,89.56,100,89.64,200,TGT
2025-11-14,9:37:27.792950320,T,89.56,100,89.64,300,TGT
2025-11-14,9:37:27.793055581,T,89.56,100,89.63,100,TGT
2025-11-14,9:37:27.793356407,T,89.56,100,89.62,100,TGT
2025-11-14,9:37:27.793822362,T,89.56,100,89.62,200,TGT
2025-11-14,9:37:27.793827331,T,89.56,100,89.62,300,TGT
2025-11-14,9:37:27.794012768,T,89.56,200,89.62,300,TGT
2025-11-14,9:37:27.794078027,T,89.56,200,89.61,100,TGT
2025-11-14,9:37:27.794143179,T,89.56,200,89.61,200,TGT
2025-11-14,9:37:27.796197983,T,89.56,200,89.6,100,TGT
2025-11-14,9:37:27.796754351,T,89.56,200,89.61,200,TGT
2025-11-14,9:37:27.797606389,T,89.56,200,89.61,100,TGT
2025-11-14,9:37:27.797626393,T,89.56,100,89.61,100,TGT
2025-11-14,9:37:27.797651707,T,89.59,100,89.61,100,TGT
2025-11-14,9:37:27.798162689,T,89.59,100,89.64,300,TGT
2025-11-14,9:37:27.798182756,T,89.59,200,89.64,300,TGT
2025-11-14,9:37:27.798187817,T,89.59,100,89.64,300,TGT
2025-11-14,9:37:27.798208020,T,89.59,200,89.64,300,TGT
2025-11-14,9:37:27.798217821,T,89.59,100,89.64,300,TGT
2025-11-14,9:37:27.798242856,T,89.59,200,89.64,300,TGT
2025-11-14,9:37:27.798268018,T,89.59,100,89.64,300,TGT
2025-11-14,9:37:27.798293045,T,89.6,100,89.64,300,TGT
2025-11-14,9:37:27.798453436,T,89.59,100,89.64,300,TGT
2025-11-14,9:37:27.798463480,T,89.59,100,89.64,200,TGT
2025-11-14,9:37:27.798478428,T,89.6,100,89.64,200,TGT
2025-11-14,9:37:27.798538565,T,89.59,100,89.64,200,TGT
2025-11-14,9:37:27.798558671,T,89.62,100,89.64,200,TGT
2025-11-14,9:37:27.798688988,T,89.63,100,89.64,200,TGT
2025-11-14,9:37:27.798754066,T,89.63,100,89.64,100,TGT
2025-11-14,9:37:27.798754066,T,89.63,100,89.67,100,TGT
2025-11-14,9:37:27.798774152,T,89.56,100,89.67,100,TGT
2025-11-14,9:37:27.798799274,T,89.63,100,89.67,100,TGT
2025-11-14,9:37:27.799220254,T,89.63,100,89.67,200,TGT
2025-11-14,9:37:27.799385641,T,89.64,100,89.67,200,TGT
2025-11-14,9:37:27.809254156,T,89.64,100,89.67,100,TGT
2025-11-14,9:37:27.809960852,T,89.64,100,89.67,200,TGT
2025-11-14,9:37:27.844653521,T,89.64,100,89.67,100,TGT
2025-11-14,9:37:28.864703561,T,89.64,100,89.67,200,TGT
2025-11-14,9:37:28.864703561,T,89.56,100,89.67,200,TGT
2025-11-14,9:37:28.864728673,T,89.56,100,89.66,100,TGT
2025-11-14,9:37:28.864733660,T,89.56,100,89.66,200,TGT
2025-11-14,9:37:28.864838943,T,89.56,100,89.66,100,TGT
2025-11-14,9:37:28.865280033,T,89.56,100,89.74,100,TGT
2025-11-14,9:37:28.865585677,T,89.62,100,89.74,100,TGT
2025-11-14,9:37:28.865891393,T,89.62,100,89.74,200,TGT
2025-11-14,9:37:28.866703385,T,89.56,100,89.74,200,TGT
2025-11-14,9:37:28.876581896,T,89.56,100,89.74,100,TGT
2025-11-14,9:37:29.061542595,T,89.56,100,89.67,100,TGT
2025-11-14,9:37:29.061748007,T,89.56,100,89.74,100,TGT
2025-11-14,9:37:29.061958589,T,89.56,100,89.67,100,TGT
2025-11-14,9:37:29.076448035,T,89.56,100,89.74,100,TGT
2025-11-14,9:37:29.116212838,T,89.56,100,89.74,200,TGT
2025-11-14,9:37:30.112591553,T,89.56,100,89.74,100,TGT
2025-11-14,9:37:38.298222901,T,89.57,100,89.74,100,TGT
2025-11-14,9:37:38.298398350,T,89.61,100,89.74,100,TGT
2025-11-14,9:37:38.298428450,T,89.61,200,89.74,100,TGT
2025-11-14,9:37:38.298433470,T,89.61,200,89.72,100,TGT
2025-11-14,9:37:38.298433470,T,89.61,100,89.72,100,TGT
2025-11-14,9:37:38.298488639,T,89.61,100,89.74,100,TGT
2025-11-14,9:37:38.298488639,T,89.63,100,89.74,100,TGT
2025-11-14,9:37:38.299049962,T,89.61,200,89.74,100,TGT
2025-11-14,9:37:38.299079998,T,89.61,100,89.74,100,TGT
2025-11-14,9:37:38.299505962,T,89.57,200,89.74,100,TGT
2025-11-14,9:37:38.398331480,T,89.57,100,89.74,100,TGT
2025-11-14,9:37:38.498274596,T,89.56,200,89.74,100,TGT
2025-11-14,9:37:38.498429926,T,89.56,100,89.74,100,TGT
2025-11-14,9:37:38.645049291,T,89.56,200,89.74,100,TGT
2025-11-14,9:37:38.645054355,T,89.61,100,89.74,100,TGT
2025-11-14,9:37:38.645099477,T,89.56,200,89.74,100,TGT
2025-11-14,9:37:38.645109491,T,89.61,100,89.74,100,TGT
2025-11-14,9:37:38.645560494,T,89.56,100,89.74,100,TGT
2025-11-14,9:37:38.646262156,T,89.62,100,89.74,100,TGT
2025-11-14,9:37:38.646978917,T,89.56,100,89.74,100,TGT
2025-11-14,9:37:38.647595357,T,89.62,100,89.74,100,TGT
2025-11-14,9:37:38.648026366,T,89.56,100,89.74,100,TGT
2025-11-14,9:37:38.648472461,T,89.62,100,89.74,100,TGT
2025-11-14,9:37:38.649103933,T,89.56,100,89.74,100,TGT
2025-11-14,9:37:38.649630184,T,89.62,100,89.74,100,TGT
2025-11-14,9:37:38.650111456,T,89.56,100,89.74,100,TGT
2025-11-14,9:37:38.650632580,T,89.62,100,89.74,100,TGT
2025-11-14,9:37:38.651108732,T,89.56,100,89.74,100,TGT
2025-11-14,9:37:46.176491964,T,89.56,200,89.74,100,TGT
2025-11-14,9:37:46.176491964,T,89.6,100,89.74,100,TGT
2025-11-14,9:37:46.176491964,T,89.63,100,89.74,100,TGT
2025-11-14,9:37:46.176496841,T,89.64,100,89.74,100,TGT
2025-11-14,9:37:46.176807525,T,89.64,100,89.74,200,TGT
2025-11-14,9:37:46.176917862,T,89.64,100,89.74,100,TGT
2025-11-14,9:37:46.276510104,T,89.63,100,89.74,100,TGT
2025-11-14,9:37:46.299545001,T,89.63,100,89.74,200,TGT
2025-11-14,9:37:46.300186524,T,89.63,100,89.74,100,TGT
2025-11-14,9:37:46.376523364,T,89.56,200,89.74,100,TGT
2025-11-14,9:37:48.808346812,T,89.56,100,89.74,100,TGT
2025-11-14,9:37:48.808998346,T,89.56,200,89.74,100,TGT
2025-11-14,9:37:49.851827827,T,89.63,100,89.74,100,TGT
2025-11-14,9:37:49.851842815,T,89.56,200,89.74,100,TGT
2025-11-14,9:37:49.851863196,T,89.63,100,89.74,100,TGT
2025-11-14,9:37:50.144344714,T,89.56,200,89.74,100,TGT
2025-11-14,9:37:51.722589611,T,89.57,200,89.74,100,TGT
2025-11-14,9:37:53.532511586,T,89.57,200,89.84,200,TGT
2025-11-14,9:37:53.532511586,T,89.63,100,89.84,200,TGT
2025-11-14,9:37:53.532531628,T,89.71,100,89.84,200,TGT
2025-11-14,9:37:53.532902570,T,89.71,100,89.79,100,TGT
2025-11-14,9:37:53.533017821,T,89.71,100,89.84,200,TGT
2025-11-14,9:37:53.533438850,T,89.71,100,89.96,100,TGT
2025-11-14,9:37:53.533448847,T,89.71,100,89.89,200,TGT
2025-11-14,9:37:53.601190209,T,89.71,100,89.84,100,TGT
2025-11-14,9:37:53.601205275,T,89.71,100,89.89,200,TGT
2025-11-14,9:37:53.632610077,T,89.63,100,89.89,200,TGT
2025-11-14,9:37:54.778580210,T,89.61,100,89.89,200,TGT
2025-11-14,9:37:54.778605263,T,89.63,100,89.89,200,TGT
2025-11-14,9:37:54.780003509,T,89.63,100,89.84,100,TGT
2025-11-14,9:37:54.780048669,T,89.63,100,89.89,200,TGT
2025-11-14,9:37:54.780048669,T,89.63,100,89.84,100,TGT
2025-11-14,9:37:54.780073760,T,89.63,100,89.89,200,TGT
2025-11-14,9:37:55.784807376,T,89.63,100,89.89,300,TGT
2025-11-14,9:37:59.013168683,T,89.63,100,89.79,100,TGT
2025-11-14,9:37:59.013183642,T,89.57,200,89.79,100,TGT
2025-11-14,9:37:59.013589642,T,89.57,200,89.84,100,TGT
2025-11-14,9:37:59.013990541,T,89.57,200,89.89,300,TGT
2025-11-14,9:37:59.021007410,T,89.57,200,89.89,200,TGT
2025-11-14,9:37:59.021007410,T,89.57,200,89.89,300,TGT
2025-11-14,9:37:59.021031891,T,89.57,200,89.79,100,TGT
2025-11-14,9:38:03.258317439,T,89.57,200,89.76,100,TGT
2025-11-14,9:38:05.644502011,T,89.6,100,89.76,100,TGT
2025-11-14,9:38:07.039575749,T,89.6,100,89.85,300,TGT
2025-11-14,9:38:07.317482829,T,89.6,100,89.85,200,TGT
2025-11-14,9:38:07.369612468,T,89.63,100,89.85,200,TGT
2025-11-14,9:38:07.369616988,T,89.68,100,89.85,200,TGT
2025-11-14,9:38:07.369627055,T,89.68,200,89.85,200,TGT
2025-11-14,9:38:07.369642039,T,89.68,100,89.85,200,TGT
2025-11-14,9:38:07.376333040,T,89.71,100,89.85,200,TGT
2025-11-14,9:38:08.183380674,T,89.73,100,89.85,200,TGT
2025-11-14,9:38:08.184162593,T,89.73,100,89.99,100,TGT
2025-11-14,9:38:08.184172542,T,89.73,100,89.9,200,TGT
2025-11-14,9:38:08.822242764,T,89.73,100,89.85,100,TGT
2025-11-14,9:38:08.822844189,T,89.73,100,89.9,200,TGT
2025-11-14,9:38:08.901035522,T,89.73,100,89.9,300,TGT
2025-11-14,9:38:10.443495260,T,89.73,100,89.85,100,TGT
2025-11-14,9:38:15.779141426,T,89.78,500,89.85,100,TGT
2025-11-14,9:38:15.779266694,T,89.78,500,89.9,300,TGT
2025-11-14,9:38:15.779908303,T,89.78,500,89.9,200,TGT
2025-11-14,9:38:21.658237671,T,89.7,100,89.9,200,TGT
2025-11-14,9:38:21.658257785,T,89.7,100,89.8,100,TGT
2025-11-14,9:38:21.658263012,T,89.7,100,89.79,100,TGT
2025-11-14,9:38:21.659565877,T,89.7,100,89.8,100,TGT
2025-11-14,9:38:21.661480380,T,89.7,100,89.77,100,TGT
2025-11-14,9:38:21.661811276,T,89.7,100,89.76,100,TGT
2025-11-14,9:38:22.033396416,T,89.63,100,89.76,100,TGT
2025-11-14,9:38:22.033491668,T,89.66,100,89.76,100,TGT
2025-11-14,9:38:22.033551838,T,89.68,100,89.76,100,TGT
2025-11-14,9:38:24.116383916,T,89.68,100,89.77,100,TGT
2025-11-14,9:38:24.432146161,T,89.68,200,89.77,100,TGT
2025-11-14,9:38:24.736426120,T,89.68,100,89.77,100,TGT
2025-11-14,9:38:26.592412764,T,89.68,100,89.77,200,TGT
2025-11-14,9:38:29.485274683,T,89.68,100,89.77,100,TGT
2025-11-14,9:38:29.485279820,T,89.68,100,89.82,100,TGT
2025-11-14,9:38:29.485279820,T,89.68,100,89.9,200,TGT
2025-11-14,9:38:29.485300307,T,89.68,200,89.9,200,TGT
2025-11-14,9:38:29.485304777,T,89.75,100,89.9,200,TGT
2025-11-14,9:38:29.486552693,T,89.74,100,89.9,200,TGT
2025-11-14,9:38:29.585302925,T,89.68,200,89.9,200,TGT
2025-11-14,9:38:29.585313018,T,89.68,100,89.9,200,TGT
2025-11-14,9:38:29.586159976,T,89.68,200,89.9,200,TGT
2025-11-14,9:38:29.685707181,T,89.68,100,89.9,200,TGT
2025-11-14,9:38:29.952743466,T,89.68,200,89.9,200,TGT
2025-11-14,9:38:29.959304095,T,89.68,100,89.9,200,TGT
2025-11-14,9:38:30.287310907,T,89.68,200,89.9,200,TGT
2025-11-14,9:38:30.287310907,T,89.7,100,89.9,200,TGT
2025-11-14,9:38:30.287315641,T,89.7,200,89.9,200,TGT
2025-11-14,9:38:30.287320803,T,89.74,100,89.9,200,TGT
2025-11-14,9:38:30.287350750,T,89.7,200,89.9,200,TGT
2025-11-14,9:38:30.287355762,T,89.71,100,89.9,200,TGT
2025-11-14,9:38:30.292538043,T,89.7,100,89.9,200,TGT
2025-11-14,9:38:30.297314495,T,89.68,200,89.9,200,TGT
2025-11-14,9:38:30.388060629,T,89.68,100,89.9,200,TGT
2025-11-14,9:38:30.810712611,T,89.68,200,89.9,200,TGT
2025-11-14,9:38:30.810832883,T,89.68,200,90.0,100,TGT
2025-11-14,9:38:30.810837865,T,89.68,200,89.96,200,TGT
2025-11-14,9:38:30.830554854,T,89.68,100,89.96,200,TGT
2025-11-14,9:38:31.629553445,T,89.66,200,89.96,200,TGT
2025-11-14,9:38:33.497794097,T,89.66,300,89.96,200,TGT
2025-11-14,9:38:37.579222695,T,89.7,1000,89.96,200,TGT
2025-11-14,9:38:43.014295922,T,89.7,1000,89.9,100,TGT
2025-11-14,9:38:50.010508557,T,89.7,1000,89.9,200,TGT
2025-11-14,9:38:50.010598784,T,89.7,1000,89.9,300,TGT
2025-11-14,9:38:50.823680828,T,89.7,1000,89.9,200,TGT
2025-11-14,9:38:50.823771099,T,89.7,1000,89.9,100,TGT
2025-11-14,9:38:59.060348668,T,89.7,1000,89.89,100,TGT
2025-11-14,9:39:00.405247734,T,89.7,1000,89.89,200,TGT
2025-11-14,9:39:00.405478301,T,89.7,1000,89.89,300,TGT
2025-11-14,9:39:00.407483097,T,89.7,1000,89.89,200,TGT
2025-11-14,9:39:00.430262386,T,89.7,1000,89.89,100,TGT
2025-11-14,9:39:01.584161336,T,89.7,1000,89.89,200,TGT
2025-11-14,9:39:04.047915958,T,89.7,1000,89.89,100,TGT
2025-11-14,9:39:04.047956079,T,89.7,1000,89.96,200,TGT
2025-11-14,9:39:08.086943428,T,89.7,1000,90.0,100,TGT
2025-11-14,9:39:11.554865383,T,89.7,1000,90.0,200,TGT
2025-11-14,9:39:11.554875413,T,89.7,1000,89.97,100,TGT
2025-11-14,9:39:11.554905405,T,89.7,1000,89.9,100,TGT
2025-11-14,9:39:11.561892049,T,89.7,1000,89.97,100,TGT
2025-11-14,9:39:11.575023439,T,89.7,1000,90.0,100,TGT
2025-11-14,9:39:11.575043445,T,89.76,100,90.0,100,TGT
2025-11-14,9:39:11.576085946,T,89.75,100,90.0,100,TGT
2025-11-14,9:39:11.627673859,T,89.76,100,90.0,100,TGT
2025-11-14,9:39:11.627678815,T,89.82,100,90.0,100,TGT
2025-11-14,9:39:11.628235134,T,89.76,100,90.0,100,TGT
2025-11-14,9:39:11.628340370,T,89.75,100,90.0,100,TGT
2025-11-14,9:39:11.628365420,T,89.75,100,89.96,100,TGT
2025-11-14,9:39:11.628365420,T,89.75,100,89.9,100,TGT
2025-11-14,9:39:11.628375478,T,89.75,100,89.89,100,TGT
2025-11-14,9:39:11.628395541,T,89.75,100,89.9,100,TGT
2025-11-14,9:39:11.635412262,T,89.75,100,89.96,100,TGT
2025-11-14,9:39:11.648784089,T,89.75,100,90.0,100,TGT
2025-11-14,9:39:11.675076694,T,89.72,100,90.0,100,TGT
2025-11-14,9:39:11.775165234,T,89.71,100,90.0,100,TGT
2025-11-14,9:39:11.800726130,T,89.7,1100,90.0,100,TGT
2025-11-14,9:39:11.930901182,T,89.7,1000,90.0,100,TGT
2025-11-14,9:39:13.352137261,T,89.7,1000,89.9,100,TGT
2025-11-14,9:39:13.355179478,T,89.7,1000,89.88,100,TGT
2025-11-14,9:39:20.082120428,T,89.72,100,89.88,100,TGT
2025-11-14,9:39:20.559928873,T,89.7,1000,89.88,100,TGT
2025-11-14,9:39:20.944720529,T,89.71,100,89.88,100,TGT
2025-11-14,9:39:21.704450771,T,89.71,100,89.87,100,TGT
2025-11-14,9:39:21.704490495,T,89.7,1000,89.87,100,TGT
2025-11-14,9:39:21.704715993,T,89.72,100,89.87,100,TGT
2025-11-14,9:39:21.808387975,T,89.7,1000,89.87,100,TGT
2025-11-14,9:39:23.106766160,T,89.72,100,89.87,100,TGT
2025-11-14,9:39:23.159125847,T,89.72,100,89.87,200,TGT
2025-11-14,9:39:23.932954307,T,89.7,1000,89.87,200,TGT
2025-11-14,9:39:23.936793467,T,89.74,100,89.87,200,TGT
2025-11-14,9:39:24.344269249,T,89.7,1000,89.87,200,TGT
2025-11-14,9:39:24.936655540,T,89.72,100,89.87,200,TGT
2025-11-14,9:39:25.186861580,T,89.7,1000,89.87,200,TGT
2025-11-14,9:39:26.750817558,T,89.74,100,89.87,200,TGT
2025-11-14,9:39:29.604230590,T,89.74,100,89.87,300,TGT
2025-11-14,9:39:29.604250585,T,89.7,1100,89.87,300,TGT
2025-11-14,9:39:29.604290708,T,89.7,1000,89.87,300,TGT
2025-11-14,9:39:29.604301018,T,89.7,1000,89.86,100,TGT
2025-11-14,9:39:29.604350843,T,89.7,1000,89.83,100,TGT
2025-11-14,9:39:29.604521192,T,89.74,100,89.83,100,TGT
2025-11-14,9:39:29.604826940,T,89.7,1000,89.83,100,TGT
2025-11-14,9:39:29.605092576,T,89.74,100,89.83,100,TGT
2025-11-14,9:39:29.605483569,T,89.7,1000,89.83,100,TGT
2025-11-14,9:39:29.605653954,T,89.72,100,89.83,100,TGT
2025-11-14,9:39:29.612750843,T,89.72,100,89.82,100,TGT
2025-11-14,9:39:29.620499345,T,89.7,1000,89.82,100,TGT
2025-11-14,9:39:30.385256363,T,89.68,100,89.82,100,TGT
2025-11-14,9:39:31.094511076,T,89.66,200,89.82,100,TGT
2025-11-14,9:39:31.094511076,T,89.66,200,89.81,100,TGT
2025-11-14,9:39:31.094822162,T,89.72,100,89.81,100,TGT
2025-11-14,9:39:31.094831867,T,89.72,100,89.81,200,TGT
2025-11-14,9:39:31.094987310,T,89.72,100,89.8,100,TGT
2025-11-14,9:39:31.095172644,T,89.72,200,89.8,100,TGT
2025-11-14,9:39:31.095473463,T,89.72,100,89.8,100,TGT
2025-11-14,9:39:31.095503741,T,89.66,300,89.8,100,TGT
2025-11-14,9:39:31.095508461,T,89.66,200,89.8,100,TGT
2025-11-14,9:39:31.095523501,T,89.66,200,89.79,100,TGT
2025-11-14,9:39:31.095543567,T,89.66,200,89.78,100,TGT
2025-11-14,9:39:31.095578714,T,89.66,200,89.75,100,TGT
2025-11-14,9:39:31.095698887,T,89.63,100,89.75,100,TGT
2025-11-14,9:39:31.095769078,T,89.66,100,89.75,100,TGT
2025-11-14,9:39:31.095829279,T,89.66,200,89.75,100,TGT
2025-11-14,9:39:31.095834222,T,89.66,200,89.74,100,TGT
2025-11-14,9:39:31.095884441,T,89.66,200,89.75,100,TGT
2025-11-14,9:39:31.095909487,T,89.66,200,89.8,100,TGT
2025-11-14,9:39:31.097553412,T,89.72,100,89.8,100,TGT
2025-11-14,9:39:31.097573455,T,89.72,200,89.8,100,TGT
2025-11-14,9:39:31.097583464,T,89.72,200,89.81,100,TGT
2025-11-14,9:39:31.097593459,T,89.72,300,89.81,100,TGT
2025-11-14,9:39:31.097773897,T,89.72,400,89.81,100,TGT
2025-11-14,9:39:31.098094681,T,89.72,400,89.8,100,TGT
2025-11-14,9:39:31.098109728,T,89.72,300,89.8,100,TGT
2025-11-14,9:39:31.102886092,T,89.72,200,89.8,100,TGT
2025-11-14,9:39:31.102891135,T,89.74,100,89.8,100,TGT
2025-11-14,9:39:31.102911110,T,89.74,200,89.8,100,TGT
2025-11-14,9:39:31.102966297,T,89.74,200,89.81,100,TGT
2025-11-14,9:39:31.102976268,T,89.75,100,89.81,100,TGT
2025-11-14,9:39:31.102986268,T,89.75,200,89.81,100,TGT
2025-11-14,9:39:31.102986268,T,89.75,300,89.81,100,TGT
2025-11-14,9:39:31.103006325,T,89.75,400,89.81,100,TGT
2025-11-14,9:39:31.103206781,T,89.75,300,89.81,100,TGT
2025-11-14,9:39:31.103216826,T,89.75,300,89.8,100,TGT
2025-11-14,9:39:31.103422356,T,89.75,200,89.8,100,TGT
2025-11-14,9:39:31.104685349,T,89.75,100,89.8,100,TGT
2025-11-14,9:39:31.104690402,T,89.74,100,89.8,100,TGT
2025-11-14,9:39:31.104910881,T,89.63,200,89.8,100,TGT
2025-11-14,9:39:31.105752864,T,89.63,200,89.81,100,TGT
2025-11-14,9:39:31.105777960,T,89.63,200,89.82,200,TGT
2025-11-14,9:39:31.194524354,T,89.63,200,89.82,100,TGT
2025-11-14,9:39:31.574690037,T,89.63,200,89.78,100,TGT
2025-11-14,9:39:32.165602822,T,89.72,100,89.78,100,TGT
2025-11-14,9:39:32.294179119,T,89.63,100,89.78,100,TGT
2025-11-14,9:39:32.294279391,T,89.63,200,89.78,100,TGT
2025-11-14,9:39:32.294374521,T,89.63,200,89.97,200,TGT
2025-11-14,9:39:32.294394674,T,89.68,100,89.97,200,TGT
2025-11-14,9:39:32.294399662,T,89.71,100,89.97,200,TGT
2025-11-14,9:39:32.294625128,T,89.71,200,89.97,200,TGT
2025-11-14,9:39:32.295702731,T,89.71,100,89.97,200,TGT
2025-11-14,9:39:32.304689096,T,89.68,100,89.97,200,TGT
2025-11-14,9:39:32.394427977,T,89.66,200,89.97,200,TGT
2025-11-14,9:39:33.705787068,T,89.66,200,89.84,100,TGT
2025-11-14,9:39:33.763399315,T,89.66,300,89.84,100,TGT
2025-11-14,9:39:34.289337297,T,89.66,200,89.84,100,TGT
2025-11-14,9:39:37.519723134,T,89.66,200,89.9,100,TGT
2025-11-14,9:39:37.519728180,T,89.66,200,89.97,200,TGT
2025-11-14,9:39:37.519743142,T,89.68,100,89.97,200,TGT
2025-11-14,9:39:37.519743142,T,89.71,100,89.97,200,TGT
2025-11-14,9:39:37.519748204,T,89.79,100,89.97,200,TGT
2025-11-14,9:39:37.519808512,T,89.81,100,89.97,200,TGT
2025-11-14,9:39:37.520369648,T,89.79,100,89.97,200,TGT
2025-11-14,9:39:37.520530027,T,89.79,100,89.97,300,TGT
2025-11-14,9:39:37.520991199,T,89.79,100,89.97,200,TGT
2025-11-14,9:39:37.530303365,T,89.79,100,89.96,100,TGT
2025-11-14,9:39:37.567732540,T,89.74,100,89.96,100,TGT
2025-11-14,9:39:37.620192490,T,89.73,100,89.96,100,TGT
2025-11-14,9:39:37.719774775,T,89.72,100,89.96,100,TGT
2025-11-14,9:39:37.719779808,T,89.66,200,89.96,100,TGT
2025-11-14,9:39:38.238866446,T,89.66,200,89.97,300,TGT
2025-11-14,9:39:39.355682078,T,89.71,100,89.97,300,TGT
2025-11-14,9:39:40.101263283,T,89.66,200,89.97,300,TGT
2025-11-14,9:39:40.101794626,T,89.71,100,89.97,300,TGT
2025-11-14,9:39:40.426107231,T,89.66,200,89.97,300,TGT
2025-11-14,9:39:41.250556347,T,89.66,300,89.97,300,TGT
2025-11-14,9:39:41.250591465,T,89.68,100,89.97,300,TGT
2025-11-14,9:39:47.054729129,T,89.73,100,89.97,300,TGT
2025-11-14,9:39:47.239509313,T,89.68,100,89.97,300,TGT
2025-11-14,9:39:50.188119033,T,89.66,300,89.97,300,TGT
2025-11-14,9:39:50.468206254,T,89.66,200,89.97,300,TGT
2025-11-14,9:39:50.935659917,T,89.66,200,89.9,100,TGT
2025-11-14,9:39:50.936446852,T,89.66,200,89.97,300,TGT
2025-11-14,9:39:50.959145820,T,89.68,100,89.97,300,TGT
2025-11-14,9:39:52.383003069,T,89.68,100,89.97,200,TGT
2025-11-14,9:39:52.628237369,T,89.73,100,89.97,200,TGT
2025-11-14,9:39:52.631595354,T,89.73,100,89.87,100,TGT
2025-11-14,9:39:53.172218334,T,89.66,200,89.87,100,TGT
2025-11-14,9:39:53.172263424,T,89.66,200,89.86,100,TGT
2025-11-14,9:39:53.172293451,T,89.66,200,89.87,100,TGT
2025-11-14,9:39:53.172639358,T,89.66,200,89.87,200,TGT
2025-11-14,9:39:53.172644312,T,89.66,200,89.85,100,TGT
2025-11-14,9:39:53.173771990,T,89.66,200,89.82,100,TGT
2025-11-14,9:39:55.450290449,T,89.71,100,89.82,100,TGT
2025-11-14,9:39:59.705372692,T,89.71,100,89.81,100,TGT
2025-11-14,9:39:59.705392823,T,89.71,100,89.8,100,TGT
2025-11-14,9:39:59.705402866,T,89.71,100,89.81,100,TGT
2025-11-14,9:39:59.705402866,T,89.71,100,89.82,100,TGT
2025-11-14,9:39:59.705452886,T,89.71,100,89.83,100,TGT
2025-11-14,9:39:59.706124519,T,89.71,100,89.88,100,TGT
2025-11-14,9:39:59.706405241,T,89.71,100,89.77,100,TGT
2025-11-14,9:39:59.707502767,T,89.71,100,89.87,100,TGT
2025-11-14,9:39:59.707873641,T,89.71,100,89.83,100,TGT
2025-11-14,9:39:59.715466774,T,89.71,100,89.88,100,TGT
2025-11-14,9:39:59.726528121,T,89.71,100,89.89,100,TGT
2025-11-14,9:39:59.805401091,T,89.71,100,89.96,100,TGT
2025-11-14,9:39:59.905314110,T,89.71,100,89.97,300,TGT
2025-11-14,9:39:59.905339205,T,89.71,100,89.97,200,TGT
2025-11-14,9:40:01.136948303,T,89.76,100,89.97,200,TGT
2025-11-14,9:40:01.137900633,T,89.76,100,89.88,100,TGT
2025-11-14,9:40:01.137995983,T,89.76,100,89.88,200,TGT
2025-11-14,9:40:01.137995983,T,89.71,100,89.88,200,TGT
2025-11-14,9:40:01.138211332,T,89.71,100,89.88,300,TGT
2025-11-14,9:40:01.296909316,T,89.71,100,89.88,400,TGT
2025-11-14,9:40:01.296909316,T,89.71,100,89.82,100,TGT
2025-11-14,9:40:01.297410508,T,89.71,100,89.82,200,TGT
2025-11-14,9:40:01.299039392,T,89.71,100,89.82,100,TGT
2025-11-14,9:40:01.307429364,T,89.71,100,89.9,100,TGT
2025-11-14,9:40:01.315628951,T,89.71,100,89.86,100,TGT
2025-11-14,9:40:01.321177129,T,89.71,100,89.9,100,TGT
2025-11-14,9:40:01.397183187,T,89.71,100,89.97,300,TGT
2025-11-14,9:40:01.402500853,T,89.71,100,89.81,200,TGT
2025-11-14,9:40:01.937274853,T,89.71,100,89.81,300,TGT
2025-11-14,9:40:01.938156995,T,89.71,200,89.81,300,TGT
2025-11-14,9:40:01.938377549,T,89.71,200,89.81,100,TGT
2025-11-14,9:40:01.938417770,T,89.71,400,89.81,100,TGT
2025-11-14,9:40:01.988491918,T,89.71,400,89.96,100,TGT
2025-11-14,9:40:02.057431128,T,89.71,300,89.96,100,TGT
2025-11-14,9:40:02.057431128,T,89.71,200,89.96,100,TGT
2025-11-14,9:40:02.057431128,T,89.66,100,89.96,100,TGT
2025-11-14,9:40:02.057496310,T,89.66,100,89.74,100,TGT
2025-11-14,9:40:02.057596545,T,89.66,100,89.89,100,TGT
2025-11-14,9:40:02.057601728,T,89.66,100,89.9,100,TGT
2025-11-14,9:40:02.057726873,T,89.66,100,89.74,100,TGT
2025-11-14,9:40:02.057922382,T,89.66,100,89.74,200,TGT
2025-11-14,9:40:02.059130299,T,89.66,100,89.74,100,TGT
2025-11-14,9:40:02.067941246,T,89.66,100,89.9,300,TGT
2025-11-14,9:40:02.069981174,T,89.66,100,89.9,400,TGT
2025-11-14,9:40:02.070256706,T,89.66,100,89.9,500,TGT
2025-11-14,9:40:02.071424456,T,89.66,100,89.9,400,TGT
2025-11-14,9:40:02.093196351,T,89.66,100,89.9,300,TGT
2025-11-14,9:40:02.098093072,T,89.66,100,89.9,400,TGT
2025-11-14,9:40:02.122420966,T,89.66,100,89.9,500,TGT
2025-11-14,9:40:02.353556633,T,89.66,100,89.9,400,TGT
2025-11-14,9:40:02.937327373,T,89.66,100,89.9,500,TGT
2025-11-14,9:40:06.021399834,T,89.66,100,89.89,100,TGT
2025-11-14,9:40:06.021880945,T,89.66,100,89.9,300,TGT
2025-11-14,9:40:06.022091465,T,89.66,100,89.9,400,TGT
2025-11-14,9:40:06.022301971,T,89.66,100,89.9,500,TGT
2025-11-14,9:40:06.851983539,T,89.61,300,89.9,500,TGT
2025-11-14,9:40:07.137603931,T,89.61,200,89.9,500,TGT
2025-11-14,9:40:07.137623997,T,89.61,200,89.89,100,TGT
2025-11-14,9:40:07.137629040,T,89.61,200,89.88,100,TGT
2025-11-14,9:40:07.137629040,T,89.61,200,89.86,100,TGT
2025-11-14,9:40:07.137639079,T,89.61,200,89.78,100,TGT
2025-11-14,9:40:07.137664115,T,89.61,200,89.77,100,TGT
2025-11-14,9:40:07.138405837,T,89.61,200,89.75,100,TGT
2025-11-14,9:40:07.138420862,T,89.61,200,89.75,200,TGT
2025-11-14,9:40:07.139112610,T,89.61,200,89.75,100,TGT
2025-11-14,9:40:07.139323018,T,89.61,200,89.75,200,TGT
2025-11-14,9:40:07.144916385,T,89.56,100,89.75,200,TGT
2025-11-14,9:40:07.146565283,T,89.56,100,89.75,300,TGT
2025-11-14,9:40:07.149051358,T,89.56,100,89.75,200,TGT
2025-11-14,9:40:07.252252059,T,89.56,100,89.75,300,TGT
2025-11-14,9:40:09.826805668,T,89.56,100,89.75,200,TGT
2025-11-14,9:40:09.827808193,T,89.56,100,89.71,100,TGT
2025-11-14,9:40:09.827823177,T,89.56,100,89.71,200,TGT
2025-11-14,9:40:09.829076095,T,89.56,100,89.71,300,TGT
2025-11-14,9:40:09.859187910,T,89.56,200,89.71,300,TGT
2025-11-14,9:40:09.986260652,T,89.56,200,89.71,200,TGT
2025-11-14,9:40:09.994916235,T,89.56,100,89.71,200,TGT
2025-11-14,9:40:09.994941297,T,89.56,100,89.66,100,TGT
2025-11-14,9:40:09.997201706,T,89.56,100,89.71,200,TGT
2025-11-14,9:40:09.997286872,T,89.56,100,89.71,100,TGT
2025-11-14,9:40:09.997306970,T,89.56,100,89.73,100,TGT
2025-11-14,9:40:09.999326771,T,89.56,100,89.72,100,TGT
2025-11-14,9:40:10.003095724,T,89.56,100,89.73,100,TGT
2025-11-14,9:40:10.032951860,T,89.56,100,89.67,100,TGT
2025-11-14,9:40:10.151985401,T,89.61,100,89.67,100,TGT
2025-11-14,9:40:10.399880976,T,89.61,100,89.73,100,TGT
2025-11-14,9:40:10.400687975,T,89.61,100,89.72,100,TGT
2025-11-14,9:40:10.400702927,T,89.61,100,89.72,200,TGT
2025-11-14,9:40:14.554122978,T,89.61,100,89.72,300,TGT
2025-11-14,9:40:14.560618400,T,89.56,200,89.72,300,TGT
2025-11-14,9:40:14.560638439,T,89.56,100,89.72,300,TGT
2025-11-14,9:40:14.560658471,T,89.56,100,89.72,400,TGT
2025-11-14,9:40:14.560663513,T,89.56,100,89.65,100,TGT
2025-11-14,9:40:14.560748709,T,89.56,100,89.65,200,TGT
2025-11-14,9:40:14.560874055,T,89.56,100,89.65,100,TGT
2025-11-14,9:40:14.561024313,T,89.56,100,89.65,200,TGT
2025-11-14,9:40:14.561034774,T,89.56,100,89.64,100,TGT
2025-11-14,9:40:14.561114542,T,89.56,100,89.65,200,TGT
2025-11-14,9:40:14.561204738,T,89.56,100,89.63,100,TGT
2025-11-14,9:40:14.561690997,T,89.56,100,89.63,200,TGT
2025-11-14,9:40:14.561786199,T,89.56,100,89.63,100,TGT
2025-11-14,9:40:14.562012009,T,89.56,100,89.63,200,TGT
2025-11-14,9:40:14.562808572,T,89.56,100,89.63,100,TGT
2025-11-14,9:40:14.581894047,T,89.56,100,89.65,100,TGT
2025-11-14,9:40:14.594654430,T,89.56,100,89.63,100,TGT
2025-11-14,9:40:14.594689568,T,89.56,100,89.65,100,TGT
2025-11-14,9:40:14.594704652,T,89.56,100,89.63,100,TGT
2025-11-14,9:40:14.604788636,T,89.56,100,89.65,100,TGT
2025-11-14,9:40:14.606227084,T,89.56,100,89.63,100,TGT
2025-11-14,9:40:16.500855739,T,89.56,100,89.69,100,TGT
2025-11-14,9:40:16.500875791,T,89.57,100,89.69,100,TGT
2025-11-14,9:40:16.500905891,T,89.57,100,89.71,100,TGT
2025-11-14,9:40:16.500925936,T,89.57,100,89.69,100,TGT
2025-11-14,9:40:16.500930924,T,89.57,100,89.71,100,TGT
2025-11-14,9:40:16.500941184,T,89.57,100,89.65,100,TGT
2025-11-14,9:40:16.500941184,T,89.56,100,89.65,100,TGT
2025-11-14,9:40:16.500996153,T,89.57,100,89.65,100,TGT
2025-11-14,9:40:16.501121433,T,89.57,100,89.72,100,TGT
2025-11-14,9:40:16.501392072,T,89.57,100,89.66,100,TGT
2025-11-14,9:40:16.502324253,T,89.56,100,89.66,100,TGT
2025-11-14,9:40:16.503126177,T,89.56,100,89.62,100,TGT
2025-11-14,9:40:16.524261524,T,89.56,100,89.62,200,TGT
2025-11-14,9:40:16.524567203,T,89.56,100,89.62,100,TGT
2025-11-14,9:40:17.407610970,T,89.57,100,89.62,100,TGT
2025-11-14,9:40:17.408021937,T,89.57,100,89.74,100,TGT
2025-11-14,9:40:17.408042131,T,89.6,100,89.74,100,TGT
2025-11-14,9:40:17.408077115,T,89.61,100,89.74,100,TGT
2025-11-14,9:40:17.408523130,T,89.61,100,89.73,100,TGT
2025-11-14,9:40:17.408683568,T,89.61,100,89.72,100,TGT
2025-11-14,9:40:17.409129636,T,89.59,100,89.72,100,TGT
2025-11-14,9:40:17.409129636,T,89.56,100,89.72,100,TGT
2025-11-14,9:40:17.409480505,T,89.56,100,89.66,100,TGT
2025-11-14,9:40:17.409650896,T,89.56,100,89.67,100,TGT
2025-11-14,9:40:17.409866392,T,89.56,100,89.67,300,TGT
2025-11-14,9:40:21.348820556,T,89.56,100,89.66,100,TGT
2025-11-14,9:40:21.348820556,T,89.56,100,89.65,100,TGT
2025-11-14,9:40:21.348865638,T,89.56,100,89.66,100,TGT
2025-11-14,9:40:21.348870698,T,89.56,100,89.64,100,TGT
2025-11-14,9:40:21.355852370,T,89.56,100,89.66,100,TGT
2025-11-14,9:40:21.448868900,T,89.56,100,89.72,100,TGT
2025-11-14,9:40:21.942910924,T,89.56,100,89.6,100,TGT
2025-11-14,9:40:22.037446087,T,89.56,100,89.72,100,TGT
2025-11-14,9:40:22.038288176,T,89.56,100,89.7,100,TGT
2025-11-14,9:40:22.048101508,T,89.56,100,89.7,200,TGT
2025-11-14,9:40:22.264968125,T,89.56,100,89.62,100,TGT
2025-11-14,9:40:24.945228617,T,89.56,100,89.72,100,TGT
2025-11-14,9:40:24.945268708,T,89.56,100,89.74,100,TGT
2025-11-14,9:40:24.945323821,T,89.56,200,89.74,100,TGT
2025-11-14,9:40:24.945328822,T,89.56,200,89.72,100,TGT
2025-11-14,9:40:24.945338865,T,89.56,100,89.72,100,TGT
2025-11-14,9:40:24.945363876,T,89.56,100,89.65,100,TGT
2025-11-14,9:40:25.634595874,T,89.56,100,89.65,200,TGT
2025-11-14,9:40:25.634630945,T,89.56,100,89.65,400,TGT
2025-11-14,9:40:29.012874028,T,89.56,100,89.65,300,TGT
2025-11-14,9:40:29.012879049,T,89.56,100,89.65,200,TGT
2025-11-14,9:40:29.012879049,T,89.56,100,89.74,100,TGT
2025-11-14,9:40:29.012899155,T,89.63,100,89.74,100,TGT
2025-11-14,9:40:29.014167161,T,89.61,100,89.74,100,TGT
2025-11-14,9:40:29.023083449,T,89.61,100,89.73,100,TGT
2025-11-14,9:40:29.098427858,T,89.61,100,89.7,100,TGT
2025-11-14,9:40:29.112917444,T,89.56,200,89.7,100,TGT
2025-11-14,9:40:29.167016355,T,89.56,100,89.7,100,TGT
2025-11-14,9:40:29.171752616,T,89.56,100,89.7,200,TGT
2025-11-14,9:40:29.171777671,T,89.56,100,89.68,100,TGT
2025-11-14,9:40:29.171882862,T,89.56,100,89.7,200,TGT
2025-11-14,9:40:29.171882862,T,89.56,100,89.67,100,TGT
2025-11-14,9:40:29.172805083,T,89.56,100,89.7,200,TGT
2025-11-14,9:40:29.421136812,T,89.56,100,89.69,100,TGT
2025-11-14,9:40:29.430614302,T,89.56,100,89.7,100,TGT
2025-11-14,9:40:29.430614302,T,89.56,100,89.69,100,TGT
2025-11-14,9:40:29.430990305,T,89.56,100,89.67,100,TGT
2025-11-14,9:40:29.431015479,T,89.56,100,89.7,100,TGT
2025-11-14,9:40:29.431015479,T,89.56,100,89.67,100,TGT
2025-11-14,9:40:29.431035405,T,89.56,100,89.66,100,TGT
2025-11-14,9:40:29.711102596,T,89.56,100,89.69,100,TGT
2025-11-14,9:40:31.048859783,T,89.56,100,89.65,100,TGT
2025-11-14,9:40:33.903560450,T,89.56,100,89.69,100,TGT
2025-11-14,9:40:34.080015941,T,89.56,100,89.7,200,TGT
2025-11-14,9:40:34.343247973,T,89.56,100,89.7,100,TGT
2025-11-14,9:40:34.343278123,T,89.56,200,89.7,100,TGT
2025-11-14,9:40:34.343889584,T,89.57,100,89.7,100,TGT
2025-11-14,9:40:34.345117497,T,89.63,100,89.7,100,TGT
2025-11-14,9:40:34.346595989,T,89.56,200,89.7,100,TGT
2025-11-14,9:40:34.347738667,T,89.56,100,89.7,100,TGT
2025-11-14,9:40:34.348284976,T,89.57,100,89.7,100,TGT
2025-11-14,9:40:34.348856430,T,89.56,100,89.7,100,TGT
2025-11-14,9:40:34.353327053,T,89.57,100,89.7,100,TGT
2025-11-14,9:40:34.353743046,T,89.56,100,89.7,100,TGT
2025-11-14,9:40:34.353978594,T,89.57,100,89.7,100,TGT
2025-11-14,9:40:34.355822934,T,89.56,100,89.7,100,TGT
2025-11-14,9:40:34.356634964,T,89.57,100,89.7,100,TGT
2025-11-14,9:40:34.357075927,T,89.56,100,89.7,100,TGT
2025-11-14,9:40:34.357857840,T,89.57,100,89.7,100,TGT
2025-11-14,9:40:34.358344036,T,89.56,100,89.7,100,TGT
2025-11-14,9:40:34.359140850,T,89.57,100,89.7,100,TGT
2025-11-14,9:40:34.359922775,T,89.56,100,89.7,100,TGT
2025-11-14,9:40:34.360704648,T,89.57,100,89.7,100,TGT
2025-11-14,9:40:34.361190730,T,89.56,100,89.7,100,TGT
2025-11-14,9:40:34.361977631,T,89.57,100,89.7,100,TGT
2025-11-14,9:40:34.362749457,T,89.56,100,89.7,100,TGT
2025-11-14,9:40:34.363541400,T,89.57,100,89.7,100,TGT
2025-11-14,9:40:34.544342088,T,89.56,100,89.7,100,TGT
2025-11-14,9:40:35.041586763,T,89.56,100,89.7,200,TGT
2025-11-14,9:40:38.051397176,T,89.56,100,89.7,300,TGT
2025-11-14,9:40:39.739052842,T,89.56,100,89.7,200,TGT
2025-11-14,9:40:39.739083025,T,89.58,100,89.7,200,TGT
2025-11-14,9:40:39.744235127,T,89.57,100,89.7,200,TGT
2025-11-14,9:40:39.839121282,T,89.56,200,89.7,200,TGT
2025-11-14,9:40:39.939224722,T,89.56,100,89.7,200,TGT
2025-11-14,9:40:40.905772366,T,89.56,100,89.7,300,TGT
2025-11-14,9:40:40.905772366,T,89.56,100,89.7,200,TGT
2025-11-14,9:40:43.309784589,T,89.56,100,89.7,300,TGT
2025-11-14,9:40:43.320480054,T,89.56,100,89.7,200,TGT
2025-11-14,9:40:44.090028453,T,89.56,100,89.7,300,TGT
2025-11-14,9:40:44.539624567,T,89.56,100,89.7,200,TGT
2025-11-14,9:40:50.505928660,T,89.56,200,89.7,200,TGT
2025-11-14,9:40:50.506860865,T,89.56,100,89.7,200,TGT
2025-11-14,9:40:50.510579749,T,89.56,200,89.7,200,TGT
2025-11-14,9:40:50.936945579,T,89.6,100,89.7,200,TGT
2025-11-14,9:40:50.936945579,T,89.61,100,89.7,200,TGT
2025-11-14,9:40:50.936980679,T,89.62,100,89.7,200,TGT
2025-11-14,9:40:50.937296382,T,89.61,100,89.7,200,TGT
2025-11-14,9:40:50.937727465,T,89.61,100,89.7,100,TGT
2025-11-14,9:40:50.943997417,T,89.6,100,89.7,100,TGT
2025-11-14,9:40:50.944007369,T,89.61,100,89.7,100,TGT
2025-11-14,9:40:51.037109240,T,89.56,100,89.7,100,TGT
