DATE,TIME_M,EX,BID,BIDSIZ,ASK,ASKSIZ,SYM_ROOT
2025-12-24,9:30:00.628448294,T,94.11,300,94.87,100,TGT
2025-12-24,9:30:00.628508494,T,94.11,300,94.57,100,TGT
2025-12-24,9:30:00.628523585,T,94.11,300,94.87,100,TGT
2025-12-24,9:30:00.628749100,T,94.11,300,94.76,100,TGT
2025-12-24,9:30:00.629109986,T,94.11,300,94.55,100,TGT
2025-12-24,9:30:00.629119989,T,94.11,300,94.76,100,TGT
2025-12-24,9:30:00.638452136,T,94.11,300,94.87,100,TGT
2025-12-24,9:30:00.638457187,T,94.11,300,94.98,100,TGT
2025-12-24,9:30:00.997833425,T,94.11,300,95.0,100,TGT
2025-12-24,9:30:00.997863474,T,94.15,100,95.0,100,TGT
2025-12-24,9:30:00.997863474,T,94.29,100,95.0,100,TGT
2025-12-24,9:30:00.997923619,T,94.29,100,95.0,200,TGT
2025-12-24,9:30:00.998785696,T,94.36,100,95.0,200,TGT
2025-12-24,9:30:01.040234468,T,94.36,100,95.0,100,TGT
2025-12-24,9:30:01.057660940,T,94.36,100,94.69,500,TGT
2025-12-24,9:30:01.097856793,T,94.12,100,94.69,500,TGT
2025-12-24,9:30:01.232051488,T,94.39,100,94.69,500,TGT
2025-12-24,9:30:01.245518582,T,94.39,100,94.69,600,TGT
2025-12-24,9:30:01.309064924,T,94.39,100,94.69,500,TGT
2025-12-24,9:30:01.330546111,T,94.4,100,94.69,500,TGT
2025-12-24,9:30:02.662339002,T,94.4,100,94.69,400,TGT
2025-12-24,9:30:05.324400792,T,94.4,100,94.69,500,TGT
2025-12-24,9:30:05.334700312,T,94.4,100,94.69,400,TGT
2025-12-24,9:30:05.334750467,T,94.44,100,94.69,400,TGT
2025-12-24,9:30:05.471867095,T,94.4,100,94.69,400,TGT
2025-12-24,9:30:13.346717834,T,94.41,100,94.69,400,TGT
2025-12-24,9:30:13.446871371,T,94.4,100,94.69,400,TGT
2025-12-24,9:30:15.984968131,T,94.4,100,94.69,500,TGT
2025-12-24,9:30:15.984988262,T,94.4,100,94.68,100,TGT
2025-12-24,9:30:15.984998161,T,94.4,100,94.64,100,TGT
2025-12-24,9:30:15.985018232,T,94.4,100,94.57,100,TGT
2025-12-24,9:30:15.985469258,T,94.4,100,94.64,100,TGT
2025-12-24,9:30:15.985645067,T,94.4,100,94.57,100,TGT
2025-12-24,9:30:15.985845243,T,94.4,100,94.53,100,TGT
2025-12-24,9:30:15.986341612,T,94.34,100,94.53,100,TGT
2025-12-24,9:30:15.986341612,T,94.32,100,94.53,100,TGT
2025-12-24,9:30:15.986627095,T,94.3,100,94.53,100,TGT
2025-12-24,9:30:15.986932814,T,94.27,100,94.53,100,TGT
2025-12-24,9:30:15.986952865,T,94.27,100,94.43,100,TGT
2025-12-24,9:30:15.987293653,T,94.11,400,94.43,100,TGT
2025-12-24,9:30:15.988286010,T,94.11,400,94.53,100,TGT
2025-12-24,9:30:16.005842841,T,94.11,400,94.56,100,TGT
2025-12-24,9:30:16.111138708,T,94.11,400,94.56,200,TGT
2025-12-24,9:30:16.111459472,T,94.11,400,94.51,100,TGT
2025-12-24,9:30:16.111584726,T,94.11,300,94.51,100,TGT
2025-12-24,9:30:16.112441817,T,94.11,300,94.56,200,TGT
2025-12-24,9:30:16.121222690,T,94.11,300,94.56,100,TGT
2025-12-24,9:30:16.185500843,T,94.11,300,94.56,200,TGT
2025-12-24,9:30:16.263937712,T,94.11,300,94.56,100,TGT
2025-12-24,9:30:16.446903668,T,94.11,400,94.56,100,TGT
2025-12-24,9:30:17.182235592,T,94.11,400,94.64,100,TGT
2025-12-24,9:30:17.193036306,T,94.11,400,94.56,100,TGT
2025-12-24,9:30:17.194058871,T,94.11,400,94.64,100,TGT
2025-12-24,9:30:19.622298751,T,94.11,400,94.64,200,TGT
2025-12-24,9:30:19.622298751,T,94.11,400,94.56,100,TGT
2025-12-24,9:30:19.622353802,T,94.11,300,94.56,100,TGT
2025-12-24,9:30:19.622499092,T,94.11,300,94.45,100,TGT
2025-12-24,9:30:19.622534239,T,94.11,300,94.56,100,TGT
2025-12-24,9:30:19.622654435,T,94.11,300,94.46,100,TGT
2025-12-24,9:30:19.637359518,T,94.11,300,94.56,100,TGT
2025-12-24,9:30:19.637615158,T,94.11,300,94.46,100,TGT
2025-12-24,9:30:19.657121567,T,94.11,300,94.56,100,TGT
2025-12-24,9:30:19.666519002,T,94.11,300,94.56,200,TGT
2025-12-24,9:30:20.817220211,T,94.11,300,94.56,100,TGT
2025-12-24,9:30:24.050232451,T,94.11,300,94.64,200,TGT
2025-12-24,9:30:32.637370454,T,94.11,300,94.52,100,TGT
2025-12-24,9:30:32.638563286,T,94.11,300,94.52,200,TGT
2025-12-24,9:30:32.641470289,T,94.11,300,94.52,100,TGT
2025-12-24,9:30:32.654190503,T,94.11,300,94.44,100,TGT
2025-12-24,9:30:33.109976391,T,94.11,300,94.52,100,TGT
2025-12-24,9:30:33.247990184,T,94.11,300,94.43,100,TGT
2025-12-24,9:30:34.118228442,T,94.11,300,94.47,100,TGT
2025-12-24,9:30:34.118544141,T,94.11,300,94.43,100,TGT
2025-12-24,9:30:35.110231658,T,94.11,300,94.52,100,TGT
2025-12-24,9:30:35.110953360,T,94.11,300,94.47,100,TGT
2025-12-24,9:30:41.447765111,T,94.18,100,94.47,100,TGT
2025-12-24,9:30:41.448191113,T,94.18,200,94.47,100,TGT
2025-12-24,9:30:46.924673173,T,94.18,200,94.43,100,TGT
2025-12-24,9:30:46.924703317,T,94.18,200,94.34,100,TGT
2025-12-24,9:30:46.925054126,T,94.18,200,94.43,100,TGT
2025-12-24,9:30:47.473064525,T,94.18,200,94.47,100,TGT
2025-12-24,9:30:47.854072219,T,94.18,200,94.43,100,TGT
2025-12-24,9:30:48.145376218,T,94.18,200,94.47,100,TGT
2025-12-24,9:30:48.430099511,T,94.18,200,94.43,100,TGT
2025-12-24,9:30:48.894410595,T,94.18,200,94.47,100,TGT
2025-12-24,9:30:49.353644656,T,94.18,200,94.43,100,TGT
2025-12-24,9:30:49.597966791,T,94.18,200,94.47,100,TGT
2025-12-24,9:30:49.665282158,T,94.18,200,94.43,100,TGT
2025-12-24,9:30:49.796419594,T,94.18,200,94.47,100,TGT
2025-12-24,9:30:49.796524839,T,94.18,200,94.43,100,TGT
2025-12-24,9:30:50.245719942,T,94.18,200,94.47,100,TGT
2025-12-24,9:30:51.848688774,T,94.18,200,94.44,100,TGT
2025-12-24,9:30:52.512550388,T,94.18,200,94.47,100,TGT
2025-12-24,9:30:53.700009814,T,94.18,100,94.47,100,TGT
2025-12-24,9:30:53.700009814,T,94.11,300,94.47,100,TGT
2025-12-24,9:30:53.700024550,T,94.11,300,94.43,100,TGT
2025-12-24,9:30:53.700029852,T,94.11,300,94.21,100,TGT
2025-12-24,9:30:53.700194991,T,94.11,300,94.31,100,TGT
2025-12-24,9:30:53.700240096,T,94.15,100,94.31,100,TGT
2025-12-24,9:30:53.700260104,T,94.21,100,94.31,100,TGT
2025-12-24,9:30:53.700280189,T,94.11,400,94.31,100,TGT
2025-12-24,9:30:53.700305378,T,94.11,300,94.31,100,TGT
2025-12-24,9:30:53.700681057,T,94.21,100,94.31,100,TGT
2025-12-24,9:30:53.700726258,T,94.11,300,94.31,100,TGT
2025-12-24,9:30:53.701648364,T,94.2,100,94.31,100,TGT
2025-12-24,9:30:53.702204730,T,94.11,300,94.31,100,TGT
2025-12-24,9:30:53.775890309,T,94.17,100,94.31,100,TGT
2025-12-24,9:30:53.776652181,T,94.11,300,94.31,100,TGT
2025-12-24,9:30:53.777424095,T,94.17,100,94.31,100,TGT
2025-12-24,9:30:53.778175750,T,94.11,300,94.31,100,TGT
2025-12-24,9:30:53.778962606,T,94.17,100,94.31,100,TGT
2025-12-24,9:30:53.779724499,T,94.11,300,94.31,100,TGT
2025-12-24,9:30:53.780250762,T,94.17,100,94.31,100,TGT
2025-12-24,9:30:53.781007504,T,94.11,300,94.31,100,TGT
2025-12-24,9:30:53.781528744,T,94.17,100,94.31,100,TGT
2025-12-24,9:30:53.782280506,T,94.11,300,94.31,100,TGT
2025-12-24,9:30:53.782796758,T,94.17,100,94.31,100,TGT
2025-12-24,9:30:53.783553615,T,94.11,300,94.31,100,TGT
2025-12-24,9:30:53.784079851,T,94.17,100,94.31,100,TGT
2025-12-24,9:30:53.784821658,T,94.11,300,94.31,100,TGT
2025-12-24,9:30:53.785347873,T,94.17,100,94.31,100,TGT
2025-12-24,9:30:53.786094660,T,94.11,300,94.31,100,TGT
2025-12-24,9:30:53.800027793,T,94.11,300,94.43,200,TGT
2025-12-24,9:30:53.800614273,T,94.11,300,94.43,100,TGT
2025-12-24,9:30:53.800639251,T,94.17,100,94.43,100,TGT
2025-12-24,9:30:53.801396130,T,94.11,300,94.43,100,TGT
2025-12-24,9:30:53.801927408,T,94.17,100,94.43,100,TGT
2025-12-24,9:30:53.802709237,T,94.11,300,94.43,100,TGT
2025-12-24,9:30:53.803476073,T,94.17,100,94.43,100,TGT
2025-12-24,9:30:53.804222827,T,94.11,300,94.43,100,TGT
2025-12-24,9:30:53.804749035,T,94.17,100,94.43,100,TGT
2025-12-24,9:30:53.805510909,T,94.11,300,94.43,100,TGT
2025-12-24,9:30:53.806032165,T,94.17,100,94.43,100,TGT
2025-12-24,9:30:53.806788929,T,94.11,300,94.43,100,TGT
2025-12-24,9:31:03.413470495,T,94.11,300,94.47,100,TGT
2025-12-24,9:31:03.413495464,T,94.11,400,94.47,100,TGT
2025-12-24,9:31:03.413520541,T,94.15,100,94.47,100,TGT
2025-12-24,9:31:03.413585780,T,94.26,100,94.47,100,TGT
2025-12-24,9:31:03.413976625,T,94.15,100,94.47,100,TGT
2025-12-24,9:31:03.414162088,T,94.26,100,94.47,100,TGT
2025-12-24,9:31:03.414608192,T,94.11,400,94.47,100,TGT
2025-12-24,9:31:03.414793587,T,94.26,100,94.47,100,TGT
2025-12-24,9:31:03.415289743,T,94.11,400,94.47,100,TGT
2025-12-24,9:31:03.415430137,T,94.26,100,94.47,100,TGT
2025-12-24,9:31:03.415791001,T,94.11,400,94.47,100,TGT
2025-12-24,9:31:03.416061655,T,94.26,100,94.47,100,TGT
2025-12-24,9:31:03.416542761,T,94.11,400,94.47,100,TGT
2025-12-24,9:31:03.416713147,T,94.26,100,94.47,100,TGT
2025-12-24,9:31:03.417314575,T,94.11,400,94.47,100,TGT
2025-12-24,9:31:03.417484963,T,94.26,100,94.47,100,TGT
2025-12-24,9:31:03.417956145,T,94.11,400,94.47,100,TGT
2025-12-24,9:31:03.418081489,T,94.26,100,94.47,100,TGT
2025-12-24,9:31:03.418712979,T,94.11,400,94.47,100,TGT
2025-12-24,9:31:03.418893344,T,94.26,100,94.47,100,TGT
2025-12-24,9:31:03.419454744,T,94.11,400,94.47,100,TGT
2025-12-24,9:31:03.419590005,T,94.26,100,94.47,100,TGT
2025-12-24,9:31:03.420151368,T,94.11,400,94.47,100,TGT
2025-12-24,9:31:03.420366906,T,94.26,100,94.47,100,TGT
2025-12-24,9:31:03.420858091,T,94.11,400,94.47,100,TGT
2025-12-24,9:31:03.421935573,T,94.19,100,94.47,100,TGT
2025-12-24,9:31:18.872494689,T,94.2,100,94.47,100,TGT
2025-12-24,9:31:18.872695155,T,94.2,300,94.47,100,TGT
2025-12-24,9:31:18.872705115,T,94.2,400,94.47,100,TGT
2025-12-24,9:31:20.518195258,T,94.25,100,94.47,100,TGT
2025-12-24,9:31:20.518240324,T,94.25,300,94.47,100,TGT
2025-12-24,9:31:20.518255506,T,94.32,100,94.47,100,TGT
2025-12-24,9:31:20.518270384,T,94.32,100,94.55,200,TGT
2025-12-24,9:31:20.518285420,T,94.32,100,94.47,100,TGT
2025-12-24,9:31:20.518295505,T,94.41,100,94.47,100,TGT
2025-12-24,9:31:20.518310566,T,94.41,100,94.48,100,TGT
2025-12-24,9:31:20.518315549,T,94.41,100,94.55,200,TGT
2025-12-24,9:31:20.518486671,T,94.32,100,94.55,200,TGT
2025-12-24,9:31:20.518521017,T,94.32,200,94.55,200,TGT
2025-12-24,9:31:20.518651314,T,94.41,100,94.55,200,TGT
2025-12-24,9:31:20.518967118,T,94.45,100,94.55,200,TGT
2025-12-24,9:31:20.519999536,T,94.41,100,94.55,200,TGT
2025-12-24,9:31:20.521057090,T,94.41,100,94.55,300,TGT
2025-12-24,9:31:20.523162082,T,94.41,100,94.55,100,TGT
2025-12-24,9:31:20.528670135,T,94.32,200,94.55,100,TGT
2025-12-24,9:31:20.533571888,T,94.32,100,94.55,100,TGT
2025-12-24,9:31:20.543269915,T,94.32,100,94.48,100,TGT
2025-12-24,9:31:20.543315106,T,94.32,100,94.69,500,TGT
2025-12-24,9:31:20.543340135,T,94.36,100,94.69,500,TGT
2025-12-24,9:31:20.543540697,T,94.36,100,94.6,200,TGT
2025-12-24,9:31:20.543560642,T,94.32,200,94.6,200,TGT
2025-12-24,9:31:20.562440634,T,94.32,100,94.6,200,TGT
2025-12-24,9:31:20.569036375,T,94.32,200,94.6,200,TGT
2025-12-24,9:31:26.301247408,T,94.32,200,94.69,500,TGT
2025-12-24,9:31:27.420799598,T,94.32,200,94.64,200,TGT
2025-12-24,9:31:29.299089384,T,94.32,100,94.64,200,TGT
2025-12-24,9:31:38.007400782,T,94.25,100,94.64,200,TGT
2025-12-24,9:31:41.966247151,T,94.33,200,94.64,200,TGT
2025-12-24,9:31:46.172442984,T,94.36,100,94.64,200,TGT
2025-12-24,9:31:46.192991927,T,94.33,200,94.64,200,TGT
2025-12-24,9:31:46.205170895,T,94.26,200,94.64,200,TGT
2025-12-24,9:32:22.487523869,T,94.26,200,94.55,100,TGT
2025-12-24,9:32:22.487734423,T,94.26,200,94.55,200,TGT
2025-12-24,9:32:22.487999948,T,94.26,200,94.55,100,TGT
2025-12-24,9:32:40.492548394,T,94.26,200,94.54,100,TGT
2025-12-24,9:32:40.492553377,T,94.26,200,94.54,200,TGT
2025-12-24,9:32:40.493044595,T,94.26,200,94.54,300,TGT
2025-12-24,9:32:40.499560030,T,94.26,200,94.54,200,TGT
2025-12-24,9:32:40.512751496,T,94.26,200,94.54,100,TGT
2025-12-24,9:32:40.575511022,T,94.26,200,94.47,100,TGT
2025-12-24,9:32:40.575516097,T,94.26,200,94.47,200,TGT
2025-12-24,9:32:40.576147498,T,94.26,200,94.47,300,TGT
2025-12-24,9:32:40.576428246,T,94.26,200,94.47,400,TGT
2025-12-24,9:32:40.580312451,T,94.25,100,94.47,400,TGT
2025-12-24,9:32:40.582633030,T,94.25,100,94.47,300,TGT
2025-12-24,9:32:40.585574954,T,94.25,100,94.47,200,TGT
2025-12-24,9:32:40.585580017,T,94.25,100,94.47,100,TGT
2025-12-24,9:32:40.895964588,T,94.28,200,94.47,100,TGT
2025-12-24,9:32:45.578740613,T,94.28,200,94.62,100,TGT
2025-12-24,9:32:53.542423093,T,94.28,200,94.58,200,TGT
2025-12-24,9:32:54.348468566,T,94.25,100,94.58,200,TGT
2025-12-24,9:33:18.595604201,T,94.21,300,94.58,200,TGT
2025-12-24,9:33:18.595634182,T,94.21,200,94.58,200,TGT
2025-12-24,9:33:18.595965035,T,94.21,200,94.45,100,TGT
2025-12-24,9:33:18.596626654,T,94.21,200,94.58,200,TGT
2025-12-24,9:33:18.596761872,T,94.21,200,94.46,100,TGT
2025-12-24,9:33:19.597024907,T,94.21,200,94.58,200,TGT
2025-12-24,9:33:30.670230472,T,94.21,200,94.55,100,TGT
2025-12-24,9:33:32.720384551,T,94.21,200,94.45,100,TGT
2025-12-24,9:33:32.720495005,T,94.21,200,94.45,200,TGT
2025-12-24,9:33:32.720499828,T,94.21,200,94.4,100,TGT
2025-12-24,9:33:32.720509809,T,94.21,200,94.4,200,TGT
2025-12-24,9:33:32.721231468,T,94.21,300,94.4,200,TGT
2025-12-24,9:33:32.721246561,T,94.21,200,94.4,200,TGT
2025-12-24,9:33:32.721256606,T,94.21,200,94.4,100,TGT
2025-12-24,9:33:32.721261549,T,94.21,300,94.4,100,TGT
2025-12-24,9:33:32.721261549,T,94.23,100,94.4,100,TGT
2025-12-24,9:33:32.721281581,T,94.23,100,94.4,200,TGT
2025-12-24,9:33:32.721296650,T,94.26,100,94.4,200,TGT
2025-12-24,9:33:32.721306874,T,94.23,100,94.4,200,TGT
2025-12-24,9:33:32.721341791,T,94.23,100,94.4,100,TGT
2025-12-24,9:33:32.721346811,T,94.24,100,94.4,100,TGT
2025-12-24,9:33:32.721377152,T,94.26,100,94.4,100,TGT
2025-12-24,9:33:32.721497154,T,94.26,100,94.45,300,TGT
2025-12-24,9:33:32.721943243,T,94.26,100,94.4,100,TGT
2025-12-24,9:33:32.722424311,T,94.24,100,94.4,100,TGT
2025-12-24,9:33:32.723381659,T,94.24,100,94.44,100,TGT
2025-12-24,9:33:32.729010080,T,94.23,100,94.44,100,TGT
2025-12-24,9:33:32.731972149,T,94.23,100,94.45,200,TGT
2025-12-24,9:33:32.733540784,T,94.23,100,94.45,100,TGT
2025-12-24,9:33:32.922726558,T,94.23,100,94.45,200,TGT
2025-12-24,9:33:33.671014357,T,94.23,100,94.45,100,TGT
2025-12-24,9:33:56.820414541,T,94.29,100,94.45,100,TGT
2025-12-24,9:34:02.331920200,T,94.29,100,94.45,200,TGT
2025-12-24,9:34:02.331920200,T,94.29,100,94.42,100,TGT
2025-12-24,9:34:02.331920200,T,94.29,100,94.39,100,TGT
2025-12-24,9:34:02.331925054,T,94.29,100,94.35,100,TGT
2025-12-24,9:34:02.332351072,T,94.26,100,94.35,100,TGT
2025-12-24,9:34:02.332361137,T,94.29,100,94.35,100,TGT
2025-12-24,9:34:02.332376149,T,94.26,100,94.35,100,TGT
2025-12-24,9:34:02.332391105,T,94.23,100,94.35,100,TGT
2025-12-24,9:34:02.332441270,T,94.23,100,94.31,100,TGT
2025-12-24,9:34:02.332481352,T,94.23,100,94.35,100,TGT
2025-12-24,9:34:02.332481352,T,94.23,100,94.42,200,TGT
2025-12-24,9:34:02.332511450,T,94.23,100,94.42,100,TGT
2025-12-24,9:34:02.332847204,T,94.26,100,94.42,100,TGT
2025-12-24,9:34:02.332922366,T,94.26,100,94.42,200,TGT
2025-12-24,9:34:02.333107847,T,94.26,100,94.41,100,TGT
2025-12-24,9:34:02.333133054,T,94.26,100,94.42,200,TGT
2025-12-24,9:34:02.333263168,T,94.26,100,94.41,100,TGT
2025-12-24,9:34:02.333278201,T,94.26,100,94.42,200,TGT
2025-12-24,9:34:02.333293250,T,94.26,100,94.41,100,TGT
2025-12-24,9:34:02.333338411,T,94.26,100,94.42,200,TGT
2025-12-24,9:34:02.341979019,T,94.26,100,94.42,100,TGT
2025-12-24,9:34:02.342139395,T,94.26,100,94.45,200,TGT
2025-12-24,9:34:02.342269663,T,94.26,100,94.45,100,TGT
2025-12-24,9:34:11.997892771,T,94.23,100,94.45,100,TGT
2025-12-24,9:34:11.997892771,T,94.2,100,94.45,100,TGT
2025-12-24,9:34:11.997913172,T,94.2,100,94.41,100,TGT
2025-12-24,9:34:11.997917813,T,94.2,100,94.39,100,TGT
2025-12-24,9:34:11.997947937,T,94.2,100,94.41,100,TGT
2025-12-24,9:34:11.998128379,T,94.2,100,94.41,200,TGT
2025-12-24,9:34:11.998198484,T,94.2,100,94.39,100,TGT
2025-12-24,9:34:11.998204247,T,94.2,100,94.41,200,TGT
2025-12-24,9:34:11.998208948,T,94.23,100,94.41,200,TGT
2025-12-24,9:34:11.998218589,T,94.25,100,94.41,200,TGT
2025-12-24,9:34:11.998223535,T,94.26,100,94.41,200,TGT
2025-12-24,9:34:11.998289074,T,94.25,100,94.41,200,TGT
2025-12-24,9:34:11.998289074,T,94.23,100,94.41,200,TGT
2025-12-24,9:34:11.998293803,T,94.25,100,94.41,200,TGT
2025-12-24,9:34:11.998318868,T,94.23,100,94.41,200,TGT
2025-12-24,9:34:11.998388929,T,94.21,100,94.41,200,TGT
2025-12-24,9:34:11.998539308,T,94.21,100,94.39,100,TGT
2025-12-24,9:34:11.998574391,T,94.23,100,94.39,100,TGT
2025-12-24,9:34:11.998699668,T,94.23,100,94.41,200,TGT
2025-12-24,9:34:11.999261018,T,94.23,100,94.39,100,TGT
2025-12-24,9:34:11.999281071,T,94.23,100,94.38,100,TGT
2025-12-24,9:34:11.999301128,T,94.23,100,94.39,100,TGT
2025-12-24,9:34:11.999351245,T,94.23,100,94.38,100,TGT
2025-12-24,9:34:11.999366322,T,94.23,100,94.37,100,TGT
2025-12-24,9:34:11.999366322,T,94.23,100,94.38,100,TGT
2025-12-24,9:34:11.999536764,T,94.21,100,94.38,100,TGT
2025-12-24,9:34:11.999666985,T,94.27,100,94.38,100,TGT
2025-12-24,9:34:12.006393109,T,94.27,100,94.39,100,TGT
2025-12-24,9:34:12.008523113,T,94.27,100,94.39,200,TGT
2025-12-24,9:34:12.009405252,T,94.27,100,94.39,100,TGT
2025-12-24,9:34:20.475514760,T,94.27,100,94.43,100,TGT
2025-12-24,9:34:20.528786717,T,94.27,100,94.44,100,TGT
2025-12-24,9:34:20.528871884,T,94.27,200,94.44,100,TGT
2025-12-24,9:34:20.528911972,T,94.28,100,94.44,100,TGT
2025-12-24,9:34:20.529217785,T,94.23,100,94.44,100,TGT
2025-12-24,9:34:20.529403131,T,94.28,100,94.44,100,TGT
2025-12-24,9:34:20.529438249,T,94.29,100,94.44,100,TGT
2025-12-24,9:34:20.529448276,T,94.28,100,94.44,100,TGT
2025-12-24,9:34:20.529473358,T,94.23,100,94.44,100,TGT
2025-12-24,9:34:20.608291075,T,94.28,100,94.44,100,TGT
2025-12-24,9:34:20.608381353,T,94.31,100,94.44,100,TGT
2025-12-24,9:34:20.608656944,T,94.31,100,94.46,100,TGT
2025-12-24,9:34:20.608687001,T,94.31,100,94.47,200,TGT
2025-12-24,9:34:20.608727205,T,94.31,100,94.47,300,TGT
2025-12-24,9:34:20.728993685,T,94.28,100,94.47,300,TGT
2025-12-24,9:34:23.584546386,T,94.23,100,94.47,300,TGT
2025-12-24,9:34:23.584581659,T,94.2,100,94.47,300,TGT
2025-12-24,9:34:23.584611602,T,94.2,100,94.46,100,TGT
2025-12-24,9:34:23.584621611,T,94.2,100,94.47,300,TGT
2025-12-24,9:34:26.355513181,T,94.2,100,94.46,100,TGT
2025-12-24,9:34:26.355838862,T,94.28,100,94.46,100,TGT
2025-12-24,9:34:26.355858996,T,94.28,100,94.47,300,TGT
2025-12-24,9:34:26.355879310,T,94.2,100,94.47,300,TGT
2025-12-24,9:34:26.355879310,T,94.33,100,94.47,300,TGT
2025-12-24,9:34:26.355879310,T,94.33,100,94.46,100,TGT
2025-12-24,9:34:26.355899004,T,94.31,100,94.46,100,TGT
2025-12-24,9:34:26.355899004,T,94.31,100,94.38,100,TGT
2025-12-24,9:34:26.355919149,T,94.33,100,94.38,100,TGT
2025-12-24,9:34:26.355999286,T,94.2,100,94.38,100,TGT
2025-12-24,9:34:26.356931456,T,94.2,100,94.44,100,TGT
2025-12-24,9:34:26.356956524,T,94.2,100,94.46,100,TGT
2025-12-24,9:34:26.357898780,T,94.15,100,94.46,100,TGT
2025-12-24,9:34:26.357938851,T,94.2,100,94.46,100,TGT
2025-12-24,9:34:26.372162814,T,94.32,100,94.46,100,TGT
2025-12-24,9:34:26.372182785,T,94.32,100,94.47,300,TGT
2025-12-24,9:34:26.372207847,T,94.32,200,94.47,300,TGT
2025-12-24,9:34:26.372207847,T,94.32,200,94.46,100,TGT
2025-12-24,9:34:26.389228521,T,94.32,200,94.47,300,TGT
2025-12-24,9:34:35.471510873,T,94.32,300,94.47,300,TGT
2025-12-24,9:34:37.130257513,T,94.32,200,94.47,300,TGT
2025-12-24,9:34:37.130808892,T,94.32,200,94.47,200,TGT
2025-12-24,9:34:37.130909071,T,94.33,100,94.47,200,TGT
2025-12-24,9:34:37.130979219,T,94.34,100,94.47,200,TGT
2025-12-24,9:34:37.131244912,T,94.34,100,94.48,100,TGT
2025-12-24,9:34:37.132172092,T,94.34,100,94.49,100,TGT
2025-12-24,9:34:37.132948949,T,94.33,100,94.49,100,TGT
2025-12-24,9:34:53.861898592,T,94.33,100,94.47,100,TGT
2025-12-24,9:35:04.709762783,T,94.35,100,94.47,100,TGT
2025-12-24,9:35:04.709767407,T,94.36,100,94.47,100,TGT
2025-12-24,9:35:04.709777581,T,94.37,100,94.47,100,TGT
2025-12-24,9:35:04.709782459,T,94.36,100,94.47,100,TGT
2025-12-24,9:35:04.709797455,T,94.41,100,94.47,100,TGT
2025-12-24,9:35:04.709967859,T,94.41,200,94.47,100,TGT
2025-12-24,9:35:04.710654522,T,94.42,100,94.47,100,TGT
2025-12-24,9:35:04.710664554,T,94.42,100,94.53,300,TGT
2025-12-24,9:35:04.710664554,T,94.42,100,94.5,100,TGT
2025-12-24,9:35:04.710669879,T,94.42,100,94.53,300,TGT
2025-12-24,9:35:04.710674490,T,94.42,100,94.47,100,TGT
2025-12-24,9:35:04.710684520,T,94.44,100,94.47,100,TGT
2025-12-24,9:35:04.710714679,T,94.44,100,94.53,200,TGT
2025-12-24,9:35:04.710734627,T,94.45,100,94.53,200,TGT
2025-12-24,9:35:04.710829946,T,94.45,200,94.53,200,TGT
2025-12-24,9:35:04.711366177,T,94.45,200,94.53,300,TGT
2025-12-24,9:35:04.711461380,T,94.45,200,94.53,200,TGT
2025-12-24,9:35:04.711817263,T,94.45,100,94.53,200,TGT
2025-12-24,9:35:04.718448072,T,94.45,100,94.59,100,TGT
2025-12-24,9:35:04.718453015,T,94.45,100,94.59,300,TGT
2025-12-24,9:35:04.750860373,T,94.44,100,94.59,300,TGT
2025-12-24,9:35:04.750880351,T,94.44,100,94.47,100,TGT
2025-12-24,9:35:04.750900409,T,94.43,100,94.47,100,TGT
2025-12-24,9:35:04.750905376,T,94.41,100,94.47,100,TGT
2025-12-24,9:35:04.750920444,T,94.41,100,94.44,100,TGT
2025-12-24,9:35:04.750945453,T,94.41,100,94.47,100,TGT
2025-12-24,9:35:04.750965480,T,94.41,200,94.47,100,TGT
2025-12-24,9:35:04.751436649,T,94.41,200,94.59,300,TGT
2025-12-24,9:35:04.761295102,T,94.41,100,94.59,300,TGT
2025-12-24,9:35:06.666955168,T,94.41,100,94.59,200,TGT
2025-12-24,9:35:06.875091507,T,94.37,100,94.59,200,TGT
2025-12-24,9:35:06.875091507,T,94.37,100,94.59,300,TGT
2025-12-24,9:35:06.875101110,T,94.35,100,94.59,300,TGT
2025-12-24,9:35:06.875106145,T,94.35,100,94.55,100,TGT
2025-12-24,9:35:06.875111117,T,94.35,100,94.44,100,TGT
2025-12-24,9:35:06.875376722,T,94.33,100,94.44,100,TGT
2025-12-24,9:35:06.875411809,T,94.29,200,94.44,100,TGT
2025-12-24,9:35:06.875612326,T,94.29,200,94.44,200,TGT
2025-12-24,9:35:06.875662476,T,94.29,200,94.44,100,TGT
2025-12-24,9:35:06.876639791,T,94.29,200,94.44,200,TGT
2025-12-24,9:35:06.877226186,T,94.3,100,94.44,200,TGT
2025-12-24,9:35:08.318905592,T,94.3,100,94.44,300,TGT
2025-12-24,9:35:08.433658947,T,94.3,100,94.44,200,TGT
2025-12-24,9:35:08.597910179,T,94.3,100,94.44,100,TGT
2025-12-24,9:35:12.506401998,T,94.33,100,94.44,100,TGT
2025-12-24,9:35:12.506416952,T,94.35,100,94.44,100,TGT
2025-12-24,9:35:12.506426961,T,94.33,100,94.44,100,TGT
2025-12-24,9:35:12.506451981,T,94.35,100,94.44,100,TGT
2025-12-24,9:35:12.506747657,T,94.35,100,94.55,200,TGT
2025-12-24,9:35:12.606996529,T,94.33,100,94.55,200,TGT
2025-12-24,9:35:12.706989870,T,94.29,200,94.55,200,TGT
2025-12-24,9:35:12.707055010,T,94.33,100,94.55,200,TGT
2025-12-24,9:35:12.708899474,T,94.29,200,94.55,200,TGT
2025-12-24,9:35:12.712092008,T,94.33,100,94.55,200,TGT
2025-12-24,9:35:13.635827642,T,94.29,200,94.55,200,TGT
2025-12-24,9:35:22.640329336,T,94.32,100,94.55,200,TGT
2025-12-24,9:35:31.463258828,T,94.32,200,94.55,200,TGT
2025-12-24,9:35:31.464637144,T,94.33,100,94.55,200,TGT
2025-12-24,9:35:32.395048644,T,94.34,100,94.55,200,TGT
2025-12-24,9:35:32.450746355,T,94.34,200,94.55,200,TGT
2025-12-24,9:35:32.450746355,T,94.35,100,94.55,200,TGT
2025-12-24,9:35:32.450751407,T,94.39,100,94.55,200,TGT
2025-12-24,9:35:32.450756355,T,94.4,100,94.55,200,TGT
2025-12-24,9:35:32.450766480,T,94.39,100,94.55,200,TGT
2025-12-24,9:35:32.450776419,T,94.4,100,94.55,200,TGT
2025-12-24,9:35:32.450801516,T,94.44,100,94.55,200,TGT
2025-12-24,9:35:32.450851904,T,94.41,100,94.55,200,TGT
2025-12-24,9:35:32.451057116,T,94.4,100,94.55,200,TGT
2025-12-24,9:35:32.451082138,T,94.44,100,94.55,200,TGT
2025-12-24,9:35:32.451122538,T,94.41,100,94.55,200,TGT
2025-12-24,9:35:32.451122538,T,94.44,100,94.55,200,TGT
2025-12-24,9:35:32.451142285,T,94.41,100,94.55,200,TGT
2025-12-24,9:35:32.455447577,T,94.41,100,94.8,100,TGT
2025-12-24,9:35:32.455452633,T,94.41,100,94.65,200,TGT
2025-12-24,9:35:32.456159339,T,94.4,100,94.65,200,TGT
2025-12-24,9:35:32.456199403,T,94.4,100,94.58,200,TGT
2025-12-24,9:35:37.909010011,T,94.4,100,94.65,200,TGT
2025-12-24,9:35:38.701713420,T,94.48,100,94.65,200,TGT
2025-12-24,9:35:57.288759620,T,94.4,100,94.65,200,TGT
2025-12-24,9:36:03.999467090,T,94.4,100,94.57,100,TGT
2025-12-24,9:36:03.999472087,T,94.4,100,94.56,100,TGT
2025-12-24,9:36:03.999858071,T,94.4,100,94.57,100,TGT
2025-12-24,9:36:04.000018380,T,94.44,100,94.57,100,TGT
2025-12-24,9:36:04.016547797,T,94.47,100,94.57,100,TGT
2025-12-24,9:36:06.382098628,T,94.52,100,94.57,100,TGT
2025-12-24,9:36:06.384263746,T,94.47,100,94.57,100,TGT
2025-12-24,9:36:06.384263746,T,94.4,100,94.57,100,TGT
2025-12-24,9:36:06.384284183,T,94.4,100,94.53,100,TGT
2025-12-24,9:36:06.384288962,T,94.4,100,94.56,100,TGT
2025-12-24,9:36:06.384288962,T,94.4,100,94.57,100,TGT
2025-12-24,9:36:06.384303864,T,94.42,100,94.57,100,TGT
2025-12-24,9:36:06.384319210,T,94.44,100,94.57,100,TGT
2025-12-24,9:36:06.384323936,T,94.42,100,94.57,100,TGT
2025-12-24,9:36:06.384343978,T,94.53,100,94.57,100,TGT
2025-12-24,9:36:06.384373962,T,94.53,100,94.65,200,TGT
2025-12-24,9:36:06.384729918,T,94.54,100,94.65,200,TGT
2025-12-24,9:36:06.384744845,T,94.56,100,94.65,200,TGT
2025-12-24,9:36:06.385115725,T,94.56,100,94.65,500,TGT
2025-12-24,9:36:06.385125845,T,94.56,100,94.65,200,TGT
2025-12-24,9:36:06.385150834,T,94.53,100,94.65,200,TGT
2025-12-24,9:36:06.385155925,T,94.53,100,94.57,100,TGT
2025-12-24,9:36:06.385391486,T,94.44,100,94.57,100,TGT
2025-12-24,9:36:06.387130540,T,94.44,100,94.65,200,TGT
2025-12-24,9:36:06.387150587,T,94.47,100,94.65,200,TGT
2025-12-24,9:36:06.387150587,T,94.53,100,94.65,200,TGT
2025-12-24,9:36:06.387155694,T,94.54,100,94.65,200,TGT
2025-12-24,9:36:06.387155694,T,94.54,200,94.65,200,TGT
2025-12-24,9:36:06.387170657,T,94.54,100,94.65,200,TGT
2025-12-24,9:36:06.387707000,T,94.53,200,94.65,200,TGT
2025-12-24,9:36:06.388183113,T,94.54,100,94.65,200,TGT
2025-12-24,9:36:06.394869059,T,94.56,100,94.65,200,TGT
2025-12-24,9:36:06.394979328,T,94.56,100,94.7,100,TGT
2025-12-24,9:36:06.394989343,T,94.56,100,94.7,300,TGT
2025-12-24,9:36:06.395340452,T,94.56,100,94.7,200,TGT
2025-12-24,9:36:06.395430372,T,94.54,100,94.7,200,TGT
2025-12-24,9:36:06.395590751,T,94.54,200,94.7,200,TGT
2025-12-24,9:36:06.395620851,T,94.54,100,94.7,200,TGT
2025-12-24,9:36:06.487239813,T,94.52,100,94.7,200,TGT
2025-12-24,9:36:06.587362754,T,94.47,100,94.7,200,TGT
2025-12-24,9:36:06.986934601,T,94.44,100,94.7,200,TGT
2025-12-24,9:36:06.986954588,T,94.44,100,94.62,100,TGT
2025-12-24,9:36:06.987656281,T,94.4,100,94.62,100,TGT
2025-12-24,9:36:06.987691393,T,94.42,100,94.62,100,TGT
2025-12-24,9:36:06.988022100,T,94.42,100,94.7,200,TGT
2025-12-24,9:36:07.877410749,T,94.42,100,94.7,300,TGT
2025-12-24,9:36:07.877425828,T,94.42,100,94.67,100,TGT
2025-12-24,9:36:07.877440866,T,94.42,100,94.7,300,TGT
2025-12-24,9:36:07.927795854,T,94.42,100,94.7,200,TGT
2025-12-24,9:36:08.521144314,T,94.56,100,94.7,200,TGT
2025-12-24,9:36:08.521209543,T,94.57,100,94.7,200,TGT
2025-12-24,9:36:08.683706657,T,94.56,100,94.7,200,TGT
2025-12-24,9:36:13.547970244,T,94.56,100,94.7,300,TGT
2025-12-24,9:36:13.558109429,T,94.56,100,94.7,200,TGT
2025-12-24,9:36:13.748252350,T,94.42,100,94.7,200,TGT
2025-12-24,9:36:13.748252350,T,94.4,100,94.7,200,TGT
2025-12-24,9:36:13.748272432,T,94.4,100,94.7,300,TGT
2025-12-24,9:36:13.748272432,T,94.4,100,94.6,100,TGT
2025-12-24,9:36:13.748828743,T,94.4,100,94.66,100,TGT
2025-12-24,9:36:13.748853764,T,94.4,100,94.67,100,TGT
2025-12-24,9:36:13.748888900,T,94.4,100,94.64,100,TGT
2025-12-24,9:36:13.753595104,T,94.42,100,94.64,100,TGT
2025-12-24,9:36:13.753605099,T,94.44,100,94.64,100,TGT
2025-12-24,9:36:13.753610114,T,94.42,100,94.64,100,TGT
2025-12-24,9:36:13.753615197,T,94.44,100,94.64,100,TGT
2025-12-24,9:36:13.754958349,T,94.45,100,94.64,100,TGT
2025-12-24,9:36:13.754958349,T,94.44,100,94.64,100,TGT
2025-12-24,9:36:13.755138799,T,94.45,100,94.64,100,TGT
2025-12-24,9:36:13.755459780,T,94.44,100,94.64,100,TGT
2025-12-24,9:36:13.755479617,T,94.44,100,94.61,100,TGT
2025-12-24,9:36:13.755825421,T,94.45,100,94.61,100,TGT
2025-12-24,9:36:13.756201264,T,94.46,100,94.61,100,TGT
2025-12-24,9:36:13.756201264,T,94.51,100,94.61,100,TGT
2025-12-24,9:36:13.756512102,T,94.51,100,94.66,100,TGT
2025-12-24,9:36:13.758271267,T,94.51,100,94.67,100,TGT
2025-12-24,9:36:13.763303268,T,94.56,100,94.67,100,TGT
2025-12-24,9:36:13.797980874,T,94.56,100,94.7,300,TGT
2025-12-24,9:36:13.849719155,T,94.56,100,94.7,200,TGT
2025-12-24,9:36:15.811533311,T,94.56,100,94.65,100,TGT
2025-12-24,9:36:30.745466116,T,94.56,100,94.7,200,TGT
2025-12-24,9:36:31.862742783,T,94.56,100,94.6,100,TGT
2025-12-24,9:36:32.570168032,T,94.44,300,94.6,100,TGT
2025-12-24,9:36:32.570188072,T,94.44,200,94.6,100,TGT
2025-12-24,9:36:32.570243230,T,94.44,200,94.6,200,TGT
2025-12-24,9:36:32.570353468,T,94.44,200,94.6,100,TGT
2025-12-24,9:36:32.637087564,T,94.44,200,94.6,200,TGT
2025-12-24,9:36:35.211826383,T,94.44,300,94.6,200,TGT
2025-12-24,9:36:35.211926763,T,94.44,300,94.6,100,TGT
2025-12-24,9:36:35.227147898,T,94.44,300,94.7,200,TGT
2025-12-24,9:36:35.227173415,T,94.45,100,94.7,200,TGT
2025-12-24,9:36:35.227178085,T,94.47,100,94.7,200,TGT
2025-12-24,9:36:35.227183186,T,94.49,100,94.7,200,TGT
2025-12-24,9:36:35.227188016,T,94.53,100,94.7,200,TGT
2025-12-24,9:36:35.227208181,T,94.5,100,94.7,200,TGT
2025-12-24,9:36:35.227944825,T,94.53,100,94.7,200,TGT
2025-12-24,9:36:35.234204746,T,94.5,100,94.7,200,TGT
2025-12-24,9:36:35.243652186,T,94.48,100,94.7,200,TGT
2025-12-24,9:36:35.247175760,T,94.47,100,94.7,200,TGT
2025-12-24,9:36:35.427339819,T,94.44,300,94.7,200,TGT
2025-12-24,9:36:35.427575392,T,94.47,100,94.7,200,TGT
2025-12-24,9:36:35.871944140,T,94.51,100,94.7,200,TGT
2025-12-24,9:36:45.231271189,T,94.51,100,94.65,100,TGT
2025-12-24,9:37:04.415064346,T,94.52,100,94.65,100,TGT
2025-12-24,9:37:04.415069341,T,94.53,100,94.65,100,TGT
2025-12-24,9:37:04.415104479,T,94.57,100,94.65,100,TGT
2025-12-24,9:37:04.415114526,T,94.57,100,94.7,200,TGT
2025-12-24,9:37:04.415139982,T,94.61,100,94.7,200,TGT
2025-12-24,9:37:04.415139982,T,94.61,200,94.7,200,TGT
2025-12-24,9:37:04.415189676,T,94.61,100,94.7,200,TGT
2025-12-24,9:37:04.415189676,T,94.58,100,94.7,200,TGT
2025-12-24,9:37:04.415214785,T,94.58,100,94.64,100,TGT
2025-12-24,9:37:04.415214785,T,94.57,100,94.64,100,TGT
2025-12-24,9:37:04.415274816,T,94.57,100,94.64,200,TGT
2025-12-24,9:37:04.415385090,T,94.57,100,94.64,100,TGT
2025-12-24,9:37:04.415390515,T,94.57,100,94.7,200,TGT
2025-12-24,9:37:04.415395122,T,94.59,100,94.7,200,TGT
2025-12-24,9:37:04.415415223,T,94.61,100,94.7,200,TGT
2025-12-24,9:37:04.415475392,T,94.61,200,94.7,200,TGT
2025-12-24,9:37:04.415490370,T,94.61,100,94.7,200,TGT
2025-12-24,9:37:04.415781093,T,94.61,100,94.65,100,TGT
2025-12-24,9:37:04.416006669,T,94.61,100,94.7,200,TGT
2025-12-24,9:37:04.416026759,T,94.63,100,94.7,200,TGT
2025-12-24,9:37:04.416031688,T,94.63,200,94.7,200,TGT
2025-12-24,9:37:04.416056706,T,94.64,100,94.7,200,TGT
2025-12-24,9:37:04.416297604,T,94.64,100,94.68,400,TGT
2025-12-24,9:37:04.417184421,T,94.63,100,94.68,400,TGT
2025-12-24,9:37:04.417259617,T,94.61,100,94.68,400,TGT
2025-12-24,9:37:04.465780232,T,94.61,100,94.67,100,TGT
2025-12-24,9:37:04.465805307,T,94.61,100,94.63,400,TGT
2025-12-24,9:37:04.465840384,T,94.61,100,94.67,100,TGT
2025-12-24,9:37:04.465860339,T,94.62,100,94.67,100,TGT
2025-12-24,9:37:04.467168477,T,94.62,100,94.78,100,TGT
2025-12-24,9:37:04.467168477,T,94.61,100,94.78,100,TGT
2025-12-24,9:37:04.467734869,T,94.61,100,94.79,100,TGT
2025-12-24,9:37:04.467955416,T,94.61,100,94.81,200,TGT
2025-12-24,9:37:04.467990466,T,94.61,100,94.8,100,TGT
2025-12-24,9:37:04.467995422,T,94.61,100,94.81,200,TGT
2025-12-24,9:37:04.516681433,T,94.57,100,94.81,200,TGT
2025-12-24,9:37:04.615947930,T,94.53,100,94.81,200,TGT
2025-12-24,9:37:05.933201409,T,94.63,100,94.81,200,TGT
2025-12-24,9:37:07.313273811,T,94.57,100,94.81,200,TGT
2025-12-24,9:37:07.313293892,T,94.57,100,94.79,100,TGT
2025-12-24,9:37:07.313359079,T,94.57,100,94.78,100,TGT
2025-12-24,9:37:07.313409213,T,94.57,100,94.75,100,TGT
2025-12-24,9:37:07.313895431,T,94.53,100,94.75,100,TGT
2025-12-24,9:37:07.313940432,T,94.53,100,94.72,100,TGT
2025-12-24,9:37:07.313940432,T,94.53,100,94.69,100,TGT
2025-12-24,9:37:07.313955458,T,94.53,100,94.72,100,TGT
2025-12-24,9:37:07.313965492,T,94.53,100,94.75,100,TGT
2025-12-24,9:37:07.313975517,T,94.53,100,94.79,200,TGT
2025-12-24,9:37:07.314005588,T,94.53,100,94.79,100,TGT
2025-12-24,9:37:07.323563377,T,94.53,100,94.81,200,TGT
2025-12-24,9:37:21.365907994,T,94.57,100,94.81,200,TGT
2025-12-24,9:37:21.365907994,T,94.62,100,94.81,200,TGT
2025-12-24,9:37:21.365942531,T,94.57,100,94.81,200,TGT
2025-12-24,9:37:21.366213215,T,94.62,100,94.81,200,TGT
2025-12-24,9:37:21.366293377,T,94.57,100,94.81,200,TGT
2025-12-24,9:37:21.536128018,T,94.62,100,94.81,200,TGT
2025-12-24,9:37:21.541215139,T,94.57,100,94.81,200,TGT
2025-12-24,9:37:23.359166219,T,94.57,100,94.81,300,TGT
2025-12-24,9:37:26.071618325,T,94.59,100,94.81,300,TGT
2025-12-24,9:37:26.071653352,T,94.62,100,94.81,300,TGT
2025-12-24,9:37:26.071959050,T,94.63,100,94.81,300,TGT
2025-12-24,9:37:26.072781042,T,94.64,100,94.81,300,TGT
2025-12-24,9:37:26.081802503,T,94.63,100,94.81,300,TGT
2025-12-24,9:37:26.177781249,T,94.63,100,94.81,200,TGT
2025-12-24,9:37:26.177801219,T,94.65,100,94.81,200,TGT
2025-12-24,9:37:26.177826358,T,94.66,100,94.81,200,TGT
2025-12-24,9:37:26.177836663,T,94.65,100,94.81,200,TGT
2025-12-24,9:37:26.177841327,T,94.67,100,94.81,200,TGT
2025-12-24,9:37:26.178026775,T,94.68,100,94.81,200,TGT
2025-12-24,9:37:26.178061831,T,94.67,100,94.81,200,TGT
2025-12-24,9:37:26.178142051,T,94.67,100,95.0,200,TGT
2025-12-24,9:37:26.178142051,T,94.67,100,94.87,200,TGT
2025-12-24,9:37:26.178177309,T,94.65,100,94.87,200,TGT
2025-12-24,9:37:26.218874092,T,94.63,100,94.87,200,TGT
2025-12-24,9:37:26.337140888,T,94.62,100,94.87,200,TGT
2025-12-24,9:37:26.337180908,T,94.63,100,94.87,200,TGT
2025-12-24,9:37:26.337180908,T,94.65,100,94.87,200,TGT
2025-12-24,9:37:26.337201625,T,94.63,100,94.87,200,TGT
2025-12-24,9:37:26.337211075,T,94.66,100,94.87,200,TGT
2025-12-24,9:37:26.538400399,T,94.67,100,94.87,200,TGT
2025-12-24,9:37:26.574275852,T,94.67,100,94.8,100,TGT
2025-12-24,9:37:37.019194361,T,94.63,100,94.8,100,TGT
2025-12-24,9:37:37.019194361,T,94.63,100,94.75,100,TGT
2025-12-24,9:37:37.019199675,T,94.63,100,94.74,100,TGT
2025-12-24,9:37:37.019214447,T,94.63,100,94.73,100,TGT
2025-12-24,9:37:37.019259582,T,94.62,100,94.73,100,TGT
2025-12-24,9:37:37.019379850,T,94.62,100,94.78,100,TGT
2025-12-24,9:37:37.019404878,T,94.62,100,94.79,100,TGT
2025-12-24,9:37:37.019404878,T,94.62,100,94.8,100,TGT
2025-12-24,9:37:37.019435308,T,94.62,100,94.8,200,TGT
2025-12-24,9:37:37.019439983,T,94.62,100,94.79,100,TGT
2025-12-24,9:37:37.019610450,T,94.62,100,94.8,200,TGT
2025-12-24,9:37:37.019630435,T,94.67,100,94.8,200,TGT
2025-12-24,9:37:37.019825904,T,94.67,100,94.78,100,TGT
2025-12-24,9:37:37.020662907,T,94.66,100,94.78,100,TGT
2025-12-24,9:37:37.022382027,T,94.66,100,94.75,100,TGT
2025-12-24,9:37:37.022627540,T,94.63,100,94.75,100,TGT
2025-12-24,9:37:37.022627540,T,94.66,100,94.75,100,TGT
2025-12-24,9:37:37.022747867,T,94.63,100,94.75,100,TGT
2025-12-24,9:37:37.022767935,T,94.66,100,94.75,100,TGT
2025-12-24,9:37:37.023604879,T,94.67,100,94.75,100,TGT
2025-12-24,9:37:37.028200823,T,94.67,100,94.8,300,TGT
2025-12-24,9:37:37.033282975,T,94.67,100,94.8,200,TGT
2025-12-24,9:37:37.033909494,T,94.67,100,94.8,300,TGT
2025-12-24,9:37:37.270006945,T,94.67,100,94.8,200,TGT
2025-12-24,9:37:37.997545223,T,94.67,100,94.8,300,TGT
2025-12-24,9:37:40.739422518,T,94.67,100,94.8,400,TGT
2025-12-24,9:37:43.473816886,T,94.67,100,94.74,100,TGT
2025-12-24,9:37:43.473851989,T,94.67,100,94.8,400,TGT
2025-12-24,9:37:43.474117564,T,94.67,100,94.8,300,TGT
2025-12-24,9:37:45.884500191,T,94.67,100,94.73,100,TGT
2025-12-24,9:37:45.885091542,T,94.67,100,94.73,200,TGT
2025-12-24,9:37:45.962450845,T,94.67,100,94.73,100,TGT
2025-12-24,9:37:47.550243513,T,94.63,100,94.73,100,TGT
2025-12-24,9:37:47.550243513,T,94.62,100,94.73,100,TGT
2025-12-24,9:37:47.550263636,T,94.62,100,94.7,100,TGT
2025-12-24,9:37:47.550263636,T,94.62,100,94.7,200,TGT
2025-12-24,9:37:47.550293545,T,94.58,100,94.7,200,TGT
2025-12-24,9:37:47.550819804,T,94.58,100,94.7,100,TGT
2025-12-24,9:37:47.551636813,T,94.58,100,94.7,200,TGT
2025-12-24,9:37:47.551711956,T,94.57,100,94.7,200,TGT
2025-12-24,9:37:47.551737032,T,94.57,100,94.7,300,TGT
2025-12-24,9:37:47.551747093,T,94.57,100,94.69,100,TGT
2025-12-24,9:37:47.552238174,T,94.56,100,94.69,100,TGT
2025-12-24,9:37:47.552508880,T,94.55,300,94.69,100,TGT
2025-12-24,9:37:47.552513895,T,94.55,300,94.67,100,TGT
2025-12-24,9:37:47.552649161,T,94.55,200,94.67,100,TGT
2025-12-24,9:37:47.561284737,T,94.6,100,94.67,100,TGT
2025-12-24,9:37:47.585973591,T,94.55,200,94.67,100,TGT
2025-12-24,9:37:47.585998696,T,94.55,200,94.64,100,TGT
2025-12-24,9:37:47.586409673,T,94.55,200,94.63,100,TGT
2025-12-24,9:37:47.586750448,T,94.51,100,94.63,100,TGT
2025-12-24,9:37:47.587822974,T,94.51,100,94.61,100,TGT
2025-12-24,9:37:48.781717509,T,94.51,100,94.67,100,TGT
2025-12-24,9:37:49.142271401,T,94.52,100,94.67,100,TGT
2025-12-24,9:37:49.528712068,T,94.52,100,94.69,100,TGT
2025-12-24,9:37:49.531072593,T,94.51,100,94.69,100,TGT
2025-12-24,9:37:50.674566673,T,94.5,100,94.69,100,TGT
2025-12-24,9:37:50.674601754,T,94.51,100,94.69,100,TGT
2025-12-24,9:37:50.742764156,T,94.51,100,94.61,100,TGT
2025-12-24,9:37:53.914224718,T,94.57,100,94.61,100,TGT
2025-12-24,9:37:55.833321801,T,94.51,100,94.61,100,TGT
2025-12-24,9:37:55.833321801,T,94.5,100,94.61,100,TGT
2025-12-24,9:37:55.833341773,T,94.5,100,94.59,100,TGT
2025-12-24,9:37:55.833356799,T,94.48,300,94.59,100,TGT
2025-12-24,9:37:55.833898167,T,94.48,300,94.61,100,TGT
2025-12-24,9:37:58.158290762,T,94.54,100,94.61,100,TGT
2025-12-24,9:37:59.353763626,T,94.54,100,94.61,200,TGT
2025-12-24,9:38:03.965871509,T,94.54,100,94.61,100,TGT
2025-12-24,9:38:06.454685763,T,94.48,200,94.61,100,TGT
2025-12-24,9:38:06.454710846,T,94.48,200,94.58,100,TGT
2025-12-24,9:38:06.455267131,T,94.48,200,94.61,100,TGT
2025-12-24,9:38:06.459031079,T,94.46,100,94.61,100,TGT
2025-12-24,9:38:08.374093513,T,94.46,100,94.61,200,TGT
2025-12-24,9:38:08.514197253,T,94.46,100,94.6,100,TGT
2025-12-24,9:38:08.514262431,T,94.46,100,94.61,200,TGT
2025-12-24,9:38:08.514402743,T,94.46,100,94.61,100,TGT
2025-12-24,9:38:08.514578175,T,94.46,100,94.61,200,TGT
2025-12-24,9:38:08.514648364,T,94.46,100,94.61,100,TGT
2025-12-24,9:38:08.514663396,T,94.46,100,94.61,200,TGT
2025-12-24,9:38:08.514683445,T,94.46,100,94.61,300,TGT
2025-12-24,9:38:08.514913932,T,94.46,100,94.6,100,TGT
2025-12-24,9:38:08.521624892,T,94.48,100,94.6,100,TGT
2025-12-24,9:38:08.527298431,T,94.48,100,94.6,200,TGT
2025-12-24,9:38:08.527609232,T,94.48,100,94.6,100,TGT
2025-12-24,9:38:10.745683338,T,94.48,100,94.6,200,TGT
2025-12-24,9:38:12.475364091,T,94.48,100,94.6,100,TGT
2025-12-24,9:38:12.705427195,T,94.44,100,94.6,100,TGT
2025-12-24,9:38:13.941441931,T,94.52,100,94.6,100,TGT
2025-12-24,9:38:16.711410968,T,94.52,100,94.67,100,TGT
2025-12-24,9:38:20.110498807,T,94.44,100,94.67,100,TGT
2025-12-24,9:38:21.130528930,T,94.55,100,94.67,100,TGT
2025-12-24,9:38:26.074091419,T,94.55,100,94.6,100,TGT
2025-12-24,9:38:27.114028947,T,94.44,100,94.6,100,TGT
2025-12-24,9:38:27.114048897,T,94.44,100,94.59,100,TGT
2025-12-24,9:38:27.114048897,T,94.44,100,94.58,100,TGT
2025-12-24,9:38:27.114058962,T,94.41,300,94.58,100,TGT
2025-12-24,9:38:27.114600303,T,94.41,300,94.59,100,TGT
2025-12-24,9:38:27.115357074,T,94.41,300,94.6,100,TGT
2025-12-24,9:38:27.116148953,T,94.41,300,94.6,200,TGT
2025-12-24,9:38:27.116269213,T,94.41,300,94.6,100,TGT
2025-12-24,9:38:34.309541139,T,94.41,300,94.66,100,TGT
2025-12-24,9:38:36.765943177,T,94.41,300,94.6,100,TGT
2025-12-24,9:38:37.192830171,T,94.41,300,94.66,100,TGT
2025-12-24,9:38:38.667583556,T,94.41,300,94.54,100,TGT
2025-12-24,9:38:43.785751926,T,94.41,300,94.53,100,TGT
2025-12-24,9:38:43.785997526,T,94.41,200,94.53,100,TGT
2025-12-24,9:38:43.788363140,T,94.41,200,94.54,200,TGT
2025-12-24,9:38:44.136467488,T,94.48,100,94.54,200,TGT
2025-12-24,9:38:44.136517612,T,94.48,100,94.54,100,TGT
2025-12-24,9:38:49.718080013,T,94.48,100,94.55,100,TGT
2025-12-24,9:38:49.718084896,T,94.48,100,94.64,100,TGT
2025-12-24,9:38:49.718104954,T,94.5,100,94.64,100,TGT
2025-12-24,9:38:49.718104954,T,94.51,100,94.64,100,TGT
2025-12-24,9:38:49.718661665,T,94.5,100,94.64,100,TGT
2025-12-24,9:38:49.718756580,T,94.5,100,94.66,200,TGT
2025-12-24,9:38:49.718831667,T,94.5,200,94.66,200,TGT
2025-12-24,9:38:49.718907039,T,94.5,100,94.66,200,TGT
2025-12-24,9:38:49.718926912,T,94.5,200,94.66,200,TGT
2025-12-24,9:38:49.719052275,T,94.5,100,94.66,200,TGT
2025-12-24,9:38:49.719092397,T,94.5,200,94.66,200,TGT
2025-12-24,9:38:49.719132456,T,94.5,100,94.66,200,TGT
2025-12-24,9:38:49.719172524,T,94.49,100,94.66,200,TGT
2025-12-24,9:38:49.719352980,T,94.49,100,94.66,300,TGT
2025-12-24,9:38:49.719367982,T,94.48,100,94.66,300,TGT
2025-12-24,9:38:49.901531955,T,94.44,100,94.66,300,TGT
2025-12-24,9:38:49.918106518,T,94.41,300,94.66,300,TGT
2025-12-24,9:38:50.138281039,T,94.41,300,94.66,200,TGT
2025-12-24,9:38:50.659748383,T,94.41,200,94.66,200,TGT
2025-12-24,9:38:51.358583237,T,94.55,100,94.66,200,TGT
2025-12-24,9:38:51.365514895,T,94.55,100,94.68,100,TGT
2025-12-24,9:38:51.369108393,T,94.55,100,94.69,100,TGT
2025-12-24,9:38:51.370095699,T,94.55,100,94.69,200,TGT
2025-12-24,9:38:51.649401133,T,94.55,100,94.69,100,TGT
2025-12-24,9:38:52.858125617,T,94.55,100,94.69,200,TGT
2025-12-24,9:38:55.294018948,T,94.55,100,94.68,100,TGT
2025-12-24,9:38:55.294439970,T,94.55,100,94.68,200,TGT
2025-12-24,9:38:56.503224708,T,94.44,100,94.68,200,TGT
2025-12-24,9:38:56.503249699,T,94.42,100,94.68,200,TGT
2025-12-24,9:38:56.503249699,T,94.42,100,94.67,100,TGT
2025-12-24,9:38:56.503269820,T,94.42,100,94.66,100,TGT
2025-12-24,9:38:56.503284854,T,94.42,100,94.64,100,TGT
2025-12-24,9:38:56.503289868,T,94.42,100,94.61,100,TGT
2025-12-24,9:38:56.503294832,T,94.42,100,94.64,100,TGT
2025-12-24,9:38:56.503304930,T,94.42,100,94.61,100,TGT
2025-12-24,9:38:56.503700874,T,94.42,100,94.64,100,TGT
2025-12-24,9:38:56.504121839,T,94.42,100,94.64,200,TGT
2025-12-24,9:38:56.508341840,T,94.42,100,94.64,100,TGT
2025-12-24,9:38:56.523833821,T,94.42,100,94.65,100,TGT
2025-12-24,9:38:56.523923990,T,94.42,100,94.65,200,TGT
2025-12-24,9:38:56.524289901,T,94.42,100,94.65,300,TGT
2025-12-24,9:38:56.604611247,T,94.42,100,94.65,200,TGT
2025-12-24,9:39:02.358900292,T,94.42,100,94.65,100,TGT
2025-12-24,9:39:02.791305456,T,94.42,100,94.67,100,TGT
2025-12-24,9:39:02.791335562,T,94.42,100,94.68,100,TGT
2025-12-24,9:39:02.792332917,T,94.42,100,94.68,200,TGT
2025-12-24,9:39:02.861252107,T,94.42,100,94.66,100,TGT
2025-12-24,9:39:04.028051898,T,94.42,100,94.66,200,TGT
2025-12-24,9:39:04.236353097,T,94.42,100,94.6,100,TGT
2025-12-24,9:39:05.842153975,T,94.43,100,94.6,100,TGT
2025-12-24,9:39:12.864067644,T,94.43,100,94.6,200,TGT
2025-12-24,9:39:15.476250905,T,94.5,100,94.6,200,TGT
2025-12-24,9:39:19.435468212,T,94.5,100,94.6,100,TGT
2025-12-24,9:39:20.660286229,T,94.45,200,94.6,100,TGT
2025-12-24,9:39:21.343318519,T,94.52,100,94.6,100,TGT
2025-12-24,9:39:22.383762138,T,94.52,100,94.6,200,TGT
2025-12-24,9:39:22.842705431,T,94.52,100,94.6,100,TGT
2025-12-24,9:39:22.867514516,T,94.52,100,94.6,200,TGT
2025-12-24,9:39:28.923016093,T,94.52,100,94.6,100,TGT
2025-12-24,9:39:29.068582838,T,94.52,200,94.6,100,TGT
2025-12-24,9:39:32.531432276,T,94.52,100,94.6,100,TGT
2025-12-24,9:39:33.601466396,T,94.55,100,94.6,100,TGT
2025-12-24,9:39:42.453735850,T,94.49,100,94.6,100,TGT
2025-12-24,9:39:42.453755840,T,94.49,100,94.6,200,TGT
2025-12-24,9:39:42.453755840,T,94.49,100,94.58,100,TGT
2025-12-24,9:39:42.454312258,T,94.49,100,94.59,100,TGT
2025-12-24,9:39:42.454838446,T,94.49,100,94.6,200,TGT
2025-12-24,9:39:42.458537285,T,94.45,300,94.6,200,TGT
2025-12-24,9:39:42.459073515,T,94.45,200,94.6,200,TGT
2025-12-24,9:39:43.653479107,T,94.45,200,94.6,100,TGT
2025-12-24,9:39:46.149059661,T,94.47,100,94.6,100,TGT
2025-12-24,9:39:46.712612261,T,94.47,100,94.6,200,TGT
2025-12-24,9:39:46.712837791,T,94.47,100,94.6,300,TGT
2025-12-24,9:39:46.807658615,T,94.47,100,94.6,200,TGT
2025-12-24,9:39:46.820970414,T,94.47,100,94.6,300,TGT
2025-12-24,9:39:47.609914925,T,94.47,100,94.6,400,TGT
2025-12-24,9:39:47.609980386,T,94.47,100,94.6,300,TGT
2025-12-24,9:39:47.610050268,T,94.47,100,94.59,100,TGT
2025-12-24,9:39:47.614235159,T,94.5,100,94.59,100,TGT
2025-12-24,9:39:47.748961133,T,94.5,100,94.6,200,TGT
2025-12-24,9:39:49.856612271,T,94.47,100,94.6,200,TGT
2025-12-24,9:39:50.576256765,T,94.47,100,94.6,100,TGT
2025-12-24,9:39:51.114509130,T,94.47,100,94.6,200,TGT
2025-12-24,9:39:51.141638677,T,94.52,100,94.6,200,TGT
2025-12-24,9:40:08.620755623,T,94.52,100,94.58,100,TGT
2025-12-24,9:40:08.620966106,T,94.52,100,94.58,200,TGT
2025-12-24,9:40:08.621186573,T,94.52,100,94.58,300,TGT
2025-12-24,9:40:19.009274859,T,94.52,100,94.58,200,TGT
2025-12-24,9:40:27.527297727,T,94.52,100,94.58,100,TGT
2025-12-24,9:40:32.151103620,T,94.49,100,94.58,100,TGT
2025-12-24,9:40:32.151123575,T,94.49,100,94.55,100,TGT
2025-12-24,9:40:32.151379464,T,94.49,100,94.55,200,TGT
2025-12-24,9:40:32.151679885,T,94.49,100,94.55,100,TGT
2025-12-24,9:40:32.151795244,T,94.49,100,94.55,200,TGT
2025-12-24,9:40:32.155855677,T,94.43,100,94.55,200,TGT
2025-12-24,9:40:32.155874870,T,94.43,100,94.51,100,TGT
2025-12-24,9:40:32.155945127,T,94.4,300,94.51,100,TGT
2025-12-24,9:40:32.156431244,T,94.4,300,94.55,300,TGT
2025-12-24,9:40:32.156451271,T,94.4,300,94.55,200,TGT
2025-12-24,9:40:32.156686873,T,94.4,300,94.55,300,TGT
2025-12-24,9:40:32.156696861,T,94.4,200,94.55,300,TGT
2025-12-24,9:40:32.156716934,T,94.4,200,94.54,100,TGT
2025-12-24,9:40:32.157002584,T,94.4,200,94.54,200,TGT
2025-12-24,9:40:32.161904469,T,94.4,200,94.54,300,TGT
2025-12-24,9:40:32.162330343,T,94.4,200,94.54,400,TGT
2025-12-24,9:40:32.168850811,T,94.4,200,94.54,300,TGT
2025-12-24,9:40:32.186302380,T,94.4,200,94.54,200,TGT
2025-12-24,9:40:32.237529476,T,94.45,100,94.54,200,TGT
2025-12-24,9:40:32.255898261,T,94.45,100,94.54,100,TGT
2025-12-24,9:40:34.843547902,T,94.4,200,94.54,100,TGT
2025-12-24,9:40:35.222751268,T,94.4,200,94.48,100,TGT
2025-12-24,9:40:35.223302663,T,94.4,200,94.53,100,TGT
2025-12-24,9:40:35.225873782,T,94.3,200,94.53,100,TGT
2025-12-24,9:40:35.225883758,T,94.35,200,94.53,100,TGT
2025-12-24,9:40:35.227377351,T,94.35,200,94.56,100,TGT
2025-12-24,9:40:35.231356781,T,94.35,200,94.57,100,TGT
2025-12-24,9:40:35.231637518,T,94.37,100,94.57,100,TGT
2025-12-24,9:40:35.231642457,T,94.39,100,94.57,100,TGT
2025-12-24,9:40:35.231687658,T,94.37,100,94.57,100,TGT
2025-12-24,9:40:35.231873234,T,94.37,100,94.59,100,TGT
2025-12-24,9:40:35.231883127,T,94.39,100,94.59,100,TGT
2025-12-24,9:40:35.231893151,T,94.41,100,94.59,100,TGT
2025-12-24,9:40:35.231908120,T,94.42,100,94.59,100,TGT
2025-12-24,9:40:35.232329157,T,94.39,100,94.59,100,TGT
2025-12-24,9:40:35.241886892,T,94.37,100,94.59,100,TGT
2025-12-24,9:40:35.243139852,T,94.37,100,94.57,100,TGT
2025-12-24,9:40:36.306593417,T,94.45,100,94.57,100,TGT
2025-12-24,9:40:38.213165475,T,94.45,100,94.59,100,TGT
2025-12-24,9:40:39.549419027,T,94.45,100,94.6,100,TGT
2025-12-24,9:40:41.186834890,T,94.45,100,94.54,100,TGT
2025-12-24,9:40:47.625819942,T,94.45,100,94.54,200,TGT
2025-12-24,9:40:52.846357393,T,94.45,100,94.54,100,TGT
2025-12-24,9:41:00.448037382,T,94.45,100,94.54,200,TGT
2025-12-24,9:41:00.634346194,T,94.4,100,94.54,200,TGT
2025-12-24,9:41:00.634366445,T,94.4,100,94.5,100,TGT
2025-12-24,9:41:00.634366445,T,94.4,100,94.5,200,TGT
2025-12-24,9:41:00.634366445,T,94.4,100,94.5,300,TGT
2025-12-24,9:41:00.634376413,T,94.39,200,94.5,300,TGT
2025-12-24,9:41:00.634391710,T,94.39,200,94.5,200,TGT
2025-12-24,9:41:00.634411364,T,94.39,200,94.49,100,TGT
2025-12-24,9:41:00.635624282,T,94.39,200,94.48,100,TGT
2025-12-24,9:41:00.635874796,T,94.36,100,94.48,100,TGT
2025-12-24,9:41:00.645257150,T,94.36,100,94.48,200,TGT
2025-12-24,9:41:00.778785294,T,94.36,100,94.48,300,TGT
2025-12-24,9:41:01.129581072,T,94.36,100,94.48,200,TGT
2025-12-24,9:41:01.189779466,T,94.36,100,94.48,300,TGT
2025-12-24,9:41:02.166707066,T,94.36,100,94.48,200,TGT
2025-12-24,9:41:02.190318265,T,94.36,100,94.46,100,TGT
2025-12-24,9:41:02.190739326,T,94.36,100,94.46,200,TGT
2025-12-24,9:41:02.190749324,T,94.36,100,94.46,300,TGT
2025-12-24,9:41:02.670878107,T,94.36,100,94.45,100,TGT
2025-12-24,9:41:02.671434455,T,94.36,100,94.46,100,TGT
2025-12-24,9:41:02.671629937,T,94.35,100,94.46,100,TGT
2025-12-24,9:41:02.671725155,T,94.34,300,94.46,100,TGT
2025-12-24,9:41:02.671750245,T,94.34,300,94.45,100,TGT
2025-12-24,9:41:02.671755174,T,94.34,200,94.45,100,TGT
2025-12-24,9:41:02.792011688,T,94.38,100,94.45,100,TGT
2025-12-24,9:41:06.733716909,T,94.38,100,94.46,100,TGT
2025-12-24,9:41:06.735045003,T,94.38,100,94.46,200,TGT
2025-12-24,9:41:06.754666911,T,94.38,100,94.46,100,TGT
2025-12-24,9:41:08.597672535,T,94.38,100,94.48,100,TGT
2025-12-24,9:41:08.597677520,T,94.38,100,94.46,100,TGT
2025-12-24,9:41:08.597732616,T,94.4,100,94.46,100,TGT
2025-12-24,9:41:08.597782692,T,94.41,100,94.46,100,TGT
2025-12-24,9:41:08.598013279,T,94.41,100,94.46,200,TGT
2025-12-24,9:41:08.598023297,T,94.41,100,94.46,100,TGT
2025-12-24,9:41:08.598033353,T,94.41,100,94.46,200,TGT
2025-12-24,9:41:08.598063387,T,94.4,100,94.46,200,TGT
2025-12-24,9:41:08.598268848,T,94.38,200,94.46,200,TGT
2025-12-24,9:41:08.598293910,T,94.38,300,94.46,200,TGT
2025-12-24,9:41:08.604724331,T,94.38,200,94.46,200,TGT
2025-12-24,9:41:08.605711642,T,94.38,100,94.46,200,TGT
2025-12-24,9:41:09.727023079,T,94.34,200,94.46,200,TGT
2025-12-24,9:41:11.072137693,T,94.4,100,94.46,200,TGT
2025-12-24,9:41:11.192203696,T,94.4,100,94.46,300,TGT
2025-12-24,9:41:13.788058249,T,94.4,100,94.46,200,TGT
2025-12-24,9:41:13.788058249,T,94.4,100,94.46,100,TGT
2025-12-24,9:41:13.788082986,T,94.4,100,94.45,200,TGT
2025-12-24,9:41:18.242911242,T,94.34,200,94.45,200,TGT
2025-12-24,9:41:18.242926313,T,94.34,200,94.45,300,TGT
2025-12-24,9:41:18.242931293,T,94.34,200,94.43,100,TGT
2025-12-24,9:41:18.242956397,T,94.34,200,94.41,200,TGT
2025-12-24,9:41:18.243026489,T,94.34,200,94.4,200,TGT
2025-12-24,9:41:18.243161882,T,94.34,300,94.4,200,TGT
2025-12-24,9:41:18.243627916,T,94.34,300,94.44,100,TGT
2025-12-24,9:41:18.243648023,T,94.38,100,94.44,100,TGT
2025-12-24,9:41:18.243652975,T,94.4,100,94.44,100,TGT
2025-12-24,9:41:18.243698111,T,94.42,100,94.44,100,TGT
2025-12-24,9:41:18.243728188,T,94.38,100,94.44,100,TGT
2025-12-24,9:41:18.244184205,T,94.38,100,94.44,200,TGT
2025-12-24,9:41:18.244204302,T,94.38,100,94.44,100,TGT
2025-12-24,9:41:18.244209371,T,94.37,100,94.44,100,TGT
2025-12-24,9:41:18.244214388,T,94.37,100,94.45,100,TGT
2025-12-24,9:41:18.244234416,T,94.37,100,94.5,100,TGT
2025-12-24,9:41:18.244254823,T,94.38,100,94.5,100,TGT
2025-12-24,9:41:18.244289597,T,94.38,100,94.45,100,TGT
2025-12-24,9:41:18.244369947,T,94.38,100,94.5,100,TGT
2025-12-24,9:41:18.244394844,T,94.4,100,94.5,100,TGT
2025-12-24,9:41:18.245642809,T,94.38,100,94.5,100,TGT
2025-12-24,9:41:18.245642809,T,94.37,100,94.5,100,TGT
2025-12-24,9:41:18.248745168,T,94.41,100,94.5,100,TGT
2025-12-24,9:41:34.782720207,T,94.41,100,94.46,100,TGT
2025-12-24,9:41:47.897665329,T,94.42,100,94.46,100,TGT
2025-12-24,9:41:47.897715138,T,94.42,200,94.46,100,TGT
2025-12-24,9:41:47.897715138,T,94.42,100,94.46,100,TGT
2025-12-24,9:41:47.898020890,T,94.42,200,94.46,100,TGT
2025-12-24,9:41:47.898091000,T,94.42,200,94.51,100,TGT
2025-12-24,9:41:47.898111091,T,94.44,100,94.51,100,TGT
2025-12-24,9:41:47.898667347,T,94.43,100,94.51,100,TGT
2025-12-24,9:41:47.907398239,T,94.42,100,94.51,100,TGT
2025-12-24,9:41:47.908320350,T,94.41,100,94.51,100,TGT
2025-12-24,9:41:47.915001319,T,94.41,200,94.51,100,TGT
2025-12-24,9:41:47.933725885,T,94.41,100,94.51,100,TGT
2025-12-24,9:41:48.341181581,T,94.34,300,94.51,100,TGT
2025-12-24,9:41:48.341211692,T,94.34,200,94.51,100,TGT
2025-12-24,9:41:48.898068449,T,94.34,300,94.51,100,TGT
2025-12-24,9:41:48.898093390,T,94.34,200,94.51,100,TGT
2025-12-24,9:41:48.898098561,T,94.34,300,94.51,100,TGT
2025-12-24,9:41:48.948303006,T,94.4,100,94.51,100,TGT
2025-12-24,9:41:49.118222722,T,94.46,100,94.51,100,TGT
2025-12-24,9:41:56.960365439,T,94.46,100,94.56,100,TGT
2025-12-24,9:41:56.960380517,T,94.47,100,94.56,100,TGT
2025-12-24,9:41:56.960490805,T,94.47,200,94.56,100,TGT
2025-12-24,9:41:56.960776445,T,94.47,200,94.57,100,TGT
2025-12-24,9:41:56.960801506,T,94.48,100,94.57,100,TGT
2025-12-24,9:41:57.926301577,T,94.5,100,94.57,100,TGT
2025-12-24,9:41:57.960929081,T,94.5,300,94.57,100,TGT
2025-12-24,9:42:00.060947247,T,94.5,200,94.57,100,TGT
2025-12-24,9:42:00.060967291,T,94.45,100,94.57,100,TGT
2025-12-24,9:42:00.060977296,T,94.43,100,94.57,100,TGT
2025-12-24,9:42:00.060987351,T,94.43,100,94.53,100,TGT
2025-12-24,9:42:00.060992342,T,94.43,100,94.53,200,TGT
2025-12-24,9:42:00.060997377,T,94.43,100,94.51,100,TGT
2025-12-24,9:42:00.061012353,T,94.4,300,94.51,100,TGT
2025-12-24,9:42:00.062024771,T,94.4,300,94.53,100,TGT
2025-12-24,9:42:00.085951839,T,94.4,300,94.57,100,TGT
2025-12-24,9:42:00.085951839,T,94.4,300,94.6,300,TGT
2025-12-24,9:42:00.086959211,T,94.4,300,94.6,400,TGT
2025-12-24,9:42:01.290210865,T,94.4,300,94.6,500,TGT
2025-12-24,9:42:04.454073182,T,94.4,300,94.6,600,TGT
2025-12-24,9:42:04.454103301,T,94.4,200,94.6,600,TGT
2025-12-24,9:42:04.474622230,T,94.4,200,94.6,500,TGT
2025-12-24,9:42:04.474632183,T,94.4,200,94.6,400,TGT
2025-12-24,9:42:04.474857778,T,94.4,200,94.6,300,TGT
2025-12-24,9:42:04.477333630,T,94.4,200,94.57,100,TGT
2025-12-24,9:42:05.478288349,T,94.4,200,94.57,200,TGT
2025-12-24,9:42:05.555697715,T,94.4,200,94.57,100,TGT
2025-12-24,9:42:05.557577228,T,94.4,200,94.57,200,TGT
2025-12-24,9:42:08.431308431,T,94.4,200,94.57,100,TGT
2025-12-24,9:42:08.774786781,T,94.4,300,94.57,100,TGT
2025-12-24,9:42:09.032270252,T,94.4,200,94.57,100,TGT
2025-12-24,9:42:12.267883646,T,94.4,200,94.57,200,TGT
2025-12-24,9:42:12.362158227,T,94.4,200,94.57,300,TGT
2025-12-24,9:42:14.033279457,T,94.4,200,94.57,200,TGT
2025-12-24,9:42:14.168797275,T,94.48,100,94.57,200,TGT
2025-12-24,9:42:15.533277892,T,94.48,100,94.57,100,TGT
2025-12-24,9:42:19.987875707,T,94.4,200,94.57,100,TGT
2025-12-24,9:42:20.881910754,T,94.5,100,94.57,100,TGT
2025-12-24,9:42:22.073158657,T,94.5,100,94.63,100,TGT
2025-12-24,9:42:26.863987207,T,94.44,200,94.63,100,TGT
2025-12-24,9:42:28.163006908,T,94.52,100,94.63,100,TGT
2025-12-24,9:42:32.659945297,T,94.52,100,94.64,100,TGT
2025-12-24,9:42:32.660757683,T,94.52,100,94.65,300,TGT
2025-12-24,9:42:37.149651328,T,94.52,100,94.65,200,TGT
2025-12-24,9:42:40.255450515,T,94.53,100,94.65,200,TGT
2025-12-24,9:42:40.255485521,T,94.53,200,94.65,200,TGT
2025-12-24,9:42:40.255495551,T,94.53,100,94.65,200,TGT
2025-12-24,9:42:40.255530696,T,94.55,100,94.65,200,TGT
2025-12-24,9:42:40.264476989,T,94.54,100,94.65,200,TGT
2025-12-24,9:42:40.327747743,T,94.54,100,94.65,300,TGT
2025-12-24,9:42:40.892192496,T,94.58,100,94.65,300,TGT
2025-12-24,9:42:40.892793890,T,94.58,100,94.65,200,TGT
2025-12-24,9:42:40.893500598,T,94.58,100,94.65,300,TGT
2025-12-24,9:42:40.895440241,T,94.58,100,94.65,200,TGT
2025-12-24,9:42:41.813547573,T,94.58,100,94.66,100,TGT
2025-12-24,9:42:41.813577605,T,94.58,100,94.67,100,TGT
2025-12-24,9:42:41.826057422,T,94.55,100,94.67,100,TGT
2025-12-24,9:42:41.835128922,T,94.54,100,94.67,100,TGT
2025-12-24,9:42:42.801290678,T,94.54,100,94.67,200,TGT
2025-12-24,9:42:43.278061370,T,94.54,100,94.67,100,TGT
2025-12-24,9:42:49.228808283,T,94.6,100,94.67,100,TGT
2025-12-24,9:42:49.231640043,T,94.6,100,94.66,100,TGT
2025-12-24,9:42:49.642553974,T,94.6,100,94.68,100,TGT
2025-12-24,9:42:51.215837178,T,94.6,100,94.69,300,TGT
2025-12-24,9:42:51.215857202,T,94.6,100,94.69,200,TGT
2025-12-24,9:42:51.215882282,T,94.6,200,94.69,200,TGT
2025-12-24,9:42:51.216097786,T,94.6,100,94.69,200,TGT
2025-12-24,9:42:51.217029926,T,94.6,200,94.69,200,TGT
2025-12-24,9:42:51.220417990,T,94.6,200,94.7,100,TGT
2025-12-24,9:42:51.221405438,T,94.6,200,94.7,200,TGT
2025-12-24,9:42:51.556117906,T,94.6,200,94.7,100,TGT
2025-12-24,9:42:52.153240598,T,94.6,100,94.7,100,TGT
2025-12-24,9:42:52.410804150,T,94.59,100,94.7,100,TGT
2025-12-24,9:42:53.000273396,T,94.63,100,94.7,100,TGT
2025-12-24,9:42:53.000699507,T,94.63,100,94.72,100,TGT
2025-12-24,9:42:55.744325869,T,94.63,100,94.73,300,TGT
2025-12-24,9:42:55.744776876,T,94.63,100,94.72,100,TGT
2025-12-24,9:42:55.748380449,T,94.63,100,94.73,300,TGT
2025-12-24,9:42:55.752319913,T,94.63,100,94.73,200,TGT
2025-12-24,9:42:55.752329854,T,94.63,200,94.73,200,TGT
2025-12-24,9:42:55.752370010,T,94.64,100,94.73,200,TGT
2025-12-24,9:42:55.752395106,T,94.63,200,94.73,200,TGT
2025-12-24,9:42:55.752400060,T,94.68,100,94.73,200,TGT
2025-12-24,9:42:55.752961402,T,94.65,100,94.73,200,TGT
2025-12-24,9:42:55.753658035,T,94.65,100,94.79,200,TGT
2025-12-24,9:42:55.753668092,T,94.65,100,94.78,200,TGT
2025-12-24,9:42:56.930917646,T,94.65,100,94.78,300,TGT
2025-12-24,9:42:56.931198327,T,94.65,100,94.78,400,TGT
2025-12-24,9:42:57.411667857,T,94.65,100,94.78,300,TGT
2025-12-24,9:42:57.411893387,T,94.65,100,94.78,200,TGT
2025-12-24,9:42:57.524361351,T,94.69,100,94.78,200,TGT
2025-12-24,9:42:57.524551823,T,94.65,100,94.78,200,TGT
2025-12-24,9:42:57.524572226,T,94.65,100,94.7,100,TGT
2025-12-24,9:42:57.524576866,T,94.65,100,94.7,200,TGT
2025-12-24,9:42:57.524611992,T,94.64,100,94.7,200,TGT
2025-12-24,9:42:57.524611992,T,94.64,100,94.69,100,TGT
2025-12-24,9:42:57.524882603,T,94.65,100,94.69,100,TGT
2025-12-24,9:42:57.525428843,T,94.65,100,94.7,100,TGT
2025-12-24,9:42:57.525449136,T,94.68,100,94.7,100,TGT
2025-12-24,9:42:57.525659448,T,94.68,100,94.78,200,TGT
2025-12-24,9:42:57.525729565,T,94.68,100,94.78,300,TGT
2025-12-24,9:42:57.525829793,T,94.68,100,94.75,100,TGT
2025-12-24,9:42:57.525844898,T,94.68,100,94.78,300,TGT
2025-12-24,9:42:57.525864970,T,94.69,100,94.78,300,TGT
2025-12-24,9:42:57.525965164,T,94.69,100,94.75,100,TGT
2025-12-24,9:42:57.526265846,T,94.69,100,94.75,200,TGT
2025-12-24,9:42:57.527047736,T,94.65,200,94.75,200,TGT
2025-12-24,9:42:57.536575451,T,94.65,200,94.75,100,TGT
2025-12-24,9:42:57.666294453,T,94.65,200,94.78,200,TGT
2025-12-24,9:42:57.756183630,T,94.65,100,94.78,200,TGT
2025-12-24,9:42:58.780233340,T,94.65,100,94.78,300,TGT
2025-12-24,9:42:58.790297419,T,94.65,100,94.78,200,TGT
2025-12-24,9:43:00.364422464,T,94.7,100,94.78,200,TGT
2025-12-24,9:43:02.599447087,T,94.7,200,94.78,200,TGT
2025-12-24,9:43:02.600379318,T,94.7,300,94.78,200,TGT
2025-12-24,9:43:02.600604842,T,94.7,300,94.79,200,TGT
2025-12-24,9:43:02.600755224,T,94.7,200,94.79,200,TGT
2025-12-24,9:43:02.932545681,T,94.7,100,94.79,200,TGT
2025-12-24,9:43:04.431997967,T,94.7,100,94.76,100,TGT
2025-12-24,9:43:07.892020963,T,94.7,100,94.76,200,TGT
2025-12-24,9:43:08.041466968,T,94.7,100,94.76,100,TGT
2025-12-24,9:43:11.864108786,T,94.7,100,94.76,200,TGT
2025-12-24,9:43:11.864133793,T,94.64,100,94.76,200,TGT
2025-12-24,9:43:11.864158911,T,94.64,100,94.72,100,TGT
2025-12-24,9:43:11.864163847,T,94.64,100,94.72,200,TGT
2025-12-24,9:43:11.864710162,T,94.64,100,94.72,100,TGT
2025-12-24,9:43:11.865637416,T,94.64,100,94.73,100,TGT
2025-12-24,9:43:11.865757657,T,94.64,100,94.68,100,TGT
2025-12-24,9:43:11.865827867,T,94.62,100,94.68,100,TGT
2025-12-24,9:43:11.866845221,T,94.62,100,94.73,100,TGT
2025-12-24,9:43:11.872729275,T,94.65,100,94.73,100,TGT
2025-12-24,9:43:11.874503547,T,94.65,100,94.75,100,TGT
2025-12-24,9:43:11.875696380,T,94.65,100,94.76,200,TGT
2025-12-24,9:43:11.875716418,T,94.65,100,94.76,100,TGT
2025-12-24,9:43:11.876157436,T,94.65,100,94.76,200,TGT
2025-12-24,9:43:11.877931641,T,94.65,100,94.75,100,TGT
2025-12-24,9:43:11.877946654,T,94.65,100,94.76,200,TGT
2025-12-24,9:43:11.877951762,T,94.64,100,94.76,200,TGT
2025-12-24,9:43:11.878036921,T,94.64,100,94.75,100,TGT
2025-12-24,9:43:11.878062012,T,94.64,100,94.76,200,TGT
2025-12-24,9:43:11.878071971,T,94.65,100,94.76,200,TGT
2025-12-24,9:43:11.878162212,T,94.64,100,94.76,200,TGT
2025-12-24,9:43:11.881790833,T,94.62,100,94.76,200,TGT
2025-12-24,9:43:11.886181277,T,94.62,100,94.76,100,TGT
2025-12-24,9:43:12.801055814,T,94.64,100,94.76,100,TGT
2025-12-24,9:43:13.072998804,T,94.62,100,94.76,100,TGT
2025-12-24,9:43:14.409497771,T,94.62,100,94.79,300,TGT
2025-12-24,9:43:14.409527897,T,94.62,100,94.79,200,TGT
2025-12-24,9:43:14.433715503,T,94.62,100,94.73,100,TGT
2025-12-24,9:43:14.434136444,T,94.62,100,94.73,200,TGT
2025-12-24,9:43:15.022122323,T,94.62,100,94.73,100,TGT
2025-12-24,9:43:15.652769722,T,94.61,100,94.73,100,TGT
2025-12-24,9:43:22.836273974,T,94.61,100,94.77,100,TGT
2025-12-24,9:43:27.060011505,T,94.61,100,94.79,500,TGT
2025-12-24,9:43:29.377226884,T,94.68,100,94.79,500,TGT
2025-12-24,9:43:29.377291839,T,94.61,100,94.79,500,TGT
2025-12-24,9:43:29.377312094,T,94.61,100,94.77,100,TGT
2025-12-24,9:43:29.377312094,T,94.61,100,94.71,100,TGT
2025-12-24,9:43:29.377321885,T,94.6,100,94.71,100,TGT
2025-12-24,9:43:29.377346918,T,94.6,100,94.71,200,TGT
2025-12-24,9:43:29.377522437,T,94.6,100,94.71,300,TGT
2025-12-24,9:43:29.377607646,T,94.61,100,94.71,300,TGT
2025-12-24,9:43:29.377732841,T,94.61,100,94.71,400,TGT
2025-12-24,9:43:29.377747935,T,94.61,100,94.71,500,TGT
2025-12-24,9:43:29.377868268,T,94.61,100,94.71,400,TGT
2025-12-24,9:43:29.387806919,T,94.61,100,94.71,300,TGT
2025-12-24,9:43:31.225329643,T,94.6,100,94.71,300,TGT
2025-12-24,9:43:31.225349674,T,94.6,100,94.7,100,TGT
2025-12-24,9:43:31.225384858,T,94.59,300,94.7,100,TGT
2025-12-24,9:43:31.225420025,T,94.61,100,94.7,100,TGT
2025-12-24,9:43:31.226352062,T,94.61,100,94.7,200,TGT
2025-12-24,9:43:31.235538939,T,94.61,100,94.7,100,TGT
2025-12-24,9:43:31.292905662,T,94.59,300,94.7,100,TGT
2025-12-24,9:43:36.220755389,T,94.59,300,94.72,100,TGT
2025-12-24,9:43:37.069101695,T,94.6,100,94.72,100,TGT
2025-12-24,9:43:40.328973062,T,94.59,300,94.72,100,TGT
2025-12-24,9:43:40.406613024,T,94.59,300,94.71,100,TGT
2025-12-24,9:43:40.406648042,T,94.59,300,94.71,200,TGT
2025-12-24,9:43:40.407034049,T,94.59,300,94.71,300,TGT
2025-12-24,9:43:46.799633275,T,94.59,300,94.71,200,TGT
2025-12-24,9:43:46.799653457,T,94.59,300,94.7,100,TGT
2025-12-24,9:43:46.800740870,T,94.59,300,94.7,200,TGT
2025-12-24,9:43:50.417622576,T,94.59,300,94.7,300,TGT
2025-12-24,9:43:51.032031395,T,94.59,100,94.7,300,TGT
2025-12-24,9:43:51.032061404,T,94.59,100,94.7,400,TGT
2025-12-24,9:43:51.035940644,T,94.59,100,94.7,300,TGT
2025-12-24,9:43:51.918684066,T,94.59,100,94.7,200,TGT
2025-12-24,9:43:52.158003861,T,94.59,100,94.7,100,TGT
2025-12-24,9:43:52.247156309,T,94.59,100,94.7,200,TGT
2025-12-24,9:43:53.105816923,T,94.59,100,94.7,100,TGT
2025-12-24,9:43:55.617656163,T,94.59,100,94.7,200,TGT
2025-12-24,9:43:55.618232540,T,94.59,100,94.7,100,TGT
2025-12-24,9:43:55.619680958,T,94.59,100,94.7,200,TGT
2025-12-24,9:43:55.780163355,T,94.59,100,94.7,100,TGT
2025-12-24,9:43:58.277858751,T,94.55,100,94.7,100,TGT
2025-12-24,9:43:59.910112668,T,94.55,100,94.7,200,TGT
2025-12-24,9:43:59.910117523,T,94.55,100,94.69,100,TGT
2025-12-24,9:43:59.910117523,T,94.54,300,94.69,100,TGT
2025-12-24,9:43:59.910122455,T,94.54,300,94.68,100,TGT
2025-12-24,9:43:59.910337989,T,94.54,300,94.68,200,TGT
2025-12-24,9:43:59.919344495,T,94.6,100,94.68,200,TGT
2025-12-24,9:43:59.920537252,T,94.6,100,94.68,100,TGT
2025-12-24,9:43:59.920993352,T,94.6,100,94.68,200,TGT
2025-12-24,9:43:59.921003358,T,94.6,100,94.68,300,TGT
2025-12-24,9:43:59.921043492,T,94.6,100,94.67,100,TGT
2025-12-24,9:43:59.928967400,T,94.6,100,94.67,200,TGT
2025-12-24,9:44:00.039776336,T,94.6,100,94.67,300,TGT
2025-12-24,9:44:00.186716484,T,94.6,100,94.67,400,TGT
2025-12-24,9:44:00.186721420,T,94.6,100,94.64,100,TGT
2025-12-24,9:44:00.186942005,T,94.6,100,94.64,200,TGT
2025-12-24,9:44:00.187277701,T,94.6,100,94.64,100,TGT
2025-12-24,9:44:00.187698798,T,94.6,100,94.64,200,TGT
2025-12-24,9:44:00.412333900,T,94.6,100,94.64,300,TGT
2025-12-24,9:44:00.412549456,T,94.6,100,94.64,200,TGT
2025-12-24,9:44:02.209540411,T,94.6,100,94.64,100,TGT
2025-12-24,9:44:02.211850919,T,94.54,300,94.64,100,TGT
2025-12-24,9:44:02.211871040,T,94.54,300,94.63,100,TGT
2025-12-24,9:44:02.211875952,T,94.54,300,94.62,100,TGT
2025-12-24,9:44:02.211951188,T,94.54,200,94.62,100,TGT
2025-12-24,9:44:02.211966338,T,94.54,200,94.61,100,TGT
2025-12-24,9:44:02.213219355,T,94.49,100,94.61,100,TGT
2025-12-24,9:44:02.213249321,T,94.49,100,94.63,300,TGT
2025-12-24,9:44:02.213685297,T,94.49,100,94.63,400,TGT
2025-12-24,9:44:02.216552102,T,94.49,200,94.63,400,TGT
2025-12-24,9:44:02.216572214,T,94.49,100,94.63,400,TGT
2025-12-24,9:44:02.216592245,T,94.49,100,94.59,100,TGT
2025-12-24,9:44:02.217684861,T,94.49,100,94.63,300,TGT
2025-12-24,9:44:02.222055270,T,94.49,100,94.63,200,TGT
2025-12-24,9:44:02.222461235,T,94.49,100,94.63,100,TGT
2025-12-24,9:44:02.222471234,T,94.49,100,94.64,100,TGT
2025-12-24,9:44:02.228821397,T,94.51,100,94.64,100,TGT
2025-12-24,9:44:02.415280537,T,94.54,100,94.64,100,TGT
2025-12-24,9:44:02.415280537,T,94.57,100,94.64,100,TGT
2025-12-24,9:44:02.416007236,T,94.54,100,94.64,100,TGT
2025-12-24,9:44:02.425299369,T,94.51,100,94.64,100,TGT
2025-12-24,9:44:02.719735807,T,94.49,100,94.64,100,TGT
2025-12-24,9:44:06.570123973,T,94.51,100,94.64,100,TGT
2025-12-24,9:44:07.110586533,T,94.5,100,94.64,100,TGT
2025-12-24,9:44:08.078171649,T,94.5,100,94.66,100,TGT
2025-12-24,9:44:09.269770397,T,94.51,200,94.66,100,TGT
2025-12-24,9:44:10.294842501,T,94.51,200,94.6,100,TGT
2025-12-24,9:44:10.295519120,T,94.51,200,94.6,200,TGT
2025-12-24,9:44:10.295920052,T,94.51,200,94.6,100,TGT
2025-12-24,9:44:10.296080505,T,94.51,200,94.6,200,TGT
2025-12-24,9:44:10.305111941,T,94.58,100,94.6,200,TGT
2025-12-24,9:44:10.305142022,T,94.58,100,94.6,100,TGT
2025-12-24,9:44:10.305142022,T,94.58,100,94.66,100,TGT
2025-12-24,9:44:10.305162150,T,94.59,100,94.66,100,TGT
2025-12-24,9:44:10.306244752,T,94.58,100,94.66,100,TGT
2025-12-24,9:44:10.331960940,T,94.58,100,94.66,200,TGT
2025-12-24,9:44:10.786253379,T,94.51,200,94.66,200,TGT
2025-12-24,9:44:12.200292210,T,94.59,100,94.66,200,TGT
2025-12-24,9:44:18.598088959,T,94.59,100,94.66,100,TGT
2025-12-24,9:44:18.598113995,T,94.6,100,94.66,100,TGT
2025-12-24,9:44:18.598755487,T,94.6,200,94.66,100,TGT
2025-12-24,9:44:18.598780585,T,94.6,100,94.66,100,TGT
2025-12-24,9:44:18.599196562,T,94.6,200,94.66,100,TGT
2025-12-24,9:44:18.599201598,T,94.6,100,94.66,100,TGT
2025-12-24,9:44:18.599542707,T,94.59,200,94.66,100,TGT
2025-12-24,9:44:18.599542707,T,94.6,100,94.66,100,TGT
2025-12-24,9:44:18.608338407,T,94.59,200,94.66,100,TGT
2025-12-24,9:44:19.691348709,T,94.59,100,94.66,100,TGT
2025-12-24,9:44:21.024399323,T,94.63,100,94.66,100,TGT
2025-12-24,9:44:33.110502830,T,94.63,100,94.65,100,TGT
2025-12-24,9:44:33.110512872,T,94.59,100,94.65,100,TGT
2025-12-24,9:44:33.110547961,T,94.59,100,94.65,200,TGT
2025-12-24,9:44:33.110553112,T,94.57,100,94.65,200,TGT
2025-12-24,9:44:33.110577978,T,94.57,100,94.64,100,TGT
2025-12-24,9:44:33.111219598,T,94.56,100,94.64,100,TGT
2025-12-24,9:44:33.111750822,T,94.56,100,94.65,200,TGT
2025-12-24,9:44:33.111775847,T,94.56,100,94.65,100,TGT
2025-12-24,9:44:33.120782289,T,94.56,100,94.66,100,TGT
2025-12-24,9:44:33.947902976,T,94.55,100,94.66,100,TGT
2025-12-24,9:45:00.620476770,T,94.55,100,94.66,200,TGT
2025-12-24,9:45:02.171963228,T,94.55,100,94.66,100,TGT
2025-12-24,9:45:08.814743798,T,94.56,100,94.66,100,TGT
2025-12-24,9:45:08.814799507,T,94.55,100,94.66,100,TGT
2025-12-24,9:45:08.814819020,T,94.54,300,94.66,100,TGT
2025-12-24,9:45:08.814839127,T,94.55,100,94.66,100,TGT
2025-12-24,9:45:08.830240683,T,94.56,100,94.66,100,TGT
2025-12-24,9:45:08.830245749,T,94.57,100,94.66,100,TGT
2025-12-24,9:45:08.830255793,T,94.57,100,94.7,100,TGT
2025-12-24,9:45:08.830260819,T,94.57,100,94.71,100,TGT
2025-12-24,9:45:08.830260819,T,94.6,100,94.71,100,TGT
2025-12-24,9:45:08.830275822,T,94.63,100,94.71,100,TGT
2025-12-24,9:45:08.830471224,T,94.63,200,94.71,100,TGT
2025-12-24,9:45:08.830476240,T,94.63,100,94.71,100,TGT
2025-12-24,9:45:08.830486356,T,94.63,200,94.71,100,TGT
2025-12-24,9:45:08.830521363,T,94.63,200,94.73,100,TGT
2025-12-24,9:45:08.830541428,T,94.64,100,94.73,100,TGT
2025-12-24,9:45:08.830777002,T,94.64,100,94.69,100,TGT
2025-12-24,9:45:08.830827357,T,94.63,200,94.69,100,TGT
2025-12-24,9:45:08.830832081,T,94.63,100,94.69,100,TGT
2025-12-24,9:45:08.830847119,T,94.63,100,94.68,100,TGT
2025-12-24,9:45:08.830882896,T,94.63,100,94.69,100,TGT
2025-12-24,9:45:08.830882896,T,94.64,100,94.69,100,TGT
2025-12-24,9:45:08.830887218,T,94.64,100,94.68,100,TGT
2025-12-24,9:45:08.830887218,T,94.64,100,94.69,100,TGT
2025-12-24,9:45:08.830902342,T,94.64,100,94.7,100,TGT
2025-12-24,9:45:08.831102733,T,94.63,100,94.7,100,TGT
2025-12-24,9:45:08.831117834,T,94.63,100,94.68,100,TGT
2025-12-24,9:45:08.833282952,T,94.63,100,94.74,200,TGT
2025-12-24,9:45:08.833302981,T,94.67,100,94.74,200,TGT
2025-12-24,9:45:08.833859305,T,94.64,100,94.74,200,TGT
2025-12-24,9:45:08.834019736,T,94.64,100,94.77,100,TGT
2025-12-24,9:45:08.834049735,T,94.64,100,94.79,500,TGT
2025-12-24,9:45:08.856693731,T,94.68,100,94.79,500,TGT
2025-12-24,9:45:08.998281022,T,94.68,100,94.79,600,TGT
2025-12-24,9:45:08.998356251,T,94.68,100,94.79,500,TGT
2025-12-24,9:45:08.998366279,T,94.68,100,94.78,200,TGT
2025-12-24,9:45:09.030688201,T,94.68,100,94.78,300,TGT
2025-12-24,9:45:09.030913771,T,94.68,100,94.78,400,TGT
2025-12-24,9:45:09.330307170,T,94.68,100,94.78,300,TGT
2025-12-24,9:45:10.893425842,T,94.68,100,94.78,200,TGT
2025-12-24,9:45:10.895335399,T,94.68,100,94.79,400,TGT
2025-12-24,9:45:10.896122299,T,94.68,100,94.79,500,TGT
2025-12-24,9:45:10.929085845,T,94.68,100,94.79,400,TGT
2025-12-24,9:45:10.929637146,T,94.68,100,94.79,500,TGT
2025-12-24,9:45:14.733780433,T,94.68,100,94.79,400,TGT
2025-12-24,9:45:14.733850181,T,94.57,300,94.79,400,TGT
2025-12-24,9:45:14.733850181,T,94.57,200,94.79,400,TGT
2025-12-24,9:45:14.733875224,T,94.57,200,94.79,500,TGT
2025-12-24,9:45:14.733875224,T,94.57,200,94.7,100,TGT
2025-12-24,9:45:14.734130857,T,94.57,300,94.7,100,TGT
2025-12-24,9:45:14.734426560,T,94.57,300,94.74,100,TGT
2025-12-24,9:45:14.734662196,T,94.57,300,94.75,100,TGT
2025-12-24,9:45:14.735829958,T,94.57,200,94.75,100,TGT
2025-12-24,9:45:14.738085309,T,94.57,200,94.74,100,TGT
2025-12-24,9:45:14.836775428,T,94.57,200,94.79,500,TGT
2025-12-24,9:45:17.686063385,T,94.57,200,94.79,400,TGT
2025-12-24,9:45:18.823463105,T,94.57,200,94.75,100,TGT
2025-12-24,9:45:35.798083177,T,94.57,200,94.72,100,TGT
2025-12-24,9:45:37.635024355,T,94.57,200,94.71,100,TGT
2025-12-24,9:45:37.635445261,T,94.57,200,94.71,200,TGT
2025-12-24,9:45:37.651678970,T,94.57,200,94.71,100,TGT
2025-12-24,9:45:37.651724110,T,94.57,300,94.71,100,TGT
2025-12-24,9:45:37.651964676,T,94.57,300,94.71,200,TGT
2025-12-24,9:45:37.651969649,T,94.59,100,94.71,200,TGT
2025-12-24,9:45:37.652009761,T,94.57,300,94.71,200,TGT
2025-12-24,9:45:37.652114991,T,94.57,300,94.71,300,TGT
2025-12-24,9:45:37.787773242,T,94.57,200,94.71,300,TGT
2025-12-24,9:45:39.398891418,T,94.57,200,94.71,200,TGT
2025-12-24,9:45:39.398896321,T,94.57,200,94.71,100,TGT
2025-12-24,9:45:39.939359013,T,94.63,2100,94.71,100,TGT
2025-12-24,9:45:46.857565632,T,94.63,2100,94.72,100,TGT
2025-12-24,9:45:48.043049863,T,94.63,2100,94.75,100,TGT
2025-12-24,9:45:48.150936933,T,94.63,2100,94.76,300,TGT
2025-12-24,9:45:48.749272390,T,94.67,100,94.76,300,TGT
2025-12-24,9:45:49.007938647,T,94.67,100,94.76,200,TGT
2025-12-24,9:45:49.009843153,T,94.67,100,94.76,300,TGT
2025-12-24,9:45:49.127728968,T,94.67,100,94.76,200,TGT
2025-12-24,9:45:51.671940219,T,94.67,100,94.76,300,TGT
2025-12-24,9:45:51.682089411,T,94.67,100,94.76,100,TGT
2025-12-24,9:45:52.353308531,T,94.63,2100,94.76,100,TGT
2025-12-24,9:45:53.283339124,T,94.69,100,94.76,100,TGT
2025-12-24,9:45:56.117621497,T,94.69,100,94.76,200,TGT
2025-12-24,9:45:58.371415968,T,94.63,2100,94.76,200,TGT
2025-12-24,9:45:58.943373677,T,94.65,100,94.76,200,TGT
2025-12-24,9:45:58.943373677,T,94.63,2200,94.76,200,TGT
2025-12-24,9:45:58.943694418,T,94.63,2100,94.76,200,TGT
2025-12-24,9:45:59.059866847,T,94.69,100,94.76,200,TGT
2025-12-24,9:45:59.059866847,T,94.7,100,94.76,200,TGT
2025-12-24,9:45:59.059901334,T,94.71,100,94.76,200,TGT
2025-12-24,9:45:59.059931362,T,94.71,100,94.76,100,TGT
2025-12-24,9:45:59.060437597,T,94.7,100,94.76,100,TGT
2025-12-24,9:45:59.060457642,T,94.7,100,94.75,100,TGT
2025-12-24,9:45:59.060467683,T,94.69,100,94.75,100,TGT
2025-12-24,9:45:59.060472647,T,94.69,100,94.75,200,TGT
2025-12-24,9:45:59.061028985,T,94.7,100,94.75,200,TGT
2025-12-24,9:45:59.061800817,T,94.7,100,94.75,100,TGT
2025-12-24,9:45:59.069915194,T,94.69,100,94.75,100,TGT
2025-12-24,9:45:59.069935196,T,94.63,2100,94.75,100,TGT
2025-12-24,9:45:59.069965278,T,94.63,2100,94.75,200,TGT
2025-12-24,9:45:59.303416414,T,94.72,100,94.75,200,TGT
2025-12-24,9:45:59.303446533,T,94.72,100,94.75,100,TGT
2025-12-24,9:45:59.303476605,T,94.72,100,94.76,100,TGT
2025-12-24,9:45:59.303496649,T,94.63,2100,94.76,100,TGT
2025-12-24,9:45:59.303516650,T,94.63,2100,94.75,100,TGT
2025-12-24,9:45:59.303516650,T,94.63,2100,94.74,100,TGT
2025-12-24,9:45:59.304072988,T,94.63,2100,94.75,200,TGT
2025-12-24,9:45:59.304679451,T,94.63,2100,94.75,100,TGT
2025-12-24,9:45:59.503683512,T,94.63,2100,94.76,100,TGT
2025-12-24,9:45:59.504450367,T,94.63,2100,94.76,200,TGT
2025-12-24,9:46:05.422539236,T,94.63,2100,94.75,100,TGT
2025-12-24,9:46:05.422624461,T,94.63,2100,94.75,200,TGT
2025-12-24,9:46:05.422664676,T,94.63,2100,94.74,100,TGT
2025-12-24,9:46:05.422699739,T,94.63,2100,94.73,100,TGT
2025-12-24,9:46:05.426167835,T,94.7,100,94.73,100,TGT
2025-12-24,9:46:05.436241886,T,94.63,2100,94.73,100,TGT
2025-12-24,9:46:05.436261880,T,94.63,2100,94.72,100,TGT
2025-12-24,9:46:05.436261880,T,94.63,2100,94.72,200,TGT
2025-12-24,9:46:05.436292028,T,94.63,2100,94.72,300,TGT
2025-12-24,9:46:05.436702962,T,94.63,2100,94.72,400,TGT
2025-12-24,9:46:05.436818277,T,94.63,2100,94.72,300,TGT
2025-12-24,9:46:05.436843315,T,94.63,2100,94.72,200,TGT
2025-12-24,9:46:05.436878360,T,94.63,2100,94.71,100,TGT
2025-12-24,9:46:05.436898382,T,94.63,2100,94.71,200,TGT
2025-12-24,9:46:05.437454712,T,94.63,2100,94.71,100,TGT
2025-12-24,9:46:05.487168233,T,94.63,2100,94.71,200,TGT
2025-12-24,9:46:06.119369326,T,94.63,2100,94.71,300,TGT
2025-12-24,9:46:07.062501256,T,94.67,200,94.71,300,TGT
2025-12-24,9:46:09.350311614,T,94.67,200,94.71,200,TGT
2025-12-24,9:46:13.626494194,T,94.67,200,94.71,100,TGT
2025-12-24,9:46:14.458766949,T,94.63,2100,94.71,100,TGT
2025-12-24,9:46:14.458811994,T,94.63,2100,94.71,200,TGT
2025-12-24,9:46:14.458811994,T,94.63,2100,94.7,100,TGT
2025-12-24,9:46:14.458822065,T,94.63,2100,94.7,200,TGT
2025-12-24,9:46:14.459022492,T,94.63,2100,94.69,100,TGT
2025-12-24,9:46:14.459027510,T,94.63,2100,94.68,100,TGT
2025-12-24,9:46:14.459583899,T,94.63,2100,94.7,300,TGT
2025-12-24,9:46:14.460100137,T,94.63,2100,94.7,200,TGT
2025-12-24,9:46:14.468835930,T,94.63,2100,94.7,100,TGT
2025-12-24,9:46:14.469046406,T,94.63,2100,94.76,100,TGT
2025-12-24,9:46:14.470775556,T,94.63,2100,94.78,100,TGT
2025-12-24,9:46:14.470795616,T,94.63,2200,94.78,100,TGT
2025-12-24,9:46:14.470820621,T,94.63,2100,94.78,100,TGT
2025-12-24,9:46:14.470835665,T,94.64,100,94.78,100,TGT
2025-12-24,9:46:14.471181505,T,94.63,2100,94.78,100,TGT
2025-12-24,9:46:14.471366888,T,94.63,2100,94.79,300,TGT
2025-12-24,9:46:14.474248757,T,94.64,100,94.79,300,TGT
2025-12-24,9:46:14.474995584,T,94.63,2100,94.79,300,TGT
2025-12-24,9:46:14.659104247,T,94.63,2100,94.79,200,TGT
2025-12-24,9:46:23.122061204,T,94.63,2100,94.69,100,TGT
2025-12-24,9:46:24.162093940,T,94.63,2100,94.79,200,TGT
2025-12-24,9:46:24.167036071,T,94.63,2100,94.7,100,TGT
2025-12-24,9:46:24.389681172,T,94.64,100,94.7,100,TGT
2025-12-24,9:46:24.394247046,T,94.66,100,94.7,100,TGT
2025-12-24,9:46:24.394477590,T,94.66,100,94.79,200,TGT
2025-12-24,9:46:24.394498250,T,94.67,100,94.79,200,TGT
2025-12-24,9:46:24.394507590,T,94.67,200,94.79,200,TGT
2025-12-24,9:46:24.394517702,T,94.67,100,94.79,200,TGT
2025-12-24,9:46:24.394963770,T,94.67,100,94.79,300,TGT
2025-12-24,9:46:24.395284528,T,94.67,200,94.79,300,TGT
2025-12-24,9:46:24.404611702,T,94.67,100,94.79,300,TGT
2025-12-24,9:46:24.415652985,T,94.67,100,94.79,200,TGT
2025-12-24,9:46:24.594579282,T,94.64,200,94.79,200,TGT
2025-12-24,9:46:24.913679402,T,94.64,100,94.79,200,TGT
2025-12-24,9:46:24.913709569,T,94.63,2200,94.79,200,TGT
2025-12-24,9:46:25.390029215,T,94.65,100,94.79,200,TGT
2025-12-24,9:46:25.390079435,T,94.63,2200,94.79,200,TGT
2025-12-24,9:46:26.521159010,T,94.65,100,94.79,200,TGT
2025-12-24,9:46:26.521189072,T,94.67,100,94.79,200,TGT
2025-12-24,9:46:26.531709111,T,94.65,100,94.79,200,TGT
2025-12-24,9:46:26.619443234,T,94.67,100,94.79,200,TGT
2025-12-24,9:46:26.791713609,T,94.71,100,94.79,200,TGT
2025-12-24,9:46:34.765535079,T,94.71,200,94.79,200,TGT
2025-12-24,9:46:34.765535079,T,94.72,100,94.79,200,TGT
2025-12-24,9:46:34.765545046,T,94.72,200,94.79,200,TGT
2025-12-24,9:46:34.765560145,T,94.72,100,94.79,200,TGT
2025-12-24,9:46:34.765580180,T,94.72,200,94.79,200,TGT
2025-12-24,9:46:34.775573955,T,94.72,100,94.79,200,TGT
2025-12-24,9:46:34.965601707,T,94.71,100,94.79,200,TGT
2025-12-24,9:46:35.549853557,T,94.7,100,94.79,200,TGT
2025-12-24,9:46:35.549883645,T,94.67,100,94.79,200,TGT
2025-12-24,9:46:35.550881026,T,94.7,100,94.79,200,TGT
2025-12-24,9:46:35.614046788,T,94.73,100,94.79,200,TGT
2025-12-24,9:46:35.614051603,T,94.74,100,94.79,200,TGT
2025-12-24,9:46:35.621103334,T,94.73,100,94.79,200,TGT
2025-12-24,9:46:35.624095371,T,94.71,100,94.79,200,TGT
2025-12-24,9:46:35.624676783,T,94.7,100,94.79,200,TGT
2025-12-24,9:46:35.972490408,T,94.71,100,94.79,200,TGT
2025-12-24,9:46:36.440886450,T,94.75,100,94.79,200,TGT
2025-12-24,9:46:38.992751072,T,94.75,100,94.84,200,TGT
2025-12-24,9:46:38.992770876,T,94.77,100,94.84,200,TGT
2025-12-24,9:46:38.992770876,T,94.78,100,94.84,200,TGT
2025-12-24,9:46:38.993848541,T,94.77,100,94.84,200,TGT
2025-12-24,9:46:39.094804039,T,94.76,100,94.84,200,TGT
2025-12-24,9:46:39.193053008,T,94.75,100,94.84,200,TGT
2025-12-24,9:46:39.994933394,T,94.74,100,94.84,200,TGT
2025-12-24,9:46:40.831962596,T,94.78,100,94.84,200,TGT
2025-12-24,9:46:40.832934858,T,94.78,100,94.89,100,TGT
2025-12-24,9:46:40.832944868,T,94.78,100,94.88,200,TGT
2025-12-24,9:46:41.996497005,T,94.79,100,94.88,200,TGT
2025-12-24,9:46:41.997053318,T,94.78,100,94.88,200,TGT
2025-12-24,9:46:41.997359043,T,94.78,200,94.88,200,TGT
2025-12-24,9:46:41.997399078,T,94.78,100,94.88,200,TGT
2025-12-24,9:46:46.528523762,T,94.78,100,94.85,100,TGT
2025-12-24,9:46:46.528799338,T,94.78,100,94.88,300,TGT
2025-12-24,9:46:46.530162685,T,94.78,100,94.84,100,TGT
2025-12-24,9:46:46.766651097,T,94.78,100,94.88,200,TGT
2025-12-24,9:46:57.659546924,T,94.78,100,94.91,100,TGT
2025-12-24,9:47:00.349981597,T,94.78,100,94.92,300,TGT
2025-12-24,9:47:00.349986596,T,94.78,100,94.92,200,TGT
2025-12-24,9:47:00.350011611,T,94.79,100,94.92,200,TGT
2025-12-24,9:47:00.350021713,T,94.79,200,94.92,200,TGT
2025-12-24,9:47:00.350272293,T,94.83,100,94.92,200,TGT
2025-12-24,9:47:00.350828545,T,94.79,200,94.92,200,TGT
2025-12-24,9:47:00.350963865,T,94.81,100,94.92,200,TGT
2025-12-24,9:47:00.358301401,T,94.79,200,94.92,200,TGT
2025-12-24,9:47:00.450120211,T,94.79,100,94.92,200,TGT
2025-12-24,9:47:00.550394104,T,94.78,100,94.92,200,TGT
2025-12-24,9:47:00.772107370,T,94.76,200,94.92,200,TGT
2025-12-24,9:47:01.680135666,T,94.82,100,94.92,200,TGT
2025-12-24,9:47:04.548494147,T,94.82,100,94.92,300,TGT
2025-12-24,9:47:04.550664336,T,94.82,100,94.92,100,TGT
2025-12-24,9:47:04.599039593,T,94.82,100,94.96,200,TGT
2025-12-24,9:47:04.750149602,T,94.77,100,94.96,200,TGT
2025-12-24,9:47:05.491917060,T,94.77,200,94.96,200,TGT
2025-12-24,9:47:05.491921903,T,94.81,100,94.96,200,TGT
2025-12-24,9:47:05.491921903,T,94.83,100,94.96,200,TGT
2025-12-24,9:47:05.491921903,T,94.83,200,94.96,200,TGT
2025-12-24,9:47:05.501995957,T,94.83,100,94.96,200,TGT
2025-12-24,9:47:05.592897543,T,94.82,100,94.96,200,TGT
2025-12-24,9:47:05.691943515,T,94.81,100,94.96,200,TGT
2025-12-24,9:47:05.691968560,T,94.77,100,94.96,200,TGT
2025-12-24,9:47:05.875180004,T,94.83,200,94.96,200,TGT
2025-12-24,9:47:05.960698713,T,94.83,200,94.89,100,TGT
2025-12-24,9:47:06.767841518,T,94.83,200,94.89,200,TGT
2025-12-24,9:47:07.470620806,T,94.83,200,94.89,300,TGT
2025-12-24,9:47:12.567092580,T,94.83,200,94.89,200,TGT
2025-12-24,9:47:16.278108672,T,94.83,200,94.89,100,TGT
2025-12-24,9:47:16.278113643,T,94.83,200,94.96,200,TGT
2025-12-24,9:47:16.278133675,T,94.86,100,94.96,200,TGT
2025-12-24,9:47:16.278133675,T,94.88,100,94.96,200,TGT
2025-12-24,9:47:16.279166143,T,94.86,100,94.96,200,TGT
2025-12-24,9:47:16.283872403,T,94.84,200,94.96,200,TGT
2025-12-24,9:47:16.288242809,T,94.84,100,94.96,200,TGT
2025-12-24,9:47:16.379715692,T,94.83,300,94.96,200,TGT
2025-12-24,9:47:16.417776310,T,94.83,100,94.96,200,TGT
2025-12-24,9:47:16.417801394,T,94.82,100,94.96,200,TGT
2025-12-24,9:47:16.417821506,T,94.81,100,94.96,200,TGT
2025-12-24,9:47:17.068837358,T,94.84,100,94.96,200,TGT
2025-12-24,9:47:18.113881987,T,94.82,100,94.96,200,TGT
2025-12-24,9:47:18.385824748,T,94.81,100,94.96,200,TGT
2025-12-24,9:47:18.386551632,T,94.82,100,94.96,200,TGT
2025-12-24,9:47:18.734881282,T,94.85,100,94.96,200,TGT
2025-12-24,9:47:23.301099602,T,94.85,100,94.98,100,TGT
2025-12-24,9:47:23.301129694,T,94.85,100,95.0,900,TGT
2025-12-24,9:47:23.419932743,T,94.82,100,95.0,900,TGT
2025-12-24,9:47:23.419962816,T,94.81,100,95.0,900,TGT
2025-12-24,9:47:23.476392279,T,94.82,100,95.0,900,TGT
2025-12-24,9:47:23.947138716,T,94.81,100,95.0,900,TGT
2025-12-24,9:47:24.303748277,T,94.82,100,95.0,900,TGT
2025-12-24,9:47:24.473958811,T,94.88,100,95.0,900,TGT
2025-12-24,9:47:27.572480786,T,94.88,200,95.0,900,TGT
2025-12-24,9:47:27.579477421,T,94.88,100,95.0,900,TGT
2025-12-24,9:47:30.418030118,T,94.84,100,95.0,900,TGT
2025-12-24,9:47:31.183042935,T,94.91,100,95.0,900,TGT
2025-12-24,9:47:39.993602817,T,94.87,100,95.0,900,TGT
2025-12-24,9:47:39.993627665,T,94.85,100,95.0,900,TGT
2025-12-24,9:47:39.993647707,T,94.85,100,94.97,100,TGT
2025-12-24,9:47:39.993647707,T,94.85,100,94.93,100,TGT
2025-12-24,9:47:39.994780431,T,94.85,100,94.93,200,TGT
2025-12-24,9:47:39.994810530,T,94.85,100,94.93,100,TGT
2025-12-24,9:47:39.998564423,T,94.85,100,94.97,100,TGT
2025-12-24,9:47:40.011455146,T,94.91,100,94.97,100,TGT
2025-12-24,9:47:40.011470150,T,94.91,100,94.98,100,TGT
2025-12-24,9:47:40.194004990,T,94.91,100,95.0,900,TGT
2025-12-24,9:47:42.743103308,T,94.91,200,95.0,900,TGT
2025-12-24,9:47:42.743118031,T,94.92,100,95.0,900,TGT
2025-12-24,9:47:42.748676346,T,94.92,100,94.98,100,TGT
2025-12-24,9:47:42.897505848,T,94.91,100,94.98,100,TGT
2025-12-24,9:47:42.897535850,T,94.91,100,94.98,200,TGT
2025-12-24,9:47:42.922169581,T,94.87,100,94.98,200,TGT
2025-12-24,9:47:43.848210700,T,94.94,100,94.98,200,TGT
2025-12-24,9:47:44.011820451,T,94.94,100,94.98,100,TGT
2025-12-24,9:47:44.207767237,T,94.94,100,94.98,200,TGT
2025-12-24,9:47:52.778781589,T,94.92,100,94.98,200,TGT
2025-12-24,9:47:52.778801619,T,94.92,100,94.97,100,TGT
2025-12-24,9:47:52.778806715,T,94.92,100,94.96,100,TGT
2025-12-24,9:47:52.779358047,T,94.92,100,94.97,300,TGT
2025-12-24,9:47:52.782891412,T,94.92,100,94.97,200,TGT
2025-12-24,9:47:52.797511279,T,94.92,100,94.97,100,TGT
2025-12-24,9:47:52.827132172,T,94.92,100,94.95,100,TGT
2025-12-24,9:47:52.827141807,T,94.92,100,94.95,200,TGT
2025-12-24,9:47:52.827462640,T,94.92,100,94.95,300,TGT
2025-12-24,9:47:52.827688165,T,94.92,100,94.95,200,TGT
2025-12-24,9:47:52.828244426,T,94.85,100,94.95,200,TGT
2025-12-24,9:47:52.828264460,T,94.85,100,94.95,300,TGT
2025-12-24,9:47:52.828264460,T,94.85,100,94.94,100,TGT
2025-12-24,9:47:52.828264460,T,94.85,100,94.94,200,TGT
2025-12-24,9:47:52.828815801,T,94.85,100,94.94,100,TGT
2025-12-24,9:47:52.829337081,T,94.85,100,94.95,100,TGT
2025-12-24,9:47:52.829397287,T,94.85,100,94.94,100,TGT
2025-12-24,9:47:52.829763055,T,94.84,200,94.94,100,TGT
2025-12-24,9:47:52.830038766,T,94.84,200,94.91,100,TGT
2025-12-24,9:47:52.830595029,T,94.84,200,94.94,100,TGT
2025-12-24,9:47:52.831101216,T,94.84,200,94.92,100,TGT
2025-12-24,9:47:52.833121149,T,94.84,200,94.9,100,TGT
2025-12-24,9:47:52.833171203,T,94.84,200,94.92,100,TGT
2025-12-24,9:47:52.833181280,T,94.84,100,94.92,100,TGT
2025-12-24,9:47:52.833196241,T,94.84,100,94.9,100,TGT
2025-12-24,9:47:52.833201321,T,94.84,100,94.89,100,TGT
2025-12-24,9:47:52.833507035,T,94.86,100,94.89,100,TGT
2025-12-24,9:47:52.833797683,T,94.84,100,94.89,100,TGT
2025-12-24,9:47:52.833817794,T,94.84,100,94.88,100,TGT
2025-12-24,9:47:52.834038227,T,94.84,100,94.89,200,TGT
2025-12-24,9:47:52.834038227,T,94.84,100,94.89,100,TGT
2025-12-24,9:47:52.834058314,T,94.85,100,94.89,100,TGT
2025-12-24,9:47:52.834068391,T,94.85,200,94.89,100,TGT
2025-12-24,9:47:52.834088417,T,94.86,100,94.89,100,TGT
2025-12-24,9:47:52.834138440,T,94.86,200,94.89,100,TGT
2025-12-24,9:47:52.834203609,T,94.86,200,94.94,100,TGT
2025-12-24,9:47:52.834219017,T,94.87,100,94.94,100,TGT
2025-12-24,9:47:52.834228673,T,94.87,200,94.94,100,TGT
2025-12-24,9:47:52.834243748,T,94.87,300,94.94,100,TGT
2025-12-24,9:47:52.834273862,T,94.87,400,94.94,100,TGT
2025-12-24,9:47:52.834313868,T,94.87,300,94.94,100,TGT
2025-12-24,9:47:52.834534472,T,94.87,400,94.94,100,TGT
2025-12-24,9:47:52.834544434,T,94.87,300,94.94,100,TGT
2025-12-24,9:47:52.834554459,T,94.88,100,94.94,100,TGT
2025-12-24,9:47:52.834604657,T,94.88,200,94.94,100,TGT
2025-12-24,9:47:52.834860507,T,94.88,100,94.94,100,TGT
2025-12-24,9:47:52.834865201,T,94.87,100,94.94,100,TGT
2025-12-24,9:47:52.834865201,T,94.86,200,94.94,100,TGT
2025-12-24,9:47:52.834885266,T,94.86,200,94.94,200,TGT
2025-12-24,9:47:52.834890343,T,94.87,100,94.94,200,TGT
2025-12-24,9:47:52.834905519,T,94.86,200,94.94,200,TGT
2025-12-24,9:47:52.834910323,T,94.86,100,94.94,200,TGT
2025-12-24,9:47:52.834930488,T,94.86,200,94.94,200,TGT
2025-12-24,9:47:52.834930488,T,94.86,200,94.92,100,TGT
2025-12-24,9:47:52.834955457,T,94.86,100,94.92,100,TGT
2025-12-24,9:47:52.834985470,T,94.86,200,94.92,100,TGT
2025-12-24,9:47:52.835130881,T,94.86,100,94.92,100,TGT
2025-12-24,9:47:52.836253599,T,94.86,100,94.91,100,TGT
2025-12-24,9:47:52.836253599,T,94.86,100,94.89,100,TGT
2025-12-24,9:47:52.836278588,T,94.86,100,94.89,200,TGT
2025-12-24,9:47:52.837230838,T,94.86,100,94.89,100,TGT
2025-12-24,9:47:52.837631823,T,94.86,100,94.91,100,TGT
2025-12-24,9:47:52.839626614,T,94.86,100,94.92,100,TGT
2025-12-24,9:47:52.839646948,T,94.88,100,94.92,100,TGT
2025-12-24,9:47:52.839646948,T,94.88,100,94.94,100,TGT
2025-12-24,9:47:52.840413508,T,94.88,100,94.94,200,TGT
2025-12-24,9:47:52.842453269,T,94.88,100,94.94,100,TGT
2025-12-24,9:47:52.842463353,T,94.87,100,94.94,100,TGT
2025-12-24,9:47:52.866255009,T,94.87,100,94.94,200,TGT
2025-12-24,9:47:52.866255009,T,94.86,100,94.94,200,TGT
2025-12-24,9:47:52.866310135,T,94.85,100,94.94,200,TGT
2025-12-24,9:47:52.867076942,T,94.85,100,94.94,100,TGT
2025-12-24,9:47:52.867147246,T,94.85,100,94.95,100,TGT
2025-12-24,9:47:52.867528075,T,94.84,200,94.95,100,TGT
2025-12-24,9:47:52.867548356,T,94.84,200,94.94,100,TGT
2025-12-24,9:47:52.867548356,T,94.84,200,94.93,100,TGT
2025-12-24,9:47:52.867548356,T,94.84,200,94.93,200,TGT
2025-12-24,9:47:52.867553059,T,94.84,200,94.93,300,TGT
2025-12-24,9:47:52.867568203,T,94.84,200,94.93,200,TGT
2025-12-24,9:47:52.868039294,T,94.84,200,94.93,300,TGT
2025-12-24,9:47:52.868044218,T,94.84,200,94.9,100,TGT
2025-12-24,9:47:52.868064362,T,94.84,100,94.9,100,TGT
2025-12-24,9:47:52.868109492,T,94.84,100,94.93,300,TGT
2025-12-24,9:47:52.868159565,T,94.84,100,94.93,200,TGT
2025-12-24,9:47:52.868179553,T,94.84,200,94.93,200,TGT
2025-12-24,9:47:52.868510360,T,94.84,100,94.93,200,TGT
2025-12-24,9:47:52.868655781,T,94.84,100,94.93,100,TGT
2025-12-24,9:47:52.868670771,T,94.84,100,94.87,100,TGT
2025-12-24,9:47:52.868926439,T,94.84,100,94.93,100,TGT
2025-12-24,9:47:52.868946493,T,94.84,200,94.93,100,TGT
2025-12-24,9:47:52.868956511,T,94.85,100,94.93,100,TGT
2025-12-24,9:47:52.868961518,T,94.85,200,94.93,100,TGT
2025-12-24,9:47:52.869006542,T,94.85,100,94.93,100,TGT
2025-12-24,9:47:52.869006542,T,94.84,100,94.93,100,TGT
2025-12-24,9:47:52.869031686,T,94.84,100,94.93,200,TGT
2025-12-24,9:47:52.869473035,T,94.84,100,94.93,100,TGT
2025-12-24,9:47:52.869482661,T,94.84,100,94.93,200,TGT
2025-12-24,9:47:52.869507987,T,94.84,100,94.93,100,TGT
2025-12-24,9:47:52.869548024,T,94.84,200,94.93,100,TGT
2025-12-24,9:47:52.869548024,T,94.84,100,94.93,100,TGT
2025-12-24,9:47:52.869548024,T,94.84,200,94.93,100,TGT
2025-12-24,9:47:52.869557900,T,94.85,100,94.93,100,TGT
2025-12-24,9:47:52.869577887,T,94.84,200,94.93,100,TGT
2025-12-24,9:47:52.869618111,T,94.84,100,94.93,100,TGT
2025-12-24,9:47:52.869673154,T,94.84,200,94.93,100,TGT
2025-12-24,9:47:52.869698267,T,94.86,100,94.93,100,TGT
2025-12-24,9:47:52.869733330,T,94.86,100,94.93,200,TGT
2025-12-24,9:47:52.870369873,T,94.84,200,94.93,200,TGT
2025-12-24,9:47:52.870389921,T,94.84,100,94.93,200,TGT
2025-12-24,9:47:52.870389921,T,94.84,200,94.93,200,TGT
2025-12-24,9:47:52.871292159,T,94.84,100,94.93,200,TGT
2025-12-24,9:47:52.871312065,T,94.84,100,94.88,100,TGT
2025-12-24,9:47:52.872124041,T,94.84,100,94.93,200,TGT
2025-12-24,9:47:52.872164099,T,94.86,100,94.93,200,TGT
2025-12-24,9:47:52.872705440,T,94.84,100,94.93,200,TGT
2025-12-24,9:47:52.872725454,T,94.84,100,94.88,100,TGT
2025-12-24,9:47:52.872730445,T,94.84,100,94.87,100,TGT
2025-12-24,9:47:52.873918307,T,94.81,100,94.87,100,TGT
2025-12-24,9:47:52.874289111,T,94.8,100,94.87,100,TGT
2025-12-24,9:47:52.874424443,T,94.81,100,94.87,100,TGT
2025-12-24,9:47:52.874469550,T,94.8,100,94.87,100,TGT
2025-12-24,9:47:52.874840489,T,94.8,100,94.85,100,TGT
2025-12-24,9:47:52.874870508,T,94.81,100,94.85,100,TGT
2025-12-24,9:47:52.874890583,T,94.81,100,94.85,200,TGT
2025-12-24,9:47:52.875266532,T,94.8,100,94.85,200,TGT
2025-12-24,9:47:52.875983185,T,94.8,100,94.85,100,TGT
2025-12-24,9:47:52.876920457,T,94.8,100,94.88,100,TGT
2025-12-24,9:47:52.876945447,T,94.8,100,94.84,100,TGT
2025-12-24,9:47:52.876965700,T,94.8,100,94.88,100,TGT
2025-12-24,9:47:52.877000641,T,94.8,100,94.9,100,TGT
2025-12-24,9:47:52.877020621,T,94.83,100,94.9,100,TGT
2025-12-24,9:47:52.877702297,T,94.83,100,94.93,200,TGT
2025-12-24,9:47:52.877722745,T,94.83,200,94.93,200,TGT
2025-12-24,9:47:52.877722745,T,94.83,300,94.93,200,TGT
2025-12-24,9:47:52.877722745,T,94.83,200,94.93,200,TGT
2025-12-24,9:47:52.877722745,T,94.83,300,94.93,200,TGT
2025-12-24,9:47:52.877727334,T,94.83,200,94.93,200,TGT
2025-12-24,9:47:52.877952852,T,94.84,100,94.93,200,TGT
2025-12-24,9:47:52.879130727,T,94.84,100,94.93,100,TGT
2025-12-24,9:47:52.879461639,T,94.84,100,94.93,200,TGT
2025-12-24,9:47:52.879461639,T,94.84,100,94.88,100,TGT
2025-12-24,9:47:52.879461639,T,94.84,100,94.87,100,TGT
2025-12-24,9:47:52.879466505,T,94.84,100,94.87,200,TGT
2025-12-24,9:47:52.879471508,T,94.81,100,94.87,200,TGT
2025-12-24,9:47:52.879506580,T,94.81,100,94.87,100,TGT
2025-12-24,9:47:52.879511641,T,94.81,100,94.88,100,TGT
2025-12-24,9:47:52.879511641,T,94.81,100,94.9,100,TGT
2025-12-24,9:47:52.879531690,T,94.84,100,94.9,100,TGT
2025-12-24,9:47:52.879541689,T,94.85,100,94.9,100,TGT
2025-12-24,9:47:52.879576725,T,94.85,100,94.93,200,TGT
2025-12-24,9:47:52.879837361,T,94.85,100,94.93,100,TGT
2025-12-24,9:47:52.880233343,T,94.85,200,94.93,100,TGT
2025-12-24,9:47:52.888066994,T,94.85,200,94.93,200,TGT
2025-12-24,9:47:52.979369538,T,94.85,100,94.93,200,TGT
2025-12-24,9:47:53.027218549,T,94.85,100,94.93,100,TGT
2025-12-24,9:47:54.210377323,T,94.85,100,94.93,200,TGT
2025-12-24,9:47:54.349648995,T,94.85,100,94.93,100,TGT
2025-12-24,9:47:55.018301849,T,94.86,100,94.93,100,TGT
2025-12-24,9:47:55.018667718,T,94.86,200,94.93,100,TGT
2025-12-24,9:48:04.188358342,T,94.86,200,94.95,500,TGT
2025-12-24,9:48:04.212676234,T,94.86,200,94.92,100,TGT
2025-12-24,9:48:09.898181085,T,94.86,200,94.92,200,TGT
2025-12-24,9:48:10.490266618,T,94.86,200,94.92,100,TGT
2025-12-24,9:48:13.732009660,T,94.86,100,94.92,100,TGT
2025-12-24,9:48:13.732014698,T,94.86,200,94.92,100,TGT
2025-12-24,9:48:13.732019757,T,94.86,200,94.98,100,TGT
2025-12-24,9:48:13.732024780,T,94.86,100,94.98,100,TGT
2025-12-24,9:48:13.732039848,T,94.87,100,94.98,100,TGT
2025-12-24,9:48:13.732044789,T,94.89,100,94.98,100,TGT
2025-12-24,9:48:13.732290337,T,94.9,100,94.98,100,TGT
2025-12-24,9:48:13.732360494,T,94.91,100,94.98,100,TGT
2025-12-24,9:48:13.732696431,T,94.9,100,94.98,100,TGT
2025-12-24,9:48:13.732696431,T,94.92,100,94.98,100,TGT
2025-12-24,9:48:13.732862137,T,94.9,100,94.98,100,TGT
2025-12-24,9:48:13.732866748,T,94.93,100,94.98,100,TGT
2025-12-24,9:48:14.750506163,T,94.94,100,94.98,100,TGT
2025-12-24,9:48:14.750892226,T,94.94,200,94.98,100,TGT
2025-12-24,9:48:21.136374906,T,94.94,100,94.98,100,TGT
2025-12-24,9:48:21.136374906,T,94.9,100,94.98,100,TGT
2025-12-24,9:48:21.136379878,T,94.87,100,94.98,100,TGT
2025-12-24,9:48:21.136399950,T,94.87,100,94.95,100,TGT
2025-12-24,9:48:21.137472525,T,94.87,100,94.96,100,TGT
2025-12-24,9:48:21.140765359,T,94.85,100,94.96,100,TGT
2025-12-24,9:48:21.140790353,T,94.81,100,94.96,100,TGT
2025-12-24,9:48:21.140830481,T,94.81,100,94.94,100,TGT
2025-12-24,9:48:21.952704675,T,94.81,100,94.98,100,TGT
2025-12-24,9:48:24.162003006,T,94.84,100,94.98,100,TGT
2025-12-24,9:48:24.915468120,T,94.85,100,94.98,100,TGT
2025-12-24,9:48:24.915493184,T,94.84,100,94.98,100,TGT
2025-12-24,9:48:24.915518356,T,94.84,100,94.95,100,TGT
2025-12-24,9:48:24.915518356,T,94.84,100,94.94,100,TGT
2025-12-24,9:48:24.915543339,T,94.84,100,94.98,200,TGT
2025-12-24,9:48:24.915563361,T,94.84,100,94.95,100,TGT
2025-12-24,9:48:24.916039550,T,94.84,100,94.98,200,TGT
2025-12-24,9:48:24.917402715,T,94.84,100,94.97,100,TGT
2025-12-24,9:48:24.917623239,T,94.84,100,94.98,200,TGT
2025-12-24,9:48:24.919242536,T,94.84,100,94.98,100,TGT
2025-12-24,9:48:24.919267247,T,94.88,100,94.98,100,TGT
2025-12-24,9:48:24.919267247,T,94.88,200,94.98,100,TGT
2025-12-24,9:48:24.919287232,T,94.88,100,94.98,100,TGT
2025-12-24,9:48:24.920570317,T,94.87,100,94.98,100,TGT
2025-12-24,9:48:25.119920203,T,94.84,100,94.98,100,TGT
2025-12-24,9:48:29.581464248,T,94.81,100,94.98,100,TGT
2025-12-24,9:48:37.601440764,T,94.81,100,94.98,200,TGT
2025-12-24,9:48:37.601440764,T,94.81,100,94.97,100,TGT
2025-12-24,9:48:37.601445763,T,94.81,100,94.96,100,TGT
2025-12-24,9:48:37.601451018,T,94.81,100,94.95,100,TGT
2025-12-24,9:48:37.601455836,T,94.81,100,94.92,100,TGT
2025-12-24,9:48:37.601546012,T,94.8,100,94.92,100,TGT
2025-12-24,9:48:37.602007041,T,94.8,100,94.96,100,TGT
2025-12-24,9:48:37.602042166,T,94.81,100,94.96,100,TGT
2025-12-24,9:48:37.622691320,T,94.8,100,94.96,100,TGT
2025-12-24,9:48:37.801517381,T,94.8,100,94.98,100,TGT
2025-12-24,9:48:37.801782982,T,94.8,100,94.98,200,TGT
2025-12-24,9:48:38.100479683,T,94.8,100,94.98,100,TGT
2025-12-24,9:48:38.153656423,T,94.8,100,94.98,200,TGT
2025-12-24,9:48:38.254210896,T,94.8,100,94.93,100,TGT
2025-12-24,9:48:39.314366568,T,94.78,200,94.93,100,TGT
2025-12-24,9:48:39.314381563,T,94.78,200,94.93,200,TGT
2025-12-24,9:48:39.314386511,T,94.78,200,94.92,100,TGT
2025-12-24,9:48:39.314396640,T,94.78,200,94.91,100,TGT
2025-12-24,9:48:39.314967980,T,94.78,200,94.91,200,TGT
2025-12-24,9:48:39.325252402,T,94.78,200,94.91,100,TGT
2025-12-24,9:48:39.327763406,T,94.78,200,94.89,100,TGT
2025-12-24,9:48:39.333116131,T,94.78,200,94.91,100,TGT
2025-12-24,9:48:39.337902546,T,94.76,100,94.91,100,TGT
2025-12-24,9:48:39.467436159,T,94.76,100,94.87,100,TGT
2025-12-24,9:48:39.467967465,T,94.76,100,94.87,200,TGT
2025-12-24,9:48:39.536746304,T,94.82,100,94.87,200,TGT
2025-12-24,9:48:41.933255766,T,94.76,100,94.87,200,TGT
2025-12-24,9:48:41.933280963,T,94.76,100,94.85,100,TGT
2025-12-24,9:48:41.933351000,T,94.76,100,94.83,100,TGT
2025-12-24,9:48:41.934383469,T,94.76,100,94.84,100,TGT
2025-12-24,9:48:41.953554125,T,94.76,100,94.84,200,TGT
2025-12-24,9:48:42.312639715,T,94.76,100,94.82,100,TGT
2025-12-24,9:48:42.314474122,T,94.76,100,94.84,100,TGT
2025-12-24,9:48:42.315250934,T,94.76,100,94.84,200,TGT
2025-12-24,9:48:42.315275953,T,94.76,100,94.82,100,TGT
2025-12-24,9:48:42.377694707,T,94.76,100,94.82,200,TGT
2025-12-24,9:48:42.512791513,T,94.76,100,94.82,100,TGT
2025-12-24,9:48:47.294107227,T,94.76,100,94.84,100,TGT
2025-12-24,9:48:47.874494921,T,94.76,200,94.84,100,TGT
2025-12-24,9:48:47.903243363,T,94.76,200,94.86,100,TGT
2025-12-24,9:48:47.909718799,T,94.76,200,94.82,100,TGT
2025-12-24,9:48:50.465858516,T,94.76,200,94.88,100,TGT
2025-12-24,9:48:50.465873568,T,94.8,100,94.88,100,TGT
2025-12-24,9:48:50.466189283,T,94.8,100,94.88,200,TGT
2025-12-24,9:48:50.466310352,T,94.79,100,94.88,200,TGT
2025-12-24,9:48:50.466314646,T,94.78,100,94.88,200,TGT
2025-12-24,9:48:50.466314646,T,94.76,200,94.88,200,TGT
2025-12-24,9:48:50.466329739,T,94.76,200,94.86,100,TGT
2025-12-24,9:48:50.466334650,T,94.76,200,94.83,100,TGT
2025-12-24,9:48:50.466399852,T,94.76,200,94.83,200,TGT
2025-12-24,9:48:50.466500037,T,94.76,300,94.83,200,TGT
2025-12-24,9:48:50.466555212,T,94.76,200,94.83,200,TGT
2025-12-24,9:48:50.483335204,T,94.79,100,94.83,200,TGT
2025-12-24,9:48:50.566959584,T,94.79,100,94.83,100,TGT
2025-12-24,9:49:00.896052105,T,94.79,200,94.83,100,TGT
2025-12-24,9:49:02.650968097,T,94.79,200,94.88,100,TGT
2025-12-24,9:49:02.650993178,T,94.8,100,94.88,100,TGT
2025-12-24,9:49:02.650999286,T,94.8,100,94.91,100,TGT
2025-12-24,9:49:02.651955456,T,94.8,100,94.91,200,TGT
2025-12-24,9:49:02.661197439,T,94.79,300,94.91,200,TGT
2025-12-24,9:49:02.661969301,T,94.79,300,94.91,100,TGT
2025-12-24,9:49:02.663152093,T,94.79,300,94.91,200,TGT
2025-12-24,9:49:02.747668429,T,94.79,300,94.91,100,TGT
2025-12-24,9:49:02.851104842,T,94.79,200,94.91,100,TGT
2025-12-24,9:49:03.188959791,T,94.79,100,94.91,100,TGT
2025-12-24,9:49:03.850991982,T,94.82,100,94.91,100,TGT
2025-12-24,9:49:06.157301444,T,94.82,100,94.93,100,TGT
2025-12-24,9:49:06.157306428,T,94.82,200,94.93,100,TGT
2025-12-24,9:49:06.157321454,T,94.83,100,94.93,100,TGT
2025-12-24,9:49:06.157361627,T,94.82,200,94.93,100,TGT
2025-12-24,9:49:06.164303103,T,94.82,100,94.93,100,TGT
2025-12-24,9:49:06.822010024,T,94.8,100,94.93,100,TGT
2025-12-24,9:49:07.184363236,T,94.8,100,94.9,100,TGT
2025-12-24,9:49:07.191435132,T,94.8,100,94.91,100,TGT
2025-12-24,9:49:07.384695546,T,94.8,100,94.93,100,TGT
2025-12-24,9:49:07.606338489,T,94.8,100,94.9,100,TGT
2025-12-24,9:49:07.606348541,T,94.78,200,94.9,100,TGT
2025-12-24,9:49:07.606398647,T,94.8,100,94.9,100,TGT
2025-12-24,9:49:07.607546392,T,94.8,100,94.91,100,TGT
2025-12-24,9:49:07.806485329,T,94.8,100,94.93,100,TGT
2025-12-24,9:49:07.806745948,T,94.78,200,94.93,100,TGT
2025-12-24,9:49:10.441903799,T,94.78,200,94.91,100,TGT
2025-12-24,9:49:15.994767815,T,94.78,200,94.93,100,TGT
2025-12-24,9:49:15.994792837,T,94.79,100,94.93,100,TGT
2025-12-24,9:49:15.994792837,T,94.81,100,94.93,100,TGT
2025-12-24,9:49:15.996045829,T,94.8,100,94.93,100,TGT
2025-12-24,9:49:16.195887001,T,94.79,100,94.93,100,TGT
2025-12-24,9:49:16.195907140,T,94.78,200,94.93,100,TGT
2025-12-24,9:49:17.072119510,T,94.84,100,94.93,100,TGT
2025-12-24,9:49:23.068204394,T,94.84,100,94.95,200,TGT
2025-12-24,9:49:23.787979275,T,94.84,100,94.96,200,TGT
2025-12-24,9:49:23.788159642,T,94.84,100,94.96,100,TGT
2025-12-24,9:49:23.871177494,T,94.8,100,94.96,100,TGT
2025-12-24,9:49:24.514209378,T,94.87,100,94.96,100,TGT
2025-12-24,9:49:29.602095418,T,94.87,100,94.92,100,TGT
2025-12-24,9:49:44.535657714,T,94.87,100,94.92,200,TGT
2025-12-24,9:49:45.802415606,T,94.87,300,94.92,200,TGT
2025-12-24,9:49:46.469965912,T,94.87,100,94.92,200,TGT
2025-12-24,9:49:47.177917576,T,94.87,300,94.92,200,TGT
2025-12-24,9:49:47.413929875,T,94.87,100,94.92,200,TGT
2025-12-24,9:49:47.650002267,T,94.87,300,94.92,200,TGT
2025-12-24,9:49:48.122182204,T,94.87,100,94.92,200,TGT
2025-12-24,9:49:48.122397894,T,94.83,100,94.92,200,TGT
2025-12-24,9:49:48.122402759,T,94.8,100,94.92,200,TGT
2025-12-24,9:49:48.122422760,T,94.8,100,94.9,100,TGT
2025-12-24,9:49:48.122979122,T,94.8,100,94.91,100,TGT
2025-12-24,9:49:48.123580471,T,94.8,100,94.92,200,TGT
2025-12-24,9:50:06.447720362,T,94.86,200,94.92,200,TGT
2025-12-24,9:50:07.002737641,T,94.8,100,94.92,200,TGT
2025-12-24,9:50:09.737653138,T,94.86,200,94.92,200,TGT
2025-12-24,9:50:10.191790293,T,94.8,100,94.92,200,TGT
2025-12-24,9:50:10.578075329,T,94.86,200,94.92,200,TGT
2025-12-24,9:50:10.907395033,T,94.8,100,94.92,200,TGT
2025-12-24,9:50:13.808867295,T,94.8,100,94.9,100,TGT
2025-12-24,9:50:18.715732361,T,94.87,100,94.9,100,TGT
2025-12-24,9:50:19.430454869,T,94.87,100,94.92,100,TGT
2025-12-24,9:50:19.506080077,T,94.87,100,94.89,100,TGT
2025-12-24,9:50:19.733537172,T,94.8,100,94.89,100,TGT
2025-12-24,9:50:19.733993026,T,94.79,100,94.89,100,TGT
2025-12-24,9:50:19.750181633,T,94.79,100,94.89,200,TGT
2025-12-24,9:50:19.750206760,T,94.79,100,94.89,100,TGT
2025-12-24,9:50:19.751274136,T,94.79,100,94.92,100,TGT
2025-12-24,9:50:19.839409107,T,94.79,100,94.92,200,TGT
2025-12-24,9:50:19.840657122,T,94.79,100,94.92,100,TGT
2025-12-24,9:50:20.507100022,T,94.78,200,94.92,100,TGT
2025-12-24,9:50:20.507125358,T,94.78,100,94.92,100,TGT
2025-12-24,9:50:31.366035094,T,94.78,200,94.92,100,TGT
