DATE,TIME_M,EX,BID,BIDSIZ,ASK,ASKSIZ,SYM_ROOT
2025-10-08,9:30:01.258269242,T,89.37,100,89.8,100,TGT
2025-10-08,9:30:01.775236030,T,89.57,100,89.8,100,TGT
2025-10-08,9:30:01.781455821,T,89.3,100,89.8,100,TGT
2025-10-08,9:30:01.785305261,T,89.27,100,89.8,100,TGT
2025-10-08,9:30:12.084652799,T,89.3,100,89.8,100,TGT
2025-10-08,9:30:12.101462841,T,89.3,100,89.85,100,TGT
2025-10-08,9:30:12.104434937,T,89.62,100,89.85,100,TGT
2025-10-08,9:30:12.107622525,T,89.64,100,89.85,100,TGT
2025-10-08,9:30:12.107642596,T,89.62,100,89.85,100,TGT
2025-10-08,9:30:12.170747944,T,89.72,100,89.85,100,TGT
2025-10-08,9:30:12.181187849,T,89.62,100,89.85,100,TGT
2025-10-08,9:30:12.181408365,T,89.62,200,89.85,100,TGT
2025-10-08,9:30:12.197501702,T,89.62,100,89.85,100,TGT
2025-10-08,9:30:25.006709137,T,89.62,200,89.85,100,TGT
2025-10-08,9:30:25.007045014,T,89.63,100,89.85,100,TGT
2025-10-08,9:30:25.007085135,T,89.62,200,89.85,100,TGT
2025-10-08,9:30:25.012508020,T,89.62,100,89.85,100,TGT
2025-10-08,9:30:25.013084389,T,89.64,100,89.85,100,TGT
2025-10-08,9:30:25.013154510,T,89.63,100,89.85,100,TGT
2025-10-08,9:30:25.017735450,T,89.62,100,89.85,100,TGT
2025-10-08,9:30:29.900408480,T,89.62,100,89.86,200,TGT
2025-10-08,9:30:29.900433337,T,89.62,100,89.86,100,TGT
2025-10-08,9:30:29.900458425,T,89.76,100,89.86,100,TGT
2025-10-08,9:30:29.900909728,T,89.76,100,89.86,200,TGT
2025-10-08,9:30:29.900994661,T,89.76,100,89.86,100,TGT
2025-10-08,9:30:29.900999709,T,89.76,100,89.87,500,TGT
2025-10-08,9:30:29.901029781,T,89.85,100,89.87,500,TGT
2025-10-08,9:30:29.901055105,T,89.78,100,89.87,500,TGT
2025-10-08,9:30:29.901064849,T,89.78,100,89.87,400,TGT
2025-10-08,9:30:29.901069908,T,89.78,100,89.98,1600,TGT
2025-10-08,9:30:29.901290367,T,89.78,100,89.89,100,TGT
2025-10-08,9:30:29.901315496,T,89.78,100,89.89,200,TGT
2025-10-08,9:30:29.901470821,T,89.78,100,89.89,300,TGT
2025-10-08,9:30:29.902062332,T,89.76,100,89.89,300,TGT
2025-10-08,9:30:29.929863444,T,89.76,100,89.89,400,TGT
2025-10-08,9:30:30.000491701,T,89.64,100,89.89,400,TGT
2025-10-08,9:30:30.000496765,T,89.63,100,89.89,400,TGT
2025-10-08,9:30:30.100575170,T,89.62,300,89.89,400,TGT
2025-10-08,9:30:30.100600216,T,89.62,200,89.89,400,TGT
2025-10-08,9:30:30.150839909,T,89.62,300,89.89,400,TGT
2025-10-08,9:30:30.178545925,T,89.62,200,89.89,400,TGT
2025-10-08,9:30:33.013896168,T,89.62,100,89.89,400,TGT
2025-10-08,9:30:33.521921591,T,89.63,100,89.89,400,TGT
2025-10-08,9:30:33.522347584,T,89.63,200,89.89,400,TGT
2025-10-08,9:30:33.526021267,T,89.63,300,89.89,400,TGT
2025-10-08,9:30:39.006057385,T,89.63,400,89.89,400,TGT
2025-10-08,9:30:41.170087885,T,89.63,400,89.88,200,TGT
2025-10-08,9:30:41.170117951,T,89.63,400,89.88,300,TGT
2025-10-08,9:30:41.170122987,T,89.63,400,89.88,400,TGT
2025-10-08,9:30:41.170128067,T,89.63,400,89.88,500,TGT
2025-10-08,9:30:41.170128067,T,89.63,400,89.88,600,TGT
2025-10-08,9:30:41.171651605,T,89.63,300,89.88,600,TGT
2025-10-08,9:30:41.744371148,T,89.63,300,89.88,400,TGT
2025-10-08,9:30:42.091648706,T,89.63,200,89.88,400,TGT
2025-10-08,9:30:42.092365447,T,89.63,100,89.88,400,TGT
2025-10-08,9:30:42.097227045,T,89.63,200,89.88,400,TGT
2025-10-08,9:30:45.196676350,T,89.63,200,89.88,300,TGT
2025-10-08,9:30:45.196676350,T,89.63,200,89.88,200,TGT
2025-10-08,9:30:45.196681261,T,89.63,200,89.88,100,TGT
2025-10-08,9:30:45.196696267,T,89.63,200,89.98,1600,TGT
2025-10-08,9:30:45.196706281,T,89.63,300,89.98,1600,TGT
2025-10-08,9:30:45.196731461,T,89.78,100,89.98,1600,TGT
2025-10-08,9:30:45.197167353,T,89.78,100,89.93,100,TGT
2025-10-08,9:30:45.197543294,T,89.81,200,89.93,100,TGT
2025-10-08,9:30:45.197583421,T,89.78,100,89.93,100,TGT
2025-10-08,9:30:45.201377465,T,89.78,200,89.93,100,TGT
2025-10-08,9:30:45.201437592,T,89.78,200,89.98,1600,TGT
2025-10-08,9:30:45.201452667,T,89.87,100,89.98,1600,TGT
2025-10-08,9:30:45.201843563,T,89.87,100,89.98,1700,TGT
2025-10-08,9:30:45.208509470,T,89.78,200,89.98,1700,TGT
2025-10-08,9:30:45.296910087,T,89.78,100,89.98,1700,TGT
2025-10-08,9:30:46.180224515,T,89.78,100,89.97,100,TGT
2025-10-08,9:30:46.186173712,T,89.73,100,89.97,100,TGT
2025-10-08,9:30:46.263452827,T,89.74,200,89.97,100,TGT
2025-10-08,9:30:47.802674937,T,89.73,100,89.97,100,TGT
2025-10-08,9:30:47.806975114,T,89.74,100,89.97,100,TGT
2025-10-08,9:30:47.960716371,T,89.74,100,89.8,100,TGT
2025-10-08,9:30:47.960736480,T,89.74,100,89.97,100,TGT
2025-10-08,9:30:47.960741863,T,89.74,100,89.8,100,TGT
2025-10-08,9:30:47.960741863,T,89.74,100,89.98,1600,TGT
2025-10-08,9:30:47.960781686,T,89.74,300,89.98,1600,TGT
2025-10-08,9:30:47.960821656,T,89.75,200,89.98,1600,TGT
2025-10-08,9:30:47.968018857,T,89.73,100,89.98,1600,TGT
2025-10-08,9:30:47.968048944,T,89.74,200,89.98,1600,TGT
2025-10-08,9:30:48.152322890,T,89.73,100,89.98,1600,TGT
2025-10-08,9:30:50.247755191,T,89.73,100,89.94,100,TGT
2025-10-08,9:30:53.506408870,T,89.73,200,89.94,100,TGT
2025-10-08,9:30:56.006339752,T,89.73,300,89.94,100,TGT
2025-10-08,9:30:58.007301935,T,89.73,200,89.94,100,TGT
2025-10-08,9:30:59.624269245,T,89.73,200,89.98,1600,TGT
2025-10-08,9:30:59.624269245,T,89.73,200,89.86,100,TGT
2025-10-08,9:30:59.629150887,T,89.73,300,89.86,100,TGT
2025-10-08,9:31:01.369011221,T,89.73,300,89.98,1800,TGT
2025-10-08,9:31:01.369031341,T,89.81,100,89.98,1800,TGT
2025-10-08,9:31:01.369041368,T,89.81,100,89.9,100,TGT
2025-10-08,9:31:01.369462390,T,89.81,100,89.9,200,TGT
2025-10-08,9:31:01.376093104,T,89.74,100,89.9,200,TGT
2025-10-08,9:31:01.379050141,T,89.73,400,89.9,200,TGT
2025-10-08,9:31:01.463716836,T,89.73,300,89.9,200,TGT
2025-10-08,9:31:05.379526068,T,89.73,200,89.9,200,TGT
2025-10-08,9:31:06.785480870,T,89.73,200,89.82,100,TGT
2025-10-08,9:31:06.785480870,T,89.73,100,89.82,100,TGT
2025-10-08,9:31:06.785485920,T,89.6,100,89.82,100,TGT
2025-10-08,9:31:06.785501052,T,89.6,100,89.82,200,TGT
2025-10-08,9:31:06.785511101,T,89.6,100,89.78,100,TGT
2025-10-08,9:31:06.785511101,T,89.6,100,89.74,100,TGT
2025-10-08,9:31:06.785511101,T,89.6,100,89.74,200,TGT
2025-10-08,9:31:06.785596179,T,89.6,100,89.74,300,TGT
2025-10-08,9:31:06.785666345,T,89.6,100,89.73,100,TGT
2025-10-08,9:31:06.785686394,T,89.6,100,89.73,200,TGT
2025-10-08,9:31:06.785691339,T,89.6,100,89.73,300,TGT
2025-10-08,9:31:06.786057200,T,89.6,100,89.68,100,TGT
2025-10-08,9:31:06.786082402,T,89.6,100,89.72,100,TGT
2025-10-08,9:31:06.786107372,T,89.6,100,89.71,100,TGT
2025-10-08,9:31:06.786147477,T,89.63,100,89.71,100,TGT
2025-10-08,9:31:06.786162491,T,89.6,100,89.71,100,TGT
2025-10-08,9:31:06.786733844,T,89.6,100,89.72,100,TGT
2025-10-08,9:31:06.795720318,T,89.5,300,89.72,100,TGT
2025-10-08,9:31:06.795745283,T,89.5,300,89.68,100,TGT
2025-10-08,9:31:06.795775419,T,89.5,300,89.72,100,TGT
2025-10-08,9:31:06.795780430,T,89.5,300,89.74,100,TGT
2025-10-08,9:31:06.795790859,T,89.5,300,89.79,200,TGT
2025-10-08,9:31:06.795915710,T,89.5,300,89.79,100,TGT
2025-10-08,9:31:06.797294003,T,89.6,100,89.79,100,TGT
2025-10-08,9:31:06.826022436,T,89.6,100,89.79,200,TGT
2025-10-08,9:31:06.826894503,T,89.6,100,89.78,100,TGT
2025-10-08,9:31:06.885995299,T,89.6,100,89.87,100,TGT
2025-10-08,9:31:06.886135694,T,89.6,100,89.87,200,TGT
2025-10-08,9:31:06.886426337,T,89.6,100,89.78,100,TGT
2025-10-08,9:31:06.888170542,T,89.6,100,89.87,100,TGT
2025-10-08,9:31:06.984625332,T,89.6,100,89.87,200,TGT
2025-10-08,9:31:06.984840790,T,89.6,100,89.87,300,TGT
2025-10-08,9:31:06.984930979,T,89.6,100,89.84,100,TGT
2025-10-08,9:31:06.984966100,T,89.6,100,89.84,300,TGT
2025-10-08,9:31:07.035406259,T,89.6,100,89.84,100,TGT
2025-10-08,9:31:07.035712037,T,89.6,100,89.87,100,TGT
2025-10-08,9:31:07.035721986,T,89.6,100,89.84,100,TGT
2025-10-08,9:31:07.036854711,T,89.6,100,89.83,100,TGT
2025-10-08,9:31:07.046733618,T,89.6,100,89.83,200,TGT
2025-10-08,9:31:07.784861863,T,89.6,100,89.82,100,TGT
2025-10-08,9:31:07.785398130,T,89.6,100,89.89,200,TGT
2025-10-08,9:31:07.993062917,T,89.6,100,89.89,100,TGT
2025-10-08,9:31:07.995378391,T,89.6,100,89.87,100,TGT
2025-10-08,9:31:07.995588904,T,89.6,100,89.87,200,TGT
2025-10-08,9:31:16.229746471,T,89.61,100,89.87,200,TGT
2025-10-08,9:31:18.167092127,T,89.61,200,89.87,200,TGT
2025-10-08,9:31:25.072514063,T,89.61,300,89.87,200,TGT
2025-10-08,9:31:25.072539114,T,89.64,100,89.87,200,TGT
2025-10-08,9:31:25.651884333,T,89.65,100,89.87,200,TGT
2025-10-08,9:31:26.675713550,T,89.66,100,89.87,200,TGT
2025-10-08,9:31:27.164763637,T,89.66,100,89.87,100,TGT
2025-10-08,9:31:27.164813703,T,89.67,100,89.87,100,TGT
2025-10-08,9:31:27.165074336,T,89.67,100,89.9,100,TGT
2025-10-08,9:31:27.168001349,T,89.67,100,89.92,200,TGT
2025-10-08,9:31:27.194008258,T,89.67,200,89.92,200,TGT
2025-10-08,9:31:28.364281613,T,89.68,100,89.92,200,TGT
2025-10-08,9:31:28.365223825,T,89.68,200,89.92,200,TGT
2025-10-08,9:31:28.903431093,T,89.69,100,89.92,200,TGT
2025-10-08,9:31:28.904473593,T,89.69,200,89.92,200,TGT
2025-10-08,9:31:29.477418565,T,89.7,100,89.92,200,TGT
2025-10-08,9:31:29.479333134,T,89.7,200,89.92,200,TGT
2025-10-08,9:31:31.456914633,T,89.71,100,89.92,200,TGT
2025-10-08,9:31:31.458032716,T,89.8,100,89.92,200,TGT
2025-10-08,9:31:31.458042343,T,89.8,100,89.92,100,TGT
2025-10-08,9:31:31.458052375,T,89.8,200,89.92,100,TGT
2025-10-08,9:31:31.458077402,T,89.8,200,89.98,1600,TGT
2025-10-08,9:31:31.458087443,T,89.86,100,89.98,1600,TGT
2025-10-08,9:31:31.458122802,T,89.89,100,89.98,1600,TGT
2025-10-08,9:31:31.458222825,T,89.86,100,89.98,1600,TGT
2025-10-08,9:31:31.458242975,T,89.89,100,89.98,1600,TGT
2025-10-08,9:31:31.458408278,T,89.89,100,89.92,100,TGT
2025-10-08,9:31:31.458433568,T,89.89,100,89.98,1600,TGT
2025-10-08,9:31:31.458448311,T,89.8,100,89.98,1600,TGT
2025-10-08,9:31:31.458478513,T,89.8,100,89.97,100,TGT
2025-10-08,9:31:31.458703980,T,89.89,100,89.97,100,TGT
2025-10-08,9:31:31.459711390,T,89.89,100,89.98,1700,TGT
2025-10-08,9:31:31.459786556,T,89.89,100,89.97,100,TGT
2025-10-08,9:31:31.465389915,T,89.8,100,89.97,100,TGT
2025-10-08,9:31:31.465715660,T,89.8,100,89.93,100,TGT
2025-10-08,9:31:31.468191609,T,89.7,100,89.93,100,TGT
2025-10-08,9:31:31.469234090,T,89.71,200,89.93,100,TGT
2025-10-08,9:31:31.469259063,T,89.7,100,89.93,100,TGT
2025-10-08,9:31:31.469269164,T,89.61,100,89.93,100,TGT
2025-10-08,9:31:31.469299205,T,89.61,200,89.93,100,TGT
2025-10-08,9:31:31.473118332,T,89.7,100,89.93,100,TGT
2025-10-08,9:31:31.473143295,T,89.62,100,89.93,100,TGT
2025-10-08,9:31:31.473509245,T,89.62,100,89.98,1700,TGT
2025-10-08,9:31:31.478882059,T,89.61,100,89.98,1700,TGT
2025-10-08,9:31:31.513840346,T,89.61,200,89.98,1700,TGT
2025-10-08,9:31:31.556030812,T,89.61,100,89.98,1700,TGT
2025-10-08,9:31:31.658384591,T,89.62,100,89.98,1700,TGT
2025-10-08,9:31:31.660424491,T,89.62,200,89.98,1700,TGT
2025-10-08,9:31:31.736746278,T,89.62,100,89.98,1700,TGT
2025-10-08,9:31:32.127682696,T,89.61,100,89.98,1700,TGT
2025-10-08,9:31:32.128103752,T,89.61,200,89.98,1700,TGT
2025-10-08,9:31:32.128133835,T,89.62,100,89.98,1700,TGT
2025-10-08,9:31:32.310829085,T,89.61,200,89.98,1700,TGT
2025-10-08,9:31:32.311059577,T,89.61,100,89.98,1700,TGT
2025-10-08,9:31:33.166412586,T,89.61,300,89.98,1700,TGT
2025-10-08,9:31:35.006075500,T,89.61,400,89.98,1700,TGT
2025-10-08,9:31:35.006100602,T,89.62,100,89.98,1700,TGT
2025-10-08,9:31:35.013312701,T,89.61,400,89.98,1700,TGT
2025-10-08,9:31:35.017497718,T,89.61,300,89.98,1700,TGT
2025-10-08,9:31:35.090641924,T,89.62,100,89.98,1700,TGT
2025-10-08,9:31:35.227097061,T,89.61,300,89.98,1700,TGT
2025-10-08,9:31:35.439593418,T,89.61,400,89.98,1700,TGT
2025-10-08,9:31:35.516952667,T,89.61,300,89.98,1700,TGT
2025-10-08,9:31:42.493012936,T,89.67,100,89.98,1700,TGT
2025-10-08,9:31:44.064241188,T,89.61,200,89.98,1700,TGT
2025-10-08,9:31:44.064241188,T,89.7,100,89.98,1700,TGT
2025-10-08,9:31:49.168271466,T,89.75,200,89.98,1700,TGT
2025-10-08,9:31:49.168897949,T,89.76,200,89.98,1700,TGT
2025-10-08,9:31:49.169614610,T,89.75,200,89.98,1700,TGT
2025-10-08,9:31:49.169614610,T,89.7,100,89.98,1700,TGT
2025-10-08,9:31:49.169644732,T,89.76,200,89.98,1700,TGT
2025-10-08,9:31:49.169895236,T,89.75,200,89.98,1700,TGT
2025-10-08,9:31:49.170316254,T,89.7,100,89.98,1700,TGT
2025-10-08,9:31:49.170366411,T,89.75,200,89.98,1700,TGT
2025-10-08,9:31:49.170436536,T,89.7,100,89.98,1700,TGT
2025-10-08,9:31:49.170607014,T,89.75,200,89.98,1700,TGT
2025-10-08,9:31:49.170692143,T,89.7,100,89.98,1700,TGT
2025-10-08,9:31:49.249008769,T,89.76,200,89.98,1700,TGT
2025-10-08,9:31:49.249710475,T,89.7,100,89.98,1700,TGT
2025-10-08,9:31:49.515944705,T,89.76,200,89.98,1700,TGT
2025-10-08,9:31:49.516661448,T,89.7,100,89.98,1700,TGT
2025-10-08,9:31:49.517388089,T,89.76,200,89.98,1700,TGT
2025-10-08,9:31:49.517713884,T,89.7,100,89.98,1700,TGT
2025-10-08,9:31:50.402812673,T,89.7,100,89.95,100,TGT
2025-10-08,9:31:51.560606112,T,89.87,100,89.95,100,TGT
2025-10-08,9:31:51.560636164,T,89.87,100,89.98,1600,TGT
2025-10-08,9:31:51.560911743,T,89.87,100,89.95,100,TGT
2025-10-08,9:31:51.561693607,T,89.87,100,89.98,1600,TGT
2025-10-08,9:31:51.561718602,T,89.91,100,89.98,1600,TGT
2025-10-08,9:31:51.562014297,T,89.91,100,89.98,1700,TGT
2025-10-08,9:31:51.563031730,T,89.87,200,89.98,1700,TGT
2025-10-08,9:31:51.563031730,T,89.87,100,89.98,1700,TGT
2025-10-08,9:31:51.563051844,T,89.87,100,89.95,100,TGT
2025-10-08,9:31:51.563066788,T,89.87,100,89.95,200,TGT
2025-10-08,9:31:51.563107037,T,89.87,100,89.95,100,TGT
2025-10-08,9:31:51.563282328,T,89.87,100,89.95,200,TGT
2025-10-08,9:31:51.563332463,T,89.87,100,89.95,300,TGT
2025-10-08,9:31:51.563427644,T,89.87,100,89.95,200,TGT
2025-10-08,9:31:51.563542952,T,89.87,100,89.95,100,TGT
2025-10-08,9:31:51.563929215,T,89.87,100,89.98,1600,TGT
2025-10-08,9:31:51.563953943,T,89.91,100,89.98,1600,TGT
2025-10-08,9:31:51.567943472,T,89.87,100,89.98,1600,TGT
2025-10-08,9:31:51.568154095,T,89.87,100,89.97,100,TGT
2025-10-08,9:31:51.568189086,T,89.87,100,89.97,200,TGT
2025-10-08,9:31:51.568214154,T,89.82,100,89.97,200,TGT
2025-10-08,9:31:51.568234171,T,89.82,100,89.95,100,TGT
2025-10-08,9:31:51.568279294,T,89.79,100,89.95,100,TGT
2025-10-08,9:31:51.568324376,T,89.82,100,89.95,100,TGT
2025-10-08,9:31:51.569331735,T,89.82,100,89.97,100,TGT
2025-10-08,9:31:51.569331735,T,89.82,100,89.98,1600,TGT
2025-10-08,9:31:51.573446531,T,89.76,100,89.98,1600,TGT
2025-10-08,9:31:51.573471653,T,89.7,200,89.98,1600,TGT
2025-10-08,9:31:51.610965970,T,89.7,100,89.98,1600,TGT
2025-10-08,9:31:51.611026110,T,89.7,200,89.98,1600,TGT
2025-10-08,9:31:51.763499414,T,89.7,100,89.98,1600,TGT
2025-10-08,9:31:52.014758106,T,89.75,100,89.98,1600,TGT
2025-10-08,9:32:00.002719269,T,89.75,100,89.95,100,TGT
2025-10-08,9:32:00.002759094,T,89.75,100,89.95,300,TGT
2025-10-08,9:32:00.003195177,T,89.75,100,89.94,200,TGT
2025-10-08,9:32:00.003450798,T,89.75,100,89.95,300,TGT
2025-10-08,9:32:00.003465797,T,89.75,100,89.94,200,TGT
2025-10-08,9:32:14.037651909,T,89.75,100,89.94,300,TGT
2025-10-08,9:32:16.258437637,T,89.7,200,89.94,300,TGT
2025-10-08,9:32:16.258748659,T,89.7,200,89.94,400,TGT
2025-10-08,9:32:16.258754100,T,89.7,200,89.88,100,TGT
2025-10-08,9:32:16.258763439,T,89.7,200,89.88,200,TGT
2025-10-08,9:32:16.258798489,T,89.7,200,89.82,100,TGT
2025-10-08,9:32:16.259064134,T,89.7,200,89.82,300,TGT
2025-10-08,9:32:16.259124341,T,89.7,200,89.82,200,TGT
2025-10-08,9:32:16.259801103,T,89.7,200,89.83,100,TGT
2025-10-08,9:32:16.260041515,T,89.7,200,89.81,200,TGT
2025-10-08,9:32:16.260357231,T,89.7,200,89.83,100,TGT
2025-10-08,9:32:16.260402395,T,89.7,200,89.81,100,TGT
2025-10-08,9:32:16.261755633,T,89.7,200,89.83,200,TGT
2025-10-08,9:32:16.267709905,T,89.7,200,89.82,100,TGT
2025-10-08,9:32:16.304256875,T,89.7,200,89.77,100,TGT
2025-10-08,9:32:16.930102920,T,89.7,200,89.88,100,TGT
2025-10-08,9:32:16.930132919,T,89.73,100,89.88,100,TGT
2025-10-08,9:32:16.930173109,T,89.7,200,89.88,100,TGT
2025-10-08,9:32:16.930258250,T,89.7,200,89.87,100,TGT
2025-10-08,9:32:20.908937320,T,89.7,200,89.87,400,TGT
2025-10-08,9:32:21.105681162,T,89.7,200,89.87,100,TGT
2025-10-08,9:32:21.435080906,T,89.7,200,89.82,300,TGT
2025-10-08,9:32:21.435376565,T,89.7,200,89.82,400,TGT
2025-10-08,9:32:21.435747490,T,89.7,200,89.82,100,TGT
2025-10-08,9:32:21.437100760,T,89.7,200,89.87,100,TGT
2025-10-08,9:32:24.978272555,T,89.7,100,89.87,100,TGT
2025-10-08,9:32:24.978342684,T,89.7,100,89.78,100,TGT
2025-10-08,9:32:24.978593299,T,89.7,100,89.78,200,TGT
2025-10-08,9:32:24.978823832,T,89.65,2000,89.78,200,TGT
2025-10-08,9:32:24.978849145,T,89.65,2000,89.7,100,TGT
2025-10-08,9:32:24.978884011,T,89.65,2000,89.7,200,TGT
2025-10-08,9:32:24.979430532,T,89.65,2000,89.7,100,TGT
2025-10-08,9:32:24.979455355,T,89.65,2000,89.78,200,TGT
2025-10-08,9:32:24.979475489,T,89.65,2000,89.78,100,TGT
2025-10-08,9:32:24.979560578,T,89.65,2000,89.86,100,TGT
2025-10-08,9:32:24.979560578,T,89.65,2000,89.87,100,TGT
2025-10-08,9:32:24.979590662,T,89.65,2000,89.78,100,TGT
2025-10-08,9:32:24.979595634,T,89.65,1400,89.78,100,TGT
2025-10-08,9:32:24.979621047,T,89.65,1400,89.78,200,TGT
2025-10-08,9:32:24.979625790,T,89.65,900,89.78,200,TGT
2025-10-08,9:32:24.979630762,T,89.58,200,89.78,200,TGT
2025-10-08,9:32:24.979630762,T,89.58,200,89.78,400,TGT
2025-10-08,9:32:24.979635807,T,89.58,200,89.78,500,TGT
2025-10-08,9:32:24.979650791,T,89.58,200,89.78,300,TGT
2025-10-08,9:32:24.979650791,T,89.58,200,89.65,100,TGT
2025-10-08,9:32:24.979690872,T,89.58,200,89.78,300,TGT
2025-10-08,9:32:24.979716024,T,89.58,200,89.78,200,TGT
2025-10-08,9:32:24.979886428,T,89.58,200,89.76,200,TGT
2025-10-08,9:32:24.979901436,T,89.58,200,89.75,200,TGT
2025-10-08,9:32:24.980001698,T,89.6,100,89.75,200,TGT
2025-10-08,9:32:24.980031687,T,89.58,200,89.75,200,TGT
2025-10-08,9:32:24.980051777,T,89.58,200,89.69,100,TGT
2025-10-08,9:32:24.980748416,T,89.58,200,89.69,400,TGT
2025-10-08,9:32:24.983916028,T,89.5,100,89.69,400,TGT
2025-10-08,9:32:25.080180291,T,89.5,100,89.69,300,TGT
2025-10-08,9:32:25.080270477,T,89.5,100,89.69,400,TGT
2025-10-08,9:32:31.941386914,T,89.5,100,89.68,100,TGT
2025-10-08,9:32:32.275402742,T,89.48,100,89.68,100,TGT
2025-10-08,9:32:32.275417744,T,89.48,100,89.64,100,TGT
2025-10-08,9:32:32.275457791,T,89.46,300,89.64,100,TGT
2025-10-08,9:32:32.275482884,T,89.46,200,89.64,100,TGT
2025-10-08,9:32:32.275748439,T,89.46,200,89.64,200,TGT
2025-10-08,9:32:32.275763504,T,89.46,200,89.64,300,TGT
2025-10-08,9:32:32.281682647,T,89.46,200,89.64,200,TGT
2025-10-08,9:32:32.282464515,T,89.46,200,89.64,100,TGT
2025-10-08,9:32:32.288624145,T,89.46,200,89.68,200,TGT
2025-10-08,9:32:40.005469322,T,89.46,200,89.68,300,TGT
2025-10-08,9:32:42.986135680,T,89.46,200,89.68,200,TGT
2025-10-08,9:32:46.034598514,T,89.46,200,89.68,100,TGT
2025-10-08,9:32:46.034603448,T,89.46,200,89.74,100,TGT
2025-10-08,9:32:46.034603448,T,89.46,200,89.78,100,TGT
2025-10-08,9:32:46.034603448,T,89.53,100,89.78,100,TGT
2025-10-08,9:32:46.034623516,T,89.64,100,89.78,100,TGT
2025-10-08,9:32:46.035009459,T,89.64,100,89.68,100,TGT
2025-10-08,9:32:46.035034518,T,89.64,100,89.78,100,TGT
2025-10-08,9:32:46.035104637,T,89.66,100,89.78,100,TGT
2025-10-08,9:32:46.035124718,T,89.64,100,89.78,100,TGT
2025-10-08,9:32:46.035144887,T,89.64,100,89.7,100,TGT
2025-10-08,9:32:46.035190051,T,89.64,100,89.78,100,TGT
2025-10-08,9:32:46.035214956,T,89.67,100,89.78,100,TGT
2025-10-08,9:32:46.035430398,T,89.67,100,89.7,100,TGT
2025-10-08,9:32:46.035450644,T,89.64,200,89.7,100,TGT
2025-10-08,9:32:46.035455491,T,89.64,100,89.7,100,TGT
2025-10-08,9:32:46.035545696,T,89.64,100,89.78,100,TGT
2025-10-08,9:32:46.035570837,T,89.67,100,89.78,100,TGT
2025-10-08,9:32:46.035590826,T,89.64,100,89.78,100,TGT
2025-10-08,9:32:46.044662421,T,89.64,100,89.8,300,TGT
2025-10-08,9:32:46.045208773,T,89.64,100,89.8,200,TGT
2025-10-08,9:32:46.090225978,T,89.64,100,89.74,100,TGT
2025-10-08,9:32:46.134812225,T,89.59,100,89.74,100,TGT
2025-10-08,9:32:47.335567973,T,89.5,100,89.74,100,TGT
2025-10-08,9:32:47.789579587,T,89.5,100,89.74,200,TGT
2025-10-08,9:32:47.789584609,T,89.5,100,89.73,100,TGT
2025-10-08,9:32:47.789584609,T,89.5,100,89.69,100,TGT
2025-10-08,9:32:47.789589674,T,89.47,100,89.69,100,TGT
2025-10-08,9:32:47.789594628,T,89.46,300,89.69,100,TGT
2025-10-08,9:32:47.790546893,T,89.46,300,89.69,200,TGT
2025-10-08,9:32:47.796616445,T,89.46,300,89.69,100,TGT
2025-10-08,9:32:51.628505820,T,89.46,300,89.69,300,TGT
2025-10-08,9:32:52.952565442,T,89.5,200,89.69,300,TGT
2025-10-08,9:33:02.469980269,T,89.46,200,89.69,300,TGT
2025-10-08,9:33:05.447108216,T,89.5,100,89.69,300,TGT
2025-10-08,9:33:08.006215280,T,89.5,200,89.69,300,TGT
2025-10-08,9:33:10.815292618,T,89.5,100,89.69,300,TGT
2025-10-08,9:33:15.419642588,T,89.46,300,89.69,300,TGT
2025-10-08,9:33:15.441399315,T,89.53,100,89.69,300,TGT
2025-10-08,9:33:19.735579988,T,89.53,100,89.68,200,TGT
2025-10-08,9:33:19.735625248,T,89.53,100,89.69,300,TGT
2025-10-08,9:33:19.735670210,T,89.53,100,89.68,200,TGT
2025-10-08,9:33:19.735890703,T,89.53,100,89.68,300,TGT
2025-10-08,9:33:19.736286754,T,89.53,100,89.68,100,TGT
2025-10-08,9:33:19.736371920,T,89.53,100,89.68,300,TGT
2025-10-08,9:33:19.736662652,T,89.53,100,89.63,100,TGT
2025-10-08,9:33:19.736898114,T,89.53,200,89.63,100,TGT
2025-10-08,9:33:19.738065937,T,89.53,200,89.63,200,TGT
2025-10-08,9:33:19.743699392,T,89.53,200,89.63,100,TGT
2025-10-08,9:33:30.985282048,T,89.53,200,89.63,200,TGT
2025-10-08,9:33:30.986068878,T,89.53,200,89.63,100,TGT
2025-10-08,9:33:35.422548778,T,89.53,100,89.63,100,TGT
2025-10-08,9:33:35.444175307,T,89.58,100,89.63,100,TGT
2025-10-08,9:33:35.444200343,T,89.58,200,89.63,100,TGT
2025-10-08,9:33:48.085888830,T,89.58,200,89.69,100,TGT
2025-10-08,9:33:48.085893864,T,89.58,200,89.75,200,TGT
2025-10-08,9:33:48.085908876,T,89.58,300,89.75,200,TGT
2025-10-08,9:33:48.085913861,T,89.6,100,89.75,200,TGT
2025-10-08,9:33:48.085913861,T,89.62,100,89.75,200,TGT
2025-10-08,9:33:48.086049159,T,89.63,100,89.75,200,TGT
2025-10-08,9:33:48.086204588,T,89.6,100,89.75,200,TGT
2025-10-08,9:33:48.086214628,T,89.6,100,89.69,100,TGT
2025-10-08,9:33:48.086229859,T,89.6,100,89.75,200,TGT
2025-10-08,9:33:48.086234964,T,89.6,100,89.67,100,TGT
2025-10-08,9:33:48.086264753,T,89.6,100,89.66,100,TGT
2025-10-08,9:33:48.086279756,T,89.6,100,89.64,100,TGT
2025-10-08,9:33:48.086369926,T,89.6,100,89.63,100,TGT
2025-10-08,9:33:48.086399981,T,89.6,100,89.64,100,TGT
2025-10-08,9:33:48.086450365,T,89.6,100,89.65,100,TGT
2025-10-08,9:33:48.086455269,T,89.6,100,89.66,100,TGT
2025-10-08,9:33:48.086470180,T,89.63,100,89.66,100,TGT
2025-10-08,9:33:48.086615500,T,89.59,100,89.66,100,TGT
2025-10-08,9:33:48.086966328,T,89.58,200,89.66,100,TGT
2025-10-08,9:33:48.087342252,T,89.58,200,89.67,100,TGT
2025-10-08,9:33:48.087372293,T,89.58,200,89.68,100,TGT
2025-10-08,9:33:48.087643019,T,89.58,200,89.67,100,TGT
2025-10-08,9:33:48.286436614,T,89.58,100,89.67,100,TGT
2025-10-08,9:33:53.714453672,T,89.58,200,89.67,100,TGT
2025-10-08,9:33:53.714634143,T,89.58,200,89.75,200,TGT
2025-10-08,9:33:53.714634143,T,89.63,100,89.75,200,TGT
2025-10-08,9:33:53.714654155,T,89.65,100,89.75,200,TGT
2025-10-08,9:33:53.714924825,T,89.65,100,89.67,100,TGT
2025-10-08,9:33:53.715040035,T,89.65,100,89.68,100,TGT
2025-10-08,9:33:53.715095226,T,89.65,100,89.75,200,TGT
2025-10-08,9:33:53.715185438,T,89.65,100,89.68,100,TGT
2025-10-08,9:33:53.715210467,T,89.63,100,89.68,100,TGT
2025-10-08,9:33:53.715395887,T,89.63,100,89.67,100,TGT
2025-10-08,9:33:53.715416304,T,89.63,100,89.75,200,TGT
2025-10-08,9:33:53.715451093,T,89.63,100,89.7,100,TGT
2025-10-08,9:33:53.715451093,T,89.63,100,89.75,200,TGT
2025-10-08,9:33:53.715506140,T,89.63,100,89.68,100,TGT
2025-10-08,9:33:53.720443019,T,89.6,100,89.68,100,TGT
2025-10-08,9:33:53.814657388,T,89.58,200,89.68,100,TGT
2025-10-08,9:33:53.814677365,T,89.58,100,89.68,100,TGT
2025-10-08,9:33:57.410810146,T,89.58,100,89.75,200,TGT
2025-10-08,9:33:58.439400528,T,89.62,100,89.75,200,TGT
2025-10-08,9:33:58.439435564,T,89.63,100,89.75,200,TGT
2025-10-08,9:33:58.439450632,T,89.65,100,89.75,200,TGT
2025-10-08,9:33:58.439476056,T,89.63,200,89.75,200,TGT
2025-10-08,9:33:58.439766375,T,89.64,100,89.75,200,TGT
2025-10-08,9:33:58.439836528,T,89.64,100,89.9,100,TGT
2025-10-08,9:33:58.439846555,T,89.64,100,89.81,200,TGT
2025-10-08,9:33:58.440122341,T,89.63,200,89.81,200,TGT
2025-10-08,9:33:58.440227636,T,89.65,100,89.81,200,TGT
2025-10-08,9:33:58.440663525,T,89.65,300,89.81,200,TGT
2025-10-08,9:33:58.441370241,T,89.65,400,89.81,200,TGT
2025-10-08,9:33:58.441380163,T,89.65,500,89.81,200,TGT
2025-10-08,9:33:58.441410366,T,89.66,600,89.81,200,TGT
2025-10-08,9:33:58.451469197,T,89.65,400,89.81,200,TGT
2025-10-08,9:33:58.456801977,T,89.65,300,89.81,200,TGT
2025-10-08,9:33:58.487845925,T,89.65,300,89.98,1700,TGT
2025-10-08,9:33:58.488231813,T,89.65,300,89.9,100,TGT
2025-10-08,9:33:58.488823234,T,89.65,300,89.98,1700,TGT
2025-10-08,9:33:58.489504908,T,89.65,300,89.95,100,TGT
2025-10-08,9:33:58.492938031,T,89.65,300,89.9,100,TGT
2025-10-08,9:33:58.541233140,T,89.65,200,89.9,100,TGT
2025-10-08,9:33:58.700672924,T,89.65,200,89.96,100,TGT
2025-10-08,9:33:58.700943564,T,89.65,200,89.85,200,TGT
2025-10-08,9:33:58.864398010,T,89.58,100,89.85,200,TGT
2025-10-08,9:34:05.425975664,T,89.51,200,89.85,200,TGT
2025-10-08,9:34:05.448945375,T,89.59,100,89.85,200,TGT
2025-10-08,9:34:06.469401581,T,89.59,100,89.85,300,TGT
2025-10-08,9:34:15.004486221,T,89.59,100,89.85,400,TGT
2025-10-08,9:34:16.088859963,T,89.59,200,89.85,400,TGT
2025-10-08,9:34:16.088864963,T,89.68,100,89.85,400,TGT
2025-10-08,9:34:16.088869876,T,89.68,200,89.85,400,TGT
2025-10-08,9:34:16.088910034,T,89.68,200,89.85,300,TGT
2025-10-08,9:34:16.088914919,T,89.68,100,89.85,300,TGT
2025-10-08,9:34:16.088935020,T,89.68,200,89.85,300,TGT
2025-10-08,9:34:16.088960055,T,89.69,100,89.85,300,TGT
2025-10-08,9:34:16.088970044,T,89.7,100,89.85,300,TGT
2025-10-08,9:34:16.089185571,T,89.71,200,89.85,300,TGT
2025-10-08,9:34:16.089330972,T,89.71,200,89.85,200,TGT
2025-10-08,9:34:16.089376053,T,89.72,200,89.85,200,TGT
2025-10-08,9:34:16.089686825,T,89.72,200,89.95,100,TGT
2025-10-08,9:34:16.089691804,T,89.72,200,89.9,200,TGT
2025-10-08,9:34:16.091636433,T,89.72,300,89.9,200,TGT
2025-10-08,9:34:16.102577486,T,89.72,100,89.9,200,TGT
2025-10-08,9:34:16.102898295,T,89.73,100,89.9,200,TGT
2025-10-08,9:34:16.102943412,T,89.75,200,89.9,200,TGT
2025-10-08,9:34:16.102958424,T,89.76,200,89.9,200,TGT
2025-10-08,9:34:16.103519736,T,89.78,100,89.9,200,TGT
2025-10-08,9:34:16.104993309,T,89.8,100,89.9,200,TGT
2025-10-08,9:34:16.106356489,T,89.8,100,89.98,1600,TGT
2025-10-08,9:34:16.108642008,T,89.8,200,89.98,1600,TGT
2025-10-08,9:34:16.108892503,T,89.84,100,89.98,1600,TGT
2025-10-08,9:34:16.109443845,T,89.8,100,89.98,1600,TGT
2025-10-08,9:34:16.109599215,T,89.8,100,89.84,100,TGT
2025-10-08,9:34:16.109624298,T,89.8,100,89.98,1600,TGT
2025-10-08,9:34:16.109644363,T,89.82,100,89.98,1600,TGT
2025-10-08,9:34:16.109654330,T,89.8,200,89.98,1600,TGT
2025-10-08,9:34:16.109674383,T,89.8,100,89.98,1600,TGT
2025-10-08,9:34:16.110421162,T,89.76,300,89.98,1600,TGT
2025-10-08,9:34:16.111188073,T,89.76,300,89.9,200,TGT
2025-10-08,9:34:16.111353360,T,89.76,400,89.9,200,TGT
2025-10-08,9:34:16.111664144,T,89.78,100,89.9,200,TGT
2025-10-08,9:34:16.113297998,T,89.76,300,89.9,200,TGT
2025-10-08,9:34:16.132734306,T,89.76,300,89.98,1600,TGT
2025-10-08,9:34:16.343551573,T,89.76,300,89.95,200,TGT
2025-10-08,9:34:16.362401511,T,89.76,300,89.9,100,TGT
2025-10-08,9:34:18.198330568,T,89.77,100,89.9,100,TGT
2025-10-08,9:34:18.198360606,T,89.78,200,89.9,100,TGT
2025-10-08,9:34:18.199723901,T,89.78,300,89.9,100,TGT
2025-10-08,9:34:18.208760426,T,89.78,100,89.9,100,TGT
2025-10-08,9:34:18.209056114,T,89.73,100,89.9,100,TGT
2025-10-08,9:34:19.033580568,T,89.76,100,89.9,100,TGT
2025-10-08,9:34:19.033896321,T,89.76,200,89.9,100,TGT
2025-10-08,9:34:19.419675505,T,89.76,200,89.85,100,TGT
2025-10-08,9:34:19.419745574,T,89.76,200,89.95,200,TGT
2025-10-08,9:34:19.419765996,T,89.81,100,89.95,200,TGT
2025-10-08,9:34:19.419765996,T,89.81,200,89.95,200,TGT
2025-10-08,9:34:19.420066439,T,89.81,300,89.95,200,TGT
2025-10-08,9:34:19.426802387,T,89.81,200,89.95,200,TGT
2025-10-08,9:34:19.519934306,T,89.81,100,89.95,200,TGT
2025-10-08,9:34:19.520260362,T,89.77,100,89.95,200,TGT
2025-10-08,9:34:25.450804510,T,89.77,200,89.95,200,TGT
2025-10-08,9:34:26.433716372,T,89.77,200,89.89,200,TGT
2025-10-08,9:34:26.478332595,T,89.77,200,89.95,200,TGT
2025-10-08,9:34:27.912188765,T,89.77,200,89.89,200,TGT
2025-10-08,9:34:28.001591836,T,89.77,200,89.95,200,TGT
2025-10-08,9:34:35.731573099,T,89.77,100,89.95,200,TGT
2025-10-08,9:34:36.308693072,T,89.77,100,89.89,300,TGT
2025-10-08,9:34:38.601515679,T,89.77,100,89.89,500,TGT
2025-10-08,9:34:38.616902398,T,89.77,100,89.89,300,TGT
2025-10-08,9:34:39.692494954,T,89.77,100,89.89,500,TGT
2025-10-08,9:34:39.911251129,T,89.77,100,89.89,300,TGT
2025-10-08,9:34:40.000994943,T,89.77,100,89.89,500,TGT
2025-10-08,9:34:40.028716036,T,89.77,100,89.89,300,TGT
2025-10-08,9:34:43.446198002,T,89.77,100,89.89,200,TGT
2025-10-08,9:34:43.446218052,T,89.77,100,89.95,200,TGT
2025-10-08,9:34:43.446228052,T,89.83,100,89.95,200,TGT
2025-10-08,9:34:43.446243172,T,89.84,100,89.95,200,TGT
2025-10-08,9:34:43.446894683,T,89.84,300,89.95,200,TGT
2025-10-08,9:34:43.446914727,T,89.84,100,89.95,200,TGT
2025-10-08,9:34:43.446934812,T,89.84,300,89.95,200,TGT
2025-10-08,9:34:43.447701567,T,89.84,100,89.95,200,TGT
2025-10-08,9:34:43.447736698,T,89.84,300,89.95,200,TGT
2025-10-08,9:34:43.448227822,T,89.84,100,89.95,200,TGT
2025-10-08,9:34:43.448257923,T,89.84,300,89.95,200,TGT
2025-10-08,9:34:43.448724057,T,89.84,100,89.95,200,TGT
2025-10-08,9:34:43.448764085,T,89.84,300,89.95,200,TGT
2025-10-08,9:34:43.449395580,T,89.84,100,89.95,200,TGT
2025-10-08,9:34:43.449425673,T,89.84,300,89.95,200,TGT
2025-10-08,9:34:43.457189234,T,89.84,100,89.95,200,TGT
2025-10-08,9:34:43.457214308,T,89.78,100,89.95,200,TGT
2025-10-08,9:34:43.546276441,T,89.77,200,89.95,200,TGT
2025-10-08,9:34:44.001656407,T,89.83,100,89.95,200,TGT
2025-10-08,9:34:44.001661374,T,89.86,100,89.95,200,TGT
2025-10-08,9:34:44.002212701,T,89.86,300,89.95,200,TGT
2025-10-08,9:34:44.002924411,T,89.86,100,89.95,200,TGT
2025-10-08,9:34:44.004668600,T,89.86,100,89.98,1600,TGT
2025-10-08,9:34:44.008693102,T,89.84,100,89.98,1600,TGT
2025-10-08,9:34:44.010021663,T,89.85,100,89.98,1600,TGT
2025-10-08,9:34:44.010021663,T,89.85,200,89.98,1600,TGT
2025-10-08,9:34:44.010026545,T,89.87,100,89.98,1600,TGT
2025-10-08,9:34:44.010041371,T,89.85,200,89.98,1600,TGT
2025-10-08,9:34:44.017053077,T,89.85,100,89.98,1600,TGT
2025-10-08,9:34:44.017083086,T,89.86,200,89.98,1600,TGT
2025-10-08,9:34:44.017789733,T,89.85,100,89.98,1600,TGT
2025-10-08,9:34:44.017849913,T,89.86,200,89.98,1600,TGT
2025-10-08,9:34:44.018481436,T,89.85,100,89.98,1600,TGT
2025-10-08,9:34:44.018526575,T,89.86,200,89.98,1600,TGT
2025-10-08,9:34:44.018541619,T,89.85,100,89.98,1600,TGT
2025-10-08,9:34:44.018586668,T,89.86,200,89.98,1600,TGT
2025-10-08,9:34:44.019173059,T,89.85,100,89.98,1600,TGT
2025-10-08,9:34:44.019218152,T,89.86,200,89.98,1600,TGT
2025-10-08,9:34:44.019293409,T,89.85,100,89.98,1600,TGT
2025-10-08,9:34:44.019323432,T,89.86,200,89.98,1600,TGT
2025-10-08,9:34:44.019794596,T,89.85,100,89.98,1600,TGT
2025-10-08,9:34:44.019859761,T,89.86,200,89.98,1600,TGT
2025-10-08,9:34:44.019879724,T,89.85,100,89.98,1600,TGT
2025-10-08,9:34:44.019934860,T,89.86,200,89.98,1600,TGT
2025-10-08,9:34:44.019970091,T,89.85,100,89.98,1600,TGT
2025-10-08,9:34:44.020000041,T,89.86,200,89.98,1600,TGT
2025-10-08,9:34:44.020020085,T,89.85,100,89.98,1600,TGT
2025-10-08,9:34:44.110084647,T,89.83,100,89.98,1600,TGT
2025-10-08,9:34:44.201702963,T,89.82,100,89.98,1600,TGT
2025-10-08,9:34:44.211015054,T,89.77,200,89.98,1600,TGT
2025-10-08,9:34:45.368146784,T,89.77,300,89.98,1600,TGT
2025-10-08,9:34:45.565782692,T,89.77,400,89.98,1600,TGT
2025-10-08,9:34:46.751136752,T,89.87,100,89.98,1600,TGT
2025-10-08,9:34:46.751658072,T,89.87,200,89.98,1600,TGT
2025-10-08,9:34:46.751828421,T,89.89,200,89.98,1600,TGT
2025-10-08,9:34:46.761220790,T,89.87,200,89.98,1600,TGT
2025-10-08,9:34:46.761747004,T,89.87,100,89.98,1600,TGT
2025-10-08,9:34:46.762213130,T,89.87,200,89.98,1600,TGT
2025-10-08,9:34:46.763375927,T,89.87,200,89.98,600,TGT
2025-10-08,9:34:46.763375927,T,89.87,200,90.0,700,TGT
2025-10-08,9:34:46.763380934,T,89.87,200,90.0,600,TGT
2025-10-08,9:34:46.763380934,T,89.92,100,90.0,600,TGT
2025-10-08,9:34:46.763396001,T,89.95,100,90.0,600,TGT
2025-10-08,9:34:46.763411470,T,89.95,100,89.99,100,TGT
2025-10-08,9:34:46.763661619,T,89.95,200,89.99,100,TGT
2025-10-08,9:34:46.763806988,T,89.95,200,89.99,200,TGT
2025-10-08,9:34:46.763827382,T,89.95,100,89.99,200,TGT
2025-10-08,9:34:46.763827382,T,89.95,100,89.99,100,TGT
2025-10-08,9:34:46.763832004,T,89.95,100,90.0,700,TGT
2025-10-08,9:34:46.763852023,T,89.95,100,89.98,100,TGT
2025-10-08,9:34:46.763947340,T,89.95,100,90.0,600,TGT
2025-10-08,9:34:46.763952468,T,89.87,200,90.0,600,TGT
2025-10-08,9:34:46.763972341,T,89.89,100,90.0,600,TGT
2025-10-08,9:34:46.763982405,T,89.95,200,90.0,600,TGT
2025-10-08,9:34:46.763987383,T,89.95,200,89.98,100,TGT
2025-10-08,9:34:46.763997431,T,89.95,200,89.99,100,TGT
2025-10-08,9:34:46.764007434,T,89.95,200,89.98,100,TGT
2025-10-08,9:34:46.764022715,T,89.95,100,89.98,100,TGT
2025-10-08,9:34:46.764032458,T,89.95,100,89.98,200,TGT
2025-10-08,9:34:46.764072548,T,89.95,100,89.98,100,TGT
2025-10-08,9:34:46.764072548,T,89.95,100,90.0,600,TGT
2025-10-08,9:34:46.764087595,T,89.87,200,90.0,600,TGT
2025-10-08,9:34:46.764092671,T,89.88,100,90.0,600,TGT
2025-10-08,9:34:46.764328213,T,89.88,100,89.98,100,TGT
2025-10-08,9:34:46.764348422,T,89.87,200,89.98,100,TGT
2025-10-08,9:34:46.764358344,T,89.87,200,89.99,100,TGT
2025-10-08,9:34:46.764413527,T,89.87,200,90.0,600,TGT
2025-10-08,9:34:46.764438953,T,89.93,100,90.0,600,TGT
2025-10-08,9:34:46.764443484,T,89.93,200,90.0,600,TGT
2025-10-08,9:34:46.764458498,T,89.93,200,89.99,100,TGT
2025-10-08,9:34:46.764463508,T,89.93,200,90.0,600,TGT
2025-10-08,9:34:46.764488618,T,89.93,100,90.0,600,TGT
2025-10-08,9:34:46.764493545,T,89.93,100,89.99,100,TGT
2025-10-08,9:34:46.764498607,T,89.93,100,90.0,600,TGT
2025-10-08,9:34:46.764533800,T,89.93,100,90.0,700,TGT
2025-10-08,9:34:46.764533800,T,89.93,100,90.0,600,TGT
2025-10-08,9:34:46.764679390,T,89.93,100,89.99,200,TGT
2025-10-08,9:34:46.764779331,T,89.93,100,90.0,600,TGT
2025-10-08,9:34:46.765155122,T,89.93,100,89.98,100,TGT
2025-10-08,9:34:46.765385963,T,89.93,100,90.0,600,TGT
2025-10-08,9:34:46.765410862,T,89.95,100,90.0,600,TGT
2025-10-08,9:34:46.765436113,T,89.93,100,90.0,600,TGT
2025-10-08,9:34:46.846042844,T,89.88,100,90.0,600,TGT
2025-10-08,9:34:46.864471821,T,89.87,100,90.0,600,TGT
2025-10-08,9:34:48.201532323,T,89.87,200,90.0,600,TGT
2025-10-08,9:34:51.579365064,T,89.87,200,89.98,200,TGT
2025-10-08,9:34:52.003114533,T,89.87,200,89.99,200,TGT
2025-10-08,9:34:52.003144603,T,89.87,200,90.0,600,TGT
2025-10-08,9:34:55.453830610,T,89.87,300,90.0,600,TGT
2025-10-08,9:35:00.247075387,T,89.87,200,90.0,600,TGT
2025-10-08,9:35:02.233874100,T,89.87,100,90.0,600,TGT
2025-10-08,9:35:02.307434241,T,89.87,100,89.96,200,TGT
2025-10-08,9:35:02.658455549,T,89.87,100,90.0,600,TGT
2025-10-08,9:35:02.826435733,T,89.87,100,89.96,200,TGT
2025-10-08,9:35:02.944046006,T,89.87,100,90.0,600,TGT
2025-10-08,9:35:03.264163708,T,89.82,100,90.0,600,TGT
2025-10-08,9:35:03.264163708,T,89.8,100,90.0,600,TGT
2025-10-08,9:35:03.264189050,T,89.8,100,89.99,100,TGT
2025-10-08,9:35:03.264189050,T,89.8,100,89.88,100,TGT
2025-10-08,9:35:03.264208720,T,89.79,400,89.88,100,TGT
2025-10-08,9:35:03.264243878,T,89.79,300,89.88,100,TGT
2025-10-08,9:35:03.264850260,T,89.79,300,89.91,200,TGT
2025-10-08,9:35:03.265005636,T,89.79,300,89.88,100,TGT
2025-10-08,9:35:03.265166083,T,89.83,100,89.88,100,TGT
2025-10-08,9:35:03.265281318,T,89.83,200,89.88,100,TGT
2025-10-08,9:35:03.265376592,T,89.83,300,89.88,100,TGT
2025-10-08,9:35:03.265396552,T,89.83,200,89.88,100,TGT
2025-10-08,9:35:03.265396552,T,89.85,100,89.88,100,TGT
2025-10-08,9:35:03.265431694,T,89.85,300,89.88,100,TGT
2025-10-08,9:35:03.266664624,T,89.85,200,89.88,100,TGT
2025-10-08,9:35:03.266664624,T,89.79,300,89.88,100,TGT
2025-10-08,9:35:03.266685095,T,89.79,300,89.87,100,TGT
2025-10-08,9:35:03.266685095,T,89.79,300,89.87,200,TGT
2025-10-08,9:35:03.267245979,T,89.79,300,89.87,100,TGT
2025-10-08,9:35:03.267782230,T,89.79,300,89.91,100,TGT
2025-10-08,9:35:03.269551539,T,89.79,100,89.91,100,TGT
2025-10-08,9:35:03.280658002,T,89.79,100,89.95,100,TGT
2025-10-08,9:35:03.464210218,T,89.79,100,89.96,100,TGT
2025-10-08,9:35:03.622567539,T,89.75,100,89.96,100,TGT
2025-10-08,9:35:03.622587529,T,89.75,100,89.95,100,TGT
2025-10-08,9:35:03.622597612,T,89.75,100,89.94,100,TGT
2025-10-08,9:35:03.622597612,T,89.75,100,89.87,100,TGT
2025-10-08,9:35:03.622647865,T,89.75,100,89.86,200,TGT
2025-10-08,9:35:03.622928303,T,89.74,100,89.86,200,TGT
2025-10-08,9:35:03.622953607,T,89.74,100,89.86,300,TGT
2025-10-08,9:35:03.622968564,T,89.74,100,89.85,100,TGT
2025-10-08,9:35:03.622983410,T,89.74,100,89.85,300,TGT
2025-10-08,9:35:03.623013524,T,89.74,100,89.84,200,TGT
2025-10-08,9:35:03.623063972,T,89.74,100,89.85,100,TGT
2025-10-08,9:35:03.623098705,T,89.74,100,89.85,300,TGT
2025-10-08,9:35:03.623208970,T,89.74,100,89.84,200,TGT
2025-10-08,9:35:03.623484650,T,89.74,100,89.85,300,TGT
2025-10-08,9:35:03.623509917,T,89.75,100,89.85,300,TGT
2025-10-08,9:35:03.623509917,T,89.8,100,89.85,300,TGT
2025-10-08,9:35:03.623514772,T,89.8,200,89.85,300,TGT
2025-10-08,9:35:03.623514772,T,89.8,200,89.84,200,TGT
2025-10-08,9:35:03.623534803,T,89.8,100,89.84,200,TGT
2025-10-08,9:35:03.623544981,T,89.8,100,89.85,300,TGT
2025-10-08,9:35:03.623549779,T,89.8,100,89.85,100,TGT
2025-10-08,9:35:03.623770456,T,89.8,100,89.88,100,TGT
2025-10-08,9:35:03.623775391,T,89.8,100,89.92,100,TGT
2025-10-08,9:35:03.623790435,T,89.82,100,89.92,100,TGT
2025-10-08,9:35:03.623820454,T,89.82,200,89.92,100,TGT
2025-10-08,9:35:03.623850537,T,89.83,100,89.92,100,TGT
2025-10-08,9:35:03.624056039,T,89.83,100,89.88,100,TGT
2025-10-08,9:35:03.624076083,T,89.82,100,89.88,100,TGT
2025-10-08,9:35:03.624346709,T,89.8,200,89.88,100,TGT
2025-10-08,9:35:03.624456988,T,89.8,200,89.92,100,TGT
2025-10-08,9:35:03.624477042,T,89.8,300,89.92,100,TGT
2025-10-08,9:35:03.624477042,T,89.81,100,89.92,100,TGT
2025-10-08,9:35:03.624482063,T,89.82,100,89.92,100,TGT
2025-10-08,9:35:03.624482063,T,89.82,200,89.92,100,TGT
2025-10-08,9:35:03.624507142,T,89.83,100,89.92,100,TGT
2025-10-08,9:35:03.624507142,T,89.83,200,89.92,100,TGT
2025-10-08,9:35:03.625745066,T,89.83,200,89.91,100,TGT
2025-10-08,9:35:03.626021068,T,89.83,200,89.88,200,TGT
2025-10-08,9:35:03.633408349,T,89.83,200,89.92,100,TGT
2025-10-08,9:35:03.633443325,T,89.83,200,89.94,200,TGT
2025-10-08,9:35:03.633874445,T,89.83,200,89.89,200,TGT
2025-10-08,9:35:03.635839123,T,89.83,200,89.88,300,TGT
2025-10-08,9:35:03.635859190,T,89.83,100,89.88,300,TGT
2025-10-08,9:35:03.635879206,T,89.81,100,89.88,300,TGT
2025-10-08,9:35:03.635879206,T,89.8,100,89.88,300,TGT
2025-10-08,9:35:03.635904236,T,89.8,200,89.88,300,TGT
2025-10-08,9:35:03.635929344,T,89.8,100,89.88,300,TGT
2025-10-08,9:35:03.635929344,T,89.81,100,89.88,300,TGT
2025-10-08,9:35:03.635934263,T,89.8,100,89.88,300,TGT
2025-10-08,9:35:03.635939354,T,89.77,100,89.88,300,TGT
2025-10-08,9:35:03.635939354,T,89.76,200,89.88,300,TGT
2025-10-08,9:35:03.635959410,T,89.77,100,89.88,300,TGT
2025-10-08,9:35:03.635964418,T,89.78,100,89.88,300,TGT
2025-10-08,9:35:03.750186524,T,89.78,100,89.89,200,TGT
2025-10-08,9:35:03.750933326,T,89.78,100,89.94,100,TGT
2025-10-08,9:35:03.776373933,T,89.78,100,89.95,100,TGT
2025-10-08,9:35:03.875179243,T,89.79,100,89.95,100,TGT
2025-10-08,9:35:08.615422631,T,89.79,200,89.95,100,TGT
2025-10-08,9:35:08.615928855,T,89.79,300,89.95,100,TGT
2025-10-08,9:35:08.615928855,T,89.8,100,89.95,100,TGT
2025-10-08,9:35:08.615958938,T,89.8,100,89.99,100,TGT
2025-10-08,9:35:08.617206875,T,89.8,200,89.99,100,TGT
2025-10-08,9:35:08.801415768,T,89.8,300,89.99,100,TGT
2025-10-08,9:35:08.801671316,T,89.8,400,89.99,100,TGT
2025-10-08,9:35:08.802277819,T,89.8,500,89.99,100,TGT
2025-10-08,9:35:08.802277819,T,89.81,100,89.99,100,TGT
2025-10-08,9:35:08.802568568,T,89.81,200,89.99,100,TGT
2025-10-08,9:35:09.710145872,T,89.81,300,89.99,100,TGT
2025-10-08,9:35:09.710145872,T,89.82,100,89.99,100,TGT
2025-10-08,9:35:09.710431605,T,89.82,200,89.99,100,TGT
2025-10-08,9:35:10.595831002,T,89.83,100,89.99,100,TGT
2025-10-08,9:35:10.596121659,T,89.83,200,89.99,100,TGT
2025-10-08,9:35:10.603128430,T,89.83,200,90.0,600,TGT
2025-10-08,9:35:10.603128430,T,89.88,100,90.0,600,TGT
2025-10-08,9:35:10.603198557,T,89.88,200,90.0,600,TGT
2025-10-08,9:35:10.603368913,T,89.88,100,90.0,600,TGT
2025-10-08,9:35:10.603368913,T,89.88,200,90.0,600,TGT
2025-10-08,9:35:10.603374193,T,89.88,100,90.0,600,TGT
2025-10-08,9:35:10.603379025,T,89.89,100,90.0,600,TGT
2025-10-08,9:35:10.604712147,T,89.89,200,90.0,600,TGT
2025-10-08,9:35:11.306007923,T,89.89,100,90.0,600,TGT
2025-10-08,9:35:11.306028040,T,89.83,100,90.0,600,TGT
2025-10-08,9:35:11.306063089,T,89.83,200,90.0,600,TGT
2025-10-08,9:35:11.306243522,T,89.83,300,90.0,600,TGT
2025-10-08,9:35:11.306584400,T,89.83,400,90.0,600,TGT
2025-10-08,9:35:11.306824938,T,89.83,500,90.0,600,TGT
2025-10-08,9:35:11.306829977,T,89.83,400,90.0,600,TGT
2025-10-08,9:35:11.306829977,T,89.84,100,90.0,600,TGT
2025-10-08,9:35:11.825971838,T,89.84,100,89.98,100,TGT
2025-10-08,9:35:11.826778792,T,89.84,100,89.98,200,TGT
2025-10-08,9:35:11.827199785,T,89.84,200,89.98,200,TGT
2025-10-08,9:35:14.218451704,T,89.84,1300,89.98,200,TGT
2025-10-08,9:35:14.219218529,T,89.84,1200,89.98,200,TGT
2025-10-08,9:35:14.333405592,T,89.84,100,89.98,200,TGT
2025-10-08,9:35:14.695322806,T,89.84,200,89.98,200,TGT
2025-10-08,9:35:15.404808076,T,89.85,100,89.98,200,TGT
2025-10-08,9:35:15.405600007,T,89.85,200,89.98,200,TGT
2025-10-08,9:35:16.230635676,T,89.85,200,89.98,100,TGT
2025-10-08,9:35:16.231151904,T,89.85,300,89.98,100,TGT
2025-10-08,9:35:16.231156817,T,89.86,100,89.98,100,TGT
2025-10-08,9:35:19.427321811,T,89.86,200,89.98,100,TGT
2025-10-08,9:35:19.427327016,T,89.87,100,89.98,100,TGT
2025-10-08,9:35:19.427327016,T,89.91,100,89.98,100,TGT
2025-10-08,9:35:19.427361992,T,89.91,200,89.98,100,TGT
2025-10-08,9:35:19.427361992,T,89.91,400,89.98,100,TGT
2025-10-08,9:35:19.427406994,T,89.91,200,89.98,100,TGT
2025-10-08,9:35:19.427537285,T,89.91,300,89.98,100,TGT
2025-10-08,9:35:19.427757900,T,89.91,400,89.98,100,TGT
2025-10-08,9:35:19.434358624,T,89.91,300,89.98,100,TGT
2025-10-08,9:35:20.123410235,T,89.92,100,89.98,100,TGT
2025-10-08,9:35:20.123415528,T,89.92,200,89.98,100,TGT
2025-10-08,9:35:20.123440816,T,89.93,100,89.98,100,TGT
2025-10-08,9:35:20.130868083,T,89.93,200,89.98,100,TGT
2025-10-08,9:35:20.344777686,T,89.93,200,89.99,100,TGT
2025-10-08,9:35:20.344802713,T,89.93,200,90.0,600,TGT
2025-10-08,9:35:20.344822801,T,89.94,100,90.0,600,TGT
2025-10-08,9:35:20.344827724,T,89.94,200,90.0,600,TGT
2025-10-08,9:35:20.344837757,T,89.94,300,90.0,600,TGT
2025-10-08,9:35:20.344863174,T,89.94,200,90.0,600,TGT
2025-10-08,9:35:20.345038835,T,89.94,200,90.0,500,TGT
2025-10-08,9:35:20.345038835,T,89.94,200,90.0,400,TGT
2025-10-08,9:35:20.345038835,T,89.94,200,90.0,300,TGT
2025-10-08,9:35:20.345043488,T,89.94,200,90.0,200,TGT
2025-10-08,9:35:20.345043488,T,89.94,200,90.01,200,TGT
2025-10-08,9:35:20.345068339,T,89.94,300,90.01,200,TGT
2025-10-08,9:35:20.345068339,T,89.95,100,90.01,200,TGT
2025-10-08,9:35:20.345078351,T,89.96,100,90.01,200,TGT
2025-10-08,9:35:20.345103465,T,89.96,200,90.01,200,TGT
2025-10-08,9:35:20.345228777,T,89.97,200,90.01,200,TGT
2025-10-08,9:35:20.345258787,T,89.96,200,90.01,200,TGT
2025-10-08,9:35:20.345389133,T,89.97,200,90.01,200,TGT
2025-10-08,9:35:20.345409223,T,89.98,200,90.01,200,TGT
2025-10-08,9:35:20.345524816,T,89.98,200,90.07,300,TGT
2025-10-08,9:35:20.345549471,T,89.99,100,90.07,300,TGT
2025-10-08,9:35:20.345554530,T,89.99,200,90.07,300,TGT
2025-10-08,9:35:20.345609588,T,89.99,100,90.07,300,TGT
2025-10-08,9:35:20.345614662,T,90.0,100,90.07,300,TGT
2025-10-08,9:35:20.345905429,T,90.0,100,90.01,100,TGT
2025-10-08,9:35:20.345910381,T,90.0,200,90.01,100,TGT
2025-10-08,9:35:20.345910381,T,90.0,200,90.07,400,TGT
2025-10-08,9:35:20.345915387,T,90.0,200,90.07,300,TGT
2025-10-08,9:35:20.345950434,T,90.01,100,90.07,300,TGT
2025-10-08,9:35:20.345965665,T,90.01,200,90.07,300,TGT
2025-10-08,9:35:20.346005590,T,90.01,200,90.06,100,TGT
2025-10-08,9:35:20.346025647,T,90.01,100,90.06,100,TGT
2025-10-08,9:35:20.346025647,T,90.01,100,90.07,300,TGT
2025-10-08,9:35:20.346031006,T,90.01,100,90.06,100,TGT
2025-10-08,9:35:20.346031006,T,90.01,100,90.07,300,TGT
2025-10-08,9:35:20.346040716,T,90.0,200,90.07,300,TGT
2025-10-08,9:35:20.346055729,T,90.02,100,90.07,300,TGT
2025-10-08,9:35:20.348130630,T,90.01,100,90.07,300,TGT
2025-10-08,9:35:20.348170738,T,89.99,100,90.07,300,TGT
2025-10-08,9:35:20.348195973,T,89.99,100,90.07,400,TGT
2025-10-08,9:35:20.348195973,T,89.99,200,90.07,400,TGT
2025-10-08,9:35:20.348200822,T,89.99,200,90.07,300,TGT
2025-10-08,9:35:20.349373564,T,89.99,200,90.07,100,TGT
2025-10-08,9:35:20.355207461,T,90.01,100,90.07,100,TGT
2025-10-08,9:35:20.392701844,T,89.98,200,90.07,100,TGT
2025-10-08,9:35:20.392731851,T,89.98,300,90.07,100,TGT
2025-10-08,9:35:20.392756923,T,89.99,100,90.07,100,TGT
2025-10-08,9:35:20.392756923,T,89.99,300,90.07,100,TGT
2025-10-08,9:35:20.393102814,T,90.01,100,90.07,100,TGT
2025-10-08,9:35:20.393127810,T,90.01,200,90.07,100,TGT
2025-10-08,9:35:20.452248705,T,90.01,100,90.07,100,TGT
2025-10-08,9:35:20.452293769,T,89.98,200,90.07,100,TGT
2025-10-08,9:35:20.452319201,T,89.98,300,90.07,100,TGT
2025-10-08,9:35:20.452323855,T,89.98,100,90.07,100,TGT
2025-10-08,9:35:20.452719807,T,89.98,200,90.07,100,TGT
2025-10-08,9:35:20.736105044,T,89.99,100,90.07,100,TGT
2025-10-08,9:35:20.736110022,T,90.0,100,90.07,100,TGT
2025-10-08,9:35:20.736150077,T,90.01,100,90.07,100,TGT
2025-10-08,9:35:20.736486010,T,90.01,200,90.07,100,TGT
2025-10-08,9:35:20.736486010,T,90.01,100,90.07,100,TGT
2025-10-08,9:35:20.736490832,T,90.02,100,90.07,100,TGT
2025-10-08,9:35:20.736666339,T,90.0,200,90.07,100,TGT
2025-10-08,9:35:20.736666339,T,90.0,100,90.07,100,TGT
2025-10-08,9:35:20.736666339,T,89.99,100,90.07,100,TGT
2025-10-08,9:35:20.736681275,T,90.04,100,90.07,100,TGT
2025-10-08,9:35:20.746715238,T,90.02,200,90.07,100,TGT
2025-10-08,9:35:20.746935754,T,90.02,100,90.07,100,TGT
2025-10-08,9:35:20.747512089,T,90.02,200,90.07,100,TGT
2025-10-08,9:35:21.159994798,T,90.02,200,90.08,100,TGT
2025-10-08,9:35:21.160015118,T,90.05,100,90.08,100,TGT
2025-10-08,9:35:21.160015118,T,90.05,200,90.08,100,TGT
2025-10-08,9:35:21.160275599,T,90.05,100,90.08,100,TGT
2025-10-08,9:35:21.160275599,T,90.03,100,90.08,100,TGT
2025-10-08,9:35:21.160310466,T,90.03,100,90.07,100,TGT
2025-10-08,9:35:21.160320572,T,90.02,100,90.07,100,TGT
2025-10-08,9:35:21.160425819,T,90.02,100,90.08,100,TGT
2025-10-08,9:35:21.160450785,T,90.03,100,90.08,100,TGT
2025-10-08,9:35:21.160561058,T,90.04,100,90.08,100,TGT
2025-10-08,9:35:21.160591188,T,90.03,100,90.08,100,TGT
2025-10-08,9:35:21.160611182,T,90.04,100,90.08,100,TGT
2025-10-08,9:35:21.160631257,T,90.03,100,90.08,100,TGT
2025-10-08,9:35:21.160766638,T,90.03,100,90.07,100,TGT
2025-10-08,9:35:21.160982075,T,90.04,100,90.07,100,TGT
2025-10-08,9:35:21.162380381,T,90.04,100,90.08,100,TGT
2025-10-08,9:35:21.162405432,T,90.05,100,90.08,100,TGT
2025-10-08,9:35:21.162405432,T,90.06,100,90.08,100,TGT
2025-10-08,9:35:21.162961804,T,90.05,100,90.08,100,TGT
2025-10-08,9:35:21.163016913,T,90.05,100,90.08,200,TGT
2025-10-08,9:35:21.163021932,T,90.05,100,90.07,100,TGT
2025-10-08,9:35:21.175461534,T,90.03,100,90.07,100,TGT
2025-10-08,9:35:21.175481688,T,89.99,100,90.07,100,TGT
2025-10-08,9:35:21.175481688,T,89.98,100,90.07,100,TGT
2025-10-08,9:35:21.175486885,T,89.91,200,90.07,100,TGT
2025-10-08,9:35:21.175486885,T,89.91,100,90.07,100,TGT
2025-10-08,9:35:21.175506700,T,89.98,100,90.07,100,TGT
2025-10-08,9:35:21.175511691,T,89.99,100,90.07,100,TGT
2025-10-08,9:35:21.175531780,T,90.0,100,90.07,100,TGT
2025-10-08,9:35:21.175687142,T,90.05,100,90.07,100,TGT
2025-10-08,9:35:21.188347326,T,90.05,100,90.08,100,TGT
2025-10-08,9:35:21.188367280,T,90.06,100,90.08,100,TGT
2025-10-08,9:35:21.188923712,T,90.03,100,90.08,100,TGT
2025-10-08,9:35:21.189344656,T,90.03,200,90.08,100,TGT
2025-10-08,9:35:21.212770447,T,90.04,200,90.08,100,TGT
2025-10-08,9:35:21.212790514,T,90.03,200,90.08,100,TGT
2025-10-08,9:35:21.212820627,T,90.04,200,90.08,100,TGT
2025-10-08,9:35:21.212840685,T,90.03,200,90.08,100,TGT
2025-10-08,9:35:21.213732741,T,90.03,100,90.08,100,TGT
2025-10-08,9:35:21.214594756,T,90.03,200,90.08,100,TGT
2025-10-08,9:35:21.240696946,T,90.03,200,90.13,100,TGT
2025-10-08,9:35:21.240717027,T,90.05,100,90.13,100,TGT
2025-10-08,9:35:21.241273377,T,90.04,200,90.13,100,TGT
2025-10-08,9:35:21.241839734,T,90.04,100,90.13,100,TGT
2025-10-08,9:35:21.245318055,T,90.04,200,90.13,100,TGT
2025-10-08,9:35:21.290731213,T,90.04,100,90.13,100,TGT
2025-10-08,9:35:24.202298285,T,90.01,100,90.13,100,TGT
2025-10-08,9:35:24.202298285,T,89.98,100,90.13,100,TGT
2025-10-08,9:35:24.202298285,T,89.88,200,90.13,100,TGT
2025-10-08,9:35:24.202323253,T,89.98,100,90.13,100,TGT
2025-10-08,9:35:24.202328036,T,90.01,100,90.13,100,TGT
2025-10-08,9:35:28.944736810,T,89.98,100,90.13,100,TGT
2025-10-08,9:35:28.944736810,T,89.93,100,90.13,100,TGT
2025-10-08,9:35:28.944761763,T,89.93,100,90.01,100,TGT
2025-10-08,9:35:28.944766934,T,89.88,100,90.01,100,TGT
2025-10-08,9:35:28.944777027,T,89.93,100,90.01,100,TGT
2025-10-08,9:35:28.944781688,T,89.88,100,90.01,100,TGT
2025-10-08,9:35:28.944791795,T,89.88,100,90.05,200,TGT
2025-10-08,9:35:28.944801746,T,89.84,100,90.05,200,TGT
2025-10-08,9:35:28.944826832,T,89.84,100,90.05,100,TGT
2025-10-08,9:35:28.944841823,T,89.84,100,90.0,100,TGT
2025-10-08,9:35:28.944841823,T,89.88,100,90.0,100,TGT
2025-10-08,9:35:28.944896972,T,89.84,100,90.0,100,TGT
2025-10-08,9:35:28.945192655,T,89.84,100,90.05,100,TGT
2025-10-08,9:35:28.945247927,T,89.93,100,90.05,100,TGT
2025-10-08,9:35:28.945453372,T,89.96,100,90.05,100,TGT
2025-10-08,9:35:28.945463360,T,89.93,100,90.05,100,TGT
2025-10-08,9:35:28.945473364,T,89.84,100,90.05,100,TGT
2025-10-08,9:35:28.955176489,T,89.84,100,90.05,200,TGT
2025-10-08,9:35:29.044785369,T,89.84,100,90.05,100,TGT
2025-10-08,9:35:30.536829802,T,89.87,100,90.05,100,TGT
2025-10-08,9:35:30.536869880,T,89.87,200,90.05,100,TGT
2025-10-08,9:35:35.441259354,T,89.87,100,90.05,100,TGT
2025-10-08,9:35:35.441284454,T,89.87,100,90.01,100,TGT
2025-10-08,9:35:35.441690410,T,89.87,200,90.01,100,TGT
2025-10-08,9:35:35.441720430,T,89.92,100,90.01,100,TGT
2025-10-08,9:35:35.503728196,T,89.87,200,90.01,100,TGT
2025-10-08,9:35:35.503733181,T,89.87,200,90.09,100,TGT
2025-10-08,9:35:35.505201676,T,89.87,200,90.06,100,TGT
2025-10-08,9:35:35.505667735,T,89.87,200,90.09,100,TGT
2025-10-08,9:35:35.506184063,T,89.87,200,90.06,100,TGT
2025-10-08,9:35:35.881352914,T,89.87,200,90.09,100,TGT
2025-10-08,9:35:37.324471093,T,89.87,100,90.09,100,TGT
2025-10-08,9:35:38.073961654,T,90.0,100,90.09,100,TGT
2025-10-08,9:35:38.073981746,T,89.87,100,90.09,100,TGT
2025-10-08,9:35:38.074001779,T,89.87,100,90.07,100,TGT
2025-10-08,9:35:38.074006824,T,89.87,100,90.06,100,TGT
2025-10-08,9:35:38.074016797,T,89.92,100,90.06,100,TGT
2025-10-08,9:35:38.074041915,T,89.92,100,90.09,100,TGT
2025-10-08,9:35:38.078958549,T,89.93,100,90.09,100,TGT
2025-10-08,9:35:38.078968613,T,89.92,100,90.09,100,TGT
2025-10-08,9:35:38.078978631,T,89.87,100,90.09,100,TGT
2025-10-08,9:35:38.079003735,T,89.92,100,90.09,100,TGT
2025-10-08,9:35:38.080101294,T,89.93,100,90.09,100,TGT
2025-10-08,9:35:39.347004645,T,89.93,100,90.07,100,TGT
2025-10-08,9:35:39.364070245,T,89.92,100,90.07,100,TGT
2025-10-08,9:35:39.364075647,T,89.92,100,90.01,200,TGT
2025-10-08,9:35:39.364085370,T,89.87,200,90.01,200,TGT
2025-10-08,9:35:39.364085370,T,89.87,100,90.01,200,TGT
2025-10-08,9:35:39.364110386,T,89.87,100,90.0,200,TGT
2025-10-08,9:35:39.364115366,T,89.87,100,89.99,100,TGT
2025-10-08,9:35:39.364115366,T,89.87,100,89.97,100,TGT
2025-10-08,9:35:39.364120354,T,89.87,200,89.97,100,TGT
2025-10-08,9:35:39.364150518,T,89.87,200,89.99,100,TGT
2025-10-08,9:35:39.364746843,T,89.87,200,89.97,100,TGT
2025-10-08,9:35:39.365744299,T,89.87,100,89.97,100,TGT
2025-10-08,9:35:39.371147217,T,89.87,100,90.0,100,TGT
2025-10-08,9:35:39.564287339,T,89.87,100,90.02,100,TGT
2025-10-08,9:35:44.007663459,T,89.87,100,90.06,100,TGT
2025-10-08,9:35:45.290304287,T,89.87,100,90.0,200,TGT
2025-10-08,9:35:46.554882029,T,89.87,100,90.0,1200,TGT
2025-10-08,9:35:47.068916877,T,89.87,100,89.96,100,TGT
2025-10-08,9:35:47.068926764,T,89.87,100,89.96,200,TGT
2025-10-08,9:35:47.075978550,T,89.87,100,89.96,100,TGT
2025-10-08,9:35:48.158718363,T,89.87,200,89.96,100,TGT
2025-10-08,9:35:48.158718363,T,89.88,100,89.96,100,TGT
2025-10-08,9:35:48.158733285,T,89.91,100,89.96,100,TGT
2025-10-08,9:35:48.158748371,T,89.91,100,90.0,1200,TGT
2025-10-08,9:35:48.165765022,T,89.88,100,90.0,1200,TGT
2025-10-08,9:35:48.258992113,T,89.87,100,90.0,1200,TGT
2025-10-08,9:35:48.590827717,T,89.87,100,90.0,1100,TGT
2025-10-08,9:35:48.590867795,T,89.87,200,90.0,1100,TGT
2025-10-08,9:35:48.590867795,T,89.91,100,90.0,1100,TGT
2025-10-08,9:35:48.590877790,T,89.92,200,90.0,1100,TGT
2025-10-08,9:35:48.590902958,T,89.92,300,90.0,1100,TGT
2025-10-08,9:35:48.590902958,T,89.92,200,90.0,1100,TGT
2025-10-08,9:35:49.410520517,T,89.91,100,90.0,1100,TGT
2025-10-08,9:35:50.483461921,T,89.87,200,90.0,1100,TGT
2025-10-08,9:35:52.962127258,T,89.87,100,90.0,1100,TGT
2025-10-08,9:35:52.964147144,T,89.87,100,90.0,1200,TGT
2025-10-08,9:35:52.964187271,T,89.87,100,89.96,100,TGT
2025-10-08,9:35:52.965490371,T,89.87,100,90.0,1200,TGT
2025-10-08,9:35:55.720819834,T,89.87,100,90.0,1100,TGT
2025-10-08,9:35:56.377910326,T,89.87,100,90.0,1200,TGT
2025-10-08,9:35:56.378205941,T,89.87,100,89.95,100,TGT
2025-10-08,9:35:56.378386449,T,89.87,100,89.92,200,TGT
2025-10-08,9:35:56.379403835,T,89.87,100,89.95,100,TGT
2025-10-08,9:35:56.380130625,T,89.87,100,89.96,100,TGT
2025-10-08,9:35:56.387934187,T,89.87,100,90.0,1200,TGT
2025-10-08,9:35:57.075647600,T,89.87,100,89.92,200,TGT
2025-10-08,9:35:57.075988381,T,89.87,100,90.0,1200,TGT
2025-10-08,9:35:57.983285005,T,89.88,100,90.0,1200,TGT
2025-10-08,9:35:57.983295001,T,89.88,200,90.0,1200,TGT
2025-10-08,9:35:57.983650822,T,89.89,100,90.0,1200,TGT
2025-10-08,9:35:57.983701007,T,89.88,200,90.0,1200,TGT
2025-10-08,9:35:57.983741111,T,89.91,100,90.0,1200,TGT
2025-10-08,9:35:57.983761114,T,89.92,100,90.0,1200,TGT
2025-10-08,9:35:57.984342452,T,89.92,100,89.96,100,TGT
2025-10-08,9:35:57.990001022,T,89.88,100,89.96,100,TGT
2025-10-08,9:35:57.990071170,T,89.87,400,89.96,100,TGT
2025-10-08,9:35:57.990136259,T,89.89,200,89.96,100,TGT
2025-10-08,9:35:57.991178811,T,89.87,400,89.96,100,TGT
2025-10-08,9:35:57.991213869,T,89.87,300,89.96,100,TGT
2025-10-08,9:35:57.995328692,T,89.87,400,89.96,100,TGT
2025-10-08,9:35:57.995744611,T,89.87,300,89.96,100,TGT
2025-10-08,9:35:57.995754693,T,89.87,200,89.96,100,TGT
2025-10-08,9:35:58.108468265,T,89.89,200,89.96,100,TGT
2025-10-08,9:35:58.290271404,T,89.87,100,89.96,100,TGT
2025-10-08,9:35:58.290366652,T,89.88,200,89.96,100,TGT
2025-10-08,9:35:58.290993108,T,89.87,100,89.96,100,TGT
2025-10-08,9:35:58.291048283,T,89.88,200,89.96,100,TGT
2025-10-08,9:35:58.291749941,T,89.87,100,89.96,100,TGT
2025-10-08,9:35:58.457018699,T,89.84,100,89.96,100,TGT
2025-10-08,9:35:58.457048752,T,89.83,100,89.96,100,TGT
2025-10-08,9:35:58.458196521,T,89.83,200,89.96,100,TGT
2025-10-08,9:35:58.458211494,T,89.83,300,89.96,100,TGT
2025-10-08,9:35:58.572228126,T,89.83,200,89.96,100,TGT
2025-10-08,9:35:58.572649196,T,89.83,100,89.96,100,TGT
2025-10-08,9:35:58.573561317,T,89.83,200,89.96,100,TGT
2025-10-08,9:35:58.573576372,T,89.83,300,89.96,100,TGT
2025-10-08,9:35:58.583625336,T,89.83,200,89.96,100,TGT
2025-10-08,9:35:58.583635296,T,89.83,100,89.96,100,TGT
2025-10-08,9:35:58.584056350,T,89.83,200,89.96,100,TGT
2025-10-08,9:35:58.584136507,T,89.83,300,89.96,100,TGT
2025-10-08,9:35:58.781486703,T,89.83,200,89.96,100,TGT
2025-10-08,9:35:58.781902717,T,89.83,100,89.96,100,TGT
2025-10-08,9:35:58.782313691,T,89.83,200,89.96,100,TGT
2025-10-08,9:35:58.782328643,T,89.83,300,89.96,100,TGT
2025-10-08,9:35:59.024550730,T,89.83,200,89.96,100,TGT
2025-10-08,9:35:59.024560769,T,89.83,100,89.96,100,TGT
2025-10-08,9:36:04.648053749,T,89.83,100,89.95,200,TGT
2025-10-08,9:36:04.694148602,T,89.88,100,89.95,200,TGT
2025-10-08,9:36:04.694569569,T,89.88,200,89.95,200,TGT
2025-10-08,9:36:05.774692796,T,89.88,200,89.96,100,TGT
2025-10-08,9:36:05.789262581,T,89.88,200,90.0,1100,TGT
2025-10-08,9:36:05.846373547,T,89.88,100,90.0,1100,TGT
2025-10-08,9:36:05.846378561,T,89.83,100,90.0,1100,TGT
2025-10-08,9:36:05.846393574,T,89.83,100,89.92,100,TGT
2025-10-08,9:36:05.846403652,T,89.83,100,89.88,100,TGT
2025-10-08,9:36:05.846413626,T,89.81,300,89.88,100,TGT
2025-10-08,9:36:05.846449063,T,89.81,200,89.88,100,TGT
2025-10-08,9:36:05.846533994,T,89.8,100,89.88,100,TGT
2025-10-08,9:36:05.846914848,T,89.8,100,89.92,200,TGT
2025-10-08,9:36:05.846934931,T,89.8,100,89.92,100,TGT
2025-10-08,9:36:05.847250674,T,89.79,100,89.92,100,TGT
2025-10-08,9:36:05.848192856,T,89.8,100,89.92,100,TGT
2025-10-08,9:36:05.849140212,T,89.87,200,89.92,100,TGT
2025-10-08,9:36:05.849536107,T,89.8,100,89.92,100,TGT
2025-10-08,9:36:05.852603378,T,89.8,100,89.95,100,TGT
2025-10-08,9:36:05.852638518,T,89.8,100,89.94,200,TGT
2025-10-08,9:36:05.852703648,T,89.79,100,89.94,200,TGT
2025-10-08,9:36:05.859259242,T,89.81,100,89.94,200,TGT
2025-10-08,9:36:05.946963261,T,89.81,100,90.0,1200,TGT
2025-10-08,9:36:06.001252582,T,89.8,100,90.0,1200,TGT
2025-10-08,9:36:06.001287721,T,89.79,100,90.0,1200,TGT
2025-10-08,9:36:06.842887688,T,89.8,100,90.0,1200,TGT
2025-10-08,9:36:10.049727895,T,89.84,200,90.0,1200,TGT
2025-10-08,9:36:10.049833136,T,89.86,200,90.0,1200,TGT
2025-10-08,9:36:10.049918380,T,89.84,300,90.0,1200,TGT
2025-10-08,9:36:10.049973502,T,89.84,100,90.0,1200,TGT
2025-10-08,9:36:10.049998545,T,89.83,100,90.0,1200,TGT
2025-10-08,9:36:10.050013592,T,89.86,200,90.0,1200,TGT
2025-10-08,9:36:10.050529850,T,89.85,100,90.0,1200,TGT
2025-10-08,9:36:10.050560206,T,89.86,100,90.0,1200,TGT
2025-10-08,9:36:10.072843034,T,89.86,200,90.0,1200,TGT
2025-10-08,9:36:10.091136571,T,89.86,300,90.0,1200,TGT
2025-10-08,9:36:10.582567471,T,89.87,100,90.0,1200,TGT
2025-10-08,9:36:10.582572513,T,89.89,100,90.0,1200,TGT
2025-10-08,9:36:10.582577469,T,89.89,200,90.0,1200,TGT
2025-10-08,9:36:10.582592918,T,89.89,200,90.0,1100,TGT
2025-10-08,9:36:10.582602553,T,89.89,300,90.0,1100,TGT
2025-10-08,9:36:10.582617560,T,89.89,200,90.0,1100,TGT
2025-10-08,9:36:10.583078650,T,89.89,300,90.0,1100,TGT
2025-10-08,9:36:10.583093761,T,89.9,100,90.0,1100,TGT
2025-10-08,9:36:10.583113693,T,89.91,100,90.0,1100,TGT
2025-10-08,9:36:10.583168847,T,89.9,200,90.0,1100,TGT
2025-10-08,9:36:10.583544748,T,89.91,100,90.0,1100,TGT
2025-10-08,9:36:10.583564818,T,89.91,100,90.0,1200,TGT
2025-10-08,9:36:10.583579861,T,89.91,100,89.96,100,TGT
2025-10-08,9:36:10.583594938,T,89.91,100,89.99,700,TGT
2025-10-08,9:36:10.583625236,T,89.91,100,89.99,100,TGT
2025-10-08,9:36:10.583635033,T,89.91,100,89.99,200,TGT
2025-10-08,9:36:10.583635033,T,89.91,100,89.99,100,TGT
2025-10-08,9:36:10.583680083,T,89.91,200,89.99,100,TGT
2025-10-08,9:36:10.583690073,T,89.91,100,89.99,100,TGT
2025-10-08,9:36:10.584607560,T,89.91,200,89.99,100,TGT
2025-10-08,9:36:10.584612584,T,89.93,100,89.99,100,TGT
2025-10-08,9:36:10.584612584,T,89.94,100,89.99,100,TGT
2025-10-08,9:36:10.584632595,T,89.93,100,89.99,100,TGT
2025-10-08,9:36:10.584847869,T,89.91,200,89.99,100,TGT
2025-10-08,9:36:10.584867874,T,89.91,200,89.98,100,TGT
2025-10-08,9:36:10.584877895,T,89.91,200,89.98,200,TGT
2025-10-08,9:36:10.584898039,T,89.91,200,89.98,100,TGT
2025-10-08,9:36:10.584928110,T,89.92,100,89.98,100,TGT
2025-10-08,9:36:10.584928110,T,89.93,100,89.98,100,TGT
2025-10-08,9:36:10.585038632,T,89.93,100,89.97,100,TGT
2025-10-08,9:36:10.585063417,T,89.93,100,89.98,100,TGT
2025-10-08,9:36:10.585078390,T,89.91,200,89.98,100,TGT
2025-10-08,9:36:10.585088481,T,89.91,200,89.97,100,TGT
2025-10-08,9:36:10.585123503,T,89.91,200,89.98,100,TGT
2025-10-08,9:36:10.585148592,T,89.95,100,89.98,100,TGT
2025-10-08,9:36:10.585193769,T,89.95,100,89.99,100,TGT
2025-10-08,9:36:10.585268856,T,89.95,100,89.98,100,TGT
2025-10-08,9:36:10.585323983,T,89.95,100,89.99,100,TGT
2025-10-08,9:36:10.585404177,T,89.94,100,89.99,100,TGT
2025-10-08,9:36:10.585409249,T,89.93,100,89.99,100,TGT
2025-10-08,9:36:10.585424288,T,89.93,100,89.97,100,TGT
2025-10-08,9:36:10.585449997,T,89.92,100,89.97,100,TGT
2025-10-08,9:36:10.585449997,T,89.92,100,89.98,100,TGT
2025-10-08,9:36:10.585464634,T,89.92,100,89.99,100,TGT
2025-10-08,9:36:10.585464634,T,89.93,100,89.99,100,TGT
2025-10-08,9:36:10.585479385,T,89.94,100,89.99,100,TGT
2025-10-08,9:36:10.585494668,T,89.94,100,89.98,100,TGT
2025-10-08,9:36:10.585509449,T,89.93,100,89.98,100,TGT
2025-10-08,9:36:10.585554526,T,89.94,100,89.98,100,TGT
2025-10-08,9:36:10.585554526,T,89.93,100,89.98,100,TGT
2025-10-08,9:36:10.585604708,T,89.93,100,89.96,100,TGT
2025-10-08,9:36:10.585624683,T,89.92,100,89.96,100,TGT
2025-10-08,9:36:10.585634733,T,89.92,100,89.98,100,TGT
2025-10-08,9:36:10.585649740,T,89.93,100,89.98,100,TGT
2025-10-08,9:36:10.585654901,T,89.93,100,89.99,200,TGT
2025-10-08,9:36:10.585659941,T,89.93,100,89.96,100,TGT
2025-10-08,9:36:10.585694867,T,89.93,100,89.99,200,TGT
2025-10-08,9:36:10.585719933,T,89.93,100,89.99,100,TGT
2025-10-08,9:36:10.585745079,T,89.94,100,89.99,100,TGT
2025-10-08,9:36:10.585760001,T,89.93,100,89.99,100,TGT
2025-10-08,9:36:10.585935444,T,89.94,100,89.99,100,TGT
2025-10-08,9:36:10.585940510,T,89.93,100,89.99,100,TGT
2025-10-08,9:36:10.585970501,T,89.94,100,89.99,100,TGT
2025-10-08,9:36:10.585975561,T,89.94,100,89.98,200,TGT
2025-10-08,9:36:10.585975561,T,89.93,100,89.98,200,TGT
2025-10-08,9:36:10.586171027,T,89.94,100,89.98,200,TGT
2025-10-08,9:36:10.586181110,T,89.93,100,89.98,200,TGT
2025-10-08,9:36:10.586276250,T,89.93,100,89.99,100,TGT
2025-10-08,9:36:10.586341445,T,89.94,100,89.99,100,TGT
2025-10-08,9:36:10.586351467,T,89.93,100,89.99,100,TGT
2025-10-08,9:36:10.586381531,T,89.94,100,89.99,100,TGT
2025-10-08,9:36:10.586466729,T,89.94,100,89.96,100,TGT
2025-10-08,9:36:10.586486776,T,89.93,100,89.96,100,TGT
2025-10-08,9:36:10.586587670,T,89.93,100,89.99,100,TGT
2025-10-08,9:36:10.586612132,T,89.95,100,89.99,100,TGT
2025-10-08,9:36:10.587168379,T,89.94,100,89.99,100,TGT
2025-10-08,9:36:10.589438771,T,89.94,100,89.99,200,TGT
2025-10-08,9:36:10.589458848,T,89.93,100,89.99,200,TGT
2025-10-08,9:36:10.589789617,T,89.92,100,89.99,200,TGT
2025-10-08,9:36:10.589799651,T,89.93,100,89.99,200,TGT
2025-10-08,9:36:10.589829779,T,89.93,100,89.99,100,TGT
2025-10-08,9:36:10.591072721,T,89.94,100,89.99,100,TGT
2025-10-08,9:36:10.593232800,T,89.93,100,89.99,100,TGT
2025-10-08,9:36:10.683578081,T,89.93,100,90.0,1200,TGT
2025-10-08,9:36:10.687918406,T,89.93,100,90.0,1100,TGT
2025-10-08,9:36:10.700082433,T,89.92,100,90.0,1100,TGT
2025-10-08,9:36:10.783621439,T,89.92,200,90.0,1100,TGT
2025-10-08,9:36:10.783681637,T,89.92,100,90.0,1100,TGT
2025-10-08,9:36:11.284760324,T,89.92,200,90.0,1100,TGT
2025-10-08,9:36:11.513109537,T,89.92,200,90.0,1000,TGT
2025-10-08,9:36:11.513109537,T,89.92,200,90.0,100,TGT
2025-10-08,9:36:11.513129843,T,89.92,200,90.07,200,TGT
2025-10-08,9:36:11.513129843,T,89.97,100,90.07,200,TGT
2025-10-08,9:36:11.513179826,T,89.97,200,90.07,200,TGT
2025-10-08,9:36:11.513364983,T,89.97,100,90.07,200,TGT
2025-10-08,9:36:11.513370102,T,89.97,200,90.07,200,TGT
2025-10-08,9:36:11.513370102,T,89.97,100,90.07,200,TGT
2025-10-08,9:36:11.513370102,T,89.97,200,90.07,200,TGT
2025-10-08,9:36:11.513390035,T,89.97,100,90.07,200,TGT
2025-10-08,9:36:11.513405090,T,89.97,200,90.07,200,TGT
2025-10-08,9:36:11.513986467,T,89.97,300,90.07,200,TGT
2025-10-08,9:36:11.516692959,T,89.97,300,90.1,100,TGT
2025-10-08,9:36:11.520166260,T,89.97,200,90.1,100,TGT
2025-10-08,9:36:11.521183680,T,89.97,100,90.1,100,TGT
2025-10-08,9:36:11.524090554,T,89.95,200,90.1,100,TGT
2025-10-08,9:36:11.524205815,T,89.97,100,90.1,100,TGT
2025-10-08,9:36:11.534605601,T,89.95,200,90.1,100,TGT
2025-10-08,9:36:11.536440054,T,89.95,300,90.1,100,TGT
2025-10-08,9:36:11.565895105,T,89.95,400,90.1,100,TGT
2025-10-08,9:36:11.613192850,T,89.95,300,90.1,100,TGT
2025-10-08,9:36:11.764738963,T,89.95,200,90.1,100,TGT
2025-10-08,9:36:12.090585294,T,89.95,100,90.1,100,TGT
2025-10-08,9:36:12.091311941,T,89.95,100,90.04,100,TGT
2025-10-08,9:36:12.499394227,T,89.95,200,90.04,100,TGT
2025-10-08,9:36:12.499394227,T,89.99,100,90.04,100,TGT
2025-10-08,9:36:12.499399361,T,89.99,200,90.04,100,TGT
2025-10-08,9:36:12.499429315,T,90.0,100,90.04,100,TGT
2025-10-08,9:36:12.506440970,T,89.99,200,90.04,100,TGT
2025-10-08,9:36:12.616172390,T,89.99,100,90.04,100,TGT
2025-10-08,9:36:12.707590267,T,89.99,100,90.13,300,TGT
2025-10-08,9:36:13.269829639,T,89.99,100,90.04,300,TGT
2025-10-08,9:36:13.540359159,T,89.99,100,90.13,300,TGT
2025-10-08,9:36:13.540409314,T,89.99,100,90.08,100,TGT
2025-10-08,9:36:13.540414288,T,89.99,100,90.08,200,TGT
2025-10-08,9:36:13.540414288,T,89.99,100,90.05,100,TGT
2025-10-08,9:36:13.540424398,T,89.99,100,90.04,100,TGT
2025-10-08,9:36:13.547446036,T,89.99,100,90.08,100,TGT
2025-10-08,9:36:13.550448256,T,89.92,100,90.08,100,TGT
2025-10-08,9:36:13.550493302,T,89.91,100,90.08,100,TGT
2025-10-08,9:36:13.550553540,T,89.94,100,90.08,100,TGT
2025-10-08,9:36:13.574550661,T,89.93,100,90.08,100,TGT
2025-10-08,9:36:13.576204607,T,89.93,200,90.08,100,TGT
2025-10-08,9:36:13.607569334,T,89.93,100,90.08,100,TGT
2025-10-08,9:36:13.640477761,T,89.93,100,90.1,100,TGT
2025-10-08,9:36:13.678914387,T,89.92,100,90.1,100,TGT
2025-10-08,9:36:13.678939391,T,89.88,100,90.1,100,TGT
2025-10-08,9:36:13.678989467,T,89.87,100,90.1,100,TGT
2025-10-08,9:36:13.679300239,T,89.92,100,90.1,100,TGT
2025-10-08,9:36:13.740435901,T,89.92,100,90.13,400,TGT
2025-10-08,9:36:13.740856886,T,89.92,200,90.13,400,TGT
2025-10-08,9:36:14.191736125,T,89.92,300,90.13,400,TGT
2025-10-08,9:36:14.193390077,T,89.93,100,90.13,400,TGT
2025-10-08,9:36:14.194372397,T,89.93,200,90.13,400,TGT
2025-10-08,9:36:14.194532772,T,89.93,200,90.04,100,TGT
2025-10-08,9:36:14.579775684,T,89.93,100,90.04,100,TGT
2025-10-08,9:36:14.580442227,T,89.93,200,90.04,100,TGT
2025-10-08,9:36:14.929538984,T,89.93,300,90.04,100,TGT
2025-10-08,9:36:15.130858650,T,89.93,200,90.04,100,TGT
2025-10-08,9:36:15.130858650,T,89.93,300,90.04,100,TGT
2025-10-08,9:36:15.130913741,T,89.93,200,90.04,100,TGT
2025-10-08,9:36:15.365788355,T,89.93,300,90.04,100,TGT
2025-10-08,9:36:17.155011298,T,89.94,100,90.04,100,TGT
2025-10-08,9:36:17.155021032,T,89.94,100,90.13,300,TGT
2025-10-08,9:36:17.155041385,T,89.95,100,90.13,300,TGT
2025-10-08,9:36:17.155046145,T,90.0,100,90.13,300,TGT
2025-10-08,9:36:17.155056285,T,90.0,200,90.13,300,TGT
2025-10-08,9:36:17.155081179,T,90.0,100,90.13,300,TGT
2025-10-08,9:36:17.155176555,T,90.0,200,90.13,300,TGT
2025-10-08,9:36:17.155286730,T,90.01,100,90.13,300,TGT
2025-10-08,9:36:17.156043486,T,90.0,200,90.13,300,TGT
2025-10-08,9:36:17.156153730,T,90.0,300,90.13,300,TGT
2025-10-08,9:36:17.156158781,T,90.01,100,90.13,300,TGT
2025-10-08,9:36:17.156198826,T,90.0,300,90.13,300,TGT
2025-10-08,9:36:17.157627287,T,90.0,300,90.13,100,TGT
2025-10-08,9:36:17.158168517,T,90.01,100,90.13,100,TGT
2025-10-08,9:36:17.177649982,T,90.0,200,90.13,100,TGT
2025-10-08,9:36:17.230054818,T,90.0,100,90.13,100,TGT
2025-10-08,9:36:17.232575965,T,90.02,100,90.13,100,TGT
2025-10-08,9:36:17.233137222,T,90.0,100,90.13,100,TGT
2025-10-08,9:36:17.233337712,T,90.0,200,90.13,100,TGT
2025-10-08,9:36:17.255094456,T,90.0,100,90.13,100,TGT
2025-10-08,9:36:17.255119589,T,89.98,100,90.13,100,TGT
2025-10-08,9:36:17.256858692,T,89.98,200,90.13,100,TGT
2025-10-08,9:36:17.283557356,T,89.98,300,90.13,100,TGT
2025-10-08,9:36:17.355814496,T,89.98,200,90.13,100,TGT
2025-10-08,9:36:17.355834493,T,89.98,300,90.13,100,TGT
2025-10-08,9:36:17.355844491,T,89.99,200,90.13,100,TGT
2025-10-08,9:36:17.356841966,T,89.99,300,90.13,100,TGT
2025-10-08,9:36:17.405337411,T,89.99,400,90.13,100,TGT
2025-10-08,9:36:17.845405928,T,89.99,300,90.13,100,TGT
2025-10-08,9:36:17.948476485,T,89.99,100,90.13,100,TGT
2025-10-08,9:36:18.817562113,T,89.98,100,90.13,100,TGT
2025-10-08,9:36:21.789116745,T,90.01,100,90.13,100,TGT
2025-10-08,9:36:21.789131665,T,90.01,100,90.08,200,TGT
2025-10-08,9:36:21.789146659,T,90.01,100,90.13,100,TGT
2025-10-08,9:36:21.791808014,T,90.01,100,90.08,200,TGT
2025-10-08,9:36:21.791823102,T,90.01,100,90.13,100,TGT
2025-10-08,9:36:22.095110653,T,90.01,100,90.08,200,TGT
2025-10-08,9:36:22.095817346,T,90.01,100,90.13,100,TGT
2025-10-08,9:36:24.149259553,T,90.01,100,90.08,200,TGT
2025-10-08,9:36:24.150091479,T,90.01,100,90.13,100,TGT
2025-10-08,9:36:24.150567734,T,90.01,100,90.08,200,TGT
2025-10-08,9:36:24.764946561,T,90.01,100,90.1,100,TGT
2025-10-08,9:36:25.182601409,T,90.01,100,90.08,200,TGT
2025-10-08,9:36:25.491407107,T,89.96,100,90.08,200,TGT
2025-10-08,9:36:25.491427141,T,89.96,100,90.04,100,TGT
2025-10-08,9:36:25.491432098,T,89.96,100,90.02,100,TGT
2025-10-08,9:36:25.491442133,T,89.94,100,90.02,100,TGT
2025-10-08,9:36:25.491938310,T,89.94,100,90.01,200,TGT
2025-10-08,9:36:25.491943369,T,89.94,100,90.01,300,TGT
2025-10-08,9:36:25.491958391,T,89.94,100,90.01,100,TGT
2025-10-08,9:36:25.492013473,T,89.94,100,90.02,200,TGT
2025-10-08,9:36:25.492755268,T,89.94,100,90.04,100,TGT
2025-10-08,9:36:25.501155313,T,89.94,100,90.07,200,TGT
2025-10-08,9:36:25.501766812,T,89.94,100,90.07,100,TGT
2025-10-08,9:36:25.691433674,T,89.94,100,90.08,300,TGT
2025-10-08,9:36:25.972473226,T,89.92,100,90.08,300,TGT
2025-10-08,9:36:26.690789627,T,89.91,100,90.08,300,TGT
2025-10-08,9:36:26.690789627,T,89.88,100,90.08,300,TGT
2025-10-08,9:36:26.690864845,T,89.87,300,90.08,300,TGT
2025-10-08,9:36:30.348699396,T,89.88,100,90.08,300,TGT
2025-10-08,9:36:34.581453936,T,89.88,100,90.07,100,TGT
2025-10-08,9:36:34.779395516,T,89.87,300,90.07,100,TGT
2025-10-08,9:36:34.884576153,T,89.95,200,90.07,100,TGT
2025-10-08,9:36:37.663882686,T,89.95,200,90.08,300,TGT
2025-10-08,9:36:37.663917696,T,89.95,200,90.08,200,TGT
2025-10-08,9:36:42.527610383,T,89.95,300,90.08,200,TGT
2025-10-08,9:36:42.527730674,T,89.95,300,90.08,300,TGT
2025-10-08,9:36:42.528427333,T,89.95,200,90.08,300,TGT
2025-10-08,9:36:42.538852256,T,89.95,200,90.08,200,TGT
2025-10-08,9:36:42.539193072,T,89.95,300,90.08,200,TGT
2025-10-08,9:36:42.633913705,T,89.95,300,90.13,400,TGT
2025-10-08,9:36:42.720109148,T,89.96,100,90.13,400,TGT
2025-10-08,9:36:42.720109148,T,90.01,100,90.13,400,TGT
2025-10-08,9:36:42.720279472,T,90.01,100,90.07,100,TGT
2025-10-08,9:36:42.720359720,T,90.01,200,90.07,100,TGT
2025-10-08,9:36:42.720434870,T,90.01,200,90.07,400,TGT
2025-10-08,9:36:42.720810820,T,90.01,100,90.07,400,TGT
2025-10-08,9:36:42.721096442,T,90.01,300,90.07,400,TGT
2025-10-08,9:36:42.721296887,T,90.02,200,90.07,400,TGT
2025-10-08,9:36:42.721322031,T,90.01,300,90.07,400,TGT
2025-10-08,9:36:42.725461906,T,90.01,100,90.07,400,TGT
2025-10-08,9:36:42.725902925,T,89.95,200,90.07,400,TGT
2025-10-08,9:36:43.091594623,T,89.95,200,90.07,300,TGT
2025-10-08,9:36:43.091594623,T,89.95,200,90.13,400,TGT
2025-10-08,9:36:43.091615217,T,90.02,100,90.13,400,TGT
2025-10-08,9:36:43.091654412,T,90.02,200,90.13,400,TGT
2025-10-08,9:36:43.091995178,T,90.03,200,90.13,400,TGT
2025-10-08,9:36:43.092005157,T,90.02,200,90.13,400,TGT
2025-10-08,9:36:43.092220980,T,90.02,200,90.13,200,TGT
2025-10-08,9:36:43.093072677,T,90.02,200,90.13,100,TGT
2025-10-08,9:36:43.093097787,T,90.03,200,90.13,100,TGT
2025-10-08,9:36:43.099533163,T,90.02,100,90.13,100,TGT
2025-10-08,9:36:43.117931959,T,90.03,200,90.13,100,TGT
2025-10-08,9:36:43.165410073,T,90.02,100,90.13,100,TGT
2025-10-08,9:36:43.191682633,T,89.97,100,90.13,100,TGT
2025-10-08,9:36:43.192479830,T,89.96,100,90.13,100,TGT
2025-10-08,9:36:43.292557907,T,89.95,300,90.13,100,TGT
2025-10-08,9:36:43.292583022,T,89.95,200,90.13,100,TGT
2025-10-08,9:36:44.775200055,T,89.95,300,90.13,100,TGT
2025-10-08,9:36:44.779395096,T,89.95,200,90.13,100,TGT
2025-10-08,9:36:44.789203421,T,89.96,100,90.13,100,TGT
2025-10-08,9:36:44.951500132,T,89.95,200,90.13,100,TGT
2025-10-08,9:36:45.798091981,T,89.95,300,90.13,100,TGT
2025-10-08,9:36:46.421472229,T,89.95,200,90.13,100,TGT
2025-10-08,9:36:46.910437979,T,90.01,200,90.13,100,TGT
2025-10-08,9:36:46.910482308,T,90.02,100,90.13,100,TGT
2025-10-08,9:36:46.910497311,T,90.05,100,90.13,100,TGT
2025-10-08,9:36:46.910537394,T,90.02,400,90.13,100,TGT
2025-10-08,9:36:46.910612606,T,90.05,100,90.13,100,TGT
2025-10-08,9:36:46.910828117,T,90.05,200,90.13,100,TGT
2025-10-08,9:36:46.910943337,T,90.07,200,90.13,100,TGT
2025-10-08,9:36:46.911329299,T,90.06,100,90.13,100,TGT
2025-10-08,9:36:46.911364451,T,90.02,400,90.13,100,TGT
2025-10-08,9:36:46.911534753,T,90.07,200,90.13,100,TGT
2025-10-08,9:36:46.911545096,T,90.08,100,90.13,100,TGT
2025-10-08,9:36:46.911545096,T,90.08,200,90.13,100,TGT
2025-10-08,9:36:46.911564963,T,90.08,100,90.13,100,TGT
2025-10-08,9:36:46.912602334,T,90.07,100,90.13,100,TGT
2025-10-08,9:36:46.912817838,T,90.08,100,90.13,100,TGT
2025-10-08,9:36:46.912872995,T,90.07,100,90.13,100,TGT
2025-10-08,9:36:46.918581627,T,90.06,100,90.13,100,TGT
2025-10-08,9:36:47.057743098,T,90.06,200,90.13,100,TGT
2025-10-08,9:36:47.057753185,T,90.06,300,90.13,100,TGT
2025-10-08,9:36:47.838548423,T,90.06,300,90.15,200,TGT
2025-10-08,9:36:47.838573438,T,90.06,300,90.15,100,TGT
2025-10-08,9:36:47.838578523,T,90.07,100,90.15,100,TGT
2025-10-08,9:36:47.838593574,T,90.08,100,90.15,100,TGT
2025-10-08,9:36:47.838598484,T,90.1,100,90.15,100,TGT
2025-10-08,9:36:47.838608601,T,90.1,100,90.13,100,TGT
2025-10-08,9:36:47.838628649,T,90.08,100,90.13,100,TGT
2025-10-08,9:36:47.838643665,T,90.08,100,90.15,200,TGT
2025-10-08,9:36:47.838648703,T,90.07,100,90.15,200,TGT
2025-10-08,9:36:47.838663705,T,90.07,100,90.15,100,TGT
2025-10-08,9:36:47.838678707,T,90.08,200,90.15,100,TGT
2025-10-08,9:36:47.838683709,T,90.08,300,90.15,100,TGT
2025-10-08,9:36:47.838698767,T,90.1,100,90.15,100,TGT
2025-10-08,9:36:47.838733899,T,90.08,400,90.15,100,TGT
2025-10-08,9:36:47.840217408,T,90.08,500,90.15,100,TGT
2025-10-08,9:36:47.845715481,T,90.08,400,90.15,100,TGT
2025-10-08,9:36:47.851579499,T,90.08,300,90.15,100,TGT
2025-10-08,9:36:47.851604643,T,90.08,100,90.15,100,TGT
2025-10-08,9:36:47.851639575,T,90.08,200,90.15,100,TGT
2025-10-08,9:36:47.938802273,T,90.08,100,90.15,100,TGT
2025-10-08,9:36:47.939228291,T,90.08,200,90.15,100,TGT
2025-10-08,9:36:48.126003332,T,90.08,100,90.15,100,TGT
2025-10-08,9:36:48.151809733,T,90.06,100,90.15,100,TGT
2025-10-08,9:36:50.377963476,T,90.03,100,90.15,100,TGT
2025-10-08,9:36:50.377993632,T,90.02,100,90.15,100,TGT
2025-10-08,9:36:50.378284279,T,90.04,200,90.15,100,TGT
2025-10-08,9:36:50.378324332,T,90.02,100,90.15,100,TGT
2025-10-08,9:36:50.378845597,T,90.04,100,90.15,100,TGT
2025-10-08,9:36:50.379331732,T,90.02,100,90.15,100,TGT
2025-10-08,9:36:50.380108589,T,90.04,100,90.15,100,TGT
2025-10-08,9:36:50.380594740,T,90.02,100,90.15,100,TGT
2025-10-08,9:36:50.380900549,T,90.04,100,90.15,100,TGT
2025-10-08,9:36:50.381356572,T,90.02,100,90.15,100,TGT
2025-10-08,9:36:50.381682470,T,90.04,100,90.15,100,TGT
2025-10-08,9:36:50.382118425,T,90.02,100,90.15,100,TGT
2025-10-08,9:36:50.382268742,T,90.04,100,90.15,100,TGT
2025-10-08,9:36:50.382890210,T,90.02,100,90.15,100,TGT
2025-10-08,9:36:50.383015547,T,90.04,100,90.15,100,TGT
2025-10-08,9:36:50.383441565,T,90.02,100,90.15,100,TGT
2025-10-08,9:36:50.383692201,T,90.04,100,90.15,100,TGT
2025-10-08,9:36:50.384228437,T,90.02,100,90.15,100,TGT
2025-10-08,9:36:50.384479091,T,90.04,100,90.15,100,TGT
2025-10-08,9:36:50.384970410,T,90.02,100,90.15,100,TGT
2025-10-08,9:36:50.385075471,T,90.04,100,90.15,100,TGT
2025-10-08,9:36:50.385777107,T,90.02,100,90.15,100,TGT
2025-10-08,9:36:50.385892407,T,90.04,100,90.15,100,TGT
2025-10-08,9:36:50.386373523,T,90.02,100,90.15,100,TGT
2025-10-08,9:36:50.386549009,T,90.04,100,90.15,100,TGT
2025-10-08,9:36:50.387165386,T,90.02,100,90.15,100,TGT
2025-10-08,9:36:50.499377813,T,90.02,200,90.15,100,TGT
2025-10-08,9:36:51.137357782,T,90.02,300,90.15,100,TGT
2025-10-08,9:36:51.403171032,T,90.03,100,90.15,100,TGT
2025-10-08,9:36:51.403206298,T,90.05,100,90.15,100,TGT
2025-10-08,9:36:51.404198515,T,90.05,200,90.15,100,TGT
2025-10-08,9:36:51.404619482,T,90.05,300,90.15,100,TGT
2025-10-08,9:36:51.589850748,T,90.05,300,90.2,100,TGT
2025-10-08,9:36:51.589850748,T,90.08,100,90.2,100,TGT
2025-10-08,9:36:51.589870991,T,90.09,100,90.2,100,TGT
2025-10-08,9:36:51.589875873,T,90.11,100,90.2,100,TGT
2025-10-08,9:36:51.589880866,T,90.12,100,90.2,100,TGT
2025-10-08,9:36:51.590061310,T,90.12,100,90.22,100,TGT
2025-10-08,9:36:51.590096366,T,90.12,100,90.25,300,TGT
2025-10-08,9:36:51.590126543,T,90.12,100,90.25,400,TGT
2025-10-08,9:36:51.590216624,T,90.12,200,90.25,400,TGT
2025-10-08,9:36:51.590256769,T,90.13,100,90.25,400,TGT
2025-10-08,9:36:51.590743747,T,90.15,100,90.25,400,TGT
2025-10-08,9:36:51.590752972,T,90.15,100,90.25,300,TGT
2025-10-08,9:36:51.590973445,T,90.15,200,90.25,300,TGT
2025-10-08,9:36:51.590978451,T,90.16,100,90.25,300,TGT
2025-10-08,9:36:51.590983452,T,90.16,200,90.25,300,TGT
2025-10-08,9:36:51.591013579,T,90.17,100,90.25,300,TGT
2025-10-08,9:36:51.591128794,T,90.16,200,90.25,300,TGT
2025-10-08,9:36:51.591655113,T,90.17,100,90.25,300,TGT
2025-10-08,9:36:51.591750360,T,90.16,200,90.25,300,TGT
2025-10-08,9:36:51.591760278,T,90.16,100,90.25,300,TGT
2025-10-08,9:36:51.591905700,T,90.16,100,90.2,100,TGT
2025-10-08,9:36:51.591951080,T,90.16,200,90.2,100,TGT
2025-10-08,9:36:51.592006010,T,90.16,100,90.2,100,TGT
2025-10-08,9:36:51.592537224,T,90.16,100,90.2,200,TGT
2025-10-08,9:36:51.592963242,T,90.16,300,90.2,200,TGT
2025-10-08,9:36:51.592983324,T,90.16,100,90.2,200,TGT
2025-10-08,9:36:51.597203616,T,90.16,100,90.2,100,TGT
2025-10-08,9:36:51.597203616,T,90.16,100,90.22,100,TGT
2025-10-08,9:36:51.597233363,T,90.16,100,90.25,100,TGT
2025-10-08,9:36:51.597233363,T,90.16,200,90.25,100,TGT
2025-10-08,9:36:51.597233363,T,90.16,200,90.25,200,TGT
2025-10-08,9:36:51.597258468,T,90.17,100,90.25,200,TGT
2025-10-08,9:36:51.597263439,T,90.17,100,90.25,100,TGT
2025-10-08,9:36:51.597263439,T,90.16,100,90.25,100,TGT
2025-10-08,9:36:51.597278513,T,90.15,100,90.25,100,TGT
2025-10-08,9:36:51.597288464,T,90.15,100,90.25,200,TGT
2025-10-08,9:36:51.602551053,T,90.15,100,90.25,100,TGT
2025-10-08,9:36:51.655587398,T,90.14,100,90.25,100,TGT
2025-10-08,9:36:51.679719917,T,90.14,100,90.2,100,TGT
2025-10-08,9:36:51.679749978,T,90.13,200,90.2,100,TGT
2025-10-08,9:36:51.679775034,T,90.13,100,90.2,100,TGT
2025-10-08,9:36:51.725644326,T,90.09,100,90.2,100,TGT
2025-10-08,9:36:51.726646688,T,90.09,200,90.2,100,TGT
2025-10-08,9:36:51.731748849,T,90.09,200,90.19,100,TGT
2025-10-08,9:36:51.731778857,T,90.12,100,90.19,100,TGT
2025-10-08,9:36:52.322887191,T,90.12,200,90.19,100,TGT
2025-10-08,9:36:53.689743862,T,90.12,100,90.19,100,TGT
2025-10-08,9:36:54.127196060,T,90.12,100,90.2,100,TGT
2025-10-08,9:36:54.127206042,T,90.13,100,90.2,100,TGT
2025-10-08,9:36:54.127221135,T,90.16,100,90.2,100,TGT
2025-10-08,9:36:54.127226188,T,90.16,200,90.2,100,TGT
2025-10-08,9:36:54.128063153,T,90.16,300,90.2,100,TGT
2025-10-08,9:36:54.132147840,T,90.16,300,90.2,200,TGT
2025-10-08,9:36:54.134232776,T,90.16,200,90.2,200,TGT
2025-10-08,9:36:54.138192230,T,90.16,300,90.2,200,TGT
2025-10-08,9:36:54.227224346,T,90.16,200,90.2,200,TGT
2025-10-08,9:36:54.310131850,T,90.16,200,90.2,100,TGT
2025-10-08,9:36:54.934930550,T,90.19,2000,90.2,100,TGT
2025-10-08,9:36:54.934955366,T,90.19,2000,90.21,100,TGT
2025-10-08,9:36:54.934970433,T,90.19,2000,90.25,100,TGT
2025-10-08,9:36:54.934990470,T,90.2,100,90.25,100,TGT
2025-10-08,9:36:54.935030591,T,90.21,100,90.25,100,TGT
2025-10-08,9:36:54.935436552,T,90.22,100,90.25,100,TGT
2025-10-08,9:36:54.935767364,T,90.21,100,90.25,100,TGT
2025-10-08,9:36:54.935827689,T,90.21,100,90.22,100,TGT
2025-10-08,9:36:54.936905053,T,90.21,100,90.25,100,TGT
2025-10-08,9:36:54.945846407,T,90.2,100,90.25,100,TGT
2025-10-08,9:36:54.956416538,T,90.19,2000,90.25,100,TGT
2025-10-08,9:36:55.070438246,T,90.19,2000,90.25,200,TGT
2025-10-08,9:36:55.070443222,T,90.19,2000,90.25,100,TGT
2025-10-08,9:36:56.760900662,T,90.19,2100,90.25,100,TGT
2025-10-08,9:36:56.760920969,T,90.19,2100,90.28,3300,TGT
2025-10-08,9:36:56.760920969,T,90.2,100,90.28,3300,TGT
2025-10-08,9:36:56.760925785,T,90.2,200,90.28,3300,TGT
2025-10-08,9:36:56.760925785,T,90.21,100,90.28,3300,TGT
2025-10-08,9:36:56.760940775,T,90.23,100,90.28,3300,TGT
2025-10-08,9:36:56.760945810,T,90.23,200,90.28,3300,TGT
2025-10-08,9:36:56.761497133,T,90.23,100,90.28,3300,TGT
2025-10-08,9:36:56.762364178,T,90.21,100,90.28,3300,TGT
2025-10-08,9:36:56.762384209,T,90.2,100,90.28,3300,TGT
2025-10-08,9:36:56.765115762,T,90.21,200,90.28,3300,TGT
2025-10-08,9:36:56.769045041,T,90.2,100,90.28,3300,TGT
2025-10-08,9:36:56.769060131,T,90.19,2100,90.28,3300,TGT
2025-10-08,9:36:56.769125237,T,90.19,2000,90.28,3300,TGT
2025-10-08,9:36:59.526965681,T,90.19,2100,90.28,3300,TGT
2025-10-08,9:36:59.623495728,T,90.2,100,90.28,3300,TGT
2025-10-08,9:36:59.623500722,T,90.2,100,90.33,500,TGT
2025-10-08,9:36:59.623525756,T,90.24,100,90.33,500,TGT
2025-10-08,9:36:59.623535757,T,90.24,200,90.33,500,TGT
2025-10-08,9:36:59.623566151,T,90.24,100,90.33,500,TGT
2025-10-08,9:36:59.623580843,T,90.24,200,90.33,500,TGT
2025-10-08,9:36:59.623781369,T,90.26,100,90.33,500,TGT
2025-10-08,9:36:59.624322658,T,90.24,200,90.33,500,TGT
2025-10-08,9:36:59.624493054,T,90.25,100,90.33,500,TGT
2025-10-08,9:36:59.624548452,T,90.27,100,90.33,500,TGT
2025-10-08,9:36:59.624618297,T,90.27,100,90.29,100,TGT
2025-10-08,9:36:59.624643385,T,90.27,100,90.33,500,TGT
2025-10-08,9:36:59.634491873,T,90.25,100,90.33,500,TGT
2025-10-08,9:36:59.634516927,T,90.24,200,90.33,500,TGT
2025-10-08,9:36:59.635554458,T,90.24,300,90.33,500,TGT
2025-10-08,9:36:59.723734494,T,90.24,200,90.33,500,TGT
2025-10-08,9:36:59.724115375,T,90.25,100,90.33,500,TGT
2025-10-08,9:36:59.779417207,T,90.24,100,90.33,500,TGT
2025-10-08,9:36:59.779642642,T,90.25,100,90.33,500,TGT
2025-10-08,9:36:59.779652735,T,90.25,200,90.33,500,TGT
2025-10-08,9:36:59.814616008,T,90.25,100,90.33,500,TGT
2025-10-08,9:36:59.814625988,T,90.24,100,90.33,500,TGT
2025-10-08,9:36:59.815698587,T,90.24,200,90.33,500,TGT
2025-10-08,9:36:59.815708600,T,90.24,300,90.33,500,TGT
2025-10-08,9:36:59.860354953,T,90.24,200,90.33,500,TGT
2025-10-08,9:36:59.860796026,T,90.24,100,90.33,500,TGT
2025-10-08,9:36:59.873997485,T,90.22,100,90.33,500,TGT
2025-10-08,9:36:59.874989813,T,90.22,200,90.33,500,TGT
2025-10-08,9:36:59.874999937,T,90.22,300,90.33,500,TGT
2025-10-08,9:37:00.037407192,T,90.29,100,90.33,500,TGT
2025-10-08,9:37:00.037867919,T,90.29,300,90.33,500,TGT
2025-10-08,9:37:00.037887951,T,90.29,100,90.33,500,TGT
2025-10-08,9:37:00.038018243,T,90.3,100,90.33,500,TGT
2025-10-08,9:37:00.038464371,T,90.24,100,90.33,500,TGT
2025-10-08,9:37:00.038885366,T,90.24,200,90.33,500,TGT
2025-10-08,9:37:00.045029941,T,90.28,200,90.33,500,TGT
2025-10-08,9:37:00.045460955,T,90.26,100,90.33,500,TGT
2025-10-08,9:37:00.045486017,T,90.28,100,90.33,500,TGT
2025-10-08,9:37:00.056492252,T,90.24,100,90.33,500,TGT
2025-10-08,9:37:00.058582242,T,90.27,100,90.33,500,TGT
2025-10-08,9:37:00.058617320,T,90.28,100,90.33,500,TGT
2025-10-08,9:37:00.059048437,T,90.28,200,90.33,500,TGT
2025-10-08,9:37:00.059063408,T,90.28,300,90.33,500,TGT
2025-10-08,9:37:00.060632097,T,90.28,200,90.33,500,TGT
2025-10-08,9:37:00.071257492,T,90.28,100,90.33,500,TGT
2025-10-08,9:37:03.179582996,T,90.28,100,90.33,300,TGT
2025-10-08,9:37:03.179582996,T,90.28,100,90.33,200,TGT
2025-10-08,9:37:03.179603020,T,90.28,100,90.38,100,TGT
2025-10-08,9:37:03.179603020,T,90.29,100,90.38,100,TGT
2025-10-08,9:37:03.179623051,T,90.31,100,90.38,100,TGT
2025-10-08,9:37:03.179623051,T,90.31,200,90.38,100,TGT
2025-10-08,9:37:03.179628096,T,90.31,300,90.38,100,TGT
2025-10-08,9:37:03.179858676,T,90.31,300,90.39,100,TGT
2025-10-08,9:37:03.179863714,T,90.31,300,90.4,300,TGT
2025-10-08,9:37:03.179893735,T,90.31,300,90.4,400,TGT
2025-10-08,9:37:03.180179387,T,90.31,200,90.4,400,TGT
2025-10-08,9:37:03.180404918,T,90.31,200,90.35,100,TGT
2025-10-08,9:37:03.180490145,T,90.31,300,90.35,100,TGT
2025-10-08,9:37:03.191100391,T,90.31,400,90.35,100,TGT
2025-10-08,9:37:03.281215062,T,90.31,300,90.35,100,TGT
2025-10-08,9:37:04.038870318,T,90.31,300,90.4,400,TGT
2025-10-08,9:37:04.038890383,T,90.32,100,90.4,400,TGT
2025-10-08,9:37:04.038895307,T,90.33,100,90.4,400,TGT
2025-10-08,9:37:04.038955527,T,90.33,100,90.4,300,TGT
2025-10-08,9:37:04.039441633,T,90.32,100,90.4,300,TGT
2025-10-08,9:37:04.039808432,T,90.32,200,90.4,300,TGT
2025-10-08,9:37:04.039808432,T,90.33,100,90.4,300,TGT
2025-10-08,9:37:04.039808432,T,90.33,200,90.4,300,TGT
2025-10-08,9:37:04.039812537,T,90.33,300,90.4,300,TGT
2025-10-08,9:37:04.039812537,T,90.34,100,90.4,300,TGT
2025-10-08,9:37:04.039847645,T,90.33,400,90.4,300,TGT
2025-10-08,9:37:04.039877699,T,90.34,100,90.4,300,TGT
2025-10-08,9:37:04.039877699,T,90.34,300,90.4,300,TGT
2025-10-08,9:37:04.039912767,T,90.34,200,90.4,300,TGT
2025-10-08,9:37:04.039937892,T,90.35,200,90.4,300,TGT
2025-10-08,9:37:04.039952870,T,90.33,400,90.4,300,TGT
2025-10-08,9:37:04.040228507,T,90.33,500,90.4,300,TGT
2025-10-08,9:37:04.040840052,T,90.35,100,90.4,300,TGT
2025-10-08,9:37:04.040845153,T,90.35,200,90.4,300,TGT
2025-10-08,9:37:04.040845153,T,90.36,100,90.4,300,TGT
2025-10-08,9:37:04.040865020,T,90.35,200,90.4,300,TGT
2025-10-08,9:37:04.041922847,T,90.37,100,90.4,300,TGT
2025-10-08,9:37:04.043050227,T,90.36,100,90.4,300,TGT
2025-10-08,9:37:04.047876719,T,90.35,100,90.4,300,TGT
2025-10-08,9:37:04.052197004,T,90.35,200,90.4,300,TGT
2025-10-08,9:37:04.054838344,T,90.35,100,90.4,300,TGT
2025-10-08,9:37:04.055234240,T,90.35,200,90.4,300,TGT
2025-10-08,9:37:04.094212182,T,90.35,200,90.41,700,TGT
2025-10-08,9:37:04.117828436,T,90.36,200,90.41,700,TGT
2025-10-08,9:37:04.119592558,T,90.36,300,90.41,700,TGT
2025-10-08,9:37:04.124384052,T,90.36,100,90.41,700,TGT
2025-10-08,9:37:04.381376228,T,90.36,200,90.41,700,TGT
2025-10-08,9:37:04.487684469,T,90.36,200,90.4,100,TGT
2025-10-08,9:37:04.656301125,T,90.36,100,90.4,100,TGT
2025-10-08,9:37:05.335394661,T,90.36,100,90.41,700,TGT
2025-10-08,9:37:05.335414447,T,90.37,100,90.41,700,TGT
2025-10-08,9:37:05.335419093,T,90.38,100,90.41,700,TGT
2025-10-08,9:37:05.335424196,T,90.38,200,90.41,700,TGT
2025-10-08,9:37:05.335459259,T,90.38,400,90.41,700,TGT
2025-10-08,9:37:05.335494318,T,90.38,200,90.41,700,TGT
2025-10-08,9:37:05.335534353,T,90.38,200,90.41,100,TGT
2025-10-08,9:37:05.335534353,T,90.38,200,90.45,100,TGT
2025-10-08,9:37:05.335534353,T,90.38,700,90.45,100,TGT
2025-10-08,9:37:05.335539429,T,90.38,200,90.45,100,TGT
2025-10-08,9:37:05.335554409,T,90.39,100,90.45,100,TGT
2025-10-08,9:37:05.335589573,T,90.39,300,90.45,100,TGT
2025-10-08,9:37:05.335649655,T,90.39,100,90.45,100,TGT
2025-10-08,9:37:05.336236094,T,90.39,100,90.41,100,TGT
2025-10-08,9:37:05.336256385,T,90.39,100,90.45,100,TGT
2025-10-08,9:37:05.336276216,T,90.4,100,90.45,100,TGT
2025-10-08,9:37:05.336326240,T,90.41,100,90.45,100,TGT
2025-10-08,9:37:05.336371441,T,90.41,100,90.42,100,TGT
2025-10-08,9:37:05.336627031,T,90.39,100,90.42,100,TGT
2025-10-08,9:37:05.336692150,T,90.4,100,90.42,100,TGT
2025-10-08,9:37:05.337038028,T,90.4,100,90.42,200,TGT
2025-10-08,9:37:05.337088140,T,90.4,100,90.41,200,TGT
2025-10-08,9:37:05.337303798,T,90.4,200,90.41,200,TGT
2025-10-08,9:37:05.337534209,T,90.4,100,90.41,200,TGT
2025-10-08,9:37:05.337534209,T,90.39,100,90.41,200,TGT
2025-10-08,9:37:05.337594309,T,90.39,100,90.42,100,TGT
2025-10-08,9:37:05.337614350,T,90.41,100,90.42,100,TGT
2025-10-08,9:37:05.337664423,T,90.39,100,90.42,100,TGT
2025-10-08,9:37:05.337935126,T,90.4,100,90.42,100,TGT
2025-10-08,9:37:05.337935126,T,90.4,200,90.42,100,TGT
2025-10-08,9:37:05.337985296,T,90.41,100,90.42,100,TGT
2025-10-08,9:37:05.338396242,T,90.4,200,90.42,100,TGT
2025-10-08,9:37:05.338496459,T,90.4,100,90.42,100,TGT
2025-10-08,9:37:05.338526561,T,90.39,100,90.42,100,TGT
2025-10-08,9:37:05.339047729,T,90.4,300,90.42,100,TGT
2025-10-08,9:37:05.341222903,T,90.4,400,90.42,100,TGT
2025-10-08,9:37:05.341338236,T,90.41,100,90.42,100,TGT
2025-10-08,9:37:05.349086741,T,90.41,200,90.42,100,TGT
2025-10-08,9:37:05.349101770,T,90.41,300,90.42,100,TGT
2025-10-08,9:37:05.814801220,T,90.41,300,90.45,100,TGT
2025-10-08,9:37:05.814816338,T,90.41,400,90.45,100,TGT
2025-10-08,9:37:05.815272362,T,90.42,100,90.45,100,TGT
2025-10-08,9:37:05.815608219,T,90.42,100,90.44,100,TGT
2025-10-08,9:37:05.816189573,T,90.42,200,90.44,100,TGT
2025-10-08,9:37:05.816199620,T,90.42,300,90.44,100,TGT
2025-10-08,9:37:07.244597680,T,90.42,200,90.44,100,TGT
2025-10-08,9:37:07.245469857,T,90.43,100,90.44,100,TGT
2025-10-08,9:37:07.250206106,T,90.43,200,90.44,100,TGT
2025-10-08,9:37:07.250211146,T,90.43,100,90.44,100,TGT
2025-10-08,9:37:07.634010484,T,90.43,200,90.44,100,TGT
2025-10-08,9:37:10.140482034,T,90.43,200,90.45,100,TGT
2025-10-08,9:37:10.140542193,T,90.43,300,90.45,100,TGT
2025-10-08,9:37:10.141148652,T,90.44,100,90.45,100,TGT
2025-10-08,9:37:10.141594659,T,90.43,200,90.45,100,TGT
2025-10-08,9:37:10.141704972,T,90.43,100,90.45,100,TGT
2025-10-08,9:37:10.141715040,T,90.4,300,90.45,100,TGT
2025-10-08,9:37:11.844171283,T,90.4,300,90.45,1100,TGT
2025-10-08,9:37:12.403092852,T,90.4,300,90.45,1200,TGT
2025-10-08,9:37:12.403142946,T,90.4,300,90.45,1100,TGT
2025-10-08,9:37:12.403323342,T,90.4,400,90.45,1100,TGT
2025-10-08,9:37:12.403549037,T,90.4,100,90.45,1100,TGT
2025-10-08,9:37:12.403573932,T,90.35,100,90.45,1100,TGT
2025-10-08,9:37:12.403573932,T,90.35,100,90.45,1200,TGT
2025-10-08,9:37:12.403578959,T,90.34,100,90.45,1200,TGT
2025-10-08,9:37:12.403594055,T,90.34,100,90.44,100,TGT
2025-10-08,9:37:12.403594055,T,90.34,100,90.43,100,TGT
2025-10-08,9:37:12.403599034,T,90.34,100,90.42,100,TGT
2025-10-08,9:37:12.403599034,T,90.34,100,90.4,100,TGT
2025-10-08,9:37:12.404150333,T,90.34,100,90.42,100,TGT
2025-10-08,9:37:12.404210445,T,90.32,100,90.42,100,TGT
2025-10-08,9:37:12.404350852,T,90.32,100,90.41,100,TGT
2025-10-08,9:37:15.690960927,T,90.32,200,90.41,100,TGT
2025-10-08,9:37:15.690970862,T,90.32,100,90.41,100,TGT
2025-10-08,9:37:15.690985909,T,90.32,100,90.45,1100,TGT
2025-10-08,9:37:15.691006054,T,90.34,100,90.45,1100,TGT
2025-10-08,9:37:15.691011057,T,90.38,100,90.45,1100,TGT
2025-10-08,9:37:15.691016027,T,90.41,100,90.45,1100,TGT
2025-10-08,9:37:15.691567367,T,90.38,200,90.45,1100,TGT
2025-10-08,9:37:15.691567367,T,90.38,100,90.45,1100,TGT
2025-10-08,9:37:15.691768140,T,90.38,200,90.45,1100,TGT
2025-10-08,9:37:15.701435922,T,90.38,100,90.45,1100,TGT
2025-10-08,9:37:15.772650485,T,90.36,200,90.45,1100,TGT
2025-10-08,9:37:15.772876057,T,90.38,100,90.45,1100,TGT
2025-10-08,9:37:16.303770818,T,90.38,200,90.45,1100,TGT
2025-10-08,9:37:16.624725477,T,90.38,300,90.45,1100,TGT
2025-10-08,9:37:16.624745536,T,90.39,100,90.45,1100,TGT
2025-10-08,9:37:16.624840836,T,90.4,100,90.45,1100,TGT
2025-10-08,9:37:16.624845735,T,90.4,300,90.45,1100,TGT
2025-10-08,9:37:16.624916181,T,90.4,100,90.45,1100,TGT
2025-10-08,9:37:16.624956082,T,90.4,200,90.45,1100,TGT
2025-10-08,9:37:16.625121644,T,90.4,200,90.45,1000,TGT
2025-10-08,9:37:16.625126405,T,90.4,200,90.48,300,TGT
2025-10-08,9:37:16.625146459,T,90.45,100,90.48,300,TGT
2025-10-08,9:37:16.625311881,T,90.46,100,90.48,300,TGT
2025-10-08,9:37:16.625341917,T,90.45,100,90.48,300,TGT
2025-10-08,9:37:16.625377023,T,90.43,200,90.48,300,TGT
2025-10-08,9:37:16.625417402,T,90.43,200,90.47,100,TGT
2025-10-08,9:37:16.625427161,T,90.43,200,90.48,300,TGT
2025-10-08,9:37:16.625452210,T,90.43,200,90.46,100,TGT
2025-10-08,9:37:16.625702814,T,90.43,100,90.46,100,TGT
2025-10-08,9:37:16.625743289,T,90.43,100,90.48,300,TGT
2025-10-08,9:37:16.625763527,T,90.43,100,90.45,100,TGT
2025-10-08,9:37:16.625773038,T,90.44,100,90.45,100,TGT
2025-10-08,9:37:16.625838321,T,90.43,100,90.45,100,TGT
2025-10-08,9:37:16.626955834,T,90.43,100,90.48,300,TGT
2025-10-08,9:37:16.626975831,T,90.44,100,90.48,300,TGT
2025-10-08,9:37:16.626975831,T,90.44,200,90.48,300,TGT
2025-10-08,9:37:16.627532149,T,90.44,100,90.48,300,TGT
2025-10-08,9:37:16.627622429,T,90.43,300,90.48,300,TGT
2025-10-08,9:37:16.627873009,T,90.43,200,90.48,300,TGT
2025-10-08,9:37:16.776191330,T,90.43,100,90.48,300,TGT
2025-10-08,9:37:16.776221538,T,90.39,100,90.48,300,TGT
2025-10-08,9:37:16.776642412,T,90.39,200,90.48,300,TGT
2025-10-08,9:37:16.884268835,T,90.39,100,90.48,300,TGT
2025-10-08,9:37:17.290632047,T,90.39,200,90.48,300,TGT
2025-10-08,9:37:17.290642074,T,90.4,100,90.48,300,TGT
2025-10-08,9:37:17.290692189,T,90.42,100,90.48,300,TGT
2025-10-08,9:37:17.290872632,T,90.43,100,90.48,300,TGT
2025-10-08,9:37:17.291428930,T,90.42,100,90.48,300,TGT
2025-10-08,9:37:17.291448980,T,90.4,100,90.48,300,TGT
2025-10-08,9:37:17.291489030,T,90.4,200,90.48,300,TGT
2025-10-08,9:37:17.292250910,T,90.4,300,90.48,300,TGT
2025-10-08,9:37:17.302435179,T,90.4,200,90.48,300,TGT
2025-10-08,9:37:17.304239392,T,90.4,100,90.48,300,TGT
2025-10-08,9:37:17.304274500,T,90.4,200,90.48,300,TGT
2025-10-08,9:37:17.879745681,T,90.4,100,90.48,300,TGT
2025-10-08,9:37:17.880357195,T,90.38,100,90.48,300,TGT
2025-10-08,9:37:17.880387257,T,90.37,100,90.48,300,TGT
2025-10-08,9:37:19.983182043,T,90.38,100,90.48,300,TGT
2025-10-08,9:37:20.465175355,T,90.39,100,90.48,300,TGT
2025-10-08,9:37:20.465200330,T,90.4,200,90.48,300,TGT
2025-10-08,9:37:20.465205387,T,90.4,300,90.48,300,TGT
2025-10-08,9:37:20.465255791,T,90.41,200,90.48,300,TGT
2025-10-08,9:37:20.465335680,T,90.4,400,90.48,300,TGT
2025-10-08,9:37:20.465350770,T,90.4,200,90.48,300,TGT
2025-10-08,9:37:20.465395835,T,90.41,100,90.48,300,TGT
2025-10-08,9:37:20.466127536,T,90.41,200,90.48,300,TGT
2025-10-08,9:37:20.467636233,T,90.42,100,90.48,300,TGT
2025-10-08,9:37:20.514026661,T,90.4,200,90.48,300,TGT
2025-10-08,9:37:20.515039118,T,90.4,300,90.48,300,TGT
2025-10-08,9:37:23.068292268,T,90.4,200,90.48,300,TGT
2025-10-08,9:37:23.887960089,T,90.4,100,90.48,300,TGT
2025-10-08,9:37:23.888611630,T,90.4,100,90.48,400,TGT
2025-10-08,9:37:23.888616647,T,90.4,100,90.46,100,TGT
2025-10-08,9:37:23.888616647,T,90.4,100,90.46,200,TGT
2025-10-08,9:37:23.888621605,T,90.4,100,90.45,100,TGT
2025-10-08,9:37:23.888626582,T,90.39,100,90.45,100,TGT
2025-10-08,9:37:23.888626582,T,90.38,100,90.45,100,TGT
2025-10-08,9:37:23.888656641,T,90.38,100,90.46,200,TGT
2025-10-08,9:37:23.888661763,T,90.37,100,90.46,200,TGT
2025-10-08,9:37:23.889458560,T,90.35,100,90.46,200,TGT
2025-10-08,9:37:23.889729229,T,90.35,100,90.46,100,TGT
2025-10-08,9:37:23.895648356,T,90.35,100,90.47,100,TGT
2025-10-08,9:37:23.895678408,T,90.34,100,90.47,100,TGT
2025-10-08,9:37:23.898835941,T,90.34,100,90.48,400,TGT
2025-10-08,9:37:24.102080147,T,90.34,100,90.47,100,TGT
2025-10-08,9:37:24.102090165,T,90.34,100,90.45,100,TGT
2025-10-08,9:37:24.102090165,T,90.34,100,90.43,100,TGT
2025-10-08,9:37:24.102120219,T,90.33,100,90.43,100,TGT
2025-10-08,9:37:24.102140267,T,90.33,100,90.45,400,TGT
2025-10-08,9:37:24.102300655,T,90.33,100,90.43,100,TGT
2025-10-08,9:37:24.102360870,T,90.32,100,90.43,100,TGT
2025-10-08,9:37:24.102576316,T,90.32,100,90.43,200,TGT
2025-10-08,9:37:24.102732022,T,90.32,100,90.43,100,TGT
2025-10-08,9:37:24.110805970,T,90.32,100,90.45,200,TGT
2025-10-08,9:37:24.202764998,T,90.32,100,90.45,100,TGT
2025-10-08,9:37:24.303329564,T,90.32,100,90.46,300,TGT
2025-10-08,9:37:24.535357357,T,90.34,100,90.46,300,TGT
2025-10-08,9:37:24.535412538,T,90.37,100,90.46,300,TGT
2025-10-08,9:37:24.535968825,T,90.34,100,90.46,300,TGT
2025-10-08,9:37:24.536033981,T,90.33,100,90.46,300,TGT
2025-10-08,9:37:24.536074108,T,90.32,100,90.46,300,TGT
2025-10-08,9:37:24.536730603,T,90.34,100,90.46,300,TGT
2025-10-08,9:37:24.546093008,T,90.34,100,90.46,200,TGT
2025-10-08,9:37:24.693594448,T,90.32,100,90.46,200,TGT
2025-10-08,9:37:24.943545030,T,90.32,100,90.48,300,TGT
2025-10-08,9:37:24.989379285,T,90.32,100,90.4,100,TGT
2025-10-08,9:37:24.989454391,T,90.33,100,90.4,100,TGT
2025-10-08,9:37:25.137321716,T,90.32,100,90.4,100,TGT
2025-10-08,9:37:25.137341838,T,90.31,100,90.4,100,TGT
2025-10-08,9:37:25.186318480,T,90.31,100,90.4,200,TGT
2025-10-08,9:37:25.217798523,T,90.31,100,90.4,100,TGT
2025-10-08,9:37:25.217828474,T,90.32,100,90.4,100,TGT
2025-10-08,9:37:25.341072150,T,90.32,200,90.4,100,TGT
2025-10-08,9:37:25.341302700,T,90.32,300,90.4,100,TGT
2025-10-08,9:37:25.434835470,T,90.32,200,90.4,100,TGT
2025-10-08,9:37:25.830578348,T,90.32,200,90.4,200,TGT
2025-10-08,9:37:26.310456887,T,90.33,100,90.4,200,TGT
2025-10-08,9:37:26.310481930,T,90.33,100,90.4,100,TGT
2025-10-08,9:37:26.310481930,T,90.33,100,90.48,300,TGT
2025-10-08,9:37:26.310481930,T,90.34,100,90.48,300,TGT
2025-10-08,9:37:26.310506800,T,90.37,100,90.48,300,TGT
2025-10-08,9:37:26.310506800,T,90.39,100,90.48,300,TGT
2025-10-08,9:37:26.310687098,T,90.4,100,90.48,300,TGT
2025-10-08,9:37:26.311058007,T,90.37,200,90.48,300,TGT
2025-10-08,9:37:26.311068041,T,90.4,100,90.48,300,TGT
2025-10-08,9:37:27.718385876,T,90.4,100,90.44,100,TGT
2025-10-08,9:37:29.907556437,T,90.4,200,90.44,100,TGT
2025-10-08,9:37:30.814767904,T,90.4,100,90.44,100,TGT
2025-10-08,9:37:31.329033083,T,90.4,100,90.48,300,TGT
2025-10-08,9:37:31.329053150,T,90.44,100,90.48,300,TGT
2025-10-08,9:37:31.329293728,T,90.42,200,90.48,300,TGT
2025-10-08,9:37:31.329318835,T,90.42,200,90.48,400,TGT
2025-10-08,9:37:31.329318835,T,90.42,100,90.48,400,TGT
2025-10-08,9:37:31.329323784,T,90.42,100,90.46,100,TGT
2025-10-08,9:37:31.329609478,T,90.41,300,90.46,100,TGT
2025-10-08,9:37:31.329744791,T,90.42,200,90.46,100,TGT
2025-10-08,9:37:31.329764833,T,90.42,200,90.48,400,TGT
2025-10-08,9:37:31.329814955,T,90.41,300,90.48,400,TGT
2025-10-08,9:37:31.340204779,T,90.41,200,90.48,400,TGT
2025-10-08,9:37:31.340224803,T,90.41,200,90.48,300,TGT
2025-10-08,9:37:31.358959450,T,90.41,300,90.48,300,TGT
2025-10-08,9:37:31.358989487,T,90.41,200,90.48,300,TGT
2025-10-08,9:37:31.359139858,T,90.45,200,90.48,300,TGT
2025-10-08,9:37:31.359149817,T,90.41,200,90.48,300,TGT
2025-10-08,9:37:31.359169939,T,90.41,100,90.48,300,TGT
2025-10-08,9:37:31.359205077,T,90.41,100,90.46,100,TGT
2025-10-08,9:37:31.359921692,T,90.41,100,90.48,300,TGT
2025-10-08,9:37:31.359981829,T,90.4,100,90.48,300,TGT
2025-10-08,9:37:31.360372791,T,90.41,100,90.48,300,TGT
2025-10-08,9:37:31.741841656,T,90.41,100,90.45,100,TGT
2025-10-08,9:37:32.540073458,T,90.41,100,90.45,200,TGT
2025-10-08,9:37:32.583496832,T,90.39,100,90.45,200,TGT
2025-10-08,9:37:32.583812597,T,90.34,100,90.45,200,TGT
2025-10-08,9:37:32.665086300,T,90.33,100,90.45,200,TGT
2025-10-08,9:37:32.665291697,T,90.33,100,90.45,300,TGT
2025-10-08,9:37:32.665346874,T,90.33,100,90.44,100,TGT
2025-10-08,9:37:32.665382210,T,90.33,100,90.44,300,TGT
2025-10-08,9:37:32.665452139,T,90.33,100,90.43,200,TGT
2025-10-08,9:37:32.665943316,T,90.33,100,90.4,100,TGT
2025-10-08,9:37:33.550550848,T,90.32,100,90.4,100,TGT
2025-10-08,9:37:33.550555789,T,90.31,100,90.4,100,TGT
2025-10-08,9:37:33.550861803,T,90.3,100,90.4,100,TGT
2025-10-08,9:37:33.551037018,T,90.33,100,90.4,100,TGT
2025-10-08,9:37:36.261028479,T,90.34,100,90.4,100,TGT
2025-10-08,9:37:36.261063585,T,90.33,100,90.4,100,TGT
2025-10-08,9:37:36.261073546,T,90.34,100,90.4,100,TGT
2025-10-08,9:37:36.261088805,T,90.29,100,90.4,100,TGT
2025-10-08,9:37:36.261093685,T,90.29,100,90.39,100,TGT
2025-10-08,9:37:36.261188907,T,90.28,100,90.39,100,TGT
2025-10-08,9:37:36.261444461,T,90.27,100,90.39,100,TGT
2025-10-08,9:37:36.261895592,T,90.26,200,90.39,100,TGT
2025-10-08,9:37:36.261925684,T,90.26,300,90.39,100,TGT
2025-10-08,9:37:36.262471972,T,90.26,100,90.39,100,TGT
2025-10-08,9:37:36.262502011,T,90.24,100,90.39,100,TGT
2025-10-08,9:37:36.268120365,T,90.24,100,90.4,100,TGT
2025-10-08,9:37:36.274039495,T,90.24,100,90.39,200,TGT
2025-10-08,9:37:36.274074617,T,90.22,100,90.39,200,TGT
2025-10-08,9:37:36.274094589,T,90.22,100,90.38,200,TGT
2025-10-08,9:37:36.807510467,T,90.22,100,90.44,100,TGT
2025-10-08,9:37:37.642133865,T,90.22,200,90.44,100,TGT
2025-10-08,9:37:37.642133865,T,90.24,100,90.44,100,TGT
2025-10-08,9:37:38.046356863,T,90.27,100,90.44,100,TGT
2025-10-08,9:37:38.046372288,T,90.3,100,90.44,100,TGT
2025-10-08,9:37:38.046372288,T,90.31,100,90.44,100,TGT
2025-10-08,9:37:38.047294091,T,90.31,100,90.4,100,TGT
2025-10-08,9:37:38.065893505,T,90.32,100,90.4,100,TGT
2025-10-08,9:37:38.371611803,T,90.31,100,90.4,100,TGT
2025-10-08,9:37:38.376443297,T,90.28,100,90.4,100,TGT
