DATE,TIME_M,EX,BID,BIDSIZ,ASK,ASKSIZ,SYM_ROOT
2025-12-10,9:30:00.447085894,T,92.45,100,94.0,1100,TGT
2025-12-10,9:30:00.727063020,T,92.86,100,94.0,1100,TGT
2025-12-10,9:30:00.737061634,T,92.45,100,94.0,1100,TGT
2025-12-10,9:30:00.793766813,T,92.86,100,94.0,1100,TGT
2025-12-10,9:30:00.793772168,T,92.45,100,94.0,1100,TGT
2025-12-10,9:30:00.794247883,T,92.97,100,94.0,1100,TGT
2025-12-10,9:30:00.794779238,T,92.45,100,94.0,1100,TGT
2025-12-10,9:30:00.795666325,T,92.97,100,94.0,1100,TGT
2025-12-10,9:30:01.054964061,T,92.45,100,94.0,1100,TGT
2025-12-10,9:30:01.055344952,T,92.86,100,94.0,1100,TGT
2025-12-10,9:30:01.055956427,T,92.97,100,94.0,1100,TGT
2025-12-10,9:30:01.081457173,T,92.86,100,94.0,1100,TGT
2025-12-10,9:30:01.082178944,T,92.86,100,94.0,1200,TGT
2025-12-10,9:30:01.128809997,T,93.0,100,94.0,1200,TGT
2025-12-10,9:30:01.157919391,T,93.0,100,94.0,1600,TGT
2025-12-10,9:30:01.159874048,T,93.0,100,94.0,1500,TGT
2025-12-10,9:30:01.160736082,T,93.0,100,94.0,1800,TGT
2025-12-10,9:30:01.160866396,T,93.0,100,94.0,2300,TGT
2025-12-10,9:30:01.326170331,T,93.68,100,94.0,2300,TGT
2025-12-10,9:30:01.376450066,T,93.68,100,94.0,2400,TGT
2025-12-10,9:30:01.592314432,T,93.0,100,94.0,2400,TGT
2025-12-10,9:30:01.622526327,T,93.86,100,94.0,2400,TGT
2025-12-10,9:30:01.858759115,T,93.86,100,94.0,2500,TGT
2025-12-10,9:30:03.556493769,T,93.0,100,94.0,2500,TGT
2025-12-10,9:30:03.556513866,T,93.0,100,93.92,100,TGT
2025-12-10,9:30:03.576536541,T,93.0,100,94.0,2500,TGT
2025-12-10,9:30:05.693665248,T,93.0,100,93.86,100,TGT
2025-12-10,9:30:05.703669054,T,93.0,100,94.0,2500,TGT
2025-12-10,9:30:10.205183290,T,93.21,100,94.0,2500,TGT
2025-12-10,9:30:10.205228378,T,93.39,100,94.0,2500,TGT
2025-12-10,9:30:10.205268478,T,93.72,100,94.0,2500,TGT
2025-12-10,9:30:10.205298542,T,93.68,100,94.0,2500,TGT
2025-12-10,9:30:10.205463963,T,93.69,100,94.0,2500,TGT
2025-12-10,9:30:10.205469223,T,93.69,200,94.0,2500,TGT
2025-12-10,9:30:10.205478913,T,93.69,100,94.0,2500,TGT
2025-12-10,9:30:10.205574278,T,93.68,100,94.0,2500,TGT
2025-12-10,9:30:10.206245766,T,93.39,100,94.0,2500,TGT
2025-12-10,9:30:10.209533562,T,93.7,100,94.0,2500,TGT
2025-12-10,9:30:10.467979365,T,93.7,200,94.0,2500,TGT
2025-12-10,9:30:15.180851908,T,93.7,100,94.0,2500,TGT
2025-12-10,9:30:15.591214579,T,93.74,100,94.0,2500,TGT
2025-12-10,9:30:15.591635555,T,93.74,200,94.0,2500,TGT
2025-12-10,9:30:16.207868625,T,93.74,100,94.0,2500,TGT
2025-12-10,9:30:16.270498195,T,93.74,200,94.0,2500,TGT
2025-12-10,9:30:16.270498195,T,93.79,100,94.0,2500,TGT
2025-12-10,9:30:16.270508229,T,93.79,200,94.0,2500,TGT
2025-12-10,9:30:16.270512815,T,93.79,100,94.0,2500,TGT
2025-12-10,9:30:16.270663171,T,93.84,100,94.0,2500,TGT
2025-12-10,9:30:16.270723321,T,93.84,100,94.0,2400,TGT
2025-12-10,9:30:16.270723321,T,93.84,100,94.0,2200,TGT
2025-12-10,9:30:16.270728312,T,93.84,100,94.0,2100,TGT
2025-12-10,9:30:16.270728312,T,93.84,100,94.0,2000,TGT
2025-12-10,9:30:16.270728312,T,93.84,100,94.0,1700,TGT
2025-12-10,9:30:16.270728312,T,93.84,100,94.0,1600,TGT
2025-12-10,9:30:16.270728312,T,93.84,100,94.0,1500,TGT
2025-12-10,9:30:16.270733371,T,93.84,100,94.0,1400,TGT
2025-12-10,9:30:16.270733371,T,93.84,100,94.0,1300,TGT
2025-12-10,9:30:16.270738535,T,93.84,100,94.0,900,TGT
2025-12-10,9:30:16.270743412,T,93.84,100,94.0,600,TGT
2025-12-10,9:30:16.270743412,T,93.84,100,94.0,100,TGT
2025-12-10,9:30:16.270743412,T,93.84,100,94.01,100,TGT
2025-12-10,9:30:16.270758462,T,93.86,100,94.01,100,TGT
2025-12-10,9:30:16.270763557,T,93.94,100,94.01,100,TGT
2025-12-10,9:30:16.270763557,T,93.97,100,94.01,100,TGT
2025-12-10,9:30:16.270988945,T,93.97,200,94.01,100,TGT
2025-12-10,9:30:16.271234920,T,93.97,200,94.05,200,TGT
2025-12-10,9:30:16.271289731,T,93.97,200,94.05,100,TGT
2025-12-10,9:30:16.271309732,T,93.98,100,94.05,100,TGT
2025-12-10,9:30:16.271535292,T,93.98,200,94.05,100,TGT
2025-12-10,9:30:16.272412384,T,93.98,100,94.05,100,TGT
2025-12-10,9:30:16.281438897,T,93.98,200,94.05,100,TGT
2025-12-10,9:30:16.318116233,T,93.98,200,94.15,2900,TGT
2025-12-10,9:30:16.318361772,T,93.98,200,94.07,100,TGT
2025-12-10,9:30:16.318883018,T,93.98,100,94.07,100,TGT
2025-12-10,9:30:16.318933151,T,93.98,100,94.06,100,TGT
2025-12-10,9:30:16.319168729,T,93.94,100,94.06,100,TGT
2025-12-10,9:30:16.319630070,T,93.94,100,94.05,100,TGT
2025-12-10,9:30:16.319634906,T,93.94,100,94.02,100,TGT
2025-12-10,9:30:16.319649982,T,93.92,100,94.02,100,TGT
2025-12-10,9:30:16.319649982,T,93.92,100,94.05,100,TGT
2025-12-10,9:30:16.319684994,T,93.92,100,94.05,200,TGT
2025-12-10,9:30:16.319694981,T,93.92,100,94.05,100,TGT
2025-12-10,9:30:16.320687360,T,93.92,100,94.15,2900,TGT
2025-12-10,9:30:16.328526092,T,93.79,100,94.15,2900,TGT
2025-12-10,9:30:16.445700596,T,93.84,200,94.15,2900,TGT
2025-12-10,9:30:16.468233826,T,93.84,300,94.15,2900,TGT
2025-12-10,9:30:16.480823881,T,93.84,200,94.15,2900,TGT
2025-12-10,9:30:17.348831833,T,93.84,200,94.12,100,TGT
2025-12-10,9:30:24.574069856,T,93.87,100,94.12,100,TGT
2025-12-10,9:30:24.574114942,T,93.87,300,94.12,100,TGT
2025-12-10,9:30:26.741137593,T,93.87,300,94.06,100,TGT
2025-12-10,9:30:26.741152632,T,93.87,200,94.06,100,TGT
2025-12-10,9:30:26.741152632,T,93.74,200,94.06,100,TGT
2025-12-10,9:30:26.741162839,T,93.74,100,94.06,100,TGT
2025-12-10,9:30:26.741187710,T,93.74,100,93.98,100,TGT
2025-12-10,9:30:26.741774110,T,93.74,100,94.02,100,TGT
2025-12-10,9:30:26.742330422,T,93.74,100,94.06,100,TGT
2025-12-10,9:30:26.742591241,T,93.74,100,94.02,100,TGT
2025-12-10,9:30:26.742595988,T,93.74,100,94.01,100,TGT
2025-12-10,9:30:26.742595988,T,93.74,100,93.99,100,TGT
2025-12-10,9:30:26.743648511,T,93.74,100,94.01,100,TGT
2025-12-10,9:30:26.749632763,T,93.74,100,94.02,100,TGT
2025-12-10,9:30:26.749998662,T,93.74,100,94.01,100,TGT
2025-12-10,9:30:26.750449720,T,93.74,100,94.04,100,TGT
2025-12-10,9:30:26.750564993,T,93.74,100,94.01,100,TGT
2025-12-10,9:30:26.859910541,T,93.74,100,94.04,100,TGT
2025-12-10,9:30:26.859935626,T,93.74,100,94.12,100,TGT
2025-12-10,9:30:39.577748459,T,93.83,100,94.12,100,TGT
2025-12-10,9:30:54.310427125,T,93.83,100,94.15,2900,TGT
2025-12-10,9:30:54.310482232,T,93.83,100,94.08,100,TGT
2025-12-10,9:30:54.832350488,T,93.83,100,93.94,300,TGT
2025-12-10,9:31:10.120472372,T,93.83,100,93.93,300,TGT
2025-12-10,9:31:10.506567075,T,93.83,100,93.86,300,TGT
2025-12-10,9:31:10.516455643,T,93.83,100,93.86,400,TGT
2025-12-10,9:31:10.517157318,T,93.74,100,93.86,400,TGT
2025-12-10,9:31:10.517202412,T,93.74,100,93.85,100,TGT
2025-12-10,9:31:10.518305125,T,93.74,100,93.86,100,TGT
2025-12-10,9:31:10.519708478,T,93.74,100,93.87,100,TGT
2025-12-10,9:31:12.578984147,T,93.74,100,94.0,300,TGT
2025-12-10,9:31:12.587163648,T,93.74,100,93.92,1100,TGT
2025-12-10,9:31:15.180015664,T,93.78,100,93.92,1100,TGT
2025-12-10,9:31:15.784049617,T,93.78,100,93.82,300,TGT
2025-12-10,9:31:15.784079744,T,93.78,100,93.92,1100,TGT
2025-12-10,9:31:15.784099754,T,93.8,100,93.92,1100,TGT
2025-12-10,9:31:15.788254642,T,93.78,100,93.92,1100,TGT
2025-12-10,9:31:15.806493064,T,93.78,100,94.0,300,TGT
2025-12-10,9:31:17.055789277,T,93.78,100,93.86,100,TGT
2025-12-10,9:31:17.055814368,T,93.78,100,94.0,300,TGT
2025-12-10,9:31:17.055834465,T,93.83,100,94.0,300,TGT
2025-12-10,9:31:17.056395751,T,93.83,100,93.86,100,TGT
2025-12-10,9:31:17.056415846,T,93.83,100,94.0,300,TGT
2025-12-10,9:31:17.056982221,T,93.83,100,93.86,100,TGT
2025-12-10,9:31:17.057002280,T,93.83,100,94.0,300,TGT
2025-12-10,9:31:17.057027298,T,93.78,100,94.0,300,TGT
2025-12-10,9:31:17.060595813,T,93.78,100,93.86,100,TGT
2025-12-10,9:31:17.060630819,T,93.78,100,94.0,300,TGT
2025-12-10,9:31:17.060650936,T,93.84,100,94.0,300,TGT
2025-12-10,9:31:17.061212250,T,93.79,100,94.0,300,TGT
2025-12-10,9:31:17.061232352,T,93.78,100,94.0,300,TGT
2025-12-10,9:31:17.061242575,T,93.78,100,93.86,100,TGT
2025-12-10,9:31:17.061262350,T,93.78,100,94.0,300,TGT
2025-12-10,9:31:17.061808718,T,93.78,100,93.86,100,TGT
2025-12-10,9:31:17.061828756,T,93.78,100,94.0,300,TGT
2025-12-10,9:31:17.061858796,T,93.78,100,93.88,100,TGT
2025-12-10,9:31:17.062274738,T,93.78,100,93.86,100,TGT
2025-12-10,9:31:17.062299798,T,93.78,100,93.88,100,TGT
2025-12-10,9:31:17.062319842,T,93.84,100,93.88,100,TGT
2025-12-10,9:31:17.062415078,T,93.84,100,94.0,300,TGT
2025-12-10,9:31:17.062651100,T,93.85,100,94.0,300,TGT
2025-12-10,9:31:17.062765898,T,93.85,100,93.86,100,TGT
2025-12-10,9:31:17.062786013,T,93.85,100,94.0,300,TGT
2025-12-10,9:31:17.063211992,T,93.84,100,94.0,300,TGT
2025-12-10,9:31:17.063277446,T,93.84,100,93.86,100,TGT
2025-12-10,9:31:17.063297254,T,93.84,100,94.0,300,TGT
2025-12-10,9:31:17.063537793,T,93.78,100,94.0,300,TGT
2025-12-10,9:31:17.067211582,T,93.84,100,94.0,300,TGT
2025-12-10,9:31:17.067336871,T,93.84,100,93.86,100,TGT
2025-12-10,9:31:17.067356875,T,93.84,100,94.0,300,TGT
2025-12-10,9:31:17.067762844,T,93.84,100,94.0,400,TGT
2025-12-10,9:31:17.067768151,T,93.78,100,94.0,400,TGT
2025-12-10,9:31:17.067782848,T,93.78,100,94.0,300,TGT
2025-12-10,9:31:17.067788157,T,93.78,100,93.9,100,TGT
2025-12-10,9:31:17.067797933,T,93.78,100,93.88,100,TGT
2025-12-10,9:31:17.067802954,T,93.78,100,94.0,300,TGT
2025-12-10,9:31:17.068584859,T,93.78,100,93.86,100,TGT
2025-12-10,9:31:17.068609884,T,93.78,100,94.0,300,TGT
2025-12-10,9:31:17.068630157,T,93.84,100,94.0,300,TGT
2025-12-10,9:31:17.069191242,T,93.78,100,94.0,300,TGT
2025-12-10,9:31:17.069226388,T,93.84,100,94.0,300,TGT
2025-12-10,9:31:17.069782613,T,93.78,100,94.0,300,TGT
2025-12-10,9:31:17.073937604,T,93.84,100,94.0,300,TGT
2025-12-10,9:31:17.074498930,T,93.78,100,94.0,300,TGT
2025-12-10,9:31:17.087139047,T,93.8,100,94.0,300,TGT
2025-12-10,9:31:17.087139047,T,93.8,200,94.0,300,TGT
2025-12-10,9:31:17.087174066,T,93.8,100,94.0,300,TGT
2025-12-10,9:31:17.088371949,T,93.78,100,94.0,300,TGT
2025-12-10,9:31:18.226107446,T,93.8,100,94.0,300,TGT
2025-12-10,9:31:18.226107446,T,93.81,100,94.0,300,TGT
2025-12-10,9:31:18.226127578,T,93.8,100,94.0,300,TGT
2025-12-10,9:31:18.226177685,T,93.81,100,94.0,300,TGT
2025-12-10,9:31:18.226212803,T,93.8,100,94.0,300,TGT
2025-12-10,9:31:18.227180001,T,93.78,100,94.0,300,TGT
2025-12-10,9:31:30.798123580,T,93.78,200,94.0,300,TGT
2025-12-10,9:31:30.808192576,T,93.78,100,94.0,300,TGT
2025-12-10,9:31:45.729088898,T,93.78,200,94.0,300,TGT
2025-12-10,9:31:46.046540135,T,93.78,100,94.0,300,TGT
2025-12-10,9:31:58.597250434,T,93.74,200,94.0,300,TGT
2025-12-10,9:31:58.620966963,T,93.74,200,93.93,100,TGT
2025-12-10,9:31:59.319766759,T,93.79,100,93.93,100,TGT
2025-12-10,9:32:03.576131905,T,93.79,200,93.93,100,TGT
2025-12-10,9:32:04.862752181,T,93.79,300,93.93,100,TGT
2025-12-10,9:32:04.866080016,T,93.79,300,94.0,300,TGT
2025-12-10,9:32:08.936842949,T,93.79,200,94.0,300,TGT
2025-12-10,9:32:11.563425305,T,93.79,200,93.93,100,TGT
2025-12-10,9:32:17.325056499,T,93.79,200,93.93,200,TGT
2025-12-10,9:32:17.344994035,T,93.79,200,93.93,100,TGT
2025-12-10,9:32:17.351945556,T,93.79,200,93.93,200,TGT
2025-12-10,9:32:21.700881217,T,93.79,100,93.93,200,TGT
2025-12-10,9:32:21.700886301,T,93.74,200,93.93,200,TGT
2025-12-10,9:32:21.700906249,T,93.74,200,93.82,100,TGT
2025-12-10,9:32:21.701938741,T,93.74,200,93.85,100,TGT
2025-12-10,9:32:21.710955271,T,93.74,200,93.93,100,TGT
2025-12-10,9:32:22.982138736,T,93.74,200,93.9,200,TGT
2025-12-10,9:32:22.982349243,T,93.74,200,93.9,300,TGT
2025-12-10,9:32:25.185297265,T,93.74,200,93.9,200,TGT
2025-12-10,9:32:26.162405186,T,93.74,300,93.9,200,TGT
2025-12-10,9:32:27.565833628,T,93.74,300,93.86,300,TGT
2025-12-10,9:32:37.059711272,T,93.74,300,93.86,200,TGT
2025-12-10,9:32:37.059726297,T,93.74,300,93.9,200,TGT
2025-12-10,9:32:37.059746556,T,93.82,100,93.9,200,TGT
2025-12-10,9:32:37.059746556,T,93.84,100,93.9,200,TGT
2025-12-10,9:32:37.060798796,T,93.82,100,93.9,200,TGT
2025-12-10,9:32:37.080189983,T,93.82,100,93.99,200,TGT
2025-12-10,9:32:37.080210424,T,93.89,100,93.99,200,TGT
2025-12-10,9:32:37.080270270,T,93.82,100,93.99,200,TGT
2025-12-10,9:32:37.080295265,T,93.82,100,93.93,100,TGT
2025-12-10,9:32:37.080325323,T,93.82,100,93.93,200,TGT
2025-12-10,9:32:37.159889917,T,93.77,100,93.93,200,TGT
2025-12-10,9:32:37.159889917,T,93.74,300,93.93,200,TGT
2025-12-10,9:32:37.180333588,T,93.74,300,93.93,100,TGT
2025-12-10,9:32:42.494874956,T,93.74,200,93.93,100,TGT
2025-12-10,9:32:47.336579232,T,93.76,100,93.93,100,TGT
2025-12-10,9:32:54.582651944,T,93.74,200,93.93,100,TGT
2025-12-10,9:32:57.174972751,T,93.74,200,93.93,200,TGT
2025-12-10,9:32:57.376227116,T,93.74,200,93.93,100,TGT
2025-12-10,9:32:58.546856043,T,93.74,200,93.92,100,TGT
2025-12-10,9:32:58.547066528,T,93.74,200,93.92,200,TGT
2025-12-10,9:32:58.557536422,T,93.74,200,93.92,100,TGT
2025-12-10,9:32:59.328267618,T,93.77,100,93.92,100,TGT
2025-12-10,9:32:59.437643193,T,93.77,100,93.88,100,TGT
2025-12-10,9:32:59.437853767,T,93.77,100,93.88,200,TGT
2025-12-10,9:33:02.584079166,T,93.77,100,93.87,100,TGT
2025-12-10,9:33:02.584119176,T,93.76,100,93.87,100,TGT
2025-12-10,9:33:02.584144221,T,93.76,100,93.81,100,TGT
2025-12-10,9:33:02.584144221,T,93.76,100,93.78,100,TGT
2025-12-10,9:33:02.584169292,T,93.74,200,93.78,100,TGT
2025-12-10,9:33:02.584299671,T,93.74,200,93.81,100,TGT
2025-12-10,9:33:02.584324683,T,93.74,200,93.81,200,TGT
2025-12-10,9:33:02.584510163,T,93.74,200,93.81,300,TGT
2025-12-10,9:33:02.584615426,T,93.74,200,93.81,400,TGT
2025-12-10,9:33:02.584700654,T,93.74,200,93.81,500,TGT
2025-12-10,9:33:02.595977418,T,93.74,100,93.81,500,TGT
2025-12-10,9:33:02.600017137,T,93.74,100,93.81,400,TGT
2025-12-10,9:33:02.684142450,T,93.74,100,93.81,300,TGT
2025-12-10,9:33:03.614950012,T,93.74,100,93.81,200,TGT
2025-12-10,9:33:03.614969954,T,93.74,100,93.81,100,TGT
2025-12-10,9:33:07.775622067,T,93.74,200,93.81,100,TGT
2025-12-10,9:33:16.218851965,T,93.74,200,93.99,200,TGT
2025-12-10,9:33:16.218877106,T,93.75,100,93.99,200,TGT
2025-12-10,9:33:16.218907057,T,93.75,200,93.99,200,TGT
2025-12-10,9:33:16.218907057,T,93.75,100,93.99,200,TGT
2025-12-10,9:33:16.225939109,T,93.74,200,93.99,200,TGT
2025-12-10,9:33:21.965021018,T,93.74,300,93.99,200,TGT
2025-12-10,9:33:30.741905543,T,93.78,100,93.99,200,TGT
2025-12-10,9:33:30.748626588,T,93.78,200,93.99,200,TGT
2025-12-10,9:33:38.409241772,T,93.78,300,93.99,200,TGT
2025-12-10,9:33:41.280136416,T,93.78,200,93.99,200,TGT
2025-12-10,9:33:41.304314000,T,93.78,200,93.88,100,TGT
2025-12-10,9:33:42.168477895,T,93.78,100,93.88,100,TGT
2025-12-10,9:33:42.168477895,T,93.74,100,93.88,100,TGT
2025-12-10,9:33:42.168493118,T,93.74,100,93.87,100,TGT
2025-12-10,9:33:42.168502989,T,93.74,100,93.8,100,TGT
2025-12-10,9:33:42.169540446,T,93.74,100,93.82,100,TGT
2025-12-10,9:33:42.268531267,T,93.74,100,93.88,100,TGT
2025-12-10,9:33:45.579533837,T,93.74,200,93.88,100,TGT
2025-12-10,9:33:51.580009077,T,93.75,100,93.88,100,TGT
2025-12-10,9:33:51.587035896,T,93.74,300,93.88,100,TGT
2025-12-10,9:33:57.496639475,T,93.74,300,93.94,200,TGT
2025-12-10,9:33:58.817516269,T,93.74,200,93.94,200,TGT
2025-12-10,9:34:03.580112825,T,93.75,400,93.94,200,TGT
2025-12-10,9:34:09.577731177,T,93.74,100,93.94,200,TGT
2025-12-10,9:34:09.593789393,T,93.74,100,93.88,100,TGT
2025-12-10,9:34:14.465470630,T,93.76,100,93.88,100,TGT
2025-12-10,9:34:21.132298012,T,93.76,100,93.94,200,TGT
2025-12-10,9:34:25.091535359,T,93.76,100,93.88,100,TGT
2025-12-10,9:34:25.091745868,T,93.76,100,93.88,200,TGT
2025-12-10,9:34:26.056103299,T,93.76,100,93.88,100,TGT
2025-12-10,9:34:29.489472532,T,93.76,100,93.97,200,TGT
2025-12-10,9:34:32.357690831,T,93.74,100,93.97,200,TGT
2025-12-10,9:34:32.358818487,T,93.74,100,93.88,100,TGT
2025-12-10,9:34:32.358853580,T,93.74,100,93.97,200,TGT
2025-12-10,9:34:32.775170446,T,93.74,100,93.86,100,TGT
2025-12-10,9:34:32.775380919,T,93.74,100,93.86,200,TGT
2025-12-10,9:34:35.142179442,T,93.74,100,93.86,100,TGT
2025-12-10,9:34:36.583533158,T,93.76,100,93.86,100,TGT
2025-12-10,9:34:38.710510379,T,93.74,100,93.86,100,TGT
2025-12-10,9:34:38.710525389,T,93.74,100,93.8,100,TGT
2025-12-10,9:34:38.710821330,T,93.74,100,93.78,100,TGT
2025-12-10,9:34:38.711086779,T,93.74,100,93.8,300,TGT
2025-12-10,9:34:38.711106748,T,93.75,100,93.8,300,TGT
2025-12-10,9:34:38.711116871,T,93.75,100,93.8,200,TGT
2025-12-10,9:34:38.711116871,T,93.75,100,93.8,100,TGT
2025-12-10,9:34:38.711136821,T,93.75,100,93.83,100,TGT
2025-12-10,9:34:38.711162013,T,93.75,200,93.83,100,TGT
2025-12-10,9:34:38.711166882,T,93.75,100,93.83,100,TGT
2025-12-10,9:34:38.711177306,T,93.75,200,93.83,100,TGT
2025-12-10,9:34:38.711292184,T,93.76,100,93.83,100,TGT
2025-12-10,9:34:38.711292184,T,93.75,200,93.83,100,TGT
2025-12-10,9:34:38.711538030,T,93.75,200,93.86,100,TGT
2025-12-10,9:34:38.711562863,T,93.76,100,93.86,100,TGT
2025-12-10,9:34:38.711562863,T,93.75,200,93.86,100,TGT
2025-12-10,9:34:38.711568085,T,93.76,100,93.86,100,TGT
2025-12-10,9:34:38.711568085,T,93.75,200,93.86,100,TGT
2025-12-10,9:34:38.711568085,T,93.76,100,93.86,100,TGT
2025-12-10,9:34:38.711693138,T,93.75,200,93.86,100,TGT
2025-12-10,9:34:38.711793475,T,93.76,100,93.86,100,TGT
2025-12-10,9:34:38.711808433,T,93.76,100,93.83,100,TGT
2025-12-10,9:34:38.711853518,T,93.75,200,93.83,100,TGT
2025-12-10,9:34:38.712174343,T,93.75,200,93.82,100,TGT
2025-12-10,9:34:38.712284613,T,93.75,100,93.82,100,TGT
2025-12-10,9:34:38.712309668,T,93.76,100,93.82,100,TGT
2025-12-10,9:34:38.713126622,T,93.76,100,93.83,100,TGT
2025-12-10,9:34:38.713131667,T,93.76,100,93.86,100,TGT
2025-12-10,9:34:38.713151636,T,93.76,200,93.86,100,TGT
2025-12-10,9:34:38.713151636,T,93.77,100,93.86,100,TGT
2025-12-10,9:34:38.713156721,T,93.77,200,93.86,100,TGT
2025-12-10,9:34:38.713177071,T,93.77,100,93.86,100,TGT
2025-12-10,9:34:38.713177071,T,93.77,200,93.86,100,TGT
2025-12-10,9:34:38.713177071,T,93.77,100,93.86,100,TGT
2025-12-10,9:34:38.713182007,T,93.78,100,93.86,100,TGT
2025-12-10,9:34:38.713182007,T,93.77,100,93.86,100,TGT
2025-12-10,9:34:38.713191837,T,93.78,100,93.86,100,TGT
2025-12-10,9:34:38.713197008,T,93.79,100,93.86,100,TGT
2025-12-10,9:34:38.713206785,T,93.77,100,93.86,100,TGT
2025-12-10,9:34:38.713227001,T,93.79,100,93.86,100,TGT
2025-12-10,9:34:38.713227001,T,93.77,100,93.86,100,TGT
2025-12-10,9:34:38.713246941,T,93.76,100,93.86,100,TGT
2025-12-10,9:34:38.713271954,T,93.79,100,93.86,100,TGT
2025-12-10,9:34:38.713417241,T,93.79,200,93.86,100,TGT
2025-12-10,9:34:38.713457361,T,93.79,100,93.86,100,TGT
2025-12-10,9:34:38.713652833,T,93.79,200,93.86,100,TGT
2025-12-10,9:34:38.713692982,T,93.79,100,93.86,100,TGT
2025-12-10,9:34:38.714715361,T,93.79,200,93.86,100,TGT
2025-12-10,9:34:38.714720391,T,93.81,100,93.86,100,TGT
2025-12-10,9:34:38.715071276,T,93.83,100,93.86,100,TGT
2025-12-10,9:34:38.715236674,T,93.83,100,93.96,200,TGT
2025-12-10,9:34:38.715256645,T,93.83,200,93.96,200,TGT
2025-12-10,9:34:38.715261727,T,93.83,300,93.96,200,TGT
2025-12-10,9:34:38.715517359,T,93.83,200,93.96,200,TGT
2025-12-10,9:34:38.715542399,T,93.84,100,93.96,200,TGT
2025-12-10,9:34:42.837086405,T,93.84,200,93.96,200,TGT
2025-12-10,9:34:45.921148706,T,93.84,300,93.96,200,TGT
2025-12-10,9:34:56.660242789,T,93.84,400,93.96,200,TGT
2025-12-10,9:34:56.660242789,T,93.84,300,93.96,200,TGT
2025-12-10,9:34:56.660247910,T,93.84,200,93.96,200,TGT
2025-12-10,9:34:56.660247910,T,93.84,100,93.96,200,TGT
2025-12-10,9:34:56.660247910,T,93.8,100,93.96,200,TGT
2025-12-10,9:34:56.660293145,T,93.8,100,93.87,100,TGT
2025-12-10,9:34:56.828999929,T,93.8,100,93.96,200,TGT
2025-12-10,9:35:01.096952655,T,93.8,200,93.96,200,TGT
2025-12-10,9:35:03.127490173,T,93.8,200,93.88,100,TGT
2025-12-10,9:35:03.127510376,T,93.8,200,93.96,200,TGT
2025-12-10,9:35:03.127710676,T,93.8,200,93.88,100,TGT
2025-12-10,9:35:03.128542651,T,93.8,100,93.88,100,TGT
2025-12-10,9:35:03.128587772,T,93.74,100,93.88,100,TGT
2025-12-10,9:35:03.128627846,T,93.74,100,93.82,100,TGT
2025-12-10,9:35:03.128783581,T,93.74,100,93.82,200,TGT
2025-12-10,9:35:03.129184240,T,93.74,100,93.82,100,TGT
2025-12-10,9:35:03.129655297,T,93.74,100,93.88,200,TGT
2025-12-10,9:35:03.135629617,T,93.74,100,93.88,100,TGT
2025-12-10,9:35:03.139022604,T,93.74,100,93.96,200,TGT
2025-12-10,9:35:07.196188202,T,93.75,100,93.96,200,TGT
2025-12-10,9:35:24.580102511,T,93.74,100,93.96,200,TGT
2025-12-10,9:35:29.719220760,T,93.76,100,93.96,200,TGT
2025-12-10,9:35:29.719260849,T,93.76,200,93.96,200,TGT
2025-12-10,9:35:30.184599453,T,93.76,200,93.86,100,TGT
2025-12-10,9:35:32.855492776,T,93.76,100,93.86,100,TGT
2025-12-10,9:35:32.855492776,T,93.74,100,93.86,100,TGT
2025-12-10,9:35:32.855512703,T,93.74,100,93.85,100,TGT
2025-12-10,9:35:32.855517658,T,93.74,100,93.78,100,TGT
2025-12-10,9:35:32.856610209,T,93.74,200,93.78,100,TGT
2025-12-10,9:35:32.856620274,T,93.74,200,93.8,100,TGT
2025-12-10,9:35:32.860569730,T,93.74,200,93.86,300,TGT
2025-12-10,9:35:32.865496399,T,93.74,200,93.86,200,TGT
2025-12-10,9:35:32.865706942,T,93.74,200,93.86,100,TGT
2025-12-10,9:35:33.067587843,T,93.75,100,93.86,100,TGT
2025-12-10,9:35:37.231101795,T,93.75,200,93.86,100,TGT
2025-12-10,9:35:37.259429279,T,93.75,300,93.86,100,TGT
2025-12-10,9:35:37.259439286,T,93.75,200,93.86,100,TGT
2025-12-10,9:35:37.259444298,T,93.76,100,93.86,100,TGT
2025-12-10,9:35:40.187900938,T,93.75,100,93.86,100,TGT
2025-12-10,9:35:45.372813189,T,93.74,100,93.86,100,TGT
2025-12-10,9:35:49.701009484,T,93.8,100,93.86,100,TGT
2025-12-10,9:35:49.701044513,T,93.8,200,93.86,100,TGT
2025-12-10,9:36:02.569270774,T,93.8,300,93.86,100,TGT
2025-12-10,9:36:02.569300909,T,93.81,100,93.86,100,TGT
2025-12-10,9:36:02.569325910,T,93.82,100,93.86,100,TGT
2025-12-10,9:36:03.172723416,T,93.82,100,93.91,100,TGT
2025-12-10,9:36:03.172773804,T,93.82,200,93.91,100,TGT
2025-12-10,9:36:03.172778470,T,93.82,100,93.91,100,TGT
2025-12-10,9:36:03.172798593,T,93.83,100,93.91,100,TGT
2025-12-10,9:36:03.172798593,T,93.82,100,93.91,100,TGT
2025-12-10,9:36:03.172813640,T,93.84,100,93.91,100,TGT
2025-12-10,9:36:03.172853745,T,93.82,100,93.91,100,TGT
2025-12-10,9:36:03.172989046,T,93.82,100,93.9,100,TGT
2025-12-10,9:36:03.173004025,T,93.82,100,93.9,200,TGT
2025-12-10,9:36:03.173024071,T,93.82,100,93.9,300,TGT
2025-12-10,9:36:03.173044130,T,93.82,100,93.9,400,TGT
2025-12-10,9:36:03.173049119,T,93.82,100,93.9,500,TGT
2025-12-10,9:36:03.173059234,T,93.82,100,93.9,600,TGT
2025-12-10,9:36:03.173069189,T,93.82,100,93.86,100,TGT
2025-12-10,9:36:03.173114337,T,93.82,100,93.86,800,TGT
2025-12-10,9:36:03.173114337,T,93.82,100,93.86,900,TGT
2025-12-10,9:36:03.173139398,T,93.82,100,93.86,1000,TGT
2025-12-10,9:36:03.173164459,T,93.82,100,93.86,1100,TGT
2025-12-10,9:36:03.173269695,T,93.82,100,93.86,1300,TGT
2025-12-10,9:36:03.173620576,T,93.82,100,93.86,1200,TGT
2025-12-10,9:36:03.173625520,T,93.82,100,93.86,1100,TGT
2025-12-10,9:36:03.173625520,T,93.82,100,93.86,1000,TGT
2025-12-10,9:36:03.173640663,T,93.82,100,93.86,900,TGT
2025-12-10,9:36:03.173645769,T,93.82,100,93.86,500,TGT
2025-12-10,9:36:03.173645769,T,93.82,100,93.86,400,TGT
2025-12-10,9:36:03.173650801,T,93.82,100,93.86,300,TGT
2025-12-10,9:36:03.173655619,T,93.82,100,93.86,200,TGT
2025-12-10,9:36:03.173655619,T,93.82,100,93.91,100,TGT
2025-12-10,9:36:03.173861064,T,93.82,100,93.91,200,TGT
2025-12-10,9:36:03.174232002,T,93.85,100,93.91,200,TGT
2025-12-10,9:36:03.174257020,T,93.85,100,93.86,100,TGT
2025-12-10,9:36:03.174733339,T,93.85,100,93.91,200,TGT
2025-12-10,9:36:03.184887388,T,93.85,100,93.91,100,TGT
2025-12-10,9:36:06.438684092,T,93.8,100,93.91,100,TGT
2025-12-10,9:36:06.438704137,T,93.8,100,93.87,100,TGT
2025-12-10,9:36:06.439260437,T,93.8,100,93.88,100,TGT
2025-12-10,9:36:06.445094328,T,93.75,200,93.88,100,TGT
2025-12-10,9:36:09.049554043,T,93.75,200,93.88,200,TGT
2025-12-10,9:36:09.053398251,T,93.75,200,93.88,100,TGT
2025-12-10,9:36:10.015680866,T,93.75,200,93.91,100,TGT
2025-12-10,9:36:10.029263188,T,93.75,200,93.82,100,TGT
2025-12-10,9:36:10.915584804,T,93.76,100,93.82,100,TGT
2025-12-10,9:36:12.624450822,T,93.76,100,93.87,100,TGT
2025-12-10,9:36:15.581580619,T,93.75,200,93.87,100,TGT
2025-12-10,9:36:15.780479637,T,93.78,100,93.87,100,TGT
2025-12-10,9:36:17.508425994,T,93.75,200,93.87,100,TGT
2025-12-10,9:36:19.257552974,T,93.75,200,93.86,100,TGT
2025-12-10,9:36:19.279174466,T,93.76,100,93.86,100,TGT
2025-12-10,9:36:19.279780960,T,93.76,100,93.87,100,TGT
2025-12-10,9:36:19.952774173,T,93.75,200,93.87,100,TGT
2025-12-10,9:36:21.587469058,T,93.76,100,93.87,100,TGT
2025-12-10,9:36:21.920953153,T,93.76,100,93.9,200,TGT
2025-12-10,9:36:22.967762076,T,93.76,100,93.86,100,TGT
2025-12-10,9:36:25.660511966,T,93.76,100,93.86,200,TGT
2025-12-10,9:36:25.665589122,T,93.75,200,93.86,200,TGT
2025-12-10,9:36:25.665614206,T,93.75,200,93.8,100,TGT
2025-12-10,9:36:25.665654343,T,93.75,200,93.8,200,TGT
2025-12-10,9:36:25.665654343,T,93.75,200,93.8,300,TGT
2025-12-10,9:36:25.665654343,T,93.74,100,93.8,300,TGT
2025-12-10,9:36:25.665684388,T,93.74,100,93.77,100,TGT
2025-12-10,9:36:25.666010140,T,93.67,200,93.77,100,TGT
2025-12-10,9:36:25.666370946,T,93.62,100,93.77,100,TGT
2025-12-10,9:36:25.666376035,T,93.62,300,93.77,100,TGT
2025-12-10,9:36:25.666466270,T,93.62,200,93.77,100,TGT
2025-12-10,9:36:25.666486283,T,93.62,200,93.75,100,TGT
2025-12-10,9:36:25.667568831,T,93.62,200,93.77,100,TGT
2025-12-10,9:36:25.670781496,T,93.62,200,93.79,100,TGT
2025-12-10,9:36:25.676069122,T,93.62,200,93.8,200,TGT
2025-12-10,9:36:25.765627533,T,93.62,200,93.8,100,TGT
2025-12-10,9:36:30.044240775,T,93.71,100,93.8,100,TGT
2025-12-10,9:36:36.587443893,T,93.62,200,93.8,100,TGT
2025-12-10,9:36:36.898003713,T,93.62,200,93.76,100,TGT
2025-12-10,9:36:37.261073610,T,93.62,200,93.8,100,TGT
2025-12-10,9:36:37.266972662,T,93.62,200,93.8,200,TGT
2025-12-10,9:36:37.505395638,T,93.62,200,93.8,100,TGT
2025-12-10,9:36:42.564438009,T,93.72,100,93.8,100,TGT
2025-12-10,9:36:48.971025714,T,93.72,100,93.84,100,TGT
2025-12-10,9:36:54.913908747,T,93.72,100,93.8,100,TGT
2025-12-10,9:36:54.913933758,T,93.72,100,93.8,200,TGT
2025-12-10,9:36:54.914740691,T,93.72,100,93.8,300,TGT
2025-12-10,9:36:55.407414533,T,93.72,100,93.8,200,TGT
2025-12-10,9:37:00.020038324,T,93.72,100,93.8,300,TGT
2025-12-10,9:37:04.482850437,T,93.72,100,93.8,200,TGT
2025-12-10,9:37:04.482930616,T,93.62,200,93.8,200,TGT
2025-12-10,9:37:04.482930616,T,93.62,200,93.78,100,TGT
2025-12-10,9:37:04.482956103,T,93.62,200,93.76,100,TGT
2025-12-10,9:37:04.483537103,T,93.62,200,93.76,200,TGT
2025-12-10,9:37:04.484684762,T,93.62,200,93.75,100,TGT
2025-12-10,9:37:04.503158770,T,93.62,200,93.75,200,TGT
2025-12-10,9:37:04.507012961,T,93.62,200,93.75,100,TGT
2025-12-10,9:37:06.378852260,T,93.62,200,93.78,100,TGT
2025-12-10,9:37:09.039956759,T,93.71,100,93.78,100,TGT
2025-12-10,9:37:13.702264096,T,93.71,400,93.78,100,TGT
2025-12-10,9:37:17.243390208,T,93.71,400,93.8,300,TGT
2025-12-10,9:37:17.247003775,T,93.71,100,93.8,300,TGT
2025-12-10,9:37:17.247038949,T,93.72,300,93.8,300,TGT
2025-12-10,9:37:17.247048888,T,93.72,200,93.8,300,TGT
2025-12-10,9:37:17.247048888,T,93.72,200,93.79,100,TGT
2025-12-10,9:37:17.247054098,T,93.72,200,93.76,100,TGT
2025-12-10,9:37:17.247058992,T,93.71,100,93.76,100,TGT
2025-12-10,9:37:17.247074013,T,93.71,100,93.79,100,TGT
2025-12-10,9:37:17.247094090,T,93.71,100,93.74,100,TGT
2025-12-10,9:37:17.247114090,T,93.71,100,93.79,100,TGT
2025-12-10,9:37:17.347067226,T,93.71,100,93.8,100,TGT
2025-12-10,9:37:18.247848133,T,93.62,200,93.8,100,TGT
2025-12-10,9:37:18.247868173,T,93.62,200,93.72,100,TGT
2025-12-10,9:37:18.247993500,T,93.62,200,93.72,200,TGT
2025-12-10,9:37:18.248068681,T,93.62,200,93.71,100,TGT
2025-12-10,9:37:19.068809030,T,93.62,200,93.72,100,TGT
2025-12-10,9:37:20.588088469,T,93.62,200,93.7,100,TGT
2025-12-10,9:37:20.588263889,T,93.62,200,93.69,100,TGT
2025-12-10,9:37:20.588920486,T,93.62,200,93.68,100,TGT
2025-12-10,9:37:20.589020731,T,93.46,100,93.68,100,TGT
2025-12-10,9:37:20.589030793,T,93.56,200,93.68,100,TGT
2025-12-10,9:37:20.589105959,T,93.56,200,93.67,100,TGT
2025-12-10,9:37:20.589667226,T,93.56,200,93.68,100,TGT
2025-12-10,9:37:20.591030572,T,93.56,200,93.67,100,TGT
2025-12-10,9:37:20.591366271,T,93.56,200,93.68,100,TGT
2025-12-10,9:37:20.591877594,T,93.56,200,93.67,100,TGT
2025-12-10,9:37:20.592654338,T,93.56,200,93.68,100,TGT
2025-12-10,9:37:20.593195705,T,93.56,200,93.67,100,TGT
2025-12-10,9:37:20.593957450,T,93.56,200,93.68,100,TGT
2025-12-10,9:37:20.594243147,T,93.56,200,93.67,100,TGT
2025-12-10,9:37:20.594729302,T,93.56,200,93.68,100,TGT
2025-12-10,9:37:20.595015036,T,93.56,200,93.67,100,TGT
2025-12-10,9:37:20.595501171,T,93.56,200,93.68,100,TGT
2025-12-10,9:37:20.595796896,T,93.56,200,93.67,100,TGT
2025-12-10,9:37:20.596242992,T,93.56,200,93.68,100,TGT
2025-12-10,9:37:20.596578797,T,93.56,200,93.67,100,TGT
2025-12-10,9:37:20.597034831,T,93.56,200,93.68,100,TGT
2025-12-10,9:37:20.597355570,T,93.56,200,93.67,100,TGT
2025-12-10,9:37:20.597816699,T,93.56,200,93.68,100,TGT
2025-12-10,9:37:20.598142416,T,93.56,200,93.67,100,TGT
2025-12-10,9:37:20.598593521,T,93.56,200,93.68,100,TGT
2025-12-10,9:37:20.598934359,T,93.56,200,93.67,100,TGT
2025-12-10,9:37:20.599410440,T,93.56,200,93.68,100,TGT
2025-12-10,9:37:20.599721252,T,93.56,200,93.67,100,TGT
2025-12-10,9:37:20.600182357,T,93.56,200,93.68,100,TGT
2025-12-10,9:37:20.600503092,T,93.56,200,93.67,100,TGT
2025-12-10,9:37:20.600989227,T,93.56,200,93.68,100,TGT
2025-12-10,9:37:20.601279979,T,93.56,200,93.67,100,TGT
2025-12-10,9:37:20.601741024,T,93.56,200,93.68,100,TGT
2025-12-10,9:37:20.602066860,T,93.56,200,93.67,100,TGT
2025-12-10,9:37:20.602492772,T,93.56,200,93.68,100,TGT
2025-12-10,9:37:20.602848678,T,93.56,200,93.67,100,TGT
2025-12-10,9:37:20.603244577,T,93.56,200,93.68,100,TGT
2025-12-10,9:37:20.603630497,T,93.56,200,93.67,100,TGT
2025-12-10,9:37:20.603996435,T,93.56,200,93.68,100,TGT
2025-12-10,9:37:20.604407338,T,93.56,200,93.67,100,TGT
2025-12-10,9:37:20.604748251,T,93.56,200,93.68,100,TGT
2025-12-10,9:37:20.605199306,T,93.56,200,93.67,100,TGT
2025-12-10,9:37:20.605951021,T,93.56,200,93.68,100,TGT
2025-12-10,9:37:20.606492378,T,93.56,200,93.67,100,TGT
2025-12-10,9:37:20.607244151,T,93.56,200,93.68,100,TGT
2025-12-10,9:37:20.607815480,T,93.56,200,93.67,100,TGT
2025-12-10,9:37:20.608582378,T,93.56,200,93.68,100,TGT
2025-12-10,9:37:22.307369468,T,93.62,100,93.68,100,TGT
2025-12-10,9:37:22.307404569,T,93.62,200,93.68,100,TGT
2025-12-10,9:37:32.008881615,T,93.62,200,93.67,100,TGT
2025-12-10,9:37:32.010400271,T,93.62,200,93.68,100,TGT
2025-12-10,9:37:33.692402296,T,93.62,200,93.68,200,TGT
2025-12-10,9:37:35.993870260,T,93.63,100,93.68,200,TGT
2025-12-10,9:37:35.993885249,T,93.65,100,93.68,200,TGT
2025-12-10,9:37:35.994075650,T,93.65,100,93.68,100,TGT
2025-12-10,9:37:35.994075650,T,93.65,100,93.73,100,TGT
2025-12-10,9:37:35.994085777,T,93.66,100,93.73,100,TGT
2025-12-10,9:37:35.994096008,T,93.67,100,93.73,100,TGT
2025-12-10,9:37:35.994296279,T,93.67,100,93.73,200,TGT
2025-12-10,9:37:35.994326271,T,93.67,100,93.73,300,TGT
2025-12-10,9:37:35.995113170,T,93.66,100,93.73,300,TGT
2025-12-10,9:37:36.020889617,T,93.66,100,93.73,400,TGT
2025-12-10,9:37:36.194227560,T,93.62,100,93.73,400,TGT
2025-12-10,9:37:36.197465261,T,93.63,100,93.73,400,TGT
2025-12-10,9:37:37.734020838,T,93.62,100,93.73,400,TGT
2025-12-10,9:37:40.876151522,T,93.56,200,93.73,400,TGT
2025-12-10,9:37:42.267741665,T,93.56,200,93.73,300,TGT
2025-12-10,9:37:42.267741665,T,93.56,200,93.73,200,TGT
2025-12-10,9:37:42.267766737,T,93.56,200,93.71,200,TGT
2025-12-10,9:37:45.585646135,T,93.64,100,93.71,200,TGT
2025-12-10,9:37:45.585681183,T,93.64,200,93.71,200,TGT
2025-12-10,9:37:53.193034528,T,93.64,200,93.73,200,TGT
2025-12-10,9:37:53.193049561,T,93.65,100,93.73,200,TGT
2025-12-10,9:37:53.193054539,T,93.69,100,93.73,200,TGT
2025-12-10,9:37:53.193109998,T,93.69,200,93.73,200,TGT
2025-12-10,9:37:53.194081970,T,93.69,100,93.73,200,TGT
2025-12-10,9:37:53.194107095,T,93.68,100,93.73,200,TGT
2025-12-10,9:37:53.199314536,T,93.66,100,93.73,200,TGT
2025-12-10,9:37:53.199344545,T,93.65,200,93.73,200,TGT
2025-12-10,9:37:53.293263261,T,93.65,100,93.73,200,TGT
2025-12-10,9:37:53.294571413,T,93.65,200,93.73,200,TGT
2025-12-10,9:37:53.343127102,T,93.65,100,93.73,200,TGT
2025-12-10,9:37:53.393216452,T,93.64,200,93.73,200,TGT
2025-12-10,9:37:55.590395895,T,93.65,100,93.73,200,TGT
2025-12-10,9:37:55.590436011,T,93.65,200,93.73,200,TGT
2025-12-10,9:37:55.590856937,T,93.65,200,93.73,100,TGT
2025-12-10,9:37:55.590856937,T,93.65,200,93.82,200,TGT
2025-12-10,9:37:55.590882069,T,93.71,100,93.82,200,TGT
2025-12-10,9:37:55.590912140,T,93.71,200,93.82,200,TGT
2025-12-10,9:37:55.591889561,T,93.72,100,93.82,200,TGT
2025-12-10,9:37:55.591919509,T,93.72,200,93.82,200,TGT
2025-12-10,9:37:55.593072291,T,93.72,100,93.82,200,TGT
2025-12-10,9:37:55.613811631,T,93.72,100,93.84,100,TGT
2025-12-10,9:37:55.674315781,T,93.72,100,93.8,100,TGT
2025-12-10,9:37:55.760571353,T,93.71,100,93.8,100,TGT
2025-12-10,9:37:55.760601408,T,93.68,100,93.8,100,TGT
2025-12-10,9:37:55.925378889,T,93.65,100,93.8,100,TGT
2025-12-10,9:37:55.925594750,T,93.69,100,93.8,100,TGT
2025-12-10,9:37:55.925634506,T,93.69,200,93.8,100,TGT
2025-12-10,9:37:56.087244486,T,93.69,100,93.8,100,TGT
2025-12-10,9:37:56.087269587,T,93.65,200,93.8,100,TGT
2025-12-10,9:37:56.140992533,T,93.65,300,93.8,100,TGT
2025-12-10,9:37:56.141017636,T,93.7,100,93.8,100,TGT
2025-12-10,9:37:56.141052679,T,93.7,200,93.8,100,TGT
2025-12-10,9:37:56.163852011,T,93.7,200,93.84,100,TGT
2025-12-10,9:37:56.315137427,T,93.7,100,93.84,100,TGT
2025-12-10,9:37:56.315157667,T,93.65,300,93.84,100,TGT
2025-12-10,9:37:56.316465574,T,93.69,100,93.84,100,TGT
2025-12-10,9:37:56.316495650,T,93.69,200,93.84,100,TGT
2025-12-10,9:37:56.439899738,T,93.69,100,93.84,100,TGT
2025-12-10,9:37:56.439929725,T,93.65,200,93.84,100,TGT
2025-12-10,9:37:57.102538381,T,93.65,200,93.8,100,TGT
2025-12-10,9:38:02.772501343,T,93.66,100,93.8,100,TGT
2025-12-10,9:38:02.772531330,T,93.66,200,93.8,100,TGT
2025-12-10,9:38:07.604422673,T,93.66,100,93.8,100,TGT
2025-12-10,9:38:07.604452674,T,93.65,100,93.8,100,TGT
2025-12-10,9:38:08.593945005,T,93.7,100,93.8,100,TGT
2025-12-10,9:38:08.593985055,T,93.7,200,93.8,100,TGT
2025-12-10,9:38:11.312140667,T,93.7,100,93.8,100,TGT
2025-12-10,9:38:11.312170737,T,93.65,100,93.8,100,TGT
2025-12-10,9:38:12.331474069,T,93.65,100,93.77,100,TGT
2025-12-10,9:38:12.336731589,T,93.67,100,93.77,100,TGT
2025-12-10,9:38:12.336761712,T,93.67,200,93.77,100,TGT
2025-12-10,9:38:13.011058056,T,93.67,200,93.77,200,TGT
2025-12-10,9:38:14.855030974,T,93.67,200,93.77,100,TGT
2025-12-10,9:38:14.858098300,T,93.67,100,93.77,100,TGT
2025-12-10,9:38:14.858098300,T,93.56,200,93.77,100,TGT
2025-12-10,9:38:14.858118293,T,93.56,200,93.69,100,TGT
2025-12-10,9:38:14.859145756,T,93.56,200,93.71,200,TGT
2025-12-10,9:38:14.873715540,T,93.56,200,93.71,100,TGT
2025-12-10,9:38:14.958191792,T,93.56,200,93.72,100,TGT
2025-12-10,9:38:15.904526248,T,93.56,200,93.77,100,TGT
2025-12-10,9:38:19.821096912,T,93.66,100,93.77,100,TGT
2025-12-10,9:38:23.149436223,T,93.66,100,93.77,200,TGT
2025-12-10,9:38:23.160537675,T,93.66,100,93.77,100,TGT
2025-12-10,9:38:24.364601788,T,93.57,100,93.77,100,TGT
2025-12-10,9:38:24.364606241,T,93.56,200,93.77,100,TGT
2025-12-10,9:38:24.364626335,T,93.56,200,93.75,100,TGT
2025-12-10,9:38:24.364626335,T,93.56,200,93.7,100,TGT
2025-12-10,9:38:24.374494872,T,93.56,200,93.73,100,TGT
2025-12-10,9:38:24.375316791,T,93.56,200,93.77,100,TGT
2025-12-10,9:38:29.038866890,T,93.56,200,93.7,100,TGT
2025-12-10,9:38:30.034363447,T,93.66,100,93.7,100,TGT
2025-12-10,9:38:36.923395483,T,93.66,300,93.7,100,TGT
2025-12-10,9:38:36.923445553,T,93.66,300,93.77,100,TGT
2025-12-10,9:38:36.923470568,T,93.66,400,93.77,100,TGT
2025-12-10,9:38:36.923495613,T,93.67,100,93.77,100,TGT
2025-12-10,9:38:36.924638428,T,93.7,100,93.77,100,TGT
2025-12-10,9:38:36.924663432,T,93.7,100,93.8,200,TGT
2025-12-10,9:38:36.924959150,T,93.67,100,93.8,200,TGT
2025-12-10,9:38:36.925064360,T,93.7,100,93.8,200,TGT
2025-12-10,9:38:36.925430266,T,93.67,100,93.8,200,TGT
2025-12-10,9:38:36.925761074,T,93.7,100,93.8,200,TGT
2025-12-10,9:38:36.926187040,T,93.67,100,93.8,200,TGT
2025-12-10,9:38:36.926262290,T,93.67,400,93.8,200,TGT
2025-12-10,9:38:36.926292353,T,93.7,100,93.8,200,TGT
2025-12-10,9:38:36.926948854,T,93.67,400,93.8,200,TGT
2025-12-10,9:38:36.927074190,T,93.7,100,93.8,200,TGT
2025-12-10,9:38:36.927695680,T,93.67,400,93.8,200,TGT
2025-12-10,9:38:36.927851086,T,93.7,100,93.8,200,TGT
2025-12-10,9:38:36.928467529,T,93.67,400,93.8,200,TGT
2025-12-10,9:38:36.928642901,T,93.7,100,93.8,200,TGT
2025-12-10,9:38:36.929219254,T,93.67,400,93.8,200,TGT
2025-12-10,9:38:36.929419829,T,93.7,100,93.8,200,TGT
2025-12-10,9:38:36.929479910,T,93.7,300,93.8,200,TGT
2025-12-10,9:38:36.929850778,T,93.7,200,93.8,200,TGT
2025-12-10,9:38:38.133548504,T,93.67,100,93.8,200,TGT
2025-12-10,9:38:38.133573479,T,93.66,100,93.8,200,TGT
2025-12-10,9:38:38.134290229,T,93.66,100,93.72,100,TGT
2025-12-10,9:38:38.135367780,T,93.66,100,93.8,200,TGT
2025-12-10,9:38:38.303593633,T,93.68,100,93.8,200,TGT
2025-12-10,9:38:38.323937067,T,93.68,100,93.84,100,TGT
2025-12-10,9:38:38.323942015,T,93.68,100,93.84,300,TGT
2025-12-10,9:38:43.492049358,T,93.66,100,93.84,300,TGT
2025-12-10,9:38:43.492069350,T,93.66,100,93.74,100,TGT
2025-12-10,9:38:43.492560805,T,93.66,100,93.84,300,TGT
2025-12-10,9:38:43.492751041,T,93.66,100,93.79,100,TGT
2025-12-10,9:38:43.493212157,T,93.66,100,93.83,100,TGT
2025-12-10,9:38:43.493788475,T,93.66,100,93.84,300,TGT
2025-12-10,9:38:43.493843648,T,93.66,100,93.75,100,TGT
2025-12-10,9:38:43.496139078,T,93.6,200,93.75,100,TGT
2025-12-10,9:38:43.744761469,T,93.6,200,93.84,300,TGT
2025-12-10,9:38:45.461195636,T,93.6,200,93.83,100,TGT
2025-12-10,9:38:45.461200552,T,93.6,200,93.74,100,TGT
2025-12-10,9:38:45.461235643,T,93.6,200,93.74,200,TGT
2025-12-10,9:38:45.461265646,T,93.6,200,93.74,300,TGT
2025-12-10,9:38:45.461426088,T,93.6,200,93.73,100,TGT
2025-12-10,9:38:45.461521240,T,93.6,200,93.74,300,TGT
2025-12-10,9:38:45.461591513,T,93.6,200,93.74,200,TGT
2025-12-10,9:38:45.462243016,T,93.6,200,93.74,100,TGT
2025-12-10,9:38:48.431386557,T,93.57,100,93.74,100,TGT
2025-12-10,9:38:48.434704460,T,93.6,100,93.74,100,TGT
2025-12-10,9:39:00.004562799,T,93.63,100,93.74,100,TGT
2025-12-10,9:39:00.004592837,T,93.64,100,93.74,100,TGT
2025-12-10,9:39:00.007163983,T,93.64,100,93.74,200,TGT
2025-12-10,9:39:00.204594244,T,93.6,100,93.74,200,TGT
2025-12-10,9:39:01.494637633,T,93.6,100,93.74,100,TGT
2025-12-10,9:39:02.579211748,T,93.64,100,93.74,100,TGT
2025-12-10,9:39:02.579697598,T,93.64,100,93.8,200,TGT
2025-12-10,9:39:03.640785617,T,93.68,100,93.8,200,TGT
2025-12-10,9:39:03.640951092,T,93.69,100,93.8,200,TGT
2025-12-10,9:39:03.640976043,T,93.7,100,93.8,200,TGT
2025-12-10,9:39:03.640991093,T,93.72,100,93.8,200,TGT
2025-12-10,9:39:03.642574854,T,93.72,100,93.84,100,TGT
2025-12-10,9:39:03.741054481,T,93.7,100,93.84,100,TGT
2025-12-10,9:39:08.731353089,T,93.7,100,93.78,100,TGT
2025-12-10,9:39:08.732435629,T,93.7,100,93.84,100,TGT
2025-12-10,9:39:08.733197451,T,93.7,100,93.78,100,TGT
2025-12-10,9:39:08.733753833,T,93.7,100,93.84,100,TGT
2025-12-10,9:39:08.733969311,T,93.7,100,93.79,100,TGT
2025-12-10,9:39:08.734495719,T,93.7,100,93.84,100,TGT
2025-12-10,9:39:08.735427846,T,93.7,100,93.79,100,TGT
2025-12-10,9:39:08.736179542,T,93.7,100,93.84,100,TGT
2025-12-10,9:39:08.736199616,T,93.7,200,93.84,100,TGT
2025-12-10,9:39:08.736946429,T,93.7,200,93.79,100,TGT
2025-12-10,9:39:08.737417529,T,93.7,200,93.84,100,TGT
2025-12-10,9:39:08.738194538,T,93.7,200,93.78,100,TGT
2025-12-10,9:39:08.738941119,T,93.7,200,93.84,100,TGT
2025-12-10,9:39:08.739713076,T,93.7,200,93.78,100,TGT
2025-12-10,9:39:08.740459822,T,93.7,200,93.84,100,TGT
2025-12-10,9:39:08.741226658,T,93.7,200,93.78,100,TGT
2025-12-10,9:39:08.900004933,T,93.7,200,93.79,100,TGT
2025-12-10,9:39:08.900034953,T,93.7,200,93.84,100,TGT
2025-12-10,9:39:15.586444251,T,93.7,100,93.84,100,TGT
2025-12-10,9:39:19.901729788,T,93.7,100,93.83,100,TGT
2025-12-10,9:39:19.901794897,T,93.7,100,93.84,100,TGT
2025-12-10,9:39:19.905543958,T,93.73,200,93.84,100,TGT
2025-12-10,9:39:20.353024827,T,93.73,300,93.84,100,TGT
2025-12-10,9:39:20.374235290,T,93.73,200,93.84,100,TGT
2025-12-10,9:39:29.305943735,T,93.73,300,93.84,100,TGT
2025-12-10,9:39:29.305953746,T,93.74,100,93.84,100,TGT
2025-12-10,9:39:29.306053988,T,93.78,100,93.84,100,TGT
2025-12-10,9:39:29.306084037,T,93.78,100,93.86,200,TGT
2025-12-10,9:39:29.306615394,T,93.78,100,93.82,100,TGT
2025-12-10,9:39:29.306886703,T,93.74,100,93.82,100,TGT
2025-12-10,9:39:29.306906015,T,93.74,100,93.8,100,TGT
2025-12-10,9:39:29.306911029,T,93.74,100,93.8,200,TGT
2025-12-10,9:39:29.307136634,T,93.74,100,93.79,100,TGT
2025-12-10,9:39:29.315952554,T,93.73,200,93.79,100,TGT
2025-12-10,9:39:29.419053182,T,93.73,300,93.79,100,TGT
2025-12-10,9:39:29.456301923,T,93.73,200,93.79,100,TGT
2025-12-10,9:39:33.585333736,T,93.7,100,93.79,100,TGT
2025-12-10,9:39:34.261479446,T,93.7,100,93.86,200,TGT
2025-12-10,9:39:34.261499736,T,93.75,100,93.86,200,TGT
2025-12-10,9:39:34.261504555,T,93.75,200,93.86,200,TGT
2025-12-10,9:39:34.261504555,T,93.76,100,93.86,200,TGT
2025-12-10,9:39:34.262055922,T,93.75,200,93.86,200,TGT
2025-12-10,9:39:34.262567012,T,93.75,100,93.86,200,TGT
2025-12-10,9:39:34.266055322,T,93.75,100,93.95,100,TGT
2025-12-10,9:39:34.266060391,T,93.75,100,93.9,200,TGT
2025-12-10,9:39:34.461566135,T,93.7,100,93.9,200,TGT
2025-12-10,9:39:39.590053943,T,93.77,100,93.9,200,TGT
2025-12-10,9:39:45.685470526,T,93.7,100,93.9,200,TGT
2025-12-10,9:39:45.685500583,T,93.7,100,93.82,100,TGT
2025-12-10,9:39:45.685540679,T,93.7,100,93.81,100,TGT
2025-12-10,9:39:45.685886543,T,93.7,100,93.8,100,TGT
2025-12-10,9:39:45.686076961,T,93.7,100,93.81,100,TGT
2025-12-10,9:39:45.700802031,T,93.7,100,93.82,100,TGT
2025-12-10,9:39:46.809353100,T,93.7,100,93.9,200,TGT
2025-12-10,9:39:46.814339962,T,93.69,200,93.9,200,TGT
2025-12-10,9:39:46.815648025,T,93.68,100,93.9,200,TGT
2025-12-10,9:39:46.819808009,T,93.68,100,93.89,100,TGT
2025-12-10,9:39:46.830734019,T,93.68,100,93.9,200,TGT
2025-12-10,9:39:47.116239169,T,93.64,300,93.9,200,TGT
2025-12-10,9:39:47.371241753,T,93.64,200,93.9,200,TGT
2025-12-10,9:39:47.477284355,T,93.64,200,93.82,100,TGT
2025-12-10,9:39:47.590063009,T,93.64,200,93.9,200,TGT
2025-12-10,9:39:47.603239383,T,93.64,200,93.82,100,TGT
2025-12-10,9:39:47.732858203,T,93.64,300,93.82,100,TGT
2025-12-10,9:39:47.732888254,T,93.64,300,93.9,200,TGT
2025-12-10,9:39:47.762995031,T,93.64,300,93.82,100,TGT
2025-12-10,9:39:47.826937284,T,93.64,300,93.9,200,TGT
2025-12-10,9:39:47.833673359,T,93.64,300,93.78,100,TGT
2025-12-10,9:39:48.111530314,T,93.64,300,93.82,100,TGT
2025-12-10,9:39:49.740601188,T,93.66,100,93.82,100,TGT
2025-12-10,9:39:49.968303669,T,93.66,200,93.82,100,TGT
2025-12-10,9:39:52.845869035,T,93.67,100,93.82,100,TGT
2025-12-10,9:40:01.381975146,T,93.68,100,93.82,100,TGT
2025-12-10,9:40:04.905579645,T,93.69,100,93.82,100,TGT
2025-12-10,9:40:07.376075076,T,93.69,100,93.78,100,TGT
2025-12-10,9:40:07.376806854,T,93.69,100,93.78,200,TGT
2025-12-10,9:40:10.916348948,T,93.69,200,93.78,200,TGT
2025-12-10,9:40:13.932108660,T,93.69,200,93.78,100,TGT
2025-12-10,9:40:13.932113617,T,93.69,200,93.9,200,TGT
2025-12-10,9:40:13.932129173,T,93.69,300,93.9,200,TGT
2025-12-10,9:40:13.932138571,T,93.76,100,93.9,200,TGT
2025-12-10,9:40:13.933386616,T,93.74,100,93.9,200,TGT
2025-12-10,9:40:14.032898674,T,93.7,200,93.9,200,TGT
2025-12-10,9:40:14.035905828,T,93.73,100,93.9,200,TGT
2025-12-10,9:40:14.036647617,T,93.7,200,93.9,200,TGT
2025-12-10,9:40:14.036677695,T,93.7,200,93.81,100,TGT
2025-12-10,9:40:14.036682635,T,93.7,100,93.81,100,TGT
2025-12-10,9:40:14.036697772,T,93.7,100,93.83,100,TGT
2025-12-10,9:40:14.036913236,T,93.7,100,93.9,200,TGT
2025-12-10,9:40:14.036923300,T,93.7,200,93.9,200,TGT
2025-12-10,9:40:14.036938249,T,93.7,200,93.81,100,TGT
2025-12-10,9:40:14.037143828,T,93.7,200,93.9,200,TGT
2025-12-10,9:40:14.047819223,T,93.7,100,93.9,200,TGT
2025-12-10,9:40:15.161913437,T,93.7,100,93.82,100,TGT
2025-12-10,9:40:15.439154119,T,93.7,200,93.82,100,TGT
2025-12-10,9:40:15.439174255,T,93.7,100,93.82,100,TGT
2025-12-10,9:40:15.439204239,T,93.71,100,93.82,100,TGT
2025-12-10,9:40:15.439665375,T,93.7,100,93.82,100,TGT
2025-12-10,9:40:15.947124219,T,93.71,100,93.82,100,TGT
2025-12-10,9:40:17.057820097,T,93.69,100,93.82,100,TGT
2025-12-10,9:40:18.295283215,T,93.66,100,93.82,100,TGT
2025-12-10,9:40:19.052572267,T,93.71,100,93.82,100,TGT
2025-12-10,9:40:21.558993615,T,93.66,100,93.82,100,TGT
2025-12-10,9:40:24.399976546,T,93.71,100,93.82,100,TGT
2025-12-10,9:40:24.403925962,T,93.71,200,93.82,100,TGT
2025-12-10,9:40:24.660066188,T,93.71,100,93.82,100,TGT
2025-12-10,9:40:24.989561126,T,93.71,200,93.82,100,TGT
2025-12-10,9:40:27.029746544,T,93.71,300,93.82,100,TGT
2025-12-10,9:40:29.389678753,T,93.71,200,93.82,100,TGT
2025-12-10,9:40:30.559901639,T,93.71,100,93.82,100,TGT
2025-12-10,9:40:30.559907315,T,93.65,100,93.82,100,TGT
2025-12-10,9:40:30.559926805,T,93.65,100,93.74,100,TGT
2025-12-10,9:40:30.559926805,T,93.65,100,93.73,100,TGT
2025-12-10,9:40:30.560944235,T,93.65,100,93.74,100,TGT
2025-12-10,9:40:30.564036544,T,93.66,100,93.74,100,TGT
2025-12-10,9:40:30.564362385,T,93.65,100,93.74,100,TGT
2025-12-10,9:40:30.659980141,T,93.65,100,93.79,100,TGT
2025-12-10,9:40:30.660792131,T,93.65,100,93.82,100,TGT
2025-12-10,9:40:30.998927807,T,93.65,100,93.78,100,TGT
2025-12-10,9:40:30.999138308,T,93.65,100,93.78,200,TGT
2025-12-10,9:40:31.000396298,T,93.63,100,93.78,200,TGT
2025-12-10,9:40:32.236786858,T,93.63,100,93.78,100,TGT
2025-12-10,9:40:32.565840737,T,93.63,100,93.78,200,TGT
2025-12-10,9:40:33.513262904,T,93.63,100,93.78,100,TGT
2025-12-10,9:40:36.583943294,T,93.65,100,93.78,100,TGT
2025-12-10,9:40:39.440999848,T,93.65,100,93.76,100,TGT
2025-12-10,9:40:39.441210360,T,93.65,100,93.76,200,TGT
2025-12-10,9:40:45.734327791,T,93.65,100,93.76,100,TGT
2025-12-10,9:40:53.724698499,T,93.65,200,93.76,100,TGT
2025-12-10,9:40:54.435942991,T,93.65,100,93.76,100,TGT
2025-12-10,9:40:54.435978097,T,93.66,100,93.76,100,TGT
2025-12-10,9:40:55.016395774,T,93.65,100,93.76,100,TGT
2025-12-10,9:40:55.016430864,T,93.67,100,93.76,100,TGT
2025-12-10,9:41:05.586637764,T,93.67,200,93.76,100,TGT
2025-12-10,9:41:06.410695868,T,93.67,200,93.76,200,TGT
2025-12-10,9:41:06.446235564,T,93.67,200,93.76,100,TGT
2025-12-10,9:41:11.563937881,T,93.67,100,93.76,100,TGT
2025-12-10,9:41:11.563937881,T,93.63,100,93.76,100,TGT
2025-12-10,9:41:11.563963022,T,93.63,100,93.68,100,TGT
2025-12-10,9:41:11.564248596,T,93.63,100,93.68,200,TGT
2025-12-10,9:41:11.564268567,T,93.63,100,93.68,300,TGT
2025-12-10,9:41:11.564419004,T,93.63,100,93.67,100,TGT
2025-12-10,9:41:11.564489130,T,93.6,200,93.67,100,TGT
2025-12-10,9:41:11.564509311,T,93.6,200,93.66,100,TGT
2025-12-10,9:41:11.564549288,T,93.6,200,93.65,100,TGT
2025-12-10,9:41:11.565075481,T,93.6,200,93.65,200,TGT
2025-12-10,9:41:11.565245941,T,93.6,200,93.64,100,TGT
2025-12-10,9:41:11.565276169,T,93.6,200,93.65,100,TGT
2025-12-10,9:41:11.565311051,T,93.6,300,93.65,100,TGT
2025-12-10,9:41:11.565817314,T,93.6,300,93.64,100,TGT
2025-12-10,9:41:11.565857380,T,93.6,300,93.63,100,TGT
2025-12-10,9:41:11.565887491,T,93.6,300,93.63,200,TGT
2025-12-10,9:41:11.566383602,T,93.6,200,93.63,200,TGT
2025-12-10,9:41:11.569556143,T,93.6,200,93.63,100,TGT
2025-12-10,9:41:11.569556143,T,93.6,200,93.68,100,TGT
2025-12-10,9:41:11.569591304,T,93.6,200,93.68,200,TGT
2025-12-10,9:41:11.570433318,T,93.49,100,93.68,200,TGT
2025-12-10,9:41:11.570438333,T,93.53,200,93.68,200,TGT
2025-12-10,9:41:11.574272488,T,93.53,200,93.68,100,TGT
2025-12-10,9:41:11.574507996,T,93.53,200,93.68,200,TGT
2025-12-10,9:41:13.881574085,T,93.53,200,93.68,100,TGT
2025-12-10,9:41:13.881584087,T,93.53,200,93.78,100,TGT
2025-12-10,9:41:14.755055026,T,93.57,100,93.78,100,TGT
2025-12-10,9:41:14.755110162,T,93.53,200,93.78,100,TGT
2025-12-10,9:41:14.755355770,T,93.57,100,93.78,100,TGT
2025-12-10,9:41:14.755365852,T,93.53,200,93.78,100,TGT
2025-12-10,9:41:14.755596299,T,93.63,100,93.78,100,TGT
2025-12-10,9:41:14.755601351,T,93.63,100,93.72,100,TGT
2025-12-10,9:41:14.756032335,T,93.63,200,93.72,100,TGT
2025-12-10,9:41:14.756057400,T,93.63,100,93.72,100,TGT
2025-12-10,9:41:14.756092518,T,93.63,100,93.71,100,TGT
2025-12-10,9:41:14.756102545,T,93.63,100,93.71,200,TGT
2025-12-10,9:41:14.756102545,T,93.63,100,93.67,100,TGT
2025-12-10,9:41:14.756247847,T,93.57,100,93.67,100,TGT
2025-12-10,9:41:14.756272889,T,93.53,200,93.67,100,TGT
2025-12-10,9:41:14.756293024,T,93.53,200,93.64,100,TGT
2025-12-10,9:41:14.756333020,T,93.49,100,93.64,100,TGT
2025-12-10,9:41:14.756343059,T,93.57,200,93.64,100,TGT
2025-12-10,9:41:14.756378142,T,93.57,200,93.71,200,TGT
2025-12-10,9:41:14.756403225,T,93.57,300,93.71,200,TGT
2025-12-10,9:41:14.756433260,T,93.57,200,93.71,200,TGT
2025-12-10,9:41:14.756533517,T,93.58,100,93.71,200,TGT
2025-12-10,9:41:14.756588664,T,93.58,200,93.71,200,TGT
2025-12-10,9:41:14.756653878,T,93.58,300,93.71,200,TGT
2025-12-10,9:41:14.756854257,T,93.58,400,93.71,200,TGT
2025-12-10,9:41:14.756869391,T,93.58,300,93.71,200,TGT
2025-12-10,9:41:14.756874350,T,93.58,200,93.71,200,TGT
2025-12-10,9:41:14.756879424,T,93.58,100,93.71,200,TGT
2025-12-10,9:41:14.756884602,T,93.57,300,93.71,200,TGT
2025-12-10,9:41:14.756889546,T,93.57,200,93.71,200,TGT
2025-12-10,9:41:14.756914597,T,93.63,300,93.71,200,TGT
2025-12-10,9:41:14.757145042,T,93.63,300,93.71,100,TGT
2025-12-10,9:41:14.757145042,T,93.63,300,93.72,200,TGT
2025-12-10,9:41:14.757155066,T,93.57,200,93.72,200,TGT
2025-12-10,9:41:14.757180413,T,93.57,200,93.71,100,TGT
2025-12-10,9:41:14.757205101,T,93.57,200,93.72,200,TGT
2025-12-10,9:41:14.757280271,T,93.58,100,93.72,200,TGT
2025-12-10,9:41:14.757686504,T,93.59,100,93.72,200,TGT
2025-12-10,9:41:14.757686504,T,93.63,100,93.72,200,TGT
2025-12-10,9:41:14.761199633,T,93.63,100,93.72,100,TGT
2025-12-10,9:41:14.766296851,T,93.63,100,93.78,100,TGT
2025-12-10,9:41:14.784475160,T,93.63,100,93.72,100,TGT
2025-12-10,9:41:14.784685641,T,93.63,100,93.72,200,TGT
2025-12-10,9:41:15.587408006,T,93.65,100,93.72,200,TGT
2025-12-10,9:41:15.587428017,T,93.65,200,93.72,200,TGT
2025-12-10,9:41:16.174682057,T,93.65,200,93.72,100,TGT
2025-12-10,9:41:20.967284630,T,93.65,200,93.78,100,TGT
2025-12-10,9:41:24.051752918,T,93.65,300,93.78,100,TGT
2025-12-10,9:41:26.891382862,T,93.66,100,93.78,100,TGT
2025-12-10,9:41:27.621386933,T,93.65,200,93.78,100,TGT
2025-12-10,9:41:27.621412037,T,93.65,200,93.78,200,TGT
2025-12-10,9:41:27.621412037,T,93.65,200,93.69,100,TGT
2025-12-10,9:41:27.621757886,T,93.65,100,93.69,100,TGT
2025-12-10,9:41:27.621838209,T,93.57,200,93.69,100,TGT
2025-12-10,9:41:27.621858129,T,93.57,200,93.68,100,TGT
2025-12-10,9:41:27.622900567,T,93.57,200,93.71,100,TGT
2025-12-10,9:41:27.622950679,T,93.57,200,93.7,100,TGT
2025-12-10,9:41:27.821443503,T,93.57,200,93.72,100,TGT
2025-12-10,9:41:27.821463527,T,93.57,200,93.74,100,TGT
2025-12-10,9:41:28.272046992,T,93.57,200,93.72,100,TGT
2025-12-10,9:41:28.272062041,T,93.57,200,93.7,100,TGT
2025-12-10,9:41:28.272272587,T,93.57,200,93.7,200,TGT
2025-12-10,9:41:28.272272587,T,93.57,200,93.68,100,TGT
2025-12-10,9:41:28.272708652,T,93.57,200,93.7,200,TGT
2025-12-10,9:41:28.275941312,T,93.52,100,93.7,200,TGT
2025-12-10,9:41:28.275951330,T,93.53,200,93.7,200,TGT
2025-12-10,9:41:28.282311446,T,93.53,200,93.7,100,TGT
2025-12-10,9:41:29.357929048,T,93.53,200,93.74,100,TGT
2025-12-10,9:41:32.510845552,T,93.6,100,93.74,100,TGT
2025-12-10,9:41:32.520197825,T,93.6,100,93.77,100,TGT
2025-12-10,9:41:36.559781247,T,93.6,100,93.78,100,TGT
2025-12-10,9:41:38.518803400,T,93.53,200,93.78,100,TGT
2025-12-10,9:41:38.960530789,T,93.33,100,93.78,100,TGT
2025-12-10,9:41:38.960540776,T,93.56,200,93.78,100,TGT
2025-12-10,9:41:39.202883011,T,93.56,200,93.7,100,TGT
2025-12-10,9:41:42.590698820,T,93.61,100,93.7,100,TGT
2025-12-10,9:41:50.353026499,T,93.61,200,93.7,100,TGT
2025-12-10,9:41:51.263250119,T,93.63,100,93.7,100,TGT
2025-12-10,9:41:51.263285043,T,93.64,100,93.7,100,TGT
2025-12-10,9:41:51.263410377,T,93.63,100,93.7,100,TGT
2025-12-10,9:41:51.263691054,T,93.63,100,93.77,200,TGT
2025-12-10,9:41:51.263716036,T,93.64,100,93.77,200,TGT
2025-12-10,9:41:51.263716036,T,93.67,100,93.77,200,TGT
2025-12-10,9:41:51.264267391,T,93.63,100,93.77,200,TGT
2025-12-10,9:41:51.791548589,T,93.63,100,93.78,100,TGT
2025-12-10,9:42:00.052117888,T,93.68,100,93.78,100,TGT
2025-12-10,9:42:03.035295074,T,93.69,100,93.78,100,TGT
2025-12-10,9:42:03.035310165,T,93.68,100,93.78,100,TGT
2025-12-10,9:42:03.035330190,T,93.69,100,93.78,100,TGT
2025-12-10,9:42:03.035515652,T,93.7,100,93.78,100,TGT
2025-12-10,9:42:03.107016145,T,93.7,100,93.76,100,TGT
2025-12-10,9:42:03.940687147,T,93.7,400,93.76,100,TGT
2025-12-10,9:42:10.935446086,T,93.71,100,93.76,100,TGT
2025-12-10,9:42:20.352981799,T,93.71,200,93.76,100,TGT
2025-12-10,9:42:20.591941032,T,93.71,200,93.78,100,TGT
2025-12-10,9:42:20.669646239,T,93.71,200,93.76,100,TGT
2025-12-10,9:42:23.765591774,T,93.71,100,93.76,100,TGT
2025-12-10,9:42:24.590040751,T,93.7,300,93.76,100,TGT
2025-12-10,9:42:27.830240211,T,93.7,300,93.78,100,TGT
2025-12-10,9:42:27.830746329,T,93.73,100,93.78,100,TGT
2025-12-10,9:42:27.830941843,T,93.73,100,93.87,200,TGT
2025-12-10,9:42:28.887939930,T,93.73,200,93.87,200,TGT
2025-12-10,9:42:34.270137314,T,93.73,100,93.87,200,TGT
2025-12-10,9:42:37.093458423,T,93.73,200,93.87,200,TGT
2025-12-10,9:42:37.093804277,T,93.73,100,93.87,200,TGT
2025-12-10,9:42:37.093869380,T,93.68,200,93.87,200,TGT
2025-12-10,9:42:37.094270377,T,93.68,200,93.82,100,TGT
2025-12-10,9:42:37.094280340,T,93.68,200,93.85,100,TGT
2025-12-10,9:42:37.095443111,T,93.68,200,93.86,100,TGT
2025-12-10,9:42:37.095533363,T,93.68,200,93.85,100,TGT
2025-12-10,9:42:37.099317345,T,93.68,200,93.86,100,TGT
2025-12-10,9:42:37.101322149,T,93.68,200,93.87,200,TGT
2025-12-10,9:42:37.101612828,T,93.68,200,93.86,100,TGT
2025-12-10,9:42:37.104404521,T,93.68,200,93.87,200,TGT
2025-12-10,9:42:38.847807775,T,93.75,100,93.87,200,TGT
2025-12-10,9:42:50.417716447,T,93.76,100,93.87,200,TGT
2025-12-10,9:42:52.008476084,T,93.76,200,93.87,200,TGT
2025-12-10,9:42:53.575448919,T,93.76,100,93.87,200,TGT
2025-12-10,9:42:53.575478893,T,93.77,100,93.87,200,TGT
2025-12-10,9:42:55.353003625,T,93.77,200,93.87,200,TGT
2025-12-10,9:43:00.407500227,T,93.77,300,93.87,200,TGT
2025-12-10,9:43:02.006630205,T,93.77,200,93.87,200,TGT
2025-12-10,9:43:02.441415990,T,93.77,200,93.91,200,TGT
2025-12-10,9:43:02.441426035,T,93.77,200,93.91,400,TGT
2025-12-10,9:43:03.778696864,T,93.77,200,93.9,100,TGT
2025-12-10,9:43:04.014723991,T,93.77,200,93.91,400,TGT
2025-12-10,9:43:04.015345540,T,93.82,100,93.91,400,TGT
2025-12-10,9:43:04.015395910,T,93.82,200,93.91,400,TGT
2025-12-10,9:43:04.015480870,T,93.82,100,93.91,400,TGT
2025-12-10,9:43:04.015696337,T,93.82,200,93.91,400,TGT
2025-12-10,9:43:04.015741459,T,93.82,200,93.91,300,TGT
2025-12-10,9:43:04.019430213,T,93.82,200,93.91,100,TGT
2025-12-10,9:43:06.374811363,T,93.82,100,93.91,100,TGT
2025-12-10,9:43:06.375212409,T,93.77,100,93.91,100,TGT
2025-12-10,9:43:08.766920153,T,93.77,100,93.86,100,TGT
2025-12-10,9:43:08.767867310,T,93.82,100,93.86,100,TGT
2025-12-10,9:43:11.003558580,T,93.75,200,93.86,100,TGT
2025-12-10,9:43:11.690455029,T,93.75,200,93.91,100,TGT
2025-12-10,9:43:11.690475259,T,93.82,100,93.91,100,TGT
2025-12-10,9:43:11.690475259,T,93.84,100,93.91,100,TGT
2025-12-10,9:43:11.691031387,T,93.82,600,93.91,100,TGT
2025-12-10,9:43:11.700544075,T,93.82,500,93.91,100,TGT
2025-12-10,9:43:11.790839201,T,93.82,400,93.91,100,TGT
2025-12-10,9:43:15.369234130,T,93.85,100,93.91,100,TGT
2025-12-10,9:43:15.369264491,T,93.87,100,93.91,100,TGT
2025-12-10,9:43:15.369269191,T,93.85,100,93.91,100,TGT
2025-12-10,9:43:15.369459736,T,93.85,200,93.91,100,TGT
2025-12-10,9:43:15.370552350,T,93.85,200,93.98,100,TGT
2025-12-10,9:43:15.370577387,T,93.89,100,93.98,100,TGT
2025-12-10,9:43:15.371078516,T,93.89,100,94.0,500,TGT
2025-12-10,9:43:15.371133641,T,93.88,100,94.0,500,TGT
2025-12-10,9:43:15.771738073,T,93.87,100,94.0,500,TGT
2025-12-10,9:43:18.085054193,T,93.87,100,93.98,100,TGT
2025-12-10,9:43:18.085054193,T,93.87,100,93.93,100,TGT
2025-12-10,9:43:18.085605546,T,93.87,100,93.95,100,TGT
2025-12-10,9:43:18.085665628,T,93.87,100,94.0,500,TGT
2025-12-10,9:43:18.085765853,T,93.87,100,93.95,100,TGT
2025-12-10,9:43:18.085921890,T,93.85,200,93.95,100,TGT
2025-12-10,9:43:18.086171954,T,93.87,100,93.95,100,TGT
2025-12-10,9:43:18.086186911,T,93.87,200,93.95,100,TGT
2025-12-10,9:43:18.086958654,T,93.87,100,93.95,100,TGT
2025-12-10,9:43:18.086978794,T,93.85,100,93.95,100,TGT
2025-12-10,9:43:18.090136328,T,93.86,200,93.95,100,TGT
2025-12-10,9:43:18.343850690,T,93.87,100,93.95,100,TGT
2025-12-10,9:43:18.343860878,T,93.87,200,93.95,100,TGT
2025-12-10,9:43:18.343875813,T,93.87,200,94.0,500,TGT
2025-12-10,9:43:19.270774027,T,93.89,100,94.0,500,TGT
2025-12-10,9:43:19.271500774,T,93.89,100,94.0,400,TGT
2025-12-10,9:43:19.271796437,T,93.89,100,94.0,200,TGT
2025-12-10,9:43:19.277254384,T,93.87,200,94.0,200,TGT
2025-12-10,9:43:20.233317147,T,93.91,100,94.0,200,TGT
2025-12-10,9:43:20.233337153,T,93.91,200,94.0,200,TGT
2025-12-10,9:43:23.305491284,T,93.91,200,94.0,300,TGT
2025-12-10,9:43:24.312174667,T,93.91,200,93.99,100,TGT
2025-12-10,9:43:24.596000801,T,93.91,300,93.99,100,TGT
2025-12-10,9:43:25.568086680,T,93.91,200,93.99,100,TGT
2025-12-10,9:43:26.529928067,T,93.93,100,93.99,100,TGT
2025-12-10,9:43:28.308014351,T,93.94,100,93.99,100,TGT
2025-12-10,9:43:28.308259609,T,93.94,100,94.0,200,TGT
2025-12-10,9:43:28.308269688,T,93.94,100,93.99,100,TGT
2025-12-10,9:43:28.308279742,T,93.94,100,94.0,300,TGT
2025-12-10,9:43:28.308284776,T,93.97,100,94.0,300,TGT
2025-12-10,9:43:28.308289722,T,93.97,100,93.99,100,TGT
2025-12-10,9:43:28.308309825,T,93.97,100,94.0,300,TGT
2025-12-10,9:43:28.308314769,T,93.97,100,93.99,100,TGT
2025-12-10,9:43:28.308570360,T,93.97,100,93.99,200,TGT
2025-12-10,9:43:28.308605501,T,93.97,100,93.99,400,TGT
2025-12-10,9:43:28.308835985,T,93.94,100,93.99,400,TGT
2025-12-10,9:43:28.317727194,T,93.94,100,93.99,500,TGT
2025-12-10,9:43:28.508155953,T,93.91,100,93.99,500,TGT
2025-12-10,9:43:30.137332072,T,93.91,100,93.99,200,TGT
2025-12-10,9:43:30.137337395,T,93.91,100,93.99,100,TGT
2025-12-10,9:43:30.137342178,T,93.91,100,93.99,200,TGT
2025-12-10,9:43:30.137808246,T,93.91,100,93.99,100,TGT
2025-12-10,9:43:30.139056242,T,93.91,300,93.99,100,TGT
2025-12-10,9:43:30.141822847,T,93.91,200,93.99,100,TGT
2025-12-10,9:43:34.612809160,T,93.91,300,93.99,100,TGT
2025-12-10,9:43:39.173173668,T,93.91,100,93.99,100,TGT
2025-12-10,9:43:40.104402217,T,93.92,100,93.99,100,TGT
2025-12-10,9:43:42.345922108,T,93.91,200,93.99,100,TGT
2025-12-10,9:43:42.591231381,T,93.91,100,93.99,100,TGT
2025-12-10,9:43:45.219132045,T,93.92,100,93.99,100,TGT
2025-12-10,9:43:46.736061011,T,93.92,200,93.99,100,TGT
2025-12-10,9:43:54.598988249,T,93.92,100,93.99,100,TGT
2025-12-10,9:43:55.353881416,T,93.93,100,93.99,100,TGT
2025-12-10,9:43:55.380464806,T,93.89,100,93.99,100,TGT
2025-12-10,9:43:55.380505079,T,93.89,100,93.98,100,TGT
2025-12-10,9:43:55.380514997,T,93.89,100,93.98,200,TGT
2025-12-10,9:43:55.380966017,T,93.91,100,93.98,200,TGT
2025-12-10,9:43:55.381026109,T,93.91,500,93.98,200,TGT
2025-12-10,9:43:55.381151405,T,93.91,100,93.98,200,TGT
2025-12-10,9:43:55.381171743,T,93.91,200,93.98,200,TGT
2025-12-10,9:43:55.381176490,T,93.94,400,93.98,200,TGT
2025-12-10,9:43:55.381181734,T,93.94,700,93.98,200,TGT
2025-12-10,9:43:55.381191533,T,93.94,300,93.98,200,TGT
2025-12-10,9:43:55.381191533,T,93.91,100,93.98,200,TGT
2025-12-10,9:43:55.381216574,T,93.95,800,93.98,200,TGT
2025-12-10,9:43:55.381557421,T,93.95,800,93.98,100,TGT
2025-12-10,9:43:55.381562332,T,93.95,800,93.99,100,TGT
2025-12-10,9:43:55.388483857,T,93.89,100,93.99,100,TGT
2025-12-10,9:43:55.388503928,T,93.89,100,93.99,200,TGT
2025-12-10,9:43:55.388508991,T,93.89,100,93.97,100,TGT
2025-12-10,9:43:55.388508991,T,93.89,100,93.97,200,TGT
2025-12-10,9:43:55.388508991,T,93.89,100,93.97,300,TGT
2025-12-10,9:43:55.389065288,T,93.89,100,93.97,200,TGT
2025-12-10,9:43:55.390498712,T,93.91,100,93.97,200,TGT
2025-12-10,9:43:55.395585753,T,93.91,100,93.97,100,TGT
2025-12-10,9:43:55.488747775,T,93.91,100,93.99,200,TGT
2025-12-10,9:43:55.496340807,T,93.91,100,93.99,100,TGT
2025-12-10,9:43:55.582300661,T,93.91,100,93.99,200,TGT
2025-12-10,9:43:55.679597470,T,93.91,100,93.99,100,TGT
2025-12-10,9:43:57.193669581,T,93.91,100,93.99,200,TGT
2025-12-10,9:43:57.717948651,T,93.91,100,93.99,100,TGT
2025-12-10,9:43:57.718119117,T,93.91,100,93.99,200,TGT
2025-12-10,9:43:58.001659799,T,93.91,100,93.99,100,TGT
2025-12-10,9:43:58.496568543,T,93.91,100,93.99,200,TGT
2025-12-10,9:43:58.496723937,T,93.91,100,93.99,100,TGT
2025-12-10,9:43:58.702920183,T,93.92,100,93.99,100,TGT
2025-12-10,9:44:00.602736241,T,93.93,100,93.99,100,TGT
2025-12-10,9:44:06.085167183,T,93.93,200,93.99,100,TGT
2025-12-10,9:44:10.542646413,T,93.93,100,93.99,100,TGT
2025-12-10,9:44:10.542686575,T,93.93,100,93.99,200,TGT
2025-12-10,9:44:10.607631279,T,93.93,200,93.99,200,TGT
2025-12-10,9:44:10.701685263,T,93.93,200,93.99,100,TGT
2025-12-10,9:44:19.708743473,T,93.93,100,93.99,100,TGT
2025-12-10,9:44:19.708748461,T,93.91,100,93.99,100,TGT
2025-12-10,9:44:19.708768884,T,93.91,100,93.94,100,TGT
2025-12-10,9:44:19.709134346,T,93.91,100,93.94,200,TGT
2025-12-10,9:44:19.709299737,T,93.91,100,93.93,100,TGT
2025-12-10,9:44:19.710557768,T,93.91,100,93.99,200,TGT
2025-12-10,9:44:19.710878554,T,93.89,100,93.99,200,TGT
2025-12-10,9:44:19.730149437,T,93.89,100,93.99,100,TGT
2025-12-10,9:44:24.594247506,T,93.89,200,93.99,100,TGT
2025-12-10,9:44:30.547660639,T,93.89,200,93.99,200,TGT
2025-12-10,9:44:31.624310599,T,93.89,200,93.99,100,TGT
2025-12-10,9:44:32.905131949,T,93.89,100,93.99,100,TGT
2025-12-10,9:44:33.087315980,T,93.89,100,93.94,100,TGT
2025-12-10,9:44:33.087561509,T,93.89,100,93.94,200,TGT
2025-12-10,9:44:33.087767120,T,93.89,100,93.93,100,TGT
2025-12-10,9:44:33.098743127,T,93.89,100,93.99,100,TGT
2025-12-10,9:44:33.689751166,T,93.89,100,93.98,100,TGT
2025-12-10,9:44:37.335115699,T,93.92,100,93.98,100,TGT
2025-12-10,9:44:37.339335802,T,93.92,200,93.98,100,TGT
2025-12-10,9:44:37.503075825,T,93.92,100,93.98,100,TGT
2025-12-10,9:44:41.798519025,T,93.92,100,93.98,200,TGT
2025-12-10,9:44:44.469161450,T,93.92,200,93.98,200,TGT
2025-12-10,9:44:44.986117994,T,93.92,100,93.98,200,TGT
2025-12-10,9:44:50.960435719,T,93.94,100,93.98,200,TGT
2025-12-10,9:44:51.398905381,T,93.94,100,93.98,100,TGT
2025-12-10,9:44:52.613042800,T,93.94,200,93.98,100,TGT
2025-12-10,9:44:53.204201245,T,93.94,200,93.99,100,TGT
2025-12-10,9:44:53.204211315,T,93.94,200,93.98,100,TGT
2025-12-10,9:44:53.204221279,T,93.94,200,93.99,100,TGT
2025-12-10,9:44:53.204226627,T,93.96,100,93.99,100,TGT
2025-12-10,9:44:53.204231435,T,93.96,100,93.98,100,TGT
2025-12-10,9:44:53.204231435,T,93.96,100,93.99,100,TGT
2025-12-10,9:44:53.204562038,T,93.96,100,93.99,200,TGT
2025-12-10,9:44:53.204777630,T,93.94,200,93.99,200,TGT
2025-12-10,9:44:57.221526960,T,93.94,200,93.98,100,TGT
2025-12-10,9:44:57.221526960,T,93.94,200,93.98,200,TGT
2025-12-10,9:44:57.221551889,T,93.94,200,93.98,300,TGT
2025-12-10,9:44:57.221687277,T,93.94,100,93.98,300,TGT
2025-12-10,9:44:57.221777421,T,93.94,100,93.97,100,TGT
2025-12-10,9:44:57.222258645,T,93.91,100,93.97,100,TGT
2025-12-10,9:44:57.222278621,T,93.91,100,93.96,100,TGT
2025-12-10,9:44:57.222278621,T,93.91,100,93.95,100,TGT
2025-12-10,9:44:57.222614421,T,93.93,100,93.95,100,TGT
2025-12-10,9:44:57.222619459,T,93.91,100,93.95,100,TGT
2025-12-10,9:44:57.222835029,T,93.91,100,93.96,200,TGT
2025-12-10,9:44:57.222870050,T,93.91,100,93.94,100,TGT
2025-12-10,9:44:57.223175833,T,93.91,100,93.93,100,TGT
2025-12-10,9:44:57.223190963,T,93.92,100,93.93,100,TGT
2025-12-10,9:44:57.223902514,T,93.92,100,93.96,100,TGT
2025-12-10,9:44:57.228232893,T,93.92,100,93.95,100,TGT
2025-12-10,9:44:57.228272977,T,93.91,100,93.95,100,TGT
2025-12-10,9:44:57.228292932,T,93.91,100,93.94,100,TGT
2025-12-10,9:44:57.228292932,T,93.91,100,93.94,200,TGT
2025-12-10,9:44:57.228338120,T,93.91,100,93.93,100,TGT
2025-12-10,9:44:57.228739036,T,93.91,100,93.94,200,TGT
2025-12-10,9:44:57.228849316,T,93.91,100,93.94,100,TGT
2025-12-10,9:44:57.228914467,T,93.91,100,93.93,100,TGT
2025-12-10,9:44:57.228949581,T,93.91,100,93.92,100,TGT
2025-12-10,9:44:57.229425699,T,93.9,100,93.92,100,TGT
2025-12-10,9:44:57.229430736,T,93.91,100,93.92,100,TGT
2025-12-10,9:44:57.229440763,T,93.91,100,93.92,200,TGT
2025-12-10,9:44:57.229445779,T,93.9,100,93.92,200,TGT
2025-12-10,9:44:57.229475811,T,93.9,100,93.92,300,TGT
2025-12-10,9:44:57.229486211,T,93.9,100,93.92,200,TGT
2025-12-10,9:44:57.229490854,T,93.9,100,93.92,100,TGT
2025-12-10,9:44:57.229651185,T,93.9,100,93.91,100,TGT
2025-12-10,9:44:57.230513242,T,93.9,100,93.96,100,TGT
2025-12-10,9:44:57.230618497,T,93.9,100,93.94,100,TGT
2025-12-10,9:44:57.245829706,T,93.86,200,93.94,100,TGT
2025-12-10,9:44:57.422340192,T,93.86,200,93.96,100,TGT
2025-12-10,9:44:57.810655341,T,93.86,200,93.98,100,TGT
2025-12-10,9:44:58.866721120,T,93.86,200,93.94,100,TGT
2025-12-10,9:44:58.866746601,T,93.86,200,93.94,200,TGT
2025-12-10,9:44:58.867132110,T,93.86,200,93.94,100,TGT
2025-12-10,9:44:58.867227306,T,93.86,200,93.93,100,TGT
2025-12-10,9:44:58.868755961,T,93.81,100,93.93,100,TGT
2025-12-10,9:44:58.868766035,T,93.82,200,93.93,100,TGT
2025-12-10,9:44:58.917121229,T,93.82,200,93.98,100,TGT
2025-12-10,9:44:58.917662515,T,93.82,200,93.94,100,TGT
2025-12-10,9:45:02.385744591,T,93.82,200,93.98,100,TGT
2025-12-10,9:45:02.385854927,T,93.88,100,93.98,100,TGT
2025-12-10,9:45:02.389854437,T,93.88,200,93.98,100,TGT
2025-12-10,9:45:02.895468971,T,93.88,200,93.93,100,TGT
2025-12-10,9:45:02.895499068,T,93.88,200,93.93,200,TGT
2025-12-10,9:45:02.927490221,T,93.88,200,93.93,100,TGT
2025-12-10,9:45:03.095525630,T,93.88,200,93.98,100,TGT
2025-12-10,9:45:05.207817840,T,93.88,200,93.94,100,TGT
2025-12-10,9:45:06.014063691,T,93.88,300,93.94,100,TGT
2025-12-10,9:45:06.014093767,T,93.88,300,93.98,100,TGT
2025-12-10,9:45:14.550244406,T,93.88,400,93.98,100,TGT
2025-12-10,9:45:14.552409654,T,93.88,300,93.98,100,TGT
2025-12-10,9:45:14.552444750,T,93.89,100,93.98,100,TGT
2025-12-10,9:45:15.474686766,T,93.88,200,93.98,100,TGT
2025-12-10,9:45:15.474721810,T,93.9,100,93.98,100,TGT
2025-12-10,9:45:17.727969845,T,93.9,200,93.98,100,TGT
2025-12-10,9:45:17.858696323,T,93.9,100,93.98,100,TGT
2025-12-10,9:45:17.858731349,T,93.91,100,93.98,100,TGT
2025-12-10,9:45:21.577350415,T,93.91,200,93.98,100,TGT
2025-12-10,9:45:21.577380496,T,93.92,100,93.98,100,TGT
2025-12-10,9:45:21.580492917,T,93.92,200,93.98,100,TGT
2025-12-10,9:45:21.653551971,T,93.92,100,93.98,100,TGT
2025-12-10,9:45:22.936939521,T,93.92,100,93.98,200,TGT
2025-12-10,9:45:23.386144706,T,93.92,100,93.98,300,TGT
2025-12-10,9:45:23.436820480,T,93.9,100,93.98,300,TGT
2025-12-10,9:45:23.436840543,T,93.9,100,93.95,100,TGT
2025-12-10,9:45:23.436875646,T,93.9,100,93.94,100,TGT
2025-12-10,9:45:23.436925732,T,93.9,100,93.94,200,TGT
2025-12-10,9:45:23.437005932,T,93.85,300,93.94,200,TGT
2025-12-10,9:45:23.437101183,T,93.85,200,93.94,200,TGT
2025-12-10,9:45:23.437136254,T,93.85,200,93.93,100,TGT
2025-12-10,9:45:23.439662206,T,93.85,200,93.93,200,TGT
2025-12-10,9:45:23.439752392,T,93.85,200,93.92,100,TGT
2025-12-10,9:45:23.440293732,T,93.85,200,93.93,100,TGT
2025-12-10,9:45:23.443190660,T,93.85,200,93.92,100,TGT
2025-12-10,9:45:23.447365761,T,93.85,200,93.92,200,TGT
2025-12-10,9:45:23.450182253,T,93.85,200,93.92,100,TGT
2025-12-10,9:45:23.454236905,T,93.82,100,93.92,100,TGT
2025-12-10,9:45:25.190709146,T,93.82,100,93.91,100,TGT
2025-12-10,9:45:25.190804421,T,93.82,100,93.91,200,TGT
2025-12-10,9:45:25.190914688,T,93.82,100,93.91,300,TGT
2025-12-10,9:45:25.191325605,T,93.81,200,93.91,300,TGT
2025-12-10,9:45:25.191340660,T,93.81,200,93.9,100,TGT
2025-12-10,9:45:25.191345626,T,93.81,200,93.9,200,TGT
2025-12-10,9:45:25.191345626,T,93.81,200,93.9,300,TGT
2025-12-10,9:45:25.191360756,T,93.81,200,93.9,400,TGT
2025-12-10,9:45:25.191696547,T,93.81,200,93.9,300,TGT
2025-12-10,9:45:25.191821770,T,93.81,200,93.89,100,TGT
2025-12-10,9:45:25.194298470,T,93.87,100,93.89,100,TGT
2025-12-10,9:45:25.194317702,T,93.81,200,93.89,100,TGT
2025-12-10,9:45:25.194352837,T,93.81,200,93.87,100,TGT
2025-12-10,9:45:25.194543335,T,93.81,200,93.91,200,TGT
2025-12-10,9:45:25.194563353,T,93.81,300,93.91,200,TGT
2025-12-10,9:45:25.194568404,T,93.82,100,93.91,200,TGT
2025-12-10,9:45:25.194593401,T,93.81,300,93.91,200,TGT
2025-12-10,9:45:25.200292019,T,93.81,200,93.91,200,TGT
2025-12-10,9:45:25.200883349,T,93.81,200,93.91,100,TGT
2025-12-10,9:45:25.201008734,T,93.81,200,93.94,100,TGT
2025-12-10,9:45:26.677375801,T,93.81,200,93.88,100,TGT
2025-12-10,9:45:29.292651064,T,93.81,200,93.94,100,TGT
2025-12-10,9:45:29.292671105,T,93.86,100,93.94,100,TGT
2025-12-10,9:45:29.293227444,T,93.81,200,93.94,100,TGT
2025-12-10,9:45:29.293277614,T,93.85,100,93.94,100,TGT
2025-12-10,9:45:29.296600440,T,93.86,100,93.94,100,TGT
2025-12-10,9:45:33.998161284,T,93.86,100,93.96,100,TGT
2025-12-10,9:45:37.885427162,T,93.81,200,93.96,100,TGT
2025-12-10,9:45:40.355040668,T,93.87,100,93.96,100,TGT
2025-12-10,9:45:42.376436229,T,93.87,200,93.96,100,TGT
2025-12-10,9:45:42.597979018,T,93.87,300,93.96,100,TGT
2025-12-10,9:45:42.598034161,T,93.88,100,93.96,100,TGT
2025-12-10,9:45:42.598756016,T,93.88,200,93.96,100,TGT
2025-12-10,9:45:44.428414884,T,93.88,300,93.96,100,TGT
2025-12-10,9:45:44.944759962,T,93.88,200,93.96,100,TGT
2025-12-10,9:45:44.947195766,T,93.88,100,93.96,100,TGT
2025-12-10,9:45:44.947235933,T,93.89,100,93.96,100,TGT
2025-12-10,9:45:47.871763198,T,93.9,100,93.96,100,TGT
2025-12-10,9:45:47.871763198,T,93.9,100,93.98,100,TGT
2025-12-10,9:45:47.871773198,T,93.9,200,93.98,100,TGT
2025-12-10,9:45:47.871788276,T,93.9,300,93.98,100,TGT
2025-12-10,9:45:47.871788276,T,93.9,400,93.98,100,TGT
2025-12-10,9:45:47.871803583,T,93.91,100,93.98,100,TGT
2025-12-10,9:45:47.871803583,T,93.91,100,94.0,200,TGT
2025-12-10,9:45:47.872279408,T,93.91,200,94.0,200,TGT
2025-12-10,9:45:47.872304497,T,93.91,100,94.0,200,TGT
2025-12-10,9:45:47.872620311,T,93.91,200,94.0,200,TGT
2025-12-10,9:45:47.872740542,T,93.91,100,94.0,200,TGT
2025-12-10,9:45:47.872760586,T,93.91,200,94.0,200,TGT
2025-12-10,9:45:47.872760586,T,93.93,100,94.0,200,TGT
2025-12-10,9:45:47.884533593,T,93.93,200,94.0,200,TGT
2025-12-10,9:45:47.889731055,T,93.93,100,94.0,200,TGT
2025-12-10,9:45:47.889766138,T,93.94,100,94.0,200,TGT
2025-12-10,9:45:49.064234128,T,93.91,100,94.0,200,TGT
2025-12-10,9:45:49.064269176,T,93.95,100,94.0,200,TGT
2025-12-10,9:45:50.088559487,T,93.96,100,94.0,200,TGT
2025-12-10,9:45:50.089116097,T,93.95,100,94.0,200,TGT
2025-12-10,9:45:50.091155650,T,93.91,100,94.0,200,TGT
2025-12-10,9:45:50.091190753,T,93.96,100,94.0,200,TGT
2025-12-10,9:45:50.093862155,T,93.91,100,94.0,200,TGT
2025-12-10,9:45:50.093902228,T,93.98,100,94.0,200,TGT
2025-12-10,9:45:50.093937244,T,93.93,100,94.0,200,TGT
2025-12-10,9:45:50.093937244,T,93.91,100,94.0,200,TGT
2025-12-10,9:45:50.093957300,T,93.91,100,94.0,300,TGT
2025-12-10,9:45:50.094122770,T,93.98,100,94.0,300,TGT
2025-12-10,9:45:50.094142744,T,93.98,100,94.0,200,TGT
2025-12-10,9:45:50.094217911,T,93.91,100,94.0,200,TGT
2025-12-10,9:45:50.094238083,T,93.91,100,94.0,300,TGT
2025-12-10,9:45:50.097886709,T,93.91,100,94.0,200,TGT
2025-12-10,9:45:50.108802741,T,93.93,100,94.0,200,TGT
2025-12-10,9:45:50.221310749,T,93.95,100,94.0,200,TGT
2025-12-10,9:45:52.454876771,T,93.95,100,94.0,100,TGT
2025-12-10,9:45:52.454911822,T,93.96,100,94.0,100,TGT
2025-12-10,9:45:52.455242912,T,93.96,100,94.01,100,TGT
2025-12-10,9:45:52.455242912,T,93.96,100,94.03,300,TGT
2025-12-10,9:45:52.455247566,T,93.96,100,94.03,200,TGT
2025-12-10,9:45:52.455262723,T,93.99,100,94.03,200,TGT
2025-12-10,9:45:52.455262723,T,93.99,200,94.03,200,TGT
2025-12-10,9:45:52.455302706,T,93.99,100,94.03,200,TGT
2025-12-10,9:45:52.455302706,T,93.96,100,94.03,200,TGT
2025-12-10,9:45:52.455332757,T,93.96,100,94.0,100,TGT
2025-12-10,9:45:52.455668642,T,93.96,100,93.99,200,TGT
2025-12-10,9:45:52.455693667,T,93.96,100,93.99,400,TGT
2025-12-10,9:45:52.455733705,T,93.96,100,93.99,500,TGT
2025-12-10,9:45:52.464965725,T,93.91,100,93.99,500,TGT
2025-12-10,9:45:52.471777336,T,93.96,100,93.99,500,TGT
2025-12-10,9:45:52.477460694,T,93.97,100,93.99,500,TGT
2025-12-10,9:45:52.477736138,T,93.96,100,93.99,500,TGT
2025-12-10,9:45:52.477756245,T,93.96,100,93.98,100,TGT
2025-12-10,9:45:52.477811355,T,93.96,100,93.98,200,TGT
2025-12-10,9:45:52.478117115,T,93.96,100,93.98,300,TGT
2025-12-10,9:45:52.478312595,T,93.96,100,93.98,200,TGT
2025-12-10,9:45:52.605976718,T,93.96,200,93.98,200,TGT
2025-12-10,9:45:53.012530335,T,93.96,200,93.98,100,TGT
2025-12-10,9:45:53.012530335,T,93.96,200,94.01,100,TGT
2025-12-10,9:45:53.012535328,T,93.97,100,94.01,100,TGT
2025-12-10,9:45:53.013076594,T,93.97,100,94.03,200,TGT
2025-12-10,9:45:53.123800488,T,93.96,100,94.03,200,TGT
2025-12-10,9:45:53.123815472,T,93.96,100,94.03,300,TGT
2025-12-10,9:45:53.123820538,T,93.96,100,93.98,100,TGT
2025-12-10,9:45:53.124046058,T,93.96,200,93.98,100,TGT
2025-12-10,9:45:53.124106157,T,93.96,100,93.98,100,TGT
2025-12-10,9:45:53.124371833,T,93.96,100,94.01,100,TGT
2025-12-10,9:45:53.292943441,T,93.96,100,94.03,300,TGT
2025-12-10,9:45:53.293745293,T,93.96,200,94.03,300,TGT
2025-12-10,9:45:53.293870630,T,93.96,200,94.03,200,TGT
2025-12-10,9:45:57.013587127,T,93.96,100,94.03,200,TGT
2025-12-10,9:45:57.013587127,T,93.91,100,94.03,200,TGT
2025-12-10,9:45:57.013607377,T,93.91,100,93.97,100,TGT
2025-12-10,9:45:57.013612228,T,93.91,100,93.97,200,TGT
2025-12-10,9:45:57.014163495,T,93.91,100,93.97,100,TGT
2025-12-10,9:45:57.014704847,T,93.91,100,94.03,300,TGT
2025-12-10,9:45:57.017320957,T,93.96,100,94.03,300,TGT
2025-12-10,9:45:57.017341065,T,93.96,100,94.03,200,TGT
2025-12-10,9:45:57.017351067,T,93.91,100,94.03,200,TGT
2025-12-10,9:45:57.017371111,T,93.91,100,93.97,100,TGT
2025-12-10,9:45:57.017927499,T,93.91,100,94.03,300,TGT
2025-12-10,9:45:57.018193143,T,93.91,100,94.02,100,TGT
2025-12-10,9:45:57.018694265,T,93.87,100,94.02,100,TGT
2025-12-10,9:45:57.022112518,T,93.87,100,94.01,100,TGT
2025-12-10,9:45:57.037469063,T,93.87,100,94.02,100,TGT
2025-12-10,9:45:57.037504146,T,93.87,100,94.01,100,TGT
2025-12-10,9:46:00.536580221,T,93.87,100,94.02,100,TGT
2025-12-10,9:46:01.233059473,T,93.87,100,94.03,300,TGT
2025-12-10,9:46:02.451276783,T,93.9,100,94.03,300,TGT
2025-12-10,9:46:02.454950456,T,93.9,200,94.03,300,TGT
2025-12-10,9:46:04.137634171,T,93.9,200,93.98,100,TGT
2025-12-10,9:46:04.137679575,T,93.9,200,94.03,300,TGT
2025-12-10,9:46:04.137784515,T,93.91,100,94.03,300,TGT
2025-12-10,9:46:04.137944915,T,93.91,100,94.03,200,TGT
2025-12-10,9:46:04.138325888,T,93.9,100,94.03,200,TGT
2025-12-10,9:46:04.138466187,T,93.9,100,94.03,300,TGT
2025-12-10,9:46:04.138741808,T,93.9,100,94.01,100,TGT
2025-12-10,9:46:04.292914132,T,93.9,100,94.03,200,TGT
2025-12-10,9:46:07.207332336,T,93.9,100,94.03,300,TGT
2025-12-10,9:46:07.567770989,T,93.91,100,94.03,300,TGT
2025-12-10,9:46:08.406784675,T,93.9,100,94.03,300,TGT
2025-12-10,9:46:08.451892195,T,93.9,100,94.01,100,TGT
2025-12-10,9:46:08.451942341,T,93.9,100,93.99,100,TGT
2025-12-10,9:46:08.451962442,T,93.9,100,93.98,100,TGT
2025-12-10,9:46:08.453190229,T,93.9,100,93.99,100,TGT
2025-12-10,9:46:08.456568271,T,93.87,100,93.99,100,TGT
2025-12-10,9:46:08.502808472,T,93.92,100,93.99,100,TGT
2025-12-10,9:46:08.502833498,T,93.92,100,94.01,100,TGT
2025-12-10,9:46:08.521117061,T,93.92,100,94.03,200,TGT
2025-12-10,9:46:08.521528007,T,93.92,100,94.03,300,TGT
2025-12-10,9:46:08.780635315,T,93.92,100,94.02,100,TGT
2025-12-10,9:46:08.792568725,T,93.92,100,94.03,200,TGT
2025-12-10,9:46:10.837415233,T,93.92,100,94.01,100,TGT
2025-12-10,9:46:11.087906979,T,93.92,100,94.01,200,TGT
2025-12-10,9:46:11.088708935,T,93.92,100,94.01,100,TGT
2025-12-10,9:46:11.643360228,T,93.92,100,94.03,200,TGT
2025-12-10,9:46:12.601317554,T,93.92,200,94.03,200,TGT
2025-12-10,9:46:14.126285563,T,93.92,200,94.02,100,TGT
2025-12-10,9:46:14.297824312,T,93.92,200,94.01,100,TGT
2025-12-10,9:46:15.616034676,T,93.92,200,94.02,100,TGT
2025-12-10,9:46:20.915093762,T,93.92,200,94.01,100,TGT
2025-12-10,9:46:20.915123853,T,93.92,200,94.01,200,TGT
2025-12-10,9:46:21.213148989,T,93.92,200,94.01,300,TGT
2025-12-10,9:46:21.213489805,T,93.92,200,94.01,200,TGT
2025-12-10,9:46:21.213840557,T,93.92,200,94.0,100,TGT
2025-12-10,9:46:21.214036070,T,93.92,200,94.0,200,TGT
2025-12-10,9:46:21.735062290,T,93.92,200,94.0,700,TGT
2025-12-10,9:46:24.846309406,T,93.92,200,94.0,800,TGT
2025-12-10,9:46:27.695071230,T,93.92,200,94.0,900,TGT
2025-12-10,9:46:27.695171294,T,93.92,200,94.0,800,TGT
2025-12-10,9:46:27.695356743,T,93.92,200,94.0,700,TGT
2025-12-10,9:46:33.096844935,T,93.92,200,93.99,100,TGT
2025-12-10,9:46:37.337878509,T,93.92,100,93.99,100,TGT
2025-12-10,9:46:40.734906375,T,93.92,100,93.98,100,TGT
2025-12-10,9:46:40.735262267,T,93.92,100,93.98,200,TGT
2025-12-10,9:46:40.735347390,T,93.92,100,93.97,100,TGT
2025-12-10,9:46:40.735357411,T,93.92,100,93.97,200,TGT
2025-12-10,9:46:40.735357411,T,93.87,100,93.97,200,TGT
2025-12-10,9:46:40.735362459,T,93.87,100,93.97,300,TGT
2025-12-10,9:46:40.735367827,T,93.87,100,93.96,100,TGT
2025-12-10,9:46:40.735372528,T,93.87,100,93.95,100,TGT
2025-12-10,9:46:40.735377485,T,93.87,100,93.94,100,TGT
2025-12-10,9:46:40.735392589,T,93.86,200,93.94,100,TGT
2025-12-10,9:46:40.736299647,T,93.83,100,93.94,100,TGT
2025-12-10,9:46:40.737683126,T,93.83,100,93.93,100,TGT
2025-12-10,9:46:40.738204271,T,93.83,100,93.94,100,TGT
2025-12-10,9:46:40.738294453,T,93.83,100,93.93,100,TGT
2025-12-10,9:46:40.929775558,T,93.85,100,93.93,100,TGT
2025-12-10,9:46:41.107729520,T,93.83,100,93.93,100,TGT
2025-12-10,9:46:41.109122787,T,93.85,100,93.93,100,TGT
2025-12-10,9:46:41.140026586,T,93.85,100,93.94,200,TGT
2025-12-10,9:46:41.140051551,T,93.87,100,93.94,200,TGT
2025-12-10,9:46:41.140071639,T,93.88,100,93.94,200,TGT
2025-12-10,9:46:41.140086540,T,93.9,100,93.94,200,TGT
2025-12-10,9:46:41.140091602,T,93.88,100,93.94,200,TGT
2025-12-10,9:46:41.140126704,T,93.89,100,93.94,200,TGT
2025-12-10,9:46:41.140873449,T,93.89,100,93.94,100,TGT
2025-12-10,9:46:41.140888538,T,93.9,100,93.94,100,TGT
2025-12-10,9:46:41.140893572,T,93.9,100,93.95,100,TGT
2025-12-10,9:46:41.140913529,T,93.92,100,93.95,100,TGT
2025-12-10,9:46:41.140918522,T,93.92,100,93.96,100,TGT
2025-12-10,9:46:41.141469943,T,93.9,100,93.96,100,TGT
2025-12-10,9:46:41.210534431,T,93.92,100,93.96,100,TGT
2025-12-10,9:46:41.220337783,T,93.91,100,93.96,100,TGT
2025-12-10,9:46:41.220342744,T,93.9,100,93.96,100,TGT
2025-12-10,9:46:41.309570296,T,93.88,100,93.96,100,TGT
2025-12-10,9:46:41.309590347,T,93.87,100,93.96,100,TGT
2025-12-10,9:46:41.628284613,T,93.85,100,93.96,100,TGT
2025-12-10,9:46:41.635421586,T,93.85,200,93.96,100,TGT
2025-12-10,9:46:46.680866724,T,93.85,100,93.96,100,TGT
2025-12-10,9:46:49.434080966,T,93.85,100,93.98,200,TGT
2025-12-10,9:46:49.434126081,T,93.85,100,93.95,100,TGT
2025-12-10,9:46:50.241925447,T,93.85,100,93.98,200,TGT
2025-12-10,9:46:50.241945509,T,93.87,100,93.98,200,TGT
2025-12-10,9:46:50.241945509,T,93.91,100,93.98,200,TGT
2025-12-10,9:46:50.242396624,T,93.91,200,93.98,200,TGT
2025-12-10,9:46:50.242677315,T,93.91,300,93.98,200,TGT
2025-12-10,9:46:50.248997335,T,93.91,200,93.98,200,TGT
2025-12-10,9:46:50.341993876,T,93.91,100,93.98,200,TGT
2025-12-10,9:46:50.375749203,T,93.9,100,93.98,200,TGT
2025-12-10,9:46:50.385026378,T,93.87,100,93.98,200,TGT
2025-12-10,9:46:50.385662832,T,93.9,100,93.98,200,TGT
2025-12-10,9:46:50.401305148,T,93.9,100,93.98,300,TGT
2025-12-10,9:46:50.495309035,T,93.87,100,93.98,300,TGT
2025-12-10,9:46:50.981196652,T,93.91,100,93.98,300,TGT
2025-12-10,9:46:51.422789136,T,93.91,100,93.98,200,TGT
2025-12-10,9:46:51.422789136,T,93.91,100,93.98,100,TGT
2025-12-10,9:46:51.422789136,T,93.91,100,94.03,200,TGT
2025-12-10,9:46:51.422803860,T,93.95,100,94.03,200,TGT
2025-12-10,9:46:51.422808918,T,93.96,100,94.03,200,TGT
2025-12-10,9:46:51.423179663,T,93.97,100,94.03,200,TGT
2025-12-10,9:46:51.423610671,T,93.97,200,94.03,200,TGT
2025-12-10,9:46:51.550462831,T,93.97,100,94.03,200,TGT
2025-12-10,9:46:51.673145137,T,93.91,100,94.03,200,TGT
2025-12-10,9:46:51.900556917,T,93.91,200,94.03,200,TGT
2025-12-10,9:46:51.900556917,T,93.91,100,94.03,200,TGT
2025-12-10,9:46:51.900581911,T,93.98,100,94.03,200,TGT
2025-12-10,9:46:53.040883635,T,93.99,100,94.03,200,TGT
2025-12-10,9:46:53.041033982,T,94.01,100,94.03,200,TGT
2025-12-10,9:46:53.043775501,T,93.99,100,94.03,200,TGT
2025-12-10,9:46:53.043775501,T,93.91,100,94.03,200,TGT
2025-12-10,9:46:53.230129498,T,93.94,100,94.03,200,TGT
2025-12-10,9:46:53.230129498,T,93.95,100,94.03,200,TGT
2025-12-10,9:46:53.232400010,T,93.95,100,94.03,100,TGT
2025-12-10,9:46:53.232404899,T,94.01,100,94.03,100,TGT
2025-12-10,9:46:53.232424930,T,94.01,100,94.09,100,TGT
2025-12-10,9:46:53.232424930,T,94.01,100,94.1,200,TGT
2025-12-10,9:46:53.232700529,T,94.02,100,94.1,200,TGT
2025-12-10,9:46:53.232866017,T,94.03,100,94.1,200,TGT
2025-12-10,9:46:53.233176766,T,94.03,100,94.15,2900,TGT
2025-12-10,9:46:53.233186708,T,94.03,100,94.14,200,TGT
2025-12-10,9:46:53.242504135,T,93.94,100,94.14,200,TGT
2025-12-10,9:46:53.242523990,T,93.91,100,94.14,200,TGT
2025-12-10,9:46:53.335741083,T,94.02,100,94.14,200,TGT
2025-12-10,9:46:53.335756109,T,94.03,100,94.14,200,TGT
2025-12-10,9:46:54.115904729,T,94.04,100,94.14,200,TGT
2025-12-10,9:46:54.116461071,T,94.03,100,94.14,200,TGT
2025-12-10,9:46:55.372392948,T,94.03,100,94.07,100,TGT
2025-12-10,9:46:55.376031615,T,94.03,100,94.14,200,TGT
2025-12-10,9:46:55.376051691,T,94.06,100,94.14,200,TGT
2025-12-10,9:46:55.376056628,T,94.06,200,94.14,200,TGT
2025-12-10,9:46:55.376417489,T,94.06,200,94.07,200,TGT
2025-12-10,9:46:55.376457607,T,94.06,200,94.14,200,TGT
2025-12-10,9:46:55.376477742,T,94.07,100,94.14,200,TGT
2025-12-10,9:46:55.376592992,T,94.07,100,94.15,2900,TGT
2025-12-10,9:46:55.377084089,T,94.06,100,94.15,2900,TGT
2025-12-10,9:46:55.377379838,T,94.07,100,94.15,2900,TGT
2025-12-10,9:46:55.378487463,T,94.06,100,94.15,2900,TGT
2025-12-10,9:46:55.386812292,T,94.03,100,94.15,2900,TGT
2025-12-10,9:46:55.617025691,T,94.03,100,94.1,100,TGT
2025-12-10,9:46:57.052279958,T,93.94,100,94.1,100,TGT
2025-12-10,9:46:57.052475390,T,94.08,100,94.1,100,TGT
2025-12-10,9:47:00.487238330,T,94.08,200,94.1,100,TGT
2025-12-10,9:47:07.255427523,T,94.08,100,94.1,100,TGT
2025-12-10,9:47:07.255432556,T,94.07,100,94.1,100,TGT
2025-12-10,9:47:07.255447536,T,94.07,100,94.09,100,TGT
2025-12-10,9:47:07.255452603,T,94.07,100,94.09,200,TGT
2025-12-10,9:47:07.255452603,T,94.07,100,94.09,300,TGT
2025-12-10,9:47:07.255723228,T,94.07,100,94.09,400,TGT
2025-12-10,9:47:07.255858517,T,93.95,200,94.09,400,TGT
2025-12-10,9:47:07.255888578,T,93.95,200,94.08,100,TGT
2025-12-10,9:47:07.256770721,T,93.95,200,94.09,100,TGT
2025-12-10,9:47:07.256800759,T,93.95,200,94.1,100,TGT
2025-12-10,9:47:07.257427263,T,93.95,300,94.1,100,TGT
2025-12-10,9:47:07.304945445,T,94.05,100,94.1,100,TGT
2025-12-10,9:47:07.306138309,T,94.05,100,94.15,2900,TGT
2025-12-10,9:47:07.306148268,T,94.05,200,94.15,2900,TGT
2025-12-10,9:47:07.306148268,T,94.08,100,94.15,2900,TGT
2025-12-10,9:47:07.306709641,T,94.05,100,94.15,2900,TGT
2025-12-10,9:47:07.306809862,T,94.05,100,94.15,2800,TGT
2025-12-10,9:47:07.316117070,T,94.04,100,94.15,2800,TGT
2025-12-10,9:47:07.318186966,T,94.05,100,94.15,2800,TGT
2025-12-10,9:47:07.318207054,T,94.04,100,94.15,2800,TGT
2025-12-10,9:47:07.318212076,T,94.06,100,94.15,2800,TGT
2025-12-10,9:47:07.318412485,T,94.05,100,94.15,2800,TGT
2025-12-10,9:47:07.318938784,T,94.04,100,94.15,2800,TGT
2025-12-10,9:47:07.367294031,T,94.04,100,94.12,100,TGT
2025-12-10,9:47:07.389201163,T,94.06,100,94.12,100,TGT
2025-12-10,9:47:07.389201163,T,94.06,100,94.15,2800,TGT
2025-12-10,9:47:07.389226228,T,94.08,100,94.15,2800,TGT
2025-12-10,9:47:07.389226228,T,94.1,100,94.15,2800,TGT
2025-12-10,9:47:07.389782579,T,94.08,100,94.15,2800,TGT
2025-12-10,9:47:07.399335309,T,94.06,100,94.15,2800,TGT
2025-12-10,9:47:07.479175526,T,94.05,100,94.15,2800,TGT
2025-12-10,9:47:07.505067212,T,94.04,100,94.15,2800,TGT
2025-12-10,9:47:07.518414172,T,94.06,100,94.15,2800,TGT
2025-12-10,9:47:07.518419182,T,94.08,100,94.15,2800,TGT
2025-12-10,9:47:07.518424165,T,94.09,100,94.15,2800,TGT
2025-12-10,9:47:07.518464161,T,94.1,100,94.15,2800,TGT
2025-12-10,9:47:07.518489209,T,94.09,200,94.15,2800,TGT
2025-12-10,9:47:07.518920254,T,94.09,100,94.15,2800,TGT
2025-12-10,9:47:07.519336223,T,94.09,100,94.22,200,TGT
2025-12-10,9:47:07.519356469,T,94.09,200,94.22,200,TGT
2025-12-10,9:47:07.519356469,T,94.13,100,94.22,200,TGT
2025-12-10,9:47:07.519361232,T,94.13,200,94.22,200,TGT
2025-12-10,9:47:07.519361232,T,94.14,100,94.22,200,TGT
2025-12-10,9:47:07.519586774,T,94.14,200,94.22,200,TGT
2025-12-10,9:47:07.520308761,T,94.14,200,94.28,200,TGT
2025-12-10,9:47:07.520308761,T,94.14,200,94.26,200,TGT
2025-12-10,9:47:07.520443937,T,94.14,100,94.26,200,TGT
2025-12-10,9:47:07.520493912,T,94.16,100,94.26,200,TGT
2025-12-10,9:47:07.523646473,T,94.15,100,94.26,200,TGT
2025-12-10,9:47:07.610588574,T,94.13,100,94.26,200,TGT
2025-12-10,9:47:07.619384543,T,94.12,100,94.26,200,TGT
2025-12-10,9:47:07.689145717,T,94.11,100,94.26,200,TGT
2025-12-10,9:47:07.689165816,T,94.09,100,94.26,200,TGT
2025-12-10,9:47:07.718425563,T,94.08,100,94.26,200,TGT
2025-12-10,9:47:07.982264112,T,94.15,100,94.26,200,TGT
2025-12-10,9:47:08.129645153,T,94.16,100,94.26,200,TGT
2025-12-10,9:47:08.129760515,T,94.17,100,94.26,200,TGT
2025-12-10,9:47:08.130026058,T,94.19,100,94.26,200,TGT
2025-12-10,9:47:08.130246593,T,94.19,200,94.26,200,TGT
2025-12-10,9:47:08.130567444,T,94.19,100,94.26,200,TGT
2025-12-10,9:47:08.132452011,T,94.2,100,94.26,200,TGT
2025-12-10,9:47:08.133013276,T,94.19,100,94.26,200,TGT
2025-12-10,9:47:08.134291307,T,94.18,100,94.26,200,TGT
2025-12-10,9:47:08.135499161,T,94.18,100,94.28,100,TGT
2025-12-10,9:47:08.135714637,T,94.19,100,94.28,100,TGT
2025-12-10,9:47:08.135729704,T,94.21,100,94.28,100,TGT
2025-12-10,9:47:08.136286002,T,94.19,100,94.28,100,TGT
2025-12-10,9:47:08.257424624,T,94.18,100,94.28,100,TGT
2025-12-10,9:47:08.329922374,T,94.17,100,94.28,100,TGT
2025-12-10,9:47:08.351398508,T,94.19,100,94.28,100,TGT
2025-12-10,9:47:08.351518777,T,94.2,100,94.28,100,TGT
2025-12-10,9:47:08.351533964,T,94.19,100,94.28,100,TGT
2025-12-10,9:47:08.351553921,T,94.21,100,94.28,100,TGT
2025-12-10,9:47:08.351574020,T,94.23,100,94.28,100,TGT
2025-12-10,9:47:08.352130233,T,94.22,100,94.28,100,TGT
2025-12-10,9:47:08.352360754,T,94.23,100,94.28,100,TGT
2025-12-10,9:47:08.510101548,T,94.23,200,94.28,100,TGT
2025-12-10,9:47:08.520461193,T,94.23,100,94.28,100,TGT
2025-12-10,9:47:08.891424864,T,94.24,100,94.28,100,TGT
2025-12-10,9:47:08.891510109,T,94.23,200,94.28,100,TGT
2025-12-10,9:47:08.891530405,T,94.23,100,94.28,100,TGT
2025-12-10,9:47:08.891545226,T,94.23,100,94.27,100,TGT
2025-12-10,9:47:08.891550199,T,94.23,100,94.27,200,TGT
2025-12-10,9:47:08.891580305,T,94.15,100,94.27,200,TGT
2025-12-10,9:47:08.891600502,T,94.15,100,94.27,300,TGT
2025-12-10,9:47:08.891605362,T,94.15,100,94.25,100,TGT
2025-12-10,9:47:08.891605362,T,94.15,100,94.25,200,TGT
2025-12-10,9:47:08.891921066,T,94.11,100,94.25,200,TGT
2025-12-10,9:47:08.892061347,T,94.11,100,94.25,300,TGT
2025-12-10,9:47:08.892156584,T,94.11,100,94.25,200,TGT
2025-12-10,9:47:08.892347105,T,94.11,100,94.24,100,TGT
2025-12-10,9:47:08.892903382,T,94.11,100,94.25,200,TGT
2025-12-10,9:47:08.892933428,T,94.11,100,94.25,100,TGT
2025-12-10,9:47:08.893244307,T,94.15,100,94.25,100,TGT
2025-12-10,9:47:08.893469738,T,94.15,200,94.25,100,TGT
2025-12-10,9:47:08.897604578,T,94.15,300,94.25,100,TGT
2025-12-10,9:47:08.903448491,T,94.15,200,94.25,100,TGT
2025-12-10,9:47:08.957752886,T,94.15,200,94.26,100,TGT
2025-12-10,9:47:08.957808049,T,94.15,200,94.28,200,TGT
2025-12-10,9:47:09.058573054,T,94.15,200,94.24,100,TGT
2025-12-10,9:47:09.058603131,T,94.15,100,94.24,100,TGT
2025-12-10,9:47:09.059029076,T,94.15,100,94.24,200,TGT
2025-12-10,9:47:09.082675437,T,94.15,100,94.24,300,TGT
2025-12-10,9:47:09.559346014,T,94.15,200,94.24,300,TGT
2025-12-10,9:47:09.559416162,T,94.15,200,94.24,200,TGT
2025-12-10,9:47:09.559416162,T,94.15,200,94.24,100,TGT
2025-12-10,9:47:09.559431137,T,94.15,200,94.28,100,TGT
2025-12-10,9:47:09.559436172,T,94.18,100,94.28,100,TGT
2025-12-10,9:47:09.559451247,T,94.21,100,94.28,100,TGT
2025-12-10,9:47:09.578942642,T,94.21,100,94.32,1000,TGT
2025-12-10,9:47:09.578962713,T,94.25,100,94.32,1000,TGT
2025-12-10,9:47:09.578967713,T,94.25,200,94.32,1000,TGT
2025-12-10,9:47:09.578982715,T,94.25,100,94.32,1000,TGT
2025-12-10,9:47:09.586019496,T,94.23,100,94.32,1000,TGT
2025-12-10,9:47:09.586019496,T,94.22,100,94.32,1000,TGT
2025-12-10,9:47:09.586926724,T,94.23,100,94.32,1000,TGT
2025-12-10,9:47:09.680835371,T,94.22,100,94.32,1000,TGT
2025-12-10,9:47:10.165655360,T,94.18,100,94.32,1000,TGT
2025-12-10,9:47:10.504382345,T,94.23,100,94.32,1000,TGT
2025-12-10,9:47:11.058843211,T,94.23,100,94.28,100,TGT
2025-12-10,9:47:11.796139700,T,94.23,200,94.28,100,TGT
2025-12-10,9:47:11.947344918,T,94.23,200,94.28,200,TGT
2025-12-10,9:47:14.352745438,T,94.23,200,94.28,100,TGT
2025-12-10,9:47:14.855668588,T,94.23,200,94.27,100,TGT
2025-12-10,9:47:26.460395013,T,94.23,100,94.27,100,TGT
2025-12-10,9:47:26.460395013,T,94.18,400,94.27,100,TGT
2025-12-10,9:47:26.460415110,T,94.18,400,94.25,100,TGT
2025-12-10,9:47:26.460415110,T,94.18,400,94.24,100,TGT
2025-12-10,9:47:26.460430197,T,94.18,300,94.24,100,TGT
2025-12-10,9:47:26.461292253,T,94.18,300,94.23,100,TGT
2025-12-10,9:47:26.462575249,T,94.18,300,94.25,100,TGT
2025-12-10,9:47:26.465582400,T,94.15,100,94.25,100,TGT
2025-12-10,9:47:26.480498316,T,94.15,100,94.22,100,TGT
2025-12-10,9:47:26.480532996,T,94.11,100,94.22,100,TGT
2025-12-10,9:47:26.480543023,T,94.11,100,94.22,200,TGT
2025-12-10,9:47:26.481535417,T,94.11,100,94.22,100,TGT
2025-12-10,9:47:26.490506838,T,94.11,100,94.23,100,TGT
2025-12-10,9:47:26.582576163,T,94.11,100,94.26,100,TGT
2025-12-10,9:47:26.721712661,T,94.11,100,94.27,100,TGT
2025-12-10,9:47:26.722003296,T,94.11,100,94.26,100,TGT
2025-12-10,9:47:26.897596612,T,94.11,100,94.27,100,TGT
2025-12-10,9:47:26.897601630,T,94.11,100,94.27,300,TGT
2025-12-10,9:47:26.897922441,T,94.11,100,94.27,400,TGT
2025-12-10,9:47:26.982985047,T,94.11,100,94.27,200,TGT
2025-12-10,9:47:27.027927153,T,94.11,100,94.27,100,TGT
2025-12-10,9:47:27.028222807,T,94.11,100,94.27,200,TGT
2025-12-10,9:47:27.216260822,T,94.11,100,94.27,100,TGT
2025-12-10,9:47:27.216591633,T,94.11,100,94.27,200,TGT
2025-12-10,9:47:27.590286895,T,94.11,100,94.27,100,TGT
2025-12-10,9:47:29.664678821,T,94.11,100,94.26,100,TGT
2025-12-10,9:47:29.958333351,T,94.11,100,94.27,100,TGT
2025-12-10,9:47:29.959466126,T,94.11,100,94.26,100,TGT
2025-12-10,9:47:30.596694239,T,94.11,200,94.26,100,TGT
2025-12-10,9:47:30.596719324,T,94.11,200,94.27,100,TGT
2025-12-10,9:47:30.724092773,T,94.11,200,94.23,100,TGT
2025-12-10,9:47:34.840970887,T,94.11,200,94.23,300,TGT
2025-12-10,9:47:35.202146254,T,94.11,200,94.23,100,TGT
2025-12-10,9:47:36.856011344,T,94.13,100,94.23,100,TGT
2025-12-10,9:47:42.167033651,T,94.13,200,94.23,100,TGT
2025-12-10,9:47:48.987888489,T,94.13,300,94.23,100,TGT
2025-12-10,9:47:49.159893262,T,94.13,200,94.23,100,TGT
2025-12-10,9:47:49.180276764,T,94.13,300,94.23,100,TGT
2025-12-10,9:47:49.837041407,T,94.15,100,94.23,100,TGT
2025-12-10,9:47:49.837056461,T,94.15,100,94.26,100,TGT
2025-12-10,9:47:49.837066430,T,94.15,100,94.3,100,TGT
2025-12-10,9:47:49.837081479,T,94.15,100,94.31,100,TGT
2025-12-10,9:47:49.837081479,T,94.17,100,94.31,100,TGT
2025-12-10,9:47:49.837086902,T,94.17,100,94.32,1000,TGT
2025-12-10,9:47:49.837116645,T,94.18,100,94.32,1000,TGT
2025-12-10,9:47:49.837216860,T,94.19,100,94.32,1000,TGT
2025-12-10,9:47:49.837813242,T,94.2,100,94.32,1000,TGT
2025-12-10,9:47:49.837908432,T,94.19,100,94.32,1000,TGT
2025-12-10,9:47:49.838554988,T,94.2,100,94.32,1000,TGT
2025-12-10,9:47:49.838570095,T,94.23,100,94.32,1000,TGT
2025-12-10,9:47:49.839126354,T,94.2,100,94.32,1000,TGT
2025-12-10,9:47:49.844113279,T,94.19,100,94.32,1000,TGT
2025-12-10,9:47:49.844123318,T,94.19,100,94.31,200,TGT
2025-12-10,9:47:49.847170552,T,94.19,200,94.31,200,TGT
2025-12-10,9:47:49.865794901,T,94.19,100,94.31,200,TGT
2025-12-10,9:47:49.867223373,T,94.19,200,94.31,200,TGT
2025-12-10,9:47:49.867248387,T,94.22,100,94.31,200,TGT
2025-12-10,9:47:49.867328520,T,94.22,200,94.31,200,TGT
2025-12-10,9:47:49.867468944,T,94.22,300,94.31,200,TGT
2025-12-10,9:47:49.871834268,T,94.22,200,94.31,200,TGT
2025-12-10,9:47:49.872646237,T,94.22,100,94.31,200,TGT
2025-12-10,9:47:49.960224849,T,94.22,200,94.31,200,TGT
2025-12-10,9:47:50.370778005,T,94.24,100,94.31,200,TGT
2025-12-10,9:47:50.930366058,T,94.26,100,94.31,200,TGT
2025-12-10,9:47:50.930406466,T,94.26,200,94.31,200,TGT
2025-12-10,9:47:50.930676757,T,94.26,200,94.32,1000,TGT
2025-12-10,9:47:50.930697288,T,94.27,100,94.32,1000,TGT
2025-12-10,9:47:50.930701833,T,94.3,100,94.32,1000,TGT
2025-12-10,9:47:50.931117839,T,94.3,100,94.32,900,TGT
2025-12-10,9:47:50.931142885,T,94.3,100,94.32,500,TGT
2025-12-10,9:47:50.931152950,T,94.3,100,94.37,100,TGT
2025-12-10,9:47:50.931203102,T,94.3,100,94.39,100,TGT
2025-12-10,9:47:50.931223077,T,94.32,100,94.39,100,TGT
2025-12-10,9:47:50.932436057,T,94.3,100,94.39,100,TGT
2025-12-10,9:47:50.932656487,T,94.29,100,94.39,100,TGT
2025-12-10,9:47:50.932731711,T,94.28,100,94.39,100,TGT
2025-12-10,9:47:50.934826740,T,94.28,100,94.37,100,TGT
2025-12-10,9:47:50.934836730,T,94.27,100,94.37,100,TGT
2025-12-10,9:47:50.934881915,T,94.27,100,94.39,100,TGT
2025-12-10,9:47:50.934891790,T,94.26,100,94.39,100,TGT
2025-12-10,9:47:50.934951960,T,94.27,100,94.39,100,TGT
2025-12-10,9:47:50.936255093,T,94.28,1300,94.39,100,TGT
2025-12-10,9:47:50.942179241,T,94.28,1200,94.39,100,TGT
2025-12-10,9:47:50.945797827,T,94.28,1300,94.39,100,TGT
2025-12-10,9:47:50.950388741,T,94.28,1200,94.39,100,TGT
2025-12-10,9:47:50.950443861,T,94.28,1300,94.39,100,TGT
2025-12-10,9:47:51.073071065,T,94.28,1200,94.39,100,TGT
2025-12-10,9:47:53.103818950,T,94.3,100,94.39,100,TGT
2025-12-10,9:47:53.627446378,T,94.3,200,94.39,100,TGT
2025-12-10,9:47:53.635821390,T,94.31,100,94.39,100,TGT
2025-12-10,9:47:53.635861406,T,94.31,100,94.41,100,TGT
2025-12-10,9:47:53.635882075,T,94.31,100,94.45,700,TGT
2025-12-10,9:47:53.635926573,T,94.33,100,94.45,700,TGT
2025-12-10,9:47:53.636482899,T,94.31,100,94.45,700,TGT
2025-12-10,9:47:53.636633257,T,94.31,100,94.45,600,TGT
2025-12-10,9:47:53.638517730,T,94.32,100,94.45,600,TGT
2025-12-10,9:47:53.638532831,T,94.31,100,94.45,600,TGT
2025-12-10,9:47:53.653503503,T,94.3,100,94.45,600,TGT
2025-12-10,9:47:53.653553599,T,94.31,100,94.45,600,TGT
2025-12-10,9:47:53.835983160,T,94.3,100,94.45,600,TGT
2025-12-10,9:47:54.097841992,T,94.27,100,94.45,600,TGT
2025-12-10,9:47:54.097872066,T,94.25,100,94.45,600,TGT
2025-12-10,9:47:54.512229206,T,94.27,100,94.45,600,TGT
2025-12-10,9:47:55.357412739,T,94.25,100,94.45,600,TGT
2025-12-10,9:47:55.358555457,T,94.27,100,94.45,600,TGT
2025-12-10,9:47:55.377455458,T,94.27,100,94.41,100,TGT
2025-12-10,9:47:55.377480549,T,94.25,100,94.41,100,TGT
2025-12-10,9:47:55.409597087,T,94.27,100,94.41,100,TGT
2025-12-10,9:47:55.475870006,T,94.32,100,94.41,100,TGT
2025-12-10,9:47:56.915524749,T,94.32,100,94.39,100,TGT
2025-12-10,9:47:56.944468718,T,94.32,1300,94.39,100,TGT
2025-12-10,9:47:57.731603917,T,94.32,1300,94.39,200,TGT
2025-12-10,9:47:58.309200049,T,94.32,1800,94.39,200,TGT
2025-12-10,9:48:07.647662709,T,94.32,1900,94.39,200,TGT
2025-12-10,9:48:07.744573547,T,94.32,1800,94.39,200,TGT
2025-12-10,9:48:08.644622725,T,94.32,1700,94.39,200,TGT
2025-12-10,9:48:09.932636217,T,94.33,100,94.39,200,TGT
2025-12-10,9:48:10.206874523,T,94.33,100,94.39,100,TGT
2025-12-10,9:48:10.206874523,T,94.33,100,94.41,100,TGT
2025-12-10,9:48:10.206894735,T,94.34,100,94.41,100,TGT
2025-12-10,9:48:10.206899586,T,94.38,100,94.41,100,TGT
2025-12-10,9:48:10.207997375,T,94.36,100,94.41,100,TGT
2025-12-10,9:48:10.208027268,T,94.37,100,94.41,100,TGT
2025-12-10,9:48:10.208568607,T,94.37,100,94.45,600,TGT
2025-12-10,9:48:10.208598709,T,94.38,100,94.45,600,TGT
2025-12-10,9:48:10.208603680,T,94.38,200,94.45,600,TGT
2025-12-10,9:48:10.210177510,T,94.39,100,94.45,600,TGT
2025-12-10,9:48:10.210834008,T,94.38,200,94.45,600,TGT
2025-12-10,9:48:10.211054507,T,94.38,300,94.45,600,TGT
2025-12-10,9:48:10.211084620,T,94.39,100,94.45,600,TGT
2025-12-10,9:48:10.211881435,T,94.39,1300,94.45,600,TGT
2025-12-10,9:48:10.212122071,T,94.39,1200,94.45,600,TGT
2025-12-10,9:48:10.560867880,T,94.41,100,94.45,600,TGT
2025-12-10,9:48:10.561529438,T,94.39,1200,94.45,600,TGT
2025-12-10,9:48:10.561574620,T,94.34,100,94.45,600,TGT
2025-12-10,9:48:10.561644755,T,94.4,100,94.45,600,TGT
2025-12-10,9:48:10.562952812,T,94.4,1300,94.45,600,TGT
2025-12-10,9:48:10.563699661,T,94.4,1200,94.45,600,TGT
2025-12-10,9:48:13.299256736,T,94.34,100,94.45,600,TGT
2025-12-10,9:48:13.519431321,T,94.41,100,94.45,600,TGT
2025-12-10,9:48:13.520939951,T,94.34,100,94.45,600,TGT
2025-12-10,9:48:13.541057910,T,94.37,200,94.45,600,TGT
2025-12-10,9:48:13.561250929,T,94.34,100,94.45,600,TGT
2025-12-10,9:48:13.624717317,T,94.42,100,94.45,600,TGT
2025-12-10,9:48:13.624752546,T,94.42,100,94.45,500,TGT
2025-12-10,9:48:13.624752546,T,94.42,100,94.5,100,TGT
2025-12-10,9:48:13.624762235,T,94.34,100,94.5,100,TGT
2025-12-10,9:48:13.624777354,T,94.43,100,94.5,100,TGT
2025-12-10,9:48:13.624777354,T,94.44,100,94.5,100,TGT
2025-12-10,9:48:13.624787367,T,94.44,100,94.47,100,TGT
2025-12-10,9:48:13.624792715,T,94.44,100,94.47,200,TGT
2025-12-10,9:48:13.624792715,T,94.43,400,94.47,200,TGT
2025-12-10,9:48:13.624797342,T,94.43,300,94.47,200,TGT
2025-12-10,9:48:13.625183241,T,94.44,100,94.47,200,TGT
2025-12-10,9:48:13.625193251,T,94.43,300,94.47,200,TGT
2025-12-10,9:48:13.625328609,T,94.43,200,94.47,200,TGT
2025-12-10,9:48:13.625779673,T,94.43,100,94.47,200,TGT
2025-12-10,9:48:13.630706471,T,94.37,100,94.47,200,TGT
2025-12-10,9:48:13.630962006,T,94.34,100,94.47,200,TGT
2025-12-10,9:48:13.636004076,T,94.41,100,94.47,200,TGT
2025-12-10,9:48:13.725106275,T,94.41,100,94.47,100,TGT
2025-12-10,9:48:13.825510531,T,94.41,100,94.5,200,TGT
2025-12-10,9:48:13.826327483,T,94.34,100,94.5,200,TGT
2025-12-10,9:48:16.104750412,T,94.42,100,94.5,200,TGT
2025-12-10,9:48:16.241746695,T,94.42,100,94.5,100,TGT
2025-12-10,9:48:16.552386715,T,94.42,100,94.48,100,TGT
2025-12-10,9:48:18.289700654,T,94.42,200,94.48,100,TGT
2025-12-10,9:48:24.402433284,T,94.42,200,94.48,200,TGT
2025-12-10,9:48:24.544772511,T,94.42,100,94.48,200,TGT
2025-12-10,9:48:24.544772511,T,94.34,100,94.48,200,TGT
2025-12-10,9:48:24.544792475,T,94.34,100,94.48,300,TGT
2025-12-10,9:48:24.544797523,T,94.34,100,94.46,100,TGT
2025-12-10,9:48:24.544802553,T,94.34,100,94.43,100,TGT
2025-12-10,9:48:24.544927881,T,94.34,100,94.43,200,TGT
2025-12-10,9:48:24.545273577,T,94.34,100,94.42,100,TGT
2025-12-10,9:48:24.546040463,T,94.34,100,94.44,100,TGT
2025-12-10,9:48:24.557131844,T,94.34,100,94.46,100,TGT
2025-12-10,9:48:24.557898686,T,94.34,100,94.46,200,TGT
2025-12-10,9:48:24.815282122,T,94.34,100,94.45,100,TGT
2025-12-10,9:48:24.815282122,T,94.34,100,94.45,200,TGT
2025-12-10,9:48:24.815291937,T,94.34,100,94.45,300,TGT
2025-12-10,9:48:24.815326971,T,94.34,100,94.43,100,TGT
2025-12-10,9:48:24.815712906,T,94.34,100,94.45,300,TGT
2025-12-10,9:48:24.815898350,T,94.34,100,94.43,100,TGT
2025-12-10,9:48:24.816384557,T,94.34,100,94.45,100,TGT
2025-12-10,9:48:24.817316763,T,94.34,100,94.43,100,TGT
2025-12-10,9:48:24.817822981,T,94.34,100,94.45,100,TGT
2025-12-10,9:48:24.818379275,T,94.34,100,94.43,100,TGT
2025-12-10,9:48:24.818855415,T,94.34,100,94.45,100,TGT
2025-12-10,9:48:24.819391657,T,94.34,100,94.43,100,TGT
2025-12-10,9:48:24.820138493,T,94.34,100,94.45,100,TGT
2025-12-10,9:48:24.820915277,T,94.34,100,94.43,100,TGT
2025-12-10,9:48:24.821396490,T,94.34,100,94.45,100,TGT
2025-12-10,9:48:24.822173355,T,94.34,100,94.43,100,TGT
2025-12-10,9:48:24.822925103,T,94.34,100,94.45,100,TGT
2025-12-10,9:48:24.822965273,T,94.34,100,94.46,100,TGT
2025-12-10,9:48:24.872252689,T,94.34,100,94.43,100,TGT
2025-12-10,9:48:24.975819441,T,94.34,100,94.46,100,TGT
2025-12-10,9:48:25.102947233,T,94.41,100,94.46,100,TGT
2025-12-10,9:48:25.514237142,T,94.34,100,94.46,100,TGT
2025-12-10,9:48:25.514277229,T,94.34,100,94.45,100,TGT
2025-12-10,9:48:25.520131106,T,94.34,100,94.46,100,TGT
2025-12-10,9:48:26.478865003,T,94.34,100,94.5,100,TGT
2025-12-10,9:48:28.644514503,T,94.34,100,94.46,100,TGT
2025-12-10,9:48:28.649210738,T,94.4,100,94.46,100,TGT
2025-12-10,9:48:31.024043425,T,94.4,100,94.5,200,TGT
2025-12-10,9:48:31.024063124,T,94.41,100,94.5,200,TGT
2025-12-10,9:48:31.024068209,T,94.41,100,94.5,100,TGT
2025-12-10,9:48:31.024103260,T,94.42,100,94.5,100,TGT
