DATE,TIME_M,EX,BID,BIDSIZ,ASK,ASKSIZ,SYM_ROOT
2025-10-31,9:30:00.820954278,T,92.5,100,93.01,100,TGT
2025-10-31,9:30:00.820959284,T,92.5,100,92.56,100,TGT
2025-10-31,9:30:00.821089591,T,92.5,100,92.56,200,TGT
2025-10-31,9:30:00.821721002,T,92.5,100,93.01,100,TGT
2025-10-31,9:30:00.821976718,T,92.5,100,92.92,200,TGT
2025-10-31,9:30:00.822081884,T,92.4,100,92.92,200,TGT
2025-10-31,9:30:00.822086940,T,92.25,100,92.92,200,TGT
2025-10-31,9:30:00.822257343,T,92.25,100,93.01,100,TGT
2025-10-31,9:30:01.135112720,T,92.25,100,92.89,100,TGT
2025-10-31,9:30:01.150469310,T,92.25,100,93.01,100,TGT
2025-10-31,9:30:01.200573772,T,92.25,100,92.86,100,TGT
2025-10-31,9:30:02.328937173,T,92.22,100,92.86,100,TGT
2025-10-31,9:30:02.328957207,T,92.22,100,92.76,100,TGT
2025-10-31,9:30:02.329017464,T,92.1,100,92.76,100,TGT
2025-10-31,9:30:02.348959828,T,92.1,100,93.01,100,TGT
2025-10-31,9:30:02.431416349,T,92.14,100,93.01,100,TGT
2025-10-31,9:30:02.431431402,T,92.14,100,92.86,100,TGT
2025-10-31,9:30:02.619684860,T,92.19,100,92.86,100,TGT
2025-10-31,9:30:02.656828333,T,92.19,100,92.83,100,TGT
2025-10-31,9:30:02.704501973,T,92.31,100,92.83,100,TGT
2025-10-31,9:30:03.191973335,T,92.31,100,92.77,100,TGT
2025-10-31,9:30:04.306293125,T,92.16,100,92.77,100,TGT
2025-10-31,9:30:04.306353209,T,92.1,100,92.77,100,TGT
2025-10-31,9:30:04.410556506,T,92.15,100,92.77,100,TGT
2025-10-31,9:30:04.882566063,T,92.1,100,92.77,100,TGT
2025-10-31,9:30:04.882576071,T,92.12,100,92.77,100,TGT
2025-10-31,9:30:05.300090733,T,92.12,100,93.01,100,TGT
2025-10-31,9:30:05.300316328,T,92.1,100,93.01,100,TGT
2025-10-31,9:30:05.300366443,T,92.1,100,92.78,200,TGT
2025-10-31,9:30:05.301043016,T,92.0,700,92.78,200,TGT
2025-10-31,9:30:05.301123265,T,92.0,700,92.52,100,TGT
2025-10-31,9:30:05.307077418,T,92.0,700,93.01,100,TGT
2025-10-31,9:30:05.400149129,T,92.0,700,92.89,100,TGT
2025-10-31,9:30:06.337156526,T,92.0,800,92.89,100,TGT
2025-10-31,9:30:08.020361723,T,92.0,800,92.87,100,TGT
2025-10-31,9:30:10.114090065,T,92.0,800,93.01,100,TGT
2025-10-31,9:30:10.114100083,T,92.0,800,92.91,100,TGT
2025-10-31,9:30:10.164179394,T,92.0,800,92.9,100,TGT
2025-10-31,9:30:10.404612273,T,92.0,800,92.6,100,TGT
2025-10-31,9:30:10.565234981,T,92.0,800,93.01,100,TGT
2025-10-31,9:30:10.565244995,T,92.0,800,92.68,100,TGT
2025-10-31,9:30:10.565255017,T,92.0,800,93.01,100,TGT
2025-10-31,9:30:10.565285055,T,92.0,800,93.0,100,TGT
2025-10-31,9:30:10.650563263,T,92.0,800,92.9,100,TGT
2025-10-31,9:30:10.862012079,T,92.0,800,92.59,100,TGT
2025-10-31,9:30:11.076964322,T,92.0,800,92.53,100,TGT
2025-10-31,9:30:13.447241441,T,92.0,800,92.52,100,TGT
2025-10-31,9:30:14.944448367,T,92.0,800,92.5,100,TGT
2025-10-31,9:30:16.922711637,T,92.0,800,92.48,100,TGT
2025-10-31,9:30:19.986716682,T,92.0,800,92.47,100,TGT
2025-10-31,9:30:20.105910669,T,92.0,800,93.01,100,TGT
2025-10-31,9:30:20.105920622,T,92.0,800,92.53,100,TGT
2025-10-31,9:30:20.262904737,T,92.0,800,92.51,100,TGT
2025-10-31,9:30:21.222155177,T,92.0,800,92.48,100,TGT
2025-10-31,9:30:23.321276350,T,92.0,900,92.48,100,TGT
2025-10-31,9:30:23.321286358,T,92.0,900,92.47,100,TGT
2025-10-31,9:30:24.746386590,T,92.0,900,92.46,100,TGT
2025-10-31,9:30:24.833443955,T,92.01,100,92.46,100,TGT
2025-10-31,9:30:27.223027174,T,92.03,100,92.46,100,TGT
2025-10-31,9:30:27.223032225,T,92.03,100,92.43,100,TGT
2025-10-31,9:30:27.323105655,T,92.03,100,92.42,100,TGT
2025-10-31,9:30:28.135110231,T,92.03,100,92.41,100,TGT
2025-10-31,9:30:28.831995650,T,92.03,100,93.01,100,TGT
2025-10-31,9:30:28.832005924,T,92.03,100,92.49,100,TGT
2025-10-31,9:30:28.832637134,T,92.0,800,92.49,100,TGT
2025-10-31,9:30:30.855932870,T,92.0,800,92.4,100,TGT
2025-10-31,9:30:30.855977782,T,92.0,800,92.49,100,TGT
2025-10-31,9:30:30.856940044,T,92.0,700,92.49,100,TGT
2025-10-31,9:30:30.857035535,T,92.1,100,92.49,100,TGT
2025-10-31,9:30:30.857060328,T,92.0,700,92.49,100,TGT
2025-10-31,9:30:30.857070400,T,92.0,700,93.01,100,TGT
2025-10-31,9:30:30.857090377,T,92.0,700,92.41,100,TGT
2025-10-31,9:30:30.857180648,T,92.0,700,92.17,200,TGT
2025-10-31,9:30:30.857215708,T,92.0,700,92.41,100,TGT
2025-10-31,9:30:30.857711932,T,92.0,800,92.41,100,TGT
2025-10-31,9:30:30.858002609,T,92.0,700,92.41,100,TGT
2025-10-31,9:30:30.858203003,T,92.0,700,93.01,100,TGT
2025-10-31,9:30:31.140069632,T,92.0,700,92.84,100,TGT
2025-10-31,9:30:31.191787800,T,92.0,700,92.83,100,TGT
2025-10-31,9:30:31.211264173,T,92.0,700,92.75,100,TGT
2025-10-31,9:30:31.354881347,T,92.0,700,92.73,100,TGT
2025-10-31,9:30:31.420482665,T,92.0,700,93.01,100,TGT
2025-10-31,9:30:31.420492630,T,92.0,700,92.8,100,TGT
2025-10-31,9:30:31.562791743,T,92.0,700,92.74,100,TGT
2025-10-31,9:30:31.564044734,T,92.0,700,93.01,100,TGT
2025-10-31,9:30:31.564054660,T,92.0,700,92.8,100,TGT
2025-10-31,9:30:32.490236542,T,92.02,100,92.8,100,TGT
2025-10-31,9:30:33.588342769,T,92.02,100,92.8,200,TGT
2025-10-31,9:30:35.221383277,T,92.02,100,92.78,100,TGT
2025-10-31,9:30:36.867324814,T,92.02,100,92.77,100,TGT
2025-10-31,9:30:36.922335940,T,92.02,100,92.55,100,TGT
2025-10-31,9:30:37.137493563,T,92.02,100,92.52,100,TGT
2025-10-31,9:30:52.146101356,T,92.02,100,92.51,100,TGT
2025-10-31,9:30:59.693117123,T,92.02,100,92.35,100,TGT
2025-10-31,9:30:59.693142254,T,92.02,100,92.51,100,TGT
2025-10-31,9:30:59.693142254,T,92.02,100,92.3,100,TGT
2025-10-31,9:30:59.701071064,T,92.02,100,92.4,100,TGT
2025-10-31,9:30:59.701071064,T,92.02,100,92.3,100,TGT
2025-10-31,9:30:59.707175661,T,92.0,700,92.3,100,TGT
2025-10-31,9:30:59.708238133,T,92.0,600,92.3,100,TGT
2025-10-31,9:30:59.713285178,T,92.0,600,92.51,100,TGT
2025-10-31,9:30:59.763610132,T,92.0,600,92.73,100,TGT
2025-10-31,9:30:59.763620105,T,92.0,600,92.7,100,TGT
2025-10-31,9:30:59.812742205,T,92.0,600,92.73,100,TGT
2025-10-31,9:31:00.037076585,T,92.0,600,92.32,100,TGT
2025-10-31,9:31:00.102652800,T,92.0,600,92.27,100,TGT
2025-10-31,9:31:00.181766316,T,92.0,600,92.25,100,TGT
2025-10-31,9:31:03.325290842,T,92.08,100,92.25,100,TGT
2025-10-31,9:31:03.325315943,T,92.0,600,92.25,100,TGT
2025-10-31,9:31:03.386977836,T,92.0,600,92.42,200,TGT
2025-10-31,9:31:03.386987884,T,92.0,600,92.29,100,TGT
2025-10-31,9:31:03.396836284,T,92.0,600,92.42,200,TGT
2025-10-31,9:31:03.928758785,T,92.0,600,92.42,300,TGT
2025-10-31,9:31:19.404750257,T,92.0,600,92.42,200,TGT
2025-10-31,9:31:38.780543038,T,92.0,800,92.42,200,TGT
2025-10-31,9:31:54.586150067,T,92.0,800,92.36,200,TGT
2025-10-31,9:31:54.586180058,T,92.0,800,92.42,200,TGT
2025-10-31,9:31:54.855326263,T,92.0,800,92.42,300,TGT
2025-10-31,9:31:57.060535276,T,92.0,800,92.41,100,TGT
2025-10-31,9:32:00.559902480,T,92.02,100,92.41,100,TGT
2025-10-31,9:32:01.829973401,T,92.02,100,92.35,200,TGT
2025-10-31,9:32:02.138308009,T,92.02,100,92.35,300,TGT
2025-10-31,9:32:02.240040333,T,92.02,100,92.33,100,TGT
2025-10-31,9:32:02.351355620,T,92.02,100,92.35,200,TGT
2025-10-31,9:32:07.374413153,T,92.02,100,92.25,100,TGT
2025-10-31,9:32:07.374418123,T,92.02,100,92.16,100,TGT
2025-10-31,9:32:07.374899987,T,92.02,100,92.16,200,TGT
2025-10-31,9:32:07.374899987,T,92.0,800,92.16,200,TGT
2025-10-31,9:32:07.374919294,T,92.0,800,92.16,100,TGT
2025-10-31,9:32:07.377345077,T,92.0,600,92.16,100,TGT
2025-10-31,9:32:07.474411240,T,92.0,600,92.35,200,TGT
2025-10-31,9:32:07.737518123,T,92.0,600,92.32,100,TGT
2025-10-31,9:32:07.890718294,T,92.0,600,92.28,100,TGT
2025-10-31,9:32:08.492902853,T,92.0,600,92.28,300,TGT
2025-10-31,9:32:08.497368478,T,92.0,600,92.11,100,TGT
2025-10-31,9:32:08.497383547,T,92.0,600,92.28,300,TGT
2025-10-31,9:32:08.497629039,T,92.0,600,92.16,100,TGT
2025-10-31,9:32:08.497634128,T,92.0,600,92.28,300,TGT
2025-10-31,9:32:08.558689536,T,92.0,600,92.28,200,TGT
2025-10-31,9:32:09.412268208,T,92.0,600,92.39,100,TGT
2025-10-31,9:32:09.473564232,T,92.0,600,92.42,200,TGT
2025-10-31,9:32:10.912151828,T,92.0,600,92.25,100,TGT
2025-10-31,9:32:10.912166857,T,92.0,600,92.24,100,TGT
2025-10-31,9:32:10.913154185,T,92.0,600,92.25,100,TGT
2025-10-31,9:32:10.919173586,T,92.0,600,92.42,200,TGT
2025-10-31,9:32:33.436120228,T,92.0,600,92.4,100,TGT
2025-10-31,9:32:33.444610454,T,92.0,600,92.42,200,TGT
2025-10-31,9:32:44.844365365,T,92.0,500,92.42,200,TGT
2025-10-31,9:32:44.844405515,T,92.0,400,92.42,200,TGT
2025-10-31,9:32:44.844405515,T,92.0,300,92.42,200,TGT
2025-10-31,9:32:44.844425549,T,92.0,200,92.42,200,TGT
2025-10-31,9:32:44.844435872,T,92.0,100,92.42,200,TGT
2025-10-31,9:32:59.738821383,T,92.0,100,92.6,1000,TGT
2025-10-31,9:32:59.738831408,T,92.0,100,92.32,200,TGT
2025-10-31,9:33:00.334520596,T,92.0,200,92.32,200,TGT
2025-10-31,9:33:13.590683643,T,92.0,200,92.3,100,TGT
2025-10-31,9:33:13.590683643,T,92.0,200,92.16,100,TGT
2025-10-31,9:33:13.590713680,T,92.0,200,92.3,100,TGT
2025-10-31,9:33:13.590713680,T,92.0,200,92.3,200,TGT
2025-10-31,9:33:13.591896438,T,92.0,200,92.3,100,TGT
2025-10-31,9:33:13.594292190,T,92.0,100,92.3,100,TGT
2025-10-31,9:33:13.594322206,T,91.91,100,92.3,100,TGT
2025-10-31,9:33:13.594322206,T,91.86,200,92.3,100,TGT
2025-10-31,9:33:13.594342304,T,91.86,200,92.07,100,TGT
2025-10-31,9:33:13.595916022,T,91.75,100,92.07,100,TGT
2025-10-31,9:33:13.595926104,T,91.76,200,92.07,100,TGT
2025-10-31,9:33:13.596452324,T,91.76,200,92.03,300,TGT
2025-10-31,9:33:13.596682886,T,91.76,200,92.07,100,TGT
2025-10-31,9:33:13.597690280,T,91.76,200,92.06,100,TGT
2025-10-31,9:33:13.603859984,T,91.76,200,91.99,100,TGT
2025-10-31,9:33:13.618755431,T,91.76,200,91.98,100,TGT
2025-10-31,9:33:13.620103660,T,91.76,200,91.94,100,TGT
2025-10-31,9:33:13.620118755,T,91.76,200,91.93,100,TGT
2025-10-31,9:33:13.620359313,T,91.75,100,91.93,100,TGT
2025-10-31,9:33:13.620559752,T,91.75,100,91.9,100,TGT
2025-10-31,9:33:13.620855498,T,91.75,100,91.89,100,TGT
2025-10-31,9:33:13.621266468,T,91.75,200,91.89,100,TGT
2025-10-31,9:33:13.621717587,T,91.75,300,91.89,100,TGT
2025-10-31,9:33:13.622038372,T,91.75,200,91.89,100,TGT
2025-10-31,9:33:13.622038372,T,91.75,100,91.89,100,TGT
2025-10-31,9:33:13.622038372,T,91.57,100,91.89,100,TGT
2025-10-31,9:33:13.622043263,T,91.5,100,91.89,100,TGT
2025-10-31,9:33:13.622048400,T,91.5,100,91.85,100,TGT
2025-10-31,9:33:13.622058317,T,91.5,100,91.79,100,TGT
2025-10-31,9:33:13.622278927,T,91.57,100,91.79,100,TGT
2025-10-31,9:33:13.622284155,T,91.6,100,91.79,100,TGT
2025-10-31,9:33:13.622288927,T,91.6,200,91.79,100,TGT
2025-10-31,9:33:13.622303971,T,91.6,300,91.79,100,TGT
2025-10-31,9:33:13.622344043,T,91.6,400,91.79,100,TGT
2025-10-31,9:33:13.622364024,T,91.6,600,91.79,100,TGT
2025-10-31,9:33:13.622384116,T,91.6,800,91.79,100,TGT
2025-10-31,9:33:13.622479304,T,91.6,900,91.79,100,TGT
2025-10-31,9:33:13.624824970,T,91.68,100,91.79,100,TGT
2025-10-31,9:33:13.624829983,T,91.68,200,91.79,100,TGT
2025-10-31,9:33:13.624880119,T,91.68,900,91.79,100,TGT
2025-10-31,9:33:13.678527843,T,91.68,1000,91.79,100,TGT
2025-10-31,9:33:13.701452629,T,91.68,400,91.79,100,TGT
2025-10-31,9:33:13.701452629,T,91.69,100,91.79,100,TGT
2025-10-31,9:33:13.701452629,T,91.74,100,91.79,100,TGT
2025-10-31,9:33:13.701457568,T,91.74,200,91.79,100,TGT
2025-10-31,9:33:13.701472592,T,91.74,900,91.79,100,TGT
2025-10-31,9:33:13.701683031,T,91.74,1000,91.79,100,TGT
2025-10-31,9:33:13.722066610,T,91.74,1000,91.84,100,TGT
2025-10-31,9:33:13.722106991,T,91.74,900,91.84,100,TGT
2025-10-31,9:33:13.722106991,T,91.74,800,91.84,100,TGT
2025-10-31,9:33:13.722112515,T,91.74,700,91.84,100,TGT
2025-10-31,9:33:13.722112515,T,91.74,100,91.84,100,TGT
2025-10-31,9:33:13.722112515,T,91.74,100,91.85,100,TGT
2025-10-31,9:33:13.722112515,T,91.74,100,91.89,100,TGT
2025-10-31,9:33:13.722131814,T,91.69,200,91.89,100,TGT
2025-10-31,9:33:13.722136801,T,91.74,100,91.89,100,TGT
2025-10-31,9:33:13.722166946,T,91.69,100,91.89,100,TGT
2025-10-31,9:33:13.722191915,T,91.69,100,91.85,100,TGT
2025-10-31,9:33:13.722282218,T,91.68,200,91.85,100,TGT
2025-10-31,9:33:13.722407461,T,91.68,200,91.79,100,TGT
2025-10-31,9:33:13.722793396,T,91.68,300,91.79,100,TGT
2025-10-31,9:33:13.722848497,T,91.68,300,91.85,100,TGT
2025-10-31,9:33:13.726046183,T,91.68,200,91.85,100,TGT
2025-10-31,9:33:13.757105091,T,91.68,200,91.79,100,TGT
2025-10-31,9:33:13.757115215,T,91.68,200,91.78,100,TGT
2025-10-31,9:33:13.757115215,T,91.68,200,91.74,100,TGT
2025-10-31,9:33:13.757140607,T,91.68,100,91.74,100,TGT
2025-10-31,9:33:13.757140607,T,91.57,300,91.74,100,TGT
2025-10-31,9:33:13.757140607,T,91.57,200,91.74,100,TGT
2025-10-31,9:33:13.757145188,T,91.57,200,91.78,100,TGT
2025-10-31,9:33:13.757165264,T,91.57,300,91.78,100,TGT
2025-10-31,9:33:13.757195401,T,91.59,100,91.78,100,TGT
2025-10-31,9:33:13.757345694,T,91.59,100,91.76,200,TGT
2025-10-31,9:33:13.758057349,T,91.59,100,91.77,100,TGT
2025-10-31,9:33:13.758117580,T,91.59,100,91.78,100,TGT
2025-10-31,9:33:13.759089918,T,91.59,100,91.75,100,TGT
2025-10-31,9:33:13.759110554,T,91.59,100,91.78,100,TGT
2025-10-31,9:33:13.759114896,T,91.57,300,91.78,100,TGT
2025-10-31,9:33:13.759135180,T,91.57,200,91.78,100,TGT
2025-10-31,9:33:13.759390574,T,91.6,100,91.78,100,TGT
2025-10-31,9:33:13.759696272,T,91.6,200,91.78,100,TGT
2025-10-31,9:33:13.764352446,T,91.6,100,91.78,100,TGT
2025-10-31,9:33:13.768031153,T,91.6,100,91.85,100,TGT
2025-10-31,9:33:13.772336431,T,91.6,100,91.66,200,TGT
2025-10-31,9:33:13.772371893,T,91.6,100,91.85,100,TGT
2025-10-31,9:33:13.824119799,T,91.6,100,91.68,100,TGT
2025-10-31,9:33:13.834013434,T,91.55,100,91.68,100,TGT
2025-10-31,9:33:13.834033498,T,91.55,100,91.63,100,TGT
2025-10-31,9:33:13.834058491,T,91.5,200,91.63,100,TGT
2025-10-31,9:33:13.834063523,T,91.5,100,91.63,100,TGT
2025-10-31,9:33:13.834088596,T,91.5,200,91.63,100,TGT
2025-10-31,9:33:13.834589819,T,91.5,200,91.85,100,TGT
2025-10-31,9:33:13.835241376,T,91.5,200,91.89,100,TGT
2025-10-31,9:33:13.835291431,T,91.5,200,91.9,100,TGT
2025-10-31,9:33:13.835351580,T,91.5,200,91.89,100,TGT
2025-10-31,9:33:13.835381684,T,91.5,100,91.89,100,TGT
2025-10-31,9:33:13.901343817,T,91.5,100,91.97,100,TGT
2025-10-31,9:33:13.957447530,T,91.5,100,91.89,100,TGT
2025-10-31,9:33:14.005211365,T,91.5,100,91.84,100,TGT
2025-10-31,9:33:14.133993112,T,91.5,100,91.85,100,TGT
2025-10-31,9:33:14.134790078,T,91.5,100,91.84,100,TGT
2025-10-31,9:33:14.262519366,T,91.5,100,91.83,100,TGT
2025-10-31,9:33:14.391496663,T,91.5,100,91.84,100,TGT
2025-10-31,9:33:14.392418843,T,91.5,100,91.83,100,TGT
2025-10-31,9:33:14.594485220,T,91.5,100,91.71,200,TGT
2025-10-31,9:33:14.594500241,T,91.5,100,91.71,300,TGT
2025-10-31,9:33:14.594505232,T,91.5,100,91.68,100,TGT
2025-10-31,9:33:14.594525242,T,91.5,100,91.71,300,TGT
2025-10-31,9:33:14.594535249,T,91.5,100,91.65,100,TGT
2025-10-31,9:33:14.594765826,T,91.5,100,91.65,200,TGT
2025-10-31,9:33:14.594941368,T,91.5,100,91.65,300,TGT
2025-10-31,9:33:14.594941368,T,91.5,100,91.64,100,TGT
2025-10-31,9:33:14.594961320,T,91.5,100,91.6,100,TGT
2025-10-31,9:33:14.594961320,T,91.5,100,91.64,100,TGT
2025-10-31,9:33:14.599046075,T,91.5,100,91.65,200,TGT
2025-10-31,9:33:14.601732495,T,91.5,100,91.65,100,TGT
2025-10-31,9:33:14.604739607,T,91.5,100,91.74,100,TGT
2025-10-31,9:33:14.604990177,T,91.5,100,91.77,200,TGT
2025-10-31,9:33:14.605015289,T,91.5,100,91.77,100,TGT
2025-10-31,9:33:14.694508511,T,91.5,100,91.78,100,TGT
2025-10-31,9:33:14.778207866,T,91.5,100,91.75,100,TGT
2025-10-31,9:33:15.036267619,T,91.5,100,91.74,100,TGT
2025-10-31,9:33:15.165485492,T,91.5,100,91.75,100,TGT
2025-10-31,9:33:15.166397705,T,91.5,100,91.74,100,TGT
2025-10-31,9:33:19.899935310,T,91.5,100,91.75,100,TGT
2025-10-31,9:33:19.899945349,T,91.5,100,91.74,100,TGT
2025-10-31,9:33:19.899960576,T,91.5,100,91.75,200,TGT
2025-10-31,9:33:19.899960576,T,91.5,100,91.75,100,TGT
2025-10-31,9:33:19.899970379,T,91.58,100,91.75,100,TGT
2025-10-31,9:33:19.899990443,T,91.63,100,91.75,100,TGT
2025-10-31,9:33:19.900000591,T,91.53,100,91.75,100,TGT
2025-10-31,9:33:19.900005550,T,91.64,100,91.75,100,TGT
2025-10-31,9:33:19.900005550,T,91.66,100,91.75,100,TGT
2025-10-31,9:33:19.900010725,T,91.66,100,91.76,100,TGT
2025-10-31,9:33:19.900025488,T,91.65,100,91.76,100,TGT
2025-10-31,9:33:19.900040583,T,91.66,100,91.76,100,TGT
2025-10-31,9:33:19.900080689,T,91.66,100,92.0,200,TGT
2025-10-31,9:33:19.900145755,T,91.68,100,92.0,200,TGT
2025-10-31,9:33:19.900446555,T,91.66,100,92.0,200,TGT
2025-10-31,9:33:19.900541688,T,91.68,100,92.0,200,TGT
2025-10-31,9:33:19.900561825,T,91.74,100,92.0,200,TGT
2025-10-31,9:33:19.900657055,T,91.68,100,92.0,200,TGT
2025-10-31,9:33:19.901022859,T,91.66,100,92.0,200,TGT
2025-10-31,9:33:19.901087999,T,91.74,100,92.0,200,TGT
2025-10-31,9:33:19.901103060,T,91.66,100,92.0,200,TGT
2025-10-31,9:33:19.906987047,T,91.64,100,92.0,200,TGT
2025-10-31,9:33:19.907012197,T,91.63,300,92.0,200,TGT
2025-10-31,9:33:19.910330070,T,91.63,200,92.0,200,TGT
2025-10-31,9:33:20.080020022,T,91.63,200,92.0,300,TGT
2025-10-31,9:33:20.080024361,T,91.63,200,91.91,100,TGT
2025-10-31,9:33:20.080355177,T,91.63,200,92.0,300,TGT
2025-10-31,9:33:20.090243724,T,91.63,200,92.0,200,TGT
2025-10-31,9:33:20.196366551,T,91.63,200,91.97,100,TGT
2025-10-31,9:33:20.325288700,T,91.63,200,91.96,100,TGT
2025-10-31,9:33:22.390288623,T,91.63,200,91.93,100,TGT
2025-10-31,9:33:26.460084835,T,91.74,100,91.93,100,TGT
2025-10-31,9:33:29.299645066,T,91.74,100,91.96,100,TGT
2025-10-31,9:33:29.299645066,T,91.75,100,91.96,100,TGT
2025-10-31,9:33:29.299665038,T,91.92,100,91.96,100,TGT
2025-10-31,9:33:29.299695299,T,91.92,100,92.0,100,TGT
2025-10-31,9:33:29.299710253,T,91.85,100,92.0,100,TGT
2025-10-31,9:33:29.299715471,T,91.85,100,91.92,100,TGT
2025-10-31,9:33:29.299720263,T,91.85,100,92.0,100,TGT
2025-10-31,9:33:29.299730217,T,91.85,100,91.97,100,TGT
2025-10-31,9:33:29.299805815,T,91.85,100,91.97,200,TGT
2025-10-31,9:33:29.299830509,T,91.85,200,91.97,200,TGT
2025-10-31,9:33:29.300051059,T,91.85,200,91.95,200,TGT
2025-10-31,9:33:29.300316616,T,91.85,200,91.95,100,TGT
2025-10-31,9:33:29.300321676,T,91.85,200,91.97,100,TGT
2025-10-31,9:33:29.300341723,T,91.91,100,91.97,100,TGT
2025-10-31,9:33:29.300467024,T,91.85,200,91.97,100,TGT
2025-10-31,9:33:29.300487078,T,91.85,100,91.97,100,TGT
2025-10-31,9:33:29.300507109,T,91.85,100,91.97,200,TGT
2025-10-31,9:33:29.300727627,T,91.91,400,91.97,200,TGT
2025-10-31,9:33:29.300747689,T,91.91,400,91.97,100,TGT
2025-10-31,9:33:29.300777723,T,91.91,400,92.0,100,TGT
2025-10-31,9:33:29.301404287,T,91.91,300,92.0,100,TGT
2025-10-31,9:33:29.301429328,T,91.85,100,92.0,100,TGT
2025-10-31,9:33:29.301454360,T,91.85,100,92.0,200,TGT
2025-10-31,9:33:29.301454360,T,91.85,100,91.98,100,TGT
2025-10-31,9:33:29.301464418,T,91.85,100,91.96,100,TGT
2025-10-31,9:33:29.310380595,T,91.76,100,91.96,100,TGT
2025-10-31,9:33:29.310425775,T,91.76,100,92.0,200,TGT
2025-10-31,9:33:29.320429554,T,91.76,100,92.0,100,TGT
2025-10-31,9:33:29.400019170,T,91.75,100,92.0,100,TGT
2025-10-31,9:33:29.499716661,T,91.74,200,92.0,100,TGT
2025-10-31,9:33:29.800904317,T,91.74,100,92.0,100,TGT
2025-10-31,9:33:31.079751260,T,91.74,200,92.0,100,TGT
2025-10-31,9:33:38.151244203,T,91.75,100,92.0,100,TGT
2025-10-31,9:33:38.151244203,T,91.77,100,92.0,100,TGT
2025-10-31,9:33:38.151249121,T,91.88,100,92.0,100,TGT
2025-10-31,9:33:38.151264146,T,91.75,100,92.0,100,TGT
2025-10-31,9:33:38.151284249,T,91.75,100,92.15,200,TGT
2025-10-31,9:33:38.151309362,T,91.88,100,92.15,200,TGT
2025-10-31,9:33:38.151324277,T,91.88,100,92.15,100,TGT
2025-10-31,9:33:38.151479736,T,91.89,100,92.15,100,TGT
2025-10-31,9:33:38.151479736,T,91.93,100,92.15,100,TGT
2025-10-31,9:33:38.151544796,T,91.93,100,92.08,100,TGT
2025-10-31,9:33:38.151775415,T,91.88,100,92.08,100,TGT
2025-10-31,9:33:38.152051111,T,91.88,100,92.08,200,TGT
2025-10-31,9:33:38.152246515,T,91.75,200,92.08,200,TGT
2025-10-31,9:33:38.152472046,T,91.88,100,92.08,200,TGT
2025-10-31,9:33:38.152487092,T,91.75,200,92.08,200,TGT
2025-10-31,9:33:38.152512181,T,91.75,100,92.08,200,TGT
2025-10-31,9:33:38.152717660,T,91.75,100,92.08,100,TGT
2025-10-31,9:33:38.152717660,T,91.75,100,92.07,100,TGT
2025-10-31,9:33:38.152737816,T,91.75,100,92.07,200,TGT
2025-10-31,9:33:38.152983228,T,91.75,200,92.07,200,TGT
2025-10-31,9:33:38.152988317,T,91.81,100,92.07,200,TGT
2025-10-31,9:33:38.153028330,T,91.88,100,92.07,200,TGT
2025-10-31,9:33:38.160631491,T,91.82,100,92.07,200,TGT
2025-10-31,9:33:38.163768924,T,91.81,100,92.07,200,TGT
2025-10-31,9:33:38.351275751,T,91.77,100,92.07,200,TGT
2025-10-31,9:33:38.351295834,T,91.75,100,92.07,200,TGT
2025-10-31,9:33:38.529099460,T,91.79,100,92.07,200,TGT
2025-10-31,9:33:38.602424309,T,91.81,100,92.07,200,TGT
2025-10-31,9:33:38.686850280,T,91.84,100,92.07,200,TGT
2025-10-31,9:33:38.698011866,T,91.75,100,92.07,200,TGT
2025-10-31,9:33:38.698021935,T,91.81,100,92.07,200,TGT
2025-10-31,9:33:38.698237465,T,91.81,200,92.07,200,TGT
2025-10-31,9:33:38.756626530,T,91.81,100,92.07,200,TGT
2025-10-31,9:33:43.577642526,T,91.88,100,92.07,200,TGT
2025-10-31,9:33:43.579522044,T,91.88,200,92.07,200,TGT
2025-10-31,9:33:44.110306570,T,91.88,200,92.06,200,TGT
2025-10-31,9:33:44.110326645,T,91.88,200,92.06,300,TGT
2025-10-31,9:33:44.110351697,T,91.88,200,92.06,400,TGT
2025-10-31,9:33:44.733771943,T,91.88,200,92.06,300,TGT
2025-10-31,9:33:44.733771943,T,91.88,200,92.0,100,TGT
2025-10-31,9:33:44.733781990,T,91.88,100,92.0,100,TGT
2025-10-31,9:33:44.733786971,T,91.88,100,92.06,200,TGT
2025-10-31,9:33:44.733796995,T,91.89,100,92.06,200,TGT
2025-10-31,9:33:44.733796995,T,91.89,100,92.0,100,TGT
2025-10-31,9:33:44.733807364,T,91.89,100,92.06,200,TGT
2025-10-31,9:33:44.733807364,T,91.95,100,92.06,200,TGT
2025-10-31,9:33:44.734283195,T,91.95,100,92.26,200,TGT
2025-10-31,9:33:44.734298317,T,92.01,100,92.26,200,TGT
2025-10-31,9:33:44.741355011,T,91.95,100,92.26,200,TGT
2025-10-31,9:33:44.834080934,T,91.89,100,92.26,200,TGT
2025-10-31,9:33:44.834106005,T,91.81,100,92.26,200,TGT
2025-10-31,9:33:44.834106005,T,91.77,100,92.26,200,TGT
2025-10-31,9:33:44.835584526,T,91.81,100,92.26,200,TGT
2025-10-31,9:33:44.888360218,T,91.89,100,92.26,200,TGT
2025-10-31,9:33:44.933828560,T,91.81,100,92.26,200,TGT
2025-10-31,9:33:44.933853677,T,91.77,200,92.26,200,TGT
2025-10-31,9:33:45.029296367,T,91.77,100,92.26,200,TGT
2025-10-31,9:33:45.029852396,T,91.77,200,92.26,200,TGT
2025-10-31,9:33:45.030293416,T,91.77,100,92.26,200,TGT
2025-10-31,9:33:45.030599164,T,91.77,200,92.26,200,TGT
2025-10-31,9:33:45.062289603,T,91.79,100,92.26,200,TGT
2025-10-31,9:33:45.062324663,T,91.79,200,92.26,200,TGT
2025-10-31,9:33:45.216537129,T,91.79,100,92.26,200,TGT
2025-10-31,9:33:46.279404348,T,91.79,100,92.26,300,TGT
2025-10-31,9:33:46.279409417,T,91.79,100,92.11,100,TGT
2025-10-31,9:33:46.285093065,T,91.79,100,92.21,100,TGT
2025-10-31,9:33:46.286446102,T,91.79,100,92.22,100,TGT
2025-10-31,9:33:46.297266979,T,91.79,100,92.26,300,TGT
2025-10-31,9:33:46.297266979,T,91.79,100,92.26,200,TGT
2025-10-31,9:33:46.306714433,T,91.8,100,92.26,200,TGT
2025-10-31,9:33:47.901924995,T,91.84,100,92.26,200,TGT
2025-10-31,9:33:49.707958302,T,91.84,100,92.26,300,TGT
2025-10-31,9:33:49.707962938,T,91.84,100,92.22,100,TGT
2025-10-31,9:33:49.707962938,T,91.84,100,92.06,100,TGT
2025-10-31,9:33:49.713065105,T,91.84,100,92.16,100,TGT
2025-10-31,9:33:49.714994742,T,91.84,100,92.22,100,TGT
2025-10-31,9:33:49.715054838,T,91.84,100,92.16,100,TGT
2025-10-31,9:33:49.807971213,T,91.84,100,92.22,100,TGT
2025-10-31,9:33:49.826896396,T,91.84,100,92.26,400,TGT
2025-10-31,9:33:49.826916440,T,91.84,100,92.26,300,TGT
2025-10-31,9:33:55.929941686,T,91.84,100,92.26,400,TGT
2025-10-31,9:33:55.929991795,T,91.84,100,92.25,100,TGT
2025-10-31,9:33:55.930046922,T,91.84,100,92.24,100,TGT
2025-10-31,9:33:55.930102046,T,91.84,100,92.23,100,TGT
2025-10-31,9:33:56.434533929,T,91.84,100,92.21,100,TGT
2025-10-31,9:33:57.379109412,T,91.84,100,92.23,100,TGT
2025-10-31,9:33:57.379570524,T,91.84,100,92.24,100,TGT
2025-10-31,9:33:57.379605528,T,91.84,100,92.25,100,TGT
2025-10-31,9:33:57.379615594,T,91.84,100,92.26,300,TGT
2025-10-31,9:33:57.379625663,T,91.84,100,92.26,200,TGT
2025-10-31,9:33:57.486956343,T,91.84,100,92.26,300,TGT
2025-10-31,9:34:03.608841787,T,91.95,200,92.26,300,TGT
2025-10-31,9:34:03.648170531,T,91.95,100,92.26,300,TGT
2025-10-31,9:34:03.648190839,T,91.95,100,92.22,100,TGT
2025-10-31,9:34:03.648195626,T,91.84,100,92.22,100,TGT
2025-10-31,9:34:03.648225625,T,91.84,100,92.12,100,TGT
2025-10-31,9:34:03.648255768,T,91.84,100,92.04,100,TGT
2025-10-31,9:34:03.655222306,T,91.84,100,92.12,100,TGT
2025-10-31,9:34:03.658645534,T,91.84,100,92.26,400,TGT
2025-10-31,9:34:03.667235995,T,91.84,100,92.26,300,TGT
2025-10-31,9:34:03.687258676,T,91.84,100,92.26,400,TGT
2025-10-31,9:34:03.786294614,T,91.84,100,92.24,100,TGT
2025-10-31,9:34:03.786324683,T,91.84,100,92.24,200,TGT
2025-10-31,9:34:03.787542640,T,91.84,100,92.24,100,TGT
2025-10-31,9:34:04.019981361,T,91.79,100,92.24,100,TGT
2025-10-31,9:34:04.020016515,T,91.8,100,92.24,100,TGT
2025-10-31,9:34:04.866994442,T,91.8,100,92.22,100,TGT
2025-10-31,9:34:09.129404578,T,91.85,100,92.22,100,TGT
2025-10-31,9:34:09.271748746,T,91.85,200,92.22,100,TGT
2025-10-31,9:34:09.434742067,T,91.85,200,92.26,200,TGT
2025-10-31,9:34:09.434752101,T,91.85,200,92.26,300,TGT
2025-10-31,9:34:09.720638118,T,91.92,100,92.26,300,TGT
2025-10-31,9:34:09.720728346,T,91.96,100,92.26,300,TGT
2025-10-31,9:34:09.720733328,T,91.97,100,92.26,300,TGT
2025-10-31,9:34:09.720743397,T,91.99,100,92.26,300,TGT
2025-10-31,9:34:09.720758481,T,91.97,100,92.26,300,TGT
2025-10-31,9:34:09.720788504,T,92.04,100,92.26,300,TGT
2025-10-31,9:34:09.721044140,T,92.04,100,92.26,100,TGT
2025-10-31,9:34:09.721099319,T,92.04,100,92.27,100,TGT
2025-10-31,9:34:09.721129300,T,92.04,100,92.3,100,TGT
2025-10-31,9:34:09.721199444,T,92.04,100,92.27,100,TGT
2025-10-31,9:34:09.721204469,T,92.04,100,92.22,100,TGT
2025-10-31,9:34:09.721219584,T,92.04,100,92.2,100,TGT
2025-10-31,9:34:09.721224688,T,91.99,100,92.2,100,TGT
2025-10-31,9:34:09.721229589,T,91.99,100,92.27,100,TGT
2025-10-31,9:34:09.721234546,T,91.99,100,92.22,100,TGT
2025-10-31,9:34:09.721249598,T,91.99,100,92.16,100,TGT
2025-10-31,9:34:09.721254668,T,91.97,100,92.16,100,TGT
2025-10-31,9:34:09.820761639,T,91.97,100,92.2,100,TGT
2025-10-31,9:34:09.820781734,T,91.97,100,92.27,100,TGT
2025-10-31,9:34:09.820806950,T,92.09,100,92.27,100,TGT
2025-10-31,9:34:09.820831871,T,91.97,100,92.27,100,TGT
2025-10-31,9:34:09.820901989,T,91.96,100,92.27,100,TGT
2025-10-31,9:34:09.820901989,T,91.97,100,92.27,100,TGT
2025-10-31,9:34:09.821017313,T,92.09,100,92.27,100,TGT
2025-10-31,9:34:09.821097455,T,91.97,100,92.27,100,TGT
2025-10-31,9:34:09.821423350,T,91.97,100,92.3,100,TGT
2025-10-31,9:34:09.821428327,T,92.13,100,92.3,100,TGT
2025-10-31,9:34:09.829713020,T,91.97,100,92.3,100,TGT
2025-10-31,9:34:09.920784995,T,91.96,100,92.3,100,TGT
2025-10-31,9:34:09.920830115,T,91.92,100,92.3,100,TGT
2025-10-31,9:34:09.920855168,T,91.92,100,92.27,100,TGT
2025-10-31,9:34:09.920885250,T,91.92,100,92.3,100,TGT
2025-10-31,9:34:09.921356318,T,91.92,200,92.3,100,TGT
2025-10-31,9:34:10.364772744,T,91.92,100,92.3,100,TGT
2025-10-31,9:34:10.879198555,T,91.97,100,92.3,100,TGT
2025-10-31,9:34:13.168101758,T,91.97,100,92.27,100,TGT
2025-10-31,9:34:15.577642571,T,92.02,100,92.27,100,TGT
2025-10-31,9:34:15.577767829,T,92.02,200,92.27,100,TGT
2025-10-31,9:34:15.577988442,T,92.02,300,92.27,100,TGT
2025-10-31,9:34:16.525911778,T,92.02,300,92.22,100,TGT
2025-10-31,9:34:16.525916847,T,92.02,300,92.17,100,TGT
2025-10-31,9:34:16.526067210,T,92.02,300,92.17,200,TGT
2025-10-31,9:34:16.526082185,T,92.02,300,92.16,100,TGT
2025-10-31,9:34:16.526112350,T,92.02,300,92.17,200,TGT
2025-10-31,9:34:16.526453172,T,92.02,300,92.17,100,TGT
2025-10-31,9:34:16.526558421,T,92.02,200,92.17,100,TGT
2025-10-31,9:34:16.526568418,T,92.02,200,92.14,100,TGT
2025-10-31,9:34:16.526578406,T,92.02,100,92.14,100,TGT
2025-10-31,9:34:16.526578406,T,91.92,100,92.14,100,TGT
2025-10-31,9:34:16.526583482,T,91.92,100,92.08,100,TGT
2025-10-31,9:34:16.526593507,T,91.92,100,92.13,100,TGT
2025-10-31,9:34:16.526598420,T,91.92,100,92.17,200,TGT
2025-10-31,9:34:16.526603444,T,91.92,100,92.03,100,TGT
2025-10-31,9:34:16.526613556,T,91.92,300,92.03,100,TGT
2025-10-31,9:34:16.526618570,T,92.01,100,92.03,100,TGT
2025-10-31,9:34:16.526623538,T,92.01,100,92.05,100,TGT
2025-10-31,9:34:16.526623538,T,92.01,100,92.17,200,TGT
2025-10-31,9:34:16.526633602,T,92.01,100,92.14,100,TGT
2025-10-31,9:34:16.526633602,T,92.01,100,92.17,200,TGT
2025-10-31,9:34:16.526648752,T,92.01,100,92.17,100,TGT
2025-10-31,9:34:16.526653739,T,92.08,100,92.17,100,TGT
2025-10-31,9:34:16.526678702,T,92.01,100,92.17,100,TGT
2025-10-31,9:34:16.526974850,T,92.02,100,92.17,100,TGT
2025-10-31,9:34:16.527054593,T,92.01,100,92.17,100,TGT
2025-10-31,9:34:16.527079614,T,92.06,100,92.17,100,TGT
2025-10-31,9:34:16.527094675,T,92.01,100,92.17,100,TGT
2025-10-31,9:34:16.527119675,T,92.02,100,92.17,100,TGT
2025-10-31,9:34:16.527119675,T,92.05,100,92.17,100,TGT
2025-10-31,9:34:16.527129764,T,92.01,200,92.17,100,TGT
2025-10-31,9:34:16.527134702,T,92.01,100,92.17,100,TGT
2025-10-31,9:34:16.527219994,T,92.01,200,92.17,100,TGT
2025-10-31,9:34:16.527229959,T,92.01,100,92.17,100,TGT
2025-10-31,9:34:16.527901580,T,92.01,100,92.17,200,TGT
2025-10-31,9:34:16.527931689,T,92.01,100,92.17,100,TGT
2025-10-31,9:34:16.528252539,T,92.01,100,92.17,200,TGT
2025-10-31,9:34:16.528287507,T,92.01,100,92.17,100,TGT
2025-10-31,9:34:16.528307505,T,92.02,100,92.17,100,TGT
2025-10-31,9:34:16.529365081,T,92.01,100,92.17,100,TGT
2025-10-31,9:34:16.531650556,T,91.92,200,92.17,100,TGT
2025-10-31,9:34:16.532512594,T,91.93,100,92.17,100,TGT
2025-10-31,9:34:16.535224043,T,91.92,200,92.17,100,TGT
2025-10-31,9:34:16.535920715,T,91.92,200,92.2,100,TGT
2025-10-31,9:34:16.540621924,T,91.92,200,92.21,100,TGT
2025-10-31,9:34:16.626681932,T,91.92,100,92.21,100,TGT
2025-10-31,9:34:19.113461615,T,91.85,100,92.21,100,TGT
2025-10-31,9:34:19.254021534,T,91.85,100,92.22,100,TGT
2025-10-31,9:34:19.254031544,T,91.85,100,92.2,100,TGT
2025-10-31,9:34:19.254056592,T,91.85,100,92.22,100,TGT
2025-10-31,9:34:19.790825550,T,91.85,100,92.2,100,TGT
2025-10-31,9:34:19.790856094,T,91.85,100,92.15,100,TGT
2025-10-31,9:34:19.790880722,T,91.85,100,92.2,100,TGT
2025-10-31,9:34:19.790910761,T,91.85,100,92.15,100,TGT
2025-10-31,9:34:19.790960864,T,91.85,100,92.06,100,TGT
2025-10-31,9:34:19.791171406,T,91.85,100,92.06,200,TGT
2025-10-31,9:34:19.791326720,T,91.83,300,92.06,200,TGT
2025-10-31,9:34:19.791467017,T,91.83,100,92.06,200,TGT
2025-10-31,9:34:19.791492143,T,91.8,600,92.06,200,TGT
2025-10-31,9:34:19.800974712,T,91.8,600,92.06,100,TGT
2025-10-31,9:34:19.801395739,T,91.8,600,92.06,200,TGT
2025-10-31,9:34:21.910530662,T,91.86,100,92.06,200,TGT
2025-10-31,9:34:21.915517513,T,91.86,100,92.06,100,TGT
2025-10-31,9:34:22.177501723,T,91.86,100,92.15,100,TGT
2025-10-31,9:34:22.177531742,T,91.86,100,92.2,200,TGT
2025-10-31,9:34:22.418114952,T,91.86,200,92.2,200,TGT
2025-10-31,9:34:22.429512413,T,91.86,100,92.2,200,TGT
2025-10-31,9:34:24.029734568,T,91.86,100,92.18,100,TGT
2025-10-31,9:34:25.834123479,T,91.86,100,92.17,100,TGT
2025-10-31,9:34:26.521721809,T,91.86,100,92.22,100,TGT
2025-10-31,9:34:26.521731811,T,91.86,100,92.22,200,TGT
2025-10-31,9:34:26.537353952,T,91.86,100,92.22,100,TGT
2025-10-31,9:34:29.951588470,T,91.86,100,92.18,100,TGT
2025-10-31,9:34:29.953001900,T,91.86,100,92.22,100,TGT
2025-10-31,9:34:30.075087791,T,91.86,100,92.21,100,TGT
2025-10-31,9:34:30.298399790,T,91.82,100,92.21,100,TGT
2025-10-31,9:34:31.280274032,T,91.82,100,92.19,200,TGT
2025-10-31,9:34:36.401470182,T,91.75,100,92.19,200,TGT
2025-10-31,9:34:36.401480221,T,91.78,100,92.19,200,TGT
2025-10-31,9:34:36.885518484,T,91.78,100,92.21,100,TGT
2025-10-31,9:34:40.469472214,T,91.92,100,92.21,100,TGT
2025-10-31,9:34:40.472414395,T,91.78,100,92.21,100,TGT
2025-10-31,9:34:41.220291181,T,91.78,100,92.1,200,TGT
2025-10-31,9:34:42.268102490,T,91.78,100,92.1,300,TGT
2025-10-31,9:34:42.268102490,T,91.78,100,92.07,100,TGT
2025-10-31,9:34:42.268122640,T,91.75,100,92.07,100,TGT
2025-10-31,9:34:42.268127543,T,91.75,100,92.04,100,TGT
2025-10-31,9:34:42.268132599,T,91.75,100,92.04,200,TGT
2025-10-31,9:34:42.268277922,T,91.75,100,91.98,100,TGT
2025-10-31,9:34:42.277479888,T,91.75,100,92.04,200,TGT
2025-10-31,9:34:42.278306879,T,91.75,100,92.04,100,TGT
2025-10-31,9:34:42.278336963,T,91.75,100,92.1,300,TGT
2025-10-31,9:34:42.365995773,T,91.75,100,92.1,200,TGT
2025-10-31,9:34:42.564573900,T,91.76,100,92.1,200,TGT
2025-10-31,9:34:42.942043189,T,91.76,100,92.1,300,TGT
2025-10-31,9:34:43.862912084,T,91.76,100,92.09,100,TGT
2025-10-31,9:34:43.862952195,T,91.76,100,92.09,200,TGT
2025-10-31,9:34:43.863333097,T,91.76,100,92.09,300,TGT
2025-10-31,9:34:43.863378249,T,91.76,100,92.09,200,TGT
2025-10-31,9:34:43.863408279,T,91.76,100,92.09,300,TGT
2025-10-31,9:34:43.872910908,T,91.77,100,92.09,300,TGT
2025-10-31,9:34:44.490026216,T,91.76,100,92.09,300,TGT
2025-10-31,9:34:45.612655856,T,91.76,100,92.08,100,TGT
2025-10-31,9:34:45.612690953,T,91.76,100,92.08,200,TGT
2025-10-31,9:34:45.613161993,T,91.76,100,92.08,300,TGT
2025-10-31,9:34:45.613582978,T,91.76,100,92.08,400,TGT
2025-10-31,9:34:45.633751065,T,91.76,100,92.08,300,TGT
2025-10-31,9:34:45.633931738,T,91.76,100,91.96,100,TGT
2025-10-31,9:34:45.633951598,T,91.76,100,91.95,100,TGT
2025-10-31,9:34:45.633961726,T,91.74,200,91.95,100,TGT
2025-10-31,9:34:45.633966563,T,91.75,100,91.95,100,TGT
2025-10-31,9:34:45.633966563,T,91.74,200,91.95,100,TGT
2025-10-31,9:34:45.633986587,T,91.74,200,91.95,200,TGT
2025-10-31,9:34:45.633996674,T,91.74,100,91.95,200,TGT
2025-10-31,9:34:45.634242267,T,91.74,100,91.95,300,TGT
2025-10-31,9:34:45.634542929,T,91.74,100,91.93,100,TGT
2025-10-31,9:34:45.634573086,T,91.74,100,91.93,200,TGT
2025-10-31,9:34:45.634673319,T,91.73,300,91.93,200,TGT
2025-10-31,9:34:45.634693298,T,91.73,200,91.93,200,TGT
2025-10-31,9:34:45.634703400,T,91.73,200,91.92,100,TGT
2025-10-31,9:34:45.634808544,T,91.65,100,91.92,100,TGT
2025-10-31,9:34:45.634833619,T,91.63,200,91.92,100,TGT
2025-10-31,9:34:45.634868838,T,91.63,300,91.92,100,TGT
2025-10-31,9:34:45.634868838,T,91.63,200,91.92,100,TGT
2025-10-31,9:34:45.644882560,T,91.63,200,91.93,200,TGT
2025-10-31,9:34:45.645063016,T,91.63,200,91.92,100,TGT
2025-10-31,9:34:45.993037060,T,91.67,100,91.92,100,TGT
2025-10-31,9:34:47.113757227,T,91.63,200,91.92,100,TGT
2025-10-31,9:34:47.113827511,T,91.63,200,91.91,100,TGT
2025-10-31,9:34:47.113847860,T,91.63,200,91.91,200,TGT
2025-10-31,9:34:47.113857412,T,91.63,200,91.91,100,TGT
2025-10-31,9:34:47.113867526,T,91.63,200,91.86,100,TGT
2025-10-31,9:34:47.114965321,T,91.63,200,91.86,200,TGT
2025-10-31,9:34:47.114975124,T,91.63,200,91.85,100,TGT
2025-10-31,9:34:47.114990130,T,91.63,200,91.86,200,TGT
2025-10-31,9:34:47.115060273,T,91.63,200,91.86,300,TGT
2025-10-31,9:34:47.115285864,T,91.63,200,91.86,200,TGT
2025-10-31,9:34:47.126382317,T,91.63,200,91.86,100,TGT
2025-10-31,9:34:49.563072724,T,91.63,200,91.85,100,TGT
2025-10-31,9:34:49.716543370,T,91.66,100,91.85,100,TGT
2025-10-31,9:34:51.424477634,T,91.66,100,91.85,300,TGT
2025-10-31,9:34:51.425164233,T,91.66,100,91.85,400,TGT
2025-10-31,9:34:51.426156534,T,91.66,100,91.85,300,TGT
2025-10-31,9:34:51.431594508,T,91.66,100,91.85,200,TGT
2025-10-31,9:34:51.435894832,T,91.66,100,91.85,300,TGT
2025-10-31,9:34:51.435949937,T,91.66,100,91.85,200,TGT
2025-10-31,9:34:51.439618619,T,91.66,100,91.85,300,TGT
2025-10-31,9:34:51.439648717,T,91.66,100,91.85,400,TGT
2025-10-31,9:34:51.560536755,T,91.66,100,91.85,300,TGT
2025-10-31,9:34:55.474121577,T,91.66,100,91.84,100,TGT
2025-10-31,9:34:57.000482611,T,91.54,100,91.84,100,TGT
2025-10-31,9:34:57.000482611,T,91.52,200,91.84,100,TGT
2025-10-31,9:34:57.000502466,T,91.52,200,91.73,100,TGT
2025-10-31,9:34:57.000923398,T,91.52,200,91.73,200,TGT
2025-10-31,9:34:57.001189033,T,91.52,200,91.72,100,TGT
2025-10-31,9:34:57.011283130,T,91.52,200,91.82,100,TGT
2025-10-31,9:34:57.011288083,T,91.52,200,91.84,200,TGT
2025-10-31,9:34:57.011293111,T,91.52,200,91.84,100,TGT
2025-10-31,9:34:57.015322767,T,91.52,200,91.72,100,TGT
2025-10-31,9:34:57.015884048,T,91.52,200,91.84,100,TGT
2025-10-31,9:34:57.016094555,T,91.52,200,91.72,100,TGT
2025-10-31,9:34:57.043113980,T,91.52,200,91.84,100,TGT
2025-10-31,9:34:57.044412060,T,91.52,200,91.79,100,TGT
2025-10-31,9:34:57.044828068,T,91.52,200,91.79,200,TGT
2025-10-31,9:34:57.121169904,T,91.52,200,91.79,100,TGT
2025-10-31,9:34:57.121625942,T,91.52,200,91.79,200,TGT
2025-10-31,9:34:57.170517476,T,91.52,200,91.79,100,TGT
2025-10-31,9:34:57.171424631,T,91.52,200,91.79,200,TGT
2025-10-31,9:34:57.181273158,T,91.52,200,91.79,100,TGT
2025-10-31,9:34:57.181503661,T,91.52,200,91.84,100,TGT
2025-10-31,9:34:57.182566132,T,91.52,200,91.79,100,TGT
2025-10-31,9:34:57.261469224,T,91.52,200,91.79,200,TGT
2025-10-31,9:34:57.261489202,T,91.52,200,91.79,300,TGT
2025-10-31,9:34:57.263027911,T,91.52,200,91.79,200,TGT
2025-10-31,9:34:57.586162821,T,91.52,200,91.78,100,TGT
2025-10-31,9:34:57.586273081,T,91.52,200,91.71,100,TGT
2025-10-31,9:34:57.586528630,T,91.5,200,91.71,100,TGT
2025-10-31,9:34:57.586553679,T,91.5,100,91.71,100,TGT
2025-10-31,9:34:57.586613898,T,91.5,100,91.78,100,TGT
2025-10-31,9:34:57.586704068,T,91.5,100,91.71,100,TGT
2025-10-31,9:34:57.588378137,T,91.5,100,91.71,200,TGT
2025-10-31,9:34:58.091020613,T,91.5,100,91.7,100,TGT
2025-10-31,9:34:58.091045684,T,91.5,100,91.7,200,TGT
2025-10-31,9:34:58.091521820,T,91.5,100,91.7,300,TGT
2025-10-31,9:34:58.098062502,T,91.5,100,91.7,200,TGT
2025-10-31,9:34:58.101681074,T,91.5,100,91.7,100,TGT
2025-10-31,9:34:58.102467886,T,91.5,100,91.7,200,TGT
2025-10-31,9:34:58.111464381,T,91.5,100,91.7,100,TGT
2025-10-31,9:34:58.177912653,T,91.5,100,91.78,200,TGT
2025-10-31,9:34:58.177932779,T,91.5,100,91.78,100,TGT
2025-10-31,9:34:58.178629444,T,91.5,100,91.7,100,TGT
2025-10-31,9:34:58.242581746,T,91.5,100,91.78,100,TGT
2025-10-31,9:34:59.447342111,T,91.5,100,91.69,100,TGT
2025-10-31,9:34:59.551314845,T,91.5,100,91.78,100,TGT
2025-10-31,9:34:59.553074092,T,91.5,100,91.7,100,TGT
2025-10-31,9:34:59.553600283,T,91.5,100,91.78,100,TGT
2025-10-31,9:34:59.553870971,T,91.5,100,91.7,100,TGT
2025-10-31,9:34:59.554377142,T,91.5,100,91.78,100,TGT
2025-10-31,9:34:59.554667824,T,91.5,100,91.7,100,TGT
2025-10-31,9:34:59.555148936,T,91.5,100,91.78,100,TGT
2025-10-31,9:34:59.555359456,T,91.5,100,91.7,100,TGT
2025-10-31,9:34:59.555785506,T,91.5,100,91.78,100,TGT
2025-10-31,9:34:59.555900769,T,91.5,100,91.7,100,TGT
2025-10-31,9:34:59.708083348,T,91.5,100,91.78,100,TGT
2025-10-31,9:35:00.308543935,T,91.5,100,91.78,200,TGT
2025-10-31,9:35:01.292653782,T,91.5,100,91.78,100,TGT
2025-10-31,9:35:05.227192661,T,91.5,100,91.75,200,TGT
2025-10-31,9:35:05.431765012,T,91.52,100,91.75,200,TGT
2025-10-31,9:35:08.334445822,T,91.6,100,91.75,200,TGT
2025-10-31,9:35:08.334450881,T,91.61,100,91.75,200,TGT
2025-10-31,9:35:08.334726469,T,91.64,100,91.75,200,TGT
2025-10-31,9:35:08.334982068,T,91.64,100,91.75,300,TGT
2025-10-31,9:35:08.344083782,T,91.53,100,91.75,300,TGT
2025-10-31,9:35:08.345010954,T,91.53,100,91.75,200,TGT
2025-10-31,9:35:08.434669592,T,91.52,200,91.75,200,TGT
2025-10-31,9:35:08.534707899,T,91.52,100,91.75,200,TGT
2025-10-31,9:35:08.536166366,T,91.61,100,91.75,200,TGT
2025-10-31,9:35:08.626045512,T,91.52,100,91.75,200,TGT
2025-10-31,9:35:08.826778843,T,91.59,100,91.75,200,TGT
2025-10-31,9:35:08.826999289,T,91.59,200,91.75,200,TGT
2025-10-31,9:35:08.828036774,T,91.59,100,91.75,200,TGT
2025-10-31,9:35:09.920674982,T,91.52,100,91.75,200,TGT
2025-10-31,9:35:12.722916296,T,91.52,100,91.85,100,TGT
2025-10-31,9:35:14.576833253,T,91.52,100,91.82,100,TGT
2025-10-31,9:35:17.217284144,T,91.52,100,91.74,200,TGT
2025-10-31,9:35:21.585025230,T,91.52,100,91.74,300,TGT
2025-10-31,9:35:22.866603525,T,91.52,100,91.69,100,TGT
2025-10-31,9:35:22.869615716,T,91.5,100,91.69,100,TGT
2025-10-31,9:35:22.925724390,T,91.5,100,91.74,300,TGT
2025-10-31,9:35:23.377375517,T,91.5,100,91.74,200,TGT
2025-10-31,9:35:26.502050071,T,91.5,100,91.74,300,TGT
2025-10-31,9:35:26.502120213,T,91.5,100,91.69,100,TGT
2025-10-31,9:35:26.502130197,T,91.5,100,91.68,100,TGT
2025-10-31,9:35:26.502150273,T,91.5,100,91.67,100,TGT
2025-10-31,9:35:26.502170276,T,91.5,100,91.63,100,TGT
2025-10-31,9:35:26.502957218,T,91.5,200,91.63,100,TGT
2025-10-31,9:35:26.503002337,T,91.5,100,91.63,100,TGT
2025-10-31,9:35:27.374759278,T,91.5,100,91.69,100,TGT
2025-10-31,9:35:27.374849476,T,91.5,100,91.74,300,TGT
2025-10-31,9:35:27.374869535,T,91.59,100,91.74,300,TGT
2025-10-31,9:35:27.375480966,T,91.59,100,91.74,200,TGT
2025-10-31,9:35:27.375505979,T,91.59,200,91.74,200,TGT
2025-10-31,9:35:27.376072362,T,91.59,100,91.74,200,TGT
2025-10-31,9:35:27.481097727,T,91.5,100,91.74,200,TGT
2025-10-31,9:35:29.456674485,T,91.59,100,91.74,200,TGT
2025-10-31,9:35:29.457285916,T,91.5,100,91.74,200,TGT
2025-10-31,9:35:29.457446307,T,91.5,200,91.74,200,TGT
2025-10-31,9:35:29.458032673,T,91.5,100,91.74,200,TGT
2025-10-31,9:35:30.178830093,T,91.5,200,91.74,200,TGT
2025-10-31,9:35:30.178830093,T,91.58,100,91.74,200,TGT
2025-10-31,9:35:30.178840088,T,91.59,100,91.74,200,TGT
2025-10-31,9:35:30.179842471,T,91.58,100,91.74,200,TGT
2025-10-31,9:35:30.180308579,T,91.5,200,91.74,200,TGT
2025-10-31,9:35:30.180885339,T,91.58,100,91.74,200,TGT
2025-10-31,9:35:30.180915404,T,91.59,100,91.74,200,TGT
2025-10-31,9:35:30.181165656,T,91.6,100,91.74,200,TGT
2025-10-31,9:35:30.181646867,T,91.59,100,91.74,200,TGT
2025-10-31,9:35:30.181827207,T,91.6,100,91.74,200,TGT
2025-10-31,9:35:30.299878490,T,91.58,100,91.74,200,TGT
2025-10-31,9:35:30.378831580,T,91.5,200,91.74,200,TGT
2025-10-31,9:35:30.478348606,T,91.59,100,91.74,200,TGT
2025-10-31,9:35:30.479110592,T,91.5,200,91.74,200,TGT
2025-10-31,9:35:30.479902374,T,91.59,100,91.74,200,TGT
2025-10-31,9:35:30.480699203,T,91.5,200,91.74,200,TGT
2025-10-31,9:35:30.481491143,T,91.59,100,91.74,200,TGT
2025-10-31,9:35:30.482257917,T,91.5,200,91.74,200,TGT
2025-10-31,9:35:30.542030662,T,91.59,100,91.74,200,TGT
2025-10-31,9:35:30.542271184,T,91.59,100,91.82,100,TGT
2025-10-31,9:35:30.542271184,T,91.59,100,91.84,100,TGT
2025-10-31,9:35:30.542275982,T,91.59,100,91.85,100,TGT
2025-10-31,9:35:30.542290941,T,91.69,100,91.85,100,TGT
2025-10-31,9:35:30.542295955,T,91.73,100,91.85,100,TGT
2025-10-31,9:35:30.542436334,T,91.73,100,91.88,300,TGT
2025-10-31,9:35:30.542451398,T,91.74,100,91.88,300,TGT
2025-10-31,9:35:30.542802152,T,91.69,100,91.88,300,TGT
2025-10-31,9:35:30.542832251,T,91.69,100,91.88,200,TGT
2025-10-31,9:35:30.544290696,T,91.69,100,91.93,200,TGT
2025-10-31,9:35:30.544315752,T,91.69,100,91.93,100,TGT
2025-10-31,9:35:30.563877626,T,91.69,200,91.93,100,TGT
2025-10-31,9:35:30.563887425,T,91.71,100,91.93,100,TGT
2025-10-31,9:35:30.564534221,T,91.71,200,91.93,100,TGT
2025-10-31,9:35:30.642469663,T,91.71,100,91.93,100,TGT
2025-10-31,9:35:31.483648710,T,91.59,100,91.93,100,TGT
2025-10-31,9:35:31.649814711,T,91.74,100,91.93,100,TGT
2025-10-31,9:35:35.728051192,T,91.74,100,91.96,200,TGT
2025-10-31,9:35:35.728071347,T,91.75,100,91.96,200,TGT
2025-10-31,9:35:35.728076473,T,91.75,100,91.96,100,TGT
2025-10-31,9:35:35.728091319,T,91.74,100,91.96,100,TGT
2025-10-31,9:35:35.728131598,T,91.75,100,91.96,100,TGT
2025-10-31,9:35:35.728156506,T,91.75,100,91.98,300,TGT
2025-10-31,9:35:35.728161463,T,91.79,100,91.98,300,TGT
2025-10-31,9:35:35.728181590,T,91.79,100,91.98,200,TGT
2025-10-31,9:35:35.728502350,T,91.75,100,91.98,200,TGT
2025-10-31,9:35:35.728667763,T,91.74,200,91.98,200,TGT
2025-10-31,9:35:35.849430387,T,91.74,100,91.98,200,TGT
2025-10-31,9:35:36.551117144,T,91.74,100,92.07,200,TGT
2025-10-31,9:35:36.551127112,T,91.74,100,92.06,200,TGT
2025-10-31,9:35:36.551648430,T,91.78,100,92.06,200,TGT
2025-10-31,9:35:36.657109598,T,91.74,100,92.06,200,TGT
2025-10-31,9:35:38.562408743,T,91.74,100,91.97,100,TGT
2025-10-31,9:35:42.593738571,T,91.74,100,91.97,300,TGT
2025-10-31,9:35:51.822325619,T,91.74,100,91.95,100,TGT
2025-10-31,9:35:53.236971123,T,91.74,100,91.95,200,TGT
2025-10-31,9:35:53.264165881,T,91.74,100,91.95,100,TGT
2025-10-31,9:36:00.259437179,T,91.74,100,91.95,300,TGT
2025-10-31,9:36:03.499506738,T,91.7,100,91.95,300,TGT
2025-10-31,9:36:03.499531730,T,91.68,200,91.95,300,TGT
2025-10-31,9:36:07.325802894,T,91.68,200,91.95,200,TGT
2025-10-31,9:36:08.415123232,T,91.68,200,91.95,300,TGT
2025-10-31,9:36:09.532981438,T,91.69,100,91.95,300,TGT
2025-10-31,9:36:09.533016559,T,91.69,200,91.95,300,TGT
2025-10-31,9:36:11.438736923,T,91.7,100,91.95,300,TGT
2025-10-31,9:36:12.265331262,T,91.76,100,91.95,300,TGT
2025-10-31,9:36:19.728517382,T,91.76,100,91.95,100,TGT
2025-10-31,9:36:23.798263424,T,91.76,100,91.94,200,TGT
2025-10-31,9:36:29.453742647,T,91.76,100,91.94,100,TGT
2025-10-31,9:36:37.428162039,T,91.76,100,91.95,100,TGT
2025-10-31,9:36:37.428166743,T,91.76,100,92.04,100,TGT
2025-10-31,9:36:37.428191792,T,91.89,100,92.04,100,TGT
2025-10-31,9:36:37.428692954,T,91.89,100,92.06,200,TGT
2025-10-31,9:36:37.428753264,T,91.9,100,92.06,200,TGT
2025-10-31,9:36:37.429159030,T,91.93,100,92.06,200,TGT
2025-10-31,9:36:37.429484860,T,91.93,200,92.06,200,TGT
2025-10-31,9:36:37.429685291,T,91.93,300,92.06,200,TGT
2025-10-31,9:36:37.429710435,T,91.94,100,92.06,200,TGT
2025-10-31,9:36:37.429750498,T,91.93,300,92.06,200,TGT
2025-10-31,9:36:37.429755788,T,91.93,400,92.06,200,TGT
2025-10-31,9:36:37.429755788,T,91.95,100,92.06,200,TGT
2025-10-31,9:36:37.430772902,T,91.95,100,92.09,100,TGT
2025-10-31,9:36:37.430797979,T,91.95,100,92.1,100,TGT
2025-10-31,9:36:37.437403758,T,91.93,200,92.1,100,TGT
2025-10-31,9:36:37.439378381,T,91.93,100,92.1,100,TGT
2025-10-31,9:36:37.439889672,T,91.9,100,92.1,100,TGT
2025-10-31,9:36:42.026025902,T,91.9,100,92.07,200,TGT
2025-10-31,9:36:53.826265444,T,91.9,200,92.07,200,TGT
2025-10-31,9:36:53.826270299,T,91.95,100,92.07,200,TGT
2025-10-31,9:36:53.826290337,T,91.9,200,92.07,200,TGT
2025-10-31,9:36:53.826290337,T,91.96,100,92.07,200,TGT
2025-10-31,9:36:53.826335460,T,91.96,200,92.07,200,TGT
2025-10-31,9:36:53.833302038,T,91.96,100,92.07,200,TGT
2025-10-31,9:36:55.518321325,T,91.9,100,92.07,200,TGT
2025-10-31,9:37:03.830780803,T,92.01,100,92.07,200,TGT
2025-10-31,9:37:03.830836162,T,92.01,100,92.09,100,TGT
2025-10-31,9:37:03.830855960,T,92.04,100,92.09,100,TGT
2025-10-31,9:37:03.831417218,T,92.03,100,92.09,100,TGT
2025-10-31,9:37:03.856597309,T,92.03,100,92.19,200,TGT
2025-10-31,9:37:03.856607290,T,92.03,100,92.09,100,TGT
2025-10-31,9:37:03.856617657,T,92.03,100,92.19,300,TGT
2025-10-31,9:37:03.856617657,T,92.03,100,92.19,200,TGT
2025-10-31,9:37:03.856622368,T,92.06,100,92.19,200,TGT
2025-10-31,9:37:03.856632281,T,92.06,100,92.09,100,TGT
2025-10-31,9:37:03.856642600,T,92.06,100,92.19,300,TGT
2025-10-31,9:37:03.856642600,T,92.06,100,92.19,200,TGT
2025-10-31,9:37:03.856717587,T,92.07,100,92.19,200,TGT
2025-10-31,9:37:03.856943057,T,92.07,200,92.19,200,TGT
2025-10-31,9:37:03.857384108,T,92.07,200,92.25,500,TGT
2025-10-31,9:37:03.863223021,T,92.07,100,92.25,500,TGT
2025-10-31,9:37:03.863248053,T,92.07,100,92.25,600,TGT
2025-10-31,9:37:03.863273104,T,92.07,100,92.25,500,TGT
2025-10-31,9:37:03.863874647,T,92.07,100,92.25,600,TGT
2025-10-31,9:37:03.863874647,T,92.07,100,92.24,100,TGT
2025-10-31,9:37:03.863884742,T,92.07,100,92.22,100,TGT
2025-10-31,9:37:03.863899670,T,92.07,100,92.24,100,TGT
2025-10-31,9:37:03.863909732,T,91.9,100,92.24,100,TGT
2025-10-31,9:37:03.863929707,T,91.9,100,92.11,100,TGT
2025-10-31,9:37:03.863929707,T,91.9,100,92.1,100,TGT
2025-10-31,9:37:03.864486105,T,91.9,100,92.11,100,TGT
2025-10-31,9:37:03.963937978,T,91.9,100,92.15,100,TGT
2025-10-31,9:37:03.963937978,T,91.9,100,92.24,100,TGT
2025-10-31,9:37:04.064006545,T,91.9,100,92.25,600,TGT
2025-10-31,9:37:04.064026470,T,91.9,100,92.25,500,TGT
2025-10-31,9:37:08.229525804,T,91.9,100,92.12,200,TGT
2025-10-31,9:37:12.469111678,T,91.91,100,92.12,200,TGT
2025-10-31,9:37:12.469121644,T,91.93,100,92.12,200,TGT
2025-10-31,9:37:12.469146713,T,91.91,100,92.12,200,TGT
2025-10-31,9:37:12.475316379,T,91.9,100,92.12,200,TGT
2025-10-31,9:37:12.982630167,T,91.9,200,92.12,200,TGT
2025-10-31,9:37:13.538273999,T,91.9,200,92.25,600,TGT
2025-10-31,9:37:13.538329118,T,91.9,200,92.23,100,TGT
2025-10-31,9:37:14.617039310,T,91.9,200,92.22,100,TGT
2025-10-31,9:37:17.927616844,T,91.9,200,92.11,200,TGT
2025-10-31,9:37:20.547613961,T,91.91,100,92.11,200,TGT
2025-10-31,9:37:20.547623944,T,91.93,100,92.11,200,TGT
2025-10-31,9:37:20.547638983,T,91.91,100,92.11,200,TGT
2025-10-31,9:37:20.554645751,T,91.9,200,92.11,200,TGT
2025-10-31,9:37:20.864654275,T,91.99,100,92.11,200,TGT
2025-10-31,9:37:20.865055241,T,92.05,100,92.11,200,TGT
2025-10-31,9:37:20.865426090,T,91.99,100,92.11,200,TGT
2025-10-31,9:37:21.477704756,T,92.01,100,92.11,200,TGT
2025-10-31,9:37:21.861554268,T,91.99,100,92.11,200,TGT
2025-10-31,9:37:21.894848582,T,91.99,200,92.11,200,TGT
2025-10-31,9:37:21.900431978,T,92.02,100,92.11,200,TGT
2025-10-31,9:37:22.035814446,T,91.99,200,92.11,200,TGT
2025-10-31,9:37:22.462771747,T,91.99,100,92.11,200,TGT
2025-10-31,9:37:22.462796842,T,91.9,300,92.11,200,TGT
2025-10-31,9:37:23.372198493,T,92.01,100,92.11,200,TGT
2025-10-31,9:37:23.637645861,T,92.01,100,92.11,100,TGT
2025-10-31,9:37:23.637666510,T,92.01,200,92.11,100,TGT
2025-10-31,9:37:23.637666510,T,92.01,200,92.22,100,TGT
2025-10-31,9:37:23.637691004,T,92.07,100,92.22,100,TGT
2025-10-31,9:37:23.637706158,T,92.07,100,92.25,500,TGT
2025-10-31,9:37:23.638417805,T,92.07,200,92.25,500,TGT
2025-10-31,9:37:23.638427819,T,92.07,100,92.25,500,TGT
2025-10-31,9:37:23.737689219,T,92.02,100,92.25,500,TGT
2025-10-31,9:37:23.837707532,T,92.01,200,92.25,500,TGT
2025-10-31,9:37:23.837732620,T,92.01,100,92.25,500,TGT
2025-10-31,9:37:24.668702560,T,92.0,100,92.25,500,TGT
2025-10-31,9:37:28.187029859,T,92.0,100,92.16,100,TGT
2025-10-31,9:37:28.187415853,T,92.02,100,92.16,100,TGT
2025-10-31,9:37:28.187821780,T,92.0,100,92.16,100,TGT
2025-10-31,9:37:28.188312893,T,92.02,100,92.16,100,TGT
2025-10-31,9:37:28.323901065,T,92.0,100,92.16,100,TGT
2025-10-31,9:37:28.913515745,T,91.91,200,92.16,100,TGT
2025-10-31,9:37:29.110710462,T,92.0,100,92.16,100,TGT
2025-10-31,9:37:29.543581759,T,92.0,100,92.15,100,TGT
2025-10-31,9:37:29.552257515,T,91.91,200,92.15,100,TGT
2025-10-31,9:37:29.552257515,T,91.91,200,92.14,100,TGT
2025-10-31,9:37:29.574831275,T,91.91,100,92.14,100,TGT
2025-10-31,9:37:29.753973018,T,91.99,100,92.14,100,TGT
2025-10-31,9:37:33.354441138,T,91.99,100,92.25,500,TGT
2025-10-31,9:37:33.432251430,T,91.99,100,92.15,100,TGT
2025-10-31,9:37:33.501591652,T,92.01,100,92.15,100,TGT
2025-10-31,9:37:36.241088561,T,92.02,100,92.15,100,TGT
2025-10-31,9:37:36.556500032,T,92.02,100,92.15,200,TGT
2025-10-31,9:37:38.789635585,T,91.9,200,92.15,200,TGT
2025-10-31,9:37:41.029652308,T,91.9,200,92.14,100,TGT
2025-10-31,9:37:41.069562416,T,91.9,200,92.15,100,TGT
2025-10-31,9:37:43.362665914,T,92.03,100,92.15,100,TGT
2025-10-31,9:37:44.113394339,T,91.9,200,92.15,100,TGT
2025-10-31,9:37:49.827132320,T,92.03,200,92.15,100,TGT
2025-10-31,9:37:52.493329690,T,92.03,200,92.14,100,TGT
2025-10-31,9:37:52.696774324,T,92.03,200,92.15,100,TGT
2025-10-31,9:37:53.597991398,T,92.03,300,92.15,100,TGT
2025-10-31,9:37:53.597991398,T,92.04,100,92.15,100,TGT
2025-10-31,9:37:53.598011362,T,92.03,300,92.15,100,TGT
2025-10-31,9:37:53.598016435,T,92.04,100,92.15,100,TGT
2025-10-31,9:37:53.598211949,T,92.07,100,92.15,100,TGT
2025-10-31,9:37:53.598582796,T,92.04,100,92.15,100,TGT
2025-10-31,9:37:53.598918514,T,92.07,100,92.15,100,TGT
2025-10-31,9:37:53.599344607,T,92.04,100,92.15,100,TGT
2025-10-31,9:37:53.599705474,T,92.04,200,92.15,100,TGT
2025-10-31,9:37:53.600096415,T,92.04,100,92.15,100,TGT
2025-10-31,9:37:53.798228448,T,92.03,200,92.15,100,TGT
2025-10-31,9:37:55.736285889,T,92.03,300,92.15,100,TGT
2025-10-31,9:37:57.597339895,T,92.05,100,92.15,100,TGT
2025-10-31,9:38:00.637353243,T,92.05,100,92.16,100,TGT
2025-10-31,9:38:00.637357983,T,92.07,100,92.16,100,TGT
2025-10-31,9:38:00.637398005,T,92.11,100,92.16,100,TGT
2025-10-31,9:38:00.637909149,T,92.11,100,92.25,500,TGT
2025-10-31,9:38:00.637929256,T,92.13,100,92.25,500,TGT
2025-10-31,9:38:00.638485501,T,92.12,100,92.25,500,TGT
2025-10-31,9:38:00.639051883,T,92.1,100,92.25,500,TGT
2025-10-31,9:38:00.720135090,T,92.05,200,92.25,500,TGT
2025-10-31,9:38:00.767979043,T,92.05,100,92.25,500,TGT
2025-10-31,9:38:01.920264302,T,92.05,300,92.25,500,TGT
2025-10-31,9:38:03.561599796,T,92.05,300,92.25,600,TGT
2025-10-31,9:38:03.561599796,T,92.05,300,92.23,100,TGT
2025-10-31,9:38:03.561610059,T,92.05,300,92.22,100,TGT
2025-10-31,9:38:03.562757557,T,92.05,300,92.23,100,TGT
2025-10-31,9:38:03.568631532,T,92.05,300,92.25,600,TGT
2025-10-31,9:38:03.593686267,T,92.05,300,92.23,100,TGT
2025-10-31,9:38:03.593691252,T,92.05,300,92.22,100,TGT
2025-10-31,9:38:03.593691252,T,92.05,300,92.21,100,TGT
2025-10-31,9:38:03.593706228,T,92.05,300,92.2,100,TGT
2025-10-31,9:38:03.593731356,T,92.05,300,92.21,100,TGT
2025-10-31,9:38:03.600728033,T,92.05,300,92.25,600,TGT
2025-10-31,9:38:03.634052437,T,92.05,300,92.25,500,TGT
2025-10-31,9:38:03.711787639,T,92.05,300,92.17,100,TGT
2025-10-31,9:38:07.652681756,T,92.05,300,92.18,100,TGT
2025-10-31,9:38:09.663427448,T,92.05,300,92.16,100,TGT
2025-10-31,9:38:15.369131293,T,92.05,300,92.16,200,TGT
2025-10-31,9:38:15.625797868,T,92.05,300,92.16,300,TGT
2025-10-31,9:38:18.050815510,T,92.05,200,92.16,300,TGT
2025-10-31,9:38:18.066086868,T,92.05,200,92.16,400,TGT
2025-10-31,9:38:18.066101979,T,92.05,200,92.16,500,TGT
2025-10-31,9:38:18.066212249,T,92.05,200,92.16,400,TGT
2025-10-31,9:38:18.066537960,T,92.05,200,92.16,300,TGT
2025-10-31,9:38:18.310664669,T,92.05,200,92.16,200,TGT
2025-10-31,9:38:20.119313609,T,92.05,200,92.16,300,TGT
2025-10-31,9:38:20.124992455,T,92.05,200,92.16,400,TGT
2025-10-31,9:38:20.124997144,T,92.05,200,92.14,100,TGT
2025-10-31,9:38:20.125257797,T,92.05,200,92.1,100,TGT
2025-10-31,9:38:20.125478315,T,92.05,100,92.1,100,TGT
2025-10-31,9:38:20.125488338,T,92.01,100,92.1,100,TGT
2025-10-31,9:38:20.125493439,T,92.0,100,92.1,100,TGT
2025-10-31,9:38:20.125498381,T,92.01,100,92.1,100,TGT
2025-10-31,9:38:20.125508354,T,92.0,100,92.1,100,TGT
2025-10-31,9:38:20.125528392,T,91.9,200,92.1,100,TGT
2025-10-31,9:38:20.125543488,T,91.9,100,92.1,100,TGT
2025-10-31,9:38:20.125548487,T,91.9,100,92.09,100,TGT
2025-10-31,9:38:20.201304118,T,91.9,100,92.14,100,TGT
2025-10-31,9:38:20.201323998,T,92.05,100,92.14,100,TGT
2025-10-31,9:38:20.202120949,T,92.05,100,92.16,300,TGT
2025-10-31,9:38:20.202140943,T,92.05,100,92.16,200,TGT
2025-10-31,9:38:20.208380868,T,92.01,100,92.16,200,TGT
2025-10-31,9:38:20.301768311,T,91.9,200,92.16,200,TGT
2025-10-31,9:38:20.411349427,T,91.9,300,92.16,200,TGT
2025-10-31,9:38:20.513472686,T,91.92,100,92.16,200,TGT
2025-10-31,9:38:20.513502753,T,91.92,200,92.16,200,TGT
2025-10-31,9:38:20.623564916,T,91.94,100,92.16,200,TGT
2025-10-31,9:38:20.623595012,T,91.94,200,92.16,200,TGT
2025-10-31,9:38:21.066620599,T,91.94,400,92.16,200,TGT
2025-10-31,9:38:21.363938872,T,91.94,400,92.16,300,TGT
2025-10-31,9:38:21.570836855,T,91.94,400,92.16,400,TGT
2025-10-31,9:38:21.570952085,T,91.94,400,92.16,300,TGT
2025-10-31,9:38:21.581101270,T,91.94,400,92.16,200,TGT
2025-10-31,9:38:22.468630906,T,91.94,400,92.15,100,TGT
2025-10-31,9:38:22.940018902,T,91.94,400,92.15,200,TGT
2025-10-31,9:38:23.202619534,T,91.94,300,92.15,200,TGT
2025-10-31,9:38:25.009599686,T,91.94,300,92.15,300,TGT
2025-10-31,9:38:25.460794702,T,91.94,200,92.15,300,TGT
2025-10-31,9:38:26.315756610,T,91.94,200,92.15,200,TGT
2025-10-31,9:38:26.451620340,T,91.94,200,92.15,300,TGT
2025-10-31,9:38:27.291807077,T,91.94,200,92.15,200,TGT
2025-10-31,9:38:27.291817150,T,91.94,200,92.15,100,TGT
2025-10-31,9:38:27.304437136,T,91.94,200,92.16,100,TGT
2025-10-31,9:38:29.223965564,T,91.94,200,92.15,100,TGT
2025-10-31,9:38:30.836321984,T,91.94,200,92.15,200,TGT
2025-10-31,9:38:30.847638906,T,91.94,200,92.15,300,TGT
2025-10-31,9:38:30.848120089,T,91.94,200,92.15,200,TGT
2025-10-31,9:38:31.259851013,T,91.94,200,92.15,100,TGT
2025-10-31,9:38:31.408470151,T,91.94,200,92.15,200,TGT
2025-10-31,9:38:31.557013987,T,91.94,200,92.15,100,TGT
2025-10-31,9:38:34.412858097,T,91.94,200,92.16,100,TGT
2025-10-31,9:38:34.440298506,T,91.94,200,92.25,500,TGT
2025-10-31,9:38:34.454918294,T,91.94,300,92.25,500,TGT
2025-10-31,9:38:34.637042272,T,91.94,300,92.24,100,TGT
2025-10-31,9:38:34.637072387,T,91.94,200,92.24,100,TGT
2025-10-31,9:38:36.370367006,T,91.94,200,92.15,100,TGT
2025-10-31,9:38:36.370787944,T,91.94,200,92.15,200,TGT
2025-10-31,9:38:36.459930269,T,91.94,200,92.15,300,TGT
2025-10-31,9:38:37.193157160,T,91.94,200,92.15,200,TGT
2025-10-31,9:38:37.714243534,T,91.94,200,92.15,300,TGT
2025-10-31,9:38:38.182007962,T,91.94,200,92.15,200,TGT
2025-10-31,9:38:38.235239841,T,91.94,200,92.15,300,TGT
2025-10-31,9:38:38.496261640,T,91.94,200,92.15,400,TGT
2025-10-31,9:38:38.503479049,T,91.94,200,92.15,500,TGT
2025-10-31,9:38:38.503483936,T,91.94,200,92.14,100,TGT
2025-10-31,9:38:38.503493901,T,91.94,200,92.13,100,TGT
2025-10-31,9:38:38.503498935,T,91.94,200,92.11,100,TGT
2025-10-31,9:38:38.503513982,T,91.94,200,92.1,100,TGT
2025-10-31,9:38:38.503524029,T,91.94,200,92.09,100,TGT
2025-10-31,9:38:38.503919944,T,91.94,200,92.09,200,TGT
2025-10-31,9:38:38.503919944,T,91.94,200,92.08,100,TGT
2025-10-31,9:38:38.503934905,T,91.94,200,92.09,200,TGT
2025-10-31,9:38:38.503990033,T,91.94,200,92.08,100,TGT
2025-10-31,9:38:38.504025229,T,91.94,200,92.07,100,TGT
2025-10-31,9:38:38.504040198,T,91.94,200,92.08,100,TGT
2025-10-31,9:38:38.504075346,T,91.94,200,92.07,100,TGT
2025-10-31,9:38:38.504370949,T,91.9,100,92.07,100,TGT
2025-10-31,9:38:38.504441170,T,91.9,100,92.06,100,TGT
2025-10-31,9:38:38.504441170,T,91.9,100,92.07,100,TGT
2025-10-31,9:38:38.504456197,T,91.9,100,92.06,100,TGT
2025-10-31,9:38:38.504496627,T,91.9,100,92.07,100,TGT
2025-10-31,9:38:38.504536344,T,91.9,200,92.07,100,TGT
2025-10-31,9:38:38.504546463,T,91.91,100,92.07,100,TGT
2025-10-31,9:38:38.504701819,T,91.92,100,92.07,100,TGT
2025-10-31,9:38:38.504711866,T,91.91,100,92.07,100,TGT
2025-10-31,9:38:38.504731904,T,91.91,200,92.07,100,TGT
2025-10-31,9:38:38.504731904,T,91.96,100,92.07,100,TGT
2025-10-31,9:38:38.504741929,T,91.92,100,92.07,100,TGT
2025-10-31,9:38:38.504937293,T,91.92,100,92.06,100,TGT
2025-10-31,9:38:38.504947426,T,91.92,100,92.05,100,TGT
2025-10-31,9:38:38.504982794,T,91.92,100,92.06,100,TGT
2025-10-31,9:38:38.505002517,T,91.92,100,92.05,100,TGT
2025-10-31,9:38:38.505518705,T,91.91,100,92.05,100,TGT
2025-10-31,9:38:38.604524550,T,91.9,100,92.05,100,TGT
2025-10-31,9:38:38.604945586,T,91.9,100,92.06,100,TGT
2025-10-31,9:38:38.704442649,T,91.9,100,92.07,100,TGT
2025-10-31,9:38:40.499935538,T,91.9,100,92.08,200,TGT
2025-10-31,9:38:40.499940543,T,91.9,100,92.07,100,TGT
2025-10-31,9:38:40.510430550,T,91.9,100,92.08,200,TGT
2025-10-31,9:38:42.669053382,T,91.9,100,92.08,100,TGT
2025-10-31,9:38:42.669078441,T,91.9,100,92.09,100,TGT
2025-10-31,9:38:44.956914338,T,91.81,200,92.09,100,TGT
2025-10-31,9:38:45.480972818,T,91.81,200,92.01,100,TGT
2025-10-31,9:38:45.481529158,T,91.81,200,92.01,200,TGT
2025-10-31,9:38:45.534916275,T,91.81,200,92.01,100,TGT
2025-10-31,9:38:47.041981799,T,91.81,200,92.0,100,TGT
2025-10-31,9:38:47.788530434,T,91.81,200,92.0,200,TGT
2025-10-31,9:38:47.804869419,T,91.81,200,92.0,100,TGT
2025-10-31,9:38:52.374702148,T,91.81,200,91.99,100,TGT
2025-10-31,9:38:52.374707106,T,91.81,200,92.0,100,TGT
2025-10-31,9:38:52.374712155,T,91.81,200,91.99,100,TGT
2025-10-31,9:38:52.375123158,T,91.81,200,91.99,200,TGT
2025-10-31,9:38:52.375799710,T,91.81,200,91.99,100,TGT
2025-10-31,9:38:52.377473752,T,91.81,200,91.99,200,TGT
2025-10-31,9:38:52.385688345,T,91.81,200,91.99,100,TGT
2025-10-31,9:38:52.386961381,T,91.81,200,91.99,200,TGT
2025-10-31,9:38:52.389773069,T,91.81,200,91.99,100,TGT
2025-10-31,9:38:52.398854706,T,91.81,200,92.0,100,TGT
2025-10-31,9:38:52.443285573,T,91.81,200,92.0,200,TGT
2025-10-31,9:38:52.453299417,T,91.81,200,92.0,100,TGT
2025-10-31,9:38:54.337563474,T,91.94,400,92.0,100,TGT
2025-10-31,9:38:54.359169938,T,91.94,100,92.0,100,TGT
2025-10-31,9:38:54.359194964,T,91.81,200,92.0,100,TGT
2025-10-31,9:38:54.359220043,T,91.81,200,91.97,100,TGT
2025-10-31,9:38:54.369123614,T,91.81,200,92.0,100,TGT
2025-10-31,9:38:56.553202190,T,91.81,200,92.0,200,TGT
2025-10-31,9:38:58.093827832,T,91.81,200,92.0,100,TGT
2025-10-31,9:39:01.846759102,T,91.82,200,92.0,100,TGT
2025-10-31,9:39:20.499970580,T,91.93,100,92.0,100,TGT
2025-10-31,9:39:20.499990673,T,91.82,200,92.0,100,TGT
2025-10-31,9:39:22.529105219,T,91.82,200,91.99,100,TGT
2025-10-31,9:39:22.530308111,T,91.82,200,92.0,100,TGT
2025-10-31,9:39:22.534292595,T,91.82,200,92.07,100,TGT
2025-10-31,9:39:22.607306555,T,91.82,200,92.0,100,TGT
2025-10-31,9:39:22.653145775,T,91.82,200,92.07,100,TGT
2025-10-31,9:39:27.148997060,T,91.82,200,92.0,100,TGT
2025-10-31,9:39:28.545018151,T,91.82,200,91.99,100,TGT
2025-10-31,9:39:28.545028061,T,91.82,200,91.99,200,TGT
2025-10-31,9:39:28.545033114,T,91.82,200,91.99,100,TGT
2025-10-31,9:39:28.545248659,T,91.82,200,91.99,200,TGT
2025-10-31,9:39:28.545288703,T,91.82,200,91.99,100,TGT
2025-10-31,9:39:28.547564108,T,91.92,200,91.99,100,TGT
2025-10-31,9:39:28.547604221,T,91.82,200,91.99,100,TGT
2025-10-31,9:39:28.547634249,T,91.82,200,91.99,200,TGT
2025-10-31,9:39:28.547649323,T,91.82,200,91.98,100,TGT
2025-10-31,9:39:28.547659302,T,91.82,200,91.99,200,TGT
2025-10-31,9:39:28.547909986,T,91.82,200,91.98,100,TGT
2025-10-31,9:39:28.547920020,T,91.82,200,91.95,100,TGT
2025-10-31,9:39:28.548235694,T,91.82,400,91.95,100,TGT
2025-10-31,9:39:28.548275847,T,91.82,400,91.98,100,TGT
2025-10-31,9:39:28.549403568,T,91.82,400,91.99,200,TGT
2025-10-31,9:39:28.549433604,T,91.82,400,91.98,100,TGT
2025-10-31,9:39:28.549799426,T,91.82,400,91.93,100,TGT
2025-10-31,9:39:28.550200405,T,91.82,400,91.99,200,TGT
2025-10-31,9:39:28.550285587,T,91.82,400,91.95,100,TGT
2025-10-31,9:39:28.550315743,T,91.82,400,91.95,200,TGT
2025-10-31,9:39:28.550676785,T,91.82,400,91.95,100,TGT
2025-10-31,9:39:28.550681561,T,91.82,400,91.99,200,TGT
2025-10-31,9:39:28.552470811,T,91.82,400,91.96,100,TGT
2025-10-31,9:39:28.552470811,T,91.82,400,91.96,200,TGT
2025-10-31,9:39:28.556249857,T,91.82,400,91.96,100,TGT
2025-10-31,9:39:28.556274896,T,91.82,400,91.99,200,TGT
2025-10-31,9:39:28.568343681,T,91.87,100,91.99,200,TGT
2025-10-31,9:39:28.568388796,T,91.87,300,91.99,200,TGT
2025-10-31,9:39:28.569015292,T,91.87,200,91.99,200,TGT
2025-10-31,9:39:28.569797126,T,91.87,200,91.98,100,TGT
2025-10-31,9:39:28.730505079,T,91.87,200,91.99,100,TGT
2025-10-31,9:39:28.732149001,T,91.88,100,91.99,100,TGT
2025-10-31,9:39:28.732194232,T,91.88,300,91.99,100,TGT
2025-10-31,9:39:28.746012014,T,91.88,300,92.0,100,TGT
2025-10-31,9:39:28.746813865,T,91.88,200,92.0,100,TGT
2025-10-31,9:39:30.427372607,T,91.89,100,92.0,100,TGT
2025-10-31,9:39:30.427417651,T,91.89,300,92.0,100,TGT
2025-10-31,9:39:30.472344736,T,91.89,200,92.0,100,TGT
2025-10-31,9:39:32.654839533,T,91.89,200,92.07,100,TGT
2025-10-31,9:39:36.785044857,T,91.89,200,92.1,200,TGT
2025-10-31,9:39:37.644522556,T,91.89,200,91.99,100,TGT
2025-10-31,9:39:43.678563887,T,91.89,300,91.99,100,TGT
2025-10-31,9:39:45.828265415,T,91.89,300,92.07,100,TGT
2025-10-31,9:39:45.828285382,T,91.89,300,92.1,200,TGT
2025-10-31,9:39:45.828300429,T,91.9,100,92.1,200,TGT
2025-10-31,9:39:45.828315489,T,91.9,200,92.1,200,TGT
2025-10-31,9:39:45.828320722,T,91.92,100,92.1,200,TGT
2025-10-31,9:39:45.828320722,T,91.92,100,92.1,100,TGT
2025-10-31,9:39:45.828335687,T,91.98,200,92.1,100,TGT
2025-10-31,9:39:45.828340772,T,91.94,200,92.1,100,TGT
2025-10-31,9:39:45.828350564,T,91.94,200,92.11,200,TGT
2025-10-31,9:39:45.828365641,T,91.98,200,92.11,200,TGT
2025-10-31,9:39:45.828490911,T,91.98,300,92.11,200,TGT
2025-10-31,9:39:45.828490911,T,91.98,100,92.11,200,TGT
2025-10-31,9:39:45.828516019,T,91.98,300,92.11,200,TGT
2025-10-31,9:39:45.828666391,T,91.98,300,92.11,100,TGT
2025-10-31,9:39:45.828776903,T,91.99,100,92.11,100,TGT
2025-10-31,9:39:45.828801678,T,92.03,200,92.11,100,TGT
2025-10-31,9:39:45.828826735,T,92.03,100,92.11,100,TGT
2025-10-31,9:39:45.828846783,T,91.99,200,92.11,100,TGT
2025-10-31,9:39:45.828856802,T,91.99,100,92.11,100,TGT
2025-10-31,9:39:45.829914488,T,91.99,200,92.11,100,TGT
2025-10-31,9:39:45.829919466,T,92.0,100,92.11,100,TGT
2025-10-31,9:39:45.829919466,T,92.0,200,92.11,100,TGT
2025-10-31,9:39:45.830260296,T,92.03,100,92.11,100,TGT
2025-10-31,9:39:45.830320281,T,92.0,200,92.11,100,TGT
2025-10-31,9:39:45.836319546,T,92.0,200,92.2,300,TGT
2025-10-31,9:39:45.848563720,T,92.0,100,92.2,300,TGT
2025-10-31,9:39:45.848593766,T,92.0,100,92.1,100,TGT
2025-10-31,9:39:46.029950888,T,91.94,200,92.1,100,TGT
2025-10-31,9:39:46.030417022,T,91.94,200,92.2,200,TGT
2025-10-31,9:39:46.030477115,T,91.94,200,92.1,100,TGT
2025-10-31,9:39:46.031013421,T,91.94,200,92.2,200,TGT
2025-10-31,9:39:46.037223389,T,91.94,100,92.2,200,TGT
2025-10-31,9:39:46.037243241,T,91.94,100,92.08,100,TGT
2025-10-31,9:39:46.044300144,T,91.94,100,92.1,100,TGT
2025-10-31,9:39:46.153054250,T,91.9,100,92.1,100,TGT
2025-10-31,9:39:46.153054250,T,91.9,100,92.09,100,TGT
2025-10-31,9:39:46.663640698,T,91.9,100,92.1,100,TGT
2025-10-31,9:39:46.664151958,T,91.82,200,92.1,100,TGT
2025-10-31,9:39:46.664181994,T,91.82,200,92.08,100,TGT
2025-10-31,9:39:46.664267219,T,91.82,200,92.07,100,TGT
2025-10-31,9:39:50.238733355,T,91.82,200,92.07,200,TGT
2025-10-31,9:39:50.238968884,T,91.89,200,92.07,200,TGT
2025-10-31,9:39:51.733178923,T,91.89,200,92.07,100,TGT
2025-10-31,9:39:52.073544768,T,91.82,200,92.07,100,TGT
2025-10-31,9:39:53.001681044,T,91.91,100,92.07,100,TGT
2025-10-31,9:39:53.001886476,T,91.91,200,92.07,100,TGT
2025-10-31,9:39:53.002036821,T,91.91,200,92.08,100,TGT
2025-10-31,9:39:53.151352583,T,91.91,100,92.08,100,TGT
2025-10-31,9:39:53.151387631,T,91.91,100,92.07,100,TGT
2025-10-31,9:39:53.152034157,T,91.91,300,92.07,100,TGT
2025-10-31,9:39:53.152059342,T,91.91,300,92.08,100,TGT
2025-10-31,9:39:53.152064314,T,91.92,100,92.08,100,TGT
2025-10-31,9:39:53.163636857,T,91.92,200,92.08,100,TGT
2025-10-31,9:39:53.389023738,T,91.92,100,92.08,100,TGT
2025-10-31,9:39:54.067470385,T,91.92,100,92.1,100,TGT
2025-10-31,9:39:54.067475182,T,91.93,100,92.1,100,TGT
2025-10-31,9:39:54.067570495,T,91.99,100,92.1,100,TGT
2025-10-31,9:39:54.067580487,T,91.99,100,92.15,200,TGT
2025-10-31,9:39:54.067605598,T,92.05,100,92.15,200,TGT
2025-10-31,9:39:54.067605598,T,92.07,100,92.15,200,TGT
2025-10-31,9:39:54.068076625,T,92.05,100,92.15,200,TGT
2025-10-31,9:39:54.068267145,T,92.05,200,92.15,200,TGT
2025-10-31,9:39:54.070427281,T,92.05,200,92.25,500,TGT
2025-10-31,9:39:54.077995306,T,92.05,100,92.25,500,TGT
2025-10-31,9:39:54.167603844,T,91.99,200,92.25,500,TGT
2025-10-31,9:39:54.168395690,T,92.05,100,92.25,500,TGT
2025-10-31,9:39:54.168932001,T,92.05,300,92.25,500,TGT
2025-10-31,9:39:54.168982074,T,92.05,200,92.25,500,TGT
2025-10-31,9:39:59.212192546,T,92.05,200,92.15,100,TGT
2025-10-31,9:40:01.001480558,T,92.06,100,92.15,100,TGT
2025-10-31,9:40:02.247428989,T,92.05,200,92.15,100,TGT
2025-10-31,9:40:06.712051061,T,92.05,200,92.25,500,TGT
2025-10-31,9:40:06.712075912,T,92.12,100,92.25,500,TGT
2025-10-31,9:40:06.712075912,T,92.14,100,92.25,500,TGT
2025-10-31,9:40:06.712547108,T,92.15,100,92.25,500,TGT
2025-10-31,9:40:06.712657318,T,92.12,100,92.25,500,TGT
2025-10-31,9:40:06.715629482,T,92.12,100,92.25,600,TGT
2025-10-31,9:40:06.730890796,T,92.12,100,92.25,500,TGT
2025-10-31,9:40:06.794968470,T,92.12,100,92.25,600,TGT
2025-10-31,9:40:06.794968470,T,92.12,100,92.24,100,TGT
2025-10-31,9:40:06.794973655,T,92.1,100,92.24,100,TGT
2025-10-31,9:40:06.794978608,T,92.1,100,92.23,100,TGT
2025-10-31,9:40:06.795003594,T,92.1,100,92.24,100,TGT
2025-10-31,9:40:06.798251232,T,92.06,100,92.24,100,TGT
2025-10-31,9:40:06.798271351,T,92.0,100,92.24,100,TGT
2025-10-31,9:40:06.802000235,T,92.0,100,92.25,600,TGT
2025-10-31,9:40:06.815306862,T,92.0,100,92.25,500,TGT
2025-10-31,9:40:06.829991947,T,92.06,700,92.25,500,TGT
2025-10-31,9:40:08.739581642,T,92.06,700,92.18,100,TGT
2025-10-31,9:40:08.739997640,T,92.06,700,92.18,200,TGT
2025-10-31,9:40:08.747696041,T,92.06,700,92.18,100,TGT
2025-10-31,9:40:10.910573967,T,92.06,700,92.25,500,TGT
2025-10-31,9:40:10.915515702,T,92.06,700,92.2,100,TGT
2025-10-31,9:40:10.915936741,T,92.06,700,92.2,200,TGT
2025-10-31,9:40:11.596157385,T,92.06,700,92.2,100,TGT
2025-10-31,9:40:13.617242742,T,92.06,400,92.2,100,TGT
2025-10-31,9:40:13.617262882,T,91.99,200,92.2,100,TGT
2025-10-31,9:40:13.617277716,T,91.99,100,92.2,100,TGT
2025-10-31,9:40:13.617282680,T,91.99,100,92.17,100,TGT
2025-10-31,9:40:13.617287989,T,91.99,100,92.07,100,TGT
2025-10-31,9:40:13.617302709,T,91.96,100,92.07,100,TGT
2025-10-31,9:40:13.617713704,T,91.96,100,92.07,200,TGT
2025-10-31,9:40:13.617718736,T,91.96,100,92.06,100,TGT
2025-10-31,9:40:13.617884105,T,91.96,100,92.07,100,TGT
2025-10-31,9:40:13.618054569,T,91.96,100,92.06,100,TGT
2025-10-31,9:40:13.618655922,T,91.95,100,92.06,100,TGT
2025-10-31,9:40:13.618766527,T,91.99,100,92.06,100,TGT
2025-10-31,9:40:13.618781280,T,92.0,100,92.06,100,TGT
2025-10-31,9:40:13.618811300,T,92.0,200,92.06,100,TGT
2025-10-31,9:40:13.619091964,T,92.0,100,92.06,100,TGT
2025-10-31,9:40:13.619122112,T,92.0,100,92.07,200,TGT
2025-10-31,9:40:13.619307550,T,92.0,100,92.07,100,TGT
2025-10-31,9:40:13.622735663,T,91.99,100,92.07,100,TGT
2025-10-31,9:40:13.623522574,T,92.0,100,92.07,100,TGT
2025-10-31,9:40:13.627767653,T,92.0,100,92.11,200,TGT
2025-10-31,9:40:13.627812778,T,92.0,100,92.11,100,TGT
2025-10-31,9:40:13.688577550,T,92.0,100,92.16,100,TGT
2025-10-31,9:40:13.717290918,T,92.0,100,92.17,100,TGT
2025-10-31,9:40:13.721099979,T,91.93,100,92.17,100,TGT
2025-10-31,9:40:13.721641263,T,91.93,100,92.17,200,TGT
2025-10-31,9:40:13.732627433,T,91.93,100,92.17,100,TGT
2025-10-31,9:40:13.817549911,T,91.93,100,92.2,200,TGT
2025-10-31,9:40:13.817574890,T,91.93,100,92.2,100,TGT
2025-10-31,9:40:15.804383537,T,91.93,100,92.23,200,TGT
2025-10-31,9:40:15.804408618,T,91.93,100,92.23,100,TGT
2025-10-31,9:40:20.101386046,T,91.93,100,92.15,100,TGT
2025-10-31,9:40:20.101812107,T,91.93,100,92.15,200,TGT
2025-10-31,9:40:21.278054552,T,91.99,100,92.15,200,TGT
2025-10-31,9:40:24.837184096,T,91.99,100,92.15,300,TGT
2025-10-31,9:40:29.269709807,T,91.99,100,92.14,100,TGT
2025-10-31,9:40:29.269714647,T,91.99,100,92.08,100,TGT
2025-10-31,9:40:29.270090511,T,91.95,100,92.08,100,TGT
2025-10-31,9:40:29.270220812,T,91.87,300,92.08,100,TGT
2025-10-31,9:40:29.270606803,T,91.87,300,92.07,100,TGT
2025-10-31,9:40:29.276751432,T,91.87,300,92.08,100,TGT
2025-10-31,9:40:29.276776550,T,91.87,300,92.14,200,TGT
2025-10-31,9:40:29.279778679,T,91.87,300,92.14,100,TGT
2025-10-31,9:40:29.320996859,T,91.87,300,92.14,200,TGT
2025-10-31,9:40:29.397794855,T,91.87,300,92.14,100,TGT
2025-10-31,9:40:29.433364553,T,91.95,100,92.14,100,TGT
2025-10-31,9:40:30.593448598,T,91.95,100,92.14,200,TGT
2025-10-31,9:40:32.027765723,T,91.95,100,92.14,100,TGT
2025-10-31,9:40:32.027775738,T,91.95,100,92.15,200,TGT
2025-10-31,9:40:32.084611180,T,91.95,100,92.03,100,TGT
2025-10-31,9:40:32.084701379,T,91.95,100,92.02,100,TGT
2025-10-31,9:40:32.085047171,T,91.87,300,92.02,100,TGT
2025-10-31,9:40:32.085648645,T,91.87,200,92.02,100,TGT
2025-10-31,9:40:32.097567021,T,91.87,200,92.02,200,TGT
2025-10-31,9:40:32.097577077,T,91.87,200,92.02,300,TGT
2025-10-31,9:40:32.609481749,T,91.9,100,92.02,300,TGT
2025-10-31,9:40:36.549288224,T,91.9,100,92.02,200,TGT
2025-10-31,9:40:36.549308316,T,91.9,100,92.02,100,TGT
2025-10-31,9:40:36.549313476,T,91.9,100,92.15,200,TGT
2025-10-31,9:40:36.549328322,T,91.9,100,92.15,100,TGT
2025-10-31,9:40:36.549363421,T,91.9,100,92.18,300,TGT
2025-10-31,9:40:36.549373447,T,91.95,100,92.18,300,TGT
2025-10-31,9:40:36.550486122,T,91.95,100,92.18,400,TGT
2025-10-31,9:40:36.601226958,T,91.89,100,92.18,400,TGT
2025-10-31,9:40:36.601377371,T,91.89,100,92.18,500,TGT
2025-10-31,9:40:36.602324524,T,91.89,100,92.18,400,TGT
2025-10-31,9:40:36.632461366,T,91.89,100,92.18,300,TGT
2025-10-31,9:40:36.632471337,T,91.87,300,92.18,300,TGT
2025-10-31,9:40:37.001640913,T,91.87,300,92.17,100,TGT
2025-10-31,9:40:37.001670979,T,91.87,300,92.17,200,TGT
2025-10-31,9:40:37.001851430,T,91.87,300,92.17,300,TGT
2025-10-31,9:40:37.101914842,T,91.87,300,92.17,200,TGT
2025-10-31,9:40:37.101929890,T,91.87,300,92.17,100,TGT
2025-10-31,9:40:37.102240598,T,91.87,300,92.17,200,TGT
2025-10-31,9:40:37.102456134,T,91.87,300,92.17,300,TGT
2025-10-31,9:40:38.179893016,T,91.87,300,92.17,200,TGT
2025-10-31,9:40:38.179903063,T,91.87,300,92.17,100,TGT
2025-10-31,9:40:38.183401374,T,91.87,300,92.17,200,TGT
2025-10-31,9:40:39.076654605,T,91.87,300,92.17,300,TGT
2025-10-31,9:40:43.225975351,T,91.87,300,92.17,200,TGT
2025-10-31,9:40:44.806165327,T,91.87,300,92.17,100,TGT
2025-10-31,9:40:44.806205363,T,91.87,300,92.17,200,TGT
2025-10-31,9:40:46.092790642,T,91.87,300,92.16,100,TGT
2025-10-31,9:40:46.092825739,T,91.87,300,92.16,200,TGT
2025-10-31,9:40:46.093001161,T,91.87,300,92.16,300,TGT
2025-10-31,9:40:46.114021256,T,91.87,300,92.16,200,TGT
2025-10-31,9:40:46.114036286,T,91.87,300,92.16,100,TGT
2025-10-31,9:40:47.541061193,T,91.87,300,92.16,200,TGT
2025-10-31,9:40:47.895330196,T,91.95,100,92.16,200,TGT
2025-10-31,9:40:54.577665768,T,91.95,100,92.16,300,TGT
2025-10-31,9:40:54.643517634,T,91.95,100,92.16,200,TGT
2025-10-31,9:40:57.009013368,T,91.95,100,92.16,300,TGT
2025-10-31,9:40:58.812369963,T,91.95,100,92.16,400,TGT
2025-10-31,9:40:58.813452550,T,91.87,300,92.16,400,TGT
2025-10-31,9:40:58.825997415,T,91.87,300,92.16,300,TGT
2025-10-31,9:41:02.923865488,T,91.87,300,92.16,200,TGT
2025-10-31,9:41:03.798313902,T,91.87,300,92.14,100,TGT
2025-10-31,9:41:03.973115396,T,91.87,300,92.12,100,TGT
2025-10-31,9:41:07.843301141,T,91.87,300,92.0,100,TGT
2025-10-31,9:41:08.599998907,T,91.87,300,92.12,100,TGT
2025-10-31,9:41:08.599998907,T,91.89,100,92.12,100,TGT
2025-10-31,9:41:08.600019186,T,91.99,100,92.12,100,TGT
2025-10-31,9:41:08.600019186,T,91.99,100,92.17,100,TGT
2025-10-31,9:41:08.600044523,T,91.97,100,92.17,100,TGT
2025-10-31,9:41:08.600419965,T,91.97,100,92.16,100,TGT
2025-10-31,9:41:08.600425031,T,91.97,100,92.15,100,TGT
2025-10-31,9:41:08.600425031,T,91.97,100,92.08,100,TGT
2025-10-31,9:41:08.600440003,T,91.98,100,92.08,100,TGT
2025-10-31,9:41:08.600520130,T,91.98,100,92.15,100,TGT
2025-10-31,9:41:08.600530178,T,91.98,100,92.17,100,TGT
2025-10-31,9:41:08.600550266,T,91.98,100,92.16,100,TGT
2025-10-31,9:41:08.600670514,T,91.98,100,92.17,100,TGT
2025-10-31,9:41:08.600675526,T,91.98,100,92.16,100,TGT
2025-10-31,9:41:08.600685587,T,91.98,100,92.15,100,TGT
2025-10-31,9:41:08.600715639,T,91.98,100,92.07,100,TGT
2025-10-31,9:41:08.600745685,T,91.98,100,92.05,100,TGT
2025-10-31,9:41:11.825368244,T,91.98,100,92.08,100,TGT
2025-10-31,9:41:11.832199545,T,92.0,100,92.08,100,TGT
2025-10-31,9:41:11.835697877,T,91.9,100,92.08,100,TGT
2025-10-31,9:41:11.836930882,T,91.89,100,92.08,100,TGT
2025-10-31,9:41:11.885491569,T,91.98,300,92.08,100,TGT
2025-10-31,9:41:11.888619044,T,91.89,100,92.08,100,TGT
2025-10-31,9:41:14.113309385,T,91.89,100,92.08,200,TGT
2025-10-31,9:41:16.727698184,T,91.89,100,92.05,100,TGT
2025-10-31,9:41:16.746678386,T,91.89,100,92.08,200,TGT
2025-10-31,9:41:21.520336788,T,91.89,100,92.08,300,TGT
2025-10-31,9:41:21.853861392,T,91.93,100,92.08,300,TGT
2025-10-31,9:41:23.865639505,T,91.93,100,92.08,200,TGT
2025-10-31,9:41:24.333318821,T,91.93,100,92.08,100,TGT
2025-10-31,9:41:25.898217352,T,91.99,100,92.08,100,TGT
2025-10-31,9:41:25.898262227,T,91.99,200,92.08,100,TGT
2025-10-31,9:41:25.898267692,T,91.99,100,92.08,100,TGT
2025-10-31,9:41:25.898547956,T,91.99,200,92.08,100,TGT
2025-10-31,9:41:25.898568018,T,91.99,100,92.08,100,TGT
2025-10-31,9:41:25.899394928,T,91.98,200,92.08,100,TGT
2025-10-31,9:41:34.958267807,T,91.98,300,92.08,100,TGT
2025-10-31,9:41:34.958332888,T,91.99,100,92.08,100,TGT
2025-10-31,9:41:34.958352941,T,92.0,100,92.08,100,TGT
2025-10-31,9:41:34.965389693,T,91.99,100,92.08,100,TGT
2025-10-31,9:41:34.970852708,T,91.98,300,92.08,100,TGT
2025-10-31,9:41:35.415542216,T,91.99,100,92.08,100,TGT
2025-10-31,9:41:36.361315692,T,91.99,100,92.17,100,TGT
2025-10-31,9:41:36.361345638,T,92.0,100,92.17,100,TGT
2025-10-31,9:41:36.361370685,T,92.01,100,92.17,100,TGT
2025-10-31,9:41:36.361606304,T,92.03,100,92.17,100,TGT
2025-10-31,9:41:36.361631308,T,92.04,100,92.17,100,TGT
2025-10-31,9:41:36.361711448,T,92.02,100,92.17,100,TGT
2025-10-31,9:41:36.362052373,T,92.02,300,92.17,100,TGT
2025-10-31,9:41:36.362488346,T,92.02,100,92.17,100,TGT
2025-10-31,9:41:36.362513463,T,92.01,100,92.17,100,TGT
2025-10-31,9:41:44.767708603,T,92.01,100,92.12,100,TGT
2025-10-31,9:41:45.127681276,T,92.01,100,92.07,100,TGT
2025-10-31,9:41:45.127691482,T,92.0,100,92.07,100,TGT
2025-10-31,9:41:45.127696323,T,91.99,100,92.07,100,TGT
2025-10-31,9:41:45.128312821,T,91.95,100,92.07,100,TGT
2025-10-31,9:41:45.128342785,T,91.94,100,92.07,100,TGT
2025-10-31,9:41:45.328239154,T,91.94,100,92.1,100,TGT
2025-10-31,9:41:45.497923465,T,91.94,100,92.12,200,TGT
2025-10-31,9:41:45.528260804,T,91.94,100,92.12,100,TGT
2025-10-31,9:41:46.517492540,T,91.95,100,92.12,100,TGT
2025-10-31,9:41:46.659084928,T,92.01,100,92.12,100,TGT
2025-10-31,9:41:50.012268882,T,92.02,100,92.12,100,TGT
2025-10-31,9:41:50.864940336,T,92.02,100,92.15,100,TGT
2025-10-31,9:41:51.574320476,T,92.02,100,92.17,100,TGT
2025-10-31,9:41:51.574355573,T,92.02,100,92.15,100,TGT
2025-10-31,9:41:51.588815032,T,92.02,100,92.15,200,TGT
2025-10-31,9:41:51.781539199,T,92.02,100,92.15,100,TGT
2025-10-31,9:41:51.781574238,T,92.02,100,92.15,200,TGT
2025-10-31,9:41:52.430395087,T,92.02,100,92.13,100,TGT
2025-10-31,9:41:54.267256360,T,92.02,100,92.13,200,TGT
2025-10-31,9:41:54.878723213,T,92.02,100,92.11,100,TGT
2025-10-31,9:41:55.276310447,T,92.02,100,92.11,200,TGT
2025-10-31,9:41:55.408505408,T,92.02,100,92.11,100,TGT
2025-10-31,9:42:07.236209893,T,92.03,100,92.11,100,TGT
2025-10-31,9:42:07.236250047,T,92.05,100,92.11,100,TGT
2025-10-31,9:42:07.236365250,T,92.05,100,92.13,100,TGT
2025-10-31,9:42:07.236395279,T,92.08,100,92.13,100,TGT
2025-10-31,9:42:07.236495597,T,92.08,100,92.12,100,TGT
2025-10-31,9:42:07.236535702,T,92.05,100,92.12,100,TGT
2025-10-31,9:42:07.236560781,T,92.05,100,92.1,100,TGT
2025-10-31,9:42:07.236560781,T,92.05,100,92.1,200,TGT
2025-10-31,9:42:07.236580714,T,92.03,100,92.1,200,TGT
2025-10-31,9:42:07.236896563,T,92.03,100,92.1,300,TGT
2025-10-31,9:42:07.237071989,T,92.03,100,92.1,200,TGT
2025-10-31,9:42:07.237076973,T,92.03,100,92.09,100,TGT
2025-10-31,9:42:07.237137124,T,92.03,100,92.08,100,TGT
2025-10-31,9:42:07.237653333,T,92.03,300,92.08,100,TGT
2025-10-31,9:42:07.257891580,T,92.03,100,92.08,100,TGT
2025-10-31,9:42:07.698691724,T,92.02,100,92.08,100,TGT
2025-10-31,9:42:11.006768296,T,92.02,400,92.08,100,TGT
2025-10-31,9:42:11.624109140,T,92.02,400,92.11,100,TGT
2025-10-31,9:42:11.624129200,T,92.05,100,92.11,100,TGT
2025-10-31,9:42:11.624414864,T,92.05,200,92.11,100,TGT
2025-10-31,9:42:11.624470016,T,92.05,100,92.11,100,TGT
2025-10-31,9:42:11.624740618,T,92.07,100,92.11,100,TGT
2025-10-31,9:42:11.625301951,T,92.06,300,92.11,100,TGT
2025-10-31,9:42:11.628419386,T,92.06,300,92.11,200,TGT
2025-10-31,9:42:12.745465779,T,92.01,100,92.11,200,TGT
2025-10-31,9:42:14.012243797,T,92.02,100,92.11,200,TGT
2025-10-31,9:42:14.807202879,T,92.02,200,92.11,200,TGT
2025-10-31,9:42:20.660082349,T,92.02,100,92.11,200,TGT
2025-10-31,9:42:20.660082349,T,92.0,500,92.11,200,TGT
2025-10-31,9:42:20.660107417,T,92.0,500,92.03,100,TGT
2025-10-31,9:42:20.660297816,T,92.0,500,92.02,100,TGT
2025-10-31,9:42:20.660368034,T,92.0,200,92.02,100,TGT
2025-10-31,9:42:20.660648667,T,92.0,200,92.06,100,TGT
2025-10-31,9:42:20.660699016,T,92.0,200,92.06,200,TGT
2025-10-31,9:42:20.660703813,T,92.0,200,92.06,100,TGT
2025-10-31,9:42:20.660909277,T,91.94,100,92.06,100,TGT
2025-10-31,9:42:20.660924322,T,91.94,100,92.01,100,TGT
2025-10-31,9:42:20.660934358,T,91.92,300,92.01,100,TGT
2025-10-31,9:42:20.661300218,T,91.92,300,92.0,100,TGT
2025-10-31,9:42:20.661430511,T,91.92,300,92.02,200,TGT
2025-10-31,9:42:20.661485692,T,91.92,300,92.02,100,TGT
2025-10-31,9:42:20.661996867,T,91.92,300,92.03,100,TGT
2025-10-31,9:42:20.662493043,T,91.92,300,92.01,100,TGT
2025-10-31,9:42:20.669599954,T,91.92,300,92.03,100,TGT
2025-10-31,9:42:20.670025978,T,91.92,200,92.03,100,TGT
2025-10-31,9:42:20.670231532,T,91.9,100,92.03,100,TGT
2025-10-31,9:42:20.670256624,T,91.89,100,92.03,100,TGT
2025-10-31,9:42:20.710432324,T,91.87,100,92.03,100,TGT
2025-10-31,9:42:20.762501300,T,91.87,100,92.0,100,TGT
2025-10-31,9:42:20.762501300,T,91.87,100,92.0,200,TGT
2025-10-31,9:42:20.762541568,T,91.87,100,92.0,100,TGT
2025-10-31,9:42:20.762737177,T,91.87,100,92.0,200,TGT
2025-10-31,9:42:20.763062657,T,91.87,100,91.99,100,TGT
2025-10-31,9:42:20.763117789,T,91.85,300,91.99,100,TGT
2025-10-31,9:42:20.763187933,T,91.85,200,91.99,100,TGT
2025-10-31,9:42:20.763649078,T,91.85,200,92.0,100,TGT
2025-10-31,9:42:20.783746968,T,91.89,100,92.0,100,TGT
2025-10-31,9:42:20.963866193,T,91.89,100,92.01,100,TGT
2025-10-31,9:42:20.987562512,T,91.89,100,92.02,100,TGT
2025-10-31,9:42:24.075519502,T,91.89,100,92.0,100,TGT
2025-10-31,9:42:24.683924048,T,91.85,200,92.0,100,TGT
2025-10-31,9:42:24.920993880,T,91.82,200,92.0,100,TGT
2025-10-31,9:42:25.361007373,T,91.89,200,92.0,100,TGT
2025-10-31,9:42:26.864674659,T,91.89,200,92.0,200,TGT
2025-10-31,9:42:29.236089486,T,91.89,200,92.0,400,TGT
2025-10-31,9:42:29.679586209,T,91.89,200,91.98,100,TGT
2025-10-31,9:42:29.679586209,T,91.89,200,91.97,100,TGT
2025-10-31,9:42:29.679606201,T,91.89,200,91.96,100,TGT
2025-10-31,9:42:29.679616311,T,91.82,200,91.96,100,TGT
2025-10-31,9:42:29.679636247,T,91.82,200,91.91,100,TGT
2025-10-31,9:42:29.679641275,T,91.82,200,91.91,200,TGT
2025-10-31,9:42:29.680192949,T,91.82,200,91.91,100,TGT
2025-10-31,9:42:29.681144900,T,91.82,300,91.91,100,TGT
2025-10-31,9:42:29.683665932,T,91.82,200,91.91,100,TGT
2025-10-31,9:42:29.779674693,T,91.82,200,91.96,100,TGT
2025-10-31,9:42:29.786881865,T,91.82,200,91.97,100,TGT
2025-10-31,9:42:29.786901903,T,91.82,300,91.97,100,TGT
2025-10-31,9:42:29.786906909,T,91.86,100,91.97,100,TGT
2025-10-31,9:42:29.786962074,T,91.86,100,91.98,100,TGT
2025-10-31,9:42:29.787047233,T,91.86,100,91.97,100,TGT
2025-10-31,9:42:29.787583504,T,91.87,100,91.97,100,TGT
2025-10-31,9:42:29.813144427,T,91.87,100,91.98,100,TGT
2025-10-31,9:42:29.941164415,T,91.87,100,92.0,500,TGT
2025-10-31,9:42:31.179113994,T,91.87,100,92.0,600,TGT
2025-10-31,9:42:31.179319398,T,91.87,100,92.0,700,TGT
2025-10-31,9:42:31.238520560,T,91.87,100,92.0,600,TGT
2025-10-31,9:42:31.238535560,T,91.87,100,92.0,500,TGT
2025-10-31,9:42:31.328770504,T,91.87,100,92.0,400,TGT
2025-10-31,9:42:31.328805579,T,91.87,100,91.99,100,TGT
2025-10-31,9:42:31.328840747,T,91.87,100,91.99,200,TGT
2025-10-31,9:42:31.329016078,T,91.87,100,91.99,300,TGT
2025-10-31,9:42:32.878462747,T,91.87,100,91.99,200,TGT
2025-10-31,9:42:32.878467705,T,91.87,100,91.99,100,TGT
2025-10-31,9:42:39.124604075,T,91.82,200,91.99,100,TGT
2025-10-31,9:42:39.124664187,T,91.82,200,91.96,100,TGT
2025-10-31,9:42:39.124684294,T,91.82,200,91.95,100,TGT
2025-10-31,9:42:39.124694644,T,91.82,200,91.96,100,TGT
2025-10-31,9:42:39.124819766,T,91.82,200,91.95,100,TGT
2025-10-31,9:42:39.125105648,T,91.82,200,91.91,100,TGT
2025-10-31,9:42:39.125280726,T,91.82,200,91.89,100,TGT
2025-10-31,9:42:39.125857080,T,91.82,200,91.91,100,TGT
2025-10-31,9:42:39.134918644,T,91.82,200,91.95,100,TGT
2025-10-31,9:42:39.155653028,T,91.82,200,91.9,200,TGT
2025-10-31,9:42:39.155683087,T,91.82,200,91.9,300,TGT
2025-10-31,9:42:39.155858521,T,91.82,200,91.9,400,TGT
2025-10-31,9:42:39.241703110,T,91.82,200,91.9,300,TGT
2025-10-31,9:42:39.241713120,T,91.82,200,91.9,200,TGT
2025-10-31,9:42:40.481672524,T,91.82,300,91.9,200,TGT
2025-10-31,9:42:40.481842813,T,91.82,300,91.98,100,TGT
2025-10-31,9:42:40.481863011,T,91.85,100,91.98,100,TGT
2025-10-31,9:42:40.481867862,T,91.88,100,91.98,100,TGT
2025-10-31,9:42:40.481867862,T,91.89,100,91.98,100,TGT
2025-10-31,9:42:40.481978128,T,91.88,200,91.98,100,TGT
2025-10-31,9:42:40.481998396,T,91.88,200,91.97,100,TGT
2025-10-31,9:42:40.482003100,T,91.88,200,91.96,100,TGT
2025-10-31,9:42:40.482033194,T,91.88,200,91.97,100,TGT
2025-10-31,9:42:40.482108734,T,91.88,200,91.96,100,TGT
2025-10-31,9:42:40.482419108,T,91.88,100,91.96,100,TGT
2025-10-31,9:42:40.482464235,T,91.88,100,91.97,100,TGT
2025-10-31,9:42:40.482805077,T,91.88,200,91.97,100,TGT
2025-10-31,9:42:40.583585115,T,91.88,200,91.98,100,TGT
2025-10-31,9:42:40.583585115,T,91.88,100,91.98,100,TGT
2025-10-31,9:42:42.277465838,T,91.82,200,91.98,100,TGT
2025-10-31,9:42:43.906070900,T,91.82,200,91.94,100,TGT
2025-10-31,9:42:44.286351984,T,91.89,100,91.94,100,TGT
2025-10-31,9:42:44.344946555,T,91.89,100,91.95,200,TGT
2025-10-31,9:42:44.782579229,T,91.89,100,91.95,400,TGT
2025-10-31,9:42:46.718837297,T,91.89,100,91.94,100,TGT
2025-10-31,9:42:46.719624206,T,91.82,200,91.94,100,TGT
2025-10-31,9:42:47.308943175,T,91.82,200,91.95,400,TGT
2025-10-31,9:42:47.458038436,T,91.82,200,91.95,300,TGT
2025-10-31,9:42:50.009818209,T,91.88,200,91.95,300,TGT
2025-10-31,9:42:55.558322416,T,91.89,300,91.95,300,TGT
2025-10-31,9:43:02.634712040,T,91.88,200,91.95,300,TGT
2025-10-31,9:43:02.634737013,T,91.88,200,91.92,100,TGT
2025-10-31,9:43:02.634742061,T,91.88,200,91.9,100,TGT
2025-10-31,9:43:02.634807173,T,91.86,100,91.9,100,TGT
2025-10-31,9:43:02.634982645,T,91.86,100,91.89,100,TGT
2025-10-31,9:43:02.635353500,T,91.86,100,91.92,100,TGT
2025-10-31,9:43:02.640179957,T,91.82,200,91.92,100,TGT
2025-10-31,9:43:02.734750328,T,91.82,200,91.94,100,TGT
2025-10-31,9:43:02.835134475,T,91.82,200,91.95,200,TGT
2025-10-31,9:43:06.451335081,T,91.82,200,91.95,100,TGT
2025-10-31,9:43:06.451536038,T,91.86,100,91.95,100,TGT
2025-10-31,9:43:06.452753508,T,91.83,100,91.95,100,TGT
2025-10-31,9:43:06.459314119,T,91.82,300,91.95,100,TGT
2025-10-31,9:43:06.472069533,T,91.83,100,91.95,100,TGT
2025-10-31,9:43:06.651842794,T,91.82,200,91.95,100,TGT
2025-10-31,9:43:06.652554551,T,91.82,300,91.95,100,TGT
2025-10-31,9:43:06.656629193,T,91.82,300,91.95,300,TGT
2025-10-31,9:43:06.911526448,T,91.82,200,91.95,300,TGT
2025-10-31,9:43:08.076377069,T,91.82,200,91.95,200,TGT
2025-10-31,9:43:08.457770425,T,91.82,300,91.95,200,TGT
2025-10-31,9:43:08.457770425,T,91.86,100,91.95,200,TGT
2025-10-31,9:43:08.457800477,T,91.89,100,91.95,200,TGT
2025-10-31,9:43:08.457805483,T,91.86,200,91.95,200,TGT
2025-10-31,9:43:08.458036066,T,91.86,200,92.02,100,TGT
2025-10-31,9:43:08.458046016,T,91.89,100,92.02,100,TGT
2025-10-31,9:43:08.458056051,T,91.91,100,92.02,100,TGT
2025-10-31,9:43:08.458061125,T,91.92,100,92.02,100,TGT
2025-10-31,9:43:08.458061125,T,91.93,100,92.02,100,TGT
2025-10-31,9:43:08.458086156,T,91.93,100,92.03,300,TGT
2025-10-31,9:43:08.464827200,T,91.9,200,92.03,300,TGT
2025-10-31,9:43:08.465107945,T,91.9,100,92.03,300,TGT
2025-10-31,9:43:08.465168020,T,91.91,100,92.03,300,TGT
2025-10-31,9:43:08.466430997,T,91.89,100,92.03,300,TGT
2025-10-31,9:43:08.658378323,T,91.86,100,92.03,300,TGT
2025-10-31,9:43:11.332840280,T,91.86,100,92.03,200,TGT
2025-10-31,9:43:12.375444299,T,91.85,100,92.03,200,TGT
2025-10-31,9:43:12.377178500,T,91.86,100,92.03,200,TGT
2025-10-31,9:43:12.758391643,T,91.85,100,92.03,200,TGT
2025-10-31,9:43:12.759183587,T,91.86,100,92.03,200,TGT
2025-10-31,9:43:14.065455641,T,91.88,100,92.03,200,TGT
2025-10-31,9:43:14.065490722,T,91.9,100,92.03,200,TGT
2025-10-31,9:43:14.066287589,T,91.88,100,92.03,200,TGT
2025-10-31,9:43:14.068873734,T,91.88,100,92.0,200,TGT
2025-10-31,9:43:14.073124201,T,91.9,100,92.0,200,TGT
2025-10-31,9:43:14.073124201,T,91.9,100,92.03,200,TGT
2025-10-31,9:43:14.073148921,T,91.96,100,92.03,200,TGT
2025-10-31,9:43:14.073605092,T,91.96,100,92.13,100,TGT
2025-10-31,9:43:14.073610025,T,91.96,100,92.1,200,TGT
2025-10-31,9:43:14.074807889,T,91.96,200,92.1,200,TGT
2025-10-31,9:43:14.086972102,T,91.96,300,92.1,200,TGT
2025-10-31,9:43:14.086972102,T,91.97,100,92.1,200,TGT
2025-10-31,9:43:14.187160572,T,91.96,200,92.1,200,TGT
2025-10-31,9:43:14.196798534,T,91.96,100,92.1,200,TGT
2025-10-31,9:43:14.200331975,T,91.97,100,92.1,200,TGT
2025-10-31,9:43:14.200362033,T,91.98,100,92.1,200,TGT
2025-10-31,9:43:14.200652703,T,91.98,200,92.1,200,TGT
2025-10-31,9:43:14.200973559,T,92.0,100,92.1,200,TGT
2025-10-31,9:43:14.201008607,T,92.0,200,92.1,200,TGT
2025-10-31,9:43:14.204847787,T,92.0,200,92.14,100,TGT
2025-10-31,9:43:14.209794660,T,92.0,200,92.11,100,TGT
2025-10-31,9:43:14.246692398,T,92.0,100,92.11,100,TGT
2025-10-31,9:43:14.982570657,T,92.0,100,92.14,100,TGT
2025-10-31,9:43:19.665633053,T,92.0,100,92.14,300,TGT
2025-10-31,9:43:25.524000675,T,91.91,100,92.14,300,TGT
2025-10-31,9:43:26.311276305,T,92.0,100,92.14,300,TGT
2025-10-31,9:43:30.215352830,T,91.91,100,92.14,300,TGT
2025-10-31,9:43:30.294426149,T,91.91,100,92.05,100,TGT
2025-10-31,9:43:33.014682593,T,91.9,100,92.05,100,TGT
2025-10-31,9:43:33.014927968,T,91.91,100,92.05,100,TGT
2025-10-31,9:43:33.016426490,T,91.91,100,92.09,100,TGT
2025-10-31,9:43:33.374404402,T,91.91,100,92.1,100,TGT
2025-10-31,9:43:33.379687013,T,91.91,100,92.09,100,TGT
2025-10-31,9:43:34.273566572,T,91.91,100,92.04,100,TGT
2025-10-31,9:43:35.187935082,T,91.91,100,92.04,200,TGT
2025-10-31,9:43:35.188050333,T,91.91,100,92.04,100,TGT
2025-10-31,9:43:35.188085395,T,91.91,200,92.04,100,TGT
2025-10-31,9:43:35.195102085,T,91.91,100,92.04,100,TGT
2025-10-31,9:43:35.986337280,T,91.91,100,92.04,200,TGT
2025-10-31,9:43:39.494831134,T,91.92,500,92.04,200,TGT
2025-10-31,9:43:41.711477399,T,91.97,100,92.04,200,TGT
2025-10-31,9:43:41.711507445,T,91.93,100,92.04,200,TGT
2025-10-31,9:43:41.711517475,T,91.98,100,92.04,200,TGT
2025-10-31,9:43:41.711848254,T,91.93,200,92.04,200,TGT
2025-10-31,9:43:41.711958439,T,91.97,100,92.04,200,TGT
2025-10-31,9:43:41.712003577,T,91.97,100,92.04,100,TGT
2025-10-31,9:43:41.712053737,T,91.97,100,92.11,100,TGT
2025-10-31,9:43:41.712068751,T,91.98,100,92.11,100,TGT
2025-10-31,9:43:41.712068751,T,92.01,100,92.11,100,TGT
2025-10-31,9:43:41.731094060,T,91.93,200,92.11,100,TGT
2025-10-31,9:43:41.732116576,T,91.93,200,92.1,100,TGT
2025-10-31,9:43:41.811535707,T,91.93,100,92.1,100,TGT
2025-10-31,9:43:42.134359889,T,91.93,100,92.11,100,TGT
2025-10-31,9:43:43.039396088,T,91.93,100,92.14,100,TGT
2025-10-31,9:43:46.685828671,T,91.93,100,92.14,200,TGT
2025-10-31,9:43:48.082055250,T,91.92,600,92.14,200,TGT
2025-10-31,9:43:55.686497920,T,91.92,700,92.14,200,TGT
2025-10-31,9:43:55.757752629,T,91.92,600,92.14,200,TGT
2025-10-31,9:43:55.924870745,T,91.92,700,92.14,200,TGT
2025-10-31,9:44:02.977553980,T,91.92,600,92.14,200,TGT
2025-10-31,9:44:08.327044059,T,91.93,100,92.14,200,TGT
2025-10-31,9:44:09.459677574,T,91.93,200,92.14,200,TGT
2025-10-31,9:44:09.465757142,T,91.98,100,92.14,200,TGT
2025-10-31,9:44:09.465767080,T,91.99,100,92.14,200,TGT
2025-10-31,9:44:09.466433610,T,92.0,100,92.14,200,TGT
2025-10-31,9:44:09.466453719,T,92.0,100,92.14,100,TGT
2025-10-31,9:44:09.466483768,T,92.03,100,92.14,100,TGT
2025-10-31,9:44:09.466543835,T,92.07,100,92.14,100,TGT
2025-10-31,9:44:09.485554225,T,92.0,100,92.14,100,TGT
2025-10-31,9:44:09.486952478,T,92.03,200,92.14,100,TGT
2025-10-31,9:44:17.029181834,T,92.03,200,92.15,100,TGT
2025-10-31,9:44:21.666244559,T,92.03,200,92.13,200,TGT
2025-10-31,9:44:25.572641609,T,92.03,200,92.1,100,TGT
2025-10-31,9:44:26.123148177,T,92.0,200,92.1,100,TGT
2025-10-31,9:44:26.586141240,T,92.0,100,92.1,100,TGT
2025-10-31,9:44:26.587730051,T,92.0,100,92.13,200,TGT
2025-10-31,9:44:26.973704642,T,91.98,100,92.13,200,TGT
2025-10-31,9:44:33.086984741,T,91.98,100,92.13,300,TGT
2025-10-31,9:44:33.086999874,T,91.98,100,92.13,200,TGT
2025-10-31,9:44:33.087014744,T,91.98,100,92.13,300,TGT
2025-10-31,9:44:33.087029756,T,91.98,100,92.1,100,TGT
2025-10-31,9:44:33.087049794,T,91.97,100,92.1,100,TGT
2025-10-31,9:44:33.087104956,T,91.97,100,92.12,100,TGT
2025-10-31,9:44:33.087155149,T,91.93,300,92.12,100,TGT
2025-10-31,9:44:33.240299908,T,91.93,300,92.1,100,TGT
2025-10-31,9:44:33.836064619,T,92.01,100,92.1,100,TGT
2025-10-31,9:44:34.036491781,T,91.93,300,92.1,100,TGT
2025-10-31,9:44:36.138344328,T,91.97,100,92.1,100,TGT
2025-10-31,9:44:36.138870635,T,91.97,100,92.12,100,TGT
2025-10-31,9:44:36.193185026,T,91.98,100,92.12,100,TGT
2025-10-31,9:44:36.215282631,T,91.97,100,92.12,100,TGT
2025-10-31,9:44:36.377619378,T,91.93,300,92.12,100,TGT
2025-10-31,9:44:38.158507541,T,92.02,100,92.12,100,TGT
2025-10-31,9:44:40.477387265,T,92.02,100,92.06,100,TGT
2025-10-31,9:44:47.990697799,T,91.98,100,92.06,100,TGT
2025-10-31,9:44:47.990732908,T,91.93,300,92.06,100,TGT
2025-10-31,9:44:47.990757964,T,91.93,300,92.03,100,TGT
2025-10-31,9:44:47.992241637,T,91.93,300,92.06,100,TGT
2025-10-31,9:44:47.995163484,T,92.01,100,92.06,100,TGT
2025-10-31,9:44:48.005363056,T,92.01,100,92.05,100,TGT
2025-10-31,9:44:48.005653411,T,91.93,300,92.05,100,TGT
2025-10-31,9:44:48.011286840,T,91.93,300,92.06,100,TGT
2025-10-31,9:44:50.000566320,T,91.93,200,92.06,100,TGT
2025-10-31,9:44:54.790703714,T,92.01,100,92.06,100,TGT
2025-10-31,9:44:58.296962542,T,92.01,100,92.08,100,TGT
2025-10-31,9:44:58.296982527,T,92.02,100,92.08,100,TGT
2025-10-31,9:44:59.890704530,T,92.02,100,92.1,100,TGT
2025-10-31,9:44:59.890739533,T,92.02,100,92.06,100,TGT
2025-10-31,9:45:00.024443146,T,92.02,100,92.12,100,TGT
2025-10-31,9:45:00.024483549,T,92.03,100,92.12,100,TGT
2025-10-31,9:45:00.024488307,T,92.03,200,92.12,100,TGT
2025-10-31,9:45:00.024508309,T,92.03,200,92.13,100,TGT
2025-10-31,9:45:00.024528288,T,92.03,100,92.13,100,TGT
2025-10-31,9:45:00.024788977,T,92.03,100,92.14,100,TGT
2025-10-31,9:45:00.025245036,T,92.03,100,92.12,100,TGT
2025-10-31,9:45:01.431550721,T,92.03,100,92.13,100,TGT
2025-10-31,9:45:04.039098304,T,92.03,100,92.1,100,TGT
2025-10-31,9:45:08.939298264,T,92.03,100,92.13,100,TGT
2025-10-31,9:45:08.939302883,T,92.03,100,92.15,100,TGT
2025-10-31,9:45:08.939322863,T,92.07,100,92.15,100,TGT
2025-10-31,9:45:08.939353181,T,92.07,100,92.17,100,TGT
2025-10-31,9:45:08.939428114,T,92.08,100,92.17,100,TGT
2025-10-31,9:45:08.939698845,T,92.08,100,92.19,300,TGT
2025-10-31,9:45:08.939779037,T,92.08,100,92.19,200,TGT
2025-10-31,9:45:08.939799090,T,92.09,100,92.19,200,TGT
2025-10-31,9:45:08.939894298,T,92.09,100,92.19,300,TGT
2025-10-31,9:45:08.942184727,T,92.09,100,92.19,100,TGT
2025-10-31,9:45:08.942214744,T,92.07,200,92.19,100,TGT
2025-10-31,9:45:08.959400691,T,92.07,100,92.19,100,TGT
2025-10-31,9:45:09.039351188,T,92.05,100,92.19,100,TGT
2025-10-31,9:45:09.139575042,T,92.04,100,92.19,100,TGT
2025-10-31,9:45:09.139600079,T,92.03,100,92.19,100,TGT
2025-10-31,9:45:09.139785480,T,92.04,100,92.19,100,TGT
2025-10-31,9:45:09.143123437,T,92.04,200,92.19,100,TGT
2025-10-31,9:45:09.143198580,T,92.04,100,92.19,100,TGT
2025-10-31,9:45:09.143404061,T,92.04,200,92.19,100,TGT
2025-10-31,9:45:09.143404061,T,92.08,100,92.19,100,TGT
2025-10-31,9:45:09.158695527,T,92.04,200,92.19,100,TGT
2025-10-31,9:45:09.158901050,T,92.04,100,92.19,100,TGT
2025-10-31,9:45:09.159161603,T,92.03,100,92.19,100,TGT
2025-10-31,9:45:09.190310844,T,92.03,100,92.2,100,TGT
2025-10-31,9:45:09.209837370,T,92.03,100,92.19,100,TGT
2025-10-31,9:45:09.388377811,T,92.04,100,92.19,100,TGT
2025-10-31,9:45:09.388738625,T,92.04,200,92.19,100,TGT
2025-10-31,9:45:09.388748579,T,92.04,200,92.2,100,TGT
2025-10-31,9:45:09.388773724,T,92.08,100,92.2,100,TGT
2025-10-31,9:45:09.388788767,T,92.09,100,92.2,100,TGT
2025-10-31,9:45:09.490861946,T,92.08,100,92.2,100,TGT
2025-10-31,9:45:09.588770189,T,92.04,100,92.2,100,TGT
2025-10-31,9:45:11.418339097,T,92.06,100,92.2,100,TGT
2025-10-31,9:45:11.418349098,T,92.08,100,92.2,100,TGT
2025-10-31,9:45:11.418379194,T,92.09,100,92.2,100,TGT
2025-10-31,9:45:11.418399275,T,92.08,100,92.2,100,TGT
2025-10-31,9:45:12.953837426,T,92.08,100,92.2,200,TGT
2025-10-31,9:45:13.709708248,T,92.09,100,92.2,200,TGT
2025-10-31,9:45:13.709718425,T,92.13,100,92.2,200,TGT
2025-10-31,9:45:13.709733305,T,92.09,100,92.2,200,TGT
2025-10-31,9:45:13.709913788,T,92.12,100,92.2,200,TGT
2025-10-31,9:45:13.710149312,T,92.12,100,92.2,100,TGT
2025-10-31,9:45:13.710510141,T,92.13,100,92.2,100,TGT
2025-10-31,9:45:13.710881102,T,92.16,100,92.2,100,TGT
2025-10-31,9:45:13.710921137,T,92.16,100,92.29,200,TGT
2025-10-31,9:45:13.710941225,T,92.18,100,92.29,200,TGT
2025-10-31,9:45:13.710941225,T,92.18,200,92.29,200,TGT
2025-10-31,9:45:13.711497486,T,92.18,100,92.29,200,TGT
2025-10-31,9:45:14.210797159,T,92.15,100,92.29,200,TGT
2025-10-31,9:45:14.307853326,T,92.15,100,92.35,100,TGT
2025-10-31,9:45:14.307858415,T,92.15,100,92.33,200,TGT
2025-10-31,9:45:15.221385181,T,92.09,100,92.33,200,TGT
2025-10-31,9:45:15.670550045,T,92.1,100,92.33,200,TGT
2025-10-31,9:45:18.018203376,T,92.1,100,92.32,100,TGT
2025-10-31,9:45:18.172892009,T,92.1,100,92.32,200,TGT
2025-10-31,9:45:19.445794589,T,92.1,100,92.32,300,TGT
2025-10-31,9:45:19.451468213,T,92.09,100,92.32,300,TGT
2025-10-31,9:45:20.366838980,T,92.09,100,92.32,200,TGT
2025-10-31,9:45:20.443486837,T,92.08,200,92.32,200,TGT
2025-10-31,9:45:20.443491564,T,92.08,100,92.32,200,TGT
2025-10-31,9:45:20.443511692,T,92.08,100,92.32,300,TGT
2025-10-31,9:45:20.443511692,T,92.08,100,92.24,100,TGT
2025-10-31,9:45:20.444027932,T,92.08,100,92.24,200,TGT
2025-10-31,9:45:20.444037929,T,92.08,100,92.23,100,TGT
2025-10-31,9:45:20.444052904,T,92.08,100,92.24,200,TGT
2025-10-31,9:45:20.444093183,T,92.08,100,92.23,100,TGT
2025-10-31,9:45:20.444193618,T,92.08,100,92.24,200,TGT
2025-10-31,9:45:20.444579224,T,92.08,100,92.22,100,TGT
2025-10-31,9:45:20.444599215,T,92.09,100,92.22,100,TGT
2025-10-31,9:45:20.444699482,T,92.09,200,92.22,100,TGT
2025-10-31,9:45:20.444719710,T,92.1,100,92.22,100,TGT
2025-10-31,9:45:20.469167841,T,92.1,100,92.23,100,TGT
2025-10-31,9:45:20.575471103,T,92.1,200,92.23,100,TGT
2025-10-31,9:45:20.644174763,T,92.1,200,92.29,100,TGT
2025-10-31,9:45:20.644695929,T,92.1,200,92.3,100,TGT
2025-10-31,9:45:21.449378186,T,92.1,100,92.3,100,TGT
2025-10-31,9:45:21.449378186,T,92.13,100,92.3,100,TGT
2025-10-31,9:45:21.865123685,T,92.13,100,92.31,100,TGT
2025-10-31,9:45:22.623074531,T,92.13,100,92.32,300,TGT
2025-10-31,9:45:22.623094527,T,92.22,100,92.32,300,TGT
2025-10-31,9:45:22.623139646,T,92.14,100,92.32,300,TGT
2025-10-31,9:45:22.623159882,T,92.13,100,92.32,300,TGT
2025-10-31,9:45:22.623159882,T,92.13,100,92.31,100,TGT
2025-10-31,9:45:22.623169735,T,92.14,100,92.31,100,TGT
2025-10-31,9:45:22.623179746,T,92.14,100,92.32,300,TGT
2025-10-31,9:45:22.623535577,T,92.14,100,92.31,100,TGT
2025-10-31,9:45:22.633208720,T,92.13,100,92.31,100,TGT
2025-10-31,9:45:22.723288257,T,92.1,100,92.31,100,TGT
2025-10-31,9:45:29.184853017,T,92.09,100,92.31,100,TGT
2025-10-31,9:45:30.261898995,T,92.09,100,92.25,100,TGT
2025-10-31,9:45:30.332006068,T,92.11,100,92.25,100,TGT
2025-10-31,9:45:35.639195554,T,92.11,100,92.25,200,TGT
2025-10-31,9:45:35.816468000,T,92.11,100,92.25,100,TGT
2025-10-31,9:45:44.399962866,T,92.11,200,92.25,100,TGT
2025-10-31,9:45:44.634982796,T,92.11,100,92.25,100,TGT
2025-10-31,9:45:44.634992875,T,92.11,200,92.25,100,TGT
2025-10-31,9:45:49.494139931,T,92.11,100,92.25,100,TGT
2025-10-31,9:45:50.508526582,T,92.11,100,92.25,200,TGT
2025-10-31,9:45:50.676637104,T,92.11,100,92.25,100,TGT
2025-10-31,9:45:51.923713243,T,92.11,100,92.25,200,TGT
2025-10-31,9:45:53.125260863,T,92.11,100,92.25,100,TGT
2025-10-31,9:45:57.312862860,T,92.11,100,92.24,100,TGT
2025-10-31,9:45:57.313123513,T,92.11,100,92.23,100,TGT
2025-10-31,9:45:57.313188616,T,92.11,100,92.24,100,TGT
2025-10-31,9:45:57.313233749,T,92.11,100,92.23,100,TGT
2025-10-31,9:45:57.313298928,T,92.11,100,92.24,100,TGT
2025-10-31,9:46:02.401551782,T,92.11,100,92.25,100,TGT
2025-10-31,9:46:02.401586859,T,92.11,200,92.25,100,TGT
2025-10-31,9:46:02.989637854,T,92.12,100,92.25,100,TGT
2025-10-31,9:46:02.989647843,T,92.14,100,92.25,100,TGT
2025-10-31,9:46:02.989662904,T,92.12,100,92.25,100,TGT
2025-10-31,9:46:02.989668195,T,92.15,100,92.25,100,TGT
2025-10-31,9:46:02.990194187,T,92.15,100,92.24,100,TGT
2025-10-31,9:46:02.990199183,T,92.12,100,92.24,100,TGT
2025-10-31,9:46:02.990219345,T,92.12,100,92.21,100,TGT
2025-10-31,9:46:02.990374629,T,92.11,200,92.21,100,TGT
2025-10-31,9:46:02.990655294,T,92.11,200,92.21,200,TGT
2025-10-31,9:46:02.991271654,T,92.11,200,92.21,100,TGT
2025-10-31,9:46:02.993582267,T,92.11,100,92.21,100,TGT
2025-10-31,9:46:02.999516336,T,92.11,100,92.23,100,TGT
2025-10-31,9:46:02.999726859,T,92.11,100,92.21,100,TGT
2025-10-31,9:46:03.345320245,T,92.08,100,92.21,100,TGT
2025-10-31,9:46:04.800772805,T,92.13,100,92.21,100,TGT
2025-10-31,9:46:06.479166645,T,92.13,100,92.21,200,TGT
2025-10-31,9:46:07.353845532,T,92.13,100,92.21,100,TGT
2025-10-31,9:46:07.353885550,T,92.14,100,92.21,100,TGT
2025-10-31,9:46:07.602257288,T,92.13,100,92.21,100,TGT
2025-10-31,9:46:07.602272376,T,92.13,200,92.21,100,TGT
2025-10-31,9:46:07.602277366,T,92.13,100,92.21,100,TGT
