DATE,TIME_M,EX,BID,BIDSIZ,ASK,ASKSIZ,SYM_ROOT
2025-12-08,9:30:00.013505205,T,92.21,100,93.0,700,TGT
2025-12-08,9:30:00.534035410,T,92.21,100,92.98,100,TGT
2025-12-08,9:30:04.514834216,T,92.21,100,93.0,700,TGT
2025-12-08,9:30:04.525499566,T,92.21,100,92.98,100,TGT
2025-12-08,9:30:05.175733706,T,92.21,100,93.0,700,TGT
2025-12-08,9:30:12.824035050,T,92.21,100,93.0,700,TGT
2025-12-08,9:30:12.826165163,T,92.21,100,92.81,100,TGT
2025-12-08,9:30:12.826345612,T,92.21,100,92.81,200,TGT
2025-12-08,9:30:12.828310211,T,92.21,100,92.63,100,TGT
2025-12-08,9:30:12.828726310,T,92.21,100,92.63,200,TGT
2025-12-08,9:30:12.853349910,T,92.28,100,92.63,200,TGT
2025-12-08,9:30:12.882609966,T,92.28,100,92.63,100,TGT
2025-12-08,9:30:12.882609966,T,92.28,100,92.68,100,TGT
2025-12-08,9:30:12.883306332,T,92.43,100,92.68,100,TGT
2025-12-08,9:30:12.883321346,T,92.43,100,92.81,100,TGT
2025-12-08,9:30:12.913297720,T,92.28,100,92.81,100,TGT
2025-12-08,9:30:12.913337893,T,92.28,200,92.81,100,TGT
2025-12-08,9:30:13.114943202,T,92.31,100,92.81,100,TGT
2025-12-08,9:30:13.114973205,T,92.36,100,92.81,100,TGT
2025-12-08,9:30:13.124987105,T,92.28,200,92.81,100,TGT
2025-12-08,9:30:13.848440496,T,92.43,100,92.81,100,TGT
2025-12-08,9:30:14.342953727,T,92.55,200,92.81,100,TGT
2025-12-08,9:30:14.354040169,T,92.55,200,92.8,400,TGT
2025-12-08,9:30:15.591142197,T,92.55,200,92.8,300,TGT
2025-12-08,9:30:15.591182287,T,92.58,100,92.8,300,TGT
2025-12-08,9:30:15.611179860,T,92.55,200,92.8,300,TGT
2025-12-08,9:30:15.849582914,T,92.55,200,92.78,100,TGT
2025-12-08,9:30:15.969739098,T,92.58,100,92.78,100,TGT
2025-12-08,9:30:15.970059914,T,92.58,100,92.8,400,TGT
2025-12-08,9:30:15.970074964,T,92.61,100,92.8,400,TGT
2025-12-08,9:30:15.974530568,T,92.61,100,92.8,500,TGT
2025-12-08,9:30:15.974741074,T,92.61,100,92.8,400,TGT
2025-12-08,9:30:15.985040574,T,92.61,100,92.8,300,TGT
2025-12-08,9:30:15.990077570,T,92.55,200,92.8,300,TGT
2025-12-08,9:30:15.990498584,T,92.55,200,92.8,400,TGT
2025-12-08,9:30:16.890793424,T,92.55,200,92.8,300,TGT
2025-12-08,9:30:17.728544443,T,92.55,300,92.8,300,TGT
2025-12-08,9:30:18.109567226,T,92.55,200,92.8,300,TGT
2025-12-08,9:30:20.961265949,T,92.55,200,92.8,900,TGT
2025-12-08,9:30:27.052417643,T,92.55,200,92.8,600,TGT
2025-12-08,9:30:27.052417643,T,92.55,200,92.85,500,TGT
2025-12-08,9:30:27.052442620,T,92.7,100,92.85,500,TGT
2025-12-08,9:30:27.052442620,T,92.76,100,92.85,500,TGT
2025-12-08,9:30:27.052477716,T,92.7,100,92.85,500,TGT
2025-12-08,9:30:27.052487798,T,92.7,200,92.85,500,TGT
2025-12-08,9:30:27.052578015,T,92.7,200,92.85,600,TGT
2025-12-08,9:30:27.052708323,T,92.7,300,92.85,600,TGT
2025-12-08,9:30:27.052708323,T,92.7,300,92.76,100,TGT
2025-12-08,9:30:27.052728358,T,92.7,300,92.85,500,TGT
2025-12-08,9:30:27.058176347,T,92.7,200,92.85,500,TGT
2025-12-08,9:30:27.072720949,T,92.7,100,92.85,500,TGT
2025-12-08,9:30:27.072771013,T,92.57,100,92.85,500,TGT
2025-12-08,9:30:30.678040147,T,92.57,200,92.85,500,TGT
2025-12-08,9:30:31.128844173,T,92.62,100,92.85,500,TGT
2025-12-08,9:30:31.129290244,T,92.66,100,92.85,500,TGT
2025-12-08,9:30:31.129610992,T,92.62,100,92.85,500,TGT
2025-12-08,9:30:31.129856624,T,92.61,100,92.85,500,TGT
2025-12-08,9:30:31.129866547,T,92.66,100,92.85,500,TGT
2025-12-08,9:30:31.130197372,T,92.61,100,92.85,500,TGT
2025-12-08,9:30:31.138878113,T,92.57,200,92.85,500,TGT
2025-12-08,9:30:31.138898068,T,92.57,100,92.85,500,TGT
2025-12-08,9:30:31.179660188,T,92.55,200,92.85,500,TGT
2025-12-08,9:30:31.220236877,T,92.55,200,92.85,1100,TGT
2025-12-08,9:30:32.216781051,T,92.55,200,92.85,1300,TGT
2025-12-08,9:30:32.322683327,T,92.55,200,92.83,100,TGT
2025-12-08,9:30:32.322828641,T,92.55,200,92.83,700,TGT
2025-12-08,9:30:32.327319320,T,92.55,200,92.83,600,TGT
2025-12-08,9:30:38.197243731,T,92.5,100,92.83,600,TGT
2025-12-08,9:30:38.197243731,T,92.5,100,92.82,100,TGT
2025-12-08,9:30:38.197249042,T,92.5,100,92.82,200,TGT
2025-12-08,9:30:38.197254044,T,92.5,100,92.82,100,TGT
2025-12-08,9:30:38.197268811,T,92.5,100,92.66,100,TGT
2025-12-08,9:30:38.198241322,T,92.43,100,92.66,100,TGT
2025-12-08,9:30:38.198271206,T,92.43,100,92.57,100,TGT
2025-12-08,9:30:38.198296175,T,92.28,200,92.57,100,TGT
2025-12-08,9:30:38.198301259,T,92.28,100,92.57,100,TGT
2025-12-08,9:30:38.198341278,T,92.28,200,92.57,100,TGT
2025-12-08,9:30:38.198496665,T,92.28,200,92.57,200,TGT
2025-12-08,9:30:38.199083102,T,92.28,100,92.57,200,TGT
2025-12-08,9:30:38.199644484,T,92.28,100,92.57,100,TGT
2025-12-08,9:30:38.200406259,T,92.28,100,92.56,100,TGT
2025-12-08,9:30:38.200426266,T,92.28,100,92.57,100,TGT
2025-12-08,9:30:38.200676893,T,92.28,100,92.55,100,TGT
2025-12-08,9:30:38.201178134,T,92.28,100,92.5,100,TGT
2025-12-08,9:30:38.201734442,T,92.28,100,92.55,100,TGT
2025-12-08,9:30:38.202060171,T,92.28,100,92.49,100,TGT
2025-12-08,9:30:38.202080262,T,92.28,100,92.55,100,TGT
2025-12-08,9:30:38.202090659,T,92.28,100,92.5,100,TGT
2025-12-08,9:30:38.202105311,T,92.28,100,92.55,100,TGT
2025-12-08,9:30:38.202140415,T,92.28,100,92.49,100,TGT
2025-12-08,9:30:38.203092625,T,92.28,100,92.54,100,TGT
2025-12-08,9:30:38.211457536,T,92.28,100,92.56,100,TGT
2025-12-08,9:30:38.342589950,T,92.28,100,92.41,600,TGT
2025-12-08,9:30:38.342609983,T,92.25,600,92.41,600,TGT
2025-12-08,9:30:38.342625332,T,92.25,500,92.41,600,TGT
2025-12-08,9:30:39.032739292,T,92.25,500,92.41,500,TGT
2025-12-08,9:30:39.032779368,T,92.25,500,92.65,100,TGT
2025-12-08,9:30:39.032799434,T,92.39,100,92.65,100,TGT
2025-12-08,9:30:39.033250410,T,92.39,100,92.65,200,TGT
2025-12-08,9:30:39.033917002,T,92.25,600,92.65,200,TGT
2025-12-08,9:30:39.037565755,T,92.25,600,92.65,100,TGT
2025-12-08,9:30:39.041665492,T,92.25,500,92.65,100,TGT
2025-12-08,9:30:39.046101027,T,92.32,200,92.65,100,TGT
2025-12-08,9:30:39.137047795,T,92.32,200,92.82,100,TGT
2025-12-08,9:30:39.140456028,T,92.35,100,92.82,100,TGT
2025-12-08,9:30:39.551094200,T,92.35,300,92.82,100,TGT
2025-12-08,9:30:39.551204417,T,92.35,200,92.82,100,TGT
2025-12-08,9:30:43.063978191,T,92.35,300,92.82,100,TGT
2025-12-08,9:30:43.593880703,T,92.35,200,92.82,100,TGT
2025-12-08,9:30:43.807123617,T,92.36,200,92.82,100,TGT
2025-12-08,9:30:43.953818081,T,92.36,300,92.82,100,TGT
2025-12-08,9:30:44.364611881,T,92.36,200,92.82,100,TGT
2025-12-08,9:30:45.802467312,T,92.37,200,92.82,100,TGT
2025-12-08,9:30:45.802893418,T,92.37,300,92.82,100,TGT
2025-12-08,9:30:46.303115115,T,92.38,200,92.82,100,TGT
2025-12-08,9:30:46.363478930,T,92.38,300,92.82,100,TGT
2025-12-08,9:30:46.804574814,T,92.39,200,92.82,100,TGT
2025-12-08,9:30:46.810022835,T,92.39,300,92.82,100,TGT
2025-12-08,9:30:47.787135653,T,92.4,200,92.82,100,TGT
2025-12-08,9:30:47.816786368,T,92.4,300,92.82,100,TGT
2025-12-08,9:30:48.854012374,T,92.41,200,92.82,100,TGT
2025-12-08,9:30:48.855535999,T,92.41,300,92.82,100,TGT
2025-12-08,9:30:59.294651369,T,92.41,100,92.82,100,TGT
2025-12-08,9:30:59.294651369,T,92.25,500,92.82,100,TGT
2025-12-08,9:30:59.294671848,T,92.25,500,92.81,100,TGT
2025-12-08,9:30:59.294676169,T,92.25,500,92.47,100,TGT
2025-12-08,9:30:59.295758727,T,92.25,500,92.56,200,TGT
2025-12-08,9:30:59.295758727,T,92.25,500,92.49,100,TGT
2025-12-08,9:30:59.295778857,T,92.25,500,92.56,200,TGT
2025-12-08,9:30:59.295874067,T,92.25,500,92.56,100,TGT
2025-12-08,9:30:59.300164267,T,92.25,500,92.56,200,TGT
2025-12-08,9:30:59.302133922,T,92.25,500,92.56,100,TGT
2025-12-08,9:30:59.302234240,T,92.25,500,92.56,200,TGT
2025-12-08,9:30:59.302259222,T,92.25,500,92.49,100,TGT
2025-12-08,9:30:59.302399610,T,92.25,500,92.48,100,TGT
2025-12-08,9:30:59.302409939,T,92.25,500,92.49,100,TGT
2025-12-08,9:30:59.302625124,T,92.25,500,92.43,100,TGT
2025-12-08,9:30:59.317991761,T,92.25,500,92.56,100,TGT
2025-12-08,9:30:59.394924991,T,92.25,500,92.72,100,TGT
2025-12-08,9:30:59.394955074,T,92.25,500,92.77,100,TGT
2025-12-08,9:30:59.395020262,T,92.25,500,92.66,100,TGT
2025-12-08,9:30:59.544797019,T,92.25,500,92.78,100,TGT
2025-12-08,9:30:59.545067914,T,92.25,500,92.72,100,TGT
2025-12-08,9:30:59.545067914,T,92.25,500,92.66,100,TGT
2025-12-08,9:30:59.545072762,T,92.25,500,92.39,100,TGT
2025-12-08,9:30:59.545889648,T,92.25,100,92.39,100,TGT
2025-12-08,9:30:59.545894635,T,92.21,400,92.39,100,TGT
2025-12-08,9:30:59.545914713,T,92.21,400,92.28,100,TGT
2025-12-08,9:30:59.545985064,T,92.21,400,92.39,100,TGT
2025-12-08,9:30:59.546014930,T,92.22,100,92.39,100,TGT
2025-12-08,9:30:59.552405162,T,92.22,100,92.51,100,TGT
2025-12-08,9:30:59.862549018,T,92.22,100,92.66,100,TGT
2025-12-08,9:30:59.923794920,T,92.22,100,92.72,100,TGT
2025-12-08,9:30:59.924180832,T,92.22,100,92.78,100,TGT
2025-12-08,9:30:59.924481567,T,92.22,100,92.78,200,TGT
2025-12-08,9:30:59.982509890,T,92.22,100,92.78,100,TGT
2025-12-08,9:31:00.079641251,T,92.22,100,92.66,100,TGT
2025-12-08,9:31:03.752586696,T,92.22,100,92.66,200,TGT
2025-12-08,9:31:04.862516008,T,92.22,100,92.66,400,TGT
2025-12-08,9:31:04.934657825,T,92.22,100,92.66,300,TGT
2025-12-08,9:31:04.934662776,T,92.22,100,92.66,400,TGT
2025-12-08,9:31:04.941208462,T,92.22,100,92.66,300,TGT
2025-12-08,9:31:04.951477920,T,92.22,100,92.5,100,TGT
2025-12-08,9:31:04.978868114,T,92.21,300,92.5,100,TGT
2025-12-08,9:31:04.978888185,T,92.21,300,92.34,100,TGT
2025-12-08,9:31:04.979149134,T,92.21,300,92.32,100,TGT
2025-12-08,9:31:04.979149134,T,92.21,200,92.32,100,TGT
2025-12-08,9:31:04.979149134,T,92.2,100,92.32,100,TGT
2025-12-08,9:31:04.979173890,T,92.2,100,92.24,100,TGT
2025-12-08,9:31:04.979203967,T,92.1,100,92.24,100,TGT
2025-12-08,9:31:04.979735160,T,92.1,100,92.23,100,TGT
2025-12-08,9:31:05.022697499,T,92.0,200,92.23,100,TGT
2025-12-08,9:31:05.022722576,T,92.0,200,92.23,200,TGT
2025-12-08,9:31:05.022727617,T,92.0,200,92.21,100,TGT
2025-12-08,9:31:05.022752701,T,92.0,200,92.23,100,TGT
2025-12-08,9:31:05.023018333,T,92.0,200,92.25,100,TGT
2025-12-08,9:31:05.023018333,T,92.0,200,92.31,100,TGT
2025-12-08,9:31:05.023028345,T,92.0,200,92.21,100,TGT
2025-12-08,9:31:05.023770126,T,92.0,200,92.31,100,TGT
2025-12-08,9:31:05.029769423,T,92.0,200,92.34,200,TGT
2025-12-08,9:31:05.032866790,T,92.0,200,92.34,100,TGT
2025-12-08,9:31:05.072646614,T,92.0,200,92.34,200,TGT
2025-12-08,9:31:05.079121946,T,92.0,200,92.34,100,TGT
2025-12-08,9:31:05.179255543,T,92.0,200,92.16,100,TGT
2025-12-08,9:31:06.333846324,T,92.0,200,92.19,100,TGT
2025-12-08,9:31:06.334437696,T,92.0,200,92.16,100,TGT
2025-12-08,9:31:06.582964755,T,92.0,200,92.16,700,TGT
2025-12-08,9:31:06.632943898,T,92.0,100,92.16,700,TGT
2025-12-08,9:31:06.632943898,T,91.94,100,92.16,700,TGT
2025-12-08,9:31:06.632963926,T,91.9,100,92.16,700,TGT
2025-12-08,9:31:06.632963926,T,91.9,100,92.15,100,TGT
2025-12-08,9:31:06.633029109,T,91.87,1100,92.15,100,TGT
2025-12-08,9:31:06.633049078,T,91.87,1100,92.07,100,TGT
2025-12-08,9:31:06.633410003,T,91.87,1100,92.07,200,TGT
2025-12-08,9:31:06.633510237,T,91.87,1100,92.04,100,TGT
2025-12-08,9:31:06.633926252,T,91.87,1100,92.07,200,TGT
2025-12-08,9:31:06.633936190,T,91.87,1100,92.07,100,TGT
2025-12-08,9:31:06.633941367,T,91.9,100,92.07,100,TGT
2025-12-08,9:31:06.634081565,T,91.9,100,92.06,100,TGT
2025-12-08,9:31:06.634372256,T,91.9,100,92.05,100,TGT
2025-12-08,9:31:06.634407337,T,91.9,100,92.02,100,TGT
2025-12-08,9:31:06.634437432,T,91.9,100,92.05,100,TGT
2025-12-08,9:31:06.634953705,T,91.87,1100,92.05,100,TGT
2025-12-08,9:31:06.635414775,T,91.87,1100,92.07,100,TGT
2025-12-08,9:31:06.641218554,T,91.9,100,92.07,100,TGT
2025-12-08,9:31:06.641218554,T,91.94,100,92.07,100,TGT
2025-12-08,9:31:06.648250278,T,91.9,100,92.07,100,TGT
2025-12-08,9:31:06.683614630,T,91.9,100,92.16,700,TGT
2025-12-08,9:31:06.683614630,T,91.94,100,92.16,700,TGT
2025-12-08,9:31:06.683634618,T,91.9,100,92.16,700,TGT
2025-12-08,9:31:06.684005532,T,91.87,1100,92.16,700,TGT
2025-12-08,9:31:06.685083070,T,91.87,1100,92.1,100,TGT
2025-12-08,9:31:07.783334525,T,91.87,1100,92.1,200,TGT
2025-12-08,9:31:08.248171973,T,91.87,1100,92.1,800,TGT
2025-12-08,9:31:13.241663317,T,91.87,1100,92.1,700,TGT
2025-12-08,9:31:15.713046173,T,91.87,1000,92.1,700,TGT
2025-12-08,9:31:16.349617759,T,91.87,1000,92.1,100,TGT
2025-12-08,9:31:16.351166432,T,91.87,1000,92.09,600,TGT
2025-12-08,9:31:17.563374247,T,91.87,1000,92.09,700,TGT
2025-12-08,9:31:17.563404355,T,91.87,1000,92.09,600,TGT
2025-12-08,9:31:21.358951803,T,91.87,1000,92.29,200,TGT
2025-12-08,9:31:21.360515541,T,91.87,1000,92.08,600,TGT
2025-12-08,9:31:22.749234081,T,91.87,1000,92.07,100,TGT
2025-12-08,9:31:22.749369435,T,91.87,1000,92.08,600,TGT
2025-12-08,9:31:22.760094914,T,91.87,1000,92.03,100,TGT
2025-12-08,9:31:22.760175115,T,91.87,1000,92.08,600,TGT
2025-12-08,9:31:22.760380622,T,91.9,100,92.08,600,TGT
2025-12-08,9:31:22.760576049,T,91.9,200,92.08,600,TGT
2025-12-08,9:31:22.760606200,T,91.9,100,92.08,600,TGT
2025-12-08,9:31:22.760621467,T,91.98,100,92.08,600,TGT
2025-12-08,9:31:22.760956969,T,91.87,1000,92.08,600,TGT
2025-12-08,9:31:22.761037147,T,91.87,1000,92.03,100,TGT
2025-12-08,9:31:22.761067323,T,91.87,1000,92.08,600,TGT
2025-12-08,9:31:22.761122456,T,91.87,1000,92.01,100,TGT
2025-12-08,9:31:22.761222679,T,91.87,1000,91.98,100,TGT
2025-12-08,9:31:22.761733862,T,91.87,1000,92.08,600,TGT
2025-12-08,9:31:22.761753943,T,91.9,100,92.08,600,TGT
2025-12-08,9:31:22.761783970,T,91.9,100,92.08,700,TGT
2025-12-08,9:31:22.761794018,T,91.87,1000,92.08,700,TGT
2025-12-08,9:31:22.761849102,T,91.87,1000,92.08,600,TGT
2025-12-08,9:31:23.140436101,T,91.87,1000,92.15,100,TGT
2025-12-08,9:31:23.140461156,T,91.87,1000,92.24,100,TGT
2025-12-08,9:31:23.141889613,T,91.87,1000,92.06,600,TGT
2025-12-08,9:31:24.002219267,T,91.87,1100,92.06,600,TGT
2025-12-08,9:31:24.002219267,T,91.89,100,92.06,600,TGT
2025-12-08,9:31:24.002269375,T,91.9,100,92.06,600,TGT
2025-12-08,9:31:24.002274436,T,91.89,100,92.06,600,TGT
2025-12-08,9:31:24.002279441,T,91.9,100,92.06,600,TGT
2025-12-08,9:31:24.170931145,T,91.87,1000,92.06,600,TGT
2025-12-08,9:31:31.515548912,T,91.91,100,92.06,600,TGT
2025-12-08,9:31:31.515854686,T,91.87,1000,92.06,600,TGT
2025-12-08,9:31:32.437109387,T,91.87,1000,92.22,200,TGT
2025-12-08,9:31:32.438693135,T,91.87,1000,92.04,600,TGT
2025-12-08,9:31:32.438983927,T,91.87,1000,92.04,1300,TGT
2025-12-08,9:31:34.888429477,T,91.87,1000,92.04,1400,TGT
2025-12-08,9:31:34.888454561,T,91.87,1000,92.04,1300,TGT
2025-12-08,9:31:36.079376733,T,91.78,200,92.04,1300,TGT
2025-12-08,9:31:37.515728693,T,91.78,200,92.04,600,TGT
2025-12-08,9:31:37.517307471,T,91.78,200,92.02,700,TGT
2025-12-08,9:31:37.519016460,T,91.78,200,92.02,1300,TGT
2025-12-08,9:31:40.249070667,T,91.9,100,92.02,1300,TGT
2025-12-08,9:31:40.249095671,T,91.78,300,92.02,1300,TGT
2025-12-08,9:31:40.249105700,T,91.78,200,92.02,1300,TGT
2025-12-08,9:31:40.249156354,T,91.78,200,92.02,1400,TGT
2025-12-08,9:31:40.249301231,T,91.78,200,92.02,1300,TGT
2025-12-08,9:31:40.249937709,T,91.78,200,91.99,100,TGT
2025-12-08,9:31:40.374093435,T,91.78,200,91.99,800,TGT
2025-12-08,9:31:40.375211204,T,91.78,200,91.99,1400,TGT
2025-12-08,9:31:42.553330235,T,91.78,200,91.99,800,TGT
2025-12-08,9:31:42.554302593,T,91.78,200,91.99,100,TGT
2025-12-08,9:31:42.555034235,T,91.78,200,91.97,600,TGT
2025-12-08,9:31:42.556026631,T,91.78,200,91.97,1300,TGT
2025-12-08,9:31:48.249721309,T,91.78,200,91.97,700,TGT
2025-12-08,9:31:48.249726641,T,91.78,200,91.97,100,TGT
2025-12-08,9:31:48.249736397,T,91.78,200,92.11,200,TGT
2025-12-08,9:31:48.249761882,T,91.9,100,92.11,200,TGT
2025-12-08,9:31:48.249771765,T,91.91,100,92.11,200,TGT
2025-12-08,9:31:48.249786693,T,91.79,100,92.11,200,TGT
2025-12-08,9:31:48.249791517,T,91.9,100,92.11,200,TGT
2025-12-08,9:31:48.249967048,T,91.79,100,92.11,200,TGT
2025-12-08,9:31:48.249987231,T,91.79,100,92.04,100,TGT
2025-12-08,9:31:48.249992115,T,91.79,100,92.03,100,TGT
2025-12-08,9:31:48.249996950,T,91.79,100,92.02,100,TGT
2025-12-08,9:31:48.249996950,T,91.79,100,91.99,100,TGT
2025-12-08,9:31:48.250007209,T,91.79,200,91.99,100,TGT
2025-12-08,9:31:48.250032026,T,91.79,200,92.02,100,TGT
2025-12-08,9:31:48.250037765,T,91.79,100,92.02,100,TGT
2025-12-08,9:31:48.250052125,T,91.79,100,92.03,100,TGT
2025-12-08,9:31:48.250112276,T,91.79,100,92.02,100,TGT
2025-12-08,9:31:48.250212530,T,91.79,100,92.03,100,TGT
2025-12-08,9:31:48.251104721,T,91.79,100,91.95,100,TGT
2025-12-08,9:31:48.251124923,T,91.79,100,92.03,100,TGT
2025-12-08,9:31:48.251129833,T,91.79,100,91.95,100,TGT
2025-12-08,9:31:48.251129833,T,91.79,100,92.03,100,TGT
2025-12-08,9:31:48.251219855,T,91.9,200,92.03,100,TGT
2025-12-08,9:31:48.251305101,T,91.9,400,92.03,100,TGT
2025-12-08,9:31:48.251365241,T,91.9,400,91.93,100,TGT
2025-12-08,9:31:48.251455467,T,91.9,300,91.93,100,TGT
2025-12-08,9:31:48.251455467,T,91.9,100,91.93,100,TGT
2025-12-08,9:31:48.251460490,T,91.79,100,91.93,100,TGT
2025-12-08,9:31:48.251475687,T,91.79,100,91.91,100,TGT
2025-12-08,9:31:48.251836333,T,91.79,100,91.91,200,TGT
2025-12-08,9:31:48.251851526,T,91.79,100,91.91,100,TGT
2025-12-08,9:31:48.251851526,T,91.79,100,91.91,200,TGT
2025-12-08,9:31:48.251856402,T,91.79,100,91.91,100,TGT
2025-12-08,9:31:48.251896561,T,91.79,100,91.9,100,TGT
2025-12-08,9:31:48.255795841,T,91.71,200,91.9,100,TGT
2025-12-08,9:31:48.256301981,T,91.71,200,92.03,100,TGT
2025-12-08,9:31:48.452018285,T,91.71,200,92.04,100,TGT
2025-12-08,9:31:50.161636197,T,91.71,200,92.11,200,TGT
2025-12-08,9:31:50.161656220,T,91.73,100,92.11,200,TGT
2025-12-08,9:31:50.161661234,T,91.85,100,92.11,200,TGT
2025-12-08,9:31:50.161731721,T,91.87,100,92.11,200,TGT
2025-12-08,9:31:50.161766551,T,91.87,100,92.04,100,TGT
2025-12-08,9:31:50.161811665,T,91.87,100,92.11,200,TGT
2025-12-08,9:31:50.162242615,T,91.85,100,92.11,200,TGT
2025-12-08,9:31:50.261734688,T,91.8,100,92.11,200,TGT
2025-12-08,9:31:50.362334367,T,91.77,200,92.11,200,TGT
2025-12-08,9:31:51.277549746,T,91.77,200,92.0,100,TGT
2025-12-08,9:31:51.277554821,T,91.77,200,91.99,100,TGT
2025-12-08,9:31:51.277554821,T,91.77,200,91.98,100,TGT
2025-12-08,9:31:51.277584904,T,91.77,200,91.99,100,TGT
2025-12-08,9:31:51.277995799,T,91.77,200,91.98,100,TGT
2025-12-08,9:31:51.278807791,T,91.77,200,91.99,100,TGT
2025-12-08,9:31:51.283804774,T,91.77,200,92.0,100,TGT
2025-12-08,9:31:51.283804774,T,91.77,200,91.99,100,TGT
2025-12-08,9:31:51.284265758,T,91.69,100,91.99,100,TGT
2025-12-08,9:31:51.284275759,T,91.71,200,91.99,100,TGT
2025-12-08,9:31:51.477877028,T,91.71,200,92.04,100,TGT
2025-12-08,9:31:53.335778319,T,91.71,200,91.99,100,TGT
2025-12-08,9:31:53.335793251,T,91.71,200,91.97,100,TGT
2025-12-08,9:31:53.335858413,T,91.71,200,91.99,100,TGT
2025-12-08,9:31:53.345817150,T,91.71,200,92.04,100,TGT
2025-12-08,9:31:53.345847203,T,91.71,200,92.06,100,TGT
2025-12-08,9:31:54.019837931,T,91.71,200,92.04,100,TGT
2025-12-08,9:31:54.019857989,T,91.71,200,92.06,100,TGT
2025-12-08,9:31:54.019878187,T,91.71,200,92.11,300,TGT
2025-12-08,9:31:54.019888055,T,91.71,200,92.11,100,TGT
2025-12-08,9:31:54.019898096,T,91.71,200,92.06,200,TGT
2025-12-08,9:31:54.019903141,T,91.71,200,92.06,300,TGT
2025-12-08,9:31:54.020128666,T,91.73,100,92.06,300,TGT
2025-12-08,9:31:54.026624083,T,91.71,200,92.06,300,TGT
2025-12-08,9:32:01.045074832,T,91.71,300,92.06,300,TGT
2025-12-08,9:32:01.055499654,T,91.71,200,92.06,300,TGT
2025-12-08,9:32:02.730109635,T,91.71,200,92.04,100,TGT
2025-12-08,9:32:02.730119611,T,91.71,200,92.03,100,TGT
2025-12-08,9:32:02.730119611,T,91.71,200,92.01,100,TGT
2025-12-08,9:32:02.730124596,T,91.71,200,91.95,100,TGT
2025-12-08,9:32:02.737156345,T,91.71,200,92.03,200,TGT
2025-12-08,9:32:02.753846123,T,91.71,200,91.98,600,TGT
2025-12-08,9:32:07.210453122,T,91.71,200,91.98,700,TGT
2025-12-08,9:32:07.225589311,T,91.71,200,91.98,600,TGT
2025-12-08,9:32:13.883736617,T,91.71,200,91.94,100,TGT
2025-12-08,9:32:13.883962186,T,91.71,200,91.94,200,TGT
2025-12-08,9:32:13.883987198,T,91.71,200,91.94,100,TGT
2025-12-08,9:32:13.883987198,T,91.71,200,91.92,100,TGT
2025-12-08,9:32:14.005366355,T,91.71,200,91.92,600,TGT
2025-12-08,9:32:15.867121870,T,91.71,200,91.91,100,TGT
2025-12-08,9:32:15.867121870,T,91.71,200,91.9,100,TGT
2025-12-08,9:32:15.867126882,T,91.71,200,91.86,100,TGT
2025-12-08,9:32:15.867146945,T,91.71,200,91.91,100,TGT
2025-12-08,9:32:15.867161940,T,91.71,200,91.91,200,TGT
2025-12-08,9:32:15.867186994,T,91.71,200,91.9,100,TGT
2025-12-08,9:32:15.867352478,T,91.71,200,91.86,100,TGT
2025-12-08,9:32:15.868159316,T,91.71,200,91.82,100,TGT
2025-12-08,9:32:15.868159316,T,91.73,100,91.82,100,TGT
2025-12-08,9:32:15.868309754,T,91.73,100,91.86,100,TGT
2025-12-08,9:32:15.868374838,T,91.73,100,91.77,100,TGT
2025-12-08,9:32:15.872103737,T,91.73,100,91.86,100,TGT
2025-12-08,9:32:15.872103737,T,91.73,100,91.9,100,TGT
2025-12-08,9:32:15.872123782,T,91.74,100,91.9,100,TGT
2025-12-08,9:32:15.872153920,T,91.76,100,91.9,100,TGT
2025-12-08,9:32:15.872188932,T,91.76,100,91.86,100,TGT
2025-12-08,9:32:15.872193936,T,91.74,100,91.86,100,TGT
2025-12-08,9:32:15.872259225,T,91.74,100,91.9,100,TGT
2025-12-08,9:32:15.873171464,T,91.74,200,91.9,100,TGT
2025-12-08,9:32:15.873176328,T,91.74,100,91.9,100,TGT
2025-12-08,9:32:15.873201409,T,91.77,100,91.9,100,TGT
2025-12-08,9:32:15.873301634,T,91.77,100,91.91,300,TGT
2025-12-08,9:32:15.873331645,T,91.77,100,91.9,100,TGT
2025-12-08,9:32:15.873351920,T,91.79,100,91.9,100,TGT
2025-12-08,9:32:15.873396842,T,91.79,200,91.9,100,TGT
2025-12-08,9:32:15.873401898,T,91.79,100,91.9,100,TGT
2025-12-08,9:32:15.873416930,T,91.79,200,91.9,100,TGT
2025-12-08,9:32:15.873447000,T,91.79,300,91.9,100,TGT
2025-12-08,9:32:15.873471977,T,91.79,200,91.9,100,TGT
2025-12-08,9:32:15.873471977,T,91.79,100,91.9,100,TGT
2025-12-08,9:32:15.873677459,T,91.73,100,91.9,100,TGT
2025-12-08,9:32:15.873677459,T,91.79,100,91.9,100,TGT
2025-12-08,9:32:15.873812847,T,91.79,100,91.91,300,TGT
2025-12-08,9:32:15.874509460,T,91.79,100,91.86,100,TGT
2025-12-08,9:32:15.989272959,T,91.79,100,91.86,600,TGT
2025-12-08,9:32:19.041419299,T,91.79,100,91.83,100,TGT
2025-12-08,9:32:19.041494553,T,91.73,100,91.83,100,TGT
2025-12-08,9:32:19.041494553,T,91.69,100,91.83,100,TGT
2025-12-08,9:32:19.041499564,T,91.68,1100,91.83,100,TGT
2025-12-08,9:32:19.041539582,T,91.68,1100,91.82,100,TGT
2025-12-08,9:32:19.041539582,T,91.68,1100,91.81,100,TGT
2025-12-08,9:32:19.041554713,T,91.68,1100,91.82,100,TGT
2025-12-08,9:32:19.041579705,T,91.68,1100,91.81,100,TGT
2025-12-08,9:32:19.047273334,T,91.68,1000,91.81,100,TGT
2025-12-08,9:32:19.160508070,T,91.68,1000,91.81,600,TGT
2025-12-08,9:32:20.548740337,T,91.68,1000,91.81,100,TGT
2025-12-08,9:32:20.550198856,T,91.68,1000,91.8,500,TGT
2025-12-08,9:32:20.550223895,T,91.68,1000,91.8,600,TGT
2025-12-08,9:32:21.241520718,T,91.68,1000,91.78,100,TGT
2025-12-08,9:32:21.374983730,T,91.68,1000,91.77,100,TGT
2025-12-08,9:32:21.374983730,T,91.68,1000,91.73,100,TGT
2025-12-08,9:32:21.375018785,T,91.68,1000,91.77,100,TGT
2025-12-08,9:32:21.375038896,T,91.71,100,91.77,100,TGT
2025-12-08,9:32:21.375369601,T,91.72,100,91.77,100,TGT
2025-12-08,9:32:21.376181555,T,91.72,100,91.8,500,TGT
2025-12-08,9:32:21.382441447,T,91.68,1000,91.8,500,TGT
2025-12-08,9:32:22.052718316,T,91.68,1000,91.91,100,TGT
2025-12-08,9:32:22.052748387,T,91.68,1000,92.0,100,TGT
2025-12-08,9:32:22.052768435,T,91.69,100,92.0,100,TGT
2025-12-08,9:32:22.052788513,T,91.71,100,92.0,100,TGT
2025-12-08,9:32:22.052788513,T,91.75,100,92.0,100,TGT
2025-12-08,9:32:22.052798724,T,91.77,100,92.0,100,TGT
2025-12-08,9:32:22.052893793,T,91.77,100,91.99,200,TGT
2025-12-08,9:32:22.052923833,T,91.77,100,91.99,300,TGT
2025-12-08,9:32:22.053359843,T,91.75,100,91.99,300,TGT
2025-12-08,9:32:22.059790160,T,91.71,100,91.99,300,TGT
2025-12-08,9:32:22.221440373,T,91.69,100,91.99,300,TGT
2025-12-08,9:32:22.221465414,T,91.68,1000,91.99,300,TGT
2025-12-08,9:32:24.010231996,T,91.67,1000,91.99,300,TGT
2025-12-08,9:32:24.010231996,T,91.67,900,91.99,300,TGT
2025-12-08,9:32:24.010252005,T,91.67,900,91.91,100,TGT
2025-12-08,9:32:24.010257046,T,91.67,900,91.76,100,TGT
2025-12-08,9:32:24.010307134,T,91.67,1000,91.76,100,TGT
2025-12-08,9:32:24.010337165,T,91.67,1000,91.76,200,TGT
2025-12-08,9:32:24.010497607,T,91.67,1100,91.76,200,TGT
2025-12-08,9:32:24.010512634,T,91.67,1200,91.76,200,TGT
2025-12-08,9:32:24.010517620,T,91.68,100,91.76,200,TGT
2025-12-08,9:32:24.010537643,T,91.68,100,91.76,100,TGT
2025-12-08,9:32:24.010567750,T,91.68,400,91.76,100,TGT
2025-12-08,9:32:24.010678028,T,91.68,500,91.76,100,TGT
2025-12-08,9:32:24.010758201,T,91.68,600,91.76,100,TGT
2025-12-08,9:32:24.010773637,T,91.68,700,91.76,100,TGT
2025-12-08,9:32:24.010788259,T,91.68,600,91.76,100,TGT
2025-12-08,9:32:24.010788259,T,91.68,500,91.76,100,TGT
2025-12-08,9:32:24.010793388,T,91.68,200,91.76,100,TGT
2025-12-08,9:32:24.010793388,T,91.7,100,91.76,100,TGT
2025-12-08,9:32:24.010798267,T,91.7,300,91.76,100,TGT
2025-12-08,9:32:24.010818361,T,91.7,800,91.76,100,TGT
2025-12-08,9:32:24.010823302,T,91.7,1000,91.76,100,TGT
2025-12-08,9:32:24.010863501,T,91.7,1100,91.76,100,TGT
2025-12-08,9:32:24.010868624,T,91.7,1100,91.82,100,TGT
2025-12-08,9:32:24.010888521,T,91.7,600,91.82,100,TGT
2025-12-08,9:32:24.010888521,T,91.76,100,91.82,100,TGT
2025-12-08,9:32:24.010913621,T,91.76,200,91.82,100,TGT
2025-12-08,9:32:24.010913621,T,91.76,400,91.82,100,TGT
2025-12-08,9:32:24.010923746,T,91.76,1200,91.82,100,TGT
2025-12-08,9:32:24.010998761,T,91.77,100,91.82,100,TGT
2025-12-08,9:32:24.011024265,T,91.77,400,91.82,100,TGT
2025-12-08,9:32:24.011024265,T,91.77,500,91.82,100,TGT
2025-12-08,9:32:24.011043851,T,91.77,1300,91.82,100,TGT
2025-12-08,9:32:24.011259444,T,91.77,1300,91.83,200,TGT
2025-12-08,9:32:24.011259444,T,91.77,1200,91.83,200,TGT
2025-12-08,9:32:24.011645556,T,91.77,400,91.83,200,TGT
2025-12-08,9:32:24.011645556,T,91.77,500,91.83,200,TGT
2025-12-08,9:32:24.011670360,T,91.77,1300,91.83,200,TGT
2025-12-08,9:32:24.011725561,T,91.77,1200,91.83,200,TGT
2025-12-08,9:32:24.011725561,T,91.77,1100,91.83,200,TGT
2025-12-08,9:32:24.011725561,T,91.77,1000,91.83,200,TGT
2025-12-08,9:32:24.011725561,T,91.77,200,91.83,200,TGT
2025-12-08,9:32:24.011745559,T,91.79,800,91.83,200,TGT
2025-12-08,9:32:24.011765767,T,91.79,1100,91.83,200,TGT
2025-12-08,9:32:24.011765767,T,91.79,1200,91.83,200,TGT
2025-12-08,9:32:24.011825716,T,91.79,1100,91.83,200,TGT
2025-12-08,9:32:24.012382338,T,91.79,400,91.83,200,TGT
2025-12-08,9:32:24.012387070,T,91.79,300,91.83,200,TGT
2025-12-08,9:32:24.012387070,T,91.79,100,91.83,200,TGT
2025-12-08,9:32:24.012387070,T,91.73,100,91.83,200,TGT
2025-12-08,9:32:24.012407161,T,91.73,100,91.81,100,TGT
2025-12-08,9:32:24.012868198,T,91.67,1000,91.81,100,TGT
2025-12-08,9:32:24.012888269,T,91.67,900,91.81,100,TGT
2025-12-08,9:32:24.012913317,T,91.67,1000,91.81,100,TGT
2025-12-08,9:32:24.013479650,T,91.68,100,91.81,100,TGT
2025-12-08,9:32:24.013509717,T,91.68,100,91.83,200,TGT
2025-12-08,9:32:24.014993338,T,91.73,100,91.83,200,TGT
2025-12-08,9:32:24.015023358,T,91.73,200,91.83,200,TGT
2025-12-08,9:32:24.020336072,T,91.73,200,91.83,100,TGT
2025-12-08,9:32:24.031387304,T,91.73,200,91.91,100,TGT
2025-12-08,9:32:24.037196202,T,91.73,200,91.84,500,TGT
2025-12-08,9:32:27.449440339,T,91.73,100,91.84,500,TGT
2025-12-08,9:32:28.580224399,T,91.73,100,91.99,300,TGT
2025-12-08,9:32:28.581652765,T,91.73,100,91.82,500,TGT
2025-12-08,9:32:29.284376931,T,91.67,1000,91.82,500,TGT
2025-12-08,9:32:29.284376931,T,91.67,900,91.82,500,TGT
2025-12-08,9:32:29.284402054,T,91.67,900,91.77,100,TGT
2025-12-08,9:32:29.291468843,T,91.67,900,91.82,500,TGT
2025-12-08,9:32:29.385873810,T,91.67,900,91.81,100,TGT
2025-12-08,9:32:29.386314914,T,91.67,900,91.81,200,TGT
2025-12-08,9:32:29.387597901,T,91.67,900,91.81,300,TGT
2025-12-08,9:32:29.484559043,T,91.67,900,91.81,200,TGT
2025-12-08,9:32:29.925339150,T,91.67,900,91.81,100,TGT
2025-12-08,9:32:29.926486925,T,91.67,900,91.81,600,TGT
2025-12-08,9:32:34.643479911,T,91.61,100,91.81,600,TGT
2025-12-08,9:32:34.643514584,T,91.61,100,91.79,100,TGT
2025-12-08,9:32:34.643519562,T,91.61,100,91.74,100,TGT
2025-12-08,9:32:34.694701451,T,91.61,100,91.8,200,TGT
2025-12-08,9:32:34.743532793,T,91.61,100,91.8,100,TGT
2025-12-08,9:32:34.770081121,T,91.61,100,91.8,600,TGT
2025-12-08,9:32:34.812171406,T,91.61,100,91.8,500,TGT
2025-12-08,9:32:37.007912486,T,91.61,100,91.8,300,TGT
2025-12-08,9:32:37.007937491,T,91.61,200,91.8,300,TGT
2025-12-08,9:32:37.007972605,T,91.73,100,91.8,300,TGT
2025-12-08,9:32:37.011485978,T,91.61,100,91.8,300,TGT
2025-12-08,9:32:41.770058069,T,91.61,100,91.94,100,TGT
2025-12-08,9:32:41.771666805,T,91.61,100,91.79,400,TGT
2025-12-08,9:32:53.207100386,T,91.61,100,91.79,500,TGT
2025-12-08,9:32:53.207115435,T,91.61,100,91.78,100,TGT
2025-12-08,9:32:53.207115435,T,91.61,100,91.78,200,TGT
2025-12-08,9:32:53.207150469,T,91.61,100,91.73,100,TGT
2025-12-08,9:32:53.207536423,T,91.61,100,91.75,100,TGT
2025-12-08,9:32:53.207641690,T,91.61,100,91.7,100,TGT
2025-12-08,9:32:53.207676709,T,91.61,100,91.75,100,TGT
2025-12-08,9:32:53.217635506,T,91.61,100,91.76,100,TGT
2025-12-08,9:32:53.217635506,T,91.61,100,91.78,100,TGT
2025-12-08,9:32:53.335566382,T,91.61,100,91.77,400,TGT
2025-12-08,9:32:54.946479196,T,91.61,100,91.78,100,TGT
2025-12-08,9:32:54.947947681,T,91.61,100,91.7,400,TGT
2025-12-08,9:32:56.036355743,T,91.55,100,91.7,400,TGT
2025-12-08,9:33:01.873873073,T,91.6,100,91.7,400,TGT
2025-12-08,9:33:01.874304112,T,91.63,100,91.7,400,TGT
2025-12-08,9:33:01.879752167,T,91.6,100,91.7,400,TGT
2025-12-08,9:33:02.042524972,T,91.55,100,91.7,400,TGT
2025-12-08,9:33:03.787812957,T,91.55,100,91.7,500,TGT
2025-12-08,9:33:03.787832980,T,91.55,100,91.7,400,TGT
2025-12-08,9:33:04.603681526,T,91.5,300,91.7,400,TGT
2025-12-08,9:33:04.603716625,T,91.52,100,91.7,400,TGT
2025-12-08,9:33:04.603967244,T,91.5,300,91.7,400,TGT
2025-12-08,9:33:04.603967244,T,91.5,200,91.7,400,TGT
2025-12-08,9:33:04.603997374,T,91.5,200,91.66,100,TGT
2025-12-08,9:33:04.603997374,T,91.5,200,91.63,100,TGT
2025-12-08,9:33:04.605004697,T,91.5,200,91.7,500,TGT
2025-12-08,9:33:04.605550984,T,91.5,200,91.7,400,TGT
2025-12-08,9:33:04.605682013,T,91.5,200,91.68,100,TGT
2025-12-08,9:33:04.606182494,T,91.5,200,91.6,100,TGT
2025-12-08,9:33:04.606192551,T,91.57,100,91.6,100,TGT
2025-12-08,9:33:04.606748831,T,91.5,200,91.6,100,TGT
2025-12-08,9:33:04.611500242,T,91.5,200,91.7,400,TGT
2025-12-08,9:33:04.612647911,T,91.56,100,91.7,400,TGT
2025-12-08,9:33:04.613865797,T,91.5,200,91.7,400,TGT
2025-12-08,9:33:04.619313798,T,91.6,100,91.7,400,TGT
2025-12-08,9:33:04.835278316,T,91.6,100,91.75,100,TGT
2025-12-08,9:33:04.836917189,T,91.6,100,91.69,400,TGT
2025-12-08,9:33:04.837202961,T,91.6,100,91.69,900,TGT
2025-12-08,9:33:04.837618933,T,91.5,200,91.69,900,TGT
2025-12-08,9:33:04.837638917,T,91.5,200,91.64,100,TGT
2025-12-08,9:33:04.837794344,T,91.5,200,91.62,100,TGT
2025-12-08,9:33:04.838350607,T,91.5,200,91.64,100,TGT
2025-12-08,9:33:04.937647238,T,91.5,200,91.68,100,TGT
2025-12-08,9:33:04.938654560,T,91.5,200,91.68,200,TGT
2025-12-08,9:33:05.626829087,T,91.5,200,91.68,100,TGT
2025-12-08,9:33:06.150907628,T,91.5,200,91.75,100,TGT
2025-12-08,9:33:06.153037697,T,91.5,200,91.69,500,TGT
2025-12-08,9:33:06.154040155,T,91.5,200,91.69,900,TGT
2025-12-08,9:33:07.809539133,T,91.5,200,91.68,100,TGT
2025-12-08,9:33:07.809674439,T,91.5,200,91.68,600,TGT
2025-12-08,9:33:07.809674439,T,91.5,200,91.68,1000,TGT
2025-12-08,9:33:07.810170612,T,91.5,200,91.68,900,TGT
2025-12-08,9:33:15.844627101,T,91.5,200,91.68,1000,TGT
2025-12-08,9:33:15.865506825,T,91.5,200,91.68,600,TGT
2025-12-08,9:33:15.867125711,T,91.5,200,91.68,1000,TGT
2025-12-08,9:33:15.867200829,T,91.5,200,91.68,500,TGT
2025-12-08,9:33:15.868684381,T,91.5,200,91.68,1000,TGT
2025-12-08,9:33:17.226764853,T,91.5,200,91.67,400,TGT
2025-12-08,9:33:17.226769878,T,91.5,200,91.67,900,TGT
2025-12-08,9:33:17.330587247,T,91.5,200,91.66,100,TGT
2025-12-08,9:33:17.330602312,T,91.5,200,91.64,100,TGT
2025-12-08,9:33:17.330602312,T,91.5,200,91.63,100,TGT
2025-12-08,9:33:17.330607759,T,91.5,200,91.61,100,TGT
2025-12-08,9:33:17.330612542,T,91.5,200,91.6,100,TGT
2025-12-08,9:33:17.330642379,T,91.5,200,91.61,100,TGT
2025-12-08,9:33:17.330672436,T,91.5,200,91.63,200,TGT
2025-12-08,9:33:17.331404214,T,91.5,200,91.61,100,TGT
2025-12-08,9:33:17.331464389,T,91.5,200,91.63,200,TGT
2025-12-08,9:33:17.331815218,T,91.44,100,91.63,200,TGT
2025-12-08,9:33:17.331840304,T,91.44,100,91.52,100,TGT
2025-12-08,9:33:17.332887673,T,91.44,100,91.55,100,TGT
2025-12-08,9:33:17.340626213,T,91.44,100,91.6,100,TGT
2025-12-08,9:33:17.342485584,T,91.44,100,91.63,100,TGT
2025-12-08,9:33:17.373619809,T,91.48,100,91.63,100,TGT
2025-12-08,9:33:17.430605573,T,91.48,100,91.67,1000,TGT
2025-12-08,9:33:17.528458654,T,91.48,100,91.66,100,TGT
2025-12-08,9:33:17.530603753,T,91.48,100,91.67,900,TGT
2025-12-08,9:33:17.680305375,T,91.48,100,91.67,500,TGT
2025-12-08,9:33:17.681057153,T,91.48,100,91.68,100,TGT
2025-12-08,9:33:17.682224948,T,91.48,100,91.61,400,TGT
2025-12-08,9:33:17.682966766,T,91.48,100,91.61,900,TGT
2025-12-08,9:33:17.687166716,T,91.44,100,91.61,900,TGT
2025-12-08,9:33:19.398228114,T,91.44,100,91.61,500,TGT
2025-12-08,9:33:19.399285724,T,91.44,100,91.68,200,TGT
2025-12-08,9:33:19.399972292,T,91.44,100,91.6,400,TGT
2025-12-08,9:33:19.400984670,T,91.44,100,91.6,900,TGT
2025-12-08,9:33:21.955705871,T,91.45,100,91.6,900,TGT
2025-12-08,9:33:22.143147320,T,91.44,100,91.6,900,TGT
2025-12-08,9:33:22.187683426,T,91.44,100,91.6,500,TGT
2025-12-08,9:33:22.189392569,T,91.44,100,91.58,400,TGT
2025-12-08,9:33:22.191221957,T,91.44,100,91.58,900,TGT
2025-12-08,9:33:23.834296309,T,91.46,200,91.58,900,TGT
2025-12-08,9:33:23.841373149,T,91.44,100,91.58,900,TGT
2025-12-08,9:33:32.966031789,T,91.45,1000,91.58,900,TGT
2025-12-08,9:33:33.784486710,T,91.45,1000,91.58,500,TGT
2025-12-08,9:33:33.784491668,T,91.45,1000,91.74,100,TGT
2025-12-08,9:33:33.784511679,T,91.54,100,91.74,100,TGT
2025-12-08,9:33:33.784511679,T,91.56,100,91.74,100,TGT
2025-12-08,9:33:33.784822502,T,91.56,100,91.76,300,TGT
2025-12-08,9:33:33.785519117,T,91.54,100,91.76,300,TGT
2025-12-08,9:33:33.884575072,T,91.51,200,91.76,300,TGT
2025-12-08,9:33:33.984688669,T,91.51,100,91.76,300,TGT
2025-12-08,9:33:33.984713748,T,91.51,100,91.66,100,TGT
2025-12-08,9:33:34.786333621,T,91.51,200,91.66,100,TGT
2025-12-08,9:33:34.790052418,T,91.51,200,91.76,300,TGT
2025-12-08,9:33:34.790057505,T,91.51,300,91.76,300,TGT
2025-12-08,9:33:34.790057505,T,91.54,100,91.76,300,TGT
2025-12-08,9:33:34.790077472,T,91.54,200,91.76,300,TGT
2025-12-08,9:33:34.790132636,T,91.54,100,91.76,300,TGT
2025-12-08,9:33:34.790408365,T,91.56,100,91.76,300,TGT
2025-12-08,9:33:34.790418782,T,91.54,100,91.76,300,TGT
2025-12-08,9:33:34.790423315,T,91.56,100,91.76,300,TGT
2025-12-08,9:33:34.790498492,T,91.57,100,91.76,300,TGT
2025-12-08,9:33:34.790633871,T,91.57,100,91.76,200,TGT
2025-12-08,9:33:34.790653844,T,91.58,100,91.76,200,TGT
2025-12-08,9:33:34.790658892,T,91.59,100,91.76,200,TGT
2025-12-08,9:33:34.790658892,T,91.61,100,91.76,200,TGT
2025-12-08,9:33:34.790679032,T,91.58,100,91.76,200,TGT
2025-12-08,9:33:34.790739066,T,91.58,100,91.66,100,TGT
2025-12-08,9:33:34.791801636,T,91.58,100,91.76,200,TGT
2025-12-08,9:33:34.791811621,T,91.58,100,91.66,100,TGT
2025-12-08,9:33:34.791826627,T,91.58,100,91.62,100,TGT
2025-12-08,9:33:34.791956997,T,91.58,100,91.76,200,TGT
2025-12-08,9:33:34.792007126,T,91.59,100,91.76,200,TGT
2025-12-08,9:33:34.792242663,T,91.58,100,91.76,200,TGT
2025-12-08,9:33:34.792263066,T,91.58,100,91.7,100,TGT
2025-12-08,9:33:34.792263066,T,91.58,100,91.65,100,TGT
2025-12-08,9:33:34.800507336,T,91.54,100,91.65,100,TGT
2025-12-08,9:33:34.800532464,T,91.51,200,91.65,100,TGT
2025-12-08,9:33:34.802126329,T,91.51,100,91.65,100,TGT
2025-12-08,9:33:34.992299273,T,91.51,100,91.66,100,TGT
2025-12-08,9:33:35.842033624,T,91.51,200,91.66,100,TGT
2025-12-08,9:33:35.846529359,T,91.51,100,91.66,100,TGT
2025-12-08,9:33:42.898239408,T,91.45,1000,91.66,100,TGT
2025-12-08,9:33:50.769927737,T,91.45,1000,91.7,100,TGT
2025-12-08,9:33:53.179603406,T,91.45,1000,91.76,200,TGT
2025-12-08,9:33:53.179628412,T,91.5,100,91.76,200,TGT
2025-12-08,9:33:53.179633491,T,91.54,100,91.76,200,TGT
2025-12-08,9:33:53.179643483,T,91.54,200,91.76,200,TGT
2025-12-08,9:33:53.179673542,T,91.57,100,91.76,200,TGT
2025-12-08,9:33:53.180194775,T,91.58,100,91.76,200,TGT
2025-12-08,9:33:53.184790749,T,91.58,100,91.78,100,TGT
2025-12-08,9:33:53.188369234,T,91.62,100,91.78,100,TGT
2025-12-08,9:33:53.277687062,T,91.62,200,91.78,100,TGT
2025-12-08,9:33:53.301493790,T,91.62,100,91.78,100,TGT
2025-12-08,9:33:54.389445867,T,91.62,100,91.77,600,TGT
2025-12-08,9:33:54.413207432,T,91.46,100,91.77,600,TGT
2025-12-08,9:33:58.445017705,T,91.45,1000,91.77,600,TGT
2025-12-08,9:34:05.319450233,T,91.59,100,91.77,600,TGT
2025-12-08,9:34:06.546273042,T,91.59,100,91.78,100,TGT
2025-12-08,9:34:06.547721476,T,91.59,100,91.76,600,TGT
2025-12-08,9:34:06.549631055,T,91.6,100,91.76,600,TGT
2025-12-08,9:34:06.698440563,T,91.59,100,91.76,600,TGT
2025-12-08,9:34:11.606934499,T,91.59,100,91.78,100,TGT
2025-12-08,9:34:11.608382951,T,91.59,100,91.74,600,TGT
2025-12-08,9:34:24.390234324,T,91.59,100,91.78,100,TGT
2025-12-08,9:34:24.391662725,T,91.59,100,91.72,600,TGT
2025-12-08,9:34:24.644129234,T,91.59,100,91.7,100,TGT
2025-12-08,9:34:24.644134199,T,91.59,100,91.69,100,TGT
2025-12-08,9:34:24.644149319,T,91.59,100,91.69,200,TGT
2025-12-08,9:34:24.651211102,T,91.59,100,91.69,100,TGT
2025-12-08,9:34:24.651231154,T,91.59,100,91.7,100,TGT
2025-12-08,9:34:24.744177602,T,91.59,100,91.72,600,TGT
2025-12-08,9:34:24.744974440,T,91.59,100,91.69,100,TGT
2025-12-08,9:34:24.745736283,T,91.59,100,91.72,600,TGT
2025-12-08,9:34:29.776115656,T,91.45,1000,91.72,600,TGT
2025-12-08,9:34:29.776140703,T,91.45,1000,91.7,100,TGT
2025-12-08,9:34:29.776140703,T,91.45,1000,91.62,100,TGT
2025-12-08,9:34:29.777057921,T,91.45,1000,91.6,100,TGT
2025-12-08,9:34:29.777148253,T,91.45,1000,91.59,100,TGT
2025-12-08,9:34:29.778105389,T,91.45,1000,91.62,100,TGT
2025-12-08,9:34:29.876379585,T,91.45,1000,91.65,100,TGT
2025-12-08,9:34:29.904346230,T,91.45,1000,91.65,700,TGT
2025-12-08,9:34:30.440448423,T,91.45,1000,91.62,600,TGT
2025-12-08,9:34:31.001274517,T,91.45,1000,91.56,100,TGT
2025-12-08,9:34:31.001289633,T,91.45,1000,91.56,200,TGT
2025-12-08,9:34:31.001309679,T,91.45,1000,91.56,100,TGT
2025-12-08,9:34:31.001840929,T,91.45,1100,91.56,100,TGT
2025-12-08,9:34:31.001845949,T,91.46,100,91.56,100,TGT
2025-12-08,9:34:31.003534971,T,91.46,100,91.62,600,TGT
2025-12-08,9:34:31.012125423,T,91.45,1100,91.62,600,TGT
2025-12-08,9:34:31.105016687,T,91.45,1000,91.62,600,TGT
2025-12-08,9:34:31.198334042,T,91.46,100,91.62,600,TGT
2025-12-08,9:34:31.198444226,T,91.52,100,91.62,600,TGT
2025-12-08,9:34:31.199967860,T,91.52,100,91.62,700,TGT
2025-12-08,9:34:31.200203512,T,91.52,100,91.62,600,TGT
2025-12-08,9:34:31.205130206,T,91.47,100,91.62,600,TGT
2025-12-08,9:34:31.205571294,T,91.45,1100,91.62,600,TGT
2025-12-08,9:34:31.205756653,T,91.46,100,91.62,600,TGT
2025-12-08,9:34:31.212592956,T,91.52,100,91.62,600,TGT
2025-12-08,9:34:31.212658190,T,91.52,200,91.62,600,TGT
2025-12-08,9:34:31.215615127,T,91.53,100,91.62,600,TGT
2025-12-08,9:34:31.215615127,T,91.53,200,91.62,600,TGT
2025-12-08,9:34:31.219208687,T,91.53,200,91.62,700,TGT
2025-12-08,9:34:31.222376308,T,91.54,100,91.62,700,TGT
2025-12-08,9:34:31.222376308,T,91.54,200,91.62,700,TGT
2025-12-08,9:34:31.235287000,T,91.54,200,91.62,600,TGT
2025-12-08,9:34:32.440864123,T,91.54,200,91.62,700,TGT
2025-12-08,9:34:32.788126491,T,91.54,200,91.62,100,TGT
2025-12-08,9:34:32.789579865,T,91.54,200,91.61,600,TGT
2025-12-08,9:34:34.461272645,T,91.54,200,91.61,700,TGT
2025-12-08,9:34:35.323561945,T,91.54,200,91.61,100,TGT
2025-12-08,9:34:35.323561945,T,91.54,200,91.66,100,TGT
2025-12-08,9:34:35.323587353,T,91.58,100,91.66,100,TGT
2025-12-08,9:34:35.323587353,T,91.59,100,91.66,100,TGT
2025-12-08,9:34:35.323587353,T,91.6,100,91.66,100,TGT
2025-12-08,9:34:35.323587353,T,91.6,200,91.66,100,TGT
2025-12-08,9:34:35.323591954,T,91.6,200,91.74,100,TGT
2025-12-08,9:34:35.323622033,T,91.6,200,91.78,200,TGT
2025-12-08,9:34:35.323632100,T,91.6,300,91.78,200,TGT
2025-12-08,9:34:35.323657271,T,91.6,300,91.74,100,TGT
2025-12-08,9:34:35.323847678,T,91.6,300,91.78,200,TGT
2025-12-08,9:34:35.323877678,T,91.6,300,91.78,100,TGT
2025-12-08,9:34:35.323982876,T,91.6,200,91.78,100,TGT
2025-12-08,9:34:35.324038063,T,91.61,100,91.78,100,TGT
2025-12-08,9:34:35.324038063,T,91.61,200,91.78,100,TGT
2025-12-08,9:34:35.325195846,T,91.61,100,91.78,100,TGT
2025-12-08,9:34:35.325195846,T,91.58,100,91.78,100,TGT
2025-12-08,9:34:35.325211078,T,91.58,100,91.78,200,TGT
2025-12-08,9:34:35.325216034,T,91.58,100,91.62,100,TGT
2025-12-08,9:34:35.326308467,T,91.58,100,91.63,100,TGT
2025-12-08,9:34:35.333686070,T,91.56,100,91.63,100,TGT
2025-12-08,9:34:35.333691004,T,91.56,100,91.69,100,TGT
2025-12-08,9:34:35.339063861,T,91.45,1000,91.69,100,TGT
2025-12-08,9:34:35.339083937,T,91.45,1000,91.78,200,TGT
2025-12-08,9:34:44.678408851,T,91.45,1000,91.78,100,TGT
2025-12-08,9:34:44.678448937,T,91.52,100,91.78,100,TGT
2025-12-08,9:34:47.167724337,T,91.55,100,91.78,100,TGT
2025-12-08,9:34:47.167734403,T,91.55,200,91.78,100,TGT
2025-12-08,9:34:47.167739645,T,91.56,100,91.78,100,TGT
2025-12-08,9:34:47.167744438,T,91.6,200,91.78,100,TGT
2025-12-08,9:34:47.167769522,T,91.6,100,91.78,100,TGT
2025-12-08,9:34:47.167779492,T,91.6,200,91.78,100,TGT
2025-12-08,9:34:47.168105298,T,91.6,100,91.78,100,TGT
2025-12-08,9:34:47.169348213,T,91.6,200,91.78,100,TGT
2025-12-08,9:34:47.173483059,T,91.6,100,91.78,100,TGT
2025-12-08,9:34:47.174786140,T,91.56,100,91.78,100,TGT
2025-12-08,9:34:47.178374710,T,91.55,200,91.78,100,TGT
2025-12-08,9:34:47.266790433,T,91.55,100,91.78,100,TGT
2025-12-08,9:34:47.286682802,T,91.55,100,91.72,500,TGT
2025-12-08,9:34:48.767796367,T,91.55,100,91.78,100,TGT
2025-12-08,9:34:48.769244871,T,91.55,100,91.7,500,TGT
2025-12-08,9:34:49.419910027,T,91.57,300,91.7,500,TGT
2025-12-08,9:34:49.420867300,T,91.57,300,91.7,100,TGT
2025-12-08,9:34:49.420887389,T,91.57,300,91.78,100,TGT
2025-12-08,9:34:49.420912373,T,91.66,100,91.78,100,TGT
2025-12-08,9:34:49.421323391,T,91.66,200,91.78,100,TGT
2025-12-08,9:34:49.421593987,T,91.66,200,91.86,100,TGT
2025-12-08,9:34:49.421664213,T,91.66,300,91.86,100,TGT
2025-12-08,9:34:49.421719549,T,91.66,200,91.86,100,TGT
2025-12-08,9:34:49.421829608,T,91.66,200,91.78,100,TGT
2025-12-08,9:34:49.430510282,T,91.66,100,91.78,100,TGT
2025-12-08,9:34:49.437697347,T,91.57,300,91.78,100,TGT
2025-12-08,9:34:50.554503029,T,91.61,100,91.78,100,TGT
2025-12-08,9:34:57.583077804,T,91.61,200,91.78,100,TGT
2025-12-08,9:34:58.074313366,T,91.61,100,91.78,100,TGT
2025-12-08,9:35:05.961112611,T,91.61,200,91.78,100,TGT
2025-12-08,9:35:07.454435271,T,91.61,200,91.86,100,TGT
2025-12-08,9:35:07.454455367,T,91.61,200,91.88,200,TGT
2025-12-08,9:35:07.454460343,T,91.7,100,91.88,200,TGT
2025-12-08,9:35:07.454475326,T,91.71,100,91.88,200,TGT
2025-12-08,9:35:07.454700906,T,91.71,200,91.88,200,TGT
2025-12-08,9:35:07.454881352,T,91.71,100,91.88,200,TGT
2025-12-08,9:35:07.454941459,T,91.71,200,91.88,200,TGT
2025-12-08,9:35:07.457627885,T,91.71,200,91.94,100,TGT
2025-12-08,9:35:07.468198061,T,91.71,200,91.97,300,TGT
2025-12-08,9:35:07.480402084,T,91.71,200,91.96,200,TGT
2025-12-08,9:35:07.480437213,T,91.71,200,91.96,300,TGT
2025-12-08,9:35:07.554759217,T,91.71,100,91.96,300,TGT
2025-12-08,9:35:07.555175210,T,91.71,200,91.96,300,TGT
2025-12-08,9:35:08.725668836,T,91.71,100,91.96,300,TGT
2025-12-08,9:35:08.725899429,T,91.67,100,91.96,300,TGT
2025-12-08,9:35:09.908948038,T,91.68,100,91.96,300,TGT
2025-12-08,9:35:14.208721697,T,91.68,100,91.95,200,TGT
2025-12-08,9:35:14.208756721,T,91.68,100,91.95,300,TGT
2025-12-08,9:35:15.045981292,T,91.68,100,91.95,100,TGT
2025-12-08,9:35:15.046011422,T,91.68,100,91.96,300,TGT
2025-12-08,9:35:15.046026444,T,91.68,100,91.96,100,TGT
2025-12-08,9:35:15.046051497,T,91.68,100,91.97,300,TGT
2025-12-08,9:35:19.695814020,T,91.7,300,91.97,300,TGT
2025-12-08,9:35:22.745274025,T,91.7,300,91.82,100,TGT
2025-12-08,9:35:22.780117020,T,91.71,100,91.82,100,TGT
2025-12-08,9:35:23.099818761,T,91.71,100,91.97,300,TGT
2025-12-08,9:35:25.364123201,T,91.71,100,91.93,100,TGT
2025-12-08,9:35:25.366378567,T,91.71,100,91.86,100,TGT
2025-12-08,9:35:25.373415426,T,91.71,100,91.93,100,TGT
2025-12-08,9:35:25.374127125,T,91.71,100,91.94,100,TGT
2025-12-08,9:35:25.535030422,T,91.71,100,91.97,300,TGT
2025-12-08,9:35:27.620448722,T,91.71,100,91.86,100,TGT
2025-12-08,9:35:28.480708240,T,91.7,300,91.86,100,TGT
2025-12-08,9:35:28.480728269,T,91.7,300,91.8,100,TGT
2025-12-08,9:35:28.480733255,T,91.7,300,91.75,100,TGT
2025-12-08,9:35:28.480863526,T,91.57,200,91.75,100,TGT
2025-12-08,9:35:28.480883605,T,91.57,200,91.71,100,TGT
2025-12-08,9:35:28.481540248,T,91.55,200,91.71,100,TGT
2025-12-08,9:35:28.481840862,T,91.55,100,91.71,100,TGT
2025-12-08,9:35:28.481931071,T,91.55,100,91.75,100,TGT
2025-12-08,9:35:28.481956201,T,91.55,200,91.75,100,TGT
2025-12-08,9:35:28.482041321,T,91.57,200,91.75,100,TGT
2025-12-08,9:35:28.484722809,T,91.59,100,91.75,100,TGT
2025-12-08,9:35:28.581393108,T,91.59,100,91.79,100,TGT
2025-12-08,9:35:30.146872635,T,91.59,100,91.68,100,TGT
2025-12-08,9:35:32.534270497,T,91.59,100,91.68,600,TGT
2025-12-08,9:35:34.984773492,T,91.59,100,91.68,500,TGT
2025-12-08,9:35:37.723844166,T,91.59,100,91.79,100,TGT
2025-12-08,9:35:37.725262514,T,91.59,100,91.66,500,TGT
2025-12-08,9:35:38.016766992,T,91.52,200,91.66,500,TGT
2025-12-08,9:35:38.016786980,T,91.52,100,91.66,500,TGT
2025-12-08,9:35:38.016807195,T,91.52,100,91.62,100,TGT
2025-12-08,9:35:38.016857208,T,91.52,100,91.6,100,TGT
2025-12-08,9:35:38.017789376,T,91.5,100,91.6,100,TGT
2025-12-08,9:35:38.025577949,T,91.5,100,91.66,500,TGT
2025-12-08,9:35:42.786490166,T,91.56,100,91.66,500,TGT
2025-12-08,9:35:45.106196541,T,91.5,100,91.66,500,TGT
2025-12-08,9:35:45.106211640,T,91.5,100,91.59,100,TGT
2025-12-08,9:35:45.229099369,T,91.5,100,91.79,100,TGT
2025-12-08,9:35:45.229099369,T,91.5,100,91.8,100,TGT
2025-12-08,9:35:45.229104435,T,91.5,100,91.6,500,TGT
2025-12-08,9:35:45.229139422,T,91.5,100,91.59,500,TGT
2025-12-08,9:35:46.181864291,T,91.44,100,91.59,500,TGT
2025-12-08,9:35:46.181874301,T,91.44,100,91.55,100,TGT
2025-12-08,9:35:46.181889338,T,91.44,100,91.55,200,TGT
2025-12-08,9:35:46.181919380,T,91.44,100,91.54,100,TGT
2025-12-08,9:35:46.181944456,T,91.44,100,91.55,300,TGT
2025-12-08,9:35:46.182034710,T,91.44,100,91.55,200,TGT
2025-12-08,9:35:46.192925644,T,91.44,100,91.52,100,TGT
2025-12-08,9:35:46.197040425,T,91.44,200,91.52,100,TGT
2025-12-08,9:35:46.203661381,T,91.44,200,91.55,200,TGT
2025-12-08,9:35:46.267563438,T,91.5,100,91.55,200,TGT
2025-12-08,9:35:46.267568411,T,91.44,200,91.55,200,TGT
2025-12-08,9:35:46.267588517,T,91.45,100,91.55,200,TGT
2025-12-08,9:35:46.267603495,T,91.45,100,91.51,100,TGT
2025-12-08,9:35:46.267623576,T,91.44,200,91.51,100,TGT
2025-12-08,9:35:46.268104732,T,91.49,200,91.51,100,TGT
2025-12-08,9:35:46.268124757,T,91.45,100,91.51,100,TGT
2025-12-08,9:35:46.268129786,T,91.44,200,91.51,100,TGT
2025-12-08,9:35:46.268400421,T,91.5,100,91.51,100,TGT
2025-12-08,9:35:46.268420498,T,91.44,200,91.51,100,TGT
2025-12-08,9:35:46.268420498,T,91.45,100,91.51,100,TGT
2025-12-08,9:35:46.268420498,T,91.46,100,91.51,100,TGT
2025-12-08,9:35:46.268425530,T,91.46,100,91.55,200,TGT
2025-12-08,9:35:46.268450702,T,91.47,100,91.55,200,TGT
2025-12-08,9:35:46.268450702,T,91.48,100,91.55,200,TGT
2025-12-08,9:35:46.269001895,T,91.47,100,91.55,200,TGT
2025-12-08,9:35:46.269513211,T,91.46,100,91.55,200,TGT
2025-12-08,9:35:46.269513211,T,91.45,100,91.55,200,TGT
2025-12-08,9:35:46.269763829,T,91.45,100,91.52,100,TGT
2025-12-08,9:35:46.270319991,T,91.45,100,91.55,200,TGT
2025-12-08,9:35:46.281932672,T,91.44,300,91.55,200,TGT
2025-12-08,9:35:46.281947662,T,91.44,200,91.55,200,TGT
2025-12-08,9:35:46.382211543,T,91.44,200,91.55,100,TGT
2025-12-08,9:35:47.009460946,T,91.44,200,91.52,500,TGT
2025-12-08,9:35:49.157448354,T,91.44,100,91.52,500,TGT
2025-12-08,9:35:49.157448354,T,91.37,100,91.52,500,TGT
2025-12-08,9:35:49.157468513,T,91.31,100,91.52,500,TGT
2025-12-08,9:35:49.157473368,T,91.3,500,91.52,500,TGT
2025-12-08,9:35:49.157493336,T,91.3,500,91.48,100,TGT
2025-12-08,9:35:49.157703891,T,91.3,500,91.48,200,TGT
2025-12-08,9:35:49.157794053,T,91.3,500,91.48,100,TGT
2025-12-08,9:35:49.158586013,T,91.3,500,91.52,600,TGT
2025-12-08,9:35:49.168123731,T,91.3,500,91.52,500,TGT
2025-12-08,9:35:53.299982381,T,91.3,500,91.52,600,TGT
2025-12-08,9:35:56.147165346,T,91.3,500,91.52,500,TGT
2025-12-08,9:35:56.147566384,T,91.3,500,91.55,200,TGT
2025-12-08,9:35:56.147586421,T,91.35,100,91.55,200,TGT
2025-12-08,9:35:56.147597064,T,91.4,100,91.55,200,TGT
2025-12-08,9:35:56.147606408,T,91.44,100,91.55,200,TGT
2025-12-08,9:35:56.147621524,T,91.43,100,91.55,200,TGT
2025-12-08,9:35:56.147656508,T,91.44,100,91.55,200,TGT
2025-12-08,9:35:56.147826958,T,91.44,100,91.55,100,TGT
2025-12-08,9:35:56.159925759,T,91.4,100,91.55,100,TGT
2025-12-08,9:35:56.247604713,T,91.35,100,91.55,100,TGT
2025-12-08,9:35:56.347733225,T,91.3,500,91.55,100,TGT
2025-12-08,9:35:56.382275524,T,91.45,100,91.55,100,TGT
2025-12-08,9:36:02.455128503,T,91.45,100,91.52,100,TGT
2025-12-08,9:36:10.916466761,T,91.45,100,91.55,100,TGT
2025-12-08,9:36:10.916491770,T,91.46,100,91.55,100,TGT
2025-12-08,9:36:10.917569346,T,91.45,100,91.55,100,TGT
2025-12-08,9:36:11.592878242,T,91.45,200,91.55,100,TGT
2025-12-08,9:36:11.592878242,T,91.45,200,91.67,400,TGT
2025-12-08,9:36:11.592883300,T,91.46,100,91.67,400,TGT
2025-12-08,9:36:11.592903364,T,91.46,200,91.67,400,TGT
2025-12-08,9:36:11.593209045,T,91.5,100,91.67,400,TGT
2025-12-08,9:36:11.593559929,T,91.5,100,91.67,300,TGT
2025-12-08,9:36:11.593765378,T,91.46,300,91.67,300,TGT
2025-12-08,9:36:11.597704756,T,91.46,200,91.67,300,TGT
2025-12-08,9:36:11.603568764,T,91.46,100,91.67,300,TGT
2025-12-08,9:36:11.621426280,T,91.46,100,91.67,400,TGT
2025-12-08,9:36:11.621516448,T,91.46,100,91.67,300,TGT
2025-12-08,9:36:11.621541890,T,91.46,200,91.67,300,TGT
2025-12-08,9:36:11.621541890,T,91.47,100,91.67,300,TGT
2025-12-08,9:36:11.621546544,T,91.5,100,91.67,300,TGT
2025-12-08,9:36:11.621561566,T,91.47,100,91.67,300,TGT
2025-12-08,9:36:11.628578307,T,91.46,200,91.67,300,TGT
2025-12-08,9:36:11.693352614,T,91.46,100,91.67,300,TGT
2025-12-08,9:36:12.343546818,T,91.46,100,91.67,400,TGT
2025-12-08,9:36:12.893346555,T,91.49,100,91.67,400,TGT
2025-12-08,9:36:14.181360045,T,91.49,100,91.67,300,TGT
2025-12-08,9:36:14.181380107,T,91.53,100,91.67,300,TGT
2025-12-08,9:36:14.183119233,T,91.49,100,91.67,300,TGT
2025-12-08,9:36:14.202134595,T,91.51,100,91.67,300,TGT
2025-12-08,9:36:14.217350752,T,91.49,100,91.67,300,TGT
2025-12-08,9:36:16.002643938,T,91.33,100,91.67,300,TGT
2025-12-08,9:36:16.002664319,T,91.33,100,91.67,400,TGT
2025-12-08,9:36:16.002664319,T,91.33,100,91.56,100,TGT
2025-12-08,9:36:16.002679051,T,91.33,100,91.55,100,TGT
2025-12-08,9:36:16.002699145,T,91.33,100,91.55,200,TGT
2025-12-08,9:36:16.002974704,T,91.3,500,91.55,200,TGT
2025-12-08,9:36:16.003009868,T,91.33,100,91.55,200,TGT
2025-12-08,9:36:16.007315140,T,91.46,100,91.55,200,TGT
2025-12-08,9:36:16.012362158,T,91.46,100,91.55,100,TGT
2025-12-08,9:36:16.203131587,T,91.46,100,91.56,100,TGT
2025-12-08,9:36:16.940202665,T,91.33,100,91.56,100,TGT
2025-12-08,9:36:16.940222812,T,91.33,100,91.56,200,TGT
2025-12-08,9:36:16.940222812,T,91.33,100,91.5,100,TGT
2025-12-08,9:36:16.940703973,T,91.33,100,91.5,200,TGT
2025-12-08,9:36:16.940738900,T,91.33,100,91.5,300,TGT
2025-12-08,9:36:16.940758966,T,91.3,500,91.5,300,TGT
2025-12-08,9:36:16.957132932,T,91.3,500,91.5,200,TGT
2025-12-08,9:36:17.042210636,T,91.3,500,91.5,100,TGT
2025-12-08,9:36:17.832272884,T,91.3,500,91.55,100,TGT
2025-12-08,9:36:19.185130949,T,91.3,500,91.55,500,TGT
2025-12-08,9:36:20.068906539,T,91.3,500,91.55,600,TGT
2025-12-08,9:36:20.068911594,T,91.3,500,91.5,100,TGT
2025-12-08,9:36:20.068911594,T,91.3,500,91.49,100,TGT
2025-12-08,9:36:20.075913268,T,91.42,100,91.49,100,TGT
2025-12-08,9:36:20.156841027,T,91.37,100,91.49,100,TGT
2025-12-08,9:36:20.156866131,T,91.3,500,91.49,100,TGT
2025-12-08,9:36:20.156876094,T,91.3,500,91.47,100,TGT
2025-12-08,9:36:20.156886170,T,91.3,500,91.46,100,TGT
2025-12-08,9:36:20.157277500,T,91.3,500,91.44,100,TGT
2025-12-08,9:36:20.165326279,T,91.3,300,91.44,100,TGT
2025-12-08,9:36:20.457652759,T,91.3,200,91.44,100,TGT
2025-12-08,9:36:20.457692801,T,91.3,200,91.43,100,TGT
2025-12-08,9:36:20.464729606,T,91.3,200,91.44,100,TGT
2025-12-08,9:36:20.665958997,T,91.3,200,91.47,100,TGT
2025-12-08,9:36:20.886434239,T,91.3,200,91.47,500,TGT
2025-12-08,9:36:20.963783505,T,91.3,200,91.47,600,TGT
2025-12-08,9:36:20.964074302,T,91.3,200,91.43,100,TGT
2025-12-08,9:36:21.157269560,T,91.3,300,91.43,100,TGT
2025-12-08,9:36:21.157299616,T,91.3,300,91.47,500,TGT
2025-12-08,9:36:22.783213136,T,91.3,300,91.47,600,TGT
2025-12-08,9:36:23.500477087,T,91.3,300,91.44,100,TGT
2025-12-08,9:36:23.500477087,T,91.3,300,91.42,100,TGT
2025-12-08,9:36:23.500487103,T,91.3,300,91.42,200,TGT
2025-12-08,9:36:23.500517236,T,91.3,300,91.39,100,TGT
2025-12-08,9:36:23.500928203,T,91.3,300,91.42,200,TGT
2025-12-08,9:36:23.501228936,T,91.3,300,91.39,100,TGT
2025-12-08,9:36:23.501674912,T,91.3,300,91.42,200,TGT
2025-12-08,9:36:23.507518922,T,91.3,300,91.42,100,TGT
2025-12-08,9:36:23.618237651,T,91.3,300,91.47,500,TGT
2025-12-08,9:36:23.618408028,T,91.3,300,91.47,100,TGT
2025-12-08,9:36:23.619981760,T,91.3,300,91.43,400,TGT
2025-12-08,9:36:23.620016920,T,91.3,300,91.42,400,TGT
2025-12-08,9:36:23.697040372,T,91.3,200,91.42,400,TGT
2025-12-08,9:36:25.782729027,T,91.3,200,91.41,100,TGT
2025-12-08,9:36:25.782739000,T,91.3,200,91.4,100,TGT
2025-12-08,9:36:25.782759042,T,91.3,200,91.36,100,TGT
2025-12-08,9:36:25.783320333,T,91.3,200,91.4,100,TGT
2025-12-08,9:36:25.904173293,T,91.3,200,91.4,500,TGT
2025-12-08,9:36:27.604749818,T,91.3,200,91.4,100,TGT
2025-12-08,9:36:27.606173230,T,91.3,200,91.39,400,TGT
2025-12-08,9:36:29.212485373,T,91.23,300,91.39,400,TGT
2025-12-08,9:36:29.212510464,T,91.23,200,91.39,400,TGT
2025-12-08,9:36:29.212525406,T,91.23,200,91.37,100,TGT
2025-12-08,9:36:29.212540497,T,91.23,200,91.37,200,TGT
2025-12-08,9:36:29.212555468,T,91.23,200,91.34,100,TGT
2025-12-08,9:36:29.213061797,T,91.23,200,91.37,200,TGT
2025-12-08,9:36:29.214229634,T,91.13,100,91.37,200,TGT
2025-12-08,9:36:29.214234539,T,91.13,300,91.37,200,TGT
2025-12-08,9:36:29.312568804,T,91.13,300,91.37,100,TGT
2025-12-08,9:36:29.467933980,T,91.13,300,91.37,500,TGT
2025-12-08,9:36:29.652318176,T,91.13,300,91.37,400,TGT
2025-12-08,9:36:29.734819754,T,91.25,100,91.37,400,TGT
2025-12-08,9:36:33.076024385,T,91.25,100,91.35,100,TGT
2025-12-08,9:36:33.076640844,T,91.25,100,91.37,400,TGT
2025-12-08,9:36:33.079637969,T,91.25,100,91.35,100,TGT
2025-12-08,9:36:33.103404578,T,91.25,100,91.35,500,TGT
2025-12-08,9:36:33.280712105,T,91.25,100,91.35,700,TGT
2025-12-08,9:36:34.166542684,T,91.25,100,91.32,100,TGT
2025-12-08,9:36:34.166993653,T,91.25,100,91.35,700,TGT
2025-12-08,9:36:34.167384581,T,91.25,100,91.32,100,TGT
2025-12-08,9:36:34.168061188,T,91.25,100,91.35,700,TGT
2025-12-08,9:36:34.168487255,T,91.25,100,91.32,100,TGT
2025-12-08,9:36:34.731473501,T,91.25,100,91.35,700,TGT
2025-12-08,9:36:34.731618829,T,91.25,100,91.35,300,TGT
2025-12-08,9:36:34.733132434,T,91.25,100,91.32,400,TGT
2025-12-08,9:36:37.965834132,T,91.25,100,91.35,200,TGT
2025-12-08,9:36:37.967332664,T,91.25,100,91.3,400,TGT
2025-12-08,9:36:41.922665740,T,91.25,100,91.3,100,TGT
2025-12-08,9:36:41.922685820,T,91.25,100,91.32,100,TGT
2025-12-08,9:36:41.922695828,T,91.25,100,91.4,100,TGT
2025-12-08,9:36:41.922715916,T,91.27,100,91.4,100,TGT
2025-12-08,9:36:41.923272211,T,91.26,100,91.4,100,TGT
2025-12-08,9:36:41.923472695,T,91.27,100,91.4,100,TGT
2025-12-08,9:36:41.923627981,T,91.26,100,91.4,100,TGT
2025-12-08,9:36:41.923633077,T,91.25,200,91.4,100,TGT
2025-12-08,9:36:41.923773419,T,91.25,100,91.4,100,TGT
2025-12-08,9:36:42.041127897,T,91.29,100,91.4,100,TGT
2025-12-08,9:36:42.041909763,T,91.29,100,91.4,200,TGT
2025-12-08,9:36:42.048204982,T,91.25,100,91.4,200,TGT
2025-12-08,9:36:42.556034618,T,91.25,200,91.4,200,TGT
2025-12-08,9:36:42.556049953,T,91.26,100,91.4,200,TGT
2025-12-08,9:36:42.556049953,T,91.27,100,91.4,200,TGT
2025-12-08,9:36:42.556069704,T,91.27,100,91.4,100,TGT
2025-12-08,9:36:42.556079757,T,91.27,100,91.45,200,TGT
2025-12-08,9:36:42.556089787,T,91.25,100,91.45,200,TGT
2025-12-08,9:36:42.556350414,T,91.26,100,91.45,200,TGT
2025-12-08,9:36:42.556355496,T,91.27,100,91.45,200,TGT
2025-12-08,9:36:42.556360415,T,91.25,200,91.45,200,TGT
2025-12-08,9:36:42.556360415,T,91.26,100,91.45,200,TGT
2025-12-08,9:36:42.556365482,T,91.3,100,91.45,200,TGT
2025-12-08,9:36:42.556535853,T,91.29,100,91.45,200,TGT
2025-12-08,9:36:42.566389376,T,91.25,200,91.45,200,TGT
2025-12-08,9:36:43.074194148,T,91.25,200,91.45,100,TGT
2025-12-08,9:36:43.074214517,T,91.29,100,91.45,100,TGT
2025-12-08,9:36:43.074219210,T,91.36,100,91.45,100,TGT
2025-12-08,9:36:43.084363308,T,91.31,100,91.45,100,TGT
2025-12-08,9:36:43.084363308,T,91.3,100,91.45,100,TGT
2025-12-08,9:36:44.646224392,T,91.32,100,91.45,100,TGT
2025-12-08,9:36:47.012211133,T,91.32,100,91.44,100,TGT
2025-12-08,9:36:49.038884463,T,91.32,200,91.44,100,TGT
2025-12-08,9:36:49.039385567,T,91.33,100,91.44,100,TGT
2025-12-08,9:36:49.598272022,T,91.3,100,91.44,100,TGT
2025-12-08,9:36:49.599284388,T,91.3,200,91.44,100,TGT
2025-12-08,9:36:49.625987952,T,91.3,200,91.44,500,TGT
2025-12-08,9:36:49.626133340,T,91.3,100,91.44,500,TGT
2025-12-08,9:36:49.627501570,T,91.3,200,91.44,500,TGT
2025-12-08,9:36:49.627516609,T,91.3,300,91.44,500,TGT
2025-12-08,9:36:49.627531725,T,91.33,100,91.44,500,TGT
2025-12-08,9:36:49.702755883,T,91.33,200,91.44,500,TGT
2025-12-08,9:36:49.702765896,T,91.33,300,91.44,500,TGT
2025-12-08,9:36:49.702826009,T,91.33,400,91.44,500,TGT
2025-12-08,9:36:49.713215815,T,91.33,300,91.44,500,TGT
2025-12-08,9:36:49.714078115,T,91.33,200,91.44,500,TGT
2025-12-08,9:36:49.714082896,T,91.33,100,91.44,500,TGT
2025-12-08,9:36:50.305341664,T,91.3,100,91.44,500,TGT
2025-12-08,9:36:50.306348927,T,91.3,200,91.44,500,TGT
2025-12-08,9:36:50.306358919,T,91.3,300,91.44,500,TGT
2025-12-08,9:36:50.405029045,T,91.3,300,91.44,400,TGT
2025-12-08,9:36:50.405049066,T,91.31,100,91.44,400,TGT
2025-12-08,9:36:50.405054087,T,91.39,100,91.44,400,TGT
2025-12-08,9:36:50.405485079,T,91.39,100,91.44,300,TGT
2025-12-08,9:36:50.405515576,T,91.39,100,91.51,200,TGT
2025-12-08,9:36:50.405540274,T,91.43,100,91.51,200,TGT
2025-12-08,9:36:50.405590359,T,91.42,100,91.51,200,TGT
2025-12-08,9:36:50.405615468,T,91.42,100,91.5,100,TGT
2025-12-08,9:36:50.405615468,T,91.42,100,91.47,100,TGT
2025-12-08,9:36:50.405615468,T,91.41,100,91.47,100,TGT
2025-12-08,9:36:50.405640840,T,91.41,100,91.47,200,TGT
2025-12-08,9:36:50.405670577,T,91.41,100,91.46,100,TGT
2025-12-08,9:36:50.405670577,T,91.41,100,91.46,200,TGT
2025-12-08,9:36:50.405680608,T,91.41,100,91.42,100,TGT
2025-12-08,9:36:50.405695629,T,91.41,100,91.46,200,TGT
2025-12-08,9:36:50.405700607,T,91.34,100,91.46,200,TGT
2025-12-08,9:36:50.405710625,T,91.34,100,91.42,100,TGT
2025-12-08,9:36:50.405715711,T,91.34,100,91.42,200,TGT
2025-12-08,9:36:50.405720633,T,91.34,100,91.42,100,TGT
2025-12-08,9:36:50.405740773,T,91.34,100,91.41,100,TGT
2025-12-08,9:36:50.405770890,T,91.34,100,91.41,200,TGT
2025-12-08,9:36:50.405800917,T,91.34,100,91.4,100,TGT
2025-12-08,9:36:50.405805832,T,91.34,100,91.4,200,TGT
2025-12-08,9:36:50.405825981,T,91.31,100,91.4,200,TGT
2025-12-08,9:36:50.405846281,T,91.31,100,91.39,100,TGT
2025-12-08,9:36:50.405846281,T,91.31,100,91.39,200,TGT
2025-12-08,9:36:50.405856010,T,91.3,100,91.39,200,TGT
2025-12-08,9:36:50.405876020,T,91.3,100,91.39,100,TGT
2025-12-08,9:36:50.405901157,T,91.31,100,91.39,100,TGT
2025-12-08,9:36:50.406061517,T,91.31,100,91.41,100,TGT
2025-12-08,9:36:50.406066503,T,91.31,100,91.46,200,TGT
2025-12-08,9:36:50.406086503,T,91.38,100,91.46,200,TGT
2025-12-08,9:36:50.406086503,T,91.38,100,91.46,100,TGT
2025-12-08,9:36:50.406116644,T,91.38,100,91.46,200,TGT
2025-12-08,9:36:50.406728188,T,91.38,100,91.46,100,TGT
2025-12-08,9:36:50.407199165,T,91.38,100,91.44,400,TGT
2025-12-08,9:36:50.407489850,T,91.38,100,91.46,400,TGT
2025-12-08,9:36:50.407555042,T,91.38,100,91.44,400,TGT
2025-12-08,9:36:51.174452294,T,91.38,200,91.44,400,TGT
2025-12-08,9:36:51.857419511,T,91.38,200,91.44,300,TGT
2025-12-08,9:36:51.857419511,T,91.38,200,91.44,200,TGT
2025-12-08,9:36:51.857439431,T,91.38,200,91.55,100,TGT
2025-12-08,9:36:51.857464466,T,91.41,100,91.55,100,TGT
2025-12-08,9:36:51.857464466,T,91.43,100,91.55,100,TGT
2025-12-08,9:36:51.857690048,T,91.43,100,91.55,200,TGT
2025-12-08,9:36:51.857715032,T,91.43,100,91.55,100,TGT
2025-12-08,9:36:51.857715032,T,91.43,100,91.55,200,TGT
2025-12-08,9:36:51.858532016,T,91.41,100,91.55,200,TGT
2025-12-08,9:36:51.958535267,T,91.38,100,91.55,200,TGT
2025-12-08,9:36:51.973064887,T,91.38,100,91.54,100,TGT
2025-12-08,9:36:52.579790105,T,91.38,200,91.54,100,TGT
2025-12-08,9:36:53.118117570,T,91.38,200,91.55,100,TGT
2025-12-08,9:36:53.118127682,T,91.38,100,91.55,100,TGT
2025-12-08,9:36:53.186866424,T,91.39,100,91.55,100,TGT
2025-12-08,9:36:53.187643291,T,91.38,100,91.55,100,TGT
2025-12-08,9:36:53.194404319,T,91.39,100,91.55,100,TGT
2025-12-08,9:36:53.305448968,T,91.33,100,91.55,100,TGT
2025-12-08,9:36:53.307117896,T,91.33,200,91.55,100,TGT
2025-12-08,9:36:54.857902557,T,91.33,100,91.55,100,TGT
2025-12-08,9:36:55.053458520,T,91.4,100,91.55,100,TGT
2025-12-08,9:36:56.827665320,T,91.4,100,91.54,100,TGT
2025-12-08,9:36:58.307897043,T,91.4,100,91.54,200,TGT
2025-12-08,9:36:58.307927096,T,91.4,100,91.53,100,TGT
2025-12-08,9:36:58.307957128,T,91.4,100,91.52,100,TGT
2025-12-08,9:36:59.193546853,T,91.4,100,91.53,100,TGT
2025-12-08,9:37:01.311021350,T,91.4,100,91.52,100,TGT
2025-12-08,9:37:01.311051607,T,91.4,100,91.53,100,TGT
2025-12-08,9:37:01.311051607,T,91.4,100,91.52,100,TGT
2025-12-08,9:37:01.311051607,T,91.4,100,91.51,100,TGT
2025-12-08,9:37:02.099093825,T,91.4,100,91.5,100,TGT
2025-12-08,9:37:02.099093825,T,91.4,100,91.5,200,TGT
2025-12-08,9:37:02.099855569,T,91.4,100,91.5,100,TGT
2025-12-08,9:37:02.166704841,T,91.4,100,91.51,100,TGT
2025-12-08,9:37:02.166709925,T,91.4,100,91.53,100,TGT
2025-12-08,9:37:02.166719897,T,91.4,100,91.54,100,TGT
2025-12-08,9:37:17.454882322,T,91.4,100,91.53,100,TGT
2025-12-08,9:37:17.454907310,T,91.4,100,91.52,100,TGT
2025-12-08,9:37:19.450095996,T,91.4,100,91.51,100,TGT
2025-12-08,9:37:20.256742725,T,91.4,100,91.5,100,TGT
2025-12-08,9:37:20.337304706,T,91.4,100,91.51,100,TGT
2025-12-08,9:37:20.337304706,T,91.4,100,91.5,100,TGT
2025-12-08,9:37:20.337309772,T,91.4,100,91.48,100,TGT
2025-12-08,9:37:20.338111643,T,91.4,100,91.5,100,TGT
2025-12-08,9:37:20.746509531,T,91.4,200,91.5,100,TGT
2025-12-08,9:37:20.746534650,T,91.4,100,91.5,100,TGT
2025-12-08,9:37:20.746544705,T,91.4,100,91.48,100,TGT
2025-12-08,9:37:20.746554657,T,91.4,100,91.47,100,TGT
2025-12-08,9:37:20.746564690,T,91.4,100,91.47,200,TGT
2025-12-08,9:37:20.746584852,T,91.4,100,91.47,100,TGT
2025-12-08,9:37:20.746589778,T,91.4,100,91.47,200,TGT
2025-12-08,9:37:20.746589778,T,91.4,100,91.46,100,TGT
2025-12-08,9:37:20.746594809,T,91.4,100,91.47,100,TGT
2025-12-08,9:37:20.747371620,T,91.4,100,91.47,200,TGT
2025-12-08,9:37:22.736249721,T,91.4,100,91.46,100,TGT
2025-12-08,9:37:23.324721797,T,91.4,100,91.47,200,TGT
2025-12-08,9:37:24.105366513,T,91.4,100,91.47,100,TGT
2025-12-08,9:37:24.105386526,T,91.4,200,91.47,100,TGT
2025-12-08,9:37:24.105406758,T,91.4,300,91.47,100,TGT
2025-12-08,9:37:24.105406758,T,91.41,100,91.47,100,TGT
2025-12-08,9:37:24.105421657,T,91.41,200,91.47,100,TGT
2025-12-08,9:37:24.105752427,T,91.41,100,91.47,100,TGT
2025-12-08,9:37:24.106649538,T,91.41,100,91.55,100,TGT
2025-12-08,9:37:24.106674609,T,91.41,200,91.55,100,TGT
2025-12-08,9:37:24.106689654,T,91.42,100,91.55,100,TGT
2025-12-08,9:37:24.106700058,T,91.43,100,91.55,100,TGT
2025-12-08,9:37:24.107045560,T,91.42,100,91.55,100,TGT
2025-12-08,9:37:24.107396404,T,91.41,100,91.55,100,TGT
2025-12-08,9:37:24.133824378,T,91.4,300,91.55,100,TGT
2025-12-08,9:37:24.133829367,T,91.41,100,91.55,100,TGT
2025-12-08,9:37:24.133844386,T,91.4,200,91.55,100,TGT
2025-12-08,9:37:25.402973007,T,91.4,200,91.52,100,TGT
2025-12-08,9:37:25.987846376,T,91.4,100,91.52,100,TGT
2025-12-08,9:37:27.159853649,T,91.45,100,91.52,100,TGT
2025-12-08,9:37:30.133673288,T,91.45,100,91.55,100,TGT
2025-12-08,9:37:32.084465779,T,91.45,100,91.52,100,TGT
2025-12-08,9:37:32.502406474,T,91.45,100,91.55,100,TGT
2025-12-08,9:37:32.502426503,T,91.45,200,91.55,100,TGT
2025-12-08,9:37:32.502426503,T,91.45,200,91.65,300,TGT
2025-12-08,9:37:32.502431547,T,91.49,100,91.65,300,TGT
2025-12-08,9:37:32.502446561,T,91.49,100,91.65,200,TGT
2025-12-08,9:37:32.509518451,T,91.46,200,91.65,200,TGT
2025-12-08,9:37:32.512680978,T,91.46,100,91.65,200,TGT
2025-12-08,9:37:32.515232352,T,91.46,200,91.65,200,TGT
2025-12-08,9:37:32.515232352,T,91.47,100,91.65,200,TGT
2025-12-08,9:37:32.515237063,T,91.47,200,91.65,200,TGT
2025-12-08,9:37:32.515237063,T,91.5,100,91.65,200,TGT
2025-12-08,9:37:32.515262160,T,91.47,300,91.65,200,TGT
2025-12-08,9:37:32.515277400,T,91.5,100,91.65,200,TGT
2025-12-08,9:37:32.515597935,T,91.47,300,91.65,200,TGT
2025-12-08,9:37:32.515878909,T,91.5,100,91.65,200,TGT
2025-12-08,9:37:32.515878909,T,91.51,100,91.65,200,TGT
2025-12-08,9:37:32.516941148,T,91.47,100,91.65,200,TGT
2025-12-08,9:37:32.527701792,T,91.46,200,91.65,200,TGT
2025-12-08,9:37:32.527746897,T,91.49,100,91.65,200,TGT
2025-12-08,9:37:34.189957404,T,91.46,100,91.65,200,TGT
2025-12-08,9:37:34.189957404,T,91.45,100,91.65,200,TGT
2025-12-08,9:37:34.189962239,T,91.45,100,91.58,100,TGT
2025-12-08,9:37:34.189981994,T,91.37,100,91.58,100,TGT
2025-12-08,9:37:34.190002039,T,91.37,100,91.57,100,TGT
2025-12-08,9:37:34.190037123,T,91.37,100,91.55,100,TGT
2025-12-08,9:37:34.193871219,T,91.46,100,91.55,100,TGT
2025-12-08,9:37:34.222985609,T,91.46,100,91.55,600,TGT
2025-12-08,9:37:34.223015695,T,91.46,100,91.55,500,TGT
2025-12-08,9:37:38.941567264,T,91.46,100,91.58,100,TGT
2025-12-08,9:37:38.942990475,T,91.46,100,91.54,500,TGT
2025-12-08,9:37:41.816917442,T,91.46,100,91.49,100,TGT
2025-12-08,9:37:41.817002685,T,91.46,100,91.49,200,TGT
2025-12-08,9:37:41.817448768,T,91.46,200,91.49,200,TGT
2025-12-08,9:37:41.818130370,T,91.46,200,91.49,100,TGT
2025-12-08,9:37:41.940647239,T,91.46,200,91.49,600,TGT
2025-12-08,9:37:45.184866125,T,91.46,200,91.49,100,TGT
2025-12-08,9:37:45.186289540,T,91.46,200,91.48,500,TGT
2025-12-08,9:37:45.698970959,T,91.46,100,91.48,500,TGT
2025-12-08,9:37:45.698970959,T,91.32,100,91.48,500,TGT
2025-12-08,9:37:45.699016014,T,91.32,100,91.47,100,TGT
2025-12-08,9:37:45.699271656,T,91.31,100,91.47,100,TGT
2025-12-08,9:37:45.699291677,T,91.31,100,91.47,200,TGT
2025-12-08,9:37:45.699657531,T,91.31,100,91.46,100,TGT
2025-12-08,9:37:45.699657531,T,91.33,300,91.46,100,TGT
2025-12-08,9:37:45.700003386,T,91.33,400,91.46,100,TGT
2025-12-08,9:37:45.700048541,T,91.33,500,91.46,100,TGT
2025-12-08,9:37:45.700534662,T,91.33,500,91.48,500,TGT
2025-12-08,9:37:45.700639967,T,91.33,600,91.48,500,TGT
2025-12-08,9:37:45.710678863,T,91.33,500,91.48,500,TGT
2025-12-08,9:37:45.729969760,T,91.33,500,91.48,600,TGT
2025-12-08,9:37:45.729974825,T,91.33,500,91.41,100,TGT
2025-12-08,9:37:45.730014897,T,91.33,600,91.41,100,TGT
2025-12-08,9:37:45.730050044,T,91.33,600,91.48,600,TGT
2025-12-08,9:37:45.730210367,T,91.33,600,91.48,500,TGT
2025-12-08,9:37:45.735683347,T,91.33,300,91.48,500,TGT
2025-12-08,9:37:45.735683347,T,91.33,200,91.48,500,TGT
2025-12-08,9:37:45.735688420,T,91.33,100,91.48,500,TGT
2025-12-08,9:37:45.735688420,T,91.32,100,91.48,500,TGT
2025-12-08,9:37:45.735698498,T,91.29,100,91.48,500,TGT
2025-12-08,9:37:45.735703461,T,91.29,100,91.48,600,TGT
2025-12-08,9:37:45.735708472,T,91.29,100,91.41,100,TGT
2025-12-08,9:37:45.735723518,T,91.29,100,91.37,100,TGT
2025-12-08,9:37:45.735733744,T,91.27,100,91.37,100,TGT
2025-12-08,9:37:45.735738634,T,91.27,100,91.37,200,TGT
2025-12-08,9:37:45.735743524,T,91.27,100,91.37,100,TGT
2025-12-08,9:37:45.735944044,T,91.31,100,91.37,100,TGT
2025-12-08,9:37:45.735969148,T,91.29,100,91.37,100,TGT
2025-12-08,9:37:45.736710879,T,91.25,400,91.37,100,TGT
2025-12-08,9:37:45.736710879,T,91.25,300,91.37,100,TGT
2025-12-08,9:37:45.736740961,T,91.25,300,91.36,100,TGT
2025-12-08,9:37:45.737071665,T,91.25,300,91.36,200,TGT
2025-12-08,9:37:45.737076748,T,91.25,300,91.33,100,TGT
2025-12-08,9:37:45.737097432,T,91.25,300,91.36,200,TGT
2025-12-08,9:37:45.737302235,T,91.25,300,91.33,100,TGT
2025-12-08,9:37:45.737573073,T,91.25,300,91.31,100,TGT
2025-12-08,9:37:45.739287048,T,91.25,300,91.34,100,TGT
2025-12-08,9:37:45.740570100,T,91.25,400,91.34,100,TGT
2025-12-08,9:37:45.747536620,T,91.25,400,91.36,100,TGT
2025-12-08,9:37:45.748413778,T,91.25,400,91.37,100,TGT
2025-12-08,9:37:45.835796861,T,91.25,400,91.4,100,TGT
2025-12-08,9:37:45.884818719,T,91.25,400,91.41,100,TGT
2025-12-08,9:37:45.884858784,T,91.25,600,91.41,100,TGT
2025-12-08,9:37:45.935825273,T,91.25,600,91.44,100,TGT
2025-12-08,9:37:46.610046592,T,91.25,600,91.44,600,TGT
2025-12-08,9:37:46.610627976,T,91.25,600,91.44,1100,TGT
2025-12-08,9:37:46.611805780,T,91.25,400,91.44,1100,TGT
2025-12-08,9:37:52.005169832,T,91.25,400,91.44,600,TGT
2025-12-08,9:37:52.006122113,T,91.25,400,91.44,100,TGT
2025-12-08,9:37:52.007214642,T,91.25,400,91.43,500,TGT
2025-12-08,9:37:52.008302274,T,91.25,400,91.43,1000,TGT
2025-12-08,9:37:52.027342658,T,91.25,400,91.41,100,TGT
2025-12-08,9:37:52.028400168,T,91.25,300,91.41,100,TGT
2025-12-08,9:37:52.588920574,T,91.25,300,91.43,1100,TGT
2025-12-08,9:37:55.333629569,T,91.25,400,91.43,1100,TGT
2025-12-08,9:37:56.040207912,T,91.25,300,91.43,1100,TGT
2025-12-08,9:37:56.064129811,T,91.25,300,91.43,600,TGT
2025-12-08,9:37:56.065613338,T,91.25,300,91.42,500,TGT
2025-12-08,9:37:56.067688311,T,91.25,300,91.42,1000,TGT
2025-12-08,9:37:58.472502437,T,91.25,300,91.36,100,TGT
2025-12-08,9:37:58.520446701,T,91.25,300,91.36,600,TGT
2025-12-08,9:37:58.520632106,T,91.25,300,91.36,500,TGT
2025-12-08,9:37:58.521363849,T,91.25,300,91.35,100,TGT
2025-12-08,9:38:00.222842367,T,91.25,300,91.35,600,TGT
2025-12-08,9:38:00.224832164,T,91.25,300,91.35,1100,TGT
2025-12-08,9:38:01.554941262,T,91.25,300,91.35,600,TGT
2025-12-08,9:38:01.555948631,T,91.25,300,91.35,100,TGT
2025-12-08,9:38:01.556890867,T,91.25,300,91.34,500,TGT
2025-12-08,9:38:01.557632695,T,91.25,300,91.34,1000,TGT
2025-12-08,9:38:05.263892444,T,91.25,300,91.34,500,TGT
2025-12-08,9:38:05.264558902,T,91.25,300,91.35,100,TGT
2025-12-08,9:38:05.265746666,T,91.25,300,91.33,500,TGT
2025-12-08,9:38:05.266418311,T,91.25,300,91.33,1000,TGT
2025-12-08,9:38:07.667739315,T,91.2,100,91.33,1000,TGT
2025-12-08,9:38:07.667749335,T,91.2,100,91.33,1100,TGT
2025-12-08,9:38:07.667754380,T,91.2,100,91.32,100,TGT
2025-12-08,9:38:07.667759503,T,91.19,100,91.32,100,TGT
2025-12-08,9:38:07.667759503,T,91.15,300,91.32,100,TGT
2025-12-08,9:38:07.667764518,T,91.15,300,91.31,100,TGT
2025-12-08,9:38:07.667769312,T,91.15,300,91.31,200,TGT
2025-12-08,9:38:07.667784416,T,91.15,300,91.3,100,TGT
2025-12-08,9:38:07.667794388,T,91.15,300,91.28,100,TGT
2025-12-08,9:38:07.668581266,T,91.15,100,91.28,100,TGT
2025-12-08,9:38:07.668606407,T,91.13,100,91.28,100,TGT
2025-12-08,9:38:07.674801116,T,91.13,100,91.3,200,TGT
2025-12-08,9:38:07.767832699,T,91.13,100,91.3,100,TGT
2025-12-08,9:38:07.787624947,T,91.13,100,91.3,600,TGT
2025-12-08,9:38:07.788517072,T,91.13,100,91.3,1100,TGT
2025-12-08,9:38:07.836446198,T,91.13,100,91.3,1000,TGT
2025-12-08,9:38:09.252955872,T,91.13,100,91.3,1100,TGT
2025-12-08,9:38:09.253797882,T,91.2,100,91.3,1100,TGT
2025-12-08,9:38:09.253812995,T,91.21,100,91.3,1100,TGT
2025-12-08,9:38:09.253818201,T,91.24,100,91.3,1100,TGT
2025-12-08,9:38:09.258293586,T,91.21,200,91.3,1100,TGT
2025-12-08,9:38:09.260874742,T,91.21,100,91.3,1100,TGT
2025-12-08,9:38:09.353991664,T,91.19,100,91.3,1100,TGT
2025-12-08,9:38:09.399008851,T,91.19,100,91.29,100,TGT
2025-12-08,9:38:09.443514910,T,91.19,100,91.29,600,TGT
2025-12-08,9:38:09.444497242,T,91.19,100,91.29,1100,TGT
2025-12-08,9:38:09.453824477,T,91.13,100,91.29,1100,TGT
2025-12-08,9:38:09.681617127,T,91.22,100,91.29,1100,TGT
2025-12-08,9:38:11.422745116,T,91.22,100,91.29,1000,TGT
2025-12-08,9:38:11.442582361,T,91.22,100,91.29,500,TGT
2025-12-08,9:38:11.444045810,T,91.22,100,91.27,500,TGT
2025-12-08,9:38:11.446160860,T,91.22,100,91.27,1000,TGT
2025-12-08,9:38:11.527394467,T,91.22,100,91.27,500,TGT
2025-12-08,9:38:11.527399442,T,91.22,100,91.27,300,TGT
2025-12-08,9:38:11.527399442,T,91.22,100,91.3,100,TGT
2025-12-08,9:38:11.527414583,T,91.24,100,91.3,100,TGT
2025-12-08,9:38:11.527419442,T,91.26,100,91.3,100,TGT
2025-12-08,9:38:11.528522074,T,91.25,100,91.3,100,TGT
2025-12-08,9:38:11.531353813,T,91.23,100,91.3,100,TGT
2025-12-08,9:38:11.531378816,T,91.23,100,91.28,100,TGT
2025-12-08,9:38:11.531408923,T,91.23,100,91.28,200,TGT
2025-12-08,9:38:11.531423972,T,91.23,100,91.28,100,TGT
2025-12-08,9:38:11.531935213,T,91.23,100,91.29,300,TGT
2025-12-08,9:38:11.532411330,T,91.23,100,91.29,200,TGT
2025-12-08,9:38:11.727801768,T,91.22,100,91.29,200,TGT
2025-12-08,9:38:11.731615904,T,91.22,100,91.29,100,TGT
2025-12-08,9:38:11.916666763,T,91.19,100,91.29,100,TGT
2025-12-08,9:38:13.279062578,T,91.24,100,91.29,100,TGT
2025-12-08,9:38:13.279112773,T,91.24,100,91.3,100,TGT
2025-12-08,9:38:13.926530238,T,91.23,100,91.3,100,TGT
2025-12-08,9:38:13.926530238,T,91.23,100,91.29,100,TGT
2025-12-08,9:38:13.926575186,T,91.23,100,91.3,100,TGT
2025-12-08,9:38:13.926580251,T,91.23,100,91.29,100,TGT
2025-12-08,9:38:13.926590303,T,91.23,100,91.3,100,TGT
2025-12-08,9:38:13.926605582,T,91.23,100,91.3,200,TGT
2025-12-08,9:38:13.926615298,T,91.23,100,91.3,100,TGT
2025-12-08,9:38:14.079895508,T,91.23,100,91.35,300,TGT
2025-12-08,9:38:14.079920556,T,91.23,100,91.35,200,TGT
2025-12-08,9:38:14.852466090,T,91.19,100,91.35,200,TGT
2025-12-08,9:38:14.852521165,T,91.13,100,91.35,200,TGT
2025-12-08,9:38:14.852541331,T,91.13,100,91.26,100,TGT
2025-12-08,9:38:14.852551325,T,91.13,100,91.26,200,TGT
2025-12-08,9:38:14.852581331,T,91.13,100,91.26,100,TGT
2025-12-08,9:38:15.969457178,T,91.23,100,91.26,100,TGT
2025-12-08,9:38:16.553919705,T,91.13,100,91.26,100,TGT
2025-12-08,9:38:16.554245538,T,91.13,100,91.24,100,TGT
2025-12-08,9:38:16.555207768,T,91.13,100,91.26,100,TGT
2025-12-08,9:38:16.555222858,T,91.13,100,91.27,100,TGT
2025-12-08,9:38:16.555588648,T,91.13,100,91.35,200,TGT
2025-12-08,9:38:16.555964528,T,91.13,100,91.23,100,TGT
2025-12-08,9:38:16.556475807,T,91.13,100,91.27,100,TGT
2025-12-08,9:38:16.556661181,T,91.13,100,91.35,200,TGT
2025-12-08,9:38:16.559989180,T,91.13,100,91.27,100,TGT
2025-12-08,9:38:16.560014186,T,91.13,100,91.35,200,TGT
2025-12-08,9:38:16.560019186,T,91.19,100,91.35,200,TGT
2025-12-08,9:38:16.560831124,T,91.19,100,91.26,100,TGT
2025-12-08,9:38:16.560856200,T,91.19,100,91.35,200,TGT
2025-12-08,9:38:16.567767711,T,91.13,100,91.35,200,TGT
2025-12-08,9:38:17.647469932,T,91.13,100,91.27,100,TGT
2025-12-08,9:38:17.647495273,T,91.13,100,91.35,200,TGT
2025-12-08,9:38:17.647495273,T,91.13,100,91.26,100,TGT
2025-12-08,9:38:18.033504593,T,91.21,100,91.26,100,TGT
2025-12-08,9:38:18.133863589,T,91.21,100,91.25,100,TGT
2025-12-08,9:38:18.138479610,T,91.21,100,91.25,200,TGT
2025-12-08,9:38:24.245624321,T,91.21,100,91.25,100,TGT
2025-12-08,9:38:24.251844086,T,91.21,100,91.25,200,TGT
2025-12-08,9:38:26.421808817,T,91.13,100,91.25,200,TGT
2025-12-08,9:38:26.421833867,T,91.13,100,91.23,100,TGT
2025-12-08,9:38:26.421833867,T,91.13,100,91.23,200,TGT
2025-12-08,9:38:26.422385126,T,91.13,100,91.23,100,TGT
2025-12-08,9:38:26.422535486,T,91.13,100,91.21,100,TGT
2025-12-08,9:38:26.422660754,T,91.13,100,91.23,100,TGT
2025-12-08,9:38:26.422911410,T,91.13,100,91.24,100,TGT
2025-12-08,9:38:26.422941464,T,91.13,100,91.25,100,TGT
2025-12-08,9:38:26.422966574,T,91.13,100,91.24,100,TGT
2025-12-08,9:38:26.428579913,T,91.21,100,91.24,100,TGT
2025-12-08,9:38:26.428599962,T,91.21,100,91.25,100,TGT
2025-12-08,9:38:26.428624987,T,91.21,100,91.25,200,TGT
2025-12-08,9:38:27.094346092,T,91.13,100,91.25,200,TGT
2025-12-08,9:38:27.094366116,T,91.13,100,91.23,100,TGT
2025-12-08,9:38:27.094366116,T,91.13,100,91.23,200,TGT
2025-12-08,9:38:27.094371181,T,91.13,100,91.23,300,TGT
2025-12-08,9:38:27.094406274,T,91.13,100,91.23,200,TGT
2025-12-08,9:38:27.094922470,T,91.13,100,91.23,100,TGT
2025-12-08,9:38:27.287776871,T,91.13,100,91.25,100,TGT
2025-12-08,9:38:27.287852161,T,91.13,100,91.23,100,TGT
2025-12-08,9:38:27.292322766,T,91.13,100,91.25,100,TGT
2025-12-08,9:38:27.300928308,T,91.13,100,91.23,100,TGT
2025-12-08,9:38:27.821613687,T,91.13,100,91.21,200,TGT
2025-12-08,9:38:27.947739235,T,91.11,1100,91.21,200,TGT
2025-12-08,9:38:27.947759216,T,91.11,1100,91.2,100,TGT
2025-12-08,9:38:27.947794291,T,91.11,1100,91.2,200,TGT
2025-12-08,9:38:27.948876957,T,91.11,1100,91.2,100,TGT
2025-12-08,9:38:27.958910764,T,91.11,1100,91.21,200,TGT
2025-12-08,9:38:28.128695255,T,91.11,1100,91.2,100,TGT
2025-12-08,9:38:28.128695255,T,91.11,1100,91.21,200,TGT
2025-12-08,9:38:28.144728493,T,91.11,1100,91.19,100,TGT
2025-12-08,9:38:28.144728493,T,91.11,1100,91.21,200,TGT
2025-12-08,9:38:28.220724553,T,91.11,1100,91.2,500,TGT
2025-12-08,9:38:28.412165729,T,91.11,1100,91.17,100,TGT
2025-12-08,9:38:28.412165729,T,91.11,1100,91.16,100,TGT
2025-12-08,9:38:28.412170811,T,91.11,1100,91.16,200,TGT
2025-12-08,9:38:28.412170811,T,91.11,1100,91.15,100,TGT
2025-12-08,9:38:28.580822421,T,91.11,1100,91.16,200,TGT
2025-12-08,9:38:28.580842448,T,91.11,1100,91.16,100,TGT
2025-12-08,9:38:29.287490965,T,91.11,1100,91.15,100,TGT
2025-12-08,9:38:29.287526046,T,91.11,1100,91.2,500,TGT
2025-12-08,9:38:29.287997264,T,91.11,1100,91.17,100,TGT
2025-12-08,9:38:29.288749048,T,91.11,1100,91.2,500,TGT
2025-12-08,9:38:29.289530921,T,91.11,1100,91.17,100,TGT
2025-12-08,9:38:29.290282632,T,91.11,1100,91.2,500,TGT
2025-12-08,9:38:29.291084619,T,91.11,1100,91.17,100,TGT
2025-12-08,9:38:29.291856413,T,91.11,1100,91.2,500,TGT
2025-12-08,9:38:29.292628282,T,91.11,1100,91.17,100,TGT
2025-12-08,9:38:29.293385092,T,91.11,1100,91.2,500,TGT
2025-12-08,9:38:29.294176911,T,91.11,1100,91.17,100,TGT
2025-12-08,9:38:29.294928739,T,91.11,1100,91.2,500,TGT
2025-12-08,9:38:29.295495036,T,91.11,1100,91.17,100,TGT
2025-12-08,9:38:29.296251843,T,91.11,1100,91.2,500,TGT
2025-12-08,9:38:29.296818272,T,91.11,1100,91.17,100,TGT
2025-12-08,9:38:29.297128986,T,91.11,1100,91.2,500,TGT
2025-12-08,9:38:29.354821416,T,91.11,1100,91.17,100,TGT
2025-12-08,9:38:29.354846437,T,91.11,1100,91.2,500,TGT
2025-12-08,9:38:29.354846437,T,91.11,1100,91.17,100,TGT
2025-12-08,9:38:29.754192889,T,91.12,200,91.17,100,TGT
2025-12-08,9:38:30.114441143,T,91.12,200,91.17,600,TGT
2025-12-08,9:38:31.686706888,T,91.11,1100,91.17,600,TGT
2025-12-08,9:38:31.686731958,T,91.11,1100,91.16,100,TGT
2025-12-08,9:38:31.686747010,T,91.11,1100,91.15,100,TGT
2025-12-08,9:38:31.686752045,T,91.11,1100,91.15,200,TGT
2025-12-08,9:38:31.696996371,T,91.11,1100,91.15,100,TGT
2025-12-08,9:38:31.887695691,T,91.11,1100,91.16,500,TGT
2025-12-08,9:38:31.888492594,T,91.11,1100,91.15,100,TGT
2025-12-08,9:38:32.655224229,T,91.11,1100,91.16,500,TGT
2025-12-08,9:38:32.719682837,T,91.11,1100,91.16,600,TGT
2025-12-08,9:38:33.117640889,T,91.11,1100,91.12,100,TGT
2025-12-08,9:38:33.136686239,T,91.0,600,91.12,100,TGT
2025-12-08,9:38:33.136706264,T,91.0,600,91.11,100,TGT
2025-12-08,9:38:33.137969327,T,91.0,600,91.14,100,TGT
2025-12-08,9:38:33.151075504,T,91.0,600,91.16,500,TGT
2025-12-08,9:38:33.151080598,T,91.0,600,91.14,100,TGT
2025-12-08,9:38:33.151090545,T,91.0,600,91.1,100,TGT
2025-12-08,9:38:33.151110676,T,91.05,100,91.1,100,TGT
2025-12-08,9:38:33.151516576,T,91.0,600,91.1,100,TGT
2025-12-08,9:38:33.151892447,T,91.05,100,91.1,100,TGT
2025-12-08,9:38:33.152293411,T,91.0,600,91.1,100,TGT
2025-12-08,9:38:33.152308457,T,91.0,600,91.11,100,TGT
2025-12-08,9:38:33.152719469,T,91.05,100,91.11,100,TGT
2025-12-08,9:38:33.153586571,T,91.0,600,91.11,100,TGT
2025-12-08,9:38:33.154994981,T,91.05,100,91.11,100,TGT
2025-12-08,9:38:33.155460992,T,91.0,600,91.11,100,TGT
2025-12-08,9:38:33.155756650,T,91.05,100,91.11,100,TGT
2025-12-08,9:38:33.156082482,T,91.0,600,91.11,100,TGT
2025-12-08,9:38:33.156297991,T,91.05,100,91.11,100,TGT
2025-12-08,9:38:33.156854322,T,91.0,600,91.11,100,TGT
2025-12-08,9:38:33.157074855,T,91.05,100,91.11,100,TGT
2025-12-08,9:38:33.157556023,T,91.0,600,91.11,100,TGT
2025-12-08,9:38:33.157836673,T,91.05,100,91.11,100,TGT
2025-12-08,9:38:33.158307744,T,91.0,600,91.11,100,TGT
2025-12-08,9:38:33.241871898,T,91.05,100,91.11,100,TGT
2025-12-08,9:38:33.243560845,T,91.05,100,91.11,600,TGT
2025-12-08,9:38:33.434981878,T,91.0,600,91.11,600,TGT
2025-12-08,9:38:35.523768363,T,91.0,600,91.11,500,TGT
2025-12-08,9:38:35.523793114,T,91.06,100,91.11,500,TGT
2025-12-08,9:38:35.523808176,T,91.06,200,91.11,500,TGT
2025-12-08,9:38:35.523828216,T,91.06,100,91.11,500,TGT
2025-12-08,9:38:35.523843319,T,91.07,100,91.11,500,TGT
2025-12-08,9:38:35.523878706,T,91.07,100,91.35,500,TGT
2025-12-08,9:38:35.523878706,T,91.07,100,91.35,400,TGT
2025-12-08,9:38:35.523898349,T,91.09,100,91.35,400,TGT
2025-12-08,9:38:35.523898349,T,91.1,100,91.35,400,TGT
2025-12-08,9:38:35.524950961,T,91.09,100,91.35,400,TGT
2025-12-08,9:38:35.528965421,T,91.07,100,91.35,400,TGT
2025-12-08,9:38:35.579871715,T,91.07,100,91.19,100,TGT
2025-12-08,9:38:36.025262815,T,91.09,100,91.19,100,TGT
2025-12-08,9:38:39.514064711,T,91.09,100,91.16,100,TGT
2025-12-08,9:38:41.179211632,T,91.09,100,91.3,200,TGT
2025-12-08,9:38:41.179286807,T,91.09,100,91.16,100,TGT
2025-12-08,9:38:41.294265797,T,91.09,100,91.15,100,TGT
2025-12-08,9:38:43.935122223,T,91.09,100,91.3,300,TGT
2025-12-08,9:38:46.378969617,T,91.09,100,91.17,100,TGT
2025-12-08,9:38:56.050165127,T,91.0,600,91.17,100,TGT
2025-12-08,9:38:56.050190228,T,91.0,600,91.17,200,TGT
2025-12-08,9:38:56.050195274,T,91.0,600,91.14,100,TGT
2025-12-08,9:38:56.050195274,T,91.0,600,91.14,200,TGT
2025-12-08,9:38:56.050200217,T,91.0,600,91.12,100,TGT
2025-12-08,9:38:56.050220268,T,91.0,600,91.14,300,TGT
2025-12-08,9:38:56.057241990,T,91.0,600,91.14,200,TGT
2025-12-08,9:38:56.149617088,T,91.0,500,91.14,200,TGT
2025-12-08,9:38:56.150253563,T,91.0,500,91.14,100,TGT
2025-12-08,9:38:57.686393564,T,91.07,100,91.14,100,TGT
2025-12-08,9:38:57.687456048,T,91.0,600,91.14,100,TGT
2025-12-08,9:38:57.687461086,T,91.0,500,91.14,100,TGT
2025-12-08,9:38:57.687481066,T,91.0,500,91.1,100,TGT
2025-12-08,9:38:57.687481066,T,91.0,500,91.09,100,TGT
2025-12-08,9:38:57.688037452,T,91.0,500,91.1,100,TGT
2025-12-08,9:38:57.691034627,T,91.0,500,91.1,200,TGT
2025-12-08,9:38:57.691044852,T,91.0,500,91.09,100,TGT
2025-12-08,9:38:57.691044852,T,91.0,500,91.08,100,TGT
2025-12-08,9:38:57.691831519,T,91.0,500,91.08,200,TGT
2025-12-08,9:38:57.701093496,T,91.0,500,91.08,100,TGT
2025-12-08,9:38:57.723090891,T,91.0,500,91.09,100,TGT
2025-12-08,9:38:58.397256946,T,91.0,500,91.14,100,TGT
2025-12-08,9:38:59.568482563,T,91.02,100,91.14,100,TGT
2025-12-08,9:39:00.721674543,T,91.02,100,91.14,200,TGT
2025-12-08,9:39:00.797294599,T,91.0,500,91.14,200,TGT
2025-12-08,9:39:00.797319745,T,91.0,500,91.05,100,TGT
2025-12-08,9:39:00.797324944,T,91.0,500,91.04,100,TGT
2025-12-08,9:39:00.797870974,T,91.0,500,91.05,100,TGT
2025-12-08,9:39:00.798357166,T,91.0,500,91.09,100,TGT
2025-12-08,9:39:00.798417291,T,91.0,500,91.05,100,TGT
2025-12-08,9:39:00.798948579,T,91.0,500,91.09,100,TGT
2025-12-08,9:39:00.888186141,T,91.0,500,91.07,100,TGT
2025-12-08,9:39:02.414076433,T,91.0,600,91.07,100,TGT
2025-12-08,9:39:02.414111778,T,91.01,100,91.07,100,TGT
2025-12-08,9:39:02.414126483,T,91.0,600,91.07,100,TGT
2025-12-08,9:39:02.414241779,T,91.0,500,91.07,100,TGT
2025-12-08,9:39:03.623562709,T,91.0,200,91.07,100,TGT
2025-12-08,9:39:03.623958814,T,91.0,200,91.05,100,TGT
2025-12-08,9:39:03.624023901,T,91.0,100,91.05,100,TGT
2025-12-08,9:39:03.624028857,T,91.0,100,91.02,100,TGT
2025-12-08,9:39:03.624064024,T,91.0,100,91.05,100,TGT
2025-12-08,9:39:03.624094056,T,91.0,200,91.05,100,TGT
2025-12-08,9:39:03.624114044,T,91.0,200,91.03,100,TGT
2025-12-08,9:39:03.624129265,T,91.0,200,91.01,100,TGT
2025-12-08,9:39:03.624134049,T,91.0,200,91.02,100,TGT
2025-12-08,9:39:03.624154096,T,91.0,200,91.03,100,TGT
2025-12-08,9:39:03.624409816,T,91.0,300,91.03,100,TGT
2025-12-08,9:39:03.624515069,T,91.01,100,91.03,100,TGT
2025-12-08,9:39:03.624565163,T,91.01,200,91.03,100,TGT
2025-12-08,9:39:03.624915977,T,91.01,200,91.04,100,TGT
2025-12-08,9:39:03.627406868,T,91.01,300,91.04,100,TGT
2025-12-08,9:39:03.634969869,T,91.01,300,91.07,100,TGT
2025-12-08,9:39:03.651178474,T,91.01,300,91.04,500,TGT
2025-12-08,9:39:04.034321363,T,91.01,300,91.04,600,TGT
2025-12-08,9:39:05.884779924,T,91.01,300,91.03,500,TGT
2025-12-08,9:39:07.436832618,T,91.01,200,91.03,500,TGT
2025-12-08,9:39:07.436832618,T,91.01,100,91.03,500,TGT
2025-12-08,9:39:07.436832618,T,91.0,100,91.03,500,TGT
2025-12-08,9:39:07.436852660,T,91.0,100,91.02,100,TGT
2025-12-08,9:39:07.436857821,T,91.0,100,91.02,200,TGT
2025-12-08,9:39:07.437855012,T,91.0,100,91.02,100,TGT
2025-12-08,9:39:07.437885274,T,91.0,100,91.03,500,TGT
2025-12-08,9:39:07.561038500,T,91.0,100,91.04,100,TGT
2025-12-08,9:39:07.562627276,T,91.0,100,91.02,500,TGT
2025-12-08,9:39:07.723926578,T,91.0,100,91.01,100,TGT
2025-12-08,9:39:07.724262430,T,90.91,100,91.01,100,TGT
2025-12-08,9:39:07.724277470,T,90.89,100,91.01,100,TGT
2025-12-08,9:39:07.724312514,T,90.89,100,91.01,200,TGT
2025-12-08,9:39:07.724452793,T,90.89,100,91.0,100,TGT
2025-12-08,9:39:07.724538059,T,90.88,300,91.0,100,TGT
2025-12-08,9:39:07.725174516,T,90.88,300,90.99,100,TGT
2025-12-08,9:39:07.725695807,T,90.88,100,90.99,100,TGT
2025-12-08,9:39:07.725725909,T,90.84,100,90.99,100,TGT
2025-12-08,9:39:07.726663153,T,90.84,100,91.0,200,TGT
2025-12-08,9:39:07.726973803,T,90.84,100,91.0,100,TGT
2025-12-08,9:39:07.741313015,T,90.95,100,91.0,100,TGT
2025-12-08,9:39:09.342061638,T,90.95,100,91.0,600,TGT
2025-12-08,9:39:09.367983365,T,90.91,100,91.0,600,TGT
2025-12-08,9:39:10.347632366,T,90.97,100,91.0,600,TGT
2025-12-08,9:39:18.213968003,T,90.97,100,91.0,100,TGT
2025-12-08,9:39:18.215436458,T,90.97,100,91.0,600,TGT
2025-12-08,9:39:20.553055626,T,90.97,100,91.0,500,TGT
2025-12-08,9:39:20.553055626,T,90.97,100,91.14,100,TGT
2025-12-08,9:39:20.553075716,T,90.97,200,91.14,100,TGT
2025-12-08,9:39:20.553080676,T,90.98,100,91.14,100,TGT
2025-12-08,9:39:20.553080676,T,90.99,100,91.14,100,TGT
2025-12-08,9:39:20.554168295,T,90.98,100,91.14,100,TGT
2025-12-08,9:39:20.653615185,T,90.97,100,91.14,100,TGT
2025-12-08,9:39:20.753428028,T,90.91,100,91.14,100,TGT
2025-12-08,9:39:22.022155511,T,90.91,100,91.09,100,TGT
2025-12-08,9:39:22.022165747,T,90.91,100,91.08,100,TGT
2025-12-08,9:39:22.022165747,T,90.91,100,91.04,100,TGT
2025-12-08,9:39:22.022195606,T,90.91,100,91.07,100,TGT
2025-12-08,9:39:22.023167931,T,90.91,100,91.08,200,TGT
2025-12-08,9:39:22.032179350,T,90.91,100,91.08,100,TGT
2025-12-08,9:39:22.041386345,T,90.98,300,91.08,100,TGT
2025-12-08,9:39:22.124238757,T,90.98,300,91.09,100,TGT
2025-12-08,9:39:22.222212062,T,90.98,300,91.14,200,TGT
2025-12-08,9:39:22.722318631,T,90.98,300,91.14,100,TGT
2025-12-08,9:39:22.812348313,T,90.98,100,91.14,100,TGT
2025-12-08,9:39:22.812353095,T,90.91,100,91.14,100,TGT
2025-12-08,9:39:22.812378183,T,90.91,100,91.09,100,TGT
2025-12-08,9:39:22.812388165,T,90.91,100,91.07,100,TGT
2025-12-08,9:39:22.812398304,T,90.91,100,91.04,100,TGT
2025-12-08,9:39:22.812683960,T,90.91,100,91.03,100,TGT
2025-12-08,9:39:22.817159568,T,90.91,100,91.04,100,TGT
2025-12-08,9:39:22.817174603,T,90.91,100,91.06,100,TGT
2025-12-08,9:39:22.817410207,T,90.91,100,91.08,200,TGT
2025-12-08,9:39:22.822502262,T,90.91,100,91.08,100,TGT
2025-12-08,9:39:22.822522486,T,90.91,100,91.09,100,TGT
2025-12-08,9:39:22.822527365,T,90.91,100,91.14,100,TGT
2025-12-08,9:39:22.838941614,T,90.91,100,91.0,100,TGT
2025-12-08,9:39:23.022599091,T,90.91,100,91.14,100,TGT
2025-12-08,9:39:24.148827157,T,90.91,100,91.0,100,TGT
2025-12-08,9:39:24.539928912,T,90.98,100,91.0,100,TGT
2025-12-08,9:39:29.961434962,T,90.84,100,91.0,100,TGT
2025-12-08,9:39:29.961455000,T,90.84,100,90.99,100,TGT
2025-12-08,9:39:29.961459943,T,90.84,100,90.99,200,TGT
2025-12-08,9:39:29.961810819,T,90.84,100,90.98,100,TGT
2025-12-08,9:39:29.962888384,T,90.84,100,90.99,100,TGT
2025-12-08,9:39:29.962938463,T,90.84,100,91.11,200,TGT
2025-12-08,9:39:29.963138987,T,90.84,100,90.99,100,TGT
2025-12-08,9:39:29.964351830,T,90.81,300,90.99,100,TGT
2025-12-08,9:39:30.312260743,T,90.81,200,90.99,100,TGT
2025-12-08,9:39:30.961863427,T,90.81,300,90.99,100,TGT
2025-12-08,9:39:32.830014173,T,90.81,300,90.98,100,TGT
2025-12-08,9:39:32.905995214,T,90.81,200,90.98,100,TGT
2025-12-08,9:39:33.971448417,T,90.81,200,90.98,300,TGT
2025-12-08,9:39:34.093809951,T,90.81,200,90.98,100,TGT
2025-12-08,9:39:44.770360687,T,90.81,200,90.98,200,TGT
2025-12-08,9:39:44.770365743,T,90.81,200,90.96,100,TGT
2025-12-08,9:39:44.770370827,T,90.81,200,90.96,200,TGT
2025-12-08,9:39:44.770380869,T,90.81,200,90.96,300,TGT
2025-12-08,9:39:44.770395802,T,90.81,200,90.96,200,TGT
2025-12-08,9:39:44.770425893,T,90.81,200,90.96,300,TGT
2025-12-08,9:39:44.770611354,T,90.89,100,90.96,300,TGT
2025-12-08,9:39:44.770886989,T,90.89,100,90.96,200,TGT
2025-12-08,9:39:44.771593708,T,90.89,100,90.96,300,TGT
2025-12-08,9:39:44.771723986,T,90.89,100,90.96,400,TGT
2025-12-08,9:39:44.777422547,T,90.89,100,90.96,300,TGT
2025-12-08,9:39:44.870820087,T,90.89,100,90.96,200,TGT
2025-12-08,9:39:45.132353107,T,90.9,100,90.96,200,TGT
2025-12-08,9:39:45.132398234,T,90.9,200,90.96,200,TGT
2025-12-08,9:39:48.508987804,T,90.9,200,90.94,100,TGT
2025-12-08,9:39:51.784726620,T,90.9,100,90.94,100,TGT
2025-12-08,9:39:51.784731612,T,90.76,100,90.94,100,TGT
2025-12-08,9:39:51.784766682,T,90.76,100,90.94,200,TGT
2025-12-08,9:39:51.784771796,T,90.76,100,90.93,100,TGT
2025-12-08,9:39:51.784776772,T,90.76,100,90.93,200,TGT
2025-12-08,9:39:51.784791825,T,90.76,100,90.93,300,TGT
2025-12-08,9:39:51.784796808,T,90.76,100,90.93,200,TGT
2025-12-08,9:39:51.784827007,T,90.76,100,90.93,300,TGT
2025-12-08,9:39:51.784952184,T,90.76,100,90.93,200,TGT
2025-12-08,9:39:51.788610860,T,90.9,100,90.93,200,TGT
2025-12-08,9:39:51.788661267,T,90.9,100,90.93,100,TGT
2025-12-08,9:39:51.789091985,T,90.9,100,90.94,200,TGT
2025-12-08,9:39:51.795191567,T,90.9,100,90.94,100,TGT
2025-12-08,9:39:51.804388492,T,90.9,100,90.93,100,TGT
2025-12-08,9:39:51.889576445,T,90.9,100,90.92,100,TGT
2025-12-08,9:39:52.028016198,T,90.76,100,90.92,100,TGT
2025-12-08,9:39:52.028036438,T,90.76,100,90.91,100,TGT
2025-12-08,9:39:52.028036438,T,90.76,100,90.91,200,TGT
2025-12-08,9:39:52.028066333,T,90.76,100,90.91,100,TGT
2025-12-08,9:39:52.028086409,T,90.76,100,90.92,100,TGT
2025-12-08,9:39:52.028096406,T,90.89,100,90.92,100,TGT
2025-12-08,9:39:52.028387161,T,90.82,100,90.92,100,TGT
2025-12-08,9:39:52.028417127,T,90.9,100,90.92,100,TGT
2025-12-08,9:39:52.028547541,T,90.9,200,90.92,100,TGT
2025-12-08,9:39:52.051637527,T,90.9,200,90.94,100,TGT
2025-12-08,9:39:53.679711197,T,90.9,200,90.96,100,TGT
2025-12-08,9:39:54.814740429,T,90.9,200,90.93,500,TGT
2025-12-08,9:39:54.890170236,T,90.9,200,90.92,400,TGT
2025-12-08,9:39:54.890225258,T,90.9,200,90.93,500,TGT
2025-12-08,9:39:54.890245221,T,90.91,100,90.93,500,TGT
2025-12-08,9:39:54.890265346,T,90.91,100,90.96,100,TGT
2025-12-08,9:39:54.890300331,T,90.91,200,90.96,100,TGT
2025-12-08,9:39:54.890330478,T,90.91,200,90.98,100,TGT
2025-12-08,9:39:54.890355475,T,90.91,200,90.99,200,TGT
2025-12-08,9:39:54.890591103,T,90.91,300,90.99,200,TGT
2025-12-08,9:39:54.890801590,T,90.91,200,90.99,200,TGT
2025-12-08,9:39:54.890981990,T,90.91,200,90.99,100,TGT
2025-12-08,9:39:54.891367932,T,90.91,200,90.94,100,TGT
2025-12-08,9:39:54.894655732,T,90.91,100,90.94,100,TGT
2025-12-08,9:39:54.894655732,T,90.92,100,90.94,100,TGT
2025-12-08,9:39:54.894705931,T,90.92,200,90.94,100,TGT
2025-12-08,9:39:55.487217361,T,90.93,100,90.94,100,TGT
2025-12-08,9:39:55.487272483,T,90.93,200,90.94,100,TGT
2025-12-08,9:39:56.619740487,T,90.93,200,90.99,200,TGT
2025-12-08,9:39:56.619740487,T,90.93,200,90.99,100,TGT
2025-12-08,9:39:56.619770586,T,90.93,300,90.99,100,TGT
2025-12-08,9:39:56.621123777,T,90.93,200,90.99,100,TGT
2025-12-08,9:40:00.470660237,T,90.93,200,91.08,200,TGT
2025-12-08,9:40:00.470664903,T,90.93,300,91.08,200,TGT
2025-12-08,9:40:00.470664903,T,90.94,100,91.08,200,TGT
2025-12-08,9:40:00.470674943,T,90.94,200,91.08,200,TGT
2025-12-08,9:40:00.470715109,T,90.95,100,91.08,200,TGT
2025-12-08,9:40:00.471476849,T,90.95,200,91.08,200,TGT
2025-12-08,9:40:00.471481923,T,90.96,100,91.08,200,TGT
2025-12-08,9:40:00.471481923,T,90.96,200,91.08,200,TGT
2025-12-08,9:40:00.471517020,T,90.98,100,91.08,200,TGT
2025-12-08,9:40:00.471587180,T,90.98,200,91.08,200,TGT
2025-12-08,9:40:00.471807715,T,90.98,200,91.11,200,TGT
2025-12-08,9:40:00.472073299,T,90.98,100,91.11,200,TGT
2025-12-08,9:40:00.473942708,T,90.98,100,91.07,100,TGT
2025-12-08,9:40:00.611380158,T,90.98,100,91.11,100,TGT
2025-12-08,9:40:02.350338238,T,90.99,200,91.11,100,TGT
2025-12-08,9:40:02.350393375,T,90.99,300,91.11,100,TGT
2025-12-08,9:40:03.012871601,T,91.0,100,91.11,100,TGT
2025-12-08,9:40:03.012921621,T,91.0,200,91.11,100,TGT
2025-12-08,9:40:03.088486726,T,91.0,200,91.14,100,TGT
2025-12-08,9:40:03.191832824,T,91.0,100,91.14,100,TGT
2025-12-08,9:40:04.916622015,T,91.0,100,91.09,100,TGT
2025-12-08,9:40:05.239366069,T,91.0,100,91.14,100,TGT
2025-12-08,9:40:05.458402885,T,91.01,100,91.14,100,TGT
2025-12-08,9:40:05.458452975,T,91.01,200,91.14,100,TGT
2025-12-08,9:40:05.918564161,T,91.01,200,91.09,100,TGT
2025-12-08,9:40:07.108128003,T,91.01,200,91.08,100,TGT
2025-12-08,9:40:07.289174269,T,91.01,200,91.09,100,TGT
2025-12-08,9:40:07.367099960,T,91.01,200,91.08,100,TGT
2025-12-08,9:40:15.803759552,T,91.01,200,91.09,100,TGT
2025-12-08,9:40:16.579613149,T,91.01,100,91.09,100,TGT
2025-12-08,9:40:16.579643112,T,91.05,100,91.09,100,TGT
2025-12-08,9:40:16.579643112,T,91.01,100,91.09,100,TGT
2025-12-08,9:40:16.579693074,T,91.01,100,91.07,100,TGT
2025-12-08,9:40:16.582534899,T,91.01,100,91.14,100,TGT
2025-12-08,9:40:16.677340721,T,91.01,100,91.07,100,TGT
2025-12-08,9:40:18.498043495,T,91.01,100,91.14,100,TGT
2025-12-08,9:40:18.498068380,T,91.01,200,91.14,100,TGT
2025-12-08,9:40:18.498068380,T,91.02,100,91.14,100,TGT
2025-12-08,9:40:18.498073303,T,91.04,100,91.14,100,TGT
2025-12-08,9:40:18.498108436,T,91.04,200,91.14,100,TGT
2025-12-08,9:40:18.498108436,T,91.04,100,91.14,100,TGT
2025-12-08,9:40:18.498524382,T,91.02,300,91.14,100,TGT
2025-12-08,9:40:18.505130113,T,91.02,200,91.14,100,TGT
2025-12-08,9:40:18.505957157,T,91.02,200,91.09,100,TGT
2025-12-08,9:40:18.506062438,T,91.04,100,91.09,100,TGT
2025-12-08,9:40:18.506588587,T,91.02,200,91.09,100,TGT
2025-12-08,9:40:18.506839200,T,91.04,100,91.09,100,TGT
2025-12-08,9:40:18.507340490,T,91.02,200,91.09,100,TGT
2025-12-08,9:40:18.508122349,T,91.04,100,91.09,100,TGT
2025-12-08,9:40:18.508503211,T,91.02,200,91.09,100,TGT
2025-12-08,9:40:18.508879113,T,91.04,100,91.09,100,TGT
2025-12-08,9:40:18.509255031,T,91.02,200,91.09,100,TGT
2025-12-08,9:40:18.509635868,T,91.04,100,91.09,100,TGT
2025-12-08,9:40:18.510001718,T,91.02,200,91.09,100,TGT
2025-12-08,9:40:18.510397713,T,91.04,100,91.09,100,TGT
2025-12-08,9:40:18.510748606,T,91.02,200,91.09,100,TGT
2025-12-08,9:40:18.598557848,T,91.02,100,91.09,100,TGT
2025-12-08,9:40:20.758989808,T,91.05,100,91.09,100,TGT
2025-12-08,9:40:22.760508300,T,91.02,100,91.09,100,TGT
2025-12-08,9:40:22.760528285,T,91.02,100,91.07,100,TGT
2025-12-08,9:40:22.760533301,T,91.02,100,91.07,200,TGT
2025-12-08,9:40:22.760558409,T,90.96,100,91.07,200,TGT
2025-12-08,9:40:22.761084673,T,90.96,100,91.07,100,TGT
2025-12-08,9:40:22.761570755,T,90.96,100,91.09,100,TGT
2025-12-08,9:40:22.775338627,T,90.96,100,91.08,100,TGT
2025-12-08,9:40:22.775874859,T,90.96,100,91.09,100,TGT
2025-12-08,9:40:27.206104380,T,90.95,100,91.09,100,TGT
2025-12-08,9:40:29.798871196,T,90.95,100,91.09,600,TGT
2025-12-08,9:40:32.096319603,T,90.95,100,91.09,100,TGT
2025-12-08,9:40:32.097783110,T,90.95,100,91.08,500,TGT
2025-12-08,9:40:34.589043360,T,90.95,100,91.08,600,TGT
2025-12-08,9:40:36.248807528,T,90.94,200,91.08,600,TGT
2025-12-08,9:40:36.249048080,T,90.94,200,91.07,100,TGT
2025-12-08,9:40:36.269897853,T,90.94,200,91.08,100,TGT
2025-12-08,9:40:36.270719735,T,90.94,200,91.08,600,TGT
2025-12-08,9:40:39.482501640,T,91.0,1000,91.08,600,TGT
2025-12-08,9:40:50.892865683,T,91.0,1000,91.08,700,TGT
2025-12-08,9:40:56.105769717,T,91.0,1000,91.08,600,TGT
2025-12-08,9:41:02.304577906,T,91.0,1000,91.08,700,TGT
2025-12-08,9:41:04.154394797,T,91.0,1000,91.08,600,TGT
2025-12-08,9:41:04.728662932,T,91.0,1000,91.08,700,TGT
2025-12-08,9:41:06.386743057,T,91.0,1100,91.08,700,TGT
2025-12-08,9:41:06.437188236,T,91.0,1100,91.08,600,TGT
2025-12-08,9:41:06.437273408,T,91.0,1100,91.08,100,TGT
2025-12-08,9:41:06.437273408,T,91.0,1100,91.14,100,TGT
2025-12-08,9:41:06.437298508,T,91.04,100,91.14,100,TGT
2025-12-08,9:41:06.437298508,T,91.06,100,91.14,100,TGT
2025-12-08,9:41:06.437318586,T,91.06,100,91.2,100,TGT
2025-12-08,9:41:06.438326008,T,91.05,100,91.2,100,TGT
2025-12-08,9:41:06.439047626,T,91.04,200,91.2,100,TGT
2025-12-08,9:41:06.447317391,T,91.04,100,91.2,100,TGT
2025-12-08,9:41:06.537376908,T,91.01,100,91.2,100,TGT
2025-12-08,9:41:06.537376908,T,91.0,1200,91.2,100,TGT
2025-12-08,9:41:06.637320030,T,91.0,1100,91.2,100,TGT
2025-12-08,9:41:08.400535637,T,91.05,100,91.2,100,TGT
2025-12-08,9:41:08.456017827,T,91.05,100,91.2,200,TGT
2025-12-08,9:41:08.730120877,T,91.05,100,91.19,100,TGT
2025-12-08,9:41:13.376530295,T,91.05,100,91.13,100,TGT
2025-12-08,9:41:13.935617326,T,91.0,1100,91.13,100,TGT
2025-12-08,9:41:13.943255577,T,91.0,1000,91.13,100,TGT
2025-12-08,9:41:15.008894341,T,91.0,1100,91.13,100,TGT
2025-12-08,9:41:16.105647311,T,91.06,100,91.13,100,TGT
2025-12-08,9:41:19.199508002,T,91.06,100,91.12,100,TGT
2025-12-08,9:41:19.440000923,T,91.06,100,91.12,200,TGT
2025-12-08,9:41:20.448037618,T,91.0,1100,91.12,200,TGT
2025-12-08,9:41:20.448062614,T,91.0,1100,91.11,100,TGT
2025-12-08,9:41:20.448067646,T,91.0,1100,91.11,200,TGT
2025-12-08,9:41:20.448077572,T,91.0,1100,91.09,100,TGT
2025-12-08,9:41:20.448102647,T,91.0,1100,91.11,300,TGT
2025-12-08,9:41:20.448102647,T,91.0,1100,91.11,400,TGT
2025-12-08,9:41:20.448102647,T,91.0,1100,91.09,100,TGT
2025-12-08,9:41:20.448197951,T,91.0,1100,91.09,200,TGT
2025-12-08,9:41:20.449606296,T,91.0,1100,91.09,300,TGT
2025-12-08,9:41:20.449661751,T,91.0,1100,91.09,200,TGT
2025-12-08,9:41:20.449681408,T,91.0,1100,91.09,300,TGT
2025-12-08,9:41:21.448681425,T,91.0,1100,91.09,200,TGT
2025-12-08,9:41:21.448987172,T,91.0,1100,91.09,100,TGT
2025-12-08,9:41:21.668640471,T,91.0,1100,91.09,200,TGT
2025-12-08,9:41:23.290123630,T,91.0,1100,91.09,300,TGT
2025-12-08,9:41:24.646199160,T,91.0,1100,91.09,200,TGT
2025-12-08,9:41:24.646209227,T,91.0,1100,91.09,100,TGT
2025-12-08,9:41:26.672847613,T,91.0,1200,91.09,100,TGT
2025-12-08,9:41:33.842358067,T,91.01,100,91.09,100,TGT
2025-12-08,9:41:33.842358067,T,91.01,200,91.09,100,TGT
2025-12-08,9:41:33.842368119,T,91.01,300,91.09,100,TGT
2025-12-08,9:41:33.842383139,T,91.01,200,91.09,100,TGT
2025-12-08,9:41:33.842458257,T,91.01,200,91.08,100,TGT
2025-12-08,9:41:33.843180046,T,91.01,300,91.08,100,TGT
2025-12-08,9:41:33.843395524,T,91.01,300,91.17,100,TGT
2025-12-08,9:41:33.843415575,T,91.02,100,91.17,100,TGT
2025-12-08,9:41:33.843450744,T,91.03,100,91.17,100,TGT
2025-12-08,9:41:33.843450744,T,91.03,200,91.17,100,TGT
2025-12-08,9:41:33.850452373,T,91.03,100,91.17,100,TGT
2025-12-08,9:41:33.861478640,T,91.04,100,91.17,100,TGT
2025-12-08,9:41:35.324684489,T,91.04,100,91.08,100,TGT
2025-12-08,9:41:37.231467237,T,91.0,200,91.08,100,TGT
2025-12-08,9:41:37.231482277,T,91.0,200,91.08,200,TGT
2025-12-08,9:41:37.231492258,T,91.0,200,91.07,100,TGT
2025-12-08,9:41:37.231492258,T,91.0,200,91.07,200,TGT
2025-12-08,9:41:37.231492258,T,91.0,200,91.06,100,TGT
2025-12-08,9:41:37.231497261,T,91.0,200,91.06,200,TGT
2025-12-08,9:41:37.231547373,T,91.0,200,91.06,300,TGT
2025-12-08,9:41:37.232048583,T,91.0,200,91.06,200,TGT
2025-12-08,9:41:37.431543880,T,91.0,200,91.06,100,TGT
2025-12-08,9:41:37.431563940,T,91.0,200,91.07,100,TGT
2025-12-08,9:41:38.704742175,T,91.0,200,91.07,200,TGT
2025-12-08,9:41:39.990239668,T,91.0,200,91.07,600,TGT
2025-12-08,9:41:42.033562636,T,91.0,200,91.07,500,TGT
2025-12-08,9:41:43.107516275,T,91.0,200,91.06,100,TGT
2025-12-08,9:41:45.123509152,T,91.0,200,91.07,100,TGT
2025-12-08,9:41:45.123529675,T,91.01,100,91.07,100,TGT
2025-12-08,9:41:45.123534253,T,91.03,100,91.07,100,TGT
2025-12-08,9:41:45.123539384,T,91.03,200,91.07,100,TGT
2025-12-08,9:41:45.123559299,T,91.03,100,91.07,100,TGT
2025-12-08,9:41:45.123574321,T,91.03,200,91.07,100,TGT
