DATE,TIME_M,EX,BID,BIDSIZ,ASK,ASKSIZ,SYM_ROOT
2025-12-30,9:30:00.380149761,T,97.6,100,98.39,100,TGT
2025-12-30,9:30:00.380194843,T,97.6,100,98.3,100,TGT
2025-12-30,9:30:00.380209920,T,97.6,100,98.18,100,TGT
2025-12-30,9:30:00.380209920,T,97.6,100,98.17,100,TGT
2025-12-30,9:30:00.380320209,T,97.6,100,98.14,100,TGT
2025-12-30,9:30:00.380365280,T,97.6,100,98.11,100,TGT
2025-12-30,9:30:00.401490626,T,97.6,100,98.08,100,TGT
2025-12-30,9:30:00.401550809,T,97.6,100,98.17,100,TGT
2025-12-30,9:30:00.401580851,T,97.6,100,98.11,100,TGT
2025-12-30,9:30:00.401601014,T,97.6,100,98.17,100,TGT
2025-12-30,9:30:00.401605936,T,97.6,100,98.02,100,TGT
2025-12-30,9:30:00.401626014,T,97.6,100,98.17,100,TGT
2025-12-30,9:30:00.402237449,T,97.6,100,98.1,100,TGT
2025-12-30,9:30:00.402257508,T,97.6,100,98.17,100,TGT
2025-12-30,9:30:00.402307621,T,97.6,100,98.06,100,TGT
2025-12-30,9:30:00.402322660,T,97.6,100,98.17,100,TGT
2025-12-30,9:30:00.480213225,T,97.6,100,98.39,100,TGT
2025-12-30,9:30:01.101072506,T,97.6,100,98.39,100,TGT
2025-12-30,9:30:01.103152495,T,97.6,100,97.66,100,TGT
2025-12-30,9:30:01.103788958,T,97.6,100,97.66,200,TGT
2025-12-30,9:30:01.104004493,T,97.5,100,97.66,200,TGT
2025-12-30,9:30:01.104380302,T,97.11,100,97.66,200,TGT
2025-12-30,9:30:01.109277274,T,97.11,100,97.66,100,TGT
2025-12-30,9:30:01.109337192,T,97.3,100,97.66,100,TGT
2025-12-30,9:30:01.109537649,T,97.53,100,97.66,100,TGT
2025-12-30,9:30:01.123746468,T,97.53,100,97.66,200,TGT
2025-12-30,9:30:01.128973957,T,97.53,100,97.66,100,TGT
2025-12-30,9:30:01.129304685,T,97.5,100,97.66,100,TGT
2025-12-30,9:30:01.173870909,T,97.53,100,97.66,100,TGT
2025-12-30,9:30:01.211701037,T,97.57,100,97.66,100,TGT
2025-12-30,9:30:01.211706041,T,97.57,100,97.66,200,TGT
2025-12-30,9:30:01.211731022,T,97.57,100,97.66,100,TGT
2025-12-30,9:30:01.211736137,T,97.5,100,97.66,100,TGT
2025-12-30,9:30:01.211776127,T,96.97,100,97.66,100,TGT
2025-12-30,9:30:01.211806301,T,96.97,100,97.66,200,TGT
2025-12-30,9:30:01.223053066,T,96.97,100,97.66,100,TGT
2025-12-30,9:30:01.537592391,T,97.47,100,97.66,100,TGT
2025-12-30,9:30:02.680895960,T,97.47,100,98.39,100,TGT
2025-12-30,9:30:06.944989153,T,97.47,100,97.75,100,TGT
2025-12-30,9:30:06.949159106,T,97.47,100,98.39,100,TGT
2025-12-30,9:30:15.334204888,T,97.47,100,97.96,100,TGT
2025-12-30,9:30:28.629383298,T,97.47,100,97.75,100,TGT
2025-12-30,9:30:28.629408434,T,97.47,100,97.96,100,TGT
2025-12-30,9:30:28.629433464,T,97.47,100,97.79,100,TGT
2025-12-30,9:30:28.629533718,T,97.47,200,97.79,100,TGT
2025-12-30,9:30:28.629659043,T,97.47,100,97.79,100,TGT
2025-12-30,9:30:29.888472969,T,97.47,100,97.96,100,TGT
2025-12-30,9:30:29.888472969,T,97.47,200,97.96,100,TGT
2025-12-30,9:30:29.888478204,T,97.5,100,97.96,100,TGT
2025-12-30,9:30:29.888493080,T,97.67,100,97.96,100,TGT
2025-12-30,9:30:29.888683735,T,97.68,100,97.96,100,TGT
2025-12-30,9:30:29.898752485,T,97.67,100,97.96,100,TGT
2025-12-30,9:30:30.180944805,T,97.47,100,97.96,100,TGT
2025-12-30,9:30:30.354623581,T,97.47,100,98.0,100,TGT
2025-12-30,9:30:30.354673713,T,97.47,100,97.96,100,TGT
2025-12-30,9:30:30.354673713,T,97.47,100,97.95,100,TGT
2025-12-30,9:30:30.354678642,T,97.47,100,97.95,200,TGT
2025-12-30,9:30:30.355144767,T,97.47,100,97.95,300,TGT
2025-12-30,9:30:30.355721178,T,97.47,100,97.95,200,TGT
2025-12-30,9:30:30.364697524,T,97.5,100,97.95,200,TGT
2025-12-30,9:30:30.364707570,T,97.5,100,97.95,100,TGT
2025-12-30,9:30:30.364722566,T,97.5,100,97.95,200,TGT
2025-12-30,9:30:30.364742677,T,97.5,100,97.95,100,TGT
2025-12-30,9:30:30.375949355,T,97.47,100,97.95,100,TGT
2025-12-30,9:30:30.405815538,T,97.47,100,97.96,100,TGT
2025-12-30,9:30:30.509552702,T,97.47,100,97.96,200,TGT
2025-12-30,9:30:30.554795423,T,97.47,100,97.96,100,TGT
2025-12-30,9:30:30.986123062,T,97.47,100,98.0,100,TGT
2025-12-30,9:30:31.150123666,T,97.3,100,98.0,100,TGT
2025-12-30,9:30:31.150163827,T,97.57,100,98.0,100,TGT
2025-12-30,9:30:36.448731615,T,97.68,100,98.0,100,TGT
2025-12-30,9:30:40.098887599,T,97.64,100,98.0,100,TGT
2025-12-30,9:30:42.429073685,T,97.64,100,97.89,100,TGT
2025-12-30,9:30:42.987544226,T,97.64,100,98.0,100,TGT
2025-12-30,9:30:51.092407631,T,97.64,100,97.96,100,TGT
2025-12-30,9:30:51.092508267,T,97.64,100,97.86,100,TGT
2025-12-30,9:30:51.092517879,T,97.64,100,97.8,100,TGT
2025-12-30,9:30:51.092537939,T,97.64,100,97.78,100,TGT
2025-12-30,9:30:51.092573134,T,97.64,100,97.77,100,TGT
2025-12-30,9:30:51.092578054,T,97.22,200,97.77,100,TGT
2025-12-30,9:30:51.092598071,T,97.22,200,97.71,100,TGT
2025-12-30,9:30:51.092923831,T,97.22,200,97.71,200,TGT
2025-12-30,9:30:51.093179483,T,97.5,200,97.71,200,TGT
2025-12-30,9:30:51.093199472,T,97.5,400,97.71,200,TGT
2025-12-30,9:30:51.093199472,T,97.5,400,97.71,100,TGT
2025-12-30,9:30:51.093204518,T,97.5,200,97.71,100,TGT
2025-12-30,9:30:51.093209648,T,97.3,100,97.71,100,TGT
2025-12-30,9:30:51.093234538,T,97.62,400,97.71,100,TGT
2025-12-30,9:30:51.093485224,T,97.62,400,97.78,100,TGT
2025-12-30,9:30:51.093505307,T,97.62,400,97.86,100,TGT
2025-12-30,9:30:51.093525318,T,97.3,100,97.86,100,TGT
2025-12-30,9:30:51.093540339,T,97.3,100,97.96,200,TGT
2025-12-30,9:30:51.093545366,T,97.67,400,97.96,200,TGT
2025-12-30,9:30:51.093580410,T,97.22,200,97.96,200,TGT
2025-12-30,9:30:51.093605510,T,97.22,200,97.86,100,TGT
2025-12-30,9:30:51.093605510,T,97.22,200,97.8,100,TGT
2025-12-30,9:30:51.093615488,T,97.22,200,97.86,100,TGT
2025-12-30,9:30:51.093620544,T,97.22,200,97.96,200,TGT
2025-12-30,9:30:51.093821067,T,97.3,100,97.96,200,TGT
2025-12-30,9:30:51.093845979,T,97.32,100,97.96,200,TGT
2025-12-30,9:30:51.093856059,T,97.3,100,97.96,200,TGT
2025-12-30,9:30:51.095499944,T,97.5,100,97.96,200,TGT
2025-12-30,9:30:51.096828140,T,97.3,100,97.96,200,TGT
2025-12-30,9:30:51.100972972,T,97.3,100,97.86,100,TGT
2025-12-30,9:30:51.100993092,T,97.3,100,97.79,100,TGT
2025-12-30,9:30:51.101313813,T,97.3,100,97.78,100,TGT
2025-12-30,9:30:51.101328903,T,97.3,100,97.76,100,TGT
2025-12-30,9:30:51.101353911,T,97.3,100,97.78,100,TGT
2025-12-30,9:30:51.101353911,T,97.3,100,97.76,100,TGT
2025-12-30,9:30:51.108445795,T,97.3,100,97.78,100,TGT
2025-12-30,9:30:51.109002110,T,97.3,100,97.79,100,TGT
2025-12-30,9:30:51.111052072,T,97.3,100,97.96,100,TGT
2025-12-30,9:30:51.112615745,T,97.3,100,97.79,100,TGT
2025-12-30,9:30:51.112645795,T,97.22,200,97.79,100,TGT
2025-12-30,9:30:51.244905885,T,97.22,100,97.79,100,TGT
2025-12-30,9:30:51.244966077,T,97.22,100,97.96,100,TGT
2025-12-30,9:30:51.989710261,T,97.22,100,97.96,200,TGT
2025-12-30,9:30:51.999754231,T,97.22,100,97.96,100,TGT
2025-12-30,9:30:57.366790095,T,97.22,200,97.96,100,TGT
2025-12-30,9:30:57.366825214,T,97.26,100,97.96,100,TGT
2025-12-30,9:30:59.012971966,T,97.5,200,97.96,100,TGT
2025-12-30,9:30:59.513489327,T,97.51,200,97.96,100,TGT
2025-12-30,9:31:01.165981227,T,97.54,200,97.96,100,TGT
2025-12-30,9:31:01.166021309,T,97.54,200,97.91,200,TGT
2025-12-30,9:31:01.166447390,T,97.54,200,97.91,300,TGT
2025-12-30,9:31:01.166457354,T,97.54,200,97.91,400,TGT
2025-12-30,9:31:01.167249298,T,97.3,100,97.91,400,TGT
2025-12-30,9:31:01.176005109,T,97.3,100,97.91,200,TGT
2025-12-30,9:31:01.176030143,T,97.38,100,97.91,200,TGT
2025-12-30,9:31:01.207966246,T,97.32,100,97.91,200,TGT
2025-12-30,9:31:01.670658553,T,97.52,200,97.91,200,TGT
2025-12-30,9:31:02.253998271,T,97.54,200,97.91,200,TGT
2025-12-30,9:31:02.254033391,T,97.54,200,97.9,200,TGT
2025-12-30,9:31:02.255261258,T,97.42,200,97.9,200,TGT
2025-12-30,9:31:02.255577037,T,97.42,200,97.9,300,TGT
2025-12-30,9:31:02.255592116,T,97.42,200,97.9,400,TGT
2025-12-30,9:31:02.264007108,T,97.42,200,97.9,200,TGT
2025-12-30,9:31:02.761928333,T,97.52,200,97.9,200,TGT
2025-12-30,9:31:02.771947183,T,97.42,200,97.9,200,TGT
2025-12-30,9:31:02.771962203,T,97.42,200,97.89,200,TGT
2025-12-30,9:31:02.773135050,T,97.42,200,97.89,300,TGT
2025-12-30,9:31:02.773144994,T,97.42,200,97.89,400,TGT
2025-12-30,9:31:02.781976069,T,97.42,200,97.89,200,TGT
2025-12-30,9:31:03.311452456,T,97.5,300,97.89,200,TGT
2025-12-30,9:31:03.321125426,T,97.51,200,97.89,200,TGT
2025-12-30,9:31:03.322388437,T,97.5,300,97.89,200,TGT
2025-12-30,9:31:09.346464786,T,97.5,300,97.89,300,TGT
2025-12-30,9:31:29.287495656,T,97.5,100,97.89,300,TGT
2025-12-30,9:31:29.287506323,T,97.29,200,97.89,300,TGT
2025-12-30,9:31:29.287510787,T,97.29,200,97.89,400,TGT
2025-12-30,9:31:29.287515772,T,97.29,200,97.76,100,TGT
2025-12-30,9:31:29.287525786,T,97.29,200,97.63,100,TGT
2025-12-30,9:31:29.287530756,T,97.29,200,97.51,100,TGT
2025-12-30,9:31:29.287786405,T,97.29,200,97.5,100,TGT
2025-12-30,9:31:29.288072066,T,97.29,200,97.51,100,TGT
2025-12-30,9:31:29.288112089,T,97.4,200,97.51,100,TGT
2025-12-30,9:31:29.297875401,T,97.4,200,97.54,100,TGT
2025-12-30,9:31:29.307824142,T,97.22,200,97.54,100,TGT
2025-12-30,9:31:29.307844162,T,97.22,100,97.54,100,TGT
2025-12-30,9:31:29.307854305,T,97.22,100,97.5,100,TGT
2025-12-30,9:31:29.307874234,T,97.22,100,97.48,100,TGT
2025-12-30,9:31:29.307879230,T,97.22,100,97.46,100,TGT
2025-12-30,9:31:29.308079709,T,97.42,100,97.46,100,TGT
2025-12-30,9:31:29.308105060,T,97.22,100,97.46,100,TGT
2025-12-30,9:31:29.308105060,T,97.22,100,97.48,100,TGT
2025-12-30,9:31:29.308105060,T,97.22,100,97.5,100,TGT
2025-12-30,9:31:29.308114753,T,97.22,100,97.48,100,TGT
2025-12-30,9:31:29.308124853,T,97.22,100,97.44,100,TGT
2025-12-30,9:31:29.308199959,T,97.22,100,97.48,100,TGT
2025-12-30,9:31:29.308220300,T,97.3,100,97.48,100,TGT
2025-12-30,9:31:29.308220300,T,97.34,100,97.48,100,TGT
2025-12-30,9:31:29.308240048,T,97.34,100,97.5,100,TGT
2025-12-30,9:31:29.308295272,T,97.38,100,97.5,100,TGT
2025-12-30,9:31:29.308300195,T,97.3,100,97.5,100,TGT
2025-12-30,9:31:29.308305199,T,97.4,100,97.5,100,TGT
2025-12-30,9:31:29.308325338,T,97.38,100,97.5,100,TGT
2025-12-30,9:31:29.308360340,T,97.42,100,97.5,100,TGT
2025-12-30,9:31:29.308615985,T,97.34,100,97.5,100,TGT
2025-12-30,9:31:29.308661058,T,97.32,100,97.5,100,TGT
2025-12-30,9:31:29.309252496,T,97.31,100,97.5,100,TGT
2025-12-30,9:31:29.309277585,T,97.3,100,97.5,100,TGT
2025-12-30,9:31:29.317872994,T,97.3,100,97.54,300,TGT
2025-12-30,9:31:29.318058458,T,97.3,100,97.54,200,TGT
2025-12-30,9:31:29.318098585,T,97.22,200,97.54,200,TGT
2025-12-30,9:31:29.318123632,T,97.22,100,97.54,200,TGT
2025-12-30,9:31:29.318264014,T,97.22,100,97.54,100,TGT
2025-12-30,9:31:29.318289082,T,97.22,100,97.56,100,TGT
2025-12-30,9:31:29.360745197,T,97.22,100,97.5,100,TGT
2025-12-30,9:31:29.360755162,T,97.22,100,97.46,100,TGT
2025-12-30,9:31:29.360805471,T,97.22,100,97.5,100,TGT
2025-12-30,9:31:29.360805471,T,97.22,100,97.63,200,TGT
2025-12-30,9:31:29.360805471,T,97.22,100,97.63,100,TGT
2025-12-30,9:31:29.360825380,T,97.22,200,97.63,100,TGT
2025-12-30,9:31:29.360830339,T,97.22,200,97.56,100,TGT
2025-12-30,9:31:29.360955958,T,97.42,100,97.56,100,TGT
2025-12-30,9:31:29.360955958,T,97.42,200,97.56,100,TGT
2025-12-30,9:31:29.360980738,T,97.42,300,97.56,100,TGT
2025-12-30,9:31:29.360980738,T,97.42,500,97.56,100,TGT
2025-12-30,9:31:29.360985723,T,97.42,600,97.56,100,TGT
2025-12-30,9:31:29.361216339,T,97.42,700,97.56,100,TGT
2025-12-30,9:31:31.446479289,T,97.42,700,97.55,100,TGT
2025-12-30,9:31:37.551032007,T,97.42,700,97.54,100,TGT
2025-12-30,9:31:44.480861216,T,97.42,700,97.7,200,TGT
2025-12-30,9:31:44.480861216,T,97.42,700,97.53,100,TGT
2025-12-30,9:31:46.526279059,T,97.42,600,97.53,100,TGT
2025-12-30,9:31:46.526284468,T,97.42,500,97.53,100,TGT
2025-12-30,9:31:46.526284468,T,97.42,400,97.53,100,TGT
2025-12-30,9:31:46.526284468,T,97.42,300,97.53,100,TGT
2025-12-30,9:31:46.526289507,T,97.42,200,97.53,100,TGT
2025-12-30,9:31:46.526289507,T,97.42,100,97.53,100,TGT
2025-12-30,9:31:46.526294103,T,97.31,200,97.53,100,TGT
2025-12-30,9:31:46.526294103,T,97.31,200,97.52,100,TGT
2025-12-30,9:31:46.526304457,T,97.31,200,97.45,100,TGT
2025-12-30,9:31:46.526359258,T,97.31,200,97.46,100,TGT
2025-12-30,9:31:46.526860428,T,97.31,200,97.5,100,TGT
2025-12-30,9:31:46.546622506,T,97.31,200,97.49,100,TGT
2025-12-30,9:31:46.546848045,T,97.31,200,97.49,200,TGT
2025-12-30,9:31:46.547690046,T,97.31,200,97.49,100,TGT
2025-12-30,9:31:46.553869777,T,97.22,100,97.49,100,TGT
2025-12-30,9:31:46.553874762,T,97.24,200,97.49,100,TGT
2025-12-30,9:31:48.061626719,T,97.24,200,97.5,100,TGT
2025-12-30,9:31:53.444545577,T,97.24,200,97.5,200,TGT
2025-12-30,9:31:53.444550518,T,97.24,200,97.45,100,TGT
2025-12-30,9:31:53.444610729,T,97.24,200,97.5,200,TGT
2025-12-30,9:31:53.444821188,T,97.24,200,97.45,100,TGT
2025-12-30,9:31:53.444831179,T,97.24,200,97.5,200,TGT
2025-12-30,9:31:53.444856205,T,97.24,200,97.5,100,TGT
2025-12-30,9:31:53.481934636,T,97.24,200,97.5,200,TGT
2025-12-30,9:31:53.481939569,T,97.24,200,97.45,100,TGT
2025-12-30,9:31:53.481944663,T,97.24,200,97.48,100,TGT
2025-12-30,9:31:53.481969655,T,97.24,200,97.44,100,TGT
2025-12-30,9:31:53.481969655,T,97.24,200,97.48,100,TGT
2025-12-30,9:31:53.482000643,T,97.24,200,97.5,200,TGT
2025-12-30,9:31:53.482726437,T,97.24,200,97.5,100,TGT
2025-12-30,9:31:58.142692982,T,97.24,200,97.5,200,TGT
2025-12-30,9:31:58.142703099,T,97.24,200,97.49,100,TGT
2025-12-30,9:31:58.142708039,T,97.24,200,97.46,100,TGT
2025-12-30,9:31:58.142713160,T,97.24,200,97.41,100,TGT
2025-12-30,9:31:58.142723076,T,97.24,200,97.41,200,TGT
2025-12-30,9:31:58.142738100,T,97.24,200,97.41,100,TGT
2025-12-30,9:31:58.142793302,T,97.24,200,97.4,100,TGT
2025-12-30,9:31:58.142793302,T,97.24,200,97.39,100,TGT
2025-12-30,9:31:58.142808449,T,97.24,200,97.4,100,TGT
2025-12-30,9:31:58.142813354,T,97.24,200,97.41,200,TGT
2025-12-30,9:31:58.142818335,T,97.24,200,97.41,100,TGT
2025-12-30,9:31:58.142828339,T,97.24,200,97.4,100,TGT
2025-12-30,9:31:58.142838450,T,97.24,200,97.39,100,TGT
2025-12-30,9:31:58.142848423,T,97.24,200,97.4,100,TGT
2025-12-30,9:31:58.142873710,T,97.24,200,97.39,100,TGT
2025-12-30,9:31:58.143199440,T,97.24,200,97.4,100,TGT
2025-12-30,9:31:58.143204231,T,97.24,200,97.39,100,TGT
2025-12-30,9:31:58.143469833,T,97.22,100,97.39,100,TGT
2025-12-30,9:31:58.143795656,T,97.22,100,97.4,100,TGT
2025-12-30,9:31:58.147724981,T,97.22,100,97.46,100,TGT
2025-12-30,9:31:58.147750037,T,97.22,100,97.4,100,TGT
2025-12-30,9:31:58.342809779,T,97.22,100,97.5,200,TGT
2025-12-30,9:31:58.342809779,T,97.22,100,97.5,100,TGT
2025-12-30,9:32:00.207928039,T,97.22,100,97.5,200,TGT
2025-12-30,9:32:00.319523968,T,97.22,100,97.5,300,TGT
2025-12-30,9:32:00.499362379,T,97.22,100,97.5,200,TGT
2025-12-30,9:32:01.885078592,T,97.22,100,97.39,100,TGT
2025-12-30,9:32:01.885088635,T,97.22,100,97.5,200,TGT
2025-12-30,9:32:01.885289125,T,97.22,100,97.5,100,TGT
2025-12-30,9:32:01.885509623,T,97.22,100,97.5,200,TGT
2025-12-30,9:32:01.885720213,T,97.22,100,97.5,300,TGT
2025-12-30,9:32:01.886015854,T,97.22,100,97.5,400,TGT
2025-12-30,9:32:06.560136042,T,97.22,100,97.5,300,TGT
2025-12-30,9:32:06.560146089,T,97.22,100,97.5,200,TGT
2025-12-30,9:32:24.946753794,T,97.3,100,97.5,200,TGT
2025-12-30,9:32:39.649075005,T,97.3,100,97.45,100,TGT
2025-12-30,9:32:39.649165195,T,97.25,100,97.45,100,TGT
2025-12-30,9:32:39.664992858,T,97.25,100,97.5,100,TGT
2025-12-30,9:32:41.689741623,T,97.25,100,97.5,200,TGT
2025-12-30,9:32:49.149733586,T,97.25,100,97.5,100,TGT
2025-12-30,9:32:49.149904089,T,97.25,100,97.5,200,TGT
2025-12-30,9:32:49.149904089,T,97.25,100,97.41,100,TGT
2025-12-30,9:32:49.149904089,T,97.25,100,97.38,100,TGT
2025-12-30,9:32:49.150264868,T,97.25,100,97.39,100,TGT
2025-12-30,9:32:49.150264868,T,97.25,100,97.38,100,TGT
2025-12-30,9:32:49.151121835,T,97.25,100,97.39,100,TGT
2025-12-30,9:32:49.151146943,T,97.25,100,97.38,100,TGT
2025-12-30,9:32:49.152024039,T,97.29,100,97.38,100,TGT
2025-12-30,9:32:49.163556468,T,97.25,100,97.38,100,TGT
2025-12-30,9:32:49.163576485,T,97.25,100,97.34,100,TGT
2025-12-30,9:32:49.163576485,T,97.25,100,97.34,200,TGT
2025-12-30,9:32:49.164132811,T,97.25,100,97.34,100,TGT
2025-12-30,9:32:49.263850386,T,97.25,100,97.5,200,TGT
2025-12-30,9:32:49.350501881,T,97.25,100,97.5,100,TGT
2025-12-30,9:32:51.217620104,T,97.25,100,97.49,200,TGT
2025-12-30,9:32:51.217825593,T,97.25,100,97.49,300,TGT
2025-12-30,9:32:51.827162139,T,97.25,100,97.49,400,TGT
2025-12-30,9:32:52.818468640,T,97.25,100,97.49,300,TGT
2025-12-30,9:33:01.408267442,T,97.25,100,97.49,200,TGT
2025-12-30,9:33:01.408287544,T,97.25,200,97.49,200,TGT
2025-12-30,9:33:01.408723570,T,97.25,300,97.49,200,TGT
2025-12-30,9:33:01.415695085,T,97.25,200,97.49,200,TGT
2025-12-30,9:33:01.415745293,T,97.26,100,97.49,200,TGT
2025-12-30,9:33:01.415785356,T,97.31,100,97.49,200,TGT
2025-12-30,9:33:01.416251519,T,97.26,100,97.49,200,TGT
2025-12-30,9:33:01.416742660,T,97.26,100,97.48,100,TGT
2025-12-30,9:33:01.416757623,T,97.26,100,97.45,100,TGT
2025-12-30,9:33:01.416782777,T,97.25,200,97.45,100,TGT
2025-12-30,9:33:01.416802724,T,97.25,200,97.44,100,TGT
2025-12-30,9:33:01.416842884,T,97.25,200,97.45,100,TGT
2025-12-30,9:33:01.417013245,T,97.25,200,97.44,100,TGT
2025-12-30,9:33:04.644071291,T,97.25,100,97.44,100,TGT
2025-12-30,9:33:04.644076159,T,97.22,100,97.44,100,TGT
2025-12-30,9:33:04.644096540,T,97.22,100,97.34,100,TGT
2025-12-30,9:33:04.644136294,T,97.22,100,97.3,100,TGT
2025-12-30,9:33:04.644692582,T,97.22,100,97.34,200,TGT
2025-12-30,9:33:04.644903097,T,97.22,100,97.34,300,TGT
2025-12-30,9:33:04.645424355,T,97.17,100,97.34,300,TGT
2025-12-30,9:33:04.645514585,T,97.13,200,97.34,300,TGT
2025-12-30,9:33:04.645529676,T,97.13,200,97.25,100,TGT
2025-12-30,9:33:04.645584684,T,97.13,200,97.24,100,TGT
2025-12-30,9:33:04.646111000,T,97.13,200,97.24,200,TGT
2025-12-30,9:33:04.646622140,T,97.13,200,97.24,100,TGT
2025-12-30,9:33:04.649223381,T,97.13,200,97.25,100,TGT
2025-12-30,9:33:04.649684492,T,97.13,300,97.25,100,TGT
2025-12-30,9:33:04.649704562,T,97.13,100,97.25,100,TGT
2025-12-30,9:33:04.649714576,T,97.14,100,97.25,100,TGT
2025-12-30,9:33:04.650070412,T,97.03,200,97.25,100,TGT
2025-12-30,9:33:05.586491315,T,97.03,200,97.44,100,TGT
2025-12-30,9:33:05.597712990,T,97.03,200,97.45,100,TGT
2025-12-30,9:33:06.610961890,T,97.03,200,97.26,100,TGT
2025-12-30,9:33:07.130444402,T,97.11,100,97.26,100,TGT
2025-12-30,9:33:07.130454514,T,97.13,100,97.26,100,TGT
2025-12-30,9:33:07.130489513,T,97.14,100,97.26,100,TGT
2025-12-30,9:33:07.130509624,T,97.03,300,97.26,100,TGT
2025-12-30,9:33:07.130534701,T,97.03,200,97.26,100,TGT
2025-12-30,9:33:07.130564718,T,97.03,300,97.26,100,TGT
2025-12-30,9:33:07.135391235,T,97.03,300,97.45,100,TGT
2025-12-30,9:33:07.140458244,T,97.03,200,97.45,100,TGT
2025-12-30,9:33:15.505722085,T,97.03,200,97.48,100,TGT
2025-12-30,9:33:15.505742016,T,97.11,100,97.48,100,TGT
2025-12-30,9:33:15.505762043,T,97.14,100,97.48,100,TGT
2025-12-30,9:33:15.505767107,T,97.03,300,97.48,100,TGT
2025-12-30,9:33:15.505792146,T,97.11,100,97.48,100,TGT
2025-12-30,9:33:15.505802176,T,97.17,100,97.48,100,TGT
2025-12-30,9:33:15.505982652,T,97.18,100,97.48,100,TGT
2025-12-30,9:33:15.505982652,T,97.22,100,97.48,100,TGT
2025-12-30,9:33:15.506017722,T,97.22,200,97.48,100,TGT
2025-12-30,9:33:15.506538893,T,97.22,100,97.48,100,TGT
2025-12-30,9:33:15.513390187,T,97.22,100,97.45,100,TGT
2025-12-30,9:33:15.513435287,T,97.22,100,97.48,100,TGT
2025-12-30,9:33:15.513485394,T,97.24,100,97.48,100,TGT
2025-12-30,9:33:15.513685945,T,97.24,100,97.45,100,TGT
2025-12-30,9:33:15.513685945,T,97.24,100,97.42,100,TGT
2025-12-30,9:33:15.513706364,T,97.24,100,97.44,100,TGT
2025-12-30,9:33:15.513706364,T,97.24,100,97.45,100,TGT
2025-12-30,9:33:15.513706364,T,97.22,100,97.45,100,TGT
2025-12-30,9:33:15.513715966,T,97.22,100,97.48,100,TGT
2025-12-30,9:33:15.513731038,T,97.22,100,97.45,100,TGT
2025-12-30,9:33:15.513746068,T,97.22,100,97.48,100,TGT
2025-12-30,9:33:15.513776099,T,97.24,100,97.48,100,TGT
2025-12-30,9:33:15.514026689,T,97.22,100,97.48,100,TGT
2025-12-30,9:33:15.514031782,T,97.24,100,97.48,100,TGT
2025-12-30,9:33:15.514217259,T,97.22,200,97.48,100,TGT
2025-12-30,9:33:15.514222171,T,97.24,100,97.48,100,TGT
2025-12-30,9:33:15.514317389,T,97.24,100,97.45,100,TGT
2025-12-30,9:33:15.514322509,T,97.24,100,97.48,100,TGT
2025-12-30,9:33:15.514322509,T,97.24,100,97.42,100,TGT
2025-12-30,9:33:15.514327651,T,97.24,100,97.41,100,TGT
2025-12-30,9:33:15.514327651,T,97.24,100,97.35,100,TGT
2025-12-30,9:33:15.514342499,T,97.22,100,97.35,100,TGT
2025-12-30,9:33:15.514353345,T,97.22,100,97.41,100,TGT
2025-12-30,9:33:15.514362772,T,97.22,100,97.4,100,TGT
2025-12-30,9:33:15.514362772,T,97.22,100,97.35,100,TGT
2025-12-30,9:33:15.514377746,T,97.22,200,97.35,100,TGT
2025-12-30,9:33:15.514377746,T,97.22,200,97.4,100,TGT
2025-12-30,9:33:15.514387550,T,97.22,200,97.35,100,TGT
2025-12-30,9:33:15.514392567,T,97.22,200,97.34,100,TGT
2025-12-30,9:33:15.514432730,T,97.22,200,97.35,100,TGT
2025-12-30,9:33:15.514452778,T,97.22,200,97.4,100,TGT
2025-12-30,9:33:15.514463383,T,97.22,100,97.4,100,TGT
2025-12-30,9:33:15.514467759,T,97.22,100,97.39,100,TGT
2025-12-30,9:33:15.514477817,T,97.22,200,97.39,100,TGT
2025-12-30,9:33:15.514482978,T,97.22,200,97.4,100,TGT
2025-12-30,9:33:15.514487901,T,97.22,200,97.39,100,TGT
2025-12-30,9:33:15.514487901,T,97.22,200,97.29,100,TGT
2025-12-30,9:33:15.514533112,T,97.22,100,97.29,100,TGT
2025-12-30,9:33:15.514598108,T,97.22,200,97.29,100,TGT
2025-12-30,9:33:15.514778524,T,97.22,200,97.29,200,TGT
2025-12-30,9:33:15.514793625,T,97.22,100,97.29,200,TGT
2025-12-30,9:33:15.514808553,T,97.22,100,97.29,100,TGT
2025-12-30,9:33:15.514813622,T,97.22,100,97.29,200,TGT
2025-12-30,9:33:15.514843659,T,97.22,100,97.28,100,TGT
2025-12-30,9:33:15.514863789,T,97.22,100,97.29,100,TGT
2025-12-30,9:33:15.615067495,T,97.22,100,97.34,100,TGT
2025-12-30,9:33:15.615082536,T,97.22,100,97.4,100,TGT
2025-12-30,9:33:15.632153141,T,97.22,100,97.41,100,TGT
2025-12-30,9:33:15.715642062,T,97.22,100,97.42,100,TGT
2025-12-30,9:33:15.715667149,T,97.22,100,97.44,100,TGT
2025-12-30,9:33:15.715677199,T,97.22,100,97.48,100,TGT
2025-12-30,9:33:16.758391271,T,97.11,100,97.48,100,TGT
2025-12-30,9:33:16.759163064,T,97.1,200,97.48,100,TGT
2025-12-30,9:33:32.821934787,T,97.1,200,97.5,300,TGT
2025-12-30,9:33:32.822360800,T,97.1,200,97.5,400,TGT
2025-12-30,9:33:32.834244091,T,97.1,200,97.49,200,TGT
2025-12-30,9:33:32.840463892,T,97.1,200,97.49,300,TGT
2025-12-30,9:33:38.926803501,T,97.1,200,97.49,200,TGT
2025-12-30,9:33:40.168496652,T,97.1,200,97.48,200,TGT
2025-12-30,9:33:40.168922729,T,97.1,200,97.48,300,TGT
2025-12-30,9:33:40.677118287,T,97.1,200,97.47,200,TGT
2025-12-30,9:33:40.687127128,T,97.1,200,97.5,300,TGT
2025-12-30,9:33:43.422543857,T,96.9,100,97.5,300,TGT
2025-12-30,9:33:43.422549254,T,97.01,200,97.5,300,TGT
2025-12-30,9:33:47.920930415,T,97.01,200,97.44,100,TGT
2025-12-30,9:33:48.430760027,T,97.01,200,97.5,300,TGT
2025-12-30,9:33:49.416563463,T,97.02,100,97.5,300,TGT
2025-12-30,9:33:49.416668680,T,97.02,100,97.5,100,TGT
2025-12-30,9:33:49.416678780,T,97.01,200,97.5,100,TGT
2025-12-30,9:33:49.961536691,T,97.01,200,97.44,100,TGT
2025-12-30,9:33:50.471356291,T,97.01,200,97.5,100,TGT
2025-12-30,9:33:56.893836733,T,97.01,200,97.44,100,TGT
2025-12-30,9:33:56.893846696,T,97.01,200,97.5,100,TGT
2025-12-30,9:33:56.894007068,T,97.02,100,97.5,100,TGT
2025-12-30,9:33:57.798887814,T,97.02,100,97.48,200,TGT
2025-12-30,9:33:57.799098336,T,97.02,100,97.48,300,TGT
2025-12-30,9:33:57.799308865,T,97.02,100,97.48,400,TGT
2025-12-30,9:33:58.309173488,T,97.02,100,97.46,200,TGT
2025-12-30,9:33:58.316210243,T,97.02,100,97.46,300,TGT
2025-12-30,9:33:59.477221301,T,97.02,100,97.42,100,TGT
2025-12-30,9:33:59.477281339,T,97.01,200,97.42,100,TGT
2025-12-30,9:33:59.477306406,T,97.01,200,97.33,100,TGT
2025-12-30,9:33:59.477311478,T,97.01,200,97.32,100,TGT
2025-12-30,9:33:59.477321464,T,97.01,200,97.3,100,TGT
2025-12-30,9:33:59.477326499,T,97.01,200,97.32,100,TGT
2025-12-30,9:33:59.477622261,T,97.01,200,97.3,100,TGT
2025-12-30,9:33:59.477622261,T,97.01,200,97.29,100,TGT
2025-12-30,9:33:59.477627208,T,97.01,200,97.24,100,TGT
2025-12-30,9:33:59.477807626,T,97.01,200,97.32,100,TGT
2025-12-30,9:33:59.477892868,T,97.01,200,97.3,100,TGT
2025-12-30,9:33:59.477907852,T,97.01,200,97.32,100,TGT
2025-12-30,9:33:59.479717169,T,96.9,100,97.32,100,TGT
2025-12-30,9:33:59.479722209,T,96.9,300,97.32,100,TGT
2025-12-30,9:33:59.479742284,T,96.9,200,97.32,100,TGT
2025-12-30,9:33:59.479772333,T,96.9,300,97.32,100,TGT
2025-12-30,9:33:59.488583329,T,96.9,300,97.33,100,TGT
2025-12-30,9:33:59.677332926,T,96.9,300,97.4,100,TGT
2025-12-30,9:34:03.828813003,T,96.96,100,97.4,100,TGT
2025-12-30,9:34:03.828828075,T,96.96,100,97.33,100,TGT
2025-12-30,9:34:03.841954263,T,96.96,100,97.23,100,TGT
2025-12-30,9:34:13.094426858,T,96.9,300,97.23,100,TGT
2025-12-30,9:34:13.094451950,T,96.9,200,97.23,100,TGT
2025-12-30,9:34:13.094486963,T,96.9,300,97.23,100,TGT
2025-12-30,9:34:13.094872911,T,96.9,300,97.22,100,TGT
2025-12-30,9:34:13.094923076,T,96.9,300,97.23,200,TGT
2025-12-30,9:34:13.094943091,T,96.9,300,97.22,100,TGT
2025-12-30,9:34:13.095203667,T,96.9,300,97.23,100,TGT
2025-12-30,9:34:13.095278936,T,96.96,100,97.23,100,TGT
2025-12-30,9:34:13.095308909,T,97.03,100,97.23,100,TGT
2025-12-30,9:34:13.095314011,T,97.11,100,97.23,100,TGT
2025-12-30,9:34:13.130162011,T,97.11,100,97.32,100,TGT
2025-12-30,9:34:13.130212154,T,97.11,100,97.21,100,TGT
2025-12-30,9:34:13.137895403,T,97.11,100,97.33,100,TGT
2025-12-30,9:34:13.211420549,T,97.11,100,97.18,100,TGT
2025-12-30,9:34:13.212483136,T,97.11,100,97.33,100,TGT
2025-12-30,9:34:13.396386527,T,97.03,100,97.33,100,TGT
2025-12-30,9:34:13.396401251,T,97.03,100,97.32,100,TGT
2025-12-30,9:34:13.396456446,T,97.03,100,97.33,100,TGT
2025-12-30,9:34:13.396471460,T,96.9,300,97.33,100,TGT
2025-12-30,9:34:13.396491524,T,96.9,300,97.13,100,TGT
2025-12-30,9:34:13.396536550,T,96.9,300,97.13,200,TGT
2025-12-30,9:34:13.396722036,T,96.96,100,97.13,200,TGT
2025-12-30,9:34:13.396762137,T,97.1,100,97.13,200,TGT
2025-12-30,9:34:13.397523944,T,97.1,100,97.13,100,TGT
2025-12-30,9:34:13.399293138,T,97.0,100,97.13,100,TGT
2025-12-30,9:34:13.399293138,T,96.9,300,97.13,100,TGT
2025-12-30,9:34:13.399348256,T,96.9,300,97.12,100,TGT
2025-12-30,9:34:13.399839404,T,97.03,100,97.12,100,TGT
2025-12-30,9:34:13.399904553,T,97.03,200,97.12,100,TGT
2025-12-30,9:34:13.400420864,T,97.03,200,97.33,200,TGT
2025-12-30,9:34:13.410605120,T,97.03,200,97.33,100,TGT
2025-12-30,9:34:13.426923990,T,97.03,200,97.33,200,TGT
2025-12-30,9:34:13.426974115,T,97.03,200,97.33,100,TGT
2025-12-30,9:34:13.527518668,T,97.03,200,97.33,200,TGT
2025-12-30,9:34:13.527518668,T,97.03,200,97.32,100,TGT
2025-12-30,9:34:13.527608822,T,97.03,200,97.3,100,TGT
2025-12-30,9:34:13.527623830,T,97.03,200,97.32,100,TGT
2025-12-30,9:34:13.527643906,T,97.03,200,97.3,100,TGT
2025-12-30,9:34:13.527648963,T,97.03,200,97.32,100,TGT
2025-12-30,9:34:13.528165181,T,97.03,200,97.3,100,TGT
2025-12-30,9:34:13.542895293,T,97.03,200,97.32,100,TGT
2025-12-30,9:34:14.306003140,T,97.03,100,97.32,100,TGT
2025-12-30,9:34:14.306003140,T,96.9,200,97.32,100,TGT
2025-12-30,9:34:14.306028286,T,97.05,200,97.32,100,TGT
2025-12-30,9:34:14.681592947,T,97.05,200,97.18,100,TGT
2025-12-30,9:34:18.402637644,T,97.05,200,97.32,100,TGT
2025-12-30,9:34:18.402657641,T,97.05,200,97.33,200,TGT
2025-12-30,9:34:20.892870200,T,96.9,300,97.33,200,TGT
2025-12-30,9:34:20.892890281,T,97.0,100,97.33,200,TGT
2025-12-30,9:34:20.892890281,T,97.08,200,97.33,200,TGT
2025-12-30,9:34:21.204282090,T,97.08,200,97.23,100,TGT
2025-12-30,9:34:23.883950916,T,97.09,300,97.23,100,TGT
2025-12-30,9:34:23.883996096,T,97.09,500,97.23,100,TGT
2025-12-30,9:34:23.884021138,T,97.09,600,97.23,100,TGT
2025-12-30,9:34:24.812477940,T,97.09,400,97.23,100,TGT
2025-12-30,9:34:24.812502993,T,97.16,200,97.23,100,TGT
2025-12-30,9:34:24.812823765,T,97.09,400,97.23,100,TGT
2025-12-30,9:34:24.812843787,T,97.09,400,97.2,100,TGT
2025-12-30,9:34:24.812843787,T,97.09,400,97.18,100,TGT
2025-12-30,9:34:24.813004184,T,97.09,400,97.2,100,TGT
2025-12-30,9:34:24.813024222,T,97.14,100,97.2,100,TGT
2025-12-30,9:34:24.813089400,T,97.16,100,97.2,100,TGT
2025-12-30,9:34:24.813139551,T,97.14,100,97.2,100,TGT
2025-12-30,9:34:24.813139551,T,97.16,100,97.2,100,TGT
2025-12-30,9:34:24.813144904,T,97.16,200,97.2,100,TGT
2025-12-30,9:34:24.813185282,T,97.16,100,97.2,100,TGT
2025-12-30,9:34:24.813185282,T,97.14,100,97.2,100,TGT
2025-12-30,9:34:24.813209633,T,97.14,100,97.18,100,TGT
2025-12-30,9:34:24.813540503,T,97.14,100,97.18,200,TGT
2025-12-30,9:34:24.813610592,T,97.14,100,97.17,100,TGT
2025-12-30,9:34:24.813675796,T,97.14,100,97.18,300,TGT
2025-12-30,9:34:24.813696174,T,97.14,100,97.18,200,TGT
2025-12-30,9:34:24.813720961,T,97.14,100,97.18,100,TGT
2025-12-30,9:34:24.814242180,T,97.14,100,97.2,100,TGT
2025-12-30,9:34:24.832305150,T,97.09,300,97.2,100,TGT
2025-12-30,9:34:24.853620978,T,97.09,300,97.33,200,TGT
2025-12-30,9:34:24.987735493,T,97.09,300,97.32,100,TGT
2025-12-30,9:34:25.957189953,T,97.09,300,97.33,100,TGT
2025-12-30,9:34:27.364993917,T,97.09,300,97.32,100,TGT
2025-12-30,9:34:29.045662710,T,97.09,300,97.33,100,TGT
2025-12-30,9:34:30.018660732,T,97.09,300,97.32,100,TGT
2025-12-30,9:34:30.706389233,T,96.9,300,97.32,100,TGT
2025-12-30,9:34:32.483893776,T,97.14,100,97.32,100,TGT
2025-12-30,9:34:32.483918830,T,96.9,300,97.32,100,TGT
2025-12-30,9:34:32.483938841,T,96.9,300,97.17,100,TGT
2025-12-30,9:34:32.483953909,T,97.14,100,97.17,100,TGT
2025-12-30,9:34:32.483973995,T,97.14,100,97.32,100,TGT
2025-12-30,9:34:32.483983947,T,97.0,100,97.32,100,TGT
2025-12-30,9:34:32.483988960,T,97.0,100,97.17,100,TGT
2025-12-30,9:34:32.483988960,T,96.9,300,97.17,100,TGT
2025-12-30,9:34:32.483994017,T,96.9,300,97.2,100,TGT
2025-12-30,9:34:32.483999033,T,96.9,300,97.32,100,TGT
2025-12-30,9:34:32.484009058,T,97.14,100,97.32,100,TGT
2025-12-30,9:34:32.484014041,T,97.14,100,97.21,100,TGT
2025-12-30,9:34:32.484024090,T,96.95,100,97.21,100,TGT
2025-12-30,9:34:32.484039141,T,96.95,100,97.32,100,TGT
2025-12-30,9:34:32.484044320,T,96.9,300,97.32,100,TGT
2025-12-30,9:34:32.484059262,T,96.9,300,97.21,100,TGT
2025-12-30,9:34:32.684060578,T,96.9,300,97.32,100,TGT
2025-12-30,9:34:32.945954479,T,96.9,300,97.33,200,TGT
2025-12-30,9:34:34.989733503,T,96.9,300,97.33,100,TGT
2025-12-30,9:34:43.183308315,T,96.9,300,97.33,200,TGT
2025-12-30,9:34:50.156781587,T,96.9,300,97.23,100,TGT
2025-12-30,9:34:51.137122195,T,96.9,300,97.16,100,TGT
2025-12-30,9:34:53.078266556,T,97.06,100,97.16,100,TGT
2025-12-30,9:34:53.078311699,T,97.06,200,97.16,100,TGT
2025-12-30,9:34:53.890501564,T,97.06,300,97.16,100,TGT
2025-12-30,9:34:53.890521612,T,97.06,200,97.16,100,TGT
2025-12-30,9:34:53.890737121,T,97.06,200,97.23,100,TGT
2025-12-30,9:34:53.890762185,T,97.15,100,97.23,100,TGT
2025-12-30,9:34:53.890792219,T,97.13,100,97.23,100,TGT
2025-12-30,9:34:53.890797344,T,97.15,100,97.23,100,TGT
2025-12-30,9:34:53.890882446,T,97.13,100,97.23,100,TGT
2025-12-30,9:34:53.890907513,T,97.13,100,97.18,100,TGT
2025-12-30,9:34:53.891313513,T,97.06,100,97.18,100,TGT
2025-12-30,9:34:53.892180509,T,97.06,100,97.23,100,TGT
2025-12-30,9:34:54.696080834,T,96.9,300,97.23,100,TGT
2025-12-30,9:34:55.452046693,T,96.95,100,97.23,100,TGT
2025-12-30,9:34:55.452096808,T,97.0,100,97.23,100,TGT
2025-12-30,9:34:56.271955095,T,97.14,100,97.23,100,TGT
2025-12-30,9:34:56.272020196,T,97.14,200,97.23,100,TGT
2025-12-30,9:34:59.437987565,T,97.14,100,97.23,100,TGT
2025-12-30,9:35:00.192720517,T,97.19,100,97.23,100,TGT
2025-12-30,9:35:00.192770678,T,97.14,100,97.23,100,TGT
2025-12-30,9:35:00.192790799,T,97.14,100,97.21,100,TGT
2025-12-30,9:35:00.192795743,T,97.19,100,97.21,100,TGT
2025-12-30,9:35:00.192890874,T,97.14,100,97.21,100,TGT
2025-12-30,9:35:00.192915984,T,97.14,100,97.2,100,TGT
2025-12-30,9:35:00.193702835,T,97.14,100,97.21,100,TGT
2025-12-30,9:35:00.193722927,T,97.14,100,97.23,100,TGT
2025-12-30,9:35:00.193742944,T,97.17,100,97.23,100,TGT
2025-12-30,9:35:00.195071127,T,97.0,100,97.23,100,TGT
2025-12-30,9:35:00.468021456,T,97.0,100,97.33,100,TGT
2025-12-30,9:35:00.468041460,T,97.2,100,97.33,100,TGT
2025-12-30,9:35:00.468041460,T,97.22,100,97.33,100,TGT
2025-12-30,9:35:00.468076582,T,97.2,200,97.33,100,TGT
2025-12-30,9:35:00.468101556,T,97.2,200,97.31,100,TGT
2025-12-30,9:35:00.468106669,T,97.2,300,97.31,100,TGT
2025-12-30,9:35:00.468592791,T,97.2,200,97.31,100,TGT
2025-12-30,9:35:00.469214296,T,97.2,200,97.33,200,TGT
2025-12-30,9:35:00.478340962,T,97.2,200,97.33,100,TGT
2025-12-30,9:35:01.242261044,T,97.21,100,97.33,100,TGT
2025-12-30,9:35:01.242331148,T,97.21,200,97.33,100,TGT
2025-12-30,9:35:03.452305925,T,97.21,200,97.33,200,TGT
2025-12-30,9:35:03.452310872,T,97.21,100,97.33,200,TGT
2025-12-30,9:35:03.452310872,T,97.2,200,97.33,200,TGT
2025-12-30,9:35:03.452315949,T,97.2,100,97.33,200,TGT
2025-12-30,9:35:03.452335958,T,97.2,100,97.24,100,TGT
2025-12-30,9:35:03.452461213,T,97.0,100,97.24,100,TGT
2025-12-30,9:35:03.452481332,T,97.0,100,97.23,100,TGT
2025-12-30,9:35:03.452736977,T,97.1,100,97.23,100,TGT
2025-12-30,9:35:03.509426922,T,97.1,100,97.33,100,TGT
2025-12-30,9:35:04.549269090,T,97.0,100,97.33,100,TGT
2025-12-30,9:35:04.549289185,T,97.17,100,97.33,100,TGT
2025-12-30,9:35:14.048138724,T,97.03,200,97.33,100,TGT
2025-12-30,9:35:14.048163774,T,97.18,100,97.33,100,TGT
2025-12-30,9:35:15.608039858,T,97.18,200,97.33,100,TGT
2025-12-30,9:35:16.874281548,T,97.18,100,97.33,100,TGT
2025-12-30,9:35:16.874301905,T,97.18,200,97.33,100,TGT
2025-12-30,9:35:16.874301905,T,97.19,100,97.33,100,TGT
2025-12-30,9:35:16.874306782,T,97.27,100,97.33,100,TGT
2025-12-30,9:35:16.874772740,T,97.28,100,97.33,100,TGT
2025-12-30,9:35:16.874812851,T,97.28,200,97.33,100,TGT
2025-12-30,9:35:16.874958162,T,97.28,200,97.42,300,TGT
2025-12-30,9:35:16.874993285,T,97.28,200,97.42,200,TGT
2025-12-30,9:35:16.875033331,T,97.29,100,97.42,200,TGT
2025-12-30,9:35:16.875058458,T,97.33,100,97.42,200,TGT
2025-12-30,9:35:16.875098510,T,97.29,200,97.42,200,TGT
2025-12-30,9:35:16.875118893,T,97.29,200,97.36,100,TGT
2025-12-30,9:35:16.875128637,T,97.33,100,97.36,100,TGT
2025-12-30,9:35:16.875168649,T,97.29,200,97.36,100,TGT
2025-12-30,9:35:16.875674872,T,97.29,200,97.38,100,TGT
2025-12-30,9:35:16.876186058,T,97.29,200,97.42,300,TGT
2025-12-30,9:35:16.879453891,T,97.29,200,97.42,100,TGT
2025-12-30,9:35:16.882967291,T,97.29,200,97.43,100,TGT
2025-12-30,9:35:16.882987882,T,97.31,100,97.43,100,TGT
2025-12-30,9:35:16.883037569,T,97.31,200,97.43,100,TGT
2025-12-30,9:35:16.883428303,T,97.31,200,97.42,100,TGT
2025-12-30,9:35:16.883448448,T,97.31,200,97.43,100,TGT
2025-12-30,9:35:16.883493504,T,97.31,200,97.42,100,TGT
2025-12-30,9:35:16.883503688,T,97.31,200,97.43,100,TGT
2025-12-30,9:35:16.883533651,T,97.31,200,97.42,200,TGT
2025-12-30,9:35:16.883844684,T,97.31,200,97.42,300,TGT
2025-12-30,9:35:16.884044823,T,97.31,100,97.42,300,TGT
2025-12-30,9:35:16.884791637,T,97.31,100,97.42,400,TGT
2025-12-30,9:35:16.887242491,T,97.31,100,97.42,500,TGT
2025-12-30,9:35:16.888244855,T,97.31,100,97.41,100,TGT
2025-12-30,9:35:16.888259850,T,97.29,100,97.41,100,TGT
2025-12-30,9:35:16.888280004,T,97.29,100,97.35,100,TGT
2025-12-30,9:35:16.888280004,T,97.29,100,97.35,200,TGT
2025-12-30,9:35:16.888650834,T,97.29,100,97.33,100,TGT
2025-12-30,9:35:16.888881380,T,97.28,100,97.33,100,TGT
2025-12-30,9:35:16.889948873,T,97.28,100,97.35,100,TGT
2025-12-30,9:35:16.897376575,T,97.29,100,97.35,100,TGT
2025-12-30,9:35:16.897416634,T,97.29,200,97.35,100,TGT
2025-12-30,9:35:16.950047017,T,97.29,100,97.35,100,TGT
2025-12-30,9:35:16.989661400,T,97.29,100,97.38,100,TGT
2025-12-30,9:35:17.084176600,T,97.29,100,97.41,100,TGT
2025-12-30,9:35:17.084201701,T,97.29,100,97.38,100,TGT
2025-12-30,9:35:17.088331471,T,97.29,100,97.42,300,TGT
2025-12-30,9:35:20.779459773,T,97.29,100,97.42,100,TGT
2025-12-30,9:35:20.978218325,T,97.29,100,97.43,100,TGT
2025-12-30,9:35:23.316724367,T,97.29,200,97.43,100,TGT
2025-12-30,9:35:23.316749425,T,97.29,100,97.43,100,TGT
2025-12-30,9:35:23.316819522,T,97.33,100,97.43,100,TGT
2025-12-30,9:35:24.107042198,T,97.29,200,97.43,100,TGT
2025-12-30,9:35:24.107042198,T,97.29,100,97.43,100,TGT
2025-12-30,9:35:24.107067300,T,97.29,100,97.37,100,TGT
2025-12-30,9:35:24.107067300,T,97.29,100,97.36,100,TGT
2025-12-30,9:35:24.107618588,T,97.29,100,97.37,100,TGT
2025-12-30,9:35:24.108295230,T,97.29,100,97.42,100,TGT
2025-12-30,9:35:27.442092405,T,97.29,100,97.43,100,TGT
2025-12-30,9:35:27.442117397,T,97.29,100,97.42,100,TGT
2025-12-30,9:35:27.442282870,T,97.29,100,97.43,100,TGT
2025-12-30,9:35:27.477080741,T,97.29,100,97.34,100,TGT
2025-12-30,9:35:28.715641228,T,97.29,100,97.43,100,TGT
2025-12-30,9:35:28.715661572,T,97.3,100,97.43,100,TGT
2025-12-30,9:35:28.715661572,T,97.34,100,97.43,100,TGT
2025-12-30,9:35:28.715776540,T,97.34,200,97.43,100,TGT
2025-12-30,9:35:28.716247616,T,97.34,100,97.43,100,TGT
2025-12-30,9:35:30.047960176,T,97.35,100,97.43,100,TGT
2025-12-30,9:35:30.047970228,T,97.35,100,97.46,100,TGT
2025-12-30,9:35:30.048025301,T,97.35,200,97.46,100,TGT
2025-12-30,9:35:30.499044827,T,97.37,100,97.46,100,TGT
2025-12-30,9:35:30.499110020,T,97.37,200,97.46,100,TGT
2025-12-30,9:35:30.525282561,T,97.37,100,97.46,100,TGT
2025-12-30,9:35:30.525287409,T,97.35,100,97.46,100,TGT
2025-12-30,9:35:30.525307426,T,97.35,100,97.43,100,TGT
2025-12-30,9:35:30.525332469,T,97.35,100,97.44,100,TGT
2025-12-30,9:35:30.525648223,T,97.35,100,97.39,100,TGT
2025-12-30,9:35:30.526946327,T,97.35,100,97.46,100,TGT
2025-12-30,9:35:30.689218017,T,97.34,100,97.46,100,TGT
2025-12-30,9:35:30.689243080,T,97.34,100,97.37,100,TGT
2025-12-30,9:35:30.689298235,T,97.19,100,97.37,100,TGT
2025-12-30,9:35:30.689794372,T,97.19,100,97.44,100,TGT
2025-12-30,9:35:30.700494889,T,97.19,100,97.46,100,TGT
2025-12-30,9:35:32.772596194,T,97.19,100,97.49,300,TGT
2025-12-30,9:35:32.772621263,T,97.19,100,97.49,200,TGT
2025-12-30,9:35:32.791055160,T,97.27,100,97.49,200,TGT
2025-12-30,9:35:33.962125182,T,97.19,100,97.49,200,TGT
2025-12-30,9:35:35.642423110,T,97.27,100,97.49,200,TGT
2025-12-30,9:35:36.915756668,T,97.27,100,97.36,100,TGT
2025-12-30,9:35:36.915816740,T,97.3,100,97.36,100,TGT
2025-12-30,9:35:38.733822737,T,97.3,100,97.49,300,TGT
2025-12-30,9:35:38.760586412,T,97.31,100,97.49,300,TGT
2025-12-30,9:35:38.760646561,T,97.31,200,97.49,300,TGT
2025-12-30,9:35:38.772164043,T,97.31,200,97.46,100,TGT
2025-12-30,9:35:38.772214163,T,97.31,200,97.49,300,TGT
2025-12-30,9:35:40.085527878,T,97.33,100,97.49,300,TGT
2025-12-30,9:35:41.010105379,T,97.33,100,97.49,200,TGT
2025-12-30,9:35:41.010125463,T,97.34,100,97.49,200,TGT
2025-12-30,9:35:41.010190635,T,97.34,200,97.49,200,TGT
2025-12-30,9:35:41.010270781,T,97.36,100,97.49,200,TGT
2025-12-30,9:35:41.010726907,T,97.36,100,97.49,300,TGT
2025-12-30,9:35:41.448986025,T,97.35,100,97.49,300,TGT
2025-12-30,9:35:41.617893362,T,97.35,100,97.47,100,TGT
2025-12-30,9:35:41.617963539,T,97.35,100,97.49,300,TGT
2025-12-30,9:35:41.617993642,T,97.36,100,97.49,300,TGT
2025-12-30,9:35:41.618214601,T,97.36,100,97.44,100,TGT
2025-12-30,9:35:41.618219156,T,97.35,100,97.44,100,TGT
2025-12-30,9:35:41.618224146,T,97.35,100,97.49,300,TGT
2025-12-30,9:35:41.618234216,T,97.35,100,97.44,100,TGT
2025-12-30,9:35:41.618359493,T,97.34,100,97.44,100,TGT
2025-12-30,9:35:41.618449691,T,97.31,100,97.44,100,TGT
2025-12-30,9:35:41.618620119,T,97.23,100,97.44,100,TGT
2025-12-30,9:35:41.619016042,T,97.19,100,97.44,100,TGT
2025-12-30,9:35:41.622168613,T,97.19,100,97.49,300,TGT
2025-12-30,9:35:42.363239087,T,97.32,100,97.49,300,TGT
2025-12-30,9:35:42.363299413,T,97.32,200,97.49,300,TGT
2025-12-30,9:35:43.689238125,T,97.32,200,97.49,200,TGT
2025-12-30,9:35:45.486830537,T,97.32,300,97.49,200,TGT
2025-12-30,9:35:45.486850625,T,97.32,200,97.49,200,TGT
2025-12-30,9:35:45.486855609,T,97.33,100,97.49,200,TGT
2025-12-30,9:35:45.487136270,T,97.33,100,97.5,100,TGT
2025-12-30,9:35:46.486928050,T,97.33,100,97.55,300,TGT
2025-12-30,9:35:46.486948144,T,97.36,100,97.55,300,TGT
2025-12-30,9:35:46.486968232,T,97.37,100,97.55,300,TGT
2025-12-30,9:35:46.487369069,T,97.37,100,97.5,100,TGT
2025-12-30,9:35:46.687275343,T,97.36,100,97.5,100,TGT
2025-12-30,9:35:47.138329802,T,97.41,100,97.5,100,TGT
2025-12-30,9:35:47.138399976,T,97.41,200,97.5,100,TGT
2025-12-30,9:35:47.259428397,T,97.41,200,97.55,300,TGT
2025-12-30,9:35:52.227529069,T,97.41,300,97.55,300,TGT
2025-12-30,9:35:52.229198028,T,97.41,300,97.55,100,TGT
2025-12-30,9:35:52.229223103,T,97.41,300,97.6,100,TGT
2025-12-30,9:35:52.229233101,T,97.41,200,97.6,100,TGT
2025-12-30,9:35:52.229248079,T,97.41,300,97.6,100,TGT
2025-12-30,9:35:52.229248079,T,97.42,100,97.6,100,TGT
2025-12-30,9:35:52.229278174,T,97.43,100,97.6,100,TGT
2025-12-30,9:35:52.229383468,T,97.43,100,97.61,300,TGT
2025-12-30,9:35:52.229644067,T,97.43,100,97.61,200,TGT
2025-12-30,9:35:52.229694224,T,97.46,100,97.61,200,TGT
2025-12-30,9:35:52.229759386,T,97.46,200,97.61,200,TGT
2025-12-30,9:35:53.833575111,T,97.48,100,97.61,200,TGT
2025-12-30,9:35:53.833605255,T,97.46,200,97.61,200,TGT
2025-12-30,9:35:53.833605255,T,97.46,100,97.61,200,TGT
2025-12-30,9:35:53.833630335,T,97.46,100,97.51,100,TGT
2025-12-30,9:35:53.833645358,T,97.48,100,97.51,100,TGT
2025-12-30,9:35:53.833680428,T,97.48,100,97.53,100,TGT
2025-12-30,9:35:53.833700498,T,97.48,100,97.61,300,TGT
2025-12-30,9:35:53.833705445,T,97.48,100,97.53,100,TGT
2025-12-30,9:35:53.833715523,T,97.43,100,97.53,100,TGT
2025-12-30,9:35:53.833720446,T,97.49,100,97.53,100,TGT
2025-12-30,9:35:53.833725527,T,97.49,100,97.61,300,TGT
2025-12-30,9:35:53.833745772,T,97.48,100,97.61,300,TGT
2025-12-30,9:35:53.833755932,T,97.48,100,97.6,100,TGT
2025-12-30,9:35:53.833755932,T,97.46,100,97.6,100,TGT
2025-12-30,9:35:53.833765591,T,97.46,100,97.61,300,TGT
2025-12-30,9:35:53.833785642,T,97.49,100,97.61,300,TGT
2025-12-30,9:35:53.833795718,T,97.49,100,97.6,100,TGT
2025-12-30,9:35:53.833815773,T,97.49,200,97.6,100,TGT
2025-12-30,9:35:53.833961073,T,97.49,100,97.6,100,TGT
2025-12-30,9:35:53.833961073,T,97.41,100,97.6,100,TGT
2025-12-30,9:35:53.833981131,T,97.41,100,97.52,100,TGT
2025-12-30,9:35:53.834081527,T,97.43,100,97.52,100,TGT
2025-12-30,9:35:53.834081527,T,97.47,100,97.52,100,TGT
2025-12-30,9:35:54.002878485,T,97.4,100,97.52,100,TGT
2025-12-30,9:35:54.002898530,T,97.37,100,97.52,100,TGT
2025-12-30,9:35:55.048474365,T,97.36,100,97.52,100,TGT
2025-12-30,9:35:55.052318609,T,97.37,100,97.52,100,TGT
2025-12-30,9:35:55.495394165,T,97.36,100,97.52,100,TGT
2025-12-30,9:35:56.087524805,T,97.43,100,97.52,100,TGT
2025-12-30,9:35:56.087589960,T,97.43,200,97.52,100,TGT
2025-12-30,9:36:02.264324993,T,97.43,200,97.61,200,TGT
2025-12-30,9:36:02.264335007,T,97.44,100,97.61,200,TGT
2025-12-30,9:36:02.264350052,T,97.52,100,97.61,200,TGT
2025-12-30,9:36:02.264385074,T,97.49,100,97.61,200,TGT
2025-12-30,9:36:02.264480328,T,97.52,100,97.61,200,TGT
2025-12-30,9:36:02.271717555,T,97.52,100,97.64,100,TGT
2025-12-30,9:36:02.660278282,T,97.44,100,97.64,100,TGT
2025-12-30,9:36:04.887930326,T,97.48,100,97.64,100,TGT
2025-12-30,9:36:04.887995433,T,97.48,200,97.64,100,TGT
2025-12-30,9:36:15.872464057,T,97.48,200,97.53,100,TGT
2025-12-30,9:36:15.872499680,T,97.48,100,97.53,100,TGT
2025-12-30,9:36:15.872499680,T,97.4,100,97.53,100,TGT
2025-12-30,9:36:15.872509145,T,97.37,100,97.53,100,TGT
2025-12-30,9:36:15.872524218,T,97.37,100,97.51,100,TGT
2025-12-30,9:36:15.872524218,T,97.37,100,97.51,200,TGT
2025-12-30,9:36:15.873075547,T,97.37,100,97.51,100,TGT
2025-12-30,9:36:15.873095515,T,97.36,100,97.51,100,TGT
2025-12-30,9:36:15.897839468,T,97.35,39100,97.51,100,TGT
2025-12-30,9:36:15.898135245,T,97.35,39000,97.51,100,TGT
2025-12-30,9:36:15.974787872,T,97.35,39000,97.53,100,TGT
2025-12-30,9:36:16.073127072,T,97.35,39000,97.6,100,TGT
2025-12-30,9:36:16.598839508,T,97.35,39000,97.62,100,TGT
2025-12-30,9:36:19.668858187,T,97.35,39000,97.6,100,TGT
2025-12-30,9:36:21.782373240,T,97.35,39000,97.62,100,TGT
2025-12-30,9:36:31.392903747,T,97.35,39000,97.53,100,TGT
2025-12-30,9:36:32.485175858,T,97.35,39000,97.62,100,TGT
2025-12-30,9:36:39.380146800,T,97.35,39000,97.63,200,TGT
2025-12-30,9:36:39.380221991,T,97.37,100,97.63,200,TGT
2025-12-30,9:36:39.380252083,T,97.41,100,97.63,200,TGT
2025-12-30,9:36:39.380277108,T,97.46,100,97.63,200,TGT
2025-12-30,9:36:39.380557799,T,97.46,100,97.64,100,TGT
2025-12-30,9:36:39.380688211,T,97.46,100,97.61,100,TGT
2025-12-30,9:36:39.380758399,T,97.46,100,97.64,100,TGT
2025-12-30,9:36:39.380908682,T,97.46,100,97.61,100,TGT
2025-12-30,9:36:39.381269582,T,97.46,100,97.64,100,TGT
2025-12-30,9:36:39.381991330,T,97.46,100,97.61,100,TGT
2025-12-30,9:36:39.382482361,T,97.46,100,97.64,100,TGT
2025-12-30,9:36:39.383229249,T,97.46,100,97.61,100,TGT
2025-12-30,9:36:39.383730411,T,97.46,100,97.64,100,TGT
2025-12-30,9:36:39.384487142,T,97.46,100,97.61,100,TGT
2025-12-30,9:36:39.385023462,T,97.46,100,97.64,100,TGT
2025-12-30,9:36:39.385564786,T,97.46,100,97.61,100,TGT
2025-12-30,9:36:39.386065928,T,97.46,100,97.64,100,TGT
2025-12-30,9:36:39.386607210,T,97.46,100,97.61,100,TGT
2025-12-30,9:36:39.387108494,T,97.46,100,97.64,100,TGT
2025-12-30,9:36:39.391148096,T,97.46,100,97.61,100,TGT
2025-12-30,9:36:39.519719346,T,97.46,100,97.64,100,TGT
2025-12-30,9:36:40.707614299,T,97.46,100,97.61,100,TGT
2025-12-30,9:36:40.707624382,T,97.46,100,97.6,100,TGT
2025-12-30,9:36:40.707624382,T,97.46,100,97.57,100,TGT
2025-12-30,9:36:40.707634424,T,97.46,100,97.56,100,TGT
2025-12-30,9:36:40.708235837,T,97.35,39000,97.56,100,TGT
2025-12-30,9:36:40.770739764,T,97.42,100,97.56,100,TGT
2025-12-30,9:36:41.496874548,T,97.42,100,97.6,100,TGT
2025-12-30,9:36:43.440790556,T,97.42,100,97.55,1000,TGT
2025-12-30,9:36:50.569297963,T,97.42,100,97.5,100,TGT
2025-12-30,9:36:50.569438385,T,97.35,39000,97.5,100,TGT
2025-12-30,9:36:50.569458398,T,97.35,39000,97.44,100,TGT
2025-12-30,9:36:50.570014690,T,97.35,39000,97.5,100,TGT
2025-12-30,9:36:51.385567606,T,97.35,39000,97.55,1100,TGT
2025-12-30,9:36:51.385592713,T,97.35,39000,97.55,1000,TGT
2025-12-30,9:36:51.790447152,T,97.35,39000,97.5,100,TGT
2025-12-30,9:36:52.176040764,T,97.35,39000,97.48,100,TGT
2025-12-30,9:36:52.176060783,T,97.35,39000,97.47,100,TGT
2025-12-30,9:36:52.176156102,T,97.35,39000,97.44,100,TGT
2025-12-30,9:36:52.176266297,T,97.35,39000,97.41,100,TGT
2025-12-30,9:36:52.176607164,T,97.35,39200,97.41,100,TGT
2025-12-30,9:36:52.176827642,T,97.35,39200,97.44,100,TGT
2025-12-30,9:36:52.176852678,T,97.35,39200,97.47,100,TGT
2025-12-30,9:36:52.177008119,T,97.35,39300,97.47,100,TGT
2025-12-30,9:36:52.177093268,T,97.35,39400,97.47,100,TGT
2025-12-30,9:36:52.177965391,T,97.35,39200,97.47,100,TGT
2025-12-30,9:36:52.177975378,T,97.35,39100,97.47,100,TGT
2025-12-30,9:36:52.177975378,T,97.35,39000,97.47,100,TGT
2025-12-30,9:36:52.178005508,T,97.38,400,97.47,100,TGT
2025-12-30,9:36:52.186355346,T,97.38,400,97.5,100,TGT
2025-12-30,9:36:52.197913146,T,97.35,39000,97.5,100,TGT
2025-12-30,9:36:52.197913146,T,97.39,100,97.5,100,TGT
2025-12-30,9:36:52.197937935,T,97.42,400,97.5,100,TGT
2025-12-30,9:36:52.198033185,T,97.42,500,97.5,100,TGT
2025-12-30,9:36:52.276059093,T,97.42,500,97.55,1000,TGT
2025-12-30,9:36:52.307824783,T,97.42,500,97.55,1100,TGT
2025-12-30,9:36:52.573532956,T,97.43,100,97.55,1100,TGT
2025-12-30,9:36:52.573572811,T,97.43,100,97.55,1000,TGT
2025-12-30,9:36:52.573577823,T,97.43,500,97.55,1000,TGT
2025-12-30,9:36:52.573598270,T,97.43,600,97.55,1000,TGT
2025-12-30,9:36:52.573607916,T,97.43,500,97.55,1000,TGT
2025-12-30,9:36:52.573607916,T,97.43,100,97.55,1000,TGT
2025-12-30,9:36:52.573628043,T,97.42,100,97.55,1000,TGT
2025-12-30,9:36:52.573642998,T,97.42,100,97.55,1100,TGT
2025-12-30,9:36:52.573668105,T,97.42,100,97.46,100,TGT
2025-12-30,9:36:52.575016333,T,97.42,100,97.55,1100,TGT
2025-12-30,9:36:52.803896583,T,97.42,100,97.5,100,TGT
2025-12-30,9:36:53.429727516,T,97.42,100,97.55,1100,TGT
2025-12-30,9:36:53.429822861,T,97.4,100,97.55,1100,TGT
2025-12-30,9:36:53.429857849,T,97.4,100,97.5,100,TGT
2025-12-30,9:36:55.086504774,T,97.43,100,97.5,100,TGT
2025-12-30,9:36:55.086539600,T,97.43,100,97.53,100,TGT
2025-12-30,9:36:55.086579625,T,97.43,200,97.53,100,TGT
2025-12-30,9:37:04.456005745,T,97.43,100,97.53,100,TGT
2025-12-30,9:37:04.456005745,T,97.42,100,97.53,100,TGT
2025-12-30,9:37:04.456010849,T,97.4,100,97.53,100,TGT
2025-12-30,9:37:04.456030900,T,97.4,100,97.45,100,TGT
2025-12-30,9:37:04.456030900,T,97.4,100,97.45,200,TGT
2025-12-30,9:37:04.456366695,T,97.39,100,97.45,200,TGT
2025-12-30,9:37:04.456471953,T,97.35,39000,97.45,200,TGT
2025-12-30,9:37:04.456587148,T,97.35,39000,97.45,100,TGT
2025-12-30,9:37:04.556410024,T,97.35,39000,97.5,100,TGT
2025-12-30,9:37:04.557512647,T,97.35,39000,97.53,100,TGT
2025-12-30,9:37:05.750805551,T,97.38,100,97.53,100,TGT
2025-12-30,9:37:05.750880717,T,97.38,200,97.53,100,TGT
2025-12-30,9:37:11.008896924,T,97.38,200,97.55,1100,TGT
2025-12-30,9:37:11.008916931,T,97.41,100,97.55,1100,TGT
2025-12-30,9:37:11.008951992,T,97.41,200,97.55,1100,TGT
2025-12-30,9:37:11.009142416,T,97.41,200,97.53,100,TGT
2025-12-30,9:37:11.009167551,T,97.41,200,97.55,1100,TGT
2025-12-30,9:37:11.009182607,T,97.42,100,97.55,1100,TGT
2025-12-30,9:37:11.009222691,T,97.42,200,97.55,1100,TGT
2025-12-30,9:37:11.009398119,T,97.42,200,97.5,100,TGT
2025-12-30,9:37:11.010355305,T,97.42,100,97.5,100,TGT
2025-12-30,9:37:11.261759321,T,97.42,100,97.5,200,TGT
2025-12-30,9:37:11.261779352,T,97.42,100,97.5,100,TGT
2025-12-30,9:37:11.261799375,T,97.42,100,97.44,100,TGT
2025-12-30,9:37:11.619205823,T,97.41,200,97.44,100,TGT
2025-12-30,9:37:11.619220850,T,97.41,200,97.53,100,TGT
2025-12-30,9:37:11.619245950,T,97.41,200,97.42,100,TGT
2025-12-30,9:37:11.619271059,T,97.41,200,97.53,100,TGT
2025-12-30,9:37:11.619271059,T,97.41,200,97.44,100,TGT
2025-12-30,9:37:11.619286042,T,97.41,200,97.53,100,TGT
2025-12-30,9:37:11.619301095,T,97.41,100,97.53,100,TGT
2025-12-30,9:37:11.619476440,T,97.38,100,97.53,100,TGT
2025-12-30,9:37:11.620032833,T,97.38,100,97.55,1100,TGT
2025-12-30,9:37:12.670274839,T,97.38,100,97.53,100,TGT
2025-12-30,9:37:13.457941255,T,97.41,100,97.53,100,TGT
2025-12-30,9:37:13.458006452,T,97.41,200,97.53,100,TGT
2025-12-30,9:37:14.606652813,T,97.41,100,97.53,100,TGT
2025-12-30,9:37:14.606672953,T,97.38,100,97.53,100,TGT
2025-12-30,9:37:14.606687953,T,97.38,100,97.5,100,TGT
2025-12-30,9:37:14.606723056,T,97.38,100,97.47,100,TGT
2025-12-30,9:37:14.606723056,T,97.38,100,97.5,100,TGT
2025-12-30,9:37:14.606948551,T,97.38,100,97.48,100,TGT
2025-12-30,9:37:14.608231652,T,97.38,100,97.47,100,TGT
2025-12-30,9:37:14.608231652,T,97.38,100,97.43,100,TGT
2025-12-30,9:37:14.608346914,T,97.35,39000,97.43,100,TGT
2025-12-30,9:37:14.609509629,T,97.35,39000,97.48,100,TGT
2025-12-30,9:37:14.613709717,T,97.35,39000,97.5,100,TGT
2025-12-30,9:37:14.914661585,T,97.35,39000,97.53,100,TGT
2025-12-30,9:37:17.705981431,T,97.35,39000,97.53,200,TGT
2025-12-30,9:37:17.957350437,T,97.35,39000,97.53,100,TGT
2025-12-30,9:37:18.678387954,T,97.35,39000,97.5,100,TGT
2025-12-30,9:37:19.509723509,T,97.35,39000,97.52,100,TGT
2025-12-30,9:37:19.589247932,T,97.35,39000,97.53,100,TGT
2025-12-30,9:37:23.285889618,T,97.35,39000,97.55,1100,TGT
2025-12-30,9:37:25.995629956,T,97.35,39000,97.5,100,TGT
2025-12-30,9:37:25.996867985,T,97.35,39000,97.47,100,TGT
2025-12-30,9:37:25.996908090,T,97.35,39000,97.45,100,TGT
2025-12-30,9:37:25.996918068,T,97.35,39000,97.45,200,TGT
2025-12-30,9:37:25.996918068,T,97.35,39000,97.45,300,TGT
2025-12-30,9:37:25.996993185,T,97.35,39000,97.42,100,TGT
2025-12-30,9:37:25.997073443,T,97.35,39000,97.45,200,TGT
2025-12-30,9:37:25.997073443,T,97.35,39100,97.45,200,TGT
2025-12-30,9:37:25.997078410,T,97.35,39100,97.45,300,TGT
2025-12-30,9:37:25.997098537,T,97.35,39100,97.45,400,TGT
2025-12-30,9:37:25.997178658,T,97.35,39100,97.45,300,TGT
2025-12-30,9:37:25.997238817,T,97.35,39100,97.41,100,TGT
2025-12-30,9:37:25.997273895,T,97.35,39100,97.41,200,TGT
2025-12-30,9:37:25.997273895,T,97.35,39100,97.41,100,TGT
2025-12-30,9:37:25.997494424,T,97.35,39100,97.41,200,TGT
2025-12-30,9:37:25.997780116,T,97.35,31800,97.41,200,TGT
2025-12-30,9:37:25.997800149,T,97.35,31700,97.41,200,TGT
2025-12-30,9:37:25.997805229,T,97.35,31000,97.41,200,TGT
2025-12-30,9:37:25.997860515,T,97.35,31100,97.41,200,TGT
2025-12-30,9:37:25.997865290,T,97.35,31000,97.41,200,TGT
2025-12-30,9:37:25.997880516,T,97.35,31000,97.38,100,TGT
2025-12-30,9:37:25.997900600,T,97.35,31000,97.37,100,TGT
2025-12-30,9:37:25.997910419,T,97.35,11700,97.37,100,TGT
2025-12-30,9:37:25.997925472,T,97.35,2600,97.37,100,TGT
2025-12-30,9:37:25.997925472,T,97.35,100,97.37,100,TGT
2025-12-30,9:37:25.997930451,T,97.29,200,97.37,100,TGT
2025-12-30,9:37:25.997975575,T,97.32,100,97.37,100,TGT
2025-12-30,9:37:25.998045717,T,97.29,200,97.37,100,TGT
2025-12-30,9:37:25.998070784,T,97.29,200,97.36,100,TGT
2025-12-30,9:37:25.998070784,T,97.29,200,97.35,100,TGT
2025-12-30,9:37:25.998622115,T,97.29,200,97.36,100,TGT
2025-12-30,9:37:26.002386033,T,97.3,100,97.36,100,TGT
2025-12-30,9:37:26.009252438,T,97.3,100,97.37,100,TGT
2025-12-30,9:37:26.021857463,T,97.3,100,97.5,100,TGT
2025-12-30,9:37:26.023300938,T,97.3,100,97.45,100,TGT
2025-12-30,9:37:26.161911079,T,97.3,100,97.5,100,TGT
2025-12-30,9:37:26.997065975,T,97.3,100,97.45,100,TGT
2025-12-30,9:37:28.043573931,T,97.3,100,97.41,100,TGT
2025-12-30,9:37:28.131082453,T,97.3,100,97.45,100,TGT
2025-12-30,9:37:28.131959524,T,97.3,100,97.5,100,TGT
2025-12-30,9:37:29.195989364,T,97.31,100,97.5,100,TGT
2025-12-30,9:37:29.196916565,T,97.31,100,97.45,100,TGT
2025-12-30,9:37:29.200164287,T,97.31,100,97.5,100,TGT
2025-12-30,9:37:29.204710133,T,97.31,100,97.45,100,TGT
2025-12-30,9:37:29.307444845,T,97.31,100,97.5,100,TGT
2025-12-30,9:37:30.996864702,T,97.31,100,97.5,200,TGT
2025-12-30,9:37:31.013113388,T,97.32,100,97.5,200,TGT
2025-12-30,9:37:31.013183583,T,97.32,200,97.5,200,TGT
2025-12-30,9:37:31.242314446,T,97.32,200,97.5,300,TGT
2025-12-30,9:37:31.872405456,T,97.32,200,97.5,200,TGT
2025-12-30,9:37:32.646564774,T,97.32,200,97.41,100,TGT
2025-12-30,9:37:32.646985820,T,97.32,200,97.41,200,TGT
2025-12-30,9:37:32.848039813,T,97.32,200,97.41,100,TGT
2025-12-30,9:37:33.177555434,T,97.32,100,97.41,100,TGT
2025-12-30,9:37:33.177555434,T,97.31,100,97.41,100,TGT
2025-12-30,9:37:33.177575046,T,97.31,100,97.39,100,TGT
2025-12-30,9:37:33.177579915,T,97.31,100,97.36,100,TGT
2025-12-30,9:37:33.177579915,T,97.31,100,97.36,200,TGT
2025-12-30,9:37:33.177579915,T,97.31,100,97.36,300,TGT
2025-12-30,9:37:33.177625131,T,97.2,200,97.36,300,TGT
2025-12-30,9:37:33.177644993,T,97.2,200,97.35,100,TGT
2025-12-30,9:37:33.178081294,T,97.2,200,97.35,200,TGT
2025-12-30,9:37:33.178131193,T,97.2,200,97.33,100,TGT
2025-12-30,9:37:33.178211355,T,97.2,200,97.35,200,TGT
2025-12-30,9:37:33.179008216,T,97.2,200,97.32,100,TGT
2025-12-30,9:37:33.179564568,T,97.2,200,97.35,100,TGT
2025-12-30,9:37:33.179599718,T,97.2,200,97.32,100,TGT
2025-12-30,9:37:33.393549368,T,97.2,200,97.45,100,TGT
2025-12-30,9:37:33.395804710,T,97.2,200,97.33,100,TGT
2025-12-30,9:37:33.396200695,T,97.14,100,97.33,100,TGT
2025-12-30,9:37:33.396205725,T,97.14,300,97.33,100,TGT
2025-12-30,9:37:33.396225685,T,97.14,200,97.33,100,TGT
2025-12-30,9:37:33.396260844,T,97.14,300,97.33,100,TGT
2025-12-30,9:37:33.397333436,T,97.14,300,97.3,100,TGT
2025-12-30,9:37:33.397398518,T,97.14,200,97.3,100,TGT
2025-12-30,9:37:33.417431266,T,97.14,200,97.45,100,TGT
2025-12-30,9:37:37.206052033,T,97.14,200,97.3,100,TGT
2025-12-30,9:37:37.206468050,T,97.14,200,97.3,200,TGT
2025-12-30,9:37:37.206482996,T,97.14,200,97.3,300,TGT
2025-12-30,9:37:37.207405210,T,97.14,200,97.3,400,TGT
2025-12-30,9:37:37.511464567,T,97.14,200,97.3,300,TGT
2025-12-30,9:37:41.511534207,T,97.14,200,97.3,400,TGT
2025-12-30,9:37:43.292827721,T,97.14,200,97.3,300,TGT
2025-12-30,9:37:43.292832700,T,97.14,200,97.3,200,TGT
2025-12-30,9:37:43.292832700,T,97.14,200,97.3,100,TGT
2025-12-30,9:37:45.583354507,T,97.14,200,97.42,100,TGT
2025-12-30,9:37:48.494609984,T,97.14,200,97.45,300,TGT
2025-12-30,9:37:48.494645125,T,97.14,200,97.42,100,TGT
2025-12-30,9:38:00.743531233,T,97.14,200,97.4,100,TGT
2025-12-30,9:38:00.743771816,T,97.14,200,97.42,100,TGT
2025-12-30,9:38:00.819642577,T,97.14,200,97.28,100,TGT
2025-12-30,9:38:00.820063621,T,97.14,200,97.28,200,TGT
2025-12-30,9:38:00.820780268,T,97.0,200,97.28,200,TGT
2025-12-30,9:38:00.820785308,T,97.08,200,97.28,200,TGT
2025-12-30,9:38:00.828548761,T,97.08,200,97.28,100,TGT
2025-12-30,9:38:00.829651442,T,97.08,200,97.42,100,TGT
2025-12-30,9:38:01.827403159,T,97.18,100,97.42,100,TGT
2025-12-30,9:38:03.890653534,T,97.19,100,97.42,100,TGT
2025-12-30,9:38:03.890653534,T,97.19,200,97.42,100,TGT
2025-12-30,9:38:03.892713513,T,97.19,100,97.42,100,TGT
2025-12-30,9:38:03.893009160,T,97.19,100,97.4,100,TGT
2025-12-30,9:38:03.897550039,T,97.19,100,97.42,100,TGT
2025-12-30,9:38:04.090670096,T,97.18,100,97.42,100,TGT
2025-12-30,9:38:05.293410245,T,97.13,200,97.42,100,TGT
2025-12-30,9:38:05.296307190,T,97.13,200,97.28,100,TGT
2025-12-30,9:38:05.296968717,T,97.13,200,97.42,100,TGT
2025-12-30,9:38:05.297079066,T,97.13,200,97.4,100,TGT
2025-12-30,9:38:05.550196990,T,97.13,200,97.42,100,TGT
2025-12-30,9:38:06.526482971,T,97.22,400,97.42,100,TGT
2025-12-30,9:38:06.526553191,T,97.22,500,97.42,100,TGT
2025-12-30,9:38:07.138310487,T,97.22,500,97.28,100,TGT
2025-12-30,9:38:07.158794230,T,97.22,500,97.42,100,TGT
2025-12-30,9:38:07.159621301,T,97.22,500,97.4,100,TGT
2025-12-30,9:38:07.413591292,T,97.22,500,97.42,100,TGT
2025-12-30,9:38:17.945015522,T,97.23,100,97.42,100,TGT
2025-12-30,9:38:18.593650684,T,97.23,100,97.43,100,TGT
2025-12-30,9:38:18.593666127,T,97.24,100,97.43,100,TGT
2025-12-30,9:38:18.593680768,T,97.24,200,97.43,100,TGT
2025-12-30,9:38:18.593690812,T,97.24,300,97.43,100,TGT
2025-12-30,9:38:18.593821137,T,97.24,400,97.43,100,TGT
2025-12-30,9:38:18.594081700,T,97.24,300,97.43,100,TGT
2025-12-30,9:38:18.594172014,T,97.28,100,97.43,100,TGT
2025-12-30,9:38:18.594197026,T,97.28,100,97.37,100,TGT
2025-12-30,9:38:18.594552896,T,97.28,200,97.37,100,TGT
2025-12-30,9:38:18.607538776,T,97.28,100,97.37,100,TGT
2025-12-30,9:38:21.100748502,T,97.29,100,97.37,100,TGT
2025-12-30,9:38:21.100818651,T,97.29,200,97.37,100,TGT
2025-12-30,9:38:35.240378603,T,97.29,200,97.43,100,TGT
2025-12-30,9:38:35.240403742,T,97.33,100,97.43,100,TGT
2025-12-30,9:38:35.240468927,T,97.33,200,97.43,100,TGT
2025-12-30,9:38:35.240834753,T,97.33,300,97.43,100,TGT
2025-12-30,9:38:35.241165550,T,97.33,300,97.45,300,TGT
2025-12-30,9:38:35.241521342,T,97.33,400,97.45,300,TGT
2025-12-30,9:38:35.241556415,T,97.34,100,97.45,300,TGT
2025-12-30,9:38:35.244102441,T,97.34,100,97.45,100,TGT
2025-12-30,9:38:35.656880875,T,97.35,100,97.45,100,TGT
2025-12-30,9:38:35.656940969,T,97.35,200,97.45,100,TGT
2025-12-30,9:38:36.873624584,T,97.36,100,97.45,100,TGT
2025-12-30,9:38:36.873674715,T,97.36,200,97.45,100,TGT
2025-12-30,9:38:36.882485683,T,97.36,100,97.45,100,TGT
2025-12-30,9:38:37.324012529,T,97.36,100,97.46,100,TGT
2025-12-30,9:38:37.324052638,T,97.36,200,97.46,100,TGT
2025-12-30,9:38:37.324358287,T,97.36,100,97.46,100,TGT
2025-12-30,9:38:37.324669123,T,97.36,200,97.46,100,TGT
2025-12-30,9:38:37.326613746,T,97.36,100,97.46,100,TGT
2025-12-30,9:38:38.706932121,T,97.39,100,97.46,100,TGT
2025-12-30,9:38:38.707002272,T,97.39,200,97.46,100,TGT
2025-12-30,9:38:48.472892802,T,97.39,100,97.46,100,TGT
2025-12-30,9:38:48.472892802,T,97.36,100,97.46,100,TGT
2025-12-30,9:38:48.472912849,T,97.36,100,97.41,100,TGT
2025-12-30,9:38:48.472957968,T,97.36,100,97.4,100,TGT
2025-12-30,9:38:48.474366313,T,97.36,100,97.46,100,TGT
2025-12-30,9:38:48.480796602,T,97.37,100,97.46,100,TGT
2025-12-30,9:38:48.501074904,T,97.36,100,97.46,100,TGT
2025-12-30,9:38:48.501115005,T,97.28,100,97.46,100,TGT
2025-12-30,9:38:48.502097424,T,97.28,100,97.43,100,TGT
2025-12-30,9:38:48.502393059,T,97.3,100,97.43,100,TGT
2025-12-30,9:38:49.475681755,T,97.3,100,97.46,100,TGT
2025-12-30,9:38:49.478133198,T,97.31,100,97.46,100,TGT
2025-12-30,9:38:49.478177631,T,97.32,100,97.46,100,TGT
2025-12-30,9:38:56.662016772,T,97.34,100,97.46,100,TGT
2025-12-30,9:38:56.662081977,T,97.34,200,97.46,100,TGT
2025-12-30,9:38:57.508057329,T,97.35,100,97.46,100,TGT
2025-12-30,9:39:00.714150373,T,97.36,100,97.46,100,TGT
2025-12-30,9:39:00.714220430,T,97.36,200,97.46,100,TGT
2025-12-30,9:39:00.840466204,T,97.36,100,97.46,100,TGT
2025-12-30,9:39:00.840466204,T,97.35,100,97.46,100,TGT
2025-12-30,9:39:00.840491340,T,97.35,100,97.43,100,TGT
2025-12-30,9:39:00.840491340,T,97.34,200,97.43,100,TGT
2025-12-30,9:39:00.840506304,T,97.34,200,97.42,100,TGT
2025-12-30,9:39:00.840511410,T,97.34,200,97.42,200,TGT
2025-12-30,9:39:00.840511410,T,97.34,100,97.42,200,TGT
2025-12-30,9:39:00.840516389,T,97.34,100,97.42,300,TGT
2025-12-30,9:39:00.840531377,T,97.34,100,97.42,200,TGT
2025-12-30,9:39:00.841007626,T,97.34,100,97.38,100,TGT
2025-12-30,9:39:00.841012945,T,97.32,100,97.38,100,TGT
2025-12-30,9:39:00.841032570,T,97.32,100,97.36,100,TGT
2025-12-30,9:39:00.841593925,T,97.32,100,97.37,100,TGT
2025-12-30,9:39:00.841689201,T,97.23,200,97.37,100,TGT
2025-12-30,9:39:01.041039133,T,97.23,200,97.39,100,TGT
2025-12-30,9:39:01.785021469,T,97.23,200,97.39,300,TGT
2025-12-30,9:39:02.883112423,T,97.27,100,97.39,300,TGT
2025-12-30,9:39:08.139148997,T,97.27,100,97.39,400,TGT
2025-12-30,9:39:08.139374571,T,97.27,100,97.39,500,TGT
2025-12-30,9:39:10.057679640,T,97.27,100,97.39,600,TGT
2025-12-30,9:39:10.859133901,T,97.27,100,97.39,500,TGT
2025-12-30,9:39:12.144255398,T,97.27,100,97.39,400,TGT
2025-12-30,9:39:12.530555932,T,97.27,200,97.39,400,TGT
2025-12-30,9:39:15.505442984,T,97.27,200,97.39,200,TGT
2025-12-30,9:39:15.609716403,T,97.27,200,97.39,100,TGT
2025-12-30,9:39:23.138833077,T,97.27,100,97.39,100,TGT
2025-12-30,9:39:25.208864622,T,97.29,100,97.39,100,TGT
2025-12-30,9:39:35.231642290,T,97.3,100,97.39,100,TGT
2025-12-30,9:39:38.536741297,T,97.3,100,97.42,100,TGT
2025-12-30,9:39:38.536751250,T,97.31,100,97.42,100,TGT
2025-12-30,9:39:38.536771323,T,97.31,200,97.42,100,TGT
2025-12-30,9:39:38.536781361,T,97.31,200,97.43,100,TGT
2025-12-30,9:39:38.536781361,T,97.31,300,97.43,100,TGT
2025-12-30,9:39:38.536801357,T,97.31,200,97.43,100,TGT
2025-12-30,9:39:38.536836522,T,97.31,300,97.43,100,TGT
2025-12-30,9:39:38.536881602,T,97.33,100,97.43,100,TGT
2025-12-30,9:39:38.537026942,T,97.33,200,97.43,100,TGT
2025-12-30,9:39:38.537392753,T,97.33,100,97.43,100,TGT
2025-12-30,9:39:38.537477969,T,97.33,100,97.42,100,TGT
2025-12-30,9:39:38.893872152,T,97.34,100,97.42,100,TGT
2025-12-30,9:39:38.959182655,T,97.33,100,97.42,100,TGT
2025-12-30,9:39:38.959187625,T,97.33,100,97.43,100,TGT
2025-12-30,9:39:38.960270206,T,97.35,100,97.43,100,TGT
2025-12-30,9:39:38.960275167,T,97.35,200,97.43,100,TGT
2025-12-30,9:39:38.960325332,T,97.36,100,97.43,100,TGT
2025-12-30,9:39:38.960330330,T,97.36,100,97.46,100,TGT
2025-12-30,9:39:38.960350397,T,97.36,200,97.46,100,TGT
2025-12-30,9:39:38.963813693,T,97.38,100,97.46,100,TGT
2025-12-30,9:39:38.963848710,T,97.38,200,97.46,100,TGT
2025-12-30,9:39:39.550686759,T,97.39,100,97.46,100,TGT
2025-12-30,9:39:39.670056080,T,97.38,200,97.46,100,TGT
2025-12-30,9:39:46.078062139,T,97.38,200,97.49,100,TGT
2025-12-30,9:39:46.078077442,T,97.39,100,97.49,100,TGT
2025-12-30,9:39:46.078077442,T,97.39,200,97.49,100,TGT
2025-12-30,9:39:46.078192440,T,97.4,100,97.49,100,TGT
2025-12-30,9:39:46.278103615,T,97.38,200,97.49,100,TGT
2025-12-30,9:39:47.446867988,T,97.38,100,97.49,100,TGT
2025-12-30,9:39:48.450559151,T,97.4,100,97.49,100,TGT
2025-12-30,9:39:48.506948453,T,97.4,100,97.5,200,TGT
2025-12-30,9:39:48.581897011,T,97.41,100,97.5,200,TGT
2025-12-30,9:39:48.581962136,T,97.41,200,97.5,200,TGT
2025-12-30,9:39:48.582312997,T,97.41,100,97.5,200,TGT
2025-12-30,9:39:48.584037176,T,97.41,100,97.5,100,TGT
2025-12-30,9:39:48.584057191,T,97.43,100,97.5,100,TGT
2025-12-30,9:39:48.584127333,T,97.43,200,97.5,100,TGT
2025-12-30,9:39:48.592261732,T,97.43,200,97.52,100,TGT
2025-12-30,9:39:48.784138859,T,97.43,100,97.52,100,TGT
2025-12-30,9:39:49.439921103,T,97.45,100,97.52,100,TGT
2025-12-30,9:39:50.451942120,T,97.41,100,97.52,100,TGT
2025-12-30,9:39:50.451957205,T,97.41,100,97.47,100,TGT
2025-12-30,9:39:50.451962089,T,97.41,100,97.47,200,TGT
2025-12-30,9:39:50.451992203,T,97.41,100,97.47,300,TGT
2025-12-30,9:39:50.452032257,T,97.3,600,97.47,300,TGT
2025-12-30,9:39:50.452082438,T,97.3,500,97.47,300,TGT
2025-12-30,9:39:50.452172631,T,97.3,600,97.47,300,TGT
2025-12-30,9:39:50.452172631,T,97.38,100,97.47,300,TGT
2025-12-30,9:39:50.452513455,T,97.3,500,97.47,300,TGT
2025-12-30,9:39:50.452513455,T,97.3,500,97.47,200,TGT
2025-12-30,9:39:50.453114864,T,97.3,500,97.47,100,TGT
2025-12-30,9:39:50.463213864,T,97.3,500,97.48,100,TGT
2025-12-30,9:39:50.653041121,T,97.3,500,97.5,100,TGT
2025-12-30,9:39:50.660278355,T,97.3,500,97.52,100,TGT
2025-12-30,9:39:54.208706763,T,97.3,600,97.52,100,TGT
2025-12-30,9:39:54.369389647,T,97.3,700,97.52,100,TGT
2025-12-30,9:39:54.382891730,T,97.3,600,97.52,100,TGT
2025-12-30,9:39:54.573921852,T,97.3,500,97.52,100,TGT
2025-12-30,9:39:54.573962077,T,97.32,100,97.52,100,TGT
2025-12-30,9:39:54.574007013,T,97.3,500,97.52,100,TGT
2025-12-30,9:39:54.693622045,T,97.3,500,97.47,100,TGT
2025-12-30,9:39:54.936305144,T,97.3,500,97.52,100,TGT
2025-12-30,9:39:58.143024663,T,97.38,100,97.52,100,TGT
2025-12-30,9:39:58.148943806,T,97.38,100,97.53,300,TGT
2025-12-30,9:39:58.149239434,T,97.38,200,97.53,300,TGT
2025-12-30,9:39:58.149254517,T,97.38,200,97.53,200,TGT
2025-12-30,9:39:58.149274671,T,97.39,100,97.53,200,TGT
2025-12-30,9:39:58.149279599,T,97.44,100,97.53,200,TGT
2025-12-30,9:39:58.149319690,T,97.44,200,97.53,200,TGT
2025-12-30,9:39:58.149444917,T,97.46,100,97.53,200,TGT
2025-12-30,9:39:58.149505153,T,97.46,200,97.53,200,TGT
2025-12-30,9:39:58.150001297,T,97.46,100,97.53,200,TGT
2025-12-30,9:39:58.151329496,T,97.46,100,97.55,1000,TGT
2025-12-30,9:40:00.102347385,T,97.44,100,97.55,1000,TGT
2025-12-30,9:40:00.102372624,T,97.44,100,97.55,1100,TGT
2025-12-30,9:40:00.102372624,T,97.44,100,97.49,100,TGT
2025-12-30,9:40:00.102753372,T,97.3,500,97.49,100,TGT
2025-12-30,9:40:00.102923730,T,97.3,500,97.51,200,TGT
2025-12-30,9:40:00.109414250,T,97.3,500,97.51,100,TGT
2025-12-30,9:40:00.117232904,T,97.3,500,97.51,200,TGT
2025-12-30,9:40:00.118766550,T,97.3,500,97.51,300,TGT
2025-12-30,9:40:00.122475337,T,97.3,500,97.51,200,TGT
2025-12-30,9:40:00.149770417,T,97.42,100,97.51,200,TGT
2025-12-30,9:40:00.150186391,T,97.42,100,97.51,100,TGT
2025-12-30,9:40:00.202891967,T,97.42,100,97.52,100,TGT
2025-12-30,9:40:00.202942135,T,97.42,100,97.55,1000,TGT
2025-12-30,9:40:00.202982191,T,97.42,100,97.55,1100,TGT
2025-12-30,9:40:00.239053179,T,97.42,100,97.55,1200,TGT
2025-12-30,9:40:00.262423835,T,97.42,100,97.55,1100,TGT
2025-12-30,9:40:00.263150572,T,97.42,100,97.55,1000,TGT
2025-12-30,9:40:01.707070351,T,97.3,500,97.55,1000,TGT
2025-12-30,9:40:03.589199125,T,97.44,300,97.55,1000,TGT
2025-12-30,9:40:18.203565175,T,97.44,300,97.53,100,TGT
2025-12-30,9:40:18.203620302,T,97.44,200,97.53,100,TGT
2025-12-30,9:40:18.203640290,T,97.44,100,97.53,100,TGT
2025-12-30,9:40:18.203640290,T,97.44,100,97.52,100,TGT
2025-12-30,9:40:18.203710427,T,97.41,100,97.52,100,TGT
2025-12-30,9:40:18.203710427,T,97.32,200,97.52,100,TGT
2025-12-30,9:40:18.204938343,T,97.32,200,97.51,100,TGT
2025-12-30,9:40:18.210672098,T,97.32,200,97.52,100,TGT
2025-12-30,9:40:18.214987301,T,97.32,200,97.53,200,TGT
2025-12-30,9:40:18.215408384,T,97.32,200,97.53,100,TGT
2025-12-30,9:40:18.215428368,T,97.32,200,97.55,1100,TGT
2025-12-30,9:40:18.216911937,T,97.32,200,97.5,100,TGT
2025-12-30,9:40:18.220565850,T,97.32,200,97.5,200,TGT
2025-12-30,9:40:18.220565850,T,97.32,200,97.45,100,TGT
2025-12-30,9:40:18.227597355,T,97.32,200,97.48,200,TGT
2025-12-30,9:40:18.228449349,T,97.32,200,97.48,300,TGT
2025-12-30,9:40:18.228454386,T,97.32,200,97.47,100,TGT
2025-12-30,9:40:18.228494499,T,97.32,200,97.46,100,TGT
2025-12-30,9:40:18.232268504,T,97.21,100,97.46,100,TGT
2025-12-30,9:40:18.232278489,T,97.26,200,97.46,100,TGT
2025-12-30,9:40:18.238738958,T,97.26,200,97.47,100,TGT
2025-12-30,9:40:18.239651118,T,97.26,200,97.48,300,TGT
2025-12-30,9:40:18.322393245,T,97.26,200,97.48,200,TGT
2025-12-30,9:40:18.421078308,T,97.26,200,97.48,100,TGT
2025-12-30,9:40:19.223439800,T,97.26,200,97.48,200,TGT
2025-12-30,9:40:19.223555002,T,97.26,200,97.48,100,TGT
2025-12-30,9:40:19.223705396,T,97.26,200,97.48,200,TGT
2025-12-30,9:40:19.544294127,T,97.26,200,97.48,100,TGT
2025-12-30,9:40:19.544720143,T,97.26,200,97.48,200,TGT
2025-12-30,9:40:19.544750249,T,97.26,200,97.48,300,TGT
2025-12-30,9:40:20.223742806,T,97.26,200,97.47,100,TGT
2025-12-30,9:40:20.224188925,T,97.26,200,97.48,100,TGT
2025-12-30,9:40:20.224609927,T,97.26,200,97.48,200,TGT
2025-12-30,9:40:20.224639983,T,97.26,200,97.47,100,TGT
2025-12-30,9:40:20.305136675,T,97.26,200,97.47,200,TGT
2025-12-30,9:40:21.583592387,T,97.26,200,97.47,100,TGT
2025-12-30,9:40:22.658864059,T,97.26,200,97.48,100,TGT
2025-12-30,9:40:24.850615534,T,97.26,200,97.49,100,TGT
2025-12-30,9:40:27.643514164,T,97.34,100,97.49,100,TGT
2025-12-30,9:40:37.626512040,T,97.35,100,97.49,100,TGT
2025-12-30,9:40:41.478147697,T,97.37,100,97.49,100,TGT
2025-12-30,9:40:41.478177795,T,97.37,100,97.52,100,TGT
2025-12-30,9:40:45.118074306,T,97.37,100,97.52,200,TGT
2025-12-30,9:40:45.991895997,T,97.37,100,97.52,100,TGT
2025-12-30,9:40:51.000122114,T,97.26,200,97.52,100,TGT
2025-12-30,9:40:52.154161405,T,97.39,100,97.52,100,TGT
2025-12-30,9:40:52.695997252,T,97.26,200,97.52,100,TGT
2025-12-30,9:40:52.696007241,T,97.26,200,97.51,100,TGT
2025-12-30,9:40:52.696017286,T,97.26,200,97.42,100,TGT
2025-12-30,9:40:52.696368099,T,97.26,200,97.42,200,TGT
2025-12-30,9:40:52.696403228,T,97.26,200,97.42,100,TGT
2025-12-30,9:40:52.696473440,T,97.26,200,97.42,200,TGT
2025-12-30,9:40:52.696483947,T,97.26,200,97.42,100,TGT
2025-12-30,9:40:52.696578645,T,97.26,200,97.44,200,TGT
2025-12-30,9:40:52.696683928,T,97.26,200,97.44,100,TGT
2025-12-30,9:40:52.748166521,T,97.26,200,97.44,200,TGT
2025-12-30,9:40:52.748467262,T,97.26,200,97.42,100,TGT
2025-12-30,9:40:52.749078672,T,97.26,200,97.44,200,TGT
2025-12-30,9:40:52.796065595,T,97.26,200,97.44,100,TGT
2025-12-30,9:40:52.796687141,T,97.26,200,97.42,100,TGT
2025-12-30,9:40:52.805588361,T,97.26,200,97.44,100,TGT
2025-12-30,9:40:54.596354521,T,97.26,200,97.49,100,TGT
2025-12-30,9:40:54.606122745,T,97.26,200,97.49,200,TGT
2025-12-30,9:40:54.633317512,T,97.26,200,97.49,100,TGT
2025-12-30,9:40:55.160964520,T,97.27,100,97.49,100,TGT
2025-12-30,9:40:56.493388809,T,97.26,200,97.49,100,TGT
2025-12-30,9:41:01.300786748,T,97.23,100,97.49,100,TGT
2025-12-30,9:41:11.860548573,T,97.23,100,97.44,100,TGT
2025-12-30,9:41:11.860974638,T,97.23,100,97.44,200,TGT
2025-12-30,9:41:11.860984682,T,97.23,100,97.44,300,TGT
2025-12-30,9:41:11.943646602,T,97.23,100,97.44,400,TGT
2025-12-30,9:41:15.538024419,T,97.23,100,97.44,500,TGT
2025-12-30,9:41:15.538064549,T,97.23,100,97.42,100,TGT
2025-12-30,9:41:15.538355270,T,97.23,100,97.41,100,TGT
2025-12-30,9:41:15.538375347,T,97.23,100,97.42,100,TGT
2025-12-30,9:41:15.538385276,T,97.23,100,97.41,100,TGT
2025-12-30,9:41:15.538926620,T,97.23,100,97.41,200,TGT
2025-12-30,9:41:15.538941605,T,97.23,100,97.41,300,TGT
2025-12-30,9:41:15.539086982,T,97.23,100,97.41,400,TGT
2025-12-30,9:41:15.539117089,T,97.23,100,97.38,100,TGT
2025-12-30,9:41:15.540054253,T,97.23,100,97.41,400,TGT
2025-12-30,9:41:15.548980521,T,97.23,100,97.41,300,TGT
2025-12-30,9:41:15.548990641,T,97.23,100,97.41,200,TGT
2025-12-30,9:41:15.549211099,T,97.23,100,97.41,100,TGT
2025-12-30,9:41:15.549411590,T,97.23,100,97.41,200,TGT
2025-12-30,9:41:15.549446695,T,97.23,100,97.41,300,TGT
2025-12-30,9:41:15.588454651,T,97.23,100,97.41,200,TGT
2025-12-30,9:41:15.588599925,T,97.23,100,97.38,100,TGT
2025-12-30,9:41:15.588885598,T,97.23,100,97.37,100,TGT
2025-12-30,9:41:15.589051069,T,97.28,100,97.37,100,TGT
2025-12-30,9:41:15.589076102,T,97.28,100,97.38,100,TGT
2025-12-30,9:41:15.589436959,T,97.28,100,97.37,100,TGT
2025-12-30,9:41:15.589451975,T,97.28,100,97.37,200,TGT
2025-12-30,9:41:15.599791658,T,97.28,100,97.37,100,TGT
2025-12-30,9:41:15.599801630,T,97.28,100,97.38,100,TGT
2025-12-30,9:41:15.603134613,T,97.28,100,97.41,100,TGT
2025-12-30,9:41:15.615253387,T,97.23,100,97.41,100,TGT
2025-12-30,9:41:15.615278456,T,97.23,100,97.32,100,TGT
2025-12-30,9:41:15.615579246,T,97.23,100,97.32,200,TGT
2025-12-30,9:41:15.622305267,T,97.23,100,97.32,100,TGT
2025-12-30,9:41:15.694712698,T,97.29,400,97.32,100,TGT
2025-12-30,9:41:15.694762872,T,97.29,500,97.32,100,TGT
2025-12-30,9:41:15.695128767,T,97.29,500,97.32,200,TGT
2025-12-30,9:41:16.099030936,T,97.29,500,97.32,100,TGT
2025-12-30,9:41:16.099046062,T,97.29,500,97.41,100,TGT
2025-12-30,9:41:16.099046062,T,97.29,500,97.44,300,TGT
2025-12-30,9:41:16.099066148,T,97.31,100,97.44,300,TGT
2025-12-30,9:41:16.099111142,T,97.31,200,97.44,300,TGT
2025-12-30,9:41:16.099622321,T,97.31,100,97.44,300,TGT
2025-12-30,9:41:16.099832882,T,97.31,100,97.44,400,TGT
2025-12-30,9:41:16.099883003,T,97.31,100,97.44,500,TGT
2025-12-30,9:41:16.099892973,T,97.31,100,97.44,600,TGT
2025-12-30,9:41:16.481522176,T,97.31,100,97.44,500,TGT
2025-12-30,9:41:17.366776170,T,97.3,100,97.44,500,TGT
2025-12-30,9:41:17.366806257,T,97.29,500,97.44,500,TGT
2025-12-30,9:41:17.824095673,T,97.29,500,97.44,400,TGT
2025-12-30,9:41:18.286853043,T,97.29,500,97.44,300,TGT
2025-12-30,9:41:20.111740490,T,97.29,500,97.44,400,TGT
2025-12-30,9:41:23.332703815,T,97.29,400,97.44,400,TGT
2025-12-30,9:41:23.332703815,T,97.29,300,97.44,400,TGT
2025-12-30,9:41:23.332708913,T,97.29,300,97.44,500,TGT
2025-12-30,9:41:23.332724158,T,97.29,100,97.44,500,TGT
2025-12-30,9:41:23.332728913,T,97.23,100,97.44,500,TGT
2025-12-30,9:41:23.332728913,T,97.23,100,97.33,100,TGT
2025-12-30,9:41:23.332748987,T,97.23,100,97.33,200,TGT
2025-12-30,9:41:23.332748987,T,97.23,100,97.33,300,TGT
2025-12-30,9:41:23.333059741,T,97.23,100,97.33,400,TGT
2025-12-30,9:41:23.333305285,T,97.23,100,97.33,300,TGT
2025-12-30,9:41:23.339760641,T,97.23,100,97.33,100,TGT
2025-12-30,9:41:23.504828891,T,97.23,100,97.42,100,TGT
2025-12-30,9:41:23.505249861,T,97.23,100,97.42,200,TGT
2025-12-30,9:41:25.028203103,T,97.23,100,97.42,100,TGT
2025-12-30,9:41:27.404098233,T,97.23,100,97.31,200,TGT
2025-12-30,9:41:27.404118330,T,97.23,100,97.42,100,TGT
2025-12-30,9:41:27.404138339,T,97.29,100,97.42,100,TGT
2025-12-30,9:41:27.404529252,T,97.29,200,97.42,100,TGT
2025-12-30,9:41:27.404639566,T,97.29,200,97.44,200,TGT
2025-12-30,9:41:27.405235900,T,97.29,200,97.44,300,TGT
2025-12-30,9:41:27.405235900,T,97.29,100,97.44,300,TGT
2025-12-30,9:41:28.076795826,T,97.29,100,97.44,200,TGT
2025-12-30,9:42:09.112074947,T,97.31,100,97.44,200,TGT
2025-12-30,9:42:09.112145121,T,97.31,200,97.44,200,TGT
2025-12-30,9:42:32.369892557,T,97.36,100,97.44,200,TGT
2025-12-30,9:42:32.369962693,T,97.36,200,97.44,200,TGT
2025-12-30,9:42:32.370248378,T,97.38,100,97.44,200,TGT
2025-12-30,9:42:32.370283469,T,97.38,200,97.44,200,TGT
2025-12-30,9:42:32.370659414,T,97.38,300,97.44,200,TGT
2025-12-30,9:42:32.370684488,T,97.38,200,97.44,200,TGT
2025-12-30,9:42:32.370804776,T,97.38,100,97.44,200,TGT
2025-12-30,9:42:32.371331029,T,97.38,100,97.44,300,TGT
2025-12-30,9:42:32.371396197,T,97.38,100,97.42,100,TGT
2025-12-30,9:42:32.371396197,T,97.36,100,97.42,100,TGT
2025-12-30,9:42:32.371406457,T,97.36,100,97.41,100,TGT
2025-12-30,9:42:32.371962467,T,97.36,100,97.43,100,TGT
2025-12-30,9:42:32.372002565,T,97.36,100,97.44,300,TGT
2025-12-30,9:42:32.372273239,T,97.37,100,97.44,300,TGT
2025-12-30,9:42:32.372278209,T,97.37,100,97.44,200,TGT
2025-12-30,9:42:32.372308576,T,97.37,200,97.44,200,TGT
2025-12-30,9:42:32.372338379,T,97.37,100,97.44,200,TGT
2025-12-30,9:42:32.372338379,T,97.36,100,97.44,200,TGT
2025-12-30,9:42:32.372338379,T,97.36,100,97.44,300,TGT
2025-12-30,9:42:32.372348433,T,97.36,100,97.42,100,TGT
2025-12-30,9:42:32.372353447,T,97.36,100,97.44,300,TGT
2025-12-30,9:42:32.372358448,T,97.36,100,97.42,100,TGT
2025-12-30,9:42:32.372363448,T,97.36,100,97.41,100,TGT
2025-12-30,9:42:32.372378795,T,97.36,100,97.42,100,TGT
2025-12-30,9:42:32.372378795,T,97.36,100,97.41,100,TGT
2025-12-30,9:42:32.379400264,T,97.36,100,97.42,100,TGT
2025-12-30,9:42:32.421475661,T,97.36,100,97.44,300,TGT
2025-12-30,9:42:32.421495544,T,97.37,100,97.44,300,TGT
2025-12-30,9:42:32.421535601,T,97.37,200,97.44,300,TGT
2025-12-30,9:42:33.170003738,T,97.37,100,97.44,300,TGT
2025-12-30,9:42:33.170043753,T,97.36,100,97.44,300,TGT
2025-12-30,9:42:33.571389934,T,97.36,100,97.44,200,TGT
2025-12-30,9:42:34.048441355,T,97.36,100,97.44,300,TGT
2025-12-30,9:42:34.348375879,T,97.37,100,97.44,300,TGT
2025-12-30,9:42:34.348701848,T,97.38,100,97.44,300,TGT
2025-12-30,9:42:34.348736795,T,97.38,100,97.44,200,TGT
2025-12-30,9:42:34.349969744,T,97.4,100,97.44,200,TGT
2025-12-30,9:42:34.350004864,T,97.38,100,97.44,200,TGT
2025-12-30,9:42:34.358535118,T,97.38,100,97.44,100,TGT
2025-12-30,9:42:34.358540087,T,97.38,100,97.45,100,TGT
2025-12-30,9:42:34.358550155,T,97.4,100,97.45,100,TGT
2025-12-30,9:42:34.358560355,T,97.42,100,97.45,100,TGT
2025-12-30,9:42:34.358565231,T,97.43,100,97.45,100,TGT
2025-12-30,9:42:34.358635373,T,97.43,200,97.45,100,TGT
2025-12-30,9:42:34.358715591,T,97.44,100,97.45,100,TGT
2025-12-30,9:42:34.358750619,T,97.44,200,97.45,100,TGT
2025-12-30,9:42:34.358895975,T,97.44,100,97.45,100,TGT
2025-12-30,9:42:34.359076410,T,97.44,100,97.46,100,TGT
2025-12-30,9:42:34.359567584,T,97.44,100,97.48,100,TGT
2025-12-30,9:42:34.360043715,T,97.44,100,97.52,100,TGT
2025-12-30,9:42:34.387534191,T,97.43,100,97.52,100,TGT
2025-12-30,9:42:34.387544196,T,97.43,100,97.48,100,TGT
2025-12-30,9:42:34.387554278,T,97.43,100,97.47,100,TGT
2025-12-30,9:42:34.387554278,T,97.43,100,97.46,100,TGT
2025-12-30,9:42:34.387564246,T,97.43,100,97.44,100,TGT
2025-12-30,9:42:34.387564246,T,97.42,100,97.44,100,TGT
2025-12-30,9:42:34.387584442,T,97.42,100,97.44,200,TGT
2025-12-30,9:42:34.388581715,T,97.42,100,97.44,100,TGT
2025-12-30,9:42:34.388581715,T,97.42,100,97.47,100,TGT
2025-12-30,9:42:34.388611731,T,97.42,100,97.52,100,TGT
2025-12-30,9:42:38.001458679,T,97.43,100,97.52,100,TGT
2025-12-30,9:42:40.249273793,T,97.42,100,97.52,100,TGT
2025-12-30,9:42:40.249313904,T,97.42,100,97.47,100,TGT
2025-12-30,9:42:40.249338952,T,97.42,100,97.47,200,TGT
2025-12-30,9:42:40.249343918,T,97.42,100,97.47,100,TGT
2025-12-30,9:42:40.249429206,T,97.34,200,97.47,100,TGT
2025-12-30,9:42:40.249464227,T,97.34,100,97.47,100,TGT
2025-12-30,9:42:40.250371442,T,97.34,100,97.52,100,TGT
2025-12-30,9:42:44.619048874,T,97.34,100,97.55,1000,TGT
2025-12-30,9:42:44.619981169,T,97.41,100,97.55,1000,TGT
2025-12-30,9:42:44.619986186,T,97.43,100,97.55,1000,TGT
2025-12-30,9:42:44.620006213,T,97.41,100,97.55,1000,TGT
2025-12-30,9:42:44.620121491,T,97.41,200,97.55,1000,TGT
2025-12-30,9:42:44.620126514,T,97.44,100,97.55,1000,TGT
2025-12-30,9:42:44.620226788,T,97.44,200,97.55,1000,TGT
2025-12-30,9:42:44.623263970,T,97.45,100,97.55,1000,TGT
2025-12-30,9:42:44.623344330,T,97.45,200,97.55,1000,TGT
2025-12-30,9:42:44.823270444,T,97.45,100,97.55,1000,TGT
2025-12-30,9:42:45.383670559,T,97.47,100,97.55,1000,TGT
2025-12-30,9:42:45.383730693,T,97.47,200,97.55,1000,TGT
2025-12-30,9:42:45.554066485,T,97.47,200,97.55,900,TGT
2025-12-30,9:42:46.978680484,T,97.47,100,97.55,900,TGT
2025-12-30,9:42:48.842721065,T,97.48,100,97.55,900,TGT
2025-12-30,9:42:52.360486599,T,97.48,100,97.55,1000,TGT
2025-12-30,9:42:52.360486599,T,97.48,100,97.54,100,TGT
2025-12-30,9:42:52.360546735,T,97.48,100,97.54,200,TGT
2025-12-30,9:42:52.360932601,T,97.48,100,97.54,100,TGT
2025-12-30,9:42:52.361644337,T,97.47,100,97.54,100,TGT
2025-12-30,9:42:52.361669340,T,97.47,100,97.54,200,TGT
2025-12-30,9:42:52.361669340,T,97.47,100,97.51,100,TGT
2025-12-30,9:42:52.361674404,T,97.47,100,97.5,100,TGT
2025-12-30,9:42:52.361674404,T,97.47,100,97.48,100,TGT
2025-12-30,9:42:52.361705145,T,97.47,100,97.5,100,TGT
2025-12-30,9:42:52.361729491,T,97.48,100,97.5,100,TGT
2025-12-30,9:42:52.361729491,T,97.48,100,97.51,100,TGT
2025-12-30,9:42:52.361749587,T,97.48,200,97.51,100,TGT
2025-12-30,9:42:52.361759588,T,97.48,300,97.51,100,TGT
2025-12-30,9:42:52.362205597,T,97.48,300,97.5,100,TGT
2025-12-30,9:42:52.362325923,T,97.48,300,97.5,200,TGT
2025-12-30,9:42:52.365297962,T,97.48,300,97.5,100,TGT
2025-12-30,9:42:52.365333077,T,97.48,300,97.51,200,TGT
2025-12-30,9:42:52.380804917,T,97.49,100,97.51,200,TGT
2025-12-30,9:42:52.380850014,T,97.49,200,97.51,200,TGT
2025-12-30,9:42:52.380855131,T,97.49,300,97.51,200,TGT
2025-12-30,9:42:52.561756078,T,97.49,300,97.51,100,TGT
2025-12-30,9:42:53.189742230,T,97.5,100,97.51,100,TGT
2025-12-30,9:42:53.189752223,T,97.5,100,97.55,1000,TGT
2025-12-30,9:42:53.189792339,T,97.5,200,97.55,1000,TGT
2025-12-30,9:42:53.189802401,T,97.51,100,97.55,1000,TGT
2025-12-30,9:42:53.189852420,T,97.51,200,97.55,1000,TGT
2025-12-30,9:42:53.189912640,T,97.51,300,97.55,1000,TGT
2025-12-30,9:42:53.190073374,T,97.51,200,97.55,1000,TGT
2025-12-30,9:42:53.190093094,T,97.51,100,97.55,1000,TGT
2025-12-30,9:42:53.190098120,T,97.5,200,97.55,1000,TGT
2025-12-30,9:42:54.400050634,T,97.5,100,97.55,1000,TGT
2025-12-30,9:42:54.824792401,T,97.49,100,97.55,1000,TGT
2025-12-30,9:42:54.824812477,T,97.49,100,97.54,100,TGT
2025-12-30,9:42:54.824817474,T,97.49,100,97.52,100,TGT
2025-12-30,9:42:54.824852536,T,97.47,100,97.52,100,TGT
2025-12-30,9:42:54.825368795,T,97.47,100,97.54,100,TGT
2025-12-30,9:42:54.825398818,T,97.34,100,97.54,100,TGT
2025-12-30,9:42:54.826165705,T,97.34,100,97.55,1000,TGT
2025-12-30,9:42:55.079784876,T,97.48,100,97.55,1000,TGT
2025-12-30,9:42:55.079850005,T,97.48,200,97.55,1000,TGT
2025-12-30,9:43:05.250033749,T,97.48,100,97.55,1000,TGT
2025-12-30,9:43:05.250033749,T,97.35,200,97.55,1000,TGT
2025-12-30,9:43:05.250054162,T,97.35,200,97.55,1100,TGT
2025-12-30,9:43:05.250054162,T,97.35,200,97.5,100,TGT
2025-12-30,9:43:05.250058863,T,97.35,200,97.5,200,TGT
2025-12-30,9:43:05.250093925,T,97.35,200,97.5,100,TGT
2025-12-30,9:43:05.250109065,T,97.35,200,97.54,100,TGT
2025-12-30,9:43:05.250113999,T,97.35,200,97.52,100,TGT
2025-12-30,9:43:05.250118916,T,97.44,100,97.52,100,TGT
2025-12-30,9:43:05.250194314,T,97.44,200,97.52,100,TGT
2025-12-30,9:43:05.250329567,T,97.44,200,97.54,100,TGT
2025-12-30,9:43:05.250650183,T,97.44,300,97.54,100,TGT
2025-12-30,9:43:05.260157874,T,97.44,300,97.55,1100,TGT
2025-12-30,9:43:05.260162854,T,97.44,200,97.55,1100,TGT
2025-12-30,9:43:05.260177954,T,97.44,200,97.55,1000,TGT
2025-12-30,9:43:29.353746532,T,97.48,100,97.55,1000,TGT
2025-12-30,9:43:29.353776604,T,97.38,100,97.55,1000,TGT
2025-12-30,9:43:29.353801645,T,97.38,100,97.51,100,TGT
2025-12-30,9:43:29.353801645,T,97.48,100,97.51,100,TGT
2025-12-30,9:43:29.353812004,T,97.38,100,97.51,100,TGT
2025-12-30,9:43:29.353812004,T,97.38,100,97.55,1000,TGT
2025-12-30,9:43:29.354363055,T,97.38,100,97.55,1100,TGT
2025-12-30,9:43:29.354789078,T,97.38,100,97.55,1000,TGT
2025-12-30,9:43:29.354909352,T,97.38,100,97.55,1100,TGT
2025-12-30,9:43:29.480368185,T,97.41,100,97.55,1100,TGT
2025-12-30,9:43:29.480398317,T,97.41,100,97.55,1000,TGT
2025-12-30,9:43:31.004399070,T,97.38,100,97.55,1000,TGT
2025-12-30,9:43:31.730814556,T,97.38,200,97.55,1000,TGT
2025-12-30,9:43:32.746429312,T,97.41,100,97.55,1000,TGT
2025-12-30,9:43:32.746509290,T,97.41,200,97.55,1000,TGT
2025-12-30,9:43:39.693784879,T,97.41,100,97.55,1000,TGT
2025-12-30,9:43:39.693789877,T,97.35,200,97.55,1000,TGT
2025-12-30,9:43:39.693809997,T,97.35,200,97.44,100,TGT
2025-12-30,9:43:39.693809997,T,97.35,200,97.44,200,TGT
2025-12-30,9:43:39.693809997,T,97.35,200,97.44,300,TGT
2025-12-30,9:43:39.694361217,T,97.35,200,97.44,200,TGT
2025-12-30,9:43:39.694526600,T,97.32,100,97.44,200,TGT
2025-12-30,9:43:39.695288518,T,97.32,100,97.44,300,TGT
2025-12-30,9:43:39.695293485,T,97.32,100,97.41,100,TGT
2025-12-30,9:43:39.695849750,T,97.32,100,97.44,200,TGT
2025-12-30,9:43:39.695869813,T,97.32,100,97.44,100,TGT
2025-12-30,9:43:39.695884938,T,97.32,100,97.44,200,TGT
2025-12-30,9:43:39.696095441,T,97.32,100,97.43,100,TGT
2025-12-30,9:43:39.696275788,T,97.32,100,97.44,100,TGT
2025-12-30,9:43:39.698626435,T,97.35,100,97.44,100,TGT
2025-12-30,9:43:39.795166441,T,97.35,100,97.46,100,TGT
2025-12-30,9:43:39.902226510,T,97.32,100,97.46,100,TGT
2025-12-30,9:43:39.902246600,T,97.32,100,97.38,100,TGT
2025-12-30,9:43:39.902251613,T,97.32,100,97.38,200,TGT
2025-12-30,9:43:39.902472029,T,97.32,100,97.38,300,TGT
2025-12-30,9:43:39.902762832,T,97.32,100,97.38,200,TGT
2025-12-30,9:43:39.903304029,T,97.32,100,97.38,300,TGT
2025-12-30,9:43:39.903314085,T,97.32,100,97.38,200,TGT
2025-12-30,9:43:39.909278263,T,97.32,100,97.38,100,TGT
2025-12-30,9:43:40.103170229,T,97.32,100,97.43,100,TGT
2025-12-30,9:43:40.104147554,T,97.32,100,97.43,200,TGT
2025-12-30,9:43:40.104433276,T,97.32,100,97.43,300,TGT
2025-12-30,9:43:40.104443260,T,97.32,100,97.43,400,TGT
2025-12-30,9:43:40.105064763,T,97.32,100,97.41,100,TGT
2025-12-30,9:43:40.105796533,T,97.32,100,97.41,200,TGT
2025-12-30,9:43:40.110708224,T,97.32,100,97.41,100,TGT
2025-12-30,9:43:40.402583582,T,97.32,100,97.46,100,TGT
2025-12-30,9:43:40.404092204,T,97.32,100,97.46,200,TGT
2025-12-30,9:43:40.404102226,T,97.32,100,97.46,300,TGT
2025-12-30,9:43:40.657556022,T,97.32,100,97.46,200,TGT
2025-12-30,9:43:40.657566024,T,97.32,100,97.46,100,TGT
2025-12-30,9:43:40.701901614,T,97.32,100,97.45,100,TGT
2025-12-30,9:43:40.701931708,T,97.32,100,97.45,200,TGT
2025-12-30,9:43:40.702207354,T,97.28,300,97.45,200,TGT
2025-12-30,9:43:40.702222467,T,97.28,300,97.41,100,TGT
2025-12-30,9:43:40.702237461,T,97.28,300,97.38,100,TGT
2025-12-30,9:43:40.709254101,T,97.28,300,97.43,100,TGT
2025-12-30,9:43:41.355839417,T,97.33,100,97.43,100,TGT
2025-12-30,9:43:41.355904585,T,97.33,200,97.43,100,TGT
2025-12-30,9:43:42.382395079,T,97.33,200,97.45,200,TGT
2025-12-30,9:43:45.725053275,T,97.33,200,97.45,100,TGT
2025-12-30,9:43:45.725078352,T,97.33,200,97.46,100,TGT
2025-12-30,9:43:54.394832295,T,97.34,100,97.46,100,TGT
2025-12-30,9:43:54.394842357,T,97.34,200,97.46,100,TGT
2025-12-30,9:43:54.394887376,T,97.34,300,97.46,100,TGT
2025-12-30,9:43:54.395754497,T,97.34,300,97.43,100,TGT
2025-12-30,9:43:54.396175519,T,97.34,300,97.43,200,TGT
2025-12-30,9:43:54.396206011,T,97.34,200,97.43,200,TGT
2025-12-30,9:43:54.396210551,T,97.34,100,97.43,200,TGT
2025-12-30,9:43:54.396596509,T,97.34,100,97.43,300,TGT
2025-12-30,9:43:54.401864047,T,97.33,200,97.43,300,TGT
2025-12-30,9:43:54.407768166,T,97.33,200,97.43,400,TGT
2025-12-30,9:43:54.408028768,T,97.33,200,97.43,300,TGT
2025-12-30,9:43:54.408038815,T,97.33,200,97.43,200,TGT
2025-12-30,9:43:54.802944568,T,97.33,200,97.43,100,TGT
2025-12-30,9:43:54.956279931,T,97.33,100,97.43,100,TGT
2025-12-30,9:43:55.984810219,T,97.33,100,97.46,100,TGT
2025-12-30,9:43:56.222346112,T,97.37,100,97.46,100,TGT
2025-12-30,9:43:56.222411220,T,97.37,200,97.46,100,TGT
2025-12-30,9:43:56.223373566,T,97.37,200,97.46,200,TGT
2025-12-30,9:43:56.330699219,T,97.37,200,97.46,100,TGT
2025-12-30,9:43:56.905939603,T,97.37,200,97.45,100,TGT
2025-12-30,9:44:04.711409838,T,97.37,100,97.45,100,TGT
2025-12-30,9:44:06.601442450,T,97.38,100,97.45,100,TGT
2025-12-30,9:44:09.306060849,T,97.39,100,97.45,100,TGT
2025-12-30,9:44:09.306141080,T,97.39,200,97.45,100,TGT
2025-12-30,9:44:09.307459157,T,97.39,100,97.45,100,TGT
2025-12-30,9:44:09.313092517,T,97.38,100,97.45,100,TGT
2025-12-30,9:44:10.909490708,T,97.37,100,97.45,100,TGT
2025-12-30,9:44:11.759575885,T,97.41,100,97.45,100,TGT
2025-12-30,9:44:11.808337028,T,97.41,100,97.52,200,TGT
2025-12-30,9:44:12.230327334,T,97.41,100,97.51,100,TGT
2025-12-30,9:44:13.743572354,T,97.31,100,97.51,100,TGT
2025-12-30,9:44:13.759209596,T,97.31,200,97.51,100,TGT
2025-12-30,9:44:13.759435223,T,97.31,200,97.51,200,TGT
2025-12-30,9:44:13.788033366,T,97.31,100,97.51,200,TGT
2025-12-30,9:44:14.522583303,T,97.31,100,97.5,100,TGT
2025-12-30,9:44:14.743609797,T,97.43,100,97.5,100,TGT
2025-12-30,9:44:14.743679960,T,97.43,200,97.5,100,TGT
2025-12-30,9:44:49.396007965,T,97.43,200,97.51,100,TGT
2025-12-30,9:44:49.396028087,T,97.46,100,97.51,100,TGT
2025-12-30,9:44:49.396033009,T,97.49,100,97.51,100,TGT
2025-12-30,9:44:49.396048153,T,97.46,200,97.51,100,TGT
2025-12-30,9:44:49.396068141,T,97.46,100,97.51,100,TGT
2025-12-30,9:44:49.396168371,T,97.49,100,97.51,100,TGT
2025-12-30,9:44:49.396544329,T,97.49,100,97.55,1000,TGT
2025-12-30,9:44:49.396564360,T,97.49,200,97.55,1000,TGT
2025-12-30,9:44:49.396579501,T,97.49,100,97.55,1000,TGT
2025-12-30,9:44:49.396709634,T,97.5,100,97.55,1000,TGT
2025-12-30,9:44:49.396930186,T,97.49,100,97.55,1000,TGT
2025-12-30,9:44:49.396950204,T,97.5,100,97.55,1000,TGT
2025-12-30,9:44:49.396960302,T,97.49,100,97.55,1000,TGT
2025-12-30,9:44:49.397025487,T,97.51,100,97.55,1000,TGT
2025-12-30,9:44:49.397055445,T,97.51,200,97.55,1000,TGT
2025-12-30,9:44:49.397141068,T,97.52,100,97.55,1000,TGT
2025-12-30,9:44:49.397170781,T,97.52,200,97.55,1000,TGT
2025-12-30,9:44:49.397326154,T,97.52,300,97.55,1000,TGT
2025-12-30,9:44:49.397646981,T,97.52,200,97.55,1000,TGT
2025-12-30,9:44:49.397657357,T,97.52,100,97.55,1000,TGT
2025-12-30,9:44:49.397661955,T,97.51,200,97.55,1000,TGT
2025-12-30,9:44:49.397737114,T,97.51,200,97.55,1100,TGT
2025-12-30,9:44:49.398113033,T,97.51,100,97.55,1100,TGT
2025-12-30,9:44:49.398163093,T,97.51,100,97.55,1000,TGT
2025-12-30,9:44:49.398223234,T,97.49,100,97.55,1000,TGT
2025-12-30,9:44:49.398243545,T,97.49,100,97.52,100,TGT
2025-12-30,9:44:49.398799639,T,97.49,100,97.55,1000,TGT
2025-12-30,9:44:49.399631627,T,97.5,100,97.55,1000,TGT
2025-12-30,9:44:49.399661719,T,97.51,100,97.55,1000,TGT
2025-12-30,9:44:51.458992857,T,97.52,100,97.55,1000,TGT
2025-12-30,9:44:51.459017846,T,97.52,200,97.55,1000,TGT
2025-12-30,9:44:51.459077927,T,97.52,300,97.55,1000,TGT
2025-12-30,9:44:58.702649589,T,97.52,200,97.55,1000,TGT
2025-12-30,9:45:00.091167410,T,97.52,100,97.55,1000,TGT
2025-12-30,9:45:00.091167410,T,97.51,100,97.55,1000,TGT
2025-12-30,9:45:00.091197476,T,97.51,100,97.54,100,TGT
2025-12-30,9:45:00.091202459,T,97.51,100,97.54,200,TGT
2025-12-30,9:45:00.091753866,T,97.51,100,97.54,100,TGT
2025-12-30,9:45:00.094480291,T,97.51,100,97.55,1000,TGT
2025-12-30,9:45:00.094505395,T,97.52,100,97.55,1000,TGT
2025-12-30,9:45:00.094916338,T,97.53,100,97.55,1000,TGT
2025-12-30,9:45:00.117104234,T,97.53,200,97.55,1000,TGT
2025-12-30,9:45:00.358208723,T,97.53,100,97.55,1000,TGT
2025-12-30,9:45:00.358208723,T,97.51,100,97.55,1000,TGT
2025-12-30,9:45:00.358228734,T,97.51,100,97.54,100,TGT
2025-12-30,9:45:00.358238688,T,97.52,100,97.54,100,TGT
2025-12-30,9:45:00.358243755,T,97.51,100,97.54,100,TGT
2025-12-30,9:45:00.358278796,T,97.52,100,97.54,100,TGT
2025-12-30,9:45:00.358298846,T,97.51,100,97.54,100,TGT
2025-12-30,9:45:00.358790013,T,97.51,100,97.55,1000,TGT
2025-12-30,9:45:00.545660232,T,97.52,100,97.55,1000,TGT
2025-12-30,9:45:00.545690368,T,97.53,100,97.55,1000,TGT
2025-12-30,9:45:00.545695395,T,97.53,100,97.55,500,TGT
2025-12-30,9:45:00.545705418,T,97.53,100,97.55,600,TGT
2025-12-30,9:45:00.545715435,T,97.53,100,97.55,100,TGT
2025-12-30,9:45:00.545725431,T,97.53,100,97.61,200,TGT
2025-12-30,9:45:00.545746079,T,97.54,100,97.61,200,TGT
2025-12-30,9:45:00.545750725,T,97.54,200,97.61,200,TGT
2025-12-30,9:45:00.545805598,T,97.55,100,97.61,200,TGT
2025-12-30,9:45:00.545855784,T,97.54,100,97.61,200,TGT
2025-12-30,9:45:00.546061282,T,97.54,100,97.62,100,TGT
2025-12-30,9:45:00.546296843,T,97.55,100,97.62,100,TGT
2025-12-30,9:45:00.556581368,T,97.55,100,97.64,100,TGT
2025-12-30,9:45:00.556606348,T,97.55,100,97.65,300,TGT
2025-12-30,9:45:03.218152002,T,97.56,100,97.65,300,TGT
2025-12-30,9:45:03.959879343,T,97.55,100,97.65,300,TGT
2025-12-30,9:45:03.959904031,T,97.55,100,97.56,100,TGT
2025-12-30,9:45:03.959939166,T,97.54,100,97.56,100,TGT
2025-12-30,9:45:03.959974273,T,97.43,100,97.56,100,TGT
2025-12-30,9:45:03.959984249,T,97.42,200,97.56,100,TGT
2025-12-30,9:45:03.959994260,T,97.42,200,97.57,100,TGT
2025-12-30,9:45:03.960024311,T,97.54,100,97.57,100,TGT
2025-12-30,9:45:03.960244870,T,97.42,200,97.57,100,TGT
2025-12-30,9:45:03.960405244,T,97.42,200,97.56,100,TGT
2025-12-30,9:45:03.970845445,T,97.42,200,97.57,100,TGT
2025-12-30,9:45:03.970855145,T,97.42,200,97.64,100,TGT
2025-12-30,9:45:03.971441527,T,97.42,200,97.65,200,TGT
2025-12-30,9:45:06.326902996,T,97.42,200,97.65,300,TGT
2025-12-30,9:45:06.326928053,T,97.42,200,97.64,100,TGT
2025-12-30,9:45:06.327108451,T,97.42,200,97.57,100,TGT
2025-12-30,9:45:06.327529423,T,97.42,200,97.57,200,TGT
2025-12-30,9:45:06.330215874,T,97.53,100,97.57,200,TGT
2025-12-30,9:45:06.347857852,T,97.53,100,97.57,100,TGT
2025-12-30,9:45:06.555342150,T,97.42,300,97.57,100,TGT
2025-12-30,9:45:06.555362309,T,97.42,200,97.57,100,TGT
2025-12-30,9:45:06.555387254,T,97.42,200,97.56,100,TGT
2025-12-30,9:45:06.555803205,T,97.42,200,97.56,200,TGT
2025-12-30,9:45:06.575550282,T,97.42,200,97.56,100,TGT
2025-12-30,9:45:06.700888900,T,97.42,200,97.56,200,TGT
2025-12-30,9:45:06.701039192,T,97.42,200,97.56,100,TGT
2025-12-30,9:45:06.702753352,T,97.34,100,97.56,100,TGT
2025-12-30,9:45:06.702763321,T,97.37,200,97.56,100,TGT
2025-12-30,9:45:06.713113010,T,97.37,200,97.57,100,TGT
2025-12-30,9:45:07.718377893,T,97.44,100,97.57,100,TGT
2025-12-30,9:45:08.010659184,T,97.37,200,97.57,100,TGT
2025-12-30,9:45:08.110647382,T,97.37,300,97.57,100,TGT
2025-12-30,9:45:08.217777664,T,97.43,100,97.57,100,TGT
2025-12-30,9:45:08.331573727,T,97.37,300,97.57,100,TGT
2025-12-30,9:45:08.543237990,T,97.43,100,97.57,100,TGT
2025-12-30,9:45:10.046915160,T,97.46,100,97.57,100,TGT
2025-12-30,9:45:10.046920224,T,97.46,200,97.57,100,TGT
2025-12-30,9:45:10.046945305,T,97.46,100,97.57,100,TGT
2025-12-30,9:45:10.046945305,T,97.46,200,97.57,100,TGT
2025-12-30,9:45:10.047361291,T,97.46,100,97.57,100,TGT
2025-12-30,9:45:10.048268434,T,97.45,100,97.57,100,TGT
2025-12-30,9:45:10.053961991,T,97.44,100,97.57,100,TGT
2025-12-30,9:45:10.057264875,T,97.37,300,97.57,100,TGT
2025-12-30,9:45:10.328841883,T,97.47,100,97.57,100,TGT
2025-12-30,9:45:12.339126000,T,97.47,100,97.65,300,TGT
2025-12-30,9:45:21.051496612,T,97.37,200,97.65,300,TGT
2025-12-30,9:45:21.982765291,T,97.37,200,97.65,200,TGT
2025-12-30,9:45:22.011849568,T,97.51,100,97.65,200,TGT
2025-12-30,9:45:23.371929681,T,97.51,100,97.65,300,TGT
2025-12-30,9:45:25.040725300,T,97.51,100,97.61,100,TGT
2025-12-30,9:45:25.998978067,T,97.52,100,97.61,100,TGT
2025-12-30,9:45:26.202593193,T,97.51,100,97.61,100,TGT
2025-12-30,9:45:44.826772058,T,97.42,200,97.61,100,TGT
2025-12-30,9:45:44.826792099,T,97.42,200,97.53,100,TGT
2025-12-30,9:45:44.826797105,T,97.42,200,97.53,200,TGT
2025-12-30,9:45:44.826797105,T,97.42,200,97.51,100,TGT
2025-12-30,9:45:44.826927409,T,97.42,200,97.53,300,TGT
2025-12-30,9:45:44.827343596,T,97.42,200,97.53,200,TGT
2025-12-30,9:45:44.827503820,T,97.42,200,97.53,300,TGT
2025-12-30,9:45:44.827844619,T,97.42,200,97.53,200,TGT
2025-12-30,9:45:44.827844619,T,97.42,200,97.53,100,TGT
2025-12-30,9:45:44.837612900,T,97.42,200,97.61,200,TGT
2025-12-30,9:45:44.879813471,T,97.42,200,97.61,100,TGT
2025-12-30,9:45:57.025418202,T,97.43,100,97.61,100,TGT
2025-12-30,9:45:58.677463944,T,97.42,200,97.61,100,TGT
2025-12-30,9:45:59.404480810,T,97.45,100,97.61,100,TGT
2025-12-30,9:46:03.376638844,T,97.45,200,97.61,100,TGT
2025-12-30,9:46:03.444144631,T,97.45,100,97.61,100,TGT
2025-12-30,9:46:05.535531946,T,97.46,100,97.61,100,TGT
2025-12-30,9:46:05.535531946,T,97.49,100,97.61,100,TGT
2025-12-30,9:46:05.535587092,T,97.46,200,97.61,100,TGT
2025-12-30,9:46:05.535672359,T,97.49,100,97.61,100,TGT
2025-12-30,9:46:05.535742454,T,97.46,100,97.61,100,TGT
2025-12-30,9:46:05.536133439,T,97.46,200,97.61,100,TGT
2025-12-30,9:46:05.536138516,T,97.47,100,97.61,100,TGT
2025-12-30,9:46:05.536143482,T,97.48,100,97.61,100,TGT
2025-12-30,9:46:05.536309232,T,97.47,100,97.61,100,TGT
2025-12-30,9:46:05.536348947,T,97.48,100,97.61,100,TGT
2025-12-30,9:46:05.536379011,T,97.47,100,97.61,100,TGT
2025-12-30,9:46:05.536383978,T,97.52,100,97.61,100,TGT
2025-12-30,9:46:05.536549578,T,97.53,100,97.61,100,TGT
2025-12-30,9:46:05.536549578,T,97.53,200,97.61,100,TGT
2025-12-30,9:46:05.536564484,T,97.53,100,97.61,100,TGT
2025-12-30,9:46:05.737623439,T,97.45,100,97.61,100,TGT
2025-12-30,9:46:05.738124606,T,97.49,100,97.61,100,TGT
2025-12-30,9:46:05.738124606,T,97.54,100,97.61,100,TGT
2025-12-30,9:46:05.743537510,T,97.5,200,97.61,100,TGT
2025-12-30,9:46:05.745161419,T,97.5,100,97.61,100,TGT
2025-12-30,9:46:05.838142916,T,97.45,100,97.61,100,TGT
2025-12-30,9:46:05.868319833,T,97.42,300,97.61,100,TGT
2025-12-30,9:46:05.938627443,T,97.42,200,97.61,100,TGT
2025-12-30,9:46:06.015330071,T,97.42,300,97.61,100,TGT
2025-12-30,9:46:06.015355074,T,97.42,200,97.61,100,TGT
2025-12-30,9:46:06.015360132,T,97.42,300,97.61,100,TGT
2025-12-30,9:46:06.015680915,T,97.49,100,97.61,100,TGT
2025-12-30,9:46:06.015685856,T,97.52,100,97.61,100,TGT
2025-12-30,9:46:06.015761035,T,97.49,100,97.61,100,TGT
2025-12-30,9:46:06.015876479,T,97.43,100,97.61,100,TGT
2025-12-30,9:46:06.015906411,T,97.42,300,97.61,100,TGT
2025-12-30,9:46:06.016031774,T,97.42,200,97.61,100,TGT
2025-12-30,9:46:06.708386137,T,97.54,100,97.61,100,TGT
2025-12-30,9:46:07.830188726,T,97.54,100,97.63,100,TGT
2025-12-30,9:46:07.830188726,T,97.54,200,97.63,100,TGT
2025-12-30,9:46:07.830244010,T,97.57,100,97.63,100,TGT
2025-12-30,9:46:07.830248866,T,97.57,200,97.63,100,TGT
2025-12-30,9:46:07.830278936,T,97.57,100,97.63,100,TGT
2025-12-30,9:46:07.831707332,T,97.57,200,97.63,100,TGT
2025-12-30,9:46:07.831827614,T,97.57,100,97.63,100,TGT
2025-12-30,9:46:07.837240563,T,97.54,200,97.63,100,TGT
2025-12-30,9:46:07.840212608,T,97.55,100,97.63,100,TGT
2025-12-30,9:46:07.930778395,T,97.54,100,97.63,100,TGT
2025-12-30,9:46:08.748376115,T,97.42,300,97.63,100,TGT
2025-12-30,9:46:09.490088013,T,97.42,200,97.63,100,TGT
2025-12-30,9:46:09.797430256,T,97.54,100,97.63,100,TGT
2025-12-30,9:46:12.830525970,T,97.54,100,97.63,200,TGT
2025-12-30,9:46:19.651320262,T,97.54,100,97.63,100,TGT
2025-12-30,9:46:19.834531828,T,97.42,300,97.63,100,TGT
2025-12-30,9:46:19.834556810,T,97.42,200,97.63,100,TGT
2025-12-30,9:46:22.048751802,T,97.56,100,97.63,100,TGT
2025-12-30,9:46:27.545672231,T,97.45,200,97.63,100,TGT
2025-12-30,9:46:29.138632832,T,97.6,100,97.63,100,TGT
2025-12-30,9:46:29.138677281,T,97.45,200,97.63,100,TGT
2025-12-30,9:46:29.138697310,T,97.45,200,97.62,100,TGT
2025-12-30,9:46:29.139143367,T,97.45,200,97.62,200,TGT
2025-12-30,9:46:29.139729819,T,97.45,200,97.62,100,TGT
2025-12-30,9:46:29.148846483,T,97.45,200,97.61,100,TGT
2025-12-30,9:46:29.229904630,T,97.45,200,97.61,200,TGT
2025-12-30,9:46:29.693574236,T,97.45,200,97.61,100,TGT
2025-12-30,9:46:31.006993252,T,97.57,100,97.61,100,TGT
2025-12-30,9:46:33.462868968,T,97.45,400,97.61,100,TGT
2025-12-30,9:46:33.462889069,T,97.45,400,97.57,100,TGT
2025-12-30,9:46:33.463034327,T,97.45,400,97.59,100,TGT
2025-12-30,9:46:33.463445389,T,97.45,400,97.6,100,TGT
2025-12-30,9:46:33.463590802,T,97.45,400,97.59,100,TGT
2025-12-30,9:46:33.464562983,T,97.45,200,97.59,100,TGT
2025-12-30,9:46:33.464898776,T,97.46,100,97.59,100,TGT
2025-12-30,9:46:33.477147981,T,97.46,100,97.61,100,TGT
2025-12-30,9:46:33.478205460,T,97.46,100,97.61,200,TGT
2025-12-30,9:46:33.974041742,T,97.45,200,97.61,200,TGT
2025-12-30,9:46:33.974833569,T,97.45,200,97.61,300,TGT
2025-12-30,9:46:34.239829936,T,97.45,200,97.61,200,TGT
2025-12-30,9:46:35.841866476,T,97.45,200,97.61,100,TGT
2025-12-30,9:46:37.568770590,T,97.45,200,97.66,100,TGT
2025-12-30,9:46:37.569883280,T,97.45,400,97.66,100,TGT
2025-12-30,9:46:37.570063710,T,97.45,400,97.68,100,TGT
2025-12-30,9:46:37.570168970,T,97.45,400,97.66,100,TGT
2025-12-30,9:46:37.578097828,T,97.45,200,97.66,100,TGT
2025-12-30,9:46:37.778209513,T,97.45,200,97.66,200,TGT
2025-12-30,9:46:37.784800214,T,97.49,100,97.66,200,TGT
2025-12-30,9:46:38.724604038,T,97.49,100,97.66,100,TGT
2025-12-30,9:46:38.724604038,T,97.49,100,97.68,100,TGT
2025-12-30,9:46:42.466834284,T,97.45,200,97.68,100,TGT
2025-12-30,9:46:42.466854265,T,97.45,200,97.54,100,TGT
2025-12-30,9:46:42.466859308,T,97.45,200,97.54,200,TGT
2025-12-30,9:46:42.466859308,T,97.45,200,97.53,100,TGT
2025-12-30,9:46:42.466984599,T,97.45,200,97.53,200,TGT
2025-12-30,9:46:42.467024653,T,97.45,200,97.53,100,TGT
2025-12-30,9:46:42.467099839,T,97.45,200,97.53,200,TGT
2025-12-30,9:46:42.467129976,T,97.45,200,97.53,100,TGT
2025-12-30,9:46:42.467175081,T,97.45,200,97.54,200,TGT
2025-12-30,9:46:42.467410624,T,97.45,200,97.54,100,TGT
2025-12-30,9:46:42.567734579,T,97.45,200,97.66,100,TGT
2025-12-30,9:46:42.568516418,T,97.45,400,97.66,100,TGT
2025-12-30,9:46:42.568962495,T,97.45,400,97.68,100,TGT
2025-12-30,9:46:42.576791203,T,97.45,200,97.68,100,TGT
2025-12-30,9:46:47.909600850,T,97.45,200,97.68,200,TGT
2025-12-30,9:46:50.746248569,T,97.45,200,97.68,100,TGT
2025-12-30,9:46:50.746850034,T,97.45,100,97.68,100,TGT
2025-12-30,9:46:50.746850034,T,97.39,200,97.68,100,TGT
2025-12-30,9:46:50.746875046,T,97.39,200,97.51,100,TGT
2025-12-30,9:46:50.746875046,T,97.39,200,97.51,200,TGT
2025-12-30,9:46:50.746880065,T,97.39,200,97.51,300,TGT
