DATE,TIME_M,EX,BID,BIDSIZ,ASK,ASKSIZ,SYM_ROOT
2025-11-03,9:30:00.458849013,T,92.28,100,92.93,100,TGT
2025-11-03,9:30:00.469439253,T,92.28,100,93.18,400,TGT
2025-11-03,9:30:00.469724871,T,92.28,100,93.08,100,TGT
2025-11-03,9:30:00.469724871,T,92.28,100,92.94,100,TGT
2025-11-03,9:30:00.469729858,T,92.28,100,93.08,100,TGT
2025-11-03,9:30:00.472301080,T,92.2,100,93.08,100,TGT
2025-11-03,9:30:00.493341199,T,92.2,100,93.18,400,TGT
2025-11-03,9:30:01.407373843,T,92.2,100,93.13,100,TGT
2025-11-03,9:30:01.408421368,T,92.2,100,93.18,400,TGT
2025-11-03,9:30:01.409138156,T,92.2,100,93.12,100,TGT
2025-11-03,9:30:01.500280264,T,92.2,100,92.7,100,TGT
2025-11-03,9:30:01.500706244,T,92.2,100,92.7,200,TGT
2025-11-03,9:30:01.510830369,T,92.2,100,92.7,100,TGT
2025-11-03,9:30:01.608628410,T,92.2,100,92.59,100,TGT
2025-11-03,9:30:01.609054425,T,92.2,100,92.59,200,TGT
2025-11-03,9:30:01.617674890,T,92.2,100,92.5,100,TGT
2025-11-03,9:30:01.622100442,T,92.2,100,92.5,200,TGT
2025-11-03,9:30:01.622170612,T,92.2,100,92.5,100,TGT
2025-11-03,9:30:05.254915409,T,92.2,100,92.78,200,TGT
2025-11-03,9:30:05.254930456,T,92.38,100,92.78,200,TGT
2025-11-03,9:30:05.254940462,T,92.4,100,92.78,200,TGT
2025-11-03,9:30:05.254970535,T,92.38,100,92.78,200,TGT
2025-11-03,9:30:05.256038025,T,92.38,100,92.7,100,TGT
2025-11-03,9:30:05.256068094,T,92.38,100,92.7,200,TGT
2025-11-03,9:30:05.256268766,T,92.46,300,92.7,200,TGT
2025-11-03,9:30:05.256293719,T,92.38,100,92.7,200,TGT
2025-11-03,9:30:05.256293719,T,92.46,100,92.7,200,TGT
2025-11-03,9:30:05.256353816,T,92.46,200,92.7,200,TGT
2025-11-03,9:30:05.256363815,T,92.46,100,92.7,200,TGT
2025-11-03,9:30:05.256424086,T,92.46,200,92.7,200,TGT
2025-11-03,9:30:05.256449051,T,92.46,100,92.7,200,TGT
2025-11-03,9:30:05.256469122,T,92.46,200,92.7,200,TGT
2025-11-03,9:30:05.256489139,T,92.46,100,92.7,200,TGT
2025-11-03,9:30:05.364256017,T,92.46,100,92.7,300,TGT
2025-11-03,9:30:05.506359452,T,92.46,100,92.7,400,TGT
2025-11-03,9:30:05.506379759,T,92.46,100,92.7,300,TGT
2025-11-03,9:30:05.506379759,T,92.46,100,92.7,200,TGT
2025-11-03,9:30:05.506409547,T,92.46,100,92.58,200,TGT
2025-11-03,9:30:05.507441973,T,92.46,100,92.58,300,TGT
2025-11-03,9:30:05.838806414,T,92.46,100,92.58,100,TGT
2025-11-03,9:30:05.838851548,T,92.46,100,93.12,200,TGT
2025-11-03,9:30:05.838866616,T,92.46,100,93.12,100,TGT
2025-11-03,9:30:05.838871552,T,92.2,100,93.12,100,TGT
2025-11-03,9:30:05.838871552,T,92.52,100,93.12,100,TGT
2025-11-03,9:30:05.838936696,T,92.52,100,93.12,200,TGT
2025-11-03,9:30:05.838941715,T,92.52,100,93.12,300,TGT
2025-11-03,9:30:05.838956732,T,92.52,100,92.7,100,TGT
2025-11-03,9:30:05.838956732,T,92.52,100,92.7,200,TGT
2025-11-03,9:30:05.839137265,T,92.52,100,92.7,300,TGT
2025-11-03,9:30:05.839167895,T,92.52,100,92.7,400,TGT
2025-11-03,9:30:05.839167895,T,92.52,100,92.7,500,TGT
2025-11-03,9:30:05.839172395,T,92.52,100,92.7,600,TGT
2025-11-03,9:30:05.839182286,T,92.52,100,92.7,700,TGT
2025-11-03,9:30:05.839212357,T,92.52,100,92.7,800,TGT
2025-11-03,9:30:05.839337629,T,92.52,100,92.7,900,TGT
2025-11-03,9:30:05.839352701,T,92.52,100,92.7,1000,TGT
2025-11-03,9:30:05.839357677,T,92.52,100,92.7,1100,TGT
2025-11-03,9:30:05.839372789,T,92.52,100,92.7,1200,TGT
2025-11-03,9:30:05.839377805,T,92.52,100,92.7,1300,TGT
2025-11-03,9:30:05.839443187,T,92.2,100,92.7,1300,TGT
2025-11-03,9:30:05.839463342,T,92.2,100,92.66,100,TGT
2025-11-03,9:30:05.839468047,T,92.2,100,92.52,100,TGT
2025-11-03,9:30:05.839468047,T,92.2,100,92.52,200,TGT
2025-11-03,9:30:05.839473163,T,92.2,100,92.52,300,TGT
2025-11-03,9:30:05.839473163,T,92.2,100,92.52,400,TGT
2025-11-03,9:30:05.839473163,T,92.2,100,92.52,500,TGT
2025-11-03,9:30:05.839478364,T,92.2,100,92.52,600,TGT
2025-11-03,9:30:05.839478364,T,92.2,100,92.52,700,TGT
2025-11-03,9:30:05.839483149,T,92.2,100,92.52,800,TGT
2025-11-03,9:30:05.839483149,T,92.2,100,92.52,900,TGT
2025-11-03,9:30:05.839488355,T,92.2,100,92.52,1000,TGT
2025-11-03,9:30:05.839488355,T,92.2,100,92.52,1100,TGT
2025-11-03,9:30:05.839488355,T,92.2,100,92.52,1200,TGT
2025-11-03,9:30:05.839493093,T,92.2,100,92.52,1300,TGT
2025-11-03,9:30:05.839723550,T,92.2,100,92.52,1200,TGT
2025-11-03,9:30:05.839723550,T,92.2,100,92.52,1100,TGT
2025-11-03,9:30:05.839723550,T,92.2,100,92.52,1000,TGT
2025-11-03,9:30:05.839728584,T,92.2,100,92.52,900,TGT
2025-11-03,9:30:05.839733859,T,92.2,100,92.52,800,TGT
2025-11-03,9:30:05.839733859,T,92.2,100,92.52,700,TGT
2025-11-03,9:30:05.839739310,T,92.2,100,92.52,600,TGT
2025-11-03,9:30:05.839739310,T,92.2,100,92.52,500,TGT
2025-11-03,9:30:05.839739310,T,92.2,100,92.52,400,TGT
2025-11-03,9:30:05.839739310,T,92.2,100,92.52,300,TGT
2025-11-03,9:30:05.839739310,T,92.2,100,92.52,200,TGT
2025-11-03,9:30:05.839743963,T,92.2,100,92.52,100,TGT
2025-11-03,9:30:05.839743963,T,92.2,100,92.66,100,TGT
2025-11-03,9:30:05.839753689,T,92.39,100,92.66,100,TGT
2025-11-03,9:30:05.839889077,T,92.39,100,92.52,100,TGT
2025-11-03,9:30:05.839984220,T,92.39,100,92.66,100,TGT
2025-11-03,9:30:05.844429866,T,92.43,100,92.66,100,TGT
2025-11-03,9:30:05.852193326,T,92.43,100,92.66,200,TGT
2025-11-03,9:30:05.859465640,T,92.43,100,92.66,100,TGT
2025-11-03,9:30:05.864427437,T,92.2,100,92.66,100,TGT
2025-11-03,9:30:10.399246374,T,92.2,100,92.51,200,TGT
2025-11-03,9:30:10.400178599,T,92.2,100,92.51,300,TGT
2025-11-03,9:30:10.406774270,T,92.2,100,92.51,100,TGT
2025-11-03,9:30:10.406959669,T,92.2,100,92.49,200,TGT
2025-11-03,9:30:10.410959277,T,92.2,100,92.51,100,TGT
2025-11-03,9:30:10.410974239,T,92.2,100,92.56,100,TGT
2025-11-03,9:30:10.411776178,T,92.2,100,92.53,100,TGT
2025-11-03,9:30:10.418712762,T,92.2,100,92.53,200,TGT
2025-11-03,9:30:10.442775046,T,92.2,100,92.53,100,TGT
2025-11-03,9:30:10.444178451,T,92.2,100,92.53,200,TGT
2025-11-03,9:30:10.518615774,T,92.2,100,92.47,100,TGT
2025-11-03,9:30:10.519953987,T,92.2,100,92.47,200,TGT
2025-11-03,9:30:10.713825898,T,92.2,100,92.47,100,TGT
2025-11-03,9:30:10.717003459,T,92.2,100,92.45,100,TGT
2025-11-03,9:30:10.718055962,T,92.2,100,92.45,200,TGT
2025-11-03,9:30:10.813939464,T,92.2,100,92.45,100,TGT
2025-11-03,9:30:10.914378930,T,92.2,100,92.45,200,TGT
2025-11-03,9:30:11.247387150,T,92.2,100,92.45,100,TGT
2025-11-03,9:30:11.251045879,T,92.2,100,92.71,100,TGT
2025-11-03,9:30:13.159111618,T,92.2,100,93.12,100,TGT
2025-11-03,9:30:13.159146774,T,92.2,100,92.4,100,TGT
2025-11-03,9:30:15.803336231,T,92.14,100,92.4,100,TGT
2025-11-03,9:30:15.803602213,T,92.14,100,92.36,100,TGT
2025-11-03,9:30:15.803626957,T,92.01,100,92.36,100,TGT
2025-11-03,9:30:15.803636959,T,92.01,100,92.4,100,TGT
2025-11-03,9:30:15.803892932,T,92.01,100,92.32,100,TGT
2025-11-03,9:30:15.804128121,T,92.01,100,92.3,100,TGT
2025-11-03,9:30:15.804158165,T,92.01,100,92.28,100,TGT
2025-11-03,9:30:15.804644314,T,92.01,100,92.3,200,TGT
2025-11-03,9:30:15.810387992,T,92.01,100,92.3,100,TGT
2025-11-03,9:30:15.814588063,T,92.01,100,92.4,100,TGT
2025-11-03,9:30:15.982337695,T,92.02,100,92.4,100,TGT
2025-11-03,9:30:16.257593499,T,92.02,100,92.33,100,TGT
2025-11-03,9:30:21.196374834,T,92.02,100,92.33,200,TGT
2025-11-03,9:30:23.267439088,T,92.02,100,92.33,100,TGT
2025-11-03,9:30:23.274806590,T,92.14,100,92.33,100,TGT
2025-11-03,9:30:23.275057206,T,92.14,300,92.33,100,TGT
2025-11-03,9:30:23.275282913,T,92.14,300,92.33,200,TGT
2025-11-03,9:30:23.275413021,T,92.14,200,92.33,200,TGT
2025-11-03,9:30:23.275418139,T,92.14,100,92.33,200,TGT
2025-11-03,9:30:23.275433081,T,92.14,100,92.33,300,TGT
2025-11-03,9:30:23.275448130,T,92.14,100,92.3,100,TGT
2025-11-03,9:30:23.275453169,T,92.01,100,92.3,100,TGT
2025-11-03,9:30:23.275458225,T,92.01,100,92.33,300,TGT
2025-11-03,9:30:23.275528372,T,92.01,100,92.33,200,TGT
2025-11-03,9:30:23.277397789,T,92.11,100,92.33,200,TGT
2025-11-03,9:30:23.286594733,T,92.11,100,92.33,100,TGT
2025-11-03,9:30:23.384944616,T,92.11,100,92.33,200,TGT
2025-11-03,9:30:23.434050998,T,92.11,100,92.33,100,TGT
2025-11-03,9:30:25.750710350,T,92.11,100,92.4,200,TGT
2025-11-03,9:30:25.795797680,T,92.11,100,92.31,100,TGT
2025-11-03,9:30:31.420483444,T,92.11,100,92.31,200,TGT
2025-11-03,9:30:32.231465854,T,92.03,100,92.31,200,TGT
2025-11-03,9:30:32.231465854,T,92.01,100,92.31,200,TGT
2025-11-03,9:30:32.231510821,T,92.01,100,92.3,100,TGT
2025-11-03,9:30:32.231510821,T,92.01,100,92.21,100,TGT
2025-11-03,9:30:32.231926847,T,92.01,100,92.27,100,TGT
2025-11-03,9:30:32.231946907,T,92.01,100,92.3,100,TGT
2025-11-03,9:30:32.232212456,T,92.01,100,92.3,200,TGT
2025-11-03,9:30:32.232232540,T,92.01,100,92.3,100,TGT
2025-11-03,9:30:32.232758844,T,92.01,100,92.3,200,TGT
2025-11-03,9:30:32.232889152,T,92.01,100,92.24,100,TGT
2025-11-03,9:30:32.233069528,T,92.01,100,92.3,100,TGT
2025-11-03,9:30:32.233310138,T,92.01,100,92.24,100,TGT
2025-11-03,9:30:32.270714209,T,92.01,100,92.3,100,TGT
2025-11-03,9:30:32.431522381,T,92.01,100,92.31,100,TGT
2025-11-03,9:30:32.558595028,T,92.01,100,92.36,100,TGT
2025-11-03,9:30:33.259078812,T,92.01,100,92.36,200,TGT
2025-11-03,9:30:33.259113990,T,92.01,100,92.36,100,TGT
2025-11-03,9:30:33.259138988,T,92.01,100,92.38,100,TGT
2025-11-03,9:30:33.259149048,T,92.01,100,92.32,100,TGT
2025-11-03,9:30:34.061525547,T,92.01,100,92.27,100,TGT
2025-11-03,9:30:34.061946478,T,92.01,100,92.27,200,TGT
2025-11-03,9:30:34.064171875,T,92.01,100,92.24,100,TGT
2025-11-03,9:30:34.145214947,T,92.01,100,92.24,200,TGT
2025-11-03,9:30:34.187570812,T,92.01,100,92.24,100,TGT
2025-11-03,9:30:34.190307305,T,92.01,100,92.22,100,TGT
2025-11-03,9:30:34.212610482,T,92.01,100,92.22,200,TGT
2025-11-03,9:30:34.485686029,T,92.01,100,92.22,100,TGT
2025-11-03,9:30:35.359818635,T,92.01,100,92.32,100,TGT
2025-11-03,9:30:37.219113353,T,92.01,100,92.99,100,TGT
2025-11-03,9:30:37.219153390,T,92.01,100,92.28,100,TGT
2025-11-03,9:30:59.484995136,T,92.02,100,92.28,100,TGT
2025-11-03,9:30:59.485937463,T,92.01,100,92.28,100,TGT
2025-11-03,9:31:00.132783583,T,92.01,100,92.26,100,TGT
2025-11-03,9:31:00.132788536,T,92.01,100,92.15,100,TGT
2025-11-03,9:31:00.132813631,T,92.0,100,92.15,100,TGT
2025-11-03,9:31:00.132828672,T,92.0,100,92.26,100,TGT
2025-11-03,9:31:00.132833695,T,92.0,100,92.14,100,TGT
2025-11-03,9:31:00.132874064,T,91.99,100,92.14,100,TGT
2025-11-03,9:31:00.132949021,T,91.99,100,92.28,100,TGT
2025-11-03,9:31:00.149819107,T,91.99,100,92.22,100,TGT
2025-11-03,9:31:00.149829192,T,91.99,100,92.28,100,TGT
2025-11-03,9:31:00.149874267,T,91.99,100,92.28,200,TGT
2025-11-03,9:31:00.150215124,T,91.99,100,92.22,100,TGT
2025-11-03,9:31:00.150240194,T,91.99,100,92.12,100,TGT
2025-11-03,9:31:00.150240194,T,91.99,100,92.22,100,TGT
2025-11-03,9:31:00.150250149,T,91.99,100,92.1,100,TGT
2025-11-03,9:31:00.150255232,T,91.99,100,92.22,100,TGT
2025-11-03,9:31:00.150275202,T,91.99,100,92.1,100,TGT
2025-11-03,9:31:00.151267628,T,91.99,100,92.22,100,TGT
2025-11-03,9:31:00.151518448,T,91.99,100,92.06,100,TGT
2025-11-03,9:31:00.151919121,T,91.95,100,92.06,100,TGT
2025-11-03,9:31:00.151934231,T,91.98,100,92.06,100,TGT
2025-11-03,9:31:00.151949363,T,91.95,100,92.06,100,TGT
2025-11-03,9:31:00.151994352,T,91.95,100,92.22,100,TGT
2025-11-03,9:31:00.152029462,T,91.95,100,92.28,200,TGT
2025-11-03,9:31:00.152039440,T,91.95,100,92.28,100,TGT
2025-11-03,9:31:00.152079526,T,91.98,100,92.28,100,TGT
2025-11-03,9:31:00.152099747,T,91.98,100,92.28,200,TGT
2025-11-03,9:31:00.152109816,T,91.99,100,92.28,200,TGT
2025-11-03,9:31:00.152114746,T,92.03,100,92.28,200,TGT
2025-11-03,9:31:00.152114746,T,92.03,100,92.22,100,TGT
2025-11-03,9:31:00.152124654,T,92.03,100,92.28,200,TGT
2025-11-03,9:31:00.152134649,T,92.03,100,92.28,100,TGT
2025-11-03,9:31:00.152345183,T,92.03,100,92.22,100,TGT
2025-11-03,9:31:00.152350171,T,92.03,100,92.22,200,TGT
2025-11-03,9:31:00.152380305,T,92.03,100,92.22,300,TGT
2025-11-03,9:31:00.152400308,T,92.03,100,92.22,400,TGT
2025-11-03,9:31:00.152410293,T,92.03,100,92.22,500,TGT
2025-11-03,9:31:00.153563112,T,91.95,100,92.22,500,TGT
2025-11-03,9:31:00.156159235,T,91.98,100,92.22,500,TGT
2025-11-03,9:31:00.156189354,T,91.99,100,92.22,500,TGT
2025-11-03,9:31:00.156249489,T,91.99,100,92.12,100,TGT
2025-11-03,9:31:00.156254467,T,91.99,100,92.12,200,TGT
2025-11-03,9:31:00.156254467,T,91.99,100,92.12,300,TGT
2025-11-03,9:31:00.156259523,T,91.99,100,92.12,400,TGT
2025-11-03,9:31:00.156259523,T,91.99,100,92.12,500,TGT
2025-11-03,9:31:00.156324636,T,91.99,100,92.11,100,TGT
2025-11-03,9:31:00.156329627,T,91.99,100,92.11,200,TGT
2025-11-03,9:31:00.156329627,T,91.99,100,92.11,300,TGT
2025-11-03,9:31:00.156334697,T,91.99,100,92.11,400,TGT
2025-11-03,9:31:00.156334697,T,91.99,100,92.11,500,TGT
2025-11-03,9:31:00.156775795,T,91.99,100,92.1,100,TGT
2025-11-03,9:31:00.156781029,T,91.99,100,92.1,200,TGT
2025-11-03,9:31:00.156781029,T,91.99,100,92.1,300,TGT
2025-11-03,9:31:00.156785720,T,91.99,100,92.1,400,TGT
2025-11-03,9:31:00.156785720,T,91.99,100,92.1,500,TGT
2025-11-03,9:31:00.156855984,T,91.99,100,92.1,400,TGT
2025-11-03,9:31:00.187022870,T,91.99,100,92.1,500,TGT
2025-11-03,9:31:00.187047889,T,91.99,100,92.09,100,TGT
2025-11-03,9:31:00.187047889,T,91.99,100,92.09,200,TGT
2025-11-03,9:31:00.187053294,T,91.99,100,92.09,300,TGT
2025-11-03,9:31:00.187053294,T,91.99,100,92.09,400,TGT
2025-11-03,9:31:00.187057876,T,91.99,100,92.09,500,TGT
2025-11-03,9:31:00.277338130,T,91.99,100,92.09,400,TGT
2025-11-03,9:31:00.277338130,T,91.99,100,92.09,300,TGT
2025-11-03,9:31:00.277342954,T,91.99,100,92.09,200,TGT
2025-11-03,9:31:00.277342954,T,91.99,100,92.09,100,TGT
2025-11-03,9:31:00.277358051,T,91.99,100,92.28,100,TGT
2025-11-03,9:31:00.277393170,T,91.98,100,92.28,100,TGT
2025-11-03,9:31:00.277403099,T,91.99,100,92.28,100,TGT
2025-11-03,9:31:00.277443289,T,91.98,100,92.28,100,TGT
2025-11-03,9:31:00.278240183,T,91.99,100,92.28,100,TGT
2025-11-03,9:31:00.281953949,T,91.99,100,92.28,200,TGT
2025-11-03,9:31:00.281979108,T,91.99,100,92.28,100,TGT
2025-11-03,9:31:00.282349996,T,91.99,100,92.28,200,TGT
2025-11-03,9:31:00.282379993,T,91.99,100,92.28,100,TGT
2025-11-03,9:31:00.282505320,T,91.98,100,92.28,100,TGT
2025-11-03,9:31:00.282906279,T,91.99,100,92.28,100,TGT
2025-11-03,9:31:00.283046572,T,91.98,100,92.28,100,TGT
2025-11-03,9:31:00.585843010,T,91.98,100,92.22,100,TGT
2025-11-03,9:31:00.638889471,T,91.95,200,92.22,100,TGT
2025-11-03,9:31:00.654266036,T,91.95,100,92.22,100,TGT
2025-11-03,9:31:01.264033832,T,91.95,100,92.22,200,TGT
2025-11-03,9:31:03.039568839,T,91.95,100,92.22,100,TGT
2025-11-03,9:31:09.069800433,T,91.95,100,92.18,100,TGT
2025-11-03,9:31:09.069860764,T,91.95,100,92.1,100,TGT
2025-11-03,9:31:09.069900732,T,91.95,100,92.18,100,TGT
2025-11-03,9:31:11.112462060,T,92.0,100,92.18,100,TGT
2025-11-03,9:31:11.112883099,T,92.0,100,92.18,200,TGT
2025-11-03,9:31:11.119528874,T,91.95,100,92.18,200,TGT
2025-11-03,9:31:11.123914304,T,91.95,100,92.18,100,TGT
2025-11-03,9:31:12.056245501,T,91.95,100,92.23,100,TGT
2025-11-03,9:31:12.792389542,T,91.8,200,92.23,100,TGT
2025-11-03,9:31:13.065199473,T,91.8,200,92.13,100,TGT
2025-11-03,9:31:13.065229627,T,91.8,200,92.19,100,TGT
2025-11-03,9:31:13.065394900,T,91.8,200,92.22,100,TGT
2025-11-03,9:31:13.065475147,T,91.8,200,92.19,100,TGT
2025-11-03,9:31:13.068537370,T,91.8,200,92.22,200,TGT
2025-11-03,9:31:13.068562457,T,91.8,200,92.22,100,TGT
2025-11-03,9:31:13.265195904,T,91.8,200,92.23,200,TGT
2025-11-03,9:31:13.265215933,T,91.8,200,92.23,100,TGT
2025-11-03,9:31:16.919361684,T,91.8,200,92.23,200,TGT
2025-11-03,9:31:16.919366662,T,91.8,200,92.18,100,TGT
2025-11-03,9:31:16.919376753,T,91.8,200,92.23,200,TGT
2025-11-03,9:31:16.919381673,T,91.8,200,92.18,100,TGT
2025-11-03,9:31:16.919537025,T,91.8,200,92.23,200,TGT
2025-11-03,9:31:16.920088445,T,91.8,200,92.18,100,TGT
2025-11-03,9:31:16.920098382,T,91.8,200,92.23,200,TGT
2025-11-03,9:31:16.920113432,T,91.8,200,92.23,100,TGT
2025-11-03,9:31:16.920118430,T,91.8,200,92.23,200,TGT
2025-11-03,9:31:16.920208718,T,91.8,200,92.18,100,TGT
2025-11-03,9:31:16.920253812,T,91.8,200,92.23,200,TGT
2025-11-03,9:31:16.920268771,T,91.8,200,92.23,100,TGT
2025-11-03,9:31:16.920354130,T,91.8,300,92.23,100,TGT
2025-11-03,9:31:16.920359172,T,91.81,100,92.23,100,TGT
2025-11-03,9:31:16.920369087,T,91.8,300,92.23,100,TGT
2025-11-03,9:31:16.920384064,T,91.8,200,92.23,100,TGT
2025-11-03,9:31:16.920389108,T,91.8,300,92.23,100,TGT
2025-11-03,9:31:16.920444262,T,91.8,200,92.23,100,TGT
2025-11-03,9:31:16.920479295,T,91.8,300,92.23,100,TGT
2025-11-03,9:31:16.920504353,T,91.8,200,92.23,100,TGT
2025-11-03,9:31:16.920509380,T,91.8,300,92.23,100,TGT
2025-11-03,9:31:16.920539519,T,91.85,100,92.23,100,TGT
2025-11-03,9:31:16.920579535,T,91.8,300,92.23,100,TGT
2025-11-03,9:31:16.929966972,T,91.8,200,92.23,100,TGT
2025-11-03,9:31:16.929986929,T,91.8,200,92.23,200,TGT
2025-11-03,9:31:16.929992288,T,91.8,200,92.17,100,TGT
2025-11-03,9:31:16.930042142,T,91.8,200,92.23,200,TGT
2025-11-03,9:31:16.930162417,T,91.8,200,92.17,100,TGT
2025-11-03,9:31:16.930673654,T,91.8,200,92.06,100,TGT
2025-11-03,9:31:16.930698691,T,91.8,200,92.17,100,TGT
2025-11-03,9:31:16.930758841,T,91.8,200,92.23,200,TGT
2025-11-03,9:31:16.931645938,T,91.8,300,92.23,200,TGT
2025-11-03,9:31:16.931806839,T,91.8,300,92.17,100,TGT
2025-11-03,9:31:16.931811342,T,91.8,300,92.06,100,TGT
2025-11-03,9:31:16.939975825,T,91.8,300,92.17,100,TGT
2025-11-03,9:31:16.940000832,T,91.8,300,92.23,200,TGT
2025-11-03,9:31:16.940501983,T,91.8,200,92.23,200,TGT
2025-11-03,9:31:16.940602290,T,91.8,200,92.23,100,TGT
2025-11-03,9:31:17.378380298,T,91.71,100,92.23,100,TGT
2025-11-03,9:31:20.352185196,T,91.84,100,92.23,100,TGT
2025-11-03,9:31:21.099525760,T,91.84,100,92.33,200,TGT
2025-11-03,9:31:21.099570832,T,91.84,100,92.15,100,TGT
2025-11-03,9:31:23.735054868,T,91.84,100,92.08,100,TGT
2025-11-03,9:31:24.141753649,T,91.84,100,91.97,100,TGT
2025-11-03,9:31:24.141783699,T,91.84,100,92.04,100,TGT
2025-11-03,9:31:24.141793764,T,91.84,100,91.96,100,TGT
2025-11-03,9:31:24.148820618,T,91.84,100,92.08,100,TGT
2025-11-03,9:31:24.161019823,T,91.71,100,92.08,100,TGT
2025-11-03,9:31:24.161044934,T,91.71,100,92.07,100,TGT
2025-11-03,9:31:24.161044934,T,91.71,100,91.94,100,TGT
2025-11-03,9:31:24.161049646,T,91.71,100,91.94,200,TGT
2025-11-03,9:31:24.161079708,T,91.71,100,91.94,300,TGT
2025-11-03,9:31:24.162428100,T,91.71,100,91.94,200,TGT
2025-11-03,9:31:24.169855609,T,91.71,100,91.92,100,TGT
2025-11-03,9:31:24.169880666,T,91.71,100,91.93,100,TGT
2025-11-03,9:31:24.169885697,T,91.71,100,91.87,100,TGT
2025-11-03,9:31:24.176917432,T,91.71,100,91.9,100,TGT
2025-11-03,9:31:24.180350602,T,91.71,100,91.93,100,TGT
2025-11-03,9:31:24.194038299,T,91.71,100,91.93,200,TGT
2025-11-03,9:31:24.194043303,T,91.71,100,91.91,100,TGT
2025-11-03,9:31:24.194053681,T,91.7,100,91.91,100,TGT
2025-11-03,9:31:24.194058391,T,91.7,100,91.87,100,TGT
2025-11-03,9:31:24.194078284,T,91.7,100,91.84,100,TGT
2025-11-03,9:31:24.194093390,T,91.7,100,91.84,200,TGT
2025-11-03,9:31:24.194108737,T,91.7,100,91.84,100,TGT
2025-11-03,9:31:24.194158532,T,91.71,100,91.84,100,TGT
2025-11-03,9:31:24.194404123,T,91.76,100,91.84,100,TGT
2025-11-03,9:31:24.194409175,T,91.71,100,91.84,100,TGT
2025-11-03,9:31:24.194414181,T,91.76,100,91.84,100,TGT
2025-11-03,9:31:24.194414181,T,91.77,100,91.84,100,TGT
2025-11-03,9:31:24.194444258,T,91.76,100,91.84,100,TGT
2025-11-03,9:31:24.194464208,T,91.71,100,91.84,100,TGT
2025-11-03,9:31:24.194529455,T,91.71,100,91.93,200,TGT
2025-11-03,9:31:24.194584577,T,91.77,100,91.93,200,TGT
2025-11-03,9:31:24.194604538,T,91.71,100,91.93,200,TGT
2025-11-03,9:31:24.194604538,T,91.7,100,91.93,200,TGT
2025-11-03,9:31:24.194639637,T,91.76,100,91.93,200,TGT
2025-11-03,9:31:24.194639637,T,91.76,100,91.91,100,TGT
2025-11-03,9:31:24.194644701,T,91.77,100,91.91,100,TGT
2025-11-03,9:31:24.194669800,T,91.77,100,91.84,100,TGT
2025-11-03,9:31:24.194699868,T,91.77,100,91.91,100,TGT
2025-11-03,9:31:24.194709815,T,91.76,100,91.91,100,TGT
2025-11-03,9:31:24.194719818,T,91.76,100,91.93,200,TGT
2025-11-03,9:31:24.194729931,T,91.76,100,91.91,100,TGT
2025-11-03,9:31:24.194754907,T,91.76,100,91.93,200,TGT
2025-11-03,9:31:24.194759946,T,91.76,100,91.81,100,TGT
2025-11-03,9:31:24.204894096,T,91.76,100,91.93,100,TGT
2025-11-03,9:31:24.204914153,T,91.78,100,91.93,100,TGT
2025-11-03,9:31:24.205470516,T,91.77,100,91.93,100,TGT
2025-11-03,9:31:24.205961599,T,91.71,100,91.93,100,TGT
2025-11-03,9:31:24.244999667,T,91.71,100,91.94,100,TGT
2025-11-03,9:31:24.261073003,T,91.71,100,92.06,100,TGT
2025-11-03,9:31:24.361061207,T,91.71,100,92.08,200,TGT
2025-11-03,9:31:24.361086174,T,91.71,100,92.08,100,TGT
2025-11-03,9:31:24.466337031,T,91.71,100,92.03,100,TGT
2025-11-03,9:31:24.678582801,T,91.71,100,91.97,100,TGT
2025-11-03,9:31:24.688796966,T,91.71,100,92.03,100,TGT
2025-11-03,9:31:26.491998098,T,91.71,100,92.08,100,TGT
2025-11-03,9:31:26.538117933,T,91.71,100,91.98,100,TGT
2025-11-03,9:31:29.642338648,T,91.71,100,92.03,200,TGT
2025-11-03,9:31:32.371009791,T,91.75,100,92.03,200,TGT
2025-11-03,9:31:32.371029743,T,91.71,100,92.03,200,TGT
2025-11-03,9:31:32.371034765,T,91.79,100,92.03,200,TGT
2025-11-03,9:31:32.371034765,T,91.75,100,92.03,200,TGT
2025-11-03,9:31:32.371475871,T,91.71,100,92.03,200,TGT
2025-11-03,9:31:33.321043001,T,91.71,100,92.03,100,TGT
2025-11-03,9:31:33.321078187,T,91.71,100,91.94,100,TGT
2025-11-03,9:31:34.060329303,T,91.71,100,91.92,100,TGT
2025-11-03,9:31:40.370603170,T,91.7,100,91.92,100,TGT
2025-11-03,9:31:40.410247635,T,91.76,100,91.92,100,TGT
2025-11-03,9:31:40.412788598,T,91.7,100,91.92,100,TGT
2025-11-03,9:31:41.719090705,T,91.71,100,91.92,100,TGT
2025-11-03,9:31:41.719682121,T,91.7,100,91.92,100,TGT
2025-11-03,9:31:42.488599230,T,91.71,100,91.92,100,TGT
2025-11-03,9:31:42.488970123,T,91.7,100,91.92,100,TGT
2025-11-03,9:31:42.923199581,T,91.71,100,91.92,100,TGT
2025-11-03,9:31:42.950429488,T,91.7,100,91.92,100,TGT
2025-11-03,9:31:44.058384110,T,91.71,100,91.92,100,TGT
2025-11-03,9:31:44.058399063,T,91.75,100,91.92,100,TGT
2025-11-03,9:31:44.058414080,T,91.77,100,91.92,100,TGT
2025-11-03,9:31:44.058454254,T,91.71,100,91.92,100,TGT
2025-11-03,9:31:44.058664682,T,91.75,100,91.92,100,TGT
2025-11-03,9:31:44.059451679,T,91.75,100,91.94,100,TGT
2025-11-03,9:31:44.059471659,T,91.77,100,91.94,100,TGT
2025-11-03,9:31:44.059912659,T,91.77,100,92.06,200,TGT
2025-11-03,9:31:44.060128224,T,91.75,100,92.06,200,TGT
2025-11-03,9:31:44.060168256,T,91.89,100,92.06,200,TGT
2025-11-03,9:31:44.065009808,T,91.9,100,92.06,200,TGT
2025-11-03,9:31:44.065957098,T,91.9,100,92.06,300,TGT
2025-11-03,9:31:44.066022199,T,91.9,100,92.06,200,TGT
2025-11-03,9:31:44.066052377,T,91.77,100,92.06,200,TGT
2025-11-03,9:31:44.066192666,T,91.75,100,92.06,200,TGT
2025-11-03,9:31:44.221758310,T,91.75,100,92.04,100,TGT
2025-11-03,9:31:44.315807281,T,91.78,100,92.04,100,TGT
2025-11-03,9:31:44.346039361,T,91.75,100,92.04,100,TGT
2025-11-03,9:31:44.634646963,T,91.75,100,92.04,200,TGT
2025-11-03,9:31:45.036584555,T,91.71,100,92.04,200,TGT
2025-11-03,9:31:45.037050657,T,91.75,100,92.04,200,TGT
2025-11-03,9:31:45.069252379,T,91.71,100,92.04,200,TGT
2025-11-03,9:31:45.069257391,T,91.75,100,92.04,200,TGT
2025-11-03,9:31:45.114886078,T,91.71,100,92.04,200,TGT
2025-11-03,9:31:45.121717444,T,91.75,100,92.04,200,TGT
2025-11-03,9:31:45.142186132,T,91.71,100,92.04,200,TGT
2025-11-03,9:31:45.142191159,T,91.75,100,92.04,200,TGT
2025-11-03,9:31:47.611459014,T,91.71,100,92.04,200,TGT
2025-11-03,9:31:48.432119218,T,91.75,100,92.04,200,TGT
2025-11-03,9:31:48.432540204,T,91.75,100,92.04,100,TGT
2025-11-03,9:31:48.498492320,T,91.71,100,92.04,100,TGT
2025-11-03,9:31:48.498502300,T,91.75,100,92.04,100,TGT
2025-11-03,9:32:01.085790943,T,91.75,100,92.19,200,TGT
2025-11-03,9:32:01.085871098,T,91.71,100,92.19,200,TGT
2025-11-03,9:32:07.666995263,T,91.71,200,92.19,200,TGT
2025-11-03,9:32:07.666995263,T,91.75,100,92.19,200,TGT
2025-11-03,9:32:07.666995263,T,91.89,100,92.19,200,TGT
2025-11-03,9:32:07.667250775,T,91.89,200,92.19,200,TGT
2025-11-03,9:32:07.667812183,T,91.99,100,92.19,200,TGT
2025-11-03,9:32:07.668293278,T,91.99,100,92.19,400,TGT
2025-11-03,9:32:07.668769455,T,91.89,200,92.19,400,TGT
2025-11-03,9:32:07.668784548,T,91.89,100,92.19,400,TGT
2025-11-03,9:32:07.668839525,T,91.98,100,92.19,400,TGT
2025-11-03,9:32:07.668864687,T,91.9,100,92.19,400,TGT
2025-11-03,9:32:07.668884682,T,91.92,100,92.19,400,TGT
2025-11-03,9:32:07.669180770,T,91.92,100,92.19,200,TGT
2025-11-03,9:32:07.669185423,T,91.92,100,92.19,100,TGT
2025-11-03,9:32:07.669205461,T,91.92,100,92.57,100,TGT
2025-11-03,9:32:07.669215531,T,92.03,100,92.57,100,TGT
2025-11-03,9:32:07.669225545,T,92.11,100,92.57,100,TGT
2025-11-03,9:32:07.669345735,T,92.11,100,92.54,100,TGT
2025-11-03,9:32:07.669541301,T,92.11,100,92.26,100,TGT
2025-11-03,9:32:07.669621491,T,92.11,100,92.26,200,TGT
2025-11-03,9:32:07.669646555,T,92.11,100,92.19,100,TGT
2025-11-03,9:32:07.670167787,T,92.11,100,92.57,100,TGT
2025-11-03,9:32:07.670242935,T,92.11,100,92.54,100,TGT
2025-11-03,9:32:07.670252896,T,92.11,100,92.47,100,TGT
2025-11-03,9:32:07.670252896,T,92.11,100,92.28,100,TGT
2025-11-03,9:32:07.670283024,T,92.11,100,92.26,100,TGT
2025-11-03,9:32:07.670288046,T,92.11,100,92.28,200,TGT
2025-11-03,9:32:07.670418368,T,92.11,100,92.19,300,TGT
2025-11-03,9:32:07.670423338,T,92.11,100,92.19,500,TGT
2025-11-03,9:32:07.670523623,T,92.11,100,92.19,800,TGT
2025-11-03,9:32:07.670533635,T,92.11,100,92.19,900,TGT
2025-11-03,9:32:07.670593742,T,92.0,100,92.19,900,TGT
2025-11-03,9:32:07.670613806,T,91.9,100,92.19,900,TGT
2025-11-03,9:32:07.670638871,T,91.9,100,92.15,900,TGT
2025-11-03,9:32:07.670663894,T,91.9,100,92.15,1000,TGT
2025-11-03,9:32:07.670673971,T,91.9,100,92.15,900,TGT
2025-11-03,9:32:07.670744461,T,91.9,100,92.15,400,TGT
2025-11-03,9:32:07.670744461,T,91.9,100,92.28,100,TGT
2025-11-03,9:32:07.670749367,T,92.0,100,92.28,100,TGT
2025-11-03,9:32:07.670749367,T,92.0,100,92.15,800,TGT
2025-11-03,9:32:07.670759117,T,92.08,100,92.15,800,TGT
2025-11-03,9:32:07.670764151,T,92.08,100,92.15,1100,TGT
2025-11-03,9:32:07.670779234,T,92.08,100,92.15,300,TGT
2025-11-03,9:32:07.670789223,T,92.08,100,92.28,100,TGT
2025-11-03,9:32:07.670824307,T,92.0,100,92.28,100,TGT
2025-11-03,9:32:07.670849335,T,91.9,100,92.28,100,TGT
2025-11-03,9:32:07.671009729,T,92.0,100,92.28,100,TGT
2025-11-03,9:32:07.671064958,T,92.11,100,92.28,100,TGT
2025-11-03,9:32:07.671084961,T,92.11,200,92.28,100,TGT
2025-11-03,9:32:07.671099913,T,92.11,300,92.28,100,TGT
2025-11-03,9:32:07.671646380,T,92.12,100,92.28,100,TGT
2025-11-03,9:32:07.671651315,T,92.15,100,92.28,100,TGT
2025-11-03,9:32:07.671651315,T,92.15,200,92.28,100,TGT
2025-11-03,9:32:07.671681350,T,92.15,100,92.28,100,TGT
2025-11-03,9:32:07.671731433,T,92.15,200,92.28,100,TGT
2025-11-03,9:32:07.672252821,T,92.16,100,92.28,100,TGT
2025-11-03,9:32:07.672258045,T,92.2,100,92.28,100,TGT
2025-11-03,9:32:07.672322851,T,92.2,200,92.28,100,TGT
2025-11-03,9:32:07.672633667,T,92.2,100,92.28,100,TGT
2025-11-03,9:32:07.672633667,T,92.2,200,92.28,100,TGT
2025-11-03,9:32:07.673495741,T,92.2,100,92.28,100,TGT
2025-11-03,9:32:07.673576311,T,92.2,200,92.28,100,TGT
2025-11-03,9:32:07.673576311,T,92.2,100,92.28,100,TGT
2025-11-03,9:32:07.673580882,T,92.2,200,92.28,100,TGT
2025-11-03,9:32:07.673580882,T,92.21,100,92.28,100,TGT
2025-11-03,9:32:07.673585836,T,92.21,200,92.28,100,TGT
2025-11-03,9:32:07.673595933,T,92.21,300,92.28,100,TGT
2025-11-03,9:32:07.675525552,T,92.21,200,92.28,100,TGT
2025-11-03,9:32:07.680321962,T,92.21,200,92.46,100,TGT
2025-11-03,9:32:07.680963754,T,92.21,100,92.46,100,TGT
2025-11-03,9:32:07.680968770,T,92.0,100,92.46,100,TGT
2025-11-03,9:32:07.683980615,T,91.9,100,92.46,100,TGT
2025-11-03,9:32:07.684000761,T,91.91,100,92.46,100,TGT
2025-11-03,9:32:07.684030729,T,91.92,100,92.46,100,TGT
2025-11-03,9:32:07.684060795,T,92.0,100,92.46,100,TGT
2025-11-03,9:32:07.684080860,T,92.0,100,92.54,100,TGT
2025-11-03,9:32:07.691493513,T,91.9,100,92.54,100,TGT
2025-11-03,9:32:07.691513579,T,91.92,100,92.54,100,TGT
2025-11-03,9:32:07.694054723,T,91.93,100,92.54,100,TGT
2025-11-03,9:32:07.717340167,T,92.11,100,92.54,100,TGT
2025-11-03,9:32:07.717811311,T,92.0,100,92.54,100,TGT
2025-11-03,9:32:07.725469548,T,92.0,100,92.43,200,TGT
2025-11-03,9:32:07.753546432,T,92.11,100,92.43,200,TGT
2025-11-03,9:32:07.879185770,T,91.78,300,92.43,200,TGT
2025-11-03,9:32:08.656091661,T,91.85,100,92.43,200,TGT
2025-11-03,9:32:08.656156923,T,91.91,100,92.43,200,TGT
2025-11-03,9:32:08.656302168,T,91.95,100,92.43,200,TGT
2025-11-03,9:32:08.656307196,T,92.16,100,92.43,200,TGT
2025-11-03,9:32:08.656327295,T,92.08,100,92.43,200,TGT
2025-11-03,9:32:08.663338954,T,91.91,100,92.43,200,TGT
2025-11-03,9:32:08.663389176,T,92.16,100,92.43,200,TGT
2025-11-03,9:32:08.856448992,T,91.78,300,92.43,200,TGT
2025-11-03,9:32:11.107361673,T,91.85,100,92.43,200,TGT
2025-11-03,9:32:12.970600785,T,91.8,100,92.43,200,TGT
2025-11-03,9:32:16.143535027,T,91.89,200,92.43,200,TGT
2025-11-03,9:32:16.277824925,T,91.89,300,92.43,200,TGT
2025-11-03,9:32:16.278957614,T,91.89,200,92.43,200,TGT
2025-11-03,9:32:23.285580538,T,91.89,200,92.37,100,TGT
2025-11-03,9:32:23.285595646,T,91.89,200,92.29,100,TGT
2025-11-03,9:32:23.285630630,T,91.89,200,92.29,200,TGT
2025-11-03,9:32:23.285806142,T,91.89,200,92.29,300,TGT
2025-11-03,9:32:23.285936390,T,91.89,200,92.29,200,TGT
2025-11-03,9:32:23.297393661,T,91.89,200,92.28,100,TGT
2025-11-03,9:32:23.297413747,T,91.89,200,92.28,200,TGT
2025-11-03,9:32:23.297418837,T,91.89,200,92.22,100,TGT
2025-11-03,9:32:24.500555137,T,91.85,100,92.22,100,TGT
2025-11-03,9:32:24.500580197,T,91.81,100,92.22,100,TGT
2025-11-03,9:32:25.762206029,T,91.95,100,92.22,100,TGT
2025-11-03,9:32:25.762526803,T,91.81,100,92.22,100,TGT
2025-11-03,9:32:25.772706093,T,91.95,100,92.22,100,TGT
2025-11-03,9:32:25.773823739,T,91.81,100,92.22,100,TGT
2025-11-03,9:32:25.782769982,T,91.95,100,92.22,100,TGT
2025-11-03,9:32:26.105398618,T,91.81,100,92.22,100,TGT
2025-11-03,9:32:35.679157726,T,91.81,100,92.2,100,TGT
2025-11-03,9:32:35.679182773,T,91.8,100,92.2,100,TGT
2025-11-03,9:32:35.679182773,T,91.8,100,92.09,100,TGT
2025-11-03,9:32:35.679187743,T,91.8,100,92.09,200,TGT
2025-11-03,9:32:35.679523558,T,91.8,100,92.06,100,TGT
2025-11-03,9:32:35.679618783,T,91.8,100,92.09,200,TGT
2025-11-03,9:32:35.679744071,T,91.8,100,92.09,100,TGT
2025-11-03,9:32:35.679844319,T,91.8,100,92.06,100,TGT
2025-11-03,9:32:35.680230270,T,91.8,100,92.09,100,TGT
2025-11-03,9:32:35.680250382,T,91.8,100,92.2,200,TGT
2025-11-03,9:32:35.680961955,T,91.8,100,92.2,300,TGT
2025-11-03,9:32:35.681413076,T,91.81,100,92.2,300,TGT
2025-11-03,9:32:35.681448187,T,91.8,100,92.2,300,TGT
2025-11-03,9:32:35.681483283,T,91.8,100,92.17,100,TGT
2025-11-03,9:32:35.681513297,T,91.8,100,92.15,100,TGT
2025-11-03,9:32:35.695050589,T,91.8,100,92.14,100,TGT
2025-11-03,9:32:35.695085588,T,91.8,100,92.14,200,TGT
2025-11-03,9:32:35.695576918,T,91.8,100,92.14,100,TGT
2025-11-03,9:32:35.695601895,T,91.8,100,92.15,100,TGT
2025-11-03,9:32:35.696042982,T,91.8,100,92.14,100,TGT
2025-11-03,9:32:35.696128089,T,91.81,100,92.14,100,TGT
2025-11-03,9:32:35.696423868,T,91.81,100,92.15,100,TGT
2025-11-03,9:32:35.697756988,T,91.8,100,92.15,100,TGT
2025-11-03,9:32:35.730314564,T,91.8,100,92.14,100,TGT
2025-11-03,9:32:35.730344612,T,91.8,100,92.14,200,TGT
2025-11-03,9:32:35.731266832,T,91.8,100,92.14,100,TGT
2025-11-03,9:32:35.731296852,T,91.8,100,92.15,100,TGT
2025-11-03,9:32:35.731542457,T,91.81,100,92.15,100,TGT
2025-11-03,9:32:35.843389030,T,91.8,100,92.15,100,TGT
2025-11-03,9:32:37.429021674,T,91.81,100,92.15,100,TGT
2025-11-03,9:32:37.442283281,T,91.8,100,92.15,100,TGT
2025-11-03,9:32:37.787646117,T,91.81,100,92.15,100,TGT
2025-11-03,9:32:37.963189402,T,91.8,100,92.15,100,TGT
2025-11-03,9:32:39.162150781,T,91.81,100,92.15,100,TGT
2025-11-03,9:32:39.162155780,T,91.85,100,92.15,100,TGT
2025-11-03,9:32:39.162857420,T,91.81,100,92.15,100,TGT
2025-11-03,9:32:39.162857420,T,91.8,100,92.15,100,TGT
2025-11-03,9:32:39.163569083,T,91.81,100,92.15,100,TGT
2025-11-03,9:32:39.163884897,T,91.8,100,92.15,100,TGT
2025-11-03,9:32:41.525701780,T,91.8,100,92.14,100,TGT
2025-11-03,9:32:45.025224130,T,91.8,100,92.14,200,TGT
2025-11-03,9:32:45.026612402,T,91.8,100,92.13,100,TGT
2025-11-03,9:32:45.066001225,T,91.8,100,92.13,200,TGT
2025-11-03,9:32:45.230698654,T,91.8,100,92.1,1000,TGT
2025-11-03,9:32:45.235189630,T,91.81,100,92.1,1000,TGT
2025-11-03,9:32:45.235194365,T,91.85,100,92.1,1000,TGT
2025-11-03,9:32:45.235745691,T,91.81,100,92.1,1000,TGT
2025-11-03,9:32:45.235745691,T,91.8,100,92.1,1000,TGT
2025-11-03,9:32:45.235906313,T,91.81,100,92.1,1000,TGT
2025-11-03,9:32:45.235911117,T,91.85,100,92.1,1000,TGT
2025-11-03,9:32:45.236106605,T,91.81,100,92.1,1000,TGT
2025-11-03,9:32:45.236116567,T,91.8,100,92.1,1000,TGT
2025-11-03,9:32:45.236527565,T,91.81,100,92.1,1000,TGT
2025-11-03,9:32:45.236582725,T,91.8,100,92.1,1000,TGT
2025-11-03,9:32:45.238041195,T,91.81,100,92.1,1000,TGT
2025-11-03,9:32:45.240943117,T,91.8,100,92.1,1000,TGT
2025-11-03,9:32:45.245960055,T,91.81,100,92.1,1000,TGT
2025-11-03,9:32:45.245960055,T,91.85,100,92.1,1000,TGT
2025-11-03,9:32:45.963655028,T,91.81,100,92.1,1000,TGT
2025-11-03,9:32:45.963655028,T,91.8,100,92.1,1000,TGT
2025-11-03,9:32:46.007238825,T,91.81,100,92.1,1000,TGT
2025-11-03,9:32:46.065718146,T,91.8,100,92.1,1000,TGT
2025-11-03,9:32:46.427164344,T,91.81,100,92.1,1000,TGT
2025-11-03,9:32:46.695573767,T,91.8,100,92.1,1000,TGT
2025-11-03,9:32:46.970614038,T,91.8,100,92.09,100,TGT
2025-11-03,9:32:46.970664183,T,91.8,100,92.1,1000,TGT
2025-11-03,9:32:46.970779417,T,91.8,100,92.09,100,TGT
2025-11-03,9:32:47.410446839,T,91.81,100,92.09,100,TGT
2025-11-03,9:32:47.833184007,T,91.81,100,92.1,1000,TGT
2025-11-03,9:32:49.562894864,T,91.9,100,92.1,1000,TGT
2025-11-03,9:32:52.893735507,T,91.9,100,92.1,1200,TGT
2025-11-03,9:32:52.895459551,T,91.9,100,92.09,100,TGT
2025-11-03,9:32:53.213943702,T,91.9,100,92.08,200,TGT
2025-11-03,9:32:53.213983524,T,91.9,100,92.08,300,TGT
2025-11-03,9:32:54.041215017,T,91.9,100,92.08,100,TGT
2025-11-03,9:32:54.041219316,T,91.9,100,92.09,100,TGT
2025-11-03,9:32:54.041229332,T,91.94,100,92.09,100,TGT
2025-11-03,9:32:54.041239327,T,92.02,100,92.09,100,TGT
2025-11-03,9:32:54.041239327,T,92.04,100,92.09,100,TGT
2025-11-03,9:32:54.041269476,T,92.04,100,92.1,1000,TGT
2025-11-03,9:32:54.042031260,T,92.04,100,92.33,200,TGT
2025-11-03,9:32:54.042497370,T,92.02,100,92.33,200,TGT
2025-11-03,9:32:54.043229062,T,92.02,100,92.13,100,TGT
2025-11-03,9:32:54.043234080,T,92.02,100,92.33,200,TGT
2025-11-03,9:32:54.043479656,T,92.02,100,92.13,100,TGT
2025-11-03,9:32:54.043785635,T,92.02,100,92.33,200,TGT
2025-11-03,9:32:54.043810476,T,92.02,200,92.33,200,TGT
2025-11-03,9:32:54.043810476,T,92.04,100,92.33,200,TGT
2025-11-03,9:32:54.043860589,T,92.02,200,92.33,200,TGT
2025-11-03,9:32:54.044281629,T,92.02,100,92.33,200,TGT
2025-11-03,9:32:54.044502158,T,92.02,100,92.45,100,TGT
2025-11-03,9:32:54.044507145,T,92.02,100,92.42,200,TGT
2025-11-03,9:32:54.072022659,T,92.02,100,92.42,300,TGT
2025-11-03,9:32:54.094631598,T,91.94,200,92.42,300,TGT
2025-11-03,9:32:54.141282701,T,91.94,100,92.42,300,TGT
2025-11-03,9:32:54.547996678,T,91.94,100,92.42,200,TGT
2025-11-03,9:32:54.566380333,T,91.94,100,92.3,100,TGT
2025-11-03,9:32:55.986784361,T,91.94,100,92.42,200,TGT
2025-11-03,9:32:58.718061930,T,92.02,100,92.42,200,TGT
2025-11-03,9:33:12.749726203,T,92.02,100,92.2,100,TGT
2025-11-03,9:33:12.765167995,T,92.02,100,92.42,200,TGT
2025-11-03,9:33:17.897576263,T,92.02,100,92.42,300,TGT
2025-11-03,9:33:17.897576263,T,92.02,100,92.19,100,TGT
2025-11-03,9:33:17.897610716,T,92.02,100,92.13,100,TGT
2025-11-03,9:33:17.897630763,T,92.0,100,92.13,100,TGT
2025-11-03,9:33:17.897650847,T,91.86,200,92.13,100,TGT
2025-11-03,9:33:17.897665958,T,91.86,200,92.06,100,TGT
2025-11-03,9:33:17.897685892,T,91.86,200,92.07,100,TGT
2025-11-03,9:33:17.897690894,T,91.86,200,92.11,100,TGT
2025-11-03,9:33:17.897705930,T,91.86,200,92.12,100,TGT
2025-11-03,9:33:17.897711039,T,91.86,200,92.13,100,TGT
2025-11-03,9:33:17.897731279,T,91.86,200,92.12,100,TGT
2025-11-03,9:33:17.897736057,T,91.86,300,92.12,100,TGT
2025-11-03,9:33:17.897741031,T,91.86,300,92.13,100,TGT
2025-11-03,9:33:17.897746293,T,91.9,100,92.13,100,TGT
2025-11-03,9:33:17.897751179,T,91.9,100,92.11,100,TGT
2025-11-03,9:33:17.897766111,T,91.9,100,92.12,100,TGT
2025-11-03,9:33:17.897766111,T,91.9,100,92.13,100,TGT
2025-11-03,9:33:17.897771097,T,91.9,100,92.12,100,TGT
2025-11-03,9:33:17.897781329,T,91.9,100,92.13,100,TGT
2025-11-03,9:33:17.897786873,T,91.91,100,92.13,100,TGT
2025-11-03,9:33:17.897791149,T,91.93,100,92.13,100,TGT
2025-11-03,9:33:17.897796517,T,91.94,100,92.13,100,TGT
2025-11-03,9:33:17.897801281,T,91.91,100,92.13,100,TGT
2025-11-03,9:33:17.897961551,T,91.96,100,92.13,100,TGT
2025-11-03,9:33:17.898056810,T,91.96,100,92.19,100,TGT
2025-11-03,9:33:17.898688355,T,91.96,100,92.19,200,TGT
2025-11-03,9:33:17.898693353,T,91.96,100,92.19,100,TGT
2025-11-03,9:33:17.907549457,T,91.9,100,92.19,100,TGT
2025-11-03,9:33:17.907740155,T,91.86,300,92.19,100,TGT
2025-11-03,9:33:17.907744957,T,91.86,200,92.19,100,TGT
2025-11-03,9:33:17.973321143,T,91.86,200,92.19,200,TGT
2025-11-03,9:33:22.064974261,T,91.86,200,92.19,100,TGT
2025-11-03,9:33:22.066823659,T,91.86,200,92.4,100,TGT
2025-11-03,9:33:22.066858804,T,91.86,200,92.33,100,TGT
2025-11-03,9:33:22.067049276,T,91.86,200,92.32,100,TGT
2025-11-03,9:33:22.068136763,T,91.86,200,92.31,100,TGT
2025-11-03,9:33:22.068186879,T,91.86,200,92.3,100,TGT
2025-11-03,9:33:22.068242099,T,91.86,200,92.29,100,TGT
2025-11-03,9:33:22.068272170,T,91.86,200,92.28,100,TGT
2025-11-03,9:33:22.480654573,T,91.86,200,92.29,100,TGT
2025-11-03,9:33:22.484949788,T,91.86,200,92.4,100,TGT
2025-11-03,9:33:22.484974817,T,91.86,200,92.42,300,TGT
2025-11-03,9:33:22.485019911,T,91.86,200,92.42,200,TGT
2025-11-03,9:33:22.790257123,T,91.86,200,92.42,300,TGT
2025-11-03,9:33:22.790262096,T,91.86,200,92.4,100,TGT
2025-11-03,9:33:22.790277193,T,91.86,200,92.42,300,TGT
2025-11-03,9:33:22.790322308,T,91.86,200,92.42,200,TGT
2025-11-03,9:33:22.793204137,T,91.85,100,92.42,200,TGT
2025-11-03,9:33:22.793224568,T,91.82,600,92.42,200,TGT
2025-11-03,9:33:27.463901809,T,91.82,600,92.48,100,TGT
2025-11-03,9:33:27.463906862,T,91.82,600,92.32,200,TGT
2025-11-03,9:33:28.955565559,T,91.85,100,92.32,200,TGT
2025-11-03,9:33:28.955590641,T,91.9,100,92.32,200,TGT
2025-11-03,9:33:28.955595662,T,91.92,100,92.32,200,TGT
2025-11-03,9:33:28.955630762,T,91.95,100,92.32,200,TGT
2025-11-03,9:33:28.955630762,T,91.92,100,92.32,200,TGT
2025-11-03,9:33:28.955841222,T,91.92,200,92.32,200,TGT
2025-11-03,9:33:28.956041698,T,91.92,100,92.32,200,TGT
2025-11-03,9:33:28.956723592,T,91.92,100,92.06,200,TGT
2025-11-03,9:33:28.957901111,T,91.92,200,92.06,200,TGT
2025-11-03,9:33:28.958026491,T,91.92,200,91.99,200,TGT
2025-11-03,9:33:28.958051541,T,91.92,200,91.99,100,TGT
2025-11-03,9:33:28.958051541,T,91.92,200,92.32,200,TGT
2025-11-03,9:33:28.958076573,T,91.97,100,92.32,200,TGT
2025-11-03,9:33:28.958081594,T,91.99,100,92.32,200,TGT
2025-11-03,9:33:28.963093548,T,91.99,200,92.32,200,TGT
2025-11-03,9:33:29.257023802,T,91.99,100,92.32,200,TGT
2025-11-03,9:33:29.463721256,T,91.99,100,92.11,100,TGT
2025-11-03,9:33:32.143295432,T,91.99,100,92.32,200,TGT
2025-11-03,9:33:32.175898134,T,91.99,100,92.1,100,TGT
2025-11-03,9:33:32.803829007,T,91.96,100,92.1,100,TGT
2025-11-03,9:33:33.915918560,T,91.92,100,92.1,100,TGT
2025-11-03,9:33:35.081450339,T,91.92,100,92.32,200,TGT
2025-11-03,9:33:35.698866269,T,91.96,100,92.32,200,TGT
2025-11-03,9:33:35.698866269,T,91.92,100,92.32,200,TGT
2025-11-03,9:33:37.983454040,T,91.9,100,92.32,200,TGT
2025-11-03,9:33:38.519476112,T,91.85,100,92.32,200,TGT
2025-11-03,9:33:38.519511140,T,91.9,100,92.32,200,TGT
2025-11-03,9:33:38.674415614,T,91.85,100,92.32,200,TGT
2025-11-03,9:33:38.674420275,T,91.83,300,92.32,200,TGT
2025-11-03,9:33:38.674445350,T,91.83,300,92.07,100,TGT
2025-11-03,9:33:38.674866365,T,91.83,300,92.07,200,TGT
2025-11-03,9:33:38.675407563,T,91.83,300,92.07,100,TGT
2025-11-03,9:33:39.901584033,T,91.9,100,92.07,100,TGT
2025-11-03,9:33:42.209096665,T,91.9,100,92.32,200,TGT
2025-11-03,9:33:42.463467647,T,91.85,100,92.32,200,TGT
2025-11-03,9:33:47.020118633,T,91.88,100,92.32,200,TGT
2025-11-03,9:33:49.424692153,T,91.9,100,92.32,200,TGT
2025-11-03,9:33:50.520999048,T,91.9,200,92.32,200,TGT
2025-11-03,9:33:50.521034548,T,91.9,100,92.32,200,TGT
2025-11-03,9:33:50.523650336,T,91.9,200,92.32,200,TGT
2025-11-03,9:33:50.523655365,T,91.9,100,92.32,200,TGT
2025-11-03,9:33:50.523665412,T,91.9,200,92.32,200,TGT
2025-11-03,9:33:50.526106222,T,91.9,200,92.41,100,TGT
2025-11-03,9:33:50.526116254,T,91.9,200,92.25,200,TGT
2025-11-03,9:33:50.533889811,T,91.9,100,92.25,200,TGT
2025-11-03,9:33:50.537333011,T,91.9,200,92.25,200,TGT
2025-11-03,9:33:50.537438266,T,91.92,100,92.25,200,TGT
2025-11-03,9:33:50.537450254,T,91.9,200,92.25,200,TGT
2025-11-03,9:33:50.537513360,T,91.95,100,92.25,200,TGT
2025-11-03,9:33:50.537553518,T,91.97,100,92.25,200,TGT
2025-11-03,9:33:50.537623705,T,92.02,100,92.25,200,TGT
2025-11-03,9:33:50.538179956,T,91.95,100,92.25,200,TGT
2025-11-03,9:33:50.544795786,T,91.94,100,92.25,200,TGT
2025-11-03,9:33:50.547527319,T,91.92,100,92.25,200,TGT
2025-11-03,9:33:52.921187420,T,91.9,100,92.25,200,TGT
2025-11-03,9:33:53.852511170,T,91.9,100,92.12,100,TGT
2025-11-03,9:33:53.862520053,T,91.9,100,92.25,200,TGT
2025-11-03,9:33:53.882923645,T,91.9,100,92.11,100,TGT
2025-11-03,9:33:53.882938608,T,91.85,100,92.11,100,TGT
2025-11-03,9:33:53.892952497,T,91.85,100,92.25,200,TGT
2025-11-03,9:33:55.326116955,T,91.82,600,92.25,200,TGT
2025-11-03,9:33:55.326147101,T,91.82,600,92.08,100,TGT
2025-11-03,9:33:55.326177342,T,91.82,600,92.25,200,TGT
2025-11-03,9:33:55.326177342,T,91.82,600,92.08,100,TGT
2025-11-03,9:33:55.330422251,T,91.82,600,92.09,100,TGT
2025-11-03,9:33:56.385917015,T,91.85,100,92.09,100,TGT
2025-11-03,9:33:56.385937049,T,91.82,600,92.09,100,TGT
2025-11-03,9:33:56.385962034,T,91.82,600,92.08,100,TGT
2025-11-03,9:33:56.385972106,T,91.85,100,92.08,100,TGT
2025-11-03,9:33:56.385972106,T,91.85,100,92.09,100,TGT
2025-11-03,9:33:56.998867348,T,91.85,100,92.25,300,TGT
2025-11-03,9:33:57.940285103,T,91.85,100,92.22,100,TGT
2025-11-03,9:33:59.140304005,T,91.85,100,92.25,300,TGT
2025-11-03,9:33:59.187240851,T,91.85,100,91.99,100,TGT
2025-11-03,9:33:59.189716799,T,91.85,100,92.19,100,TGT
2025-11-03,9:33:59.189721802,T,91.9,100,92.19,100,TGT
2025-11-03,9:33:59.189741858,T,91.91,100,92.19,100,TGT
2025-11-03,9:33:59.189756793,T,91.92,100,92.19,100,TGT
2025-11-03,9:33:59.189756793,T,91.91,100,92.19,100,TGT
2025-11-03,9:33:59.189756793,T,91.95,100,92.19,100,TGT
2025-11-03,9:33:59.189776852,T,91.95,100,92.25,300,TGT
2025-11-03,9:33:59.193901752,T,91.91,100,92.25,300,TGT
2025-11-03,9:33:59.197084254,T,91.9,100,92.25,300,TGT
2025-11-03,9:33:59.210055178,T,91.85,100,92.25,300,TGT
2025-11-03,9:33:59.226364102,T,91.82,600,92.25,300,TGT
2025-11-03,9:33:59.587649858,T,91.82,600,92.05,100,TGT
2025-11-03,9:34:00.569860059,T,91.85,100,92.05,100,TGT
2025-11-03,9:34:00.569870121,T,91.82,600,92.05,100,TGT
2025-11-03,9:34:02.921412453,T,91.85,100,92.05,100,TGT
2025-11-03,9:34:03.512605946,T,91.82,600,92.05,100,TGT
2025-11-03,9:34:03.512961829,T,91.82,600,92.04,100,TGT
2025-11-03,9:34:03.513573250,T,91.82,600,92.03,100,TGT
2025-11-03,9:34:03.517708111,T,91.82,600,92.04,100,TGT
2025-11-03,9:34:03.519973486,T,91.82,600,92.05,200,TGT
2025-11-03,9:34:03.526955164,T,91.82,600,92.05,100,TGT
2025-11-03,9:34:03.925695038,T,91.82,600,92.09,100,TGT
2025-11-03,9:34:07.724635726,T,91.89,100,92.09,100,TGT
2025-11-03,9:34:07.724650816,T,91.9,100,92.09,100,TGT
2025-11-03,9:34:07.724655956,T,91.89,100,92.09,100,TGT
2025-11-03,9:34:07.724655956,T,91.9,100,92.09,100,TGT
2025-11-03,9:34:07.725106913,T,91.82,600,92.09,100,TGT
2025-11-03,9:34:07.727382250,T,91.82,600,92.18,300,TGT
2025-11-03,9:34:07.879589999,T,91.82,600,92.18,200,TGT
2025-11-03,9:34:08.163310909,T,91.82,600,92.09,100,TGT
2025-11-03,9:34:08.669331402,T,91.82,600,92.03,100,TGT
2025-11-03,9:34:09.756391243,T,91.84,100,92.03,100,TGT
2025-11-03,9:34:09.756411283,T,91.82,600,92.03,100,TGT
2025-11-03,9:34:09.756416667,T,91.84,100,92.03,100,TGT
2025-11-03,9:34:09.756431364,T,91.82,600,92.03,100,TGT
2025-11-03,9:34:11.358463245,T,91.82,600,91.98,100,TGT
2025-11-03,9:34:11.358483367,T,91.82,600,92.02,100,TGT
2025-11-03,9:34:11.358533806,T,91.82,600,91.98,100,TGT
2025-11-03,9:34:11.358553482,T,91.82,600,92.01,100,TGT
2025-11-03,9:34:11.358638696,T,91.82,600,91.97,100,TGT
2025-11-03,9:34:11.359069738,T,91.82,600,92.01,100,TGT
2025-11-03,9:34:11.359069738,T,91.82,600,92.02,100,TGT
2025-11-03,9:34:11.359320316,T,91.84,100,92.02,100,TGT
2025-11-03,9:34:11.359455591,T,91.84,100,92.03,200,TGT
2025-11-03,9:34:11.359550865,T,91.84,100,92.02,100,TGT
2025-11-03,9:34:11.359570861,T,91.82,600,92.02,100,TGT
2025-11-03,9:34:11.359570861,T,91.82,600,92.03,200,TGT
2025-11-03,9:34:11.359646151,T,91.82,600,92.02,100,TGT
2025-11-03,9:34:11.359656141,T,91.82,600,92.03,200,TGT
2025-11-03,9:34:11.359676121,T,91.82,600,92.02,100,TGT
2025-11-03,9:34:11.359721279,T,91.82,600,92.03,200,TGT
2025-11-03,9:34:11.359846537,T,91.82,600,92.02,100,TGT
2025-11-03,9:34:11.359871577,T,91.82,600,92.03,200,TGT
2025-11-03,9:34:11.359926766,T,91.84,100,92.03,200,TGT
2025-11-03,9:34:11.360247576,T,91.82,600,92.03,200,TGT
2025-11-03,9:34:11.360818923,T,91.82,600,92.02,100,TGT
2025-11-03,9:34:11.360853987,T,91.82,600,92.03,200,TGT
2025-11-03,9:34:11.360874069,T,91.88,100,92.03,200,TGT
2025-11-03,9:34:11.360874069,T,91.88,100,92.03,100,TGT
2025-11-03,9:34:11.361325119,T,91.88,100,92.03,200,TGT
2025-11-03,9:34:11.361926476,T,91.82,600,92.03,200,TGT
2025-11-03,9:34:11.362387605,T,91.82,600,92.02,100,TGT
2025-11-03,9:34:11.362412730,T,91.82,600,92.03,200,TGT
2025-11-03,9:34:11.362432746,T,91.82,600,92.02,100,TGT
2025-11-03,9:34:11.369424373,T,91.82,600,92.03,200,TGT
2025-11-03,9:34:11.370451817,T,91.82,600,92.03,100,TGT
2025-11-03,9:34:11.375804585,T,91.82,600,92.03,200,TGT
2025-11-03,9:34:11.375839728,T,91.82,600,92.03,100,TGT
2025-11-03,9:34:16.291430468,T,91.82,600,91.94,100,TGT
2025-11-03,9:34:17.179255681,T,91.91,100,91.94,100,TGT
2025-11-03,9:34:20.177789444,T,91.91,100,92.03,200,TGT
2025-11-03,9:34:20.177789444,T,91.91,100,92.03,100,TGT
2025-11-03,9:34:20.177814468,T,91.92,100,92.03,100,TGT
2025-11-03,9:34:20.178521132,T,91.93,100,92.03,100,TGT
2025-11-03,9:34:20.178746646,T,91.93,100,91.97,100,TGT
2025-11-03,9:34:20.178942179,T,91.93,100,91.94,100,TGT
2025-11-03,9:34:20.178997393,T,91.93,100,91.94,300,TGT
2025-11-03,9:34:20.179643778,T,91.91,100,91.94,300,TGT
2025-11-03,9:34:20.179659667,T,91.91,100,91.94,100,TGT
2025-11-03,9:34:20.179663835,T,91.91,100,91.93,100,TGT
2025-11-03,9:34:20.179683898,T,91.91,100,91.93,300,TGT
2025-11-03,9:34:20.195276082,T,91.91,100,91.93,200,TGT
2025-11-03,9:34:20.195301164,T,91.91,100,92.03,100,TGT
2025-11-03,9:34:20.195321167,T,91.92,100,92.03,100,TGT
2025-11-03,9:34:26.756698435,T,91.85,100,92.03,100,TGT
2025-11-03,9:34:26.756738479,T,91.82,600,92.03,100,TGT
2025-11-03,9:34:26.756823721,T,91.93,100,92.03,100,TGT
2025-11-03,9:34:26.756898825,T,91.94,100,92.03,100,TGT
2025-11-03,9:34:26.757455188,T,91.93,100,92.03,100,TGT
2025-11-03,9:34:26.780680474,T,91.82,600,92.03,100,TGT
2025-11-03,9:34:27.330911403,T,91.82,700,92.03,100,TGT
2025-11-03,9:34:31.872922687,T,91.91,100,92.03,100,TGT
2025-11-03,9:34:33.876140372,T,91.95,100,92.03,100,TGT
2025-11-03,9:34:33.876150701,T,91.95,100,92.04,100,TGT
2025-11-03,9:34:33.876155346,T,91.95,100,92.06,100,TGT
2025-11-03,9:34:33.877042468,T,91.95,100,92.18,300,TGT
2025-11-03,9:34:33.877107676,T,91.98,100,92.18,300,TGT
2025-11-03,9:34:33.877122670,T,91.98,100,92.18,200,TGT
2025-11-03,9:34:33.877157754,T,91.97,100,92.18,200,TGT
2025-11-03,9:34:33.887727980,T,91.94,100,92.18,200,TGT
2025-11-03,9:34:33.888008550,T,91.91,200,92.18,200,TGT
2025-11-03,9:34:33.888033619,T,91.94,100,92.18,200,TGT
2025-11-03,9:34:33.888043642,T,92.05,100,92.18,200,TGT
2025-11-03,9:34:33.888269247,T,92.05,100,92.09,400,TGT
2025-11-03,9:34:33.888364474,T,91.94,100,92.09,400,TGT
2025-11-03,9:34:33.888384488,T,91.91,200,92.09,400,TGT
2025-11-03,9:34:33.888404625,T,91.91,200,92.18,200,TGT
2025-11-03,9:34:33.888404625,T,91.91,200,92.08,100,TGT
2025-11-03,9:34:33.888429621,T,91.91,200,92.05,400,TGT
2025-11-03,9:34:33.888620088,T,91.91,200,92.04,100,TGT
2025-11-03,9:34:33.888645085,T,91.91,200,92.04,500,TGT
2025-11-03,9:34:33.889051140,T,91.91,200,92.04,400,TGT
2025-11-03,9:34:33.889076113,T,91.91,200,92.08,100,TGT
2025-11-03,9:34:33.889096290,T,92.02,100,92.08,100,TGT
2025-11-03,9:34:33.889096290,T,92.02,200,92.08,100,TGT
2025-11-03,9:34:33.889431963,T,92.02,200,92.18,200,TGT
2025-11-03,9:34:33.889552240,T,92.02,100,92.18,200,TGT
2025-11-03,9:34:33.889582385,T,92.02,100,92.07,100,TGT
2025-11-03,9:34:33.890379248,T,91.91,200,92.07,100,TGT
2025-11-03,9:34:33.894714606,T,91.91,200,92.18,200,TGT
2025-11-03,9:34:33.894744691,T,91.91,200,92.03,100,TGT
2025-11-03,9:34:33.894795121,T,91.91,200,92.02,100,TGT
2025-11-03,9:34:33.894844934,T,91.91,200,92.02,200,TGT
2025-11-03,9:34:33.895075420,T,91.94,100,92.02,200,TGT
2025-11-03,9:34:33.896022673,T,91.94,100,92.02,100,TGT
2025-11-03,9:34:34.169970386,T,91.88,200,92.02,100,TGT
2025-11-03,9:34:34.185467418,T,91.88,200,92.18,200,TGT
2025-11-03,9:34:34.185502414,T,91.88,200,92.01,100,TGT
2025-11-03,9:34:34.195736728,T,91.88,200,92.01,500,TGT
2025-11-03,9:34:34.202342552,T,91.88,100,92.01,500,TGT
2025-11-03,9:34:34.274263818,T,91.88,100,92.01,400,TGT
2025-11-03,9:34:34.274293971,T,91.88,100,91.99,100,TGT
2025-11-03,9:34:34.274319123,T,91.88,100,92.18,200,TGT
2025-11-03,9:34:34.274323990,T,91.88,200,92.18,200,TGT
2025-11-03,9:34:34.274339061,T,91.88,200,91.99,400,TGT
2025-11-03,9:34:34.274339061,T,91.97,100,91.99,400,TGT
2025-11-03,9:34:34.274344034,T,91.97,100,91.99,300,TGT
2025-11-03,9:34:34.274364066,T,91.97,100,92.18,200,TGT
2025-11-03,9:34:34.274389154,T,91.98,100,92.18,200,TGT
2025-11-03,9:34:34.275236176,T,91.98,100,92.18,300,TGT
2025-11-03,9:34:34.275436710,T,91.94,100,92.18,300,TGT
2025-11-03,9:34:34.275476744,T,91.88,200,92.18,300,TGT
2025-11-03,9:34:34.276333780,T,91.94,100,92.18,300,TGT
2025-11-03,9:34:34.276403942,T,91.88,200,92.18,300,TGT
2025-11-03,9:34:34.281140300,T,91.91,100,92.18,300,TGT
2025-11-03,9:34:34.281145255,T,91.94,100,92.18,300,TGT
2025-11-03,9:34:34.281175354,T,91.91,100,92.18,300,TGT
2025-11-03,9:34:34.281235480,T,91.88,200,92.18,300,TGT
2025-11-03,9:34:34.281245525,T,91.94,100,92.18,300,TGT
2025-11-03,9:34:34.281275594,T,91.88,200,92.18,300,TGT
2025-11-03,9:34:34.281290624,T,91.91,100,92.18,300,TGT
2025-11-03,9:34:34.281465970,T,91.88,200,92.18,300,TGT
2025-11-03,9:34:34.281516185,T,91.88,100,92.18,300,TGT
2025-11-03,9:34:34.281541162,T,91.86,200,92.18,300,TGT
2025-11-03,9:34:34.599914698,T,91.86,200,92.18,200,TGT
2025-11-03,9:34:35.110751854,T,92.03,100,92.18,200,TGT
2025-11-03,9:34:35.431761590,T,91.86,200,92.18,200,TGT
2025-11-03,9:34:35.431781577,T,91.86,200,92.18,300,TGT
2025-11-03,9:34:35.431806654,T,91.86,200,92.16,100,TGT
2025-11-03,9:34:35.431816692,T,91.86,200,92.09,100,TGT
2025-11-03,9:34:35.439284527,T,91.86,200,92.16,100,TGT
2025-11-03,9:34:35.631803172,T,91.86,200,92.18,300,TGT
2025-11-03,9:34:37.170318585,T,91.86,100,92.18,300,TGT
2025-11-03,9:34:37.170348611,T,91.85,100,92.18,300,TGT
2025-11-03,9:34:38.045623953,T,92.01,100,92.18,300,TGT
2025-11-03,9:34:38.045659045,T,92.01,100,92.18,200,TGT
2025-11-03,9:34:38.248136420,T,92.01,100,92.18,300,TGT
2025-11-03,9:34:38.248141410,T,92.01,100,92.18,200,TGT
2025-11-03,9:34:41.218352838,T,92.01,100,92.09,100,TGT
2025-11-03,9:34:41.618997243,T,91.94,100,92.09,100,TGT
2025-11-03,9:34:41.619022322,T,91.85,100,92.09,100,TGT
2025-11-03,9:34:41.619027379,T,91.85,100,92.09,200,TGT
2025-11-03,9:34:41.626059125,T,91.85,100,92.09,100,TGT
2025-11-03,9:34:41.774016628,T,91.85,100,92.09,200,TGT
2025-11-03,9:34:44.105867070,T,91.92,100,92.09,200,TGT
2025-11-03,9:34:53.717621623,T,91.92,100,92.09,100,TGT
2025-11-03,9:34:58.036656433,T,91.92,200,92.09,100,TGT
2025-11-03,9:35:00.958066792,T,91.92,200,92.09,200,TGT
2025-11-03,9:35:01.120158027,T,91.92,100,92.09,200,TGT
2025-11-03,9:35:01.138441609,T,91.92,100,92.18,300,TGT
2025-11-03,9:35:01.138471918,T,91.92,100,92.18,200,TGT
2025-11-03,9:35:08.451363891,T,91.92,200,92.18,200,TGT
2025-11-03,9:35:08.451369068,T,91.94,100,92.18,200,TGT
2025-11-03,9:35:08.451373923,T,91.95,100,92.18,200,TGT
2025-11-03,9:35:08.451403989,T,91.96,100,92.18,200,TGT
2025-11-03,9:35:08.451449077,T,91.98,100,92.18,200,TGT
2025-11-03,9:35:08.451474140,T,91.97,100,92.18,200,TGT
2025-11-03,9:35:08.451504288,T,91.98,100,92.18,200,TGT
2025-11-03,9:35:08.451759840,T,91.99,100,92.18,200,TGT
2025-11-03,9:35:08.451800190,T,91.98,100,92.18,200,TGT
2025-11-03,9:35:08.451809995,T,91.99,100,92.18,200,TGT
2025-11-03,9:35:08.452401349,T,91.99,100,92.09,300,TGT
2025-11-03,9:35:08.457729037,T,91.99,100,92.05,300,TGT
2025-11-03,9:35:08.457749085,T,91.98,100,92.05,300,TGT
2025-11-03,9:35:08.457769233,T,91.98,100,92.18,200,TGT
2025-11-03,9:35:08.457789541,T,91.99,100,92.18,200,TGT
2025-11-03,9:35:08.457809332,T,91.98,100,92.18,200,TGT
2025-11-03,9:35:08.457829345,T,92.04,100,92.18,200,TGT
2025-11-03,9:35:08.457984642,T,92.04,100,92.18,300,TGT
2025-11-03,9:35:08.457989725,T,91.98,100,92.18,300,TGT
2025-11-03,9:35:08.458014972,T,91.98,100,92.08,100,TGT
2025-11-03,9:35:08.458014972,T,91.98,100,92.07,100,TGT
2025-11-03,9:35:08.458195231,T,91.96,100,92.07,100,TGT
2025-11-03,9:35:08.458220219,T,91.94,200,92.07,100,TGT
2025-11-03,9:35:08.458571037,T,91.94,200,92.08,100,TGT
2025-11-03,9:35:08.459057286,T,91.94,200,92.18,300,TGT
2025-11-03,9:35:08.461693479,T,91.94,100,92.18,300,TGT
2025-11-03,9:35:08.468003518,T,91.94,100,92.18,200,TGT
2025-11-03,9:35:08.470384221,T,91.94,100,92.05,100,TGT
2025-11-03,9:35:09.112268431,T,91.95,100,92.05,100,TGT
2025-11-03,9:35:09.194113384,T,91.95,200,92.05,100,TGT
2025-11-03,9:35:09.194113384,T,91.97,100,92.05,100,TGT
2025-11-03,9:35:09.194669686,T,91.95,200,92.05,100,TGT
2025-11-03,9:35:09.226966686,T,91.95,100,92.05,100,TGT
2025-11-03,9:35:10.259251255,T,91.94,100,92.05,100,TGT
2025-11-03,9:35:10.259281327,T,91.94,100,92.05,200,TGT
2025-11-03,9:35:10.266298002,T,91.94,100,92.05,100,TGT
2025-11-03,9:35:10.266353219,T,91.94,100,92.05,200,TGT
2025-11-03,9:35:10.806354658,T,91.94,100,92.05,100,TGT
2025-11-03,9:35:10.967759269,T,91.94,200,92.05,100,TGT
2025-11-03,9:35:11.267057382,T,91.94,200,92.01,200,TGT
2025-11-03,9:35:11.298562489,T,91.94,200,92.05,100,TGT
2025-11-03,9:35:11.298953453,T,91.94,200,92.03,200,TGT
2025-11-03,9:35:12.041341948,T,91.94,200,92.05,100,TGT
2025-11-03,9:35:12.041753010,T,91.94,200,92.01,200,TGT
2025-11-03,9:35:12.750887290,T,91.94,200,92.02,100,TGT
2025-11-03,9:35:12.751077844,T,91.94,200,91.99,200,TGT
2025-11-03,9:35:12.754546111,T,91.94,200,92.02,100,TGT
2025-11-03,9:35:12.754566446,T,91.98,100,92.02,100,TGT
2025-11-03,9:35:12.755002202,T,91.98,100,92.05,200,TGT
2025-11-03,9:35:12.755017217,T,91.99,100,92.05,200,TGT
2025-11-03,9:35:12.755247703,T,91.99,100,92.05,300,TGT
2025-11-03,9:35:12.755297918,T,91.99,100,92.02,100,TGT
2025-11-03,9:35:12.755327889,T,91.99,100,92.05,200,TGT
2025-11-03,9:35:12.755342966,T,91.99,100,92.02,100,TGT
2025-11-03,9:35:12.755373065,T,91.99,100,92.05,200,TGT
2025-11-03,9:35:12.755373065,T,91.99,100,92.02,100,TGT
2025-11-03,9:35:12.755393035,T,92.01,100,92.02,100,TGT
2025-11-03,9:35:12.755403370,T,92.01,100,92.05,200,TGT
2025-11-03,9:35:12.755423125,T,92.02,100,92.05,200,TGT
2025-11-03,9:35:12.755473219,T,92.02,100,92.03,100,TGT
2025-11-03,9:35:12.755518394,T,92.01,100,92.03,100,TGT
2025-11-03,9:35:12.755538434,T,92.01,100,92.05,200,TGT
2025-11-03,9:35:12.755538434,T,92.01,100,92.02,100,TGT
2025-11-03,9:35:12.755648665,T,92.01,100,92.05,200,TGT
2025-11-03,9:35:12.755658693,T,92.01,100,92.02,100,TGT
2025-11-03,9:35:12.756555897,T,91.98,100,92.02,100,TGT
2025-11-03,9:35:12.797418247,T,91.94,100,92.02,100,TGT
2025-11-03,9:35:12.803592865,T,91.94,100,92.18,200,TGT
2025-11-03,9:35:12.803612896,T,91.95,100,92.18,200,TGT
2025-11-03,9:35:12.803618006,T,92.0,100,92.18,200,TGT
2025-11-03,9:35:12.803863519,T,92.0,100,92.05,100,TGT
2025-11-03,9:35:12.804169217,T,91.96,100,92.05,100,TGT
2025-11-03,9:35:12.812769818,T,91.95,100,92.05,100,TGT
2025-11-03,9:35:12.813656909,T,91.94,100,92.05,100,TGT
2025-11-03,9:35:12.817325581,T,91.95,100,92.05,100,TGT
2025-11-03,9:35:13.003679606,T,91.94,100,92.05,100,TGT
2025-11-03,9:35:13.726732192,T,91.95,100,92.05,100,TGT
2025-11-03,9:35:14.094368071,T,91.94,100,92.05,100,TGT
2025-11-03,9:35:14.094373014,T,91.9,100,92.05,100,TGT
2025-11-03,9:35:14.094393097,T,91.9,100,91.99,100,TGT
2025-11-03,9:35:14.101449923,T,91.9,100,92.05,200,TGT
2025-11-03,9:35:14.101479954,T,91.9,100,92.04,100,TGT
2025-11-03,9:35:14.194406386,T,91.9,100,92.05,200,TGT
2025-11-03,9:35:14.294404547,T,91.9,100,92.05,100,TGT
2025-11-03,9:35:23.443085617,T,91.9,200,92.05,100,TGT
2025-11-03,9:35:23.517026686,T,91.9,200,92.04,100,TGT
2025-11-03,9:35:23.517036785,T,91.9,100,92.04,100,TGT
2025-11-03,9:35:23.517051805,T,91.9,100,92.04,200,TGT
2025-11-03,9:35:23.517061861,T,91.9,100,92.03,100,TGT
2025-11-03,9:35:23.517086832,T,91.9,100,92.03,200,TGT
2025-11-03,9:35:23.517292464,T,91.9,100,91.99,100,TGT
2025-11-03,9:35:23.517292464,T,91.9,100,92.02,100,TGT
2025-11-03,9:35:23.517312406,T,91.9,100,91.98,100,TGT
2025-11-03,9:35:23.517377580,T,91.9,100,92.02,100,TGT
2025-11-03,9:35:23.517447731,T,91.9,100,91.99,100,TGT
2025-11-03,9:35:23.517472836,T,91.9,100,92.02,100,TGT
2025-11-03,9:35:23.524093526,T,91.9,100,92.03,200,TGT
2025-11-03,9:35:23.527080722,T,91.9,100,92.03,100,TGT
2025-11-03,9:35:23.532348193,T,91.9,100,92.04,100,TGT
2025-11-03,9:35:23.728370310,T,91.9,100,92.03,100,TGT
2025-11-03,9:35:24.640899309,T,91.9,100,92.01,100,TGT
2025-11-03,9:35:24.641420615,T,91.9,100,92.01,200,TGT
2025-11-03,9:35:24.641531508,T,91.9,100,91.98,100,TGT
2025-11-03,9:35:24.641580987,T,91.9,100,92.01,200,TGT
2025-11-03,9:35:24.641600994,T,91.9,100,92.0,100,TGT
2025-11-03,9:35:24.641656160,T,91.9,100,92.01,300,TGT
2025-11-03,9:35:24.641681187,T,91.85,400,92.01,300,TGT
2025-11-03,9:35:24.641706206,T,91.85,400,91.93,100,TGT
2025-11-03,9:35:24.642257552,T,91.85,400,91.94,100,TGT
2025-11-03,9:35:25.010575009,T,91.85,300,91.94,100,TGT
2025-11-03,9:35:25.231195673,T,91.85,200,91.94,100,TGT
2025-11-03,9:35:25.231215767,T,91.82,500,91.94,100,TGT
2025-11-03,9:35:25.231220726,T,91.82,500,91.94,200,TGT
2025-11-03,9:35:25.231240736,T,91.82,500,91.87,100,TGT
2025-11-03,9:35:25.232488735,T,91.82,500,91.89,100,TGT
2025-11-03,9:35:25.239796208,T,91.82,500,91.97,100,TGT
2025-11-03,9:35:28.920585310,T,91.83,100,91.97,100,TGT
2025-11-03,9:35:29.176895944,T,91.82,600,91.97,100,TGT
2025-11-03,9:35:29.176926033,T,91.82,600,91.95,100,TGT
2025-11-03,9:35:29.177031227,T,91.82,600,91.97,100,TGT
2025-11-03,9:35:29.177311913,T,91.82,500,91.97,100,TGT
2025-11-03,9:35:32.183850003,T,91.82,500,91.95,100,TGT
2025-11-03,9:35:32.183880093,T,91.82,500,91.91,100,TGT
2025-11-03,9:35:32.184150727,T,91.82,500,91.95,100,TGT
2025-11-03,9:35:32.204273668,T,91.82,500,91.97,100,TGT
2025-11-03,9:35:33.451139159,T,91.82,300,91.97,100,TGT
2025-11-03,9:35:33.451159265,T,91.82,300,91.95,100,TGT
2025-11-03,9:35:33.451184386,T,91.82,300,91.97,100,TGT
2025-11-03,9:35:33.451209489,T,91.82,100,91.97,100,TGT
2025-11-03,9:35:33.451244403,T,91.75,100,91.97,100,TGT
2025-11-03,9:35:33.451264701,T,91.75,100,91.84,100,TGT
2025-11-03,9:35:33.451535123,T,91.71,100,91.84,100,TGT
2025-11-03,9:35:33.451825814,T,91.71,100,91.85,100,TGT
2025-11-03,9:35:33.606203644,T,91.71,100,91.97,100,TGT
2025-11-03,9:35:33.814048750,T,91.71,100,91.95,100,TGT
2025-11-03,9:35:33.814078836,T,91.71,100,91.9,100,TGT
2025-11-03,9:35:34.312962301,T,91.71,100,91.95,100,TGT
2025-11-03,9:35:34.598257047,T,91.74,100,91.95,100,TGT
2025-11-03,9:35:37.593162095,T,91.74,100,91.9,100,TGT
2025-11-03,9:35:37.593503281,T,91.74,100,91.89,100,TGT
2025-11-03,9:35:38.903709372,T,91.74,100,91.97,100,TGT
2025-11-03,9:35:39.008534125,T,91.74,100,92.03,100,TGT
2025-11-03,9:35:39.230848879,T,91.71,100,92.03,100,TGT
2025-11-03,9:35:39.230874233,T,91.71,100,91.84,100,TGT
2025-11-03,9:35:39.230899094,T,91.78,100,91.84,100,TGT
2025-11-03,9:35:39.231565560,T,91.79,100,91.84,100,TGT
2025-11-03,9:35:39.231946429,T,91.79,100,92.03,100,TGT
2025-11-03,9:35:39.695636215,T,91.79,200,92.03,100,TGT
2025-11-03,9:35:39.695651175,T,91.8,100,92.03,100,TGT
2025-11-03,9:35:39.695686689,T,91.8,200,92.03,100,TGT
2025-11-03,9:35:39.696262623,T,91.84,100,92.03,100,TGT
2025-11-03,9:35:39.697400412,T,91.84,100,91.89,100,TGT
2025-11-03,9:35:39.697480557,T,91.84,100,91.91,100,TGT
2025-11-03,9:35:39.700487780,T,91.84,100,91.86,100,TGT
2025-11-03,9:35:39.700507805,T,91.84,100,92.03,100,TGT
2025-11-03,9:35:40.108740312,T,91.84,100,91.91,100,TGT
2025-11-03,9:35:40.687168403,T,91.84,100,91.9,100,TGT
2025-11-03,9:35:40.905769217,T,91.84,200,91.9,100,TGT
2025-11-03,9:35:40.906490956,T,91.84,200,91.91,100,TGT
2025-11-03,9:35:40.906511263,T,91.87,100,91.91,100,TGT
2025-11-03,9:35:40.906541293,T,91.87,100,92.03,100,TGT
2025-11-03,9:35:40.906561375,T,91.89,100,92.03,100,TGT
2025-11-03,9:35:40.907117485,T,91.87,100,92.03,100,TGT
2025-11-03,9:35:40.907152544,T,91.87,100,92.05,300,TGT
2025-11-03,9:35:40.913913611,T,91.87,100,92.03,100,TGT
2025-11-03,9:35:41.006764904,T,91.85,100,92.03,100,TGT
2025-11-03,9:35:41.021023876,T,91.85,100,92.05,300,TGT
2025-11-03,9:35:41.030867361,T,91.85,100,92.0,100,TGT
2025-11-03,9:35:41.030892331,T,91.84,100,92.0,100,TGT
2025-11-03,9:35:44.673039609,T,91.84,200,92.0,100,TGT
2025-11-03,9:35:44.673064772,T,91.84,100,92.0,100,TGT
2025-11-03,9:35:45.433446447,T,91.84,100,92.11,200,TGT
2025-11-03,9:35:55.364080512,T,91.89,100,92.11,200,TGT
2025-11-03,9:35:56.310420055,T,91.89,100,92.11,300,TGT
2025-11-03,9:35:56.310455155,T,91.89,100,92.07,100,TGT
2025-11-03,9:35:56.310460143,T,91.89,100,92.0,100,TGT
2025-11-03,9:35:56.310470207,T,91.89,100,91.99,100,TGT
2025-11-03,9:35:56.310485253,T,91.89,100,91.98,100,TGT
2025-11-03,9:35:56.310680697,T,91.84,100,91.98,100,TGT
2025-11-03,9:35:56.310695689,T,91.84,100,91.99,100,TGT
2025-11-03,9:35:56.310951332,T,91.84,100,92.0,100,TGT
2025-11-03,9:35:56.310961325,T,91.84,100,91.99,100,TGT
2025-11-03,9:35:56.310976360,T,91.84,100,92.0,100,TGT
2025-11-03,9:35:56.396926094,T,91.84,100,91.98,100,TGT
2025-11-03,9:35:56.396951188,T,91.84,100,92.0,100,TGT
2025-11-03,9:35:59.417752980,T,91.78,100,92.0,100,TGT
2025-11-03,9:35:59.417773060,T,91.78,100,91.9,100,TGT
2025-11-03,9:35:59.417783065,T,91.75,100,91.9,100,TGT
2025-11-03,9:35:59.417798206,T,91.81,100,91.9,100,TGT
2025-11-03,9:35:59.423566866,T,91.81,100,91.97,100,TGT
2025-11-03,9:35:59.517981774,T,91.81,100,91.98,100,TGT
2025-11-03,9:35:59.881202133,T,91.81,100,91.96,100,TGT
2025-11-03,9:35:59.908842952,T,91.75,100,91.96,100,TGT
2025-11-03,9:35:59.908858260,T,91.75,100,91.95,100,TGT
2025-11-03,9:35:59.908862997,T,91.75,100,91.87,100,TGT
2025-11-03,9:35:59.908873543,T,91.74,100,91.87,100,TGT
2025-11-03,9:35:59.908878088,T,91.71,100,91.87,100,TGT
2025-11-03,9:35:59.915929831,T,91.71,100,91.95,100,TGT
2025-11-03,9:36:00.015421869,T,91.78,100,91.95,100,TGT
2025-11-03,9:36:01.251326683,T,91.78,100,91.87,100,TGT
2025-11-03,9:36:03.108110207,T,91.78,200,91.87,100,TGT
2025-11-03,9:36:04.904615330,T,91.8,100,91.87,100,TGT
2025-11-03,9:36:04.905176722,T,91.78,200,91.87,100,TGT
2025-11-03,9:36:05.426524038,T,91.78,200,91.98,100,TGT
2025-11-03,9:36:05.426544025,T,91.8,100,91.98,100,TGT
2025-11-03,9:36:05.426544025,T,91.84,100,91.98,100,TGT
2025-11-03,9:36:05.426573883,T,91.84,100,92.0,100,TGT
2025-11-03,9:36:05.426614029,T,91.84,200,92.0,100,TGT
2025-11-03,9:36:05.427135261,T,91.84,200,91.98,100,TGT
2025-11-03,9:36:05.427400815,T,91.85,100,91.98,100,TGT
2025-11-03,9:36:05.428127606,T,91.87,100,91.98,100,TGT
2025-11-03,9:36:05.428588731,T,91.87,100,91.99,400,TGT
2025-11-03,9:36:05.428799162,T,91.87,100,91.97,300,TGT
2025-11-03,9:36:05.428859360,T,91.87,100,91.95,300,TGT
2025-11-03,9:36:05.433219720,T,91.85,200,91.95,300,TGT
2025-11-03,9:36:05.433239757,T,91.85,200,91.91,100,TGT
2025-11-03,9:36:05.443910143,T,91.85,200,91.87,300,TGT
2025-11-03,9:36:05.443935238,T,91.85,200,91.91,100,TGT
2025-11-03,9:36:05.443960289,T,91.85,200,91.98,100,TGT
2025-11-03,9:36:05.527409077,T,91.85,200,92.0,100,TGT
2025-11-03,9:36:05.527629689,T,91.85,200,91.98,100,TGT
2025-11-03,9:36:05.528476666,T,91.85,200,92.0,100,TGT
2025-11-03,9:36:05.528747265,T,91.85,200,91.98,100,TGT
2025-11-03,9:36:05.676990487,T,91.85,200,92.0,100,TGT
2025-11-03,9:36:06.424686832,T,91.85,100,92.0,100,TGT
2025-11-03,9:36:09.339576465,T,91.85,100,91.98,100,TGT
2025-11-03,9:36:09.339691701,T,91.85,100,91.94,100,TGT
2025-11-03,9:36:09.340202953,T,91.85,100,91.95,100,TGT
2025-11-03,9:36:09.340217904,T,91.85,100,91.94,100,TGT
2025-11-03,9:36:09.340583782,T,91.84,100,91.94,100,TGT
2025-11-03,9:36:09.340628981,T,91.84,100,91.93,100,TGT
2025-11-03,9:36:09.340628981,T,91.84,100,91.92,100,TGT
2025-11-03,9:36:09.340638979,T,91.84,100,91.89,100,TGT
2025-11-03,9:36:09.340669078,T,91.75,100,91.89,100,TGT
2025-11-03,9:36:09.340744231,T,91.71,100,91.89,100,TGT
2025-11-03,9:36:09.341064971,T,91.71,100,91.92,100,TGT
2025-11-03,9:36:09.341074945,T,91.75,100,91.92,100,TGT
2025-11-03,9:36:09.341095018,T,91.75,100,91.94,100,TGT
2025-11-03,9:36:09.364019706,T,91.75,100,91.95,100,TGT
2025-11-03,9:36:11.514558165,T,91.75,100,91.98,100,TGT
2025-11-03,9:36:11.514583078,T,91.78,100,91.98,100,TGT
2025-11-03,9:36:11.514608142,T,91.79,100,91.98,100,TGT
2025-11-03,9:36:11.514648291,T,91.8,100,91.98,100,TGT
2025-11-03,9:36:11.514673365,T,91.84,100,91.98,100,TGT
2025-11-03,9:36:11.514713412,T,91.84,200,91.98,100,TGT
2025-11-03,9:36:11.515009162,T,91.84,100,91.98,100,TGT
2025-11-03,9:36:11.515314834,T,91.84,100,92.0,100,TGT
2025-11-03,9:36:12.571806914,T,91.8,100,92.0,100,TGT
2025-11-03,9:36:12.572688979,T,91.83,100,92.0,100,TGT
2025-11-03,9:36:12.573160126,T,91.8,100,92.0,100,TGT
2025-11-03,9:36:12.573461244,T,91.83,100,92.0,100,TGT
2025-11-03,9:36:12.573896864,T,91.8,100,92.0,100,TGT
2025-11-03,9:36:12.574222680,T,91.83,100,92.0,100,TGT
2025-11-03,9:36:12.574638685,T,91.8,100,92.0,100,TGT
2025-11-03,9:36:12.574974460,T,91.83,100,92.0,100,TGT
2025-11-03,9:36:12.575380404,T,91.8,100,92.0,100,TGT
2025-11-03,9:36:12.575731221,T,91.83,100,92.0,100,TGT
2025-11-03,9:36:12.576117185,T,91.8,100,92.0,100,TGT
2025-11-03,9:36:12.576493024,T,91.83,100,92.0,100,TGT
2025-11-03,9:36:12.576853963,T,91.8,100,92.0,100,TGT
2025-11-03,9:36:12.576994285,T,91.83,100,92.0,100,TGT
2025-11-03,9:36:12.577590764,T,91.8,100,92.0,100,TGT
2025-11-03,9:36:12.577730998,T,91.83,100,92.0,100,TGT
2025-11-03,9:36:12.578187062,T,91.8,100,92.0,100,TGT
2025-11-03,9:36:12.578432719,T,91.82,100,92.0,100,TGT
2025-11-03,9:36:12.579134375,T,91.8,100,92.0,100,TGT
2025-11-03,9:36:12.579199492,T,91.81,100,92.0,100,TGT
2025-11-03,9:36:12.580377287,T,91.8,100,92.0,100,TGT
2025-11-03,9:36:17.879913232,T,91.8,100,91.98,100,TGT
2025-11-03,9:36:18.264178753,T,91.8,100,91.89,100,TGT
2025-11-03,9:36:29.321958392,T,91.8,100,91.98,100,TGT
2025-11-03,9:36:29.322183916,T,91.8,100,91.86,200,TGT
2025-11-03,9:36:29.322218958,T,91.8,100,91.98,100,TGT
2025-11-03,9:36:29.322244023,T,91.84,100,91.98,100,TGT
2025-11-03,9:36:29.323642396,T,91.8,100,91.98,100,TGT
2025-11-03,9:36:29.323827800,T,91.8,100,91.89,100,TGT
2025-11-03,9:36:36.105700175,T,91.84,100,91.89,100,TGT
2025-11-03,9:36:36.105730313,T,91.84,200,91.89,100,TGT
2025-11-03,9:36:36.107138628,T,91.84,100,91.89,100,TGT
2025-11-03,9:36:36.107143607,T,91.8,100,91.89,100,TGT
2025-11-03,9:36:36.107273988,T,91.8,100,91.89,200,TGT
2025-11-03,9:36:36.107344146,T,91.8,100,91.89,100,TGT
2025-11-03,9:36:36.107980631,T,91.8,300,91.89,100,TGT
2025-11-03,9:36:36.108206137,T,91.8,300,91.84,100,TGT
2025-11-03,9:36:36.109348908,T,91.8,300,91.89,100,TGT
2025-11-03,9:36:38.568242329,T,91.8,200,91.89,100,TGT
2025-11-03,9:36:38.568247104,T,91.71,100,91.89,100,TGT
2025-11-03,9:36:38.568262754,T,91.71,100,91.83,100,TGT
2025-11-03,9:36:38.568267110,T,91.71,100,91.81,100,TGT
2025-11-03,9:36:38.569033884,T,91.78,100,91.81,100,TGT
2025-11-03,9:36:38.569520133,T,91.78,100,91.83,100,TGT
2025-11-03,9:36:38.569540145,T,91.78,100,91.89,200,TGT
2025-11-03,9:36:38.575328919,T,91.78,100,91.89,100,TGT
2025-11-03,9:36:41.130907456,T,91.78,100,91.91,100,TGT
2025-11-03,9:36:41.131198208,T,91.78,200,91.91,100,TGT
2025-11-03,9:36:41.227452454,T,91.78,100,91.91,100,TGT
2025-11-03,9:36:41.227457700,T,91.71,100,91.91,100,TGT
2025-11-03,9:36:41.227477544,T,91.71,100,91.79,100,TGT
2025-11-03,9:36:41.227507801,T,91.71,100,91.8,100,TGT
2025-11-03,9:36:41.227537714,T,91.76,100,91.8,100,TGT
2025-11-03,9:36:41.227547686,T,91.77,100,91.8,100,TGT
2025-11-03,9:36:41.227547686,T,91.79,100,91.8,100,TGT
2025-11-03,9:36:41.227602890,T,91.79,100,91.91,100,TGT
2025-11-03,9:36:41.227622994,T,91.79,200,91.91,100,TGT
2025-11-03,9:36:41.227622994,T,91.79,100,91.91,100,TGT
2025-11-03,9:36:41.227638129,T,91.79,200,91.91,100,TGT
2025-11-03,9:36:41.227642978,T,91.79,300,91.91,100,TGT
2025-11-03,9:36:41.227653399,T,91.79,200,91.91,100,TGT
2025-11-03,9:36:41.227653399,T,91.79,300,91.91,100,TGT
2025-11-03,9:36:41.227863570,T,91.79,200,91.91,100,TGT
2025-11-03,9:36:41.227863570,T,91.79,100,91.91,100,TGT
2025-11-03,9:36:41.342601862,T,91.71,100,91.91,100,TGT
2025-11-03,9:36:41.342621843,T,91.71,100,91.83,100,TGT
2025-11-03,9:36:41.342621843,T,91.71,100,91.82,100,TGT
2025-11-03,9:36:41.343178195,T,91.71,100,91.83,100,TGT
2025-11-03,9:36:41.433854258,T,91.71,100,91.88,100,TGT
2025-11-03,9:36:41.433854258,T,91.71,100,91.91,100,TGT
2025-11-03,9:36:43.347137774,T,91.75,100,91.91,100,TGT
2025-11-03,9:36:47.127198465,T,91.78,100,91.91,100,TGT
2025-11-03,9:36:47.127669610,T,91.78,200,91.91,100,TGT
2025-11-03,9:36:47.127739836,T,91.78,200,91.88,100,TGT
2025-11-03,9:36:47.127759751,T,91.78,100,91.88,100,TGT
2025-11-03,9:36:47.127809888,T,91.79,100,91.88,100,TGT
2025-11-03,9:36:47.129022749,T,91.79,100,91.91,100,TGT
2025-11-03,9:36:47.129047828,T,91.79,100,91.84,100,TGT
2025-11-03,9:36:47.158763673,T,91.79,100,91.91,100,TGT
2025-11-03,9:36:47.158783714,T,91.82,100,91.91,100,TGT
2025-11-03,9:36:47.158823796,T,91.82,200,91.91,100,TGT
2025-11-03,9:36:47.159339970,T,91.82,100,91.91,100,TGT
2025-11-03,9:36:47.159470300,T,91.82,100,91.98,100,TGT
2025-11-03,9:36:47.159580593,T,91.82,200,91.98,100,TGT
2025-11-03,9:36:47.313923263,T,91.82,100,91.98,100,TGT
2025-11-03,9:36:47.924898914,T,91.82,100,91.87,300,TGT
2025-11-03,9:36:48.879538269,T,91.82,100,91.85,300,TGT
2025-11-03,9:36:52.047981897,T,91.79,200,91.85,300,TGT
2025-11-03,9:36:52.048011921,T,91.79,100,91.85,300,TGT
2025-11-03,9:36:52.048032032,T,91.79,100,91.84,100,TGT
2025-11-03,9:36:52.050177037,T,91.79,100,91.85,300,TGT
2025-11-03,9:36:55.755499851,T,91.79,100,91.85,200,TGT
2025-11-03,9:36:55.755519968,T,91.79,100,91.91,100,TGT
2025-11-03,9:36:55.755580095,T,91.82,100,91.91,100,TGT
2025-11-03,9:36:55.755996010,T,91.82,100,91.98,100,TGT
2025-11-03,9:36:55.766325705,T,91.83,100,91.98,100,TGT
2025-11-03,9:36:55.766335701,T,91.84,100,91.98,100,TGT
2025-11-03,9:36:55.766897056,T,91.83,100,91.98,100,TGT
2025-11-03,9:36:55.771658319,T,91.84,100,91.98,100,TGT
2025-11-03,9:36:55.772440230,T,91.83,100,91.98,100,TGT
2025-11-03,9:36:55.773287200,T,91.85,100,91.98,100,TGT
2025-11-03,9:36:55.773512768,T,91.85,200,91.98,100,TGT
2025-11-03,9:36:55.774339770,T,91.85,200,92.0,300,TGT
2025-11-03,9:36:55.774455076,T,91.85,300,92.0,300,TGT
2025-11-03,9:36:55.774535229,T,91.85,200,92.0,300,TGT
2025-11-03,9:36:55.774650443,T,91.85,200,91.98,100,TGT
2025-11-03,9:36:55.774805818,T,91.85,100,91.98,100,TGT
2025-11-03,9:36:55.875460666,T,91.85,100,92.0,100,TGT
2025-11-03,9:36:56.311359293,T,91.85,100,92.0,200,TGT
2025-11-03,9:36:56.719822461,T,91.85,100,92.0,100,TGT
2025-11-03,9:36:58.778436762,T,91.85,100,92.06,300,TGT
2025-11-03,9:36:58.940222309,T,91.87,100,92.06,300,TGT
2025-11-03,9:36:58.940548021,T,91.87,100,92.06,200,TGT
2025-11-03,9:36:59.087723738,T,91.85,100,92.06,200,TGT
2025-11-03,9:37:00.238410321,T,91.87,200,92.06,200,TGT
2025-11-03,9:37:05.854630522,T,91.88,100,92.06,200,TGT
2025-11-03,9:37:05.895883874,T,91.89,100,92.06,200,TGT
2025-11-03,9:37:05.895923903,T,91.89,200,92.06,200,TGT
2025-11-03,9:37:05.896189674,T,91.91,100,92.06,200,TGT
2025-11-03,9:37:06.013940041,T,91.89,200,92.06,200,TGT
2025-11-03,9:37:06.014747016,T,91.91,200,92.06,200,TGT
2025-11-03,9:37:12.076623962,T,91.91,200,92.18,100,TGT
2025-11-03,9:37:12.076633935,T,91.91,200,92.12,200,TGT
2025-11-03,9:37:13.037979486,T,91.92,100,92.12,200,TGT
2025-11-03,9:37:13.300645168,T,91.92,500,92.12,200,TGT
2025-11-03,9:37:13.396283095,T,91.93,100,92.12,200,TGT
2025-11-03,9:37:13.396288036,T,91.93,200,92.12,200,TGT
2025-11-03,9:37:13.396313103,T,91.96,100,92.12,200,TGT
2025-11-03,9:37:13.396623937,T,91.95,100,92.12,200,TGT
2025-11-03,9:37:13.396844547,T,91.95,200,92.12,200,TGT
2025-11-03,9:37:13.396879449,T,91.95,300,92.12,200,TGT
2025-11-03,9:37:13.397059976,T,91.97,100,92.12,200,TGT
2025-11-03,9:37:13.397090000,T,91.97,200,92.12,200,TGT
2025-11-03,9:37:13.398207650,T,91.98,100,92.12,200,TGT
2025-11-03,9:37:13.399109862,T,91.98,100,92.22,100,TGT
2025-11-03,9:37:13.399124843,T,91.98,100,92.18,200,TGT
2025-11-03,9:37:13.400508106,T,91.97,200,92.18,200,TGT
2025-11-03,9:37:13.400648528,T,91.99,100,92.18,200,TGT
2025-11-03,9:37:13.400698622,T,91.99,200,92.18,200,TGT
2025-11-03,9:37:13.400959231,T,91.99,100,92.18,200,TGT
2025-11-03,9:37:13.401054506,T,91.99,200,92.18,200,TGT
2025-11-03,9:37:13.401249942,T,91.99,100,92.18,200,TGT
2025-11-03,9:37:13.401270005,T,91.99,100,92.18,300,TGT
2025-11-03,9:37:13.401335104,T,91.99,500,92.18,300,TGT
2025-11-03,9:37:13.408296641,T,91.99,500,92.18,200,TGT
2025-11-03,9:37:13.421828983,T,91.99,400,92.18,200,TGT
2025-11-03,9:37:15.831479859,T,92.0,300,92.18,200,TGT
2025-11-03,9:37:15.831530045,T,92.0,400,92.18,200,TGT
2025-11-03,9:37:16.006161021,T,92.01,100,92.18,200,TGT
2025-11-03,9:37:16.006797567,T,92.01,200,92.18,200,TGT
2025-11-03,9:37:16.013428338,T,92.04,100,92.18,200,TGT
2025-11-03,9:37:16.013463344,T,92.04,200,92.18,200,TGT
2025-11-03,9:37:16.014220250,T,92.04,600,92.18,200,TGT
2025-11-03,9:37:16.014270353,T,92.04,500,92.18,200,TGT
2025-11-03,9:37:16.014591030,T,92.06,100,92.18,200,TGT
2025-11-03,9:37:16.014621103,T,92.06,200,92.18,200,TGT
2025-11-03,9:37:16.016565883,T,92.08,100,92.18,200,TGT
2025-11-03,9:37:16.016781281,T,92.08,100,92.31,100,TGT
2025-11-03,9:37:16.016791345,T,92.08,100,92.26,200,TGT
2025-11-03,9:37:16.017127141,T,92.06,200,92.26,200,TGT
2025-11-03,9:37:16.017292807,T,92.08,100,92.26,200,TGT
2025-11-03,9:37:16.017292807,T,92.08,100,92.26,300,TGT
2025-11-03,9:37:16.020455095,T,92.08,100,92.26,200,TGT
2025-11-03,9:37:16.124407759,T,92.08,100,92.25,100,TGT
2025-11-03,9:37:16.125204561,T,92.08,500,92.25,100,TGT
2025-11-03,9:37:16.125480238,T,92.08,400,92.25,100,TGT
2025-11-03,9:37:16.125530331,T,92.09,100,92.25,100,TGT
2025-11-03,9:37:16.126056600,T,92.08,400,92.25,100,TGT
2025-11-03,9:37:16.333706342,T,92.08,400,92.26,200,TGT
2025-11-03,9:37:16.336387762,T,92.08,400,92.24,100,TGT
2025-11-03,9:37:16.442054503,T,92.08,500,92.24,100,TGT
2025-11-03,9:37:16.442079626,T,92.08,500,92.26,200,TGT
2025-11-03,9:37:17.007832414,T,92.08,500,92.24,100,TGT
2025-11-03,9:37:17.345436826,T,92.08,400,92.24,100,TGT
2025-11-03,9:37:17.972250099,T,92.08,400,92.16,100,TGT
2025-11-03,9:37:18.365772551,T,92.08,400,92.24,100,TGT
2025-11-03,9:37:18.366243710,T,92.08,400,92.24,200,TGT
2025-11-03,9:37:18.366273685,T,92.08,400,92.23,100,TGT
2025-11-03,9:37:18.366509270,T,92.08,400,92.24,200,TGT
2025-11-03,9:37:18.366509270,T,92.08,400,92.24,100,TGT
2025-11-03,9:37:18.366554438,T,92.06,100,92.24,100,TGT
2025-11-03,9:37:18.366584452,T,92.06,100,92.24,200,TGT
2025-11-03,9:37:18.366604489,T,92.06,100,92.24,100,TGT
2025-11-03,9:37:20.042121193,T,92.06,100,92.23,100,TGT
2025-11-03,9:37:20.051448437,T,92.06,100,92.23,200,TGT
2025-11-03,9:37:20.052390718,T,92.06,100,92.21,100,TGT
2025-11-03,9:37:20.054420565,T,92.06,100,92.16,100,TGT
2025-11-03,9:37:20.056089467,T,92.06,100,92.15,100,TGT
2025-11-03,9:37:20.067095720,T,92.06,100,92.16,100,TGT
2025-11-03,9:37:20.269091966,T,92.06,100,92.21,100,TGT
2025-11-03,9:37:21.442973728,T,92.06,100,92.15,100,TGT
2025-11-03,9:37:21.443339609,T,91.94,200,92.15,100,TGT
2025-11-03,9:37:21.443339609,T,91.94,100,92.15,100,TGT
2025-11-03,9:37:21.443364658,T,91.94,100,92.1,100,TGT
2025-11-03,9:37:21.443860912,T,91.94,200,92.1,100,TGT
2025-11-03,9:37:21.443941300,T,91.94,100,92.1,100,TGT
2025-11-03,9:37:21.444026204,T,92.0,100,92.1,100,TGT
2025-11-03,9:37:21.450421534,T,92.0,100,92.12,100,TGT
2025-11-03,9:37:21.453944904,T,92.0,100,92.14,100,TGT
2025-11-03,9:37:21.461026737,T,91.94,100,92.14,100,TGT
2025-11-03,9:37:21.481440405,T,91.94,100,92.15,200,TGT
2025-11-03,9:37:21.543367885,T,91.94,100,92.15,100,TGT
2025-11-03,9:37:22.577466783,T,91.94,100,92.15,200,TGT
2025-11-03,9:37:22.620534344,T,91.93,100,92.15,200,TGT
2025-11-03,9:37:22.635515081,T,91.93,100,92.15,100,TGT
2025-11-03,9:37:22.867026636,T,91.93,100,92.14,100,TGT
2025-11-03,9:37:22.867447627,T,91.93,100,92.14,200,TGT
2025-11-03,9:37:23.446923161,T,91.93,100,92.12,100,TGT
2025-11-03,9:37:23.447975603,T,91.93,100,92.12,200,TGT
2025-11-03,9:37:24.400309536,T,91.93,100,92.12,100,TGT
2025-11-03,9:37:25.673126817,T,91.93,100,92.11,100,TGT
2025-11-03,9:37:25.674184233,T,91.93,100,92.11,200,TGT
2025-11-03,9:37:26.480209495,T,91.93,100,92.11,100,TGT
2025-11-03,9:37:26.549479545,T,91.93,100,92.1,100,TGT
2025-11-03,9:37:26.551268851,T,91.93,100,92.1,200,TGT
2025-11-03,9:37:26.858210058,T,91.93,100,92.1,100,TGT
2025-11-03,9:37:27.126930186,T,91.93,100,92.09,100,TGT
2025-11-03,9:37:27.127972673,T,91.93,100,92.09,200,TGT
2025-11-03,9:37:27.439354489,T,91.93,100,92.04,100,TGT
2025-11-03,9:37:27.439359503,T,91.89,200,92.04,100,TGT
2025-11-03,9:37:27.439384629,T,91.89,200,92.08,100,TGT
2025-11-03,9:37:27.439394612,T,91.89,200,92.04,100,TGT
2025-11-03,9:37:27.440331799,T,91.89,200,92.04,200,TGT
2025-11-03,9:37:27.440376948,T,91.89,200,92.04,100,TGT
2025-11-03,9:37:27.490536406,T,91.89,200,92.04,200,TGT
2025-11-03,9:37:27.505722627,T,91.89,200,92.04,100,TGT
2025-11-03,9:37:29.187830225,T,91.89,100,92.04,100,TGT
2025-11-03,9:37:29.745513900,T,91.89,100,92.04,200,TGT
2025-11-03,9:37:29.745558984,T,91.95,100,92.04,200,TGT
2025-11-03,9:37:29.745979995,T,91.95,100,92.04,100,TGT
2025-11-03,9:37:31.190546593,T,91.89,100,92.04,100,TGT
2025-11-03,9:37:31.640668904,T,91.95,100,92.04,100,TGT
2025-11-03,9:37:33.749327717,T,91.95,100,92.03,100,TGT
2025-11-03,9:37:33.749753739,T,91.95,100,92.03,200,TGT
2025-11-03,9:37:35.046818864,T,91.95,100,92.03,100,TGT
2025-11-03,9:37:35.100637154,T,91.96,100,92.03,100,TGT
2025-11-03,9:37:35.471701122,T,91.95,100,92.03,100,TGT
2025-11-03,9:37:38.598756148,T,91.95,100,92.02,100,TGT
2025-11-03,9:37:38.598776153,T,91.95,100,92.02,200,TGT
2025-11-03,9:37:38.598781224,T,91.95,100,92.02,100,TGT
2025-11-03,9:37:38.598791258,T,91.95,100,92.02,200,TGT
2025-11-03,9:37:38.599257405,T,91.95,100,92.02,300,TGT
2025-11-03,9:37:38.599332751,T,91.95,100,92.02,400,TGT
2025-11-03,9:37:38.599397845,T,91.86,100,92.02,400,TGT
2025-11-03,9:37:38.599402723,T,91.85,100,92.02,400,TGT
2025-11-03,9:37:38.599422779,T,91.85,100,91.98,100,TGT
2025-11-03,9:37:38.609556927,T,91.84,300,91.98,100,TGT
2025-11-03,9:37:38.609672261,T,91.84,100,91.98,100,TGT
2025-11-03,9:37:38.816329517,T,91.84,100,91.98,200,TGT
2025-11-03,9:37:38.868528835,T,91.84,100,91.98,100,TGT
2025-11-03,9:37:38.868649135,T,91.9,100,91.98,100,TGT
2025-11-03,9:37:38.916538228,T,91.9,100,92.02,100,TGT
2025-11-03,9:37:39.019162709,T,91.9,100,92.02,200,TGT
2025-11-03,9:37:39.019187789,T,91.84,100,92.02,200,TGT
2025-11-03,9:37:39.019207854,T,91.9,100,92.02,200,TGT
2025-11-03,9:37:39.019232904,T,91.9,100,92.02,100,TGT
2025-11-03,9:37:39.841191233,T,91.9,100,92.02,200,TGT
2025-11-03,9:37:41.109322382,T,91.91,100,92.02,200,TGT
2025-11-03,9:37:41.226205863,T,91.9,100,92.02,200,TGT
2025-11-03,9:37:41.340713683,T,91.9,200,92.02,200,TGT
2025-11-03,9:37:43.891335480,T,91.9,200,92.02,300,TGT
2025-11-03,9:37:43.998510781,T,91.9,200,92.02,200,TGT
2025-11-03,9:37:44.042916561,T,91.91,100,92.02,200,TGT
2025-11-03,9:37:45.581993377,T,91.91,100,92.02,100,TGT
2025-11-03,9:37:51.881356349,T,91.91,100,92.0,100,TGT
2025-11-03,9:37:52.746407086,T,91.91,100,91.98,100,TGT
2025-11-03,9:37:52.747234105,T,91.91,100,92.0,100,TGT
2025-11-03,9:37:52.748035986,T,91.91,100,91.99,100,TGT
2025-11-03,9:37:52.773416529,T,91.91,100,91.99,200,TGT
2025-11-03,9:37:53.144310099,T,91.91,100,91.99,100,TGT
2025-11-03,9:37:53.724732954,T,91.91,100,92.0,100,TGT
2025-11-03,9:37:53.725394560,T,91.91,100,91.98,100,TGT
2025-11-03,9:37:53.733674262,T,91.9,200,91.98,100,TGT
2025-11-03,9:37:53.733729401,T,91.9,200,91.98,200,TGT
2025-11-03,9:37:53.734100284,T,91.9,200,91.98,300,TGT
2025-11-03,9:37:53.740726036,T,91.9,200,91.98,200,TGT
2025-11-03,9:37:53.744384742,T,91.9,200,91.98,100,TGT
2025-11-03,9:37:53.745211771,T,91.9,200,91.98,200,TGT
2025-11-03,9:37:53.755656669,T,91.9,200,91.98,100,TGT
2025-11-03,9:37:53.909523235,T,91.9,200,91.96,100,TGT
2025-11-03,9:37:56.381848701,T,91.9,100,91.96,100,TGT
2025-11-03,9:37:56.381943729,T,91.89,100,91.96,100,TGT
2025-11-03,9:37:56.382384790,T,91.88,100,91.96,100,TGT
2025-11-03,9:37:56.382430197,T,91.88,100,91.92,100,TGT
2025-11-03,9:37:56.537374043,T,91.88,100,91.96,100,TGT
2025-11-03,9:37:56.537429140,T,91.88,100,91.95,100,TGT
2025-11-03,9:37:56.763933789,T,91.88,100,91.96,100,TGT
2025-11-03,9:37:57.900090691,T,91.88,200,91.96,100,TGT
2025-11-03,9:37:57.904300641,T,91.89,100,91.96,100,TGT
2025-11-03,9:37:57.904862048,T,91.88,100,91.96,100,TGT
2025-11-03,9:37:57.906380633,T,91.88,100,91.95,100,TGT
2025-11-03,9:37:59.373776665,T,91.81,200,91.95,100,TGT
2025-11-03,9:37:59.373796700,T,91.81,200,91.91,100,TGT
2025-11-03,9:37:59.380858557,T,91.81,200,91.94,100,TGT
2025-11-03,9:37:59.474481614,T,91.81,200,91.95,100,TGT
2025-11-03,9:37:59.916780320,T,91.81,200,91.94,100,TGT
2025-11-03,9:37:59.916825490,T,91.88,100,91.94,100,TGT
2025-11-03,9:38:00.502375680,T,91.9,100,91.94,100,TGT
2025-11-03,9:38:00.502420670,T,91.9,200,91.94,100,TGT
2025-11-03,9:38:00.504440495,T,91.9,200,91.93,200,TGT
2025-11-03,9:38:00.511607632,T,91.9,100,91.93,200,TGT
2025-11-03,9:38:00.511612575,T,91.88,100,91.93,200,TGT
2025-11-03,9:38:01.921661871,T,91.88,100,91.93,300,TGT
2025-11-03,9:38:01.977449794,T,91.81,200,91.93,300,TGT
2025-11-03,9:38:01.977474862,T,91.81,200,91.92,100,TGT
2025-11-03,9:38:01.977474862,T,91.81,200,91.91,100,TGT
2025-11-03,9:38:01.978026118,T,91.81,200,91.92,200,TGT
2025-11-03,9:38:01.978146409,T,91.81,200,91.91,100,TGT
2025-11-03,9:38:01.978467237,T,91.81,100,91.91,100,TGT
2025-11-03,9:38:01.989929446,T,91.81,100,91.93,100,TGT
2025-11-03,9:38:02.225445580,T,91.81,200,91.93,100,TGT
2025-11-03,9:38:02.227741085,T,91.81,100,91.93,100,TGT
2025-11-03,9:38:02.227771069,T,91.81,100,91.91,100,TGT
2025-11-03,9:38:02.336645440,T,91.81,100,91.93,100,TGT
2025-11-03,9:38:02.445835793,T,91.81,100,91.93,200,TGT
2025-11-03,9:38:02.445835793,T,91.81,100,91.91,100,TGT
2025-11-03,9:38:02.445855665,T,91.81,100,91.92,100,TGT
2025-11-03,9:38:02.445870692,T,91.81,100,91.89,100,TGT
2025-11-03,9:38:02.446281744,T,91.81,100,91.92,100,TGT
2025-11-03,9:38:02.452867502,T,91.81,100,91.93,200,TGT
2025-11-03,9:38:02.452922485,T,91.81,100,91.92,100,TGT
2025-11-03,9:38:02.545894017,T,91.81,100,91.93,200,TGT
2025-11-03,9:38:02.646177916,T,91.81,100,91.93,100,TGT
2025-11-03,9:38:03.334507872,T,91.81,100,91.91,100,TGT
2025-11-03,9:38:03.335069222,T,91.81,100,91.91,200,TGT
2025-11-03,9:38:03.450529360,T,91.81,100,91.91,100,TGT
2025-11-03,9:38:03.929986615,T,91.81,100,91.91,200,TGT
2025-11-03,9:38:04.912522419,T,91.81,100,91.91,100,TGT
2025-11-03,9:38:04.912567631,T,91.84,100,91.91,100,TGT
2025-11-03,9:38:07.137042091,T,91.85,100,91.91,100,TGT
2025-11-03,9:38:07.137092287,T,91.85,200,91.91,100,TGT
2025-11-03,9:38:07.137598453,T,91.85,100,91.91,100,TGT
2025-11-03,9:38:07.161415166,T,91.85,200,91.91,100,TGT
2025-11-03,9:38:07.595970610,T,91.85,200,91.91,200,TGT
2025-11-03,9:38:08.120856173,T,91.85,200,91.91,100,TGT
2025-11-03,9:38:08.120856173,T,91.85,200,91.98,100,TGT
2025-11-03,9:38:08.120876569,T,91.88,100,91.98,100,TGT
2025-11-03,9:38:08.120881292,T,91.89,100,91.98,100,TGT
2025-11-03,9:38:08.120911378,T,91.89,200,91.98,100,TGT
2025-11-03,9:38:08.121618096,T,91.89,200,92.08,200,TGT
2025-11-03,9:38:08.121638099,T,91.89,300,92.08,200,TGT
2025-11-03,9:38:08.121648067,T,91.9,100,92.08,200,TGT
2025-11-03,9:38:08.123186783,T,91.9,100,91.94,100,TGT
2025-11-03,9:38:08.124249316,T,91.89,200,91.94,100,TGT
2025-11-03,9:38:08.124269316,T,91.89,200,91.93,100,TGT
2025-11-03,9:38:08.220929675,T,91.89,100,91.93,100,TGT
2025-11-03,9:38:08.279203432,T,91.89,100,91.94,100,TGT
2025-11-03,9:38:08.317113737,T,91.89,100,91.93,100,TGT
2025-11-03,9:38:08.317123762,T,91.89,100,91.93,200,TGT
2025-11-03,9:38:08.317148904,T,91.89,100,91.93,100,TGT
2025-11-03,9:38:09.932226662,T,91.85,100,91.93,100,TGT
2025-11-03,9:38:09.932286834,T,91.85,100,92.08,200,TGT
2025-11-03,9:38:09.934311695,T,91.81,200,92.08,200,TGT
2025-11-03,9:38:09.934431932,T,91.84,100,92.08,200,TGT
2025-11-03,9:38:10.323919828,T,91.81,200,92.08,200,TGT
2025-11-03,9:38:11.102249300,T,91.81,200,92.08,300,TGT
2025-11-03,9:38:11.102249300,T,91.81,200,91.99,100,TGT
2025-11-03,9:38:11.102279384,T,91.81,200,92.05,100,TGT
2025-11-03,9:38:11.102279384,T,91.81,200,91.99,100,TGT
2025-11-03,9:38:11.107326414,T,91.81,200,92.07,100,TGT
2025-11-03,9:38:11.109336229,T,91.81,200,92.08,300,TGT
2025-11-03,9:38:11.202377945,T,91.81,200,92.08,200,TGT
2025-11-03,9:38:11.804697738,T,91.81,200,92.07,100,TGT
2025-11-03,9:38:11.804742860,T,91.91,100,92.07,100,TGT
2025-11-03,9:38:11.814806835,T,91.91,100,92.08,200,TGT
2025-11-03,9:38:13.938907337,T,91.81,200,92.08,200,TGT
2025-11-03,9:38:13.938952765,T,91.81,200,92.08,300,TGT
2025-11-03,9:38:13.938952765,T,91.81,200,91.99,100,TGT
2025-11-03,9:38:13.938992651,T,91.81,200,92.08,300,TGT
2025-11-03,9:38:13.938992651,T,91.81,200,91.99,100,TGT
2025-11-03,9:38:13.939012528,T,91.81,200,92.08,200,TGT
2025-11-03,9:38:13.939017771,T,91.84,100,92.08,200,TGT
2025-11-03,9:38:13.939067633,T,91.81,200,92.08,200,TGT
2025-11-03,9:38:13.939198182,T,91.81,200,92.07,100,TGT
2025-11-03,9:38:13.939198182,T,91.81,200,92.0,100,TGT
2025-11-03,9:38:13.939218180,T,91.81,200,92.05,100,TGT
2025-11-03,9:38:13.939238057,T,91.81,200,92.0,100,TGT
2025-11-03,9:38:13.939248156,T,91.81,200,91.99,100,TGT
2025-11-03,9:38:13.939268165,T,91.84,100,91.99,100,TGT
2025-11-03,9:38:13.939268165,T,91.84,100,92.07,200,TGT
2025-11-03,9:38:13.939303230,T,91.85,100,92.07,200,TGT
2025-11-03,9:38:13.939303230,T,91.85,100,92.0,100,TGT
2025-11-03,9:38:13.939303230,T,91.85,100,91.93,100,TGT
2025-11-03,9:38:13.939328252,T,91.85,100,91.93,200,TGT
2025-11-03,9:38:13.939338308,T,91.86,100,91.93,200,TGT
2025-11-03,9:38:13.939338308,T,91.86,100,91.93,100,TGT
2025-11-03,9:38:13.939398488,T,91.85,100,91.93,100,TGT
2025-11-03,9:38:13.939403450,T,91.87,100,91.93,100,TGT
2025-11-03,9:38:13.939423537,T,91.85,100,91.93,100,TGT
2025-11-03,9:38:13.939438586,T,91.86,100,91.93,100,TGT
2025-11-03,9:38:13.939443653,T,91.86,100,91.92,100,TGT
2025-11-03,9:38:13.939468663,T,91.86,100,91.92,200,TGT
2025-11-03,9:38:13.939538822,T,91.87,100,91.92,200,TGT
2025-11-03,9:38:13.949292097,T,91.86,100,91.92,200,TGT
2025-11-03,9:38:13.949452384,T,91.85,100,91.92,200,TGT
2025-11-03,9:38:14.252098480,T,91.86,100,91.92,200,TGT
2025-11-03,9:38:14.264568172,T,91.85,100,91.92,200,TGT
2025-11-03,9:38:14.426288534,T,91.86,100,91.92,200,TGT
2025-11-03,9:38:14.584555629,T,91.85,100,91.92,200,TGT
2025-11-03,9:38:14.584630811,T,91.85,100,91.92,300,TGT
2025-11-03,9:38:16.716514890,T,91.84,100,91.92,300,TGT
2025-11-03,9:38:16.975216232,T,91.81,200,91.92,300,TGT
2025-11-03,9:38:17.797189591,T,91.81,200,91.92,200,TGT
2025-11-03,9:38:17.797194940,T,91.81,200,91.92,100,TGT
2025-11-03,9:38:17.797194940,T,91.81,200,92.07,100,TGT
2025-11-03,9:38:17.797209565,T,91.81,200,92.08,200,TGT
2025-11-03,9:38:17.797219666,T,91.84,100,92.08,200,TGT
2025-11-03,9:38:17.797234628,T,91.9,100,92.08,200,TGT
2025-11-03,9:38:17.797294805,T,91.9,200,92.08,200,TGT
2025-11-03,9:38:17.798512760,T,91.9,100,92.08,200,TGT
2025-11-03,9:38:17.798532712,T,91.9,100,91.93,300,TGT
2025-11-03,9:38:17.798648064,T,91.9,200,91.93,300,TGT
2025-11-03,9:38:18.148346313,T,91.9,100,91.93,300,TGT
2025-11-03,9:38:18.148521726,T,91.9,100,91.92,300,TGT
2025-11-03,9:38:18.233925158,T,91.9,100,91.92,200,TGT
2025-11-03,9:38:18.233950253,T,91.9,100,92.08,200,TGT
2025-11-03,9:38:18.233975387,T,91.91,100,92.08,200,TGT
2025-11-03,9:38:18.233975387,T,91.91,200,92.08,200,TGT
2025-11-03,9:38:18.234306434,T,91.91,100,92.08,200,TGT
2025-11-03,9:38:18.234306434,T,91.9,100,92.08,200,TGT
2025-11-03,9:38:18.234331169,T,91.9,100,91.93,100,TGT
2025-11-03,9:38:18.234376535,T,91.9,100,91.93,200,TGT
2025-11-03,9:38:18.234381269,T,91.91,100,91.93,200,TGT
2025-11-03,9:38:18.234386293,T,91.91,100,91.92,100,TGT
2025-11-03,9:38:18.234411781,T,91.9,100,91.92,100,TGT
2025-11-03,9:38:18.234431780,T,91.9,100,91.91,100,TGT
2025-11-03,9:38:18.234456472,T,91.9,100,91.92,200,TGT
2025-11-03,9:38:18.234456472,T,91.9,100,91.92,100,TGT
2025-11-03,9:38:18.234461531,T,91.9,100,91.91,100,TGT
2025-11-03,9:38:18.234466998,T,91.9,100,91.92,100,TGT
2025-11-03,9:38:18.234476814,T,91.9,100,91.93,100,TGT
2025-11-03,9:38:18.234501584,T,91.9,100,91.91,100,TGT
2025-11-03,9:38:18.234561730,T,91.9,100,91.93,100,TGT
2025-11-03,9:38:18.234767202,T,91.9,100,92.08,200,TGT
2025-11-03,9:38:18.234787298,T,91.91,100,92.08,200,TGT
2025-11-03,9:38:18.235002769,T,91.91,200,92.08,200,TGT
2025-11-03,9:38:18.235012858,T,91.91,100,92.08,200,TGT
2025-11-03,9:38:18.235042814,T,91.9,100,92.08,200,TGT
2025-11-03,9:38:18.235063260,T,91.9,100,91.93,100,TGT
2025-11-03,9:38:18.235073170,T,91.9,100,91.92,100,TGT
2025-11-03,9:38:18.235308528,T,91.9,100,91.92,200,TGT
2025-11-03,9:38:18.238320642,T,91.9,100,91.92,100,TGT
2025-11-03,9:38:18.238320642,T,91.9,100,91.93,100,TGT
2025-11-03,9:38:18.259992279,T,91.9,100,92.08,200,TGT
2025-11-03,9:38:18.361173391,T,91.9,100,91.92,100,TGT
2025-11-03,9:38:18.361228467,T,91.88,100,91.92,100,TGT
2025-11-03,9:38:18.361238490,T,91.88,100,92.08,200,TGT
2025-11-03,9:38:18.361263632,T,91.9,100,92.08,200,TGT
2025-11-03,9:38:18.361819933,T,91.89,100,92.08,200,TGT
2025-11-03,9:38:18.516172645,T,91.88,100,92.08,200,TGT
2025-11-03,9:38:18.904868706,T,91.85,100,92.08,200,TGT
2025-11-03,9:38:20.197197439,T,91.84,100,92.08,200,TGT
2025-11-03,9:38:20.197227473,T,91.81,200,92.08,200,TGT
2025-11-03,9:38:20.819880939,T,91.87,200,92.08,200,TGT
2025-11-03,9:38:20.948833182,T,91.87,200,92.09,200,TGT
2025-11-03,9:38:20.948838180,T,91.87,200,92.04,200,TGT
2025-11-03,9:38:21.700308651,T,91.84,100,92.04,200,TGT
2025-11-03,9:38:22.283949205,T,91.81,200,92.04,200,TGT
2025-11-03,9:38:23.374036090,T,91.81,200,91.93,100,TGT
2025-11-03,9:38:23.375264089,T,91.81,200,91.94,100,TGT
2025-11-03,9:38:23.574067697,T,91.81,200,91.96,100,TGT
2025-11-03,9:38:24.912381249,T,91.81,100,91.96,100,TGT
2025-11-03,9:38:27.473317293,T,91.81,200,91.96,100,TGT
2025-11-03,9:38:29.526939982,T,91.85,100,91.96,100,TGT
2025-11-03,9:38:32.075441723,T,91.85,100,91.94,100,TGT
2025-11-03,9:38:32.988055972,T,91.85,100,92.04,300,TGT
2025-11-03,9:38:32.999032135,T,91.85,100,91.94,100,TGT
2025-11-03,9:38:33.026662931,T,91.85,100,92.04,300,TGT
2025-11-03,9:38:33.063816395,T,91.85,100,91.94,100,TGT
2025-11-03,9:38:33.444583540,T,91.85,100,92.04,300,TGT
2025-11-03,9:38:33.444638635,T,91.86,100,92.04,300,TGT
2025-11-03,9:38:33.599517646,T,91.85,100,92.04,300,TGT
2025-11-03,9:38:34.016506101,T,91.85,100,91.91,100,TGT
2025-11-03,9:38:37.548766580,T,91.81,200,91.91,100,TGT
2025-11-03,9:38:37.596690691,T,91.84,100,91.91,100,TGT
2025-11-03,9:38:38.517765169,T,91.84,100,92.02,100,TGT
2025-11-03,9:38:40.066434860,T,91.84,100,92.03,100,TGT
2025-11-03,9:38:42.047193792,T,91.81,200,92.03,100,TGT
2025-11-03,9:38:42.047228901,T,91.81,200,92.02,100,TGT
2025-11-03,9:38:42.047233934,T,91.81,200,91.96,100,TGT
2025-11-03,9:38:42.047233934,T,91.81,200,91.88,100,TGT
2025-11-03,9:38:42.047248935,T,91.84,100,91.88,100,TGT
2025-11-03,9:38:42.047459429,T,91.84,100,91.86,100,TGT
2025-11-03,9:38:42.048010765,T,91.84,100,91.88,100,TGT
2025-11-03,9:38:42.065662969,T,91.81,200,91.88,100,TGT
2025-11-03,9:38:42.065717905,T,91.81,200,91.89,100,TGT
2025-11-03,9:38:42.247536106,T,91.81,200,91.91,100,TGT
2025-11-03,9:38:42.965747255,T,91.81,200,91.94,100,TGT
2025-11-03,9:38:42.965782348,T,91.81,100,91.94,100,TGT
2025-11-03,9:38:42.965802369,T,91.81,200,91.94,100,TGT
2025-11-03,9:38:42.965907594,T,91.81,100,91.94,100,TGT
2025-11-03,9:38:43.762209675,T,91.81,200,91.94,100,TGT
2025-11-03,9:38:44.431133349,T,91.81,100,91.94,100,TGT
2025-11-03,9:38:44.431153422,T,91.81,100,91.88,100,TGT
2025-11-03,9:38:44.632182364,T,91.81,100,91.94,100,TGT
2025-11-03,9:38:46.408759934,T,91.84,100,91.94,100,TGT
2025-11-03,9:38:47.074420851,T,91.84,100,91.96,100,TGT
2025-11-03,9:38:47.903606349,T,91.81,100,91.96,100,TGT
2025-11-03,9:38:47.903621439,T,91.81,100,91.94,100,TGT
2025-11-03,9:38:47.903621439,T,91.81,100,91.91,100,TGT
2025-11-03,9:38:47.903626352,T,91.81,100,91.86,100,TGT
2025-11-03,9:38:47.903626352,T,91.81,100,91.86,200,TGT
2025-11-03,9:38:47.904182757,T,91.81,100,91.86,100,TGT
2025-11-03,9:38:47.910693234,T,91.81,100,91.89,100,TGT
2025-11-03,9:38:48.103778235,T,91.81,100,91.91,100,TGT
2025-11-03,9:38:48.404204028,T,91.81,100,91.94,100,TGT
2025-11-03,9:38:48.404229046,T,91.81,100,92.0,100,TGT
2025-11-03,9:38:48.665411267,T,91.81,100,91.94,100,TGT
2025-11-03,9:38:48.665436307,T,91.81,100,91.99,100,TGT
2025-11-03,9:38:48.762863443,T,91.8,1000,91.99,100,TGT
2025-11-03,9:38:48.762888484,T,91.8,1000,91.85,100,TGT
2025-11-03,9:38:48.763013841,T,91.8,1000,91.83,100,TGT
2025-11-03,9:38:48.764447243,T,91.8,1000,91.85,100,TGT
2025-11-03,9:38:48.863017064,T,91.8,1000,91.91,100,TGT
2025-11-03,9:38:48.963606655,T,91.8,1000,91.94,100,TGT
2025-11-03,9:38:48.963631762,T,91.8,1000,91.96,100,TGT
2025-11-03,9:38:48.963696878,T,91.8,1000,91.86,100,TGT
2025-11-03,9:38:49.175200804,T,91.8,1000,91.96,100,TGT
2025-11-03,9:38:50.299424225,T,91.8,800,91.96,100,TGT
2025-11-03,9:38:50.299449211,T,91.75,100,91.96,100,TGT
2025-11-03,9:38:50.299454435,T,91.75,100,91.91,100,TGT
2025-11-03,9:38:50.299469421,T,91.75,100,91.86,100,TGT
2025-11-03,9:38:50.299474671,T,91.75,100,91.85,100,TGT
2025-11-03,9:38:50.299479262,T,91.74,100,91.85,100,TGT
2025-11-03,9:38:50.299484579,T,91.8,100,91.85,100,TGT
2025-11-03,9:38:50.299489409,T,91.74,100,91.85,100,TGT
2025-11-03,9:38:50.299494393,T,91.74,100,91.85,200,TGT
2025-11-03,9:38:50.299494393,T,91.74,100,91.83,100,TGT
2025-11-03,9:38:50.299519362,T,91.74,100,91.83,200,TGT
2025-11-03,9:38:50.299539512,T,91.74,100,91.82,100,TGT
2025-11-03,9:38:50.299955433,T,91.73,200,91.82,100,TGT
2025-11-03,9:38:52.835621548,T,91.73,200,91.81,100,TGT
2025-11-03,9:38:52.880744054,T,91.73,200,91.8,100,TGT
2025-11-03,9:38:52.881114944,T,91.73,200,91.81,100,TGT
2025-11-03,9:38:52.881210244,T,91.73,200,91.85,100,TGT
2025-11-03,9:38:52.988550973,T,91.73,200,91.85,200,TGT
2025-11-03,9:38:52.988586046,T,91.73,200,91.82,100,TGT
2025-11-03,9:38:52.988616093,T,91.73,200,91.81,100,TGT
2025-11-03,9:38:53.035628051,T,91.73,200,91.82,100,TGT
2025-11-03,9:38:53.035658183,T,91.73,200,91.85,200,TGT
2025-11-03,9:38:53.035708422,T,91.76,100,91.85,200,TGT
2025-11-03,9:38:54.061567308,T,91.76,100,91.85,100,TGT
2025-11-03,9:38:57.030600860,T,91.76,200,91.85,100,TGT
2025-11-03,9:38:58.858796400,T,91.76,200,91.97,100,TGT
2025-11-03,9:38:58.858821523,T,91.77,100,91.97,100,TGT
2025-11-03,9:38:58.859483079,T,91.77,200,91.97,100,TGT
2025-11-03,9:38:58.859828928,T,91.77,300,91.97,100,TGT
2025-11-03,9:38:58.859869045,T,91.77,200,91.97,100,TGT
2025-11-03,9:38:58.865908464,T,91.77,100,91.97,100,TGT
2025-11-03,9:38:58.916649336,T,91.77,100,91.87,45000,TGT
2025-11-03,9:38:58.923270083,T,91.76,200,91.87,45000,TGT
2025-11-03,9:38:58.923290083,T,91.76,200,91.81,100,TGT
2025-11-03,9:38:58.923320125,T,91.76,200,91.81,200,TGT
2025-11-03,9:38:58.923325221,T,91.76,200,91.81,100,TGT
2025-11-03,9:38:58.923325221,T,91.76,200,91.81,200,TGT
2025-11-03,9:38:58.930326825,T,91.76,200,91.81,100,TGT
2025-11-03,9:38:59.023945254,T,91.76,200,91.82,100,TGT
2025-11-03,9:39:02.273356559,T,91.76,100,91.82,100,TGT
2025-11-03,9:39:02.353437378,T,91.76,100,91.82,200,TGT
2025-11-03,9:39:02.353447323,T,91.76,100,91.82,100,TGT
2025-11-03,9:39:02.682952318,T,91.76,100,91.82,200,TGT
2025-11-03,9:39:02.682967453,T,91.71,100,91.82,200,TGT
2025-11-03,9:39:02.682987495,T,91.71,100,91.81,100,TGT
2025-11-03,9:39:02.682987495,T,91.71,100,91.8,100,TGT
2025-11-03,9:39:02.682987495,T,91.71,100,91.78,100,TGT
2025-11-03,9:39:02.683543764,T,91.71,100,91.79,200,TGT
2025-11-03,9:39:02.685448283,T,91.71,100,91.77,100,TGT
2025-11-03,9:39:02.685588593,T,91.71,100,91.76,100,TGT
2025-11-03,9:39:02.685618674,T,91.7,100,91.76,100,TGT
2025-11-03,9:39:02.686139909,T,91.7,100,91.77,100,TGT
2025-11-03,9:39:02.686530920,T,91.7,100,91.79,100,TGT
2025-11-03,9:39:02.686931875,T,91.7,100,91.74,100,TGT
2025-11-03,9:39:02.686941885,T,91.69,100,91.74,100,TGT
2025-11-03,9:39:02.688380291,T,91.69,100,91.79,100,TGT
2025-11-03,9:39:02.812711517,T,91.69,100,91.8,100,TGT
2025-11-03,9:39:02.812736519,T,91.69,100,91.79,100,TGT
2025-11-03,9:39:02.883124249,T,91.69,100,91.8,100,TGT
2025-11-03,9:39:02.974105993,T,91.7,100,91.8,100,TGT
2025-11-03,9:39:03.057033529,T,91.7,200,91.8,100,TGT
2025-11-03,9:39:03.057073657,T,91.7,200,91.82,200,TGT
2025-11-03,9:39:03.060587032,T,91.7,100,91.82,200,TGT
2025-11-03,9:39:03.142236560,T,91.7,100,91.81,100,TGT
2025-11-03,9:39:03.142266757,T,91.7,100,91.81,200,TGT
2025-11-03,9:39:03.556994606,T,91.7,200,91.81,200,TGT
2025-11-03,9:39:03.559024524,T,91.7,100,91.81,200,TGT
2025-11-03,9:39:03.588504730,T,91.73,100,91.81,200,TGT
2025-11-03,9:39:05.330444785,T,91.73,200,91.81,200,TGT
2025-11-03,9:39:06.343638636,T,91.73,300,91.81,200,TGT
2025-11-03,9:39:06.383558830,T,91.73,300,91.81,100,TGT
2025-11-03,9:39:06.383608898,T,91.74,100,91.81,100,TGT
2025-11-03,9:39:06.495806176,T,91.76,100,91.81,100,TGT
2025-11-03,9:39:06.496187059,T,91.76,200,91.81,100,TGT
2025-11-03,9:39:06.496197145,T,91.78,100,91.81,100,TGT
2025-11-03,9:39:06.496217557,T,91.78,200,91.81,100,TGT
2025-11-03,9:39:06.496397574,T,91.78,200,91.87,45000,TGT
2025-11-03,9:39:06.496753414,T,91.78,100,91.87,45000,TGT
2025-11-03,9:39:06.497194488,T,91.78,100,91.86,100,TGT
2025-11-03,9:39:06.497745795,T,91.78,100,91.87,45000,TGT
2025-11-03,9:39:06.497871118,T,91.78,100,91.86,100,TGT
2025-11-03,9:39:06.503494485,T,91.78,200,91.86,100,TGT
2025-11-03,9:39:06.507098151,T,91.78,100,91.86,100,TGT
2025-11-03,9:39:06.607166557,T,91.78,200,91.86,100,TGT
2025-11-03,9:39:06.696554482,T,91.78,100,91.86,100,TGT
2025-11-03,9:39:06.696790021,T,91.78,100,91.87,45000,TGT
2025-11-03,9:39:12.190899507,T,91.76,100,91.87,45000,TGT
2025-11-03,9:39:12.190924608,T,91.76,100,91.87,45100,TGT
2025-11-03,9:39:12.190930117,T,91.74,200,91.87,45100,TGT
2025-11-03,9:39:12.190934573,T,91.74,200,91.84,100,TGT
2025-11-03,9:39:12.190939606,T,91.74,100,91.84,100,TGT
2025-11-03,9:39:12.190964621,T,91.74,100,91.82,100,TGT
2025-11-03,9:39:12.190969673,T,91.74,100,91.82,200,TGT
2025-11-03,9:39:12.191029854,T,91.74,100,91.82,100,TGT
2025-11-03,9:39:12.227155900,T,91.73,100,91.82,100,TGT
2025-11-03,9:39:12.232909630,T,91.72,100,91.82,100,TGT
2025-11-03,9:39:12.232934709,T,91.71,100,91.82,100,TGT
2025-11-03,9:39:12.579545359,T,91.7,100,91.82,100,TGT
2025-11-03,9:39:12.579981435,T,91.7,100,91.84,100,TGT
2025-11-03,9:39:13.413206492,T,91.73,100,91.84,100,TGT
2025-11-03,9:39:14.355782365,T,91.74,100,91.84,100,TGT
2025-11-03,9:39:14.356218201,T,91.73,100,91.84,100,TGT
2025-11-03,9:39:14.394634781,T,91.74,100,91.84,100,TGT
2025-11-03,9:39:17.518832901,T,91.74,100,91.84,300,TGT
2025-11-03,9:39:18.463749046,T,91.74,200,91.84,300,TGT
2025-11-03,9:39:19.937405009,T,91.74,200,91.84,200,TGT
2025-11-03,9:39:19.937409993,T,91.76,100,91.84,200,TGT
2025-11-03,9:39:19.937415039,T,91.76,100,91.84,100,TGT
2025-11-03,9:39:19.937465102,T,91.76,200,91.84,100,TGT
2025-11-03,9:39:20.340640662,T,91.76,100,91.84,100,TGT
2025-11-03,9:39:20.340896579,T,91.77,100,91.84,100,TGT
2025-11-03,9:39:20.340936390,T,91.77,200,91.84,100,TGT
2025-11-03,9:39:20.601241589,T,91.77,100,91.84,100,TGT
2025-11-03,9:39:22.276357422,T,91.78,100,91.84,100,TGT
