DATE,TIME_M,EX,BID,BIDSIZ,ASK,ASKSIZ,SYM_ROOT
2025-10-24,9:30:20.509883291,T,94.75,500,95.0,1000,TGT
2025-10-24,9:30:31.537039451,T,94.86,200,95.0,1000,TGT
2025-10-24,9:30:31.537731092,T,94.75,500,95.0,1000,TGT
2025-10-24,9:30:32.052898473,T,94.75,500,94.99,100,TGT
2025-10-24,9:30:32.685280532,T,94.77,200,94.99,100,TGT
2025-10-24,9:30:32.693579792,T,94.83,200,94.99,100,TGT
2025-10-24,9:30:32.693614918,T,94.77,200,94.99,100,TGT
2025-10-24,9:30:32.694261473,T,94.84,200,94.99,100,TGT
2025-10-24,9:30:32.694948091,T,94.77,200,94.99,100,TGT
2025-10-24,9:30:33.924171708,T,94.77,200,94.99,200,TGT
2025-10-24,9:30:33.924176757,T,94.77,200,94.98,100,TGT
2025-10-24,9:30:33.924181703,T,94.77,200,94.96,100,TGT
2025-10-24,9:30:33.924201682,T,94.77,200,94.98,100,TGT
2025-10-24,9:30:33.924727976,T,94.77,200,94.99,200,TGT
2025-10-24,9:30:33.924727976,T,94.77,200,94.99,100,TGT
2025-10-24,9:30:33.925008595,T,94.87,200,94.99,100,TGT
2025-10-24,9:30:33.925695279,T,94.77,200,94.99,100,TGT
2025-10-24,9:30:38.356185514,T,94.78,100,94.99,100,TGT
2025-10-24,9:30:38.356190487,T,94.82,100,94.99,100,TGT
2025-10-24,9:30:38.356215559,T,94.79,100,94.99,100,TGT
2025-10-24,9:30:38.356225570,T,94.82,100,94.99,100,TGT
2025-10-24,9:30:38.361718725,T,94.77,200,94.99,100,TGT
2025-10-24,9:30:57.049315855,T,94.77,200,94.9,1000,TGT
2025-10-24,9:31:06.357571541,T,94.77,200,94.9,800,TGT
2025-10-24,9:31:06.357571541,T,94.77,200,94.9,700,TGT
2025-10-24,9:31:06.357571541,T,94.77,200,94.9,500,TGT
2025-10-24,9:31:06.357601602,T,94.77,200,94.9,100,TGT
2025-10-24,9:31:06.357621587,T,94.77,200,94.99,100,TGT
2025-10-24,9:31:06.357641801,T,94.9,100,94.99,100,TGT
2025-10-24,9:31:06.358263205,T,94.77,200,94.99,100,TGT
2025-10-24,9:31:25.723062694,T,94.77,200,95.13,200,TGT
2025-10-24,9:31:25.723083010,T,94.99,100,95.13,200,TGT
2025-10-24,9:31:25.723423621,T,94.99,200,95.13,200,TGT
2025-10-24,9:31:25.723508766,T,94.99,300,95.13,200,TGT
2025-10-24,9:31:25.723563906,T,94.99,400,95.13,200,TGT
2025-10-24,9:31:25.723699538,T,94.99,300,95.13,200,TGT
2025-10-24,9:31:25.723734360,T,95.02,100,95.13,200,TGT
2025-10-24,9:31:25.723779467,T,94.99,300,95.13,200,TGT
2025-10-24,9:31:25.723779467,T,95.02,100,95.13,200,TGT
2025-10-24,9:31:25.723784535,T,95.02,100,95.13,300,TGT
2025-10-24,9:31:25.723799566,T,94.99,300,95.13,300,TGT
2025-10-24,9:31:25.723814772,T,95.02,100,95.13,300,TGT
2025-10-24,9:31:25.723929838,T,95.02,100,95.13,400,TGT
2025-10-24,9:31:25.723934867,T,94.99,300,95.13,400,TGT
2025-10-24,9:31:25.723959870,T,95.02,100,95.13,400,TGT
2025-10-24,9:31:25.724004938,T,94.99,300,95.13,400,TGT
2025-10-24,9:31:25.724004938,T,95.02,100,95.13,400,TGT
2025-10-24,9:31:25.724055131,T,95.02,100,95.13,500,TGT
2025-10-24,9:31:25.724110203,T,95.02,100,95.05,100,TGT
2025-10-24,9:31:25.724130406,T,95.02,100,95.05,200,TGT
2025-10-24,9:31:25.724130406,T,95.02,100,95.05,300,TGT
2025-10-24,9:31:25.724155334,T,95.02,100,95.05,400,TGT
2025-10-24,9:31:25.724155334,T,94.99,200,95.05,400,TGT
2025-10-24,9:31:25.724195444,T,94.99,200,95.05,500,TGT
2025-10-24,9:31:25.724521223,T,94.99,100,95.05,500,TGT
2025-10-24,9:31:25.724997374,T,94.99,200,95.05,500,TGT
2025-10-24,9:31:25.725097545,T,94.99,200,95.05,400,TGT
2025-10-24,9:31:25.725102640,T,94.99,200,95.05,300,TGT
2025-10-24,9:31:25.725102640,T,94.99,200,95.05,200,TGT
2025-10-24,9:31:25.725107594,T,94.99,200,95.05,100,TGT
2025-10-24,9:31:25.725107594,T,94.99,200,95.13,200,TGT
2025-10-24,9:31:25.725127628,T,95.0,100,95.13,200,TGT
2025-10-24,9:31:25.725152764,T,95.02,100,95.13,200,TGT
2025-10-24,9:31:25.725593814,T,94.99,300,95.13,200,TGT
2025-10-24,9:31:25.725593814,T,94.99,200,95.13,200,TGT
2025-10-24,9:31:25.725623824,T,94.99,300,95.13,200,TGT
2025-10-24,9:31:25.725623824,T,94.99,200,95.13,200,TGT
2025-10-24,9:31:25.726816632,T,94.99,300,95.13,200,TGT
2025-10-24,9:31:25.726851808,T,94.99,200,95.13,200,TGT
2025-10-24,9:31:25.727969429,T,95.0,100,95.13,200,TGT
2025-10-24,9:31:25.728049722,T,95.04,100,95.13,200,TGT
2025-10-24,9:31:25.728054636,T,95.0,100,95.13,200,TGT
2025-10-24,9:31:25.728054636,T,95.04,100,95.13,200,TGT
2025-10-24,9:31:25.728110168,T,95.04,100,95.3,200,TGT
2025-10-24,9:31:25.728110168,T,95.0,100,95.3,200,TGT
2025-10-24,9:31:25.728119800,T,95.05,100,95.3,200,TGT
2025-10-24,9:31:25.728119800,T,95.05,100,95.13,200,TGT
2025-10-24,9:31:25.728129826,T,95.09,100,95.13,200,TGT
2025-10-24,9:31:25.728691185,T,95.05,100,95.13,200,TGT
2025-10-24,9:31:25.730325056,T,95.0,100,95.13,200,TGT
2025-10-24,9:31:25.730345078,T,95.0,100,95.3,200,TGT
2025-10-24,9:31:25.730370109,T,95.0,100,95.09,200,TGT
2025-10-24,9:31:25.730370109,T,95.0,100,95.09,100,TGT
2025-10-24,9:31:25.730390339,T,95.0,100,95.25,100,TGT
2025-10-24,9:31:25.730395354,T,95.0,100,95.3,200,TGT
2025-10-24,9:31:25.731888740,T,95.0,100,95.24,100,TGT
2025-10-24,9:31:25.738389229,T,94.96,200,95.24,100,TGT
2025-10-24,9:31:25.738414334,T,94.96,100,95.24,100,TGT
2025-10-24,9:31:25.742509029,T,94.96,200,95.24,100,TGT
2025-10-24,9:31:25.742844919,T,94.96,300,95.24,100,TGT
2025-10-24,9:31:25.744373463,T,95.08,100,95.24,100,TGT
2025-10-24,9:31:25.751154666,T,94.96,300,95.24,100,TGT
2025-10-24,9:31:25.758522278,T,94.96,200,95.24,100,TGT
2025-10-24,9:31:25.823131125,T,94.96,100,95.24,100,TGT
2025-10-24,9:31:25.823161171,T,94.94,100,95.24,100,TGT
2025-10-24,9:31:25.889855070,T,95.03,100,95.24,100,TGT
2025-10-24,9:31:25.889890243,T,95.03,200,95.24,100,TGT
2025-10-24,9:31:26.052657979,T,95.03,100,95.24,100,TGT
2025-10-24,9:31:26.398035881,T,95.03,200,95.24,100,TGT
2025-10-24,9:31:26.701694398,T,95.03,200,95.25,400,TGT
2025-10-24,9:31:26.701694398,T,95.03,200,95.29,200,TGT
2025-10-24,9:31:26.701719501,T,95.08,100,95.29,200,TGT
2025-10-24,9:31:26.701719501,T,95.18,100,95.29,200,TGT
2025-10-24,9:31:26.701759505,T,95.16,100,95.29,200,TGT
2025-10-24,9:31:26.701764507,T,95.17,100,95.29,200,TGT
2025-10-24,9:31:26.701774937,T,95.18,100,95.29,200,TGT
2025-10-24,9:31:26.701784592,T,95.16,100,95.29,200,TGT
2025-10-24,9:31:26.701794604,T,95.16,100,95.28,100,TGT
2025-10-24,9:31:26.701819715,T,95.18,100,95.28,100,TGT
2025-10-24,9:31:26.702205613,T,95.19,100,95.28,100,TGT
2025-10-24,9:31:26.702210731,T,95.2,100,95.28,100,TGT
2025-10-24,9:31:26.702215590,T,95.19,100,95.28,100,TGT
2025-10-24,9:31:26.702230686,T,95.18,100,95.28,100,TGT
2025-10-24,9:31:26.702250728,T,95.16,100,95.28,100,TGT
2025-10-24,9:31:26.702260776,T,95.19,100,95.28,100,TGT
2025-10-24,9:31:26.702676879,T,95.21,100,95.28,100,TGT
2025-10-24,9:31:26.702676879,T,95.21,100,95.29,200,TGT
2025-10-24,9:31:26.702707085,T,95.24,100,95.29,200,TGT
2025-10-24,9:31:26.702766973,T,95.21,100,95.29,200,TGT
2025-10-24,9:31:26.702877175,T,95.19,100,95.29,200,TGT
2025-10-24,9:31:26.702877175,T,95.21,100,95.29,200,TGT
2025-10-24,9:31:26.702977414,T,95.21,100,95.3,200,TGT
2025-10-24,9:31:26.703002454,T,95.22,100,95.3,200,TGT
2025-10-24,9:31:26.703002454,T,95.26,100,95.3,200,TGT
2025-10-24,9:31:26.703017691,T,95.26,100,95.3,100,TGT
2025-10-24,9:31:26.703017691,T,95.26,100,95.49,100,TGT
2025-10-24,9:31:26.703022679,T,95.25,100,95.49,100,TGT
2025-10-24,9:31:26.703022679,T,95.26,100,95.49,100,TGT
2025-10-24,9:31:26.703057755,T,95.24,100,95.49,100,TGT
2025-10-24,9:31:26.703057755,T,95.26,100,95.49,100,TGT
2025-10-24,9:31:26.703077686,T,95.24,100,95.49,100,TGT
2025-10-24,9:31:26.703117757,T,95.19,100,95.49,100,TGT
2025-10-24,9:31:26.703228033,T,95.16,100,95.49,100,TGT
2025-10-24,9:31:26.703238040,T,95.19,100,95.49,100,TGT
2025-10-24,9:31:26.703243025,T,95.16,100,95.49,100,TGT
2025-10-24,9:31:26.703248492,T,95.16,100,95.37,100,TGT
2025-10-24,9:31:26.703248492,T,95.16,100,95.32,200,TGT
2025-10-24,9:31:26.703268137,T,95.16,100,95.49,100,TGT
2025-10-24,9:31:26.703268137,T,95.19,100,95.49,100,TGT
2025-10-24,9:31:26.703278164,T,95.19,100,95.5,300,TGT
2025-10-24,9:31:26.703278164,T,95.16,100,95.5,300,TGT
2025-10-24,9:31:26.703293523,T,95.16,100,95.29,200,TGT
2025-10-24,9:31:26.703303242,T,95.19,100,95.29,200,TGT
2025-10-24,9:31:26.703318222,T,95.16,100,95.29,200,TGT
2025-10-24,9:31:26.703343357,T,95.19,100,95.29,200,TGT
2025-10-24,9:31:26.703413410,T,95.19,100,95.49,100,TGT
2025-10-24,9:31:26.703438634,T,95.21,100,95.49,100,TGT
2025-10-24,9:31:26.703443503,T,95.24,100,95.49,100,TGT
2025-10-24,9:31:26.703488652,T,95.19,100,95.49,100,TGT
2025-10-24,9:31:26.703759321,T,95.24,100,95.49,100,TGT
2025-10-24,9:31:26.703769617,T,95.19,100,95.49,100,TGT
2025-10-24,9:31:26.704907059,T,95.19,100,95.42,100,TGT
2025-10-24,9:31:26.710074338,T,95.19,100,95.39,100,TGT
2025-10-24,9:31:26.710084399,T,95.19,100,95.37,100,TGT
2025-10-24,9:31:26.710089414,T,95.19,100,95.34,100,TGT
2025-10-24,9:31:26.710089414,T,95.09,200,95.34,100,TGT
2025-10-24,9:31:26.710094630,T,95.09,200,95.37,100,TGT
2025-10-24,9:31:26.710094630,T,95.09,200,95.32,100,TGT
2025-10-24,9:31:26.710099411,T,95.09,100,95.32,100,TGT
2025-10-24,9:31:26.710124500,T,95.09,200,95.32,100,TGT
2025-10-24,9:31:26.710134908,T,95.09,200,95.35,100,TGT
2025-10-24,9:31:26.710134908,T,95.09,200,95.32,100,TGT
2025-10-24,9:31:26.710154516,T,95.09,200,95.29,100,TGT
2025-10-24,9:31:26.712870966,T,95.09,300,95.29,100,TGT
2025-10-24,9:31:26.714620200,T,95.09,200,95.29,100,TGT
2025-10-24,9:31:26.726904462,T,95.09,100,95.29,100,TGT
2025-10-24,9:31:26.744736894,T,95.09,200,95.29,100,TGT
2025-10-24,9:31:26.744756917,T,95.1,100,95.29,100,TGT
2025-10-24,9:31:26.744771972,T,95.09,200,95.29,100,TGT
2025-10-24,9:31:26.745177914,T,95.1,100,95.29,100,TGT
2025-10-24,9:31:26.752269815,T,95.1,100,95.29,200,TGT
2025-10-24,9:31:26.902036717,T,95.03,200,95.29,200,TGT
2025-10-24,9:31:28.601801142,T,95.03,100,95.29,200,TGT
2025-10-24,9:31:28.602367495,T,95.03,100,95.29,100,TGT
2025-10-24,9:31:28.602367495,T,95.03,100,95.28,100,TGT
2025-10-24,9:31:28.602648106,T,95.03,100,95.28,200,TGT
2025-10-24,9:31:29.171237730,T,95.03,100,95.27,100,TGT
2025-10-24,9:31:29.171262823,T,95.03,100,95.27,200,TGT
2025-10-24,9:31:29.171553486,T,95.03,100,95.27,300,TGT
2025-10-24,9:31:29.172014586,T,95.03,100,95.27,200,TGT
2025-10-24,9:31:29.247705022,T,95.03,100,95.26,100,TGT
2025-10-24,9:31:29.247725059,T,95.03,100,95.26,200,TGT
2025-10-24,9:31:29.248000662,T,95.03,100,95.26,300,TGT
2025-10-24,9:31:29.248316433,T,95.03,100,95.26,400,TGT
2025-10-24,9:31:29.248336531,T,95.03,100,95.26,300,TGT
2025-10-24,9:31:29.248336531,T,95.03,100,95.18,100,TGT
2025-10-24,9:31:29.248341485,T,95.03,100,95.18,200,TGT
2025-10-24,9:31:29.248341485,T,95.03,100,95.17,100,TGT
2025-10-24,9:31:29.248346509,T,95.03,100,95.17,200,TGT
2025-10-24,9:31:29.248386582,T,95.03,100,95.17,300,TGT
2025-10-24,9:31:29.248396584,T,95.03,100,95.17,400,TGT
2025-10-24,9:31:29.248546987,T,95.03,100,95.15,100,TGT
2025-10-24,9:31:29.248567051,T,95.03,100,95.15,200,TGT
2025-10-24,9:31:29.248602145,T,95.03,100,95.15,300,TGT
2025-10-24,9:31:29.248612265,T,95.03,100,95.15,200,TGT
2025-10-24,9:31:29.248627225,T,95.03,100,95.15,100,TGT
2025-10-24,9:31:29.248627225,T,95.03,100,95.14,100,TGT
2025-10-24,9:31:29.248722402,T,95.03,100,95.14,200,TGT
2025-10-24,9:31:29.248732375,T,95.03,100,95.14,100,TGT
2025-10-24,9:31:29.248742392,T,95.03,100,95.15,100,TGT
2025-10-24,9:31:29.248742392,T,95.03,100,95.13,100,TGT
2025-10-24,9:31:29.249539434,T,95.03,200,95.13,100,TGT
2025-10-24,9:31:29.261668209,T,95.03,100,95.13,100,TGT
2025-10-24,9:31:29.262394934,T,95.03,200,95.13,100,TGT
2025-10-24,9:31:29.267291668,T,95.03,200,95.13,200,TGT
2025-10-24,9:31:29.282287360,T,95.03,100,95.13,200,TGT
2025-10-24,9:31:29.374151193,T,95.03,100,95.13,300,TGT
2025-10-24,9:31:29.878858706,T,94.94,100,95.13,300,TGT
2025-10-24,9:31:29.878884022,T,94.94,100,95.05,100,TGT
2025-10-24,9:31:29.878938861,T,94.94,100,95.05,200,TGT
2025-10-24,9:31:29.879430036,T,94.94,200,95.05,200,TGT
2025-10-24,9:31:29.879570348,T,94.94,100,95.05,200,TGT
2025-10-24,9:31:29.879690652,T,94.94,100,95.05,300,TGT
2025-10-24,9:31:29.879710690,T,94.94,200,95.05,300,TGT
2025-10-24,9:31:29.880663020,T,94.94,200,95.05,400,TGT
2025-10-24,9:31:29.978927034,T,94.94,200,95.05,300,TGT
2025-10-24,9:31:29.979343030,T,94.94,100,95.05,300,TGT
2025-10-24,9:31:29.979563539,T,94.88,100,95.05,300,TGT
2025-10-24,9:31:30.571999985,T,94.88,100,95.05,200,TGT
2025-10-24,9:31:30.572010079,T,94.88,100,95.05,100,TGT
2025-10-24,9:31:30.572010079,T,94.88,100,95.17,100,TGT
2025-10-24,9:31:30.572020527,T,94.94,100,95.17,100,TGT
2025-10-24,9:31:30.572045140,T,94.98,100,95.17,100,TGT
2025-10-24,9:31:30.572055481,T,94.94,100,95.17,100,TGT
2025-10-24,9:31:30.572185483,T,94.95,100,95.17,100,TGT
2025-10-24,9:31:30.572275669,T,94.95,100,95.17,200,TGT
2025-10-24,9:31:30.572786946,T,94.95,200,95.17,200,TGT
2025-10-24,9:31:30.572882119,T,94.95,200,95.13,100,TGT
2025-10-24,9:31:30.573182831,T,94.95,200,95.13,200,TGT
2025-10-24,9:31:30.576310298,T,94.95,200,95.13,300,TGT
2025-10-24,9:31:30.592584028,T,94.95,100,95.13,300,TGT
2025-10-24,9:31:30.592629161,T,94.95,200,95.13,300,TGT
2025-10-24,9:31:30.723480853,T,94.95,100,95.13,300,TGT
2025-10-24,9:31:30.723505980,T,94.94,100,95.13,300,TGT
2025-10-24,9:31:32.157903189,T,94.94,100,95.13,200,TGT
2025-10-24,9:31:32.157908232,T,94.94,100,95.13,100,TGT
2025-10-24,9:31:32.157908232,T,94.94,100,95.17,100,TGT
2025-10-24,9:31:32.157908232,T,94.94,100,95.2,200,TGT
2025-10-24,9:31:32.157913426,T,94.94,100,95.25,100,TGT
2025-10-24,9:31:32.157913426,T,94.94,100,95.26,200,TGT
2025-10-24,9:31:32.157913426,T,94.94,100,95.26,100,TGT
2025-10-24,9:31:32.157918901,T,94.94,100,95.32,100,TGT
2025-10-24,9:31:32.157918901,T,94.94,100,95.34,100,TGT
2025-10-24,9:31:32.157918901,T,94.94,100,95.35,100,TGT
2025-10-24,9:31:32.157928716,T,95.12,100,95.35,100,TGT
2025-10-24,9:31:32.157958394,T,95.12,200,95.35,100,TGT
2025-10-24,9:31:32.157973358,T,95.12,300,95.35,100,TGT
2025-10-24,9:31:32.157993455,T,95.12,200,95.35,100,TGT
2025-10-24,9:31:32.158073705,T,95.12,200,95.19,100,TGT
2025-10-24,9:31:32.158198971,T,95.12,300,95.19,100,TGT
2025-10-24,9:31:32.158344709,T,95.12,200,95.19,100,TGT
2025-10-24,9:31:32.158349259,T,95.12,100,95.19,100,TGT
2025-10-24,9:31:32.158349259,T,95.09,100,95.19,100,TGT
2025-10-24,9:31:32.158379367,T,95.09,100,95.32,100,TGT
2025-10-24,9:31:32.158384360,T,95.09,100,95.32,200,TGT
2025-10-24,9:31:32.158389371,T,95.09,100,95.19,100,TGT
2025-10-24,9:31:32.158410070,T,95.09,100,95.32,200,TGT
2025-10-24,9:31:32.158410070,T,95.11,100,95.32,200,TGT
2025-10-24,9:31:32.158449501,T,95.12,100,95.32,200,TGT
2025-10-24,9:31:32.158459752,T,95.12,100,95.32,100,TGT
2025-10-24,9:31:32.158474580,T,95.11,100,95.32,100,TGT
2025-10-24,9:31:32.158484659,T,95.11,100,95.32,200,TGT
2025-10-24,9:31:32.158489899,T,95.12,100,95.32,200,TGT
2025-10-24,9:31:32.158494611,T,95.12,100,95.31,100,TGT
2025-10-24,9:31:32.158494611,T,95.12,100,95.24,100,TGT
2025-10-24,9:31:32.158505104,T,95.12,100,95.32,200,TGT
2025-10-24,9:31:32.158509684,T,95.12,100,95.24,100,TGT
2025-10-24,9:31:32.158514757,T,95.12,100,95.23,100,TGT
2025-10-24,9:31:32.158514757,T,95.11,100,95.23,100,TGT
2025-10-24,9:31:32.158519739,T,95.11,100,95.32,200,TGT
2025-10-24,9:31:32.158524693,T,95.11,100,95.32,100,TGT
2025-10-24,9:31:32.158720159,T,95.11,100,95.32,200,TGT
2025-10-24,9:31:32.158805402,T,95.11,100,95.32,300,TGT
2025-10-24,9:31:32.159020868,T,95.11,100,95.32,200,TGT
2025-10-24,9:31:32.159035888,T,95.09,100,95.32,200,TGT
2025-10-24,9:31:32.159381729,T,95.11,100,95.32,200,TGT
2025-10-24,9:31:32.159657392,T,95.11,100,95.32,300,TGT
2025-10-24,9:31:32.159702561,T,95.11,100,95.28,100,TGT
2025-10-24,9:31:32.160614754,T,95.11,100,95.23,100,TGT
2025-10-24,9:31:32.160900380,T,95.11,100,95.23,200,TGT
2025-10-24,9:31:32.163411334,T,95.11,100,95.23,100,TGT
2025-10-24,9:31:32.163411334,T,95.11,100,95.32,100,TGT
2025-10-24,9:31:32.163431420,T,95.2,100,95.32,100,TGT
2025-10-24,9:31:32.163476557,T,95.14,100,95.32,100,TGT
2025-10-24,9:31:32.163497169,T,95.14,100,95.32,200,TGT
2025-10-24,9:31:32.163497169,T,95.14,100,95.23,100,TGT
2025-10-24,9:31:32.163501582,T,95.12,100,95.23,100,TGT
2025-10-24,9:31:32.163501582,T,95.11,100,95.23,100,TGT
2025-10-24,9:31:32.163536792,T,95.12,100,95.23,100,TGT
2025-10-24,9:31:32.163596860,T,95.12,100,95.23,200,TGT
2025-10-24,9:31:32.163958015,T,95.12,100,95.23,100,TGT
2025-10-24,9:31:32.163958015,T,95.12,100,95.31,100,TGT
2025-10-24,9:31:32.163982674,T,95.13,100,95.31,100,TGT
2025-10-24,9:31:32.163982674,T,95.21,100,95.31,100,TGT
2025-10-24,9:31:32.164418737,T,95.21,100,95.3,100,TGT
2025-10-24,9:31:32.166268216,T,95.21,100,95.3,200,TGT
2025-10-24,9:31:32.167240486,T,95.26,100,95.3,200,TGT
2025-10-24,9:31:32.167461007,T,95.26,100,95.3,100,TGT
2025-10-24,9:31:32.167887028,T,95.21,100,95.3,100,TGT
2025-10-24,9:31:32.167907079,T,95.28,100,95.3,100,TGT
2025-10-24,9:31:32.167927337,T,95.21,100,95.3,100,TGT
2025-10-24,9:31:32.167937105,T,95.28,100,95.3,100,TGT
2025-10-24,9:31:32.167942301,T,95.21,100,95.3,100,TGT
2025-10-24,9:31:32.167947122,T,95.21,100,95.29,100,TGT
2025-10-24,9:31:32.167952224,T,95.28,100,95.29,100,TGT
2025-10-24,9:31:32.167957199,T,95.21,100,95.29,100,TGT
2025-10-24,9:31:32.167967226,T,95.28,100,95.29,100,TGT
2025-10-24,9:31:32.167992312,T,95.28,100,95.29,200,TGT
2025-10-24,9:31:32.168002358,T,95.28,100,95.29,100,TGT
2025-10-24,9:31:32.168007271,T,95.21,100,95.29,100,TGT
2025-10-24,9:31:32.168032355,T,95.21,100,95.3,100,TGT
2025-10-24,9:31:32.168042358,T,95.21,100,95.28,100,TGT
2025-10-24,9:31:32.168062493,T,95.21,100,95.3,100,TGT
2025-10-24,9:31:32.168167690,T,95.21,100,95.29,100,TGT
2025-10-24,9:31:32.168262980,T,95.21,100,95.28,100,TGT
2025-10-24,9:31:32.168398284,T,95.21,100,95.28,200,TGT
2025-10-24,9:31:32.169129967,T,95.12,100,95.28,200,TGT
2025-10-24,9:31:32.174898732,T,95.11,200,95.28,200,TGT
2025-10-24,9:31:32.174919045,T,95.11,200,95.27,100,TGT
2025-10-24,9:31:32.174919045,T,95.11,200,95.28,200,TGT
2025-10-24,9:31:32.174928824,T,95.11,100,95.28,200,TGT
2025-10-24,9:31:32.175139339,T,95.11,100,95.28,100,TGT
2025-10-24,9:31:32.175414958,T,95.11,100,95.26,100,TGT
2025-10-24,9:31:32.358150303,T,94.99,100,95.26,100,TGT
2025-10-24,9:31:32.358491163,T,94.99,100,95.31,100,TGT
2025-10-24,9:31:34.002507922,T,94.99,100,95.26,300,TGT
2025-10-24,9:31:34.002818652,T,94.99,100,95.26,400,TGT
2025-10-24,9:31:34.533613200,T,94.99,100,95.26,100,TGT
2025-10-24,9:31:35.232267652,T,95.01,200,95.26,100,TGT
2025-10-24,9:31:37.430740384,T,95.01,200,95.26,200,TGT
2025-10-24,9:31:44.994334949,T,95.12,100,95.26,200,TGT
2025-10-24,9:31:44.995267226,T,95.12,200,95.26,200,TGT
2025-10-24,9:31:44.995683190,T,95.12,100,95.26,200,TGT
2025-10-24,9:31:47.133571446,T,94.99,100,95.26,200,TGT
2025-10-24,9:31:47.757563161,T,95.12,300,95.26,200,TGT
2025-10-24,9:31:48.961762096,T,95.13,100,95.26,200,TGT
2025-10-24,9:31:49.722459351,T,95.12,300,95.26,200,TGT
2025-10-24,9:31:53.073969042,T,95.12,300,95.25,100,TGT
2025-10-24,9:31:53.074269734,T,95.12,300,95.25,200,TGT
2025-10-24,9:31:58.265552559,T,95.12,300,95.25,300,TGT
2025-10-24,9:32:01.383129948,T,95.12,300,95.25,200,TGT
2025-10-24,9:32:01.383160018,T,95.14,100,95.25,200,TGT
2025-10-24,9:32:01.383170011,T,95.14,100,95.25,100,TGT
2025-10-24,9:32:01.383170011,T,95.14,100,95.33,100,TGT
2025-10-24,9:32:01.383195212,T,95.19,100,95.33,100,TGT
2025-10-24,9:32:01.383450744,T,95.19,100,95.25,100,TGT
2025-10-24,9:32:01.383470918,T,95.14,100,95.25,100,TGT
2025-10-24,9:32:01.383470918,T,95.14,100,95.33,100,TGT
2025-10-24,9:32:01.383470918,T,95.14,200,95.33,100,TGT
2025-10-24,9:32:01.383480975,T,95.14,100,95.33,100,TGT
2025-10-24,9:32:01.383596068,T,95.14,100,95.32,100,TGT
2025-10-24,9:32:01.383666282,T,95.21,100,95.32,100,TGT
2025-10-24,9:32:01.383906776,T,95.21,100,95.26,100,TGT
2025-10-24,9:32:01.384012201,T,95.21,100,95.25,100,TGT
2025-10-24,9:32:01.384217571,T,95.21,100,95.32,100,TGT
2025-10-24,9:32:01.384422984,T,95.21,100,95.33,100,TGT
2025-10-24,9:32:01.384653611,T,95.21,100,95.31,100,TGT
2025-10-24,9:32:01.384729094,T,95.21,100,95.27,100,TGT
2025-10-24,9:32:01.384839051,T,95.21,100,95.31,100,TGT
2025-10-24,9:32:01.398782263,T,95.14,100,95.31,100,TGT
2025-10-24,9:32:01.404119964,T,95.21,100,95.31,100,TGT
2025-10-24,9:32:01.404581098,T,95.14,100,95.31,100,TGT
2025-10-24,9:32:01.452715774,T,95.14,200,95.31,100,TGT
2025-10-24,9:32:01.485127990,T,95.14,100,95.31,100,TGT
2025-10-24,9:32:03.025036563,T,95.14,100,95.28,300,TGT
2025-10-24,9:32:03.025352348,T,95.14,100,95.28,400,TGT
2025-10-24,9:32:04.338355564,T,95.14,100,95.28,500,TGT
2025-10-24,9:32:08.206516046,T,95.25,200,95.28,500,TGT
2025-10-24,9:32:08.206551127,T,95.14,100,95.28,500,TGT
2025-10-24,9:32:08.206571163,T,95.14,100,95.27,100,TGT
2025-10-24,9:32:08.206866951,T,95.14,100,95.27,200,TGT
2025-10-24,9:32:08.206947062,T,95.25,100,95.27,200,TGT
2025-10-24,9:32:08.206967097,T,95.14,100,95.27,200,TGT
2025-10-24,9:32:08.206987177,T,95.14,100,95.26,100,TGT
2025-10-24,9:32:08.207317924,T,95.14,100,95.25,100,TGT
2025-10-24,9:32:08.209422949,T,95.14,100,95.24,100,TGT
2025-10-24,9:32:08.259662637,T,95.11,100,95.24,100,TGT
2025-10-24,9:32:08.259672745,T,95.11,100,95.24,200,TGT
2025-10-24,9:32:08.259677749,T,95.11,100,95.24,100,TGT
2025-10-24,9:32:08.259693044,T,95.11,100,95.23,100,TGT
2025-10-24,9:32:08.259693044,T,95.11,100,95.24,100,TGT
2025-10-24,9:32:08.259732883,T,95.11,100,95.2,100,TGT
2025-10-24,9:32:08.259968351,T,95.11,100,95.2,200,TGT
2025-10-24,9:32:08.260294178,T,95.12,100,95.2,200,TGT
2025-10-24,9:32:08.260314269,T,95.12,100,95.17,300,TGT
2025-10-24,9:32:08.260329212,T,95.11,100,95.17,300,TGT
2025-10-24,9:32:08.260354360,T,95.11,100,95.15,100,TGT
2025-10-24,9:32:08.260409413,T,95.06,300,95.15,100,TGT
2025-10-24,9:32:08.260409413,T,95.06,200,95.15,100,TGT
2025-10-24,9:32:08.260419429,T,95.11,100,95.15,100,TGT
2025-10-24,9:32:08.260429776,T,95.11,100,95.15,200,TGT
2025-10-24,9:32:08.260449564,T,95.06,200,95.15,200,TGT
2025-10-24,9:32:08.260705103,T,95.0,100,95.15,200,TGT
2025-10-24,9:32:08.260710233,T,95.0,300,95.15,200,TGT
2025-10-24,9:32:08.260905582,T,95.0,300,95.15,100,TGT
2025-10-24,9:32:08.260910690,T,95.0,200,95.15,100,TGT
2025-10-24,9:32:08.260925702,T,95.0,200,95.17,300,TGT
2025-10-24,9:32:08.262258857,T,95.0,200,95.15,100,TGT
2025-10-24,9:32:08.268037655,T,95.0,200,95.15,200,TGT
2025-10-24,9:32:08.268047665,T,95.0,200,95.14,100,TGT
2025-10-24,9:32:08.268077975,T,95.0,200,95.15,100,TGT
2025-10-24,9:32:08.268082702,T,95.0,200,95.14,100,TGT
2025-10-24,9:32:08.268333480,T,95.0,200,95.14,200,TGT
2025-10-24,9:32:08.268393429,T,95.0,200,95.14,300,TGT
2025-10-24,9:32:08.268459058,T,95.0,200,95.14,200,TGT
2025-10-24,9:32:08.268463590,T,95.0,200,95.14,300,TGT
2025-10-24,9:32:08.268553901,T,95.0,200,95.14,200,TGT
2025-10-24,9:32:08.268558914,T,95.0,200,95.09,100,TGT
2025-10-24,9:32:08.268939768,T,95.0,300,95.09,100,TGT
2025-10-24,9:32:08.269115187,T,95.0,300,95.14,200,TGT
2025-10-24,9:32:08.269165325,T,95.0,300,95.08,100,TGT
2025-10-24,9:32:08.274367907,T,95.0,300,95.14,100,TGT
2025-10-24,9:32:08.274392805,T,95.06,100,95.14,100,TGT
2025-10-24,9:32:08.274412805,T,95.06,100,95.11,100,TGT
2025-10-24,9:32:08.275004206,T,95.06,200,95.11,100,TGT
2025-10-24,9:32:08.275781026,T,95.06,200,95.13,100,TGT
2025-10-24,9:32:08.279710387,T,95.06,200,95.11,100,TGT
2025-10-24,9:32:08.279740559,T,95.06,100,95.11,100,TGT
2025-10-24,9:32:08.279760599,T,95.02,100,95.11,100,TGT
2025-10-24,9:32:08.279765620,T,95.01,100,95.11,100,TGT
2025-10-24,9:32:08.279800599,T,95.01,100,95.09,100,TGT
2025-10-24,9:32:08.279805648,T,95.01,100,95.11,100,TGT
2025-10-24,9:32:08.280006089,T,95.01,100,95.11,200,TGT
2025-10-24,9:32:08.280021167,T,95.02,100,95.11,200,TGT
2025-10-24,9:32:08.281108749,T,95.02,200,95.11,200,TGT
2025-10-24,9:32:08.282797846,T,95.02,300,95.11,200,TGT
2025-10-24,9:32:08.416080374,T,95.02,300,95.11,500,TGT
2025-10-24,9:32:08.416300892,T,95.02,200,95.11,500,TGT
2025-10-24,9:32:08.495364203,T,95.02,200,95.11,400,TGT
2025-10-24,9:32:12.330390758,T,95.02,200,95.11,100,TGT
2025-10-24,9:32:12.360738087,T,95.02,100,95.11,100,TGT
2025-10-24,9:32:14.425612597,T,95.02,100,95.35,100,TGT
2025-10-24,9:32:14.425632680,T,95.09,100,95.35,100,TGT
2025-10-24,9:32:14.425637600,T,95.11,100,95.35,100,TGT
2025-10-24,9:32:14.425682688,T,95.09,100,95.35,100,TGT
2025-10-24,9:32:14.425682688,T,95.1,100,95.35,100,TGT
2025-10-24,9:32:14.425682688,T,95.1,100,95.34,100,TGT
2025-10-24,9:32:14.425692802,T,95.1,100,95.35,100,TGT
2025-10-24,9:32:14.425697871,T,95.09,100,95.35,100,TGT
2025-10-24,9:32:14.425697871,T,95.09,100,95.22,100,TGT
2025-10-24,9:32:14.425722787,T,95.09,100,95.15,100,TGT
2025-10-24,9:32:14.425767883,T,95.03,200,95.15,100,TGT
2025-10-24,9:32:14.425787934,T,95.03,200,95.11,100,TGT
2025-10-24,9:32:14.425968371,T,95.03,100,95.11,100,TGT
2025-10-24,9:32:14.426419574,T,95.03,100,95.11,200,TGT
2025-10-24,9:32:14.426594801,T,95.03,200,95.11,200,TGT
2025-10-24,9:32:14.526131942,T,95.03,100,95.11,200,TGT
2025-10-24,9:32:14.526141991,T,95.03,100,95.11,100,TGT
2025-10-24,9:32:14.526487866,T,95.03,100,95.22,100,TGT
2025-10-24,9:32:14.526487866,T,95.03,200,95.22,100,TGT
2025-10-24,9:32:14.526507914,T,95.09,100,95.22,100,TGT
2025-10-24,9:32:14.526623106,T,95.09,100,95.22,200,TGT
2025-10-24,9:32:14.526918836,T,95.09,100,95.22,300,TGT
2025-10-24,9:32:14.527299717,T,95.09,200,95.22,300,TGT
2025-10-24,9:32:14.527394983,T,95.09,200,95.21,100,TGT
2025-10-24,9:32:14.627162720,T,95.09,100,95.21,100,TGT
2025-10-24,9:32:20.772819163,T,95.09,100,95.21,300,TGT
2025-10-24,9:32:20.773360453,T,95.09,100,95.21,100,TGT
2025-10-24,9:32:25.485627050,T,95.06,100,95.21,100,TGT
2025-10-24,9:32:25.485652281,T,95.06,100,95.21,200,TGT
2025-10-24,9:32:25.485657491,T,95.0,100,95.21,200,TGT
2025-10-24,9:32:25.485657491,T,94.99,200,95.21,200,TGT
2025-10-24,9:32:25.485657491,T,94.99,200,95.21,300,TGT
2025-10-24,9:32:25.485667191,T,94.99,200,95.2,100,TGT
2025-10-24,9:32:25.485682252,T,94.99,200,95.12,100,TGT
2025-10-24,9:32:25.485932772,T,94.99,200,95.11,100,TGT
2025-10-24,9:32:25.490654037,T,94.99,200,95.1,100,TGT
2025-10-24,9:32:25.491130249,T,94.95,100,95.1,100,TGT
2025-10-24,9:32:25.494488146,T,94.95,100,95.1,200,TGT
2025-10-24,9:32:25.494798985,T,94.95,100,95.1,300,TGT
2025-10-24,9:32:25.494819043,T,94.95,100,95.1,200,TGT
2025-10-24,9:32:25.494824042,T,94.94,100,95.1,200,TGT
2025-10-24,9:32:25.495821332,T,94.94,100,95.05,100,TGT
2025-10-24,9:32:25.540758760,T,94.94,100,95.1,100,TGT
2025-10-24,9:32:25.540783537,T,95.02,100,95.1,100,TGT
2025-10-24,9:32:25.540863699,T,95.02,100,95.05,100,TGT
2025-10-24,9:32:25.540893822,T,95.02,100,95.11,100,TGT
2025-10-24,9:32:25.540908781,T,95.02,100,95.12,200,TGT
2025-10-24,9:32:25.540908781,T,95.02,100,95.11,100,TGT
2025-10-24,9:32:25.540918801,T,95.02,100,95.12,100,TGT
2025-10-24,9:32:25.540944096,T,95.02,100,95.11,100,TGT
2025-10-24,9:32:25.541049163,T,95.02,100,95.06,100,TGT
2025-10-24,9:32:25.541339859,T,94.94,100,95.06,100,TGT
2025-10-24,9:32:25.541384952,T,94.94,100,95.08,100,TGT
2025-10-24,9:32:25.543284455,T,94.94,100,95.06,100,TGT
2025-10-24,9:32:25.920362862,T,94.95,100,95.06,100,TGT
2025-10-24,9:32:25.920698618,T,94.95,100,95.2,200,TGT
2025-10-24,9:32:25.984776346,T,94.94,100,95.2,200,TGT
2025-10-24,9:32:27.256190290,T,94.94,400,95.2,200,TGT
2025-10-24,9:32:28.827308213,T,94.94,100,95.2,200,TGT
2025-10-24,9:32:38.927556323,T,94.94,200,95.2,200,TGT
2025-10-24,9:32:39.404462421,T,94.94,100,95.2,200,TGT
2025-10-24,9:32:39.405560103,T,95.0,100,95.2,200,TGT
2025-10-24,9:32:39.405590124,T,95.01,100,95.2,200,TGT
2025-10-24,9:32:39.706010883,T,95.0,100,95.2,200,TGT
2025-10-24,9:32:39.720941383,T,95.02,100,95.2,200,TGT
2025-10-24,9:32:39.720966622,T,95.02,100,95.2,100,TGT
2025-10-24,9:32:39.878025612,T,95.0,100,95.2,100,TGT
2025-10-24,9:32:40.027186416,T,95.03,100,95.2,100,TGT
2025-10-24,9:32:40.070494216,T,95.08,100,95.2,100,TGT
2025-10-24,9:32:40.070524279,T,95.08,100,95.3,300,TGT
2025-10-24,9:32:40.071651962,T,95.08,100,95.2,100,TGT
2025-10-24,9:32:40.173599845,T,95.03,200,95.2,100,TGT
2025-10-24,9:32:40.857078119,T,95.08,100,95.2,100,TGT
2025-10-24,9:32:41.006178387,T,95.08,200,95.2,100,TGT
2025-10-24,9:32:41.006208463,T,95.09,100,95.2,100,TGT
2025-10-24,9:32:41.006474224,T,95.09,100,95.3,200,TGT
2025-10-24,9:32:41.006499268,T,95.17,100,95.3,200,TGT
2025-10-24,9:32:41.006499268,T,95.19,100,95.3,200,TGT
2025-10-24,9:32:41.006644462,T,95.19,100,95.3,300,TGT
2025-10-24,9:32:41.006945255,T,95.2,100,95.3,300,TGT
2025-10-24,9:32:41.007065475,T,95.17,100,95.3,300,TGT
2025-10-24,9:32:41.007170779,T,95.2,100,95.3,300,TGT
2025-10-24,9:32:41.007636840,T,95.2,100,95.3,100,TGT
2025-10-24,9:32:41.007682055,T,95.17,100,95.3,100,TGT
2025-10-24,9:32:41.007701994,T,95.17,100,95.22,100,TGT
2025-10-24,9:32:41.007997685,T,95.17,100,95.22,200,TGT
2025-10-24,9:32:41.008067908,T,95.17,200,95.22,200,TGT
2025-10-24,9:32:41.008278567,T,95.18,100,95.22,200,TGT
2025-10-24,9:32:41.008513903,T,95.18,100,95.2,100,TGT
2025-10-24,9:32:41.008589082,T,95.19,100,95.2,100,TGT
2025-10-24,9:32:41.008619184,T,95.19,100,95.22,100,TGT
2025-10-24,9:32:41.008639215,T,95.2,100,95.22,100,TGT
2025-10-24,9:32:41.008714452,T,95.2,100,95.22,200,TGT
2025-10-24,9:32:41.008799639,T,95.19,100,95.22,200,TGT
2025-10-24,9:32:41.009411444,T,95.19,100,95.21,100,TGT
2025-10-24,9:32:41.009426081,T,95.19,100,95.21,200,TGT
2025-10-24,9:32:41.009837403,T,95.17,200,95.21,200,TGT
2025-10-24,9:32:41.009857111,T,95.17,100,95.21,200,TGT
2025-10-24,9:32:41.010253096,T,95.17,100,95.2,100,TGT
2025-10-24,9:32:41.010669091,T,95.17,100,95.2,200,TGT
2025-10-24,9:32:41.011481160,T,95.17,100,95.2,100,TGT
2025-10-24,9:32:41.014372893,T,95.13,100,95.2,100,TGT
2025-10-24,9:32:41.014392996,T,95.13,100,95.19,100,TGT
2025-10-24,9:32:41.014392996,T,95.13,100,95.19,200,TGT
2025-10-24,9:32:41.014693728,T,95.13,100,95.19,300,TGT
2025-10-24,9:32:41.014949331,T,95.13,100,95.19,200,TGT
2025-10-24,9:32:41.015520693,T,95.13,100,95.19,100,TGT
2025-10-24,9:32:41.023409495,T,95.1,100,95.19,100,TGT
2025-10-24,9:32:41.023635028,T,95.1,200,95.19,100,TGT
2025-10-24,9:32:41.024657394,T,95.1,100,95.19,100,TGT
2025-10-24,9:32:41.028646866,T,95.1,100,95.2,100,TGT
2025-10-24,9:32:41.028692012,T,95.1,100,95.22,100,TGT
2025-10-24,9:32:41.028997766,T,95.1,100,95.22,200,TGT
2025-10-24,9:32:41.107163987,T,95.09,100,95.22,200,TGT
2025-10-24,9:32:41.107715242,T,95.09,100,95.22,100,TGT
2025-10-24,9:32:41.673052164,T,95.09,100,95.32,100,TGT
2025-10-24,9:32:42.085800555,T,95.08,100,95.32,100,TGT
2025-10-24,9:32:42.086427084,T,95.03,200,95.32,100,TGT
2025-10-24,9:32:44.274139194,T,95.03,300,95.32,100,TGT
2025-10-24,9:32:46.838172952,T,95.03,200,95.32,100,TGT
2025-10-24,9:32:46.838779416,T,95.11,100,95.32,100,TGT
2025-10-24,9:32:46.839415967,T,95.1,100,95.32,100,TGT
2025-10-24,9:32:46.839626468,T,95.1,200,95.32,100,TGT
2025-10-24,9:32:46.840197769,T,95.1,100,95.32,100,TGT
2025-10-24,9:32:51.696532390,T,95.05,200,95.32,100,TGT
2025-10-24,9:32:51.696602578,T,95.11,100,95.32,100,TGT
2025-10-24,9:32:51.697364434,T,95.05,200,95.32,100,TGT
2025-10-24,9:32:53.182377285,T,95.11,100,95.32,100,TGT
2025-10-24,9:32:53.351926149,T,95.05,200,95.32,100,TGT
2025-10-24,9:32:58.169999829,T,95.11,100,95.32,100,TGT
2025-10-24,9:32:58.171312984,T,95.05,200,95.32,100,TGT
2025-10-24,9:32:59.293476378,T,95.1,100,95.32,100,TGT
2025-10-24,9:32:59.294253305,T,95.05,200,95.32,100,TGT
2025-10-24,9:32:59.595701435,T,95.1,100,95.32,100,TGT
2025-10-24,9:32:59.595711471,T,95.11,100,95.32,100,TGT
2025-10-24,9:32:59.722734169,T,95.1,100,95.32,100,TGT
2025-10-24,9:32:59.723215254,T,95.05,200,95.32,100,TGT
2025-10-24,9:32:59.978287975,T,95.11,100,95.32,100,TGT
2025-10-24,9:33:00.461794893,T,95.05,200,95.32,100,TGT
2025-10-24,9:33:00.461850058,T,95.12,100,95.32,100,TGT
2025-10-24,9:33:00.461905193,T,95.18,100,95.32,100,TGT
2025-10-24,9:33:00.462125719,T,95.2,100,95.32,100,TGT
2025-10-24,9:33:00.477221755,T,95.18,100,95.32,100,TGT
2025-10-24,9:33:00.505453992,T,95.21,100,95.32,100,TGT
2025-10-24,9:33:00.506245832,T,95.21,200,95.32,100,TGT
2025-10-24,9:33:00.506265894,T,95.23,100,95.32,100,TGT
2025-10-24,9:33:00.516585553,T,95.21,200,95.32,100,TGT
2025-10-24,9:33:00.520605121,T,95.21,100,95.32,100,TGT
2025-10-24,9:33:00.520630080,T,95.18,200,95.32,100,TGT
2025-10-24,9:33:00.570809641,T,95.18,100,95.32,100,TGT
2025-10-24,9:33:00.863562265,T,95.18,200,95.32,100,TGT
2025-10-24,9:33:01.106611295,T,95.19,100,95.32,100,TGT
2025-10-24,9:33:01.344327540,T,95.19,200,95.32,100,TGT
2025-10-24,9:33:01.754655094,T,95.19,300,95.32,100,TGT
2025-10-24,9:33:03.042503204,T,95.19,200,95.32,100,TGT
2025-10-24,9:33:03.042768729,T,95.22,100,95.32,100,TGT
2025-10-24,9:33:03.042803813,T,95.22,100,95.34,100,TGT
2025-10-24,9:33:03.042808898,T,95.22,100,95.35,100,TGT
2025-10-24,9:33:03.042854690,T,95.22,100,95.37,100,TGT
2025-10-24,9:33:03.042889165,T,95.22,100,95.36,100,TGT
2025-10-24,9:33:03.042889165,T,95.22,100,95.35,100,TGT
2025-10-24,9:33:03.042894082,T,95.22,100,95.34,100,TGT
2025-10-24,9:33:03.042934271,T,95.22,100,95.32,100,TGT
2025-10-24,9:33:03.042964226,T,95.22,100,95.34,100,TGT
2025-10-24,9:33:03.043024563,T,95.22,100,95.35,100,TGT
2025-10-24,9:33:03.043039396,T,95.22,100,95.34,100,TGT
2025-10-24,9:33:03.043049393,T,95.22,100,95.35,100,TGT
2025-10-24,9:33:03.043054470,T,95.22,100,95.36,100,TGT
2025-10-24,9:33:03.043069505,T,95.22,100,95.35,100,TGT
2025-10-24,9:33:03.043094547,T,95.22,200,95.35,100,TGT
2025-10-24,9:33:03.043099523,T,95.26,100,95.35,100,TGT
2025-10-24,9:33:03.043105212,T,95.26,100,95.36,100,TGT
2025-10-24,9:33:03.043105212,T,95.26,100,95.37,100,TGT
2025-10-24,9:33:03.043114597,T,95.25,100,95.37,100,TGT
2025-10-24,9:33:03.043129763,T,95.25,100,95.36,100,TGT
2025-10-24,9:33:03.043129763,T,95.26,100,95.36,100,TGT
2025-10-24,9:33:03.043245086,T,95.22,200,95.36,100,TGT
2025-10-24,9:33:03.043245086,T,95.26,100,95.36,100,TGT
2025-10-24,9:33:03.043245086,T,95.26,100,95.37,100,TGT
2025-10-24,9:33:03.043249901,T,95.26,100,95.34,100,TGT
2025-10-24,9:33:03.043259972,T,95.22,200,95.34,100,TGT
2025-10-24,9:33:03.043259972,T,95.22,100,95.34,100,TGT
2025-10-24,9:33:03.043270332,T,95.22,200,95.34,100,TGT
2025-10-24,9:33:03.043270332,T,95.22,100,95.34,100,TGT
2025-10-24,9:33:03.043274962,T,95.22,200,95.34,100,TGT
2025-10-24,9:33:03.043289973,T,95.22,200,95.38,100,TGT
2025-10-24,9:33:03.043305005,T,95.22,100,95.38,100,TGT
2025-10-24,9:33:03.043325147,T,95.25,100,95.38,100,TGT
2025-10-24,9:33:03.043340657,T,95.31,100,95.38,100,TGT
2025-10-24,9:33:03.043355296,T,95.31,200,95.38,100,TGT
2025-10-24,9:33:03.043370192,T,95.31,100,95.38,100,TGT
2025-10-24,9:33:03.043375201,T,95.31,200,95.38,100,TGT
2025-10-24,9:33:03.043410337,T,95.32,200,95.38,100,TGT
2025-10-24,9:33:03.043415309,T,95.32,300,95.38,100,TGT
2025-10-24,9:33:03.043570734,T,95.32,200,95.38,100,TGT
2025-10-24,9:33:03.043871415,T,95.32,100,95.38,100,TGT
2025-10-24,9:33:03.043876367,T,95.25,100,95.38,100,TGT
2025-10-24,9:33:03.043876367,T,95.32,100,95.38,100,TGT
2025-10-24,9:33:03.044046780,T,95.32,100,95.34,100,TGT
2025-10-24,9:33:03.044076893,T,95.32,100,95.37,100,TGT
2025-10-24,9:33:03.044092059,T,95.25,100,95.37,100,TGT
2025-10-24,9:33:03.044092059,T,95.33,100,95.37,100,TGT
2025-10-24,9:33:03.044092059,T,95.33,100,95.41,100,TGT
2025-10-24,9:33:03.044117039,T,95.33,100,95.4,100,TGT
2025-10-24,9:33:03.044157137,T,95.25,100,95.4,100,TGT
2025-10-24,9:33:03.044277427,T,95.25,100,95.36,100,TGT
2025-10-24,9:33:03.044332450,T,95.22,100,95.36,100,TGT
2025-10-24,9:33:03.044337532,T,95.22,200,95.36,100,TGT
2025-10-24,9:33:03.044357565,T,95.22,100,95.36,100,TGT
2025-10-24,9:33:03.044462794,T,95.22,200,95.36,100,TGT
2025-10-24,9:33:03.044487854,T,95.22,200,95.34,100,TGT
2025-10-24,9:33:03.044563013,T,95.22,200,95.36,100,TGT
2025-10-24,9:33:03.044583069,T,95.26,100,95.36,100,TGT
2025-10-24,9:33:03.044738488,T,95.22,200,95.36,100,TGT
2025-10-24,9:33:03.044763563,T,95.22,100,95.36,100,TGT
2025-10-24,9:33:03.044943959,T,95.22,100,95.39,100,TGT
2025-10-24,9:33:03.044964033,T,95.34,100,95.39,100,TGT
2025-10-24,9:33:03.044974208,T,95.34,100,95.4,100,TGT
2025-10-24,9:33:03.044984072,T,95.34,100,95.41,100,TGT
2025-10-24,9:33:03.045525373,T,95.26,100,95.41,100,TGT
2025-10-24,9:33:03.045545365,T,95.26,100,95.48,300,TGT
2025-10-24,9:33:03.045545365,T,95.26,100,95.41,100,TGT
2025-10-24,9:33:03.045766315,T,95.26,100,95.36,100,TGT
2025-10-24,9:33:03.045790926,T,95.26,100,95.37,100,TGT
2025-10-24,9:33:03.045816022,T,95.26,200,95.37,100,TGT
2025-10-24,9:33:03.045831332,T,95.26,200,95.41,100,TGT
2025-10-24,9:33:03.045836128,T,95.26,200,95.45,100,TGT
2025-10-24,9:33:03.045861177,T,95.26,200,95.41,100,TGT
2025-10-24,9:33:03.046041624,T,95.31,100,95.41,100,TGT
2025-10-24,9:33:03.046136795,T,95.31,100,95.45,100,TGT
2025-10-24,9:33:03.046156854,T,95.34,100,95.45,100,TGT
2025-10-24,9:33:03.046161831,T,95.34,100,95.41,100,TGT
2025-10-24,9:33:03.047189258,T,95.34,100,95.45,200,TGT
2025-10-24,9:33:03.047214385,T,95.34,200,95.45,200,TGT
2025-10-24,9:33:03.047234434,T,95.34,100,95.45,200,TGT
2025-10-24,9:33:03.047234434,T,95.35,200,95.45,200,TGT
2025-10-24,9:33:03.047469957,T,95.25,100,95.45,200,TGT
2025-10-24,9:33:03.047469957,T,95.36,100,95.45,200,TGT
2025-10-24,9:33:03.047469957,T,95.36,100,95.45,100,TGT
2025-10-24,9:33:03.047495087,T,95.36,100,95.45,200,TGT
2025-10-24,9:33:03.047530175,T,95.36,100,95.43,100,TGT
2025-10-24,9:33:03.056601728,T,95.36,100,95.45,200,TGT
2025-10-24,9:33:03.093449558,T,95.36,200,95.45,200,TGT
2025-10-24,9:33:03.093469537,T,95.23,100,95.45,200,TGT
2025-10-24,9:33:03.093469537,T,95.23,100,95.45,100,TGT
2025-10-24,9:33:03.093469537,T,95.38,200,95.45,100,TGT
2025-10-24,9:33:03.093494628,T,95.38,200,95.45,200,TGT
2025-10-24,9:33:03.093494628,T,95.38,200,95.45,100,TGT
2025-10-24,9:33:03.093855531,T,95.27,100,95.45,100,TGT
2025-10-24,9:33:03.093860524,T,95.38,200,95.45,100,TGT
2025-10-24,9:33:03.093860524,T,95.38,200,95.45,200,TGT
2025-10-24,9:33:03.093945650,T,95.27,100,95.45,200,TGT
2025-10-24,9:33:03.093950749,T,95.38,200,95.45,200,TGT
2025-10-24,9:33:03.094356735,T,95.27,100,95.45,200,TGT
2025-10-24,9:33:03.094356735,T,95.4,200,95.45,200,TGT
2025-10-24,9:33:03.094361697,T,95.4,200,95.45,100,TGT
2025-10-24,9:33:03.094401734,T,95.4,100,95.45,100,TGT
2025-10-24,9:33:03.094692517,T,95.4,100,95.44,100,TGT
2025-10-24,9:33:03.094712572,T,95.23,100,95.44,100,TGT
2025-10-24,9:33:03.094712572,T,95.23,100,95.44,200,TGT
2025-10-24,9:33:03.094712572,T,95.4,100,95.44,200,TGT
2025-10-24,9:33:03.094792674,T,95.23,100,95.44,200,TGT
2025-10-24,9:33:03.094813060,T,95.23,100,95.42,100,TGT
2025-10-24,9:33:03.094817766,T,95.23,100,95.41,100,TGT
2025-10-24,9:33:03.094852867,T,95.23,100,95.4,100,TGT
2025-10-24,9:33:03.094933246,T,95.23,100,95.42,100,TGT
2025-10-24,9:33:03.094958166,T,95.36,100,95.42,100,TGT
2025-10-24,9:33:03.095118484,T,95.4,100,95.42,100,TGT
2025-10-24,9:33:03.095123459,T,95.4,300,95.42,100,TGT
2025-10-24,9:33:03.095273814,T,95.4,300,95.43,100,TGT
2025-10-24,9:33:03.095303912,T,95.4,400,95.43,100,TGT
2025-10-24,9:33:03.095313988,T,95.4,300,95.43,100,TGT
2025-10-24,9:33:03.095313988,T,95.4,100,95.43,100,TGT
2025-10-24,9:33:03.095318964,T,95.41,300,95.43,100,TGT
2025-10-24,9:33:03.095369084,T,95.41,400,95.43,100,TGT
2025-10-24,9:33:03.095770330,T,95.41,100,95.43,100,TGT
2025-10-24,9:33:03.095770330,T,95.41,400,95.43,100,TGT
2025-10-24,9:33:03.095785101,T,95.41,300,95.43,100,TGT
2025-10-24,9:33:03.095790102,T,95.41,200,95.43,100,TGT
2025-10-24,9:33:03.095790102,T,95.36,100,95.43,100,TGT
2025-10-24,9:33:03.095805132,T,95.36,100,95.42,100,TGT
2025-10-24,9:33:03.095820219,T,95.4,200,95.42,100,TGT
2025-10-24,9:33:03.095830330,T,95.36,100,95.42,100,TGT
2025-10-24,9:33:03.095835159,T,95.36,100,95.43,100,TGT
2025-10-24,9:33:03.095865923,T,95.36,100,95.45,100,TGT
2025-10-24,9:33:03.095945570,T,95.36,100,95.43,100,TGT
2025-10-24,9:33:03.095945570,T,95.36,100,95.42,100,TGT
2025-10-24,9:33:03.096080937,T,95.36,100,95.45,100,TGT
2025-10-24,9:33:03.096080937,T,95.36,100,95.47,100,TGT
2025-10-24,9:33:03.096085816,T,95.36,100,95.45,100,TGT
2025-10-24,9:33:03.096191025,T,95.36,100,95.47,100,TGT
2025-10-24,9:33:03.096246131,T,95.36,200,95.47,100,TGT
2025-10-24,9:33:03.096251152,T,95.41,100,95.47,100,TGT
2025-10-24,9:33:03.098937584,T,95.41,100,95.5,400,TGT
2025-10-24,9:33:03.098987716,T,95.41,100,95.47,100,TGT
2025-10-24,9:33:03.100300895,T,95.41,100,95.46,100,TGT
2025-10-24,9:33:03.147182478,T,95.41,200,95.46,100,TGT
2025-10-24,9:33:03.200539694,T,95.41,100,95.46,100,TGT
2025-10-24,9:33:03.200539694,T,95.29,100,95.46,100,TGT
2025-10-24,9:33:03.200544740,T,95.24,100,95.46,100,TGT
2025-10-24,9:33:03.200560173,T,95.24,100,95.45,100,TGT
2025-10-24,9:33:03.200564733,T,95.24,100,95.44,100,TGT
2025-10-24,9:33:03.200564733,T,95.24,100,95.42,100,TGT
2025-10-24,9:33:03.200614802,T,95.24,100,95.44,100,TGT
2025-10-24,9:33:03.200905570,T,95.24,100,95.44,200,TGT
2025-10-24,9:33:03.201116050,T,95.24,100,95.44,100,TGT
2025-10-24,9:33:03.201642280,T,95.29,100,95.44,100,TGT
2025-10-24,9:33:03.201647278,T,95.35,100,95.44,100,TGT
2025-10-24,9:33:03.201672476,T,95.31,100,95.44,100,TGT
2025-10-24,9:33:03.201877832,T,95.31,100,95.41,100,TGT
2025-10-24,9:33:03.201897848,T,95.3,100,95.41,100,TGT
2025-10-24,9:33:03.202980448,T,95.3,100,95.47,200,TGT
2025-10-24,9:33:03.203576907,T,95.3,100,95.47,100,TGT
2025-10-24,9:33:03.203632011,T,95.3,100,95.47,200,TGT
2025-10-24,9:33:03.203917717,T,95.3,100,95.46,100,TGT
2025-10-24,9:33:03.205185728,T,95.3,100,95.46,200,TGT
2025-10-24,9:33:03.205476462,T,95.3,100,95.42,100,TGT
2025-10-24,9:33:03.222346553,T,95.3,100,95.46,100,TGT
2025-10-24,9:33:03.222742588,T,95.3,100,95.45,100,TGT
2025-10-24,9:33:03.222792647,T,95.24,100,95.45,100,TGT
2025-10-24,9:33:03.223138499,T,95.3,100,95.45,100,TGT
2025-10-24,9:33:03.223429222,T,95.3,100,95.44,100,TGT
2025-10-24,9:33:03.224206045,T,95.24,100,95.44,100,TGT
2025-10-24,9:33:03.224662156,T,95.22,200,95.44,100,TGT
2025-10-24,9:33:03.224707214,T,95.29,100,95.44,100,TGT
2025-10-24,9:33:03.331797383,T,95.22,100,95.44,100,TGT
2025-10-24,9:33:03.332599223,T,95.29,200,95.44,100,TGT
2025-10-24,9:33:03.332930010,T,95.29,200,95.43,100,TGT
2025-10-24,9:33:04.043893995,T,95.29,200,95.37,100,TGT
2025-10-24,9:33:04.333408729,T,95.29,400,95.37,100,TGT
2025-10-24,9:33:05.057568995,T,95.29,200,95.37,100,TGT
2025-10-24,9:33:06.287960184,T,95.29,800,95.37,100,TGT
2025-10-24,9:33:06.288737073,T,95.29,200,95.37,100,TGT
2025-10-24,9:33:06.454732846,T,95.25,200,95.37,100,TGT
2025-10-24,9:33:06.454762666,T,95.25,200,95.31,100,TGT
2025-10-24,9:33:06.454803099,T,95.25,200,95.36,100,TGT
2025-10-24,9:33:06.454958090,T,95.26,200,95.36,100,TGT
2025-10-24,9:33:06.455188606,T,95.26,200,95.37,100,TGT
2025-10-24,9:33:06.455213687,T,95.26,300,95.37,100,TGT
2025-10-24,9:33:06.455218692,T,95.26,300,95.36,100,TGT
2025-10-24,9:33:06.455283869,T,95.31,100,95.36,100,TGT
2025-10-24,9:33:06.455313948,T,95.25,200,95.36,100,TGT
2025-10-24,9:33:06.455338962,T,95.31,300,95.36,100,TGT
2025-10-24,9:33:06.455359164,T,95.31,200,95.36,100,TGT
2025-10-24,9:33:06.455374036,T,95.25,200,95.36,100,TGT
2025-10-24,9:33:06.455604677,T,95.29,100,95.36,100,TGT
2025-10-24,9:33:06.455709915,T,95.29,100,95.34,100,TGT
2025-10-24,9:33:06.455739979,T,95.29,100,95.44,100,TGT
2025-10-24,9:33:06.455764967,T,95.29,200,95.44,100,TGT
2025-10-24,9:33:06.455810087,T,95.29,100,95.44,100,TGT
2025-10-24,9:33:06.455830141,T,95.29,100,95.35,100,TGT
2025-10-24,9:33:06.456130846,T,95.29,100,95.33,100,TGT
2025-10-24,9:33:06.456155913,T,95.29,100,95.33,200,TGT
2025-10-24,9:33:06.456196029,T,95.29,100,95.33,300,TGT
2025-10-24,9:33:06.456216103,T,95.29,100,95.33,400,TGT
2025-10-24,9:33:06.456246404,T,95.29,100,95.33,300,TGT
2025-10-24,9:33:06.456251181,T,95.29,100,95.33,200,TGT
2025-10-24,9:33:06.456251181,T,95.29,100,95.33,100,TGT
2025-10-24,9:33:06.456351514,T,95.29,100,95.35,100,TGT
2025-10-24,9:33:06.456376403,T,95.31,100,95.35,100,TGT
2025-10-24,9:33:06.456426600,T,95.29,100,95.35,100,TGT
2025-10-24,9:33:06.456446571,T,95.29,100,95.32,100,TGT
2025-10-24,9:33:06.456496694,T,95.29,100,95.35,100,TGT
2025-10-24,9:33:06.456511737,T,95.29,100,95.32,100,TGT
2025-10-24,9:33:06.456516794,T,95.29,100,95.35,100,TGT
2025-10-24,9:33:06.456832568,T,95.29,100,95.34,100,TGT
2025-10-24,9:33:06.457373808,T,95.29,100,95.33,100,TGT
2025-10-24,9:33:06.457403881,T,95.29,100,95.44,100,TGT
2025-10-24,9:33:06.457423912,T,95.32,100,95.44,100,TGT
2025-10-24,9:33:06.457469019,T,95.31,100,95.44,100,TGT
2025-10-24,9:33:06.457474065,T,95.29,200,95.44,100,TGT
2025-10-24,9:33:06.457499171,T,95.29,200,95.36,100,TGT
2025-10-24,9:33:06.457589344,T,95.29,200,95.34,100,TGT
2025-10-24,9:33:06.457609444,T,95.29,100,95.34,100,TGT
2025-10-24,9:33:06.457769801,T,95.29,100,95.34,200,TGT
2025-10-24,9:33:06.458210879,T,95.25,200,95.34,200,TGT
2025-10-24,9:33:06.458461711,T,95.27,100,95.34,200,TGT
2025-10-24,9:33:06.458461711,T,95.29,100,95.34,200,TGT
2025-10-24,9:33:06.458481488,T,95.27,100,95.34,200,TGT
2025-10-24,9:33:06.458506640,T,95.25,200,95.34,200,TGT
2025-10-24,9:33:06.458506640,T,95.25,200,95.32,100,TGT
2025-10-24,9:33:06.458556937,T,95.25,200,95.33,100,TGT
2025-10-24,9:33:06.458566631,T,95.25,200,95.32,100,TGT
2025-10-24,9:33:06.458747060,T,95.25,200,95.33,100,TGT
2025-10-24,9:33:06.458792171,T,95.3,100,95.33,100,TGT
2025-10-24,9:33:06.459223240,T,95.3,100,95.36,100,TGT
2025-10-24,9:33:06.459248270,T,95.3,100,95.44,200,TGT
2025-10-24,9:33:06.459493856,T,95.32,100,95.44,200,TGT
2025-10-24,9:33:06.459544106,T,95.32,100,95.36,100,TGT
2025-10-24,9:33:06.460025114,T,95.25,200,95.36,100,TGT
2025-10-24,9:33:06.460050222,T,95.25,200,95.36,200,TGT
2025-10-24,9:33:06.460396092,T,95.25,200,95.36,100,TGT
2025-10-24,9:33:06.460411009,T,95.25,200,95.34,100,TGT
2025-10-24,9:33:06.460426158,T,95.25,200,95.34,200,TGT
2025-10-24,9:33:06.460586527,T,95.25,200,95.33,100,TGT
2025-10-24,9:33:06.460631541,T,95.25,200,95.33,200,TGT
2025-10-24,9:33:06.460907218,T,95.25,200,95.3,100,TGT
2025-10-24,9:33:06.460937302,T,95.25,200,95.33,100,TGT
2025-10-24,9:33:06.460962493,T,95.26,100,95.33,100,TGT
2025-10-24,9:33:06.460962493,T,95.26,100,95.3,100,TGT
2025-10-24,9:33:06.460987402,T,95.25,200,95.3,100,TGT
2025-10-24,9:33:06.460992461,T,95.25,200,95.33,100,TGT
2025-10-24,9:33:06.461057615,T,95.25,300,95.33,100,TGT
2025-10-24,9:33:06.461057615,T,95.25,200,95.33,100,TGT
2025-10-24,9:33:06.461072681,T,95.26,100,95.33,100,TGT
2025-10-24,9:33:06.461498656,T,95.26,100,95.33,200,TGT
2025-10-24,9:33:06.461739224,T,95.26,100,95.33,100,TGT
2025-10-24,9:33:06.462220370,T,95.25,200,95.33,100,TGT
2025-10-24,9:33:06.462546135,T,95.25,200,95.31,100,TGT
2025-10-24,9:33:06.471036355,T,95.25,200,95.44,200,TGT
2025-10-24,9:33:06.471061574,T,95.26,100,95.44,200,TGT
2025-10-24,9:33:06.471081877,T,95.25,200,95.44,200,TGT
2025-10-24,9:33:06.471086477,T,95.28,100,95.44,200,TGT
2025-10-24,9:33:06.471236875,T,95.29,100,95.44,200,TGT
2025-10-24,9:33:06.511407547,T,95.29,100,95.36,100,TGT
2025-10-24,9:33:06.512800872,T,95.29,100,95.44,200,TGT
2025-10-24,9:33:06.512846046,T,95.25,200,95.44,200,TGT
2025-10-24,9:33:06.512846046,T,95.29,100,95.44,200,TGT
2025-10-24,9:33:06.512866183,T,95.25,200,95.44,200,TGT
2025-10-24,9:33:06.512881062,T,95.29,100,95.44,200,TGT
2025-10-24,9:33:06.512891045,T,95.25,200,95.44,200,TGT
2025-10-24,9:33:06.512896102,T,95.25,200,95.43,100,TGT
2025-10-24,9:33:06.512906389,T,95.25,200,95.44,200,TGT
2025-10-24,9:33:06.512921229,T,95.25,200,95.43,100,TGT
2025-10-24,9:33:06.512931194,T,95.25,200,95.35,100,TGT
2025-10-24,9:33:06.512946266,T,95.25,200,95.43,100,TGT
2025-10-24,9:33:06.512961239,T,95.25,200,95.44,200,TGT
2025-10-24,9:33:06.512961239,T,95.25,200,95.43,100,TGT
2025-10-24,9:33:06.512961239,T,95.25,200,95.44,200,TGT
2025-10-24,9:33:06.513151670,T,95.25,200,95.43,100,TGT
2025-10-24,9:33:06.513171959,T,95.29,100,95.43,100,TGT
2025-10-24,9:33:06.513177115,T,95.25,200,95.43,100,TGT
2025-10-24,9:33:06.513422348,T,95.26,100,95.43,100,TGT
2025-10-24,9:33:06.513427384,T,95.3,100,95.43,100,TGT
2025-10-24,9:33:06.513432360,T,95.26,100,95.43,100,TGT
2025-10-24,9:33:06.513442451,T,95.3,100,95.43,100,TGT
2025-10-24,9:33:06.513457467,T,95.3,100,95.36,100,TGT
2025-10-24,9:33:06.513467420,T,95.26,100,95.36,100,TGT
2025-10-24,9:33:06.513547669,T,95.29,100,95.36,100,TGT
2025-10-24,9:33:06.513743124,T,95.29,100,95.44,200,TGT
2025-10-24,9:33:06.513763140,T,95.3,100,95.44,200,TGT
2025-10-24,9:33:06.513768224,T,95.31,100,95.44,200,TGT
2025-10-24,9:33:06.513788268,T,95.3,100,95.44,200,TGT
2025-10-24,9:33:06.513788268,T,95.33,100,95.44,200,TGT
2025-10-24,9:33:06.513873503,T,95.33,100,95.43,100,TGT
2025-10-24,9:33:06.520799925,T,95.3,100,95.43,100,TGT
2025-10-24,9:33:06.530357669,T,95.25,200,95.43,100,TGT
2025-10-24,9:33:06.532828874,T,95.28,100,95.43,100,TGT
2025-10-24,9:33:06.532853788,T,95.25,200,95.43,100,TGT
2025-10-24,9:33:06.532853788,T,95.28,100,95.43,100,TGT
2025-10-24,9:33:06.532863622,T,95.32,100,95.43,100,TGT
2025-10-24,9:33:06.538732625,T,95.28,100,95.43,100,TGT
2025-10-24,9:33:06.541584510,T,95.25,200,95.43,100,TGT
2025-10-24,9:33:06.541604494,T,95.28,100,95.43,100,TGT
2025-10-24,9:33:06.542616869,T,95.29,100,95.43,100,TGT
2025-10-24,9:33:06.584476610,T,95.29,400,95.43,100,TGT
2025-10-24,9:33:06.584897657,T,95.29,300,95.43,100,TGT
2025-10-24,9:33:06.895357299,T,95.29,400,95.43,100,TGT
2025-10-24,9:33:06.895372297,T,95.29,300,95.43,100,TGT
2025-10-24,9:33:10.609139850,T,95.3,100,95.43,100,TGT
2025-10-24,9:33:10.611149638,T,95.3,200,95.43,100,TGT
2025-10-24,9:33:10.865460478,T,95.3,300,95.43,100,TGT
2025-10-24,9:33:11.827943544,T,95.3,200,95.43,100,TGT
2025-10-24,9:33:13.029566250,T,95.3,300,95.43,100,TGT
2025-10-24,9:33:13.948660930,T,95.32,100,95.43,100,TGT
2025-10-24,9:33:13.951372381,T,95.32,100,95.43,200,TGT
2025-10-24,9:33:14.086203600,T,95.3,300,95.43,200,TGT
2025-10-24,9:33:18.502199200,T,95.3,400,95.43,200,TGT
2025-10-24,9:33:18.546444572,T,95.3,500,95.43,200,TGT
2025-10-24,9:33:21.407105103,T,95.3,500,95.43,100,TGT
2025-10-24,9:33:21.407134935,T,95.32,100,95.43,100,TGT
2025-10-24,9:33:21.407159976,T,95.36,100,95.43,100,TGT
2025-10-24,9:33:21.407215130,T,95.36,100,95.48,100,TGT
2025-10-24,9:33:21.407235143,T,95.36,100,95.49,100,TGT
2025-10-24,9:33:21.407235143,T,95.36,100,95.5,400,TGT
2025-10-24,9:33:21.407260267,T,95.39,100,95.5,400,TGT
2025-10-24,9:33:21.407365454,T,95.39,100,95.49,100,TGT
2025-10-24,9:33:21.407565935,T,95.39,100,95.5,400,TGT
2025-10-24,9:33:21.407580983,T,95.39,100,95.43,100,TGT
2025-10-24,9:33:21.407596085,T,95.39,100,95.48,100,TGT
2025-10-24,9:33:21.408087191,T,95.39,100,95.5,400,TGT
2025-10-24,9:33:21.408182430,T,95.39,100,95.49,100,TGT
2025-10-24,9:33:21.408187449,T,95.39,100,95.47,100,TGT
2025-10-24,9:33:21.408377929,T,95.4,100,95.47,100,TGT
2025-10-24,9:33:21.408387874,T,95.4,100,95.43,100,TGT
2025-10-24,9:33:21.408413329,T,95.4,200,95.43,100,TGT
2025-10-24,9:33:21.408413329,T,95.4,100,95.43,100,TGT
2025-10-24,9:33:21.408422974,T,95.4,100,95.5,400,TGT
2025-10-24,9:33:21.408448018,T,95.4,200,95.5,400,TGT
2025-10-24,9:33:21.408463105,T,95.4,100,95.5,400,TGT
2025-10-24,9:33:21.408578366,T,95.4,100,95.43,100,TGT
2025-10-24,9:33:21.408598449,T,95.4,100,95.5,400,TGT
2025-10-24,9:33:21.408608447,T,95.4,100,95.49,100,TGT
2025-10-24,9:33:21.408618677,T,95.4,200,95.49,100,TGT
2025-10-24,9:33:21.408628603,T,95.4,100,95.49,100,TGT
2025-10-24,9:33:21.408668611,T,95.4,100,95.5,400,TGT
2025-10-24,9:33:21.408688682,T,95.41,100,95.5,400,TGT
2025-10-24,9:33:21.408713759,T,95.41,100,95.43,100,TGT
2025-10-24,9:33:21.408748823,T,95.41,100,95.5,400,TGT
2025-10-24,9:33:21.408763911,T,95.4,100,95.5,400,TGT
2025-10-24,9:33:21.408768801,T,95.4,200,95.5,400,TGT
2025-10-24,9:33:21.409425404,T,95.4,100,95.5,400,TGT
2025-10-24,9:33:21.409485548,T,95.4,200,95.5,400,TGT
2025-10-24,9:33:21.411750982,T,95.4,100,95.5,400,TGT
2025-10-24,9:33:21.411771032,T,95.4,100,95.46,100,TGT
2025-10-24,9:33:21.412076760,T,95.3,400,95.46,100,TGT
2025-10-24,9:33:21.412096752,T,95.3,400,95.43,100,TGT
2025-10-24,9:33:21.412101772,T,95.3,400,95.43,200,TGT
2025-10-24,9:33:21.412191956,T,95.3,400,95.43,300,TGT
2025-10-24,9:33:21.412227429,T,95.3,400,95.43,200,TGT
2025-10-24,9:33:21.412237410,T,95.3,400,95.43,100,TGT
2025-10-24,9:33:21.412237410,T,95.3,400,95.44,100,TGT
2025-10-24,9:33:21.412242153,T,95.3,400,95.46,200,TGT
2025-10-24,9:33:21.412242153,T,95.3,400,95.46,100,TGT
2025-10-24,9:33:21.412257257,T,95.41,100,95.46,100,TGT
2025-10-24,9:33:21.412322321,T,95.41,200,95.46,100,TGT
2025-10-24,9:33:21.412367390,T,95.41,300,95.46,100,TGT
2025-10-24,9:33:21.412482741,T,95.41,400,95.46,100,TGT
2025-10-24,9:33:21.412638406,T,95.41,500,95.46,100,TGT
2025-10-24,9:33:21.412803495,T,95.41,500,95.49,100,TGT
2025-10-24,9:33:21.412823504,T,95.41,500,95.48,100,TGT
2025-10-24,9:33:21.412848600,T,95.41,500,95.49,100,TGT
2025-10-24,9:33:21.412863564,T,95.42,100,95.49,100,TGT
2025-10-24,9:33:21.412878589,T,95.42,100,95.5,400,TGT
2025-10-24,9:33:21.412893687,T,95.42,300,95.5,400,TGT
2025-10-24,9:33:21.412918677,T,95.42,400,95.5,400,TGT
2025-10-24,9:33:21.414612703,T,95.42,300,95.5,400,TGT
2025-10-24,9:33:21.414617722,T,95.42,200,95.5,400,TGT
2025-10-24,9:33:21.414617722,T,95.42,100,95.5,400,TGT
2025-10-24,9:33:21.414617722,T,95.41,200,95.5,400,TGT
2025-10-24,9:33:21.414637959,T,95.42,100,95.5,400,TGT
2025-10-24,9:33:21.414642862,T,95.42,100,95.46,100,TGT
2025-10-24,9:33:21.414662833,T,95.41,200,95.46,100,TGT
2025-10-24,9:33:21.414793447,T,95.41,200,95.44,100,TGT
2025-10-24,9:33:21.414793447,T,95.41,100,95.44,100,TGT
2025-10-24,9:33:21.414858380,T,95.42,100,95.44,100,TGT
2025-10-24,9:33:21.414893465,T,95.41,100,95.44,100,TGT
2025-10-24,9:33:21.414918528,T,95.41,100,95.44,200,TGT
2025-10-24,9:33:21.414918528,T,95.41,100,95.43,100,TGT
2025-10-24,9:33:21.414928511,T,95.41,100,95.44,200,TGT
2025-10-24,9:33:21.414953587,T,95.41,100,95.44,100,TGT
2025-10-24,9:33:21.414978596,T,95.41,100,95.44,200,TGT
2025-10-24,9:33:21.415003665,T,95.41,100,95.44,100,TGT
2025-10-24,9:33:21.415058816,T,95.42,100,95.44,100,TGT
2025-10-24,9:33:21.415083882,T,95.41,100,95.44,100,TGT
2025-10-24,9:33:21.415138970,T,95.41,200,95.44,100,TGT
2025-10-24,9:33:21.415279350,T,95.42,100,95.44,100,TGT
2025-10-24,9:33:21.415304355,T,95.41,200,95.44,100,TGT
2025-10-24,9:33:21.415324504,T,95.41,100,95.44,100,TGT
2025-10-24,9:33:21.415349561,T,95.41,100,95.46,100,TGT
2025-10-24,9:33:21.415730392,T,95.41,100,95.5,400,TGT
2025-10-24,9:33:21.416011040,T,95.3,400,95.5,400,TGT
2025-10-24,9:33:21.416036099,T,95.3,400,95.42,100,TGT
2025-10-24,9:33:21.416091300,T,95.35,100,95.42,100,TGT
2025-10-24,9:33:21.416592417,T,95.35,100,95.49,100,TGT
2025-10-24,9:33:21.416607531,T,95.35,100,95.5,400,TGT
2025-10-24,9:33:21.416612570,T,95.3,400,95.5,400,TGT
2025-10-24,9:33:21.416612570,T,95.35,100,95.5,400,TGT
2025-10-24,9:33:21.416642614,T,95.3,400,95.5,400,TGT
2025-10-24,9:33:21.437527443,T,95.3,400,95.49,100,TGT
2025-10-24,9:33:21.437532510,T,95.3,400,95.47,100,TGT
2025-10-24,9:33:21.437532510,T,95.3,400,95.46,100,TGT
2025-10-24,9:33:21.437537347,T,95.3,400,95.42,100,TGT
2025-10-24,9:33:21.437537347,T,95.3,300,95.42,100,TGT
2025-10-24,9:33:21.437552438,T,95.3,300,95.45,100,TGT
2025-10-24,9:33:21.437968385,T,95.3,400,95.45,100,TGT
2025-10-24,9:33:21.437993453,T,95.3,400,95.46,100,TGT
2025-10-24,9:33:21.440253800,T,95.3,400,95.43,100,TGT
2025-10-24,9:33:21.440699914,T,95.3,400,95.46,100,TGT
2025-10-24,9:33:21.440790159,T,95.3,400,95.42,100,TGT
2025-10-24,9:33:21.458557480,T,95.3,300,95.42,100,TGT
2025-10-24,9:33:21.459489687,T,95.3,400,95.42,100,TGT
2025-10-24,9:33:21.466325908,T,95.3,400,95.46,100,TGT
2025-10-24,9:33:21.466346007,T,95.3,400,95.49,100,TGT
2025-10-24,9:33:21.466346007,T,95.3,400,95.5,400,TGT
2025-10-24,9:33:21.466376106,T,95.3,400,95.42,100,TGT
2025-10-24,9:33:21.466777066,T,95.3,400,95.5,400,TGT
2025-10-24,9:33:21.484013141,T,95.3,400,95.45,100,TGT
2025-10-24,9:33:21.570138444,T,95.3,300,95.45,100,TGT
2025-10-24,9:33:21.570218508,T,95.3,300,95.39,100,TGT
2025-10-24,9:33:21.570408866,T,95.32,500,95.39,100,TGT
2025-10-24,9:33:21.570439241,T,95.3,300,95.39,100,TGT
2025-10-24,9:33:21.570459013,T,95.3,300,95.35,100,TGT
2025-10-24,9:33:21.571020427,T,95.3,300,95.38,100,TGT
2025-10-24,9:33:21.571341251,T,95.3,100,95.38,100,TGT
2025-10-24,9:33:21.571346106,T,95.18,100,95.38,100,TGT
2025-10-24,9:33:21.571351166,T,95.18,100,95.33,100,TGT
2025-10-24,9:33:21.571451368,T,95.3,100,95.33,100,TGT
2025-10-24,9:33:21.571491760,T,95.18,100,95.33,100,TGT
2025-10-24,9:33:21.571907548,T,95.18,100,95.39,100,TGT
2025-10-24,9:33:21.620834063,T,95.18,100,95.38,100,TGT
2025-10-24,9:33:21.620839112,T,95.18,100,95.35,100,TGT
2025-10-24,9:33:21.620864111,T,95.18,100,95.38,100,TGT
2025-10-24,9:33:21.621124761,T,95.18,100,95.32,100,TGT
2025-10-24,9:33:21.621280066,T,95.24,100,95.32,100,TGT
2025-10-24,9:33:21.621686029,T,95.24,100,95.38,100,TGT
2025-10-24,9:33:21.632376608,T,95.24,100,95.39,100,TGT
2025-10-24,9:33:21.633895220,T,95.24,100,95.36,100,TGT
2025-10-24,9:33:21.634356275,T,95.24,100,95.39,100,TGT
2025-10-24,9:33:21.672026057,T,95.24,100,95.35,100,TGT
2025-10-24,9:33:21.687548029,T,95.24,100,95.39,100,TGT
2025-10-24,9:33:21.843499687,T,95.24,100,95.45,100,TGT
2025-10-24,9:33:21.843589775,T,95.24,100,95.4,100,TGT
2025-10-24,9:33:21.943998989,T,95.24,100,95.45,100,TGT
2025-10-24,9:33:21.944800907,T,95.25,100,95.45,100,TGT
2025-10-24,9:33:21.944820948,T,95.25,200,95.45,100,TGT
2025-10-24,9:33:22.270541935,T,95.26,100,95.45,100,TGT
2025-10-24,9:33:22.653353996,T,95.26,200,95.45,100,TGT
2025-10-24,9:33:26.814592959,T,95.27,100,95.45,100,TGT
2025-10-24,9:33:26.814612957,T,95.27,200,95.45,100,TGT
2025-10-24,9:33:29.115214037,T,95.3,100,95.45,100,TGT
2025-10-24,9:33:29.115234157,T,95.3,200,95.45,100,TGT
2025-10-24,9:33:29.116016014,T,95.3,300,95.45,100,TGT
2025-10-24,9:33:33.977257378,T,95.3,400,95.45,100,TGT
2025-10-24,9:33:34.923662077,T,95.31,100,95.45,100,TGT
2025-10-24,9:33:34.923682108,T,95.31,200,95.45,100,TGT
2025-10-24,9:33:34.923707200,T,95.31,300,95.45,100,TGT
2025-10-24,9:33:34.924002970,T,95.31,200,95.45,100,TGT
2025-10-24,9:33:34.925175674,T,95.31,300,95.45,100,TGT
2025-10-24,9:33:37.930350294,T,95.31,200,95.45,100,TGT
2025-10-24,9:33:37.930350294,T,95.31,100,95.45,100,TGT
2025-10-24,9:33:37.930350294,T,95.3,200,95.45,100,TGT
2025-10-24,9:33:37.930375429,T,95.3,200,95.43,100,TGT
2025-10-24,9:33:37.930375429,T,95.3,200,95.34,100,TGT
2025-10-24,9:33:37.930595954,T,95.3,300,95.34,100,TGT
2025-10-24,9:33:37.930655992,T,95.32,100,95.34,100,TGT
2025-10-24,9:33:37.930666060,T,95.32,200,95.34,100,TGT
2025-10-24,9:33:37.930671060,T,95.32,100,95.34,100,TGT
2025-10-24,9:33:37.930686083,T,95.3,200,95.34,100,TGT
2025-10-24,9:33:37.935236978,T,95.3,100,95.34,100,TGT
2025-10-24,9:33:37.935236978,T,95.19,200,95.34,100,TGT
2025-10-24,9:33:37.936053906,T,95.28,100,95.34,100,TGT
2025-10-24,9:33:37.942749871,T,95.18,100,95.34,100,TGT
2025-10-24,9:33:37.942759893,T,95.18,100,95.34,200,TGT
2025-10-24,9:33:37.942769989,T,95.18,100,95.31,100,TGT
2025-10-24,9:33:37.942799955,T,95.18,100,95.33,100,TGT
2025-10-24,9:33:37.942799955,T,95.18,100,95.34,200,TGT
2025-10-24,9:33:37.949816727,T,95.18,100,95.34,100,TGT
2025-10-24,9:33:38.030433792,T,95.18,100,95.41,100,TGT
2025-10-24,9:33:39.837599307,T,95.18,100,95.35,100,TGT
2025-10-24,9:33:40.110479356,T,95.28,200,95.35,100,TGT
2025-10-24,9:33:40.116373387,T,95.28,300,95.35,100,TGT
2025-10-24,9:33:49.881693530,T,95.28,100,95.35,100,TGT
2025-10-24,9:33:49.881693530,T,95.18,100,95.35,100,TGT
2025-10-24,9:33:49.881698559,T,95.28,100,95.35,100,TGT
2025-10-24,9:33:49.881713636,T,95.28,100,95.3,100,TGT
2025-10-24,9:33:49.881773800,T,95.18,100,95.3,100,TGT
2025-10-24,9:33:49.882149617,T,95.25,100,95.3,100,TGT
2025-10-24,9:33:49.888755365,T,95.26,100,95.3,100,TGT
2025-10-24,9:33:49.888755365,T,95.26,100,95.34,200,TGT
2025-10-24,9:33:49.890028485,T,95.18,200,95.34,200,TGT
2025-10-24,9:33:49.890053500,T,95.18,100,95.34,200,TGT
2025-10-24,9:33:49.897641608,T,95.18,100,95.34,100,TGT
2025-10-24,9:33:49.926765920,T,95.18,100,95.35,200,TGT
2025-10-24,9:33:50.530489296,T,95.18,100,95.35,100,TGT
2025-10-24,9:33:54.632612084,T,95.18,100,95.35,200,TGT
2025-10-24,9:33:55.212573834,T,95.24,100,95.35,200,TGT
2025-10-24,9:33:56.942841531,T,95.24,100,95.35,300,TGT
2025-10-24,9:33:56.942846115,T,95.24,100,95.34,100,TGT
2025-10-24,9:33:56.942866175,T,95.24,100,95.34,200,TGT
2025-10-24,9:33:56.948569703,T,95.24,100,95.34,300,TGT
2025-10-24,9:33:56.949877860,T,95.24,100,95.34,200,TGT
2025-10-24,9:33:57.142987942,T,95.24,100,95.34,100,TGT
2025-10-24,9:33:57.143012893,T,95.24,100,95.35,200,TGT
2025-10-24,9:33:57.143960392,T,95.24,100,95.35,300,TGT
2025-10-24,9:33:57.143995439,T,95.24,100,95.3,100,TGT
2025-10-24,9:33:57.143995439,T,95.12,300,95.3,100,TGT
2025-10-24,9:33:57.144015374,T,95.12,300,95.26,100,TGT
2025-10-24,9:33:57.145559021,T,95.12,100,95.26,100,TGT
2025-10-24,9:33:57.244123981,T,95.12,100,95.29,100,TGT
2025-10-24,9:34:00.299132130,T,95.12,100,95.29,200,TGT
2025-10-24,9:34:03.115762572,T,95.18,100,95.29,200,TGT
2025-10-24,9:34:03.631962294,T,95.18,100,95.29,100,TGT
2025-10-24,9:34:04.674275499,T,95.12,100,95.29,100,TGT
2025-10-24,9:34:04.674295551,T,95.12,100,95.28,100,TGT
2025-10-24,9:34:04.674305567,T,95.12,100,95.27,100,TGT
2025-10-24,9:34:04.674305567,T,95.06,300,95.27,100,TGT
2025-10-24,9:34:04.674310559,T,95.06,300,95.27,200,TGT
2025-10-24,9:34:04.674315557,T,95.06,300,95.26,100,TGT
2025-10-24,9:34:04.674325597,T,95.06,300,95.23,100,TGT
2025-10-24,9:34:04.674856883,T,95.06,300,95.2,100,TGT
2025-10-24,9:34:04.677062175,T,95.06,300,95.19,100,TGT
2025-10-24,9:34:04.677062175,T,95.06,200,95.19,100,TGT
2025-10-24,9:34:04.677538256,T,95.06,200,95.19,200,TGT
2025-10-24,9:34:04.677578401,T,95.06,200,95.18,100,TGT
2025-10-24,9:34:04.677583412,T,95.06,200,95.19,100,TGT
2025-10-24,9:34:04.677969319,T,95.06,200,95.19,200,TGT
2025-10-24,9:34:04.681182018,T,95.03,200,95.19,200,TGT
2025-10-24,9:34:04.681212018,T,95.03,100,95.19,200,TGT
2025-10-24,9:34:04.722149490,T,95.03,100,95.19,100,TGT
2025-10-24,9:34:04.874337169,T,95.03,100,95.24,100,TGT
2025-10-24,9:34:04.875133983,T,95.03,100,95.19,100,TGT
2025-10-24,9:34:04.875149076,T,95.03,100,95.22,100,TGT
2025-10-24,9:34:04.875459783,T,95.03,100,95.25,100,TGT
2025-10-24,9:34:04.876011162,T,95.03,100,95.27,100,TGT
2025-10-24,9:34:04.876041154,T,95.03,100,95.25,100,TGT
2025-10-24,9:34:04.876271684,T,95.03,100,95.27,100,TGT
2025-10-24,9:34:04.915394946,T,95.03,100,95.27,200,TGT
2025-10-24,9:34:04.918457564,T,95.03,100,95.27,300,TGT
2025-10-24,9:34:04.918457564,T,95.03,100,95.26,100,TGT
2025-10-24,9:34:04.918462214,T,95.0,300,95.26,100,TGT
2025-10-24,9:34:04.918467262,T,95.0,300,95.18,100,TGT
2025-10-24,9:34:04.918492755,T,95.0,200,95.18,100,TGT
2025-10-24,9:34:04.918497393,T,95.0,200,95.15,100,TGT
2025-10-24,9:34:04.918587500,T,95.0,200,95.15,200,TGT
2025-10-24,9:34:04.918587500,T,95.0,200,95.14,100,TGT
2025-10-24,9:34:04.918642658,T,95.0,200,95.14,200,TGT
2025-10-24,9:34:04.918657778,T,95.0,200,95.14,100,TGT
2025-10-24,9:34:04.919229131,T,95.0,200,95.14,200,TGT
2025-10-24,9:34:04.919324332,T,95.0,200,95.14,100,TGT
2025-10-24,9:34:04.921058415,T,95.0,200,95.14,200,TGT
2025-10-24,9:34:04.925619301,T,95.0,200,95.14,100,TGT
2025-10-24,9:34:05.019382642,T,95.0,200,95.15,200,TGT
2025-10-24,9:34:05.020179606,T,95.0,200,95.14,100,TGT
2025-10-24,9:34:05.020199944,T,95.0,200,95.15,200,TGT
2025-10-24,9:34:05.020991540,T,95.0,200,95.14,100,TGT
2025-10-24,9:34:05.021001539,T,95.0,200,95.15,200,TGT
2025-10-24,9:34:05.949012552,T,95.0,200,95.13,100,TGT
2025-10-24,9:34:05.949278172,T,95.0,300,95.13,100,TGT
2025-10-24,9:34:05.950165213,T,95.0,300,95.12,100,TGT
2025-10-24,9:34:05.951242844,T,95.0,100,95.12,100,TGT
2025-10-24,9:34:05.962855674,T,94.94,100,95.12,100,TGT
2025-10-24,9:34:05.962860546,T,94.93,300,95.12,100,TGT
2025-10-24,9:34:05.962860546,T,94.93,200,95.12,100,TGT
2025-10-24,9:34:05.962865474,T,94.88,300,95.12,100,TGT
2025-10-24,9:34:05.962865474,T,94.88,100,95.12,100,TGT
2025-10-24,9:34:05.962880875,T,94.88,100,95.03,100,TGT
2025-10-24,9:34:05.963086198,T,94.88,100,95.03,200,TGT
2025-10-24,9:34:05.963271789,T,94.88,100,95.02,100,TGT
2025-10-24,9:34:05.963332182,T,94.88,100,95.01,100,TGT
2025-10-24,9:34:05.963332182,T,94.85,200,95.01,100,TGT
2025-10-24,9:34:05.963361769,T,94.85,200,95.01,200,TGT
2025-10-24,9:34:05.963361769,T,94.85,200,95.01,300,TGT
2025-10-24,9:34:05.963366724,T,94.85,200,95.01,400,TGT
2025-10-24,9:34:05.963386797,T,94.85,200,95.01,500,TGT
2025-10-24,9:34:05.963386797,T,94.82,100,95.01,500,TGT
2025-10-24,9:34:05.963391717,T,94.76,100,95.01,500,TGT
2025-10-24,9:34:05.963411833,T,94.75,500,95.01,500,TGT
2025-10-24,9:34:05.963411833,T,94.75,500,95.01,600,TGT
2025-10-24,9:34:05.963426804,T,94.76,100,95.01,600,TGT
2025-10-24,9:34:05.963461984,T,94.76,100,95.01,700,TGT
2025-10-24,9:34:05.963476920,T,94.76,100,95.01,600,TGT
2025-10-24,9:34:05.963482039,T,94.76,100,95.01,700,TGT
2025-10-24,9:34:05.963502364,T,94.76,100,95.01,600,TGT
2025-10-24,9:34:05.963507645,T,94.76,100,95.01,500,TGT
2025-10-24,9:34:05.963512232,T,94.76,100,95.01,400,TGT
2025-10-24,9:34:05.963512232,T,94.76,100,95.0,100,TGT
2025-10-24,9:34:05.963512232,T,94.76,100,94.99,100,TGT
2025-10-24,9:34:05.963552205,T,94.76,100,95.0,100,TGT
2025-10-24,9:34:05.963667449,T,94.83,100,95.0,100,TGT
2025-10-24,9:34:05.963727822,T,94.76,100,95.0,100,TGT
2025-10-24,9:34:05.963752664,T,94.84,100,95.0,100,TGT
2025-10-24,9:34:05.963818297,T,94.84,200,95.0,100,TGT
2025-10-24,9:34:05.963822846,T,94.84,100,95.0,100,TGT
2025-10-24,9:34:05.963822846,T,94.82,100,95.0,100,TGT
2025-10-24,9:34:05.963822846,T,94.84,100,95.0,100,TGT
2025-10-24,9:34:05.963847798,T,94.85,100,95.0,100,TGT
2025-10-24,9:34:05.963852823,T,94.85,200,95.0,100,TGT
2025-10-24,9:34:05.963872886,T,94.85,300,95.0,100,TGT
2025-10-24,9:34:05.963882978,T,94.85,200,95.0,100,TGT
2025-10-24,9:34:05.963887920,T,94.85,100,95.0,100,TGT
2025-10-24,9:34:05.963887920,T,94.85,200,95.0,100,TGT
2025-10-24,9:34:05.963892990,T,94.85,100,95.0,100,TGT
2025-10-24,9:34:05.963918053,T,94.86,300,95.0,100,TGT
2025-10-24,9:34:05.963923028,T,94.86,400,95.0,100,TGT
2025-10-24,9:34:05.963933105,T,94.86,500,95.0,100,TGT
2025-10-24,9:34:05.964063325,T,94.86,200,95.0,100,TGT
2025-10-24,9:34:05.964063325,T,94.86,100,95.0,100,TGT
2025-10-24,9:34:05.964063325,T,94.89,100,95.0,100,TGT
2025-10-24,9:34:05.964103647,T,94.89,500,95.0,100,TGT
2025-10-24,9:34:05.964253787,T,94.89,100,95.0,100,TGT
2025-10-24,9:34:05.964253787,T,94.9,100,95.0,100,TGT
2025-10-24,9:34:05.964279115,T,94.9,500,95.0,100,TGT
2025-10-24,9:34:05.964424239,T,94.9,600,95.0,100,TGT
2025-10-24,9:34:05.964434219,T,94.9,500,95.0,100,TGT
2025-10-24,9:34:05.964444229,T,94.9,100,95.0,100,TGT
2025-10-24,9:34:05.964449329,T,94.91,100,95.0,100,TGT
2025-10-24,9:34:05.964469352,T,94.91,500,95.0,100,TGT
2025-10-24,9:34:05.964479381,T,94.91,600,95.0,100,TGT
2025-10-24,9:34:05.964489488,T,94.91,500,95.0,100,TGT
2025-10-24,9:34:05.964499455,T,94.91,100,95.0,100,TGT
2025-10-24,9:34:05.964499455,T,94.92,100,95.0,100,TGT
2025-10-24,9:34:05.964524416,T,94.92,500,95.0,100,TGT
2025-10-24,9:34:05.964679889,T,94.92,600,95.0,100,TGT
2025-10-24,9:34:05.969205659,T,94.92,600,95.03,300,TGT
2025-10-24,9:34:05.969205659,T,94.92,600,95.03,200,TGT
2025-10-24,9:34:05.969230920,T,94.92,700,95.03,200,TGT
2025-10-24,9:34:05.969230920,T,94.98,100,95.03,200,TGT
2025-10-24,9:34:05.969255704,T,94.99,400,95.03,200,TGT
2025-10-24,9:34:05.969285853,T,94.99,1500,95.03,200,TGT
2025-10-24,9:34:05.969300840,T,94.99,1400,95.03,200,TGT
2025-10-24,9:34:05.969320909,T,94.99,1100,95.03,200,TGT
2025-10-24,9:34:05.969345947,T,94.99,1400,95.03,200,TGT
2025-10-24,9:34:05.969376040,T,94.99,1500,95.03,200,TGT
2025-10-24,9:34:05.970464678,T,94.99,1500,95.03,100,TGT
2025-10-24,9:34:05.970464678,T,94.99,1500,95.11,200,TGT
2025-10-24,9:34:05.970468759,T,94.99,1500,95.11,100,TGT
2025-10-24,9:34:05.970483687,T,94.99,1200,95.11,100,TGT
2025-10-24,9:34:05.970483687,T,95.0,100,95.11,100,TGT
2025-10-24,9:34:05.970488979,T,95.0,200,95.11,100,TGT
2025-10-24,9:34:05.970508800,T,95.0,300,95.11,100,TGT
2025-10-24,9:34:05.970508800,T,95.02,300,95.11,100,TGT
2025-10-24,9:34:05.970543810,T,95.02,1400,95.11,100,TGT
2025-10-24,9:34:05.970548847,T,95.02,1500,95.11,100,TGT
2025-10-24,9:34:05.970548847,T,95.02,1600,95.11,100,TGT
2025-10-24,9:34:05.970563798,T,95.02,1500,95.11,100,TGT
2025-10-24,9:34:05.970583856,T,95.02,1300,95.11,100,TGT
2025-10-24,9:34:05.970608920,T,95.02,1500,95.11,100,TGT
2025-10-24,9:34:05.972824237,T,95.02,1600,95.11,100,TGT
2025-10-24,9:34:05.973345478,T,95.02,1600,95.1,100,TGT
2025-10-24,9:34:05.973355535,T,95.02,1600,95.08,100,TGT
2025-10-24,9:34:05.973881741,T,95.02,1600,95.1,100,TGT
2025-10-24,9:34:05.974032136,T,95.02,1600,95.08,100,TGT
2025-10-24,9:34:05.976377971,T,95.02,1500,95.08,100,TGT
2025-10-24,9:34:05.976377971,T,95.02,1400,95.08,100,TGT
2025-10-24,9:34:05.976417786,T,95.02,1300,95.08,100,TGT
2025-10-24,9:34:05.976442913,T,95.02,1200,95.08,100,TGT
2025-10-24,9:34:05.976457952,T,95.02,400,95.08,100,TGT
2025-10-24,9:34:05.976462895,T,95.02,300,95.08,100,TGT
2025-10-24,9:34:05.976462895,T,95.02,100,95.08,100,TGT
2025-10-24,9:34:05.976462895,T,94.98,100,95.08,100,TGT
2025-10-24,9:34:05.976467885,T,94.98,200,95.08,100,TGT
2025-10-24,9:34:05.976487991,T,94.99,100,95.08,100,TGT
2025-10-24,9:34:05.976528040,T,95.02,100,95.08,100,TGT
2025-10-24,9:34:05.976733510,T,95.02,100,95.05,100,TGT
2025-10-24,9:34:05.976753592,T,94.98,200,95.05,100,TGT
2025-10-24,9:34:05.976778623,T,94.99,100,95.05,100,TGT
2025-10-24,9:34:05.977871293,T,94.99,100,95.08,100,TGT
2025-10-24,9:34:05.977891314,T,95.02,100,95.08,100,TGT
2025-10-24,9:34:05.978111837,T,95.02,200,95.08,100,TGT
2025-10-24,9:34:05.978397583,T,95.02,200,95.07,100,TGT
2025-10-24,9:34:05.982497259,T,95.02,100,95.07,100,TGT
2025-10-24,9:34:05.982502322,T,94.98,100,95.07,100,TGT
2025-10-24,9:34:05.982507401,T,94.93,100,95.07,100,TGT
2025-10-24,9:34:05.982507401,T,94.87,100,95.07,100,TGT
2025-10-24,9:34:05.982507401,T,94.84,100,95.07,100,TGT
2025-10-24,9:34:05.982507401,T,94.82,100,95.07,100,TGT
2025-10-24,9:34:05.982507401,T,94.75,600,95.07,100,TGT
2025-10-24,9:34:05.982512310,T,94.75,500,95.07,100,TGT
2025-10-24,9:34:05.982527782,T,94.75,500,95.05,100,TGT
2025-10-24,9:34:05.982567718,T,94.75,500,95.05,200,TGT
2025-10-24,9:34:05.982577535,T,94.75,500,95.04,100,TGT
2025-10-24,9:34:05.982587526,T,94.75,500,95.02,100,TGT
2025-10-24,9:34:05.982617581,T,94.75,500,95.02,200,TGT
2025-10-24,9:34:05.982722763,T,94.75,500,95.02,100,TGT
2025-10-24,9:34:05.982863828,T,94.75,500,95.02,200,TGT
2025-10-24,9:34:05.982888189,T,94.75,500,95.02,300,TGT
2025-10-24,9:34:05.982928451,T,94.75,500,95.02,200,TGT
2025-10-24,9:34:05.982933287,T,94.75,500,95.02,100,TGT
2025-10-24,9:34:05.982933287,T,94.75,500,95.01,100,TGT
2025-10-24,9:34:05.982958743,T,94.89,100,95.01,100,TGT
2025-10-24,9:34:05.983003512,T,94.89,100,95.02,100,TGT
2025-10-24,9:34:05.983013644,T,94.89,100,95.03,100,TGT
2025-10-24,9:34:05.983033569,T,94.89,100,95.02,300,TGT
2025-10-24,9:34:05.983199015,T,94.89,100,95.01,100,TGT
2025-10-24,9:34:05.983279141,T,94.89,100,95.02,400,TGT
2025-10-24,9:34:05.983279141,T,94.89,100,95.01,100,TGT
2025-10-24,9:34:05.983389432,T,94.89,100,95.01,200,TGT
2025-10-24,9:34:05.983775348,T,94.89,100,95.01,100,TGT
2025-10-24,9:34:05.986321369,T,94.89,100,95.0,100,TGT
2025-10-24,9:34:05.987323837,T,94.9,100,95.0,100,TGT
2025-10-24,9:34:05.987333844,T,94.89,100,95.0,100,TGT
2025-10-24,9:34:05.987544317,T,94.9,100,95.0,100,TGT
2025-10-24,9:34:05.987769858,T,94.9,700,95.0,100,TGT
2025-10-24,9:34:05.999527815,T,94.9,700,95.0,200,TGT
2025-10-24,9:34:05.999527815,T,94.9,700,94.96,100,TGT
2025-10-24,9:34:05.999533177,T,94.9,700,94.99,100,TGT
2025-10-24,9:34:05.999547879,T,94.9,700,95.0,200,TGT
2025-10-24,9:34:05.999558624,T,94.9,700,95.0,100,TGT
2025-10-24,9:34:05.999567984,T,94.91,100,95.0,100,TGT
2025-10-24,9:34:05.999593007,T,94.91,200,95.0,100,TGT
2025-10-24,9:34:05.999658207,T,94.91,700,95.0,100,TGT
2025-10-24,9:34:05.999738363,T,94.91,900,95.0,100,TGT
2025-10-24,9:34:05.999753419,T,94.91,1100,95.0,100,TGT
2025-10-24,9:34:05.999758466,T,94.91,1200,95.0,100,TGT
2025-10-24,9:34:05.999773414,T,94.91,1400,95.0,100,TGT
2025-10-24,9:34:05.999778449,T,94.91,1500,95.0,100,TGT
2025-10-24,9:34:05.999788547,T,94.91,1600,95.0,100,TGT
2025-10-24,9:34:05.999793456,T,94.91,1700,95.0,100,TGT
2025-10-24,9:34:05.999833638,T,94.91,1700,94.99,100,TGT
2025-10-24,9:34:05.999833638,T,94.91,1900,94.99,100,TGT
2025-10-24,9:34:05.999838613,T,94.91,2000,94.99,100,TGT
2025-10-24,9:34:05.999843659,T,94.91,2200,94.99,100,TGT
2025-10-24,9:34:05.999843659,T,94.91,2400,94.99,100,TGT
2025-10-24,9:34:05.999848653,T,94.91,2500,94.99,100,TGT
2025-10-24,9:34:05.999858665,T,94.91,2700,94.99,100,TGT
2025-10-24,9:34:05.999913780,T,94.91,2800,94.99,100,TGT
2025-10-24,9:34:05.999963935,T,94.91,3000,94.99,100,TGT
2025-10-24,9:34:06.001442460,T,94.93,100,94.99,100,TGT
2025-10-24,9:34:06.001467586,T,94.93,300,94.99,100,TGT
2025-10-24,9:34:06.001467586,T,94.93,400,94.99,100,TGT
2025-10-24,9:34:06.001467586,T,94.93,500,94.99,100,TGT
2025-10-24,9:34:06.001467586,T,94.93,1300,94.99,100,TGT
2025-10-24,9:34:06.001472555,T,94.93,1500,94.99,100,TGT
2025-10-24,9:34:06.001472555,T,94.93,1600,94.99,100,TGT
2025-10-24,9:34:06.001472555,T,94.93,1700,94.99,100,TGT
2025-10-24,9:34:06.001477531,T,94.93,1900,94.99,100,TGT
2025-10-24,9:34:06.001477531,T,94.93,2100,94.99,100,TGT
2025-10-24,9:34:06.001477531,T,94.93,2200,94.99,100,TGT
2025-10-24,9:34:06.001477531,T,94.93,3200,94.99,100,TGT
2025-10-24,9:34:06.001482562,T,94.93,3300,94.99,100,TGT
2025-10-24,9:34:06.001667907,T,94.93,3400,94.99,100,TGT
2025-10-24,9:34:06.005817891,T,94.93,3300,94.99,100,TGT
2025-10-24,9:34:06.112451937,T,94.93,3300,94.99,200,TGT
2025-10-24,9:34:06.112672408,T,94.93,3200,94.99,200,TGT
2025-10-24,9:34:06.432554687,T,94.93,3000,94.99,200,TGT
2025-10-24,9:34:06.432559631,T,94.93,2900,94.99,200,TGT
2025-10-24,9:34:06.432559631,T,94.93,2800,94.99,200,TGT
2025-10-24,9:34:06.432559631,T,94.93,2500,94.99,200,TGT
2025-10-24,9:34:06.432610008,T,94.93,2000,94.99,200,TGT
2025-10-24,9:34:06.432610008,T,94.93,1800,94.99,200,TGT
2025-10-24,9:34:06.432614977,T,94.93,1700,94.99,200,TGT
2025-10-24,9:34:06.432614977,T,94.93,1600,94.99,200,TGT
2025-10-24,9:34:06.432614977,T,94.93,1400,94.99,200,TGT
2025-10-24,9:34:06.432620076,T,94.93,1200,94.99,200,TGT
2025-10-24,9:34:06.432620076,T,94.93,1100,94.99,200,TGT
2025-10-24,9:34:06.432620076,T,94.93,100,94.99,200,TGT
2025-10-24,9:34:06.432624786,T,94.83,200,94.99,200,TGT
2025-10-24,9:34:06.432634984,T,94.83,200,94.99,300,TGT
2025-10-24,9:34:06.432639731,T,94.83,200,94.95,100,TGT
2025-10-24,9:34:06.432669822,T,94.83,300,94.95,100,TGT
2025-10-24,9:34:06.432845263,T,94.83,400,94.95,100,TGT
2025-10-24,9:34:06.434128359,T,94.83,400,94.95,200,TGT
2025-10-24,9:34:06.437025223,T,94.83,200,94.95,200,TGT
2025-10-24,9:34:06.442728812,T,94.83,100,94.95,200,TGT
2025-10-24,9:34:06.446708270,T,94.83,200,94.95,200,TGT
2025-10-24,9:34:06.457534078,T,94.83,200,94.95,300,TGT
2025-10-24,9:34:06.457559155,T,94.83,200,94.94,100,TGT
2025-10-24,9:34:06.457829834,T,94.83,200,94.94,200,TGT
2025-10-24,9:34:06.458857256,T,94.83,200,94.93,100,TGT
2025-10-24,9:34:06.459147933,T,94.83,200,94.93,200,TGT
2025-10-24,9:34:06.459308264,T,94.83,200,94.93,100,TGT
2025-10-24,9:34:06.658958983,T,94.83,100,94.93,100,TGT
2025-10-24,9:34:06.743590559,T,94.83,400,94.93,100,TGT
2025-10-24,9:34:09.440535696,T,94.83,400,94.93,200,TGT
2025-10-24,9:34:10.014212381,T,94.83,400,94.93,100,TGT
2025-10-24,9:34:11.334157002,T,94.83,300,94.93,100,TGT
2025-10-24,9:34:11.334167073,T,94.83,300,94.91,100,TGT
2025-10-24,9:34:11.334177243,T,94.83,200,94.91,100,TGT
2025-10-24,9:34:11.334192176,T,94.83,200,94.91,200,TGT
2025-10-24,9:34:11.334212342,T,94.83,200,94.89,100,TGT
2025-10-24,9:34:11.334467750,T,94.77,200,94.89,100,TGT
2025-10-24,9:34:11.334472810,T,94.77,200,94.86,100,TGT
2025-10-24,9:34:11.335034086,T,94.77,200,94.88,100,TGT
2025-10-24,9:34:11.335074185,T,94.77,200,94.91,200,TGT
2025-10-24,9:34:11.335079181,T,94.77,200,94.91,300,TGT
2025-10-24,9:34:11.335615524,T,94.77,200,94.88,100,TGT
2025-10-24,9:34:11.347468722,T,94.75,500,94.88,100,TGT
2025-10-24,9:34:12.926164784,T,94.75,500,94.94,100,TGT
2025-10-24,9:34:12.926169841,T,94.75,600,94.94,100,TGT
2025-10-24,9:34:12.926184920,T,94.85,100,94.94,100,TGT
2025-10-24,9:34:12.926189875,T,94.87,100,94.94,100,TGT
2025-10-24,9:34:12.926229921,T,94.85,100,94.94,100,TGT
2025-10-24,9:34:12.926229921,T,94.88,100,94.94,100,TGT
2025-10-24,9:34:12.926249973,T,94.88,100,94.89,100,TGT
2025-10-24,9:34:12.926259999,T,94.88,100,94.9,100,TGT
2025-10-24,9:34:12.926265074,T,94.88,100,94.92,100,TGT
2025-10-24,9:34:12.926270032,T,94.88,100,94.93,100,TGT
2025-10-24,9:34:12.926285028,T,94.88,100,94.94,100,TGT
2025-10-24,9:34:12.926305623,T,94.85,100,94.94,100,TGT
2025-10-24,9:34:12.926325248,T,94.89,100,94.94,100,TGT
2025-10-24,9:34:12.926400307,T,94.85,100,94.94,100,TGT
2025-10-24,9:34:12.926420342,T,94.85,100,94.94,200,TGT
2025-10-24,9:34:12.926465519,T,94.85,100,94.88,100,TGT
2025-10-24,9:34:12.926530711,T,94.85,200,94.88,100,TGT
2025-10-24,9:34:12.926590729,T,94.85,200,94.88,200,TGT
2025-10-24,9:34:12.926600901,T,94.85,200,94.88,100,TGT
2025-10-24,9:34:12.927467837,T,94.85,300,94.88,100,TGT
2025-10-24,9:34:12.928565543,T,94.85,300,94.94,100,TGT
2025-10-24,9:34:12.928585565,T,94.86,100,94.94,100,TGT
2025-10-24,9:34:12.928590568,T,94.86,200,94.94,100,TGT
2025-10-24,9:34:12.928811077,T,94.86,300,94.94,100,TGT
2025-10-24,9:34:12.928861221,T,94.86,400,94.94,100,TGT
2025-10-24,9:34:12.928871180,T,94.86,300,94.94,100,TGT
2025-10-24,9:34:12.928871180,T,94.86,400,94.94,100,TGT
2025-10-24,9:34:12.929141842,T,94.86,300,94.94,100,TGT
2025-10-24,9:34:13.007167733,T,94.88,100,94.94,100,TGT
2025-10-24,9:34:13.007192826,T,94.88,200,94.94,100,TGT
2025-10-24,9:34:13.007203152,T,94.88,100,94.94,100,TGT
2025-10-24,9:34:13.007257955,T,94.91,100,94.94,100,TGT
2025-10-24,9:34:13.007283068,T,94.91,200,94.94,100,TGT
2025-10-24,9:34:13.007323152,T,94.91,200,94.94,300,TGT
2025-10-24,9:34:13.007734341,T,94.91,200,94.94,200,TGT
2025-10-24,9:34:13.007734341,T,94.91,200,95.12,200,TGT
2025-10-24,9:34:13.007754202,T,94.92,100,95.12,200,TGT
2025-10-24,9:34:13.007754202,T,94.92,200,95.12,200,TGT
2025-10-24,9:34:13.007779177,T,94.92,300,95.12,200,TGT
2025-10-24,9:34:13.008225275,T,94.92,200,95.12,200,TGT
2025-10-24,9:34:13.008225275,T,94.92,300,95.12,200,TGT
2025-10-24,9:34:13.008245356,T,94.92,200,95.12,200,TGT
2025-10-24,9:34:13.008245356,T,94.93,100,95.12,200,TGT
2025-10-24,9:34:13.008987065,T,94.93,200,95.12,200,TGT
2025-10-24,9:34:13.019842928,T,94.93,100,95.12,200,TGT
2025-10-24,9:34:13.019848004,T,94.94,100,95.12,200,TGT
2025-10-24,9:34:13.020068520,T,94.94,200,95.12,200,TGT
2025-10-24,9:34:13.020083561,T,94.94,100,95.12,200,TGT
2025-10-24,9:34:13.020088505,T,94.94,200,95.12,200,TGT
2025-10-24,9:34:13.020108545,T,94.94,100,95.12,200,TGT
2025-10-24,9:34:13.020108545,T,94.95,100,95.12,200,TGT
2025-10-24,9:34:13.020329155,T,94.95,200,95.12,200,TGT
2025-10-24,9:34:13.127960487,T,94.95,100,95.12,200,TGT
2025-10-24,9:34:13.143547694,T,94.95,100,95.0,100,TGT
2025-10-24,9:34:13.143813256,T,94.95,100,95.12,200,TGT
2025-10-24,9:34:13.143833356,T,94.97,100,95.12,200,TGT
2025-10-24,9:34:13.143858447,T,94.97,200,95.12,200,TGT
2025-10-24,9:34:13.143873595,T,94.97,100,95.12,200,TGT
2025-10-24,9:34:13.143873595,T,94.97,100,95.12,100,TGT
2025-10-24,9:34:13.143898525,T,94.98,100,95.12,100,TGT
2025-10-24,9:34:13.143938865,T,94.97,100,95.12,100,TGT
2025-10-24,9:34:13.143943655,T,94.99,100,95.12,100,TGT
2025-10-24,9:34:13.143968708,T,94.97,200,95.12,100,TGT
2025-10-24,9:34:13.143968708,T,94.99,100,95.12,100,TGT
2025-10-24,9:34:13.144384592,T,94.97,200,95.12,100,TGT
2025-10-24,9:34:13.144384592,T,95.0,100,95.12,100,TGT
2025-10-24,9:34:13.145367011,T,95.0,200,95.12,100,TGT
2025-10-24,9:34:13.244914362,T,95.0,200,95.15,100,TGT
2025-10-24,9:34:13.345333380,T,95.0,100,95.15,100,TGT
2025-10-24,9:34:14.874000363,T,95.0,200,95.15,100,TGT
2025-10-24,9:34:14.874030330,T,95.0,200,95.18,100,TGT
2025-10-24,9:34:14.874055477,T,95.0,100,95.18,100,TGT
2025-10-24,9:34:14.874065502,T,95.0,200,95.18,100,TGT
2025-10-24,9:34:14.874085489,T,95.0,100,95.18,100,TGT
2025-10-24,9:34:14.874085489,T,95.01,100,95.18,100,TGT
2025-10-24,9:34:16.096723324,T,95.01,200,95.18,100,TGT
2025-10-24,9:34:16.638198596,T,95.01,200,95.25,200,TGT
2025-10-24,9:34:16.638203353,T,95.02,100,95.25,200,TGT
2025-10-24,9:34:16.639120438,T,95.02,100,95.24,100,TGT
2025-10-24,9:34:16.639145517,T,95.04,100,95.24,100,TGT
2025-10-24,9:34:16.639165654,T,95.02,100,95.24,100,TGT
2025-10-24,9:34:16.639165654,T,95.05,100,95.24,100,TGT
2025-10-24,9:34:16.639295929,T,95.02,100,95.24,100,TGT
2025-10-24,9:34:16.639300964,T,95.05,100,95.24,100,TGT
2025-10-24,9:34:16.639391191,T,95.03,100,95.24,100,TGT
2025-10-24,9:34:16.639396098,T,95.05,100,95.24,100,TGT
2025-10-24,9:34:16.639471688,T,95.04,100,95.24,100,TGT
2025-10-24,9:34:16.639471688,T,95.05,100,95.24,100,TGT
2025-10-24,9:34:16.639476449,T,95.08,100,95.24,100,TGT
2025-10-24,9:34:16.776477744,T,95.05,200,95.24,100,TGT
2025-10-24,9:34:17.391422782,T,95.05,200,95.24,200,TGT
2025-10-24,9:34:21.867160878,T,95.05,100,95.24,200,TGT
2025-10-24,9:34:22.798885619,T,95.05,200,95.24,200,TGT
2025-10-24,9:34:26.678879278,T,95.05,100,95.24,200,TGT
2025-10-24,9:34:37.514459235,T,95.05,200,95.24,200,TGT
2025-10-24,9:34:38.930061772,T,95.05,200,95.24,300,TGT
2025-10-24,9:34:41.487760307,T,95.05,200,95.24,200,TGT
2025-10-24,9:34:41.506124006,T,95.05,200,95.24,100,TGT
2025-10-24,9:34:41.826321866,T,95.05,200,95.25,100,TGT
2025-10-24,9:34:41.870041029,T,95.09,100,95.25,100,TGT
2025-10-24,9:34:42.009493276,T,95.05,200,95.25,100,TGT
2025-10-24,9:34:42.780815867,T,95.05,100,95.25,100,TGT
2025-10-24,9:34:42.805128761,T,95.07,100,95.25,100,TGT
2025-10-24,9:34:46.172977385,T,95.09,100,95.25,100,TGT
2025-10-24,9:34:47.605104438,T,95.09,100,95.25,300,TGT
2025-10-24,9:34:47.862467573,T,95.09,100,95.25,400,TGT
2025-10-24,9:34:48.429974559,T,95.09,100,95.25,200,TGT
2025-10-24,9:34:48.513308134,T,95.09,200,95.25,200,TGT
2025-10-24,9:34:48.513328469,T,95.09,100,95.25,200,TGT
2025-10-24,9:34:48.513328469,T,95.1,100,95.25,200,TGT
2025-10-24,9:34:48.513844356,T,95.09,100,95.25,200,TGT
2025-10-24,9:34:49.521425279,T,95.1,100,95.25,200,TGT
2025-10-24,9:34:49.521449999,T,95.11,100,95.25,200,TGT
2025-10-24,9:34:49.521449999,T,95.15,100,95.25,200,TGT
2025-10-24,9:34:49.521470006,T,95.15,200,95.25,200,TGT
2025-10-24,9:34:49.521530125,T,95.16,100,95.25,200,TGT
2025-10-24,9:34:49.529303721,T,95.15,100,95.25,200,TGT
2025-10-24,9:34:51.463977935,T,95.16,100,95.25,200,TGT
2025-10-24,9:34:51.463988055,T,95.15,100,95.25,200,TGT
2025-10-24,9:34:51.464013215,T,95.15,100,95.25,100,TGT
2025-10-24,9:34:51.464043075,T,95.15,100,95.32,100,TGT
2025-10-24,9:34:51.464043075,T,95.17,100,95.32,100,TGT
2025-10-24,9:34:51.464058223,T,95.23,100,95.32,100,TGT
2025-10-24,9:34:51.464133385,T,95.23,100,95.3,200,TGT
2025-10-24,9:34:51.464283724,T,95.23,200,95.3,200,TGT
2025-10-24,9:34:51.564096485,T,95.23,100,95.3,200,TGT
2025-10-24,9:34:51.564317086,T,95.18,100,95.3,200,TGT
2025-10-24,9:34:51.664139889,T,95.15,100,95.3,200,TGT
2025-10-24,9:34:51.766669184,T,95.19,100,95.3,200,TGT
2025-10-24,9:34:52.127062769,T,95.19,100,95.3,100,TGT
2025-10-24,9:34:52.805213363,T,95.2,100,95.3,100,TGT
2025-10-24,9:34:53.097650031,T,95.25,100,95.3,100,TGT
2025-10-24,9:34:55.817490191,T,95.25,100,95.35,100,TGT
2025-10-24,9:34:55.817504751,T,95.27,100,95.35,100,TGT
2025-10-24,9:34:55.817529812,T,95.27,200,95.35,100,TGT
2025-10-24,9:34:55.817545094,T,95.27,100,95.35,100,TGT
2025-10-24,9:34:55.817740365,T,95.27,200,95.35,100,TGT
2025-10-24,9:34:55.817830617,T,95.28,100,95.35,100,TGT
2025-10-24,9:34:55.817850623,T,95.28,100,95.36,100,TGT
2025-10-24,9:34:55.817856039,T,95.29,100,95.36,100,TGT
2025-10-24,9:34:55.817910704,T,95.3,100,95.36,100,TGT
2025-10-24,9:34:55.817920800,T,95.3,100,95.42,200,TGT
2025-10-24,9:34:55.817940769,T,95.3,200,95.42,200,TGT
2025-10-24,9:34:55.817960849,T,95.31,100,95.42,200,TGT
2025-10-24,9:34:55.817965832,T,95.31,200,95.42,200,TGT
2025-10-24,9:34:55.818241635,T,95.32,100,95.42,200,TGT
2025-10-24,9:34:55.818266625,T,95.33,100,95.42,200,TGT
2025-10-24,9:34:55.818266625,T,95.33,100,95.45,100,TGT
2025-10-24,9:34:55.818291594,T,95.31,200,95.45,100,TGT
2025-10-24,9:34:55.818316634,T,95.31,200,95.42,100,TGT
2025-10-24,9:34:55.818386904,T,95.31,200,95.39,100,TGT
2025-10-24,9:34:55.818386904,T,95.31,200,95.37,100,TGT
2025-10-24,9:34:55.818396933,T,95.31,200,95.36,100,TGT
2025-10-24,9:34:55.818482119,T,95.31,200,95.36,200,TGT
2025-10-24,9:34:55.818487144,T,95.31,200,95.36,300,TGT
2025-10-24,9:34:55.818507098,T,95.31,200,95.36,400,TGT
2025-10-24,9:34:55.818527429,T,95.31,200,95.36,500,TGT
2025-10-24,9:34:55.818567248,T,95.31,200,95.36,400,TGT
2025-10-24,9:34:55.818567248,T,95.31,200,95.34,100,TGT
2025-10-24,9:34:55.818572335,T,95.31,100,95.34,100,TGT
2025-10-24,9:34:55.818577458,T,95.29,100,95.34,100,TGT
2025-10-24,9:34:55.818577458,T,95.29,100,95.34,200,TGT
2025-10-24,9:34:55.818582901,T,95.29,100,95.34,300,TGT
2025-10-24,9:34:55.818592334,T,95.29,100,95.34,500,TGT
2025-10-24,9:34:55.818597385,T,95.29,100,95.33,100,TGT
2025-10-24,9:34:55.818602419,T,95.29,100,95.32,100,TGT
2025-10-24,9:34:55.818602419,T,95.29,100,95.31,100,TGT
2025-10-24,9:34:55.818612365,T,95.29,100,95.32,100,TGT
2025-10-24,9:34:55.818627536,T,95.29,100,95.31,200,TGT
2025-10-24,9:34:55.818637890,T,95.29,100,95.31,100,TGT
2025-10-24,9:34:55.818652476,T,95.3,100,95.31,100,TGT
2025-10-24,9:34:55.818677514,T,95.3,100,95.33,200,TGT
2025-10-24,9:34:55.818687610,T,95.3,100,95.33,100,TGT
2025-10-24,9:34:55.818872989,T,95.3,100,95.45,200,TGT
2025-10-24,9:34:55.819359256,T,95.3,100,95.44,100,TGT
2025-10-24,9:34:55.819419493,T,95.3,100,95.41,100,TGT
2025-10-24,9:34:55.819419493,T,95.32,100,95.41,100,TGT
2025-10-24,9:34:55.819444403,T,95.32,100,95.44,100,TGT
2025-10-24,9:34:55.819469384,T,95.32,100,95.45,200,TGT
2025-10-24,9:34:55.819529704,T,95.32,100,95.44,100,TGT
2025-10-24,9:34:55.819534539,T,95.32,100,95.45,200,TGT
2025-10-24,9:34:55.819539736,T,95.32,100,95.44,100,TGT
2025-10-24,9:34:55.819544731,T,95.32,100,95.45,200,TGT
2025-10-24,9:34:55.819564646,T,95.32,100,95.45,100,TGT
2025-10-24,9:34:55.819614982,T,95.33,100,95.45,100,TGT
2025-10-24,9:34:55.819719968,T,95.33,100,95.45,200,TGT
2025-10-24,9:34:55.819935573,T,95.33,100,95.44,100,TGT
2025-10-24,9:34:55.819990646,T,95.33,100,95.39,100,TGT
2025-10-24,9:34:55.820015718,T,95.33,100,95.44,100,TGT
2025-10-24,9:34:55.820015718,T,95.33,100,95.45,200,TGT
2025-10-24,9:34:55.820025720,T,95.32,100,95.45,200,TGT
2025-10-24,9:34:55.820030727,T,95.32,100,95.44,100,TGT
2025-10-24,9:34:55.820041031,T,95.32,100,95.39,100,TGT
2025-10-24,9:34:55.820045869,T,95.32,100,95.44,100,TGT
2025-10-24,9:34:55.820156289,T,95.32,100,95.36,100,TGT
2025-10-24,9:34:55.820451766,T,95.25,100,95.36,100,TGT
2025-10-24,9:34:55.821193555,T,95.25,100,95.44,100,TGT
2025-10-24,9:34:55.821288734,T,95.25,100,95.39,100,TGT
2025-10-24,9:34:55.821313782,T,95.25,100,95.44,100,TGT
2025-10-24,9:34:55.821399048,T,95.25,100,95.45,200,TGT
2025-10-24,9:34:55.831793854,T,95.29,100,95.45,200,TGT
2025-10-24,9:34:55.831818828,T,95.26,100,95.45,200,TGT
2025-10-24,9:34:55.838825501,T,95.25,100,95.45,200,TGT
2025-10-24,9:34:55.844408829,T,95.25,100,95.45,100,TGT
2025-10-24,9:34:57.850603602,T,95.28,100,95.45,100,TGT
2025-10-24,9:34:59.325572561,T,95.28,100,95.48,100,TGT
2025-10-24,9:34:59.325602530,T,95.28,100,95.49,100,TGT
2025-10-24,9:34:59.837547205,T,95.33,100,95.49,100,TGT
2025-10-24,9:35:00.314032330,T,95.33,100,95.4,100,TGT
2025-10-24,9:35:00.322813367,T,95.28,100,95.4,100,TGT
2025-10-24,9:35:00.322838343,T,95.28,100,95.35,100,TGT
2025-10-24,9:35:00.322838343,T,95.28,100,95.33,100,TGT
2025-10-24,9:35:00.322908586,T,95.28,100,95.35,100,TGT
2025-10-24,9:35:00.322928602,T,95.31,100,95.35,100,TGT
2025-10-24,9:35:00.323484941,T,95.29,200,95.35,100,TGT
2025-10-24,9:35:00.323961005,T,95.29,100,95.35,100,TGT
2025-10-24,9:35:00.323981090,T,95.28,100,95.35,100,TGT
2025-10-24,9:35:00.324692786,T,95.28,100,95.39,100,TGT
2025-10-24,9:35:00.324712884,T,95.33,100,95.39,100,TGT
2025-10-24,9:35:00.324712884,T,95.33,200,95.39,100,TGT
2025-10-24,9:35:00.324888225,T,95.33,200,95.38,100,TGT
2025-10-24,9:35:00.325269109,T,95.33,100,95.38,100,TGT
2025-10-24,9:35:00.325299250,T,95.28,100,95.38,100,TGT
2025-10-24,9:35:00.326146221,T,95.28,100,95.39,100,TGT
2025-10-24,9:35:00.422956847,T,95.28,100,95.4,100,TGT
2025-10-24,9:35:00.688950595,T,95.25,100,95.4,100,TGT
2025-10-24,9:35:02.331398634,T,95.31,100,95.4,100,TGT
2025-10-24,9:35:02.809968790,T,95.31,200,95.4,100,TGT
2025-10-24,9:35:04.660848258,T,95.32,100,95.4,100,TGT
2025-10-24,9:35:04.660858240,T,95.32,200,95.4,100,TGT
2025-10-24,9:35:04.660868330,T,95.33,100,95.4,100,TGT
2025-10-24,9:35:04.660883380,T,95.32,100,95.4,100,TGT
2025-10-24,9:35:05.381755727,T,95.32,100,95.49,100,TGT
2025-10-24,9:35:05.659111460,T,95.32,100,95.48,100,TGT
2025-10-24,9:35:05.670328218,T,95.32,100,95.4,100,TGT
2025-10-24,9:35:05.722492542,T,95.32,100,95.48,100,TGT
2025-10-24,9:35:07.402525054,T,95.34,100,95.48,100,TGT
2025-10-24,9:35:07.458187656,T,95.34,100,95.49,100,TGT
2025-10-24,9:35:08.239398797,T,95.34,200,95.49,100,TGT
2025-10-24,9:35:10.251718010,T,95.34,100,95.49,100,TGT
2025-10-24,9:35:11.968137148,T,95.34,100,95.4,100,TGT
2025-10-24,9:35:12.811240758,T,95.34,200,95.4,100,TGT
2025-10-24,9:35:13.882608214,T,95.34,200,95.48,100,TGT
2025-10-24,9:35:13.898571425,T,95.34,200,95.49,100,TGT
2025-10-24,9:35:13.898601281,T,95.34,300,95.49,100,TGT
2025-10-24,9:35:13.898601281,T,95.35,100,95.49,100,TGT
2025-10-24,9:35:13.898601281,T,95.37,100,95.49,100,TGT
2025-10-24,9:35:13.898651438,T,95.37,200,95.49,100,TGT
2025-10-24,9:35:13.898651438,T,95.37,100,95.49,100,TGT
2025-10-24,9:35:13.899047340,T,95.37,100,95.5,800,TGT
2025-10-24,9:35:13.899087512,T,95.37,100,95.5,900,TGT
2025-10-24,9:35:13.900871766,T,95.37,200,95.5,900,TGT
2025-10-24,9:35:13.900886725,T,95.37,100,95.5,900,TGT
2025-10-24,9:35:13.900886725,T,95.37,200,95.5,900,TGT
2025-10-24,9:35:13.900901842,T,95.37,100,95.5,900,TGT
2025-10-24,9:35:13.900982031,T,95.37,100,95.5,700,TGT
2025-10-24,9:35:13.905653082,T,95.35,100,95.5,700,TGT
2025-10-24,9:35:13.927445070,T,95.35,100,95.47,100,TGT
2025-10-24,9:35:13.927490146,T,95.35,100,95.43,100,TGT
2025-10-24,9:35:13.927520269,T,95.35,100,95.49,100,TGT
2025-10-24,9:35:13.937899915,T,95.35,100,95.5,700,TGT
2025-10-24,9:35:13.998835076,T,95.34,200,95.5,700,TGT
2025-10-24,9:35:15.226224451,T,95.34,100,95.5,700,TGT
2025-10-24,9:35:17.383293490,T,95.39,100,95.5,700,TGT
2025-10-24,9:35:18.063939964,T,95.34,100,95.5,700,TGT
2025-10-24,9:35:18.063965101,T,95.34,100,95.47,100,TGT
2025-10-24,9:35:18.063970259,T,95.34,100,95.46,100,TGT
2025-10-24,9:35:18.063975074,T,95.34,100,95.41,100,TGT
2025-10-24,9:35:18.064847196,T,95.34,100,95.39,100,TGT
2025-10-24,9:35:18.064932349,T,95.34,100,95.38,100,TGT
2025-10-24,9:35:18.064977509,T,95.35,100,95.38,100,TGT
2025-10-24,9:35:18.065007773,T,95.35,100,95.39,100,TGT
2025-10-24,9:35:18.065027621,T,95.34,100,95.39,100,TGT
2025-10-24,9:35:18.065032559,T,95.36,100,95.39,100,TGT
2025-10-24,9:35:18.065067670,T,95.34,100,95.39,100,TGT
2025-10-24,9:35:18.065087803,T,95.34,100,95.38,100,TGT
2025-10-24,9:35:18.066150264,T,95.34,100,95.41,100,TGT
2025-10-24,9:35:18.165060915,T,95.34,100,95.47,100,TGT
2025-10-24,9:35:18.165085998,T,95.34,100,95.48,100,TGT
2025-10-24,9:35:18.264041739,T,95.34,100,95.49,100,TGT
2025-10-24,9:35:18.318080484,T,95.34,100,95.5,700,TGT
2025-10-24,9:35:18.318110552,T,95.34,200,95.5,700,TGT
2025-10-24,9:35:18.318120596,T,95.34,100,95.5,700,TGT
2025-10-24,9:35:18.318130562,T,95.35,100,95.5,700,TGT
2025-10-24,9:35:18.318135579,T,95.34,100,95.5,700,TGT
2025-10-24,9:35:18.455387597,T,95.34,100,95.48,100,TGT
2025-10-24,9:35:20.631376605,T,95.37,100,95.48,100,TGT
2025-10-24,9:35:20.833277627,T,95.37,100,95.49,100,TGT
2025-10-24,9:35:20.833312697,T,95.37,100,95.5,700,TGT
2025-10-24,9:35:22.124418773,T,95.34,100,95.5,700,TGT
2025-10-24,9:35:22.781589400,T,95.34,100,95.48,100,TGT
2025-10-24,9:35:22.791713526,T,95.3,1000,95.48,100,TGT
2025-10-24,9:35:22.815660571,T,95.37,100,95.48,100,TGT
2025-10-24,9:35:22.815695745,T,95.37,200,95.48,100,TGT
2025-10-24,9:35:23.186057962,T,95.37,100,95.48,100,TGT
2025-10-24,9:35:23.531485866,T,95.38,100,95.48,100,TGT
2025-10-24,9:35:23.531531001,T,95.38,200,95.48,100,TGT
2025-10-24,9:35:23.701761571,T,95.38,100,95.48,100,TGT
2025-10-24,9:35:24.568837217,T,95.39,100,95.48,100,TGT
2025-10-24,9:35:24.850137392,T,95.38,100,95.48,100,TGT
2025-10-24,9:35:24.968018268,T,95.38,100,95.49,100,TGT
2025-10-24,9:35:25.939547943,T,95.37,100,95.49,100,TGT
2025-10-24,9:35:27.977613362,T,95.4,100,95.49,100,TGT
2025-10-24,9:35:27.977658497,T,95.4,200,95.49,100,TGT
2025-10-24,9:35:28.787061767,T,95.4,100,95.49,100,TGT
2025-10-24,9:35:29.000339954,T,95.4,100,95.5,600,TGT
2025-10-24,9:35:29.000360028,T,95.41,100,95.5,600,TGT
2025-10-24,9:35:29.000375307,T,95.41,200,95.5,600,TGT
2025-10-24,9:35:29.000380302,T,95.41,300,95.5,600,TGT
2025-10-24,9:35:29.000400103,T,95.42,100,95.5,600,TGT
2025-10-24,9:35:29.000420220,T,95.43,100,95.5,600,TGT
2025-10-24,9:35:29.000540460,T,95.43,200,95.5,600,TGT
2025-10-24,9:35:29.000595913,T,95.45,100,95.5,600,TGT
2025-10-24,9:35:29.000846261,T,95.45,100,95.49,100,TGT
2025-10-24,9:35:29.001262178,T,95.41,100,95.49,100,TGT
2025-10-24,9:35:29.001297304,T,95.41,100,95.5,600,TGT
2025-10-24,9:35:29.001312332,T,95.41,100,95.49,100,TGT
2025-10-24,9:35:29.001332431,T,95.41,100,95.47,100,TGT
2025-10-24,9:35:29.003457383,T,95.41,100,95.46,100,TGT
2025-10-24,9:35:29.003482443,T,95.41,100,95.43,100,TGT
2025-10-24,9:35:29.003733196,T,95.4,100,95.43,100,TGT
2025-10-24,9:35:29.003758101,T,95.4,100,95.46,100,TGT
2025-10-24,9:35:29.003758101,T,95.4,100,95.46,200,TGT
2025-10-24,9:35:29.003758101,T,95.4,100,95.45,100,TGT
2025-10-24,9:35:29.003783226,T,95.4,100,95.43,100,TGT
2025-10-24,9:35:29.004274626,T,95.4,100,95.46,100,TGT
2025-10-24,9:35:29.004299498,T,95.4,100,95.41,100,TGT
2025-10-24,9:35:29.004324454,T,95.4,100,95.46,200,TGT
2025-10-24,9:35:29.004364607,T,95.4,100,95.46,100,TGT
2025-10-24,9:35:29.004384896,T,95.41,100,95.46,100,TGT
2025-10-24,9:35:29.004605182,T,95.4,100,95.46,100,TGT
2025-10-24,9:35:29.004620199,T,95.4,100,95.44,100,TGT
2025-10-24,9:35:29.004620199,T,95.4,100,95.43,100,TGT
2025-10-24,9:35:29.004670522,T,95.37,100,95.43,100,TGT
2025-10-24,9:35:29.004710439,T,95.37,100,95.42,100,TGT
2025-10-24,9:35:29.005517305,T,95.38,100,95.42,100,TGT
2025-10-24,9:35:29.005567581,T,95.38,100,95.44,100,TGT
2025-10-24,9:35:29.005752932,T,95.38,100,95.49,100,TGT
2025-10-24,9:35:29.005813013,T,95.38,100,95.5,600,TGT
2025-10-24,9:35:29.005838102,T,95.38,100,95.49,100,TGT
2025-10-24,9:35:29.009867803,T,95.38,100,95.48,100,TGT
2025-10-24,9:35:29.009872819,T,95.38,100,95.46,100,TGT
2025-10-24,9:35:29.009872819,T,95.38,100,95.45,100,TGT
2025-10-24,9:35:29.009887798,T,95.38,100,95.46,100,TGT
2025-10-24,9:35:29.009892765,T,95.38,100,95.45,100,TGT
2025-10-24,9:35:29.014904686,T,95.37,100,95.45,100,TGT
2025-10-24,9:35:29.014924735,T,95.37,100,95.4,100,TGT
2025-10-24,9:35:29.015481138,T,95.37,100,95.45,100,TGT
2025-10-24,9:35:29.109866026,T,95.37,100,95.49,100,TGT
2025-10-24,9:35:29.213989128,T,95.37,100,95.5,700,TGT
2025-10-24,9:35:29.613355469,T,95.37,100,95.5,600,TGT
2025-10-24,9:35:29.613440677,T,95.37,100,95.49,100,TGT
2025-10-24,9:35:29.928175481,T,95.37,100,95.5,600,TGT
2025-10-24,9:35:30.524852061,T,95.38,100,95.5,600,TGT
2025-10-24,9:35:32.817975079,T,95.38,200,95.5,600,TGT
2025-10-24,9:35:33.084901078,T,95.38,100,95.5,600,TGT
2025-10-24,9:35:35.467001235,T,95.39,600,95.5,600,TGT
2025-10-24,9:35:38.994084114,T,95.39,700,95.5,600,TGT
2025-10-24,9:35:42.827637276,T,95.39,800,95.5,600,TGT
2025-10-24,9:35:49.010196693,T,95.39,700,95.5,600,TGT
2025-10-24,9:35:49.398847615,T,95.39,700,95.49,100,TGT
2025-10-24,9:35:49.398872681,T,95.39,700,95.48,100,TGT
2025-10-24,9:35:49.398897751,T,95.39,700,95.49,100,TGT
2025-10-24,9:35:49.511586226,T,95.39,700,95.5,600,TGT
2025-10-24,9:35:50.894350463,T,95.43,100,95.5,600,TGT
2025-10-24,9:35:50.894360483,T,95.43,200,95.5,600,TGT
2025-10-24,9:35:50.894380483,T,95.43,100,95.5,600,TGT
2025-10-24,9:35:50.894686638,T,95.43,200,95.5,600,TGT
2025-10-24,9:35:50.894781398,T,95.43,200,95.5,500,TGT
2025-10-24,9:35:50.894791482,T,95.47,100,95.5,500,TGT
2025-10-24,9:35:50.895348188,T,95.48,100,95.5,500,TGT
2025-10-24,9:35:50.895397975,T,95.43,100,95.5,500,TGT
2025-10-24,9:35:50.895417962,T,95.43,100,95.49,100,TGT
2025-10-24,9:35:50.895443083,T,95.39,700,95.49,100,TGT
2025-10-24,9:35:50.895733755,T,95.46,100,95.49,100,TGT
2025-10-24,9:35:50.895738725,T,95.46,100,95.49,200,TGT
2025-10-24,9:35:50.895748736,T,95.46,100,95.49,100,TGT
2025-10-24,9:35:50.895864020,T,95.47,100,95.49,100,TGT
2025-10-24,9:35:50.895864020,T,95.46,100,95.49,100,TGT
2025-10-24,9:35:50.896295044,T,95.44,100,95.49,100,TGT
2025-10-24,9:35:50.896475546,T,95.44,100,95.5,500,TGT
2025-10-24,9:35:50.896946585,T,95.44,100,95.49,100,TGT
2025-10-24,9:35:50.898094290,T,95.44,100,95.5,600,TGT
2025-10-24,9:35:50.902760460,T,95.44,100,95.5,500,TGT
2025-10-24,9:35:50.911706778,T,95.39,700,95.5,500,TGT
2025-10-24,9:35:51.413933331,T,95.39,700,95.49,100,TGT
2025-10-24,9:35:51.414464721,T,95.4,100,95.49,100,TGT
2025-10-24,9:35:51.414995828,T,95.4,100,95.5,500,TGT
2025-10-24,9:35:51.424648785,T,95.39,700,95.5,500,TGT
2025-10-24,9:35:52.026247203,T,95.39,100,95.5,500,TGT
2025-10-24,9:35:52.800296262,T,95.3,1100,95.5,500,TGT
2025-10-24,9:35:52.822865010,T,95.44,100,95.5,500,TGT
2025-10-24,9:35:53.089911221,T,95.3,1100,95.5,500,TGT
2025-10-24,9:35:53.089936347,T,95.3,1100,95.46,100,TGT
2025-10-24,9:35:53.089936347,T,95.3,1100,95.45,100,TGT
2025-10-24,9:35:53.090051626,T,95.3,1100,95.46,100,TGT
2025-10-24,9:35:53.090076645,T,95.37,100,95.46,100,TGT
2025-10-24,9:35:53.090076645,T,95.39,100,95.46,100,TGT
2025-10-24,9:35:53.090096757,T,95.37,100,95.46,100,TGT
2025-10-24,9:35:53.090106717,T,95.39,100,95.46,100,TGT
2025-10-24,9:35:53.090151846,T,95.37,100,95.46,100,TGT
2025-10-24,9:35:53.099664448,T,95.37,100,95.49,100,TGT
2025-10-24,9:35:53.100481492,T,95.3,1100,95.49,100,TGT
2025-10-24,9:35:53.215655826,T,95.3,1100,95.48,100,TGT
2025-10-24,9:35:53.406645870,T,95.39,100,95.48,100,TGT
2025-10-24,9:35:55.364881151,T,95.3,1000,95.48,100,TGT
2025-10-24,9:35:59.358049561,T,95.3,1000,95.47,100,TGT
2025-10-24,9:35:59.358054828,T,95.3,1000,95.44,100,TGT
2025-10-24,9:35:59.358104749,T,95.3,1000,95.47,100,TGT
2025-10-24,9:35:59.358139806,T,95.3,1000,95.44,100,TGT
2025-10-24,9:35:59.358440547,T,95.3,1000,95.42,100,TGT
2025-10-24,9:35:59.358480600,T,95.3,1000,95.44,200,TGT
2025-10-24,9:35:59.358555816,T,95.3,1000,95.4,100,TGT
2025-10-24,9:35:59.359112113,T,95.3,1000,95.44,200,TGT
2025-10-24,9:35:59.362996487,T,95.3,1000,95.39,100,TGT
2025-10-24,9:35:59.362996487,T,95.3,1000,95.39,200,TGT
2025-10-24,9:35:59.363011429,T,95.3,1000,95.39,300,TGT
2025-10-24,9:35:59.367081071,T,95.3,1000,95.39,200,TGT
2025-10-24,9:35:59.369752436,T,95.3,1000,95.4,100,TGT
2025-10-24,9:35:59.369993086,T,95.35,100,95.4,100,TGT
2025-10-24,9:35:59.370058179,T,95.35,100,95.47,100,TGT
2025-10-24,9:35:59.370559400,T,95.3,1000,95.47,100,TGT
2025-10-24,9:35:59.383089234,T,95.3,1000,95.43,100,TGT
2025-10-24,9:35:59.444630889,T,95.3,1000,95.47,100,TGT
2025-10-24,9:35:59.445387712,T,95.3,1000,95.43,100,TGT
2025-10-24,9:35:59.445833748,T,95.3,1000,95.47,100,TGT
2025-10-24,9:35:59.446144449,T,95.3,1000,95.43,100,TGT
2025-10-24,9:35:59.446841069,T,95.3,1000,95.47,100,TGT
2025-10-24,9:35:59.459596491,T,95.3,1000,95.43,100,TGT
2025-10-24,9:35:59.480185539,T,95.3,1000,95.47,100,TGT
2025-10-24,9:36:02.318678017,T,95.3,1000,95.4,100,TGT
2025-10-24,9:36:02.325734817,T,95.3,1000,95.42,100,TGT
2025-10-24,9:36:02.334891632,T,95.3,1000,95.47,100,TGT
2025-10-24,9:36:02.335688564,T,95.3,1000,95.43,100,TGT
2025-10-24,9:36:02.572793359,T,95.3,1000,95.47,100,TGT
2025-10-24,9:36:03.555950693,T,95.3,1000,95.42,100,TGT
2025-10-24,9:36:07.092741742,T,95.3,1000,95.42,200,TGT
2025-10-24,9:36:07.092766850,T,95.3,1000,95.42,100,TGT
2025-10-24,9:36:07.640411570,T,95.36,100,95.42,100,TGT
2025-10-24,9:36:07.936256466,T,95.3,1000,95.42,100,TGT
2025-10-24,9:36:07.936256466,T,95.3,1000,95.4,100,TGT
2025-10-24,9:36:07.936276424,T,95.3,1000,95.38,100,TGT
2025-10-24,9:36:07.936276424,T,95.3,1000,95.38,200,TGT
2025-10-24,9:36:07.936321563,T,95.3,1000,95.38,300,TGT
2025-10-24,9:36:07.936341615,T,95.3,1000,95.38,200,TGT
2025-10-24,9:36:07.936366643,T,95.3,1000,95.38,100,TGT
