DATE,TIME_M,EX,BID,BIDSIZ,ASK,ASKSIZ,SYM_ROOT
2025-12-05,9:30:01.037985429,T,91.29,100,91.77,200,TGT
2025-12-05,9:30:01.054569915,T,90.85,500,91.77,200,TGT
2025-12-05,9:30:01.185642223,T,90.85,500,91.69,100,TGT
2025-12-05,9:30:01.205649874,T,90.85,500,91.77,200,TGT
2025-12-05,9:30:01.228138559,T,91.2,100,91.77,200,TGT
2025-12-05,9:30:01.244918456,T,91.2,100,91.77,300,TGT
2025-12-05,9:30:01.257137495,T,91.2,100,91.64,100,TGT
2025-12-05,9:30:01.257162633,T,91.2,100,91.77,300,TGT
2025-12-05,9:30:01.257167583,T,91.2,100,91.57,100,TGT
2025-12-05,9:30:06.086046520,T,91.25,100,91.57,100,TGT
2025-12-05,9:30:31.274478414,T,91.25,100,91.54,100,TGT
2025-12-05,9:30:31.274483253,T,91.25,100,91.74,100,TGT
2025-12-05,9:30:31.274503344,T,91.25,100,91.68,100,TGT
2025-12-05,9:30:31.274513748,T,91.25,100,91.54,100,TGT
2025-12-05,9:30:31.274548475,T,91.25,100,91.51,100,TGT
2025-12-05,9:30:31.274548475,T,91.25,100,91.54,100,TGT
2025-12-05,9:30:31.274673782,T,91.25,100,91.57,100,TGT
2025-12-05,9:30:31.275210414,T,91.25,100,91.54,100,TGT
2025-12-05,9:30:31.275214963,T,91.25,100,91.51,100,TGT
2025-12-05,9:30:31.275225725,T,91.25,100,91.54,100,TGT
2025-12-05,9:30:31.275240445,T,91.22,100,91.54,100,TGT
2025-12-05,9:30:31.275255162,T,91.2,200,91.54,100,TGT
2025-12-05,9:30:31.275285215,T,91.2,200,91.51,100,TGT
2025-12-05,9:30:31.275290335,T,91.2,200,91.39,100,TGT
2025-12-05,9:30:31.275300166,T,91.2,200,91.5,100,TGT
2025-12-05,9:30:31.275310208,T,91.2,200,91.51,100,TGT
2025-12-05,9:30:31.275310208,T,91.2,200,91.45,100,TGT
2025-12-05,9:30:31.275325672,T,91.2,200,91.44,100,TGT
2025-12-05,9:30:31.275325672,T,91.2,200,91.36,100,TGT
2025-12-05,9:30:31.275325672,T,91.2,200,91.45,100,TGT
2025-12-05,9:30:31.275335275,T,91.2,200,91.36,100,TGT
2025-12-05,9:30:31.275355374,T,91.2,200,91.34,100,TGT
2025-12-05,9:30:31.275440549,T,91.2,200,91.36,100,TGT
2025-12-05,9:30:31.276122181,T,91.2,100,91.36,100,TGT
2025-12-05,9:30:31.276172334,T,91.2,100,91.39,100,TGT
2025-12-05,9:30:31.276227763,T,91.2,100,91.39,200,TGT
2025-12-05,9:30:31.276227763,T,91.2,100,91.39,100,TGT
2025-12-05,9:30:31.276232445,T,91.2,100,91.39,200,TGT
2025-12-05,9:30:31.276237398,T,91.2,100,91.34,100,TGT
2025-12-05,9:30:31.276262559,T,91.2,100,91.32,100,TGT
2025-12-05,9:30:31.276287544,T,91.2,100,91.3,100,TGT
2025-12-05,9:30:31.276317977,T,91.1,100,91.3,100,TGT
2025-12-05,9:30:31.276317977,T,90.87,100,91.3,100,TGT
2025-12-05,9:30:31.276343214,T,90.87,100,91.34,100,TGT
2025-12-05,9:30:31.276343214,T,90.85,500,91.34,100,TGT
2025-12-05,9:30:31.276367734,T,90.85,500,91.39,200,TGT
2025-12-05,9:30:31.276372761,T,90.85,500,91.34,100,TGT
2025-12-05,9:30:31.276392835,T,90.85,500,91.39,100,TGT
2025-12-05,9:30:31.276508119,T,90.85,500,91.34,100,TGT
2025-12-05,9:30:31.276904071,T,90.87,100,91.34,100,TGT
2025-12-05,9:30:31.276904071,T,90.87,100,91.39,200,TGT
2025-12-05,9:30:31.276914054,T,90.85,500,91.39,200,TGT
2025-12-05,9:30:31.276929190,T,90.85,500,91.39,100,TGT
2025-12-05,9:30:31.277014370,T,90.87,100,91.39,100,TGT
2025-12-05,9:30:31.277064370,T,91.0,100,91.39,100,TGT
2025-12-05,9:30:31.277836199,T,91.1,100,91.39,100,TGT
2025-12-05,9:30:31.285148711,T,91.0,100,91.39,100,TGT
2025-12-05,9:30:31.285780179,T,91.0,100,91.5,100,TGT
2025-12-05,9:30:31.285805262,T,91.0,100,91.51,100,TGT
2025-12-05,9:30:31.287028203,T,90.87,100,91.51,100,TGT
2025-12-05,9:30:31.297653498,T,90.85,500,91.51,100,TGT
2025-12-05,9:30:32.359357623,T,90.85,500,91.54,100,TGT
2025-12-05,9:30:32.359377750,T,90.85,500,91.57,100,TGT
2025-12-05,9:30:32.359417782,T,90.85,500,91.51,100,TGT
2025-12-05,9:30:33.526402871,T,90.85,500,91.54,100,TGT
2025-12-05,9:30:34.527703548,T,90.85,500,91.57,100,TGT
2025-12-05,9:30:34.527703548,T,90.85,500,91.54,100,TGT
2025-12-05,9:30:35.441781408,T,90.85,500,91.5,100,TGT
2025-12-05,9:30:35.525851301,T,91.15,100,91.5,100,TGT
2025-12-05,9:31:00.281842763,T,91.15,100,91.54,100,TGT
2025-12-05,9:31:00.281892833,T,91.15,100,91.57,100,TGT
2025-12-05,9:31:00.281927976,T,91.15,100,91.5,100,TGT
2025-12-05,9:31:01.282727043,T,91.15,100,91.54,100,TGT
2025-12-05,9:31:01.282727043,T,91.15,100,91.5,100,TGT
2025-12-05,9:31:02.735573592,T,91.15,100,91.51,200,TGT
2025-12-05,9:31:02.735573592,T,91.15,100,91.5,100,TGT
2025-12-05,9:31:02.735603403,T,91.15,100,91.44,100,TGT
2025-12-05,9:31:02.736024390,T,91.15,100,91.44,200,TGT
2025-12-05,9:31:02.835561566,T,91.15,100,91.44,100,TGT
2025-12-05,9:31:04.520199878,T,91.15,100,91.51,300,TGT
2025-12-05,9:31:04.520199878,T,91.15,100,91.44,100,TGT
2025-12-05,9:31:04.520219917,T,91.15,100,91.46,100,TGT
2025-12-05,9:31:04.520249930,T,91.15,100,91.44,100,TGT
2025-12-05,9:31:04.521873821,T,91.15,100,91.51,300,TGT
2025-12-05,9:31:04.521893890,T,91.15,100,91.51,200,TGT
2025-12-05,9:31:04.521928943,T,91.15,100,91.5,100,TGT
2025-12-05,9:31:04.521953992,T,91.15,100,91.44,100,TGT
2025-12-05,9:31:04.521969067,T,91.15,200,91.44,100,TGT
2025-12-05,9:31:04.522380018,T,91.15,100,91.44,100,TGT
2025-12-05,9:31:11.099213050,T,91.15,100,91.45,200,TGT
2025-12-05,9:31:14.132444106,T,91.15,100,91.44,100,TGT
2025-12-05,9:31:14.132449301,T,91.15,100,91.42,100,TGT
2025-12-05,9:31:14.132449301,T,91.15,100,91.45,200,TGT
2025-12-05,9:31:14.132449301,T,91.15,100,91.42,100,TGT
2025-12-05,9:31:14.132474204,T,91.15,100,91.26,100,TGT
2025-12-05,9:31:14.132579538,T,91.1,200,91.26,100,TGT
2025-12-05,9:31:14.132594400,T,91.1,200,91.31,100,TGT
2025-12-05,9:31:14.132604655,T,91.1,200,91.33,100,TGT
2025-12-05,9:31:14.132614499,T,91.1,200,91.31,100,TGT
2025-12-05,9:31:14.132649552,T,91.1,200,91.45,200,TGT
2025-12-05,9:31:14.132679574,T,91.1,200,91.44,100,TGT
2025-12-05,9:31:14.132714702,T,91.1,200,91.31,100,TGT
2025-12-05,9:31:14.132719713,T,91.1,200,91.44,100,TGT
2025-12-05,9:31:14.132744841,T,91.1,200,91.45,200,TGT
2025-12-05,9:31:14.132754889,T,91.1,200,91.44,100,TGT
2025-12-05,9:31:14.132769828,T,91.1,200,91.31,100,TGT
2025-12-05,9:31:14.132915232,T,91.1,200,91.26,100,TGT
2025-12-05,9:31:14.133536706,T,90.85,500,91.26,100,TGT
2025-12-05,9:31:14.133556734,T,90.85,500,91.15,100,TGT
2025-12-05,9:31:14.133581736,T,90.85,500,91.15,200,TGT
2025-12-05,9:31:14.133646933,T,90.85,500,91.15,100,TGT
2025-12-05,9:31:14.133852380,T,91.0,100,91.15,100,TGT
2025-12-05,9:31:14.133882514,T,91.0,100,91.26,100,TGT
2025-12-05,9:31:14.133972686,T,91.0,100,91.15,100,TGT
2025-12-05,9:31:14.134318527,T,91.01,100,91.15,100,TGT
2025-12-05,9:31:14.146091594,T,91.01,300,91.15,100,TGT
2025-12-05,9:31:14.183405420,T,91.01,300,91.31,100,TGT
2025-12-05,9:31:14.183425466,T,91.01,300,91.33,100,TGT
2025-12-05,9:31:14.183430531,T,91.01,300,91.4,100,TGT
2025-12-05,9:31:14.183465671,T,91.01,300,91.32,100,TGT
2025-12-05,9:31:14.184137263,T,91.01,300,91.32,200,TGT
2025-12-05,9:31:14.209622885,T,91.01,300,91.32,100,TGT
2025-12-05,9:31:14.232948457,T,91.02,100,91.32,100,TGT
2025-12-05,9:31:14.232963520,T,91.04,100,91.32,100,TGT
2025-12-05,9:31:14.332335235,T,91.04,100,91.33,100,TGT
2025-12-05,9:31:14.332360301,T,91.04,100,91.4,100,TGT
2025-12-05,9:31:18.336594792,T,91.04,200,91.4,100,TGT
2025-12-05,9:31:19.145982961,T,91.04,200,91.31,100,TGT
2025-12-05,9:31:19.146399195,T,91.04,200,91.31,200,TGT
2025-12-05,9:31:20.439133665,T,91.04,200,91.31,100,TGT
2025-12-05,9:31:35.813936118,T,91.05,100,91.31,100,TGT
2025-12-05,9:31:35.814332063,T,91.05,200,91.31,100,TGT
2025-12-05,9:31:35.814337158,T,91.06,100,91.31,100,TGT
2025-12-05,9:31:35.814347141,T,91.05,200,91.31,100,TGT
2025-12-05,9:31:35.814352150,T,91.16,100,91.31,100,TGT
2025-12-05,9:31:35.814387536,T,91.04,100,91.31,100,TGT
2025-12-05,9:31:35.814422286,T,91.04,100,91.22,100,TGT
2025-12-05,9:31:35.814442629,T,91.04,100,91.16,100,TGT
2025-12-05,9:31:35.815354541,T,91.04,100,91.22,100,TGT
2025-12-05,9:31:35.815374795,T,91.11,100,91.22,100,TGT
2025-12-05,9:31:35.815449756,T,91.05,200,91.22,100,TGT
2025-12-05,9:31:35.815469960,T,91.05,200,91.16,100,TGT
2025-12-05,9:31:35.815725390,T,91.05,200,91.16,200,TGT
2025-12-05,9:31:35.915006992,T,91.05,200,91.16,100,TGT
2025-12-05,9:31:35.915027066,T,91.05,200,91.31,100,TGT
2025-12-05,9:31:35.915027066,T,91.05,200,91.16,100,TGT
2025-12-05,9:31:35.915042015,T,91.05,200,91.31,100,TGT
2025-12-05,9:31:35.915062069,T,91.05,200,91.17,100,TGT
2025-12-05,9:31:35.915082138,T,91.05,200,91.31,100,TGT
2025-12-05,9:31:35.915107207,T,91.05,200,91.17,100,TGT
2025-12-05,9:31:35.916044463,T,91.05,200,91.16,100,TGT
2025-12-05,9:31:35.951889828,T,91.04,100,91.16,100,TGT
2025-12-05,9:31:38.512901050,T,91.04,100,91.16,200,TGT
2025-12-05,9:31:38.997380216,T,91.04,100,91.16,100,TGT
2025-12-05,9:31:39.932192140,T,90.88,200,91.16,100,TGT
2025-12-05,9:31:41.352415622,T,90.88,300,91.16,100,TGT
2025-12-05,9:31:41.527898684,T,90.88,300,91.31,200,TGT
2025-12-05,9:31:41.527913716,T,91.0,100,91.31,200,TGT
2025-12-05,9:31:41.527933850,T,91.01,100,91.31,200,TGT
2025-12-05,9:31:41.527943784,T,91.0,100,91.31,200,TGT
2025-12-05,9:31:41.527963915,T,91.01,100,91.31,200,TGT
2025-12-05,9:31:41.527963915,T,91.0,100,91.31,200,TGT
2025-12-05,9:31:41.527993929,T,91.01,100,91.31,200,TGT
2025-12-05,9:31:41.528495176,T,91.02,100,91.31,200,TGT
2025-12-05,9:31:41.528495176,T,91.01,100,91.31,200,TGT
2025-12-05,9:31:41.528815971,T,91.02,100,91.31,200,TGT
2025-12-05,9:31:41.528861023,T,91.01,100,91.31,200,TGT
2025-12-05,9:31:41.528891357,T,91.01,100,91.2,100,TGT
2025-12-05,9:31:41.528916180,T,91.01,100,91.24,100,TGT
2025-12-05,9:31:41.528971341,T,91.01,100,91.2,100,TGT
2025-12-05,9:31:41.529021349,T,91.01,100,91.24,100,TGT
2025-12-05,9:31:41.529081655,T,91.01,100,91.31,300,TGT
2025-12-05,9:31:41.529116590,T,91.01,100,91.24,100,TGT
2025-12-05,9:31:41.529136707,T,91.01,100,91.2,100,TGT
2025-12-05,9:31:41.529177067,T,91.0,100,91.2,100,TGT
2025-12-05,9:31:41.529226865,T,91.0,100,91.19,100,TGT
2025-12-05,9:31:41.529246959,T,91.0,100,91.2,100,TGT
2025-12-05,9:31:41.529246959,T,91.0,100,91.19,100,TGT
2025-12-05,9:31:41.529256956,T,91.0,100,91.2,100,TGT
2025-12-05,9:31:41.529262020,T,91.01,100,91.2,100,TGT
2025-12-05,9:31:41.529271954,T,91.01,100,91.24,100,TGT
2025-12-05,9:31:41.529297384,T,91.01,100,91.31,300,TGT
2025-12-05,9:31:41.529302265,T,91.02,100,91.31,300,TGT
2025-12-05,9:31:41.529337147,T,91.04,100,91.31,300,TGT
2025-12-05,9:31:41.529347162,T,91.04,100,91.24,100,TGT
2025-12-05,9:31:41.529442382,T,91.04,100,91.23,100,TGT
2025-12-05,9:31:41.529442382,T,91.04,100,91.24,100,TGT
2025-12-05,9:31:41.529457492,T,91.03,100,91.24,100,TGT
2025-12-05,9:31:41.529482519,T,91.03,100,91.23,100,TGT
2025-12-05,9:31:41.529492512,T,91.03,100,91.24,100,TGT
2025-12-05,9:31:41.529512561,T,91.03,100,91.31,300,TGT
2025-12-05,9:31:41.529537680,T,91.03,100,91.24,100,TGT
2025-12-05,9:31:41.529918591,T,91.02,100,91.24,100,TGT
2025-12-05,9:31:41.529918591,T,91.02,100,91.31,300,TGT
2025-12-05,9:31:41.529943984,T,91.02,100,91.22,100,TGT
2025-12-05,9:31:41.529948567,T,91.02,100,91.24,100,TGT
2025-12-05,9:31:41.529948567,T,91.03,100,91.24,100,TGT
2025-12-05,9:31:41.529968605,T,91.03,100,91.22,100,TGT
2025-12-05,9:31:41.530063926,T,91.02,100,91.22,100,TGT
2025-12-05,9:31:41.530099027,T,91.03,100,91.22,100,TGT
2025-12-05,9:31:41.530124002,T,91.03,100,91.24,100,TGT
2025-12-05,9:31:41.530144211,T,91.03,100,91.22,100,TGT
2025-12-05,9:31:41.530269413,T,91.02,100,91.22,100,TGT
2025-12-05,9:31:41.537957695,T,91.01,100,91.22,100,TGT
2025-12-05,9:31:41.547916380,T,91.01,100,91.24,100,TGT
2025-12-05,9:31:41.728035563,T,91.0,100,91.24,100,TGT
2025-12-05,9:31:41.729579175,T,90.94,300,91.24,100,TGT
2025-12-05,9:31:41.730205701,T,91.0,100,91.24,100,TGT
2025-12-05,9:31:44.254975401,T,91.0,100,91.31,200,TGT
2025-12-05,9:31:44.255326246,T,91.0,100,91.31,300,TGT
2025-12-05,9:31:44.256073203,T,90.94,300,91.31,300,TGT
2025-12-05,9:31:44.256093069,T,90.94,300,91.23,100,TGT
2025-12-05,9:31:44.256113365,T,90.94,300,91.21,100,TGT
2025-12-05,9:31:44.256128381,T,90.94,300,91.2,100,TGT
2025-12-05,9:31:44.256148423,T,90.94,300,91.23,200,TGT
2025-12-05,9:31:44.256153622,T,90.94,300,91.2,100,TGT
2025-12-05,9:31:44.256183343,T,90.94,300,91.19,100,TGT
2025-12-05,9:31:44.256208374,T,90.94,300,91.2,100,TGT
2025-12-05,9:31:44.256293626,T,90.94,300,91.23,100,TGT
2025-12-05,9:31:44.256323691,T,90.94,300,91.23,200,TGT
2025-12-05,9:31:44.256398833,T,91.0,100,91.23,200,TGT
2025-12-05,9:31:44.256443960,T,91.0,100,91.23,100,TGT
2025-12-05,9:31:44.257130586,T,91.0,100,91.24,100,TGT
2025-12-05,9:31:44.260127671,T,91.1,100,91.24,100,TGT
2025-12-05,9:31:44.260899573,T,91.1,100,91.31,300,TGT
2025-12-05,9:31:46.443128264,T,91.1,100,91.31,200,TGT
2025-12-05,9:31:46.443198441,T,91.1,100,91.31,300,TGT
2025-12-05,9:31:47.744468410,T,91.1,100,91.24,100,TGT
2025-12-05,9:31:47.744488484,T,91.1,100,91.31,300,TGT
2025-12-05,9:31:47.744498489,T,91.1,100,91.31,200,TGT
2025-12-05,9:31:47.744553650,T,91.1,100,91.31,300,TGT
2025-12-05,9:31:47.744658914,T,91.1,100,91.24,100,TGT
2025-12-05,9:31:47.745195127,T,91.1,100,91.31,300,TGT
2025-12-05,9:31:47.745230255,T,91.1,100,91.24,100,TGT
2025-12-05,9:31:47.745240396,T,91.1,100,91.31,200,TGT
2025-12-05,9:31:47.745240396,T,91.1,100,91.24,100,TGT
2025-12-05,9:31:47.745265352,T,91.1,100,91.31,300,TGT
2025-12-05,9:31:47.932431268,T,91.1,100,91.31,200,TGT
2025-12-05,9:31:47.932451368,T,91.13,100,91.31,200,TGT
2025-12-05,9:31:47.932461240,T,91.12,100,91.31,200,TGT
2025-12-05,9:31:47.932461240,T,91.12,100,91.31,300,TGT
2025-12-05,9:31:47.932476357,T,91.1,200,91.31,300,TGT
2025-12-05,9:31:47.932486317,T,91.1,200,91.24,100,TGT
2025-12-05,9:31:47.932491342,T,91.13,100,91.24,100,TGT
2025-12-05,9:31:47.932681828,T,91.1,100,91.24,100,TGT
2025-12-05,9:31:47.932702672,T,91.1,100,91.31,300,TGT
2025-12-05,9:31:47.932706850,T,91.1,100,91.22,100,TGT
2025-12-05,9:31:47.932721933,T,91.1,100,91.24,100,TGT
2025-12-05,9:31:47.932726905,T,91.1,100,91.16,100,TGT
2025-12-05,9:31:47.932752011,T,91.1,100,91.24,100,TGT
2025-12-05,9:31:47.932771979,T,91.1,100,91.31,200,TGT
2025-12-05,9:31:47.932907363,T,91.1,100,91.24,100,TGT
2025-12-05,9:31:47.932952432,T,91.1,100,91.22,100,TGT
2025-12-05,9:31:47.932952432,T,91.1,100,91.24,100,TGT
2025-12-05,9:31:47.932982528,T,91.1,100,91.22,100,TGT
2025-12-05,9:31:47.933082795,T,91.1,100,91.24,100,TGT
2025-12-05,9:31:47.933107837,T,91.1,100,91.31,300,TGT
2025-12-05,9:31:47.933258198,T,91.1,100,91.24,100,TGT
2025-12-05,9:31:47.933513758,T,91.1,100,91.31,300,TGT
2025-12-05,9:31:47.933538995,T,91.1,100,91.31,200,TGT
2025-12-05,9:31:47.933554107,T,91.1,100,91.31,300,TGT
2025-12-05,9:31:47.933554107,T,91.1,100,91.24,100,TGT
2025-12-05,9:31:47.933604022,T,91.1,200,91.24,100,TGT
2025-12-05,9:31:48.038393680,T,91.1,100,91.24,100,TGT
2025-12-05,9:31:48.254764042,T,91.0,100,91.24,100,TGT
2025-12-05,9:31:48.254769088,T,90.94,300,91.24,100,TGT
2025-12-05,9:31:48.254794160,T,90.94,300,91.16,100,TGT
2025-12-05,9:31:48.254814592,T,90.94,300,91.13,100,TGT
2025-12-05,9:31:48.255004628,T,90.94,300,91.24,100,TGT
2025-12-05,9:31:48.255024708,T,90.94,300,91.19,100,TGT
2025-12-05,9:31:48.255029773,T,90.94,300,91.16,100,TGT
2025-12-05,9:31:48.255039736,T,91.0,100,91.16,100,TGT
2025-12-05,9:31:48.255109890,T,91.0,100,91.19,100,TGT
2025-12-05,9:31:48.255155081,T,90.94,300,91.19,100,TGT
2025-12-05,9:31:48.255180148,T,90.94,300,91.24,100,TGT
2025-12-05,9:31:48.255215213,T,90.94,300,91.19,100,TGT
2025-12-05,9:31:48.255240195,T,90.94,300,91.24,100,TGT
2025-12-05,9:31:48.255260320,T,90.94,300,91.19,100,TGT
2025-12-05,9:31:48.256332892,T,90.94,300,91.16,100,TGT
2025-12-05,9:31:48.501391617,T,90.94,300,91.24,100,TGT
2025-12-05,9:31:50.008141254,T,90.94,300,91.31,200,TGT
2025-12-05,9:31:50.815379462,T,91.0,100,91.31,200,TGT
2025-12-05,9:31:50.815389404,T,91.0,100,91.31,300,TGT
2025-12-05,9:31:51.016789268,T,90.94,300,91.31,300,TGT
2025-12-05,9:31:52.873492471,T,91.05,100,91.31,300,TGT
2025-12-05,9:32:00.249579379,T,91.05,100,91.31,200,TGT
2025-12-05,9:32:00.250015375,T,91.05,100,91.31,300,TGT
2025-12-05,9:32:01.730723013,T,91.05,100,91.31,200,TGT
2025-12-05,9:32:01.730723013,T,91.05,100,91.31,300,TGT
2025-12-05,9:32:02.733572197,T,91.05,100,91.24,100,TGT
2025-12-05,9:32:02.911390831,T,91.05,100,91.31,200,TGT
2025-12-05,9:32:02.911395914,T,91.05,100,91.24,100,TGT
2025-12-05,9:32:07.123901338,T,91.05,100,91.31,300,TGT
2025-12-05,9:32:16.103583671,T,91.05,100,91.24,100,TGT
2025-12-05,9:32:17.016739093,T,91.05,100,91.31,300,TGT
2025-12-05,9:32:18.745101575,T,91.05,100,91.24,100,TGT
2025-12-05,9:32:22.598987885,T,91.05,100,91.31,300,TGT
2025-12-05,9:32:25.007230028,T,91.05,100,91.26,100,TGT
2025-12-05,9:32:25.007275072,T,91.05,100,91.26,200,TGT
2025-12-05,9:32:25.400050805,T,91.05,100,91.24,100,TGT
2025-12-05,9:32:26.220420262,T,91.05,100,91.26,200,TGT
2025-12-05,9:32:27.115402465,T,90.94,300,91.26,200,TGT
2025-12-05,9:32:28.274168069,T,90.94,300,91.24,100,TGT
2025-12-05,9:32:28.274198075,T,90.94,300,91.17,100,TGT
2025-12-05,9:32:28.274408707,T,90.94,300,91.17,200,TGT
2025-12-05,9:32:28.274593933,T,90.94,300,91.15,100,TGT
2025-12-05,9:32:28.274619012,T,90.94,300,91.14,100,TGT
2025-12-05,9:32:28.274629220,T,90.94,300,91.15,100,TGT
2025-12-05,9:32:28.274654109,T,90.94,300,91.14,100,TGT
2025-12-05,9:32:28.274774431,T,90.94,300,91.17,200,TGT
2025-12-05,9:32:28.274829482,T,90.94,300,91.17,100,TGT
2025-12-05,9:32:28.276964825,T,90.94,200,91.17,100,TGT
2025-12-05,9:32:28.277340508,T,90.94,200,91.15,100,TGT
2025-12-05,9:32:28.277345680,T,90.94,200,91.13,100,TGT
2025-12-05,9:32:28.277345680,T,90.94,200,91.12,100,TGT
2025-12-05,9:32:28.277355527,T,90.94,200,91.09,100,TGT
2025-12-05,9:32:28.277395853,T,90.94,200,91.07,100,TGT
2025-12-05,9:32:28.277420996,T,90.94,200,91.01,100,TGT
2025-12-05,9:32:28.277641245,T,90.94,200,91.07,100,TGT
2025-12-05,9:32:28.277836659,T,90.85,500,91.07,100,TGT
2025-12-05,9:32:28.277846739,T,90.88,200,91.07,100,TGT
2025-12-05,9:32:28.278167529,T,90.88,200,91.04,100,TGT
2025-12-05,9:32:28.278187566,T,90.88,200,91.07,100,TGT
2025-12-05,9:32:28.278197518,T,90.88,200,91.08,100,TGT
2025-12-05,9:32:28.278197518,T,90.88,200,91.07,100,TGT
2025-12-05,9:32:28.278202625,T,90.88,200,91.04,100,TGT
2025-12-05,9:32:28.278222578,T,90.88,200,90.99,100,TGT
2025-12-05,9:32:28.278398026,T,90.88,200,91.0,100,TGT
2025-12-05,9:32:28.278438082,T,90.89,200,91.0,100,TGT
2025-12-05,9:32:28.284267005,T,90.89,200,91.07,100,TGT
2025-12-05,9:32:28.284342241,T,90.89,200,91.08,100,TGT
2025-12-05,9:32:28.284372260,T,90.89,200,91.0,100,TGT
2025-12-05,9:32:28.508837047,T,90.89,200,91.2,100,TGT
2025-12-05,9:32:29.245973082,T,90.85,500,91.2,100,TGT
2025-12-05,9:32:29.277778855,T,90.85,600,91.2,100,TGT
2025-12-05,9:32:29.277803852,T,90.85,600,91.24,100,TGT
2025-12-05,9:32:29.277828960,T,90.85,600,91.2,100,TGT
2025-12-05,9:32:29.277854057,T,90.85,600,91.08,100,TGT
2025-12-05,9:32:29.280665741,T,90.85,600,91.2,100,TGT
2025-12-05,9:32:29.282023947,T,90.85,600,91.2,200,TGT
2025-12-05,9:32:29.282094082,T,90.89,200,91.2,200,TGT
2025-12-05,9:32:29.292112944,T,90.85,600,91.2,200,TGT
2025-12-05,9:32:29.292533986,T,90.85,600,91.2,100,TGT
2025-12-05,9:32:29.419967563,T,90.89,100,91.2,100,TGT
2025-12-05,9:32:29.419992650,T,90.87,100,91.2,100,TGT
2025-12-05,9:32:29.435068511,T,90.85,500,91.2,100,TGT
2025-12-05,9:32:29.472723174,T,90.87,100,91.2,100,TGT
2025-12-05,9:32:29.712504425,T,90.85,500,91.2,100,TGT
2025-12-05,9:32:30.090444859,T,90.85,500,91.17,100,TGT
2025-12-05,9:32:30.393376567,T,90.85,500,91.11,100,TGT
2025-12-05,9:32:30.393561992,T,90.85,500,91.17,100,TGT
2025-12-05,9:32:30.504596521,T,90.85,500,91.21,100,TGT
2025-12-05,9:32:30.504601578,T,90.85,600,91.21,100,TGT
2025-12-05,9:32:30.504606528,T,90.85,600,91.17,100,TGT
2025-12-05,9:32:30.504611532,T,90.87,100,91.17,100,TGT
2025-12-05,9:32:30.504621574,T,90.87,100,91.17,200,TGT
2025-12-05,9:32:30.520263832,T,90.85,600,91.17,200,TGT
2025-12-05,9:32:30.520489293,T,90.85,600,91.17,100,TGT
2025-12-05,9:32:30.520514372,T,90.85,600,91.08,100,TGT
2025-12-05,9:32:30.520539430,T,90.85,600,91.17,100,TGT
2025-12-05,9:32:30.871680978,T,90.9,200,91.17,100,TGT
2025-12-05,9:32:31.396972656,T,90.9,200,91.11,100,TGT
2025-12-05,9:32:32.042590433,T,90.9,300,91.11,100,TGT
2025-12-05,9:32:32.648503948,T,90.9,300,91.16,100,TGT
2025-12-05,9:32:35.501926639,T,90.9,300,91.13,100,TGT
2025-12-05,9:32:36.471847270,T,90.9,300,91.13,200,TGT
2025-12-05,9:32:37.444629646,T,90.9,300,91.11,100,TGT
2025-12-05,9:32:38.226647661,T,90.9,100,91.11,100,TGT
2025-12-05,9:32:39.703536128,T,90.9,100,91.13,200,TGT
2025-12-05,9:32:39.703676637,T,90.9,100,91.11,100,TGT
2025-12-05,9:32:40.251586963,T,90.9,100,91.08,100,TGT
2025-12-05,9:32:40.251611877,T,90.9,100,91.11,100,TGT
2025-12-05,9:32:53.151894712,T,90.9,100,91.08,100,TGT
2025-12-05,9:32:53.151919509,T,90.9,100,91.13,200,TGT
2025-12-05,9:32:53.227439416,T,90.9,100,91.08,100,TGT
2025-12-05,9:32:53.227860424,T,90.9,100,91.08,200,TGT
2025-12-05,9:32:53.746972116,T,90.9,100,91.08,100,TGT
2025-12-05,9:32:54.101040593,T,90.9,100,91.03,100,TGT
2025-12-05,9:32:54.130235161,T,90.9,100,90.98,100,TGT
2025-12-05,9:32:54.171673791,T,90.9,100,90.98,200,TGT
2025-12-05,9:32:55.264978368,T,90.9,100,90.98,100,TGT
2025-12-05,9:32:55.265815463,T,90.9,100,90.98,200,TGT
2025-12-05,9:32:56.011933056,T,90.9,100,90.98,100,TGT
2025-12-05,9:32:56.029229279,T,90.9,100,91.03,200,TGT
2025-12-05,9:33:01.218235969,T,90.9,100,91.03,100,TGT
2025-12-05,9:33:05.661225404,T,90.9,100,90.97,100,TGT
2025-12-05,9:33:21.735985652,T,90.85,500,90.97,100,TGT
2025-12-05,9:33:21.736005680,T,90.85,500,90.96,100,TGT
2025-12-05,9:33:21.736020737,T,90.85,500,90.97,100,TGT
2025-12-05,9:33:21.736020737,T,90.85,500,90.97,200,TGT
2025-12-05,9:33:21.736035813,T,90.85,500,90.97,100,TGT
2025-12-05,9:33:21.736045813,T,90.85,500,90.96,100,TGT
2025-12-05,9:33:21.736075939,T,90.85,500,90.95,100,TGT
2025-12-05,9:33:21.736095879,T,90.85,500,90.93,100,TGT
2025-12-05,9:33:21.736426692,T,90.85,500,90.92,100,TGT
2025-12-05,9:33:21.736476793,T,90.85,500,90.93,200,TGT
2025-12-05,9:33:21.736486847,T,90.85,500,90.93,100,TGT
2025-12-05,9:33:21.736566989,T,90.85,500,90.93,200,TGT
2025-12-05,9:33:21.736727418,T,90.85,500,90.89,100,TGT
2025-12-05,9:33:21.737845034,T,90.85,500,90.9,100,TGT
2025-12-05,9:33:21.937325306,T,90.85,500,90.91,100,TGT
2025-12-05,9:33:22.243444632,T,90.85,500,90.96,100,TGT
2025-12-05,9:33:24.884862345,T,90.85,500,90.94,100,TGT
2025-12-05,9:33:25.144445747,T,90.85,500,90.96,100,TGT
2025-12-05,9:33:25.144465899,T,90.86,100,90.96,100,TGT
2025-12-05,9:33:25.144505831,T,90.86,100,90.94,100,TGT
2025-12-05,9:33:25.144530951,T,90.86,200,90.94,100,TGT
2025-12-05,9:33:25.144871734,T,90.86,200,90.96,100,TGT
2025-12-05,9:33:25.145583408,T,90.86,200,90.94,100,TGT
2025-12-05,9:33:25.384738173,T,90.86,200,90.96,100,TGT
2025-12-05,9:33:25.384753254,T,90.88,100,90.96,100,TGT
2025-12-05,9:33:25.384763223,T,90.88,100,90.94,100,TGT
2025-12-05,9:33:25.384818332,T,90.88,200,90.94,100,TGT
2025-12-05,9:33:27.482154855,T,90.88,300,90.94,100,TGT
2025-12-05,9:33:27.863418121,T,90.88,300,90.96,100,TGT
2025-12-05,9:33:27.863443270,T,90.89,100,90.96,100,TGT
2025-12-05,9:33:27.863478272,T,90.89,100,90.94,100,TGT
2025-12-05,9:33:27.863568540,T,90.89,100,90.96,100,TGT
2025-12-05,9:33:28.614101634,T,90.89,100,90.94,100,TGT
2025-12-05,9:33:28.624651756,T,90.88,200,90.94,100,TGT
2025-12-05,9:33:28.624671886,T,90.88,200,90.91,100,TGT
2025-12-05,9:33:28.625228164,T,90.88,200,90.96,100,TGT
2025-12-05,9:33:28.645426460,T,90.88,100,90.96,100,TGT
2025-12-05,9:33:28.645431264,T,90.85,500,90.96,100,TGT
2025-12-05,9:33:28.645446759,T,90.85,500,90.9,100,TGT
2025-12-05,9:33:28.645451331,T,90.85,500,90.89,100,TGT
2025-12-05,9:33:28.646468798,T,90.85,500,90.96,100,TGT
2025-12-05,9:33:33.945452470,T,90.85,600,90.96,100,TGT
2025-12-05,9:33:35.829240155,T,90.85,600,90.94,100,TGT
2025-12-05,9:33:35.829275302,T,90.85,600,90.96,100,TGT
2025-12-05,9:33:35.829290314,T,90.85,700,90.96,100,TGT
2025-12-05,9:33:35.829530825,T,90.85,700,90.94,100,TGT
2025-12-05,9:33:36.080839857,T,90.85,200,90.94,100,TGT
2025-12-05,9:33:36.080844616,T,90.85,100,90.94,100,TGT
2025-12-05,9:33:36.080844616,T,90.8,1100,90.94,100,TGT
2025-12-05,9:33:36.080859648,T,90.8,1100,90.91,100,TGT
2025-12-05,9:33:36.080864985,T,90.8,1100,90.86,100,TGT
2025-12-05,9:33:36.080924771,T,90.8,1100,90.87,100,TGT
2025-12-05,9:33:36.080950370,T,90.8,1200,90.87,100,TGT
2025-12-05,9:33:36.081420953,T,90.8,1200,90.94,200,TGT
2025-12-05,9:33:36.086317795,T,90.8,1200,90.94,100,TGT
2025-12-05,9:33:36.086357738,T,90.84,100,90.94,100,TGT
2025-12-05,9:33:36.086367754,T,90.84,100,90.94,200,TGT
2025-12-05,9:33:36.086397837,T,90.84,200,90.94,200,TGT
2025-12-05,9:33:36.086432941,T,90.84,200,90.94,300,TGT
2025-12-05,9:33:36.086448015,T,90.84,200,90.94,200,TGT
2025-12-05,9:33:36.086518241,T,90.84,200,90.93,100,TGT
2025-12-05,9:33:36.086523148,T,90.84,200,90.92,100,TGT
2025-12-05,9:33:36.086538149,T,90.84,200,90.93,100,TGT
2025-12-05,9:33:36.086658483,T,90.84,200,90.92,100,TGT
2025-12-05,9:33:36.087460315,T,90.84,100,90.92,100,TGT
2025-12-05,9:33:36.186766959,T,90.84,100,90.94,100,TGT
2025-12-05,9:33:36.288068271,T,90.84,100,90.94,200,TGT
2025-12-05,9:33:37.211152391,T,90.84,100,90.94,100,TGT
2025-12-05,9:33:37.211172469,T,90.85,100,90.94,100,TGT
2025-12-05,9:33:37.211177490,T,90.85,100,90.94,200,TGT
2025-12-05,9:33:37.211247889,T,90.85,200,90.94,200,TGT
2025-12-05,9:33:37.211693705,T,90.85,200,90.94,100,TGT
2025-12-05,9:33:40.431379042,T,90.85,300,90.94,100,TGT
2025-12-05,9:33:41.071057784,T,90.85,300,90.96,100,TGT
2025-12-05,9:33:41.387631974,T,90.85,300,90.99,100,TGT
2025-12-05,9:33:41.387682220,T,90.85,300,90.96,100,TGT
2025-12-05,9:33:44.278519007,T,90.85,200,90.96,100,TGT
2025-12-05,9:33:44.516350575,T,90.85,200,90.99,100,TGT
2025-12-05,9:33:44.516395668,T,90.86,100,90.99,100,TGT
2025-12-05,9:33:44.516400751,T,90.89,100,90.99,100,TGT
2025-12-05,9:33:44.516405767,T,90.86,100,90.99,100,TGT
2025-12-05,9:33:44.516445849,T,90.9,100,90.99,100,TGT
2025-12-05,9:33:44.516716471,T,90.9,100,91.01,100,TGT
2025-12-05,9:33:44.516736546,T,90.93,100,91.01,100,TGT
2025-12-05,9:33:44.516741575,T,90.93,100,90.99,100,TGT
2025-12-05,9:33:44.516771620,T,90.93,200,90.99,100,TGT
2025-12-05,9:33:44.516811636,T,90.93,300,90.99,100,TGT
2025-12-05,9:33:44.516866858,T,90.93,300,91.01,200,TGT
2025-12-05,9:33:44.517202664,T,90.93,300,91.01,100,TGT
2025-12-05,9:33:44.517367979,T,90.93,200,91.01,100,TGT
2025-12-05,9:33:44.523201866,T,90.93,300,91.01,100,TGT
2025-12-05,9:33:44.523212057,T,90.93,200,91.01,100,TGT
2025-12-05,9:33:44.523216977,T,90.94,100,91.01,100,TGT
2025-12-05,9:33:44.523597865,T,90.94,100,91.07,200,TGT
2025-12-05,9:33:44.523617902,T,90.97,100,91.07,200,TGT
2025-12-05,9:33:44.523617902,T,90.98,100,91.07,200,TGT
2025-12-05,9:33:44.523642998,T,90.98,100,91.07,300,TGT
2025-12-05,9:33:44.523683025,T,90.98,200,91.07,300,TGT
2025-12-05,9:33:44.523693030,T,90.98,200,91.07,200,TGT
2025-12-05,9:33:44.524174214,T,90.98,100,91.07,200,TGT
2025-12-05,9:33:44.525913346,T,90.98,100,91.17,100,TGT
2025-12-05,9:33:44.525923420,T,90.98,100,91.15,200,TGT
2025-12-05,9:33:47.705533289,T,90.97,100,91.15,200,TGT
2025-12-05,9:33:47.705553424,T,90.97,100,91.15,300,TGT
2025-12-05,9:33:47.705558393,T,90.97,100,91.01,100,TGT
2025-12-05,9:33:47.705578476,T,90.96,100,91.01,100,TGT
2025-12-05,9:33:47.705583525,T,90.94,100,91.01,100,TGT
2025-12-05,9:33:47.705608495,T,90.93,200,91.01,100,TGT
2025-12-05,9:33:47.706024516,T,90.93,200,91.01,200,TGT
2025-12-05,9:33:47.706074635,T,90.93,200,91.01,100,TGT
2025-12-05,9:33:47.706104709,T,90.93,200,91.04,100,TGT
2025-12-05,9:33:47.706265041,T,90.93,100,91.04,100,TGT
2025-12-05,9:33:47.706290108,T,90.93,100,91.08,100,TGT
2025-12-05,9:33:47.706310211,T,90.95,100,91.08,100,TGT
2025-12-05,9:33:47.706315200,T,90.95,100,91.04,100,TGT
2025-12-05,9:33:47.707357711,T,90.94,100,91.04,100,TGT
2025-12-05,9:33:47.805601714,T,90.94,100,91.08,100,TGT
2025-12-05,9:33:47.905645101,T,90.94,100,91.15,300,TGT
2025-12-05,9:33:47.905670171,T,90.94,100,91.15,200,TGT
2025-12-05,9:33:47.937581163,T,90.93,200,91.15,200,TGT
2025-12-05,9:33:49.543005706,T,90.93,100,91.15,200,TGT
2025-12-05,9:33:49.567594372,T,90.93,100,91.17,100,TGT
2025-12-05,9:33:49.567604313,T,90.93,100,91.11,200,TGT
2025-12-05,9:33:51.174722990,T,90.86,100,91.11,200,TGT
2025-12-05,9:33:51.354461138,T,90.89,100,91.11,200,TGT
2025-12-05,9:33:54.324651986,T,90.9,100,91.11,200,TGT
2025-12-05,9:33:54.324717083,T,90.93,100,91.11,200,TGT
2025-12-05,9:33:54.324797372,T,90.93,200,91.11,200,TGT
2025-12-05,9:33:54.325062939,T,90.93,100,91.11,200,TGT
2025-12-05,9:33:58.070130021,T,90.93,100,91.07,100,TGT
2025-12-05,9:34:00.071542834,T,90.93,200,91.07,100,TGT
2025-12-05,9:34:00.071948721,T,90.93,100,91.07,100,TGT
2025-12-05,9:34:01.015030541,T,90.93,100,91.07,200,TGT
2025-12-05,9:34:01.962151934,T,90.93,200,91.07,200,TGT
2025-12-05,9:34:02.595616098,T,90.93,200,91.07,100,TGT
2025-12-05,9:34:02.621467569,T,90.93,200,91.11,200,TGT
2025-12-05,9:34:05.599577408,T,90.93,300,91.11,200,TGT
2025-12-05,9:34:05.600143758,T,90.94,100,91.11,200,TGT
2025-12-05,9:34:06.116569081,T,91.0,500,91.11,200,TGT
2025-12-05,9:34:06.116639265,T,91.0,600,91.11,200,TGT
2025-12-05,9:34:06.116719482,T,91.0,600,91.08,100,TGT
2025-12-05,9:34:06.116749576,T,91.0,600,91.11,200,TGT
2025-12-05,9:34:06.117335902,T,91.0,500,91.11,200,TGT
2025-12-05,9:34:06.117356013,T,91.0,500,91.11,300,TGT
2025-12-05,9:34:06.117356013,T,91.0,500,91.05,100,TGT
2025-12-05,9:34:06.117361093,T,91.0,100,91.05,100,TGT
2025-12-05,9:34:06.117361093,T,90.94,100,91.05,100,TGT
2025-12-05,9:34:06.117426117,T,90.93,100,91.05,100,TGT
2025-12-05,9:34:06.117451189,T,90.93,100,91.04,100,TGT
2025-12-05,9:34:06.117471301,T,90.93,100,91.03,100,TGT
2025-12-05,9:34:06.117606545,T,90.93,100,91.04,100,TGT
2025-12-05,9:34:06.127389864,T,90.93,100,91.05,100,TGT
2025-12-05,9:34:06.317532895,T,90.93,100,91.08,100,TGT
2025-12-05,9:34:06.317562937,T,90.93,100,91.11,300,TGT
2025-12-05,9:34:08.380918454,T,90.86,100,91.11,300,TGT
2025-12-05,9:34:08.380943529,T,90.86,100,91.08,100,TGT
2025-12-05,9:34:08.380943529,T,90.86,100,90.97,100,TGT
2025-12-05,9:34:08.380948542,T,90.8,1200,90.97,100,TGT
2025-12-05,9:34:08.381118923,T,90.8,1100,90.97,100,TGT
2025-12-05,9:34:08.381204109,T,90.8,1100,90.96,100,TGT
2025-12-05,9:34:08.381259202,T,90.89,100,90.96,100,TGT
2025-12-05,9:34:08.381279397,T,90.89,100,90.97,100,TGT
2025-12-05,9:34:08.480956813,T,90.89,100,91.0,100,TGT
2025-12-05,9:34:08.480981775,T,90.89,100,91.03,100,TGT
2025-12-05,9:34:08.481773711,T,90.89,100,91.11,300,TGT
2025-12-05,9:34:08.481798829,T,90.9,100,91.11,300,TGT
2025-12-05,9:34:08.481798829,T,90.9,100,91.11,200,TGT
2025-12-05,9:34:08.481803738,T,90.9,100,91.03,100,TGT
2025-12-05,9:34:08.481823813,T,90.9,100,91.08,100,TGT
2025-12-05,9:34:08.481863982,T,90.9,100,91.0,100,TGT
2025-12-05,9:34:08.481919113,T,90.9,200,91.0,100,TGT
2025-12-05,9:34:08.481939075,T,90.9,200,91.08,100,TGT
2025-12-05,9:34:08.481964194,T,90.9,200,91.03,100,TGT
2025-12-05,9:34:08.481999245,T,90.9,200,91.03,200,TGT
2025-12-05,9:34:08.482500429,T,90.9,100,91.03,200,TGT
2025-12-05,9:34:08.493321186,T,90.9,100,91.03,100,TGT
2025-12-05,9:34:08.493341352,T,90.9,100,91.08,100,TGT
2025-12-05,9:34:08.581511349,T,90.9,100,91.11,300,TGT
2025-12-05,9:34:08.581536409,T,90.9,100,91.11,200,TGT
2025-12-05,9:34:12.953802674,T,90.92,100,91.11,200,TGT
2025-12-05,9:34:15.162960527,T,90.94,100,91.11,200,TGT
2025-12-05,9:34:15.164073287,T,90.92,100,91.11,200,TGT
2025-12-05,9:34:15.686282198,T,90.92,100,91.08,100,TGT
2025-12-05,9:34:15.686327295,T,90.92,100,91.11,200,TGT
2025-12-05,9:34:15.797652576,T,90.92,200,91.11,200,TGT
2025-12-05,9:34:15.798093599,T,90.92,100,91.11,200,TGT
2025-12-05,9:34:15.798168750,T,90.92,200,91.11,200,TGT
2025-12-05,9:34:15.798198851,T,90.93,100,91.11,200,TGT
2025-12-05,9:34:15.798299054,T,90.92,200,91.11,200,TGT
2025-12-05,9:34:15.798364325,T,90.93,100,91.11,200,TGT
2025-12-05,9:34:15.798364325,T,90.94,100,91.11,200,TGT
2025-12-05,9:34:15.798419444,T,90.95,100,91.11,200,TGT
2025-12-05,9:34:15.798429894,T,90.94,100,91.11,200,TGT
2025-12-05,9:34:15.798429894,T,91.01,100,91.11,200,TGT
2025-12-05,9:34:15.799000795,T,90.94,100,91.11,200,TGT
2025-12-05,9:34:15.808478377,T,90.93,100,91.11,200,TGT
2025-12-05,9:34:15.808528442,T,90.94,100,91.11,200,TGT
2025-12-05,9:34:15.808879293,T,90.92,200,91.11,200,TGT
2025-12-05,9:34:15.818983378,T,90.94,100,91.11,200,TGT
2025-12-05,9:34:15.997398421,T,90.92,200,91.11,200,TGT
2025-12-05,9:34:18.297227252,T,90.93,100,91.11,200,TGT
2025-12-05,9:34:18.297257348,T,90.94,100,91.11,200,TGT
2025-12-05,9:34:18.297267350,T,90.94,100,91.11,300,TGT
2025-12-05,9:34:18.297668313,T,90.94,100,91.11,200,TGT
2025-12-05,9:34:18.297818719,T,90.92,200,91.11,200,TGT
2025-12-05,9:34:18.297863792,T,90.94,100,91.11,200,TGT
2025-12-05,9:34:18.319781029,T,90.94,200,91.11,200,TGT
2025-12-05,9:34:18.602920532,T,90.94,100,91.11,200,TGT
2025-12-05,9:34:19.355904298,T,90.94,200,91.11,200,TGT
2025-12-05,9:34:19.356686221,T,90.94,100,91.11,200,TGT
2025-12-05,9:34:19.357192389,T,90.94,200,91.11,200,TGT
2025-12-05,9:34:19.408063624,T,90.94,100,91.11,200,TGT
2025-12-05,9:34:19.428963342,T,90.96,100,91.11,200,TGT
2025-12-05,9:34:19.429043571,T,90.97,100,91.11,200,TGT
2025-12-05,9:34:19.429043571,T,90.98,100,91.11,200,TGT
2025-12-05,9:34:19.429058596,T,90.99,100,91.11,200,TGT
2025-12-05,9:34:19.429619929,T,91.0,100,91.11,200,TGT
2025-12-05,9:34:19.429624940,T,91.03,100,91.11,200,TGT
2025-12-05,9:34:19.429665089,T,91.03,100,91.11,300,TGT
2025-12-05,9:34:19.429675115,T,91.03,200,91.11,300,TGT
2025-12-05,9:34:19.429715197,T,91.03,200,91.11,200,TGT
2025-12-05,9:34:19.436852152,T,91.03,100,91.11,200,TGT
2025-12-05,9:34:19.437273231,T,91.03,100,91.2,100,TGT
2025-12-05,9:34:19.437283205,T,91.03,100,91.18,200,TGT
2025-12-05,9:34:19.438340790,T,91.03,200,91.18,200,TGT
2025-12-05,9:34:19.438370858,T,91.04,100,91.18,200,TGT
2025-12-05,9:34:19.445853665,T,91.02,100,91.18,200,TGT
2025-12-05,9:34:19.629766747,T,91.0,100,91.18,200,TGT
2025-12-05,9:34:19.631155025,T,90.96,100,91.18,200,TGT
2025-12-05,9:34:19.972783902,T,90.94,100,91.18,200,TGT
2025-12-05,9:34:21.941875244,T,90.96,100,91.18,200,TGT
2025-12-05,9:34:22.058513010,T,90.94,100,91.18,200,TGT
2025-12-05,9:34:23.069807179,T,90.96,100,91.18,200,TGT
2025-12-05,9:34:24.005235586,T,90.94,100,91.18,200,TGT
2025-12-05,9:34:24.474944582,T,90.95,100,91.18,200,TGT
2025-12-05,9:34:24.947665777,T,91.01,100,91.18,200,TGT
2025-12-05,9:34:32.551966761,T,90.96,100,91.18,200,TGT
2025-12-05,9:34:35.711187925,T,90.95,100,91.18,200,TGT
2025-12-05,9:34:36.740409752,T,90.96,100,91.18,200,TGT
2025-12-05,9:34:36.952084031,T,91.04,100,91.18,200,TGT
2025-12-05,9:34:40.951416598,T,91.04,100,91.16,100,TGT
2025-12-05,9:34:45.671406303,T,91.05,100,91.16,100,TGT
2025-12-05,9:34:46.093511841,T,91.04,100,91.16,100,TGT
2025-12-05,9:34:56.172237621,T,91.04,100,91.24,200,TGT
2025-12-05,9:34:56.172272712,T,91.04,100,91.2,100,TGT
2025-12-05,9:34:58.869077250,T,91.05,100,91.2,100,TGT
2025-12-05,9:34:58.869508256,T,91.04,100,91.2,100,TGT
2025-12-05,9:34:58.869673712,T,91.05,100,91.2,100,TGT
2025-12-05,9:34:58.879577246,T,91.04,100,91.2,100,TGT
2025-12-05,9:34:58.969246039,T,91.02,100,91.2,100,TGT
2025-12-05,9:34:58.969275916,T,91.0,200,91.2,100,TGT
2025-12-05,9:34:58.969321108,T,91.0,100,91.2,100,TGT
2025-12-05,9:34:58.969456306,T,91.02,100,91.2,100,TGT
2025-12-05,9:34:58.978568072,T,91.02,200,91.2,100,TGT
2025-12-05,9:34:58.981485048,T,91.02,100,91.2,100,TGT
2025-12-05,9:34:59.503924794,T,91.0,200,91.2,100,TGT
2025-12-05,9:34:59.523190725,T,91.02,100,91.2,100,TGT
2025-12-05,9:34:59.948654231,T,91.0,200,91.2,100,TGT
2025-12-05,9:35:01.807166719,T,91.09,100,91.2,100,TGT
2025-12-05,9:35:01.807211795,T,91.01,100,91.2,100,TGT
2025-12-05,9:35:01.807317094,T,91.0,200,91.2,100,TGT
2025-12-05,9:35:01.807357082,T,91.0,200,91.2,200,TGT
2025-12-05,9:35:01.807788197,T,91.0,200,91.17,100,TGT
2025-12-05,9:35:01.807863335,T,91.0,200,91.2,200,TGT
2025-12-05,9:35:01.808740458,T,91.0,100,91.2,200,TGT
2025-12-05,9:35:01.813110827,T,91.0,100,91.2,100,TGT
2025-12-05,9:35:01.920065600,T,91.0,100,91.09,100,TGT
2025-12-05,9:35:03.152386354,T,91.02,100,91.09,100,TGT
2025-12-05,9:35:09.910536542,T,91.02,100,91.2,300,TGT
2025-12-05,9:35:09.910576659,T,91.02,200,91.2,300,TGT
2025-12-05,9:35:09.910586591,T,91.02,100,91.2,300,TGT
2025-12-05,9:35:09.910606711,T,91.02,200,91.2,300,TGT
2025-12-05,9:35:09.910666809,T,91.04,100,91.2,300,TGT
2025-12-05,9:35:09.910797155,T,91.04,200,91.2,300,TGT
2025-12-05,9:35:09.910962605,T,91.04,200,91.09,100,TGT
2025-12-05,9:35:09.910987626,T,91.04,200,91.2,300,TGT
2025-12-05,9:35:09.911002613,T,91.04,100,91.2,300,TGT
2025-12-05,9:35:09.920986375,T,91.03,100,91.2,300,TGT
2025-12-05,9:35:10.010720166,T,91.02,200,91.2,300,TGT
2025-12-05,9:35:10.110588181,T,91.02,100,91.2,300,TGT
2025-12-05,9:35:14.648007643,T,91.0,100,91.2,300,TGT
2025-12-05,9:35:15.151532264,T,91.0,100,91.2,200,TGT
2025-12-05,9:35:18.951549902,T,91.08,100,91.2,200,TGT
2025-12-05,9:35:22.863484427,T,91.0,100,91.2,200,TGT
2025-12-05,9:35:22.863524506,T,91.0,100,91.1,100,TGT
2025-12-05,9:35:22.863694877,T,91.0,100,91.1,200,TGT
2025-12-05,9:35:22.863719936,T,91.0,100,91.1,100,TGT
2025-12-05,9:35:22.864070791,T,91.0,100,91.15,100,TGT
2025-12-05,9:35:22.874310197,T,91.0,100,91.2,200,TGT
2025-12-05,9:35:22.874335299,T,91.04,100,91.2,200,TGT
2025-12-05,9:35:22.874335299,T,91.04,100,91.15,100,TGT
2025-12-05,9:35:22.874375619,T,91.04,200,91.15,100,TGT
2025-12-05,9:35:22.874395359,T,91.04,200,91.11,100,TGT
2025-12-05,9:35:22.874420452,T,91.04,100,91.11,100,TGT
2025-12-05,9:35:22.874440758,T,91.04,100,91.15,100,TGT
2025-12-05,9:35:22.874580862,T,91.04,100,91.2,200,TGT
2025-12-05,9:35:22.874605866,T,91.05,100,91.2,200,TGT
2025-12-05,9:35:22.875999264,T,91.04,100,91.2,200,TGT
2025-12-05,9:35:23.074717621,T,91.02,100,91.2,200,TGT
2025-12-05,9:35:23.519807937,T,91.0,200,91.2,200,TGT
2025-12-05,9:35:26.748935575,T,91.0,100,91.2,200,TGT
2025-12-05,9:35:26.885315545,T,91.08,100,91.2,200,TGT
2025-12-05,9:35:33.168930250,T,90.96,100,91.2,200,TGT
2025-12-05,9:35:33.168930250,T,90.96,100,91.2,300,TGT
2025-12-05,9:35:33.168945276,T,90.96,100,91.18,100,TGT
2025-12-05,9:35:33.168950290,T,90.96,100,91.15,100,TGT
2025-12-05,9:35:33.168955277,T,90.96,100,91.14,100,TGT
2025-12-05,9:35:33.169506573,T,90.94,300,91.14,100,TGT
2025-12-05,9:35:33.169697016,T,90.94,300,91.08,100,TGT
2025-12-05,9:35:33.271414758,T,90.94,300,91.2,300,TGT
2025-12-05,9:35:33.271434437,T,90.96,100,91.2,300,TGT
2025-12-05,9:35:33.271434437,T,91.0,100,91.2,300,TGT
2025-12-05,9:35:33.271439378,T,91.01,100,91.2,300,TGT
2025-12-05,9:35:33.271449393,T,91.04,100,91.2,300,TGT
2025-12-05,9:35:33.271795289,T,91.04,100,91.14,100,TGT
2025-12-05,9:35:33.271815345,T,91.04,100,91.2,300,TGT
2025-12-05,9:35:33.272176228,T,91.04,100,91.17,100,TGT
2025-12-05,9:35:33.272201199,T,91.04,100,91.2,300,TGT
2025-12-05,9:35:33.272201199,T,91.01,100,91.2,300,TGT
2025-12-05,9:35:33.272221346,T,91.08,100,91.2,300,TGT
2025-12-05,9:35:33.272241306,T,91.08,100,91.17,100,TGT
2025-12-05,9:35:33.273013170,T,91.08,100,91.2,300,TGT
2025-12-05,9:35:33.291587468,T,91.01,100,91.2,300,TGT
2025-12-05,9:35:33.296880024,T,91.04,100,91.2,300,TGT
2025-12-05,9:35:33.297556636,T,91.04,100,91.2,200,TGT
2025-12-05,9:35:33.371497770,T,91.01,100,91.2,200,TGT
2025-12-05,9:35:33.371497770,T,91.0,100,91.2,200,TGT
2025-12-05,9:35:33.471501089,T,90.96,100,91.2,200,TGT
2025-12-05,9:35:33.471531142,T,90.94,300,91.2,200,TGT
2025-12-05,9:35:37.315508631,T,91.06,100,91.2,200,TGT
2025-12-05,9:35:40.214760576,T,91.06,100,91.2,300,TGT
2025-12-05,9:35:40.223877533,T,91.06,100,91.2,200,TGT
2025-12-05,9:35:40.223882354,T,91.06,100,91.2,300,TGT
2025-12-05,9:35:40.225331535,T,91.0,100,91.2,300,TGT
2025-12-05,9:35:40.225335757,T,90.94,300,91.2,300,TGT
2025-12-05,9:35:40.225345853,T,90.94,300,91.17,100,TGT
2025-12-05,9:35:40.225356003,T,90.94,300,91.15,100,TGT
2025-12-05,9:35:40.225356003,T,90.94,300,91.1,100,TGT
2025-12-05,9:35:40.225360911,T,90.94,300,91.09,100,TGT
2025-12-05,9:35:40.225385981,T,90.94,300,91.08,100,TGT
2025-12-05,9:35:40.225731822,T,90.94,300,91.06,100,TGT
2025-12-05,9:35:40.226262981,T,90.94,100,91.06,100,TGT
2025-12-05,9:35:40.226814401,T,90.94,100,91.06,200,TGT
2025-12-05,9:35:40.229335322,T,90.94,100,91.02,100,TGT
2025-12-05,9:35:40.229350465,T,91.01,100,91.02,100,TGT
2025-12-05,9:35:40.229350465,T,90.96,100,91.02,100,TGT
2025-12-05,9:35:40.229390828,T,90.94,100,91.02,100,TGT
2025-12-05,9:35:40.229540777,T,90.94,100,91.06,200,TGT
2025-12-05,9:35:40.229570849,T,90.96,100,91.06,200,TGT
2025-12-05,9:35:40.229736313,T,90.96,200,91.06,200,TGT
2025-12-05,9:35:40.230743717,T,90.97,100,91.06,200,TGT
2025-12-05,9:35:40.231239829,T,90.96,200,91.06,200,TGT
2025-12-05,9:35:40.231771133,T,90.97,100,91.06,200,TGT
2025-12-05,9:35:40.239594807,T,90.96,200,91.06,200,TGT
2025-12-05,9:35:40.239815529,T,90.96,200,91.06,100,TGT
2025-12-05,9:35:40.240276444,T,90.96,200,91.06,200,TGT
2025-12-05,9:35:40.717337845,T,90.96,200,91.06,100,TGT
2025-12-05,9:35:40.717382928,T,90.96,200,91.2,300,TGT
2025-12-05,9:35:40.717413008,T,90.98,100,91.2,300,TGT
2025-12-05,9:35:40.717413008,T,90.99,100,91.2,300,TGT
2025-12-05,9:35:40.717433027,T,91.0,100,91.2,300,TGT
2025-12-05,9:35:40.717788897,T,91.0,100,91.06,100,TGT
2025-12-05,9:35:40.717854045,T,91.0,100,91.2,300,TGT
2025-12-05,9:35:40.717884203,T,91.02,100,91.2,300,TGT
2025-12-05,9:35:40.717884203,T,91.04,100,91.2,300,TGT
2025-12-05,9:35:40.717914165,T,91.03,100,91.2,300,TGT
2025-12-05,9:35:40.717974610,T,91.03,100,91.17,100,TGT
2025-12-05,9:35:40.718580795,T,91.03,100,91.15,100,TGT
2025-12-05,9:35:40.719653308,T,91.02,100,91.15,100,TGT
2025-12-05,9:35:40.719888935,T,91.02,100,91.15,200,TGT
2025-12-05,9:35:40.727978136,T,91.02,100,91.15,100,TGT
2025-12-05,9:35:40.737841707,T,91.02,100,91.17,100,TGT
2025-12-05,9:35:40.817466421,T,91.0,100,91.17,100,TGT
2025-12-05,9:35:41.824179845,T,90.98,100,91.17,100,TGT
2025-12-05,9:35:41.824600788,T,90.96,100,91.17,100,TGT
2025-12-05,9:35:41.824625932,T,90.96,100,91.05,100,TGT
2025-12-05,9:35:41.824635928,T,90.94,100,91.05,100,TGT
2025-12-05,9:35:41.825046882,T,90.94,100,91.05,200,TGT
2025-12-05,9:35:43.077956627,T,90.94,100,91.05,100,TGT
2025-12-05,9:35:43.078177134,T,90.94,100,91.13,100,TGT
2025-12-05,9:35:43.091949919,T,90.94,100,91.1,100,TGT
2025-12-05,9:35:43.093097670,T,90.94,100,91.1,200,TGT
2025-12-05,9:35:43.201911946,T,90.94,100,91.1,100,TGT
2025-12-05,9:35:44.356888451,T,90.99,100,91.1,100,TGT
2025-12-05,9:35:44.680389111,T,90.99,100,91.13,100,TGT
2025-12-05,9:35:46.780903371,T,90.99,100,91.17,100,TGT
2025-12-05,9:35:46.780928422,T,90.99,100,91.2,300,TGT
2025-12-05,9:35:51.134725486,T,90.99,100,91.2,200,TGT
2025-12-05,9:35:56.321762630,T,90.99,100,91.18,100,TGT
2025-12-05,9:35:57.954346864,T,90.94,100,91.18,100,TGT
2025-12-05,9:36:01.727094779,T,90.96,100,91.18,100,TGT
2025-12-05,9:36:01.727215049,T,91.0,100,91.18,100,TGT
2025-12-05,9:36:01.727250132,T,91.0,100,91.15,100,TGT
2025-12-05,9:36:01.727280190,T,91.0,100,91.17,100,TGT
2025-12-05,9:36:01.727285226,T,91.0,100,91.18,100,TGT
2025-12-05,9:36:01.727305286,T,91.01,100,91.18,100,TGT
2025-12-05,9:36:01.727310311,T,91.03,100,91.18,100,TGT
2025-12-05,9:36:01.727310311,T,91.04,100,91.18,100,TGT
2025-12-05,9:36:01.727330264,T,91.03,100,91.18,100,TGT
2025-12-05,9:36:01.727605891,T,91.03,200,91.18,100,TGT
2025-12-05,9:36:01.728533632,T,91.07,100,91.18,100,TGT
2025-12-05,9:36:01.728553234,T,91.05,100,91.18,100,TGT
2025-12-05,9:36:01.728979226,T,91.03,100,91.18,100,TGT
2025-12-05,9:36:01.730091870,T,91.03,200,91.18,100,TGT
2025-12-05,9:36:01.737609821,T,91.03,100,91.18,100,TGT
2025-12-05,9:36:01.802439224,T,91.03,100,91.2,200,TGT
2025-12-05,9:36:01.825930176,T,90.96,100,91.2,200,TGT
2025-12-05,9:36:01.825990331,T,90.99,100,91.2,200,TGT
2025-12-05,9:36:01.964490278,T,90.96,100,91.2,200,TGT
2025-12-05,9:36:01.965006511,T,90.99,100,91.2,200,TGT
2025-12-05,9:36:02.206607058,T,91.03,100,91.2,200,TGT
2025-12-05,9:36:02.338812013,T,91.06,100,91.2,200,TGT
2025-12-05,9:36:02.474786076,T,91.03,200,91.2,200,TGT
2025-12-05,9:36:03.496254591,T,91.03,200,91.28,100,TGT
2025-12-05,9:36:03.496264563,T,91.03,200,91.25,200,TGT
2025-12-05,9:36:06.121067760,T,91.03,200,91.2,100,TGT
2025-12-05,9:36:06.121067760,T,91.03,100,91.2,100,TGT
2025-12-05,9:36:06.121132766,T,91.03,100,91.25,200,TGT
2025-12-05,9:36:06.196958474,T,91.03,100,91.25,300,TGT
2025-12-05,9:36:06.197023599,T,91.03,100,91.25,200,TGT
2025-12-05,9:36:06.273550952,T,91.03,100,91.25,300,TGT
2025-12-05,9:36:06.273791406,T,91.03,100,91.25,200,TGT
2025-12-05,9:36:06.803724171,T,91.03,100,91.28,100,TGT
2025-12-05,9:36:06.803728877,T,91.03,100,91.21,200,TGT
2025-12-05,9:36:07.037385515,T,91.03,100,91.21,300,TGT
2025-12-05,9:36:07.037400598,T,90.99,100,91.21,300,TGT
2025-12-05,9:36:07.037420639,T,90.99,100,91.2,100,TGT
2025-12-05,9:36:07.037455721,T,90.99,100,91.16,100,TGT
2025-12-05,9:36:07.037455721,T,90.99,100,91.09,100,TGT
2025-12-05,9:36:07.039906542,T,90.96,100,91.09,100,TGT
2025-12-05,9:36:07.040337659,T,90.94,300,91.09,100,TGT
2025-12-05,9:36:07.040362947,T,90.94,300,91.16,100,TGT
2025-12-05,9:36:07.040362947,T,90.94,300,91.09,100,TGT
2025-12-05,9:36:07.040387712,T,90.94,300,91.16,100,TGT
2025-12-05,9:36:07.040608290,T,90.94,100,91.16,100,TGT
2025-12-05,9:36:07.041510436,T,90.94,300,91.16,100,TGT
2025-12-05,9:36:07.044647821,T,90.94,300,91.17,300,TGT
2025-12-05,9:36:07.056831897,T,90.96,100,91.17,300,TGT
2025-12-05,9:36:07.056881975,T,90.96,100,91.17,200,TGT
2025-12-05,9:36:07.056907061,T,90.96,100,91.17,300,TGT
2025-12-05,9:36:07.168728449,T,90.94,300,91.17,300,TGT
2025-12-05,9:36:07.181704421,T,90.94,100,91.17,300,TGT
2025-12-05,9:36:07.263709764,T,90.96,100,91.17,300,TGT
2025-12-05,9:36:07.264982787,T,90.96,100,91.17,200,TGT
2025-12-05,9:36:07.273783777,T,90.94,100,91.17,200,TGT
2025-12-05,9:36:07.336478055,T,90.94,100,91.17,300,TGT
2025-12-05,9:36:07.569693661,T,90.94,100,91.16,100,TGT
2025-12-05,9:36:07.569703738,T,90.94,100,91.14,100,TGT
2025-12-05,9:36:07.570004485,T,90.94,100,91.16,100,TGT
2025-12-05,9:36:07.570004485,T,90.94,100,91.13,100,TGT
2025-12-05,9:36:07.571964148,T,90.95,100,91.13,100,TGT
2025-12-05,9:36:07.576760491,T,90.95,100,91.16,100,TGT
2025-12-05,9:36:07.582028048,T,90.94,100,91.16,100,TGT
2025-12-05,9:36:07.769795469,T,90.94,100,91.17,300,TGT
2025-12-05,9:36:08.178108373,T,90.94,100,91.17,200,TGT
2025-12-05,9:36:08.178143344,T,90.96,100,91.17,200,TGT
2025-12-05,9:36:08.178153306,T,90.97,100,91.17,200,TGT
2025-12-05,9:36:08.178168328,T,90.98,100,91.17,200,TGT
2025-12-05,9:36:08.178173439,T,90.97,100,91.17,200,TGT
2025-12-05,9:36:08.185215217,T,90.96,100,91.17,200,TGT
2025-12-05,9:36:08.188016887,T,90.94,200,91.17,200,TGT
2025-12-05,9:36:08.236933402,T,90.94,100,91.17,200,TGT
2025-12-05,9:36:08.599852937,T,90.94,200,91.17,200,TGT
2025-12-05,9:36:08.600048405,T,90.94,100,91.17,200,TGT
2025-12-05,9:36:08.600098549,T,90.98,100,91.17,200,TGT
2025-12-05,9:36:08.786462557,T,90.94,100,91.17,200,TGT
2025-12-05,9:36:09.110895372,T,90.98,100,91.17,200,TGT
2025-12-05,9:36:10.093882237,T,90.94,100,91.17,200,TGT
2025-12-05,9:36:10.681712545,T,90.98,100,91.17,200,TGT
2025-12-05,9:36:11.189727922,T,90.94,100,91.17,200,TGT
2025-12-05,9:36:11.194033073,T,90.94,200,91.17,200,TGT
2025-12-05,9:36:12.135936989,T,90.98,100,91.17,200,TGT
2025-12-05,9:36:12.233865303,T,90.98,100,91.24,100,TGT
2025-12-05,9:36:12.233870269,T,90.98,100,91.22,200,TGT
2025-12-05,9:36:13.823632502,T,91.02,100,91.22,200,TGT
2025-12-05,9:36:14.037797729,T,90.98,100,91.22,200,TGT
2025-12-05,9:36:14.038850270,T,91.02,100,91.22,200,TGT
2025-12-05,9:36:14.436923701,T,90.98,100,91.22,200,TGT
2025-12-05,9:36:14.553872899,T,90.94,200,91.22,200,TGT
2025-12-05,9:36:14.554488723,T,90.98,100,91.22,200,TGT
2025-12-05,9:36:14.640388352,T,90.94,200,91.22,200,TGT
2025-12-05,9:36:15.186930431,T,90.94,100,91.22,200,TGT
2025-12-05,9:36:15.591779896,T,90.94,200,91.22,200,TGT
2025-12-05,9:36:16.610241281,T,90.94,200,91.2,100,TGT
2025-12-05,9:36:17.501344209,T,90.94,100,91.2,100,TGT
2025-12-05,9:36:17.501419407,T,90.94,200,91.2,100,TGT
2025-12-05,9:36:18.956235067,T,90.94,100,91.2,100,TGT
2025-12-05,9:36:19.915645688,T,90.99,100,91.2,100,TGT
2025-12-05,9:36:20.076087907,T,90.94,100,91.2,100,TGT
2025-12-05,9:36:21.667849970,T,90.99,100,91.2,100,TGT
2025-12-05,9:36:21.984935297,T,90.99,100,91.22,200,TGT
2025-12-05,9:36:23.925077403,T,90.99,200,91.22,200,TGT
2025-12-05,9:36:23.963213199,T,90.99,100,91.22,200,TGT
2025-12-05,9:36:29.745348101,T,90.99,200,91.22,200,TGT
2025-12-05,9:36:29.745373076,T,90.99,100,91.22,200,TGT
2025-12-05,9:36:29.745373076,T,90.99,200,91.22,200,TGT
2025-12-05,9:36:29.745633797,T,91.02,100,91.22,200,TGT
2025-12-05,9:36:29.745668873,T,90.99,200,91.22,200,TGT
2025-12-05,9:36:29.745713968,T,91.01,100,91.22,200,TGT
2025-12-05,9:36:29.746089887,T,90.99,200,91.22,200,TGT
2025-12-05,9:36:29.850453411,T,90.99,100,91.22,200,TGT
2025-12-05,9:36:30.547549060,T,90.94,100,91.22,200,TGT
2025-12-05,9:36:34.209332668,T,90.94,100,91.22,300,TGT
2025-12-05,9:36:34.806049196,T,91.01,100,91.22,300,TGT
2025-12-05,9:36:35.509495065,T,91.01,100,91.22,200,TGT
2025-12-05,9:36:35.855699891,T,91.01,100,91.21,100,TGT
2025-12-05,9:36:35.856662168,T,91.01,100,91.22,200,TGT
2025-12-05,9:36:37.081891061,T,91.01,100,91.21,100,TGT
2025-12-05,9:36:38.135115126,T,91.01,100,91.22,200,TGT
2025-12-05,9:36:38.135140132,T,91.01,200,91.22,200,TGT
2025-12-05,9:36:38.135145131,T,91.02,100,91.22,200,TGT
2025-12-05,9:36:38.135155206,T,91.01,200,91.22,200,TGT
2025-12-05,9:36:38.135165196,T,91.02,100,91.22,200,TGT
2025-12-05,9:36:38.135180247,T,91.03,100,91.22,200,TGT
2025-12-05,9:36:38.135626306,T,91.02,100,91.22,200,TGT
2025-12-05,9:36:38.136107457,T,91.03,100,91.22,200,TGT
2025-12-05,9:36:38.136603666,T,91.02,100,91.22,200,TGT
2025-12-05,9:36:38.137169953,T,91.03,100,91.22,200,TGT
2025-12-05,9:36:38.137706240,T,91.02,100,91.22,200,TGT
2025-12-05,9:36:38.142201931,T,91.01,200,91.22,200,TGT
2025-12-05,9:36:38.235609461,T,91.01,100,91.22,200,TGT
2025-12-05,9:36:47.068913265,T,91.01,100,91.21,100,TGT
2025-12-05,9:36:47.282060993,T,91.01,100,91.22,200,TGT
2025-12-05,9:36:47.282086091,T,91.01,200,91.22,200,TGT
2025-12-05,9:36:47.282091168,T,91.02,100,91.22,200,TGT
2025-12-05,9:36:47.289122916,T,91.01,200,91.22,200,TGT
2025-12-05,9:36:47.289583934,T,91.01,100,91.22,200,TGT
2025-12-05,9:36:47.289819682,T,91.01,200,91.22,200,TGT
2025-12-05,9:36:47.382274927,T,91.01,100,91.22,200,TGT
2025-12-05,9:36:48.853033761,T,90.99,100,91.22,200,TGT
2025-12-05,9:36:51.678580415,T,91.0,100,91.22,200,TGT
2025-12-05,9:36:51.678585028,T,91.02,100,91.22,200,TGT
2025-12-05,9:36:51.678585028,T,91.03,100,91.22,200,TGT
2025-12-05,9:36:51.678600051,T,91.04,100,91.22,200,TGT
2025-12-05,9:36:51.678630252,T,91.04,200,91.22,200,TGT
2025-12-05,9:36:51.678635159,T,91.09,100,91.22,200,TGT
2025-12-05,9:36:51.683060672,T,91.09,100,91.3,100,TGT
2025-12-05,9:36:51.683070731,T,91.09,100,91.29,200,TGT
2025-12-05,9:36:51.685636896,T,91.1,100,91.29,200,TGT
2025-12-05,9:36:51.689440943,T,91.1,200,91.29,200,TGT
2025-12-05,9:36:51.693645967,T,91.1,100,91.29,200,TGT
2025-12-05,9:36:51.695575552,T,91.1,100,91.3,100,TGT
2025-12-05,9:36:51.695630720,T,91.12,100,91.3,100,TGT
2025-12-05,9:36:51.705734714,T,91.12,200,91.3,100,TGT
2025-12-05,9:36:51.806163974,T,91.12,100,91.3,100,TGT
2025-12-05,9:36:52.948600563,T,91.12,200,91.3,100,TGT
2025-12-05,9:36:54.386039884,T,91.12,300,91.3,100,TGT
2025-12-05,9:36:54.386049944,T,91.12,200,91.3,100,TGT
2025-12-05,9:36:56.211824388,T,91.12,100,91.3,100,TGT
2025-12-05,9:37:00.635608363,T,91.12,100,91.36,200,TGT
2025-12-05,9:37:02.311059906,T,91.09,100,91.36,200,TGT
2025-12-05,9:37:04.647505880,T,91.09,100,91.36,300,TGT
2025-12-05,9:37:06.951439582,T,91.15,100,91.36,300,TGT
2025-12-05,9:37:12.350827711,T,91.15,100,91.36,200,TGT
2025-12-05,9:37:17.220308389,T,91.15,100,91.36,300,TGT
2025-12-05,9:37:17.220338402,T,91.15,100,91.33,100,TGT
2025-12-05,9:37:17.220358467,T,91.15,100,91.36,300,TGT
2025-12-05,9:37:17.220388572,T,91.15,100,91.33,100,TGT
2025-12-05,9:37:17.220488800,T,91.15,100,91.36,300,TGT
2025-12-05,9:37:17.220513887,T,91.15,100,91.36,200,TGT
2025-12-05,9:37:17.221170456,T,91.15,100,91.36,300,TGT
2025-12-05,9:37:17.221200482,T,91.15,100,91.33,100,TGT
2025-12-05,9:37:17.221842068,T,91.15,100,91.36,300,TGT
2025-12-05,9:37:17.224468310,T,91.15,100,91.33,100,TGT
2025-12-05,9:37:17.231003849,T,91.15,100,91.36,300,TGT
2025-12-05,9:37:17.231234447,T,91.15,100,91.36,200,TGT
2025-12-05,9:37:17.874842707,T,91.07,100,91.36,200,TGT
2025-12-05,9:37:17.874882837,T,91.04,100,91.36,200,TGT
2025-12-05,9:37:17.874892813,T,91.04,100,91.36,300,TGT
2025-12-05,9:37:17.874917922,T,91.04,100,91.32,100,TGT
2025-12-05,9:37:17.874917922,T,91.04,100,91.25,100,TGT
2025-12-05,9:37:17.874917922,T,91.04,100,91.24,100,TGT
2025-12-05,9:37:17.975793188,T,91.03,100,91.24,100,TGT
2025-12-05,9:37:17.975823263,T,91.03,100,91.36,300,TGT
2025-12-05,9:37:18.746068258,T,91.03,100,91.36,200,TGT
2025-12-05,9:37:21.720965373,T,91.03,100,91.28,100,TGT
2025-12-05,9:37:21.721175882,T,91.03,100,91.28,200,TGT
2025-12-05,9:37:21.721391372,T,91.03,100,91.28,300,TGT
2025-12-05,9:37:21.953624645,T,91.08,100,91.28,300,TGT
2025-12-05,9:37:23.860873372,T,91.08,100,91.28,400,TGT
2025-12-05,9:37:24.730179274,T,91.08,100,91.28,300,TGT
2025-12-05,9:37:24.730795698,T,91.08,100,91.28,200,TGT
2025-12-05,9:37:26.475632418,T,91.08,100,91.24,100,TGT
2025-12-05,9:37:30.209312217,T,91.08,100,91.24,200,TGT
2025-12-05,9:37:31.498719132,T,91.08,100,91.23,100,TGT
2025-12-05,9:37:31.498754137,T,91.02,200,91.23,100,TGT
2025-12-05,9:37:31.498784315,T,91.02,200,91.22,100,TGT
2025-12-05,9:37:31.498784315,T,91.02,200,91.23,100,TGT
2025-12-05,9:37:31.498789300,T,91.02,200,91.21,100,TGT
2025-12-05,9:37:31.498814402,T,91.02,200,91.15,100,TGT
2025-12-05,9:37:31.499350601,T,90.94,100,91.15,100,TGT
2025-12-05,9:37:31.499621216,T,90.94,100,91.15,200,TGT
2025-12-05,9:37:31.509224112,T,90.94,100,91.15,100,TGT
2025-12-05,9:37:31.509640086,T,90.94,100,91.23,100,TGT
2025-12-05,9:37:31.549324711,T,90.94,100,91.24,200,TGT
2025-12-05,9:37:31.598872681,T,90.94,100,91.24,100,TGT
2025-12-05,9:37:32.378640324,T,90.94,100,91.25,100,TGT
2025-12-05,9:37:32.378670392,T,90.94,100,91.28,200,TGT
2025-12-05,9:37:32.556323696,T,90.94,100,91.25,100,TGT
2025-12-05,9:37:32.556444178,T,90.94,100,91.24,100,TGT
2025-12-05,9:37:32.556920094,T,90.91,300,91.24,100,TGT
2025-12-05,9:37:33.572890377,T,90.91,300,91.23,100,TGT
2025-12-05,9:37:33.572925583,T,90.91,300,91.23,200,TGT
2025-12-05,9:37:33.572925583,T,90.91,300,91.23,300,TGT
2025-12-05,9:37:33.573100881,T,90.91,300,91.23,400,TGT
2025-12-05,9:37:33.573311414,T,90.91,300,91.23,500,TGT
2025-12-05,9:37:35.485697219,T,90.91,300,91.23,400,TGT
2025-12-05,9:37:36.506609318,T,90.91,300,91.18,100,TGT
2025-12-05,9:37:36.507100420,T,90.91,300,91.18,200,TGT
2025-12-05,9:37:36.507110468,T,90.91,300,91.18,300,TGT
2025-12-05,9:37:36.507521512,T,90.91,300,91.18,400,TGT
2025-12-05,9:37:36.510052541,T,91.02,100,91.18,400,TGT
2025-12-05,9:37:37.753640182,T,91.02,100,91.15,200,TGT
2025-12-05,9:37:37.872849254,T,91.02,100,91.15,300,TGT
2025-12-05,9:37:37.873134892,T,91.02,100,91.15,400,TGT
2025-12-05,9:37:38.020586145,T,91.02,100,91.15,300,TGT
2025-12-05,9:37:38.880399436,T,91.02,100,91.15,400,TGT
2025-12-05,9:37:39.319741062,T,91.02,100,91.15,300,TGT
2025-12-05,9:37:39.319741062,T,91.02,100,91.15,200,TGT
2025-12-05,9:37:39.319751069,T,91.02,100,91.15,100,TGT
2025-12-05,9:37:45.436112275,T,91.02,200,91.15,100,TGT
2025-12-05,9:37:45.436458142,T,91.03,100,91.15,100,TGT
2025-12-05,9:37:45.446066053,T,91.02,200,91.15,100,TGT
2025-12-05,9:37:45.446832775,T,91.02,100,91.15,100,TGT
2025-12-05,9:37:53.670439029,T,90.94,100,91.15,100,TGT
2025-12-05,9:37:53.670464178,T,90.91,300,91.15,100,TGT
2025-12-05,9:37:55.505555926,T,90.91,300,91.15,200,TGT
2025-12-05,9:37:57.949001887,T,91.04,100,91.15,200,TGT
2025-12-05,9:38:00.127682232,T,91.04,100,91.14,100,TGT
2025-12-05,9:38:02.155814115,T,90.91,300,91.14,100,TGT
2025-12-05,9:38:02.155819097,T,90.91,300,91.12,100,TGT
2025-12-05,9:38:02.155834160,T,90.91,300,91.08,100,TGT
2025-12-05,9:38:02.255942764,T,90.91,300,91.14,100,TGT
2025-12-05,9:38:02.356101273,T,90.91,300,91.15,200,TGT
2025-12-05,9:38:03.156212305,T,90.94,100,91.15,200,TGT
2025-12-05,9:38:03.442013118,T,90.91,300,91.15,200,TGT
2025-12-05,9:38:03.445245935,T,90.91,300,91.14,100,TGT
2025-12-05,9:38:03.445270875,T,90.91,300,91.15,200,TGT
2025-12-05,9:38:06.308882777,T,91.0,100,91.15,200,TGT
2025-12-05,9:38:07.245068164,T,91.0,100,91.14,100,TGT
2025-12-05,9:38:16.865351486,T,91.03,100,91.14,100,TGT
2025-12-05,9:38:16.865356432,T,91.02,100,91.14,100,TGT
2025-12-05,9:38:16.865386495,T,91.03,100,91.14,100,TGT
2025-12-05,9:38:16.965740604,T,91.0,200,91.14,100,TGT
2025-12-05,9:38:17.065327806,T,91.0,100,91.14,100,TGT
2025-12-05,9:38:21.216131495,T,90.94,100,91.14,100,TGT
2025-12-05,9:38:21.302031190,T,90.94,100,91.15,200,TGT
2025-12-05,9:38:22.011250901,T,90.91,300,91.15,200,TGT
2025-12-05,9:38:22.011290839,T,90.91,300,91.15,300,TGT
2025-12-05,9:38:22.011290839,T,90.91,300,91.13,100,TGT
2025-12-05,9:38:22.011315910,T,90.91,300,91.14,100,TGT
2025-12-05,9:38:22.011325985,T,90.91,300,91.12,100,TGT
2025-12-05,9:38:22.011340944,T,90.91,300,91.14,100,TGT
2025-12-05,9:38:22.011371037,T,90.91,300,91.12,100,TGT
2025-12-05,9:38:22.011481326,T,90.91,300,91.13,100,TGT
2025-12-05,9:38:22.011802117,T,90.94,100,91.13,100,TGT
2025-12-05,9:38:22.053757084,T,90.94,100,91.15,200,TGT
2025-12-05,9:38:23.993167333,T,90.94,100,91.13,100,TGT
2025-12-05,9:38:23.993192666,T,90.94,100,91.11,100,TGT
2025-12-05,9:38:23.993488044,T,90.94,100,91.13,100,TGT
2025-12-05,9:38:24.003136037,T,90.94,100,91.15,200,TGT
2025-12-05,9:38:27.076322182,T,91.0,100,91.15,200,TGT
2025-12-05,9:38:29.277927177,T,90.94,100,91.15,200,TGT
2025-12-05,9:38:29.277932107,T,90.91,300,91.15,200,TGT
2025-12-05,9:38:29.277957254,T,90.91,300,91.13,100,TGT
2025-12-05,9:38:29.277957254,T,90.91,300,91.06,100,TGT
2025-12-05,9:38:29.277962263,T,90.91,200,91.06,100,TGT
2025-12-05,9:38:29.278824312,T,90.91,200,91.07,100,TGT
2025-12-05,9:38:29.278899500,T,90.91,300,91.07,100,TGT
2025-12-05,9:38:29.279024679,T,90.94,100,91.07,100,TGT
2025-12-05,9:38:29.279120004,T,90.94,200,91.07,100,TGT
2025-12-05,9:38:29.288156504,T,90.94,200,91.09,100,TGT
2025-12-05,9:38:29.288412080,T,90.94,200,91.12,100,TGT
2025-12-05,9:38:29.379208440,T,90.94,200,91.15,400,TGT
2025-12-05,9:38:30.278385602,T,90.94,100,91.15,400,TGT
2025-12-05,9:38:30.278385602,T,90.9,200,91.15,400,TGT
2025-12-05,9:38:30.278410731,T,90.97,200,91.15,400,TGT
2025-12-05,9:38:32.538354608,T,90.9,200,91.15,400,TGT
2025-12-05,9:38:32.538379623,T,90.98,200,91.15,400,TGT
2025-12-05,9:38:39.630410054,T,90.98,300,91.15,400,TGT
2025-12-05,9:38:40.966492976,T,90.99,100,91.15,400,TGT
2025-12-05,9:38:40.966517958,T,91.03,200,91.15,400,TGT
2025-12-05,9:38:40.967304849,T,91.03,300,91.15,400,TGT
2025-12-05,9:38:40.967435200,T,91.03,200,91.15,400,TGT
2025-12-05,9:38:40.967460268,T,90.99,100,91.15,400,TGT
2025-12-05,9:38:40.967480251,T,90.99,100,91.07,100,TGT
2025-12-05,9:38:40.967485312,T,90.99,100,91.05,100,TGT
2025-12-05,9:38:40.967530359,T,90.97,100,91.05,100,TGT
2025-12-05,9:38:41.067914558,T,90.97,100,91.15,400,TGT
2025-12-05,9:38:43.058672155,T,90.97,100,91.08,100,TGT
2025-12-05,9:38:43.834926378,T,90.92,100,91.08,100,TGT
2025-12-05,9:38:48.631668899,T,90.98,100,91.08,100,TGT
2025-12-05,9:39:01.806074327,T,90.98,100,91.15,400,TGT
2025-12-05,9:39:01.963664669,T,90.98,100,91.13,100,TGT
2025-12-05,9:39:03.290490495,T,90.98,100,91.07,100,TGT
2025-12-05,9:39:17.487061555,T,90.98,200,91.07,100,TGT
2025-12-05,9:39:17.497165643,T,90.98,100,91.07,100,TGT
2025-12-05,9:39:23.592631767,T,90.98,100,91.13,100,TGT
2025-12-05,9:39:26.867653907,T,90.99,200,91.13,100,TGT
2025-12-05,9:39:30.233933454,T,90.99,300,91.13,100,TGT
2025-12-05,9:39:31.040860710,T,90.99,300,91.15,400,TGT
2025-12-05,9:39:31.828286543,T,90.99,400,91.15,400,TGT
2025-12-05,9:39:31.828296615,T,90.99,300,91.15,400,TGT
2025-12-05,9:39:31.828296615,T,91.01,100,91.15,400,TGT
2025-12-05,9:39:31.828647424,T,91.05,100,91.15,400,TGT
2025-12-05,9:39:31.829228836,T,91.05,100,91.15,200,TGT
2025-12-05,9:39:31.929683116,T,91.0,100,91.15,200,TGT
2025-12-05,9:39:31.929703134,T,90.99,400,91.15,200,TGT
2025-12-05,9:39:31.930575462,T,91.01,100,91.15,200,TGT
2025-12-05,9:39:32.236955185,T,91.01,200,91.15,200,TGT
2025-12-05,9:39:32.403943039,T,91.01,300,91.15,200,TGT
2025-12-05,9:39:34.317276223,T,91.01,400,91.15,200,TGT
2025-12-05,9:39:34.317306311,T,91.02,100,91.15,200,TGT
2025-12-05,9:39:34.317912671,T,91.02,200,91.15,200,TGT
2025-12-05,9:39:34.321390956,T,91.02,300,91.15,200,TGT
2025-12-05,9:39:35.415723096,T,91.02,200,91.15,200,TGT
2025-12-05,9:39:35.518267311,T,91.02,200,91.15,100,TGT
2025-12-05,9:39:35.795648124,T,91.02,200,91.13,100,TGT
2025-12-05,9:39:42.667138415,T,91.05,100,91.13,100,TGT
2025-12-05,9:39:45.453220575,T,91.05,200,91.13,100,TGT
2025-12-05,9:39:53.042956866,T,91.05,100,91.13,100,TGT
2025-12-05,9:40:00.310480400,T,91.02,100,91.13,100,TGT
2025-12-05,9:40:01.821775748,T,91.02,100,91.15,200,TGT
2025-12-05,9:40:01.821775748,T,91.02,100,91.15,100,TGT
2025-12-05,9:40:01.821796207,T,91.02,200,91.15,100,TGT
2025-12-05,9:40:01.821800819,T,91.04,100,91.15,100,TGT
2025-12-05,9:40:01.821800819,T,91.1,100,91.15,100,TGT
2025-12-05,9:40:01.923778808,T,91.08,100,91.15,100,TGT
2025-12-05,9:40:01.923778808,T,91.05,100,91.15,100,TGT
2025-12-05,9:40:02.021952740,T,91.04,100,91.15,100,TGT
2025-12-05,9:40:02.328949179,T,91.02,100,91.15,100,TGT
2025-12-05,9:40:02.771824243,T,91.03,100,91.15,100,TGT
2025-12-05,9:40:03.824186420,T,91.02,100,91.15,100,TGT
2025-12-05,9:40:04.145907774,T,91.02,100,91.2,100,TGT
2025-12-05,9:40:04.145932882,T,91.04,100,91.2,100,TGT
2025-12-05,9:40:04.145932882,T,91.11,100,91.2,100,TGT
2025-12-05,9:40:04.146148332,T,91.11,200,91.2,100,TGT
2025-12-05,9:40:04.146298679,T,91.11,200,91.15,100,TGT
2025-12-05,9:40:04.146373885,T,91.11,200,91.2,100,TGT
2025-12-05,9:40:04.146393928,T,91.12,100,91.2,100,TGT
2025-12-05,9:40:04.146393928,T,91.13,100,91.2,100,TGT
2025-12-05,9:40:04.146955340,T,91.12,200,91.2,100,TGT
2025-12-05,9:40:04.147732149,T,91.12,100,91.2,100,TGT
2025-12-05,9:40:04.156513030,T,91.12,200,91.2,100,TGT
2025-12-05,9:40:04.170992514,T,91.12,100,91.2,100,TGT
2025-12-05,9:40:04.170997596,T,91.11,100,91.2,100,TGT
2025-12-05,9:40:04.171012730,T,91.11,100,91.16,100,TGT
2025-12-05,9:40:04.171017588,T,91.11,100,91.14,100,TGT
2025-12-05,9:40:04.171057753,T,91.07,100,91.14,100,TGT
2025-12-05,9:40:04.172040168,T,91.06,100,91.14,100,TGT
2025-12-05,9:40:04.172050074,T,91.06,100,91.16,100,TGT
2025-12-05,9:40:04.172245564,T,91.07,100,91.16,100,TGT
2025-12-05,9:40:04.271015826,T,91.07,100,91.2,200,TGT
2025-12-05,9:40:04.325525717,T,91.07,100,91.19,100,TGT
2025-12-05,9:40:04.329655469,T,91.07,200,91.19,100,TGT
2025-12-05,9:40:04.371485138,T,91.07,200,91.2,200,TGT
2025-12-05,9:40:04.385478474,T,91.07,200,91.17,100,TGT
2025-12-05,9:40:04.506361453,T,91.07,100,91.17,100,TGT
2025-12-05,9:40:04.506381489,T,91.06,100,91.17,100,TGT
2025-12-05,9:40:04.506386579,T,91.06,100,91.16,100,TGT
2025-12-05,9:40:04.506416629,T,91.02,100,91.16,100,TGT
2025-12-05,9:40:04.506436699,T,91.02,100,91.11,100,TGT
2025-12-05,9:40:04.506476768,T,91.02,100,91.16,100,TGT
2025-12-05,9:40:04.506657141,T,91.02,100,91.15,100,TGT
2025-12-05,9:40:04.506657141,T,91.02,100,91.11,100,TGT
2025-12-05,9:40:04.506677259,T,91.02,100,91.15,100,TGT
2025-12-05,9:40:04.506687595,T,91.0,100,91.15,100,TGT
2025-12-05,9:40:04.506692249,T,91.0,100,91.16,100,TGT
2025-12-05,9:40:04.506692249,T,91.0,100,91.11,100,TGT
2025-12-05,9:40:04.506707356,T,91.0,100,91.16,100,TGT
2025-12-05,9:40:04.506707356,T,91.0,100,91.11,100,TGT
2025-12-05,9:40:04.506938118,T,91.04,100,91.11,100,TGT
2025-12-05,9:40:04.506957946,T,91.04,200,91.11,100,TGT
2025-12-05,9:40:04.506972943,T,91.04,200,91.1,100,TGT
2025-12-05,9:40:04.507569694,T,91.04,100,91.1,100,TGT
2025-12-05,9:40:04.507569694,T,91.04,100,91.11,100,TGT
2025-12-05,9:40:04.507569694,T,91.0,100,91.11,100,TGT
2025-12-05,9:40:04.507594438,T,91.05,200,91.11,100,TGT
2025-12-05,9:40:04.507594438,T,91.05,200,91.1,100,TGT
2025-12-05,9:40:04.507609446,T,91.05,200,91.09,100,TGT
2025-12-05,9:40:04.507619520,T,91.05,200,91.1,100,TGT
2025-12-05,9:40:04.507639627,T,91.0,100,91.1,100,TGT
2025-12-05,9:40:04.507659534,T,91.0,100,91.07,100,TGT
2025-12-05,9:40:04.508221152,T,91.0,100,91.09,100,TGT
2025-12-05,9:40:04.508245942,T,91.0,100,91.1,100,TGT
2025-12-05,9:40:04.508245942,T,91.0,100,91.09,100,TGT
2025-12-05,9:40:04.508266010,T,91.0,100,91.1,100,TGT
2025-12-05,9:40:04.611351561,T,91.0,200,91.1,100,TGT
2025-12-05,9:40:04.706768865,T,91.0,200,91.16,100,TGT
2025-12-05,9:40:05.612912476,T,91.01,100,91.16,100,TGT
2025-12-05,9:40:06.357471257,T,91.0,100,91.16,100,TGT
2025-12-05,9:40:08.393286198,T,91.01,100,91.16,100,TGT
2025-12-05,9:40:09.959337044,T,91.01,200,91.16,100,TGT
2025-12-05,9:40:13.732109909,T,91.01,100,91.16,100,TGT
2025-12-05,9:40:13.732109909,T,91.0,100,91.16,100,TGT
2025-12-05,9:40:13.732134894,T,91.0,100,91.03,100,TGT
2025-12-05,9:40:13.732154950,T,90.99,300,91.03,100,TGT
2025-12-05,9:40:13.732756378,T,90.99,200,91.03,100,TGT
2025-12-05,9:40:13.733187404,T,90.99,200,91.05,200,TGT
2025-12-05,9:40:13.737106731,T,90.99,200,91.05,300,TGT
2025-12-05,9:40:13.737547826,T,90.97,100,91.05,300,TGT
2025-12-05,9:40:13.737567922,T,90.92,100,91.05,300,TGT
2025-12-05,9:40:13.737638038,T,90.92,100,91.05,200,TGT
2025-12-05,9:40:13.737698133,T,90.92,100,91.05,100,TGT
2025-12-05,9:40:13.737708153,T,90.92,100,91.07,100,TGT
2025-12-05,9:40:13.737818467,T,90.92,100,91.09,100,TGT
2025-12-05,9:40:13.738044001,T,90.92,100,91.05,100,TGT
2025-12-05,9:40:13.745702308,T,90.98,100,91.05,100,TGT
2025-12-05,9:40:13.752207699,T,90.98,100,91.09,100,TGT
2025-12-05,9:40:13.833105418,T,90.98,100,91.16,100,TGT
2025-12-05,9:40:13.833912379,T,90.98,100,91.11,100,TGT
2025-12-05,9:40:13.833942451,T,90.98,100,91.11,200,TGT
2025-12-05,9:40:13.834122892,T,90.98,100,91.11,300,TGT
2025-12-05,9:40:13.932246611,T,90.98,100,91.11,200,TGT
2025-12-05,9:40:15.907336947,T,90.98,100,91.11,100,TGT
2025-12-05,9:40:18.962465281,T,90.98,200,91.11,100,TGT
2025-12-05,9:40:27.093701330,T,90.98,100,91.11,100,TGT
2025-12-05,9:40:28.884738300,T,91.01,100,91.11,100,TGT
2025-12-05,9:40:28.885545161,T,91.01,100,91.1,100,TGT
2025-12-05,9:40:35.672378579,T,91.01,200,91.1,100,TGT
2025-12-05,9:40:40.044709751,T,91.01,200,91.16,100,TGT
2025-12-05,9:40:40.044709751,T,91.01,200,91.18,100,TGT
2025-12-05,9:40:40.044734831,T,91.06,100,91.18,100,TGT
2025-12-05,9:40:40.044820080,T,91.06,200,91.18,100,TGT
2025-12-05,9:40:40.045216231,T,91.06,100,91.18,100,TGT
2025-12-05,9:40:40.055234896,T,91.06,200,91.18,100,TGT
2025-12-05,9:40:40.144783192,T,91.06,100,91.18,100,TGT
2025-12-05,9:40:40.530702737,T,91.06,200,91.18,100,TGT
2025-12-05,9:40:40.530702737,T,91.06,200,91.2,300,TGT
2025-12-05,9:40:40.531243786,T,91.1,100,91.2,300,TGT
2025-12-05,9:40:40.531258877,T,91.1,100,91.2,200,TGT
2025-12-05,9:40:40.531720046,T,91.1,200,91.2,200,TGT
2025-12-05,9:40:40.534030451,T,91.1,200,91.22,300,TGT
2025-12-05,9:40:40.540235272,T,91.1,100,91.22,300,TGT
2025-12-05,9:40:41.397261952,T,91.1,200,91.22,300,TGT
2025-12-05,9:40:41.397307027,T,91.11,100,91.22,300,TGT
2025-12-05,9:40:41.397763162,T,91.11,200,91.22,300,TGT
2025-12-05,9:40:41.402248850,T,91.11,100,91.22,300,TGT
2025-12-05,9:40:41.407706852,T,91.12,100,91.22,300,TGT
2025-12-05,9:40:41.408408557,T,91.12,200,91.22,300,TGT
2025-12-05,9:40:41.597438871,T,91.12,200,91.22,200,TGT
2025-12-05,9:40:42.471902137,T,91.13,100,91.22,200,TGT
2025-12-05,9:40:42.472358210,T,91.13,200,91.22,200,TGT
2025-12-05,9:40:42.478953970,T,91.13,100,91.22,200,TGT
2025-12-05,9:40:42.483625127,T,91.12,100,91.22,200,TGT
2025-12-05,9:40:48.965181248,T,91.12,200,91.22,200,TGT
2025-12-05,9:40:52.052470975,T,91.12,100,91.22,200,TGT
2025-12-05,9:40:53.342504295,T,91.14,100,91.22,200,TGT
2025-12-05,9:40:53.820056937,T,91.15,100,91.22,200,TGT
2025-12-05,9:40:53.820067029,T,91.14,100,91.22,200,TGT
2025-12-05,9:40:53.820072045,T,91.15,100,91.22,200,TGT
2025-12-05,9:40:53.820086993,T,91.15,200,91.22,200,TGT
2025-12-05,9:40:53.820508032,T,91.15,100,91.22,200,TGT
2025-12-05,9:40:53.820798698,T,91.15,200,91.22,200,TGT
2025-12-05,9:40:53.821304975,T,91.15,100,91.22,200,TGT
2025-12-05,9:40:53.821455353,T,91.15,200,91.22,200,TGT
2025-12-05,9:40:53.830110887,T,91.15,100,91.22,200,TGT
2025-12-05,9:40:53.830541989,T,91.15,200,91.22,200,TGT
2025-12-05,9:40:53.920085246,T,91.15,100,91.22,200,TGT
2025-12-05,9:40:54.023957660,T,91.15,100,91.22,100,TGT
2025-12-05,9:40:54.023957660,T,91.15,100,91.26,100,TGT
2025-12-05,9:40:54.023977956,T,91.2,100,91.26,100,TGT
2025-12-05,9:40:54.024052927,T,91.2,100,91.28,200,TGT
2025-12-05,9:40:54.024980084,T,91.19,100,91.28,200,TGT
2025-12-05,9:40:54.025050275,T,91.19,100,91.28,100,TGT
2025-12-05,9:40:54.025070339,T,91.22,100,91.28,100,TGT
2025-12-05,9:40:54.026107780,T,91.2,100,91.28,100,TGT
2025-12-05,9:40:54.035299793,T,91.19,100,91.28,100,TGT
2025-12-05,9:40:54.124051209,T,91.16,100,91.28,100,TGT
2025-12-05,9:40:54.124076240,T,91.15,100,91.28,100,TGT
2025-12-05,9:40:54.224014260,T,91.14,100,91.28,100,TGT
2025-12-05,9:40:54.664523670,T,91.12,200,91.28,100,TGT
2025-12-05,9:40:54.664548790,T,91.12,100,91.28,100,TGT
2025-12-05,9:40:55.024912239,T,91.12,100,91.3,100,TGT
2025-12-05,9:40:55.024932260,T,91.12,200,91.3,100,TGT
2025-12-05,9:40:55.024937293,T,91.22,100,91.3,100,TGT
2025-12-05,9:40:55.024947251,T,91.22,200,91.3,100,TGT
2025-12-05,9:40:55.025268021,T,91.22,300,91.3,100,TGT
2025-12-05,9:40:55.025518665,T,91.22,400,91.3,100,TGT
2025-12-05,9:40:55.031994078,T,91.22,300,91.3,100,TGT
2025-12-05,9:40:55.034971200,T,91.22,200,91.3,100,TGT
2025-12-05,9:40:55.124955514,T,91.22,100,91.3,100,TGT
2025-12-05,9:40:55.266046578,T,91.21,100,91.3,100,TGT
2025-12-05,9:40:55.267459955,T,91.15,100,91.3,100,TGT
2025-12-05,9:40:55.795307562,T,91.21,100,91.3,100,TGT
2025-12-05,9:40:56.275556684,T,91.25,100,91.3,100,TGT
2025-12-05,9:40:56.275762220,T,91.25,200,91.3,100,TGT
2025-12-05,9:41:00.281550244,T,91.25,100,91.3,100,TGT
2025-12-05,9:41:02.034290668,T,91.21,200,91.3,100,TGT
2025-12-05,9:41:02.034325798,T,91.21,100,91.3,100,TGT
2025-12-05,9:41:02.034626512,T,91.21,100,91.26,100,TGT
2025-12-05,9:41:02.034762027,T,91.21,100,91.3,100,TGT
2025-12-05,9:41:02.034786872,T,91.25,100,91.3,100,TGT
2025-12-05,9:41:02.034857014,T,91.25,500,91.3,100,TGT
2025-12-05,9:41:02.034997439,T,91.25,900,91.3,100,TGT
2025-12-05,9:41:02.035077559,T,91.25,500,91.3,100,TGT
2025-12-05,9:41:02.035077559,T,91.25,100,91.3,100,TGT
2025-12-05,9:41:02.035087607,T,91.25,200,91.3,100,TGT
2025-12-05,9:41:02.035102663,T,91.27,800,91.3,100,TGT
2025-12-05,9:41:02.035247968,T,91.28,100,91.3,100,TGT
2025-12-05,9:41:02.035268106,T,91.28,900,91.3,100,TGT
2025-12-05,9:41:02.035293420,T,91.28,900,91.35,100,TGT
2025-12-05,9:41:02.035293420,T,91.28,900,91.38,200,TGT
2025-12-05,9:41:02.035638937,T,91.29,800,91.38,200,TGT
2025-12-05,9:41:02.036696408,T,91.29,800,91.38,100,TGT
2025-12-05,9:41:02.037212711,T,91.28,100,91.38,100,TGT
2025-12-05,9:41:02.037227730,T,91.27,100,91.38,100,TGT
2025-12-05,9:41:02.037237715,T,91.3,800,91.38,100,TGT
2025-12-05,9:41:02.039127292,T,91.31,100,91.38,100,TGT
2025-12-05,9:41:02.039172308,T,91.31,900,91.38,100,TGT
2025-12-05,9:41:02.073439022,T,91.31,800,91.38,100,TGT
2025-12-05,9:41:02.073439022,T,91.26,100,91.38,100,TGT
2025-12-05,9:41:02.073474009,T,91.26,100,91.34,100,TGT
2025-12-05,9:41:02.074275968,T,91.25,100,91.34,100,TGT
2025-12-05,9:41:02.580251504,T,91.25,100,91.38,100,TGT
2025-12-05,9:41:03.587867184,T,91.26,100,91.38,100,TGT
2025-12-05,9:41:06.035081786,T,91.26,100,91.38,200,TGT
2025-12-05,9:41:06.035081786,T,91.26,100,91.36,100,TGT
2025-12-05,9:41:06.035116909,T,91.26,100,91.35,100,TGT
2025-12-05,9:41:06.035653376,T,91.25,100,91.35,100,TGT
2025-12-05,9:41:06.035678269,T,91.25,100,91.34,100,TGT
2025-12-05,9:41:06.035693283,T,91.25,100,91.32,100,TGT
2025-12-05,9:41:06.035703297,T,91.25,100,91.34,100,TGT
2025-12-05,9:41:06.035708365,T,91.25,100,91.32,100,TGT
2025-12-05,9:41:06.037432403,T,91.21,100,91.32,100,TGT
2025-12-05,9:41:06.037452780,T,91.21,100,91.29,100,TGT
2025-12-05,9:41:06.037457508,T,91.21,100,91.28,100,TGT
2025-12-05,9:41:06.038013851,T,91.21,100,91.29,100,TGT
2025-12-05,9:41:06.038685483,T,91.21,100,91.32,100,TGT
2025-12-05,9:41:06.039477355,T,91.12,300,91.32,100,TGT
2025-12-05,9:41:06.040655120,T,91.12,200,91.32,100,TGT
2025-12-05,9:41:06.042740137,T,91.16,100,91.32,100,TGT
2025-12-05,9:41:06.205071812,T,91.16,100,91.28,100,TGT
2025-12-05,9:41:09.911631813,T,91.16,100,91.37,200,TGT
2025-12-05,9:41:10.256222794,T,91.16,200,91.37,200,TGT
2025-12-05,9:41:10.553355696,T,91.16,200,91.34,100,TGT
2025-12-05,9:41:10.553355696,T,91.16,200,91.33,100,TGT
2025-12-05,9:41:10.553410805,T,91.16,200,91.34,100,TGT
2025-12-05,9:41:10.554468331,T,91.16,200,91.37,200,TGT
2025-12-05,9:41:11.060659429,T,91.16,200,91.34,100,TGT
2025-12-05,9:41:12.247566813,T,91.16,200,91.27,100,TGT
2025-12-05,9:41:36.839622956,T,91.16,100,91.27,100,TGT
2025-12-05,9:41:36.862818178,T,91.16,100,91.37,200,TGT
2025-12-05,9:41:36.862823145,T,91.18,100,91.37,200,TGT
2025-12-05,9:41:36.862838214,T,91.23,100,91.37,200,TGT
2025-12-05,9:41:36.863103795,T,91.23,200,91.37,200,TGT
2025-12-05,9:41:36.863865621,T,91.23,300,91.37,200,TGT
2025-12-05,9:41:36.864527275,T,91.23,400,91.37,200,TGT
2025-12-05,9:41:36.867484309,T,91.23,400,91.34,100,TGT
2025-12-05,9:41:36.867925616,T,91.23,400,91.37,200,TGT
2025-12-05,9:41:36.870992648,T,91.23,300,91.37,200,TGT
2025-12-05,9:41:36.871012638,T,91.23,300,91.34,100,TGT
2025-12-05,9:41:36.878430308,T,91.23,200,91.34,100,TGT
2025-12-05,9:41:36.962861522,T,91.23,100,91.34,100,TGT
2025-12-05,9:41:38.067658450,T,91.24,100,91.34,100,TGT
2025-12-05,9:41:45.966741618,T,91.24,200,91.34,100,TGT
2025-12-05,9:41:51.142827635,T,91.24,200,91.33,100,TGT
2025-12-05,9:41:51.142857764,T,91.24,200,91.34,100,TGT
2025-12-05,9:41:52.307061203,T,91.24,200,91.32,100,TGT
2025-12-05,9:42:02.915158001,T,91.28,100,91.32,100,TGT
2025-12-05,9:42:03.115199516,T,91.24,100,91.32,100,TGT
2025-12-05,9:42:03.887539718,T,91.24,100,91.35,100,TGT
2025-12-05,9:42:03.887560032,T,91.3,100,91.35,100,TGT
2025-12-05,9:42:03.887629835,T,91.3,100,91.38,200,TGT
2025-12-05,9:42:03.888115984,T,91.28,100,91.38,200,TGT
2025-12-05,9:42:03.888627269,T,91.27,100,91.38,200,TGT
2025-12-05,9:42:03.939192729,T,91.24,200,91.38,200,TGT
2025-12-05,9:42:03.939358128,T,91.24,200,91.38,100,TGT
2025-12-05,9:42:03.939388202,T,91.27,100,91.38,100,TGT
2025-12-05,9:42:03.998549107,T,91.28,100,91.38,100,TGT
2025-12-05,9:42:03.998549107,T,91.3,100,91.38,100,TGT
2025-12-05,9:42:03.998985149,T,91.33,100,91.38,100,TGT
2025-12-05,9:42:04.000107811,T,91.29,100,91.38,100,TGT
2025-12-05,9:42:04.108420804,T,91.32,100,91.38,100,TGT
2025-12-05,9:42:05.918783601,T,91.24,200,91.38,100,TGT
2025-12-05,9:42:05.918803606,T,91.24,200,91.36,100,TGT
2025-12-05,9:42:05.918813714,T,91.24,100,91.36,100,TGT
2025-12-05,9:42:05.919359999,T,91.24,100,91.37,200,TGT
2025-12-05,9:42:05.919425128,T,91.24,100,91.37,100,TGT
2025-12-05,9:42:05.921815841,T,91.24,100,91.37,200,TGT
2025-12-05,9:42:05.927569530,T,91.24,100,91.37,100,TGT
2025-12-05,9:42:06.019057435,T,91.24,100,91.38,100,TGT
2025-12-05,9:42:09.179070568,T,91.24,100,91.37,100,TGT
2025-12-05,9:42:14.203390013,T,91.24,100,91.37,200,TGT
2025-12-05,9:42:14.203790983,T,91.27,100,91.37,200,TGT
2025-12-05,9:42:14.204016542,T,91.24,100,91.37,200,TGT
2025-12-05,9:42:14.204036609,T,91.24,100,91.36,100,TGT
2025-12-05,9:42:14.204071630,T,91.24,100,91.35,100,TGT
2025-12-05,9:42:14.204522766,T,91.24,100,91.36,100,TGT
2025-12-05,9:42:14.208442112,T,91.23,400,91.36,100,TGT
2025-12-05,9:42:14.211078416,T,91.23,400,91.37,200,TGT
2025-12-05,9:42:14.213368838,T,91.23,400,91.37,100,TGT
2025-12-05,9:42:16.512054985,T,91.28,100,91.37,100,TGT
2025-12-05,9:42:16.512105142,T,91.23,400,91.37,100,TGT
2025-12-05,9:42:16.512205371,T,91.23,300,91.37,100,TGT
2025-12-05,9:42:16.512225375,T,91.23,300,91.29,100,TGT
2025-12-05,9:42:16.512601233,T,91.23,300,91.37,200,TGT
2025-12-05,9:42:16.512641618,T,91.23,400,91.37,200,TGT
2025-12-05,9:42:16.512641618,T,91.23,400,91.37,100,TGT
2025-12-05,9:42:16.512661447,T,91.24,100,91.37,100,TGT
2025-12-05,9:42:16.512891927,T,91.24,200,91.37,100,TGT
2025-12-05,9:42:16.513107545,T,91.24,100,91.37,100,TGT
2025-12-05,9:42:18.966557452,T,91.24,200,91.37,100,TGT
2025-12-05,9:42:28.204229440,T,91.28,100,91.37,100,TGT
2025-12-05,9:42:28.204244478,T,91.28,200,91.37,100,TGT
2025-12-05,9:42:28.204269554,T,91.28,100,91.37,100,TGT
2025-12-05,9:42:28.204319968,T,91.28,200,91.37,100,TGT
2025-12-05,9:42:28.204369799,T,91.28,200,91.38,100,TGT
2025-12-05,9:42:28.204379850,T,91.29,100,91.38,100,TGT
2025-12-05,9:42:28.204389876,T,91.28,200,91.38,100,TGT
2025-12-05,9:42:28.204394906,T,91.33,100,91.38,100,TGT
2025-12-05,9:42:28.204615456,T,91.33,200,91.38,100,TGT
2025-12-05,9:42:28.206098923,T,91.33,300,91.38,100,TGT
2025-12-05,9:42:28.207311855,T,91.33,300,91.46,200,TGT
2025-12-05,9:42:28.207332025,T,91.33,400,91.46,200,TGT
2025-12-05,9:42:28.207336852,T,91.35,100,91.46,200,TGT
2025-12-05,9:42:28.207607523,T,91.35,200,91.46,200,TGT
2025-12-05,9:42:28.207627547,T,91.35,100,91.46,200,TGT
2025-12-05,9:42:28.207627547,T,91.37,100,91.46,200,TGT
2025-12-05,9:42:28.207697735,T,91.35,100,91.46,200,TGT
2025-12-05,9:42:28.207893194,T,91.34,100,91.46,200,TGT
2025-12-05,9:42:28.208379335,T,91.33,300,91.46,200,TGT
2025-12-05,9:42:28.230452001,T,91.33,400,91.46,200,TGT
2025-12-05,9:42:28.246500124,T,91.34,100,91.46,200,TGT
2025-12-05,9:42:28.246510281,T,91.39,100,91.46,200,TGT
2025-12-05,9:42:28.246665624,T,91.39,100,91.52,100,TGT
2025-12-05,9:42:28.247071534,T,91.33,300,91.52,100,TGT
2025-12-05,9:42:28.247096621,T,91.34,100,91.52,100,TGT
2025-12-05,9:42:28.247111664,T,91.37,100,91.52,100,TGT
2025-12-05,9:42:28.247833392,T,91.34,100,91.52,100,TGT
2025-12-05,9:42:28.254589452,T,91.33,300,91.52,100,TGT
2025-12-05,9:42:28.304774052,T,91.33,200,91.52,100,TGT
2025-12-05,9:42:28.313725353,T,91.33,200,91.51,200,TGT
2025-12-05,9:42:28.423161002,T,91.38,100,91.51,200,TGT
2025-12-05,9:42:28.426418768,T,91.38,200,91.51,200,TGT
2025-12-05,9:42:28.426709500,T,91.38,300,91.51,200,TGT
2025-12-05,9:42:29.334958178,T,91.38,400,91.51,200,TGT
2025-12-05,9:42:29.334978298,T,91.38,300,91.51,200,TGT
2025-12-05,9:42:29.334993285,T,91.38,400,91.51,200,TGT
2025-12-05,9:42:29.340170669,T,91.38,300,91.51,200,TGT
2025-12-05,9:42:33.146899468,T,91.38,400,91.51,200,TGT
2025-12-05,9:42:33.146929560,T,91.39,100,91.51,200,TGT
2025-12-05,9:42:33.147565966,T,91.39,200,91.51,200,TGT
2025-12-05,9:42:33.154537636,T,91.39,100,91.51,200,TGT
2025-12-05,9:42:33.709975847,T,91.39,100,91.5,100,TGT
2025-12-05,9:42:35.697245269,T,91.4,100,91.5,100,TGT
2025-12-05,9:42:39.200671562,T,91.41,100,91.5,100,TGT
2025-12-05,9:42:39.200696584,T,91.4,200,91.5,100,TGT
2025-12-05,9:42:39.200701545,T,91.4,100,91.5,100,TGT
2025-12-05,9:42:39.200706586,T,91.41,100,91.5,100,TGT
2025-12-05,9:42:39.211016266,T,91.41,200,91.5,100,TGT
2025-12-05,9:42:39.211221629,T,91.41,300,91.5,100,TGT
2025-12-05,9:42:39.301095737,T,91.41,200,91.5,100,TGT
2025-12-05,9:42:39.400868404,T,91.41,100,91.5,100,TGT
2025-12-05,9:42:40.186063913,T,91.43,100,91.5,100,TGT
2025-12-05,9:42:40.186079069,T,91.44,100,91.5,100,TGT
2025-12-05,9:42:40.186164230,T,91.44,200,91.5,100,TGT
2025-12-05,9:42:40.186169278,T,91.44,200,91.57,300,TGT
2025-12-05,9:42:40.186209745,T,91.45,100,91.57,300,TGT
2025-12-05,9:42:40.186224549,T,91.44,200,91.57,300,TGT
2025-12-05,9:42:40.186224549,T,91.45,100,91.57,300,TGT
2025-12-05,9:42:40.186274522,T,91.47,100,91.57,300,TGT
2025-12-05,9:42:40.186404779,T,91.48,100,91.57,300,TGT
2025-12-05,9:42:40.186956106,T,91.47,200,91.57,300,TGT
2025-12-05,9:42:40.190710052,T,91.47,100,91.57,300,TGT
2025-12-05,9:42:40.190730110,T,91.47,100,91.54,100,TGT
2025-12-05,9:42:40.190755169,T,91.44,200,91.54,100,TGT
2025-12-05,9:42:40.190790181,T,91.45,100,91.54,100,TGT
2025-12-05,9:42:40.191000775,T,91.47,100,91.54,100,TGT
2025-12-05,9:42:40.191010711,T,91.48,100,91.54,100,TGT
2025-12-05,9:42:40.191040869,T,91.48,100,91.57,300,TGT
2025-12-05,9:42:40.191351891,T,91.49,100,91.57,300,TGT
2025-12-05,9:42:40.191948015,T,91.45,100,91.57,300,TGT
2025-12-05,9:42:40.191968083,T,91.45,100,91.51,100,TGT
2025-12-05,9:42:40.191998059,T,91.45,100,91.54,100,TGT
2025-12-05,9:42:40.192003171,T,91.45,100,91.57,300,TGT
2025-12-05,9:42:40.192018140,T,91.48,100,91.57,300,TGT
2025-12-05,9:42:40.192293839,T,91.5,100,91.57,300,TGT
2025-12-05,9:42:40.192353951,T,91.5,200,91.57,300,TGT
2025-12-05,9:42:40.192544384,T,91.5,100,91.57,300,TGT
2025-12-05,9:42:40.192544384,T,91.48,100,91.57,300,TGT
2025-12-05,9:42:40.192689774,T,91.49,100,91.57,300,TGT
2025-12-05,9:42:40.192774960,T,91.49,100,91.54,100,TGT
2025-12-05,9:42:40.192940319,T,91.49,100,91.57,300,TGT
2025-12-05,9:42:40.193080700,T,91.5,100,91.57,300,TGT
2025-12-05,9:42:40.609603013,T,91.5,100,91.57,100,TGT
2025-12-05,9:42:41.305921918,T,91.5,200,91.57,100,TGT
2025-12-05,9:42:42.747165692,T,91.5,200,91.58,100,TGT
2025-12-05,9:42:42.747185396,T,91.51,100,91.58,100,TGT
2025-12-05,9:42:42.747721728,T,91.51,100,91.6,200,TGT
2025-12-05,9:42:42.747746715,T,91.51,100,91.6,100,TGT
2025-12-05,9:42:42.748528589,T,91.51,200,91.6,100,TGT
2025-12-05,9:42:42.749661320,T,91.52,100,91.6,100,TGT
2025-12-05,9:42:42.749686370,T,91.52,200,91.6,100,TGT
2025-12-05,9:42:42.991372113,T,91.52,100,91.6,100,TGT
2025-12-05,9:42:43.269013828,T,91.53,100,91.6,100,TGT
2025-12-05,9:42:43.270101134,T,91.5,100,91.6,100,TGT
2025-12-05,9:42:48.619124295,T,91.53,100,91.6,100,TGT
2025-12-05,9:42:51.652124719,T,91.54,100,91.6,100,TGT
2025-12-05,9:42:52.286551273,T,91.54,100,91.59,100,TGT
2025-12-05,9:42:57.201254575,T,91.54,200,91.59,100,TGT
2025-12-05,9:42:58.157597945,T,91.54,100,91.59,100,TGT
2025-12-05,9:42:58.157597945,T,91.43,100,91.59,100,TGT
2025-12-05,9:42:58.157623045,T,91.43,100,91.55,100,TGT
2025-12-05,9:42:58.157698294,T,91.43,100,91.55,200,TGT
2025-12-05,9:42:58.157848700,T,91.43,100,91.55,100,TGT
2025-12-05,9:42:58.157848700,T,91.43,100,91.56,200,TGT
2025-12-05,9:42:58.157878598,T,91.53,100,91.56,200,TGT
2025-12-05,9:42:58.157898745,T,91.53,200,91.56,200,TGT
2025-12-05,9:42:58.157903723,T,91.53,200,91.56,100,TGT
2025-12-05,9:42:58.157903723,T,91.54,200,91.56,100,TGT
2025-12-05,9:42:58.157908779,T,91.54,300,91.56,100,TGT
2025-12-05,9:42:58.157933775,T,91.54,300,91.57,100,TGT
2025-12-05,9:42:58.157953974,T,91.56,100,91.57,100,TGT
2025-12-05,9:42:58.157999337,T,91.53,100,91.57,100,TGT
2025-12-05,9:42:58.157999337,T,91.54,100,91.57,100,TGT
2025-12-05,9:42:58.157999337,T,91.56,100,91.57,100,TGT
2025-12-05,9:42:58.158018980,T,91.56,200,91.57,100,TGT
2025-12-05,9:42:58.158018980,T,91.56,300,91.57,100,TGT
2025-12-05,9:42:58.158018980,T,91.56,300,91.57,200,TGT
2025-12-05,9:42:58.158084154,T,91.56,300,91.57,100,TGT
2025-12-05,9:42:58.158084154,T,91.56,300,91.59,100,TGT
2025-12-05,9:42:58.158129244,T,91.56,100,91.59,100,TGT
2025-12-05,9:42:58.158129244,T,91.57,200,91.59,100,TGT
2025-12-05,9:42:58.158184436,T,91.57,300,91.59,100,TGT
2025-12-05,9:42:58.158219443,T,91.57,300,91.58,100,TGT
2025-12-05,9:42:58.158249555,T,91.57,300,91.59,200,TGT
2025-12-05,9:42:58.158254605,T,91.57,300,91.59,100,TGT
2025-12-05,9:42:58.158324769,T,91.57,600,91.59,100,TGT
2025-12-05,9:42:58.158395114,T,91.57,300,91.59,100,TGT
2025-12-05,9:42:58.158399846,T,91.57,500,91.59,100,TGT
2025-12-05,9:42:58.158424900,T,91.57,300,91.59,100,TGT
2025-12-05,9:42:58.158429964,T,91.57,200,91.59,100,TGT
2025-12-05,9:42:58.158429964,T,91.57,100,91.59,100,TGT
2025-12-05,9:42:58.158429964,T,91.53,100,91.59,100,TGT
2025-12-05,9:42:58.158450037,T,91.57,100,91.59,100,TGT
2025-12-05,9:42:58.158475644,T,91.53,100,91.59,100,TGT
2025-12-05,9:42:58.159036426,T,91.53,200,91.59,100,TGT
2025-12-05,9:42:58.159056507,T,91.53,100,91.59,100,TGT
2025-12-05,9:42:58.159492600,T,91.54,100,91.59,100,TGT
2025-12-05,9:42:58.159498125,T,91.54,200,91.59,100,TGT
2025-12-05,9:42:58.159512574,T,91.57,100,91.59,100,TGT
2025-12-05,9:42:58.159903499,T,91.54,100,91.59,100,TGT
2025-12-05,9:42:58.159923506,T,91.54,100,91.58,100,TGT
2025-12-05,9:42:58.159923506,T,91.54,100,91.58,200,TGT
2025-12-05,9:42:58.160214230,T,91.54,200,91.58,200,TGT
2025-12-05,9:42:58.160259331,T,91.55,100,91.58,200,TGT
2025-12-05,9:42:58.160264291,T,91.56,100,91.58,200,TGT
2025-12-05,9:42:58.160269370,T,91.57,100,91.58,200,TGT
2025-12-05,9:42:58.160274433,T,91.57,100,91.58,100,TGT
2025-12-05,9:42:58.160274433,T,91.57,100,91.59,100,TGT
2025-12-05,9:42:58.160304446,T,91.57,200,91.59,100,TGT
2025-12-05,9:42:58.165928308,T,91.57,100,91.59,100,TGT
2025-12-05,9:42:58.165928308,T,91.55,100,91.59,100,TGT
2025-12-05,9:42:58.165952895,T,91.54,100,91.59,100,TGT
2025-12-05,9:42:58.166053154,T,91.53,200,91.59,100,TGT
2025-12-05,9:42:58.166073221,T,91.53,100,91.59,100,TGT
2025-12-05,9:42:58.166078130,T,91.53,200,91.59,100,TGT
2025-12-05,9:42:58.166078130,T,91.54,100,91.59,100,TGT
2025-12-05,9:42:58.166118232,T,91.58,100,91.59,100,TGT
2025-12-05,9:42:58.166223509,T,91.54,100,91.59,100,TGT
2025-12-05,9:42:58.166223509,T,91.53,200,91.59,100,TGT
2025-12-05,9:42:58.209005477,T,91.53,100,91.59,100,TGT
2025-12-05,9:42:58.258072392,T,91.51,100,91.59,100,TGT
2025-12-05,9:42:58.258097366,T,91.5,100,91.59,100,TGT
2025-12-05,9:42:58.258117472,T,91.49,100,91.59,100,TGT
2025-12-05,9:42:58.258117472,T,91.43,200,91.59,100,TGT
2025-12-05,9:42:58.258142732,T,91.49,100,91.59,100,TGT
2025-12-05,9:42:58.258142732,T,91.5,100,91.59,100,TGT
2025-12-05,9:42:58.359619239,T,91.49,100,91.59,100,TGT
2025-12-05,9:43:00.044252512,T,91.49,100,91.57,100,TGT
2025-12-05,9:43:00.044447983,T,91.43,200,91.57,100,TGT
2025-12-05,9:43:00.044773753,T,91.43,200,91.59,100,TGT
2025-12-05,9:43:00.093955914,T,91.43,200,91.57,100,TGT
2025-12-05,9:43:00.126207757,T,91.43,200,91.57,200,TGT
2025-12-05,9:43:00.347504964,T,91.44,100,91.57,200,TGT
2025-12-05,9:43:00.358310764,T,91.43,200,91.57,200,TGT
2025-12-05,9:43:00.367883547,T,91.43,200,91.57,100,TGT
2025-12-05,9:43:00.368946074,T,91.43,200,91.57,200,TGT
2025-12-05,9:43:00.397213531,T,91.43,200,91.57,100,TGT
2025-12-05,9:43:00.397664509,T,91.43,200,91.57,200,TGT
2025-12-05,9:43:00.569559008,T,91.43,100,91.57,200,TGT
2025-12-05,9:43:00.569654191,T,91.43,100,91.56,100,TGT
2025-12-05,9:43:00.569734376,T,91.43,100,91.56,200,TGT
2025-12-05,9:43:00.580865985,T,91.43,100,91.56,100,TGT
2025-12-05,9:43:00.661392820,T,91.43,100,91.53,100,TGT
2025-12-05,9:43:00.661538133,T,91.43,100,91.53,200,TGT
2025-12-05,9:43:00.662485360,T,91.43,100,91.53,100,TGT
2025-12-05,9:43:01.544215986,T,91.5,100,91.53,100,TGT
2025-12-05,9:43:01.984414634,T,91.49,100,91.53,100,TGT
2025-12-05,9:43:01.985156443,T,91.49,100,91.6,100,TGT
2025-12-05,9:43:03.505367961,T,91.49,100,91.57,100,TGT
2025-12-05,9:43:03.505393099,T,91.5,100,91.57,100,TGT
2025-12-05,9:43:03.506701179,T,91.5,100,91.57,200,TGT
2025-12-05,9:43:04.871387244,T,91.5,100,91.57,100,TGT
2025-12-05,9:43:04.871763157,T,91.51,100,91.57,100,TGT
2025-12-05,9:43:04.873677764,T,91.5,100,91.57,100,TGT
2025-12-05,9:43:05.511246593,T,91.49,100,91.57,100,TGT
2025-12-05,9:43:07.833283479,T,91.51,100,91.57,100,TGT
2025-12-05,9:43:07.834205616,T,91.49,100,91.57,100,TGT
2025-12-05,9:43:07.834230954,T,91.49,100,91.53,100,TGT
2025-12-05,9:43:07.834787040,T,91.49,100,91.57,200,TGT
2025-12-05,9:43:07.834992508,T,91.49,100,91.57,100,TGT
2025-12-05,9:43:09.970921044,T,91.43,100,91.57,100,TGT
2025-12-05,9:43:11.650111392,T,91.43,100,91.57,200,TGT
2025-12-05,9:43:11.650116443,T,91.43,100,91.55,100,TGT
2025-12-05,9:43:11.650116443,T,91.43,100,91.54,100,TGT
2025-12-05,9:43:11.650131371,T,91.43,100,91.55,100,TGT
2025-12-05,9:43:11.650151484,T,91.43,100,91.54,100,TGT
2025-12-05,9:43:11.655494143,T,91.43,100,91.57,200,TGT
2025-12-05,9:43:11.750144656,T,91.43,100,91.57,100,TGT
2025-12-05,9:43:12.357326149,T,91.45,100,91.57,100,TGT
2025-12-05,9:43:12.778589757,T,91.45,100,91.6,100,TGT
2025-12-05,9:43:13.984272070,T,91.45,200,91.6,100,TGT
2025-12-05,9:43:14.789124615,T,91.45,200,91.57,100,TGT
2025-12-05,9:43:17.440099852,T,91.45,200,91.6,100,TGT
2025-12-05,9:43:17.440530893,T,91.45,300,91.6,100,TGT
2025-12-05,9:43:18.314387779,T,91.45,200,91.6,100,TGT
2025-12-05,9:43:18.700813338,T,91.45,200,91.57,100,TGT
2025-12-05,9:43:19.324423955,T,91.47,100,91.57,100,TGT
2025-12-05,9:43:28.646036047,T,91.47,100,91.6,100,TGT
2025-12-05,9:43:28.989679763,T,91.47,200,91.6,100,TGT
2025-12-05,9:43:30.272746367,T,91.47,200,91.57,100,TGT
2025-12-05,9:43:34.149211443,T,91.47,200,91.6,100,TGT
2025-12-05,9:43:36.449752129,T,91.47,200,91.57,100,TGT
2025-12-05,9:43:38.534909516,T,91.47,300,91.57,100,TGT
2025-12-05,9:43:40.015606931,T,91.47,200,91.57,100,TGT
2025-12-05,9:43:41.166644225,T,91.49,100,91.57,100,TGT
2025-12-05,9:43:41.167491156,T,91.49,200,91.57,100,TGT
2025-12-05,9:43:50.589251477,T,91.5,100,91.57,100,TGT
2025-12-05,9:43:50.589286627,T,91.52,100,91.57,100,TGT
2025-12-05,9:43:50.589291562,T,91.5,100,91.57,100,TGT
2025-12-05,9:43:50.589321715,T,91.5,200,91.57,100,TGT
2025-12-05,9:43:50.589707541,T,91.5,300,91.57,100,TGT
2025-12-05,9:43:50.589757712,T,91.5,300,91.6,100,TGT
2025-12-05,9:43:50.589777790,T,91.52,100,91.6,100,TGT
2025-12-05,9:43:50.589777790,T,91.54,100,91.6,100,TGT
2025-12-05,9:43:50.589777790,T,91.55,100,91.6,100,TGT
2025-12-05,9:43:50.590334065,T,91.54,200,91.6,100,TGT
2025-12-05,9:43:50.590414315,T,91.54,100,91.6,100,TGT
2025-12-05,9:43:50.590755100,T,91.56,100,91.6,100,TGT
2025-12-05,9:43:52.544835426,T,91.5,100,91.6,100,TGT
2025-12-05,9:43:52.544855417,T,91.5,100,91.59,100,TGT
2025-12-05,9:43:52.544860600,T,91.5,100,91.58,100,TGT
2025-12-05,9:43:52.544870548,T,91.49,200,91.58,100,TGT
2025-12-05,9:43:52.545411811,T,91.49,200,91.59,100,TGT
2025-12-05,9:43:52.545527570,T,91.5,100,91.59,100,TGT
2025-12-05,9:43:52.545527570,T,91.53,100,91.59,100,TGT
2025-12-05,9:43:52.545532142,T,91.53,200,91.59,100,TGT
2025-12-05,9:43:52.545552176,T,91.53,100,91.59,100,TGT
2025-12-05,9:43:52.545968092,T,91.53,100,91.6,100,TGT
2025-12-05,9:43:52.553070072,T,91.54,100,91.6,100,TGT
2025-12-05,9:44:00.971435203,T,91.54,200,91.6,100,TGT
2025-12-05,9:44:07.870826880,T,91.58,100,91.6,100,TGT
2025-12-05,9:44:07.871267832,T,91.58,200,91.6,100,TGT
2025-12-05,9:44:07.871463388,T,91.59,100,91.6,100,TGT
2025-12-05,9:44:07.871924419,T,91.59,100,91.64,100,TGT
2025-12-05,9:44:07.871934441,T,91.59,100,91.62,100,TGT
2025-12-05,9:44:07.871949477,T,91.59,100,91.64,100,TGT
2025-12-05,9:44:07.872440874,T,91.59,100,91.67,300,TGT
2025-12-05,9:44:07.872465696,T,91.6,100,91.67,300,TGT
2025-12-05,9:44:07.872726367,T,91.6,100,91.67,100,TGT
2025-12-05,9:44:07.872751463,T,91.6,100,91.68,100,TGT
2025-12-05,9:44:07.882720183,T,91.59,100,91.68,100,TGT
2025-12-05,9:44:07.906627072,T,91.59,100,91.7,100,TGT
2025-12-05,9:44:07.936007159,T,91.6,100,91.7,100,TGT
2025-12-05,9:44:08.021696556,T,91.6,100,91.68,100,TGT
2025-12-05,9:44:08.021701281,T,91.59,100,91.68,100,TGT
2025-12-05,9:44:08.021721329,T,91.59,100,91.65,100,TGT
2025-12-05,9:44:08.021721329,T,91.59,100,91.62,100,TGT
2025-12-05,9:44:08.021801788,T,91.59,100,91.62,200,TGT
2025-12-05,9:44:08.021851654,T,91.59,100,91.62,100,TGT
2025-12-05,9:44:08.022272632,T,91.59,100,91.63,100,TGT
2025-12-05,9:44:08.222745177,T,91.59,100,91.64,100,TGT
2025-12-05,9:44:10.696112602,T,91.6,100,91.64,100,TGT
2025-12-05,9:44:10.696132570,T,91.6,100,91.65,100,TGT
2025-12-05,9:44:11.166794122,T,91.59,100,91.65,100,TGT
2025-12-05,9:44:11.166813987,T,91.59,100,91.61,100,TGT
2025-12-05,9:44:11.166839043,T,91.54,100,91.61,100,TGT
2025-12-05,9:44:11.167074611,T,91.54,200,91.61,100,TGT
2025-12-05,9:44:11.167370227,T,91.54,200,91.65,100,TGT
2025-12-05,9:44:11.168868802,T,91.55,100,91.65,100,TGT
2025-12-05,9:44:13.169504886,T,91.46,100,91.65,100,TGT
2025-12-05,9:44:13.169504886,T,91.46,100,91.64,100,TGT
2025-12-05,9:44:13.169509819,T,91.46,100,91.62,100,TGT
2025-12-05,9:44:13.169519870,T,91.46,100,91.64,100,TGT
2025-12-05,9:44:13.169524914,T,91.46,100,91.62,100,TGT
2025-12-05,9:44:13.169524914,T,91.46,100,91.58,100,TGT
2025-12-05,9:44:13.169539919,T,91.44,100,91.58,100,TGT
2025-12-05,9:44:13.170076193,T,91.44,100,91.62,100,TGT
2025-12-05,9:44:13.170196483,T,91.47,100,91.62,100,TGT
2025-12-05,9:44:13.170527300,T,91.44,100,91.62,100,TGT
2025-12-05,9:44:13.170868118,T,91.44,200,91.62,100,TGT
2025-12-05,9:44:13.176596698,T,91.44,200,91.64,100,TGT
2025-12-05,9:44:13.176621844,T,91.44,200,91.62,100,TGT
2025-12-05,9:44:13.177082886,T,91.44,100,91.62,100,TGT
2025-12-05,9:44:13.177127985,T,91.44,100,91.64,100,TGT
2025-12-05,9:44:13.370192933,T,91.44,100,91.67,100,TGT
2025-12-05,9:44:14.272156631,T,91.5,100,91.67,100,TGT
2025-12-05,9:44:14.546790961,T,91.5,100,91.64,100,TGT
2025-12-05,9:44:15.957170957,T,91.44,100,91.64,100,TGT
2025-12-05,9:44:16.695194099,T,91.44,100,91.59,100,TGT
2025-12-05,9:44:16.695209143,T,91.44,100,91.58,100,TGT
2025-12-05,9:44:16.695219140,T,91.44,100,91.59,100,TGT
2025-12-05,9:44:16.695234209,T,91.44,100,91.59,200,TGT
2025-12-05,9:44:16.695254315,T,91.44,100,91.59,300,TGT
2025-12-05,9:44:16.695404600,T,91.44,100,91.59,400,TGT
2025-12-05,9:44:16.695630151,T,91.44,100,91.59,500,TGT
2025-12-05,9:44:16.700421611,T,91.44,100,91.59,400,TGT
2025-12-05,9:44:16.700426647,T,91.44,100,91.59,500,TGT
2025-12-05,9:44:16.705268085,T,91.44,100,91.59,400,TGT
2025-12-05,9:44:16.705443565,T,91.44,100,91.59,300,TGT
2025-12-05,9:44:16.705473644,T,91.44,100,91.59,400,TGT
2025-12-05,9:44:16.705649025,T,91.44,100,91.59,300,TGT
2025-12-05,9:44:16.705859591,T,91.44,100,91.59,400,TGT
2025-12-05,9:44:16.706115195,T,91.5,100,91.59,400,TGT
2025-12-05,9:44:16.964290330,T,91.5,100,91.59,300,TGT
2025-12-05,9:44:16.964295231,T,91.5,100,91.59,200,TGT
2025-12-05,9:44:16.964300186,T,91.5,100,91.59,100,TGT
2025-12-05,9:44:17.108699517,T,91.44,100,91.59,100,TGT
2025-12-05,9:44:17.108699517,T,91.44,100,91.58,100,TGT
2025-12-05,9:44:17.108704618,T,91.44,100,91.56,100,TGT
2025-12-05,9:44:17.108704618,T,91.44,100,91.58,100,TGT
2025-12-05,9:44:17.108714593,T,91.44,100,91.57,100,TGT
2025-12-05,9:44:17.108719349,T,91.44,100,91.55,100,TGT
2025-12-05,9:44:17.108734279,T,91.44,100,91.54,100,TGT
2025-12-05,9:44:17.108749323,T,91.44,100,91.55,100,TGT
2025-12-05,9:44:17.108929771,T,91.44,100,91.55,200,TGT
2025-12-05,9:44:17.109340892,T,91.44,100,91.54,100,TGT
2025-12-05,9:44:17.109345762,T,91.44,100,91.55,200,TGT
2025-12-05,9:44:17.109355850,T,91.44,100,91.54,100,TGT
2025-12-05,9:44:17.114468041,T,91.44,100,91.55,300,TGT
2025-12-05,9:44:17.114473040,T,91.44,100,91.54,100,TGT
2025-12-05,9:44:17.119940984,T,91.44,100,91.54,200,TGT
2025-12-05,9:44:17.701937544,T,91.44,100,91.54,300,TGT
2025-12-05,9:44:18.404205472,T,91.45,100,91.54,300,TGT
2025-12-05,9:44:20.168593846,T,91.45,100,91.54,200,TGT
2025-12-05,9:44:21.234839028,T,91.45,100,91.54,100,TGT
2025-12-05,9:44:21.234899190,T,91.45,100,91.56,100,TGT
2025-12-05,9:44:21.238342412,T,91.46,100,91.56,100,TGT
2025-12-05,9:44:21.238382496,T,91.46,100,91.56,200,TGT
2025-12-05,9:44:21.709775525,T,91.46,100,91.56,100,TGT
2025-12-05,9:44:22.611278206,T,91.47,100,91.56,100,TGT
2025-12-05,9:44:23.016323472,T,91.46,100,91.56,100,TGT
2025-12-05,9:44:23.016343171,T,91.46,100,91.52,100,TGT
2025-12-05,9:44:23.016348437,T,91.46,100,91.51,100,TGT
2025-12-05,9:44:23.016348437,T,91.46,100,91.5,100,TGT
2025-12-05,9:44:23.016904475,T,91.46,100,91.51,200,TGT
2025-12-05,9:44:23.017420705,T,91.46,100,91.51,100,TGT
2025-12-05,9:44:23.017536041,T,91.46,100,91.51,200,TGT
2025-12-05,9:44:23.027915772,T,91.46,100,91.51,100,TGT
2025-12-05,9:44:23.117799990,T,91.46,100,91.5,100,TGT
2025-12-05,9:44:23.117799990,T,91.46,100,91.51,100,TGT
2025-12-05,9:44:23.216354617,T,91.46,100,91.52,100,TGT
2025-12-05,9:44:23.771331751,T,91.38,200,91.52,100,TGT
2025-12-05,9:44:23.771351863,T,91.38,200,91.49,100,TGT
2025-12-05,9:44:23.771356903,T,91.38,200,91.48,100,TGT
2025-12-05,9:44:23.771356903,T,91.38,200,91.48,200,TGT
2025-12-05,9:44:23.771396950,T,91.38,200,91.48,300,TGT
2025-12-05,9:44:23.771657514,T,91.38,200,91.48,200,TGT
2025-12-05,9:44:23.771712651,T,91.41,100,91.48,200,TGT
2025-12-05,9:44:23.771913193,T,91.41,100,91.48,100,TGT
2025-12-05,9:44:23.772078616,T,91.38,200,91.48,100,TGT
2025-12-05,9:44:23.772113654,T,91.38,200,91.48,200,TGT
2025-12-05,9:44:23.782884326,T,91.38,200,91.48,100,TGT
2025-12-05,9:44:23.782914424,T,91.38,200,91.52,100,TGT
2025-12-05,9:44:23.971829425,T,91.38,200,91.56,100,TGT
2025-12-05,9:44:24.451311648,T,91.42,100,91.56,100,TGT
2025-12-05,9:44:25.969338055,T,91.42,100,91.48,100,TGT
2025-12-05,9:44:38.318883562,T,91.42,200,91.48,100,TGT
2025-12-05,9:44:41.265423181,T,91.42,100,91.48,100,TGT
2025-12-05,9:44:43.799460026,T,91.44,100,91.48,100,TGT
2025-12-05,9:44:45.212215866,T,91.44,100,91.48,200,TGT
2025-12-05,9:44:46.565680099,T,91.44,100,91.48,100,TGT
2025-12-05,9:44:46.731259645,T,91.44,100,91.48,200,TGT
2025-12-05,9:44:49.442964585,T,91.44,100,91.48,100,TGT
2025-12-05,9:44:49.679292602,T,91.44,100,91.48,200,TGT
2025-12-05,9:44:51.811913237,T,91.42,100,91.48,200,TGT
2025-12-05,9:44:51.811958391,T,91.42,100,91.47,100,TGT
2025-12-05,9:44:51.812073722,T,91.42,100,91.47,200,TGT
2025-12-05,9:44:51.812138822,T,91.42,100,91.47,100,TGT
2025-12-05,9:44:51.812244103,T,91.42,100,91.47,200,TGT
2025-12-05,9:44:52.237612476,T,91.42,100,91.47,100,TGT
2025-12-05,9:44:52.950019515,T,91.42,100,91.48,200,TGT
2025-12-05,9:44:52.950024546,T,91.42,100,91.46,100,TGT
2025-12-05,9:44:52.950039646,T,91.42,100,91.48,200,TGT
2025-12-05,9:44:52.950044634,T,91.42,100,91.48,100,TGT
2025-12-05,9:44:58.373043942,T,91.42,100,91.55,100,TGT
2025-12-05,9:44:58.373174252,T,91.42,100,91.48,100,TGT
2025-12-05,9:44:58.373535162,T,91.38,200,91.48,100,TGT
2025-12-05,9:44:58.373555162,T,91.38,100,91.48,100,TGT
2025-12-05,9:44:58.373575384,T,91.38,100,91.52,100,TGT
2025-12-05,9:44:58.373575384,T,91.38,100,91.44,100,TGT
2025-12-05,9:44:58.373615371,T,91.38,100,91.44,200,TGT
2025-12-05,9:44:58.374001271,T,91.38,100,91.44,300,TGT
2025-12-05,9:44:58.374006239,T,91.38,200,91.44,300,TGT
2025-12-05,9:44:58.374031284,T,91.38,100,91.44,300,TGT
2025-12-05,9:44:58.374061431,T,91.38,100,91.43,100,TGT
2025-12-05,9:44:58.394079052,T,91.38,100,91.43,200,TGT
2025-12-05,9:44:58.394500019,T,91.38,100,91.43,300,TGT
2025-12-05,9:44:58.880808654,T,91.38,100,91.43,200,TGT
2025-12-05,9:44:59.124343752,T,91.38,100,91.43,100,TGT
2025-12-05,9:44:59.365778907,T,91.39,100,91.43,100,TGT
2025-12-05,9:45:00.237475700,T,91.38,200,91.43,100,TGT
2025-12-05,9:45:00.237495674,T,91.38,100,91.43,100,TGT
2025-12-05,9:45:00.237520719,T,91.38,100,91.43,200,TGT
2025-12-05,9:45:00.237525821,T,91.38,100,91.42,100,TGT
2025-12-05,9:45:00.237535767,T,91.38,100,91.42,200,TGT
2025-12-05,9:45:00.237560901,T,91.38,100,91.42,300,TGT
2025-12-05,9:45:00.237646055,T,91.38,100,91.42,400,TGT
2025-12-05,9:45:00.237671165,T,91.38,100,91.42,300,TGT
2025-12-05,9:45:00.237911714,T,91.38,100,91.42,400,TGT
2025-12-05,9:45:00.237961811,T,91.38,100,91.42,500,TGT
2025-12-05,9:45:00.239164730,T,91.38,100,91.42,400,TGT
2025-12-05,9:45:00.239164730,T,91.38,100,91.42,500,TGT
2025-12-05,9:45:00.239390186,T,91.31,200,91.42,500,TGT
2025-12-05,9:45:00.240688363,T,91.31,200,91.4,100,TGT
2025-12-05,9:45:00.240723361,T,91.31,200,91.4,200,TGT
2025-12-05,9:45:00.241234613,T,91.31,100,91.4,200,TGT
2025-12-05,9:45:00.247860354,T,91.31,100,91.4,300,TGT
2025-12-05,9:45:00.248632207,T,91.31,100,91.4,400,TGT
2025-12-05,9:45:00.440689810,T,91.31,100,91.4,300,TGT
2025-12-05,9:45:01.003415564,T,91.31,100,91.4,400,TGT
2025-12-05,9:45:01.003425570,T,91.31,100,91.4,300,TGT
2025-12-05,9:45:02.523767355,T,91.31,100,91.4,200,TGT
2025-12-05,9:45:03.107653365,T,91.31,100,91.4,100,TGT
2025-12-05,9:45:03.111352233,T,91.31,200,91.4,100,TGT
2025-12-05,9:45:03.412945731,T,91.31,300,91.4,100,TGT
2025-12-05,9:45:03.412960760,T,91.31,300,91.48,100,TGT
2025-12-05,9:45:03.412965747,T,91.32,100,91.48,100,TGT
2025-12-05,9:45:03.412970867,T,91.35,100,91.48,100,TGT
2025-12-05,9:45:03.413061353,T,91.32,200,91.48,100,TGT
2025-12-05,9:45:03.413086010,T,91.32,100,91.48,100,TGT
2025-12-05,9:45:03.413196437,T,91.32,200,91.48,100,TGT
2025-12-05,9:45:03.413196437,T,91.33,100,91.48,100,TGT
2025-12-05,9:45:03.413226392,T,91.35,100,91.48,100,TGT
2025-12-05,9:45:03.421285589,T,91.33,100,91.48,100,TGT
2025-12-05,9:45:03.423200188,T,91.32,100,91.48,100,TGT
2025-12-05,9:45:03.514572776,T,91.31,300,91.48,100,TGT
2025-12-05,9:45:03.517900793,T,91.31,300,91.43,100,TGT
2025-12-05,9:45:03.682823611,T,91.36,100,91.43,100,TGT
