DATE,TIME_M,EX,BID,BIDSIZ,ASK,ASKSIZ,SYM_ROOT
2025-12-17,9:30:00.314470681,T,96.5,300,98.4,100,TGT
2025-12-17,9:30:00.662108947,T,96.5,300,98.48,100,TGT
2025-12-17,9:30:01.252410407,T,96.5,300,96.89,100,TGT
2025-12-17,9:30:01.751454263,T,96.5,400,96.89,100,TGT
2025-12-17,9:30:01.751479342,T,96.5,300,96.89,100,TGT
2025-12-17,9:30:02.013267984,T,96.5,300,98.48,100,TGT
2025-12-17,9:30:05.082550033,T,96.5,400,98.48,100,TGT
2025-12-17,9:30:05.082600096,T,96.5,300,98.48,100,TGT
2025-12-17,9:30:05.165016486,T,96.5,400,98.48,100,TGT
2025-12-17,9:30:05.244741777,T,96.5,400,97.49,100,TGT
2025-12-17,9:30:05.244741777,T,96.5,400,97.03,100,TGT
2025-12-17,9:30:05.244746382,T,96.5,300,97.03,100,TGT
2025-12-17,9:30:05.244776684,T,96.5,300,96.87,100,TGT
2025-12-17,9:30:05.244776684,T,96.5,300,96.87,200,TGT
2025-12-17,9:30:05.244791492,T,96.5,300,96.87,800,TGT
2025-12-17,9:30:05.244871669,T,96.5,300,96.86,100,TGT
2025-12-17,9:30:05.244871669,T,96.5,300,96.82,100,TGT
2025-12-17,9:30:05.245087259,T,96.5,400,96.82,100,TGT
2025-12-17,9:30:05.245909159,T,96.5,400,96.86,100,TGT
2025-12-17,9:30:05.255221412,T,96.5,400,96.96,100,TGT
2025-12-17,9:30:05.264774136,T,96.5,400,97.02,200,TGT
2025-12-17,9:30:05.264794119,T,96.5,400,97.02,100,TGT
2025-12-17,9:30:05.264799166,T,96.5,400,98.48,100,TGT
2025-12-17,9:30:05.810243566,T,96.5,400,98.48,200,TGT
2025-12-17,9:30:06.616990402,T,96.5,500,98.48,200,TGT
2025-12-17,9:30:06.617010493,T,96.5,400,98.48,200,TGT
2025-12-17,9:30:06.617040483,T,96.56,100,98.48,200,TGT
2025-12-17,9:30:11.181730064,T,96.56,100,98.48,100,TGT
2025-12-17,9:30:30.012827302,T,96.56,100,97.38,200,TGT
2025-12-17,9:30:30.250593770,T,96.56,100,97.37,100,TGT
2025-12-17,9:30:30.261103784,T,96.59,200,97.37,100,TGT
2025-12-17,9:30:30.261148903,T,96.59,300,97.37,100,TGT
2025-12-17,9:30:30.516672693,T,96.59,300,97.37,300,TGT
2025-12-17,9:30:30.516722861,T,96.59,100,97.37,300,TGT
2025-12-17,9:30:30.764779106,T,96.61,200,97.37,300,TGT
2025-12-17,9:30:30.764823958,T,96.61,300,97.37,300,TGT
2025-12-17,9:30:31.073454160,T,96.61,300,97.36,200,TGT
2025-12-17,9:30:33.985256113,T,96.61,300,97.29,200,TGT
2025-12-17,9:30:34.205425574,T,96.61,100,97.29,200,TGT
2025-12-17,9:30:49.079104981,T,96.5,300,97.29,200,TGT
2025-12-17,9:30:49.079125038,T,96.67,100,97.29,200,TGT
2025-12-17,9:30:55.606996570,T,96.67,100,97.27,200,TGT
2025-12-17,9:31:00.244945587,T,96.67,300,97.27,200,TGT
2025-12-17,9:31:00.245015768,T,96.67,200,97.27,200,TGT
2025-12-17,9:31:00.245040822,T,96.73,100,97.27,200,TGT
2025-12-17,9:31:00.245466834,T,96.73,100,97.12,100,TGT
2025-12-17,9:31:00.245471885,T,96.67,200,97.12,100,TGT
2025-12-17,9:31:00.245471885,T,96.54,100,97.12,100,TGT
2025-12-17,9:31:00.245492093,T,96.54,100,97.05,100,TGT
2025-12-17,9:31:00.245492093,T,96.54,100,96.72,100,TGT
2025-12-17,9:31:00.245537064,T,96.54,100,96.89,100,TGT
2025-12-17,9:31:00.245557024,T,96.54,100,97.03,100,TGT
2025-12-17,9:31:00.245767988,T,96.63,400,97.03,100,TGT
2025-12-17,9:31:00.245767988,T,96.63,600,97.03,100,TGT
2025-12-17,9:31:00.245792900,T,96.63,700,97.03,100,TGT
2025-12-17,9:31:00.245797650,T,96.72,100,97.03,100,TGT
2025-12-17,9:31:00.245993063,T,96.72,100,96.73,100,TGT
2025-12-17,9:31:00.245998172,T,96.63,100,96.73,100,TGT
2025-12-17,9:31:00.246013207,T,96.57,100,96.73,100,TGT
2025-12-17,9:31:00.246023142,T,96.57,100,96.72,100,TGT
2025-12-17,9:31:00.246028158,T,96.57,100,97.03,100,TGT
2025-12-17,9:31:00.246078316,T,96.65,300,97.03,100,TGT
2025-12-17,9:31:00.246183804,T,96.65,300,97.02,100,TGT
2025-12-17,9:31:00.246188521,T,96.65,300,96.95,100,TGT
2025-12-17,9:31:00.246188521,T,96.65,300,96.81,100,TGT
2025-12-17,9:31:00.246203623,T,96.57,100,96.81,100,TGT
2025-12-17,9:31:00.246775004,T,96.54,100,96.81,100,TGT
2025-12-17,9:31:00.255285398,T,96.5,300,96.81,100,TGT
2025-12-17,9:31:00.255325348,T,96.5,300,97.05,100,TGT
2025-12-17,9:31:00.255445851,T,96.5,300,97.11,100,TGT
2025-12-17,9:31:00.345555338,T,96.5,300,97.37,100,TGT
2025-12-17,9:31:01.028462293,T,96.5,300,97.37,300,TGT
2025-12-17,9:31:01.038476216,T,96.5,300,97.37,100,TGT
2025-12-17,9:31:01.245950457,T,96.5,400,97.37,100,TGT
2025-12-17,9:31:04.004963205,T,96.5,400,97.37,100,TGT
2025-12-17,9:31:04.005258966,T,96.5,300,97.37,100,TGT
2025-12-17,9:31:04.005278963,T,96.5,300,97.01,100,TGT
2025-12-17,9:31:04.005284273,T,96.5,300,96.85,100,TGT
2025-12-17,9:31:04.005289053,T,96.5,300,96.82,100,TGT
2025-12-17,9:31:04.005298998,T,96.5,300,96.85,100,TGT
2025-12-17,9:31:04.005780234,T,96.5,400,96.85,100,TGT
2025-12-17,9:31:04.006171118,T,96.5,400,96.82,100,TGT
2025-12-17,9:31:04.006531998,T,96.5,300,96.82,100,TGT
2025-12-17,9:31:04.006802698,T,96.5,300,96.74,400,TGT
2025-12-17,9:31:04.006802698,T,96.5,300,96.73,100,TGT
2025-12-17,9:31:04.013839352,T,96.5,300,96.82,100,TGT
2025-12-17,9:31:04.014696474,T,96.5,300,97.01,100,TGT
2025-12-17,9:31:04.015282861,T,96.5,300,97.1,200,TGT
2025-12-17,9:31:04.016180015,T,96.5,300,96.93,200,TGT
2025-12-17,9:31:04.026554710,T,96.57,100,96.93,200,TGT
2025-12-17,9:31:04.026920613,T,96.57,100,97.1,200,TGT
2025-12-17,9:31:04.026945998,T,96.65,400,97.1,200,TGT
2025-12-17,9:31:04.026945998,T,96.69,100,97.1,200,TGT
2025-12-17,9:31:04.026950672,T,96.75,100,97.1,200,TGT
2025-12-17,9:31:04.027101054,T,96.64,100,97.1,200,TGT
2025-12-17,9:31:04.027577201,T,96.64,100,96.93,100,TGT
2025-12-17,9:31:04.027712504,T,96.64,100,96.89,100,TGT
2025-12-17,9:31:04.027948006,T,96.58,100,96.89,100,TGT
2025-12-17,9:31:04.028043233,T,96.72,100,96.89,100,TGT
2025-12-17,9:31:04.028955442,T,96.58,100,96.89,100,TGT
2025-12-17,9:31:04.029166519,T,96.64,100,96.89,100,TGT
2025-12-17,9:31:04.029175922,T,96.64,100,97.1,200,TGT
2025-12-17,9:31:04.029195983,T,96.72,100,97.1,200,TGT
2025-12-17,9:31:04.029246101,T,96.64,100,97.1,200,TGT
2025-12-17,9:31:04.029266102,T,96.58,100,97.1,200,TGT
2025-12-17,9:31:04.029471675,T,96.58,100,96.92,400,TGT
2025-12-17,9:31:04.029486849,T,96.58,100,96.97,100,TGT
2025-12-17,9:31:04.029657056,T,96.58,100,96.88,100,TGT
2025-12-17,9:31:04.030113190,T,96.58,100,96.88,200,TGT
2025-12-17,9:31:04.030133257,T,96.58,100,96.97,100,TGT
2025-12-17,9:31:04.030133257,T,96.58,100,96.95,100,TGT
2025-12-17,9:31:04.030133257,T,96.58,100,96.83,200,TGT
2025-12-17,9:31:04.035495993,T,96.58,100,96.83,300,TGT
2025-12-17,9:31:04.035706503,T,96.58,100,96.83,200,TGT
2025-12-17,9:31:04.035751636,T,96.58,100,96.83,300,TGT
2025-12-17,9:31:04.036007232,T,96.58,100,96.83,200,TGT
2025-12-17,9:31:04.036047440,T,96.58,100,96.83,300,TGT
2025-12-17,9:31:04.037475824,T,96.57,100,96.83,300,TGT
2025-12-17,9:31:04.037475824,T,96.57,100,96.77,300,TGT
2025-12-17,9:31:04.037480778,T,96.57,100,96.77,400,TGT
2025-12-17,9:31:04.037500731,T,96.57,100,96.77,500,TGT
2025-12-17,9:31:04.037505834,T,96.57,100,96.77,200,TGT
2025-12-17,9:31:04.037515778,T,96.57,100,96.83,100,TGT
2025-12-17,9:31:04.037540899,T,96.57,100,96.76,200,TGT
2025-12-17,9:31:04.037545876,T,96.57,100,96.76,300,TGT
2025-12-17,9:31:04.037656105,T,96.5,300,96.76,300,TGT
2025-12-17,9:31:04.037886719,T,96.5,300,96.7,100,TGT
2025-12-17,9:31:04.037906870,T,96.5,300,96.7,200,TGT
2025-12-17,9:31:04.037906870,T,96.5,300,96.7,300,TGT
2025-12-17,9:31:04.037951857,T,96.5,300,96.7,400,TGT
2025-12-17,9:31:04.038017067,T,96.5,300,96.7,300,TGT
2025-12-17,9:31:04.038022018,T,96.5,300,96.7,100,TGT
2025-12-17,9:31:04.038022018,T,96.5,300,96.68,100,TGT
2025-12-17,9:31:04.038062109,T,96.5,300,96.68,200,TGT
2025-12-17,9:31:04.038067145,T,96.5,300,96.67,100,TGT
2025-12-17,9:31:04.038087207,T,96.5,300,96.67,200,TGT
2025-12-17,9:31:04.038132664,T,96.5,300,96.67,100,TGT
2025-12-17,9:31:04.038132664,T,96.5,300,96.83,100,TGT
2025-12-17,9:31:04.038132664,T,96.5,300,97.0,100,TGT
2025-12-17,9:31:04.038152415,T,96.5,300,96.67,100,TGT
2025-12-17,9:31:04.038212764,T,96.64,100,96.67,100,TGT
2025-12-17,9:31:04.038217506,T,96.66,100,96.67,100,TGT
2025-12-17,9:31:04.038227864,T,96.64,100,96.67,100,TGT
2025-12-17,9:31:04.038227864,T,96.5,400,96.67,100,TGT
2025-12-17,9:31:04.038237685,T,96.5,400,96.83,100,TGT
2025-12-17,9:31:04.038242506,T,96.64,100,96.83,100,TGT
2025-12-17,9:31:04.038252592,T,96.5,300,96.83,100,TGT
2025-12-17,9:31:04.038287802,T,96.5,300,96.67,100,TGT
2025-12-17,9:31:04.038317722,T,96.5,300,96.83,100,TGT
2025-12-17,9:31:04.038357861,T,96.5,300,96.65,100,TGT
2025-12-17,9:31:04.038432937,T,96.64,100,96.65,100,TGT
2025-12-17,9:31:04.038448334,T,96.64,100,96.83,100,TGT
2025-12-17,9:31:04.038458068,T,96.5,300,96.83,100,TGT
2025-12-17,9:31:04.038458068,T,96.64,100,96.83,100,TGT
2025-12-17,9:31:04.038468250,T,96.64,200,96.83,100,TGT
2025-12-17,9:31:04.038488136,T,96.64,300,96.83,100,TGT
2025-12-17,9:31:04.038493175,T,96.64,300,96.84,100,TGT
2025-12-17,9:31:04.038578360,T,96.64,200,96.84,100,TGT
2025-12-17,9:31:04.038583383,T,96.5,400,96.84,100,TGT
2025-12-17,9:31:04.038608541,T,96.5,300,96.84,100,TGT
2025-12-17,9:31:04.038643494,T,96.5,300,96.76,200,TGT
2025-12-17,9:31:04.038643494,T,96.69,100,96.76,200,TGT
2025-12-17,9:31:04.038668521,T,96.5,400,96.76,200,TGT
2025-12-17,9:31:04.038673518,T,96.5,300,96.76,200,TGT
2025-12-17,9:31:04.038673518,T,96.5,300,96.84,100,TGT
2025-12-17,9:31:04.038944221,T,96.5,300,96.74,100,TGT
2025-12-17,9:31:04.039224838,T,96.5,300,96.74,200,TGT
2025-12-17,9:31:04.039290333,T,96.5,300,96.74,100,TGT
2025-12-17,9:31:04.039290333,T,96.5,300,96.74,200,TGT
2025-12-17,9:31:04.039410280,T,96.5,300,96.65,200,TGT
2025-12-17,9:31:04.039931578,T,96.5,300,96.84,100,TGT
2025-12-17,9:31:04.039951815,T,96.57,400,96.84,100,TGT
2025-12-17,9:31:04.039951815,T,96.58,100,96.84,100,TGT
2025-12-17,9:31:04.040026742,T,96.53,100,96.84,100,TGT
2025-12-17,9:31:04.040062285,T,96.53,100,96.8,100,TGT
2025-12-17,9:31:04.040067104,T,96.5,300,96.8,100,TGT
2025-12-17,9:31:04.040102028,T,96.5,300,96.75,100,TGT
2025-12-17,9:31:04.040117108,T,96.5,400,96.75,100,TGT
2025-12-17,9:31:04.040117108,T,96.5,500,96.75,100,TGT
2025-12-17,9:31:04.040127033,T,96.5,500,96.75,300,TGT
2025-12-17,9:31:04.040137097,T,96.5,600,96.75,300,TGT
2025-12-17,9:31:04.040137097,T,96.5,700,96.75,300,TGT
2025-12-17,9:31:04.040157193,T,96.5,700,96.75,100,TGT
2025-12-17,9:31:04.040357608,T,96.5,800,96.75,100,TGT
2025-12-17,9:31:04.040452819,T,96.5,900,96.75,100,TGT
2025-12-17,9:31:04.040492923,T,96.61,100,96.75,100,TGT
2025-12-17,9:31:04.040513110,T,96.61,200,96.75,100,TGT
2025-12-17,9:31:04.040513110,T,96.61,300,96.75,100,TGT
2025-12-17,9:31:04.040518014,T,96.61,200,96.75,100,TGT
2025-12-17,9:31:04.040528019,T,96.61,100,96.75,100,TGT
2025-12-17,9:31:04.040533031,T,96.5,400,96.75,100,TGT
2025-12-17,9:31:04.040548078,T,96.61,400,96.75,100,TGT
2025-12-17,9:31:04.040623181,T,96.61,300,96.75,100,TGT
2025-12-17,9:31:04.040623181,T,96.5,300,96.75,100,TGT
2025-12-17,9:31:04.041149461,T,96.5,300,96.83,100,TGT
2025-12-17,9:31:04.041780917,T,96.5,300,96.84,100,TGT
2025-12-17,9:31:04.041780917,T,96.5,400,96.84,100,TGT
2025-12-17,9:31:04.041780917,T,96.5,400,96.83,100,TGT
2025-12-17,9:31:04.041801060,T,96.5,300,96.83,100,TGT
2025-12-17,9:31:04.041811055,T,96.5,300,96.84,100,TGT
2025-12-17,9:31:04.041841156,T,96.5,300,96.79,100,TGT
2025-12-17,9:31:04.041861217,T,96.5,300,96.64,100,TGT
2025-12-17,9:31:04.042257106,T,96.5,300,96.79,100,TGT
2025-12-17,9:31:04.042392396,T,96.5,300,96.64,100,TGT
2025-12-17,9:31:04.043715547,T,96.5,300,96.83,100,TGT
2025-12-17,9:31:04.043720587,T,96.5,300,96.84,100,TGT
2025-12-17,9:31:04.043911046,T,96.5,300,96.73,400,TGT
2025-12-17,9:31:04.043936189,T,96.5,300,96.79,100,TGT
2025-12-17,9:31:04.043966187,T,96.5,300,96.64,100,TGT
2025-12-17,9:31:04.043976146,T,96.5,300,96.64,200,TGT
2025-12-17,9:31:04.043986202,T,96.5,300,96.64,300,TGT
2025-12-17,9:31:04.044763369,T,96.5,300,96.64,200,TGT
2025-12-17,9:31:04.044768038,T,96.5,300,96.64,100,TGT
2025-12-17,9:31:04.044788137,T,96.5,300,96.79,100,TGT
2025-12-17,9:31:04.044983641,T,96.5,300,96.83,100,TGT
2025-12-17,9:31:04.045229130,T,96.5,300,96.89,100,TGT
2025-12-17,9:31:04.048582147,T,96.5,400,96.89,100,TGT
2025-12-17,9:31:04.098085058,T,96.5,300,96.89,100,TGT
2025-12-17,9:31:04.223378533,T,96.72,100,96.89,100,TGT
2025-12-17,9:31:04.223398589,T,96.72,100,97.0,100,TGT
2025-12-17,9:31:04.223639167,T,96.72,100,97.01,100,TGT
2025-12-17,9:31:04.223659258,T,96.77,100,97.01,100,TGT
2025-12-17,9:31:04.258572447,T,96.77,200,97.01,100,TGT
2025-12-17,9:31:04.258592536,T,96.57,100,97.01,100,TGT
2025-12-17,9:31:04.258647620,T,96.57,100,97.32,100,TGT
2025-12-17,9:31:04.259198932,T,96.57,100,97.37,100,TGT
2025-12-17,9:31:04.259224007,T,96.74,400,97.37,100,TGT
2025-12-17,9:31:04.259224007,T,96.74,600,97.37,100,TGT
2025-12-17,9:31:04.266255804,T,96.74,400,97.37,100,TGT
2025-12-17,9:31:04.364534891,T,96.74,400,97.32,100,TGT
2025-12-17,9:31:04.364534891,T,96.74,400,97.25,100,TGT
2025-12-17,9:31:04.417947117,T,96.5,300,97.25,100,TGT
2025-12-17,9:31:04.418368103,T,96.5,400,97.25,100,TGT
2025-12-17,9:31:04.420087237,T,96.5,300,97.25,100,TGT
2025-12-17,9:31:04.441834015,T,96.5,300,97.37,100,TGT
2025-12-17,9:31:04.441854112,T,96.6,100,97.37,100,TGT
2025-12-17,9:31:04.441854112,T,96.76,100,97.37,100,TGT
2025-12-17,9:31:04.441859068,T,96.84,100,97.37,100,TGT
2025-12-17,9:31:04.441864092,T,96.84,200,97.37,100,TGT
2025-12-17,9:31:04.441909172,T,96.84,300,97.37,100,TGT
2025-12-17,9:31:04.442059625,T,96.84,200,97.37,100,TGT
2025-12-17,9:31:04.442280134,T,96.84,100,97.37,100,TGT
2025-12-17,9:31:04.443001787,T,96.76,100,97.37,100,TGT
2025-12-17,9:31:04.447096666,T,96.88,100,97.37,100,TGT
2025-12-17,9:31:04.447101868,T,96.9,400,97.37,100,TGT
2025-12-17,9:31:04.447101868,T,97.01,100,97.37,100,TGT
2025-12-17,9:31:04.447146801,T,96.88,100,97.37,100,TGT
2025-12-17,9:31:04.447171766,T,96.88,100,97.25,100,TGT
2025-12-17,9:31:04.447262024,T,96.88,100,97.21,100,TGT
2025-12-17,9:31:04.447281993,T,96.88,100,97.21,200,TGT
2025-12-17,9:31:04.447302111,T,96.88,100,97.2,200,TGT
2025-12-17,9:31:04.447327180,T,96.88,100,97.2,300,TGT
2025-12-17,9:31:04.457130739,T,96.78,100,97.2,300,TGT
2025-12-17,9:31:04.457471269,T,96.77,100,97.2,300,TGT
2025-12-17,9:31:04.467665548,T,96.76,100,97.2,300,TGT
2025-12-17,9:31:04.647694468,T,96.76,100,97.2,400,TGT
2025-12-17,9:31:06.150675155,T,96.5,300,97.2,400,TGT
2025-12-17,9:31:06.150720363,T,96.5,300,97.19,200,TGT
2025-12-17,9:31:06.150740439,T,96.5,300,97.19,300,TGT
2025-12-17,9:31:06.150755442,T,96.5,300,97.19,400,TGT
2025-12-17,9:31:06.605538900,T,96.5,300,97.19,300,TGT
2025-12-17,9:31:06.606260493,T,96.5,300,97.19,400,TGT
2025-12-17,9:31:06.655999012,T,96.5,300,97.16,200,TGT
2025-12-17,9:31:06.656019035,T,96.5,300,97.16,300,TGT
2025-12-17,9:31:06.656034155,T,96.5,300,97.16,400,TGT
2025-12-17,9:31:06.656735939,T,96.5,300,97.16,300,TGT
2025-12-17,9:31:07.125713019,T,96.5,300,97.16,400,TGT
2025-12-17,9:31:07.160741489,T,96.5,300,97.13,200,TGT
2025-12-17,9:31:07.160761503,T,96.5,300,97.13,300,TGT
2025-12-17,9:31:07.160771541,T,96.5,300,97.13,400,TGT
2025-12-17,9:31:07.161478185,T,96.5,300,97.13,300,TGT
2025-12-17,9:31:08.058585430,T,96.5,300,97.13,400,TGT
2025-12-17,9:31:08.068774763,T,96.5,300,97.11,200,TGT
2025-12-17,9:31:08.068794768,T,96.5,300,97.11,300,TGT
2025-12-17,9:31:08.068809811,T,96.5,300,97.11,400,TGT
2025-12-17,9:31:08.069140587,T,96.5,300,97.11,200,TGT
2025-12-17,9:31:08.069160580,T,96.76,100,97.11,200,TGT
2025-12-17,9:31:08.069170688,T,96.76,100,97.11,100,TGT
2025-12-17,9:31:08.069170688,T,96.78,100,97.11,100,TGT
2025-12-17,9:31:08.069185635,T,96.78,100,97.13,100,TGT
2025-12-17,9:31:08.069210679,T,97.02,400,97.13,100,TGT
2025-12-17,9:31:08.069300973,T,97.02,400,97.5,100,TGT
2025-12-17,9:31:08.070127902,T,97.02,400,97.53,100,TGT
2025-12-17,9:31:08.070283321,T,96.94,100,97.53,100,TGT
2025-12-17,9:31:08.070383449,T,97.12,400,97.53,100,TGT
2025-12-17,9:31:08.070954828,T,97.12,400,97.54,200,TGT
2025-12-17,9:31:08.070979950,T,97.12,400,97.5,100,TGT
2025-12-17,9:31:08.229101642,T,96.87,100,97.5,100,TGT
2025-12-17,9:31:09.175776928,T,97.18,300,97.5,100,TGT
2025-12-17,9:31:09.175781967,T,97.19,100,97.5,100,TGT
2025-12-17,9:31:09.182818763,T,96.93,100,97.5,100,TGT
2025-12-17,9:31:09.671598099,T,96.93,100,97.42,200,TGT
2025-12-17,9:31:09.855842099,T,96.96,100,97.42,200,TGT
2025-12-17,9:31:11.068059823,T,96.93,100,97.42,200,TGT
2025-12-17,9:31:11.068064853,T,96.8,100,97.42,200,TGT
2025-12-17,9:31:11.068084989,T,96.8,100,97.32,300,TGT
2025-12-17,9:31:11.068089975,T,96.8,100,97.3,200,TGT
2025-12-17,9:31:11.068110005,T,96.8,100,97.32,300,TGT
2025-12-17,9:31:11.068120075,T,96.8,100,97.38,100,TGT
2025-12-17,9:31:11.068385615,T,96.94,200,97.38,100,TGT
2025-12-17,9:31:11.068681457,T,96.94,200,97.32,100,TGT
2025-12-17,9:31:11.078404472,T,96.78,100,97.32,100,TGT
2025-12-17,9:31:11.082268747,T,96.78,100,97.53,200,TGT
2025-12-17,9:31:11.102617166,T,96.96,100,97.53,200,TGT
2025-12-17,9:31:11.103333865,T,96.96,100,97.5,100,TGT
2025-12-17,9:31:11.210173404,T,96.78,100,97.5,100,TGT
2025-12-17,9:31:11.339737139,T,96.78,100,97.39,200,TGT
2025-12-17,9:31:12.068473164,T,96.87,100,97.39,200,TGT
2025-12-17,9:31:12.577380481,T,96.87,100,97.39,300,TGT
2025-12-17,9:31:13.129641185,T,96.88,100,97.39,300,TGT
2025-12-17,9:31:13.130443100,T,96.88,100,97.39,100,TGT
2025-12-17,9:31:13.130458066,T,96.89,200,97.39,100,TGT
2025-12-17,9:31:13.131214920,T,96.89,300,97.39,100,TGT
2025-12-17,9:31:18.277640348,T,96.89,200,97.39,100,TGT
2025-12-17,9:31:18.357711200,T,96.87,100,97.39,100,TGT
2025-12-17,9:31:18.357721129,T,96.87,100,97.39,300,TGT
2025-12-17,9:31:20.269550794,T,96.87,100,97.36,200,TGT
2025-12-17,9:31:20.279574758,T,96.87,100,97.53,200,TGT
2025-12-17,9:31:20.280291382,T,96.87,100,97.5,100,TGT
2025-12-17,9:31:22.269094463,T,96.87,100,97.34,200,TGT
2025-12-17,9:31:22.279103217,T,96.87,100,97.5,100,TGT
2025-12-17,9:31:22.279128305,T,96.87,100,97.53,200,TGT
2025-12-17,9:31:22.279153362,T,96.88,200,97.53,200,TGT
2025-12-17,9:31:22.279824990,T,96.88,200,97.5,100,TGT
2025-12-17,9:31:22.283062721,T,96.88,300,97.5,100,TGT
2025-12-17,9:31:22.848715249,T,96.88,100,97.5,100,TGT
2025-12-17,9:31:23.384451556,T,96.88,100,97.38,200,TGT
2025-12-17,9:31:23.394465387,T,96.88,100,97.5,100,TGT
2025-12-17,9:31:23.394480512,T,96.88,300,97.5,100,TGT
2025-12-17,9:31:23.394490520,T,96.88,300,97.53,200,TGT
2025-12-17,9:31:23.395182163,T,96.88,300,97.5,100,TGT
2025-12-17,9:31:23.404494280,T,96.88,100,97.5,100,TGT
2025-12-17,9:31:24.913258703,T,96.88,100,97.53,200,TGT
2025-12-17,9:31:24.919729118,T,96.88,100,97.5,100,TGT
2025-12-17,9:31:25.051387775,T,96.88,100,97.39,200,TGT
2025-12-17,9:31:25.064513997,T,96.88,100,97.39,300,TGT
2025-12-17,9:31:26.715998511,T,96.88,100,97.36,200,TGT
2025-12-17,9:31:26.726012352,T,96.88,100,97.39,100,TGT
2025-12-17,9:31:26.726027417,T,96.91,200,97.39,100,TGT
2025-12-17,9:31:26.726042447,T,96.91,200,97.5,100,TGT
2025-12-17,9:31:26.726067466,T,96.91,200,97.53,200,TGT
2025-12-17,9:31:26.726729080,T,96.91,200,97.5,100,TGT
2025-12-17,9:31:26.733805951,T,96.91,300,97.5,100,TGT
2025-12-17,9:31:26.736041284,T,96.91,100,97.5,100,TGT
2025-12-17,9:31:28.391094206,T,96.91,100,97.38,200,TGT
2025-12-17,9:31:28.401103041,T,96.91,100,97.5,100,TGT
2025-12-17,9:31:28.401118119,T,96.92,200,97.5,100,TGT
2025-12-17,9:31:28.401133123,T,96.92,200,97.53,200,TGT
2025-12-17,9:31:28.401819795,T,96.92,200,97.5,100,TGT
2025-12-17,9:31:28.401869869,T,96.92,300,97.5,100,TGT
2025-12-17,9:31:28.411126879,T,96.92,100,97.5,100,TGT
2025-12-17,9:31:30.059463913,T,96.92,100,97.37,200,TGT
2025-12-17,9:31:30.069477776,T,96.92,100,97.5,100,TGT
2025-12-17,9:31:30.069502804,T,96.92,100,97.53,200,TGT
2025-12-17,9:31:30.070199498,T,96.92,100,97.5,100,TGT
2025-12-17,9:31:31.722039687,T,96.92,100,97.37,200,TGT
2025-12-17,9:31:31.732053607,T,96.92,100,97.5,100,TGT
2025-12-17,9:31:31.732063638,T,96.92,300,97.5,100,TGT
2025-12-17,9:31:31.732078626,T,96.92,300,97.53,200,TGT
2025-12-17,9:31:31.732770341,T,96.92,300,97.5,100,TGT
2025-12-17,9:31:31.742082446,T,96.92,100,97.5,100,TGT
2025-12-17,9:31:33.863506426,T,96.92,100,97.38,200,TGT
2025-12-17,9:31:33.873525294,T,96.92,100,97.5,100,TGT
2025-12-17,9:31:33.873540327,T,96.94,200,97.5,100,TGT
2025-12-17,9:31:33.873555425,T,96.94,200,97.53,200,TGT
2025-12-17,9:31:33.874242024,T,96.94,200,97.5,100,TGT
2025-12-17,9:31:33.874297113,T,96.94,300,97.5,100,TGT
2025-12-17,9:31:33.883559253,T,96.94,100,97.5,100,TGT
2025-12-17,9:31:34.612636121,T,96.92,100,97.5,100,TGT
2025-12-17,9:31:35.407354485,T,96.92,100,97.37,200,TGT
2025-12-17,9:31:35.417368346,T,96.92,100,97.5,100,TGT
2025-12-17,9:31:35.417378339,T,96.92,300,97.5,100,TGT
2025-12-17,9:31:35.417393439,T,96.92,300,97.53,200,TGT
2025-12-17,9:31:35.418085085,T,96.92,300,97.5,100,TGT
2025-12-17,9:31:35.424660676,T,96.92,200,97.5,100,TGT
2025-12-17,9:31:35.424705873,T,96.85,100,97.5,100,TGT
2025-12-17,9:31:37.081974030,T,96.85,100,97.36,200,TGT
2025-12-17,9:31:37.091987853,T,96.85,100,97.5,100,TGT
2025-12-17,9:31:37.092002919,T,96.9,200,97.5,100,TGT
2025-12-17,9:31:37.092007980,T,96.9,200,97.53,200,TGT
2025-12-17,9:31:37.092704616,T,96.9,200,97.5,100,TGT
2025-12-17,9:31:37.102011810,T,96.85,100,97.5,100,TGT
2025-12-17,9:31:37.621178594,T,96.82,200,97.5,100,TGT
2025-12-17,9:31:38.747216338,T,96.82,200,97.35,200,TGT
2025-12-17,9:31:38.747622490,T,96.82,200,97.35,300,TGT
2025-12-17,9:31:38.747622490,T,96.82,200,97.17,200,TGT
2025-12-17,9:31:38.747622490,T,96.82,200,97.16,200,TGT
2025-12-17,9:31:38.747897891,T,96.82,200,97.12,100,TGT
2025-12-17,9:31:38.747948009,T,96.82,200,97.12,200,TGT
2025-12-17,9:31:38.748263737,T,96.82,300,97.12,200,TGT
2025-12-17,9:31:38.748273709,T,96.82,300,97.12,100,TGT
2025-12-17,9:31:38.748404004,T,96.82,100,97.12,100,TGT
2025-12-17,9:31:38.748419089,T,96.82,100,97.12,200,TGT
2025-12-17,9:31:38.748840066,T,96.82,100,97.12,300,TGT
2025-12-17,9:31:38.748895178,T,96.82,100,97.12,200,TGT
2025-12-17,9:31:38.755215221,T,96.82,100,97.12,100,TGT
2025-12-17,9:31:39.748321151,T,96.88,100,97.12,100,TGT
2025-12-17,9:31:53.579877974,T,96.88,100,97.12,200,TGT
2025-12-17,9:31:53.580123360,T,96.88,100,97.12,100,TGT
2025-12-17,9:31:53.588227658,T,96.88,100,97.08,100,TGT
2025-12-17,9:31:55.693788912,T,96.88,100,97.08,200,TGT
2025-12-17,9:32:05.547218229,T,96.92,100,97.08,200,TGT
2025-12-17,9:32:05.555713599,T,96.92,100,97.08,100,TGT
2025-12-17,9:32:05.555718552,T,96.92,100,97.09,100,TGT
2025-12-17,9:32:05.555718552,T,96.92,100,97.23,200,TGT
2025-12-17,9:32:05.555733711,T,97.06,100,97.23,200,TGT
2025-12-17,9:32:05.555738467,T,97.08,100,97.23,200,TGT
2025-12-17,9:32:05.555778558,T,97.09,100,97.23,200,TGT
2025-12-17,9:32:05.555783598,T,97.06,100,97.23,200,TGT
2025-12-17,9:32:05.555798668,T,97.09,100,97.23,200,TGT
2025-12-17,9:32:05.555828858,T,97.06,100,97.23,200,TGT
2025-12-17,9:32:05.555908902,T,97.07,100,97.23,200,TGT
2025-12-17,9:32:05.556094381,T,97.07,100,97.35,200,TGT
2025-12-17,9:32:05.556104322,T,97.07,100,97.32,200,TGT
2025-12-17,9:32:05.556204599,T,97.08,100,97.32,200,TGT
2025-12-17,9:32:05.556545766,T,97.1,100,97.32,200,TGT
2025-12-17,9:32:05.556595504,T,97.1,100,97.32,400,TGT
2025-12-17,9:32:05.557146809,T,97.1,100,97.32,500,TGT
2025-12-17,9:32:05.566789782,T,97.1,100,97.32,300,TGT
2025-12-17,9:32:06.329241173,T,96.92,100,97.32,300,TGT
2025-12-17,9:32:06.329266287,T,96.92,100,97.31,100,TGT
2025-12-17,9:32:06.329266287,T,96.92,100,97.22,200,TGT
2025-12-17,9:32:06.329271299,T,96.92,100,97.21,100,TGT
2025-12-17,9:32:06.329271299,T,96.92,100,97.21,300,TGT
2025-12-17,9:32:06.329276264,T,96.8,200,97.21,300,TGT
2025-12-17,9:32:06.329346472,T,96.8,200,97.21,400,TGT
2025-12-17,9:32:06.329376462,T,96.8,200,97.14,200,TGT
2025-12-17,9:32:06.329401612,T,96.8,200,97.21,400,TGT
2025-12-17,9:32:06.329431685,T,96.8,200,97.21,100,TGT
2025-12-17,9:32:06.330469100,T,96.8,200,97.21,300,TGT
2025-12-17,9:32:06.331190867,T,96.8,200,97.21,400,TGT
2025-12-17,9:32:06.429349694,T,96.8,200,97.21,300,TGT
2025-12-17,9:32:06.549786532,T,96.81,100,97.21,300,TGT
2025-12-17,9:32:06.549811683,T,96.8,200,97.21,300,TGT
2025-12-17,9:32:06.549846670,T,96.8,300,97.21,300,TGT
2025-12-17,9:32:07.329669492,T,96.87,100,97.21,300,TGT
2025-12-17,9:32:11.541318072,T,96.87,100,97.21,200,TGT
2025-12-17,9:32:11.626390850,T,96.87,100,97.39,200,TGT
2025-12-17,9:32:11.955484854,T,96.87,100,97.2,100,TGT
2025-12-17,9:32:12.656835833,T,96.81,100,97.2,100,TGT
2025-12-17,9:32:12.656861034,T,96.81,100,97.1,200,TGT
2025-12-17,9:32:12.656865726,T,96.81,100,97.1,400,TGT
2025-12-17,9:32:12.656885834,T,96.81,100,97.1,200,TGT
2025-12-17,9:32:12.657106329,T,96.8,300,97.1,200,TGT
2025-12-17,9:32:12.657136613,T,96.8,200,97.1,200,TGT
2025-12-17,9:32:12.657166536,T,96.8,200,97.1,300,TGT
2025-12-17,9:32:12.658163871,T,96.8,200,97.1,200,TGT
2025-12-17,9:32:12.659101138,T,96.8,200,97.04,100,TGT
2025-12-17,9:32:12.677930943,T,96.8,200,97.19,100,TGT
2025-12-17,9:32:13.157909424,T,96.8,200,97.19,200,TGT
2025-12-17,9:32:13.860403119,T,96.8,200,97.08,100,TGT
2025-12-17,9:32:13.860498120,T,96.8,200,97.01,200,TGT
2025-12-17,9:32:13.860498120,T,96.8,200,97.01,300,TGT
2025-12-17,9:32:13.863364916,T,96.8,200,97.01,400,TGT
2025-12-17,9:32:13.864006475,T,96.51,100,97.01,400,TGT
2025-12-17,9:32:13.864016523,T,96.7,200,97.01,400,TGT
2025-12-17,9:32:13.867529857,T,96.7,200,97.01,300,TGT
2025-12-17,9:32:14.019221219,T,96.7,200,97.01,100,TGT
2025-12-17,9:32:17.425250560,T,96.7,200,97.19,100,TGT
2025-12-17,9:32:17.425275797,T,96.95,200,97.19,100,TGT
2025-12-17,9:32:17.425280821,T,96.95,300,97.19,100,TGT
2025-12-17,9:32:17.425280821,T,96.95,300,97.29,200,TGT
2025-12-17,9:32:17.425300694,T,96.95,200,97.29,200,TGT
2025-12-17,9:32:17.425310781,T,96.95,200,97.06,400,TGT
2025-12-17,9:32:17.425320753,T,96.75,100,97.06,400,TGT
2025-12-17,9:32:17.425325781,T,96.75,100,97.29,200,TGT
2025-12-17,9:32:17.425345895,T,96.75,100,97.06,500,TGT
2025-12-17,9:32:17.425546262,T,96.75,100,97.06,600,TGT
2025-12-17,9:32:17.425706705,T,96.75,100,97.06,700,TGT
2025-12-17,9:32:17.425726774,T,96.75,100,97.06,800,TGT
2025-12-17,9:32:17.425746840,T,96.75,100,97.06,1100,TGT
2025-12-17,9:32:17.425937202,T,96.7,300,97.06,1100,TGT
2025-12-17,9:32:17.426348273,T,96.7,200,97.06,1100,TGT
2025-12-17,9:32:17.427065059,T,96.7,200,97.06,1200,TGT
2025-12-17,9:32:17.429861651,T,96.51,100,97.06,1200,TGT
2025-12-17,9:32:17.429866651,T,96.78,200,97.06,1200,TGT
2025-12-17,9:32:17.434232017,T,96.78,200,97.06,1300,TGT
2025-12-17,9:32:20.271340896,T,96.78,200,97.06,1200,TGT
2025-12-17,9:32:23.016520870,T,96.78,200,97.05,100,TGT
2025-12-17,9:32:23.016586136,T,96.78,200,97.05,1300,TGT
2025-12-17,9:32:30.321273203,T,96.78,200,97.05,1400,TGT
2025-12-17,9:32:31.294166001,T,96.78,200,97.05,200,TGT
2025-12-17,9:32:31.294171029,T,96.78,200,96.99,200,TGT
2025-12-17,9:32:31.294171029,T,96.78,200,96.98,100,TGT
2025-12-17,9:32:31.294196080,T,96.78,200,96.92,1200,TGT
2025-12-17,9:32:31.294421516,T,96.78,200,96.92,100,TGT
2025-12-17,9:32:31.294446610,T,96.78,200,96.98,100,TGT
2025-12-17,9:32:31.294446610,T,96.78,200,97.05,300,TGT
2025-12-17,9:32:31.294456699,T,96.78,200,97.04,100,TGT
2025-12-17,9:32:31.294481708,T,96.78,200,97.03,100,TGT
2025-12-17,9:32:31.294566889,T,96.78,200,97.0,100,TGT
2025-12-17,9:32:31.294571888,T,96.78,200,97.03,100,TGT
2025-12-17,9:32:31.294617050,T,96.78,200,97.04,100,TGT
2025-12-17,9:32:31.294632100,T,96.87,100,97.04,100,TGT
2025-12-17,9:32:31.294647152,T,96.87,100,97.04,200,TGT
2025-12-17,9:32:31.294647152,T,96.91,100,97.04,200,TGT
2025-12-17,9:32:31.294657257,T,96.87,100,97.04,200,TGT
2025-12-17,9:32:31.294662124,T,96.87,100,97.04,100,TGT
2025-12-17,9:32:31.294667148,T,96.87,100,97.04,200,TGT
2025-12-17,9:32:31.294677180,T,96.87,100,97.04,100,TGT
2025-12-17,9:32:31.294697211,T,96.87,100,97.05,300,TGT
2025-12-17,9:32:31.294702217,T,96.87,100,97.03,100,TGT
2025-12-17,9:32:31.294913050,T,96.87,100,97.0,100,TGT
2025-12-17,9:32:31.294913050,T,96.87,100,97.03,100,TGT
2025-12-17,9:32:31.294922718,T,96.92,100,97.03,100,TGT
2025-12-17,9:32:31.294947777,T,96.87,100,97.03,100,TGT
2025-12-17,9:32:31.294947777,T,96.87,100,97.04,200,TGT
2025-12-17,9:32:31.294958161,T,96.91,100,97.04,200,TGT
2025-12-17,9:32:31.294982916,T,96.91,100,97.03,100,TGT
2025-12-17,9:32:31.294987931,T,96.91,100,97.01,100,TGT
2025-12-17,9:32:31.294987931,T,96.91,100,97.03,100,TGT
2025-12-17,9:32:31.295002965,T,96.87,100,97.03,100,TGT
2025-12-17,9:32:31.295063051,T,96.87,100,97.01,100,TGT
2025-12-17,9:32:31.295063051,T,96.87,100,96.99,100,TGT
2025-12-17,9:32:31.295088146,T,96.87,100,96.97,100,TGT
2025-12-17,9:32:31.295098183,T,96.87,100,96.96,100,TGT
2025-12-17,9:32:31.295248585,T,96.87,100,96.95,100,TGT
2025-12-17,9:32:31.300922085,T,96.87,100,96.95,200,TGT
2025-12-17,9:32:31.300942050,T,96.79,100,96.95,200,TGT
2025-12-17,9:32:31.430490766,T,96.78,200,96.95,200,TGT
2025-12-17,9:32:31.432254992,T,96.51,100,96.95,200,TGT
2025-12-17,9:32:31.432264999,T,96.71,200,96.95,200,TGT
2025-12-17,9:32:31.726175213,T,96.51,100,96.95,200,TGT
2025-12-17,9:32:31.726435795,T,96.64,200,96.95,200,TGT
2025-12-17,9:32:31.738349130,T,96.68,200,96.95,200,TGT
2025-12-17,9:32:32.294589351,T,96.69,100,96.95,200,TGT
2025-12-17,9:32:32.576936961,T,96.68,200,96.95,200,TGT
2025-12-17,9:32:32.599169914,T,96.64,200,96.95,200,TGT
2025-12-17,9:32:32.851947209,T,96.51,100,96.95,200,TGT
2025-12-17,9:32:32.851952161,T,96.52,200,96.95,200,TGT
2025-12-17,9:32:45.059940765,T,96.52,200,96.91,100,TGT
2025-12-17,9:32:45.059945746,T,96.52,200,96.91,200,TGT
2025-12-17,9:32:45.059980868,T,96.69,200,96.91,200,TGT
2025-12-17,9:32:45.060261481,T,96.69,200,96.91,100,TGT
2025-12-17,9:32:45.065022818,T,96.69,200,96.91,200,TGT
2025-12-17,9:32:47.139469715,T,96.69,200,96.91,300,TGT
2025-12-17,9:32:47.555405643,T,96.69,200,96.91,200,TGT
2025-12-17,9:32:53.178697304,T,96.69,100,96.91,200,TGT
2025-12-17,9:32:53.178717528,T,96.52,200,96.91,200,TGT
2025-12-17,9:32:53.178722334,T,96.52,200,96.8,200,TGT
2025-12-17,9:32:53.178742471,T,96.52,200,96.8,300,TGT
2025-12-17,9:32:53.178747463,T,96.52,200,96.8,500,TGT
2025-12-17,9:32:53.178783128,T,96.52,200,96.8,300,TGT
2025-12-17,9:32:53.178787535,T,96.52,200,96.8,400,TGT
2025-12-17,9:32:53.178787535,T,96.52,200,96.8,500,TGT
2025-12-17,9:32:53.179609509,T,96.52,200,96.8,400,TGT
2025-12-17,9:32:53.179609509,T,96.52,200,96.77,100,TGT
2025-12-17,9:32:53.179629525,T,96.52,200,96.77,200,TGT
2025-12-17,9:32:53.179970370,T,96.52,200,96.77,100,TGT
2025-12-17,9:32:53.180000413,T,96.52,200,96.8,400,TGT
2025-12-17,9:32:53.180005442,T,96.52,200,96.72,100,TGT
2025-12-17,9:32:53.183819545,T,96.5,300,96.72,100,TGT
2025-12-17,9:32:53.184536304,T,96.5,300,96.72,200,TGT
2025-12-17,9:32:53.189808764,T,96.5,400,96.72,200,TGT
2025-12-17,9:33:01.460191561,T,96.5,300,96.72,200,TGT
2025-12-17,9:33:01.522224365,T,96.5,300,96.72,300,TGT
2025-12-17,9:33:03.880873684,T,96.5,300,96.72,200,TGT
2025-12-17,9:33:04.685089406,T,96.5,300,96.72,100,TGT
2025-12-17,9:33:04.687224480,T,96.5,300,96.62,100,TGT
2025-12-17,9:33:04.687244587,T,96.5,300,96.62,200,TGT
2025-12-17,9:33:08.581567223,T,96.5,300,96.62,300,TGT
2025-12-17,9:33:10.342196661,T,96.5,300,96.62,200,TGT
2025-12-17,9:33:13.115764449,T,96.5,300,96.62,300,TGT
2025-12-17,9:33:13.115944707,T,96.5,300,96.62,200,TGT
2025-12-17,9:33:13.116029982,T,96.51,100,96.62,200,TGT
2025-12-17,9:33:13.116050041,T,96.57,100,96.62,200,TGT
2025-12-17,9:33:13.116080045,T,96.51,100,96.62,200,TGT
2025-12-17,9:33:13.116100184,T,96.51,100,96.62,100,TGT
2025-12-17,9:33:13.116100184,T,96.51,100,96.8,100,TGT
2025-12-17,9:33:13.116105133,T,96.51,100,96.62,100,TGT
2025-12-17,9:33:13.116195400,T,96.51,100,96.87,100,TGT
2025-12-17,9:33:13.116200390,T,96.51,100,96.86,100,TGT
2025-12-17,9:33:13.116215464,T,96.58,100,96.86,100,TGT
2025-12-17,9:33:13.116220419,T,96.59,100,96.86,100,TGT
2025-12-17,9:33:13.116235484,T,96.58,100,96.86,100,TGT
2025-12-17,9:33:13.116295623,T,96.58,100,96.87,100,TGT
2025-12-17,9:33:13.116300707,T,96.58,300,96.87,100,TGT
2025-12-17,9:33:13.116315935,T,96.59,100,96.87,100,TGT
2025-12-17,9:33:13.116325636,T,96.59,300,96.87,100,TGT
2025-12-17,9:33:13.116360745,T,96.59,200,96.87,100,TGT
2025-12-17,9:33:13.116370906,T,96.58,300,96.87,100,TGT
2025-12-17,9:33:13.116380824,T,96.58,300,96.86,100,TGT
2025-12-17,9:33:13.116395823,T,96.58,300,96.66,200,TGT
2025-12-17,9:33:13.116410938,T,96.58,200,96.66,200,TGT
2025-12-17,9:33:13.116415848,T,96.58,300,96.66,200,TGT
2025-12-17,9:33:13.116420941,T,96.58,300,96.7,100,TGT
2025-12-17,9:33:13.116431115,T,96.58,200,96.7,100,TGT
2025-12-17,9:33:13.116435961,T,96.58,200,96.87,100,TGT
2025-12-17,9:33:13.116446193,T,96.51,100,96.87,100,TGT
2025-12-17,9:33:13.116465961,T,96.51,100,96.7,100,TGT
2025-12-17,9:33:13.116476185,T,96.51,100,96.64,100,TGT
2025-12-17,9:33:13.116501048,T,96.5,300,96.64,100,TGT
2025-12-17,9:33:13.116506164,T,96.5,300,96.7,100,TGT
2025-12-17,9:33:13.117007323,T,96.5,300,96.63,100,TGT
2025-12-17,9:33:13.117678847,T,96.5,300,96.62,100,TGT
2025-12-17,9:33:13.118330475,T,96.5,200,96.62,100,TGT
2025-12-17,9:33:13.118485798,T,96.5,200,96.57,100,TGT
2025-12-17,9:33:13.118500943,T,96.5,200,96.61,100,TGT
2025-12-17,9:33:13.118521274,T,96.5,100,96.61,100,TGT
2025-12-17,9:33:13.118526075,T,96.39,100,96.61,100,TGT
2025-12-17,9:33:13.118526075,T,96.38,200,96.61,100,TGT
2025-12-17,9:33:13.118541186,T,96.38,200,96.53,100,TGT
2025-12-17,9:33:13.118661272,T,96.38,200,96.52,100,TGT
2025-12-17,9:33:13.118706387,T,96.27,100,96.52,100,TGT
2025-12-17,9:33:13.118716320,T,96.27,300,96.52,100,TGT
2025-12-17,9:33:13.118921867,T,96.27,300,96.6,100,TGT
2025-12-17,9:33:13.118946917,T,96.48,100,96.6,100,TGT
2025-12-17,9:33:13.118967007,T,96.48,200,96.6,100,TGT
2025-12-17,9:33:13.118967007,T,96.48,100,96.6,100,TGT
2025-12-17,9:33:13.118981979,T,96.49,100,96.6,100,TGT
2025-12-17,9:33:13.119508315,T,96.49,100,96.61,100,TGT
2025-12-17,9:33:13.119553348,T,96.49,100,96.62,100,TGT
2025-12-17,9:33:13.120275060,T,96.49,100,96.62,200,TGT
2025-12-17,9:33:13.120976779,T,96.49,100,96.62,100,TGT
2025-12-17,9:33:13.630866511,T,96.49,100,96.87,100,TGT
2025-12-17,9:33:14.118132381,T,96.49,100,96.6,100,TGT
2025-12-17,9:33:26.229014480,T,96.27,400,96.6,100,TGT
2025-12-17,9:33:26.229014480,T,96.27,300,96.6,100,TGT
2025-12-17,9:33:26.229039811,T,96.27,300,96.55,100,TGT
2025-12-17,9:33:26.229044545,T,96.27,300,96.55,200,TGT
2025-12-17,9:33:26.229044545,T,96.27,300,96.55,300,TGT
2025-12-17,9:33:26.229074588,T,96.27,300,96.55,100,TGT
2025-12-17,9:33:26.229680975,T,96.27,300,96.5,100,TGT
2025-12-17,9:33:26.231014205,T,96.27,300,96.5,200,TGT
2025-12-17,9:33:26.388399154,T,96.27,300,96.5,100,TGT
2025-12-17,9:33:26.389115880,T,96.27,300,96.7,100,TGT
2025-12-17,9:33:26.412782199,T,96.27,300,96.55,100,TGT
2025-12-17,9:33:27.839967356,T,96.27,300,96.55,200,TGT
2025-12-17,9:33:32.089481364,T,96.27,300,96.47,100,TGT
2025-12-17,9:33:32.089541385,T,96.27,300,96.44,100,TGT
2025-12-17,9:33:32.090413766,T,96.27,300,96.44,200,TGT
2025-12-17,9:33:32.090428452,T,96.27,300,96.44,100,TGT
2025-12-17,9:33:32.090443453,T,96.27,300,96.42,100,TGT
2025-12-17,9:33:32.090448410,T,96.27,300,96.44,100,TGT
2025-12-17,9:33:32.090513661,T,96.27,300,96.41,100,TGT
2025-12-17,9:33:32.090523617,T,96.27,300,96.4,100,TGT
2025-12-17,9:33:32.090528676,T,96.27,300,96.41,100,TGT
2025-12-17,9:33:32.090553851,T,96.27,300,96.4,100,TGT
2025-12-17,9:33:32.090553851,T,96.27,300,96.41,100,TGT
2025-12-17,9:33:32.090558680,T,96.27,300,96.4,100,TGT
2025-12-17,9:33:32.090578778,T,96.28,100,96.4,100,TGT
2025-12-17,9:33:32.090593862,T,96.27,300,96.4,100,TGT
2025-12-17,9:33:32.090623867,T,96.33,100,96.4,100,TGT
2025-12-17,9:33:32.090653999,T,96.27,300,96.4,100,TGT
2025-12-17,9:33:32.090734215,T,96.27,300,96.36,100,TGT
2025-12-17,9:33:32.091024783,T,96.27,300,96.36,200,TGT
2025-12-17,9:33:32.091024783,T,96.27,300,96.35,100,TGT
2025-12-17,9:33:32.091049845,T,96.27,300,96.36,200,TGT
2025-12-17,9:33:32.091059891,T,96.27,300,96.35,100,TGT
2025-12-17,9:33:32.091064878,T,96.27,300,96.36,200,TGT
2025-12-17,9:33:32.091069903,T,96.31,100,96.36,200,TGT
2025-12-17,9:33:32.091100298,T,96.32,100,96.36,200,TGT
2025-12-17,9:33:32.091110046,T,96.31,100,96.36,200,TGT
2025-12-17,9:33:32.091120233,T,96.31,100,96.36,100,TGT
2025-12-17,9:33:32.091140081,T,96.32,200,96.36,100,TGT
2025-12-17,9:33:32.091410787,T,96.33,100,96.36,100,TGT
2025-12-17,9:33:32.091430918,T,96.32,200,96.36,100,TGT
2025-12-17,9:33:32.092287831,T,96.32,200,96.41,100,TGT
2025-12-17,9:33:32.092317933,T,96.32,200,96.44,100,TGT
2025-12-17,9:33:32.094643501,T,96.32,200,96.52,100,TGT
2025-12-17,9:33:32.095134574,T,96.32,200,96.54,100,TGT
2025-12-17,9:33:32.098918655,T,96.32,200,96.52,100,TGT
2025-12-17,9:33:32.099635318,T,96.32,200,96.52,200,TGT
2025-12-17,9:33:32.114921751,T,96.32,200,96.52,100,TGT
2025-12-17,9:33:34.675266333,T,96.32,200,96.55,100,TGT
2025-12-17,9:33:34.676534369,T,96.32,200,96.55,200,TGT
2025-12-17,9:33:37.797028602,T,96.32,300,96.55,200,TGT
2025-12-17,9:33:37.801845063,T,96.32,300,96.55,100,TGT
2025-12-17,9:33:37.866198392,T,96.32,300,96.55,200,TGT
2025-12-17,9:33:42.153081237,T,96.32,200,96.55,200,TGT
2025-12-17,9:33:43.328386162,T,96.27,100,96.55,200,TGT
2025-12-17,9:33:43.329548909,T,96.39,100,96.55,200,TGT
2025-12-17,9:33:43.329754350,T,96.39,200,96.55,200,TGT
2025-12-17,9:33:43.432173408,T,96.39,100,96.55,200,TGT
2025-12-17,9:33:54.025976539,T,96.27,100,96.55,200,TGT
2025-12-17,9:33:54.026242131,T,96.39,200,96.55,200,TGT
2025-12-17,9:33:54.026447628,T,96.39,300,96.55,200,TGT
2025-12-17,9:33:54.028878328,T,96.39,400,96.55,200,TGT
2025-12-17,9:33:55.486114983,T,96.39,300,96.55,200,TGT
2025-12-17,9:34:00.649330488,T,96.39,200,96.55,200,TGT
2025-12-17,9:34:00.649395635,T,96.39,300,96.55,200,TGT
2025-12-17,9:34:00.649410679,T,96.39,200,96.55,200,TGT
2025-12-17,9:34:00.649416011,T,96.39,300,96.55,200,TGT
2025-12-17,9:34:00.649416011,T,96.39,200,96.55,200,TGT
2025-12-17,9:34:00.649455786,T,96.43,100,96.55,200,TGT
2025-12-17,9:34:02.335562803,T,96.43,200,96.55,200,TGT
2025-12-17,9:34:03.644656550,T,96.43,200,96.54,100,TGT
2025-12-17,9:34:03.644656550,T,96.43,200,96.5,100,TGT
2025-12-17,9:34:03.644696587,T,96.43,200,96.54,100,TGT
2025-12-17,9:34:03.648736148,T,96.43,200,96.55,100,TGT
2025-12-17,9:34:03.649457869,T,96.43,200,96.55,200,TGT
2025-12-17,9:34:03.771102725,T,96.43,100,96.55,200,TGT
2025-12-17,9:34:03.771313448,T,96.27,200,96.55,200,TGT
2025-12-17,9:34:03.771318236,T,96.43,100,96.55,200,TGT
2025-12-17,9:34:10.292909948,T,96.44,100,96.55,200,TGT
2025-12-17,9:34:10.292924954,T,96.43,100,96.55,200,TGT
2025-12-17,9:34:10.292929951,T,96.44,100,96.55,200,TGT
2025-12-17,9:34:10.292929951,T,96.43,100,96.55,200,TGT
2025-12-17,9:34:10.292950013,T,96.48,100,96.55,200,TGT
2025-12-17,9:34:15.267816794,T,96.27,200,96.55,200,TGT
2025-12-17,9:34:15.267846941,T,96.48,100,96.55,200,TGT
2025-12-17,9:34:15.268302932,T,96.27,200,96.55,200,TGT
2025-12-17,9:34:15.268433300,T,96.27,100,96.55,200,TGT
2025-12-17,9:34:17.269375699,T,96.27,100,96.53,100,TGT
2025-12-17,9:34:17.269380548,T,96.27,100,96.5,100,TGT
2025-12-17,9:34:17.269400489,T,96.27,100,96.53,100,TGT
2025-12-17,9:34:17.269405661,T,96.27,100,96.53,200,TGT
2025-12-17,9:34:17.269606059,T,96.27,100,96.48,100,TGT
2025-12-17,9:34:17.269606059,T,96.27,100,96.5,100,TGT
2025-12-17,9:34:17.269631094,T,96.27,100,96.53,100,TGT
2025-12-17,9:34:17.269641443,T,96.27,100,96.53,200,TGT
2025-12-17,9:34:17.269691153,T,96.27,100,96.5,100,TGT
2025-12-17,9:34:17.269696162,T,96.45,200,96.5,100,TGT
2025-12-17,9:34:17.269721274,T,96.27,100,96.5,100,TGT
2025-12-17,9:34:17.269736569,T,96.27,100,96.53,100,TGT
2025-12-17,9:34:17.269791680,T,96.27,100,96.53,200,TGT
2025-12-17,9:34:17.269841502,T,96.27,100,96.53,100,TGT
2025-12-17,9:34:17.270407883,T,96.27,100,96.54,200,TGT
2025-12-17,9:34:17.271124556,T,96.27,100,96.54,300,TGT
2025-12-17,9:34:17.275389715,T,96.27,100,96.54,200,TGT
2025-12-17,9:34:17.307300763,T,96.39,100,96.54,200,TGT
2025-12-17,9:34:17.307300763,T,96.35,100,96.54,200,TGT
2025-12-17,9:34:17.369433747,T,96.35,100,96.54,100,TGT
2025-12-17,9:34:17.515030603,T,96.27,100,96.54,100,TGT
2025-12-17,9:34:17.515046015,T,96.27,100,96.47,100,TGT
2025-12-17,9:34:17.515050648,T,96.27,100,96.46,100,TGT
2025-12-17,9:34:17.522082354,T,96.27,100,96.47,100,TGT
2025-12-17,9:34:17.522107457,T,96.27,100,96.53,100,TGT
2025-12-17,9:34:17.522804084,T,96.27,100,96.45,100,TGT
2025-12-17,9:34:17.630340306,T,96.33,100,96.45,100,TGT
2025-12-17,9:34:20.016905820,T,96.33,100,96.55,100,TGT
2025-12-17,9:34:20.016915885,T,96.33,200,96.55,100,TGT
2025-12-17,9:34:20.016925899,T,96.39,100,96.55,100,TGT
2025-12-17,9:34:20.016930833,T,96.39,200,96.55,100,TGT
2025-12-17,9:34:20.016960900,T,96.39,300,96.55,100,TGT
2025-12-17,9:34:20.016985984,T,96.39,200,96.55,100,TGT
2025-12-17,9:34:20.016985984,T,96.39,400,96.55,100,TGT
2025-12-17,9:34:20.017041097,T,96.39,300,96.55,100,TGT
2025-12-17,9:34:20.017046164,T,96.4,100,96.55,100,TGT
2025-12-17,9:34:20.017281676,T,96.4,100,96.55,300,TGT
2025-12-17,9:34:20.017346881,T,96.4,100,96.55,500,TGT
2025-12-17,9:34:20.017402014,T,96.4,100,96.55,600,TGT
2025-12-17,9:34:20.028488403,T,96.4,100,96.5,100,TGT
2025-12-17,9:34:20.028513492,T,96.4,100,96.5,200,TGT
2025-12-17,9:34:20.028533512,T,96.4,100,96.5,600,TGT
2025-12-17,9:34:20.048987227,T,96.4,100,96.5,500,TGT
2025-12-17,9:34:20.048992633,T,96.4,100,96.5,400,TGT
2025-12-17,9:34:20.048997346,T,96.4,100,96.5,100,TGT
2025-12-17,9:34:20.049002248,T,96.4,100,96.55,100,TGT
2025-12-17,9:34:20.049017339,T,96.4,200,96.55,100,TGT
2025-12-17,9:34:20.049023034,T,96.45,100,96.55,100,TGT
2025-12-17,9:34:20.049023034,T,96.45,200,96.55,100,TGT
2025-12-17,9:34:20.049042388,T,96.45,300,96.55,100,TGT
2025-12-17,9:34:20.049077479,T,96.45,400,96.55,100,TGT
2025-12-17,9:34:20.049353085,T,96.45,300,96.55,100,TGT
2025-12-17,9:34:20.053883885,T,96.45,300,96.55,200,TGT
2025-12-17,9:34:20.149055721,T,96.45,200,96.55,200,TGT
2025-12-17,9:34:20.149070684,T,96.45,100,96.55,200,TGT
2025-12-17,9:34:20.421093800,T,96.45,100,96.55,100,TGT
2025-12-17,9:34:20.908444755,T,96.45,100,96.54,100,TGT
2025-12-17,9:34:20.908484863,T,96.4,200,96.54,100,TGT
2025-12-17,9:34:21.755973866,T,96.4,100,96.54,100,TGT
2025-12-17,9:34:22.438239328,T,96.4,200,96.54,100,TGT
2025-12-17,9:34:22.744714414,T,96.43,100,96.54,100,TGT
2025-12-17,9:34:22.745360950,T,96.43,200,96.54,100,TGT
2025-12-17,9:34:23.527980416,T,96.43,100,96.54,100,TGT
2025-12-17,9:34:24.103972527,T,96.43,100,96.51,100,TGT
2025-12-17,9:34:24.104027727,T,96.43,100,96.54,100,TGT
2025-12-17,9:34:24.104689298,T,96.43,100,96.55,100,TGT
2025-12-17,9:34:24.828653986,T,96.43,100,96.54,100,TGT
2025-12-17,9:34:24.829160230,T,96.43,100,96.53,100,TGT
2025-12-17,9:34:24.829230423,T,96.43,100,96.5,100,TGT
2025-12-17,9:34:24.829245737,T,96.43,100,96.47,100,TGT
2025-12-17,9:34:24.829250467,T,96.43,100,96.47,200,TGT
2025-12-17,9:34:24.829260506,T,96.43,100,96.47,100,TGT
2025-12-17,9:34:24.829320574,T,96.43,100,96.53,100,TGT
2025-12-17,9:34:24.829405938,T,96.43,100,96.5,100,TGT
2025-12-17,9:34:24.829405938,T,96.43,100,96.47,100,TGT
2025-12-17,9:34:24.829490976,T,96.27,200,96.47,100,TGT
2025-12-17,9:34:24.829561231,T,96.27,100,96.47,100,TGT
2025-12-17,9:34:24.829606261,T,96.27,100,96.54,100,TGT
2025-12-17,9:34:24.829616311,T,96.43,100,96.54,100,TGT
2025-12-17,9:34:24.829651551,T,96.27,200,96.54,100,TGT
2025-12-17,9:34:24.829651551,T,96.27,100,96.54,100,TGT
2025-12-17,9:34:24.829671462,T,96.27,100,96.54,200,TGT
2025-12-17,9:34:24.829676506,T,96.27,100,96.54,100,TGT
2025-12-17,9:34:24.829876967,T,96.27,100,96.55,100,TGT
2025-12-17,9:34:24.830142525,T,96.27,100,96.48,100,TGT
2025-12-17,9:34:24.830177721,T,96.27,100,96.55,100,TGT
2025-12-17,9:34:24.830573599,T,96.27,100,96.47,100,TGT
2025-12-17,9:34:30.051982898,T,96.27,100,96.55,100,TGT
2025-12-17,9:34:32.528197064,T,96.27,100,96.46,100,TGT
2025-12-17,9:34:32.528873675,T,96.27,100,96.46,200,TGT
2025-12-17,9:34:34.154701815,T,96.33,200,96.46,200,TGT
2025-12-17,9:34:34.154777011,T,96.33,100,96.46,200,TGT
2025-12-17,9:34:34.154777011,T,96.33,100,96.39,100,TGT
2025-12-17,9:34:34.154817199,T,96.27,100,96.39,100,TGT
2025-12-17,9:34:34.154822147,T,96.27,100,96.39,200,TGT
2025-12-17,9:34:34.154842178,T,96.27,100,96.36,100,TGT
2025-12-17,9:34:34.159799052,T,96.27,100,96.36,200,TGT
2025-12-17,9:34:34.313560307,T,96.27,100,96.36,100,TGT
2025-12-17,9:34:34.314277049,T,96.27,100,96.39,100,TGT
2025-12-17,9:34:34.314307065,T,96.27,100,96.55,100,TGT
2025-12-17,9:34:34.315339536,T,96.27,100,96.55,200,TGT
2025-12-17,9:34:34.315499992,T,96.27,100,96.46,100,TGT
2025-12-17,9:34:35.694866075,T,96.29,100,96.46,100,TGT
2025-12-17,9:34:35.694926184,T,96.29,300,96.46,100,TGT
2025-12-17,9:34:36.762770513,T,96.29,200,96.46,100,TGT
2025-12-17,9:34:36.762770513,T,96.27,100,96.46,100,TGT
2025-12-17,9:34:36.762790183,T,96.27,100,96.31,100,TGT
2025-12-17,9:34:36.763055859,T,96.13,200,96.31,100,TGT
2025-12-17,9:34:36.763617150,T,96.2,100,96.31,100,TGT
2025-12-17,9:34:36.763622219,T,96.2,200,96.31,100,TGT
2025-12-17,9:34:36.763707364,T,96.2,200,96.29,100,TGT
2025-12-17,9:34:36.763782559,T,96.2,200,96.31,100,TGT
2025-12-17,9:34:36.763857761,T,96.2,200,96.37,100,TGT
2025-12-17,9:34:36.764499253,T,96.2,200,96.29,100,TGT
2025-12-17,9:34:36.768649190,T,96.2,100,96.29,100,TGT
2025-12-17,9:34:36.773395485,T,96.2,100,96.37,100,TGT
2025-12-17,9:34:36.773505773,T,96.2,100,96.44,100,TGT
2025-12-17,9:34:36.773661110,T,96.2,100,96.45,200,TGT
2025-12-17,9:34:36.774417879,T,96.2,100,96.45,300,TGT
2025-12-17,9:34:36.864347182,T,96.14,200,96.45,300,TGT
2025-12-17,9:34:36.864352219,T,96.14,200,96.45,200,TGT
2025-12-17,9:34:36.864362252,T,96.14,100,96.45,200,TGT
2025-12-17,9:34:36.963343011,T,96.14,100,96.45,100,TGT
2025-12-17,9:34:36.964876719,T,96.13,200,96.45,100,TGT
2025-12-17,9:34:37.398148912,T,96.13,200,96.5,100,TGT
2025-12-17,9:34:37.746097861,T,96.13,200,96.46,100,TGT
2025-12-17,9:34:37.746814613,T,96.13,200,96.46,200,TGT
2025-12-17,9:34:37.763258750,T,96.2,100,96.46,200,TGT
2025-12-17,9:34:38.360977754,T,96.26,100,96.46,200,TGT
2025-12-17,9:34:38.361037910,T,96.26,300,96.46,200,TGT
2025-12-17,9:34:39.113370176,T,96.26,300,96.46,100,TGT
2025-12-17,9:34:40.296002593,T,96.26,300,96.46,200,TGT
2025-12-17,9:34:42.700876853,T,96.26,300,96.46,100,TGT
2025-12-17,9:34:43.705971333,T,96.26,300,96.46,200,TGT
2025-12-17,9:34:43.706392305,T,96.26,300,96.46,300,TGT
2025-12-17,9:34:45.834296816,T,96.26,200,96.46,300,TGT
2025-12-17,9:34:45.834301709,T,96.13,200,96.46,300,TGT
2025-12-17,9:34:45.834301709,T,96.13,200,96.34,200,TGT
2025-12-17,9:34:45.834321810,T,96.13,200,96.28,100,TGT
2025-12-17,9:34:45.835404329,T,96.13,200,96.34,400,TGT
2025-12-17,9:34:45.835424377,T,96.13,200,96.34,200,TGT
2025-12-17,9:34:45.836126165,T,96.13,200,96.31,100,TGT
2025-12-17,9:34:45.836852749,T,96.05,100,96.31,100,TGT
2025-12-17,9:34:45.836862786,T,96.05,300,96.31,100,TGT
2025-12-17,9:34:45.844536073,T,96.05,300,96.31,200,TGT
2025-12-17,9:34:45.969218084,T,96.05,300,96.31,100,TGT
2025-12-17,9:34:45.987792421,T,96.05,200,96.31,100,TGT
2025-12-17,9:34:46.051243587,T,96.05,200,96.29,100,TGT
2025-12-17,9:34:46.060505561,T,96.05,200,96.31,100,TGT
2025-12-17,9:34:47.447048713,T,96.13,100,96.31,100,TGT
2025-12-17,9:34:50.598231033,T,96.13,100,96.44,100,TGT
2025-12-17,9:34:52.587354885,T,96.13,100,96.22,100,TGT
2025-12-17,9:35:00.661059195,T,96.07,100,96.22,100,TGT
2025-12-17,9:35:01.133835735,T,96.17,100,96.22,100,TGT
2025-12-17,9:35:02.186363251,T,96.07,100,96.22,100,TGT
2025-12-17,9:35:02.186388297,T,96.04,200,96.22,100,TGT
2025-12-17,9:35:02.186448433,T,96.04,200,96.42,100,TGT
2025-12-17,9:35:02.345136522,T,96.04,200,96.44,100,TGT
2025-12-17,9:35:03.187538252,T,96.04,200,96.21,100,TGT
2025-12-17,9:35:04.931452693,T,96.04,200,96.2,100,TGT
2025-12-17,9:35:04.931452693,T,96.04,200,96.2,200,TGT
2025-12-17,9:35:04.931487678,T,96.04,200,96.2,100,TGT
2025-12-17,9:35:04.932820936,T,96.04,200,96.2,200,TGT
2025-12-17,9:35:04.932830887,T,96.04,200,96.2,100,TGT
2025-12-17,9:35:04.933853325,T,96.04,200,96.2,200,TGT
2025-12-17,9:35:04.935271702,T,96.04,200,96.18,100,TGT
2025-12-17,9:35:04.935316820,T,96.04,200,96.2,300,TGT
2025-12-17,9:35:04.935407063,T,96.07,100,96.2,300,TGT
2025-12-17,9:35:04.935632548,T,96.07,100,96.2,200,TGT
2025-12-17,9:35:04.935988487,T,96.07,100,96.2,100,TGT
2025-12-17,9:35:04.936073638,T,96.07,100,96.17,100,TGT
2025-12-17,9:35:04.938484395,T,96.07,100,96.19,100,TGT
2025-12-17,9:35:04.939236174,T,96.07,100,96.2,100,TGT
2025-12-17,9:35:04.939291272,T,96.07,100,96.19,100,TGT
2025-12-17,9:35:04.945370856,T,96.07,100,96.2,200,TGT
2025-12-17,9:35:04.946122549,T,96.07,100,96.2,100,TGT
2025-12-17,9:35:04.946137626,T,96.07,100,96.43,100,TGT
2025-12-17,9:35:04.946142658,T,96.07,100,96.44,100,TGT
2025-12-17,9:35:04.946994700,T,96.07,100,96.22,100,TGT
2025-12-17,9:35:04.947711404,T,96.07,100,96.21,100,TGT
2025-12-17,9:35:05.024574471,T,96.07,100,96.22,100,TGT
2025-12-17,9:35:05.139007155,T,96.04,200,96.22,100,TGT
2025-12-17,9:35:05.139032156,T,96.04,200,96.21,100,TGT
2025-12-17,9:35:05.139032156,T,96.04,200,96.14,100,TGT
2025-12-17,9:35:05.139037775,T,96.04,200,96.14,300,TGT
2025-12-17,9:35:05.139062218,T,96.04,200,96.14,200,TGT
2025-12-17,9:35:05.139062218,T,96.04,200,96.14,300,TGT
2025-12-17,9:35:05.139513310,T,96.04,200,96.14,200,TGT
2025-12-17,9:35:05.144956323,T,96.04,200,96.14,300,TGT
2025-12-17,9:35:05.146069000,T,96.04,200,96.14,200,TGT
2025-12-17,9:35:05.239035491,T,96.04,200,96.14,100,TGT
2025-12-17,9:35:05.239752122,T,96.04,200,96.21,100,TGT
2025-12-17,9:35:05.239782178,T,96.04,200,96.22,100,TGT
2025-12-17,9:35:05.611402592,T,96.04,200,96.21,100,TGT
2025-12-17,9:35:05.621687527,T,96.04,200,96.22,100,TGT
2025-12-17,9:35:05.716748603,T,96.04,200,96.21,100,TGT
2025-12-17,9:35:10.278466257,T,96.04,200,96.22,100,TGT
2025-12-17,9:35:10.286796012,T,96.04,200,96.15,100,TGT
2025-12-17,9:35:10.588780631,T,96.0,400,96.15,100,TGT
2025-12-17,9:35:10.588805461,T,96.0,400,96.06,100,TGT
2025-12-17,9:35:10.589868071,T,96.0,400,96.1,100,TGT
2025-12-17,9:35:10.597736816,T,96.0,400,96.14,100,TGT
2025-12-17,9:35:10.598924651,T,96.0,400,96.21,100,TGT
2025-12-17,9:35:10.599029878,T,96.0,400,96.22,100,TGT
2025-12-17,9:35:10.599746581,T,96.0,400,96.21,100,TGT
2025-12-17,9:35:10.599776646,T,96.0,400,96.21,200,TGT
2025-12-17,9:35:12.444697045,T,96.0,400,96.15,100,TGT
2025-12-17,9:35:12.444701825,T,96.0,400,96.14,100,TGT
2025-12-17,9:35:12.444701825,T,96.0,400,96.08,100,TGT
2025-12-17,9:35:12.444982512,T,96.0,400,96.08,200,TGT
2025-12-17,9:35:12.445152855,T,96.0,400,96.08,300,TGT
2025-12-17,9:35:12.445198178,T,96.0,300,96.08,300,TGT
2025-12-17,9:35:12.445218018,T,96.0,100,96.08,300,TGT
2025-12-17,9:35:12.445313318,T,96.0,100,96.08,400,TGT
2025-12-17,9:35:12.445323551,T,95.89,200,96.08,400,TGT
2025-12-17,9:35:12.445343507,T,95.89,200,96.07,100,TGT
2025-12-17,9:35:12.445343507,T,95.89,200,96.04,100,TGT
2025-12-17,9:35:12.445383752,T,95.89,200,96.07,100,TGT
2025-12-17,9:35:12.445388475,T,95.89,200,96.08,300,TGT
2025-12-17,9:35:12.445403467,T,95.89,200,96.08,200,TGT
2025-12-17,9:35:12.445403467,T,95.89,300,96.08,200,TGT
2025-12-17,9:35:12.445408685,T,95.99,100,96.08,200,TGT
2025-12-17,9:35:12.445448871,T,95.99,100,96.06,100,TGT
2025-12-17,9:35:12.445518753,T,95.99,100,96.08,200,TGT
2025-12-17,9:35:12.445739299,T,96.0,100,96.08,200,TGT
2025-12-17,9:35:12.445769357,T,96.0,200,96.08,200,TGT
2025-12-17,9:35:12.445809474,T,96.0,300,96.08,200,TGT
2025-12-17,9:35:12.445829463,T,96.0,500,96.08,200,TGT
2025-12-17,9:35:12.445839502,T,96.0,500,96.04,100,TGT
2025-12-17,9:35:12.445844601,T,96.0,600,96.04,100,TGT
2025-12-17,9:35:12.445864623,T,96.0,700,96.04,100,TGT
2025-12-17,9:35:12.446431096,T,96.0,600,96.04,100,TGT
2025-12-17,9:35:12.446431096,T,96.0,500,96.04,100,TGT
2025-12-17,9:35:12.446436548,T,96.0,400,96.04,100,TGT
2025-12-17,9:35:12.446436548,T,96.0,200,96.04,100,TGT
2025-12-17,9:35:12.446436548,T,96.0,100,96.04,100,TGT
2025-12-17,9:35:12.446440940,T,95.99,100,96.04,100,TGT
2025-12-17,9:35:12.446451267,T,95.99,100,96.04,200,TGT
2025-12-17,9:35:12.446455960,T,95.99,100,96.03,100,TGT
2025-12-17,9:35:12.446470994,T,95.95,100,96.03,100,TGT
2025-12-17,9:35:12.446476050,T,95.95,100,96.02,200,TGT
2025-12-17,9:35:12.446491100,T,95.95,100,96.01,100,TGT
2025-12-17,9:35:12.446511236,T,95.95,100,96.01,200,TGT
2025-12-17,9:35:12.446541137,T,95.95,100,96.0,100,TGT
2025-12-17,9:35:12.446566266,T,95.95,100,96.0,200,TGT
2025-12-17,9:35:12.446821897,T,95.95,100,96.0,100,TGT
2025-12-17,9:35:12.446821897,T,95.95,100,96.0,200,TGT
2025-12-17,9:35:12.446831875,T,95.95,100,96.0,100,TGT
2025-12-17,9:35:12.447729068,T,95.95,100,96.01,100,TGT
2025-12-17,9:35:12.453347348,T,95.95,100,96.01,200,TGT
2025-12-17,9:35:12.456745449,T,95.91,100,96.01,200,TGT
2025-12-17,9:35:12.456745449,T,95.81,300,96.01,200,TGT
2025-12-17,9:35:12.457707842,T,95.81,200,96.01,200,TGT
2025-12-17,9:35:12.466944787,T,95.81,200,96.0,100,TGT
2025-12-17,9:35:12.466964868,T,95.81,200,96.01,200,TGT
2025-12-17,9:35:12.466964868,T,95.81,200,95.97,100,TGT
2025-12-17,9:35:12.467160291,T,95.81,200,95.96,100,TGT
2025-12-17,9:35:12.468333065,T,95.81,200,96.14,200,TGT
2025-12-17,9:35:12.543883183,T,95.81,200,96.14,100,TGT
2025-12-17,9:35:12.543903106,T,95.89,100,96.14,100,TGT
2025-12-17,9:35:12.543973325,T,95.89,200,96.14,100,TGT
2025-12-17,9:35:12.544404282,T,95.89,100,96.14,100,TGT
2025-12-17,9:35:12.544539691,T,95.9,100,96.14,100,TGT
2025-12-17,9:35:12.544705050,T,95.9,100,96.15,100,TGT
2025-12-17,9:35:12.545572090,T,95.9,100,96.15,200,TGT
2025-12-17,9:35:12.558332565,T,95.9,100,96.15,100,TGT
2025-12-17,9:35:12.559500311,T,95.9,100,96.15,200,TGT
2025-12-17,9:35:12.562101489,T,95.96,100,96.15,200,TGT
2025-12-17,9:35:12.562858248,T,95.9,100,96.15,200,TGT
2025-12-17,9:35:12.923717948,T,95.9,100,96.15,300,TGT
2025-12-17,9:35:13.086295326,T,95.9,100,96.15,200,TGT
2025-12-17,9:35:13.087803963,T,95.9,100,96.15,300,TGT
2025-12-17,9:35:13.339252999,T,95.9,100,96.15,200,TGT
2025-12-17,9:35:13.567376402,T,95.9,100,96.14,100,TGT
2025-12-17,9:35:15.637939198,T,95.9,100,96.11,100,TGT
2025-12-17,9:35:15.645702686,T,95.9,100,96.11,200,TGT
2025-12-17,9:35:15.648173557,T,95.9,100,96.11,100,TGT
2025-12-17,9:35:16.040247703,T,95.9,100,96.15,200,TGT
2025-12-17,9:35:18.606461237,T,95.85,100,96.15,200,TGT
2025-12-17,9:35:18.606466247,T,95.85,100,96.14,100,TGT
2025-12-17,9:35:18.606491516,T,95.81,300,96.14,100,TGT
2025-12-17,9:35:18.606516407,T,95.81,200,96.14,100,TGT
2025-12-17,9:35:18.607052841,T,95.81,200,96.15,200,TGT
2025-12-17,9:35:18.607273222,T,95.81,200,96.14,100,TGT
2025-12-17,9:35:21.659133729,T,95.81,200,96.11,100,TGT
2025-12-17,9:35:21.659509575,T,95.81,200,96.1,100,TGT
2025-12-17,9:35:21.659509575,T,95.81,200,96.03,100,TGT
2025-12-17,9:35:21.660837721,T,95.81,200,96.03,200,TGT
2025-12-17,9:35:21.667172842,T,95.81,200,96.03,100,TGT
2025-12-17,9:35:21.667889545,T,95.81,200,96.11,100,TGT
2025-12-17,9:35:21.671012025,T,95.81,200,96.1,100,TGT
2025-12-17,9:35:21.671728750,T,95.81,200,96.1,200,TGT
2025-12-17,9:35:25.626655880,T,95.81,200,96.03,100,TGT
2025-12-17,9:35:25.626690919,T,95.81,200,96.03,200,TGT
2025-12-17,9:35:25.626761043,T,95.81,200,96.02,100,TGT
2025-12-17,9:35:25.627292370,T,95.81,200,95.96,100,TGT
2025-12-17,9:35:25.627342452,T,95.81,200,96.02,100,TGT
2025-12-17,9:35:25.637892573,T,95.8,200,96.02,100,TGT
2025-12-17,9:35:28.385007054,T,95.8,200,96.02,200,TGT
2025-12-17,9:35:29.920425036,T,95.8,200,95.91,100,TGT
2025-12-17,9:35:29.920430012,T,95.8,200,95.87,100,TGT
2025-12-17,9:35:29.920455050,T,95.8,200,95.9,100,TGT
2025-12-17,9:35:29.920455050,T,95.8,200,95.9,200,TGT
2025-12-17,9:35:29.920485183,T,95.75,100,95.9,200,TGT
2025-12-17,9:35:29.920505528,T,95.75,100,95.81,100,TGT
2025-12-17,9:35:29.920530262,T,95.75,100,95.84,100,TGT
2025-12-17,9:35:29.920555353,T,95.81,100,95.84,100,TGT
2025-12-17,9:35:29.920580399,T,95.81,200,95.84,100,TGT
2025-12-17,9:35:29.920605550,T,95.81,100,95.84,100,TGT
2025-12-17,9:35:29.920635536,T,95.81,100,95.9,100,TGT
2025-12-17,9:35:29.920655563,T,95.82,100,95.9,100,TGT
2025-12-17,9:35:29.920666001,T,95.83,100,95.9,100,TGT
2025-12-17,9:35:29.920670612,T,95.83,100,95.87,100,TGT
2025-12-17,9:35:29.920710717,T,95.83,300,95.87,100,TGT
2025-12-17,9:35:29.920715961,T,95.83,400,95.87,100,TGT
2025-12-17,9:35:29.920730730,T,95.84,100,95.87,100,TGT
2025-12-17,9:35:29.920741091,T,95.84,200,95.87,100,TGT
2025-12-17,9:35:29.920741091,T,95.84,300,95.87,100,TGT
2025-12-17,9:35:29.920770861,T,95.86,100,95.87,100,TGT
2025-12-17,9:35:29.920775966,T,95.86,200,95.87,100,TGT
2025-12-17,9:35:29.920775966,T,95.86,300,95.87,100,TGT
2025-12-17,9:35:29.920821028,T,95.86,300,95.91,200,TGT
2025-12-17,9:35:29.920825963,T,95.86,200,95.91,200,TGT
2025-12-17,9:35:29.920831040,T,95.86,400,95.91,200,TGT
2025-12-17,9:35:29.920851264,T,95.87,100,95.91,200,TGT
2025-12-17,9:35:29.920856067,T,95.87,200,95.91,200,TGT
2025-12-17,9:35:29.920861031,T,95.87,100,95.91,200,TGT
2025-12-17,9:35:29.920901195,T,95.86,200,95.91,200,TGT
2025-12-17,9:35:29.920901195,T,95.85,100,95.91,200,TGT
2025-12-17,9:35:29.920926215,T,95.85,100,95.89,100,TGT
2025-12-17,9:35:29.920941718,T,95.83,300,95.89,100,TGT
2025-12-17,9:35:29.920946407,T,95.83,200,95.89,100,TGT
2025-12-17,9:35:29.920951299,T,95.83,100,95.89,100,TGT
2025-12-17,9:35:29.920966309,T,95.83,100,95.86,100,TGT
2025-12-17,9:35:29.921016412,T,95.83,100,95.89,100,TGT
2025-12-17,9:35:29.921036478,T,95.84,100,95.89,100,TGT
2025-12-17,9:35:29.921407312,T,95.85,100,95.89,100,TGT
2025-12-17,9:35:29.921432843,T,95.84,100,95.89,100,TGT
2025-12-17,9:35:29.921437508,T,95.83,200,95.89,100,TGT
2025-12-17,9:35:29.921453132,T,95.83,200,95.88,100,TGT
2025-12-17,9:35:29.921457521,T,95.83,200,95.87,100,TGT
2025-12-17,9:35:29.921502635,T,95.83,200,95.85,100,TGT
2025-12-17,9:35:29.921522663,T,95.83,200,95.87,100,TGT
2025-12-17,9:35:29.921542655,T,95.85,100,95.87,100,TGT
2025-12-17,9:35:29.921598088,T,95.85,100,95.88,100,TGT
2025-12-17,9:35:29.921607884,T,95.83,200,95.88,100,TGT
2025-12-17,9:35:29.921622905,T,95.84,100,95.88,100,TGT
2025-12-17,9:35:29.921632949,T,95.85,100,95.88,100,TGT
2025-12-17,9:35:29.921873450,T,95.85,100,95.89,100,TGT
2025-12-17,9:35:29.921918570,T,95.84,100,95.89,100,TGT
2025-12-17,9:35:29.921948620,T,95.86,100,95.89,100,TGT
2025-12-17,9:35:29.922068896,T,95.86,100,95.91,100,TGT
2025-12-17,9:35:29.922074011,T,95.86,100,95.89,100,TGT
2025-12-17,9:35:29.922835720,T,95.86,100,95.91,100,TGT
2025-12-17,9:35:29.922855860,T,95.87,100,95.91,100,TGT
2025-12-17,9:35:29.922855860,T,95.87,200,95.91,100,TGT
2025-12-17,9:35:29.922890922,T,95.87,400,95.91,100,TGT
2025-12-17,9:35:29.923412115,T,95.87,300,95.91,100,TGT
2025-12-17,9:35:29.923482729,T,95.87,300,95.92,100,TGT
2025-12-17,9:35:29.923587528,T,95.87,400,95.92,100,TGT
2025-12-17,9:35:29.923607711,T,95.87,300,95.92,100,TGT
2025-12-17,9:35:29.923607711,T,95.87,400,95.92,100,TGT
2025-12-17,9:35:29.923612765,T,95.87,400,95.93,100,TGT
2025-12-17,9:35:29.923617643,T,95.87,300,95.93,100,TGT
2025-12-17,9:35:29.923632640,T,95.88,100,95.93,100,TGT
2025-12-17,9:35:29.923647684,T,95.89,100,95.93,100,TGT
2025-12-17,9:35:29.923732969,T,95.89,100,95.92,100,TGT
2025-12-17,9:35:29.923752993,T,95.89,100,95.92,200,TGT
2025-12-17,9:35:29.923858261,T,95.9,100,95.92,200,TGT
2025-12-17,9:35:29.923863241,T,95.9,100,95.92,300,TGT
2025-12-17,9:35:29.924008616,T,95.9,100,95.91,100,TGT
2025-12-17,9:35:29.924008616,T,95.9,100,95.91,200,TGT
2025-12-17,9:35:29.924013581,T,95.9,100,95.91,300,TGT
2025-12-17,9:35:29.925416900,T,95.87,200,95.91,300,TGT
2025-12-17,9:35:29.925442030,T,95.87,200,95.91,400,TGT
2025-12-17,9:35:29.925442030,T,95.87,200,95.9,100,TGT
2025-12-17,9:35:29.925446949,T,95.87,200,95.9,200,TGT
2025-12-17,9:35:29.925446949,T,95.87,200,95.9,300,TGT
2025-12-17,9:35:29.925456994,T,95.87,200,95.9,400,TGT
2025-12-17,9:35:29.925517159,T,95.87,200,95.89,100,TGT
2025-12-17,9:35:29.925522161,T,95.87,200,95.89,200,TGT
2025-12-17,9:35:29.925522161,T,95.87,200,95.89,300,TGT
2025-12-17,9:35:29.925532210,T,95.87,200,95.88,100,TGT
2025-12-17,9:35:29.925532210,T,95.87,200,95.88,200,TGT
2025-12-17,9:35:29.925537472,T,95.87,200,95.88,300,TGT
2025-12-17,9:35:29.925562481,T,95.87,200,95.88,200,TGT
2025-12-17,9:35:29.925772747,T,95.87,200,95.88,100,TGT
2025-12-17,9:35:29.925797823,T,95.87,200,95.9,100,TGT
2025-12-17,9:35:29.926153715,T,95.83,300,95.9,100,TGT
2025-12-17,9:35:29.926174105,T,95.83,300,95.88,100,TGT
2025-12-17,9:35:29.926193948,T,95.83,200,95.88,100,TGT
2025-12-17,9:35:29.926820290,T,95.85,100,95.88,100,TGT
2025-12-17,9:35:29.927216167,T,95.85,100,95.91,100,TGT
2025-12-17,9:35:29.927436702,T,95.85,100,96.02,200,TGT
2025-12-17,9:35:29.930904992,T,95.85,100,96.02,100,TGT
2025-12-17,9:35:29.931641729,T,95.85,100,96.02,200,TGT
2025-12-17,9:35:29.933631546,T,95.85,100,95.99,100,TGT
2025-12-17,9:35:29.947324084,T,95.85,100,95.99,200,TGT
2025-12-17,9:35:30.155725609,T,95.83,200,95.99,200,TGT
2025-12-17,9:35:30.491786434,T,95.87,100,95.99,200,TGT
2025-12-17,9:35:30.491811456,T,95.87,200,95.99,200,TGT
2025-12-17,9:35:30.491851566,T,95.87,400,95.99,200,TGT
2025-12-17,9:35:30.491856516,T,95.87,400,95.98,100,TGT
2025-12-17,9:35:30.492232427,T,95.87,400,95.99,200,TGT
2025-12-17,9:35:30.492573215,T,95.87,400,95.99,100,TGT
2025-12-17,9:35:30.799584679,T,95.87,300,95.99,100,TGT
2025-12-17,9:35:30.800306340,T,95.87,300,95.99,200,TGT
2025-12-17,9:35:31.619142033,T,95.87,200,95.99,200,TGT
2025-12-17,9:35:31.619142033,T,95.83,200,95.99,200,TGT
2025-12-17,9:35:31.619167062,T,95.83,200,95.89,100,TGT
2025-12-17,9:35:31.619182088,T,95.85,100,95.89,100,TGT
2025-12-17,9:35:31.619197150,T,95.83,200,95.89,100,TGT
2025-12-17,9:35:31.619207106,T,95.83,200,95.92,100,TGT
2025-12-17,9:35:31.619227207,T,95.88,100,95.92,100,TGT
2025-12-17,9:35:31.619232329,T,95.83,200,95.92,100,TGT
2025-12-17,9:35:31.619232329,T,95.85,100,95.92,100,TGT
2025-12-17,9:35:31.619237241,T,95.85,200,95.92,100,TGT
2025-12-17,9:35:31.619252465,T,95.85,100,95.92,100,TGT
2025-12-17,9:35:31.619252465,T,95.85,200,95.92,100,TGT
2025-12-17,9:35:31.619252465,T,95.85,200,95.9,100,TGT
2025-12-17,9:35:31.619257605,T,95.85,100,95.9,100,TGT
2025-12-17,9:35:31.619257605,T,95.83,200,95.9,100,TGT
2025-12-17,9:35:31.619272283,T,95.86,100,95.9,100,TGT
2025-12-17,9:35:31.619312382,T,95.86,100,95.92,100,TGT
2025-12-17,9:35:31.619332468,T,95.89,100,95.92,100,TGT
2025-12-17,9:35:31.619337452,T,95.86,100,95.92,100,TGT
2025-12-17,9:35:31.619342496,T,95.86,200,95.92,100,TGT
2025-12-17,9:35:31.619347702,T,95.86,300,95.92,100,TGT
2025-12-17,9:35:31.619362510,T,95.86,200,95.92,100,TGT
2025-12-17,9:35:31.619863733,T,95.89,100,95.92,100,TGT
2025-12-17,9:35:31.619913800,T,95.89,200,95.92,100,TGT
2025-12-17,9:35:31.619928893,T,95.89,400,95.92,100,TGT
2025-12-17,9:35:31.620450410,T,95.89,300,95.92,100,TGT
2025-12-17,9:35:31.620450410,T,95.89,200,95.92,100,TGT
2025-12-17,9:35:31.620455163,T,95.83,100,95.92,100,TGT
2025-12-17,9:35:31.620520226,T,95.89,100,95.92,100,TGT
2025-12-17,9:35:31.620575352,T,95.85,100,95.92,100,TGT
2025-12-17,9:35:31.620595448,T,95.85,100,95.91,100,TGT
2025-12-17,9:35:31.620620512,T,95.89,200,95.91,100,TGT
2025-12-17,9:35:31.620645910,T,95.83,100,95.91,100,TGT
2025-12-17,9:35:31.620645910,T,95.77,100,95.91,100,TGT
2025-12-17,9:35:31.620650528,T,95.83,100,95.91,100,TGT
2025-12-17,9:35:31.620755863,T,95.84,100,95.91,100,TGT
2025-12-17,9:35:31.620790923,T,95.83,100,95.91,100,TGT
2025-12-17,9:35:31.620795898,T,95.84,100,95.91,100,TGT
2025-12-17,9:35:31.620805923,T,95.84,100,95.92,100,TGT
2025-12-17,9:35:31.620825945,T,95.89,100,95.92,100,TGT
2025-12-17,9:35:31.620851522,T,95.89,200,95.92,100,TGT
2025-12-17,9:35:31.620866070,T,95.89,100,95.92,100,TGT
2025-12-17,9:35:31.620891153,T,95.89,200,95.92,100,TGT
2025-12-17,9:35:31.621006401,T,95.89,400,95.92,100,TGT
2025-12-17,9:35:31.621071625,T,95.89,300,95.92,100,TGT
2025-12-17,9:35:31.621111813,T,95.89,300,95.96,100,TGT
2025-12-17,9:35:31.621131670,T,95.9,100,95.96,100,TGT
2025-12-17,9:35:31.621166959,T,95.9,300,95.96,100,TGT
2025-12-17,9:35:31.621166959,T,95.9,300,95.92,100,TGT
2025-12-17,9:35:31.621191850,T,95.9,400,95.92,100,TGT
2025-12-17,9:35:31.621442469,T,95.9,300,95.92,100,TGT
2025-12-17,9:35:31.621442469,T,95.9,100,95.92,100,TGT
2025-12-17,9:35:31.621462505,T,95.89,200,95.92,100,TGT
2025-12-17,9:35:31.621708105,T,95.88,100,95.92,100,TGT
2025-12-17,9:35:31.621803323,T,95.9,100,95.92,100,TGT
2025-12-17,9:35:31.621938677,T,95.88,100,95.92,100,TGT
2025-12-17,9:35:31.622058921,T,95.88,100,95.97,100,TGT
2025-12-17,9:35:31.622760603,T,95.88,200,95.97,100,TGT
2025-12-17,9:35:31.622790734,T,95.88,200,95.91,100,TGT
2025-12-17,9:35:31.622811059,T,95.88,200,95.97,100,TGT
2025-12-17,9:35:31.622815758,T,95.88,100,95.97,100,TGT
2025-12-17,9:35:31.622840801,T,95.9,100,95.97,100,TGT
2025-12-17,9:35:31.622845764,T,95.91,100,95.97,100,TGT
2025-12-17,9:35:31.622981094,T,95.91,200,95.97,100,TGT
2025-12-17,9:35:31.623051290,T,95.91,400,95.97,100,TGT
2025-12-17,9:35:31.623171550,T,95.91,400,95.98,100,TGT
2025-12-17,9:35:31.623923368,T,95.91,300,95.98,100,TGT
2025-12-17,9:35:31.626544675,T,95.91,200,95.98,100,TGT
2025-12-17,9:35:31.626544675,T,95.88,100,95.98,100,TGT
2025-12-17,9:35:31.626564655,T,95.88,100,95.96,100,TGT
2025-12-17,9:35:31.626584713,T,95.88,100,95.98,100,TGT
2025-12-17,9:35:31.629812368,T,95.88,100,95.99,200,TGT
2025-12-17,9:35:31.631651817,T,95.88,100,95.99,100,TGT
2025-12-17,9:35:31.637215081,T,95.89,100,95.99,100,TGT
2025-12-17,9:35:31.716523960,T,95.9,100,95.99,100,TGT
2025-12-17,9:35:32.263912872,T,95.9,100,95.99,200,TGT
2025-12-17,9:35:32.754321239,T,95.9,100,95.99,100,TGT
2025-12-17,9:35:32.754341312,T,95.9,100,96.1,100,TGT
2025-12-17,9:35:32.754366288,T,95.9,200,96.1,100,TGT
2025-12-17,9:35:32.754371294,T,95.94,100,96.1,100,TGT
2025-12-17,9:35:32.754381412,T,95.94,200,96.1,100,TGT
2025-12-17,9:35:32.754396432,T,95.94,100,96.1,100,TGT
2025-12-17,9:35:32.754416462,T,95.95,100,96.1,100,TGT
2025-12-17,9:35:32.754752216,T,95.95,100,96.07,100,TGT
2025-12-17,9:35:32.754777317,T,95.95,100,95.99,100,TGT
2025-12-17,9:35:32.754797335,T,95.95,100,95.99,200,TGT
2025-12-17,9:35:32.754797335,T,95.94,100,95.99,200,TGT
2025-12-17,9:35:32.754807415,T,95.94,100,95.99,100,TGT
2025-12-17,9:35:32.754837459,T,95.94,100,96.07,100,TGT
2025-12-17,9:35:32.754867466,T,95.94,100,96.1,100,TGT
2025-12-17,9:35:32.754892552,T,95.95,100,96.1,100,TGT
2025-12-17,9:35:32.754892552,T,95.96,100,96.1,100,TGT
2025-12-17,9:35:32.754917581,T,95.97,100,96.1,100,TGT
2025-12-17,9:35:32.754927709,T,95.97,200,96.1,100,TGT
2025-12-17,9:35:32.756190778,T,95.97,100,96.1,100,TGT
2025-12-17,9:35:32.756190778,T,95.94,200,96.1,100,TGT
2025-12-17,9:35:32.756215769,T,95.94,100,96.1,100,TGT
2025-12-17,9:35:32.756215769,T,95.94,100,96.02,100,TGT
2025-12-17,9:35:32.756220743,T,95.94,200,96.02,100,TGT
2025-12-17,9:35:32.756220743,T,95.95,100,96.02,100,TGT
2025-12-17,9:35:32.756235796,T,95.94,200,96.02,100,TGT
2025-12-17,9:35:32.756240787,T,95.94,200,96.01,100,TGT
2025-12-17,9:35:32.756240787,T,95.94,100,96.01,100,TGT
2025-12-17,9:35:32.756245794,T,95.94,100,95.99,100,TGT
2025-12-17,9:35:32.756255836,T,95.94,100,96.01,100,TGT
2025-12-17,9:35:32.756255836,T,95.94,100,96.06,100,TGT
2025-12-17,9:35:32.756626749,T,95.94,100,96.1,100,TGT
2025-12-17,9:35:32.756631751,T,95.94,200,96.1,100,TGT
2025-12-17,9:35:32.756641731,T,95.95,100,96.1,100,TGT
2025-12-17,9:35:32.756651717,T,95.94,200,96.1,100,TGT
2025-12-17,9:35:32.756686793,T,95.94,200,96.07,100,TGT
2025-12-17,9:35:32.756787228,T,95.95,100,96.07,100,TGT
2025-12-17,9:35:32.756807078,T,95.95,100,96.07,200,TGT
2025-12-17,9:35:32.756807078,T,95.94,200,96.07,200,TGT
2025-12-17,9:35:32.756807078,T,95.96,100,96.07,200,TGT
2025-12-17,9:35:32.756892301,T,95.96,100,96.06,100,TGT
2025-12-17,9:35:32.758305653,T,95.94,100,96.06,100,TGT
2025-12-17,9:35:32.758325806,T,95.94,100,96.0,100,TGT
2025-12-17,9:35:32.764570606,T,95.91,100,96.0,100,TGT
2025-12-17,9:35:32.765267307,T,95.91,100,96.0,200,TGT
2025-12-17,9:35:32.854374574,T,95.8,100,96.0,200,TGT
2025-12-17,9:35:32.858780048,T,95.8,100,96.0,100,TGT
2025-12-17,9:35:32.859491726,T,95.8,100,96.06,100,TGT
2025-12-17,9:35:32.954397821,T,95.77,100,96.06,100,TGT
2025-12-17,9:35:32.954452980,T,95.75,100,96.06,100,TGT
2025-12-17,9:35:32.954663514,T,95.75,200,96.06,100,TGT
2025-12-17,9:35:32.955566028,T,95.85,100,96.06,100,TGT
2025-12-17,9:35:32.956267271,T,95.85,100,96.1,100,TGT
2025-12-17,9:35:32.956282410,T,95.85,100,96.07,100,TGT
2025-12-17,9:35:33.373812209,T,95.75,100,96.07,100,TGT
2025-12-17,9:35:33.374523892,T,95.75,100,96.1,100,TGT
2025-12-17,9:35:33.376759230,T,95.75,100,96.06,100,TGT
2025-12-17,9:35:33.478035440,T,95.77,100,96.06,100,TGT
2025-12-17,9:35:35.590137191,T,95.78,100,96.06,100,TGT
2025-12-17,9:35:35.590167276,T,95.87,100,96.06,100,TGT
2025-12-17,9:35:37.502162376,T,95.78,100,96.06,100,TGT
2025-12-17,9:35:37.829617351,T,95.88,100,96.06,100,TGT
2025-12-17,9:35:37.829677519,T,95.88,300,96.06,100,TGT
2025-12-17,9:35:38.855872205,T,95.88,200,96.06,100,TGT
2025-12-17,9:35:38.857090116,T,95.89,100,96.06,100,TGT
2025-12-17,9:35:38.857160280,T,95.89,300,96.06,100,TGT
2025-12-17,9:35:39.960584024,T,95.89,200,96.06,100,TGT
2025-12-17,9:35:41.005508668,T,95.9,100,96.06,100,TGT
2025-12-17,9:35:41.005508668,T,95.89,200,96.06,100,TGT
2025-12-17,9:35:41.005533759,T,95.9,100,96.06,100,TGT
2025-12-17,9:35:41.005548768,T,95.89,300,96.06,100,TGT
2025-12-17,9:35:41.017602662,T,95.89,300,96.11,100,TGT
2025-12-17,9:35:41.017612947,T,95.89,300,96.15,200,TGT
2025-12-17,9:35:41.017627519,T,96.0,100,96.15,200,TGT
2025-12-17,9:35:41.017632597,T,96.0,200,96.15,200,TGT
2025-12-17,9:35:41.017637642,T,96.0,200,96.15,100,TGT
2025-12-17,9:35:41.017657820,T,96.0,300,96.15,100,TGT
2025-12-17,9:35:41.017732830,T,96.0,500,96.15,100,TGT
2025-12-17,9:35:41.018163841,T,96.0,400,96.15,100,TGT
2025-12-17,9:35:41.018178902,T,96.01,100,96.15,100,TGT
2025-12-17,9:35:41.096590646,T,96.01,100,96.08,100,TGT
2025-12-17,9:35:41.646345255,T,96.05,100,96.08,100,TGT
2025-12-17,9:35:41.680667049,T,96.05,100,96.21,100,TGT
2025-12-17,9:35:41.680767363,T,96.06,100,96.21,100,TGT
2025-12-17,9:35:41.682095489,T,96.06,100,96.11,100,TGT
2025-12-17,9:35:41.684014996,T,96.04,100,96.11,100,TGT
2025-12-17,9:35:41.684060203,T,96.01,100,96.11,100,TGT
2025-12-17,9:35:41.684065192,T,96.01,100,96.06,100,TGT
2025-12-17,9:35:41.684090244,T,96.01,100,96.11,100,TGT
2025-12-17,9:35:41.684120352,T,96.05,100,96.11,100,TGT
2025-12-17,9:35:41.684170416,T,96.05,100,96.21,100,TGT
2025-12-17,9:35:41.684426084,T,96.05,100,96.06,100,TGT
2025-12-17,9:35:41.684451495,T,96.05,100,96.21,100,TGT
2025-12-17,9:35:41.684476437,T,96.05,200,96.21,100,TGT
2025-12-17,9:35:41.685167750,T,96.05,100,96.21,100,TGT
2025-12-17,9:35:41.685613898,T,96.04,100,96.21,100,TGT
2025-12-17,9:35:41.686330574,T,96.04,100,96.08,100,TGT
2025-12-17,9:35:41.686350614,T,96.01,100,96.08,100,TGT
2025-12-17,9:35:41.686375702,T,96.01,200,96.08,100,TGT
2025-12-17,9:35:41.694615334,T,96.01,100,96.08,100,TGT
2025-12-17,9:35:41.698710020,T,95.9,100,96.08,100,TGT
2025-12-17,9:35:41.698830353,T,95.89,100,96.08,100,TGT
2025-12-17,9:35:41.699141074,T,95.88,100,96.08,100,TGT
2025-12-17,9:35:41.699166146,T,95.89,100,96.08,100,TGT
2025-12-17,9:35:41.699532053,T,95.88,100,96.08,100,TGT
2025-12-17,9:35:41.699557083,T,95.89,100,96.08,100,TGT
2025-12-17,9:35:41.857934354,T,95.88,100,96.08,100,TGT
2025-12-17,9:35:43.787105613,T,95.87,100,96.08,100,TGT
2025-12-17,9:35:43.787110223,T,95.86,100,96.08,100,TGT
2025-12-17,9:35:43.787130328,T,95.86,100,96.01,100,TGT
2025-12-17,9:35:43.787150497,T,95.86,100,96.01,200,TGT
2025-12-17,9:35:43.787160438,T,95.87,100,96.01,200,TGT
2025-12-17,9:35:43.787170370,T,95.94,200,96.01,200,TGT
2025-12-17,9:35:43.787175469,T,95.94,200,96.01,100,TGT
2025-12-17,9:35:43.787190964,T,95.94,200,96.06,100,TGT
2025-12-17,9:35:43.787195534,T,95.94,100,96.06,100,TGT
2025-12-17,9:35:43.787200465,T,95.87,100,96.06,100,TGT
2025-12-17,9:35:43.787200465,T,95.86,100,96.06,100,TGT
2025-12-17,9:35:43.787210521,T,95.85,100,96.06,100,TGT
2025-12-17,9:35:43.787225598,T,95.87,100,96.06,100,TGT
2025-12-17,9:35:43.787235591,T,95.85,100,96.06,100,TGT
2025-12-17,9:35:43.787265630,T,95.87,100,96.06,100,TGT
2025-12-17,9:35:43.787365890,T,95.87,100,96.04,100,TGT
2025-12-17,9:35:43.787410946,T,95.87,100,96.06,100,TGT
2025-12-17,9:35:43.787421067,T,95.85,100,96.06,100,TGT
2025-12-17,9:35:43.787636517,T,95.82,100,96.06,100,TGT
2025-12-17,9:35:43.787666583,T,95.8,100,96.06,100,TGT
2025-12-17,9:35:43.787706673,T,95.78,100,96.06,100,TGT
2025-12-17,9:35:43.787811987,T,95.77,100,96.06,100,TGT
2025-12-17,9:35:43.787862121,T,95.75,100,96.06,100,TGT
2025-12-17,9:35:43.987192002,T,95.75,100,96.08,100,TGT
2025-12-17,9:35:44.028660726,T,95.75,100,96.06,100,TGT
2025-12-17,9:35:44.028670865,T,95.75,100,96.01,100,TGT
2025-12-17,9:35:44.028695791,T,95.75,100,95.96,100,TGT
2025-12-17,9:35:44.028735868,T,95.77,100,95.96,100,TGT
2025-12-17,9:35:44.028801076,T,95.75,100,95.96,100,TGT
2025-12-17,9:35:44.036474337,T,95.75,100,95.96,200,TGT
2025-12-17,9:35:44.038970270,T,95.75,100,95.96,100,TGT
2025-12-17,9:35:44.142030752,T,95.75,100,96.01,100,TGT
2025-12-17,9:35:44.342282918,T,95.75,100,96.01,200,TGT
2025-12-17,9:35:44.345425377,T,95.75,100,96.01,100,TGT
2025-12-17,9:35:44.596042450,T,95.75,100,96.01,200,TGT
2025-12-17,9:35:44.796675352,T,95.75,100,96.0,100,TGT
2025-12-17,9:35:44.797422155,T,95.75,100,96.09,100,TGT
2025-12-17,9:35:45.586882905,T,95.75,100,96.06,100,TGT
2025-12-17,9:35:45.586923008,T,95.75,100,95.99,100,TGT
2025-12-17,9:35:45.587644731,T,95.75,100,95.99,200,TGT
2025-12-17,9:35:45.597167429,T,95.75,100,95.99,100,TGT
2025-12-17,9:35:49.942810257,T,95.77,100,95.99,100,TGT
2025-12-17,9:35:50.234019033,T,95.77,100,96.17,100,TGT
2025-12-17,9:35:50.234039194,T,95.8,100,96.17,100,TGT
2025-12-17,9:35:50.234044174,T,95.92,100,96.17,100,TGT
2025-12-17,9:35:50.234044174,T,95.92,300,96.17,100,TGT
2025-12-17,9:35:50.234054486,T,95.92,300,96.21,100,TGT
2025-12-17,9:35:50.234074260,T,95.92,200,96.21,100,TGT
2025-12-17,9:35:50.234114273,T,95.92,300,96.21,100,TGT
2025-12-17,9:35:50.234179468,T,95.92,500,96.21,100,TGT
2025-12-17,9:35:50.239156357,T,95.92,400,96.21,100,TGT
2025-12-17,9:35:50.239873091,T,95.92,400,96.04,100,TGT
2025-12-17,9:35:50.239893066,T,95.92,300,96.04,100,TGT
2025-12-17,9:35:50.243055642,T,95.92,300,96.21,100,TGT
2025-12-17,9:35:50.243141057,T,96.02,100,96.21,100,TGT
2025-12-17,9:35:50.243170943,T,95.92,300,96.21,100,TGT
2025-12-17,9:35:50.243175931,T,95.97,100,96.21,100,TGT
2025-12-17,9:35:50.243180938,T,95.92,300,96.21,100,TGT
2025-12-17,9:35:50.243341319,T,95.95,100,96.21,100,TGT
2025-12-17,9:35:50.243356346,T,95.99,100,96.21,100,TGT
2025-12-17,9:35:50.243421538,T,96.02,100,96.21,100,TGT
2025-12-17,9:35:50.243451603,T,96.03,100,96.21,100,TGT
2025-12-17,9:35:50.243702194,T,96.03,100,96.17,100,TGT
2025-12-17,9:35:50.243717143,T,96.03,100,96.06,100,TGT
2025-12-17,9:35:50.243747273,T,96.02,100,96.06,100,TGT
2025-12-17,9:35:50.243767618,T,96.0,100,96.06,100,TGT
2025-12-17,9:35:50.243772413,T,95.95,100,96.06,100,TGT
2025-12-17,9:35:50.243772413,T,95.99,100,96.06,100,TGT
2025-12-17,9:35:50.243792326,T,95.99,100,96.21,100,TGT
2025-12-17,9:35:50.243812437,T,95.95,100,96.21,100,TGT
2025-12-17,9:35:50.243817397,T,95.95,100,96.03,100,TGT
2025-12-17,9:35:50.243958473,T,95.95,100,96.21,100,TGT
2025-12-17,9:35:50.243978081,T,96.03,100,96.21,100,TGT
2025-12-17,9:35:50.244032901,T,96.03,300,96.21,100,TGT
2025-12-17,9:35:50.244438912,T,96.03,300,96.06,100,TGT
2025-12-17,9:35:50.244885020,T,96.03,300,96.21,100,TGT
2025-12-17,9:35:50.244935137,T,96.05,100,96.21,100,TGT
2025-12-17,9:35:50.244970139,T,96.05,300,96.21,100,TGT
2025-12-17,9:35:50.245085507,T,96.05,300,96.15,100,TGT
2025-12-17,9:35:50.245641804,T,96.05,300,96.21,100,TGT
2025-12-17,9:35:50.246007653,T,96.05,200,96.21,100,TGT
2025-12-17,9:35:50.383074195,T,96.05,200,96.2,100,TGT
2025-12-17,9:35:53.998567526,T,96.03,200,96.2,100,TGT
2025-12-17,9:35:53.998587923,T,96.03,200,96.07,100,TGT
2025-12-17,9:35:53.998622731,T,96.03,200,96.12,200,TGT
2025-12-17,9:35:53.998642751,T,96.05,100,96.12,200,TGT
2025-12-17,9:35:53.998648441,T,96.05,100,96.12,100,TGT
2025-12-17,9:35:53.998667812,T,96.05,200,96.12,100,TGT
2025-12-17,9:35:53.998672875,T,96.05,100,96.12,100,TGT
2025-12-17,9:35:53.998722939,T,96.03,200,96.12,100,TGT
2025-12-17,9:35:53.998743010,T,96.03,200,96.12,200,TGT
2025-12-17,9:35:53.998752967,T,96.03,200,96.08,100,TGT
2025-12-17,9:35:53.998988628,T,96.03,200,96.07,100,TGT
2025-12-17,9:35:53.999058714,T,96.03,200,96.07,200,TGT
2025-12-17,9:35:53.999494802,T,95.86,200,96.07,200,TGT
2025-12-17,9:35:53.999519869,T,95.86,100,96.07,200,TGT
2025-12-17,9:35:53.999700252,T,95.86,100,96.07,300,TGT
2025-12-17,9:35:54.000717636,T,95.94,100,96.07,300,TGT
2025-12-17,9:35:54.008646628,T,95.95,100,96.07,300,TGT
2025-12-17,9:35:54.008701696,T,95.95,300,96.07,300,TGT
2025-12-17,9:35:54.009924600,T,95.96,100,96.07,300,TGT
2025-12-17,9:35:54.049313502,T,95.96,100,96.07,200,TGT
2025-12-17,9:35:54.049313502,T,95.96,100,96.07,100,TGT
2025-12-17,9:35:54.049318503,T,95.96,100,96.12,100,TGT
2025-12-17,9:35:54.049333774,T,96.05,100,96.12,100,TGT
2025-12-17,9:35:54.049343558,T,96.05,100,96.18,100,TGT
2025-12-17,9:35:54.049428796,T,96.05,300,96.18,100,TGT
2025-12-17,9:35:54.050446207,T,96.05,200,96.18,100,TGT
2025-12-17,9:35:54.098595848,T,96.05,200,96.2,100,TGT
2025-12-17,9:35:55.575594385,T,96.04,100,96.2,100,TGT
2025-12-17,9:35:55.586375052,T,96.04,100,96.21,100,TGT
2025-12-17,9:35:56.260445878,T,96.08,100,96.21,100,TGT
2025-12-17,9:35:57.414796166,T,96.08,100,96.2,200,TGT
2025-12-17,9:36:01.081641656,T,96.04,100,96.2,200,TGT
2025-12-17,9:36:01.084027243,T,96.05,100,96.2,200,TGT
2025-12-17,9:36:01.084062585,T,96.05,300,96.2,200,TGT
2025-12-17,9:36:05.592723574,T,96.05,100,96.2,200,TGT
2025-12-17,9:36:10.444421821,T,96.05,300,96.2,200,TGT
2025-12-17,9:36:12.096542869,T,96.06,100,96.2,200,TGT
2025-12-17,9:36:12.097129208,T,96.05,300,96.2,200,TGT
2025-12-17,9:36:12.099600167,T,96.06,100,96.2,200,TGT
2025-12-17,9:36:12.100071202,T,96.05,300,96.2,200,TGT
2025-12-17,9:36:12.101018525,T,96.06,100,96.2,200,TGT
2025-12-17,9:36:12.101514654,T,96.05,300,96.2,200,TGT
2025-12-17,9:36:12.102076051,T,96.06,100,96.2,200,TGT
2025-12-17,9:36:12.102577169,T,96.05,300,96.2,200,TGT
2025-12-17,9:36:12.103133525,T,96.06,100,96.2,200,TGT
2025-12-17,9:36:12.103624721,T,96.05,300,96.2,200,TGT
2025-12-17,9:36:12.104135961,T,96.06,100,96.2,200,TGT
2025-12-17,9:36:12.104627079,T,96.05,300,96.2,200,TGT
2025-12-17,9:36:12.105183408,T,96.06,100,96.2,200,TGT
2025-12-17,9:36:12.105679601,T,96.05,300,96.2,200,TGT
2025-12-17,9:36:12.106240893,T,96.06,100,96.2,200,TGT
2025-12-17,9:36:12.106742118,T,96.05,300,96.2,200,TGT
2025-12-17,9:36:12.107318489,T,96.06,100,96.2,200,TGT
2025-12-17,9:36:12.107819750,T,96.05,300,96.2,200,TGT
2025-12-17,9:36:12.108380992,T,96.06,100,96.2,200,TGT
2025-12-17,9:36:12.108877172,T,96.05,300,96.2,200,TGT
2025-12-17,9:36:12.109649050,T,96.06,100,96.2,200,TGT
2025-12-17,9:36:12.110405900,T,96.05,300,96.2,200,TGT
2025-12-17,9:36:12.110967250,T,96.06,100,96.2,200,TGT
2025-12-17,9:36:12.111723961,T,96.05,300,96.2,200,TGT
2025-12-17,9:36:12.112280293,T,96.06,100,96.2,200,TGT
2025-12-17,9:36:12.112796555,T,96.05,300,96.2,200,TGT
2025-12-17,9:36:12.113357854,T,96.06,100,96.2,200,TGT
2025-12-17,9:36:12.113849073,T,96.05,300,96.2,200,TGT
2025-12-17,9:36:12.114405449,T,96.06,100,96.2,200,TGT
2025-12-17,9:36:12.114901636,T,96.05,300,96.2,200,TGT
2025-12-17,9:36:12.115668462,T,96.06,100,96.2,200,TGT
2025-12-17,9:36:12.116159559,T,96.05,300,96.2,200,TGT
2025-12-17,9:36:12.116715870,T,96.06,100,96.2,200,TGT
2025-12-17,9:36:12.117227168,T,96.05,300,96.2,200,TGT
2025-12-17,9:36:12.118309696,T,96.06,100,96.2,200,TGT
2025-12-17,9:36:12.118810961,T,96.05,300,96.2,200,TGT
2025-12-17,9:36:12.170975205,T,96.06,100,96.2,200,TGT
2025-12-17,9:36:12.567439713,T,96.05,300,96.2,200,TGT
2025-12-17,9:36:13.158202171,T,96.05,300,96.34,200,TGT
2025-12-17,9:36:13.969204181,T,96.05,300,96.2,100,TGT
2025-12-17,9:36:14.047169931,T,96.07,100,96.2,100,TGT
2025-12-17,9:36:22.305278700,T,96.11,100,96.2,100,TGT
2025-12-17,9:36:22.305293633,T,96.11,200,96.2,100,TGT
2025-12-17,9:36:22.305754756,T,96.11,200,96.34,200,TGT
2025-12-17,9:36:22.305779909,T,96.15,100,96.34,200,TGT
2025-12-17,9:36:22.305850061,T,96.15,300,96.34,200,TGT
2025-12-17,9:36:22.305870047,T,96.16,100,96.34,200,TGT
2025-12-17,9:36:22.305915162,T,96.19,100,96.34,200,TGT
2025-12-17,9:36:22.306085606,T,96.19,200,96.34,200,TGT
2025-12-17,9:36:22.306656940,T,96.2,100,96.34,200,TGT
2025-12-17,9:36:22.306847415,T,96.19,200,96.34,200,TGT
2025-12-17,9:36:22.307017796,T,96.19,100,96.34,200,TGT
2025-12-17,9:36:22.307559112,T,96.19,100,96.43,100,TGT
2025-12-17,9:36:23.270312813,T,96.16,100,96.43,100,TGT
2025-12-17,9:36:23.270338155,T,96.16,100,96.4,100,TGT
2025-12-17,9:36:23.270338155,T,96.16,100,96.37,100,TGT
2025-12-17,9:36:23.270342890,T,96.16,100,96.27,100,TGT
2025-12-17,9:36:23.270342890,T,96.16,100,96.27,300,TGT
2025-12-17,9:36:23.270367941,T,96.16,100,96.27,200,TGT
2025-12-17,9:36:23.270543298,T,96.15,200,96.27,200,TGT
2025-12-17,9:36:23.270748786,T,96.15,200,96.27,300,TGT
2025-12-17,9:36:23.277379613,T,96.15,200,96.27,200,TGT
2025-12-17,9:36:23.370571580,T,96.15,200,96.27,100,TGT
2025-12-17,9:36:23.370917421,T,96.15,200,96.4,100,TGT
2025-12-17,9:36:23.370942517,T,96.15,200,96.43,100,TGT
2025-12-17,9:36:30.801634959,T,96.19,100,96.43,100,TGT
2025-12-17,9:36:30.807950161,T,96.19,100,96.42,100,TGT
2025-12-17,9:36:30.807950161,T,96.19,100,96.4,100,TGT
2025-12-17,9:36:30.808285835,T,96.15,200,96.4,100,TGT
2025-12-17,9:36:30.817998999,T,96.15,200,96.42,100,TGT
2025-12-17,9:36:30.818003980,T,96.15,200,96.43,100,TGT
2025-12-17,9:36:32.117484787,T,96.15,400,96.43,100,TGT
2025-12-17,9:36:36.893878900,T,96.19,100,96.43,100,TGT
2025-12-17,9:36:36.894675834,T,96.19,200,96.43,100,TGT
2025-12-17,9:36:37.693629214,T,96.19,300,96.43,100,TGT
2025-12-17,9:36:38.042535354,T,96.19,200,96.43,100,TGT
2025-12-17,9:36:39.982597488,T,96.2,100,96.43,100,TGT
2025-12-17,9:36:39.982602209,T,96.21,100,96.43,100,TGT
2025-12-17,9:36:39.982627311,T,96.21,200,96.43,100,TGT
2025-12-17,9:36:39.982632340,T,96.21,200,96.44,100,TGT
2025-12-17,9:36:39.982732559,T,96.21,300,96.44,100,TGT
2025-12-17,9:36:39.983935376,T,96.24,100,96.44,100,TGT
2025-12-17,9:36:39.984812457,T,96.25,100,96.44,100,TGT
2025-12-17,9:36:39.989644009,T,96.24,200,96.44,100,TGT
2025-12-17,9:36:40.082705702,T,96.24,100,96.44,100,TGT
2025-12-17,9:36:47.922091856,T,96.24,100,96.43,100,TGT
2025-12-17,9:36:47.925865760,T,96.24,100,96.39,100,TGT
2025-12-17,9:36:47.925865760,T,96.24,100,96.37,100,TGT
2025-12-17,9:36:47.925910931,T,96.24,100,96.33,100,TGT
2025-12-17,9:36:47.925935922,T,96.24,100,96.37,100,TGT
2025-12-17,9:36:47.925941458,T,96.2,500,96.37,100,TGT
2025-12-17,9:36:47.925961036,T,96.2,500,96.29,100,TGT
2025-12-17,9:36:48.026039400,T,96.2,500,96.32,100,TGT
2025-12-17,9:36:48.026039400,T,96.2,500,96.33,100,TGT
2025-12-17,9:36:48.126062673,T,96.2,500,96.37,100,TGT
2025-12-17,9:36:53.452732717,T,96.2,500,96.43,100,TGT
2025-12-17,9:36:53.496837769,T,96.2,500,96.37,100,TGT
2025-12-17,9:36:57.166059016,T,96.2,500,96.43,100,TGT
2025-12-17,9:36:57.166124204,T,96.2,500,96.37,100,TGT
2025-12-17,9:36:57.166164247,T,96.2,700,96.37,100,TGT
2025-12-17,9:36:59.637351513,T,96.2,800,96.37,100,TGT
2025-12-17,9:37:03.716780102,T,96.2,800,96.36,100,TGT
2025-12-17,9:37:03.717000675,T,96.2,800,96.34,100,TGT
2025-12-17,9:37:03.717030752,T,96.2,300,96.34,100,TGT
2025-12-17,9:37:03.717030752,T,96.2,100,96.34,100,TGT
2025-12-17,9:37:03.717035699,T,96.11,100,96.34,100,TGT
2025-12-17,9:37:03.717056620,T,96.11,100,96.21,100,TGT
2025-12-17,9:37:03.717386575,T,96.11,100,96.21,200,TGT
2025-12-17,9:37:03.717927911,T,96.11,100,96.19,100,TGT
2025-12-17,9:37:03.718368897,T,96.11,100,96.18,100,TGT
2025-12-17,9:37:03.718759885,T,96.11,100,96.19,100,TGT
2025-12-17,9:37:03.718765021,T,96.11,100,96.37,200,TGT
2025-12-17,9:37:03.718784903,T,96.14,100,96.37,200,TGT
2025-12-17,9:37:03.718789964,T,96.17,100,96.37,200,TGT
2025-12-17,9:37:03.718824972,T,96.17,300,96.37,200,TGT
2025-12-17,9:37:03.719341220,T,96.17,200,96.37,200,TGT
2025-12-17,9:37:03.719757232,T,96.19,100,96.37,200,TGT
2025-12-17,9:37:03.719912560,T,96.19,100,96.37,100,TGT
2025-12-17,9:37:03.720032940,T,96.17,200,96.37,100,TGT
2025-12-17,9:37:03.720032940,T,96.17,200,96.37,200,TGT
2025-12-17,9:37:03.720053142,T,96.17,200,96.26,100,TGT
2025-12-17,9:37:03.720053142,T,96.17,200,96.26,200,TGT
2025-12-17,9:37:03.720063186,T,96.17,200,96.25,100,TGT
2025-12-17,9:37:03.720458881,T,96.17,200,96.21,100,TGT
2025-12-17,9:37:03.723611361,T,96.17,200,96.25,100,TGT
2025-12-17,9:37:03.723616451,T,96.17,200,96.26,200,TGT
2025-12-17,9:37:03.725059814,T,96.17,200,96.26,100,TGT
2025-12-17,9:37:03.732247194,T,96.2,100,96.26,100,TGT
2025-12-17,9:37:03.732282020,T,96.2,300,96.26,100,TGT
2025-12-17,9:37:03.755863255,T,96.2,300,96.26,200,TGT
2025-12-17,9:37:03.820076187,T,96.2,300,96.26,100,TGT
2025-12-17,9:37:04.707530478,T,96.2,200,96.26,100,TGT
2025-12-17,9:37:04.707530478,T,96.2,100,96.26,100,TGT
2025-12-17,9:37:04.707550534,T,96.17,300,96.26,100,TGT
2025-12-17,9:37:04.707575637,T,96.17,300,96.26,200,TGT
2025-12-17,9:37:04.707781111,T,96.17,300,96.23,100,TGT
2025-12-17,9:37:04.708126978,T,96.17,400,96.23,100,TGT
2025-12-17,9:37:04.708187098,T,96.17,300,96.23,100,TGT
2025-12-17,9:37:04.708387486,T,96.17,300,96.26,200,TGT
2025-12-17,9:37:04.710302049,T,96.17,100,96.26,200,TGT
2025-12-17,9:37:04.710302049,T,96.14,100,96.26,200,TGT
2025-12-17,9:37:04.710322127,T,96.14,100,96.18,100,TGT
2025-12-17,9:37:04.710823310,T,96.11,200,96.18,100,TGT
2025-12-17,9:37:04.711369624,T,96.11,200,96.26,100,TGT
2025-12-17,9:37:04.711454784,T,96.11,200,96.26,200,TGT
2025-12-17,9:37:04.712026209,T,96.11,200,96.26,100,TGT
2025-12-17,9:37:04.712617555,T,96.11,200,96.26,200,TGT
2025-12-17,9:37:04.714206405,T,96.11,200,96.26,100,TGT
2025-12-17,9:37:04.714206405,T,96.17,100,96.26,100,TGT
2025-12-17,9:37:04.714231472,T,96.17,200,96.26,100,TGT
2025-12-17,9:37:04.714256467,T,96.17,400,96.26,100,TGT
2025-12-17,9:37:04.714557721,T,96.18,100,96.26,100,TGT
2025-12-17,9:37:04.714562236,T,96.18,200,96.26,100,TGT
2025-12-17,9:37:04.714582237,T,96.18,300,96.26,100,TGT
2025-12-17,9:37:04.714592275,T,96.18,500,96.26,100,TGT
2025-12-17,9:37:04.714612303,T,96.18,400,96.26,100,TGT
2025-12-17,9:37:04.714612303,T,96.18,300,96.26,100,TGT
2025-12-17,9:37:04.714632462,T,96.2,200,96.26,100,TGT
2025-12-17,9:37:04.714948171,T,96.2,400,96.26,100,TGT
2025-12-17,9:37:05.861254053,T,96.21,100,96.26,100,TGT
2025-12-17,9:37:05.861274077,T,96.21,200,96.26,100,TGT
2025-12-17,9:37:05.861279139,T,96.21,300,96.26,100,TGT
2025-12-17,9:37:05.861324189,T,96.21,500,96.26,100,TGT
2025-12-17,9:37:05.862562164,T,96.21,500,96.26,200,TGT
2025-12-17,9:37:06.970025417,T,96.21,400,96.26,200,TGT
2025-12-17,9:37:06.970025417,T,96.21,300,96.26,200,TGT
2025-12-17,9:37:06.970030435,T,96.21,200,96.26,200,TGT
2025-12-17,9:37:06.970030435,T,96.2,200,96.26,200,TGT
2025-12-17,9:37:06.970050520,T,96.2,200,96.24,100,TGT
2025-12-17,9:37:06.970050520,T,96.2,200,96.22,200,TGT
2025-12-17,9:37:06.970075631,T,96.18,200,96.22,200,TGT
2025-12-17,9:37:06.970687093,T,96.17,200,96.22,200,TGT
2025-12-17,9:37:06.971113074,T,96.17,200,96.24,100,TGT
2025-12-17,9:37:06.971138145,T,96.16,100,96.24,100,TGT
2025-12-17,9:37:06.971203225,T,96.13,100,96.24,100,TGT
2025-12-17,9:37:07.070098850,T,96.13,100,96.26,100,TGT
2025-12-17,9:37:11.165951593,T,96.11,100,96.26,100,TGT
2025-12-17,9:37:11.165971731,T,96.11,100,96.19,100,TGT
2025-12-17,9:37:11.165976669,T,96.05,300,96.19,100,TGT
2025-12-17,9:37:11.166252385,T,96.05,100,96.19,100,TGT
2025-12-17,9:37:11.166733469,T,96.05,100,96.19,200,TGT
2025-12-17,9:37:11.172998728,T,96.05,100,96.21,100,TGT
2025-12-17,9:37:11.176426622,T,96.05,100,96.25,200,TGT
2025-12-17,9:37:11.176446594,T,96.05,100,96.25,100,TGT
2025-12-17,9:37:11.263193248,T,96.08,100,96.25,100,TGT
2025-12-17,9:37:11.263243368,T,96.08,200,96.25,100,TGT
2025-12-17,9:37:11.330904588,T,96.08,200,96.26,200,TGT
2025-12-17,9:37:11.330929622,T,96.08,200,96.26,100,TGT
2025-12-17,9:37:11.330969814,T,96.08,200,96.22,100,TGT
2025-12-17,9:37:11.475113168,T,96.08,200,96.26,100,TGT
2025-12-17,9:37:12.130494508,T,96.08,200,96.26,200,TGT
2025-12-17,9:37:14.175742010,T,96.08,200,96.26,100,TGT
2025-12-17,9:37:19.459244131,T,96.1,500,96.26,100,TGT
2025-12-17,9:37:19.459309240,T,96.1,600,96.26,100,TGT
2025-12-17,9:37:21.028261993,T,96.11,100,96.26,100,TGT
2025-12-17,9:37:21.028327149,T,96.11,200,96.26,100,TGT
2025-12-17,9:37:28.410594332,T,96.11,200,96.37,100,TGT
2025-12-17,9:37:46.823299520,T,96.11,300,96.37,100,TGT
2025-12-17,9:37:47.054410192,T,96.11,200,96.37,100,TGT
2025-12-17,9:37:49.401446529,T,96.13,100,96.37,100,TGT
2025-12-17,9:37:49.401516693,T,96.13,200,96.37,100,TGT
2025-12-17,9:37:53.047427453,T,96.13,300,96.37,100,TGT
2025-12-17,9:37:53.812474958,T,96.13,200,96.37,100,TGT
2025-12-17,9:37:55.295402957,T,96.15,100,96.37,100,TGT
2025-12-17,9:37:55.964496876,T,96.16,100,96.37,100,TGT
2025-12-17,9:37:55.964562082,T,96.16,200,96.37,100,TGT
2025-12-17,9:37:57.203433503,T,96.16,100,96.37,100,TGT
2025-12-17,9:37:57.203438616,T,96.15,100,96.37,100,TGT
2025-12-17,9:37:57.203458505,T,96.15,100,96.17,100,TGT
2025-12-17,9:37:57.203518617,T,96.15,100,96.17,200,TGT
2025-12-17,9:37:57.203533700,T,96.13,100,96.17,200,TGT
2025-12-17,9:37:57.203709096,T,96.13,100,96.16,100,TGT
2025-12-17,9:37:57.204460934,T,96.1,500,96.16,100,TGT
2025-12-17,9:37:57.205222753,T,96.1,500,96.19,100,TGT
2025-12-17,9:37:57.214885745,T,96.1,500,96.37,100,TGT
2025-12-17,9:37:57.214910797,T,96.1,500,96.39,300,TGT
2025-12-17,9:37:57.245258101,T,96.05,100,96.39,300,TGT
2025-12-17,9:37:57.245273112,T,96.05,100,96.12,100,TGT
2025-12-17,9:37:57.245278108,T,96.05,100,96.11,100,TGT
2025-12-17,9:37:57.246360717,T,96.05,100,96.33,100,TGT
2025-12-17,9:37:57.295542934,T,96.0,100,96.33,100,TGT
2025-12-17,9:37:57.295552944,T,96.0,100,96.29,100,TGT
2025-12-17,9:37:57.295562918,T,96.0,100,96.13,100,TGT
2025-12-17,9:37:57.295568702,T,96.0,100,96.1,100,TGT
2025-12-17,9:37:57.396493473,T,96.0,100,96.11,100,TGT
2025-12-17,9:37:57.495840130,T,96.0,100,96.14,100,TGT
2025-12-17,9:37:57.889538128,T,96.01,100,96.14,100,TGT
2025-12-17,9:37:57.889603270,T,96.01,200,96.14,100,TGT
2025-12-17,9:37:58.463756160,T,96.01,100,96.14,100,TGT
2025-12-17,9:37:58.463761120,T,96.0,100,96.14,100,TGT
2025-12-17,9:37:58.463781251,T,96.0,100,96.02,100,TGT
2025-12-17,9:37:58.463801222,T,95.9,100,96.02,100,TGT
2025-12-17,9:37:58.463826299,T,95.88,300,96.02,100,TGT
2025-12-17,9:37:58.463911495,T,95.88,200,96.02,100,TGT
2025-12-17,9:37:58.464623240,T,95.86,100,96.02,100,TGT
2025-12-17,9:37:58.464828743,T,95.86,100,96.05,100,TGT
2025-12-17,9:37:58.563779507,T,95.86,100,96.07,100,TGT
2025-12-17,9:37:58.575492389,T,95.86,100,96.11,100,TGT
2025-12-17,9:37:59.765973511,T,95.86,100,96.1,100,TGT
2025-12-17,9:37:59.766394448,T,95.86,100,96.1,200,TGT
2025-12-17,9:38:06.739712285,T,95.86,100,96.1,100,TGT
2025-12-17,9:38:13.700094294,T,95.81,200,96.1,100,TGT
2025-12-17,9:38:13.700094294,T,95.81,200,96.01,100,TGT
2025-12-17,9:38:13.700159450,T,95.9,100,96.01,100,TGT
2025-12-17,9:38:13.700515315,T,95.9,100,96.01,200,TGT
2025-12-17,9:38:14.354177471,T,95.9,100,96.01,100,TGT
2025-12-17,9:38:21.902740821,T,95.9,100,96.0,100,TGT
2025-12-17,9:38:21.903532629,T,95.9,100,96.11,100,TGT
2025-12-17,9:38:21.903718109,T,95.9,100,96.0,100,TGT
2025-12-17,9:38:21.903723108,T,95.9,100,96.0,200,TGT
2025-12-17,9:38:21.904314487,T,95.9,100,96.0,100,TGT
2025-12-17,9:38:21.955686906,T,95.9,100,96.0,200,TGT
2025-12-17,9:38:21.956644245,T,95.9,100,96.0,100,TGT
2025-12-17,9:38:21.956684278,T,95.95,100,96.0,100,TGT
2025-12-17,9:38:21.956709535,T,95.9,100,96.0,100,TGT
2025-12-17,9:38:21.956739394,T,95.81,200,96.0,100,TGT
2025-12-17,9:38:21.956744862,T,95.81,200,96.0,200,TGT
2025-12-17,9:38:21.956749433,T,95.81,200,95.99,100,TGT
2025-12-17,9:38:21.956749433,T,95.81,200,95.99,200,TGT
2025-12-17,9:38:21.956754479,T,95.81,200,95.99,300,TGT
2025-12-17,9:38:21.956774463,T,95.81,200,95.99,200,TGT
2025-12-17,9:38:21.956779486,T,95.81,200,95.98,100,TGT
2025-12-17,9:38:21.956784584,T,95.81,200,95.99,200,TGT
2025-12-17,9:38:21.956814632,T,95.81,200,95.97,100,TGT
2025-12-17,9:38:21.957170795,T,95.81,200,95.98,100,TGT
2025-12-17,9:38:21.957270747,T,95.81,200,95.95,100,TGT
2025-12-17,9:38:21.957360908,T,95.82,100,95.95,100,TGT
2025-12-17,9:38:21.957421102,T,95.82,200,95.95,100,TGT
2025-12-17,9:38:21.957431039,T,95.82,200,95.95,200,TGT
2025-12-17,9:38:21.957446094,T,95.82,200,95.95,100,TGT
2025-12-17,9:38:21.957451127,T,95.82,200,95.94,100,TGT
2025-12-17,9:38:21.957516255,T,95.82,200,95.95,100,TGT
2025-12-17,9:38:21.957907244,T,95.82,200,95.95,200,TGT
2025-12-17,9:38:21.958634014,T,95.82,200,95.95,100,TGT
2025-12-17,9:38:21.958639026,T,95.82,200,95.95,200,TGT
2025-12-17,9:38:21.958949653,T,95.82,200,95.95,100,TGT
2025-12-17,9:38:21.963094590,T,95.82,200,95.98,100,TGT
2025-12-17,9:38:21.967886044,T,95.82,200,96.0,100,TGT
2025-12-17,9:38:21.968357150,T,95.83,100,96.0,100,TGT
2025-12-17,9:38:21.968377167,T,95.83,200,96.0,100,TGT
2025-12-17,9:38:21.968402387,T,95.83,300,96.0,100,TGT
2025-12-17,9:38:21.979694182,T,95.83,300,95.99,100,TGT
2025-12-17,9:38:21.979929676,T,95.85,200,95.99,100,TGT
2025-12-17,9:38:21.979949702,T,95.85,300,95.99,100,TGT
2025-12-17,9:38:21.979974893,T,95.85,400,95.99,100,TGT
2025-12-17,9:38:21.980711496,T,95.85,200,95.99,100,TGT
2025-12-17,9:38:21.987121874,T,95.85,200,95.94,100,TGT
2025-12-17,9:38:22.351028777,T,95.85,200,95.93,100,TGT
2025-12-17,9:38:22.351334554,T,95.85,200,95.94,200,TGT
2025-12-17,9:38:22.352377041,T,95.85,100,95.94,200,TGT
2025-12-17,9:38:22.352377041,T,95.8,1000,95.94,200,TGT
2025-12-17,9:38:22.352402120,T,95.8,1000,95.86,100,TGT
2025-12-17,9:38:22.352437169,T,95.8,1000,95.92,200,TGT
2025-12-17,9:38:22.352462220,T,95.81,100,95.92,200,TGT
2025-12-17,9:38:22.352482341,T,95.8,1200,95.92,200,TGT
2025-12-17,9:38:22.352482341,T,95.83,100,95.92,200,TGT
2025-12-17,9:38:22.352908275,T,95.83,100,95.92,100,TGT
2025-12-17,9:38:22.354847901,T,95.83,100,95.92,200,TGT
2025-12-17,9:38:22.452906565,T,95.83,100,95.92,100,TGT
2025-12-17,9:38:22.909694772,T,95.83,100,95.93,100,TGT
2025-12-17,9:38:24.067478095,T,95.83,100,95.9,1500,TGT
2025-12-17,9:38:24.067538209,T,95.83,200,95.9,1500,TGT
2025-12-17,9:38:24.067899056,T,95.83,200,95.9,1600,TGT
2025-12-17,9:38:24.193713841,T,95.84,100,95.9,1600,TGT
2025-12-17,9:38:24.193733841,T,95.84,200,95.9,1600,TGT
2025-12-17,9:38:24.193774142,T,95.84,300,95.9,1600,TGT
2025-12-17,9:38:24.544278948,T,95.84,200,95.9,1600,TGT
2025-12-17,9:38:24.544278948,T,95.84,100,95.9,1600,TGT
2025-12-17,9:38:24.544283937,T,95.83,100,95.9,1600,TGT
2025-12-17,9:38:24.544303977,T,95.8,1000,95.9,1600,TGT
2025-12-17,9:38:24.544303977,T,95.8,1000,95.89,100,TGT
2025-12-17,9:38:24.544324053,T,95.8,1000,95.88,100,TGT
2025-12-17,9:38:24.544339136,T,95.8,1000,95.89,200,TGT
2025-12-17,9:38:24.544795171,T,95.8,1000,95.88,100,TGT
2025-12-17,9:38:24.544815433,T,95.8,1000,95.89,200,TGT
2025-12-17,9:38:24.544820207,T,95.8,1000,95.88,100,TGT
2025-12-17,9:38:24.544860684,T,95.8,900,95.88,100,TGT
2025-12-17,9:38:24.544915596,T,95.75,100,95.88,100,TGT
2025-12-17,9:38:24.544930486,T,95.75,100,95.86,100,TGT
2025-12-17,9:38:24.544940570,T,95.75,100,95.81,100,TGT
2025-12-17,9:38:24.545161009,T,95.75,100,95.81,200,TGT
2025-12-17,9:38:24.545266301,T,95.75,100,95.81,100,TGT
2025-12-17,9:38:24.545536991,T,95.75,100,95.8,100,TGT
2025-12-17,9:38:24.546779929,T,95.75,100,95.86,100,TGT
2025-12-17,9:38:24.559029089,T,95.75,100,95.86,200,TGT
2025-12-17,9:38:24.565810245,T,95.75,100,95.86,300,TGT
2025-12-17,9:38:24.571543900,T,95.75,100,95.86,200,TGT
2025-12-17,9:38:24.572376003,T,95.75,100,95.86,300,TGT
2025-12-17,9:38:24.597540807,T,95.69,100,95.86,300,TGT
2025-12-17,9:38:25.155404841,T,95.69,100,95.86,200,TGT
2025-12-17,9:38:26.370955750,T,95.77,100,95.86,200,TGT
2025-12-17,9:38:28.229528374,T,95.77,100,95.86,100,TGT
2025-12-17,9:38:28.329250914,T,95.77,100,95.88,100,TGT
2025-12-17,9:38:28.329261088,T,95.77,100,95.89,200,TGT
2025-12-17,9:38:28.329296098,T,95.77,100,95.89,100,TGT
2025-12-17,9:38:34.027877141,T,95.69,100,95.89,100,TGT
2025-12-17,9:38:34.027902269,T,95.69,100,95.8,100,TGT
2025-12-17,9:38:34.028323285,T,95.69,100,95.8,200,TGT
2025-12-17,9:38:34.028839528,T,95.69,100,95.79,200,TGT
2025-12-17,9:38:34.028864552,T,95.69,100,95.79,100,TGT
2025-12-17,9:38:34.029190308,T,95.69,100,95.79,200,TGT
2025-12-17,9:38:34.029225357,T,95.69,100,95.76,100,TGT
2025-12-17,9:38:34.029265503,T,95.69,200,95.76,100,TGT
2025-12-17,9:38:34.029967137,T,95.69,200,95.79,100,TGT
2025-12-17,9:38:34.228124265,T,95.69,200,95.82,100,TGT
2025-12-17,9:38:34.229156673,T,95.69,200,95.82,200,TGT
2025-12-17,9:38:45.949809205,T,95.69,200,95.82,100,TGT
2025-12-17,9:38:45.949809205,T,95.7,100,95.82,100,TGT
2025-12-17,9:38:45.949844261,T,95.74,100,95.82,100,TGT
2025-12-17,9:38:45.949854362,T,95.74,100,95.89,100,TGT
2025-12-17,9:38:45.949879515,T,95.76,100,95.89,100,TGT
2025-12-17,9:38:45.949894278,T,95.76,100,95.9,1500,TGT
2025-12-17,9:38:45.949954484,T,95.75,100,95.9,1500,TGT
2025-12-17,9:38:45.949984560,T,95.75,200,95.9,1500,TGT
2025-12-17,9:38:45.950009636,T,95.76,100,95.9,1500,TGT
2025-12-17,9:38:45.950029640,T,95.78,100,95.9,1500,TGT
2025-12-17,9:38:45.950144882,T,95.78,100,95.84,100,TGT
2025-12-17,9:38:45.950154913,T,95.78,100,95.84,200,TGT
2025-12-17,9:38:45.950916771,T,95.78,100,95.84,300,TGT
2025-12-17,9:38:45.960940620,T,95.78,100,95.84,200,TGT
2025-12-17,9:38:45.987543997,T,95.78,100,95.82,100,TGT
2025-12-17,9:38:45.987543997,T,95.78,100,95.82,200,TGT
2025-12-17,9:38:45.987574103,T,95.78,100,95.9,1500,TGT
2025-12-17,9:38:45.987960003,T,95.78,100,95.82,100,TGT
2025-12-17,9:38:45.988185521,T,95.78,100,95.9,1500,TGT
2025-12-17,9:38:45.988626543,T,95.78,100,95.9,1600,TGT
2025-12-17,9:38:45.992190031,T,95.79,100,95.9,1600,TGT
2025-12-17,9:38:45.992250210,T,95.78,100,95.9,1600,TGT
2025-12-17,9:38:45.997998876,T,95.81,100,95.9,1600,TGT
2025-12-17,9:38:45.999001268,T,95.81,100,95.9,1500,TGT
2025-12-17,9:38:46.079628392,T,95.81,100,95.9,1400,TGT
2025-12-17,9:38:46.079673519,T,95.81,100,95.9,300,TGT
2025-12-17,9:38:46.079683515,T,95.81,100,95.9,100,TGT
2025-12-17,9:38:46.079698594,T,95.81,100,96.0,200,TGT
2025-12-17,9:38:46.079698594,T,95.86,100,96.0,200,TGT
2025-12-17,9:38:46.079718630,T,95.88,100,96.0,200,TGT
2025-12-17,9:38:46.079808809,T,95.88,200,96.0,200,TGT
2025-12-17,9:38:46.079964173,T,95.88,200,96.1,100,TGT
2025-12-17,9:38:46.079974245,T,95.88,200,96.08,200,TGT
2025-12-17,9:38:46.080274953,T,95.88,100,96.08,200,TGT
2025-12-17,9:38:46.658798002,T,95.89,100,96.08,200,TGT
2025-12-17,9:38:46.658858146,T,95.89,200,96.08,200,TGT
2025-12-17,9:38:47.257218637,T,95.93,100,96.08,200,TGT
2025-12-17,9:38:47.257238745,T,95.9,100,96.08,200,TGT
2025-12-17,9:38:47.257243703,T,95.9,200,96.08,200,TGT
2025-12-17,9:38:47.257278766,T,95.9,300,96.08,200,TGT
2025-12-17,9:38:47.257318873,T,95.93,100,96.08,200,TGT
2025-12-17,9:38:47.257494292,T,95.95,100,96.08,200,TGT
2025-12-17,9:38:47.257529474,T,95.95,100,96.08,300,TGT
2025-12-17,9:38:47.257529474,T,95.95,200,96.08,300,TGT
2025-12-17,9:38:47.257749896,T,95.95,200,96.08,100,TGT
2025-12-17,9:38:47.258050589,T,95.95,100,96.08,100,TGT
2025-12-17,9:38:47.262140384,T,95.93,100,96.08,100,TGT
2025-12-17,9:38:47.262160721,T,95.93,100,96.02,100,TGT
2025-12-17,9:38:47.262165452,T,95.93,100,96.02,200,TGT
2025-12-17,9:38:47.262170456,T,95.9,300,96.02,200,TGT
2025-12-17,9:38:47.262185531,T,95.9,200,96.02,200,TGT
2025-12-17,9:38:47.262190447,T,95.9,200,95.96,100,TGT
2025-12-17,9:38:47.262215554,T,95.9,100,95.96,100,TGT
2025-12-17,9:38:47.262235893,T,95.9,100,96.02,200,TGT
2025-12-17,9:38:47.262240601,T,95.9,100,96.01,100,TGT
2025-12-17,9:38:47.262260665,T,95.9,100,96.02,200,TGT
2025-12-17,9:38:47.262260665,T,95.9,100,95.96,100,TGT
2025-12-17,9:38:47.262345813,T,95.9,100,96.01,100,TGT
2025-12-17,9:38:47.262370925,T,95.9,200,96.01,100,TGT
2025-12-17,9:38:47.262501230,T,95.92,100,96.01,100,TGT
2025-12-17,9:38:47.262521296,T,95.9,200,96.01,100,TGT
2025-12-17,9:38:47.263824324,T,95.9,200,96.02,200,TGT
2025-12-17,9:38:47.268680896,T,95.9,200,96.02,100,TGT
2025-12-17,9:38:47.340572212,T,95.9,200,96.07,100,TGT
2025-12-17,9:38:47.357417351,T,95.9,100,96.07,100,TGT
2025-12-17,9:38:47.362795196,T,95.9,100,96.11,100,TGT
2025-12-17,9:38:47.462192011,T,95.9,100,96.13,100,TGT
2025-12-17,9:38:49.127885203,T,95.94,100,96.13,100,TGT
2025-12-17,9:38:49.127950445,T,95.94,200,96.13,100,TGT
2025-12-17,9:38:50.261220244,T,95.94,100,96.13,100,TGT
2025-12-17,9:38:50.261220244,T,95.9,100,96.13,100,TGT
2025-12-17,9:38:50.261240327,T,95.81,100,96.13,100,TGT
2025-12-17,9:38:50.261245810,T,95.81,100,96.11,100,TGT
