DATE,TIME_M,EX,BID,BIDSIZ,ASK,ASKSIZ,SYM_ROOT
2025-12-23,9:30:01.267339466,T,94.97,100,95.81,200,TGT
2025-12-23,9:30:01.287692924,T,94.97,100,95.31,100,TGT
2025-12-23,9:30:01.371633119,T,95.0,1000,95.31,100,TGT
2025-12-23,9:30:02.851889319,T,95.0,1000,95.5,100,TGT
2025-12-23,9:30:02.851934465,T,95.0,1100,95.5,100,TGT
2025-12-23,9:30:02.853222563,T,95.0,1100,95.81,200,TGT
2025-12-23,9:30:02.929774901,T,95.27,100,95.81,200,TGT
2025-12-23,9:30:02.930095657,T,95.0,1100,95.81,200,TGT
2025-12-23,9:30:02.930205952,T,95.27,100,95.81,200,TGT
2025-12-23,9:30:02.940229791,T,95.0,1100,95.81,200,TGT
2025-12-23,9:30:02.940981570,T,95.27,100,95.81,200,TGT
2025-12-23,9:30:02.941407600,T,95.27,200,95.81,200,TGT
2025-12-23,9:30:02.949682325,T,95.27,100,95.81,200,TGT
2025-12-23,9:30:03.350151310,T,95.0,1100,95.81,200,TGT
2025-12-23,9:30:04.609165853,T,95.15,100,95.81,200,TGT
2025-12-23,9:30:05.172898760,T,95.28,100,95.81,200,TGT
2025-12-23,9:30:05.173274682,T,95.15,100,95.81,200,TGT
2025-12-23,9:30:05.192695970,T,95.24,100,95.81,200,TGT
2025-12-23,9:30:05.354235814,T,95.24,100,95.75,100,TGT
2025-12-23,9:30:10.398658321,T,95.24,100,95.53,100,TGT
2025-12-23,9:30:13.044045592,T,95.19,100,95.53,100,TGT
2025-12-23,9:30:24.165290229,T,95.19,100,95.5,100,TGT
2025-12-23,9:30:24.165315311,T,95.19,100,95.53,100,TGT
2025-12-23,9:30:24.165335318,T,95.19,100,95.5,100,TGT
2025-12-23,9:30:24.170572842,T,95.19,100,95.53,100,TGT
2025-12-23,9:30:24.942296359,T,95.0,1100,95.53,100,TGT
2025-12-23,9:30:24.942331488,T,95.15,100,95.53,100,TGT
2025-12-23,9:30:26.981479530,T,95.15,100,95.44,100,TGT
2025-12-23,9:30:26.981905529,T,95.15,100,95.44,200,TGT
2025-12-23,9:30:26.981915479,T,95.15,100,95.44,300,TGT
2025-12-23,9:30:27.770063196,T,95.15,100,95.22,300,TGT
2025-12-23,9:30:27.770308773,T,95.15,100,95.44,100,TGT
2025-12-23,9:30:27.770308773,T,95.15,100,95.21,100,TGT
2025-12-23,9:30:27.770324184,T,95.15,100,95.28,100,TGT
2025-12-23,9:30:27.770328734,T,95.15,100,95.33,100,TGT
2025-12-23,9:30:27.770363883,T,95.15,100,95.44,100,TGT
2025-12-23,9:30:27.770544294,T,95.15,100,95.2,100,TGT
2025-12-23,9:30:27.770624547,T,95.15,100,95.44,100,TGT
2025-12-23,9:30:27.770749841,T,95.15,100,95.28,100,TGT
2025-12-23,9:30:27.790020674,T,95.15,100,95.44,100,TGT
2025-12-23,9:30:27.821600947,T,95.15,100,95.44,200,TGT
2025-12-23,9:30:27.821610939,T,95.15,100,95.44,300,TGT
2025-12-23,9:30:31.608898602,T,95.15,100,95.44,200,TGT
2025-12-23,9:30:31.609334987,T,95.16,100,95.44,200,TGT
2025-12-23,9:30:31.609460032,T,95.15,100,95.44,200,TGT
2025-12-23,9:30:31.609485079,T,95.15,100,95.44,300,TGT
2025-12-23,9:30:31.609485079,T,95.15,100,95.44,200,TGT
2025-12-23,9:30:31.609495494,T,95.0,1100,95.44,200,TGT
2025-12-23,9:30:31.609500203,T,95.0,1100,95.44,300,TGT
2025-12-23,9:30:31.609505461,T,95.0,1100,95.32,100,TGT
2025-12-23,9:30:31.609505461,T,95.0,1100,95.3,100,TGT
2025-12-23,9:30:31.609520218,T,95.0,1100,95.2,100,TGT
2025-12-23,9:30:31.609745655,T,95.1,100,95.2,100,TGT
2025-12-23,9:30:31.609785721,T,95.1,200,95.2,100,TGT
2025-12-23,9:30:31.609835945,T,95.15,100,95.2,100,TGT
2025-12-23,9:30:31.609840860,T,95.15,200,95.2,100,TGT
2025-12-23,9:30:31.609850894,T,95.15,100,95.2,100,TGT
2025-12-23,9:30:31.609875973,T,95.0,1100,95.2,100,TGT
2025-12-23,9:30:31.609911072,T,95.15,100,95.2,100,TGT
2025-12-23,9:30:31.609921086,T,95.0,1100,95.2,100,TGT
2025-12-23,9:30:31.609941139,T,95.0,1100,95.19,100,TGT
2025-12-23,9:30:31.610006344,T,95.0,1100,95.2,100,TGT
2025-12-23,9:30:31.610076501,T,95.0,1100,95.27,100,TGT
2025-12-23,9:30:31.610121592,T,95.14,200,95.27,100,TGT
2025-12-23,9:30:31.610166733,T,95.14,300,95.27,100,TGT
2025-12-23,9:30:31.610216834,T,95.14,500,95.27,100,TGT
2025-12-23,9:30:31.610257071,T,95.14,500,95.26,100,TGT
2025-12-23,9:30:31.610276912,T,95.14,500,95.24,100,TGT
2025-12-23,9:30:31.610297003,T,95.14,500,95.26,100,TGT
2025-12-23,9:30:31.610312153,T,95.14,300,95.26,100,TGT
2025-12-23,9:30:31.610312153,T,95.14,200,95.26,100,TGT
2025-12-23,9:30:31.610321994,T,95.0,1100,95.26,100,TGT
2025-12-23,9:30:31.610357102,T,95.17,500,95.26,100,TGT
2025-12-23,9:30:31.610382158,T,95.17,600,95.26,100,TGT
2025-12-23,9:30:31.610387202,T,95.17,700,95.26,100,TGT
2025-12-23,9:30:31.610492505,T,95.17,700,95.2,100,TGT
2025-12-23,9:30:31.610517470,T,95.17,600,95.2,100,TGT
2025-12-23,9:30:31.610517470,T,95.17,100,95.2,100,TGT
2025-12-23,9:30:31.610522511,T,95.1,100,95.2,100,TGT
2025-12-23,9:30:31.610522511,T,95.0,1100,95.2,100,TGT
2025-12-23,9:30:31.610522511,T,95.0,1100,95.27,100,TGT
2025-12-23,9:30:31.610527568,T,95.0,1100,95.26,100,TGT
2025-12-23,9:30:31.610537697,T,95.0,1100,95.19,100,TGT
2025-12-23,9:30:31.610542627,T,95.16,100,95.19,100,TGT
2025-12-23,9:30:31.610798140,T,95.16,200,95.19,100,TGT
2025-12-23,9:30:31.610858328,T,95.16,200,95.27,100,TGT
2025-12-23,9:30:31.610873415,T,95.19,100,95.27,100,TGT
2025-12-23,9:30:31.610988643,T,95.16,100,95.27,100,TGT
2025-12-23,9:30:31.611008655,T,95.16,100,95.23,100,TGT
2025-12-23,9:30:31.611103929,T,95.0,1100,95.23,100,TGT
2025-12-23,9:30:31.612782909,T,95.0,1100,95.27,100,TGT
2025-12-23,9:30:31.612787941,T,95.0,1100,95.26,100,TGT
2025-12-23,9:30:31.619759587,T,95.0,1100,95.3,100,TGT
2025-12-23,9:30:31.629998933,T,95.0,1100,95.39,100,TGT
2025-12-23,9:30:31.630019008,T,95.0,1100,95.44,100,TGT
2025-12-23,9:30:31.735946420,T,95.0,1100,95.44,200,TGT
2025-12-23,9:30:41.878970671,T,95.0,1100,95.44,100,TGT
2025-12-23,9:30:57.298961436,T,95.0,1000,95.44,100,TGT
2025-12-23,9:30:57.298986838,T,95.0,1000,95.44,200,TGT
2025-12-23,9:30:57.298986838,T,95.0,1000,95.43,100,TGT
2025-12-23,9:30:57.298992043,T,95.0,1000,95.28,100,TGT
2025-12-23,9:30:57.299166884,T,95.0,1000,95.28,200,TGT
2025-12-23,9:30:57.299372419,T,95.0,1000,95.26,100,TGT
2025-12-23,9:30:57.303612477,T,95.0,1000,95.28,200,TGT
2025-12-23,9:30:57.309120564,T,95.0,1000,95.28,100,TGT
2025-12-23,9:30:57.348464363,T,95.0,1000,95.43,100,TGT
2025-12-23,9:30:57.352694379,T,95.0,1000,95.43,200,TGT
2025-12-23,9:30:57.352694379,T,95.0,1000,95.43,300,TGT
2025-12-23,9:30:57.399115075,T,95.0,1000,95.43,200,TGT
2025-12-23,9:30:57.548901909,T,95.0,1000,95.43,300,TGT
2025-12-23,9:30:59.008484152,T,95.0,1200,95.43,300,TGT
2025-12-23,9:31:00.002797886,T,95.02,200,95.43,300,TGT
2025-12-23,9:31:00.012806789,T,95.0,1000,95.43,300,TGT
2025-12-23,9:31:00.503706244,T,95.03,200,95.43,300,TGT
2025-12-23,9:31:00.504969329,T,95.0,1000,95.43,300,TGT
2025-12-23,9:31:01.014603598,T,95.03,200,95.43,300,TGT
2025-12-23,9:31:01.014773924,T,95.03,200,95.43,500,TGT
2025-12-23,9:31:01.015024529,T,95.03,200,95.43,400,TGT
2025-12-23,9:31:01.015059716,T,95.0,1000,95.43,400,TGT
2025-12-23,9:31:01.024617424,T,95.0,1000,95.43,200,TGT
2025-12-23,9:31:01.525505808,T,95.04,200,95.43,200,TGT
2025-12-23,9:31:01.526763815,T,95.0,1000,95.43,200,TGT
2025-12-23,9:31:02.037239970,T,95.04,200,95.43,200,TGT
2025-12-23,9:31:02.038503038,T,95.0,1000,95.43,200,TGT
2025-12-23,9:31:02.543235509,T,95.04,200,95.43,200,TGT
2025-12-23,9:31:02.544488456,T,95.0,1000,95.43,200,TGT
2025-12-23,9:31:02.544528506,T,95.0,1000,95.43,400,TGT
2025-12-23,9:31:02.553249281,T,95.0,1000,95.43,200,TGT
2025-12-23,9:31:02.940446864,T,95.0,1000,95.43,300,TGT
2025-12-23,9:31:02.940446864,T,95.0,1000,95.24,100,TGT
2025-12-23,9:31:02.940487040,T,95.0,1000,95.43,300,TGT
2025-12-23,9:31:02.940487040,T,95.0,1000,95.43,200,TGT
2025-12-23,9:31:02.940496886,T,95.0,1000,95.36,100,TGT
2025-12-23,9:31:02.940501867,T,94.91,200,95.36,100,TGT
2025-12-23,9:31:02.940501867,T,94.91,200,95.23,100,TGT
2025-12-23,9:31:02.940522588,T,94.91,200,95.07,100,TGT
2025-12-23,9:31:02.940526986,T,94.91,200,95.02,100,TGT
2025-12-23,9:31:02.940552449,T,94.91,200,95.07,100,TGT
2025-12-23,9:31:02.940577153,T,94.96,100,95.07,100,TGT
2025-12-23,9:31:02.941504312,T,94.75,200,95.07,100,TGT
2025-12-23,9:31:02.941519298,T,94.75,100,95.07,100,TGT
2025-12-23,9:31:02.942657051,T,94.91,100,95.07,100,TGT
2025-12-23,9:31:02.948145083,T,94.91,100,95.23,100,TGT
2025-12-23,9:31:02.950656105,T,94.91,100,95.24,200,TGT
2025-12-23,9:31:02.950656105,T,94.91,100,95.24,100,TGT
2025-12-23,9:31:02.950886653,T,94.91,100,95.43,100,TGT
2025-12-23,9:31:02.950896650,T,94.91,100,95.42,100,TGT
2025-12-23,9:31:02.950911774,T,94.91,100,95.43,100,TGT
2025-12-23,9:31:02.950946852,T,94.91,100,95.42,100,TGT
2025-12-23,9:31:02.961291490,T,94.91,100,95.42,200,TGT
2025-12-23,9:31:02.961557051,T,94.91,100,95.42,300,TGT
2025-12-23,9:31:02.966123004,T,94.91,100,95.42,200,TGT
2025-12-23,9:31:02.982176176,T,94.91,100,95.42,300,TGT
2025-12-23,9:31:03.161147556,T,94.94,100,95.42,300,TGT
2025-12-23,9:31:04.184069431,T,94.97,200,95.42,300,TGT
2025-12-23,9:31:04.194093376,T,94.94,100,95.42,300,TGT
2025-12-23,9:31:04.194108400,T,94.94,100,95.41,200,TGT
2025-12-23,9:31:04.204122229,T,94.94,100,95.48,200,TGT
2025-12-23,9:31:05.859776687,T,94.96,200,95.48,200,TGT
2025-12-23,9:31:05.869790622,T,94.94,100,95.48,200,TGT
2025-12-23,9:31:05.869805594,T,94.94,100,95.41,200,TGT
2025-12-23,9:31:05.869855688,T,94.94,100,95.41,300,TGT
2025-12-23,9:31:05.870076155,T,94.94,100,95.41,400,TGT
2025-12-23,9:31:05.870231535,T,94.94,100,95.41,500,TGT
2025-12-23,9:31:05.879819416,T,94.94,100,95.41,300,TGT
2025-12-23,9:31:07.522502898,T,95.0,200,95.41,300,TGT
2025-12-23,9:31:07.532511741,T,94.94,100,95.41,300,TGT
2025-12-23,9:31:09.188125925,T,94.99,200,95.41,300,TGT
2025-12-23,9:31:09.198144822,T,94.94,100,95.41,300,TGT
2025-12-23,9:31:10.854721097,T,94.99,200,95.41,300,TGT
2025-12-23,9:31:10.864735045,T,94.94,100,95.41,300,TGT
2025-12-23,9:31:12.520825463,T,94.98,200,95.41,300,TGT
2025-12-23,9:31:12.530839306,T,94.94,100,95.41,300,TGT
2025-12-23,9:31:12.530879415,T,94.94,100,95.41,500,TGT
2025-12-23,9:31:12.540893213,T,94.94,100,95.41,300,TGT
2025-12-23,9:31:12.641011794,T,94.94,100,95.41,200,TGT
2025-12-23,9:31:14.188438358,T,95.0,200,95.41,200,TGT
2025-12-23,9:31:14.198452283,T,94.94,100,95.41,200,TGT
2025-12-23,9:31:15.861188464,T,94.99,200,95.41,200,TGT
2025-12-23,9:31:15.871202284,T,94.94,100,95.41,200,TGT
2025-12-23,9:31:17.118137822,T,94.95,100,95.41,200,TGT
2025-12-23,9:31:17.522135376,T,95.0,200,95.41,200,TGT
2025-12-23,9:31:17.532144162,T,94.95,100,95.41,200,TGT
2025-12-23,9:31:17.532189375,T,94.95,100,95.41,400,TGT
2025-12-23,9:31:17.542203171,T,94.95,100,95.41,200,TGT
2025-12-23,9:31:19.193011158,T,94.99,200,95.41,200,TGT
2025-12-23,9:31:19.203020002,T,94.95,100,95.41,200,TGT
2025-12-23,9:31:19.203030017,T,94.95,100,95.41,400,TGT
2025-12-23,9:31:19.213048945,T,94.95,100,95.41,200,TGT
2025-12-23,9:31:20.856574075,T,94.99,200,95.41,200,TGT
2025-12-23,9:31:20.866587910,T,94.95,100,95.41,200,TGT
2025-12-23,9:31:20.866602973,T,94.95,100,95.41,400,TGT
2025-12-23,9:31:20.876616857,T,94.95,100,95.41,200,TGT
2025-12-23,9:31:21.215409936,T,94.9,200,95.41,200,TGT
2025-12-23,9:31:21.215429135,T,94.9,200,95.17,100,TGT
2025-12-23,9:31:21.215529370,T,94.9,200,95.15,100,TGT
2025-12-23,9:31:21.215749871,T,94.9,200,95.11,100,TGT
2025-12-23,9:31:21.217078003,T,94.9,200,95.11,200,TGT
2025-12-23,9:31:21.217138209,T,94.9,200,95.1,100,TGT
2025-12-23,9:31:21.218105539,T,94.75,100,95.1,100,TGT
2025-12-23,9:31:21.218125526,T,94.75,100,95.11,200,TGT
2025-12-23,9:31:21.225753722,T,94.75,100,95.11,100,TGT
2025-12-23,9:31:21.225778764,T,94.75,100,95.14,100,TGT
2025-12-23,9:31:21.312570637,T,94.75,100,95.17,200,TGT
2025-12-23,9:31:21.312570637,T,94.75,100,95.17,100,TGT
2025-12-23,9:31:21.315622873,T,94.75,100,95.3,100,TGT
2025-12-23,9:31:21.315652909,T,94.75,100,95.35,100,TGT
2025-12-23,9:31:21.315652909,T,94.75,100,95.36,100,TGT
2025-12-23,9:31:21.379319674,T,94.75,100,95.42,100,TGT
2025-12-23,9:31:21.391373294,T,94.75,100,95.41,200,TGT
2025-12-23,9:31:21.391403441,T,94.75,100,95.41,300,TGT
2025-12-23,9:31:21.391639015,T,94.75,100,95.41,400,TGT
2025-12-23,9:31:21.811719719,T,94.75,100,95.41,300,TGT
2025-12-23,9:31:21.811784917,T,94.75,100,95.41,400,TGT
2025-12-23,9:31:21.811784917,T,94.75,100,95.41,200,TGT
2025-12-23,9:31:21.811789867,T,94.75,100,95.41,100,TGT
2025-12-23,9:31:21.826389669,T,94.75,100,95.48,300,TGT
2025-12-23,9:31:21.826419776,T,94.75,100,95.48,200,TGT
2025-12-23,9:31:24.325362961,T,94.75,100,95.34,200,TGT
2025-12-23,9:31:24.325403112,T,94.75,100,95.34,300,TGT
2025-12-23,9:31:24.325633612,T,94.75,100,95.34,400,TGT
2025-12-23,9:31:24.325788987,T,94.75,100,95.34,500,TGT
2025-12-23,9:31:25.491566337,T,94.75,100,95.34,400,TGT
2025-12-23,9:31:25.861507596,T,94.75,100,95.34,200,TGT
2025-12-23,9:31:25.861552773,T,94.95,200,95.34,200,TGT
2025-12-23,9:31:25.871566568,T,94.78,200,95.34,200,TGT
2025-12-23,9:31:25.871581648,T,94.78,200,95.32,200,TGT
2025-12-23,9:31:25.872864632,T,94.78,200,95.32,300,TGT
2025-12-23,9:31:25.881590508,T,94.78,200,95.32,100,TGT
2025-12-23,9:31:26.939154965,T,94.78,200,95.23,100,TGT
2025-12-23,9:31:26.939796465,T,94.78,200,95.23,200,TGT
2025-12-23,9:31:26.943420141,T,94.78,200,95.23,300,TGT
2025-12-23,9:31:28.152215020,T,94.78,200,95.19,100,TGT
2025-12-23,9:31:28.164379002,T,94.9,200,95.19,100,TGT
2025-12-23,9:31:32.195342201,T,94.9,200,95.19,200,TGT
2025-12-23,9:31:33.495249030,T,94.9,200,95.19,300,TGT
2025-12-23,9:31:33.502466366,T,94.78,200,95.19,300,TGT
2025-12-23,9:31:35.616046677,T,94.78,200,95.18,100,TGT
2025-12-23,9:31:35.616051620,T,94.78,200,95.15,100,TGT
2025-12-23,9:31:35.616066706,T,94.78,200,95.18,100,TGT
2025-12-23,9:31:35.616091720,T,94.78,200,95.05,100,TGT
2025-12-23,9:31:35.623099053,T,94.78,200,95.18,100,TGT
2025-12-23,9:31:35.623885328,T,94.87,200,95.18,100,TGT
2025-12-23,9:31:35.716049843,T,94.87,200,95.19,200,TGT
2025-12-23,9:31:35.769827962,T,94.87,200,95.18,100,TGT
2025-12-23,9:31:36.818215562,T,94.87,200,95.18,200,TGT
2025-12-23,9:31:36.929726295,T,94.87,200,95.18,100,TGT
2025-12-23,9:31:37.555627380,T,94.87,200,95.18,200,TGT
2025-12-23,9:31:38.043153774,T,94.78,200,95.18,200,TGT
2025-12-23,9:31:38.056194820,T,94.86,200,95.18,200,TGT
2025-12-23,9:31:44.254155596,T,94.88,200,95.18,200,TGT
2025-12-23,9:31:44.257528682,T,94.78,200,95.18,200,TGT
2025-12-23,9:31:44.272950425,T,94.78,200,95.18,100,TGT
2025-12-23,9:31:44.273371356,T,94.78,200,95.18,200,TGT
2025-12-23,9:31:44.273406506,T,94.78,200,95.04,100,TGT
2025-12-23,9:31:44.273466605,T,94.78,200,95.18,100,TGT
2025-12-23,9:31:44.273526761,T,94.78,200,95.24,100,TGT
2025-12-23,9:31:44.273541751,T,94.78,200,95.18,100,TGT
2025-12-23,9:31:44.273556829,T,94.78,200,95.24,100,TGT
2025-12-23,9:31:44.273702127,T,94.78,200,95.18,100,TGT
2025-12-23,9:31:44.273712172,T,94.78,200,95.24,100,TGT
2025-12-23,9:31:44.273732279,T,94.78,200,95.03,100,TGT
2025-12-23,9:31:44.273832770,T,94.78,200,95.01,100,TGT
2025-12-23,9:31:44.274047961,T,94.78,200,94.92,100,TGT
2025-12-23,9:31:44.274083037,T,94.75,100,94.92,100,TGT
2025-12-23,9:31:44.274098114,T,94.75,100,95.01,100,TGT
2025-12-23,9:31:44.679764488,T,94.75,100,95.38,300,TGT
2025-12-23,9:31:44.682205312,T,94.75,100,95.38,200,TGT
2025-12-23,9:31:44.757304231,T,94.75,100,95.18,100,TGT
2025-12-23,9:31:44.757574935,T,94.75,100,95.18,200,TGT
2025-12-23,9:31:44.833871591,T,94.75,100,95.18,100,TGT
2025-12-23,9:31:44.840557589,T,94.75,100,95.3,100,TGT
2025-12-23,9:31:49.582705050,T,94.82,100,95.3,100,TGT
2025-12-23,9:31:49.752213828,T,94.82,100,95.24,100,TGT
2025-12-23,9:31:49.752213828,T,94.82,100,95.13,100,TGT
2025-12-23,9:31:49.752218967,T,94.82,100,95.08,100,TGT
2025-12-23,9:31:49.752243884,T,94.82,100,95.12,100,TGT
2025-12-23,9:31:49.752248891,T,94.82,100,95.0,100,TGT
2025-12-23,9:31:49.752263913,T,94.82,100,94.99,100,TGT
2025-12-23,9:31:49.752569726,T,94.82,100,94.99,200,TGT
2025-12-23,9:31:49.759245572,T,94.82,100,94.99,100,TGT
2025-12-23,9:31:49.760488510,T,94.82,100,95.0,100,TGT
2025-12-23,9:31:49.760518585,T,94.82,100,95.02,100,TGT
2025-12-23,9:31:49.760729111,T,94.82,100,95.18,100,TGT
2025-12-23,9:31:49.762323169,T,94.82,100,95.24,100,TGT
2025-12-23,9:31:49.762328035,T,94.82,100,95.3,100,TGT
2025-12-23,9:31:49.762343009,T,94.82,100,95.34,100,TGT
2025-12-23,9:31:49.871457969,T,94.82,100,95.04,100,TGT
2025-12-23,9:31:51.603364006,T,94.82,100,95.03,100,TGT
2025-12-23,9:31:51.604226125,T,94.82,100,95.04,100,TGT
2025-12-23,9:31:51.683028782,T,94.82,100,95.03,100,TGT
2025-12-23,9:31:51.970619023,T,94.82,100,94.99,100,TGT
2025-12-23,9:31:51.970784340,T,94.75,100,94.99,100,TGT
2025-12-23,9:31:51.970809415,T,94.75,100,94.99,200,TGT
2025-12-23,9:31:51.970824532,T,94.75,100,94.99,100,TGT
2025-12-23,9:31:51.970849523,T,94.75,100,94.98,100,TGT
2025-12-23,9:31:51.971180594,T,94.75,100,94.96,100,TGT
2025-12-23,9:31:51.971185352,T,94.75,100,94.95,100,TGT
2025-12-23,9:31:51.971185352,T,94.75,100,94.93,100,TGT
2025-12-23,9:31:51.971200387,T,94.75,100,94.89,100,TGT
2025-12-23,9:31:51.971265509,T,94.75,100,94.93,100,TGT
2025-12-23,9:31:51.971531313,T,94.75,100,94.89,100,TGT
2025-12-23,9:31:51.971531313,T,94.75,100,94.85,100,TGT
2025-12-23,9:31:51.971606308,T,94.75,100,94.86,100,TGT
2025-12-23,9:31:51.971611383,T,94.75,100,94.89,100,TGT
2025-12-23,9:31:51.971751678,T,94.75,100,94.84,100,TGT
2025-12-23,9:31:51.971781729,T,94.75,100,94.81,100,TGT
2025-12-23,9:31:51.972092465,T,94.75,100,94.8,100,TGT
2025-12-23,9:31:51.972122548,T,94.75,100,94.79,100,TGT
2025-12-23,9:31:51.972217846,T,94.75,100,94.78,100,TGT
2025-12-23,9:31:51.972303040,T,94.65,200,94.78,100,TGT
2025-12-23,9:31:51.972468425,T,94.71,100,94.78,100,TGT
2025-12-23,9:31:51.972513450,T,94.65,200,94.78,100,TGT
2025-12-23,9:31:51.972583701,T,94.65,200,94.8,200,TGT
2025-12-23,9:31:51.972608669,T,94.65,300,94.8,200,TGT
2025-12-23,9:31:51.972613955,T,94.68,100,94.8,200,TGT
2025-12-23,9:31:51.972638811,T,94.65,300,94.8,200,TGT
2025-12-23,9:31:51.972663804,T,94.65,200,94.8,200,TGT
2025-12-23,9:31:51.972944480,T,94.65,300,94.8,200,TGT
2025-12-23,9:31:51.972964536,T,94.71,100,94.8,200,TGT
2025-12-23,9:31:51.972964536,T,94.65,300,94.8,200,TGT
2025-12-23,9:31:51.973054799,T,94.65,200,94.8,200,TGT
2025-12-23,9:31:51.973124933,T,94.65,200,94.8,100,TGT
2025-12-23,9:31:51.974633584,T,94.65,200,94.8,200,TGT
2025-12-23,9:31:51.975089642,T,94.65,200,94.8,100,TGT
2025-12-23,9:31:51.975119696,T,94.65,300,94.8,100,TGT
2025-12-23,9:31:51.975124679,T,94.71,100,94.8,100,TGT
2025-12-23,9:31:51.975455506,T,94.65,300,94.8,100,TGT
2025-12-23,9:31:51.975455506,T,94.71,100,94.8,100,TGT
2025-12-23,9:31:51.979274595,T,94.65,200,94.8,100,TGT
2025-12-23,9:31:51.979274595,T,94.71,100,94.8,100,TGT
2025-12-23,9:31:51.979906047,T,94.71,100,94.8,200,TGT
2025-12-23,9:31:51.979976271,T,94.65,300,94.8,200,TGT
2025-12-23,9:31:51.979981304,T,94.65,200,94.8,200,TGT
2025-12-23,9:31:51.980001318,T,94.65,200,94.78,100,TGT
2025-12-23,9:31:51.980597688,T,94.65,200,94.78,200,TGT
2025-12-23,9:31:51.980597688,T,94.65,200,94.77,100,TGT
2025-12-23,9:31:51.980672913,T,94.65,200,94.77,200,TGT
2025-12-23,9:31:51.980873343,T,94.57,100,94.77,200,TGT
2025-12-23,9:31:51.980898517,T,94.51,100,94.77,200,TGT
2025-12-23,9:31:51.980933592,T,94.57,100,94.77,200,TGT
2025-12-23,9:31:51.983018543,T,94.51,100,94.77,200,TGT
2025-12-23,9:31:51.988175822,T,94.57,100,94.77,200,TGT
2025-12-23,9:31:51.988271075,T,94.51,100,94.77,200,TGT
2025-12-23,9:31:51.992721640,T,94.5,200,94.77,200,TGT
2025-12-23,9:31:51.992756754,T,94.51,100,94.77,200,TGT
2025-12-23,9:31:52.008830034,T,94.5,200,94.77,200,TGT
2025-12-23,9:31:52.008865134,T,94.51,100,94.77,200,TGT
2025-12-23,9:31:52.056257997,T,94.52,100,94.77,200,TGT
2025-12-23,9:31:53.017297587,T,94.52,100,94.77,100,TGT
2025-12-23,9:31:53.017362676,T,94.51,100,94.77,100,TGT
2025-12-23,9:31:53.017372736,T,94.5,400,94.77,100,TGT
2025-12-23,9:31:53.017387754,T,94.5,400,94.72,100,TGT
2025-12-23,9:31:53.017397808,T,94.5,400,94.71,100,TGT
2025-12-23,9:31:53.017422799,T,94.5,400,94.78,100,TGT
2025-12-23,9:31:53.017467943,T,94.52,100,94.78,100,TGT
2025-12-23,9:31:53.017482940,T,94.5,400,94.78,100,TGT
2025-12-23,9:31:53.051433858,T,94.5,400,95.06,100,TGT
2025-12-23,9:31:53.051463921,T,94.5,400,95.12,100,TGT
2025-12-23,9:31:53.051463921,T,94.5,400,95.18,100,TGT
2025-12-23,9:31:53.053223074,T,94.5,400,95.12,100,TGT
2025-12-23,9:31:53.053243146,T,94.51,100,95.12,100,TGT
2025-12-23,9:31:53.053473735,T,94.51,100,95.06,100,TGT
2025-12-23,9:31:53.053563979,T,94.51,100,95.18,100,TGT
2025-12-23,9:31:53.053834633,T,94.51,100,95.24,100,TGT
2025-12-23,9:31:53.119546140,T,94.52,100,95.24,100,TGT
2025-12-23,9:31:53.357593256,T,94.52,100,95.18,100,TGT
2025-12-23,9:31:53.357643385,T,94.52,100,95.12,100,TGT
2025-12-23,9:31:53.671465941,T,94.52,100,95.06,100,TGT
2025-12-23,9:31:54.972721055,T,94.51,100,95.06,100,TGT
2025-12-23,9:31:54.972746205,T,94.5,400,95.06,100,TGT
2025-12-23,9:31:54.972756161,T,94.51,100,95.06,100,TGT
2025-12-23,9:31:54.972786247,T,94.5,400,95.06,100,TGT
2025-12-23,9:31:55.195451679,T,94.5,400,95.03,100,TGT
2025-12-23,9:31:55.195466792,T,94.5,400,95.02,100,TGT
2025-12-23,9:31:55.195541968,T,94.51,100,95.02,100,TGT
2025-12-23,9:31:55.202844319,T,94.51,100,95.03,100,TGT
2025-12-23,9:31:58.378515012,T,94.51,100,94.82,100,TGT
2025-12-23,9:31:58.383110864,T,94.51,100,95.03,100,TGT
2025-12-23,9:31:58.720855485,T,94.51,100,95.06,100,TGT
2025-12-23,9:32:00.566317022,T,94.51,100,95.05,200,TGT
2025-12-23,9:32:00.566357097,T,94.51,100,95.05,300,TGT
2025-12-23,9:32:01.496944174,T,94.51,100,94.82,100,TGT
2025-12-23,9:32:03.007457677,T,94.5,300,94.82,100,TGT
2025-12-23,9:32:03.013963417,T,94.51,100,94.82,100,TGT
2025-12-23,9:32:03.013963417,T,94.56,100,94.82,100,TGT
2025-12-23,9:32:03.013973121,T,94.6,100,94.82,100,TGT
2025-12-23,9:32:03.013983218,T,94.52,100,94.82,100,TGT
2025-12-23,9:32:03.013988223,T,94.6,100,94.82,100,TGT
2025-12-23,9:32:03.013988223,T,94.52,100,94.82,100,TGT
2025-12-23,9:32:03.015060731,T,94.51,100,94.82,100,TGT
2025-12-23,9:32:03.015286259,T,94.5,400,94.82,100,TGT
2025-12-23,9:32:03.015321376,T,94.51,100,94.82,100,TGT
2025-12-23,9:32:03.023811620,T,94.51,100,95.02,100,TGT
2025-12-23,9:32:03.207519247,T,94.51,100,95.03,100,TGT
2025-12-23,9:32:03.207779921,T,94.56,200,95.03,100,TGT
2025-12-23,9:32:04.786315678,T,94.56,200,95.02,100,TGT
2025-12-23,9:32:04.786315678,T,94.56,200,95.0,100,TGT
2025-12-23,9:32:04.786335834,T,94.56,200,95.02,100,TGT
2025-12-23,9:32:04.787237907,T,94.56,200,94.82,100,TGT
2025-12-23,9:32:04.787247859,T,94.56,200,94.8,100,TGT
2025-12-23,9:32:04.787273231,T,94.56,200,95.0,100,TGT
2025-12-23,9:32:04.787343330,T,94.56,200,95.02,100,TGT
2025-12-23,9:32:04.787378245,T,94.56,200,95.0,100,TGT
2025-12-23,9:32:04.797306856,T,94.56,200,95.02,100,TGT
2025-12-23,9:32:04.986372258,T,94.56,200,95.03,100,TGT
2025-12-23,9:32:05.477407034,T,94.56,200,94.82,100,TGT
2025-12-23,9:32:05.943492429,T,94.56,200,94.82,200,TGT
2025-12-23,9:32:05.943502480,T,94.56,200,94.78,100,TGT
2025-12-23,9:32:05.943507633,T,94.56,200,94.74,100,TGT
2025-12-23,9:32:05.943557592,T,94.56,200,94.78,100,TGT
2025-12-23,9:32:05.943632763,T,94.56,200,94.72,100,TGT
2025-12-23,9:32:05.943808110,T,94.56,200,94.78,100,TGT
2025-12-23,9:32:05.943828197,T,94.56,200,94.79,100,TGT
2025-12-23,9:32:05.945983382,T,94.5,100,94.79,100,TGT
2025-12-23,9:32:05.953481157,T,94.5,100,94.82,200,TGT
2025-12-23,9:32:05.953506240,T,94.5,100,94.82,100,TGT
2025-12-23,9:32:10.431198924,T,94.5,100,95.02,100,TGT
2025-12-23,9:32:12.400510260,T,94.5,100,95.03,100,TGT
2025-12-23,9:32:13.277294157,T,94.5,100,94.81,100,TGT
2025-12-23,9:32:15.299973013,T,94.5,100,94.81,200,TGT
2025-12-23,9:32:15.299973013,T,94.5,100,94.73,100,TGT
2025-12-23,9:32:15.299988080,T,94.5,100,94.8,100,TGT
2025-12-23,9:32:15.299998091,T,94.5,100,94.75,100,TGT
2025-12-23,9:32:15.301170836,T,94.5,100,94.76,100,TGT
2025-12-23,9:32:15.307004736,T,94.5,100,94.81,200,TGT
2025-12-23,9:32:15.310092049,T,94.5,100,94.81,100,TGT
2025-12-23,9:32:15.312297309,T,94.5,100,94.81,200,TGT
2025-12-23,9:32:17.588384646,T,94.5,100,94.81,100,TGT
2025-12-23,9:32:24.033283732,T,94.5,100,95.02,100,TGT
2025-12-23,9:32:24.054895152,T,94.5,100,94.96,200,TGT
2025-12-23,9:32:26.513552658,T,94.5,100,94.86,100,TGT
2025-12-23,9:32:27.895404674,T,94.5,100,94.96,200,TGT
2025-12-23,9:32:29.485187161,T,94.5,100,94.96,300,TGT
2025-12-23,9:32:31.898050553,T,94.5,100,94.81,100,TGT
2025-12-23,9:32:31.898857477,T,94.5,200,94.81,100,TGT
2025-12-23,9:32:36.876114871,T,94.51,100,94.81,100,TGT
2025-12-23,9:32:36.876130154,T,94.52,100,94.81,100,TGT
2025-12-23,9:32:36.876160055,T,94.51,100,94.81,100,TGT
2025-12-23,9:32:36.876170019,T,94.5,200,94.81,100,TGT
2025-12-23,9:32:36.876180010,T,94.51,100,94.81,100,TGT
2025-12-23,9:32:36.876195198,T,94.51,100,94.81,200,TGT
2025-12-23,9:32:36.876265309,T,94.5,200,94.81,200,TGT
2025-12-23,9:32:36.876395609,T,94.5,200,94.76,100,TGT
2025-12-23,9:32:36.876415868,T,94.51,100,94.76,100,TGT
2025-12-23,9:32:36.876435676,T,94.51,100,94.79,100,TGT
2025-12-23,9:32:36.876480786,T,94.51,100,94.81,200,TGT
2025-12-23,9:32:36.882309657,T,94.51,100,94.81,100,TGT
2025-12-23,9:32:36.978904847,T,94.51,100,94.96,300,TGT
2025-12-23,9:32:37.249990671,T,94.51,100,94.96,200,TGT
2025-12-23,9:32:37.285149393,T,94.51,100,94.96,300,TGT
2025-12-23,9:32:37.285169621,T,94.5,200,94.96,300,TGT
2025-12-23,9:32:37.785180643,T,94.5,200,94.96,200,TGT
2025-12-23,9:32:37.830969723,T,94.5,200,94.96,300,TGT
2025-12-23,9:32:38.238851536,T,94.5,200,94.96,200,TGT
2025-12-23,9:32:38.298749158,T,94.5,200,94.96,300,TGT
2025-12-23,9:32:38.859615411,T,94.55,500,94.96,300,TGT
2025-12-23,9:32:39.227702234,T,94.55,500,94.96,200,TGT
2025-12-23,9:32:39.491275116,T,94.55,500,94.96,300,TGT
2025-12-23,9:32:40.001866950,T,94.55,500,94.94,100,TGT
2025-12-23,9:32:40.001871539,T,94.55,500,94.81,100,TGT
2025-12-23,9:32:40.001906714,T,94.55,500,94.75,100,TGT
2025-12-23,9:32:40.001906714,T,94.55,500,94.81,100,TGT
2025-12-23,9:32:40.001921641,T,94.55,500,94.75,100,TGT
2025-12-23,9:32:41.205258427,T,94.55,500,94.96,300,TGT
2025-12-23,9:32:47.223115138,T,94.55,500,94.96,200,TGT
2025-12-23,9:32:47.223155886,T,94.55,600,94.96,200,TGT
2025-12-23,9:32:47.223155886,T,94.58,100,94.96,200,TGT
2025-12-23,9:32:47.223195294,T,94.59,100,94.96,200,TGT
2025-12-23,9:32:47.223375769,T,94.63,100,94.96,200,TGT
2025-12-23,9:32:47.223405770,T,94.59,100,94.96,200,TGT
2025-12-23,9:32:47.223937059,T,94.63,100,94.96,200,TGT
2025-12-23,9:32:47.227585700,T,94.63,100,94.81,100,TGT
2025-12-23,9:32:47.230166899,T,94.6,100,94.81,100,TGT
2025-12-23,9:32:47.381878283,T,94.58,100,94.81,100,TGT
2025-12-23,9:32:47.423176663,T,94.57,100,94.81,100,TGT
2025-12-23,9:32:51.097264898,T,94.57,100,94.96,300,TGT
2025-12-23,9:32:51.097294959,T,94.57,100,94.96,200,TGT
2025-12-23,9:32:52.180720830,T,94.57,100,94.94,100,TGT
2025-12-23,9:32:52.180750964,T,94.55,600,94.94,100,TGT
2025-12-23,9:32:52.180760933,T,94.55,600,94.8,100,TGT
2025-12-23,9:32:52.185011102,T,94.55,600,94.96,200,TGT
2025-12-23,9:32:52.185903249,T,94.55,500,94.96,200,TGT
2025-12-23,9:32:54.479337129,T,94.55,500,94.79,100,TGT
2025-12-23,9:32:56.922748115,T,94.55,500,94.78,100,TGT
2025-12-23,9:32:57.377461378,T,94.55,500,94.96,200,TGT
2025-12-23,9:33:03.379174712,T,94.55,500,94.96,300,TGT
2025-12-23,9:33:03.379189843,T,94.55,500,94.94,100,TGT
2025-12-23,9:33:03.379224946,T,94.55,500,94.67,100,TGT
2025-12-23,9:33:03.537942925,T,94.55,500,94.94,100,TGT
2025-12-23,9:33:03.537988061,T,94.55,500,94.96,200,TGT
2025-12-23,9:33:04.683647491,T,94.55,600,94.96,200,TGT
2025-12-23,9:33:04.683657592,T,94.55,700,94.96,200,TGT
2025-12-23,9:33:04.683717723,T,94.56,100,94.96,200,TGT
2025-12-23,9:33:04.689506713,T,94.55,600,94.96,200,TGT
2025-12-23,9:33:04.689626797,T,94.55,600,94.96,300,TGT
2025-12-23,9:33:04.689626797,T,94.55,600,94.94,100,TGT
2025-12-23,9:33:04.689681883,T,94.55,600,94.96,200,TGT
2025-12-23,9:33:04.694102375,T,94.55,500,94.96,200,TGT
2025-12-23,9:33:08.348678887,T,94.55,500,94.69,100,TGT
2025-12-23,9:33:08.352788712,T,94.55,500,94.96,200,TGT
2025-12-23,9:33:08.619529206,T,94.55,500,95.02,100,TGT
2025-12-23,9:33:08.619534278,T,94.55,500,94.88,200,TGT
2025-12-23,9:33:11.105286116,T,94.57,100,94.88,200,TGT
2025-12-23,9:33:11.107376144,T,94.56,100,94.88,200,TGT
2025-12-23,9:33:11.107401117,T,94.55,600,94.88,200,TGT
2025-12-23,9:33:11.107406159,T,94.55,500,94.88,200,TGT
2025-12-23,9:33:14.096532354,T,94.55,500,94.76,100,TGT
2025-12-23,9:33:14.100581940,T,94.55,500,94.88,200,TGT
2025-12-23,9:33:14.271368784,T,94.55,600,94.88,200,TGT
2025-12-23,9:33:14.271383914,T,94.55,500,94.88,200,TGT
2025-12-23,9:33:21.106447436,T,94.56,100,94.88,200,TGT
2025-12-23,9:33:21.107224154,T,94.55,500,94.88,200,TGT
2025-12-23,9:33:39.494815085,T,94.55,600,94.88,200,TGT
2025-12-23,9:33:41.842768664,T,94.55,700,94.88,200,TGT
2025-12-23,9:33:42.796004629,T,94.58,100,94.88,200,TGT
2025-12-23,9:33:44.138838825,T,94.58,200,94.88,200,TGT
2025-12-23,9:33:44.566668122,T,94.58,100,94.88,200,TGT
2025-12-23,9:33:44.570928261,T,94.59,100,94.88,200,TGT
2025-12-23,9:33:44.570943431,T,94.58,100,94.88,200,TGT
2025-12-23,9:33:44.571213870,T,94.58,200,94.88,200,TGT
2025-12-23,9:33:44.584420348,T,94.58,100,94.88,200,TGT
2025-12-23,9:33:49.204536989,T,94.55,700,94.88,200,TGT
2025-12-23,9:33:49.240938739,T,94.55,4700,94.88,200,TGT
2025-12-23,9:33:49.552521198,T,94.55,700,94.88,200,TGT
2025-12-23,9:33:49.553182680,T,94.58,4000,94.88,200,TGT
2025-12-23,9:34:02.149260968,T,94.58,4100,94.88,200,TGT
2025-12-23,9:34:16.723516951,T,94.58,4000,94.88,200,TGT
2025-12-23,9:34:16.732418173,T,94.58,4000,94.7,100,TGT
2025-12-23,9:34:16.732433337,T,94.58,4000,94.88,300,TGT
2025-12-23,9:34:16.732443185,T,94.58,4000,94.78,100,TGT
2025-12-23,9:34:16.732703827,T,94.58,4000,94.7,100,TGT
2025-12-23,9:34:16.755603396,T,94.58,3600,94.7,100,TGT
2025-12-23,9:34:16.755964285,T,94.58,3400,94.7,100,TGT
2025-12-23,9:34:16.763457097,T,94.58,3200,94.7,100,TGT
2025-12-23,9:34:19.442549765,T,94.58,3300,94.7,100,TGT
2025-12-23,9:34:19.442830404,T,94.58,3300,94.88,200,TGT
2025-12-23,9:34:20.565299518,T,94.58,3300,94.75,100,TGT
2025-12-23,9:34:21.253889898,T,94.58,3200,94.75,100,TGT
2025-12-23,9:34:21.253950089,T,94.58,2600,94.75,100,TGT
2025-12-23,9:34:23.879074017,T,94.58,2600,94.75,200,TGT
2025-12-23,9:34:23.879144232,T,94.58,2600,94.75,300,TGT
2025-12-23,9:34:25.435156380,T,94.6,300,94.75,300,TGT
2025-12-23,9:34:25.435577342,T,94.6,300,94.75,200,TGT
2025-12-23,9:34:25.450242276,T,94.58,2700,94.75,200,TGT
2025-12-23,9:34:25.450242276,T,94.58,2600,94.75,200,TGT
2025-12-23,9:34:25.450262297,T,94.58,2600,94.62,100,TGT
2025-12-23,9:34:25.450422788,T,94.56,100,94.62,100,TGT
2025-12-23,9:34:25.450442723,T,94.56,100,94.61,100,TGT
2025-12-23,9:34:25.450448044,T,94.55,600,94.61,100,TGT
2025-12-23,9:34:25.450467846,T,94.55,600,94.6,100,TGT
2025-12-23,9:34:25.450748560,T,94.55,600,94.6,200,TGT
2025-12-23,9:34:25.451004137,T,94.55,100,94.6,200,TGT
2025-12-23,9:34:25.451004137,T,94.51,100,94.6,200,TGT
2025-12-23,9:34:25.451505281,T,94.51,100,94.6,100,TGT
2025-12-23,9:34:25.451811080,T,94.51,100,94.66,100,TGT
2025-12-23,9:34:25.451946379,T,94.55,200,94.66,100,TGT
2025-12-23,9:34:25.451966455,T,94.55,100,94.66,100,TGT
2025-12-23,9:34:25.451986458,T,94.51,100,94.66,100,TGT
2025-12-23,9:34:25.452006515,T,94.51,100,94.6,100,TGT
2025-12-23,9:34:25.452021897,T,94.51,100,94.66,100,TGT
2025-12-23,9:34:25.459504483,T,94.51,100,94.67,100,TGT
2025-12-23,9:34:25.459594570,T,94.51,100,94.68,100,TGT
2025-12-23,9:34:25.460130946,T,94.51,100,94.68,200,TGT
2025-12-23,9:34:25.460135913,T,94.51,100,94.67,100,TGT
2025-12-23,9:34:25.460135913,T,94.51,100,94.65,100,TGT
2025-12-23,9:34:25.467558534,T,94.51,100,94.68,200,TGT
2025-12-23,9:34:25.470244945,T,94.51,100,94.68,100,TGT
2025-12-23,9:34:25.508726604,T,94.51,100,94.65,100,TGT
2025-12-23,9:34:25.508726604,T,94.51,100,94.64,100,TGT
2025-12-23,9:34:25.508731688,T,94.51,100,94.63,100,TGT
2025-12-23,9:34:25.508731688,T,94.51,100,94.59,100,TGT
2025-12-23,9:34:25.508756706,T,94.51,100,94.63,100,TGT
2025-12-23,9:34:25.508771784,T,94.51,100,94.58,100,TGT
2025-12-23,9:34:25.508796782,T,94.51,100,94.63,100,TGT
2025-12-23,9:34:25.509017398,T,94.51,100,94.59,100,TGT
2025-12-23,9:34:25.521301681,T,94.5,200,94.59,100,TGT
2025-12-23,9:34:25.521306648,T,94.51,100,94.59,100,TGT
2025-12-23,9:34:25.522078466,T,94.51,100,94.64,100,TGT
2025-12-23,9:34:25.609025635,T,94.51,100,94.74,100,TGT
2025-12-23,9:34:25.650504565,T,94.51,100,94.75,200,TGT
2025-12-23,9:34:25.678185468,T,94.51,100,94.75,300,TGT
2025-12-23,9:34:25.700724144,T,94.51,100,94.75,200,TGT
2025-12-23,9:34:25.708758296,T,94.51,100,94.75,100,TGT
2025-12-23,9:34:25.752883449,T,94.51,200,94.75,100,TGT
2025-12-23,9:34:25.753835740,T,94.51,200,94.75,200,TGT
2025-12-23,9:34:25.753840753,T,94.51,100,94.75,200,TGT
2025-12-23,9:34:25.753850812,T,94.51,100,94.74,100,TGT
2025-12-23,9:34:25.753860824,T,94.51,100,94.74,200,TGT
2025-12-23,9:34:25.753865777,T,94.51,100,94.74,100,TGT
2025-12-23,9:34:25.753865777,T,94.51,100,94.75,200,TGT
2025-12-23,9:34:25.753870814,T,94.51,100,94.74,100,TGT
2025-12-23,9:34:25.754006473,T,94.51,100,94.72,100,TGT
2025-12-23,9:34:25.754006473,T,94.51,100,94.66,100,TGT
2025-12-23,9:34:25.754016144,T,94.51,100,94.74,100,TGT
2025-12-23,9:34:25.754271828,T,94.51,100,94.72,100,TGT
2025-12-23,9:34:25.754286908,T,94.51,100,94.66,100,TGT
2025-12-23,9:34:26.415612261,T,94.51,100,94.88,200,TGT
2025-12-23,9:34:26.468257874,T,94.51,100,94.63,100,TGT
2025-12-23,9:34:26.483539065,T,94.51,100,94.88,200,TGT
2025-12-23,9:34:28.849385215,T,94.51,100,94.6,5400,TGT
2025-12-23,9:34:30.304581802,T,94.51,100,94.6,5500,TGT
2025-12-23,9:34:30.304732255,T,94.51,100,94.6,5600,TGT
2025-12-23,9:34:35.352587826,T,94.52,100,94.6,5600,TGT
2025-12-23,9:34:38.639198057,T,94.52,100,94.6,200,TGT
2025-12-23,9:34:38.639198057,T,94.52,100,94.6,100,TGT
2025-12-23,9:34:38.639202874,T,94.52,100,94.88,300,TGT
2025-12-23,9:34:38.639202874,T,94.52,100,94.88,200,TGT
2025-12-23,9:34:38.639217935,T,94.57,200,94.88,200,TGT
2025-12-23,9:34:38.639222944,T,94.57,300,94.88,200,TGT
2025-12-23,9:34:38.639222944,T,94.57,400,94.88,200,TGT
2025-12-23,9:34:38.639238005,T,94.57,200,94.88,200,TGT
2025-12-23,9:34:38.639769232,T,94.57,100,94.88,200,TGT
2025-12-23,9:34:38.640420765,T,94.57,200,94.88,200,TGT
2025-12-23,9:34:38.640440829,T,94.56,100,94.88,200,TGT
2025-12-23,9:34:38.640450764,T,94.51,200,94.88,200,TGT
2025-12-23,9:34:38.640606379,T,94.59,100,94.88,200,TGT
2025-12-23,9:34:38.640616195,T,94.59,100,94.79,100,TGT
2025-12-23,9:34:38.640621262,T,94.59,100,94.79,300,TGT
2025-12-23,9:34:38.640681337,T,94.59,100,94.79,600,TGT
2025-12-23,9:34:38.640841716,T,94.59,100,94.79,700,TGT
2025-12-23,9:34:38.640916967,T,94.59,200,94.79,700,TGT
2025-12-23,9:34:38.640916967,T,94.51,200,94.79,700,TGT
2025-12-23,9:34:38.641523328,T,94.51,200,94.79,900,TGT
2025-12-23,9:34:38.651627465,T,94.51,200,94.79,1000,TGT
2025-12-23,9:34:38.651637446,T,94.51,200,94.79,1100,TGT
2025-12-23,9:34:38.764165588,T,94.51,200,94.79,1000,TGT
2025-12-23,9:34:38.764962457,T,94.59,100,94.79,1000,TGT
2025-12-23,9:34:40.255653747,T,94.6,100,94.79,1000,TGT
2025-12-23,9:34:40.951381241,T,94.6,200,94.79,1000,TGT
2025-12-23,9:34:40.952569018,T,94.6,200,94.79,900,TGT
2025-12-23,9:34:41.572591103,T,94.6,100,94.79,900,TGT
2025-12-23,9:34:42.541679882,T,94.64,100,94.79,900,TGT
2025-12-23,9:34:42.542486798,T,94.64,200,94.79,900,TGT
2025-12-23,9:34:42.553944154,T,94.64,200,94.79,700,TGT
2025-12-23,9:34:44.064096804,T,94.64,100,94.79,700,TGT
2025-12-23,9:34:44.074732202,T,94.64,200,94.79,700,TGT
2025-12-23,9:34:44.840436409,T,94.64,300,94.79,700,TGT
2025-12-23,9:34:44.863731980,T,94.64,200,94.79,700,TGT
2025-12-23,9:34:45.710835117,T,94.67,100,94.79,700,TGT
2025-12-23,9:34:47.193211691,T,94.67,200,94.79,700,TGT
2025-12-23,9:34:48.636875978,T,94.67,100,94.79,700,TGT
2025-12-23,9:34:50.497062770,T,94.69,100,94.79,700,TGT
2025-12-23,9:34:50.497814502,T,94.69,200,94.79,700,TGT
2025-12-23,9:34:51.228715791,T,94.69,200,94.79,500,TGT
2025-12-23,9:34:51.228715791,T,94.69,200,94.79,400,TGT
2025-12-23,9:34:51.228725785,T,94.69,200,94.79,100,TGT
2025-12-23,9:34:51.228725785,T,94.69,200,94.88,200,TGT
2025-12-23,9:34:51.228750832,T,94.69,200,94.77,700,TGT
2025-12-23,9:34:56.482116479,T,94.69,100,94.77,700,TGT
2025-12-23,9:34:56.482116479,T,94.64,100,94.77,700,TGT
2025-12-23,9:34:56.482116479,T,94.62,100,94.77,700,TGT
2025-12-23,9:34:56.482121119,T,94.6,100,94.77,700,TGT
2025-12-23,9:34:56.482131188,T,94.6,100,94.7,200,TGT
2025-12-23,9:34:56.482161309,T,94.6,100,94.7,900,TGT
2025-12-23,9:34:56.482537183,T,94.6,100,94.69,700,TGT
2025-12-23,9:34:56.484095903,T,94.6,100,94.69,800,TGT
2025-12-23,9:34:56.490115214,T,94.53,200,94.69,800,TGT
2025-12-23,9:34:56.490415878,T,94.51,100,94.69,800,TGT
2025-12-23,9:34:56.508263450,T,94.52,100,94.69,800,TGT
2025-12-23,9:34:56.509295940,T,94.52,100,94.69,700,TGT
2025-12-23,9:34:56.571108114,T,94.52,200,94.69,700,TGT
2025-12-23,9:34:57.183863020,T,94.52,100,94.69,700,TGT
2025-12-23,9:34:57.292131079,T,94.51,100,94.69,700,TGT
2025-12-23,9:34:58.238811413,T,94.54,100,94.69,700,TGT
2025-12-23,9:34:58.239663355,T,94.54,200,94.69,700,TGT
2025-12-23,9:34:58.512378116,T,94.54,300,94.69,700,TGT
2025-12-23,9:34:58.518071622,T,94.54,200,94.69,700,TGT
2025-12-23,9:34:58.518457617,T,94.55,100,94.69,700,TGT
2025-12-23,9:34:58.518462564,T,94.55,100,94.69,600,TGT
2025-12-23,9:34:58.518467635,T,94.55,100,94.69,500,TGT
2025-12-23,9:34:58.518467635,T,94.55,100,94.69,400,TGT
2025-12-23,9:34:58.518487689,T,94.62,100,94.69,400,TGT
2025-12-23,9:34:58.518502650,T,94.62,100,94.69,200,TGT
2025-12-23,9:34:58.518527707,T,94.62,100,94.88,200,TGT
2025-12-23,9:34:58.518547759,T,94.68,200,94.88,200,TGT
2025-12-23,9:34:58.518568221,T,94.65,200,94.88,200,TGT
2025-12-23,9:34:58.518568221,T,94.65,100,94.88,200,TGT
2025-12-23,9:34:58.518598021,T,94.65,100,94.79,100,TGT
2025-12-23,9:34:58.518988876,T,94.65,100,94.79,200,TGT
2025-12-23,9:34:58.519008822,T,94.65,100,94.73,200,TGT
2025-12-23,9:34:58.519104053,T,94.57,100,94.73,200,TGT
2025-12-23,9:34:58.519145203,T,94.57,100,94.72,100,TGT
2025-12-23,9:34:58.519145203,T,94.57,100,94.68,100,TGT
2025-12-23,9:34:58.519169211,T,94.57,100,94.72,100,TGT
2025-12-23,9:34:58.519229525,T,94.64,100,94.72,100,TGT
2025-12-23,9:34:58.520061376,T,94.57,100,94.72,100,TGT
2025-12-23,9:34:58.520176607,T,94.57,100,94.79,200,TGT
2025-12-23,9:34:58.520216770,T,94.56,100,94.79,200,TGT
2025-12-23,9:34:58.520236803,T,94.56,100,94.67,100,TGT
2025-12-23,9:34:58.520271903,T,94.57,100,94.67,100,TGT
2025-12-23,9:34:58.520487349,T,94.56,100,94.67,100,TGT
2025-12-23,9:34:58.520512442,T,94.57,100,94.67,100,TGT
2025-12-23,9:34:58.520722994,T,94.56,100,94.67,100,TGT
2025-12-23,9:34:58.520893403,T,94.57,100,94.67,100,TGT
2025-12-23,9:34:58.521048985,T,94.56,100,94.67,100,TGT
2025-12-23,9:34:58.521073746,T,94.56,200,94.67,100,TGT
2025-12-23,9:34:58.521093843,T,94.56,100,94.67,100,TGT
2025-12-23,9:34:58.521098845,T,94.58,100,94.67,100,TGT
2025-12-23,9:34:58.521098845,T,94.61,100,94.67,100,TGT
2025-12-23,9:34:58.521118924,T,94.58,100,94.67,100,TGT
2025-12-23,9:34:58.521153953,T,94.61,100,94.67,100,TGT
2025-12-23,9:34:58.521168994,T,94.58,100,94.67,100,TGT
2025-12-23,9:34:58.521289284,T,94.58,100,94.79,200,TGT
2025-12-23,9:34:58.521419597,T,94.61,100,94.79,200,TGT
2025-12-23,9:34:58.521454737,T,94.58,100,94.79,200,TGT
2025-12-23,9:34:58.521464758,T,94.61,100,94.79,200,TGT
2025-12-23,9:34:58.521504787,T,94.58,100,94.79,200,TGT
2025-12-23,9:34:58.521715313,T,94.61,100,94.79,200,TGT
2025-12-23,9:34:58.521725341,T,94.58,100,94.79,200,TGT
2025-12-23,9:34:58.521980903,T,94.6,100,94.79,200,TGT
2025-12-23,9:34:58.522056176,T,94.58,100,94.79,200,TGT
2025-12-23,9:34:58.522081189,T,94.58,200,94.79,200,TGT
2025-12-23,9:34:58.522146321,T,94.58,100,94.79,200,TGT
2025-12-23,9:34:58.522171357,T,94.6,100,94.79,200,TGT
2025-12-23,9:34:58.522211451,T,94.58,100,94.79,200,TGT
2025-12-23,9:34:58.522241636,T,94.58,200,94.79,200,TGT
2025-12-23,9:34:58.522261603,T,94.58,100,94.79,200,TGT
2025-12-23,9:34:58.522291755,T,94.6,100,94.79,200,TGT
2025-12-23,9:34:58.522326740,T,94.58,100,94.79,200,TGT
2025-12-23,9:34:58.522351815,T,94.58,200,94.79,200,TGT
2025-12-23,9:34:58.522462114,T,94.58,100,94.79,200,TGT
2025-12-23,9:34:58.522517249,T,94.59,100,94.79,200,TGT
2025-12-23,9:34:58.522542352,T,94.58,100,94.79,200,TGT
2025-12-23,9:34:58.522567339,T,94.58,200,94.79,200,TGT
2025-12-23,9:34:58.522807958,T,94.58,100,94.79,200,TGT
2025-12-23,9:34:58.522838146,T,94.59,100,94.79,200,TGT
2025-12-23,9:34:58.522878140,T,94.58,100,94.79,200,TGT
2025-12-23,9:34:58.522908525,T,94.58,200,94.79,200,TGT
2025-12-23,9:34:58.522978355,T,94.58,100,94.79,200,TGT
2025-12-23,9:34:58.523028432,T,94.59,100,94.79,200,TGT
2025-12-23,9:34:58.523048450,T,94.58,100,94.79,200,TGT
2025-12-23,9:34:58.523073518,T,94.59,100,94.79,200,TGT
2025-12-23,9:34:58.523098610,T,94.58,100,94.79,200,TGT
2025-12-23,9:34:58.523138689,T,94.58,200,94.79,200,TGT
2025-12-23,9:34:58.523184133,T,94.59,100,94.79,200,TGT
2025-12-23,9:34:58.523213848,T,94.58,100,94.79,200,TGT
2025-12-23,9:34:58.523248921,T,94.58,200,94.79,200,TGT
2025-12-23,9:34:58.523394344,T,94.58,100,94.79,200,TGT
2025-12-23,9:34:58.523439505,T,94.58,200,94.79,200,TGT
2025-12-23,9:34:58.523474542,T,94.58,100,94.79,200,TGT
2025-12-23,9:34:58.523494565,T,94.58,200,94.79,200,TGT
2025-12-23,9:34:58.523640074,T,94.58,100,94.79,200,TGT
2025-12-23,9:34:58.523705066,T,94.58,200,94.79,200,TGT
2025-12-23,9:34:58.523745152,T,94.58,100,94.79,200,TGT
2025-12-23,9:34:58.523765229,T,94.58,200,94.79,200,TGT
2025-12-23,9:34:58.523870440,T,94.58,100,94.79,200,TGT
2025-12-23,9:34:58.523895527,T,94.58,200,94.79,200,TGT
2025-12-23,9:34:58.523930604,T,94.58,100,94.79,200,TGT
2025-12-23,9:34:58.523955689,T,94.58,200,94.79,200,TGT
2025-12-23,9:34:58.523975675,T,94.58,100,94.79,200,TGT
2025-12-23,9:34:58.524000799,T,94.58,200,94.79,200,TGT
2025-12-23,9:34:58.524030823,T,94.58,100,94.79,200,TGT
2025-12-23,9:34:58.524060879,T,94.58,200,94.79,200,TGT
2025-12-23,9:34:58.529052847,T,94.58,200,94.79,100,TGT
2025-12-23,9:34:58.529062831,T,94.58,200,94.88,200,TGT
2025-12-23,9:34:58.721300744,T,94.58,100,94.88,200,TGT
2025-12-23,9:34:58.855620747,T,94.56,100,94.88,200,TGT
2025-12-23,9:34:58.855650835,T,94.54,200,94.88,200,TGT
2025-12-23,9:34:58.858958638,T,94.54,100,94.88,200,TGT
2025-12-23,9:34:59.697135474,T,94.56,100,94.88,200,TGT
2025-12-23,9:35:00.018240518,T,94.55,100,94.88,200,TGT
2025-12-23,9:35:00.018731652,T,94.54,100,94.88,200,TGT
2025-12-23,9:35:00.026615402,T,94.54,200,94.88,200,TGT
2025-12-23,9:35:00.398055291,T,94.57,100,94.88,200,TGT
2025-12-23,9:35:01.870924309,T,94.56,100,94.88,200,TGT
2025-12-23,9:35:01.871726271,T,94.57,100,94.88,200,TGT
2025-12-23,9:35:02.760493608,T,94.57,100,94.8,100,TGT
2025-12-23,9:35:02.760568655,T,94.57,100,94.8,200,TGT
2025-12-23,9:35:02.918971095,T,94.59,100,94.8,200,TGT
2025-12-23,9:35:04.004552704,T,94.57,100,94.8,200,TGT
2025-12-23,9:35:04.005359191,T,94.57,100,94.8,400,TGT
2025-12-23,9:35:04.846768774,T,94.61,100,94.8,400,TGT
2025-12-23,9:35:06.202784279,T,94.57,100,94.8,400,TGT
2025-12-23,9:35:06.251009239,T,94.57,100,94.7,100,TGT
2025-12-23,9:35:06.251796082,T,94.54,100,94.7,100,TGT
2025-12-23,9:35:06.256712787,T,94.54,100,94.8,300,TGT
2025-12-23,9:35:06.256717895,T,94.57,100,94.8,300,TGT
2025-12-23,9:35:06.269773948,T,94.57,100,94.8,100,TGT
2025-12-23,9:35:06.495692089,T,94.54,100,94.8,100,TGT
2025-12-23,9:35:06.496599314,T,94.54,100,94.8,200,TGT
2025-12-23,9:35:07.813391334,T,94.51,200,94.8,200,TGT
2025-12-23,9:35:07.813416319,T,94.51,100,94.8,200,TGT
2025-12-23,9:35:07.830557191,T,94.51,100,94.8,100,TGT
2025-12-23,9:35:08.053839116,T,94.58,100,94.8,100,TGT
2025-12-23,9:35:14.349497732,T,94.58,100,94.88,200,TGT
2025-12-23,9:35:20.212906347,T,94.58,100,94.79,200,TGT
2025-12-23,9:35:20.212941414,T,94.58,100,94.79,300,TGT
2025-12-23,9:35:20.213171994,T,94.58,100,94.79,400,TGT
2025-12-23,9:35:21.554948633,T,94.58,100,94.79,300,TGT
2025-12-23,9:35:21.554963700,T,94.58,100,94.78,200,TGT
2025-12-23,9:35:21.555214261,T,94.58,100,94.78,300,TGT
2025-12-23,9:35:21.555459822,T,94.58,100,94.78,400,TGT
2025-12-23,9:35:21.634929267,T,94.51,100,94.78,400,TGT
2025-12-23,9:35:21.634929267,T,94.51,100,94.77,100,TGT
2025-12-23,9:35:21.634929267,T,94.51,100,94.67,100,TGT
2025-12-23,9:35:21.634944211,T,94.51,100,94.68,100,TGT
2025-12-23,9:35:21.634949168,T,94.51,100,94.63,100,TGT
2025-12-23,9:35:21.635340188,T,94.51,100,94.63,200,TGT
2025-12-23,9:35:21.635505487,T,94.51,100,94.63,100,TGT
2025-12-23,9:35:21.636793616,T,94.51,100,94.64,200,TGT
2025-12-23,9:35:21.636823647,T,94.51,100,94.64,100,TGT
2025-12-23,9:35:21.637359988,T,94.51,100,94.64,200,TGT
2025-12-23,9:35:21.639189294,T,94.52,100,94.64,200,TGT
2025-12-23,9:35:21.735343428,T,94.52,100,94.64,100,TGT
2025-12-23,9:35:21.803200054,T,94.52,100,94.69,100,TGT
2025-12-23,9:35:21.804152281,T,94.52,100,94.69,200,TGT
2025-12-23,9:35:21.809054045,T,94.51,100,94.69,200,TGT
2025-12-23,9:35:21.809054045,T,94.51,100,94.67,100,TGT
2025-12-23,9:35:21.809059024,T,94.51,100,94.65,100,TGT
2025-12-23,9:35:21.809069404,T,94.51,100,94.62,100,TGT
2025-12-23,9:35:21.809074020,T,94.51,100,94.58,100,TGT
2025-12-23,9:35:21.809079037,T,94.51,100,94.58,200,TGT
2025-12-23,9:35:21.809084007,T,94.51,100,94.58,300,TGT
2025-12-23,9:35:21.809104162,T,94.51,100,94.58,100,TGT
2025-12-23,9:35:21.809429885,T,94.5,300,94.58,100,TGT
2025-12-23,9:35:21.809434952,T,94.5,300,94.58,200,TGT
2025-12-23,9:35:21.809439863,T,94.51,100,94.58,200,TGT
2025-12-23,9:35:21.809459967,T,94.5,300,94.58,200,TGT
2025-12-23,9:35:21.809484965,T,94.5,300,94.54,100,TGT
2025-12-23,9:35:21.810026285,T,94.5,200,94.54,100,TGT
2025-12-23,9:35:21.810031546,T,94.5,100,94.54,100,TGT
2025-12-23,9:35:21.810036605,T,94.46,200,94.54,100,TGT
2025-12-23,9:35:21.810036605,T,94.46,100,94.54,100,TGT
2025-12-23,9:35:21.810036605,T,94.46,100,94.54,200,TGT
2025-12-23,9:35:21.810051379,T,94.46,100,94.51,100,TGT
2025-12-23,9:35:21.811138968,T,94.37,200,94.51,100,TGT
2025-12-23,9:35:21.811158973,T,94.37,200,94.48,100,TGT
2025-12-23,9:35:21.811439648,T,94.37,200,94.58,100,TGT
2025-12-23,9:35:21.811495021,T,94.21,100,94.58,100,TGT
2025-12-23,9:35:21.811499820,T,94.3,200,94.58,100,TGT
2025-12-23,9:35:21.811529926,T,94.3,200,94.51,100,TGT
2025-12-23,9:35:21.811529926,T,94.3,200,94.49,100,TGT
2025-12-23,9:35:21.811554942,T,94.3,200,94.51,100,TGT
2025-12-23,9:35:21.811785491,T,94.3,200,94.48,100,TGT
2025-12-23,9:35:21.820130353,T,94.3,200,94.47,100,TGT
2025-12-23,9:35:21.824801449,T,94.3,200,94.46,100,TGT
2025-12-23,9:35:21.835065999,T,94.3,200,94.58,100,TGT
2025-12-23,9:35:21.909804426,T,94.3,200,94.63,200,TGT
2025-12-23,9:35:21.909809005,T,94.3,200,94.63,100,TGT
2025-12-23,9:35:22.009386226,T,94.3,200,94.72,100,TGT
2025-12-23,9:35:22.009416298,T,94.3,200,94.76,100,TGT
2025-12-23,9:35:23.144580723,T,94.3,200,94.76,200,TGT
2025-12-23,9:35:23.144595711,T,94.37,200,94.76,200,TGT
2025-12-23,9:35:23.148129119,T,94.37,200,94.76,100,TGT
2025-12-23,9:35:23.148164285,T,94.37,200,94.76,200,TGT
2025-12-23,9:35:23.154609597,T,94.3,200,94.76,200,TGT
2025-12-23,9:35:23.495050666,T,94.4,100,94.76,200,TGT
2025-12-23,9:35:23.707366459,T,94.4,100,94.76,100,TGT
2025-12-23,9:35:24.639156289,T,94.4,100,94.49,100,TGT
2025-12-23,9:35:24.646639069,T,94.4,100,94.55,100,TGT
2025-12-23,9:35:24.659504787,T,94.4,100,94.68,100,TGT
2025-12-23,9:35:24.659534737,T,94.4,100,94.7,100,TGT
2025-12-23,9:35:24.659539737,T,94.4,100,94.68,100,TGT
2025-12-23,9:35:24.674189655,T,94.4,100,94.7,200,TGT
2025-12-23,9:35:24.674239770,T,94.4,100,94.7,100,TGT
2025-12-23,9:35:24.773300837,T,94.3,200,94.7,100,TGT
2025-12-23,9:35:24.773320830,T,94.3,200,94.48,100,TGT
2025-12-23,9:35:24.773325964,T,94.3,200,94.48,200,TGT
2025-12-23,9:35:24.773330901,T,94.3,200,94.47,100,TGT
2025-12-23,9:35:24.780362633,T,94.3,200,94.48,100,TGT
2025-12-23,9:35:24.780382707,T,94.3,200,94.54,200,TGT
2025-12-23,9:35:24.780833703,T,94.3,200,94.54,100,TGT
2025-12-23,9:35:24.784001463,T,94.3,200,94.72,100,TGT
2025-12-23,9:35:24.784036308,T,94.3,200,94.72,200,TGT
2025-12-23,9:35:24.784271959,T,94.3,200,94.72,300,TGT
2025-12-23,9:35:25.149647403,T,94.3,200,94.72,200,TGT
2025-12-23,9:35:25.149687520,T,94.3,200,94.72,300,TGT
2025-12-23,9:35:25.149717658,T,94.3,200,94.72,200,TGT
2025-12-23,9:35:25.904425695,T,94.37,100,94.72,200,TGT
2025-12-23,9:35:25.904696292,T,94.37,100,94.72,300,TGT
2025-12-23,9:35:26.153438961,T,94.3,200,94.72,300,TGT
2025-12-23,9:35:26.153453925,T,94.3,200,94.44,100,TGT
2025-12-23,9:35:26.153458948,T,94.3,200,94.44,200,TGT
2025-12-23,9:35:26.153463969,T,94.3,200,94.44,300,TGT
2025-12-23,9:35:26.153484054,T,94.3,200,94.44,100,TGT
2025-12-23,9:35:26.153754639,T,94.3,200,94.44,200,TGT
2025-12-23,9:35:26.153914996,T,94.3,200,94.43,100,TGT
2025-12-23,9:35:26.154065584,T,94.02,100,94.43,100,TGT
2025-12-23,9:35:26.154070452,T,94.22,200,94.43,100,TGT
2025-12-23,9:35:26.154371095,T,94.22,200,94.44,200,TGT
2025-12-23,9:35:26.154601678,T,94.22,200,94.44,300,TGT
2025-12-23,9:35:26.154787183,T,94.22,200,94.44,200,TGT
2025-12-23,9:35:26.155178045,T,94.22,200,94.44,300,TGT
2025-12-23,9:35:26.173702155,T,94.22,200,94.44,200,TGT
2025-12-23,9:35:26.254098705,T,94.22,200,94.44,100,TGT
2025-12-23,9:35:26.276697616,T,94.22,200,94.49,100,TGT
2025-12-23,9:35:26.277474394,T,94.22,200,94.49,200,TGT
2025-12-23,9:35:26.353495500,T,94.22,200,94.49,100,TGT
2025-12-23,9:35:26.455774164,T,94.22,200,94.64,100,TGT
2025-12-23,9:35:26.455804231,T,94.22,200,94.64,200,TGT
2025-12-23,9:35:26.456039855,T,94.22,200,94.64,300,TGT
2025-12-23,9:35:26.571324438,T,94.22,200,94.64,200,TGT
2025-12-23,9:35:26.571374604,T,94.22,200,94.64,100,TGT
2025-12-23,9:35:26.571389633,T,94.22,200,94.64,200,TGT
2025-12-23,9:35:26.851040741,T,94.22,200,94.64,300,TGT
2025-12-23,9:35:26.851060835,T,94.22,200,94.64,200,TGT
2025-12-23,9:35:26.851251254,T,94.22,200,94.64,300,TGT
2025-12-23,9:35:26.964009910,T,94.22,200,94.64,200,TGT
2025-12-23,9:35:27.169644770,T,94.22,200,94.64,300,TGT
2025-12-23,9:35:27.404654599,T,94.22,200,94.63,100,TGT
2025-12-23,9:35:27.404679668,T,94.22,200,94.62,100,TGT
2025-12-23,9:35:27.610610344,T,94.22,200,94.62,200,TGT
2025-12-23,9:35:27.610675697,T,94.22,200,94.62,300,TGT
2025-12-23,9:35:27.996083628,T,94.35,100,94.62,300,TGT
2025-12-23,9:35:28.244094414,T,94.35,100,94.56,100,TGT
2025-12-23,9:35:28.244450263,T,94.35,100,94.56,200,TGT
2025-12-23,9:35:28.321970002,T,94.35,100,94.56,100,TGT
2025-12-23,9:35:28.321994981,T,94.35,100,94.62,100,TGT
2025-12-23,9:35:28.402607089,T,94.35,100,94.56,100,TGT
2025-12-23,9:35:29.310825745,T,94.35,100,94.62,100,TGT
2025-12-23,9:35:29.318884913,T,94.35,100,94.56,100,TGT
2025-12-23,9:35:29.533716758,T,94.35,100,94.49,100,TGT
2025-12-23,9:35:29.533721790,T,94.35,100,94.45,100,TGT
2025-12-23,9:35:29.533882077,T,94.35,100,94.44,100,TGT
2025-12-23,9:35:29.533942271,T,94.22,200,94.44,100,TGT
2025-12-23,9:35:29.533982342,T,94.22,200,94.43,100,TGT
2025-12-23,9:35:29.533982342,T,94.22,200,94.4,100,TGT
2025-12-23,9:35:29.533997506,T,94.22,200,94.43,100,TGT
2025-12-23,9:35:29.734114197,T,94.22,200,94.44,100,TGT
2025-12-23,9:35:31.288211648,T,94.22,200,94.56,100,TGT
2025-12-23,9:35:31.824173466,T,94.22,200,94.5,100,TGT
2025-12-23,9:35:33.068532981,T,94.22,200,94.38,100,TGT
2025-12-23,9:35:33.068538257,T,94.22,200,94.34,100,TGT
2025-12-23,9:35:33.068567902,T,94.22,200,94.37,100,TGT
2025-12-23,9:35:33.068598048,T,94.22,200,94.37,200,TGT
2025-12-23,9:35:33.069019068,T,94.02,100,94.37,200,TGT
2025-12-23,9:35:33.069024330,T,94.14,200,94.37,200,TGT
2025-12-23,9:35:33.086931679,T,94.14,200,94.37,100,TGT
2025-12-23,9:35:33.241630333,T,94.14,200,94.38,100,TGT
2025-12-23,9:35:33.241630333,T,94.14,200,94.51,100,TGT
2025-12-23,9:35:33.241650261,T,94.14,200,94.56,100,TGT
2025-12-23,9:35:33.241655573,T,94.29,100,94.56,100,TGT
2025-12-23,9:35:33.241660345,T,94.29,200,94.56,100,TGT
2025-12-23,9:35:33.241660345,T,94.3,100,94.56,100,TGT
2025-12-23,9:35:33.241675315,T,94.3,200,94.56,100,TGT
2025-12-23,9:35:33.241680416,T,94.3,300,94.56,100,TGT
2025-12-23,9:35:33.241710437,T,94.3,300,94.59,100,TGT
2025-12-23,9:35:33.242231639,T,94.3,300,94.6,100,TGT
2025-12-23,9:35:33.242261803,T,94.3,300,94.61,100,TGT
2025-12-23,9:35:33.246677290,T,94.3,200,94.61,100,TGT
2025-12-23,9:35:33.248687031,T,94.3,100,94.61,100,TGT
2025-12-23,9:35:33.281660674,T,94.3,100,94.62,100,TGT
2025-12-23,9:35:33.341688606,T,94.28,100,94.62,100,TGT
2025-12-23,9:35:33.343568071,T,94.28,100,94.56,100,TGT
2025-12-23,9:35:33.760195758,T,94.31,100,94.56,100,TGT
2025-12-23,9:35:34.017057690,T,94.31,100,94.59,100,TGT
2025-12-23,9:35:34.029873163,T,94.31,100,94.6,100,TGT
2025-12-23,9:35:34.412048749,T,94.31,100,94.6,200,TGT
2025-12-23,9:35:37.602624855,T,94.31,100,94.6,100,TGT
2025-12-23,9:35:37.621544922,T,94.32,100,94.6,100,TGT
2025-12-23,9:35:37.637086955,T,94.32,100,94.6,200,TGT
2025-12-23,9:35:37.850610599,T,94.28,100,94.6,200,TGT
2025-12-23,9:35:38.210337623,T,94.28,100,94.6,100,TGT
2025-12-23,9:35:38.421756232,T,94.28,100,94.6,200,TGT
2025-12-23,9:35:39.199193382,T,94.28,100,94.6,100,TGT
2025-12-23,9:35:39.593693226,T,94.33,100,94.6,100,TGT
2025-12-23,9:35:39.655570670,T,94.33,100,94.6,200,TGT
2025-12-23,9:35:39.956262017,T,94.33,100,94.6,100,TGT
2025-12-23,9:35:39.956292095,T,94.33,100,94.62,100,TGT
2025-12-23,9:35:40.188054271,T,94.33,100,94.63,200,TGT
2025-12-23,9:35:40.360640348,T,94.33,100,94.62,100,TGT
2025-12-23,9:35:41.176905033,T,94.33,100,94.63,200,TGT
2025-12-23,9:35:41.286561308,T,94.33,100,94.62,100,TGT
2025-12-23,9:35:42.024699783,T,94.28,100,94.62,100,TGT
2025-12-23,9:35:42.165755866,T,94.28,100,94.63,200,TGT
2025-12-23,9:35:42.379229406,T,94.28,100,94.62,100,TGT
2025-12-23,9:35:43.154611768,T,94.28,100,94.63,200,TGT
2025-12-23,9:35:43.327288064,T,94.28,100,94.62,100,TGT
2025-12-23,9:35:44.143467496,T,94.28,100,94.63,200,TGT
2025-12-23,9:35:44.165865874,T,94.35,100,94.63,200,TGT
2025-12-23,9:35:44.386787178,T,94.35,100,94.62,100,TGT
2025-12-23,9:35:45.132328242,T,94.35,100,94.63,200,TGT
2025-12-23,9:35:45.696126464,T,94.35,100,94.62,100,TGT
2025-12-23,9:35:46.121174011,T,94.35,100,94.63,200,TGT
2025-12-23,9:35:46.368829069,T,94.35,100,94.62,100,TGT
2025-12-23,9:35:46.405561532,T,94.28,100,94.62,100,TGT
2025-12-23,9:35:47.110029912,T,94.28,100,94.63,200,TGT
2025-12-23,9:35:47.391645798,T,94.37,100,94.63,200,TGT
2025-12-23,9:35:47.454340168,T,94.37,100,94.62,100,TGT
2025-12-23,9:35:47.745453716,T,94.37,100,94.6,100,TGT
2025-12-23,9:35:47.745734380,T,94.37,100,94.58,100,TGT
2025-12-23,9:35:47.745734380,T,94.37,100,94.56,100,TGT
2025-12-23,9:35:47.745774469,T,94.37,100,94.55,100,TGT
2025-12-23,9:35:47.950281570,T,94.37,100,94.5,100,TGT
2025-12-23,9:35:47.984452980,T,94.37,100,94.55,100,TGT
2025-12-23,9:35:49.087586208,T,94.37,100,94.6,100,TGT
2025-12-23,9:35:50.921229602,T,94.37,100,94.5,100,TGT
2025-12-23,9:35:50.935323185,T,94.37,100,94.59,100,TGT
2025-12-23,9:35:51.841506934,T,94.37,100,94.61,100,TGT
2025-12-23,9:35:51.841526985,T,94.37,100,94.63,300,TGT
2025-12-23,9:35:51.841652311,T,94.37,100,94.61,100,TGT
2025-12-23,9:35:51.841687391,T,94.37,100,94.59,100,TGT
2025-12-23,9:35:51.891701547,T,94.28,100,94.59,100,TGT
2025-12-23,9:35:52.037022806,T,94.28,200,94.59,100,TGT
2025-12-23,9:35:52.054479358,T,94.28,200,94.61,100,TGT
2025-12-23,9:35:52.343177116,T,94.28,200,94.59,100,TGT
2025-12-23,9:35:53.043330173,T,94.28,200,94.61,100,TGT
2025-12-23,9:35:53.260232125,T,94.28,200,94.59,100,TGT
2025-12-23,9:35:53.355659319,T,94.28,200,94.61,100,TGT
2025-12-23,9:35:53.355689375,T,94.28,200,94.63,300,TGT
2025-12-23,9:35:53.619568062,T,94.28,200,94.61,100,TGT
2025-12-23,9:35:53.985294322,T,94.28,200,94.59,100,TGT
2025-12-23,9:35:54.159749997,T,94.4,100,94.59,100,TGT
2025-12-23,9:35:54.235269833,T,94.4,100,94.61,100,TGT
2025-12-23,9:35:54.235269833,T,94.4,100,94.59,100,TGT
2025-12-23,9:35:54.235279901,T,94.4,100,94.54,100,TGT
2025-12-23,9:35:55.020711155,T,94.4,100,94.61,100,TGT
2025-12-23,9:35:55.224732065,T,94.4,100,94.59,100,TGT
2025-12-23,9:35:55.283597301,T,94.4,100,94.51,100,TGT
2025-12-23,9:35:55.283622427,T,94.4,100,94.59,100,TGT
2025-12-23,9:35:55.283642468,T,94.4,100,94.51,100,TGT
2025-12-23,9:35:55.283712578,T,94.28,100,94.51,100,TGT
2025-12-23,9:35:55.283737637,T,94.28,100,94.46,100,TGT
2025-12-23,9:35:55.283752712,T,94.28,100,94.45,100,TGT
2025-12-23,9:35:55.283767766,T,94.28,100,94.43,100,TGT
2025-12-23,9:35:55.330544168,T,94.28,100,94.45,100,TGT
2025-12-23,9:35:55.575417555,T,94.28,100,94.43,100,TGT
2025-12-23,9:35:55.575417555,T,94.28,100,94.45,100,TGT
2025-12-23,9:35:56.217371912,T,94.34,100,94.45,100,TGT
2025-12-23,9:35:59.965020104,T,94.34,100,94.56,100,TGT
2025-12-23,9:36:00.611986358,T,94.34,100,94.43,100,TGT
2025-12-23,9:36:00.612006499,T,94.34,100,94.56,100,TGT
2025-12-23,9:36:00.612021463,T,94.34,100,94.43,100,TGT
2025-12-23,9:36:00.616577362,T,94.35,100,94.43,100,TGT
2025-12-23,9:36:00.616612411,T,94.34,100,94.43,100,TGT
2025-12-23,9:36:00.616637432,T,94.34,100,94.38,100,TGT
2025-12-23,9:36:00.640554594,T,94.2,200,94.38,100,TGT
2025-12-23,9:36:00.775360591,T,94.2,200,94.43,100,TGT
2025-12-23,9:36:00.953865923,T,94.2,200,94.52,100,TGT
2025-12-23,9:36:02.854879792,T,94.24,100,94.52,100,TGT
2025-12-23,9:36:02.931873177,T,94.24,100,94.59,100,TGT
2025-12-23,9:36:03.141241966,T,94.24,100,94.56,200,TGT
2025-12-23,9:36:03.256240978,T,94.24,100,94.37,100,TGT
2025-12-23,9:36:08.516442908,T,94.24,200,94.37,100,TGT
2025-12-23,9:36:09.676651795,T,94.24,100,94.37,100,TGT
2025-12-23,9:36:10.388748090,T,94.26,100,94.37,100,TGT
2025-12-23,9:36:11.773577279,T,94.27,100,94.37,100,TGT
2025-12-23,9:36:12.284118606,T,94.27,200,94.37,100,TGT
2025-12-23,9:36:12.592763866,T,94.27,200,94.56,300,TGT
2025-12-23,9:36:12.592788915,T,94.27,200,94.34,100,TGT
2025-12-23,9:36:13.414652111,T,94.27,100,94.34,100,TGT
2025-12-23,9:36:13.414652111,T,94.13,200,94.34,100,TGT
2025-12-23,9:36:13.414672118,T,94.13,200,94.31,100,TGT
2025-12-23,9:36:13.414676978,T,94.13,200,94.28,100,TGT
2025-12-23,9:36:13.414702021,T,94.13,200,94.27,100,TGT
2025-12-23,9:36:13.415168157,T,94.13,200,94.28,100,TGT
2025-12-23,9:36:13.415749572,T,94.13,200,94.56,200,TGT
2025-12-23,9:36:13.415899895,T,94.22,100,94.56,200,TGT
2025-12-23,9:36:13.415940042,T,94.22,200,94.56,200,TGT
2025-12-23,9:36:13.415975101,T,94.22,100,94.56,200,TGT
2025-12-23,9:36:13.417007540,T,94.13,200,94.56,200,TGT
2025-12-23,9:36:13.421478197,T,94.26,300,94.56,200,TGT
2025-12-23,9:36:13.513281877,T,94.26,300,94.6,100,TGT
2025-12-23,9:36:13.513286965,T,94.26,300,94.49,200,TGT
2025-12-23,9:36:15.404467425,T,94.26,300,94.31,100,TGT
2025-12-23,9:36:15.404637801,T,94.26,300,94.31,400,TGT
2025-12-23,9:36:16.648506476,T,94.26,200,94.31,400,TGT
2025-12-23,9:36:16.648521231,T,94.13,200,94.31,400,TGT
2025-12-23,9:36:16.648546374,T,94.13,200,94.27,100,TGT
2025-12-23,9:36:16.648566383,T,94.13,200,94.27,500,TGT
2025-12-23,9:36:16.649583820,T,94.13,200,94.27,400,TGT
2025-12-23,9:36:16.744930964,T,94.13,200,94.44,100,TGT
2025-12-23,9:36:16.744946035,T,94.25,100,94.44,100,TGT
2025-12-23,9:36:16.744951012,T,94.26,100,94.44,100,TGT
2025-12-23,9:36:16.746008547,T,94.13,200,94.44,100,TGT
2025-12-23,9:36:16.746920720,T,94.23,100,94.44,100,TGT
2025-12-23,9:36:16.768592274,T,94.23,100,94.48,100,TGT
2025-12-23,9:36:17.874351557,T,94.23,100,94.46,100,TGT
2025-12-23,9:36:17.969613560,T,94.26,100,94.46,100,TGT
2025-12-23,9:36:26.111465647,T,94.28,100,94.46,100,TGT
2025-12-23,9:36:26.111486080,T,94.28,200,94.46,100,TGT
2025-12-23,9:36:26.111486080,T,94.28,300,94.46,100,TGT
2025-12-23,9:36:26.111520773,T,94.28,200,94.46,100,TGT
2025-12-23,9:36:26.111646087,T,94.28,300,94.46,100,TGT
2025-12-23,9:36:26.112057025,T,94.28,200,94.46,100,TGT
2025-12-23,9:36:26.112217580,T,94.28,300,94.46,100,TGT
2025-12-23,9:36:26.112272583,T,94.28,300,94.46,200,TGT
2025-12-23,9:36:26.112503228,T,94.28,200,94.46,200,TGT
2025-12-23,9:36:26.112533236,T,94.28,100,94.46,200,TGT
2025-12-23,9:36:26.112613351,T,94.27,100,94.46,200,TGT
2025-12-23,9:36:26.112763699,T,94.26,200,94.46,200,TGT
2025-12-23,9:36:26.112803800,T,94.26,100,94.46,200,TGT
2025-12-23,9:36:26.113184696,T,94.26,200,94.46,200,TGT
2025-12-23,9:36:26.117003846,T,94.26,200,94.46,300,TGT
2025-12-23,9:36:26.311652537,T,94.26,100,94.46,300,TGT
2025-12-23,9:36:27.354757538,T,94.17,100,94.46,300,TGT
2025-12-23,9:36:27.355554370,T,94.26,100,94.46,300,TGT
2025-12-23,9:36:27.355579478,T,94.26,100,94.46,500,TGT
2025-12-23,9:36:27.365598422,T,94.26,100,94.46,300,TGT
2025-12-23,9:36:28.105465980,T,94.3,100,94.46,300,TGT
2025-12-23,9:36:28.315892300,T,94.3,100,94.46,500,TGT
2025-12-23,9:36:29.540820558,T,94.3,100,94.46,600,TGT
2025-12-23,9:36:29.540855559,T,94.3,100,94.45,100,TGT
2025-12-23,9:36:29.541391855,T,94.3,100,94.46,400,TGT
2025-12-23,9:36:29.541421978,T,94.3,100,94.46,300,TGT
2025-12-23,9:36:33.108529981,T,94.3,100,94.46,100,TGT
2025-12-23,9:36:33.760823944,T,94.26,100,94.46,100,TGT
2025-12-23,9:36:33.760844008,T,94.26,100,94.37,100,TGT
2025-12-23,9:36:33.770928047,T,94.26,100,94.45,200,TGT
2025-12-23,9:36:33.861288318,T,94.26,100,94.45,100,TGT
2025-12-23,9:36:33.961527036,T,94.26,100,94.46,200,TGT
2025-12-23,9:36:34.574883372,T,94.26,100,94.46,100,TGT
2025-12-23,9:36:35.173248836,T,94.13,200,94.46,100,TGT
2025-12-23,9:36:35.173253889,T,94.13,200,94.44,100,TGT
2025-12-23,9:36:35.173273947,T,94.13,200,94.31,100,TGT
2025-12-23,9:36:35.173273947,T,94.13,200,94.31,200,TGT
2025-12-23,9:36:35.173825335,T,94.13,200,94.31,100,TGT
2025-12-23,9:36:35.180315679,T,94.13,200,94.34,100,TGT
2025-12-23,9:36:35.180340775,T,94.13,200,94.35,200,TGT
2025-12-23,9:36:35.180360824,T,94.13,200,94.35,100,TGT
2025-12-23,9:36:35.273477683,T,94.13,200,94.36,100,TGT
2025-12-23,9:36:35.273502684,T,94.13,200,94.46,200,TGT
2025-12-23,9:36:35.563739129,T,94.13,200,94.46,100,TGT
2025-12-23,9:36:35.614956178,T,94.23,100,94.46,100,TGT
2025-12-23,9:36:35.975570273,T,94.23,100,94.48,200,TGT
2025-12-23,9:36:39.080146314,T,94.23,100,94.32,100,TGT
2025-12-23,9:36:49.703905943,T,94.25,100,94.32,100,TGT
2025-12-23,9:36:50.460563733,T,94.25,100,94.32,200,TGT
2025-12-23,9:36:50.460594002,T,94.25,100,94.32,100,TGT
2025-12-23,9:36:50.461160113,T,94.25,100,94.48,300,TGT
2025-12-23,9:36:50.461165123,T,94.25,100,94.48,200,TGT
2025-12-23,9:36:50.461170131,T,94.27,100,94.48,200,TGT
2025-12-23,9:36:50.461185235,T,94.28,100,94.48,200,TGT
2025-12-23,9:36:50.461185235,T,94.29,100,94.48,200,TGT
2025-12-23,9:36:50.461566142,T,94.28,100,94.48,200,TGT
2025-12-23,9:36:50.461591192,T,94.28,100,94.36,100,TGT
2025-12-23,9:36:50.461611207,T,94.28,100,94.36,200,TGT
2025-12-23,9:36:50.461621589,T,94.28,100,94.36,300,TGT
2025-12-23,9:36:50.461661355,T,94.28,100,94.35,100,TGT
2025-12-23,9:36:50.462668737,T,94.23,100,94.35,100,TGT
2025-12-23,9:36:50.462683766,T,94.23,100,94.35,200,TGT
2025-12-23,9:36:50.462688802,T,94.23,100,94.34,100,TGT
2025-12-23,9:36:50.462693792,T,94.23,100,94.34,200,TGT
2025-12-23,9:36:50.564611562,T,94.23,100,94.34,100,TGT
2025-12-23,9:36:51.771977759,T,94.13,200,94.34,100,TGT
2025-12-23,9:36:54.034177199,T,94.22,600,94.34,100,TGT
2025-12-23,9:36:54.087068196,T,94.23,100,94.34,100,TGT
2025-12-23,9:36:55.567099163,T,94.23,100,94.32,100,TGT
2025-12-23,9:36:55.567134244,T,94.23,100,94.31,100,TGT
2025-12-23,9:36:55.567199358,T,94.23,100,94.32,100,TGT
2025-12-23,9:36:55.567299655,T,94.23,100,94.29,100,TGT
2025-12-23,9:36:55.567600312,T,94.23,100,94.29,200,TGT
2025-12-23,9:36:55.568001275,T,94.23,700,94.29,200,TGT
2025-12-23,9:36:55.568397248,T,94.23,600,94.29,200,TGT
2025-12-23,9:36:55.568402233,T,94.23,500,94.29,200,TGT
2025-12-23,9:36:55.568422341,T,94.13,200,94.29,200,TGT
2025-12-23,9:36:55.568442320,T,94.13,200,94.24,100,TGT
2025-12-23,9:36:55.568492515,T,94.13,200,94.24,200,TGT
2025-12-23,9:36:55.568572635,T,94.13,200,94.24,100,TGT
2025-12-23,9:36:55.568572635,T,94.13,200,94.29,100,TGT
2025-12-23,9:36:55.568592769,T,94.22,100,94.29,100,TGT
2025-12-23,9:36:55.568602775,T,94.22,100,94.32,100,TGT
2025-12-23,9:36:55.568612787,T,94.22,200,94.32,100,TGT
2025-12-23,9:36:55.568622768,T,94.24,100,94.32,100,TGT
2025-12-23,9:36:55.568627791,T,94.24,100,94.34,100,TGT
2025-12-23,9:36:55.568677963,T,94.24,100,94.32,100,TGT
2025-12-23,9:36:55.568698000,T,94.24,200,94.32,100,TGT
2025-12-23,9:36:55.568873361,T,94.24,200,94.34,100,TGT
2025-12-23,9:36:55.568969020,T,94.24,100,94.34,100,TGT
2025-12-23,9:36:55.568973654,T,94.22,100,94.34,100,TGT
2025-12-23,9:36:55.568988865,T,94.22,100,94.32,100,TGT
2025-12-23,9:36:55.568988865,T,94.22,100,94.28,100,TGT
2025-12-23,9:36:55.568993893,T,94.22,100,94.28,200,TGT
2025-12-23,9:36:55.569113961,T,94.22,100,94.28,300,TGT
2025-12-23,9:36:55.569154096,T,94.22,100,94.28,200,TGT
2025-12-23,9:36:55.569544979,T,94.22,100,94.28,100,TGT
2025-12-23,9:36:55.569665255,T,94.13,200,94.28,100,TGT
2025-12-23,9:36:55.571439501,T,94.2,100,94.28,100,TGT
2025-12-23,9:36:55.593712598,T,94.21,100,94.28,100,TGT
2025-12-23,9:36:55.669257553,T,94.21,100,94.3,200,TGT
2025-12-23,9:36:55.669257553,T,94.21,100,94.3,100,TGT
2025-12-23,9:36:55.769035259,T,94.21,100,94.32,100,TGT
2025-12-23,9:36:55.770438617,T,94.21,100,94.34,100,TGT
2025-12-23,9:36:55.846304340,T,94.21,100,94.46,100,TGT
2025-12-23,9:36:58.584532799,T,94.21,100,94.34,100,TGT
2025-12-23,9:36:58.584613005,T,94.21,100,94.44,100,TGT
2025-12-23,9:36:58.584788406,T,94.21,200,94.44,100,TGT
2025-12-23,9:36:58.594541614,T,94.21,200,94.46,100,TGT
2025-12-23,9:36:58.758311844,T,94.21,100,94.46,100,TGT
2025-12-23,9:36:58.758316795,T,94.05,200,94.46,100,TGT
2025-12-23,9:36:58.758316795,T,94.05,200,94.39,100,TGT
2025-12-23,9:36:58.758332006,T,94.05,200,94.34,100,TGT
2025-12-23,9:36:58.758332006,T,94.05,200,94.23,100,TGT
2025-12-23,9:36:58.759354257,T,94.05,200,94.27,100,TGT
2025-12-23,9:36:58.763514176,T,94.05,200,94.31,100,TGT
2025-12-23,9:36:58.860505221,T,94.05,200,94.34,100,TGT
2025-12-23,9:36:58.860525303,T,94.05,200,94.4,100,TGT
2025-12-23,9:37:01.258883934,T,94.05,200,94.34,100,TGT
2025-12-23,9:37:01.258883934,T,94.05,200,94.31,100,TGT
2025-12-23,9:37:01.258888948,T,94.05,200,94.3,100,TGT
2025-12-23,9:37:01.258888948,T,94.05,200,94.25,100,TGT
2025-12-23,9:37:01.265925689,T,94.05,200,94.31,100,TGT
2025-12-23,9:37:01.269223514,T,94.05,200,94.34,100,TGT
2025-12-23,9:37:01.269263695,T,94.05,200,94.4,100,TGT
2025-12-23,9:37:01.274105160,T,94.05,200,94.48,300,TGT
2025-12-23,9:37:01.274135255,T,94.05,200,94.48,200,TGT
2025-12-23,9:37:01.374855245,T,94.05,200,94.48,300,TGT
2025-12-23,9:37:02.900509888,T,94.05,200,94.44,100,TGT
2025-12-23,9:37:02.900560019,T,94.05,200,94.4,100,TGT
2025-12-23,9:37:02.900590116,T,94.05,200,94.32,100,TGT
2025-12-23,9:37:02.900600085,T,94.05,200,94.3,100,TGT
2025-12-23,9:37:02.900685343,T,94.05,200,94.44,100,TGT
2025-12-23,9:37:02.906133269,T,94.05,200,94.46,100,TGT
2025-12-23,9:37:04.391957973,T,94.05,200,94.4,100,TGT
2025-12-23,9:37:04.391957973,T,94.05,200,94.32,100,TGT
2025-12-23,9:37:04.391993127,T,94.05,200,94.4,100,TGT
2025-12-23,9:37:04.391993127,T,94.05,200,94.32,100,TGT
2025-12-23,9:37:04.392038261,T,94.05,200,94.28,100,TGT
2025-12-23,9:37:04.392088340,T,94.05,200,94.4,100,TGT
2025-12-23,9:37:04.397791894,T,94.05,200,94.44,100,TGT
2025-12-23,9:37:04.990609128,T,94.18,100,94.44,100,TGT
2025-12-23,9:37:05.003960921,T,94.05,200,94.44,100,TGT
2025-12-23,9:37:05.003981054,T,94.05,200,94.21,100,TGT
2025-12-23,9:37:05.004542372,T,94.05,200,94.23,100,TGT
2025-12-23,9:37:05.004732800,T,94.05,200,94.36,100,TGT
2025-12-23,9:37:05.007805151,T,94.05,200,94.3,100,TGT
2025-12-23,9:37:05.007845206,T,94.05,200,94.36,100,TGT
2025-12-23,9:37:05.204323271,T,94.05,200,94.4,100,TGT
2025-12-23,9:37:06.207342797,T,94.05,200,94.44,100,TGT
2025-12-23,9:37:07.460317904,T,94.05,200,94.36,100,TGT
2025-12-23,9:37:07.460323237,T,94.05,200,94.28,100,TGT
2025-12-23,9:37:07.460323237,T,94.05,200,94.19,100,TGT
2025-12-23,9:37:07.460348004,T,94.05,200,94.32,100,TGT
2025-12-23,9:37:07.460353136,T,94.05,200,94.26,100,TGT
2025-12-23,9:37:07.460362996,T,94.05,200,94.25,100,TGT
2025-12-23,9:37:07.460413104,T,94.05,200,94.28,100,TGT
2025-12-23,9:37:07.460513502,T,94.05,200,94.27,100,TGT
2025-12-23,9:37:07.460513502,T,94.05,200,94.26,100,TGT
2025-12-23,9:37:07.460668752,T,94.05,200,94.27,100,TGT
2025-12-23,9:37:07.460678835,T,94.05,200,94.28,100,TGT
2025-12-23,9:37:07.460688785,T,94.0,600,94.28,100,TGT
2025-12-23,9:37:07.460698821,T,94.0,600,94.26,100,TGT
2025-12-23,9:37:07.470923153,T,94.0,600,94.28,100,TGT
2025-12-23,9:37:07.470928171,T,94.0,600,94.32,100,TGT
2025-12-23,9:37:07.470953296,T,94.0,600,94.36,100,TGT
2025-12-23,9:37:07.660464818,T,94.0,600,94.4,100,TGT
2025-12-23,9:37:08.589447920,T,94.12,100,94.4,100,TGT
2025-12-23,9:37:08.589588312,T,94.12,100,94.44,100,TGT
2025-12-23,9:37:09.697678140,T,94.02,300,94.44,100,TGT
2025-12-23,9:37:10.054979305,T,94.02,300,94.4,100,TGT
2025-12-23,9:37:13.091037137,T,94.05,100,94.4,100,TGT
2025-12-23,9:37:13.599383208,T,94.02,200,94.4,100,TGT
2025-12-23,9:37:13.947873432,T,94.16,100,94.4,100,TGT
2025-12-23,9:37:14.630650115,T,94.14,100,94.4,100,TGT
2025-12-23,9:37:18.485077933,T,94.14,100,94.4,200,TGT
2025-12-23,9:37:18.485077933,T,94.14,100,94.25,100,TGT
2025-12-23,9:37:18.485082626,T,94.14,100,94.24,100,TGT
2025-12-23,9:37:18.495086441,T,94.14,100,94.32,100,TGT
2025-12-23,9:37:18.585115945,T,94.14,100,94.4,100,TGT
2025-12-23,9:37:18.893796254,T,94.16,100,94.4,100,TGT
2025-12-23,9:37:24.164152179,T,94.14,100,94.4,100,TGT
2025-12-23,9:37:24.164177304,T,94.14,100,94.19,100,TGT
2025-12-23,9:37:24.164733631,T,94.02,200,94.19,100,TGT
2025-12-23,9:37:24.164753689,T,94.02,200,94.17,100,TGT
2025-12-23,9:37:24.165089417,T,94.1,100,94.17,100,TGT
2025-12-23,9:37:24.169464860,T,94.12,100,94.17,100,TGT
2025-12-23,9:37:24.169489874,T,94.12,200,94.17,100,TGT
2025-12-23,9:37:25.810148587,T,94.12,100,94.17,100,TGT
2025-12-23,9:37:25.810148587,T,94.1,100,94.17,100,TGT
2025-12-23,9:37:25.810168624,T,94.02,200,94.17,100,TGT
2025-12-23,9:37:25.810188581,T,94.02,200,94.15,100,TGT
2025-12-23,9:37:25.810469353,T,94.0,600,94.15,100,TGT
2025-12-23,9:37:25.810494337,T,94.0,500,94.15,100,TGT
2025-12-23,9:37:25.827349553,T,94.0,500,94.13,100,TGT
2025-12-23,9:37:26.217118008,T,94.06,100,94.13,100,TGT
2025-12-23,9:37:26.227868714,T,94.09,100,94.13,100,TGT
2025-12-23,9:37:26.972091639,T,94.09,100,94.4,200,TGT
2025-12-23,9:37:26.972106687,T,94.09,100,94.4,100,TGT
2025-12-23,9:37:26.972121724,T,94.09,200,94.4,100,TGT
2025-12-23,9:37:26.972146785,T,94.09,100,94.4,100,TGT
2025-12-23,9:37:26.972542803,T,94.09,100,94.28,300,TGT
2025-12-23,9:37:26.972562851,T,94.09,100,94.28,400,TGT
2025-12-23,9:37:26.972602876,T,94.09,100,94.28,500,TGT
2025-12-23,9:37:27.844018934,T,94.09,200,94.28,500,TGT
2025-12-23,9:37:27.844039087,T,94.15,100,94.28,500,TGT
2025-12-23,9:37:27.844084143,T,94.15,100,94.28,200,TGT
2025-12-23,9:37:27.844089179,T,94.15,100,94.28,100,TGT
2025-12-23,9:37:27.844094185,T,94.15,100,94.35,200,TGT
2025-12-23,9:37:27.844119169,T,94.15,100,94.27,500,TGT
2025-12-23,9:37:27.859861777,T,94.09,100,94.27,500,TGT
2025-12-23,9:37:27.860628606,T,94.09,200,94.27,500,TGT
2025-12-23,9:37:27.966310342,T,94.09,100,94.27,500,TGT
2025-12-23,9:37:29.679892712,T,94.06,100,94.27,500,TGT
2025-12-23,9:37:29.681957535,T,94.06,200,94.27,500,TGT
2025-12-23,9:37:29.681967862,T,94.09,100,94.27,500,TGT
2025-12-23,9:37:29.681967862,T,94.11,100,94.27,500,TGT
2025-12-23,9:37:29.681983193,T,94.11,100,94.27,400,TGT
2025-12-23,9:37:29.681987637,T,94.11,100,94.27,300,TGT
2025-12-23,9:37:29.681987637,T,94.11,100,94.27,100,TGT
2025-12-23,9:37:29.682007668,T,94.17,100,94.27,100,TGT
2025-12-23,9:37:29.682012734,T,94.11,100,94.27,100,TGT
2025-12-23,9:37:29.682022812,T,94.17,100,94.27,100,TGT
2025-12-23,9:37:29.682027792,T,94.17,100,94.35,300,TGT
2025-12-23,9:37:29.682037958,T,94.17,100,94.35,200,TGT
2025-12-23,9:37:29.682037958,T,94.11,100,94.35,200,TGT
2025-12-23,9:37:29.682042800,T,94.23,100,94.35,200,TGT
2025-12-23,9:37:29.682057817,T,94.24,100,94.35,200,TGT
2025-12-23,9:37:29.683095346,T,94.11,100,94.35,200,TGT
2025-12-23,9:37:29.683791943,T,94.24,100,94.35,200,TGT
2025-12-23,9:37:29.686578615,T,94.24,100,94.4,100,TGT
2025-12-23,9:37:30.647963939,T,94.26,100,94.4,100,TGT
2025-12-23,9:37:32.442910190,T,94.24,100,94.4,100,TGT
2025-12-23,9:37:32.442930303,T,94.24,100,94.33,100,TGT
2025-12-23,9:37:32.442930303,T,94.24,100,94.29,100,TGT
2025-12-23,9:37:32.443165821,T,94.11,100,94.29,100,TGT
2025-12-23,9:37:32.443185895,T,94.11,100,94.28,100,TGT
2025-12-23,9:37:32.443200894,T,94.11,100,94.28,200,TGT
2025-12-23,9:37:32.443381364,T,94.11,100,94.27,100,TGT
2025-12-23,9:37:32.443752226,T,94.15,100,94.27,100,TGT
2025-12-23,9:37:32.443757205,T,94.16,100,94.27,100,TGT
2025-12-23,9:37:32.443767212,T,94.15,100,94.27,100,TGT
2025-12-23,9:37:32.443782264,T,94.11,100,94.27,100,TGT
2025-12-23,9:37:32.444218301,T,94.18,100,94.27,100,TGT
2025-12-23,9:37:32.452868938,T,94.19,100,94.27,100,TGT
2025-12-23,9:37:32.544467141,T,94.19,100,94.26,100,TGT
2025-12-23,9:37:35.746821339,T,94.19,100,94.27,100,TGT
2025-12-23,9:37:35.746846472,T,94.2,100,94.27,100,TGT
2025-12-23,9:37:35.746876552,T,94.19,100,94.27,100,TGT
2025-12-23,9:37:35.746916656,T,94.19,100,94.4,300,TGT
2025-12-23,9:37:35.852498092,T,94.23,100,94.4,300,TGT
2025-12-23,9:37:35.852498092,T,94.24,100,94.4,300,TGT
2025-12-23,9:37:35.852518214,T,94.23,100,94.4,300,TGT
2025-12-23,9:37:35.853555662,T,94.19,100,94.4,300,TGT
2025-12-23,9:37:36.332371277,T,94.19,100,94.4,100,TGT
2025-12-23,9:37:36.726224597,T,94.13,100,94.4,100,TGT
2025-12-23,9:37:36.726254740,T,94.11,100,94.4,100,TGT
2025-12-23,9:37:37.926263519,T,94.28,100,94.4,100,TGT
2025-12-23,9:37:43.799430635,T,94.27,100,94.4,100,TGT
2025-12-23,9:37:43.799430635,T,94.21,100,94.4,100,TGT
2025-12-23,9:37:43.799445628,T,94.21,100,94.34,100,TGT
2025-12-23,9:37:43.799521042,T,94.11,100,94.34,100,TGT
2025-12-23,9:37:43.800317655,T,94.22,100,94.34,100,TGT
2025-12-23,9:37:43.800338037,T,94.22,100,94.39,100,TGT
2025-12-23,9:37:43.809644869,T,94.22,100,94.4,200,TGT
2025-12-23,9:37:43.899849836,T,94.22,100,94.4,100,TGT
2025-12-23,9:37:45.537586476,T,94.11,100,94.4,100,TGT
2025-12-23,9:37:51.363726336,T,94.13,100,94.4,100,TGT
2025-12-23,9:37:56.690737219,T,94.15,100,94.4,100,TGT
2025-12-23,9:37:56.690787333,T,94.17,100,94.4,100,TGT
2025-12-23,9:38:00.372859532,T,94.28,100,94.4,100,TGT
2025-12-23,9:38:00.373641371,T,94.17,100,94.4,100,TGT
2025-12-23,9:38:01.227225094,T,94.29,100,94.4,100,TGT
2025-12-23,9:38:06.102093725,T,94.15,300,94.4,100,TGT
2025-12-23,9:38:06.102093725,T,94.15,200,94.4,100,TGT
2025-12-23,9:38:06.102108683,T,94.15,200,94.34,100,TGT
2025-12-23,9:38:06.102118784,T,94.15,200,94.34,200,TGT
2025-12-23,9:38:06.102158865,T,94.15,200,94.34,100,TGT
2025-12-23,9:38:06.102670104,T,94.15,200,94.35,100,TGT
2025-12-23,9:38:06.102875517,T,94.15,200,94.39,100,TGT
2025-12-23,9:38:06.103226415,T,94.15,200,94.38,100,TGT
2025-12-23,9:38:06.103241439,T,94.15,200,94.36,100,TGT
2025-12-23,9:38:06.103266521,T,94.15,200,94.38,100,TGT
2025-12-23,9:38:06.103888283,T,94.15,200,94.36,100,TGT
2025-12-23,9:38:06.103888283,T,94.15,200,94.35,100,TGT
2025-12-23,9:38:06.103928015,T,94.15,200,94.36,100,TGT
2025-12-23,9:38:06.105005605,T,94.15,200,94.38,100,TGT
2025-12-23,9:38:06.105045693,T,94.15,200,94.39,100,TGT
2025-12-23,9:38:06.105100872,T,94.15,200,94.38,100,TGT
2025-12-23,9:38:06.105100872,T,94.15,200,94.36,100,TGT
2025-12-23,9:38:06.105176035,T,94.15,200,94.37,100,TGT
2025-12-23,9:38:06.105216084,T,94.15,200,94.38,100,TGT
2025-12-23,9:38:06.105246169,T,94.15,200,94.39,100,TGT
2025-12-23,9:38:06.108253312,T,94.21,100,94.39,100,TGT
2025-12-23,9:38:06.112558628,T,94.21,100,94.4,200,TGT
2025-12-23,9:38:06.112588682,T,94.21,100,94.4,100,TGT
2025-12-23,9:38:06.697847939,T,94.3,100,94.4,100,TGT
2025-12-23,9:38:07.660185557,T,94.21,100,94.4,100,TGT
2025-12-23,9:38:07.666400412,T,94.24,100,94.4,100,TGT
2025-12-23,9:38:07.666400412,T,94.3,100,94.4,100,TGT
2025-12-23,9:38:07.666440503,T,94.31,100,94.4,100,TGT
2025-12-23,9:38:07.666455468,T,94.3,100,94.4,100,TGT
2025-12-23,9:38:07.666515688,T,94.31,100,94.4,100,TGT
2025-12-23,9:38:07.667112036,T,94.31,100,94.49,200,TGT
2025-12-23,9:38:07.667132155,T,94.37,100,94.49,200,TGT
2025-12-23,9:38:07.667688409,T,94.35,100,94.49,200,TGT
2025-12-23,9:38:07.667823772,T,94.35,100,94.6,100,TGT
2025-12-23,9:38:07.667828742,T,94.35,100,94.57,200,TGT
2025-12-23,9:38:07.674710121,T,94.37,100,94.57,200,TGT
2025-12-23,9:38:07.866582285,T,94.34,100,94.57,200,TGT
2025-12-23,9:38:07.867133591,T,94.3,100,94.57,200,TGT
2025-12-23,9:38:08.436840844,T,94.38,100,94.57,200,TGT
2025-12-23,9:38:14.417273475,T,94.38,100,94.47,100,TGT
2025-12-23,9:38:18.831204133,T,94.34,100,94.47,100,TGT
2025-12-23,9:38:19.791286420,T,94.21,200,94.47,100,TGT
2025-12-23,9:38:20.272748364,T,94.29,100,94.47,100,TGT
2025-12-23,9:38:40.829536517,T,94.3,100,94.47,100,TGT
2025-12-23,9:38:42.907652253,T,94.31,100,94.47,100,TGT
2025-12-23,9:38:44.342806372,T,94.25,100,94.47,100,TGT
2025-12-23,9:38:45.198314408,T,94.33,100,94.47,100,TGT
2025-12-23,9:38:45.198339463,T,94.25,100,94.47,100,TGT
2025-12-23,9:38:45.926153365,T,94.36,100,94.47,100,TGT
2025-12-23,9:38:48.136003054,T,94.36,100,94.47,200,TGT
2025-12-23,9:38:48.142002310,T,94.36,100,94.47,100,TGT
2025-12-23,9:38:48.142022388,T,94.36,200,94.47,100,TGT
2025-12-23,9:38:48.143310481,T,94.36,100,94.47,100,TGT
2025-12-23,9:38:48.143701372,T,94.36,200,94.47,100,TGT
2025-12-23,9:38:48.143806658,T,94.36,100,94.47,100,TGT
2025-12-23,9:38:48.144182491,T,94.36,200,94.47,100,TGT
2025-12-23,9:38:48.300750535,T,94.36,100,94.47,100,TGT
2025-12-23,9:38:50.050694547,T,94.36,200,94.47,100,TGT
2025-12-23,9:38:50.122149758,T,94.36,200,94.57,300,TGT
2025-12-23,9:38:50.122149758,T,94.36,200,94.57,200,TGT
2025-12-23,9:38:50.122169812,T,94.42,100,94.57,200,TGT
2025-12-23,9:38:50.122169812,T,94.42,200,94.57,200,TGT
2025-12-23,9:38:50.122174856,T,94.42,300,94.57,200,TGT
2025-12-23,9:38:50.122721088,T,94.42,200,94.57,200,TGT
2025-12-23,9:38:50.126775739,T,94.42,200,94.64,100,TGT
2025-12-23,9:38:50.126780786,T,94.42,200,94.64,300,TGT
2025-12-23,9:38:50.126800822,T,94.42,200,94.64,200,TGT
2025-12-23,9:38:50.222173036,T,94.42,100,94.64,200,TGT
2025-12-23,9:38:50.222383621,T,94.42,100,94.6,100,TGT
2025-12-23,9:38:50.280897917,T,94.38,100,94.6,100,TGT
2025-12-23,9:38:50.322191280,T,94.37,200,94.6,100,TGT
2025-12-23,9:38:51.157847175,T,94.37,100,94.6,100,TGT
2025-12-23,9:38:52.670405624,T,94.43,100,94.6,100,TGT
2025-12-23,9:39:00.149513805,T,94.43,100,94.5,100,TGT
2025-12-23,9:39:07.686820310,T,94.43,100,94.6,100,TGT
2025-12-23,9:39:07.861706902,T,94.37,100,94.6,100,TGT
2025-12-23,9:39:09.989851896,T,94.47,100,94.6,100,TGT
2025-12-23,9:39:10.169369609,T,94.47,100,94.64,300,TGT
2025-12-23,9:39:10.169369609,T,94.47,100,94.64,200,TGT
2025-12-23,9:39:10.169404645,T,94.47,200,94.64,200,TGT
2025-12-23,9:39:10.169434765,T,94.47,100,94.64,200,TGT
2025-12-23,9:39:10.169449721,T,94.47,100,94.64,300,TGT
2025-12-23,9:39:10.169454960,T,94.47,100,94.64,200,TGT
2025-12-23,9:39:10.169524924,T,94.47,200,94.64,200,TGT
2025-12-23,9:39:10.170742822,T,94.48,100,94.64,200,TGT
2025-12-23,9:39:10.175023047,T,94.47,200,94.64,200,TGT
2025-12-23,9:39:10.175484099,T,94.48,100,94.64,200,TGT
2025-12-23,9:39:10.328248121,T,94.47,100,94.64,200,TGT
2025-12-23,9:39:10.925751590,T,94.44,100,94.64,200,TGT
2025-12-23,9:39:13.203563181,T,94.44,100,94.54,100,TGT
2025-12-23,9:39:13.203568128,T,94.44,100,94.54,200,TGT
2025-12-23,9:39:13.203598159,T,94.44,100,94.54,100,TGT
2025-12-23,9:39:13.203858828,T,94.44,100,94.54,200,TGT
2025-12-23,9:39:13.204014247,T,94.44,100,94.54,100,TGT
2025-12-23,9:39:13.204044466,T,94.44,100,94.54,200,TGT
2025-12-23,9:39:13.204044466,T,94.44,100,94.52,100,TGT
2025-12-23,9:39:13.204064307,T,94.44,100,94.53,100,TGT
2025-12-23,9:39:13.204294830,T,94.44,100,94.52,100,TGT
2025-12-23,9:39:13.227655570,T,94.44,100,94.54,200,TGT
2025-12-23,9:39:13.252810489,T,94.45,100,94.54,200,TGT
2025-12-23,9:39:13.304212966,T,94.45,100,94.54,100,TGT
2025-12-23,9:39:13.304222896,T,94.45,100,94.59,100,TGT
2025-12-23,9:39:13.304242951,T,94.45,100,94.64,300,TGT
2025-12-23,9:39:13.404426714,T,94.45,100,94.64,200,TGT
2025-12-23,9:39:13.497794086,T,94.45,200,94.64,200,TGT
2025-12-23,9:39:13.499067173,T,94.45,100,94.64,200,TGT
2025-12-23,9:39:13.499468053,T,94.45,200,94.64,200,TGT
2025-12-23,9:39:13.568718089,T,94.45,200,94.58,100,TGT
2025-12-23,9:39:13.568983733,T,94.45,200,94.58,200,TGT
2025-12-23,9:39:13.805121295,T,94.45,100,94.58,200,TGT
2025-12-23,9:39:14.202883911,T,94.45,100,94.58,300,TGT
2025-12-23,9:39:16.185201582,T,94.45,100,94.58,200,TGT
2025-12-23,9:39:16.185276721,T,94.45,100,94.58,100,TGT
2025-12-23,9:39:17.881878776,T,94.45,100,94.52,100,TGT
2025-12-23,9:39:17.881903628,T,94.45,100,94.55,100,TGT
2025-12-23,9:39:17.881958781,T,94.45,100,94.52,100,TGT
2025-12-23,9:39:17.882434931,T,94.45,100,94.52,200,TGT
2025-12-23,9:39:17.887532054,T,94.45,100,94.52,100,TGT
2025-12-23,9:39:18.017296200,T,94.38,100,94.52,100,TGT
2025-12-23,9:39:18.017361393,T,94.38,100,94.52,200,TGT
2025-12-23,9:39:18.017386504,T,94.38,100,94.51,100,TGT
2025-12-23,9:39:18.017506942,T,94.38,100,94.51,200,TGT
2025-12-23,9:39:18.017601880,T,94.38,100,94.5,100,TGT
2025-12-23,9:39:18.017606922,T,94.38,100,94.49,100,TGT
2025-12-23,9:39:18.017646995,T,94.38,100,94.5,100,TGT
2025-12-23,9:39:18.018113140,T,94.38,100,94.51,200,TGT
2025-12-23,9:39:18.018118165,T,94.38,100,94.51,100,TGT
2025-12-23,9:39:18.027781175,T,94.38,100,94.57,100,TGT
2025-12-23,9:39:18.082190844,T,94.38,100,94.58,100,TGT
2025-12-23,9:39:18.084250674,T,94.38,100,94.58,200,TGT
2025-12-23,9:39:18.084250674,T,94.38,100,94.57,100,TGT
2025-12-23,9:39:18.084300819,T,94.38,100,94.58,100,TGT
2025-12-23,9:39:18.220279798,T,94.38,100,94.46,100,TGT
2025-12-23,9:39:18.557858949,T,94.41,100,94.46,100,TGT
2025-12-23,9:39:21.984963645,T,94.41,100,94.58,100,TGT
2025-12-23,9:39:21.984978610,T,94.42,100,94.58,100,TGT
2025-12-23,9:39:21.984983674,T,94.44,100,94.58,100,TGT
2025-12-23,9:39:21.985118965,T,94.42,100,94.58,100,TGT
2025-12-23,9:39:21.985154389,T,94.42,100,94.58,200,TGT
2025-12-23,9:39:21.985279409,T,94.42,100,94.58,100,TGT
2025-12-23,9:39:21.985304416,T,94.42,200,94.58,100,TGT
2025-12-23,9:39:21.985314494,T,94.42,100,94.58,100,TGT
2025-12-23,9:39:21.986016100,T,94.41,100,94.58,100,TGT
2025-12-23,9:39:24.130901134,T,94.38,100,94.58,100,TGT
2025-12-23,9:39:25.519965365,T,94.45,100,94.58,100,TGT
2025-12-23,9:39:26.151830673,T,94.45,200,94.58,100,TGT
2025-12-23,9:39:27.259890753,T,94.45,100,94.58,100,TGT
2025-12-23,9:39:27.259890753,T,94.38,100,94.58,100,TGT
2025-12-23,9:39:27.259910921,T,94.38,100,94.46,100,TGT
2025-12-23,9:39:27.260953082,T,94.38,100,94.47,100,TGT
2025-12-23,9:39:27.360009049,T,94.38,100,94.58,100,TGT
2025-12-23,9:39:30.438448070,T,94.38,100,94.58,200,TGT
2025-12-23,9:39:31.352074482,T,94.38,100,94.49,100,TGT
2025-12-23,9:39:31.352104572,T,94.38,100,94.58,200,TGT
2025-12-23,9:39:31.352114587,T,94.38,100,94.49,100,TGT
2025-12-23,9:39:31.393433042,T,94.27,200,94.49,100,TGT
2025-12-23,9:39:31.393698684,T,94.27,200,94.49,200,TGT
2025-12-23,9:39:31.496974706,T,94.32,200,94.49,200,TGT
2025-12-23,9:39:31.579812074,T,94.32,200,94.49,100,TGT
2025-12-23,9:39:33.867702954,T,94.32,200,94.49,200,TGT
2025-12-23,9:39:33.867707911,T,94.32,200,94.46,100,TGT
2025-12-23,9:39:33.867712969,T,94.32,200,94.45,100,TGT
2025-12-23,9:39:33.867732980,T,94.32,200,94.46,100,TGT
2025-12-23,9:39:33.867743020,T,94.32,200,94.45,100,TGT
2025-12-23,9:39:33.867748063,T,94.32,200,94.44,100,TGT
2025-12-23,9:39:33.990159716,T,94.36,100,94.44,100,TGT
2025-12-23,9:39:38.880921014,T,94.36,100,94.45,100,TGT
2025-12-23,9:39:39.606720139,T,94.36,100,94.56,100,TGT
2025-12-23,9:39:40.900697969,T,94.36,100,94.58,100,TGT
2025-12-23,9:39:56.703706219,T,94.36,200,94.58,100,TGT
2025-12-23,9:39:57.500043274,T,94.36,200,94.56,100,TGT
2025-12-23,9:39:57.965111527,T,94.36,100,94.56,100,TGT
2025-12-23,9:39:57.965131353,T,94.32,200,94.56,100,TGT
2025-12-23,9:39:57.965136377,T,94.32,200,94.49,100,TGT
2025-12-23,9:39:57.965151915,T,94.32,200,94.45,100,TGT
2025-12-23,9:39:57.965151915,T,94.32,200,94.41,100,TGT
2025-12-23,9:39:57.965156449,T,94.32,200,94.41,200,TGT
2025-12-23,9:39:57.965181456,T,94.32,200,94.41,300,TGT
2025-12-23,9:39:57.965236865,T,94.32,200,94.4,100,TGT
2025-12-23,9:39:57.965241559,T,94.32,200,94.38,100,TGT
2025-12-23,9:39:57.965266910,T,94.32,200,94.37,100,TGT
2025-12-23,9:39:57.965367156,T,94.32,200,94.36,100,TGT
2025-12-23,9:39:57.965858023,T,94.32,200,94.35,100,TGT
2025-12-23,9:39:57.965868074,T,94.26,100,94.35,100,TGT
2025-12-23,9:39:57.965903197,T,94.26,100,94.34,100,TGT
2025-12-23,9:39:57.966660042,T,94.28,100,94.34,100,TGT
2025-12-23,9:39:57.966950667,T,94.28,100,94.35,100,TGT
2025-12-23,9:39:57.967096047,T,94.28,100,94.33,100,TGT
2025-12-23,9:39:57.968323963,T,94.28,100,94.37,100,TGT
2025-12-23,9:39:57.989313964,T,94.28,100,94.36,100,TGT
2025-12-23,9:39:57.989323942,T,94.26,100,94.36,100,TGT
2025-12-23,9:39:57.989344316,T,94.26,100,94.31,100,TGT
2025-12-23,9:39:57.989344316,T,94.26,100,94.3,100,TGT
2025-12-23,9:39:57.989900418,T,94.26,100,94.31,200,TGT
2025-12-23,9:39:57.989965500,T,94.26,100,94.31,100,TGT
2025-12-23,9:39:58.020117359,T,94.27,100,94.31,100,TGT
2025-12-23,9:39:58.022979160,T,94.26,100,94.31,100,TGT
2025-12-23,9:39:58.023024227,T,94.26,100,94.29,100,TGT
2025-12-23,9:39:58.025470066,T,94.26,100,94.35,100,TGT
2025-12-23,9:39:58.026978731,T,94.11,100,94.35,100,TGT
2025-12-23,9:39:58.026998713,T,94.11,100,94.28,100,TGT
2025-12-23,9:39:58.026998713,T,94.11,100,94.28,200,TGT
2025-12-23,9:39:58.027550095,T,94.11,100,94.28,100,TGT
2025-12-23,9:39:58.032166052,T,94.11,100,94.34,100,TGT
2025-12-23,9:39:58.080195427,T,94.11,100,94.33,100,TGT
2025-12-23,9:39:58.080200496,T,94.11,100,94.32,100,TGT
2025-12-23,9:39:58.080210569,T,94.11,100,94.31,100,TGT
2025-12-23,9:39:58.080215508,T,94.11,100,94.27,100,TGT
2025-12-23,9:39:58.080290693,T,94.09,100,94.27,100,TGT
2025-12-23,9:39:58.080365864,T,94.11,200,94.27,100,TGT
2025-12-23,9:39:58.081273074,T,94.11,200,94.32,100,TGT
2025-12-23,9:39:58.081393370,T,94.11,400,94.32,100,TGT
2025-12-23,9:39:58.090650430,T,94.11,400,94.33,100,TGT
2025-12-23,9:39:58.090650430,T,94.11,400,94.34,100,TGT
2025-12-23,9:39:58.090670460,T,94.11,400,94.35,100,TGT
2025-12-23,9:39:58.192939104,T,94.11,400,94.36,100,TGT
2025-12-23,9:39:58.712717473,T,94.11,200,94.36,100,TGT
2025-12-23,9:39:59.267744688,T,94.11,200,94.45,100,TGT
2025-12-23,9:40:00.352017773,T,94.11,200,94.4,100,TGT
2025-12-23,9:40:01.186430786,T,94.18,100,94.4,100,TGT
2025-12-23,9:40:01.186475865,T,94.18,100,94.44,100,TGT
2025-12-23,9:40:01.186581041,T,94.18,100,94.45,100,TGT
2025-12-23,9:40:03.548197333,T,94.18,100,94.44,100,TGT
2025-12-23,9:40:03.548197333,T,94.18,100,94.35,100,TGT
2025-12-23,9:40:03.548202132,T,94.18,100,94.33,100,TGT
2025-12-23,9:40:03.548247278,T,94.18,100,94.35,100,TGT
2025-12-23,9:40:03.548302440,T,94.18,100,94.4,100,TGT
2025-12-23,9:40:03.548337515,T,94.18,100,94.45,100,TGT
2025-12-23,9:40:03.548337515,T,94.18,100,94.44,100,TGT
2025-12-23,9:40:03.548472840,T,94.18,100,94.45,100,TGT
2025-12-23,9:40:03.548507895,T,94.18,100,94.44,100,TGT
2025-12-23,9:40:03.548648242,T,94.18,100,94.45,100,TGT
2025-12-23,9:40:03.548733385,T,94.18,100,94.48,100,TGT
2025-12-23,9:40:03.549119368,T,94.18,100,94.45,100,TGT
2025-12-23,9:40:03.549144447,T,94.18,100,94.48,100,TGT
2025-12-23,9:40:03.549174466,T,94.18,100,94.45,100,TGT
2025-12-23,9:40:03.549379953,T,94.18,100,94.48,100,TGT
2025-12-23,9:40:03.778034720,T,94.18,100,94.29,100,TGT
2025-12-23,9:40:04.219175692,T,94.18,100,94.45,100,TGT
2025-12-23,9:40:09.666402898,T,94.18,100,94.29,100,TGT
2025-12-23,9:40:11.645061766,T,94.19,100,94.29,100,TGT
2025-12-23,9:40:11.828523856,T,94.19,100,94.45,200,TGT
2025-12-23,9:40:14.155187049,T,94.19,200,94.45,200,TGT
2025-12-23,9:40:14.155192258,T,94.23,100,94.45,200,TGT
2025-12-23,9:40:14.155206843,T,94.24,100,94.45,200,TGT
2025-12-23,9:40:14.155206843,T,94.26,100,94.45,200,TGT
2025-12-23,9:40:14.155247020,T,94.24,100,94.45,200,TGT
2025-12-23,9:40:14.155422407,T,94.24,200,94.45,200,TGT
2025-12-23,9:40:14.155838343,T,94.26,100,94.45,200,TGT
2025-12-23,9:40:14.255535870,T,94.24,100,94.45,200,TGT
2025-12-23,9:40:14.313914926,T,94.19,200,94.45,200,TGT
2025-12-23,9:40:14.313950057,T,94.19,100,94.45,200,TGT
2025-12-23,9:40:14.363147302,T,94.27,100,94.45,200,TGT
2025-12-23,9:40:16.601163931,T,94.27,100,94.36,300,TGT
2025-12-23,9:40:20.448720291,T,94.27,100,94.33,100,TGT
2025-12-23,9:40:20.448775420,T,94.27,100,94.32,100,TGT
2025-12-23,9:40:20.455842297,T,94.27,100,94.33,100,TGT
2025-12-23,9:40:20.510763088,T,94.27,100,94.36,300,TGT
2025-12-23,9:40:30.373048567,T,94.27,200,94.36,300,TGT
2025-12-23,9:40:30.398424091,T,94.27,200,94.34,100,TGT
2025-12-23,9:40:30.652805081,T,94.3,100,94.34,100,TGT
2025-12-23,9:40:30.653195995,T,94.27,200,94.34,100,TGT
2025-12-23,9:40:30.653586852,T,94.27,100,94.34,100,TGT
2025-12-23,9:40:30.658288077,T,94.27,100,94.33,100,TGT
2025-12-23,9:40:30.658308197,T,94.27,100,94.33,200,TGT
2025-12-23,9:40:30.658318133,T,94.27,100,94.33,100,TGT
2025-12-23,9:40:30.658323205,T,94.27,100,94.33,200,TGT
2025-12-23,9:40:30.747420388,T,94.19,100,94.33,200,TGT
2025-12-23,9:40:30.747445499,T,94.19,100,94.3,100,TGT
2025-12-23,9:40:30.748001840,T,94.19,100,94.31,200,TGT
2025-12-23,9:40:30.748026886,T,94.19,100,94.31,100,TGT
2025-12-23,9:40:30.748513068,T,94.19,100,94.32,100,TGT
2025-12-23,9:40:30.749264840,T,94.19,100,94.31,100,TGT
2025-12-23,9:40:30.757539587,T,94.19,100,94.32,100,TGT
2025-12-23,9:40:31.962009058,T,94.19,100,94.3,100,TGT
2025-12-23,9:40:32.148613550,T,94.19,100,94.32,100,TGT
2025-12-23,9:40:34.516143969,T,94.19,100,94.31,100,TGT
2025-12-23,9:40:34.516148974,T,94.11,300,94.31,100,TGT
2025-12-23,9:40:34.516159088,T,94.11,300,94.29,100,TGT
2025-12-23,9:40:34.516184440,T,94.11,300,94.29,200,TGT
2025-12-23,9:40:34.516434713,T,94.11,300,94.26,100,TGT
2025-12-23,9:40:34.516519942,T,94.11,300,94.29,200,TGT
2025-12-23,9:40:34.516575074,T,94.11,200,94.29,200,TGT
2025-12-23,9:40:34.523882466,T,94.11,200,94.29,100,TGT
2025-12-23,9:40:34.616182329,T,94.11,200,94.31,100,TGT
2025-12-23,9:40:35.012225843,T,94.18,100,94.31,100,TGT
2025-12-23,9:40:35.855504739,T,94.18,100,94.36,100,TGT
2025-12-23,9:40:43.766180750,T,94.18,100,94.37,100,TGT
2025-12-23,9:40:44.097830949,T,94.15,100,94.37,100,TGT
2025-12-23,9:40:44.097850950,T,94.15,100,94.3,100,TGT
2025-12-23,9:40:44.097901110,T,94.15,100,94.23,100,TGT
2025-12-23,9:40:44.097906117,T,94.15,100,94.23,200,TGT
2025-12-23,9:40:44.097911117,T,94.15,100,94.22,100,TGT
2025-12-23,9:40:44.097931176,T,94.15,100,94.23,200,TGT
2025-12-23,9:40:44.097956262,T,94.15,100,94.23,100,TGT
2025-12-23,9:40:44.097961368,T,94.15,100,94.22,100,TGT
2025-12-23,9:40:44.097976252,T,94.15,100,94.21,100,TGT
2025-12-23,9:40:44.097976252,T,94.15,100,94.21,200,TGT
2025-12-23,9:40:44.097996343,T,94.15,100,94.21,100,TGT
2025-12-23,9:40:44.098011357,T,94.15,100,94.21,200,TGT
2025-12-23,9:40:44.098016329,T,94.15,100,94.2,100,TGT
2025-12-23,9:40:44.115513051,T,94.15,100,94.21,100,TGT
2025-12-23,9:40:52.364550149,T,94.15,100,94.35,200,TGT
2025-12-23,9:40:57.559075386,T,94.15,100,94.21,100,TGT
2025-12-23,9:41:00.546201778,T,94.15,100,94.2,100,TGT
2025-12-23,9:41:00.647473090,T,94.1,700,94.2,100,TGT
2025-12-23,9:41:00.647478046,T,94.15,100,94.2,100,TGT
2025-12-23,9:41:00.647513113,T,94.11,100,94.2,100,TGT
2025-12-23,9:41:00.647523176,T,94.15,100,94.2,100,TGT
2025-12-23,9:41:00.647528327,T,94.11,100,94.2,100,TGT
2025-12-23,9:41:00.647528327,T,94.1,700,94.2,100,TGT
2025-12-23,9:41:00.647548289,T,94.1,700,94.16,100,TGT
2025-12-23,9:41:00.647623361,T,94.1,600,94.16,100,TGT
2025-12-23,9:41:00.648821246,T,94.1,600,94.2,100,TGT
2025-12-23,9:41:00.685438464,T,94.16,100,94.2,100,TGT
2025-12-23,9:41:00.685488682,T,94.1,600,94.2,100,TGT
2025-12-23,9:41:00.685513681,T,94.1,600,94.19,100,TGT
2025-12-23,9:41:00.687067417,T,94.1,600,94.2,100,TGT
2025-12-23,9:41:00.690741172,T,94.13,100,94.2,100,TGT
2025-12-23,9:41:00.804562309,T,94.13,100,94.21,100,TGT
2025-12-23,9:41:03.419507117,T,94.13,100,94.19,100,TGT
2025-12-23,9:41:06.025054339,T,94.1,600,94.19,100,TGT
2025-12-23,9:41:12.521260750,T,94.1,600,94.19,300,TGT
2025-12-23,9:41:12.641517542,T,94.1,200,94.19,300,TGT
2025-12-23,9:41:12.641557298,T,94.07,100,94.19,300,TGT
2025-12-23,9:41:12.641577481,T,94.07,100,94.11,100,TGT
2025-12-23,9:41:12.641853068,T,94.07,100,94.11,200,TGT
2025-12-23,9:41:12.641913159,T,94.07,100,94.11,100,TGT
2025-12-23,9:41:12.642634891,T,94.07,100,94.12,100,TGT
2025-12-23,9:41:12.647060398,T,94.08,100,94.12,100,TGT
2025-12-23,9:41:12.661504915,T,94.06,100,94.12,100,TGT
2025-12-23,9:41:12.742046698,T,94.06,100,94.19,300,TGT
2025-12-23,9:41:13.293650854,T,94.06,100,94.19,200,TGT
2025-12-23,9:41:13.366108515,T,94.06,100,94.21,100,TGT
2025-12-23,9:41:13.431809996,T,94.06,100,94.28,100,TGT
2025-12-23,9:41:15.296467341,T,94.06,100,94.2,100,TGT
2025-12-23,9:41:15.296577551,T,94.06,100,94.1,100,TGT
2025-12-23,9:41:15.304847190,T,94.06,100,94.2,100,TGT
2025-12-23,9:41:15.455305615,T,94.06,100,94.24,100,TGT
2025-12-23,9:41:16.738623297,T,94.07,100,94.24,100,TGT
2025-12-23,9:41:16.738648252,T,94.07,200,94.24,100,TGT
2025-12-23,9:41:16.739009084,T,94.07,100,94.24,100,TGT
2025-12-23,9:41:16.739655649,T,94.06,100,94.24,100,TGT
2025-12-23,9:41:16.739700707,T,94.07,100,94.24,100,TGT
2025-12-23,9:41:16.740422393,T,94.06,100,94.24,100,TGT
2025-12-23,9:41:16.740793264,T,94.07,100,94.24,100,TGT
2025-12-23,9:41:16.741169162,T,94.06,100,94.24,100,TGT
2025-12-23,9:41:16.741595209,T,94.07,100,94.24,100,TGT
2025-12-23,9:41:16.741911030,T,94.06,100,94.24,100,TGT
2025-12-23,9:41:16.742126494,T,94.07,100,94.24,100,TGT
2025-12-23,9:41:16.938659734,T,94.06,100,94.24,100,TGT
2025-12-23,9:41:17.566099421,T,94.06,100,94.28,100,TGT
2025-12-23,9:41:19.576308647,T,94.06,100,94.2,100,TGT
2025-12-23,9:41:25.944013360,T,94.06,100,94.24,100,TGT
2025-12-23,9:41:26.719490853,T,94.06,100,94.2,100,TGT
2025-12-23,9:41:30.334067082,T,94.06,100,94.26,200,TGT
2025-12-23,9:41:30.815839919,T,94.06,100,94.2,100,TGT
2025-12-23,9:41:33.849602347,T,94.06,200,94.2,100,TGT
2025-12-23,9:41:33.875814765,T,94.06,300,94.2,100,TGT
2025-12-23,9:41:38.425609020,T,94.06,400,94.2,100,TGT
2025-12-23,9:41:38.576984665,T,94.06,500,94.2,100,TGT
2025-12-23,9:41:38.577165117,T,94.06,500,94.26,100,TGT
2025-12-23,9:41:38.577185102,T,94.08,100,94.26,100,TGT
2025-12-23,9:41:38.577185102,T,94.09,100,94.26,100,TGT
2025-12-23,9:41:38.577190189,T,94.1,100,94.26,100,TGT
2025-12-23,9:41:38.577220151,T,94.12,100,94.26,100,TGT
2025-12-23,9:41:38.577325417,T,94.14,100,94.26,100,TGT
2025-12-23,9:41:38.577340578,T,94.15,100,94.26,100,TGT
2025-12-23,9:41:38.578102262,T,94.15,200,94.26,100,TGT
2025-12-23,9:41:38.586617567,T,94.15,100,94.26,100,TGT
2025-12-23,9:41:38.777372065,T,94.12,200,94.26,100,TGT
2025-12-23,9:41:38.954609288,T,94.12,100,94.26,100,TGT
2025-12-23,9:41:38.954919966,T,94.16,100,94.26,100,TGT
2025-12-23,9:41:38.955225752,T,94.12,100,94.26,100,TGT
2025-12-23,9:41:38.955245749,T,94.12,100,94.21,100,TGT
2025-12-23,9:41:38.955245749,T,94.12,100,94.21,200,TGT
2025-12-23,9:41:38.955250782,T,94.12,100,94.21,300,TGT
2025-12-23,9:41:38.955310882,T,94.09,100,94.21,300,TGT
2025-12-23,9:41:38.955676841,T,94.12,100,94.21,300,TGT
2025-12-23,9:41:38.955706927,T,94.09,100,94.21,300,TGT
2025-12-23,9:41:38.955766956,T,94.06,300,94.21,300,TGT
2025-12-23,9:41:38.955802105,T,94.06,300,94.21,200,TGT
2025-12-23,9:41:38.956629036,T,94.09,100,94.21,200,TGT
2025-12-23,9:41:38.960408053,T,94.09,100,94.21,100,TGT
2025-12-23,9:41:38.967459859,T,94.09,100,94.25,100,TGT
2025-12-23,9:41:38.989722848,T,94.06,300,94.25,100,TGT
2025-12-23,9:41:39.055765289,T,94.06,300,94.26,100,TGT
2025-12-23,9:41:39.185769945,T,94.12,100,94.26,100,TGT
2025-12-23,9:41:39.188691897,T,94.06,300,94.26,100,TGT
2025-12-23,9:41:39.188717476,T,94.06,300,94.17,100,TGT
2025-12-23,9:41:39.188997625,T,94.06,300,94.17,200,TGT
2025-12-23,9:41:39.189273341,T,94.06,300,94.17,100,TGT
2025-12-23,9:41:39.204058486,T,94.06,300,94.19,100,TGT
2025-12-23,9:41:39.288780344,T,94.06,300,94.24,100,TGT
2025-12-23,9:41:39.288780344,T,94.06,300,94.26,100,TGT
2025-12-23,9:41:39.289572231,T,94.06,400,94.26,100,TGT
2025-12-23,9:41:39.338904804,T,94.06,300,94.26,100,TGT
2025-12-23,9:41:40.260971624,T,94.11,100,94.26,100,TGT
2025-12-23,9:41:40.262445122,T,94.06,300,94.26,100,TGT
2025-12-23,9:41:41.109974241,T,94.12,100,94.26,100,TGT
2025-12-23,9:41:41.544855206,T,94.11,100,94.26,100,TGT
2025-12-23,9:41:41.544875262,T,94.11,100,94.18,100,TGT
2025-12-23,9:41:41.544955382,T,94.06,300,94.18,100,TGT
2025-12-23,9:41:41.544975448,T,94.06,300,94.18,200,TGT
2025-12-23,9:41:41.544975448,T,94.06,300,94.17,100,TGT
2025-12-23,9:41:41.544975448,T,94.06,300,94.16,100,TGT
2025-12-23,9:41:41.545401462,T,94.06,200,94.16,100,TGT
2025-12-23,9:41:41.745242566,T,94.06,200,94.26,100,TGT
2025-12-23,9:41:42.039468511,T,94.06,100,94.26,100,TGT
2025-12-23,9:41:43.617994201,T,94.07,100,94.26,100,TGT
2025-12-23,9:41:44.010639695,T,94.07,100,94.21,100,TGT
2025-12-23,9:41:44.010910265,T,94.07,100,94.21,200,TGT
2025-12-23,9:41:46.128465003,T,94.06,100,94.21,200,TGT
2025-12-23,9:41:46.128485080,T,94.06,100,94.13,100,TGT
2025-12-23,9:41:46.128489987,T,94.06,100,94.13,300,TGT
2025-12-23,9:41:46.128505120,T,94.06,100,94.13,200,TGT
2025-12-23,9:41:46.128535160,T,94.03,100,94.13,200,TGT
2025-12-23,9:41:46.128555172,T,94.03,100,94.13,300,TGT
2025-12-23,9:41:46.128555172,T,94.03,100,94.09,100,TGT
2025-12-23,9:41:46.129111540,T,94.03,100,94.11,100,TGT
2025-12-23,9:41:46.136739741,T,94.03,100,94.11,200,TGT
2025-12-23,9:41:46.137200812,T,94.04,100,94.11,200,TGT
2025-12-23,9:41:46.137872400,T,94.04,100,94.11,100,TGT
2025-12-23,9:41:46.138839680,T,94.04,100,94.11,200,TGT
2025-12-23,9:41:46.228723869,T,94.04,100,94.11,100,TGT
2025-12-23,9:41:46.329538948,T,94.04,100,94.21,100,TGT
2025-12-23,9:41:46.331714189,T,94.04,100,94.21,200,TGT
2025-12-23,9:41:46.366366722,T,94.04,200,94.21,200,TGT
2025-12-23,9:41:47.409867710,T,94.04,100,94.21,200,TGT
2025-12-23,9:41:48.349812005,T,94.04,100,94.21,300,TGT
2025-12-23,9:41:48.992758659,T,94.04,100,94.21,200,TGT
2025-12-23,9:41:50.336029009,T,94.04,100,94.21,100,TGT
2025-12-23,9:41:52.334184311,T,94.03,200,94.21,100,TGT
2025-12-23,9:41:52.334214364,T,94.03,100,94.21,100,TGT
2025-12-23,9:41:53.849549352,T,94.03,100,94.26,100,TGT
2025-12-23,9:41:53.849584505,T,94.03,100,94.2,100,TGT
2025-12-23,9:41:54.196220331,T,94.05,100,94.2,100,TGT
2025-12-23,9:41:57.180133982,T,94.05,100,94.23,100,TGT
2025-12-23,9:41:57.180174074,T,94.05,100,94.19,100,TGT
2025-12-23,9:41:57.180209187,T,94.05,100,94.19,200,TGT
2025-12-23,9:41:57.180439713,T,94.05,100,94.19,300,TGT
2025-12-23,9:41:57.298611232,T,94.05,100,94.19,400,TGT
2025-12-23,9:41:57.398955274,T,94.05,100,94.19,300,TGT
2025-12-23,9:41:57.728069412,T,94.03,100,94.19,300,TGT
2025-12-23,9:41:57.728094491,T,94.03,100,94.12,100,TGT
2025-12-23,9:41:57.728094491,T,94.03,100,94.12,200,TGT
2025-12-23,9:41:57.728094491,T,94.03,100,94.12,300,TGT
2025-12-23,9:41:57.728124530,T,94.03,100,94.12,200,TGT
2025-12-23,9:41:57.728139617,T,94.03,100,94.12,300,TGT
2025-12-23,9:41:57.733512468,T,94.03,100,94.12,200,TGT
2025-12-23,9:41:57.735131231,T,94.03,100,94.12,100,TGT
2025-12-23,9:41:57.735151337,T,94.03,100,94.18,100,TGT
2025-12-23,9:41:57.735151337,T,94.03,100,94.19,100,TGT
2025-12-23,9:42:01.450602984,T,94.03,100,94.16,100,TGT
2025-12-23,9:42:01.450873659,T,94.03,100,94.16,200,TGT
2025-12-23,9:42:01.884160779,T,94.03,100,94.16,100,TGT
2025-12-23,9:42:02.269874633,T,94.04,100,94.16,100,TGT
2025-12-23,9:42:02.951653952,T,94.03,100,94.16,100,TGT
2025-12-23,9:42:02.951679008,T,94.03,100,94.1,100,TGT
2025-12-23,9:42:02.951779205,T,94.03,100,94.09,100,TGT
2025-12-23,9:42:02.951789358,T,94.03,100,94.1,100,TGT
2025-12-23,9:42:02.951809247,T,94.03,100,94.16,200,TGT
2025-12-23,9:42:02.951944599,T,94.03,100,94.16,100,TGT
2025-12-23,9:42:02.952160126,T,94.03,100,94.16,200,TGT
2025-12-23,9:42:02.952295432,T,94.03,100,94.16,300,TGT
2025-12-23,9:42:02.952415752,T,94.03,100,94.16,200,TGT
2025-12-23,9:42:02.973521046,T,94.03,100,94.16,100,TGT
2025-12-23,9:42:02.973746585,T,94.03,100,94.16,200,TGT
2025-12-23,9:42:02.973756517,T,94.03,100,94.16,100,TGT
2025-12-23,9:42:02.974483259,T,94.03,100,94.16,200,TGT
2025-12-23,9:42:03.162907172,T,94.03,100,94.16,100,TGT
2025-12-23,9:42:03.162982442,T,94.03,100,94.19,100,TGT
2025-12-23,9:42:03.529485571,T,94.03,100,94.23,100,TGT
2025-12-23,9:42:03.529520682,T,94.03,100,94.15,100,TGT
2025-12-23,9:42:05.371088039,T,94.03,300,94.15,100,TGT
2025-12-23,9:42:09.548344744,T,94.03,400,94.15,100,TGT
2025-12-23,9:42:10.046386137,T,94.04,100,94.15,100,TGT
2025-12-23,9:42:13.447604135,T,94.04,100,94.17,100,TGT
2025-12-23,9:42:13.447639239,T,94.04,100,94.14,100,TGT
2025-12-23,9:42:16.349447270,T,94.04,100,94.13,100,TGT
2025-12-23,9:42:17.170202914,T,94.03,100,94.13,100,TGT
