DATE,TIME_M,EX,BID,BIDSIZ,ASK,ASKSIZ,SYM_ROOT
2025-10-15,9:30:11.369133397,T,89.02,100,89.75,100,TGT
2025-10-15,9:30:14.062219555,T,88.88,200,89.75,100,TGT
2025-10-15,9:30:14.062364922,T,88.88,200,89.75,200,TGT
2025-10-15,9:30:14.062379891,T,88.88,200,89.75,100,TGT
2025-10-15,9:30:14.328238486,T,88.88,200,89.75,200,TGT
2025-10-15,9:30:14.328343641,T,88.88,200,89.75,100,TGT
2025-10-15,9:30:28.502944361,T,88.88,200,89.66,100,TGT
2025-10-15,9:30:29.446457549,T,88.88,200,89.75,100,TGT
2025-10-15,9:30:29.446457549,T,88.88,200,89.29,100,TGT
2025-10-15,9:30:30.597198857,T,88.88,200,89.75,100,TGT
2025-10-15,9:30:30.597203871,T,88.88,200,89.25,100,TGT
2025-10-15,9:30:33.113518890,T,88.88,200,89.25,200,TGT
2025-10-15,9:30:34.101522829,T,88.89,100,89.25,200,TGT
2025-10-15,9:30:58.986355318,T,88.89,100,89.09,1000,TGT
2025-10-15,9:30:58.986390473,T,88.89,100,89.09,900,TGT
2025-10-15,9:30:58.986420473,T,88.89,100,89.09,800,TGT
2025-10-15,9:30:58.986440584,T,88.89,100,89.09,700,TGT
2025-10-15,9:30:58.986465573,T,88.89,100,89.09,500,TGT
2025-10-15,9:30:58.986465573,T,88.89,100,89.09,400,TGT
2025-10-15,9:30:58.993477291,T,88.89,100,89.09,100,TGT
2025-10-15,9:30:59.000559230,T,88.89,100,89.25,100,TGT
2025-10-15,9:30:59.000584234,T,88.89,100,89.25,200,TGT
2025-10-15,9:31:00.006601007,T,88.89,100,89.25,100,TGT
2025-10-15,9:31:00.006601007,T,88.89,100,89.24,100,TGT
2025-10-15,9:31:03.323809336,T,88.89,100,89.24,100,TGT
2025-10-15,9:31:03.337005748,T,88.89,100,89.25,100,TGT
2025-10-15,9:31:03.337045763,T,88.89,100,89.18,100,TGT
2025-10-15,9:31:03.339451592,T,88.99,100,89.18,100,TGT
2025-10-15,9:31:03.341887346,T,88.99,100,89.25,100,TGT
2025-10-15,9:31:03.341922471,T,88.99,100,89.23,100,TGT
2025-10-15,9:31:03.341972531,T,88.99,100,89.25,100,TGT
2025-10-15,9:31:03.341977589,T,88.99,100,89.18,100,TGT
2025-10-15,9:31:03.342273299,T,88.99,100,89.25,100,TGT
2025-10-15,9:31:03.342373553,T,88.99,100,89.23,100,TGT
2025-10-15,9:31:03.342664184,T,88.99,200,89.23,100,TGT
2025-10-15,9:31:03.347360413,T,88.99,200,89.25,100,TGT
2025-10-15,9:31:03.349044419,T,89.0,100,89.25,100,TGT
2025-10-15,9:31:03.350051837,T,89.0,100,89.25,200,TGT
2025-10-15,9:31:03.350071832,T,88.99,200,89.25,200,TGT
2025-10-15,9:31:03.350608180,T,88.99,200,89.19,100,TGT
2025-10-15,9:31:03.350608180,T,88.99,100,89.19,100,TGT
2025-10-15,9:31:03.350828703,T,88.99,100,89.19,200,TGT
2025-10-15,9:31:03.351124365,T,88.99,100,89.19,100,TGT
2025-10-15,9:31:03.352146847,T,88.99,100,89.25,100,TGT
2025-10-15,9:31:03.353840878,T,88.99,200,89.25,100,TGT
2025-10-15,9:31:03.354317015,T,88.99,100,89.25,100,TGT
2025-10-15,9:31:03.355239209,T,88.99,200,89.25,100,TGT
2025-10-15,9:31:03.355279643,T,89.05,100,89.25,100,TGT
2025-10-15,9:31:03.355279643,T,89.07,100,89.25,100,TGT
2025-10-15,9:31:03.362331070,T,89.05,100,89.25,100,TGT
2025-10-15,9:31:03.368149899,T,88.99,200,89.25,100,TGT
2025-10-15,9:31:03.380674760,T,88.99,100,89.25,100,TGT
2025-10-15,9:31:03.380699863,T,88.96,100,89.25,100,TGT
2025-10-15,9:31:03.389535923,T,88.98,100,89.25,100,TGT
2025-10-15,9:31:03.420589854,T,89.0,300,89.25,100,TGT
2025-10-15,9:31:06.276924960,T,89.07,100,89.25,100,TGT
2025-10-15,9:31:06.277165633,T,89.07,200,89.25,100,TGT
2025-10-15,9:31:06.533601499,T,89.07,200,89.25,200,TGT
2025-10-15,9:31:07.148235961,T,89.07,100,89.25,200,TGT
2025-10-15,9:31:07.482818136,T,89.07,100,89.25,100,TGT
2025-10-15,9:31:11.558778909,T,89.07,100,89.23,100,TGT
2025-10-15,9:31:14.360428827,T,89.1,100,89.23,100,TGT
2025-10-15,9:31:23.380865031,T,89.1,100,89.23,200,TGT
2025-10-15,9:31:26.624287457,T,89.1,100,89.23,100,TGT
2025-10-15,9:31:26.624287457,T,89.1,100,89.25,100,TGT
2025-10-15,9:31:26.624313016,T,89.1,200,89.25,100,TGT
2025-10-15,9:31:26.624317548,T,89.12,100,89.25,100,TGT
2025-10-15,9:31:26.624568112,T,89.12,100,89.36,200,TGT
2025-10-15,9:31:26.624898900,T,89.14,100,89.36,200,TGT
2025-10-15,9:31:26.624928983,T,89.18,100,89.36,200,TGT
2025-10-15,9:31:26.624954148,T,89.14,100,89.36,200,TGT
2025-10-15,9:31:26.624994116,T,89.15,100,89.36,200,TGT
2025-10-15,9:31:26.625079372,T,89.14,100,89.36,200,TGT
2025-10-15,9:31:26.625104352,T,89.14,100,89.5,100,TGT
2025-10-15,9:31:26.625109391,T,89.14,100,89.42,200,TGT
2025-10-15,9:31:26.625144616,T,89.18,100,89.42,200,TGT
2025-10-15,9:31:26.625164547,T,89.14,100,89.42,200,TGT
2025-10-15,9:31:26.625184795,T,89.14,100,89.41,100,TGT
2025-10-15,9:31:26.625189633,T,89.12,100,89.41,100,TGT
2025-10-15,9:31:26.625350020,T,89.1,200,89.41,100,TGT
2025-10-15,9:31:26.625385073,T,89.1,100,89.41,100,TGT
2025-10-15,9:31:26.625530441,T,89.1,200,89.41,100,TGT
2025-10-15,9:31:26.625720839,T,89.27,100,89.41,100,TGT
2025-10-15,9:31:26.633163539,T,89.27,200,89.41,100,TGT
2025-10-15,9:31:27.033642809,T,89.27,100,89.41,100,TGT
2025-10-15,9:31:27.661192935,T,89.07,100,89.41,100,TGT
2025-10-15,9:31:27.661212927,T,89.07,100,89.28,100,TGT
2025-10-15,9:31:27.661253687,T,89.07,100,89.4,100,TGT
2025-10-15,9:31:27.661263221,T,89.07,100,89.38,100,TGT
2025-10-15,9:31:27.661273064,T,89.07,100,89.42,300,TGT
2025-10-15,9:31:27.661288055,T,89.07,100,89.42,200,TGT
2025-10-15,9:31:27.661298185,T,89.07,100,89.42,300,TGT
2025-10-15,9:31:27.661333260,T,89.07,100,89.4,100,TGT
2025-10-15,9:31:27.661513623,T,89.07,100,89.42,300,TGT
2025-10-15,9:31:27.661543711,T,89.07,100,89.42,200,TGT
2025-10-15,9:31:27.662195233,T,89.07,100,89.42,300,TGT
2025-10-15,9:31:27.662225342,T,89.07,100,89.42,200,TGT
2025-10-15,9:31:27.721942578,T,89.13,100,89.42,200,TGT
2025-10-15,9:31:33.671241632,T,89.15,100,89.42,200,TGT
2025-10-15,9:31:36.519151637,T,89.15,200,89.42,200,TGT
2025-10-15,9:31:36.519487389,T,89.16,100,89.42,200,TGT
2025-10-15,9:31:36.521301720,T,89.15,200,89.42,200,TGT
2025-10-15,9:31:36.522038480,T,89.16,100,89.42,200,TGT
2025-10-15,9:31:36.523276451,T,89.15,200,89.42,200,TGT
2025-10-15,9:31:36.523822684,T,89.18,100,89.42,200,TGT
2025-10-15,9:31:36.529160476,T,89.16,100,89.42,200,TGT
2025-10-15,9:31:36.535024388,T,89.15,100,89.42,200,TGT
2025-10-15,9:31:37.410244691,T,89.17,100,89.42,200,TGT
2025-10-15,9:31:39.291893057,T,89.2,100,89.42,200,TGT
2025-10-15,9:31:39.292589390,T,89.22,100,89.42,200,TGT
2025-10-15,9:31:39.292829959,T,89.22,100,89.5,100,TGT
2025-10-15,9:31:39.292840191,T,89.22,100,89.5,300,TGT
2025-10-15,9:31:39.293025452,T,89.2,100,89.5,300,TGT
2025-10-15,9:31:39.429721028,T,89.18,100,89.5,300,TGT
2025-10-15,9:31:39.430197171,T,89.22,100,89.5,300,TGT
2025-10-15,9:31:39.923482362,T,89.18,100,89.5,300,TGT
2025-10-15,9:31:42.379102792,T,89.18,100,89.39,100,TGT
2025-10-15,9:31:43.648592296,T,89.22,100,89.39,100,TGT
2025-10-15,9:31:44.198878435,T,89.23,100,89.39,100,TGT
2025-10-15,9:31:50.237294740,T,89.23,600,89.39,100,TGT
2025-10-15,9:31:50.244491949,T,89.23,500,89.39,100,TGT
2025-10-15,9:31:50.270959942,T,89.26,100,89.39,100,TGT
2025-10-15,9:31:50.883038283,T,89.23,500,89.39,100,TGT
2025-10-15,9:31:50.883058276,T,89.23,500,89.32,100,TGT
2025-10-15,9:31:50.883088378,T,89.23,500,89.32,200,TGT
2025-10-15,9:31:50.883579514,T,89.22,100,89.32,200,TGT
2025-10-15,9:31:50.883604621,T,89.22,100,89.32,300,TGT
2025-10-15,9:31:50.883609610,T,89.22,100,89.29,100,TGT
2025-10-15,9:31:50.883684862,T,89.22,100,89.28,100,TGT
2025-10-15,9:31:50.883815168,T,89.17,100,89.28,100,TGT
2025-10-15,9:31:51.260297096,T,89.17,100,89.31,100,TGT
2025-10-15,9:31:51.260297096,T,89.17,100,89.32,100,TGT
2025-10-15,9:31:51.260297096,T,89.17,100,89.24,100,TGT
2025-10-15,9:31:51.260332139,T,89.17,100,89.32,100,TGT
2025-10-15,9:31:51.260332139,T,89.17,100,89.39,100,TGT
2025-10-15,9:31:51.260342241,T,89.17,100,89.32,100,TGT
2025-10-15,9:31:51.260362330,T,89.17,100,89.39,100,TGT
2025-10-15,9:31:51.260402410,T,89.17,100,89.37,100,TGT
2025-10-15,9:31:51.260482487,T,89.17,100,89.23,100,TGT
2025-10-15,9:31:51.260512575,T,89.17,100,89.28,100,TGT
2025-10-15,9:31:51.260522718,T,89.17,100,89.24,100,TGT
2025-10-15,9:31:51.260572729,T,89.17,200,89.24,100,TGT
2025-10-15,9:31:51.260602842,T,89.2,100,89.24,100,TGT
2025-10-15,9:31:51.260607779,T,89.2,100,89.39,100,TGT
2025-10-15,9:31:51.260652974,T,89.17,200,89.39,100,TGT
2025-10-15,9:31:51.260652974,T,89.17,100,89.39,100,TGT
2025-10-15,9:31:51.260657993,T,89.17,200,89.39,100,TGT
2025-10-15,9:31:51.260657993,T,89.2,100,89.39,100,TGT
2025-10-15,9:31:51.260687998,T,89.17,200,89.39,100,TGT
2025-10-15,9:31:51.262091305,T,89.2,100,89.39,100,TGT
2025-10-15,9:31:51.262111386,T,89.17,200,89.39,100,TGT
2025-10-15,9:31:51.262116370,T,89.2,100,89.39,100,TGT
2025-10-15,9:31:51.262146452,T,89.17,200,89.39,100,TGT
2025-10-15,9:31:51.262146452,T,89.17,100,89.39,100,TGT
2025-10-15,9:31:51.262166842,T,89.17,100,89.37,100,TGT
2025-10-15,9:31:51.262171585,T,89.17,100,89.27,100,TGT
2025-10-15,9:31:51.270225752,T,89.17,100,89.39,100,TGT
2025-10-15,9:31:51.270310919,T,89.17,100,89.4,100,TGT
2025-10-15,9:31:51.270646756,T,89.17,100,89.39,100,TGT
2025-10-15,9:31:51.291331065,T,89.17,100,89.26,100,TGT
2025-10-15,9:31:51.291386152,T,89.17,100,89.24,100,TGT
2025-10-15,9:31:51.291952517,T,89.17,200,89.24,100,TGT
2025-10-15,9:31:52.550475913,T,89.17,100,89.24,100,TGT
2025-10-15,9:31:53.837081129,T,89.15,100,89.24,100,TGT
2025-10-15,9:31:53.837106195,T,89.23,100,89.24,100,TGT
2025-10-15,9:31:53.837146349,T,89.15,100,89.24,100,TGT
2025-10-15,9:31:53.837181393,T,89.15,100,89.23,100,TGT
2025-10-15,9:31:53.837311750,T,89.15,100,89.23,300,TGT
2025-10-15,9:31:53.837657657,T,89.15,100,89.23,400,TGT
2025-10-15,9:31:53.837687573,T,89.15,100,89.23,500,TGT
2025-10-15,9:31:55.991474198,T,89.15,100,89.23,400,TGT
2025-10-15,9:31:55.991474198,T,89.15,100,89.23,200,TGT
2025-10-15,9:31:55.991478900,T,89.15,100,89.23,100,TGT
2025-10-15,9:31:55.991478900,T,89.15,100,89.24,100,TGT
2025-10-15,9:31:55.991498980,T,89.2,100,89.24,100,TGT
2025-10-15,9:31:55.991498980,T,89.23,100,89.24,100,TGT
2025-10-15,9:31:55.991534150,T,89.2,100,89.24,100,TGT
2025-10-15,9:31:55.991594188,T,89.2,100,89.23,100,TGT
2025-10-15,9:31:55.992055331,T,89.15,100,89.23,100,TGT
2025-10-15,9:31:56.028542284,T,89.15,100,89.24,200,TGT
2025-10-15,9:31:56.028767726,T,89.15,100,89.24,100,TGT
2025-10-15,9:31:56.078536335,T,89.15,100,89.39,100,TGT
2025-10-15,9:31:56.078957383,T,89.15,100,89.39,200,TGT
2025-10-15,9:31:56.078967374,T,89.15,100,89.39,300,TGT
2025-10-15,9:31:56.990383897,T,89.15,100,89.39,200,TGT
2025-10-15,9:32:00.813718028,T,89.15,200,89.39,200,TGT
2025-10-15,9:32:00.813718028,T,89.16,100,89.39,200,TGT
2025-10-15,9:32:00.813747951,T,89.15,200,89.39,200,TGT
2025-10-15,9:32:00.813753666,T,89.16,100,89.39,200,TGT
2025-10-15,9:32:00.813758017,T,89.15,200,89.39,200,TGT
2025-10-15,9:32:00.813793135,T,89.16,100,89.39,200,TGT
2025-10-15,9:32:00.813838149,T,89.16,100,89.39,100,TGT
2025-10-15,9:32:00.814043672,T,89.16,100,89.4,100,TGT
2025-10-15,9:32:00.814740393,T,89.15,200,89.4,100,TGT
2025-10-15,9:32:00.820759749,T,89.15,100,89.4,100,TGT
2025-10-15,9:32:09.623892979,T,89.15,100,89.43,300,TGT
2025-10-15,9:32:09.623918019,T,89.23,100,89.43,300,TGT
2025-10-15,9:32:09.685865627,T,89.15,200,89.43,300,TGT
2025-10-15,9:32:09.685920794,T,89.17,100,89.43,300,TGT
2025-10-15,9:32:09.686336756,T,89.15,200,89.43,300,TGT
2025-10-15,9:32:09.686852952,T,89.17,100,89.43,300,TGT
2025-10-15,9:32:09.724783392,T,89.15,200,89.43,300,TGT
2025-10-15,9:32:09.724808409,T,89.15,100,89.43,300,TGT
2025-10-15,9:32:11.363417453,T,89.15,100,89.43,200,TGT
2025-10-15,9:32:11.431188875,T,89.23,100,89.43,200,TGT
2025-10-15,9:32:15.558046142,T,89.23,100,89.43,300,TGT
2025-10-15,9:32:19.537862989,T,89.23,100,89.43,200,TGT
2025-10-15,9:32:25.336257349,T,89.2,100,89.43,200,TGT
2025-10-15,9:32:25.336277632,T,89.2,100,89.43,300,TGT
2025-10-15,9:32:25.336277632,T,89.2,100,89.31,100,TGT
2025-10-15,9:32:25.436285702,T,89.2,100,89.38,100,TGT
2025-10-15,9:32:33.992039590,T,89.2,100,89.38,200,TGT
2025-10-15,9:32:33.999071313,T,89.2,100,89.38,100,TGT
2025-10-15,9:32:35.993357728,T,89.2,100,89.42,100,TGT
2025-10-15,9:32:37.170938186,T,89.2,100,89.43,300,TGT
2025-10-15,9:32:45.811905079,T,89.21,100,89.43,300,TGT
2025-10-15,9:32:45.815092670,T,89.21,100,89.43,200,TGT
2025-10-15,9:32:45.815283204,T,89.22,100,89.43,200,TGT
2025-10-15,9:32:45.815889634,T,89.25,100,89.43,200,TGT
2025-10-15,9:32:45.815914648,T,89.22,100,89.43,200,TGT
2025-10-15,9:32:49.498232689,T,89.22,100,89.43,300,TGT
2025-10-15,9:32:49.498237755,T,89.22,100,89.42,100,TGT
2025-10-15,9:32:49.498237755,T,89.2,200,89.42,100,TGT
2025-10-15,9:32:49.498242872,T,89.2,100,89.42,100,TGT
2025-10-15,9:32:49.498247708,T,89.2,100,89.41,100,TGT
2025-10-15,9:32:49.498257832,T,89.2,100,89.42,100,TGT
2025-10-15,9:32:49.498267841,T,89.2,100,89.4,100,TGT
2025-10-15,9:32:49.505274469,T,89.2,100,89.42,100,TGT
2025-10-15,9:32:49.698865752,T,89.2,100,89.43,300,TGT
2025-10-15,9:32:49.698885757,T,89.2,100,89.43,200,TGT
2025-10-15,9:32:49.698920905,T,89.2,100,89.43,300,TGT
2025-10-15,9:32:49.698945902,T,89.2,100,89.43,200,TGT
2025-10-15,9:32:49.701396723,T,89.2,100,89.43,300,TGT
2025-10-15,9:32:49.800417706,T,89.2,100,89.43,200,TGT
2025-10-15,9:32:50.359960822,T,89.2,100,89.44,100,TGT
2025-10-15,9:32:50.359990925,T,89.2,100,89.45,100,TGT
2025-10-15,9:32:50.782512521,T,89.2,100,89.46,100,TGT
2025-10-15,9:32:51.921626435,T,89.2,100,89.47,100,TGT
2025-10-15,9:32:52.206966447,T,89.2,100,89.48,100,TGT
2025-10-15,9:32:52.208539990,T,89.2,100,89.49,100,TGT
2025-10-15,9:32:53.965300536,T,89.2,100,89.45,200,TGT
2025-10-15,9:32:55.095357832,T,89.25,100,89.45,200,TGT
2025-10-15,9:32:55.095573407,T,89.25,200,89.45,200,TGT
2025-10-15,9:32:55.645709210,T,89.25,200,89.36,100,TGT
2025-10-15,9:32:58.690528272,T,89.25,100,89.36,100,TGT
2025-10-15,9:32:59.197436119,T,89.25,100,89.45,200,TGT
2025-10-15,9:32:59.197441123,T,89.25,100,89.33,100,TGT
2025-10-15,9:32:59.277757459,T,89.25,100,89.45,200,TGT
2025-10-15,9:32:59.277777572,T,89.3,100,89.45,200,TGT
2025-10-15,9:32:59.278333890,T,89.25,100,89.45,200,TGT
2025-10-15,9:33:03.538939665,T,89.26,800,89.45,200,TGT
2025-10-15,9:33:09.965024728,T,89.26,800,89.45,300,TGT
2025-10-15,9:33:09.965024728,T,89.26,800,89.42,100,TGT
2025-10-15,9:33:09.965034762,T,89.26,800,89.41,100,TGT
2025-10-15,9:33:09.969319981,T,89.26,800,89.42,100,TGT
2025-10-15,9:33:09.972056502,T,89.26,800,89.45,300,TGT
2025-10-15,9:33:09.984781809,T,89.26,800,89.45,200,TGT
2025-10-15,9:33:10.288695837,T,89.25,100,89.45,200,TGT
2025-10-15,9:33:17.888071401,T,89.23,100,89.45,200,TGT
2025-10-15,9:33:17.893990418,T,89.17,300,89.45,200,TGT
2025-10-15,9:33:17.898060149,T,89.23,100,89.45,200,TGT
2025-10-15,9:33:19.801730522,T,89.19,100,89.45,200,TGT
2025-10-15,9:33:19.801740556,T,89.27,100,89.45,200,TGT
2025-10-15,9:33:19.801950994,T,89.27,200,89.45,200,TGT
2025-10-15,9:33:19.822334643,T,89.27,300,89.45,200,TGT
2025-10-15,9:33:19.943062258,T,89.27,200,89.45,200,TGT
2025-10-15,9:33:19.953772701,T,89.27,200,89.49,100,TGT
2025-10-15,9:33:19.953802874,T,89.27,200,89.5,100,TGT
2025-10-15,9:33:20.291021193,T,89.27,100,89.5,100,TGT
2025-10-15,9:33:20.306072196,T,89.38,100,89.5,100,TGT
2025-10-15,9:33:20.307415312,T,89.27,100,89.5,100,TGT
2025-10-15,9:33:22.534426212,T,89.27,200,89.5,100,TGT
2025-10-15,9:33:22.536004939,T,89.27,100,89.5,100,TGT
2025-10-15,9:33:22.798319874,T,89.37,100,89.5,100,TGT
2025-10-15,9:33:24.990186965,T,89.37,100,89.46,100,TGT
2025-10-15,9:33:25.620027652,T,89.37,100,89.46,200,TGT
2025-10-15,9:33:26.522733333,T,89.23,300,89.46,200,TGT
2025-10-15,9:33:26.522743281,T,89.23,200,89.46,200,TGT
2025-10-15,9:33:26.522759013,T,89.23,200,89.41,100,TGT
2025-10-15,9:33:26.523485102,T,89.23,200,89.41,300,TGT
2025-10-15,9:33:26.535769384,T,89.23,200,89.41,200,TGT
2025-10-15,9:33:26.622826772,T,89.23,200,89.41,100,TGT
2025-10-15,9:33:30.660651717,T,89.23,300,89.41,100,TGT
2025-10-15,9:33:30.959909709,T,89.33,100,89.41,100,TGT
2025-10-15,9:33:31.786353723,T,89.33,100,89.5,100,TGT
2025-10-15,9:33:31.786373922,T,89.41,100,89.5,100,TGT
2025-10-15,9:33:31.786418856,T,89.33,100,89.5,100,TGT
2025-10-15,9:33:31.786438980,T,89.33,100,89.44,100,TGT
2025-10-15,9:33:31.786844864,T,89.33,100,89.45,100,TGT
2025-10-15,9:33:31.786869982,T,89.33,200,89.45,100,TGT
2025-10-15,9:33:31.786879929,T,89.37,100,89.45,100,TGT
2025-10-15,9:33:31.786890092,T,89.37,200,89.45,100,TGT
2025-10-15,9:33:31.793901661,T,89.37,100,89.45,100,TGT
2025-10-15,9:33:31.793926822,T,89.37,100,89.5,100,TGT
2025-10-15,9:33:31.793926822,T,89.35,100,89.5,100,TGT
2025-10-15,9:33:32.072851349,T,89.33,200,89.5,100,TGT
2025-10-15,9:33:32.072876423,T,89.33,100,89.5,100,TGT
2025-10-15,9:33:33.284979135,T,89.33,100,89.49,100,TGT
2025-10-15,9:33:33.350159437,T,89.33,100,89.45,100,TGT
2025-10-15,9:33:34.413207125,T,89.33,100,89.45,200,TGT
2025-10-15,9:33:35.672301946,T,89.33,100,89.45,100,TGT
2025-10-15,9:33:35.672818155,T,89.33,100,89.49,100,TGT
2025-10-15,9:33:36.422343943,T,89.33,100,89.43,100,TGT
2025-10-15,9:33:38.292544616,T,89.33,100,89.43,200,TGT
2025-10-15,9:33:38.293807728,T,89.33,100,89.43,300,TGT
2025-10-15,9:33:38.293817709,T,89.33,100,89.43,400,TGT
2025-10-15,9:33:38.294313836,T,89.33,100,89.39,100,TGT
2025-10-15,9:33:38.301035237,T,89.22,200,89.39,100,TGT
2025-10-15,9:33:38.301105477,T,89.22,200,89.4,100,TGT
2025-10-15,9:33:38.301105477,T,89.22,200,89.36,100,TGT
2025-10-15,9:33:38.301491000,T,89.22,200,89.36,200,TGT
2025-10-15,9:33:38.301510977,T,89.22,200,89.36,100,TGT
2025-10-15,9:33:38.301526100,T,89.22,200,89.4,100,TGT
2025-10-15,9:33:38.301526100,T,89.22,200,89.34,100,TGT
2025-10-15,9:33:38.302197626,T,89.22,300,89.34,100,TGT
2025-10-15,9:33:38.302257810,T,89.22,400,89.34,100,TGT
2025-10-15,9:33:38.302277885,T,89.22,500,89.34,100,TGT
2025-10-15,9:33:38.302358010,T,89.22,500,89.4,100,TGT
2025-10-15,9:33:38.312281723,T,89.22,500,89.43,200,TGT
2025-10-15,9:33:39.495119769,T,89.22,500,89.43,100,TGT
2025-10-15,9:33:39.496873926,T,89.22,500,89.43,200,TGT
2025-10-15,9:33:39.496883978,T,89.22,500,89.43,300,TGT
2025-10-15,9:33:39.896656373,T,89.22,500,89.43,200,TGT
2025-10-15,9:33:40.067047219,T,89.26,100,89.43,200,TGT
2025-10-15,9:33:40.067102423,T,89.26,400,89.43,200,TGT
2025-10-15,9:33:41.662608749,T,89.31,200,89.43,200,TGT
2025-10-15,9:33:41.662653786,T,89.31,500,89.43,200,TGT
2025-10-15,9:33:41.882898601,T,89.31,500,89.43,100,TGT
2025-10-15,9:33:41.883690408,T,89.31,500,89.49,100,TGT
2025-10-15,9:33:49.691357118,T,89.31,200,89.49,100,TGT
2025-10-15,9:33:49.691367147,T,89.31,200,89.5,100,TGT
2025-10-15,9:33:49.691382355,T,89.36,300,89.5,100,TGT
2025-10-15,9:33:49.691387174,T,89.37,100,89.5,100,TGT
2025-10-15,9:33:49.691417289,T,89.4,300,89.5,100,TGT
2025-10-15,9:33:51.738123246,T,89.28,100,89.5,100,TGT
2025-10-15,9:33:51.738128218,T,89.34,100,89.5,100,TGT
2025-10-15,9:33:51.738148293,T,89.44,300,89.5,100,TGT
2025-10-15,9:33:51.738188368,T,89.44,200,89.5,100,TGT
2025-10-15,9:33:51.738208437,T,89.29,100,89.5,100,TGT
2025-10-15,9:33:51.738213681,T,89.28,100,89.5,100,TGT
2025-10-15,9:33:51.738218478,T,89.29,100,89.5,100,TGT
2025-10-15,9:33:51.738233526,T,89.29,100,89.46,100,TGT
2025-10-15,9:33:51.738454087,T,89.3,200,89.46,100,TGT
2025-10-15,9:33:51.738459014,T,89.35,400,89.46,100,TGT
2025-10-15,9:33:51.738789799,T,89.35,400,89.48,100,TGT
2025-10-15,9:33:51.739311139,T,89.35,400,89.5,100,TGT
2025-10-15,9:33:51.748538197,T,89.35,300,89.5,100,TGT
2025-10-15,9:33:52.261229523,T,89.3,200,89.5,100,TGT
2025-10-15,9:33:52.261264772,T,89.4,300,89.5,100,TGT
2025-10-15,9:33:53.111364893,T,89.4,300,89.49,100,TGT
2025-10-15,9:33:53.111395012,T,89.4,300,89.48,100,TGT
2025-10-15,9:33:53.115399549,T,89.4,300,89.49,100,TGT
2025-10-15,9:33:53.311767418,T,89.4,300,89.5,100,TGT
2025-10-15,9:33:56.334449068,T,89.42,100,89.5,100,TGT
2025-10-15,9:33:56.335000360,T,89.4,300,89.5,100,TGT
2025-10-15,9:33:56.335516586,T,89.44,100,89.5,100,TGT
2025-10-15,9:33:56.755296780,T,89.4,400,89.5,100,TGT
2025-10-15,9:33:56.755356902,T,89.4,300,89.5,100,TGT
2025-10-15,9:33:56.755381944,T,89.4,300,89.45,100,TGT
2025-10-15,9:33:56.759436630,T,89.4,300,89.49,100,TGT
2025-10-15,9:33:56.768272647,T,89.4,300,89.5,100,TGT
2025-10-15,9:33:59.252837104,T,89.42,100,89.5,100,TGT
2025-10-15,9:33:59.253127871,T,89.45,100,89.5,100,TGT
2025-10-15,9:33:59.253323169,T,89.45,100,89.51,100,TGT
2025-10-15,9:33:59.260780971,T,89.42,100,89.51,100,TGT
2025-10-15,9:33:59.263567565,T,89.42,100,89.5,100,TGT
2025-10-15,9:33:59.268158494,T,89.4,400,89.5,100,TGT
2025-10-15,9:33:59.453530162,T,89.4,300,89.5,100,TGT
2025-10-15,9:33:59.696854859,T,89.35,100,89.5,100,TGT
2025-10-15,9:33:59.696889927,T,89.45,300,89.5,100,TGT
2025-10-15,9:34:03.178379633,T,89.45,300,89.51,100,TGT
2025-10-15,9:34:03.178705479,T,89.45,300,89.57,300,TGT
2025-10-15,9:34:03.178705479,T,89.45,300,89.57,200,TGT
2025-10-15,9:34:03.178715465,T,89.45,400,89.57,200,TGT
2025-10-15,9:34:03.178750568,T,89.46,100,89.57,200,TGT
2025-10-15,9:34:03.178760524,T,89.45,400,89.57,200,TGT
2025-10-15,9:34:03.180604907,T,89.45,400,89.58,100,TGT
2025-10-15,9:34:03.180630018,T,89.45,400,89.62,300,TGT
2025-10-15,9:34:03.185757274,T,89.45,300,89.62,300,TGT
2025-10-15,9:34:03.361089995,T,89.45,300,89.51,100,TGT
2025-10-15,9:34:05.086004589,T,89.45,300,89.62,300,TGT
2025-10-15,9:34:05.086004589,T,89.45,300,89.62,200,TGT
2025-10-15,9:34:05.086024885,T,89.48,100,89.62,200,TGT
2025-10-15,9:34:05.086029619,T,89.49,100,89.62,200,TGT
2025-10-15,9:34:05.086565872,T,89.49,100,89.59,500,TGT
2025-10-15,9:34:05.086580938,T,89.48,200,89.59,500,TGT
2025-10-15,9:34:05.087192428,T,89.48,100,89.59,500,TGT
2025-10-15,9:34:05.093101403,T,89.45,400,89.59,500,TGT
2025-10-15,9:34:05.106708873,T,89.48,100,89.59,500,TGT
2025-10-15,9:34:05.106713941,T,89.49,100,89.59,500,TGT
2025-10-15,9:34:05.107270183,T,89.48,100,89.59,500,TGT
2025-10-15,9:34:05.107926826,T,89.45,300,89.59,500,TGT
2025-10-15,9:34:05.108237552,T,89.45,400,89.59,500,TGT
2025-10-15,9:34:05.432429872,T,89.45,400,89.62,200,TGT
2025-10-15,9:34:05.432610279,T,89.46,100,89.62,200,TGT
2025-10-15,9:34:05.432625381,T,89.5,100,89.62,200,TGT
2025-10-15,9:34:05.432850869,T,89.5,200,89.62,200,TGT
2025-10-15,9:34:05.433171662,T,89.5,200,89.62,300,TGT
2025-10-15,9:34:05.433181672,T,89.5,100,89.62,300,TGT
2025-10-15,9:34:05.675975206,T,89.48,100,89.62,300,TGT
2025-10-15,9:34:05.676832175,T,89.48,200,89.62,300,TGT
2025-10-15,9:34:05.677994850,T,89.48,100,89.62,300,TGT
2025-10-15,9:34:05.680591228,T,89.49,100,89.62,300,TGT
2025-10-15,9:34:05.680816608,T,89.49,200,89.62,300,TGT
2025-10-15,9:34:05.681067209,T,89.49,100,89.62,300,TGT
2025-10-15,9:34:06.025061764,T,89.48,100,89.62,300,TGT
2025-10-15,9:34:06.908862395,T,89.48,100,89.62,200,TGT
2025-10-15,9:34:06.908887437,T,89.49,100,89.62,200,TGT
2025-10-15,9:34:06.908912497,T,89.49,200,89.62,200,TGT
2025-10-15,9:34:06.909163136,T,89.49,300,89.62,200,TGT
2025-10-15,9:34:06.909393604,T,89.49,400,89.62,200,TGT
2025-10-15,9:34:06.909488893,T,89.49,400,89.66,100,TGT
2025-10-15,9:34:06.909684290,T,89.49,300,89.66,100,TGT
2025-10-15,9:34:07.009767730,T,89.49,200,89.66,100,TGT
2025-10-15,9:34:07.343543037,T,89.49,300,89.66,100,TGT
2025-10-15,9:34:07.343553003,T,89.5,100,89.66,100,TGT
2025-10-15,9:34:07.343558000,T,89.53,100,89.66,100,TGT
2025-10-15,9:34:07.343568014,T,89.53,100,89.67,300,TGT
2025-10-15,9:34:07.343588062,T,89.53,200,89.67,300,TGT
2025-10-15,9:34:07.343588062,T,89.53,100,89.67,300,TGT
2025-10-15,9:34:07.343683273,T,89.53,100,89.66,100,TGT
2025-10-15,9:34:07.344009073,T,89.53,200,89.66,100,TGT
2025-10-15,9:34:07.372752618,T,89.53,200,89.67,300,TGT
2025-10-15,9:34:07.452728136,T,89.53,100,89.67,300,TGT
2025-10-15,9:34:09.985021248,T,89.53,100,89.63,600,TGT
2025-10-15,9:34:09.995015079,T,89.53,200,89.63,600,TGT
2025-10-15,9:34:15.851608308,T,89.56,100,89.63,600,TGT
2025-10-15,9:34:15.852029222,T,89.56,200,89.63,600,TGT
2025-10-15,9:34:15.852039365,T,89.57,100,89.63,600,TGT
2025-10-15,9:34:15.852039365,T,89.58,100,89.63,600,TGT
2025-10-15,9:34:15.852279887,T,89.58,100,89.67,200,TGT
2025-10-15,9:34:15.852300145,T,89.61,100,89.67,200,TGT
2025-10-15,9:34:15.852856237,T,89.58,300,89.67,200,TGT
2025-10-15,9:34:15.853086751,T,89.58,300,89.64,100,TGT
2025-10-15,9:34:15.853106845,T,89.58,300,89.67,200,TGT
2025-10-15,9:34:15.853111801,T,89.58,200,89.67,200,TGT
2025-10-15,9:34:15.853126855,T,89.62,100,89.67,200,TGT
2025-10-15,9:34:15.858655051,T,89.62,100,89.75,200,TGT
2025-10-15,9:34:15.858690151,T,89.58,100,89.75,200,TGT
2025-10-15,9:34:15.858875540,T,89.57,100,89.75,200,TGT
2025-10-15,9:34:15.859136167,T,89.57,200,89.75,200,TGT
2025-10-15,9:34:15.860168675,T,89.57,300,89.75,200,TGT
2025-10-15,9:34:16.052572019,T,89.57,200,89.75,200,TGT
2025-10-15,9:34:16.570425841,T,89.57,100,89.75,200,TGT
2025-10-15,9:34:22.125500780,T,89.57,400,89.75,200,TGT
2025-10-15,9:34:22.379977031,T,89.57,300,89.75,200,TGT
2025-10-15,9:34:22.380212558,T,89.52,600,89.75,200,TGT
2025-10-15,9:34:22.380242662,T,89.52,500,89.75,200,TGT
2025-10-15,9:34:22.530335249,T,89.52,600,89.75,200,TGT
2025-10-15,9:34:22.530580819,T,89.52,600,89.71,100,TGT
2025-10-15,9:34:23.356102563,T,89.53,100,89.71,100,TGT
2025-10-15,9:34:23.356117665,T,89.54,100,89.71,100,TGT
2025-10-15,9:34:23.356162781,T,89.53,100,89.71,100,TGT
2025-10-15,9:34:23.366236772,T,89.52,600,89.71,100,TGT
2025-10-15,9:34:23.371489229,T,89.53,100,89.71,100,TGT
2025-10-15,9:34:23.371504576,T,89.54,100,89.71,100,TGT
2025-10-15,9:34:23.371509312,T,89.55,100,89.71,100,TGT
2025-10-15,9:34:23.371509312,T,89.64,100,89.71,100,TGT
2025-10-15,9:34:23.371534373,T,89.65,100,89.71,100,TGT
2025-10-15,9:34:23.373453951,T,89.65,100,89.75,200,TGT
2025-10-15,9:34:23.373499047,T,89.65,200,89.75,200,TGT
2025-10-15,9:34:23.373539106,T,89.67,200,89.75,200,TGT
2025-10-15,9:34:23.375468701,T,89.65,200,89.75,200,TGT
2025-10-15,9:34:23.375483815,T,89.65,200,89.74,100,TGT
2025-10-15,9:34:23.375533839,T,89.65,100,89.74,100,TGT
2025-10-15,9:34:23.376426017,T,89.69,300,89.74,100,TGT
2025-10-15,9:34:23.376696597,T,89.69,300,89.75,200,TGT
2025-10-15,9:34:23.412236347,T,89.69,300,89.75,300,TGT
2025-10-15,9:34:23.414712269,T,89.69,300,89.75,200,TGT
2025-10-15,9:34:23.693947520,T,89.69,600,89.75,200,TGT
2025-10-15,9:34:24.123020099,T,89.69,500,89.75,200,TGT
2025-10-15,9:34:24.123045127,T,89.69,300,89.75,200,TGT
2025-10-15,9:34:24.123045127,T,89.69,100,89.75,200,TGT
2025-10-15,9:34:24.123045127,T,89.69,100,89.75,300,TGT
2025-10-15,9:34:24.123089995,T,89.52,500,89.75,300,TGT
2025-10-15,9:34:24.123100308,T,89.52,400,89.75,300,TGT
2025-10-15,9:34:24.123109914,T,89.52,400,89.71,100,TGT
2025-10-15,9:34:24.123115299,T,89.52,400,89.7,100,TGT
2025-10-15,9:34:24.123155042,T,89.52,400,89.71,200,TGT
2025-10-15,9:34:24.123230296,T,89.52,500,89.71,200,TGT
2025-10-15,9:34:24.123300414,T,89.67,200,89.71,200,TGT
2025-10-15,9:34:24.123350515,T,89.67,400,89.71,200,TGT
2025-10-15,9:34:24.123440791,T,89.67,200,89.71,200,TGT
2025-10-15,9:34:24.123440791,T,89.53,100,89.71,200,TGT
2025-10-15,9:34:24.123445751,T,89.54,100,89.71,200,TGT
2025-10-15,9:34:24.123465783,T,89.69,400,89.71,200,TGT
2025-10-15,9:34:24.123475818,T,89.53,100,89.71,200,TGT
2025-10-15,9:34:24.123485818,T,89.52,500,89.71,200,TGT
2025-10-15,9:34:24.123500890,T,89.69,400,89.71,200,TGT
2025-10-15,9:34:24.123641271,T,89.69,300,89.71,200,TGT
2025-10-15,9:34:24.123661574,T,89.69,200,89.71,200,TGT
2025-10-15,9:34:24.123666300,T,89.53,100,89.71,200,TGT
2025-10-15,9:34:24.123666300,T,89.53,100,89.71,100,TGT
2025-10-15,9:34:24.123686377,T,89.52,400,89.71,100,TGT
2025-10-15,9:34:24.123706622,T,89.52,400,89.69,100,TGT
2025-10-15,9:34:24.123896819,T,89.52,400,89.69,200,TGT
2025-10-15,9:34:24.124117398,T,89.52,400,89.69,100,TGT
2025-10-15,9:34:24.141804513,T,89.52,400,89.75,200,TGT
2025-10-15,9:34:24.141824502,T,89.62,100,89.75,200,TGT
2025-10-15,9:34:24.148886419,T,89.54,100,89.75,200,TGT
2025-10-15,9:34:24.148911478,T,89.53,100,89.75,200,TGT
2025-10-15,9:34:24.153397125,T,89.52,500,89.75,200,TGT
2025-10-15,9:34:24.153397125,T,89.52,400,89.75,200,TGT
2025-10-15,9:34:24.363186979,T,89.52,500,89.75,200,TGT
2025-10-15,9:34:24.367557303,T,89.53,100,89.75,200,TGT
2025-10-15,9:34:24.779463774,T,89.53,100,89.7,200,TGT
2025-10-15,9:34:24.779493771,T,89.53,100,89.7,100,TGT
2025-10-15,9:34:24.779589073,T,89.52,500,89.7,100,TGT
2025-10-15,9:34:24.786575648,T,89.53,100,89.7,100,TGT
2025-10-15,9:34:25.428770685,T,89.53,100,89.75,200,TGT
2025-10-15,9:34:25.428780668,T,89.54,100,89.75,200,TGT
2025-10-15,9:34:25.428790772,T,89.68,100,89.75,200,TGT
2025-10-15,9:34:25.429347083,T,89.67,100,89.75,200,TGT
2025-10-15,9:34:25.429372144,T,89.6,100,89.75,200,TGT
2025-10-15,9:34:25.438834703,T,89.59,100,89.75,200,TGT
2025-10-15,9:34:25.439125419,T,89.57,100,89.75,200,TGT
2025-10-15,9:34:25.439150411,T,89.56,100,89.75,200,TGT
2025-10-15,9:34:25.935442868,T,89.55,100,89.75,200,TGT
2025-10-15,9:34:25.935472889,T,89.54,100,89.75,200,TGT
2025-10-15,9:34:25.935472889,T,89.53,100,89.75,200,TGT
2025-10-15,9:34:25.935507997,T,89.54,100,89.75,200,TGT
2025-10-15,9:34:26.522300987,T,89.62,100,89.75,200,TGT
2025-10-15,9:34:28.218461900,T,89.62,200,89.75,200,TGT
2025-10-15,9:34:34.263273734,T,89.62,200,89.71,100,TGT
2025-10-15,9:34:34.263499246,T,89.62,200,89.75,300,TGT
2025-10-15,9:34:34.263534300,T,89.62,200,89.75,200,TGT
2025-10-15,9:34:34.263554384,T,89.7,100,89.75,200,TGT
2025-10-15,9:34:34.265920023,T,89.62,200,89.75,200,TGT
2025-10-15,9:34:34.276485228,T,89.67,100,89.75,200,TGT
2025-10-15,9:34:34.707221359,T,89.67,100,89.75,100,TGT
2025-10-15,9:34:34.759841712,T,89.62,200,89.75,100,TGT
2025-10-15,9:34:35.636841203,T,89.62,200,89.79,500,TGT
2025-10-15,9:34:35.636851173,T,89.62,200,89.79,400,TGT
2025-10-15,9:34:35.640104028,T,89.73,100,89.79,400,TGT
2025-10-15,9:34:35.640549974,T,89.62,200,89.79,400,TGT
2025-10-15,9:34:35.640625188,T,89.62,300,89.79,400,TGT
2025-10-15,9:34:35.640625188,T,89.73,100,89.79,400,TGT
2025-10-15,9:34:35.641597447,T,89.73,200,89.79,400,TGT
2025-10-15,9:34:35.650914676,T,89.73,100,89.79,400,TGT
2025-10-15,9:34:35.651606403,T,89.73,200,89.79,400,TGT
2025-10-15,9:34:35.668812341,T,89.73,200,89.84,200,TGT
2025-10-15,9:34:35.669113038,T,89.73,200,89.89,100,TGT
2025-10-15,9:34:35.669298482,T,89.73,200,89.9,300,TGT
2025-10-15,9:34:35.672090097,T,89.73,200,89.81,100,TGT
2025-10-15,9:34:35.672516166,T,89.76,100,89.81,100,TGT
2025-10-15,9:34:35.672741716,T,89.76,200,89.81,100,TGT
2025-10-15,9:34:35.672892056,T,89.76,100,89.81,100,TGT
2025-10-15,9:34:35.691461330,T,89.76,100,89.87,100,TGT
2025-10-15,9:34:35.691461330,T,89.76,100,89.9,300,TGT
2025-10-15,9:34:35.691471363,T,89.77,100,89.9,300,TGT
2025-10-15,9:34:35.691486355,T,89.78,100,89.9,300,TGT
2025-10-15,9:34:35.691706930,T,89.78,200,89.9,300,TGT
2025-10-15,9:34:35.692037678,T,89.78,100,89.9,300,TGT
2025-10-15,9:34:35.696132515,T,89.78,100,89.89,100,TGT
2025-10-15,9:34:35.696137603,T,89.78,100,89.87,100,TGT
2025-10-15,9:34:35.696162521,T,89.78,100,89.89,100,TGT
2025-10-15,9:34:35.696167506,T,89.78,100,89.87,100,TGT
2025-10-15,9:34:35.696172548,T,89.78,100,89.89,100,TGT
2025-10-15,9:34:35.696182577,T,89.79,100,89.89,100,TGT
2025-10-15,9:34:35.696197592,T,89.78,100,89.89,100,TGT
2025-10-15,9:34:35.696202617,T,89.76,100,89.89,100,TGT
2025-10-15,9:34:35.696207678,T,89.76,100,89.87,100,TGT
2025-10-15,9:34:35.696222638,T,89.76,100,89.84,100,TGT
2025-10-15,9:34:35.696252668,T,89.76,100,89.84,200,TGT
2025-10-15,9:34:35.697275121,T,89.76,100,89.84,100,TGT
2025-10-15,9:34:35.701981328,T,89.62,200,89.84,100,TGT
2025-10-15,9:34:35.702477523,T,89.65,100,89.84,100,TGT
2025-10-15,9:34:35.702502616,T,89.64,100,89.84,100,TGT
2025-10-15,9:34:35.703399711,T,89.65,100,89.84,100,TGT
2025-10-15,9:34:35.705765416,T,89.66,100,89.84,100,TGT
2025-10-15,9:34:35.705775380,T,89.66,100,89.85,100,TGT
2025-10-15,9:34:35.706191394,T,89.66,100,89.87,100,TGT
2025-10-15,9:34:35.706597306,T,89.66,100,89.89,100,TGT
2025-10-15,9:34:35.713318363,T,89.77,100,89.89,100,TGT
2025-10-15,9:34:35.713543943,T,89.77,200,89.89,100,TGT
2025-10-15,9:34:35.713799483,T,89.77,100,89.89,100,TGT
2025-10-15,9:34:35.714982279,T,89.77,100,89.9,200,TGT
2025-10-15,9:34:35.731822503,T,89.77,200,89.9,200,TGT
2025-10-15,9:34:35.817551728,T,89.77,100,89.9,200,TGT
2025-10-15,9:34:35.818353574,T,89.77,100,89.84,200,TGT
2025-10-15,9:34:38.731844968,T,89.77,100,89.9,200,TGT
2025-10-15,9:34:39.479731773,T,89.77,100,89.86,300,TGT
2025-10-15,9:34:41.090399123,T,89.81,100,89.86,300,TGT
2025-10-15,9:34:41.659104068,T,89.81,100,89.94,500,TGT
2025-10-15,9:34:41.659124123,T,89.84,100,89.94,500,TGT
2025-10-15,9:34:41.659474944,T,89.84,100,89.88,100,TGT
2025-10-15,9:34:41.659570201,T,89.84,100,89.86,100,TGT
2025-10-15,9:34:41.660617670,T,89.84,100,89.88,100,TGT
2025-10-15,9:34:41.660622597,T,89.84,100,89.94,500,TGT
2025-10-15,9:34:41.759132353,T,89.81,100,89.94,500,TGT
2025-10-15,9:34:41.917945639,T,89.81,100,89.86,100,TGT
2025-10-15,9:34:42.451757394,T,89.8,100,89.86,100,TGT
2025-10-15,9:34:42.494419023,T,89.8,100,89.85,100,TGT
2025-10-15,9:34:42.494920244,T,89.8,100,89.85,200,TGT
2025-10-15,9:34:42.536389047,T,89.8,100,89.85,100,TGT
2025-10-15,9:34:43.175877627,T,89.8,100,89.94,500,TGT
2025-10-15,9:34:43.191620205,T,89.81,100,89.94,500,TGT
2025-10-15,9:34:43.941045568,T,89.81,100,89.94,600,TGT
2025-10-15,9:34:43.941055632,T,89.81,100,89.93,100,TGT
2025-10-15,9:34:43.941346379,T,89.81,100,89.89,100,TGT
2025-10-15,9:34:43.941616977,T,89.81,100,89.93,100,TGT
2025-10-15,9:34:43.948703854,T,89.81,100,89.94,600,TGT
2025-10-15,9:34:43.948728955,T,89.81,100,89.94,500,TGT
2025-10-15,9:34:49.387957766,T,89.82,100,89.94,500,TGT
2025-10-15,9:34:49.387982914,T,89.82,200,89.94,500,TGT
2025-10-15,9:34:49.394989616,T,89.82,100,89.94,500,TGT
2025-10-15,9:34:49.588034534,T,89.81,100,89.94,500,TGT
2025-10-15,9:34:51.549527795,T,89.81,100,89.88,100,TGT
2025-10-15,9:34:54.651533206,T,89.76,200,89.88,100,TGT
2025-10-15,9:34:54.651553363,T,89.76,200,89.84,100,TGT
2025-10-15,9:34:54.651808958,T,89.76,200,89.84,200,TGT
2025-10-15,9:34:54.651814095,T,89.76,200,89.83,100,TGT
2025-10-15,9:34:54.652375279,T,89.76,200,89.84,200,TGT
2025-10-15,9:34:54.652836375,T,89.76,200,89.84,300,TGT
2025-10-15,9:34:54.653347580,T,89.76,200,89.81,100,TGT
2025-10-15,9:34:54.653903861,T,89.76,200,89.84,300,TGT
2025-10-15,9:34:54.655011567,T,89.76,200,89.84,200,TGT
2025-10-15,9:34:54.715615987,T,89.76,200,89.84,100,TGT
2025-10-15,9:34:54.715641013,T,89.76,200,89.84,200,TGT
2025-10-15,9:34:54.716016970,T,89.76,200,89.84,100,TGT
2025-10-15,9:34:54.751551633,T,89.76,200,89.86,300,TGT
2025-10-15,9:34:56.192700029,T,89.76,100,89.86,300,TGT
2025-10-15,9:35:00.242042607,T,89.72,100,89.86,300,TGT
2025-10-15,9:35:00.242072587,T,89.72,200,89.86,300,TGT
2025-10-15,9:35:01.018131737,T,89.72,200,89.86,200,TGT
2025-10-15,9:35:01.025213709,T,89.78,100,89.86,200,TGT
2025-10-15,9:35:01.025769996,T,89.72,200,89.86,200,TGT
2025-10-15,9:35:01.026176253,T,89.72,200,89.86,300,TGT
2025-10-15,9:35:01.027203373,T,89.72,200,89.86,200,TGT
2025-10-15,9:35:01.099325258,T,89.72,200,89.86,300,TGT
2025-10-15,9:35:01.099866517,T,89.72,200,89.86,200,TGT
2025-10-15,9:35:01.286832015,T,89.77,300,89.86,200,TGT
2025-10-15,9:35:01.286917180,T,89.77,300,89.86,100,TGT
2025-10-15,9:35:01.435195595,T,89.77,300,89.94,600,TGT
2025-10-15,9:35:01.435210564,T,89.78,100,89.94,600,TGT
2025-10-15,9:35:01.435225631,T,89.81,100,89.94,600,TGT
2025-10-15,9:35:01.435240620,T,89.81,100,89.94,500,TGT
2025-10-15,9:35:01.435250583,T,89.81,200,89.94,500,TGT
2025-10-15,9:35:01.439515753,T,89.81,100,89.94,500,TGT
2025-10-15,9:35:02.256341903,T,89.73,100,89.94,500,TGT
2025-10-15,9:35:02.268410579,T,89.72,300,89.94,500,TGT
2025-10-15,9:35:02.269297697,T,89.78,100,89.94,500,TGT
2025-10-15,9:35:02.469334290,T,89.81,100,89.94,500,TGT
2025-10-15,9:35:02.476075529,T,89.83,100,89.94,500,TGT
2025-10-15,9:35:02.476125572,T,89.83,200,89.94,500,TGT
2025-10-15,9:35:02.476135527,T,89.83,100,89.94,500,TGT
2025-10-15,9:35:02.476185946,T,89.85,100,89.94,500,TGT
2025-10-15,9:35:02.476206029,T,89.83,100,89.94,500,TGT
2025-10-15,9:35:02.476225866,T,89.83,200,89.94,500,TGT
2025-10-15,9:35:02.476230777,T,89.83,100,89.94,500,TGT
2025-10-15,9:35:02.476396223,T,89.83,200,89.94,500,TGT
2025-10-15,9:35:02.476601715,T,89.88,100,89.94,500,TGT
2025-10-15,9:35:02.476621687,T,89.88,100,89.89,100,TGT
2025-10-15,9:35:02.476641753,T,89.88,100,89.94,500,TGT
2025-10-15,9:35:02.477152954,T,89.85,100,89.94,500,TGT
2025-10-15,9:35:02.477183078,T,89.84,100,89.94,500,TGT
2025-10-15,9:35:02.477558942,T,89.89,100,89.94,500,TGT
2025-10-15,9:35:06.133699461,T,89.89,100,89.94,400,TGT
2025-10-15,9:35:06.133719851,T,89.89,100,89.94,300,TGT
2025-10-15,9:35:06.133980397,T,89.89,100,89.94,200,TGT
2025-10-15,9:35:06.134020345,T,89.89,200,89.94,200,TGT
2025-10-15,9:35:06.134100407,T,89.89,100,89.94,200,TGT
2025-10-15,9:35:06.134486387,T,89.89,100,89.98,100,TGT
2025-10-15,9:35:06.134511403,T,89.94,100,89.98,100,TGT
2025-10-15,9:35:06.134541504,T,89.89,100,89.98,100,TGT
2025-10-15,9:35:06.134576792,T,89.89,100,89.94,100,TGT
2025-10-15,9:35:06.134606628,T,89.89,100,89.95,100,TGT
2025-10-15,9:35:06.134761941,T,89.89,100,89.94,100,TGT
2025-10-15,9:35:06.135158399,T,89.89,100,89.95,100,TGT
2025-10-15,9:35:06.135177959,T,89.86,100,89.95,100,TGT
2025-10-15,9:35:06.135187958,T,89.86,100,89.98,100,TGT
2025-10-15,9:35:06.135198057,T,89.87,100,89.98,100,TGT
2025-10-15,9:35:06.135423616,T,89.86,100,89.98,100,TGT
2025-10-15,9:35:06.168542486,T,89.85,400,89.98,100,TGT
2025-10-15,9:35:06.235441914,T,89.85,500,89.98,100,TGT
2025-10-15,9:35:06.307914568,T,89.9,100,89.98,100,TGT
2025-10-15,9:35:06.880854599,T,89.86,100,89.98,100,TGT
2025-10-15,9:35:06.882423338,T,89.94,100,89.98,100,TGT
2025-10-15,9:35:06.882703939,T,89.94,100,89.99,300,TGT
2025-10-15,9:35:06.883656235,T,89.87,100,89.99,300,TGT
2025-10-15,9:35:06.887099508,T,89.86,100,89.99,300,TGT
2025-10-15,9:35:06.895845272,T,89.87,100,89.99,300,TGT
2025-10-15,9:35:06.942050353,T,89.86,100,89.99,300,TGT
2025-10-15,9:35:07.111879957,T,89.86,100,89.97,100,TGT
2025-10-15,9:35:07.111910032,T,89.85,600,89.97,100,TGT
2025-10-15,9:35:07.113047742,T,89.9,100,89.97,100,TGT
2025-10-15,9:35:10.402630140,T,89.9,100,89.97,300,TGT
2025-10-15,9:35:13.530376860,T,89.91,100,89.97,300,TGT
2025-10-15,9:35:13.730398387,T,89.87,100,89.97,300,TGT
2025-10-15,9:35:14.393167460,T,89.86,100,89.97,300,TGT
2025-10-15,9:35:16.641664594,T,89.87,100,89.97,300,TGT
2025-10-15,9:35:16.641704640,T,89.92,100,89.97,300,TGT
2025-10-15,9:35:16.642466554,T,89.87,100,89.97,300,TGT
2025-10-15,9:35:16.651758694,T,89.86,100,89.97,300,TGT
2025-10-15,9:35:18.026549121,T,89.87,100,89.97,300,TGT
2025-10-15,9:35:21.421422269,T,89.87,100,89.97,200,TGT
2025-10-15,9:35:21.421422269,T,89.87,100,89.99,300,TGT
2025-10-15,9:35:21.421437325,T,89.94,100,89.99,300,TGT
2025-10-15,9:35:21.421447256,T,89.94,200,89.99,300,TGT
2025-10-15,9:35:21.421462361,T,89.94,200,89.99,200,TGT
2025-10-15,9:35:21.428494062,T,89.94,100,89.99,200,TGT
2025-10-15,9:35:21.442687956,T,89.95,100,89.99,200,TGT
2025-10-15,9:35:21.449754770,T,89.94,100,89.99,200,TGT
2025-10-15,9:35:21.451754471,T,89.94,100,90.0,2100,TGT
2025-10-15,9:35:21.451779540,T,89.94,200,90.0,2100,TGT
2025-10-15,9:35:21.451799665,T,89.95,100,90.0,2100,TGT
2025-10-15,9:35:21.451799665,T,89.96,100,90.0,2100,TGT
2025-10-15,9:35:21.451814698,T,89.96,200,90.0,2100,TGT
2025-10-15,9:35:21.452200540,T,89.96,200,90.0,1900,TGT
2025-10-15,9:35:21.452200540,T,89.96,200,90.0,1800,TGT
2025-10-15,9:35:21.452205614,T,89.96,200,90.0,1700,TGT
2025-10-15,9:35:21.452205614,T,89.96,200,90.0,1600,TGT
2025-10-15,9:35:21.452210542,T,89.96,200,90.0,1500,TGT
2025-10-15,9:35:21.452210542,T,89.96,200,90.0,1400,TGT
2025-10-15,9:35:21.452215684,T,89.96,200,90.0,1300,TGT
2025-10-15,9:35:21.452215684,T,89.96,200,90.0,1200,TGT
2025-10-15,9:35:21.452220907,T,89.96,200,90.0,1100,TGT
2025-10-15,9:35:21.452220907,T,89.96,200,90.0,1000,TGT
2025-10-15,9:35:21.452225916,T,89.96,200,90.0,900,TGT
2025-10-15,9:35:21.452225916,T,89.96,200,90.0,800,TGT
2025-10-15,9:35:21.452231119,T,89.96,200,90.0,700,TGT
2025-10-15,9:35:21.452231119,T,89.96,200,90.0,500,TGT
2025-10-15,9:35:21.452231119,T,89.96,200,90.0,400,TGT
2025-10-15,9:35:21.452231119,T,89.96,200,90.1,200,TGT
2025-10-15,9:35:21.452446610,T,89.97,100,90.1,200,TGT
2025-10-15,9:35:21.452636585,T,89.98,100,90.1,200,TGT
2025-10-15,9:35:21.452711817,T,89.99,100,90.1,200,TGT
2025-10-15,9:35:21.453017568,T,89.99,200,90.1,200,TGT
2025-10-15,9:35:21.453057560,T,90.0,100,90.1,200,TGT
2025-10-15,9:35:21.453348305,T,90.0,200,90.1,200,TGT
2025-10-15,9:35:21.453368403,T,90.0,100,90.1,200,TGT
2025-10-15,9:35:21.453719264,T,90.01,100,90.1,200,TGT
2025-10-15,9:35:21.455252874,T,90.0,100,90.1,200,TGT
2025-10-15,9:35:21.455603729,T,89.98,100,90.1,200,TGT
2025-10-15,9:35:21.461993857,T,89.98,100,90.15,100,TGT
2025-10-15,9:35:21.493965077,T,89.98,100,90.14,100,TGT
2025-10-15,9:35:21.493970108,T,89.97,100,90.14,100,TGT
2025-10-15,9:35:21.493970108,T,89.98,100,90.14,100,TGT
2025-10-15,9:35:21.494000115,T,89.97,100,90.14,100,TGT
2025-10-15,9:35:21.494010352,T,89.96,100,90.14,100,TGT
2025-10-15,9:35:21.494015239,T,89.96,100,90.1,100,TGT
2025-10-15,9:35:21.494025188,T,89.96,100,90.14,100,TGT
2025-10-15,9:35:21.494040259,T,89.96,100,90.12,100,TGT
2025-10-15,9:35:21.494050227,T,89.96,100,90.08,100,TGT
2025-10-15,9:35:21.494130416,T,89.95,100,90.08,100,TGT
2025-10-15,9:35:21.494481360,T,89.95,100,90.1,100,TGT
2025-10-15,9:35:21.494556441,T,90.0,100,90.1,100,TGT
2025-10-15,9:35:21.494601632,T,89.95,100,90.1,100,TGT
2025-10-15,9:35:21.494621691,T,89.95,100,90.07,100,TGT
2025-10-15,9:35:21.494626620,T,89.95,100,90.04,100,TGT
2025-10-15,9:35:21.494626620,T,89.95,100,90.02,100,TGT
2025-10-15,9:35:21.495183011,T,89.95,100,90.03,100,TGT
2025-10-15,9:35:21.567615504,T,89.94,100,90.03,100,TGT
2025-10-15,9:35:21.567640635,T,89.93,100,90.03,100,TGT
2025-10-15,9:35:21.616943080,T,89.93,100,90.04,100,TGT
2025-10-15,9:35:21.617845266,T,89.93,100,90.02,100,TGT
2025-10-15,9:35:21.618471735,T,89.93,100,90.04,100,TGT
2025-10-15,9:35:21.618877697,T,89.98,100,90.04,100,TGT
2025-10-15,9:35:22.739352165,T,89.98,100,90.02,100,TGT
2025-10-15,9:35:27.537508750,T,89.98,100,90.12,100,TGT
2025-10-15,9:35:27.615374287,T,90.0,100,90.12,100,TGT
2025-10-15,9:35:27.615394496,T,90.0,100,90.13,100,TGT
2025-10-15,9:35:27.615404278,T,89.98,100,90.13,100,TGT
2025-10-15,9:35:27.615414395,T,89.98,100,90.02,100,TGT
2025-10-15,9:35:27.615429405,T,89.98,100,90.01,100,TGT
2025-10-15,9:35:27.615484466,T,89.98,100,90.12,100,TGT
2025-10-15,9:35:27.615489605,T,89.98,100,90.01,100,TGT
2025-10-15,9:35:27.615494500,T,89.98,100,90.01,200,TGT
2025-10-15,9:35:27.615905657,T,89.94,100,90.01,200,TGT
2025-10-15,9:35:27.615930565,T,89.94,100,89.99,100,TGT
2025-10-15,9:35:27.615960625,T,89.94,100,90.0,200,TGT
2025-10-15,9:35:27.615960625,T,89.94,100,90.0,100,TGT
2025-10-15,9:35:27.615960625,T,89.94,100,90.08,100,TGT
2025-10-15,9:35:27.615980898,T,89.96,100,90.08,100,TGT
2025-10-15,9:35:27.615985732,T,89.96,100,89.99,100,TGT
2025-10-15,9:35:27.615985732,T,89.96,100,89.99,200,TGT
2025-10-15,9:35:27.615996265,T,89.96,100,89.99,100,TGT
2025-10-15,9:35:27.616015775,T,89.96,100,90.02,100,TGT
2025-10-15,9:35:27.616030858,T,89.96,100,90.07,100,TGT
2025-10-15,9:35:27.616045995,T,89.98,100,90.07,100,TGT
2025-10-15,9:35:27.616066507,T,89.98,100,90.04,100,TGT
2025-10-15,9:35:27.616085958,T,89.96,200,90.04,100,TGT
2025-10-15,9:35:27.616111059,T,89.98,100,90.04,100,TGT
2025-10-15,9:35:27.616121442,T,89.96,100,90.04,100,TGT
2025-10-15,9:35:27.616146112,T,89.96,100,90.02,100,TGT
2025-10-15,9:35:27.616261319,T,89.96,200,90.02,100,TGT
2025-10-15,9:35:27.616281429,T,89.96,100,90.02,100,TGT
2025-10-15,9:35:27.616306488,T,89.96,200,90.02,100,TGT
2025-10-15,9:35:27.616306488,T,89.96,100,90.02,100,TGT
2025-10-15,9:35:27.616326730,T,89.96,100,89.98,100,TGT
2025-10-15,9:35:27.616567114,T,89.94,100,89.98,100,TGT
2025-10-15,9:35:27.616587574,T,89.94,100,89.97,100,TGT
2025-10-15,9:35:27.616592200,T,89.94,100,89.97,200,TGT
2025-10-15,9:35:27.616662336,T,89.94,100,89.97,300,TGT
2025-10-15,9:35:27.616777582,T,89.95,100,89.97,300,TGT
2025-10-15,9:35:27.616797596,T,89.95,100,89.97,200,TGT
2025-10-15,9:35:27.616802661,T,89.94,100,89.97,200,TGT
2025-10-15,9:35:27.616843069,T,89.94,100,89.97,300,TGT
2025-10-15,9:35:27.616872797,T,89.94,100,89.97,400,TGT
2025-10-15,9:35:27.616877809,T,89.94,100,89.97,300,TGT
2025-10-15,9:35:27.617098534,T,89.92,400,89.97,300,TGT
2025-10-15,9:35:27.617143422,T,89.92,400,89.97,200,TGT
2025-10-15,9:35:27.617303877,T,89.92,400,89.95,100,TGT
2025-10-15,9:35:27.619634419,T,89.92,400,89.97,100,TGT
2025-10-15,9:35:27.622015103,T,89.92,400,90.01,100,TGT
2025-10-15,9:35:27.622045150,T,89.92,400,90.02,100,TGT
2025-10-15,9:35:27.644548801,T,89.92,400,89.95,100,TGT
2025-10-15,9:35:28.317281541,T,89.92,300,89.95,100,TGT
2025-10-15,9:35:28.762321875,T,89.92,300,89.96,100,TGT
2025-10-15,9:35:28.762341930,T,89.92,300,90.04,100,TGT
2025-10-15,9:35:28.762361966,T,89.93,100,90.04,100,TGT
2025-10-15,9:35:28.762366980,T,89.93,100,90.07,100,TGT
2025-10-15,9:35:28.762397074,T,89.93,100,90.04,100,TGT
2025-10-15,9:35:28.763163860,T,89.93,100,89.96,100,TGT
2025-10-15,9:35:28.763434456,T,89.92,300,89.96,100,TGT
2025-10-15,9:35:28.795405613,T,89.93,100,89.96,100,TGT
2025-10-15,9:35:29.292234412,T,89.93,100,90.04,100,TGT
2025-10-15,9:35:29.292259373,T,89.96,100,90.04,100,TGT
2025-10-15,9:35:29.292259373,T,89.96,100,90.07,100,TGT
2025-10-15,9:35:29.292294476,T,89.96,100,90.04,100,TGT
2025-10-15,9:35:29.292755707,T,89.96,100,90.02,100,TGT
2025-10-15,9:35:29.292755707,T,89.96,100,90.04,100,TGT
2025-10-15,9:35:29.292855827,T,89.94,100,90.04,100,TGT
2025-10-15,9:35:29.295557254,T,89.94,100,90.02,100,TGT
2025-10-15,9:35:29.295587356,T,89.93,100,90.02,100,TGT
2025-10-15,9:35:29.296459452,T,89.93,100,90.04,100,TGT
2025-10-15,9:35:29.296459452,T,89.93,100,90.02,100,TGT
2025-10-15,9:35:30.196308272,T,89.93,100,90.02,200,TGT
2025-10-15,9:35:31.133801823,T,89.9,200,90.02,200,TGT
2025-10-15,9:35:31.901856620,T,89.93,200,90.02,200,TGT
2025-10-15,9:35:32.203189476,T,89.93,200,89.99,100,TGT
2025-10-15,9:35:32.966337699,T,89.93,200,90.02,100,TGT
2025-10-15,9:35:34.107982628,T,89.93,200,90.04,100,TGT
2025-10-15,9:35:35.253622154,T,89.93,200,89.99,100,TGT
2025-10-15,9:35:35.437675646,T,89.93,200,90.04,100,TGT
2025-10-15,9:35:35.740502036,T,89.93,200,90.07,100,TGT
2025-10-15,9:35:35.740527161,T,89.93,200,90.04,100,TGT
2025-10-15,9:35:36.145837691,T,89.93,200,90.02,100,TGT
2025-10-15,9:35:36.145847735,T,89.93,200,90.04,100,TGT
2025-10-15,9:35:36.388135023,T,89.93,200,90.0,100,TGT
2025-10-15,9:35:37.441289116,T,89.93,200,90.04,100,TGT
2025-10-15,9:35:37.713342348,T,89.93,200,90.03,100,TGT
2025-10-15,9:35:40.284237407,T,89.93,200,90.0,100,TGT
2025-10-15,9:35:40.514044932,T,89.93,200,90.0,200,TGT
2025-10-15,9:35:40.514044932,T,89.93,200,89.99,100,TGT
2025-10-15,9:35:40.514055053,T,89.93,200,89.98,100,TGT
2025-10-15,9:35:40.514069993,T,89.93,200,89.98,200,TGT
2025-10-15,9:35:40.514180245,T,89.86,100,89.98,200,TGT
2025-10-15,9:35:40.514195289,T,89.86,100,89.98,300,TGT
2025-10-15,9:35:40.514195289,T,89.86,100,89.98,200,TGT
2025-10-15,9:35:40.514195289,T,89.86,100,89.96,100,TGT
2025-10-15,9:35:40.514210503,T,89.86,100,89.95,100,TGT
2025-10-15,9:35:40.514225324,T,89.86,100,89.95,200,TGT
2025-10-15,9:35:40.514275490,T,89.85,100,89.95,200,TGT
2025-10-15,9:35:40.555448519,T,89.85,100,89.95,100,TGT
2025-10-15,9:35:40.614569407,T,89.85,100,89.97,100,TGT
2025-10-15,9:35:40.706859201,T,89.85,100,89.95,100,TGT
2025-10-15,9:35:40.706869257,T,89.85,100,89.97,100,TGT
2025-10-15,9:35:40.714231821,T,89.85,100,89.98,300,TGT
2025-10-15,9:35:41.643375739,T,89.85,100,89.98,200,TGT
2025-10-15,9:35:42.358875338,T,89.84,100,89.98,200,TGT
2025-10-15,9:35:44.023491140,T,89.83,300,89.98,200,TGT
2025-10-15,9:35:44.023806821,T,89.83,300,89.95,100,TGT
2025-10-15,9:35:44.331730429,T,89.83,300,89.95,200,TGT
2025-10-15,9:35:55.643109603,T,89.83,300,89.95,100,TGT
2025-10-15,9:35:55.643109603,T,89.83,200,89.95,100,TGT
2025-10-15,9:35:55.643114627,T,89.83,200,89.95,200,TGT
2025-10-15,9:35:55.643114627,T,89.83,200,89.92,100,TGT
2025-10-15,9:35:55.643129647,T,89.83,200,89.91,100,TGT
2025-10-15,9:35:55.643134673,T,89.83,200,89.91,200,TGT
2025-10-15,9:35:55.643139670,T,89.83,200,89.91,300,TGT
2025-10-15,9:35:55.643164716,T,89.83,200,89.91,200,TGT
2025-10-15,9:35:55.643164716,T,89.83,200,89.91,300,TGT
2025-10-15,9:35:55.643164716,T,89.83,200,89.91,200,TGT
2025-10-15,9:35:55.643189816,T,89.83,200,89.9,100,TGT
2025-10-15,9:35:55.643204871,T,89.83,200,89.89,100,TGT
2025-10-15,9:35:55.843301554,T,89.83,200,89.9,100,TGT
2025-10-15,9:35:56.472350331,T,89.83,200,89.87,100,TGT
2025-10-15,9:35:56.472661105,T,89.83,200,89.9,100,TGT
2025-10-15,9:35:56.473322667,T,89.83,200,89.89,100,TGT
2025-10-15,9:35:56.473347702,T,89.83,200,89.9,100,TGT
2025-10-15,9:35:56.473347702,T,89.83,200,89.89,100,TGT
2025-10-15,9:35:56.473934116,T,89.83,200,89.9,100,TGT
2025-10-15,9:36:00.848837004,T,89.83,200,89.9,200,TGT
2025-10-15,9:36:02.429688451,T,89.83,400,89.9,200,TGT
2025-10-15,9:36:02.960001881,T,89.85,100,89.9,200,TGT
2025-10-15,9:36:02.960277473,T,89.85,100,89.9,100,TGT
2025-10-15,9:36:02.960848873,T,89.85,100,89.88,200,TGT
2025-10-15,9:36:02.961209706,T,89.83,300,89.88,200,TGT
2025-10-15,9:36:03.160168777,T,89.83,200,89.88,200,TGT
2025-10-15,9:36:03.435795571,T,89.83,200,89.88,100,TGT
2025-10-15,9:36:03.435850716,T,89.83,300,89.88,100,TGT
2025-10-15,9:36:03.436126408,T,89.83,300,89.9,100,TGT
2025-10-15,9:36:03.436166418,T,89.84,100,89.9,100,TGT
2025-10-15,9:36:03.436181478,T,89.87,100,89.9,100,TGT
2025-10-15,9:36:03.436306792,T,89.88,100,89.9,100,TGT
2025-10-15,9:36:03.436657564,T,89.83,300,89.9,100,TGT
2025-10-15,9:36:03.436767895,T,89.83,200,89.9,100,TGT
2025-10-15,9:36:03.436883178,T,89.87,100,89.9,100,TGT
2025-10-15,9:36:03.437153770,T,89.87,100,89.88,100,TGT
2025-10-15,9:36:03.437218958,T,89.87,100,89.9,100,TGT
2025-10-15,9:36:05.139780107,T,89.87,100,89.93,100,TGT
2025-10-15,9:36:05.139800121,T,89.87,100,89.95,100,TGT
2025-10-15,9:36:05.139845227,T,89.87,100,89.98,400,TGT
2025-10-15,9:36:05.140135939,T,89.87,100,89.98,200,TGT
2025-10-15,9:36:05.421571423,T,89.87,100,89.97,100,TGT
2025-10-15,9:36:05.421611486,T,89.87,100,89.97,200,TGT
2025-10-15,9:36:05.966379451,T,89.87,100,89.97,100,TGT
2025-10-15,9:36:05.966399471,T,89.88,100,89.97,100,TGT
2025-10-15,9:36:05.966414482,T,89.88,200,89.97,100,TGT
2025-10-15,9:36:05.966429519,T,89.88,100,89.97,100,TGT
2025-10-15,9:36:05.966930721,T,89.88,200,89.97,100,TGT
2025-10-15,9:36:05.967071067,T,89.88,100,89.97,100,TGT
2025-10-15,9:36:05.967437005,T,89.87,200,89.97,100,TGT
2025-10-15,9:36:05.973491420,T,89.87,100,89.97,100,TGT
2025-10-15,9:36:05.973511392,T,89.87,200,89.97,100,TGT
2025-10-15,9:36:06.166436094,T,89.87,100,89.97,100,TGT
2025-10-15,9:36:06.424355652,T,89.87,100,89.98,100,TGT
2025-10-15,9:36:08.800611815,T,89.89,100,89.98,100,TGT
2025-10-15,9:36:08.800666950,T,89.9,100,89.98,100,TGT
2025-10-15,9:36:08.814740466,T,89.87,200,89.98,100,TGT
2025-10-15,9:36:08.815557431,T,89.88,100,89.98,100,TGT
2025-10-15,9:36:08.926601944,T,89.87,200,89.98,100,TGT
2025-10-15,9:36:08.926622042,T,89.87,100,89.98,100,TGT
2025-10-15,9:36:08.927088084,T,89.88,100,89.98,100,TGT
2025-10-15,9:36:09.732767679,T,89.84,100,89.98,100,TGT
2025-10-15,9:36:09.732802698,T,89.83,300,89.98,100,TGT
2025-10-15,9:36:09.949970209,T,89.88,100,89.98,100,TGT
2025-10-15,9:36:11.715456558,T,89.89,100,89.98,100,TGT
2025-10-15,9:36:11.742997148,T,89.9,100,89.98,100,TGT
2025-10-15,9:36:11.743002132,T,89.9,100,89.99,100,TGT
2025-10-15,9:36:11.743027633,T,89.9,200,89.99,100,TGT
2025-10-15,9:36:11.743027633,T,89.9,100,89.99,100,TGT
2025-10-15,9:36:11.743027633,T,89.92,100,89.99,100,TGT
2025-10-15,9:36:11.743448242,T,89.9,100,89.99,100,TGT
2025-10-15,9:36:11.750119170,T,89.92,100,89.99,100,TGT
2025-10-15,9:36:11.750780691,T,89.9,100,89.99,100,TGT
2025-10-15,9:36:11.843546756,T,89.89,100,89.99,100,TGT
2025-10-15,9:36:13.008326730,T,89.88,100,89.99,100,TGT
2025-10-15,9:36:13.008336719,T,89.88,100,89.95,100,TGT
2025-10-15,9:36:13.008386847,T,89.88,100,89.94,100,TGT
2025-10-15,9:36:13.018751541,T,89.88,100,89.95,100,TGT
2025-10-15,9:36:16.188759136,T,89.88,100,89.95,200,TGT
2025-10-15,9:36:17.771575012,T,89.88,100,89.95,100,TGT
2025-10-15,9:36:19.115597163,T,89.88,100,89.99,200,TGT
2025-10-15,9:36:19.158374115,T,89.88,100,89.99,100,TGT
2025-10-15,9:36:19.158394201,T,89.9,100,89.99,100,TGT
2025-10-15,9:36:19.158444403,T,89.91,100,89.99,100,TGT
2025-10-15,9:36:19.158850262,T,89.9,100,89.99,100,TGT
2025-10-15,9:36:19.158975511,T,89.91,100,89.99,100,TGT
2025-10-15,9:36:19.159371521,T,89.9,100,89.99,100,TGT
2025-10-15,9:36:19.159632221,T,89.91,100,89.99,100,TGT
2025-10-15,9:36:19.160043123,T,89.9,100,89.99,100,TGT
2025-10-15,9:36:19.160148397,T,89.91,100,89.99,100,TGT
2025-10-15,9:36:19.269579066,T,89.9,100,89.99,100,TGT
2025-10-15,9:36:19.269649255,T,89.88,100,89.99,100,TGT
2025-10-15,9:36:19.270741828,T,89.9,100,89.99,100,TGT
2025-10-15,9:36:19.358435790,T,89.88,100,89.99,100,TGT
2025-10-15,9:36:22.335919547,T,89.88,100,89.95,100,TGT
2025-10-15,9:36:22.881188681,T,89.88,100,89.95,200,TGT
2025-10-15,9:36:22.881188681,T,89.88,100,89.94,100,TGT
2025-10-15,9:36:22.881193657,T,89.88,100,89.92,100,TGT
2025-10-15,9:36:22.881749978,T,89.88,100,89.93,200,TGT
2025-10-15,9:36:22.882261283,T,89.88,100,89.93,100,TGT
2025-10-15,9:36:22.890435727,T,89.88,100,89.94,200,TGT
2025-10-15,9:36:23.082613553,T,89.88,100,89.94,100,TGT
2025-10-15,9:36:27.994190431,T,89.83,200,89.94,100,TGT
2025-10-15,9:36:27.994215357,T,89.83,200,89.91,100,TGT
2025-10-15,9:36:27.994215357,T,89.83,200,89.9,100,TGT
2025-10-15,9:36:27.994395816,T,89.83,200,89.89,100,TGT
2025-10-15,9:36:27.994721533,T,89.83,200,89.9,100,TGT
2025-10-15,9:36:27.994766706,T,89.83,200,89.91,300,TGT
2025-10-15,9:36:27.995247774,T,89.83,200,89.91,200,TGT
2025-10-15,9:36:28.003733171,T,89.83,200,89.91,100,TGT
2025-10-15,9:36:28.003748081,T,89.83,200,89.91,200,TGT
2025-10-15,9:36:28.004234236,T,89.83,200,89.91,100,TGT
2025-10-15,9:36:28.724114370,T,89.85,100,89.91,100,TGT
2025-10-15,9:36:28.725542749,T,89.86,100,89.91,100,TGT
2025-10-15,9:36:28.725552775,T,89.86,100,89.94,200,TGT
2025-10-15,9:36:28.725582779,T,89.86,100,89.94,100,TGT
2025-10-15,9:36:28.726755617,T,89.86,100,89.92,100,TGT
2025-10-15,9:36:28.732614609,T,89.85,100,89.92,100,TGT
2025-10-15,9:36:30.640575309,T,89.85,100,89.94,100,TGT
2025-10-15,9:36:30.640600307,T,89.86,100,89.94,100,TGT
2025-10-15,9:36:30.640605487,T,89.86,100,89.95,200,TGT
2025-10-15,9:36:30.640610423,T,89.86,200,89.95,200,TGT
2025-10-15,9:36:30.640610423,T,89.87,100,89.95,200,TGT
2025-10-15,9:36:30.640635397,T,89.87,100,89.95,100,TGT
2025-10-15,9:36:30.640655490,T,89.88,100,89.95,100,TGT
2025-10-15,9:36:30.640680478,T,89.88,200,89.95,100,TGT
2025-10-15,9:36:30.640775781,T,89.9,100,89.95,100,TGT
2025-10-15,9:36:30.641066439,T,89.9,100,89.99,100,TGT
2025-10-15,9:36:30.641412283,T,89.9,200,89.99,100,TGT
2025-10-15,9:36:30.642474774,T,89.91,100,89.99,100,TGT
2025-10-15,9:36:30.668556923,T,89.9,100,89.99,100,TGT
2025-10-15,9:36:30.669809961,T,89.9,100,89.98,100,TGT
2025-10-15,9:36:30.710982954,T,89.89,100,89.98,100,TGT
2025-10-15,9:36:30.834046196,T,89.89,100,89.99,100,TGT
2025-10-15,9:36:30.840827347,T,89.88,200,89.99,100,TGT
2025-10-15,9:36:30.917043963,T,89.88,100,89.99,100,TGT
2025-10-15,9:36:31.095890048,T,89.9,100,89.99,100,TGT
2025-10-15,9:36:37.523623977,T,89.9,100,90.02,100,TGT
2025-10-15,9:36:37.527528228,T,89.91,100,90.02,100,TGT
2025-10-15,9:36:37.527548295,T,89.91,100,90.04,100,TGT
2025-10-15,9:36:37.527743788,T,89.91,100,90.02,100,TGT
2025-10-15,9:36:37.527753804,T,89.91,200,90.02,100,TGT
2025-10-15,9:36:37.527984338,T,89.91,200,90.04,100,TGT
2025-10-15,9:36:37.528004355,T,89.91,300,90.04,100,TGT
2025-10-15,9:36:37.528024471,T,89.95,100,90.04,100,TGT
2025-10-15,9:36:37.534990962,T,89.91,200,90.04,100,TGT
2025-10-15,9:36:37.540880084,T,89.91,100,90.04,100,TGT
2025-10-15,9:36:37.546949547,T,89.91,100,90.07,100,TGT
2025-10-15,9:36:37.848638242,T,89.95,100,90.07,100,TGT
2025-10-15,9:36:37.848673372,T,89.91,100,90.07,100,TGT
2025-10-15,9:36:37.849324942,T,89.91,100,90.04,100,TGT
2025-10-15,9:36:37.897790456,T,89.95,100,90.04,100,TGT
2025-10-15,9:36:37.898552167,T,89.95,100,90.07,100,TGT
2025-10-15,9:36:40.275044129,T,89.91,100,90.07,100,TGT
2025-10-15,9:36:40.635332531,T,89.9,100,90.07,100,TGT
2025-10-15,9:36:40.635337510,T,89.9,100,90.0,100,TGT
2025-10-15,9:36:40.686674798,T,89.9,100,90.07,100,TGT
2025-10-15,9:36:40.763618152,T,89.92,100,90.07,100,TGT
2025-10-15,9:36:40.923444000,T,89.92,300,90.07,100,TGT
2025-10-15,9:36:41.099042323,T,89.92,400,90.07,100,TGT
2025-10-15,9:36:42.489439981,T,89.92,400,90.0,100,TGT
2025-10-15,9:36:51.080427914,T,89.92,300,90.0,100,TGT
2025-10-15,9:36:51.102169747,T,89.93,100,90.0,100,TGT
2025-10-15,9:36:53.640021094,T,89.93,100,90.07,100,TGT
2025-10-15,9:36:53.640071320,T,89.93,200,90.07,100,TGT
2025-10-15,9:36:53.840318357,T,89.93,100,90.07,100,TGT
2025-10-15,9:36:53.840468694,T,89.93,200,90.07,100,TGT
2025-10-15,9:36:53.840473700,T,89.94,100,90.07,100,TGT
2025-10-15,9:36:53.840478795,T,89.95,100,90.07,100,TGT
2025-10-15,9:36:53.840478795,T,89.97,100,90.07,100,TGT
2025-10-15,9:36:53.840488753,T,89.97,100,90.08,100,TGT
2025-10-15,9:36:53.840528856,T,89.97,200,90.08,100,TGT
2025-10-15,9:36:53.840634180,T,89.97,200,90.09,100,TGT
2025-10-15,9:36:53.840824626,T,89.97,100,90.09,100,TGT
2025-10-15,9:36:53.840859667,T,89.95,200,90.09,100,TGT
2025-10-15,9:36:53.848121911,T,89.95,100,90.09,100,TGT
2025-10-15,9:36:53.872645351,T,89.97,100,90.09,100,TGT
2025-10-15,9:36:53.874374518,T,89.95,100,90.09,100,TGT
2025-10-15,9:36:54.152081176,T,89.97,100,90.09,100,TGT
2025-10-15,9:36:54.152186467,T,89.97,100,90.02,100,TGT
2025-10-15,9:36:54.152201501,T,89.95,100,90.02,100,TGT
2025-10-15,9:36:54.152552338,T,89.95,100,90.01,100,TGT
2025-10-15,9:36:54.153559730,T,89.97,100,90.01,100,TGT
2025-10-15,9:36:54.153589751,T,89.97,100,90.09,100,TGT
2025-10-15,9:36:54.153955661,T,89.95,100,90.09,100,TGT
2025-10-15,9:36:55.976542892,T,89.95,300,90.09,100,TGT
2025-10-15,9:37:00.472564850,T,89.95,300,90.02,100,TGT
2025-10-15,9:37:00.473888008,T,89.97,100,90.02,100,TGT
2025-10-15,9:37:01.104941313,T,89.97,200,90.02,100,TGT
2025-10-15,9:37:01.512853114,T,89.97,200,90.09,100,TGT
2025-10-15,9:37:01.557018377,T,89.98,100,90.09,100,TGT
2025-10-15,9:37:01.557589703,T,89.97,100,90.09,100,TGT
2025-10-15,9:37:03.057553378,T,89.97,100,90.0,500,TGT
2025-10-15,9:37:05.702239127,T,89.97,100,90.0,300,TGT
2025-10-15,9:37:05.702259454,T,89.97,100,90.07,100,TGT
2025-10-15,9:37:05.702259454,T,89.97,100,90.08,100,TGT
2025-10-15,9:37:05.702284199,T,90.0,100,90.08,100,TGT
2025-10-15,9:37:05.702324370,T,90.0,100,90.09,100,TGT
2025-10-15,9:37:05.702630107,T,90.0,100,90.12,200,TGT
2025-10-15,9:37:05.702720313,T,89.99,100,90.12,200,TGT
2025-10-15,9:37:05.702745353,T,89.99,100,90.08,100,TGT
2025-10-15,9:37:05.702770393,T,89.97,100,90.08,100,TGT
2025-10-15,9:37:05.702790509,T,89.97,100,90.0,100,TGT
2025-10-15,9:37:05.703266601,T,89.97,100,90.03,100,TGT
2025-10-15,9:37:05.703301727,T,89.97,200,90.03,100,TGT
2025-10-15,9:37:05.703351771,T,89.97,200,90.07,100,TGT
2025-10-15,9:37:05.704093565,T,89.98,100,90.07,100,TGT
2025-10-15,9:37:05.713305482,T,89.98,100,90.04,100,TGT
2025-10-15,9:37:05.714112424,T,89.98,100,90.02,100,TGT
2025-10-15,9:37:05.982998025,T,89.97,100,90.02,100,TGT
2025-10-15,9:37:05.983013095,T,89.97,100,90.0,100,TGT
2025-10-15,9:37:05.983013095,T,89.97,100,89.99,100,TGT
2025-10-15,9:37:05.983574422,T,89.97,100,90.0,100,TGT
2025-10-15,9:37:05.984190820,T,89.96,100,90.0,100,TGT
2025-10-15,9:37:05.984215940,T,89.96,100,89.98,100,TGT
2025-10-15,9:37:05.984401353,T,89.97,100,89.98,100,TGT
2025-10-15,9:37:05.984772282,T,89.97,100,90.0,100,TGT
2025-10-15,9:37:06.025809972,T,89.96,100,90.0,100,TGT
2025-10-15,9:37:06.025855222,T,89.96,100,89.99,100,TGT
2025-10-15,9:37:06.035287613,T,89.96,100,90.03,100,TGT
2025-10-15,9:37:06.038725737,T,89.96,100,90.04,100,TGT
2025-10-15,9:37:06.138558575,T,89.96,100,90.02,100,TGT
2025-10-15,9:37:06.262664354,T,89.96,100,90.01,100,TGT
2025-10-15,9:37:06.270021887,T,89.96,100,90.03,100,TGT
2025-10-15,9:37:06.633082014,T,89.97,500,90.03,100,TGT
2025-10-15,9:37:06.657074119,T,89.96,100,90.03,100,TGT
2025-10-15,9:37:06.657094167,T,89.96,100,89.99,100,TGT
2025-10-15,9:37:06.657099197,T,89.96,100,89.99,200,TGT
2025-10-15,9:37:06.657124319,T,89.96,100,89.99,300,TGT
2025-10-15,9:37:06.657615511,T,89.96,100,89.99,200,TGT
2025-10-15,9:37:06.657650507,T,89.96,100,89.99,100,TGT
2025-10-15,9:37:06.757207725,T,89.96,100,90.0,100,TGT
2025-10-15,9:37:07.141212620,T,89.96,100,90.02,100,TGT
2025-10-15,9:37:07.141222701,T,89.96,100,90.03,100,TGT
2025-10-15,9:37:08.686870398,T,89.96,100,90.02,100,TGT
2025-10-15,9:37:08.686930143,T,89.95,200,90.02,100,TGT
2025-10-15,9:37:08.686935120,T,89.95,200,90.01,100,TGT
2025-10-15,9:37:08.686955216,T,89.95,200,89.98,100,TGT
2025-10-15,9:37:08.687486502,T,89.95,100,89.98,100,TGT
2025-10-15,9:37:08.687506561,T,89.95,100,89.99,200,TGT
2025-10-15,9:37:08.687521527,T,89.93,100,89.99,200,TGT
2025-10-15,9:37:08.687541594,T,89.93,100,89.97,100,TGT
2025-10-15,9:37:08.688097910,T,89.93,100,89.98,100,TGT
2025-10-15,9:37:08.688313451,T,89.94,100,89.98,100,TGT
2025-10-15,9:37:08.695234982,T,89.94,100,89.99,200,TGT
2025-10-15,9:37:08.703930653,T,89.94,100,89.99,100,TGT
2025-10-15,9:37:08.887327585,T,89.94,100,90.02,100,TGT
2025-10-15,9:37:08.887362690,T,89.94,100,90.0,100,TGT
2025-10-15,9:37:10.781871272,T,89.88,100,90.0,100,TGT
2025-10-15,9:37:11.392541282,T,89.94,300,90.0,100,TGT
2025-10-15,9:37:12.659188886,T,89.94,300,90.02,100,TGT
2025-10-15,9:37:12.659238962,T,89.95,100,90.02,100,TGT
2025-10-15,9:37:12.659259034,T,89.96,100,90.02,100,TGT
2025-10-15,9:37:12.659304167,T,89.96,100,90.03,100,TGT
2025-10-15,9:37:12.660476872,T,89.92,200,90.03,100,TGT
2025-10-15,9:37:12.668711501,T,89.92,200,90.0,100,TGT
2025-10-15,9:37:12.672124713,T,89.92,100,90.0,100,TGT
2025-10-15,9:37:14.943541226,T,89.92,100,90.0,200,TGT
2025-10-15,9:37:14.943571306,T,89.92,100,90.0,300,TGT
2025-10-15,9:37:14.943726690,T,89.92,100,89.98,100,TGT
2025-10-15,9:37:14.943771803,T,89.92,100,89.97,100,TGT
2025-10-15,9:37:14.944328100,T,89.92,100,89.98,100,TGT
2025-10-15,9:37:14.944363190,T,89.92,100,90.0,300,TGT
2025-10-15,9:37:14.948939123,T,89.92,100,89.98,100,TGT
2025-10-15,9:37:14.948969234,T,89.92,100,89.98,200,TGT
2025-10-15,9:37:14.949335013,T,89.92,100,89.98,100,TGT
2025-10-15,9:37:14.949335013,T,89.92,100,90.0,300,TGT
2025-10-15,9:37:14.949715995,T,89.92,100,89.98,100,TGT
2025-10-15,9:37:14.949715995,T,89.92,100,89.98,200,TGT
2025-10-15,9:37:14.950051732,T,89.92,100,89.98,100,TGT
2025-10-15,9:37:14.950056716,T,89.92,100,90.0,300,TGT
2025-10-15,9:37:14.950507817,T,89.92,100,89.98,100,TGT
2025-10-15,9:37:14.950507817,T,89.92,100,89.98,200,TGT
2025-10-15,9:37:14.951069187,T,89.92,100,89.98,100,TGT
2025-10-15,9:37:15.093523537,T,89.92,100,90.02,100,TGT
2025-10-15,9:37:18.403098501,T,89.92,100,90.0,100,TGT
2025-10-15,9:37:18.403118543,T,89.92,100,89.96,100,TGT
2025-10-15,9:37:18.403674817,T,89.92,100,90.0,100,TGT
2025-10-15,9:37:18.403820244,T,89.92,100,89.98,100,TGT
2025-10-15,9:37:18.652016492,T,89.92,100,90.0,100,TGT
2025-10-15,9:37:18.660211016,T,89.92,100,89.98,100,TGT
2025-10-15,9:37:18.954326805,T,89.92,100,89.98,200,TGT
2025-10-15,9:37:18.954657660,T,89.92,100,89.98,100,TGT
2025-10-15,9:37:19.229662861,T,89.92,100,89.98,200,TGT
2025-10-15,9:37:19.307588475,T,89.91,100,89.98,200,TGT
2025-10-15,9:37:19.307593498,T,89.91,100,89.98,300,TGT
2025-10-15,9:37:19.307613581,T,89.91,100,89.95,100,TGT
2025-10-15,9:37:19.307638631,T,89.88,100,89.95,100,TGT
2025-10-15,9:37:19.307698913,T,89.88,100,89.95,200,TGT
2025-10-15,9:37:19.307703806,T,89.86,100,89.95,200,TGT
2025-10-15,9:37:19.307778893,T,89.86,100,89.94,100,TGT
2025-10-15,9:37:19.308059615,T,89.86,100,89.94,200,TGT
2025-10-15,9:37:19.308109718,T,89.86,100,89.94,100,TGT
2025-10-15,9:37:19.779577946,T,89.83,100,89.94,100,TGT
2025-10-15,9:37:19.779582978,T,89.83,100,89.93,100,TGT
2025-10-15,9:37:19.779613604,T,89.81,300,89.93,100,TGT
2025-10-15,9:37:19.780054049,T,89.81,300,89.93,200,TGT
2025-10-15,9:37:19.780304626,T,89.81,300,89.93,300,TGT
2025-10-15,9:37:19.794528552,T,89.81,100,89.93,300,TGT
2025-10-15,9:37:19.794558670,T,89.8,100,89.93,300,TGT
2025-10-15,9:37:19.794588676,T,89.8,100,89.93,400,TGT
2025-10-15,9:37:20.015023917,T,89.79,100,89.93,400,TGT
2025-10-15,9:37:20.015033921,T,89.78,200,89.93,400,TGT
2025-10-15,9:37:20.016121511,T,89.78,200,89.93,300,TGT
2025-10-15,9:37:20.193619407,T,89.78,200,89.91,100,TGT
2025-10-15,9:37:22.271404827,T,89.78,200,89.91,200,TGT
2025-10-15,9:37:23.127253763,T,89.86,100,89.91,200,TGT
2025-10-15,9:37:23.142274559,T,89.86,100,89.91,100,TGT
2025-10-15,9:37:23.561287905,T,89.86,200,89.91,100,TGT
2025-10-15,9:37:27.019652258,T,89.86,200,89.93,100,TGT
2025-10-15,9:37:33.515288081,T,89.86,200,89.95,100,TGT
2025-10-15,9:37:33.528850337,T,89.87,100,89.95,100,TGT
2025-10-15,9:37:33.528895480,T,89.87,100,89.96,100,TGT
2025-10-15,9:37:33.528905486,T,89.87,200,89.96,100,TGT
2025-10-15,9:37:33.528915544,T,89.88,100,89.96,100,TGT
2025-10-15,9:37:33.528960605,T,89.89,100,89.96,100,TGT
2025-10-15,9:37:33.528960605,T,89.89,200,89.96,100,TGT
2025-10-15,9:37:33.529070958,T,89.89,200,89.95,100,TGT
2025-10-15,9:37:33.529376616,T,89.89,100,89.95,100,TGT
2025-10-15,9:37:33.529491889,T,89.89,100,89.95,200,TGT
2025-10-15,9:37:33.535982412,T,89.88,100,89.95,200,TGT
2025-10-15,9:37:33.536012467,T,89.87,200,89.95,200,TGT
2025-10-15,9:37:33.599824442,T,89.87,200,89.95,100,TGT
2025-10-15,9:37:33.599849514,T,89.89,100,89.95,100,TGT
2025-10-15,9:37:34.524868484,T,89.9,100,89.95,100,TGT
2025-10-15,9:37:34.524903601,T,89.9,200,89.95,100,TGT
2025-10-15,9:37:36.532797282,T,89.9,100,89.95,100,TGT
2025-10-15,9:37:36.532822373,T,89.89,100,89.95,100,TGT
2025-10-15,9:37:36.532832413,T,89.87,100,89.95,100,TGT
2025-10-15,9:37:36.532842388,T,89.87,100,89.93,100,TGT
2025-10-15,9:37:36.532847418,T,89.87,100,89.92,100,TGT
2025-10-15,9:37:36.532852659,T,89.86,100,89.92,100,TGT
2025-10-15,9:37:36.532862406,T,89.86,100,89.92,200,TGT
2025-10-15,9:37:36.533288424,T,89.86,100,89.92,100,TGT
2025-10-15,9:37:36.534456227,T,89.86,100,89.91,100,TGT
2025-10-15,9:37:36.535017573,T,89.86,100,89.92,200,TGT
2025-10-15,9:37:36.535032545,T,89.86,100,89.92,100,TGT
2025-10-15,9:37:36.535368400,T,89.83,100,89.92,100,TGT
2025-10-15,9:37:36.540325170,T,89.86,100,89.92,100,TGT
2025-10-15,9:37:36.540360341,T,89.87,100,89.92,100,TGT
2025-10-15,9:37:36.556448649,T,89.86,100,89.92,100,TGT
2025-10-15,9:37:36.556629039,T,89.87,100,89.92,100,TGT
2025-10-15,9:37:36.556664155,T,89.87,200,89.92,100,TGT
2025-10-15,9:37:36.557355751,T,89.87,100,89.92,100,TGT
2025-10-15,9:37:36.557385846,T,89.86,100,89.92,100,TGT
2025-10-15,9:37:36.559846757,T,89.87,100,89.92,100,TGT
2025-10-15,9:37:36.559881779,T,89.87,200,89.92,100,TGT
2025-10-15,9:37:36.565384972,T,89.87,100,89.92,100,TGT
2025-10-15,9:37:36.565415038,T,89.86,100,89.92,100,TGT
2025-10-15,9:37:36.591081275,T,89.86,200,89.92,100,TGT
2025-10-15,9:37:36.632945914,T,89.86,200,89.96,200,TGT
2025-10-15,9:37:36.633056201,T,89.86,200,89.94,100,TGT
2025-10-15,9:37:36.733310053,T,89.86,200,89.96,100,TGT
2025-10-15,9:37:36.734307342,T,89.86,200,89.96,200,TGT
2025-10-15,9:37:36.754575675,T,89.86,200,89.96,100,TGT
2025-10-15,9:37:36.755417727,T,89.86,200,89.96,200,TGT
2025-10-15,9:37:37.165113867,T,89.86,200,89.96,300,TGT
2025-10-15,9:37:37.165118704,T,89.86,200,89.94,100,TGT
2025-10-15,9:37:37.165143813,T,89.86,200,89.94,200,TGT
2025-10-15,9:37:37.165474613,T,89.86,200,89.94,300,TGT
2025-10-15,9:37:37.165579839,T,89.86,100,89.94,300,TGT
2025-10-15,9:37:37.165584794,T,89.86,200,89.94,300,TGT
2025-10-15,9:37:37.165680031,T,89.86,200,89.94,200,TGT
2025-10-15,9:37:37.165920607,T,89.86,200,89.94,100,TGT
2025-10-15,9:37:37.165980811,T,89.86,200,89.93,100,TGT
2025-10-15,9:37:37.165996062,T,89.86,100,89.93,100,TGT
2025-10-15,9:37:37.166005868,T,89.86,200,89.93,100,TGT
2025-10-15,9:37:37.166015866,T,89.86,300,89.93,100,TGT
2025-10-15,9:37:37.166065952,T,89.86,300,89.96,200,TGT
2025-10-15,9:37:37.166086059,T,89.86,300,89.96,100,TGT
2025-10-15,9:37:37.166116034,T,89.86,400,89.96,100,TGT
2025-10-15,9:37:37.166121056,T,89.86,400,89.98,100,TGT
2025-10-15,9:37:37.166121056,T,89.87,100,89.98,100,TGT
2025-10-15,9:37:37.166251450,T,89.87,100,89.97,100,TGT
2025-10-15,9:37:37.166251450,T,89.87,100,89.98,100,TGT
2025-10-15,9:37:37.166431889,T,89.87,100,90.0,100,TGT
2025-10-15,9:37:37.166827793,T,89.87,200,90.0,100,TGT
2025-10-15,9:37:37.166852785,T,89.87,100,90.0,100,TGT
2025-10-15,9:37:37.166862827,T,89.93,100,90.0,100,TGT
2025-10-15,9:37:37.166872895,T,89.93,100,89.98,100,TGT
2025-10-15,9:37:37.166897943,T,89.87,100,89.98,100,TGT
2025-10-15,9:37:37.166923174,T,89.87,100,89.95,100,TGT
2025-10-15,9:37:37.166923174,T,89.87,100,89.95,200,TGT
2025-10-15,9:37:37.167474354,T,89.87,100,89.95,100,TGT
2025-10-15,9:37:37.168175959,T,89.87,100,89.98,100,TGT
2025-10-15,9:37:37.187908051,T,89.87,100,89.98,200,TGT
2025-10-15,9:37:37.187918016,T,89.87,100,89.98,300,TGT
2025-10-15,9:37:37.212566701,T,89.87,100,89.98,200,TGT
2025-10-15,9:37:37.264520461,T,89.87,200,89.98,200,TGT
2025-10-15,9:37:37.270454699,T,89.87,200,89.96,100,TGT
2025-10-15,9:37:37.270615064,T,89.87,300,89.96,100,TGT
2025-10-15,9:37:37.270860607,T,89.94,100,89.96,100,TGT
2025-10-15,9:37:37.270875633,T,89.94,100,89.96,200,TGT
2025-10-15,9:37:37.270900684,T,89.87,300,89.96,200,TGT
2025-10-15,9:37:37.271016011,T,89.87,300,89.96,100,TGT
2025-10-15,9:37:37.271161367,T,89.94,100,89.96,100,TGT
2025-10-15,9:37:37.271181339,T,89.92,100,89.96,100,TGT
2025-10-15,9:37:37.271221560,T,89.87,200,89.96,100,TGT
2025-10-15,9:37:37.271321709,T,89.92,100,89.96,100,TGT
2025-10-15,9:37:37.271482138,T,89.92,100,89.96,200,TGT
2025-10-15,9:37:37.271522234,T,89.87,300,89.96,200,TGT
2025-10-15,9:37:37.271562333,T,89.92,100,89.96,200,TGT
2025-10-15,9:37:37.271582322,T,89.92,100,89.96,100,TGT
2025-10-15,9:37:37.271873360,T,89.87,300,89.96,100,TGT
2025-10-15,9:37:37.272389269,T,89.92,100,89.96,100,TGT
2025-10-15,9:37:37.272745058,T,89.92,100,89.96,200,TGT
2025-10-15,9:37:37.273952998,T,89.87,300,89.96,200,TGT
2025-10-15,9:37:37.280989703,T,89.87,300,89.96,100,TGT
2025-10-15,9:37:38.850423913,T,89.87,200,89.96,100,TGT
2025-10-15,9:37:39.708834078,T,89.87,200,89.98,100,TGT
2025-10-15,9:37:44.565640411,T,89.87,100,89.98,100,TGT
2025-10-15,9:37:46.748561122,T,89.87,100,89.98,200,TGT
2025-10-15,9:37:46.750415557,T,89.87,100,89.98,300,TGT
2025-10-15,9:37:46.766874705,T,89.87,100,89.96,100,TGT
2025-10-15,9:37:46.767000035,T,89.86,100,89.96,100,TGT
2025-10-15,9:37:46.768298126,T,89.86,100,89.96,200,TGT
2025-10-15,9:37:46.768308132,T,89.86,100,89.96,300,TGT
2025-10-15,9:37:46.768694064,T,89.86,100,89.95,100,TGT
2025-10-15,9:37:46.768739169,T,89.86,200,89.95,100,TGT
2025-10-15,9:37:46.788756889,T,89.86,200,89.95,200,TGT
2025-10-15,9:37:46.881076843,T,89.86,100,89.95,200,TGT
2025-10-15,9:37:47.463444275,T,89.86,100,89.94,100,TGT
2025-10-15,9:37:47.463865359,T,89.86,100,89.94,200,TGT
2025-10-15,9:37:47.464466768,T,89.86,100,89.94,300,TGT
2025-10-15,9:37:47.464922830,T,89.86,100,89.94,200,TGT
2025-10-15,9:37:47.609582472,T,89.86,100,89.94,100,TGT
2025-10-15,9:37:47.773598293,T,89.86,100,89.94,200,TGT
2025-10-15,9:37:48.306432597,T,89.86,100,89.94,300,TGT
2025-10-15,9:37:51.585615323,T,89.87,100,89.94,300,TGT
2025-10-15,9:37:51.585845876,T,89.87,100,89.94,200,TGT
2025-10-15,9:37:51.901838681,T,89.86,100,89.94,200,TGT
2025-10-15,9:37:51.949878128,T,89.86,100,89.94,100,TGT
2025-10-15,9:37:53.594481300,T,89.86,100,89.97,100,TGT
2025-10-15,9:37:53.594511455,T,89.86,100,89.98,100,TGT
2025-10-15,9:37:53.594721869,T,89.9,100,89.98,100,TGT
2025-10-15,9:37:57.630171315,T,89.9,400,89.98,100,TGT
2025-10-15,9:38:03.030337011,T,89.93,100,89.98,100,TGT
2025-10-15,9:38:03.030447233,T,89.93,100,90.0,100,TGT
2025-10-15,9:38:03.030537815,T,89.9,200,90.0,100,TGT
2025-10-15,9:38:03.030537815,T,89.9,100,90.0,100,TGT
2025-10-15,9:38:03.030557900,T,89.9,100,89.98,100,TGT
2025-10-15,9:38:03.030597572,T,89.9,100,89.93,100,TGT
2025-10-15,9:38:03.031118900,T,89.83,100,89.93,100,TGT
2025-10-15,9:38:03.031640087,T,89.83,100,89.95,100,TGT
2025-10-15,9:38:03.347432454,T,89.86,100,89.95,100,TGT
2025-10-15,9:38:03.648184069,T,89.9,100,89.95,100,TGT
2025-10-15,9:38:03.649206519,T,89.9,100,89.98,100,TGT
2025-10-15,9:38:03.649231652,T,89.92,100,89.98,100,TGT
2025-10-15,9:38:03.655040410,T,89.92,100,90.0,100,TGT
2025-10-15,9:38:04.297415807,T,89.91,100,90.0,100,TGT
2025-10-15,9:38:05.008444778,T,89.91,200,90.0,100,TGT
2025-10-15,9:38:07.625700343,T,89.92,100,90.0,100,TGT
2025-10-15,9:38:07.625715433,T,89.92,200,90.0,100,TGT
2025-10-15,9:38:07.626792964,T,89.92,100,90.0,100,TGT
2025-10-15,9:38:07.626792964,T,89.91,300,90.0,100,TGT
2025-10-15,9:38:07.627384378,T,89.91,200,90.0,100,TGT
2025-10-15,9:38:07.697346039,T,89.92,100,90.0,100,TGT
2025-10-15,9:38:07.698077822,T,89.91,200,90.0,100,TGT
2025-10-15,9:38:07.698859578,T,89.92,100,90.0,100,TGT
2025-10-15,9:38:07.699626429,T,89.91,200,90.0,100,TGT
2025-10-15,9:38:07.700162747,T,89.92,100,90.0,100,TGT
2025-10-15,9:38:07.700904552,T,89.91,200,90.0,100,TGT
2025-10-15,9:38:07.701435793,T,89.92,100,90.0,100,TGT
2025-10-15,9:38:07.702172493,T,89.91,200,90.0,100,TGT
2025-10-15,9:38:07.702703792,T,89.92,100,90.0,100,TGT
2025-10-15,9:38:08.861223992,T,89.92,100,90.01,100,TGT
2025-10-15,9:38:11.385688410,T,89.92,100,90.02,100,TGT
2025-10-15,9:38:15.241625161,T,89.92,100,90.03,100,TGT
2025-10-15,9:38:15.256921628,T,89.92,100,90.06,300,TGT
2025-10-15,9:38:15.256986754,T,89.92,100,90.06,200,TGT
2025-10-15,9:38:15.282803220,T,89.96,100,90.06,200,TGT
2025-10-15,9:38:15.283364625,T,89.92,200,90.06,200,TGT
2025-10-15,9:38:15.283404802,T,89.92,100,90.06,200,TGT
2025-10-15,9:38:15.283424796,T,89.92,200,90.06,200,TGT
2025-10-15,9:38:15.283595099,T,89.95,100,90.06,200,TGT
2025-10-15,9:38:15.294004927,T,89.96,100,90.06,200,TGT
2025-10-15,9:38:15.378401082,T,89.96,200,90.06,200,TGT
2025-10-15,9:38:15.378421038,T,89.96,300,90.06,200,TGT
2025-10-15,9:38:15.378486189,T,89.97,100,90.06,200,TGT
2025-10-15,9:38:15.378511320,T,89.99,100,90.06,200,TGT
2025-10-15,9:38:15.378751844,T,89.99,100,90.09,100,TGT
2025-10-15,9:38:15.379062633,T,89.96,300,90.09,100,TGT
2025-10-15,9:38:15.379122756,T,89.96,300,90.08,100,TGT
2025-10-15,9:38:15.379363303,T,89.96,200,90.08,100,TGT
2025-10-15,9:38:15.379453545,T,89.97,100,90.08,100,TGT
2025-10-15,9:38:15.379724170,T,89.99,100,90.08,100,TGT
2025-10-15,9:38:15.900374659,T,89.99,100,90.09,100,TGT
2025-10-15,9:38:15.900875794,T,89.98,100,90.09,100,TGT
2025-10-15,9:38:15.907977708,T,89.97,100,90.09,100,TGT
2025-10-15,9:38:15.908012797,T,89.96,300,90.09,100,TGT
2025-10-15,9:38:15.963785743,T,89.96,500,90.09,100,TGT
2025-10-15,9:38:16.281322207,T,89.96,500,90.08,100,TGT
2025-10-15,9:38:18.112174209,T,89.96,400,90.08,100,TGT
2025-10-15,9:38:18.158033396,T,89.96,300,90.08,100,TGT
2025-10-15,9:38:18.196084045,T,89.96,300,90.03,100,TGT
2025-10-15,9:38:18.208769265,T,89.96,200,90.03,100,TGT
2025-10-15,9:38:18.210528513,T,89.96,200,90.02,100,TGT
2025-10-15,9:38:18.659593379,T,89.96,200,90.03,100,TGT
2025-10-15,9:38:22.597269815,T,89.97,100,90.03,100,TGT
2025-10-15,9:38:22.630168229,T,89.97,100,90.07,100,TGT
2025-10-15,9:38:25.132555278,T,89.97,200,90.07,100,TGT
2025-10-15,9:38:26.490335400,T,89.97,100,90.07,100,TGT
2025-10-15,9:38:26.490370089,T,89.97,100,90.03,100,TGT
2025-10-15,9:38:26.490856286,T,89.97,100,90.03,200,TGT
2025-10-15,9:38:26.491878691,T,89.97,100,90.03,300,TGT
2025-10-15,9:38:26.537717986,T,89.97,100,90.03,200,TGT
2025-10-15,9:38:27.229806767,T,89.97,300,90.03,200,TGT
2025-10-15,9:38:27.230037294,T,89.97,300,90.03,100,TGT
2025-10-15,9:38:27.360257552,T,89.97,300,90.07,100,TGT
2025-10-15,9:38:27.504977324,T,89.97,400,90.07,100,TGT
2025-10-15,9:38:27.519221226,T,89.98,100,90.07,100,TGT
2025-10-15,9:38:30.537467130,T,89.98,200,90.07,100,TGT
2025-10-15,9:38:31.626050709,T,89.98,200,90.02,100,TGT
2025-10-15,9:38:31.626471747,T,89.98,200,90.02,200,TGT
2025-10-15,9:38:32.672619151,T,89.98,200,90.02,100,TGT
2025-10-15,9:38:32.672619151,T,89.98,200,90.07,100,TGT
2025-10-15,9:38:32.672644571,T,90.0,100,90.07,100,TGT
2025-10-15,9:38:32.672644571,T,90.0,200,90.07,100,TGT
2025-10-15,9:38:32.672644571,T,90.02,100,90.07,100,TGT
2025-10-15,9:38:32.672669333,T,90.02,100,90.08,100,TGT
2025-10-15,9:38:32.672689655,T,90.03,100,90.08,100,TGT
2025-10-15,9:38:32.672724398,T,90.03,100,90.09,100,TGT
2025-10-15,9:38:32.672754656,T,90.02,200,90.09,100,TGT
2025-10-15,9:38:32.672754656,T,90.03,100,90.09,100,TGT
2025-10-15,9:38:32.672774550,T,90.02,200,90.09,100,TGT
2025-10-15,9:38:32.672774550,T,90.02,200,90.08,100,TGT
2025-10-15,9:38:32.672794661,T,90.02,200,90.09,100,TGT
2025-10-15,9:38:32.673175571,T,90.02,100,90.09,100,TGT
2025-10-15,9:38:32.673205578,T,90.0,100,90.09,100,TGT
2025-10-15,9:38:32.673446218,T,90.02,200,90.09,100,TGT
2025-10-15,9:38:32.673481302,T,90.02,300,90.09,100,TGT
2025-10-15,9:38:34.150435578,T,90.02,200,90.09,100,TGT
2025-10-15,9:38:34.150460061,T,90.02,100,90.09,100,TGT
2025-10-15,9:38:34.150460061,T,89.99,100,90.09,100,TGT
2025-10-15,9:38:34.150480302,T,89.99,100,90.03,100,TGT
2025-10-15,9:38:34.150640415,T,89.98,300,90.03,100,TGT
2025-10-15,9:38:34.151036441,T,89.98,300,90.04,100,TGT
2025-10-15,9:38:34.151457388,T,89.98,300,90.04,200,TGT
2025-10-15,9:38:34.163355764,T,89.98,300,90.04,100,TGT
2025-10-15,9:38:34.702029130,T,89.98,300,90.04,200,TGT
2025-10-15,9:38:36.795772580,T,89.98,300,90.04,100,TGT
2025-10-15,9:38:36.795782617,T,89.98,300,90.08,100,TGT
2025-10-15,9:38:36.795842690,T,89.98,300,90.09,100,TGT
2025-10-15,9:38:37.402157292,T,89.98,300,90.1,100,TGT
2025-10-15,9:38:37.402167277,T,90.01,100,90.1,100,TGT
2025-10-15,9:38:37.402212421,T,90.01,200,90.1,100,TGT
2025-10-15,9:38:37.402242397,T,90.01,300,90.1,100,TGT
2025-10-15,9:38:37.402297527,T,90.01,300,90.12,400,TGT
2025-10-15,9:38:37.402307626,T,90.01,300,90.12,300,TGT
2025-10-15,9:38:37.402487979,T,90.01,200,90.12,300,TGT
2025-10-15,9:38:37.402553233,T,90.01,300,90.12,300,TGT
2025-10-15,9:38:37.402773791,T,90.01,200,90.12,300,TGT
2025-10-15,9:38:37.402909002,T,90.05,100,90.12,300,TGT
2025-10-15,9:38:37.403224763,T,90.01,200,90.12,300,TGT
2025-10-15,9:38:37.405625494,T,90.04,100,90.12,300,TGT
2025-10-15,9:38:37.406181851,T,90.01,200,90.12,300,TGT
2025-10-15,9:38:37.426204554,T,90.01,200,90.12,100,TGT
2025-10-15,9:38:37.507162340,T,90.01,300,90.12,100,TGT
2025-10-15,9:38:37.891723577,T,90.05,100,90.12,100,TGT
2025-10-15,9:38:37.916101757,T,90.06,100,90.12,100,TGT
2025-10-15,9:38:37.916121759,T,90.06,200,90.12,100,TGT
2025-10-15,9:38:37.916147104,T,90.06,100,90.12,100,TGT
2025-10-15,9:38:37.916147104,T,90.06,200,90.12,100,TGT
2025-10-15,9:38:37.916587853,T,90.06,100,90.12,100,TGT
2025-10-15,9:38:38.003875799,T,90.05,100,90.12,100,TGT
2025-10-15,9:38:40.638748392,T,90.06,100,90.12,100,TGT
2025-10-15,9:38:46.711927740,T,90.06,100,90.1,200,TGT
2025-10-15,9:38:47.508896444,T,90.06,200,90.1,200,TGT
2025-10-15,9:38:48.133248864,T,90.06,500,90.1,200,TGT
2025-10-15,9:38:48.439709005,T,90.07,100,90.1,200,TGT
2025-10-15,9:38:48.439759137,T,90.07,100,90.12,100,TGT
2025-10-15,9:38:48.439759137,T,90.08,100,90.12,100,TGT
2025-10-15,9:38:48.439804263,T,90.09,100,90.12,100,TGT
2025-10-15,9:38:48.440846710,T,90.07,100,90.12,100,TGT
2025-10-15,9:38:48.440851732,T,90.06,600,90.12,100,TGT
2025-10-15,9:38:48.452700027,T,90.06,500,90.12,100,TGT
2025-10-15,9:38:48.473143671,T,90.06,600,90.12,100,TGT
2025-10-15,9:38:48.490735592,T,90.07,100,90.12,100,TGT
2025-10-15,9:38:48.622930572,T,90.06,600,90.12,100,TGT
2025-10-15,9:38:51.104272254,T,90.06,500,90.12,100,TGT
2025-10-15,9:38:51.104312323,T,90.07,300,90.12,100,TGT
2025-10-15,9:38:51.108798321,T,90.07,400,90.12,100,TGT
2025-10-15,9:38:51.108798321,T,90.08,100,90.12,100,TGT
2025-10-15,9:38:51.108798321,T,90.08,200,90.12,100,TGT
2025-10-15,9:38:51.108823078,T,90.08,100,90.12,100,TGT
2025-10-15,9:38:51.108833122,T,90.08,200,90.12,100,TGT
2025-10-15,9:38:51.109138852,T,90.08,200,90.16,100,TGT
2025-10-15,9:38:51.109159164,T,90.1,100,90.16,100,TGT
2025-10-15,9:38:51.109163918,T,90.1,200,90.16,100,TGT
2025-10-15,9:38:51.109163918,T,90.1,300,90.16,100,TGT
2025-10-15,9:38:51.109168952,T,90.1,300,90.17,100,TGT
2025-10-15,9:38:51.109188934,T,90.1,200,90.17,100,TGT
2025-10-15,9:38:51.109188934,T,90.1,300,90.17,100,TGT
2025-10-15,9:38:51.109208973,T,90.1,300,90.2,600,TGT
2025-10-15,9:38:51.109244045,T,90.1,300,90.18,100,TGT
2025-10-15,9:38:51.109369439,T,90.1,300,90.16,100,TGT
2025-10-15,9:38:51.109559841,T,90.1,300,90.16,200,TGT
2025-10-15,9:38:51.109584860,T,90.1,300,90.16,300,TGT
2025-10-15,9:38:51.109584860,T,90.1,200,90.16,300,TGT
2025-10-15,9:38:51.109715227,T,90.1,100,90.16,300,TGT
2025-10-15,9:38:51.110271553,T,90.09,100,90.16,300,TGT
2025-10-15,9:38:51.110346698,T,90.1,100,90.16,300,TGT
2025-10-15,9:38:51.110441949,T,90.1,200,90.16,300,TGT
2025-10-15,9:38:51.110662523,T,90.1,100,90.16,300,TGT
2025-10-15,9:38:51.119899497,T,90.1,100,90.16,200,TGT
2025-10-15,9:38:51.120315506,T,90.1,100,90.16,100,TGT
2025-10-15,9:38:51.120972000,T,90.1,100,90.16,200,TGT
2025-10-15,9:38:51.122245109,T,90.1,200,90.16,200,TGT
2025-10-15,9:38:51.145685913,T,90.1,200,90.16,100,TGT
2025-10-15,9:38:52.109421958,T,90.1,200,90.17,100,TGT
2025-10-15,9:38:55.466966291,T,90.1,200,90.18,100,TGT
2025-10-15,9:38:55.618076440,T,90.1,200,90.17,100,TGT
2025-10-15,9:38:55.849627972,T,90.1,200,90.18,100,TGT
2025-10-15,9:38:56.567533409,T,90.1,200,90.2,700,TGT
2025-10-15,9:38:56.567553441,T,90.12,100,90.2,700,TGT
2025-10-15,9:38:56.567563432,T,90.12,100,90.2,600,TGT
2025-10-15,9:38:56.567588554,T,90.13,100,90.2,600,TGT
2025-10-15,9:38:56.567618572,T,90.12,100,90.2,600,TGT
2025-10-15,9:38:56.765875888,T,90.1,100,90.2,600,TGT
2025-10-15,9:38:56.840388481,T,90.1,100,90.19,100,TGT
2025-10-15,9:38:57.512329388,T,90.11,100,90.19,100,TGT
2025-10-15,9:38:57.907746402,T,90.11,100,90.18,100,TGT
2025-10-15,9:38:58.499927203,T,90.12,100,90.18,100,TGT
2025-10-15,9:38:58.617537498,T,90.13,100,90.18,100,TGT
2025-10-15,9:38:58.617537498,T,90.13,200,90.18,100,TGT
2025-10-15,9:38:58.617547512,T,90.13,300,90.18,100,TGT
2025-10-15,9:38:58.617662792,T,90.14,100,90.18,100,TGT
2025-10-15,9:38:58.617672706,T,90.13,300,90.18,100,TGT
2025-10-15,9:38:58.624609245,T,90.13,200,90.18,100,TGT
2025-10-15,9:38:58.816060479,T,90.13,200,90.2,700,TGT
2025-10-15,9:38:58.816095566,T,90.13,200,90.2,600,TGT
2025-10-15,9:38:58.816100528,T,90.14,100,90.2,600,TGT
2025-10-15,9:38:58.823117266,T,90.12,200,90.2,600,TGT
2025-10-15,9:38:59.129281647,T,90.13,300,90.2,600,TGT
2025-10-15,9:38:59.444347305,T,90.13,400,90.2,600,TGT
2025-10-15,9:39:00.039816259,T,90.13,500,90.2,600,TGT
2025-10-15,9:39:00.039846327,T,90.14,100,90.2,600,TGT
2025-10-15,9:39:00.201736943,T,90.13,500,90.2,600,TGT
2025-10-15,9:39:00.201762065,T,90.13,400,90.2,600,TGT
2025-10-15,9:39:00.434160682,T,90.15,100,90.2,600,TGT
2025-10-15,9:39:00.434170733,T,90.15,200,90.2,600,TGT
2025-10-15,9:39:00.434200769,T,90.15,100,90.2,600,TGT
2025-10-15,9:39:00.434210871,T,90.16,100,90.2,600,TGT
2025-10-15,9:39:00.438746672,T,90.14,100,90.2,600,TGT
2025-10-15,9:39:00.441252571,T,90.13,500,90.2,600,TGT
2025-10-15,9:39:00.441277613,T,90.14,100,90.2,600,TGT
2025-10-15,9:39:00.444345020,T,90.13,500,90.2,600,TGT
2025-10-15,9:39:00.634182248,T,90.13,400,90.2,600,TGT
2025-10-15,9:39:02.675931624,T,90.13,400,90.19,100,TGT
2025-10-15,9:39:03.617544830,T,90.13,400,90.2,600,TGT
2025-10-15,9:39:04.316269540,T,90.13,500,90.2,600,TGT
2025-10-15,9:39:05.507477579,T,90.13,400,90.2,600,TGT
2025-10-15,9:39:07.514218630,T,90.16,100,90.2,600,TGT
2025-10-15,9:39:08.354746125,T,90.17,100,90.2,600,TGT
2025-10-15,9:39:08.354761159,T,90.17,200,90.2,600,TGT
2025-10-15,9:39:08.354761159,T,90.17,300,90.2,600,TGT
2025-10-15,9:39:08.354771242,T,90.17,400,90.2,600,TGT
2025-10-15,9:39:08.354786567,T,90.17,300,90.2,600,TGT
2025-10-15,9:39:08.355152306,T,90.17,300,90.2,300,TGT
2025-10-15,9:39:08.355177144,T,90.17,300,90.25,300,TGT
2025-10-15,9:39:08.355202249,T,90.17,300,90.25,200,TGT
2025-10-15,9:39:08.355227284,T,90.17,400,90.25,200,TGT
2025-10-15,9:39:08.355247367,T,90.19,100,90.25,200,TGT
2025-10-15,9:39:08.355638280,T,90.18,100,90.25,200,TGT
2025-10-15,9:39:08.355648281,T,90.17,400,90.25,200,TGT
2025-10-15,9:39:08.355853854,T,90.17,300,90.25,200,TGT
2025-10-15,9:39:08.355853854,T,90.17,200,90.25,200,TGT
2025-10-15,9:39:08.368924898,T,90.19,100,90.25,200,TGT
2025-10-15,9:39:08.375996807,T,90.17,200,90.25,200,TGT
2025-10-15,9:39:08.376788661,T,90.19,100,90.25,200,TGT
2025-10-15,9:39:08.554792722,T,90.17,200,90.25,200,TGT
2025-10-15,9:39:08.555619765,T,90.17,100,90.25,200,TGT
2025-10-15,9:39:09.098543177,T,90.16,100,90.25,200,TGT
2025-10-15,9:39:09.358708008,T,90.16,100,90.22,100,TGT
2025-10-15,9:39:10.113616716,T,90.16,100,90.25,200,TGT
2025-10-15,9:39:10.439673657,T,90.17,100,90.25,200,TGT
2025-10-15,9:39:10.615432347,T,90.17,100,90.22,100,TGT
2025-10-15,9:39:13.446883130,T,90.17,100,90.25,200,TGT
2025-10-15,9:39:13.446913174,T,90.18,100,90.25,200,TGT
2025-10-15,9:39:14.119019426,T,90.17,100,90.25,200,TGT
2025-10-15,9:39:17.518934567,T,90.17,200,90.25,200,TGT
2025-10-15,9:39:19.139009286,T,90.17,200,90.25,300,TGT
2025-10-15,9:39:22.004095430,T,90.17,300,90.25,300,TGT
2025-10-15,9:39:25.391350560,T,90.17,400,90.25,300,TGT
2025-10-15,9:39:28.679499421,T,90.18,100,90.25,300,TGT
2025-10-15,9:39:28.679544497,T,90.18,200,90.25,300,TGT
2025-10-15,9:39:28.777969009,T,90.18,100,90.25,300,TGT
2025-10-15,9:39:29.072781360,T,90.18,400,90.25,300,TGT
2025-10-15,9:39:29.073833791,T,90.18,400,90.25,200,TGT
2025-10-15,9:39:29.073853845,T,90.19,100,90.25,200,TGT
2025-10-15,9:39:29.073858874,T,90.19,200,90.25,200,TGT
2025-10-15,9:39:29.073884084,T,90.2,100,90.25,200,TGT
2025-10-15,9:39:29.073893980,T,90.2,200,90.25,200,TGT
2025-10-15,9:39:29.075502812,T,90.2,300,90.25,200,TGT
2025-10-15,9:39:29.075973949,T,90.2,200,90.25,200,TGT
2025-10-15,9:39:29.079557430,T,90.2,200,90.25,300,TGT
2025-10-15,9:39:29.101554858,T,90.2,200,90.25,200,TGT
2025-10-15,9:39:29.119001438,T,90.2,100,90.25,200,TGT
2025-10-15,9:39:29.327533319,T,90.2,200,90.25,200,TGT
2025-10-15,9:39:30.290056431,T,90.21,100,90.25,200,TGT
2025-10-15,9:39:32.103005951,T,90.2,100,90.25,200,TGT
2025-10-15,9:39:32.103026039,T,90.2,100,90.23,100,TGT
2025-10-15,9:39:32.103056105,T,90.2,100,90.23,200,TGT
2025-10-15,9:39:32.103462063,T,90.18,300,90.23,200,TGT
2025-10-15,9:39:32.103467080,T,90.18,200,90.23,200,TGT
2025-10-15,9:39:32.103487117,T,90.18,200,90.23,300,TGT
2025-10-15,9:39:32.103577347,T,90.18,200,90.23,200,TGT
2025-10-15,9:39:32.103737886,T,90.18,200,90.22,100,TGT
2025-10-15,9:39:32.111441051,T,90.18,200,90.23,200,TGT
2025-10-15,9:39:32.126512010,T,90.18,200,90.23,300,TGT
2025-10-15,9:39:32.303032509,T,90.18,200,90.23,200,TGT
2025-10-15,9:39:32.303518679,T,90.18,200,90.23,300,TGT
2025-10-15,9:39:32.444659879,T,90.17,100,90.23,300,TGT
2025-10-15,9:39:32.444669975,T,90.18,100,90.23,300,TGT
2025-10-15,9:39:32.444685332,T,90.18,100,90.2,100,TGT
2025-10-15,9:39:32.444685332,T,90.17,200,90.2,100,TGT
2025-10-15,9:39:32.444689988,T,90.17,200,90.2,200,TGT
2025-10-15,9:39:32.444689988,T,90.17,100,90.2,200,TGT
2025-10-15,9:39:32.444935554,T,90.15,100,90.2,200,TGT
2025-10-15,9:39:32.444940590,T,90.12,200,90.2,200,TGT
2025-10-15,9:39:32.444965994,T,90.12,200,90.2,300,TGT
2025-10-15,9:39:32.445000747,T,90.12,200,90.19,100,TGT
2025-10-15,9:39:32.445532020,T,90.12,200,90.18,100,TGT
2025-10-15,9:39:32.445532020,T,90.12,100,90.18,100,TGT
2025-10-15,9:39:32.446088312,T,90.12,100,90.19,400,TGT
2025-10-15,9:39:32.456352813,T,90.12,100,90.19,300,TGT
2025-10-15,9:39:32.456768744,T,90.12,100,90.19,200,TGT
2025-10-15,9:39:32.525672917,T,90.13,200,90.19,200,TGT
2025-10-15,9:39:32.603593571,T,90.13,200,90.19,100,TGT
2025-10-15,9:39:36.544858542,T,90.13,200,90.19,200,TGT
2025-10-15,9:39:36.544863470,T,90.13,200,90.17,100,TGT
2025-10-15,9:39:36.544893585,T,90.13,200,90.17,200,TGT
2025-10-15,9:39:36.545389928,T,90.13,200,90.17,300,TGT
2025-10-15,9:39:36.545510055,T,90.13,200,90.17,400,TGT
2025-10-15,9:39:36.554792235,T,90.13,200,90.17,300,TGT
2025-10-15,9:39:36.561598365,T,90.13,200,90.17,200,TGT
2025-10-15,9:39:36.562019381,T,90.13,200,90.17,100,TGT
2025-10-15,9:39:39.615815299,T,90.1,200,90.17,100,TGT
2025-10-15,9:39:39.615815299,T,90.1,100,90.17,100,TGT
2025-10-15,9:39:39.615840036,T,90.1,100,90.15,100,TGT
2025-10-15,9:39:39.615840036,T,90.1,100,90.15,200,TGT
2025-10-15,9:39:39.615845061,T,90.1,100,90.15,300,TGT
2025-10-15,9:39:39.615905381,T,90.1,100,90.14,100,TGT
2025-10-15,9:39:39.616306205,T,90.1,100,90.15,500,TGT
2025-10-15,9:39:39.616391343,T,90.1,100,90.15,400,TGT
2025-10-15,9:39:39.616611911,T,90.1,200,90.15,400,TGT
2025-10-15,9:39:39.625984289,T,90.1,200,90.15,300,TGT
2025-10-15,9:39:39.626625803,T,90.1,200,90.15,200,TGT
2025-10-15,9:39:39.626635749,T,90.1,200,90.15,100,TGT
2025-10-15,9:39:39.627076938,T,90.1,200,90.15,200,TGT
2025-10-15,9:39:39.627091926,T,90.1,200,90.15,300,TGT
2025-10-15,9:39:39.639361123,T,90.1,100,90.15,300,TGT
2025-10-15,9:39:39.715898426,T,90.1,100,90.15,200,TGT
2025-10-15,9:39:39.906743167,T,90.08,200,90.15,200,TGT
2025-10-15,9:39:39.906753137,T,90.08,200,90.14,100,TGT
2025-10-15,9:39:39.906788274,T,90.08,100,90.14,100,TGT
2025-10-15,9:39:39.906808255,T,90.08,100,90.14,200,TGT
2025-10-15,9:39:39.906823385,T,90.08,100,90.14,300,TGT
2025-10-15,9:39:39.906838474,T,90.06,100,90.14,300,TGT
2025-10-15,9:39:39.906838474,T,90.06,100,90.14,400,TGT
2025-10-15,9:39:39.907058890,T,90.06,100,90.13,100,TGT
2025-10-15,9:39:39.907820700,T,90.06,100,90.13,200,TGT
2025-10-15,9:39:39.907830702,T,90.06,100,90.13,300,TGT
2025-10-15,9:39:39.908076349,T,90.05,200,90.13,300,TGT
2025-10-15,9:39:39.908376998,T,90.06,100,90.13,300,TGT
2025-10-15,9:39:39.973812963,T,90.05,200,90.13,300,TGT
2025-10-15,9:39:40.650149249,T,90.05,200,90.13,200,TGT
2025-10-15,9:39:40.650389982,T,90.05,200,90.12,100,TGT
2025-10-15,9:39:40.650675504,T,90.05,200,90.11,100,TGT
2025-10-15,9:39:40.650730734,T,90.05,100,90.11,100,TGT
2025-10-15,9:39:40.650911072,T,90.06,100,90.11,100,TGT
2025-10-15,9:39:40.651096537,T,90.06,100,90.11,200,TGT
2025-10-15,9:39:40.651753089,T,90.06,100,90.11,100,TGT
2025-10-15,9:39:42.025606248,T,90.06,100,90.11,200,TGT
2025-10-15,9:39:43.018602165,T,90.06,100,90.1,100,TGT
2025-10-15,9:39:43.018612200,T,90.06,100,90.1,200,TGT
2025-10-15,9:39:43.018637283,T,90.06,100,90.1,300,TGT
2025-10-15,9:39:43.019028213,T,90.06,100,90.1,200,TGT
2025-10-15,9:39:43.019870254,T,90.06,100,90.1,100,TGT
2025-10-15,9:39:43.019870254,T,90.06,100,90.11,300,TGT
2025-10-15,9:39:43.020261121,T,90.06,100,90.1,100,TGT
2025-10-15,9:39:43.031974139,T,90.06,100,90.1,200,TGT
2025-10-15,9:39:43.037988408,T,90.06,100,90.09,100,TGT
2025-10-15,9:39:43.039617293,T,90.06,100,90.1,100,TGT
2025-10-15,9:39:43.039842770,T,90.06,100,90.09,100,TGT
2025-10-15,9:39:43.042995257,T,90.06,100,90.09,200,TGT
2025-10-15,9:39:43.060246411,T,90.06,100,90.09,100,TGT
2025-10-15,9:39:43.077176767,T,90.06,100,90.09,200,TGT
2025-10-15,9:39:45.009004230,T,90.06,100,90.09,100,TGT
2025-10-15,9:39:45.009004230,T,90.06,100,90.11,100,TGT
2025-10-15,9:39:45.009029283,T,90.07,100,90.11,100,TGT
2025-10-15,9:39:45.009044365,T,90.07,200,90.11,100,TGT
2025-10-15,9:39:45.009069432,T,90.07,100,90.11,100,TGT
2025-10-15,9:39:45.009475378,T,90.07,100,90.13,100,TGT
2025-10-15,9:39:45.009580600,T,90.06,200,90.13,100,TGT
2025-10-15,9:39:45.009761060,T,90.06,100,90.13,100,TGT
2025-10-15,9:39:45.010086851,T,90.08,100,90.13,100,TGT
2025-10-15,9:39:45.010623076,T,90.06,100,90.13,100,TGT
2025-10-15,9:39:45.023283301,T,90.07,100,90.13,100,TGT
2025-10-15,9:39:45.023584006,T,90.07,100,90.13,200,TGT
2025-10-15,9:39:45.100988399,T,90.07,100,90.13,100,TGT
2025-10-15,9:39:45.160284736,T,90.08,100,90.13,100,TGT
2025-10-15,9:39:45.161061579,T,90.07,100,90.13,100,TGT
2025-10-15,9:39:45.161166754,T,90.08,100,90.13,100,TGT
2025-10-15,9:39:45.161823381,T,90.07,100,90.13,100,TGT
2025-10-15,9:39:45.161968682,T,90.08,100,90.13,100,TGT
2025-10-15,9:39:45.162409692,T,90.07,100,90.13,100,TGT
2025-10-15,9:39:45.162605162,T,90.08,100,90.13,100,TGT
2025-10-15,9:39:45.163161533,T,90.07,100,90.13,100,TGT
2025-10-15,9:39:45.163382037,T,90.08,100,90.13,100,TGT
2025-10-15,9:39:45.266587967,T,90.07,100,90.13,100,TGT
2025-10-15,9:39:48.299629170,T,90.05,200,90.13,100,TGT
2025-10-15,9:39:50.854450951,T,90.05,100,90.13,100,TGT
2025-10-15,9:39:50.854997244,T,90.05,100,90.1,100,TGT
2025-10-15,9:39:50.855418237,T,90.05,100,90.1,200,TGT
2025-10-15,9:39:53.315253646,T,90.05,100,90.09,100,TGT
2025-10-15,9:39:53.315258579,T,90.03,100,90.09,100,TGT
2025-10-15,9:39:53.315283641,T,90.03,100,90.09,200,TGT
2025-10-15,9:39:53.315313773,T,90.03,100,90.08,100,TGT
2025-10-15,9:39:53.315699636,T,90.03,100,90.09,200,TGT
2025-10-15,9:39:53.315769843,T,90.03,100,90.08,100,TGT
2025-10-15,9:39:53.315860075,T,90.03,100,90.08,200,TGT
2025-10-15,9:39:53.315910133,T,90.01,200,90.08,200,TGT
2025-10-15,9:39:53.315940231,T,90.01,200,90.07,100,TGT
2025-10-15,9:39:53.315940231,T,90.01,200,90.07,200,TGT
2025-10-15,9:39:53.316281085,T,90.01,200,90.07,100,TGT
2025-10-15,9:39:53.316631933,T,90.01,200,90.07,200,TGT
2025-10-15,9:39:53.316802359,T,90.01,200,90.06,100,TGT
2025-10-15,9:39:53.316847408,T,90.01,200,90.05,100,TGT
2025-10-15,9:39:53.316862397,T,90.01,100,90.05,100,TGT
2025-10-15,9:39:53.318275807,T,90.01,100,90.06,100,TGT
2025-10-15,9:39:53.318295880,T,90.01,200,90.06,100,TGT
2025-10-15,9:39:53.318300885,T,90.04,100,90.06,100,TGT
2025-10-15,9:39:53.318305859,T,90.04,100,90.09,200,TGT
2025-10-15,9:39:53.318411102,T,90.04,100,90.09,100,TGT
2025-10-15,9:39:53.318852227,T,90.03,200,90.09,100,TGT
2025-10-15,9:39:53.323122326,T,90.03,200,90.09,200,TGT
2025-10-15,9:39:53.327367441,T,90.04,100,90.09,200,TGT
2025-10-15,9:39:53.327833547,T,90.03,200,90.09,200,TGT
2025-10-15,9:39:53.328610390,T,90.04,100,90.09,200,TGT
2025-10-15,9:39:53.329076539,T,90.03,200,90.09,200,TGT
2025-10-15,9:39:53.329853364,T,90.04,100,90.09,200,TGT
2025-10-15,9:39:53.330610203,T,90.03,200,90.09,200,TGT
2025-10-15,9:39:53.331141484,T,90.04,100,90.09,200,TGT
2025-10-15,9:39:53.331878246,T,90.03,100,90.09,200,TGT
2025-10-15,9:39:53.383270647,T,90.04,100,90.09,200,TGT
2025-10-15,9:39:53.515555782,T,90.04,100,90.09,100,TGT
2025-10-15,9:39:53.817074191,T,90.03,100,90.09,100,TGT
2025-10-15,9:39:54.489641596,T,90.07,100,90.09,100,TGT
2025-10-15,9:39:54.489646993,T,90.07,100,90.1,100,TGT
2025-10-15,9:39:54.490729144,T,90.06,100,90.1,100,TGT
2025-10-15,9:39:54.491536157,T,90.06,100,90.13,100,TGT
2025-10-15,9:39:54.690480115,T,90.03,100,90.13,100,TGT
2025-10-15,9:39:54.955245945,T,90.03,100,90.1,100,TGT
2025-10-15,9:39:54.955992731,T,90.03,100,90.13,100,TGT
2025-10-15,9:39:54.956448815,T,90.03,100,90.1,100,TGT
2025-10-15,9:39:54.957195560,T,90.03,100,90.13,100,TGT
2025-10-15,9:39:54.957957433,T,90.03,100,90.1,100,TGT
2025-10-15,9:39:54.958704179,T,90.03,100,90.13,100,TGT
2025-10-15,9:39:55.701679408,T,90.05,100,90.13,100,TGT
2025-10-15,9:39:57.151914775,T,90.07,100,90.13,100,TGT
2025-10-15,9:39:57.388598552,T,90.04,100,90.13,100,TGT
2025-10-15,9:39:57.389415504,T,90.07,100,90.13,100,TGT
2025-10-15,9:39:57.593321367,T,90.04,100,90.13,100,TGT
2025-10-15,9:39:57.594173316,T,90.07,100,90.13,100,TGT
2025-10-15,9:39:57.831177952,T,90.07,100,90.14,100,TGT
2025-10-15,9:39:57.831989883,T,90.04,100,90.14,100,TGT
2025-10-15,9:39:57.832857017,T,90.07,100,90.14,100,TGT
2025-10-15,9:39:57.841477476,T,90.08,100,90.14,100,TGT
2025-10-15,9:39:57.862898566,T,90.08,100,90.15,100,TGT
2025-10-15,9:39:57.862913545,T,90.09,100,90.15,100,TGT
2025-10-15,9:39:57.862923637,T,90.09,200,90.15,100,TGT
2025-10-15,9:39:57.862943591,T,90.1,100,90.15,100,TGT
2025-10-15,9:39:57.862953695,T,90.1,100,90.17,100,TGT
2025-10-15,9:39:57.862958719,T,90.11,100,90.17,100,TGT
2025-10-15,9:39:57.999594241,T,90.1,100,90.17,100,TGT
2025-10-15,9:39:58.863362037,T,90.08,100,90.17,100,TGT
2025-10-15,9:39:58.892270966,T,90.08,200,90.17,100,TGT
2025-10-15,9:39:58.892331102,T,90.09,100,90.17,100,TGT
2025-10-15,9:39:59.172182821,T,90.08,200,90.17,100,TGT
2025-10-15,9:39:59.172242946,T,90.08,100,90.17,100,TGT
2025-10-15,9:39:59.173130156,T,90.11,100,90.17,100,TGT
2025-10-15,9:39:59.624495506,T,90.12,100,90.17,100,TGT
2025-10-15,9:39:59.624520530,T,90.12,100,90.19,100,TGT
2025-10-15,9:39:59.643541014,T,90.13,100,90.19,100,TGT
2025-10-15,9:39:59.643541014,T,90.13,200,90.19,100,TGT
2025-10-15,9:39:59.643545821,T,90.13,200,90.23,200,TGT
2025-10-15,9:39:59.643560856,T,90.15,100,90.23,200,TGT
2025-10-15,9:39:59.643706253,T,90.15,100,90.23,100,TGT
2025-10-15,9:39:59.654266423,T,90.15,100,90.23,200,TGT
2025-10-15,9:40:00.097813170,T,90.15,200,90.23,200,TGT
2025-10-15,9:40:00.097848227,T,90.15,200,90.23,100,TGT
2025-10-15,9:40:02.023571166,T,90.17,100,90.23,100,TGT
2025-10-15,9:40:02.023796747,T,90.18,100,90.23,100,TGT
2025-10-15,9:40:02.023811723,T,90.18,100,90.25,300,TGT
2025-10-15,9:40:02.030848475,T,90.17,200,90.25,300,TGT
2025-10-15,9:40:02.223833238,T,90.17,100,90.25,300,TGT
2025-10-15,9:40:04.053763182,T,90.15,200,90.25,300,TGT
2025-10-15,9:40:04.053788310,T,90.15,200,90.2,100,TGT
2025-10-15,9:40:04.053863533,T,90.15,200,90.2,200,TGT
2025-10-15,9:40:04.058319139,T,90.15,200,90.2,100,TGT
2025-10-15,9:40:04.074332294,T,90.15,100,90.2,100,TGT
2025-10-15,9:40:04.153856737,T,90.15,100,90.22,100,TGT
2025-10-15,9:40:04.206457081,T,90.15,100,90.23,100,TGT
2025-10-15,9:40:04.222279757,T,90.15,100,90.24,100,TGT
2025-10-15,9:40:04.242833713,T,90.15,100,90.21,100,TGT
2025-10-15,9:40:04.750152389,T,90.16,100,90.21,100,TGT
2025-10-15,9:40:05.409052245,T,90.15,100,90.21,100,TGT
2025-10-15,9:40:06.245770570,T,90.15,100,90.21,200,TGT
2025-10-15,9:40:08.229361362,T,90.13,100,90.21,200,TGT
2025-10-15,9:40:08.881344596,T,90.16,100,90.21,200,TGT
2025-10-15,9:40:12.413485265,T,90.13,200,90.21,200,TGT
2025-10-15,9:40:12.413504963,T,90.13,100,90.21,200,TGT
2025-10-15,9:40:12.413525004,T,90.13,100,90.2,100,TGT
2025-10-15,9:40:12.413530111,T,90.13,100,90.2,200,TGT
2025-10-15,9:40:12.413530111,T,90.13,100,90.2,300,TGT
2025-10-15,9:40:12.413545109,T,90.12,200,90.2,300,TGT
2025-10-15,9:40:12.413555206,T,90.12,200,90.18,100,TGT
2025-10-15,9:40:12.414031283,T,90.12,200,90.2,400,TGT
2025-10-15,9:40:12.414587545,T,90.12,200,90.2,300,TGT
2025-10-15,9:40:12.414617687,T,90.12,200,90.2,200,TGT
2025-10-15,9:40:12.418712363,T,90.12,200,90.2,300,TGT
2025-10-15,9:40:12.423553944,T,90.12,200,90.2,200,TGT
2025-10-15,9:40:12.423889806,T,90.12,200,90.18,100,TGT
2025-10-15,9:40:12.424330806,T,90.12,200,90.2,200,TGT
2025-10-15,9:40:12.429397923,T,90.12,200,90.2,100,TGT
2025-10-15,9:40:12.429979214,T,90.12,200,90.2,200,TGT
2025-10-15,9:40:12.432014158,T,90.12,200,90.19,100,TGT
2025-10-15,9:40:12.432039193,T,90.12,200,90.19,200,TGT
2025-10-15,9:40:12.613571620,T,90.12,200,90.19,100,TGT
2025-10-15,9:40:12.613596691,T,90.12,200,90.2,200,TGT
2025-10-15,9:40:12.614629246,T,90.12,200,90.2,100,TGT
2025-10-15,9:40:12.727277541,T,90.12,200,90.2,200,TGT
2025-10-15,9:40:12.897432967,T,90.12,200,90.19,100,TGT
2025-10-15,9:40:13.616987314,T,90.12,200,90.18,100,TGT
2025-10-15,9:40:13.616992234,T,90.12,200,90.18,200,TGT
2025-10-15,9:40:13.616997316,T,90.12,100,90.18,200,TGT
2025-10-15,9:40:13.616997316,T,90.12,100,90.18,300,TGT
2025-10-15,9:40:13.617027379,T,90.12,100,90.18,200,TGT
2025-10-15,9:40:13.618831604,T,90.12,100,90.18,100,TGT
2025-10-15,9:40:13.624104264,T,90.12,100,90.19,100,TGT
2025-10-15,9:40:13.842835314,T,90.11,100,90.19,100,TGT
2025-10-15,9:40:13.842845402,T,90.11,100,90.17,100,TGT
2025-10-15,9:40:14.445581312,T,90.11,100,90.17,200,TGT
2025-10-15,9:40:15.461892866,T,90.11,100,90.17,100,TGT
2025-10-15,9:40:18.765753961,T,90.11,200,90.17,100,TGT
2025-10-15,9:40:20.883855406,T,90.11,200,90.16,100,TGT
2025-10-15,9:40:21.071377139,T,90.11,200,90.16,200,TGT
2025-10-15,9:40:21.071402214,T,90.11,100,90.16,200,TGT
2025-10-15,9:40:21.108681027,T,90.11,100,90.16,100,TGT
2025-10-15,9:40:21.811861287,T,90.11,100,90.17,100,TGT
2025-10-15,9:40:21.812282285,T,90.11,100,90.17,200,TGT
2025-10-15,9:40:21.812317364,T,90.11,100,90.16,100,TGT
2025-10-15,9:40:21.877597903,T,90.12,100,90.16,100,TGT
2025-10-15,9:40:21.877633049,T,90.12,100,90.17,200,TGT
2025-10-15,9:40:21.878038954,T,90.12,100,90.17,100,TGT
2025-10-15,9:40:21.878946145,T,90.12,100,90.17,200,TGT
2025-10-15,9:40:21.963607967,T,90.12,100,90.17,100,TGT
2025-10-15,9:40:21.963607967,T,90.12,100,90.16,100,TGT
2025-10-15,9:40:21.964038849,T,90.12,100,90.16,200,TGT
2025-10-15,9:40:23.126598648,T,90.12,100,90.16,100,TGT
