DATE,TIME_M,EX,BID,BIDSIZ,ASK,ASKSIZ,SYM_ROOT
2025-12-12,9:30:01.118774496,T,97.01,1000,97.76,200,TGT
2025-12-12,9:30:01.121816778,T,97.01,1000,97.76,300,TGT
2025-12-12,9:30:01.933680933,T,97.01,1000,97.75,100,TGT
2025-12-12,9:30:02.077819361,T,97.52,100,97.75,100,TGT
2025-12-12,9:30:02.078165169,T,97.01,1000,97.75,100,TGT
2025-12-12,9:30:02.078240336,T,97.52,100,97.75,100,TGT
2025-12-12,9:30:02.078255401,T,97.52,200,97.75,100,TGT
2025-12-12,9:30:02.163733962,T,97.53,100,97.75,100,TGT
2025-12-12,9:30:02.163743992,T,97.62,100,97.75,100,TGT
2025-12-12,9:30:02.163769124,T,97.56,100,97.75,100,TGT
2025-12-12,9:30:02.164746419,T,97.53,100,97.75,100,TGT
2025-12-12,9:30:02.363815636,T,97.52,100,97.75,100,TGT
2025-12-12,9:30:04.026105780,T,97.52,100,97.75,200,TGT
2025-12-12,9:30:04.507272181,T,97.52,100,97.75,100,TGT
2025-12-12,9:30:04.637377049,T,97.52,100,97.75,200,TGT
2025-12-12,9:30:05.146510045,T,97.52,100,97.75,100,TGT
2025-12-12,9:30:05.147587540,T,97.52,100,97.75,200,TGT
2025-12-12,9:30:05.483121922,T,97.5,100,97.75,200,TGT
2025-12-12,9:30:05.958389152,T,97.52,100,97.75,200,TGT
2025-12-12,9:30:06.114897024,T,97.5,100,97.75,200,TGT
2025-12-12,9:30:06.118961774,T,97.52,100,97.75,200,TGT
2025-12-12,9:30:06.368370890,T,97.5,100,97.75,200,TGT
2025-12-12,9:30:16.507380275,T,97.5,100,97.75,100,TGT
2025-12-12,9:30:16.507400322,T,97.5,100,97.76,200,TGT
2025-12-12,9:30:16.507410303,T,97.5,100,97.76,300,TGT
2025-12-12,9:30:16.507415287,T,97.52,100,97.76,300,TGT
2025-12-12,9:30:16.507420310,T,97.52,100,97.76,200,TGT
2025-12-12,9:30:16.507430401,T,97.74,100,97.76,200,TGT
2025-12-12,9:30:16.507465412,T,97.52,100,97.76,200,TGT
2025-12-12,9:30:16.507485536,T,97.52,100,97.75,100,TGT
2025-12-12,9:30:16.507505639,T,97.55,100,97.75,100,TGT
2025-12-12,9:30:16.507530623,T,97.55,100,97.76,200,TGT
2025-12-12,9:30:16.507675988,T,97.52,100,97.76,200,TGT
2025-12-12,9:30:16.507816325,T,97.69,100,97.76,200,TGT
2025-12-12,9:30:16.507846371,T,97.74,100,97.76,200,TGT
2025-12-12,9:30:16.507861384,T,97.69,100,97.76,200,TGT
2025-12-12,9:30:16.507916487,T,97.69,100,97.75,100,TGT
2025-12-12,9:30:16.507951644,T,97.69,100,97.76,200,TGT
2025-12-12,9:30:16.508187149,T,97.69,200,97.76,200,TGT
2025-12-12,9:30:16.508863792,T,97.69,100,97.76,200,TGT
2025-12-12,9:30:16.511680673,T,97.69,100,97.89,200,TGT
2025-12-12,9:30:16.511755956,T,97.69,100,97.89,100,TGT
2025-12-12,9:30:16.511820773,T,97.75,100,97.89,100,TGT
2025-12-12,9:30:16.512046359,T,97.75,200,97.89,100,TGT
2025-12-12,9:30:16.512241938,T,97.75,300,97.89,100,TGT
2025-12-12,9:30:16.512763046,T,97.76,100,97.89,100,TGT
2025-12-12,9:30:16.512983631,T,97.76,200,97.89,100,TGT
2025-12-12,9:30:16.516376723,T,97.76,100,97.89,100,TGT
2025-12-12,9:30:16.524375774,T,97.76,200,97.89,100,TGT
2025-12-12,9:30:16.541892605,T,97.77,100,97.89,100,TGT
2025-12-12,9:30:16.542007713,T,97.77,200,97.89,100,TGT
2025-12-12,9:30:16.542032759,T,97.8,100,97.89,100,TGT
2025-12-12,9:30:16.542047782,T,97.8,200,97.89,100,TGT
2025-12-12,9:30:16.542082856,T,97.8,300,97.89,100,TGT
2025-12-12,9:30:16.542168116,T,97.8,400,97.89,100,TGT
2025-12-12,9:30:16.542168116,T,97.8,300,97.89,100,TGT
2025-12-12,9:30:16.542418656,T,97.8,400,97.89,100,TGT
2025-12-12,9:30:16.542839746,T,97.8,500,97.89,100,TGT
2025-12-12,9:30:16.545140237,T,97.8,400,97.89,100,TGT
2025-12-12,9:30:16.545180850,T,97.8,300,97.89,100,TGT
2025-12-12,9:30:16.545180850,T,97.8,200,97.89,100,TGT
2025-12-12,9:30:16.545185284,T,97.8,100,97.89,100,TGT
2025-12-12,9:30:16.545185284,T,97.52,100,97.89,100,TGT
2025-12-12,9:30:16.545200339,T,97.52,100,97.84,100,TGT
2025-12-12,9:30:16.545425849,T,97.75,100,97.84,100,TGT
2025-12-12,9:30:16.546102494,T,97.78,100,97.84,100,TGT
2025-12-12,9:30:16.546122519,T,97.78,200,97.84,100,TGT
2025-12-12,9:30:16.546277930,T,97.78,200,97.89,100,TGT
2025-12-12,9:30:16.554106582,T,97.85,100,97.89,100,TGT
2025-12-12,9:30:16.554131608,T,97.78,100,97.89,100,TGT
2025-12-12,9:30:16.554136643,T,97.85,100,97.89,100,TGT
2025-12-12,9:30:16.554141649,T,97.78,100,97.89,100,TGT
2025-12-12,9:30:16.554146609,T,97.52,100,97.89,100,TGT
2025-12-12,9:30:16.554216784,T,97.68,100,97.89,100,TGT
2025-12-12,9:30:16.554527590,T,97.85,100,97.89,100,TGT
2025-12-12,9:30:16.554557587,T,97.68,100,97.89,100,TGT
2025-12-12,9:30:16.554602750,T,97.68,100,97.88,100,TGT
2025-12-12,9:30:16.555810572,T,97.68,100,97.89,100,TGT
2025-12-12,9:30:16.571197271,T,97.75,100,97.89,100,TGT
2025-12-12,9:30:16.571202458,T,97.75,200,97.89,100,TGT
2025-12-12,9:30:16.571257447,T,97.75,100,97.89,100,TGT
2025-12-12,9:30:16.571422761,T,97.75,100,97.95,5000,TGT
2025-12-12,9:30:16.571447905,T,97.79,100,97.95,5000,TGT
2025-12-12,9:30:16.578479679,T,97.75,100,97.95,5000,TGT
2025-12-12,9:30:16.581271322,T,97.68,100,97.95,5000,TGT
2025-12-12,9:30:16.589180172,T,97.76,100,97.95,5000,TGT
2025-12-12,9:30:16.589400586,T,97.79,100,97.95,5000,TGT
2025-12-12,9:30:16.608521213,T,97.79,200,97.95,5000,TGT
2025-12-12,9:30:16.609568663,T,97.79,100,97.95,5000,TGT
2025-12-12,9:30:16.616084168,T,97.79,200,97.95,5000,TGT
2025-12-12,9:30:16.616089238,T,97.81,100,97.95,5000,TGT
2025-12-12,9:30:16.617116696,T,97.79,200,97.95,5000,TGT
2025-12-12,9:30:16.623120941,T,97.79,100,97.95,5000,TGT
2025-12-12,9:30:16.648085402,T,97.79,100,97.95,5100,TGT
2025-12-12,9:30:16.648110555,T,97.79,100,97.95,5000,TGT
2025-12-12,9:30:16.648391170,T,97.68,100,97.95,5000,TGT
2025-12-12,9:30:16.648406234,T,97.68,100,97.95,5100,TGT
2025-12-12,9:30:16.648972531,T,97.68,100,97.95,5000,TGT
2025-12-12,9:30:16.662058754,T,97.74,100,97.95,5000,TGT
2025-12-12,9:30:16.662214082,T,97.68,100,97.95,5000,TGT
2025-12-12,9:30:16.740410428,T,97.68,100,97.93,200,TGT
2025-12-12,9:30:16.841135392,T,97.68,100,97.95,5100,TGT
2025-12-12,9:30:16.842232980,T,97.68,100,97.93,100,TGT
2025-12-12,9:30:17.041412609,T,97.68,100,97.94,200,TGT
2025-12-12,9:30:17.042124219,T,97.68,100,97.93,200,TGT
2025-12-12,9:30:17.042976306,T,97.68,100,97.88,100,TGT
2025-12-12,9:30:17.140749272,T,97.68,100,97.88,200,TGT
2025-12-12,9:30:17.509086693,T,97.68,200,97.88,200,TGT
2025-12-12,9:30:17.509166948,T,97.68,100,97.88,200,TGT
2025-12-12,9:30:17.513527266,T,97.68,100,97.79,200,TGT
2025-12-12,9:30:17.542636692,T,97.68,100,97.79,400,TGT
2025-12-12,9:30:27.940988773,T,97.68,100,97.77,100,TGT
2025-12-12,9:30:28.529736282,T,97.68,100,97.79,200,TGT
2025-12-12,9:30:28.529766464,T,97.69,100,97.79,200,TGT
2025-12-12,9:30:28.530042039,T,97.73,100,97.79,200,TGT
2025-12-12,9:30:28.530548217,T,97.69,100,97.79,200,TGT
2025-12-12,9:30:28.530783813,T,97.73,100,97.79,200,TGT
2025-12-12,9:30:28.542085771,T,97.69,100,97.79,200,TGT
2025-12-12,9:30:28.543068049,T,97.69,200,97.79,200,TGT
2025-12-12,9:30:29.530189693,T,97.69,100,97.79,200,TGT
2025-12-12,9:30:29.630112784,T,97.69,100,97.79,100,TGT
2025-12-12,9:30:29.630122761,T,97.69,100,97.79,300,TGT
2025-12-12,9:30:29.630127729,T,97.7,100,97.79,300,TGT
2025-12-12,9:30:29.630132803,T,97.7,100,97.79,200,TGT
2025-12-12,9:30:29.630132803,T,97.7,100,97.8,200,TGT
2025-12-12,9:30:29.630202922,T,97.75,100,97.8,200,TGT
2025-12-12,9:30:29.631014840,T,97.75,200,97.8,200,TGT
2025-12-12,9:30:29.632082476,T,97.75,100,97.8,200,TGT
2025-12-12,9:30:29.632087508,T,97.74,100,97.8,200,TGT
2025-12-12,9:30:29.632087508,T,97.73,100,97.8,200,TGT
2025-12-12,9:30:29.632102844,T,97.7,100,97.8,200,TGT
2025-12-12,9:30:29.632117534,T,97.63,100,97.8,200,TGT
2025-12-12,9:30:29.632127515,T,97.58,100,97.8,200,TGT
2025-12-12,9:30:29.632147583,T,97.58,100,97.79,100,TGT
2025-12-12,9:30:29.632879358,T,97.58,100,97.79,200,TGT
2025-12-12,9:30:29.633365514,T,97.58,100,97.79,100,TGT
2025-12-12,9:30:29.634102244,T,97.68,100,97.79,100,TGT
2025-12-12,9:30:29.634523214,T,97.68,200,97.79,100,TGT
2025-12-12,9:30:29.642472227,T,97.68,200,97.8,200,TGT
2025-12-12,9:30:29.647714657,T,97.68,200,97.79,100,TGT
2025-12-12,9:30:29.975861387,T,97.68,100,97.79,100,TGT
2025-12-12,9:30:29.975861387,T,97.58,100,97.79,100,TGT
2025-12-12,9:30:29.975886472,T,97.58,100,97.69,100,TGT
2025-12-12,9:30:29.976437762,T,97.58,100,97.7,100,TGT
2025-12-12,9:30:29.976437762,T,97.58,100,97.79,200,TGT
2025-12-12,9:30:29.976487892,T,97.58,100,97.79,100,TGT
2025-12-12,9:30:29.976517930,T,97.58,100,97.69,100,TGT
2025-12-12,9:30:29.992636419,T,97.58,100,97.79,100,TGT
2025-12-12,9:30:29.992666498,T,97.63,100,97.79,100,TGT
2025-12-12,9:30:29.994555964,T,97.58,100,97.79,100,TGT
2025-12-12,9:30:30.041167037,T,97.58,100,97.7,100,TGT
2025-12-12,9:30:30.247729191,T,97.58,100,97.71,100,TGT
2025-12-12,9:30:30.254856133,T,97.58,100,97.7,200,TGT
2025-12-12,9:30:30.327915154,T,97.58,100,97.71,100,TGT
2025-12-12,9:30:30.327925162,T,97.58,100,97.7,200,TGT
2025-12-12,9:30:30.327940248,T,97.58,100,97.7,100,TGT
2025-12-12,9:30:30.327985338,T,97.58,100,97.71,100,TGT
2025-12-12,9:30:30.327995389,T,97.58,100,97.7,200,TGT
2025-12-12,9:30:30.328035433,T,97.68,100,97.7,200,TGT
2025-12-12,9:30:30.328045537,T,97.68,100,97.7,400,TGT
2025-12-12,9:30:30.328070527,T,97.68,100,97.7,300,TGT
2025-12-12,9:30:30.328100630,T,97.68,100,97.7,200,TGT
2025-12-12,9:30:30.328100630,T,97.68,100,97.71,100,TGT
2025-12-12,9:30:30.328105674,T,97.68,100,97.7,100,TGT
2025-12-12,9:30:30.328110636,T,97.58,100,97.7,100,TGT
2025-12-12,9:30:30.328120666,T,97.69,100,97.7,100,TGT
2025-12-12,9:30:30.329037873,T,97.69,100,97.71,100,TGT
2025-12-12,9:30:30.329163222,T,97.68,100,97.71,100,TGT
2025-12-12,9:30:30.330080402,T,97.58,100,97.71,100,TGT
2025-12-12,9:30:30.331263160,T,97.64,100,97.71,100,TGT
2025-12-12,9:30:30.331684164,T,97.64,200,97.71,100,TGT
2025-12-12,9:30:30.332521198,T,97.64,200,97.88,100,TGT
2025-12-12,9:30:30.332526183,T,97.64,200,97.71,100,TGT
2025-12-12,9:30:30.332536205,T,97.69,100,97.71,100,TGT
2025-12-12,9:30:30.332566231,T,97.64,200,97.71,100,TGT
2025-12-12,9:30:30.332977238,T,97.64,200,97.88,100,TGT
2025-12-12,9:30:30.332997331,T,97.7,100,97.88,100,TGT
2025-12-12,9:30:30.333152689,T,97.7,100,97.8,100,TGT
2025-12-12,9:30:30.334355517,T,97.64,200,97.8,100,TGT
2025-12-12,9:30:30.343261782,T,97.64,100,97.8,100,TGT
2025-12-12,9:30:30.343908313,T,97.64,200,97.8,100,TGT
2025-12-12,9:30:30.344840490,T,97.64,200,97.8,300,TGT
2025-12-12,9:30:31.387760222,T,97.64,200,97.79,200,TGT
2025-12-12,9:30:31.387785266,T,97.64,200,97.79,300,TGT
2025-12-12,9:30:31.840037621,T,97.64,200,97.7,100,TGT
2025-12-12,9:30:31.840042599,T,97.64,100,97.7,100,TGT
2025-12-12,9:30:31.842954559,T,97.64,100,97.7,200,TGT
2025-12-12,9:30:31.863573762,T,97.64,100,97.7,100,TGT
2025-12-12,9:30:31.863578689,T,97.64,100,97.71,100,TGT
2025-12-12,9:30:31.863578689,T,97.64,100,97.7,100,TGT
2025-12-12,9:30:31.863598786,T,97.64,100,97.71,100,TGT
2025-12-12,9:30:31.863603707,T,97.64,100,97.7,100,TGT
2025-12-12,9:30:31.876604689,T,97.64,100,97.71,100,TGT
2025-12-12,9:30:31.876609727,T,97.64,100,97.7,100,TGT
2025-12-12,9:30:31.876619893,T,97.64,100,97.71,100,TGT
2025-12-12,9:30:31.876639814,T,97.65,100,97.71,100,TGT
2025-12-12,9:30:31.877657293,T,97.65,200,97.71,100,TGT
2025-12-12,9:30:31.877682273,T,97.65,100,97.71,100,TGT
2025-12-12,9:30:31.891600454,T,97.65,100,97.79,200,TGT
2025-12-12,9:30:31.891605542,T,97.66,100,97.79,200,TGT
2025-12-12,9:30:31.891610513,T,97.66,100,97.71,100,TGT
2025-12-12,9:30:31.891620499,T,97.66,100,97.79,300,TGT
2025-12-12,9:30:31.891645609,T,97.66,100,97.79,200,TGT
2025-12-12,9:30:31.891660691,T,97.69,100,97.79,200,TGT
2025-12-12,9:30:31.892131729,T,97.7,100,97.79,200,TGT
2025-12-12,9:30:31.942677121,T,97.7,200,97.79,200,TGT
2025-12-12,9:30:34.400818112,T,97.7,100,97.79,200,TGT
2025-12-12,9:30:34.400843168,T,97.69,100,97.79,200,TGT
2025-12-12,9:30:34.400863305,T,97.69,100,97.71,100,TGT
2025-12-12,9:30:34.400878345,T,97.58,100,97.71,100,TGT
2025-12-12,9:30:34.401279235,T,97.58,100,97.79,300,TGT
2025-12-12,9:30:34.401304285,T,97.58,100,97.79,200,TGT
2025-12-12,9:30:34.401334383,T,97.63,100,97.79,200,TGT
2025-12-12,9:30:34.401359495,T,97.7,100,97.79,200,TGT
2025-12-12,9:30:34.401399571,T,97.7,100,97.79,300,TGT
2025-12-12,9:30:34.401780481,T,97.7,200,97.79,300,TGT
2025-12-12,9:30:34.948247414,T,97.7,100,97.79,300,TGT
2025-12-12,9:30:34.948252395,T,97.63,100,97.79,300,TGT
2025-12-12,9:30:34.948267400,T,97.58,100,97.79,300,TGT
2025-12-12,9:30:34.948302576,T,97.58,100,97.78,100,TGT
2025-12-12,9:30:34.948302576,T,97.58,100,97.79,300,TGT
2025-12-12,9:30:34.949450287,T,97.64,100,97.79,300,TGT
2025-12-12,9:30:34.949876322,T,97.64,200,97.79,300,TGT
2025-12-12,9:30:34.950412604,T,97.64,100,97.79,300,TGT
2025-12-12,9:30:36.009355303,T,97.58,100,97.79,300,TGT
2025-12-12,9:30:37.417690365,T,97.58,100,97.88,200,TGT
2025-12-12,9:30:37.417715421,T,97.58,100,97.88,100,TGT
2025-12-12,9:30:39.004490698,T,97.64,200,97.88,100,TGT
2025-12-12,9:30:40.433314548,T,97.64,200,97.78,300,TGT
2025-12-12,9:30:45.101736199,T,97.65,100,97.78,300,TGT
2025-12-12,9:30:45.101786336,T,97.67,100,97.78,300,TGT
2025-12-12,9:30:45.102297498,T,97.65,200,97.78,300,TGT
2025-12-12,9:30:45.102623261,T,97.67,100,97.78,300,TGT
2025-12-12,9:30:45.103079572,T,97.65,200,97.78,300,TGT
2025-12-12,9:30:45.103084433,T,97.65,100,97.78,300,TGT
2025-12-12,9:30:45.103410182,T,97.67,100,97.78,300,TGT
2025-12-12,9:30:45.103605684,T,97.67,300,97.78,300,TGT
2025-12-12,9:30:45.103851275,T,97.67,200,97.78,300,TGT
2025-12-12,9:30:45.134855090,T,97.68,100,97.78,300,TGT
2025-12-12,9:30:45.135406403,T,97.58,100,97.78,300,TGT
2025-12-12,9:30:45.135952712,T,97.68,100,97.78,300,TGT
2025-12-12,9:30:45.136328616,T,97.58,100,97.78,300,TGT
2025-12-12,9:30:45.136884959,T,97.68,100,97.78,300,TGT
2025-12-12,9:30:45.137160559,T,97.68,100,97.78,200,TGT
2025-12-12,9:30:45.137832234,T,97.68,200,97.78,200,TGT
2025-12-12,9:30:45.138082965,T,97.71,100,97.78,200,TGT
2025-12-12,9:30:45.138588951,T,97.68,200,97.78,200,TGT
2025-12-12,9:30:45.139180379,T,97.71,100,97.78,200,TGT
2025-12-12,9:30:45.139771807,T,97.68,200,97.78,200,TGT
2025-12-12,9:30:45.139967273,T,97.71,100,97.78,200,TGT
2025-12-12,9:30:45.140293105,T,97.68,200,97.78,200,TGT
2025-12-12,9:30:45.140593759,T,97.71,100,97.78,200,TGT
2025-12-12,9:30:45.141044820,T,97.68,200,97.78,200,TGT
2025-12-12,9:30:45.141330542,T,97.71,100,97.78,200,TGT
2025-12-12,9:30:45.141806681,T,97.68,200,97.78,200,TGT
2025-12-12,9:30:45.141952038,T,97.71,100,97.78,200,TGT
2025-12-12,9:30:45.142423110,T,97.68,200,97.78,200,TGT
2025-12-12,9:30:45.142904218,T,97.71,100,97.78,200,TGT
2025-12-12,9:30:45.143210053,T,97.68,200,97.78,200,TGT
2025-12-12,9:30:45.143365408,T,97.71,100,97.78,200,TGT
2025-12-12,9:30:45.143746234,T,97.68,200,97.78,200,TGT
2025-12-12,9:30:45.144016929,T,97.71,100,97.78,200,TGT
2025-12-12,9:30:45.144498119,T,97.68,200,97.78,200,TGT
2025-12-12,9:30:45.145901383,T,97.68,200,97.88,100,TGT
2025-12-12,9:30:45.145931515,T,97.7,100,97.88,100,TGT
2025-12-12,9:30:45.145956851,T,97.73,100,97.88,100,TGT
2025-12-12,9:30:45.146157031,T,97.73,100,97.88,200,TGT
2025-12-12,9:30:45.147309745,T,97.68,200,97.88,200,TGT
2025-12-12,9:30:45.147901187,T,97.68,100,97.88,200,TGT
2025-12-12,9:30:45.170184224,T,97.73,100,97.88,200,TGT
2025-12-12,9:30:45.170620248,T,97.73,200,97.88,200,TGT
2025-12-12,9:30:45.171261870,T,97.73,100,97.88,200,TGT
2025-12-12,9:30:45.196672391,T,97.68,100,97.88,200,TGT
2025-12-12,9:30:45.197990489,T,97.68,200,97.88,200,TGT
2025-12-12,9:30:45.444698277,T,97.68,200,97.8,100,TGT
2025-12-12,9:30:45.444723250,T,97.68,200,97.8,200,TGT
2025-12-12,9:30:47.702477009,T,97.68,200,97.8,100,TGT
2025-12-12,9:30:48.118207365,T,97.68,400,97.8,100,TGT
2025-12-12,9:30:48.806983269,T,97.68,300,97.8,100,TGT
2025-12-12,9:30:48.807494507,T,97.68,100,97.8,100,TGT
2025-12-12,9:30:50.965671077,T,97.68,100,97.88,100,TGT
2025-12-12,9:30:50.965761497,T,97.74,100,97.88,100,TGT
2025-12-12,9:30:50.966036927,T,97.77,100,97.88,100,TGT
2025-12-12,9:30:50.966071972,T,97.74,100,97.88,100,TGT
2025-12-12,9:30:50.966092101,T,97.74,100,97.79,100,TGT
2025-12-12,9:30:50.966092101,T,97.68,100,97.79,100,TGT
2025-12-12,9:30:50.966182253,T,97.74,100,97.79,100,TGT
2025-12-12,9:30:50.966322655,T,97.74,100,97.88,100,TGT
2025-12-12,9:30:50.966342704,T,97.75,100,97.88,100,TGT
2025-12-12,9:30:50.966588289,T,97.75,100,97.88,200,TGT
2025-12-12,9:30:50.966838883,T,97.75,100,97.88,100,TGT
2025-12-12,9:30:50.966853915,T,97.76,100,97.88,100,TGT
2025-12-12,9:30:50.966883975,T,97.78,100,97.88,100,TGT
2025-12-12,9:30:50.966949106,T,97.78,200,97.88,100,TGT
2025-12-12,9:30:50.967054692,T,97.78,100,97.88,100,TGT
2025-12-12,9:30:50.967054692,T,97.76,100,97.88,100,TGT
2025-12-12,9:30:50.967089458,T,97.76,100,97.8,100,TGT
2025-12-12,9:30:50.967605733,T,97.76,100,97.88,200,TGT
2025-12-12,9:30:50.967620737,T,97.77,100,97.88,200,TGT
2025-12-12,9:30:50.967766107,T,97.77,100,97.88,100,TGT
2025-12-12,9:30:50.967831227,T,97.77,100,97.88,200,TGT
2025-12-12,9:30:50.967836227,T,97.77,100,97.88,100,TGT
2025-12-12,9:30:50.967856307,T,97.77,100,97.88,200,TGT
2025-12-12,9:30:50.967871338,T,97.77,100,97.88,100,TGT
2025-12-12,9:30:50.967881344,T,97.77,100,97.88,200,TGT
2025-12-12,9:30:50.968397536,T,97.78,100,97.88,200,TGT
2025-12-12,9:30:50.968527892,T,97.77,100,97.88,200,TGT
2025-12-12,9:30:50.968948912,T,97.77,100,97.88,100,TGT
2025-12-12,9:30:50.968968956,T,97.78,100,97.88,100,TGT
2025-12-12,9:30:50.969279720,T,97.74,100,97.88,100,TGT
2025-12-12,9:30:50.969871090,T,97.77,100,97.88,100,TGT
2025-12-12,9:30:50.970021439,T,97.78,100,97.88,100,TGT
2025-12-12,9:30:50.970577743,T,97.74,100,97.88,100,TGT
2025-12-12,9:30:50.970908547,T,97.78,100,97.88,100,TGT
2025-12-12,9:30:50.971329517,T,97.78,100,97.95,5100,TGT
2025-12-12,9:30:50.971920955,T,97.79,100,97.95,5100,TGT
2025-12-12,9:30:50.972482347,T,97.74,100,97.95,5100,TGT
2025-12-12,9:30:50.972968506,T,97.79,100,97.95,5100,TGT
2025-12-12,9:30:50.973539777,T,97.8,100,97.95,5100,TGT
2025-12-12,9:30:50.980606598,T,97.73,100,97.95,5100,TGT
2025-12-12,9:30:50.984069945,T,97.68,100,97.95,5100,TGT
2025-12-12,9:30:50.984395653,T,97.68,100,97.94,100,TGT
2025-12-12,9:30:50.984400702,T,97.68,100,97.88,100,TGT
2025-12-12,9:30:50.985042229,T,97.73,100,97.88,100,TGT
2025-12-12,9:30:50.991592797,T,97.73,100,97.94,100,TGT
2025-12-12,9:30:50.994424589,T,97.73,100,97.95,5100,TGT
2025-12-12,9:30:50.994850608,T,97.73,200,97.95,5100,TGT
2025-12-12,9:30:51.004714136,T,97.73,200,97.95,5000,TGT
2025-12-12,9:30:51.120835692,T,97.73,100,97.95,5000,TGT
2025-12-12,9:30:51.208519671,T,97.73,300,97.95,5000,TGT
2025-12-12,9:30:51.227765456,T,97.73,200,97.95,5000,TGT
2025-12-12,9:30:51.227770426,T,97.74,100,97.95,5000,TGT
2025-12-12,9:30:51.228462167,T,97.74,200,97.95,5000,TGT
2025-12-12,9:30:51.230451839,T,97.74,400,97.95,5000,TGT
2025-12-12,9:30:51.854754098,T,97.74,300,97.95,5000,TGT
2025-12-12,9:30:51.854939548,T,97.75,100,97.95,5000,TGT
2025-12-12,9:30:51.855716378,T,97.74,200,97.95,5000,TGT
2025-12-12,9:30:51.855951988,T,97.75,100,97.95,5000,TGT
2025-12-12,9:30:51.858903958,T,97.75,300,97.95,5000,TGT
2025-12-12,9:30:51.881828589,T,97.75,200,97.95,5000,TGT
2025-12-12,9:30:51.882485187,T,97.76,100,97.95,5000,TGT
2025-12-12,9:30:51.882906145,T,97.76,200,97.95,5000,TGT
2025-12-12,9:30:51.884164159,T,97.76,400,97.95,5000,TGT
2025-12-12,9:30:51.884364690,T,97.76,300,97.95,5000,TGT
2025-12-12,9:30:51.973943066,T,97.76,300,97.9,100,TGT
2025-12-12,9:30:53.380779543,T,97.76,300,97.95,5100,TGT
2025-12-12,9:30:53.386919217,T,97.76,200,97.95,5100,TGT
2025-12-12,9:30:53.390582991,T,97.68,100,97.95,5100,TGT
2025-12-12,9:30:53.390623001,T,97.77,200,97.95,5100,TGT
2025-12-12,9:30:53.391044083,T,97.77,300,97.95,5100,TGT
2025-12-12,9:30:54.727843796,T,97.77,400,97.95,5100,TGT
2025-12-12,9:30:56.733672203,T,97.77,300,97.95,5100,TGT
2025-12-12,9:30:56.737867146,T,97.77,100,97.95,5100,TGT
2025-12-12,9:30:56.738513733,T,97.68,100,97.95,5100,TGT
2025-12-12,9:30:56.747459978,T,97.78,300,97.95,5100,TGT
2025-12-12,9:30:57.344717946,T,97.78,300,97.9,100,TGT
2025-12-12,9:30:58.002690434,T,97.78,300,97.9,200,TGT
2025-12-12,9:30:58.002695353,T,97.78,300,97.88,100,TGT
2025-12-12,9:30:58.030942614,T,97.68,100,97.88,100,TGT
2025-12-12,9:30:58.030977689,T,97.79,300,97.88,100,TGT
2025-12-12,9:30:58.159839735,T,97.79,300,97.9,100,TGT
2025-12-12,9:30:58.728163706,T,97.79,300,97.88,100,TGT
2025-12-12,9:30:58.840345974,T,97.79,300,97.9,100,TGT
2025-12-12,9:30:59.322324150,T,97.79,300,97.88,100,TGT
2025-12-12,9:30:59.558757433,T,97.79,300,97.9,100,TGT
2025-12-12,9:31:04.268618069,T,97.79,400,97.9,100,TGT
2025-12-12,9:31:04.635506981,T,97.79,300,97.9,100,TGT
2025-12-12,9:31:05.383438689,T,97.79,300,97.88,100,TGT
2025-12-12,9:31:12.096095485,T,97.79,300,97.88,200,TGT
2025-12-12,9:31:26.104899632,T,97.79,200,97.88,200,TGT
2025-12-12,9:31:26.104904634,T,97.68,300,97.88,200,TGT
2025-12-12,9:31:26.104924728,T,97.68,300,97.8,100,TGT
2025-12-12,9:31:26.105465965,T,97.68,300,97.86,100,TGT
2025-12-12,9:31:26.105480965,T,97.68,300,97.87,100,TGT
2025-12-12,9:31:26.105686498,T,97.68,300,97.86,100,TGT
2025-12-12,9:31:26.105721590,T,97.68,300,97.87,100,TGT
2025-12-12,9:31:26.105816760,T,97.68,300,97.86,100,TGT
2025-12-12,9:31:26.106919443,T,97.68,300,97.87,100,TGT
2025-12-12,9:31:26.509874431,T,97.68,300,97.86,100,TGT
2025-12-12,9:31:26.511157440,T,97.68,300,97.88,200,TGT
2025-12-12,9:31:26.511738802,T,97.68,300,97.86,100,TGT
2025-12-12,9:31:26.518119013,T,97.68,300,97.88,200,TGT
2025-12-12,9:31:26.519036158,T,97.68,300,97.86,100,TGT
2025-12-12,9:31:26.752266793,T,97.68,300,97.88,200,TGT
2025-12-12,9:31:29.446019230,T,97.75,100,97.88,200,TGT
2025-12-12,9:31:29.471945963,T,97.75,100,97.86,100,TGT
2025-12-12,9:31:29.624484376,T,97.68,400,97.86,100,TGT
2025-12-12,9:31:32.995876278,T,97.74,100,97.86,100,TGT
2025-12-12,9:31:42.011253669,T,97.74,100,97.86,200,TGT
2025-12-12,9:31:42.941454699,T,97.74,100,97.85,100,TGT
2025-12-12,9:31:42.942231518,T,97.74,100,97.86,100,TGT
2025-12-12,9:31:49.867389433,T,97.76,100,97.86,100,TGT
2025-12-12,9:31:49.868702528,T,97.74,100,97.86,100,TGT
2025-12-12,9:31:49.890263933,T,97.77,100,97.86,100,TGT
2025-12-12,9:31:49.890815192,T,97.74,100,97.86,100,TGT
2025-12-12,9:31:49.891055787,T,97.77,100,97.86,100,TGT
2025-12-12,9:31:49.891572030,T,97.74,100,97.86,100,TGT
2025-12-12,9:31:49.891842744,T,97.75,100,97.86,100,TGT
2025-12-12,9:31:49.976985539,T,97.75,100,97.84,100,TGT
2025-12-12,9:31:49.976985539,T,97.74,100,97.84,100,TGT
2025-12-12,9:31:49.977010573,T,97.74,100,97.86,100,TGT
2025-12-12,9:31:49.977140901,T,97.74,100,97.85,100,TGT
2025-12-12,9:31:49.977155946,T,97.74,100,97.84,100,TGT
2025-12-12,9:31:50.177002084,T,97.74,100,97.86,200,TGT
2025-12-12,9:31:50.991061421,T,97.74,100,97.86,100,TGT
2025-12-12,9:31:51.011119109,T,97.74,100,97.84,100,TGT
2025-12-12,9:31:51.011119109,T,97.74,100,97.81,100,TGT
2025-12-12,9:31:51.011124119,T,97.74,100,97.79,100,TGT
2025-12-12,9:31:51.011149192,T,97.74,100,97.8,100,TGT
2025-12-12,9:31:51.018155879,T,97.74,100,97.81,100,TGT
2025-12-12,9:31:51.211150704,T,97.74,100,97.84,100,TGT
2025-12-12,9:31:51.211155740,T,97.74,100,97.86,100,TGT
2025-12-12,9:32:01.150915371,T,97.74,100,97.86,200,TGT
2025-12-12,9:32:01.151461600,T,97.74,100,97.86,100,TGT
2025-12-12,9:32:01.152043058,T,97.74,100,97.86,200,TGT
2025-12-12,9:32:01.509549774,T,97.74,100,97.86,100,TGT
2025-12-12,9:32:09.770424546,T,97.68,200,97.86,100,TGT
2025-12-12,9:32:09.770444591,T,97.68,100,97.86,100,TGT
2025-12-12,9:32:09.770454649,T,97.68,100,97.86,200,TGT
2025-12-12,9:32:09.770464634,T,97.68,100,97.85,100,TGT
2025-12-12,9:32:09.770469620,T,97.68,100,97.8,100,TGT
2025-12-12,9:32:09.770469620,T,97.68,100,97.8,200,TGT
2025-12-12,9:32:09.770735266,T,97.74,400,97.8,200,TGT
2025-12-12,9:32:09.770755333,T,97.74,400,97.8,100,TGT
2025-12-12,9:32:09.771036027,T,97.74,400,97.85,200,TGT
2025-12-12,9:32:09.771071008,T,97.74,500,97.85,200,TGT
2025-12-12,9:32:09.771081053,T,97.74,400,97.85,200,TGT
2025-12-12,9:32:09.771086120,T,97.68,200,97.85,200,TGT
2025-12-12,9:32:09.771086120,T,97.77,400,97.85,200,TGT
2025-12-12,9:32:09.771106171,T,97.77,400,97.84,100,TGT
2025-12-12,9:32:09.771106171,T,97.68,200,97.84,100,TGT
2025-12-12,9:32:09.771111179,T,97.68,100,97.84,100,TGT
2025-12-12,9:32:09.771131228,T,97.77,300,97.84,100,TGT
2025-12-12,9:32:09.771291599,T,97.68,200,97.84,100,TGT
2025-12-12,9:32:09.771291599,T,97.77,200,97.84,100,TGT
2025-12-12,9:32:09.771311578,T,97.68,200,97.84,100,TGT
2025-12-12,9:32:09.771311578,T,97.76,200,97.84,100,TGT
2025-12-12,9:32:09.771326639,T,97.68,100,97.84,100,TGT
2025-12-12,9:32:09.771331677,T,97.76,200,97.84,100,TGT
2025-12-12,9:32:09.771341665,T,97.76,300,97.84,100,TGT
2025-12-12,9:32:09.771346730,T,97.76,200,97.84,100,TGT
2025-12-12,9:32:09.771366729,T,97.77,200,97.84,100,TGT
2025-12-12,9:32:09.771492116,T,97.77,200,97.79,100,TGT
2025-12-12,9:32:09.771522193,T,97.77,400,97.79,100,TGT
2025-12-12,9:32:09.771542213,T,97.77,500,97.79,100,TGT
2025-12-12,9:32:09.771557164,T,97.77,700,97.79,100,TGT
2025-12-12,9:32:09.771577277,T,97.77,800,97.79,100,TGT
2025-12-12,9:32:09.771592284,T,97.77,1000,97.79,100,TGT
2025-12-12,9:32:09.771617370,T,97.77,1300,97.79,100,TGT
2025-12-12,9:32:09.771657487,T,97.77,1400,97.79,100,TGT
2025-12-12,9:32:09.771827862,T,97.77,1400,97.85,200,TGT
2025-12-12,9:32:09.771848827,T,97.77,1200,97.85,200,TGT
2025-12-12,9:32:09.771848827,T,97.77,1300,97.85,200,TGT
2025-12-12,9:32:09.771853182,T,97.77,1200,97.85,200,TGT
2025-12-12,9:32:09.771858142,T,97.77,1000,97.85,200,TGT
2025-12-12,9:32:09.771858142,T,97.77,1100,97.85,200,TGT
2025-12-12,9:32:09.771858142,T,97.77,900,97.85,200,TGT
2025-12-12,9:32:09.771862943,T,97.77,800,97.85,200,TGT
2025-12-12,9:32:09.771867957,T,97.77,500,97.85,200,TGT
2025-12-12,9:32:09.771867957,T,97.77,300,97.85,200,TGT
2025-12-12,9:32:09.771872931,T,97.77,400,97.85,200,TGT
2025-12-12,9:32:09.771872931,T,97.78,100,97.85,200,TGT
2025-12-12,9:32:09.771882947,T,97.78,200,97.85,200,TGT
2025-12-12,9:32:09.771888065,T,97.78,100,97.85,200,TGT
2025-12-12,9:32:09.771897997,T,97.79,1200,97.85,200,TGT
2025-12-12,9:32:09.771918127,T,97.79,1300,97.85,200,TGT
2025-12-12,9:32:09.771923068,T,97.79,1400,97.85,200,TGT
2025-12-12,9:32:09.771988278,T,97.79,1500,97.85,200,TGT
2025-12-12,9:32:09.776925050,T,97.79,500,97.85,200,TGT
2025-12-12,9:32:09.776939988,T,97.79,300,97.85,200,TGT
2025-12-12,9:32:09.776945058,T,97.79,200,97.85,200,TGT
2025-12-12,9:32:09.776950072,T,97.79,100,97.85,200,TGT
2025-12-12,9:32:09.776950072,T,97.76,100,97.85,200,TGT
2025-12-12,9:32:09.776950072,T,97.76,100,97.85,100,TGT
2025-12-12,9:32:09.776970077,T,97.76,100,97.82,100,TGT
2025-12-12,9:32:09.776975177,T,97.68,200,97.82,100,TGT
2025-12-12,9:32:09.777000224,T,97.74,100,97.82,100,TGT
2025-12-12,9:32:09.777150597,T,97.74,100,97.85,100,TGT
2025-12-12,9:32:09.777170551,T,97.77,100,97.85,100,TGT
2025-12-12,9:32:09.777180645,T,97.79,100,97.85,100,TGT
2025-12-12,9:32:09.812865635,T,97.79,200,97.85,100,TGT
2025-12-12,9:32:09.870708486,T,97.79,200,97.86,100,TGT
2025-12-12,9:32:09.907430878,T,97.8,100,97.86,100,TGT
2025-12-12,9:32:09.907456308,T,97.8,300,97.86,100,TGT
2025-12-12,9:32:09.907476078,T,97.8,200,97.86,100,TGT
2025-12-12,9:32:09.907481022,T,97.8,100,97.86,100,TGT
2025-12-12,9:32:09.907496062,T,97.83,100,97.86,100,TGT
2025-12-12,9:32:09.907521300,T,97.83,200,97.86,100,TGT
2025-12-12,9:32:09.907526185,T,97.83,200,97.86,200,TGT
2025-12-12,9:32:09.907546178,T,97.83,200,97.86,100,TGT
2025-12-12,9:32:09.907556226,T,97.83,200,97.86,200,TGT
2025-12-12,9:32:09.907947174,T,97.83,200,97.86,100,TGT
2025-12-12,9:32:09.907947174,T,97.83,200,97.88,100,TGT
2025-12-12,9:32:09.907967815,T,97.85,100,97.88,100,TGT
2025-12-12,9:32:09.907982232,T,97.85,100,97.88,200,TGT
2025-12-12,9:32:09.907992234,T,97.85,200,97.88,200,TGT
2025-12-12,9:32:09.908127630,T,97.86,100,97.88,200,TGT
2025-12-12,9:32:09.908147612,T,97.86,200,97.88,200,TGT
2025-12-12,9:32:09.908543734,T,97.86,100,97.88,200,TGT
2025-12-12,9:32:09.908548556,T,97.8,200,97.88,200,TGT
2025-12-12,9:32:09.908563578,T,97.8,200,97.87,100,TGT
2025-12-12,9:32:09.908568870,T,97.8,200,97.87,200,TGT
2025-12-12,9:32:09.908568870,T,97.8,100,97.87,200,TGT
2025-12-12,9:32:09.908568870,T,97.8,100,97.86,100,TGT
2025-12-12,9:32:09.911114688,T,97.79,200,97.86,100,TGT
2025-12-12,9:32:09.911500605,T,97.79,100,97.86,100,TGT
2025-12-12,9:32:09.911535763,T,97.84,100,97.86,100,TGT
2025-12-12,9:32:09.914623027,T,97.77,100,97.86,100,TGT
2025-12-12,9:32:09.914643129,T,97.77,100,97.85,100,TGT
2025-12-12,9:32:09.914643129,T,97.77,100,97.84,100,TGT
2025-12-12,9:32:09.922957885,T,97.79,100,97.84,100,TGT
2025-12-12,9:32:15.301631775,T,97.79,200,97.84,100,TGT
2025-12-12,9:32:18.195140146,T,97.79,200,97.88,200,TGT
2025-12-12,9:32:18.195155225,T,97.79,200,97.88,100,TGT
2025-12-12,9:32:18.195175148,T,97.8,100,97.88,100,TGT
2025-12-12,9:32:18.195175148,T,97.8,200,97.88,100,TGT
2025-12-12,9:32:18.195185236,T,97.8,300,97.88,100,TGT
2025-12-12,9:32:18.195190218,T,97.81,100,97.88,100,TGT
2025-12-12,9:32:18.195210199,T,97.8,200,97.88,100,TGT
2025-12-12,9:32:18.196202598,T,97.8,100,97.88,100,TGT
2025-12-12,9:32:18.196232691,T,97.79,100,97.88,100,TGT
2025-12-12,9:32:18.196287851,T,97.8,100,97.88,100,TGT
2025-12-12,9:32:18.198117175,T,97.8,200,97.88,100,TGT
2025-12-12,9:32:18.223442555,T,97.82,100,97.88,100,TGT
2025-12-12,9:32:18.224429910,T,97.82,200,97.88,100,TGT
2025-12-12,9:32:18.227356822,T,97.82,300,97.88,100,TGT
2025-12-12,9:32:18.290216566,T,97.82,300,97.95,5200,TGT
2025-12-12,9:32:18.290236628,T,97.85,100,97.95,5200,TGT
2025-12-12,9:32:18.290472211,T,97.85,200,97.95,5200,TGT
2025-12-12,9:32:18.291123759,T,97.85,300,97.95,5200,TGT
2025-12-12,9:32:18.293058368,T,97.85,400,97.95,5200,TGT
2025-12-12,9:32:18.294531921,T,97.85,300,97.95,5200,TGT
2025-12-12,9:32:18.390259935,T,97.85,200,97.95,5200,TGT
2025-12-12,9:32:19.195583427,T,97.85,200,97.95,5300,TGT
2025-12-12,9:32:19.273358792,T,97.85,200,97.95,5100,TGT
2025-12-12,9:32:20.948274208,T,97.85,200,97.9,100,TGT
2025-12-12,9:32:20.949071387,T,97.85,100,97.9,100,TGT
2025-12-12,9:32:20.949076074,T,97.77,100,97.9,100,TGT
2025-12-12,9:32:20.949096194,T,97.77,100,97.86,100,TGT
2025-12-12,9:32:20.949096194,T,97.68,200,97.86,100,TGT
2025-12-12,9:32:20.949121234,T,97.77,100,97.86,100,TGT
2025-12-12,9:32:20.949692615,T,97.77,100,97.95,5100,TGT
2025-12-12,9:32:20.949822912,T,97.77,100,97.95,5000,TGT
2025-12-12,9:32:20.950549618,T,97.77,200,97.95,5000,TGT
2025-12-12,9:32:22.045187294,T,97.77,200,97.95,5100,TGT
2025-12-12,9:32:22.055201145,T,97.77,200,97.95,5000,TGT
2025-12-12,9:32:23.555124486,T,97.77,200,97.95,5100,TGT
2025-12-12,9:32:23.555149647,T,97.77,100,97.95,5100,TGT
2025-12-12,9:32:23.555154501,T,97.68,100,97.95,5100,TGT
2025-12-12,9:32:23.555169493,T,97.68,100,97.85,100,TGT
2025-12-12,9:32:23.555179600,T,97.68,100,97.78,100,TGT
2025-12-12,9:32:23.555440183,T,97.68,100,97.77,100,TGT
2025-12-12,9:32:23.555770996,T,97.68,100,97.81,100,TGT
2025-12-12,9:32:23.555926350,T,97.68,100,97.76,100,TGT
2025-12-12,9:32:23.556482632,T,97.68,100,97.79,100,TGT
2025-12-12,9:32:23.556778383,T,97.68,200,97.79,100,TGT
2025-12-12,9:32:23.559309429,T,97.68,100,97.79,100,TGT
2025-12-12,9:32:23.560547365,T,97.68,100,97.8,100,TGT
2025-12-12,9:32:23.565213450,T,97.68,100,97.81,200,TGT
2025-12-12,9:32:23.585727298,T,97.63,300,97.81,200,TGT
2025-12-12,9:32:23.611513716,T,97.64,200,97.81,200,TGT
2025-12-12,9:32:23.633786869,T,97.64,200,97.81,100,TGT
2025-12-12,9:32:23.633851966,T,97.64,200,97.81,200,TGT
2025-12-12,9:32:23.655202896,T,97.64,200,97.81,100,TGT
2025-12-12,9:32:23.655232920,T,97.64,200,97.84,100,TGT
2025-12-12,9:32:23.755231153,T,97.64,200,97.85,200,TGT
2025-12-12,9:32:24.559893193,T,97.64,200,97.8,100,TGT
2025-12-12,9:32:24.588190545,T,97.64,200,97.8,200,TGT
2025-12-12,9:32:24.698508389,T,97.64,200,97.79,200,TGT
2025-12-12,9:32:24.699651195,T,97.64,200,97.78,100,TGT
2025-12-12,9:32:24.699651195,T,97.64,200,97.72,100,TGT
2025-12-12,9:32:24.700137721,T,97.63,200,97.72,100,TGT
2025-12-12,9:32:24.700142283,T,97.63,200,97.71,100,TGT
2025-12-12,9:32:24.700162321,T,97.63,200,97.68,100,TGT
2025-12-12,9:32:24.700162321,T,97.63,200,97.65,100,TGT
2025-12-12,9:32:24.700182401,T,97.58,100,97.65,100,TGT
2025-12-12,9:32:24.700187745,T,97.52,100,97.65,100,TGT
2025-12-12,9:32:24.700322653,T,97.56,200,97.65,100,TGT
2025-12-12,9:32:24.700357728,T,97.56,300,97.65,100,TGT
2025-12-12,9:32:24.700443015,T,97.58,100,97.65,100,TGT
2025-12-12,9:32:24.700462980,T,97.58,200,97.65,100,TGT
2025-12-12,9:32:24.700493101,T,97.58,300,97.65,100,TGT
2025-12-12,9:32:24.700573305,T,97.58,300,97.64,100,TGT
2025-12-12,9:32:24.700723708,T,97.58,300,97.68,100,TGT
2025-12-12,9:32:24.710111069,T,97.58,300,97.71,200,TGT
2025-12-12,9:32:24.711404043,T,97.58,300,97.71,100,TGT
2025-12-12,9:32:24.800932419,T,97.58,300,97.73,100,TGT
2025-12-12,9:32:24.956803678,T,97.58,300,97.76,100,TGT
2025-12-12,9:32:25.416198180,T,97.58,300,97.79,300,TGT
2025-12-12,9:32:25.560171105,T,97.58,300,97.76,100,TGT
2025-12-12,9:32:25.767249537,T,97.59,100,97.76,100,TGT
2025-12-12,9:32:25.767309687,T,97.59,300,97.76,100,TGT
2025-12-12,9:32:25.767394853,T,97.6,100,97.76,100,TGT
2025-12-12,9:32:25.767439964,T,97.6,300,97.76,100,TGT
2025-12-12,9:32:30.246194765,T,97.6,300,97.76,200,TGT
2025-12-12,9:32:30.250590218,T,97.6,300,97.73,100,TGT
2025-12-12,9:32:32.676414376,T,97.6,200,97.73,100,TGT
2025-12-12,9:32:33.148759645,T,97.6,200,97.73,200,TGT
2025-12-12,9:32:33.995411635,T,97.52,100,97.73,200,TGT
2025-12-12,9:32:33.995436745,T,97.61,200,97.73,200,TGT
2025-12-12,9:32:35.058018251,T,97.61,200,97.73,100,TGT
2025-12-12,9:32:37.530368124,T,97.61,200,97.76,100,TGT
2025-12-12,9:32:37.531846599,T,97.61,200,97.73,100,TGT
2025-12-12,9:32:37.813121704,T,97.61,200,97.76,100,TGT
2025-12-12,9:32:39.892620706,T,97.61,200,97.76,200,TGT
2025-12-12,9:32:40.167961671,T,97.61,200,97.76,100,TGT
2025-12-12,9:32:40.168102019,T,97.62,100,97.76,100,TGT
2025-12-12,9:32:40.168147180,T,97.62,300,97.76,100,TGT
2025-12-12,9:32:40.168152180,T,97.62,300,97.76,200,TGT
2025-12-12,9:32:40.169269791,T,97.62,400,97.76,200,TGT
2025-12-12,9:32:41.576021050,T,97.62,400,97.76,100,TGT
2025-12-12,9:32:43.640965355,T,97.62,400,97.76,200,TGT
2025-12-12,9:32:43.728538974,T,97.66,100,97.76,200,TGT
2025-12-12,9:32:43.728584167,T,97.66,300,97.76,200,TGT
2025-12-12,9:32:43.728614191,T,97.66,300,97.76,100,TGT
2025-12-12,9:32:43.728634208,T,97.66,300,97.79,200,TGT
2025-12-12,9:32:43.735249980,T,97.66,400,97.79,200,TGT
2025-12-12,9:32:43.735269991,T,97.66,100,97.79,200,TGT
2025-12-12,9:32:43.735280102,T,97.67,100,97.79,200,TGT
2025-12-12,9:32:43.735295082,T,97.67,300,97.79,200,TGT
2025-12-12,9:32:43.735350181,T,97.7,100,97.79,200,TGT
2025-12-12,9:32:43.735390457,T,97.7,300,97.79,200,TGT
2025-12-12,9:32:43.735410336,T,97.7,100,97.79,200,TGT
2025-12-12,9:32:43.735435388,T,97.75,200,97.79,200,TGT
2025-12-12,9:32:43.735891550,T,97.76,200,97.79,200,TGT
2025-12-12,9:32:43.738528138,T,97.7,100,97.79,200,TGT
2025-12-12,9:32:43.738552850,T,97.7,100,97.78,100,TGT
2025-12-12,9:32:43.738567937,T,97.7,100,97.78,200,TGT
2025-12-12,9:32:43.738587903,T,97.7,100,97.77,100,TGT
2025-12-12,9:32:43.738988912,T,97.67,100,97.77,100,TGT
2025-12-12,9:32:43.739685571,T,97.67,100,97.78,100,TGT
2025-12-12,9:32:43.745344082,T,97.67,100,97.79,200,TGT
2025-12-12,9:32:43.885568111,T,97.66,100,97.79,200,TGT
2025-12-12,9:32:53.153532292,T,97.58,100,97.79,200,TGT
2025-12-12,9:32:53.153532292,T,97.58,100,97.73,100,TGT
2025-12-12,9:32:53.153552347,T,97.58,100,97.72,100,TGT
2025-12-12,9:32:53.153552347,T,97.58,100,97.7,100,TGT
2025-12-12,9:32:53.153552347,T,97.58,100,97.7,200,TGT
2025-12-12,9:32:53.153617539,T,97.58,100,97.69,100,TGT
2025-12-12,9:32:53.157687243,T,97.58,100,97.7,300,TGT
2025-12-12,9:32:53.160589159,T,97.58,100,97.7,200,TGT
2025-12-12,9:32:53.253590711,T,97.58,100,97.7,100,TGT
2025-12-12,9:32:53.932292586,T,97.58,100,97.73,100,TGT
2025-12-12,9:33:02.857826219,T,97.58,100,97.7,100,TGT
2025-12-12,9:33:04.818878009,T,97.52,100,97.7,100,TGT
2025-12-12,9:33:04.818898102,T,97.52,100,97.66,100,TGT
2025-12-12,9:33:04.818928212,T,97.52,100,97.66,200,TGT
2025-12-12,9:33:04.819123633,T,97.52,100,97.66,300,TGT
2025-12-12,9:33:04.820186181,T,97.58,100,97.66,300,TGT
2025-12-12,9:33:04.820186181,T,97.59,100,97.66,300,TGT
2025-12-12,9:33:04.820191134,T,97.59,100,97.66,200,TGT
2025-12-12,9:33:04.820191134,T,97.59,100,97.66,100,TGT
2025-12-12,9:33:04.836670495,T,97.59,100,97.65,100,TGT
2025-12-12,9:33:04.836755655,T,97.59,100,97.64,100,TGT
2025-12-12,9:33:04.836760622,T,97.52,100,97.64,100,TGT
2025-12-12,9:33:04.990712403,T,97.52,100,97.65,100,TGT
2025-12-12,9:33:05.290070574,T,97.52,100,97.7,100,TGT
2025-12-12,9:33:05.536006652,T,97.52,100,97.7,200,TGT
2025-12-12,9:33:05.536036570,T,97.52,100,97.67,100,TGT
2025-12-12,9:33:05.536061625,T,97.52,100,97.7,200,TGT
2025-12-12,9:33:05.536207073,T,97.58,400,97.7,200,TGT
2025-12-12,9:33:05.536422504,T,97.58,600,97.7,200,TGT
2025-12-12,9:33:05.536447622,T,97.58,600,97.7,100,TGT
2025-12-12,9:33:12.862565715,T,97.58,600,97.67,100,TGT
2025-12-12,9:33:14.152664238,T,97.58,600,97.7,100,TGT
2025-12-12,9:33:15.736161588,T,97.58,200,97.7,100,TGT
2025-12-12,9:33:15.736161588,T,97.52,100,97.7,100,TGT
2025-12-12,9:33:15.736186678,T,97.59,600,97.7,100,TGT
2025-12-12,9:33:17.266407185,T,97.59,600,97.77,200,TGT
2025-12-12,9:33:24.022081598,T,97.58,100,97.77,200,TGT
2025-12-12,9:33:24.022086297,T,97.6,100,97.77,200,TGT
2025-12-12,9:33:24.022086297,T,97.6,200,97.77,200,TGT
2025-12-12,9:33:24.022106335,T,97.66,600,97.77,200,TGT
2025-12-12,9:33:24.022587526,T,97.66,600,97.79,300,TGT
2025-12-12,9:33:24.022592570,T,97.66,600,97.78,100,TGT
2025-12-12,9:33:24.022597527,T,97.67,600,97.78,100,TGT
2025-12-12,9:33:24.022627623,T,97.67,600,97.79,300,TGT
2025-12-12,9:33:24.022682705,T,97.6,100,97.79,300,TGT
2025-12-12,9:33:24.022707775,T,97.6,100,97.7,100,TGT
2025-12-12,9:33:24.022747866,T,97.6,200,97.7,100,TGT
2025-12-12,9:33:24.032390881,T,97.6,200,97.77,100,TGT
2025-12-12,9:33:24.032566230,T,97.6,200,97.79,300,TGT
2025-12-12,9:33:24.032601418,T,97.6,200,97.79,200,TGT
2025-12-12,9:33:24.122199816,T,97.6,100,97.79,200,TGT
2025-12-12,9:33:24.223040046,T,97.59,100,97.79,200,TGT
2025-12-12,9:33:24.223070085,T,97.58,100,97.79,200,TGT
2025-12-12,9:33:24.410030536,T,97.66,100,97.79,200,TGT
2025-12-12,9:33:25.679790561,T,97.66,100,97.7,100,TGT
2025-12-12,9:33:25.679805688,T,97.58,100,97.7,100,TGT
2025-12-12,9:33:25.679825819,T,97.58,100,97.68,100,TGT
2025-12-12,9:33:25.680387049,T,97.58,100,97.7,100,TGT
2025-12-12,9:33:35.026171882,T,97.58,100,97.79,200,TGT
2025-12-12,9:33:35.026242018,T,97.59,100,97.79,200,TGT
2025-12-12,9:33:35.026292190,T,97.59,100,97.69,100,TGT
2025-12-12,9:33:35.027785772,T,97.59,100,97.79,200,TGT
2025-12-12,9:33:35.028246777,T,97.59,100,97.7,100,TGT
2025-12-12,9:33:35.141396377,T,97.52,100,97.7,100,TGT
2025-12-12,9:33:35.142403828,T,97.52,100,97.79,200,TGT
2025-12-12,9:33:40.604461126,T,97.52,100,97.69,100,TGT
2025-12-12,9:33:40.794238340,T,97.52,100,97.79,200,TGT
2025-12-12,9:33:41.641642094,T,97.59,100,97.79,200,TGT
2025-12-12,9:33:48.586847942,T,97.59,100,97.7,100,TGT
2025-12-12,9:33:49.362280163,T,97.59,100,97.79,200,TGT
2025-12-12,9:33:51.978096897,T,97.6,100,97.79,200,TGT
2025-12-12,9:33:51.978096897,T,97.6,200,97.79,200,TGT
2025-12-12,9:33:51.978101913,T,97.64,100,97.79,200,TGT
2025-12-12,9:33:51.978131991,T,97.64,200,97.79,200,TGT
2025-12-12,9:33:51.978352485,T,97.64,300,97.79,200,TGT
2025-12-12,9:33:51.978562968,T,97.65,100,97.79,200,TGT
2025-12-12,9:33:51.978638186,T,97.64,200,97.79,200,TGT
2025-12-12,9:33:51.980071553,T,97.65,100,97.79,200,TGT
2025-12-12,9:33:51.990952564,T,97.65,200,97.79,200,TGT
2025-12-12,9:33:51.996069753,T,97.65,100,97.79,200,TGT
2025-12-12,9:34:01.393628070,T,97.65,200,97.79,200,TGT
2025-12-12,9:34:01.973729922,T,97.65,300,97.79,200,TGT
2025-12-12,9:34:02.295566651,T,97.67,100,97.79,200,TGT
2025-12-12,9:34:02.295917438,T,97.67,200,97.79,200,TGT
2025-12-12,9:34:02.295922513,T,97.68,100,97.79,200,TGT
2025-12-12,9:34:02.295957567,T,97.71,100,97.79,200,TGT
2025-12-12,9:34:02.296574020,T,97.7,100,97.79,200,TGT
2025-12-12,9:34:02.296594113,T,97.68,200,97.79,200,TGT
2025-12-12,9:34:02.306001507,T,97.68,100,97.79,200,TGT
2025-12-12,9:34:02.310677700,T,97.71,100,97.79,200,TGT
2025-12-12,9:34:21.070068379,T,97.67,100,97.79,200,TGT
2025-12-12,9:34:21.070093425,T,97.67,100,97.77,100,TGT
2025-12-12,9:34:21.070098498,T,97.64,100,97.77,100,TGT
2025-12-12,9:34:21.070123454,T,97.64,100,97.77,200,TGT
2025-12-12,9:34:21.070123454,T,97.64,100,97.77,100,TGT
2025-12-12,9:34:21.092777452,T,97.64,100,97.78,100,TGT
2025-12-12,9:34:21.092797799,T,97.64,100,97.79,300,TGT
2025-12-12,9:34:21.092797799,T,97.64,100,97.79,200,TGT
2025-12-12,9:34:21.094225917,T,97.64,100,97.79,300,TGT
2025-12-12,9:34:21.095373708,T,97.64,100,97.79,200,TGT
2025-12-12,9:34:27.485948101,T,97.68,100,97.79,200,TGT
2025-12-12,9:34:37.619840272,T,97.7,100,97.79,200,TGT
2025-12-12,9:34:39.130439139,T,97.71,100,97.79,200,TGT
2025-12-12,9:34:39.137911968,T,97.7,100,97.79,200,TGT
2025-12-12,9:34:52.044765195,T,97.68,100,97.79,200,TGT
2025-12-12,9:35:01.218830874,T,97.68,100,97.79,100,TGT
2025-12-12,9:35:01.658823994,T,97.68,100,97.79,200,TGT
2025-12-12,9:35:14.675378801,T,97.68,100,97.79,300,TGT
2025-12-12,9:35:14.675554300,T,97.68,100,97.79,400,TGT
2025-12-12,9:35:14.675629430,T,97.68,100,97.79,300,TGT
2025-12-12,9:35:14.685498009,T,97.68,100,97.79,200,TGT
2025-12-12,9:35:15.234395692,T,97.68,100,97.79,300,TGT
2025-12-12,9:35:15.234591158,T,97.68,100,97.79,200,TGT
2025-12-12,9:35:15.234761532,T,97.68,100,97.79,300,TGT
2025-12-12,9:35:15.244459671,T,97.68,100,97.79,200,TGT
2025-12-12,9:35:15.302382631,T,97.64,200,97.79,200,TGT
2025-12-12,9:35:15.302397691,T,97.64,200,97.79,300,TGT
2025-12-12,9:35:15.302402686,T,97.64,200,97.78,100,TGT
2025-12-12,9:35:15.302402686,T,97.64,200,97.68,100,TGT
2025-12-12,9:35:15.302407672,T,97.64,100,97.68,100,TGT
2025-12-12,9:35:15.302974072,T,97.64,100,97.73,100,TGT
2025-12-12,9:35:15.302984064,T,97.64,100,97.72,100,TGT
2025-12-12,9:35:15.304181918,T,97.58,100,97.72,100,TGT
2025-12-12,9:35:15.318034995,T,97.58,100,97.73,100,TGT
2025-12-12,9:35:15.402526287,T,97.58,100,97.74,100,TGT
2025-12-12,9:35:16.291554086,T,97.58,100,97.78,100,TGT
2025-12-12,9:35:16.291764605,T,97.58,100,97.78,200,TGT
2025-12-12,9:35:20.808224307,T,97.58,100,97.75,100,TGT
2025-12-12,9:35:20.816629351,T,97.64,100,97.75,100,TGT
2025-12-12,9:35:20.816634454,T,97.65,100,97.75,100,TGT
2025-12-12,9:35:20.816639450,T,97.64,100,97.75,100,TGT
2025-12-12,9:35:20.816664518,T,97.62,100,97.75,100,TGT
2025-12-12,9:35:20.816789804,T,97.58,100,97.75,100,TGT
2025-12-12,9:35:20.816895004,T,97.58,100,97.78,100,TGT
2025-12-12,9:35:20.817020280,T,97.58,100,97.75,100,TGT
2025-12-12,9:35:20.818443664,T,97.58,100,97.78,100,TGT
2025-12-12,9:35:20.818463770,T,97.65,100,97.78,100,TGT
2025-12-12,9:35:20.818474015,T,97.69,100,97.78,100,TGT
2025-12-12,9:35:20.818538971,T,97.69,100,97.74,100,TGT
2025-12-12,9:35:20.819355931,T,97.69,100,97.74,200,TGT
2025-12-12,9:35:20.828537708,T,97.65,100,97.74,200,TGT
2025-12-12,9:35:20.918467051,T,97.58,100,97.74,200,TGT
2025-12-12,9:35:20.918552220,T,97.58,100,97.73,100,TGT
2025-12-12,9:35:20.918557224,T,97.57,200,97.73,100,TGT
2025-12-12,9:35:20.918557224,T,97.57,200,97.7,100,TGT
2025-12-12,9:35:20.918893230,T,97.57,200,97.69,100,TGT
2025-12-12,9:35:20.918988296,T,97.57,200,97.68,100,TGT
2025-12-12,9:35:26.048513527,T,97.57,200,97.68,200,TGT
2025-12-12,9:35:27.820991153,T,97.57,200,97.68,300,TGT
2025-12-12,9:35:27.822840559,T,97.57,200,97.68,200,TGT
2025-12-12,9:35:29.386500690,T,97.57,200,97.68,300,TGT
2025-12-12,9:35:33.856294613,T,97.57,200,97.65,100,TGT
2025-12-12,9:35:33.856299268,T,97.57,200,97.65,200,TGT
2025-12-12,9:35:33.856329326,T,97.57,200,97.65,100,TGT
2025-12-12,9:35:33.856334310,T,97.57,200,97.68,100,TGT
2025-12-12,9:35:33.856359418,T,97.58,100,97.68,100,TGT
2025-12-12,9:35:33.856379405,T,97.59,100,97.68,100,TGT
2025-12-12,9:35:33.857081130,T,97.59,100,97.75,100,TGT
2025-12-12,9:35:33.863411201,T,97.58,100,97.75,100,TGT
2025-12-12,9:35:33.956472890,T,97.57,200,97.75,100,TGT
2025-12-12,9:35:34.900677344,T,97.57,200,97.71,100,TGT
2025-12-12,9:35:47.394055672,T,97.57,200,97.75,100,TGT
2025-12-12,9:35:47.595229922,T,97.57,200,97.71,100,TGT
2025-12-12,9:35:57.395757773,T,97.57,200,97.73,100,TGT
2025-12-12,9:35:57.395777920,T,97.64,100,97.73,100,TGT
2025-12-12,9:35:57.395782813,T,97.64,200,97.73,100,TGT
2025-12-12,9:35:57.395782813,T,97.64,300,97.73,100,TGT
2025-12-12,9:35:57.395782813,T,97.64,300,97.75,100,TGT
2025-12-12,9:35:57.395787858,T,97.64,400,97.75,100,TGT
2025-12-12,9:35:57.395807912,T,97.64,300,97.75,100,TGT
2025-12-12,9:35:57.396063502,T,97.66,100,97.75,100,TGT
2025-12-12,9:35:57.396534691,T,97.66,100,97.79,200,TGT
2025-12-12,9:35:57.396569856,T,97.66,200,97.79,200,TGT
2025-12-12,9:35:57.396579762,T,97.66,100,97.79,200,TGT
2025-12-12,9:35:57.396589798,T,97.67,100,97.79,200,TGT
2025-12-12,9:35:57.396815370,T,97.68,100,97.79,200,TGT
2025-12-12,9:35:57.396860457,T,97.67,100,97.79,200,TGT
2025-12-12,9:35:57.396940616,T,97.68,100,97.79,200,TGT
2025-12-12,9:35:57.397381619,T,97.68,100,97.78,100,TGT
2025-12-12,9:35:57.397892889,T,97.67,100,97.78,100,TGT
2025-12-12,9:35:57.398058279,T,97.66,100,97.78,100,TGT
2025-12-12,9:35:57.437246604,T,97.66,200,97.78,100,TGT
2025-12-12,9:35:57.437888200,T,97.68,100,97.78,100,TGT
2025-12-12,9:35:57.437898195,T,97.68,100,97.79,200,TGT
2025-12-12,9:35:57.440479374,T,97.66,200,97.79,200,TGT
2025-12-12,9:35:59.167749184,T,97.66,300,97.79,200,TGT
2025-12-12,9:35:59.167759404,T,97.69,100,97.79,200,TGT
2025-12-12,9:35:59.167769324,T,97.7,100,97.79,200,TGT
2025-12-12,9:35:59.167784316,T,97.69,100,97.79,200,TGT
2025-12-12,9:35:59.167799374,T,97.72,100,97.79,200,TGT
2025-12-12,9:35:59.168024908,T,97.72,100,97.79,100,TGT
2025-12-12,9:35:59.168521065,T,97.72,100,97.79,200,TGT
2025-12-12,9:35:59.169458247,T,97.69,100,97.79,200,TGT
2025-12-12,9:35:59.288466905,T,97.68,100,97.79,200,TGT
2025-12-12,9:35:59.368061435,T,97.66,300,97.79,200,TGT
2025-12-12,9:35:59.368111557,T,97.66,200,97.79,200,TGT
2025-12-12,9:35:59.958893929,T,97.7,200,97.79,200,TGT
2025-12-12,9:36:03.057120067,T,97.7,300,97.79,200,TGT
2025-12-12,9:36:09.142888348,T,97.7,200,97.79,200,TGT
2025-12-12,9:36:19.918088358,T,97.71,100,97.79,200,TGT
2025-12-12,9:36:19.918093413,T,97.71,200,97.79,200,TGT
2025-12-12,9:36:19.918118422,T,97.71,100,97.79,200,TGT
2025-12-12,9:36:19.918669799,T,97.71,100,97.78,100,TGT
2025-12-12,9:36:19.918684843,T,97.71,100,97.79,200,TGT
2025-12-12,9:36:19.919266163,T,97.7,200,97.79,200,TGT
2025-12-12,9:36:19.938471947,T,97.71,100,97.79,200,TGT
2025-12-12,9:36:19.957873154,T,97.72,100,97.79,200,TGT
2025-12-12,9:36:19.964944991,T,97.71,100,97.79,200,TGT
2025-12-12,9:36:19.970317767,T,97.71,200,97.79,200,TGT
2025-12-12,9:36:19.970473334,T,97.71,100,97.79,200,TGT
2025-12-12,9:36:19.970478210,T,97.71,200,97.79,200,TGT
2025-12-12,9:36:19.970969417,T,97.71,100,97.79,200,TGT
2025-12-12,9:36:19.986756955,T,97.71,100,97.78,400,TGT
2025-12-12,9:36:27.456582823,T,97.71,200,97.78,400,TGT
2025-12-12,9:36:27.456582823,T,97.71,100,97.78,400,TGT
2025-12-12,9:36:27.456652749,T,97.71,100,97.79,200,TGT
2025-12-12,9:36:27.456672747,T,97.71,100,97.79,100,TGT
2025-12-12,9:36:27.456687792,T,97.71,200,97.79,100,TGT
2025-12-12,9:36:27.456702877,T,97.72,100,97.79,100,TGT
2025-12-12,9:36:27.456803128,T,97.71,200,97.79,100,TGT
2025-12-12,9:36:27.456808139,T,97.71,100,97.79,100,TGT
2025-12-12,9:36:27.456953474,T,97.72,100,97.79,100,TGT
2025-12-12,9:36:27.457504728,T,97.74,100,97.79,100,TGT
2025-12-12,9:36:27.458642531,T,97.72,200,97.79,100,TGT
2025-12-12,9:36:27.464546582,T,97.72,100,97.79,100,TGT
2025-12-12,9:36:27.465789500,T,97.72,100,97.79,200,TGT
2025-12-12,9:36:27.468095162,T,97.72,100,97.8,100,TGT
2025-12-12,9:36:27.468099983,T,97.72,100,97.81,100,TGT
2025-12-12,9:36:27.468120069,T,97.75,100,97.81,100,TGT
2025-12-12,9:36:27.468130031,T,97.75,100,97.85,200,TGT
2025-12-12,9:36:27.468150108,T,97.77,100,97.85,200,TGT
2025-12-12,9:36:27.468340680,T,97.77,100,97.85,100,TGT
2025-12-12,9:36:27.468375632,T,97.77,100,97.9,900,TGT
2025-12-12,9:36:27.484358697,T,97.78,100,97.9,900,TGT
2025-12-12,9:36:27.484388763,T,97.78,100,97.9,800,TGT
2025-12-12,9:36:27.484393868,T,97.81,100,97.9,800,TGT
2025-12-12,9:36:27.485115828,T,97.78,100,97.9,800,TGT
2025-12-12,9:36:27.487165436,T,97.8,100,97.9,800,TGT
2025-12-12,9:36:27.487200519,T,97.81,100,97.9,800,TGT
2025-12-12,9:36:27.487285698,T,97.81,100,97.9,600,TGT
2025-12-12,9:36:27.508010082,T,97.81,200,97.9,600,TGT
2025-12-12,9:36:27.514495486,T,97.83,100,97.9,600,TGT
2025-12-12,9:36:27.541996084,T,97.83,100,97.93,100,TGT
2025-12-12,9:36:27.542016130,T,97.86,100,97.93,100,TGT
2025-12-12,9:36:27.542066241,T,97.87,100,97.93,100,TGT
2025-12-12,9:36:27.542392011,T,97.86,100,97.93,100,TGT
2025-12-12,9:36:27.642019337,T,97.85,100,97.93,100,TGT
2025-12-12,9:36:27.644485162,T,97.85,100,97.95,5100,TGT
2025-12-12,9:36:27.869591521,T,97.85,100,97.95,5000,TGT
2025-12-12,9:36:27.869616592,T,97.86,100,97.95,5000,TGT
2025-12-12,9:36:27.869631859,T,97.87,100,97.95,5000,TGT
2025-12-12,9:36:27.869631859,T,97.86,100,97.95,5000,TGT
2025-12-12,9:36:27.869651692,T,97.87,100,97.95,5000,TGT
2025-12-12,9:36:27.869666684,T,97.86,200,97.95,5000,TGT
2025-12-12,9:36:27.870067625,T,97.86,100,97.95,5000,TGT
2025-12-12,9:36:27.870664096,T,97.86,200,97.95,5000,TGT
2025-12-12,9:36:27.871135500,T,97.86,200,97.95,5200,TGT
2025-12-12,9:36:27.871165311,T,97.86,100,97.95,5200,TGT
2025-12-12,9:36:27.871350677,T,97.86,200,97.95,5200,TGT
2025-12-12,9:36:27.876648314,T,97.86,100,97.95,5200,TGT
2025-12-12,9:36:27.893603760,T,97.86,200,97.95,5200,TGT
2025-12-12,9:36:27.970381625,T,97.86,100,97.95,5200,TGT
2025-12-12,9:36:28.069923828,T,97.85,200,97.95,5200,TGT
2025-12-12,9:36:28.168563787,T,97.85,100,97.95,5200,TGT
2025-12-12,9:36:30.127440403,T,97.85,200,97.95,5200,TGT
2025-12-12,9:36:30.127445463,T,97.88,100,97.95,5200,TGT
2025-12-12,9:36:30.656746459,T,97.9,100,97.95,5200,TGT
2025-12-12,9:36:30.676162698,T,97.9,100,97.95,4400,TGT
2025-12-12,9:36:30.676187744,T,97.9,100,97.95,200,TGT
2025-12-12,9:36:30.676187744,T,97.9,100,98.0,1600,TGT
2025-12-12,9:36:30.676197739,T,97.9,100,97.95,5000,TGT
2025-12-12,9:36:30.676212813,T,97.92,100,97.95,5000,TGT
2025-12-12,9:36:30.676212813,T,97.92,200,97.95,5000,TGT
2025-12-12,9:36:30.676227946,T,97.92,200,97.95,4900,TGT
2025-12-12,9:36:30.676227946,T,97.93,100,97.95,4900,TGT
2025-12-12,9:36:30.676242873,T,97.93,100,97.95,4800,TGT
2025-12-12,9:36:30.676252886,T,97.92,200,97.95,4800,TGT
2025-12-12,9:36:30.676283069,T,97.92,200,97.94,100,TGT
2025-12-12,9:36:30.676333252,T,97.92,200,97.95,4800,TGT
2025-12-12,9:36:30.676423382,T,97.92,200,97.95,4900,TGT
2025-12-12,9:36:30.676433549,T,97.92,200,97.94,100,TGT
2025-12-12,9:36:30.676438878,T,97.92,300,97.94,100,TGT
2025-12-12,9:36:30.676453436,T,97.93,100,97.94,100,TGT
2025-12-12,9:36:30.676473379,T,97.92,300,97.94,100,TGT
2025-12-12,9:36:30.676508785,T,97.92,300,97.94,200,TGT
2025-12-12,9:36:30.676528909,T,97.92,200,97.94,200,TGT
2025-12-12,9:36:30.676528909,T,97.92,100,97.94,200,TGT
2025-12-12,9:36:30.676533603,T,97.92,100,97.93,100,TGT
2025-12-12,9:36:30.676538533,T,97.92,100,97.94,200,TGT
2025-12-12,9:36:30.676548581,T,97.87,100,97.94,200,TGT
2025-12-12,9:36:30.676558647,T,97.87,100,97.94,300,TGT
2025-12-12,9:36:30.676568681,T,97.87,100,97.93,100,TGT
2025-12-12,9:36:30.676578676,T,97.87,100,97.94,300,TGT
2025-12-12,9:36:30.676583834,T,97.87,100,97.94,200,TGT
2025-12-12,9:36:30.676583834,T,97.87,100,97.94,100,TGT
2025-12-12,9:36:30.676588693,T,97.87,100,97.95,4900,TGT
2025-12-12,9:36:30.676588693,T,97.87,100,97.95,400,TGT
2025-12-12,9:36:30.676643815,T,97.91,100,97.95,400,TGT
2025-12-12,9:36:30.676708979,T,97.91,100,97.95,300,TGT
2025-12-12,9:36:30.678428126,T,97.91,100,97.94,100,TGT
2025-12-12,9:36:30.678443109,T,97.87,100,97.94,100,TGT
2025-12-12,9:36:30.678563428,T,97.87,100,97.94,200,TGT
2025-12-12,9:36:30.678743849,T,97.86,100,97.94,200,TGT
2025-12-12,9:36:30.678768920,T,97.86,100,97.94,300,TGT
2025-12-12,9:36:30.678768920,T,97.86,100,97.93,100,TGT
2025-12-12,9:36:30.678793944,T,97.86,100,97.93,200,TGT
2025-12-12,9:36:30.678793944,T,97.86,100,97.93,100,TGT
2025-12-12,9:36:30.678798986,T,97.86,100,97.92,100,TGT
2025-12-12,9:36:30.687128800,T,97.86,100,97.94,200,TGT
2025-12-12,9:36:30.687128800,T,97.86,100,97.94,100,TGT
2025-12-12,9:36:30.687153811,T,97.86,100,97.92,100,TGT
2025-12-12,9:36:30.687168888,T,97.9,100,97.92,100,TGT
2025-12-12,9:36:30.687168888,T,97.9,100,97.94,100,TGT
2025-12-12,9:36:30.687193999,T,97.9,100,97.94,200,TGT
2025-12-12,9:36:30.687569854,T,97.91,100,97.94,200,TGT
2025-12-12,9:36:30.687574864,T,97.91,100,97.94,100,TGT
2025-12-12,9:36:30.692130777,T,97.91,100,97.95,400,TGT
2025-12-12,9:36:30.692882504,T,97.91,100,97.94,400,TGT
2025-12-12,9:36:30.693143271,T,97.91,100,97.95,400,TGT
2025-12-12,9:36:30.693153176,T,97.91,100,97.95,500,TGT
2025-12-12,9:36:30.693158290,T,97.86,100,97.95,500,TGT
2025-12-12,9:36:30.693168175,T,97.86,100,97.92,400,TGT
2025-12-12,9:36:31.373684383,T,97.91,100,97.92,400,TGT
2025-12-12,9:36:31.373719475,T,97.85,200,97.92,400,TGT
2025-12-12,9:36:31.373739504,T,97.85,200,97.95,400,TGT
2025-12-12,9:36:31.373764560,T,97.85,200,97.92,400,TGT
2025-12-12,9:36:31.373924951,T,97.85,200,97.95,400,TGT
2025-12-12,9:36:31.373945029,T,97.85,200,97.92,400,TGT
2025-12-12,9:36:31.374180540,T,97.85,200,97.92,500,TGT
2025-12-12,9:36:31.374185593,T,97.85,200,97.92,400,TGT
2025-12-12,9:36:31.374922355,T,97.86,100,97.92,400,TGT
2025-12-12,9:36:31.374942434,T,97.86,100,97.92,300,TGT
2025-12-12,9:36:31.499258845,T,97.86,100,97.95,500,TGT
2025-12-12,9:36:31.499258845,T,97.86,100,97.95,400,TGT
2025-12-12,9:36:31.499358749,T,97.86,100,97.95,300,TGT
2025-12-12,9:36:31.500055477,T,97.86,100,97.95,400,TGT
2025-12-12,9:36:31.524604227,T,97.86,100,97.95,500,TGT
2025-12-12,9:36:31.524618974,T,97.86,100,97.95,400,TGT
2025-12-12,9:36:36.018074067,T,97.85,200,97.95,400,TGT
2025-12-12,9:36:36.018109127,T,97.85,200,97.95,500,TGT
2025-12-12,9:36:36.018339753,T,97.85,200,97.92,100,TGT
2025-12-12,9:36:36.018344724,T,97.85,200,97.92,200,TGT
2025-12-12,9:36:36.018374770,T,97.85,200,97.92,300,TGT
2025-12-12,9:36:36.018379770,T,97.85,200,97.92,200,TGT
2025-12-12,9:36:36.018384989,T,97.85,200,97.92,300,TGT
2025-12-12,9:36:36.018720582,T,97.85,200,97.92,400,TGT
2025-12-12,9:36:36.018896041,T,97.85,200,97.92,300,TGT
2025-12-12,9:36:36.019091514,T,97.85,200,97.92,200,TGT
2025-12-12,9:36:36.019111509,T,97.86,100,97.92,200,TGT
2025-12-12,9:36:36.019116548,T,97.87,100,97.92,200,TGT
2025-12-12,9:36:36.019136578,T,97.86,100,97.92,200,TGT
2025-12-12,9:36:36.019306973,T,97.86,100,97.92,100,TGT
2025-12-12,9:36:36.019306973,T,97.86,100,97.95,400,TGT
2025-12-12,9:36:36.019327107,T,97.87,100,97.95,400,TGT
2025-12-12,9:36:36.019327107,T,97.89,100,97.95,400,TGT
2025-12-12,9:36:36.019332093,T,97.89,200,97.95,400,TGT
2025-12-12,9:36:36.019883377,T,97.89,100,97.95,400,TGT
2025-12-12,9:36:36.119651084,T,97.88,100,97.95,400,TGT
2025-12-12,9:36:36.220280790,T,97.86,100,97.95,400,TGT
2025-12-12,9:36:36.239827357,T,97.85,200,97.95,400,TGT
2025-12-12,9:36:36.248102090,T,97.9,100,97.95,400,TGT
2025-12-12,9:36:36.405391768,T,97.91,100,97.95,400,TGT
2025-12-12,9:36:44.163574257,T,97.9,200,97.95,400,TGT
2025-12-12,9:36:44.163594313,T,97.9,100,97.95,400,TGT
2025-12-12,9:36:44.163619383,T,97.9,100,97.93,100,TGT
2025-12-12,9:36:48.673548309,T,97.9,100,97.95,400,TGT
2025-12-12,9:36:50.130694751,T,97.91,100,97.95,400,TGT
2025-12-12,9:36:50.130714917,T,97.9,100,97.95,400,TGT
2025-12-12,9:36:50.130739866,T,97.9,100,97.94,100,TGT
2025-12-12,9:36:50.130739866,T,97.9,100,97.93,100,TGT
2025-12-12,9:36:50.130744905,T,97.9,100,97.93,200,TGT
2025-12-12,9:36:50.131296148,T,97.9,100,97.93,100,TGT
2025-12-12,9:36:50.137811631,T,97.9,100,97.94,100,TGT
2025-12-12,9:36:50.143730827,T,97.9,100,97.95,400,TGT
2025-12-12,9:36:50.800901466,T,97.9,100,97.94,100,TGT
2025-12-12,9:36:55.939553339,T,97.9,100,97.93,500,TGT
2025-12-12,9:36:55.940360291,T,97.9,100,97.93,600,TGT
2025-12-12,9:36:56.044518349,T,97.86,100,97.93,600,TGT
2025-12-12,9:36:56.044533354,T,97.85,200,97.93,600,TGT
2025-12-12,9:36:56.044553444,T,97.85,200,97.93,700,TGT
2025-12-12,9:36:56.044849174,T,97.85,200,97.91,100,TGT
2025-12-12,9:36:56.045355323,T,97.85,200,97.93,800,TGT
2025-12-12,9:36:56.046402920,T,97.85,100,97.93,800,TGT
2025-12-12,9:36:56.046402920,T,97.85,100,97.91,100,TGT
2025-12-12,9:36:56.046427865,T,97.83,200,97.91,100,TGT
2025-12-12,9:36:56.046703636,T,97.83,100,97.91,100,TGT
2025-12-12,9:36:56.047555837,T,97.83,100,97.9,100,TGT
2025-12-12,9:36:56.047560661,T,97.83,100,97.9,200,TGT
2025-12-12,9:36:56.047575648,T,97.83,100,97.9,100,TGT
2025-12-12,9:36:56.048116897,T,97.83,200,97.9,100,TGT
2025-12-12,9:36:56.048116897,T,97.84,100,97.9,100,TGT
2025-12-12,9:36:56.048162043,T,97.85,100,97.9,100,TGT
2025-12-12,9:36:56.048172062,T,97.84,100,97.9,100,TGT
2025-12-12,9:36:56.048207234,T,97.85,100,97.9,100,TGT
2025-12-12,9:36:56.048372504,T,97.87,100,97.9,100,TGT
2025-12-12,9:36:56.048603129,T,97.87,100,97.92,100,TGT
2025-12-12,9:36:56.048678261,T,97.87,100,97.9,100,TGT
2025-12-12,9:36:56.048718428,T,97.87,100,97.92,100,TGT
2025-12-12,9:36:56.048738442,T,97.88,100,97.92,100,TGT
2025-12-12,9:36:56.048848726,T,97.87,100,97.92,100,TGT
2025-12-12,9:36:56.048928921,T,97.85,100,97.92,100,TGT
2025-12-12,9:36:56.049004017,T,97.85,100,97.93,700,TGT
2025-12-12,9:36:56.049034087,T,97.84,100,97.93,700,TGT
2025-12-12,9:36:56.049034087,T,97.85,100,97.93,700,TGT
2025-12-12,9:36:56.049264711,T,97.9,100,97.93,700,TGT
2025-12-12,9:36:56.049349874,T,97.89,100,97.93,700,TGT
2025-12-12,9:36:56.049384930,T,97.85,100,97.93,700,TGT
2025-12-12,9:36:56.049400015,T,97.84,100,97.93,700,TGT
2025-12-12,9:36:56.049425086,T,97.85,100,97.93,700,TGT
2025-12-12,9:36:56.049525247,T,97.84,100,97.93,700,TGT
2025-12-12,9:36:56.049550402,T,97.85,100,97.93,700,TGT
2025-12-12,9:36:56.049881106,T,97.85,200,97.93,700,TGT
2025-12-12,9:36:56.050437512,T,97.85,200,97.92,100,TGT
2025-12-12,9:36:56.050848686,T,97.85,200,97.93,700,TGT
2025-12-12,9:36:56.051114070,T,97.85,100,97.93,700,TGT
2025-12-12,9:36:56.051119149,T,97.85,200,97.93,700,TGT
2025-12-12,9:36:56.051124308,T,97.85,100,97.93,700,TGT
2025-12-12,9:36:56.051139148,T,97.84,100,97.93,700,TGT
2025-12-12,9:36:56.051144133,T,97.84,100,97.92,100,TGT
2025-12-12,9:36:56.051149150,T,97.84,100,97.91,100,TGT
2025-12-12,9:36:56.051149150,T,97.84,100,97.91,200,TGT
2025-12-12,9:36:56.051164200,T,97.84,100,97.91,100,TGT
2025-12-12,9:36:56.051204340,T,97.84,100,97.91,200,TGT
2025-12-12,9:36:56.051204340,T,97.84,100,97.9,100,TGT
2025-12-12,9:36:56.052046319,T,97.85,100,97.9,100,TGT
2025-12-12,9:36:56.052046319,T,97.85,200,97.9,100,TGT
2025-12-12,9:36:56.052061315,T,97.85,300,97.9,100,TGT
2025-12-12,9:36:56.052066367,T,97.85,200,97.9,100,TGT
2025-12-12,9:36:56.052277105,T,97.85,300,97.9,100,TGT
2025-12-12,9:36:56.052286931,T,97.85,200,97.9,100,TGT
2025-12-12,9:36:56.052286931,T,97.85,300,97.9,100,TGT
2025-12-12,9:36:56.052312226,T,97.85,200,97.9,100,TGT
2025-12-12,9:36:56.052577571,T,97.86,100,97.9,100,TGT
2025-12-12,9:36:56.052687856,T,97.86,100,97.91,200,TGT
2025-12-12,9:36:56.053454630,T,97.86,100,97.91,100,TGT
2025-12-12,9:36:56.053474768,T,97.88,100,97.91,100,TGT
2025-12-12,9:36:56.053479696,T,97.88,200,97.91,100,TGT
2025-12-12,9:36:56.053710539,T,97.88,200,97.92,100,TGT
2025-12-12,9:36:56.053715261,T,97.88,200,97.93,700,TGT
2025-12-12,9:36:56.053730254,T,97.9,100,97.93,700,TGT
2025-12-12,9:36:56.054286605,T,97.89,300,97.93,700,TGT
2025-12-12,9:36:56.054617413,T,97.89,300,97.93,600,TGT
2025-12-12,9:36:56.054637691,T,97.9,100,97.93,600,TGT
2025-12-12,9:36:56.054642461,T,97.9,200,97.93,600,TGT
2025-12-12,9:36:56.062300813,T,97.9,200,97.93,500,TGT
2025-12-12,9:36:56.065147563,T,97.9,100,97.93,500,TGT
2025-12-12,9:36:56.070645964,T,97.9,100,97.94,100,TGT
2025-12-12,9:36:56.070650634,T,97.9,100,97.95,500,TGT
2025-12-12,9:36:56.070650634,T,97.9,100,97.95,400,TGT
2025-12-12,9:36:56.070665652,T,97.92,100,97.95,400,TGT
2025-12-12,9:36:56.071222005,T,97.91,300,97.95,400,TGT
2025-12-12,9:36:56.082654398,T,97.91,200,97.95,400,TGT
2025-12-12,9:36:56.082664212,T,97.91,100,97.95,400,TGT
2025-12-12,9:36:56.082679341,T,97.88,100,97.95,400,TGT
2025-12-12,9:36:56.082704328,T,97.9,100,97.95,400,TGT
2025-12-12,9:36:56.089721042,T,97.91,100,97.95,400,TGT
2025-12-12,9:36:56.160514751,T,97.88,100,97.95,400,TGT
2025-12-12,9:36:56.160514751,T,97.87,100,97.95,400,TGT
2025-12-12,9:36:56.160534745,T,97.88,100,97.95,400,TGT
2025-12-12,9:36:56.160539756,T,97.88,200,97.95,400,TGT
2025-12-12,9:36:56.253546403,T,97.88,100,97.95,400,TGT
2025-12-12,9:36:56.292855002,T,97.88,200,97.95,400,TGT
2025-12-12,9:36:56.292880086,T,97.91,100,97.95,400,TGT
2025-12-12,9:36:56.292880086,T,97.91,200,97.95,400,TGT
2025-12-12,9:36:57.434344480,T,97.91,200,97.95,300,TGT
2025-12-12,9:36:57.434349449,T,97.91,200,97.95,200,TGT
2025-12-12,9:36:57.434369432,T,97.91,300,97.95,200,TGT
2025-12-12,9:36:57.434369432,T,97.92,100,97.95,200,TGT
2025-12-12,9:36:57.434379500,T,97.92,100,98.0,1400,TGT
2025-12-12,9:36:57.434379500,T,97.92,200,98.0,1400,TGT
2025-12-12,9:36:57.434389557,T,97.92,200,97.95,5000,TGT
2025-12-12,9:36:57.434399605,T,97.92,300,97.95,5000,TGT
2025-12-12,9:36:57.434399605,T,97.93,100,97.95,5000,TGT
2025-12-12,9:36:57.434404547,T,97.93,100,97.95,4700,TGT
2025-12-12,9:36:57.434409532,T,97.93,200,97.95,4700,TGT
2025-12-12,9:36:57.434419562,T,97.93,200,97.95,4600,TGT
2025-12-12,9:36:57.434424566,T,97.93,100,97.95,4600,TGT
2025-12-12,9:36:57.434474797,T,97.93,100,97.95,4500,TGT
2025-12-12,9:36:57.434529874,T,97.94,100,97.95,4500,TGT
2025-12-12,9:36:57.434529874,T,97.94,100,98.0,1400,TGT
2025-12-12,9:36:57.434539882,T,97.94,100,97.95,5000,TGT
2025-12-12,9:36:57.434575025,T,97.94,100,98.0,1400,TGT
2025-12-12,9:36:57.434584974,T,97.94,100,97.95,5000,TGT
2025-12-12,9:36:57.434595012,T,97.94,100,97.95,2700,TGT
2025-12-12,9:36:57.434610024,T,97.92,200,97.95,2700,TGT
2025-12-12,9:36:57.434615078,T,97.92,100,97.95,2700,TGT
2025-12-12,9:36:57.434630073,T,97.92,200,97.95,2700,TGT
2025-12-12,9:36:57.434640171,T,97.92,300,97.95,2700,TGT
2025-12-12,9:36:57.434750385,T,97.92,200,97.95,2700,TGT
2025-12-12,9:36:57.434855611,T,97.92,200,98.0,1400,TGT
2025-12-12,9:36:57.434865653,T,97.92,200,97.95,5000,TGT
2025-12-12,9:36:57.434875674,T,97.93,100,97.95,5000,TGT
2025-12-12,9:36:57.434875674,T,97.94,100,97.95,5000,TGT
2025-12-12,9:36:57.434895855,T,97.94,100,97.95,4900,TGT
2025-12-12,9:36:57.434900874,T,97.93,300,97.95,4900,TGT
2025-12-12,9:36:57.434915762,T,97.93,300,97.95,4500,TGT
2025-12-12,9:36:57.434930851,T,97.93,300,97.95,4400,TGT
2025-12-12,9:36:57.434930851,T,97.93,300,97.95,4500,TGT
2025-12-12,9:36:57.434940801,T,97.93,300,97.95,3600,TGT
2025-12-12,9:36:57.434986157,T,97.93,300,97.95,3500,TGT
2025-12-12,9:36:57.434991023,T,97.93,300,97.95,3200,TGT
2025-12-12,9:36:57.435000968,T,97.93,300,97.95,2300,TGT
2025-12-12,9:36:57.435036232,T,97.93,300,98.0,1400,TGT
2025-12-12,9:36:57.435041125,T,97.93,300,97.95,5000,TGT
2025-12-12,9:36:57.435061155,T,97.93,300,97.95,2600,TGT
2025-12-12,9:36:57.435061155,T,97.94,100,97.95,2600,TGT
2025-12-12,9:36:57.435071180,T,97.94,100,97.95,2300,TGT
2025-12-12,9:36:57.435076400,T,97.93,300,97.95,2300,TGT
2025-12-12,9:36:57.435106620,T,97.93,200,97.95,2300,TGT
2025-12-12,9:36:57.435136313,T,97.93,200,97.95,2400,TGT
2025-12-12,9:36:57.435231508,T,97.93,200,97.95,2300,TGT
2025-12-12,9:36:57.435256602,T,97.93,200,98.0,1400,TGT
2025-12-12,9:36:57.435261785,T,97.93,200,97.95,5000,TGT
2025-12-12,9:36:57.435276708,T,97.94,100,97.95,5000,TGT
2025-12-12,9:36:57.435286621,T,97.93,400,97.95,5000,TGT
2025-12-12,9:36:57.435291910,T,97.93,300,97.95,5000,TGT
2025-12-12,9:36:57.435291910,T,97.93,200,97.95,5000,TGT
2025-12-12,9:36:57.435301695,T,97.93,100,97.95,5000,TGT
2025-12-12,9:36:57.435316781,T,97.93,100,97.95,5100,TGT
2025-12-12,9:36:57.435362070,T,97.93,100,97.94,100,TGT
2025-12-12,9:36:57.435362070,T,97.92,100,97.94,100,TGT
2025-12-12,9:36:57.435366967,T,97.91,200,97.94,100,TGT
2025-12-12,9:36:57.435366967,T,97.91,300,97.94,100,TGT
2025-12-12,9:36:57.435382125,T,97.91,300,97.94,200,TGT
2025-12-12,9:36:57.435386865,T,97.91,200,97.94,200,TGT
2025-12-12,9:36:57.435422019,T,97.91,200,97.94,300,TGT
2025-12-12,9:36:57.435553144,T,97.91,200,97.94,200,TGT
2025-12-12,9:36:57.435557557,T,97.91,200,97.94,100,TGT
2025-12-12,9:36:57.435557557,T,97.91,200,97.95,5100,TGT
2025-12-12,9:36:57.435577402,T,97.91,200,97.95,5000,TGT
2025-12-12,9:36:57.435602434,T,97.92,100,97.95,5000,TGT
2025-12-12,9:36:57.435853058,T,97.92,100,97.94,100,TGT
2025-12-12,9:36:57.435878033,T,97.91,100,97.94,100,TGT
2025-12-12,9:36:57.435898084,T,97.91,200,97.94,100,TGT
2025-12-12,9:36:57.436028615,T,97.91,100,97.94,100,TGT
2025-12-12,9:36:57.436294086,T,97.91,200,97.94,100,TGT
2025-12-12,9:36:57.436479556,T,97.91,300,97.94,100,TGT
2025-12-12,9:36:57.436479556,T,97.93,100,97.94,100,TGT
2025-12-12,9:36:57.436529606,T,97.93,100,97.95,5000,TGT
2025-12-12,9:36:57.436915500,T,97.93,200,97.95,5000,TGT
2025-12-12,9:36:57.438429171,T,97.93,200,97.95,4100,TGT
2025-12-12,9:36:57.438474780,T,97.94,100,97.95,4100,TGT
2025-12-12,9:36:57.438474780,T,97.94,200,97.95,4100,TGT
2025-12-12,9:36:57.451259702,T,97.94,200,97.95,1200,TGT
2025-12-12,9:36:57.451294834,T,97.94,200,98.0,1400,TGT
2025-12-12,9:36:57.451299870,T,97.94,200,97.95,5000,TGT
2025-12-12,9:36:57.451314836,T,97.94,300,97.95,5000,TGT
2025-12-12,9:36:57.451320157,T,97.94,300,97.95,4900,TGT
2025-12-12,9:36:57.451320157,T,97.94,200,97.95,4900,TGT
2025-12-12,9:36:57.451324981,T,97.94,200,97.95,4800,TGT
2025-12-12,9:36:57.451324981,T,97.94,100,97.95,4800,TGT
2025-12-12,9:36:57.451324981,T,97.94,100,97.95,4700,TGT
2025-12-12,9:36:57.451329931,T,97.94,100,97.95,3300,TGT
2025-12-12,9:36:57.451871205,T,97.92,100,97.95,3300,TGT
2025-12-12,9:36:57.451896229,T,97.92,100,97.95,3400,TGT
2025-12-12,9:36:57.466085002,T,97.92,100,98.0,1400,TGT
2025-12-12,9:36:57.473572838,T,97.94,100,98.0,1400,TGT
2025-12-12,9:36:57.498777891,T,97.93,100,98.0,1400,TGT
2025-12-12,9:36:57.498798018,T,97.91,100,98.0,1400,TGT
2025-12-12,9:36:57.498828053,T,97.91,200,98.0,1400,TGT
2025-12-12,9:36:57.766290409,T,97.91,100,98.0,1400,TGT
2025-12-12,9:36:57.973543964,T,97.92,100,98.0,1400,TGT
2025-12-12,9:36:57.973564024,T,97.92,200,98.0,1400,TGT
2025-12-12,9:36:58.451743110,T,97.92,200,97.96,100,TGT
2025-12-12,9:36:58.451743110,T,97.92,200,98.0,1400,TGT
2025-12-12,9:36:58.520441803,T,97.92,200,98.0,1500,TGT
2025-12-12,9:36:58.520847738,T,97.92,200,97.95,100,TGT
2025-12-12,9:36:58.944506976,T,97.92,100,97.95,100,TGT
2025-12-12,9:36:58.944512357,T,97.87,100,97.95,100,TGT
2025-12-12,9:36:58.944512357,T,97.85,100,97.95,100,TGT
2025-12-12,9:36:58.944532344,T,97.85,100,97.94,100,TGT
2025-12-12,9:36:58.944532344,T,97.85,100,97.94,200,TGT
2025-12-12,9:36:58.944532344,T,97.85,100,97.93,100,TGT
2025-12-12,9:36:58.944542140,T,97.87,100,97.93,100,TGT
2025-12-12,9:36:58.944572215,T,97.87,100,97.93,200,TGT
2025-12-12,9:36:58.944772664,T,97.85,100,97.93,200,TGT
2025-12-12,9:36:58.944898000,T,97.85,100,97.92,100,TGT
2025-12-12,9:36:58.945143598,T,97.85,100,97.93,100,TGT
2025-12-12,9:36:58.957071967,T,97.87,200,97.93,100,TGT
2025-12-12,9:36:59.103440639,T,97.85,100,97.93,100,TGT
2025-12-12,9:36:59.103480731,T,97.88,200,97.93,100,TGT
2025-12-12,9:37:00.368634915,T,97.89,100,97.93,100,TGT
2025-12-12,9:37:00.377080021,T,97.89,300,97.93,100,TGT
2025-12-12,9:37:00.377115186,T,97.89,300,97.95,100,TGT
2025-12-12,9:37:00.379886738,T,97.89,300,97.95,200,TGT
2025-12-12,9:37:00.379911762,T,97.89,300,97.95,100,TGT
2025-12-12,9:37:00.379911762,T,97.89,300,97.93,100,TGT
2025-12-12,9:37:00.441573693,T,97.89,300,97.95,100,TGT
2025-12-12,9:37:00.445016875,T,97.89,300,97.95,200,TGT
2025-12-12,9:37:00.445036991,T,97.89,300,97.93,100,TGT
2025-12-12,9:37:00.521408893,T,97.89,300,98.0,1400,TGT
2025-12-12,9:37:01.355160117,T,97.89,400,98.0,1400,TGT
2025-12-12,9:37:01.359916455,T,97.89,500,98.0,1400,TGT
2025-12-12,9:37:02.498077873,T,97.89,500,97.92,500,TGT
2025-12-12,9:37:05.331041851,T,97.89,600,97.92,500,TGT
2025-12-12,9:37:15.518336508,T,97.89,600,97.92,200,TGT
2025-12-12,9:37:15.518336508,T,97.89,600,97.92,100,TGT
2025-12-12,9:37:15.518351470,T,97.89,600,97.96,100,TGT
2025-12-12,9:37:15.518351470,T,97.89,600,98.0,1400,TGT
2025-12-12,9:37:15.518361911,T,97.89,700,98.0,1400,TGT
2025-12-12,9:37:15.518381583,T,97.9,100,98.0,1400,TGT
2025-12-12,9:37:15.518396627,T,97.9,200,98.0,1400,TGT
2025-12-12,9:37:15.518496856,T,97.91,100,98.0,1400,TGT
2025-12-12,9:37:15.518782477,T,97.9,200,98.0,1400,TGT
2025-12-12,9:37:15.518852719,T,97.91,100,98.0,1400,TGT
2025-12-12,9:37:15.519368890,T,97.92,100,98.0,1400,TGT
2025-12-12,9:37:15.519394031,T,97.91,100,98.0,1400,TGT
2025-12-12,9:37:15.527488279,T,97.91,200,98.0,1400,TGT
2025-12-12,9:37:15.540624561,T,97.91,400,98.0,1400,TGT
2025-12-12,9:37:16.606398572,T,97.91,300,98.0,1400,TGT
2025-12-12,9:37:17.347539173,T,97.93,100,98.0,1400,TGT
2025-12-12,9:37:17.348015293,T,97.93,200,98.0,1400,TGT
2025-12-12,9:37:17.356660933,T,97.93,400,98.0,1400,TGT
2025-12-12,9:37:17.361427237,T,97.94,100,98.0,1400,TGT
2025-12-12,9:37:17.367631972,T,97.94,300,98.0,1400,TGT
2025-12-12,9:37:18.432518886,T,97.94,400,98.0,1400,TGT
2025-12-12,9:37:19.127945590,T,97.94,500,98.0,1400,TGT
2025-12-12,9:37:19.194779798,T,97.94,600,98.0,1400,TGT
2025-12-12,9:37:20.164610882,T,97.94,500,98.0,1400,TGT
2025-12-12,9:37:20.164610882,T,97.94,300,98.0,1400,TGT
2025-12-12,9:37:20.164615375,T,97.94,200,98.0,1400,TGT
2025-12-12,9:37:20.164615375,T,97.94,100,98.0,1400,TGT
2025-12-12,9:37:20.164615375,T,97.93,100,98.0,1400,TGT
2025-12-12,9:37:20.164635670,T,97.88,100,98.0,1400,TGT
2025-12-12,9:37:20.164660435,T,97.85,100,98.0,1400,TGT
2025-12-12,9:37:20.164690547,T,97.88,100,98.0,1400,TGT
2025-12-12,9:37:20.164896009,T,97.88,100,97.97,200,TGT
2025-12-12,9:37:20.164971228,T,97.88,100,98.0,1400,TGT
2025-12-12,9:37:20.165667877,T,97.88,200,98.0,1400,TGT
2025-12-12,9:37:21.015788361,T,97.88,100,98.0,1400,TGT
2025-12-12,9:37:22.358025869,T,97.88,100,97.93,100,TGT
2025-12-12,9:37:24.628650427,T,97.89,100,97.93,100,TGT
2025-12-12,9:37:24.628675499,T,97.9,100,97.93,100,TGT
2025-12-12,9:37:25.894410971,T,97.88,100,97.93,100,TGT
2025-12-12,9:37:25.894410971,T,97.85,100,97.93,100,TGT
2025-12-12,9:37:25.894431112,T,97.85,100,97.91,100,TGT
2025-12-12,9:37:25.894476053,T,97.85,100,97.91,200,TGT
2025-12-12,9:37:25.894641503,T,97.85,100,97.91,100,TGT
2025-12-12,9:37:25.894856996,T,97.85,100,97.92,300,TGT
2025-12-12,9:37:25.894982239,T,97.85,100,97.92,200,TGT
2025-12-12,9:37:25.895157752,T,97.85,100,97.92,100,TGT
2025-12-12,9:37:25.895182730,T,97.88,100,97.92,100,TGT
2025-12-12,9:37:25.895182730,T,97.89,100,97.92,100,TGT
2025-12-12,9:37:25.895207837,T,97.88,100,97.92,100,TGT
2025-12-12,9:37:25.895463483,T,97.88,100,97.93,200,TGT
2025-12-12,9:37:25.902244569,T,97.85,100,97.93,200,TGT
2025-12-12,9:37:26.094542750,T,97.85,100,97.93,100,TGT
2025-12-12,9:37:26.372660287,T,97.89,100,97.93,100,TGT
2025-12-12,9:37:26.620219963,T,97.89,200,97.93,100,TGT
2025-12-12,9:37:47.043133909,T,97.89,100,97.93,100,TGT
2025-12-12,9:37:48.537784635,T,97.91,100,97.93,100,TGT
2025-12-12,9:37:48.542936827,T,97.91,100,97.95,200,TGT
2025-12-12,9:37:48.542941901,T,97.91,100,97.95,100,TGT
2025-12-12,9:37:48.542961991,T,97.92,100,97.95,100,TGT
2025-12-12,9:37:48.543518323,T,97.91,200,97.95,100,TGT
2025-12-12,9:37:49.543395324,T,97.91,100,97.95,100,TGT
2025-12-12,9:37:54.723581415,T,97.91,100,97.93,100,TGT
2025-12-12,9:37:54.727440590,T,97.91,100,97.95,100,TGT
2025-12-12,9:37:54.727460624,T,97.92,100,97.95,100,TGT
2025-12-12,9:37:54.727726282,T,97.92,200,97.95,100,TGT
2025-12-12,9:37:54.728022017,T,97.92,100,97.95,100,TGT
2025-12-12,9:37:55.810901777,T,97.91,100,97.95,100,TGT
2025-12-12,9:37:59.661279459,T,97.91,100,97.94,100,TGT
2025-12-12,9:37:59.661289492,T,97.91,100,97.94,200,TGT
2025-12-12,9:37:59.661314578,T,97.91,100,97.94,300,TGT
2025-12-12,9:37:59.661319822,T,97.89,100,97.94,300,TGT
2025-12-12,9:37:59.661324532,T,97.89,100,97.94,200,TGT
2025-12-12,9:37:59.661339890,T,97.89,100,97.94,300,TGT
2025-12-12,9:37:59.661339890,T,97.89,100,97.93,100,TGT
2025-12-12,9:37:59.661344832,T,97.89,100,97.93,200,TGT
2025-12-12,9:37:59.661344832,T,97.89,100,97.93,300,TGT
2025-12-12,9:37:59.661735576,T,97.89,100,97.93,400,TGT
2025-12-12,9:37:59.661745540,T,97.89,100,97.93,300,TGT
2025-12-12,9:37:59.661745540,T,97.89,100,97.92,100,TGT
2025-12-12,9:37:59.662427233,T,97.89,100,97.93,100,TGT
2025-12-12,9:37:59.666366556,T,97.9,100,97.93,100,TGT
2025-12-12,9:37:59.681642927,T,97.9,100,97.94,100,TGT
2025-12-12,9:38:00.783553244,T,97.9,100,97.95,100,TGT
2025-12-12,9:38:01.270362970,T,97.89,100,97.95,100,TGT
2025-12-12,9:38:01.270383238,T,97.89,100,97.95,200,TGT
2025-12-12,9:38:01.270388000,T,97.89,100,97.92,100,TGT
2025-12-12,9:38:01.270388000,T,97.89,100,97.91,100,TGT
2025-12-12,9:38:01.270428096,T,97.89,100,97.91,200,TGT
2025-12-12,9:38:01.270743807,T,97.89,100,97.91,100,TGT
2025-12-12,9:38:01.270819059,T,97.89,100,97.9,100,TGT
2025-12-12,9:38:01.270939250,T,97.89,100,97.93,300,TGT
2025-12-12,9:38:01.270959323,T,97.89,100,97.93,200,TGT
2025-12-12,9:38:01.271570802,T,97.89,100,97.93,100,TGT
2025-12-12,9:38:01.472539685,T,97.89,100,97.95,200,TGT
2025-12-12,9:38:06.263202468,T,97.88,100,97.95,200,TGT
2025-12-12,9:38:06.263222532,T,97.85,100,97.95,200,TGT
2025-12-12,9:38:06.263232877,T,97.85,100,97.93,100,TGT
2025-12-12,9:38:06.263242585,T,97.85,100,97.93,200,TGT
2025-12-12,9:38:06.263247624,T,97.85,100,97.93,300,TGT
2025-12-12,9:38:06.263257630,T,97.85,100,97.91,100,TGT
2025-12-12,9:38:06.263342821,T,97.85,100,97.9,100,TGT
2025-12-12,9:38:06.263859124,T,97.85,100,97.9,200,TGT
2025-12-12,9:38:06.263904241,T,97.85,100,97.89,100,TGT
2025-12-12,9:38:06.274389121,T,97.85,100,97.9,100,TGT
2025-12-12,9:38:06.286147159,T,97.85,100,97.93,200,TGT
2025-12-12,9:38:06.317712374,T,97.85,200,97.93,200,TGT
2025-12-12,9:38:06.463419451,T,97.85,200,97.93,100,TGT
2025-12-12,9:38:06.606269835,T,97.88,100,97.93,100,TGT
2025-12-12,9:38:07.207993250,T,97.89,100,97.93,100,TGT
2025-12-12,9:38:07.207993250,T,97.89,100,97.95,200,TGT
2025-12-12,9:38:07.217987027,T,97.88,200,97.95,200,TGT
2025-12-12,9:38:07.396692790,T,97.88,100,97.95,200,TGT
2025-12-12,9:38:14.721994165,T,97.88,100,97.95,100,TGT
2025-12-12,9:38:15.866896606,T,97.88,200,97.95,100,TGT
2025-12-12,9:38:15.866901631,T,97.92,100,97.95,100,TGT
2025-12-12,9:38:15.866911642,T,97.92,200,97.95,100,TGT
2025-12-12,9:38:15.867172215,T,97.92,300,97.95,100,TGT
2025-12-12,9:38:15.876895417,T,97.92,200,97.95,100,TGT
2025-12-12,9:38:16.067825303,T,97.92,200,97.96,100,TGT
2025-12-12,9:38:16.067875324,T,97.93,100,97.96,100,TGT
2025-12-12,9:38:16.067890362,T,97.93,100,98.0,1600,TGT
2025-12-12,9:38:16.067945514,T,97.94,100,98.0,1600,TGT
2025-12-12,9:38:16.068060868,T,97.93,100,98.0,1600,TGT
2025-12-12,9:38:16.068171025,T,97.94,100,98.0,1600,TGT
2025-12-12,9:38:16.068381519,T,97.94,200,98.0,1600,TGT
2025-12-12,9:38:16.068747704,T,97.94,100,98.0,1600,TGT
2025-12-12,9:38:16.068747704,T,97.88,200,98.0,1600,TGT
2025-12-12,9:38:16.068772498,T,97.88,200,97.95,100,TGT
2025-12-12,9:38:16.068812551,T,97.88,200,97.95,200,TGT
2025-12-12,9:38:16.069093231,T,97.88,200,97.95,300,TGT
2025-12-12,9:38:16.069113311,T,97.88,200,97.95,200,TGT
2025-12-12,9:38:16.069113311,T,97.88,200,97.95,300,TGT
2025-12-12,9:38:16.069148342,T,97.88,200,97.95,400,TGT
2025-12-12,9:38:16.069318841,T,97.88,200,97.94,100,TGT
2025-12-12,9:38:16.069358843,T,97.88,200,97.95,300,TGT
2025-12-12,9:38:16.069654654,T,97.88,200,97.94,100,TGT
2025-12-12,9:38:16.088334085,T,97.88,200,97.95,300,TGT
2025-12-12,9:38:16.268779032,T,97.88,200,97.95,200,TGT
2025-12-12,9:38:16.293813577,T,97.9,100,97.95,200,TGT
2025-12-12,9:38:17.743522340,T,97.91,100,97.95,200,TGT
2025-12-12,9:38:17.743853140,T,97.91,100,97.95,100,TGT
2025-12-12,9:38:17.744249079,T,97.91,100,97.95,200,TGT
2025-12-12,9:38:18.321484219,T,97.91,100,97.95,100,TGT
2025-12-12,9:38:38.303282245,T,97.91,200,97.95,100,TGT
2025-12-12,9:38:38.369971088,T,97.91,100,97.95,100,TGT
2025-12-12,9:38:44.205523539,T,97.92,100,97.95,100,TGT
2025-12-12,9:38:44.205538521,T,97.92,200,97.95,100,TGT
2025-12-12,9:38:44.205949554,T,97.92,300,97.95,100,TGT
2025-12-12,9:38:44.205964539,T,97.92,300,97.96,100,TGT
2025-12-12,9:38:44.208836403,T,97.92,200,97.96,100,TGT
2025-12-12,9:38:44.208836403,T,97.92,100,97.96,100,TGT
2025-12-12,9:38:44.208841461,T,97.91,300,97.96,100,TGT
2025-12-12,9:38:44.208856431,T,97.91,300,97.95,100,TGT
2025-12-12,9:38:44.208861484,T,97.91,300,97.94,100,TGT
2025-12-12,9:38:44.208861484,T,97.91,200,97.94,100,TGT
2025-12-12,9:38:44.208861484,T,97.91,200,97.94,200,TGT
2025-12-12,9:38:44.208866520,T,97.91,200,97.94,300,TGT
2025-12-12,9:38:44.208876740,T,97.91,200,97.94,400,TGT
2025-12-12,9:38:44.208881541,T,97.91,100,97.94,400,TGT
2025-12-12,9:38:44.208881541,T,97.9,100,97.94,400,TGT
2025-12-12,9:38:44.208896843,T,97.9,100,97.93,100,TGT
2025-12-12,9:38:44.208901540,T,97.9,100,97.94,400,TGT
2025-12-12,9:38:44.208901540,T,97.9,100,97.92,100,TGT
2025-12-12,9:38:44.208911547,T,97.9,100,97.94,300,TGT
2025-12-12,9:38:44.208921837,T,97.91,100,97.94,300,TGT
2025-12-12,9:38:44.208926683,T,97.91,100,97.94,400,TGT
2025-12-12,9:38:44.208931582,T,97.91,200,97.94,400,TGT
2025-12-12,9:38:44.208936658,T,97.91,300,97.94,400,TGT
2025-12-12,9:38:44.208936658,T,97.91,300,97.94,300,TGT
2025-12-12,9:38:44.208961905,T,97.91,300,97.94,400,TGT
2025-12-12,9:38:44.208966754,T,97.91,300,97.93,100,TGT
2025-12-12,9:38:44.209267416,T,97.91,400,97.93,100,TGT
2025-12-12,9:38:44.209292497,T,97.91,400,97.94,400,TGT
2025-12-12,9:38:44.209397760,T,97.91,300,97.94,400,TGT
2025-12-12,9:38:44.209402871,T,97.91,200,97.94,400,TGT
2025-12-12,9:38:44.209402871,T,97.91,100,97.94,400,TGT
2025-12-12,9:38:44.209407782,T,97.9,100,97.94,400,TGT
2025-12-12,9:38:44.209412811,T,97.9,100,97.94,300,TGT
2025-12-12,9:38:44.209422790,T,97.9,100,97.94,200,TGT
2025-12-12,9:38:44.209422790,T,97.9,100,97.94,300,TGT
2025-12-12,9:38:44.209422790,T,97.9,100,97.93,100,TGT
2025-12-12,9:38:44.209442895,T,97.9,100,97.94,300,TGT
2025-12-12,9:38:44.209442895,T,97.9,100,97.93,100,TGT
2025-12-12,9:38:44.209648334,T,97.9,100,97.94,300,TGT
2025-12-12,9:38:44.210274859,T,97.9,200,97.94,300,TGT
2025-12-12,9:38:44.217171210,T,97.9,200,97.94,200,TGT
2025-12-12,9:38:44.217191327,T,97.91,100,97.94,200,TGT
2025-12-12,9:38:44.217627492,T,97.91,100,97.94,300,TGT
2025-12-12,9:38:44.217627492,T,97.91,100,97.94,200,TGT
2025-12-12,9:38:44.217627492,T,97.91,100,97.93,100,TGT
2025-12-12,9:38:44.217637334,T,97.91,100,97.93,200,TGT
2025-12-12,9:38:44.217657422,T,97.91,100,97.93,300,TGT
2025-12-12,9:38:44.218193702,T,97.91,100,97.93,200,TGT
2025-12-12,9:38:44.222398717,T,97.91,200,97.93,200,TGT
2025-12-12,9:38:44.224719291,T,97.91,200,97.93,100,TGT
2025-12-12,9:38:44.247438354,T,97.91,200,97.94,200,TGT
2025-12-12,9:38:44.308985005,T,97.91,200,97.94,100,TGT
2025-12-12,9:38:44.800205334,T,97.91,100,97.94,100,TGT
2025-12-12,9:38:45.391714798,T,97.91,100,97.93,100,TGT
2025-12-12,9:38:45.399874045,T,97.9,100,97.93,100,TGT
2025-12-12,9:38:45.399898995,T,97.9,100,97.93,200,TGT
2025-12-12,9:38:45.399904140,T,97.9,100,97.93,100,TGT
2025-12-12,9:38:45.399909434,T,97.9,100,97.93,200,TGT
2025-12-12,9:38:45.399914045,T,97.9,100,97.92,100,TGT
2025-12-12,9:38:45.399934018,T,97.9,100,97.92,200,TGT
2025-12-12,9:38:45.400279910,T,97.9,100,97.92,100,TGT
2025-12-12,9:38:45.400314993,T,97.9,200,97.92,100,TGT
2025-12-12,9:38:45.410068223,T,97.9,200,97.93,200,TGT
2025-12-12,9:38:45.410278729,T,97.9,300,97.93,200,TGT
2025-12-12,9:38:45.476812170,T,97.9,300,97.93,100,TGT
2025-12-12,9:38:46.687010083,T,97.9,200,97.93,100,TGT
2025-12-12,9:38:46.687240703,T,97.9,100,97.93,100,TGT
2025-12-12,9:38:48.131797169,T,97.91,100,97.93,100,TGT
2025-12-12,9:38:48.131812245,T,97.91,100,97.94,100,TGT
2025-12-12,9:38:48.131832232,T,97.91,100,97.95,100,TGT
2025-12-12,9:38:48.131837237,T,97.91,100,97.96,100,TGT
2025-12-12,9:38:48.131882344,T,97.91,200,97.96,100,TGT
2025-12-12,9:38:48.132002662,T,97.91,100,97.96,100,TGT
2025-12-12,9:38:48.132062776,T,97.91,100,97.95,100,TGT
2025-12-12,9:38:48.132067855,T,97.91,100,97.94,100,TGT
2025-12-12,9:38:48.132088099,T,97.91,100,97.95,100,TGT
2025-12-12,9:38:48.132088099,T,97.91,100,97.96,100,TGT
2025-12-12,9:38:48.132112896,T,97.91,200,97.96,100,TGT
2025-12-12,9:38:48.142277172,T,97.91,100,97.96,100,TGT
2025-12-12,9:38:49.428867161,T,97.91,200,97.96,100,TGT
2025-12-12,9:38:53.129222521,T,97.91,100,97.96,100,TGT
2025-12-12,9:38:53.129232554,T,97.93,100,97.96,100,TGT
2025-12-12,9:38:53.130199875,T,97.93,100,98.0,1600,TGT
2025-12-12,9:38:53.130235003,T,97.93,200,98.0,1600,TGT
2025-12-12,9:38:53.130235003,T,97.93,100,98.0,1600,TGT
2025-12-12,9:38:53.130249958,T,97.94,100,98.0,1600,TGT
2025-12-12,9:38:53.130796314,T,97.93,200,98.0,1600,TGT
2025-12-12,9:38:53.130911591,T,97.94,100,98.0,1600,TGT
2025-12-12,9:38:53.145200662,T,97.94,200,98.0,1600,TGT
2025-12-12,9:38:53.160742618,T,97.94,300,98.0,1600,TGT
2025-12-12,9:38:53.178084007,T,97.94,400,98.0,1600,TGT
2025-12-12,9:38:53.255613694,T,97.94,300,98.0,1600,TGT
2025-12-12,9:38:54.116664968,T,97.94,400,98.0,1600,TGT
2025-12-12,9:38:54.816582376,T,97.94,400,97.95,100,TGT
2025-12-12,9:38:54.816607473,T,97.94,300,97.95,100,TGT
2025-12-12,9:38:55.109961393,T,97.94,400,97.95,100,TGT
2025-12-12,9:38:56.353634230,T,97.94,300,97.95,100,TGT
2025-12-12,9:38:56.353654465,T,97.94,200,97.95,100,TGT
2025-12-12,9:38:56.353659334,T,97.94,100,97.95,100,TGT
2025-12-12,9:38:56.353659334,T,97.86,100,97.95,100,TGT
2025-12-12,9:38:56.353669350,T,97.86,100,98.0,1600,TGT
2025-12-12,9:38:56.353674387,T,97.86,100,97.97,100,TGT
2025-12-12,9:38:56.353679651,T,97.86,100,97.95,100,TGT
2025-12-12,9:38:56.353694525,T,97.86,100,97.97,100,TGT
2025-12-12,9:38:56.353699422,T,97.88,100,97.97,100,TGT
2025-12-12,9:38:56.353699422,T,97.94,100,97.97,100,TGT
2025-12-12,9:38:56.353734517,T,97.86,100,97.97,100,TGT
2025-12-12,9:38:56.353734517,T,97.88,100,97.97,100,TGT
2025-12-12,9:38:56.353739488,T,97.93,100,97.97,100,TGT
2025-12-12,9:38:56.353739488,T,97.93,100,98.0,1600,TGT
2025-12-12,9:38:56.353749489,T,97.94,100,98.0,1600,TGT
2025-12-12,9:38:56.353784734,T,97.88,100,98.0,1600,TGT
2025-12-12,9:38:56.353784734,T,97.94,100,98.0,1600,TGT
2025-12-12,9:38:56.354095356,T,97.88,100,98.0,1600,TGT
2025-12-12,9:38:56.354095356,T,97.89,100,98.0,1600,TGT
2025-12-12,9:38:56.354200576,T,97.89,100,98.0,1700,TGT
2025-12-12,9:38:56.354355937,T,97.88,100,98.0,1700,TGT
2025-12-12,9:38:56.355634014,T,97.88,100,98.0,1600,TGT
2025-12-12,9:38:56.355659091,T,97.94,100,98.0,1600,TGT
2025-12-12,9:38:56.798248471,T,97.88,100,98.0,1600,TGT
2025-12-12,9:38:57.391010535,T,97.94,100,98.0,1600,TGT
2025-12-12,9:38:57.995380352,T,97.94,100,98.0,1700,TGT
2025-12-12,9:39:01.734803888,T,97.94,100,97.95,100,TGT
2025-12-12,9:39:07.159251723,T,97.86,100,97.95,100,TGT
2025-12-12,9:39:07.159272141,T,97.86,100,97.95,200,TGT
2025-12-12,9:39:07.159276732,T,97.86,100,97.95,300,TGT
2025-12-12,9:39:07.159732871,T,97.86,100,97.95,400,TGT
2025-12-12,9:39:07.159833138,T,97.86,100,97.95,300,TGT
2025-12-12,9:39:07.159863185,T,97.86,100,97.95,200,TGT
2025-12-12,9:39:07.159903213,T,97.86,100,97.95,100,TGT
2025-12-12,9:39:07.160314208,T,97.86,200,97.95,100,TGT
2025-12-12,9:39:07.163907785,T,97.89,100,97.95,100,TGT
2025-12-12,9:39:07.164173425,T,97.93,100,97.95,100,TGT
2025-12-12,9:39:07.167952445,T,97.93,200,97.95,100,TGT
2025-12-12,9:39:07.364881579,T,97.93,100,97.95,100,TGT
2025-12-12,9:39:07.365067007,T,97.89,100,97.95,100,TGT
2025-12-12,9:39:21.442398883,T,97.89,100,97.94,100,TGT
2025-12-12,9:39:22.112089224,T,97.89,100,98.0,1700,TGT
2025-12-12,9:39:23.043959294,T,97.89,100,97.93,100,TGT
2025-12-12,9:39:29.583638963,T,97.85,100,97.93,100,TGT
2025-12-12,9:39:29.583659352,T,97.85,100,97.92,100,TGT
2025-12-12,9:39:29.583659352,T,97.85,100,97.91,100,TGT
2025-12-12,9:39:29.583664277,T,97.85,100,97.91,200,TGT
2025-12-12,9:39:29.583699123,T,97.85,100,97.91,300,TGT
2025-12-12,9:39:29.583774382,T,97.85,100,97.91,400,TGT
2025-12-12,9:39:29.584030123,T,97.85,100,97.91,300,TGT
2025-12-12,9:39:29.584034881,T,97.85,100,97.9,100,TGT
2025-12-12,9:39:29.584455925,T,97.85,100,97.91,100,TGT
2025-12-12,9:39:29.584460903,T,97.86,100,97.91,100,TGT
2025-12-12,9:39:29.603681695,T,97.85,100,97.91,100,TGT
2025-12-12,9:39:29.603681695,T,97.83,200,97.91,100,TGT
2025-12-12,9:39:29.603681695,T,97.83,100,97.91,100,TGT
2025-12-12,9:39:29.603701722,T,97.83,100,97.86,100,TGT
2025-12-12,9:39:29.603716835,T,97.81,300,97.86,100,TGT
2025-12-12,9:39:29.603766964,T,97.81,300,97.86,200,TGT
2025-12-12,9:39:29.604212909,T,97.81,300,97.86,100,TGT
2025-12-12,9:39:29.607691229,T,97.81,100,97.86,100,TGT
2025-12-12,9:39:30.083359455,T,97.82,100,97.86,100,TGT
2025-12-12,9:39:30.083389579,T,97.82,100,97.91,200,TGT
2025-12-12,9:39:30.589866290,T,97.82,100,97.87,100,TGT
2025-12-12,9:39:31.162931528,T,97.82,100,97.87,200,TGT
2025-12-12,9:39:35.131365650,T,97.82,100,97.87,100,TGT
2025-12-12,9:39:38.911074996,T,97.83,100,97.87,100,TGT
2025-12-12,9:39:38.911084953,T,97.83,200,97.87,100,TGT
2025-12-12,9:39:38.911090032,T,97.83,300,97.87,100,TGT
2025-12-12,9:39:38.911115023,T,97.84,100,97.87,100,TGT
2025-12-12,9:39:38.918131824,T,97.83,300,97.87,100,TGT
2025-12-12,9:39:39.111327072,T,97.83,200,97.87,100,TGT
2025-12-12,9:39:39.679971707,T,97.83,100,97.87,100,TGT
2025-12-12,9:39:42.451745091,T,97.85,100,97.87,100,TGT
2025-12-12,9:39:45.069371237,T,97.85,100,97.91,100,TGT
2025-12-12,9:39:45.069396227,T,97.85,200,97.91,100,TGT
2025-12-12,9:39:46.179084876,T,97.86,100,97.91,100,TGT
2025-12-12,9:39:46.179115010,T,97.86,200,97.91,100,TGT
2025-12-12,9:39:46.179345447,T,97.86,200,97.9,100,TGT
2025-12-12,9:39:46.180117323,T,97.86,100,97.9,100,TGT
2025-12-12,9:39:46.621724393,T,97.85,100,97.9,100,TGT
2025-12-12,9:39:46.621944819,T,97.85,100,97.91,100,TGT
2025-12-12,9:39:49.302876750,T,97.85,100,97.89,100,TGT
2025-12-12,9:39:49.302881728,T,97.85,100,97.89,200,TGT
2025-12-12,9:39:49.302896739,T,97.85,100,97.89,300,TGT
2025-12-12,9:39:49.302916822,T,97.85,100,97.89,200,TGT
2025-12-12,9:39:49.302926918,T,97.85,100,97.87,100,TGT
2025-12-12,9:39:49.302956970,T,97.82,100,97.87,100,TGT
2025-12-12,9:39:49.302977019,T,97.81,100,97.87,100,TGT
2025-12-12,9:39:49.303027073,T,97.81,100,97.86,100,TGT
2025-12-12,9:39:49.303247734,T,97.81,200,97.86,100,TGT
2025-12-12,9:39:49.303247734,T,97.82,100,97.86,100,TGT
2025-12-12,9:39:49.303352869,T,97.82,100,97.87,100,TGT
2025-12-12,9:39:49.303413035,T,97.82,100,97.87,200,TGT
2025-12-12,9:39:49.303433083,T,97.82,100,97.87,100,TGT
2025-12-12,9:39:49.303673685,T,97.82,100,97.87,200,TGT
2025-12-12,9:39:49.303768890,T,97.82,100,97.86,100,TGT
2025-12-12,9:39:49.303798927,T,97.82,100,97.87,200,TGT
2025-12-12,9:39:49.304049567,T,97.82,100,97.87,100,TGT
2025-12-12,9:39:49.306104454,T,97.82,200,97.87,100,TGT
2025-12-12,9:39:49.306124452,T,97.82,100,97.87,100,TGT
2025-12-12,9:39:49.306149496,T,97.83,100,97.87,100,TGT
2025-12-12,9:39:49.504226455,T,97.83,100,97.88,200,TGT
2025-12-12,9:39:49.505048320,T,97.82,100,97.88,200,TGT
2025-12-12,9:39:49.630346824,T,97.82,100,97.89,100,TGT
2025-12-12,9:39:49.680275832,T,97.82,200,97.89,100,TGT
2025-12-12,9:39:50.234445952,T,97.82,200,97.91,100,TGT
2025-12-12,9:39:50.235288009,T,97.82,200,97.89,100,TGT
2025-12-12,9:39:51.107089928,T,97.82,200,97.89,200,TGT
2025-12-12,9:39:51.477407329,T,97.82,200,97.89,100,TGT
2025-12-12,9:39:53.871570779,T,97.82,200,97.88,100,TGT
2025-12-12,9:39:54.677350540,T,97.82,200,97.89,100,TGT
2025-12-12,9:39:54.678207508,T,97.82,200,97.89,200,TGT
2025-12-12,9:39:55.001638019,T,97.82,200,97.89,100,TGT
2025-12-12,9:39:55.504175381,T,97.82,200,97.88,100,TGT
2025-12-12,9:39:55.504230435,T,97.83,100,97.88,100,TGT
2025-12-12,9:39:55.504686515,T,97.82,200,97.88,100,TGT
2025-12-12,9:39:55.639888681,T,97.84,100,97.88,100,TGT
2025-12-12,9:39:55.639913722,T,97.84,100,97.89,100,TGT
2025-12-12,9:39:55.640760776,T,97.84,100,97.88,100,TGT
2025-12-12,9:39:56.203225693,T,97.84,100,97.89,100,TGT
2025-12-12,9:39:56.204057692,T,97.84,100,97.88,100,TGT
2025-12-12,9:39:57.581073266,T,97.84,100,97.89,100,TGT
2025-12-12,9:40:01.480076820,T,97.82,200,97.89,100,TGT
2025-12-12,9:40:01.480101979,T,97.82,200,97.84,100,TGT
2025-12-12,9:40:01.480111945,T,97.82,100,97.84,100,TGT
2025-12-12,9:40:01.480688313,T,97.82,100,97.85,100,TGT
2025-12-12,9:40:01.480713371,T,97.82,100,97.87,100,TGT
2025-12-12,9:40:01.480768567,T,97.82,100,97.86,100,TGT
2025-12-12,9:40:01.482011485,T,97.82,200,97.86,100,TGT
2025-12-12,9:40:01.910597510,T,97.82,100,97.86,100,TGT
2025-12-12,9:40:04.566409462,T,97.82,100,97.89,100,TGT
2025-12-12,9:40:04.566414437,T,97.83,100,97.89,100,TGT
2025-12-12,9:40:04.566449569,T,97.84,100,97.89,100,TGT
2025-12-12,9:40:04.767102549,T,97.83,100,97.89,100,TGT
2025-12-12,9:40:20.812282274,T,97.83,100,97.91,100,TGT
2025-12-12,9:40:20.812307347,T,97.85,100,97.91,100,TGT
2025-12-12,9:40:20.812312381,T,97.86,100,97.91,100,TGT
2025-12-12,9:40:20.812312381,T,97.86,100,97.92,100,TGT
2025-12-12,9:40:20.812322364,T,97.86,100,97.93,100,TGT
2025-12-12,9:40:20.812337434,T,97.85,100,97.93,100,TGT
2025-12-12,9:40:20.812347433,T,97.85,100,97.94,100,TGT
2025-12-12,9:40:20.812352446,T,97.85,100,97.95,200,TGT
2025-12-12,9:40:20.812357493,T,97.87,100,97.95,200,TGT
2025-12-12,9:40:20.812808593,T,97.88,100,97.95,200,TGT
2025-12-12,9:40:20.813009066,T,97.88,200,97.95,200,TGT
2025-12-12,9:40:20.813029316,T,97.89,100,97.95,200,TGT
2025-12-12,9:40:20.813304708,T,97.89,100,97.95,100,TGT
2025-12-12,9:40:20.830555816,T,97.89,100,97.95,200,TGT
2025-12-12,9:40:20.830580912,T,97.89,100,97.95,100,TGT
2025-12-12,9:40:20.841867740,T,97.9,100,97.95,100,TGT
2025-12-12,9:40:20.841892906,T,97.9,200,97.95,100,TGT
2025-12-12,9:40:20.841897815,T,97.9,100,97.95,100,TGT
2025-12-12,9:40:20.842093387,T,97.91,100,97.95,100,TGT
2025-12-12,9:40:20.851585984,T,97.91,200,97.95,100,TGT
2025-12-12,9:40:21.012880259,T,97.91,100,97.95,100,TGT
2025-12-12,9:40:21.264414450,T,97.92,100,97.95,100,TGT
2025-12-12,9:40:21.264449491,T,97.92,200,97.95,100,TGT
2025-12-12,9:40:21.264885528,T,97.92,100,97.95,100,TGT
2025-12-12,9:40:21.268699598,T,97.92,200,97.95,100,TGT
2025-12-12,9:40:21.382731309,T,97.92,100,97.95,100,TGT
2025-12-12,9:40:21.791314685,T,97.92,200,97.95,100,TGT
2025-12-12,9:40:21.816599850,T,97.92,100,97.95,100,TGT
2025-12-12,9:40:22.701828862,T,97.92,200,97.95,100,TGT
2025-12-12,9:40:22.875427515,T,97.92,100,97.95,100,TGT
2025-12-12,9:40:22.875427515,T,97.91,100,97.95,100,TGT
2025-12-12,9:40:22.875452494,T,97.91,100,97.93,100,TGT
2025-12-12,9:40:22.875497621,T,97.91,100,97.93,200,TGT
2025-12-12,9:40:22.875567828,T,97.91,100,97.92,100,TGT
2025-12-12,9:40:22.875582883,T,97.88,100,97.92,100,TGT
2025-12-12,9:40:22.875632941,T,97.88,100,97.92,200,TGT
2025-12-12,9:40:22.875663076,T,97.87,100,97.92,200,TGT
2025-12-12,9:40:22.875763241,T,97.87,100,97.91,100,TGT
2025-12-12,9:40:22.876073997,T,97.87,100,97.92,100,TGT
2025-12-12,9:40:22.880008389,T,97.89,100,97.92,100,TGT
2025-12-12,9:40:23.075484136,T,97.89,100,97.93,100,TGT
2025-12-12,9:40:23.274312804,T,97.89,100,97.94,100,TGT
2025-12-12,9:40:24.129825882,T,97.89,100,97.95,100,TGT
2025-12-12,9:40:25.525034562,T,97.89,100,97.94,100,TGT
2025-12-12,9:40:25.776528782,T,97.89,100,97.95,100,TGT
2025-12-12,9:40:25.777350706,T,97.89,100,97.94,100,TGT
2025-12-12,9:40:27.194872862,T,97.89,100,97.94,200,TGT
2025-12-12,9:40:27.453368635,T,97.89,100,97.94,100,TGT
2025-12-12,9:40:38.481887148,T,97.87,200,97.94,100,TGT
2025-12-12,9:40:38.481892133,T,97.87,100,97.94,100,TGT
2025-12-12,9:40:38.481897185,T,97.87,100,97.93,100,TGT
2025-12-12,9:40:38.481907206,T,97.87,100,97.9,100,TGT
2025-12-12,9:40:38.481942221,T,97.87,100,97.9,200,TGT
2025-12-12,9:40:38.482468483,T,97.87,100,97.89,100,TGT
2025-12-12,9:40:38.482508585,T,97.87,100,97.91,100,TGT
2025-12-12,9:40:38.483546060,T,97.87,100,97.93,100,TGT
2025-12-12,9:40:41.004817701,T,97.87,200,97.93,100,TGT
2025-12-12,9:40:41.005303782,T,97.88,100,97.93,100,TGT
2025-12-12,9:40:41.015743842,T,97.87,200,97.93,100,TGT
2025-12-12,9:40:42.991956548,T,97.88,100,97.93,100,TGT
2025-12-12,9:40:43.002286134,T,97.87,200,97.93,100,TGT
2025-12-12,9:40:43.003794736,T,97.88,100,97.93,100,TGT
2025-12-12,9:40:43.327460886,T,97.88,100,97.94,100,TGT
2025-12-12,9:40:43.327470887,T,97.87,200,97.94,100,TGT
2025-12-12,9:40:50.739964960,T,97.87,200,97.94,200,TGT
2025-12-12,9:40:50.740005075,T,97.87,200,97.94,100,TGT
2025-12-12,9:40:50.854136948,T,97.87,100,97.94,100,TGT
2025-12-12,9:40:50.854136948,T,97.83,200,97.94,100,TGT
2025-12-12,9:40:50.854156938,T,97.83,200,97.87,100,TGT
2025-12-12,9:40:50.854668262,T,97.83,100,97.87,100,TGT
2025-12-12,9:40:50.854713281,T,97.83,100,97.89,100,TGT
2025-12-12,9:40:50.854878665,T,97.81,100,97.89,100,TGT
2025-12-12,9:40:50.855324816,T,97.84,100,97.89,100,TGT
2025-12-12,9:40:50.855655612,T,97.81,100,97.89,100,TGT
2025-12-12,9:40:50.856076534,T,97.84,100,97.89,100,TGT
2025-12-12,9:40:50.856607846,T,97.81,100,97.89,100,TGT
2025-12-12,9:40:50.857635266,T,97.82,100,97.89,100,TGT
2025-12-12,9:40:50.972854850,T,97.81,100,97.89,100,TGT
2025-12-12,9:40:52.559143797,T,97.83,100,97.89,100,TGT
2025-12-12,9:40:52.931200106,T,97.81,100,97.89,100,TGT
2025-12-12,9:40:52.932027077,T,97.82,100,97.89,100,TGT
2025-12-12,9:40:53.863972211,T,97.83,100,97.89,100,TGT
2025-12-12,9:40:53.863987248,T,97.83,100,97.95,100,TGT
2025-12-12,9:40:53.863987248,T,97.83,200,97.95,100,TGT
2025-12-12,9:40:53.864002210,T,97.84,100,97.95,100,TGT
2025-12-12,9:40:53.864027239,T,97.85,100,97.95,100,TGT
2025-12-12,9:40:53.969418400,T,97.86,100,97.95,100,TGT
2025-12-12,9:40:53.998627934,T,97.86,200,97.95,100,TGT
2025-12-12,9:40:54.471113606,T,97.86,100,97.95,100,TGT
2025-12-12,9:41:07.195687824,T,97.85,100,97.95,100,TGT
2025-12-12,9:41:07.196489675,T,97.84,100,97.95,100,TGT
2025-12-12,9:41:07.196850551,T,97.84,100,97.89,100,TGT
2025-12-12,9:41:07.198183733,T,97.84,100,97.89,200,TGT
2025-12-12,9:41:07.200804922,T,97.84,100,97.86,100,TGT
2025-12-12,9:41:07.204774446,T,97.82,100,97.86,100,TGT
2025-12-12,9:41:07.206578786,T,97.82,100,97.89,100,TGT
2025-12-12,9:41:07.206658938,T,97.82,100,97.9,100,TGT
2025-12-12,9:41:07.209646038,T,97.82,100,97.93,100,TGT
2025-12-12,9:41:07.212402594,T,97.82,100,97.94,100,TGT
2025-12-12,9:41:07.221955415,T,97.82,100,97.94,300,TGT
2025-12-12,9:41:07.224346116,T,97.82,100,97.93,100,TGT
2025-12-12,9:41:07.228360646,T,97.81,100,97.93,100,TGT
2025-12-12,9:41:07.233698342,T,97.81,100,97.9,100,TGT
2025-12-12,9:41:07.236048966,T,97.81,200,97.9,100,TGT
2025-12-12,9:41:07.236966133,T,97.81,200,97.89,100,TGT
2025-12-12,9:41:07.242609583,T,97.81,100,97.89,100,TGT
2025-12-12,9:41:07.242699902,T,97.81,100,97.86,100,TGT
2025-12-12,9:41:07.251681193,T,97.81,200,97.86,100,TGT
2025-12-12,9:41:07.251736299,T,97.81,200,97.87,100,TGT
2025-12-12,9:41:07.252277549,T,97.81,100,97.87,100,TGT
2025-12-12,9:41:07.253881419,T,97.81,100,97.85,100,TGT
2025-12-12,9:41:07.254046860,T,97.82,100,97.85,100,TGT
2025-12-12,9:41:07.255299803,T,97.81,100,97.85,100,TGT
2025-12-12,9:41:07.257033946,T,97.81,100,97.84,100,TGT
2025-12-12,9:41:07.259895714,T,97.81,100,97.85,100,TGT
2025-12-12,9:41:07.260406983,T,97.79,100,97.85,100,TGT
2025-12-12,9:41:07.264050665,T,97.74,300,97.85,100,TGT
2025-12-12,9:41:07.264321305,T,97.82,100,97.85,100,TGT
2025-12-12,9:41:07.264837558,T,97.74,300,97.85,100,TGT
2025-12-12,9:41:07.264952839,T,97.83,100,97.85,100,TGT
2025-12-12,9:41:07.269653999,T,97.74,300,97.85,100,TGT
2025-12-12,9:41:07.269824452,T,97.74,300,97.84,100,TGT
2025-12-12,9:41:07.275362549,T,97.74,300,97.85,200,TGT
2025-12-12,9:41:07.286013163,T,97.74,300,97.85,100,TGT
2025-12-12,9:41:07.293094803,T,97.74,300,97.86,100,TGT
2025-12-12,9:41:07.307794814,T,97.79,100,97.86,100,TGT
2025-12-12,9:41:07.308541607,T,97.79,100,97.85,100,TGT
2025-12-12,9:41:07.318545490,T,97.79,100,97.84,100,TGT
2025-12-12,9:41:07.318580519,T,97.79,100,97.85,100,TGT
2025-12-12,9:41:07.324519656,T,97.79,100,97.86,100,TGT
2025-12-12,9:41:07.418483533,T,97.81,100,97.86,100,TGT
2025-12-12,9:41:07.438446158,T,97.81,100,97.87,100,TGT
2025-12-12,9:41:07.469279592,T,97.8,100,97.87,100,TGT
2025-12-12,9:41:07.565909745,T,97.8,100,97.88,200,TGT
2025-12-12,9:41:07.597469970,T,97.8,100,97.88,100,TGT
2025-12-12,9:41:10.077658513,T,97.74,300,97.88,100,TGT
2025-12-12,9:41:10.799693707,T,97.82,100,97.88,100,TGT
2025-12-12,9:41:10.802685740,T,97.82,200,97.88,100,TGT
2025-12-12,9:41:10.876947697,T,97.82,200,97.94,300,TGT
2025-12-12,9:41:10.877022923,T,97.84,100,97.94,300,TGT
2025-12-12,9:41:11.466908163,T,97.82,200,97.94,300,TGT
2025-12-12,9:41:24.846482926,T,97.82,100,97.94,300,TGT
2025-12-12,9:41:26.358515225,T,97.85,100,97.94,300,TGT
2025-12-12,9:41:26.359026385,T,97.86,100,97.94,300,TGT
2025-12-12,9:41:26.359041382,T,97.86,100,97.94,200,TGT
2025-12-12,9:41:26.559143142,T,97.85,100,97.94,200,TGT
2025-12-12,9:41:26.886513022,T,97.86,100,97.94,200,TGT
2025-12-12,9:41:26.887044340,T,97.87,100,97.94,200,TGT
2025-12-12,9:41:27.086514573,T,97.86,100,97.94,200,TGT
2025-12-12,9:41:30.775432769,T,97.86,100,97.9,100,TGT
2025-12-12,9:41:30.785787540,T,97.86,100,97.89,100,TGT
2025-12-12,9:41:30.785802539,T,97.86,100,97.89,200,TGT
2025-12-12,9:41:30.785822536,T,97.85,100,97.89,200,TGT
2025-12-12,9:41:30.785827576,T,97.85,100,97.88,100,TGT
2025-12-12,9:41:30.785827576,T,97.85,100,97.88,200,TGT
2025-12-12,9:41:30.786238583,T,97.85,100,97.88,100,TGT
2025-12-12,9:41:31.766789401,T,97.85,100,97.89,200,TGT
2025-12-12,9:41:32.495806194,T,97.85,200,97.89,200,TGT
2025-12-12,9:41:33.888002789,T,97.85,200,97.89,100,TGT
2025-12-12,9:41:36.418245853,T,97.85,200,97.9,100,TGT
2025-12-12,9:41:43.026729192,T,97.85,200,97.89,100,TGT
2025-12-12,9:41:43.027731633,T,97.85,200,97.9,100,TGT
2025-12-12,9:41:43.435768827,T,97.87,100,97.9,100,TGT
2025-12-12,9:41:43.435823790,T,97.88,100,97.9,100,TGT
2025-12-12,9:41:43.436004289,T,97.88,100,97.9,200,TGT
2025-12-12,9:41:43.436029322,T,97.88,100,97.9,300,TGT
2025-12-12,9:41:43.436034370,T,97.88,100,97.9,200,TGT
2025-12-12,9:41:43.436204743,T,97.88,200,97.9,200,TGT
2025-12-12,9:41:43.436315027,T,97.89,100,97.9,200,TGT
2025-12-12,9:41:43.436350092,T,97.87,100,97.9,200,TGT
2025-12-12,9:41:43.436370109,T,97.87,100,97.9,100,TGT
2025-12-12,9:41:43.436375134,T,97.87,100,97.89,100,TGT
2025-12-12,9:41:43.436395221,T,97.87,100,97.89,200,TGT
2025-12-12,9:41:43.436716007,T,97.87,100,97.89,100,TGT
2025-12-12,9:41:43.436741013,T,97.87,100,97.93,100,TGT
2025-12-12,9:41:43.436746003,T,97.87,100,97.92,100,TGT
2025-12-12,9:41:43.436776129,T,97.87,100,97.89,100,TGT
2025-12-12,9:41:43.436791253,T,97.87,100,97.9,100,TGT
2025-12-12,9:41:43.436806173,T,97.87,100,97.93,100,TGT
2025-12-12,9:41:43.436831203,T,97.87,100,97.89,100,TGT
2025-12-12,9:41:43.436971576,T,97.87,100,97.93,100,TGT
2025-12-12,9:41:43.436996667,T,97.87,100,97.9,100,TGT
2025-12-12,9:41:43.635895441,T,97.87,100,97.93,100,TGT
2025-12-12,9:41:43.635915560,T,97.88,100,97.93,100,TGT
2025-12-12,9:41:43.838132275,T,97.87,100,97.93,100,TGT
2025-12-12,9:41:43.838147389,T,97.87,100,97.89,100,TGT
2025-12-12,9:41:43.838703646,T,97.87,100,97.92,100,TGT
2025-12-12,9:41:43.838894274,T,97.85,100,97.92,100,TGT
2025-12-12,9:41:43.838914127,T,97.85,100,97.88,100,TGT
2025-12-12,9:41:43.839470536,T,97.85,100,97.89,100,TGT
2025-12-12,9:41:43.983774296,T,97.86,100,97.89,100,TGT
2025-12-12,9:41:43.983794295,T,97.85,100,97.89,100,TGT
2025-12-12,9:41:43.983814632,T,97.85,100,97.88,100,TGT
2025-12-12,9:41:43.984245348,T,97.85,100,97.87,100,TGT
2025-12-12,9:41:43.984651345,T,97.85,100,97.89,100,TGT
2025-12-12,9:41:43.985022200,T,97.85,100,97.87,100,TGT
2025-12-12,9:41:43.985398156,T,97.85,100,97.89,100,TGT
2025-12-12,9:41:43.985789249,T,97.85,100,97.87,100,TGT
2025-12-12,9:41:43.986139930,T,97.85,100,97.89,100,TGT
2025-12-12,9:41:43.986560900,T,97.85,100,97.87,100,TGT
2025-12-12,9:41:44.128218403,T,97.85,100,97.87,200,TGT
2025-12-12,9:41:44.136392846,T,97.85,100,97.87,100,TGT
2025-12-12,9:41:44.136422870,T,97.85,100,97.89,100,TGT
2025-12-12,9:41:44.482482322,T,97.85,100,97.87,100,TGT
2025-12-12,9:41:44.704020116,T,97.85,100,97.89,100,TGT
2025-12-12,9:41:45.624929003,T,97.85,100,97.87,100,TGT
2025-12-12,9:41:48.869558723,T,97.85,100,97.87,200,TGT
2025-12-12,9:41:49.046369892,T,97.82,200,97.87,200,TGT
2025-12-12,9:41:49.046390042,T,97.82,200,97.86,100,TGT
2025-12-12,9:41:49.046415104,T,97.82,200,97.86,200,TGT
2025-12-12,9:41:49.046730771,T,97.82,200,97.85,100,TGT
2025-12-12,9:41:49.046771537,T,97.82,100,97.85,100,TGT
2025-12-12,9:41:49.046836067,T,97.81,100,97.85,100,TGT
2025-12-12,9:41:49.046901158,T,97.79,100,97.85,100,TGT
2025-12-12,9:41:49.372176158,T,97.83,100,97.85,100,TGT
