DATE,TIME_M,EX,BID,BIDSIZ,ASK,ASKSIZ,SYM_ROOT
2025-10-16,9:30:08.773175693,T,90.6,100,91.25,200,TGT
2025-10-16,9:30:08.860002566,T,90.81,100,91.25,200,TGT
2025-10-16,9:30:08.861140331,T,90.88,100,91.25,200,TGT
2025-10-16,9:30:08.879098131,T,90.8,100,91.25,200,TGT
2025-10-16,9:30:08.879103098,T,90.89,100,91.25,200,TGT
2025-10-16,9:30:27.889534686,T,90.6,100,91.25,200,TGT
2025-10-16,9:30:28.803542262,T,90.64,100,91.25,200,TGT
2025-10-16,9:30:29.251990667,T,90.64,100,91.15,100,TGT
2025-10-16,9:30:36.136963959,T,90.64,200,91.15,100,TGT
2025-10-16,9:30:41.838076539,T,90.64,100,91.15,100,TGT
2025-10-16,9:30:42.315418840,T,90.64,100,91.01,100,TGT
2025-10-16,9:30:42.315433945,T,90.64,100,91.15,200,TGT
2025-10-16,9:30:42.315489072,T,90.64,100,91.01,100,TGT
2025-10-16,9:30:42.316601705,T,90.64,100,91.15,200,TGT
2025-10-16,9:30:42.318541295,T,90.64,100,91.01,100,TGT
2025-10-16,9:30:42.322440572,T,90.64,100,91.15,200,TGT
2025-10-16,9:30:42.328810759,T,90.64,100,91.15,100,TGT
2025-10-16,9:30:52.374479135,T,90.86,100,91.15,100,TGT
2025-10-16,9:30:52.374509275,T,90.64,100,91.15,100,TGT
2025-10-16,9:30:52.374534325,T,90.64,100,91.14,100,TGT
2025-10-16,9:30:52.374539328,T,90.64,100,91.0,100,TGT
2025-10-16,9:30:52.379841982,T,90.64,100,91.15,100,TGT
2025-10-16,9:31:23.430123178,T,90.64,100,91.14,200,TGT
2025-10-16,9:31:31.727376549,T,90.64,100,91.14,200,TGT
2025-10-16,9:31:31.746937767,T,90.64,100,90.92,100,TGT
2025-10-16,9:31:31.746967758,T,90.64,100,90.91,100,TGT
2025-10-16,9:31:31.747353675,T,90.64,100,91.1,100,TGT
2025-10-16,9:31:31.747353675,T,90.64,100,91.14,300,TGT
2025-10-16,9:31:31.747378831,T,90.64,100,91.1,100,TGT
2025-10-16,9:31:31.747428975,T,90.64,100,90.91,100,TGT
2025-10-16,9:31:31.747945187,T,90.64,100,90.89,100,TGT
2025-10-16,9:31:31.747975168,T,90.64,100,90.91,100,TGT
2025-10-16,9:31:31.749463744,T,90.66,100,90.91,100,TGT
2025-10-16,9:31:31.749473763,T,90.66,100,90.92,100,TGT
2025-10-16,9:31:31.749498788,T,90.64,100,90.92,100,TGT
2025-10-16,9:31:31.749518933,T,90.7,100,90.92,100,TGT
2025-10-16,9:31:31.749533945,T,90.64,100,90.92,100,TGT
2025-10-16,9:31:31.749559034,T,90.7,100,90.92,100,TGT
2025-10-16,9:31:31.749574073,T,90.64,100,90.92,100,TGT
2025-10-16,9:31:31.749599088,T,90.7,100,90.92,100,TGT
2025-10-16,9:31:31.750275722,T,90.7,100,90.91,100,TGT
2025-10-16,9:31:31.751503592,T,90.7,100,90.92,100,TGT
2025-10-16,9:31:31.751694023,T,90.7,200,90.92,100,TGT
2025-10-16,9:31:31.751969701,T,90.7,200,90.91,100,TGT
2025-10-16,9:31:31.754074805,T,90.7,100,90.91,100,TGT
2025-10-16,9:31:31.754094983,T,90.66,100,90.91,100,TGT
2025-10-16,9:31:31.754099772,T,90.64,100,90.91,100,TGT
2025-10-16,9:31:31.754109858,T,90.64,100,90.88,100,TGT
2025-10-16,9:31:31.754119868,T,90.64,100,90.77,100,TGT
2025-10-16,9:31:31.754159998,T,90.64,100,90.85,100,TGT
2025-10-16,9:31:31.754270237,T,90.64,100,90.91,100,TGT
2025-10-16,9:31:31.754305313,T,90.64,100,90.88,100,TGT
2025-10-16,9:31:31.754320624,T,90.64,100,90.91,100,TGT
2025-10-16,9:31:31.754330366,T,90.64,100,90.88,100,TGT
2025-10-16,9:31:31.754345335,T,90.64,100,90.77,100,TGT
2025-10-16,9:31:31.754370744,T,90.64,100,90.88,100,TGT
2025-10-16,9:31:31.754530777,T,90.64,100,90.88,200,TGT
2025-10-16,9:31:31.754751363,T,90.64,200,90.88,200,TGT
2025-10-16,9:31:31.758214601,T,90.64,300,90.88,200,TGT
2025-10-16,9:31:31.770408659,T,90.64,300,90.88,100,TGT
2025-10-16,9:31:31.770824714,T,90.64,200,90.88,100,TGT
2025-10-16,9:31:31.783339509,T,90.64,200,90.88,200,TGT
2025-10-16,9:31:31.801347404,T,90.64,200,90.88,100,TGT
2025-10-16,9:31:31.859846772,T,90.64,200,91.0,100,TGT
2025-10-16,9:31:31.916251145,T,90.64,200,91.1,300,TGT
2025-10-16,9:31:32.310239809,T,90.64,100,91.1,300,TGT
2025-10-16,9:31:32.423945728,T,90.64,100,91.1,100,TGT
2025-10-16,9:31:32.751621412,T,90.67,100,91.1,100,TGT
2025-10-16,9:31:35.031222348,T,90.67,100,91.06,200,TGT
2025-10-16,9:31:35.031262433,T,90.67,100,91.06,300,TGT
2025-10-16,9:31:35.445013328,T,90.67,100,91.0,100,TGT
2025-10-16,9:31:40.843850762,T,90.67,100,90.99,200,TGT
2025-10-16,9:31:41.195162710,T,90.67,200,90.99,200,TGT
2025-10-16,9:31:43.749378037,T,90.67,100,90.99,200,TGT
2025-10-16,9:31:43.753753529,T,90.67,200,90.99,200,TGT
2025-10-16,9:31:53.277553465,T,90.67,100,90.99,200,TGT
2025-10-16,9:31:56.056183585,T,90.67,200,90.99,200,TGT
2025-10-16,9:31:56.059757197,T,90.7,100,90.99,200,TGT
2025-10-16,9:31:56.059837385,T,90.69,100,90.99,200,TGT
2025-10-16,9:31:56.059857338,T,90.67,200,90.99,200,TGT
2025-10-16,9:31:56.059892525,T,90.7,100,90.99,200,TGT
2025-10-16,9:31:56.060052808,T,90.71,100,90.99,200,TGT
2025-10-16,9:31:56.060077886,T,90.72,100,90.99,200,TGT
2025-10-16,9:31:56.060077886,T,90.71,100,90.99,200,TGT
2025-10-16,9:31:56.060082890,T,90.72,100,90.99,200,TGT
2025-10-16,9:31:56.060293458,T,90.73,100,90.99,200,TGT
2025-10-16,9:31:56.061025126,T,90.72,100,90.99,200,TGT
2025-10-16,9:31:56.061090834,T,90.73,100,90.99,200,TGT
2025-10-16,9:31:56.061090834,T,90.72,100,90.99,200,TGT
2025-10-16,9:31:56.061095309,T,90.73,100,90.99,200,TGT
2025-10-16,9:31:56.061135471,T,90.72,100,90.99,200,TGT
2025-10-16,9:31:56.061135471,T,90.73,100,90.99,200,TGT
2025-10-16,9:31:56.064292912,T,90.73,100,91.14,100,TGT
2025-10-16,9:31:56.064302981,T,90.73,100,91.09,200,TGT
2025-10-16,9:31:56.064333118,T,90.73,100,91.09,300,TGT
2025-10-16,9:31:56.067239945,T,90.72,100,91.09,300,TGT
2025-10-16,9:31:56.067260035,T,90.72,100,91.01,100,TGT
2025-10-16,9:31:56.067275081,T,90.72,100,91.0,100,TGT
2025-10-16,9:31:56.067285040,T,90.71,100,91.0,100,TGT
2025-10-16,9:31:56.067530623,T,90.71,100,90.99,100,TGT
2025-10-16,9:31:56.067665984,T,90.72,100,90.99,100,TGT
2025-10-16,9:31:56.067686066,T,90.72,100,91.0,100,TGT
2025-10-16,9:31:56.067736206,T,90.73,100,91.0,100,TGT
2025-10-16,9:31:56.067756232,T,90.72,100,91.0,100,TGT
2025-10-16,9:31:56.067771208,T,90.73,100,91.0,100,TGT
2025-10-16,9:31:56.067821341,T,90.72,100,91.0,100,TGT
2025-10-16,9:31:56.069841126,T,90.71,100,91.0,100,TGT
2025-10-16,9:31:56.070096819,T,90.7,100,91.0,100,TGT
2025-10-16,9:31:56.070452604,T,90.7,100,90.99,100,TGT
2025-10-16,9:31:56.070482742,T,90.7,100,91.0,100,TGT
2025-10-16,9:31:56.070492710,T,90.7,100,90.99,100,TGT
2025-10-16,9:31:56.070497773,T,90.7,100,91.0,100,TGT
2025-10-16,9:31:56.070522770,T,90.7,100,90.96,100,TGT
2025-10-16,9:31:56.070963906,T,90.7,100,91.0,100,TGT
2025-10-16,9:31:56.070983924,T,90.71,100,91.0,100,TGT
2025-10-16,9:31:56.071104144,T,90.7,100,91.0,100,TGT
2025-10-16,9:31:56.071159367,T,90.7,100,91.09,300,TGT
2025-10-16,9:31:58.015561701,T,90.7,100,91.09,200,TGT
2025-10-16,9:31:59.801937693,T,90.9,1000,91.09,200,TGT
2025-10-16,9:31:59.801957690,T,90.9,900,91.09,200,TGT
2025-10-16,9:31:59.801962772,T,90.9,700,91.09,200,TGT
2025-10-16,9:31:59.801982947,T,90.9,700,91.09,300,TGT
2025-10-16,9:31:59.801988263,T,90.7,100,91.09,300,TGT
2025-10-16,9:31:59.801988263,T,90.7,100,91.02,100,TGT
2025-10-16,9:31:59.802007814,T,90.7,100,91.0,100,TGT
2025-10-16,9:31:59.802037910,T,90.7,100,91.02,100,TGT
2025-10-16,9:31:59.802042945,T,90.7,100,91.09,300,TGT
2025-10-16,9:31:59.802042945,T,90.71,100,91.09,300,TGT
2025-10-16,9:31:59.802047943,T,90.7,100,91.09,300,TGT
2025-10-16,9:31:59.802053024,T,90.7,100,91.02,100,TGT
2025-10-16,9:31:59.802063025,T,90.71,100,91.02,100,TGT
2025-10-16,9:31:59.802063025,T,90.71,100,91.09,300,TGT
2025-10-16,9:31:59.802068042,T,90.71,100,91.09,200,TGT
2025-10-16,9:31:59.802103245,T,90.81,100,91.09,200,TGT
2025-10-16,9:31:59.802108056,T,90.82,100,91.09,200,TGT
2025-10-16,9:31:59.802123544,T,90.81,100,91.09,200,TGT
2025-10-16,9:31:59.802128132,T,90.82,100,91.09,200,TGT
2025-10-16,9:31:59.802138117,T,90.8,100,91.09,200,TGT
2025-10-16,9:31:59.802143508,T,90.81,100,91.09,200,TGT
2025-10-16,9:31:59.802143508,T,90.81,100,91.09,300,TGT
2025-10-16,9:31:59.802328638,T,90.82,100,91.09,300,TGT
2025-10-16,9:31:59.802358747,T,90.9,100,91.09,300,TGT
2025-10-16,9:31:59.802423882,T,90.9,100,91.02,100,TGT
2025-10-16,9:31:59.802454262,T,90.9,100,91.09,300,TGT
2025-10-16,9:31:59.802454262,T,90.9,100,91.02,100,TGT
2025-10-16,9:31:59.802479009,T,90.9,100,91.09,300,TGT
2025-10-16,9:31:59.802488968,T,90.9,100,90.94,100,TGT
2025-10-16,9:31:59.802499532,T,90.9,100,91.0,100,TGT
2025-10-16,9:31:59.802529058,T,90.9,100,91.09,300,TGT
2025-10-16,9:31:59.802529058,T,90.9,100,91.09,200,TGT
2025-10-16,9:31:59.802569207,T,90.9,100,91.09,300,TGT
2025-10-16,9:31:59.802644368,T,90.94,100,91.09,300,TGT
2025-10-16,9:31:59.802669488,T,90.92,100,91.09,300,TGT
2025-10-16,9:31:59.802694540,T,90.94,100,91.09,300,TGT
2025-10-16,9:31:59.802694540,T,90.94,100,91.09,200,TGT
2025-10-16,9:31:59.802699554,T,90.94,100,91.09,300,TGT
2025-10-16,9:31:59.802724582,T,90.94,100,91.06,100,TGT
2025-10-16,9:31:59.802739596,T,90.94,100,91.09,300,TGT
2025-10-16,9:31:59.802774708,T,90.94,100,91.06,100,TGT
2025-10-16,9:31:59.802839803,T,90.9,300,91.06,100,TGT
2025-10-16,9:31:59.802850010,T,90.94,100,91.06,100,TGT
2025-10-16,9:31:59.802859886,T,90.9,300,91.06,100,TGT
2025-10-16,9:31:59.802930016,T,90.94,100,91.06,100,TGT
2025-10-16,9:31:59.802940057,T,90.9,300,91.06,100,TGT
2025-10-16,9:31:59.802970184,T,90.9,300,91.09,300,TGT
2025-10-16,9:31:59.802990210,T,90.94,100,91.09,300,TGT
2025-10-16,9:31:59.803200896,T,90.9,200,91.09,300,TGT
2025-10-16,9:31:59.803265906,T,90.9,200,91.06,100,TGT
2025-10-16,9:31:59.803295905,T,90.9,200,91.09,300,TGT
2025-10-16,9:31:59.803305910,T,90.9,200,91.06,100,TGT
2025-10-16,9:31:59.803316236,T,90.9,200,91.09,300,TGT
2025-10-16,9:31:59.803331277,T,90.9,200,91.06,100,TGT
2025-10-16,9:31:59.803341059,T,90.9,200,91.02,100,TGT
2025-10-16,9:31:59.803346250,T,90.9,200,91.06,100,TGT
2025-10-16,9:31:59.803351102,T,90.9,200,91.09,300,TGT
2025-10-16,9:31:59.803376087,T,90.9,200,91.09,200,TGT
2025-10-16,9:31:59.803386165,T,90.9,200,91.09,300,TGT
2025-10-16,9:31:59.803396162,T,90.9,200,91.09,200,TGT
2025-10-16,9:31:59.803411209,T,90.9,200,91.09,300,TGT
2025-10-16,9:31:59.803446264,T,90.9,200,91.09,200,TGT
2025-10-16,9:31:59.803466288,T,90.9,200,91.09,300,TGT
2025-10-16,9:31:59.803606634,T,90.9,200,91.06,100,TGT
2025-10-16,9:31:59.803616700,T,90.9,200,90.98,100,TGT
2025-10-16,9:31:59.803767026,T,90.9,100,90.98,100,TGT
2025-10-16,9:31:59.804178004,T,90.9,100,91.09,300,TGT
2025-10-16,9:31:59.804268271,T,90.9,100,91.09,200,TGT
2025-10-16,9:31:59.813149439,T,90.82,100,91.09,200,TGT
2025-10-16,9:31:59.813174451,T,90.81,100,91.09,200,TGT
2025-10-16,9:31:59.813214515,T,90.82,100,91.09,200,TGT
2025-10-16,9:31:59.813249642,T,90.93,100,91.09,200,TGT
2025-10-16,9:31:59.813339864,T,90.82,100,91.09,200,TGT
2025-10-16,9:31:59.813475126,T,90.82,100,91.14,100,TGT
2025-10-16,9:31:59.813640871,T,90.82,100,91.15,200,TGT
2025-10-16,9:31:59.813675662,T,90.82,100,91.15,300,TGT
2025-10-16,9:31:59.819785184,T,90.81,100,91.15,300,TGT
2025-10-16,9:31:59.822692178,T,90.82,100,91.15,300,TGT
2025-10-16,9:31:59.823378809,T,90.82,100,91.15,200,TGT
2025-10-16,9:31:59.823403809,T,90.86,100,91.15,200,TGT
2025-10-16,9:31:59.823418894,T,90.82,100,91.15,200,TGT
2025-10-16,9:31:59.828500971,T,90.81,100,91.15,200,TGT
2025-10-16,9:31:59.832049420,T,90.81,100,91.15,300,TGT
2025-10-16,9:31:59.832059496,T,90.81,100,91.15,200,TGT
2025-10-16,9:31:59.832064526,T,90.82,100,91.15,200,TGT
2025-10-16,9:31:59.832064526,T,90.82,100,91.15,300,TGT
2025-10-16,9:31:59.832179796,T,90.82,100,91.15,200,TGT
2025-10-16,9:31:59.832189781,T,90.86,100,91.15,200,TGT
2025-10-16,9:31:59.832365141,T,90.86,100,91.09,100,TGT
2025-10-16,9:31:59.832415360,T,90.82,100,91.09,100,TGT
2025-10-16,9:31:59.832465452,T,90.81,100,91.09,100,TGT
2025-10-16,9:31:59.832665957,T,90.8,100,91.09,100,TGT
2025-10-16,9:31:59.832721070,T,90.81,100,91.09,100,TGT
2025-10-16,9:31:59.832766175,T,90.81,100,91.21,100,TGT
2025-10-16,9:31:59.832776194,T,90.81,100,91.23,100,TGT
2025-10-16,9:31:59.832781212,T,90.82,100,91.23,100,TGT
2025-10-16,9:31:59.832786182,T,91.06,100,91.23,100,TGT
2025-10-16,9:31:59.832806345,T,91.06,100,91.22,100,TGT
2025-10-16,9:31:59.832896511,T,91.06,100,91.21,100,TGT
2025-10-16,9:31:59.833011766,T,91.06,200,91.21,100,TGT
2025-10-16,9:31:59.833061887,T,91.06,200,91.09,100,TGT
2025-10-16,9:31:59.833082111,T,91.06,200,91.16,100,TGT
2025-10-16,9:31:59.833086856,T,91.06,200,91.19,100,TGT
2025-10-16,9:31:59.833101973,T,91.06,200,91.18,100,TGT
2025-10-16,9:31:59.833111917,T,91.06,200,91.21,100,TGT
2025-10-16,9:31:59.833116937,T,91.06,200,91.22,100,TGT
2025-10-16,9:31:59.833141987,T,91.06,200,91.23,100,TGT
2025-10-16,9:31:59.833207236,T,91.06,300,91.23,100,TGT
2025-10-16,9:31:59.833347482,T,91.06,200,91.23,100,TGT
2025-10-16,9:31:59.941991341,T,91.06,100,91.23,100,TGT
2025-10-16,9:32:00.750377352,T,91.06,100,91.22,100,TGT
2025-10-16,9:32:01.271032751,T,90.93,100,91.22,100,TGT
2025-10-16,9:32:01.271128029,T,90.94,100,91.22,100,TGT
2025-10-16,9:32:01.271168064,T,90.94,100,91.23,100,TGT
2025-10-16,9:32:01.271218231,T,90.93,100,91.23,100,TGT
2025-10-16,9:32:01.271238283,T,90.79,100,91.23,100,TGT
2025-10-16,9:32:01.271508874,T,90.79,100,91.25,500,TGT
2025-10-16,9:32:01.271664219,T,90.86,100,91.25,500,TGT
2025-10-16,9:32:01.271699372,T,90.93,100,91.25,500,TGT
2025-10-16,9:32:01.271729425,T,90.93,100,91.24,100,TGT
2025-10-16,9:32:01.271854732,T,90.86,100,91.24,100,TGT
2025-10-16,9:32:01.271859684,T,90.86,100,91.25,300,TGT
2025-10-16,9:32:01.271964978,T,90.93,100,91.25,300,TGT
2025-10-16,9:32:01.271970026,T,90.98,100,91.25,300,TGT
2025-10-16,9:32:01.271995616,T,90.93,100,91.25,300,TGT
2025-10-16,9:32:01.272000118,T,90.86,100,91.25,300,TGT
2025-10-16,9:32:01.272005179,T,90.79,100,91.25,300,TGT
2025-10-16,9:32:01.272010050,T,90.86,100,91.25,300,TGT
2025-10-16,9:32:01.272010050,T,90.93,100,91.25,300,TGT
2025-10-16,9:32:01.272020214,T,90.93,100,91.25,200,TGT
2025-10-16,9:32:01.272030250,T,90.93,100,91.25,300,TGT
2025-10-16,9:32:01.272030250,T,90.93,100,91.23,100,TGT
2025-10-16,9:32:01.272050238,T,90.93,100,91.25,300,TGT
2025-10-16,9:32:01.272055153,T,90.93,100,91.25,200,TGT
2025-10-16,9:32:01.272100261,T,91.09,100,91.25,200,TGT
2025-10-16,9:32:01.272155429,T,90.93,100,91.25,200,TGT
2025-10-16,9:32:01.272155429,T,91.09,100,91.25,200,TGT
2025-10-16,9:32:01.272175444,T,90.93,100,91.25,200,TGT
2025-10-16,9:32:01.272200725,T,90.93,100,91.21,100,TGT
2025-10-16,9:32:01.272200725,T,90.86,100,91.21,100,TGT
2025-10-16,9:32:01.272390963,T,90.86,100,91.25,200,TGT
2025-10-16,9:32:01.272401006,T,90.93,100,91.25,200,TGT
2025-10-16,9:32:01.272416123,T,91.18,100,91.25,200,TGT
2025-10-16,9:32:01.272897337,T,91.18,100,91.21,100,TGT
2025-10-16,9:32:01.272972424,T,90.86,100,91.21,100,TGT
2025-10-16,9:32:01.273017463,T,90.93,100,91.21,100,TGT
2025-10-16,9:32:01.273042608,T,90.96,100,91.21,100,TGT
2025-10-16,9:32:01.273102702,T,91.18,100,91.21,100,TGT
2025-10-16,9:32:01.273172814,T,91.18,100,91.25,200,TGT
2025-10-16,9:32:01.273192912,T,91.19,100,91.25,200,TGT
2025-10-16,9:32:01.273443550,T,91.18,100,91.25,200,TGT
2025-10-16,9:32:01.273468576,T,91.18,100,91.21,100,TGT
2025-10-16,9:32:01.273548735,T,91.19,100,91.21,100,TGT
2025-10-16,9:32:01.273573838,T,91.19,100,91.21,200,TGT
2025-10-16,9:32:01.273679112,T,91.18,100,91.21,200,TGT
2025-10-16,9:32:01.273684352,T,91.18,100,91.21,100,TGT
2025-10-16,9:32:01.273689085,T,91.18,100,91.23,100,TGT
2025-10-16,9:32:01.273694258,T,91.18,100,91.22,100,TGT
2025-10-16,9:32:01.273704185,T,91.18,100,91.19,100,TGT
2025-10-16,9:32:01.273714403,T,91.18,100,91.2,100,TGT
2025-10-16,9:32:01.273714403,T,91.18,100,91.21,100,TGT
2025-10-16,9:32:01.273729239,T,91.18,100,91.2,100,TGT
2025-10-16,9:32:01.273734196,T,91.18,100,91.19,100,TGT
2025-10-16,9:32:01.273754497,T,91.18,100,91.2,100,TGT
2025-10-16,9:32:01.273764225,T,91.18,100,91.19,100,TGT
2025-10-16,9:32:01.273889618,T,90.79,100,91.19,100,TGT
2025-10-16,9:32:01.273899959,T,90.79,100,91.23,100,TGT
2025-10-16,9:32:01.273899959,T,90.79,100,91.22,100,TGT
2025-10-16,9:32:01.273909579,T,90.79,100,91.19,100,TGT
2025-10-16,9:32:01.273914677,T,90.79,100,91.19,200,TGT
2025-10-16,9:32:01.273919683,T,90.79,100,91.19,100,TGT
2025-10-16,9:32:01.273924692,T,90.79,100,91.22,100,TGT
2025-10-16,9:32:01.273924692,T,90.79,100,91.23,100,TGT
2025-10-16,9:32:01.273924692,T,90.86,100,91.23,100,TGT
2025-10-16,9:32:01.273949720,T,90.79,100,91.23,100,TGT
2025-10-16,9:32:01.273959829,T,90.86,100,91.23,100,TGT
2025-10-16,9:32:01.273959829,T,90.86,100,91.25,300,TGT
2025-10-16,9:32:01.273964744,T,90.86,100,91.23,100,TGT
2025-10-16,9:32:01.273999813,T,90.86,100,91.25,300,TGT
2025-10-16,9:32:01.273999813,T,90.86,100,91.25,200,TGT
2025-10-16,9:32:01.273999813,T,90.93,100,91.25,200,TGT
2025-10-16,9:32:01.274009805,T,90.86,100,91.25,200,TGT
2025-10-16,9:32:01.274019920,T,90.93,100,91.25,200,TGT
2025-10-16,9:32:01.274025060,T,90.86,100,91.25,200,TGT
2025-10-16,9:32:01.274025060,T,90.93,100,91.25,200,TGT
2025-10-16,9:32:01.274045091,T,90.86,100,91.25,200,TGT
2025-10-16,9:32:01.274080047,T,90.79,100,91.25,200,TGT
2025-10-16,9:32:01.274155163,T,90.86,100,91.25,200,TGT
2025-10-16,9:32:01.274190337,T,90.93,100,91.25,200,TGT
2025-10-16,9:32:01.274200279,T,90.86,100,91.25,200,TGT
2025-10-16,9:32:01.281121766,T,90.93,100,91.25,200,TGT
2025-10-16,9:32:01.284444718,T,90.96,100,91.25,200,TGT
2025-10-16,9:32:01.290784877,T,90.97,100,91.25,200,TGT
2025-10-16,9:32:01.290784877,T,91.1,100,91.25,200,TGT
2025-10-16,9:32:01.290795104,T,91.11,100,91.25,200,TGT
2025-10-16,9:32:01.290809836,T,91.1,100,91.25,200,TGT
2025-10-16,9:32:01.290819950,T,90.98,100,91.25,200,TGT
2025-10-16,9:32:01.290835114,T,91.11,100,91.25,200,TGT
2025-10-16,9:32:01.290835114,T,90.98,100,91.25,200,TGT
2025-10-16,9:32:01.290865001,T,90.93,100,91.25,200,TGT
2025-10-16,9:32:01.290870049,T,91.11,100,91.25,200,TGT
2025-10-16,9:32:01.297816542,T,90.93,100,91.25,200,TGT
2025-10-16,9:32:01.491031833,T,90.86,100,91.25,200,TGT
2025-10-16,9:32:01.750976116,T,90.93,100,91.25,200,TGT
2025-10-16,9:32:02.353421409,T,91.12,100,91.25,200,TGT
2025-10-16,9:32:03.846117659,T,91.12,100,91.25,100,TGT
2025-10-16,9:32:03.846147693,T,91.12,200,91.25,100,TGT
2025-10-16,9:32:03.846157741,T,91.12,100,91.25,100,TGT
2025-10-16,9:32:03.846182772,T,91.14,100,91.25,100,TGT
2025-10-16,9:32:03.846182772,T,91.12,100,91.25,100,TGT
2025-10-16,9:32:03.846197861,T,91.12,100,91.25,200,TGT
2025-10-16,9:32:03.846212950,T,91.12,100,91.25,300,TGT
2025-10-16,9:32:03.846222865,T,91.14,100,91.25,300,TGT
2025-10-16,9:32:03.846232895,T,91.14,100,91.25,500,TGT
2025-10-16,9:32:03.846247984,T,91.14,100,91.25,600,TGT
2025-10-16,9:32:03.846483814,T,91.14,100,91.25,700,TGT
2025-10-16,9:32:03.846483814,T,91.12,200,91.25,700,TGT
2025-10-16,9:32:03.846503975,T,91.12,200,91.25,600,TGT
2025-10-16,9:32:03.846508589,T,91.12,200,91.24,100,TGT
2025-10-16,9:32:03.846518987,T,91.12,200,91.24,200,TGT
2025-10-16,9:32:03.846553771,T,91.12,200,91.2,500,TGT
2025-10-16,9:32:03.846573732,T,91.12,200,91.24,200,TGT
2025-10-16,9:32:03.846598849,T,91.12,200,91.2,500,TGT
2025-10-16,9:32:03.846604127,T,91.12,100,91.2,500,TGT
2025-10-16,9:32:03.848022258,T,91.12,100,91.25,100,TGT
2025-10-16,9:32:03.848047250,T,91.18,100,91.25,100,TGT
2025-10-16,9:32:03.848277765,T,91.18,200,91.25,100,TGT
2025-10-16,9:32:03.848603648,T,91.18,100,91.25,100,TGT
2025-10-16,9:32:03.852307464,T,91.18,200,91.25,100,TGT
2025-10-16,9:32:03.881607164,T,91.18,100,91.25,100,TGT
2025-10-16,9:32:03.902537120,T,91.18,200,91.25,100,TGT
2025-10-16,9:32:03.902547093,T,91.18,100,91.25,100,TGT
2025-10-16,9:32:03.903123445,T,91.15,100,91.25,100,TGT
2025-10-16,9:32:03.903429206,T,91.18,100,91.25,100,TGT
2025-10-16,9:32:03.932217916,T,91.18,100,91.24,100,TGT
2025-10-16,9:32:03.932217916,T,91.18,100,91.24,200,TGT
2025-10-16,9:32:03.932308047,T,91.12,100,91.24,200,TGT
2025-10-16,9:32:03.933290400,T,91.12,100,91.24,100,TGT
2025-10-16,9:32:03.933290400,T,91.12,100,91.25,200,TGT
2025-10-16,9:32:03.939359822,T,91.12,200,91.25,200,TGT
2025-10-16,9:32:03.945439333,T,91.19,100,91.25,200,TGT
2025-10-16,9:32:03.945474397,T,91.19,100,91.25,100,TGT
2025-10-16,9:32:03.945995588,T,91.12,200,91.25,100,TGT
2025-10-16,9:32:03.946070784,T,91.19,100,91.25,100,TGT
2025-10-16,9:32:04.182920095,T,91.12,200,91.25,100,TGT
2025-10-16,9:32:06.240767991,T,91.14,100,91.25,100,TGT
2025-10-16,9:32:06.240767991,T,91.15,100,91.25,100,TGT
2025-10-16,9:32:06.593884381,T,91.14,100,91.25,100,TGT
2025-10-16,9:32:10.571124990,T,91.12,200,91.25,100,TGT
2025-10-16,9:32:10.571545932,T,91.12,200,91.25,200,TGT
2025-10-16,9:32:10.571836588,T,91.12,200,91.25,300,TGT
2025-10-16,9:32:10.572097214,T,91.12,100,91.25,300,TGT
2025-10-16,9:32:10.581690072,T,91.12,100,91.25,200,TGT
2025-10-16,9:32:11.141568961,T,91.12,100,91.25,300,TGT
2025-10-16,9:32:11.141574080,T,91.12,100,91.25,200,TGT
2025-10-16,9:32:11.141704292,T,91.12,100,91.25,300,TGT
2025-10-16,9:32:11.148575583,T,91.12,100,91.25,200,TGT
2025-10-16,9:32:11.167080213,T,90.9,300,91.25,200,TGT
2025-10-16,9:32:11.167099806,T,90.9,300,91.25,300,TGT
2025-10-16,9:32:11.167104768,T,90.9,300,91.23,100,TGT
2025-10-16,9:32:11.167104768,T,90.9,300,91.12,100,TGT
2025-10-16,9:32:11.167154964,T,90.9,200,91.12,100,TGT
2025-10-16,9:32:11.167169929,T,90.9,300,91.12,100,TGT
2025-10-16,9:32:11.167205090,T,90.93,100,91.12,100,TGT
2025-10-16,9:32:11.167260205,T,90.9,300,91.12,100,TGT
2025-10-16,9:32:11.167580969,T,90.9,400,91.12,100,TGT
2025-10-16,9:32:11.167701181,T,90.9,400,91.17,100,TGT
2025-10-16,9:32:11.167721490,T,90.9,400,91.22,100,TGT
2025-10-16,9:32:11.167721490,T,90.9,300,91.22,100,TGT
2025-10-16,9:32:11.167726273,T,90.9,400,91.22,100,TGT
2025-10-16,9:32:11.167736341,T,90.9,400,91.17,100,TGT
2025-10-16,9:32:11.167751358,T,90.9,300,91.17,100,TGT
2025-10-16,9:32:11.177935616,T,90.9,200,91.17,100,TGT
2025-10-16,9:32:11.214678120,T,90.9,200,91.17,200,TGT
2025-10-16,9:32:11.267378642,T,90.9,200,91.17,100,TGT
2025-10-16,9:32:12.961048727,T,90.9,200,91.17,200,TGT
2025-10-16,9:32:12.961064214,T,90.9,200,91.17,100,TGT
2025-10-16,9:32:12.961068736,T,90.9,200,91.16,100,TGT
2025-10-16,9:32:12.962086191,T,90.9,200,91.16,200,TGT
2025-10-16,9:32:12.968075482,T,90.9,200,91.16,100,TGT
2025-10-16,9:32:14.932510660,T,90.86,100,91.16,100,TGT
2025-10-16,9:32:16.228322863,T,90.91,100,91.16,100,TGT
2025-10-16,9:32:22.747574647,T,90.91,100,91.16,200,TGT
2025-10-16,9:32:24.026200836,T,90.91,100,91.16,100,TGT
2025-10-16,9:32:26.387872503,T,90.91,100,91.16,200,TGT
2025-10-16,9:32:29.232870797,T,90.91,100,91.16,100,TGT
2025-10-16,9:32:29.233181481,T,90.91,100,91.23,100,TGT
2025-10-16,9:32:29.233196649,T,90.91,100,91.16,100,TGT
2025-10-16,9:32:29.244408257,T,90.91,100,91.23,100,TGT
2025-10-16,9:32:29.292106883,T,90.91,100,91.22,100,TGT
2025-10-16,9:32:29.292137015,T,90.91,100,91.17,100,TGT
2025-10-16,9:32:29.410684583,T,90.91,100,91.16,100,TGT
2025-10-16,9:32:29.410689663,T,90.91,100,91.15,100,TGT
2025-10-16,9:32:29.410689663,T,90.91,100,91.14,100,TGT
2025-10-16,9:32:29.410699410,T,90.91,100,91.12,100,TGT
2025-10-16,9:32:29.410729470,T,90.91,100,91.1,100,TGT
2025-10-16,9:32:29.410784634,T,90.91,100,91.04,100,TGT
2025-10-16,9:32:29.410935007,T,90.81,100,91.04,100,TGT
2025-10-16,9:32:29.410955028,T,90.81,100,90.92,100,TGT
2025-10-16,9:32:29.411000167,T,90.81,100,91.02,100,TGT
2025-10-16,9:32:29.411025206,T,90.81,100,91.01,100,TGT
2025-10-16,9:32:29.411070381,T,90.81,100,90.96,100,TGT
2025-10-16,9:32:29.411215810,T,90.77,300,90.96,100,TGT
2025-10-16,9:32:29.411431269,T,90.77,300,90.96,200,TGT
2025-10-16,9:32:29.411531488,T,90.77,300,90.96,100,TGT
2025-10-16,9:32:29.411561471,T,90.77,200,90.96,100,TGT
2025-10-16,9:32:29.411606588,T,90.86,100,90.96,100,TGT
2025-10-16,9:32:29.411621628,T,90.86,200,90.96,100,TGT
2025-10-16,9:32:31.376302288,T,90.86,200,91.04,100,TGT
2025-10-16,9:32:31.376342631,T,90.86,100,91.04,100,TGT
2025-10-16,9:32:31.376342631,T,90.65,100,91.04,100,TGT
2025-10-16,9:32:31.376357426,T,90.81,100,91.04,100,TGT
2025-10-16,9:32:31.376362523,T,90.81,100,91.14,100,TGT
2025-10-16,9:32:31.376372534,T,90.9,200,91.14,100,TGT
2025-10-16,9:32:31.376387558,T,90.9,200,91.04,100,TGT
2025-10-16,9:32:31.376472786,T,90.9,100,91.04,100,TGT
2025-10-16,9:32:31.376487804,T,90.91,100,91.04,100,TGT
2025-10-16,9:32:31.376497752,T,90.65,100,91.04,100,TGT
2025-10-16,9:32:31.376522904,T,90.91,100,91.04,100,TGT
2025-10-16,9:32:31.376532948,T,90.65,100,91.04,100,TGT
2025-10-16,9:32:31.376557918,T,90.91,100,91.04,100,TGT
2025-10-16,9:32:31.376728325,T,90.91,100,91.04,200,TGT
2025-10-16,9:32:31.396545614,T,90.91,100,91.04,100,TGT
2025-10-16,9:32:31.397788531,T,90.91,100,91.04,200,TGT
2025-10-16,9:32:31.534368946,T,90.86,100,91.04,200,TGT
2025-10-16,9:32:31.535611850,T,90.86,100,91.04,100,TGT
2025-10-16,9:32:31.542398058,T,90.86,100,91.04,200,TGT
2025-10-16,9:32:31.560045035,T,90.86,100,91.04,100,TGT
2025-10-16,9:32:31.561774215,T,90.86,100,91.04,200,TGT
2025-10-16,9:32:31.587625827,T,90.86,100,91.04,100,TGT
2025-10-16,9:32:31.589334849,T,90.86,100,91.04,200,TGT
2025-10-16,9:32:31.740424800,T,90.86,100,91.04,100,TGT
2025-10-16,9:32:32.040028690,T,90.72,300,91.04,100,TGT
2025-10-16,9:32:32.040048751,T,90.72,300,90.94,100,TGT
2025-10-16,9:32:32.040549864,T,90.72,300,90.94,200,TGT
2025-10-16,9:32:32.041542268,T,90.72,300,90.94,100,TGT
2025-10-16,9:32:32.071934821,T,90.72,300,91.14,100,TGT
2025-10-16,9:32:32.187459866,T,90.72,200,91.14,100,TGT
2025-10-16,9:32:32.840711415,T,90.87,100,91.14,100,TGT
2025-10-16,9:32:32.841944311,T,90.72,200,91.14,100,TGT
2025-10-16,9:32:34.337181456,T,90.72,300,91.14,100,TGT
2025-10-16,9:32:34.337477213,T,90.72,400,91.14,100,TGT
2025-10-16,9:32:34.338234014,T,90.72,500,91.14,100,TGT
2025-10-16,9:32:34.348197727,T,90.72,400,91.14,100,TGT
2025-10-16,9:32:34.348824189,T,90.72,300,91.14,100,TGT
2025-10-16,9:32:34.349906793,T,90.72,200,91.14,100,TGT
2025-10-16,9:32:34.349916813,T,90.72,300,91.14,100,TGT
2025-10-16,9:32:34.361334062,T,90.72,200,91.14,100,TGT
2025-10-16,9:32:34.361344091,T,90.72,300,91.14,100,TGT
2025-10-16,9:32:34.445499579,T,90.72,300,91.15,300,TGT
2025-10-16,9:32:34.445554685,T,90.72,300,91.14,100,TGT
2025-10-16,9:32:34.453468574,T,90.72,200,91.14,100,TGT
2025-10-16,9:32:34.453478567,T,90.72,300,91.14,100,TGT
2025-10-16,9:32:34.488431848,T,90.72,200,91.14,100,TGT
2025-10-16,9:32:34.998101097,T,90.72,200,91.15,300,TGT
2025-10-16,9:32:37.629069224,T,90.72,200,91.14,100,TGT
2025-10-16,9:32:38.067178037,T,90.72,200,91.0,100,TGT
2025-10-16,9:32:38.069964699,T,90.72,200,91.0,200,TGT
2025-10-16,9:32:38.072791422,T,90.82,300,91.0,200,TGT
2025-10-16,9:32:38.164845713,T,90.82,300,91.0,100,TGT
2025-10-16,9:33:04.040122699,T,90.79,100,91.0,100,TGT
2025-10-16,9:33:04.592719183,T,90.82,100,91.0,100,TGT
2025-10-16,9:33:10.014521538,T,90.82,200,91.0,100,TGT
2025-10-16,9:33:17.105776266,T,90.82,200,91.07,100,TGT
2025-10-16,9:33:17.105776266,T,90.82,200,90.97,100,TGT
2025-10-16,9:33:17.106202158,T,90.82,200,90.97,200,TGT
2025-10-16,9:33:21.954177445,T,90.83,100,90.97,200,TGT
2025-10-16,9:33:22.949669029,T,90.83,100,90.97,300,TGT
2025-10-16,9:33:22.949749276,T,90.83,100,90.97,200,TGT
2025-10-16,9:33:22.949749276,T,90.83,100,90.96,100,TGT
2025-10-16,9:33:22.950526182,T,90.83,100,90.96,200,TGT
2025-10-16,9:33:23.273064598,T,90.83,100,90.96,100,TGT
2025-10-16,9:33:23.299497586,T,90.83,100,90.96,200,TGT
2025-10-16,9:33:25.544350709,T,90.83,100,90.96,100,TGT
2025-10-16,9:33:25.544355892,T,90.83,100,91.05,100,TGT
2025-10-16,9:33:25.544355892,T,90.83,200,91.05,100,TGT
2025-10-16,9:33:25.544375745,T,90.92,100,91.05,100,TGT
2025-10-16,9:33:25.544496318,T,90.92,100,91.07,100,TGT
2025-10-16,9:33:25.624085715,T,90.92,100,91.07,200,TGT
2025-10-16,9:33:25.624100752,T,90.92,100,91.06,100,TGT
2025-10-16,9:33:25.624135809,T,90.92,100,91.05,100,TGT
2025-10-16,9:33:25.624135809,T,90.92,100,91.06,100,TGT
2025-10-16,9:33:25.624426525,T,90.92,100,91.04,100,TGT
2025-10-16,9:33:25.624496689,T,90.92,100,91.06,100,TGT
2025-10-16,9:33:25.624561829,T,90.92,100,91.07,200,TGT
2025-10-16,9:33:25.634881448,T,90.92,100,91.07,100,TGT
2025-10-16,9:33:25.644384012,T,90.88,100,91.07,100,TGT
2025-10-16,9:33:26.053493791,T,90.88,100,90.99,100,TGT
2025-10-16,9:33:26.053553903,T,90.88,200,90.99,100,TGT
2025-10-16,9:33:26.053568903,T,90.88,100,90.99,100,TGT
2025-10-16,9:33:26.053849539,T,90.88,200,90.99,100,TGT
2025-10-16,9:33:26.053890011,T,90.89,100,90.99,100,TGT
2025-10-16,9:33:26.053934775,T,90.94,100,90.99,100,TGT
2025-10-16,9:33:26.053994899,T,90.94,100,91.07,100,TGT
2025-10-16,9:33:26.054015001,T,90.97,100,91.07,100,TGT
2025-10-16,9:33:26.054050039,T,90.95,100,91.07,100,TGT
2025-10-16,9:33:26.054070064,T,90.97,100,91.07,100,TGT
2025-10-16,9:33:26.054120206,T,90.95,100,91.07,100,TGT
2025-10-16,9:33:26.054120206,T,90.94,100,91.07,100,TGT
2025-10-16,9:33:26.054160369,T,90.94,100,91.07,200,TGT
2025-10-16,9:33:26.054471134,T,90.89,100,91.07,200,TGT
2025-10-16,9:33:26.054471134,T,90.88,200,91.07,200,TGT
2025-10-16,9:33:26.054491255,T,90.88,200,91.05,100,TGT
2025-10-16,9:33:26.054496162,T,90.88,200,91.0,100,TGT
2025-10-16,9:33:26.054556470,T,90.88,200,91.04,100,TGT
2025-10-16,9:33:26.054556470,T,90.88,200,91.05,100,TGT
2025-10-16,9:33:26.054556470,T,90.88,200,91.0,100,TGT
2025-10-16,9:33:26.054586355,T,90.89,100,91.0,100,TGT
2025-10-16,9:33:26.054606397,T,90.88,200,91.0,100,TGT
2025-10-16,9:33:26.054621422,T,90.88,200,91.07,200,TGT
2025-10-16,9:33:26.054621422,T,90.94,100,91.07,200,TGT
2025-10-16,9:33:26.054626488,T,90.94,100,91.07,100,TGT
2025-10-16,9:33:26.054656481,T,90.94,200,91.07,100,TGT
2025-10-16,9:33:26.054681604,T,90.96,100,91.07,100,TGT
2025-10-16,9:33:26.054686584,T,90.94,200,91.07,100,TGT
2025-10-16,9:33:26.054856967,T,90.94,200,91.07,200,TGT
2025-10-16,9:33:26.054902086,T,90.94,100,91.07,200,TGT
2025-10-16,9:33:26.054902086,T,90.94,200,91.07,200,TGT
2025-10-16,9:33:26.055042379,T,90.94,100,91.07,200,TGT
2025-10-16,9:33:26.055127613,T,90.94,100,91.05,100,TGT
2025-10-16,9:33:26.055177721,T,90.94,100,91.07,200,TGT
2025-10-16,9:33:26.055463410,T,90.94,100,91.05,100,TGT
2025-10-16,9:33:26.064770564,T,90.94,100,91.07,200,TGT
2025-10-16,9:33:26.064800651,T,90.94,100,91.07,100,TGT
2025-10-16,9:33:26.078758968,T,90.94,200,91.07,100,TGT
2025-10-16,9:33:26.078819281,T,90.94,100,91.07,100,TGT
2025-10-16,9:33:26.078824082,T,90.94,200,91.07,100,TGT
2025-10-16,9:33:26.078824082,T,90.94,100,91.07,100,TGT
2025-10-16,9:33:30.017522834,T,90.94,200,91.07,100,TGT
2025-10-16,9:33:47.050026971,T,90.94,200,91.05,100,TGT
2025-10-16,9:33:47.050237467,T,90.94,200,91.05,200,TGT
2025-10-16,9:33:48.901001892,T,90.94,200,91.05,300,TGT
2025-10-16,9:33:48.901412838,T,90.94,200,91.02,100,TGT
2025-10-16,9:33:48.901433206,T,90.94,100,91.02,100,TGT
2025-10-16,9:33:48.901447924,T,90.86,100,91.02,100,TGT
2025-10-16,9:33:48.901458505,T,90.81,100,91.02,100,TGT
2025-10-16,9:33:48.901493004,T,90.81,100,91.02,200,TGT
2025-10-16,9:33:48.901503069,T,90.81,100,91.01,100,TGT
2025-10-16,9:33:48.901513234,T,90.82,100,91.01,100,TGT
2025-10-16,9:33:48.901513234,T,90.82,100,90.95,100,TGT
2025-10-16,9:33:48.901523102,T,90.81,100,90.95,100,TGT
2025-10-16,9:33:48.901563229,T,90.81,100,90.95,200,TGT
2025-10-16,9:33:48.901593327,T,90.81,100,90.95,100,TGT
2025-10-16,9:33:48.901608359,T,90.82,100,90.95,100,TGT
2025-10-16,9:33:48.901969136,T,90.82,100,90.94,100,TGT
2025-10-16,9:33:48.902019320,T,90.81,100,90.94,100,TGT
2025-10-16,9:33:48.902024323,T,90.81,100,90.95,100,TGT
2025-10-16,9:33:48.902024323,T,90.81,100,90.92,100,TGT
2025-10-16,9:33:48.902054347,T,90.82,100,90.92,100,TGT
2025-10-16,9:33:48.902084440,T,90.85,100,90.92,100,TGT
2025-10-16,9:33:48.902099494,T,90.81,100,90.92,100,TGT
2025-10-16,9:33:48.902134612,T,90.85,100,90.92,100,TGT
2025-10-16,9:33:48.913391375,T,90.81,100,90.92,100,TGT
2025-10-16,9:33:49.224061630,T,90.79,100,90.92,100,TGT
2025-10-16,9:33:49.224452588,T,90.78,100,90.92,100,TGT
2025-10-16,9:33:49.224472843,T,90.78,100,90.89,100,TGT
2025-10-16,9:33:49.224487587,T,90.79,100,90.89,100,TGT
2025-10-16,9:33:49.239989578,T,90.79,100,90.94,100,TGT
2025-10-16,9:33:49.239994533,T,90.79,100,90.88,100,TGT
2025-10-16,9:33:49.337742506,T,90.79,100,90.94,100,TGT
2025-10-16,9:33:49.337747470,T,90.79,100,90.87,100,TGT
2025-10-16,9:33:49.338213627,T,90.78,100,90.87,100,TGT
2025-10-16,9:33:52.544512443,T,90.78,100,90.94,100,TGT
2025-10-16,9:33:52.546276598,T,90.83,100,90.94,100,TGT
2025-10-16,9:33:52.547479496,T,90.79,100,90.94,100,TGT
2025-10-16,9:33:59.871388712,T,90.79,100,90.9,100,TGT
2025-10-16,9:33:59.871393945,T,90.78,100,90.9,100,TGT
2025-10-16,9:33:59.871428726,T,90.79,100,90.9,100,TGT
2025-10-16,9:33:59.871719440,T,90.79,100,90.9,200,TGT
2025-10-16,9:33:59.872085343,T,90.78,100,90.9,200,TGT
2025-10-16,9:33:59.872130452,T,90.78,100,90.9,300,TGT
2025-10-16,9:33:59.872220678,T,90.76,100,90.9,300,TGT
2025-10-16,9:33:59.872220678,T,90.71,300,90.9,300,TGT
2025-10-16,9:33:59.872245753,T,90.71,300,90.88,100,TGT
2025-10-16,9:33:59.872250710,T,90.76,100,90.88,100,TGT
2025-10-16,9:33:59.872255886,T,90.71,300,90.88,100,TGT
2025-10-16,9:33:59.872270806,T,90.71,300,90.9,300,TGT
2025-10-16,9:33:59.872285833,T,90.71,300,90.9,200,TGT
2025-10-16,9:33:59.872501279,T,90.71,300,90.9,100,TGT
2025-10-16,9:33:59.872852179,T,90.71,300,90.84,100,TGT
2025-10-16,9:33:59.872947375,T,90.71,200,90.84,100,TGT
2025-10-16,9:33:59.873643990,T,90.65,100,90.84,100,TGT
2025-10-16,9:33:59.873649186,T,90.65,300,90.84,100,TGT
2025-10-16,9:33:59.874120151,T,90.65,300,90.83,100,TGT
2025-10-16,9:33:59.874140190,T,90.65,200,90.83,100,TGT
2025-10-16,9:33:59.874165313,T,90.65,300,90.83,100,TGT
2025-10-16,9:33:59.875247922,T,90.65,300,90.84,100,TGT
2025-10-16,9:33:59.875267944,T,90.65,200,90.84,100,TGT
2025-10-16,9:33:59.875272945,T,90.65,300,90.84,100,TGT
2025-10-16,9:33:59.878555732,T,90.65,300,90.83,100,TGT
2025-10-16,9:33:59.878575842,T,90.65,300,90.83,200,TGT
2025-10-16,9:33:59.878585805,T,90.65,200,90.83,200,TGT
2025-10-16,9:33:59.879212329,T,90.65,200,90.83,300,TGT
2025-10-16,9:33:59.879818769,T,90.65,200,90.83,200,TGT
2025-10-16,9:33:59.879848887,T,90.65,200,90.83,100,TGT
2025-10-16,9:34:00.184133849,T,90.65,200,90.84,100,TGT
2025-10-16,9:34:01.878540702,T,90.65,200,90.83,100,TGT
2025-10-16,9:34:04.129719109,T,90.65,200,90.83,200,TGT
2025-10-16,9:34:04.130786646,T,90.65,200,90.82,100,TGT
2025-10-16,9:34:04.742564038,T,90.7,100,90.82,100,TGT
2025-10-16,9:34:06.126902254,T,90.7,100,90.81,100,TGT
2025-10-16,9:34:10.962688382,T,90.7,100,90.79,100,TGT
2025-10-16,9:34:10.963475252,T,90.6,100,90.79,100,TGT
2025-10-16,9:34:10.963495260,T,90.6,100,90.76,100,TGT
2025-10-16,9:34:10.963500289,T,90.6,100,90.71,100,TGT
2025-10-16,9:34:10.963610538,T,90.59,300,90.71,100,TGT
2025-10-16,9:34:10.963725852,T,90.59,300,90.7,100,TGT
2025-10-16,9:34:10.963770945,T,90.59,100,90.7,100,TGT
2025-10-16,9:34:10.963800981,T,90.53,200,90.7,100,TGT
2025-10-16,9:34:10.963836171,T,90.55,100,90.7,100,TGT
2025-10-16,9:34:10.964036581,T,90.53,200,90.7,100,TGT
2025-10-16,9:34:10.964071623,T,90.53,300,90.7,100,TGT
2025-10-16,9:34:10.964121877,T,90.53,300,90.71,100,TGT
2025-10-16,9:34:10.964146902,T,90.53,300,90.73,200,TGT
2025-10-16,9:34:10.964166891,T,90.53,300,90.73,100,TGT
2025-10-16,9:34:10.964171870,T,90.55,100,90.73,100,TGT
2025-10-16,9:34:10.964232172,T,90.6,100,90.73,100,TGT
2025-10-16,9:34:10.964257267,T,90.55,100,90.73,100,TGT
2025-10-16,9:34:10.964267144,T,90.6,100,90.73,100,TGT
2025-10-16,9:34:10.964302230,T,90.61,100,90.73,100,TGT
2025-10-16,9:34:10.964307424,T,90.6,100,90.73,100,TGT
2025-10-16,9:34:10.964322353,T,90.55,100,90.73,100,TGT
2025-10-16,9:34:10.964397404,T,90.6,100,90.73,100,TGT
2025-10-16,9:34:10.964427512,T,90.55,100,90.73,100,TGT
2025-10-16,9:34:10.964437496,T,90.6,100,90.73,100,TGT
2025-10-16,9:34:10.964462625,T,90.55,100,90.73,100,TGT
2025-10-16,9:34:10.964482656,T,90.55,100,90.7,100,TGT
2025-10-16,9:34:10.964502760,T,90.6,100,90.7,100,TGT
2025-10-16,9:34:10.964602960,T,90.6,100,90.73,100,TGT
2025-10-16,9:34:10.964637969,T,90.61,100,90.73,100,TGT
2025-10-16,9:34:10.964753247,T,90.6,100,90.73,100,TGT
2025-10-16,9:34:10.964808420,T,90.56,100,90.73,100,TGT
2025-10-16,9:34:10.964818786,T,90.55,100,90.73,100,TGT
2025-10-16,9:34:10.964873614,T,90.56,100,90.73,100,TGT
2025-10-16,9:34:10.964913738,T,90.56,100,90.73,200,TGT
2025-10-16,9:34:10.964949064,T,90.56,100,90.73,100,TGT
2025-10-16,9:34:10.964998902,T,90.57,100,90.73,100,TGT
2025-10-16,9:34:10.965023902,T,90.67,100,90.73,100,TGT
2025-10-16,9:34:10.965580251,T,90.6,100,90.73,100,TGT
2025-10-16,9:34:10.968006010,T,90.57,100,90.73,100,TGT
2025-10-16,9:34:10.974556606,T,90.56,100,90.73,100,TGT
2025-10-16,9:34:10.974556606,T,90.55,100,90.73,100,TGT
2025-10-16,9:34:10.984876275,T,90.53,300,90.73,100,TGT
2025-10-16,9:34:11.063643915,T,90.53,300,90.76,200,TGT
2025-10-16,9:34:11.063668907,T,90.53,300,90.76,100,TGT
2025-10-16,9:34:11.505531706,T,90.53,200,90.76,100,TGT
2025-10-16,9:34:11.963903815,T,90.53,300,90.76,100,TGT
2025-10-16,9:34:11.963943846,T,90.55,100,90.76,100,TGT
2025-10-16,9:34:14.476715325,T,90.53,300,90.76,100,TGT
2025-10-16,9:34:18.205784530,T,90.55,100,90.76,100,TGT
2025-10-16,9:34:18.205824606,T,90.58,100,90.76,100,TGT
2025-10-16,9:34:18.205824606,T,90.59,100,90.76,100,TGT
2025-10-16,9:34:18.530523211,T,90.59,100,90.69,100,TGT
2025-10-16,9:34:18.530593431,T,90.59,100,90.69,200,TGT
2025-10-16,9:34:18.530643525,T,90.58,100,90.69,200,TGT
2025-10-16,9:34:18.530668508,T,90.58,100,90.69,100,TGT
2025-10-16,9:34:18.530673579,T,90.58,100,90.67,100,TGT
2025-10-16,9:34:18.530718664,T,90.58,100,90.69,100,TGT
2025-10-16,9:34:18.530723683,T,90.58,100,90.66,100,TGT
2025-10-16,9:34:18.531099565,T,90.58,100,90.69,100,TGT
2025-10-16,9:34:18.531104583,T,90.58,100,90.65,100,TGT
2025-10-16,9:34:20.200562226,T,90.58,100,90.69,100,TGT
2025-10-16,9:34:20.200607222,T,90.61,100,90.69,100,TGT
2025-10-16,9:34:20.200612242,T,90.62,100,90.69,100,TGT
2025-10-16,9:34:20.201138485,T,90.61,100,90.69,100,TGT
2025-10-16,9:34:20.202501708,T,90.59,100,90.69,100,TGT
2025-10-16,9:34:20.211297716,T,90.6,100,90.69,100,TGT
2025-10-16,9:34:20.400804149,T,90.59,100,90.69,100,TGT
2025-10-16,9:34:20.804556077,T,90.58,100,90.69,100,TGT
2025-10-16,9:34:23.858817796,T,90.63,100,90.69,100,TGT
2025-10-16,9:34:23.859263889,T,90.63,100,90.89,300,TGT
2025-10-16,9:34:23.859293917,T,90.63,100,90.87,100,TGT
2025-10-16,9:34:23.859298960,T,90.64,100,90.87,100,TGT
2025-10-16,9:34:23.859304024,T,90.64,100,90.88,100,TGT
2025-10-16,9:34:23.859313966,T,90.63,200,90.88,100,TGT
2025-10-16,9:34:23.859339060,T,90.64,100,90.88,100,TGT
2025-10-16,9:34:23.859404212,T,90.63,200,90.88,100,TGT
2025-10-16,9:34:23.859709968,T,90.63,100,90.88,100,TGT
2025-10-16,9:34:23.870169842,T,90.63,100,90.78,100,TGT
2025-10-16,9:34:24.208029747,T,90.63,100,90.88,100,TGT
2025-10-16,9:34:25.151041451,T,90.7,100,90.88,100,TGT
2025-10-16,9:34:26.116576826,T,90.7,100,90.89,300,TGT
2025-10-16,9:34:26.116576826,T,90.7,100,90.89,200,TGT
2025-10-16,9:34:28.121744165,T,90.71,100,90.89,200,TGT
2025-10-16,9:34:28.128775760,T,90.7,100,90.89,200,TGT
2025-10-16,9:34:28.133015870,T,90.7,100,90.93,100,TGT
2025-10-16,9:34:33.062906129,T,90.7,200,90.93,100,TGT
2025-10-16,9:34:44.139129818,T,90.7,300,90.93,100,TGT
2025-10-16,9:34:44.899050282,T,90.7,200,90.93,100,TGT
2025-10-16,9:34:48.469095871,T,90.7,300,90.93,100,TGT
2025-10-16,9:34:48.469100824,T,90.71,100,90.93,100,TGT
2025-10-16,9:34:48.469100824,T,90.75,100,90.93,100,TGT
2025-10-16,9:34:48.469120883,T,90.76,100,90.93,100,TGT
2025-10-16,9:34:48.469135949,T,90.76,100,91.02,200,TGT
2025-10-16,9:34:48.469160996,T,90.84,100,91.02,200,TGT
2025-10-16,9:34:48.469160996,T,90.85,100,91.02,200,TGT
2025-10-16,9:34:48.470253635,T,90.84,100,91.02,200,TGT
2025-10-16,9:34:48.473240705,T,90.84,100,91.11,100,TGT
2025-10-16,9:34:48.473270806,T,90.84,100,91.12,300,TGT
2025-10-16,9:34:48.474072692,T,90.85,100,91.12,300,TGT
2025-10-16,9:34:48.474258139,T,90.84,100,91.12,300,TGT
2025-10-16,9:34:48.475275587,T,90.77,100,91.12,300,TGT
2025-10-16,9:34:48.487409513,T,90.76,100,91.12,300,TGT
2025-10-16,9:34:48.706576660,T,90.76,100,91.12,200,TGT
2025-10-16,9:34:49.206196965,T,90.75,100,91.12,200,TGT
2025-10-16,9:34:49.218526314,T,90.74,100,91.12,200,TGT
2025-10-16,9:34:53.065692024,T,90.75,100,91.12,200,TGT
2025-10-16,9:34:57.082446772,T,90.75,100,91.12,300,TGT
2025-10-16,9:34:57.474425784,T,90.75,100,91.11,100,TGT
2025-10-16,9:34:57.474430822,T,90.75,100,91.1,100,TGT
2025-10-16,9:34:57.474480890,T,90.75,100,91.09,100,TGT
2025-10-16,9:34:59.381859943,T,90.75,100,91.11,100,TGT
2025-10-16,9:34:59.381879920,T,90.75,100,91.12,300,TGT
2025-10-16,9:34:59.381915097,T,90.75,100,91.1,100,TGT
2025-10-16,9:34:59.728580960,T,90.75,100,91.12,300,TGT
2025-10-16,9:35:00.784887882,T,90.75,100,91.11,100,TGT
2025-10-16,9:35:00.784927893,T,90.75,100,91.1,100,TGT
2025-10-16,9:35:00.785358982,T,90.75,100,91.07,100,TGT
2025-10-16,9:35:00.785389046,T,90.75,100,91.06,100,TGT
2025-10-16,9:35:00.828922794,T,90.75,100,91.09,100,TGT
2025-10-16,9:35:00.880420508,T,90.75,100,91.06,100,TGT
2025-10-16,9:35:00.980037822,T,90.75,100,91.09,100,TGT
2025-10-16,9:35:02.775304747,T,90.75,100,91.08,100,TGT
2025-10-16,9:35:03.046971996,T,90.7,200,91.08,100,TGT
2025-10-16,9:35:03.068698841,T,90.76,100,91.08,100,TGT
2025-10-16,9:35:05.179217188,T,90.76,100,91.0,100,TGT
2025-10-16,9:35:05.491621420,T,90.76,100,91.0,200,TGT
2025-10-16,9:35:08.187103662,T,90.76,100,90.99,100,TGT
2025-10-16,9:35:08.187103662,T,90.76,100,90.98,100,TGT
2025-10-16,9:35:08.187559384,T,90.76,100,90.94,100,TGT
2025-10-16,9:35:08.187564450,T,90.76,100,90.93,100,TGT
2025-10-16,9:35:08.187579438,T,90.76,100,90.98,100,TGT
2025-10-16,9:35:08.188336236,T,90.76,100,90.97,100,TGT
2025-10-16,9:35:08.188346407,T,90.76,100,90.98,100,TGT
2025-10-16,9:35:08.191543891,T,90.76,100,90.97,100,TGT
2025-10-16,9:35:08.197147213,T,90.76,100,90.98,100,TGT
2025-10-16,9:35:08.312587224,T,90.76,100,90.99,100,TGT
2025-10-16,9:35:08.387179982,T,90.76,100,91.0,200,TGT
2025-10-16,9:35:11.538262315,T,90.76,100,91.0,100,TGT
2025-10-16,9:35:13.049848420,T,90.75,100,91.0,100,TGT
2025-10-16,9:35:13.071715548,T,90.84,100,91.0,100,TGT
2025-10-16,9:35:13.996969922,T,90.84,100,91.0,200,TGT
2025-10-16,9:35:19.396504236,T,90.84,200,91.0,200,TGT
2025-10-16,9:35:20.256598369,T,90.84,100,91.0,200,TGT
2025-10-16,9:35:38.085570375,T,90.84,100,91.0,300,TGT
2025-10-16,9:35:38.405773114,T,90.84,100,91.0,400,TGT
2025-10-16,9:35:39.283158470,T,90.84,100,91.0,300,TGT
2025-10-16,9:35:44.953372465,T,90.84,100,91.0,200,TGT
2025-10-16,9:35:46.346386347,T,90.84,100,91.0,100,TGT
2025-10-16,9:35:48.329024845,T,90.84,100,91.0,200,TGT
2025-10-16,9:35:48.510978360,T,90.84,100,91.0,300,TGT
2025-10-16,9:36:03.053565435,T,90.75,100,91.0,300,TGT
2025-10-16,9:36:03.080970732,T,90.85,100,91.0,300,TGT
2025-10-16,9:36:04.725513788,T,90.85,100,91.0,200,TGT
2025-10-16,9:36:04.727418311,T,90.85,100,91.0,100,TGT
2025-10-16,9:36:04.727448378,T,90.85,100,91.09,200,TGT
2025-10-16,9:36:04.727468442,T,90.94,100,91.09,200,TGT
2025-10-16,9:36:04.727899434,T,90.94,200,91.09,200,TGT
2025-10-16,9:36:04.734635481,T,90.94,100,91.09,200,TGT
2025-10-16,9:36:04.736259373,T,90.94,100,91.15,300,TGT
2025-10-16,9:36:04.827481732,T,90.85,200,91.15,300,TGT
2025-10-16,9:36:04.827511762,T,90.85,100,91.15,300,TGT
2025-10-16,9:36:07.596784490,T,90.85,100,91.05,100,TGT
2025-10-16,9:36:07.772889056,T,90.85,100,91.03,100,TGT
2025-10-16,9:36:07.773034407,T,90.85,100,91.05,200,TGT
2025-10-16,9:36:07.773214860,T,90.85,100,91.05,100,TGT
2025-10-16,9:36:07.773320285,T,90.85,100,91.05,200,TGT
2025-10-16,9:36:07.782882873,T,90.85,100,91.05,100,TGT
2025-10-16,9:36:09.568467017,T,90.85,100,91.05,200,TGT
2025-10-16,9:36:10.476851116,T,90.84,100,91.05,200,TGT
2025-10-16,9:36:10.476876250,T,90.79,100,91.05,200,TGT
2025-10-16,9:36:11.880796125,T,90.79,100,91.05,100,TGT
2025-10-16,9:36:11.880826191,T,90.77,100,91.05,100,TGT
2025-10-16,9:36:12.104980213,T,90.75,400,91.05,100,TGT
2025-10-16,9:36:13.182196736,T,90.75,400,90.96,100,TGT
2025-10-16,9:36:21.636353324,T,90.75,400,90.96,200,TGT
2025-10-16,9:36:22.246722418,T,90.75,200,90.96,200,TGT
2025-10-16,9:36:25.993423879,T,90.76,100,90.96,200,TGT
2025-10-16,9:36:25.993458961,T,90.77,100,90.96,200,TGT
2025-10-16,9:36:25.993463968,T,90.77,100,90.96,100,TGT
2025-10-16,9:36:25.993759646,T,90.77,100,91.1,200,TGT
2025-10-16,9:36:27.997633728,T,90.77,100,91.05,100,TGT
2025-10-16,9:36:29.084142291,T,90.84,100,91.05,100,TGT
2025-10-16,9:36:29.084453065,T,90.86,100,91.05,100,TGT
2025-10-16,9:36:29.084478125,T,90.84,100,91.05,100,TGT
2025-10-16,9:36:29.095283868,T,90.77,100,91.05,100,TGT
2025-10-16,9:36:29.104796544,T,90.77,100,91.05,200,TGT
2025-10-16,9:36:29.196926044,T,90.77,100,91.05,300,TGT
2025-10-16,9:36:29.341034328,T,90.77,100,91.01,100,TGT
2025-10-16,9:36:29.341079459,T,90.77,100,91.01,200,TGT
2025-10-16,9:36:30.814575013,T,90.77,100,91.01,100,TGT
2025-10-16,9:36:30.814605157,T,90.77,100,91.1,200,TGT
2025-10-16,9:36:30.814645222,T,90.78,100,91.1,200,TGT
2025-10-16,9:36:31.845275669,T,90.79,100,91.1,200,TGT
2025-10-16,9:36:33.712083242,T,90.79,100,91.1,300,TGT
2025-10-16,9:36:38.193159194,T,90.8,100,91.1,300,TGT
2025-10-16,9:36:39.069316405,T,90.84,100,91.1,300,TGT
2025-10-16,9:36:39.069341455,T,90.86,100,91.1,300,TGT
2025-10-16,9:36:39.069361426,T,90.84,100,91.1,300,TGT
2025-10-16,9:36:39.069376486,T,90.86,100,91.1,300,TGT
2025-10-16,9:36:39.079355255,T,90.84,100,91.1,300,TGT
2025-10-16,9:36:39.566135027,T,90.82,100,91.1,300,TGT
2025-10-16,9:36:39.571537906,T,90.82,100,91.1,100,TGT
2025-10-16,9:36:39.581511747,T,90.81,100,91.1,100,TGT
2025-10-16,9:36:42.202947214,T,90.82,100,91.1,100,TGT
2025-10-16,9:36:42.202947214,T,90.86,100,91.1,100,TGT
2025-10-16,9:36:42.202982335,T,90.9,100,91.1,100,TGT
2025-10-16,9:36:42.212941105,T,90.86,100,91.1,100,TGT
2025-10-16,9:36:42.212951045,T,90.85,100,91.1,100,TGT
2025-10-16,9:36:42.314417871,T,90.85,100,91.1,200,TGT
2025-10-16,9:36:43.719059272,T,90.85,100,91.1,100,TGT
2025-10-16,9:36:51.994450083,T,90.85,100,91.1,200,TGT
2025-10-16,9:36:51.994450083,T,90.84,100,91.1,200,TGT
2025-10-16,9:36:51.994480167,T,90.8,300,91.1,200,TGT
2025-10-16,9:36:51.994500198,T,90.8,200,91.1,200,TGT
2025-10-16,9:36:51.994500198,T,90.8,200,91.08,100,TGT
2025-10-16,9:36:51.994540329,T,90.8,300,91.08,100,TGT
2025-10-16,9:36:51.994625451,T,90.8,300,91.07,100,TGT
2025-10-16,9:36:51.994665580,T,90.8,200,91.07,100,TGT
2025-10-16,9:36:51.994785898,T,90.86,100,91.07,100,TGT
2025-10-16,9:36:51.994800885,T,90.9,200,91.07,100,TGT
2025-10-16,9:36:51.994820898,T,90.9,300,91.07,100,TGT
2025-10-16,9:36:51.995723051,T,90.9,300,91.07,200,TGT
2025-10-16,9:36:51.997397109,T,90.9,200,91.07,200,TGT
2025-10-16,9:36:51.997397109,T,90.86,100,91.07,200,TGT
2025-10-16,9:36:51.997412148,T,90.8,300,91.07,200,TGT
2025-10-16,9:36:51.997432200,T,90.94,300,91.07,200,TGT
2025-10-16,9:36:51.997437212,T,90.94,200,91.07,200,TGT
2025-10-16,9:36:52.016708149,T,90.8,200,91.07,200,TGT
2025-10-16,9:36:52.016713092,T,90.95,100,91.07,200,TGT
2025-10-16,9:36:52.016733181,T,90.99,200,91.07,200,TGT
2025-10-16,9:36:52.039582568,T,90.8,200,91.07,200,TGT
2025-10-16,9:36:52.039602601,T,91.01,200,91.07,200,TGT
2025-10-16,9:36:52.156546200,T,91.01,200,91.07,100,TGT
2025-10-16,9:36:52.247242359,T,91.01,200,91.08,100,TGT
2025-10-16,9:36:52.581839532,T,91.01,200,91.15,300,TGT
2025-10-16,9:36:55.287019448,T,91.01,200,91.1,100,TGT
2025-10-16,9:36:55.287229974,T,91.01,200,91.1,200,TGT
2025-10-16,9:36:55.631384913,T,91.01,200,91.1,100,TGT
2025-10-16,9:36:56.819726037,T,91.01,100,91.1,100,TGT
2025-10-16,9:36:56.819736057,T,90.98,100,91.1,100,TGT
2025-10-16,9:36:56.819746084,T,90.98,100,91.1,200,TGT
2025-10-16,9:36:56.819761144,T,90.98,100,91.09,100,TGT
2025-10-16,9:36:56.819766194,T,90.98,100,91.05,100,TGT
2025-10-16,9:36:56.821811019,T,90.8,300,91.05,100,TGT
2025-10-16,9:36:56.821976468,T,90.8,200,91.05,100,TGT
2025-10-16,9:36:56.822021674,T,90.8,200,91.05,200,TGT
2025-10-16,9:36:56.832927507,T,91.04,100,91.05,200,TGT
2025-10-16,9:36:56.832947552,T,90.8,200,91.05,200,TGT
2025-10-16,9:36:56.832982637,T,90.8,300,91.05,200,TGT
2025-10-16,9:36:56.832982637,T,90.8,300,91.04,100,TGT
2025-10-16,9:36:56.833313410,T,90.81,100,91.04,100,TGT
2025-10-16,9:36:56.835333314,T,90.81,100,91.05,100,TGT
2025-10-16,9:36:56.835353341,T,90.81,100,91.1,100,TGT
2025-10-16,9:36:56.835363353,T,90.81,100,91.04,100,TGT
2025-10-16,9:36:56.835844444,T,90.81,100,91.04,200,TGT
2025-10-16,9:36:56.843141847,T,90.81,100,91.04,100,TGT
2025-10-16,9:36:56.843161973,T,90.82,100,91.04,100,TGT
2025-10-16,9:36:56.843171895,T,90.88,100,91.04,100,TGT
2025-10-16,9:36:56.843202073,T,90.86,100,91.04,100,TGT
2025-10-16,9:36:56.843217107,T,90.95,100,91.04,100,TGT
2025-10-16,9:36:56.846159050,T,90.95,100,91.15,300,TGT
2025-10-16,9:36:56.847437167,T,90.8,200,91.15,300,TGT
2025-10-16,9:36:56.847442079,T,90.8,300,91.15,300,TGT
2025-10-16,9:36:56.847472146,T,90.82,100,91.15,300,TGT
2025-10-16,9:36:56.865695578,T,91.03,200,91.15,300,TGT
2025-10-16,9:36:56.865720700,T,90.82,100,91.15,300,TGT
2025-10-16,9:36:56.865725692,T,90.81,100,91.15,300,TGT
2025-10-16,9:36:56.865740694,T,90.81,100,91.1,100,TGT
2025-10-16,9:36:56.865756080,T,90.8,300,91.1,100,TGT
2025-10-16,9:36:56.865756080,T,90.8,300,91.03,100,TGT
2025-10-16,9:36:56.865760892,T,90.82,100,91.03,100,TGT
2025-10-16,9:36:56.874516605,T,90.82,100,91.15,300,TGT
2025-10-16,9:36:56.874536622,T,90.99,100,91.15,300,TGT
2025-10-16,9:36:56.874546721,T,90.99,100,91.1,100,TGT
2025-10-16,9:36:56.884585630,T,90.84,100,91.1,100,TGT
2025-10-16,9:36:56.884590585,T,90.8,300,91.1,100,TGT
2025-10-16,9:36:56.884610844,T,90.82,100,91.1,100,TGT
2025-10-16,9:36:56.884685833,T,90.82,100,91.15,300,TGT
2025-10-16,9:36:56.965383109,T,90.82,100,91.1,100,TGT
2025-10-16,9:36:56.966139951,T,90.82,100,91.1,200,TGT
2025-10-16,9:36:56.987395595,T,90.82,100,91.1,300,TGT
2025-10-16,9:36:57.642145535,T,90.82,100,91.09,100,TGT
2025-10-16,9:36:59.850993044,T,90.81,100,91.09,100,TGT
2025-10-16,9:37:00.604137431,T,90.81,100,91.08,100,TGT
2025-10-16,9:37:01.060334303,T,90.8,300,91.08,100,TGT
2025-10-16,9:37:01.558796945,T,90.8,200,91.08,100,TGT
2025-10-16,9:37:08.177049585,T,90.8,300,91.08,100,TGT
2025-10-16,9:37:08.177049585,T,90.86,100,91.08,100,TGT
2025-10-16,9:37:08.177064681,T,90.87,100,91.08,100,TGT
2025-10-16,9:37:08.177064681,T,90.89,100,91.08,100,TGT
2025-10-16,9:37:08.177069571,T,90.93,100,91.08,100,TGT
2025-10-16,9:37:08.177305185,T,90.94,100,91.08,100,TGT
2025-10-16,9:37:08.184081364,T,90.92,100,91.08,100,TGT
2025-10-16,9:37:08.187304043,T,90.87,200,91.08,100,TGT
2025-10-16,9:37:08.187329117,T,90.87,100,91.08,100,TGT
2025-10-16,9:37:08.277067825,T,90.86,100,91.08,100,TGT
2025-10-16,9:37:08.353073923,T,90.86,100,91.06,100,TGT
2025-10-16,9:37:08.377096113,T,90.83,100,91.06,100,TGT
2025-10-16,9:37:08.859385214,T,90.83,100,91.08,100,TGT
2025-10-16,9:37:10.086618961,T,90.82,100,91.08,100,TGT
2025-10-16,9:37:11.953917896,T,90.82,100,91.06,100,TGT
2025-10-16,9:37:12.755211811,T,90.82,100,91.08,100,TGT
2025-10-16,9:37:13.438259163,T,90.92,100,91.08,100,TGT
2025-10-16,9:37:14.355273973,T,90.92,200,91.08,100,TGT
2025-10-16,9:37:15.638927346,T,90.92,200,91.11,200,TGT
2025-10-16,9:37:15.638952363,T,90.92,300,91.11,200,TGT
2025-10-16,9:37:15.638952363,T,90.93,100,91.11,200,TGT
2025-10-16,9:37:15.638957727,T,90.94,100,91.11,200,TGT
2025-10-16,9:37:15.641708925,T,90.94,100,91.15,300,TGT
2025-10-16,9:37:15.645984128,T,90.93,100,91.15,300,TGT
2025-10-16,9:37:15.738950617,T,90.92,100,91.15,300,TGT
2025-10-16,9:37:15.869401409,T,90.92,100,91.08,200,TGT
2025-10-16,9:37:16.706099794,T,90.92,100,91.08,300,TGT
2025-10-16,9:37:20.934037692,T,90.92,100,91.06,100,TGT
2025-10-16,9:37:21.610484296,T,90.92,100,91.06,200,TGT
2025-10-16,9:37:25.287740150,T,90.92,200,91.06,200,TGT
2025-10-16,9:37:25.690745192,T,90.92,100,91.06,200,TGT
2025-10-16,9:37:28.357228038,T,90.92,100,91.06,100,TGT
2025-10-16,9:37:31.850355375,T,90.92,100,91.06,200,TGT
2025-10-16,9:37:33.419338523,T,90.8,300,91.06,200,TGT
2025-10-16,9:37:33.441175576,T,90.93,100,91.06,200,TGT
2025-10-16,9:37:33.875520299,T,90.93,100,91.06,100,TGT
2025-10-16,9:37:36.941961054,T,90.93,100,91.06,200,TGT
2025-10-16,9:37:37.195605307,T,90.93,100,91.06,100,TGT
2025-10-16,9:37:41.667509387,T,90.93,100,91.06,200,TGT
2025-10-16,9:37:52.852226584,T,90.93,100,91.06,100,TGT
2025-10-16,9:37:56.984266328,T,90.93,100,91.15,200,TGT
2025-10-16,9:37:56.984286012,T,91.01,100,91.15,200,TGT
2025-10-16,9:37:57.027584211,T,91.01,100,91.1,100,TGT
2025-10-16,9:37:57.084294278,T,90.93,200,91.1,100,TGT
2025-10-16,9:37:57.084329421,T,90.93,100,91.1,100,TGT
2025-10-16,9:37:59.155543933,T,90.93,100,91.09,100,TGT
2025-10-16,9:37:59.326040177,T,90.93,200,91.09,100,TGT
2025-10-16,9:37:59.326065225,T,90.93,100,91.09,100,TGT
2025-10-16,9:37:59.326100261,T,90.93,100,91.08,100,TGT
2025-10-16,9:37:59.326696676,T,90.94,100,91.08,100,TGT
2025-10-16,9:37:59.674385193,T,90.94,100,91.15,200,TGT
2025-10-16,9:38:01.276883250,T,90.94,100,91.15,300,TGT
2025-10-16,9:38:01.938955460,T,90.94,100,91.07,100,TGT
2025-10-16,9:38:03.443494819,T,90.94,200,91.07,100,TGT
2025-10-16,9:38:04.738460209,T,90.94,200,91.15,300,TGT
2025-10-16,9:38:04.738655899,T,90.94,200,91.1,100,TGT
2025-10-16,9:38:06.169339126,T,90.94,200,91.08,100,TGT
2025-10-16,9:38:06.169379256,T,90.94,200,91.1,100,TGT
2025-10-16,9:38:06.169384242,T,90.94,200,91.08,100,TGT
2025-10-16,9:38:06.169399258,T,90.94,200,91.06,100,TGT
2025-10-16,9:38:06.169920518,T,90.94,200,91.1,100,TGT
2025-10-16,9:38:06.170401686,T,90.94,200,91.08,100,TGT
2025-10-16,9:38:11.015374522,T,90.94,200,91.07,100,TGT
2025-10-16,9:38:13.424343789,T,90.94,100,91.07,100,TGT
2025-10-16,9:38:13.446401399,T,90.95,100,91.07,100,TGT
2025-10-16,9:38:13.446446422,T,90.95,200,91.07,100,TGT
2025-10-16,9:38:18.163960805,T,90.95,200,91.08,100,TGT
2025-10-16,9:38:18.164567189,T,90.95,200,91.05,100,TGT
2025-10-16,9:38:23.322225303,T,90.95,200,91.1,100,TGT
2025-10-16,9:38:23.322245232,T,91.01,100,91.1,100,TGT
2025-10-16,9:38:23.322260302,T,91.01,100,91.15,300,TGT
2025-10-16,9:38:23.322275336,T,91.04,100,91.15,300,TGT
2025-10-16,9:38:23.322285345,T,91.01,100,91.15,300,TGT
2025-10-16,9:38:23.322320461,T,91.04,100,91.15,300,TGT
2025-10-16,9:38:23.322365462,T,91.01,100,91.15,300,TGT
2025-10-16,9:38:23.322390544,T,91.06,100,91.15,300,TGT
2025-10-16,9:38:23.322426059,T,91.01,100,91.15,300,TGT
2025-10-16,9:38:23.322631098,T,91.01,100,91.15,200,TGT
2025-10-16,9:38:23.330138979,T,91.01,100,91.15,300,TGT
2025-10-16,9:38:23.423190691,T,90.95,200,91.15,300,TGT
2025-10-16,9:38:23.427275493,T,90.95,100,91.15,300,TGT
2025-10-16,9:38:23.427300484,T,90.93,200,91.15,300,TGT
2025-10-16,9:38:23.448666458,T,91.01,100,91.15,300,TGT
2025-10-16,9:38:23.545903127,T,91.01,200,91.15,300,TGT
2025-10-16,9:38:23.545908154,T,91.02,100,91.15,300,TGT
2025-10-16,9:38:23.545908154,T,91.03,100,91.15,300,TGT
2025-10-16,9:38:23.545953251,T,91.03,100,91.15,200,TGT
2025-10-16,9:38:23.546043369,T,91.02,200,91.15,200,TGT
2025-10-16,9:38:23.552944824,T,91.02,100,91.15,200,TGT
2025-10-16,9:38:23.646006574,T,91.01,100,91.15,200,TGT
2025-10-16,9:38:24.168120486,T,91.01,100,91.15,100,TGT
2025-10-16,9:38:24.168140557,T,91.01,100,91.18,100,TGT
2025-10-16,9:38:24.168145478,T,91.02,100,91.18,100,TGT
2025-10-16,9:38:24.168170602,T,91.03,100,91.18,100,TGT
2025-10-16,9:38:24.168170602,T,91.09,100,91.18,100,TGT
2025-10-16,9:38:24.168185634,T,91.09,200,91.18,100,TGT
2025-10-16,9:38:24.168601654,T,91.09,100,91.18,100,TGT
2025-10-16,9:38:24.168917309,T,91.09,100,91.23,200,TGT
2025-10-16,9:38:24.168937352,T,91.1,100,91.23,200,TGT
2025-10-16,9:38:24.168952438,T,91.09,200,91.23,200,TGT
2025-10-16,9:38:24.168962520,T,91.1,100,91.23,200,TGT
2025-10-16,9:38:24.168972539,T,91.12,100,91.23,200,TGT
2025-10-16,9:38:24.168997532,T,91.1,100,91.23,200,TGT
2025-10-16,9:38:24.169333322,T,91.1,100,91.25,200,TGT
2025-10-16,9:38:24.169759401,T,91.09,200,91.25,200,TGT
2025-10-16,9:38:24.171408280,T,91.09,200,91.2,100,TGT
2025-10-16,9:38:24.268244016,T,91.09,100,91.2,100,TGT
2025-10-16,9:38:24.268269022,T,91.03,100,91.2,100,TGT
2025-10-16,9:38:24.368898837,T,91.01,200,91.2,100,TGT
2025-10-16,9:38:24.368898837,T,91.01,100,91.2,100,TGT
2025-10-16,9:38:24.962061965,T,91.01,100,91.25,200,TGT
2025-10-16,9:38:24.962082009,T,91.12,100,91.25,200,TGT
2025-10-16,9:38:24.962543200,T,91.12,100,91.25,100,TGT
2025-10-16,9:38:25.062305857,T,91.02,100,91.25,100,TGT
2025-10-16,9:38:25.163346671,T,91.01,200,91.25,100,TGT
2025-10-16,9:38:25.422870096,T,91.01,100,91.25,100,TGT
2025-10-16,9:38:28.854495539,T,91.01,200,91.25,100,TGT
2025-10-16,9:38:28.854705996,T,91.01,300,91.25,100,TGT
2025-10-16,9:38:29.203246317,T,91.01,300,91.29,300,TGT
2025-10-16,9:38:29.203266460,T,91.15,100,91.29,300,TGT
2025-10-16,9:38:29.203557375,T,91.15,100,91.29,200,TGT
2025-10-16,9:38:29.203597205,T,91.2,100,91.29,200,TGT
2025-10-16,9:38:29.204148764,T,91.2,200,91.29,200,TGT
2025-10-16,9:38:29.204163574,T,91.21,100,91.29,200,TGT
2025-10-16,9:38:29.204188726,T,91.21,100,91.35,100,TGT
2025-10-16,9:38:29.204208661,T,91.26,100,91.35,100,TGT
2025-10-16,9:38:29.204208661,T,91.26,200,91.35,100,TGT
2025-10-16,9:38:29.204213670,T,91.26,200,91.28,100,TGT
2025-10-16,9:38:29.204233873,T,91.26,200,91.35,100,TGT
2025-10-16,9:38:29.204354028,T,91.26,200,91.32,100,TGT
2025-10-16,9:38:29.204374106,T,91.26,200,91.29,100,TGT
2025-10-16,9:38:29.204424194,T,91.26,200,91.35,100,TGT
2025-10-16,9:38:29.204744955,T,91.26,200,91.29,100,TGT
2025-10-16,9:38:29.204765024,T,91.26,100,91.29,100,TGT
2025-10-16,9:38:29.212633727,T,91.23,200,91.29,100,TGT
2025-10-16,9:38:29.212679568,T,91.23,200,91.29,200,TGT
2025-10-16,9:38:29.212679568,T,91.23,100,91.29,200,TGT
2025-10-16,9:38:29.212694266,T,91.23,100,91.29,100,TGT
2025-10-16,9:38:29.212694266,T,91.23,100,91.29,200,TGT
2025-10-16,9:38:29.212703874,T,91.23,100,91.29,100,TGT
2025-10-16,9:38:29.212703874,T,91.23,100,91.26,100,TGT
2025-10-16,9:38:29.213139960,T,91.21,100,91.26,100,TGT
2025-10-16,9:38:29.213761399,T,91.21,100,91.29,100,TGT
2025-10-16,9:38:29.214242544,T,91.21,100,91.27,100,TGT
2025-10-16,9:38:29.224226384,T,91.15,200,91.27,100,TGT
2025-10-16,9:38:29.224246445,T,91.15,100,91.27,100,TGT
2025-10-16,9:38:29.287376923,T,91.15,100,91.3,100,TGT
2025-10-16,9:38:29.303269695,T,91.05,100,91.3,100,TGT
2025-10-16,9:38:29.305981088,T,91.04,100,91.3,100,TGT
2025-10-16,9:38:29.306001180,T,91.03,100,91.3,100,TGT
2025-10-16,9:38:29.306051291,T,91.02,100,91.3,100,TGT
2025-10-16,9:38:29.306061287,T,91.01,400,91.3,100,TGT
2025-10-16,9:38:29.306066294,T,91.02,100,91.3,100,TGT
2025-10-16,9:38:29.306136473,T,91.01,400,91.3,100,TGT
2025-10-16,9:38:29.403393195,T,91.01,300,91.3,100,TGT
2025-10-16,9:38:31.612181208,T,91.01,400,91.3,100,TGT
2025-10-16,9:38:31.612181208,T,91.01,300,91.3,100,TGT
2025-10-16,9:38:31.734416944,T,91.01,400,91.3,100,TGT
2025-10-16,9:38:31.734477017,T,91.02,100,91.3,100,TGT
2025-10-16,9:38:31.763706630,T,91.03,100,91.3,100,TGT
2025-10-16,9:38:33.452259511,T,91.11,100,91.3,100,TGT
2025-10-16,9:38:33.452470076,T,91.11,200,91.3,100,TGT
2025-10-16,9:38:33.868290598,T,91.11,300,91.3,100,TGT
2025-10-16,9:38:33.868305716,T,91.12,100,91.3,100,TGT
2025-10-16,9:38:33.868310671,T,91.14,100,91.3,100,TGT
2025-10-16,9:38:33.868315764,T,91.18,100,91.3,100,TGT
2025-10-16,9:38:33.868335782,T,91.14,100,91.3,100,TGT
2025-10-16,9:38:33.868375853,T,91.18,100,91.3,100,TGT
2025-10-16,9:38:33.869082523,T,91.18,200,91.3,100,TGT
2025-10-16,9:38:33.874730958,T,91.18,200,91.34,100,TGT
2025-10-16,9:38:33.874736132,T,91.18,200,91.35,100,TGT
2025-10-16,9:38:33.874756423,T,91.19,100,91.35,100,TGT
2025-10-16,9:38:33.874756423,T,91.25,100,91.35,100,TGT
2025-10-16,9:38:33.874766023,T,91.25,100,91.34,100,TGT
2025-10-16,9:38:33.874771065,T,91.25,100,91.35,100,TGT
2025-10-16,9:38:33.874791108,T,91.25,100,91.38,100,TGT
2025-10-16,9:38:33.874811160,T,91.25,100,91.35,100,TGT
2025-10-16,9:38:33.875467761,T,91.25,100,91.38,100,TGT
2025-10-16,9:38:33.875562923,T,91.25,100,91.36,100,TGT
2025-10-16,9:38:33.875562923,T,91.25,100,91.38,100,TGT
2025-10-16,9:38:33.875578008,T,91.25,100,91.36,100,TGT
2025-10-16,9:38:33.875653214,T,91.25,100,91.38,100,TGT
2025-10-16,9:38:33.875808499,T,91.29,100,91.38,100,TGT
2025-10-16,9:38:33.876369911,T,91.25,100,91.38,100,TGT
2025-10-16,9:38:33.974784328,T,91.14,100,91.38,100,TGT
2025-10-16,9:38:34.074932965,T,91.13,100,91.38,100,TGT
2025-10-16,9:38:34.280823497,T,91.14,100,91.38,100,TGT
2025-10-16,9:38:34.377689244,T,91.14,100,91.35,100,TGT
2025-10-16,9:38:35.759681751,T,91.19,100,91.35,100,TGT
2025-10-16,9:38:37.348747712,T,91.19,100,91.38,100,TGT
2025-10-16,9:38:37.348958216,T,91.19,200,91.38,100,TGT
2025-10-16,9:38:37.940928580,T,91.19,200,91.4,300,TGT
2025-10-16,9:38:38.986279077,T,91.19,300,91.4,300,TGT
2025-10-16,9:38:39.441283073,T,91.21,100,91.4,300,TGT
2025-10-16,9:38:39.457902746,T,91.19,200,91.4,300,TGT
2025-10-16,9:38:42.045778197,T,91.26,100,91.4,300,TGT
2025-10-16,9:38:42.045823259,T,91.26,100,91.4,200,TGT
2025-10-16,9:38:42.045848411,T,91.3,100,91.4,200,TGT
2025-10-16,9:38:42.045873613,T,91.27,100,91.4,200,TGT
2025-10-16,9:38:42.045978715,T,91.27,200,91.4,200,TGT
2025-10-16,9:38:42.046003768,T,91.28,100,91.4,200,TGT
2025-10-16,9:38:42.046048846,T,91.31,100,91.4,200,TGT
2025-10-16,9:38:42.046129023,T,91.31,100,91.48,100,TGT
2025-10-16,9:38:42.046139016,T,91.31,100,91.48,300,TGT
2025-10-16,9:38:42.046174090,T,91.28,100,91.48,300,TGT
2025-10-16,9:38:42.046344571,T,91.27,200,91.48,300,TGT
2025-10-16,9:38:42.047281783,T,91.31,100,91.48,300,TGT
2025-10-16,9:38:42.047321888,T,91.3,100,91.48,300,TGT
2025-10-16,9:38:42.053361284,T,91.27,100,91.48,300,TGT
2025-10-16,9:38:42.069444697,T,91.31,100,91.48,300,TGT
2025-10-16,9:38:42.079513595,T,91.27,100,91.48,300,TGT
2025-10-16,9:38:42.163102682,T,91.32,100,91.48,300,TGT
2025-10-16,9:38:42.163102682,T,91.33,100,91.48,300,TGT
2025-10-16,9:38:42.163107735,T,91.36,100,91.48,300,TGT
2025-10-16,9:38:42.163142855,T,91.33,100,91.48,300,TGT
2025-10-16,9:38:42.163177876,T,91.38,100,91.48,300,TGT
2025-10-16,9:38:42.163503699,T,91.38,100,91.48,100,TGT
2025-10-16,9:38:42.163724242,T,91.33,200,91.48,100,TGT
2025-10-16,9:38:42.173372188,T,91.33,100,91.48,100,TGT
2025-10-16,9:38:42.201253607,T,91.33,100,91.49,1700,TGT
2025-10-16,9:38:42.263296429,T,91.28,200,91.49,1700,TGT
2025-10-16,9:38:42.363264584,T,91.28,100,91.49,1700,TGT
2025-10-16,9:38:43.456073228,T,91.33,100,91.49,1700,TGT
2025-10-16,9:38:45.352181137,T,91.33,100,91.49,1600,TGT
2025-10-16,9:38:45.352186381,T,91.33,100,91.49,1000,TGT
2025-10-16,9:38:45.352210784,T,91.39,100,91.49,1000,TGT
2025-10-16,9:38:45.352250939,T,91.36,100,91.49,1000,TGT
2025-10-16,9:38:45.352265936,T,91.39,100,91.49,1000,TGT
2025-10-16,9:38:45.352326712,T,91.36,100,91.49,1000,TGT
2025-10-16,9:38:45.352351119,T,91.42,100,91.49,1000,TGT
2025-10-16,9:38:45.352421283,T,91.36,100,91.49,1000,TGT
2025-10-16,9:38:45.352441335,T,91.36,100,91.49,1100,TGT
2025-10-16,9:38:45.352446329,T,91.36,100,91.47,100,TGT
2025-10-16,9:38:45.352456445,T,91.36,100,91.45,100,TGT
2025-10-16,9:38:45.352476480,T,91.36,100,91.45,200,TGT
2025-10-16,9:38:45.352481442,T,91.36,100,91.45,300,TGT
2025-10-16,9:38:45.352506505,T,91.39,100,91.45,300,TGT
2025-10-16,9:38:45.352556740,T,91.39,100,91.44,100,TGT
2025-10-16,9:38:45.352556740,T,91.39,100,91.4,100,TGT
2025-10-16,9:38:45.352561641,T,91.39,100,91.4,200,TGT
2025-10-16,9:38:45.352582198,T,91.39,100,91.4,100,TGT
2025-10-16,9:38:45.352582198,T,91.39,100,91.44,200,TGT
2025-10-16,9:38:45.352616731,T,91.35,100,91.44,200,TGT
2025-10-16,9:38:45.352616731,T,91.35,100,91.44,300,TGT
2025-10-16,9:38:45.352631975,T,91.35,100,91.42,100,TGT
2025-10-16,9:38:45.352686891,T,91.35,100,91.42,200,TGT
2025-10-16,9:38:45.353193148,T,91.35,100,91.42,100,TGT
2025-10-16,9:38:45.353203139,T,91.34,200,91.42,100,TGT
2025-10-16,9:38:45.353223332,T,91.34,200,91.44,200,TGT
2025-10-16,9:38:45.353223332,T,91.34,100,91.44,200,TGT
2025-10-16,9:38:45.353248258,T,91.39,100,91.44,200,TGT
2025-10-16,9:38:45.353258556,T,91.39,100,91.44,300,TGT
2025-10-16,9:38:45.353418814,T,91.37,100,91.44,300,TGT
2025-10-16,9:38:45.353418814,T,91.36,100,91.44,300,TGT
2025-10-16,9:38:45.353423660,T,91.34,100,91.44,300,TGT
2025-10-16,9:38:45.353438698,T,91.34,100,91.41,100,TGT
2025-10-16,9:38:45.353458728,T,91.34,100,91.41,200,TGT
2025-10-16,9:38:45.353754468,T,91.34,100,91.41,300,TGT
2025-10-16,9:38:45.353995043,T,91.34,100,91.41,200,TGT
2025-10-16,9:38:45.452229112,T,91.33,100,91.41,200,TGT
2025-10-16,9:38:53.305118181,T,91.31,100,91.41,200,TGT
2025-10-16,9:38:53.305143183,T,91.31,100,91.41,300,TGT
2025-10-16,9:38:53.305163219,T,91.31,100,91.41,200,TGT
2025-10-16,9:38:53.305168231,T,91.31,100,91.37,100,TGT
2025-10-16,9:38:53.305168231,T,91.31,100,91.37,200,TGT
2025-10-16,9:38:53.305488979,T,91.31,100,91.36,100,TGT
2025-10-16,9:38:53.305514174,T,91.31,100,91.36,200,TGT
2025-10-16,9:38:53.305514174,T,91.31,100,91.36,300,TGT
2025-10-16,9:38:53.305519123,T,91.31,100,91.36,200,TGT
2025-10-16,9:38:53.305534160,T,91.31,100,91.36,100,TGT
2025-10-16,9:38:53.305564159,T,91.31,100,91.36,200,TGT
2025-10-16,9:38:53.305564159,T,91.31,100,91.36,300,TGT
2025-10-16,9:38:53.865122433,T,91.32,100,91.36,300,TGT
2025-10-16,9:38:53.865152420,T,91.32,100,91.36,200,TGT
2025-10-16,9:38:54.532477455,T,91.32,100,91.36,300,TGT
2025-10-16,9:38:54.607997327,T,91.32,100,91.36,200,TGT
2025-10-16,9:38:56.008488803,T,91.32,100,91.36,100,TGT
2025-10-16,9:38:56.008699382,T,91.32,100,91.37,100,TGT
2025-10-16,9:38:56.008719806,T,91.32,100,91.41,100,TGT
2025-10-16,9:38:56.008739702,T,91.33,100,91.41,100,TGT
2025-10-16,9:38:56.008764589,T,91.33,100,91.49,1100,TGT
2025-10-16,9:38:56.008784722,T,91.33,100,91.49,1000,TGT
2025-10-16,9:38:56.008789537,T,91.33,100,91.49,1100,TGT
2025-10-16,9:38:56.009065194,T,91.35,100,91.49,1100,TGT
2025-10-16,9:38:56.009496286,T,91.35,100,91.4,100,TGT
2025-10-16,9:38:56.009531292,T,91.35,100,91.49,1100,TGT
2025-10-16,9:38:56.009551344,T,91.36,100,91.49,1100,TGT
2025-10-16,9:38:56.009571383,T,91.36,100,91.49,1000,TGT
2025-10-16,9:38:56.009596495,T,91.36,100,91.49,1100,TGT
2025-10-16,9:38:56.009601493,T,91.35,100,91.49,1100,TGT
2025-10-16,9:38:56.009621522,T,91.33,100,91.49,1100,TGT
2025-10-16,9:38:56.009641546,T,91.33,100,91.42,100,TGT
2025-10-16,9:38:56.009726828,T,91.33,100,91.49,1100,TGT
2025-10-16,9:38:56.009726828,T,91.33,100,91.42,100,TGT
2025-10-16,9:38:56.009781877,T,91.32,100,91.42,100,TGT
2025-10-16,9:38:56.009786897,T,91.32,100,91.49,1100,TGT
2025-10-16,9:39:00.359810682,T,91.32,100,91.49,1000,TGT
2025-10-16,9:39:00.359835788,T,91.33,100,91.49,1000,TGT
2025-10-16,9:39:00.359845788,T,91.33,100,91.49,1100,TGT
2025-10-16,9:39:00.359865863,T,91.32,100,91.49,1100,TGT
2025-10-16,9:39:00.359885850,T,91.33,100,91.49,1100,TGT
2025-10-16,9:39:00.360321884,T,91.33,100,91.49,1000,TGT
2025-10-16,9:39:00.360341973,T,91.37,100,91.49,1000,TGT
2025-10-16,9:39:00.361725214,T,91.32,200,91.49,1000,TGT
2025-10-16,9:39:00.361980865,T,91.33,100,91.49,1000,TGT
2025-10-16,9:39:00.369914814,T,91.32,200,91.49,1000,TGT
2025-10-16,9:39:00.370631422,T,91.32,100,91.49,1000,TGT
2025-10-16,9:39:01.705982910,T,91.39,100,91.49,1000,TGT
2025-10-16,9:39:02.478257807,T,91.4,100,91.49,1000,TGT
2025-10-16,9:39:05.889665448,T,91.4,100,91.49,1100,TGT
2025-10-16,9:39:05.889695525,T,91.4,100,91.49,1000,TGT
2025-10-16,9:39:05.889725568,T,91.4,100,91.49,1100,TGT
2025-10-16,9:39:05.889790746,T,91.4,100,91.48,100,TGT
2025-10-16,9:39:05.889795837,T,91.4,100,91.48,200,TGT
2025-10-16,9:39:05.889820908,T,91.4,100,91.46,100,TGT
2025-10-16,9:39:05.889921072,T,91.4,100,91.44,100,TGT
2025-10-16,9:39:05.889931114,T,91.4,100,91.44,200,TGT
2025-10-16,9:39:05.890212018,T,91.4,100,91.44,100,TGT
2025-10-16,9:39:05.890212018,T,91.4,100,91.46,100,TGT
2025-10-16,9:39:05.890212018,T,91.4,100,91.48,100,TGT
2025-10-16,9:39:05.890231866,T,91.42,100,91.48,100,TGT
2025-10-16,9:39:05.890487457,T,91.42,100,91.48,200,TGT
2025-10-16,9:39:05.890788170,T,91.41,100,91.48,200,TGT
2025-10-16,9:39:05.890813233,T,91.41,100,91.47,100,TGT
2025-10-16,9:39:05.891289337,T,91.4,100,91.47,100,TGT
2025-10-16,9:39:05.891314409,T,91.4,100,91.48,100,TGT
2025-10-16,9:39:05.891314409,T,91.4,100,91.46,100,TGT
2025-10-16,9:39:06.236937913,T,91.4,100,91.49,1100,TGT
2025-10-16,9:39:06.236987949,T,91.4,100,91.49,1000,TGT
2025-10-16,9:39:06.237012979,T,91.4,100,91.49,1100,TGT
2025-10-16,9:39:12.889211770,T,91.37,100,91.49,1100,TGT
2025-10-16,9:39:14.944643550,T,91.37,100,91.49,1200,TGT
2025-10-16,9:39:14.944648654,T,91.37,100,91.49,1100,TGT
2025-10-16,9:39:14.944693698,T,91.37,100,91.46,100,TGT
2025-10-16,9:39:14.944708742,T,91.37,100,91.49,1100,TGT
2025-10-16,9:39:14.944723801,T,91.37,100,91.46,100,TGT
2025-10-16,9:39:14.945084612,T,91.37,100,91.45,100,TGT
2025-10-16,9:39:14.945084612,T,91.37,100,91.44,100,TGT
2025-10-16,9:39:14.945089646,T,91.37,100,91.44,200,TGT
2025-10-16,9:39:14.945124685,T,91.37,100,91.44,100,TGT
2025-10-16,9:39:14.945124685,T,91.37,100,91.44,200,TGT
2025-10-16,9:39:14.945305177,T,91.37,100,91.43,100,TGT
2025-10-16,9:39:14.945500608,T,91.37,100,91.44,200,TGT
2025-10-16,9:39:14.945555768,T,91.37,100,91.42,100,TGT
2025-10-16,9:39:14.945620935,T,91.37,200,91.42,100,TGT
2025-10-16,9:39:14.945721168,T,91.37,300,91.42,100,TGT
2025-10-16,9:39:14.969983995,T,91.37,300,91.44,100,TGT
2025-10-16,9:39:15.145086160,T,91.37,300,91.49,1100,TGT
2025-10-16,9:39:16.251321922,T,91.37,200,91.49,1100,TGT
2025-10-16,9:39:16.251321922,T,91.37,100,91.49,1100,TGT
2025-10-16,9:39:16.251326649,T,91.33,100,91.49,1100,TGT
2025-10-16,9:39:16.251396867,T,91.31,100,91.49,1100,TGT
2025-10-16,9:39:16.251396867,T,91.38,100,91.49,1100,TGT
2025-10-16,9:39:16.251401844,T,91.37,100,91.49,1100,TGT
2025-10-16,9:39:16.251401844,T,91.38,100,91.49,1100,TGT
2025-10-16,9:39:16.251431904,T,91.37,100,91.49,1100,TGT
2025-10-16,9:39:16.251451981,T,91.33,100,91.49,1100,TGT
2025-10-16,9:39:16.251451981,T,91.31,200,91.49,1100,TGT
2025-10-16,9:39:16.251451981,T,91.31,100,91.49,1100,TGT
2025-10-16,9:39:16.251456971,T,91.33,100,91.49,1100,TGT
2025-10-16,9:39:16.251467044,T,91.33,100,91.41,100,TGT
2025-10-16,9:39:16.251487049,T,91.31,100,91.41,100,TGT
2025-10-16,9:39:16.251507074,T,91.31,100,91.39,100,TGT
2025-10-16,9:39:16.251963202,T,91.31,100,91.41,100,TGT
2025-10-16,9:39:16.251983200,T,91.38,100,91.41,100,TGT
2025-10-16,9:39:16.252384224,T,91.38,200,91.41,100,TGT
2025-10-16,9:39:16.252419347,T,91.38,100,91.41,100,TGT
2025-10-16,9:39:16.252534633,T,91.38,100,91.43,100,TGT
2025-10-16,9:39:16.252539605,T,91.33,100,91.43,100,TGT
2025-10-16,9:39:16.252689951,T,91.33,100,91.42,100,TGT
2025-10-16,9:39:16.252725075,T,91.33,100,91.43,100,TGT
2025-10-16,9:39:16.252755058,T,91.33,100,91.42,100,TGT
2025-10-16,9:39:16.252790243,T,91.31,200,91.42,100,TGT
2025-10-16,9:39:16.256995162,T,91.31,100,91.42,100,TGT
2025-10-16,9:39:16.907008877,T,91.38,100,91.42,100,TGT
2025-10-16,9:39:16.919914660,T,91.31,100,91.42,100,TGT
2025-10-16,9:39:19.153395822,T,91.31,100,91.49,1100,TGT
2025-10-16,9:39:19.835531205,T,91.31,100,91.49,1000,TGT
2025-10-16,9:39:19.835531205,T,91.31,100,91.49,1100,TGT
2025-10-16,9:39:21.010359939,T,91.35,100,91.49,1100,TGT
2025-10-16,9:39:21.520911475,T,91.35,100,91.49,1000,TGT
2025-10-16,9:39:21.520931580,T,91.36,100,91.49,1000,TGT
2025-10-16,9:39:21.520941512,T,91.36,100,91.49,1100,TGT
2025-10-16,9:39:21.520961666,T,91.36,100,91.49,1000,TGT
2025-10-16,9:39:21.521006732,T,91.38,100,91.49,1000,TGT
2025-10-16,9:39:21.522049169,T,91.35,100,91.49,1000,TGT
2025-10-16,9:39:25.824920432,T,91.35,100,91.49,1100,TGT
2025-10-16,9:39:25.824920432,T,91.35,100,91.49,1000,TGT
2025-10-16,9:39:25.825085876,T,91.35,100,91.49,1100,TGT
2025-10-16,9:39:25.825140950,T,91.35,100,91.42,100,TGT
2025-10-16,9:39:26.444546659,T,91.35,100,91.42,200,TGT
2025-10-16,9:39:26.444556656,T,91.35,100,91.42,100,TGT
2025-10-16,9:39:26.444566786,T,91.35,100,91.41,100,TGT
2025-10-16,9:39:30.552568810,T,91.35,100,91.4,100,TGT
2025-10-16,9:39:30.552623937,T,91.35,100,91.4,200,TGT
2025-10-16,9:39:31.743576386,T,91.35,100,91.4,100,TGT
2025-10-16,9:39:33.530303180,T,91.31,100,91.4,100,TGT
2025-10-16,9:39:33.530323173,T,91.31,100,91.4,200,TGT
2025-10-16,9:39:33.530328205,T,91.31,100,91.39,100,TGT
2025-10-16,9:39:33.530368390,T,91.31,100,91.39,200,TGT
2025-10-16,9:39:33.530388444,T,91.31,100,91.38,100,TGT
2025-10-16,9:39:33.530393577,T,91.31,100,91.37,100,TGT
2025-10-16,9:39:33.530493589,T,91.31,100,91.37,200,TGT
2025-10-16,9:39:33.531080037,T,91.31,100,91.37,100,TGT
2025-10-16,9:39:33.531110064,T,91.32,100,91.37,100,TGT
2025-10-16,9:39:33.531125148,T,91.32,200,91.37,100,TGT
2025-10-16,9:39:33.531140231,T,91.32,200,91.39,100,TGT
2025-10-16,9:39:33.531145246,T,91.32,100,91.39,100,TGT
2025-10-16,9:39:33.531165238,T,91.32,200,91.39,100,TGT
2025-10-16,9:39:33.531245717,T,91.34,100,91.39,100,TGT
2025-10-16,9:39:33.531305581,T,91.35,100,91.39,100,TGT
2025-10-16,9:39:33.531385783,T,91.32,200,91.39,100,TGT
2025-10-16,9:39:33.531385783,T,91.35,100,91.39,100,TGT
2025-10-16,9:39:33.531415853,T,91.32,200,91.39,100,TGT
2025-10-16,9:39:33.531435835,T,91.32,100,91.39,100,TGT
2025-10-16,9:39:33.531455903,T,91.32,100,91.36,100,TGT
2025-10-16,9:39:33.531460960,T,91.32,100,91.39,200,TGT
2025-10-16,9:39:33.531460960,T,91.32,200,91.39,200,TGT
2025-10-16,9:39:33.531480981,T,91.32,200,91.39,100,TGT
2025-10-16,9:39:33.531526198,T,91.33,100,91.39,100,TGT
2025-10-16,9:39:33.531566251,T,91.33,100,91.38,100,TGT
2025-10-16,9:39:33.531576316,T,91.32,200,91.38,100,TGT
2025-10-16,9:39:33.531581190,T,91.33,100,91.38,100,TGT
2025-10-16,9:39:33.531621522,T,91.32,200,91.38,100,TGT
2025-10-16,9:39:33.531817086,T,91.33,100,91.38,100,TGT
2025-10-16,9:39:33.531846917,T,91.32,200,91.38,100,TGT
2025-10-16,9:39:33.531871889,T,91.32,200,91.37,100,TGT
2025-10-16,9:39:33.531907175,T,91.32,200,91.38,100,TGT
2025-10-16,9:39:33.531967093,T,91.33,100,91.38,100,TGT
2025-10-16,9:39:33.531992284,T,91.32,200,91.38,100,TGT
2025-10-16,9:39:33.532187688,T,91.32,100,91.38,100,TGT
2025-10-16,9:39:33.532277890,T,91.33,100,91.38,100,TGT
2025-10-16,9:39:33.532282868,T,91.36,100,91.38,100,TGT
2025-10-16,9:39:33.532433249,T,91.36,100,91.39,100,TGT
2025-10-16,9:39:33.532468325,T,91.36,100,91.49,1100,TGT
2025-10-16,9:39:33.532573600,T,91.36,100,91.38,100,TGT
2025-10-16,9:39:33.533129949,T,91.36,100,91.49,1100,TGT
2025-10-16,9:39:33.533455647,T,91.36,100,91.49,1000,TGT
2025-10-16,9:39:33.533806552,T,91.36,100,91.49,1100,TGT
2025-10-16,9:39:33.535254997,T,91.36,100,91.49,1000,TGT
2025-10-16,9:39:33.535280042,T,91.37,100,91.49,1000,TGT
2025-10-16,9:39:33.535295112,T,91.37,200,91.49,1000,TGT
2025-10-16,9:39:33.535300140,T,91.37,300,91.49,1000,TGT
2025-10-16,9:39:33.535310075,T,91.37,200,91.49,1000,TGT
2025-10-16,9:39:33.535325156,T,91.37,300,91.49,1000,TGT
2025-10-16,9:39:33.535345205,T,91.37,200,91.49,1000,TGT
2025-10-16,9:39:33.535380236,T,91.38,100,91.49,1000,TGT
2025-10-16,9:39:33.535380236,T,91.38,200,91.49,1000,TGT
2025-10-16,9:39:33.541013678,T,91.38,100,91.49,1000,TGT
2025-10-16,9:39:33.720070292,T,91.39,100,91.49,1000,TGT
2025-10-16,9:39:33.720090337,T,91.39,200,91.49,1000,TGT
2025-10-16,9:39:35.909546712,T,91.41,100,91.49,1000,TGT
2025-10-16,9:39:35.909571772,T,91.41,200,91.49,1000,TGT
2025-10-16,9:39:35.910103071,T,91.41,100,91.49,1000,TGT
2025-10-16,9:39:35.929800118,T,91.39,200,91.49,1000,TGT
2025-10-16,9:39:35.929805041,T,91.39,100,91.49,1000,TGT
2025-10-16,9:39:35.929805041,T,91.44,100,91.49,1000,TGT
2025-10-16,9:39:35.929805041,T,91.45,100,91.49,1000,TGT
2025-10-16,9:39:35.934696697,T,91.45,100,91.49,900,TGT
2025-10-16,9:39:35.934716694,T,91.45,100,91.5,500,TGT
2025-10-16,9:39:35.934737541,T,91.46,100,91.5,500,TGT
2025-10-16,9:39:35.934741829,T,91.47,100,91.5,500,TGT
2025-10-16,9:39:35.934741829,T,91.47,200,91.5,500,TGT
2025-10-16,9:39:35.934746865,T,91.47,300,91.5,500,TGT
2025-10-16,9:39:35.934746865,T,91.47,400,91.5,500,TGT
2025-10-16,9:39:35.934837027,T,91.47,300,91.5,500,TGT
2025-10-16,9:39:35.934847063,T,91.47,200,91.5,500,TGT
2025-10-16,9:39:35.934847063,T,91.47,100,91.5,500,TGT
2025-10-16,9:39:35.934847063,T,91.48,100,91.5,500,TGT
2025-10-16,9:39:35.934887157,T,91.47,100,91.5,500,TGT
2025-10-16,9:39:35.934892334,T,91.46,100,91.5,500,TGT
2025-10-16,9:39:35.934927255,T,91.46,100,91.5,600,TGT
2025-10-16,9:39:35.953461393,T,91.39,100,91.5,600,TGT
2025-10-16,9:39:36.119742535,T,91.39,200,91.5,600,TGT
2025-10-16,9:39:36.119772556,T,91.4,100,91.5,600,TGT
2025-10-16,9:39:36.119797673,T,91.39,200,91.5,600,TGT
2025-10-16,9:39:36.119807656,T,91.4,100,91.5,600,TGT
2025-10-16,9:39:36.129751381,T,91.39,100,91.5,600,TGT
2025-10-16,9:39:36.715897869,T,91.39,200,91.5,600,TGT
2025-10-16,9:39:37.051908329,T,91.39,100,91.5,600,TGT
2025-10-16,9:39:37.099105815,T,91.31,100,91.5,600,TGT
2025-10-16,9:39:37.100850022,T,91.31,100,91.5,700,TGT
2025-10-16,9:39:37.100885026,T,91.31,100,91.5,600,TGT
2025-10-16,9:39:37.100905143,T,91.41,100,91.5,600,TGT
2025-10-16,9:39:37.101135659,T,91.41,200,91.5,600,TGT
2025-10-16,9:39:37.187927391,T,91.41,300,91.5,600,TGT
2025-10-16,9:39:37.201103793,T,91.41,200,91.5,600,TGT
2025-10-16,9:39:37.201339402,T,91.41,100,91.5,600,TGT
2025-10-16,9:39:38.015158259,T,91.42,100,91.5,600,TGT
2025-10-16,9:39:38.015579157,T,91.42,200,91.5,600,TGT
2025-10-16,9:39:38.138707534,T,91.42,300,91.5,600,TGT
2025-10-16,9:39:38.387455187,T,91.42,200,91.5,600,TGT
2025-10-16,9:39:39.261272402,T,91.42,100,91.5,600,TGT
2025-10-16,9:39:40.083220479,T,91.42,100,91.5,400,TGT
2025-10-16,9:39:40.083220479,T,91.42,100,91.5,300,TGT
2025-10-16,9:39:40.083225500,T,91.42,100,91.54,100,TGT
2025-10-16,9:39:40.083235642,T,91.42,100,91.57,400,TGT
2025-10-16,9:39:40.083255606,T,91.42,200,91.57,400,TGT
2025-10-16,9:39:40.083260621,T,91.43,100,91.57,400,TGT
2025-10-16,9:39:40.083260621,T,91.46,100,91.57,400,TGT
2025-10-16,9:39:40.083350806,T,91.46,100,91.57,300,TGT
2025-10-16,9:39:40.083471044,T,91.48,100,91.57,300,TGT
2025-10-16,9:39:40.083651493,T,91.46,100,91.57,300,TGT
2025-10-16,9:39:40.083676592,T,91.43,300,91.57,300,TGT
2025-10-16,9:39:40.083676592,T,91.43,300,91.57,400,TGT
2025-10-16,9:39:40.083681514,T,91.43,400,91.57,400,TGT
2025-10-16,9:39:40.083686556,T,91.43,400,91.51,100,TGT
2025-10-16,9:39:40.083706640,T,91.47,100,91.51,100,TGT
2025-10-16,9:39:40.083731630,T,91.47,200,91.51,100,TGT
2025-10-16,9:39:40.083741781,T,91.48,100,91.51,100,TGT
2025-10-16,9:39:40.083756799,T,91.48,200,91.51,100,TGT
2025-10-16,9:39:40.083761788,T,91.48,100,91.51,100,TGT
2025-10-16,9:39:40.083802226,T,91.48,100,91.57,100,TGT
2025-10-16,9:39:40.083817174,T,91.48,100,91.57,200,TGT
2025-10-16,9:39:40.083827265,T,91.48,100,91.57,100,TGT
2025-10-16,9:39:40.083836888,T,91.49,100,91.57,100,TGT
2025-10-16,9:39:40.083842003,T,91.49,200,91.57,100,TGT
2025-10-16,9:39:40.083847066,T,91.49,200,91.57,200,TGT
2025-10-16,9:39:40.083852091,T,91.49,300,91.57,200,TGT
2025-10-16,9:39:40.083887258,T,91.49,200,91.57,200,TGT
2025-10-16,9:39:40.083887258,T,91.49,100,91.57,200,TGT
2025-10-16,9:39:40.083887258,T,91.48,100,91.57,200,TGT
2025-10-16,9:39:40.083892034,T,91.48,100,91.57,100,TGT
2025-10-16,9:39:40.083962208,T,91.48,100,91.57,200,TGT
2025-10-16,9:39:40.083982231,T,91.48,100,91.57,100,TGT
2025-10-16,9:39:40.083982231,T,91.48,100,91.57,200,TGT
2025-10-16,9:39:40.083992579,T,91.48,100,91.57,100,TGT
2025-10-16,9:39:40.084012459,T,91.5,100,91.57,100,TGT
2025-10-16,9:39:40.084027393,T,91.5,200,91.57,100,TGT
2025-10-16,9:39:40.084037469,T,91.5,600,91.57,100,TGT
2025-10-16,9:39:40.084092874,T,91.5,200,91.57,100,TGT
2025-10-16,9:39:40.084137693,T,91.5,100,91.57,100,TGT
2025-10-16,9:39:40.084142797,T,91.49,100,91.57,100,TGT
2025-10-16,9:39:40.084142797,T,91.48,200,91.57,100,TGT
2025-10-16,9:39:40.084142797,T,91.48,100,91.57,100,TGT
2025-10-16,9:39:40.084162894,T,91.48,200,91.57,100,TGT
2025-10-16,9:39:40.084167673,T,91.49,500,91.57,100,TGT
2025-10-16,9:39:40.084212890,T,91.48,100,91.57,100,TGT
2025-10-16,9:39:40.084237916,T,91.49,500,91.57,100,TGT
2025-10-16,9:39:40.084237916,T,91.5,100,91.57,100,TGT
2025-10-16,9:39:40.084262943,T,91.5,600,91.57,100,TGT
2025-10-16,9:39:40.084478415,T,91.5,700,91.57,100,TGT
2025-10-16,9:39:40.084483602,T,91.5,800,91.57,100,TGT
2025-10-16,9:39:40.097123550,T,91.5,700,91.57,100,TGT
2025-10-16,9:39:40.103488734,T,91.51,100,91.57,100,TGT
2025-10-16,9:39:40.103513864,T,91.51,800,91.57,100,TGT
2025-10-16,9:39:40.103513864,T,91.51,700,91.57,100,TGT
2025-10-16,9:39:40.103528819,T,91.51,100,91.57,100,TGT
2025-10-16,9:39:40.103553903,T,91.52,600,91.57,100,TGT
2025-10-16,9:39:40.157707902,T,91.52,600,91.63,300,TGT
2025-10-16,9:39:40.157732997,T,91.52,700,91.63,300,TGT
2025-10-16,9:39:40.157732997,T,91.55,100,91.63,300,TGT
2025-10-16,9:39:40.157773291,T,91.55,700,91.63,300,TGT
2025-10-16,9:39:40.157773291,T,91.55,700,91.63,200,TGT
2025-10-16,9:39:40.157868277,T,91.55,700,91.63,300,TGT
2025-10-16,9:39:40.157988909,T,91.55,600,91.63,300,TGT
2025-10-16,9:39:40.157988909,T,91.54,100,91.63,300,TGT
2025-10-16,9:39:40.157988909,T,91.55,600,91.63,300,TGT
2025-10-16,9:39:40.158008596,T,91.55,600,91.58,100,TGT
2025-10-16,9:39:40.158008596,T,91.54,100,91.58,100,TGT
2025-10-16,9:39:40.158028717,T,91.54,100,91.58,200,TGT
2025-10-16,9:39:40.158028717,T,91.54,100,91.58,100,TGT
2025-10-16,9:39:40.158289267,T,91.43,200,91.58,100,TGT
2025-10-16,9:39:40.158314332,T,91.43,200,91.58,200,TGT
2025-10-16,9:39:40.158349493,T,91.43,200,91.58,100,TGT
2025-10-16,9:39:40.159547330,T,91.43,200,91.59,100,TGT
2025-10-16,9:39:40.168253009,T,91.43,100,91.59,100,TGT
2025-10-16,9:39:40.183554529,T,91.37,100,91.59,100,TGT
2025-10-16,9:39:40.284184310,T,91.36,100,91.59,100,TGT
2025-10-16,9:39:40.873408399,T,91.36,100,91.58,100,TGT
2025-10-16,9:39:40.873408399,T,91.35,100,91.58,100,TGT
2025-10-16,9:39:40.873412833,T,91.35,100,91.57,100,TGT
2025-10-16,9:39:40.873417888,T,91.34,100,91.57,100,TGT
2025-10-16,9:39:40.873432941,T,91.34,100,91.58,100,TGT
2025-10-16,9:39:40.873437948,T,91.34,100,91.57,100,TGT
2025-10-16,9:39:40.873442958,T,91.33,100,91.57,100,TGT
2025-10-16,9:39:40.873453021,T,91.32,100,91.57,100,TGT
2025-10-16,9:39:40.873463102,T,91.31,200,91.57,100,TGT
2025-10-16,9:39:40.873488092,T,91.32,100,91.57,100,TGT
2025-10-16,9:39:40.873859308,T,91.32,100,91.57,200,TGT
2025-10-16,9:39:40.873864007,T,91.32,100,91.55,100,TGT
2025-10-16,9:39:40.873904003,T,91.32,100,91.57,200,TGT
2025-10-16,9:39:40.873944167,T,91.32,100,91.57,100,TGT
2025-10-16,9:39:40.880479704,T,91.32,100,91.59,100,TGT
2025-10-16,9:39:41.073434389,T,91.32,100,91.63,100,TGT
2025-10-16,9:39:41.074261346,T,91.33,100,91.63,100,TGT
2025-10-16,9:39:41.074266380,T,91.32,100,91.63,100,TGT
2025-10-16,9:39:41.074296458,T,91.33,100,91.63,100,TGT
2025-10-16,9:39:41.074346543,T,91.34,100,91.63,100,TGT
2025-10-16,9:39:41.074672329,T,91.35,100,91.63,100,TGT
2025-10-16,9:39:41.698954682,T,91.36,100,91.63,100,TGT
2025-10-16,9:39:41.753314143,T,91.37,100,91.63,100,TGT
2025-10-16,9:39:42.103518465,T,91.38,100,91.63,100,TGT
2025-10-16,9:39:42.103548623,T,91.38,100,91.66,100,TGT
2025-10-16,9:39:42.162258478,T,91.51,100,91.66,100,TGT
2025-10-16,9:39:42.548233120,T,91.51,100,91.63,100,TGT
2025-10-16,9:39:42.753296661,T,91.51,100,91.66,100,TGT
2025-10-16,9:39:48.467801231,T,91.51,100,91.63,100,TGT
2025-10-16,9:39:48.499110811,T,91.51,100,91.66,100,TGT
2025-10-16,9:39:51.658497995,T,91.51,100,91.6,100,TGT
2025-10-16,9:39:51.666366847,T,91.51,100,91.63,100,TGT
2025-10-16,9:39:51.668567014,T,91.51,100,91.66,100,TGT
2025-10-16,9:39:54.685800309,T,91.51,200,91.66,100,TGT
2025-10-16,9:39:54.752905157,T,91.55,100,91.66,100,TGT
2025-10-16,9:40:00.027737214,T,91.55,100,91.68,300,TGT
2025-10-16,9:40:00.155661991,T,91.57,100,91.68,300,TGT
2025-10-16,9:40:00.155667204,T,91.57,200,91.68,300,TGT
2025-10-16,9:40:00.155737189,T,91.57,100,91.68,300,TGT
2025-10-16,9:40:00.155982739,T,91.57,100,91.68,200,TGT
2025-10-16,9:40:00.895138776,T,91.59,100,91.68,200,TGT
2025-10-16,9:40:00.895394470,T,91.59,100,91.69,200,TGT
2025-10-16,9:40:00.895424506,T,91.59,100,91.69,100,TGT
2025-10-16,9:40:00.899173426,T,91.55,100,91.69,100,TGT
2025-10-16,9:40:02.008120511,T,91.58,600,91.69,100,TGT
2025-10-16,9:40:04.722648158,T,91.58,500,91.69,100,TGT
2025-10-16,9:40:04.722652808,T,91.58,400,91.69,100,TGT
2025-10-16,9:40:04.722667836,T,91.58,300,91.69,100,TGT
2025-10-16,9:40:04.722672860,T,91.58,300,91.69,200,TGT
2025-10-16,9:40:04.722687888,T,91.58,300,91.66,100,TGT
2025-10-16,9:40:04.722697933,T,91.58,200,91.66,100,TGT
2025-10-16,9:40:04.722702932,T,91.58,200,91.69,200,TGT
2025-10-16,9:40:04.722702932,T,91.55,100,91.69,200,TGT
2025-10-16,9:40:04.722728222,T,91.55,100,91.66,100,TGT
2025-10-16,9:40:04.722733409,T,91.55,100,91.59,100,TGT
2025-10-16,9:40:04.722738061,T,91.55,100,91.6,100,TGT
2025-10-16,9:40:04.722763153,T,91.55,100,91.63,100,TGT
2025-10-16,9:40:04.722803226,T,91.55,100,91.59,100,TGT
2025-10-16,9:40:04.723068797,T,91.55,100,91.58,100,TGT
2025-10-16,9:40:04.723083839,T,91.55,100,91.58,200,TGT
2025-10-16,9:40:04.723133998,T,91.55,100,91.58,100,TGT
2025-10-16,9:40:04.723244295,T,91.55,100,91.64,100,TGT
2025-10-16,9:40:04.723249244,T,91.55,100,91.66,100,TGT
2025-10-16,9:40:04.723314444,T,91.55,100,91.64,100,TGT
2025-10-16,9:40:04.723344453,T,91.55,100,91.63,100,TGT
2025-10-16,9:40:04.723364507,T,91.55,100,91.61,100,TGT
2025-10-16,9:40:04.723379540,T,91.55,100,91.63,100,TGT
2025-10-16,9:40:04.723399615,T,91.55,100,91.64,100,TGT
2025-10-16,9:40:04.723404796,T,91.55,100,91.63,100,TGT
2025-10-16,9:40:04.723404796,T,91.55,100,91.6,100,TGT
2025-10-16,9:40:04.723414809,T,91.55,100,91.63,100,TGT
2025-10-16,9:40:04.723429705,T,91.55,100,91.6,100,TGT
2025-10-16,9:40:04.723449961,T,91.55,100,91.63,100,TGT
2025-10-16,9:40:04.723600161,T,91.55,100,91.61,100,TGT
2025-10-16,9:40:04.723715391,T,91.55,100,91.63,100,TGT
2025-10-16,9:40:04.723895814,T,91.55,100,91.64,100,TGT
2025-10-16,9:40:04.723895814,T,91.55,100,91.63,100,TGT
2025-10-16,9:40:04.733438545,T,91.55,100,91.66,100,TGT
2025-10-16,9:40:05.531399641,T,91.55,100,91.63,100,TGT
2025-10-16,9:40:06.194599694,T,91.55,100,91.66,100,TGT
2025-10-16,9:40:06.194599694,T,91.55,100,91.63,100,TGT
2025-10-16,9:40:06.195516839,T,91.56,100,91.63,100,TGT
2025-10-16,9:40:06.195546988,T,91.55,100,91.63,100,TGT
2025-10-16,9:40:06.195572033,T,91.55,100,91.56,100,TGT
2025-10-16,9:40:06.195637167,T,91.55,100,91.56,200,TGT
2025-10-16,9:40:06.195852664,T,91.53,100,91.56,200,TGT
2025-10-16,9:40:06.195867891,T,91.53,100,91.56,300,TGT
2025-10-16,9:40:06.196238581,T,91.53,100,91.55,100,TGT
2025-10-16,9:40:06.196293746,T,91.53,100,91.55,200,TGT
2025-10-16,9:40:06.196449060,T,91.53,100,91.55,100,TGT
2025-10-16,9:40:06.305624185,T,91.51,100,91.55,100,TGT
2025-10-16,9:40:06.305644240,T,91.51,100,91.54,100,TGT
2025-10-16,9:40:06.305644240,T,91.51,100,91.53,100,TGT
2025-10-16,9:40:06.305699426,T,91.51,100,91.53,200,TGT
2025-10-16,9:40:06.306225676,T,91.51,100,91.53,100,TGT
2025-10-16,9:40:07.360026362,T,91.51,100,91.54,100,TGT
2025-10-16,9:40:07.360071515,T,91.52,100,91.54,100,TGT
2025-10-16,9:40:07.360071515,T,91.52,100,91.66,100,TGT
2025-10-16,9:40:07.370616590,T,91.51,100,91.66,100,TGT
2025-10-16,9:40:11.868001552,T,91.51,200,91.66,100,TGT
2025-10-16,9:40:11.987686690,T,91.51,100,91.66,100,TGT
2025-10-16,9:40:13.329072374,T,91.51,100,91.63,100,TGT
2025-10-16,9:40:15.893191264,T,91.51,100,91.66,100,TGT
2025-10-16,9:40:16.954710275,T,91.38,200,91.66,100,TGT
2025-10-16,9:40:16.954710275,T,91.38,200,91.63,100,TGT
2025-10-16,9:40:16.954725245,T,91.38,200,91.58,100,TGT
2025-10-16,9:40:16.954745352,T,91.38,200,91.52,100,TGT
2025-10-16,9:40:16.955797865,T,91.38,200,91.53,100,TGT
2025-10-16,9:40:16.961736971,T,91.38,200,91.55,100,TGT
2025-10-16,9:40:16.967615955,T,91.38,200,91.56,100,TGT
2025-10-16,9:40:17.001606985,T,91.38,200,91.55,100,TGT
2025-10-16,9:40:17.501011873,T,91.38,200,91.56,100,TGT
2025-10-16,9:40:19.430037622,T,91.38,200,91.58,100,TGT
2025-10-16,9:40:21.742702484,T,91.38,200,91.5,100,TGT
2025-10-16,9:40:21.743363969,T,91.38,200,91.49,100,TGT
2025-10-16,9:40:21.743820121,T,91.38,200,91.48,100,TGT
2025-10-16,9:40:21.743995578,T,91.33,100,91.48,100,TGT
2025-10-16,9:40:21.744000485,T,91.33,300,91.48,100,TGT
2025-10-16,9:40:21.751478318,T,91.33,300,91.46,100,TGT
2025-10-16,9:40:21.843056518,T,91.33,200,91.46,100,TGT
2025-10-16,9:40:21.843101640,T,91.33,200,91.45,100,TGT
2025-10-16,9:40:22.189095901,T,91.33,200,91.45,200,TGT
2025-10-16,9:40:22.189095901,T,91.33,200,91.44,100,TGT
2025-10-16,9:40:22.189236302,T,91.33,200,91.44,200,TGT
2025-10-16,9:40:22.189341537,T,91.3,100,91.44,200,TGT
2025-10-16,9:40:22.189471867,T,91.27,100,91.44,200,TGT
2025-10-16,9:40:22.189476851,T,91.27,100,91.43,100,TGT
2025-10-16,9:40:22.189562073,T,91.27,100,91.42,100,TGT
2025-10-16,9:40:22.189602087,T,91.26,300,91.42,100,TGT
2025-10-16,9:40:22.189692675,T,91.26,300,91.41,100,TGT
2025-10-16,9:40:22.189697336,T,91.26,300,91.4,100,TGT
2025-10-16,9:40:22.189697336,T,91.26,300,91.39,100,TGT
2025-10-16,9:40:22.189712423,T,91.26,300,91.4,100,TGT
2025-10-16,9:40:22.189722425,T,91.26,200,91.4,100,TGT
2025-10-16,9:40:22.190168498,T,91.26,200,91.39,100,TGT
2025-10-16,9:40:22.190183462,T,91.26,200,91.37,100,TGT
2025-10-16,9:40:22.190223642,T,91.26,200,91.39,100,TGT
2025-10-16,9:40:22.190434072,T,91.3,300,91.39,100,TGT
2025-10-16,9:40:22.191902604,T,91.26,300,91.39,100,TGT
2025-10-16,9:40:22.191927703,T,91.33,300,91.39,100,TGT
2025-10-16,9:40:22.201059437,T,91.33,300,91.4,100,TGT
2025-10-16,9:40:22.291650284,T,91.33,400,91.4,100,TGT
2025-10-16,9:40:22.392866404,T,91.33,400,91.41,100,TGT
2025-10-16,9:40:22.393282430,T,91.33,300,91.41,100,TGT
2025-10-16,9:40:23.699328970,T,91.33,300,91.4,100,TGT
2025-10-16,9:40:25.011645500,T,91.33,200,91.4,100,TGT
2025-10-16,9:40:25.011745772,T,91.33,200,91.38,100,TGT
2025-10-16,9:40:25.019103359,T,91.33,200,91.39,100,TGT
2025-10-16,9:40:25.019930250,T,91.33,200,91.4,100,TGT
2025-10-16,9:40:25.437695537,T,91.33,200,91.39,100,TGT
2025-10-16,9:40:27.861785857,T,91.34,100,91.39,100,TGT
2025-10-16,9:40:27.861825992,T,91.34,100,91.4,100,TGT
2025-10-16,9:40:27.861831009,T,91.34,300,91.4,100,TGT
2025-10-16,9:40:28.242788585,T,91.34,300,91.41,100,TGT
2025-10-16,9:40:31.769095017,T,91.34,200,91.41,100,TGT
2025-10-16,9:40:33.141670027,T,91.28,100,91.41,100,TGT
2025-10-16,9:40:33.141695325,T,91.28,100,91.4,100,TGT
2025-10-16,9:40:33.141705711,T,91.28,100,91.39,100,TGT
2025-10-16,9:40:33.141710070,T,91.28,100,91.38,100,TGT
2025-10-16,9:40:33.141710070,T,91.28,100,91.38,200,TGT
2025-10-16,9:40:33.141715097,T,91.28,100,91.37,100,TGT
2025-10-16,9:40:33.141740159,T,91.28,100,91.38,200,TGT
2025-10-16,9:40:33.141800281,T,91.28,100,91.37,100,TGT
2025-10-16,9:40:33.141840393,T,91.28,100,91.36,100,TGT
2025-10-16,9:40:33.141855442,T,91.28,100,91.35,100,TGT
2025-10-16,9:40:33.141980779,T,91.28,100,91.36,100,TGT
2025-10-16,9:40:33.141985722,T,91.28,100,91.35,100,TGT
2025-10-16,9:40:33.142045971,T,91.28,100,91.36,100,TGT
2025-10-16,9:40:33.142181277,T,91.28,100,91.37,100,TGT
2025-10-16,9:40:33.142251399,T,91.28,100,91.38,200,TGT
2025-10-16,9:40:33.142336636,T,91.28,100,91.37,100,TGT
2025-10-16,9:40:33.142712557,T,91.28,100,91.38,200,TGT
2025-10-16,9:40:33.142782669,T,91.28,100,91.38,100,TGT
2025-10-16,9:40:33.143163621,T,91.28,100,91.37,100,TGT
2025-10-16,9:40:33.143514385,T,91.28,100,91.38,100,TGT
2025-10-16,9:40:33.343560946,T,91.28,100,91.39,100,TGT
2025-10-16,9:40:35.894107624,T,91.28,100,91.4,100,TGT
2025-10-16,9:40:36.748478174,T,91.28,100,91.41,100,TGT
2025-10-16,9:40:37.229624428,T,91.28,100,91.4,100,TGT
2025-10-16,9:40:37.352181368,T,91.28,100,91.39,100,TGT
2025-10-16,9:40:37.484521732,T,91.28,100,91.38,100,TGT
2025-10-16,9:40:37.501953251,T,91.28,100,91.39,100,TGT
2025-10-16,9:40:38.294887323,T,91.28,100,91.38,100,TGT
2025-10-16,9:40:38.302991613,T,91.28,100,91.37,100,TGT
2025-10-16,9:40:38.394484615,T,91.28,100,91.38,100,TGT
2025-10-16,9:40:38.495059250,T,91.28,100,91.39,100,TGT
2025-10-16,9:40:41.560257306,T,91.28,200,91.39,100,TGT
2025-10-16,9:40:41.560257306,T,91.33,100,91.39,100,TGT
2025-10-16,9:40:41.560271988,T,91.33,100,91.4,100,TGT
2025-10-16,9:40:41.560281975,T,91.33,100,91.41,100,TGT
2025-10-16,9:40:41.560312108,T,91.33,100,91.42,100,TGT
2025-10-16,9:40:41.560507526,T,91.33,100,91.43,100,TGT
2025-10-16,9:40:41.560788236,T,91.33,200,91.43,100,TGT
2025-10-16,9:40:41.560798222,T,91.36,100,91.43,100,TGT
2025-10-16,9:40:41.560818292,T,91.33,200,91.43,100,TGT
2025-10-16,9:40:41.560833362,T,91.33,100,91.43,100,TGT
2025-10-16,9:40:41.560843823,T,91.33,100,91.42,100,TGT
2025-10-16,9:40:41.560858552,T,91.33,100,91.4,100,TGT
2025-10-16,9:40:41.560858552,T,91.33,100,91.4,200,TGT
2025-10-16,9:40:41.560863622,T,91.33,100,91.38,100,TGT
2025-10-16,9:40:41.560948624,T,91.33,200,91.38,100,TGT
2025-10-16,9:40:41.560963591,T,91.33,100,91.38,100,TGT
2025-10-16,9:40:41.561058837,T,91.33,200,91.38,100,TGT
2025-10-16,9:40:41.561494861,T,91.33,100,91.38,100,TGT
2025-10-16,9:40:41.571012585,T,91.28,200,91.38,100,TGT
2025-10-16,9:40:41.573167689,T,91.28,100,91.38,100,TGT
2025-10-16,9:40:46.491650794,T,91.28,100,91.37,100,TGT
2025-10-16,9:40:46.491710987,T,91.28,100,91.37,200,TGT
2025-10-16,9:40:46.492322395,T,91.28,100,91.37,100,TGT
2025-10-16,9:40:46.492347502,T,91.28,100,91.35,100,TGT
2025-10-16,9:40:53.270531177,T,91.28,100,91.37,100,TGT
2025-10-16,9:40:53.270561221,T,91.28,100,91.33,100,TGT
2025-10-16,9:40:53.270656452,T,91.28,100,91.37,100,TGT
2025-10-16,9:40:53.270681489,T,91.28,200,91.37,100,TGT
2025-10-16,9:40:53.270681489,T,91.3,100,91.37,100,TGT
2025-10-16,9:40:53.270686560,T,91.3,100,91.4,100,TGT
2025-10-16,9:40:53.270711664,T,91.3,100,91.42,100,TGT
2025-10-16,9:40:53.271247938,T,91.29,100,91.42,100,TGT
2025-10-16,9:40:53.271764137,T,91.28,200,91.42,100,TGT
2025-10-16,9:40:53.275753681,T,91.28,300,91.42,100,TGT
2025-10-16,9:40:53.277733346,T,91.28,200,91.42,100,TGT
2025-10-16,9:40:56.502340809,T,91.28,100,91.42,100,TGT
2025-10-16,9:40:58.719162345,T,91.28,200,91.42,100,TGT
2025-10-16,9:40:58.719162345,T,91.29,100,91.42,100,TGT
2025-10-16,9:40:58.719167223,T,91.31,100,91.42,100,TGT
2025-10-16,9:40:58.719172303,T,91.32,100,91.42,100,TGT
2025-10-16,9:40:58.719232463,T,91.32,100,91.43,100,TGT
2025-10-16,9:40:58.720119558,T,91.32,200,91.43,100,TGT
2025-10-16,9:40:58.726198997,T,91.32,100,91.43,100,TGT
2025-10-16,9:40:58.739480613,T,91.29,100,91.43,100,TGT
2025-10-16,9:40:58.919800223,T,91.28,200,91.43,100,TGT
2025-10-16,9:41:00.028566982,T,91.28,100,91.43,100,TGT
2025-10-16,9:41:03.387514666,T,91.28,100,91.44,100,TGT
2025-10-16,9:41:03.387544671,T,91.28,200,91.44,100,TGT
2025-10-16,9:41:03.387554722,T,91.32,100,91.44,100,TGT
2025-10-16,9:41:03.387574767,T,91.33,100,91.44,100,TGT
2025-10-16,9:41:03.387584812,T,91.32,100,91.44,100,TGT
2025-10-16,9:41:03.387619838,T,91.32,100,91.45,100,TGT
2025-10-16,9:41:03.387644887,T,91.32,100,91.46,100,TGT
2025-10-16,9:41:03.387705387,T,91.32,100,91.47,100,TGT
2025-10-16,9:41:03.387945598,T,91.33,100,91.47,100,TGT
2025-10-16,9:41:03.387980743,T,91.34,100,91.47,100,TGT
2025-10-16,9:41:03.407326821,T,91.33,100,91.47,100,TGT
2025-10-16,9:41:05.386853150,T,91.33,100,91.45,100,TGT
2025-10-16,9:41:05.386888220,T,91.32,100,91.45,100,TGT
2025-10-16,9:41:08.763096596,T,91.32,100,91.43,100,TGT
2025-10-16,9:41:09.120808879,T,91.28,100,91.43,100,TGT
2025-10-16,9:41:09.120954188,T,91.27,100,91.43,100,TGT
2025-10-16,9:41:10.302434076,T,91.25,300,91.43,100,TGT
2025-10-16,9:41:10.302439113,T,91.25,200,91.43,100,TGT
2025-10-16,9:41:10.859245713,T,91.28,100,91.43,100,TGT
2025-10-16,9:41:10.859285795,T,91.3,100,91.43,100,TGT
2025-10-16,9:41:10.928004478,T,91.3,100,91.45,100,TGT
2025-10-16,9:41:11.090977799,T,91.3,100,91.43,100,TGT
2025-10-16,9:41:11.091108110,T,91.28,100,91.43,100,TGT
2025-10-16,9:41:11.288378124,T,91.28,100,91.45,100,TGT
2025-10-16,9:41:12.115313158,T,91.3,100,91.45,100,TGT
2025-10-16,9:41:12.116155169,T,91.3,100,91.43,100,TGT
2025-10-16,9:41:12.502575836,T,91.3,100,91.45,100,TGT
2025-10-16,9:41:12.593171735,T,91.3,100,91.43,100,TGT
2025-10-16,9:41:13.045409092,T,91.3,100,91.45,100,TGT
2025-10-16,9:41:14.518573871,T,91.3,100,91.4,100,TGT
2025-10-16,9:41:14.541423228,T,91.28,100,91.4,100,TGT
2025-10-16,9:41:15.938396522,T,91.27,100,91.4,100,TGT
2025-10-16,9:41:16.115944588,T,91.27,100,91.4,200,TGT
2025-10-16,9:41:16.116275315,T,91.27,100,91.4,300,TGT
2025-10-16,9:41:16.116275315,T,91.27,100,91.39,100,TGT
2025-10-16,9:41:16.116275315,T,91.27,100,91.39,200,TGT
2025-10-16,9:41:16.116355489,T,91.23,100,91.39,200,TGT
2025-10-16,9:41:16.116405590,T,91.19,300,91.39,200,TGT
2025-10-16,9:41:16.123307047,T,91.19,300,91.39,100,TGT
2025-10-16,9:41:16.316627717,T,91.19,300,91.4,200,TGT
2025-10-16,9:41:16.318136328,T,91.19,300,91.39,100,TGT
2025-10-16,9:41:16.835754464,T,91.19,300,91.39,200,TGT
2025-10-16,9:41:16.842941635,T,91.19,300,91.38,100,TGT
2025-10-16,9:41:16.843242393,T,91.19,200,91.38,100,TGT
2025-10-16,9:41:16.843262341,T,91.19,200,91.35,100,TGT
2025-10-16,9:41:16.843267364,T,91.19,200,91.34,100,TGT
2025-10-16,9:41:16.844299923,T,91.19,200,91.35,200,TGT
2025-10-16,9:41:16.844329975,T,91.19,200,91.34,100,TGT
2025-10-16,9:41:16.850304231,T,91.19,200,91.35,200,TGT
2025-10-16,9:41:16.859586351,T,91.19,200,91.35,100,TGT
2025-10-16,9:41:17.043419244,T,91.19,200,91.37,100,TGT
2025-10-16,9:41:17.043419244,T,91.19,200,91.38,100,TGT
2025-10-16,9:41:17.117651168,T,91.19,300,91.38,100,TGT
2025-10-16,9:41:17.124692902,T,91.19,200,91.38,100,TGT
2025-10-16,9:41:19.522701060,T,91.19,200,91.36,100,TGT
2025-10-16,9:41:19.522731174,T,91.19,200,91.34,100,TGT
2025-10-16,9:41:20.689781595,T,91.19,300,91.34,100,TGT
2025-10-16,9:41:20.689781595,T,91.21,100,91.34,100,TGT
2025-10-16,9:41:20.690037121,T,91.21,100,91.32,100,TGT
2025-10-16,9:41:20.696813324,T,91.19,300,91.32,100,TGT
2025-10-16,9:41:20.696903488,T,91.2,100,91.32,100,TGT
2025-10-16,9:41:20.696953590,T,91.19,300,91.32,100,TGT
2025-10-16,9:41:20.791468782,T,91.19,200,91.32,100,TGT
2025-10-16,9:41:21.784369401,T,91.19,200,91.31,100,TGT
2025-10-16,9:41:21.784404537,T,91.19,200,91.31,200,TGT
2025-10-16,9:41:21.784494776,T,91.19,200,91.3,100,TGT
2025-10-16,9:41:21.784509833,T,91.19,200,91.3,200,TGT
2025-10-16,9:41:21.784595011,T,91.19,200,91.29,100,TGT
2025-10-16,9:41:21.784605073,T,91.19,200,91.29,200,TGT
2025-10-16,9:41:21.789546733,T,91.11,100,91.29,200,TGT
2025-10-16,9:41:21.789551783,T,91.12,200,91.29,200,TGT
2025-10-16,9:41:25.513373739,T,91.14,100,91.29,200,TGT
2025-10-16,9:41:25.998389226,T,91.14,100,91.29,100,TGT
2025-10-16,9:41:26.331608185,T,91.14,100,91.29,200,TGT
2025-10-16,9:41:26.331628205,T,91.14,100,91.26,100,TGT
2025-10-16,9:41:26.331658301,T,91.14,100,91.26,200,TGT
2025-10-16,9:41:26.743018297,T,91.14,100,91.25,100,TGT
2025-10-16,9:41:26.743053363,T,91.14,100,91.25,200,TGT
2025-10-16,9:41:28.672971493,T,91.14,100,91.25,100,TGT
2025-10-16,9:41:28.682689349,T,91.14,100,91.25,200,TGT
2025-10-16,9:41:28.682709455,T,91.14,100,91.22,100,TGT
2025-10-16,9:41:29.049713776,T,91.14,100,91.25,100,TGT
2025-10-16,9:41:30.528827765,T,91.14,100,91.3,100,TGT
2025-10-16,9:41:30.528868004,T,91.14,100,91.33,100,TGT
2025-10-16,9:41:30.528882877,T,91.14,200,91.33,100,TGT
2025-10-16,9:41:30.528897969,T,91.15,100,91.33,100,TGT
2025-10-16,9:41:30.528963127,T,91.18,100,91.33,100,TGT
2025-10-16,9:41:30.529534499,T,91.2,100,91.33,100,TGT
2025-10-16,9:41:30.529714859,T,91.18,100,91.33,100,TGT
2025-10-16,9:41:30.529714859,T,91.15,200,91.33,100,TGT
2025-10-16,9:41:30.529735210,T,91.15,200,91.23,100,TGT
2025-10-16,9:41:30.529739924,T,91.15,100,91.23,100,TGT
2025-10-16,9:41:30.529805333,T,91.15,100,91.23,200,TGT
2025-10-16,9:41:30.529895361,T,91.19,100,91.23,200,TGT
2025-10-16,9:41:30.530065804,T,91.15,100,91.23,200,TGT
2025-10-16,9:41:30.629422490,T,91.14,200,91.23,200,TGT
2025-10-16,9:41:30.629878627,T,91.14,200,91.23,100,TGT
2025-10-16,9:41:30.728879392,T,91.14,100,91.23,100,TGT
2025-10-16,9:41:30.853466273,T,91.15,100,91.23,100,TGT
2025-10-16,9:41:31.686084819,T,91.15,100,91.25,100,TGT
2025-10-16,9:41:31.686104854,T,91.15,100,91.31,100,TGT
2025-10-16,9:41:31.686125116,T,91.15,200,91.31,100,TGT
2025-10-16,9:41:31.686129963,T,91.16,100,91.31,100,TGT
2025-10-16,9:41:31.686129963,T,91.19,100,91.31,100,TGT
2025-10-16,9:41:31.686160053,T,91.19,200,91.31,100,TGT
2025-10-16,9:41:31.693146670,T,91.19,100,91.31,100,TGT
2025-10-16,9:41:31.786208333,T,91.15,200,91.31,100,TGT
2025-10-16,9:41:31.860766041,T,91.16,100,91.31,100,TGT
2025-10-16,9:41:31.888642472,T,91.15,200,91.31,100,TGT
2025-10-16,9:41:32.802248978,T,91.15,100,91.31,100,TGT
2025-10-16,9:41:32.825840248,T,91.15,100,91.3,100,TGT
2025-10-16,9:41:32.843933365,T,91.14,200,91.3,100,TGT
2025-10-16,9:41:33.080276353,T,91.17,100,91.3,100,TGT
2025-10-16,9:41:35.008204667,T,91.15,100,91.3,100,TGT
2025-10-16,9:41:35.008229756,T,91.14,200,91.3,100,TGT
2025-10-16,9:41:35.154408152,T,91.15,100,91.3,100,TGT
2025-10-16,9:41:35.154538344,T,91.19,100,91.3,100,TGT
2025-10-16,9:41:35.154598470,T,91.15,100,91.3,100,TGT
