DATE,TIME_M,EX,BID,BIDSIZ,ASK,ASKSIZ,SYM_ROOT
2025-11-25,9:30:01.247162361,T,84.73,100,85.44,100,TGT
2025-11-25,9:30:01.247167398,T,84.8,100,85.44,100,TGT
2025-11-25,9:30:01.247167398,T,84.94,100,85.44,100,TGT
2025-11-25,9:30:01.247989314,T,84.95,100,85.44,100,TGT
2025-11-25,9:30:01.248851394,T,84.95,100,85.05,100,TGT
2025-11-25,9:30:01.254209175,T,84.94,100,85.05,100,TGT
2025-11-25,9:30:01.257196271,T,84.91,100,85.05,100,TGT
2025-11-25,9:30:01.257271383,T,84.9,300,85.05,100,TGT
2025-11-25,9:30:01.257431824,T,84.9,200,85.05,100,TGT
2025-11-25,9:30:01.259145899,T,84.9,200,85.44,100,TGT
2025-11-25,9:30:01.259171522,T,85.01,100,85.44,100,TGT
2025-11-25,9:30:01.259175995,T,85.01,200,85.44,100,TGT
2025-11-25,9:30:01.259241095,T,85.04,100,85.44,100,TGT
2025-11-25,9:30:01.267430626,T,85.04,100,85.76,100,TGT
2025-11-25,9:30:01.270041810,T,85.05,100,85.76,100,TGT
2025-11-25,9:30:01.270041810,T,85.05,200,85.76,100,TGT
2025-11-25,9:30:01.270066926,T,85.05,300,85.76,100,TGT
2025-11-25,9:30:01.270072589,T,85.05,200,85.76,100,TGT
2025-11-25,9:30:01.270072589,T,85.05,100,85.76,100,TGT
2025-11-25,9:30:01.270072589,T,85.04,100,85.76,100,TGT
2025-11-25,9:30:01.270086961,T,85.04,100,85.1,100,TGT
2025-11-25,9:30:01.270172212,T,85.04,100,85.1,200,TGT
2025-11-25,9:30:01.270177210,T,85.04,100,85.1,300,TGT
2025-11-25,9:30:01.270217327,T,85.04,100,85.1,400,TGT
2025-11-25,9:30:01.270262320,T,85.04,100,85.1,300,TGT
2025-11-25,9:30:01.270447773,T,85.01,100,85.1,300,TGT
2025-11-25,9:30:01.270513206,T,85.01,100,85.1,400,TGT
2025-11-25,9:30:01.270613254,T,84.9,200,85.1,400,TGT
2025-11-25,9:30:01.270688393,T,84.9,200,85.1,300,TGT
2025-11-25,9:30:01.270688393,T,84.9,200,85.1,200,TGT
2025-11-25,9:30:01.270693380,T,84.9,200,85.1,100,TGT
2025-11-25,9:30:01.270698461,T,84.9,200,85.17,200,TGT
2025-11-25,9:30:01.270713472,T,85.0,100,85.17,200,TGT
2025-11-25,9:30:01.270738538,T,85.01,100,85.17,200,TGT
2025-11-25,9:30:01.270744037,T,85.02,100,85.17,200,TGT
2025-11-25,9:30:01.270744037,T,85.06,100,85.17,200,TGT
2025-11-25,9:30:01.270744037,T,85.06,200,85.17,200,TGT
2025-11-25,9:30:01.271645694,T,85.06,300,85.17,200,TGT
2025-11-25,9:30:01.272818506,T,85.06,300,85.11,100,TGT
2025-11-25,9:30:01.272863537,T,85.06,300,85.17,200,TGT
2025-11-25,9:30:01.272888666,T,85.07,100,85.17,200,TGT
2025-11-25,9:30:01.272893675,T,85.07,200,85.17,200,TGT
2025-11-25,9:30:01.273219404,T,85.09,100,85.17,200,TGT
2025-11-25,9:30:01.273249500,T,85.07,200,85.17,200,TGT
2025-11-25,9:30:01.273269581,T,85.07,200,85.16,100,TGT
2025-11-25,9:30:01.273274580,T,85.07,200,85.16,200,TGT
2025-11-25,9:30:01.273274580,T,85.07,200,85.13,100,TGT
2025-11-25,9:30:01.273274580,T,85.07,200,85.13,200,TGT
2025-11-25,9:30:01.273480808,T,85.07,200,85.13,100,TGT
2025-11-25,9:30:01.273495070,T,85.07,200,85.16,300,TGT
2025-11-25,9:30:01.273570529,T,85.07,200,85.15,100,TGT
2025-11-25,9:30:01.273650468,T,85.07,300,85.15,100,TGT
2025-11-25,9:30:01.273660498,T,85.07,200,85.15,100,TGT
2025-11-25,9:30:01.273660498,T,85.08,100,85.15,100,TGT
2025-11-25,9:30:01.273675477,T,85.09,100,85.15,100,TGT
2025-11-25,9:30:01.273685718,T,85.11,100,85.15,100,TGT
2025-11-25,9:30:01.273695660,T,85.11,100,85.15,200,TGT
2025-11-25,9:30:01.273710556,T,85.08,100,85.15,200,TGT
2025-11-25,9:30:01.273725660,T,85.08,100,85.14,100,TGT
2025-11-25,9:30:01.273730620,T,85.1,100,85.14,100,TGT
2025-11-25,9:30:01.273835866,T,85.1,200,85.14,100,TGT
2025-11-25,9:30:01.273865946,T,85.1,200,85.14,200,TGT
2025-11-25,9:30:01.273890982,T,85.1,100,85.14,200,TGT
2025-11-25,9:30:01.273991278,T,85.1,100,85.13,100,TGT
2025-11-25,9:30:01.283734460,T,85.08,200,85.13,100,TGT
2025-11-25,9:30:01.326536464,T,85.08,200,85.14,100,TGT
2025-11-25,9:30:01.326556956,T,85.09,100,85.14,100,TGT
2025-11-25,9:30:01.326561502,T,85.09,200,85.14,100,TGT
2025-11-25,9:30:01.326571589,T,85.09,200,85.15,100,TGT
2025-11-25,9:30:01.326581618,T,85.11,100,85.15,100,TGT
2025-11-25,9:30:01.326601555,T,85.11,200,85.15,100,TGT
2025-11-25,9:30:01.326972485,T,85.11,200,85.16,200,TGT
2025-11-25,9:30:01.326987570,T,85.11,200,85.16,100,TGT
2025-11-25,9:30:01.327017655,T,85.11,200,85.17,100,TGT
2025-11-25,9:30:01.363339150,T,85.12,100,85.17,100,TGT
2025-11-25,9:30:01.363930552,T,85.12,200,85.17,100,TGT
2025-11-25,9:30:01.364582100,T,85.12,200,85.32,200,TGT
2025-11-25,9:30:01.365338853,T,85.12,100,85.32,200,TGT
2025-11-25,9:30:01.370140361,T,85.12,100,85.32,100,TGT
2025-11-25,9:30:01.470108589,T,85.12,100,85.76,100,TGT
2025-11-25,9:30:01.513015739,T,85.14,100,85.76,100,TGT
2025-11-25,9:30:01.513045807,T,85.14,200,85.76,100,TGT
2025-11-25,9:30:01.513491970,T,85.14,300,85.76,100,TGT
2025-11-25,9:30:01.513501907,T,85.15,100,85.76,100,TGT
2025-11-25,9:30:01.513592118,T,85.17,100,85.76,100,TGT
2025-11-25,9:30:01.513622246,T,85.17,200,85.76,100,TGT
2025-11-25,9:30:01.513722539,T,85.17,100,85.76,100,TGT
2025-11-25,9:30:01.513727521,T,85.18,100,85.76,100,TGT
2025-11-25,9:30:01.625729328,T,85.18,200,85.76,100,TGT
2025-11-25,9:30:01.654367672,T,85.19,100,85.76,100,TGT
2025-11-25,9:30:01.654417652,T,85.2,100,85.76,100,TGT
2025-11-25,9:30:01.654467817,T,85.2,200,85.76,100,TGT
2025-11-25,9:30:01.654482849,T,85.2,300,85.76,100,TGT
2025-11-25,9:30:01.750566723,T,85.21,100,85.76,100,TGT
2025-11-25,9:30:01.750656995,T,85.21,200,85.76,100,TGT
2025-11-25,9:30:01.975627988,T,85.21,200,85.33,100,TGT
2025-11-25,9:30:02.067115879,T,85.21,100,85.33,100,TGT
2025-11-25,9:30:02.067115879,T,85.2,100,85.33,100,TGT
2025-11-25,9:30:02.067136065,T,85.2,100,85.31,100,TGT
2025-11-25,9:30:02.067136065,T,85.2,100,85.24,100,TGT
2025-11-25,9:30:02.067150978,T,85.17,100,85.24,100,TGT
2025-11-25,9:30:02.067156016,T,85.17,100,85.24,200,TGT
2025-11-25,9:30:02.067541979,T,85.21,100,85.24,200,TGT
2025-11-25,9:30:02.067622088,T,85.17,100,85.24,200,TGT
2025-11-25,9:30:02.068464140,T,85.17,100,85.24,100,TGT
2025-11-25,9:30:02.068669643,T,85.17,200,85.24,100,TGT
2025-11-25,9:30:02.250808540,T,85.17,200,85.29,100,TGT
2025-11-25,9:30:02.425825594,T,85.22,100,85.29,100,TGT
2025-11-25,9:30:02.481488186,T,85.22,200,85.29,100,TGT
2025-11-25,9:30:02.482977093,T,85.22,100,85.29,100,TGT
2025-11-25,9:30:02.482977093,T,85.17,100,85.29,100,TGT
2025-11-25,9:30:02.482997184,T,85.17,100,85.24,100,TGT
2025-11-25,9:30:02.483016901,T,85.17,100,85.24,200,TGT
2025-11-25,9:30:02.484355002,T,85.17,100,85.24,100,TGT
2025-11-25,9:30:02.484385083,T,85.17,100,85.25,100,TGT
2025-11-25,9:30:02.485006631,T,85.17,100,85.24,100,TGT
2025-11-25,9:30:02.485071721,T,85.21,100,85.24,100,TGT
2025-11-25,9:30:02.485101807,T,85.21,200,85.24,100,TGT
2025-11-25,9:30:02.486690685,T,85.21,200,85.25,100,TGT
2025-11-25,9:30:02.487477443,T,85.21,200,85.25,200,TGT
2025-11-25,9:30:02.535065919,T,85.21,200,85.25,100,TGT
2025-11-25,9:30:02.535085909,T,85.21,200,85.28,200,TGT
2025-11-25,9:30:02.535111248,T,85.21,200,85.28,100,TGT
2025-11-25,9:30:02.535111248,T,85.21,200,85.29,100,TGT
2025-11-25,9:30:02.535181099,T,85.22,100,85.29,100,TGT
2025-11-25,9:30:02.535181099,T,85.22,200,85.29,100,TGT
2025-11-25,9:30:02.535191167,T,85.22,300,85.29,100,TGT
2025-11-25,9:30:02.535206181,T,85.22,200,85.29,100,TGT
2025-11-25,9:30:02.535211191,T,85.23,100,85.29,100,TGT
2025-11-25,9:30:02.535216254,T,85.24,200,85.29,100,TGT
2025-11-25,9:30:02.535241336,T,85.24,300,85.29,100,TGT
2025-11-25,9:30:02.535326776,T,85.24,200,85.29,100,TGT
2025-11-25,9:30:02.535326776,T,85.24,300,85.29,100,TGT
2025-11-25,9:30:02.612991509,T,85.24,400,85.29,100,TGT
2025-11-25,9:30:02.643479133,T,85.24,200,85.29,100,TGT
2025-11-25,9:30:02.782299881,T,85.24,100,85.29,100,TGT
2025-11-25,9:30:02.782765975,T,85.21,100,85.29,100,TGT
2025-11-25,9:30:02.782780997,T,85.24,100,85.29,100,TGT
2025-11-25,9:30:02.782786203,T,85.24,100,85.28,100,TGT
2025-11-25,9:30:02.782791090,T,85.24,100,85.28,200,TGT
2025-11-25,9:30:02.782816084,T,85.21,100,85.28,200,TGT
2025-11-25,9:30:02.782836235,T,85.21,100,85.27,100,TGT
2025-11-25,9:30:02.782836235,T,85.21,100,85.27,200,TGT
2025-11-25,9:30:02.782836235,T,85.21,100,85.26,100,TGT
2025-11-25,9:30:02.783252202,T,85.21,200,85.26,100,TGT
2025-11-25,9:30:02.793030409,T,85.21,300,85.26,100,TGT
2025-11-25,9:30:02.886773780,T,85.21,200,85.26,100,TGT
2025-11-25,9:30:02.892858263,T,85.21,200,85.27,100,TGT
2025-11-25,9:30:02.892863276,T,85.22,100,85.27,100,TGT
2025-11-25,9:30:02.892883337,T,85.22,100,85.29,100,TGT
2025-11-25,9:30:02.893800501,T,85.22,200,85.29,100,TGT
2025-11-25,9:30:02.894517272,T,85.22,300,85.29,100,TGT
2025-11-25,9:30:03.011791639,T,85.22,200,85.29,100,TGT
2025-11-25,9:30:03.021309326,T,85.23,100,85.29,100,TGT
2025-11-25,9:30:03.022587398,T,85.23,200,85.29,100,TGT
2025-11-25,9:30:03.023304060,T,85.23,300,85.29,100,TGT
2025-11-25,9:30:03.232146688,T,85.23,200,85.29,100,TGT
2025-11-25,9:30:03.395971946,T,85.23,200,85.3,100,TGT
2025-11-25,9:30:03.507387327,T,85.23,200,85.26,100,TGT
2025-11-25,9:30:03.680259158,T,85.23,100,85.26,100,TGT
2025-11-25,9:30:03.680264133,T,85.17,100,85.26,100,TGT
2025-11-25,9:30:03.680279555,T,85.17,100,85.24,100,TGT
2025-11-25,9:30:03.680314339,T,85.17,100,85.24,200,TGT
2025-11-25,9:30:03.680950840,T,85.14,100,85.24,200,TGT
2025-11-25,9:30:03.680971143,T,85.14,100,85.23,100,TGT
2025-11-25,9:30:03.680976058,T,85.14,100,85.22,100,TGT
2025-11-25,9:30:03.681000926,T,85.14,100,85.22,200,TGT
2025-11-25,9:30:03.681211411,T,85.11,100,85.22,200,TGT
2025-11-25,9:30:03.681386841,T,85.14,100,85.22,200,TGT
2025-11-25,9:30:03.681482100,T,85.14,100,85.2,100,TGT
2025-11-25,9:30:03.681672509,T,85.19,100,85.2,100,TGT
2025-11-25,9:30:03.681692584,T,85.14,100,85.2,100,TGT
2025-11-25,9:30:03.682509465,T,85.14,200,85.2,100,TGT
2025-11-25,9:30:03.684599480,T,85.14,200,85.22,200,TGT
2025-11-25,9:30:03.684619502,T,85.15,100,85.22,200,TGT
2025-11-25,9:30:03.684619502,T,85.15,200,85.22,200,TGT
2025-11-25,9:30:03.684624538,T,85.15,300,85.22,200,TGT
2025-11-25,9:30:03.684654616,T,85.16,100,85.22,200,TGT
2025-11-25,9:30:03.684674857,T,85.18,100,85.22,200,TGT
2025-11-25,9:30:03.684779870,T,85.16,100,85.22,200,TGT
2025-11-25,9:30:03.684800003,T,85.16,100,85.21,100,TGT
2025-11-25,9:30:03.684800003,T,85.16,100,85.21,200,TGT
2025-11-25,9:30:03.684825037,T,85.16,100,85.2,100,TGT
2025-11-25,9:30:03.685361290,T,85.15,300,85.2,100,TGT
2025-11-25,9:30:03.687646790,T,85.15,300,85.21,200,TGT
2025-11-25,9:30:03.687666983,T,85.16,100,85.21,200,TGT
2025-11-25,9:30:03.687666983,T,85.16,200,85.21,200,TGT
2025-11-25,9:30:03.687676838,T,85.16,300,85.21,200,TGT
2025-11-25,9:30:03.687711854,T,85.18,100,85.21,200,TGT
2025-11-25,9:30:03.687767042,T,85.16,300,85.21,200,TGT
2025-11-25,9:30:03.687822138,T,85.16,300,85.19,100,TGT
2025-11-25,9:30:03.688152977,T,85.16,200,85.19,100,TGT
2025-11-25,9:30:03.688418797,T,85.16,100,85.19,100,TGT
2025-11-25,9:30:03.688418797,T,85.15,300,85.19,100,TGT
2025-11-25,9:30:03.688448617,T,85.15,300,85.19,200,TGT
2025-11-25,9:30:03.688448617,T,85.15,300,85.19,300,TGT
2025-11-25,9:30:03.688448617,T,85.15,300,85.19,400,TGT
2025-11-25,9:30:03.688508793,T,85.15,200,85.19,400,TGT
2025-11-25,9:30:03.688513822,T,85.15,100,85.19,400,TGT
2025-11-25,9:30:03.688513822,T,85.14,200,85.19,400,TGT
2025-11-25,9:30:03.688529228,T,85.14,100,85.19,400,TGT
2025-11-25,9:30:03.688534103,T,85.14,100,85.18,100,TGT
2025-11-25,9:30:03.688534103,T,85.14,100,85.18,200,TGT
2025-11-25,9:30:03.688538875,T,85.14,100,85.18,300,TGT
2025-11-25,9:30:03.688538875,T,85.14,100,85.18,400,TGT
2025-11-25,9:30:03.688538875,T,85.14,100,85.18,500,TGT
2025-11-25,9:30:03.688544020,T,85.14,100,85.18,600,TGT
2025-11-25,9:30:03.688548911,T,85.14,100,85.18,900,TGT
2025-11-25,9:30:03.688563967,T,85.14,100,85.18,1000,TGT
2025-11-25,9:30:03.688573985,T,85.14,100,85.18,1100,TGT
2025-11-25,9:30:03.688578925,T,85.14,100,85.18,1200,TGT
2025-11-25,9:30:03.688584011,T,85.14,100,85.18,1300,TGT
2025-11-25,9:30:03.688659170,T,85.11,100,85.18,1300,TGT
2025-11-25,9:30:03.688679201,T,85.11,100,85.17,100,TGT
2025-11-25,9:30:03.688679201,T,85.11,100,85.17,200,TGT
2025-11-25,9:30:03.688684197,T,85.11,100,85.17,400,TGT
2025-11-25,9:30:03.688684197,T,85.11,100,85.17,800,TGT
2025-11-25,9:30:03.688689289,T,85.11,100,85.17,1000,TGT
2025-11-25,9:30:03.688709283,T,85.08,100,85.17,1000,TGT
2025-11-25,9:30:03.688719350,T,85.08,100,85.17,600,TGT
2025-11-25,9:30:03.688724272,T,85.08,100,85.17,400,TGT
2025-11-25,9:30:03.688744385,T,85.08,100,85.17,600,TGT
2025-11-25,9:30:03.688754442,T,85.08,100,85.16,200,TGT
2025-11-25,9:30:03.688799436,T,85.08,100,85.17,400,TGT
2025-11-25,9:30:03.688804553,T,85.08,100,85.16,400,TGT
2025-11-25,9:30:03.688804553,T,85.08,100,85.16,600,TGT
2025-11-25,9:30:03.688824608,T,85.08,100,85.16,200,TGT
2025-11-25,9:30:03.688829557,T,85.08,100,85.15,400,TGT
2025-11-25,9:30:03.688829557,T,85.08,100,85.15,600,TGT
2025-11-25,9:30:03.688854631,T,85.08,100,85.15,800,TGT
2025-11-25,9:30:03.688889704,T,85.08,100,85.15,900,TGT
2025-11-25,9:30:03.689466099,T,85.08,200,85.15,900,TGT
2025-11-25,9:30:03.689857024,T,85.08,200,85.15,800,TGT
2025-11-25,9:30:03.699199321,T,85.08,200,85.14,200,TGT
2025-11-25,9:30:03.699199321,T,85.08,200,85.14,600,TGT
2025-11-25,9:30:03.699199321,T,85.08,200,85.14,800,TGT
2025-11-25,9:30:03.699229563,T,85.08,200,85.14,600,TGT
2025-11-25,9:30:03.699229563,T,85.08,200,85.14,700,TGT
2025-11-25,9:30:03.699239342,T,85.08,200,85.14,300,TGT
2025-11-25,9:30:03.699249332,T,85.08,200,85.14,100,TGT
2025-11-25,9:30:03.699259495,T,85.08,200,85.14,300,TGT
2025-11-25,9:30:03.699259495,T,85.08,200,85.14,700,TGT
2025-11-25,9:30:03.699464930,T,85.08,100,85.14,700,TGT
2025-11-25,9:30:03.699921007,T,85.08,200,85.14,700,TGT
2025-11-25,9:30:03.699951023,T,85.08,200,85.14,600,TGT
2025-11-25,9:30:03.950568017,T,85.08,100,85.14,600,TGT
2025-11-25,9:30:03.950572975,T,85.08,100,85.13,100,TGT
2025-11-25,9:30:03.950603045,T,85.08,100,85.13,300,TGT
2025-11-25,9:30:03.950603045,T,85.08,100,85.13,500,TGT
2025-11-25,9:30:03.950603045,T,85.08,100,85.13,900,TGT
2025-11-25,9:30:03.950633164,T,85.05,200,85.13,900,TGT
2025-11-25,9:30:03.950653221,T,85.05,200,85.12,100,TGT
2025-11-25,9:30:03.950658409,T,85.05,200,85.12,200,TGT
2025-11-25,9:30:03.950658409,T,85.05,200,85.12,400,TGT
2025-11-25,9:30:03.950663389,T,85.05,200,85.12,800,TGT
2025-11-25,9:30:03.950668278,T,85.05,200,85.12,1000,TGT
2025-11-25,9:30:03.950683271,T,85.05,200,85.11,100,TGT
2025-11-25,9:30:03.950688223,T,85.0,200,85.11,100,TGT
2025-11-25,9:30:03.950703345,T,85.0,200,85.11,300,TGT
2025-11-25,9:30:03.950708383,T,85.0,200,85.11,700,TGT
2025-11-25,9:30:03.950708383,T,85.0,200,85.11,900,TGT
2025-11-25,9:30:03.952231987,T,85.0,200,85.09,100,TGT
2025-11-25,9:30:03.952252254,T,85.0,200,85.09,300,TGT
2025-11-25,9:30:03.952252254,T,85.0,200,85.09,700,TGT
2025-11-25,9:30:03.952257170,T,85.0,200,85.09,900,TGT
2025-11-25,9:30:03.952257170,T,85.0,200,85.09,800,TGT
2025-11-25,9:30:03.952257170,T,85.0,200,85.09,600,TGT
2025-11-25,9:30:03.952282040,T,85.0,200,85.09,200,TGT
2025-11-25,9:30:03.952282040,T,85.0,200,85.11,100,TGT
2025-11-25,9:30:03.952307134,T,85.06,100,85.11,100,TGT
2025-11-25,9:30:03.952307134,T,85.06,100,85.11,200,TGT
2025-11-25,9:30:03.952307134,T,85.06,100,85.11,600,TGT
2025-11-25,9:30:03.957845362,T,85.06,100,85.11,400,TGT
2025-11-25,9:30:03.957845362,T,85.06,100,85.12,400,TGT
2025-11-25,9:30:03.957865324,T,85.07,100,85.12,400,TGT
2025-11-25,9:30:03.957865324,T,85.09,100,85.12,400,TGT
2025-11-25,9:30:03.957870599,T,85.09,200,85.12,400,TGT
2025-11-25,9:30:03.957870599,T,85.09,200,85.12,300,TGT
2025-11-25,9:30:03.957890440,T,85.09,200,85.12,100,TGT
2025-11-25,9:30:03.957895426,T,85.09,300,85.12,100,TGT
2025-11-25,9:30:03.959123554,T,85.09,200,85.12,100,TGT
2025-11-25,9:30:03.967939393,T,85.09,200,85.13,300,TGT
2025-11-25,9:30:03.967974475,T,85.09,200,85.13,200,TGT
2025-11-25,9:30:03.967974475,T,85.09,200,85.18,100,TGT
2025-11-25,9:30:03.967994485,T,85.11,100,85.18,100,TGT
2025-11-25,9:30:03.967994485,T,85.12,100,85.18,100,TGT
2025-11-25,9:30:03.969287576,T,85.11,200,85.18,100,TGT
2025-11-25,9:30:03.997910715,T,85.11,200,85.14,100,TGT
2025-11-25,9:30:04.057938759,T,85.11,100,85.14,100,TGT
2025-11-25,9:30:04.057963814,T,85.1,100,85.14,100,TGT
2025-11-25,9:30:04.057963814,T,85.09,100,85.14,100,TGT
2025-11-25,9:30:04.195275898,T,85.09,100,85.18,100,TGT
2025-11-25,9:30:04.196849644,T,85.06,100,85.18,100,TGT
2025-11-25,9:30:04.272379621,T,85.06,100,85.17,100,TGT
2025-11-25,9:30:04.658173778,T,85.06,100,85.15,100,TGT
2025-11-25,9:30:04.658208855,T,85.06,100,85.13,100,TGT
2025-11-25,9:30:04.658690172,T,85.0,200,85.13,100,TGT
2025-11-25,9:30:04.659306434,T,85.05,100,85.13,100,TGT
2025-11-25,9:30:04.823532595,T,85.05,100,85.15,100,TGT
2025-11-25,9:30:04.824379766,T,85.0,200,85.15,100,TGT
2025-11-25,9:30:04.824379766,T,85.0,200,85.13,100,TGT
2025-11-25,9:30:04.968317555,T,85.0,200,85.15,100,TGT
2025-11-25,9:30:04.969124480,T,85.0,200,85.13,100,TGT
2025-11-25,9:30:05.106406491,T,85.0,200,85.15,100,TGT
2025-11-25,9:30:05.107233389,T,85.0,200,85.13,100,TGT
2025-11-25,9:30:05.202009155,T,85.0,200,85.15,100,TGT
2025-11-25,9:30:05.906357205,T,85.0,200,85.13,100,TGT
2025-11-25,9:30:06.280608745,T,85.0,200,85.15,100,TGT
2025-11-25,9:30:06.281230288,T,85.0,200,85.13,300,TGT
2025-11-25,9:30:06.281260334,T,85.0,200,85.12,100,TGT
2025-11-25,9:30:06.601523244,T,85.0,200,85.15,100,TGT
2025-11-25,9:30:07.259230113,T,85.0,200,85.15,200,TGT
2025-11-25,9:30:07.259245188,T,85.0,200,85.12,100,TGT
2025-11-25,9:30:07.259270289,T,85.0,200,85.1,100,TGT
2025-11-25,9:30:07.470749005,T,85.0,200,85.12,100,TGT
2025-11-25,9:30:07.474046833,T,85.0,200,85.09,100,TGT
2025-11-25,9:30:07.783504145,T,85.0,100,85.09,100,TGT
2025-11-25,9:30:07.783985231,T,85.0,100,85.06,100,TGT
2025-11-25,9:30:08.413925959,T,85.0,100,85.09,100,TGT
2025-11-25,9:30:08.605006202,T,85.0,100,85.12,100,TGT
2025-11-25,9:30:08.671604794,T,85.0,100,85.08,100,TGT
2025-11-25,9:30:08.691186535,T,85.0,100,85.08,200,TGT
2025-11-25,9:30:08.711354492,T,85.0,100,85.08,100,TGT
2025-11-25,9:30:08.996398609,T,85.0,100,85.1,100,TGT
2025-11-25,9:30:09.384117274,T,85.05,100,85.1,100,TGT
2025-11-25,9:30:09.384132279,T,85.05,200,85.1,100,TGT
2025-11-25,9:30:09.384187403,T,85.05,100,85.1,100,TGT
2025-11-25,9:30:09.384277669,T,85.05,100,85.1,200,TGT
2025-11-25,9:30:09.386026840,T,85.0,100,85.1,200,TGT
2025-11-25,9:30:09.386778576,T,85.05,100,85.1,200,TGT
2025-11-25,9:30:09.487308081,T,85.05,100,85.1,100,TGT
2025-11-25,9:30:09.696010337,T,85.0,100,85.1,100,TGT
2025-11-25,9:30:09.696792211,T,85.05,100,85.1,100,TGT
2025-11-25,9:30:09.968043440,T,85.05,100,85.12,200,TGT
2025-11-25,9:30:09.968058526,T,85.06,100,85.12,200,TGT
2025-11-25,9:30:09.968063532,T,85.06,200,85.12,200,TGT
2025-11-25,9:30:09.968068408,T,85.06,200,85.12,100,TGT
2025-11-25,9:30:09.968093519,T,85.07,100,85.12,100,TGT
2025-11-25,9:30:09.968113594,T,85.09,100,85.12,100,TGT
2025-11-25,9:30:09.968138603,T,85.09,100,85.14,100,TGT
2025-11-25,9:30:09.968143595,T,85.09,100,85.12,100,TGT
2025-11-25,9:30:09.968178666,T,85.09,100,85.14,100,TGT
2025-11-25,9:30:09.968399238,T,85.09,100,85.14,200,TGT
2025-11-25,9:30:09.968614772,T,85.09,100,85.14,300,TGT
2025-11-25,9:30:09.968649867,T,85.09,100,85.14,200,TGT
2025-11-25,9:30:09.968654813,T,85.09,100,85.12,100,TGT
2025-11-25,9:30:09.968674943,T,85.09,100,85.12,200,TGT
2025-11-25,9:30:09.968674943,T,85.09,100,85.12,300,TGT
2025-11-25,9:30:09.969045825,T,85.09,100,85.12,200,TGT
2025-11-25,9:30:09.969176091,T,85.09,100,85.12,100,TGT
2025-11-25,9:30:09.969181100,T,85.09,100,85.14,100,TGT
2025-11-25,9:30:09.969627204,T,85.11,100,85.14,100,TGT
2025-11-25,9:30:09.979636045,T,85.09,100,85.14,100,TGT
2025-11-25,9:30:10.106192486,T,85.09,100,85.15,100,TGT
2025-11-25,9:30:10.106212553,T,85.1,100,85.15,100,TGT
2025-11-25,9:30:10.106212553,T,85.1,200,85.15,100,TGT
2025-11-25,9:30:10.106247703,T,85.11,100,85.15,100,TGT
2025-11-25,9:30:10.106262651,T,85.13,100,85.15,100,TGT
2025-11-25,9:30:10.106678721,T,85.11,100,85.15,100,TGT
2025-11-25,9:30:10.106698703,T,85.11,100,85.14,100,TGT
2025-11-25,9:30:10.107074597,T,85.1,200,85.14,100,TGT
2025-11-25,9:30:10.116301905,T,85.1,100,85.14,100,TGT
2025-11-25,9:30:10.116326715,T,85.09,100,85.14,100,TGT
2025-11-25,9:30:10.116752713,T,85.09,100,85.15,200,TGT
2025-11-25,9:30:10.361966916,T,85.07,100,85.15,200,TGT
2025-11-25,9:30:10.362738766,T,85.07,100,85.15,100,TGT
2025-11-25,9:30:10.693040776,T,85.07,100,85.17,100,TGT
2025-11-25,9:30:10.693075803,T,85.07,200,85.17,100,TGT
2025-11-25,9:30:11.521173622,T,85.09,100,85.17,100,TGT
2025-11-25,9:30:11.521965514,T,85.09,200,85.17,100,TGT
2025-11-25,9:30:11.596593256,T,85.09,100,85.17,100,TGT
2025-11-25,9:30:11.661818682,T,85.09,100,85.19,100,TGT
2025-11-25,9:30:11.661823636,T,85.11,100,85.19,100,TGT
2025-11-25,9:30:11.662214631,T,85.11,100,85.17,100,TGT
2025-11-25,9:30:11.674283330,T,85.11,200,85.17,100,TGT
2025-11-25,9:30:12.029639879,T,85.11,200,85.19,100,TGT
2025-11-25,9:30:12.030451779,T,85.11,200,85.17,300,TGT
2025-11-25,9:30:12.030456795,T,85.11,100,85.17,300,TGT
2025-11-25,9:30:12.031223670,T,85.12,100,85.17,300,TGT
2025-11-25,9:30:12.031990485,T,85.12,200,85.17,300,TGT
2025-11-25,9:30:12.127312490,T,85.12,200,85.16,300,TGT
2025-11-25,9:30:12.127342597,T,85.12,100,85.16,300,TGT
2025-11-25,9:30:12.127357639,T,85.09,100,85.16,300,TGT
2025-11-25,9:30:12.127382704,T,85.09,100,85.15,100,TGT
2025-11-25,9:30:12.127382704,T,85.09,100,85.15,200,TGT
2025-11-25,9:30:12.127392657,T,85.07,100,85.15,200,TGT
2025-11-25,9:30:12.127412737,T,85.07,100,85.14,100,TGT
2025-11-25,9:30:12.127838772,T,85.07,100,85.14,200,TGT
2025-11-25,9:30:12.142939743,T,85.07,100,85.14,100,TGT
2025-11-25,9:30:12.327434246,T,85.07,100,85.16,300,TGT
2025-11-25,9:30:12.446633143,T,85.07,100,85.17,300,TGT
2025-11-25,9:30:12.447425058,T,85.09,100,85.17,300,TGT
2025-11-25,9:30:12.447450109,T,85.09,100,85.16,100,TGT
2025-11-25,9:30:12.448181895,T,85.07,100,85.16,100,TGT
2025-11-25,9:30:12.448658043,T,85.09,100,85.16,100,TGT
2025-11-25,9:30:12.703334688,T,85.09,100,85.17,300,TGT
2025-11-25,9:30:12.703805804,T,85.07,100,85.17,300,TGT
2025-11-25,9:30:12.703840973,T,85.09,100,85.17,300,TGT
2025-11-25,9:30:12.703860953,T,85.1,100,85.17,300,TGT
2025-11-25,9:30:12.704136773,T,85.1,100,85.17,400,TGT
2025-11-25,9:30:12.865380802,T,85.1,100,85.17,300,TGT
2025-11-25,9:30:12.865415866,T,85.07,100,85.17,300,TGT
2025-11-25,9:30:12.865435885,T,85.07,100,85.16,100,TGT
2025-11-25,9:30:12.865440930,T,85.1,100,85.16,100,TGT
2025-11-25,9:30:12.870187232,T,85.07,100,85.16,100,TGT
2025-11-25,9:30:12.870207448,T,85.07,100,85.15,100,TGT
2025-11-25,9:30:12.870212223,T,85.07,100,85.15,200,TGT
2025-11-25,9:30:12.870212223,T,85.07,100,85.15,300,TGT
2025-11-25,9:30:12.870242338,T,85.07,100,85.14,100,TGT
2025-11-25,9:30:12.870257347,T,85.07,100,85.12,100,TGT
2025-11-25,9:30:12.870277469,T,85.05,100,85.12,100,TGT
2025-11-25,9:30:12.870297450,T,85.05,100,85.11,100,TGT
2025-11-25,9:30:12.870327604,T,85.05,100,85.11,200,TGT
2025-11-25,9:30:12.870723491,T,85.05,100,85.1,100,TGT
2025-11-25,9:30:12.870723491,T,85.0,100,85.1,100,TGT
2025-11-25,9:30:12.870768549,T,85.0,100,85.09,100,TGT
2025-11-25,9:30:12.870768549,T,85.0,100,85.09,200,TGT
2025-11-25,9:30:12.870798846,T,85.0,100,85.09,300,TGT
2025-11-25,9:30:12.870893928,T,85.0,100,85.08,100,TGT
2025-11-25,9:30:13.070800184,T,85.0,100,85.1,100,TGT
2025-11-25,9:30:13.637886136,T,85.0,100,85.12,400,TGT
2025-11-25,9:30:14.479922059,T,85.0,100,85.12,300,TGT
2025-11-25,9:30:15.426316741,T,85.0,100,85.11,100,TGT
2025-11-25,9:30:16.071573990,T,85.0,100,85.12,300,TGT
2025-11-25,9:30:16.072400932,T,85.0,100,85.11,100,TGT
2025-11-25,9:30:17.907683048,T,85.0,100,85.12,300,TGT
2025-11-25,9:30:17.908515095,T,85.0,100,85.1,100,TGT
2025-11-25,9:30:18.029794022,T,85.0,100,85.12,300,TGT
2025-11-25,9:30:18.030570878,T,85.0,100,85.1,100,TGT
2025-11-25,9:30:18.745824954,T,85.0,100,85.12,300,TGT
2025-11-25,9:30:18.759838357,T,85.0,100,85.11,100,TGT
2025-11-25,9:30:18.929312137,T,85.04,100,85.11,100,TGT
2025-11-25,9:30:18.929327183,T,85.04,100,85.12,300,TGT
2025-11-25,9:30:18.929352182,T,85.08,100,85.12,300,TGT
2025-11-25,9:30:18.929387317,T,85.08,100,85.12,400,TGT
2025-11-25,9:30:18.929462472,T,85.04,100,85.12,400,TGT
2025-11-25,9:30:18.929497600,T,85.04,100,85.11,100,TGT
2025-11-25,9:30:18.929532629,T,85.04,100,85.1,100,TGT
2025-11-25,9:30:19.007573612,T,85.04,100,85.1,200,TGT
2025-11-25,9:30:19.030798930,T,85.04,100,85.1,100,TGT
2025-11-25,9:30:19.319321300,T,85.0,100,85.1,100,TGT
2025-11-25,9:30:19.319331291,T,85.0,100,85.09,100,TGT
2025-11-25,9:30:19.355297025,T,85.0,100,85.07,100,TGT
2025-11-25,9:30:19.355507505,T,85.0,100,85.04,100,TGT
2025-11-25,9:30:19.356394573,T,84.95,200,85.04,100,TGT
2025-11-25,9:30:19.356414713,T,84.95,200,85.03,100,TGT
2025-11-25,9:30:19.356444679,T,84.95,200,85.03,200,TGT
2025-11-25,9:30:19.356494858,T,84.95,200,85.02,100,TGT
2025-11-25,9:30:19.556736915,T,84.95,200,85.04,100,TGT
2025-11-25,9:30:19.557533758,T,84.95,200,85.01,100,TGT
2025-11-25,9:30:19.797380121,T,84.95,200,85.02,300,TGT
2025-11-25,9:30:19.798172005,T,84.95,200,85.0,100,TGT
2025-11-25,9:30:19.798197102,T,84.95,100,85.0,100,TGT
2025-11-25,9:30:19.798217199,T,84.83,100,85.0,100,TGT
2025-11-25,9:30:19.798237160,T,84.83,100,84.99,100,TGT
2025-11-25,9:30:19.798237160,T,84.83,100,84.99,200,TGT
2025-11-25,9:30:19.798252268,T,84.83,100,84.97,100,TGT
2025-11-25,9:30:19.798277321,T,84.82,100,84.97,100,TGT
2025-11-25,9:30:19.798307408,T,84.83,100,84.97,100,TGT
2025-11-25,9:30:19.798397576,T,84.82,100,84.97,100,TGT
2025-11-25,9:30:19.799059162,T,84.82,100,84.97,400,TGT
2025-11-25,9:30:19.998303791,T,84.82,100,84.97,300,TGT
2025-11-25,9:30:20.717502218,T,84.82,100,84.96,100,TGT
2025-11-25,9:30:22.349585394,T,84.82,100,84.97,300,TGT
2025-11-25,9:30:22.357238636,T,84.82,100,84.95,100,TGT
2025-11-25,9:30:22.875247610,T,84.82,100,84.99,100,TGT
2025-11-25,9:30:22.989534954,T,84.91,100,84.99,100,TGT
2025-11-25,9:30:22.989534954,T,84.91,200,84.99,100,TGT
2025-11-25,9:30:22.989534954,T,84.91,300,84.99,100,TGT
2025-11-25,9:30:22.990968282,T,84.91,200,84.99,100,TGT
2025-11-25,9:30:22.999578946,T,84.91,100,84.99,100,TGT
2025-11-25,9:30:22.999599004,T,84.86,100,84.99,100,TGT
2025-11-25,9:30:22.999994829,T,84.85,100,84.99,100,TGT
2025-11-25,9:30:22.999999783,T,84.82,100,84.99,100,TGT
2025-11-25,9:30:25.568809479,T,84.82,100,84.99,200,TGT
2025-11-25,9:30:26.039375504,T,84.82,100,84.99,100,TGT
2025-11-25,9:30:26.935881209,T,84.82,100,84.97,100,TGT
2025-11-25,9:30:27.760099769,T,84.82,100,84.99,100,TGT
2025-11-25,9:30:30.712107401,T,84.82,100,84.96,100,TGT
2025-11-25,9:30:30.732711503,T,84.82,100,84.95,100,TGT
2025-11-25,9:30:30.732716527,T,84.82,100,84.95,200,TGT
2025-11-25,9:30:30.732741712,T,84.8,100,84.95,200,TGT
2025-11-25,9:30:30.732741712,T,84.8,100,84.94,100,TGT
2025-11-25,9:30:30.733874238,T,84.8,100,84.92,100,TGT
2025-11-25,9:30:30.742770431,T,84.8,100,84.94,100,TGT
2025-11-25,9:30:30.783542623,T,84.8,100,84.95,200,TGT
2025-11-25,9:30:30.783562688,T,84.89,100,84.95,200,TGT
2025-11-25,9:30:30.783562688,T,84.89,200,84.95,200,TGT
2025-11-25,9:30:30.783562688,T,84.89,300,84.95,200,TGT
2025-11-25,9:30:30.783567788,T,84.89,300,84.95,100,TGT
2025-11-25,9:30:30.783577725,T,84.89,300,84.97,100,TGT
2025-11-25,9:30:30.783597763,T,84.89,200,84.97,100,TGT
2025-11-25,9:30:30.783597763,T,84.89,300,84.97,100,TGT
2025-11-25,9:30:30.783597763,T,84.89,300,84.99,200,TGT
2025-11-25,9:30:30.783618128,T,84.89,300,84.95,100,TGT
2025-11-25,9:30:30.783618128,T,84.89,300,84.95,200,TGT
2025-11-25,9:30:30.783618128,T,84.9,100,84.95,200,TGT
2025-11-25,9:30:30.783688355,T,84.92,100,84.95,200,TGT
2025-11-25,9:30:30.783693018,T,84.9,100,84.95,200,TGT
2025-11-25,9:30:30.783758086,T,84.89,300,84.95,200,TGT
2025-11-25,9:30:30.783778106,T,84.89,300,84.93,100,TGT
2025-11-25,9:30:30.783778106,T,84.9,100,84.93,100,TGT
2025-11-25,9:30:30.783798199,T,84.89,300,84.93,100,TGT
2025-11-25,9:30:30.783803221,T,84.89,300,84.95,200,TGT
2025-11-25,9:30:30.783823320,T,84.91,100,84.95,200,TGT
2025-11-25,9:30:30.783823320,T,84.93,100,84.95,200,TGT
2025-11-25,9:30:30.783833354,T,84.91,100,84.95,200,TGT
2025-11-25,9:30:30.783863364,T,84.91,100,84.93,100,TGT
2025-11-25,9:30:30.783883362,T,84.89,300,84.93,100,TGT
2025-11-25,9:30:30.783893396,T,84.89,300,84.95,200,TGT
2025-11-25,9:30:30.783903497,T,84.89,300,84.92,100,TGT
2025-11-25,9:30:30.783923461,T,84.9,100,84.92,100,TGT
2025-11-25,9:30:30.783923461,T,84.9,100,84.93,100,TGT
2025-11-25,9:30:30.783933487,T,84.89,300,84.93,100,TGT
2025-11-25,9:30:30.783938552,T,84.89,300,84.95,200,TGT
2025-11-25,9:30:30.783943565,T,84.89,200,84.95,200,TGT
2025-11-25,9:30:30.783958611,T,84.89,200,84.93,100,TGT
2025-11-25,9:30:30.783974024,T,84.89,200,84.94,200,TGT
2025-11-25,9:30:30.783978705,T,84.89,200,84.94,300,TGT
2025-11-25,9:30:30.783983605,T,84.89,200,84.94,200,TGT
2025-11-25,9:30:30.783983605,T,84.89,200,84.93,100,TGT
2025-11-25,9:30:30.784003815,T,84.89,100,84.93,100,TGT
2025-11-25,9:30:30.784008716,T,84.83,100,84.93,100,TGT
2025-11-25,9:30:30.784013757,T,84.83,100,84.94,100,TGT
2025-11-25,9:30:30.784018681,T,84.83,100,84.93,100,TGT
2025-11-25,9:30:30.784028722,T,84.83,100,84.92,100,TGT
2025-11-25,9:30:30.784028722,T,84.83,100,84.92,200,TGT
2025-11-25,9:30:30.784063821,T,84.83,100,84.92,100,TGT
2025-11-25,9:30:30.784078871,T,84.83,100,84.91,100,TGT
2025-11-25,9:30:30.784083869,T,84.9,100,84.91,100,TGT
2025-11-25,9:30:30.784093933,T,84.9,100,84.92,100,TGT
2025-11-25,9:30:30.784098903,T,84.9,100,84.93,200,TGT
2025-11-25,9:30:30.784104136,T,84.9,100,84.93,100,TGT
2025-11-25,9:30:30.784109050,T,84.9,100,84.94,100,TGT
2025-11-25,9:30:30.784113979,T,84.83,100,84.94,100,TGT
2025-11-25,9:30:30.784209692,T,84.83,100,84.94,200,TGT
2025-11-25,9:30:30.784209692,T,84.83,100,84.94,300,TGT
2025-11-25,9:30:30.784209692,T,84.83,100,84.93,100,TGT
2025-11-25,9:30:30.784214150,T,84.83,100,84.93,200,TGT
2025-11-25,9:30:30.784214150,T,84.83,100,84.93,300,TGT
2025-11-25,9:30:30.784214150,T,84.83,100,84.93,200,TGT
2025-11-25,9:30:30.784229270,T,84.83,100,84.93,100,TGT
2025-11-25,9:30:30.784229270,T,84.83,100,84.94,100,TGT
2025-11-25,9:30:30.784234268,T,84.82,100,84.94,100,TGT
2025-11-25,9:30:30.784244247,T,84.91,100,84.94,100,TGT
2025-11-25,9:30:30.784249306,T,84.91,100,84.93,100,TGT
2025-11-25,9:30:30.784299428,T,84.91,100,84.94,100,TGT
2025-11-25,9:30:30.784424695,T,84.9,100,84.94,100,TGT
2025-11-25,9:30:30.784444789,T,84.9,100,84.93,100,TGT
2025-11-25,9:30:30.784509877,T,84.86,100,84.93,100,TGT
2025-11-25,9:30:30.784534996,T,84.89,100,84.93,100,TGT
2025-11-25,9:30:30.784595070,T,84.89,100,84.93,200,TGT
2025-11-25,9:30:30.784600200,T,84.86,100,84.93,200,TGT
2025-11-25,9:30:30.784610166,T,84.86,100,84.93,300,TGT
2025-11-25,9:30:30.784620169,T,84.86,100,84.91,100,TGT
2025-11-25,9:30:30.784840660,T,84.88,100,84.91,100,TGT
2025-11-25,9:30:30.784930939,T,84.88,200,84.91,100,TGT
2025-11-25,9:30:30.785176542,T,84.88,200,84.92,300,TGT
2025-11-25,9:30:30.785281774,T,84.88,300,84.92,300,TGT
2025-11-25,9:30:30.791676990,T,84.88,300,84.92,200,TGT
2025-11-25,9:30:30.791676990,T,84.88,300,84.92,100,TGT
2025-11-25,9:30:30.836523806,T,84.88,300,84.93,200,TGT
2025-11-25,9:30:30.885951575,T,84.88,300,84.93,100,TGT
2025-11-25,9:30:30.885971633,T,84.88,300,84.94,100,TGT
2025-11-25,9:30:30.885986704,T,84.88,300,84.95,100,TGT
2025-11-25,9:30:30.885996686,T,84.89,100,84.95,100,TGT
2025-11-25,9:30:30.885996686,T,84.9,100,84.95,100,TGT
2025-11-25,9:30:30.885996686,T,84.93,100,84.95,100,TGT
2025-11-25,9:30:30.886001695,T,84.93,200,84.95,100,TGT
2025-11-25,9:30:30.886001695,T,84.93,300,84.95,100,TGT
2025-11-25,9:30:30.886011749,T,84.94,100,84.95,100,TGT
2025-11-25,9:30:30.886011749,T,84.94,200,84.95,100,TGT
2025-11-25,9:30:30.886016828,T,84.94,300,84.95,100,TGT
2025-11-25,9:30:30.886016828,T,84.94,300,84.99,200,TGT
2025-11-25,9:30:30.886021698,T,84.94,300,84.99,100,TGT
2025-11-25,9:30:30.886031718,T,84.94,200,84.99,100,TGT
2025-11-25,9:30:30.886036947,T,84.94,100,84.99,100,TGT
2025-11-25,9:30:30.886036947,T,84.92,100,84.99,100,TGT
2025-11-25,9:30:30.886122007,T,84.92,100,84.96,100,TGT
2025-11-25,9:30:30.886132062,T,84.9,100,84.96,100,TGT
2025-11-25,9:30:30.886152067,T,84.9,100,84.95,100,TGT
2025-11-25,9:30:30.886152067,T,84.9,100,84.95,200,TGT
2025-11-25,9:30:30.886222245,T,84.9,100,84.94,100,TGT
2025-11-25,9:30:30.886547962,T,84.89,200,84.94,100,TGT
2025-11-25,9:30:30.895995461,T,84.89,100,84.94,100,TGT
2025-11-25,9:30:31.086273787,T,84.82,100,84.94,100,TGT
2025-11-25,9:30:31.086303923,T,84.8,100,84.94,100,TGT
2025-11-25,9:30:31.159538487,T,84.82,100,84.94,100,TGT
2025-11-25,9:30:31.159558451,T,84.82,100,84.95,100,TGT
2025-11-25,9:30:31.159638630,T,84.86,100,84.95,100,TGT
2025-11-25,9:30:31.159668759,T,84.9,100,84.95,100,TGT
2025-11-25,9:30:31.159673701,T,84.9,200,84.95,100,TGT
2025-11-25,9:30:31.159673701,T,84.9,300,84.95,100,TGT
2025-11-25,9:30:31.159713797,T,84.9,300,84.94,100,TGT
2025-11-25,9:30:31.159743821,T,84.93,100,84.94,100,TGT
2025-11-25,9:30:31.159768915,T,84.9,300,84.94,100,TGT
2025-11-25,9:30:31.159773858,T,84.9,300,84.97,100,TGT
2025-11-25,9:30:31.159798979,T,84.9,300,84.94,100,TGT
2025-11-25,9:30:31.159804024,T,84.9,300,84.93,100,TGT
2025-11-25,9:30:31.159864766,T,84.9,300,84.93,200,TGT
2025-11-25,9:30:31.159864766,T,84.9,300,84.93,100,TGT
2025-11-25,9:30:31.159894223,T,84.9,200,84.93,100,TGT
2025-11-25,9:30:31.159894223,T,84.9,100,84.93,100,TGT
2025-11-25,9:30:31.159899228,T,84.87,100,84.93,100,TGT
2025-11-25,9:30:31.159914195,T,84.87,100,84.91,100,TGT
2025-11-25,9:30:31.159964399,T,84.87,100,84.91,200,TGT
2025-11-25,9:30:31.160230021,T,84.87,100,84.91,100,TGT
2025-11-25,9:30:31.160255047,T,84.87,100,84.92,200,TGT
2025-11-25,9:30:31.160260013,T,84.87,100,84.92,300,TGT
2025-11-25,9:30:31.160270093,T,84.89,100,84.92,300,TGT
2025-11-25,9:30:31.160280094,T,84.9,100,84.92,300,TGT
2025-11-25,9:30:31.160285100,T,84.9,100,84.92,200,TGT
2025-11-25,9:30:31.160295347,T,84.9,100,84.92,100,TGT
2025-11-25,9:30:31.160295347,T,84.9,100,84.93,100,TGT
2025-11-25,9:30:31.160375484,T,84.89,100,84.93,100,TGT
2025-11-25,9:30:31.160400460,T,84.89,100,84.93,300,TGT
2025-11-25,9:30:31.160445505,T,84.9,100,84.93,300,TGT
2025-11-25,9:30:31.160455579,T,84.89,100,84.93,300,TGT
2025-11-25,9:30:31.160455579,T,84.87,100,84.93,300,TGT
2025-11-25,9:30:31.160465508,T,84.87,100,84.93,100,TGT
2025-11-25,9:30:31.160491024,T,84.87,100,84.93,300,TGT
2025-11-25,9:30:31.160495948,T,84.87,100,84.93,200,TGT
2025-11-25,9:30:31.160500688,T,84.87,100,84.94,100,TGT
2025-11-25,9:30:31.160500688,T,84.87,100,84.92,200,TGT
2025-11-25,9:30:31.160515704,T,84.89,100,84.92,200,TGT
2025-11-25,9:30:31.160525733,T,84.89,100,84.91,100,TGT
2025-11-25,9:30:31.160560811,T,84.87,100,84.91,100,TGT
2025-11-25,9:30:31.160565870,T,84.87,100,84.93,200,TGT
2025-11-25,9:30:31.160580792,T,84.87,100,84.91,100,TGT
2025-11-25,9:30:31.160615956,T,84.87,100,84.97,100,TGT
2025-11-25,9:30:31.160621161,T,84.87,100,84.92,200,TGT
2025-11-25,9:30:31.161016860,T,84.88,100,84.92,200,TGT
2025-11-25,9:30:31.161036977,T,84.88,100,84.97,100,TGT
2025-11-25,9:30:31.161061946,T,84.88,100,84.93,200,TGT
2025-11-25,9:30:31.161107124,T,84.88,100,84.93,300,TGT
2025-11-25,9:30:31.161142153,T,84.88,100,84.93,200,TGT
2025-11-25,9:30:31.161713667,T,84.88,100,84.93,400,TGT
2025-11-25,9:30:31.228708421,T,84.88,100,84.93,200,TGT
2025-11-25,9:30:31.228708421,T,84.88,100,84.97,100,TGT
2025-11-25,9:30:31.228743250,T,84.88,100,84.99,200,TGT
2025-11-25,9:30:31.228743250,T,84.89,100,84.99,200,TGT
2025-11-25,9:30:31.228753304,T,84.88,100,84.99,200,TGT
2025-11-25,9:30:31.228758273,T,84.89,100,84.99,200,TGT
2025-11-25,9:30:31.228773315,T,84.91,100,84.99,200,TGT
2025-11-25,9:30:31.229274493,T,84.91,100,84.95,100,TGT
2025-11-25,9:30:31.229555214,T,84.93,100,84.95,100,TGT
2025-11-25,9:30:31.229560141,T,84.91,100,84.95,100,TGT
2025-11-25,9:30:31.229575192,T,84.86,100,84.95,100,TGT
2025-11-25,9:30:31.229580271,T,84.86,100,84.94,100,TGT
2025-11-25,9:30:31.229600250,T,84.83,100,84.94,100,TGT
2025-11-25,9:30:31.229605271,T,84.89,100,84.94,100,TGT
2025-11-25,9:30:31.229620358,T,84.89,100,84.94,200,TGT
2025-11-25,9:30:31.229635357,T,84.83,100,84.94,200,TGT
2025-11-25,9:30:31.229650663,T,84.83,100,84.93,100,TGT
2025-11-25,9:30:31.230316946,T,84.91,100,84.93,100,TGT
2025-11-25,9:30:31.230858483,T,84.91,100,84.94,200,TGT
2025-11-25,9:30:31.230858483,T,84.91,100,84.94,100,TGT
2025-11-25,9:30:31.230873359,T,84.83,100,84.94,100,TGT
2025-11-25,9:30:31.230893324,T,84.83,100,84.95,100,TGT
2025-11-25,9:30:31.231088848,T,84.83,100,84.99,200,TGT
2025-11-25,9:30:31.350844195,T,84.83,100,84.99,100,TGT
2025-11-25,9:30:31.350849137,T,84.92,100,84.99,100,TGT
2025-11-25,9:30:31.377036577,T,84.94,100,84.99,100,TGT
2025-11-25,9:30:31.377668022,T,84.94,200,84.99,100,TGT
2025-11-25,9:30:31.377768341,T,84.94,100,84.99,100,TGT
2025-11-25,9:30:31.550905879,T,84.92,100,84.99,100,TGT
2025-11-25,9:30:31.738507861,T,84.88,100,84.99,100,TGT
2025-11-25,9:30:31.738512829,T,84.88,100,84.98,100,TGT
2025-11-25,9:30:31.738517884,T,84.86,100,84.98,100,TGT
2025-11-25,9:30:32.018509845,T,84.86,100,84.99,100,TGT
2025-11-25,9:30:32.019407042,T,84.86,100,84.98,100,TGT
2025-11-25,9:30:32.168757818,T,84.86,100,84.99,100,TGT
2025-11-25,9:30:32.169564725,T,84.86,100,84.99,200,TGT
2025-11-25,9:30:32.554421668,T,84.86,100,84.99,100,TGT
2025-11-25,9:30:36.472646081,T,84.86,100,85.01,200,TGT
2025-11-25,9:30:36.472666229,T,84.9,100,85.01,200,TGT
2025-11-25,9:30:36.472666229,T,84.91,100,85.01,200,TGT
2025-11-25,9:30:36.472666229,T,84.95,100,85.01,200,TGT
2025-11-25,9:30:36.472671415,T,84.95,200,85.01,200,TGT
2025-11-25,9:30:36.472706536,T,84.96,100,85.01,200,TGT
2025-11-25,9:30:36.473583246,T,84.95,200,85.01,200,TGT
2025-11-25,9:30:36.473889083,T,84.95,200,85.01,300,TGT
2025-11-25,9:30:36.482704997,T,84.95,100,85.01,300,TGT
2025-11-25,9:30:36.573015118,T,84.94,100,85.01,300,TGT
2025-11-25,9:30:36.573045236,T,84.9,100,85.01,300,TGT
2025-11-25,9:30:36.573070319,T,84.86,100,85.01,300,TGT
2025-11-25,9:30:36.573847185,T,84.86,100,85.01,200,TGT
2025-11-25,9:30:36.573847185,T,84.93,100,85.01,200,TGT
2025-11-25,9:30:36.839600294,T,84.86,100,85.01,200,TGT
2025-11-25,9:30:37.843692377,T,84.88,100,85.01,200,TGT
2025-11-25,9:30:39.025733419,T,84.86,100,85.01,200,TGT
2025-11-25,9:30:39.025803581,T,84.86,100,85.0,100,TGT
2025-11-25,9:30:39.617824002,T,84.86,100,85.01,200,TGT
2025-11-25,9:30:39.618676112,T,84.86,100,85.0,100,TGT
2025-11-25,9:30:39.875132004,T,84.86,100,85.01,100,TGT
2025-11-25,9:30:39.875984071,T,84.86,100,85.01,200,TGT
2025-11-25,9:30:40.027590280,T,84.89,100,85.01,200,TGT
2025-11-25,9:30:40.027620394,T,84.89,100,85.01,100,TGT
2025-11-25,9:30:41.985945910,T,84.86,100,85.01,100,TGT
2025-11-25,9:30:41.985981005,T,84.86,100,85.0,100,TGT
2025-11-25,9:30:42.987732508,T,84.86,100,85.01,100,TGT
2025-11-25,9:30:42.988649803,T,84.86,100,85.0,100,TGT
2025-11-25,9:30:42.989797497,T,84.89,100,85.0,100,TGT
2025-11-25,9:30:43.360881553,T,84.89,100,85.01,100,TGT
2025-11-25,9:30:43.361703468,T,84.89,100,85.01,200,TGT
2025-11-25,9:30:43.563108206,T,84.89,100,85.01,100,TGT
2025-11-25,9:30:43.762578472,T,84.89,100,85.0,100,TGT
2025-11-25,9:30:43.964479496,T,84.89,100,85.01,100,TGT
2025-11-25,9:30:43.965291335,T,84.89,100,85.01,200,TGT
2025-11-25,9:30:44.584586725,T,84.89,100,85.01,100,TGT
2025-11-25,9:30:44.734859715,T,84.89,100,85.01,200,TGT
2025-11-25,9:30:44.795323758,T,84.89,100,85.0,100,TGT
2025-11-25,9:30:44.900609591,T,84.89,100,85.01,200,TGT
2025-11-25,9:30:44.901386378,T,84.89,100,85.01,300,TGT
2025-11-25,9:30:45.011117793,T,84.89,100,85.01,200,TGT
2025-11-25,9:30:45.227829045,T,84.89,100,85.0,100,TGT
2025-11-25,9:30:45.555900621,T,84.89,100,85.01,200,TGT
2025-11-25,9:30:45.557419255,T,84.89,100,85.0,100,TGT
2025-11-25,9:30:47.439919114,T,84.89,100,85.01,200,TGT
2025-11-25,9:30:47.577837762,T,84.89,100,85.0,100,TGT
2025-11-25,9:30:47.579145791,T,84.88,100,85.0,100,TGT
2025-11-25,9:30:47.579165865,T,84.86,100,85.0,100,TGT
2025-11-25,9:30:47.579186092,T,84.86,100,84.99,100,TGT
2025-11-25,9:30:47.579190896,T,84.86,100,84.99,200,TGT
2025-11-25,9:30:47.579200921,T,84.86,100,84.96,200,TGT
2025-11-25,9:30:47.620544402,T,84.83,100,84.96,200,TGT
2025-11-25,9:30:47.631876454,T,84.83,100,84.99,200,TGT
2025-11-25,9:30:47.632708450,T,84.83,100,84.98,100,TGT
2025-11-25,9:30:47.780159659,T,84.83,100,85.0,100,TGT
2025-11-25,9:30:47.781016698,T,84.82,100,85.0,100,TGT
2025-11-25,9:30:47.781016698,T,84.82,100,84.98,100,TGT
2025-11-25,9:30:48.843377653,T,84.82,100,85.0,100,TGT
2025-11-25,9:30:48.843407657,T,84.9,200,85.0,100,TGT
2025-11-25,9:30:48.968004518,T,84.9,200,85.01,100,TGT
2025-11-25,9:30:48.968004518,T,84.92,200,85.01,100,TGT
2025-11-25,9:30:48.968851578,T,84.92,200,85.01,200,TGT
2025-11-25,9:30:50.094488215,T,84.9,200,85.01,200,TGT
2025-11-25,9:30:50.095300381,T,84.9,200,85.01,100,TGT
2025-11-25,9:30:50.095300381,T,84.92,200,85.01,100,TGT
2025-11-25,9:30:50.589632820,T,84.9,200,85.01,100,TGT
2025-11-25,9:30:50.589657831,T,84.9,200,85.0,100,TGT
2025-11-25,9:30:51.917150325,T,84.9,200,85.01,100,TGT
2025-11-25,9:30:51.917155318,T,84.92,100,85.01,100,TGT
2025-11-25,9:30:51.917992355,T,84.92,100,85.01,200,TGT
2025-11-25,9:30:52.339366218,T,84.9,200,85.01,200,TGT
2025-11-25,9:30:52.340178153,T,84.92,100,85.01,200,TGT
2025-11-25,9:30:53.647838609,T,84.92,100,84.99,100,TGT
2025-11-25,9:30:53.647903740,T,84.92,100,84.99,200,TGT
2025-11-25,9:30:53.647913711,T,84.9,200,84.99,200,TGT
2025-11-25,9:30:53.648104166,T,84.9,200,84.99,300,TGT
2025-11-25,9:30:53.662904412,T,84.9,200,84.99,200,TGT
2025-11-25,9:30:53.668146991,T,84.9,200,84.99,100,TGT
2025-11-25,9:30:53.668146991,T,84.93,100,84.99,100,TGT
2025-11-25,9:30:53.669946207,T,84.93,100,84.99,200,TGT
2025-11-25,9:30:53.955877354,T,84.93,100,84.99,100,TGT
2025-11-25,9:30:53.955907524,T,84.93,100,85.01,200,TGT
2025-11-25,9:30:53.955932590,T,84.9,200,85.01,200,TGT
2025-11-25,9:30:55.508576512,T,84.9,200,84.99,100,TGT
2025-11-25,9:30:55.508791935,T,84.9,200,84.99,200,TGT
2025-11-25,9:30:55.508997354,T,84.9,200,84.99,300,TGT
2025-11-25,9:30:55.617826684,T,84.82,100,84.99,300,TGT
2025-11-25,9:30:55.617931874,T,84.82,100,84.99,200,TGT
2025-11-25,9:30:55.618423081,T,84.82,100,84.98,100,TGT
2025-11-25,9:30:55.618934284,T,84.82,100,84.98,200,TGT
2025-11-25,9:30:55.619355247,T,84.82,100,84.98,300,TGT
2025-11-25,9:30:55.651005678,T,84.89,100,84.98,300,TGT
2025-11-25,9:30:56.475479840,T,84.82,100,84.98,300,TGT
2025-11-25,9:30:56.477033622,T,84.82,100,84.98,200,TGT
2025-11-25,9:30:56.478015887,T,84.82,100,84.97,100,TGT
2025-11-25,9:30:56.478682509,T,84.82,100,84.97,200,TGT
2025-11-25,9:30:56.478973218,T,84.82,100,84.97,300,TGT
2025-11-25,9:30:57.580467285,T,84.82,100,84.97,200,TGT
2025-11-25,9:30:57.580888281,T,84.82,100,84.97,100,TGT
2025-11-25,9:30:57.656613650,T,84.82,100,84.96,100,TGT
2025-11-25,9:30:57.657129923,T,84.82,100,84.96,200,TGT
2025-11-25,9:30:59.435361334,T,84.82,100,84.96,100,TGT
2025-11-25,9:31:00.480781939,T,84.9,100,84.96,100,TGT
2025-11-25,9:31:00.480987367,T,84.9,100,85.01,300,TGT
2025-11-25,9:31:05.782843195,T,84.91,100,85.01,300,TGT
2025-11-25,9:31:05.782848471,T,84.91,200,85.01,300,TGT
2025-11-25,9:31:05.782853128,T,84.92,200,85.01,300,TGT
2025-11-25,9:31:05.783309231,T,84.93,100,85.01,300,TGT
2025-11-25,9:31:05.783309231,T,84.94,100,85.01,300,TGT
2025-11-25,9:31:05.783314306,T,84.96,100,85.01,300,TGT
2025-11-25,9:31:05.783329256,T,84.94,400,85.01,300,TGT
2025-11-25,9:31:05.783349316,T,84.94,400,85.01,200,TGT
2025-11-25,9:31:05.783354339,T,84.96,200,85.01,200,TGT
2025-11-25,9:31:05.783920777,T,84.96,200,85.01,100,TGT
2025-11-25,9:31:05.783925705,T,84.96,200,85.04,200,TGT
2025-11-25,9:31:05.783945755,T,84.99,100,85.04,200,TGT
2025-11-25,9:31:05.783955859,T,84.99,100,85.04,100,TGT
2025-11-25,9:31:05.783976009,T,84.99,200,85.04,100,TGT
2025-11-25,9:31:05.784111173,T,84.99,100,85.04,100,TGT
2025-11-25,9:31:05.784111173,T,84.96,200,85.04,100,TGT
2025-11-25,9:31:05.784131165,T,84.96,200,85.03,100,TGT
2025-11-25,9:31:05.784131165,T,84.96,200,85.01,100,TGT
2025-11-25,9:31:05.784161294,T,84.96,200,85.01,200,TGT
2025-11-25,9:31:05.784271610,T,84.94,400,85.01,200,TGT
2025-11-25,9:31:05.784617339,T,84.98,100,85.01,200,TGT
2025-11-25,9:31:05.786206189,T,84.94,400,85.01,200,TGT
2025-11-25,9:31:05.787038189,T,84.96,100,85.01,200,TGT
2025-11-25,9:31:05.884184580,T,84.96,100,85.01,100,TGT
2025-11-25,9:31:05.982889780,T,84.94,200,85.01,100,TGT
2025-11-25,9:31:05.983646570,T,84.94,100,85.01,100,TGT
2025-11-25,9:31:07.105689662,T,84.94,100,85.04,100,TGT
2025-11-25,9:31:07.105709658,T,84.95,100,85.04,100,TGT
2025-11-25,9:31:07.105714718,T,84.97,300,85.04,100,TGT
2025-11-25,9:31:07.105734732,T,84.98,100,85.04,100,TGT
2025-11-25,9:31:07.107483904,T,84.98,100,85.07,100,TGT
2025-11-25,9:31:07.107504254,T,84.98,200,85.07,100,TGT
2025-11-25,9:31:07.107504254,T,84.99,100,85.07,100,TGT
2025-11-25,9:31:07.107504254,T,85.01,300,85.07,100,TGT
2025-11-25,9:31:07.107524022,T,84.99,200,85.07,100,TGT
2025-11-25,9:31:07.107529061,T,84.99,200,85.09,100,TGT
2025-11-25,9:31:07.107529061,T,85.0,100,85.09,100,TGT
2025-11-25,9:31:07.107559085,T,85.02,100,85.09,100,TGT
2025-11-25,9:31:07.108120423,T,85.0,200,85.09,100,TGT
2025-11-25,9:31:07.108401055,T,85.0,100,85.09,100,TGT
2025-11-25,9:31:07.108947339,T,85.0,100,85.12,300,TGT
2025-11-25,9:31:07.109017555,T,85.0,100,85.1,100,TGT
2025-11-25,9:31:07.120349560,T,85.0,100,85.1,200,TGT
2025-11-25,9:31:07.307570577,T,84.98,100,85.1,200,TGT
2025-11-25,9:31:07.308362518,T,84.98,100,85.1,100,TGT
2025-11-25,9:31:11.581141807,T,84.96,500,85.1,100,TGT
2025-11-25,9:31:11.581171819,T,84.96,500,85.09,100,TGT
2025-11-25,9:31:12.899888454,T,84.96,500,85.12,100,TGT
2025-11-25,9:31:12.900098938,T,84.96,500,85.12,200,TGT
2025-11-25,9:31:12.900129118,T,84.96,500,85.1,100,TGT
2025-11-25,9:31:13.006247187,T,84.96,500,85.12,100,TGT
2025-11-25,9:31:13.006457385,T,84.96,500,85.12,200,TGT
2025-11-25,9:31:13.006487490,T,84.96,500,85.1,100,TGT
2025-11-25,9:31:13.153026585,T,84.96,500,85.12,100,TGT
2025-11-25,9:31:15.283201211,T,84.96,500,85.1,100,TGT
2025-11-25,9:31:15.283221287,T,84.97,100,85.1,100,TGT
2025-11-25,9:31:15.283627248,T,84.97,100,85.1,200,TGT
2025-11-25,9:31:15.284108440,T,84.96,500,85.1,200,TGT
2025-11-25,9:31:15.284333946,T,84.96,500,85.1,300,TGT
2025-11-25,9:31:18.565972024,T,84.96,500,85.1,200,TGT
2025-11-25,9:31:18.566192572,T,84.96,500,85.1,100,TGT
2025-11-25,9:31:20.317850465,T,84.96,500,85.12,100,TGT
2025-11-25,9:31:20.317880569,T,84.97,100,85.12,100,TGT
2025-11-25,9:31:20.318692443,T,84.97,100,85.09,100,TGT
2025-11-25,9:31:20.319474321,T,84.96,500,85.09,100,TGT
2025-11-25,9:31:22.406426337,T,84.96,500,85.12,100,TGT
2025-11-25,9:31:22.407228212,T,84.97,100,85.12,100,TGT
2025-11-25,9:31:24.179730808,T,84.96,500,85.12,100,TGT
2025-11-25,9:31:26.003886594,T,84.97,100,85.12,100,TGT
2025-11-25,9:31:29.165268347,T,84.96,500,85.12,100,TGT
2025-11-25,9:31:29.692123492,T,84.97,200,85.12,100,TGT
2025-11-25,9:31:30.677896785,T,84.96,500,85.12,100,TGT
2025-11-25,9:31:42.924542618,T,84.92,200,85.12,100,TGT
2025-11-25,9:31:42.924612828,T,84.9,100,85.12,100,TGT
2025-11-25,9:31:43.246985714,T,84.86,200,85.12,100,TGT
2025-11-25,9:31:44.971614191,T,84.86,200,85.12,200,TGT
2025-11-25,9:31:46.564293620,T,84.86,200,85.12,300,TGT
2025-11-25,9:31:47.437313391,T,84.86,200,85.12,400,TGT
2025-11-25,9:31:50.147695487,T,84.86,200,85.09,100,TGT
2025-11-25,9:31:50.147760618,T,84.86,200,85.09,200,TGT
2025-11-25,9:31:50.147880952,T,84.82,100,85.09,200,TGT
2025-11-25,9:31:50.147941085,T,84.82,100,85.09,300,TGT
2025-11-25,9:31:50.148141501,T,84.82,100,85.09,400,TGT
2025-11-25,9:31:50.259065792,T,84.82,100,85.09,300,TGT
2025-11-25,9:31:50.291117200,T,84.82,100,85.08,100,TGT
2025-11-25,9:31:51.129970618,T,84.82,100,85.08,200,TGT
2025-11-25,9:31:51.129970618,T,84.82,100,85.08,100,TGT
2025-11-25,9:31:51.129980643,T,84.82,100,85.08,200,TGT
2025-11-25,9:31:51.130201187,T,84.82,100,85.08,300,TGT
2025-11-25,9:31:51.130231242,T,84.82,100,85.07,100,TGT
2025-11-25,9:31:51.175223476,T,84.82,100,85.07,200,TGT
2025-11-25,9:31:51.175428925,T,84.82,100,85.07,300,TGT
2025-11-25,9:31:51.175844873,T,84.82,100,85.07,400,TGT
2025-11-25,9:31:51.289124735,T,84.82,100,85.07,300,TGT
2025-11-25,9:31:51.299228837,T,84.82,100,84.98,200,TGT
2025-11-25,9:31:51.299263986,T,84.8,100,84.98,200,TGT
2025-11-25,9:31:51.299283946,T,84.8,100,84.98,300,TGT
2025-11-25,9:31:51.299283946,T,84.8,100,84.97,100,TGT
2025-11-25,9:31:51.299288951,T,84.8,100,84.94,200,TGT
2025-11-25,9:31:51.299304047,T,84.8,100,84.97,200,TGT
2025-11-25,9:31:51.299314058,T,84.8,100,84.97,300,TGT
2025-11-25,9:31:51.299359115,T,84.8,100,84.96,100,TGT
2025-11-25,9:31:51.299359115,T,84.8,100,84.93,200,TGT
2025-11-25,9:31:51.299374185,T,84.8,100,84.96,200,TGT
2025-11-25,9:31:51.299695015,T,84.8,100,84.96,300,TGT
2025-11-25,9:31:51.300110956,T,84.87,100,84.96,300,TGT
2025-11-25,9:31:51.300115928,T,84.89,100,84.96,300,TGT
2025-11-25,9:31:51.300136039,T,84.87,100,84.96,300,TGT
2025-11-25,9:31:51.300146086,T,84.87,100,84.96,200,TGT
2025-11-25,9:31:51.300146086,T,84.87,100,84.96,100,TGT
2025-11-25,9:31:51.300150994,T,84.87,100,84.97,200,TGT
2025-11-25,9:31:51.300156065,T,84.87,100,84.97,100,TGT
2025-11-25,9:31:51.300156065,T,84.87,100,85.06,100,TGT
2025-11-25,9:31:51.300166230,T,84.9,100,85.06,100,TGT
2025-11-25,9:31:51.300171111,T,84.93,100,85.06,100,TGT
2025-11-25,9:31:51.300216149,T,84.9,400,85.06,100,TGT
2025-11-25,9:31:51.300221538,T,84.93,100,85.06,100,TGT
2025-11-25,9:31:51.300221538,T,84.9,300,85.06,100,TGT
2025-11-25,9:31:51.300226402,T,84.9,200,85.06,100,TGT
2025-11-25,9:31:51.300231474,T,84.93,100,85.06,100,TGT
2025-11-25,9:31:51.300231474,T,84.93,200,85.06,100,TGT
2025-11-25,9:31:51.300241471,T,84.93,100,85.06,100,TGT
2025-11-25,9:31:51.300251275,T,84.93,100,84.99,100,TGT
2025-11-25,9:31:51.300251275,T,84.93,200,84.99,100,TGT
2025-11-25,9:31:51.300251275,T,84.93,200,84.99,200,TGT
2025-11-25,9:31:51.300271530,T,84.9,300,84.99,200,TGT
2025-11-25,9:31:51.300271530,T,84.9,200,84.99,200,TGT
2025-11-25,9:31:51.300276371,T,84.93,100,84.99,200,TGT
2025-11-25,9:31:51.300286393,T,84.9,200,84.99,200,TGT
2025-11-25,9:31:51.300296439,T,84.9,200,84.96,100,TGT
2025-11-25,9:31:51.300296439,T,84.93,100,84.96,100,TGT
2025-11-25,9:31:51.300306536,T,84.93,100,84.99,200,TGT
2025-11-25,9:31:51.300316447,T,84.93,100,84.99,100,TGT
2025-11-25,9:31:51.300326419,T,84.93,100,85.04,100,TGT
2025-11-25,9:31:51.300346485,T,84.9,300,85.04,100,TGT
2025-11-25,9:31:51.300361660,T,84.9,300,84.96,100,TGT
2025-11-25,9:31:51.300366586,T,84.9,300,84.96,300,TGT
2025-11-25,9:31:51.300366586,T,84.9,300,84.96,200,TGT
2025-11-25,9:31:51.300371567,T,84.9,300,84.96,100,TGT
2025-11-25,9:31:51.300371567,T,84.9,500,84.96,100,TGT
2025-11-25,9:31:51.300381953,T,84.91,100,84.96,100,TGT
2025-11-25,9:31:51.300386568,T,84.91,100,85.04,100,TGT
2025-11-25,9:31:51.300391645,T,84.92,100,85.04,100,TGT
2025-11-25,9:31:51.300391645,T,84.93,100,85.04,100,TGT
2025-11-25,9:31:51.300416623,T,84.93,200,85.04,100,TGT
2025-11-25,9:31:51.300416623,T,84.93,300,85.04,100,TGT
2025-11-25,9:31:51.300416623,T,84.93,500,85.04,100,TGT
2025-11-25,9:31:51.300421735,T,84.93,400,85.04,100,TGT
2025-11-25,9:31:51.300427252,T,84.93,300,85.04,100,TGT
2025-11-25,9:31:51.300427252,T,84.93,200,85.04,100,TGT
2025-11-25,9:31:51.300446763,T,84.93,300,85.04,100,TGT
2025-11-25,9:31:51.300446763,T,84.93,300,84.99,100,TGT
2025-11-25,9:31:51.300471833,T,84.93,200,84.99,100,TGT
2025-11-25,9:31:51.300486874,T,84.93,100,84.99,100,TGT
2025-11-25,9:31:51.300491843,T,84.92,100,84.99,100,TGT
2025-11-25,9:31:51.300787952,T,84.92,100,84.99,200,TGT
2025-11-25,9:31:51.300787952,T,84.93,100,84.99,200,TGT
2025-11-25,9:31:51.300793214,T,84.93,200,84.99,200,TGT
2025-11-25,9:31:51.300793214,T,84.93,300,84.99,200,TGT
2025-11-25,9:31:51.300793214,T,84.93,200,84.99,200,TGT
2025-11-25,9:31:51.300793214,T,84.93,100,84.99,200,TGT
2025-11-25,9:31:51.300793214,T,84.92,100,84.99,200,TGT
2025-11-25,9:31:51.300793214,T,84.92,100,84.98,100,TGT
2025-11-25,9:31:51.300798309,T,84.92,100,84.98,200,TGT
2025-11-25,9:31:51.300798309,T,84.92,100,84.96,100,TGT
2025-11-25,9:31:51.300798309,T,84.92,100,84.96,200,TGT
2025-11-25,9:31:51.300798309,T,84.92,100,84.96,100,TGT
2025-11-25,9:31:51.300798309,T,84.92,200,84.96,100,TGT
2025-11-25,9:31:51.300802886,T,84.92,200,84.98,200,TGT
2025-11-25,9:31:51.300802886,T,84.94,200,84.98,200,TGT
2025-11-25,9:31:51.300802886,T,84.92,200,84.98,200,TGT
2025-11-25,9:31:51.300812713,T,84.93,100,84.98,200,TGT
2025-11-25,9:31:51.300847711,T,84.92,200,84.98,200,TGT
2025-11-25,9:31:51.300867715,T,84.92,200,84.97,100,TGT
2025-11-25,9:31:51.300882881,T,84.92,200,84.97,200,TGT
2025-11-25,9:31:51.301143386,T,84.92,200,84.97,300,TGT
2025-11-25,9:31:51.301178500,T,84.92,200,84.97,200,TGT
2025-11-25,9:31:51.301248624,T,84.92,200,84.96,100,TGT
2025-11-25,9:31:51.301283739,T,84.92,100,84.96,100,TGT
2025-11-25,9:31:51.301309100,T,84.92,100,84.97,300,TGT
2025-11-25,9:31:51.301359698,T,84.92,100,84.97,200,TGT
2025-11-25,9:31:51.301363903,T,84.92,100,84.97,100,TGT
2025-11-25,9:31:51.301363903,T,84.92,100,84.98,200,TGT
2025-11-25,9:31:51.301363903,T,84.94,100,84.98,200,TGT
2025-11-25,9:31:51.301383994,T,84.95,100,84.98,200,TGT
2025-11-25,9:31:51.301514316,T,84.97,100,84.98,200,TGT
2025-11-25,9:31:51.301539389,T,84.95,100,84.98,200,TGT
2025-11-25,9:31:51.301574384,T,84.95,100,84.97,100,TGT
2025-11-25,9:31:51.301584459,T,84.95,100,84.98,200,TGT
2025-11-25,9:31:51.301589553,T,84.95,100,84.97,100,TGT
2025-11-25,9:31:51.301609495,T,84.95,100,84.98,500,TGT
2025-11-25,9:31:51.301614941,T,84.94,100,84.98,500,TGT
2025-11-25,9:31:51.301619529,T,84.94,100,84.98,300,TGT
2025-11-25,9:31:51.301639586,T,84.94,100,84.96,100,TGT
2025-11-25,9:31:51.301734768,T,84.93,100,84.96,100,TGT
2025-11-25,9:31:51.301754860,T,84.93,100,84.98,200,TGT
2025-11-25,9:31:51.301754860,T,84.93,100,84.95,100,TGT
2025-11-25,9:31:51.301754860,T,84.93,100,84.95,200,TGT
2025-11-25,9:31:51.301805034,T,84.93,100,84.95,100,TGT
2025-11-25,9:31:51.301820126,T,84.93,100,84.95,200,TGT
2025-11-25,9:31:51.301820126,T,84.93,100,84.95,100,TGT
2025-11-25,9:31:51.301825042,T,84.93,100,84.98,300,TGT
2025-11-25,9:31:51.301845059,T,84.94,100,84.98,300,TGT
2025-11-25,9:31:51.301855114,T,84.94,100,84.96,100,TGT
2025-11-25,9:31:51.301865136,T,84.93,100,84.96,100,TGT
2025-11-25,9:31:51.301880159,T,84.93,100,84.95,100,TGT
2025-11-25,9:31:51.301975402,T,84.93,100,84.95,200,TGT
2025-11-25,9:31:51.302000496,T,84.93,100,84.95,300,TGT
2025-11-25,9:31:51.302010442,T,84.93,100,84.95,400,TGT
2025-11-25,9:31:51.302020518,T,84.93,100,84.94,100,TGT
2025-11-25,9:31:51.302065629,T,84.93,100,84.94,300,TGT
2025-11-25,9:31:51.302076255,T,84.93,100,84.94,200,TGT
2025-11-25,9:31:51.302080918,T,84.92,100,84.94,200,TGT
2025-11-25,9:31:51.302086017,T,84.92,100,84.95,100,TGT
2025-11-25,9:31:51.302090692,T,84.92,100,84.96,100,TGT
2025-11-25,9:31:51.302090692,T,84.92,100,84.98,300,TGT
2025-11-25,9:31:51.302105831,T,84.92,100,84.98,400,TGT
2025-11-25,9:31:51.302105831,T,84.92,100,84.98,300,TGT
2025-11-25,9:31:51.302110671,T,84.92,100,84.97,100,TGT
2025-11-25,9:31:51.302115678,T,84.92,100,84.93,100,TGT
2025-11-25,9:31:51.302130735,T,84.92,100,84.97,100,TGT
2025-11-25,9:31:51.302185905,T,84.92,100,84.95,300,TGT
2025-11-25,9:31:51.302205926,T,84.92,100,84.95,400,TGT
2025-11-25,9:31:51.302211456,T,84.92,100,84.95,500,TGT
2025-11-25,9:31:51.302216353,T,84.92,100,84.95,200,TGT
2025-11-25,9:31:51.302231041,T,84.92,100,84.95,100,TGT
2025-11-25,9:31:51.302256103,T,84.93,100,84.95,100,TGT
2025-11-25,9:31:51.302266088,T,84.93,100,84.97,100,TGT
2025-11-25,9:31:51.302291095,T,84.94,100,84.97,100,TGT
2025-11-25,9:31:51.302306139,T,84.94,100,84.98,200,TGT
2025-11-25,9:31:51.302346243,T,84.93,100,84.98,200,TGT
2025-11-25,9:31:51.302396414,T,84.93,100,84.98,300,TGT
2025-11-25,9:31:51.302426463,T,84.92,100,84.98,300,TGT
2025-11-25,9:31:51.302446760,T,84.92,100,84.97,100,TGT
2025-11-25,9:31:51.302446760,T,84.92,100,84.97,200,TGT
2025-11-25,9:31:51.302451762,T,84.92,100,84.97,300,TGT
2025-11-25,9:31:51.302456493,T,84.92,100,84.95,100,TGT
2025-11-25,9:31:51.302762253,T,84.92,100,84.94,100,TGT
2025-11-25,9:31:51.302812417,T,84.92,100,84.94,200,TGT
2025-11-25,9:31:51.302872542,T,84.92,100,84.94,100,TGT
2025-11-25,9:31:51.302892593,T,84.92,100,84.95,100,TGT
2025-11-25,9:31:51.303052906,T,84.92,100,84.94,100,TGT
2025-11-25,9:31:51.303057970,T,84.92,100,84.94,300,TGT
2025-11-25,9:31:51.303062959,T,84.92,100,84.94,500,TGT
2025-11-25,9:31:51.303082991,T,84.92,100,84.94,300,TGT
2025-11-25,9:31:51.303118059,T,84.92,100,84.94,200,TGT
2025-11-25,9:31:51.303203550,T,84.92,100,84.95,100,TGT
2025-11-25,9:31:51.303208358,T,84.92,100,84.94,200,TGT
2025-11-25,9:31:51.303268845,T,84.92,100,84.94,100,TGT
2025-11-25,9:31:51.303268845,T,84.92,100,84.95,100,TGT
2025-11-25,9:31:51.303288928,T,84.93,100,84.95,100,TGT
2025-11-25,9:31:51.303288928,T,84.93,100,84.94,100,TGT
2025-11-25,9:31:51.303303575,T,84.93,100,84.95,100,TGT
2025-11-25,9:31:51.303564121,T,84.92,100,84.95,100,TGT
2025-11-25,9:31:51.303594192,T,84.92,100,84.95,200,TGT
2025-11-25,9:31:51.304045359,T,84.92,100,84.95,100,TGT
2025-11-25,9:31:51.304045359,T,84.92,100,84.97,200,TGT
2025-11-25,9:31:51.304070337,T,84.94,100,84.97,200,TGT
2025-11-25,9:31:51.304070337,T,84.94,200,84.97,200,TGT
2025-11-25,9:31:51.304090381,T,84.94,200,84.97,100,TGT
2025-11-25,9:31:51.304170630,T,84.94,100,84.97,100,TGT
2025-11-25,9:31:51.304170630,T,84.92,100,84.97,100,TGT
2025-11-25,9:31:51.304190707,T,84.92,100,84.96,100,TGT
2025-11-25,9:31:51.304195644,T,84.92,100,84.95,100,TGT
2025-11-25,9:31:51.304226092,T,84.92,100,84.96,200,TGT
2025-11-25,9:31:51.304230967,T,84.92,100,84.96,100,TGT
2025-11-25,9:31:51.304230967,T,84.92,100,84.95,100,TGT
2025-11-25,9:31:51.304235739,T,84.92,100,84.96,100,TGT
2025-11-25,9:31:51.304351048,T,84.92,100,84.95,200,TGT
2025-11-25,9:31:51.304356033,T,84.92,100,84.95,400,TGT
2025-11-25,9:31:51.304356033,T,84.92,100,84.95,600,TGT
2025-11-25,9:31:51.304361094,T,84.92,100,84.95,800,TGT
2025-11-25,9:31:51.304366139,T,84.92,100,84.95,900,TGT
2025-11-25,9:31:51.304371143,T,84.92,100,84.95,1100,TGT
2025-11-25,9:31:51.304426224,T,84.92,100,84.95,1300,TGT
2025-11-25,9:31:51.304461306,T,84.92,100,84.95,1100,TGT
2025-11-25,9:31:51.304566599,T,84.92,100,84.95,1000,TGT
2025-11-25,9:31:51.304566599,T,84.92,100,84.95,800,TGT
2025-11-25,9:31:51.304571550,T,84.92,100,84.95,600,TGT
2025-11-25,9:31:51.304571550,T,84.92,100,84.95,400,TGT
2025-11-25,9:31:51.304571550,T,84.92,100,84.95,200,TGT
2025-11-25,9:31:51.304576623,T,84.92,100,84.96,200,TGT
2025-11-25,9:31:51.304576623,T,84.92,100,84.96,300,TGT
2025-11-25,9:31:51.304576623,T,84.92,100,84.94,1100,TGT
2025-11-25,9:31:51.305483740,T,84.92,100,84.94,1000,TGT
2025-11-25,9:31:51.305709339,T,84.92,100,84.94,1100,TGT
2025-11-25,9:31:51.310460607,T,84.9,200,84.94,1100,TGT
2025-11-25,9:31:51.313037183,T,84.9,200,84.94,1000,TGT
2025-11-25,9:31:51.313037183,T,84.9,200,84.94,800,TGT
2025-11-25,9:31:51.313041725,T,84.9,200,84.94,700,TGT
2025-11-25,9:31:51.313046768,T,84.9,200,84.94,600,TGT
2025-11-25,9:31:51.313046768,T,84.9,200,84.94,500,TGT
2025-11-25,9:31:51.313061766,T,84.9,200,84.94,100,TGT
2025-11-25,9:31:51.313061766,T,84.9,200,84.95,100,TGT
2025-11-25,9:31:51.313076832,T,84.92,100,84.95,100,TGT
2025-11-25,9:31:51.313081892,T,84.92,100,84.97,100,TGT
2025-11-25,9:31:51.313106892,T,84.92,100,84.97,200,TGT
2025-11-25,9:31:51.313307360,T,84.92,100,84.95,100,TGT
2025-11-25,9:31:51.313357481,T,84.92,100,84.97,200,TGT
2025-11-25,9:31:51.313382600,T,84.93,200,84.97,200,TGT
2025-11-25,9:31:51.313412633,T,84.93,200,84.97,100,TGT
2025-11-25,9:31:51.313482847,T,84.93,200,84.97,200,TGT
2025-11-25,9:31:51.313502811,T,84.93,200,84.97,100,TGT
2025-11-25,9:31:51.313502811,T,84.92,100,84.97,100,TGT
2025-11-25,9:31:51.313603230,T,84.92,100,84.97,200,TGT
2025-11-25,9:31:51.313633122,T,84.91,100,84.97,200,TGT
2025-11-25,9:31:51.313773507,T,84.92,100,84.97,200,TGT
2025-11-25,9:31:51.313933860,T,84.92,100,84.97,300,TGT
2025-11-25,9:31:51.314144351,T,84.91,100,84.97,300,TGT
2025-11-25,9:31:51.314254604,T,84.92,100,84.97,300,TGT
2025-11-25,9:31:51.314896226,T,84.91,100,84.97,300,TGT
2025-11-25,9:31:51.315041555,T,84.92,200,84.97,300,TGT
2025-11-25,9:31:51.315066748,T,84.92,200,84.97,200,TGT
2025-11-25,9:31:51.315066748,T,84.92,200,84.97,100,TGT
2025-11-25,9:31:51.315066748,T,84.92,200,84.98,100,TGT
2025-11-25,9:31:51.315086696,T,84.95,100,84.98,100,TGT
2025-11-25,9:31:51.315091624,T,84.95,200,84.98,100,TGT
2025-11-25,9:31:51.315121677,T,84.95,200,85.05,100,TGT
2025-11-25,9:31:51.315307285,T,84.95,200,84.98,100,TGT
2025-11-25,9:31:51.315507664,T,84.95,200,84.98,200,TGT
2025-11-25,9:31:51.316434798,T,84.95,100,84.98,200,TGT
2025-11-25,9:31:51.350606301,T,84.95,100,84.98,100,TGT
2025-11-25,9:31:51.350631322,T,84.95,100,85.05,100,TGT
2025-11-25,9:31:51.350651406,T,84.96,100,85.05,100,TGT
2025-11-25,9:31:51.351207649,T,84.95,100,85.05,100,TGT
2025-11-25,9:31:51.351262833,T,84.95,100,85.05,200,TGT
2025-11-25,9:31:51.361066188,T,84.95,200,85.05,200,TGT
2025-11-25,9:31:51.361266634,T,84.95,200,85.05,100,TGT
2025-11-25,9:31:51.375726047,T,84.95,200,85.05,200,TGT
2025-11-25,9:31:51.375961679,T,84.95,200,85.05,300,TGT
2025-11-25,9:31:51.416002100,T,84.95,100,85.05,300,TGT
2025-11-25,9:31:51.500152528,T,84.93,100,85.05,300,TGT
2025-11-25,9:31:51.500177598,T,84.92,200,85.05,300,TGT
2025-11-25,9:31:51.500393120,T,84.92,200,85.05,200,TGT
2025-11-25,9:31:55.307117088,T,84.92,200,85.05,100,TGT
2025-11-25,9:31:55.307337565,T,84.92,200,85.09,100,TGT
2025-11-25,9:31:55.308780991,T,84.92,200,85.09,200,TGT
2025-11-25,9:31:55.619621511,T,84.92,200,85.09,100,TGT
2025-11-25,9:31:55.821903391,T,84.86,100,85.09,100,TGT
2025-11-25,9:31:57.919275202,T,84.82,100,85.09,100,TGT
2025-11-25,9:31:58.181905848,T,84.87,100,85.09,100,TGT
2025-11-25,9:31:58.910496617,T,84.82,100,85.09,100,TGT
2025-11-25,9:31:58.923176690,T,84.87,100,85.09,100,TGT
2025-11-25,9:31:59.979077195,T,84.87,100,85.09,200,TGT
2025-11-25,9:31:59.979102307,T,84.82,100,85.09,200,TGT
2025-11-25,9:32:00.891881937,T,84.87,100,85.09,200,TGT
2025-11-25,9:32:01.545894958,T,84.82,100,85.09,200,TGT
2025-11-25,9:32:05.523926919,T,84.82,100,85.08,100,TGT
2025-11-25,9:32:05.524708737,T,84.87,100,85.08,100,TGT
2025-11-25,9:32:05.524738911,T,84.87,100,85.09,200,TGT
2025-11-25,9:32:06.569557896,T,84.87,100,85.07,100,TGT
2025-11-25,9:32:06.569588310,T,84.82,100,85.07,100,TGT
2025-11-25,9:32:06.569593061,T,84.82,100,85.07,200,TGT
2025-11-25,9:32:06.569618060,T,84.8,100,85.07,200,TGT
2025-11-25,9:32:06.570349844,T,84.87,100,85.07,200,TGT
2025-11-25,9:32:08.535205721,T,84.87,100,85.07,100,TGT
2025-11-25,9:32:09.192586912,T,84.8,100,85.07,100,TGT
2025-11-25,9:32:09.194476412,T,84.83,100,85.07,100,TGT
2025-11-25,9:32:09.194481408,T,84.86,100,85.07,100,TGT
2025-11-25,9:32:09.194491362,T,84.87,100,85.07,100,TGT
2025-11-25,9:32:09.194511487,T,84.92,100,85.07,100,TGT
2025-11-25,9:32:09.664305642,T,84.87,100,85.07,100,TGT
2025-11-25,9:32:10.768436140,T,84.8,100,85.07,100,TGT
2025-11-25,9:32:11.528216174,T,84.87,100,85.07,100,TGT
2025-11-25,9:32:11.528637136,T,84.87,100,85.07,200,TGT
2025-11-25,9:32:12.336351336,T,84.87,100,85.05,300,TGT
2025-11-25,9:32:12.336381442,T,84.8,100,85.05,300,TGT
2025-11-25,9:32:12.336802428,T,84.87,100,85.05,300,TGT
2025-11-25,9:32:13.469916851,T,84.87,100,85.05,200,TGT
2025-11-25,9:32:13.569940155,T,84.87,100,85.05,300,TGT
2025-11-25,9:32:18.682665414,T,84.82,100,85.05,300,TGT
2025-11-25,9:32:21.790514438,T,84.82,100,85.05,400,TGT
2025-11-25,9:32:21.798478371,T,84.82,100,85.02,100,TGT
2025-11-25,9:32:21.798543733,T,84.82,100,85.05,400,TGT
2025-11-25,9:32:21.802633327,T,84.82,100,85.05,300,TGT
2025-11-25,9:32:21.802668342,T,84.82,100,85.05,400,TGT
2025-11-25,9:32:21.802698624,T,84.82,100,85.02,100,TGT
2025-11-25,9:32:21.846192047,T,84.82,100,85.05,400,TGT
2025-11-25,9:32:21.846212333,T,84.82,100,85.05,300,TGT
2025-11-25,9:32:21.846212333,T,84.94,300,85.05,300,TGT
2025-11-25,9:32:21.846237195,T,84.95,100,85.05,300,TGT
2025-11-25,9:32:21.846237195,T,84.95,200,85.05,300,TGT
2025-11-25,9:32:21.853293996,T,84.95,100,85.05,300,TGT
2025-11-25,9:32:21.856316224,T,84.87,200,85.05,300,TGT
2025-11-25,9:32:21.946470944,T,84.87,100,85.05,300,TGT
2025-11-25,9:32:22.046298789,T,84.83,100,85.05,300,TGT
2025-11-25,9:32:24.062431924,T,84.83,100,85.05,100,TGT
2025-11-25,9:32:24.062431924,T,84.83,100,85.07,100,TGT
2025-11-25,9:32:24.062451859,T,85.0,100,85.07,100,TGT
2025-11-25,9:32:24.062461885,T,85.0,200,85.07,100,TGT
2025-11-25,9:32:24.062491949,T,85.0,300,85.07,100,TGT
2025-11-25,9:32:24.062506997,T,85.0,100,85.07,100,TGT
2025-11-25,9:32:24.062562134,T,84.97,100,85.07,100,TGT
2025-11-25,9:32:24.062722458,T,84.97,200,85.07,100,TGT
2025-11-25,9:32:24.062742532,T,84.97,100,85.07,100,TGT
2025-11-25,9:32:24.062747492,T,84.97,200,85.07,100,TGT
2025-11-25,9:32:24.062772536,T,84.97,300,85.07,100,TGT
2025-11-25,9:32:24.062777603,T,85.0,100,85.07,100,TGT
2025-11-25,9:32:24.471225714,T,85.0,100,85.07,200,TGT
2025-11-25,9:32:24.471280967,T,84.97,100,85.07,200,TGT
2025-11-25,9:32:24.471320826,T,84.83,100,85.07,200,TGT
2025-11-25,9:32:24.471320826,T,84.83,100,85.06,100,TGT
2025-11-25,9:32:24.471325853,T,84.83,100,85.04,200,TGT
2025-11-25,9:32:24.471345975,T,84.83,100,85.06,100,TGT
2025-11-25,9:32:24.471350947,T,84.83,100,85.03,100,TGT
2025-11-25,9:32:24.471701777,T,84.84,200,85.03,100,TGT
2025-11-25,9:32:24.471882186,T,84.84,200,85.03,200,TGT
2025-11-25,9:32:24.472273120,T,84.84,200,85.03,100,TGT
2025-11-25,9:32:24.472328310,T,84.84,200,85.07,300,TGT
2025-11-25,9:32:24.472388413,T,84.84,200,85.06,100,TGT
2025-11-25,9:32:24.472699213,T,84.84,200,85.06,200,TGT
2025-11-25,9:32:24.472699213,T,84.84,200,85.05,100,TGT
2025-11-25,9:32:24.472704160,T,84.84,200,85.0,100,TGT
2025-11-25,9:32:24.472704160,T,84.84,200,85.0,300,TGT
2025-11-25,9:32:24.472719239,T,84.84,200,85.0,100,TGT
2025-11-25,9:32:24.472734250,T,84.84,200,85.0,200,TGT
2025-11-25,9:32:24.472809444,T,84.84,200,85.0,300,TGT
2025-11-25,9:32:24.479740954,T,84.84,200,85.0,100,TGT
2025-11-25,9:32:24.483058885,T,84.84,200,85.0,200,TGT
2025-11-25,9:32:24.572832746,T,84.84,200,85.0,100,TGT
2025-11-25,9:32:24.671382444,T,84.84,200,85.05,100,TGT
2025-11-25,9:32:24.711648451,T,84.84,200,85.04,100,TGT
2025-11-25,9:32:27.205855549,T,84.84,200,84.96,100,TGT
2025-11-25,9:32:27.205895671,T,84.84,200,84.96,200,TGT
2025-11-25,9:32:27.206121178,T,84.82,100,84.96,200,TGT
2025-11-25,9:32:27.206141201,T,84.8,100,84.96,200,TGT
2025-11-25,9:32:27.220996661,T,84.8,100,84.96,100,TGT
2025-11-25,9:32:27.221026730,T,84.8,100,84.99,200,TGT
2025-11-25,9:32:27.302686254,T,84.8,100,84.99,300,TGT
2025-11-25,9:32:28.545652414,T,84.8,100,84.99,100,TGT
2025-11-25,9:32:28.545682489,T,84.8,100,85.04,100,TGT
2025-11-25,9:32:28.546519561,T,84.8,100,84.99,200,TGT
2025-11-25,9:32:28.546549550,T,84.8,100,84.99,300,TGT
2025-11-25,9:32:30.683029340,T,84.8,100,84.99,100,TGT
2025-11-25,9:32:30.683064461,T,84.8,100,85.04,100,TGT
2025-11-25,9:32:30.683074469,T,84.8,100,84.98,100,TGT
2025-11-25,9:32:30.683114538,T,84.8,100,84.98,200,TGT
2025-11-25,9:32:31.316959568,T,84.8,100,84.98,100,TGT
2025-11-25,9:32:31.316984665,T,84.8,100,85.04,100,TGT
2025-11-25,9:32:31.317856721,T,84.8,100,84.99,100,TGT
2025-11-25,9:32:31.317891823,T,84.8,100,84.99,200,TGT
2025-11-25,9:32:32.375035398,T,84.8,100,84.99,100,TGT
2025-11-25,9:32:32.375065530,T,84.8,100,85.04,100,TGT
2025-11-25,9:32:32.375927627,T,84.8,100,84.99,100,TGT
2025-11-25,9:32:32.375962705,T,84.8,100,84.99,200,TGT
2025-11-25,9:32:33.770845622,T,84.8,100,84.99,300,TGT
2025-11-25,9:32:34.509405052,T,84.8,100,84.99,200,TGT
2025-11-25,9:32:34.509435221,T,84.8,100,84.99,100,TGT
2025-11-25,9:32:34.509465271,T,84.8,100,85.04,100,TGT
2025-11-25,9:32:34.510332324,T,84.8,100,85.0,100,TGT
2025-11-25,9:32:34.510542758,T,84.8,100,85.0,200,TGT
2025-11-25,9:32:34.832103933,T,84.8,100,84.93,100,TGT
2025-11-25,9:32:34.832108871,T,84.8,100,84.93,400,TGT
2025-11-25,9:32:34.832128905,T,84.8,100,84.93,300,TGT
2025-11-25,9:32:34.832169038,T,84.8,100,84.93,400,TGT
2025-11-25,9:32:34.837135831,T,84.8,100,84.93,300,TGT
2025-11-25,9:32:34.839140593,T,84.8,100,84.93,100,TGT
2025-11-25,9:32:34.839165685,T,84.8,100,84.98,100,TGT
2025-11-25,9:32:34.842137777,T,84.8,100,84.99,100,TGT
2025-11-25,9:32:34.842157836,T,84.8,100,85.0,200,TGT
2025-11-25,9:32:34.842157836,T,84.8,100,85.0,100,TGT
2025-11-25,9:32:36.711621546,T,84.8,100,84.97,100,TGT
2025-11-25,9:32:39.409493732,T,84.8,100,84.96,100,TGT
2025-11-25,9:32:39.409513848,T,84.8,100,84.97,100,TGT
2025-11-25,9:32:39.409518824,T,84.8,100,84.96,100,TGT
2025-11-25,9:32:39.409523896,T,84.8,100,84.91,200,TGT
2025-11-25,9:32:39.409533836,T,84.8,100,84.91,300,TGT
2025-11-25,9:32:39.409734390,T,84.8,100,84.91,400,TGT
2025-11-25,9:32:39.409924824,T,84.8,100,84.9,100,TGT
2025-11-25,9:32:39.409940154,T,84.8,100,84.87,100,TGT
2025-11-25,9:32:39.409954908,T,84.8,100,84.89,100,TGT
2025-11-25,9:32:39.409970189,T,84.8,100,84.89,200,TGT
2025-11-25,9:32:39.409974943,T,84.78,200,84.89,200,TGT
2025-11-25,9:32:39.410185385,T,84.78,200,84.86,100,TGT
2025-11-25,9:32:39.410275643,T,84.8,100,84.86,100,TGT
2025-11-25,9:32:39.410330743,T,84.8,200,84.86,100,TGT
2025-11-25,9:32:39.410411051,T,84.8,200,84.89,200,TGT
2025-11-25,9:32:39.410411051,T,84.8,200,84.89,100,TGT
2025-11-25,9:32:39.410415932,T,84.8,100,84.89,100,TGT
2025-11-25,9:32:39.410415932,T,84.82,100,84.89,100,TGT
2025-11-25,9:32:39.410431147,T,84.82,200,84.89,100,TGT
2025-11-25,9:32:39.410441439,T,84.82,100,84.89,100,TGT
2025-11-25,9:32:39.410441439,T,84.8,100,84.89,100,TGT
2025-11-25,9:32:39.410456027,T,84.78,200,84.89,100,TGT
2025-11-25,9:32:39.410456027,T,84.78,200,84.89,200,TGT
2025-11-25,9:32:39.410476100,T,84.78,200,84.85,100,TGT
2025-11-25,9:32:39.410576384,T,84.8,100,84.85,100,TGT
2025-11-25,9:32:39.410696650,T,84.78,200,84.85,100,TGT
2025-11-25,9:32:39.410716634,T,84.78,200,84.82,100,TGT
2025-11-25,9:32:39.410726725,T,84.78,300,84.82,100,TGT
2025-11-25,9:32:39.410736768,T,84.78,300,84.85,100,TGT
2025-11-25,9:32:39.410831912,T,84.78,400,84.85,100,TGT
2025-11-25,9:32:39.411252911,T,84.78,200,84.85,100,TGT
2025-11-25,9:32:39.646814145,T,84.78,200,84.89,100,TGT
2025-11-25,9:32:40.176110229,T,84.78,100,84.89,100,TGT
2025-11-25,9:32:40.176110229,T,84.83,100,84.89,100,TGT
2025-11-25,9:32:40.176115191,T,84.75,100,84.89,100,TGT
2025-11-25,9:32:40.176125288,T,84.75,100,84.84,100,TGT
2025-11-25,9:32:40.176130194,T,84.83,100,84.84,100,TGT
2025-11-25,9:32:40.176130194,T,84.75,200,84.84,100,TGT
2025-11-25,9:32:40.176150411,T,84.75,100,84.84,100,TGT
2025-11-25,9:32:40.176150411,T,84.75,100,84.84,200,TGT
2025-11-25,9:32:40.176175326,T,84.75,100,84.83,100,TGT
2025-11-25,9:32:40.385544178,T,84.75,100,84.84,100,TGT
2025-11-25,9:32:40.385574188,T,84.75,100,84.89,100,TGT
2025-11-25,9:32:40.422176853,T,84.75,100,84.83,100,TGT
2025-11-25,9:32:40.422176853,T,84.75,100,84.81,100,TGT
2025-11-25,9:32:40.422191482,T,84.75,100,84.83,100,TGT
2025-11-25,9:32:40.429208192,T,84.75,100,84.89,100,TGT
2025-11-25,9:32:40.529817847,T,84.75,100,84.84,100,TGT
2025-11-25,9:32:40.800567883,T,84.75,100,84.88,100,TGT
2025-11-25,9:32:41.713864058,T,84.75,100,84.91,200,TGT
2025-11-25,9:32:41.714800815,T,84.75,100,84.88,100,TGT
2025-11-25,9:32:53.976011402,T,84.76,100,84.88,100,TGT
2025-11-25,9:32:53.979444567,T,84.75,100,84.88,100,TGT
2025-11-25,9:32:53.980797827,T,84.76,100,84.88,100,TGT
2025-11-25,9:32:54.347486442,T,84.75,100,84.88,100,TGT
2025-11-25,9:32:59.880959181,T,84.75,100,84.82,100,TGT
2025-11-25,9:32:59.880959181,T,84.75,100,84.82,300,TGT
2025-11-25,9:32:59.880984200,T,84.75,100,84.82,200,TGT
2025-11-25,9:32:59.886512409,T,84.75,100,84.82,100,TGT
2025-11-25,9:32:59.887990846,T,84.75,100,84.87,100,TGT
2025-11-25,9:32:59.980957426,T,84.75,100,84.88,100,TGT
2025-11-25,9:33:03.213538457,T,84.76,100,84.88,100,TGT
2025-11-25,9:33:04.036759620,T,84.75,100,84.88,100,TGT
2025-11-25,9:33:04.111868578,T,84.77,100,84.88,100,TGT
2025-11-25,9:33:09.825049297,T,84.77,200,84.88,100,TGT
2025-11-25,9:33:12.428206005,T,84.77,300,84.88,100,TGT
2025-11-25,9:33:12.428231213,T,84.78,100,84.88,100,TGT
2025-11-25,9:33:12.428336219,T,84.77,300,84.88,100,TGT
2025-11-25,9:33:12.429233437,T,84.77,300,84.94,100,TGT
2025-11-25,9:33:12.429238610,T,84.77,300,84.88,100,TGT
2025-11-25,9:33:12.429254103,T,84.84,100,84.88,100,TGT
2025-11-25,9:33:12.429254103,T,84.84,100,84.94,200,TGT
2025-11-25,9:33:12.429258479,T,84.84,100,84.94,100,TGT
2025-11-25,9:33:12.429258479,T,84.85,100,84.94,100,TGT
2025-11-25,9:33:12.429298587,T,84.86,100,84.94,100,TGT
2025-11-25,9:33:12.429859932,T,84.86,100,84.97,100,TGT
2025-11-25,9:33:12.439332456,T,84.84,100,84.97,100,TGT
2025-11-25,9:33:12.529296819,T,84.81,100,84.97,100,TGT
2025-11-25,9:33:12.629781197,T,84.78,100,84.97,100,TGT
2025-11-25,9:33:12.713360258,T,84.78,100,84.96,100,TGT
2025-11-25,9:33:13.772097510,T,84.78,200,84.96,100,TGT
2025-11-25,9:33:14.939092601,T,84.78,100,84.96,100,TGT
2025-11-25,9:33:21.069331883,T,84.77,100,84.96,100,TGT
2025-11-25,9:33:21.145969441,T,84.8,100,84.96,100,TGT
2025-11-25,9:33:22.321890914,T,84.8,200,84.96,100,TGT
2025-11-25,9:33:27.779282299,T,84.85,100,84.96,100,TGT
2025-11-25,9:33:27.779372727,T,84.85,200,84.96,100,TGT
2025-11-25,9:33:27.779412612,T,84.89,100,84.96,100,TGT
2025-11-25,9:33:27.779733415,T,84.85,100,84.96,100,TGT
2025-11-25,9:33:27.780009120,T,84.85,400,84.96,100,TGT
2025-11-25,9:33:27.780565369,T,84.85,500,84.96,100,TGT
2025-11-25,9:33:27.782244367,T,84.85,500,84.97,100,TGT
2025-11-25,9:33:27.782264480,T,84.92,100,84.97,100,TGT
2025-11-25,9:33:27.782319587,T,84.92,100,85.03,100,TGT
2025-11-25,9:33:27.782339656,T,84.94,100,85.03,100,TGT
2025-11-25,9:33:27.782895946,T,84.92,100,85.03,100,TGT
2025-11-25,9:33:27.789356367,T,84.92,100,85.06,100,TGT
2025-11-25,9:33:27.790343743,T,84.92,100,85.07,200,TGT
2025-11-25,9:33:27.792849716,T,84.92,200,85.07,200,TGT
2025-11-25,9:33:27.803670455,T,84.92,200,85.0,100,TGT
2025-11-25,9:33:27.882282862,T,84.92,100,85.0,100,TGT
2025-11-25,9:33:28.978950394,T,84.85,400,85.0,100,TGT
2025-11-25,9:33:28.981431266,T,84.85,100,85.0,100,TGT
2025-11-25,9:33:31.277621511,T,84.86,100,85.0,100,TGT
2025-11-25,9:33:32.102556797,T,84.86,100,84.99,100,TGT
2025-11-25,9:33:33.073139044,T,84.86,100,85.0,100,TGT
2025-11-25,9:33:34.822852498,T,84.77,100,85.0,100,TGT
2025-11-25,9:33:39.339407771,T,84.77,100,84.99,100,TGT
2025-11-25,9:33:50.505298574,T,84.77,100,85.0,100,TGT
2025-11-25,9:33:52.039017485,T,84.79,200,85.0,100,TGT
2025-11-25,9:33:53.206333510,T,84.79,200,85.07,100,TGT
2025-11-25,9:33:53.206338767,T,84.94,100,85.07,100,TGT
2025-11-25,9:33:53.206353682,T,84.95,100,85.07,100,TGT
2025-11-25,9:33:53.206443780,T,84.95,300,85.07,100,TGT
2025-11-25,9:33:53.206483814,T,84.96,100,85.07,100,TGT
2025-11-25,9:33:53.216317246,T,84.96,100,85.02,100,TGT
2025-11-25,9:33:53.216322341,T,84.99,100,85.02,100,TGT
2025-11-25,9:33:53.216337285,T,84.96,100,85.02,100,TGT
2025-11-25,9:33:53.216342476,T,84.96,100,85.07,100,TGT
2025-11-25,9:33:53.216372418,T,84.99,100,85.07,100,TGT
2025-11-25,9:33:53.299861269,T,84.96,200,85.07,100,TGT
2025-11-25,9:33:53.299861269,T,84.96,100,85.07,100,TGT
2025-11-25,9:33:53.299871366,T,84.96,100,85.05,100,TGT
2025-11-25,9:33:53.299881325,T,84.96,100,85.03,100,TGT
2025-11-25,9:33:53.299886417,T,84.96,100,85.03,200,TGT
2025-11-25,9:33:53.299906389,T,84.96,100,85.03,100,TGT
2025-11-25,9:33:53.299921424,T,84.96,100,85.03,200,TGT
2025-11-25,9:33:53.300106971,T,84.96,200,85.03,200,TGT
2025-11-25,9:33:53.300147319,T,84.96,100,85.03,200,TGT
2025-11-25,9:33:53.300152037,T,84.95,300,85.03,200,TGT
2025-11-25,9:33:53.300172099,T,84.95,200,85.03,200,TGT
2025-11-25,9:33:53.300172099,T,84.94,300,85.03,200,TGT
2025-11-25,9:33:53.300172099,T,84.94,300,85.03,300,TGT
2025-11-25,9:33:53.300177030,T,84.94,300,85.0,100,TGT
2025-11-25,9:33:53.300177030,T,84.94,300,85.0,200,TGT
2025-11-25,9:33:53.300207168,T,84.94,300,85.0,300,TGT
2025-11-25,9:33:53.300267267,T,84.89,100,85.0,300,TGT
2025-11-25,9:33:53.300292287,T,84.89,100,85.0,400,TGT
2025-11-25,9:33:53.300317444,T,84.89,100,85.0,300,TGT
2025-11-25,9:33:53.300377733,T,84.89,100,84.99,100,TGT
2025-11-25,9:33:53.300382563,T,84.89,100,84.99,200,TGT
2025-11-25,9:33:53.300382563,T,84.9,100,84.99,200,TGT
2025-11-25,9:33:53.300452679,T,84.9,200,84.99,200,TGT
2025-11-25,9:33:53.300507890,T,84.9,300,84.99,200,TGT
2025-11-25,9:33:53.300517815,T,84.9,400,84.99,200,TGT
2025-11-25,9:33:53.300547981,T,84.9,500,84.99,200,TGT
2025-11-25,9:33:53.300557949,T,84.9,600,84.99,200,TGT
2025-11-25,9:33:53.300573041,T,84.9,700,84.99,200,TGT
2025-11-25,9:33:53.310006076,T,84.9,600,84.99,200,TGT
2025-11-25,9:33:53.310010856,T,84.9,500,84.99,200,TGT
2025-11-25,9:33:53.310010856,T,84.9,400,84.99,200,TGT
2025-11-25,9:33:53.310010856,T,84.9,300,84.99,200,TGT
2025-11-25,9:33:53.310010856,T,84.9,200,84.99,200,TGT
2025-11-25,9:33:53.310030549,T,84.9,200,84.99,300,TGT
2025-11-25,9:33:53.310055574,T,84.9,200,84.97,100,TGT
2025-11-25,9:33:53.310065678,T,84.9,200,84.94,100,TGT
2025-11-25,9:33:53.315057494,T,84.9,200,84.97,100,TGT
2025-11-25,9:33:53.315077847,T,84.9,200,84.99,200,TGT
2025-11-25,9:33:53.315077847,T,84.9,300,84.99,200,TGT
2025-11-25,9:33:53.315097629,T,84.91,100,84.99,200,TGT
2025-11-25,9:33:53.315102851,T,84.92,100,84.99,200,TGT
2025-11-25,9:33:53.315102851,T,84.92,200,84.99,200,TGT
2025-11-25,9:33:53.315107585,T,84.93,100,84.99,200,TGT
2025-11-25,9:33:53.315107585,T,84.93,200,84.99,200,TGT
2025-11-25,9:33:53.315157993,T,84.93,300,84.99,200,TGT
2025-11-25,9:33:53.315212833,T,84.93,400,84.99,200,TGT
2025-11-25,9:33:53.315548636,T,84.94,100,84.99,200,TGT
2025-11-25,9:33:53.315548636,T,84.94,200,84.99,200,TGT
2025-11-25,9:33:53.315568700,T,84.94,300,84.99,200,TGT
2025-11-25,9:33:53.315578749,T,84.94,400,84.99,200,TGT
2025-11-25,9:33:53.315774235,T,84.94,500,84.99,200,TGT
2025-11-25,9:33:53.316009746,T,84.94,600,84.99,200,TGT
2025-11-25,9:33:53.346151542,T,84.94,500,84.99,200,TGT
2025-11-25,9:33:53.370439478,T,84.94,400,84.99,200,TGT
2025-11-25,9:33:53.400250426,T,84.94,400,84.99,100,TGT
2025-11-25,9:33:53.400275584,T,84.94,400,85.02,200,TGT
2025-11-25,9:33:53.500308846,T,84.94,400,85.02,100,TGT
2025-11-25,9:33:53.918254509,T,84.94,400,85.01,100,TGT
2025-11-25,9:33:53.918264576,T,84.94,400,85.02,100,TGT
2025-11-25,9:33:58.616381896,T,84.94,400,85.02,200,TGT
2025-11-25,9:33:58.616401923,T,84.94,400,85.0,100,TGT
2025-11-25,9:33:58.616406946,T,84.94,400,84.98,100,TGT
2025-11-25,9:33:58.616717667,T,84.94,300,84.98,100,TGT
2025-11-25,9:33:58.616722687,T,84.94,200,84.98,100,TGT
2025-11-25,9:33:58.616722687,T,84.94,100,84.98,100,TGT
2025-11-25,9:33:58.616722687,T,84.93,100,84.98,100,TGT
2025-11-25,9:33:58.616772860,T,84.93,100,85.02,100,TGT
2025-11-25,9:33:58.616908180,T,84.93,100,85.02,200,TGT
2025-11-25,9:33:58.616948224,T,84.93,100,84.98,100,TGT
2025-11-25,9:33:58.617018400,T,84.92,200,84.98,100,TGT
2025-11-25,9:33:58.617068541,T,84.91,200,84.98,100,TGT
2025-11-25,9:33:58.617148762,T,84.79,200,84.98,100,TGT
2025-11-25,9:33:58.617183876,T,84.79,200,84.98,200,TGT
2025-11-25,9:33:58.627102494,T,84.79,200,84.98,300,TGT
2025-11-25,9:33:58.666366038,T,84.79,200,84.98,200,TGT
2025-11-25,9:33:58.667128102,T,84.79,200,84.98,300,TGT
2025-11-25,9:33:58.721397151,T,84.79,200,84.98,200,TGT
2025-11-25,9:33:58.721682798,T,84.79,200,84.98,100,TGT
2025-11-25,9:34:03.827641973,T,84.79,200,85.05,100,TGT
2025-11-25,9:34:15.087522030,T,84.79,300,85.05,100,TGT
2025-11-25,9:34:15.087527047,T,84.91,100,85.05,100,TGT
2025-11-25,9:34:15.087527047,T,84.94,100,85.05,100,TGT
2025-11-25,9:34:15.087551793,T,84.91,100,85.05,100,TGT
2025-11-25,9:34:15.087556801,T,84.92,100,85.05,100,TGT
2025-11-25,9:34:15.087601816,T,84.92,200,85.05,100,TGT
2025-11-25,9:34:15.087652014,T,84.95,100,85.05,100,TGT
2025-11-25,9:34:15.094568519,T,84.92,200,85.05,100,TGT
2025-11-25,9:34:15.345776935,T,84.92,100,85.05,100,TGT
2025-11-25,9:34:16.050104924,T,84.91,100,85.05,100,TGT
2025-11-25,9:34:16.050125291,T,84.91,100,85.0,100,TGT
2025-11-25,9:34:16.050155029,T,84.91,100,85.05,100,TGT
2025-11-25,9:34:16.050786474,T,84.79,200,85.05,100,TGT
2025-11-25,9:34:16.077665678,T,84.79,200,85.0,100,TGT
2025-11-25,9:34:19.636469098,T,84.79,200,85.05,100,TGT
2025-11-25,9:34:25.048021133,T,84.79,200,85.0,100,TGT
2025-11-25,9:34:27.007925333,T,84.79,200,84.95,100,TGT
2025-11-25,9:34:27.038422927,T,84.79,200,85.0,200,TGT
2025-11-25,9:34:27.038478068,T,84.79,200,85.0,100,TGT
2025-11-25,9:34:32.927036752,T,84.79,200,85.0,200,TGT
2025-11-25,9:34:34.214889851,T,84.79,200,85.0,100,TGT
2025-11-25,9:34:34.215180626,T,84.79,200,85.0,200,TGT
2025-11-25,9:34:34.440427340,T,84.79,200,85.0,300,TGT
2025-11-25,9:34:36.295180754,T,84.79,200,85.0,200,TGT
2025-11-25,9:34:36.295411401,T,84.79,200,85.0,100,TGT
2025-11-25,9:34:40.618575685,T,84.79,200,84.91,100,TGT
2025-11-25,9:34:42.190606023,T,84.79,200,85.0,100,TGT
2025-11-25,9:34:42.190626074,T,84.82,100,85.0,100,TGT
2025-11-25,9:34:42.190631086,T,84.83,100,85.0,100,TGT
2025-11-25,9:34:42.190631086,T,84.86,100,85.0,100,TGT
2025-11-25,9:34:42.190656208,T,84.83,200,85.0,100,TGT
2025-11-25,9:34:42.192916507,T,84.88,100,85.0,100,TGT
2025-11-25,9:34:42.695639245,T,84.88,100,85.0,200,TGT
2025-11-25,9:34:42.696060296,T,84.88,100,85.0,300,TGT
2025-11-25,9:34:42.698606373,T,84.88,100,85.0,400,TGT
2025-11-25,9:34:42.699393433,T,84.88,100,85.0,300,TGT
2025-11-25,9:34:43.288321048,T,84.88,100,84.99,100,TGT
2025-11-25,9:34:43.289348569,T,84.88,100,84.99,200,TGT
2025-11-25,9:34:45.472494164,T,84.88,100,84.99,300,TGT
2025-11-25,9:34:45.860273074,T,84.88,100,84.99,200,TGT
2025-11-25,9:34:46.530815579,T,84.88,100,84.97,100,TGT
2025-11-25,9:34:46.530910827,T,84.88,100,84.97,200,TGT
2025-11-25,9:34:46.531001091,T,84.79,200,84.97,200,TGT
2025-11-25,9:34:46.531020998,T,84.79,200,84.91,100,TGT
2025-11-25,9:34:46.531020998,T,84.79,200,84.9,100,TGT
2025-11-25,9:34:46.531577395,T,84.79,200,84.91,200,TGT
2025-11-25,9:34:46.531672547,T,84.79,200,84.9,100,TGT
2025-11-25,9:34:46.532890478,T,84.79,200,84.9,200,TGT
2025-11-25,9:34:46.534133417,T,84.77,200,84.9,200,TGT
2025-11-25,9:34:46.546162127,T,84.77,200,84.9,100,TGT
2025-11-25,9:34:46.546738644,T,84.77,200,84.91,100,TGT
2025-11-25,9:34:46.546743483,T,84.78,100,84.91,100,TGT
2025-11-25,9:34:46.546758562,T,84.79,100,84.91,100,TGT
2025-11-25,9:34:46.546763579,T,84.86,100,84.91,100,TGT
2025-11-25,9:34:46.546763579,T,84.86,200,84.91,100,TGT
2025-11-25,9:34:46.546768589,T,84.86,200,84.91,200,TGT
2025-11-25,9:34:46.546958985,T,84.86,200,84.9,100,TGT
2025-11-25,9:34:46.546979088,T,84.86,100,84.9,100,TGT
2025-11-25,9:34:46.546994150,T,84.86,100,84.91,200,TGT
2025-11-25,9:34:46.547019212,T,84.88,100,84.91,200,TGT
2025-11-25,9:34:46.547054269,T,84.89,100,84.91,200,TGT
2025-11-25,9:34:46.547174555,T,84.89,100,84.91,100,TGT
2025-11-25,9:34:46.547194937,T,84.89,100,84.97,100,TGT
2025-11-25,9:34:46.547435184,T,84.89,100,84.91,100,TGT
2025-11-25,9:34:46.547455781,T,84.89,100,84.97,100,TGT
2025-11-25,9:34:46.547455781,T,84.88,100,84.97,100,TGT
2025-11-25,9:34:46.547876209,T,84.88,100,84.97,200,TGT
2025-11-25,9:34:46.547926300,T,84.88,100,84.97,100,TGT
2025-11-25,9:34:46.547931388,T,84.88,100,84.97,200,TGT
2025-11-25,9:34:46.548161900,T,84.88,100,84.97,300,TGT
2025-11-25,9:34:46.570018922,T,84.86,200,84.97,300,TGT
2025-11-25,9:34:46.646826972,T,84.86,100,84.97,300,TGT
2025-11-25,9:34:46.646846985,T,84.83,100,84.97,300,TGT
2025-11-25,9:34:46.746800088,T,84.82,100,84.97,300,TGT
2025-11-25,9:34:46.746990580,T,84.82,100,84.97,200,TGT
2025-11-25,9:34:47.281508945,T,84.82,100,84.97,100,TGT
2025-11-25,9:34:47.281508945,T,84.82,100,85.0,100,TGT
2025-11-25,9:34:47.282756947,T,84.82,100,85.0,200,TGT
2025-11-25,9:34:47.284120177,T,84.82,100,84.99,100,TGT
2025-11-25,9:34:48.594035796,T,84.82,100,85.0,100,TGT
2025-11-25,9:34:48.718803030,T,84.82,100,85.0,200,TGT
2025-11-25,9:34:50.594802425,T,84.82,100,85.0,100,TGT
2025-11-25,9:34:50.594827783,T,84.87,100,85.0,100,TGT
2025-11-25,9:34:50.594827783,T,84.93,100,85.0,100,TGT
2025-11-25,9:34:50.594912711,T,84.93,300,85.0,100,TGT
2025-11-25,9:34:50.594967950,T,84.93,200,85.0,100,TGT
2025-11-25,9:34:50.594987846,T,84.93,300,85.0,100,TGT
2025-11-25,9:34:50.595002924,T,84.93,200,85.0,100,TGT
2025-11-25,9:34:50.595007862,T,84.95,100,85.0,100,TGT
2025-11-25,9:34:50.595048024,T,84.95,300,85.0,100,TGT
2025-11-25,9:34:50.629434881,T,84.95,200,85.0,100,TGT
2025-11-25,9:34:50.654259126,T,84.95,200,85.03,100,TGT
2025-11-25,9:34:50.654279152,T,84.97,100,85.03,100,TGT
2025-11-25,9:34:50.654304231,T,84.97,200,85.03,100,TGT
2025-11-25,9:34:50.654309190,T,84.97,100,85.03,100,TGT
2025-11-25,9:34:50.654334281,T,84.97,300,85.03,100,TGT
2025-11-25,9:34:50.654374297,T,84.98,100,85.03,100,TGT
2025-11-25,9:34:50.661320859,T,84.97,200,85.03,100,TGT
2025-11-25,9:34:50.711735989,T,84.97,200,85.07,100,TGT
2025-11-25,9:34:53.523880449,T,84.97,200,85.05,200,TGT
2025-11-25,9:34:58.077037640,T,84.97,200,85.07,100,TGT
2025-11-25,9:34:58.077057793,T,84.98,100,85.07,100,TGT
2025-11-25,9:34:58.077082748,T,84.99,100,85.07,100,TGT
2025-11-25,9:34:58.077082748,T,85.01,100,85.07,100,TGT
2025-11-25,9:34:58.077107842,T,84.99,100,85.07,100,TGT
2025-11-25,9:34:58.077122767,T,85.02,100,85.07,100,TGT
2025-11-25,9:34:58.077298189,T,85.03,100,85.07,100,TGT
2025-11-25,9:34:58.077333356,T,85.03,300,85.07,100,TGT
2025-11-25,9:34:58.077854619,T,85.03,200,85.07,100,TGT
2025-11-25,9:34:58.127467700,T,85.03,200,85.14,100,TGT
2025-11-25,9:34:58.127492828,T,85.05,100,85.14,100,TGT
2025-11-25,9:34:58.127512893,T,85.05,200,85.14,100,TGT
2025-11-25,9:34:58.127532921,T,85.05,400,85.14,100,TGT
2025-11-25,9:34:58.128044191,T,85.05,300,85.14,100,TGT
2025-11-25,9:34:58.128395348,T,85.05,200,85.14,100,TGT
2025-11-25,9:34:58.128395348,T,85.04,100,85.14,100,TGT
2025-11-25,9:34:58.128399980,T,85.03,200,85.14,100,TGT
2025-11-25,9:34:58.128415064,T,85.03,200,85.08,100,TGT
2025-11-25,9:34:58.128465174,T,85.03,200,85.07,100,TGT
2025-11-25,9:34:58.128485162,T,85.03,200,85.06,100,TGT
2025-11-25,9:34:58.128730809,T,85.03,200,85.08,100,TGT
2025-11-25,9:34:58.128750810,T,85.04,100,85.08,100,TGT
2025-11-25,9:34:58.128755777,T,85.04,200,85.08,100,TGT
2025-11-25,9:34:58.129307092,T,85.04,100,85.08,100,TGT
2025-11-25,9:34:58.129598094,T,85.03,200,85.08,100,TGT
2025-11-25,9:34:58.129657958,T,85.03,200,85.07,100,TGT
2025-11-25,9:34:58.135742521,T,85.03,200,85.08,100,TGT
2025-11-25,9:34:58.228648782,T,85.03,200,85.11,100,TGT
2025-11-25,9:34:58.330616709,T,85.03,200,85.14,200,TGT
2025-11-25,9:34:58.330641831,T,85.03,200,85.14,100,TGT
2025-11-25,9:34:58.331293369,T,85.03,200,85.11,100,TGT
2025-11-25,9:34:58.613194894,T,85.03,200,85.14,100,TGT
2025-11-25,9:34:59.089354369,T,85.03,200,85.1,600,TGT
2025-11-25,9:34:59.089389496,T,85.02,100,85.1,600,TGT
2025-11-25,9:34:59.089720159,T,84.84,200,85.1,600,TGT
2025-11-25,9:34:59.089930712,T,84.84,300,85.1,600,TGT
2025-11-25,9:34:59.089975790,T,84.98,100,85.1,600,TGT
2025-11-25,9:34:59.090221317,T,84.84,400,85.1,600,TGT
2025-11-25,9:34:59.109457251,T,84.84,300,85.1,600,TGT
2025-11-25,9:35:00.023910808,T,84.84,200,85.1,600,TGT
2025-11-25,9:35:00.976510398,T,84.78,100,85.1,600,TGT
2025-11-25,9:35:00.976520408,T,84.88,200,85.1,600,TGT
2025-11-25,9:35:02.433411311,T,84.88,200,85.1,700,TGT
2025-11-25,9:35:02.686589258,T,84.88,200,85.1,600,TGT
2025-11-25,9:35:08.548243643,T,84.88,200,85.1,700,TGT
2025-11-25,9:35:08.816843559,T,84.88,200,85.1,600,TGT
2025-11-25,9:35:09.215753848,T,85.0,500,85.1,600,TGT
2025-11-25,9:35:09.215824037,T,85.0,800,85.1,600,TGT
2025-11-25,9:35:09.431733368,T,85.0,900,85.1,600,TGT
2025-11-25,9:35:13.756692110,T,85.0,800,85.1,600,TGT
2025-11-25,9:35:13.757133261,T,85.0,800,85.13,100,TGT
2025-11-25,9:35:13.757859942,T,85.0,800,85.1,600,TGT
2025-11-25,9:35:13.758025398,T,85.0,300,85.1,600,TGT
2025-11-25,9:35:13.758030298,T,84.88,200,85.1,600,TGT
2025-11-25,9:35:13.758045398,T,84.88,200,85.04,100,TGT
2025-11-25,9:35:13.758050544,T,84.88,200,85.03,100,TGT
2025-11-25,9:35:13.758351072,T,84.88,300,85.03,100,TGT
2025-11-25,9:35:13.758561572,T,84.88,400,85.03,100,TGT
2025-11-25,9:35:13.759378612,T,84.88,400,85.04,100,TGT
2025-11-25,9:35:13.796040856,T,84.88,300,85.04,100,TGT
2025-11-25,9:35:13.796060990,T,84.88,200,85.04,100,TGT
2025-11-25,9:35:13.858163862,T,84.88,200,85.11,100,TGT
2025-11-25,9:35:13.858549877,T,84.88,200,85.04,100,TGT
2025-11-25,9:35:13.858940794,T,84.88,200,85.11,100,TGT
2025-11-25,9:35:13.859246503,T,84.88,200,85.04,100,TGT
2025-11-25,9:35:13.859752697,T,84.88,200,85.11,100,TGT
2025-11-25,9:35:13.860048438,T,84.88,200,85.04,100,TGT
2025-11-25,9:35:13.860514507,T,84.88,200,85.11,100,TGT
2025-11-25,9:35:13.860840265,T,84.88,200,85.04,100,TGT
2025-11-25,9:35:13.861622135,T,84.88,200,85.11,100,TGT
2025-11-25,9:35:13.862378962,T,84.88,200,85.04,100,TGT
2025-11-25,9:35:13.958086975,T,84.88,200,85.13,100,TGT
2025-11-25,9:35:17.765707749,T,84.88,200,85.1,600,TGT
2025-11-25,9:35:18.021747646,T,84.88,200,85.13,100,TGT
2025-11-25,9:35:18.022910491,T,84.88,200,85.1,600,TGT
2025-11-25,9:35:29.684993789,T,84.88,300,85.1,600,TGT
2025-11-25,9:35:34.311580574,T,84.88,300,85.1,700,TGT
2025-11-25,9:35:37.230529842,T,84.99,100,85.1,700,TGT
2025-11-25,9:35:37.230770580,T,84.99,100,85.1,600,TGT
2025-11-25,9:35:37.230795508,T,84.99,100,85.1,100,TGT
2025-11-25,9:35:37.230795508,T,84.99,100,85.13,100,TGT
2025-11-25,9:35:37.230800605,T,84.99,200,85.13,100,TGT
2025-11-25,9:35:37.230820711,T,85.07,100,85.13,100,TGT
2025-11-25,9:35:37.231311748,T,85.08,100,85.13,100,TGT
2025-11-25,9:35:37.231532307,T,85.08,200,85.13,100,TGT
2025-11-25,9:35:37.232028501,T,85.08,100,85.13,100,TGT
2025-11-25,9:35:37.232033458,T,85.07,100,85.13,100,TGT
2025-11-25,9:35:37.232053515,T,85.05,100,85.13,100,TGT
2025-11-25,9:35:37.232098680,T,85.05,100,85.11,100,TGT
2025-11-25,9:35:37.232108672,T,85.05,100,85.1,100,TGT
2025-11-25,9:35:37.232118672,T,85.05,100,85.08,100,TGT
2025-11-25,9:35:37.232499646,T,85.05,100,85.11,100,TGT
2025-11-25,9:35:37.232499646,T,85.05,100,85.13,100,TGT
2025-11-25,9:35:37.232519607,T,85.06,100,85.13,100,TGT
2025-11-25,9:35:37.251369604,T,85.05,100,85.13,100,TGT
2025-11-25,9:35:37.251389617,T,85.0,100,85.13,100,TGT
2025-11-25,9:35:37.331024271,T,84.95,200,85.13,100,TGT
2025-11-25,9:35:37.432085097,T,84.95,100,85.13,100,TGT
2025-11-25,9:35:45.834106189,T,84.95,100,85.1,100,TGT
2025-11-25,9:35:47.005782879,T,84.94,100,85.1,100,TGT
2025-11-25,9:35:47.005807836,T,84.94,100,85.06,100,TGT
2025-11-25,9:35:47.005807836,T,84.94,100,85.03,100,TGT
2025-11-25,9:35:47.005817835,T,84.93,200,85.03,100,TGT
2025-11-25,9:35:47.005837865,T,84.93,200,85.06,200,TGT
2025-11-25,9:35:47.007266257,T,84.78,100,85.06,200,TGT
2025-11-25,9:35:47.007266257,T,84.85,200,85.06,200,TGT
2025-11-25,9:35:47.012844509,T,84.85,200,85.06,100,TGT
2025-11-25,9:35:47.105821002,T,84.85,200,85.1,100,TGT
2025-11-25,9:35:47.205884400,T,84.85,200,85.11,100,TGT
2025-11-25,9:35:47.794942799,T,84.85,200,85.0,300,TGT
2025-11-25,9:35:49.452170794,T,84.85,200,84.99,100,TGT
2025-11-25,9:35:49.452190823,T,84.85,200,85.0,300,TGT
2025-11-25,9:35:49.452200830,T,84.85,200,84.99,100,TGT
2025-11-25,9:35:49.911359711,T,84.85,200,85.0,300,TGT
2025-11-25,9:35:49.911439969,T,84.91,100,85.0,300,TGT
2025-11-25,9:35:49.911444968,T,84.91,200,85.0,300,TGT
2025-11-25,9:35:49.911470047,T,84.91,100,85.0,300,TGT
2025-11-25,9:35:49.916476902,T,84.91,100,85.09,100,TGT
2025-11-25,9:35:49.916497516,T,84.98,100,85.09,100,TGT
2025-11-25,9:35:49.916772651,T,84.99,100,85.09,100,TGT
2025-11-25,9:35:49.916797660,T,84.98,100,85.09,100,TGT
2025-11-25,9:35:49.916812754,T,84.99,200,85.09,100,TGT
2025-11-25,9:35:49.916828118,T,84.99,200,85.06,100,TGT
2025-11-25,9:35:49.916847872,T,84.99,200,85.09,100,TGT
2025-11-25,9:35:49.916853161,T,84.98,100,85.09,100,TGT
2025-11-25,9:35:49.917810119,T,84.96,100,85.09,100,TGT
2025-11-25,9:35:49.918516784,T,84.96,200,85.09,100,TGT
2025-11-25,9:35:49.933973672,T,84.96,100,85.09,100,TGT
2025-11-25,9:35:49.997294510,T,84.96,100,85.06,100,TGT
2025-11-25,9:35:49.997299428,T,84.92,100,85.06,100,TGT
2025-11-25,9:35:49.997304480,T,84.91,100,85.06,100,TGT
2025-11-25,9:35:49.997329550,T,84.92,100,85.06,100,TGT
2025-11-25,9:35:50.018078941,T,84.85,300,85.06,100,TGT
2025-11-25,9:35:50.018790687,T,84.85,400,85.06,100,TGT
2025-11-25,9:35:50.031741578,T,84.85,400,85.09,200,TGT
2025-11-25,9:35:50.031952055,T,84.85,500,85.09,200,TGT
2025-11-25,9:35:50.111637008,T,84.85,400,85.09,200,TGT
2025-11-25,9:35:50.124076457,T,84.85,300,85.09,200,TGT
2025-11-25,9:35:50.282288411,T,84.85,300,85.09,100,TGT
2025-11-25,9:35:52.958343752,T,84.85,200,85.09,100,TGT
2025-11-25,9:35:52.958373889,T,84.85,200,85.08,100,TGT
2025-11-25,9:35:52.958529200,T,84.92,200,85.08,100,TGT
2025-11-25,9:35:52.959356237,T,84.97,100,85.08,100,TGT
2025-11-25,9:35:52.959401351,T,84.97,400,85.08,100,TGT
2025-11-25,9:35:52.966387960,T,84.97,300,85.08,100,TGT
2025-11-25,9:35:52.967641011,T,84.97,300,85.13,200,TGT
2025-11-25,9:35:52.968487919,T,84.97,300,85.1,100,TGT
2025-11-25,9:35:53.135500858,T,84.97,300,85.13,200,TGT
2025-11-25,9:35:53.701955376,T,84.92,200,85.13,200,TGT
2025-11-25,9:35:53.702000492,T,84.85,200,85.13,200,TGT
2025-11-25,9:35:53.736843427,T,84.85,200,85.08,100,TGT
2025-11-25,9:35:54.061216182,T,84.85,200,85.13,200,TGT
2025-11-25,9:35:54.233331253,T,84.85,200,85.08,100,TGT
2025-11-25,9:35:55.074500177,T,84.85,200,85.13,200,TGT
2025-11-25,9:35:55.075347263,T,84.85,200,85.09,100,TGT
2025-11-25,9:35:55.573829785,T,84.85,200,85.13,200,TGT
2025-11-25,9:35:58.833891436,T,84.85,200,85.08,100,TGT
2025-11-25,9:36:01.056691797,T,84.85,200,85.08,200,TGT
2025-11-25,9:36:01.056781927,T,84.85,200,85.07,100,TGT
2025-11-25,9:36:01.056822299,T,84.85,200,85.07,200,TGT
2025-11-25,9:36:01.056852099,T,84.85,200,85.03,100,TGT
2025-11-25,9:36:01.057182957,T,84.85,200,85.07,100,TGT
2025-11-25,9:36:01.057563830,T,84.85,200,85.03,100,TGT
2025-11-25,9:36:01.058050039,T,84.85,200,85.07,100,TGT
2025-11-25,9:36:01.058340711,T,84.85,200,85.03,100,TGT
2025-11-25,9:36:01.088031465,T,84.85,300,85.03,100,TGT
2025-11-25,9:36:01.088056493,T,84.85,300,85.07,100,TGT
2025-11-25,9:36:01.161426229,T,84.85,200,85.07,100,TGT
2025-11-25,9:36:02.050409219,T,84.85,200,84.99,100,TGT
2025-11-25,9:36:02.050429213,T,84.85,200,85.02,100,TGT
2025-11-25,9:36:02.050444245,T,84.85,200,85.02,200,TGT
2025-11-25,9:36:02.057445885,T,84.85,200,85.02,100,TGT
2025-11-25,9:36:02.774248559,T,84.85,200,85.02,200,TGT
2025-11-25,9:36:03.995487980,T,84.85,200,85.02,100,TGT
2025-11-25,9:36:05.189647897,T,84.85,200,85.05,100,TGT
2025-11-25,9:36:06.877077996,T,84.85,300,85.05,100,TGT
2025-11-25,9:36:06.877082937,T,84.94,100,85.05,100,TGT
2025-11-25,9:36:06.877093327,T,84.94,100,85.03,100,TGT
2025-11-25,9:36:06.877102985,T,84.91,100,85.03,100,TGT
2025-11-25,9:36:06.877113088,T,84.85,300,85.03,100,TGT
2025-11-25,9:36:06.877524022,T,84.85,300,85.05,100,TGT
2025-11-25,9:36:06.878010212,T,84.85,300,85.03,100,TGT
2025-11-25,9:36:06.878325897,T,84.85,300,85.05,100,TGT
2025-11-25,9:36:06.878551504,T,84.85,300,85.03,100,TGT
2025-11-25,9:36:06.879122765,T,84.85,300,85.05,100,TGT
2025-11-25,9:36:06.879328324,T,84.85,300,85.03,100,TGT
2025-11-25,9:36:06.879874639,T,84.85,300,85.05,100,TGT
2025-11-25,9:36:06.880080116,T,84.85,300,85.03,100,TGT
2025-11-25,9:36:06.880626369,T,84.85,300,85.05,100,TGT
2025-11-25,9:36:06.880836926,T,84.85,300,85.03,100,TGT
2025-11-25,9:36:06.881378193,T,84.85,300,85.05,100,TGT
2025-11-25,9:36:06.881598670,T,84.85,300,85.03,100,TGT
2025-11-25,9:36:06.882124915,T,84.85,300,85.05,100,TGT
2025-11-25,9:36:06.882350557,T,84.85,300,85.03,100,TGT
2025-11-25,9:36:06.882876801,T,84.85,300,85.05,100,TGT
2025-11-25,9:36:06.883102259,T,84.85,300,85.03,100,TGT
2025-11-25,9:36:06.883628523,T,84.85,300,85.05,100,TGT
2025-11-25,9:36:06.883854128,T,84.85,300,85.03,100,TGT
2025-11-25,9:36:06.884385317,T,84.85,300,85.05,100,TGT
2025-11-25,9:36:06.884686099,T,84.85,300,85.03,100,TGT
2025-11-25,9:36:06.885147144,T,84.85,300,85.05,100,TGT
2025-11-25,9:36:06.977136328,T,84.85,200,85.05,100,TGT
2025-11-25,9:36:08.831950307,T,84.85,300,85.05,100,TGT
2025-11-25,9:36:08.869775491,T,84.85,200,85.05,100,TGT
2025-11-25,9:36:11.363646545,T,84.85,200,85.05,200,TGT
2025-11-25,9:36:12.995960276,T,84.83,100,85.05,200,TGT
2025-11-25,9:36:12.995970344,T,84.89,200,85.05,200,TGT
2025-11-25,9:36:15.158933314,T,84.89,300,85.05,200,TGT
2025-11-25,9:36:15.582768012,T,84.89,300,85.05,100,TGT
2025-11-25,9:36:15.582773028,T,84.89,300,85.07,100,TGT
2025-11-25,9:36:15.582773028,T,84.98,100,85.07,100,TGT
2025-11-25,9:36:15.582782979,T,84.98,100,85.08,100,TGT
2025-11-25,9:36:15.582793027,T,85.01,100,85.08,100,TGT
2025-11-25,9:36:15.582798094,T,85.02,100,85.08,100,TGT
2025-11-25,9:36:15.583349403,T,85.01,100,85.08,100,TGT
2025-11-25,9:36:15.584071137,T,84.99,100,85.08,100,TGT
2025-11-25,9:36:15.682821374,T,84.89,200,85.08,100,TGT
2025-11-25,9:36:16.267925257,T,84.89,200,85.07,100,TGT
2025-11-25,9:36:16.267955288,T,84.89,200,85.08,100,TGT
2025-11-25,9:36:19.416676539,T,84.89,200,85.03,100,TGT
2025-11-25,9:36:19.417232878,T,84.89,200,85.08,100,TGT
2025-11-25,9:36:21.464780761,T,84.89,300,85.08,100,TGT
2025-11-25,9:36:21.686489043,T,84.89,300,85.08,200,TGT
2025-11-25,9:36:21.719933728,T,84.89,300,85.08,100,TGT
2025-11-25,9:36:21.784577816,T,84.89,300,85.08,200,TGT
2025-11-25,9:36:22.368383682,T,84.89,200,85.08,200,TGT
2025-11-25,9:36:22.368403719,T,84.89,200,85.07,100,TGT
2025-11-25,9:36:22.368423692,T,84.89,200,85.07,200,TGT
2025-11-25,9:36:22.368428745,T,84.89,200,85.07,100,TGT
2025-11-25,9:36:22.368443726,T,84.89,200,85.05,100,TGT
2025-11-25,9:36:22.375460436,T,84.89,200,85.07,100,TGT
2025-11-25,9:36:22.568440165,T,84.89,200,85.08,100,TGT
2025-11-25,9:36:22.727373842,T,84.89,200,85.08,200,TGT
2025-11-25,9:36:23.697645311,T,84.89,200,85.08,100,TGT
2025-11-25,9:36:23.875138149,T,84.89,200,85.08,200,TGT
2025-11-25,9:36:24.686501051,T,84.89,200,85.08,100,TGT
2025-11-25,9:36:24.732841735,T,84.89,200,85.08,200,TGT
2025-11-25,9:36:25.675351780,T,84.89,200,85.08,100,TGT
2025-11-25,9:36:26.299674150,T,84.89,200,85.08,200,TGT
2025-11-25,9:36:26.664202602,T,84.89,200,85.08,100,TGT
2025-11-25,9:36:26.750668619,T,84.89,200,85.08,200,TGT
2025-11-25,9:36:26.989537708,T,84.89,200,85.07,100,TGT
2025-11-25,9:36:26.989553087,T,84.89,200,85.07,200,TGT
2025-11-25,9:36:26.989583080,T,84.89,200,85.04,100,TGT
2025-11-25,9:36:26.989968733,T,84.89,200,85.02,100,TGT
2025-11-25,9:36:27.191378494,T,84.89,200,85.04,100,TGT
2025-11-25,9:36:27.307886098,T,84.89,200,85.03,100,TGT
2025-11-25,9:36:27.307911135,T,84.89,200,85.04,200,TGT
2025-11-25,9:36:27.307926197,T,84.89,200,85.01,100,TGT
2025-11-25,9:36:27.366039596,T,84.89,200,85.08,200,TGT
2025-11-25,9:36:27.407929417,T,84.89,200,85.08,100,TGT
2025-11-25,9:36:28.249900250,T,84.95,200,85.08,100,TGT
2025-11-25,9:36:35.564015204,T,84.89,300,85.08,100,TGT
2025-11-25,9:36:35.564040187,T,84.89,200,85.08,100,TGT
2025-11-25,9:36:35.564180585,T,84.89,300,85.08,100,TGT
2025-11-25,9:36:35.564180585,T,84.9,100,85.08,100,TGT
2025-11-25,9:36:35.564220700,T,84.89,200,85.08,100,TGT
2025-11-25,9:36:35.574615387,T,84.89,200,85.13,200,TGT
2025-11-25,9:36:35.574640919,T,84.9,100,85.13,200,TGT
2025-11-25,9:36:35.574640919,T,85.01,100,85.13,200,TGT
2025-11-25,9:36:35.574645426,T,85.02,100,85.13,200,TGT
2025-11-25,9:36:35.575026353,T,85.04,100,85.13,200,TGT
2025-11-25,9:36:35.575041471,T,85.04,100,85.13,100,TGT
2025-11-25,9:36:35.575502554,T,85.05,100,85.13,100,TGT
2025-11-25,9:36:35.575552588,T,85.07,100,85.13,100,TGT
2025-11-25,9:36:35.575703419,T,85.08,100,85.13,100,TGT
2025-11-25,9:36:35.576119016,T,85.09,100,85.13,100,TGT
2025-11-25,9:36:37.448294037,T,84.94,200,85.13,100,TGT
2025-11-25,9:36:37.506803376,T,84.94,300,85.13,100,TGT
2025-11-25,9:36:38.715763792,T,84.98,100,85.13,100,TGT
2025-11-25,9:36:38.969473098,T,84.94,200,85.13,100,TGT
2025-11-25,9:36:39.560230516,T,84.94,200,85.12,100,TGT
2025-11-25,9:36:39.560982332,T,84.94,200,85.13,100,TGT
2025-11-25,9:36:41.373961296,T,84.94,300,85.13,100,TGT
2025-11-25,9:36:41.373996482,T,84.97,100,85.13,100,TGT
2025-11-25,9:36:45.571816974,T,84.97,100,85.12,100,TGT
2025-11-25,9:36:45.572603930,T,84.97,100,85.13,100,TGT
2025-11-25,9:36:45.573385775,T,84.97,100,85.12,100,TGT
2025-11-25,9:36:45.574137600,T,84.97,100,85.13,100,TGT
2025-11-25,9:36:45.574929425,T,84.97,100,85.12,100,TGT
2025-11-25,9:36:45.575681169,T,84.97,100,85.13,100,TGT
2025-11-25,9:36:48.348462048,T,84.97,100,85.12,100,TGT
2025-11-25,9:36:48.349579657,T,84.97,100,85.13,100,TGT
2025-11-25,9:36:48.350421717,T,84.97,100,85.12,100,TGT
2025-11-25,9:36:48.672874784,T,84.97,100,85.13,100,TGT
2025-11-25,9:36:49.667318953,T,84.97,100,85.13,200,TGT
