DATE,TIME_M,EX,BID,BIDSIZ,ASK,ASKSIZ,SYM_ROOT
2025-11-28,9:30:17.274205921,T,90.27,100,90.5,600,TGT
2025-11-28,9:30:17.274226009,T,89.7,100,90.5,600,TGT
2025-11-28,9:30:17.274246122,T,89.7,100,90.42,100,TGT
2025-11-28,9:30:17.984137302,T,89.7,100,90.5,600,TGT
2025-11-28,9:30:37.095247419,T,89.7,100,90.27,100,TGT
2025-11-28,9:30:37.161470243,T,89.7,100,90.27,200,TGT
2025-11-28,9:30:37.162407438,T,89.7,100,90.26,100,TGT
2025-11-28,9:30:37.162628013,T,89.7,100,90.26,200,TGT
2025-11-28,9:30:37.172626880,T,89.7,100,90.26,100,TGT
2025-11-28,9:30:37.173047867,T,89.7,100,90.26,200,TGT
2025-11-28,9:30:37.212351488,T,89.7,100,90.26,100,TGT
2025-11-28,9:30:37.212371484,T,89.7,100,90.27,100,TGT
2025-11-28,9:30:37.230374406,T,90.05,100,90.27,100,TGT
2025-11-28,9:30:37.837160153,T,90.06,100,90.27,100,TGT
2025-11-28,9:30:37.837180222,T,90.06,200,90.27,100,TGT
2025-11-28,9:30:37.839926754,T,90.06,300,90.27,100,TGT
2025-11-28,9:30:38.061534710,T,90.06,200,90.27,100,TGT
2025-11-28,9:30:45.872654122,T,90.06,100,90.27,100,TGT
2025-11-28,9:31:00.877816919,T,90.11,100,90.27,100,TGT
2025-11-28,9:31:00.928632908,T,90.23,100,90.27,100,TGT
2025-11-28,9:31:00.928653030,T,90.0,300,90.27,100,TGT
2025-11-28,9:31:00.928868578,T,90.0,300,90.27,500,TGT
2025-11-28,9:31:00.928968729,T,90.0,300,90.27,600,TGT
2025-11-28,9:31:00.929018934,T,90.0,300,90.27,700,TGT
2025-11-28,9:31:00.929059003,T,90.0,300,90.27,800,TGT
2025-11-28,9:31:00.929314610,T,90.0,300,90.27,400,TGT
2025-11-28,9:31:00.929319882,T,90.0,300,90.16,100,TGT
2025-11-28,9:31:00.929324608,T,90.0,300,90.16,200,TGT
2025-11-28,9:31:00.929339847,T,90.0,300,90.16,600,TGT
2025-11-28,9:31:00.929344698,T,90.0,300,90.16,500,TGT
2025-11-28,9:31:00.929424829,T,90.0,300,90.16,100,TGT
2025-11-28,9:31:00.929424829,T,90.0,300,90.13,100,TGT
2025-11-28,9:31:00.929449913,T,90.0,300,90.13,500,TGT
2025-11-28,9:31:00.929459895,T,90.0,300,90.13,100,TGT
2025-11-28,9:31:00.929464918,T,90.0,300,90.12,100,TGT
2025-11-28,9:31:00.929484960,T,90.0,300,90.12,500,TGT
2025-11-28,9:31:00.929545092,T,90.0,300,90.12,400,TGT
2025-11-28,9:31:00.930712874,T,90.0,300,90.12,500,TGT
2025-11-28,9:31:00.940551391,T,90.0,300,90.12,600,TGT
2025-11-28,9:31:00.964187646,T,90.0,300,90.12,300,TGT
2025-11-28,9:31:00.964779032,T,90.0,300,90.12,200,TGT
2025-11-28,9:31:04.441482013,T,90.0,300,90.12,100,TGT
2025-11-28,9:31:04.441486981,T,90.0,300,90.08,100,TGT
2025-11-28,9:31:04.441507087,T,90.0,300,90.08,200,TGT
2025-11-28,9:31:04.441672429,T,90.0,200,90.08,200,TGT
2025-11-28,9:31:04.441687545,T,90.0,200,90.08,100,TGT
2025-11-28,9:31:04.441692597,T,90.0,200,90.02,100,TGT
2025-11-28,9:31:04.441712563,T,90.0,200,90.02,200,TGT
2025-11-28,9:31:04.441717601,T,90.0,200,90.02,100,TGT
2025-11-28,9:31:04.441752691,T,90.01,100,90.02,100,TGT
2025-11-28,9:31:04.441777702,T,90.0,200,90.02,100,TGT
2025-11-28,9:31:04.441798133,T,90.0,200,90.17,100,TGT
2025-11-28,9:31:04.441822823,T,90.0,200,90.01,100,TGT
2025-11-28,9:31:04.441857945,T,90.0,100,90.01,100,TGT
2025-11-28,9:31:04.441857945,T,89.92,200,90.01,100,TGT
2025-11-28,9:31:04.441877988,T,89.92,200,90.17,100,TGT
2025-11-28,9:31:04.441888356,T,89.92,200,90.13,100,TGT
2025-11-28,9:31:04.441897961,T,89.92,200,90.17,100,TGT
2025-11-28,9:31:04.441903102,T,89.92,200,90.01,100,TGT
2025-11-28,9:31:04.442429284,T,89.92,300,90.01,100,TGT
2025-11-28,9:31:04.442524471,T,89.92,300,90.0,100,TGT
2025-11-28,9:31:04.446173217,T,89.92,100,90.0,100,TGT
2025-11-28,9:31:04.447631701,T,89.92,100,90.0,200,TGT
2025-11-28,9:31:04.878433026,T,89.85,200,90.0,200,TGT
2025-11-28,9:31:04.880979101,T,89.85,200,90.04,100,TGT
2025-11-28,9:31:04.881004135,T,89.85,200,89.99,200,TGT
2025-11-28,9:31:08.753821205,T,89.85,200,89.99,100,TGT
2025-11-28,9:31:08.753825988,T,89.85,200,90.04,100,TGT
2025-11-28,9:31:08.753825988,T,89.85,300,90.04,100,TGT
2025-11-28,9:31:08.753845958,T,89.96,100,90.04,100,TGT
2025-11-28,9:31:08.754156690,T,89.96,100,90.21,100,TGT
2025-11-28,9:31:08.754507532,T,89.96,100,90.06,100,TGT
2025-11-28,9:31:08.754517626,T,89.96,100,90.04,100,TGT
2025-11-28,9:31:08.754938598,T,89.96,100,90.04,200,TGT
2025-11-28,9:31:08.755139075,T,89.93,100,90.04,200,TGT
2025-11-28,9:31:08.755164136,T,89.96,100,90.04,200,TGT
2025-11-28,9:31:08.757038538,T,89.93,100,90.04,200,TGT
2025-11-28,9:31:08.757083663,T,89.93,100,90.0,100,TGT
2025-11-28,9:31:08.757133786,T,89.93,100,89.96,100,TGT
2025-11-28,9:31:08.757153889,T,89.93,100,90.04,100,TGT
2025-11-28,9:31:08.757189264,T,89.94,100,90.04,100,TGT
2025-11-28,9:31:08.765077730,T,89.94,100,90.21,100,TGT
2025-11-28,9:31:08.767829229,T,89.93,100,90.21,100,TGT
2025-11-28,9:31:08.767854295,T,89.86,100,90.21,100,TGT
2025-11-28,9:31:08.768551038,T,89.86,200,90.21,100,TGT
2025-11-28,9:31:08.954674457,T,89.86,100,90.21,100,TGT
2025-11-28,9:31:09.101554307,T,89.86,100,90.12,100,TGT
2025-11-28,9:31:10.832959001,T,89.86,100,90.23,200,TGT
2025-11-28,9:31:10.832994117,T,89.86,100,90.12,100,TGT
2025-11-28,9:31:10.833525346,T,89.86,100,90.23,200,TGT
2025-11-28,9:31:10.833560526,T,89.86,100,90.09,100,TGT
2025-11-28,9:31:13.006146422,T,89.87,100,90.09,100,TGT
2025-11-28,9:31:16.029825094,T,89.88,100,90.09,100,TGT
2025-11-28,9:31:16.249137643,T,89.88,200,90.09,100,TGT
2025-11-28,9:31:16.249137643,T,89.9,100,90.09,100,TGT
2025-11-28,9:31:16.249227795,T,89.88,200,90.09,100,TGT
2025-11-28,9:31:16.249227795,T,89.88,100,90.09,100,TGT
2025-11-28,9:31:16.249258055,T,89.9,100,90.09,100,TGT
2025-11-28,9:31:16.249754072,T,89.95,100,90.09,100,TGT
2025-11-28,9:31:16.249769159,T,89.9,100,90.09,100,TGT
2025-11-28,9:31:16.257266944,T,89.88,200,90.09,100,TGT
2025-11-28,9:31:16.259351998,T,89.88,100,90.09,100,TGT
2025-11-28,9:31:18.854349147,T,89.88,200,90.09,100,TGT
2025-11-28,9:31:38.146194742,T,89.88,200,90.09,200,TGT
2025-11-28,9:31:38.784084440,T,89.88,100,90.09,200,TGT
2025-11-28,9:31:38.784315001,T,89.88,100,90.09,100,TGT
2025-11-28,9:31:41.487124238,T,89.88,100,90.15,100,TGT
2025-11-28,9:31:41.487154348,T,89.88,100,90.13,100,TGT
2025-11-28,9:31:43.198000215,T,89.89,100,90.13,100,TGT
2025-11-28,9:31:46.210807735,T,89.88,100,90.13,100,TGT
2025-11-28,9:31:48.224029177,T,89.89,100,90.13,100,TGT
2025-11-28,9:31:48.512040288,T,89.95,100,90.13,100,TGT
2025-11-28,9:31:48.519097162,T,89.89,100,90.13,100,TGT
2025-11-28,9:31:51.232431459,T,89.88,100,90.13,100,TGT
2025-11-28,9:31:52.699185783,T,89.88,100,90.04,100,TGT
2025-11-28,9:31:52.699431360,T,89.89,100,90.04,100,TGT
2025-11-28,9:31:52.699932569,T,89.89,100,90.13,100,TGT
2025-11-28,9:31:52.788318145,T,89.89,100,90.11,100,TGT
2025-11-28,9:31:52.788483539,T,89.89,100,90.12,100,TGT
2025-11-28,9:31:52.803348951,T,89.89,100,90.13,100,TGT
2025-11-28,9:31:53.249747389,T,89.9,100,90.13,100,TGT
2025-11-28,9:31:53.249767688,T,89.9,200,90.13,100,TGT
2025-11-28,9:31:56.265557222,T,89.88,100,90.13,100,TGT
2025-11-28,9:31:57.275618749,T,89.89,200,90.13,100,TGT
2025-11-28,9:31:58.437226102,T,89.89,200,90.16,200,TGT
2025-11-28,9:31:58.437261201,T,89.89,200,90.08,100,TGT
2025-11-28,9:32:00.313556120,T,89.88,100,90.08,100,TGT
2025-11-28,9:32:01.317748586,T,89.89,200,90.08,100,TGT
2025-11-28,9:32:04.325303543,T,89.88,100,90.08,100,TGT
2025-11-28,9:32:05.335665908,T,89.89,200,90.08,100,TGT
2025-11-28,9:32:08.358532567,T,89.88,100,90.08,100,TGT
2025-11-28,9:32:09.367771847,T,89.89,200,90.08,100,TGT
2025-11-28,9:32:09.405406460,T,89.9,100,90.08,100,TGT
2025-11-28,9:32:09.405416551,T,89.96,100,90.08,100,TGT
2025-11-28,9:32:09.407777120,T,89.96,200,90.08,100,TGT
2025-11-28,9:32:09.407992612,T,89.96,200,90.08,200,TGT
2025-11-28,9:32:09.419044008,T,89.96,200,90.08,100,TGT
2025-11-28,9:32:09.421093935,T,89.96,200,90.08,200,TGT
2025-11-28,9:32:10.428293413,T,89.96,200,90.08,100,TGT
2025-11-28,9:32:10.428513945,T,89.96,100,90.08,100,TGT
2025-11-28,9:32:10.428528956,T,89.9,100,90.08,100,TGT
2025-11-28,9:32:11.375565240,T,89.91,100,90.08,100,TGT
2025-11-28,9:32:15.405350651,T,89.92,100,90.08,100,TGT
2025-11-28,9:32:18.085175021,T,89.92,200,90.08,100,TGT
2025-11-28,9:32:27.638554881,T,89.92,100,90.08,100,TGT
2025-11-28,9:32:27.639326729,T,89.92,100,90.08,200,TGT
2025-11-28,9:32:27.649500926,T,89.92,100,90.08,100,TGT
2025-11-28,9:32:27.649977046,T,89.92,100,90.08,200,TGT
2025-11-28,9:32:27.704552105,T,89.92,100,90.08,100,TGT
2025-11-28,9:32:27.705379036,T,89.92,100,90.08,200,TGT
2025-11-28,9:32:32.398750514,T,89.92,100,90.03,100,TGT
2025-11-28,9:32:32.398750514,T,89.92,100,90.0,100,TGT
2025-11-28,9:32:32.398785656,T,89.92,100,90.03,100,TGT
2025-11-28,9:32:32.398885936,T,89.92,100,90.08,200,TGT
2025-11-28,9:32:32.399036245,T,89.92,100,90.08,100,TGT
2025-11-28,9:32:32.399482269,T,89.92,100,90.08,200,TGT
2025-11-28,9:32:32.409741752,T,89.92,100,90.08,100,TGT
2025-11-28,9:32:32.417640600,T,89.92,100,90.08,200,TGT
2025-11-28,9:32:34.174977553,T,89.85,200,90.08,200,TGT
2025-11-28,9:32:34.175002565,T,89.85,200,90.08,300,TGT
2025-11-28,9:32:34.175002565,T,89.85,200,90.04,100,TGT
2025-11-28,9:32:34.175002565,T,89.85,200,89.96,100,TGT
2025-11-28,9:32:34.175859364,T,89.85,200,89.96,200,TGT
2025-11-28,9:32:34.185858085,T,89.85,200,89.96,100,TGT
2025-11-28,9:32:34.186965771,T,89.85,200,89.96,200,TGT
2025-11-28,9:32:34.275045760,T,89.85,200,89.96,100,TGT
2025-11-28,9:32:34.376728064,T,89.85,200,89.99,100,TGT
2025-11-28,9:32:34.376737980,T,89.85,200,90.04,100,TGT
2025-11-28,9:32:34.376948469,T,89.85,200,90.08,300,TGT
2025-11-28,9:32:34.377284224,T,89.85,200,90.08,400,TGT
2025-11-28,9:32:34.377419572,T,89.85,200,89.96,100,TGT
2025-11-28,9:32:34.377464691,T,89.85,200,90.08,400,TGT
2025-11-28,9:32:34.377569937,T,89.85,200,90.08,500,TGT
2025-11-28,9:32:34.378527179,T,89.85,200,90.08,400,TGT
2025-11-28,9:32:34.395292184,T,89.85,200,90.08,300,TGT
2025-11-28,9:32:36.057702518,T,89.85,200,90.08,100,TGT
2025-11-28,9:32:44.201804967,T,89.85,200,89.98,100,TGT
2025-11-28,9:32:44.202225899,T,89.85,200,89.98,200,TGT
2025-11-28,9:32:44.202321098,T,89.85,200,89.98,300,TGT
2025-11-28,9:32:44.303913233,T,89.85,200,89.98,200,TGT
2025-11-28,9:32:44.304133717,T,89.85,200,89.98,100,TGT
2025-11-28,9:32:45.589430730,T,89.86,100,89.98,100,TGT
2025-11-28,9:32:45.589500955,T,89.86,100,90.05,100,TGT
2025-11-28,9:32:45.589505863,T,89.86,100,90.08,100,TGT
2025-11-28,9:32:45.589550992,T,89.88,100,90.08,100,TGT
2025-11-28,9:32:45.590017303,T,89.88,100,90.08,200,TGT
2025-11-28,9:32:45.590042305,T,89.87,100,90.08,200,TGT
2025-11-28,9:32:45.590247670,T,89.87,100,90.08,300,TGT
2025-11-28,9:32:45.596552688,T,89.86,100,90.08,300,TGT
2025-11-28,9:32:46.595913561,T,89.87,100,90.08,300,TGT
2025-11-28,9:32:47.601263678,T,89.88,100,90.08,300,TGT
2025-11-28,9:32:47.601679611,T,89.88,100,90.08,200,TGT
2025-11-28,9:32:48.070516569,T,89.88,200,90.08,200,TGT
2025-11-28,9:32:48.070717060,T,89.9,100,90.08,200,TGT
2025-11-28,9:32:48.070752172,T,89.94,100,90.08,200,TGT
2025-11-28,9:32:48.070772272,T,89.88,200,90.08,200,TGT
2025-11-28,9:32:48.080700831,T,89.88,100,90.08,200,TGT
2025-11-28,9:32:48.113443887,T,89.88,200,90.08,200,TGT
2025-11-28,9:32:49.285902589,T,89.88,200,90.08,100,TGT
2025-11-28,9:32:49.285907341,T,89.88,200,90.15,200,TGT
2025-11-28,9:32:49.285927410,T,90.04,100,90.15,200,TGT
2025-11-28,9:32:49.286152921,T,90.04,200,90.15,200,TGT
2025-11-28,9:32:49.287310606,T,90.04,100,90.15,200,TGT
2025-11-28,9:32:49.287325627,T,90.04,100,90.24,100,TGT
2025-11-28,9:32:49.295740785,T,90.04,100,90.26,200,TGT
2025-11-28,9:32:49.296061530,T,90.04,200,90.26,200,TGT
2025-11-28,9:32:49.296186776,T,90.04,200,90.26,300,TGT
2025-11-28,9:32:49.296462497,T,90.04,100,90.26,300,TGT
2025-11-28,9:32:49.306265773,T,90.0,100,90.26,300,TGT
2025-11-28,9:32:49.306496333,T,90.0,100,90.26,200,TGT
2025-11-28,9:32:49.386040904,T,89.91,100,90.26,200,TGT
2025-11-28,9:32:49.486009022,T,89.89,100,90.26,200,TGT
2025-11-28,9:32:49.486034127,T,89.88,200,90.26,200,TGT
2025-11-28,9:32:49.490204096,T,89.9,100,90.26,200,TGT
2025-11-28,9:32:49.490414544,T,89.9,200,90.26,200,TGT
2025-11-28,9:32:49.547841366,T,89.9,100,90.26,200,TGT
2025-11-28,9:32:50.007165582,T,89.88,200,90.26,200,TGT
2025-11-28,9:32:52.710125091,T,89.89,100,90.26,200,TGT
2025-11-28,9:32:52.710125091,T,89.99,100,90.26,200,TGT
2025-11-28,9:32:52.710180261,T,89.91,100,90.26,200,TGT
2025-11-28,9:32:52.710335600,T,89.99,100,90.26,200,TGT
2025-11-28,9:32:52.720344470,T,89.91,100,90.26,200,TGT
2025-11-28,9:32:53.223513188,T,89.88,200,90.26,200,TGT
2025-11-28,9:32:53.644090259,T,89.9,100,90.26,200,TGT
2025-11-28,9:32:53.974251724,T,89.88,200,90.26,200,TGT
2025-11-28,9:32:53.974507310,T,89.9,100,90.26,200,TGT
2025-11-28,9:32:53.976682465,T,89.9,100,90.5,500,TGT
2025-11-28,9:32:53.976687505,T,89.9,100,90.35,200,TGT
2025-11-28,9:32:54.655825607,T,89.88,100,90.35,200,TGT
2025-11-28,9:32:56.676118525,T,89.9,100,90.35,200,TGT
2025-11-28,9:32:58.316321134,T,89.88,100,90.35,200,TGT
2025-11-28,9:32:58.406165222,T,89.91,100,90.35,200,TGT
2025-11-28,9:32:58.683105112,T,89.88,100,90.35,200,TGT
2025-11-28,9:32:59.346054579,T,89.9,100,90.35,200,TGT
2025-11-28,9:33:00.076124041,T,89.89,100,90.35,200,TGT
2025-11-28,9:33:00.686007022,T,89.9,100,90.35,200,TGT
2025-11-28,9:33:01.521252067,T,89.97,100,90.35,200,TGT
2025-11-28,9:33:01.559217537,T,89.9,100,90.35,200,TGT
2025-11-28,9:33:01.559919177,T,89.97,100,90.35,200,TGT
2025-11-28,9:33:01.637208332,T,90.05,100,90.35,200,TGT
2025-11-28,9:33:01.694469734,T,89.97,100,90.35,200,TGT
2025-11-28,9:33:10.376032270,T,89.9,100,90.35,200,TGT
2025-11-28,9:33:10.376172685,T,89.9,100,90.22,100,TGT
2025-11-28,9:33:10.376217881,T,89.9,100,90.21,100,TGT
2025-11-28,9:33:10.376232934,T,89.9,100,90.22,100,TGT
2025-11-28,9:33:10.376317944,T,89.9,100,90.19,100,TGT
2025-11-28,9:33:10.376518472,T,89.9,100,90.2,100,TGT
2025-11-28,9:33:10.376558563,T,89.9,100,90.19,100,TGT
2025-11-28,9:33:10.376633697,T,89.89,200,90.19,100,TGT
2025-11-28,9:33:10.376743992,T,89.9,100,90.19,100,TGT
2025-11-28,9:33:10.376754076,T,89.91,100,90.19,100,TGT
2025-11-28,9:33:10.376759274,T,89.9,100,90.19,100,TGT
2025-11-28,9:33:10.376764088,T,90.0,100,90.19,100,TGT
2025-11-28,9:33:10.376764088,T,90.0,100,90.2,100,TGT
2025-11-28,9:33:10.376994657,T,90.1,100,90.2,100,TGT
2025-11-28,9:33:10.377064813,T,90.1,100,90.19,100,TGT
2025-11-28,9:33:10.377099801,T,90.1,100,90.2,100,TGT
2025-11-28,9:33:10.377114921,T,90.0,100,90.2,100,TGT
2025-11-28,9:33:10.377150094,T,90.0,100,90.19,100,TGT
2025-11-28,9:33:10.377170395,T,90.0,100,90.2,100,TGT
2025-11-28,9:33:10.377200133,T,90.0,200,90.2,100,TGT
2025-11-28,9:33:10.384392200,T,90.0,300,90.2,100,TGT
2025-11-28,9:33:10.386266740,T,90.0,300,90.21,100,TGT
2025-11-28,9:33:10.386281752,T,90.0,300,90.22,100,TGT
2025-11-28,9:33:10.386762930,T,90.0,200,90.22,100,TGT
2025-11-28,9:33:10.387284059,T,90.0,100,90.22,100,TGT
2025-11-28,9:33:10.391343731,T,90.0,100,90.35,200,TGT
2025-11-28,9:33:10.563513945,T,89.89,200,90.35,200,TGT
2025-11-28,9:33:18.029175119,T,89.98,100,90.35,200,TGT
2025-11-28,9:33:19.430674007,T,89.98,100,90.3,100,TGT
2025-11-28,9:33:19.430679138,T,89.98,100,90.21,100,TGT
2025-11-28,9:33:19.430684026,T,89.98,100,90.19,100,TGT
2025-11-28,9:33:19.435781063,T,89.98,100,90.21,100,TGT
2025-11-28,9:33:19.437174413,T,89.98,100,90.22,100,TGT
2025-11-28,9:33:19.437465085,T,89.98,100,90.3,300,TGT
2025-11-28,9:33:19.451999757,T,89.98,100,90.3,200,TGT
2025-11-28,9:33:19.452014778,T,89.98,100,90.3,100,TGT
2025-11-28,9:33:19.452019862,T,89.98,100,90.35,200,TGT
2025-11-28,9:33:19.452435816,T,89.98,100,90.3,100,TGT
2025-11-28,9:33:19.452646271,T,89.98,100,90.3,200,TGT
2025-11-28,9:33:19.499588143,T,89.98,100,90.3,100,TGT
2025-11-28,9:33:19.500154494,T,89.98,100,90.3,200,TGT
2025-11-28,9:33:21.837583249,T,89.98,100,90.3,300,TGT
2025-11-28,9:33:21.837593193,T,89.98,100,90.29,100,TGT
2025-11-28,9:33:21.838410203,T,89.98,100,90.3,200,TGT
2025-11-28,9:33:21.858071998,T,89.98,100,90.3,100,TGT
2025-11-28,9:33:22.177031835,T,89.98,100,90.17,100,TGT
2025-11-28,9:33:22.177242328,T,89.98,100,90.17,200,TGT
2025-11-28,9:33:22.177452907,T,89.98,100,90.17,300,TGT
2025-11-28,9:33:22.185542166,T,89.98,100,90.17,200,TGT
2025-11-28,9:33:22.211188252,T,89.98,100,90.09,100,TGT
2025-11-28,9:33:22.211218300,T,89.98,100,90.16,100,TGT
2025-11-28,9:33:22.218214930,T,89.98,100,90.17,100,TGT
2025-11-28,9:33:22.221327415,T,89.98,100,90.18,100,TGT
2025-11-28,9:33:22.411234906,T,89.98,100,90.22,100,TGT
2025-11-28,9:33:24.320934593,T,89.98,100,90.18,100,TGT
2025-11-28,9:33:30.886175596,T,89.98,100,90.16,100,TGT
2025-11-28,9:33:30.886230650,T,89.98,100,90.18,100,TGT
2025-11-28,9:33:30.886391059,T,89.98,100,90.18,200,TGT
2025-11-28,9:33:30.886421162,T,89.98,100,90.18,100,TGT
2025-11-28,9:33:30.896820974,T,89.89,200,90.18,100,TGT
2025-11-28,9:33:32.906152905,T,89.9,100,90.18,100,TGT
2025-11-28,9:33:34.665724860,T,89.9,100,90.18,200,TGT
2025-11-28,9:33:39.959075752,T,89.91,100,90.18,200,TGT
2025-11-28,9:33:44.998892607,T,89.92,100,90.18,200,TGT
2025-11-28,9:33:52.065878913,T,89.93,100,90.18,200,TGT
2025-11-28,9:33:57.770349171,T,89.98,100,90.18,200,TGT
2025-11-28,9:33:57.777591473,T,89.97,100,90.18,200,TGT
2025-11-28,9:33:57.781811502,T,89.93,100,90.18,200,TGT
2025-11-28,9:33:59.107785833,T,89.94,100,90.18,200,TGT
2025-11-28,9:34:18.166124852,T,89.89,200,90.18,200,TGT
2025-11-28,9:34:29.450137609,T,89.89,200,90.18,100,TGT
2025-11-28,9:34:29.450157613,T,89.9,100,90.18,100,TGT
2025-11-28,9:34:29.450192752,T,89.89,200,90.18,100,TGT
2025-11-28,9:34:29.450879386,T,89.9,100,90.18,100,TGT
2025-11-28,9:34:29.451636175,T,89.89,200,90.18,100,TGT
2025-11-28,9:34:31.598571013,T,89.89,200,90.22,200,TGT
2025-11-28,9:34:31.598606140,T,89.89,200,90.22,300,TGT
2025-11-28,9:34:32.067207511,T,89.89,200,90.22,200,TGT
2025-11-28,9:34:33.227386541,T,89.88,100,90.22,200,TGT
2025-11-28,9:34:33.227396514,T,89.94,200,90.22,200,TGT
2025-11-28,9:34:37.293473458,T,90.08,100,90.22,200,TGT
2025-11-28,9:34:38.085976575,T,90.08,100,90.18,100,TGT
2025-11-28,9:34:38.086016646,T,90.08,100,90.22,200,TGT
2025-11-28,9:34:38.681039553,T,89.94,200,90.22,200,TGT
2025-11-28,9:34:38.681064324,T,89.94,200,90.19,100,TGT
2025-11-28,9:34:38.681069353,T,89.94,200,90.18,100,TGT
2025-11-28,9:34:38.681099542,T,89.94,200,90.19,100,TGT
2025-11-28,9:34:38.681114498,T,89.94,200,90.18,100,TGT
2025-11-28,9:34:38.688096046,T,89.94,200,90.19,100,TGT
2025-11-28,9:34:38.691253586,T,89.94,200,90.22,200,TGT
2025-11-28,9:34:38.715611667,T,89.94,200,90.19,100,TGT
2025-11-28,9:34:38.715611667,T,89.94,200,90.18,100,TGT
2025-11-28,9:34:38.722643386,T,89.94,200,90.19,100,TGT
2025-11-28,9:34:38.724187084,T,89.94,200,90.15,100,TGT
2025-11-28,9:34:38.725003953,T,89.94,200,90.19,100,TGT
2025-11-28,9:34:38.815870499,T,89.94,200,90.22,200,TGT
2025-11-28,9:34:39.295242506,T,89.95,100,90.22,200,TGT
2025-11-28,9:34:40.304481869,T,89.96,100,90.22,200,TGT
2025-11-28,9:34:41.328596778,T,89.97,100,90.22,200,TGT
2025-11-28,9:34:44.349899729,T,89.98,100,90.22,200,TGT
2025-11-28,9:34:45.354513036,T,89.98,100,90.18,100,TGT
2025-11-28,9:34:47.377011461,T,89.99,100,90.18,100,TGT
2025-11-28,9:34:52.399842980,T,90.0,100,90.18,100,TGT
2025-11-28,9:34:55.423536453,T,90.01,100,90.18,100,TGT
2025-11-28,9:34:57.438602236,T,90.02,100,90.18,100,TGT
2025-11-28,9:35:00.466571107,T,90.03,100,90.18,100,TGT
2025-11-28,9:35:02.032481782,T,90.03,100,90.22,200,TGT
2025-11-28,9:35:02.032566948,T,90.04,100,90.22,200,TGT
2025-11-28,9:35:02.032887684,T,90.03,100,90.22,200,TGT
2025-11-28,9:35:05.034413542,T,90.06,100,90.22,200,TGT
2025-11-28,9:35:05.034428664,T,90.03,100,90.22,200,TGT
2025-11-28,9:35:05.035761856,T,90.05,100,90.22,200,TGT
2025-11-28,9:35:05.044352247,T,90.03,200,90.22,200,TGT
2025-11-28,9:35:05.066064016,T,90.06,100,90.22,200,TGT
2025-11-28,9:35:05.066124101,T,90.07,100,90.22,200,TGT
2025-11-28,9:35:05.066214338,T,90.06,100,90.22,200,TGT
2025-11-28,9:35:05.066409827,T,90.03,200,90.22,200,TGT
2025-11-28,9:35:05.066434826,T,90.03,100,90.22,200,TGT
2025-11-28,9:35:05.066555154,T,90.06,100,90.22,200,TGT
2025-11-28,9:35:05.066755664,T,90.06,100,90.5,500,TGT
2025-11-28,9:35:05.066765699,T,90.06,100,90.27,200,TGT
2025-11-28,9:35:05.066941038,T,90.03,100,90.27,200,TGT
2025-11-28,9:35:05.067041275,T,90.06,100,90.27,200,TGT
2025-11-28,9:35:05.067382098,T,90.03,100,90.27,200,TGT
2025-11-28,9:35:08.987727076,T,90.05,100,90.27,200,TGT
2025-11-28,9:35:08.987727076,T,90.08,100,90.27,200,TGT
2025-11-28,9:35:08.987746922,T,90.17,100,90.27,200,TGT
2025-11-28,9:35:08.988789686,T,90.17,100,90.5,500,TGT
2025-11-28,9:35:08.988804487,T,90.17,100,90.33,200,TGT
2025-11-28,9:35:08.995550546,T,90.11,100,90.33,200,TGT
2025-11-28,9:35:08.995550546,T,90.09,100,90.33,200,TGT
2025-11-28,9:35:08.997911099,T,90.08,100,90.33,200,TGT
2025-11-28,9:35:09.187823751,T,90.03,100,90.33,200,TGT
2025-11-28,9:35:09.209394985,T,90.08,100,90.33,200,TGT
2025-11-28,9:35:09.209425057,T,90.09,100,90.33,200,TGT
2025-11-28,9:35:09.209430109,T,90.08,100,90.33,200,TGT
2025-11-28,9:35:09.209440039,T,90.09,100,90.33,200,TGT
2025-11-28,9:35:09.209460194,T,90.11,100,90.33,200,TGT
2025-11-28,9:35:09.209465110,T,90.08,100,90.33,200,TGT
2025-11-28,9:35:09.210823331,T,90.09,100,90.33,200,TGT
2025-11-28,9:35:09.211089042,T,90.11,100,90.33,200,TGT
2025-11-28,9:35:09.212372100,T,90.16,100,90.33,200,TGT
2025-11-28,9:35:09.212412250,T,90.11,100,90.33,200,TGT
2025-11-28,9:35:09.212667725,T,90.11,100,90.5,500,TGT
2025-11-28,9:35:09.212687869,T,90.3,100,90.5,500,TGT
2025-11-28,9:35:09.214026037,T,90.27,100,90.5,500,TGT
2025-11-28,9:35:09.217810036,T,90.25,100,90.5,500,TGT
2025-11-28,9:35:09.217830058,T,90.22,100,90.5,500,TGT
2025-11-28,9:35:09.219012873,T,90.23,100,90.5,500,TGT
2025-11-28,9:35:09.219534169,T,90.23,100,90.42,100,TGT
2025-11-28,9:35:09.219559184,T,90.22,100,90.42,100,TGT
2025-11-28,9:35:09.225167529,T,90.21,100,90.42,100,TGT
2025-11-28,9:35:09.312761248,T,90.16,100,90.42,100,TGT
2025-11-28,9:35:09.313432899,T,90.16,100,90.5,500,TGT
2025-11-28,9:35:09.313452919,T,90.21,100,90.5,500,TGT
2025-11-28,9:35:09.313452919,T,90.22,100,90.5,500,TGT
2025-11-28,9:35:09.313458230,T,90.23,100,90.5,500,TGT
2025-11-28,9:35:09.313467987,T,90.25,100,90.5,500,TGT
2025-11-28,9:35:09.313638385,T,90.25,100,90.41,200,TGT
2025-11-28,9:35:09.314475556,T,90.23,100,90.41,200,TGT
2025-11-28,9:35:09.320489716,T,90.22,100,90.41,200,TGT
2025-11-28,9:35:09.323927901,T,90.21,100,90.41,200,TGT
2025-11-28,9:35:09.323927901,T,90.18,100,90.41,200,TGT
2025-11-28,9:35:09.331601125,T,90.18,200,90.41,200,TGT
2025-11-28,9:35:09.331967038,T,90.21,100,90.41,200,TGT
2025-11-28,9:35:09.331972064,T,90.23,100,90.41,200,TGT
2025-11-28,9:35:09.331977281,T,90.25,100,90.41,200,TGT
2025-11-28,9:35:09.332012143,T,90.22,100,90.41,200,TGT
2025-11-28,9:35:09.332027154,T,90.21,100,90.41,200,TGT
2025-11-28,9:35:09.332052205,T,90.23,100,90.41,200,TGT
2025-11-28,9:35:09.332297809,T,90.25,100,90.41,200,TGT
2025-11-28,9:35:09.332558755,T,90.28,100,90.41,200,TGT
2025-11-28,9:35:09.332563494,T,90.28,100,90.5,500,TGT
2025-11-28,9:35:09.341138846,T,90.25,100,90.5,500,TGT
2025-11-28,9:35:09.342822895,T,90.23,100,90.5,500,TGT
2025-11-28,9:35:09.342843174,T,90.22,100,90.5,500,TGT
2025-11-28,9:35:09.342847942,T,90.21,100,90.5,500,TGT
2025-11-28,9:35:09.607398206,T,90.23,100,90.5,500,TGT
2025-11-28,9:35:09.609643559,T,90.23,100,90.47,200,TGT
2025-11-28,9:35:10.746973135,T,90.29,100,90.47,200,TGT
2025-11-28,9:35:11.993728297,T,90.23,100,90.47,200,TGT
2025-11-28,9:35:13.264951885,T,90.31,100,90.47,200,TGT
2025-11-28,9:35:14.448020272,T,90.25,100,90.47,200,TGT
2025-11-28,9:35:14.448045321,T,90.25,100,90.42,100,TGT
2025-11-28,9:35:14.448050410,T,90.23,100,90.42,100,TGT
2025-11-28,9:35:14.448050410,T,90.21,100,90.42,100,TGT
2025-11-28,9:35:14.448070363,T,90.21,100,90.47,200,TGT
2025-11-28,9:35:14.448075368,T,90.21,100,90.42,100,TGT
2025-11-28,9:35:14.448476322,T,90.17,100,90.42,100,TGT
2025-11-28,9:35:14.448496421,T,90.17,100,90.35,100,TGT
2025-11-28,9:35:14.449604003,T,90.17,100,90.42,100,TGT
2025-11-28,9:35:14.549261452,T,90.17,100,90.47,200,TGT
2025-11-28,9:35:14.567535048,T,90.18,100,90.47,200,TGT
2025-11-28,9:35:16.582681153,T,90.19,100,90.47,200,TGT
2025-11-28,9:35:17.371365078,T,90.19,100,90.42,100,TGT
2025-11-28,9:35:17.371460255,T,90.19,100,90.47,200,TGT
2025-11-28,9:35:17.380827589,T,90.19,100,90.42,100,TGT
2025-11-28,9:35:17.380842588,T,90.19,100,90.4,100,TGT
2025-11-28,9:35:17.380852680,T,90.19,100,90.42,100,TGT
2025-11-28,9:35:17.380957852,T,90.19,100,90.3,100,TGT
2025-11-28,9:35:17.383834862,T,90.19,100,90.41,200,TGT
2025-11-28,9:35:17.387719004,T,90.19,100,90.3,100,TGT
2025-11-28,9:35:17.387738998,T,90.18,200,90.3,100,TGT
2025-11-28,9:35:17.387754128,T,90.18,200,90.25,100,TGT
2025-11-28,9:35:17.388485850,T,90.18,200,90.26,100,TGT
2025-11-28,9:35:17.388505981,T,90.19,100,90.26,100,TGT
2025-11-28,9:35:17.388525925,T,90.19,100,90.27,100,TGT
2025-11-28,9:35:17.388556008,T,90.19,100,90.3,100,TGT
2025-11-28,9:35:17.389623896,T,90.18,200,90.3,100,TGT
2025-11-28,9:35:17.389623896,T,90.18,200,90.27,100,TGT
2025-11-28,9:35:17.389969353,T,90.18,200,90.3,100,TGT
2025-11-28,9:35:17.389974358,T,90.19,100,90.3,100,TGT
2025-11-28,9:35:17.390224976,T,90.19,100,90.34,100,TGT
2025-11-28,9:35:17.390249991,T,90.18,200,90.34,100,TGT
2025-11-28,9:35:17.390270041,T,90.18,200,90.25,100,TGT
2025-11-28,9:35:17.409170071,T,90.2,100,90.25,100,TGT
2025-11-28,9:35:17.409751514,T,90.2,100,90.41,200,TGT
2025-11-28,9:35:17.409771535,T,90.21,100,90.41,200,TGT
2025-11-28,9:35:17.409771535,T,90.23,100,90.41,200,TGT
2025-11-28,9:35:17.410332936,T,90.21,100,90.41,200,TGT
2025-11-28,9:35:17.410879186,T,90.2,100,90.41,200,TGT
2025-11-28,9:35:19.909647108,T,90.2,100,90.41,300,TGT
2025-11-28,9:35:20.225028456,T,90.18,100,90.41,300,TGT
2025-11-28,9:35:20.909133217,T,90.22,100,90.41,300,TGT
2025-11-28,9:35:21.418882620,T,90.22,100,90.41,100,TGT
2025-11-28,9:35:21.697135652,T,90.11,100,90.41,100,TGT
2025-11-28,9:35:22.719235625,T,90.24,100,90.41,100,TGT
2025-11-28,9:35:24.307273939,T,90.18,100,90.41,100,TGT
2025-11-28,9:35:24.622875894,T,90.11,100,90.41,100,TGT
2025-11-28,9:35:25.387312084,T,90.26,100,90.41,100,TGT
2025-11-28,9:35:26.123330534,T,90.11,100,90.41,100,TGT
2025-11-28,9:35:27.418415920,T,90.28,100,90.41,100,TGT
2025-11-28,9:35:28.534454650,T,90.18,100,90.41,100,TGT
2025-11-28,9:35:29.658021464,T,90.11,100,90.41,100,TGT
2025-11-28,9:35:30.058565673,T,90.28,100,90.41,100,TGT
2025-11-28,9:35:32.915552216,T,90.18,100,90.41,100,TGT
2025-11-28,9:35:34.413621322,T,90.3,100,90.41,100,TGT
2025-11-28,9:35:34.688746698,T,90.18,100,90.41,100,TGT
2025-11-28,9:35:34.688771785,T,90.18,100,90.35,100,TGT
2025-11-28,9:35:34.689568725,T,90.18,100,90.35,200,TGT
2025-11-28,9:35:34.788970559,T,90.18,100,90.35,100,TGT
2025-11-28,9:35:36.691503069,T,90.15,200,90.35,100,TGT
2025-11-28,9:35:37.027709184,T,90.28,100,90.35,100,TGT
2025-11-28,9:35:38.545013788,T,90.16,100,90.35,100,TGT
2025-11-28,9:35:38.545013788,T,90.15,200,90.35,100,TGT
2025-11-28,9:35:52.970275469,T,90.15,200,90.34,100,TGT
2025-11-28,9:35:54.844435241,T,90.28,100,90.34,100,TGT
2025-11-28,9:35:54.869524952,T,90.28,100,90.42,100,TGT
2025-11-28,9:35:54.869545027,T,90.28,100,90.43,200,TGT
2025-11-28,9:35:54.878185677,T,90.28,100,90.42,100,TGT
2025-11-28,9:35:55.620604337,T,90.28,100,90.43,200,TGT
2025-11-28,9:35:55.799430379,T,90.15,200,90.43,200,TGT
2025-11-28,9:35:57.143532621,T,90.3,100,90.43,200,TGT
2025-11-28,9:35:57.144088852,T,90.3,100,90.42,100,TGT
2025-11-28,9:36:01.064674498,T,90.3,100,90.43,200,TGT
2025-11-28,9:36:02.919248063,T,90.15,200,90.43,200,TGT
2025-11-28,9:36:02.919267759,T,90.15,200,90.42,100,TGT
2025-11-28,9:36:02.919272778,T,90.15,200,90.34,100,TGT
2025-11-28,9:36:02.926329536,T,90.15,200,90.38,100,TGT
2025-11-28,9:36:02.929291594,T,90.15,200,90.41,100,TGT
2025-11-28,9:36:02.934809714,T,90.15,200,90.42,100,TGT
2025-11-28,9:36:02.946327212,T,90.15,200,90.37,100,TGT
2025-11-28,9:36:02.946412425,T,90.18,200,90.37,100,TGT
2025-11-28,9:36:02.946938662,T,90.18,200,90.41,100,TGT
2025-11-28,9:36:02.953599576,T,90.19,100,90.41,100,TGT
2025-11-28,9:36:02.953644677,T,90.19,300,90.41,100,TGT
2025-11-28,9:36:02.954301226,T,90.19,300,90.42,100,TGT
2025-11-28,9:36:02.954897731,T,90.19,300,90.37,100,TGT
2025-11-28,9:36:02.978238242,T,90.25,100,90.37,100,TGT
2025-11-28,9:36:02.978278390,T,90.25,300,90.37,100,TGT
2025-11-28,9:36:03.912985066,T,90.25,200,90.37,100,TGT
2025-11-28,9:36:03.913005132,T,90.19,100,90.37,100,TGT
2025-11-28,9:36:03.913015181,T,90.19,100,90.34,100,TGT
2025-11-28,9:36:03.913025241,T,90.19,100,90.28,100,TGT
2025-11-28,9:36:03.913025241,T,90.19,100,90.27,100,TGT
2025-11-28,9:36:03.914353319,T,90.19,100,90.28,100,TGT
2025-11-28,9:36:04.014351548,T,90.19,100,90.31,100,TGT
2025-11-28,9:36:05.831781464,T,90.11,100,90.31,100,TGT
2025-11-28,9:36:21.672375043,T,90.11,100,90.34,100,TGT
2025-11-28,9:36:21.674259466,T,90.13,200,90.34,100,TGT
2025-11-28,9:36:21.678634881,T,90.16,100,90.34,100,TGT
2025-11-28,9:36:21.778638169,T,90.13,200,90.34,100,TGT
2025-11-28,9:36:27.822241446,T,90.13,200,90.37,100,TGT
2025-11-28,9:36:27.822261519,T,90.16,100,90.37,100,TGT
2025-11-28,9:36:27.822266500,T,90.16,100,90.43,200,TGT
2025-11-28,9:36:27.822271496,T,90.18,100,90.43,200,TGT
2025-11-28,9:36:27.822276542,T,90.24,100,90.43,200,TGT
2025-11-28,9:36:27.822301677,T,90.2,100,90.43,200,TGT
2025-11-28,9:36:27.822792778,T,90.23,100,90.43,200,TGT
2025-11-28,9:36:27.822843160,T,90.25,100,90.43,200,TGT
2025-11-28,9:36:27.828190740,T,90.25,200,90.43,200,TGT
2025-11-28,9:36:27.828290907,T,90.28,100,90.43,200,TGT
2025-11-28,9:36:27.837056822,T,90.28,200,90.43,200,TGT
2025-11-28,9:36:27.837943875,T,90.28,100,90.43,200,TGT
2025-11-28,9:36:28.022954693,T,90.16,100,90.43,200,TGT
2025-11-28,9:36:28.322954354,T,90.13,200,90.43,200,TGT
2025-11-28,9:36:28.323244982,T,90.16,100,90.43,200,TGT
2025-11-28,9:36:28.551102824,T,90.13,200,90.43,200,TGT
2025-11-28,9:36:28.551393513,T,90.16,100,90.43,200,TGT
2025-11-28,9:36:28.768014566,T,90.13,200,90.43,200,TGT
2025-11-28,9:36:28.768520885,T,90.16,100,90.43,200,TGT
2025-11-28,9:36:29.320400515,T,90.28,100,90.43,200,TGT
2025-11-28,9:36:30.345407569,T,90.21,100,90.43,200,TGT
2025-11-28,9:36:30.773261891,T,90.21,100,90.5,500,TGT
2025-11-28,9:36:30.773266871,T,90.21,100,90.49,200,TGT
2025-11-28,9:36:30.792933844,T,90.26,100,90.49,200,TGT
2025-11-28,9:36:30.792948866,T,90.29,100,90.49,200,TGT
2025-11-28,9:36:30.792958840,T,90.26,100,90.49,200,TGT
2025-11-28,9:36:30.801098217,T,90.26,200,90.49,200,TGT
2025-11-28,9:36:30.803614208,T,90.26,100,90.49,200,TGT
2025-11-28,9:36:31.669446926,T,90.36,100,90.49,200,TGT
2025-11-28,9:36:31.897239664,T,90.29,100,90.49,200,TGT
2025-11-28,9:36:31.897269788,T,90.19,100,90.49,200,TGT
2025-11-28,9:36:31.897284799,T,90.19,100,90.4,100,TGT
2025-11-28,9:36:31.897911417,T,90.26,100,90.4,100,TGT
2025-11-28,9:36:31.897921295,T,90.29,100,90.4,100,TGT
2025-11-28,9:36:31.898327266,T,90.29,100,90.49,200,TGT
2025-11-28,9:36:31.978834140,T,90.29,100,90.47,100,TGT
2025-11-28,9:36:31.998115312,T,90.26,100,90.47,100,TGT
2025-11-28,9:36:34.371063294,T,90.26,100,90.49,200,TGT
2025-11-28,9:36:34.373975424,T,90.19,100,90.49,200,TGT
2025-11-28,9:36:34.374000232,T,90.19,100,90.4,100,TGT
2025-11-28,9:36:34.374576931,T,90.26,100,90.4,100,TGT
2025-11-28,9:36:34.374596659,T,90.29,100,90.4,100,TGT
2025-11-28,9:36:34.374596659,T,90.26,100,90.4,100,TGT
2025-11-28,9:36:34.374616696,T,90.27,100,90.4,100,TGT
2025-11-28,9:36:34.374616696,T,90.29,100,90.4,100,TGT
2025-11-28,9:36:34.374621800,T,90.36,100,90.4,100,TGT
2025-11-28,9:36:34.375178038,T,90.29,200,90.4,100,TGT
2025-11-28,9:36:34.376195515,T,90.29,100,90.4,100,TGT
2025-11-28,9:36:34.383081887,T,90.29,100,90.49,200,TGT
2025-11-28,9:36:34.385297186,T,90.36,100,90.49,200,TGT
2025-11-28,9:36:34.454707485,T,90.36,100,90.4,100,TGT
2025-11-28,9:36:34.464786507,T,90.36,100,90.49,200,TGT
2025-11-28,9:36:34.464917033,T,90.37,100,90.49,200,TGT
2025-11-28,9:36:34.465478163,T,90.36,100,90.49,200,TGT
2025-11-28,9:36:34.790407332,T,90.38,100,90.49,200,TGT
2025-11-28,9:36:34.790627926,T,90.38,200,90.49,200,TGT
2025-11-28,9:36:34.790883457,T,90.38,100,90.49,200,TGT
2025-11-28,9:36:34.790883457,T,90.36,100,90.49,200,TGT
2025-11-28,9:36:34.790898572,T,90.36,100,90.42,100,TGT
2025-11-28,9:36:34.790913683,T,90.36,100,90.41,100,TGT
2025-11-28,9:36:34.790938668,T,90.36,100,90.39,100,TGT
2025-11-28,9:36:34.790988666,T,90.36,100,90.39,200,TGT
2025-11-28,9:36:34.791329536,T,90.36,100,90.38,100,TGT
2025-11-28,9:36:34.791379819,T,90.36,100,90.38,200,TGT
2025-11-28,9:36:34.791570172,T,90.36,200,90.38,200,TGT
2025-11-28,9:36:34.791630234,T,90.36,400,90.38,200,TGT
2025-11-28,9:36:34.791650306,T,90.36,600,90.38,200,TGT
2025-11-28,9:36:34.791685595,T,90.36,600,90.38,100,TGT
2025-11-28,9:36:34.791690362,T,90.36,600,90.39,100,TGT
2025-11-28,9:36:34.791690362,T,90.36,700,90.39,100,TGT
2025-11-28,9:36:34.791720456,T,90.36,600,90.39,100,TGT
2025-11-28,9:36:34.791720456,T,90.36,700,90.39,100,TGT
2025-11-28,9:36:34.791725671,T,90.36,600,90.39,100,TGT
2025-11-28,9:36:34.791730537,T,90.36,400,90.39,100,TGT
2025-11-28,9:36:34.791730537,T,90.36,200,90.39,100,TGT
2025-11-28,9:36:34.791740541,T,90.36,100,90.39,100,TGT
2025-11-28,9:36:34.791765591,T,90.37,600,90.39,100,TGT
2025-11-28,9:36:34.791800729,T,90.37,600,90.4,100,TGT
2025-11-28,9:36:34.791835727,T,90.37,600,90.42,100,TGT
2025-11-28,9:36:34.792116448,T,90.37,600,90.49,200,TGT
2025-11-28,9:36:34.792687762,T,90.37,500,90.49,200,TGT
2025-11-28,9:36:34.792687762,T,90.37,400,90.49,200,TGT
2025-11-28,9:36:34.792712807,T,90.37,400,90.47,100,TGT
2025-11-28,9:36:34.792732885,T,90.37,100,90.47,100,TGT
2025-11-28,9:36:34.792753249,T,90.36,100,90.47,100,TGT
2025-11-28,9:36:34.792773060,T,90.36,100,90.37,100,TGT
2025-11-28,9:36:34.792803037,T,90.36,100,90.37,200,TGT
2025-11-28,9:36:34.800516455,T,90.19,100,90.37,200,TGT
2025-11-28,9:36:34.800536506,T,90.19,100,90.36,100,TGT
2025-11-28,9:36:34.800561548,T,90.19,100,90.36,200,TGT
2025-11-28,9:36:34.801939852,T,90.19,100,90.36,100,TGT
2025-11-28,9:36:35.588383425,T,90.18,200,90.36,100,TGT
2025-11-28,9:36:36.842741804,T,90.18,200,90.35,100,TGT
2025-11-28,9:36:36.842786878,T,90.18,200,90.34,100,TGT
2025-11-28,9:36:36.843127742,T,90.18,200,90.34,200,TGT
2025-11-28,9:36:36.843984896,T,90.18,200,90.34,100,TGT
2025-11-28,9:36:40.461006811,T,90.27,100,90.34,100,TGT
2025-11-28,9:36:41.129108781,T,90.27,100,90.35,100,TGT
2025-11-28,9:36:41.129133603,T,90.31,100,90.35,100,TGT
2025-11-28,9:36:41.129213751,T,90.31,100,90.45,200,TGT
2025-11-28,9:36:41.129233901,T,90.33,100,90.45,200,TGT
2025-11-28,9:36:41.129790199,T,90.31,100,90.45,200,TGT
2025-11-28,9:36:41.131985521,T,90.31,100,90.45,300,TGT
2025-11-28,9:36:41.229923750,T,90.28,100,90.45,300,TGT
2025-11-28,9:36:41.230144254,T,90.28,200,90.45,300,TGT
2025-11-28,9:36:41.230986216,T,90.28,200,90.42,100,TGT
2025-11-28,9:36:41.231502479,T,90.28,100,90.42,100,TGT
2025-11-28,9:36:41.233231573,T,90.28,200,90.42,100,TGT
2025-11-28,9:36:41.233978387,T,90.28,100,90.42,100,TGT
2025-11-28,9:36:41.234765239,T,90.28,200,90.42,100,TGT
2025-11-28,9:36:41.235527077,T,90.28,100,90.42,100,TGT
2025-11-28,9:36:41.236303878,T,90.28,200,90.42,100,TGT
2025-11-28,9:36:41.237055693,T,90.28,100,90.42,100,TGT
2025-11-28,9:36:41.237827602,T,90.28,200,90.42,100,TGT
2025-11-28,9:36:41.238609409,T,90.28,100,90.42,100,TGT
2025-11-28,9:36:41.239381207,T,90.28,200,90.42,100,TGT
2025-11-28,9:36:41.240138012,T,90.28,100,90.42,100,TGT
2025-11-28,9:36:41.240899851,T,90.28,200,90.42,100,TGT
2025-11-28,9:36:41.241656710,T,90.28,100,90.42,100,TGT
2025-11-28,9:36:41.242423478,T,90.28,200,90.42,100,TGT
2025-11-28,9:36:41.243180358,T,90.28,100,90.42,100,TGT
2025-11-28,9:36:41.243947138,T,90.28,200,90.42,100,TGT
2025-11-28,9:36:41.244698868,T,90.28,100,90.42,100,TGT
2025-11-28,9:36:41.245460760,T,90.28,200,90.42,100,TGT
2025-11-28,9:36:41.246212583,T,90.28,100,90.42,100,TGT
2025-11-28,9:36:41.247941688,T,90.28,200,90.42,100,TGT
2025-11-28,9:36:41.248703510,T,90.28,100,90.42,100,TGT
2025-11-28,9:36:41.249470311,T,90.28,200,90.42,100,TGT
2025-11-28,9:36:41.250222094,T,90.28,100,90.42,100,TGT
2025-11-28,9:36:41.250983856,T,90.28,200,90.42,100,TGT
2025-11-28,9:36:41.251735642,T,90.28,100,90.42,100,TGT
2025-11-28,9:36:41.252517506,T,90.28,200,90.42,100,TGT
2025-11-28,9:36:41.253269352,T,90.28,100,90.42,100,TGT
2025-11-28,9:36:41.254036150,T,90.28,200,90.42,100,TGT
2025-11-28,9:36:41.254788096,T,90.28,100,90.42,100,TGT
2025-11-28,9:36:41.255559853,T,90.28,200,90.42,100,TGT
2025-11-28,9:36:41.256321805,T,90.28,100,90.42,100,TGT
2025-11-28,9:36:41.257093498,T,90.28,200,90.42,100,TGT
2025-11-28,9:36:41.257850226,T,90.28,100,90.42,100,TGT
2025-11-28,9:36:41.258612105,T,90.28,200,90.42,100,TGT
2025-11-28,9:36:41.259368882,T,90.28,100,90.42,100,TGT
2025-11-28,9:36:41.260130723,T,90.28,200,90.42,100,TGT
2025-11-28,9:36:41.260882419,T,90.28,100,90.42,100,TGT
2025-11-28,9:36:41.521217690,T,90.27,100,90.42,100,TGT
2025-11-28,9:36:41.521423110,T,90.27,100,90.41,100,TGT
2025-11-28,9:36:43.561979656,T,90.18,200,90.41,100,TGT
2025-11-28,9:36:44.247066867,T,90.29,100,90.41,100,TGT
2025-11-28,9:36:47.622684039,T,90.29,100,90.42,100,TGT
2025-11-28,9:36:47.622708724,T,90.3,100,90.42,100,TGT
2025-11-28,9:36:47.622753888,T,90.31,100,90.42,100,TGT
2025-11-28,9:36:47.623119787,T,90.31,100,90.5,500,TGT
2025-11-28,9:36:47.629750504,T,90.3,100,90.5,500,TGT
2025-11-28,9:36:47.658243385,T,90.3,100,90.42,100,TGT
2025-11-28,9:36:47.658263476,T,90.29,100,90.42,100,TGT
2025-11-28,9:36:48.236516123,T,90.28,100,90.42,100,TGT
2025-11-28,9:36:48.352918495,T,90.28,100,90.5,500,TGT
2025-11-28,9:36:48.352938525,T,90.3,100,90.5,500,TGT
2025-11-28,9:36:48.352954063,T,90.31,100,90.5,500,TGT
2025-11-28,9:36:48.352963602,T,90.3,100,90.5,500,TGT
2025-11-28,9:36:48.352983554,T,90.32,100,90.5,500,TGT
2025-11-28,9:36:48.353429645,T,90.3,200,90.5,500,TGT
2025-11-28,9:36:48.353625200,T,90.3,300,90.5,500,TGT
2025-11-28,9:36:48.353625200,T,90.32,100,90.5,500,TGT
2025-11-28,9:36:48.353750469,T,90.35,100,90.5,500,TGT
2025-11-28,9:36:48.353755400,T,90.36,100,90.5,500,TGT
2025-11-28,9:36:48.353780501,T,90.37,100,90.5,500,TGT
2025-11-28,9:36:48.354096239,T,90.36,100,90.5,500,TGT
2025-11-28,9:36:48.363433499,T,90.31,100,90.5,500,TGT
2025-11-28,9:36:48.364250394,T,90.3,100,90.5,500,TGT
2025-11-28,9:36:48.373728018,T,90.31,100,90.5,500,TGT
2025-11-28,9:36:48.373938520,T,90.31,200,90.5,500,TGT
2025-11-28,9:36:48.457943662,T,90.31,100,90.5,500,TGT
2025-11-28,9:36:49.099076181,T,90.36,100,90.5,500,TGT
2025-11-28,9:36:51.943733251,T,90.37,100,90.5,500,TGT
2025-11-28,9:36:51.943748455,T,90.38,100,90.5,500,TGT
2025-11-28,9:36:51.943758409,T,90.37,100,90.5,500,TGT
2025-11-28,9:36:51.943763419,T,90.38,100,90.5,500,TGT
2025-11-28,9:36:52.043866915,T,90.37,100,90.5,500,TGT
2025-11-28,9:36:52.121276262,T,90.36,100,90.5,500,TGT
2025-11-28,9:36:52.523118563,T,90.31,100,90.5,500,TGT
2025-11-28,9:36:53.915185129,T,90.38,100,90.5,500,TGT
2025-11-28,9:36:56.322600351,T,90.39,100,90.5,500,TGT
2025-11-28,9:36:56.329617168,T,90.38,100,90.5,500,TGT
2025-11-28,9:36:57.389231508,T,90.37,100,90.5,500,TGT
2025-11-28,9:36:58.587270692,T,90.4,100,90.5,500,TGT
2025-11-28,9:37:01.135902624,T,90.4,100,90.47,100,TGT
2025-11-28,9:37:01.135922602,T,90.4,100,90.5,500,TGT
2025-11-28,9:37:03.463693283,T,90.4,100,90.5,400,TGT
2025-11-28,9:37:03.463713383,T,90.41,100,90.5,400,TGT
2025-11-28,9:37:03.463748362,T,90.42,100,90.5,400,TGT
2025-11-28,9:37:03.463813538,T,90.41,100,90.5,400,TGT
2025-11-28,9:37:03.463968888,T,90.42,100,90.5,400,TGT
2025-11-28,9:37:03.463978990,T,90.41,100,90.5,400,TGT
2025-11-28,9:37:03.464405022,T,90.42,100,90.5,400,TGT
2025-11-28,9:37:03.464745790,T,90.42,100,90.57,200,TGT
2025-11-28,9:37:03.464765836,T,90.47,100,90.57,200,TGT
2025-11-28,9:37:03.464770801,T,90.47,200,90.57,200,TGT
2025-11-28,9:37:03.464941289,T,90.47,100,90.57,200,TGT
2025-11-28,9:37:03.464996454,T,90.47,100,90.52,100,TGT
2025-11-28,9:37:03.465036516,T,90.47,100,90.52,200,TGT
2025-11-28,9:37:03.465206863,T,90.47,100,90.52,300,TGT
2025-11-28,9:37:03.465216932,T,90.47,100,90.52,400,TGT
2025-11-28,9:37:03.465237005,T,90.47,100,90.52,800,TGT
2025-11-28,9:37:03.465257053,T,90.47,100,90.5,100,TGT
2025-11-28,9:37:03.465257053,T,90.47,100,90.5,200,TGT
2025-11-28,9:37:03.465262091,T,90.47,100,90.5,300,TGT
2025-11-28,9:37:03.465287188,T,90.47,100,90.5,800,TGT
2025-11-28,9:37:03.465322144,T,90.41,100,90.5,800,TGT
2025-11-28,9:37:03.465587794,T,90.41,100,90.5,900,TGT
2025-11-28,9:37:03.500355906,T,90.41,100,90.5,400,TGT
2025-11-28,9:37:03.500355906,T,90.41,100,90.5,300,TGT
2025-11-28,9:37:03.500360611,T,90.4,100,90.5,300,TGT
2025-11-28,9:37:03.500360611,T,90.4,100,90.5,400,TGT
2025-11-28,9:37:03.500360611,T,90.4,100,90.47,100,TGT
2025-11-28,9:37:03.500365625,T,90.4,100,90.47,200,TGT
2025-11-28,9:37:03.500365625,T,90.4,100,90.47,300,TGT
2025-11-28,9:37:03.500375695,T,90.41,100,90.47,300,TGT
2025-11-28,9:37:03.500380729,T,90.41,100,90.47,800,TGT
2025-11-28,9:37:03.500390665,T,90.41,100,90.47,700,TGT
2025-11-28,9:37:03.500781688,T,90.41,100,90.47,600,TGT
2025-11-28,9:37:03.500781688,T,90.41,100,90.47,500,TGT
2025-11-28,9:37:03.500781688,T,90.41,100,90.47,300,TGT
2025-11-28,9:37:03.500801697,T,90.41,100,90.57,200,TGT
2025-11-28,9:37:03.575113666,T,90.4,100,90.57,200,TGT
2025-11-28,9:37:03.757297788,T,90.39,100,90.57,200,TGT
2025-11-28,9:37:04.845826066,T,90.41,100,90.57,200,TGT
2025-11-28,9:37:05.783174089,T,90.35,100,90.57,200,TGT
2025-11-28,9:37:05.791203210,T,90.28,100,90.57,200,TGT
2025-11-28,9:37:05.791203210,T,90.27,100,90.57,200,TGT
2025-11-28,9:37:05.808740055,T,90.23,300,90.57,200,TGT
2025-11-28,9:37:05.808975601,T,90.23,300,90.57,300,TGT
2025-11-28,9:37:05.808980592,T,90.23,300,90.56,100,TGT
2025-11-28,9:37:05.808980592,T,90.23,300,90.54,100,TGT
2025-11-28,9:37:05.808985929,T,90.23,300,90.46,100,TGT
2025-11-28,9:37:05.808995684,T,90.23,300,90.47,100,TGT
2025-11-28,9:37:05.809045763,T,90.23,300,90.57,300,TGT
2025-11-28,9:37:05.809131010,T,90.23,300,90.57,200,TGT
2025-11-28,9:37:05.809151149,T,90.36,100,90.57,200,TGT
2025-11-28,9:37:05.809311579,T,90.36,100,90.57,300,TGT
2025-11-28,9:37:05.809311579,T,90.36,100,90.56,100,TGT
2025-11-28,9:37:05.809316405,T,90.36,100,90.54,100,TGT
2025-11-28,9:37:05.809316405,T,90.36,100,90.47,100,TGT
2025-11-28,9:37:05.809331459,T,90.36,100,90.48,100,TGT
2025-11-28,9:37:05.809401640,T,90.36,200,90.48,100,TGT
2025-11-28,9:37:05.810223599,T,90.36,100,90.48,100,TGT
2025-11-28,9:37:05.812218348,T,90.36,200,90.48,100,TGT
2025-11-28,9:37:05.818508306,T,90.36,200,90.52,100,TGT
2025-11-28,9:37:05.818528306,T,90.36,200,90.53,200,TGT
2025-11-28,9:37:05.818759142,T,90.36,100,90.53,200,TGT
2025-11-28,9:37:05.818763897,T,90.23,300,90.53,200,TGT
2025-11-28,9:37:05.818784356,T,90.23,300,90.47,100,TGT
2025-11-28,9:37:05.818784356,T,90.23,300,90.46,100,TGT
2025-11-28,9:37:05.818789031,T,90.23,300,90.39,100,TGT
2025-11-28,9:37:05.818789031,T,90.23,300,90.38,100,TGT
2025-11-28,9:37:05.820117169,T,90.23,300,90.39,100,TGT
2025-11-28,9:37:05.823389901,T,90.23,200,90.39,100,TGT
2025-11-28,9:37:05.918807264,T,90.23,200,90.53,300,TGT
2025-11-28,9:37:06.009413128,T,90.23,200,90.53,200,TGT
2025-11-28,9:37:06.026458672,T,90.23,200,90.44,100,TGT
2025-11-28,9:37:06.131313553,T,90.23,200,90.53,300,TGT
2025-11-28,9:37:06.131804672,T,90.23,200,90.53,200,TGT
2025-11-28,9:37:07.870557514,T,90.23,200,90.42,100,TGT
2025-11-28,9:37:07.870722553,T,90.23,200,90.38,100,TGT
2025-11-28,9:37:07.877237985,T,90.23,200,90.46,100,TGT
2025-11-28,9:37:07.890685040,T,90.23,200,90.52,100,TGT
2025-11-28,9:37:07.890710083,T,90.23,200,90.53,200,TGT
2025-11-28,9:37:10.267201764,T,90.23,200,90.65,100,TGT
2025-11-28,9:37:10.267206769,T,90.23,200,90.48,200,TGT
2025-11-28,9:37:16.227251095,T,90.23,200,90.41,100,TGT
2025-11-28,9:37:16.227251095,T,90.23,200,90.38,100,TGT
2025-11-28,9:37:16.227376416,T,90.23,200,90.38,200,TGT
2025-11-28,9:37:16.227406483,T,90.23,200,90.37,100,TGT
2025-11-28,9:37:16.228123173,T,90.23,200,90.36,100,TGT
2025-11-28,9:37:16.233285474,T,90.14,100,90.36,100,TGT
2025-11-28,9:37:16.233295521,T,90.17,200,90.36,100,TGT
2025-11-28,9:37:16.233315552,T,90.17,200,90.37,200,TGT
2025-11-28,9:37:16.237505534,T,90.17,200,90.35,100,TGT
2025-11-28,9:37:16.327294361,T,90.17,200,90.37,100,TGT
2025-11-28,9:37:22.258795591,T,90.17,200,90.35,100,TGT
2025-11-28,9:37:22.258830753,T,90.17,200,90.29,100,TGT
2025-11-28,9:37:22.259296856,T,90.17,200,90.4,100,TGT
2025-11-28,9:37:22.259417281,T,90.17,200,90.48,200,TGT
2025-11-28,9:37:22.363986178,T,90.17,200,90.35,100,TGT
2025-11-28,9:37:22.492071366,T,90.12,100,90.35,100,TGT
2025-11-28,9:37:22.492081354,T,90.12,300,90.35,100,TGT
2025-11-28,9:37:24.284892556,T,90.23,100,90.35,100,TGT
2025-11-28,9:37:29.438330002,T,90.16,100,90.35,100,TGT
2025-11-28,9:37:29.438335200,T,90.12,200,90.35,100,TGT
2025-11-28,9:37:29.438350311,T,90.12,200,90.28,100,TGT
2025-11-28,9:37:29.438350311,T,90.12,200,90.27,100,TGT
2025-11-28,9:37:29.438355511,T,90.12,200,90.26,100,TGT
2025-11-28,9:37:29.438906456,T,90.12,200,90.27,100,TGT
2025-11-28,9:37:29.439442756,T,90.12,200,90.28,100,TGT
2025-11-28,9:37:29.445406883,T,90.12,200,90.37,100,TGT
2025-11-28,9:37:37.496237225,T,90.13,100,90.37,100,TGT
2025-11-28,9:37:40.534530527,T,90.14,100,90.37,100,TGT
2025-11-28,9:37:42.552543474,T,90.15,100,90.37,100,TGT
2025-11-28,9:37:44.840449118,T,90.15,100,90.37,200,TGT
2025-11-28,9:37:44.841406296,T,90.15,100,90.37,100,TGT
2025-11-28,9:37:46.589686423,T,90.16,100,90.37,100,TGT
2025-11-28,9:37:48.610310314,T,90.16,200,90.37,100,TGT
2025-11-28,9:37:49.815045574,T,90.16,200,90.27,100,TGT
2025-11-28,9:37:49.815862486,T,90.16,200,90.27,200,TGT
2025-11-28,9:37:58.859618192,T,90.17,100,90.27,200,TGT
2025-11-28,9:37:58.860530338,T,90.16,200,90.27,200,TGT
2025-11-28,9:37:58.861337222,T,90.17,100,90.27,200,TGT
2025-11-28,9:38:03.212663911,T,90.18,100,90.27,200,TGT
2025-11-28,9:38:03.212668931,T,90.19,100,90.27,200,TGT
2025-11-28,9:38:03.213109896,T,90.18,100,90.27,200,TGT
2025-11-28,9:38:03.223584948,T,90.17,100,90.27,200,TGT
2025-11-28,9:38:03.861635001,T,90.17,100,90.27,100,TGT
2025-11-28,9:38:03.861655244,T,90.17,100,90.37,300,TGT
2025-11-28,9:38:03.861660011,T,90.17,100,90.37,200,TGT
2025-11-28,9:38:03.861675312,T,90.23,100,90.37,200,TGT
2025-11-28,9:38:03.862286522,T,90.23,200,90.37,200,TGT
2025-11-28,9:38:03.862406792,T,90.23,200,90.43,100,TGT
2025-11-28,9:38:03.862416852,T,90.23,200,90.42,200,TGT
2025-11-28,9:38:03.862456967,T,90.23,200,90.36,100,TGT
2025-11-28,9:38:03.962209569,T,90.23,100,90.36,100,TGT
2025-11-28,9:38:03.962430155,T,90.17,100,90.36,100,TGT
2025-11-28,9:38:06.092554902,T,90.18,100,90.36,100,TGT
2025-11-28,9:38:07.749768001,T,90.17,100,90.36,100,TGT
2025-11-28,9:38:07.768342220,T,90.15,100,90.36,100,TGT
2025-11-28,9:38:08.328917723,T,90.15,100,90.37,100,TGT
2025-11-28,9:38:09.333641415,T,90.15,100,90.36,100,TGT
2025-11-28,9:38:18.108982745,T,90.16,200,90.36,100,TGT
2025-11-28,9:38:19.233732184,T,90.16,200,90.35,100,TGT
2025-11-28,9:38:26.141093376,T,90.16,200,90.37,100,TGT
2025-11-28,9:38:26.141093376,T,90.16,200,90.42,200,TGT
2025-11-28,9:38:26.141113604,T,90.16,300,90.42,200,TGT
2025-11-28,9:38:26.141113604,T,90.18,100,90.42,200,TGT
2025-11-28,9:38:26.141118440,T,90.25,100,90.42,200,TGT
2025-11-28,9:38:26.141153495,T,90.29,100,90.42,200,TGT
2025-11-28,9:38:26.141183667,T,90.3,100,90.42,200,TGT
2025-11-28,9:38:26.141534335,T,90.29,100,90.42,200,TGT
2025-11-28,9:38:26.141659665,T,90.31,100,90.42,200,TGT
2025-11-28,9:38:26.141659665,T,90.3,100,90.42,200,TGT
2025-11-28,9:38:26.142121028,T,90.29,100,90.42,200,TGT
2025-11-28,9:38:26.143459024,T,90.29,100,90.57,100,TGT
2025-11-28,9:38:26.143469364,T,90.29,100,90.47,200,TGT
2025-11-28,9:38:26.148150155,T,90.23,100,90.47,200,TGT
2025-11-28,9:38:26.151187412,T,90.2,100,90.47,200,TGT
2025-11-28,9:38:26.151187412,T,90.18,100,90.47,200,TGT
2025-11-28,9:38:26.153277363,T,90.2,100,90.47,200,TGT
2025-11-28,9:38:26.154234609,T,90.18,100,90.47,200,TGT
2025-11-28,9:38:26.156775768,T,90.24,100,90.47,200,TGT
2025-11-28,9:38:26.156835810,T,90.27,100,90.47,200,TGT
2025-11-28,9:38:26.156911017,T,90.24,100,90.47,200,TGT
2025-11-28,9:38:26.162013214,T,90.23,100,90.47,200,TGT
2025-11-28,9:38:26.163000482,T,90.2,100,90.47,200,TGT
2025-11-28,9:38:26.341230240,T,90.19,100,90.47,200,TGT
2025-11-28,9:38:26.851039755,T,90.18,100,90.47,200,TGT
2025-11-28,9:38:27.783857050,T,90.19,100,90.47,200,TGT
2025-11-28,9:38:27.783897141,T,90.27,100,90.47,200,TGT
2025-11-28,9:38:28.015343517,T,90.2,100,90.47,200,TGT
2025-11-28,9:38:28.779268861,T,90.18,100,90.47,200,TGT
2025-11-28,9:38:33.035784237,T,90.2,100,90.47,200,TGT
2025-11-28,9:38:33.036591162,T,90.2,300,90.47,200,TGT
2025-11-28,9:38:34.812517317,T,90.27,100,90.47,200,TGT
2025-11-28,9:38:35.334019559,T,90.2,300,90.47,200,TGT
2025-11-28,9:38:35.844866566,T,90.29,100,90.47,200,TGT
2025-11-28,9:38:35.879463916,T,90.29,100,90.45,100,TGT
2025-11-28,9:38:35.879965150,T,90.2,300,90.45,100,TGT
2025-11-28,9:38:36.844708428,T,90.2,200,90.45,100,TGT
2025-11-28,9:38:36.845259694,T,90.2,200,90.39,100,TGT
2025-11-28,9:38:36.850858134,T,90.2,200,90.45,100,TGT
2025-11-28,9:38:41.357164124,T,90.2,200,90.41,100,TGT
2025-11-28,9:38:41.734422803,T,90.2,200,90.45,100,TGT
2025-11-28,9:38:45.147128321,T,90.2,200,90.41,100,TGT
2025-11-28,9:38:45.167411931,T,90.2,200,90.45,100,TGT
2025-11-28,9:38:52.966486967,T,90.2,200,90.4,200,TGT
2025-11-28,9:38:54.024703050,T,90.2,200,90.41,100,TGT
2025-11-28,9:38:54.024913636,T,90.2,200,90.45,100,TGT
2025-11-28,9:38:54.025464939,T,90.2,200,90.41,100,TGT
2025-11-28,9:38:54.025850753,T,90.2,200,90.45,100,TGT
2025-11-28,9:38:55.608225531,T,90.2,200,90.41,100,TGT
2025-11-28,9:38:55.608466087,T,90.2,200,90.37,100,TGT
2025-11-28,9:38:55.608671637,T,90.2,200,90.45,100,TGT
2025-11-28,9:38:55.618099096,T,90.2,200,90.36,100,TGT
2025-11-28,9:39:01.060084156,T,90.2,200,90.45,100,TGT
2025-11-28,9:39:01.060104224,T,90.32,100,90.45,100,TGT
2025-11-28,9:39:01.066083429,T,90.32,100,90.36,100,TGT
2025-11-28,9:39:01.066108521,T,90.2,300,90.36,100,TGT
2025-11-28,9:39:01.071481236,T,90.2,200,90.36,100,TGT
2025-11-28,9:39:01.072303246,T,90.2,300,90.36,100,TGT
2025-11-28,9:39:01.077254990,T,90.2,300,90.45,100,TGT
2025-11-28,9:39:01.080232175,T,90.2,200,90.45,100,TGT
2025-11-28,9:39:01.871983341,T,90.25,100,90.45,100,TGT
2025-11-28,9:39:01.893078618,T,90.2,300,90.45,100,TGT
2025-11-28,9:39:02.742497329,T,90.2,300,90.37,100,TGT
2025-11-28,9:39:05.755966325,T,90.2,300,90.45,100,TGT
2025-11-28,9:39:05.755986407,T,90.25,100,90.45,100,TGT
2025-11-28,9:39:05.756006463,T,90.27,100,90.45,100,TGT
2025-11-28,9:39:05.756016436,T,90.31,100,90.45,100,TGT
2025-11-28,9:39:05.766245835,T,90.27,100,90.45,100,TGT
2025-11-28,9:39:05.774184781,T,90.25,100,90.45,100,TGT
2025-11-28,9:39:05.774189798,T,90.2,300,90.45,100,TGT
2025-11-28,9:39:06.518813760,T,90.25,100,90.45,100,TGT
2025-11-28,9:39:08.517600719,T,90.2,300,90.45,100,TGT
2025-11-28,9:39:10.637656457,T,90.2,100,90.45,100,TGT
2025-11-28,9:39:10.637671466,T,90.24,200,90.45,100,TGT
2025-11-28,9:39:11.548406265,T,90.25,100,90.45,100,TGT
2025-11-28,9:39:11.548411261,T,90.27,100,90.45,100,TGT
2025-11-28,9:39:11.548451278,T,90.25,100,90.45,100,TGT
2025-11-28,9:39:11.548576609,T,90.24,200,90.45,100,TGT
2025-11-28,9:39:13.479737346,T,90.25,100,90.45,100,TGT
2025-11-28,9:39:18.938627669,T,90.25,200,90.45,100,TGT
2025-11-28,9:39:21.309079925,T,90.28,200,90.45,100,TGT
2025-11-28,9:39:28.231115793,T,90.28,200,90.47,500,TGT
2025-11-28,9:39:28.231140920,T,90.3,100,90.47,500,TGT
2025-11-28,9:39:28.231160920,T,90.31,100,90.47,500,TGT
2025-11-28,9:39:28.231170944,T,90.38,100,90.47,500,TGT
2025-11-28,9:39:28.231191033,T,90.4,100,90.47,500,TGT
2025-11-28,9:39:28.331414777,T,90.38,100,90.47,500,TGT
2025-11-28,9:39:28.431177471,T,90.37,100,90.47,500,TGT
2025-11-28,9:39:28.941062219,T,90.32,200,90.47,500,TGT
2025-11-28,9:39:30.051788358,T,90.32,200,90.46,100,TGT
2025-11-28,9:39:38.180223582,T,90.32,200,90.46,300,TGT
2025-11-28,9:39:44.827194208,T,90.32,200,90.46,100,TGT
2025-11-28,9:39:49.905046614,T,90.32,200,90.54,100,TGT
2025-11-28,9:39:49.905623008,T,90.32,200,90.44,200,TGT
2025-11-28,9:39:51.897042220,T,90.32,200,90.44,300,TGT
2025-11-28,9:39:52.037541927,T,90.32,200,90.42,100,TGT
2025-11-28,9:39:52.038629523,T,90.32,200,90.56,100,TGT
2025-11-28,9:39:52.038714992,T,90.32,200,90.54,100,TGT
2025-11-28,9:39:52.237638734,T,90.32,200,90.56,100,TGT
2025-11-28,9:39:52.663217635,T,90.32,200,90.53,200,TGT
2025-11-28,9:39:52.670289489,T,90.32,200,90.49,100,TGT
2025-11-28,9:39:52.670289489,T,90.32,200,90.46,100,TGT
2025-11-28,9:39:52.670304447,T,90.32,200,90.45,100,TGT
2025-11-28,9:39:52.670314525,T,90.32,200,90.46,100,TGT
2025-11-28,9:39:52.670344558,T,90.32,200,90.5,100,TGT
2025-11-28,9:39:52.670374723,T,90.32,200,90.46,100,TGT
2025-11-28,9:39:52.670610172,T,90.25,200,90.46,100,TGT
2025-11-28,9:39:52.670615264,T,90.27,200,90.46,100,TGT
2025-11-28,9:39:52.671071320,T,90.27,200,90.5,100,TGT
2025-11-28,9:39:52.671306834,T,90.27,200,90.53,200,TGT
2025-11-28,9:39:53.396720175,T,90.27,200,90.42,100,TGT
2025-11-28,9:39:57.358373425,T,90.27,200,90.42,200,TGT
2025-11-28,9:39:59.131392455,T,90.27,200,90.42,100,TGT
2025-11-28,9:39:59.161870084,T,90.31,100,90.42,100,TGT
2025-11-28,9:39:59.162085646,T,90.31,200,90.42,100,TGT
2025-11-28,9:39:59.162912555,T,90.31,100,90.42,100,TGT
2025-11-28,9:39:59.168255318,T,90.3,100,90.42,100,TGT
2025-11-28,9:39:59.171878938,T,90.27,300,90.42,100,TGT
2025-11-28,9:39:59.262154061,T,90.27,200,90.42,100,TGT
2025-11-28,9:40:00.256507943,T,90.27,200,90.42,200,TGT
2025-11-28,9:40:01.796050729,T,90.27,300,90.42,200,TGT
2025-11-28,9:40:01.796461743,T,90.27,200,90.42,200,TGT
2025-11-28,9:40:01.815732534,T,90.27,200,90.42,100,TGT
2025-11-28,9:40:03.485951672,T,90.27,200,90.53,200,TGT
2025-11-28,9:40:03.485966759,T,90.27,300,90.53,200,TGT
2025-11-28,9:40:03.485972105,T,90.3,100,90.53,200,TGT
2025-11-28,9:40:03.485972105,T,90.33,100,90.53,200,TGT
2025-11-28,9:40:03.485981762,T,90.35,100,90.53,200,TGT
2025-11-28,9:40:03.486006840,T,90.36,100,90.53,200,TGT
2025-11-28,9:40:03.486011875,T,90.35,100,90.53,200,TGT
2025-11-28,9:40:03.486247373,T,90.36,100,90.53,200,TGT
2025-11-28,9:40:03.494827879,T,90.35,100,90.53,200,TGT
2025-11-28,9:40:03.686524552,T,90.34,100,90.53,200,TGT
2025-11-28,9:40:04.709150902,T,90.36,100,90.53,200,TGT
2025-11-28,9:40:04.709150902,T,90.38,100,90.53,200,TGT
2025-11-28,9:40:04.709165906,T,90.4,100,90.53,200,TGT
2025-11-28,9:40:04.726492179,T,90.38,100,90.53,200,TGT
2025-11-28,9:40:04.726512175,T,90.36,100,90.53,200,TGT
2025-11-28,9:40:09.215090861,T,90.36,100,90.48,300,TGT
2025-11-28,9:40:13.085035790,T,90.38,100,90.48,300,TGT
2025-11-28,9:40:13.085035790,T,90.4,100,90.48,300,TGT
2025-11-28,9:40:13.085271079,T,90.41,100,90.48,300,TGT
2025-11-28,9:40:13.085411365,T,90.4,100,90.48,300,TGT
2025-11-28,9:40:13.085491602,T,90.4,100,90.53,200,TGT
2025-11-28,9:40:13.095304968,T,90.38,100,90.53,200,TGT
2025-11-28,9:40:13.095325013,T,90.36,100,90.53,200,TGT
2025-11-28,9:40:18.194969348,T,90.37,100,90.53,200,TGT
2025-11-28,9:40:18.194984384,T,90.38,100,90.53,200,TGT
2025-11-28,9:40:18.195054586,T,90.4,100,90.53,200,TGT
2025-11-28,9:40:18.195099696,T,90.42,100,90.53,200,TGT
2025-11-28,9:40:18.195295182,T,90.42,100,90.56,100,TGT
2025-11-28,9:40:18.195445501,T,90.42,100,90.57,200,TGT
2025-11-28,9:40:18.195460519,T,90.46,100,90.57,200,TGT
2025-11-28,9:40:18.195575798,T,90.42,100,90.57,200,TGT
2025-11-28,9:40:18.195600933,T,90.42,100,90.48,100,TGT
2025-11-28,9:40:18.195611196,T,90.4,100,90.48,100,TGT
2025-11-28,9:40:18.195691120,T,90.4,100,90.47,100,TGT
2025-11-28,9:40:18.195701184,T,90.4,100,90.47,500,TGT
2025-11-28,9:40:18.195746262,T,90.4,100,90.47,100,TGT
2025-11-28,9:40:18.195771633,T,90.4,100,90.46,400,TGT
2025-11-28,9:40:18.195781734,T,90.4,100,90.46,500,TGT
2025-11-28,9:40:18.195811756,T,90.4,100,90.46,100,TGT
2025-11-28,9:40:18.195816466,T,90.4,100,90.48,100,TGT
2025-11-28,9:40:18.195836525,T,90.45,100,90.48,100,TGT
2025-11-28,9:40:18.195891589,T,90.45,100,90.48,200,TGT
2025-11-28,9:40:18.195966735,T,90.45,100,90.48,300,TGT
2025-11-28,9:40:18.195991864,T,90.45,100,90.48,700,TGT
2025-11-28,9:40:18.196157245,T,90.45,100,90.48,600,TGT
2025-11-28,9:40:18.196457892,T,90.45,100,90.48,500,TGT
2025-11-28,9:40:18.196473006,T,90.45,100,90.48,100,TGT
2025-11-28,9:40:18.399271093,T,90.45,100,90.57,200,TGT
2025-11-28,9:40:18.399291169,T,90.46,100,90.57,200,TGT
2025-11-28,9:40:18.399296305,T,90.46,200,90.57,200,TGT
2025-11-28,9:40:18.399847530,T,90.46,100,90.57,200,TGT
2025-11-28,9:40:18.400764841,T,90.47,100,90.57,200,TGT
2025-11-28,9:40:18.400769719,T,90.47,200,90.57,200,TGT
2025-11-28,9:40:18.400794743,T,90.48,100,90.57,200,TGT
2025-11-28,9:40:18.400854915,T,90.48,100,90.5,400,TGT
2025-11-28,9:40:18.400879977,T,90.49,100,90.5,400,TGT
2025-11-28,9:40:18.400889964,T,90.49,100,90.5,200,TGT
2025-11-28,9:40:18.400900002,T,90.49,100,90.57,200,TGT
2025-11-28,9:40:18.400920255,T,90.49,200,90.57,200,TGT
2025-11-28,9:40:18.400925057,T,90.49,100,90.57,200,TGT
2025-11-28,9:40:18.400935398,T,90.48,100,90.57,200,TGT
2025-11-28,9:40:18.400970174,T,90.48,100,90.5,100,TGT
2025-11-28,9:40:18.401055398,T,90.48,100,90.57,200,TGT
2025-11-28,9:40:18.401270851,T,90.48,200,90.57,200,TGT
2025-11-28,9:40:18.401406407,T,90.48,100,90.57,200,TGT
2025-11-28,9:40:18.402082893,T,90.5,100,90.57,200,TGT
2025-11-28,9:40:18.402508839,T,90.5,200,90.57,200,TGT
2025-11-28,9:40:18.402528876,T,90.5,100,90.57,200,TGT
2025-11-28,9:40:18.403065169,T,90.5,100,90.57,300,TGT
2025-11-28,9:40:18.403671660,T,90.5,200,90.57,300,TGT
2025-11-28,9:40:18.406403080,T,90.5,200,90.57,100,TGT
2025-11-28,9:40:18.420306207,T,90.52,100,90.57,100,TGT
2025-11-28,9:40:18.420381418,T,90.53,100,90.57,100,TGT
2025-11-28,9:40:18.420606927,T,90.53,200,90.57,100,TGT
2025-11-28,9:40:18.420797478,T,90.53,300,90.57,100,TGT
2025-11-28,9:40:18.420987857,T,90.53,300,90.55,100,TGT
2025-11-28,9:40:18.422050425,T,90.53,300,90.57,100,TGT
2025-11-28,9:40:18.456402307,T,90.53,200,90.57,100,TGT
2025-11-28,9:40:18.456407306,T,90.53,100,90.57,100,TGT
2025-11-28,9:40:18.456407306,T,90.47,100,90.57,100,TGT
2025-11-28,9:40:18.457715324,T,90.45,100,90.57,100,TGT
2025-11-28,9:40:18.539339867,T,90.45,100,90.57,400,TGT
2025-11-28,9:40:19.298353190,T,90.52,100,90.57,400,TGT
2025-11-28,9:40:19.298578746,T,90.52,200,90.57,400,TGT
2025-11-28,9:40:19.438261499,T,90.52,100,90.57,400,TGT
2025-11-28,9:40:19.438301694,T,90.52,200,90.57,400,TGT
2025-11-28,9:40:20.957611268,T,90.52,200,90.57,300,TGT
2025-11-28,9:40:21.921337178,T,90.52,100,90.57,300,TGT
2025-11-28,9:40:25.648822188,T,90.53,100,90.57,300,TGT
2025-11-28,9:40:27.038713490,T,90.52,100,90.57,300,TGT
2025-11-28,9:40:27.038733555,T,90.52,100,90.55,100,TGT
2025-11-28,9:40:27.039289904,T,90.52,100,90.56,300,TGT
2025-11-28,9:40:27.040477712,T,90.52,100,90.63,200,TGT
2025-11-28,9:40:27.252813573,T,90.52,100,90.56,300,TGT
2025-11-28,9:40:32.471552120,T,90.45,100,90.56,300,TGT
2025-11-28,9:40:32.471576915,T,90.45,100,90.54,100,TGT
2025-11-28,9:40:32.472128208,T,90.45,100,90.56,300,TGT
2025-11-28,9:40:32.472494160,T,90.45,100,90.54,100,TGT
2025-11-28,9:40:32.472920155,T,90.45,100,90.56,300,TGT
2025-11-28,9:40:32.774668946,T,90.47,100,90.56,300,TGT
2025-11-28,9:40:32.774704106,T,90.45,100,90.56,300,TGT
2025-11-28,9:40:32.775140097,T,90.45,100,90.54,200,TGT
2025-11-28,9:40:41.772229466,T,90.51,100,90.54,200,TGT
2025-11-28,9:40:42.566351429,T,90.51,100,90.54,500,TGT
2025-11-28,9:40:43.748477611,T,90.51,100,90.54,300,TGT
2025-11-28,9:40:43.748487718,T,90.51,100,90.63,200,TGT
2025-11-28,9:40:47.895662915,T,90.51,100,90.56,200,TGT
2025-11-28,9:40:55.849767702,T,90.53,100,90.56,200,TGT
2025-11-28,9:40:58.186895908,T,90.53,100,90.63,200,TGT
2025-11-28,9:40:58.186920639,T,90.55,100,90.63,200,TGT
2025-11-28,9:40:58.187667435,T,90.55,100,90.67,100,TGT
2025-11-28,9:40:58.187677481,T,90.55,100,90.67,300,TGT
2025-11-28,9:40:58.188203945,T,90.53,100,90.67,300,TGT
2025-11-28,9:40:58.214315933,T,90.54,100,90.67,300,TGT
2025-11-28,9:40:58.214325982,T,90.55,100,90.67,300,TGT
2025-11-28,9:40:58.214330912,T,90.55,200,90.67,300,TGT
2025-11-28,9:40:58.214345969,T,90.55,100,90.67,300,TGT
2025-11-28,9:40:58.214366016,T,90.56,100,90.67,300,TGT
2025-11-28,9:40:58.214721903,T,90.55,100,90.67,300,TGT
2025-11-28,9:40:58.214887298,T,90.56,100,90.67,300,TGT
2025-11-28,9:40:58.215458612,T,90.55,100,90.67,300,TGT
2025-11-28,9:40:58.229101184,T,90.55,100,90.67,200,TGT
2025-11-28,9:40:58.388666284,T,90.53,100,90.67,200,TGT
2025-11-28,9:40:59.701288412,T,90.56,100,90.67,200,TGT
2025-11-28,9:41:00.011547552,T,90.53,100,90.67,200,TGT
2025-11-28,9:41:00.035329232,T,90.53,100,90.58,100,TGT
2025-11-28,9:41:00.036436883,T,90.53,100,90.67,200,TGT
2025-11-28,9:41:03.600076964,T,90.54,100,90.67,200,TGT
2025-11-28,9:41:03.600096993,T,90.53,100,90.67,200,TGT
2025-11-28,9:41:03.600217223,T,90.54,100,90.67,200,TGT
2025-11-28,9:41:03.607133781,T,90.53,100,90.67,200,TGT
2025-11-28,9:41:03.609003182,T,90.54,100,90.67,200,TGT
2025-11-28,9:41:03.610080798,T,90.53,100,90.67,200,TGT
2025-11-28,9:41:08.055491366,T,90.53,100,90.65,100,TGT
2025-11-28,9:41:08.073248732,T,90.53,100,90.67,200,TGT
2025-11-28,9:41:19.064654534,T,90.5,100,90.67,200,TGT
2025-11-28,9:41:19.064709745,T,90.47,100,90.67,200,TGT
2025-11-28,9:41:20.682328423,T,90.47,100,90.6,200,TGT
2025-11-28,9:41:20.884956178,T,90.47,300,90.6,200,TGT
2025-11-28,9:41:21.780610063,T,90.47,300,90.6,300,TGT
2025-11-28,9:41:21.781426976,T,90.47,300,90.6,400,TGT
2025-11-28,9:41:23.898906844,T,90.47,300,90.59,100,TGT
2025-11-28,9:41:23.899653598,T,90.47,300,90.59,200,TGT
2025-11-28,9:41:23.905968616,T,90.47,300,90.59,100,TGT
2025-11-28,9:41:23.909091097,T,90.53,100,90.59,100,TGT
2025-11-28,9:41:25.170375963,T,90.56,100,90.59,100,TGT
2025-11-28,9:41:26.742326007,T,90.56,100,90.6,300,TGT
2025-11-28,9:41:26.742346266,T,90.57,100,90.6,300,TGT
2025-11-28,9:41:26.742511459,T,90.57,100,90.6,100,TGT
2025-11-28,9:41:26.742531456,T,90.57,100,90.67,200,TGT
2025-11-28,9:41:26.742902344,T,90.56,100,90.67,200,TGT
2025-11-28,9:41:26.758238890,T,90.56,100,90.67,300,TGT
2025-11-28,9:41:26.759020696,T,90.56,100,90.67,200,TGT
2025-11-28,9:41:26.759045846,T,90.56,100,90.66,100,TGT
2025-11-28,9:41:26.759256278,T,90.56,100,90.66,200,TGT
2025-11-28,9:41:26.845757313,T,90.56,100,90.66,400,TGT
2025-11-28,9:41:26.845777455,T,90.56,100,90.66,500,TGT
2025-11-28,9:41:27.226334234,T,90.56,100,90.66,400,TGT
2025-11-28,9:41:32.321442628,T,90.56,100,90.66,300,TGT
2025-11-28,9:41:32.321467669,T,90.56,100,90.64,100,TGT
2025-11-28,9:41:32.321983968,T,90.56,100,90.66,300,TGT
2025-11-28,9:41:32.322009053,T,90.56,100,90.63,100,TGT
2025-11-28,9:41:32.328023278,T,90.56,100,90.62,200,TGT
2025-11-28,9:41:32.328033351,T,90.56,100,90.62,300,TGT
2025-11-28,9:41:32.328068465,T,90.56,100,90.62,400,TGT
2025-11-28,9:41:32.711527150,T,90.56,100,90.62,300,TGT
2025-11-28,9:41:32.711532051,T,90.56,100,90.61,100,TGT
2025-11-28,9:41:32.711552075,T,90.56,100,90.59,100,TGT
2025-11-28,9:41:32.711722417,T,90.47,300,90.59,100,TGT
2025-11-28,9:41:32.711742538,T,90.47,300,90.59,200,TGT
2025-11-28,9:41:32.711742538,T,90.47,300,90.59,100,TGT
2025-11-28,9:41:32.711762525,T,90.47,300,90.59,200,TGT
2025-11-28,9:41:32.711872791,T,90.47,300,90.59,100,TGT
2025-11-28,9:41:32.711897816,T,90.47,300,90.58,100,TGT
2025-11-28,9:41:32.711968081,T,90.47,300,90.59,100,TGT
2025-11-28,9:41:32.711993139,T,90.47,300,90.56,100,TGT
2025-11-28,9:41:32.755647148,T,90.47,200,90.56,100,TGT
2025-11-28,9:41:32.755662135,T,90.47,200,90.58,300,TGT
2025-11-28,9:41:32.755667183,T,90.47,200,90.56,100,TGT
2025-11-28,9:41:32.755682234,T,90.47,200,90.55,100,TGT
2025-11-28,9:41:32.755687205,T,90.47,200,90.56,100,TGT
2025-11-28,9:41:32.755687205,T,90.47,200,90.5,100,TGT
2025-11-28,9:41:32.755712225,T,90.47,200,90.55,100,TGT
2025-11-28,9:41:32.755732282,T,90.47,300,90.55,100,TGT
2025-11-28,9:41:32.755747278,T,90.5,100,90.55,100,TGT
2025-11-28,9:41:32.756002883,T,90.5,100,90.58,400,TGT
2025-11-28,9:41:32.756489226,T,90.5,100,90.58,200,TGT
2025-11-28,9:41:32.756504144,T,90.5,100,90.58,100,TGT
2025-11-28,9:41:32.756794846,T,90.47,100,90.58,100,TGT
2025-11-28,9:41:32.757015323,T,90.47,200,90.58,100,TGT
2025-11-28,9:41:32.765901621,T,90.47,200,90.59,100,TGT
2025-11-28,9:41:32.765921529,T,90.47,200,90.61,100,TGT
2025-11-28,9:41:32.767019191,T,90.47,200,90.59,100,TGT
2025-11-28,9:41:32.913242535,T,90.47,200,90.6,100,TGT
2025-11-28,9:41:32.913257559,T,90.47,200,90.61,100,TGT
2025-11-28,9:41:33.208290494,T,90.48,200,90.61,100,TGT
2025-11-28,9:41:33.209097422,T,90.48,200,90.55,200,TGT
2025-11-28,9:41:33.209122626,T,90.48,200,90.55,300,TGT
2025-11-28,9:41:38.231713318,T,90.51,100,90.55,300,TGT
2025-11-28,9:41:41.269099485,T,90.48,200,90.55,300,TGT
2025-11-28,9:41:41.269099485,T,90.48,100,90.55,300,TGT
2025-11-28,9:41:41.269119571,T,90.48,100,90.53,100,TGT
2025-11-28,9:41:41.269675906,T,90.48,100,90.55,200,TGT
2025-11-28,9:41:41.269756078,T,90.48,100,90.55,100,TGT
2025-11-28,9:41:41.276151259,T,90.48,100,90.56,100,TGT
2025-11-28,9:41:41.280722232,T,90.48,100,90.59,100,TGT
2025-11-28,9:41:41.426374110,T,90.48,100,90.53,300,TGT
2025-11-28,9:41:41.426384156,T,90.48,100,90.53,400,TGT
2025-11-28,9:41:43.264864144,T,90.48,200,90.53,400,TGT
2025-11-28,9:41:47.755587980,T,90.48,200,90.53,100,TGT
2025-11-28,9:41:47.755648019,T,90.48,200,90.59,100,TGT
2025-11-28,9:41:47.755673153,T,90.48,200,90.61,100,TGT
2025-11-28,9:41:47.755693151,T,90.5,100,90.61,100,TGT
2025-11-28,9:41:47.755713273,T,90.5,200,90.61,100,TGT
2025-11-28,9:41:47.755908693,T,90.51,100,90.61,100,TGT
2025-11-28,9:41:47.755968872,T,90.5,200,90.61,100,TGT
2025-11-28,9:41:47.756149217,T,90.5,100,90.61,100,TGT
2025-11-28,9:41:47.756505114,T,90.5,200,90.61,100,TGT
2025-11-28,9:41:47.757442303,T,90.5,100,90.61,100,TGT
2025-11-28,9:41:47.757452454,T,90.5,100,90.57,100,TGT
2025-11-28,9:41:47.765932602,T,90.48,200,90.57,100,TGT
2025-11-28,9:41:48.360935009,T,90.48,200,90.57,300,TGT
2025-11-28,9:41:48.723188225,T,90.48,200,90.57,200,TGT
2025-11-28,9:41:48.723193222,T,90.48,200,90.57,100,TGT
2025-11-28,9:41:48.723198140,T,90.49,100,90.57,100,TGT
2025-11-28,9:41:48.723198140,T,90.49,100,90.61,100,TGT
2025-11-28,9:41:48.723203173,T,90.49,100,90.63,200,TGT
2025-11-28,9:41:48.723203173,T,90.55,100,90.63,200,TGT
2025-11-28,9:41:48.723699348,T,90.55,100,90.64,100,TGT
2025-11-28,9:41:48.723759507,T,90.5,100,90.64,100,TGT
2025-11-28,9:41:48.723909785,T,90.5,100,90.67,100,TGT
2025-11-28,9:41:48.724150393,T,90.5,100,90.68,400,TGT
2025-11-28,9:41:48.727884283,T,90.5,100,90.68,300,TGT
2025-11-28,9:41:48.730254914,T,90.49,100,90.68,300,TGT
2025-11-28,9:41:48.736519929,T,90.49,100,90.68,400,TGT
2025-11-28,9:41:48.736539872,T,90.48,200,90.68,400,TGT
2025-11-28,9:41:48.737336851,T,90.48,200,90.68,300,TGT
2025-11-28,9:41:48.746448534,T,90.48,200,90.68,400,TGT
2025-11-28,9:41:49.311369296,T,90.48,100,90.68,400,TGT
2025-11-28,9:41:49.668465049,T,90.48,100,90.66,100,TGT
2025-11-28,9:41:49.668465049,T,90.48,100,90.64,100,TGT
2025-11-28,9:41:49.668480311,T,90.47,100,90.64,100,TGT
2025-11-28,9:41:49.668480311,T,90.47,100,90.63,100,TGT
2025-11-28,9:41:49.668485296,T,90.47,100,90.62,100,TGT
2025-11-28,9:41:49.668485296,T,90.47,100,90.6,100,TGT
2025-11-28,9:41:49.668500520,T,90.47,100,90.62,100,TGT
2025-11-28,9:41:49.668620456,T,90.47,100,90.63,100,TGT
2025-11-28,9:41:49.668650545,T,90.48,100,90.63,100,TGT
2025-11-28,9:41:49.769375565,T,90.48,100,90.64,100,TGT
2025-11-28,9:41:49.769405593,T,90.48,100,90.66,100,TGT
2025-11-28,9:41:49.769425630,T,90.48,100,90.68,300,TGT
2025-11-28,9:41:49.777976162,T,90.47,100,90.68,300,TGT
2025-11-28,9:41:49.777981063,T,90.47,100,90.64,100,TGT
2025-11-28,9:41:49.780677488,T,90.47,100,90.68,300,TGT
2025-11-28,9:41:49.780707547,T,90.49,100,90.68,300,TGT
2025-11-28,9:41:49.780958043,T,90.49,100,90.64,100,TGT
2025-11-28,9:41:51.185383965,T,90.49,100,90.68,300,TGT
2025-11-28,9:41:53.201311664,T,90.49,100,90.66,100,TGT
2025-11-28,9:41:53.201311664,T,90.49,100,90.64,100,TGT
2025-11-28,9:41:53.201316772,T,90.49,100,90.68,400,TGT
2025-11-28,9:41:53.201321767,T,90.49,100,90.64,100,TGT
2025-11-28,9:41:53.202309130,T,90.47,100,90.64,100,TGT
2025-11-28,9:41:53.210102648,T,90.47,100,90.57,100,TGT
2025-11-28,9:41:53.211395739,T,90.47,100,90.57,200,TGT
2025-11-28,9:41:53.224647320,T,90.47,100,90.57,100,TGT
2025-11-28,9:42:01.143593321,T,90.47,100,90.56,100,TGT
2025-11-28,9:42:01.143598664,T,90.47,100,90.57,100,TGT
2025-11-28,9:42:01.143613313,T,90.47,100,90.56,100,TGT
2025-11-28,9:42:01.143848854,T,90.47,100,90.56,200,TGT
2025-11-28,9:42:01.144069435,T,90.47,100,90.55,100,TGT
2025-11-28,9:42:01.160112607,T,90.47,100,90.56,100,TGT
2025-11-28,9:42:01.343624859,T,90.47,100,90.57,200,TGT
2025-11-28,9:42:01.343659953,T,90.47,100,90.57,100,TGT
2025-11-28,9:42:04.791478949,T,90.52,100,90.57,100,TGT
2025-11-28,9:42:04.794661603,T,90.52,100,90.56,100,TGT
2025-11-28,9:42:04.796581081,T,90.47,100,90.56,100,TGT
2025-11-28,9:42:04.803031495,T,90.47,100,90.57,100,TGT
2025-11-28,9:42:07.589660317,T,90.47,100,90.57,200,TGT
2025-11-28,9:42:13.796251820,T,90.47,100,90.57,100,TGT
2025-11-28,9:42:15.264615138,T,90.47,100,90.57,300,TGT
2025-11-28,9:42:15.265667639,T,90.47,100,90.57,400,TGT
2025-11-28,9:42:15.266299044,T,90.47,100,90.57,300,TGT
2025-11-28,9:42:17.819351513,T,90.47,100,90.57,200,TGT
2025-11-28,9:42:19.536282061,T,90.47,100,90.57,800,TGT
2025-11-28,9:42:29.279975123,T,90.47,100,90.56,100,TGT
2025-11-28,9:42:29.281152886,T,90.47,100,90.57,800,TGT
2025-11-28,9:43:04.656721293,T,90.47,100,90.56,100,TGT
2025-11-28,9:43:04.656826708,T,90.47,100,90.55,100,TGT
2025-11-28,9:43:04.656841513,T,90.47,100,90.55,200,TGT
2025-11-28,9:43:04.656851567,T,90.47,100,90.55,100,TGT
2025-11-28,9:43:04.709697451,T,90.47,100,90.55,200,TGT
2025-11-28,9:43:04.709737611,T,90.47,100,90.54,100,TGT
2025-11-28,9:43:04.709742610,T,90.47,100,90.52,100,TGT
2025-11-28,9:43:04.709767605,T,90.47,100,90.52,200,TGT
2025-11-28,9:43:04.710103393,T,90.47,100,90.52,100,TGT
2025-11-28,9:43:04.710424563,T,90.45,200,90.52,100,TGT
2025-11-28,9:43:04.720347831,T,90.45,200,90.54,100,TGT
2025-11-28,9:43:04.758147923,T,90.46,100,90.54,100,TGT
2025-11-28,9:43:04.758944829,T,90.46,100,90.54,300,TGT
2025-11-28,9:43:04.758959889,T,90.46,100,90.54,500,TGT
2025-11-28,9:43:04.909969633,T,90.46,100,90.54,400,TGT
2025-11-28,9:43:05.327414101,T,90.46,100,90.51,100,TGT
2025-11-28,9:43:05.327414101,T,90.46,100,90.51,200,TGT
2025-11-28,9:43:05.328762326,T,90.46,100,90.5,200,TGT
2025-11-28,9:43:05.328787403,T,90.46,100,90.5,400,TGT
2025-11-28,9:43:05.451935752,T,90.46,100,90.5,500,TGT
2025-11-28,9:43:05.451940702,T,90.46,100,90.49,100,TGT
2025-11-28,9:43:05.452642447,T,90.46,100,90.5,400,TGT
2025-11-28,9:43:05.452672601,T,90.46,200,90.5,400,TGT
2025-11-28,9:43:05.452677455,T,90.48,100,90.5,400,TGT
2025-11-28,9:43:05.453133569,T,90.48,100,90.5,200,TGT
2025-11-28,9:43:05.453133569,T,90.48,100,90.54,100,TGT
2025-11-28,9:43:05.453153852,T,90.48,200,90.54,100,TGT
2025-11-28,9:43:05.453158813,T,90.48,300,90.54,100,TGT
2025-11-28,9:43:05.453158813,T,90.48,400,90.54,100,TGT
2025-11-28,9:43:05.453158813,T,90.48,400,90.56,100,TGT
2025-11-28,9:43:05.453163664,T,90.48,500,90.56,100,TGT
2025-11-28,9:43:05.453214771,T,90.48,600,90.56,100,TGT
2025-11-28,9:43:05.453214771,T,90.48,500,90.56,100,TGT
2025-11-28,9:43:05.453223842,T,90.48,600,90.56,100,TGT
2025-11-28,9:43:05.453228820,T,90.49,100,90.56,100,TGT
2025-11-28,9:43:05.453228820,T,90.49,200,90.56,100,TGT
2025-11-28,9:43:05.453228820,T,90.49,300,90.56,100,TGT
2025-11-28,9:43:05.453248921,T,90.49,400,90.56,100,TGT
2025-11-28,9:43:05.453935483,T,90.49,400,90.51,200,TGT
2025-11-28,9:43:05.453945498,T,90.49,400,90.51,400,TGT
2025-11-28,9:43:05.453955540,T,90.49,300,90.51,400,TGT
2025-11-28,9:43:05.453965631,T,90.49,300,90.51,300,TGT
2025-11-28,9:43:05.454000725,T,90.49,300,90.51,200,TGT
2025-11-28,9:43:05.454461811,T,90.49,200,90.51,200,TGT
2025-11-28,9:43:05.454496835,T,90.49,100,90.51,200,TGT
2025-11-28,9:43:05.454561952,T,90.49,100,90.56,100,TGT
2025-11-28,9:43:05.454587050,T,90.49,200,90.56,100,TGT
2025-11-28,9:43:05.454977953,T,90.49,200,90.53,100,TGT
2025-11-28,9:43:05.455223521,T,90.49,100,90.53,100,TGT
2025-11-28,9:43:05.456556702,T,90.5,100,90.53,100,TGT
2025-11-28,9:43:05.456576862,T,90.5,200,90.53,100,TGT
2025-11-28,9:43:05.456611844,T,90.5,300,90.53,100,TGT
2025-11-28,9:43:05.456641977,T,90.5,300,90.56,100,TGT
2025-11-28,9:43:05.459744333,T,90.5,200,90.56,100,TGT
2025-11-28,9:43:05.459799470,T,90.5,200,90.53,100,TGT
2025-11-28,9:43:05.460200465,T,90.5,200,90.56,100,TGT
2025-11-28,9:43:05.461849309,T,90.5,100,90.56,100,TGT
2025-11-28,9:43:05.461869441,T,90.46,200,90.56,100,TGT
2025-11-28,9:43:05.461869441,T,90.46,100,90.56,100,TGT
2025-11-28,9:43:05.461869441,T,90.46,100,90.55,100,TGT
2025-11-28,9:43:05.461889501,T,90.46,100,90.52,100,TGT
2025-11-28,9:43:05.461889501,T,90.46,100,90.52,200,TGT
2025-11-28,9:43:05.462445792,T,90.46,100,90.52,100,TGT
2025-11-28,9:43:05.466901406,T,90.46,100,90.53,100,TGT
2025-11-28,9:43:05.466926420,T,90.49,100,90.53,100,TGT
2025-11-28,9:43:05.466931436,T,90.49,100,90.55,100,TGT
2025-11-28,9:43:05.466931436,T,90.49,200,90.55,100,TGT
2025-11-28,9:43:05.466936495,T,90.49,200,90.56,100,TGT
2025-11-28,9:43:05.467182126,T,90.5,100,90.56,100,TGT
2025-11-28,9:43:05.467918830,T,90.5,200,90.56,100,TGT
2025-11-28,9:43:05.475637218,T,90.5,100,90.56,100,TGT
2025-11-28,9:43:05.495479557,T,90.49,100,90.56,100,TGT
2025-11-28,9:43:05.495479557,T,90.5,100,90.56,100,TGT
2025-11-28,9:43:05.495499598,T,90.49,100,90.56,100,TGT
2025-11-28,9:43:05.495499598,T,90.51,100,90.56,100,TGT
2025-11-28,9:43:05.495519607,T,90.49,100,90.56,100,TGT
2025-11-28,9:43:05.495544628,T,90.51,100,90.56,100,TGT
2025-11-28,9:43:05.513642822,T,90.49,100,90.56,100,TGT
2025-11-28,9:43:05.513667785,T,90.49,100,90.54,100,TGT
2025-11-28,9:43:05.513687944,T,90.46,100,90.54,100,TGT
2025-11-28,9:43:05.514224178,T,90.46,100,90.55,200,TGT
2025-11-28,9:43:05.514229191,T,90.49,100,90.55,200,TGT
2025-11-28,9:43:05.514755448,T,90.49,100,90.55,100,TGT
2025-11-28,9:43:05.514825617,T,90.46,100,90.55,100,TGT
2025-11-28,9:43:05.515001053,T,90.46,200,90.55,100,TGT
2025-11-28,9:43:05.520123176,T,90.46,100,90.55,100,TGT
2025-11-28,9:43:05.520724630,T,90.46,100,90.56,100,TGT
2025-11-28,9:43:06.437133121,T,90.47,100,90.56,100,TGT
2025-11-28,9:43:06.437934996,T,90.47,100,90.56,200,TGT
2025-11-28,9:43:06.437970120,T,90.47,100,90.56,400,TGT
2025-11-28,9:43:07.020142469,T,90.46,100,90.56,400,TGT
2025-11-28,9:43:07.021019141,T,90.47,100,90.56,400,TGT
2025-11-28,9:43:07.255588017,T,90.47,100,90.56,300,TGT
2025-11-28,9:43:07.255588017,T,90.49,100,90.56,300,TGT
2025-11-28,9:43:07.255628062,T,90.49,200,90.56,300,TGT
2025-11-28,9:43:07.397661800,T,90.49,100,90.56,300,TGT
2025-11-28,9:43:07.397696523,T,90.47,100,90.56,300,TGT
2025-11-28,9:43:10.026138752,T,90.47,100,90.56,200,TGT
2025-11-28,9:43:10.026143658,T,90.47,100,90.65,300,TGT
2025-11-28,9:43:10.026158620,T,90.54,100,90.65,300,TGT
2025-11-28,9:43:10.026169044,T,90.54,100,90.65,200,TGT
2025-11-28,9:43:10.027126010,T,90.54,200,90.65,200,TGT
2025-11-28,9:43:10.027461730,T,90.54,100,90.65,200,TGT
2025-11-28,9:43:10.039565637,T,90.54,100,90.65,300,TGT
2025-11-28,9:43:10.058961835,T,90.54,100,90.63,100,TGT
2025-11-28,9:43:10.135724697,T,90.53,100,90.63,100,TGT
2025-11-28,9:43:11.279820247,T,90.53,100,90.68,200,TGT
2025-11-28,9:43:12.538604195,T,90.53,100,90.6,100,TGT
2025-11-28,9:43:12.538639296,T,90.53,100,90.6,200,TGT
2025-11-28,9:43:13.008157900,T,90.53,100,90.6,100,TGT
2025-11-28,9:43:13.069499101,T,90.56,100,90.6,100,TGT
2025-11-28,9:43:13.070721946,T,90.56,100,90.6,200,TGT
2025-11-28,9:43:13.338640288,T,90.56,100,90.6,300,TGT
2025-11-28,9:43:13.338665283,T,90.53,100,90.6,300,TGT
2025-11-28,9:43:13.548440082,T,90.53,100,90.6,200,TGT
2025-11-28,9:43:19.881783363,T,90.55,100,90.6,200,TGT
2025-11-28,9:43:21.072309567,T,90.55,100,90.59,100,TGT
2025-11-28,9:43:21.072314865,T,90.55,100,90.59,200,TGT
2025-11-28,9:43:21.072314865,T,90.55,100,90.59,300,TGT
2025-11-28,9:43:21.084844413,T,90.55,100,90.59,200,TGT
2025-11-28,9:43:21.084879592,T,90.55,100,90.59,100,TGT
2025-11-28,9:43:21.354977944,T,90.47,100,90.59,100,TGT
2025-11-28,9:43:21.354997980,T,90.47,100,90.59,200,TGT
2025-11-28,9:43:21.354997980,T,90.47,100,90.58,100,TGT
2025-11-28,9:43:21.354997980,T,90.47,100,90.57,100,TGT
2025-11-28,9:43:21.355549313,T,90.47,100,90.58,200,TGT
2025-11-28,9:43:21.355614474,T,90.47,100,90.56,100,TGT
2025-11-28,9:43:21.355935306,T,90.47,100,90.58,200,TGT
2025-11-28,9:43:21.356125735,T,90.47,100,90.56,100,TGT
2025-11-28,9:43:21.356125735,T,90.47,100,90.56,200,TGT
2025-11-28,9:43:21.356135696,T,90.47,100,90.56,300,TGT
2025-11-28,9:43:21.356486643,T,90.47,100,90.56,200,TGT
2025-11-28,9:43:26.408387733,T,90.54,100,90.56,200,TGT
2025-11-28,9:43:26.408392362,T,90.54,200,90.56,200,TGT
2025-11-28,9:43:26.408392362,T,90.54,200,90.56,100,TGT
2025-11-28,9:43:26.408402378,T,90.54,200,90.59,100,TGT
2025-11-28,9:43:26.408417422,T,90.55,100,90.59,100,TGT
2025-11-28,9:43:26.408683063,T,90.55,100,90.59,200,TGT
2025-11-28,9:43:26.408853398,T,90.55,100,90.59,100,TGT
2025-11-28,9:43:26.409715535,T,90.54,100,90.59,100,TGT
2025-11-28,9:43:27.118368766,T,90.47,100,90.59,100,TGT
2025-11-28,9:43:27.927005239,T,90.52,100,90.59,100,TGT
2025-11-28,9:43:28.845854307,T,90.52,100,90.59,200,TGT
2025-11-28,9:43:31.939143823,T,90.52,100,90.59,300,TGT
2025-11-28,9:43:33.150474525,T,90.52,100,90.59,400,TGT
2025-11-28,9:43:34.019043749,T,90.52,100,90.59,300,TGT
2025-11-28,9:43:34.019048739,T,90.52,100,90.58,100,TGT
2025-11-28,9:43:34.019063759,T,90.52,100,90.58,200,TGT
2025-11-28,9:43:34.019074203,T,90.52,100,90.56,100,TGT
2025-11-28,9:43:34.019078741,T,90.52,100,90.58,200,TGT
2025-11-28,9:43:34.019123903,T,90.52,100,90.58,100,TGT
2025-11-28,9:43:34.019128862,T,90.52,100,90.58,200,TGT
2025-11-28,9:43:34.019138959,T,90.52,100,90.58,100,TGT
2025-11-28,9:43:34.019164034,T,90.52,100,90.58,200,TGT
2025-11-28,9:43:34.019339432,T,90.52,100,90.58,300,TGT
2025-11-28,9:43:34.019344471,T,90.52,100,90.58,400,TGT
2025-11-28,9:43:34.020492204,T,90.52,100,90.54,100,TGT
2025-11-28,9:43:34.020522218,T,90.47,100,90.54,100,TGT
2025-11-28,9:43:34.020562510,T,90.47,100,90.53,100,TGT
2025-11-28,9:43:34.020582345,T,90.47,100,90.54,100,TGT
2025-11-28,9:43:34.020993348,T,90.51,100,90.54,100,TGT
2025-11-28,9:43:34.021665245,T,90.47,100,90.54,100,TGT
2025-11-28,9:43:34.021665245,T,90.52,100,90.54,100,TGT
2025-11-28,9:43:34.021699985,T,90.52,100,90.53,100,TGT
2025-11-28,9:43:34.022948056,T,90.52,100,90.58,300,TGT
2025-11-28,9:43:34.025068008,T,90.52,100,90.58,200,TGT
2025-11-28,9:43:34.119082010,T,90.52,100,90.58,100,TGT
2025-11-28,9:43:35.442865849,T,90.52,100,90.64,200,TGT
2025-11-28,9:43:39.998835304,T,90.52,100,90.57,100,TGT
2025-11-28,9:43:42.789037740,T,90.47,100,90.57,100,TGT
2025-11-28,9:43:42.789057749,T,90.47,100,90.56,100,TGT
2025-11-28,9:43:42.789062409,T,90.47,100,90.55,100,TGT
2025-11-28,9:43:42.789107513,T,90.47,100,90.54,100,TGT
2025-11-28,9:43:42.789588607,T,90.47,100,90.55,100,TGT
2025-11-28,9:43:42.789613768,T,90.47,100,90.56,200,TGT
2025-11-28,9:43:42.789794189,T,90.47,100,90.54,100,TGT
2025-11-28,9:43:42.790074772,T,90.47,100,90.54,200,TGT
2025-11-28,9:43:42.790114935,T,90.47,100,90.54,100,TGT
2025-11-28,9:43:42.790345486,T,90.47,100,90.54,200,TGT
2025-11-28,9:43:48.056015311,T,90.48,100,90.54,200,TGT
2025-11-28,9:43:52.268305721,T,90.48,100,90.54,100,TGT
2025-11-28,9:43:55.128194079,T,90.48,100,90.54,200,TGT
2025-11-28,9:43:59.128474460,T,90.49,100,90.54,200,TGT
2025-11-28,9:43:59.128494502,T,90.49,100,90.54,100,TGT
2025-11-28,9:43:59.128499576,T,90.49,100,90.56,100,TGT
2025-11-28,9:43:59.128524578,T,90.53,100,90.56,100,TGT
2025-11-28,9:43:59.128544603,T,90.53,100,90.63,200,TGT
2025-11-28,9:43:59.128564649,T,90.53,200,90.63,200,TGT
2025-11-28,9:43:59.129055829,T,90.53,100,90.63,200,TGT
2025-11-28,9:43:59.129812653,T,90.52,100,90.63,200,TGT
2025-11-28,9:43:59.129867741,T,90.53,100,90.63,200,TGT
2025-11-28,9:43:59.741800740,T,90.51,100,90.63,200,TGT
2025-11-28,9:43:59.743589971,T,90.51,100,90.63,300,TGT
2025-11-28,9:43:59.766755224,T,90.51,100,90.59,100,TGT
2025-11-28,9:44:00.017407293,T,90.51,100,90.59,200,TGT
2025-11-28,9:44:00.018585115,T,90.51,100,90.59,100,TGT
2025-11-28,9:44:00.019356904,T,90.51,100,90.59,200,TGT
2025-11-28,9:44:06.944755870,T,90.51,100,90.59,100,TGT
2025-11-28,9:44:06.944780988,T,90.51,100,90.67,200,TGT
2025-11-28,9:44:06.944795942,T,90.53,100,90.67,200,TGT
2025-11-28,9:44:06.944801044,T,90.56,100,90.67,200,TGT
2025-11-28,9:44:06.944821061,T,90.57,100,90.67,200,TGT
2025-11-28,9:44:06.945758237,T,90.56,100,90.67,200,TGT
2025-11-28,9:44:06.953551893,T,90.53,200,90.67,200,TGT
2025-11-28,9:44:07.046458146,T,90.53,100,90.67,200,TGT
2025-11-28,9:44:07.146792153,T,90.57,100,90.67,200,TGT
2025-11-28,9:44:07.147047785,T,90.57,100,90.68,100,TGT
2025-11-28,9:44:08.116106469,T,90.57,100,90.66,100,TGT
2025-11-28,9:44:08.195756182,T,90.58,100,90.66,100,TGT
2025-11-28,9:44:19.004496756,T,90.58,100,90.68,100,TGT
2025-11-28,9:44:19.967917009,T,90.58,100,90.63,100,TGT
2025-11-28,9:44:19.967932066,T,90.58,100,90.63,300,TGT
2025-11-28,9:44:19.967952174,T,90.58,100,90.63,400,TGT
2025-11-28,9:44:19.968237754,T,90.58,100,90.62,100,TGT
2025-11-28,9:44:19.968237754,T,90.58,100,90.62,200,TGT
2025-11-28,9:44:19.968237754,T,90.58,100,90.62,300,TGT
2025-11-28,9:44:19.968257937,T,90.53,100,90.62,300,TGT
2025-11-28,9:44:19.968282901,T,90.53,100,90.6,100,TGT
2025-11-28,9:44:19.968317943,T,90.53,100,90.6,200,TGT
2025-11-28,9:44:19.968889414,T,90.53,100,90.6,100,TGT
2025-11-28,9:44:19.969370683,T,90.53,100,90.62,400,TGT
2025-11-28,9:44:19.969370683,T,90.53,100,90.62,300,TGT
2025-11-28,9:44:19.969370683,T,90.53,100,90.62,200,TGT
2025-11-28,9:44:19.969500828,T,90.53,100,90.62,100,TGT
2025-11-28,9:44:19.969651178,T,90.53,100,90.6,100,TGT
2025-11-28,9:44:19.996780756,T,90.55,100,90.6,100,TGT
2025-11-28,9:44:19.997246863,T,90.53,100,90.6,100,TGT
2025-11-28,9:44:19.997432381,T,90.55,100,90.6,100,TGT
2025-11-28,9:44:20.168429758,T,90.55,100,90.68,100,TGT
2025-11-28,9:44:20.168439758,T,90.55,100,90.6,100,TGT
2025-11-28,9:44:20.168464812,T,90.53,100,90.6,100,TGT
2025-11-28,9:44:21.305027646,T,90.53,100,90.68,100,TGT
2025-11-28,9:44:21.306390924,T,90.54,100,90.68,100,TGT
2025-11-28,9:44:24.788191003,T,90.54,100,90.6,100,TGT
2025-11-28,9:44:31.101471662,T,90.54,100,90.6,200,TGT
2025-11-28,9:44:32.386402901,T,90.55,100,90.6,200,TGT
2025-11-28,9:44:43.039347209,T,90.56,100,90.6,200,TGT
2025-11-28,9:44:43.039407729,T,90.56,100,90.6,100,TGT
2025-11-28,9:44:43.039407729,T,90.56,100,90.61,200,TGT
2025-11-28,9:44:43.039432465,T,90.59,100,90.61,200,TGT
2025-11-28,9:44:43.039974319,T,90.58,200,90.61,200,TGT
2025-11-28,9:44:43.039983810,T,90.58,100,90.61,200,TGT
2025-11-28,9:44:43.039993773,T,90.58,100,90.6,100,TGT
2025-11-28,9:44:43.040013776,T,90.58,100,90.6,200,TGT
2025-11-28,9:44:43.040199204,T,90.57,100,90.6,200,TGT
2025-11-28,9:44:43.040219250,T,90.57,100,90.59,100,TGT
2025-11-28,9:44:43.040219250,T,90.57,100,90.58,100,TGT
2025-11-28,9:44:43.042384450,T,90.55,100,90.58,100,TGT
2025-11-28,9:44:43.047757217,T,90.55,100,90.57,100,TGT
2025-11-28,9:44:43.059029087,T,90.55,100,90.61,200,TGT
2025-11-28,9:44:43.059049162,T,90.56,100,90.61,200,TGT
2025-11-28,9:44:43.059054116,T,90.56,200,90.61,200,TGT
2025-11-28,9:44:43.059605592,T,90.56,100,90.61,200,TGT
2025-11-28,9:44:43.107479514,T,90.55,100,90.61,200,TGT
2025-11-28,9:44:45.490201023,T,90.57,100,90.61,200,TGT
2025-11-28,9:44:45.491569337,T,90.55,100,90.61,200,TGT
2025-11-28,9:44:45.539232965,T,90.55,100,90.61,100,TGT
2025-11-28,9:44:45.539278012,T,90.55,100,90.68,100,TGT
2025-11-28,9:44:45.539298038,T,90.6,100,90.68,100,TGT
2025-11-28,9:44:45.539298038,T,90.6,200,90.68,100,TGT
2025-11-28,9:44:45.539603824,T,90.6,100,90.68,100,TGT
2025-11-28,9:44:45.539603824,T,90.55,100,90.68,100,TGT
2025-11-28,9:44:45.539623887,T,90.55,100,90.65,100,TGT
2025-11-28,9:44:45.539628788,T,90.55,100,90.64,100,TGT
2025-11-28,9:44:45.539628788,T,90.55,100,90.62,100,TGT
2025-11-28,9:44:45.539633894,T,90.55,100,90.62,200,TGT
2025-11-28,9:44:45.539974613,T,90.55,100,90.61,100,TGT
2025-11-28,9:44:45.540039803,T,90.55,100,90.61,200,TGT
2025-11-28,9:44:45.540170167,T,90.55,100,90.61,100,TGT
2025-11-28,9:44:45.540260296,T,90.55,100,90.61,200,TGT
2025-11-28,9:44:45.540876851,T,90.55,100,90.61,100,TGT
2025-11-28,9:44:46.733212460,T,90.55,100,90.61,200,TGT
2025-11-28,9:44:51.406771702,T,90.57,100,90.61,200,TGT
2025-11-28,9:44:51.606998783,T,90.55,200,90.61,200,TGT
2025-11-28,9:44:52.679238225,T,90.55,200,90.61,300,TGT
2025-11-28,9:44:56.866934988,T,90.55,200,90.61,200,TGT
2025-11-28,9:44:56.866939828,T,90.55,200,90.61,100,TGT
2025-11-28,9:44:56.866939828,T,90.55,200,90.68,100,TGT
2025-11-28,9:44:56.866960068,T,90.59,100,90.68,100,TGT
2025-11-28,9:44:56.866964887,T,90.6,100,90.68,100,TGT
2025-11-28,9:44:56.867230634,T,90.6,200,90.68,100,TGT
2025-11-28,9:44:56.868222985,T,90.6,100,90.68,100,TGT
2025-11-28,9:44:56.881519662,T,90.61,100,90.68,100,TGT
2025-11-28,9:44:56.882131060,T,90.59,200,90.68,100,TGT
2025-11-28,9:44:56.971233336,T,90.59,100,90.68,100,TGT
2025-11-28,9:44:59.649554219,T,90.6,200,90.68,100,TGT
2025-11-28,9:45:03.184916841,T,90.6,200,90.65,300,TGT
2025-11-28,9:45:03.502248027,T,90.6,200,90.65,400,TGT
2025-11-28,9:45:08.619855277,T,90.6,200,90.64,100,TGT
2025-11-28,9:45:08.639216030,T,90.6,200,90.64,200,TGT
2025-11-28,9:45:08.639216030,T,90.6,200,90.63,100,TGT
2025-11-28,9:45:08.656346923,T,90.6,100,90.63,100,TGT
2025-11-28,9:45:08.656407041,T,90.56,100,90.63,100,TGT
2025-11-28,9:45:08.656973334,T,90.57,100,90.63,100,TGT
2025-11-28,9:45:08.656998437,T,90.57,100,90.64,200,TGT
2025-11-28,9:45:08.656998437,T,90.57,100,90.64,100,TGT
2025-11-28,9:45:08.657018496,T,90.61,100,90.64,100,TGT
2025-11-28,9:45:08.657218917,T,90.61,200,90.64,100,TGT
2025-11-28,9:45:08.828451884,T,90.61,100,90.64,100,TGT
2025-11-28,9:45:13.227076204,T,90.61,100,90.65,500,TGT
2025-11-28,9:45:13.227096317,T,90.61,100,90.65,400,TGT
2025-11-28,9:45:13.227116324,T,90.61,200,90.65,400,TGT
2025-11-28,9:45:13.227116324,T,90.61,100,90.65,400,TGT
2025-11-28,9:45:13.227121306,T,90.6,100,90.65,400,TGT
2025-11-28,9:45:13.227121306,T,90.62,100,90.65,400,TGT
2025-11-28,9:45:13.227151458,T,90.61,100,90.65,400,TGT
2025-11-28,9:45:13.227462153,T,90.63,100,90.65,400,TGT
2025-11-28,9:45:13.227858107,T,90.63,100,90.65,100,TGT
2025-11-28,9:45:13.227873123,T,90.63,100,90.68,100,TGT
2025-11-28,9:45:13.228203991,T,90.6,100,90.68,100,TGT
2025-11-28,9:45:13.228224033,T,90.64,100,90.68,100,TGT
2025-11-28,9:45:13.228454539,T,90.6,100,90.68,100,TGT
2025-11-28,9:45:13.228474581,T,90.6,100,90.67,100,TGT
2025-11-28,9:45:13.228479640,T,90.6,100,90.67,200,TGT
2025-11-28,9:45:13.228484585,T,90.6,100,90.65,100,TGT
2025-11-28,9:45:13.228640002,T,90.6,100,90.65,200,TGT
2025-11-28,9:45:13.228830427,T,90.6,100,90.65,100,TGT
2025-11-28,9:45:13.229567159,T,90.6,100,90.67,100,TGT
2025-11-28,9:45:13.229587223,T,90.64,100,90.67,100,TGT
2025-11-28,9:45:13.229597214,T,90.64,100,90.68,100,TGT
2025-11-28,9:45:13.230148606,T,90.63,100,90.68,100,TGT
2025-11-28,9:45:13.232449068,T,90.62,100,90.68,100,TGT
2025-11-28,9:45:13.232484144,T,90.62,100,90.67,100,TGT
2025-11-28,9:45:13.232514187,T,90.62,100,90.66,100,TGT
2025-11-28,9:45:13.232890093,T,90.63,100,90.66,100,TGT
2025-11-28,9:45:13.233255990,T,90.62,100,90.66,100,TGT
2025-11-28,9:45:13.237370801,T,90.6,200,90.66,100,TGT
2025-11-28,9:45:13.241540663,T,90.6,200,90.66,200,TGT
2025-11-28,9:45:13.244232066,T,90.6,200,90.66,100,TGT
2025-11-28,9:45:13.427127804,T,90.6,100,90.66,100,TGT
2025-11-28,9:45:13.876809204,T,90.6,100,90.66,200,TGT
2025-11-28,9:45:17.267702730,T,90.6,100,90.66,100,TGT
2025-11-28,9:45:17.267702730,T,90.6,100,90.68,100,TGT
2025-11-28,9:45:17.267722962,T,90.6,200,90.68,100,TGT
2025-11-28,9:45:17.267722962,T,90.64,100,90.68,100,TGT
2025-11-28,9:45:17.267727794,T,90.65,100,90.68,100,TGT
2025-11-28,9:45:17.269070944,T,90.64,100,90.68,100,TGT
2025-11-28,9:45:17.269852872,T,90.64,200,90.68,100,TGT
2025-11-28,9:45:17.467854564,T,90.64,100,90.68,100,TGT
2025-11-28,9:45:17.553653870,T,90.61,100,90.68,100,TGT
2025-11-28,9:45:18.707007164,T,90.61,100,90.74,100,TGT
2025-11-28,9:45:18.707026995,T,90.64,100,90.74,100,TGT
2025-11-28,9:45:18.707031647,T,90.64,200,90.74,100,TGT
2025-11-28,9:45:18.707056741,T,90.64,100,90.74,100,TGT
2025-11-28,9:45:18.707071723,T,90.64,200,90.74,100,TGT
2025-11-28,9:45:18.707798412,T,90.64,300,90.74,100,TGT
2025-11-28,9:45:18.708209594,T,90.64,200,90.74,100,TGT
2025-11-28,9:45:18.714093497,T,90.64,100,90.74,100,TGT
2025-11-28,9:45:18.719631698,T,90.63,100,90.74,100,TGT
2025-11-28,9:45:18.720423496,T,90.64,100,90.74,100,TGT
2025-11-28,9:45:18.727375093,T,90.65,100,90.74,100,TGT
2025-11-28,9:45:18.727390088,T,90.64,100,90.74,100,TGT
2025-11-28,9:45:18.727400182,T,90.65,100,90.74,100,TGT
2025-11-28,9:45:18.734431883,T,90.64,100,90.74,100,TGT
2025-11-28,9:45:18.827573866,T,90.64,200,90.74,100,TGT
2025-11-28,9:45:18.908947651,T,90.64,100,90.74,100,TGT
2025-11-28,9:45:19.944384409,T,90.62,100,90.74,100,TGT
2025-11-28,9:45:19.944635154,T,90.63,100,90.74,100,TGT
2025-11-28,9:45:19.944635154,T,90.65,100,90.74,100,TGT
2025-11-28,9:45:19.944640323,T,90.65,200,90.74,100,TGT
2025-11-28,9:45:19.944665075,T,90.65,100,90.74,100,TGT
2025-11-28,9:45:19.944665075,T,90.65,200,90.74,100,TGT
2025-11-28,9:45:19.944740305,T,90.66,100,90.74,100,TGT
2025-11-28,9:45:19.944765386,T,90.65,200,90.74,100,TGT
2025-11-28,9:45:19.944785423,T,90.65,200,90.74,200,TGT
2025-11-28,9:45:19.944790561,T,90.65,200,90.73,100,TGT
2025-11-28,9:45:19.944845518,T,90.65,300,90.73,100,TGT
2025-11-28,9:45:19.945747759,T,90.65,200,90.73,100,TGT
2025-11-28,9:45:19.949812360,T,90.67,100,90.73,100,TGT
2025-11-28,9:45:19.950559152,T,90.65,200,90.73,100,TGT
2025-11-28,9:45:19.951331019,T,90.67,100,90.73,100,TGT
2025-11-28,9:45:19.954844439,T,90.67,100,90.74,100,TGT
2025-11-28,9:45:19.965349416,T,90.65,100,90.74,100,TGT
2025-11-28,9:45:21.732258921,T,90.65,100,90.75,200,TGT
2025-11-28,9:45:23.009231160,T,90.65,100,90.8,100,TGT
2025-11-28,9:45:23.009236191,T,90.65,100,90.79,200,TGT
2025-11-28,9:45:23.190127098,T,90.65,100,90.79,300,TGT
2025-11-28,9:45:23.190152180,T,90.65,100,90.79,200,TGT
2025-11-28,9:45:24.978893701,T,90.67,100,90.79,200,TGT
2025-11-28,9:45:24.978913821,T,90.68,100,90.79,200,TGT
2025-11-28,9:45:24.978918854,T,90.67,100,90.79,200,TGT
2025-11-28,9:45:25.343266911,T,90.65,100,90.79,200,TGT
2025-11-28,9:45:26.319392349,T,90.65,100,90.71,100,TGT
2025-11-28,9:45:26.319392349,T,90.64,100,90.71,100,TGT
2025-11-28,9:45:26.319948696,T,90.64,100,90.76,100,TGT
2025-11-28,9:45:26.319963686,T,90.64,100,90.72,100,TGT
2025-11-28,9:45:26.569753780,T,90.64,200,90.72,100,TGT
2025-11-28,9:45:26.585140518,T,90.64,100,90.72,100,TGT
2025-11-28,9:45:31.789594760,T,90.65,100,90.72,100,TGT
2025-11-28,9:45:31.789724690,T,90.65,100,90.79,200,TGT
2025-11-28,9:45:31.789734803,T,90.7,100,90.79,200,TGT
2025-11-28,9:45:31.789739909,T,90.7,200,90.79,200,TGT
2025-11-28,9:45:31.789759855,T,90.7,300,90.79,200,TGT
2025-11-28,9:45:31.789774922,T,90.7,200,90.79,200,TGT
2025-11-28,9:45:31.789784834,T,90.7,300,90.79,200,TGT
2025-11-28,9:45:31.790291062,T,90.7,200,90.79,200,TGT
2025-11-28,9:45:31.790526622,T,90.7,200,90.79,300,TGT
2025-11-28,9:45:31.821911385,T,90.7,200,90.79,100,TGT
2025-11-28,9:45:31.821936430,T,90.7,200,90.8,100,TGT
2025-11-28,9:45:31.822031750,T,90.7,200,90.83,200,TGT
2025-11-28,9:45:31.822502852,T,90.7,100,90.83,200,TGT
2025-11-28,9:45:31.990939489,T,90.69,100,90.83,200,TGT
2025-11-28,9:45:33.877824819,T,90.7,100,90.83,200,TGT
2025-11-28,9:45:33.877824819,T,90.72,100,90.83,200,TGT
2025-11-28,9:45:33.877834540,T,90.73,100,90.83,200,TGT
2025-11-28,9:45:33.877845087,T,90.72,200,90.83,200,TGT
2025-11-28,9:45:33.878165316,T,90.73,100,90.83,200,TGT
2025-11-28,9:45:33.878450988,T,90.73,100,90.76,100,TGT
2025-11-28,9:45:33.878491079,T,90.72,200,90.76,100,TGT
2025-11-28,9:45:33.879007316,T,90.72,200,90.83,200,TGT
2025-11-28,9:45:33.879107544,T,90.72,100,90.83,200,TGT
2025-11-28,9:45:34.032693552,T,90.72,200,90.83,200,TGT
2025-11-28,9:45:34.032723657,T,90.72,100,90.83,200,TGT
2025-11-28,9:45:34.041273948,T,90.71,100,90.83,200,TGT
2025-11-28,9:45:34.082732809,T,90.7,100,90.83,200,TGT
2025-11-28,9:45:34.451616653,T,90.71,100,90.83,200,TGT
2025-11-28,9:45:34.903834002,T,90.7,100,90.83,200,TGT
2025-11-28,9:45:35.290029047,T,90.71,100,90.83,200,TGT
2025-11-28,9:45:36.200312661,T,90.7,100,90.83,200,TGT
2025-11-28,9:45:36.316509368,T,90.72,100,90.83,200,TGT
2025-11-28,9:45:37.913754678,T,90.7,100,90.83,200,TGT
2025-11-28,9:45:38.822028393,T,90.71,100,90.83,200,TGT
2025-11-28,9:45:39.220197003,T,90.7,100,90.83,200,TGT
2025-11-28,9:45:40.037724674,T,90.7,100,90.8,100,TGT
2025-11-28,9:45:40.037724674,T,90.7,100,90.78,100,TGT
2025-11-28,9:45:40.037744733,T,90.7,100,90.77,100,TGT
2025-11-28,9:45:40.037749717,T,90.69,100,90.77,100,TGT
2025-11-28,9:45:40.037834925,T,90.69,100,90.75,100,TGT
2025-11-28,9:45:40.037885074,T,90.65,100,90.75,100,TGT
2025-11-28,9:45:40.037910093,T,90.64,100,90.75,100,TGT
2025-11-28,9:45:40.037925179,T,90.64,100,90.75,200,TGT
2025-11-28,9:45:40.037930101,T,90.64,100,90.75,300,TGT
2025-11-28,9:45:40.038160638,T,90.64,100,90.74,100,TGT
2025-11-28,9:45:40.059767123,T,90.64,100,90.73,100,TGT
2025-11-28,9:45:40.060343503,T,90.64,100,90.71,100,TGT
2025-11-28,9:45:40.060899808,T,90.64,100,90.73,200,TGT
2025-11-28,9:45:40.061426070,T,90.64,100,90.73,100,TGT
2025-11-28,9:45:40.259974142,T,90.64,100,90.74,100,TGT
2025-11-28,9:45:40.311266269,T,90.63,100,90.74,100,TGT
2025-11-28,9:45:40.472725959,T,90.63,100,90.73,100,TGT
2025-11-28,9:45:41.013835145,T,90.63,100,90.74,100,TGT
2025-11-28,9:45:41.014582558,T,90.62,100,90.74,100,TGT
2025-11-28,9:45:41.014586964,T,90.62,100,90.73,100,TGT
2025-11-28,9:45:41.322711023,T,90.62,100,90.74,100,TGT
2025-11-28,9:45:41.322921458,T,90.62,100,90.73,100,TGT
2025-11-28,9:45:41.841958088,T,90.62,100,90.74,100,TGT
2025-11-28,9:45:44.208145482,T,90.63,100,90.74,100,TGT
2025-11-28,9:45:46.447570758,T,90.63,100,90.75,100,TGT
2025-11-28,9:45:46.447580697,T,90.64,100,90.75,100,TGT
2025-11-28,9:45:46.447605771,T,90.67,100,90.75,100,TGT
2025-11-28,9:45:46.447635850,T,90.68,100,90.75,100,TGT
2025-11-28,9:45:46.447716032,T,90.67,100,90.75,100,TGT
2025-11-28,9:45:46.447851320,T,90.67,100,90.74,100,TGT
2025-11-28,9:45:46.447966595,T,90.64,100,90.74,100,TGT
2025-11-28,9:45:46.449410092,T,90.64,100,90.72,100,TGT
2025-11-28,9:45:46.454632480,T,90.63,100,90.72,100,TGT
2025-11-28,9:45:46.496832997,T,90.64,100,90.72,100,TGT
2025-11-28,9:45:47.235592995,T,90.63,100,90.72,100,TGT
2025-11-28,9:45:47.235648029,T,90.63,100,90.74,100,TGT
2025-11-28,9:45:47.886187872,T,90.68,100,90.74,100,TGT
2025-11-28,9:45:55.773287891,T,90.68,100,90.75,100,TGT
2025-11-28,9:45:55.773302893,T,90.71,100,90.75,100,TGT
2025-11-28,9:45:55.773328004,T,90.71,100,90.77,100,TGT
2025-11-28,9:45:55.773348000,T,90.71,200,90.77,100,TGT
2025-11-28,9:45:55.773418163,T,90.72,100,90.77,100,TGT
2025-11-28,9:45:55.773688868,T,90.71,100,90.77,100,TGT
2025-11-28,9:45:55.773713919,T,90.71,100,90.75,100,TGT
2025-11-28,9:45:55.773718977,T,90.68,100,90.75,100,TGT
2025-11-28,9:45:55.773739014,T,90.68,100,90.74,100,TGT
2025-11-28,9:45:55.773748964,T,90.68,100,90.74,200,TGT
2025-11-28,9:45:55.774896722,T,90.68,100,90.73,100,TGT
2025-11-28,9:45:55.774946846,T,90.68,100,90.73,200,TGT
2025-11-28,9:46:04.882730223,T,90.68,100,90.73,100,TGT
2025-11-28,9:46:04.882760244,T,90.68,100,90.72,100,TGT
2025-11-28,9:46:04.882785315,T,90.68,100,90.72,200,TGT
2025-11-28,9:46:05.352714895,T,90.68,100,90.72,400,TGT
2025-11-28,9:46:05.754852983,T,90.68,100,90.72,300,TGT
2025-11-28,9:46:05.754852983,T,90.68,100,90.72,200,TGT
2025-11-28,9:46:05.754857919,T,90.68,100,90.77,100,TGT
2025-11-28,9:46:05.754862998,T,90.68,100,90.8,100,TGT
2025-11-28,9:46:05.754883014,T,90.71,100,90.8,100,TGT
2025-11-28,9:46:05.756251338,T,90.7,100,90.8,100,TGT
2025-11-28,9:46:05.759854866,T,90.7,100,90.83,300,TGT
2025-11-28,9:46:05.776669935,T,90.7,100,90.79,100,TGT
2025-11-28,9:46:05.855497697,T,90.69,100,90.79,100,TGT
2025-11-28,9:46:05.856620408,T,90.69,100,90.8,100,TGT
2025-11-28,9:46:05.856650439,T,90.69,100,90.83,300,TGT
2025-11-28,9:46:05.856951210,T,90.69,100,90.79,100,TGT
2025-11-28,9:46:05.955601250,T,90.68,100,90.79,100,TGT
2025-11-28,9:46:06.066921425,T,90.68,100,90.83,300,TGT
2025-11-28,9:46:06.067442698,T,90.68,100,90.79,100,TGT
2025-11-28,9:46:07.485967245,T,90.68,100,90.83,300,TGT
2025-11-28,9:46:07.485977252,T,90.68,100,90.79,100,TGT
2025-11-28,9:46:08.917632954,T,90.67,100,90.79,100,TGT
2025-11-28,9:46:08.917668054,T,90.72,200,90.79,100,TGT
2025-11-28,9:46:10.847069539,T,90.72,200,90.79,200,TGT
2025-11-28,9:46:12.122924083,T,90.72,200,90.79,100,TGT
2025-11-28,9:46:12.122944778,T,90.72,300,90.79,100,TGT
2025-11-28,9:46:12.122944778,T,90.74,100,90.79,100,TGT
2025-11-28,9:46:12.122989304,T,90.74,200,90.79,100,TGT
2025-11-28,9:46:12.123069459,T,90.74,200,90.83,200,TGT
2025-11-28,9:46:12.123089474,T,90.76,100,90.83,200,TGT
2025-11-28,9:46:12.123089474,T,90.77,100,90.83,200,TGT
2025-11-28,9:46:12.123119555,T,90.77,200,90.83,200,TGT
2025-11-28,9:46:12.123325207,T,90.77,100,90.83,200,TGT
2025-11-28,9:46:12.123330009,T,90.76,100,90.83,200,TGT
2025-11-28,9:46:12.123355143,T,90.76,100,90.79,100,TGT
2025-11-28,9:46:12.123360075,T,90.74,200,90.79,100,TGT
2025-11-28,9:46:12.123360075,T,90.76,100,90.79,100,TGT
2025-11-28,9:46:12.123370235,T,90.74,200,90.79,100,TGT
2025-11-28,9:46:12.123370235,T,90.74,100,90.79,100,TGT
2025-11-28,9:46:12.123375196,T,90.74,200,90.79,100,TGT
2025-11-28,9:46:12.123385333,T,90.74,100,90.79,100,TGT
2025-11-28,9:46:12.123420497,T,90.74,100,90.77,100,TGT
2025-11-28,9:46:12.123490469,T,90.74,100,90.77,200,TGT
2025-11-28,9:46:12.124457760,T,90.74,100,90.77,100,TGT
2025-11-28,9:46:12.124487801,T,90.73,100,90.77,100,TGT
2025-11-28,9:46:12.143232514,T,90.72,300,90.77,100,TGT
2025-11-28,9:46:12.143252548,T,90.72,200,90.77,100,TGT
2025-11-28,9:46:14.143392726,T,90.72,300,90.77,100,TGT
2025-11-28,9:46:14.143392726,T,90.74,100,90.77,100,TGT
2025-11-28,9:46:14.144490326,T,90.73,100,90.77,100,TGT
2025-11-28,9:46:14.153852618,T,90.72,300,90.77,100,TGT
2025-11-28,9:46:14.853283914,T,90.72,200,90.77,100,TGT
2025-11-28,9:46:17.138788778,T,90.72,200,90.83,200,TGT
2025-11-28,9:46:17.138808795,T,90.72,300,90.83,200,TGT
2025-11-28,9:46:17.138813808,T,90.74,100,90.83,200,TGT
2025-11-28,9:46:17.147063464,T,90.74,100,90.86,100,TGT
2025-11-28,9:46:17.338950695,T,90.72,200,90.86,100,TGT
2025-11-28,9:46:17.763933117,T,90.71,100,90.86,100,TGT
2025-11-28,9:46:17.763968203,T,90.75,200,90.86,100,TGT
2025-11-28,9:46:21.060557207,T,90.72,100,90.86,100,TGT
2025-11-28,9:46:23.318200677,T,90.72,100,90.85,100,TGT
2025-11-28,9:46:23.388247571,T,90.73,100,90.85,100,TGT
2025-11-28,9:46:23.429330340,T,90.73,100,90.86,100,TGT
2025-11-28,9:46:23.597300829,T,90.73,100,90.85,200,TGT
2025-11-28,9:46:23.745859516,T,90.76,100,90.85,200,TGT
2025-11-28,9:46:23.745864458,T,90.79,100,90.85,200,TGT
2025-11-28,9:46:23.745869589,T,90.81,100,90.85,200,TGT
2025-11-28,9:46:23.746425855,T,90.77,100,90.85,200,TGT
2025-11-28,9:46:23.790385661,T,90.8,100,90.85,200,TGT
2025-11-28,9:46:23.790385661,T,90.82,100,90.85,200,TGT
2025-11-28,9:46:23.797467432,T,90.81,100,90.85,200,TGT
2025-11-28,9:46:23.797923540,T,90.76,100,90.85,200,TGT
2025-11-28,9:46:23.798304349,T,90.81,100,90.85,200,TGT
2025-11-28,9:46:23.798665346,T,90.76,100,90.85,200,TGT
2025-11-28,9:46:23.799081239,T,90.81,100,90.85,200,TGT
2025-11-28,9:46:23.799422041,T,90.76,100,90.85,200,TGT
2025-11-28,9:46:23.799878182,T,90.81,100,90.85,200,TGT
2025-11-28,9:46:23.800655025,T,90.76,100,90.85,200,TGT
2025-11-28,9:46:23.800675012,T,90.73,100,90.85,200,TGT
2025-11-28,9:46:23.801411788,T,90.73,100,90.85,300,TGT
2025-11-28,9:46:23.928484533,T,90.78,100,90.85,300,TGT
2025-11-28,9:46:23.928514543,T,90.8,100,90.85,300,TGT
2025-11-28,9:46:23.928514543,T,90.8,100,90.85,200,TGT
2025-11-28,9:46:24.062318398,T,90.77,100,90.85,200,TGT
2025-11-28,9:46:24.062689213,T,90.73,100,90.85,200,TGT
2025-11-28,9:46:24.375193802,T,90.72,100,90.85,200,TGT
2025-11-28,9:46:24.468140223,T,90.73,100,90.85,200,TGT
2025-11-28,9:46:24.538061839,T,90.76,100,90.85,200,TGT
2025-11-28,9:46:24.634687011,T,90.8,100,90.85,200,TGT
2025-11-28,9:46:24.634737151,T,90.76,100,90.85,200,TGT
2025-11-28,9:46:24.654754863,T,90.73,100,90.85,200,TGT
2025-11-28,9:46:24.756998419,T,90.73,100,90.86,100,TGT
2025-11-28,9:46:24.757013729,T,90.83,100,90.86,100,TGT
2025-11-28,9:46:24.757018488,T,90.83,200,90.86,100,TGT
