DATE,TIME_M,EX,BID,BIDSIZ,ASK,ASKSIZ,SYM_ROOT
2025-11-04,9:30:00.326871249,T,90.5,200,91.31,200,TGT
2025-11-04,9:30:00.336865006,T,90.5,100,91.31,200,TGT
2025-11-04,9:30:01.545263900,T,90.5,200,91.31,200,TGT
2025-11-04,9:30:01.791320109,T,90.57,100,91.31,200,TGT
2025-11-04,9:30:01.791370206,T,90.5,200,91.31,200,TGT
2025-11-04,9:30:25.399142118,T,90.5,200,90.99,100,TGT
2025-11-04,9:30:25.406274159,T,90.5,100,90.99,100,TGT
2025-11-04,9:30:25.406274159,T,90.5,200,90.99,100,TGT
2025-11-04,9:30:25.414759317,T,90.5,100,90.99,100,TGT
2025-11-04,9:30:25.414764329,T,90.5,200,90.99,100,TGT
2025-11-04,9:30:25.982481898,T,90.5,200,91.31,200,TGT
2025-11-04,9:30:25.982507354,T,90.57,100,91.31,200,TGT
2025-11-04,9:30:25.982526980,T,90.5,200,91.31,200,TGT
2025-11-04,9:30:26.489980981,T,90.5,200,91.3,100,TGT
2025-11-04,9:30:30.277970440,T,90.57,100,91.3,100,TGT
2025-11-04,9:30:30.277975402,T,90.82,100,91.3,100,TGT
2025-11-04,9:30:30.278030572,T,90.58,100,91.3,100,TGT
2025-11-04,9:30:30.278140821,T,90.5,200,91.3,100,TGT
2025-11-04,9:30:30.278140821,T,90.58,100,91.3,100,TGT
2025-11-04,9:30:30.278486642,T,90.82,100,91.3,100,TGT
2025-11-04,9:30:30.279002837,T,90.57,100,91.3,100,TGT
2025-11-04,9:30:30.282962323,T,90.5,200,91.3,100,TGT
2025-11-04,9:30:32.547191559,T,90.5,100,91.3,100,TGT
2025-11-04,9:30:32.547216696,T,90.5,200,91.3,100,TGT
2025-11-04,9:30:42.518817219,T,90.57,100,91.3,100,TGT
2025-11-04,9:30:42.518862390,T,90.5,200,91.3,100,TGT
2025-11-04,9:30:42.518862390,T,90.57,100,91.3,100,TGT
2025-11-04,9:30:42.518887410,T,90.91,100,91.3,100,TGT
2025-11-04,9:30:42.519047806,T,90.57,100,91.3,100,TGT
2025-11-04,9:30:44.764261674,T,90.5,200,91.3,100,TGT
2025-11-04,9:30:44.764261674,T,90.57,100,91.3,100,TGT
2025-11-04,9:30:46.284287960,T,90.5,200,91.3,100,TGT
2025-11-04,9:30:46.284287960,T,90.57,100,91.3,100,TGT
2025-11-04,9:30:58.925579182,T,90.68,100,91.3,100,TGT
2025-11-04,9:30:58.925624231,T,90.57,100,91.3,100,TGT
2025-11-04,9:30:58.961189021,T,90.5,200,91.3,100,TGT
2025-11-04,9:30:58.961193979,T,90.57,100,91.3,100,TGT
2025-11-04,9:31:01.956515234,T,90.98,200,91.3,100,TGT
2025-11-04,9:31:02.336079435,T,90.98,200,91.3,200,TGT
2025-11-04,9:31:03.059793540,T,90.99,100,91.3,200,TGT
2025-11-04,9:31:11.040185612,T,91.04,200,91.3,200,TGT
2025-11-04,9:31:28.078647147,T,91.04,200,91.3,100,TGT
2025-11-04,9:31:28.101626946,T,91.04,200,91.19,200,TGT
2025-11-04,9:31:28.103747002,T,90.99,100,91.19,200,TGT
2025-11-04,9:32:01.880465951,T,90.99,100,91.1,100,TGT
2025-11-04,9:32:01.880480840,T,90.94,200,91.1,100,TGT
2025-11-04,9:32:01.882941568,T,90.57,100,91.1,100,TGT
2025-11-04,9:32:01.882946554,T,90.84,200,91.1,100,TGT
2025-11-04,9:32:01.980473852,T,90.84,200,91.18,100,TGT
2025-11-04,9:32:01.980479162,T,90.84,200,91.19,200,TGT
2025-11-04,9:32:02.026243007,T,90.84,200,91.19,300,TGT
2025-11-04,9:32:08.765703610,T,90.84,300,91.19,300,TGT
2025-11-04,9:32:13.973259670,T,90.84,100,91.19,300,TGT
2025-11-04,9:32:33.934724936,T,90.84,100,91.11,100,TGT
2025-11-04,9:32:33.945079608,T,90.84,100,91.19,300,TGT
2025-11-04,9:32:46.617680403,T,90.84,100,91.18,100,TGT
2025-11-04,9:32:47.117691666,T,90.84,100,91.19,100,TGT
2025-11-04,9:32:47.650230392,T,90.84,100,91.18,100,TGT
2025-11-04,9:32:48.150231528,T,90.84,100,91.19,100,TGT
2025-11-04,9:32:48.150557325,T,90.84,100,91.18,100,TGT
2025-11-04,9:32:48.384028567,T,90.84,100,91.18,200,TGT
2025-11-04,9:32:48.390759612,T,90.84,100,91.02,100,TGT
2025-11-04,9:32:48.390804673,T,90.84,200,91.02,100,TGT
2025-11-04,9:32:48.390844777,T,90.84,100,91.02,100,TGT
2025-11-04,9:32:48.396463128,T,90.84,100,91.18,100,TGT
2025-11-04,9:32:48.651641068,T,90.84,100,91.19,100,TGT
2025-11-04,9:32:48.652006889,T,90.84,100,91.18,100,TGT
2025-11-04,9:32:50.283363270,T,90.84,100,91.18,200,TGT
2025-11-04,9:32:50.284240308,T,90.84,100,91.18,100,TGT
2025-11-04,9:33:01.496477103,T,90.84,100,91.18,100,TGT
2025-11-04,9:33:01.506696391,T,90.84,100,91.18,200,TGT
2025-11-04,9:33:01.514755583,T,90.84,100,90.94,100,TGT
2025-11-04,9:33:01.517336825,T,90.67,200,90.94,100,TGT
2025-11-04,9:33:01.517381950,T,90.67,200,90.88,100,TGT
2025-11-04,9:33:01.517406992,T,90.67,300,90.88,100,TGT
2025-11-04,9:33:01.517612432,T,90.72,400,90.88,100,TGT
2025-11-04,9:33:01.517632437,T,90.72,500,90.88,100,TGT
2025-11-04,9:33:01.517652505,T,90.72,100,90.88,100,TGT
2025-11-04,9:33:01.517672626,T,90.84,400,90.88,100,TGT
2025-11-04,9:33:01.517702694,T,90.84,400,90.94,100,TGT
2025-11-04,9:33:01.517722667,T,90.72,100,90.94,100,TGT
2025-11-04,9:33:01.517727668,T,90.84,100,90.94,100,TGT
2025-11-04,9:33:01.517747733,T,90.88,400,90.94,100,TGT
2025-11-04,9:33:01.517783026,T,90.88,200,90.94,100,TGT
2025-11-04,9:33:01.517787808,T,90.86,300,90.94,100,TGT
2025-11-04,9:33:01.517803266,T,90.82,100,90.94,100,TGT
2025-11-04,9:33:01.517807909,T,90.67,200,90.94,100,TGT
2025-11-04,9:33:01.517812929,T,90.88,300,90.94,100,TGT
2025-11-04,9:33:01.517822923,T,90.67,200,90.94,100,TGT
2025-11-04,9:33:01.518078584,T,90.67,200,90.88,100,TGT
2025-11-04,9:33:01.518168745,T,90.67,200,90.94,100,TGT
2025-11-04,9:33:01.518614824,T,90.67,300,90.94,100,TGT
2025-11-04,9:33:01.518730044,T,90.67,200,90.94,100,TGT
2025-11-04,9:33:01.518740083,T,90.71,100,90.94,100,TGT
2025-11-04,9:33:01.518965649,T,90.67,200,90.94,100,TGT
2025-11-04,9:33:01.521386705,T,90.67,300,90.94,100,TGT
2025-11-04,9:33:01.521391437,T,90.67,200,90.94,100,TGT
2025-11-04,9:33:01.521391437,T,90.67,300,90.94,100,TGT
2025-11-04,9:33:01.523606677,T,90.75,100,90.94,100,TGT
2025-11-04,9:33:01.523626725,T,90.76,100,90.94,100,TGT
2025-11-04,9:33:01.523646861,T,90.77,100,90.94,100,TGT
2025-11-04,9:33:01.523656861,T,90.81,100,90.94,100,TGT
2025-11-04,9:33:01.523656861,T,90.77,100,90.94,100,TGT
2025-11-04,9:33:01.524654174,T,90.76,100,90.94,100,TGT
2025-11-04,9:33:01.527345573,T,90.82,100,90.94,100,TGT
2025-11-04,9:33:01.527781632,T,90.76,100,90.94,100,TGT
2025-11-04,9:33:01.527952030,T,90.84,100,90.94,100,TGT
2025-11-04,9:33:01.528002145,T,90.84,100,91.09,100,TGT
2025-11-04,9:33:01.528052353,T,90.84,200,91.09,100,TGT
2025-11-04,9:33:01.528062339,T,90.84,200,91.0,400,TGT
2025-11-04,9:33:01.528062339,T,90.84,100,91.0,400,TGT
2025-11-04,9:33:01.528077736,T,90.88,100,91.0,400,TGT
2025-11-04,9:33:01.528087401,T,90.87,100,91.0,400,TGT
2025-11-04,9:33:01.528132497,T,90.84,100,91.0,400,TGT
2025-11-04,9:33:01.528222669,T,90.9,100,91.0,400,TGT
2025-11-04,9:33:01.528388072,T,90.9,100,91.0,600,TGT
2025-11-04,9:33:01.528473262,T,90.9,100,91.0,700,TGT
2025-11-04,9:33:01.528543460,T,90.9,100,91.0,300,TGT
2025-11-04,9:33:01.528543460,T,90.84,100,91.0,300,TGT
2025-11-04,9:33:01.528543460,T,90.84,100,91.0,100,TGT
2025-11-04,9:33:01.528548435,T,90.84,100,91.09,100,TGT
2025-11-04,9:33:01.528568494,T,90.84,200,91.09,100,TGT
2025-11-04,9:33:01.528573565,T,90.84,200,90.94,700,TGT
2025-11-04,9:33:01.528593801,T,90.84,100,90.94,700,TGT
2025-11-04,9:33:01.528593801,T,90.9,100,90.94,700,TGT
2025-11-04,9:33:01.528598640,T,90.9,100,90.94,400,TGT
2025-11-04,9:33:01.528603651,T,90.84,100,90.94,400,TGT
2025-11-04,9:33:01.528628645,T,90.84,100,91.09,100,TGT
2025-11-04,9:33:01.528633641,T,90.84,200,91.09,100,TGT
2025-11-04,9:33:01.528649017,T,90.9,100,91.09,100,TGT
2025-11-04,9:33:01.528683764,T,90.84,100,91.09,100,TGT
2025-11-04,9:33:01.528683764,T,90.84,200,91.09,100,TGT
2025-11-04,9:33:01.528688882,T,90.9,100,91.09,100,TGT
2025-11-04,9:33:01.528688882,T,90.92,100,91.09,100,TGT
2025-11-04,9:33:01.528779204,T,90.9,100,91.09,100,TGT
2025-11-04,9:33:01.528784025,T,90.84,100,91.09,100,TGT
2025-11-04,9:33:01.529014591,T,90.84,100,91.0,100,TGT
2025-11-04,9:33:01.529029693,T,90.9,100,91.0,100,TGT
2025-11-04,9:33:01.529054708,T,90.84,100,91.0,100,TGT
2025-11-04,9:33:01.529200241,T,90.84,100,91.0,200,TGT
2025-11-04,9:33:01.529215082,T,90.84,100,91.0,300,TGT
2025-11-04,9:33:01.529225091,T,90.9,100,91.0,300,TGT
2025-11-04,9:33:01.529255142,T,90.84,100,91.0,300,TGT
2025-11-04,9:33:01.529405543,T,90.84,100,91.0,400,TGT
2025-11-04,9:33:01.529731267,T,90.84,100,91.0,300,TGT
2025-11-04,9:33:01.529736294,T,90.84,100,90.98,100,TGT
2025-11-04,9:33:01.529776406,T,90.84,100,90.98,400,TGT
2025-11-04,9:33:01.530728688,T,90.84,100,90.98,300,TGT
2025-11-04,9:33:01.530728688,T,90.84,100,90.98,200,TGT
2025-11-04,9:33:01.530733733,T,90.84,100,91.09,100,TGT
2025-11-04,9:33:01.539855440,T,90.84,100,91.17,100,TGT
2025-11-04,9:33:01.553121989,T,90.84,100,91.18,200,TGT
2025-11-04,9:33:01.553142048,T,90.97,100,91.18,200,TGT
2025-11-04,9:33:01.553162080,T,91.04,100,91.18,200,TGT
2025-11-04,9:33:01.553282368,T,91.04,100,91.18,100,TGT
2025-11-04,9:33:01.553307455,T,91.04,200,91.18,100,TGT
2025-11-04,9:33:01.553332546,T,91.04,100,91.18,100,TGT
2025-11-04,9:33:01.563191032,T,90.98,100,91.18,100,TGT
2025-11-04,9:33:01.563191032,T,90.98,100,91.18,200,TGT
2025-11-04,9:33:01.563226137,T,90.98,100,91.18,100,TGT
2025-11-04,9:33:01.563266146,T,90.98,200,91.18,100,TGT
2025-11-04,9:33:01.591653828,T,90.98,200,91.18,200,TGT
2025-11-04,9:33:01.591678886,T,90.84,100,91.18,200,TGT
2025-11-04,9:33:01.594505603,T,90.88,100,91.18,200,TGT
2025-11-04,9:33:01.634846700,T,90.88,100,91.17,500,TGT
2025-11-04,9:33:01.669825071,T,90.84,100,91.17,500,TGT
2025-11-04,9:33:03.115890130,T,90.86,200,91.17,500,TGT
2025-11-04,9:33:03.134614662,T,90.86,200,91.16,100,TGT
2025-11-04,9:33:03.135767431,T,90.84,100,91.16,100,TGT
2025-11-04,9:33:03.142764115,T,90.84,100,91.06,100,TGT
2025-11-04,9:33:03.142874335,T,90.84,100,91.17,500,TGT
2025-11-04,9:33:03.143190172,T,90.84,100,91.16,100,TGT
2025-11-04,9:33:03.143205129,T,90.84,100,91.15,100,TGT
2025-11-04,9:33:03.143230265,T,90.84,100,91.14,100,TGT
2025-11-04,9:33:03.144984622,T,90.84,100,91.15,100,TGT
2025-11-04,9:33:03.144984622,T,90.84,100,91.17,500,TGT
2025-11-04,9:33:04.968754304,T,90.72,200,91.17,500,TGT
2025-11-04,9:33:04.968774437,T,90.72,200,90.97,100,TGT
2025-11-04,9:33:04.969025011,T,90.72,200,90.97,200,TGT
2025-11-04,9:33:04.969050084,T,90.72,200,90.96,100,TGT
2025-11-04,9:33:04.969115223,T,90.72,200,90.95,100,TGT
2025-11-04,9:33:04.969115223,T,90.72,200,90.96,100,TGT
2025-11-04,9:33:04.969150300,T,90.72,200,90.94,100,TGT
2025-11-04,9:33:04.969962209,T,90.5,1500,90.94,100,TGT
2025-11-04,9:33:04.969967186,T,90.63,200,90.94,100,TGT
2025-11-04,9:33:04.970217839,T,90.63,200,90.96,100,TGT
2025-11-04,9:33:04.970233228,T,90.8,100,90.96,100,TGT
2025-11-04,9:33:04.970293329,T,90.8,100,90.94,100,TGT
2025-11-04,9:33:04.970323082,T,90.63,200,90.94,100,TGT
2025-11-04,9:33:04.970358326,T,90.63,200,90.93,100,TGT
2025-11-04,9:33:04.970363212,T,90.63,200,90.94,100,TGT
2025-11-04,9:33:04.972322833,T,90.63,200,90.96,100,TGT
2025-11-04,9:33:04.972583506,T,90.63,200,90.94,100,TGT
2025-11-04,9:33:04.972793938,T,90.63,200,90.93,100,TGT
2025-11-04,9:33:04.972803982,T,90.63,200,90.94,100,TGT
2025-11-04,9:33:04.972979542,T,90.63,200,90.93,100,TGT
2025-11-04,9:33:04.974573215,T,90.63,200,90.89,100,TGT
2025-11-04,9:33:04.974944144,T,90.68,100,90.89,100,TGT
2025-11-04,9:33:04.975550530,T,90.68,100,90.93,100,TGT
2025-11-04,9:33:04.975625743,T,90.68,100,90.94,100,TGT
2025-11-04,9:33:04.975791145,T,90.68,100,90.93,100,TGT
2025-11-04,9:33:04.975831155,T,90.68,100,90.94,100,TGT
2025-11-04,9:33:04.975866404,T,90.68,100,90.96,100,TGT
2025-11-04,9:33:04.975921552,T,90.68,100,90.93,100,TGT
2025-11-04,9:33:04.975956523,T,90.68,100,90.96,100,TGT
2025-11-04,9:33:04.976051978,T,90.68,100,90.93,100,TGT
2025-11-04,9:33:04.976136900,T,90.68,100,90.96,100,TGT
2025-11-04,9:33:04.976648119,T,90.68,100,90.94,100,TGT
2025-11-04,9:33:04.976648119,T,90.68,100,90.93,100,TGT
2025-11-04,9:33:04.984206204,T,90.68,100,90.94,100,TGT
2025-11-04,9:33:04.985845036,T,90.63,200,90.94,100,TGT
2025-11-04,9:33:04.986651951,T,90.63,200,90.97,200,TGT
2025-11-04,9:33:04.989027596,T,90.63,200,90.97,100,TGT
2025-11-04,9:33:04.990075190,T,90.7,100,90.97,100,TGT
2025-11-04,9:33:04.990090187,T,90.7,200,90.97,100,TGT
2025-11-04,9:33:04.990496130,T,90.7,300,90.97,100,TGT
2025-11-04,9:33:05.061750832,T,90.7,200,90.97,100,TGT
2025-11-04,9:33:05.061755847,T,90.7,100,90.97,100,TGT
2025-11-04,9:33:05.061780985,T,90.71,200,90.97,100,TGT
2025-11-04,9:33:05.063089026,T,90.71,300,90.97,100,TGT
2025-11-04,9:33:05.068782697,T,90.71,300,91.16,100,TGT
2025-11-04,9:33:05.070306314,T,90.71,300,91.17,500,TGT
2025-11-04,9:33:05.071489124,T,90.71,300,91.15,100,TGT
2025-11-04,9:33:05.168941284,T,90.71,300,91.16,100,TGT
2025-11-04,9:33:05.168966281,T,90.71,300,91.17,600,TGT
2025-11-04,9:33:05.169126711,T,90.71,300,91.17,500,TGT
2025-11-04,9:33:05.406572373,T,90.74,100,91.17,500,TGT
2025-11-04,9:33:05.406617693,T,90.74,300,91.17,500,TGT
2025-11-04,9:33:05.406792907,T,90.74,400,91.17,500,TGT
2025-11-04,9:33:05.407564755,T,90.74,500,91.17,500,TGT
2025-11-04,9:33:05.411990325,T,90.75,200,91.17,500,TGT
2025-11-04,9:33:05.412030334,T,90.75,400,91.17,500,TGT
2025-11-04,9:33:05.421718422,T,90.75,500,91.17,500,TGT
2025-11-04,9:33:05.423146852,T,90.75,500,91.16,100,TGT
2025-11-04,9:33:05.423156885,T,90.75,500,91.1,100,TGT
2025-11-04,9:33:05.423192008,T,90.75,500,91.1,200,TGT
2025-11-04,9:33:05.423798363,T,90.75,300,91.1,200,TGT
2025-11-04,9:33:05.423823465,T,90.8,200,91.1,200,TGT
2025-11-04,9:33:05.434769583,T,90.8,200,91.09,100,TGT
2025-11-04,9:33:05.434854774,T,90.8,200,91.1,200,TGT
2025-11-04,9:33:05.434909876,T,90.8,200,91.1,100,TGT
2025-11-04,9:33:05.434914852,T,90.8,200,91.1,200,TGT
2025-11-04,9:33:05.435040189,T,90.8,200,91.09,100,TGT
2025-11-04,9:33:05.435070285,T,90.8,200,91.08,100,TGT
2025-11-04,9:33:05.435220582,T,90.8,200,91.01,100,TGT
2025-11-04,9:33:05.435446127,T,90.8,200,91.08,100,TGT
2025-11-04,9:33:06.001489668,T,90.8,200,91.01,100,TGT
2025-11-04,9:33:08.433493556,T,90.75,200,91.01,100,TGT
2025-11-04,9:33:08.433513592,T,90.81,200,91.01,100,TGT
2025-11-04,9:33:11.123517124,T,90.75,200,91.01,100,TGT
2025-11-04,9:33:11.123542222,T,90.86,200,91.01,100,TGT
2025-11-04,9:33:11.681611720,T,90.75,300,91.01,100,TGT
2025-11-04,9:33:11.681631745,T,90.91,200,91.01,100,TGT
2025-11-04,9:33:11.796866373,T,90.75,200,91.01,100,TGT
2025-11-04,9:33:11.796886461,T,90.75,200,90.93,100,TGT
2025-11-04,9:33:11.797903789,T,90.57,100,90.93,100,TGT
2025-11-04,9:33:11.797913850,T,90.67,200,90.93,100,TGT
2025-11-04,9:33:11.798169432,T,90.67,200,90.99,100,TGT
2025-11-04,9:33:11.798189451,T,90.67,200,91.0,100,TGT
2025-11-04,9:33:11.798239591,T,90.67,200,91.01,100,TGT
2025-11-04,9:33:11.798720783,T,90.67,200,91.0,100,TGT
2025-11-04,9:33:11.798755800,T,90.67,200,91.01,100,TGT
2025-11-04,9:33:11.807526750,T,90.83,200,91.01,100,TGT
2025-11-04,9:33:12.848747266,T,90.83,200,91.17,500,TGT
2025-11-04,9:33:12.916273189,T,90.83,200,91.01,100,TGT
2025-11-04,9:33:12.916303256,T,90.83,200,91.1,100,TGT
2025-11-04,9:33:12.916333274,T,90.83,200,91.17,500,TGT
2025-11-04,9:33:13.924610346,T,90.83,200,91.1,100,TGT
2025-11-04,9:33:14.826458845,T,90.83,200,91.17,500,TGT
2025-11-04,9:33:14.847980061,T,90.83,200,91.01,100,TGT
2025-11-04,9:33:15.124574112,T,90.83,200,91.17,500,TGT
2025-11-04,9:33:15.610361401,T,90.83,200,91.01,100,TGT
2025-11-04,9:33:15.804072906,T,90.71,100,91.01,100,TGT
2025-11-04,9:33:15.804077851,T,90.7,100,91.01,100,TGT
2025-11-04,9:33:15.804077851,T,90.67,200,91.01,100,TGT
2025-11-04,9:33:15.804097895,T,90.67,200,90.87,100,TGT
2025-11-04,9:33:15.804132982,T,90.67,200,90.87,200,TGT
2025-11-04,9:33:15.805441185,T,90.67,200,90.87,100,TGT
2025-11-04,9:33:15.805466215,T,90.67,200,90.91,100,TGT
2025-11-04,9:33:15.811816289,T,90.67,200,90.85,100,TGT
2025-11-04,9:33:15.830736435,T,90.5,1500,90.85,100,TGT
2025-11-04,9:33:15.830746471,T,90.58,200,90.85,100,TGT
2025-11-04,9:33:16.804341027,T,90.58,200,90.9,100,TGT
2025-11-04,9:33:16.922452340,T,90.58,200,90.85,100,TGT
2025-11-04,9:33:16.963695574,T,90.58,200,90.85,200,TGT
2025-11-04,9:33:16.963695574,T,90.58,200,90.84,100,TGT
2025-11-04,9:33:16.963695574,T,90.58,200,90.83,100,TGT
2025-11-04,9:33:16.963715818,T,90.58,200,90.77,100,TGT
2025-11-04,9:33:16.964066623,T,90.58,200,90.73,100,TGT
2025-11-04,9:33:16.964933573,T,90.5,1500,90.73,100,TGT
2025-11-04,9:33:17.213921678,T,90.5,1400,90.73,100,TGT
2025-11-04,9:33:17.213956775,T,90.5,1400,90.72,100,TGT
2025-11-04,9:33:17.213976796,T,90.5,1400,90.67,100,TGT
2025-11-04,9:33:17.214623445,T,90.5,1500,90.67,100,TGT
2025-11-04,9:33:18.782052471,T,90.5,1500,90.9,100,TGT
2025-11-04,9:33:18.865060303,T,90.5,1500,90.67,100,TGT
2025-11-04,9:33:19.071271481,T,90.5,1500,90.9,100,TGT
2025-11-04,9:33:19.075316177,T,90.56,100,90.9,100,TGT
2025-11-04,9:33:19.075376255,T,90.57,100,90.9,100,TGT
2025-11-04,9:33:19.075421371,T,90.5,1500,90.9,100,TGT
2025-11-04,9:33:19.075586815,T,90.51,100,90.9,100,TGT
2025-11-04,9:33:19.075757190,T,90.5,1500,90.9,100,TGT
2025-11-04,9:33:19.708549772,T,90.55,300,90.9,100,TGT
2025-11-04,9:33:20.719332743,T,90.55,300,90.9,200,TGT
2025-11-04,9:33:20.719337835,T,90.55,300,90.89,100,TGT
2025-11-04,9:33:20.719337835,T,90.55,300,90.84,100,TGT
2025-11-04,9:33:20.719347805,T,90.55,300,90.81,100,TGT
2025-11-04,9:33:20.719362839,T,90.55,300,90.84,200,TGT
2025-11-04,9:33:20.719382963,T,90.55,300,90.73,100,TGT
2025-11-04,9:33:20.726394647,T,90.55,300,90.84,200,TGT
2025-11-04,9:33:20.726424647,T,90.55,300,90.84,100,TGT
2025-11-04,9:33:20.759428323,T,90.55,300,90.88,100,TGT
2025-11-04,9:33:20.759448361,T,90.55,300,90.9,200,TGT
2025-11-04,9:33:20.759493484,T,90.55,300,90.9,100,TGT
2025-11-04,9:33:22.756155240,T,90.55,300,90.9,200,TGT
2025-11-04,9:33:22.756175341,T,90.55,300,90.83,100,TGT
2025-11-04,9:33:22.911721220,T,90.57,100,90.83,100,TGT
2025-11-04,9:33:23.574815591,T,90.55,300,90.83,100,TGT
2025-11-04,9:33:23.575241997,T,90.55,300,90.68,100,TGT
2025-11-04,9:33:23.575256674,T,90.5,1400,90.68,100,TGT
2025-11-04,9:33:23.575276892,T,90.5,1400,90.58,100,TGT
2025-11-04,9:33:23.575386976,T,90.5,1400,90.61,100,TGT
2025-11-04,9:33:23.575412047,T,90.5,1500,90.61,100,TGT
2025-11-04,9:33:23.575427123,T,90.54,100,90.61,100,TGT
2025-11-04,9:33:23.575923298,T,90.5,1400,90.61,100,TGT
2025-11-04,9:33:23.575998412,T,90.5,1500,90.61,100,TGT
2025-11-04,9:33:23.576088700,T,90.5,1400,90.61,100,TGT
2025-11-04,9:33:23.576103675,T,90.5,1400,90.61,200,TGT
2025-11-04,9:33:23.576108925,T,90.5,1400,90.6,100,TGT
2025-11-04,9:33:23.576108925,T,90.5,1400,90.61,200,TGT
2025-11-04,9:33:23.576139025,T,90.5,1400,90.56,100,TGT
2025-11-04,9:33:23.576153866,T,90.5,1400,90.61,200,TGT
2025-11-04,9:33:23.576163815,T,90.5,1400,90.61,100,TGT
2025-11-04,9:33:23.576429535,T,90.5,1500,90.61,100,TGT
2025-11-04,9:33:23.576439515,T,90.5,1400,90.61,100,TGT
2025-11-04,9:33:23.576469570,T,90.5,1500,90.61,100,TGT
2025-11-04,9:33:23.576494585,T,90.5,1400,90.61,100,TGT
2025-11-04,9:33:23.576519922,T,90.55,100,90.61,100,TGT
2025-11-04,9:33:23.576554804,T,90.5,1400,90.61,100,TGT
2025-11-04,9:33:23.576579806,T,90.55,100,90.61,100,TGT
2025-11-04,9:33:23.576620097,T,90.5,1500,90.61,100,TGT
2025-11-04,9:33:23.576644970,T,90.5,1400,90.61,100,TGT
2025-11-04,9:33:23.576790318,T,90.5,1400,90.6,100,TGT
2025-11-04,9:33:23.576810379,T,90.5,1400,90.58,100,TGT
2025-11-04,9:33:23.577086097,T,90.55,100,90.58,100,TGT
2025-11-04,9:33:23.577371771,T,90.55,100,90.6,100,TGT
2025-11-04,9:33:23.577441830,T,90.5,1400,90.6,100,TGT
2025-11-04,9:33:23.577461963,T,90.5,1400,90.57,100,TGT
2025-11-04,9:33:23.578018285,T,90.5,1400,90.6,100,TGT
2025-11-04,9:33:23.581807353,T,90.5,1400,90.61,100,TGT
2025-11-04,9:33:23.586002257,T,90.5,1400,90.68,100,TGT
2025-11-04,9:33:23.675249862,T,90.5,1400,90.81,100,TGT
2025-11-04,9:33:23.675279953,T,90.5,1400,90.84,100,TGT
2025-11-04,9:33:23.675350180,T,90.5,1400,90.85,100,TGT
2025-11-04,9:33:23.675350180,T,90.5,1400,90.9,100,TGT
2025-11-04,9:33:25.311112019,T,90.5,1400,91.07,200,TGT
2025-11-04,9:33:25.463660515,T,90.5,1400,91.01,100,TGT
2025-11-04,9:33:25.463665475,T,90.5,1400,90.84,100,TGT
2025-11-04,9:33:25.463685558,T,90.5,1400,90.81,100,TGT
2025-11-04,9:33:25.463690571,T,90.5,1400,90.71,100,TGT
2025-11-04,9:33:25.463715654,T,90.5,1400,90.66,100,TGT
2025-11-04,9:33:25.471028000,T,90.5,1400,90.71,100,TGT
2025-11-04,9:33:25.471058077,T,90.5,1400,90.84,100,TGT
2025-11-04,9:33:25.471083196,T,90.5,1400,90.82,100,TGT
2025-11-04,9:33:25.471108208,T,90.5,1400,90.71,100,TGT
2025-11-04,9:33:25.471594354,T,90.5,1400,90.84,100,TGT
2025-11-04,9:33:25.473699464,T,90.5,1400,91.01,100,TGT
2025-11-04,9:33:25.473719435,T,90.5,1400,91.07,200,TGT
2025-11-04,9:33:29.175062362,T,90.5,1400,91.01,100,TGT
2025-11-04,9:33:29.175082364,T,90.5,1400,90.89,100,TGT
2025-11-04,9:33:35.964427133,T,90.54,100,90.89,100,TGT
2025-11-04,9:33:35.964462153,T,90.54,200,90.89,100,TGT
2025-11-04,9:33:36.018631244,T,90.54,200,90.9,100,TGT
2025-11-04,9:33:36.024911214,T,90.54,200,90.91,100,TGT
2025-11-04,9:33:36.024916134,T,90.54,200,90.92,100,TGT
2025-11-04,9:33:36.397473686,T,90.54,200,90.91,100,TGT
2025-11-04,9:33:36.397574344,T,90.54,200,90.9,100,TGT
2025-11-04,9:33:36.494900824,T,90.5,1500,90.9,100,TGT
2025-11-04,9:33:36.838248786,T,90.5,1500,90.89,100,TGT
2025-11-04,9:33:38.954009328,T,90.5,1500,90.88,200,TGT
2025-11-04,9:33:39.128745585,T,90.5,1400,90.88,200,TGT
2025-11-04,9:33:42.741537547,T,90.5,1400,90.88,300,TGT
2025-11-04,9:33:42.741562605,T,90.5,1400,90.87,100,TGT
2025-11-04,9:33:42.741622791,T,90.5,1400,90.86,100,TGT
2025-11-04,9:33:42.741672892,T,90.5,1400,90.85,100,TGT
2025-11-04,9:33:42.743487175,T,90.5,1400,90.88,200,TGT
2025-11-04,9:33:43.355249636,T,90.5,1400,90.85,100,TGT
2025-11-04,9:33:43.487113753,T,90.5,1400,90.88,200,TGT
2025-11-04,9:33:43.488647332,T,90.5,1400,90.85,100,TGT
2025-11-04,9:33:43.496982262,T,90.5,1400,90.84,100,TGT
2025-11-04,9:33:43.950201959,T,90.5,1500,90.84,100,TGT
2025-11-04,9:33:43.951986202,T,90.5,1400,90.84,100,TGT
2025-11-04,9:33:44.859478180,T,90.5,1400,90.85,100,TGT
2025-11-04,9:33:45.164169033,T,90.5,1400,90.86,100,TGT
2025-11-04,9:33:46.613892872,T,90.5,1400,90.87,100,TGT
2025-11-04,9:33:46.685067376,T,90.5,1400,90.88,200,TGT
2025-11-04,9:33:47.148190737,T,90.5,1500,90.88,200,TGT
2025-11-04,9:33:47.752134512,T,90.51,100,90.88,200,TGT
2025-11-04,9:33:47.752134512,T,90.56,100,90.88,200,TGT
2025-11-04,9:33:47.752139619,T,90.57,100,90.88,200,TGT
2025-11-04,9:33:47.752149673,T,90.61,100,90.88,200,TGT
2025-11-04,9:33:47.752159587,T,90.57,100,90.88,200,TGT
2025-11-04,9:33:47.752410218,T,90.56,100,90.88,200,TGT
2025-11-04,9:33:47.752801074,T,90.56,200,90.88,200,TGT
2025-11-04,9:33:47.752871254,T,90.56,100,90.88,200,TGT
2025-11-04,9:33:47.756144068,T,90.58,100,90.88,200,TGT
2025-11-04,9:33:47.756159162,T,90.56,200,90.88,200,TGT
2025-11-04,9:33:47.756164155,T,90.56,100,90.88,200,TGT
2025-11-04,9:33:47.756174124,T,90.56,100,90.84,100,TGT
2025-11-04,9:33:47.852142830,T,90.5,1500,90.84,100,TGT
2025-11-04,9:33:47.952276344,T,90.5,1400,90.84,100,TGT
2025-11-04,9:33:52.820759762,T,90.5,1400,91.01,200,TGT
2025-11-04,9:33:52.820784873,T,90.55,100,91.01,200,TGT
2025-11-04,9:33:52.820804958,T,90.72,100,91.01,200,TGT
2025-11-04,9:33:52.820825021,T,90.76,100,91.01,200,TGT
2025-11-04,9:33:52.821531756,T,90.77,100,91.01,200,TGT
2025-11-04,9:33:52.821571715,T,90.76,100,91.01,200,TGT
2025-11-04,9:33:52.822037876,T,90.76,100,91.17,500,TGT
2025-11-04,9:33:52.822042827,T,90.76,100,91.08,200,TGT
2025-11-04,9:33:52.822047919,T,90.77,100,91.08,200,TGT
2025-11-04,9:33:52.822047919,T,90.84,100,91.08,200,TGT
2025-11-04,9:33:52.822062936,T,90.78,200,91.08,200,TGT
2025-11-04,9:33:52.822338551,T,90.79,100,91.08,200,TGT
2025-11-04,9:33:52.822609260,T,90.86,300,91.08,200,TGT
2025-11-04,9:33:52.838717586,T,90.86,300,91.16,100,TGT
2025-11-04,9:33:52.842140715,T,90.86,300,91.15,100,TGT
2025-11-04,9:33:52.887092818,T,90.86,300,91.16,100,TGT
2025-11-04,9:33:53.185964897,T,90.86,300,91.15,100,TGT
2025-11-04,9:33:53.381395430,T,90.86,300,91.14,100,TGT
2025-11-04,9:33:53.381420542,T,90.86,300,91.13,100,TGT
2025-11-04,9:33:53.381425651,T,90.86,300,91.07,100,TGT
2025-11-04,9:33:53.391679874,T,90.86,400,91.07,100,TGT
2025-11-04,9:33:53.514818325,T,90.86,400,91.11,100,TGT
2025-11-04,9:33:53.514848388,T,90.86,400,91.12,100,TGT
2025-11-04,9:33:53.514868425,T,90.86,400,91.13,100,TGT
2025-11-04,9:33:53.542258677,T,90.87,100,91.13,100,TGT
2025-11-04,9:33:53.824155225,T,90.87,100,91.12,100,TGT
2025-11-04,9:33:54.137682213,T,90.87,100,91.13,100,TGT
2025-11-04,9:33:55.083726097,T,90.87,100,91.14,100,TGT
2025-11-04,9:33:55.635490551,T,90.87,100,91.15,100,TGT
2025-11-04,9:33:55.635946631,T,90.87,100,91.16,100,TGT
2025-11-04,9:33:55.638176932,T,90.87,100,91.17,800,TGT
2025-11-04,9:33:57.819182839,T,90.87,100,91.17,700,TGT
2025-11-04,9:33:58.111153370,T,90.76,100,91.17,700,TGT
2025-11-04,9:33:58.509803131,T,90.76,100,91.17,800,TGT
2025-11-04,9:33:58.509978530,T,90.76,100,91.16,100,TGT
2025-11-04,9:34:00.273920811,T,90.76,100,91.17,800,TGT
2025-11-04,9:34:00.366686819,T,90.76,100,91.17,700,TGT
2025-11-04,9:34:00.392518298,T,90.76,200,91.17,700,TGT
2025-11-04,9:34:00.392708793,T,90.76,100,91.17,700,TGT
2025-11-04,9:34:01.067180722,T,90.76,100,91.1,100,TGT
2025-11-04,9:34:01.067245932,T,90.76,100,91.17,700,TGT
2025-11-04,9:34:01.515107947,T,90.76,100,91.17,800,TGT
2025-11-04,9:34:01.543966729,T,90.76,100,91.16,100,TGT
2025-11-04,9:34:05.167980381,T,90.76,100,91.17,300,TGT
2025-11-04,9:34:05.168010509,T,90.76,100,91.16,100,TGT
2025-11-04,9:34:10.308456811,T,90.76,100,91.15,100,TGT
2025-11-04,9:34:10.308486876,T,90.76,100,91.14,100,TGT
2025-11-04,9:34:10.308717430,T,90.76,100,91.13,100,TGT
2025-11-04,9:34:11.143521162,T,90.76,100,91.12,100,TGT
2025-11-04,9:34:11.143556257,T,90.76,100,91.11,100,TGT
2025-11-04,9:34:11.144523479,T,90.76,100,91.12,100,TGT
2025-11-04,9:34:12.865894520,T,90.76,100,91.13,100,TGT
2025-11-04,9:34:14.114398945,T,90.76,100,91.12,100,TGT
2025-11-04,9:34:14.114454095,T,90.76,100,91.11,100,TGT
2025-11-04,9:34:14.131910666,T,90.76,100,91.1,100,TGT
2025-11-04,9:34:14.131920917,T,90.76,100,91.09,100,TGT
2025-11-04,9:34:14.131920917,T,90.76,100,91.04,100,TGT
2025-11-04,9:34:14.131926131,T,90.76,100,90.96,100,TGT
2025-11-04,9:34:14.131955791,T,90.76,100,91.01,100,TGT
2025-11-04,9:34:14.131970819,T,90.76,100,90.97,100,TGT
2025-11-04,9:34:14.131976011,T,90.76,100,90.95,100,TGT
2025-11-04,9:34:14.131980841,T,90.76,100,90.95,200,TGT
2025-11-04,9:34:14.131985874,T,90.76,100,90.93,100,TGT
2025-11-04,9:34:14.132005948,T,90.76,100,90.95,200,TGT
2025-11-04,9:34:14.132025945,T,90.76,100,90.95,100,TGT
2025-11-04,9:34:14.132071070,T,90.77,100,90.95,100,TGT
2025-11-04,9:34:14.132131305,T,90.77,100,90.97,100,TGT
2025-11-04,9:34:14.132201336,T,90.77,100,91.01,100,TGT
2025-11-04,9:34:14.132206524,T,90.77,100,90.93,100,TGT
2025-11-04,9:34:14.132266457,T,90.79,100,90.93,100,TGT
2025-11-04,9:34:14.132326650,T,90.84,100,90.93,100,TGT
2025-11-04,9:34:14.261614609,T,90.84,100,91.1,200,TGT
2025-11-04,9:34:18.005970151,T,90.84,100,91.09,100,TGT
2025-11-04,9:34:18.005975023,T,90.84,100,91.02,100,TGT
2025-11-04,9:34:18.005980034,T,90.84,100,91.08,100,TGT
2025-11-04,9:34:18.006010132,T,90.84,100,91.07,100,TGT
2025-11-04,9:34:18.006010132,T,90.84,100,90.95,100,TGT
2025-11-04,9:34:18.006025095,T,90.84,100,91.08,100,TGT
2025-11-04,9:34:18.006050190,T,90.84,100,91.07,100,TGT
2025-11-04,9:34:18.006075311,T,90.84,100,91.06,100,TGT
2025-11-04,9:34:18.006090461,T,90.84,100,90.97,100,TGT
2025-11-04,9:34:18.006090461,T,90.84,100,91.06,100,TGT
2025-11-04,9:34:18.006090461,T,90.84,100,90.95,100,TGT
2025-11-04,9:34:18.006190490,T,90.84,100,91.06,100,TGT
2025-11-04,9:34:18.006205570,T,90.84,100,91.09,100,TGT
2025-11-04,9:34:18.006215587,T,90.84,100,91.06,100,TGT
2025-11-04,9:34:18.006230784,T,90.84,100,91.07,100,TGT
2025-11-04,9:34:18.006240676,T,90.84,100,91.09,100,TGT
2025-11-04,9:34:18.006250663,T,90.84,100,91.1,200,TGT
2025-11-04,9:34:18.006270712,T,90.84,100,91.09,100,TGT
2025-11-04,9:34:18.016926135,T,90.84,100,91.07,100,TGT
2025-11-04,9:34:18.117039663,T,90.84,100,91.08,100,TGT
2025-11-04,9:34:18.313367362,T,90.84,100,91.09,100,TGT
2025-11-04,9:34:18.610009056,T,90.84,100,91.1,300,TGT
2025-11-04,9:34:18.855659217,T,90.84,100,91.1,200,TGT
2025-11-04,9:34:19.025133126,T,90.85,100,91.1,200,TGT
2025-11-04,9:34:19.025133126,T,90.89,100,91.1,200,TGT
2025-11-04,9:34:19.025133126,T,90.9,100,91.1,200,TGT
2025-11-04,9:34:19.025147995,T,90.95,100,91.1,200,TGT
2025-11-04,9:34:19.025769466,T,90.96,100,91.1,200,TGT
2025-11-04,9:34:19.025789525,T,90.97,100,91.1,200,TGT
2025-11-04,9:34:19.026065220,T,90.97,100,91.2,200,TGT
2025-11-04,9:34:19.026075289,T,90.97,100,91.2,400,TGT
2025-11-04,9:34:19.395385102,T,90.97,200,91.2,400,TGT
2025-11-04,9:34:20.680541710,T,90.97,200,91.2,200,TGT
2025-11-04,9:34:28.963033668,T,90.97,100,91.2,200,TGT
2025-11-04,9:34:28.963038664,T,91.0,100,91.2,200,TGT
2025-11-04,9:34:28.963058861,T,91.0,200,91.2,200,TGT
2025-11-04,9:34:28.963810469,T,91.0,100,91.2,200,TGT
2025-11-04,9:34:34.919834666,T,91.0,200,91.2,200,TGT
2025-11-04,9:34:40.967276931,T,91.0,100,91.2,200,TGT
2025-11-04,9:34:40.967301954,T,91.01,100,91.2,200,TGT
2025-11-04,9:34:40.997493955,T,91.02,100,91.2,200,TGT
2025-11-04,9:34:40.997498963,T,91.02,200,91.2,200,TGT
2025-11-04,9:34:40.997574057,T,91.04,100,91.2,200,TGT
2025-11-04,9:34:41.012990808,T,91.05,100,91.2,200,TGT
2025-11-04,9:34:41.012990808,T,91.1,100,91.2,200,TGT
2025-11-04,9:34:41.013011077,T,91.06,100,91.2,200,TGT
2025-11-04,9:34:41.013011077,T,91.15,100,91.2,200,TGT
2025-11-04,9:34:41.013015924,T,91.1,100,91.2,200,TGT
2025-11-04,9:34:41.013025853,T,91.05,100,91.2,200,TGT
2025-11-04,9:34:41.013045907,T,91.05,200,91.2,200,TGT
2025-11-04,9:34:41.013086197,T,91.05,100,91.2,200,TGT
2025-11-04,9:34:41.014018263,T,91.02,200,91.2,200,TGT
2025-11-04,9:34:41.015541903,T,91.02,100,91.2,200,TGT
2025-11-04,9:34:41.015576988,T,91.02,200,91.2,200,TGT
2025-11-04,9:34:41.018143138,T,91.02,100,91.2,200,TGT
2025-11-04,9:34:41.018178185,T,91.02,200,91.2,200,TGT
2025-11-04,9:34:41.048119490,T,91.05,100,91.2,200,TGT
2025-11-04,9:34:41.049773445,T,91.02,200,91.2,200,TGT
2025-11-04,9:34:41.113079321,T,91.02,100,91.2,200,TGT
2025-11-04,9:34:41.635929831,T,91.03,100,91.2,200,TGT
2025-11-04,9:34:41.636135312,T,91.02,100,91.2,200,TGT
2025-11-04,9:34:42.746921643,T,91.1,100,91.2,200,TGT
2025-11-04,9:34:42.747132079,T,91.1,200,91.2,200,TGT
2025-11-04,9:34:43.015977540,T,91.1,200,91.2,100,TGT
2025-11-04,9:34:43.016002614,T,91.1,200,91.27,300,TGT
2025-11-04,9:34:43.016193168,T,91.1,100,91.27,300,TGT
2025-11-04,9:34:43.016558982,T,91.14,100,91.27,300,TGT
2025-11-04,9:34:43.016809550,T,91.17,100,91.27,300,TGT
2025-11-04,9:34:43.076847661,T,91.17,200,91.27,300,TGT
2025-11-04,9:34:43.076857581,T,91.22,100,91.27,300,TGT
2025-11-04,9:34:43.077709690,T,91.22,100,91.35,200,TGT
2025-11-04,9:34:43.077729755,T,91.25,100,91.35,200,TGT
2025-11-04,9:34:43.079087994,T,91.17,300,91.35,200,TGT
2025-11-04,9:34:43.081729205,T,91.17,300,91.61,100,TGT
2025-11-04,9:34:43.081734341,T,91.17,300,91.44,200,TGT
2025-11-04,9:34:43.086971697,T,91.17,200,91.44,200,TGT
2025-11-04,9:34:43.092675366,T,91.17,100,91.44,200,TGT
2025-11-04,9:34:43.093281825,T,91.17,200,91.44,200,TGT
2025-11-04,9:34:43.093427070,T,91.23,100,91.44,200,TGT
2025-11-04,9:34:43.093452228,T,91.17,100,91.44,200,TGT
2025-11-04,9:34:43.093507279,T,91.17,100,91.26,100,TGT
2025-11-04,9:34:43.094374498,T,91.02,100,91.26,100,TGT
2025-11-04,9:34:43.104969583,T,91.17,200,91.26,100,TGT
2025-11-04,9:34:44.765224935,T,91.02,100,91.26,100,TGT
2025-11-04,9:34:44.765245015,T,91.02,100,91.19,100,TGT
2025-11-04,9:34:44.765285122,T,91.02,100,91.25,100,TGT
2025-11-04,9:34:44.765310139,T,91.08,100,91.25,100,TGT
2025-11-04,9:34:44.765495697,T,91.08,100,91.21,100,TGT
2025-11-04,9:34:44.765575826,T,91.08,100,91.23,100,TGT
2025-11-04,9:34:44.765605863,T,91.08,100,91.44,200,TGT
2025-11-04,9:34:44.765625963,T,91.14,100,91.44,200,TGT
2025-11-04,9:34:44.765651026,T,91.14,200,91.44,200,TGT
2025-11-04,9:34:44.765661159,T,91.19,100,91.44,200,TGT
2025-11-04,9:34:44.765666059,T,91.14,200,91.44,200,TGT
2025-11-04,9:34:44.765681068,T,91.19,300,91.44,200,TGT
2025-11-04,9:34:44.765691045,T,91.19,200,91.44,200,TGT
2025-11-04,9:34:44.765711210,T,91.14,100,91.44,200,TGT
2025-11-04,9:34:44.765766261,T,91.14,100,91.4,100,TGT
2025-11-04,9:34:44.765811361,T,91.14,100,91.25,100,TGT
2025-11-04,9:34:44.765816448,T,91.14,100,91.4,100,TGT
2025-11-04,9:34:44.765816448,T,91.14,100,91.44,200,TGT
2025-11-04,9:34:44.767289970,T,91.14,100,91.61,100,TGT
2025-11-04,9:34:44.767294943,T,91.14,100,91.37,200,TGT
2025-11-04,9:34:44.775088464,T,91.08,100,91.37,200,TGT
2025-11-04,9:34:44.780972564,T,91.02,100,91.37,200,TGT
2025-11-04,9:34:44.917502718,T,91.02,100,91.17,100,TGT
2025-11-04,9:34:44.918059014,T,91.02,100,91.37,200,TGT
2025-11-04,9:34:44.918269529,T,91.02,200,91.37,200,TGT
2025-11-04,9:34:44.989724832,T,91.02,100,91.37,200,TGT
2025-11-04,9:34:47.282562181,T,91.02,100,91.61,100,TGT
2025-11-04,9:34:47.282567164,T,91.02,100,91.31,200,TGT
2025-11-04,9:34:54.921180193,T,90.91,100,91.31,200,TGT
2025-11-04,9:34:54.921180193,T,90.85,100,91.31,200,TGT
2025-11-04,9:34:54.921445754,T,90.83,200,91.31,200,TGT
2025-11-04,9:34:54.993397195,T,90.85,100,91.31,200,TGT
2025-11-04,9:34:54.993462415,T,90.85,100,91.3,100,TGT
2025-11-04,9:34:54.993482456,T,90.85,100,91.17,100,TGT
2025-11-04,9:34:54.993502497,T,90.85,100,91.17,200,TGT
2025-11-04,9:34:54.993517519,T,90.85,100,91.17,300,TGT
2025-11-04,9:34:54.993557591,T,90.85,100,91.17,400,TGT
2025-11-04,9:34:54.993567587,T,90.83,200,91.17,400,TGT
2025-11-04,9:34:54.993572681,T,90.83,200,91.17,600,TGT
2025-11-04,9:34:54.993587806,T,90.83,200,91.17,700,TGT
2025-11-04,9:34:54.993587806,T,90.83,200,91.17,800,TGT
2025-11-04,9:34:54.993607663,T,90.83,200,91.17,900,TGT
2025-11-04,9:34:55.995474511,T,90.81,100,91.17,900,TGT
2025-11-04,9:34:55.995479537,T,90.9,200,91.17,900,TGT
2025-11-04,9:34:56.035359536,T,90.9,200,91.15,100,TGT
2025-11-04,9:34:56.035384615,T,90.9,200,91.15,200,TGT
2025-11-04,9:34:56.035439683,T,90.9,200,91.15,1000,TGT
2025-11-04,9:34:56.804391692,T,90.9,200,91.15,900,TGT
2025-11-04,9:35:00.130856376,T,90.91,100,91.15,900,TGT
2025-11-04,9:35:00.130876545,T,90.9,200,91.15,900,TGT
2025-11-04,9:35:00.138775291,T,90.91,100,91.15,900,TGT
2025-11-04,9:35:00.138800357,T,90.9,200,91.15,900,TGT
2025-11-04,9:35:00.389277176,T,90.91,100,91.15,900,TGT
2025-11-04,9:35:00.389282111,T,90.92,100,91.15,900,TGT
2025-11-04,9:35:00.393592491,T,90.97,100,91.15,900,TGT
2025-11-04,9:35:00.403836900,T,90.92,100,91.15,900,TGT
2025-11-04,9:35:00.403871937,T,90.9,200,91.15,900,TGT
2025-11-04,9:35:00.648524889,T,90.92,100,91.15,900,TGT
2025-11-04,9:35:00.800677438,T,91.0,100,91.15,900,TGT
2025-11-04,9:35:00.800932982,T,90.9,200,91.15,900,TGT
2025-11-04,9:35:00.887093345,T,90.92,100,91.15,900,TGT
2025-11-04,9:35:00.942896273,T,90.92,100,91.15,800,TGT
2025-11-04,9:35:00.942896273,T,90.92,100,91.15,700,TGT
2025-11-04,9:35:00.942901547,T,90.92,100,91.15,400,TGT
2025-11-04,9:35:00.942911340,T,90.92,100,91.15,300,TGT
2025-11-04,9:35:00.942916314,T,90.92,100,91.31,200,TGT
2025-11-04,9:35:00.942921254,T,90.93,100,91.31,200,TGT
2025-11-04,9:35:00.942921254,T,90.97,100,91.31,200,TGT
2025-11-04,9:35:00.942941378,T,91.05,100,91.31,200,TGT
2025-11-04,9:35:00.942941378,T,91.11,100,91.31,200,TGT
2025-11-04,9:35:00.942946384,T,91.13,100,91.31,200,TGT
2025-11-04,9:35:00.943292146,T,91.18,100,91.31,200,TGT
2025-11-04,9:35:00.945352106,T,91.18,100,91.4,100,TGT
2025-11-04,9:35:00.945362095,T,91.18,100,91.39,200,TGT
2025-11-04,9:35:00.945938440,T,91.18,100,91.38,100,TGT
2025-11-04,9:35:00.952940235,T,91.18,100,91.39,200,TGT
2025-11-04,9:35:00.954478826,T,91.11,100,91.39,200,TGT
2025-11-04,9:35:00.954503864,T,91.11,100,91.34,100,TGT
2025-11-04,9:35:00.954523982,T,91.11,100,91.25,100,TGT
2025-11-04,9:35:00.954523982,T,91.11,100,91.3,100,TGT
2025-11-04,9:35:00.954534023,T,91.11,100,91.24,100,TGT
2025-11-04,9:35:00.954538975,T,91.11,100,91.34,100,TGT
2025-11-04,9:35:00.954559154,T,91.11,100,91.39,200,TGT
2025-11-04,9:35:00.954569121,T,91.11,100,91.38,100,TGT
2025-11-04,9:35:00.954739515,T,91.11,100,91.28,100,TGT
2025-11-04,9:35:00.964758325,T,91.11,100,91.34,100,TGT
2025-11-04,9:35:00.964778357,T,91.11,100,91.38,100,TGT
2025-11-04,9:35:00.973965245,T,91.11,100,91.39,200,TGT
2025-11-04,9:35:01.044182635,T,90.9,200,91.39,200,TGT
2025-11-04,9:35:01.059022990,T,90.95,100,91.39,200,TGT
2025-11-04,9:35:01.143038142,T,90.94,100,91.39,200,TGT
2025-11-04,9:35:01.611960105,T,90.95,100,91.39,200,TGT
2025-11-04,9:35:01.985023933,T,90.96,100,91.39,200,TGT
2025-11-04,9:35:02.148964449,T,90.97,100,91.39,200,TGT
2025-11-04,9:35:02.155720509,T,90.9,200,91.39,200,TGT
2025-11-04,9:35:02.422701625,T,90.96,100,91.39,200,TGT
2025-11-04,9:35:02.527731797,T,90.96,100,91.39,300,TGT
2025-11-04,9:35:03.513284716,T,90.97,100,91.39,300,TGT
2025-11-04,9:35:03.516757988,T,90.9,200,91.39,300,TGT
2025-11-04,9:35:03.994486063,T,90.99,100,91.39,300,TGT
2025-11-04,9:35:04.014954904,T,90.97,200,91.39,300,TGT
2025-11-04,9:35:04.014979923,T,90.97,300,91.39,300,TGT
2025-11-04,9:35:05.529863802,T,90.97,300,91.38,100,TGT
2025-11-04,9:35:05.529893937,T,90.99,100,91.38,100,TGT
2025-11-04,9:35:05.529914007,T,90.99,100,91.34,100,TGT
2025-11-04,9:35:06.892354718,T,91.11,100,91.34,100,TGT
2025-11-04,9:35:06.892375025,T,91.0,100,91.34,100,TGT
2025-11-04,9:35:06.892379768,T,91.14,100,91.34,100,TGT
2025-11-04,9:35:07.589325225,T,91.14,100,91.38,100,TGT
2025-11-04,9:35:07.589330187,T,91.05,100,91.38,100,TGT
2025-11-04,9:35:07.589340182,T,91.14,100,91.38,100,TGT
2025-11-04,9:35:07.589430390,T,91.14,200,91.38,100,TGT
2025-11-04,9:35:07.589746344,T,91.14,200,91.25,200,TGT
2025-11-04,9:35:07.589776310,T,91.14,100,91.25,200,TGT
2025-11-04,9:35:07.598857899,T,91.14,200,91.25,200,TGT
2025-11-04,9:35:07.599323992,T,91.14,200,91.3,100,TGT
2025-11-04,9:35:07.599349096,T,91.14,200,91.24,200,TGT
2025-11-04,9:35:10.963954702,T,91.14,100,91.24,200,TGT
2025-11-04,9:35:12.989620631,T,91.14,100,91.3,100,TGT
2025-11-04,9:35:12.989640569,T,91.14,100,91.23,200,TGT
2025-11-04,9:35:13.238303071,T,91.14,100,91.3,100,TGT
2025-11-04,9:35:13.238328134,T,91.14,100,91.22,200,TGT
2025-11-04,9:35:13.725428644,T,91.14,100,91.22,100,TGT
2025-11-04,9:35:13.725453687,T,91.14,100,91.38,100,TGT
2025-11-04,9:35:13.725468737,T,91.2,100,91.38,100,TGT
2025-11-04,9:35:13.726275621,T,91.2,200,91.38,100,TGT
2025-11-04,9:35:13.726771806,T,91.2,100,91.38,100,TGT
2025-11-04,9:35:13.739822828,T,91.18,200,91.38,100,TGT
2025-11-04,9:35:13.739842970,T,91.18,100,91.38,100,TGT
2025-11-04,9:35:13.740123570,T,91.18,100,91.3,100,TGT
2025-11-04,9:35:13.740148606,T,91.18,100,91.25,100,TGT
2025-11-04,9:35:13.740198767,T,91.18,100,91.3,100,TGT
2025-11-04,9:35:13.740439353,T,90.97,200,91.3,100,TGT
2025-11-04,9:35:13.751495748,T,91.14,200,91.3,100,TGT
2025-11-04,9:35:13.759093811,T,91.14,200,91.38,100,TGT
2025-11-04,9:35:13.821828237,T,91.14,200,91.34,100,TGT
2025-11-04,9:35:13.888301537,T,91.14,200,91.38,100,TGT
2025-11-04,9:35:14.591652138,T,91.14,200,91.34,100,TGT
2025-11-04,9:35:14.630890691,T,91.14,200,91.38,100,TGT
2025-11-04,9:35:15.036431878,T,91.01,100,91.38,100,TGT
2025-11-04,9:35:15.036471956,T,91.17,200,91.38,100,TGT
2025-11-04,9:35:15.138038840,T,91.17,300,91.38,100,TGT
2025-11-04,9:35:15.138048934,T,91.17,300,91.39,200,TGT
2025-11-04,9:35:15.149791852,T,91.17,100,91.39,200,TGT
2025-11-04,9:35:15.149841995,T,91.23,200,91.39,200,TGT
2025-11-04,9:35:15.156748408,T,91.23,100,91.39,200,TGT
2025-11-04,9:35:15.156773528,T,90.97,200,91.39,200,TGT
2025-11-04,9:35:15.156798604,T,90.97,200,91.26,100,TGT
2025-11-04,9:35:15.156798604,T,90.97,200,91.25,100,TGT
2025-11-04,9:35:15.156838611,T,91.0,100,91.25,100,TGT
2025-11-04,9:35:15.158066574,T,91.0,100,91.39,200,TGT
2025-11-04,9:35:15.158101697,T,91.0,100,91.38,100,TGT
2025-11-04,9:35:15.158101697,T,91.0,100,91.34,100,TGT
2025-11-04,9:35:15.162502617,T,91.0,100,91.38,100,TGT
2025-11-04,9:35:15.162502617,T,91.0,100,91.39,200,TGT
2025-11-04,9:35:15.176244890,T,91.0,100,91.34,100,TGT
2025-11-04,9:35:15.176249946,T,91.0,100,91.28,100,TGT
2025-11-04,9:35:15.176259980,T,91.0,100,91.28,200,TGT
2025-11-04,9:35:15.176360119,T,91.0,100,91.28,100,TGT
2025-11-04,9:35:15.176585654,T,90.97,300,91.28,100,TGT
2025-11-04,9:35:15.352289350,T,91.0,100,91.28,100,TGT
2025-11-04,9:35:15.352344415,T,90.97,200,91.28,100,TGT
2025-11-04,9:35:16.085225705,T,90.97,200,91.39,200,TGT
2025-11-04,9:35:16.085255581,T,91.0,100,91.39,200,TGT
2025-11-04,9:35:19.308870352,T,90.97,200,91.39,200,TGT
2025-11-04,9:35:19.309511908,T,90.97,200,91.38,100,TGT
2025-11-04,9:35:19.309516856,T,90.97,200,91.34,100,TGT
2025-11-04,9:35:19.309516856,T,90.97,200,91.28,100,TGT
2025-11-04,9:35:19.309516856,T,90.97,200,91.23,100,TGT
2025-11-04,9:35:19.309556912,T,90.97,200,91.26,100,TGT
2025-11-04,9:35:19.309561944,T,90.97,200,91.23,100,TGT
2025-11-04,9:35:19.309571979,T,90.97,200,91.23,200,TGT
2025-11-04,9:35:19.309702267,T,90.97,200,91.23,100,TGT
2025-11-04,9:35:19.309988021,T,91.01,100,91.23,100,TGT
2025-11-04,9:35:19.310208533,T,91.01,200,91.23,100,TGT
2025-11-04,9:35:19.324923554,T,91.01,100,91.23,100,TGT
2025-11-04,9:35:20.077626907,T,91.01,100,91.36,100,TGT
2025-11-04,9:35:20.077631808,T,91.01,100,91.37,100,TGT
2025-11-04,9:35:20.077636783,T,91.01,100,91.38,100,TGT
2025-11-04,9:35:20.313147871,T,91.01,200,91.38,100,TGT
2025-11-04,9:35:20.313624014,T,91.05,100,91.38,100,TGT
2025-11-04,9:35:20.851024246,T,91.09,100,91.38,100,TGT
2025-11-04,9:35:21.787866163,T,91.09,100,91.37,100,TGT
2025-11-04,9:35:23.222062827,T,91.09,100,91.38,100,TGT
2025-11-04,9:35:23.570452927,T,91.09,100,91.39,300,TGT
2025-11-04,9:35:23.578677477,T,91.13,100,91.39,300,TGT
2025-11-04,9:35:23.645897623,T,91.13,100,91.39,200,TGT
2025-11-04,9:35:24.286709354,T,91.13,200,91.39,200,TGT
2025-11-04,9:35:24.286734380,T,91.14,100,91.39,200,TGT
2025-11-04,9:35:24.286759454,T,91.13,200,91.39,200,TGT
2025-11-04,9:35:24.294071849,T,91.13,100,91.39,200,TGT
2025-11-04,9:35:25.041778068,T,91.13,100,91.38,100,TGT
2025-11-04,9:35:25.041828195,T,91.13,100,91.27,100,TGT
2025-11-04,9:35:25.041893388,T,91.13,100,91.26,100,TGT
2025-11-04,9:35:26.438465413,T,91.09,100,91.26,100,TGT
2025-11-04,9:35:34.322954395,T,91.05,100,91.26,100,TGT
2025-11-04,9:35:34.322954395,T,91.05,100,91.25,100,TGT
2025-11-04,9:35:34.322999491,T,91.05,100,91.25,200,TGT
2025-11-04,9:35:34.323014482,T,91.05,100,91.25,300,TGT
2025-11-04,9:35:34.323024730,T,91.05,100,91.24,100,TGT
2025-11-04,9:35:34.323024730,T,91.05,100,91.2,100,TGT
2025-11-04,9:35:34.323054661,T,91.05,100,91.2,200,TGT
2025-11-04,9:35:34.323064714,T,91.05,100,91.19,100,TGT
2025-11-04,9:35:34.323575870,T,91.05,100,91.2,200,TGT
2025-11-04,9:35:34.323595912,T,91.13,100,91.2,200,TGT
2025-11-04,9:35:34.324708623,T,91.13,100,91.2,100,TGT
2025-11-04,9:35:34.324728597,T,91.13,100,91.24,100,TGT
2025-11-04,9:35:34.324738652,T,91.13,200,91.24,100,TGT
2025-11-04,9:35:34.324748777,T,91.13,100,91.24,100,TGT
2025-11-04,9:35:34.324748777,T,91.13,200,91.24,100,TGT
2025-11-04,9:35:34.324758659,T,91.13,100,91.24,100,TGT
2025-11-04,9:35:34.324758659,T,91.17,100,91.24,100,TGT
2025-11-04,9:35:34.324974202,T,91.17,100,91.24,200,TGT
2025-11-04,9:35:34.343728839,T,91.13,100,91.24,200,TGT
2025-11-04,9:35:34.423849812,T,91.06,100,91.24,200,TGT
2025-11-04,9:35:34.523191445,T,91.06,100,91.24,100,TGT
2025-11-04,9:35:34.523627470,T,91.05,100,91.24,100,TGT
2025-11-04,9:35:34.842913089,T,91.05,100,91.25,100,TGT
2025-11-04,9:35:34.843113587,T,91.05,200,91.25,100,TGT
2025-11-04,9:35:34.843143717,T,91.13,100,91.25,100,TGT
2025-11-04,9:35:34.843163757,T,91.13,200,91.25,100,TGT
2025-11-04,9:35:34.843173761,T,91.18,100,91.25,100,TGT
2025-11-04,9:35:34.844536936,T,91.14,100,91.25,100,TGT
2025-11-04,9:35:34.844857709,T,91.18,100,91.25,100,TGT
2025-11-04,9:35:34.845469257,T,91.05,100,91.25,100,TGT
2025-11-04,9:35:34.845489299,T,91.05,100,91.2,100,TGT
2025-11-04,9:35:34.846045568,T,91.05,100,91.25,100,TGT
2025-11-04,9:35:34.865020746,T,91.05,100,91.26,100,TGT
2025-11-04,9:35:37.671226327,T,91.11,300,91.26,100,TGT
2025-11-04,9:35:39.287932509,T,91.11,400,91.26,100,TGT
2025-11-04,9:35:39.287932509,T,91.11,300,91.26,100,TGT
2025-11-04,9:35:39.346266574,T,91.05,100,91.26,100,TGT
2025-11-04,9:35:39.634498173,T,91.05,100,91.31,100,TGT
2025-11-04,9:35:42.671859223,T,91.12,100,91.31,100,TGT
2025-11-04,9:35:42.671889276,T,91.05,100,91.31,100,TGT
2025-11-04,9:35:46.288465295,T,91.05,100,91.26,100,TGT
2025-11-04,9:35:47.853348427,T,91.15,200,91.26,100,TGT
2025-11-04,9:35:47.870659604,T,91.15,200,91.31,100,TGT
2025-11-04,9:35:48.289587686,T,91.05,100,91.31,100,TGT
2025-11-04,9:35:48.468448806,T,91.05,100,91.3,100,TGT
2025-11-04,9:35:48.494766587,T,91.05,100,91.31,100,TGT
2025-11-04,9:35:49.748924391,T,91.05,100,91.3,100,TGT
2025-11-04,9:35:49.748999572,T,91.05,100,91.31,100,TGT
2025-11-04,9:35:49.756306913,T,91.05,100,91.23,100,TGT
2025-11-04,9:35:49.757319387,T,91.14,100,91.23,100,TGT
2025-11-04,9:35:49.757339405,T,91.05,100,91.23,100,TGT
2025-11-04,9:35:49.757544863,T,91.02,200,91.23,100,TGT
2025-11-04,9:35:49.761975401,T,91.04,100,91.23,100,TGT
2025-11-04,9:35:49.761975401,T,91.02,200,91.23,100,TGT
2025-11-04,9:35:49.769052325,T,91.02,200,91.2,100,TGT
2025-11-04,9:35:49.769057325,T,91.02,200,91.19,100,TGT
2025-11-04,9:35:49.769077367,T,91.02,200,91.19,200,TGT
2025-11-04,9:35:49.769077367,T,91.02,200,91.19,300,TGT
2025-11-04,9:35:49.769102412,T,91.02,200,91.19,200,TGT
2025-11-04,9:35:49.769713852,T,91.02,200,91.18,100,TGT
2025-11-04,9:35:49.770059749,T,91.02,200,91.19,200,TGT
2025-11-04,9:35:49.771673523,T,91.01,100,91.19,200,TGT
2025-11-04,9:35:49.869180824,T,91.01,100,91.19,100,TGT
2025-11-04,9:35:50.243833441,T,90.92,200,91.19,100,TGT
2025-11-04,9:35:50.244018809,T,90.92,200,91.12,100,TGT
2025-11-04,9:35:50.353344291,T,90.92,200,91.19,100,TGT
2025-11-04,9:35:51.142880245,T,90.92,200,91.11,100,TGT
2025-11-04,9:35:51.143992977,T,91.0,100,91.11,100,TGT
2025-11-04,9:35:51.144022966,T,91.0,100,91.19,100,TGT
2025-11-04,9:35:51.144454097,T,90.92,200,91.19,100,TGT
2025-11-04,9:35:51.144484048,T,90.92,200,91.1,100,TGT
2025-11-04,9:35:51.144830253,T,90.92,200,91.07,100,TGT
2025-11-04,9:35:51.144890078,T,90.92,200,91.09,100,TGT
2025-11-04,9:35:51.144895072,T,90.92,200,91.05,100,TGT
2025-11-04,9:35:51.145210775,T,90.92,200,91.1,100,TGT
2025-11-04,9:35:51.145717000,T,90.85,100,91.1,100,TGT
2025-11-04,9:35:51.145802248,T,90.85,100,91.07,100,TGT
2025-11-04,9:35:51.145887446,T,90.85,100,91.1,100,TGT
2025-11-04,9:35:51.244497302,T,90.85,100,91.11,100,TGT
2025-11-04,9:35:51.509468969,T,90.85,100,91.06,100,TGT
2025-11-04,9:35:51.878733414,T,90.85,100,91.11,100,TGT
2025-11-04,9:35:53.972346213,T,90.84,200,91.11,100,TGT
2025-11-04,9:35:53.972827385,T,90.84,200,91.05,100,TGT
2025-11-04,9:35:53.973208204,T,90.84,200,91.11,100,TGT
2025-11-04,9:35:53.976601388,T,90.84,200,91.05,100,TGT
2025-11-04,9:35:53.977874360,T,90.84,200,91.11,100,TGT
2025-11-04,9:35:53.979297788,T,90.84,200,91.05,100,TGT
2025-11-04,9:35:53.980049501,T,90.84,200,91.11,100,TGT
2025-11-04,9:35:53.980555804,T,90.84,200,91.05,100,TGT
2025-11-04,9:35:53.981041949,T,90.84,200,91.11,100,TGT
2025-11-04,9:35:53.981548164,T,90.84,200,91.05,100,TGT
2025-11-04,9:35:53.982304878,T,90.84,200,91.11,100,TGT
2025-11-04,9:35:53.982806158,T,90.84,200,91.05,100,TGT
2025-11-04,9:35:53.983292252,T,90.84,200,91.11,100,TGT
2025-11-04,9:35:53.983512860,T,90.84,200,91.05,100,TGT
2025-11-04,9:35:53.984044120,T,90.84,200,91.11,100,TGT
2025-11-04,9:35:53.984289640,T,90.84,200,91.05,100,TGT
2025-11-04,9:35:53.984835981,T,90.84,200,91.11,100,TGT
2025-11-04,9:35:53.985081581,T,90.84,200,91.05,100,TGT
2025-11-04,9:35:54.009564855,T,90.9,100,91.05,100,TGT
2025-11-04,9:35:54.010281592,T,90.85,100,91.05,100,TGT
2025-11-04,9:35:54.012852726,T,90.85,100,91.11,100,TGT
2025-11-04,9:35:54.503256068,T,90.84,200,91.11,100,TGT
2025-11-04,9:35:56.793988177,T,90.84,200,91.1,100,TGT
2025-11-04,9:35:58.817609164,T,90.93,100,91.1,100,TGT
2025-11-04,9:35:58.838604262,T,90.94,100,91.1,100,TGT
2025-11-04,9:35:58.914500080,T,90.95,100,91.1,100,TGT
2025-11-04,9:35:59.424730613,T,90.96,100,91.1,100,TGT
2025-11-04,9:35:59.424765661,T,90.95,100,91.1,100,TGT
2025-11-04,9:35:59.432358766,T,90.94,100,91.1,100,TGT
2025-11-04,9:35:59.432363786,T,90.93,100,91.1,100,TGT
2025-11-04,9:35:59.474043081,T,90.94,100,91.1,100,TGT
2025-11-04,9:35:59.778949468,T,90.93,100,91.1,100,TGT
2025-11-04,9:35:59.962351373,T,90.85,100,91.1,100,TGT
2025-11-04,9:35:59.962566983,T,90.96,100,91.1,100,TGT
2025-11-04,9:35:59.963459111,T,90.96,200,91.1,100,TGT
2025-11-04,9:35:59.963619473,T,91.0,100,91.1,100,TGT
2025-11-04,9:35:59.963619473,T,91.0,200,91.1,100,TGT
2025-11-04,9:35:59.972650987,T,91.0,300,91.1,100,TGT
2025-11-04,9:36:01.001747911,T,91.0,200,91.1,100,TGT
2025-11-04,9:36:01.001782944,T,91.01,100,91.1,100,TGT
2025-11-04,9:36:01.001808199,T,91.01,200,91.1,100,TGT
2025-11-04,9:36:01.001808199,T,91.01,300,91.1,100,TGT
2025-11-04,9:36:02.624473729,T,91.01,200,91.1,100,TGT
2025-11-04,9:36:02.624473729,T,91.01,100,91.1,100,TGT
2025-11-04,9:36:02.624473729,T,90.85,100,91.1,100,TGT
2025-11-04,9:36:02.624493820,T,90.85,100,91.03,100,TGT
2025-11-04,9:36:02.624508866,T,90.84,200,91.03,100,TGT
2025-11-04,9:36:02.625862142,T,90.84,200,91.1,100,TGT
2025-11-04,9:36:02.628072473,T,90.84,200,91.03,100,TGT
2025-11-04,9:36:02.631029401,T,90.84,200,91.1,100,TGT
2025-11-04,9:36:02.648486000,T,90.84,200,91.05,100,TGT
2025-11-04,9:36:03.177902128,T,90.84,200,91.1,100,TGT
2025-11-04,9:36:03.183044320,T,90.84,200,91.07,100,TGT
2025-11-04,9:36:03.259421316,T,90.94,100,91.07,100,TGT
2025-11-04,9:36:03.998912973,T,90.94,100,91.1,100,TGT
2025-11-04,9:36:04.368197700,T,90.94,100,91.06,100,TGT
2025-11-04,9:36:05.038299116,T,90.94,100,91.1,100,TGT
2025-11-04,9:36:06.323030092,T,90.84,200,91.1,100,TGT
2025-11-04,9:36:06.323034842,T,90.84,200,91.05,100,TGT
2025-11-04,9:36:06.323054947,T,90.84,200,90.99,100,TGT
2025-11-04,9:36:06.323115010,T,90.84,200,90.98,100,TGT
2025-11-04,9:36:06.323485974,T,90.84,200,90.99,100,TGT
2025-11-04,9:36:06.423053139,T,90.84,200,91.05,100,TGT
2025-11-04,9:36:08.870804495,T,90.89,300,91.05,100,TGT
2025-11-04,9:36:11.681525595,T,90.9,100,91.05,100,TGT
2025-11-04,9:36:17.546794004,T,90.95,300,91.05,100,TGT
2025-11-04,9:36:17.547044534,T,90.9,100,91.05,100,TGT
2025-11-04,9:36:17.547059525,T,90.9,100,90.98,100,TGT
2025-11-04,9:36:17.547615837,T,90.9,100,90.99,100,TGT
2025-11-04,9:36:17.554331804,T,90.9,100,91.05,100,TGT
2025-11-04,9:36:18.314648294,T,90.77,200,91.05,100,TGT
2025-11-04,9:36:18.314703470,T,90.77,200,90.97,100,TGT
2025-11-04,9:36:18.314718486,T,90.77,200,90.97,200,TGT
2025-11-04,9:36:18.314753490,T,90.77,200,90.95,100,TGT
2025-11-04,9:36:18.329909610,T,90.77,200,91.05,100,TGT
2025-11-04,9:36:24.620155091,T,90.84,100,91.05,100,TGT
2025-11-04,9:36:28.297561030,T,90.9,100,91.05,100,TGT
2025-11-04,9:36:30.140391409,T,90.77,200,91.05,100,TGT
2025-11-04,9:36:30.140692024,T,90.77,200,91.0,100,TGT
2025-11-04,9:36:30.140717096,T,90.77,200,90.98,100,TGT
2025-11-04,9:36:30.150936439,T,90.77,200,91.05,100,TGT
2025-11-04,9:36:30.416163255,T,90.77,200,90.97,100,TGT
2025-11-04,9:36:30.416358721,T,90.91,100,90.97,100,TGT
2025-11-04,9:36:30.416574222,T,90.77,200,90.97,100,TGT
2025-11-04,9:36:30.416609307,T,90.77,200,91.04,100,TGT
2025-11-04,9:36:30.423631086,T,90.77,200,91.05,100,TGT
2025-11-04,9:36:35.202255551,T,90.91,100,91.05,100,TGT
2025-11-04,9:36:38.150454136,T,90.77,200,91.05,100,TGT
2025-11-04,9:36:38.613171424,T,90.77,200,90.94,100,TGT
2025-11-04,9:36:38.613722713,T,90.77,200,91.05,100,TGT
2025-11-04,9:36:38.621661709,T,90.77,200,90.91,100,TGT
2025-11-04,9:36:38.621671675,T,90.77,200,90.91,200,TGT
2025-11-04,9:36:38.622042617,T,90.77,200,90.91,100,TGT
2025-11-04,9:36:38.684185675,T,90.77,200,91.04,100,TGT
2025-11-04,9:36:38.685027638,T,90.84,200,91.04,100,TGT
2025-11-04,9:36:39.498836401,T,90.84,200,90.96,100,TGT
2025-11-04,9:36:39.498921558,T,90.77,200,90.96,100,TGT
2025-11-04,9:36:39.498946713,T,90.77,200,90.86,100,TGT
2025-11-04,9:36:39.499067026,T,90.77,200,90.87,100,TGT
2025-11-04,9:36:39.499097018,T,90.81,100,90.87,100,TGT
2025-11-04,9:36:39.499112235,T,90.83,100,90.87,100,TGT
2025-11-04,9:36:39.499162173,T,90.83,100,90.86,100,TGT
2025-11-04,9:36:39.499182454,T,90.83,200,90.86,100,TGT
2025-11-04,9:36:39.499388024,T,90.83,100,90.86,100,TGT
2025-11-04,9:36:39.499522966,T,90.77,200,90.86,100,TGT
2025-11-04,9:36:39.499543076,T,90.77,200,90.85,100,TGT
2025-11-04,9:36:39.499573149,T,90.77,200,90.86,100,TGT
2025-11-04,9:36:39.499678389,T,90.76,100,90.86,100,TGT
2025-11-04,9:36:39.499718433,T,90.76,100,90.87,100,TGT
2025-11-04,9:36:39.599055167,T,90.76,100,90.96,100,TGT
2025-11-04,9:36:40.152323159,T,90.8,100,90.96,100,TGT
2025-11-04,9:36:40.152363387,T,90.77,100,90.96,100,TGT
2025-11-04,9:36:40.152473760,T,90.82,100,90.96,100,TGT
2025-11-04,9:36:40.152513715,T,90.77,100,90.96,100,TGT
2025-11-04,9:36:40.152538712,T,90.77,100,90.9,100,TGT
2025-11-04,9:36:40.153160158,T,90.76,100,90.9,100,TGT
2025-11-04,9:36:40.153606218,T,90.76,100,90.96,100,TGT
2025-11-04,9:36:41.281839134,T,90.71,200,90.96,100,TGT
2025-11-04,9:36:41.320105397,T,90.71,200,90.91,100,TGT
2025-11-04,9:36:41.320130414,T,90.71,200,90.88,100,TGT
2025-11-04,9:36:41.320145464,T,90.71,200,90.85,100,TGT
2025-11-04,9:36:41.320175529,T,90.71,200,90.83,100,TGT
2025-11-04,9:36:41.320726835,T,90.71,200,90.85,100,TGT
2025-11-04,9:36:41.320781956,T,90.71,200,90.88,100,TGT
2025-11-04,9:36:41.328510362,T,90.76,100,90.88,100,TGT
2025-11-04,9:36:43.062741960,T,90.76,100,90.96,100,TGT
2025-11-04,9:36:45.848358304,T,90.78,100,90.96,100,TGT
2025-11-04,9:36:45.848914613,T,90.76,100,90.96,100,TGT
2025-11-04,9:36:45.851711223,T,90.76,100,90.89,100,TGT
2025-11-04,9:36:46.049337118,T,90.76,100,90.96,100,TGT
2025-11-04,9:36:47.156745508,T,90.76,200,90.96,100,TGT
2025-11-04,9:36:47.159547153,T,90.76,100,90.96,100,TGT
2025-11-04,9:36:47.159587183,T,90.77,100,90.96,100,TGT
2025-11-04,9:36:56.226557915,T,90.77,200,90.96,100,TGT
2025-11-04,9:36:56.227344747,T,90.77,100,90.96,100,TGT
2025-11-04,9:36:58.742501794,T,90.77,200,90.96,100,TGT
2025-11-04,9:37:03.351963158,T,90.77,100,90.96,100,TGT
2025-11-04,9:37:05.283925847,T,90.77,200,90.96,100,TGT
2025-11-04,9:37:05.452672840,T,90.78,100,90.96,100,TGT
2025-11-04,9:37:05.453399483,T,90.78,200,90.96,100,TGT
2025-11-04,9:37:06.446300063,T,90.78,100,90.96,100,TGT
2025-11-04,9:37:06.446330026,T,90.71,200,90.96,100,TGT
2025-11-04,9:37:07.708777584,T,90.78,100,90.96,100,TGT
2025-11-04,9:37:07.711604273,T,90.71,200,90.96,100,TGT
2025-11-04,9:37:07.722525339,T,90.78,200,90.96,100,TGT
2025-11-04,9:37:07.874341958,T,90.78,200,90.91,100,TGT
2025-11-04,9:37:07.874727874,T,90.78,200,90.87,100,TGT
2025-11-04,9:37:07.913785939,T,90.78,200,90.91,100,TGT
2025-11-04,9:37:07.917214187,T,90.71,200,90.91,100,TGT
2025-11-04,9:37:07.917249258,T,90.79,200,90.91,100,TGT
2025-11-04,9:37:08.450569816,T,90.79,200,90.96,100,TGT
2025-11-04,9:37:09.205959476,T,90.71,200,90.96,100,TGT
2025-11-04,9:37:09.205959476,T,90.71,200,90.91,100,TGT
2025-11-04,9:37:09.205979410,T,90.71,200,90.83,100,TGT
2025-11-04,9:37:09.205979410,T,90.71,200,90.81,100,TGT
2025-11-04,9:37:09.207227454,T,90.71,200,90.83,100,TGT
2025-11-04,9:37:09.213066281,T,90.71,200,90.82,100,TGT
2025-11-04,9:37:09.214073720,T,90.75,100,90.82,100,TGT
2025-11-04,9:37:09.214289228,T,90.75,100,90.83,100,TGT
2025-11-04,9:37:09.216319095,T,90.71,200,90.83,100,TGT
2025-11-04,9:37:09.217592141,T,90.71,200,90.82,100,TGT
2025-11-04,9:37:09.217967975,T,90.5,2000,90.82,100,TGT
2025-11-04,9:37:09.217973037,T,90.64,200,90.82,100,TGT
2025-11-04,9:37:09.223035106,T,90.64,200,90.78,100,TGT
2025-11-04,9:37:09.223045167,T,90.64,200,90.77,100,TGT
2025-11-04,9:37:09.223601368,T,90.64,200,90.78,100,TGT
2025-11-04,9:37:09.224087543,T,90.64,200,90.83,100,TGT
2025-11-04,9:37:09.305997717,T,90.64,200,90.87,100,TGT
2025-11-04,9:37:09.406061067,T,90.64,200,90.88,100,TGT
2025-11-04,9:37:11.281454142,T,90.64,200,90.82,100,TGT
2025-11-04,9:37:11.281479032,T,90.64,200,90.8,100,TGT
2025-11-04,9:37:11.281754740,T,90.5,2000,90.8,100,TGT
2025-11-04,9:37:11.281759895,T,90.58,200,90.8,100,TGT
2025-11-04,9:37:11.282065477,T,90.58,200,90.82,100,TGT
2025-11-04,9:37:11.283463810,T,90.58,200,90.77,100,TGT
2025-11-04,9:37:11.289608437,T,90.58,300,90.77,100,TGT
2025-11-04,9:37:11.473240982,T,90.58,200,90.77,100,TGT
2025-11-04,9:37:12.127319203,T,90.59,100,90.77,100,TGT
2025-11-04,9:37:13.361870266,T,90.59,100,90.74,100,TGT
2025-11-04,9:37:14.393046996,T,90.59,100,90.77,100,TGT
2025-11-04,9:37:14.393848828,T,90.59,300,90.77,100,TGT
2025-11-04,9:37:14.413290351,T,90.59,400,90.77,100,TGT
2025-11-04,9:37:15.288435098,T,90.59,300,90.77,100,TGT
2025-11-04,9:37:15.288470218,T,90.6,100,90.77,100,TGT
2025-11-04,9:37:17.908632197,T,90.59,300,90.77,100,TGT
2025-11-04,9:37:17.908667296,T,90.61,100,90.77,100,TGT
2025-11-04,9:37:24.415975140,T,90.61,200,90.77,100,TGT
2025-11-04,9:37:24.417243176,T,90.62,100,90.77,100,TGT
2025-11-04,9:37:24.419237837,T,90.63,200,90.77,100,TGT
2025-11-04,9:37:24.428259336,T,90.63,300,90.77,100,TGT
2025-11-04,9:37:24.847327768,T,90.63,200,90.77,100,TGT
2025-11-04,9:37:25.934141894,T,90.63,200,90.73,100,TGT
2025-11-04,9:37:25.934166973,T,90.63,200,90.7,100,TGT
2025-11-04,9:37:25.935079163,T,90.63,200,90.73,100,TGT
2025-11-04,9:37:26.424585344,T,90.63,200,90.73,200,TGT
2025-11-04,9:37:27.086141417,T,90.63,200,90.73,100,TGT
2025-11-04,9:37:27.115105433,T,90.63,200,90.77,100,TGT
2025-11-04,9:37:27.115586533,T,90.63,200,90.77,200,TGT
2025-11-04,9:37:27.194384248,T,90.63,200,90.77,100,TGT
2025-11-04,9:37:27.201275741,T,90.63,200,90.77,200,TGT
2025-11-04,9:37:27.242834717,T,90.63,200,90.77,100,TGT
2025-11-04,9:37:27.330869409,T,90.63,200,90.77,200,TGT
2025-11-04,9:37:27.344897877,T,90.63,200,90.77,100,TGT
2025-11-04,9:37:27.454398726,T,90.63,200,90.77,200,TGT
2025-11-04,9:37:27.746650026,T,90.63,200,90.77,100,TGT
2025-11-04,9:37:28.260784859,T,90.63,200,90.77,200,TGT
2025-11-04,9:37:28.422775681,T,90.63,200,90.77,100,TGT
2025-11-04,9:37:29.538563913,T,90.61,100,90.77,100,TGT
2025-11-04,9:37:29.538879770,T,90.61,100,90.82,100,TGT
2025-11-04,9:37:30.341587094,T,90.61,100,90.87,200,TGT
2025-11-04,9:37:32.553421424,T,90.61,100,90.85,100,TGT
2025-11-04,9:37:34.371908711,T,90.55,100,90.85,100,TGT
2025-11-04,9:37:34.417326940,T,90.67,100,90.85,100,TGT
2025-11-04,9:37:35.124301202,T,90.67,200,90.85,100,TGT
2025-11-04,9:37:35.124311158,T,90.68,100,90.85,100,TGT
2025-11-04,9:37:35.124321248,T,90.69,100,90.85,100,TGT
2025-11-04,9:37:35.124356295,T,90.68,100,90.85,100,TGT
2025-11-04,9:37:35.224670357,T,90.67,100,90.85,100,TGT
2025-11-04,9:37:36.961107126,T,90.71,100,90.85,100,TGT
2025-11-04,9:37:36.961713613,T,90.67,100,90.85,100,TGT
2025-11-04,9:37:37.597187536,T,90.67,100,90.78,100,TGT
2025-11-04,9:37:37.746939237,T,90.67,100,90.85,100,TGT
2025-11-04,9:37:39.352870220,T,90.67,100,90.78,100,TGT
2025-11-04,9:37:39.393090970,T,90.71,100,90.78,100,TGT
2025-11-04,9:37:39.393116090,T,90.71,100,90.85,100,TGT
2025-11-04,9:37:41.327233963,T,90.71,100,90.78,100,TGT
2025-11-04,9:37:41.327258891,T,90.71,100,90.77,100,TGT
2025-11-04,9:37:41.327674981,T,90.67,100,90.77,100,TGT
2025-11-04,9:37:41.327719944,T,90.67,100,90.74,100,TGT
2025-11-04,9:37:41.348780177,T,90.67,100,90.77,100,TGT
2025-11-04,9:37:43.796045383,T,90.67,300,90.77,100,TGT
2025-11-04,9:37:43.925744407,T,90.67,300,90.85,100,TGT
2025-11-04,9:37:45.005065694,T,90.67,300,90.78,100,TGT
2025-11-04,9:37:45.013074856,T,90.67,200,90.78,100,TGT
2025-11-04,9:37:45.013074856,T,90.53,100,90.78,100,TGT
2025-11-04,9:37:45.013089809,T,90.52,200,90.78,100,TGT
2025-11-04,9:37:45.013094878,T,90.52,200,90.69,100,TGT
2025-11-04,9:37:45.013405839,T,90.54,100,90.69,100,TGT
2025-11-04,9:37:45.013651391,T,90.52,200,90.69,100,TGT
2025-11-04,9:37:45.013676215,T,90.52,200,90.67,100,TGT
2025-11-04,9:37:45.017765995,T,90.52,200,90.71,200,TGT
2025-11-04,9:37:45.018412492,T,90.52,200,90.71,100,TGT
2025-11-04,9:37:45.033769073,T,90.52,200,90.76,100,TGT
2025-11-04,9:37:45.034591074,T,90.52,200,90.74,100,TGT
2025-11-04,9:37:45.113098047,T,90.52,200,90.75,100,TGT
2025-11-04,9:37:45.156922478,T,90.52,200,90.78,100,TGT
2025-11-04,9:37:45.223019996,T,90.62,100,90.78,100,TGT
2025-11-04,9:37:46.771488934,T,90.52,200,90.78,100,TGT
2025-11-04,9:37:49.764103423,T,90.52,200,90.76,100,TGT
2025-11-04,9:37:49.764469244,T,90.52,200,90.75,100,TGT
2025-11-04,9:37:49.765155935,T,90.52,200,90.73,100,TGT
2025-11-04,9:37:49.765160975,T,90.52,200,90.72,100,TGT
2025-11-04,9:37:49.765170956,T,90.52,200,90.71,100,TGT
2025-11-04,9:37:49.765181006,T,90.52,200,90.72,100,TGT
2025-11-04,9:37:49.765201097,T,90.52,200,90.67,100,TGT
2025-11-04,9:37:49.765211024,T,90.52,200,90.66,100,TGT
2025-11-04,9:37:49.765256129,T,90.52,200,90.67,100,TGT
2025-11-04,9:37:49.765997926,T,90.52,200,90.66,100,TGT
2025-11-04,9:37:49.766318737,T,90.52,200,90.67,100,TGT
2025-11-04,9:37:49.766459071,T,90.52,200,90.64,100,TGT
2025-11-04,9:37:49.766925197,T,90.52,200,90.67,100,TGT
2025-11-04,9:37:49.767255980,T,90.52,200,90.66,100,TGT
2025-11-04,9:37:49.767706988,T,90.52,200,90.67,100,TGT
2025-11-04,9:37:49.768007723,T,90.52,200,90.64,100,TGT
2025-11-04,9:37:49.768453781,T,90.52,200,90.67,100,TGT
2025-11-04,9:37:49.768774570,T,90.52,200,90.64,100,TGT
2025-11-04,9:37:49.769250661,T,90.52,200,90.67,100,TGT
2025-11-04,9:37:49.769551461,T,90.52,200,90.64,100,TGT
2025-11-04,9:37:49.770002449,T,90.52,200,90.67,100,TGT
2025-11-04,9:37:49.770328297,T,90.52,200,90.64,100,TGT
2025-11-04,9:37:49.770789399,T,90.52,200,90.67,100,TGT
2025-11-04,9:37:49.771095038,T,90.52,200,90.64,100,TGT
2025-11-04,9:37:49.771551174,T,90.52,200,90.67,100,TGT
2025-11-04,9:37:49.771856875,T,90.52,200,90.64,100,TGT
2025-11-04,9:37:49.772323021,T,90.52,200,90.67,100,TGT
2025-11-04,9:37:49.775786235,T,90.52,200,90.67,200,TGT
2025-11-04,9:37:49.780302001,T,90.52,200,90.67,100,TGT
2025-11-04,9:37:49.780808199,T,90.52,200,90.66,100,TGT
2025-11-04,9:37:49.833789422,T,90.52,200,90.66,200,TGT
2025-11-04,9:37:49.939947412,T,90.52,200,90.66,100,TGT
2025-11-04,9:37:49.954512051,T,90.52,200,90.75,100,TGT
2025-11-04,9:37:49.965302805,T,90.52,200,90.76,100,TGT
2025-11-04,9:37:50.237992468,T,90.52,200,90.75,100,TGT
2025-11-04,9:37:50.238057534,T,90.52,200,90.73,100,TGT
2025-11-04,9:37:50.238067642,T,90.52,200,90.75,100,TGT
2025-11-04,9:37:50.238162838,T,90.52,200,90.76,100,TGT
2025-11-04,9:37:50.239861923,T,90.5,2000,90.76,100,TGT
2025-11-04,9:37:50.240613673,T,90.5,2000,90.78,100,TGT
2025-11-04,9:37:50.240784013,T,90.5,2000,90.76,100,TGT
2025-11-04,9:37:50.261869253,T,90.5,2000,90.75,100,TGT
2025-11-04,9:37:50.261919451,T,90.5,2000,90.74,100,TGT
2025-11-04,9:37:50.262180044,T,90.5,2000,90.75,100,TGT
2025-11-04,9:37:50.262190054,T,90.5,2000,90.65,100,TGT
2025-11-04,9:37:50.262280267,T,90.5,2000,90.75,100,TGT
2025-11-04,9:37:50.262616049,T,90.5,1900,90.75,100,TGT
2025-11-04,9:37:50.280899648,T,90.5,1900,90.76,100,TGT
2025-11-04,9:37:50.280919686,T,90.5,1900,90.75,100,TGT
2025-11-04,9:37:50.362854931,T,90.5,1900,90.74,100,TGT
2025-11-04,9:37:50.362859888,T,90.5,1900,90.65,100,TGT
2025-11-04,9:37:50.362945145,T,90.5,1900,90.6,100,TGT
2025-11-04,9:37:50.363305931,T,90.5,1900,90.73,100,TGT
2025-11-04,9:37:50.366027498,T,90.5,1900,90.62,100,TGT
2025-11-04,9:37:50.399612562,T,90.5,1900,90.61,100,TGT
2025-11-04,9:37:50.399637559,T,90.5,1900,90.62,100,TGT
2025-11-04,9:37:51.363589045,T,90.5,1900,90.73,100,TGT
2025-11-04,9:37:51.512378566,T,90.5,1900,90.72,100,TGT
2025-11-04,9:37:51.790260472,T,90.5,1900,90.73,100,TGT
2025-11-04,9:37:52.082927700,T,90.5,1900,90.74,100,TGT
2025-11-04,9:37:52.103065723,T,90.5,1900,90.73,100,TGT
2025-11-04,9:37:52.296160766,T,90.5,1900,90.74,100,TGT
2025-11-04,9:37:53.272922843,T,90.5,1900,90.73,100,TGT
2025-11-04,9:37:53.393354590,T,90.5,1900,90.74,100,TGT
2025-11-04,9:37:53.592288493,T,90.5,1900,90.73,100,TGT
2025-11-04,9:37:53.642192789,T,90.5,1900,90.74,100,TGT
2025-11-04,9:37:53.741884930,T,90.5,1900,90.73,100,TGT
2025-11-04,9:37:53.742651787,T,90.5,1900,90.74,100,TGT
2025-11-04,9:37:54.219146916,T,90.52,100,90.74,100,TGT
2025-11-04,9:37:54.219673197,T,90.52,100,90.73,100,TGT
2025-11-04,9:37:54.295243209,T,90.52,100,90.74,100,TGT
2025-11-04,9:37:54.684345264,T,90.52,100,90.75,100,TGT
2025-11-04,9:37:54.967885685,T,90.52,100,90.68,100,TGT
2025-11-04,9:37:56.500271396,T,90.52,200,90.68,100,TGT
2025-11-04,9:37:57.482857227,T,90.52,100,90.68,100,TGT
2025-11-04,9:38:03.953492789,T,90.5,2000,90.68,100,TGT
2025-11-04,9:38:03.953497371,T,90.5,2000,90.63,100,TGT
2025-11-04,9:38:03.953502415,T,90.5,1900,90.63,100,TGT
2025-11-04,9:38:03.953517739,T,90.5,1900,90.59,100,TGT
2025-11-04,9:38:03.953567629,T,90.5,1900,90.62,100,TGT
2025-11-04,9:38:03.953592656,T,90.5,1900,90.61,100,TGT
2025-11-04,9:38:03.953607631,T,90.5,1900,90.62,100,TGT
2025-11-04,9:38:03.953622766,T,90.5,1900,90.61,100,TGT
2025-11-04,9:38:03.953642953,T,90.5,1900,90.6,100,TGT
2025-11-04,9:38:03.953688206,T,90.5,1900,90.59,100,TGT
2025-11-04,9:38:03.953688206,T,90.5,1900,90.6,100,TGT
2025-11-04,9:38:03.953728021,T,90.5,1900,90.59,100,TGT
2025-11-04,9:38:03.953743001,T,90.5,1900,90.59,200,TGT
2025-11-04,9:38:03.955572334,T,90.5,1900,90.59,100,TGT
2025-11-04,9:38:03.963806943,T,90.5,1900,90.62,100,TGT
2025-11-04,9:38:03.998238956,T,90.5,2000,90.62,100,TGT
2025-11-04,9:38:04.012688409,T,90.5,2000,90.63,100,TGT
2025-11-04,9:38:04.154867216,T,90.5,2000,90.63,200,TGT
2025-11-04,9:38:04.437305035,T,90.5,2000,90.63,100,TGT
2025-11-04,9:38:04.626941726,T,90.5,2000,90.66,100,TGT
2025-11-04,9:38:04.702707243,T,90.5,2000,90.63,100,TGT
2025-11-04,9:38:04.703133330,T,90.5,2000,90.63,200,TGT
2025-11-04,9:38:04.703183364,T,90.5,2000,90.63,100,TGT
2025-11-04,9:38:05.230073620,T,90.5,2000,90.66,100,TGT
2025-11-04,9:38:05.231923052,T,90.5,2000,90.64,100,TGT
2025-11-04,9:38:05.232344013,T,90.5,2000,90.64,200,TGT
2025-11-04,9:38:05.232389205,T,90.5,2000,90.64,100,TGT
2025-11-04,9:38:05.367466039,T,90.5,2000,90.66,100,TGT
2025-11-04,9:38:07.130831899,T,90.5,2000,90.63,100,TGT
2025-11-04,9:38:07.466611832,T,90.5,2000,90.66,100,TGT
2025-11-04,9:38:07.476710933,T,90.5,1900,90.66,100,TGT
2025-11-04,9:38:07.476751075,T,90.51,100,90.66,100,TGT
2025-11-04,9:38:08.767170220,T,90.51,100,90.62,100,TGT
2025-11-04,9:38:08.767841892,T,90.51,200,90.62,100,TGT
2025-11-04,9:38:09.002290364,T,90.51,200,90.62,200,TGT
2025-11-04,9:38:09.398158551,T,90.51,200,90.62,100,TGT
2025-11-04,9:38:09.638521105,T,90.51,200,90.66,100,TGT
2025-11-04,9:38:10.138341918,T,90.51,100,90.66,100,TGT
2025-11-04,9:38:11.976596252,T,90.51,100,90.65,100,TGT
2025-11-04,9:38:12.216512804,T,90.51,100,90.61,100,TGT
2025-11-04,9:38:15.260810409,T,90.51,200,90.61,100,TGT
2025-11-04,9:38:15.269420934,T,90.51,100,90.61,100,TGT
2025-11-04,9:38:15.269636551,T,90.5,1900,90.61,100,TGT
2025-11-04,9:38:15.278332150,T,90.52,200,90.61,100,TGT
2025-11-04,9:38:18.191131756,T,90.54,100,90.61,100,TGT
2025-11-04,9:38:18.201170650,T,90.54,300,90.61,100,TGT
2025-11-04,9:38:19.156697075,T,90.54,300,90.65,100,TGT
2025-11-04,9:38:19.156722157,T,90.58,100,90.65,100,TGT
2025-11-04,9:38:19.157438893,T,90.58,100,90.81,200,TGT
2025-11-04,9:38:19.157458893,T,90.62,100,90.81,200,TGT
2025-11-04,9:38:19.158015280,T,90.61,100,90.81,200,TGT
2025-11-04,9:38:19.158265915,T,90.61,100,90.78,100,TGT
2025-11-04,9:38:19.158265915,T,90.61,100,90.78,200,TGT
2025-11-04,9:38:19.158265915,T,90.61,100,90.73,100,TGT
2025-11-04,9:38:19.158281037,T,90.61,100,90.78,100,TGT
2025-11-04,9:38:19.158285847,T,90.61,100,90.78,200,TGT
2025-11-04,9:38:19.158290878,T,90.61,100,90.78,300,TGT
2025-11-04,9:38:19.158306218,T,90.61,100,90.77,100,TGT
2025-11-04,9:38:19.158311347,T,90.61,100,90.73,100,TGT
2025-11-04,9:38:19.158311347,T,90.61,100,90.72,100,TGT
2025-11-04,9:38:19.158466305,T,90.61,100,90.67,100,TGT
2025-11-04,9:38:19.158496452,T,90.58,100,90.67,100,TGT
2025-11-04,9:38:19.158962469,T,90.64,100,90.67,100,TGT
2025-11-04,9:38:19.158992589,T,90.58,100,90.67,100,TGT
2025-11-04,9:38:19.159012632,T,90.58,100,90.66,100,TGT
2025-11-04,9:38:19.159243231,T,90.61,100,90.66,100,TGT
2025-11-04,9:38:19.159393597,T,90.63,100,90.66,100,TGT
2025-11-04,9:38:19.159418652,T,90.61,100,90.66,100,TGT
2025-11-04,9:38:19.161588793,T,90.58,100,90.66,100,TGT
2025-11-04,9:38:19.161608846,T,90.58,100,90.65,100,TGT
2025-11-04,9:38:19.167593084,T,90.62,200,90.65,100,TGT
2025-11-04,9:38:19.193885772,T,90.58,100,90.65,100,TGT
2025-11-04,9:38:19.193900736,T,90.58,100,90.63,100,TGT
2025-11-04,9:38:19.195294131,T,90.58,100,90.64,100,TGT
2025-11-04,9:38:19.256780601,T,90.54,100,90.64,100,TGT
2025-11-04,9:38:20.145006586,T,90.56,100,90.64,100,TGT
2025-11-04,9:38:20.145066708,T,90.54,100,90.64,100,TGT
2025-11-04,9:38:20.145091782,T,90.54,200,90.64,100,TGT
2025-11-04,9:38:20.145151910,T,90.55,100,90.64,100,TGT
2025-11-04,9:38:20.145402484,T,90.55,100,90.81,200,TGT
2025-11-04,9:38:20.145422701,T,90.56,100,90.81,200,TGT
2025-11-04,9:38:20.164392721,T,90.55,100,90.81,200,TGT
2025-11-04,9:38:20.245190241,T,90.54,100,90.81,200,TGT
2025-11-04,9:38:23.578656964,T,90.54,100,90.78,100,TGT
2025-11-04,9:38:23.578661879,T,90.5,1900,90.78,100,TGT
2025-11-04,9:38:23.578666875,T,90.5,1900,90.81,200,TGT
2025-11-04,9:38:23.578671970,T,90.5,1900,90.8,100,TGT
2025-11-04,9:38:23.578676925,T,90.5,1900,90.79,100,TGT
2025-11-04,9:38:24.019477060,T,90.58,100,90.79,100,TGT
2025-11-04,9:38:24.019702635,T,90.58,200,90.79,100,TGT
2025-11-04,9:38:24.306165093,T,90.58,100,90.79,100,TGT
2025-11-04,9:38:25.162229558,T,90.58,100,90.81,200,TGT
2025-11-04,9:38:26.750383111,T,90.58,200,90.81,200,TGT
2025-11-04,9:38:26.750413199,T,90.58,100,90.81,200,TGT
2025-11-04,9:38:27.982718959,T,90.5,1900,90.81,200,TGT
2025-11-04,9:38:29.262668155,T,90.58,100,90.81,200,TGT
2025-11-04,9:38:34.268198061,T,90.5,2000,90.81,200,TGT
2025-11-04,9:38:37.335039428,T,90.5,2000,90.69,100,TGT
2025-11-04,9:38:37.335916569,T,90.5,2000,90.68,100,TGT
2025-11-04,9:38:39.221704652,T,90.6,200,90.68,100,TGT
2025-11-04,9:38:39.232254285,T,90.6,200,90.69,100,TGT
2025-11-04,9:38:39.372829202,T,90.6,200,90.81,200,TGT
2025-11-04,9:38:39.640030785,T,90.62,100,90.81,200,TGT
2025-11-04,9:38:39.641118574,T,90.6,200,90.81,200,TGT
2025-11-04,9:38:46.294338625,T,90.6,300,90.81,200,TGT
2025-11-04,9:38:48.008231973,T,90.6,200,90.81,200,TGT
2025-11-04,9:38:55.086955919,T,90.6,200,90.8,100,TGT
2025-11-04,9:38:55.086961064,T,90.6,200,90.73,100,TGT
2025-11-04,9:38:55.086965945,T,90.6,200,90.72,100,TGT
2025-11-04,9:38:55.113338819,T,90.6,200,90.72,200,TGT
2025-11-04,9:38:55.113378949,T,90.6,200,90.72,100,TGT
2025-11-04,9:38:55.287002561,T,90.6,200,90.73,200,TGT
2025-11-04,9:38:56.298006085,T,90.6,200,90.72,100,TGT
2025-11-04,9:38:56.298562397,T,90.6,200,90.73,200,TGT
2025-11-04,9:38:57.318617522,T,90.5,2000,90.73,200,TGT
2025-11-04,9:38:58.229572687,T,90.5,2000,90.72,100,TGT
2025-11-04,9:38:58.740655232,T,90.5,2000,90.73,200,TGT
2025-11-04,9:38:58.895945269,T,90.5,2000,90.72,100,TGT
2025-11-04,9:38:59.204510285,T,90.5,2000,90.73,200,TGT
2025-11-04,9:39:00.202111900,T,90.58,100,90.73,200,TGT
2025-11-04,9:39:00.202121948,T,90.58,100,90.73,100,TGT
2025-11-04,9:39:00.202147040,T,90.58,100,90.81,200,TGT
2025-11-04,9:39:00.202167136,T,90.6,100,90.81,200,TGT
2025-11-04,9:39:00.202192161,T,90.6,100,90.73,100,TGT
2025-11-04,9:39:00.202197167,T,90.6,100,90.81,200,TGT
2025-11-04,9:39:00.202297401,T,90.58,100,90.81,200,TGT
2025-11-04,9:39:00.202367515,T,90.61,100,90.81,200,TGT
2025-11-04,9:39:00.202578052,T,90.61,200,90.81,200,TGT
2025-11-04,9:39:00.209730109,T,90.61,100,90.81,200,TGT
2025-11-04,9:39:00.212591897,T,90.53,100,90.81,200,TGT
2025-11-04,9:39:00.631023839,T,90.53,100,90.73,100,TGT
2025-11-04,9:39:00.631043904,T,90.53,100,90.81,200,TGT
2025-11-04,9:39:00.631068922,T,90.53,100,90.73,100,TGT
2025-11-04,9:39:01.174463591,T,90.52,100,90.73,100,TGT
2025-11-04,9:39:01.218232834,T,90.52,100,90.81,200,TGT
2025-11-04,9:39:01.218257837,T,90.52,100,90.73,100,TGT
2025-11-04,9:39:01.594579360,T,90.51,100,90.73,100,TGT
2025-11-04,9:39:02.552611725,T,90.51,100,90.81,200,TGT
2025-11-04,9:39:05.181514798,T,90.5,2000,90.81,200,TGT
2025-11-04,9:39:05.181569886,T,90.5,2000,90.81,300,TGT
2025-11-04,9:39:05.945825614,T,90.5,2000,90.8,100,TGT
2025-11-04,9:39:05.998335763,T,90.5,2000,90.69,100,TGT
2025-11-04,9:39:05.998826852,T,90.5,2000,90.71,100,TGT
2025-11-04,9:39:05.998831943,T,90.5,2000,90.69,100,TGT
2025-11-04,9:39:05.998852276,T,90.5,2000,90.68,100,TGT
2025-11-04,9:39:05.998872036,T,90.5,2000,90.68,200,TGT
2025-11-04,9:39:05.998876961,T,90.5,2000,90.68,100,TGT
2025-11-04,9:39:05.998902038,T,90.5,2000,90.68,200,TGT
2025-11-04,9:39:05.998937090,T,90.5,2000,90.68,100,TGT
2025-11-04,9:39:05.999002522,T,90.5,2000,90.66,100,TGT
2025-11-04,9:39:05.999022379,T,90.5,2000,90.68,100,TGT
2025-11-04,9:39:05.999047384,T,90.5,2000,90.66,100,TGT
2025-11-04,9:39:05.999077451,T,90.5,1900,90.66,100,TGT
2025-11-04,9:39:05.999082448,T,90.5,1900,90.68,100,TGT
2025-11-04,9:39:05.999102555,T,90.59,100,90.68,100,TGT
2025-11-04,9:39:06.099977900,T,90.59,100,90.69,100,TGT
2025-11-04,9:39:06.198903552,T,90.5,1900,90.69,100,TGT
2025-11-04,9:39:07.754634798,T,90.5,1900,90.68,100,TGT
2025-11-04,9:39:07.755622126,T,90.5,1900,90.67,100,TGT
2025-11-04,9:39:07.854653086,T,90.5,1900,90.68,100,TGT
2025-11-04,9:39:09.188185022,T,90.5,2000,90.68,100,TGT
2025-11-04,9:39:09.215445024,T,90.5,1900,90.68,100,TGT
2025-11-04,9:39:09.865113339,T,90.5,1900,90.67,100,TGT
2025-11-04,9:39:09.865418468,T,90.5,1900,90.63,100,TGT
2025-11-04,9:39:09.865433422,T,90.5,1900,90.67,100,TGT
2025-11-04,9:39:09.865453524,T,90.5,1900,90.63,100,TGT
2025-11-04,9:39:09.865754202,T,90.5,1900,90.67,100,TGT
2025-11-04,9:39:09.865954712,T,90.5,1900,90.62,100,TGT
2025-11-04,9:39:09.866039965,T,90.5,1900,90.67,100,TGT
2025-11-04,9:39:09.866230348,T,90.5,2000,90.67,100,TGT
2025-11-04,9:39:09.875637808,T,90.5,1900,90.67,100,TGT
2025-11-04,9:39:09.881100843,T,90.51,100,90.67,100,TGT
2025-11-04,9:39:09.881632142,T,90.5,1900,90.67,100,TGT
2025-11-04,9:39:09.881657253,T,90.5,1900,90.56,100,TGT
2025-11-04,9:39:09.881657253,T,90.5,1900,90.54,100,TGT
2025-11-04,9:39:09.882138330,T,90.5,1800,90.54,100,TGT
2025-11-04,9:39:09.882143257,T,90.5,1700,90.54,100,TGT
2025-11-04,9:39:09.882143257,T,90.5,1000,90.54,100,TGT
2025-11-04,9:39:09.882143257,T,90.5,500,90.54,100,TGT
2025-11-04,9:39:09.882148394,T,90.48,100,90.54,100,TGT
2025-11-04,9:39:09.882168319,T,90.48,100,90.52,100,TGT
2025-11-04,9:39:09.882268678,T,90.48,100,90.51,100,TGT
2025-11-04,9:39:09.882714630,T,90.43,200,90.51,100,TGT
2025-11-04,9:39:09.882729647,T,90.43,200,90.5,100,TGT
2025-11-04,9:39:09.883285973,T,90.43,200,90.51,100,TGT
2025-11-04,9:39:09.883371301,T,90.43,200,90.5,100,TGT
2025-11-04,9:39:09.883927580,T,90.43,200,90.56,100,TGT
2025-11-04,9:39:09.885346274,T,90.3,100,90.56,100,TGT
2025-11-04,9:39:09.886218007,T,90.31,100,90.56,100,TGT
2025-11-04,9:39:09.892843820,T,90.46,100,90.56,100,TGT
2025-11-04,9:39:09.901058404,T,90.32,100,90.56,100,TGT
2025-11-04,9:39:09.901093382,T,90.47,100,90.56,100,TGT
2025-11-04,9:39:09.936131963,T,90.34,100,90.56,100,TGT
2025-11-04,9:39:09.936167051,T,90.48,100,90.56,100,TGT
2025-11-04,9:39:09.981775648,T,90.48,100,90.62,100,TGT
2025-11-04,9:39:09.981805744,T,90.48,100,90.66,100,TGT
2025-11-04,9:39:09.982918415,T,90.48,100,90.62,100,TGT
2025-11-04,9:39:09.983274248,T,90.48,100,90.67,100,TGT
2025-11-04,9:39:09.983399585,T,90.48,100,90.62,100,TGT
2025-11-04,9:39:09.983775738,T,90.48,100,90.67,100,TGT
2025-11-04,9:39:09.983865628,T,90.48,100,90.62,100,TGT
2025-11-04,9:39:09.998911432,T,90.48,100,90.57,100,TGT
2025-11-04,9:39:11.027221231,T,90.48,200,90.57,100,TGT
2025-11-04,9:39:11.156153434,T,90.48,200,90.62,100,TGT
2025-11-04,9:39:12.887648468,T,90.48,100,90.62,100,TGT
2025-11-04,9:39:12.887683590,T,90.49,100,90.62,100,TGT
2025-11-04,9:39:13.535311447,T,90.49,100,90.67,100,TGT
2025-11-04,9:39:14.049736893,T,90.48,100,90.67,100,TGT
2025-11-04,9:39:14.049777062,T,90.5,100,90.67,100,TGT
2025-11-04,9:39:14.067885226,T,90.5,100,90.68,100,TGT
2025-11-04,9:39:14.075608546,T,90.48,100,90.68,100,TGT
2025-11-04,9:39:14.075648662,T,90.51,100,90.68,100,TGT
2025-11-04,9:39:15.457986929,T,90.48,100,90.68,100,TGT
2025-11-04,9:39:15.458027007,T,90.56,100,90.68,100,TGT
2025-11-04,9:39:19.789841945,T,90.54,100,90.68,100,TGT
2025-11-04,9:39:19.878087158,T,90.54,100,90.62,100,TGT
2025-11-04,9:39:19.878623577,T,90.48,100,90.62,100,TGT
2025-11-04,9:39:19.878648568,T,90.48,100,90.59,100,TGT
2025-11-04,9:39:19.978696877,T,90.48,100,90.62,100,TGT
2025-11-04,9:39:20.982077195,T,90.44,200,90.62,100,TGT
2025-11-04,9:39:21.027771119,T,90.5,100,90.62,100,TGT
2025-11-04,9:39:22.049851088,T,90.5,100,90.61,100,TGT
2025-11-04,9:39:22.050237018,T,90.5,100,90.62,100,TGT
2025-11-04,9:39:22.051364667,T,90.5,100,90.58,100,TGT
2025-11-04,9:39:22.056406737,T,90.5,100,90.6,100,TGT
2025-11-04,9:39:22.056461755,T,90.5,100,90.61,100,TGT
2025-11-04,9:39:22.057263743,T,90.5,100,90.6,100,TGT
2025-11-04,9:39:22.204424398,T,90.5,100,90.62,200,TGT
2025-11-04,9:39:22.204429366,T,90.5,100,90.6,100,TGT
2025-11-04,9:39:22.204464417,T,90.5,100,90.59,100,TGT
2025-11-04,9:39:24.127545894,T,90.5,100,90.62,100,TGT
2025-11-04,9:39:25.161288584,T,90.5,100,90.68,100,TGT
2025-11-04,9:39:25.331458964,T,90.5,100,90.67,100,TGT
2025-11-04,9:39:25.331499098,T,90.5,100,90.68,100,TGT
2025-11-04,9:39:25.512370000,T,90.5,100,90.67,100,TGT
2025-11-04,9:39:25.571049768,T,90.5,100,90.68,100,TGT
2025-11-04,9:39:25.752707599,T,90.5,100,90.67,100,TGT
2025-11-04,9:39:26.752890352,T,90.5,100,90.68,100,TGT
2025-11-04,9:39:27.063430163,T,90.5,100,90.67,100,TGT
2025-11-04,9:39:29.392594059,T,90.5,100,90.68,100,TGT
2025-11-04,9:39:29.658612802,T,90.5,100,90.67,100,TGT
2025-11-04,9:39:30.892176523,T,90.5,100,90.6,100,TGT
2025-11-04,9:39:31.670024622,T,90.5,100,90.6,200,TGT
2025-11-04,9:39:31.670099887,T,90.5,100,90.6,300,TGT
2025-11-04,9:39:31.670541035,T,90.5,100,90.6,200,TGT
2025-11-04,9:39:31.743304286,T,90.5,100,90.6,100,TGT
2025-11-04,9:39:32.011653573,T,90.5,100,90.68,100,TGT
2025-11-04,9:39:32.011909102,T,90.5,100,90.67,100,TGT
2025-11-04,9:39:32.849845374,T,90.5,100,90.68,100,TGT
2025-11-04,9:39:33.679256303,T,90.5,100,90.67,100,TGT
2025-11-04,9:39:33.732648601,T,90.5,100,90.68,100,TGT
2025-11-04,9:39:34.489421460,T,90.5,100,90.67,100,TGT
2025-11-04,9:39:34.503650292,T,90.5,100,90.68,100,TGT
2025-11-04,9:39:38.374111528,T,90.5,100,90.67,100,TGT
2025-11-04,9:39:38.381473701,T,90.5,100,90.68,100,TGT
2025-11-04,9:39:38.620247565,T,90.54,100,90.68,100,TGT
2025-11-04,9:39:38.948935625,T,90.54,100,90.67,100,TGT
2025-11-04,9:39:39.084298184,T,90.54,100,90.68,100,TGT
2025-11-04,9:39:41.032444390,T,90.54,200,90.68,100,TGT
2025-11-04,9:39:42.308970510,T,90.54,300,90.68,100,TGT
2025-11-04,9:39:43.279798426,T,90.54,200,90.68,100,TGT
2025-11-04,9:39:50.988277593,T,90.54,100,90.68,100,TGT
2025-11-04,9:39:51.033836200,T,90.56,100,90.68,100,TGT
2025-11-04,9:39:51.038126537,T,90.56,100,90.69,100,TGT
2025-11-04,9:39:51.428401233,T,90.56,100,90.67,100,TGT
2025-11-04,9:39:51.439653001,T,90.56,100,90.69,100,TGT
2025-11-04,9:39:57.058358648,T,90.56,200,90.69,100,TGT
2025-11-04,9:39:57.058448789,T,90.56,100,90.69,100,TGT
2025-11-04,9:39:57.058694492,T,90.56,200,90.69,100,TGT
2025-11-04,9:39:57.058869844,T,90.58,100,90.69,100,TGT
2025-11-04,9:39:57.059907278,T,90.56,300,90.69,100,TGT
2025-11-04,9:39:57.061631433,T,90.57,100,90.69,100,TGT
2025-11-04,9:39:57.064002434,T,90.57,100,90.75,100,TGT
2025-11-04,9:39:57.064027117,T,90.63,100,90.75,100,TGT
2025-11-04,9:39:57.065219948,T,90.58,100,90.75,100,TGT
2025-11-04,9:39:57.065911648,T,90.57,100,90.75,100,TGT
2025-11-04,9:39:57.083002307,T,90.56,200,90.75,100,TGT
2025-11-04,9:39:57.119604528,T,90.57,100,90.75,100,TGT
2025-11-04,9:39:57.119609504,T,90.58,100,90.75,100,TGT
2025-11-04,9:39:57.119619546,T,90.58,100,90.77,200,TGT
2025-11-04,9:39:57.119639601,T,90.66,100,90.77,200,TGT
2025-11-04,9:39:57.120085729,T,90.66,100,90.99,100,TGT
2025-11-04,9:39:57.120672107,T,90.57,100,90.99,100,TGT
2025-11-04,9:39:57.129633430,T,90.56,200,90.99,100,TGT
2025-11-04,9:39:57.141807452,T,90.57,100,90.99,100,TGT
2025-11-04,9:39:57.141807452,T,90.58,100,90.99,100,TGT
2025-11-04,9:39:57.141852594,T,90.56,200,90.99,100,TGT
2025-11-04,9:39:57.141927668,T,90.56,100,90.99,100,TGT
2025-11-04,9:39:57.154998898,T,90.56,100,91.0,100,TGT
2025-11-04,9:39:57.155018917,T,90.69,100,91.0,100,TGT
2025-11-04,9:39:57.155023909,T,90.69,100,90.92,100,TGT
2025-11-04,9:39:57.156873327,T,90.58,100,90.92,100,TGT
2025-11-04,9:39:57.159003362,T,90.56,200,90.92,100,TGT
2025-11-04,9:39:57.170671246,T,90.56,200,90.89,100,TGT
2025-11-04,9:39:57.173994068,T,90.56,100,90.89,100,TGT
2025-11-04,9:39:57.176169316,T,90.56,100,90.84,200,TGT
2025-11-04,9:39:58.097248669,T,90.56,100,90.81,100,TGT
2025-11-04,9:39:58.097253707,T,90.56,100,90.75,100,TGT
2025-11-04,9:39:58.097278756,T,90.56,100,90.84,300,TGT
2025-11-04,9:39:58.097298838,T,90.56,100,90.81,100,TGT
2025-11-04,9:39:58.097429083,T,90.56,200,90.81,100,TGT
2025-11-04,9:39:58.097539422,T,90.56,200,90.79,200,TGT
2025-11-04,9:39:58.098030538,T,90.56,200,90.72,100,TGT
2025-11-04,9:39:58.098441587,T,90.56,200,90.79,200,TGT
2025-11-04,9:39:58.101528927,T,90.56,200,90.75,100,TGT
2025-11-04,9:39:58.101889732,T,90.56,200,90.79,200,TGT
2025-11-04,9:39:58.108761147,T,90.56,100,90.79,200,TGT
2025-11-04,9:40:00.661257099,T,90.59,100,90.79,200,TGT
2025-11-04,9:40:00.661302172,T,90.56,100,90.79,200,TGT
2025-11-04,9:40:00.885391120,T,90.56,200,90.79,200,TGT
2025-11-04,9:40:00.991794595,T,90.56,100,90.79,200,TGT
2025-11-04,9:40:01.039122321,T,90.6,100,90.79,200,TGT
2025-11-04,9:40:02.477499179,T,90.6,100,90.7,100,TGT
2025-11-04,9:40:02.616655705,T,90.6,100,90.79,200,TGT
2025-11-04,9:40:06.878784484,T,90.6,100,90.79,300,TGT
2025-11-04,9:40:07.036284684,T,90.6,100,90.79,200,TGT
2025-11-04,9:40:07.036820981,T,90.6,100,90.7,100,TGT
2025-11-04,9:40:07.037241982,T,90.6,100,90.7,200,TGT
2025-11-04,9:40:07.069869678,T,90.6,100,90.7,300,TGT
2025-11-04,9:40:07.069899767,T,90.6,100,90.69,100,TGT
2025-11-04,9:40:07.070105280,T,90.6,100,90.7,300,TGT
2025-11-04,9:40:07.070125375,T,90.49,200,90.7,300,TGT
2025-11-04,9:40:07.070125375,T,90.49,200,90.69,100,TGT
2025-11-04,9:40:07.070165456,T,90.49,200,90.63,100,TGT
2025-11-04,9:40:07.198977237,T,90.43,100,90.63,100,TGT
2025-11-04,9:40:07.198982279,T,90.43,300,90.63,100,TGT
2025-11-04,9:40:07.528487435,T,90.43,300,90.7,100,TGT
2025-11-04,9:40:07.529299385,T,90.43,300,90.7,200,TGT
2025-11-04,9:40:07.878897480,T,90.43,300,90.65,100,TGT
2025-11-04,9:40:07.879168131,T,90.43,300,90.65,200,TGT
2025-11-04,9:40:07.882225305,T,90.43,200,90.65,200,TGT
2025-11-04,9:40:07.883287855,T,90.43,200,90.65,300,TGT
2025-11-04,9:40:07.940559366,T,90.43,200,90.65,400,TGT
2025-11-04,9:40:07.940574400,T,90.43,200,90.65,300,TGT
2025-11-04,9:40:07.940839946,T,90.43,200,90.65,200,TGT
2025-11-04,9:40:07.940844935,T,90.43,200,90.65,300,TGT
2025-11-04,9:40:07.940880033,T,90.43,200,90.62,100,TGT
2025-11-04,9:40:07.940995301,T,90.43,200,90.62,200,TGT
2025-11-04,9:40:07.941000317,T,90.43,200,90.61,100,TGT
2025-11-04,9:40:07.941180742,T,90.51,100,90.61,100,TGT
2025-11-04,9:40:07.941235877,T,90.51,200,90.61,100,TGT
2025-11-04,9:40:07.941351202,T,90.51,200,90.62,200,TGT
2025-11-04,9:40:08.041219039,T,90.51,200,90.62,100,TGT
2025-11-04,9:40:10.194869528,T,90.51,200,90.62,200,TGT
2025-11-04,9:40:10.195215356,T,90.51,200,90.6,100,TGT
2025-11-04,9:40:10.195391043,T,90.51,200,90.58,100,TGT
2025-11-04,9:40:10.195441213,T,90.51,100,90.58,100,TGT
2025-11-04,9:40:10.195441213,T,90.44,100,90.58,100,TGT
2025-11-04,9:40:10.195461067,T,90.43,200,90.58,100,TGT
2025-11-04,9:40:10.312760459,T,90.43,200,90.58,200,TGT
2025-11-04,9:40:10.313136290,T,90.43,200,90.57,100,TGT
2025-11-04,9:40:10.313276655,T,90.43,200,90.56,100,TGT
2025-11-04,9:40:10.920633627,T,90.43,200,90.55,100,TGT
2025-11-04,9:40:10.920663603,T,90.43,200,90.53,100,TGT
2025-11-04,9:40:10.921219923,T,90.43,200,90.55,100,TGT
2025-11-04,9:40:10.921676105,T,90.43,200,90.56,200,TGT
2025-11-04,9:40:10.927109051,T,90.33,100,90.56,200,TGT
2025-11-04,9:40:10.927119029,T,90.36,200,90.56,200,TGT
2025-11-04,9:40:10.933078248,T,90.36,200,90.56,100,TGT
2025-11-04,9:40:14.027329831,T,90.36,200,90.5,100,TGT
2025-11-04,9:40:14.027886244,T,90.36,200,90.56,100,TGT
2025-11-04,9:40:14.032522261,T,90.36,200,90.56,200,TGT
2025-11-04,9:40:14.140474391,T,90.36,200,90.56,100,TGT
2025-11-04,9:40:16.350564697,T,90.36,200,90.51,100,TGT
2025-11-04,9:40:16.608053156,T,90.36,200,90.51,200,TGT
2025-11-04,9:40:16.912929379,T,90.36,200,90.51,100,TGT
2025-11-04,9:40:19.832986049,T,90.36,200,90.56,100,TGT
2025-11-04,9:40:19.836739932,T,90.36,200,90.5,100,TGT
2025-11-04,9:40:19.836940453,T,90.36,200,90.5,200,TGT
2025-11-04,9:40:19.836945397,T,90.36,200,90.49,100,TGT
2025-11-04,9:40:19.839957583,T,90.36,200,90.47,100,TGT
2025-11-04,9:40:19.840032876,T,90.36,200,90.49,100,TGT
2025-11-04,9:40:19.840373585,T,90.25,100,90.49,100,TGT
2025-11-04,9:40:19.840383650,T,90.29,200,90.49,100,TGT
2025-11-04,9:40:19.849956474,T,90.29,300,90.49,100,TGT
2025-11-04,9:40:19.849966493,T,90.29,300,90.5,100,TGT
2025-11-04,9:40:19.854031158,T,90.29,300,90.49,100,TGT
2025-11-04,9:40:19.856993160,T,90.29,200,90.49,100,TGT
2025-11-04,9:40:19.936958761,T,90.29,200,90.5,100,TGT
2025-11-04,9:40:20.226804217,T,90.3,100,90.5,100,TGT
2025-11-04,9:40:20.230412785,T,90.3,100,90.48,100,TGT
2025-11-04,9:40:21.739322575,T,90.3,100,90.5,100,TGT
2025-11-04,9:40:21.930914003,T,90.3,100,90.5,200,TGT
2025-11-04,9:40:21.940967936,T,90.3,100,90.5,100,TGT
2025-11-04,9:40:22.624195782,T,90.3,100,90.48,100,TGT
2025-11-04,9:40:23.222345737,T,90.29,300,90.48,100,TGT
2025-11-04,9:40:23.222420953,T,90.3,100,90.48,100,TGT
2025-11-04,9:40:23.463765863,T,90.3,100,90.48,200,TGT
2025-11-04,9:40:23.463830999,T,90.29,300,90.48,200,TGT
2025-11-04,9:40:23.505369987,T,90.29,200,90.48,200,TGT
2025-11-04,9:40:23.505390397,T,90.29,200,90.48,300,TGT
2025-11-04,9:40:23.505395063,T,90.29,200,90.47,100,TGT
2025-11-04,9:40:23.505420112,T,90.29,200,90.44,100,TGT
2025-11-04,9:40:23.512446810,T,90.29,200,90.47,100,TGT
2025-11-04,9:40:23.515679568,T,90.29,200,90.48,100,TGT
2025-11-04,9:40:23.545811290,T,90.29,200,90.48,200,TGT
2025-11-04,9:40:24.400833304,T,90.29,200,90.48,100,TGT
2025-11-04,9:40:25.412287891,T,90.29,200,90.48,200,TGT
2025-11-04,9:40:25.457816430,T,90.29,200,90.48,100,TGT
2025-11-04,9:40:30.192100213,T,90.29,200,90.5,100,TGT
2025-11-04,9:40:36.420468355,T,90.3,100,90.5,100,TGT
2025-11-04,9:40:36.545456227,T,90.29,200,90.5,100,TGT
2025-11-04,9:40:36.730406779,T,90.3,100,90.5,100,TGT
2025-11-04,9:40:36.949538903,T,90.29,200,90.5,100,TGT
2025-11-04,9:40:37.032822262,T,90.3,100,90.5,100,TGT
2025-11-04,9:40:37.037172676,T,90.29,200,90.5,100,TGT
2025-11-04,9:40:37.633633602,T,90.3,100,90.5,100,TGT
2025-11-04,9:40:37.803939351,T,90.29,200,90.5,100,TGT
2025-11-04,9:40:38.112820270,T,90.29,200,90.45,100,TGT
2025-11-04,9:40:38.115025470,T,90.29,200,90.45,200,TGT
2025-11-04,9:40:38.115175860,T,90.29,200,90.44,100,TGT
2025-11-04,9:40:38.128733080,T,90.29,200,90.45,100,TGT
2025-11-04,9:40:39.115569259,T,90.3,100,90.45,100,TGT
2025-11-04,9:40:42.985523665,T,90.29,200,90.45,100,TGT
2025-11-04,9:40:42.985849551,T,90.29,200,90.43,100,TGT
2025-11-04,9:40:42.985854463,T,90.29,200,90.42,100,TGT
2025-11-04,9:40:42.985869540,T,90.29,200,90.41,100,TGT
2025-11-04,9:40:42.985879582,T,90.29,200,90.42,100,TGT
2025-11-04,9:40:42.985884544,T,90.29,200,90.41,100,TGT
2025-11-04,9:40:42.985914777,T,90.29,200,90.4,100,TGT
2025-11-04,9:40:42.986100093,T,90.25,100,90.4,100,TGT
2025-11-04,9:40:42.986220435,T,90.25,100,90.41,100,TGT
2025-11-04,9:40:43.020978148,T,90.29,100,90.41,100,TGT
2025-11-04,9:40:43.086338839,T,90.29,100,90.45,100,TGT
2025-11-04,9:40:43.373618233,T,90.25,100,90.45,100,TGT
2025-11-04,9:40:43.373648516,T,90.25,100,90.41,100,TGT
2025-11-04,9:40:43.373648516,T,90.25,100,90.4,100,TGT
2025-11-04,9:40:43.373673450,T,90.25,100,90.41,100,TGT
2025-11-04,9:40:43.373683464,T,90.25,100,90.4,100,TGT
2025-11-04,9:40:43.374024261,T,90.25,100,90.41,100,TGT
2025-11-04,9:40:43.374054306,T,90.25,100,90.4,100,TGT
2025-11-04,9:40:43.374094369,T,90.25,100,90.41,100,TGT
2025-11-04,9:40:43.374580527,T,90.25,100,90.4,100,TGT
2025-11-04,9:40:43.374585585,T,90.25,100,90.36,100,TGT
2025-11-04,9:40:43.374590568,T,90.25,100,90.34,100,TGT
2025-11-04,9:40:43.375146880,T,90.25,100,90.41,100,TGT
2025-11-04,9:40:43.375522853,T,90.25,100,90.4,100,TGT
2025-11-04,9:40:43.390122756,T,90.23,200,90.4,100,TGT
2025-11-04,9:40:43.390157731,T,90.23,200,90.36,100,TGT
2025-11-04,9:40:43.390167668,T,90.23,200,90.4,100,TGT
2025-11-04,9:40:43.390248062,T,90.23,200,90.37,100,TGT
2025-11-04,9:40:43.390518550,T,90.23,200,90.36,100,TGT
2025-11-04,9:40:43.390869366,T,90.23,200,90.37,100,TGT
2025-11-04,9:40:43.396768467,T,90.23,200,90.4,100,TGT
2025-11-04,9:40:43.573805160,T,90.23,200,90.41,100,TGT
2025-11-04,9:40:43.600037745,T,90.23,200,90.35,100,TGT
2025-11-04,9:40:43.604874209,T,90.13,100,90.35,100,TGT
2025-11-04,9:40:43.604884245,T,90.18,200,90.35,100,TGT
2025-11-04,9:40:43.605365597,T,90.18,200,90.35,200,TGT
2025-11-04,9:40:43.605365597,T,90.18,200,90.29,100,TGT
2025-11-04,9:40:43.606412908,T,90.18,200,90.35,100,TGT
2025-11-04,9:40:44.350580914,T,90.26,100,90.35,100,TGT
2025-11-04,9:40:44.350731165,T,90.18,200,90.35,100,TGT
2025-11-04,9:40:44.750413408,T,90.18,200,90.35,200,TGT
2025-11-04,9:40:44.750603795,T,90.18,200,90.35,100,TGT
2025-11-04,9:40:45.340910115,T,90.18,200,90.4,100,TGT
2025-11-04,9:40:45.347696241,T,90.18,200,90.4,200,TGT
2025-11-04,9:40:45.436653306,T,90.18,200,90.4,100,TGT
2025-11-04,9:40:45.893556666,T,90.18,200,90.4,200,TGT
2025-11-04,9:40:45.893576997,T,90.18,200,90.39,100,TGT
2025-11-04,9:40:45.893581739,T,90.18,200,90.38,100,TGT
2025-11-04,9:40:45.896744289,T,90.18,200,90.38,200,TGT
2025-11-04,9:40:45.904994179,T,90.18,200,90.37,100,TGT
2025-11-04,9:40:45.904998987,T,90.18,200,90.35,100,TGT
2025-11-04,9:40:45.905660515,T,90.18,200,90.35,200,TGT
2025-11-04,9:40:45.905720613,T,90.18,200,90.35,100,TGT
2025-11-04,9:40:46.615406388,T,90.18,200,90.35,200,TGT
2025-11-04,9:40:46.760481955,T,90.18,200,90.35,100,TGT
2025-11-04,9:40:48.081639469,T,90.18,200,90.35,200,TGT
2025-11-04,9:40:48.081649506,T,90.18,200,90.33,100,TGT
2025-11-04,9:40:48.084236002,T,90.18,200,90.35,200,TGT
2025-11-04,9:40:48.084240755,T,90.18,200,90.35,100,TGT
2025-11-04,9:40:48.133568194,T,90.18,200,90.33,100,TGT
2025-11-04,9:40:48.504481831,T,90.18,200,90.35,100,TGT
2025-11-04,9:40:49.634794683,T,90.18,200,90.35,200,TGT
2025-11-04,9:40:49.635391029,T,90.18,200,90.35,100,TGT
2025-11-04,9:40:49.966595103,T,90.18,200,90.35,200,TGT
2025-11-04,9:40:50.152753616,T,90.18,200,90.35,100,TGT
2025-11-04,9:40:50.153094472,T,90.18,200,90.35,200,TGT
2025-11-04,9:40:50.186594253,T,90.18,200,90.33,100,TGT
2025-11-04,9:40:50.401741761,T,90.18,200,90.32,100,TGT
2025-11-04,9:40:50.402227904,T,90.18,200,90.31,100,TGT
2025-11-04,9:40:50.402247940,T,90.18,200,90.31,200,TGT
2025-11-04,9:40:50.403440794,T,90.18,200,90.31,100,TGT
2025-11-04,9:40:50.403561123,T,90.18,200,90.3,100,TGT
2025-11-04,9:40:50.788037170,T,90.18,200,90.31,200,TGT
2025-11-04,9:40:51.341731260,T,90.11,100,90.31,200,TGT
2025-11-04,9:40:51.341736222,T,90.12,200,90.31,200,TGT
2025-11-04,9:40:53.762623790,T,90.12,200,90.3,100,TGT
2025-11-04,9:40:53.763255228,T,90.12,200,90.31,200,TGT
2025-11-04,9:40:54.811342040,T,90.12,200,90.3,100,TGT
2025-11-04,9:40:54.872111844,T,90.12,200,90.31,200,TGT
2025-11-04,9:40:55.075782070,T,90.12,200,90.3,100,TGT
2025-11-04,9:40:55.076142883,T,90.12,200,90.29,100,TGT
2025-11-04,9:40:55.076543822,T,90.12,200,90.3,100,TGT
2025-11-04,9:40:55.077671505,T,90.12,200,90.3,200,TGT
2025-11-04,9:40:55.091935506,T,90.12,200,90.3,100,TGT
2025-11-04,9:40:55.899123410,T,90.21,100,90.3,100,TGT
2025-11-04,9:40:55.899394042,T,90.21,100,90.31,100,TGT
2025-11-04,9:40:55.924288389,T,90.21,100,90.33,100,TGT
2025-11-04,9:40:55.989799489,T,90.21,100,90.35,200,TGT
2025-11-04,9:40:56.111820212,T,90.21,100,90.35,100,TGT
2025-11-04,9:41:02.025278275,T,90.21,100,90.38,100,TGT
2025-11-04,9:41:02.026962237,T,90.21,100,90.38,200,TGT
2025-11-04,9:41:02.028881770,T,90.21,100,90.36,100,TGT
2025-11-04,9:41:02.048453377,T,90.21,100,90.37,100,TGT
2025-11-04,9:41:02.056267016,T,90.21,100,90.36,100,TGT
2025-11-04,9:41:02.222463120,T,90.21,100,90.37,200,TGT
2025-11-04,9:41:02.222538103,T,90.21,100,90.37,100,TGT
2025-11-04,9:41:02.223801382,T,90.21,100,90.37,200,TGT
2025-11-04,9:41:02.610587558,T,90.21,100,90.36,100,TGT
2025-11-04,9:41:02.612166398,T,90.21,100,90.37,200,TGT
2025-11-04,9:41:03.036186566,T,90.21,100,90.36,100,TGT
2025-11-04,9:41:03.049388037,T,90.21,100,90.37,200,TGT
2025-11-04,9:41:03.049443131,T,90.21,100,90.37,100,TGT
2025-11-04,9:41:03.049939246,T,90.21,100,90.36,100,TGT
2025-11-04,9:41:03.049969363,T,90.21,100,90.35,100,TGT
2025-11-04,9:41:03.249279202,T,90.21,100,90.36,100,TGT
2025-11-04,9:41:03.338431576,T,90.14,100,90.36,100,TGT
2025-11-04,9:41:03.434289961,T,90.14,100,90.37,200,TGT
2025-11-04,9:41:03.434365186,T,90.14,100,90.37,100,TGT
2025-11-04,9:41:03.449711659,T,90.14,100,90.36,100,TGT
2025-11-04,9:41:03.604575622,T,90.14,100,90.37,100,TGT
2025-11-04,9:41:03.941037137,T,90.14,100,90.36,100,TGT
2025-11-04,9:41:03.941077288,T,90.14,100,90.35,100,TGT
2025-11-04,9:41:04.000704391,T,90.13,100,90.35,100,TGT
2025-11-04,9:41:04.036900550,T,90.12,300,90.35,100,TGT
2025-11-04,9:41:04.041085586,T,90.12,300,90.36,100,TGT
2025-11-04,9:41:04.238931967,T,90.23,100,90.36,100,TGT
2025-11-04,9:41:04.239633618,T,90.23,200,90.36,100,TGT
2025-11-04,9:41:05.198432830,T,90.23,300,90.36,100,TGT
2025-11-04,9:41:05.310364442,T,90.23,200,90.36,100,TGT
2025-11-04,9:41:06.092001549,T,90.23,200,90.37,200,TGT
2025-11-04,9:41:06.092116784,T,90.23,200,90.37,100,TGT
2025-11-04,9:41:06.250213441,T,90.23,300,90.37,100,TGT
2025-11-04,9:41:06.250273661,T,90.26,100,90.37,100,TGT
2025-11-04,9:41:06.250529236,T,90.26,200,90.37,100,TGT
2025-11-04,9:41:06.251291061,T,90.27,100,90.37,100,TGT
2025-11-04,9:41:06.251742047,T,90.28,100,90.37,100,TGT
2025-11-04,9:41:06.252213216,T,90.27,200,90.37,100,TGT
2025-11-04,9:41:06.252298367,T,90.27,200,90.41,100,TGT
2025-11-04,9:41:06.252769539,T,90.27,200,90.43,100,TGT
2025-11-04,9:41:06.252844745,T,90.27,200,90.41,100,TGT
2025-11-04,9:41:06.252974960,T,90.27,100,90.41,100,TGT
2025-11-04,9:41:06.257671181,T,90.27,100,90.43,100,TGT
2025-11-04,9:41:06.257716272,T,90.28,100,90.43,100,TGT
2025-11-04,9:41:06.257786432,T,90.29,100,90.43,100,TGT
2025-11-04,9:41:06.257896792,T,90.3,100,90.43,100,TGT
2025-11-04,9:41:06.258337835,T,90.29,100,90.43,100,TGT
2025-11-04,9:41:06.258468066,T,90.3,100,90.43,100,TGT
2025-11-04,9:41:06.258838956,T,90.29,100,90.43,100,TGT
2025-11-04,9:41:06.259896453,T,90.3,100,90.43,100,TGT
2025-11-04,9:41:06.260011789,T,90.3,100,90.41,100,TGT
2025-11-04,9:41:06.260162173,T,90.29,100,90.41,100,TGT
2025-11-04,9:41:06.275904771,T,90.29,100,90.43,100,TGT
2025-11-04,9:41:06.275909659,T,90.3,100,90.43,100,TGT
2025-11-04,9:41:06.275969793,T,90.3,100,90.45,100,TGT
2025-11-04,9:41:06.395204058,T,90.28,100,90.45,100,TGT
2025-11-04,9:41:06.435194172,T,90.28,100,90.43,100,TGT
2025-11-04,9:41:06.451422793,T,90.27,100,90.43,100,TGT
2025-11-04,9:41:07.715539458,T,90.29,100,90.43,100,TGT
2025-11-04,9:41:07.715574514,T,90.3,100,90.43,100,TGT
2025-11-04,9:41:07.715574514,T,90.29,100,90.43,100,TGT
2025-11-04,9:41:07.715714844,T,90.3,100,90.43,100,TGT
2025-11-04,9:41:07.715840109,T,90.3,100,90.45,100,TGT
2025-11-04,9:41:07.715925333,T,90.3,200,90.45,100,TGT
2025-11-04,9:41:07.725548297,T,90.31,100,90.45,100,TGT
2025-11-04,9:41:07.725548297,T,90.33,100,90.45,100,TGT
2025-11-04,9:41:07.725558351,T,90.33,100,90.49,100,TGT
2025-11-04,9:41:07.725618442,T,90.34,100,90.49,100,TGT
2025-11-04,9:41:07.725648536,T,90.35,100,90.49,100,TGT
2025-11-04,9:41:07.725994375,T,90.35,100,90.5,100,TGT
2025-11-04,9:41:07.726355224,T,90.36,100,90.5,100,TGT
2025-11-04,9:41:07.728380063,T,90.35,100,90.5,100,TGT
2025-11-04,9:41:07.767182840,T,90.35,200,90.5,100,TGT
2025-11-04,9:41:07.832122207,T,90.35,100,90.5,100,TGT
2025-11-04,9:41:09.411219155,T,90.35,200,90.5,100,TGT
2025-11-04,9:41:09.411299329,T,90.35,100,90.5,100,TGT
2025-11-04,9:41:09.544055551,T,90.33,100,90.5,100,TGT
2025-11-04,9:41:10.119080463,T,90.35,100,90.5,100,TGT
2025-11-04,9:41:10.126833924,T,90.34,100,90.5,100,TGT
2025-11-04,9:41:10.189909164,T,90.33,100,90.5,100,TGT
2025-11-04,9:41:10.189924273,T,90.34,100,90.5,100,TGT
2025-11-04,9:41:10.312506315,T,90.33,100,90.5,100,TGT
2025-11-04,9:41:10.447688534,T,90.33,100,90.49,100,TGT
2025-11-04,9:41:10.447688534,T,90.3,100,90.49,100,TGT
2025-11-04,9:41:10.447688534,T,90.29,100,90.49,100,TGT
2025-11-04,9:41:10.447693301,T,90.29,100,90.43,100,TGT
2025-11-04,9:41:10.447713383,T,90.29,100,90.44,100,TGT
2025-11-04,9:41:10.447748466,T,90.28,100,90.44,100,TGT
2025-11-04,9:41:10.447748466,T,90.27,100,90.44,100,TGT
2025-11-04,9:41:10.447903791,T,90.28,100,90.44,100,TGT
2025-11-04,9:41:10.447913890,T,90.36,100,90.44,100,TGT
2025-11-04,9:41:10.829558030,T,90.3,100,90.44,100,TGT
2025-11-04,9:41:10.829563128,T,90.27,100,90.44,100,TGT
2025-11-04,9:41:10.829583193,T,90.27,100,90.42,100,TGT
2025-11-04,9:41:10.829593147,T,90.27,100,90.39,100,TGT
2025-11-04,9:41:10.829828668,T,90.29,100,90.39,100,TGT
2025-11-04,9:41:10.836629943,T,90.29,100,90.41,100,TGT
2025-11-04,9:41:10.844132742,T,90.28,100,90.41,100,TGT
2025-11-04,9:41:10.846082412,T,90.29,100,90.41,100,TGT
2025-11-04,9:41:10.930273081,T,90.29,100,90.44,100,TGT
2025-11-04,9:41:11.049045995,T,90.27,100,90.44,100,TGT
2025-11-04,9:41:11.708316623,T,90.27,100,90.39,100,TGT
2025-11-04,9:41:11.840847243,T,90.27,100,90.44,100,TGT
2025-11-04,9:41:12.066840669,T,90.27,100,90.41,100,TGT
2025-11-04,9:41:14.246343050,T,90.27,100,90.42,100,TGT
2025-11-04,9:41:15.888019291,T,90.27,100,90.44,200,TGT
2025-11-04,9:41:15.888024131,T,90.27,100,90.44,100,TGT
2025-11-04,9:41:15.888044190,T,90.3,100,90.44,100,TGT
2025-11-04,9:41:15.888044190,T,90.35,100,90.44,100,TGT
2025-11-04,9:41:15.888094286,T,90.31,100,90.44,100,TGT
2025-11-04,9:41:15.888169656,T,90.31,100,90.4,100,TGT
2025-11-04,9:41:15.893251587,T,90.29,100,90.4,100,TGT
2025-11-04,9:41:15.893306711,T,90.3,100,90.4,100,TGT
2025-11-04,9:41:15.898669524,T,90.3,100,90.44,100,TGT
2025-11-04,9:41:15.988107510,T,90.28,100,90.44,100,TGT
2025-11-04,9:41:16.013132174,T,90.28,100,90.43,100,TGT
2025-11-04,9:41:16.013723653,T,90.28,100,90.44,200,TGT
2025-11-04,9:41:16.013768698,T,90.28,100,90.44,100,TGT
2025-11-04,9:41:16.619737450,T,90.3,300,90.44,100,TGT
2025-11-04,9:41:17.246365225,T,90.31,100,90.44,100,TGT
2025-11-04,9:41:17.322095617,T,90.31,100,90.5,100,TGT
2025-11-04,9:41:17.487294237,T,90.33,100,90.5,100,TGT
2025-11-04,9:41:17.487910661,T,90.33,200,90.5,100,TGT
2025-11-04,9:41:17.487915689,T,90.34,100,90.5,100,TGT
2025-11-04,9:41:17.487940731,T,90.36,100,90.5,100,TGT
2025-11-04,9:41:17.488717599,T,90.38,100,90.5,100,TGT
2025-11-04,9:41:17.490271326,T,90.36,100,90.5,100,TGT
2025-11-04,9:41:17.630695872,T,90.34,100,90.5,100,TGT
2025-11-04,9:41:17.708410995,T,90.33,200,90.5,100,TGT
2025-11-04,9:41:17.708446107,T,90.34,100,90.5,100,TGT
2025-11-04,9:41:18.620313534,T,90.34,100,90.47,100,TGT
2025-11-04,9:41:18.620393612,T,90.33,200,90.47,100,TGT
2025-11-04,9:41:18.620559079,T,90.33,100,90.47,100,TGT
2025-11-04,9:41:18.625756468,T,90.33,100,90.5,100,TGT
2025-11-04,9:41:19.627006791,T,90.33,100,90.49,100,TGT
2025-11-04,9:41:19.627202269,T,90.33,100,90.5,100,TGT
2025-11-04,9:41:20.411726184,T,90.33,100,90.49,100,TGT
2025-11-04,9:41:20.411761295,T,90.33,100,90.5,100,TGT
2025-11-04,9:41:20.439908392,T,90.33,100,90.49,100,TGT
2025-11-04,9:41:20.440459736,T,90.33,100,90.5,100,TGT
2025-11-04,9:41:20.508942824,T,90.33,200,90.5,100,TGT
2025-11-04,9:41:20.508947963,T,90.34,100,90.5,100,TGT
2025-11-04,9:41:20.508947963,T,90.35,100,90.5,100,TGT
2025-11-04,9:41:20.508967940,T,90.34,100,90.5,100,TGT
2025-11-04,9:41:20.509178516,T,90.35,100,90.5,100,TGT
2025-11-04,9:41:20.509985361,T,90.34,100,90.5,100,TGT
2025-11-04,9:41:20.515979643,T,90.33,100,90.5,100,TGT
2025-11-04,9:41:20.516049902,T,90.34,100,90.5,100,TGT
2025-11-04,9:41:20.516420700,T,90.33,100,90.5,100,TGT
2025-11-04,9:41:20.521798473,T,90.34,100,90.5,100,TGT
2025-11-04,9:41:20.522590404,T,90.35,100,90.5,100,TGT
2025-11-04,9:41:20.609527490,T,90.34,100,90.5,100,TGT
2025-11-04,9:41:20.609582629,T,90.35,100,90.5,100,TGT
2025-11-04,9:41:20.708999463,T,90.34,100,90.5,100,TGT
2025-11-04,9:41:21.352923551,T,90.34,100,90.47,100,TGT
2025-11-04,9:41:21.353840662,T,90.34,100,90.5,100,TGT
2025-11-04,9:41:21.993579738,T,90.34,100,90.47,100,TGT
2025-11-04,9:41:22.098499694,T,90.34,100,90.5,100,TGT
2025-11-04,9:41:22.502281717,T,90.34,100,90.47,100,TGT
