DATE,TIME_M,EX,BID,BIDSIZ,ASK,ASKSIZ,SYM_ROOT
2025-11-13,9:30:01.401864346,T,91.25,100,92.39,100,TGT
2025-11-13,9:30:02.428975976,T,91.25,100,91.99,100,TGT
2025-11-13,9:30:05.087103615,T,91.5,200,91.99,100,TGT
2025-11-13,9:30:05.087128699,T,91.5,300,91.99,100,TGT
2025-11-13,9:30:05.087284086,T,91.5,200,91.99,100,TGT
2025-11-13,9:30:05.088141060,T,91.58,200,91.99,100,TGT
2025-11-13,9:30:05.245891955,T,91.73,200,91.99,100,TGT
2025-11-13,9:30:11.726311158,T,91.25,100,91.99,100,TGT
2025-11-13,9:30:11.726311158,T,91.85,100,91.99,100,TGT
2025-11-13,9:30:11.726326143,T,91.78,100,91.99,100,TGT
2025-11-13,9:30:11.726336224,T,91.75,100,91.99,100,TGT
2025-11-13,9:30:11.726346173,T,91.74,100,91.99,100,TGT
2025-11-13,9:30:11.726356228,T,91.73,100,91.99,100,TGT
2025-11-13,9:30:11.726356228,T,91.25,100,91.99,100,TGT
2025-11-13,9:30:11.726436459,T,91.25,200,91.99,100,TGT
2025-11-13,9:30:11.726466723,T,91.75,100,91.99,100,TGT
2025-11-13,9:30:11.726491538,T,91.25,200,91.99,100,TGT
2025-11-13,9:30:11.726571779,T,91.52,100,91.99,100,TGT
2025-11-13,9:30:11.726576737,T,91.57,100,91.99,100,TGT
2025-11-13,9:30:11.726576737,T,91.69,100,91.99,100,TGT
2025-11-13,9:30:11.726586905,T,91.69,100,91.98,100,TGT
2025-11-13,9:30:11.726772231,T,91.69,100,91.97,100,TGT
2025-11-13,9:30:11.736826249,T,91.25,100,91.97,100,TGT
2025-11-13,9:30:16.539598401,T,91.25,100,91.94,100,TGT
2025-11-13,9:30:16.539598401,T,91.25,100,91.89,100,TGT
2025-11-13,9:30:16.539608465,T,91.25,100,91.84,100,TGT
2025-11-13,9:30:16.539648521,T,91.5,100,91.84,100,TGT
2025-11-13,9:30:16.540014450,T,91.25,100,91.84,100,TGT
2025-11-13,9:30:16.540109678,T,91.25,100,91.83,100,TGT
2025-11-13,9:30:16.540169810,T,91.25,100,91.89,100,TGT
2025-11-13,9:30:16.540190018,T,91.25,100,91.78,100,TGT
2025-11-13,9:30:16.540219946,T,91.5,100,91.78,100,TGT
2025-11-13,9:30:16.540615783,T,91.25,100,91.78,100,TGT
2025-11-13,9:30:34.196283840,T,91.35,100,91.78,100,TGT
2025-11-13,9:30:34.196283840,T,91.6,100,91.78,100,TGT
2025-11-13,9:30:34.196289206,T,91.66,100,91.78,100,TGT
2025-11-13,9:30:34.197246090,T,91.66,100,92.32,100,TGT
2025-11-13,9:30:34.197246090,T,91.66,100,92.5,200,TGT
2025-11-13,9:30:34.205285325,T,91.6,100,92.5,200,TGT
2025-11-13,9:30:34.206277600,T,91.25,100,92.5,200,TGT
2025-11-13,9:30:51.020130098,T,91.25,100,92.4,100,TGT
2025-11-13,9:31:00.000535146,T,91.25,100,92.39,100,TGT
2025-11-13,9:31:01.111141242,T,91.25,100,92.32,100,TGT
2025-11-13,9:31:01.726737905,T,91.49,200,92.32,100,TGT
2025-11-13,9:31:01.726737905,T,91.49,200,91.96,200,TGT
2025-11-13,9:31:03.297545057,T,91.49,200,92.39,100,TGT
2025-11-13,9:31:03.723600043,T,91.49,200,92.08,200,TGT
2025-11-13,9:31:04.436709084,T,91.25,100,92.08,200,TGT
2025-11-13,9:31:04.723717862,T,91.37,200,92.08,200,TGT
2025-11-13,9:31:05.476145578,T,91.37,300,92.08,200,TGT
2025-11-13,9:31:06.258153510,T,91.51,200,92.08,200,TGT
2025-11-13,9:31:34.073791813,T,91.51,200,92.49,100,TGT
2025-11-13,9:31:34.073796726,T,91.51,200,92.26,200,TGT
2025-11-13,9:31:34.076352917,T,91.37,300,92.26,200,TGT
2025-11-13,9:31:34.084878135,T,91.44,100,92.26,200,TGT
2025-11-13,9:31:34.084883131,T,91.37,300,92.26,200,TGT
2025-11-13,9:31:34.085093732,T,91.5,100,92.26,200,TGT
2025-11-13,9:31:34.085143800,T,91.37,300,92.26,200,TGT
2025-11-13,9:31:34.098355582,T,91.53,100,92.26,200,TGT
2025-11-13,9:31:34.099247385,T,91.75,100,92.26,200,TGT
2025-11-13,9:31:34.099282535,T,91.59,100,92.26,200,TGT
2025-11-13,9:31:34.099302484,T,91.53,100,92.26,200,TGT
2025-11-13,9:31:34.099467912,T,91.75,100,92.26,200,TGT
2025-11-13,9:31:34.099733584,T,91.75,100,92.15,100,TGT
2025-11-13,9:31:34.100485389,T,91.75,100,92.26,200,TGT
2025-11-13,9:31:34.100610703,T,91.75,200,92.26,200,TGT
2025-11-13,9:31:34.100610703,T,91.75,100,92.26,200,TGT
2025-11-13,9:31:34.100725975,T,91.75,200,92.26,200,TGT
2025-11-13,9:31:34.102921104,T,91.75,200,92.0,100,TGT
2025-11-13,9:31:34.104319497,T,91.75,200,91.98,100,TGT
2025-11-13,9:31:34.105888218,T,91.75,200,91.9,100,TGT
2025-11-13,9:31:34.109020634,T,91.75,200,91.95,100,TGT
2025-11-13,9:31:34.109040731,T,91.75,200,91.98,100,TGT
2025-11-13,9:31:34.109085842,T,91.75,200,91.95,100,TGT
2025-11-13,9:31:34.109100871,T,91.75,100,91.95,100,TGT
2025-11-13,9:31:34.109281330,T,91.75,100,91.95,200,TGT
2025-11-13,9:31:34.109291346,T,91.75,100,91.95,300,TGT
2025-11-13,9:31:34.109346472,T,91.75,200,91.95,300,TGT
2025-11-13,9:31:34.109477154,T,91.75,200,91.91,100,TGT
2025-11-13,9:31:34.109477154,T,91.75,200,91.91,200,TGT
2025-11-13,9:31:34.109477154,T,91.75,200,91.91,300,TGT
2025-11-13,9:31:34.109501814,T,91.75,200,91.91,200,TGT
2025-11-13,9:31:34.109521830,T,91.75,200,91.91,100,TGT
2025-11-13,9:31:34.109521830,T,91.75,200,91.98,100,TGT
2025-11-13,9:31:34.118392998,T,91.75,100,91.98,100,TGT
2025-11-13,9:31:34.298517151,T,91.5,100,91.98,100,TGT
2025-11-13,9:31:34.298542173,T,91.44,100,91.98,100,TGT
2025-11-13,9:31:34.298572217,T,91.5,100,91.98,100,TGT
2025-11-13,9:31:34.328393280,T,91.44,100,91.98,100,TGT
2025-11-13,9:31:34.899188140,T,91.52,100,91.98,100,TGT
2025-11-13,9:31:34.899453838,T,91.69,100,91.98,100,TGT
2025-11-13,9:31:34.899804629,T,91.52,100,91.98,100,TGT
2025-11-13,9:31:34.900015079,T,91.69,100,91.98,100,TGT
2025-11-13,9:31:34.900341304,T,91.52,100,91.98,100,TGT
2025-11-13,9:31:34.900390999,T,91.69,100,91.98,100,TGT
2025-11-13,9:31:34.900471245,T,91.52,100,91.98,100,TGT
2025-11-13,9:31:34.900501321,T,91.69,100,91.98,100,TGT
2025-11-13,9:31:34.901012520,T,91.69,100,92.15,200,TGT
2025-11-13,9:31:34.901458532,T,91.8,100,92.15,200,TGT
2025-11-13,9:31:34.901463567,T,91.69,100,92.15,200,TGT
2025-11-13,9:31:34.901473642,T,91.8,100,92.15,200,TGT
2025-11-13,9:31:34.901478640,T,91.69,100,92.15,200,TGT
2025-11-13,9:31:34.901538961,T,91.69,100,92.49,100,TGT
2025-11-13,9:31:34.901548819,T,91.69,100,92.27,200,TGT
2025-11-13,9:31:34.901784308,T,91.97,100,92.27,200,TGT
2025-11-13,9:31:34.902345687,T,91.5,100,92.27,200,TGT
2025-11-13,9:31:35.162284991,T,91.69,100,92.27,200,TGT
2025-11-13,9:31:35.424940813,T,91.5,100,92.27,200,TGT
2025-11-13,9:31:35.508615162,T,91.74,200,92.27,200,TGT
2025-11-13,9:31:35.584340579,T,91.75,200,92.27,200,TGT
2025-11-13,9:31:35.584551084,T,91.75,300,92.27,200,TGT
2025-11-13,9:31:35.810013271,T,91.75,100,92.27,200,TGT
2025-11-13,9:31:35.810068345,T,91.75,100,92.11,200,TGT
2025-11-13,9:31:35.877143127,T,91.75,400,92.11,200,TGT
2025-11-13,9:31:35.877413810,T,91.76,300,92.11,200,TGT
2025-11-13,9:31:35.877423795,T,91.76,400,92.11,200,TGT
2025-11-13,9:31:35.877478966,T,91.81,300,92.11,200,TGT
2025-11-13,9:31:35.877514042,T,91.81,300,92.12,300,TGT
2025-11-13,9:31:35.877519117,T,91.81,300,92.27,200,TGT
2025-11-13,9:31:35.877574195,T,91.81,300,92.12,300,TGT
2025-11-13,9:31:35.877629327,T,91.81,300,92.27,200,TGT
2025-11-13,9:31:35.877669387,T,91.81,300,92.12,200,TGT
2025-11-13,9:31:35.877774619,T,91.81,300,92.11,400,TGT
2025-11-13,9:31:35.878105434,T,91.81,300,92.12,200,TGT
2025-11-13,9:31:35.878330949,T,91.81,400,92.12,200,TGT
2025-11-13,9:31:35.879152910,T,91.81,500,92.12,200,TGT
2025-11-13,9:31:35.902283133,T,91.81,500,92.11,300,TGT
2025-11-13,9:31:35.902348188,T,91.81,200,92.11,300,TGT
2025-11-13,9:31:36.054846519,T,91.81,100,92.11,300,TGT
2025-11-13,9:31:36.054876567,T,91.81,300,92.11,300,TGT
2025-11-13,9:31:36.144565301,T,91.81,100,92.11,300,TGT
2025-11-13,9:31:37.355184407,T,91.81,100,92.07,300,TGT
2025-11-13,9:31:37.355896142,T,91.81,100,92.11,300,TGT
2025-11-13,9:31:37.384619581,T,91.81,100,92.12,200,TGT
2025-11-13,9:31:37.385100774,T,91.81,100,92.11,300,TGT
2025-11-13,9:31:38.279601818,T,91.81,100,92.12,200,TGT
2025-11-13,9:31:38.353337483,T,91.81,100,92.26,100,TGT
2025-11-13,9:31:40.139798506,T,91.81,100,92.25,100,TGT
2025-11-13,9:31:45.306432457,T,91.81,100,92.06,300,TGT
2025-11-13,9:31:46.167473815,T,91.81,300,92.06,300,TGT
2025-11-13,9:31:46.178906119,T,91.81,600,92.06,300,TGT
2025-11-13,9:31:46.179853283,T,91.81,600,92.07,100,TGT
2025-11-13,9:31:46.254671573,T,91.81,700,92.07,100,TGT
2025-11-13,9:31:46.254696643,T,91.82,200,92.07,100,TGT
2025-11-13,9:31:46.254716713,T,91.82,200,92.27,200,TGT
2025-11-13,9:31:46.254721705,T,91.85,100,92.27,200,TGT
2025-11-13,9:31:46.254947198,T,91.94,100,92.27,200,TGT
2025-11-13,9:31:46.255077545,T,91.97,200,92.27,200,TGT
2025-11-13,9:31:46.255202803,T,91.97,200,92.15,300,TGT
2025-11-13,9:31:46.255513537,T,91.97,300,92.15,300,TGT
2025-11-13,9:31:46.255538621,T,91.98,400,92.15,300,TGT
2025-11-13,9:31:46.256240259,T,92.01,200,92.15,300,TGT
2025-11-13,9:31:46.275691662,T,91.98,400,92.15,300,TGT
2025-11-13,9:31:46.275716851,T,92.0,300,92.15,300,TGT
2025-11-13,9:31:46.282362488,T,92.0,300,92.27,200,TGT
2025-11-13,9:31:46.282422681,T,91.98,400,92.27,200,TGT
2025-11-13,9:31:46.465894791,T,92.01,300,92.27,200,TGT
2025-11-13,9:31:46.465949923,T,92.04,300,92.27,200,TGT
2025-11-13,9:31:46.465964906,T,92.05,300,92.27,200,TGT
2025-11-13,9:31:46.465979911,T,92.05,300,92.19,400,TGT
2025-11-13,9:31:46.466020069,T,92.06,300,92.19,400,TGT
2025-11-13,9:31:46.466070173,T,92.06,300,92.27,200,TGT
2025-11-13,9:31:46.468385665,T,92.06,300,92.5,100,TGT
2025-11-13,9:31:46.468395691,T,92.06,300,92.42,200,TGT
2025-11-13,9:31:46.680260439,T,92.05,300,92.42,200,TGT
2025-11-13,9:31:46.725879085,T,92.06,300,92.42,200,TGT
2025-11-13,9:31:46.815407429,T,92.06,300,92.39,100,TGT
2025-11-13,9:31:47.548714572,T,92.05,300,92.39,100,TGT
2025-11-13,9:31:47.581998880,T,92.06,200,92.39,100,TGT
2025-11-13,9:31:48.246557841,T,92.06,200,92.42,300,TGT
2025-11-13,9:31:48.246562054,T,92.06,200,92.42,200,TGT
2025-11-13,9:31:48.246687343,T,92.06,200,92.25,100,TGT
2025-11-13,9:31:48.246812711,T,92.06,200,92.19,200,TGT
2025-11-13,9:31:48.246837761,T,92.06,200,92.19,300,TGT
2025-11-13,9:31:48.246867862,T,92.08,300,92.19,300,TGT
2025-11-13,9:31:48.246882919,T,92.08,300,92.19,400,TGT
2025-11-13,9:31:48.247208637,T,92.11,300,92.19,400,TGT
2025-11-13,9:31:48.247258730,T,92.08,300,92.19,400,TGT
2025-11-13,9:31:48.251473822,T,92.07,400,92.19,400,TGT
2025-11-13,9:31:48.262089103,T,92.07,400,92.19,200,TGT
2025-11-13,9:31:48.399100477,T,92.06,200,92.19,200,TGT
2025-11-13,9:31:48.400428685,T,92.05,300,92.19,200,TGT
2025-11-13,9:31:48.400904809,T,92.05,300,92.19,100,TGT
2025-11-13,9:31:48.400904809,T,92.05,300,92.18,100,TGT
2025-11-13,9:31:48.400929915,T,92.05,300,92.18,200,TGT
2025-11-13,9:31:48.491435469,T,92.06,400,92.18,200,TGT
2025-11-13,9:31:48.550977291,T,92.05,300,92.18,200,TGT
2025-11-13,9:31:48.606254033,T,91.85,100,92.18,200,TGT
2025-11-13,9:31:48.606279117,T,92.01,300,92.18,200,TGT
2025-11-13,9:31:48.606745170,T,92.02,300,92.18,200,TGT
2025-11-13,9:31:48.606955664,T,92.01,300,92.18,200,TGT
2025-11-13,9:31:48.606995800,T,92.02,300,92.18,200,TGT
2025-11-13,9:31:48.683347717,T,92.03,300,92.18,200,TGT
2025-11-13,9:31:49.514367430,T,92.03,300,92.18,300,TGT
2025-11-13,9:31:49.778842570,T,92.03,300,92.17,200,TGT
2025-11-13,9:31:49.778852536,T,92.03,300,92.12,100,TGT
2025-11-13,9:31:49.778877638,T,92.03,300,92.12,200,TGT
2025-11-13,9:31:49.778887674,T,92.02,300,92.12,200,TGT
2025-11-13,9:31:49.779158257,T,91.85,100,92.12,200,TGT
2025-11-13,9:31:49.779198374,T,92.01,300,92.12,200,TGT
2025-11-13,9:31:49.779644487,T,92.01,300,92.12,300,TGT
2025-11-13,9:31:49.780235929,T,91.85,100,92.12,300,TGT
2025-11-13,9:31:49.780265932,T,91.98,300,92.12,300,TGT
2025-11-13,9:31:49.842759807,T,91.85,100,92.12,300,TGT
2025-11-13,9:31:50.785350453,T,91.85,100,92.11,200,TGT
2025-11-13,9:31:50.785375545,T,91.85,100,92.11,300,TGT
2025-11-13,9:31:50.785375545,T,91.81,200,92.11,300,TGT
2025-11-13,9:31:50.785395569,T,91.81,200,92.11,400,TGT
2025-11-13,9:31:50.785405587,T,91.81,200,92.07,100,TGT
2025-11-13,9:31:50.785420654,T,91.81,200,92.06,100,TGT
2025-11-13,9:31:50.785430675,T,91.81,200,92.06,200,TGT
2025-11-13,9:31:50.785430675,T,91.82,300,92.06,200,TGT
2025-11-13,9:31:50.785440636,T,91.82,300,92.03,100,TGT
2025-11-13,9:31:50.785465818,T,91.82,300,92.03,200,TGT
2025-11-13,9:31:50.785520885,T,91.82,300,92.03,100,TGT
2025-11-13,9:31:50.785520885,T,91.82,300,92.09,300,TGT
2025-11-13,9:31:50.785545990,T,91.82,300,92.01,100,TGT
2025-11-13,9:31:50.785566013,T,91.82,300,92.01,200,TGT
2025-11-13,9:31:50.785751426,T,91.81,500,92.01,200,TGT
2025-11-13,9:31:50.785796531,T,91.81,200,92.01,200,TGT
2025-11-13,9:31:50.984534992,T,91.81,200,92.01,300,TGT
2025-11-13,9:31:53.152264593,T,91.81,200,92.01,200,TGT
2025-11-13,9:31:54.415864914,T,91.81,200,92.01,800,TGT
2025-11-13,9:31:54.416656859,T,91.81,200,92.01,200,TGT
2025-11-13,9:32:05.112328249,T,91.73,200,92.01,200,TGT
2025-11-13,9:32:05.112353582,T,91.73,200,91.86,100,TGT
2025-11-13,9:32:05.112363341,T,91.73,200,91.82,100,TGT
2025-11-13,9:32:05.112378287,T,91.73,200,91.82,200,TGT
2025-11-13,9:32:05.112694147,T,91.73,200,91.82,300,TGT
2025-11-13,9:32:05.112939734,T,91.73,200,91.81,100,TGT
2025-11-13,9:32:05.112939734,T,91.73,200,91.81,200,TGT
2025-11-13,9:32:05.114042364,T,91.4,200,91.81,200,TGT
2025-11-13,9:32:05.114052293,T,91.55,200,91.81,200,TGT
2025-11-13,9:32:05.516115400,T,91.55,200,91.81,400,TGT
2025-11-13,9:32:05.516115400,T,91.55,200,91.81,300,TGT
2025-11-13,9:32:05.516120300,T,91.55,200,91.76,100,TGT
2025-11-13,9:32:05.516145362,T,91.55,200,91.76,200,TGT
2025-11-13,9:32:05.517418390,T,91.55,200,91.76,300,TGT
2025-11-13,9:32:06.342088174,T,91.5,100,91.76,300,TGT
2025-11-13,9:32:06.342108195,T,91.47,200,91.76,300,TGT
2025-11-13,9:32:06.342118172,T,91.52,400,91.76,300,TGT
2025-11-13,9:32:06.981100427,T,91.52,400,91.76,200,TGT
2025-11-13,9:32:06.981100427,T,91.52,400,91.65,100,TGT
2025-11-13,9:32:06.981120466,T,91.52,400,91.65,200,TGT
2025-11-13,9:32:06.981135476,T,91.52,400,91.65,100,TGT
2025-11-13,9:32:06.981155555,T,91.52,400,91.74,100,TGT
2025-11-13,9:32:06.981155555,T,91.52,400,91.76,200,TGT
2025-11-13,9:32:06.981155555,T,91.52,400,91.76,100,TGT
2025-11-13,9:32:06.981175590,T,91.59,100,91.76,100,TGT
2025-11-13,9:32:06.981396091,T,91.59,100,91.75,300,TGT
2025-11-13,9:32:06.981782078,T,91.59,100,91.74,300,TGT
2025-11-13,9:32:06.981892345,T,91.59,100,91.65,100,TGT
2025-11-13,9:32:06.981922434,T,91.59,100,91.74,300,TGT
2025-11-13,9:32:06.982393565,T,91.63,300,91.74,300,TGT
2025-11-13,9:32:06.982413580,T,91.59,100,91.74,300,TGT
2025-11-13,9:32:06.982458691,T,91.62,300,91.74,300,TGT
2025-11-13,9:32:06.982458691,T,91.62,300,91.75,300,TGT
2025-11-13,9:32:06.982493724,T,91.62,300,91.74,300,TGT
2025-11-13,9:32:06.982543836,T,91.59,100,91.74,300,TGT
2025-11-13,9:32:06.982583930,T,91.59,100,91.75,300,TGT
2025-11-13,9:32:06.982634132,T,91.59,100,91.81,200,TGT
2025-11-13,9:32:07.002651775,T,91.52,400,91.81,200,TGT
2025-11-13,9:32:07.100404604,T,91.52,400,91.76,600,TGT
2025-11-13,9:32:08.321974849,T,91.52,400,91.81,200,TGT
2025-11-13,9:32:08.322801858,T,91.52,400,91.82,300,TGT
2025-11-13,9:32:08.323072465,T,91.52,400,91.81,100,TGT
2025-11-13,9:32:08.323643839,T,91.52,400,91.82,300,TGT
2025-11-13,9:32:08.323824270,T,91.47,200,91.82,300,TGT
2025-11-13,9:32:08.323874405,T,91.5,100,91.82,300,TGT
2025-11-13,9:32:08.323879454,T,91.52,200,91.82,300,TGT
2025-11-13,9:32:08.323954702,T,91.52,200,91.81,100,TGT
2025-11-13,9:32:08.324315421,T,91.52,200,91.82,300,TGT
2025-11-13,9:32:08.337557038,T,91.52,200,91.81,100,TGT
2025-11-13,9:32:08.426519016,T,91.52,200,91.82,300,TGT
2025-11-13,9:32:08.704551376,T,91.52,200,91.83,300,TGT
2025-11-13,9:32:08.704596513,T,91.52,200,91.82,100,TGT
2025-11-13,9:32:08.704977422,T,91.52,200,91.83,300,TGT
2025-11-13,9:32:08.705022534,T,91.52,200,91.9,100,TGT
2025-11-13,9:32:09.129348362,T,91.52,200,91.88,300,TGT
2025-11-13,9:32:12.294875229,T,91.53,300,91.88,300,TGT
2025-11-13,9:32:16.126533526,T,91.52,200,91.88,300,TGT
2025-11-13,9:32:16.126633732,T,91.53,300,91.88,300,TGT
2025-11-13,9:32:16.253952082,T,91.55,300,91.88,300,TGT
2025-11-13,9:32:17.024252292,T,91.53,300,91.88,300,TGT
2025-11-13,9:32:17.026046616,T,91.56,300,91.88,300,TGT
2025-11-13,9:32:19.251418292,T,91.56,300,91.87,300,TGT
2025-11-13,9:32:19.251628845,T,91.56,300,91.88,300,TGT
2025-11-13,9:32:19.252044772,T,91.56,300,91.87,400,TGT
2025-11-13,9:32:20.128728406,T,91.55,200,91.87,400,TGT
2025-11-13,9:32:20.128728406,T,91.47,200,91.87,400,TGT
2025-11-13,9:32:22.359723614,T,91.5,100,91.87,400,TGT
2025-11-13,9:32:22.851620767,T,91.55,200,91.87,400,TGT
2025-11-13,9:32:23.254725962,T,91.55,200,91.9,100,TGT
2025-11-13,9:32:23.254756074,T,91.55,200,91.88,300,TGT
2025-11-13,9:32:23.255427580,T,91.65,300,91.88,300,TGT
2025-11-13,9:32:25.429943089,T,91.65,300,91.9,100,TGT
2025-11-13,9:32:25.430634694,T,91.56,300,91.9,100,TGT
2025-11-13,9:32:26.504122217,T,91.6,100,91.9,100,TGT
2025-11-13,9:32:26.504954198,T,91.6,100,92.0,100,TGT
2025-11-13,9:32:26.940566979,T,91.77,100,92.0,100,TGT
2025-11-13,9:32:28.854627198,T,91.77,100,92.05,200,TGT
2025-11-13,9:32:28.854958044,T,91.79,100,92.05,200,TGT
2025-11-13,9:32:28.854983054,T,91.83,300,92.05,200,TGT
2025-11-13,9:32:28.855278822,T,91.82,200,92.05,200,TGT
2025-11-13,9:32:28.855328887,T,91.83,100,92.05,200,TGT
2025-11-13,9:32:28.855348979,T,91.84,300,92.05,200,TGT
2025-11-13,9:32:28.855429088,T,91.83,100,92.05,200,TGT
2025-11-13,9:32:28.855449172,T,91.83,400,92.05,200,TGT
2025-11-13,9:32:28.855484230,T,91.83,400,91.94,300,TGT
2025-11-13,9:32:28.855674745,T,91.83,400,91.88,100,TGT
2025-11-13,9:32:28.855694793,T,91.83,400,91.94,300,TGT
2025-11-13,9:32:28.855729898,T,91.83,400,91.95,300,TGT
2025-11-13,9:32:28.855769944,T,91.83,400,92.05,200,TGT
2025-11-13,9:32:28.856326215,T,91.86,300,92.05,200,TGT
2025-11-13,9:32:28.856346256,T,91.87,300,92.05,200,TGT
2025-11-13,9:32:28.856351372,T,91.87,300,92.0,300,TGT
2025-11-13,9:32:28.856381369,T,91.87,300,91.95,100,TGT
2025-11-13,9:32:28.856386412,T,91.86,300,91.95,100,TGT
2025-11-13,9:32:28.856401418,T,91.86,300,91.95,200,TGT
2025-11-13,9:32:28.856531710,T,91.87,300,91.95,200,TGT
2025-11-13,9:32:28.857163314,T,91.87,300,91.95,100,TGT
2025-11-13,9:32:28.857163314,T,91.87,300,91.99,300,TGT
2025-11-13,9:32:28.857168273,T,91.86,300,91.99,300,TGT
2025-11-13,9:32:28.857188286,T,91.86,300,91.9,200,TGT
2025-11-13,9:32:28.857218410,T,91.83,300,91.9,200,TGT
2025-11-13,9:32:28.857323647,T,91.83,300,91.99,300,TGT
2025-11-13,9:32:28.857348691,T,91.84,100,91.99,300,TGT
2025-11-13,9:32:28.858551606,T,91.83,300,91.99,300,TGT
2025-11-13,9:32:29.041878237,T,91.87,100,91.99,300,TGT
2025-11-13,9:32:30.143593018,T,91.87,100,92.0,300,TGT
2025-11-13,9:32:30.143638137,T,91.87,100,92.01,200,TGT
2025-11-13,9:32:30.143653258,T,91.88,300,92.01,200,TGT
2025-11-13,9:32:30.143733356,T,91.88,300,92.14,200,TGT
2025-11-13,9:32:30.144991433,T,91.91,100,92.14,200,TGT
2025-11-13,9:32:30.521137659,T,91.88,300,92.14,200,TGT
2025-11-13,9:32:30.521162732,T,91.87,300,92.14,200,TGT
2025-11-13,9:32:30.521167772,T,91.82,300,92.14,200,TGT
2025-11-13,9:32:30.521192779,T,91.83,300,92.14,200,TGT
2025-11-13,9:32:31.457393219,T,91.91,100,92.14,200,TGT
2025-11-13,9:32:37.191353825,T,91.91,100,92.11,100,TGT
2025-11-13,9:32:38.559418116,T,91.86,100,92.11,100,TGT
2025-11-13,9:32:38.559448138,T,91.86,100,92.09,100,TGT
2025-11-13,9:32:39.981150165,T,91.91,300,92.09,100,TGT
2025-11-13,9:32:51.498519185,T,91.91,300,92.11,100,TGT
2025-11-13,9:32:51.498569347,T,91.92,300,92.11,100,TGT
2025-11-13,9:32:51.498629514,T,91.91,300,92.11,100,TGT
2025-11-13,9:32:51.498644560,T,91.92,300,92.11,100,TGT
2025-11-13,9:32:51.498654563,T,91.91,700,92.11,100,TGT
2025-11-13,9:32:51.498669574,T,91.92,300,92.11,100,TGT
2025-11-13,9:32:51.498674625,T,91.98,100,92.11,100,TGT
2025-11-13,9:32:51.498679834,T,91.98,100,92.14,300,TGT
2025-11-13,9:32:51.498744804,T,91.98,100,92.11,100,TGT
2025-11-13,9:32:51.498794890,T,91.98,100,92.11,200,TGT
2025-11-13,9:32:51.499015369,T,91.98,100,92.11,100,TGT
2025-11-13,9:32:51.499060547,T,91.98,100,92.11,200,TGT
2025-11-13,9:32:51.499235907,T,91.97,300,92.11,200,TGT
2025-11-13,9:32:51.499245954,T,91.97,300,92.09,100,TGT
2025-11-13,9:32:51.499757138,T,91.97,300,92.11,200,TGT
2025-11-13,9:32:51.499977788,T,91.97,300,92.11,100,TGT
2025-11-13,9:32:51.505571018,T,91.96,300,92.11,100,TGT
2025-11-13,9:32:51.505596114,T,91.92,300,92.11,100,TGT
2025-11-13,9:32:51.506423071,T,91.91,400,92.11,100,TGT
2025-11-13,9:32:51.506423071,T,91.87,300,92.11,100,TGT
2025-11-13,9:32:51.506448043,T,91.89,300,92.11,100,TGT
2025-11-13,9:32:51.506468101,T,91.91,300,92.11,100,TGT
2025-11-13,9:32:51.559233869,T,91.91,300,92.14,300,TGT
2025-11-13,9:32:52.003838029,T,91.91,300,92.14,200,TGT
2025-11-13,9:32:52.118481189,T,91.86,100,92.14,200,TGT
2025-11-13,9:32:52.498947725,T,91.86,100,92.11,100,TGT
2025-11-13,9:32:52.629082685,T,91.8,200,92.11,100,TGT
2025-11-13,9:32:52.629117842,T,91.93,100,92.11,100,TGT
2025-11-13,9:32:53.004682632,T,91.98,300,92.11,100,TGT
2025-11-13,9:32:53.004787845,T,91.98,300,92.14,200,TGT
2025-11-13,9:32:53.015593600,T,91.93,100,92.14,200,TGT
2025-11-13,9:32:53.116138131,T,92.02,100,92.14,200,TGT
2025-11-13,9:32:53.116649358,T,92.03,300,92.14,200,TGT
2025-11-13,9:32:53.116664417,T,92.04,300,92.14,200,TGT
2025-11-13,9:32:53.117416099,T,92.04,300,92.18,300,TGT
2025-11-13,9:32:53.117441202,T,92.04,300,92.19,300,TGT
2025-11-13,9:32:53.117451291,T,92.04,300,92.23,200,TGT
2025-11-13,9:32:54.084530227,T,92.05,300,92.23,200,TGT
2025-11-13,9:32:54.091120830,T,92.04,300,92.23,200,TGT
2025-11-13,9:32:54.942674695,T,92.04,300,92.5,1800,TGT
2025-11-13,9:32:54.942679567,T,92.04,300,92.32,200,TGT
2025-11-13,9:32:55.111752381,T,92.05,300,92.32,200,TGT
2025-11-13,9:32:55.112048129,T,92.04,300,92.32,200,TGT
2025-11-13,9:32:55.121781274,T,92.05,400,92.32,200,TGT
2025-11-13,9:32:56.111599393,T,92.09,100,92.32,200,TGT
2025-11-13,9:32:56.111629501,T,92.1,300,92.32,200,TGT
2025-11-13,9:32:56.111634549,T,92.11,100,92.32,200,TGT
2025-11-13,9:32:56.111794943,T,92.14,300,92.32,200,TGT
2025-11-13,9:32:56.111809969,T,92.13,300,92.32,200,TGT
2025-11-13,9:32:56.111809969,T,92.11,100,92.32,200,TGT
2025-11-13,9:32:56.111824972,T,92.14,300,92.32,200,TGT
2025-11-13,9:32:56.111840202,T,92.13,300,92.32,200,TGT
2025-11-13,9:32:56.111840202,T,92.13,300,92.19,200,TGT
2025-11-13,9:32:56.111865072,T,92.13,300,92.32,200,TGT
2025-11-13,9:32:56.111905143,T,92.17,100,92.32,200,TGT
2025-11-13,9:32:56.112045501,T,92.17,100,92.26,200,TGT
2025-11-13,9:32:56.112125685,T,92.17,200,92.26,200,TGT
2025-11-13,9:32:56.112391567,T,92.17,200,92.32,200,TGT
2025-11-13,9:32:56.112446660,T,92.17,400,92.32,200,TGT
2025-11-13,9:32:56.112601839,T,92.17,400,92.27,200,TGT
2025-11-13,9:32:56.112651912,T,92.17,400,92.32,200,TGT
2025-11-13,9:32:56.112666947,T,92.18,300,92.32,200,TGT
2025-11-13,9:32:56.112867467,T,92.18,300,92.5,1800,TGT
2025-11-13,9:32:56.112877551,T,92.18,300,92.39,200,TGT
2025-11-13,9:32:56.113709506,T,92.18,300,92.35,200,TGT
2025-11-13,9:32:56.113724549,T,92.18,400,92.35,200,TGT
2025-11-13,9:32:56.113839797,T,92.23,300,92.35,200,TGT
2025-11-13,9:32:56.113864810,T,92.18,400,92.35,200,TGT
2025-11-13,9:32:56.113929960,T,92.22,300,92.35,200,TGT
2025-11-13,9:32:56.114060322,T,92.23,100,92.35,200,TGT
2025-11-13,9:32:56.114090434,T,92.23,400,92.35,200,TGT
2025-11-13,9:32:56.114160552,T,92.23,400,92.36,200,TGT
2025-11-13,9:32:56.114160552,T,92.23,400,92.39,200,TGT
2025-11-13,9:32:56.122871325,T,92.24,300,92.39,200,TGT
2025-11-13,9:32:56.123091831,T,92.24,400,92.39,200,TGT
2025-11-13,9:32:56.341301644,T,92.24,100,92.39,200,TGT
2025-11-13,9:32:56.341321738,T,92.23,400,92.39,200,TGT
2025-11-13,9:32:56.341331787,T,92.23,100,92.39,200,TGT
2025-11-13,9:32:56.341341741,T,92.23,100,92.38,300,TGT
2025-11-13,9:32:56.341406940,T,92.18,300,92.38,300,TGT
2025-11-13,9:32:56.341406940,T,92.18,300,92.34,300,TGT
2025-11-13,9:32:56.341617407,T,92.24,300,92.34,300,TGT
2025-11-13,9:32:56.341662663,T,92.24,300,92.35,400,TGT
2025-11-13,9:32:56.341662663,T,92.24,300,92.35,100,TGT
2025-11-13,9:32:56.341722690,T,92.24,300,92.35,500,TGT
2025-11-13,9:32:56.341752710,T,92.24,300,92.35,100,TGT
2025-11-13,9:32:56.341822894,T,92.17,200,92.35,100,TGT
2025-11-13,9:32:56.341852948,T,92.17,200,92.33,200,TGT
2025-11-13,9:32:56.343080900,T,92.18,200,92.33,200,TGT
2025-11-13,9:32:56.343331497,T,92.18,200,92.35,100,TGT
2025-11-13,9:32:56.449760046,T,92.17,200,92.35,100,TGT
2025-11-13,9:32:56.515596965,T,92.18,300,92.35,100,TGT
2025-11-13,9:32:56.536842499,T,92.24,200,92.35,100,TGT
2025-11-13,9:32:57.122187126,T,92.17,200,92.35,100,TGT
2025-11-13,9:32:57.127625079,T,92.17,200,92.32,300,TGT
2025-11-13,9:32:57.127625079,T,92.17,200,92.32,400,TGT
2025-11-13,9:32:57.127640121,T,92.17,200,92.32,500,TGT
2025-11-13,9:32:57.127680213,T,92.17,200,92.31,300,TGT
2025-11-13,9:32:57.128712687,T,92.17,200,92.25,100,TGT
2025-11-13,9:32:57.129183808,T,92.16,300,92.25,100,TGT
2025-11-13,9:32:57.129183808,T,92.15,200,92.25,100,TGT
2025-11-13,9:32:57.469905473,T,92.15,200,92.25,500,TGT
2025-11-13,9:32:57.469940558,T,92.15,300,92.25,500,TGT
2025-11-13,9:32:57.469960622,T,92.15,100,92.25,500,TGT
2025-11-13,9:32:59.221157720,T,92.16,400,92.25,500,TGT
2025-11-13,9:32:59.221243269,T,92.16,400,92.25,400,TGT
2025-11-13,9:32:59.221243269,T,92.16,400,92.25,200,TGT
2025-11-13,9:32:59.221262934,T,92.16,400,92.32,300,TGT
2025-11-13,9:32:59.221288012,T,92.21,100,92.32,300,TGT
2025-11-13,9:32:59.221293051,T,92.23,100,92.32,300,TGT
2025-11-13,9:32:59.221684014,T,92.23,100,92.33,300,TGT
2025-11-13,9:32:59.221764126,T,92.23,100,92.39,200,TGT
2025-11-13,9:32:59.222070143,T,92.24,100,92.39,200,TGT
2025-11-13,9:32:59.222335887,T,92.24,100,92.35,200,TGT
2025-11-13,9:32:59.222410797,T,92.24,100,92.36,300,TGT
2025-11-13,9:32:59.222631272,T,92.21,400,92.36,300,TGT
2025-11-13,9:32:59.222696379,T,92.24,300,92.36,300,TGT
2025-11-13,9:32:59.222696379,T,92.24,300,92.39,200,TGT
2025-11-13,9:32:59.228550370,T,92.24,300,92.5,1800,TGT
2025-11-13,9:32:59.228555363,T,92.24,300,92.48,200,TGT
2025-11-13,9:32:59.621050365,T,92.24,400,92.48,200,TGT
2025-11-13,9:33:00.012989103,T,92.24,100,92.48,200,TGT
2025-11-13,9:33:00.235940343,T,92.24,100,92.37,400,TGT
2025-11-13,9:33:00.236205986,T,92.24,100,92.38,200,TGT
2025-11-13,9:33:00.236205986,T,92.24,100,92.48,200,TGT
2025-11-13,9:33:00.372109704,T,92.24,100,92.38,300,TGT
2025-11-13,9:33:00.389330719,T,92.24,100,92.48,200,TGT
2025-11-13,9:33:02.467652365,T,92.24,100,92.37,300,TGT
2025-11-13,9:33:02.894429095,T,92.16,400,92.37,300,TGT
2025-11-13,9:33:02.976208851,T,92.16,400,92.35,100,TGT
2025-11-13,9:33:03.876859575,T,92.19,100,92.35,100,TGT
2025-11-13,9:33:04.108772069,T,92.25,100,92.35,100,TGT
2025-11-13,9:33:05.195360724,T,92.25,100,92.38,100,TGT
2025-11-13,9:33:05.195381082,T,92.25,100,92.48,200,TGT
2025-11-13,9:33:05.195410912,T,92.26,200,92.48,200,TGT
2025-11-13,9:33:05.195471255,T,92.26,300,92.48,200,TGT
2025-11-13,9:33:05.195902050,T,92.31,100,92.48,200,TGT
2025-11-13,9:33:05.195917104,T,92.28,200,92.48,200,TGT
2025-11-13,9:33:05.196182646,T,92.3,100,92.48,200,TGT
2025-11-13,9:33:05.196603683,T,92.3,100,92.5,1800,TGT
2025-11-13,9:33:05.212105638,T,92.3,100,92.4,300,TGT
2025-11-13,9:33:05.212150735,T,92.3,100,92.39,400,TGT
2025-11-13,9:33:05.212235906,T,92.3,100,92.38,400,TGT
2025-11-13,9:33:05.229436916,T,92.3,100,92.39,400,TGT
2025-11-13,9:33:05.229436916,T,92.3,100,92.4,300,TGT
2025-11-13,9:33:05.229767855,T,92.3,100,92.5,1800,TGT
2025-11-13,9:33:05.229848034,T,92.3,400,92.5,1800,TGT
2025-11-13,9:33:05.230138629,T,92.3,100,92.5,1800,TGT
2025-11-13,9:33:05.792914589,T,92.3,100,92.43,100,TGT
2025-11-13,9:33:06.554098020,T,92.3,100,92.42,300,TGT
2025-11-13,9:33:06.554123121,T,92.3,100,92.43,100,TGT
2025-11-13,9:33:06.555476312,T,92.36,100,92.43,100,TGT
2025-11-13,9:33:06.555486287,T,92.36,100,92.5,1700,TGT
2025-11-13,9:33:07.971905670,T,92.19,200,92.5,1700,TGT
2025-11-13,9:33:07.971905670,T,92.19,200,92.5,1800,TGT
2025-11-13,9:33:07.971945848,T,92.19,200,92.49,100,TGT
2025-11-13,9:33:07.971945848,T,92.19,200,92.43,200,TGT
2025-11-13,9:33:07.971950810,T,92.19,100,92.43,200,TGT
2025-11-13,9:33:07.972005942,T,92.19,100,92.38,100,TGT
2025-11-13,9:33:07.972046063,T,92.27,400,92.38,100,TGT
2025-11-13,9:33:07.972106154,T,92.27,400,92.43,200,TGT
2025-11-13,9:33:07.972131226,T,92.33,100,92.43,200,TGT
2025-11-13,9:33:07.972191365,T,92.33,900,92.43,200,TGT
2025-11-13,9:33:07.972231531,T,92.33,900,92.38,100,TGT
2025-11-13,9:33:07.972261597,T,92.33,900,92.43,200,TGT
2025-11-13,9:33:07.972271606,T,92.33,100,92.43,200,TGT
2025-11-13,9:33:07.972296639,T,92.38,800,92.43,200,TGT
2025-11-13,9:33:07.972326892,T,92.38,900,92.43,200,TGT
2025-11-13,9:33:07.972346786,T,92.38,1000,92.43,200,TGT
2025-11-13,9:33:07.972462053,T,92.38,900,92.43,200,TGT
2025-11-13,9:33:07.972502089,T,92.38,200,92.43,200,TGT
2025-11-13,9:33:07.972507240,T,92.38,100,92.43,200,TGT
2025-11-13,9:33:07.972507240,T,92.33,100,92.43,200,TGT
2025-11-13,9:33:07.972527165,T,92.33,100,92.39,100,TGT
2025-11-13,9:33:07.972557273,T,92.33,100,92.38,100,TGT
2025-11-13,9:33:07.972627412,T,92.33,100,92.38,200,TGT
2025-11-13,9:33:07.972707566,T,92.33,100,92.37,100,TGT
2025-11-13,9:33:07.972707566,T,92.36,100,92.37,100,TGT
2025-11-13,9:33:07.972727797,T,92.36,100,92.38,100,TGT
2025-11-13,9:33:07.972732657,T,92.36,100,92.39,100,TGT
2025-11-13,9:33:07.972772814,T,92.36,300,92.39,100,TGT
2025-11-13,9:33:07.972802843,T,92.36,200,92.39,100,TGT
2025-11-13,9:33:07.973193742,T,92.36,200,92.41,100,TGT
2025-11-13,9:33:07.973213836,T,92.33,100,92.41,100,TGT
2025-11-13,9:33:07.973218788,T,92.37,100,92.41,100,TGT
2025-11-13,9:33:07.973238947,T,92.38,200,92.41,100,TGT
2025-11-13,9:33:07.973479586,T,92.39,200,92.41,100,TGT
2025-11-13,9:33:07.973494484,T,92.39,200,92.43,200,TGT
2025-11-13,9:33:07.973529592,T,92.39,200,92.5,1800,TGT
2025-11-13,9:33:07.977398769,T,92.39,200,92.5,1700,TGT
2025-11-13,9:33:07.977418864,T,92.33,100,92.5,1700,TGT
2025-11-13,9:33:07.977438842,T,92.4,200,92.5,1700,TGT
2025-11-13,9:33:07.980195438,T,92.34,200,92.5,1700,TGT
2025-11-13,9:33:07.980220553,T,92.42,200,92.5,1700,TGT
2025-11-13,9:33:07.980395878,T,92.34,200,92.5,1700,TGT
2025-11-13,9:33:07.980420936,T,92.42,200,92.5,1700,TGT
2025-11-13,9:33:07.980511194,T,92.42,200,92.48,400,TGT
2025-11-13,9:33:07.980721714,T,92.42,200,92.5,1700,TGT
2025-11-13,9:33:07.980796890,T,92.34,200,92.5,1700,TGT
2025-11-13,9:33:07.980821942,T,92.45,100,92.5,1700,TGT
2025-11-13,9:33:07.980867092,T,92.34,200,92.5,1700,TGT
2025-11-13,9:33:07.980887083,T,92.34,200,92.46,100,TGT
2025-11-13,9:33:07.981443400,T,92.34,200,92.48,300,TGT
2025-11-13,9:33:07.981663967,T,92.34,200,92.48,400,TGT
2025-11-13,9:33:08.114289863,T,92.34,200,92.48,300,TGT
2025-11-13,9:33:08.151588832,T,92.34,200,92.5,1700,TGT
2025-11-13,9:33:08.152365590,T,92.34,200,92.49,400,TGT
2025-11-13,9:33:08.525905452,T,92.34,200,92.5,1700,TGT
2025-11-13,9:33:09.132280172,T,92.35,100,92.5,1700,TGT
2025-11-13,9:33:09.139321860,T,92.34,200,92.5,1700,TGT
2025-11-13,9:33:09.282197256,T,92.42,300,92.5,1700,TGT
2025-11-13,9:33:12.895175158,T,92.42,300,92.5,700,TGT
2025-11-13,9:33:12.895195204,T,92.42,300,92.6,100,TGT
2025-11-13,9:33:12.895210617,T,92.43,300,92.6,100,TGT
2025-11-13,9:33:12.895215519,T,92.48,100,92.6,100,TGT
2025-11-13,9:33:12.895495920,T,92.49,100,92.6,100,TGT
2025-11-13,9:33:12.896052267,T,92.48,100,92.6,100,TGT
2025-11-13,9:33:12.896142433,T,92.48,100,92.51,100,TGT
2025-11-13,9:33:12.896162534,T,92.48,100,92.6,100,TGT
2025-11-13,9:33:12.896192740,T,92.51,100,92.6,100,TGT
2025-11-13,9:33:12.896413155,T,92.51,200,92.6,100,TGT
2025-11-13,9:33:12.897535760,T,92.51,100,92.6,100,TGT
2025-11-13,9:33:12.917378023,T,92.44,300,92.6,100,TGT
2025-11-13,9:33:12.965422474,T,92.49,200,92.6,100,TGT
2025-11-13,9:33:13.922828339,T,92.49,200,92.6,200,TGT
2025-11-13,9:33:14.588163420,T,92.48,100,92.6,200,TGT
2025-11-13,9:33:14.588414012,T,92.48,100,92.6,100,TGT
2025-11-13,9:33:16.445062368,T,92.48,100,92.59,100,TGT
2025-11-13,9:33:16.445067355,T,92.48,100,92.58,100,TGT
2025-11-13,9:33:16.445092417,T,92.48,100,92.6,200,TGT
2025-11-13,9:33:16.445107482,T,92.48,100,92.58,300,TGT
2025-11-13,9:33:16.445523421,T,92.48,100,92.6,200,TGT
2025-11-13,9:33:16.452109145,T,92.48,100,92.6,100,TGT
2025-11-13,9:33:16.452936071,T,92.48,100,92.58,100,TGT
2025-11-13,9:33:16.453682957,T,92.48,100,92.6,100,TGT
2025-11-13,9:33:16.454489818,T,92.48,100,92.58,100,TGT
2025-11-13,9:33:16.455231527,T,92.48,100,92.6,100,TGT
2025-11-13,9:33:16.456033494,T,92.48,100,92.58,100,TGT
2025-11-13,9:33:16.456594767,T,92.48,100,92.6,100,TGT
2025-11-13,9:33:16.545361326,T,92.48,100,92.58,100,TGT
2025-11-13,9:33:16.545456565,T,92.44,300,92.58,100,TGT
2025-11-13,9:33:16.545476524,T,92.44,300,92.52,100,TGT
2025-11-13,9:33:16.545476524,T,92.42,400,92.52,100,TGT
2025-11-13,9:33:16.545501573,T,92.42,300,92.52,100,TGT
2025-11-13,9:33:16.545777259,T,92.28,100,92.52,100,TGT
2025-11-13,9:33:16.552538382,T,92.28,100,92.58,400,TGT
2025-11-13,9:33:16.552568475,T,92.28,100,92.57,200,TGT
2025-11-13,9:33:16.774006038,T,92.43,100,92.57,200,TGT
2025-11-13,9:33:21.228904292,T,92.28,100,92.57,200,TGT
2025-11-13,9:33:22.420638498,T,92.43,100,92.57,200,TGT
2025-11-13,9:33:22.897594764,T,92.43,100,92.58,400,TGT
2025-11-13,9:33:22.897725150,T,92.43,100,92.58,300,TGT
2025-11-13,9:33:23.514760099,T,92.28,100,92.58,300,TGT
2025-11-13,9:33:23.514785221,T,92.28,100,92.57,100,TGT
2025-11-13,9:33:23.514795176,T,92.28,100,92.52,100,TGT
2025-11-13,9:33:23.514810244,T,92.28,100,92.57,400,TGT
2025-11-13,9:33:23.514850314,T,92.28,100,92.55,300,TGT
2025-11-13,9:33:23.524919323,T,92.28,100,92.57,300,TGT
2025-11-13,9:33:23.524944404,T,92.28,100,92.56,200,TGT
2025-11-13,9:33:23.535023433,T,92.28,100,92.57,300,TGT
2025-11-13,9:33:23.615054039,T,92.28,100,92.57,200,TGT
2025-11-13,9:33:23.637086594,T,92.5,100,92.57,200,TGT
2025-11-13,9:33:23.637111682,T,92.28,100,92.57,200,TGT
2025-11-13,9:33:23.637131668,T,92.43,400,92.57,200,TGT
2025-11-13,9:33:23.637136666,T,92.43,400,92.58,300,TGT
2025-11-13,9:33:23.637151718,T,92.28,100,92.58,300,TGT
2025-11-13,9:33:23.637156727,T,92.28,100,92.57,400,TGT
2025-11-13,9:33:23.638043845,T,92.43,100,92.57,400,TGT
2025-11-13,9:33:23.638810658,T,92.43,100,92.52,100,TGT
2025-11-13,9:33:24.786334632,T,92.43,100,92.58,300,TGT
2025-11-13,9:33:24.786364732,T,92.43,200,92.58,300,TGT
2025-11-13,9:33:24.786379823,T,92.48,100,92.58,300,TGT
2025-11-13,9:33:24.786590258,T,92.48,100,92.6,100,TGT
2025-11-13,9:33:24.786595304,T,92.5,100,92.6,100,TGT
2025-11-13,9:33:24.787156566,T,92.48,100,92.6,100,TGT
2025-11-13,9:33:24.787196690,T,92.48,200,92.6,100,TGT
2025-11-13,9:33:24.886503328,T,92.48,100,92.6,100,TGT
2025-11-13,9:33:28.598231187,T,92.48,400,92.6,100,TGT
2025-11-13,9:33:28.598506818,T,92.48,100,92.6,100,TGT
2025-11-13,9:33:28.643559135,T,92.44,200,92.6,100,TGT
2025-11-13,9:33:28.643985478,T,92.49,300,92.6,100,TGT
2025-11-13,9:33:28.644015239,T,92.48,300,92.6,100,TGT
2025-11-13,9:33:28.846973838,T,92.31,100,92.6,100,TGT
2025-11-13,9:33:28.847013938,T,92.44,300,92.6,100,TGT
2025-11-13,9:33:28.883425933,T,92.44,300,92.7,200,TGT
2025-11-13,9:33:28.883425933,T,92.5,100,92.7,200,TGT
2025-11-13,9:33:28.883430673,T,92.51,100,92.7,200,TGT
2025-11-13,9:33:28.883445711,T,92.52,100,92.7,200,TGT
2025-11-13,9:33:28.883450753,T,92.56,100,92.7,200,TGT
2025-11-13,9:33:28.883575974,T,92.55,100,92.7,200,TGT
2025-11-13,9:33:28.883595989,T,92.51,400,92.7,200,TGT
2025-11-13,9:33:28.883621276,T,92.51,400,92.7,300,TGT
2025-11-13,9:33:28.883621276,T,92.51,100,92.7,300,TGT
2025-11-13,9:33:28.883626148,T,92.51,100,92.63,100,TGT
2025-11-13,9:33:28.883626148,T,92.51,100,92.7,300,TGT
2025-11-13,9:33:28.883636191,T,92.51,100,92.7,200,TGT
2025-11-13,9:33:28.883636191,T,92.51,100,92.7,300,TGT
2025-11-13,9:33:28.883646246,T,92.51,100,92.61,100,TGT
2025-11-13,9:33:28.883646246,T,92.51,100,92.59,100,TGT
2025-11-13,9:33:28.883916760,T,92.51,100,92.7,200,TGT
2025-11-13,9:33:28.884262805,T,92.51,200,92.7,200,TGT
2025-11-13,9:33:28.884262805,T,92.52,100,92.7,200,TGT
2025-11-13,9:33:28.884267660,T,92.53,400,92.7,200,TGT
2025-11-13,9:33:28.884453038,T,92.52,400,92.7,200,TGT
2025-11-13,9:33:28.884468082,T,92.52,100,92.7,200,TGT
2025-11-13,9:33:28.884588352,T,92.51,100,92.7,200,TGT
2025-11-13,9:33:28.886538100,T,92.56,100,92.7,200,TGT
2025-11-13,9:33:28.887811119,T,92.56,100,92.87,100,TGT
2025-11-13,9:33:28.887816106,T,92.56,100,92.79,200,TGT
2025-11-13,9:33:28.990821500,T,92.51,100,92.79,200,TGT
2025-11-13,9:33:28.990851583,T,92.5,100,92.79,200,TGT
2025-11-13,9:33:28.990876653,T,92.49,400,92.79,200,TGT
2025-11-13,9:33:28.990876653,T,92.49,400,92.7,100,TGT
2025-11-13,9:33:28.990876653,T,92.49,400,92.63,100,TGT
2025-11-13,9:33:28.990881577,T,92.49,400,92.61,100,TGT
2025-11-13,9:33:28.990901772,T,92.49,400,92.79,200,TGT
2025-11-13,9:33:28.990901772,T,92.49,400,92.61,100,TGT
2025-11-13,9:33:28.990911761,T,92.49,400,92.59,100,TGT
2025-11-13,9:33:28.990911761,T,92.49,400,92.61,100,TGT
2025-11-13,9:33:28.990916723,T,92.49,400,92.79,200,TGT
2025-11-13,9:33:28.991062043,T,92.49,400,92.77,100,TGT
2025-11-13,9:33:28.991067073,T,92.49,400,92.64,100,TGT
2025-11-13,9:33:28.991227491,T,92.49,400,92.77,100,TGT
2025-11-13,9:33:28.991292667,T,92.49,400,92.64,100,TGT
2025-11-13,9:33:28.991297589,T,92.49,400,92.64,200,TGT
2025-11-13,9:33:28.991578271,T,92.43,400,92.64,200,TGT
2025-11-13,9:33:28.991638391,T,92.43,400,92.58,100,TGT
2025-11-13,9:33:29.024331313,T,92.48,300,92.58,100,TGT
2025-11-13,9:33:29.039712913,T,92.43,400,92.58,100,TGT
2025-11-13,9:33:29.041397002,T,92.43,100,92.58,100,TGT
2025-11-13,9:33:29.084018489,T,92.36,100,92.58,100,TGT
2025-11-13,9:33:31.369287949,T,92.36,100,92.79,200,TGT
2025-11-13,9:33:31.369313007,T,92.55,100,92.79,200,TGT
2025-11-13,9:33:31.369814132,T,92.55,100,92.65,300,TGT
2025-11-13,9:33:31.369869489,T,92.55,100,92.64,100,TGT
2025-11-13,9:33:31.369874247,T,92.55,100,92.65,300,TGT
2025-11-13,9:33:31.370114901,T,92.56,100,92.65,300,TGT
2025-11-13,9:33:31.370159982,T,92.56,100,92.66,400,TGT
2025-11-13,9:33:31.370220142,T,92.59,100,92.66,400,TGT
2025-11-13,9:33:31.370225089,T,92.59,100,92.79,200,TGT
2025-11-13,9:33:31.370245214,T,92.59,100,92.71,300,TGT
2025-11-13,9:33:31.370255249,T,92.59,100,92.69,300,TGT
2025-11-13,9:33:31.371302746,T,92.55,100,92.69,300,TGT
2025-11-13,9:33:31.469316188,T,92.52,100,92.69,300,TGT
2025-11-13,9:33:31.469366321,T,92.52,300,92.69,300,TGT
2025-11-13,9:33:31.570201661,T,92.52,200,92.69,300,TGT
2025-11-13,9:33:32.031370253,T,92.52,200,92.7,400,TGT
2025-11-13,9:33:32.107942666,T,92.52,200,92.79,200,TGT
2025-11-13,9:33:32.215027789,T,92.52,200,92.79,300,TGT
2025-11-13,9:33:32.215042826,T,92.51,400,92.79,300,TGT
2025-11-13,9:33:32.215072919,T,92.51,400,92.79,200,TGT
2025-11-13,9:33:32.215128082,T,92.43,100,92.79,200,TGT
2025-11-13,9:33:32.215133028,T,92.43,100,92.79,300,TGT
2025-11-13,9:33:32.215153233,T,92.43,100,92.79,200,TGT
2025-11-13,9:33:32.215158102,T,92.43,100,92.79,300,TGT
2025-11-13,9:33:32.215163107,T,92.43,100,92.66,200,TGT
2025-11-13,9:33:32.258591576,T,92.43,100,92.79,200,TGT
2025-11-13,9:33:34.477357578,T,92.36,100,92.79,200,TGT
2025-11-13,9:33:34.477387648,T,92.44,300,92.79,200,TGT
2025-11-13,9:33:34.590467063,T,92.48,100,92.79,200,TGT
2025-11-13,9:33:35.376845736,T,92.48,100,92.66,200,TGT
2025-11-13,9:33:35.377031374,T,92.48,100,92.79,200,TGT
2025-11-13,9:33:36.582367703,T,92.48,200,92.79,200,TGT
2025-11-13,9:33:39.086042358,T,92.48,100,92.79,200,TGT
2025-11-13,9:33:40.168686656,T,92.48,400,92.79,200,TGT
2025-11-13,9:33:40.169182774,T,92.48,400,92.65,100,TGT
2025-11-13,9:33:40.179908337,T,92.48,400,92.64,300,TGT
2025-11-13,9:33:40.179978508,T,92.48,400,92.65,100,TGT
2025-11-13,9:33:42.388876200,T,92.48,400,92.64,300,TGT
2025-11-13,9:33:42.616057383,T,92.48,400,92.65,100,TGT
2025-11-13,9:33:42.696338511,T,92.48,400,92.64,300,TGT
2025-11-13,9:33:42.696824678,T,92.48,300,92.64,300,TGT
2025-11-13,9:33:44.560675308,T,92.48,300,92.62,100,TGT
2025-11-13,9:33:44.560680341,T,92.48,300,92.6,100,TGT
2025-11-13,9:33:44.560710662,T,92.48,300,92.6,200,TGT
2025-11-13,9:33:44.560710662,T,92.48,300,92.59,100,TGT
2025-11-13,9:33:44.560715396,T,92.48,300,92.57,100,TGT
2025-11-13,9:33:44.560720365,T,92.48,300,92.6,200,TGT
2025-11-13,9:33:44.560720365,T,92.48,300,92.59,100,TGT
2025-11-13,9:33:44.560725438,T,92.48,300,92.6,200,TGT
2025-11-13,9:33:44.560725438,T,92.48,300,92.59,200,TGT
2025-11-13,9:33:44.560860686,T,92.43,100,92.59,200,TGT
2025-11-13,9:33:44.560885778,T,92.43,100,92.51,100,TGT
2025-11-13,9:33:44.561261677,T,92.31,200,92.51,100,TGT
2025-11-13,9:33:44.561286797,T,92.31,200,92.5,100,TGT
2025-11-13,9:33:44.561291775,T,92.31,200,92.49,100,TGT
2025-11-13,9:33:44.561562436,T,92.28,200,92.49,100,TGT
2025-11-13,9:33:44.561572464,T,92.28,200,92.48,300,TGT
2025-11-13,9:33:44.561622530,T,92.28,200,92.49,100,TGT
2025-11-13,9:33:44.561622530,T,92.31,100,92.49,100,TGT
2025-11-13,9:33:44.561642602,T,92.31,100,92.48,300,TGT
2025-11-13,9:33:44.561792972,T,92.31,100,92.5,300,TGT
2025-11-13,9:33:44.561797986,T,92.31,100,92.49,400,TGT
2025-11-13,9:33:44.561823018,T,92.31,100,92.48,300,TGT
2025-11-13,9:33:44.561888113,T,92.31,100,92.46,300,TGT
2025-11-13,9:33:44.561903161,T,92.31,100,92.48,300,TGT
2025-11-13,9:33:44.562103674,T,92.31,100,92.49,400,TGT
2025-11-13,9:33:44.562324210,T,92.31,100,92.49,500,TGT
2025-11-13,9:33:44.562349323,T,92.31,100,92.49,100,TGT
2025-11-13,9:33:44.562459529,T,92.31,100,92.49,500,TGT
2025-11-13,9:33:44.562514654,T,92.31,100,92.49,100,TGT
2025-11-13,9:33:44.562539685,T,92.31,100,92.49,400,TGT
2025-11-13,9:33:44.562760263,T,92.31,100,92.49,100,TGT
2025-11-13,9:33:44.562990818,T,92.31,100,92.49,400,TGT
2025-11-13,9:33:44.563000868,T,92.31,100,92.49,100,TGT
2025-11-13,9:33:44.564735002,T,92.31,100,92.52,300,TGT
2025-11-13,9:33:44.564790054,T,92.31,100,92.48,100,TGT
2025-11-13,9:33:44.565361467,T,92.31,100,92.52,300,TGT
2025-11-13,9:33:44.566238528,T,92.31,100,92.53,400,TGT
2025-11-13,9:33:44.568990126,T,92.31,100,92.48,100,TGT
2025-11-13,9:33:44.760726991,T,92.31,100,92.53,300,TGT
2025-11-13,9:33:45.455026150,T,92.31,100,92.47,100,TGT
2025-11-13,9:33:45.456314229,T,92.31,100,92.47,200,TGT
2025-11-13,9:33:46.145746672,T,92.31,100,92.47,100,TGT
2025-11-13,9:33:46.146057357,T,92.25,300,92.47,100,TGT
2025-11-13,9:33:46.146102458,T,92.25,300,92.46,100,TGT
2025-11-13,9:33:46.146107502,T,92.25,300,92.38,100,TGT
2025-11-13,9:33:46.146107502,T,92.24,500,92.38,100,TGT
2025-11-13,9:33:46.146117500,T,92.24,200,92.38,100,TGT
2025-11-13,9:33:46.146723902,T,92.24,200,92.37,400,TGT
2025-11-13,9:33:46.146738916,T,92.24,200,92.38,100,TGT
2025-11-13,9:33:46.146824141,T,92.24,200,92.38,200,TGT
2025-11-13,9:33:46.150227256,T,91.7,100,92.38,200,TGT
2025-11-13,9:33:46.150232266,T,92.1,200,92.38,200,TGT
2025-11-13,9:33:46.156136329,T,92.1,200,92.38,100,TGT
2025-11-13,9:33:46.246271102,T,92.1,200,92.39,200,TGT
2025-11-13,9:33:50.221431342,T,92.1,200,92.39,100,TGT
2025-11-13,9:33:50.401876208,T,92.1,200,92.44,100,TGT
2025-11-13,9:33:50.402166904,T,92.1,200,92.43,400,TGT
2025-11-13,9:33:50.464259824,T,92.1,200,92.44,100,TGT
2025-11-13,9:33:50.464264909,T,92.1,200,92.43,400,TGT
2025-11-13,9:33:50.620371820,T,92.1,200,92.44,200,TGT
2025-11-13,9:33:50.620587289,T,92.1,200,92.44,100,TGT
2025-11-13,9:33:50.851151600,T,92.19,100,92.44,100,TGT
2025-11-13,9:33:50.851191620,T,92.2,300,92.44,100,TGT
2025-11-13,9:33:50.886430606,T,92.2,300,92.43,300,TGT
2025-11-13,9:33:50.887157383,T,92.2,300,92.44,100,TGT
2025-11-13,9:33:50.887182403,T,92.2,300,92.43,300,TGT
2025-11-13,9:33:50.887864037,T,92.2,300,92.44,500,TGT
2025-11-13,9:33:50.887864037,T,92.2,300,92.44,100,TGT
2025-11-13,9:33:50.887964311,T,92.2,300,92.43,200,TGT
2025-11-13,9:33:50.888570722,T,92.2,300,92.44,400,TGT
2025-11-13,9:33:50.888570722,T,92.2,300,92.44,100,TGT
2025-11-13,9:33:50.888600841,T,92.2,300,92.43,400,TGT
2025-11-13,9:33:50.888696041,T,92.2,300,92.44,100,TGT
2025-11-13,9:33:50.888766223,T,92.2,300,92.43,400,TGT
2025-11-13,9:33:50.889277832,T,92.2,300,92.44,400,TGT
2025-11-13,9:33:50.889277832,T,92.2,300,92.44,100,TGT
2025-11-13,9:33:50.889377605,T,92.2,300,92.43,200,TGT
2025-11-13,9:33:50.889447860,T,92.2,300,92.44,400,TGT
2025-11-13,9:33:50.889447860,T,92.2,300,92.44,100,TGT
2025-11-13,9:33:50.889492930,T,92.2,300,92.43,300,TGT
2025-11-13,9:33:50.890039226,T,92.2,300,92.44,300,TGT
2025-11-13,9:33:50.890039226,T,92.2,300,92.44,100,TGT
2025-11-13,9:33:51.757781699,T,92.2,300,92.43,300,TGT
2025-11-13,9:33:51.758037352,T,92.19,500,92.43,300,TGT
2025-11-13,9:33:51.758548499,T,92.19,500,92.44,100,TGT
2025-11-13,9:33:51.758588599,T,92.2,300,92.44,100,TGT
2025-11-13,9:33:51.758638722,T,92.2,300,92.43,200,TGT
2025-11-13,9:33:51.759154969,T,92.2,300,92.44,100,TGT
2025-11-13,9:33:51.760362850,T,92.2,300,92.44,400,TGT
2025-11-13,9:33:51.763440110,T,92.19,500,92.44,400,TGT
2025-11-13,9:33:51.763981414,T,92.2,200,92.44,400,TGT
2025-11-13,9:33:51.842388221,T,92.2,200,92.43,200,TGT
2025-11-13,9:33:51.842478465,T,92.19,500,92.43,200,TGT
2025-11-13,9:33:51.843119991,T,92.19,500,92.44,400,TGT
2025-11-13,9:33:51.843155078,T,92.19,500,92.43,200,TGT
2025-11-13,9:33:51.843666194,T,92.19,500,92.44,400,TGT
2025-11-13,9:33:51.843691303,T,92.19,500,92.43,300,TGT
2025-11-13,9:33:51.843866778,T,92.19,500,92.44,400,TGT
2025-11-13,9:33:51.843906826,T,92.19,500,92.44,100,TGT
2025-11-13,9:33:52.073834597,T,92.19,500,92.43,200,TGT
2025-11-13,9:33:52.938344156,T,92.2,300,92.43,200,TGT
2025-11-13,9:33:54.721487418,T,92.2,300,92.48,100,TGT
2025-11-13,9:33:54.721522491,T,92.2,300,92.44,300,TGT
2025-11-13,9:33:55.023807739,T,92.2,300,92.48,100,TGT
2025-11-13,9:33:55.284584223,T,92.2,300,92.46,100,TGT
2025-11-13,9:33:55.284584223,T,92.19,500,92.46,100,TGT
2025-11-13,9:33:55.284589067,T,92.19,500,92.42,100,TGT
2025-11-13,9:33:55.284609090,T,92.19,500,92.42,300,TGT
2025-11-13,9:33:55.284624059,T,92.19,500,92.42,400,TGT
2025-11-13,9:33:55.284624059,T,92.19,500,92.35,100,TGT
2025-11-13,9:33:55.284869629,T,92.19,100,92.35,100,TGT
2025-11-13,9:33:55.285040136,T,92.19,300,92.35,100,TGT
2025-11-13,9:33:55.285095576,T,92.19,100,92.35,100,TGT
2025-11-13,9:33:55.310971846,T,92.19,100,92.35,500,TGT
2025-11-13,9:33:55.310987168,T,92.19,100,92.34,400,TGT
2025-11-13,9:33:55.310996922,T,92.19,100,92.31,100,TGT
2025-11-13,9:33:55.311027011,T,92.19,100,92.34,400,TGT
2025-11-13,9:33:55.312595766,T,92.19,100,92.35,100,TGT
2025-11-13,9:33:55.803435112,T,92.19,100,92.3,100,TGT
2025-11-13,9:33:55.803445151,T,92.1,200,92.3,100,TGT
2025-11-13,9:33:55.803475230,T,92.1,200,92.24,100,TGT
2025-11-13,9:33:55.803820980,T,91.7,100,92.24,100,TGT
2025-11-13,9:33:55.803831091,T,91.96,200,92.24,100,TGT
2025-11-13,9:33:55.803916254,T,92.04,100,92.24,100,TGT
2025-11-13,9:33:55.804332225,T,92.1,100,92.24,100,TGT
2025-11-13,9:33:55.804352245,T,92.1,200,92.24,100,TGT
2025-11-13,9:33:55.805058928,T,92.1,100,92.24,100,TGT
2025-11-13,9:33:55.813709609,T,92.1,100,92.27,300,TGT
2025-11-13,9:33:55.813955213,T,92.1,100,92.3,100,TGT
2025-11-13,9:33:55.813980183,T,92.1,100,92.28,300,TGT
2025-11-13,9:33:55.814290938,T,92.1,100,92.3,100,TGT
2025-11-13,9:33:55.814316019,T,92.1,100,92.29,300,TGT
2025-11-13,9:33:55.814346150,T,92.1,100,92.28,100,TGT
2025-11-13,9:33:55.814747077,T,92.1,100,92.29,300,TGT
2025-11-13,9:33:55.814772093,T,92.1,100,92.28,300,TGT
2025-11-13,9:33:55.814787120,T,92.1,100,92.29,300,TGT
2025-11-13,9:33:55.815107941,T,92.1,100,92.28,100,TGT
2025-11-13,9:33:55.815503813,T,92.1,100,92.29,300,TGT
2025-11-13,9:33:55.815914793,T,92.1,100,92.28,100,TGT
2025-11-13,9:33:55.816265629,T,92.1,100,92.29,300,TGT
2025-11-13,9:33:55.816701701,T,92.1,100,92.28,100,TGT
2025-11-13,9:33:55.817022466,T,92.1,100,92.29,300,TGT
2025-11-13,9:33:55.817513683,T,92.1,100,92.28,100,TGT
2025-11-13,9:33:55.818300542,T,92.1,100,92.29,300,TGT
2025-11-13,9:33:55.818866927,T,92.1,100,92.28,100,TGT
2025-11-13,9:33:55.819633693,T,92.1,100,92.29,300,TGT
2025-11-13,9:33:55.820100128,T,92.1,100,92.34,300,TGT
2025-11-13,9:33:55.820205093,T,92.1,100,92.28,100,TGT
2025-11-13,9:33:55.820611041,T,92.1,100,92.34,300,TGT
2025-11-13,9:33:55.820886653,T,92.1,100,92.3,100,TGT
2025-11-13,9:33:55.849955926,T,92.1,100,92.3,200,TGT
2025-11-13,9:33:56.444612569,T,92.1,100,92.3,100,TGT
2025-11-13,9:33:56.451679417,T,92.1,100,92.29,100,TGT
2025-11-13,9:33:56.468424325,T,92.1,100,92.3,100,TGT
2025-11-13,9:33:57.399798270,T,92.1,100,92.34,300,TGT
2025-11-13,9:33:57.401547404,T,92.1,100,92.31,300,TGT
2025-11-13,9:33:57.474791911,T,92.1,100,92.34,300,TGT
2025-11-13,9:34:00.432157596,T,92.1,100,92.31,300,TGT
2025-11-13,9:34:00.820688275,T,92.1,100,92.34,300,TGT
2025-11-13,9:34:01.404965233,T,92.11,100,92.34,300,TGT
2025-11-13,9:34:02.968214564,T,92.11,100,92.3,100,TGT
2025-11-13,9:34:03.010916254,T,92.11,100,92.34,300,TGT
2025-11-13,9:34:03.933955426,T,91.96,200,92.34,300,TGT
2025-11-13,9:34:03.933975493,T,91.96,200,92.19,100,TGT
2025-11-13,9:34:03.934055509,T,91.96,200,92.19,200,TGT
2025-11-13,9:34:03.934351325,T,91.96,200,92.18,100,TGT
2025-11-13,9:34:03.943708556,T,91.7,100,92.18,100,TGT
2025-11-13,9:34:03.943713534,T,91.88,200,92.18,100,TGT
2025-11-13,9:34:04.123141051,T,91.88,200,92.17,100,TGT
2025-11-13,9:34:04.133159907,T,91.88,200,92.18,100,TGT
2025-11-13,9:34:05.262886360,T,91.88,200,92.16,100,TGT
2025-11-13,9:34:08.095469661,T,91.88,200,92.15,400,TGT
2025-11-13,9:34:08.095870607,T,91.88,200,92.16,100,TGT
2025-11-13,9:34:08.096326738,T,91.88,200,92.15,300,TGT
2025-11-13,9:34:08.096627467,T,91.88,200,92.16,100,TGT
2025-11-13,9:34:08.096677542,T,91.88,200,92.15,300,TGT
2025-11-13,9:34:08.097183754,T,91.88,200,92.16,100,TGT
2025-11-13,9:34:08.097203797,T,91.88,200,92.15,300,TGT
2025-11-13,9:34:08.097930510,T,91.88,200,92.16,100,TGT
2025-11-13,9:34:08.097965598,T,91.88,200,92.15,200,TGT
2025-11-13,9:34:08.098461809,T,91.88,200,92.16,100,TGT
2025-11-13,9:34:08.098501909,T,91.88,200,92.15,400,TGT
2025-11-13,9:34:08.098647236,T,91.88,200,92.16,100,TGT
2025-11-13,9:34:08.098702409,T,91.88,200,92.15,400,TGT
2025-11-13,9:34:08.099183854,T,91.88,200,92.16,100,TGT
2025-11-13,9:34:08.099308829,T,91.88,200,92.15,300,TGT
2025-11-13,9:34:08.099353910,T,91.88,200,92.16,500,TGT
2025-11-13,9:34:08.099353910,T,91.88,200,92.16,100,TGT
2025-11-13,9:34:08.099389071,T,91.88,200,92.15,400,TGT
2025-11-13,9:34:08.099424114,T,91.88,200,92.16,100,TGT
2025-11-13,9:34:08.099449226,T,91.88,200,92.15,300,TGT
2025-11-13,9:34:08.099920327,T,91.88,200,92.16,100,TGT
2025-11-13,9:34:08.099950319,T,91.88,200,92.15,400,TGT
2025-11-13,9:34:08.100030524,T,91.88,200,92.16,100,TGT
2025-11-13,9:34:08.100160829,T,91.88,200,92.15,300,TGT
2025-11-13,9:34:08.100626932,T,91.88,200,92.16,100,TGT
2025-11-13,9:34:08.106325550,T,91.88,200,92.15,300,TGT
2025-11-13,9:34:08.107062265,T,91.88,200,92.16,100,TGT
2025-11-13,9:34:08.108906660,T,91.88,200,92.15,300,TGT
2025-11-13,9:34:08.109668526,T,91.88,200,92.16,100,TGT
2025-11-13,9:34:08.112259717,T,91.88,200,92.15,300,TGT
2025-11-13,9:34:08.112971377,T,91.88,200,92.16,100,TGT
2025-11-13,9:34:08.114139227,T,91.88,200,92.15,300,TGT
2025-11-13,9:34:08.115387138,T,91.88,200,92.16,100,TGT
2025-11-13,9:34:08.116424638,T,91.88,200,92.15,300,TGT
2025-11-13,9:34:08.117126349,T,91.88,200,92.16,100,TGT
2025-11-13,9:34:08.117878047,T,91.88,200,92.15,300,TGT
2025-11-13,9:34:08.118589762,T,91.88,200,92.16,100,TGT
2025-11-13,9:34:08.191734713,T,91.88,200,92.15,100,TGT
2025-11-13,9:34:08.191739016,T,91.88,200,92.15,400,TGT
2025-11-13,9:34:08.191739016,T,91.88,200,92.08,100,TGT
2025-11-13,9:34:08.191759069,T,91.88,200,92.12,100,TGT
2025-11-13,9:34:08.191774460,T,91.88,200,92.12,400,TGT
2025-11-13,9:34:08.192200097,T,91.6,100,92.12,400,TGT
2025-11-13,9:34:08.192210150,T,91.79,200,92.12,400,TGT
2025-11-13,9:34:08.628720125,T,91.79,200,92.12,100,TGT
2025-11-13,9:34:10.352306451,T,91.95,300,92.12,100,TGT
2025-11-13,9:34:12.430231865,T,91.95,300,92.12,400,TGT
2025-11-13,9:34:13.222213724,T,91.95,300,92.12,100,TGT
2025-11-13,9:34:16.011398918,T,91.95,200,92.12,100,TGT
2025-11-13,9:34:16.011414072,T,91.79,200,92.12,100,TGT
2025-11-13,9:34:16.011429048,T,91.79,200,92.07,100,TGT
2025-11-13,9:34:16.011439558,T,91.79,200,92.02,100,TGT
2025-11-13,9:34:16.011439558,T,91.79,200,91.99,100,TGT
2025-11-13,9:34:16.012717107,T,91.79,200,92.02,100,TGT
2025-11-13,9:34:16.026946042,T,91.79,200,92.04,300,TGT
2025-11-13,9:34:16.026971039,T,91.79,200,92.11,100,TGT
2025-11-13,9:34:16.026996130,T,91.79,200,92.07,400,TGT
2025-11-13,9:34:16.215800927,T,91.79,200,92.04,100,TGT
2025-11-13,9:34:17.511823425,T,91.79,200,92.04,200,TGT
2025-11-13,9:34:23.003165844,T,91.8,100,92.04,200,TGT
2025-11-13,9:34:23.031814156,T,91.79,200,92.04,200,TGT
2025-11-13,9:34:23.827003704,T,91.79,200,92.04,300,TGT
2025-11-13,9:34:23.827780570,T,91.79,200,92.04,200,TGT
2025-11-13,9:34:25.263626305,T,91.79,200,92.03,300,TGT
2025-11-13,9:34:25.264348074,T,91.79,200,92.04,200,TGT
2025-11-13,9:34:25.271304724,T,91.79,200,92.03,200,TGT
2025-11-13,9:34:27.362972894,T,91.79,200,92.04,100,TGT
2025-11-13,9:34:28.444118915,T,91.79,200,92.08,500,TGT
2025-11-13,9:34:28.444123595,T,91.79,200,92.04,100,TGT
2025-11-13,9:34:28.444133639,T,91.9,100,92.04,100,TGT
2025-11-13,9:34:28.444138799,T,91.9,100,92.08,500,TGT
2025-11-13,9:34:28.444138799,T,91.91,100,92.08,500,TGT
2025-11-13,9:34:28.444143784,T,91.92,100,92.08,500,TGT
2025-11-13,9:34:28.444143784,T,91.96,100,92.08,500,TGT
2025-11-13,9:34:28.444148702,T,91.96,100,92.04,100,TGT
2025-11-13,9:34:28.444153690,T,91.96,100,92.08,500,TGT
2025-11-13,9:34:28.444159014,T,91.98,100,92.08,500,TGT
2025-11-13,9:34:28.444399241,T,91.98,100,92.08,100,TGT
2025-11-13,9:34:28.444569685,T,91.98,400,92.08,100,TGT
2025-11-13,9:34:28.444584684,T,91.98,100,92.08,100,TGT
2025-11-13,9:34:28.444960573,T,91.98,100,92.04,100,TGT
2025-11-13,9:34:28.444980644,T,91.98,100,92.08,100,TGT
2025-11-13,9:34:28.445055819,T,91.98,300,92.08,100,TGT
2025-11-13,9:34:28.445296464,T,92.03,100,92.08,100,TGT
2025-11-13,9:34:28.446313813,T,92.04,100,92.08,100,TGT
2025-11-13,9:34:28.451606406,T,92.03,200,92.08,100,TGT
2025-11-13,9:34:28.451606406,T,92.03,100,92.08,100,TGT
2025-11-13,9:34:28.451621665,T,91.98,500,92.08,100,TGT
2025-11-13,9:34:28.451651524,T,91.98,100,92.08,100,TGT
2025-11-13,9:34:28.451917257,T,91.98,400,92.08,100,TGT
2025-11-13,9:34:28.452077623,T,91.98,100,92.08,100,TGT
2025-11-13,9:34:28.452338163,T,92.03,100,92.08,100,TGT
2025-11-13,9:34:28.512255926,T,92.04,100,92.08,100,TGT
2025-11-13,9:34:28.512276042,T,92.04,200,92.08,100,TGT
2025-11-13,9:34:28.520625867,T,92.04,200,92.13,200,TGT
2025-11-13,9:34:28.520645901,T,92.05,100,92.13,200,TGT
2025-11-13,9:34:28.520645901,T,92.07,100,92.13,200,TGT
2025-11-13,9:34:28.520650896,T,92.07,100,92.14,300,TGT
2025-11-13,9:34:28.520666021,T,92.08,100,92.14,300,TGT
2025-11-13,9:34:28.520695997,T,92.08,100,92.18,100,TGT
2025-11-13,9:34:28.521107040,T,92.08,100,92.16,400,TGT
2025-11-13,9:34:28.521162166,T,92.08,100,92.18,100,TGT
2025-11-13,9:34:28.521172178,T,92.08,100,92.17,300,TGT
2025-11-13,9:34:28.521558167,T,92.08,100,92.16,300,TGT
2025-11-13,9:34:28.532689968,T,92.08,100,92.17,300,TGT
2025-11-13,9:34:28.532694627,T,92.08,100,92.18,100,TGT
2025-11-13,9:34:28.532719750,T,92.08,100,92.25,200,TGT
2025-11-13,9:34:29.830045491,T,91.97,300,92.25,200,TGT
2025-11-13,9:34:29.830080513,T,91.97,300,92.25,300,TGT
2025-11-13,9:34:29.830090606,T,91.97,300,92.18,100,TGT
2025-11-13,9:34:29.830090606,T,91.97,300,92.17,100,TGT
2025-11-13,9:34:29.830095578,T,91.97,300,92.16,100,TGT
2025-11-13,9:34:29.830110994,T,91.97,300,92.15,300,TGT
2025-11-13,9:34:29.830316422,T,91.97,300,92.16,100,TGT
2025-11-13,9:34:29.830336125,T,91.97,300,92.16,300,TGT
2025-11-13,9:34:29.830346229,T,91.97,300,92.15,200,TGT
2025-11-13,9:34:29.831073016,T,91.92,100,92.15,200,TGT
2025-11-13,9:34:29.831077900,T,91.92,100,92.15,300,TGT
2025-11-13,9:34:29.831092919,T,91.92,300,92.15,300,TGT
2025-11-13,9:34:29.831143117,T,91.92,300,92.15,200,TGT
2025-11-13,9:34:30.047313390,T,91.92,300,92.25,200,TGT
2025-11-13,9:34:30.047313390,T,91.92,300,92.15,200,TGT
2025-11-13,9:34:30.047573777,T,91.92,300,92.25,200,TGT
2025-11-13,9:34:30.047603772,T,91.92,300,92.16,300,TGT
2025-11-13,9:34:30.048024933,T,91.92,300,92.25,200,TGT
2025-11-13,9:34:30.759966054,T,91.92,300,92.16,100,TGT
2025-11-13,9:34:32.292371704,T,91.92,100,92.16,100,TGT
2025-11-13,9:34:32.294140953,T,91.92,400,92.16,100,TGT
2025-11-13,9:34:35.105528866,T,91.92,400,92.25,200,TGT
2025-11-13,9:34:35.752174392,T,91.92,400,92.16,300,TGT
2025-11-13,9:34:35.793467744,T,91.93,300,92.16,300,TGT
2025-11-13,9:34:36.711600014,T,91.93,300,92.15,200,TGT
2025-11-13,9:34:37.814592816,T,91.92,100,92.15,200,TGT
2025-11-13,9:34:37.815755549,T,91.91,400,92.15,200,TGT
2025-11-13,9:34:37.815765632,T,91.91,400,92.14,100,TGT
2025-11-13,9:34:37.815820762,T,91.92,300,92.14,100,TGT
2025-11-13,9:34:37.816071381,T,91.92,300,92.12,400,TGT
2025-11-13,9:34:37.816612624,T,91.92,300,92.12,700,TGT
2025-11-13,9:34:37.819995670,T,91.92,300,92.12,300,TGT
2025-11-13,9:34:38.656177821,T,91.92,300,92.1,100,TGT
2025-11-13,9:34:38.657611285,T,91.92,300,92.09,300,TGT
2025-11-13,9:34:38.657891931,T,91.91,400,92.09,300,TGT
2025-11-13,9:34:38.660458034,T,91.91,400,92.1,100,TGT
2025-11-13,9:34:38.912423400,T,91.91,400,92.14,100,TGT
2025-11-13,9:34:38.981036761,T,91.91,400,92.09,100,TGT
2025-11-13,9:34:39.656380697,T,91.91,400,92.14,100,TGT
2025-11-13,9:34:39.657292827,T,91.91,400,92.1,100,TGT
2025-11-13,9:34:39.659102146,T,91.92,400,92.1,100,TGT
2025-11-13,9:34:39.847831838,T,91.92,400,92.13,300,TGT
2025-11-13,9:34:39.849064889,T,91.91,400,92.13,300,TGT
2025-11-13,9:34:39.849064889,T,91.79,200,92.13,300,TGT
2025-11-13,9:34:39.849099788,T,91.79,200,92.09,100,TGT
2025-11-13,9:34:39.886644367,T,91.93,100,92.09,100,TGT
2025-11-13,9:34:39.902552166,T,91.93,100,92.13,300,TGT
2025-11-13,9:34:40.074286245,T,91.93,100,92.11,300,TGT
2025-11-13,9:34:40.196573062,T,91.93,100,92.09,100,TGT
2025-11-13,9:34:40.196637874,T,91.9,100,92.09,100,TGT
2025-11-13,9:34:40.196637874,T,91.79,200,92.09,100,TGT
2025-11-13,9:34:40.196642821,T,91.79,200,92.09,400,TGT
2025-11-13,9:34:40.196647773,T,91.79,200,92.02,100,TGT
2025-11-13,9:34:40.196662869,T,91.79,200,92.0,100,TGT
2025-11-13,9:34:40.196707933,T,91.79,200,92.0,400,TGT
2025-11-13,9:34:40.196722967,T,91.79,200,92.0,100,TGT
2025-11-13,9:34:40.196773044,T,91.79,200,92.0,400,TGT
2025-11-13,9:34:40.196843222,T,91.79,200,92.0,100,TGT
2025-11-13,9:34:40.197209106,T,91.79,200,91.94,100,TGT
2025-11-13,9:34:40.197439639,T,91.51,100,91.94,100,TGT
2025-11-13,9:34:40.197449672,T,91.71,200,91.94,100,TGT
2025-11-13,9:34:40.197905829,T,91.77,200,91.94,100,TGT
2025-11-13,9:34:40.198522266,T,91.78,300,91.94,100,TGT
2025-11-13,9:34:40.217497453,T,91.78,300,91.94,200,TGT
2025-11-13,9:34:40.297422871,T,91.78,300,91.94,100,TGT
2025-11-13,9:34:40.330065587,T,91.86,200,91.94,100,TGT
2025-11-13,9:34:41.086322305,T,91.86,100,91.94,100,TGT
2025-11-13,9:34:41.086327288,T,91.78,400,91.94,100,TGT
2025-11-13,9:34:41.086327288,T,91.78,300,91.94,100,TGT
2025-11-13,9:34:41.086357410,T,91.78,300,91.93,100,TGT
2025-11-13,9:34:41.086372435,T,91.78,300,91.9,100,TGT
2025-11-13,9:34:41.086477699,T,91.78,300,91.9,200,TGT
2025-11-13,9:34:41.086497730,T,91.71,200,91.9,200,TGT
2025-11-13,9:34:41.086507802,T,91.71,200,91.9,100,TGT
2025-11-13,9:34:41.086768334,T,91.6,100,91.9,100,TGT
2025-11-13,9:34:41.086773408,T,91.63,200,91.9,100,TGT
2025-11-13,9:34:41.087074126,T,91.63,200,91.9,200,TGT
2025-11-13,9:34:41.087996281,T,91.76,400,91.9,200,TGT
2025-11-13,9:34:41.088041421,T,91.78,300,91.9,200,TGT
2025-11-13,9:34:41.088467467,T,91.79,300,91.9,200,TGT
2025-11-13,9:34:41.089504904,T,91.77,400,91.9,200,TGT
2025-11-13,9:34:41.093489425,T,91.76,400,91.9,200,TGT
2025-11-13,9:34:41.093910415,T,91.75,400,91.9,200,TGT
2025-11-13,9:34:41.186420842,T,91.75,400,91.9,100,TGT
2025-11-13,9:34:41.466012004,T,91.63,200,91.9,100,TGT
2025-11-13,9:34:45.179328734,T,91.63,200,91.89,100,TGT
2025-11-13,9:34:45.179328734,T,91.63,200,91.84,100,TGT
2025-11-13,9:34:45.179358908,T,91.63,200,91.89,500,TGT
2025-11-13,9:34:45.179368782,T,91.63,200,91.88,300,TGT
2025-11-13,9:34:45.179629498,T,91.63,200,91.87,300,TGT
2025-11-13,9:34:45.179699651,T,91.63,200,91.87,400,TGT
2025-11-13,9:34:45.179704591,T,91.63,200,91.84,100,TGT
2025-11-13,9:34:45.179745016,T,91.63,200,91.82,100,TGT
2025-11-13,9:34:45.180155735,T,91.63,200,91.86,400,TGT
2025-11-13,9:34:45.180306047,T,91.63,200,91.82,100,TGT
2025-11-13,9:34:45.180757152,T,91.63,200,91.86,400,TGT
2025-11-13,9:34:45.180972643,T,91.63,200,91.84,100,TGT
2025-11-13,9:34:45.186365467,T,91.63,200,91.86,300,TGT
2025-11-13,9:34:45.187117325,T,91.63,200,91.84,500,TGT
2025-11-13,9:34:45.517920386,T,91.63,200,91.86,300,TGT
2025-11-13,9:34:45.519298644,T,91.63,200,91.82,500,TGT
2025-11-13,9:34:46.856293908,T,91.64,200,91.82,500,TGT
2025-11-13,9:34:53.292748101,T,91.65,300,91.82,500,TGT
2025-11-13,9:34:53.299674652,T,91.66,200,91.82,500,TGT
2025-11-13,9:34:53.301714579,T,91.67,400,91.82,500,TGT
2025-11-13,9:34:53.313227523,T,91.67,400,91.82,100,TGT
2025-11-13,9:34:53.313231973,T,91.67,400,91.86,300,TGT
2025-11-13,9:34:53.313252017,T,91.79,100,91.86,300,TGT
2025-11-13,9:34:53.314179235,T,91.79,100,91.87,300,TGT
2025-11-13,9:34:53.314565131,T,91.77,100,91.87,300,TGT
2025-11-13,9:34:53.314745530,T,91.78,300,91.87,300,TGT
2025-11-13,9:34:53.314785681,T,91.78,300,91.88,300,TGT
2025-11-13,9:34:53.315196604,T,91.78,300,92.02,100,TGT
2025-11-13,9:34:53.315251794,T,91.79,300,92.02,100,TGT
2025-11-13,9:34:53.315336913,T,91.79,300,91.84,100,TGT
2025-11-13,9:34:53.315362055,T,91.79,300,92.02,100,TGT
2025-11-13,9:34:53.315367042,T,91.78,300,92.02,100,TGT
2025-11-13,9:34:53.315382009,T,91.81,100,92.02,100,TGT
2025-11-13,9:34:53.315938333,T,91.8,100,92.02,100,TGT
2025-11-13,9:34:53.333470186,T,91.78,300,92.02,100,TGT
2025-11-13,9:34:53.368453506,T,91.77,400,92.02,100,TGT
2025-11-13,9:34:53.375926349,T,91.79,100,92.02,100,TGT
2025-11-13,9:34:53.375946287,T,91.81,100,92.02,100,TGT
2025-11-13,9:34:53.375956322,T,91.81,100,92.01,300,TGT
2025-11-13,9:34:53.375976415,T,91.79,100,92.01,300,TGT
2025-11-13,9:34:53.376161856,T,91.81,100,92.01,300,TGT
2025-11-13,9:34:53.376292212,T,91.82,200,92.01,300,TGT
2025-11-13,9:34:53.376437538,T,91.82,200,92.02,500,TGT
2025-11-13,9:34:53.376472591,T,91.82,200,92.01,300,TGT
2025-11-13,9:34:53.376918633,T,91.82,200,92.02,500,TGT
2025-11-13,9:34:53.376943695,T,91.82,200,92.01,300,TGT
2025-11-13,9:34:53.377720655,T,91.82,300,92.01,300,TGT
2025-11-13,9:34:53.390546072,T,91.83,300,92.01,300,TGT
2025-11-13,9:34:53.390786708,T,91.82,200,92.01,300,TGT
2025-11-13,9:34:53.391012271,T,91.82,300,92.01,300,TGT
2025-11-13,9:34:53.586638236,T,91.82,100,92.01,300,TGT
2025-11-13,9:34:53.586853781,T,91.77,300,92.01,300,TGT
2025-11-13,9:34:55.076778328,T,91.77,300,92.02,100,TGT
2025-11-13,9:34:56.843963679,T,91.78,100,92.02,100,TGT
2025-11-13,9:34:56.843968904,T,91.79,100,92.02,100,TGT
2025-11-13,9:34:56.843968904,T,91.83,100,92.02,100,TGT
2025-11-13,9:34:56.843988646,T,91.79,100,92.02,100,TGT
2025-11-13,9:34:56.844184219,T,91.8,400,92.02,100,TGT
2025-11-13,9:34:56.844204233,T,91.8,500,92.02,100,TGT
2025-11-13,9:34:56.844219217,T,91.84,100,92.02,100,TGT
2025-11-13,9:34:56.844234281,T,91.84,100,92.01,300,TGT
2025-11-13,9:34:56.844234281,T,91.84,200,92.01,300,TGT
2025-11-13,9:34:56.844264301,T,91.84,100,92.01,300,TGT
2025-11-13,9:34:56.844289422,T,91.83,300,92.01,300,TGT
2025-11-13,9:34:56.844354547,T,91.84,400,92.01,300,TGT
2025-11-13,9:34:56.844424759,T,91.87,100,92.01,300,TGT
2025-11-13,9:34:56.844520019,T,91.87,100,92.02,400,TGT
2025-11-13,9:34:56.844700339,T,91.87,100,92.02,100,TGT
2025-11-13,9:34:56.844715564,T,91.87,100,92.01,300,TGT
2025-11-13,9:34:56.844760560,T,91.87,100,92.02,400,TGT
2025-11-13,9:34:56.844760560,T,91.87,100,92.02,100,TGT
2025-11-13,9:34:56.844976023,T,91.85,300,92.02,100,TGT
2025-11-13,9:34:56.844981017,T,91.85,300,92.02,500,TGT
2025-11-13,9:34:56.844991491,T,91.87,100,92.02,500,TGT
2025-11-13,9:34:56.844991491,T,91.87,100,92.01,300,TGT
2025-11-13,9:34:56.845041202,T,91.87,100,92.01,400,TGT
2025-11-13,9:34:56.845051204,T,91.87,100,92.01,300,TGT
2025-11-13,9:34:56.845757887,T,91.87,100,91.99,100,TGT
2025-11-13,9:34:56.846108729,T,91.85,300,91.99,100,TGT
2025-11-13,9:34:56.846163833,T,91.85,300,92.01,300,TGT
2025-11-13,9:34:56.846279121,T,91.87,100,92.01,300,TGT
2025-11-13,9:34:56.897757152,T,91.87,100,92.01,400,TGT
2025-11-13,9:34:56.898533666,T,91.87,100,92.01,300,TGT
2025-11-13,9:34:57.146168618,T,91.87,100,92.02,100,TGT
2025-11-13,9:35:01.599503156,T,91.87,100,92.02,400,TGT
2025-11-13,9:35:01.599563267,T,91.87,100,92.02,100,TGT
2025-11-13,9:35:01.911967552,T,91.87,100,92.01,400,TGT
2025-11-13,9:35:01.912007968,T,91.87,100,91.98,100,TGT
2025-11-13,9:35:01.912478758,T,91.83,300,91.98,100,TGT
2025-11-13,9:35:01.912483827,T,91.83,300,91.98,200,TGT
2025-11-13,9:35:01.912489251,T,91.83,300,91.97,400,TGT
2025-11-13,9:35:01.912498934,T,91.83,300,91.97,500,TGT
2025-11-13,9:35:01.912503926,T,91.83,300,91.94,100,TGT
2025-11-13,9:35:01.912503926,T,91.83,300,91.92,100,TGT
2025-11-13,9:35:01.912508849,T,91.8,400,91.92,100,TGT
2025-11-13,9:35:01.913150391,T,91.77,300,91.92,100,TGT
2025-11-13,9:35:01.913155425,T,91.77,300,91.91,300,TGT
2025-11-13,9:35:01.913431078,T,91.63,200,91.91,300,TGT
2025-11-13,9:35:01.913611550,T,91.63,200,91.92,100,TGT
2025-11-13,9:35:01.934902185,T,91.63,200,91.91,100,TGT
2025-11-13,9:35:01.934917300,T,91.63,200,91.9,100,TGT
2025-11-13,9:35:01.934937314,T,91.63,200,91.9,300,TGT
2025-11-13,9:35:01.934947400,T,91.63,200,91.89,300,TGT
2025-11-13,9:35:01.935633934,T,91.63,300,91.89,300,TGT
2025-11-13,9:35:01.936074980,T,91.63,300,91.89,400,TGT
2025-11-13,9:35:02.091635692,T,91.63,300,91.89,100,TGT
2025-11-13,9:35:02.913388349,T,91.63,200,91.89,100,TGT
2025-11-13,9:35:05.696298307,T,91.63,200,91.9,100,TGT
2025-11-13,9:35:05.697025071,T,91.65,300,91.9,100,TGT
2025-11-13,9:35:05.697230576,T,91.65,400,91.9,100,TGT
2025-11-13,9:35:05.754582153,T,91.65,300,91.9,100,TGT
2025-11-13,9:35:07.067159490,T,91.65,300,91.89,200,TGT
2025-11-13,9:35:08.205456341,T,91.65,300,91.89,100,TGT
2025-11-13,9:35:08.205461262,T,91.65,300,91.9,100,TGT
2025-11-13,9:35:08.205466403,T,91.65,300,91.93,200,TGT
2025-11-13,9:35:08.205481354,T,91.7,100,91.93,200,TGT
2025-11-13,9:35:08.205486311,T,91.81,100,91.93,200,TGT
2025-11-13,9:35:08.205531502,T,91.81,100,91.97,400,TGT
2025-11-13,9:35:08.205726908,T,91.81,100,91.96,300,TGT
2025-11-13,9:35:08.206834570,T,91.81,200,91.96,300,TGT
2025-11-13,9:35:08.207220429,T,91.81,200,91.97,400,TGT
2025-11-13,9:35:08.207445963,T,91.81,300,91.97,400,TGT
2025-11-13,9:35:08.215510278,T,91.81,200,91.97,400,TGT
2025-11-13,9:35:08.215956330,T,91.81,200,92.02,100,TGT
2025-11-13,9:35:08.216688105,T,91.82,200,92.02,100,TGT
2025-11-13,9:35:08.216958648,T,91.81,100,92.02,100,TGT
2025-11-13,9:35:08.217164172,T,91.81,100,91.99,300,TGT
2025-11-13,9:35:08.217179233,T,91.81,200,91.99,300,TGT
2025-11-13,9:35:08.305494617,T,91.81,100,91.99,300,TGT
2025-11-13,9:35:08.325757839,T,91.8,200,91.99,300,TGT
2025-11-13,9:35:08.487498188,T,91.7,100,91.99,300,TGT
2025-11-13,9:35:08.487538261,T,91.77,200,91.99,300,TGT
2025-11-13,9:35:08.520466741,T,91.77,300,91.99,300,TGT
2025-11-13,9:35:08.657262676,T,91.77,100,91.99,300,TGT
2025-11-13,9:35:10.900512008,T,91.77,100,91.94,100,TGT
2025-11-13,9:35:11.065845837,T,91.77,200,91.94,100,TGT
2025-11-13,9:35:11.065860950,T,91.83,100,91.94,100,TGT
2025-11-13,9:35:11.065860950,T,91.83,100,91.99,300,TGT
2025-11-13,9:35:11.065880943,T,91.9,100,91.99,300,TGT
2025-11-13,9:35:11.066026302,T,91.9,100,92.0,200,TGT
2025-11-13,9:35:11.066096443,T,91.9,100,91.99,300,TGT
2025-11-13,9:35:11.066206733,T,91.9,200,91.99,300,TGT
2025-11-13,9:35:11.066221756,T,91.9,200,92.0,200,TGT
2025-11-13,9:35:11.067594980,T,91.9,300,92.0,200,TGT
2025-11-13,9:35:11.067650210,T,91.9,300,92.07,200,TGT
2025-11-13,9:35:11.073318675,T,91.9,300,92.0,100,TGT
2025-11-13,9:35:11.165994434,T,91.9,200,92.0,100,TGT
2025-11-13,9:35:11.166215039,T,91.9,100,92.0,100,TGT
2025-11-13,9:35:11.266283342,T,91.9,100,92.07,200,TGT
2025-11-13,9:35:12.074228305,T,91.9,100,92.0,100,TGT
2025-11-13,9:35:14.517514148,T,91.77,100,92.0,100,TGT
2025-11-13,9:35:14.517534416,T,91.77,100,91.94,100,TGT
2025-11-13,9:35:14.517544182,T,91.76,200,91.94,100,TGT
2025-11-13,9:35:14.527758521,T,91.77,100,91.94,100,TGT
2025-11-13,9:35:14.546718673,T,91.77,100,91.97,400,TGT
2025-11-13,9:35:14.547450488,T,91.77,200,91.97,400,TGT
2025-11-13,9:35:14.547851454,T,91.78,300,91.97,400,TGT
2025-11-13,9:35:15.976780633,T,91.78,300,92.07,200,TGT
2025-11-13,9:35:16.798287780,T,91.78,300,91.95,100,TGT
2025-11-13,9:35:17.119092122,T,91.76,200,91.95,100,TGT
2025-11-13,9:35:17.119102303,T,91.76,200,91.94,300,TGT
2025-11-13,9:35:17.119107177,T,91.77,100,91.94,300,TGT
2025-11-13,9:35:17.119122258,T,91.78,300,91.94,300,TGT
2025-11-13,9:35:17.119122258,T,91.78,300,91.95,400,TGT
2025-11-13,9:35:17.119122258,T,91.78,300,91.95,100,TGT
2025-11-13,9:35:17.312467919,T,91.77,300,91.95,100,TGT
2025-11-13,9:35:17.312467919,T,91.76,200,91.95,100,TGT
2025-11-13,9:35:18.417846412,T,91.77,300,91.95,100,TGT
2025-11-13,9:35:18.418157142,T,91.76,200,91.95,100,TGT
2025-11-13,9:35:18.684541718,T,91.78,300,91.95,100,TGT
2025-11-13,9:35:19.021319134,T,91.76,200,91.95,100,TGT
2025-11-13,9:35:20.228154234,T,91.78,300,91.95,100,TGT
2025-11-13,9:35:20.228921061,T,91.76,200,91.95,100,TGT
2025-11-13,9:35:20.563733720,T,91.78,300,91.95,100,TGT
2025-11-13,9:35:20.927786067,T,91.79,300,91.95,100,TGT
2025-11-13,9:35:21.029784087,T,91.78,300,91.95,100,TGT
2025-11-13,9:35:21.128353976,T,91.79,200,91.95,100,TGT
2025-11-13,9:35:21.153238219,T,91.8,300,91.95,100,TGT
2025-11-13,9:35:21.162986756,T,91.79,200,91.95,100,TGT
2025-11-13,9:35:21.164670506,T,91.78,300,91.95,100,TGT
2025-11-13,9:35:22.549148889,T,91.79,200,91.95,100,TGT
2025-11-13,9:35:22.549178978,T,91.79,500,91.95,100,TGT
2025-11-13,9:35:22.823001200,T,91.8,300,91.95,100,TGT
2025-11-13,9:35:22.823778091,T,91.79,500,91.95,100,TGT
2025-11-13,9:35:22.852451374,T,91.79,200,91.95,100,TGT
2025-11-13,9:35:23.046283117,T,91.79,500,91.95,100,TGT
2025-11-13,9:35:23.196937108,T,91.8,200,91.95,100,TGT
2025-11-13,9:35:23.197002215,T,91.81,200,91.95,100,TGT
2025-11-13,9:35:24.433949197,T,91.81,200,91.97,100,TGT
2025-11-13,9:35:24.433974241,T,91.9,100,91.97,100,TGT
2025-11-13,9:35:24.433989220,T,91.9,100,92.07,200,TGT
2025-11-13,9:35:24.434024645,T,91.94,100,92.07,200,TGT
2025-11-13,9:35:24.434345055,T,91.94,200,92.07,200,TGT
2025-11-13,9:35:24.434510545,T,91.94,200,91.97,200,TGT
2025-11-13,9:35:24.434530506,T,91.94,200,92.07,200,TGT
2025-11-13,9:35:24.435116923,T,91.96,100,92.07,200,TGT
2025-11-13,9:35:24.443050866,T,91.96,100,92.09,100,TGT
2025-11-13,9:35:24.452343022,T,91.94,100,92.09,100,TGT
2025-11-13,9:35:24.480414897,T,91.91,300,92.09,100,TGT
2025-11-13,9:35:24.481241779,T,91.9,400,92.09,100,TGT
2025-11-13,9:35:24.481246806,T,91.9,100,92.09,100,TGT
2025-11-13,9:35:24.534017587,T,91.89,400,92.09,100,TGT
2025-11-13,9:35:24.534042696,T,91.86,300,92.09,100,TGT
2025-11-13,9:35:24.581495659,T,91.85,400,92.09,100,TGT
2025-11-13,9:35:24.581505791,T,91.85,400,92.01,300,TGT
2025-11-13,9:35:24.581565873,T,91.86,300,92.01,300,TGT
2025-11-13,9:35:24.581565873,T,91.86,300,92.09,100,TGT
2025-11-13,9:35:24.684425942,T,91.9,100,92.09,100,TGT
2025-11-13,9:35:24.684511580,T,91.92,100,92.09,100,TGT
2025-11-13,9:35:24.684556290,T,91.9,100,92.09,100,TGT
2025-11-13,9:35:24.684666574,T,91.9,200,92.09,100,TGT
2025-11-13,9:35:24.684706575,T,91.92,100,92.09,100,TGT
2025-11-13,9:35:24.684731815,T,91.92,100,92.1,100,TGT
2025-11-13,9:35:24.684731815,T,91.92,200,92.1,100,TGT
2025-11-13,9:35:24.684786816,T,91.93,400,92.1,100,TGT
2025-11-13,9:35:24.685197845,T,91.96,100,92.1,100,TGT
2025-11-13,9:35:24.685212855,T,91.96,100,92.09,300,TGT
2025-11-13,9:35:24.685237841,T,91.96,100,92.01,100,TGT
2025-11-13,9:35:24.685438322,T,91.96,100,92.01,200,TGT
2025-11-13,9:35:24.685693984,T,91.96,100,92.01,100,TGT
2025-11-13,9:35:24.686380664,T,91.96,200,92.01,100,TGT
2025-11-13,9:35:24.686916843,T,91.96,200,92.09,300,TGT
2025-11-13,9:35:24.686936964,T,91.98,100,92.09,300,TGT
2025-11-13,9:35:24.687493212,T,91.97,100,92.09,300,TGT
2025-11-13,9:35:24.687713819,T,91.97,200,92.09,300,TGT
2025-11-13,9:35:24.690720939,T,91.97,100,92.09,300,TGT
2025-11-13,9:35:24.717319317,T,91.93,400,92.09,300,TGT
2025-11-13,9:35:24.736570121,T,91.93,400,92.1,400,TGT
2025-11-13,9:35:24.736575244,T,91.93,400,92.1,100,TGT
2025-11-13,9:35:25.815330498,T,92.0,500,92.1,100,TGT
2025-11-13,9:35:28.715569766,T,92.0,600,92.1,100,TGT
2025-11-13,9:35:28.951446644,T,92.0,600,92.1,200,TGT
2025-11-13,9:35:30.461394070,T,92.0,600,92.09,400,TGT
2025-11-13,9:35:30.461609825,T,92.0,600,92.1,200,TGT
2025-11-13,9:35:30.461619587,T,92.0,600,92.1,500,TGT
2025-11-13,9:35:30.461629956,T,92.0,600,92.09,300,TGT
2025-11-13,9:35:30.461820443,T,92.0,600,92.1,500,TGT
2025-11-13,9:35:30.461820443,T,92.0,600,92.1,200,TGT
2025-11-13,9:35:30.485777172,T,92.0,600,92.1,500,TGT
2025-11-13,9:35:30.486799585,T,92.0,600,92.1,200,TGT
2025-11-13,9:35:30.511784088,T,92.0,600,92.1,500,TGT
2025-11-13,9:35:30.511829270,T,92.0,600,92.09,300,TGT
2025-11-13,9:35:30.512230159,T,92.0,600,92.1,200,TGT
2025-11-13,9:35:31.693233964,T,92.0,600,92.09,300,TGT
2025-11-13,9:35:31.693253911,T,92.0,400,92.09,300,TGT
2025-11-13,9:35:31.693253911,T,92.0,300,92.09,300,TGT
2025-11-13,9:35:31.693258952,T,92.0,200,92.09,300,TGT
2025-11-13,9:35:31.693294041,T,92.0,100,92.09,300,TGT
2025-11-13,9:35:31.693299005,T,91.93,400,92.09,300,TGT
2025-11-13,9:35:31.693334119,T,91.93,400,92.04,100,TGT
2025-11-13,9:35:31.693534579,T,91.86,100,92.04,100,TGT
2025-11-13,9:35:31.693780215,T,91.86,100,92.03,200,TGT
2025-11-13,9:35:31.693835339,T,91.86,100,92.04,100,TGT
2025-11-13,9:35:31.693960605,T,91.86,100,92.03,200,TGT
2025-11-13,9:35:31.694266356,T,91.86,100,92.04,100,TGT
2025-11-13,9:35:31.694817774,T,91.86,100,92.06,300,TGT
2025-11-13,9:35:31.948015859,T,91.86,100,92.01,200,TGT
2025-11-13,9:35:32.449901519,T,91.86,100,92.01,300,TGT
2025-11-13,9:35:32.450162184,T,91.78,300,92.01,300,TGT
2025-11-13,9:35:32.450167492,T,91.78,200,92.01,300,TGT
2025-11-13,9:35:34.866403729,T,91.78,200,92.0,100,TGT
2025-11-13,9:35:34.866904928,T,91.78,200,92.0,500,TGT
2025-11-13,9:35:34.867110439,T,91.81,300,92.0,500,TGT
2025-11-13,9:35:34.867295863,T,91.81,300,92.0,100,TGT
2025-11-13,9:35:34.873455599,T,91.81,300,92.01,300,TGT
2025-11-13,9:35:34.873460469,T,91.82,300,92.01,300,TGT
2025-11-13,9:35:37.206573739,T,91.83,400,92.01,300,TGT
2025-11-13,9:35:38.046439713,T,91.84,200,92.01,300,TGT
2025-11-13,9:35:38.059089945,T,91.83,400,92.01,300,TGT
2025-11-13,9:35:38.059089945,T,91.78,200,92.01,300,TGT
2025-11-13,9:35:38.062162170,T,91.83,200,92.01,300,TGT
2025-11-13,9:35:39.247060193,T,91.85,300,92.01,300,TGT
2025-11-13,9:35:39.581191279,T,91.86,300,92.01,300,TGT
2025-11-13,9:35:39.581772544,T,91.85,300,92.01,300,TGT
2025-11-13,9:35:39.583271149,T,91.86,300,92.01,300,TGT
2025-11-13,9:35:39.598712963,T,91.86,400,92.01,300,TGT
2025-11-13,9:35:39.598717979,T,91.87,300,92.01,300,TGT
2025-11-13,9:35:39.601399335,T,91.88,300,92.01,300,TGT
2025-11-13,9:35:39.604376396,T,91.88,300,92.01,400,TGT
2025-11-13,9:35:39.604396462,T,91.87,300,92.01,400,TGT
2025-11-13,9:35:39.604396462,T,91.86,300,92.01,400,TGT
2025-11-13,9:35:39.604436613,T,91.86,300,91.99,100,TGT
2025-11-13,9:35:39.604517107,T,91.86,300,91.98,300,TGT
2025-11-13,9:35:39.604566894,T,91.85,300,91.98,300,TGT
2025-11-13,9:35:39.604847494,T,91.84,300,91.98,300,TGT
2025-11-13,9:35:39.606386168,T,91.84,300,91.99,100,TGT
2025-11-13,9:35:39.640768120,T,91.78,200,91.99,100,TGT
2025-11-13,9:35:39.646346424,T,91.78,200,92.01,200,TGT
2025-11-13,9:35:39.787307182,T,91.78,200,91.99,100,TGT
2025-11-13,9:35:40.225862039,T,91.78,200,91.98,100,TGT
2025-11-13,9:35:40.225867040,T,91.78,200,91.94,100,TGT
2025-11-13,9:35:40.225887198,T,91.78,200,91.97,100,TGT
2025-11-13,9:35:40.225887198,T,91.78,200,91.97,200,TGT
2025-11-13,9:35:40.226338223,T,91.78,200,91.96,400,TGT
2025-11-13,9:35:40.226353614,T,91.78,200,91.94,100,TGT
2025-11-13,9:35:40.226373295,T,91.78,200,91.96,400,TGT
2025-11-13,9:35:40.226383325,T,91.78,200,91.94,100,TGT
2025-11-13,9:35:40.226393284,T,91.78,200,91.96,400,TGT
2025-11-13,9:35:40.226403304,T,91.8,300,91.96,400,TGT
2025-11-13,9:35:40.226408528,T,91.8,300,91.96,500,TGT
2025-11-13,9:35:40.226408528,T,91.8,300,91.93,100,TGT
2025-11-13,9:35:40.226648885,T,91.8,300,91.96,400,TGT
2025-11-13,9:35:40.226663937,T,91.8,300,91.94,100,TGT
2025-11-13,9:35:40.226804314,T,91.78,200,91.94,100,TGT
2025-11-13,9:35:40.226814340,T,91.79,300,91.94,100,TGT
2025-11-13,9:35:40.248220334,T,91.8,300,91.94,100,TGT
2025-11-13,9:35:40.437546389,T,91.71,200,91.94,100,TGT
2025-11-13,9:35:40.437571365,T,91.79,300,91.94,100,TGT
2025-11-13,9:35:40.624386454,T,91.71,200,91.94,100,TGT
2025-11-13,9:35:42.835309154,T,91.71,200,91.93,100,TGT
2025-11-13,9:35:42.835318881,T,91.71,200,91.94,100,TGT
2025-11-13,9:35:42.835343973,T,91.71,200,91.9,300,TGT
2025-11-13,9:35:42.835644677,T,91.71,200,91.89,100,TGT
2025-11-13,9:35:44.689195509,T,91.71,200,91.9,300,TGT
2025-11-13,9:35:44.689456116,T,91.71,200,91.91,300,TGT
2025-11-13,9:35:44.689907130,T,91.71,200,91.97,100,TGT
2025-11-13,9:35:44.690809350,T,91.71,200,91.91,200,TGT
2025-11-13,9:35:45.400134157,T,91.71,200,91.97,100,TGT
2025-11-13,9:35:47.238103000,T,91.71,200,91.91,400,TGT
2025-11-13,9:35:47.385975347,T,91.71,200,91.97,100,TGT
2025-11-13,9:35:48.273494844,T,91.71,200,91.91,300,TGT
2025-11-13,9:35:48.279058154,T,91.71,200,91.97,100,TGT
2025-11-13,9:35:49.808957969,T,91.71,200,91.9,100,TGT
2025-11-13,9:35:49.809449078,T,91.71,200,91.97,100,TGT
2025-11-13,9:35:50.226507721,T,91.71,200,91.9,200,TGT
2025-11-13,9:35:50.581879335,T,91.82,100,91.9,200,TGT
2025-11-13,9:35:50.582320294,T,91.71,200,91.9,200,TGT
2025-11-13,9:35:50.914476942,T,91.71,200,91.89,100,TGT
2025-11-13,9:35:50.914561873,T,91.71,200,91.88,300,TGT
2025-11-13,9:35:50.914581918,T,91.71,200,91.89,100,TGT
2025-11-13,9:35:50.914652113,T,91.71,200,91.88,100,TGT
2025-11-13,9:35:50.929808251,T,91.71,200,91.9,200,TGT
2025-11-13,9:35:54.859244633,T,91.71,200,91.97,100,TGT
2025-11-13,9:35:58.493377742,T,91.71,200,91.91,300,TGT
2025-11-13,9:35:58.547626906,T,91.71,200,91.97,100,TGT
2025-11-13,9:35:59.232653924,T,91.71,200,91.91,300,TGT
2025-11-13,9:35:59.233495937,T,91.71,200,91.97,100,TGT
2025-11-13,9:35:59.546441593,T,91.71,200,91.9,100,TGT
2025-11-13,9:36:01.186503984,T,91.71,200,91.97,100,TGT
2025-11-13,9:36:01.186764617,T,91.71,200,91.96,400,TGT
2025-11-13,9:36:01.566800083,T,91.71,200,91.97,100,TGT
2025-11-13,9:36:01.731086559,T,91.71,200,91.9,300,TGT
2025-11-13,9:36:01.731632868,T,91.71,200,91.97,100,TGT
2025-11-13,9:36:02.139118559,T,91.71,200,91.9,400,TGT
2025-11-13,9:36:02.139168720,T,91.71,200,91.97,100,TGT
2025-11-13,9:36:04.328178629,T,91.71,200,91.9,400,TGT
2025-11-13,9:36:05.653626603,T,91.82,400,91.9,400,TGT
2025-11-13,9:36:05.654388413,T,91.71,200,91.9,400,TGT
2025-11-13,9:36:05.670476733,T,91.82,300,91.9,400,TGT
2025-11-13,9:36:06.688156142,T,91.71,200,91.9,400,TGT
2025-11-13,9:36:07.233269787,T,91.82,400,91.9,400,TGT
2025-11-13,9:36:07.570217452,T,91.71,200,91.9,400,TGT
2025-11-13,9:36:10.859188213,T,91.84,300,91.9,400,TGT
2025-11-13,9:36:10.859228397,T,91.71,200,91.9,400,TGT
2025-11-13,9:36:11.503082195,T,91.71,200,91.89,100,TGT
2025-11-13,9:36:11.503107239,T,91.71,200,91.89,200,TGT
2025-11-13,9:36:11.503112276,T,91.71,200,91.89,100,TGT
2025-11-13,9:36:11.503332845,T,91.71,200,91.89,200,TGT
2025-11-13,9:36:11.510123974,T,91.71,200,91.89,100,TGT
2025-11-13,9:36:11.516689618,T,91.71,200,91.9,400,TGT
2025-11-13,9:36:11.517777196,T,91.71,200,91.89,100,TGT
2025-11-13,9:36:12.677013991,T,91.79,200,91.89,100,TGT
2025-11-13,9:36:12.910615543,T,91.71,200,91.89,100,TGT
2025-11-13,9:36:14.109897815,T,91.79,200,91.89,100,TGT
2025-11-13,9:36:14.698349770,T,91.71,200,91.89,100,TGT
2025-11-13,9:36:17.258835184,T,91.71,200,91.9,400,TGT
2025-11-13,9:36:17.258835184,T,91.8,100,91.9,400,TGT
2025-11-13,9:36:17.258870079,T,91.84,100,91.9,400,TGT
2025-11-13,9:36:17.258914927,T,91.84,400,91.9,400,TGT
2025-11-13,9:36:17.258950118,T,91.85,300,91.9,400,TGT
2025-11-13,9:36:17.259361067,T,91.85,400,91.9,400,TGT
2025-11-13,9:36:17.259406213,T,91.85,400,91.9,300,TGT
2025-11-13,9:36:17.259431190,T,91.85,400,91.97,100,TGT
2025-11-13,9:36:17.259456308,T,91.87,100,91.97,100,TGT
2025-11-13,9:36:17.259456308,T,91.88,100,91.97,100,TGT
2025-11-13,9:36:17.259456308,T,91.89,100,91.97,100,TGT
2025-11-13,9:36:17.259481287,T,91.89,200,91.97,100,TGT
2025-11-13,9:36:17.259516442,T,91.89,200,91.97,200,TGT
2025-11-13,9:36:17.259521417,T,91.89,200,91.97,100,TGT
2025-11-13,9:36:17.259736908,T,91.89,300,91.97,100,TGT
2025-11-13,9:36:17.259842327,T,91.89,300,91.9,100,TGT
2025-11-13,9:36:17.259867251,T,91.89,200,91.9,100,TGT
2025-11-13,9:36:17.259877557,T,91.89,200,92.03,100,TGT
2025-11-13,9:36:17.259887305,T,91.89,500,92.03,100,TGT
2025-11-13,9:36:17.259907371,T,91.89,200,92.03,100,TGT
2025-11-13,9:36:17.259907371,T,91.9,100,92.03,100,TGT
2025-11-13,9:36:17.259932430,T,91.9,100,92.05,200,TGT
2025-11-13,9:36:17.260203011,T,91.9,200,92.05,200,TGT
2025-11-13,9:36:17.261095242,T,91.9,300,92.05,200,TGT
2025-11-13,9:36:17.283137692,T,91.92,100,92.05,200,TGT
2025-11-13,9:36:17.283177733,T,91.92,100,92.05,300,TGT
2025-11-13,9:36:17.283358256,T,91.92,200,92.05,300,TGT
2025-11-13,9:36:17.283688990,T,91.92,100,92.05,300,TGT
2025-11-13,9:36:17.712400460,T,91.88,300,92.05,300,TGT
2025-11-13,9:36:18.381840364,T,91.86,300,92.05,300,TGT
2025-11-13,9:36:18.600085166,T,91.87,300,92.05,300,TGT
2025-11-13,9:36:18.752493308,T,91.87,300,91.99,100,TGT
2025-11-13,9:36:18.752498241,T,91.87,300,91.98,100,TGT
2025-11-13,9:36:18.752528355,T,91.87,300,91.96,100,TGT
2025-11-13,9:36:18.752528355,T,91.87,300,91.98,100,TGT
2025-11-13,9:36:18.752583695,T,91.86,300,91.98,100,TGT
2025-11-13,9:36:18.752593502,T,91.86,300,91.93,100,TGT
2025-11-13,9:36:18.752778934,T,91.86,300,91.98,100,TGT
2025-11-13,9:36:18.752804025,T,91.86,300,92.0,100,TGT
2025-11-13,9:36:18.752808986,T,91.86,400,92.0,100,TGT
2025-11-13,9:36:18.752829069,T,91.86,500,92.0,100,TGT
2025-11-13,9:36:18.752829069,T,91.87,100,92.0,100,TGT
2025-11-13,9:36:18.752844114,T,91.87,100,91.99,100,TGT
2025-11-13,9:36:18.752854127,T,91.87,400,91.99,100,TGT
2025-11-13,9:36:18.752874196,T,91.88,300,91.99,100,TGT
2025-11-13,9:36:18.752904332,T,91.88,400,91.99,100,TGT
2025-11-13,9:36:18.752969446,T,91.88,100,91.99,100,TGT
2025-11-13,9:36:18.753540720,T,91.88,100,91.93,100,TGT
2025-11-13,9:36:19.262337880,T,91.88,100,91.94,100,TGT
2025-11-13,9:36:19.262768913,T,91.88,100,92.05,300,TGT
2025-11-13,9:36:19.262798994,T,91.88,100,92.05,200,TGT
2025-11-13,9:36:19.262829102,T,91.88,100,92.05,300,TGT
2025-11-13,9:36:20.927640415,T,91.88,200,92.05,300,TGT
2025-11-13,9:36:20.927675478,T,91.88,200,91.93,100,TGT
2025-11-13,9:36:20.928287034,T,91.88,200,92.05,300,TGT
2025-11-13,9:36:20.928307399,T,91.9,100,92.05,300,TGT
2025-11-13,9:36:20.928312100,T,91.9,100,92.05,200,TGT
2025-11-13,9:36:20.928337132,T,91.9,100,92.05,300,TGT
2025-11-13,9:36:20.928362132,T,91.9,200,92.05,300,TGT
2025-11-13,9:36:20.928432366,T,91.9,200,92.05,200,TGT
2025-11-13,9:36:20.928437371,T,91.9,200,92.05,300,TGT
2025-11-13,9:36:20.928492424,T,91.9,200,91.96,400,TGT
2025-11-13,9:36:20.928502777,T,91.9,200,92.05,300,TGT
2025-11-13,9:36:20.928572636,T,91.9,200,92.0,100,TGT
2025-11-13,9:36:20.928612756,T,91.91,100,92.0,100,TGT
2025-11-13,9:36:20.928647963,T,91.92,100,92.0,100,TGT
2025-11-13,9:36:20.928712954,T,91.92,200,92.0,100,TGT
2025-11-13,9:36:20.928823275,T,91.92,200,92.05,300,TGT
2025-11-13,9:36:20.929148996,T,91.92,200,92.05,200,TGT
2025-11-13,9:36:20.929169048,T,91.93,100,92.05,200,TGT
2025-11-13,9:36:20.929174140,T,91.93,100,92.05,300,TGT
2025-11-13,9:36:20.929219240,T,91.93,200,92.05,300,TGT
2025-11-13,9:36:20.938541407,T,91.93,100,92.05,300,TGT
2025-11-13,9:36:21.219270307,T,91.93,200,92.05,300,TGT
2025-11-13,9:36:21.337837791,T,91.93,200,91.95,100,TGT
2025-11-13,9:36:21.337862846,T,91.93,100,91.95,100,TGT
2025-11-13,9:36:21.337862846,T,91.92,100,91.95,100,TGT
2025-11-13,9:36:21.337862846,T,91.92,100,92.0,100,TGT
2025-11-13,9:36:21.337872842,T,91.92,100,92.05,300,TGT
2025-11-13,9:36:21.337883309,T,91.92,100,91.94,100,TGT
2025-11-13,9:36:21.337887879,T,91.92,100,91.99,100,TGT
2025-11-13,9:36:21.337887879,T,91.93,100,91.99,100,TGT
2025-11-13,9:36:21.337887879,T,91.93,100,91.94,100,TGT
2025-11-13,9:36:21.337892964,T,91.92,100,91.94,100,TGT
2025-11-13,9:36:21.337903080,T,91.92,100,91.98,100,TGT
2025-11-13,9:36:21.337923199,T,91.92,100,92.05,300,TGT
2025-11-13,9:36:21.337928011,T,91.92,100,91.98,100,TGT
2025-11-13,9:36:21.337948017,T,91.92,100,91.94,100,TGT
2025-11-13,9:36:21.337953023,T,91.92,100,92.05,300,TGT
2025-11-13,9:36:21.337968160,T,91.92,200,92.05,300,TGT
2025-11-13,9:36:21.337973086,T,91.93,100,92.05,300,TGT
2025-11-13,9:36:21.337988170,T,91.92,100,92.05,300,TGT
2025-11-13,9:36:21.338028267,T,91.93,100,92.05,300,TGT
2025-11-13,9:36:21.338063342,T,91.92,100,92.05,300,TGT
2025-11-13,9:36:21.338078340,T,91.93,100,92.05,300,TGT
2025-11-13,9:36:21.338118719,T,91.93,100,92.05,200,TGT
2025-11-13,9:36:21.338123442,T,91.94,100,92.05,200,TGT
2025-11-13,9:36:21.338133564,T,91.94,200,92.05,200,TGT
2025-11-13,9:36:21.338148579,T,91.94,200,92.05,300,TGT
2025-11-13,9:36:21.338233687,T,91.94,100,92.05,300,TGT
2025-11-13,9:36:21.338238788,T,91.84,300,92.05,300,TGT
2025-11-13,9:36:21.338263794,T,91.84,300,92.05,200,TGT
2025-11-13,9:36:21.338263794,T,91.84,300,92.05,300,TGT
2025-11-13,9:36:21.338283894,T,91.84,300,92.0,100,TGT
2025-11-13,9:36:21.338289000,T,91.84,300,92.05,300,TGT
2025-11-13,9:36:21.338294410,T,91.84,300,92.05,200,TGT
2025-11-13,9:36:21.338298882,T,91.84,300,92.05,300,TGT
2025-11-13,9:36:22.864179043,T,91.84,300,92.0,100,TGT
2025-11-13,9:36:23.958997266,T,91.84,400,92.0,100,TGT
2025-11-13,9:36:24.087733939,T,91.88,100,92.0,100,TGT
2025-11-13,9:36:24.087759054,T,91.93,100,92.0,100,TGT
2025-11-13,9:36:24.088315418,T,91.89,200,92.0,100,TGT
2025-11-13,9:36:24.089002070,T,91.88,100,92.0,100,TGT
2025-11-13,9:36:24.098339197,T,91.88,200,92.0,100,TGT
2025-11-13,9:36:24.187842482,T,91.88,100,92.0,100,TGT
2025-11-13,9:36:25.890303559,T,91.88,400,92.0,100,TGT
2025-11-13,9:36:25.890353667,T,91.89,400,92.0,100,TGT
2025-11-13,9:36:25.890438840,T,91.88,300,92.0,100,TGT
2025-11-13,9:36:25.890649300,T,91.88,400,92.0,100,TGT
2025-11-13,9:36:25.890884875,T,91.88,100,92.0,100,TGT
2025-11-13,9:36:26.322618566,T,91.84,300,92.0,100,TGT
2025-11-13,9:36:27.093700467,T,91.89,100,92.0,100,TGT
2025-11-13,9:36:27.211195326,T,91.89,100,91.95,100,TGT
2025-11-13,9:36:27.211240538,T,91.84,400,91.95,100,TGT
2025-11-13,9:36:27.211260567,T,91.84,300,91.95,100,TGT
2025-11-13,9:36:27.211280567,T,91.84,300,91.94,100,TGT
2025-11-13,9:36:27.211416014,T,91.84,300,91.94,200,TGT
2025-11-13,9:36:27.211416014,T,91.84,300,91.94,100,TGT
2025-11-13,9:36:27.211420919,T,91.84,300,91.92,100,TGT
2025-11-13,9:36:27.211932084,T,91.83,300,91.92,100,TGT
2025-11-13,9:36:27.231533867,T,91.83,300,91.94,100,TGT
2025-11-13,9:36:28.265492234,T,91.76,200,91.94,100,TGT
2025-11-13,9:36:28.277059781,T,91.81,300,91.94,100,TGT
2025-11-13,9:36:29.611834829,T,91.81,300,91.91,100,TGT
2025-11-13,9:36:29.611844778,T,91.81,300,91.91,200,TGT
2025-11-13,9:36:29.611849853,T,91.8,300,91.91,200,TGT
2025-11-13,9:36:29.611849853,T,91.76,200,91.91,200,TGT
2025-11-13,9:36:29.611864857,T,91.76,200,91.91,300,TGT
2025-11-13,9:36:29.611869834,T,91.76,200,91.91,200,TGT
2025-11-13,9:36:29.612942397,T,91.76,200,91.9,300,TGT
2025-11-13,9:36:29.612952442,T,91.76,200,91.88,100,TGT
2025-11-13,9:36:29.613012625,T,91.76,200,91.87,100,TGT
2025-11-13,9:36:29.613027579,T,91.76,200,91.88,100,TGT
2025-11-13,9:36:29.613037731,T,91.76,200,91.87,100,TGT
2025-11-13,9:36:29.613037731,T,91.76,200,91.88,100,TGT
2025-11-13,9:36:29.613127841,T,91.83,100,91.88,100,TGT
2025-11-13,9:36:29.613152920,T,91.76,200,91.88,100,TGT
2025-11-13,9:36:29.613173012,T,91.76,200,91.85,100,TGT
2025-11-13,9:36:29.613729317,T,91.76,200,91.87,100,TGT
2025-11-13,9:36:29.614882036,T,91.51,200,91.87,100,TGT
2025-11-13,9:36:29.614887012,T,91.68,200,91.87,100,TGT
2025-11-13,9:36:29.633295998,T,91.68,200,91.88,100,TGT
2025-11-13,9:36:29.662635802,T,91.68,200,91.89,200,TGT
2025-11-13,9:36:30.025881258,T,91.7,100,91.89,200,TGT
2025-11-13,9:36:30.325279478,T,91.78,100,91.89,200,TGT
2025-11-13,9:36:30.325279478,T,91.79,100,91.89,200,TGT
2025-11-13,9:36:30.325329938,T,91.82,100,91.89,200,TGT
2025-11-13,9:36:30.325374619,T,91.82,100,91.9,300,TGT
2025-11-13,9:36:30.325469899,T,91.82,100,91.94,100,TGT
2025-11-13,9:36:30.326462247,T,91.79,100,91.94,100,TGT
2025-11-13,9:36:30.326532443,T,91.79,100,91.89,100,TGT
2025-11-13,9:36:30.354338622,T,91.7,100,91.89,100,TGT
2025-11-13,9:36:30.354368750,T,91.7,100,91.88,100,TGT
2025-11-13,9:36:30.354368750,T,91.68,200,91.88,100,TGT
2025-11-13,9:36:30.509022209,T,91.68,200,91.89,100,TGT
2025-11-13,9:36:31.797958112,T,91.81,100,91.89,100,TGT
2025-11-13,9:36:31.973120286,T,91.81,100,91.94,100,TGT
2025-11-13,9:36:32.623219122,T,91.68,200,91.94,100,TGT
2025-11-13,9:36:32.623244265,T,91.68,200,91.88,100,TGT
2025-11-13,9:36:33.248859723,T,91.7,100,91.88,100,TGT
2025-11-13,9:36:34.716476422,T,91.81,300,91.88,100,TGT
2025-11-13,9:36:34.716491462,T,91.82,300,91.88,100,TGT
2025-11-13,9:36:34.716561496,T,91.81,300,91.88,100,TGT
2025-11-13,9:36:34.716767008,T,91.7,100,91.88,100,TGT
2025-11-13,9:36:34.738659135,T,91.68,200,91.88,100,TGT
2025-11-13,9:36:34.738709294,T,91.68,200,91.87,100,TGT
2025-11-13,9:36:34.739105334,T,91.68,200,91.87,200,TGT
2025-11-13,9:36:34.739105334,T,91.68,200,91.86,100,TGT
2025-11-13,9:36:34.739425951,T,91.68,200,91.86,300,TGT
2025-11-13,9:36:34.739481098,T,91.68,200,91.85,300,TGT
2025-11-13,9:36:34.739546251,T,91.68,200,91.82,100,TGT
2025-11-13,9:36:34.739917077,T,91.73,300,91.82,100,TGT
2025-11-13,9:36:34.740102622,T,91.73,300,91.85,300,TGT
2025-11-13,9:36:34.740518552,T,91.73,300,91.81,100,TGT
2025-11-13,9:36:34.740548633,T,91.74,300,91.81,100,TGT
2025-11-13,9:36:34.740573673,T,91.73,300,91.81,100,TGT
2025-11-13,9:36:34.740573673,T,91.68,200,91.81,100,TGT
2025-11-13,9:36:34.741074845,T,91.68,200,91.83,300,TGT
2025-11-13,9:36:34.741230282,T,91.68,200,91.84,200,TGT
2025-11-13,9:36:34.831635631,T,91.73,300,91.84,200,TGT
2025-11-13,9:36:34.832056655,T,91.73,300,91.85,300,TGT
2025-11-13,9:36:34.990784749,T,91.68,200,91.85,300,TGT
2025-11-13,9:36:34.996518466,T,91.68,200,91.87,100,TGT
2025-11-13,9:36:35.352426304,T,91.68,200,91.82,100,TGT
2025-11-13,9:36:38.968295616,T,91.7,100,91.82,100,TGT
2025-11-13,9:36:42.170374297,T,91.7,100,91.81,100,TGT
2025-11-13,9:36:42.170414328,T,91.7,100,91.81,400,TGT
2025-11-13,9:36:42.170439674,T,91.7,100,91.81,500,TGT
2025-11-13,9:36:42.170454831,T,91.7,100,91.81,400,TGT
2025-11-13,9:36:42.170855456,T,91.7,100,91.8,300,TGT
2025-11-13,9:36:42.170950648,T,91.7,500,91.8,300,TGT
2025-11-13,9:36:42.171110979,T,91.7,100,91.8,300,TGT
2025-11-13,9:36:42.171316493,T,91.7,100,91.81,400,TGT
2025-11-13,9:36:42.181139916,T,91.7,100,91.81,100,TGT
2025-11-13,9:36:42.685356252,T,91.75,100,91.81,100,TGT
2025-11-13,9:36:42.699720493,T,91.75,100,91.87,100,TGT
2025-11-13,9:36:43.026168224,T,91.75,100,91.83,300,TGT
2025-11-13,9:36:43.043820309,T,91.75,100,91.87,100,TGT
2025-11-13,9:36:43.719063950,T,91.75,200,91.87,100,TGT
2025-11-13,9:36:44.901029785,T,91.75,100,91.87,100,TGT
2025-11-13,9:36:44.901054882,T,91.75,100,91.81,100,TGT
2025-11-13,9:36:44.901526039,T,91.68,200,91.81,100,TGT
2025-11-13,9:36:44.901540984,T,91.68,200,91.8,300,TGT
2025-11-13,9:36:44.901551154,T,91.68,200,91.78,100,TGT
2025-11-13,9:36:44.901556082,T,91.68,200,91.78,200,TGT
2025-11-13,9:36:44.902102319,T,91.68,200,91.78,100,TGT
2025-11-13,9:36:44.902658649,T,91.51,100,91.78,100,TGT
2025-11-13,9:36:44.902663666,T,91.61,200,91.78,100,TGT
2025-11-13,9:36:44.902748859,T,91.61,200,91.78,200,TGT
2025-11-13,9:36:45.001559281,T,91.61,200,91.78,100,TGT
2025-11-13,9:36:47.343368614,T,91.61,200,91.77,100,TGT
2025-11-13,9:36:47.350134735,T,91.61,200,91.78,300,TGT
2025-11-13,9:36:47.350836403,T,91.61,200,91.8,300,TGT
2025-11-13,9:36:47.350846401,T,91.7,100,91.8,300,TGT
2025-11-13,9:36:47.381389203,T,91.7,100,91.87,100,TGT
2025-11-13,9:36:47.423309050,T,91.7,100,91.8,300,TGT
2025-11-13,9:36:48.297366326,T,91.7,100,91.78,100,TGT
2025-11-13,9:36:54.892789258,T,91.7,100,91.78,600,TGT
2025-11-13,9:36:55.599758504,T,91.61,200,91.78,600,TGT
2025-11-13,9:36:55.599788675,T,91.61,200,91.77,100,TGT
2025-11-13,9:36:55.599793676,T,91.61,200,91.77,200,TGT
2025-11-13,9:36:55.599823692,T,91.61,200,91.76,100,TGT
2025-11-13,9:36:55.600304909,T,91.61,500,91.76,100,TGT
2025-11-13,9:36:55.609972922,T,91.61,500,91.77,200,TGT
2025-11-13,9:36:55.675639405,T,91.61,500,91.74,100,TGT
2025-11-13,9:36:55.676125529,T,91.61,500,91.77,200,TGT
2025-11-13,9:36:55.676386171,T,91.61,500,91.74,100,TGT
2025-11-13,9:36:55.677097973,T,91.61,500,91.77,200,TGT
2025-11-13,9:36:55.684455417,T,91.61,500,91.74,100,TGT
2025-11-13,9:36:55.699877087,T,91.61,500,91.77,100,TGT
2025-11-13,9:36:56.322465426,T,91.61,500,91.73,100,TGT
2025-11-13,9:36:56.322495487,T,91.61,500,91.73,200,TGT
2025-11-13,9:36:56.322806214,T,91.61,500,91.73,100,TGT
2025-11-13,9:36:56.322911520,T,91.61,200,91.73,100,TGT
2025-11-13,9:36:56.323021767,T,91.61,200,91.75,100,TGT
2025-11-13,9:36:56.323272388,T,91.61,500,91.75,100,TGT
2025-11-13,9:36:56.323292356,T,91.61,200,91.75,100,TGT
2025-11-13,9:36:56.323432693,T,91.61,600,91.75,100,TGT
2025-11-13,9:36:56.323502904,T,91.61,600,91.73,100,TGT
2025-11-13,9:36:56.600698666,T,91.61,600,91.77,100,TGT
2025-11-13,9:36:56.600723373,T,91.7,100,91.77,100,TGT
2025-11-13,9:36:56.600728393,T,91.7,100,91.78,500,TGT
2025-11-13,9:36:56.700927102,T,91.68,300,91.78,500,TGT
2025-11-13,9:36:56.702310332,T,91.61,300,91.78,500,TGT
2025-11-13,9:36:56.702310332,T,91.61,200,91.78,500,TGT
2025-11-13,9:36:57.693667154,T,91.61,200,91.77,300,TGT
2025-11-13,9:36:57.693747276,T,91.61,600,91.77,300,TGT
2025-11-13,9:36:57.694012934,T,91.61,600,91.76,100,TGT
2025-11-13,9:36:57.694333693,T,91.61,600,91.76,400,TGT
2025-11-13,9:36:57.695205734,T,91.61,600,91.75,100,TGT
2025-11-13,9:36:57.695957568,T,91.61,200,91.75,100,TGT
2025-11-13,9:36:57.698553741,T,91.6,200,91.75,100,TGT
2025-11-13,9:36:57.698578795,T,91.61,300,91.75,100,TGT
2025-11-13,9:36:57.702242489,T,91.61,300,91.76,500,TGT
2025-11-13,9:36:57.702262570,T,91.61,300,91.76,400,TGT
2025-11-13,9:36:57.702483131,T,91.6,200,91.76,400,TGT
2025-11-13,9:36:57.721648818,T,91.61,300,91.76,400,TGT
2025-11-13,9:36:57.798556942,T,91.61,300,91.7,100,TGT
2025-11-13,9:36:58.321157326,T,91.61,300,91.77,300,TGT
2025-11-13,9:36:58.321177092,T,91.66,100,91.77,300,TGT
2025-11-13,9:36:58.321182101,T,91.68,100,91.77,300,TGT
2025-11-13,9:36:58.321482863,T,91.68,200,91.77,300,TGT
2025-11-13,9:36:58.321508026,T,91.68,100,91.77,300,TGT
2025-11-13,9:36:58.321508026,T,91.68,100,91.76,300,TGT
2025-11-13,9:36:58.321517937,T,91.69,100,91.76,300,TGT
2025-11-13,9:36:58.321553059,T,91.68,100,91.76,300,TGT
2025-11-13,9:36:58.321578103,T,91.69,100,91.76,300,TGT
2025-11-13,9:36:58.321598138,T,91.68,100,91.76,300,TGT
2025-11-13,9:36:58.321598138,T,91.69,100,91.76,300,TGT
2025-11-13,9:36:58.321668532,T,91.68,100,91.76,300,TGT
2025-11-13,9:36:58.321668532,T,91.68,300,91.76,300,TGT
2025-11-13,9:36:58.321698308,T,91.68,100,91.76,300,TGT
2025-11-13,9:36:58.321778487,T,91.69,100,91.76,300,TGT
2025-11-13,9:36:58.321788496,T,91.69,100,91.77,300,TGT
2025-11-13,9:36:58.321818622,T,91.68,100,91.77,300,TGT
2025-11-13,9:36:58.321883818,T,91.66,100,91.77,300,TGT
2025-11-13,9:36:58.321893989,T,91.66,100,91.76,300,TGT
2025-11-13,9:36:58.321903803,T,91.66,100,91.71,100,TGT
2025-11-13,9:36:58.322019078,T,91.66,200,91.71,100,TGT
2025-11-13,9:36:58.322019078,T,91.66,100,91.71,100,TGT
2025-11-13,9:36:58.322029140,T,91.66,200,91.71,100,TGT
2025-11-13,9:36:58.322049155,T,91.66,100,91.71,100,TGT
2025-11-13,9:36:58.322425113,T,91.66,100,91.76,300,TGT
2025-11-13,9:36:58.322445143,T,91.69,100,91.76,300,TGT
2025-11-13,9:36:58.322490308,T,91.69,100,91.77,300,TGT
2025-11-13,9:36:58.322505306,T,91.69,100,91.76,300,TGT
2025-11-13,9:36:58.322640564,T,91.69,100,91.77,300,TGT
2025-11-13,9:36:58.322750828,T,91.69,100,91.76,200,TGT
2025-11-13,9:36:58.322861104,T,91.69,100,91.75,300,TGT
2025-11-13,9:36:58.322876174,T,91.67,300,91.75,300,TGT
2025-11-13,9:36:58.322881095,T,91.69,100,91.75,300,TGT
2025-11-13,9:36:58.322926253,T,91.67,300,91.75,300,TGT
2025-11-13,9:36:58.322966387,T,91.67,300,91.76,200,TGT
2025-11-13,9:36:58.323126777,T,91.67,300,91.7,200,TGT
2025-11-13,9:36:58.323146721,T,91.67,300,91.76,200,TGT
2025-11-13,9:36:58.323176863,T,91.67,300,91.77,300,TGT
2025-11-13,9:36:58.323943651,T,91.66,100,91.77,300,TGT
2025-11-13,9:36:58.323948715,T,91.66,100,91.76,200,TGT
2025-11-13,9:36:58.324053955,T,91.67,300,91.76,200,TGT
2025-11-13,9:36:58.324419824,T,91.68,300,91.76,200,TGT
2025-11-13,9:36:58.324419824,T,91.68,300,91.77,300,TGT
2025-11-13,9:36:58.324520101,T,91.67,300,91.77,300,TGT
2025-11-13,9:36:58.324660414,T,91.67,300,91.76,200,TGT
2025-11-13,9:36:58.324936088,T,91.67,300,91.77,400,TGT
2025-11-13,9:36:58.324946099,T,91.68,400,91.77,400,TGT
2025-11-13,9:36:58.324946099,T,91.68,400,91.77,300,TGT
2025-11-13,9:36:58.325141654,T,91.67,300,91.77,300,TGT
2025-11-13,9:36:58.331065667,T,91.67,300,91.78,500,TGT
2025-11-13,9:36:58.331090663,T,91.67,300,91.78,800,TGT
2025-11-13,9:36:58.342232300,T,91.66,100,91.78,800,TGT
2025-11-13,9:36:58.342277533,T,91.68,300,91.78,800,TGT
2025-11-13,9:36:58.342282743,T,91.68,300,91.78,500,TGT
2025-11-13,9:36:58.372113418,T,91.68,400,91.78,500,TGT
2025-11-13,9:36:58.372509440,T,91.68,300,91.78,500,TGT
2025-11-13,9:36:58.566762127,T,91.6,200,91.78,500,TGT
2025-11-13,9:36:58.644647702,T,91.59,200,91.78,500,TGT
2025-11-13,9:36:59.708547567,T,91.59,200,91.77,100,TGT
2025-11-13,9:36:59.708978612,T,91.59,200,91.77,200,TGT
2025-11-13,9:36:59.708988595,T,91.59,200,91.77,100,TGT
2025-11-13,9:36:59.718837048,T,91.68,100,91.77,100,TGT
2025-11-13,9:36:59.718857154,T,91.68,100,91.78,500,TGT
2025-11-13,9:36:59.742067393,T,91.59,200,91.78,500,TGT
2025-11-13,9:37:02.815910551,T,91.7,200,91.78,500,TGT
2025-11-13,9:37:02.815945641,T,91.7,200,91.78,800,TGT
2025-11-13,9:37:03.268117953,T,91.7,300,91.78,800,TGT
2025-11-13,9:37:03.648789801,T,91.7,200,91.78,800,TGT
2025-11-13,9:37:05.203809422,T,91.71,100,91.78,800,TGT
2025-11-13,9:37:05.420230069,T,91.71,200,91.78,800,TGT
2025-11-13,9:37:05.568748858,T,91.71,100,91.78,800,TGT
2025-11-13,9:37:05.863711512,T,91.71,100,91.78,700,TGT
2025-11-13,9:37:05.863726618,T,91.71,100,91.78,300,TGT
2025-11-13,9:37:05.863731607,T,91.71,100,91.87,100,TGT
2025-11-13,9:37:05.863741666,T,91.71,400,91.87,100,TGT
2025-11-13,9:37:05.863751767,T,91.72,100,91.87,100,TGT
2025-11-13,9:37:05.863751767,T,91.76,100,91.87,100,TGT
2025-11-13,9:37:05.864548614,T,91.76,300,91.87,100,TGT
2025-11-13,9:37:05.865009638,T,91.76,200,91.87,100,TGT
2025-11-13,9:37:05.866197531,T,91.76,300,91.87,100,TGT
2025-11-13,9:37:06.233973986,T,91.76,200,91.87,100,TGT
2025-11-13,9:37:06.577582324,T,91.76,300,91.87,100,TGT
2025-11-13,9:37:06.577597647,T,91.76,300,91.9,200,TGT
2025-11-13,9:37:06.577627389,T,91.78,100,91.9,200,TGT
2025-11-13,9:37:06.577637412,T,91.77,100,91.9,200,TGT
2025-11-13,9:37:06.577652522,T,91.76,400,91.9,200,TGT
2025-11-13,9:37:06.577802846,T,91.77,300,91.9,200,TGT
2025-11-13,9:37:06.578213788,T,91.81,100,91.9,200,TGT
2025-11-13,9:37:06.578630041,T,91.81,200,91.9,200,TGT
2025-11-13,9:37:06.578770302,T,91.81,100,91.9,200,TGT
2025-11-13,9:37:06.579261369,T,91.81,100,91.83,100,TGT
2025-11-13,9:37:06.579271323,T,91.8,200,91.83,100,TGT
2025-11-13,9:37:06.579371599,T,91.77,300,91.83,100,TGT
2025-11-13,9:37:06.579506967,T,91.78,100,91.83,100,TGT
2025-11-13,9:37:06.579516897,T,91.78,100,91.9,200,TGT
2025-11-13,9:37:06.579522010,T,91.78,200,91.9,200,TGT
2025-11-13,9:37:06.579556987,T,91.79,100,91.9,200,TGT
2025-11-13,9:37:06.579556987,T,91.79,200,91.9,200,TGT
2025-11-13,9:37:06.580649669,T,91.79,100,91.9,200,TGT
2025-11-13,9:37:06.597905797,T,91.79,100,91.87,100,TGT
2025-11-13,9:37:06.597915737,T,91.79,100,91.84,100,TGT
2025-11-13,9:37:06.600822793,T,91.78,100,91.84,100,TGT
2025-11-13,9:37:06.600842710,T,91.78,100,91.81,100,TGT
2025-11-13,9:37:06.600847804,T,91.71,300,91.81,100,TGT
2025-11-13,9:37:06.600897962,T,91.72,400,91.81,100,TGT
2025-11-13,9:37:06.601308825,T,91.71,300,91.81,100,TGT
2025-11-13,9:37:06.601323854,T,91.72,100,91.81,100,TGT
2025-11-13,9:37:06.602120797,T,91.72,200,91.81,100,TGT
2025-11-13,9:37:06.607979792,T,91.72,200,91.84,100,TGT
2025-11-13,9:37:06.860270801,T,91.72,100,91.84,100,TGT
2025-11-13,9:37:06.860912375,T,91.72,300,91.84,100,TGT
2025-11-13,9:37:07.584736892,T,91.73,100,91.84,100,TGT
2025-11-13,9:37:07.585533824,T,91.73,200,91.84,100,TGT
2025-11-13,9:37:09.831850278,T,91.73,200,91.9,200,TGT
