DATE,TIME_M,EX,BID,BIDSIZ,ASK,ASKSIZ,SYM_ROOT
2025-11-12,9:30:01.164565420,T,91.0,400,92.0,800,TGT
2025-11-12,9:30:01.214309019,T,91.0,400,92.0,700,TGT
2025-11-12,9:30:01.214309019,T,91.0,400,92.0,800,TGT
2025-11-12,9:30:01.418821225,T,91.15,100,92.0,800,TGT
2025-11-12,9:30:01.789414073,T,91.15,100,91.85,200,TGT
2025-11-12,9:30:05.014036196,T,91.75,100,91.85,200,TGT
2025-11-12,9:30:09.246684678,T,91.75,100,92.0,700,TGT
2025-11-12,9:30:09.246705135,T,91.82,100,92.0,700,TGT
2025-11-12,9:30:09.246739847,T,91.75,100,92.0,700,TGT
2025-11-12,9:30:09.246769992,T,91.75,100,91.89,100,TGT
2025-11-12,9:30:09.247702159,T,91.77,100,91.89,100,TGT
2025-11-12,9:30:09.249626759,T,91.82,100,91.89,100,TGT
2025-11-12,9:30:09.272000091,T,91.7,100,91.89,100,TGT
2025-11-12,9:30:09.272025046,T,91.7,100,91.82,100,TGT
2025-11-12,9:30:09.272245618,T,91.7,100,92.0,800,TGT
2025-11-12,9:30:09.276671181,T,91.75,100,92.0,800,TGT
2025-11-12,9:30:09.326700360,T,91.75,100,92.0,700,TGT
2025-11-12,9:30:10.618598089,T,91.75,100,91.82,100,TGT
2025-11-12,9:30:10.618898880,T,91.7,100,91.82,100,TGT
2025-11-12,9:30:10.620472558,T,91.7,100,91.78,100,TGT
2025-11-12,9:30:10.620698125,T,91.7,100,91.78,200,TGT
2025-11-12,9:30:10.621048969,T,91.48,100,91.78,200,TGT
2025-11-12,9:30:10.621505021,T,91.6,100,91.78,200,TGT
2025-11-12,9:30:10.621720587,T,91.6,100,91.78,100,TGT
2025-11-12,9:30:10.625053487,T,91.68,100,91.78,100,TGT
2025-11-12,9:30:10.625073489,T,91.68,200,91.78,100,TGT
2025-11-12,9:30:10.627474253,T,91.68,200,91.87,100,TGT
2025-11-12,9:30:12.304745141,T,91.68,200,91.82,100,TGT
2025-11-12,9:30:12.793354065,T,91.68,100,91.82,100,TGT
2025-11-12,9:30:12.793379179,T,91.48,100,91.82,100,TGT
2025-11-12,9:30:12.793399218,T,91.48,100,91.78,100,TGT
2025-11-12,9:30:12.794967951,T,91.48,100,91.74,100,TGT
2025-11-12,9:30:12.795193484,T,91.48,100,91.74,200,TGT
2025-11-12,9:30:12.797469059,T,91.66,100,91.74,200,TGT
2025-11-12,9:30:13.794033080,T,91.66,100,91.74,100,TGT
2025-11-12,9:30:13.794920205,T,91.66,100,91.81,100,TGT
2025-11-12,9:30:13.900702138,T,91.67,100,91.81,100,TGT
2025-11-12,9:30:14.175506805,T,91.67,100,91.79,100,TGT
2025-11-12,9:30:20.338363925,T,91.67,200,91.79,100,TGT
2025-11-12,9:30:21.112954170,T,91.67,100,91.79,100,TGT
2025-11-12,9:30:24.847867122,T,91.27,100,91.79,100,TGT
2025-11-12,9:30:24.847912225,T,91.03,100,91.79,100,TGT
2025-11-12,9:30:24.847937273,T,91.0,1300,91.79,100,TGT
2025-11-12,9:30:24.847947344,T,91.19,100,91.79,100,TGT
2025-11-12,9:30:24.848202893,T,91.19,100,91.73,100,TGT
2025-11-12,9:30:24.849320609,T,91.0,1300,91.73,100,TGT
2025-11-12,9:30:24.849350682,T,91.0,1300,91.73,200,TGT
2025-11-12,9:30:24.849350682,T,91.19,100,91.73,200,TGT
2025-11-12,9:30:24.849360660,T,91.19,100,91.72,100,TGT
2025-11-12,9:30:24.849380790,T,91.19,100,91.73,200,TGT
2025-11-12,9:30:24.849385743,T,91.19,100,91.72,100,TGT
2025-11-12,9:30:24.849400759,T,91.0,1300,91.72,100,TGT
2025-11-12,9:30:24.849626348,T,91.0,1300,91.72,200,TGT
2025-11-12,9:30:24.849972087,T,91.0,1300,91.72,300,TGT
2025-11-12,9:30:24.850312950,T,91.0,1300,91.72,200,TGT
2025-11-12,9:30:24.850774055,T,91.0,1300,91.67,100,TGT
2025-11-12,9:30:24.853219858,T,91.45,100,91.67,100,TGT
2025-11-12,9:30:24.853520538,T,91.5,100,91.67,100,TGT
2025-11-12,9:30:24.855104365,T,91.5,100,91.65,100,TGT
2025-11-12,9:30:45.559549624,T,91.5,100,91.65,200,TGT
2025-11-12,9:30:59.734890160,T,91.5,200,91.65,200,TGT
2025-11-12,9:30:59.734900198,T,91.5,300,91.65,200,TGT
2025-11-12,9:31:00.001650614,T,91.5,200,91.65,200,TGT
2025-11-12,9:31:00.390662577,T,91.5,100,91.65,200,TGT
2025-11-12,9:31:04.121696402,T,91.5,100,91.65,100,TGT
2025-11-12,9:31:04.121701609,T,91.5,100,91.77,200,TGT
2025-11-12,9:31:04.121721446,T,91.59,100,91.77,200,TGT
2025-11-12,9:31:04.122037196,T,91.59,100,91.67,100,TGT
2025-11-12,9:31:04.122057310,T,91.59,100,91.77,200,TGT
2025-11-12,9:31:04.122062224,T,91.59,100,91.67,200,TGT
2025-11-12,9:31:04.122062224,T,91.59,100,91.67,300,TGT
2025-11-12,9:31:04.122067408,T,91.59,100,91.67,200,TGT
2025-11-12,9:31:04.122067408,T,91.59,100,91.67,100,TGT
2025-11-12,9:31:04.122072324,T,91.59,100,91.77,200,TGT
2025-11-12,9:31:04.122082464,T,91.59,100,91.67,200,TGT
2025-11-12,9:31:04.122082464,T,91.59,100,91.77,200,TGT
2025-11-12,9:31:04.122112447,T,91.59,100,91.77,300,TGT
2025-11-12,9:31:04.122147526,T,91.6,100,91.77,300,TGT
2025-11-12,9:31:04.122157478,T,91.59,100,91.77,300,TGT
2025-11-12,9:31:04.122167532,T,91.6,100,91.77,300,TGT
2025-11-12,9:31:04.122197599,T,91.6,100,91.77,400,TGT
2025-11-12,9:31:04.122383022,T,91.6,100,91.67,100,TGT
2025-11-12,9:31:04.122403052,T,91.6,100,91.77,300,TGT
2025-11-12,9:31:04.122403052,T,91.6,100,91.67,100,TGT
2025-11-12,9:31:04.122408116,T,91.6,100,91.77,200,TGT
2025-11-12,9:31:04.122503354,T,91.6,200,91.77,200,TGT
2025-11-12,9:31:04.122553453,T,91.6,200,91.77,300,TGT
2025-11-12,9:31:04.122839167,T,91.6,100,91.77,300,TGT
2025-11-12,9:31:04.123114808,T,91.65,100,91.77,300,TGT
2025-11-12,9:31:04.123565922,T,91.65,100,91.77,100,TGT
2025-11-12,9:31:04.129645385,T,91.65,100,91.9,100,TGT
2025-11-12,9:31:04.129695439,T,91.65,100,91.93,200,TGT
2025-11-12,9:31:04.129895975,T,91.65,100,91.77,100,TGT
2025-11-12,9:31:04.130096443,T,91.71,100,91.77,100,TGT
2025-11-12,9:31:04.130417213,T,91.71,100,91.79,100,TGT
2025-11-12,9:31:04.130843258,T,91.59,200,91.79,100,TGT
2025-11-12,9:31:04.131795483,T,91.71,100,91.79,100,TGT
2025-11-12,9:31:04.131835556,T,91.71,100,91.77,100,TGT
2025-11-12,9:31:04.141373302,T,91.71,100,91.91,100,TGT
2025-11-12,9:31:04.141478585,T,91.71,100,91.93,200,TGT
2025-11-12,9:31:04.142911937,T,91.71,100,91.93,300,TGT
2025-11-12,9:31:04.143363046,T,91.71,100,91.93,200,TGT
2025-11-12,9:31:04.143388130,T,91.59,100,91.93,200,TGT
2025-11-12,9:31:04.143513375,T,91.74,100,91.93,200,TGT
2025-11-12,9:31:04.143859241,T,91.74,100,91.93,300,TGT
2025-11-12,9:31:04.143864517,T,91.59,200,91.93,300,TGT
2025-11-12,9:31:04.143884230,T,91.59,200,91.76,100,TGT
2025-11-12,9:31:04.144154881,T,91.59,200,91.93,200,TGT
2025-11-12,9:31:04.144154881,T,91.59,200,91.75,100,TGT
2025-11-12,9:31:04.144174925,T,91.59,200,91.93,200,TGT
2025-11-12,9:31:04.144530786,T,91.59,300,91.93,200,TGT
2025-11-12,9:31:04.144991944,T,91.75,100,91.93,200,TGT
2025-11-12,9:31:04.154810313,T,91.59,200,91.93,200,TGT
2025-11-12,9:31:04.154815359,T,91.59,100,91.93,200,TGT
2025-11-12,9:31:04.154840347,T,91.61,300,91.93,200,TGT
2025-11-12,9:31:04.155261421,T,91.61,400,91.93,200,TGT
2025-11-12,9:31:04.155812718,T,91.77,100,91.93,200,TGT
2025-11-12,9:31:04.178421584,T,91.77,100,91.87,100,TGT
2025-11-12,9:31:04.180266059,T,91.77,100,91.89,100,TGT
2025-11-12,9:31:06.610580723,T,91.78,100,91.89,100,TGT
2025-11-12,9:31:06.662273827,T,91.78,200,91.89,100,TGT
2025-11-12,9:31:06.702880487,T,91.78,100,91.89,100,TGT
2025-11-12,9:31:06.703456913,T,91.79,100,91.89,100,TGT
2025-11-12,9:31:06.712849338,T,91.79,100,91.93,200,TGT
2025-11-12,9:31:06.712849338,T,91.79,200,91.93,200,TGT
2025-11-12,9:31:06.713400548,T,91.84,100,91.93,200,TGT
2025-11-12,9:31:06.723820734,T,91.84,100,91.89,100,TGT
2025-11-12,9:31:06.724000868,T,91.77,100,91.89,100,TGT
2025-11-12,9:31:06.724020907,T,91.77,100,91.87,100,TGT
2025-11-12,9:31:06.724216407,T,91.77,100,91.87,200,TGT
2025-11-12,9:31:06.724416804,T,91.77,100,91.87,300,TGT
2025-11-12,9:31:06.724517096,T,91.77,100,91.87,400,TGT
2025-11-12,9:31:06.724562175,T,91.77,100,91.87,500,TGT
2025-11-12,9:31:06.724577184,T,91.77,100,91.87,400,TGT
2025-11-12,9:31:06.725439254,T,91.77,100,91.87,500,TGT
2025-11-12,9:31:06.725895391,T,91.73,100,91.87,500,TGT
2025-11-12,9:31:06.725920407,T,91.73,100,91.81,100,TGT
2025-11-12,9:31:06.725920407,T,91.73,100,91.81,200,TGT
2025-11-12,9:31:06.725925481,T,91.73,100,91.81,300,TGT
2025-11-12,9:31:06.725925481,T,91.73,100,91.81,400,TGT
2025-11-12,9:31:06.726076348,T,91.73,100,91.81,300,TGT
2025-11-12,9:31:06.726080810,T,91.73,100,91.81,200,TGT
2025-11-12,9:31:06.726080810,T,91.73,100,91.81,100,TGT
2025-11-12,9:31:06.726080810,T,91.73,100,91.87,100,TGT
2025-11-12,9:31:06.726110905,T,91.73,100,91.81,100,TGT
2025-11-12,9:31:06.726115936,T,91.73,100,91.81,200,TGT
2025-11-12,9:31:06.726120926,T,91.73,100,91.81,300,TGT
2025-11-12,9:31:06.726125945,T,91.73,100,91.81,400,TGT
2025-11-12,9:31:06.726356513,T,91.67,100,91.81,400,TGT
2025-11-12,9:31:06.726371480,T,91.67,100,91.81,500,TGT
2025-11-12,9:31:06.726376791,T,91.67,100,91.8,100,TGT
2025-11-12,9:31:06.726376791,T,91.67,100,91.77,100,TGT
2025-11-12,9:31:06.726381481,T,91.67,100,91.77,200,TGT
2025-11-12,9:31:06.726381481,T,91.67,100,91.77,300,TGT
2025-11-12,9:31:06.726386499,T,91.67,100,91.77,400,TGT
2025-11-12,9:31:06.726401613,T,91.55,100,91.77,400,TGT
2025-11-12,9:31:06.726421561,T,91.55,100,91.76,100,TGT
2025-11-12,9:31:06.726426748,T,91.55,100,91.73,100,TGT
2025-11-12,9:31:06.726426748,T,91.55,100,91.73,200,TGT
2025-11-12,9:31:06.726431588,T,91.55,100,91.73,300,TGT
2025-11-12,9:31:06.726431588,T,91.55,100,91.73,400,TGT
2025-11-12,9:31:06.726446669,T,91.55,100,91.73,300,TGT
2025-11-12,9:31:06.726466794,T,91.48,200,91.73,300,TGT
2025-11-12,9:31:06.726471936,T,91.48,200,91.73,200,TGT
2025-11-12,9:31:06.726471936,T,91.48,200,91.73,100,TGT
2025-11-12,9:31:06.726476725,T,91.48,200,91.76,100,TGT
2025-11-12,9:31:06.726496779,T,91.48,300,91.76,100,TGT
2025-11-12,9:31:06.726496779,T,91.55,100,91.76,100,TGT
2025-11-12,9:31:06.726501767,T,91.65,100,91.76,100,TGT
2025-11-12,9:31:06.727403961,T,91.65,100,91.76,200,TGT
2025-11-12,9:31:06.727464078,T,91.65,100,91.76,100,TGT
2025-11-12,9:31:06.733613722,T,91.67,100,91.76,100,TGT
2025-11-12,9:31:06.736605928,T,91.67,100,91.9,200,TGT
2025-11-12,9:31:06.736851510,T,91.67,100,91.9,300,TGT
2025-11-12,9:31:06.737112047,T,91.72,100,91.9,300,TGT
2025-11-12,9:31:06.749471523,T,91.72,100,91.79,100,TGT
2025-11-12,9:31:06.749491546,T,91.65,100,91.79,100,TGT
2025-11-12,9:31:06.749526610,T,91.65,100,91.76,100,TGT
2025-11-12,9:31:06.749757164,T,91.72,100,91.76,100,TGT
2025-11-12,9:31:06.750088137,T,91.72,100,91.75,100,TGT
2025-11-12,9:31:06.750263450,T,91.72,100,91.75,200,TGT
2025-11-12,9:31:06.750463842,T,91.72,200,91.75,200,TGT
2025-11-12,9:31:06.751456391,T,91.72,200,91.75,100,TGT
2025-11-12,9:31:06.751456391,T,91.72,200,91.76,100,TGT
2025-11-12,9:31:06.751476307,T,91.74,100,91.76,100,TGT
2025-11-12,9:31:06.751496401,T,91.74,100,91.9,200,TGT
2025-11-12,9:31:06.751696848,T,91.72,200,91.9,200,TGT
2025-11-12,9:31:06.751721905,T,91.72,200,91.8,100,TGT
2025-11-12,9:31:06.751741946,T,91.72,200,91.77,100,TGT
2025-11-12,9:31:06.752223108,T,91.73,100,91.77,100,TGT
2025-11-12,9:31:06.762577742,T,91.72,100,91.77,100,TGT
2025-11-12,9:31:06.762577742,T,91.65,100,91.77,100,TGT
2025-11-12,9:31:06.764452256,T,91.65,200,91.77,100,TGT
2025-11-12,9:31:06.776150041,T,91.65,300,91.77,100,TGT
2025-11-12,9:31:06.789982983,T,91.65,200,91.77,100,TGT
2025-11-12,9:31:06.790764857,T,91.66,100,91.77,100,TGT
2025-11-12,9:31:06.791641933,T,91.66,200,91.77,100,TGT
2025-11-12,9:31:06.851654976,T,91.66,300,91.77,100,TGT
2025-11-12,9:31:07.955059089,T,91.66,200,91.77,100,TGT
2025-11-12,9:31:07.955063840,T,91.66,100,91.77,100,TGT
2025-11-12,9:31:07.955063840,T,91.5,100,91.77,100,TGT
2025-11-12,9:31:07.955074077,T,91.48,200,91.77,100,TGT
2025-11-12,9:31:07.955098806,T,91.48,200,91.71,100,TGT
2025-11-12,9:31:07.955098806,T,91.48,200,91.67,100,TGT
2025-11-12,9:31:07.955304319,T,91.48,200,91.71,100,TGT
2025-11-12,9:31:07.955344364,T,91.51,100,91.71,100,TGT
2025-11-12,9:31:07.955549830,T,91.5,100,91.71,100,TGT
2025-11-12,9:31:07.955594991,T,91.51,100,91.71,100,TGT
2025-11-12,9:31:07.955610081,T,91.5,100,91.71,100,TGT
2025-11-12,9:31:07.955640093,T,91.51,100,91.71,100,TGT
2025-11-12,9:31:07.956086202,T,91.51,200,91.71,100,TGT
2025-11-12,9:31:07.956371822,T,91.51,300,91.71,100,TGT
2025-11-12,9:31:07.956381817,T,91.51,400,91.71,100,TGT
2025-11-12,9:31:07.956391848,T,91.51,300,91.71,100,TGT
2025-11-12,9:31:07.960817410,T,91.59,100,91.71,100,TGT
2025-11-12,9:31:07.960837488,T,91.59,100,91.76,100,TGT
2025-11-12,9:31:07.966235359,T,91.59,100,91.9,200,TGT
2025-11-12,9:31:07.966937026,T,91.59,100,91.9,300,TGT
2025-11-12,9:31:07.966967115,T,91.59,100,91.9,600,TGT
2025-11-12,9:31:07.967483367,T,91.59,100,91.9,300,TGT
2025-11-12,9:31:07.967713913,T,91.59,200,91.9,300,TGT
2025-11-12,9:31:07.967728935,T,91.59,300,91.9,300,TGT
2025-11-12,9:31:07.980163505,T,91.59,200,91.9,300,TGT
2025-11-12,9:31:07.980163505,T,91.59,100,91.9,300,TGT
2025-11-12,9:31:07.980188620,T,91.59,100,91.86,100,TGT
2025-11-12,9:31:07.980318853,T,91.48,200,91.86,100,TGT
2025-11-12,9:31:07.980344008,T,91.48,200,91.72,100,TGT
2025-11-12,9:31:07.980344008,T,91.48,200,91.65,100,TGT
2025-11-12,9:31:07.980579569,T,91.51,100,91.65,100,TGT
2025-11-12,9:31:07.981506726,T,91.51,200,91.65,100,TGT
2025-11-12,9:31:07.984363564,T,91.51,300,91.65,100,TGT
2025-11-12,9:31:07.985857044,T,91.51,300,91.71,100,TGT
2025-11-12,9:31:07.985857044,T,91.51,300,91.72,200,TGT
2025-11-12,9:31:07.985877167,T,91.51,300,91.72,100,TGT
2025-11-12,9:31:07.995875967,T,91.51,300,91.84,200,TGT
2025-11-12,9:31:07.996592616,T,91.51,300,91.84,300,TGT
2025-11-12,9:31:08.055342685,T,91.51,200,91.84,300,TGT
2025-11-12,9:31:08.453466147,T,91.51,200,91.65,100,TGT
2025-11-12,9:31:08.453882158,T,91.51,100,91.65,100,TGT
2025-11-12,9:31:08.520210199,T,91.51,100,91.84,200,TGT
2025-11-12,9:31:08.520235243,T,91.51,200,91.84,200,TGT
2025-11-12,9:31:08.520250291,T,91.52,100,91.84,200,TGT
2025-11-12,9:31:08.520255312,T,91.64,100,91.84,200,TGT
2025-11-12,9:31:08.520310421,T,91.53,100,91.84,200,TGT
2025-11-12,9:31:08.520330384,T,91.52,100,91.84,200,TGT
2025-11-12,9:31:08.520350512,T,91.52,100,91.83,100,TGT
2025-11-12,9:31:08.520401399,T,91.52,100,91.81,100,TGT
2025-11-12,9:31:08.520751428,T,91.52,200,91.81,100,TGT
2025-11-12,9:31:08.521027049,T,91.52,200,91.81,200,TGT
2025-11-12,9:31:08.521438056,T,91.52,200,91.81,100,TGT
2025-11-12,9:31:08.530770355,T,91.52,100,91.81,100,TGT
2025-11-12,9:31:08.620664503,T,91.4,200,91.81,100,TGT
2025-11-12,9:31:08.724827571,T,91.4,300,91.81,100,TGT
2025-11-12,9:31:08.955507166,T,91.48,100,91.81,100,TGT
2025-11-12,9:31:08.955727588,T,91.48,100,91.93,200,TGT
2025-11-12,9:31:08.973991113,T,91.51,100,91.93,200,TGT
2025-11-12,9:31:09.980970085,T,91.51,200,91.93,200,TGT
2025-11-12,9:31:13.091119545,T,91.51,100,91.93,200,TGT
2025-11-12,9:31:13.091660806,T,91.52,100,91.93,200,TGT
2025-11-12,9:31:13.106165351,T,91.53,100,91.93,200,TGT
2025-11-12,9:31:19.680673259,T,91.56,100,91.93,200,TGT
2025-11-12,9:31:25.080071531,T,91.56,200,91.93,200,TGT
2025-11-12,9:31:25.193867657,T,91.59,100,91.93,200,TGT
2025-11-12,9:31:25.194739703,T,91.59,200,91.93,200,TGT
2025-11-12,9:31:39.349621516,T,91.59,100,91.93,200,TGT
2025-11-12,9:31:42.689994918,T,91.68,100,91.93,200,TGT
2025-11-12,9:31:42.691473078,T,91.68,200,91.93,200,TGT
2025-11-12,9:31:42.700334179,T,91.68,100,91.93,200,TGT
2025-11-12,9:31:43.812177946,T,91.68,200,91.93,200,TGT
2025-11-12,9:31:44.390254961,T,91.68,100,91.93,200,TGT
2025-11-12,9:31:50.552555511,T,91.68,100,91.8,1100,TGT
2025-11-12,9:31:52.996593158,T,91.68,100,91.8,900,TGT
2025-11-12,9:31:52.997299849,T,91.74,100,91.8,900,TGT
2025-11-12,9:31:52.997625600,T,91.74,100,91.8,700,TGT
2025-11-12,9:31:53.029732054,T,91.74,100,91.93,200,TGT
2025-11-12,9:31:53.029752484,T,91.78,100,91.93,200,TGT
2025-11-12,9:31:53.031090378,T,91.74,100,91.93,200,TGT
2025-11-12,9:31:53.031150498,T,91.78,100,91.93,200,TGT
2025-11-12,9:31:53.062825919,T,91.71,100,91.93,200,TGT
2025-11-12,9:31:53.063096621,T,91.71,100,91.88,300,TGT
2025-11-12,9:31:53.066554795,T,91.71,200,91.88,300,TGT
2025-11-12,9:31:53.068399194,T,91.71,500,91.88,300,TGT
2025-11-12,9:31:53.068399194,T,91.71,500,91.93,200,TGT
2025-11-12,9:31:53.068915441,T,91.71,200,91.93,200,TGT
2025-11-12,9:31:53.070133348,T,91.71,200,91.88,300,TGT
2025-11-12,9:31:53.071276031,T,91.71,100,91.88,300,TGT
2025-11-12,9:31:53.072218251,T,91.72,100,91.88,300,TGT
2025-11-12,9:31:53.072253348,T,91.72,200,91.88,300,TGT
2025-11-12,9:31:53.072258425,T,91.72,200,91.93,200,TGT
2025-11-12,9:31:56.334595291,T,91.72,300,91.93,200,TGT
2025-11-12,9:31:56.384794925,T,91.77,100,91.93,200,TGT
2025-11-12,9:31:56.385105621,T,91.78,100,91.93,200,TGT
2025-11-12,9:31:56.385130761,T,91.78,200,91.93,200,TGT
2025-11-12,9:31:56.407183285,T,91.79,100,91.93,200,TGT
2025-11-12,9:31:56.407348685,T,91.79,200,91.93,200,TGT
2025-11-12,9:31:56.843006611,T,91.8,100,91.93,200,TGT
2025-11-12,9:31:56.843046659,T,91.8,200,91.93,200,TGT
2025-11-12,9:31:56.859826667,T,91.81,100,91.93,200,TGT
2025-11-12,9:31:56.860152479,T,91.81,200,91.93,200,TGT
2025-11-12,9:31:59.319290993,T,91.81,100,91.93,200,TGT
2025-11-12,9:32:00.164203880,T,91.81,200,91.93,200,TGT
2025-11-12,9:32:00.164218924,T,91.82,100,91.93,200,TGT
2025-11-12,9:32:00.164233911,T,91.85,100,91.93,200,TGT
2025-11-12,9:32:00.164745134,T,91.85,200,91.93,200,TGT
2025-11-12,9:32:00.165271417,T,91.88,100,91.93,200,TGT
2025-11-12,9:32:00.165882897,T,91.82,100,91.93,200,TGT
2025-11-12,9:32:00.165913319,T,91.82,100,91.92,100,TGT
2025-11-12,9:32:00.165928035,T,91.82,100,91.92,200,TGT
2025-11-12,9:32:00.166429249,T,91.62,300,91.92,200,TGT
2025-11-12,9:32:00.166429249,T,91.62,200,91.92,200,TGT
2025-11-12,9:32:00.166449291,T,91.62,200,91.85,100,TGT
2025-11-12,9:32:00.166489367,T,91.62,300,91.85,100,TGT
2025-11-12,9:32:00.166554523,T,91.62,400,91.85,100,TGT
2025-11-12,9:32:00.166564651,T,91.62,400,91.92,200,TGT
2025-11-12,9:32:00.166564651,T,91.74,100,91.92,200,TGT
2025-11-12,9:32:00.166584715,T,91.8,100,91.92,200,TGT
2025-11-12,9:32:00.166594546,T,91.81,100,91.92,200,TGT
2025-11-12,9:32:00.166609607,T,91.81,200,91.92,200,TGT
2025-11-12,9:32:00.166679954,T,91.82,100,91.92,200,TGT
2025-11-12,9:32:00.166739955,T,91.82,200,91.92,200,TGT
2025-11-12,9:32:00.166945407,T,91.82,200,91.89,100,TGT
2025-11-12,9:32:00.166950598,T,91.82,100,91.89,100,TGT
2025-11-12,9:32:00.166950598,T,91.8,100,91.89,100,TGT
2025-11-12,9:32:00.182091479,T,91.8,100,91.93,200,TGT
2025-11-12,9:32:00.182116563,T,91.69,200,91.93,200,TGT
2025-11-12,9:32:00.182477416,T,91.8,100,91.93,200,TGT
2025-11-12,9:32:00.266352265,T,91.8,200,91.93,200,TGT
2025-11-12,9:32:00.324340377,T,91.8,100,91.93,200,TGT
2025-11-12,9:32:00.325377931,T,91.81,100,91.93,200,TGT
2025-11-12,9:32:00.420594772,T,91.81,200,91.93,200,TGT
2025-11-12,9:32:01.083654818,T,91.81,100,91.93,200,TGT
2025-11-12,9:32:01.083659427,T,91.77,100,91.93,200,TGT
2025-11-12,9:32:01.083669403,T,91.69,300,91.93,200,TGT
2025-11-12,9:32:01.083679532,T,91.69,300,91.93,300,TGT
2025-11-12,9:32:01.083689557,T,91.69,300,91.92,100,TGT
2025-11-12,9:32:01.083694569,T,91.69,300,91.91,100,TGT
2025-11-12,9:32:01.083919993,T,91.69,300,91.87,100,TGT
2025-11-12,9:32:01.083940054,T,91.69,300,91.91,100,TGT
2025-11-12,9:32:01.088240291,T,91.77,100,91.91,100,TGT
2025-11-12,9:32:01.090515742,T,91.77,100,91.92,100,TGT
2025-11-12,9:32:01.093823679,T,91.77,100,91.93,300,TGT
2025-11-12,9:32:01.093878827,T,91.77,100,91.92,100,TGT
2025-11-12,9:32:01.093959103,T,91.77,100,91.93,300,TGT
2025-11-12,9:32:01.093978977,T,91.77,100,91.92,100,TGT
2025-11-12,9:32:01.095241979,T,91.77,200,91.92,100,TGT
2025-11-12,9:32:01.181697980,T,91.77,300,91.92,100,TGT
2025-11-12,9:32:01.183702735,T,91.77,300,91.93,300,TGT
2025-11-12,9:32:01.283711014,T,91.77,300,91.93,200,TGT
2025-11-12,9:32:02.130703829,T,91.77,200,91.93,200,TGT
2025-11-12,9:32:04.303530344,T,91.77,300,91.93,200,TGT
2025-11-12,9:32:05.089006524,T,91.78,100,91.93,200,TGT
2025-11-12,9:32:05.089046672,T,91.78,200,91.93,200,TGT
2025-11-12,9:32:05.159990616,T,91.78,300,91.93,200,TGT
2025-11-12,9:32:07.248085207,T,91.78,200,91.93,200,TGT
2025-11-12,9:32:07.248340760,T,91.79,100,91.93,200,TGT
2025-11-12,9:32:07.248375867,T,91.79,200,91.93,200,TGT
2025-11-12,9:32:07.248761833,T,91.79,300,91.93,200,TGT
2025-11-12,9:32:14.044221261,T,91.79,200,91.93,200,TGT
2025-11-12,9:32:14.044221261,T,91.79,100,91.93,200,TGT
2025-11-12,9:32:14.044226002,T,91.75,100,91.93,200,TGT
2025-11-12,9:32:14.044246041,T,91.75,100,91.93,300,TGT
2025-11-12,9:32:14.044251032,T,91.75,100,91.85,100,TGT
2025-11-12,9:32:14.044256165,T,91.74,100,91.85,100,TGT
2025-11-12,9:32:14.044256165,T,91.69,300,91.85,100,TGT
2025-11-12,9:32:14.044301232,T,91.74,100,91.85,100,TGT
2025-11-12,9:32:14.044677121,T,91.69,300,91.85,100,TGT
2025-11-12,9:32:14.044717133,T,91.74,100,91.85,100,TGT
2025-11-12,9:32:14.048421063,T,91.75,100,91.85,100,TGT
2025-11-12,9:32:14.055357569,T,91.75,200,91.85,100,TGT
2025-11-12,9:32:14.083850460,T,91.75,200,91.91,100,TGT
2025-11-12,9:32:14.084767627,T,91.75,200,91.91,200,TGT
2025-11-12,9:32:14.144269404,T,91.75,200,91.91,100,TGT
2025-11-12,9:32:14.190755060,T,91.75,200,91.93,300,TGT
2025-11-12,9:32:14.244478098,T,91.75,200,91.93,200,TGT
2025-11-12,9:32:20.753560233,T,91.75,100,91.93,200,TGT
2025-11-12,9:32:24.971358675,T,91.82,100,91.93,200,TGT
2025-11-12,9:32:24.971789655,T,91.82,200,91.93,200,TGT
2025-11-12,9:32:24.983136645,T,91.82,200,92.0,2000,TGT
2025-11-12,9:32:24.983156768,T,91.9,100,92.0,2000,TGT
2025-11-12,9:32:24.983256933,T,91.91,100,92.0,2000,TGT
2025-11-12,9:32:24.983713092,T,91.9,100,92.0,2000,TGT
2025-11-12,9:32:24.983738341,T,91.9,100,91.98,100,TGT
2025-11-12,9:32:24.983748101,T,91.87,100,91.98,100,TGT
2025-11-12,9:32:24.983758152,T,91.87,100,91.95,100,TGT
2025-11-12,9:32:24.983768199,T,91.87,100,91.93,100,TGT
2025-11-12,9:32:24.983768199,T,91.87,100,91.9,100,TGT
2025-11-12,9:32:24.983803563,T,91.82,100,91.9,100,TGT
2025-11-12,9:32:24.983808559,T,91.82,100,91.9,200,TGT
2025-11-12,9:32:24.983818455,T,91.82,100,91.9,100,TGT
2025-11-12,9:32:24.983833788,T,91.82,100,91.92,100,TGT
2025-11-12,9:32:24.983838362,T,91.82,100,91.93,200,TGT
2025-11-12,9:32:24.983848339,T,91.82,100,91.89,100,TGT
2025-11-12,9:32:24.983868380,T,91.82,100,91.93,200,TGT
2025-11-12,9:32:24.983878783,T,91.82,100,91.89,100,TGT
2025-11-12,9:32:24.983888518,T,91.82,100,91.93,200,TGT
2025-11-12,9:32:24.984149056,T,91.69,100,91.93,200,TGT
2025-11-12,9:32:24.984159276,T,91.74,100,91.93,200,TGT
2025-11-12,9:32:24.984169159,T,91.74,100,91.93,100,TGT
2025-11-12,9:32:24.984249372,T,91.75,100,91.93,100,TGT
2025-11-12,9:32:24.984349533,T,91.75,100,91.95,100,TGT
2025-11-12,9:32:24.984630286,T,91.78,100,91.95,100,TGT
2025-11-12,9:32:24.984660526,T,91.75,100,91.95,100,TGT
2025-11-12,9:32:24.985216607,T,91.7,100,91.95,100,TGT
2025-11-12,9:32:24.985261718,T,91.7,100,91.93,100,TGT
2025-11-12,9:32:24.985266752,T,91.7,100,91.95,100,TGT
2025-11-12,9:32:24.985517403,T,91.75,100,91.95,100,TGT
2025-11-12,9:32:24.985818077,T,91.81,100,91.95,100,TGT
2025-11-12,9:32:24.985823128,T,91.82,100,91.95,100,TGT
2025-11-12,9:32:24.985858122,T,91.87,100,91.95,100,TGT
2025-11-12,9:32:24.985913610,T,91.88,100,91.95,100,TGT
2025-11-12,9:32:24.985928391,T,91.87,100,91.95,100,TGT
2025-11-12,9:32:24.985963467,T,91.83,100,91.95,100,TGT
2025-11-12,9:32:24.986198968,T,91.83,100,92.0,2000,TGT
2025-11-12,9:32:24.987682568,T,91.88,100,92.0,2000,TGT
2025-11-12,9:32:24.999796340,T,91.89,100,92.0,2000,TGT
2025-11-12,9:32:25.024049140,T,91.89,200,92.0,2000,TGT
2025-11-12,9:32:30.660186705,T,91.89,300,92.0,2000,TGT
2025-11-12,9:32:31.416668878,T,91.89,400,92.0,2000,TGT
2025-11-12,9:32:31.416688879,T,91.89,300,92.0,2000,TGT
2025-11-12,9:32:31.416688879,T,91.9,100,92.0,2000,TGT
2025-11-12,9:32:31.416699339,T,91.9,100,92.0,1200,TGT
2025-11-12,9:32:31.416704279,T,91.9,100,92.0,700,TGT
2025-11-12,9:32:31.416709002,T,91.89,300,92.0,700,TGT
2025-11-12,9:32:31.416724256,T,91.94,100,92.0,700,TGT
2025-11-12,9:32:31.416724256,T,91.94,100,92.0,400,TGT
2025-11-12,9:32:31.416749121,T,91.94,100,92.0,300,TGT
2025-11-12,9:32:31.416894734,T,91.94,100,92.0,400,TGT
2025-11-12,9:32:31.417084904,T,91.94,100,92.05,200,TGT
2025-11-12,9:32:31.417104941,T,91.94,100,92.05,100,TGT
2025-11-12,9:32:31.417124988,T,91.94,200,92.05,100,TGT
2025-11-12,9:32:31.417545924,T,91.94,300,92.05,100,TGT
2025-11-12,9:32:31.417731360,T,91.94,400,92.05,100,TGT
2025-11-12,9:32:31.428276536,T,91.94,300,92.05,100,TGT
2025-11-12,9:32:31.428276536,T,91.94,200,92.05,100,TGT
2025-11-12,9:32:31.428281547,T,91.94,100,92.05,100,TGT
2025-11-12,9:32:31.428281547,T,91.85,100,92.05,100,TGT
2025-11-12,9:32:31.428306654,T,91.9,100,92.05,100,TGT
2025-11-12,9:32:31.428306654,T,91.85,100,92.05,100,TGT
2025-11-12,9:32:31.428331661,T,91.85,100,92.05,200,TGT
2025-11-12,9:32:31.428362427,T,91.85,100,92.05,100,TGT
2025-11-12,9:32:31.428371742,T,91.85,100,91.97,100,TGT
2025-11-12,9:32:31.428407020,T,91.85,100,92.05,200,TGT
2025-11-12,9:32:31.428407020,T,91.85,100,92.05,100,TGT
2025-11-12,9:32:31.428451926,T,91.91,100,92.05,100,TGT
2025-11-12,9:32:31.428963212,T,91.91,200,92.05,100,TGT
2025-11-12,9:32:31.429108497,T,91.91,300,92.05,100,TGT
2025-11-12,9:32:31.433619308,T,91.91,400,92.05,100,TGT
2025-11-12,9:32:31.439227653,T,91.91,300,92.05,100,TGT
2025-11-12,9:32:31.439242697,T,91.91,200,92.05,100,TGT
2025-11-12,9:32:31.439468151,T,91.92,100,92.05,100,TGT
2025-11-12,9:32:31.439678710,T,91.92,200,92.05,100,TGT
2025-11-12,9:32:31.439889171,T,91.92,300,92.05,100,TGT
2025-11-12,9:32:32.400317373,T,91.92,200,92.05,100,TGT
2025-11-12,9:32:33.564927025,T,91.92,100,92.05,100,TGT
2025-11-12,9:32:33.564927025,T,91.91,100,92.05,100,TGT
2025-11-12,9:32:33.564952038,T,91.91,100,92.05,200,TGT
2025-11-12,9:32:33.564972219,T,91.7,200,92.05,200,TGT
2025-11-12,9:32:33.564972219,T,91.7,200,92.04,100,TGT
2025-11-12,9:32:33.564977110,T,91.7,200,91.98,100,TGT
2025-11-12,9:32:33.565383101,T,91.91,100,91.98,100,TGT
2025-11-12,9:32:33.568425329,T,91.7,200,91.98,100,TGT
2025-11-12,9:32:33.568605698,T,91.91,100,91.98,100,TGT
2025-11-12,9:32:33.568630805,T,91.7,200,91.98,100,TGT
2025-11-12,9:32:33.569026768,T,91.91,100,91.98,100,TGT
2025-11-12,9:32:33.569046739,T,91.7,200,91.98,100,TGT
2025-11-12,9:32:33.575587387,T,91.84,100,91.98,100,TGT
2025-11-12,9:32:33.575852999,T,91.7,200,91.98,100,TGT
2025-11-12,9:32:33.575873357,T,91.7,200,91.97,100,TGT
2025-11-12,9:32:33.575878033,T,91.7,200,91.96,100,TGT
2025-11-12,9:32:33.575878033,T,91.7,200,91.89,100,TGT
2025-11-12,9:32:33.675891302,T,91.7,200,92.04,100,TGT
2025-11-12,9:32:33.676733342,T,91.7,200,92.05,400,TGT
2025-11-12,9:32:33.776065036,T,91.7,200,92.05,300,TGT
2025-11-12,9:32:34.745754832,T,91.69,100,92.05,300,TGT
2025-11-12,9:32:34.745759928,T,91.69,100,92.05,100,TGT
2025-11-12,9:32:34.746556792,T,91.69,100,92.05,200,TGT
2025-11-12,9:32:39.918553153,T,91.69,100,92.05,300,TGT
2025-11-12,9:32:40.111227120,T,91.69,100,92.05,200,TGT
2025-11-12,9:32:47.001171345,T,91.69,100,92.01,100,TGT
2025-11-12,9:32:48.546212207,T,91.69,100,91.98,100,TGT
2025-11-12,9:32:48.546212207,T,91.69,100,91.91,100,TGT
2025-11-12,9:32:51.912231225,T,91.69,100,91.98,100,TGT
2025-11-12,9:32:55.374719910,T,91.69,100,92.05,700,TGT
2025-11-12,9:32:55.824190761,T,91.69,100,91.98,100,TGT
2025-11-12,9:32:55.824832220,T,91.69,100,91.85,100,TGT
2025-11-12,9:32:55.824862379,T,91.6,100,91.85,100,TGT
2025-11-12,9:32:55.824887420,T,91.6,100,91.85,200,TGT
2025-11-12,9:32:55.824917413,T,91.6,100,91.84,100,TGT
2025-11-12,9:32:55.824927438,T,91.59,300,91.84,100,TGT
2025-11-12,9:32:55.824952539,T,91.59,200,91.84,100,TGT
2025-11-12,9:32:55.825373519,T,91.59,200,91.84,200,TGT
2025-11-12,9:32:55.825689321,T,91.59,200,91.83,100,TGT
2025-11-12,9:32:55.825790229,T,91.59,200,91.83,200,TGT
2025-11-12,9:32:55.825794540,T,91.59,200,91.79,100,TGT
2025-11-12,9:32:55.825794540,T,91.59,200,91.78,100,TGT
2025-11-12,9:32:55.825794540,T,91.59,200,91.77,100,TGT
2025-11-12,9:32:55.825809550,T,91.59,200,91.78,100,TGT
2025-11-12,9:32:55.826806944,T,91.59,200,91.79,100,TGT
2025-11-12,9:32:55.830490729,T,91.59,300,91.79,100,TGT
2025-11-12,9:32:55.831182372,T,91.59,100,91.79,100,TGT
2025-11-12,9:32:55.831523142,T,91.46,200,91.79,100,TGT
2025-11-12,9:32:55.832831344,T,91.46,200,91.83,100,TGT
2025-11-12,9:32:55.833122062,T,91.46,200,91.79,100,TGT
2025-11-12,9:32:55.836129122,T,91.54,100,91.79,100,TGT
2025-11-12,9:32:56.025194694,T,91.54,100,91.84,100,TGT
2025-11-12,9:32:56.025490300,T,91.54,100,91.89,100,TGT
2025-11-12,9:32:56.026126816,T,91.55,100,91.89,100,TGT
2025-11-12,9:32:56.026387393,T,91.55,100,91.82,100,TGT
2025-11-12,9:32:56.517432353,T,91.55,100,91.89,100,TGT
2025-11-12,9:33:03.600025710,T,91.56,100,91.89,100,TGT
2025-11-12,9:33:09.956007664,T,91.56,100,91.85,100,TGT
2025-11-12,9:33:14.171740990,T,91.56,100,91.84,100,TGT
2025-11-12,9:33:14.874991283,T,91.56,100,91.83,100,TGT
2025-11-12,9:33:15.246967359,T,91.56,100,91.85,100,TGT
2025-11-12,9:33:15.248115179,T,91.56,100,91.84,100,TGT
2025-11-12,9:33:15.439891955,T,91.58,100,91.84,100,TGT
2025-11-12,9:33:16.942146003,T,91.58,100,91.8,100,TGT
2025-11-12,9:33:17.192276940,T,91.58,100,91.85,100,TGT
2025-11-12,9:33:20.206823476,T,91.58,100,91.8,100,TGT
2025-11-12,9:33:21.574717281,T,91.58,100,91.79,100,TGT
2025-11-12,9:33:21.576005342,T,91.58,100,91.78,100,TGT
2025-11-12,9:33:22.660128148,T,91.58,100,91.77,100,TGT
2025-11-12,9:33:22.660388830,T,91.58,100,91.77,200,TGT
2025-11-12,9:33:22.738249312,T,91.58,100,91.76,100,TGT
2025-11-12,9:33:22.738519976,T,91.58,100,91.76,200,TGT
2025-11-12,9:33:23.760980677,T,91.58,100,91.75,100,TGT
2025-11-12,9:33:23.761241388,T,91.58,100,91.75,200,TGT
2025-11-12,9:33:26.135482546,T,91.58,100,91.74,100,TGT
2025-11-12,9:33:26.135748185,T,91.58,100,91.74,200,TGT
2025-11-12,9:33:26.566249091,T,91.46,200,91.74,200,TGT
2025-11-12,9:33:26.566249091,T,91.46,200,91.74,300,TGT
2025-11-12,9:33:26.566263835,T,91.46,200,91.73,100,TGT
2025-11-12,9:33:26.566268803,T,91.46,200,91.65,100,TGT
2025-11-12,9:33:26.566293872,T,91.46,200,91.65,200,TGT
2025-11-12,9:33:26.567582006,T,91.46,200,91.64,100,TGT
2025-11-12,9:33:26.567767380,T,91.19,100,91.64,100,TGT
2025-11-12,9:33:26.567777494,T,91.35,200,91.64,100,TGT
2025-11-12,9:33:26.568278660,T,91.35,200,91.64,200,TGT
2025-11-12,9:33:26.568388909,T,91.35,200,91.63,100,TGT
2025-11-12,9:33:26.568559280,T,91.35,200,91.62,100,TGT
2025-11-12,9:33:26.568764790,T,91.35,200,91.61,100,TGT
2025-11-12,9:33:26.576443028,T,91.35,200,91.61,200,TGT
2025-11-12,9:33:26.576593473,T,91.48,100,91.61,200,TGT
2025-11-12,9:33:26.597297721,T,91.35,200,91.61,200,TGT
2025-11-12,9:33:26.597317995,T,91.35,200,91.54,100,TGT
2025-11-12,9:33:26.602224475,T,91.44,100,91.54,100,TGT
2025-11-12,9:33:26.607401828,T,91.44,100,91.58,100,TGT
2025-11-12,9:33:26.607466985,T,91.44,100,91.57,100,TGT
2025-11-12,9:33:26.607732568,T,91.44,100,91.57,200,TGT
2025-11-12,9:33:32.231194724,T,91.5,100,91.57,200,TGT
2025-11-12,9:33:34.799638684,T,91.5,100,91.57,100,TGT
2025-11-12,9:33:34.799643655,T,91.5,100,91.62,100,TGT
2025-11-12,9:33:34.800390431,T,91.54,100,91.62,100,TGT
2025-11-12,9:33:34.901371038,T,91.54,100,91.62,200,TGT
2025-11-12,9:33:41.435102041,T,91.54,100,91.62,100,TGT
2025-11-12,9:33:41.435141995,T,91.54,100,91.79,200,TGT
2025-11-12,9:33:41.436450133,T,91.58,100,91.79,200,TGT
2025-11-12,9:33:41.455630840,T,91.35,200,91.79,200,TGT
2025-11-12,9:33:41.456427695,T,91.54,100,91.79,200,TGT
2025-11-12,9:33:41.520420167,T,91.54,200,91.79,200,TGT
2025-11-12,9:33:41.632928198,T,91.54,100,91.79,200,TGT
2025-11-12,9:33:47.435001058,T,91.54,100,91.67,100,TGT
2025-11-12,9:33:54.420057108,T,91.54,200,91.67,100,TGT
2025-11-12,9:33:55.113238557,T,91.54,100,91.67,100,TGT
2025-11-12,9:33:55.369343647,T,91.54,100,91.79,200,TGT
2025-11-12,9:34:03.596122690,T,91.55,100,91.79,200,TGT
2025-11-12,9:34:04.671053601,T,91.55,100,91.63,100,TGT
2025-11-12,9:34:05.352316481,T,91.55,100,91.79,200,TGT
2025-11-12,9:34:05.353028242,T,91.59,100,91.79,200,TGT
2025-11-12,9:34:05.402366204,T,91.42,200,91.79,200,TGT
2025-11-12,9:34:05.402396098,T,91.42,200,91.67,100,TGT
2025-11-12,9:34:05.408289871,T,91.55,100,91.67,100,TGT
2025-11-12,9:34:05.502624656,T,91.55,100,91.79,200,TGT
2025-11-12,9:34:10.579073647,T,91.56,100,91.79,200,TGT
2025-11-12,9:34:10.579073647,T,91.56,200,91.79,200,TGT
2025-11-12,9:34:10.579083822,T,91.56,100,91.79,200,TGT
2025-11-12,9:34:10.579103594,T,91.61,100,91.79,200,TGT
2025-11-12,9:34:10.579654967,T,91.56,100,91.79,200,TGT
2025-11-12,9:34:10.579980704,T,91.59,100,91.79,200,TGT
2025-11-12,9:34:10.580993157,T,91.56,100,91.79,200,TGT
2025-11-12,9:34:10.583303596,T,91.61,100,91.79,200,TGT
2025-11-12,9:34:10.584717014,T,91.61,100,91.9,100,TGT
2025-11-12,9:34:10.584727029,T,91.61,100,91.88,200,TGT
2025-11-12,9:34:10.586070337,T,91.63,100,91.88,200,TGT
2025-11-12,9:34:26.107021559,T,91.56,100,91.88,200,TGT
2025-11-12,9:34:26.107041616,T,91.56,100,91.69,100,TGT
2025-11-12,9:34:26.107051643,T,91.48,200,91.69,100,TGT
2025-11-12,9:34:26.113020832,T,91.6,100,91.69,100,TGT
2025-11-12,9:34:26.131625131,T,91.6,100,91.88,300,TGT
2025-11-12,9:34:26.133650024,T,91.6,100,91.85,100,TGT
2025-11-12,9:34:26.152740448,T,91.6,100,91.8,100,TGT
2025-11-12,9:34:26.152925853,T,91.48,200,91.8,100,TGT
2025-11-12,9:34:26.157887710,T,91.56,100,91.8,100,TGT
2025-11-12,9:34:26.207165144,T,91.56,100,91.88,200,TGT
2025-11-12,9:34:43.468682671,T,91.56,100,91.87,100,TGT
2025-11-12,9:34:50.163341665,T,91.55,100,91.87,100,TGT
2025-11-12,9:34:50.163366764,T,91.55,100,91.78,100,TGT
2025-11-12,9:34:50.163366764,T,91.55,100,91.63,100,TGT
2025-11-12,9:34:50.163381782,T,91.48,200,91.63,100,TGT
2025-11-12,9:34:50.163401780,T,91.48,200,91.59,100,TGT
2025-11-12,9:34:50.164013381,T,91.15,100,91.59,100,TGT
2025-11-12,9:34:50.164013381,T,91.39,200,91.59,100,TGT
2025-11-12,9:34:50.164223836,T,91.39,200,91.59,200,TGT
2025-11-12,9:34:50.164233850,T,91.39,200,91.59,300,TGT
2025-11-12,9:34:50.166855104,T,91.39,200,91.59,200,TGT
2025-11-12,9:34:50.168088026,T,91.5,100,91.59,200,TGT
2025-11-12,9:34:50.183785417,T,91.5,100,91.59,100,TGT
2025-11-12,9:34:50.190686865,T,91.5,100,91.63,100,TGT
2025-11-12,9:34:50.263645632,T,91.5,100,91.78,100,TGT
2025-11-12,9:34:50.312692485,T,91.5,100,91.8,100,TGT
2025-11-12,9:34:50.312722548,T,91.5,100,91.85,100,TGT
2025-11-12,9:34:50.314677329,T,91.5,100,91.84,100,TGT
2025-11-12,9:34:50.363709057,T,91.5,100,91.86,100,TGT
2025-11-12,9:34:50.363734076,T,91.5,100,91.87,100,TGT
2025-11-12,9:34:53.656102768,T,91.5,100,91.88,200,TGT
2025-11-12,9:34:53.656137837,T,91.5,100,91.8,100,TGT
2025-11-12,9:34:55.689828087,T,91.39,200,91.8,100,TGT
2025-11-12,9:34:55.689853088,T,91.39,200,91.56,100,TGT
2025-11-12,9:34:55.690068334,T,91.39,200,91.56,200,TGT
2025-11-12,9:34:55.691000477,T,91.41,300,91.56,200,TGT
2025-11-12,9:34:55.691376420,T,91.39,200,91.56,200,TGT
2025-11-12,9:34:55.696258063,T,91.09,100,91.56,200,TGT
2025-11-12,9:34:55.696263023,T,91.32,200,91.56,200,TGT
2025-11-12,9:34:55.696724143,T,91.44,100,91.56,200,TGT
2025-11-12,9:34:55.791630223,T,91.44,100,91.56,100,TGT
2025-11-12,9:34:55.875104101,T,91.32,200,91.56,100,TGT
2025-11-12,9:34:55.875144426,T,91.32,200,91.49,100,TGT
2025-11-12,9:34:55.875404891,T,91.4,100,91.49,100,TGT
2025-11-12,9:34:55.875414902,T,91.4,100,91.55,100,TGT
2025-11-12,9:34:55.875435038,T,91.45,100,91.55,100,TGT
2025-11-12,9:34:55.875435038,T,91.45,100,91.62,100,TGT
2025-11-12,9:34:55.875439966,T,91.49,100,91.62,100,TGT
2025-11-12,9:34:55.875465025,T,91.45,100,91.62,100,TGT
2025-11-12,9:34:55.875470036,T,91.45,200,91.62,100,TGT
2025-11-12,9:34:55.875480081,T,91.45,100,91.62,100,TGT
2025-11-12,9:34:55.875495203,T,91.45,100,91.49,100,TGT
2025-11-12,9:34:55.875525748,T,91.45,100,91.53,100,TGT
2025-11-12,9:34:55.875570552,T,91.32,300,91.53,100,TGT
2025-11-12,9:34:55.875575323,T,91.41,100,91.53,100,TGT
2025-11-12,9:34:55.875580247,T,91.32,300,91.53,100,TGT
2025-11-12,9:34:55.875590260,T,91.32,300,91.52,100,TGT
2025-11-12,9:34:55.875595371,T,91.32,300,91.53,100,TGT
2025-11-12,9:34:55.875595371,T,91.32,200,91.53,100,TGT
2025-11-12,9:34:55.875610309,T,91.32,300,91.53,100,TGT
2025-11-12,9:34:55.875615407,T,91.32,300,91.46,100,TGT
2025-11-12,9:34:55.875625467,T,91.41,100,91.46,100,TGT
2025-11-12,9:34:55.875630422,T,91.32,200,91.46,100,TGT
2025-11-12,9:34:55.875635415,T,91.32,200,91.53,100,TGT
2025-11-12,9:34:55.875690555,T,91.41,100,91.53,100,TGT
2025-11-12,9:34:55.876021306,T,91.36,100,91.53,100,TGT
2025-11-12,9:34:55.876026459,T,91.46,100,91.53,100,TGT
2025-11-12,9:34:55.876106597,T,91.36,100,91.53,100,TGT
2025-11-12,9:34:55.876141670,T,91.32,300,91.53,100,TGT
2025-11-12,9:34:55.876166661,T,91.32,200,91.53,100,TGT
2025-11-12,9:34:55.876196708,T,91.37,100,91.53,100,TGT
2025-11-12,9:34:55.876211746,T,91.32,200,91.53,100,TGT
2025-11-12,9:34:55.876342239,T,91.32,200,91.48,100,TGT
2025-11-12,9:34:55.876903583,T,91.32,200,91.55,100,TGT
2025-11-12,9:34:55.876923520,T,91.32,200,91.62,100,TGT
2025-11-12,9:34:55.876948644,T,91.32,200,91.55,100,TGT
2025-11-12,9:34:55.877750500,T,91.37,100,91.55,100,TGT
2025-11-12,9:34:55.877780481,T,91.37,100,91.62,100,TGT
2025-11-12,9:34:55.877805628,T,91.39,100,91.62,100,TGT
2025-11-12,9:34:55.877810621,T,91.41,100,91.62,100,TGT
2025-11-12,9:34:55.877815564,T,91.41,100,91.55,100,TGT
2025-11-12,9:34:55.877820665,T,91.46,100,91.55,100,TGT
2025-11-12,9:34:55.878376959,T,91.41,100,91.55,100,TGT
2025-11-12,9:34:55.882241122,T,91.46,100,91.55,100,TGT
2025-11-12,9:34:55.885639298,T,91.46,100,91.62,100,TGT
2025-11-12,9:34:55.890024759,T,91.46,100,91.63,100,TGT
2025-11-12,9:34:55.975648673,T,91.46,100,91.78,100,TGT
2025-11-12,9:34:56.073336496,T,91.46,100,91.8,100,TGT
2025-11-12,9:34:56.073361512,T,91.46,100,91.78,100,TGT
2025-11-12,9:34:56.073662237,T,91.46,100,91.79,100,TGT
2025-11-12,9:34:56.073682339,T,91.46,100,91.8,100,TGT
2025-11-12,9:34:56.073947966,T,91.46,100,91.77,200,TGT
2025-11-12,9:34:56.774356407,T,91.47,100,91.77,200,TGT
2025-11-12,9:35:00.141803833,T,91.47,100,91.67,300,TGT
2025-11-12,9:35:02.725108472,T,91.48,100,91.67,300,TGT
2025-11-12,9:35:05.191569615,T,91.48,100,91.66,300,TGT
2025-11-12,9:35:05.640844784,T,91.48,100,91.67,300,TGT
2025-11-12,9:35:05.640905489,T,91.48,100,91.77,200,TGT
2025-11-12,9:35:05.640914963,T,91.55,100,91.77,200,TGT
2025-11-12,9:35:05.641746948,T,91.55,200,91.77,200,TGT
2025-11-12,9:35:05.685441031,T,91.56,100,91.77,200,TGT
2025-11-12,9:35:05.712014298,T,91.56,100,91.75,100,TGT
2025-11-12,9:35:08.272063392,T,91.38,300,91.75,100,TGT
2025-11-12,9:35:08.272088332,T,91.38,200,91.75,100,TGT
2025-11-12,9:35:08.272088332,T,91.38,200,91.68,100,TGT
2025-11-12,9:35:08.272113368,T,91.38,200,91.61,100,TGT
2025-11-12,9:35:08.279165246,T,91.38,200,91.67,100,TGT
2025-11-12,9:35:08.279566137,T,91.53,100,91.67,100,TGT
2025-11-12,9:35:08.372156748,T,91.53,100,91.68,100,TGT
2025-11-12,9:35:09.617774276,T,91.54,100,91.68,100,TGT
2025-11-12,9:35:09.638338194,T,91.55,100,91.68,100,TGT
2025-11-12,9:35:09.639375658,T,91.56,100,91.68,100,TGT
2025-11-12,9:35:09.666074311,T,91.56,100,91.73,100,TGT
2025-11-12,9:35:09.666104362,T,91.56,100,91.75,200,TGT
2025-11-12,9:35:09.666791085,T,91.56,100,91.68,100,TGT
2025-11-12,9:35:09.666826136,T,91.56,100,91.61,100,TGT
2025-11-12,9:35:09.667081646,T,91.38,200,91.61,100,TGT
2025-11-12,9:35:09.667106788,T,91.38,200,91.59,100,TGT
2025-11-12,9:35:09.667663051,T,91.38,200,91.6,100,TGT
2025-11-12,9:35:10.040371028,T,91.38,200,91.63,100,TGT
2025-11-12,9:35:10.040842169,T,91.38,200,91.59,100,TGT
2025-11-12,9:35:10.041137899,T,91.38,200,91.63,100,TGT
2025-11-12,9:35:10.041639134,T,91.38,200,91.59,100,TGT
2025-11-12,9:35:10.065014724,T,91.38,200,91.73,100,TGT
2025-11-12,9:35:10.101035559,T,91.38,200,91.59,100,TGT
2025-11-12,9:35:15.688802548,T,91.38,200,91.63,100,TGT
2025-11-12,9:35:15.720648415,T,91.38,200,91.59,100,TGT
2025-11-12,9:35:17.305559076,T,91.38,200,91.58,100,TGT
2025-11-12,9:35:17.305564096,T,91.38,200,91.59,100,TGT
2025-11-12,9:35:17.305569055,T,91.38,200,91.58,100,TGT
2025-11-12,9:35:17.305939904,T,91.34,100,91.58,100,TGT
2025-11-12,9:35:17.314981501,T,91.34,100,91.59,100,TGT
2025-11-12,9:35:17.316600355,T,91.34,100,91.58,100,TGT
2025-11-12,9:35:19.209074009,T,91.34,100,91.53,100,TGT
2025-11-12,9:35:19.209174276,T,91.34,100,91.48,100,TGT
2025-11-12,9:35:19.209915993,T,91.31,100,91.48,100,TGT
2025-11-12,9:35:19.211188988,T,91.34,100,91.48,100,TGT
2025-11-12,9:35:19.211264217,T,91.34,100,91.48,200,TGT
2025-11-12,9:35:19.211404512,T,91.31,100,91.48,200,TGT
2025-11-12,9:35:19.212116255,T,91.31,100,91.47,100,TGT
2025-11-12,9:35:19.212722666,T,91.31,100,91.46,100,TGT
2025-11-12,9:35:19.212878076,T,91.31,100,91.47,100,TGT
2025-11-12,9:35:19.212948177,T,91.31,100,91.46,100,TGT
2025-11-12,9:35:19.239722063,T,91.34,100,91.46,100,TGT
2025-11-12,9:35:19.565077207,T,91.34,100,91.48,100,TGT
2025-11-12,9:35:22.185670160,T,91.34,100,91.49,100,TGT
2025-11-12,9:35:22.323904526,T,91.34,100,91.48,100,TGT
2025-11-12,9:35:23.061496821,T,91.35,100,91.48,100,TGT
2025-11-12,9:35:23.310525107,T,91.34,100,91.48,100,TGT
2025-11-12,9:35:23.310570112,T,91.35,100,91.48,100,TGT
2025-11-12,9:35:23.310815720,T,91.34,100,91.48,100,TGT
2025-11-12,9:35:23.311251885,T,91.39,100,91.48,100,TGT
2025-11-12,9:35:23.372372379,T,91.34,100,91.48,100,TGT
2025-11-12,9:35:23.372372379,T,91.4,100,91.48,100,TGT
2025-11-12,9:35:23.390054534,T,91.34,100,91.48,100,TGT
2025-11-12,9:35:24.017308791,T,91.31,100,91.48,100,TGT
2025-11-12,9:35:35.925192929,T,91.31,100,91.47,100,TGT
2025-11-12,9:35:35.925217969,T,91.31,100,91.46,100,TGT
2025-11-12,9:35:35.925222979,T,91.31,100,91.47,100,TGT
2025-11-12,9:35:35.925659047,T,91.34,100,91.47,100,TGT
2025-11-12,9:35:35.925704184,T,91.31,100,91.47,100,TGT
2025-11-12,9:35:35.925729218,T,91.31,100,91.46,100,TGT
2025-11-12,9:35:35.925744302,T,91.31,100,91.47,100,TGT
2025-11-12,9:35:35.925924658,T,91.31,100,91.46,100,TGT
2025-11-12,9:35:35.926621338,T,91.31,100,91.46,200,TGT
2025-11-12,9:35:35.927097541,T,91.31,100,91.43,100,TGT
2025-11-12,9:35:35.927237864,T,91.31,100,91.46,200,TGT
2025-11-12,9:35:35.935953584,T,91.34,100,91.46,200,TGT
2025-11-12,9:35:35.956753094,T,91.34,100,91.46,100,TGT
2025-11-12,9:35:38.428321320,T,91.34,100,91.49,100,TGT
2025-11-12,9:35:40.599042971,T,91.34,100,91.48,100,TGT
2025-11-12,9:35:45.951980432,T,91.34,100,91.49,100,TGT
2025-11-12,9:35:45.952697122,T,91.34,100,91.48,100,TGT
2025-11-12,9:35:49.166368358,T,91.31,100,91.48,100,TGT
2025-11-12,9:35:49.167771906,T,91.31,100,91.47,100,TGT
2025-11-12,9:35:50.337468416,T,91.31,100,91.47,200,TGT
2025-11-12,9:35:51.787979137,T,91.31,100,91.47,100,TGT
2025-11-12,9:35:51.788014180,T,91.31,100,91.47,200,TGT
2025-11-12,9:35:51.853004290,T,91.31,100,91.46,100,TGT
2025-11-12,9:35:51.853184380,T,91.31,100,91.47,200,TGT
2025-11-12,9:35:51.853319812,T,91.31,100,91.46,100,TGT
2025-11-12,9:35:51.853755809,T,91.31,100,91.42,100,TGT
2025-11-12,9:35:51.854577940,T,91.24,200,91.42,100,TGT
2025-11-12,9:35:51.854602801,T,91.24,200,91.38,100,TGT
2025-11-12,9:35:51.855690364,T,91.24,200,91.42,100,TGT
2025-11-12,9:35:51.855730544,T,91.24,200,91.39,100,TGT
2025-11-12,9:35:51.855811077,T,91.25,100,91.39,100,TGT
2025-11-12,9:35:51.855830737,T,91.24,200,91.39,100,TGT
2025-11-12,9:35:51.856051252,T,91.24,200,91.38,100,TGT
2025-11-12,9:35:51.856562503,T,91.24,200,91.39,100,TGT
2025-11-12,9:35:51.856828093,T,91.16,100,91.39,100,TGT
2025-11-12,9:35:51.856838192,T,91.17,200,91.39,100,TGT
2025-11-12,9:35:51.955508198,T,91.17,200,91.46,100,TGT
2025-11-12,9:35:52.055731947,T,91.17,200,91.47,100,TGT
2025-11-12,9:35:52.102368115,T,91.17,200,91.45,100,TGT
2025-11-12,9:35:54.310534128,T,91.17,200,91.39,100,TGT
2025-11-12,9:35:54.310709139,T,91.17,200,91.45,100,TGT
2025-11-12,9:35:54.310754343,T,91.17,200,91.39,100,TGT
2025-11-12,9:35:54.310759296,T,91.17,200,91.38,100,TGT
2025-11-12,9:35:54.312483376,T,91.17,200,91.37,100,TGT
2025-11-12,9:35:54.889994293,T,91.17,200,91.37,200,TGT
2025-11-12,9:35:54.890164660,T,91.17,200,91.37,100,TGT
2025-11-12,9:35:54.894184261,T,91.17,200,91.36,100,TGT
2025-11-12,9:35:54.899667264,T,91.17,200,91.37,100,TGT
2025-11-12,9:36:05.022332705,T,91.25,100,91.37,100,TGT
2025-11-12,9:36:05.022558270,T,91.25,100,91.36,100,TGT
2025-11-12,9:36:05.023420305,T,91.17,200,91.36,100,TGT
2025-11-12,9:36:05.023445357,T,91.17,200,91.36,200,TGT
2025-11-12,9:36:05.023450311,T,91.17,200,91.35,100,TGT
2025-11-12,9:36:05.023465398,T,91.17,200,91.34,100,TGT
2025-11-12,9:36:05.023791170,T,91.17,200,91.34,200,TGT
2025-11-12,9:36:05.323810895,T,91.17,200,91.34,500,TGT
2025-11-12,9:36:05.530839142,T,91.17,200,91.34,600,TGT
2025-11-12,9:36:10.324624551,T,91.17,200,91.33,100,TGT
2025-11-12,9:36:10.861714097,T,91.17,200,91.33,200,TGT
2025-11-12,9:36:15.431987048,T,91.17,200,91.3,100,TGT
2025-11-12,9:36:15.432012127,T,91.17,200,91.3,200,TGT
2025-11-12,9:36:15.432543385,T,91.17,200,91.3,100,TGT
2025-11-12,9:36:15.441640085,T,91.17,200,91.29,100,TGT
2025-11-12,9:36:15.441640085,T,91.17,200,91.26,100,TGT
2025-11-12,9:36:15.441670118,T,91.17,200,91.26,200,TGT
2025-11-12,9:36:15.441680121,T,91.17,200,91.26,100,TGT
2025-11-12,9:36:15.441680121,T,91.17,200,91.29,100,TGT
2025-11-12,9:36:15.442406883,T,91.16,100,91.29,100,TGT
2025-11-12,9:36:15.472077544,T,91.18,100,91.29,100,TGT
2025-11-12,9:36:15.541718423,T,91.16,100,91.29,100,TGT
2025-11-12,9:36:15.924645691,T,91.16,100,91.29,200,TGT
2025-11-12,9:36:16.057692593,T,91.16,100,91.29,500,TGT
2025-11-12,9:36:16.065496225,T,91.16,100,91.29,600,TGT
2025-11-12,9:36:19.722453322,T,91.16,100,91.29,700,TGT
2025-11-12,9:36:20.750306977,T,91.16,100,91.29,600,TGT
2025-11-12,9:36:21.503601875,T,91.16,100,91.29,500,TGT
2025-11-12,9:36:21.503606550,T,91.17,100,91.29,500,TGT
2025-11-12,9:36:21.503611606,T,91.17,100,91.29,400,TGT
2025-11-12,9:36:21.503616605,T,91.21,100,91.29,400,TGT
2025-11-12,9:36:21.503621630,T,91.21,100,91.29,300,TGT
2025-11-12,9:36:21.503626610,T,91.21,100,91.29,200,TGT
2025-11-12,9:36:21.503631689,T,91.22,100,91.29,200,TGT
2025-11-12,9:36:21.503631689,T,91.22,100,91.29,100,TGT
2025-11-12,9:36:21.503631689,T,91.22,100,91.5,100,TGT
2025-11-12,9:36:21.503651950,T,91.27,100,91.5,100,TGT
2025-11-12,9:36:21.503656759,T,91.27,200,91.5,100,TGT
2025-11-12,9:36:21.504213079,T,91.27,100,91.5,100,TGT
2025-11-12,9:36:21.504949812,T,91.26,100,91.5,100,TGT
2025-11-12,9:36:21.603935552,T,91.22,100,91.5,100,TGT
2025-11-12,9:36:21.704109249,T,91.16,300,91.5,100,TGT
2025-11-12,9:36:26.232592737,T,91.24,100,91.5,100,TGT
2025-11-12,9:36:26.282546900,T,91.16,300,91.5,100,TGT
2025-11-12,9:36:27.144039061,T,91.24,100,91.5,100,TGT
2025-11-12,9:36:27.144600358,T,91.29,100,91.5,100,TGT
2025-11-12,9:36:27.144605336,T,91.3,100,91.5,100,TGT
2025-11-12,9:36:27.144620637,T,91.24,100,91.5,100,TGT
2025-11-12,9:36:27.144625407,T,91.31,100,91.5,100,TGT
2025-11-12,9:36:27.144655434,T,91.33,100,91.5,100,TGT
2025-11-12,9:36:27.144830846,T,91.31,100,91.5,100,TGT
2025-11-12,9:36:27.146405063,T,91.36,100,91.5,100,TGT
2025-11-12,9:36:27.146459837,T,91.38,100,91.5,100,TGT
2025-11-12,9:36:27.146640182,T,91.36,100,91.5,100,TGT
2025-11-12,9:36:27.146961013,T,91.31,100,91.5,100,TGT
2025-11-12,9:36:27.146996096,T,91.33,100,91.5,100,TGT
2025-11-12,9:36:27.147001083,T,91.4,100,91.5,100,TGT
2025-11-12,9:36:27.147086406,T,91.41,100,91.5,100,TGT
2025-11-12,9:36:27.147086406,T,91.4,100,91.5,100,TGT
2025-11-12,9:36:27.147106304,T,91.4,100,91.44,100,TGT
2025-11-12,9:36:27.147667696,T,91.4,100,91.45,100,TGT
2025-11-12,9:36:27.148043556,T,91.31,100,91.45,100,TGT
2025-11-12,9:36:27.148168813,T,91.31,100,91.5,100,TGT
2025-11-12,9:36:27.148484607,T,91.31,400,91.5,100,TGT
2025-11-12,9:36:27.156919895,T,91.31,400,91.42,100,TGT
2025-11-12,9:36:27.156934690,T,91.31,100,91.42,100,TGT
2025-11-12,9:36:27.157967138,T,91.31,100,91.44,100,TGT
2025-11-12,9:36:27.165355012,T,91.36,100,91.44,100,TGT
2025-11-12,9:36:27.172657187,T,91.36,100,91.5,200,TGT
2025-11-12,9:36:27.177047632,T,91.36,100,91.5,100,TGT
2025-11-12,9:36:27.177518768,T,91.36,100,91.48,300,TGT
2025-11-12,9:36:27.178260555,T,91.37,100,91.48,300,TGT
2025-11-12,9:36:27.183337661,T,91.38,100,91.48,300,TGT
2025-11-12,9:36:27.183362750,T,91.31,100,91.48,300,TGT
2025-11-12,9:36:27.183387809,T,91.31,400,91.48,300,TGT
2025-11-12,9:36:27.234344106,T,91.31,400,91.5,100,TGT
2025-11-12,9:36:27.264120019,T,91.31,100,91.5,100,TGT
2025-11-12,9:36:28.342714758,T,91.24,100,91.5,100,TGT
2025-11-12,9:36:28.342744751,T,91.31,100,91.5,100,TGT
2025-11-12,9:36:31.626643132,T,91.33,100,91.5,100,TGT
2025-11-12,9:36:31.636687068,T,91.31,100,91.5,100,TGT
2025-11-12,9:36:31.648029152,T,91.29,100,91.5,100,TGT
2025-11-12,9:36:31.648064189,T,91.31,100,91.5,100,TGT
2025-11-12,9:36:31.779131415,T,91.29,100,91.5,100,TGT
2025-11-12,9:36:32.899104576,T,91.24,100,91.5,100,TGT
2025-11-12,9:36:33.288241673,T,91.24,200,91.5,100,TGT
2025-11-12,9:36:34.852648582,T,91.24,200,91.48,100,TGT
2025-11-12,9:36:34.852723726,T,91.29,100,91.48,100,TGT
2025-11-12,9:36:34.852753857,T,91.29,100,91.47,100,TGT
2025-11-12,9:36:34.859199204,T,91.24,100,91.47,100,TGT
2025-11-12,9:36:34.859755571,T,91.24,100,91.48,200,TGT
2025-11-12,9:36:34.859951021,T,91.24,100,91.46,100,TGT
2025-11-12,9:36:34.859961050,T,91.29,100,91.46,100,TGT
2025-11-12,9:36:34.859981098,T,91.31,100,91.46,100,TGT
2025-11-12,9:36:34.859981098,T,91.31,100,91.46,200,TGT
2025-11-12,9:36:34.859986052,T,91.31,100,91.46,100,TGT
2025-11-12,9:36:34.860387061,T,91.29,100,91.46,100,TGT
2025-11-12,9:36:34.861304206,T,91.29,100,91.47,100,TGT
2025-11-12,9:36:34.952721965,T,91.29,100,91.48,100,TGT
2025-11-12,9:36:36.849069667,T,91.29,100,91.46,100,TGT
2025-11-12,9:36:36.875878604,T,91.24,100,91.46,100,TGT
2025-11-12,9:36:36.923998253,T,91.24,100,91.46,200,TGT
2025-11-12,9:36:38.221394096,T,91.24,100,91.46,100,TGT
2025-11-12,9:36:38.855309304,T,91.24,100,91.44,100,TGT
2025-11-12,9:36:47.135851587,T,91.22,200,91.44,100,TGT
2025-11-12,9:36:47.135906669,T,91.24,100,91.44,100,TGT
2025-11-12,9:36:47.135911684,T,91.24,100,91.44,200,TGT
2025-11-12,9:36:47.135996987,T,91.24,100,91.43,100,TGT
2025-11-12,9:36:47.136031989,T,91.24,100,91.4,100,TGT
2025-11-12,9:36:47.137014320,T,91.24,100,91.4,200,TGT
2025-11-12,9:36:47.150997711,T,91.24,100,91.4,100,TGT
2025-11-12,9:36:49.505181152,T,91.22,200,91.4,100,TGT
2025-11-12,9:36:49.505271357,T,91.22,200,91.4,200,TGT
2025-11-12,9:36:49.505797676,T,91.24,100,91.4,200,TGT
2025-11-12,9:36:49.505802696,T,91.24,100,91.4,100,TGT
2025-11-12,9:36:49.506258745,T,91.24,100,91.4,200,TGT
2025-11-12,9:36:49.506268708,T,91.22,200,91.4,200,TGT
2025-11-12,9:36:49.506358962,T,91.24,100,91.4,200,TGT
2025-11-12,9:36:49.506975478,T,91.24,100,91.4,100,TGT
2025-11-12,9:36:49.507000634,T,91.26,100,91.4,100,TGT
2025-11-12,9:36:49.507025584,T,91.24,100,91.4,100,TGT
2025-11-12,9:36:49.507025584,T,91.16,100,91.4,100,TGT
2025-11-12,9:36:49.507025584,T,91.24,100,91.4,100,TGT
2025-11-12,9:36:49.508288584,T,91.24,100,91.38,300,TGT
2025-11-12,9:36:49.509366098,T,91.26,100,91.38,300,TGT
2025-11-12,9:36:49.509381550,T,91.26,100,91.4,100,TGT
2025-11-12,9:36:49.509787138,T,91.17,100,91.4,100,TGT
2025-11-12,9:36:49.509792163,T,91.26,100,91.4,100,TGT
2025-11-12,9:36:49.509812158,T,91.24,100,91.4,100,TGT
2025-11-12,9:36:49.529519122,T,91.24,400,91.4,100,TGT
2025-11-12,9:36:49.620325526,T,91.24,100,91.4,100,TGT
2025-11-12,9:36:53.620836245,T,91.16,100,91.4,100,TGT
2025-11-12,9:36:53.620836245,T,91.24,100,91.4,100,TGT
2025-11-12,9:36:57.588889377,T,91.3,100,91.4,100,TGT
2025-11-12,9:36:57.886378099,T,91.24,100,91.4,100,TGT
2025-11-12,9:36:57.892918766,T,91.24,100,91.35,100,TGT
2025-11-12,9:36:57.894171767,T,91.24,100,91.4,100,TGT
2025-11-12,9:36:57.939068718,T,91.3,100,91.4,100,TGT
2025-11-12,9:36:57.976798644,T,91.24,100,91.4,100,TGT
2025-11-12,9:36:57.986060711,T,91.3,100,91.4,100,TGT
2025-11-12,9:36:58.373313420,T,91.24,100,91.4,100,TGT
2025-11-12,9:36:58.382470256,T,91.24,100,91.35,100,TGT
2025-11-12,9:36:58.382640969,T,91.16,100,91.35,100,TGT
2025-11-12,9:36:58.382665717,T,91.16,100,91.34,100,TGT
2025-11-12,9:36:58.382670676,T,91.24,100,91.34,100,TGT
2025-11-12,9:36:58.383156898,T,91.17,100,91.34,100,TGT
2025-11-12,9:36:58.384038973,T,91.17,100,91.35,100,TGT
2025-11-12,9:36:58.438002558,T,91.16,100,91.35,100,TGT
2025-11-12,9:37:00.300750171,T,91.15,200,91.35,100,TGT
2025-11-12,9:37:00.300925653,T,91.16,100,91.35,100,TGT
2025-11-12,9:37:00.301291516,T,91.15,200,91.35,100,TGT
2025-11-12,9:37:00.633673306,T,91.16,100,91.35,100,TGT
2025-11-12,9:37:01.076703763,T,91.15,200,91.35,100,TGT
2025-11-12,9:37:01.088451712,T,91.16,100,91.35,100,TGT
2025-11-12,9:37:04.323448836,T,91.16,100,91.34,100,TGT
2025-11-12,9:37:05.000160809,T,91.26,100,91.34,100,TGT
2025-11-12,9:37:05.000165888,T,91.26,100,91.36,100,TGT
2025-11-12,9:37:05.000175888,T,91.16,100,91.36,100,TGT
2025-11-12,9:37:05.000175888,T,91.28,100,91.36,100,TGT
2025-11-12,9:37:05.000361300,T,91.28,100,91.34,100,TGT
2025-11-12,9:37:05.000581816,T,91.28,100,91.46,100,TGT
2025-11-12,9:37:05.000742231,T,91.16,100,91.46,100,TGT
2025-11-12,9:37:05.000762480,T,91.16,100,91.43,100,TGT
2025-11-12,9:37:05.000767304,T,91.16,100,91.34,100,TGT
2025-11-12,9:37:05.000772280,T,91.15,200,91.34,100,TGT
2025-11-12,9:37:05.000782336,T,91.15,200,91.43,100,TGT
2025-11-12,9:37:05.000787393,T,91.15,200,91.34,100,TGT
2025-11-12,9:37:05.000797398,T,91.15,200,91.43,100,TGT
2025-11-12,9:37:05.000817346,T,91.16,100,91.43,100,TGT
2025-11-12,9:37:05.000837488,T,91.24,100,91.43,100,TGT
2025-11-12,9:37:05.001007885,T,91.16,100,91.43,100,TGT
2025-11-12,9:37:05.096816177,T,91.24,300,91.43,100,TGT
2025-11-12,9:37:05.096856275,T,91.16,100,91.43,100,TGT
2025-11-12,9:37:05.200778866,T,91.16,100,91.44,100,TGT
2025-11-12,9:37:05.297449326,T,91.16,100,91.47,100,TGT
2025-11-12,9:37:13.231305167,T,91.16,100,91.45,100,TGT
2025-11-12,9:37:13.231741795,T,91.15,200,91.45,100,TGT
2025-11-12,9:37:13.231761274,T,91.15,200,91.43,100,TGT
2025-11-12,9:37:13.231771266,T,91.15,200,91.34,100,TGT
2025-11-12,9:37:13.231776347,T,91.15,200,91.32,100,TGT
2025-11-12,9:37:13.231786348,T,91.15,200,91.36,100,TGT
2025-11-12,9:37:13.231786348,T,91.15,200,91.31,100,TGT
2025-11-12,9:37:13.232092131,T,91.15,200,91.31,200,TGT
2025-11-12,9:37:13.232097250,T,91.16,100,91.31,200,TGT
2025-11-12,9:37:13.232102230,T,91.16,100,91.29,100,TGT
2025-11-12,9:37:13.232112121,T,91.16,100,91.31,100,TGT
2025-11-12,9:37:13.232117423,T,91.16,100,91.31,200,TGT
2025-11-12,9:37:13.232122209,T,91.16,100,91.31,100,TGT
2025-11-12,9:37:13.232197338,T,91.16,100,91.31,200,TGT
2025-11-12,9:37:13.232262530,T,91.16,100,91.31,100,TGT
2025-11-12,9:37:13.308754723,T,91.15,300,91.31,100,TGT
2025-11-12,9:37:13.308754723,T,91.16,100,91.31,100,TGT
2025-11-12,9:37:13.432178745,T,91.16,100,91.4,100,TGT
2025-11-12,9:37:13.433381560,T,91.16,100,91.32,100,TGT
2025-11-12,9:37:13.433411678,T,91.16,100,91.32,200,TGT
2025-11-12,9:37:14.576028754,T,91.16,100,91.32,100,TGT
2025-11-12,9:37:15.860518938,T,91.22,100,91.32,100,TGT
2025-11-12,9:37:15.860539561,T,91.16,100,91.32,100,TGT
2025-11-12,9:37:15.860544034,T,91.22,100,91.32,100,TGT
2025-11-12,9:37:15.872948587,T,91.16,100,91.32,100,TGT
2025-11-12,9:37:15.872948587,T,91.22,100,91.32,100,TGT
2025-11-12,9:37:16.620905407,T,91.16,100,91.32,100,TGT
2025-11-12,9:37:18.759099490,T,91.21,100,91.32,100,TGT
2025-11-12,9:37:18.760437728,T,91.22,100,91.32,100,TGT
2025-11-12,9:37:18.760462791,T,91.21,100,91.32,100,TGT
2025-11-12,9:37:18.760537982,T,91.22,100,91.32,100,TGT
2025-11-12,9:37:18.760537982,T,91.21,100,91.32,100,TGT
2025-11-12,9:37:22.049633595,T,91.22,100,91.32,100,TGT
2025-11-12,9:37:22.049673713,T,91.21,100,91.32,100,TGT
2025-11-12,9:37:24.218019549,T,91.21,100,91.3,100,TGT
2025-11-12,9:37:25.222878467,T,91.22,100,91.3,100,TGT
2025-11-12,9:37:25.222903545,T,91.21,100,91.3,100,TGT
2025-11-12,9:37:27.815540230,T,91.21,100,91.3,200,TGT
2025-11-12,9:37:27.815550280,T,91.21,100,91.29,100,TGT
2025-11-12,9:37:27.815555237,T,91.21,100,91.3,200,TGT
2025-11-12,9:37:27.815565269,T,91.21,100,91.29,100,TGT
2025-11-12,9:37:27.815585349,T,91.21,100,91.28,100,TGT
2025-11-12,9:37:27.815745753,T,91.15,200,91.28,100,TGT
2025-11-12,9:37:27.815765772,T,91.15,200,91.23,100,TGT
2025-11-12,9:37:27.815770747,T,91.16,100,91.23,100,TGT
2025-11-12,9:37:27.816327038,T,91.16,100,91.25,100,TGT
2025-11-12,9:37:27.816457380,T,91.15,200,91.25,100,TGT
2025-11-12,9:37:27.816502505,T,91.16,100,91.25,100,TGT
2025-11-12,9:37:27.826260790,T,91.16,100,91.27,100,TGT
2025-11-12,9:37:27.869248372,T,91.15,200,91.27,100,TGT
2025-11-12,9:37:27.869293224,T,91.16,100,91.27,100,TGT
2025-11-12,9:37:27.871784231,T,91.09,200,91.27,100,TGT
2025-11-12,9:37:27.871809285,T,91.09,200,91.25,100,TGT
2025-11-12,9:37:27.871809285,T,91.16,100,91.25,100,TGT
2025-11-12,9:37:27.882394448,T,91.17,100,91.25,100,TGT
2025-11-12,9:37:27.882434612,T,91.17,100,91.27,100,TGT
2025-11-12,9:37:27.883146218,T,91.17,100,91.27,400,TGT
2025-11-12,9:37:27.939525540,T,91.17,100,91.27,100,TGT
2025-11-12,9:37:28.016113016,T,91.17,100,91.29,100,TGT
2025-11-12,9:37:28.132184496,T,91.17,100,91.3,200,TGT
2025-11-12,9:37:28.133352307,T,91.17,100,91.27,100,TGT
2025-11-12,9:37:28.160943012,T,91.16,100,91.27,100,TGT
2025-11-12,9:37:28.624311906,T,91.2,100,91.27,100,TGT
2025-11-12,9:37:28.624321922,T,91.2,100,91.29,100,TGT
2025-11-12,9:37:28.624833183,T,91.2,200,91.29,100,TGT
2025-11-12,9:37:28.624878248,T,91.2,100,91.29,100,TGT
2025-11-12,9:37:28.625048701,T,91.2,100,91.3,200,TGT
2025-11-12,9:37:28.625379451,T,91.19,100,91.3,200,TGT
2025-11-12,9:37:28.680896823,T,91.16,100,91.3,200,TGT
2025-11-12,9:37:28.680917048,T,91.16,100,91.29,100,TGT
2025-11-12,9:37:28.680921752,T,91.16,100,91.27,100,TGT
2025-11-12,9:37:28.691136064,T,91.2,100,91.27,100,TGT
2025-11-12,9:37:28.691161122,T,91.16,100,91.27,100,TGT
2025-11-12,9:37:28.691301481,T,91.16,100,91.29,100,TGT
2025-11-12,9:37:28.691321480,T,91.16,100,91.3,200,TGT
2025-11-12,9:37:28.691381725,T,91.16,100,91.29,100,TGT
2025-11-12,9:37:29.430517668,T,91.16,100,91.3,200,TGT
2025-11-12,9:37:29.551380528,T,91.21,100,91.3,200,TGT
2025-11-12,9:37:29.551410677,T,91.21,100,91.3,100,TGT
2025-11-12,9:37:29.551430655,T,91.23,100,91.3,100,TGT
2025-11-12,9:37:29.551505880,T,91.23,200,91.3,100,TGT
2025-11-12,9:37:29.551972016,T,91.23,200,91.43,100,TGT
2025-11-12,9:37:29.551976931,T,91.23,200,91.3,100,TGT
2025-11-12,9:37:29.552002097,T,91.24,100,91.3,100,TGT
2025-11-12,9:37:29.552022088,T,91.23,200,91.3,100,TGT
2025-11-12,9:37:29.552157506,T,91.24,100,91.3,100,TGT
2025-11-12,9:37:29.552287729,T,91.24,100,91.45,100,TGT
2025-11-12,9:37:29.552292717,T,91.25,100,91.45,100,TGT
2025-11-12,9:37:29.552307807,T,91.28,100,91.45,100,TGT
2025-11-12,9:37:29.552307807,T,91.28,200,91.45,100,TGT
2025-11-12,9:37:29.552322835,T,91.28,200,91.37,300,TGT
2025-11-12,9:37:29.552357904,T,91.29,100,91.37,300,TGT
2025-11-12,9:37:29.552372956,T,91.29,100,91.45,100,TGT
2025-11-12,9:37:29.552693719,T,91.28,200,91.45,100,TGT
2025-11-12,9:37:29.552864104,T,91.28,100,91.45,100,TGT
2025-11-12,9:37:29.553089601,T,91.28,100,91.43,100,TGT
2025-11-12,9:37:29.553666069,T,91.25,100,91.43,100,TGT
2025-11-12,9:37:37.884001769,T,91.25,100,91.45,100,TGT
2025-11-12,9:37:37.884032070,T,91.3,100,91.45,100,TGT
2025-11-12,9:37:37.884041889,T,91.31,100,91.45,100,TGT
2025-11-12,9:37:37.884056842,T,91.33,100,91.45,100,TGT
2025-11-12,9:37:37.884117016,T,91.34,100,91.45,100,TGT
2025-11-12,9:37:37.884197227,T,91.34,100,91.47,100,TGT
2025-11-12,9:37:37.884207241,T,91.34,200,91.47,100,TGT
2025-11-12,9:37:37.884257411,T,91.35,100,91.47,100,TGT
2025-11-12,9:37:37.884297405,T,91.35,200,91.47,100,TGT
2025-11-12,9:37:37.884417753,T,91.35,300,91.47,100,TGT
2025-11-12,9:37:37.884422745,T,91.35,200,91.47,100,TGT
2025-11-12,9:37:37.884422745,T,91.35,300,91.47,100,TGT
2025-11-12,9:37:37.884447850,T,91.36,100,91.47,100,TGT
2025-11-12,9:37:37.884457806,T,91.36,200,91.47,100,TGT
2025-11-12,9:37:37.884497885,T,91.36,100,91.47,100,TGT
2025-11-12,9:37:37.884868785,T,91.36,100,91.46,100,TGT
2025-11-12,9:37:37.885425109,T,91.35,100,91.46,100,TGT
2025-11-12,9:37:37.887329650,T,91.35,100,91.47,100,TGT
2025-11-12,9:37:37.887329650,T,91.39,100,91.47,100,TGT
2025-11-12,9:37:37.887349777,T,91.39,100,91.48,100,TGT
2025-11-12,9:37:37.887394880,T,91.39,100,91.47,100,TGT
2025-11-12,9:37:37.887886007,T,91.35,100,91.47,100,TGT
2025-11-12,9:37:37.932762964,T,91.39,100,91.47,100,TGT
2025-11-12,9:37:37.932762964,T,91.39,100,91.48,100,TGT
2025-11-12,9:37:37.932783012,T,91.39,100,91.5,100,TGT
2025-11-12,9:37:37.932858102,T,91.35,100,91.5,100,TGT
2025-11-12,9:37:37.932858102,T,91.4,100,91.5,100,TGT
2025-11-12,9:37:37.933259092,T,91.35,100,91.5,100,TGT
2025-11-12,9:37:40.086358732,T,91.35,100,91.53,200,TGT
2025-11-12,9:37:40.086393645,T,91.41,100,91.53,200,TGT
2025-11-12,9:37:40.086429036,T,91.41,200,91.53,200,TGT
2025-11-12,9:37:40.086619143,T,91.43,100,91.53,200,TGT
2025-11-12,9:37:40.086814644,T,91.44,100,91.53,200,TGT
2025-11-12,9:37:40.087160415,T,91.43,100,91.53,200,TGT
2025-11-12,9:37:40.087175421,T,91.41,200,91.53,200,TGT
2025-11-12,9:37:40.087441102,T,91.41,100,91.53,200,TGT
2025-11-12,9:37:40.090979484,T,91.41,100,91.73,100,TGT
2025-11-12,9:37:40.090989587,T,91.41,100,91.6,200,TGT
2025-11-12,9:37:41.755961086,T,91.35,100,91.6,200,TGT
2025-11-12,9:37:41.755981484,T,91.35,100,91.58,100,TGT
2025-11-12,9:37:41.755981484,T,91.35,100,91.57,100,TGT
2025-11-12,9:37:41.755986506,T,91.41,100,91.57,100,TGT
2025-11-12,9:37:41.755991193,T,91.35,100,91.57,100,TGT
2025-11-12,9:37:41.755996850,T,91.35,100,91.5,100,TGT
2025-11-12,9:37:41.756096467,T,91.41,100,91.5,100,TGT
2025-11-12,9:37:41.756231801,T,91.35,100,91.5,100,TGT
2025-11-12,9:37:41.756246830,T,91.35,100,91.54,100,TGT
2025-11-12,9:37:41.756256810,T,91.33,100,91.54,100,TGT
2025-11-12,9:37:41.756286945,T,91.35,100,91.54,100,TGT
2025-11-12,9:37:41.756347065,T,91.35,100,91.5,100,TGT
2025-11-12,9:37:41.756347065,T,91.35,100,91.54,100,TGT
2025-11-12,9:37:41.766080236,T,91.35,100,91.57,100,TGT
2025-11-12,9:37:41.792919127,T,91.41,100,91.57,100,TGT
2025-11-12,9:37:41.792944181,T,91.35,100,91.57,100,TGT
2025-11-12,9:37:41.804531795,T,91.35,100,91.54,100,TGT
2025-11-12,9:37:42.473856409,T,91.35,100,91.49,100,TGT
2025-11-12,9:37:42.788756519,T,91.33,100,91.49,100,TGT
2025-11-12,9:37:42.788831808,T,91.35,100,91.49,100,TGT
2025-11-12,9:37:43.240432626,T,91.35,100,91.54,100,TGT
2025-11-12,9:37:43.420491566,T,91.42,100,91.54,100,TGT
2025-11-12,9:37:43.422401067,T,91.42,200,91.54,100,TGT
2025-11-12,9:37:43.422421163,T,91.42,100,91.54,100,TGT
2025-11-12,9:37:43.946695142,T,91.42,100,91.49,200,TGT
2025-11-12,9:37:43.976411228,T,91.44,100,91.49,200,TGT
2025-11-12,9:37:43.976430969,T,91.42,100,91.49,200,TGT
2025-11-12,9:37:43.977192851,T,91.42,100,91.54,100,TGT
2025-11-12,9:37:43.987171621,T,91.43,100,91.54,100,TGT
2025-11-12,9:37:43.987191614,T,91.42,100,91.54,100,TGT
2025-11-12,9:37:43.987261792,T,91.43,100,91.54,100,TGT
2025-11-12,9:37:44.458284132,T,91.42,100,91.54,100,TGT
2025-11-12,9:37:44.458303927,T,91.42,100,91.49,100,TGT
2025-11-12,9:37:44.459356470,T,91.42,100,91.5,100,TGT
2025-11-12,9:37:44.460614544,T,91.42,100,91.49,200,TGT
2025-11-12,9:37:49.752105548,T,91.42,100,91.54,100,TGT
2025-11-12,9:37:54.808571766,T,91.42,100,91.5,100,TGT
2025-11-12,9:37:54.808602133,T,91.33,100,91.5,100,TGT
2025-11-12,9:37:54.808626864,T,91.33,100,91.44,100,TGT
2025-11-12,9:37:54.808787285,T,91.35,100,91.44,100,TGT
2025-11-12,9:37:54.809183231,T,91.35,100,91.5,100,TGT
2025-11-12,9:37:54.809804737,T,91.35,100,91.44,100,TGT
2025-11-12,9:37:55.809055333,T,91.33,100,91.44,100,TGT
2025-11-12,9:37:55.809060285,T,91.35,100,91.44,100,TGT
2025-11-12,9:37:57.285091840,T,91.33,100,91.44,100,TGT
2025-11-12,9:37:57.285106773,T,91.33,100,91.43,100,TGT
2025-11-12,9:37:57.285161986,T,91.35,100,91.43,100,TGT
2025-11-12,9:37:57.286139330,T,91.35,100,91.44,100,TGT
2025-11-12,9:38:05.067196537,T,91.35,100,91.44,200,TGT
2025-11-12,9:38:05.067587466,T,91.33,100,91.44,200,TGT
2025-11-12,9:38:05.067832987,T,91.33,100,91.44,100,TGT
2025-11-12,9:38:05.067858099,T,91.35,100,91.44,100,TGT
2025-11-12,9:38:05.354210331,T,91.35,100,91.43,100,TGT
2025-11-12,9:38:05.876203878,T,91.35,100,91.44,100,TGT
2025-11-12,9:38:05.876203878,T,91.33,100,91.44,100,TGT
2025-11-12,9:38:05.876224353,T,91.41,100,91.44,100,TGT
2025-11-12,9:38:05.876228996,T,91.41,200,91.44,100,TGT
2025-11-12,9:38:05.876589850,T,91.41,200,91.56,200,TGT
2025-11-12,9:38:05.876599872,T,91.41,200,91.44,100,TGT
2025-11-12,9:38:05.876609846,T,91.41,300,91.44,100,TGT
2025-11-12,9:38:05.876624983,T,91.41,200,91.44,100,TGT
2025-11-12,9:38:05.876660054,T,91.41,300,91.44,100,TGT
2025-11-12,9:38:05.876780282,T,91.41,200,91.44,100,TGT
2025-11-12,9:38:05.877301526,T,91.41,200,91.44,200,TGT
2025-11-12,9:38:05.877336639,T,91.41,100,91.44,200,TGT
2025-11-12,9:38:05.877652336,T,91.41,100,91.44,100,TGT
2025-11-12,9:38:05.877672420,T,91.41,100,91.56,200,TGT
2025-11-12,9:38:05.877697473,T,91.41,200,91.56,200,TGT
2025-11-12,9:38:05.877727531,T,91.41,100,91.56,200,TGT
2025-11-12,9:38:05.878118473,T,91.35,100,91.56,200,TGT
2025-11-12,9:38:05.878118473,T,91.41,100,91.56,200,TGT
2025-11-12,9:38:05.897815363,T,91.4,100,91.56,200,TGT
2025-11-12,9:38:05.905443642,T,91.41,100,91.56,200,TGT
2025-11-12,9:38:05.926147925,T,91.4,100,91.56,200,TGT
2025-11-12,9:38:06.076651517,T,91.38,100,91.56,200,TGT
2025-11-12,9:38:06.076651517,T,91.35,100,91.56,200,TGT
2025-11-12,9:38:06.999339515,T,91.35,100,91.56,300,TGT
2025-11-12,9:38:06.999364608,T,91.35,100,91.54,100,TGT
2025-11-12,9:38:06.999494967,T,91.35,100,91.56,300,TGT
2025-11-12,9:38:07.009328273,T,91.35,100,91.56,200,TGT
2025-11-12,9:38:07.029230692,T,91.43,100,91.56,200,TGT
2025-11-12,9:38:07.029260839,T,91.35,100,91.56,200,TGT
2025-11-12,9:38:07.029280894,T,91.33,100,91.56,200,TGT
2025-11-12,9:38:07.029300994,T,91.33,100,91.47,100,TGT
2025-11-12,9:38:07.029320961,T,91.35,100,91.47,100,TGT
2025-11-12,9:38:07.030744388,T,91.35,100,91.56,200,TGT
2025-11-12,9:38:07.139994543,T,91.4,100,91.56,200,TGT
2025-11-12,9:38:07.229713346,T,91.4,100,91.56,300,TGT
2025-11-12,9:38:07.229738364,T,91.4,100,91.56,200,TGT
2025-11-12,9:38:07.230019015,T,91.41,100,91.56,200,TGT
2025-11-12,9:38:07.230044108,T,91.4,100,91.56,200,TGT
2025-11-12,9:38:07.230044108,T,91.43,100,91.56,200,TGT
2025-11-12,9:38:11.331941139,T,91.43,200,91.56,200,TGT
2025-11-12,9:38:12.342378416,T,91.45,100,91.56,200,TGT
2025-11-12,9:38:12.342669053,T,91.45,200,91.56,200,TGT
2025-11-12,9:38:12.342694116,T,91.45,100,91.56,200,TGT
2025-11-12,9:38:12.342699200,T,91.46,100,91.56,200,TGT
2025-11-12,9:38:12.343064981,T,91.44,100,91.56,200,TGT
2025-11-12,9:38:12.344939543,T,91.44,100,91.73,100,TGT
2025-11-12,9:38:12.344949560,T,91.44,100,91.61,200,TGT
2025-11-12,9:38:12.351991351,T,91.47,100,91.61,200,TGT
2025-11-12,9:38:12.352021393,T,91.47,200,91.61,200,TGT
2025-11-12,9:38:12.352457433,T,91.47,100,91.61,200,TGT
2025-11-12,9:38:12.355309163,T,91.47,100,91.83,100,TGT
2025-11-12,9:38:12.416870824,T,91.47,100,91.79,100,TGT
2025-11-12,9:38:12.416946090,T,91.47,100,91.73,100,TGT
2025-11-12,9:38:12.417006228,T,91.47,100,91.79,100,TGT
2025-11-12,9:38:12.417211686,T,91.47,100,91.73,100,TGT
2025-11-12,9:38:12.417236737,T,91.47,100,91.57,100,TGT
2025-11-12,9:38:12.418053799,T,91.47,100,91.79,100,TGT
2025-11-12,9:38:12.422353912,T,91.47,100,91.73,100,TGT
2025-11-12,9:38:12.426293350,T,91.47,100,91.83,100,TGT
2025-11-12,9:38:12.443464247,T,91.47,100,91.73,100,TGT
2025-11-12,9:38:12.443499292,T,91.47,100,91.57,100,TGT
2025-11-12,9:38:12.443820070,T,91.47,100,91.56,100,TGT
2025-11-12,9:38:12.443850242,T,91.47,100,91.55,100,TGT
2025-11-12,9:38:12.443890277,T,91.47,100,91.56,100,TGT
2025-11-12,9:38:12.443925338,T,91.47,100,91.57,100,TGT
2025-11-12,9:38:12.452886702,T,91.47,100,91.58,100,TGT
2025-11-12,9:38:12.464133444,T,91.47,100,91.57,100,TGT
2025-11-12,9:38:12.464218655,T,91.47,100,91.56,100,TGT
2025-11-12,9:38:12.464253721,T,91.47,100,91.55,100,TGT
2025-11-12,9:38:12.643265217,T,91.47,100,91.57,100,TGT
2025-11-12,9:38:12.643325421,T,91.47,100,91.58,100,TGT
2025-11-12,9:38:12.644322772,T,91.47,200,91.58,100,TGT
2025-11-12,9:38:12.644322772,T,91.47,200,91.64,200,TGT
2025-11-12,9:38:12.644342779,T,91.47,100,91.64,200,TGT
2025-11-12,9:38:12.644352822,T,91.43,100,91.64,200,TGT
2025-11-12,9:38:12.644362852,T,91.43,100,91.58,100,TGT
2025-11-12,9:38:12.644362852,T,91.43,100,91.57,100,TGT
2025-11-12,9:38:12.644367891,T,91.43,100,91.56,100,TGT
2025-11-12,9:38:12.644387894,T,91.43,100,91.57,100,TGT
2025-11-12,9:38:12.644392960,T,91.43,100,91.55,100,TGT
2025-11-12,9:38:12.644408005,T,91.44,100,91.55,100,TGT
2025-11-12,9:38:12.644813920,T,91.44,100,91.57,100,TGT
2025-11-12,9:38:12.845366715,T,91.44,100,91.64,200,TGT
2025-11-12,9:38:14.855926775,T,91.44,100,91.58,100,TGT
2025-11-12,9:38:14.856713708,T,91.44,100,91.64,200,TGT
2025-11-12,9:38:15.517708638,T,91.43,100,91.64,200,TGT
2025-11-12,9:38:15.517713371,T,91.44,100,91.64,200,TGT
2025-11-12,9:38:15.518149492,T,91.48,100,91.64,200,TGT
2025-11-12,9:38:15.519377336,T,91.48,100,91.58,100,TGT
2025-11-12,9:38:15.519422477,T,91.44,100,91.58,100,TGT
2025-11-12,9:38:15.519447550,T,91.44,100,91.57,100,TGT
2025-11-12,9:38:15.519452515,T,91.44,100,91.55,100,TGT
2025-11-12,9:38:15.519472602,T,91.43,100,91.55,100,TGT
2025-11-12,9:38:15.519517737,T,91.43,100,91.52,100,TGT
2025-11-12,9:38:15.519537803,T,91.44,100,91.52,100,TGT
2025-11-12,9:38:15.519537803,T,91.43,100,91.52,100,TGT
2025-11-12,9:38:15.519562883,T,91.44,100,91.52,100,TGT
2025-11-12,9:38:15.519633020,T,91.43,100,91.52,100,TGT
2025-11-12,9:38:15.519973826,T,91.43,200,91.52,100,TGT
2025-11-12,9:38:15.530007704,T,91.43,100,91.52,100,TGT
2025-11-12,9:38:15.620027185,T,91.43,100,91.55,100,TGT
2025-11-12,9:38:15.620829078,T,91.43,100,91.52,100,TGT
2025-11-12,9:38:24.467940748,T,91.46,1000,91.52,100,TGT
2025-11-12,9:38:24.468005988,T,91.46,1000,91.55,100,TGT
2025-11-12,9:38:24.468036043,T,91.46,1000,91.57,100,TGT
2025-11-12,9:38:24.468061042,T,91.46,1000,91.58,100,TGT
2025-11-12,9:38:24.468256563,T,91.46,1000,91.64,300,TGT
2025-11-12,9:38:24.468341775,T,91.46,1000,91.64,200,TGT
2025-11-12,9:38:24.468361811,T,91.48,100,91.64,200,TGT
2025-11-12,9:38:24.468411922,T,91.48,200,91.64,200,TGT
2025-11-12,9:38:25.041507177,T,91.48,100,91.64,200,TGT
2025-11-12,9:38:25.041527187,T,91.48,100,91.52,100,TGT
2025-11-12,9:38:25.041567289,T,91.46,1000,91.52,100,TGT
2025-11-12,9:38:25.042033431,T,91.46,1000,91.52,200,TGT
2025-11-12,9:38:25.042053492,T,91.46,1000,91.52,100,TGT
2025-11-12,9:38:25.045817435,T,91.46,1000,91.54,100,TGT
2025-11-12,9:38:25.051009860,T,91.46,1000,91.55,100,TGT
2025-11-12,9:38:25.051586178,T,91.46,1000,91.56,100,TGT
2025-11-12,9:38:25.051611262,T,91.46,1000,91.57,400,TGT
2025-11-12,9:38:25.241623907,T,91.46,1000,91.57,300,TGT
2025-11-12,9:38:26.783392229,T,91.47,100,91.57,300,TGT
2025-11-12,9:38:26.783412524,T,91.47,100,91.64,200,TGT
2025-11-12,9:38:26.783417146,T,91.48,100,91.64,200,TGT
2025-11-12,9:38:26.783497301,T,91.5,100,91.64,200,TGT
2025-11-12,9:38:26.884222271,T,91.48,100,91.64,200,TGT
2025-11-12,9:38:32.645953986,T,91.5,100,91.64,200,TGT
2025-11-12,9:38:32.645973997,T,91.48,100,91.64,200,TGT
2025-11-12,9:38:32.646119638,T,91.51,100,91.64,200,TGT
2025-11-12,9:38:32.646319900,T,91.48,100,91.64,200,TGT
2025-11-12,9:38:32.647327286,T,91.51,100,91.64,200,TGT
2025-11-12,9:38:32.647382412,T,91.48,100,91.64,200,TGT
2025-11-12,9:38:32.647397437,T,91.5,100,91.64,200,TGT
2025-11-12,9:38:32.647407419,T,91.48,100,91.64,200,TGT
2025-11-12,9:38:32.647407419,T,91.5,100,91.64,200,TGT
2025-11-12,9:38:32.647422466,T,91.53,100,91.64,200,TGT
2025-11-12,9:38:32.647723194,T,91.53,100,91.89,100,TGT
2025-11-12,9:38:32.647733219,T,91.53,100,91.69,200,TGT
2025-11-12,9:38:32.849087865,T,91.54,100,91.69,200,TGT
2025-11-12,9:38:32.849092926,T,91.53,100,91.69,200,TGT
2025-11-12,9:38:32.849112966,T,91.54,100,91.69,200,TGT
2025-11-12,9:38:32.849133048,T,91.53,100,91.69,200,TGT
2025-11-12,9:38:32.896139955,T,91.53,200,91.69,200,TGT
2025-11-12,9:38:32.950790231,T,91.56,100,91.69,200,TGT
2025-11-12,9:38:32.951346547,T,91.53,100,91.69,200,TGT
2025-11-12,9:38:33.060441459,T,91.53,200,91.69,200,TGT
2025-11-12,9:38:33.403829839,T,91.53,200,91.64,100,TGT
2025-11-12,9:38:36.910338611,T,91.53,100,91.64,100,TGT
2025-11-12,9:38:43.057102255,T,91.55,100,91.64,100,TGT
2025-11-12,9:38:43.062665549,T,91.55,100,91.69,200,TGT
2025-11-12,9:38:43.064044143,T,91.57,100,91.69,200,TGT
2025-11-12,9:38:43.064048873,T,91.58,100,91.69,200,TGT
2025-11-12,9:38:43.064068900,T,91.58,200,91.69,200,TGT
2025-11-12,9:38:43.064073923,T,91.58,100,91.69,200,TGT
2025-11-12,9:38:43.064088968,T,91.59,100,91.69,200,TGT
2025-11-12,9:38:43.064098999,T,91.61,100,91.69,200,TGT
2025-11-12,9:38:43.064304377,T,91.61,100,91.9,100,TGT
2025-11-12,9:38:43.064314455,T,91.61,100,91.74,200,TGT
2025-11-12,9:38:43.165180171,T,91.58,100,91.74,200,TGT
2025-11-12,9:38:43.165204793,T,91.57,100,91.74,200,TGT
2025-11-12,9:38:43.165209811,T,91.57,100,91.73,100,TGT
2025-11-12,9:38:43.165209811,T,91.58,100,91.73,100,TGT
2025-11-12,9:38:43.165215146,T,91.57,100,91.73,100,TGT
2025-11-12,9:38:43.165215146,T,91.57,100,91.72,100,TGT
2025-11-12,9:38:43.165215146,T,91.57,100,91.71,100,TGT
2025-11-12,9:38:43.165224868,T,91.57,100,91.72,100,TGT
2025-11-12,9:38:43.165234921,T,91.57,100,91.71,100,TGT
2025-11-12,9:38:43.165240273,T,91.57,100,91.71,400,TGT
2025-11-12,9:38:43.165240273,T,91.57,100,91.7,100,TGT
2025-11-12,9:38:43.165244910,T,91.57,100,91.69,100,TGT
2025-11-12,9:38:43.165259955,T,91.58,100,91.69,100,TGT
2025-11-12,9:38:43.165259955,T,91.59,100,91.69,100,TGT
2025-11-12,9:38:43.165275028,T,91.59,100,91.7,100,TGT
2025-11-12,9:38:43.165320106,T,91.59,100,91.69,100,TGT
2025-11-12,9:38:43.165675958,T,91.59,100,91.67,100,TGT
2025-11-12,9:38:43.166027124,T,91.57,100,91.67,100,TGT
2025-11-12,9:38:43.166056870,T,91.57,100,91.65,100,TGT
2025-11-12,9:38:43.166056870,T,91.54,100,91.65,100,TGT
2025-11-12,9:38:43.166067005,T,91.53,100,91.65,100,TGT
2025-11-12,9:38:43.166097190,T,91.53,100,91.64,100,TGT
2025-11-12,9:38:43.166097190,T,91.53,100,91.62,100,TGT
2025-11-12,9:38:43.166107074,T,91.53,100,91.61,100,TGT
2025-11-12,9:38:43.171790544,T,91.51,100,91.61,100,TGT
2025-11-12,9:38:43.186214849,T,91.51,100,91.65,100,TGT
2025-11-12,9:38:43.193707760,T,91.53,100,91.65,100,TGT
2025-11-12,9:38:43.202729274,T,91.51,100,91.65,100,TGT
2025-11-12,9:38:43.340412326,T,91.51,100,91.64,100,TGT
2025-11-12,9:38:43.340417336,T,91.51,100,91.65,100,TGT
2025-11-12,9:38:43.340417336,T,91.51,100,91.64,100,TGT
2025-11-12,9:38:43.340422311,T,91.51,100,91.65,100,TGT
2025-11-12,9:38:45.059703230,T,91.53,100,91.65,100,TGT
2025-11-12,9:38:45.059843664,T,91.53,100,91.68,100,TGT
2025-11-12,9:38:45.059873685,T,91.53,100,91.65,100,TGT
2025-11-12,9:38:45.069125742,T,91.51,100,91.65,100,TGT
2025-11-12,9:38:45.210903513,T,91.51,100,91.64,100,TGT
2025-11-12,9:38:45.210908508,T,91.51,100,91.65,100,TGT
2025-11-12,9:38:46.671382849,T,91.56,100,91.65,100,TGT
2025-11-12,9:38:46.671478053,T,91.56,100,91.68,100,TGT
2025-11-12,9:38:46.671498176,T,91.56,100,91.65,100,TGT
2025-11-12,9:38:46.981767254,T,91.56,100,91.65,300,TGT
2025-11-12,9:38:46.981927608,T,91.56,100,91.64,100,TGT
2025-11-12,9:38:46.981932684,T,91.56,100,91.65,300,TGT
2025-11-12,9:38:46.982303523,T,91.56,100,91.65,100,TGT
2025-11-12,9:38:47.167274188,T,91.56,100,91.68,100,TGT
2025-11-12,9:38:47.167299331,T,91.56,100,91.65,100,TGT
2025-11-12,9:38:47.910880774,T,91.56,100,91.64,100,TGT
2025-11-12,9:38:47.910890812,T,91.56,100,91.65,100,TGT
2025-11-12,9:38:48.157794057,T,91.56,100,91.68,100,TGT
2025-11-12,9:38:48.157814145,T,91.56,100,91.65,100,TGT
2025-11-12,9:38:55.982154325,T,91.56,100,91.64,100,TGT
2025-11-12,9:38:55.982164373,T,91.56,100,91.65,100,TGT
2025-11-12,9:38:56.232796440,T,91.56,100,91.68,100,TGT
2025-11-12,9:38:56.232821555,T,91.56,100,91.65,100,TGT
2025-11-12,9:38:56.316646295,T,91.5,100,91.65,100,TGT
2025-11-12,9:38:56.516652710,T,91.5,100,91.64,100,TGT
2025-11-12,9:38:56.516652710,T,91.5,100,91.65,100,TGT
2025-11-12,9:38:58.349459098,T,91.5,100,91.68,100,TGT
2025-11-12,9:38:58.349484223,T,91.5,100,91.65,100,TGT
2025-11-12,9:38:58.995382915,T,91.5,100,91.64,100,TGT
2025-11-12,9:38:58.995392953,T,91.5,100,91.65,100,TGT
2025-11-12,9:39:01.011451406,T,91.48,100,91.65,100,TGT
2025-11-12,9:39:01.011451406,T,91.48,100,91.63,100,TGT
2025-11-12,9:39:01.011455997,T,91.48,100,91.65,100,TGT
2025-11-12,9:39:01.011461393,T,91.48,100,91.63,100,TGT
2025-11-12,9:39:01.011461393,T,91.48,100,91.61,100,TGT
2025-11-12,9:39:01.011461393,T,91.47,100,91.61,100,TGT
2025-11-12,9:39:01.011466216,T,91.47,100,91.63,100,TGT
2025-11-12,9:39:01.011466216,T,91.47,100,91.65,100,TGT
2025-11-12,9:39:01.011471376,T,91.47,100,91.63,100,TGT
2025-11-12,9:39:01.011471376,T,91.47,100,91.6,100,TGT
2025-11-12,9:39:01.011476072,T,91.47,100,91.6,200,TGT
2025-11-12,9:39:01.011496161,T,91.47,100,91.6,100,TGT
2025-11-12,9:39:01.011501113,T,91.47,100,91.6,200,TGT
2025-11-12,9:39:01.011661967,T,91.46,1100,91.6,200,TGT
2025-11-12,9:39:01.011726654,T,91.48,100,91.6,200,TGT
2025-11-12,9:39:01.011751796,T,91.5,100,91.6,200,TGT
2025-11-12,9:39:01.011791847,T,91.48,100,91.6,200,TGT
2025-11-12,9:39:01.011807079,T,91.48,100,91.59,100,TGT
2025-11-12,9:39:01.011836988,T,91.48,100,91.58,100,TGT
2025-11-12,9:39:01.012137695,T,91.48,100,91.6,200,TGT
2025-11-12,9:39:01.012543693,T,91.48,100,91.58,100,TGT
2025-11-12,9:39:01.012939524,T,91.48,100,91.58,200,TGT
2025-11-12,9:39:01.066552323,T,91.48,200,91.58,200,TGT
2025-11-12,9:39:04.598225990,T,91.48,100,91.58,200,TGT
2025-11-12,9:39:04.598225990,T,91.48,100,91.58,300,TGT
2025-11-12,9:39:04.598241018,T,91.48,100,91.58,200,TGT
2025-11-12,9:39:04.598251145,T,91.48,200,91.58,200,TGT
2025-11-12,9:39:04.598251145,T,91.48,200,91.57,100,TGT
2025-11-12,9:39:04.598511728,T,91.48,100,91.57,100,TGT
2025-11-12,9:39:04.598907653,T,91.48,100,91.57,200,TGT
2025-11-12,9:39:04.599368735,T,91.48,100,91.57,100,TGT
2025-11-12,9:39:04.845389898,T,91.46,1100,91.57,100,TGT
2025-11-12,9:39:04.845414941,T,91.46,1000,91.57,100,TGT
2025-11-12,9:39:06.479537790,T,91.49,100,91.57,100,TGT
2025-11-12,9:39:16.336390205,T,91.49,100,91.57,200,TGT
2025-11-12,9:39:17.001810410,T,91.49,100,91.57,100,TGT
2025-11-12,9:39:17.341173795,T,91.49,100,91.59,100,TGT
2025-11-12,9:39:18.186923597,T,91.49,100,91.57,100,TGT
2025-11-12,9:39:20.893085698,T,91.49,100,91.56,100,TGT
2025-11-12,9:39:21.167499434,T,91.49,100,91.57,100,TGT
2025-11-12,9:39:23.279952049,T,91.49,100,91.57,200,TGT
2025-11-12,9:39:24.262267263,T,91.49,100,91.56,100,TGT
2025-11-12,9:39:24.359910022,T,91.49,100,91.56,200,TGT
2025-11-12,9:39:25.022899371,T,91.49,100,91.56,300,TGT
2025-11-12,9:39:26.273157831,T,91.46,1000,91.56,300,TGT
2025-11-12,9:39:26.273167831,T,91.46,1000,91.56,400,TGT
2025-11-12,9:39:26.273177850,T,91.46,1000,91.52,100,TGT
2025-11-12,9:39:26.273193024,T,91.46,1000,91.52,200,TGT
2025-11-12,9:39:26.273273157,T,91.46,1000,91.52,300,TGT
2025-11-12,9:39:26.273624050,T,91.46,1000,91.51,100,TGT
2025-11-12,9:39:26.273633968,T,91.46,1000,91.52,300,TGT
2025-11-12,9:39:26.273648963,T,91.46,1000,91.52,400,TGT
2025-11-12,9:39:26.273749319,T,91.46,1000,91.51,100,TGT
2025-11-12,9:39:26.273814413,T,91.46,1000,91.52,400,TGT
2025-11-12,9:39:26.274526155,T,91.46,1000,91.52,300,TGT
2025-11-12,9:39:26.274551608,T,91.47,100,91.52,300,TGT
2025-11-12,9:39:26.274566515,T,91.46,1000,91.52,300,TGT
2025-11-12,9:39:26.274591467,T,91.47,100,91.52,300,TGT
2025-11-12,9:39:26.274591467,T,91.46,1000,91.52,300,TGT
2025-11-12,9:39:26.274596317,T,91.47,100,91.52,300,TGT
2025-11-12,9:39:26.274611627,T,91.47,100,91.52,200,TGT
2025-11-12,9:39:26.274611627,T,91.47,100,91.52,100,TGT
2025-11-12,9:39:26.274616507,T,91.47,100,91.55,100,TGT
2025-11-12,9:39:26.274631312,T,91.5,100,91.55,100,TGT
2025-11-12,9:39:26.274636346,T,91.5,200,91.55,100,TGT
2025-11-12,9:39:26.274636346,T,91.5,300,91.55,100,TGT
2025-11-12,9:39:26.274656408,T,91.5,400,91.55,100,TGT
2025-11-12,9:39:26.274711599,T,91.5,500,91.55,100,TGT
2025-11-12,9:39:26.274826866,T,91.5,400,91.55,100,TGT
2025-11-12,9:39:26.274852175,T,91.5,400,91.55,200,TGT
2025-11-12,9:39:26.274906992,T,91.5,300,91.55,200,TGT
2025-11-12,9:39:26.274932047,T,91.5,300,91.55,300,TGT
2025-11-12,9:39:26.274942115,T,91.5,300,91.54,100,TGT
2025-11-12,9:39:26.274962464,T,91.5,300,91.54,200,TGT
2025-11-12,9:39:26.274967216,T,91.5,300,91.54,300,TGT
2025-11-12,9:39:26.274967216,T,91.5,300,91.54,400,TGT
2025-11-12,9:39:26.274972214,T,91.5,200,91.54,400,TGT
2025-11-12,9:39:26.275132578,T,91.5,200,91.54,500,TGT
2025-11-12,9:39:26.275187727,T,91.5,100,91.54,500,TGT
2025-11-12,9:39:26.275297922,T,91.5,100,91.54,600,TGT
2025-11-12,9:39:26.277703871,T,91.5,100,91.54,500,TGT
2025-11-12,9:39:26.277703871,T,91.5,100,91.54,400,TGT
2025-11-12,9:39:26.277708852,T,91.5,100,91.54,300,TGT
2025-11-12,9:39:26.277708852,T,91.5,100,91.54,200,TGT
2025-11-12,9:39:26.277708852,T,91.5,100,91.54,100,TGT
2025-11-12,9:39:26.277708852,T,91.5,100,91.55,100,TGT
2025-11-12,9:39:26.277723735,T,91.52,100,91.55,100,TGT
2025-11-12,9:39:26.277728763,T,91.53,100,91.55,100,TGT
2025-11-12,9:39:26.277743735,T,91.53,100,91.55,200,TGT
2025-11-12,9:39:26.278044461,T,91.53,100,91.55,100,TGT
2025-11-12,9:39:26.278054471,T,91.53,100,91.56,100,TGT
2025-11-12,9:39:26.278089550,T,91.53,200,91.56,100,TGT
2025-11-12,9:39:26.278094584,T,91.53,200,91.65,100,TGT
2025-11-12,9:39:26.278124739,T,91.54,100,91.65,100,TGT
2025-11-12,9:39:26.278425352,T,91.54,100,91.68,100,TGT
2025-11-12,9:39:26.278570701,T,91.53,200,91.68,100,TGT
2025-11-12,9:39:26.278570701,T,91.54,100,91.68,100,TGT
2025-11-12,9:39:26.278610862,T,91.53,200,91.68,100,TGT
2025-11-12,9:39:26.278635892,T,91.54,100,91.68,100,TGT
2025-11-12,9:39:26.278851421,T,91.55,100,91.68,100,TGT
2025-11-12,9:39:26.278876442,T,91.54,100,91.68,100,TGT
2025-11-12,9:39:26.278876442,T,91.55,100,91.68,100,TGT
2025-11-12,9:39:26.278881482,T,91.56,100,91.68,100,TGT
2025-11-12,9:39:26.278921609,T,91.54,100,91.68,100,TGT
2025-11-12,9:39:26.278921609,T,91.57,100,91.68,100,TGT
2025-11-12,9:39:26.278941662,T,91.54,100,91.68,100,TGT
2025-11-12,9:39:26.278961655,T,91.57,100,91.68,100,TGT
2025-11-12,9:39:26.279999190,T,91.58,100,91.68,100,TGT
2025-11-12,9:39:26.280024178,T,91.54,100,91.68,100,TGT
2025-11-12,9:39:26.280044257,T,91.53,100,91.68,100,TGT
2025-11-12,9:39:26.280049258,T,91.52,200,91.68,100,TGT
2025-11-12,9:39:26.280049258,T,91.53,100,91.68,100,TGT
2025-11-12,9:39:26.280054625,T,91.54,100,91.68,100,TGT
2025-11-12,9:39:26.280054625,T,91.53,100,91.68,100,TGT
2025-11-12,9:39:26.280059354,T,91.52,200,91.68,100,TGT
2025-11-12,9:39:26.280059354,T,91.52,100,91.68,100,TGT
2025-11-12,9:39:26.280074527,T,91.52,200,91.68,100,TGT
2025-11-12,9:39:26.280079312,T,91.53,100,91.68,100,TGT
2025-11-12,9:39:26.280084410,T,91.53,100,91.6,100,TGT
2025-11-12,9:39:26.280084410,T,91.52,200,91.6,100,TGT
2025-11-12,9:39:26.280089416,T,91.52,100,91.6,100,TGT
2025-11-12,9:39:26.280089416,T,91.52,200,91.6,100,TGT
2025-11-12,9:39:26.280094351,T,91.52,100,91.6,100,TGT
2025-11-12,9:39:26.280124420,T,91.52,200,91.6,100,TGT
2025-11-12,9:39:26.280214622,T,91.52,100,91.6,100,TGT
2025-11-12,9:39:26.280239758,T,91.52,200,91.6,100,TGT
2025-11-12,9:39:26.280600642,T,91.52,100,91.6,100,TGT
2025-11-12,9:39:26.280670720,T,91.52,200,91.6,100,TGT
2025-11-12,9:39:26.280705880,T,91.54,100,91.6,100,TGT
2025-11-12,9:39:26.281467690,T,91.54,100,91.65,100,TGT
2025-11-12,9:39:26.281708167,T,91.57,100,91.65,100,TGT
2025-11-12,9:39:26.282264501,T,91.54,100,91.65,100,TGT
2025-11-12,9:39:26.282289569,T,91.52,200,91.65,100,TGT
2025-11-12,9:39:26.282314656,T,91.54,100,91.65,100,TGT
2025-11-12,9:39:26.480176144,T,91.54,100,91.68,100,TGT
2025-11-12,9:39:29.472384610,T,91.55,100,91.68,100,TGT
2025-11-12,9:39:29.472389586,T,91.56,100,91.68,100,TGT
2025-11-12,9:39:29.472414609,T,91.57,100,91.68,100,TGT
2025-11-12,9:39:29.472419993,T,91.57,100,91.69,200,TGT
2025-11-12,9:39:29.472419993,T,91.56,100,91.69,200,TGT
2025-11-12,9:39:29.472419993,T,91.55,100,91.69,200,TGT
2025-11-12,9:39:29.472429639,T,91.56,100,91.69,200,TGT
2025-11-12,9:39:29.472440023,T,91.54,100,91.69,200,TGT
2025-11-12,9:39:29.472464802,T,91.55,100,91.69,200,TGT
2025-11-12,9:39:29.472464802,T,91.56,100,91.69,200,TGT
2025-11-12,9:39:29.472610111,T,91.58,100,91.69,200,TGT
2025-11-12,9:39:29.472635120,T,91.58,100,91.68,300,TGT
2025-11-12,9:39:29.472790624,T,91.58,100,91.69,500,TGT
2025-11-12,9:39:29.472920991,T,91.56,100,91.69,500,TGT
2025-11-12,9:39:29.472925994,T,91.56,100,91.68,300,TGT
2025-11-12,9:39:29.472950885,T,91.56,100,91.61,100,TGT
2025-11-12,9:39:29.472956109,T,91.54,100,91.61,100,TGT
2025-11-12,9:39:29.472985966,T,91.52,100,91.61,100,TGT
2025-11-12,9:39:29.472985966,T,91.54,100,91.61,100,TGT
2025-11-12,9:39:29.473001085,T,91.54,100,91.59,100,TGT
2025-11-12,9:39:29.473026051,T,91.52,100,91.59,100,TGT
2025-11-12,9:39:29.473026051,T,91.51,100,91.59,100,TGT
2025-11-12,9:39:29.473056394,T,91.51,100,91.59,200,TGT
2025-11-12,9:39:29.473061488,T,91.52,100,91.59,200,TGT
2025-11-12,9:39:29.473071172,T,91.52,100,91.59,100,TGT
2025-11-12,9:39:29.473076513,T,91.52,100,91.65,100,TGT
2025-11-12,9:39:29.473076513,T,91.51,100,91.65,100,TGT
2025-11-12,9:39:29.473091280,T,91.51,100,91.67,300,TGT
2025-11-12,9:39:29.473096317,T,91.52,100,91.67,300,TGT
2025-11-12,9:39:29.473101292,T,91.51,100,91.67,300,TGT
2025-11-12,9:39:29.473101292,T,91.52,100,91.67,300,TGT
2025-11-12,9:39:29.473106334,T,91.51,100,91.67,300,TGT
2025-11-12,9:39:29.473111254,T,91.52,100,91.67,300,TGT
2025-11-12,9:39:29.473111254,T,91.51,100,91.67,300,TGT
2025-11-12,9:39:29.473156430,T,91.52,100,91.67,300,TGT
2025-11-12,9:39:29.473176624,T,91.53,100,91.67,300,TGT
2025-11-12,9:39:29.473181474,T,91.52,100,91.67,300,TGT
2025-11-12,9:39:29.473241959,T,91.51,100,91.67,300,TGT
2025-11-12,9:39:29.473316753,T,91.52,100,91.67,300,TGT
2025-11-12,9:39:29.473316753,T,91.52,100,91.61,100,TGT
2025-11-12,9:39:29.473331877,T,91.51,100,91.61,100,TGT
2025-11-12,9:39:29.473401961,T,91.51,100,91.58,100,TGT
2025-11-12,9:39:29.473457096,T,91.51,100,91.61,100,TGT
2025-11-12,9:39:29.473662668,T,91.51,100,91.59,100,TGT
2025-11-12,9:39:29.473717718,T,91.56,100,91.59,100,TGT
2025-11-12,9:39:29.473728146,T,91.58,100,91.59,100,TGT
2025-11-12,9:39:29.473747787,T,91.53,100,91.59,100,TGT
2025-11-12,9:39:29.473762818,T,91.56,100,91.59,100,TGT
2025-11-12,9:39:29.473767834,T,91.52,100,91.59,100,TGT
2025-11-12,9:39:29.473777848,T,91.52,100,91.67,300,TGT
2025-11-12,9:39:29.473792937,T,91.51,100,91.67,300,TGT
2025-11-12,9:39:29.473812941,T,91.58,100,91.67,300,TGT
2025-11-12,9:39:29.473918733,T,91.51,100,91.67,300,TGT
2025-11-12,9:39:29.473943654,T,91.51,100,91.59,100,TGT
2025-11-12,9:39:29.473943654,T,91.51,100,91.58,100,TGT
2025-11-12,9:39:29.473953357,T,91.51,100,91.58,200,TGT
2025-11-12,9:39:29.474499589,T,91.51,100,91.58,100,TGT
2025-11-12,9:39:29.474524632,T,91.51,100,91.59,100,TGT
2025-11-12,9:39:29.474985819,T,91.51,100,91.67,300,TGT
2025-11-12,9:39:29.482659017,T,91.48,100,91.67,300,TGT
2025-11-12,9:39:31.969047455,T,91.51,100,91.67,300,TGT
2025-11-12,9:39:31.969212786,T,91.56,100,91.67,300,TGT
2025-11-12,9:39:31.969769177,T,91.54,100,91.67,300,TGT
2025-11-12,9:39:31.969784216,T,91.52,100,91.67,300,TGT
2025-11-12,9:39:31.969859391,T,91.52,100,91.68,100,TGT
2025-11-12,9:39:31.969934531,T,91.52,100,91.68,400,TGT
2025-11-12,9:39:31.972089722,T,91.51,100,91.68,400,TGT
2025-11-12,9:39:33.353159798,T,91.51,100,91.67,300,TGT
2025-11-12,9:39:33.798395474,T,91.51,100,91.68,400,TGT
2025-11-12,9:39:33.900207963,T,91.51,100,91.67,300,TGT
2025-11-12,9:39:34.867702958,T,91.51,100,91.68,400,TGT
2025-11-12,9:39:35.164309469,T,91.51,100,91.68,300,TGT
2025-11-12,9:39:35.164369622,T,91.54,100,91.68,300,TGT
2025-11-12,9:39:35.164509898,T,91.55,100,91.68,300,TGT
2025-11-12,9:39:35.164685357,T,91.57,100,91.68,300,TGT
2025-11-12,9:39:35.165692722,T,91.57,100,91.69,200,TGT
2025-11-12,9:39:35.165712791,T,91.55,100,91.69,200,TGT
2025-11-12,9:39:35.165727815,T,91.57,100,91.69,200,TGT
2025-11-12,9:39:35.166068649,T,91.55,100,91.69,200,TGT
2025-11-12,9:39:35.166559833,T,91.57,100,91.69,200,TGT
2025-11-12,9:39:35.167025935,T,91.55,100,91.69,200,TGT
2025-11-12,9:39:35.167206353,T,91.57,100,91.69,200,TGT
2025-11-12,9:39:35.167777676,T,91.55,100,91.69,200,TGT
2025-11-12,9:39:35.937952580,T,91.54,100,91.69,200,TGT
2025-11-12,9:39:35.937957593,T,91.55,100,91.69,200,TGT
2025-11-12,9:39:36.224906154,T,91.51,100,91.69,200,TGT
2025-11-12,9:39:38.232940014,T,91.48,100,91.69,200,TGT
2025-11-12,9:39:38.416472238,T,91.48,100,91.68,100,TGT
2025-11-12,9:39:38.871195599,T,91.51,100,91.68,100,TGT
2025-11-12,9:39:39.105869627,T,91.48,100,91.68,100,TGT
2025-11-12,9:39:41.548984973,T,91.48,100,91.63,100,TGT
2025-11-12,9:39:42.346810657,T,91.48,100,91.68,100,TGT
2025-11-12,9:39:46.112526996,T,91.48,100,91.63,100,TGT
2025-11-12,9:39:46.590881605,T,91.48,100,91.68,100,TGT
2025-11-12,9:39:48.332480570,T,91.48,100,91.69,200,TGT
2025-11-12,9:39:48.332480570,T,91.51,100,91.69,200,TGT
2025-11-12,9:39:48.332490621,T,91.55,100,91.69,200,TGT
2025-11-12,9:39:48.332500658,T,91.58,100,91.69,200,TGT
2025-11-12,9:39:48.332595916,T,91.58,200,91.69,200,TGT
2025-11-12,9:39:48.332595916,T,91.61,100,91.69,200,TGT
2025-11-12,9:39:48.333152164,T,91.58,200,91.69,200,TGT
2025-11-12,9:39:48.335121848,T,91.58,200,91.75,100,TGT
2025-11-12,9:39:48.432584023,T,91.58,100,91.75,100,TGT
2025-11-12,9:39:50.154195584,T,91.58,100,91.76,200,TGT
2025-11-12,9:39:50.880095140,T,91.58,200,91.76,200,TGT
2025-11-12,9:39:52.191679675,T,91.58,100,91.76,200,TGT
2025-11-12,9:39:52.305966872,T,91.58,200,91.76,200,TGT
2025-11-12,9:40:00.054220948,T,91.58,300,91.76,200,TGT
2025-11-12,9:40:00.168147291,T,91.6,100,91.76,200,TGT
2025-11-12,9:40:00.275212404,T,91.6,200,91.76,200,TGT
2025-11-12,9:40:00.982497520,T,91.6,100,91.76,200,TGT
2025-11-12,9:40:01.312984799,T,91.62,100,91.76,200,TGT
2025-11-12,9:40:01.313009902,T,91.65,100,91.76,200,TGT
2025-11-12,9:40:01.317620862,T,91.62,100,91.76,200,TGT
2025-11-12,9:40:01.317620862,T,91.65,100,91.76,200,TGT
2025-11-12,9:40:01.329058157,T,91.65,100,91.82,100,TGT
2025-11-12,9:40:01.329068147,T,91.65,100,91.82,300,TGT
2025-11-12,9:40:03.534346952,T,91.65,100,91.82,200,TGT
2025-11-12,9:40:03.534387059,T,91.65,100,91.76,100,TGT
2025-11-12,9:40:11.348783826,T,91.62,100,91.76,100,TGT
2025-11-12,9:40:11.348813938,T,91.62,100,91.72,100,TGT
2025-11-12,9:40:11.348838983,T,91.65,100,91.72,100,TGT
2025-11-12,9:40:11.349876408,T,91.65,100,91.76,100,TGT
2025-11-12,9:40:11.349901571,T,91.6,100,91.76,100,TGT
2025-11-12,9:40:11.349906528,T,91.61,100,91.76,100,TGT
2025-11-12,9:40:11.353815818,T,91.6,100,91.76,100,TGT
2025-11-12,9:40:12.650274620,T,91.6,100,91.72,100,TGT
2025-11-12,9:40:13.315409035,T,91.6,100,91.76,200,TGT
2025-11-12,9:40:13.315419266,T,91.6,100,91.76,100,TGT
2025-11-12,9:40:13.315444110,T,91.61,100,91.76,100,TGT
2025-11-12,9:40:13.315444110,T,91.62,100,91.76,100,TGT
2025-11-12,9:40:13.315449632,T,91.67,100,91.76,100,TGT
2025-11-12,9:40:13.315459370,T,91.68,100,91.76,100,TGT
2025-11-12,9:40:13.315464395,T,91.69,100,91.76,100,TGT
2025-11-12,9:40:13.315469223,T,91.68,100,91.76,100,TGT
2025-11-12,9:40:13.315479287,T,91.7,100,91.76,100,TGT
2025-11-12,9:40:13.316030530,T,91.69,100,91.76,100,TGT
2025-11-12,9:40:13.316205943,T,91.69,100,91.76,200,TGT
2025-11-12,9:40:13.316261067,T,91.65,100,91.76,200,TGT
2025-11-12,9:40:13.316356342,T,91.6,100,91.76,200,TGT
2025-11-12,9:40:13.316406447,T,91.62,100,91.76,200,TGT
2025-11-12,9:40:13.316496646,T,91.65,100,91.76,200,TGT
2025-11-12,9:40:13.316822429,T,91.62,100,91.76,200,TGT
2025-11-12,9:40:13.727976921,T,91.61,100,91.76,200,TGT
2025-11-12,9:40:13.998907387,T,91.62,100,91.76,200,TGT
2025-11-12,9:40:14.036366589,T,91.61,100,91.76,200,TGT
2025-11-12,9:40:14.037489260,T,91.68,100,91.76,200,TGT
2025-11-12,9:40:14.288472159,T,91.68,100,91.76,300,TGT
2025-11-12,9:40:14.588642250,T,91.68,100,91.76,200,TGT
2025-11-12,9:40:15.354326421,T,91.68,100,91.76,300,TGT
2025-11-12,9:40:16.027350078,T,91.62,100,91.76,300,TGT
2025-11-12,9:40:16.027354905,T,91.68,100,91.76,300,TGT
2025-11-12,9:40:16.690179015,T,91.68,100,91.76,200,TGT
2025-11-12,9:40:16.690249123,T,91.68,100,91.76,300,TGT
2025-11-12,9:40:16.694980494,T,91.65,100,91.76,300,TGT
2025-11-12,9:40:16.694980494,T,91.68,100,91.76,300,TGT
2025-11-12,9:40:17.556843591,T,91.65,100,91.76,300,TGT
2025-11-12,9:40:17.557164372,T,91.62,100,91.76,300,TGT
2025-11-12,9:40:17.557184414,T,91.62,100,91.75,100,TGT
2025-11-12,9:40:17.557224543,T,91.61,100,91.75,100,TGT
2025-11-12,9:40:17.557440020,T,91.6,100,91.75,100,TGT
2025-11-12,9:40:17.557670612,T,91.62,100,91.75,100,TGT
2025-11-12,9:40:17.558006391,T,91.6,100,91.75,100,TGT
2025-11-12,9:40:17.558402273,T,91.62,100,91.75,100,TGT
2025-11-12,9:40:17.558868465,T,91.6,100,91.75,100,TGT
2025-11-12,9:40:17.731489705,T,91.6,100,91.76,300,TGT
2025-11-12,9:40:17.731494676,T,91.62,100,91.76,300,TGT
2025-11-12,9:40:17.731494676,T,91.69,100,91.76,300,TGT
2025-11-12,9:40:17.731554817,T,91.7,100,91.76,300,TGT
2025-11-12,9:40:17.731655040,T,91.7,100,91.76,200,TGT
2025-11-12,9:40:17.732381764,T,91.69,100,91.76,200,TGT
2025-11-12,9:40:17.732406894,T,91.68,100,91.76,200,TGT
2025-11-12,9:40:17.732431931,T,91.69,100,91.76,200,TGT
2025-11-12,9:40:17.831688412,T,91.62,100,91.76,200,TGT
2025-11-12,9:40:17.931631509,T,91.61,100,91.76,200,TGT
2025-11-12,9:40:23.697222132,T,91.61,100,91.76,100,TGT
2025-11-12,9:40:23.697222132,T,91.61,100,91.82,300,TGT
2025-11-12,9:40:23.697227155,T,91.65,100,91.82,300,TGT
2025-11-12,9:40:23.697247180,T,91.65,100,91.82,200,TGT
2025-11-12,9:40:23.697257287,T,91.7,100,91.82,200,TGT
2025-11-12,9:40:23.697277308,T,91.72,100,91.82,200,TGT
2025-11-12,9:40:23.697282410,T,91.74,100,91.82,200,TGT
2025-11-12,9:40:23.697763597,T,91.74,100,91.9,100,TGT
2025-11-12,9:40:23.697773464,T,91.74,100,91.86,200,TGT
2025-11-12,9:40:23.697838609,T,91.72,100,91.86,200,TGT
2025-11-12,9:40:23.725674940,T,91.73,100,91.86,200,TGT
2025-11-12,9:40:23.725699991,T,91.74,100,91.86,200,TGT
2025-11-12,9:40:23.725709995,T,91.73,100,91.86,200,TGT
2025-11-12,9:40:23.733012397,T,91.74,100,91.86,200,TGT
2025-11-12,9:40:24.462791135,T,91.75,100,91.86,200,TGT
2025-11-12,9:40:24.462826114,T,91.76,100,91.86,200,TGT
2025-11-12,9:40:24.462881256,T,91.75,100,91.86,200,TGT
2025-11-12,9:40:24.463121923,T,91.74,100,91.86,200,TGT
2025-11-12,9:40:24.463332384,T,91.72,100,91.86,200,TGT
2025-11-12,9:40:24.463668192,T,91.71,100,91.86,200,TGT
2025-11-12,9:40:24.463948873,T,91.7,100,91.86,200,TGT
2025-11-12,9:40:24.485785901,T,91.71,100,91.86,200,TGT
2025-11-12,9:40:26.770423797,T,91.7,100,91.86,200,TGT
2025-11-12,9:40:26.931312111,T,91.71,100,91.86,200,TGT
2025-11-12,9:40:29.105807551,T,91.72,100,91.86,200,TGT
2025-11-12,9:40:29.380306889,T,91.71,100,91.86,200,TGT
2025-11-12,9:40:30.163667678,T,91.74,100,91.86,200,TGT
2025-11-12,9:40:30.768669069,T,91.76,100,91.86,200,TGT
2025-11-12,9:40:32.414053892,T,91.72,100,91.86,200,TGT
2025-11-12,9:40:32.422589321,T,91.71,100,91.86,200,TGT
2025-11-12,9:40:33.832708561,T,91.72,100,91.86,200,TGT
2025-11-12,9:40:33.836848414,T,91.71,100,91.86,200,TGT
2025-11-12,9:40:43.250685650,T,91.71,100,91.86,300,TGT
2025-11-12,9:40:43.250695685,T,91.71,100,91.85,100,TGT
2025-11-12,9:40:43.250695685,T,91.71,100,91.79,100,TGT
2025-11-12,9:40:43.250835953,T,91.7,100,91.79,100,TGT
2025-11-12,9:40:43.251251946,T,91.7,100,91.86,200,TGT
2025-11-12,9:40:43.252013846,T,91.7,100,91.84,100,TGT
2025-11-12,9:40:43.281173291,T,91.72,100,91.84,100,TGT
2025-11-12,9:40:43.317113872,T,91.72,100,91.86,200,TGT
2025-11-12,9:40:43.320075903,T,91.74,100,91.86,200,TGT
2025-11-12,9:40:45.002238633,T,91.72,100,91.86,200,TGT
2025-11-12,9:40:45.002258606,T,91.72,100,91.8,100,TGT
2025-11-12,9:40:45.002268638,T,91.71,100,91.8,100,TGT
2025-11-12,9:40:45.002373838,T,91.7,100,91.8,100,TGT
2025-11-12,9:40:45.003546670,T,91.7,100,91.86,200,TGT
2025-11-12,9:40:45.022772534,T,91.7,100,91.85,100,TGT
2025-11-12,9:40:45.022812639,T,91.7,100,91.86,300,TGT
2025-11-12,9:40:45.022817860,T,91.7,100,91.85,100,TGT
2025-11-12,9:40:45.023168443,T,91.7,100,91.86,200,TGT
2025-11-12,9:40:53.346612548,T,91.7,100,91.9,100,TGT
2025-11-12,9:40:53.632894633,T,91.71,100,91.9,100,TGT
2025-11-12,9:40:53.730552338,T,91.7,100,91.9,100,TGT
2025-11-12,9:40:54.121794478,T,91.71,100,91.9,100,TGT
2025-11-12,9:40:54.121794478,T,91.7,100,91.9,100,TGT
2025-11-12,9:40:54.121799555,T,91.72,100,91.9,100,TGT
2025-11-12,9:40:54.121804453,T,91.77,100,91.9,100,TGT
2025-11-12,9:40:54.122009947,T,91.77,200,91.9,100,TGT
2025-11-12,9:40:54.122365772,T,91.77,100,91.9,100,TGT
2025-11-12,9:40:55.679560588,T,91.77,100,91.89,100,TGT
2025-11-12,9:40:56.663675078,T,91.72,100,91.89,100,TGT
2025-11-12,9:40:56.663700019,T,91.72,100,91.86,100,TGT
2025-11-12,9:40:56.663725151,T,91.7,100,91.86,100,TGT
2025-11-12,9:40:56.663760193,T,91.7,100,91.84,100,TGT
2025-11-12,9:40:56.664131096,T,91.7,100,91.82,100,TGT
2025-11-12,9:40:56.664136146,T,91.7,100,91.84,100,TGT
2025-11-12,9:40:56.664346602,T,91.7,100,91.83,100,TGT
2025-11-12,9:40:56.664522043,T,91.72,100,91.83,100,TGT
2025-11-12,9:40:56.664597167,T,91.75,100,91.83,100,TGT
2025-11-12,9:40:56.814569519,T,91.7,100,91.83,100,TGT
2025-11-12,9:40:56.814594588,T,91.76,100,91.83,100,TGT
2025-11-12,9:40:57.332884174,T,91.76,100,91.89,100,TGT
2025-11-12,9:40:58.784352039,T,91.7,100,91.89,100,TGT
2025-11-12,9:40:58.784377143,T,91.77,100,91.89,100,TGT
2025-11-12,9:40:58.785153962,T,91.77,100,91.86,100,TGT
2025-11-12,9:40:59.470065639,T,91.7,100,91.86,100,TGT
2025-11-12,9:40:59.470100831,T,91.7,100,91.85,100,TGT
2025-11-12,9:40:59.470105837,T,91.7,100,91.83,100,TGT
2025-11-12,9:40:59.470110771,T,91.7,100,91.82,100,TGT
2025-11-12,9:40:59.470306268,T,91.7,100,91.8,100,TGT
2025-11-12,9:40:59.473047759,T,91.7,100,91.82,100,TGT
2025-11-12,9:40:59.494523987,T,91.72,100,91.82,100,TGT
2025-11-12,9:40:59.670438104,T,91.72,100,91.83,100,TGT
2025-11-12,9:40:59.670463179,T,91.72,100,91.85,100,TGT
2025-11-12,9:40:59.670538332,T,91.72,100,91.86,100,TGT
2025-11-12,9:40:59.670573381,T,91.72,100,91.85,100,TGT
2025-11-12,9:41:00.028977205,T,91.72,100,91.86,100,TGT
2025-11-12,9:41:00.060311941,T,91.75,100,91.86,100,TGT
2025-11-12,9:41:00.814243071,T,91.75,100,91.85,100,TGT
2025-11-12,9:41:01.460171959,T,91.75,100,91.86,100,TGT
2025-11-12,9:41:05.913315839,T,91.72,100,91.86,100,TGT
2025-11-12,9:41:05.913370927,T,91.72,100,91.89,100,TGT
2025-11-12,9:41:05.913451205,T,91.7,100,91.89,100,TGT
2025-11-12,9:41:06.000278036,T,91.72,100,91.89,100,TGT
2025-11-12,9:41:06.022200193,T,91.72,100,91.86,100,TGT
2025-11-12,9:41:06.022621250,T,91.72,100,91.85,100,TGT
2025-11-12,9:41:06.022651281,T,91.72,100,91.86,100,TGT
2025-11-12,9:41:06.022866793,T,91.72,100,91.84,100,TGT
2025-11-12,9:41:06.072109095,T,91.72,100,91.85,100,TGT
2025-11-12,9:41:06.122459135,T,91.72,100,91.86,100,TGT
2025-11-12,9:41:11.717097575,T,91.75,100,91.86,100,TGT
2025-11-12,9:41:11.717398337,T,91.7,100,91.86,100,TGT
2025-11-12,9:41:11.717463483,T,91.7,100,91.89,100,TGT
2025-11-12,9:41:12.719460610,T,91.72,100,91.89,100,TGT
2025-11-12,9:41:15.444933651,T,91.75,100,91.89,100,TGT
2025-11-12,9:41:15.663043330,T,91.78,100,91.89,100,TGT
2025-11-12,9:41:15.663604638,T,91.75,100,91.89,100,TGT
2025-11-12,9:41:15.663965452,T,91.72,100,91.89,100,TGT
2025-11-12,9:41:15.663985560,T,91.72,100,91.86,100,TGT
2025-11-12,9:41:15.663990566,T,91.75,100,91.86,100,TGT
2025-11-12,9:41:15.663995533,T,91.75,100,91.85,100,TGT
2025-11-12,9:41:15.664005545,T,91.75,100,91.86,100,TGT
2025-11-12,9:41:15.668761867,T,91.77,100,91.86,100,TGT
2025-11-12,9:41:15.668782196,T,91.75,100,91.86,100,TGT
2025-11-12,9:41:15.695014408,T,91.72,100,91.86,100,TGT
2025-11-12,9:41:15.695039546,T,91.72,100,91.85,100,TGT
2025-11-12,9:41:15.695039546,T,91.75,100,91.85,100,TGT
2025-11-12,9:41:15.695059576,T,91.75,100,91.86,100,TGT
2025-11-12,9:41:15.695510629,T,91.72,100,91.86,100,TGT
2025-11-12,9:41:15.695961663,T,91.75,100,91.86,100,TGT
2025-11-12,9:41:15.726614702,T,91.76,100,91.86,100,TGT
2025-11-12,9:41:15.895281518,T,91.76,100,91.89,100,TGT
2025-11-12,9:41:15.965193111,T,91.77,100,91.89,100,TGT
2025-11-12,9:41:15.965218151,T,91.75,100,91.89,100,TGT
2025-11-12,9:41:16.055147390,T,91.72,100,91.89,100,TGT
2025-11-12,9:41:16.055172488,T,91.75,100,91.89,100,TGT
2025-11-12,9:41:16.733508528,T,91.72,100,91.89,100,TGT
2025-11-12,9:41:16.733508528,T,91.75,100,91.89,100,TGT
2025-11-12,9:41:18.453636588,T,91.75,100,91.86,100,TGT
2025-11-12,9:41:18.453641488,T,91.72,100,91.86,100,TGT
2025-11-12,9:41:18.453676832,T,91.72,100,91.85,100,TGT
2025-11-12,9:41:18.453676832,T,91.71,100,91.85,100,TGT
2025-11-12,9:41:18.453681678,T,91.7,100,91.85,100,TGT
2025-11-12,9:41:18.453701651,T,91.7,100,91.86,100,TGT
2025-11-12,9:41:18.653728228,T,91.7,100,91.89,100,TGT
2025-11-12,9:41:22.394369774,T,91.7,100,91.86,100,TGT
2025-11-12,9:41:22.394379795,T,91.7,100,91.85,100,TGT
2025-11-12,9:41:22.394404927,T,91.7,100,91.84,100,TGT
2025-11-12,9:41:22.394410194,T,91.68,100,91.84,100,TGT
2025-11-12,9:41:22.394410194,T,91.68,100,91.85,100,TGT
2025-11-12,9:41:22.394419885,T,91.68,100,91.84,100,TGT
2025-11-12,9:41:22.394434911,T,91.68,100,91.83,100,TGT
2025-11-12,9:41:22.394434911,T,91.68,100,91.79,100,TGT
