DATE,TIME_M,EX,BID,BIDSIZ,ASK,ASKSIZ,SYM_ROOT
2025-11-10,9:30:00.299214801,T,91.3,300,92.23,400,TGT
2025-11-10,9:30:01.314163166,T,91.42,200,92.23,400,TGT
2025-11-10,9:30:02.318827063,T,91.42,300,92.23,400,TGT
2025-11-10,9:30:02.318896972,T,91.42,200,92.23,400,TGT
2025-11-10,9:30:02.319132572,T,91.42,200,92.0,100,TGT
2025-11-10,9:30:02.319147618,T,91.42,200,92.0,200,TGT
2025-11-10,9:30:02.319257905,T,91.3,300,92.0,200,TGT
2025-11-10,9:30:03.313606459,T,91.3,300,92.0,100,TGT
2025-11-10,9:30:03.313611479,T,91.3,300,92.23,400,TGT
2025-11-10,9:30:03.313631623,T,91.92,100,92.23,400,TGT
2025-11-10,9:30:03.313631623,T,91.96,100,92.23,400,TGT
2025-11-10,9:30:03.313701761,T,91.96,100,92.09,100,TGT
2025-11-10,9:30:03.313786909,T,91.96,100,92.23,400,TGT
2025-11-10,9:30:03.314914604,T,91.92,100,92.23,400,TGT
2025-11-10,9:30:03.413654896,T,91.3,300,92.23,400,TGT
2025-11-10,9:30:05.313916928,T,91.3,300,92.23,500,TGT
2025-11-10,9:30:05.313957064,T,91.3,300,92.23,400,TGT
2025-11-10,9:30:05.375283154,T,91.3,300,92.15,100,TGT
2025-11-10,9:30:05.375308232,T,91.3,300,92.12,100,TGT
2025-11-10,9:30:05.375318308,T,91.3,300,92.15,100,TGT
2025-11-10,9:30:05.375328222,T,91.3,300,92.11,100,TGT
2025-11-10,9:30:05.375704087,T,91.3,300,92.15,100,TGT
2025-11-10,9:30:05.395280776,T,91.3,300,92.23,400,TGT
2025-11-10,9:30:46.438898496,T,91.48,100,92.23,400,TGT
2025-11-10,9:30:46.439023769,T,91.3,300,92.23,400,TGT
2025-11-10,9:30:51.127493776,T,91.3,300,92.23,200,TGT
2025-11-10,9:30:51.127493776,T,91.3,300,92.9,500,TGT
2025-11-10,9:30:51.127518827,T,92.05,100,92.9,500,TGT
2025-11-10,9:30:51.128847033,T,91.88,200,92.9,500,TGT
2025-11-10,9:30:51.134465547,T,91.88,100,92.9,500,TGT
2025-11-10,9:30:51.134470422,T,91.38,100,92.9,500,TGT
2025-11-10,9:30:51.227572221,T,91.3,300,92.9,500,TGT
2025-11-10,9:30:51.566835545,T,92.1,100,92.9,500,TGT
2025-11-10,9:30:51.577320503,T,91.3,300,92.9,500,TGT
2025-11-10,9:30:55.101757297,T,92.23,100,92.9,500,TGT
2025-11-10,9:30:55.101797292,T,91.3,300,92.9,500,TGT
2025-11-10,9:30:55.101837336,T,91.37,100,92.9,500,TGT
2025-11-10,9:30:55.101882510,T,91.3,300,92.9,500,TGT
2025-11-10,9:30:55.101962737,T,91.37,100,92.9,500,TGT
2025-11-10,9:30:55.101997745,T,91.3,300,92.9,500,TGT
2025-11-10,9:30:55.102228280,T,91.44,100,92.9,500,TGT
2025-11-10,9:30:55.102243309,T,91.3,300,92.9,500,TGT
2025-11-10,9:30:55.111580600,T,91.37,100,92.9,500,TGT
2025-11-10,9:30:55.111585610,T,92.23,100,92.9,500,TGT
2025-11-10,9:30:55.111625655,T,91.37,100,92.9,500,TGT
2025-11-10,9:30:55.111700931,T,91.3,300,92.9,500,TGT
2025-11-10,9:30:55.111711275,T,91.37,100,92.9,500,TGT
2025-11-10,9:30:55.111711275,T,91.81,100,92.9,500,TGT
2025-11-10,9:30:55.111715954,T,92.36,100,92.9,500,TGT
2025-11-10,9:30:55.111725931,T,92.24,100,92.9,500,TGT
2025-11-10,9:30:55.111735943,T,91.7,100,92.9,500,TGT
2025-11-10,9:30:55.111961507,T,92.23,100,92.9,500,TGT
2025-11-10,9:30:55.111966586,T,92.28,100,92.9,500,TGT
2025-11-10,9:30:55.112016648,T,91.7,100,92.9,500,TGT
2025-11-10,9:30:55.112598024,T,92.39,100,92.9,500,TGT
2025-11-10,9:30:55.121589455,T,91.37,100,92.9,500,TGT
2025-11-10,9:30:55.121664624,T,91.7,100,92.9,500,TGT
2025-11-10,9:30:55.121664624,T,91.92,100,92.9,500,TGT
2025-11-10,9:30:55.121674620,T,92.24,100,92.9,500,TGT
2025-11-10,9:30:55.121734839,T,92.03,100,92.9,500,TGT
2025-11-10,9:30:55.121764884,T,91.59,100,92.9,500,TGT
2025-11-10,9:30:55.122762261,T,91.37,100,92.9,500,TGT
2025-11-10,9:30:55.122797334,T,91.32,100,92.9,500,TGT
2025-11-10,9:30:55.122852502,T,91.3,300,92.9,500,TGT
2025-11-10,9:30:55.132821196,T,91.59,100,92.9,500,TGT
2025-11-10,9:30:55.132971550,T,91.3,300,92.9,500,TGT
2025-11-10,9:30:55.204852841,T,91.59,100,92.9,500,TGT
2025-11-10,9:30:55.205499276,T,91.3,300,92.9,500,TGT
2025-11-10,9:30:55.207714566,T,91.59,100,92.9,500,TGT
2025-11-10,9:30:55.208175716,T,91.3,300,92.9,500,TGT
2025-11-10,9:30:55.247950404,T,91.59,100,92.9,500,TGT
2025-11-10,9:30:55.248441609,T,91.3,300,92.9,500,TGT
2025-11-10,9:30:55.292145782,T,91.59,100,92.9,500,TGT
2025-11-10,9:30:55.292641955,T,91.3,300,92.9,500,TGT
2025-11-10,9:30:55.294852165,T,91.59,100,92.9,500,TGT
2025-11-10,9:30:55.295318319,T,91.3,300,92.9,500,TGT
2025-11-10,9:31:01.241324216,T,91.6,200,92.9,500,TGT
2025-11-10,9:31:08.276554719,T,91.3,300,92.9,500,TGT
2025-11-10,9:31:08.276564769,T,91.8,200,92.9,500,TGT
2025-11-10,9:31:08.532639813,T,91.8,200,92.85,200,TGT
2025-11-10,9:31:23.215615615,T,91.8,200,92.85,200,TGT
2025-11-10,9:31:23.216768279,T,91.8,200,92.67,100,TGT
2025-11-10,9:31:23.227774574,T,91.8,200,92.6,100,TGT
2025-11-10,9:31:23.231057314,T,91.8,200,92.67,100,TGT
2025-11-10,9:31:23.231102530,T,91.8,200,92.64,100,TGT
2025-11-10,9:31:23.234971739,T,91.8,200,92.48,100,TGT
2025-11-10,9:31:23.234991685,T,91.8,200,92.64,100,TGT
2025-11-10,9:31:23.240495137,T,92.27,100,92.64,100,TGT
2025-11-10,9:31:23.240845636,T,92.31,100,92.64,100,TGT
2025-11-10,9:31:23.240865742,T,92.27,100,92.64,100,TGT
2025-11-10,9:31:23.241106359,T,92.27,100,92.67,100,TGT
2025-11-10,9:31:23.241136746,T,92.27,100,92.48,200,TGT
2025-11-10,9:31:23.241351993,T,92.27,100,92.64,100,TGT
2025-11-10,9:31:23.241371906,T,92.31,100,92.64,100,TGT
2025-11-10,9:31:23.241381951,T,92.27,100,92.64,100,TGT
2025-11-10,9:31:23.241402343,T,92.27,200,92.64,100,TGT
2025-11-10,9:31:23.241402343,T,92.27,200,92.58,100,TGT
2025-11-10,9:31:23.241437114,T,92.31,100,92.58,100,TGT
2025-11-10,9:31:23.241452157,T,92.31,100,92.64,100,TGT
2025-11-10,9:31:23.241452157,T,92.31,100,92.58,100,TGT
2025-11-10,9:31:23.241472234,T,92.27,200,92.58,100,TGT
2025-11-10,9:31:23.241497199,T,92.27,200,92.55,100,TGT
2025-11-10,9:31:23.241562337,T,92.27,200,92.47,100,TGT
2025-11-10,9:31:23.241602449,T,92.27,200,92.47,200,TGT
2025-11-10,9:31:23.241617474,T,92.27,200,92.47,500,TGT
2025-11-10,9:31:23.241622565,T,92.27,200,92.47,800,TGT
2025-11-10,9:31:23.241637554,T,92.27,200,92.47,1000,TGT
2025-11-10,9:31:23.241657661,T,92.27,200,92.47,1100,TGT
2025-11-10,9:31:23.241843190,T,92.27,200,92.47,1000,TGT
2025-11-10,9:31:23.241848051,T,92.27,200,92.46,1000,TGT
2025-11-10,9:31:23.242083673,T,92.27,200,92.46,1100,TGT
2025-11-10,9:31:23.244013235,T,92.27,200,92.46,1000,TGT
2025-11-10,9:31:23.244013235,T,92.27,200,92.46,400,TGT
2025-11-10,9:31:23.244018217,T,92.27,200,92.46,100,TGT
2025-11-10,9:31:23.244018217,T,92.27,200,92.69,100,TGT
2025-11-10,9:31:23.244028209,T,92.27,200,92.83,100,TGT
2025-11-10,9:31:23.244038321,T,92.42,100,92.83,100,TGT
2025-11-10,9:31:23.244063341,T,92.34,100,92.83,100,TGT
2025-11-10,9:31:23.244063341,T,92.34,100,92.68,100,TGT
2025-11-10,9:31:23.244068420,T,92.34,100,92.58,100,TGT
2025-11-10,9:31:23.244103385,T,92.34,100,92.65,100,TGT
2025-11-10,9:31:23.244294012,T,92.34,100,92.69,200,TGT
2025-11-10,9:31:23.244303999,T,92.42,100,92.69,200,TGT
2025-11-10,9:31:23.244318995,T,92.42,200,92.69,200,TGT
2025-11-10,9:31:23.244348979,T,92.42,200,92.69,100,TGT
2025-11-10,9:31:23.244374094,T,92.46,100,92.69,100,TGT
2025-11-10,9:31:23.244389450,T,92.42,200,92.69,100,TGT
2025-11-10,9:31:23.244394110,T,92.46,100,92.69,100,TGT
2025-11-10,9:31:23.244394110,T,92.42,200,92.69,100,TGT
2025-11-10,9:31:23.244474602,T,92.42,100,92.69,100,TGT
2025-11-10,9:31:23.244499472,T,92.34,100,92.69,100,TGT
2025-11-10,9:31:23.244504429,T,92.34,100,92.69,200,TGT
2025-11-10,9:31:23.244504429,T,92.34,100,92.58,100,TGT
2025-11-10,9:31:23.244534450,T,92.34,100,92.69,200,TGT
2025-11-10,9:31:23.244539432,T,92.34,100,92.69,100,TGT
2025-11-10,9:31:23.244564597,T,92.42,100,92.69,100,TGT
2025-11-10,9:31:23.244684903,T,92.42,200,92.69,100,TGT
2025-11-10,9:31:23.244750015,T,92.55,100,92.69,100,TGT
2025-11-10,9:31:23.244754993,T,92.55,100,92.69,200,TGT
2025-11-10,9:31:23.244805133,T,92.42,200,92.69,200,TGT
2025-11-10,9:31:23.244815107,T,92.42,200,92.65,100,TGT
2025-11-10,9:31:23.244815107,T,92.42,200,92.59,100,TGT
2025-11-10,9:31:23.244835240,T,92.42,100,92.59,100,TGT
2025-11-10,9:31:23.244845382,T,92.42,100,92.65,100,TGT
2025-11-10,9:31:23.244865292,T,92.42,200,92.65,100,TGT
2025-11-10,9:31:23.244900769,T,92.45,100,92.65,100,TGT
2025-11-10,9:31:23.244900769,T,92.45,100,92.68,100,TGT
2025-11-10,9:31:23.244940752,T,92.45,100,92.68,200,TGT
2025-11-10,9:31:23.244970892,T,92.46,100,92.68,200,TGT
2025-11-10,9:31:23.244975522,T,92.45,100,92.68,200,TGT
2025-11-10,9:31:23.244990593,T,92.42,200,92.68,200,TGT
2025-11-10,9:31:23.245256496,T,92.42,200,92.68,100,TGT
2025-11-10,9:31:23.245291315,T,92.42,200,92.65,100,TGT
2025-11-10,9:31:23.245306616,T,92.42,200,92.65,200,TGT
2025-11-10,9:31:23.245361498,T,92.42,200,92.65,300,TGT
2025-11-10,9:31:23.245371414,T,92.42,100,92.65,300,TGT
2025-11-10,9:31:23.245396579,T,92.27,200,92.65,300,TGT
2025-11-10,9:31:23.245421565,T,92.27,200,92.65,200,TGT
2025-11-10,9:31:23.245441682,T,92.28,100,92.65,200,TGT
2025-11-10,9:31:23.245452032,T,92.28,100,92.62,100,TGT
2025-11-10,9:31:23.245466825,T,92.28,200,92.62,100,TGT
2025-11-10,9:31:23.245496709,T,92.28,200,92.65,100,TGT
2025-11-10,9:31:23.245516825,T,92.45,100,92.65,100,TGT
2025-11-10,9:31:23.245586922,T,92.45,100,92.62,100,TGT
2025-11-10,9:31:23.245612066,T,92.28,200,92.62,100,TGT
2025-11-10,9:31:23.245657199,T,92.45,100,92.62,100,TGT
2025-11-10,9:31:23.245712245,T,92.45,100,92.69,100,TGT
2025-11-10,9:31:23.245752483,T,92.38,100,92.69,100,TGT
2025-11-10,9:31:23.245752483,T,92.45,100,92.69,100,TGT
2025-11-10,9:31:23.245772759,T,92.54,100,92.69,100,TGT
2025-11-10,9:31:23.245912758,T,92.42,100,92.69,100,TGT
2025-11-10,9:31:23.246699576,T,92.42,100,92.7,100,TGT
2025-11-10,9:31:23.246754904,T,92.42,100,92.74,200,TGT
2025-11-10,9:31:23.247025399,T,92.41,100,92.74,200,TGT
2025-11-10,9:31:23.247025399,T,92.42,100,92.74,200,TGT
2025-11-10,9:31:23.248749600,T,92.41,100,92.74,200,TGT
2025-11-10,9:31:23.248769587,T,92.41,100,92.7,100,TGT
2025-11-10,9:31:23.248809694,T,92.41,100,92.74,200,TGT
2025-11-10,9:31:23.248829698,T,92.42,100,92.74,200,TGT
2025-11-10,9:31:23.248829698,T,92.46,100,92.74,200,TGT
2025-11-10,9:31:23.248849974,T,92.42,100,92.74,200,TGT
2025-11-10,9:31:23.248854808,T,92.46,100,92.74,200,TGT
2025-11-10,9:31:23.249005123,T,92.46,100,92.7,100,TGT
2025-11-10,9:31:23.249020188,T,92.42,100,92.7,100,TGT
2025-11-10,9:31:23.249070263,T,92.42,100,92.74,200,TGT
2025-11-10,9:31:23.249090366,T,92.46,100,92.74,200,TGT
2025-11-10,9:31:23.249581619,T,92.46,100,92.7,100,TGT
2025-11-10,9:31:23.250187965,T,92.42,100,92.7,100,TGT
2025-11-10,9:31:23.254568329,T,92.46,100,92.7,100,TGT
2025-11-10,9:31:23.265449314,T,92.46,100,92.85,100,TGT
2025-11-10,9:31:23.287832609,T,92.46,100,92.89,100,TGT
2025-11-10,9:31:23.287857638,T,92.5,100,92.89,100,TGT
2025-11-10,9:31:23.287887770,T,92.56,100,92.89,100,TGT
2025-11-10,9:31:23.287958150,T,92.56,100,92.7,100,TGT
2025-11-10,9:31:23.287967916,T,92.46,100,92.7,100,TGT
2025-11-10,9:31:23.288073154,T,92.46,100,92.85,100,TGT
2025-11-10,9:31:23.288073154,T,92.46,100,92.89,100,TGT
2025-11-10,9:31:23.288098305,T,92.5,100,92.89,100,TGT
2025-11-10,9:31:23.288118301,T,92.5,100,92.85,100,TGT
2025-11-10,9:31:23.288378999,T,92.58,100,92.85,100,TGT
2025-11-10,9:31:23.288384251,T,92.64,100,92.85,100,TGT
2025-11-10,9:31:23.288398939,T,92.58,100,92.85,100,TGT
2025-11-10,9:31:23.288579344,T,92.66,100,92.85,100,TGT
2025-11-10,9:31:23.288624852,T,92.58,100,92.85,100,TGT
2025-11-10,9:31:23.288659603,T,92.46,100,92.85,100,TGT
2025-11-10,9:31:23.288669615,T,92.5,100,92.85,100,TGT
2025-11-10,9:31:23.288880112,T,92.46,200,92.85,100,TGT
2025-11-10,9:31:23.288915202,T,92.46,200,92.8,100,TGT
2025-11-10,9:31:23.288955682,T,92.46,200,92.8,200,TGT
2025-11-10,9:31:23.288955682,T,92.46,200,92.8,100,TGT
2025-11-10,9:31:23.288995336,T,92.46,200,92.8,200,TGT
2025-11-10,9:31:23.290253364,T,92.46,100,92.8,200,TGT
2025-11-10,9:31:23.290273415,T,92.41,100,92.8,200,TGT
2025-11-10,9:31:23.290288720,T,92.56,100,92.8,200,TGT
2025-11-10,9:31:23.293651440,T,92.56,200,92.8,200,TGT
2025-11-10,9:31:23.293731710,T,92.56,100,92.8,200,TGT
2025-11-10,9:31:23.293912141,T,92.56,100,92.8,100,TGT
2025-11-10,9:31:23.293972279,T,92.56,100,92.85,100,TGT
2025-11-10,9:31:23.293987292,T,92.56,100,92.89,100,TGT
2025-11-10,9:31:23.294032342,T,92.56,100,92.85,100,TGT
2025-11-10,9:31:23.317498287,T,92.62,100,92.85,100,TGT
2025-11-10,9:31:23.317743924,T,92.62,100,92.89,100,TGT
2025-11-10,9:31:23.317743924,T,92.62,200,92.89,100,TGT
2025-11-10,9:31:23.320299924,T,92.62,300,92.89,100,TGT
2025-11-10,9:31:23.322515246,T,92.62,200,92.89,100,TGT
2025-11-10,9:31:23.327081161,T,92.62,200,92.9,600,TGT
2025-11-10,9:31:23.327081161,T,92.62,200,92.9,500,TGT
2025-11-10,9:31:23.327106176,T,92.67,100,92.9,500,TGT
2025-11-10,9:31:23.327111231,T,92.71,100,92.9,500,TGT
2025-11-10,9:31:23.327131273,T,92.76,100,92.9,500,TGT
2025-11-10,9:31:23.327311721,T,92.76,100,92.9,600,TGT
2025-11-10,9:31:23.332293596,T,92.7,100,92.9,600,TGT
2025-11-10,9:31:23.336964697,T,92.41,100,92.9,600,TGT
2025-11-10,9:31:23.337004755,T,92.72,100,92.9,600,TGT
2025-11-10,9:31:23.344748193,T,92.41,100,92.9,600,TGT
2025-11-10,9:31:23.344783298,T,92.74,100,92.9,600,TGT
2025-11-10,9:31:23.344818462,T,92.74,100,92.9,100,TGT
2025-11-10,9:31:23.344818462,T,92.74,100,93.0,200,TGT
2025-11-10,9:31:23.344838434,T,92.86,100,93.0,200,TGT
2025-11-10,9:31:23.345715562,T,92.86,100,93.0,100,TGT
2025-11-10,9:31:23.345755585,T,92.86,100,93.11,200,TGT
2025-11-10,9:31:23.346156614,T,92.75,100,93.11,200,TGT
2025-11-10,9:31:23.346166730,T,92.75,100,93.01,200,TGT
2025-11-10,9:31:23.346211691,T,92.75,100,93.11,200,TGT
2025-11-10,9:31:23.346226733,T,92.99,100,93.11,200,TGT
2025-11-10,9:31:23.346231972,T,92.99,100,93.07,100,TGT
2025-11-10,9:31:23.346236806,T,92.99,100,93.01,300,TGT
2025-11-10,9:31:23.346256845,T,92.74,100,93.01,300,TGT
2025-11-10,9:31:23.346286870,T,92.74,100,93.01,400,TGT
2025-11-10,9:31:23.346302021,T,92.74,100,93.01,100,TGT
2025-11-10,9:31:23.346302021,T,92.74,100,92.99,100,TGT
2025-11-10,9:31:23.346302021,T,92.74,100,92.99,400,TGT
2025-11-10,9:31:23.346317067,T,92.74,100,92.99,500,TGT
2025-11-10,9:31:23.346321912,T,92.74,100,92.99,600,TGT
2025-11-10,9:31:23.346347068,T,92.74,100,92.99,700,TGT
2025-11-10,9:31:23.346372056,T,92.74,100,92.99,600,TGT
2025-11-10,9:31:23.346412141,T,92.74,100,92.99,500,TGT
2025-11-10,9:31:23.346412141,T,92.74,100,92.99,400,TGT
2025-11-10,9:31:23.346417131,T,92.74,100,92.99,200,TGT
2025-11-10,9:31:23.346417131,T,92.74,100,92.99,100,TGT
2025-11-10,9:31:23.346437201,T,92.75,100,92.99,100,TGT
2025-11-10,9:31:23.346442256,T,92.75,100,93.01,100,TGT
2025-11-10,9:31:23.346662765,T,92.75,100,92.99,100,TGT
2025-11-10,9:31:23.346753034,T,92.75,100,93.01,100,TGT
2025-11-10,9:31:23.346918421,T,92.75,100,93.0,100,TGT
2025-11-10,9:31:23.346933431,T,92.74,200,93.0,100,TGT
2025-11-10,9:31:23.346968549,T,92.75,100,93.0,100,TGT
2025-11-10,9:31:23.352216031,T,92.75,200,93.0,100,TGT
2025-11-10,9:31:23.381275286,T,92.75,100,93.0,100,TGT
2025-11-10,9:31:23.496850572,T,92.75,100,93.11,200,TGT
2025-11-10,9:31:23.496875633,T,92.75,200,93.11,200,TGT
2025-11-10,9:31:23.496875633,T,92.8,100,93.11,200,TGT
2025-11-10,9:31:23.496900644,T,92.75,200,93.11,200,TGT
2025-11-10,9:31:23.499742460,T,92.75,100,93.11,200,TGT
2025-11-10,9:31:23.499762594,T,92.5,100,93.11,200,TGT
2025-11-10,9:31:23.499777573,T,92.8,100,93.11,200,TGT
2025-11-10,9:31:23.626514509,T,92.8,100,93.0,100,TGT
2025-11-10,9:31:23.858612557,T,92.47,100,93.0,100,TGT
2025-11-10,9:31:23.858647569,T,92.81,100,93.0,100,TGT
2025-11-10,9:31:23.930503785,T,92.47,100,93.0,100,TGT
2025-11-10,9:31:23.930538968,T,92.82,100,93.0,100,TGT
2025-11-10,9:31:23.938427657,T,92.47,100,93.0,100,TGT
2025-11-10,9:31:23.938457741,T,92.84,100,93.0,100,TGT
2025-11-10,9:31:24.217652948,T,92.84,100,93.11,200,TGT
2025-11-10,9:31:24.217708139,T,92.84,200,93.11,200,TGT
2025-11-10,9:31:24.218775736,T,92.84,100,93.11,200,TGT
2025-11-10,9:31:24.220334363,T,92.5,100,93.11,200,TGT
2025-11-10,9:31:24.220369450,T,92.88,100,93.11,200,TGT
2025-11-10,9:31:25.927701704,T,92.47,100,93.11,200,TGT
2025-11-10,9:31:25.927736850,T,92.89,100,93.11,200,TGT
2025-11-10,9:31:26.866052184,T,92.89,400,93.11,200,TGT
2025-11-10,9:31:26.866112407,T,92.9,300,93.11,200,TGT
2025-11-10,9:31:26.866252705,T,92.89,400,93.11,200,TGT
2025-11-10,9:31:26.866252705,T,92.89,100,93.11,200,TGT
2025-11-10,9:31:26.866849148,T,92.9,400,93.11,200,TGT
2025-11-10,9:31:26.866949415,T,92.89,100,93.11,200,TGT
2025-11-10,9:31:26.867565801,T,92.9,300,93.11,200,TGT
2025-11-10,9:31:26.867651013,T,92.89,100,93.11,200,TGT
2025-11-10,9:31:26.869690937,T,92.47,100,93.11,200,TGT
2025-11-10,9:31:26.869726000,T,92.9,100,93.11,200,TGT
2025-11-10,9:31:27.302592304,T,92.9,200,93.11,200,TGT
2025-11-10,9:31:28.746903266,T,92.9,200,93.11,100,TGT
2025-11-10,9:31:28.746928308,T,92.91,300,93.11,100,TGT
2025-11-10,9:31:28.747033840,T,92.91,300,93.23,100,TGT
2025-11-10,9:31:28.747033840,T,92.91,300,93.24,300,TGT
2025-11-10,9:31:28.747068612,T,92.95,100,93.24,300,TGT
2025-11-10,9:31:28.747068612,T,92.99,100,93.24,300,TGT
2025-11-10,9:31:28.747078613,T,92.99,100,93.23,100,TGT
2025-11-10,9:31:28.747083667,T,93.01,100,93.23,100,TGT
2025-11-10,9:31:28.747449492,T,93.05,400,93.23,100,TGT
2025-11-10,9:31:28.747469558,T,93.05,400,93.24,300,TGT
2025-11-10,9:31:28.747750185,T,93.01,100,93.24,300,TGT
2025-11-10,9:31:28.747795374,T,92.95,100,93.24,300,TGT
2025-11-10,9:31:28.748121076,T,92.9,300,93.24,300,TGT
2025-11-10,9:31:28.749950477,T,92.9,200,93.24,300,TGT
2025-11-10,9:31:28.750501734,T,92.9,100,93.24,300,TGT
2025-11-10,9:31:28.766605092,T,92.99,200,93.24,300,TGT
2025-11-10,9:31:28.795443855,T,92.99,200,93.23,100,TGT
2025-11-10,9:31:29.339284499,T,92.99,200,93.24,300,TGT
2025-11-10,9:31:31.819834124,T,92.99,300,93.24,300,TGT
2025-11-10,9:31:34.470233540,T,93.09,100,93.24,300,TGT
2025-11-10,9:31:34.470248589,T,93.09,100,93.24,200,TGT
2025-11-10,9:31:34.470769810,T,93.14,100,93.24,200,TGT
2025-11-10,9:31:34.470804905,T,93.09,100,93.24,200,TGT
2025-11-10,9:31:34.470840070,T,93.09,100,93.23,100,TGT
2025-11-10,9:31:34.470865053,T,93.14,100,93.23,100,TGT
2025-11-10,9:31:34.470870108,T,93.14,100,93.23,200,TGT
2025-11-10,9:31:34.470885153,T,93.14,100,93.23,100,TGT
2025-11-10,9:31:34.470895139,T,93.09,100,93.23,100,TGT
2025-11-10,9:31:34.470895139,T,93.09,200,93.23,100,TGT
2025-11-10,9:31:34.470900226,T,93.09,200,93.23,200,TGT
2025-11-10,9:31:34.470915404,T,93.09,200,93.19,100,TGT
2025-11-10,9:31:34.470915404,T,93.09,100,93.19,100,TGT
2025-11-10,9:31:34.470960312,T,93.09,100,93.23,100,TGT
2025-11-10,9:31:34.470960312,T,93.09,100,93.24,300,TGT
2025-11-10,9:31:34.470965268,T,93.09,100,93.24,200,TGT
2025-11-10,9:31:34.470965268,T,93.09,100,93.29,400,TGT
2025-11-10,9:31:34.470965268,T,93.09,100,93.29,300,TGT
2025-11-10,9:31:34.470985504,T,93.2,100,93.29,300,TGT
2025-11-10,9:31:34.470990400,T,93.2,100,93.29,400,TGT
2025-11-10,9:31:34.471015701,T,93.2,100,93.29,500,TGT
2025-11-10,9:31:34.471020511,T,93.12,100,93.29,500,TGT
2025-11-10,9:31:34.471040549,T,93.12,100,93.23,100,TGT
2025-11-10,9:31:34.471055586,T,93.09,200,93.23,100,TGT
2025-11-10,9:31:34.471090677,T,93.09,200,93.23,200,TGT
2025-11-10,9:31:34.471111046,T,93.09,200,93.23,300,TGT
2025-11-10,9:31:34.471135718,T,93.1,100,93.23,300,TGT
2025-11-10,9:31:34.471175785,T,93.09,200,93.23,300,TGT
2025-11-10,9:31:34.471175785,T,93.09,100,93.23,300,TGT
2025-11-10,9:31:34.471200924,T,93.09,100,93.23,200,TGT
2025-11-10,9:31:34.471206577,T,93.09,100,93.23,300,TGT
2025-11-10,9:31:34.471206577,T,93.09,100,93.2,100,TGT
2025-11-10,9:31:34.471210880,T,93.09,100,93.2,200,TGT
2025-11-10,9:31:34.471210880,T,93.09,200,93.2,200,TGT
2025-11-10,9:31:34.471230959,T,93.09,200,93.2,100,TGT
2025-11-10,9:31:34.471230959,T,93.09,200,93.29,400,TGT
2025-11-10,9:31:34.471230959,T,93.09,200,93.29,300,TGT
2025-11-10,9:31:34.471236051,T,93.09,200,93.29,400,TGT
2025-11-10,9:31:34.471236051,T,93.09,200,93.22,100,TGT
2025-11-10,9:31:34.471246155,T,93.09,200,93.29,400,TGT
2025-11-10,9:31:34.471246155,T,93.09,200,93.29,300,TGT
2025-11-10,9:31:34.471250987,T,93.12,100,93.29,300,TGT
2025-11-10,9:31:34.471256038,T,93.12,100,93.29,400,TGT
2025-11-10,9:31:34.471271062,T,93.09,200,93.29,400,TGT
2025-11-10,9:31:34.471286060,T,93.09,200,93.29,300,TGT
2025-11-10,9:31:34.471301157,T,93.11,100,93.29,300,TGT
2025-11-10,9:31:34.471321166,T,93.11,100,93.29,400,TGT
2025-11-10,9:31:34.471346204,T,93.12,100,93.29,400,TGT
2025-11-10,9:31:34.471481508,T,93.09,200,93.29,400,TGT
2025-11-10,9:31:34.471541857,T,93.09,200,93.29,300,TGT
2025-11-10,9:31:34.471546686,T,93.09,200,93.29,400,TGT
2025-11-10,9:31:34.471586801,T,93.09,200,93.29,500,TGT
2025-11-10,9:31:34.471621868,T,93.09,200,93.29,400,TGT
2025-11-10,9:31:34.471697101,T,93.09,200,93.29,500,TGT
2025-11-10,9:31:34.472323608,T,93.09,200,93.29,400,TGT
2025-11-10,9:31:34.472664585,T,93.09,200,93.29,100,TGT
2025-11-10,9:31:34.472664585,T,93.09,200,93.34,100,TGT
2025-11-10,9:31:34.472689431,T,93.25,100,93.34,100,TGT
2025-11-10,9:31:34.472789621,T,93.25,100,93.34,200,TGT
2025-11-10,9:31:34.472950102,T,93.15,100,93.34,200,TGT
2025-11-10,9:31:34.472970639,T,93.15,100,93.34,100,TGT
2025-11-10,9:31:34.472970639,T,93.09,100,93.34,100,TGT
2025-11-10,9:31:34.472975149,T,93.09,100,93.28,100,TGT
2025-11-10,9:31:34.472995187,T,93.09,100,93.28,200,TGT
2025-11-10,9:31:34.473015202,T,93.09,100,93.25,100,TGT
2025-11-10,9:31:34.473115499,T,93.09,100,93.28,100,TGT
2025-11-10,9:31:34.473146058,T,93.09,200,93.28,100,TGT
2025-11-10,9:31:34.473160537,T,93.09,200,93.25,100,TGT
2025-11-10,9:31:34.473175622,T,93.2,100,93.25,100,TGT
2025-11-10,9:31:34.473215754,T,93.22,100,93.25,100,TGT
2025-11-10,9:31:34.473246403,T,93.2,100,93.25,100,TGT
2025-11-10,9:31:34.473250723,T,93.24,100,93.25,100,TGT
2025-11-10,9:31:34.473265776,T,93.2,100,93.25,100,TGT
2025-11-10,9:31:34.473286241,T,93.2,100,93.28,100,TGT
2025-11-10,9:31:34.473441234,T,93.15,100,93.28,100,TGT
2025-11-10,9:31:34.473526693,T,93.15,100,93.34,200,TGT
2025-11-10,9:31:34.473711861,T,93.13,300,93.34,200,TGT
2025-11-10,9:31:34.474122846,T,93.14,100,93.34,200,TGT
2025-11-10,9:31:34.474147899,T,93.14,200,93.34,200,TGT
2025-11-10,9:31:34.474869578,T,93.14,200,93.34,100,TGT
2025-11-10,9:31:34.474894787,T,93.15,100,93.34,100,TGT
2025-11-10,9:31:34.474899673,T,93.17,100,93.34,100,TGT
2025-11-10,9:31:34.474919722,T,93.14,200,93.34,100,TGT
2025-11-10,9:31:34.474924727,T,93.22,100,93.34,100,TGT
2025-11-10,9:31:34.480312732,T,93.22,100,93.4,100,TGT
2025-11-10,9:31:34.480778661,T,93.22,100,93.43,100,TGT
2025-11-10,9:31:34.480803740,T,93.22,100,93.4,100,TGT
2025-11-10,9:31:34.481931489,T,93.14,200,93.4,100,TGT
2025-11-10,9:31:34.481966508,T,93.14,100,93.4,100,TGT
2025-11-10,9:31:34.481991548,T,93.14,100,93.31,100,TGT
2025-11-10,9:31:34.482277586,T,93.13,300,93.31,100,TGT
2025-11-10,9:31:34.482412560,T,93.13,300,93.31,200,TGT
2025-11-10,9:31:34.483655629,T,93.13,300,93.24,100,TGT
2025-11-10,9:31:34.484216931,T,93.13,300,93.31,100,TGT
2025-11-10,9:31:34.484236978,T,93.13,300,93.4,100,TGT
2025-11-10,9:31:34.484297131,T,93.13,300,93.31,100,TGT
2025-11-10,9:31:34.492571850,T,93.13,300,93.31,200,TGT
2025-11-10,9:31:34.492857578,T,93.13,300,93.31,100,TGT
2025-11-10,9:31:34.492857578,T,93.13,300,93.43,100,TGT
2025-11-10,9:31:34.492877548,T,93.27,200,93.43,100,TGT
2025-11-10,9:31:34.492882510,T,93.27,200,93.4,100,TGT
2025-11-10,9:31:34.492897568,T,93.23,100,93.4,100,TGT
2025-11-10,9:31:34.492912621,T,93.17,100,93.4,100,TGT
2025-11-10,9:31:34.492917601,T,93.13,300,93.4,100,TGT
2025-11-10,9:31:34.492927669,T,93.13,300,93.4,200,TGT
2025-11-10,9:31:34.492952736,T,93.13,300,93.4,300,TGT
2025-11-10,9:31:34.492957757,T,93.17,100,93.4,300,TGT
2025-11-10,9:31:34.492972794,T,93.17,100,93.27,100,TGT
2025-11-10,9:31:34.492977785,T,93.17,100,93.27,200,TGT
2025-11-10,9:31:34.492982821,T,93.13,300,93.27,200,TGT
2025-11-10,9:31:34.493067936,T,93.13,300,93.27,400,TGT
2025-11-10,9:31:34.493077962,T,93.13,300,93.27,600,TGT
2025-11-10,9:31:34.493323647,T,93.13,300,93.27,800,TGT
2025-11-10,9:31:34.493333714,T,93.13,300,93.27,900,TGT
2025-11-10,9:31:34.493423827,T,93.13,300,93.26,100,TGT
2025-11-10,9:31:34.493423827,T,93.13,300,93.22,100,TGT
2025-11-10,9:31:34.493429842,T,93.13,300,93.22,300,TGT
2025-11-10,9:31:34.493433921,T,93.13,300,93.22,500,TGT
2025-11-10,9:31:34.493433921,T,93.13,200,93.22,500,TGT
2025-11-10,9:31:34.493439102,T,93.13,200,93.22,600,TGT
2025-11-10,9:31:34.493439102,T,93.13,200,93.22,700,TGT
2025-11-10,9:31:34.493443846,T,93.13,200,93.22,900,TGT
2025-11-10,9:31:34.493468973,T,93.13,200,93.22,1000,TGT
2025-11-10,9:31:34.494140618,T,93.13,200,93.22,900,TGT
2025-11-10,9:31:34.494145868,T,93.13,200,93.22,700,TGT
2025-11-10,9:31:34.494150836,T,93.13,200,93.22,500,TGT
2025-11-10,9:31:34.494150836,T,93.13,200,93.22,400,TGT
2025-11-10,9:31:34.494150836,T,93.13,200,93.22,300,TGT
2025-11-10,9:31:34.494150836,T,93.13,200,93.22,100,TGT
2025-11-10,9:31:34.494150836,T,93.13,200,93.23,100,TGT
2025-11-10,9:31:34.494170663,T,93.13,200,93.26,100,TGT
2025-11-10,9:31:34.494180575,T,93.14,100,93.26,100,TGT
2025-11-10,9:31:34.494195640,T,93.13,200,93.26,100,TGT
2025-11-10,9:31:34.494200650,T,93.13,200,93.22,100,TGT
2025-11-10,9:31:34.494215711,T,93.13,300,93.22,100,TGT
2025-11-10,9:31:34.494215711,T,93.13,200,93.22,100,TGT
2025-11-10,9:31:34.494721904,T,93.13,200,93.23,100,TGT
2025-11-10,9:31:34.494746968,T,93.13,300,93.23,100,TGT
2025-11-10,9:31:34.494752010,T,93.14,100,93.23,100,TGT
2025-11-10,9:31:34.494756966,T,93.14,100,93.23,200,TGT
2025-11-10,9:31:34.494767072,T,93.13,300,93.23,200,TGT
2025-11-10,9:31:34.494782012,T,93.13,200,93.23,200,TGT
2025-11-10,9:31:34.495293297,T,93.13,200,93.23,100,TGT
2025-11-10,9:31:34.495298288,T,93.13,200,93.43,100,TGT
2025-11-10,9:31:34.495313369,T,93.2,100,93.43,100,TGT
2025-11-10,9:31:34.495338483,T,93.2,100,93.4,100,TGT
2025-11-10,9:31:34.495874677,T,93.13,300,93.4,100,TGT
2025-11-10,9:31:34.496290654,T,93.13,100,93.4,100,TGT
2025-11-10,9:31:34.496315755,T,93.11,200,93.4,100,TGT
2025-11-10,9:31:34.496325773,T,93.24,200,93.4,100,TGT
2025-11-10,9:31:34.496376013,T,93.24,100,93.4,100,TGT
2025-11-10,9:31:34.496390880,T,93.11,100,93.4,100,TGT
2025-11-10,9:31:34.496416119,T,93.11,100,93.37,100,TGT
2025-11-10,9:31:34.496430964,T,93.11,100,93.4,100,TGT
2025-11-10,9:31:34.496441052,T,93.11,100,93.35,100,TGT
2025-11-10,9:31:34.496441052,T,93.11,100,93.4,100,TGT
2025-11-10,9:31:34.496566363,T,93.11,100,93.43,100,TGT
2025-11-10,9:31:34.496591422,T,93.22,100,93.43,100,TGT
2025-11-10,9:31:34.503623081,T,93.11,100,93.43,100,TGT
2025-11-10,9:31:34.504084163,T,93.15,200,93.43,100,TGT
2025-11-10,9:31:34.504194543,T,93.11,100,93.43,100,TGT
2025-11-10,9:31:34.504344793,T,93.15,300,93.43,100,TGT
2025-11-10,9:31:34.504856087,T,93.11,100,93.43,100,TGT
2025-11-10,9:31:34.504886166,T,93.15,300,93.43,100,TGT
2025-11-10,9:31:34.505377341,T,93.11,100,93.43,100,TGT
2025-11-10,9:31:34.505422376,T,93.15,300,93.43,100,TGT
2025-11-10,9:31:34.505718096,T,93.15,300,93.35,100,TGT
2025-11-10,9:31:34.505933586,T,93.11,100,93.35,100,TGT
2025-11-10,9:31:34.505943652,T,93.11,100,93.35,200,TGT
2025-11-10,9:31:34.505978777,T,93.15,300,93.35,200,TGT
2025-11-10,9:31:34.506033877,T,93.15,300,93.35,100,TGT
2025-11-10,9:31:34.506179218,T,93.11,100,93.35,100,TGT
2025-11-10,9:31:34.506274496,T,93.15,400,93.35,100,TGT
2025-11-10,9:31:34.506329755,T,93.15,400,93.35,300,TGT
2025-11-10,9:31:34.506329755,T,93.15,400,93.35,500,TGT
2025-11-10,9:31:34.506349597,T,93.15,400,93.35,300,TGT
2025-11-10,9:31:34.506349597,T,93.15,400,93.22,200,TGT
2025-11-10,9:31:34.506349597,T,93.15,400,93.22,300,TGT
2025-11-10,9:31:34.506369621,T,93.15,400,93.22,900,TGT
2025-11-10,9:31:34.506424830,T,93.15,400,93.22,1000,TGT
2025-11-10,9:31:34.506434777,T,93.15,500,93.22,1000,TGT
2025-11-10,9:31:34.506434777,T,93.15,500,93.22,1100,TGT
2025-11-10,9:31:34.506464924,T,93.15,500,93.22,1000,TGT
2025-11-10,9:31:34.506489915,T,93.15,500,93.22,900,TGT
2025-11-10,9:31:34.506489915,T,93.15,500,93.22,800,TGT
2025-11-10,9:31:34.506489915,T,93.15,500,93.22,200,TGT
2025-11-10,9:31:34.506494976,T,93.15,500,93.22,100,TGT
2025-11-10,9:31:34.506494976,T,93.15,500,93.35,100,TGT
2025-11-10,9:31:34.506535102,T,93.15,400,93.35,100,TGT
2025-11-10,9:31:34.506570134,T,93.15,400,93.4,100,TGT
2025-11-10,9:31:34.506570134,T,93.15,400,93.43,100,TGT
2025-11-10,9:31:34.506595248,T,93.15,500,93.43,100,TGT
2025-11-10,9:31:34.506595248,T,93.2,100,93.43,100,TGT
2025-11-10,9:31:34.506615243,T,93.15,500,93.43,100,TGT
2025-11-10,9:31:34.506615243,T,93.15,100,93.43,100,TGT
2025-11-10,9:31:34.506640344,T,93.11,200,93.43,100,TGT
2025-11-10,9:31:34.506640344,T,93.11,200,93.4,100,TGT
2025-11-10,9:31:34.506735534,T,93.11,200,93.29,100,TGT
2025-11-10,9:31:34.506745612,T,93.15,300,93.29,100,TGT
2025-11-10,9:31:34.506750534,T,93.15,400,93.29,100,TGT
2025-11-10,9:31:34.506755874,T,93.15,300,93.29,100,TGT
2025-11-10,9:31:34.506770600,T,93.15,300,93.33,100,TGT
2025-11-10,9:31:34.506770600,T,93.15,300,93.4,100,TGT
2025-11-10,9:31:34.506830765,T,93.16,300,93.4,100,TGT
2025-11-10,9:31:34.506976124,T,93.15,300,93.4,100,TGT
2025-11-10,9:31:34.507146560,T,93.15,300,93.4,200,TGT
2025-11-10,9:31:34.507296894,T,93.16,400,93.4,200,TGT
2025-11-10,9:31:34.507357032,T,93.16,400,93.4,100,TGT
2025-11-10,9:31:34.507382345,T,93.15,400,93.4,100,TGT
2025-11-10,9:31:34.507412192,T,93.15,300,93.4,100,TGT
2025-11-10,9:31:34.508294235,T,93.15,300,93.43,100,TGT
2025-11-10,9:31:34.515145539,T,93.16,300,93.43,100,TGT
2025-11-10,9:31:34.515847223,T,93.15,300,93.43,100,TGT
2025-11-10,9:31:34.515882375,T,93.16,200,93.43,100,TGT
2025-11-10,9:31:34.516107861,T,93.15,300,93.43,100,TGT
2025-11-10,9:31:34.516142986,T,93.16,300,93.43,100,TGT
2025-11-10,9:31:34.516288302,T,93.15,300,93.43,100,TGT
2025-11-10,9:31:34.516328405,T,93.16,300,93.43,100,TGT
2025-11-10,9:31:34.516388499,T,93.15,300,93.43,100,TGT
2025-11-10,9:31:34.516418632,T,93.16,400,93.43,100,TGT
2025-11-10,9:31:34.516553913,T,93.15,300,93.43,100,TGT
2025-11-10,9:31:34.516594051,T,93.16,300,93.43,100,TGT
2025-11-10,9:31:34.516649159,T,93.15,300,93.43,100,TGT
2025-11-10,9:31:34.516679191,T,93.16,400,93.43,100,TGT
2025-11-10,9:31:34.516734409,T,93.15,300,93.43,100,TGT
2025-11-10,9:31:34.516784483,T,93.16,300,93.43,100,TGT
2025-11-10,9:31:34.516804581,T,93.15,300,93.43,100,TGT
2025-11-10,9:31:34.516874668,T,93.16,200,93.43,100,TGT
2025-11-10,9:31:34.516994945,T,93.15,300,93.43,100,TGT
2025-11-10,9:31:34.517050134,T,93.16,200,93.43,100,TGT
2025-11-10,9:31:34.517065170,T,93.15,300,93.43,100,TGT
2025-11-10,9:31:34.517140345,T,93.16,300,93.43,100,TGT
2025-11-10,9:31:34.517185483,T,93.15,300,93.43,100,TGT
2025-11-10,9:31:34.517235535,T,93.16,300,93.43,100,TGT
2025-11-10,9:31:34.517245591,T,93.15,300,93.43,100,TGT
2025-11-10,9:31:34.517435989,T,93.16,300,93.43,100,TGT
2025-11-10,9:31:34.517446092,T,93.15,300,93.43,100,TGT
2025-11-10,9:31:34.517496152,T,93.16,300,93.43,100,TGT
2025-11-10,9:31:34.517511232,T,93.15,300,93.43,100,TGT
2025-11-10,9:31:34.519160174,T,93.15,300,93.45,100,TGT
2025-11-10,9:31:34.519205235,T,92.99,200,93.45,100,TGT
2025-11-10,9:31:34.526362329,T,93.28,100,93.45,100,TGT
2025-11-10,9:31:34.526437481,T,93.28,100,93.4,100,TGT
2025-11-10,9:31:34.526452552,T,92.99,200,93.4,100,TGT
2025-11-10,9:31:34.526462529,T,93.15,100,93.4,100,TGT
2025-11-10,9:31:34.526497571,T,93.19,100,93.4,100,TGT
2025-11-10,9:31:34.526658287,T,93.19,100,93.4,200,TGT
2025-11-10,9:31:34.526768263,T,93.15,100,93.4,200,TGT
2025-11-10,9:31:34.526828394,T,93.15,100,93.4,100,TGT
2025-11-10,9:31:34.526848409,T,93.3,100,93.4,100,TGT
2025-11-10,9:31:34.526958698,T,93.15,100,93.4,100,TGT
2025-11-10,9:31:34.527229372,T,93.15,100,93.45,100,TGT
2025-11-10,9:31:34.527254411,T,93.3,100,93.45,100,TGT
2025-11-10,9:31:34.527259395,T,93.3,100,93.5,200,TGT
2025-11-10,9:31:34.527289540,T,93.3,100,93.5,100,TGT
2025-11-10,9:31:34.534165922,T,93.22,100,93.5,100,TGT
2025-11-10,9:31:34.534200967,T,93.22,100,93.5,200,TGT
2025-11-10,9:31:34.534221603,T,93.19,100,93.5,200,TGT
2025-11-10,9:31:34.534461601,T,93.19,100,93.43,100,TGT
2025-11-10,9:31:34.534687175,T,93.19,100,93.43,200,TGT
2025-11-10,9:31:34.534982814,T,93.19,100,93.43,100,TGT
2025-11-10,9:31:34.535047962,T,93.19,100,93.42,100,TGT
2025-11-10,9:31:34.535058008,T,93.19,100,93.42,200,TGT
2025-11-10,9:31:34.535067997,T,93.15,100,93.42,200,TGT
2025-11-10,9:31:34.535067997,T,93.15,100,93.41,100,TGT
2025-11-10,9:31:34.535078044,T,93.15,100,93.42,200,TGT
2025-11-10,9:31:34.535484030,T,93.28,100,93.42,200,TGT
2025-11-10,9:31:34.535509075,T,93.22,100,93.42,200,TGT
2025-11-10,9:31:34.535874905,T,93.22,100,93.42,100,TGT
2025-11-10,9:31:34.535874905,T,93.22,100,93.5,200,TGT
2025-11-10,9:31:34.535905078,T,93.29,100,93.5,200,TGT
2025-11-10,9:31:34.536115537,T,93.29,100,93.5,100,TGT
2025-11-10,9:31:34.542515793,T,93.19,100,93.5,100,TGT
2025-11-10,9:31:34.559666639,T,93.15,100,93.5,100,TGT
2025-11-10,9:31:34.572542330,T,93.15,100,93.5,200,TGT
2025-11-10,9:31:34.784522385,T,93.2,400,93.5,200,TGT
2025-11-10,9:31:34.784762916,T,93.19,300,93.5,200,TGT
2025-11-10,9:31:34.790291129,T,93.15,100,93.5,200,TGT
2025-11-10,9:31:34.790772253,T,93.19,300,93.5,200,TGT
2025-11-10,9:31:34.973206903,T,93.15,100,93.5,200,TGT
2025-11-10,9:31:34.973667949,T,92.99,200,93.5,200,TGT
2025-11-10,9:31:34.996622625,T,92.99,100,93.5,200,TGT
2025-11-10,9:31:36.849466874,T,93.14,300,93.5,200,TGT
2025-11-10,9:31:37.244377676,T,92.99,100,93.5,200,TGT
2025-11-10,9:31:38.512112933,T,92.98,100,93.5,200,TGT
2025-11-10,9:31:38.512138039,T,92.9,100,93.5,200,TGT
2025-11-10,9:31:38.989144436,T,92.9,100,93.44,100,TGT
2025-11-10,9:31:38.989565530,T,92.9,100,93.44,200,TGT
2025-11-10,9:31:39.091277799,T,92.9,100,93.44,300,TGT
2025-11-10,9:31:39.091693755,T,92.9,100,93.44,200,TGT
2025-11-10,9:31:39.769498560,T,92.8,100,93.44,200,TGT
2025-11-10,9:31:40.639506406,T,93.14,300,93.44,200,TGT
2025-11-10,9:31:40.724579051,T,92.8,100,93.44,200,TGT
2025-11-10,9:31:42.844855321,T,93.14,300,93.44,200,TGT
2025-11-10,9:31:42.933326145,T,93.14,400,93.44,200,TGT
2025-11-10,9:31:43.050299777,T,93.14,100,93.44,200,TGT
2025-11-10,9:31:43.091593110,T,93.15,300,93.44,200,TGT
2025-11-10,9:31:43.091923961,T,93.14,100,93.44,200,TGT
2025-11-10,9:31:43.812440499,T,93.14,100,93.29,100,TGT
2025-11-10,9:31:43.813152150,T,93.14,100,93.29,300,TGT
2025-11-10,9:31:43.813157197,T,93.14,100,93.29,100,TGT
2025-11-10,9:31:43.813543091,T,93.14,100,93.29,200,TGT
2025-11-10,9:31:43.814936389,T,93.14,100,93.29,400,TGT
2025-11-10,9:31:43.816505148,T,93.14,100,93.29,200,TGT
2025-11-10,9:31:43.818149128,T,93.15,300,93.29,200,TGT
2025-11-10,9:31:43.819497266,T,93.14,100,93.29,200,TGT
2025-11-10,9:31:43.823216131,T,93.14,100,93.29,100,TGT
2025-11-10,9:31:44.062741819,T,93.14,100,93.29,200,TGT
2025-11-10,9:31:44.062957367,T,93.14,100,93.29,100,TGT
2025-11-10,9:31:44.171410741,T,93.15,400,93.29,100,TGT
2025-11-10,9:31:44.171927094,T,93.14,100,93.29,100,TGT
2025-11-10,9:31:44.312396595,T,93.14,100,93.36,200,TGT
2025-11-10,9:31:44.313008101,T,93.14,100,93.44,200,TGT
2025-11-10,9:31:44.313228584,T,93.14,100,93.36,200,TGT
2025-11-10,9:31:44.313699678,T,93.14,100,93.37,200,TGT
2025-11-10,9:31:44.313835057,T,93.14,100,93.44,200,TGT
2025-11-10,9:31:44.313860141,T,93.14,100,93.36,200,TGT
2025-11-10,9:31:44.790114780,T,93.14,100,93.36,100,TGT
2025-11-10,9:31:44.866170920,T,92.8,100,93.36,100,TGT
2025-11-10,9:31:44.866190987,T,92.8,100,93.36,200,TGT
2025-11-10,9:31:44.866236105,T,92.8,100,93.36,100,TGT
2025-11-10,9:31:44.866256174,T,92.8,100,93.36,200,TGT
2025-11-10,9:31:44.866291296,T,92.8,100,93.36,100,TGT
2025-11-10,9:31:44.866436574,T,92.8,100,93.36,200,TGT
2025-11-10,9:31:44.866461595,T,92.8,100,93.22,300,TGT
2025-11-10,9:31:44.866496653,T,92.8,100,93.23,300,TGT
2025-11-10,9:31:44.866637001,T,92.69,100,93.23,300,TGT
2025-11-10,9:31:44.866687196,T,92.69,100,93.23,500,TGT
2025-11-10,9:31:44.866697244,T,92.69,100,93.23,400,TGT
2025-11-10,9:31:44.866697244,T,92.69,100,93.23,500,TGT
2025-11-10,9:31:44.866762331,T,92.69,100,93.14,100,TGT
2025-11-10,9:31:44.866912712,T,92.69,100,93.14,300,TGT
2025-11-10,9:31:44.866957845,T,92.69,100,93.14,100,TGT
2025-11-10,9:31:44.866997897,T,92.69,100,93.14,200,TGT
2025-11-10,9:31:44.867128457,T,92.69,100,93.17,200,TGT
2025-11-10,9:31:44.867138358,T,92.69,100,93.14,200,TGT
2025-11-10,9:31:44.867303602,T,92.68,300,93.14,200,TGT
2025-11-10,9:31:44.867328700,T,92.68,300,93.13,100,TGT
2025-11-10,9:31:44.867353726,T,92.68,300,93.17,200,TGT
2025-11-10,9:31:44.867393803,T,92.68,300,93.14,200,TGT
2025-11-10,9:31:44.867399040,T,92.68,300,93.09,200,TGT
2025-11-10,9:31:44.867950118,T,92.68,300,93.09,100,TGT
2025-11-10,9:31:44.867985216,T,92.68,300,93.09,200,TGT
2025-11-10,9:31:44.879166840,T,92.89,300,93.09,200,TGT
2025-11-10,9:31:44.882194092,T,92.68,200,93.09,200,TGT
2025-11-10,9:31:44.887942813,T,92.89,300,93.09,200,TGT
2025-11-10,9:31:44.888123169,T,92.89,300,93.09,100,TGT
2025-11-10,9:31:44.888769761,T,92.68,200,93.09,100,TGT
2025-11-10,9:31:44.888819875,T,92.89,300,93.09,100,TGT
2025-11-10,9:31:44.910516561,T,92.68,200,93.09,100,TGT
2025-11-10,9:31:44.954867222,T,92.68,200,93.09,200,TGT
2025-11-10,9:31:45.566624757,T,92.68,200,93.09,100,TGT
2025-11-10,9:31:45.566649771,T,92.68,200,93.09,200,TGT
2025-11-10,9:31:46.019107794,T,92.89,100,93.09,200,TGT
2025-11-10,9:31:47.480224189,T,92.68,200,93.09,200,TGT
2025-11-10,9:31:47.480253789,T,92.68,200,93.05,100,TGT
2025-11-10,9:31:47.480258798,T,92.68,200,92.99,100,TGT
2025-11-10,9:31:47.480288851,T,92.68,200,93.05,100,TGT
2025-11-10,9:31:47.480303871,T,92.68,200,93.05,300,TGT
2025-11-10,9:31:47.480318858,T,92.68,200,93.05,100,TGT
2025-11-10,9:31:47.480519443,T,92.68,200,92.99,100,TGT
2025-11-10,9:31:47.480539468,T,92.68,300,92.99,100,TGT
2025-11-10,9:31:47.480559448,T,92.68,300,93.09,200,TGT
2025-11-10,9:31:47.480559448,T,92.68,300,93.05,100,TGT
2025-11-10,9:31:47.480835123,T,92.75,400,93.05,100,TGT
2025-11-10,9:31:47.480890290,T,92.75,400,93.05,300,TGT
2025-11-10,9:31:47.480900317,T,92.75,400,93.01,200,TGT
2025-11-10,9:31:47.480925313,T,92.75,400,93.02,200,TGT
2025-11-10,9:31:47.480960459,T,92.75,400,93.05,300,TGT
2025-11-10,9:31:47.481145822,T,92.75,400,93.02,200,TGT
2025-11-10,9:31:47.481150825,T,92.68,300,93.02,200,TGT
2025-11-10,9:31:47.485290766,T,92.68,100,93.02,200,TGT
2025-11-10,9:31:47.485315781,T,92.5,100,93.02,200,TGT
2025-11-10,9:31:47.486613826,T,92.5,100,93.02,300,TGT
2025-11-10,9:31:47.595528342,T,92.5,100,93.02,200,TGT
2025-11-10,9:31:47.596135082,T,92.5,100,93.09,200,TGT
2025-11-10,9:31:47.596174943,T,92.5,100,93.05,200,TGT
2025-11-10,9:31:48.554994182,T,92.5,100,92.91,100,TGT
2025-11-10,9:31:48.555014226,T,92.5,100,92.91,200,TGT
2025-11-10,9:31:49.755308778,T,92.5,100,92.84,200,TGT
2025-11-10,9:31:52.116188374,T,92.49,300,92.84,200,TGT
2025-11-10,9:31:52.117321107,T,92.49,300,92.84,500,TGT
2025-11-10,9:31:52.155697562,T,92.49,100,92.84,500,TGT
2025-11-10,9:31:52.155712621,T,92.49,100,92.83,100,TGT
2025-11-10,9:31:52.155722604,T,92.38,200,92.83,100,TGT
2025-11-10,9:31:52.155752630,T,92.38,300,92.83,100,TGT
2025-11-10,9:31:52.155958194,T,92.38,300,92.83,200,TGT
2025-11-10,9:31:53.126029621,T,92.38,300,92.83,100,TGT
2025-11-10,9:31:53.126034260,T,92.38,300,92.83,200,TGT
2025-11-10,9:31:53.355992150,T,92.38,300,92.76,200,TGT
2025-11-10,9:31:53.356413126,T,92.38,300,92.76,500,TGT
2025-11-10,9:31:53.387452107,T,92.38,200,92.76,500,TGT
2025-11-10,9:31:53.387477126,T,92.38,200,92.76,400,TGT
2025-11-10,9:31:53.387522271,T,92.38,200,92.76,500,TGT
2025-11-10,9:31:53.387938232,T,92.38,200,92.76,200,TGT
2025-11-10,9:31:54.201265953,T,92.38,200,92.75,100,TGT
2025-11-10,9:31:54.201772192,T,92.38,200,92.75,200,TGT
2025-11-10,9:31:54.556266766,T,92.38,200,92.74,200,TGT
2025-11-10,9:31:54.557098670,T,92.38,200,92.68,200,TGT
2025-11-10,9:31:57.294239635,T,92.38,200,92.67,400,TGT
2025-11-10,9:31:57.296645474,T,92.14,100,92.67,400,TGT
2025-11-10,9:31:57.296650464,T,92.27,200,92.67,400,TGT
2025-11-10,9:31:57.305296044,T,92.27,200,92.68,200,TGT
2025-11-10,9:32:01.968189900,T,92.27,200,92.74,200,TGT
2025-11-10,9:32:02.653808338,T,92.27,200,92.59,300,TGT
2025-11-10,9:32:02.859964410,T,92.5,100,92.59,300,TGT
2025-11-10,9:32:02.884157057,T,92.27,200,92.59,300,TGT
2025-11-10,9:32:02.884202230,T,92.27,200,92.59,400,TGT
2025-11-10,9:32:02.884227215,T,92.27,200,92.55,100,TGT
2025-11-10,9:32:02.884232336,T,92.27,200,92.59,400,TGT
2025-11-10,9:32:02.884352598,T,92.27,200,92.59,300,TGT
2025-11-10,9:32:02.884437895,T,92.5,100,92.59,300,TGT
2025-11-10,9:32:02.884453079,T,92.54,100,92.59,300,TGT
2025-11-10,9:32:02.884478181,T,92.51,100,92.59,300,TGT
2025-11-10,9:32:02.884482873,T,92.51,200,92.59,300,TGT
2025-11-10,9:32:02.884493524,T,92.54,100,92.59,300,TGT
2025-11-10,9:32:02.884498024,T,92.5,200,92.59,300,TGT
2025-11-10,9:32:02.884498024,T,92.5,100,92.59,300,TGT
2025-11-10,9:32:02.884527944,T,92.52,100,92.59,300,TGT
2025-11-10,9:32:02.884573094,T,92.5,100,92.59,300,TGT
2025-11-10,9:32:02.884588134,T,92.52,100,92.59,300,TGT
2025-11-10,9:32:02.884603169,T,92.5,100,92.59,300,TGT
2025-11-10,9:32:02.884638230,T,92.53,300,92.59,300,TGT
2025-11-10,9:32:02.884748732,T,92.53,400,92.59,300,TGT
2025-11-10,9:32:02.884778583,T,92.53,100,92.59,300,TGT
2025-11-10,9:32:02.884783654,T,92.53,200,92.59,300,TGT
2025-11-10,9:32:02.884788551,T,92.53,100,92.59,300,TGT
2025-11-10,9:32:02.884793589,T,92.5,100,92.59,300,TGT
2025-11-10,9:32:02.884803609,T,92.53,100,92.59,300,TGT
2025-11-10,9:32:02.884813631,T,92.52,100,92.59,300,TGT
2025-11-10,9:32:02.884823914,T,92.5,100,92.59,300,TGT
2025-11-10,9:32:02.884823914,T,92.52,100,92.59,300,TGT
2025-11-10,9:32:02.884828718,T,92.52,100,92.59,400,TGT
2025-11-10,9:32:02.884838881,T,92.53,400,92.59,400,TGT
2025-11-10,9:32:02.884838881,T,92.53,400,92.59,300,TGT
2025-11-10,9:32:02.884853713,T,92.53,500,92.59,300,TGT
2025-11-10,9:32:02.884909130,T,92.53,600,92.59,300,TGT
2025-11-10,9:32:02.884928888,T,92.53,1000,92.59,300,TGT
2025-11-10,9:32:02.884979085,T,92.53,900,92.59,300,TGT
2025-11-10,9:32:02.885079526,T,92.53,500,92.59,300,TGT
2025-11-10,9:32:02.885084354,T,92.53,400,92.59,300,TGT
2025-11-10,9:32:02.885084354,T,92.56,100,92.59,300,TGT
2025-11-10,9:32:02.885124446,T,92.56,1000,92.59,300,TGT
2025-11-10,9:32:02.885214845,T,92.56,900,92.59,300,TGT
2025-11-10,9:32:02.885214845,T,92.56,800,92.59,300,TGT
2025-11-10,9:32:02.885219697,T,92.56,700,92.59,300,TGT
2025-11-10,9:32:02.885219697,T,92.56,600,92.59,300,TGT
2025-11-10,9:32:02.885224612,T,92.56,500,92.59,300,TGT
2025-11-10,9:32:02.885279759,T,92.56,500,92.74,100,TGT
2025-11-10,9:32:02.885299839,T,92.57,100,92.74,100,TGT
2025-11-10,9:32:02.885299839,T,92.57,200,92.74,100,TGT
2025-11-10,9:32:02.885324926,T,92.57,1000,92.74,100,TGT
2025-11-10,9:32:02.885359970,T,92.58,100,92.74,100,TGT
2025-11-10,9:32:02.885385038,T,92.58,100,92.74,200,TGT
2025-11-10,9:32:02.885405053,T,92.58,800,92.74,200,TGT
2025-11-10,9:32:02.885740866,T,92.58,800,92.59,100,TGT
2025-11-10,9:32:02.885765897,T,92.58,800,92.74,200,TGT
2025-11-10,9:32:02.885765897,T,92.58,800,92.74,100,TGT
2025-11-10,9:32:02.885786162,T,92.58,100,92.74,100,TGT
2025-11-10,9:32:02.885796021,T,92.59,100,92.74,100,TGT
2025-11-10,9:32:02.885806016,T,92.59,800,92.74,100,TGT
2025-11-10,9:32:02.885821058,T,92.59,800,92.74,200,TGT
2025-11-10,9:32:02.886016561,T,92.59,900,92.74,200,TGT
2025-11-10,9:32:02.886352339,T,92.59,1000,92.74,200,TGT
2025-11-10,9:32:02.896857365,T,92.59,900,92.74,200,TGT
2025-11-10,9:32:02.896862363,T,92.59,200,92.74,200,TGT
2025-11-10,9:32:02.896862363,T,92.59,100,92.74,200,TGT
2025-11-10,9:32:02.896867400,T,92.27,200,92.74,200,TGT
2025-11-10,9:32:02.896867400,T,92.27,200,92.74,300,TGT
2025-11-10,9:32:02.896882551,T,92.27,200,92.63,200,TGT
2025-11-10,9:32:02.897619171,T,92.27,200,92.62,300,TGT
2025-11-10,9:32:02.898325929,T,92.27,300,92.62,300,TGT
2025-11-10,9:32:02.898701719,T,92.27,400,92.62,300,TGT
2025-11-10,9:32:02.903608462,T,92.27,200,92.62,300,TGT
2025-11-10,9:32:02.910028728,T,92.27,100,92.62,300,TGT
2025-11-10,9:32:03.037186757,T,92.17,200,92.62,300,TGT
2025-11-10,9:32:03.548329435,T,92.17,200,92.74,200,TGT
2025-11-10,9:32:03.908788285,T,92.17,200,92.74,100,TGT
2025-11-10,9:32:03.933562293,T,92.17,200,92.75,100,TGT
2025-11-10,9:32:03.933893019,T,92.17,200,92.74,100,TGT
2025-11-10,9:32:04.076392540,T,92.17,200,92.74,200,TGT
2025-11-10,9:32:04.078412355,T,92.17,200,92.75,200,TGT
2025-11-10,9:32:04.085985404,T,92.17,200,92.74,200,TGT
2025-11-10,9:32:04.352284817,T,92.17,200,92.75,200,TGT
2025-11-10,9:32:04.538293043,T,92.17,200,92.74,200,TGT
2025-11-10,9:32:04.552902803,T,92.17,200,92.75,200,TGT
2025-11-10,9:32:05.263951809,T,92.17,200,92.75,100,TGT
2025-11-10,9:32:05.263971819,T,92.49,100,92.75,100,TGT
2025-11-10,9:32:05.264056970,T,92.49,200,92.75,100,TGT
2025-11-10,9:32:05.264062068,T,92.49,200,92.75,200,TGT
2025-11-10,9:32:05.264508051,T,92.49,200,92.74,200,TGT
2025-11-10,9:32:05.264533199,T,92.49,200,92.8,300,TGT
2025-11-10,9:32:05.264558192,T,92.49,200,92.74,200,TGT
2025-11-10,9:32:05.264573281,T,92.49,200,92.8,300,TGT
2025-11-10,9:32:05.264598262,T,92.49,200,92.75,200,TGT
2025-11-10,9:32:05.265119526,T,92.49,200,92.74,200,TGT
2025-11-10,9:32:05.273995685,T,92.49,100,92.74,200,TGT
2025-11-10,9:32:05.274361683,T,92.35,100,92.74,200,TGT
2025-11-10,9:32:05.274366624,T,92.17,200,92.74,200,TGT
2025-11-10,9:32:05.274386568,T,92.31,100,92.74,200,TGT
2025-11-10,9:32:05.364060250,T,92.29,100,92.74,200,TGT
2025-11-10,9:32:05.464008351,T,92.28,100,92.74,200,TGT
2025-11-10,9:32:09.161512405,T,92.27,100,92.74,200,TGT
2025-11-10,9:32:09.238540945,T,92.26,100,92.74,200,TGT
2025-11-10,9:32:10.001418425,T,92.17,200,92.74,200,TGT
2025-11-10,9:32:12.426636242,T,92.49,100,92.74,200,TGT
2025-11-10,9:32:12.426656251,T,92.49,100,92.74,100,TGT
2025-11-10,9:32:12.426671285,T,92.17,200,92.74,100,TGT
2025-11-10,9:32:12.426766475,T,92.17,200,92.74,200,TGT
2025-11-10,9:32:12.426791640,T,92.06,100,92.74,200,TGT
2025-11-10,9:32:12.426796631,T,92.27,200,92.74,200,TGT
2025-11-10,9:32:12.442744616,T,92.27,200,92.74,100,TGT
2025-11-10,9:32:12.442794697,T,92.27,200,92.74,200,TGT
2025-11-10,9:32:12.443371126,T,92.36,100,92.74,200,TGT
2025-11-10,9:32:12.443396175,T,92.27,200,92.74,200,TGT
2025-11-10,9:32:12.443771967,T,92.36,100,92.74,200,TGT
2025-11-10,9:32:12.443807104,T,92.49,100,92.74,200,TGT
2025-11-10,9:32:13.915468254,T,92.49,100,92.6,100,TGT
2025-11-10,9:32:13.915493315,T,92.49,100,92.74,100,TGT
2025-11-10,9:32:13.915518329,T,92.49,100,92.74,200,TGT
2025-11-10,9:32:13.915543388,T,92.44,100,92.74,200,TGT
2025-11-10,9:32:14.552270398,T,92.4,100,92.74,200,TGT
2025-11-10,9:32:14.552300438,T,92.36,100,92.74,200,TGT
2025-11-10,9:32:18.316508281,T,92.35,100,92.74,200,TGT
2025-11-10,9:32:18.316533407,T,92.35,100,92.67,100,TGT
2025-11-10,9:32:18.316583463,T,92.35,100,92.74,200,TGT
2025-11-10,9:32:18.316593534,T,92.35,100,92.62,100,TGT
2025-11-10,9:32:18.316643690,T,92.35,100,92.74,200,TGT
2025-11-10,9:32:18.317149896,T,92.35,100,92.74,100,TGT
2025-11-10,9:32:18.317149896,T,92.35,100,92.74,200,TGT
2025-11-10,9:32:18.361821257,T,92.35,100,92.6,100,TGT
2025-11-10,9:32:18.361841327,T,92.35,100,92.74,200,TGT
2025-11-10,9:32:18.361846381,T,92.35,100,92.56,100,TGT
2025-11-10,9:32:18.361926577,T,92.27,300,92.56,100,TGT
2025-11-10,9:32:18.368858053,T,92.27,300,92.74,200,TGT
2025-11-10,9:32:18.372105807,T,92.27,200,92.74,200,TGT
2025-11-10,9:32:18.380590969,T,92.27,200,92.74,100,TGT
2025-11-10,9:32:18.380611102,T,92.47,100,92.74,100,TGT
2025-11-10,9:32:18.380616099,T,92.47,100,92.74,200,TGT
2025-11-10,9:32:18.390634869,T,92.27,300,92.74,200,TGT
2025-11-10,9:32:18.390634869,T,92.27,200,92.74,200,TGT
2025-11-10,9:32:18.390675049,T,92.27,300,92.74,200,TGT
2025-11-10,9:32:18.390710160,T,92.35,100,92.74,200,TGT
2025-11-10,9:32:18.456742366,T,92.27,300,92.74,200,TGT
2025-11-10,9:32:18.457083205,T,92.29,100,92.74,200,TGT
2025-11-10,9:32:18.457088230,T,92.35,100,92.74,200,TGT
2025-11-10,9:32:19.241371741,T,92.35,100,92.71,100,TGT
2025-11-10,9:32:19.471890972,T,92.29,100,92.71,100,TGT
2025-11-10,9:32:19.472046332,T,92.27,300,92.71,100,TGT
2025-11-10,9:32:20.240602548,T,92.27,300,92.74,200,TGT
2025-11-10,9:32:20.440102634,T,92.27,300,92.74,300,TGT
2025-11-10,9:32:22.875269175,T,92.27,300,92.59,100,TGT
2025-11-10,9:32:22.875304251,T,92.27,300,92.59,200,TGT
2025-11-10,9:32:22.875364506,T,92.27,300,92.52,100,TGT
2025-11-10,9:32:22.875439612,T,92.27,200,92.52,100,TGT
2025-11-10,9:32:22.877679975,T,92.15,100,92.52,100,TGT
2025-11-10,9:32:22.877689966,T,92.16,200,92.52,100,TGT
2025-11-10,9:32:22.877720023,T,92.16,300,92.52,100,TGT
2025-11-10,9:32:22.914106746,T,92.29,100,92.52,100,TGT
2025-11-10,9:32:23.670102820,T,92.29,100,92.74,200,TGT
2025-11-10,9:32:23.670122976,T,92.3,100,92.74,200,TGT
2025-11-10,9:32:23.670127928,T,92.42,100,92.74,200,TGT
2025-11-10,9:32:23.670132889,T,92.42,100,92.74,300,TGT
2025-11-10,9:32:23.680357265,T,92.29,100,92.74,300,TGT
2025-11-10,9:32:24.243789532,T,92.29,100,92.59,100,TGT
2025-11-10,9:32:24.789213963,T,92.29,100,92.59,200,TGT
2025-11-10,9:32:24.790005828,T,92.29,100,92.59,100,TGT
2025-11-10,9:32:26.928781384,T,92.22,100,92.59,100,TGT
2025-11-10,9:32:26.928801504,T,92.21,100,92.59,100,TGT
2025-11-10,9:32:26.928806557,T,92.2,100,92.59,100,TGT
2025-11-10,9:32:26.928811477,T,92.19,100,92.59,100,TGT
2025-11-10,9:32:26.928816488,T,92.37,100,92.59,100,TGT
2025-11-10,9:32:27.110664791,T,92.37,100,92.58,300,TGT
2025-11-10,9:32:27.110694803,T,92.37,100,92.59,100,TGT
2025-11-10,9:32:27.110704877,T,92.37,100,92.58,100,TGT
2025-11-10,9:32:29.837917183,T,92.37,100,92.58,200,TGT
2025-11-10,9:32:29.838694005,T,92.37,100,92.58,100,TGT
2025-11-10,9:32:35.234493925,T,92.37,100,92.58,400,TGT
2025-11-10,9:32:35.234564057,T,92.37,100,92.58,500,TGT
2025-11-10,9:32:35.234584163,T,92.37,100,92.57,300,TGT
2025-11-10,9:32:35.234589155,T,92.37,100,92.57,400,TGT
2025-11-10,9:32:35.234594106,T,92.37,100,92.57,500,TGT
2025-11-10,9:32:35.234609184,T,92.37,100,92.5,100,TGT
2025-11-10,9:32:35.234664289,T,92.37,100,92.57,100,TGT
2025-11-10,9:32:35.234794592,T,92.37,100,92.57,500,TGT
2025-11-10,9:32:35.239926841,T,92.16,200,92.57,500,TGT
2025-11-10,9:32:35.239952510,T,92.16,200,92.57,600,TGT
2025-11-10,9:32:35.239952510,T,92.16,200,92.45,100,TGT
2025-11-10,9:32:35.239987005,T,92.16,200,92.45,200,TGT
2025-11-10,9:32:35.240598456,T,92.16,200,92.45,300,TGT
2025-11-10,9:32:35.240628582,T,92.16,200,92.43,100,TGT
2025-11-10,9:32:35.240643546,T,92.16,200,92.43,200,TGT
2025-11-10,9:32:35.244272217,T,92.06,100,92.43,200,TGT
2025-11-10,9:32:36.908707483,T,92.04,100,92.43,200,TGT
2025-11-10,9:32:36.909689913,T,92.02,300,92.43,200,TGT
2025-11-10,9:32:37.250171024,T,92.02,300,92.43,100,TGT
2025-11-10,9:32:37.258696303,T,92.02,300,92.57,100,TGT
2025-11-10,9:32:37.422150806,T,92.02,300,92.43,100,TGT
2025-11-10,9:32:38.239021896,T,92.02,300,92.57,100,TGT
2025-11-10,9:32:38.551110467,T,92.02,300,92.47,100,TGT
2025-11-10,9:32:38.683992048,T,92.02,300,92.43,100,TGT
2025-11-10,9:32:39.227872754,T,92.02,300,92.47,100,TGT
2025-11-10,9:32:39.643633211,T,92.02,300,92.43,100,TGT
2025-11-10,9:32:40.216728544,T,92.02,300,92.47,100,TGT
2025-11-10,9:32:40.259871348,T,92.02,300,92.43,100,TGT
2025-11-10,9:32:41.205584465,T,92.02,300,92.47,100,TGT
2025-11-10,9:32:41.422847157,T,92.02,300,92.43,100,TGT
2025-11-10,9:32:42.194440416,T,92.02,300,92.47,100,TGT
2025-11-10,9:32:42.255801634,T,92.02,300,92.43,100,TGT
2025-11-10,9:32:42.490716193,T,92.23,300,92.43,100,TGT
2025-11-10,9:32:42.490731236,T,92.24,300,92.43,100,TGT
2025-11-10,9:32:42.490771419,T,92.24,300,92.43,200,TGT
2025-11-10,9:32:42.490906683,T,92.24,300,92.43,300,TGT
2025-11-10,9:32:42.491342784,T,92.23,300,92.43,300,TGT
2025-11-10,9:32:42.492425347,T,92.06,100,92.43,300,TGT
2025-11-10,9:32:42.493152112,T,92.23,300,92.43,300,TGT
2025-11-10,9:32:42.496545169,T,92.24,300,92.43,300,TGT
2025-11-10,9:32:42.496570155,T,92.23,300,92.43,300,TGT
2025-11-10,9:32:42.496635347,T,92.24,300,92.43,300,TGT
2025-11-10,9:32:42.499767843,T,92.23,300,92.43,300,TGT
2025-11-10,9:32:42.499767843,T,92.06,100,92.43,300,TGT
2025-11-10,9:32:43.183291347,T,92.06,100,92.43,200,TGT
2025-11-10,9:32:43.227366326,T,92.06,100,92.43,300,TGT
2025-11-10,9:32:44.172147147,T,92.06,100,92.43,200,TGT
2025-11-10,9:32:44.172959068,T,92.06,100,92.43,400,TGT
2025-11-10,9:32:44.173740956,T,92.06,100,92.43,200,TGT
2025-11-10,9:32:44.197808284,T,92.06,100,92.43,300,TGT
2025-11-10,9:32:44.336744231,T,92.02,300,92.43,300,TGT
2025-11-10,9:32:45.161002874,T,92.02,300,92.43,200,TGT
2025-11-10,9:32:45.217422393,T,92.02,300,92.43,300,TGT
2025-11-10,9:32:45.782513724,T,92.02,300,92.24,100,TGT
2025-11-10,9:32:45.782513724,T,92.02,300,92.24,200,TGT
2025-11-10,9:32:45.782543821,T,92.02,300,92.24,300,TGT
2025-11-10,9:32:45.782548834,T,92.02,300,92.24,200,TGT
2025-11-10,9:32:45.782859597,T,92.02,300,92.24,100,TGT
2025-11-10,9:32:45.782884583,T,92.02,300,92.38,100,TGT
2025-11-10,9:32:45.782909835,T,92.16,100,92.38,100,TGT
2025-11-10,9:32:45.782925046,T,92.16,100,92.37,100,TGT
2025-11-10,9:32:45.782939757,T,92.16,100,92.37,400,TGT
2025-11-10,9:32:45.782974846,T,92.16,100,92.37,100,TGT
2025-11-10,9:32:45.783130137,T,92.16,200,92.37,100,TGT
2025-11-10,9:32:45.783175350,T,92.16,200,92.38,100,TGT
2025-11-10,9:32:45.783175350,T,92.16,200,92.37,100,TGT
2025-11-10,9:32:45.783220424,T,92.16,200,92.29,300,TGT
2025-11-10,9:32:45.783290516,T,92.16,200,92.37,100,TGT
2025-11-10,9:32:45.799599391,T,92.16,100,92.37,100,TGT
2025-11-10,9:32:45.799599391,T,92.06,100,92.37,100,TGT
2025-11-10,9:32:45.799619911,T,92.06,100,92.18,100,TGT
2025-11-10,9:32:45.799619911,T,92.0,200,92.18,100,TGT
2025-11-10,9:32:45.799624506,T,92.0,100,92.18,100,TGT
2025-11-10,9:32:45.799830013,T,92.06,100,92.18,100,TGT
2025-11-10,9:32:45.800361271,T,92.06,200,92.18,100,TGT
2025-11-10,9:32:45.800837427,T,92.06,200,92.37,100,TGT
2025-11-10,9:32:45.800942623,T,92.06,200,92.38,100,TGT
2025-11-10,9:32:45.801734567,T,92.06,200,92.3,100,TGT
2025-11-10,9:32:45.981492856,T,92.06,100,92.3,100,TGT
2025-11-10,9:32:45.981532912,T,92.06,100,92.38,100,TGT
2025-11-10,9:32:46.140531776,T,92.0,100,92.38,100,TGT
2025-11-10,9:32:51.400066955,T,92.0,100,92.37,100,TGT
2025-11-10,9:32:55.724985755,T,92.0,100,92.35,100,TGT
2025-11-10,9:32:56.635088888,T,92.0,100,92.37,100,TGT
2025-11-10,9:32:56.635334537,T,92.0,100,92.22,300,TGT
2025-11-10,9:32:56.646220483,T,92.0,100,92.23,100,TGT
2025-11-10,9:32:56.646541179,T,91.82,300,92.23,100,TGT
2025-11-10,9:32:56.646987292,T,91.82,300,92.16,100,TGT
2025-11-10,9:32:56.647688979,T,91.82,300,92.23,100,TGT
2025-11-10,9:32:56.648150071,T,92.0,100,92.23,100,TGT
2025-11-10,9:32:56.648155102,T,92.01,100,92.23,100,TGT
2025-11-10,9:32:56.648160060,T,92.1,100,92.23,100,TGT
2025-11-10,9:32:56.648165121,T,92.1,100,92.37,100,TGT
2025-11-10,9:32:56.648180107,T,92.01,100,92.37,100,TGT
2025-11-10,9:32:56.648180107,T,92.0,200,92.37,100,TGT
2025-11-10,9:32:56.648180107,T,92.0,100,92.37,100,TGT
2025-11-10,9:32:56.648185156,T,92.0,100,92.38,100,TGT
2025-11-10,9:32:56.648195130,T,92.0,200,92.38,100,TGT
2025-11-10,9:32:56.648200344,T,92.01,100,92.38,100,TGT
2025-11-10,9:32:56.648205357,T,92.0,200,92.38,100,TGT
2025-11-10,9:32:56.648205357,T,92.0,100,92.38,100,TGT
2025-11-10,9:32:56.648215175,T,92.0,200,92.38,100,TGT
2025-11-10,9:32:56.648215175,T,92.01,100,92.38,100,TGT
2025-11-10,9:32:56.648220197,T,92.01,100,92.37,100,TGT
2025-11-10,9:32:56.648220197,T,92.01,100,92.22,100,TGT
2025-11-10,9:32:56.648225231,T,92.01,100,92.22,200,TGT
2025-11-10,9:32:56.648250240,T,92.0,200,92.22,200,TGT
2025-11-10,9:32:56.648265601,T,92.0,200,92.22,100,TGT
2025-11-10,9:32:56.648305454,T,92.0,100,92.22,100,TGT
2025-11-10,9:32:56.648410626,T,92.0,200,92.22,100,TGT
2025-11-10,9:32:56.648696663,T,92.0,200,92.22,200,TGT
2025-11-10,9:32:56.648731496,T,92.0,200,92.22,100,TGT
2025-11-10,9:32:56.649227652,T,92.01,300,92.22,100,TGT
2025-11-10,9:32:56.649257665,T,92.01,300,92.37,100,TGT
2025-11-10,9:32:56.649327920,T,92.0,200,92.37,100,TGT
2025-11-10,9:32:56.649448194,T,92.0,100,92.37,100,TGT
2025-11-10,9:32:56.681003361,T,92.0,100,92.24,100,TGT
2025-11-10,9:32:56.737272397,T,91.82,300,92.24,100,TGT
2025-11-10,9:32:59.012628239,T,91.82,300,92.23,100,TGT
2025-11-10,9:32:59.012633177,T,91.82,300,92.16,100,TGT
2025-11-10,9:32:59.012668439,T,91.82,300,92.23,100,TGT
2025-11-10,9:32:59.012738430,T,91.82,300,92.24,100,TGT
2025-11-10,9:32:59.020988152,T,91.82,300,92.15,100,TGT
2025-11-10,9:32:59.023448957,T,91.82,300,92.24,100,TGT
2025-11-10,9:32:59.716775745,T,91.82,300,92.14,100,TGT
2025-11-10,9:32:59.716775745,T,91.82,300,92.24,100,TGT
2025-11-10,9:32:59.731310419,T,91.93,100,92.24,100,TGT
2025-11-10,9:32:59.731320464,T,91.93,100,92.1,100,TGT
2025-11-10,9:32:59.731385638,T,92.0,100,92.1,100,TGT
2025-11-10,9:32:59.731460759,T,92.0,100,92.24,100,TGT
2025-11-10,9:32:59.731671422,T,91.93,100,92.24,100,TGT
2025-11-10,9:32:59.731671422,T,91.93,100,92.23,100,TGT
2025-11-10,9:32:59.731696280,T,91.93,100,92.24,100,TGT
2025-11-10,9:32:59.731706307,T,91.93,100,92.23,100,TGT
2025-11-10,9:32:59.732152391,T,92.01,300,92.23,100,TGT
2025-11-10,9:32:59.732282689,T,92.01,300,92.24,100,TGT
2025-11-10,9:32:59.732307758,T,92.01,400,92.24,100,TGT
2025-11-10,9:32:59.732337897,T,92.05,100,92.24,100,TGT
2025-11-10,9:32:59.732343322,T,92.01,400,92.24,100,TGT
2025-11-10,9:32:59.732367962,T,92.01,300,92.24,100,TGT
2025-11-10,9:32:59.732593448,T,92.0,200,92.24,100,TGT
2025-11-10,9:32:59.732613563,T,92.0,100,92.24,100,TGT
2025-11-10,9:32:59.732788955,T,92.01,100,92.24,100,TGT
2025-11-10,9:33:00.016635215,T,92.01,100,92.15,300,TGT
2025-11-10,9:33:00.016855751,T,92.0,100,92.15,300,TGT
2025-11-10,9:33:00.031154789,T,92.0,100,92.24,100,TGT
2025-11-10,9:33:00.259739409,T,92.01,400,92.24,100,TGT
2025-11-10,9:33:00.267272298,T,92.0,100,92.24,100,TGT
2025-11-10,9:33:00.757029110,T,91.82,300,92.24,100,TGT
2025-11-10,9:33:02.047994800,T,92.01,200,92.24,100,TGT
2025-11-10,9:33:02.048039906,T,91.82,300,92.24,100,TGT
2025-11-10,9:33:02.746744451,T,92.01,300,92.24,100,TGT
2025-11-10,9:33:02.747060164,T,91.82,300,92.24,100,TGT
2025-11-10,9:33:04.466591698,T,92.01,400,92.24,100,TGT
2025-11-10,9:33:04.468887176,T,91.82,300,92.24,100,TGT
2025-11-10,9:33:05.004453036,T,91.86,100,92.24,100,TGT
2025-11-10,9:33:05.006673326,T,91.82,300,92.24,100,TGT
2025-11-10,9:33:05.345420490,T,92.01,300,92.24,100,TGT
2025-11-10,9:33:05.345996849,T,91.82,300,92.24,100,TGT
2025-11-10,9:33:06.734574797,T,92.01,300,92.24,100,TGT
2025-11-10,9:33:06.736835236,T,91.82,300,92.24,100,TGT
2025-11-10,9:33:06.799815183,T,91.86,100,92.24,100,TGT
2025-11-10,9:33:10.213934092,T,91.97,100,92.24,100,TGT
2025-11-10,9:33:10.213934092,T,92.0,100,92.24,100,TGT
2025-11-10,9:33:10.213939170,T,92.03,100,92.24,100,TGT
2025-11-10,9:33:10.213964206,T,92.01,100,92.24,100,TGT
2025-11-10,9:33:10.213974470,T,92.01,100,92.23,100,TGT
2025-11-10,9:33:10.213984198,T,92.04,100,92.23,100,TGT
2025-11-10,9:33:10.213994758,T,92.08,300,92.23,100,TGT
2025-11-10,9:33:10.213999311,T,92.08,400,92.23,100,TGT
2025-11-10,9:33:10.214149585,T,92.08,400,92.23,200,TGT
2025-11-10,9:33:10.214314962,T,92.08,100,92.23,200,TGT
2025-11-10,9:33:10.214400266,T,92.08,200,92.23,200,TGT
2025-11-10,9:33:10.214410195,T,92.08,100,92.23,200,TGT
2025-11-10,9:33:10.214550931,T,92.08,100,92.23,100,TGT
2025-11-10,9:33:10.214555912,T,92.08,100,92.2,100,TGT
2025-11-10,9:33:10.214575645,T,92.08,100,92.2,200,TGT
2025-11-10,9:33:10.214731064,T,92.08,400,92.2,200,TGT
2025-11-10,9:33:10.214761112,T,92.08,400,92.2,300,TGT
2025-11-10,9:33:10.214851299,T,92.08,400,92.2,400,TGT
2025-11-10,9:33:10.214916400,T,92.08,100,92.2,400,TGT
2025-11-10,9:33:10.214976575,T,92.08,100,92.2,300,TGT
2025-11-10,9:33:10.223551997,T,92.04,200,92.2,300,TGT
2025-11-10,9:33:10.223993114,T,92.04,100,92.2,300,TGT
2025-11-10,9:33:10.224013133,T,92.01,100,92.2,300,TGT
2025-11-10,9:33:10.230142740,T,92.01,100,92.2,200,TGT
2025-11-10,9:33:10.230142740,T,92.01,100,92.2,100,TGT
2025-11-10,9:33:10.230162750,T,92.04,100,92.2,100,TGT
2025-11-10,9:33:10.230187802,T,92.01,100,92.2,100,TGT
2025-11-10,9:33:10.230197861,T,92.12,100,92.2,100,TGT
2025-11-10,9:33:10.230207932,T,92.12,100,92.24,100,TGT
2025-11-10,9:33:10.231806841,T,92.06,100,92.24,100,TGT
2025-11-10,9:33:10.232052246,T,92.07,100,92.24,100,TGT
2025-11-10,9:33:10.232067341,T,92.06,100,92.24,100,TGT
2025-11-10,9:33:10.239750584,T,92.04,100,92.24,100,TGT
2025-11-10,9:33:10.240256781,T,92.01,100,92.24,100,TGT
2025-11-10,9:33:10.248566606,T,92.08,200,92.24,100,TGT
2025-11-10,9:33:10.442488659,T,92.15,100,92.24,100,TGT
2025-11-10,9:33:10.788803737,T,92.15,100,92.24,200,TGT
2025-11-10,9:33:14.251678645,T,92.0,100,92.24,200,TGT
2025-11-10,9:33:14.251929148,T,92.0,100,92.17,100,TGT
2025-11-10,9:33:14.252485480,T,92.0,100,92.19,100,TGT
2025-11-10,9:33:14.258745445,T,92.0,100,92.24,200,TGT
2025-11-10,9:33:14.261567529,T,92.0,100,92.23,100,TGT
2025-11-10,9:33:14.261567529,T,92.0,100,92.17,100,TGT
2025-11-10,9:33:14.261577176,T,92.0,100,92.15,100,TGT
2025-11-10,9:33:14.262133874,T,92.0,100,92.24,200,TGT
2025-11-10,9:33:14.262284184,T,92.0,100,92.23,100,TGT
2025-11-10,9:33:14.262323962,T,92.0,100,92.24,200,TGT
2025-11-10,9:33:14.538015782,T,92.0,100,92.15,100,TGT
2025-11-10,9:33:17.951548116,T,92.0,100,92.24,200,TGT
2025-11-10,9:33:17.951568186,T,92.09,100,92.24,200,TGT
2025-11-10,9:33:17.951668490,T,92.09,100,92.23,100,TGT
2025-11-10,9:33:17.951738717,T,92.11,100,92.23,100,TGT
2025-11-10,9:33:17.951803829,T,92.09,200,92.23,100,TGT
2025-11-10,9:33:17.951934082,T,92.09,100,92.23,100,TGT
2025-11-10,9:33:17.966393529,T,92.09,100,92.2,100,TGT
2025-11-10,9:33:17.966423646,T,92.01,100,92.2,100,TGT
2025-11-10,9:33:18.051716809,T,92.0,100,92.2,100,TGT
2025-11-10,9:33:18.329127665,T,92.0,100,92.24,200,TGT
2025-11-10,9:33:18.329147999,T,92.12,100,92.24,200,TGT
2025-11-10,9:33:18.334575634,T,92.07,100,92.24,200,TGT
2025-11-10,9:33:18.334811207,T,92.0,100,92.24,200,TGT
2025-11-10,9:33:18.736678700,T,92.0,100,92.24,100,TGT
2025-11-10,9:33:18.736678700,T,92.0,100,92.38,100,TGT
2025-11-10,9:33:18.736698791,T,92.2,100,92.38,100,TGT
2025-11-10,9:33:18.736829081,T,92.2,100,92.47,100,TGT
2025-11-10,9:33:18.737981818,T,92.18,100,92.47,100,TGT
2025-11-10,9:33:18.742091566,T,92.09,100,92.47,100,TGT
2025-11-10,9:33:18.753909765,T,92.02,100,92.47,100,TGT
2025-11-10,9:33:18.788507125,T,92.02,100,92.44,100,TGT
2025-11-10,9:33:19.005378874,T,92.03,100,92.44,100,TGT
2025-11-10,9:33:19.790814989,T,92.03,100,92.47,100,TGT
2025-11-10,9:33:19.814636758,T,92.03,100,92.39,100,TGT
2025-11-10,9:33:26.168960508,T,92.03,100,92.33,100,TGT
2025-11-10,9:33:27.432420542,T,92.03,100,92.39,100,TGT
2025-11-10,9:33:29.245294520,T,92.03,100,92.3,200,TGT
2025-11-10,9:33:29.318027801,T,92.02,100,92.3,200,TGT
2025-11-10,9:33:30.244204377,T,92.02,100,92.31,200,TGT
2025-11-10,9:33:30.244219406,T,92.02,100,92.39,100,TGT
2025-11-10,9:33:30.249301512,T,92.0,200,92.39,100,TGT
2025-11-10,9:33:30.249311460,T,92.03,100,92.39,100,TGT
2025-11-10,9:33:30.249371627,T,92.09,100,92.39,100,TGT
2025-11-10,9:33:30.249376683,T,92.13,100,92.39,100,TGT
2025-11-10,9:33:30.249381699,T,92.17,200,92.39,100,TGT
2025-11-10,9:33:30.249461842,T,92.09,100,92.39,100,TGT
2025-11-10,9:33:30.259776417,T,92.0,200,92.39,100,TGT
2025-11-10,9:33:30.259776417,T,92.0,100,92.39,100,TGT
2025-11-10,9:33:30.259797040,T,92.0,200,92.39,100,TGT
2025-11-10,9:33:30.259801504,T,92.02,100,92.39,100,TGT
2025-11-10,9:33:30.259821547,T,92.03,100,92.39,100,TGT
2025-11-10,9:33:30.263831064,T,92.17,400,92.39,100,TGT
2025-11-10,9:33:30.263866125,T,92.16,400,92.39,100,TGT
2025-11-10,9:33:30.263871201,T,92.15,100,92.39,100,TGT
2025-11-10,9:33:32.632088297,T,92.18,300,92.39,100,TGT
2025-11-10,9:33:32.632123318,T,92.17,200,92.39,100,TGT
2025-11-10,9:33:32.632123318,T,92.15,100,92.39,100,TGT
2025-11-10,9:33:32.632895158,T,92.18,300,92.39,100,TGT
2025-11-10,9:33:32.633596836,T,92.17,200,92.39,100,TGT
2025-11-10,9:33:32.633596836,T,92.15,100,92.39,100,TGT
2025-11-10,9:33:33.029585208,T,92.18,300,92.39,100,TGT
2025-11-10,9:33:33.030306994,T,92.17,200,92.39,100,TGT
2025-11-10,9:33:33.032597484,T,92.15,100,92.39,100,TGT
2025-11-10,9:33:34.051189161,T,92.18,300,92.39,100,TGT
2025-11-10,9:33:34.443789459,T,92.19,300,92.39,100,TGT
2025-11-10,9:33:34.446365686,T,92.18,300,92.39,100,TGT
2025-11-10,9:33:34.446365686,T,92.17,100,92.39,100,TGT
2025-11-10,9:33:34.796835526,T,92.19,300,92.39,100,TGT
2025-11-10,9:33:34.801727253,T,92.19,400,92.39,100,TGT
2025-11-10,9:33:34.806959734,T,92.19,400,92.47,100,TGT
2025-11-10,9:33:34.806984813,T,92.2,100,92.47,100,TGT
2025-11-10,9:33:34.806984813,T,92.22,100,92.47,100,TGT
2025-11-10,9:33:34.807004801,T,92.2,100,92.47,100,TGT
2025-11-10,9:33:34.808628730,T,92.29,100,92.47,100,TGT
2025-11-10,9:33:34.808688877,T,92.2,100,92.47,100,TGT
2025-11-10,9:33:34.808708876,T,92.19,400,92.47,100,TGT
2025-11-10,9:33:34.808794099,T,92.26,300,92.47,100,TGT
2025-11-10,9:33:34.808809132,T,92.25,300,92.47,100,TGT
2025-11-10,9:33:34.808829148,T,92.25,400,92.47,100,TGT
2025-11-10,9:33:34.808854203,T,92.26,300,92.47,100,TGT
2025-11-10,9:33:34.809355395,T,92.25,400,92.47,100,TGT
2025-11-10,9:33:34.809686172,T,92.27,300,92.47,100,TGT
2025-11-10,9:33:34.809871667,T,92.25,100,92.47,100,TGT
2025-11-10,9:33:34.818697725,T,92.2,100,92.47,100,TGT
2025-11-10,9:33:34.907118321,T,92.18,100,92.47,100,TGT
2025-11-10,9:33:36.827914518,T,92.18,100,92.39,100,TGT
2025-11-10,9:33:41.543087995,T,92.18,100,92.47,100,TGT
2025-11-10,9:33:42.160980000,T,92.18,100,92.34,100,TGT
2025-11-10,9:33:42.161486152,T,92.17,100,92.34,100,TGT
2025-11-10,9:33:42.161857072,T,92.16,100,92.34,100,TGT
2025-11-10,9:33:42.167751119,T,92.16,100,92.27,100,TGT
2025-11-10,9:33:42.167841288,T,92.16,100,92.34,100,TGT
2025-11-10,9:33:42.167846335,T,92.16,100,92.26,100,TGT
2025-11-10,9:33:42.167851351,T,92.16,100,92.34,100,TGT
2025-11-10,9:33:42.167916519,T,92.15,100,92.34,100,TGT
2025-11-10,9:33:42.168011755,T,92.09,100,92.34,100,TGT
2025-11-10,9:33:42.168382606,T,92.15,100,92.34,100,TGT
2025-11-10,9:33:42.168407637,T,92.09,100,92.34,100,TGT
2025-11-10,9:33:42.168407637,T,92.0,200,92.34,100,TGT
2025-11-10,9:33:42.168492890,T,92.09,100,92.34,100,TGT
2025-11-10,9:33:42.168492890,T,92.2,100,92.34,100,TGT
2025-11-10,9:33:42.168502845,T,92.22,100,92.34,100,TGT
2025-11-10,9:33:42.169059186,T,92.0,100,92.34,100,TGT
2025-11-10,9:33:42.169084288,T,92.0,200,92.34,100,TGT
2025-11-10,9:33:42.169244781,T,92.18,100,92.34,100,TGT
2025-11-10,9:33:42.176316525,T,92.09,100,92.34,100,TGT
2025-11-10,9:33:42.179298592,T,92.04,100,92.34,100,TGT
2025-11-10,9:33:43.224182979,T,92.05,100,92.34,100,TGT
2025-11-10,9:33:44.025973261,T,92.05,100,92.27,200,TGT
2025-11-10,9:33:44.025998342,T,92.05,100,92.34,100,TGT
2025-11-10,9:33:44.026018350,T,92.19,100,92.34,100,TGT
2025-11-10,9:33:44.033075236,T,92.09,100,92.34,100,TGT
2025-11-10,9:33:44.046552260,T,92.05,100,92.34,100,TGT
2025-11-10,9:33:46.480756550,T,92.05,100,92.47,100,TGT
2025-11-10,9:33:46.481473292,T,92.05,100,92.33,100,TGT
2025-11-10,9:33:47.921318505,T,92.05,100,92.47,100,TGT
2025-11-10,9:33:47.922015202,T,92.05,100,92.33,100,TGT
2025-11-10,9:33:49.361870518,T,92.05,100,92.47,100,TGT
2025-11-10,9:33:49.362567172,T,92.05,100,92.31,100,TGT
2025-11-10,9:33:50.802422666,T,92.05,100,92.47,100,TGT
2025-11-10,9:33:50.803104074,T,92.05,100,92.3,100,TGT
2025-11-10,9:33:52.083048548,T,92.04,100,92.3,100,TGT
2025-11-10,9:33:52.083238964,T,92.09,100,92.3,100,TGT
2025-11-10,9:33:52.090270672,T,92.0,200,92.3,100,TGT
2025-11-10,9:33:52.103346815,T,92.0,100,92.3,100,TGT
2025-11-10,9:33:52.103371908,T,92.0,200,92.3,100,TGT
2025-11-10,9:33:52.103402039,T,92.02,100,92.3,100,TGT
2025-11-10,9:33:52.242979813,T,92.02,100,92.47,100,TGT
2025-11-10,9:33:52.243681250,T,92.02,100,92.28,100,TGT
2025-11-10,9:33:53.683531551,T,92.02,100,92.47,100,TGT
2025-11-10,9:33:53.684213212,T,92.02,100,92.27,100,TGT
2025-11-10,9:33:56.628166946,T,92.0,100,92.27,100,TGT
2025-11-10,9:33:56.628201991,T,92.0,100,92.27,200,TGT
2025-11-10,9:33:56.628232139,T,92.0,100,92.26,300,TGT
2025-11-10,9:33:56.628412778,T,92.0,100,92.27,100,TGT
2025-11-10,9:33:56.628542815,T,92.0,200,92.27,100,TGT
2025-11-10,9:33:56.628573008,T,92.0,100,92.27,100,TGT
2025-11-10,9:33:56.629354717,T,92.0,200,92.27,100,TGT
2025-11-10,9:33:56.629460046,T,92.0,200,92.27,200,TGT
2025-11-10,9:33:56.629485124,T,92.0,200,92.27,100,TGT
2025-11-10,9:33:56.629485124,T,92.0,100,92.27,100,TGT
2025-11-10,9:33:56.632757846,T,92.0,100,92.27,200,TGT
2025-11-10,9:33:56.632843111,T,92.0,100,92.24,100,TGT
2025-11-10,9:33:56.636867670,T,92.0,100,92.27,200,TGT
2025-11-10,9:33:56.642265493,T,92.0,100,92.27,100,TGT
2025-11-10,9:33:57.440156492,T,92.0,200,92.27,100,TGT
2025-11-10,9:33:57.460269387,T,92.0,100,92.27,100,TGT
2025-11-10,9:33:58.004240355,T,92.0,100,92.47,100,TGT
2025-11-10,9:33:58.004917319,T,92.0,100,92.21,100,TGT
2025-11-10,9:33:58.009608171,T,92.01,100,92.21,100,TGT
2025-11-10,9:33:58.009643193,T,92.01,200,92.21,100,TGT
2025-11-10,9:34:01.079050935,T,92.01,200,92.37,100,TGT
2025-11-10,9:34:01.079070980,T,92.18,100,92.37,100,TGT
2025-11-10,9:34:01.079085969,T,92.18,100,92.44,200,TGT
2025-11-10,9:34:01.079627339,T,92.17,100,92.44,200,TGT
2025-11-10,9:34:01.080133774,T,92.15,100,92.44,200,TGT
2025-11-10,9:34:01.354877978,T,92.09,100,92.44,200,TGT
2025-11-10,9:34:01.554217948,T,92.09,100,92.25,100,TGT
2025-11-10,9:34:01.733029028,T,92.09,100,92.44,200,TGT
2025-11-10,9:34:01.736958319,T,92.16,100,92.44,200,TGT
2025-11-10,9:34:01.756144108,T,92.16,100,92.44,300,TGT
2025-11-10,9:34:01.756755591,T,92.16,100,92.44,200,TGT
2025-11-10,9:34:01.762524281,T,92.17,300,92.44,200,TGT
2025-11-10,9:34:01.762609491,T,92.16,100,92.44,200,TGT
2025-11-10,9:34:01.762965352,T,92.16,200,92.44,200,TGT
2025-11-10,9:34:02.140354475,T,92.16,100,92.44,200,TGT
2025-11-10,9:34:02.140419667,T,92.23,100,92.44,200,TGT
2025-11-10,9:34:02.140975916,T,92.16,100,92.44,200,TGT
2025-11-10,9:34:02.141442048,T,92.16,200,92.44,200,TGT
2025-11-10,9:34:02.141457030,T,92.17,100,92.44,200,TGT
2025-11-10,9:34:02.141462181,T,92.16,200,92.44,200,TGT
2025-11-10,9:34:02.141747739,T,92.17,100,92.44,200,TGT
2025-11-10,9:34:02.141777823,T,92.18,100,92.44,200,TGT
2025-11-10,9:34:02.151526082,T,92.17,100,92.44,200,TGT
2025-11-10,9:34:02.341664049,T,92.16,100,92.44,200,TGT
2025-11-10,9:34:02.522098835,T,92.16,100,92.27,100,TGT
2025-11-10,9:34:02.522184044,T,92.15,100,92.27,100,TGT
2025-11-10,9:34:02.522900736,T,92.15,100,92.27,200,TGT
2025-11-10,9:34:04.542888055,T,92.09,100,92.27,200,TGT
2025-11-10,9:34:09.266631842,T,92.18,300,92.27,200,TGT
2025-11-10,9:34:09.267393686,T,92.09,100,92.27,200,TGT
2025-11-10,9:34:09.643640080,T,92.18,100,92.27,200,TGT
2025-11-10,9:34:10.623168597,T,92.18,100,92.27,100,TGT
2025-11-10,9:34:12.324923001,T,92.18,100,92.44,200,TGT
2025-11-10,9:34:12.324947989,T,92.23,100,92.44,200,TGT
2025-11-10,9:34:12.325053275,T,92.23,200,92.44,200,TGT
2025-11-10,9:34:12.325539388,T,92.23,100,92.44,200,TGT
2025-11-10,9:34:12.325920296,T,92.23,100,92.28,100,TGT
2025-11-10,9:34:12.325940605,T,92.23,100,92.44,200,TGT
2025-11-10,9:34:12.325960389,T,92.26,100,92.44,200,TGT
2025-11-10,9:34:12.326115803,T,92.26,100,92.47,100,TGT
2025-11-10,9:34:12.326516741,T,92.23,200,92.47,100,TGT
2025-11-10,9:34:12.327248514,T,92.23,100,92.47,100,TGT
2025-11-10,9:34:12.327649501,T,92.23,200,92.47,100,TGT
2025-11-10,9:34:12.327940273,T,92.23,300,92.47,100,TGT
2025-11-10,9:34:12.327950133,T,92.26,100,92.47,100,TGT
2025-11-10,9:34:12.331949684,T,92.23,200,92.47,100,TGT
2025-11-10,9:34:12.331974785,T,92.23,100,92.47,100,TGT
2025-11-10,9:34:12.345602198,T,92.3,300,92.47,100,TGT
2025-11-10,9:34:12.372040219,T,92.31,300,92.47,100,TGT
2025-11-10,9:34:12.372651719,T,92.3,300,92.47,100,TGT
2025-11-10,9:34:12.374160327,T,92.32,400,92.47,100,TGT
2025-11-10,9:34:12.374425895,T,92.3,300,92.47,100,TGT
2025-11-10,9:34:12.374912123,T,92.23,100,92.47,100,TGT
2025-11-10,9:34:12.374947207,T,92.32,300,92.47,100,TGT
2025-11-10,9:34:12.385156468,T,92.32,400,92.47,100,TGT
2025-11-10,9:34:12.385246847,T,92.32,700,92.47,100,TGT
2025-11-10,9:34:12.385311792,T,92.33,200,92.47,100,TGT
2025-11-10,9:34:12.385537412,T,92.33,300,92.47,100,TGT
2025-11-10,9:34:12.388018255,T,92.33,600,92.47,100,TGT
2025-11-10,9:34:12.388048308,T,92.34,300,92.47,100,TGT
2025-11-10,9:34:12.388534507,T,92.34,400,92.47,100,TGT
2025-11-10,9:34:12.396804282,T,92.34,700,92.47,100,TGT
2025-11-10,9:34:12.402437618,T,92.34,700,92.74,300,TGT
2025-11-10,9:34:12.402462656,T,92.41,100,92.74,300,TGT
2025-11-10,9:34:12.412496640,T,92.41,100,92.69,100,TGT
2025-11-10,9:34:12.414150518,T,92.41,400,92.69,100,TGT
2025-11-10,9:34:12.429727671,T,92.41,400,92.65,200,TGT
2025-11-10,9:34:12.502516384,T,92.41,300,92.65,200,TGT
2025-11-10,9:34:13.766281873,T,92.41,300,92.47,100,TGT
2025-11-10,9:34:14.056172512,T,92.41,300,92.65,200,TGT
2025-11-10,9:34:14.056914319,T,92.41,300,92.5,100,TGT
2025-11-10,9:34:14.059996611,T,92.35,100,92.5,100,TGT
2025-11-10,9:34:14.060031774,T,92.44,300,92.5,100,TGT
2025-11-10,9:34:14.063545108,T,92.18,100,92.5,100,TGT
2025-11-10,9:34:14.063575350,T,92.23,100,92.5,100,TGT
2025-11-10,9:34:14.063605194,T,92.24,100,92.5,100,TGT
2025-11-10,9:34:14.063650379,T,92.23,100,92.5,100,TGT
2025-11-10,9:34:14.063800739,T,92.23,200,92.5,100,TGT
2025-11-10,9:34:14.063830796,T,92.24,100,92.5,100,TGT
2025-11-10,9:34:14.063855789,T,92.24,200,92.5,100,TGT
2025-11-10,9:34:14.064893344,T,92.24,200,92.5,200,TGT
2025-11-10,9:34:14.065113865,T,92.24,100,92.5,200,TGT
2025-11-10,9:34:14.065134025,T,92.23,100,92.5,200,TGT
2025-11-10,9:34:14.065138913,T,92.19,100,92.5,200,TGT
2025-11-10,9:34:14.065414599,T,92.19,200,92.5,200,TGT
2025-11-10,9:34:14.067118548,T,92.19,100,92.5,200,TGT
2025-11-10,9:34:14.157243377,T,92.18,100,92.5,200,TGT
2025-11-10,9:34:15.496764541,T,92.18,100,92.5,100,TGT
2025-11-10,9:34:15.497446199,T,92.18,100,92.49,100,TGT
2025-11-10,9:34:16.937316655,T,92.18,100,92.5,100,TGT
2025-11-10,9:34:16.938003211,T,92.18,100,92.48,100,TGT
2025-11-10,9:34:17.127168954,T,92.18,100,92.47,100,TGT
2025-11-10,9:34:17.292212094,T,92.18,100,92.48,100,TGT
2025-11-10,9:34:18.377863569,T,92.18,100,92.5,100,TGT
2025-11-10,9:34:18.378535158,T,92.18,100,92.46,100,TGT
2025-11-10,9:34:18.379337045,T,92.18,100,92.46,200,TGT
2025-11-10,9:34:19.065817445,T,92.17,100,92.46,200,TGT
2025-11-10,9:34:19.065817445,T,92.16,100,92.46,200,TGT
2025-11-10,9:34:19.527838442,T,92.16,100,92.45,100,TGT
2025-11-10,9:34:19.818425639,T,92.16,100,92.46,100,TGT
2025-11-10,9:34:19.819057178,T,92.16,100,92.44,100,TGT
2025-11-10,9:34:20.066266100,T,92.09,100,92.44,100,TGT
2025-11-10,9:34:20.066266100,T,92.14,100,92.44,100,TGT
2025-11-10,9:34:20.066301093,T,92.15,100,92.44,100,TGT
2025-11-10,9:34:22.699033322,T,92.15,100,92.46,100,TGT
2025-11-10,9:34:22.699755087,T,92.15,100,92.42,100,TGT
2025-11-10,9:34:22.700556935,T,92.15,100,92.42,200,TGT
2025-11-10,9:34:23.072242804,T,92.15,100,92.42,100,TGT
2025-11-10,9:34:23.072242804,T,92.15,100,92.65,200,TGT
2025-11-10,9:34:23.072263098,T,92.16,100,92.65,200,TGT
2025-11-10,9:34:23.072267970,T,92.35,100,92.65,200,TGT
2025-11-10,9:34:23.072267970,T,92.38,100,92.65,200,TGT
2025-11-10,9:34:23.072277902,T,92.38,100,92.62,100,TGT
2025-11-10,9:34:23.072292766,T,92.38,100,92.65,200,TGT
2025-11-10,9:34:23.072894194,T,92.38,200,92.65,200,TGT
2025-11-10,9:34:23.073600847,T,92.38,100,92.65,200,TGT
2025-11-10,9:34:23.087293405,T,92.38,200,92.65,200,TGT
2025-11-10,9:34:23.087293405,T,92.46,100,92.65,200,TGT
2025-11-10,9:34:23.087518957,T,92.46,200,92.65,200,TGT
2025-11-10,9:34:23.094475529,T,92.46,200,92.74,200,TGT
2025-11-10,9:34:23.172666852,T,92.46,300,92.74,200,TGT
2025-11-10,9:34:23.187311709,T,92.46,200,92.74,200,TGT
2025-11-10,9:34:23.187532284,T,92.46,100,92.74,200,TGT
2025-11-10,9:34:25.549539393,T,92.39,200,92.74,200,TGT
2025-11-10,9:34:29.455434837,T,92.39,200,92.58,100,TGT
2025-11-10,9:34:31.178179207,T,92.39,200,92.57,100,TGT
2025-11-10,9:34:31.178189327,T,92.39,200,92.56,100,TGT
2025-11-10,9:34:31.178219351,T,92.39,200,92.57,200,TGT
2025-11-10,9:34:31.178229405,T,92.39,200,92.52,100,TGT
2025-11-10,9:34:31.178469951,T,92.26,100,92.52,100,TGT
2025-11-10,9:34:31.178474916,T,92.16,100,92.52,100,TGT
2025-11-10,9:34:31.178765961,T,92.16,100,92.52,200,TGT
2025-11-10,9:34:31.178775663,T,92.18,100,92.52,200,TGT
2025-11-10,9:34:31.178795694,T,92.18,100,92.52,100,TGT
2025-11-10,9:34:31.178800756,T,92.19,100,92.52,100,TGT
2025-11-10,9:34:31.178810699,T,92.19,100,92.51,100,TGT
2025-11-10,9:34:31.178820706,T,92.19,100,92.49,100,TGT
2025-11-10,9:34:31.178850838,T,92.18,100,92.49,100,TGT
2025-11-10,9:34:31.178875871,T,92.16,100,92.49,100,TGT
2025-11-10,9:34:31.178941182,T,92.16,100,92.5,100,TGT
2025-11-10,9:34:31.179006248,T,92.15,300,92.5,100,TGT
2025-11-10,9:34:31.179081433,T,92.15,300,92.49,100,TGT
2025-11-10,9:34:31.179121492,T,92.15,300,92.46,300,TGT
2025-11-10,9:34:31.179251781,T,92.15,300,92.5,100,TGT
2025-11-10,9:34:31.179512368,T,92.15,300,92.51,100,TGT
2025-11-10,9:34:31.179537494,T,92.15,300,92.49,300,TGT
2025-11-10,9:34:31.179692874,T,92.15,300,92.48,100,TGT
2025-11-10,9:34:32.320295175,T,92.15,100,92.48,100,TGT
2025-11-10,9:34:32.320320225,T,92.13,100,92.48,100,TGT
2025-11-10,9:34:32.808267734,T,92.12,100,92.48,100,TGT
2025-11-10,9:34:33.320097105,T,92.11,100,92.48,100,TGT
2025-11-10,9:34:33.320197355,T,92.09,100,92.48,100,TGT
2025-11-10,9:34:33.724174727,T,92.18,100,92.48,100,TGT
2025-11-10,9:34:39.625940206,T,92.28,100,92.48,100,TGT
2025-11-10,9:34:39.625980337,T,92.28,100,92.48,200,TGT
2025-11-10,9:34:39.626170764,T,92.28,100,92.48,100,TGT
2025-11-10,9:34:39.636159500,T,92.18,100,92.48,100,TGT
2025-11-10,9:34:40.217494546,T,92.18,100,92.4,100,TGT
2025-11-10,9:34:40.217514683,T,92.18,100,92.4,200,TGT
2025-11-10,9:34:40.217539731,T,92.18,100,92.4,100,TGT
2025-11-10,9:34:40.217995787,T,92.18,100,92.35,100,TGT
2025-11-10,9:34:40.218602247,T,92.18,100,92.48,100,TGT
2025-11-10,9:34:40.538334104,T,92.18,100,92.3,100,TGT
2025-11-10,9:34:40.539070879,T,92.18,100,92.29,100,TGT
2025-11-10,9:34:40.539090958,T,92.05,300,92.29,100,TGT
2025-11-10,9:34:40.539110906,T,92.05,300,92.23,100,TGT
2025-11-10,9:34:40.539211188,T,92.05,300,92.23,200,TGT
2025-11-10,9:34:40.539371624,T,92.05,100,92.23,200,TGT
2025-11-10,9:34:40.539401672,T,92.0,100,92.23,200,TGT
2025-11-10,9:34:40.540093298,T,92.0,100,92.23,100,TGT
2025-11-10,9:34:40.540383950,T,92.0,100,92.23,200,TGT
2025-11-10,9:34:40.545776781,T,92.0,100,92.23,300,TGT
2025-11-10,9:34:40.546012393,T,92.0,100,92.18,100,TGT
2025-11-10,9:34:40.546754199,T,92.0,100,92.23,200,TGT
2025-11-10,9:34:40.547952063,T,92.0,100,92.18,100,TGT
2025-11-10,9:34:40.553039086,T,92.0,100,92.23,200,TGT
2025-11-10,9:34:40.638587914,T,91.88,100,92.23,200,TGT
2025-11-10,9:34:40.638618025,T,91.88,100,92.18,100,TGT
2025-11-10,9:34:40.638683140,T,91.88,100,92.18,200,TGT
2025-11-10,9:34:40.639144212,T,91.88,100,92.18,100,TGT
2025-11-10,9:34:41.085958631,T,92.02,100,92.18,100,TGT
2025-11-10,9:34:41.086795700,T,92.02,100,92.29,200,TGT
2025-11-10,9:34:41.087918320,T,92.02,100,92.18,100,TGT
2025-11-10,9:34:42.363011052,T,92.02,100,92.29,300,TGT
2025-11-10,9:34:42.364133696,T,92.02,100,92.18,100,TGT
2025-11-10,9:34:44.630608369,T,92.02,100,92.18,300,TGT
2025-11-10,9:34:52.658433896,T,92.02,100,92.17,400,TGT
2025-11-10,9:34:52.658844907,T,92.02,100,92.18,300,TGT
2025-11-10,9:34:52.658935092,T,92.02,100,92.18,100,TGT
2025-11-10,9:34:52.659376100,T,92.02,100,92.17,100,TGT
2025-11-10,9:34:52.659666784,T,92.02,100,92.17,200,TGT
2025-11-10,9:34:52.822700203,T,92.02,100,92.17,100,TGT
2025-11-10,9:35:00.804942347,T,91.88,100,92.17,100,TGT
2025-11-10,9:35:01.524812410,T,91.97,100,92.17,100,TGT
2025-11-10,9:35:01.747908896,T,91.97,100,92.16,100,TGT
2025-11-10,9:35:01.763791679,T,91.97,100,92.22,100,TGT
2025-11-10,9:35:01.763816743,T,92.0,100,92.22,100,TGT
2025-11-10,9:35:01.763842097,T,92.02,100,92.22,100,TGT
2025-11-10,9:35:01.764393182,T,92.0,100,92.22,100,TGT
2025-11-10,9:35:01.790410193,T,92.03,100,92.22,100,TGT
2025-11-10,9:35:01.790435248,T,92.03,400,92.22,100,TGT
2025-11-10,9:35:01.805410902,T,92.03,300,92.22,100,TGT
2025-11-10,9:35:01.805435966,T,92.0,100,92.22,100,TGT
2025-11-10,9:35:02.119028236,T,92.0,100,92.16,200,TGT
2025-11-10,9:35:02.119058159,T,92.0,100,92.22,100,TGT
2025-11-10,9:35:02.178585199,T,92.0,100,92.16,400,TGT
2025-11-10,9:35:02.178755320,T,92.0,100,92.22,100,TGT
2025-11-10,9:35:05.399277898,T,92.0,100,92.17,100,TGT
2025-11-10,9:35:05.399277898,T,91.97,200,92.17,100,TGT
2025-11-10,9:35:05.399583675,T,91.97,200,92.15,100,TGT
2025-11-10,9:35:05.670228541,T,91.97,100,92.15,100,TGT
2025-11-10,9:35:05.670253551,T,91.87,100,92.15,100,TGT
2025-11-10,9:35:05.681214839,T,91.86,300,92.15,100,TGT
2025-11-10,9:35:05.909408257,T,91.86,300,92.14,100,TGT
2025-11-10,9:35:05.909784168,T,91.86,300,92.14,200,TGT
2025-11-10,9:35:05.909909547,T,91.86,300,92.14,300,TGT
2025-11-10,9:35:05.909919500,T,91.86,300,92.14,400,TGT
2025-11-10,9:35:05.909934913,T,91.86,300,92.13,400,TGT
2025-11-10,9:35:05.910185097,T,91.86,200,92.13,400,TGT
2025-11-10,9:35:05.910210223,T,91.86,200,92.06,100,TGT
2025-11-10,9:35:05.910330414,T,91.86,200,92.06,200,TGT
2025-11-10,9:35:05.910666263,T,91.82,100,92.06,200,TGT
2025-11-10,9:35:05.910736462,T,91.82,100,92.06,300,TGT
2025-11-10,9:35:05.910766535,T,91.82,100,92.06,200,TGT
2025-11-10,9:35:05.910771940,T,91.82,100,92.06,500,TGT
2025-11-10,9:35:05.910841638,T,91.82,100,92.06,200,TGT
2025-11-10,9:35:05.910871705,T,91.95,100,92.06,200,TGT
2025-11-10,9:35:05.910881728,T,91.95,100,92.06,100,TGT
2025-11-10,9:35:05.911152376,T,91.95,100,92.06,200,TGT
2025-11-10,9:35:05.911463147,T,91.95,100,92.05,100,TGT
2025-11-10,9:35:05.917121676,T,91.82,100,92.05,100,TGT
2025-11-10,9:35:05.919236694,T,91.95,200,92.05,100,TGT
2025-11-10,9:35:06.010539234,T,91.95,200,92.1,200,TGT
2025-11-10,9:35:06.010589288,T,91.95,200,92.05,100,TGT
2025-11-10,9:35:06.011321093,T,91.95,200,92.1,200,TGT
2025-11-10,9:35:06.011376167,T,91.95,200,92.05,100,TGT
2025-11-10,9:35:06.012739415,T,91.95,200,92.1,200,TGT
2025-11-10,9:35:06.095205913,T,91.95,200,92.05,100,TGT
2025-11-10,9:35:06.095431433,T,91.95,200,92.05,200,TGT
2025-11-10,9:35:06.095626957,T,91.95,200,92.05,300,TGT
2025-11-10,9:35:06.441551113,T,91.95,200,92.05,200,TGT
2025-11-10,9:35:06.441621287,T,91.95,200,92.05,100,TGT
2025-11-10,9:35:07.504488382,T,91.77,300,92.05,100,TGT
2025-11-10,9:35:07.504523486,T,91.96,200,92.05,100,TGT
2025-11-10,9:35:08.182343412,T,91.96,200,92.1,100,TGT
2025-11-10,9:35:08.182363608,T,91.96,200,92.14,100,TGT
2025-11-10,9:35:08.182363608,T,92.01,100,92.14,100,TGT
2025-11-10,9:35:08.182388430,T,92.01,100,92.22,100,TGT
2025-11-10,9:35:08.184072380,T,92.01,200,92.22,100,TGT
2025-11-10,9:35:08.184107538,T,92.01,100,92.22,100,TGT
2025-11-10,9:35:08.193750556,T,92.01,300,92.22,100,TGT
2025-11-10,9:35:08.282371628,T,92.01,200,92.22,100,TGT
2025-11-10,9:35:12.217406533,T,92.01,200,92.14,100,TGT
2025-11-10,9:35:13.036317468,T,92.01,200,92.14,200,TGT
2025-11-10,9:35:13.331320214,T,91.82,100,92.14,200,TGT
2025-11-10,9:35:13.331340303,T,91.77,300,92.14,200,TGT
2025-11-10,9:35:13.780735996,T,91.77,300,92.14,100,TGT
2025-11-10,9:35:14.812804690,T,91.77,300,92.14,300,TGT
2025-11-10,9:35:18.887241661,T,91.77,300,92.14,100,TGT
2025-11-10,9:35:19.761384148,T,91.77,300,92.1,200,TGT
2025-11-10,9:35:19.811303134,T,91.77,300,92.1,300,TGT
2025-11-10,9:35:20.170092901,T,91.77,300,92.1,400,TGT
2025-11-10,9:35:20.959764189,T,91.77,300,92.1,300,TGT
2025-11-10,9:35:22.027989330,T,91.77,300,92.1,600,TGT
2025-11-10,9:35:22.028019388,T,91.77,300,92.1,300,TGT
2025-11-10,9:35:24.108771779,T,91.77,300,92.1,100,TGT
2025-11-10,9:35:24.108787182,T,91.77,300,92.15,100,TGT
2025-11-10,9:35:24.108801679,T,91.82,100,92.15,100,TGT
2025-11-10,9:35:24.108811704,T,91.96,100,92.15,100,TGT
2025-11-10,9:35:24.108811704,T,91.98,100,92.15,100,TGT
2025-11-10,9:35:24.108821638,T,91.98,200,92.15,100,TGT
2025-11-10,9:35:24.108851752,T,92.03,100,92.15,100,TGT
2025-11-10,9:35:24.108856724,T,92.03,400,92.15,100,TGT
2025-11-10,9:35:24.109317899,T,92.04,300,92.15,100,TGT
2025-11-10,9:35:24.109358048,T,92.04,400,92.15,100,TGT
2025-11-10,9:35:24.109358048,T,92.04,300,92.15,100,TGT
2025-11-10,9:35:24.109358048,T,92.04,400,92.15,100,TGT
2025-11-10,9:35:24.109362927,T,92.04,500,92.15,100,TGT
2025-11-10,9:35:24.109428066,T,92.07,300,92.15,100,TGT
2025-11-10,9:35:24.110225046,T,92.04,500,92.15,100,TGT
2025-11-10,9:35:24.110360292,T,92.04,400,92.15,100,TGT
2025-11-10,9:35:24.110390781,T,92.05,300,92.15,100,TGT
2025-11-10,9:35:24.119371810,T,92.04,400,92.15,100,TGT
2025-11-10,9:35:24.144120783,T,92.04,100,92.15,100,TGT
2025-11-10,9:35:24.209341421,T,91.9,100,92.15,100,TGT
2025-11-10,9:35:25.043428238,T,91.82,100,92.15,100,TGT
2025-11-10,9:35:25.767277666,T,91.85,200,92.15,100,TGT
2025-11-10,9:35:25.767302765,T,91.85,300,92.15,100,TGT
2025-11-10,9:35:27.710407147,T,91.85,300,92.29,200,TGT
2025-11-10,9:35:27.715554816,T,91.85,300,92.29,100,TGT
2025-11-10,9:35:27.715579468,T,91.9,100,92.29,100,TGT
2025-11-10,9:35:27.715584465,T,92.02,100,92.29,100,TGT
2025-11-10,9:35:27.715604579,T,92.02,100,92.29,200,TGT
2025-11-10,9:35:27.715609698,T,91.95,100,92.29,200,TGT
2025-11-10,9:35:27.715609698,T,92.03,100,92.29,200,TGT
2025-11-10,9:35:27.715624752,T,92.02,100,92.29,200,TGT
2025-11-10,9:35:27.715624752,T,92.03,100,92.29,200,TGT
2025-11-10,9:35:27.715629643,T,92.04,100,92.29,200,TGT
2025-11-10,9:35:27.715644583,T,92.04,100,92.29,100,TGT
2025-11-10,9:35:27.715654595,T,92.03,100,92.29,100,TGT
2025-11-10,9:35:27.715664755,T,91.95,100,92.29,100,TGT
2025-11-10,9:35:27.715664755,T,92.03,100,92.29,100,TGT
2025-11-10,9:35:27.715674706,T,92.07,100,92.29,100,TGT
2025-11-10,9:35:27.715719845,T,92.04,100,92.29,100,TGT
2025-11-10,9:35:27.725693603,T,91.94,100,92.29,100,TGT
2025-11-10,9:35:27.725698532,T,91.91,100,92.29,100,TGT
2025-11-10,9:35:27.725708641,T,91.93,100,92.29,100,TGT
2025-11-10,9:35:27.725718563,T,91.91,100,92.29,100,TGT
2025-11-10,9:35:27.725733665,T,91.91,200,92.29,100,TGT
2025-11-10,9:35:27.725733665,T,91.91,100,92.29,100,TGT
2025-11-10,9:35:27.749791552,T,91.91,200,92.29,100,TGT
2025-11-10,9:35:27.749811010,T,91.92,100,92.29,100,TGT
2025-11-10,9:35:27.749821053,T,91.91,200,92.29,100,TGT
2025-11-10,9:35:27.749846055,T,92.06,100,92.29,100,TGT
2025-11-10,9:35:27.749876153,T,92.07,100,92.29,100,TGT
2025-11-10,9:35:27.749911277,T,92.09,100,92.29,100,TGT
2025-11-10,9:35:27.749961404,T,92.1,100,92.29,100,TGT
2025-11-10,9:35:27.749971384,T,92.09,100,92.29,100,TGT
2025-11-10,9:35:27.749986467,T,92.11,100,92.29,100,TGT
2025-11-10,9:35:27.750412476,T,92.09,100,92.29,100,TGT
2025-11-10,9:35:27.750437567,T,92.09,100,92.36,200,TGT
2025-11-10,9:35:27.754913225,T,92.09,100,92.31,100,TGT
2025-11-10,9:35:27.754983359,T,92.09,100,92.23,100,TGT
2025-11-10,9:35:27.755068556,T,92.07,100,92.23,100,TGT
2025-11-10,9:35:27.755143777,T,92.06,100,92.23,100,TGT
2025-11-10,9:35:27.755163739,T,92.06,100,92.21,100,TGT
2025-11-10,9:35:27.755174133,T,92.06,100,92.17,100,TGT
2025-11-10,9:35:27.755174133,T,92.07,300,92.17,100,TGT
2025-11-10,9:35:27.755193814,T,92.07,300,92.21,100,TGT
2025-11-10,9:35:27.755464530,T,92.08,300,92.21,100,TGT
2025-11-10,9:35:27.755484487,T,92.08,300,92.22,100,TGT
2025-11-10,9:35:27.755585353,T,92.07,400,92.22,100,TGT
2025-11-10,9:35:27.755589786,T,92.07,100,92.22,100,TGT
2025-11-10,9:35:27.755649985,T,91.97,100,92.22,100,TGT
2025-11-10,9:35:27.756206305,T,91.97,100,92.23,200,TGT
2025-11-10,9:35:27.756301474,T,91.91,200,92.23,200,TGT
2025-11-10,9:35:27.759834884,T,91.91,100,92.23,200,TGT
2025-11-10,9:35:27.855207045,T,91.91,100,92.23,100,TGT
2025-11-10,9:35:27.915756294,T,91.9,100,92.23,100,TGT
2025-11-10,9:35:29.587820038,T,91.91,100,92.23,100,TGT
2025-11-10,9:35:29.587820038,T,91.97,100,92.23,100,TGT
2025-11-10,9:35:29.587820038,T,92.07,100,92.23,100,TGT
2025-11-10,9:35:29.587824785,T,92.07,100,92.36,300,TGT
2025-11-10,9:35:29.587849769,T,92.01,100,92.36,300,TGT
2025-11-10,9:35:29.588045280,T,92.05,100,92.36,300,TGT
2025-11-10,9:35:29.588060325,T,92.05,100,92.36,200,TGT
2025-11-10,9:35:29.588120459,T,92.07,100,92.36,200,TGT
2025-11-10,9:35:29.588150528,T,92.08,300,92.36,200,TGT
2025-11-10,9:35:29.588516354,T,92.07,100,92.36,200,TGT
2025-11-10,9:35:29.588541412,T,92.05,100,92.36,200,TGT
2025-11-10,9:35:29.598134270,T,91.98,100,92.36,200,TGT
2025-11-10,9:35:29.787991621,T,91.97,100,92.36,200,TGT
2025-11-10,9:35:30.124047291,T,91.97,100,92.21,100,TGT
2025-11-10,9:35:30.555279659,T,91.97,100,92.36,200,TGT
2025-11-10,9:35:32.525077420,T,91.97,100,92.23,100,TGT
2025-11-10,9:35:32.977780981,T,91.97,100,92.21,100,TGT
2025-11-10,9:35:32.982447113,T,91.97,100,92.23,100,TGT
2025-11-10,9:35:33.304188555,T,91.97,100,92.21,100,TGT
2025-11-10,9:35:33.918622509,T,91.97,100,92.21,200,TGT
2025-11-10,9:35:36.825011533,T,91.94,100,92.21,200,TGT
2025-11-10,9:35:36.834283619,T,91.94,100,92.21,100,TGT
2025-11-10,9:35:36.848878496,T,91.94,100,92.36,200,TGT
2025-11-10,9:35:36.848903447,T,92.15,100,92.36,200,TGT
2025-11-10,9:35:36.849289366,T,92.11,100,92.36,200,TGT
2025-11-10,9:35:36.849309408,T,92.11,100,92.36,300,TGT
2025-11-10,9:35:36.849309408,T,92.11,100,92.24,100,TGT
2025-11-10,9:35:36.849314527,T,92.11,100,92.24,200,TGT
2025-11-10,9:35:36.849339533,T,92.11,100,92.21,100,TGT
2025-11-10,9:35:36.849560055,T,92.11,200,92.21,100,TGT
2025-11-10,9:35:36.849740443,T,92.11,200,92.24,100,TGT
2025-11-10,9:35:36.849740443,T,92.11,200,92.2,100,TGT
2025-11-10,9:35:36.849986108,T,92.11,100,92.2,100,TGT
2025-11-10,9:35:37.894975721,T,91.97,100,92.2,100,TGT
2025-11-10,9:35:40.107677280,T,91.85,300,92.2,100,TGT
2025-11-10,9:35:40.107697273,T,91.85,300,92.36,300,TGT
2025-11-10,9:35:40.107702333,T,91.85,300,92.18,100,TGT
2025-11-10,9:35:40.107762414,T,91.85,300,92.15,100,TGT
2025-11-10,9:35:40.107797576,T,91.85,300,92.17,100,TGT
2025-11-10,9:35:40.107817563,T,91.85,300,92.2,100,TGT
2025-11-10,9:35:40.107822553,T,91.87,100,92.2,100,TGT
2025-11-10,9:35:40.107842645,T,91.88,100,92.2,100,TGT
2025-11-10,9:35:40.107957870,T,91.88,100,92.18,100,TGT
2025-11-10,9:35:40.317943250,T,91.88,100,92.2,100,TGT
2025-11-10,9:35:42.119379950,T,91.87,100,92.2,100,TGT
2025-11-10,9:35:42.724386298,T,91.87,100,92.29,100,TGT
2025-11-10,9:35:44.003714351,T,91.86,100,92.29,100,TGT
2025-11-10,9:35:44.820084238,T,91.86,100,92.14,100,TGT
2025-11-10,9:35:44.820104234,T,91.86,100,92.14,200,TGT
2025-11-10,9:35:49.941545519,T,91.85,300,92.14,200,TGT
2025-11-10,9:35:50.852896821,T,91.85,300,92.13,100,TGT
2025-11-10,9:35:50.852911974,T,91.85,300,92.09,100,TGT
2025-11-10,9:35:50.852951926,T,91.85,300,92.09,200,TGT
2025-11-10,9:35:50.852951926,T,91.85,300,92.09,100,TGT
2025-11-10,9:35:50.852961883,T,91.85,300,92.08,100,TGT
2025-11-10,9:35:50.853448089,T,91.85,300,92.07,100,TGT
2025-11-10,9:35:50.854505637,T,91.85,200,92.07,100,TGT
2025-11-10,9:35:50.856329910,T,91.85,200,92.04,100,TGT
2025-11-10,9:35:50.856344953,T,91.85,200,92.03,100,TGT
2025-11-10,9:35:50.856700838,T,91.85,200,92.03,200,TGT
2025-11-10,9:35:50.856796076,T,91.85,200,92.03,300,TGT
2025-11-10,9:35:50.857131868,T,91.85,200,92.02,300,TGT
2025-11-10,9:35:50.857141928,T,91.85,200,92.03,300,TGT
2025-11-10,9:35:50.857151962,T,91.85,200,92.03,200,TGT
2025-11-10,9:35:50.857151962,T,91.85,200,92.03,300,TGT
2025-11-10,9:35:50.857161895,T,91.85,200,92.03,200,TGT
2025-11-10,9:35:50.857172596,T,91.85,200,92.03,400,TGT
2025-11-10,9:35:50.857186952,T,91.85,200,92.03,200,TGT
2025-11-10,9:35:50.857628091,T,91.85,200,92.02,300,TGT
2025-11-10,9:35:50.857833506,T,91.82,100,92.02,300,TGT
2025-11-10,9:35:50.857858637,T,91.82,100,92.08,100,TGT
2025-11-10,9:35:50.857883622,T,91.82,100,92.02,300,TGT
2025-11-10,9:35:50.857938777,T,91.82,100,92.08,100,TGT
2025-11-10,9:35:50.857968905,T,91.82,100,92.02,400,TGT
2025-11-10,9:35:50.858199358,T,91.82,100,92.08,100,TGT
2025-11-10,9:35:50.861938335,T,91.86,100,92.08,100,TGT
2025-11-10,9:35:53.660089717,T,91.86,100,92.09,200,TGT
2025-11-10,9:35:53.660605894,T,91.86,100,92.02,100,TGT
2025-11-10,9:35:53.660625915,T,91.86,100,92.09,200,TGT
2025-11-10,9:35:53.660625915,T,91.86,100,92.01,100,TGT
2025-11-10,9:35:55.988090897,T,91.75,100,92.01,100,TGT
2025-11-10,9:35:55.988125965,T,91.87,100,92.01,100,TGT
2025-11-10,9:35:56.196848249,T,91.87,100,92.09,200,TGT
2025-11-10,9:35:57.084202256,T,91.87,100,92.01,100,TGT
2025-11-10,9:35:57.084222342,T,91.87,100,92.09,200,TGT
2025-11-10,9:35:57.084227343,T,91.87,100,91.98,100,TGT
2025-11-10,9:35:58.102147465,T,91.87,100,91.98,200,TGT
2025-11-10,9:35:58.102167461,T,91.87,100,91.98,100,TGT
2025-11-10,9:35:58.102167461,T,91.87,100,91.97,100,TGT
2025-11-10,9:35:58.102177416,T,91.87,100,91.98,100,TGT
2025-11-10,9:35:58.102197561,T,91.87,100,91.92,100,TGT
2025-11-10,9:35:58.102207574,T,91.87,100,91.92,200,TGT
2025-11-10,9:35:58.102408053,T,91.82,100,91.92,200,TGT
2025-11-10,9:35:58.102448144,T,91.82,100,91.89,100,TGT
2025-11-10,9:35:58.103441156,T,91.82,100,91.92,100,TGT
2025-11-10,9:35:58.103441156,T,91.82,100,91.95,100,TGT
2025-11-10,9:35:58.103445818,T,91.82,100,91.92,100,TGT
2025-11-10,9:35:58.103455817,T,91.82,100,91.95,100,TGT
2025-11-10,9:35:58.103470553,T,91.75,100,91.95,100,TGT
2025-11-10,9:35:58.103475607,T,91.75,100,92.09,200,TGT
2025-11-10,9:35:58.103495644,T,91.75,100,91.91,100,TGT
2025-11-10,9:35:58.103831434,T,91.82,100,91.91,100,TGT
2025-11-10,9:35:58.103986764,T,91.75,100,91.91,100,TGT
2025-11-10,9:35:58.104122072,T,91.82,100,91.91,100,TGT
2025-11-10,9:35:58.104157161,T,91.75,100,91.91,100,TGT
2025-11-10,9:35:58.104528132,T,91.75,100,92.09,100,TGT
2025-11-10,9:35:58.113840266,T,91.75,100,92.09,200,TGT
2025-11-10,9:35:58.113865266,T,91.75,100,91.98,100,TGT
2025-11-10,9:35:58.113865266,T,91.75,100,91.96,100,TGT
2025-11-10,9:35:58.116737111,T,91.86,200,91.96,100,TGT
2025-11-10,9:35:58.117473905,T,91.86,200,91.97,100,TGT
2025-11-10,9:35:58.123428146,T,91.86,200,92.09,200,TGT
2025-11-10,9:35:58.123458180,T,91.86,200,92.09,100,TGT
2025-11-10,9:35:58.322417331,T,91.86,200,91.98,100,TGT
2025-11-10,9:36:00.782603490,T,91.86,200,91.96,100,TGT
2025-11-10,9:36:02.337387591,T,91.86,200,91.98,100,TGT
2025-11-10,9:36:02.337422729,T,91.92,100,91.98,100,TGT
2025-11-10,9:36:02.337442746,T,91.92,100,92.09,100,TGT
2025-11-10,9:36:02.347441729,T,91.87,100,92.09,100,TGT
2025-11-10,9:36:02.347441729,T,91.86,300,92.09,100,TGT
2025-11-10,9:36:02.347446505,T,91.86,200,92.09,100,TGT
2025-11-10,9:36:02.347787341,T,91.82,100,92.09,100,TGT
2025-11-10,9:36:02.347822438,T,91.92,200,92.09,100,TGT
2025-11-10,9:36:03.445898553,T,91.78,100,92.09,100,TGT
2025-11-10,9:36:03.445933560,T,91.93,200,92.09,100,TGT
2025-11-10,9:36:06.157924583,T,91.93,200,92.13,200,TGT
2025-11-10,9:36:06.166695419,T,91.93,200,92.13,100,TGT
2025-11-10,9:36:06.166720535,T,91.93,200,92.14,200,TGT
2025-11-10,9:36:06.166745873,T,91.93,200,92.14,100,TGT
2025-11-10,9:36:06.166850818,T,91.93,200,92.19,300,TGT
2025-11-10,9:36:06.166875837,T,91.93,200,92.19,200,TGT
2025-11-10,9:36:06.167171599,T,91.93,300,92.19,200,TGT
2025-11-10,9:36:06.167317086,T,91.93,400,92.19,200,TGT
2025-11-10,9:36:06.167321894,T,91.94,400,92.19,200,TGT
2025-11-10,9:36:06.168194111,T,91.94,500,92.19,200,TGT
2025-11-10,9:36:06.168199361,T,92.01,100,92.19,200,TGT
2025-11-10,9:36:06.168209227,T,91.96,100,92.19,200,TGT
2025-11-10,9:36:06.168224096,T,91.95,100,92.19,200,TGT
2025-11-10,9:36:06.168254388,T,91.96,100,92.19,200,TGT
2025-11-10,9:36:06.168254388,T,91.97,100,92.19,200,TGT
2025-11-10,9:36:06.168259203,T,91.98,100,92.19,200,TGT
2025-11-10,9:36:06.168269334,T,91.97,100,92.19,200,TGT
2025-11-10,9:36:06.168279178,T,91.98,100,92.19,200,TGT
2025-11-10,9:36:06.168284242,T,91.97,100,92.19,200,TGT
2025-11-10,9:36:06.168314338,T,91.98,100,92.19,200,TGT
2025-11-10,9:36:06.177566386,T,92.01,200,92.19,200,TGT
2025-11-10,9:36:06.177786855,T,92.01,300,92.19,200,TGT
2025-11-10,9:36:06.372210018,T,92.01,200,92.19,200,TGT
2025-11-10,9:36:06.372235084,T,92.02,100,92.19,200,TGT
2025-11-10,9:36:06.372235084,T,92.01,200,92.19,200,TGT
2025-11-10,9:36:06.372385530,T,92.01,200,92.23,100,TGT
2025-11-10,9:36:06.372560905,T,92.01,300,92.23,100,TGT
2025-11-10,9:36:06.373738688,T,92.01,200,92.23,100,TGT
2025-11-10,9:36:06.382058560,T,91.92,100,92.23,100,TGT
2025-11-10,9:36:06.382093590,T,92.02,200,92.23,100,TGT
2025-11-10,9:36:09.798061933,T,91.82,100,92.23,100,TGT
2025-11-10,9:36:09.798097013,T,92.03,200,92.23,100,TGT
2025-11-10,9:36:11.597684302,T,92.04,200,92.23,100,TGT
2025-11-10,9:36:11.597819622,T,92.03,600,92.23,100,TGT
2025-11-10,9:36:11.597819622,T,92.03,200,92.23,100,TGT
2025-11-10,9:36:11.601102386,T,91.82,300,92.23,100,TGT
2025-11-10,9:36:11.601122539,T,91.82,200,92.23,100,TGT
2025-11-10,9:36:11.601142509,T,92.04,200,92.23,100,TGT
2025-11-10,9:36:12.302523488,T,92.05,200,92.23,100,TGT
2025-11-10,9:36:12.302608729,T,92.04,200,92.23,100,TGT
2025-11-10,9:36:12.481660338,T,92.04,300,92.23,100,TGT
2025-11-10,9:36:12.481670283,T,92.05,100,92.23,100,TGT
2025-11-10,9:36:12.481685313,T,92.08,100,92.23,100,TGT
2025-11-10,9:36:12.481805710,T,92.05,100,92.23,100,TGT
2025-11-10,9:36:12.481865794,T,92.04,300,92.23,100,TGT
2025-11-10,9:36:12.482341943,T,92.04,300,92.27,100,TGT
2025-11-10,9:36:12.482361979,T,92.04,300,92.35,200,TGT
2025-11-10,9:36:12.482397018,T,92.04,300,92.35,300,TGT
2025-11-10,9:36:12.482467189,T,92.04,300,92.34,100,TGT
2025-11-10,9:36:12.482602588,T,92.04,300,92.23,100,TGT
2025-11-10,9:36:12.482712824,T,92.06,300,92.23,100,TGT
2025-11-10,9:36:12.482737834,T,92.04,300,92.23,100,TGT
2025-11-10,9:36:12.486015653,T,92.04,100,92.23,100,TGT
2025-11-10,9:36:12.486040795,T,91.92,100,92.23,100,TGT
2025-11-10,9:36:13.328152102,T,91.92,100,92.16,100,TGT
2025-11-10,9:36:15.022403442,T,91.91,100,92.16,100,TGT
2025-11-10,9:36:15.022443547,T,91.82,300,92.16,100,TGT
2025-11-10,9:36:15.022458733,T,91.86,100,92.16,100,TGT
2025-11-10,9:36:15.022468684,T,91.86,100,92.23,100,TGT
2025-11-10,9:36:15.022508769,T,91.87,100,92.23,100,TGT
2025-11-10,9:36:15.045729020,T,91.87,100,92.16,100,TGT
2025-11-10,9:36:16.971166227,T,91.86,100,92.16,100,TGT
2025-11-10,9:36:16.977060236,T,91.82,300,92.16,100,TGT
2025-11-10,9:36:16.977105331,T,91.82,200,92.16,100,TGT
2025-11-10,9:36:17.551333390,T,91.82,200,92.23,100,TGT
2025-11-10,9:36:17.551423637,T,91.82,200,92.35,300,TGT
2025-11-10,9:36:17.551453685,T,91.82,300,92.35,300,TGT
2025-11-10,9:36:17.551459152,T,92.04,100,92.35,300,TGT
2025-11-10,9:36:17.551463680,T,92.04,100,92.33,100,TGT
2025-11-10,9:36:17.551483750,T,92.04,100,92.32,100,TGT
2025-11-10,9:36:17.551488764,T,91.82,300,92.32,100,TGT
2025-11-10,9:36:17.551493777,T,91.9,100,92.32,100,TGT
2025-11-10,9:36:17.551538869,T,91.82,300,92.32,100,TGT
2025-11-10,9:36:17.551754419,T,91.98,100,92.32,100,TGT
2025-11-10,9:36:17.551759377,T,91.99,100,92.32,100,TGT
2025-11-10,9:36:17.561913668,T,91.98,100,92.32,100,TGT
2025-11-10,9:36:17.561918596,T,91.91,100,92.32,100,TGT
2025-11-10,9:36:17.605036301,T,91.91,100,92.33,100,TGT
2025-11-10,9:36:18.549305973,T,91.91,100,92.23,100,TGT
2025-11-10,9:36:18.549331043,T,91.91,100,92.35,300,TGT
2025-11-10,9:36:18.608732531,T,91.82,300,92.35,300,TGT
2025-11-10,9:36:19.037594181,T,91.93,100,92.35,300,TGT
2025-11-10,9:36:20.390868305,T,91.98,100,92.35,300,TGT
2025-11-10,9:36:20.390903356,T,91.98,200,92.35,300,TGT
2025-11-10,9:36:20.861078482,T,91.98,200,92.35,200,TGT
2025-11-10,9:36:20.861489540,T,92.04,100,92.35,200,TGT
2025-11-10,9:36:20.861554636,T,92.08,100,92.35,200,TGT
2025-11-10,9:36:21.254405537,T,92.08,100,92.24,200,TGT
2025-11-10,9:36:21.557357534,T,92.09,300,92.24,200,TGT
2025-11-10,9:36:21.557612945,T,92.08,100,92.24,200,TGT
2025-11-10,9:36:25.238231593,T,92.08,100,92.19,100,TGT
2025-11-10,9:36:25.238231593,T,92.07,100,92.19,100,TGT
2025-11-10,9:36:25.238231593,T,92.04,100,92.19,100,TGT
2025-11-10,9:36:25.238251638,T,91.98,200,92.19,100,TGT
2025-11-10,9:36:25.238457168,T,91.98,200,92.19,200,TGT
2025-11-10,9:36:25.238477208,T,91.98,200,92.19,100,TGT
2025-11-10,9:36:25.238492272,T,91.98,200,92.15,100,TGT
2025-11-10,9:36:25.238823020,T,91.98,100,92.15,100,TGT
2025-11-10,9:36:25.238933263,T,91.98,100,92.15,200,TGT
2025-11-10,9:36:25.238948367,T,91.98,100,92.15,300,TGT
2025-11-10,9:36:25.238963432,T,91.98,100,92.15,600,TGT
2025-11-10,9:36:25.238998494,T,91.98,100,92.15,300,TGT
2025-11-10,9:36:25.239003490,T,91.98,100,92.15,200,TGT
2025-11-10,9:36:25.239013459,T,91.98,100,92.14,400,TGT
2025-11-10,9:36:25.340019127,T,91.98,200,92.14,400,TGT
2025-11-10,9:36:25.340054218,T,91.98,200,92.19,200,TGT
2025-11-10,9:36:25.341232001,T,91.98,200,92.14,100,TGT
2025-11-10,9:36:27.654052212,T,91.98,200,92.14,200,TGT
2025-11-10,9:36:28.962108436,T,91.98,200,92.13,100,TGT
2025-11-10,9:36:29.393551338,T,91.98,200,92.14,200,TGT
2025-11-10,9:36:30.394140122,T,91.99,100,92.14,200,TGT
2025-11-10,9:36:34.224916661,T,91.99,100,92.13,100,TGT
2025-11-10,9:36:34.224926682,T,91.98,200,92.13,100,TGT
