DATE,TIME_M,EX,BID,BIDSIZ,ASK,ASKSIZ,SYM_ROOT
2025-11-07,9:30:01.257995386,T,89.15,400,89.36,100,TGT
2025-11-07,9:30:01.297068426,T,89.17,100,89.36,100,TGT
2025-11-07,9:30:01.357387125,T,89.22,100,89.36,100,TGT
2025-11-07,9:30:01.357642729,T,89.17,200,89.36,100,TGT
2025-11-07,9:30:01.357642729,T,89.22,100,89.36,100,TGT
2025-11-07,9:30:01.358950892,T,89.17,200,89.36,100,TGT
2025-11-07,9:30:01.364749655,T,89.17,100,89.36,100,TGT
2025-11-07,9:30:01.382241355,T,89.15,400,89.36,100,TGT
2025-11-07,9:30:01.449361450,T,89.15,700,89.36,100,TGT
2025-11-07,9:30:01.449371603,T,89.15,800,89.36,100,TGT
2025-11-07,9:30:01.449401434,T,89.15,900,89.36,100,TGT
2025-11-07,9:30:01.456733839,T,89.15,800,89.36,100,TGT
2025-11-07,9:30:01.485026227,T,89.15,800,89.38,500,TGT
2025-11-07,9:30:01.485051378,T,89.28,100,89.38,500,TGT
2025-11-07,9:30:01.485051378,T,89.36,100,89.38,500,TGT
2025-11-07,9:30:01.485081374,T,89.28,100,89.38,500,TGT
2025-11-07,9:30:01.546387446,T,89.15,800,89.38,500,TGT
2025-11-07,9:30:01.587355085,T,89.15,500,89.38,500,TGT
2025-11-07,9:30:02.295081182,T,89.15,400,89.38,500,TGT
2025-11-07,9:30:02.599326050,T,89.15,500,89.38,500,TGT
2025-11-07,9:30:08.908155716,T,89.15,400,89.38,500,TGT
2025-11-07,9:30:08.915082206,T,89.15,200,89.38,500,TGT
2025-11-07,9:30:15.003707589,T,89.15,200,89.37,100,TGT
2025-11-07,9:30:15.004133622,T,89.15,200,89.37,200,TGT
2025-11-07,9:30:15.485079474,T,89.16,100,89.37,200,TGT
2025-11-07,9:30:15.485089417,T,89.16,100,89.36,100,TGT
2025-11-07,9:30:15.485425225,T,89.16,100,89.36,200,TGT
2025-11-07,9:30:15.485670792,T,89.15,200,89.36,200,TGT
2025-11-07,9:30:15.485941559,T,89.15,200,89.36,300,TGT
2025-11-07,9:30:15.486643136,T,89.16,100,89.36,300,TGT
2025-11-07,9:30:16.003213806,T,89.16,100,89.36,200,TGT
2025-11-07,9:30:16.579607031,T,89.16,100,89.36,100,TGT
2025-11-07,9:30:16.751667004,T,89.16,100,89.36,200,TGT
2025-11-07,9:30:16.752895071,T,89.16,100,89.36,100,TGT
2025-11-07,9:30:16.842653814,T,89.15,300,89.36,100,TGT
2025-11-07,9:30:16.842663823,T,89.15,300,89.36,200,TGT
2025-11-07,9:30:16.843079800,T,89.16,100,89.36,200,TGT
2025-11-07,9:30:16.851364523,T,89.16,100,89.36,100,TGT
2025-11-07,9:30:17.373227734,T,89.15,300,89.36,100,TGT
2025-11-07,9:30:17.373237726,T,89.15,300,89.36,200,TGT
2025-11-07,9:30:17.373994571,T,89.15,300,89.36,100,TGT
2025-11-07,9:30:17.559225845,T,89.16,100,89.36,100,TGT
2025-11-07,9:30:17.691250378,T,89.15,300,89.36,100,TGT
2025-11-07,9:30:17.719963801,T,89.16,100,89.36,100,TGT
2025-11-07,9:30:17.905034702,T,89.15,300,89.36,100,TGT
2025-11-07,9:30:17.905039711,T,89.15,300,89.36,200,TGT
2025-11-07,9:30:17.911129249,T,89.15,300,89.36,100,TGT
2025-11-07,9:30:18.935960748,T,89.15,300,89.36,200,TGT
2025-11-07,9:30:18.989753934,T,89.15,300,89.36,100,TGT
2025-11-07,9:30:19.045451591,T,89.16,100,89.36,100,TGT
2025-11-07,9:30:19.045712252,T,89.15,300,89.36,100,TGT
2025-11-07,9:30:19.125783038,T,89.16,100,89.36,100,TGT
2025-11-07,9:30:19.575073393,T,89.16,100,89.36,200,TGT
2025-11-07,9:30:19.676805722,T,89.16,100,89.36,100,TGT
2025-11-07,9:30:19.838079930,T,89.16,100,89.36,200,TGT
2025-11-07,9:30:19.846695436,T,89.16,100,89.36,100,TGT
2025-11-07,9:30:19.971873700,T,89.16,100,89.36,200,TGT
2025-11-07,9:30:19.978374140,T,89.16,100,89.36,100,TGT
2025-11-07,9:30:20.344787066,T,89.16,100,89.36,200,TGT
2025-11-07,9:30:20.347648936,T,89.16,100,89.36,100,TGT
2025-11-07,9:30:20.563919139,T,89.15,300,89.36,100,TGT
2025-11-07,9:30:21.399755397,T,89.16,100,89.36,100,TGT
2025-11-07,9:30:21.566447421,T,89.15,300,89.36,100,TGT
2025-11-07,9:30:21.612442074,T,89.15,200,89.36,100,TGT
2025-11-07,9:30:21.723511676,T,89.15,200,89.36,200,TGT
2025-11-07,9:30:21.886630188,T,89.16,100,89.36,200,TGT
2025-11-07,9:30:21.966655894,T,89.16,100,89.36,100,TGT
2025-11-07,9:30:22.053562902,T,89.16,100,89.36,200,TGT
2025-11-07,9:30:22.111886917,T,89.16,100,89.36,100,TGT
2025-11-07,9:30:22.132556065,T,89.16,100,89.36,200,TGT
2025-11-07,9:30:22.387287979,T,89.16,100,89.36,100,TGT
2025-11-07,9:30:22.489907450,T,89.16,100,89.36,200,TGT
2025-11-07,9:30:22.725443591,T,89.16,100,89.36,100,TGT
2025-11-07,9:30:23.399494448,T,89.15,200,89.36,100,TGT
2025-11-07,9:30:23.399494448,T,89.15,200,89.36,200,TGT
2025-11-07,9:30:23.733625456,T,89.15,200,89.36,100,TGT
2025-11-07,9:30:23.915849526,T,89.15,200,89.36,200,TGT
2025-11-07,9:30:23.931141150,T,89.15,200,89.35,100,TGT
2025-11-07,9:30:23.932138446,T,89.15,200,89.35,200,TGT
2025-11-07,9:30:24.911902600,T,89.16,100,89.35,200,TGT
2025-11-07,9:30:25.071101923,T,89.15,200,89.35,200,TGT
2025-11-07,9:30:25.438933264,T,89.17,100,89.35,200,TGT
2025-11-07,9:30:25.669873342,T,89.15,200,89.35,200,TGT
2025-11-07,9:30:25.669898475,T,89.16,100,89.35,200,TGT
2025-11-07,9:30:25.692838110,T,89.15,200,89.35,200,TGT
2025-11-07,9:30:25.739499252,T,89.15,200,89.34,100,TGT
2025-11-07,9:30:25.739514306,T,89.15,200,89.34,200,TGT
2025-11-07,9:30:25.739524340,T,89.15,200,89.34,300,TGT
2025-11-07,9:30:25.739544382,T,89.16,100,89.34,300,TGT
2025-11-07,9:30:25.739554361,T,89.16,100,89.34,400,TGT
2025-11-07,9:30:25.739659610,T,89.15,200,89.34,400,TGT
2025-11-07,9:30:25.739940307,T,89.15,200,89.33,100,TGT
2025-11-07,9:30:25.739950318,T,89.15,200,89.31,100,TGT
2025-11-07,9:30:25.739960377,T,89.15,200,89.32,100,TGT
2025-11-07,9:30:25.739985385,T,89.15,200,89.31,100,TGT
2025-11-07,9:30:25.740366411,T,89.15,200,89.31,200,TGT
2025-11-07,9:30:26.090906377,T,89.15,200,89.31,300,TGT
2025-11-07,9:30:26.711640226,T,89.15,200,89.31,200,TGT
2025-11-07,9:30:26.711695416,T,89.16,100,89.31,200,TGT
2025-11-07,9:30:26.712171479,T,89.17,100,89.31,200,TGT
2025-11-07,9:30:26.712572511,T,89.16,100,89.31,200,TGT
2025-11-07,9:30:26.712582464,T,89.15,200,89.31,200,TGT
2025-11-07,9:30:26.856044289,T,89.16,100,89.31,200,TGT
2025-11-07,9:30:26.894124952,T,89.15,200,89.31,200,TGT
2025-11-07,9:30:27.301540518,T,89.15,200,89.3,100,TGT
2025-11-07,9:30:27.302006663,T,89.15,200,89.31,100,TGT
2025-11-07,9:30:27.302322448,T,89.15,200,89.31,200,TGT
2025-11-07,9:30:27.302427604,T,89.15,200,89.31,300,TGT
2025-11-07,9:30:27.597941697,T,89.15,200,89.31,200,TGT
2025-11-07,9:30:27.598608229,T,89.15,200,89.31,300,TGT
2025-11-07,9:30:27.767686024,T,89.15,200,89.31,200,TGT
2025-11-07,9:30:27.768116998,T,89.15,200,89.31,100,TGT
2025-11-07,9:30:28.006334567,T,89.17,100,89.31,100,TGT
2025-11-07,9:30:28.006755602,T,89.15,200,89.31,100,TGT
2025-11-07,9:30:28.024913802,T,89.15,200,89.31,200,TGT
2025-11-07,9:30:28.087487939,T,89.15,200,89.31,100,TGT
2025-11-07,9:30:28.341984208,T,89.16,100,89.31,100,TGT
2025-11-07,9:30:28.346605188,T,89.15,200,89.31,100,TGT
2025-11-07,9:30:28.444292968,T,89.16,100,89.31,100,TGT
2025-11-07,9:30:28.640946432,T,89.17,100,89.31,100,TGT
2025-11-07,9:30:28.653546503,T,89.16,100,89.31,100,TGT
2025-11-07,9:30:28.714622017,T,89.15,200,89.31,100,TGT
2025-11-07,9:30:28.779681944,T,89.16,100,89.31,100,TGT
2025-11-07,9:30:28.780268320,T,89.17,100,89.31,100,TGT
2025-11-07,9:30:28.791104234,T,89.16,100,89.31,100,TGT
2025-11-07,9:30:28.846912200,T,89.17,100,89.31,100,TGT
2025-11-07,9:30:28.854134347,T,89.16,100,89.31,100,TGT
2025-11-07,9:30:28.868909557,T,89.15,200,89.31,100,TGT
2025-11-07,9:30:29.051604766,T,89.15,300,89.31,100,TGT
2025-11-07,9:30:29.079506252,T,89.15,200,89.31,100,TGT
2025-11-07,9:30:29.177795453,T,89.15,300,89.31,100,TGT
2025-11-07,9:30:29.178146250,T,89.15,200,89.31,100,TGT
2025-11-07,9:30:29.480210963,T,89.16,100,89.31,100,TGT
2025-11-07,9:30:29.480441491,T,89.17,100,89.31,100,TGT
2025-11-07,9:30:29.492856109,T,89.16,100,89.31,100,TGT
2025-11-07,9:30:29.493211881,T,89.15,200,89.31,100,TGT
2025-11-07,9:30:30.154001218,T,89.16,100,89.31,100,TGT
2025-11-07,9:30:30.711614630,T,89.15,200,89.31,100,TGT
2025-11-07,9:30:30.711639762,T,89.15,200,89.17,100,TGT
2025-11-07,9:30:30.711679753,T,89.15,200,89.22,100,TGT
2025-11-07,9:30:30.711961068,T,89.0,100,89.22,100,TGT
2025-11-07,9:30:30.711985482,T,89.0,100,89.17,100,TGT
2025-11-07,9:30:30.712015512,T,89.0,100,89.22,100,TGT
2025-11-07,9:30:30.712030597,T,89.0,100,89.22,200,TGT
2025-11-07,9:30:30.712085720,T,89.0,100,89.17,100,TGT
2025-11-07,9:30:30.712110772,T,89.0,100,89.22,200,TGT
2025-11-07,9:30:30.712241039,T,89.0,100,89.21,100,TGT
2025-11-07,9:30:30.712251757,T,88.9,100,89.21,100,TGT
2025-11-07,9:30:30.712291232,T,89.0,100,89.21,100,TGT
2025-11-07,9:30:30.712306253,T,89.0,100,89.22,200,TGT
2025-11-07,9:30:30.712311220,T,89.1,400,89.22,200,TGT
2025-11-07,9:30:30.712351389,T,89.1,600,89.22,200,TGT
2025-11-07,9:30:30.712371404,T,89.1,800,89.22,200,TGT
2025-11-07,9:30:30.712386464,T,89.1,1000,89.22,200,TGT
2025-11-07,9:30:30.712441615,T,89.1,1000,89.21,100,TGT
2025-11-07,9:30:30.712446654,T,89.1,600,89.21,100,TGT
2025-11-07,9:30:30.712446654,T,89.1,400,89.21,100,TGT
2025-11-07,9:30:30.712456572,T,89.1,200,89.21,100,TGT
2025-11-07,9:30:30.712461597,T,89.0,100,89.21,100,TGT
2025-11-07,9:30:30.712461597,T,89.03,100,89.21,100,TGT
2025-11-07,9:30:30.712466624,T,89.11,100,89.21,100,TGT
2025-11-07,9:30:30.712486629,T,89.13,1000,89.21,100,TGT
2025-11-07,9:30:30.712496716,T,89.11,100,89.21,100,TGT
2025-11-07,9:30:30.712496716,T,89.13,100,89.21,100,TGT
2025-11-07,9:30:30.712516720,T,89.15,1000,89.21,100,TGT
2025-11-07,9:30:30.712561887,T,89.15,1100,89.21,100,TGT
2025-11-07,9:30:30.712611941,T,89.15,100,89.21,100,TGT
2025-11-07,9:30:30.712617027,T,89.11,100,89.21,100,TGT
2025-11-07,9:30:30.712647009,T,89.1,100,89.21,100,TGT
2025-11-07,9:30:30.713027904,T,89.1,100,89.22,200,TGT
2025-11-07,9:30:30.713489032,T,89.1,100,89.22,100,TGT
2025-11-07,9:30:30.713814822,T,89.03,100,89.22,100,TGT
2025-11-07,9:30:30.713854883,T,89.0,100,89.22,100,TGT
2025-11-07,9:30:30.713885007,T,89.0,100,89.22,200,TGT
2025-11-07,9:30:30.717468572,T,89.0,100,89.22,100,TGT
2025-11-07,9:30:30.718145189,T,89.0,100,89.24,100,TGT
2025-11-07,9:30:30.752176187,T,89.0,100,89.28,200,TGT
2025-11-07,9:30:30.752326622,T,89.0,100,89.27,100,TGT
2025-11-07,9:30:30.752361665,T,89.0,100,89.27,200,TGT
2025-11-07,9:30:30.752552151,T,89.0,100,89.27,300,TGT
2025-11-07,9:30:30.752812680,T,89.0,100,89.26,100,TGT
2025-11-07,9:30:30.810700702,T,89.11,100,89.26,100,TGT
2025-11-07,9:30:30.817562030,T,89.0,100,89.26,100,TGT
2025-11-07,9:30:30.916928767,T,89.11,100,89.26,100,TGT
2025-11-07,9:30:30.930952169,T,89.0,100,89.26,100,TGT
2025-11-07,9:30:30.934896619,T,89.12,100,89.26,100,TGT
2025-11-07,9:30:30.934936623,T,89.12,200,89.26,100,TGT
2025-11-07,9:30:30.935092073,T,89.12,200,89.27,100,TGT
2025-11-07,9:30:30.935157164,T,89.12,200,89.31,100,TGT
2025-11-07,9:30:30.935162179,T,89.16,100,89.31,100,TGT
2025-11-07,9:30:30.935222390,T,89.16,100,89.3,100,TGT
2025-11-07,9:30:30.935392700,T,89.16,100,89.31,100,TGT
2025-11-07,9:30:30.935422784,T,89.16,100,89.31,200,TGT
2025-11-07,9:30:30.935613278,T,89.12,200,89.31,200,TGT
2025-11-07,9:30:30.937046722,T,89.12,100,89.31,200,TGT
2025-11-07,9:30:30.940179165,T,89.26,200,89.31,200,TGT
2025-11-07,9:30:30.940214240,T,89.26,200,89.31,100,TGT
2025-11-07,9:30:31.345209162,T,89.26,200,89.37,100,TGT
2025-11-07,9:30:31.345229525,T,89.28,100,89.37,100,TGT
2025-11-07,9:30:31.345229525,T,89.31,100,89.37,100,TGT
2025-11-07,9:30:31.345630210,T,89.31,100,89.38,600,TGT
2025-11-07,9:30:31.345850642,T,89.31,100,89.38,500,TGT
2025-11-07,9:30:31.345865727,T,89.31,200,89.38,500,TGT
2025-11-07,9:30:31.345875789,T,89.31,200,89.4,100,TGT
2025-11-07,9:30:31.345875789,T,89.31,200,89.44,100,TGT
2025-11-07,9:30:31.345875789,T,89.31,200,89.4,100,TGT
2025-11-07,9:30:31.345920891,T,89.31,100,89.4,100,TGT
2025-11-07,9:30:31.345940861,T,89.32,100,89.4,100,TGT
2025-11-07,9:30:31.346046189,T,89.31,100,89.4,100,TGT
2025-11-07,9:30:31.346096300,T,89.31,100,89.38,200,TGT
2025-11-07,9:30:31.346166400,T,89.31,100,89.38,100,TGT
2025-11-07,9:30:31.346171497,T,89.31,200,89.38,100,TGT
2025-11-07,9:30:31.346196530,T,89.32,100,89.38,100,TGT
2025-11-07,9:30:31.346271708,T,89.31,200,89.38,100,TGT
2025-11-07,9:30:31.346321823,T,89.31,100,89.38,100,TGT
2025-11-07,9:30:31.346386987,T,89.31,100,89.42,100,TGT
2025-11-07,9:30:31.352471513,T,89.27,200,89.42,100,TGT
2025-11-07,9:30:31.352541678,T,89.27,200,89.43,100,TGT
2025-11-07,9:30:31.391354071,T,89.27,200,89.42,100,TGT
2025-11-07,9:30:31.446319976,T,89.27,200,89.43,100,TGT
2025-11-07,9:30:31.446319976,T,89.27,200,89.5,100,TGT
2025-11-07,9:30:31.446335079,T,89.27,100,89.5,100,TGT
2025-11-07,9:30:31.468838635,T,89.27,100,89.43,100,TGT
2025-11-07,9:30:31.469234554,T,89.27,100,89.5,100,TGT
2025-11-07,9:30:31.470432511,T,89.27,100,89.43,100,TGT
2025-11-07,9:30:31.471931029,T,89.27,100,89.5,100,TGT
2025-11-07,9:30:31.473013630,T,89.27,100,89.42,100,TGT
2025-11-07,9:30:31.473093783,T,89.27,100,89.43,100,TGT
2025-11-07,9:30:31.473264164,T,89.27,100,89.42,100,TGT
2025-11-07,9:30:31.473665136,T,89.27,100,89.43,100,TGT
2025-11-07,9:30:31.473905742,T,89.27,100,89.5,100,TGT
2025-11-07,9:30:31.474015972,T,89.27,100,89.43,100,TGT
2025-11-07,9:30:31.474276557,T,89.27,100,89.5,100,TGT
2025-11-07,9:30:31.476166144,T,89.27,100,89.43,100,TGT
2025-11-07,9:30:31.501125515,T,89.27,100,89.5,100,TGT
2025-11-07,9:30:31.591235166,T,89.27,100,89.43,100,TGT
2025-11-07,9:30:31.599018750,T,89.27,100,89.42,100,TGT
2025-11-07,9:30:31.740415593,T,89.26,300,89.42,100,TGT
2025-11-07,9:30:32.095687060,T,89.26,300,89.43,100,TGT
2025-11-07,9:30:32.097636686,T,89.26,300,89.42,100,TGT
2025-11-07,9:30:32.258099124,T,89.26,100,89.42,100,TGT
2025-11-07,9:30:32.269220598,T,89.25,200,89.42,100,TGT
2025-11-07,9:30:32.269962285,T,89.25,100,89.42,100,TGT
2025-11-07,9:30:32.269987388,T,89.1,100,89.42,100,TGT
2025-11-07,9:30:32.294265252,T,89.1,100,89.41,100,TGT
2025-11-07,9:30:32.294290343,T,89.0,100,89.41,100,TGT
2025-11-07,9:30:32.977527864,T,89.0,100,89.41,200,TGT
2025-11-07,9:30:33.186786296,T,89.0,100,89.41,100,TGT
2025-11-07,9:30:33.211319792,T,89.0,100,89.41,200,TGT
2025-11-07,9:30:33.349854762,T,89.0,100,89.41,100,TGT
2025-11-07,9:30:33.392145584,T,89.0,100,89.41,200,TGT
2025-11-07,9:30:33.404194232,T,89.0,100,89.39,100,TGT
2025-11-07,9:30:33.404926021,T,89.0,100,89.41,200,TGT
2025-11-07,9:30:33.405642655,T,89.0,100,89.4,100,TGT
2025-11-07,9:30:33.600075813,T,89.0,100,89.41,100,TGT
2025-11-07,9:30:33.782966594,T,89.0,100,89.4,100,TGT
2025-11-07,9:30:34.073378430,T,89.0,100,89.41,100,TGT
2025-11-07,9:30:34.346865018,T,89.0,100,89.4,100,TGT
2025-11-07,9:30:34.736493185,T,89.0,100,89.41,100,TGT
2025-11-07,9:30:34.890670561,T,89.0,100,89.39,100,TGT
2025-11-07,9:30:34.891758099,T,89.0,100,89.4,100,TGT
2025-11-07,9:30:35.108910422,T,89.0,100,89.41,100,TGT
2025-11-07,9:30:35.227031859,T,89.0,100,89.4,100,TGT
2025-11-07,9:30:35.326979945,T,89.0,100,89.41,100,TGT
2025-11-07,9:30:35.599298634,T,89.0,100,89.4,100,TGT
2025-11-07,9:30:35.600436368,T,89.0,100,89.41,100,TGT
2025-11-07,9:30:35.610465216,T,89.0,100,89.4,100,TGT
2025-11-07,9:30:35.615226642,T,89.0,100,89.41,100,TGT
2025-11-07,9:30:35.621306085,T,89.0,100,89.4,100,TGT
2025-11-07,9:30:35.626232837,T,89.0,100,89.41,100,TGT
2025-11-07,9:30:35.842197380,T,89.0,100,89.4,100,TGT
2025-11-07,9:30:35.842778672,T,89.0,100,89.41,100,TGT
2025-11-07,9:30:35.972197123,T,89.0,100,89.4,100,TGT
2025-11-07,9:30:36.028466147,T,89.0,100,89.41,100,TGT
2025-11-07,9:30:36.228673186,T,89.0,100,89.4,100,TGT
2025-11-07,9:30:36.229860963,T,89.0,100,89.41,100,TGT
2025-11-07,9:30:36.436237589,T,89.0,100,89.4,100,TGT
2025-11-07,9:30:36.469166126,T,89.0,100,89.41,100,TGT
2025-11-07,9:30:39.377740548,T,89.22,100,89.41,100,TGT
2025-11-07,9:30:39.377951003,T,89.22,200,89.41,100,TGT
2025-11-07,9:30:39.378001130,T,89.22,300,89.41,100,TGT
2025-11-07,9:30:39.378412071,T,89.23,100,89.41,100,TGT
2025-11-07,9:30:39.399131436,T,89.22,200,89.41,100,TGT
2025-11-07,9:30:39.399437226,T,89.23,100,89.41,100,TGT
2025-11-07,9:30:40.301561111,T,89.22,200,89.41,100,TGT
2025-11-07,9:30:40.873503604,T,89.23,100,89.41,100,TGT
2025-11-07,9:30:40.873714156,T,89.23,200,89.41,100,TGT
2025-11-07,9:30:40.873734222,T,89.24,100,89.41,100,TGT
2025-11-07,9:30:40.873739244,T,89.26,100,89.41,100,TGT
2025-11-07,9:30:40.873759305,T,89.24,100,89.41,100,TGT
2025-11-07,9:30:40.873759305,T,89.24,200,89.41,100,TGT
2025-11-07,9:30:40.873969750,T,89.27,100,89.41,100,TGT
2025-11-07,9:30:40.874065122,T,89.27,200,89.41,100,TGT
2025-11-07,9:30:40.874080214,T,89.31,100,89.41,100,TGT
2025-11-07,9:30:40.874125149,T,89.33,100,89.41,100,TGT
2025-11-07,9:30:40.874150213,T,89.33,100,89.5,100,TGT
2025-11-07,9:30:40.874170539,T,89.39,100,89.5,100,TGT
2025-11-07,9:30:40.874220393,T,89.33,100,89.5,100,TGT
2025-11-07,9:30:40.874220393,T,89.34,100,89.5,100,TGT
2025-11-07,9:30:40.874230366,T,89.37,100,89.5,100,TGT
2025-11-07,9:30:40.874305756,T,89.34,100,89.5,100,TGT
2025-11-07,9:30:40.874365817,T,89.37,100,89.5,100,TGT
2025-11-07,9:30:40.874460975,T,89.37,200,89.5,100,TGT
2025-11-07,9:30:40.874490985,T,89.37,100,89.5,100,TGT
2025-11-07,9:30:40.874521141,T,89.37,200,89.5,100,TGT
2025-11-07,9:30:40.874561124,T,89.37,100,89.5,100,TGT
2025-11-07,9:30:40.874601247,T,89.34,200,89.5,100,TGT
2025-11-07,9:30:40.874621295,T,89.38,100,89.5,100,TGT
2025-11-07,9:30:40.874661473,T,89.34,100,89.5,100,TGT
2025-11-07,9:30:40.874917063,T,89.34,200,89.5,100,TGT
2025-11-07,9:30:40.874942044,T,89.34,200,89.49,100,TGT
2025-11-07,9:30:40.874967156,T,89.34,100,89.49,100,TGT
2025-11-07,9:30:40.882670474,T,89.34,100,89.5,200,TGT
2025-11-07,9:30:40.941455529,T,89.33,200,89.5,200,TGT
2025-11-07,9:30:40.941465781,T,89.33,100,89.5,200,TGT
2025-11-07,9:30:40.941505666,T,89.27,200,89.5,200,TGT
2025-11-07,9:30:40.941941699,T,89.27,200,89.49,100,TGT
2025-11-07,9:30:40.943490434,T,89.28,100,89.49,100,TGT
2025-11-07,9:30:40.943520464,T,89.28,200,89.49,100,TGT
2025-11-07,9:30:40.944162042,T,89.29,100,89.49,100,TGT
2025-11-07,9:30:40.944197128,T,89.29,200,89.49,100,TGT
2025-11-07,9:30:41.107105140,T,89.29,200,89.5,200,TGT
2025-11-07,9:30:41.185221302,T,89.29,200,89.5,100,TGT
2025-11-07,9:30:41.414818207,T,89.29,100,89.5,100,TGT
2025-11-07,9:30:41.414848335,T,89.28,200,89.5,100,TGT
2025-11-07,9:30:41.414848335,T,89.28,100,89.5,100,TGT
2025-11-07,9:30:41.414878455,T,89.27,200,89.5,100,TGT
2025-11-07,9:30:41.514741311,T,89.27,100,89.5,100,TGT
2025-11-07,9:30:41.514766315,T,89.24,200,89.5,100,TGT
2025-11-07,9:30:41.522184032,T,89.24,300,89.5,100,TGT
2025-11-07,9:30:41.713529875,T,89.24,200,89.5,100,TGT
2025-11-07,9:30:41.713564876,T,89.24,100,89.5,100,TGT
2025-11-07,9:30:41.850360776,T,89.23,300,89.5,100,TGT
2025-11-07,9:30:41.850390844,T,89.24,100,89.5,100,TGT
2025-11-07,9:30:42.455703089,T,89.23,200,89.5,100,TGT
2025-11-07,9:30:43.282437628,T,89.23,200,89.45,100,TGT
2025-11-07,9:30:43.283244486,T,89.23,200,89.5,100,TGT
2025-11-07,9:30:44.884088221,T,89.23,200,89.45,100,TGT
2025-11-07,9:30:44.914831454,T,89.23,200,89.5,100,TGT
2025-11-07,9:30:45.134038751,T,89.23,200,89.45,100,TGT
2025-11-07,9:30:45.143561468,T,89.23,200,89.5,100,TGT
2025-11-07,9:30:45.721052289,T,89.23,200,89.45,100,TGT
2025-11-07,9:30:46.752790165,T,89.23,200,89.44,100,TGT
2025-11-07,9:30:46.752925514,T,89.23,200,89.45,100,TGT
2025-11-07,9:30:46.753110941,T,89.23,200,89.44,100,TGT
2025-11-07,9:30:46.753506814,T,89.23,200,89.43,100,TGT
2025-11-07,9:30:46.753967965,T,89.23,100,89.43,100,TGT
2025-11-07,9:30:46.759796833,T,89.23,100,89.44,100,TGT
2025-11-07,9:30:46.760047386,T,89.23,100,89.45,100,TGT
2025-11-07,9:30:46.760468442,T,89.23,100,89.5,100,TGT
2025-11-07,9:30:46.763250103,T,89.23,100,89.45,100,TGT
2025-11-07,9:30:47.132524957,T,89.23,100,89.5,100,TGT
2025-11-07,9:30:47.133657598,T,89.23,100,89.45,100,TGT
2025-11-07,9:30:47.169147174,T,89.23,100,89.5,100,TGT
2025-11-07,9:30:47.170179648,T,89.23,100,89.45,100,TGT
2025-11-07,9:30:47.546405999,T,89.23,100,89.44,100,TGT
2025-11-07,9:30:47.548876886,T,89.23,100,89.45,100,TGT
2025-11-07,9:30:47.566995015,T,89.23,100,89.5,100,TGT
2025-11-07,9:30:47.567030098,T,89.23,100,89.45,100,TGT
2025-11-07,9:30:47.777742019,T,89.23,100,89.44,100,TGT
2025-11-07,9:30:47.778759427,T,89.23,100,89.45,100,TGT
2025-11-07,9:30:47.778864749,T,89.23,100,89.5,100,TGT
2025-11-07,9:30:47.783671135,T,89.23,100,89.45,100,TGT
2025-11-07,9:30:48.328303774,T,89.23,100,89.44,100,TGT
2025-11-07,9:30:48.331320909,T,89.23,100,89.45,100,TGT
2025-11-07,9:30:48.473660029,T,89.22,100,89.45,100,TGT
2025-11-07,9:30:48.473690054,T,89.22,100,89.5,100,TGT
2025-11-07,9:30:48.962454420,T,89.22,100,89.45,100,TGT
2025-11-07,9:30:49.026141156,T,89.22,100,89.5,100,TGT
2025-11-07,9:30:49.067494651,T,89.0,100,89.5,100,TGT
2025-11-07,9:30:49.081989174,T,89.34,100,89.5,100,TGT
2025-11-07,9:30:50.105507632,T,89.34,100,89.45,100,TGT
2025-11-07,9:30:50.191963564,T,89.34,100,89.5,100,TGT
2025-11-07,9:30:51.093601567,T,89.34,100,89.45,100,TGT
2025-11-07,9:30:51.094142774,T,89.34,100,89.5,100,TGT
2025-11-07,9:31:00.028151877,T,89.34,100,89.45,100,TGT
2025-11-07,9:31:00.033770233,T,89.34,100,89.5,100,TGT
2025-11-07,9:31:00.152157334,T,89.34,100,89.45,100,TGT
2025-11-07,9:31:00.514270059,T,89.34,100,89.5,100,TGT
2025-11-07,9:31:01.003811276,T,89.34,200,89.5,100,TGT
2025-11-07,9:31:01.008928529,T,89.34,300,89.5,100,TGT
2025-11-07,9:31:01.008948588,T,89.35,100,89.5,100,TGT
2025-11-07,9:31:01.008973620,T,89.35,200,89.5,100,TGT
2025-11-07,9:31:01.009023750,T,89.35,100,89.5,100,TGT
2025-11-07,9:31:01.009078893,T,89.39,100,89.5,100,TGT
2025-11-07,9:31:01.009299388,T,89.39,100,89.68,100,TGT
2025-11-07,9:31:01.009439741,T,89.39,200,89.68,100,TGT
2025-11-07,9:31:01.009459755,T,89.39,100,89.68,100,TGT
2025-11-07,9:31:01.009730653,T,89.39,200,89.68,100,TGT
2025-11-07,9:31:01.009835633,T,89.4,100,89.68,100,TGT
2025-11-07,9:31:01.009865736,T,89.4,200,89.68,100,TGT
2025-11-07,9:31:01.009955976,T,89.4,200,89.5,200,TGT
2025-11-07,9:31:01.010166433,T,89.4,100,89.5,200,TGT
2025-11-07,9:31:01.026971496,T,89.38,200,89.5,200,TGT
2025-11-07,9:31:01.026996573,T,89.38,100,89.5,200,TGT
2025-11-07,9:31:01.028465041,T,89.38,200,89.5,200,TGT
2025-11-07,9:31:01.028495140,T,89.39,100,89.5,200,TGT
2025-11-07,9:31:01.171721406,T,89.39,100,89.68,100,TGT
2025-11-07,9:31:01.171726468,T,89.38,100,89.68,100,TGT
2025-11-07,9:31:01.171746636,T,89.38,100,89.43,100,TGT
2025-11-07,9:31:01.171771557,T,89.38,100,89.68,100,TGT
2025-11-07,9:31:01.171776602,T,89.38,100,89.49,100,TGT
2025-11-07,9:31:01.171796565,T,89.4,100,89.49,100,TGT
2025-11-07,9:31:01.171821664,T,89.4,100,89.68,100,TGT
2025-11-07,9:31:01.172267688,T,89.4,200,89.68,100,TGT
2025-11-07,9:31:01.172347970,T,89.4,100,89.68,100,TGT
2025-11-07,9:31:01.186521744,T,89.39,100,89.68,100,TGT
2025-11-07,9:31:01.187564206,T,89.39,200,89.68,100,TGT
2025-11-07,9:31:01.197999074,T,89.39,100,89.68,100,TGT
2025-11-07,9:31:01.198209553,T,89.39,200,89.68,100,TGT
2025-11-07,9:31:01.198630584,T,89.39,300,89.68,100,TGT
2025-11-07,9:31:01.209155607,T,89.39,200,89.68,100,TGT
2025-11-07,9:31:01.221179268,T,89.39,100,89.68,100,TGT
2025-11-07,9:31:01.277608717,T,89.39,200,89.68,100,TGT
2025-11-07,9:31:01.283111841,T,89.39,300,89.68,100,TGT
2025-11-07,9:31:01.478457246,T,89.39,200,89.68,100,TGT
2025-11-07,9:31:01.994727042,T,89.39,200,89.58,200,TGT
2025-11-07,9:31:01.996396003,T,89.39,300,89.58,200,TGT
2025-11-07,9:31:02.009717730,T,89.39,200,89.58,200,TGT
2025-11-07,9:31:03.525188008,T,89.39,300,89.58,200,TGT
2025-11-07,9:31:03.527358196,T,89.39,200,89.58,200,TGT
2025-11-07,9:31:05.112574778,T,89.39,200,89.5,100,TGT
2025-11-07,9:31:06.048153537,T,89.39,100,89.5,100,TGT
2025-11-07,9:31:06.097080175,T,89.39,100,89.5,200,TGT
2025-11-07,9:31:06.097676503,T,89.39,100,89.49,100,TGT
2025-11-07,9:31:06.097771801,T,89.39,100,89.5,100,TGT
2025-11-07,9:31:06.098142657,T,89.39,100,89.5,200,TGT
2025-11-07,9:31:06.098242828,T,89.39,100,89.49,100,TGT
2025-11-07,9:31:06.098272953,T,89.39,100,89.5,200,TGT
2025-11-07,9:31:06.098458415,T,89.39,100,89.49,100,TGT
2025-11-07,9:31:06.100387955,T,89.39,100,89.5,200,TGT
2025-11-07,9:31:06.100387955,T,89.39,100,89.5,100,TGT
2025-11-07,9:31:06.474403962,T,89.35,100,89.5,100,TGT
2025-11-07,9:31:06.474459137,T,89.35,100,89.49,100,TGT
2025-11-07,9:31:06.474504201,T,89.27,300,89.49,100,TGT
2025-11-07,9:31:06.474729730,T,89.33,100,89.49,100,TGT
2025-11-07,9:31:06.474764888,T,89.33,200,89.49,100,TGT
2025-11-07,9:31:06.474900137,T,89.33,100,89.49,100,TGT
2025-11-07,9:31:06.474915259,T,89.33,100,89.48,100,TGT
2025-11-07,9:31:06.474920256,T,89.27,300,89.48,100,TGT
2025-11-07,9:31:06.479295643,T,89.27,100,89.48,100,TGT
2025-11-07,9:31:06.479320726,T,89.19,200,89.48,100,TGT
2025-11-07,9:31:06.479355802,T,89.19,300,89.48,100,TGT
2025-11-07,9:31:06.479390870,T,89.19,200,89.48,100,TGT
2025-11-07,9:31:06.479856958,T,89.19,200,89.49,100,TGT
2025-11-07,9:31:06.785399936,T,89.19,200,89.5,100,TGT
2025-11-07,9:31:06.982885377,T,89.19,200,89.49,100,TGT
2025-11-07,9:31:07.085314473,T,89.19,200,89.5,100,TGT
2025-11-07,9:31:07.086427107,T,89.19,200,89.49,100,TGT
2025-11-07,9:31:07.089293918,T,89.19,200,89.5,100,TGT
2025-11-07,9:31:07.132391591,T,89.19,200,89.5,200,TGT
2025-11-07,9:31:07.132501884,T,89.19,200,89.5,100,TGT
2025-11-07,9:31:07.274209447,T,89.19,200,89.49,100,TGT
2025-11-07,9:31:07.283220920,T,89.19,200,89.5,100,TGT
2025-11-07,9:31:07.288934615,T,89.19,200,89.5,200,TGT
2025-11-07,9:31:07.299655161,T,89.19,200,89.5,100,TGT
2025-11-07,9:31:07.386441888,T,89.19,200,89.5,200,TGT
2025-11-07,9:31:07.534324125,T,89.19,200,89.5,100,TGT
2025-11-07,9:31:07.728216085,T,89.19,200,89.5,200,TGT
2025-11-07,9:31:07.856651968,T,89.19,200,89.5,100,TGT
2025-11-07,9:31:07.860992369,T,89.19,200,89.5,200,TGT
2025-11-07,9:31:07.861348177,T,89.19,200,89.5,100,TGT
2025-11-07,9:31:07.943849773,T,89.19,200,89.5,200,TGT
2025-11-07,9:31:07.943864770,T,89.19,200,89.49,100,TGT
2025-11-07,9:31:07.943894845,T,89.19,200,89.49,200,TGT
2025-11-07,9:31:07.943924983,T,89.19,200,89.46,100,TGT
2025-11-07,9:31:07.944095294,T,89.19,300,89.46,100,TGT
2025-11-07,9:31:07.944280779,T,89.19,300,89.46,200,TGT
2025-11-07,9:31:07.944401093,T,89.2,100,89.46,200,TGT
2025-11-07,9:31:07.944802024,T,89.2,100,89.45,100,TGT
2025-11-07,9:31:07.954289574,T,89.2,100,89.46,200,TGT
2025-11-07,9:31:07.954429930,T,89.2,100,89.46,100,TGT
2025-11-07,9:31:07.954850944,T,89.2,200,89.46,100,TGT
2025-11-07,9:31:07.954880991,T,89.21,100,89.46,100,TGT
2025-11-07,9:31:07.965526401,T,89.21,200,89.46,100,TGT
2025-11-07,9:31:08.011581083,T,89.21,100,89.46,100,TGT
2025-11-07,9:31:11.820535558,T,89.21,100,89.46,200,TGT
2025-11-07,9:31:11.820535558,T,89.21,100,89.44,100,TGT
2025-11-07,9:31:11.820540594,T,89.19,200,89.44,100,TGT
2025-11-07,9:31:11.820540594,T,89.19,200,89.4,100,TGT
2025-11-07,9:31:11.820570580,T,89.19,200,89.44,100,TGT
2025-11-07,9:31:11.821051761,T,89.2,100,89.44,100,TGT
2025-11-07,9:31:11.821076746,T,89.2,100,89.41,100,TGT
2025-11-07,9:31:12.209787918,T,89.19,300,89.41,100,TGT
2025-11-07,9:31:12.210208859,T,89.2,100,89.41,100,TGT
2025-11-07,9:31:12.210614892,T,89.2,100,89.42,100,TGT
2025-11-07,9:31:12.295036033,T,89.19,300,89.42,100,TGT
2025-11-07,9:31:13.316725021,T,89.19,300,89.46,100,TGT
2025-11-07,9:31:13.316744983,T,89.19,300,89.45,100,TGT
2025-11-07,9:31:13.400634914,T,89.2,100,89.45,100,TGT
2025-11-07,9:31:14.349400068,T,89.2,200,89.45,100,TGT
2025-11-07,9:31:14.482903126,T,89.2,100,89.45,100,TGT
2025-11-07,9:31:14.708555716,T,89.2,200,89.45,100,TGT
2025-11-07,9:31:14.712555189,T,89.2,200,89.41,100,TGT
2025-11-07,9:31:14.907048564,T,89.2,100,89.41,100,TGT
2025-11-07,9:31:14.938819352,T,89.2,200,89.41,100,TGT
2025-11-07,9:31:16.328585353,T,89.21,100,89.41,100,TGT
2025-11-07,9:31:18.924013404,T,89.2,100,89.41,100,TGT
2025-11-07,9:31:19.346394582,T,89.2,200,89.41,100,TGT
2025-11-07,9:31:19.346960979,T,89.21,100,89.41,100,TGT
2025-11-07,9:31:19.347923274,T,89.21,200,89.41,100,TGT
2025-11-07,9:31:19.366843351,T,89.21,100,89.41,100,TGT
2025-11-07,9:31:19.367399635,T,89.2,200,89.41,100,TGT
2025-11-07,9:31:19.367725491,T,89.21,100,89.41,100,TGT
2025-11-07,9:31:19.433787778,T,89.2,200,89.41,100,TGT
2025-11-07,9:31:19.433787778,T,89.2,100,89.41,100,TGT
2025-11-07,9:31:19.546751918,T,89.2,200,89.41,100,TGT
2025-11-07,9:31:19.549333103,T,89.2,100,89.41,100,TGT
2025-11-07,9:31:19.899116509,T,89.2,200,89.41,100,TGT
2025-11-07,9:31:19.922552251,T,89.2,100,89.41,100,TGT
2025-11-07,9:31:21.852765795,T,89.2,200,89.41,100,TGT
2025-11-07,9:31:23.877003365,T,89.21,100,89.41,100,TGT
2025-11-07,9:31:23.877429252,T,89.21,200,89.41,100,TGT
2025-11-07,9:31:23.941331509,T,89.21,100,89.41,100,TGT
2025-11-07,9:31:23.941963008,T,89.2,100,89.41,100,TGT
2025-11-07,9:31:23.941993046,T,89.2,200,89.41,100,TGT
2025-11-07,9:31:24.304175976,T,89.2,100,89.41,100,TGT
2025-11-07,9:31:24.350210717,T,89.21,100,89.41,100,TGT
2025-11-07,9:31:24.350245801,T,89.21,200,89.41,100,TGT
2025-11-07,9:31:26.368178163,T,89.21,200,89.39,100,TGT
2025-11-07,9:31:26.368203123,T,89.21,200,89.41,100,TGT
2025-11-07,9:31:26.368208188,T,89.21,200,89.4,100,TGT
2025-11-07,9:31:26.368263256,T,89.21,200,89.4,200,TGT
2025-11-07,9:31:26.388301093,T,89.21,200,89.4,100,TGT
2025-11-07,9:31:26.388326142,T,89.21,200,89.45,200,TGT
2025-11-07,9:31:26.399753346,T,89.21,200,89.4,100,TGT
2025-11-07,9:31:26.399808484,T,89.21,200,89.39,100,TGT
2025-11-07,9:31:26.400029014,T,89.21,200,89.38,100,TGT
2025-11-07,9:31:26.400249459,T,89.21,100,89.38,100,TGT
2025-11-07,9:31:26.400610377,T,89.21,100,89.39,200,TGT
2025-11-07,9:31:26.432240915,T,89.19,200,89.39,200,TGT
2025-11-07,9:31:26.432240915,T,89.19,200,89.38,100,TGT
2025-11-07,9:31:26.432240915,T,89.19,200,89.38,200,TGT
2025-11-07,9:31:26.432250771,T,89.19,200,89.38,100,TGT
2025-11-07,9:31:26.432255713,T,89.19,200,89.38,200,TGT
2025-11-07,9:31:26.432261359,T,89.19,200,89.28,100,TGT
2025-11-07,9:31:26.432481263,T,89.12,100,89.28,100,TGT
2025-11-07,9:31:26.432491382,T,89.13,200,89.28,100,TGT
2025-11-07,9:31:26.432571504,T,89.14,100,89.28,100,TGT
2025-11-07,9:31:26.442295062,T,89.14,100,89.31,100,TGT
2025-11-07,9:31:26.443001408,T,89.14,100,89.34,100,TGT
2025-11-07,9:31:26.443031393,T,89.14,100,89.32,100,TGT
2025-11-07,9:31:26.443422367,T,89.14,200,89.32,100,TGT
2025-11-07,9:31:26.443602809,T,89.14,300,89.32,100,TGT
2025-11-07,9:31:26.452599199,T,89.14,300,89.34,100,TGT
2025-11-07,9:31:26.452990168,T,89.14,300,89.35,100,TGT
2025-11-07,9:31:26.452990168,T,89.14,300,89.37,100,TGT
2025-11-07,9:31:26.453025281,T,89.14,300,89.36,100,TGT
2025-11-07,9:31:26.463520288,T,89.14,300,89.37,100,TGT
2025-11-07,9:31:26.463520288,T,89.14,300,89.36,100,TGT
2025-11-07,9:31:26.476421024,T,89.14,200,89.36,100,TGT
2025-11-07,9:31:26.483106898,T,89.14,300,89.36,100,TGT
2025-11-07,9:31:26.532299089,T,89.14,300,89.39,200,TGT
2025-11-07,9:31:26.532329181,T,89.14,300,89.38,100,TGT
2025-11-07,9:31:26.539977445,T,89.14,200,89.38,100,TGT
2025-11-07,9:31:27.211702776,T,89.14,100,89.38,100,TGT
2025-11-07,9:31:27.211803033,T,89.13,100,89.38,100,TGT
2025-11-07,9:31:27.935401887,T,89.13,100,89.38,200,TGT
2025-11-07,9:31:28.449275988,T,89.14,100,89.38,200,TGT
2025-11-07,9:31:28.454002279,T,89.13,100,89.38,200,TGT
2025-11-07,9:31:28.454578628,T,89.14,300,89.38,200,TGT
2025-11-07,9:31:28.454939522,T,89.14,400,89.38,200,TGT
2025-11-07,9:31:28.455415692,T,89.14,400,89.38,100,TGT
2025-11-07,9:31:28.485813026,T,89.14,300,89.38,100,TGT
2025-11-07,9:31:28.765469280,T,89.14,400,89.38,100,TGT
2025-11-07,9:31:28.797325099,T,89.14,300,89.38,100,TGT
2025-11-07,9:31:28.798843824,T,89.19,100,89.38,100,TGT
2025-11-07,9:31:29.036184213,T,89.14,300,89.38,100,TGT
2025-11-07,9:31:29.237709258,T,89.18,100,89.38,100,TGT
2025-11-07,9:31:29.239077514,T,89.14,300,89.38,100,TGT
2025-11-07,9:31:29.437475118,T,89.14,400,89.38,100,TGT
2025-11-07,9:31:29.438081532,T,89.19,100,89.38,100,TGT
2025-11-07,9:31:29.592815187,T,89.14,400,89.38,100,TGT
2025-11-07,9:31:29.636183554,T,89.14,300,89.38,100,TGT
2025-11-07,9:31:29.658722260,T,89.19,100,89.38,100,TGT
2025-11-07,9:31:29.836154899,T,89.14,400,89.38,100,TGT
2025-11-07,9:31:29.836681124,T,89.14,300,89.38,100,TGT
2025-11-07,9:31:29.837818888,T,89.14,400,89.38,100,TGT
2025-11-07,9:31:30.036903166,T,89.14,300,89.38,100,TGT
2025-11-07,9:31:30.205174101,T,89.14,300,89.38,400,TGT
2025-11-07,9:31:30.237541282,T,89.14,400,89.38,400,TGT
2025-11-07,9:31:30.387749172,T,89.14,400,89.38,500,TGT
2025-11-07,9:31:30.436154428,T,89.14,100,89.38,500,TGT
2025-11-07,9:31:30.436154428,T,89.13,100,89.38,500,TGT
2025-11-07,9:31:30.436781013,T,89.14,100,89.38,500,TGT
2025-11-07,9:31:30.436901525,T,89.14,200,89.38,500,TGT
2025-11-07,9:31:30.437141817,T,89.14,100,89.38,500,TGT
2025-11-07,9:31:30.437141817,T,89.13,100,89.38,500,TGT
2025-11-07,9:31:30.437226982,T,89.14,100,89.38,500,TGT
2025-11-07,9:31:30.437612905,T,89.13,100,89.38,500,TGT
2025-11-07,9:31:30.437723183,T,89.14,100,89.38,500,TGT
2025-11-07,9:31:31.999478813,T,89.14,200,89.38,500,TGT
2025-11-07,9:31:32.061230931,T,89.14,100,89.38,500,TGT
2025-11-07,9:31:35.096672505,T,89.13,100,89.38,500,TGT
2025-11-07,9:31:35.120444239,T,89.14,100,89.38,500,TGT
2025-11-07,9:31:35.442556596,T,89.13,100,89.38,500,TGT
2025-11-07,9:31:35.859219319,T,89.14,100,89.38,500,TGT
2025-11-07,9:31:35.867669312,T,89.13,100,89.38,500,TGT
2025-11-07,9:31:36.020057380,T,89.09,300,89.38,500,TGT
2025-11-07,9:31:36.020107552,T,89.12,100,89.38,500,TGT
2025-11-07,9:31:36.298405586,T,89.14,100,89.38,500,TGT
2025-11-07,9:31:36.298951899,T,89.13,100,89.38,500,TGT
2025-11-07,9:31:36.299017024,T,89.12,100,89.38,500,TGT
2025-11-07,9:31:36.692684943,T,89.13,100,89.38,500,TGT
2025-11-07,9:31:36.792622992,T,89.12,100,89.38,500,TGT
2025-11-07,9:31:38.378350641,T,89.14,100,89.38,500,TGT
2025-11-07,9:31:38.494096394,T,89.13,100,89.38,500,TGT
2025-11-07,9:31:38.494096394,T,89.09,300,89.38,500,TGT
2025-11-07,9:31:38.495349346,T,89.12,100,89.38,500,TGT
2025-11-07,9:31:38.779746899,T,89.13,100,89.38,500,TGT
2025-11-07,9:31:38.780167902,T,89.12,100,89.38,500,TGT
2025-11-07,9:31:38.931683889,T,89.09,300,89.38,500,TGT
2025-11-07,9:31:38.986293972,T,89.14,100,89.38,500,TGT
2025-11-07,9:31:39.047424606,T,89.13,100,89.38,500,TGT
2025-11-07,9:31:39.047429579,T,89.09,300,89.38,500,TGT
2025-11-07,9:31:39.048928131,T,89.12,100,89.38,500,TGT
2025-11-07,9:31:39.058170250,T,89.13,100,89.38,500,TGT
2025-11-07,9:31:39.058440789,T,89.14,100,89.38,500,TGT
2025-11-07,9:31:39.275583228,T,89.13,100,89.38,500,TGT
2025-11-07,9:31:39.275588225,T,89.09,300,89.38,500,TGT
2025-11-07,9:31:39.276886248,T,89.12,100,89.38,500,TGT
2025-11-07,9:31:39.308245985,T,89.09,300,89.38,500,TGT
2025-11-07,9:31:39.308281052,T,89.12,100,89.38,500,TGT
2025-11-07,9:31:39.309864883,T,89.14,100,89.38,500,TGT
2025-11-07,9:31:39.339530592,T,89.13,100,89.38,500,TGT
2025-11-07,9:31:39.339530592,T,89.12,100,89.38,500,TGT
2025-11-07,9:31:39.342091614,T,89.13,100,89.38,500,TGT
2025-11-07,9:31:39.342111640,T,89.12,100,89.38,500,TGT
2025-11-07,9:31:39.393880008,T,89.14,100,89.38,500,TGT
2025-11-07,9:31:39.514306976,T,89.13,100,89.38,500,TGT
2025-11-07,9:31:39.514306976,T,89.09,300,89.38,500,TGT
2025-11-07,9:31:39.514948475,T,89.13,100,89.38,500,TGT
2025-11-07,9:31:39.609413517,T,89.14,100,89.38,500,TGT
2025-11-07,9:31:39.678388085,T,89.13,100,89.38,500,TGT
2025-11-07,9:31:39.678392790,T,89.09,300,89.38,500,TGT
2025-11-07,9:31:39.707597356,T,89.13,100,89.38,500,TGT
2025-11-07,9:31:39.716047494,T,89.09,300,89.38,500,TGT
2025-11-07,9:31:39.722522944,T,89.13,100,89.38,500,TGT
2025-11-07,9:31:39.788465048,T,89.09,300,89.38,500,TGT
2025-11-07,9:31:39.789006318,T,89.13,100,89.38,500,TGT
2025-11-07,9:31:39.831171728,T,89.09,300,89.38,500,TGT
2025-11-07,9:31:39.831512603,T,89.13,100,89.38,500,TGT
2025-11-07,9:31:39.831838352,T,89.09,300,89.38,500,TGT
2025-11-07,9:31:39.881817431,T,89.13,100,89.38,500,TGT
2025-11-07,9:31:40.871405057,T,89.14,100,89.38,500,TGT
2025-11-07,9:31:42.995215098,T,89.13,100,89.38,500,TGT
2025-11-07,9:31:42.995215098,T,89.09,300,89.38,500,TGT
2025-11-07,9:31:43.069050736,T,89.14,100,89.38,500,TGT
2025-11-07,9:31:43.726492112,T,89.14,200,89.38,500,TGT
2025-11-07,9:31:43.726702588,T,89.14,200,89.38,400,TGT
2025-11-07,9:31:43.726767766,T,89.15,100,89.38,400,TGT
2025-11-07,9:31:43.746740322,T,89.15,200,89.38,400,TGT
2025-11-07,9:31:43.971400530,T,89.15,100,89.38,400,TGT
2025-11-07,9:31:43.971400530,T,89.14,200,89.38,400,TGT
2025-11-07,9:31:43.971831538,T,89.14,300,89.38,400,TGT
2025-11-07,9:31:43.972242685,T,89.15,100,89.38,400,TGT
2025-11-07,9:31:43.972277595,T,89.15,200,89.38,400,TGT
2025-11-07,9:31:44.704637267,T,89.15,100,89.38,400,TGT
2025-11-07,9:31:44.704687374,T,89.14,200,89.38,400,TGT
2025-11-07,9:31:44.705088385,T,89.14,100,89.38,400,TGT
2025-11-07,9:31:44.705093391,T,89.15,100,89.38,400,TGT
2025-11-07,9:31:44.705123451,T,89.15,200,89.38,400,TGT
2025-11-07,9:31:45.892030937,T,89.15,100,89.38,400,TGT
2025-11-07,9:31:45.892066001,T,89.14,100,89.38,400,TGT
2025-11-07,9:31:45.892687464,T,89.14,200,89.38,400,TGT
2025-11-07,9:31:47.775693461,T,89.14,100,89.38,400,TGT
2025-11-07,9:31:49.377163725,T,89.13,100,89.38,400,TGT
2025-11-07,9:31:49.519948947,T,89.14,100,89.38,400,TGT
2025-11-07,9:31:49.520064221,T,89.15,100,89.38,400,TGT
2025-11-07,9:31:49.548371573,T,89.15,200,89.38,400,TGT
2025-11-07,9:31:50.518678255,T,89.15,300,89.38,400,TGT
2025-11-07,9:31:50.518683217,T,89.2,100,89.38,400,TGT
2025-11-07,9:31:50.651349240,T,89.15,200,89.38,400,TGT
2025-11-07,9:31:50.652356667,T,89.15,300,89.38,400,TGT
2025-11-07,9:31:50.652822810,T,89.16,100,89.38,400,TGT
2025-11-07,9:31:56.235934074,T,89.16,100,89.38,500,TGT
2025-11-07,9:31:56.236816160,T,89.15,100,89.38,500,TGT
2025-11-07,9:31:56.237582943,T,89.15,100,89.38,400,TGT
2025-11-07,9:31:57.136504461,T,89.15,100,89.38,500,TGT
2025-11-07,9:31:57.137050807,T,89.15,100,89.38,400,TGT
2025-11-07,9:31:57.337297892,T,89.15,200,89.38,400,TGT
2025-11-07,9:31:57.986724954,T,89.15,100,89.38,400,TGT
2025-11-07,9:31:59.845763723,T,89.15,200,89.38,400,TGT
2025-11-07,9:32:00.936462018,T,89.15,300,89.38,400,TGT
2025-11-07,9:32:00.936477128,T,89.15,400,89.38,400,TGT
2025-11-07,9:32:00.937263948,T,89.16,100,89.38,400,TGT
2025-11-07,9:32:00.938832770,T,89.16,200,89.38,400,TGT
2025-11-07,9:32:01.057695868,T,89.16,300,89.38,400,TGT
2025-11-07,9:32:01.057720947,T,89.17,100,89.38,400,TGT
2025-11-07,9:32:01.058763416,T,89.17,200,89.38,400,TGT
2025-11-07,9:32:01.368371035,T,89.17,300,89.38,400,TGT
2025-11-07,9:32:01.368416222,T,89.18,100,89.38,400,TGT
2025-11-07,9:32:01.369107859,T,89.18,200,89.38,400,TGT
2025-11-07,9:32:01.636008634,T,89.18,300,89.38,400,TGT
2025-11-07,9:32:01.946874287,T,89.19,100,89.38,400,TGT
2025-11-07,9:32:01.947956840,T,89.19,200,89.38,400,TGT
2025-11-07,9:32:01.947967006,T,89.19,300,89.38,400,TGT
2025-11-07,9:32:04.040572283,T,89.19,400,89.38,400,TGT
2025-11-07,9:32:04.047428590,T,89.2,100,89.38,400,TGT
2025-11-07,9:32:04.047894774,T,89.2,200,89.38,400,TGT
2025-11-07,9:32:04.048310759,T,89.2,300,89.38,400,TGT
2025-11-07,9:32:04.048325776,T,89.2,400,89.38,400,TGT
2025-11-07,9:32:04.048350788,T,89.21,100,89.38,400,TGT
2025-11-07,9:32:04.048380894,T,89.21,200,89.38,400,TGT
2025-11-07,9:32:04.051638976,T,89.21,200,89.38,300,TGT
2025-11-07,9:32:04.051663736,T,89.21,200,89.38,100,TGT
2025-11-07,9:32:04.051663736,T,89.21,200,89.48,100,TGT
2025-11-07,9:32:04.051683776,T,89.21,300,89.48,100,TGT
2025-11-07,9:32:04.051683776,T,89.38,100,89.48,100,TGT
2025-11-07,9:32:04.051824182,T,89.38,100,89.49,100,TGT
2025-11-07,9:32:04.052380505,T,89.32,100,89.49,100,TGT
2025-11-07,9:32:04.052450635,T,89.32,200,89.49,100,TGT
2025-11-07,9:32:04.052475620,T,89.32,300,89.49,100,TGT
2025-11-07,9:32:04.052585884,T,89.33,100,89.49,100,TGT
2025-11-07,9:32:04.052636013,T,89.34,100,89.49,100,TGT
2025-11-07,9:32:04.053006873,T,89.35,100,89.49,100,TGT
2025-11-07,9:32:04.053372823,T,89.35,200,89.49,100,TGT
2025-11-07,9:32:04.231166355,T,89.35,200,89.5,200,TGT
2025-11-07,9:32:04.236569293,T,89.35,200,89.5,100,TGT
2025-11-07,9:32:04.236850034,T,89.35,200,89.53,100,TGT
2025-11-07,9:32:04.250993622,T,89.4,100,89.53,100,TGT
2025-11-07,9:32:04.251048720,T,89.39,100,89.53,100,TGT
2025-11-07,9:32:04.251409570,T,89.4,100,89.53,100,TGT
2025-11-07,9:32:04.251424595,T,89.4,200,89.53,100,TGT
2025-11-07,9:32:04.296331636,T,89.4,100,89.53,100,TGT
2025-11-07,9:32:04.469358860,T,89.4,200,89.53,100,TGT
2025-11-07,9:32:04.510998080,T,89.4,100,89.53,100,TGT
2025-11-07,9:32:04.582593654,T,89.35,100,89.53,100,TGT
2025-11-07,9:32:04.776605785,T,89.35,100,89.5,100,TGT
2025-11-07,9:32:04.778004159,T,89.35,100,89.53,100,TGT
2025-11-07,9:32:05.094272630,T,89.35,100,89.5,100,TGT
2025-11-07,9:32:05.119643077,T,89.35,100,89.53,100,TGT
2025-11-07,9:32:05.525770731,T,89.35,100,89.5,100,TGT
2025-11-07,9:32:05.619213387,T,89.35,100,89.53,100,TGT
2025-11-07,9:32:05.899054934,T,89.35,100,89.5,100,TGT
2025-11-07,9:32:05.971983702,T,89.31,200,89.5,100,TGT
2025-11-07,9:32:05.972008804,T,89.31,100,89.5,100,TGT
2025-11-07,9:32:06.511343643,T,89.31,100,89.53,100,TGT
2025-11-07,9:32:06.694875783,T,89.31,100,89.5,100,TGT
2025-11-07,9:32:06.694960958,T,89.31,100,89.53,100,TGT
2025-11-07,9:32:06.695046193,T,89.35,100,89.53,100,TGT
2025-11-07,9:32:06.695722832,T,89.4,100,89.53,100,TGT
2025-11-07,9:32:06.695752846,T,89.35,100,89.53,100,TGT
2025-11-07,9:32:06.695752846,T,89.35,200,89.53,100,TGT
2025-11-07,9:32:06.701015749,T,89.41,100,89.53,100,TGT
2025-11-07,9:32:06.701732129,T,89.4,100,89.53,100,TGT
2025-11-07,9:32:06.701732129,T,89.35,200,89.53,100,TGT
2025-11-07,9:32:06.706373207,T,89.36,100,89.53,100,TGT
2025-11-07,9:32:06.706403320,T,89.36,200,89.53,100,TGT
2025-11-07,9:32:08.316739743,T,89.36,200,89.5,100,TGT
2025-11-07,9:32:08.316779856,T,89.36,100,89.5,100,TGT
2025-11-07,9:32:11.452204879,T,89.36,200,89.5,100,TGT
2025-11-07,9:32:11.452209657,T,89.36,200,89.58,100,TGT
2025-11-07,9:32:11.452214902,T,89.4,100,89.58,100,TGT
2025-11-07,9:32:11.452214902,T,89.4,100,89.6,100,TGT
2025-11-07,9:32:11.452234833,T,89.46,100,89.6,100,TGT
2025-11-07,9:32:11.452234833,T,89.49,100,89.6,100,TGT
2025-11-07,9:32:11.452269797,T,89.46,100,89.6,100,TGT
2025-11-07,9:32:11.452304889,T,89.46,100,89.58,100,TGT
2025-11-07,9:32:11.452550422,T,89.46,100,89.56,100,TGT
2025-11-07,9:32:11.452720825,T,89.46,100,89.55,100,TGT
2025-11-07,9:32:11.452856142,T,89.46,200,89.55,100,TGT
2025-11-07,9:32:11.452896284,T,89.46,200,89.56,200,TGT
2025-11-07,9:32:11.452896284,T,89.46,200,89.56,100,TGT
2025-11-07,9:32:11.452911220,T,89.5,100,89.56,100,TGT
2025-11-07,9:32:11.462714614,T,89.5,100,89.57,100,TGT
2025-11-07,9:32:11.472392676,T,89.5,100,89.6,100,TGT
2025-11-07,9:32:12.271892331,T,89.5,200,89.6,100,TGT
2025-11-07,9:32:12.448568242,T,89.5,100,89.6,100,TGT
2025-11-07,9:32:14.448232094,T,89.5,100,89.69,100,TGT
2025-11-07,9:32:14.449008887,T,89.5,100,89.7,300,TGT
2025-11-07,9:32:14.449209332,T,89.5,100,89.69,100,TGT
2025-11-07,9:32:14.449429955,T,89.5,200,89.69,100,TGT
2025-11-07,9:32:14.633037343,T,89.5,100,89.69,100,TGT
2025-11-07,9:32:16.983848265,T,89.5,200,89.69,100,TGT
2025-11-07,9:32:16.983867917,T,89.5,100,89.69,100,TGT
2025-11-07,9:32:16.983882947,T,89.49,100,89.69,100,TGT
2025-11-07,9:32:16.983882947,T,89.51,100,89.69,100,TGT
2025-11-07,9:32:16.984073367,T,89.5,100,89.69,100,TGT
2025-11-07,9:32:16.984233873,T,89.5,200,89.69,100,TGT
2025-11-07,9:32:16.984303950,T,89.51,100,89.69,100,TGT
2025-11-07,9:32:16.984313985,T,89.51,200,89.69,100,TGT
2025-11-07,9:32:16.984664794,T,89.51,300,89.69,100,TGT
2025-11-07,9:32:16.994578393,T,89.51,200,89.69,100,TGT
2025-11-07,9:32:17.983098356,T,89.51,100,89.69,100,TGT
2025-11-07,9:32:20.601962466,T,89.43,200,89.69,100,TGT
2025-11-07,9:32:23.043609489,T,89.43,100,89.69,100,TGT
2025-11-07,9:32:23.043644541,T,89.43,100,89.6,100,TGT
2025-11-07,9:32:23.044080833,T,89.43,100,89.56,100,TGT
2025-11-07,9:32:23.044135705,T,89.43,100,89.56,200,TGT
2025-11-07,9:32:23.044200851,T,89.43,100,89.55,100,TGT
2025-11-07,9:32:23.044336207,T,89.43,200,89.55,100,TGT
2025-11-07,9:32:23.044356232,T,89.43,200,89.56,200,TGT
2025-11-07,9:32:23.044591871,T,89.43,300,89.56,200,TGT
2025-11-07,9:32:23.044601808,T,89.43,400,89.56,200,TGT
2025-11-07,9:32:23.044621898,T,89.43,400,89.56,100,TGT
2025-11-07,9:32:23.045569166,T,89.43,400,89.56,200,TGT
2025-11-07,9:32:23.045569166,T,89.43,300,89.56,200,TGT
2025-11-07,9:32:23.045619392,T,89.43,200,89.56,200,TGT
2025-11-07,9:32:23.045619392,T,89.43,200,89.56,100,TGT
2025-11-07,9:32:23.059141466,T,89.43,200,89.57,200,TGT
2025-11-07,9:32:23.097828640,T,89.43,200,89.57,100,TGT
2025-11-07,9:32:23.097848730,T,89.43,200,89.59,100,TGT
2025-11-07,9:32:23.119936285,T,89.43,200,89.6,100,TGT
2025-11-07,9:32:23.244062032,T,89.43,200,89.69,200,TGT
2025-11-07,9:32:24.072926527,T,89.43,200,89.69,100,TGT
2025-11-07,9:32:24.966770848,T,89.43,100,89.69,100,TGT
2025-11-07,9:32:29.192598280,T,89.37,200,89.69,100,TGT
2025-11-07,9:32:29.192803783,T,89.37,200,89.69,200,TGT
2025-11-07,9:32:29.510931672,T,89.37,200,89.69,100,TGT
2025-11-07,9:32:29.510936672,T,89.37,200,89.6,100,TGT
2025-11-07,9:32:30.299535425,T,89.37,200,89.7,200,TGT
2025-11-07,9:32:30.299570488,T,89.37,200,89.61,100,TGT
2025-11-07,9:32:30.300492729,T,89.37,200,89.7,200,TGT
2025-11-07,9:32:30.406099266,T,89.37,200,89.61,100,TGT
2025-11-07,9:32:31.442528575,T,89.3,200,89.61,100,TGT
2025-11-07,9:32:31.444257666,T,89.3,300,89.61,100,TGT
2025-11-07,9:32:34.454328764,T,89.3,300,89.6,100,TGT
2025-11-07,9:32:34.454539250,T,89.3,300,89.6,200,TGT
2025-11-07,9:32:37.687967423,T,89.3,300,89.59,100,TGT
2025-11-07,9:32:41.118304720,T,89.3,300,89.6,100,TGT
2025-11-07,9:32:42.265813427,T,89.3,300,89.59,100,TGT
2025-11-07,9:32:42.338251002,T,89.3,300,89.6,100,TGT
2025-11-07,9:32:42.749445809,T,89.3,300,89.59,100,TGT
2025-11-07,9:32:42.750789109,T,89.3,300,89.59,200,TGT
2025-11-07,9:32:42.750894260,T,89.3,300,89.59,100,TGT
2025-11-07,9:32:43.127120597,T,89.3,300,89.6,100,TGT
2025-11-07,9:32:43.161637887,T,89.3,300,89.59,100,TGT
2025-11-07,9:32:43.161928494,T,89.3,300,89.58,100,TGT
2025-11-07,9:32:43.413362590,T,89.36,100,89.58,100,TGT
2025-11-07,9:32:43.413372504,T,89.36,100,89.59,100,TGT
2025-11-07,9:32:43.413372504,T,89.36,100,89.6,100,TGT
2025-11-07,9:32:43.413402679,T,89.36,200,89.6,100,TGT
2025-11-07,9:32:43.413412612,T,89.36,200,89.58,100,TGT
2025-11-07,9:32:43.413442771,T,89.39,100,89.58,100,TGT
2025-11-07,9:32:43.413457710,T,89.39,100,89.59,100,TGT
2025-11-07,9:32:43.413462836,T,89.39,100,89.6,100,TGT
2025-11-07,9:32:43.413507891,T,89.39,100,89.6,200,TGT
2025-11-07,9:32:43.413512906,T,89.39,100,89.59,100,TGT
2025-11-07,9:32:43.423471619,T,89.3,200,89.59,100,TGT
2025-11-07,9:32:43.517575823,T,89.3,200,89.6,100,TGT
2025-11-07,9:32:44.455660574,T,89.43,100,89.6,100,TGT
2025-11-07,9:32:44.456081560,T,89.43,200,89.6,100,TGT
2025-11-07,9:32:45.603660385,T,89.43,300,89.6,100,TGT
2025-11-07,9:32:45.656616621,T,89.43,300,89.7,200,TGT
2025-11-07,9:32:45.656631551,T,89.44,100,89.7,200,TGT
2025-11-07,9:32:45.656636710,T,89.53,100,89.7,200,TGT
2025-11-07,9:32:45.656967394,T,89.53,200,89.7,200,TGT
2025-11-07,9:32:45.656992483,T,89.53,100,89.7,200,TGT
2025-11-07,9:32:45.657047670,T,89.53,100,89.69,100,TGT
2025-11-07,9:32:45.657388373,T,89.54,100,89.69,100,TGT
2025-11-07,9:32:45.657403389,T,89.53,200,89.69,100,TGT
2025-11-07,9:32:45.657408469,T,89.53,100,89.69,100,TGT
2025-11-07,9:32:45.657408469,T,89.53,200,89.69,100,TGT
2025-11-07,9:32:45.667447314,T,89.53,100,89.69,100,TGT
2025-11-07,9:32:45.756765182,T,89.52,200,89.69,100,TGT
2025-11-07,9:32:45.757506908,T,89.52,100,89.69,100,TGT
2025-11-07,9:32:45.757531922,T,89.51,200,89.69,100,TGT
2025-11-07,9:32:46.043728848,T,89.52,100,89.69,100,TGT
2025-11-07,9:32:46.043758827,T,89.51,300,89.69,100,TGT
2025-11-07,9:32:46.043779024,T,89.52,100,89.69,100,TGT
2025-11-07,9:32:46.043919363,T,89.52,200,89.69,100,TGT
2025-11-07,9:32:46.043939250,T,89.52,200,89.71,100,TGT
2025-11-07,9:32:46.043944279,T,89.57,100,89.71,100,TGT
2025-11-07,9:32:46.043954253,T,89.57,100,89.79,300,TGT
2025-11-07,9:32:46.043989285,T,89.57,100,89.71,100,TGT
2025-11-07,9:32:46.044034404,T,89.57,100,89.7,100,TGT
2025-11-07,9:32:46.044119634,T,89.57,100,89.71,100,TGT
2025-11-07,9:32:46.044134799,T,89.58,100,89.71,100,TGT
2025-11-07,9:32:46.044134799,T,89.58,100,89.79,300,TGT
2025-11-07,9:32:46.044144676,T,89.58,100,89.79,200,TGT
2025-11-07,9:32:46.044285085,T,89.58,100,89.74,100,TGT
2025-11-07,9:32:46.050539933,T,89.57,100,89.74,100,TGT
2025-11-07,9:32:46.175522638,T,89.52,100,89.74,100,TGT
2025-11-07,9:32:46.658523302,T,89.51,200,89.74,100,TGT
2025-11-07,9:32:46.658528393,T,89.51,100,89.74,100,TGT
2025-11-07,9:32:46.659024577,T,89.52,100,89.74,100,TGT
2025-11-07,9:32:46.659049659,T,89.51,200,89.74,100,TGT
2025-11-07,9:32:46.693135852,T,89.51,200,89.75,100,TGT
2025-11-07,9:32:46.726189513,T,89.51,200,89.79,300,TGT
2025-11-07,9:32:46.726610545,T,89.51,300,89.79,300,TGT
2025-11-07,9:32:46.891769081,T,89.51,200,89.79,300,TGT
2025-11-07,9:32:47.846373326,T,89.52,100,89.79,300,TGT
2025-11-07,9:32:55.956233840,T,89.51,100,89.79,300,TGT
2025-11-07,9:32:58.668740950,T,89.51,200,89.79,300,TGT
2025-11-07,9:32:58.669212078,T,89.55,100,89.79,300,TGT
2025-11-07,9:32:58.853014920,T,89.51,200,89.79,300,TGT
2025-11-07,9:32:58.914150531,T,89.54,100,89.79,300,TGT
2025-11-07,9:32:59.233396102,T,89.51,200,89.79,300,TGT
2025-11-07,9:32:59.261848895,T,89.54,100,89.79,300,TGT
2025-11-07,9:32:59.555648759,T,89.51,200,89.79,300,TGT
2025-11-07,9:33:00.028189511,T,89.51,200,89.72,100,TGT
2025-11-07,9:33:00.840645129,T,89.51,100,89.72,100,TGT
2025-11-07,9:33:00.840645129,T,89.51,200,89.72,100,TGT
2025-11-07,9:33:01.723393175,T,89.51,200,89.79,300,TGT
2025-11-07,9:33:02.031998480,T,89.51,200,89.71,100,TGT
2025-11-07,9:33:02.033411613,T,89.51,200,89.79,300,TGT
2025-11-07,9:33:02.043300187,T,89.51,200,89.7,100,TGT
2025-11-07,9:33:02.108686045,T,89.51,200,89.71,100,TGT
2025-11-07,9:33:02.108690953,T,89.51,200,89.79,300,TGT
2025-11-07,9:33:02.108716047,T,89.51,200,89.72,100,TGT
2025-11-07,9:33:02.146225378,T,89.51,200,89.71,100,TGT
2025-11-07,9:33:02.146626352,T,89.51,200,89.72,100,TGT
2025-11-07,9:33:02.181694878,T,89.51,200,89.79,300,TGT
2025-11-07,9:33:02.673546562,T,89.51,200,89.7,100,TGT
2025-11-07,9:33:02.712544480,T,89.51,200,89.71,100,TGT
2025-11-07,9:33:02.712544480,T,89.51,200,89.79,300,TGT
2025-11-07,9:33:02.712569521,T,89.51,200,89.72,100,TGT
2025-11-07,9:33:02.766964151,T,89.51,200,89.79,300,TGT
2025-11-07,9:33:02.821870050,T,89.51,200,89.72,100,TGT
2025-11-07,9:33:02.995879381,T,89.57,100,89.72,100,TGT
2025-11-07,9:33:02.995889485,T,89.58,100,89.72,100,TGT
2025-11-07,9:33:02.995894434,T,89.59,100,89.72,100,TGT
2025-11-07,9:33:02.995914547,T,89.59,200,89.72,100,TGT
2025-11-07,9:33:02.995914547,T,89.59,200,89.79,200,TGT
2025-11-07,9:33:02.995929585,T,89.6,100,89.79,200,TGT
2025-11-07,9:33:02.995934956,T,89.63,100,89.79,200,TGT
2025-11-07,9:33:02.996004699,T,89.63,100,89.75,100,TGT
2025-11-07,9:33:02.996019774,T,89.64,100,89.75,100,TGT
2025-11-07,9:33:02.996079908,T,89.66,100,89.75,100,TGT
2025-11-07,9:33:02.996104970,T,89.64,100,89.75,100,TGT
2025-11-07,9:33:02.996109994,T,89.64,100,89.79,200,TGT
2025-11-07,9:33:02.996335532,T,89.64,100,89.79,400,TGT
2025-11-07,9:33:02.996596158,T,89.64,100,89.79,200,TGT
2025-11-07,9:33:03.002936266,T,89.63,200,89.79,200,TGT
2025-11-07,9:33:03.454366669,T,89.63,200,89.79,100,TGT
2025-11-07,9:33:03.454401698,T,89.67,100,89.79,100,TGT
2025-11-07,9:33:03.454426842,T,89.63,200,89.79,100,TGT
2025-11-07,9:33:03.454431857,T,89.67,100,89.79,100,TGT
2025-11-07,9:33:03.454431857,T,89.63,200,89.79,100,TGT
2025-11-07,9:33:03.454467175,T,89.63,300,89.79,100,TGT
2025-11-07,9:33:03.454471903,T,89.63,200,89.79,100,TGT
2025-11-07,9:33:03.454557105,T,89.63,300,89.79,100,TGT
2025-11-07,9:33:03.512259521,T,89.63,200,89.79,100,TGT
2025-11-07,9:33:03.996282682,T,89.63,200,89.79,200,TGT
2025-11-07,9:33:03.996382862,T,89.63,100,89.79,200,TGT
2025-11-07,9:33:03.996402979,T,89.63,100,89.79,100,TGT
2025-11-07,9:33:03.996432975,T,89.63,100,89.73,100,TGT
2025-11-07,9:33:03.996437997,T,89.63,200,89.73,100,TGT
2025-11-07,9:33:03.996463040,T,89.63,200,89.79,100,TGT
2025-11-07,9:33:03.996488135,T,89.63,200,89.8,100,TGT
2025-11-07,9:33:03.996498359,T,89.63,200,89.85,200,TGT
2025-11-07,9:33:03.996518181,T,89.63,200,89.84,100,TGT
2025-11-07,9:33:03.997616131,T,89.63,100,89.84,100,TGT
2025-11-07,9:33:03.997625800,T,89.63,200,89.84,100,TGT
2025-11-07,9:33:03.997881490,T,89.69,100,89.84,100,TGT
2025-11-07,9:33:04.000728255,T,89.69,100,89.81,100,TGT
2025-11-07,9:33:04.137764723,T,89.63,200,89.81,100,TGT
2025-11-07,9:33:05.361394971,T,89.63,100,89.81,100,TGT
2025-11-07,9:33:05.361420083,T,89.62,200,89.81,100,TGT
2025-11-07,9:33:06.678437677,T,89.62,100,89.81,100,TGT
2025-11-07,9:33:06.678472722,T,89.62,100,89.81,200,TGT
2025-11-07,9:33:06.678472722,T,89.62,100,89.8,100,TGT
2025-11-07,9:33:06.678482847,T,89.62,100,89.8,200,TGT
2025-11-07,9:33:06.678482847,T,89.62,100,89.79,100,TGT
2025-11-07,9:33:06.678487741,T,89.62,100,89.78,100,TGT
2025-11-07,9:33:06.678507784,T,89.62,100,89.76,100,TGT
2025-11-07,9:33:06.678507784,T,89.62,100,89.78,100,TGT
2025-11-07,9:33:06.678893768,T,89.62,100,89.76,100,TGT
2025-11-07,9:33:06.679003987,T,89.62,100,89.76,200,TGT
2025-11-07,9:33:06.679139342,T,89.6,200,89.76,200,TGT
2025-11-07,9:33:06.783112059,T,89.6,100,89.76,200,TGT
2025-11-07,9:33:06.878614518,T,89.6,100,89.76,100,TGT
2025-11-07,9:33:06.890066792,T,89.6,100,89.8,100,TGT
2025-11-07,9:33:07.014087204,T,89.59,200,89.8,100,TGT
2025-11-07,9:33:07.159839394,T,89.59,200,89.81,100,TGT
2025-11-07,9:33:07.159874552,T,89.59,200,89.81,200,TGT
2025-11-07,9:33:07.160195294,T,89.59,200,89.79,100,TGT
2025-11-07,9:33:07.160751542,T,89.59,200,89.81,200,TGT
2025-11-07,9:33:07.197644483,T,89.59,200,89.81,100,TGT
2025-11-07,9:33:07.197679576,T,89.59,300,89.81,100,TGT
2025-11-07,9:33:07.197684560,T,89.59,300,89.81,200,TGT
2025-11-07,9:33:07.454621578,T,89.6,100,89.81,200,TGT
2025-11-07,9:33:07.454626664,T,89.68,100,89.81,200,TGT
2025-11-07,9:33:07.454656775,T,89.63,100,89.81,200,TGT
2025-11-07,9:33:07.454661684,T,89.63,100,89.81,300,TGT
2025-11-07,9:33:07.454671716,T,89.63,100,89.81,200,TGT
2025-11-07,9:33:07.454701819,T,89.63,100,89.81,300,TGT
2025-11-07,9:33:07.454862155,T,89.63,100,89.8,100,TGT
2025-11-07,9:33:07.454872210,T,89.64,100,89.8,100,TGT
2025-11-07,9:33:07.454942433,T,89.64,100,89.8,200,TGT
2025-11-07,9:33:07.454962491,T,89.64,100,89.8,100,TGT
2025-11-07,9:33:07.454987496,T,89.64,100,89.76,100,TGT
2025-11-07,9:33:07.455193093,T,89.64,100,89.76,200,TGT
2025-11-07,9:33:07.459648565,T,89.59,300,89.76,200,TGT
2025-11-07,9:33:07.475486309,T,89.59,200,89.76,200,TGT
2025-11-07,9:33:07.535990408,T,89.59,200,89.76,100,TGT
2025-11-07,9:33:07.535990408,T,89.59,200,89.75,100,TGT
2025-11-07,9:33:07.651876493,T,89.59,200,89.74,100,TGT
2025-11-07,9:33:09.017770801,T,89.6,100,89.74,100,TGT
2025-11-07,9:33:09.026756997,T,89.59,200,89.74,100,TGT
2025-11-07,9:33:09.713282613,T,89.59,200,89.8,100,TGT
2025-11-07,9:33:09.713282613,T,89.59,200,89.81,200,TGT
2025-11-07,9:33:09.713302572,T,89.68,100,89.81,200,TGT
2025-11-07,9:33:09.713327644,T,89.68,100,89.8,100,TGT
2025-11-07,9:33:09.713362816,T,89.68,100,89.8,200,TGT
2025-11-07,9:33:09.713412939,T,89.68,100,89.8,100,TGT
2025-11-07,9:33:09.713442954,T,89.68,100,89.81,300,TGT
2025-11-07,9:33:09.813471248,T,89.65,200,89.81,300,TGT
2025-11-07,9:33:09.813501337,T,89.65,100,89.81,300,TGT
2025-11-07,9:33:09.813531359,T,89.6,100,89.81,300,TGT
2025-11-07,9:33:09.814303262,T,89.65,100,89.81,300,TGT
2025-11-07,9:33:09.814328262,T,89.6,100,89.81,300,TGT
2025-11-07,9:33:09.914401718,T,89.59,200,89.81,300,TGT
2025-11-07,9:33:09.914401718,T,89.59,100,89.81,300,TGT
2025-11-07,9:33:10.455771549,T,89.59,100,89.81,200,TGT
2025-11-07,9:33:10.455887358,T,89.59,100,89.81,100,TGT
2025-11-07,9:33:10.455887358,T,89.59,200,89.81,100,TGT
2025-11-07,9:33:10.455891880,T,89.59,100,89.81,100,TGT
2025-11-07,9:33:10.455911954,T,89.66,100,89.81,100,TGT
2025-11-07,9:33:10.455916909,T,89.68,100,89.81,100,TGT
2025-11-07,9:33:10.713736177,T,89.59,100,89.81,100,TGT
2025-11-07,9:33:10.714613344,T,89.66,100,89.81,100,TGT
2025-11-07,9:33:10.864755980,T,89.59,100,89.81,100,TGT
2025-11-07,9:33:15.456469820,T,89.59,200,89.81,100,TGT
2025-11-07,9:33:15.456479862,T,89.69,100,89.81,100,TGT
2025-11-07,9:33:15.456495036,T,89.63,100,89.81,100,TGT
2025-11-07,9:33:15.456640270,T,89.67,100,89.81,100,TGT
2025-11-07,9:33:15.456650284,T,89.69,100,89.81,100,TGT
2025-11-07,9:33:15.456770528,T,89.69,200,89.81,100,TGT
2025-11-07,9:33:15.461466817,T,89.69,100,89.81,100,TGT
2025-11-07,9:33:15.466438649,T,89.67,100,89.81,100,TGT
2025-11-07,9:33:15.466959818,T,89.66,100,89.81,100,TGT
2025-11-07,9:33:15.466959818,T,89.6,100,89.81,100,TGT
2025-11-07,9:33:15.466984948,T,89.63,100,89.81,100,TGT
2025-11-07,9:33:15.467205409,T,89.6,100,89.81,100,TGT
2025-11-07,9:33:15.467586369,T,89.61,100,89.81,100,TGT
2025-11-07,9:33:15.467656565,T,89.66,100,89.81,100,TGT
2025-11-07,9:33:15.656792180,T,89.61,100,89.81,100,TGT
2025-11-07,9:33:15.656817180,T,89.6,100,89.81,100,TGT
2025-11-07,9:33:15.656817180,T,89.59,100,89.81,100,TGT
2025-11-07,9:33:15.657343488,T,89.59,200,89.81,100,TGT
2025-11-07,9:33:15.932027789,T,89.66,100,89.81,100,TGT
2025-11-07,9:33:16.660353042,T,89.59,200,89.81,100,TGT
2025-11-07,9:33:16.660468346,T,89.59,200,89.8,100,TGT
2025-11-07,9:33:17.527047827,T,89.59,200,89.84,100,TGT
2025-11-07,9:33:18.166576370,T,89.59,200,89.87,100,TGT
2025-11-07,9:33:18.172184820,T,89.59,200,89.84,100,TGT
2025-11-07,9:33:18.172846317,T,89.59,200,89.87,100,TGT
2025-11-07,9:33:18.816078757,T,89.59,200,89.84,100,TGT
2025-11-07,9:33:18.817036072,T,89.59,200,89.87,100,TGT
2025-11-07,9:33:18.870764059,T,89.6,100,89.87,100,TGT
2025-11-07,9:33:19.112304496,T,89.6,100,89.84,100,TGT
2025-11-07,9:33:19.120965117,T,89.6,100,89.87,100,TGT
2025-11-07,9:33:19.521509451,T,89.6,100,89.84,100,TGT
2025-11-07,9:33:19.521995604,T,89.6,100,89.81,100,TGT
2025-11-07,9:33:20.407680674,T,89.59,200,89.81,100,TGT
2025-11-07,9:33:20.485721596,T,89.59,100,89.81,100,TGT
2025-11-07,9:33:21.426688340,T,89.59,100,89.75,100,TGT
2025-11-07,9:33:23.457090556,T,89.59,100,89.87,100,TGT
2025-11-07,9:33:23.457115580,T,89.59,200,89.87,100,TGT
2025-11-07,9:33:23.457130597,T,89.59,200,89.85,100,TGT
2025-11-07,9:33:23.457140666,T,89.67,100,89.85,100,TGT
2025-11-07,9:33:23.464172431,T,89.59,200,89.85,100,TGT
2025-11-07,9:33:23.608877176,T,89.59,200,89.79,100,TGT
2025-11-07,9:33:23.871868686,T,89.59,200,89.85,100,TGT
2025-11-07,9:33:23.873342292,T,89.67,100,89.85,100,TGT
2025-11-07,9:33:23.873392326,T,89.68,100,89.85,100,TGT
2025-11-07,9:33:23.874058983,T,89.67,100,89.85,100,TGT
2025-11-07,9:33:23.874058983,T,89.59,200,89.85,100,TGT
2025-11-07,9:33:24.320678091,T,89.67,100,89.85,100,TGT
2025-11-07,9:33:24.320678091,T,89.67,200,89.85,100,TGT
2025-11-07,9:33:24.320703231,T,89.67,100,89.85,100,TGT
2025-11-07,9:33:24.320708078,T,89.69,100,89.85,100,TGT
2025-11-07,9:33:24.320733097,T,89.69,100,89.74,100,TGT
2025-11-07,9:33:24.320753240,T,89.68,100,89.74,100,TGT
2025-11-07,9:33:24.320753240,T,89.67,100,89.74,100,TGT
2025-11-07,9:33:24.320803347,T,89.67,100,89.74,200,TGT
2025-11-07,9:33:24.320868435,T,89.67,100,89.73,100,TGT
2025-11-07,9:33:24.320893486,T,89.59,100,89.73,100,TGT
2025-11-07,9:33:24.321094043,T,89.59,100,89.73,200,TGT
2025-11-07,9:33:24.321354758,T,89.58,100,89.73,200,TGT
2025-11-07,9:33:24.321464929,T,89.59,100,89.73,200,TGT
2025-11-07,9:33:24.321489916,T,89.59,100,89.72,100,TGT
2025-11-07,9:33:24.321535062,T,89.59,100,89.72,200,TGT
2025-11-07,9:33:24.321645343,T,89.59,200,89.72,200,TGT
2025-11-07,9:33:24.321720453,T,89.59,200,89.72,100,TGT
2025-11-07,9:33:24.321745526,T,89.6,100,89.72,100,TGT
2025-11-07,9:33:24.321775646,T,89.6,200,89.72,100,TGT
2025-11-07,9:33:24.321780663,T,89.63,100,89.72,100,TGT
2025-11-07,9:33:24.321810731,T,89.63,200,89.72,100,TGT
2025-11-07,9:33:24.323214099,T,89.63,100,89.72,100,TGT
2025-11-07,9:33:24.323214099,T,89.63,100,89.72,200,TGT
2025-11-07,9:33:24.323224134,T,89.62,200,89.72,200,TGT
2025-11-07,9:33:24.323234166,T,89.62,200,89.73,100,TGT
2025-11-07,9:33:24.323234166,T,89.62,200,89.72,100,TGT
2025-11-07,9:33:24.323239353,T,89.62,200,89.71,100,TGT
2025-11-07,9:33:24.323239353,T,89.62,100,89.71,100,TGT
2025-11-07,9:33:24.323244098,T,89.6,200,89.71,100,TGT
2025-11-07,9:33:24.323244098,T,89.6,200,89.65,100,TGT
2025-11-07,9:33:24.323259407,T,89.6,200,89.65,200,TGT
2025-11-07,9:33:24.323259407,T,89.6,100,89.65,200,TGT
2025-11-07,9:33:24.323264130,T,89.62,100,89.65,200,TGT
2025-11-07,9:33:24.323289275,T,89.6,100,89.65,200,TGT
2025-11-07,9:33:24.323344360,T,89.6,100,89.64,100,TGT
2025-11-07,9:33:24.323805429,T,89.59,100,89.64,100,TGT
2025-11-07,9:33:24.323870654,T,89.58,100,89.64,100,TGT
2025-11-07,9:33:24.323885620,T,89.51,200,89.64,100,TGT
2025-11-07,9:33:24.323900751,T,89.57,100,89.64,100,TGT
2025-11-07,9:33:24.324111160,T,89.57,100,89.64,200,TGT
2025-11-07,9:33:24.324131413,T,89.57,100,89.71,100,TGT
2025-11-07,9:33:24.324151268,T,89.57,100,89.62,200,TGT
2025-11-07,9:33:24.324226508,T,89.57,100,89.62,100,TGT
2025-11-07,9:33:24.324326721,T,89.57,200,89.62,100,TGT
2025-11-07,9:33:24.325594708,T,89.58,100,89.62,100,TGT
2025-11-07,9:33:24.326291484,T,89.57,200,89.62,100,TGT
2025-11-07,9:33:24.334330513,T,89.57,100,89.62,100,TGT
2025-11-07,9:33:24.344073744,T,89.51,200,89.62,100,TGT
2025-11-07,9:33:24.344088982,T,89.51,100,89.62,100,TGT
2025-11-07,9:33:24.624963094,T,89.5,100,89.62,100,TGT
2025-11-07,9:33:24.624968014,T,89.5,100,89.61,100,TGT
2025-11-07,9:33:24.624998032,T,89.5,100,89.58,100,TGT
2025-11-07,9:33:24.625379312,T,89.5,100,89.61,100,TGT
2025-11-07,9:33:24.625434150,T,89.46,200,89.61,100,TGT
2025-11-07,9:33:24.626195960,T,89.46,200,89.65,100,TGT
2025-11-07,9:33:24.626220981,T,89.46,200,89.73,100,TGT
2025-11-07,9:33:24.626652040,T,89.46,300,89.73,100,TGT
2025-11-07,9:33:24.626687064,T,89.46,300,89.73,200,TGT
2025-11-07,9:33:24.627133200,T,89.46,200,89.73,200,TGT
2025-11-07,9:33:24.627203288,T,89.46,200,89.73,100,TGT
2025-11-07,9:33:24.627228445,T,89.46,200,89.74,100,TGT
2025-11-07,9:33:24.627253467,T,89.46,200,89.72,100,TGT
2025-11-07,9:33:25.382497639,T,89.46,200,89.75,100,TGT
2025-11-07,9:33:25.382557819,T,89.46,200,89.73,100,TGT
2025-11-07,9:33:25.382888570,T,89.46,100,89.73,100,TGT
2025-11-07,9:33:25.657192204,T,89.46,100,89.82,100,TGT
2025-11-07,9:33:26.387847708,T,89.46,100,89.83,100,TGT
2025-11-07,9:33:27.000301856,T,89.46,100,89.84,100,TGT
2025-11-07,9:33:28.780101960,T,89.46,100,89.72,100,TGT
2025-11-07,9:33:29.078608031,T,89.46,100,89.84,100,TGT
2025-11-07,9:33:29.078663182,T,89.46,100,89.73,100,TGT
2025-11-07,9:33:30.062812780,T,89.46,100,89.79,100,TGT
2025-11-07,9:33:30.063018245,T,89.46,100,89.79,200,TGT
2025-11-07,9:33:30.063053330,T,89.46,100,89.72,100,TGT
2025-11-07,9:33:31.057838297,T,89.46,100,89.79,200,TGT
2025-11-07,9:33:31.057853289,T,89.46,100,89.79,100,TGT
2025-11-07,9:33:31.057893394,T,89.46,100,89.75,100,TGT
2025-11-07,9:33:31.058434710,T,89.46,100,89.73,100,TGT
2025-11-07,9:33:31.058444716,T,89.43,500,89.73,100,TGT
2025-11-07,9:33:31.058469822,T,89.43,400,89.73,100,TGT
2025-11-07,9:33:31.058940876,T,89.43,500,89.73,100,TGT
2025-11-07,9:33:31.073455462,T,89.43,500,89.74,100,TGT
2025-11-07,9:33:31.073906632,T,89.43,500,89.75,100,TGT
2025-11-07,9:33:31.484499779,T,89.43,500,89.78,200,TGT
2025-11-07,9:33:31.484710263,T,89.43,500,89.78,300,TGT
2025-11-07,9:33:31.484740288,T,89.43,500,89.72,100,TGT
2025-11-07,9:33:31.580879326,T,89.43,400,89.72,100,TGT
2025-11-07,9:33:31.900721276,T,89.43,400,89.72,200,TGT
2025-11-07,9:33:31.903137168,T,89.43,400,89.72,100,TGT
2025-11-07,9:33:31.903297489,T,89.43,400,89.71,100,TGT
2025-11-07,9:33:31.994003774,T,89.43,400,89.71,200,TGT
2025-11-07,9:33:33.023340831,T,89.43,400,89.71,100,TGT
2025-11-07,9:33:33.023401098,T,89.43,400,89.7,100,TGT
2025-11-07,9:33:33.056685296,T,89.43,300,89.7,100,TGT
2025-11-07,9:33:33.056890757,T,89.43,300,89.7,200,TGT
2025-11-07,9:33:33.333249142,T,89.43,300,89.7,100,TGT
2025-11-07,9:33:33.598586296,T,89.43,300,89.69,100,TGT
2025-11-07,9:33:33.613572064,T,89.43,300,89.69,200,TGT
2025-11-07,9:33:34.132864177,T,89.43,300,89.69,100,TGT
2025-11-07,9:33:34.217129910,T,89.43,300,89.68,100,TGT
2025-11-07,9:33:34.721406171,T,89.43,300,89.73,100,TGT
2025-11-07,9:33:34.721466358,T,89.43,300,89.69,100,TGT
2025-11-07,9:33:35.083443723,T,89.43,300,89.73,200,TGT
2025-11-07,9:33:35.083649210,T,89.43,300,89.73,100,TGT
2025-11-07,9:33:35.083969989,T,89.43,300,89.73,200,TGT
2025-11-07,9:33:36.088463024,T,89.43,300,89.69,100,TGT
2025-11-07,9:33:36.089550728,T,89.43,300,89.69,200,TGT
2025-11-07,9:33:37.628131075,T,89.43,300,89.69,100,TGT
2025-11-07,9:33:39.686850661,T,89.43,300,89.68,100,TGT
2025-11-07,9:33:39.689491915,T,89.43,300,89.68,200,TGT
2025-11-07,9:33:39.827240204,T,89.43,300,89.68,100,TGT
2025-11-07,9:33:40.474040981,T,89.43,400,89.68,100,TGT
2025-11-07,9:33:42.097157955,T,89.43,400,89.67,100,TGT
2025-11-07,9:33:42.097253205,T,89.43,300,89.67,100,TGT
2025-11-07,9:33:42.097273220,T,89.43,300,89.67,200,TGT
2025-11-07,9:33:42.097278197,T,89.43,300,89.59,100,TGT
2025-11-07,9:33:42.098436050,T,89.43,100,89.59,100,TGT
2025-11-07,9:33:42.104325092,T,89.43,100,89.65,200,TGT
2025-11-07,9:33:42.104821246,T,89.43,100,89.63,100,TGT
2025-11-07,9:33:42.104826272,T,89.43,100,89.62,100,TGT
2025-11-07,9:33:42.104851301,T,89.43,100,89.63,200,TGT
2025-11-07,9:33:42.104861267,T,89.43,100,89.62,100,TGT
2025-11-07,9:33:42.106054145,T,89.43,100,89.62,200,TGT
2025-11-07,9:33:42.111858014,T,89.43,100,89.62,100,TGT
2025-11-07,9:33:43.337813960,T,89.35,200,89.62,100,TGT
2025-11-07,9:33:44.876985728,T,89.35,200,89.61,100,TGT
2025-11-07,9:33:44.877000777,T,89.35,200,89.54,100,TGT
2025-11-07,9:33:44.877020769,T,89.35,200,89.54,200,TGT
2025-11-07,9:33:44.877051004,T,89.35,200,89.54,300,TGT
2025-11-07,9:33:44.877055926,T,89.35,200,89.54,200,TGT
2025-11-07,9:33:44.877351580,T,89.3,100,89.54,200,TGT
2025-11-07,9:33:44.877772664,T,89.3,200,89.54,200,TGT
2025-11-07,9:33:44.877807662,T,89.3,300,89.54,200,TGT
2025-11-07,9:33:44.877842847,T,89.3,200,89.54,200,TGT
2025-11-07,9:33:44.882057797,T,89.3,200,89.54,300,TGT
2025-11-07,9:33:44.883270748,T,89.3,200,89.54,200,TGT
2025-11-07,9:33:44.883295834,T,89.3,200,89.54,100,TGT
2025-11-07,9:33:44.883325804,T,89.3,200,89.61,100,TGT
2025-11-07,9:33:44.883376006,T,89.3,200,89.6,100,TGT
2025-11-07,9:33:44.883756906,T,89.3,200,89.54,100,TGT
2025-11-07,9:33:44.884238034,T,89.3,200,89.6,100,TGT
2025-11-07,9:33:44.884518689,T,89.3,200,89.54,100,TGT
2025-11-07,9:33:44.897459497,T,89.3,100,89.54,100,TGT
2025-11-07,9:33:44.918544785,T,89.3,200,89.54,100,TGT
2025-11-07,9:33:44.995518108,T,89.3,200,89.6,100,TGT
2025-11-07,9:33:44.996615772,T,89.3,100,89.6,100,TGT
2025-11-07,9:33:46.721039023,T,89.3,100,89.53,100,TGT
2025-11-07,9:33:47.044334163,T,89.3,100,89.6,100,TGT
2025-11-07,9:33:47.044955613,T,89.26,300,89.6,100,TGT
2025-11-07,9:33:47.044990745,T,89.26,300,89.52,100,TGT
2025-11-07,9:33:47.045697428,T,89.26,300,89.6,100,TGT
2025-11-07,9:33:47.045752532,T,89.26,300,89.53,100,TGT
2025-11-07,9:33:47.056222470,T,89.26,400,89.53,100,TGT
2025-11-07,9:33:47.120425434,T,89.37,100,89.53,100,TGT
2025-11-07,9:33:47.301135959,T,89.26,300,89.53,100,TGT
2025-11-07,9:33:47.302078186,T,89.26,400,89.53,100,TGT
2025-11-07,9:33:47.359650406,T,89.26,300,89.53,100,TGT
2025-11-07,9:33:47.501849145,T,89.26,400,89.53,100,TGT
2025-11-07,9:33:47.506259598,T,89.26,400,89.52,100,TGT
2025-11-07,9:33:50.206873355,T,89.26,300,89.52,100,TGT
2025-11-07,9:33:50.220064797,T,89.27,100,89.52,100,TGT
2025-11-07,9:33:50.220094852,T,89.27,200,89.52,100,TGT
2025-11-07,9:33:50.220485760,T,89.27,300,89.52,100,TGT
2025-11-07,9:33:50.220580953,T,89.28,100,89.52,100,TGT
2025-11-07,9:33:50.220611034,T,89.28,200,89.52,100,TGT
2025-11-07,9:33:51.925322338,T,89.3,100,89.52,100,TGT
2025-11-07,9:33:52.426972389,T,89.3,200,89.52,100,TGT
2025-11-07,9:33:53.671788139,T,89.31,100,89.52,100,TGT
2025-11-07,9:33:53.672234134,T,89.3,100,89.52,100,TGT
2025-11-07,9:33:53.672254215,T,89.31,100,89.52,100,TGT
2025-11-07,9:33:53.672675345,T,89.31,200,89.52,100,TGT
2025-11-07,9:33:54.204742884,T,89.31,100,89.52,100,TGT
2025-11-07,9:33:56.546847453,T,89.29,200,89.52,100,TGT
2025-11-07,9:33:56.547348655,T,89.3,100,89.52,100,TGT
2025-11-07,9:33:56.575786365,T,89.3,200,89.52,100,TGT
2025-11-07,9:33:58.710642385,T,89.3,100,89.52,100,TGT
2025-11-07,9:33:58.995235347,T,89.3,300,89.52,100,TGT
2025-11-07,9:34:00.079804202,T,89.3,300,89.52,200,TGT
2025-11-07,9:34:00.094048172,T,89.3,300,89.52,100,TGT
2025-11-07,9:34:00.180739693,T,89.3,300,89.52,200,TGT
2025-11-07,9:34:00.180849958,T,89.3,300,89.51,100,TGT
2025-11-07,9:34:00.180880034,T,89.3,300,89.51,200,TGT
2025-11-07,9:34:00.181095622,T,89.3,200,89.51,200,TGT
2025-11-07,9:34:00.187891728,T,89.3,200,89.51,100,TGT
2025-11-07,9:34:02.023825573,T,89.3,200,89.52,200,TGT
2025-11-07,9:34:02.023825573,T,89.3,200,89.52,100,TGT
2025-11-07,9:34:02.027890250,T,89.3,200,89.52,200,TGT
2025-11-07,9:34:02.027895276,T,89.3,200,89.52,300,TGT
2025-11-07,9:34:02.027930368,T,89.3,200,89.51,100,TGT
2025-11-07,9:34:02.027975425,T,89.3,300,89.51,100,TGT
2025-11-07,9:34:02.028226058,T,89.3,200,89.51,100,TGT
2025-11-07,9:34:02.028311235,T,89.3,100,89.51,100,TGT
2025-11-07,9:34:02.028336247,T,89.3,100,89.52,300,TGT
2025-11-07,9:34:02.028902670,T,89.34,100,89.52,300,TGT
2025-11-07,9:34:02.241699559,T,89.34,100,89.51,100,TGT
2025-11-07,9:34:02.353320475,T,89.34,100,89.52,300,TGT
2025-11-07,9:34:02.474148365,T,89.34,100,89.51,100,TGT
2025-11-07,9:34:02.532712858,T,89.34,100,89.52,300,TGT
2025-11-07,9:34:03.055884283,T,89.34,100,89.51,100,TGT
2025-11-07,9:34:03.056365420,T,89.34,100,89.5,100,TGT
2025-11-07,9:34:03.056816554,T,89.34,100,89.52,300,TGT
2025-11-07,9:34:03.056841538,T,89.34,100,89.51,100,TGT
2025-11-07,9:34:03.057478110,T,89.34,100,89.52,300,TGT
2025-11-07,9:34:03.061151869,T,89.34,100,89.5,100,TGT
2025-11-07,9:34:03.210497607,T,89.34,100,89.52,200,TGT
2025-11-07,9:34:03.393268057,T,89.34,100,89.52,300,TGT
2025-11-07,9:34:04.550194343,T,89.34,100,89.51,100,TGT
2025-11-07,9:34:04.550259507,T,89.34,100,89.5,100,TGT
2025-11-07,9:34:04.551091431,T,89.34,100,89.52,300,TGT
2025-11-07,9:34:04.557261130,T,89.34,100,89.52,200,TGT
2025-11-07,9:34:04.924676439,T,89.34,100,89.52,300,TGT
2025-11-07,9:34:04.925022291,T,89.34,100,89.52,200,TGT
2025-11-07,9:34:05.430466360,T,89.34,100,89.52,300,TGT
2025-11-07,9:34:05.430616864,T,89.34,100,89.51,100,TGT
2025-11-07,9:34:05.430681928,T,89.34,100,89.5,100,TGT
2025-11-07,9:34:05.843199621,T,89.34,100,89.52,200,TGT
2025-11-07,9:34:05.854677010,T,89.34,100,89.51,100,TGT
2025-11-07,9:34:05.855067983,T,89.34,100,89.52,200,TGT
2025-11-07,9:34:06.110285991,T,89.34,100,89.5,100,TGT
2025-11-07,9:34:06.787739811,T,89.34,100,89.53,200,TGT
2025-11-07,9:34:06.834506257,T,89.34,100,89.52,100,TGT
2025-11-07,9:34:06.904332590,T,89.34,100,89.5,100,TGT
2025-11-07,9:34:06.916567005,T,89.34,100,89.51,100,TGT
2025-11-07,9:34:06.916571749,T,89.34,100,89.52,100,TGT
2025-11-07,9:34:07.090060134,T,89.34,100,89.5,100,TGT
2025-11-07,9:34:07.181477883,T,89.34,100,89.53,200,TGT
2025-11-07,9:34:07.240338140,T,89.34,100,89.52,100,TGT
2025-11-07,9:34:07.328668547,T,89.34,100,89.53,200,TGT
2025-11-07,9:34:07.523988836,T,89.34,100,89.52,100,TGT
2025-11-07,9:34:08.443198789,T,89.34,100,89.53,200,TGT
2025-11-07,9:34:08.443233838,T,89.34,100,89.52,100,TGT
2025-11-07,9:34:08.777866105,T,89.34,100,89.5,100,TGT
2025-11-07,9:34:08.779274481,T,89.34,100,89.52,100,TGT
2025-11-07,9:34:08.820933696,T,89.34,100,89.53,200,TGT
2025-11-07,9:34:08.820968769,T,89.34,100,89.52,100,TGT
2025-11-07,9:34:08.893346191,T,89.34,100,89.53,200,TGT
2025-11-07,9:34:08.906793182,T,89.34,100,89.52,100,TGT
2025-11-07,9:34:10.005119673,T,89.34,100,89.5,100,TGT
2025-11-07,9:34:11.210270701,T,89.34,100,89.5,200,TGT
2025-11-07,9:34:13.052850304,T,89.34,100,89.5,100,TGT
2025-11-07,9:34:13.143371012,T,89.34,100,89.5,200,TGT
2025-11-07,9:34:13.197093929,T,89.34,100,89.5,100,TGT
2025-11-07,9:34:13.947937873,T,89.34,100,89.5,200,TGT
2025-11-07,9:34:13.962878532,T,89.34,100,89.5,100,TGT
2025-11-07,9:34:13.995345808,T,89.34,200,89.5,100,TGT
2025-11-07,9:34:14.061127559,T,89.35,100,89.5,100,TGT
2025-11-07,9:34:14.061849299,T,89.34,200,89.5,100,TGT
2025-11-07,9:34:14.467666040,T,89.34,300,89.5,100,TGT
2025-11-07,9:34:14.467676026,T,89.35,100,89.5,100,TGT
2025-11-07,9:34:14.467681063,T,89.35,200,89.5,100,TGT
2025-11-07,9:34:14.467716138,T,89.35,100,89.5,100,TGT
2025-11-07,9:34:14.467726126,T,89.35,100,89.61,100,TGT
2025-11-07,9:34:14.467746451,T,89.5,100,89.61,100,TGT
2025-11-07,9:34:14.468107032,T,89.5,100,89.62,100,TGT
2025-11-07,9:34:14.468447849,T,89.45,100,89.62,100,TGT
2025-11-07,9:34:14.469044414,T,89.51,100,89.62,100,TGT
2025-11-07,9:34:15.748848315,T,89.4,100,89.62,100,TGT
2025-11-07,9:34:15.748868375,T,89.4,100,89.55,100,TGT
2025-11-07,9:34:15.749289376,T,89.35,200,89.55,100,TGT
2025-11-07,9:34:15.749755564,T,89.36,100,89.55,100,TGT
2025-11-07,9:34:15.749785565,T,89.4,100,89.55,100,TGT
2025-11-07,9:34:15.755935271,T,89.4,100,89.58,100,TGT
2025-11-07,9:34:15.755960248,T,89.4,100,89.59,100,TGT
2025-11-07,9:34:15.758917314,T,89.4,100,89.62,100,TGT
2025-11-07,9:34:15.758937405,T,89.4,100,89.66,100,TGT
2025-11-07,9:34:15.758942357,T,89.4,100,89.61,100,TGT
2025-11-07,9:34:15.758967512,T,89.4,100,89.62,100,TGT
2025-11-07,9:34:15.759323334,T,89.4,100,89.66,100,TGT
2025-11-07,9:34:15.760195396,T,89.4,200,89.66,100,TGT
2025-11-07,9:34:15.771737935,T,89.4,100,89.66,100,TGT
2025-11-07,9:34:18.797812106,T,89.4,100,89.62,100,TGT
2025-11-07,9:34:19.742402243,T,89.36,200,89.62,100,TGT
2025-11-07,9:34:19.744151433,T,89.36,300,89.62,100,TGT
2025-11-07,9:34:19.968295444,T,89.37,100,89.62,100,TGT
2025-11-07,9:34:21.814939536,T,89.37,100,89.62,200,TGT
2025-11-07,9:34:22.068558773,T,89.37,100,89.62,100,TGT
2025-11-07,9:34:23.655198763,T,89.37,100,89.62,200,TGT
2025-11-07,9:34:23.998992774,T,89.37,200,89.62,200,TGT
2025-11-07,9:34:24.046265423,T,89.37,200,89.62,100,TGT
2025-11-07,9:34:24.457334713,T,89.37,200,89.62,200,TGT
2025-11-07,9:34:24.773773593,T,89.37,200,89.61,100,TGT
2025-11-07,9:34:24.773823686,T,89.37,200,89.61,200,TGT
2025-11-07,9:34:24.877931745,T,89.37,200,89.61,100,TGT
2025-11-07,9:34:24.877961815,T,89.37,200,89.62,200,TGT
2025-11-07,9:34:25.035116221,T,89.37,200,89.62,100,TGT
2025-11-07,9:34:25.101138462,T,89.37,200,89.62,200,TGT
2025-11-07,9:34:25.849391127,T,89.37,200,89.61,100,TGT
2025-11-07,9:34:25.849431243,T,89.37,200,89.61,200,TGT
2025-11-07,9:34:27.012827657,T,89.37,200,89.61,100,TGT
2025-11-07,9:34:27.036930144,T,89.37,200,89.61,200,TGT
2025-11-07,9:34:28.001683496,T,89.37,200,89.61,100,TGT
2025-11-07,9:34:28.192919140,T,89.37,200,89.61,200,TGT
2025-11-07,9:34:28.990534400,T,89.37,200,89.61,100,TGT
2025-11-07,9:34:29.042613448,T,89.37,100,89.61,100,TGT
2025-11-07,9:34:29.189964523,T,89.37,100,89.61,200,TGT
2025-11-07,9:34:29.979395177,T,89.37,100,89.61,100,TGT
2025-11-07,9:34:30.003718297,T,89.37,100,89.61,200,TGT
2025-11-07,9:34:30.968241093,T,89.37,100,89.61,100,TGT
2025-11-07,9:34:30.975578491,T,89.37,100,89.61,200,TGT
2025-11-07,9:34:31.554327235,T,89.37,200,89.61,200,TGT
2025-11-07,9:34:31.957101804,T,89.37,200,89.61,100,TGT
2025-11-07,9:34:32.113719895,T,89.37,200,89.61,200,TGT
2025-11-07,9:34:32.832617575,T,89.37,200,89.57,100,TGT
2025-11-07,9:34:32.835840241,T,89.37,200,89.57,200,TGT
2025-11-07,9:34:32.836336405,T,89.37,200,89.56,100,TGT
2025-11-07,9:34:32.836366505,T,89.37,200,89.56,200,TGT
2025-11-07,9:34:33.934978877,T,89.37,200,89.56,100,TGT
2025-11-07,9:34:33.957788146,T,89.37,200,89.56,200,TGT
2025-11-07,9:34:34.111213690,T,89.37,300,89.56,200,TGT
2025-11-07,9:34:34.134995365,T,89.37,200,89.56,200,TGT
2025-11-07,9:34:34.923834599,T,89.37,200,89.56,100,TGT
2025-11-07,9:34:34.941832544,T,89.37,100,89.56,100,TGT
2025-11-07,9:34:35.145743470,T,89.37,100,89.56,200,TGT
2025-11-07,9:34:35.185107120,T,89.37,100,89.56,500,TGT
2025-11-07,9:34:35.239682099,T,89.37,100,89.56,700,TGT
2025-11-07,9:34:35.500378092,T,89.37,100,89.55,100,TGT
2025-11-07,9:34:35.500418191,T,89.37,100,89.55,200,TGT
2025-11-07,9:34:35.500979600,T,89.37,100,89.55,100,TGT
2025-11-07,9:34:35.501009904,T,89.37,100,89.56,700,TGT
2025-11-07,9:34:35.501044716,T,89.37,100,89.56,600,TGT
2025-11-07,9:34:39.592948034,T,89.37,200,89.56,600,TGT
2025-11-07,9:34:39.609532544,T,89.37,100,89.56,600,TGT
2025-11-07,9:34:41.152909405,T,89.37,100,89.56,400,TGT
2025-11-07,9:34:41.162607518,T,89.37,100,89.56,300,TGT
2025-11-07,9:34:41.162607518,T,89.37,100,89.62,100,TGT
2025-11-07,9:34:41.162627534,T,89.54,100,89.62,100,TGT
2025-11-07,9:34:41.162642619,T,89.54,100,89.65,100,TGT
2025-11-07,9:34:41.162662654,T,89.52,100,89.65,100,TGT
2025-11-07,9:34:41.162813008,T,89.52,200,89.65,100,TGT
2025-11-07,9:34:41.162893210,T,89.55,100,89.65,100,TGT
2025-11-07,9:34:41.163249045,T,89.55,100,89.66,100,TGT
2025-11-07,9:34:41.202011443,T,89.55,200,89.66,100,TGT
2025-11-07,9:34:41.202602808,T,89.55,200,89.68,100,TGT
2025-11-07,9:34:41.202672980,T,89.56,100,89.68,100,TGT
2025-11-07,9:34:41.202738097,T,89.56,100,89.69,100,TGT
2025-11-07,9:34:41.203314490,T,89.55,200,89.69,100,TGT
2025-11-07,9:34:41.205128864,T,89.55,200,89.69,200,TGT
2025-11-07,9:34:41.214661524,T,89.55,100,89.69,200,TGT
2025-11-07,9:34:41.225106433,T,89.55,100,89.69,100,TGT
2025-11-07,9:34:41.225181569,T,89.55,200,89.69,100,TGT
2025-11-07,9:34:41.225256882,T,89.55,100,89.69,100,TGT
2025-11-07,9:34:41.225311935,T,89.55,200,89.69,100,TGT
2025-11-07,9:34:41.225397116,T,89.55,200,89.7,100,TGT
2025-11-07,9:34:41.225943384,T,89.55,200,89.7,200,TGT
2025-11-07,9:34:41.280668860,T,89.55,100,89.7,200,TGT
2025-11-07,9:34:41.414156792,T,89.4,100,89.7,200,TGT
2025-11-07,9:34:41.651111316,T,89.4,100,89.7,100,TGT
2025-11-07,9:34:43.104734387,T,89.42,100,89.7,100,TGT
2025-11-07,9:34:43.999721521,T,89.45,100,89.7,100,TGT
2025-11-07,9:34:43.999932015,T,89.45,200,89.7,100,TGT
2025-11-07,9:34:44.000142602,T,89.45,300,89.7,100,TGT
2025-11-07,9:34:44.000157566,T,89.45,400,89.7,100,TGT
2025-11-07,9:34:45.393396766,T,89.45,400,89.69,100,TGT
2025-11-07,9:34:45.403560982,T,89.45,2400,89.69,100,TGT
2025-11-07,9:34:45.912994631,T,89.45,2300,89.69,100,TGT
2025-11-07,9:34:45.913004679,T,89.45,2200,89.69,100,TGT
2025-11-07,9:34:45.913004679,T,89.45,2100,89.69,100,TGT
2025-11-07,9:34:46.502980345,T,89.56,100,89.69,100,TGT
2025-11-07,9:34:46.502990199,T,89.45,2100,89.69,100,TGT
2025-11-07,9:34:46.503406263,T,89.56,100,89.69,100,TGT
2025-11-07,9:34:46.503411282,T,89.56,200,89.69,100,TGT
2025-11-07,9:34:46.503416282,T,89.56,300,89.69,100,TGT
2025-11-07,9:34:46.506839394,T,89.63,100,89.69,100,TGT
2025-11-07,9:34:46.523108152,T,89.63,200,89.69,100,TGT
2025-11-07,9:34:47.564213456,T,89.63,100,89.69,100,TGT
2025-11-07,9:34:47.564213456,T,89.45,2100,89.69,100,TGT
2025-11-07,9:34:47.596309911,T,89.62,100,89.69,100,TGT
2025-11-07,9:34:48.845836745,T,89.62,100,89.68,100,TGT
2025-11-07,9:34:48.869838935,T,89.62,100,89.69,100,TGT
2025-11-07,9:34:49.928977148,T,89.45,2100,89.69,100,TGT
2025-11-07,9:34:49.928997195,T,89.45,2100,89.65,100,TGT
2025-11-07,9:34:49.929513406,T,89.49,100,89.65,100,TGT
2025-11-07,9:34:49.929934448,T,89.49,200,89.65,100,TGT
2025-11-07,9:34:49.933994051,T,89.49,200,89.69,100,TGT
2025-11-07,9:34:49.934004154,T,89.49,200,89.68,100,TGT
2025-11-07,9:34:49.934194528,T,89.49,200,89.69,100,TGT
2025-11-07,9:34:49.934314832,T,89.49,300,89.69,100,TGT
2025-11-07,9:34:49.934339891,T,89.5,100,89.69,100,TGT
2025-11-07,9:34:49.934390045,T,89.5,200,89.69,100,TGT
2025-11-07,9:34:50.130622502,T,89.5,100,89.69,100,TGT
2025-11-07,9:34:50.131088594,T,89.5,200,89.69,100,TGT
2025-11-07,9:34:50.247330598,T,89.5,100,89.69,100,TGT
2025-11-07,9:34:54.003689793,T,89.5,200,89.69,100,TGT
2025-11-07,9:34:54.003719861,T,89.51,100,89.69,100,TGT
2025-11-07,9:34:55.831639326,T,89.51,200,89.69,100,TGT
2025-11-07,9:34:56.185517299,T,89.51,100,89.69,100,TGT
2025-11-07,9:34:56.500047000,T,89.51,100,89.69,200,TGT
2025-11-07,9:34:56.619746849,T,89.51,100,89.69,100,TGT
2025-11-07,9:34:56.731723513,T,89.51,200,89.69,100,TGT
2025-11-07,9:34:59.006558123,T,89.51,200,89.69,200,TGT
2025-11-07,9:34:59.248339110,T,89.51,200,89.69,100,TGT
2025-11-07,9:34:59.473555695,T,89.51,200,89.69,200,TGT
2025-11-07,9:34:59.478733000,T,89.51,200,89.69,100,TGT
2025-11-07,9:35:00.020564103,T,89.51,100,89.69,100,TGT
2025-11-07,9:35:00.954203364,T,89.52,100,89.69,100,TGT
2025-11-07,9:35:00.954629297,T,89.52,200,89.69,100,TGT
2025-11-07,9:35:01.958575872,T,89.52,300,89.69,100,TGT
2025-11-07,9:35:02.072141497,T,89.52,200,89.69,100,TGT
2025-11-07,9:35:02.072151478,T,89.52,100,89.69,100,TGT
2025-11-07,9:35:02.072612649,T,89.54,100,89.69,100,TGT
2025-11-07,9:35:02.072737944,T,89.52,100,89.69,100,TGT
2025-11-07,9:35:02.073038633,T,89.54,100,89.69,100,TGT
2025-11-07,9:35:02.073529739,T,89.54,200,89.69,100,TGT
2025-11-07,9:35:02.120707202,T,89.54,100,89.69,100,TGT
2025-11-07,9:35:02.120757266,T,89.53,100,89.69,100,TGT
2025-11-07,9:35:02.120807370,T,89.54,100,89.69,100,TGT
2025-11-07,9:35:02.121228447,T,89.54,200,89.69,100,TGT
2025-11-07,9:35:02.490182374,T,89.54,100,89.69,100,TGT
2025-11-07,9:35:02.803543954,T,89.53,100,89.69,100,TGT
2025-11-07,9:35:02.805493564,T,89.53,200,89.69,100,TGT
2025-11-07,9:35:02.816885707,T,89.54,100,89.69,100,TGT
2025-11-07,9:35:02.902980797,T,89.53,100,89.69,100,TGT
2025-11-07,9:35:02.960913828,T,89.54,100,89.69,100,TGT
2025-11-07,9:35:03.192219846,T,89.53,100,89.69,100,TGT
2025-11-07,9:35:03.194019208,T,89.54,100,89.69,100,TGT
2025-11-07,9:35:03.194705815,T,89.53,100,89.69,100,TGT
2025-11-07,9:35:03.195467652,T,89.54,100,89.69,100,TGT
2025-11-07,9:35:03.243366760,T,89.53,100,89.69,100,TGT
2025-11-07,9:35:03.478231305,T,89.54,100,89.69,100,TGT
2025-11-07,9:35:03.478932938,T,89.53,100,89.69,100,TGT
2025-11-07,9:35:03.478952967,T,89.54,100,89.69,100,TGT
2025-11-07,9:35:04.006755419,T,89.54,200,89.69,100,TGT
2025-11-07,9:35:11.223608438,T,89.54,100,89.69,100,TGT
2025-11-07,9:35:11.225132000,T,89.54,100,89.69,200,TGT
2025-11-07,9:35:11.225192107,T,89.54,100,89.68,100,TGT
2025-11-07,9:35:11.225212286,T,89.54,100,89.67,100,TGT
2025-11-07,9:35:11.233406740,T,89.54,100,89.68,100,TGT
2025-11-07,9:35:11.234830272,T,89.54,100,89.69,100,TGT
2025-11-07,9:35:11.234870209,T,89.54,100,89.68,100,TGT
2025-11-07,9:35:11.270038957,T,89.54,100,89.69,100,TGT
2025-11-07,9:35:11.292387205,T,89.54,100,89.78,300,TGT
2025-11-07,9:35:11.292422287,T,89.54,100,89.71,100,TGT
2025-11-07,9:35:11.292452347,T,89.54,100,89.69,100,TGT
2025-11-07,9:35:11.292863350,T,89.54,100,89.7,100,TGT
2025-11-07,9:35:11.318459334,T,89.54,100,89.72,100,TGT
2025-11-07,9:35:11.393172304,T,89.54,100,89.75,100,TGT
2025-11-07,9:35:11.393202443,T,89.54,100,89.78,300,TGT
2025-11-07,9:35:11.393232433,T,89.54,100,89.71,100,TGT
2025-11-07,9:35:14.115006679,T,89.54,100,89.78,300,TGT
2025-11-07,9:35:14.261425432,T,89.55,100,89.78,300,TGT
2025-11-07,9:35:14.262207378,T,89.54,100,89.78,300,TGT
2025-11-07,9:35:14.725445909,T,89.54,200,89.78,300,TGT
2025-11-07,9:35:14.725906952,T,89.54,100,89.78,300,TGT
2025-11-07,9:35:14.985490378,T,89.55,100,89.78,300,TGT
2025-11-07,9:35:14.986217131,T,89.54,200,89.78,300,TGT
2025-11-07,9:35:15.069751186,T,89.54,100,89.78,300,TGT
2025-11-07,9:35:15.130571014,T,89.54,200,89.78,300,TGT
2025-11-07,9:35:15.431553112,T,89.54,200,89.69,200,TGT
2025-11-07,9:35:16.449703678,T,89.54,300,89.69,200,TGT
2025-11-07,9:35:16.449783929,T,89.54,400,89.69,200,TGT
2025-11-07,9:35:16.461782514,T,89.55,100,89.69,200,TGT
2025-11-07,9:35:16.462203504,T,89.55,200,89.69,200,TGT
2025-11-07,9:35:16.462248652,T,89.55,300,89.69,200,TGT
2025-11-07,9:35:16.462273607,T,89.56,100,89.69,200,TGT
2025-11-07,9:35:16.462338770,T,89.55,300,89.69,200,TGT
2025-11-07,9:35:16.462338770,T,89.55,200,89.69,200,TGT
2025-11-07,9:35:16.462544300,T,89.56,100,89.69,200,TGT
2025-11-07,9:35:17.050850895,T,89.57,100,89.69,200,TGT
2025-11-07,9:35:17.051948517,T,89.56,100,89.69,200,TGT
2025-11-07,9:35:17.878197032,T,89.57,100,89.69,200,TGT
2025-11-07,9:35:17.878648021,T,89.56,200,89.69,200,TGT
2025-11-07,9:35:17.878648021,T,89.56,100,89.69,200,TGT
2025-11-07,9:35:19.535620639,T,89.6,100,89.69,200,TGT
2025-11-07,9:35:19.536387434,T,89.56,100,89.69,200,TGT
2025-11-07,9:35:19.537154225,T,89.6,100,89.69,200,TGT
2025-11-07,9:35:19.796652386,T,89.56,100,89.69,200,TGT
2025-11-07,9:35:20.552062129,T,89.54,100,89.69,200,TGT
2025-11-07,9:35:20.552067103,T,89.54,100,89.68,100,TGT
2025-11-07,9:35:20.552082138,T,89.54,100,89.68,200,TGT
2025-11-07,9:35:20.552127289,T,89.54,100,89.67,100,TGT
2025-11-07,9:35:20.559128940,T,89.54,100,89.69,300,TGT
2025-11-07,9:35:20.559184055,T,89.54,100,89.69,200,TGT
2025-11-07,9:35:20.639996649,T,89.55,100,89.69,200,TGT
2025-11-07,9:35:20.640036638,T,89.56,100,89.69,200,TGT
2025-11-07,9:35:20.655132659,T,89.55,100,89.69,200,TGT
2025-11-07,9:35:20.655137654,T,89.54,100,89.69,200,TGT
2025-11-07,9:35:20.691734864,T,89.55,100,89.69,200,TGT
2025-11-07,9:35:20.958004202,T,89.54,100,89.69,200,TGT
2025-11-07,9:35:20.977756251,T,89.55,100,89.69,200,TGT
2025-11-07,9:35:21.039342952,T,89.54,100,89.69,200,TGT
2025-11-07,9:35:21.059215393,T,89.55,100,89.69,200,TGT
2025-11-07,9:35:21.080100071,T,89.54,100,89.69,200,TGT
2025-11-07,9:35:21.080551109,T,89.56,100,89.69,200,TGT
2025-11-07,9:35:21.134685113,T,89.55,100,89.69,200,TGT
2025-11-07,9:35:21.135146186,T,89.54,100,89.69,200,TGT
2025-11-07,9:35:21.187130115,T,89.55,100,89.69,200,TGT
2025-11-07,9:35:21.420305556,T,89.54,100,89.69,200,TGT
2025-11-07,9:35:21.422545921,T,89.55,100,89.69,200,TGT
2025-11-07,9:35:21.423107220,T,89.56,100,89.69,200,TGT
2025-11-07,9:35:21.558880757,T,89.55,100,89.69,200,TGT
2025-11-07,9:35:21.559336816,T,89.54,100,89.69,200,TGT
2025-11-07,9:35:21.615104656,T,89.55,100,89.69,200,TGT
2025-11-07,9:35:21.627073215,T,89.56,100,89.69,200,TGT
2025-11-07,9:35:21.627323781,T,89.55,100,89.69,200,TGT
2025-11-07,9:35:21.931483486,T,89.54,100,89.69,200,TGT
2025-11-07,9:35:23.430604849,T,89.54,100,89.68,100,TGT
2025-11-07,9:35:23.432178630,T,89.54,100,89.69,200,TGT
2025-11-07,9:35:23.902318635,T,89.54,100,89.68,100,TGT
2025-11-07,9:35:23.903681955,T,89.54,100,89.69,200,TGT
2025-11-07,9:35:23.903762102,T,89.54,100,89.68,100,TGT
2025-11-07,9:35:23.905406019,T,89.54,100,89.69,200,TGT
2025-11-07,9:35:23.905416179,T,89.54,100,89.68,100,TGT
2025-11-07,9:35:23.905661593,T,89.54,100,89.69,200,TGT
2025-11-07,9:35:23.962436865,T,89.5,100,89.69,200,TGT
2025-11-07,9:35:23.962472009,T,89.5,100,89.68,100,TGT
2025-11-07,9:35:23.963233833,T,89.5,100,89.69,200,TGT
2025-11-07,9:35:23.963770135,T,89.5,100,89.68,100,TGT
2025-11-07,9:35:23.964536886,T,89.5,100,89.69,200,TGT
2025-11-07,9:35:23.965078148,T,89.5,100,89.68,100,TGT
2025-11-07,9:35:23.965824938,T,89.5,100,89.69,200,TGT
2025-11-07,9:35:23.987867436,T,89.56,100,89.69,200,TGT
2025-11-07,9:35:24.177644566,T,89.56,100,89.69,300,TGT
2025-11-07,9:35:24.179062961,T,89.56,100,89.69,200,TGT
2025-11-07,9:35:24.199847484,T,89.56,100,89.69,300,TGT
2025-11-07,9:35:24.217334221,T,89.56,100,89.69,200,TGT
2025-11-07,9:35:24.377916791,T,89.56,100,89.69,300,TGT
2025-11-07,9:35:24.387544686,T,89.56,100,89.69,200,TGT
2025-11-07,9:35:25.086384633,T,89.56,100,89.68,100,TGT
2025-11-07,9:35:25.087101331,T,89.56,100,89.69,300,TGT
2025-11-07,9:35:25.087106363,T,89.56,100,89.69,200,TGT
2025-11-07,9:35:25.087131441,T,89.56,100,89.69,300,TGT
2025-11-07,9:35:25.087622668,T,89.56,100,89.69,200,TGT
2025-11-07,9:35:25.087808034,T,89.56,100,89.69,300,TGT
2025-11-07,9:35:25.262619538,T,89.56,100,89.69,200,TGT
2025-11-07,9:35:25.313330333,T,89.56,100,89.69,300,TGT
2025-11-07,9:35:25.391035380,T,89.56,100,89.69,200,TGT
2025-11-07,9:35:25.587623727,T,89.56,100,89.69,300,TGT
2025-11-07,9:35:25.630220203,T,89.56,100,89.69,200,TGT
2025-11-07,9:35:25.640324319,T,89.56,100,89.69,300,TGT
2025-11-07,9:35:25.649856976,T,89.56,100,89.69,200,TGT
2025-11-07,9:35:26.082157084,T,89.56,100,89.68,100,TGT
2025-11-07,9:35:26.082908678,T,89.56,100,89.69,300,TGT
2025-11-07,9:35:26.082908678,T,89.56,100,89.69,200,TGT
2025-11-07,9:35:26.082948773,T,89.56,100,89.69,300,TGT
2025-11-07,9:35:26.083434981,T,89.56,100,89.69,200,TGT
2025-11-07,9:35:32.532739902,T,89.56,100,89.69,300,TGT
2025-11-07,9:35:32.533627008,T,89.56,100,89.69,200,TGT
2025-11-07,9:35:32.730676506,T,89.56,200,89.69,200,TGT
2025-11-07,9:35:33.002007952,T,89.57,100,89.69,200,TGT
2025-11-07,9:35:33.002749708,T,89.56,200,89.69,200,TGT
2025-11-07,9:35:33.040715128,T,89.56,100,89.69,200,TGT
2025-11-07,9:35:33.636614793,T,89.56,200,89.69,200,TGT
2025-11-07,9:35:33.666716496,T,89.57,100,89.69,200,TGT
2025-11-07,9:35:33.667829074,T,89.57,200,89.69,200,TGT
2025-11-07,9:35:33.667869254,T,89.57,100,89.69,200,TGT
2025-11-07,9:35:33.978990395,T,89.57,200,89.69,200,TGT
2025-11-07,9:35:33.991635488,T,89.57,300,89.69,200,TGT
2025-11-07,9:35:33.992061562,T,89.57,200,89.69,200,TGT
2025-11-07,9:35:35.821900799,T,89.57,300,89.69,200,TGT
2025-11-07,9:35:35.822417043,T,89.57,200,89.69,200,TGT
2025-11-07,9:35:35.822913203,T,89.57,100,89.69,200,TGT
2025-11-07,9:35:35.823319253,T,89.57,200,89.69,200,TGT
2025-11-07,9:35:35.986357697,T,89.57,100,89.69,200,TGT
2025-11-07,9:35:37.078369094,T,89.57,200,89.69,200,TGT
2025-11-07,9:35:37.464498969,T,89.57,300,89.69,200,TGT
2025-11-07,9:35:37.464784607,T,89.57,200,89.69,200,TGT
2025-11-07,9:35:37.521414591,T,89.58,100,89.69,200,TGT
2025-11-07,9:35:37.521900702,T,89.58,200,89.69,200,TGT
2025-11-07,9:35:37.521900702,T,89.58,300,89.69,200,TGT
2025-11-07,9:35:37.522015941,T,89.58,200,89.69,200,TGT
2025-11-07,9:35:37.887025612,T,89.58,100,89.69,200,TGT
2025-11-07,9:35:38.826483688,T,89.58,200,89.69,200,TGT
2025-11-07,9:35:39.135409753,T,89.58,200,89.69,100,TGT
2025-11-07,9:35:39.135419962,T,89.58,200,89.75,100,TGT
2025-11-07,9:35:39.135419962,T,89.58,200,89.78,300,TGT
2025-11-07,9:35:39.135444787,T,89.64,100,89.78,300,TGT
2025-11-07,9:35:39.135470087,T,89.64,200,89.78,300,TGT
2025-11-07,9:35:39.135550094,T,89.64,200,89.78,200,TGT
2025-11-07,9:35:39.135600211,T,89.64,300,89.78,200,TGT
2025-11-07,9:35:39.135735504,T,89.64,200,89.78,200,TGT
2025-11-07,9:35:39.135780586,T,89.64,300,89.78,200,TGT
2025-11-07,9:35:39.135890886,T,89.64,400,89.78,200,TGT
2025-11-07,9:35:39.136111455,T,89.64,500,89.78,200,TGT
2025-11-07,9:35:39.136161493,T,89.65,100,89.78,200,TGT
2025-11-07,9:35:39.136161493,T,89.66,100,89.78,200,TGT
2025-11-07,9:35:39.136181584,T,89.65,200,89.78,200,TGT
2025-11-07,9:35:39.136191651,T,89.66,100,89.78,200,TGT
2025-11-07,9:35:39.136341924,T,89.66,200,89.78,200,TGT
2025-11-07,9:35:39.146200433,T,89.66,100,89.78,200,TGT
2025-11-07,9:35:39.146210442,T,89.66,200,89.78,200,TGT
2025-11-07,9:35:39.146395863,T,89.66,200,89.85,100,TGT
2025-11-07,9:35:39.146616410,T,89.66,300,89.85,100,TGT
2025-11-07,9:35:39.146631504,T,89.66,400,89.85,100,TGT
2025-11-07,9:35:39.236255041,T,89.66,300,89.85,100,TGT
2025-11-07,9:35:39.770302406,T,89.66,400,89.85,100,TGT
2025-11-07,9:35:39.771174447,T,89.67,100,89.85,100,TGT
2025-11-07,9:35:39.771831087,T,89.67,200,89.85,100,TGT
2025-11-07,9:35:39.772126798,T,89.67,300,89.85,100,TGT
2025-11-07,9:35:39.772136840,T,89.67,400,89.85,100,TGT
2025-11-07,9:35:40.051998555,T,89.67,300,89.85,100,TGT
2025-11-07,9:35:40.052008556,T,89.67,200,89.85,100,TGT
2025-11-07,9:35:40.083543667,T,89.67,100,89.85,100,TGT
2025-11-07,9:35:40.746843744,T,89.67,200,89.85,100,TGT
2025-11-07,9:35:40.777777468,T,89.67,100,89.85,100,TGT
2025-11-07,9:35:41.022485798,T,89.69,100,89.85,100,TGT
2025-11-07,9:35:41.022510539,T,89.69,100,89.86,100,TGT
2025-11-07,9:35:41.022515501,T,89.67,100,89.86,100,TGT
2025-11-07,9:35:41.022520611,T,89.69,100,89.86,100,TGT
2025-11-07,9:35:41.022570743,T,89.68,200,89.86,100,TGT
2025-11-07,9:35:41.022590747,T,89.7,100,89.86,100,TGT
2025-11-07,9:35:41.023122030,T,89.69,100,89.86,100,TGT
2025-11-07,9:35:41.027136579,T,89.69,100,89.84,100,TGT
2025-11-07,9:35:41.032364025,T,89.69,100,89.86,100,TGT
2025-11-07,9:35:41.634092521,T,89.68,100,89.86,100,TGT
2025-11-07,9:35:41.936082043,T,89.68,100,89.84,100,TGT
2025-11-07,9:35:42.357205266,T,89.68,100,89.8,100,TGT
2025-11-07,9:35:42.595477872,T,89.69,100,89.8,100,TGT
2025-11-07,9:35:43.394727056,T,89.68,100,89.8,100,TGT
2025-11-07,9:35:43.675115068,T,89.68,100,89.79,100,TGT
2025-11-07,9:35:43.993227969,T,89.71,100,89.79,100,TGT
2025-11-07,9:35:45.953392563,T,89.71,100,89.8,100,TGT
2025-11-07,9:35:45.953437723,T,89.71,200,89.8,100,TGT
2025-11-07,9:35:45.953457777,T,89.71,300,89.8,100,TGT
2025-11-07,9:35:45.953472741,T,89.72,100,89.8,100,TGT
2025-11-07,9:35:45.953522950,T,89.71,200,89.8,100,TGT
2025-11-07,9:35:45.953527921,T,89.71,300,89.8,100,TGT
2025-11-07,9:35:45.953673275,T,89.71,300,89.8,200,TGT
2025-11-07,9:35:45.953693315,T,89.71,200,89.8,200,TGT
2025-11-07,9:35:45.953708340,T,89.71,300,89.8,200,TGT
2025-11-07,9:35:45.953713354,T,89.71,300,89.8,400,TGT
2025-11-07,9:35:45.953768492,T,89.71,200,89.8,400,TGT
2025-11-07,9:35:45.953793507,T,89.72,100,89.8,400,TGT
2025-11-07,9:35:45.953848720,T,89.73,100,89.8,400,TGT
2025-11-07,9:35:45.953873937,T,89.72,100,89.8,400,TGT
2025-11-07,9:35:45.953918804,T,89.72,100,89.8,500,TGT
2025-11-07,9:35:45.953943937,T,89.72,100,89.8,300,TGT
2025-11-07,9:35:45.953943937,T,89.72,100,89.79,100,TGT
2025-11-07,9:35:45.953958926,T,89.72,100,89.8,100,TGT
2025-11-07,9:35:45.953969004,T,89.72,100,89.79,200,TGT
2025-11-07,9:35:45.954014225,T,89.73,100,89.79,200,TGT
2025-11-07,9:35:45.954259643,T,89.72,100,89.79,200,TGT
2025-11-07,9:35:45.955216944,T,89.72,100,89.8,100,TGT
2025-11-07,9:35:45.955237022,T,89.72,200,89.8,100,TGT
2025-11-07,9:35:45.955252011,T,89.72,100,89.8,100,TGT
2025-11-07,9:35:45.975359968,T,89.71,200,89.8,100,TGT
2025-11-07,9:35:46.254038937,T,89.74,100,89.8,100,TGT
2025-11-07,9:35:47.792759709,T,89.74,200,89.8,100,TGT
2025-11-07,9:35:47.792814978,T,89.74,200,89.86,100,TGT
2025-11-07,9:35:47.792839786,T,89.77,100,89.86,100,TGT
2025-11-07,9:35:47.792839786,T,89.8,100,89.86,100,TGT
2025-11-07,9:35:47.793020206,T,89.8,100,89.87,100,TGT
2025-11-07,9:35:47.793446163,T,89.77,100,89.87,100,TGT
2025-11-07,9:35:47.797119931,T,89.77,100,89.88,1100,TGT
2025-11-07,9:35:47.799856392,T,89.75,200,89.88,1100,TGT
2025-11-07,9:35:49.809263603,T,89.76,100,89.88,1100,TGT
2025-11-07,9:35:49.809263603,T,89.76,100,89.88,1000,TGT
2025-11-07,9:35:49.809268552,T,89.77,100,89.88,1000,TGT
2025-11-07,9:35:49.809288625,T,89.76,100,89.88,1000,TGT
2025-11-07,9:35:49.809293600,T,89.8,100,89.88,1000,TGT
2025-11-07,9:35:49.809859967,T,89.76,100,89.88,1000,TGT
2025-11-07,9:35:49.809885049,T,89.78,100,89.88,1000,TGT
2025-11-07,9:35:49.949377374,T,89.75,100,89.88,1000,TGT
2025-11-07,9:35:50.431796702,T,89.84,500,89.88,1000,TGT
2025-11-07,9:35:50.431836805,T,89.75,100,89.88,1000,TGT
2025-11-07,9:35:50.431861862,T,89.75,100,89.86,100,TGT
2025-11-07,9:35:50.432528482,T,89.75,100,89.86,200,TGT
2025-11-07,9:35:50.432558517,T,89.75,100,89.86,100,TGT
2025-11-07,9:35:50.432633689,T,89.76,100,89.86,100,TGT
2025-11-07,9:35:50.432889291,T,89.76,100,89.87,100,TGT
2025-11-07,9:35:50.578170364,T,89.76,100,89.88,1200,TGT
2025-11-07,9:35:50.578441002,T,89.76,100,89.88,1100,TGT
2025-11-07,9:35:50.578591393,T,89.76,200,89.88,1100,TGT
2025-11-07,9:35:50.682599123,T,89.76,100,89.88,1100,TGT
2025-11-07,9:35:51.353888456,T,89.76,200,89.88,1100,TGT
2025-11-07,9:35:51.353928530,T,89.77,100,89.88,1100,TGT
2025-11-07,9:35:51.353973579,T,89.77,200,89.88,1100,TGT
2025-11-07,9:35:51.354354493,T,89.77,300,89.88,1100,TGT
2025-11-07,9:35:51.405170597,T,89.77,400,89.88,1100,TGT
2025-11-07,9:35:51.556205367,T,89.77,300,89.88,1100,TGT
2025-11-07,9:35:52.419161302,T,89.77,300,89.87,100,TGT
2025-11-07,9:35:52.419181392,T,89.77,200,89.87,100,TGT
2025-11-07,9:35:52.419191467,T,89.77,200,89.86,100,TGT
2025-11-07,9:35:52.419216483,T,89.77,200,89.86,200,TGT
2025-11-07,9:35:52.419241506,T,89.77,100,89.86,200,TGT
2025-11-07,9:35:52.429861829,T,89.77,100,89.86,100,TGT
2025-11-07,9:35:53.016845156,T,89.77,100,89.88,1200,TGT
2025-11-07,9:35:53.412116795,T,89.77,100,89.88,1100,TGT
2025-11-07,9:35:53.995562122,T,89.77,200,89.88,1100,TGT
2025-11-07,9:35:54.511982049,T,89.77,100,89.88,1100,TGT
2025-11-07,9:35:54.512002058,T,89.7,100,89.88,1100,TGT
2025-11-07,9:35:54.512002058,T,89.7,100,89.88,1200,TGT
2025-11-07,9:35:54.512022483,T,89.7,100,89.81,100,TGT
2025-11-07,9:35:54.512688691,T,89.64,200,89.81,100,TGT
2025-11-07,9:35:54.512758906,T,89.7,100,89.81,100,TGT
2025-11-07,9:35:54.513134828,T,89.64,200,89.81,100,TGT
2025-11-07,9:35:54.513240595,T,89.7,100,89.81,100,TGT
2025-11-07,9:35:54.513585919,T,89.64,200,89.81,100,TGT
2025-11-07,9:35:54.513651004,T,89.64,100,89.81,100,TGT
2025-11-07,9:35:54.513701126,T,89.64,200,89.81,100,TGT
2025-11-07,9:35:54.513796364,T,89.64,300,89.81,100,TGT
2025-11-07,9:35:54.515405231,T,89.64,400,89.81,100,TGT
2025-11-07,9:35:54.515430302,T,89.65,100,89.81,100,TGT
2025-11-07,9:35:54.517339815,T,89.65,100,89.84,100,TGT
2025-11-07,9:35:54.518056510,T,89.65,100,89.85,100,TGT
2025-11-07,9:35:54.519093971,T,89.65,100,89.84,100,TGT
2025-11-07,9:35:54.522056078,T,89.65,100,89.85,100,TGT
2025-11-07,9:35:54.522451950,T,89.65,100,89.86,100,TGT
2025-11-07,9:35:54.522772734,T,89.65,100,89.87,100,TGT
2025-11-07,9:35:54.522792802,T,89.65,100,89.88,1100,TGT
2025-11-07,9:35:54.522832863,T,89.65,100,89.86,100,TGT
2025-11-07,9:35:54.523289003,T,89.65,100,89.88,1100,TGT
2025-11-07,9:35:54.523444367,T,89.65,100,89.86,100,TGT
2025-11-07,9:35:54.553846751,T,89.65,200,89.86,100,TGT
2025-11-07,9:35:54.945489824,T,89.65,300,89.86,100,TGT
2025-11-07,9:35:55.060017660,T,89.65,200,89.86,100,TGT
2025-11-07,9:35:55.188468620,T,89.65,100,89.86,100,TGT
2025-11-07,9:35:55.352283923,T,89.65,100,89.88,1100,TGT
2025-11-07,9:35:56.076754891,T,89.65,200,89.88,1100,TGT
2025-11-07,9:35:56.076784956,T,89.65,200,89.88,1000,TGT
2025-11-07,9:35:56.197377226,T,89.65,100,89.88,1000,TGT
2025-11-07,9:35:56.365968780,T,89.65,200,89.88,1000,TGT
2025-11-07,9:35:56.551335412,T,89.65,100,89.88,1000,TGT
2025-11-07,9:35:57.389066285,T,89.71,100,89.88,1000,TGT
2025-11-07,9:35:57.586887564,T,89.64,200,89.88,1000,TGT
2025-11-07,9:35:58.034438702,T,89.64,100,89.88,1000,TGT
2025-11-07,9:35:58.489161993,T,89.71,100,89.88,1000,TGT
2025-11-07,9:35:58.489552962,T,89.64,100,89.88,1000,TGT
2025-11-07,9:35:58.557199139,T,89.71,100,89.88,1000,TGT
2025-11-07,9:35:58.742856375,T,89.64,100,89.88,1000,TGT
2025-11-07,9:35:58.953112598,T,89.64,200,89.88,1000,TGT
2025-11-07,9:35:58.953367893,T,89.72,100,89.88,1000,TGT
2025-11-07,9:35:58.954139735,T,89.7,100,89.88,1000,TGT
2025-11-07,9:35:58.957156998,T,89.7,100,89.87,100,TGT
2025-11-07,9:35:59.238662635,T,89.64,200,89.87,100,TGT
2025-11-07,9:36:00.246057548,T,89.7,100,89.87,100,TGT
2025-11-07,9:36:00.361051505,T,89.64,200,89.87,100,TGT
2025-11-07,9:36:00.515359162,T,89.7,100,89.87,100,TGT
2025-11-07,9:36:00.858902603,T,89.64,200,89.87,100,TGT
2025-11-07,9:36:00.859083026,T,89.69,100,89.87,100,TGT
2025-11-07,9:36:00.865212777,T,89.7,100,89.87,100,TGT
2025-11-07,9:36:00.865478306,T,89.69,100,89.87,100,TGT
2025-11-07,9:36:00.879712231,T,89.7,100,89.87,100,TGT
2025-11-07,9:36:01.013034833,T,89.69,100,89.87,100,TGT
2025-11-07,9:36:01.052664247,T,89.71,100,89.87,100,TGT
2025-11-07,9:36:01.567019975,T,89.71,100,89.86,100,TGT
2025-11-07,9:36:01.569169778,T,89.71,100,89.87,100,TGT
2025-11-07,9:36:01.569590749,T,89.71,100,89.87,200,TGT
2025-11-07,9:36:01.584416138,T,89.71,100,89.87,100,TGT
2025-11-07,9:36:03.186162007,T,89.71,200,89.87,100,TGT
2025-11-07,9:36:03.186322422,T,89.72,100,89.87,100,TGT
2025-11-07,9:36:03.652873914,T,89.71,100,89.87,100,TGT
2025-11-07,9:36:03.688568974,T,89.72,100,89.87,100,TGT
2025-11-07,9:36:03.709178126,T,89.71,100,89.87,100,TGT
2025-11-07,9:36:03.982835150,T,89.72,100,89.87,100,TGT
2025-11-07,9:36:03.985105637,T,89.71,100,89.87,100,TGT
2025-11-07,9:36:04.800889019,T,89.71,100,89.87,200,TGT
2025-11-07,9:36:04.800908979,T,89.71,100,89.86,100,TGT
2025-11-07,9:36:04.801309978,T,89.71,100,89.87,200,TGT
2025-11-07,9:36:04.802081849,T,89.71,100,89.87,100,TGT
2025-11-07,9:36:04.914629989,T,89.71,100,89.87,200,TGT
2025-11-07,9:36:04.938276328,T,89.71,100,89.87,100,TGT
2025-11-07,9:36:05.176578983,T,89.71,100,89.87,200,TGT
2025-11-07,9:36:05.176864721,T,89.71,100,89.87,100,TGT
2025-11-07,9:36:05.177877055,T,89.71,100,89.87,200,TGT
2025-11-07,9:36:05.192216257,T,89.71,100,89.87,100,TGT
2025-11-07,9:36:05.233765185,T,89.71,100,89.87,200,TGT
2025-11-07,9:36:05.383511935,T,89.71,100,89.87,100,TGT
2025-11-07,9:36:05.637421763,T,89.71,100,89.87,200,TGT
2025-11-07,9:36:05.637742568,T,89.71,100,89.87,100,TGT
2025-11-07,9:36:06.006881890,T,89.72,100,89.87,100,TGT
2025-11-07,9:36:06.007613805,T,89.71,100,89.87,100,TGT
2025-11-07,9:36:06.398605162,T,89.71,100,89.87,200,TGT
2025-11-07,9:36:06.437377505,T,89.71,100,89.87,100,TGT
2025-11-07,9:36:07.290936102,T,89.71,100,89.87,200,TGT
2025-11-07,9:36:07.519149794,T,89.71,100,89.85,100,TGT
