DATE,TIME_M,EX,BID,BIDSIZ,ASK,ASKSIZ,SYM_ROOT
2025-12-09,9:30:01.128979352,T,92.31,100,92.99,100,TGT
2025-12-09,9:30:01.159597291,T,92.31,100,92.99,200,TGT
2025-12-09,9:30:01.177028911,T,92.31,100,92.99,100,TGT
2025-12-09,9:30:01.332980331,T,92.31,100,92.98,100,TGT
2025-12-09,9:30:01.533673468,T,92.48,100,92.98,100,TGT
2025-12-09,9:30:01.806022346,T,92.48,100,92.98,200,TGT
2025-12-09,9:30:01.877642963,T,92.48,100,92.98,100,TGT
2025-12-09,9:30:02.686705366,T,92.48,100,92.61,100,TGT
2025-12-09,9:30:02.686820708,T,92.46,100,92.61,100,TGT
2025-12-09,9:30:02.701776342,T,92.46,100,92.96,100,TGT
2025-12-09,9:30:02.788262379,T,92.46,100,92.59,100,TGT
2025-12-09,9:30:02.788643488,T,92.31,100,92.59,100,TGT
2025-12-09,9:30:02.788663294,T,92.31,100,92.46,100,TGT
2025-12-09,9:30:02.788708415,T,92.31,100,92.51,100,TGT
2025-12-09,9:30:02.788753593,T,92.36,100,92.51,100,TGT
2025-12-09,9:30:02.798286264,T,92.36,100,92.55,100,TGT
2025-12-09,9:30:02.808660947,T,92.36,100,92.59,100,TGT
2025-12-09,9:30:02.808716116,T,92.36,100,92.74,100,TGT
2025-12-09,9:30:02.808716116,T,92.36,100,92.75,100,TGT
2025-12-09,9:30:02.808716116,T,92.36,100,92.96,100,TGT
2025-12-09,9:30:02.808751159,T,92.31,200,92.96,100,TGT
2025-12-09,9:30:02.808771292,T,92.31,100,92.96,100,TGT
2025-12-09,9:30:02.808796321,T,92.31,100,92.75,100,TGT
2025-12-09,9:30:03.516422064,T,92.31,100,92.75,200,TGT
2025-12-09,9:30:03.519584542,T,92.31,100,92.7,100,TGT
2025-12-09,9:30:03.519749945,T,92.31,100,92.66,100,TGT
2025-12-09,9:30:03.519764937,T,92.31,100,92.7,100,TGT
2025-12-09,9:30:03.519764937,T,92.31,100,92.66,100,TGT
2025-12-09,9:30:03.519784979,T,92.31,100,92.7,100,TGT
2025-12-09,9:30:03.519790006,T,92.31,100,92.66,100,TGT
2025-12-09,9:30:03.519955462,T,92.31,100,92.61,100,TGT
2025-12-09,9:30:03.519995585,T,92.31,100,92.56,100,TGT
2025-12-09,9:30:03.520316351,T,92.31,100,92.61,100,TGT
2025-12-09,9:30:03.520787429,T,92.31,100,92.56,100,TGT
2025-12-09,9:30:03.522341130,T,92.31,100,92.61,100,TGT
2025-12-09,9:30:03.526972117,T,92.31,100,92.66,100,TGT
2025-12-09,9:30:03.527002263,T,92.31,100,92.7,100,TGT
2025-12-09,9:30:03.529583351,T,92.31,100,92.75,100,TGT
2025-12-09,9:30:03.530184794,T,92.31,100,92.75,200,TGT
2025-12-09,9:30:03.530620817,T,92.31,100,92.75,100,TGT
2025-12-09,9:30:03.937825905,T,92.31,100,92.75,200,TGT
2025-12-09,9:30:03.937870998,T,92.31,100,92.72,100,TGT
2025-12-09,9:30:03.937886063,T,92.31,100,92.75,100,TGT
2025-12-09,9:30:03.937946533,T,92.31,100,92.72,100,TGT
2025-12-09,9:30:03.938497535,T,92.31,100,92.75,100,TGT
2025-12-09,9:30:03.939981077,T,92.31,100,92.72,100,TGT
2025-12-09,9:30:03.940251720,T,92.31,100,92.56,100,TGT
2025-12-09,9:30:03.940256695,T,92.31,100,92.72,100,TGT
2025-12-09,9:30:03.940412038,T,92.31,100,92.56,100,TGT
2025-12-09,9:30:03.940537375,T,92.31,100,92.54,100,TGT
2025-12-09,9:30:03.946747090,T,92.31,100,92.37,100,TGT
2025-12-09,9:30:03.946787376,T,92.31,100,92.54,100,TGT
2025-12-09,9:30:03.957778463,T,92.31,100,92.54,200,TGT
2025-12-09,9:30:03.967020420,T,92.31,100,92.54,100,TGT
2025-12-09,9:30:04.774068044,T,92.31,100,92.96,100,TGT
2025-12-09,9:30:04.775521483,T,92.31,100,92.75,100,TGT
2025-12-09,9:30:04.776508879,T,92.31,100,92.96,100,TGT
2025-12-09,9:30:04.999931063,T,92.31,100,92.75,100,TGT
2025-12-09,9:30:05.114358773,T,92.31,100,92.96,100,TGT
2025-12-09,9:30:05.270981844,T,92.31,100,92.75,100,TGT
2025-12-09,9:30:05.420678442,T,92.31,100,92.96,100,TGT
2025-12-09,9:30:06.197764747,T,92.31,100,92.75,100,TGT
2025-12-09,9:30:06.313144600,T,92.31,100,92.96,100,TGT
2025-12-09,9:30:06.347922505,T,92.31,100,92.75,100,TGT
2025-12-09,9:30:06.640985670,T,92.31,100,92.96,100,TGT
2025-12-09,9:30:06.641351471,T,92.31,100,92.75,100,TGT
2025-12-09,9:30:07.365647012,T,92.31,100,92.96,100,TGT
2025-12-09,9:30:08.837994978,T,92.31,200,92.96,100,TGT
2025-12-09,9:30:16.008271758,T,92.31,200,92.75,100,TGT
2025-12-09,9:30:21.418350659,T,92.33,100,92.75,100,TGT
2025-12-09,9:30:21.418395700,T,92.31,200,92.75,100,TGT
2025-12-09,9:30:21.418771559,T,92.31,100,92.75,100,TGT
2025-12-09,9:30:21.418796665,T,92.33,100,92.75,100,TGT
2025-12-09,9:30:21.419227636,T,92.33,200,92.75,100,TGT
2025-12-09,9:30:21.456270975,T,92.34,100,92.75,100,TGT
2025-12-09,9:30:21.456275950,T,92.4,100,92.75,100,TGT
2025-12-09,9:30:21.456281019,T,92.41,100,92.75,100,TGT
2025-12-09,9:30:21.456301071,T,92.43,100,92.75,100,TGT
2025-12-09,9:30:21.456531712,T,92.45,100,92.75,100,TGT
2025-12-09,9:30:21.456541595,T,92.45,100,92.96,100,TGT
2025-12-09,9:30:21.456737044,T,92.45,100,92.75,100,TGT
2025-12-09,9:30:21.456882355,T,92.45,100,92.73,100,TGT
2025-12-09,9:30:21.456932543,T,92.45,100,92.73,300,TGT
2025-12-09,9:30:21.457042737,T,92.45,200,92.73,300,TGT
2025-12-09,9:30:21.457062872,T,92.51,100,92.73,300,TGT
2025-12-09,9:30:21.457238235,T,92.51,100,92.73,400,TGT
2025-12-09,9:30:21.457248236,T,92.51,100,92.73,500,TGT
2025-12-09,9:30:21.457558995,T,92.5,100,92.73,500,TGT
2025-12-09,9:30:21.457584154,T,92.5,100,92.73,300,TGT
2025-12-09,9:30:21.457584154,T,92.5,100,92.65,100,TGT
2025-12-09,9:30:21.457584154,T,92.5,100,92.6,100,TGT
2025-12-09,9:30:21.457589124,T,92.5,100,92.6,200,TGT
2025-12-09,9:30:21.457609083,T,92.5,100,92.6,400,TGT
2025-12-09,9:30:21.457734725,T,92.5,100,92.59,100,TGT
2025-12-09,9:30:21.457734725,T,92.5,100,92.59,200,TGT
2025-12-09,9:30:21.457739447,T,92.5,100,92.59,400,TGT
2025-12-09,9:30:21.457869724,T,92.5,100,92.59,300,TGT
2025-12-09,9:30:21.457874776,T,92.5,100,92.59,200,TGT
2025-12-09,9:30:21.457874776,T,92.5,100,92.59,100,TGT
2025-12-09,9:30:21.457899843,T,92.5,100,92.65,100,TGT
2025-12-09,9:30:21.466299801,T,92.5,100,92.73,100,TGT
2025-12-09,9:30:21.467272298,T,92.45,100,92.73,100,TGT
2025-12-09,9:30:21.467828522,T,92.45,200,92.73,100,TGT
2025-12-09,9:30:21.476794839,T,92.45,100,92.73,100,TGT
2025-12-09,9:30:21.476885036,T,92.45,100,92.96,100,TGT
2025-12-09,9:30:24.256216841,T,92.45,100,92.79,100,TGT
2025-12-09,9:30:37.256854090,T,92.45,100,92.96,100,TGT
2025-12-09,9:30:37.257766307,T,92.45,100,92.79,100,TGT
2025-12-09,9:30:44.776268042,T,92.45,100,92.6,200,TGT
2025-12-09,9:30:48.203257293,T,92.31,100,92.6,200,TGT
2025-12-09,9:30:48.203302410,T,92.31,100,92.6,300,TGT
2025-12-09,9:30:48.203302410,T,92.31,100,92.59,100,TGT
2025-12-09,9:30:48.203317467,T,92.31,100,92.57,100,TGT
2025-12-09,9:30:48.204009147,T,92.31,200,92.57,100,TGT
2025-12-09,9:30:48.204415080,T,92.31,200,92.59,100,TGT
2025-12-09,9:30:48.214078160,T,92.31,200,92.6,300,TGT
2025-12-09,9:30:48.214098152,T,92.31,200,92.6,200,TGT
2025-12-09,9:31:01.449915565,T,92.31,300,92.6,200,TGT
2025-12-09,9:31:02.238368998,T,92.31,200,92.6,200,TGT
2025-12-09,9:31:02.238639548,T,92.31,100,92.6,200,TGT
2025-12-09,9:31:03.090243455,T,92.31,200,92.6,200,TGT
2025-12-09,9:31:03.859415853,T,92.31,200,92.71,200,TGT
2025-12-09,9:31:03.859415853,T,92.42,100,92.71,200,TGT
2025-12-09,9:31:03.859426220,T,92.31,200,92.71,200,TGT
2025-12-09,9:31:03.859440877,T,92.58,100,92.71,200,TGT
2025-12-09,9:31:03.859596315,T,92.54,100,92.71,200,TGT
2025-12-09,9:31:03.859866987,T,92.58,100,92.71,200,TGT
2025-12-09,9:31:03.860182740,T,92.58,100,92.71,400,TGT
2025-12-09,9:31:03.863144737,T,92.58,100,92.71,200,TGT
2025-12-09,9:31:03.869900872,T,92.54,100,92.71,200,TGT
2025-12-09,9:31:03.871299144,T,92.54,200,92.71,200,TGT
2025-12-09,9:31:03.959449211,T,92.54,100,92.71,200,TGT
2025-12-09,9:31:05.141384934,T,92.54,100,92.88,200,TGT
2025-12-09,9:31:05.153183077,T,92.54,100,92.75,200,TGT
2025-12-09,9:31:09.154816394,T,92.56,100,92.75,200,TGT
2025-12-09,9:31:09.154871523,T,92.56,100,92.88,200,TGT
2025-12-09,9:31:09.154871523,T,92.55,100,92.88,200,TGT
2025-12-09,9:31:09.154892145,T,92.73,100,92.88,200,TGT
2025-12-09,9:31:09.154916630,T,92.66,100,92.88,200,TGT
2025-12-09,9:31:09.154931971,T,92.55,100,92.88,200,TGT
2025-12-09,9:31:09.154946780,T,92.61,100,92.88,200,TGT
2025-12-09,9:31:09.154971751,T,92.61,100,92.86,100,TGT
2025-12-09,9:31:09.155157254,T,92.55,100,92.86,100,TGT
2025-12-09,9:31:09.155367746,T,92.61,100,92.86,100,TGT
2025-12-09,9:31:09.165406658,T,92.55,100,92.86,100,TGT
2025-12-09,9:31:09.166850046,T,92.45,100,92.86,100,TGT
2025-12-09,9:31:09.166850046,T,92.45,100,92.96,300,TGT
2025-12-09,9:31:09.167636918,T,92.45,100,92.96,200,TGT
2025-12-09,9:31:09.171195450,T,92.45,100,92.96,300,TGT
2025-12-09,9:31:09.171576360,T,92.45,100,92.96,200,TGT
2025-12-09,9:31:09.936919646,T,92.45,100,92.96,300,TGT
2025-12-09,9:31:10.187386345,T,92.45,100,92.96,200,TGT
2025-12-09,9:31:11.879978643,T,92.45,100,92.98,100,TGT
2025-12-09,9:31:21.131128472,T,92.55,100,92.98,100,TGT
2025-12-09,9:31:21.283270914,T,92.67,100,92.98,100,TGT
2025-12-09,9:31:21.283696898,T,92.67,200,92.98,100,TGT
2025-12-09,9:31:21.283732063,T,92.67,100,92.98,100,TGT
2025-12-09,9:31:21.687839805,T,92.67,100,92.96,100,TGT
2025-12-09,9:31:22.096909326,T,92.67,100,92.98,100,TGT
2025-12-09,9:31:47.253712004,T,92.62,100,92.98,100,TGT
2025-12-09,9:31:47.253797280,T,92.62,100,92.83,100,TGT
2025-12-09,9:31:47.331527392,T,92.67,100,92.83,100,TGT
2025-12-09,9:31:47.354657550,T,92.67,100,92.95,100,TGT
2025-12-09,9:31:47.354657550,T,92.67,100,92.96,100,TGT
2025-12-09,9:31:47.354687619,T,92.67,100,92.98,100,TGT
2025-12-09,9:31:47.355474521,T,92.67,100,92.96,100,TGT
2025-12-09,9:31:48.504622061,T,92.67,100,92.98,100,TGT
2025-12-09,9:31:54.666396492,T,92.67,300,92.98,100,TGT
2025-12-09,9:31:55.655547915,T,92.67,400,92.98,100,TGT
2025-12-09,9:32:00.350914281,T,92.67,400,92.99,200,TGT
2025-12-09,9:32:03.990865993,T,92.67,400,92.96,100,TGT
2025-12-09,9:32:03.990891074,T,92.67,400,92.99,200,TGT
2025-12-09,9:32:03.990896036,T,92.68,100,92.99,200,TGT
2025-12-09,9:32:03.990911137,T,92.75,100,92.99,200,TGT
2025-12-09,9:32:04.257526315,T,92.75,100,92.94,100,TGT
2025-12-09,9:32:18.494839627,T,92.75,200,92.94,100,TGT
2025-12-09,9:32:18.494839627,T,92.75,100,92.94,100,TGT
2025-12-09,9:32:18.495365755,T,92.75,100,92.99,200,TGT
2025-12-09,9:32:18.495385847,T,92.75,100,92.99,100,TGT
2025-12-09,9:32:18.495385847,T,92.77,100,92.99,100,TGT
2025-12-09,9:32:18.495410878,T,92.78,100,92.99,100,TGT
2025-12-09,9:32:18.495410878,T,92.79,100,92.99,100,TGT
2025-12-09,9:32:18.495415870,T,92.83,100,92.99,100,TGT
2025-12-09,9:32:18.495787077,T,92.83,100,92.94,100,TGT
2025-12-09,9:32:18.495806913,T,92.81,100,92.94,100,TGT
2025-12-09,9:32:18.495806913,T,92.79,100,92.94,100,TGT
2025-12-09,9:32:18.495816915,T,92.77,100,92.94,100,TGT
2025-12-09,9:32:18.495821912,T,92.77,100,92.94,200,TGT
2025-12-09,9:32:18.495826869,T,92.77,100,92.94,300,TGT
2025-12-09,9:32:18.495897042,T,92.77,100,92.94,500,TGT
2025-12-09,9:32:18.497059867,T,92.76,100,92.94,500,TGT
2025-12-09,9:32:18.504868443,T,92.75,100,92.94,500,TGT
2025-12-09,9:32:18.504868443,T,92.7,100,92.94,500,TGT
2025-12-09,9:32:18.505530039,T,92.64,100,92.94,500,TGT
2025-12-09,9:32:18.505530039,T,92.63,200,92.94,500,TGT
2025-12-09,9:32:22.990289211,T,92.63,200,92.94,300,TGT
2025-12-09,9:32:22.990289211,T,92.63,200,92.94,100,TGT
2025-12-09,9:32:22.990294309,T,92.63,200,92.93,100,TGT
2025-12-09,9:32:22.990294309,T,92.63,200,92.93,200,TGT
2025-12-09,9:32:22.990314358,T,92.63,200,92.93,400,TGT
2025-12-09,9:32:23.738867650,T,92.63,200,92.93,300,TGT
2025-12-09,9:32:23.738867650,T,92.63,200,92.93,100,TGT
2025-12-09,9:32:23.738872602,T,92.63,200,92.92,100,TGT
2025-12-09,9:32:23.738872602,T,92.63,200,92.92,200,TGT
2025-12-09,9:32:23.738882618,T,92.63,200,92.92,300,TGT
2025-12-09,9:32:23.738882618,T,92.63,200,92.9,100,TGT
2025-12-09,9:32:23.738897733,T,92.63,200,92.9,300,TGT
2025-12-09,9:32:23.738907761,T,92.63,200,92.9,500,TGT
2025-12-09,9:32:27.963497874,T,92.63,200,92.9,300,TGT
2025-12-09,9:32:27.963497874,T,92.63,200,92.9,100,TGT
2025-12-09,9:32:27.963497874,T,92.63,200,92.89,100,TGT
2025-12-09,9:32:27.963502315,T,92.63,200,92.89,200,TGT
2025-12-09,9:32:27.963507630,T,92.63,200,92.89,100,TGT
2025-12-09,9:32:27.963507630,T,92.63,200,92.88,100,TGT
2025-12-09,9:32:27.963522387,T,92.63,200,92.88,300,TGT
2025-12-09,9:32:27.963532417,T,92.63,200,92.88,500,TGT
2025-12-09,9:32:27.964188981,T,92.63,200,92.88,300,TGT
2025-12-09,9:32:27.964188981,T,92.63,200,92.88,500,TGT
2025-12-09,9:32:27.964299268,T,92.63,200,92.88,300,TGT
2025-12-09,9:32:27.964299268,T,92.63,200,92.88,400,TGT
2025-12-09,9:32:28.002500215,T,92.63,200,92.88,500,TGT
2025-12-09,9:32:28.002520488,T,92.63,200,92.88,400,TGT
2025-12-09,9:32:28.002525306,T,92.63,200,92.88,200,TGT
2025-12-09,9:32:28.002525306,T,92.63,200,92.87,100,TGT
2025-12-09,9:32:28.002525306,T,92.63,200,92.87,200,TGT
2025-12-09,9:32:28.002535334,T,92.63,200,92.83,100,TGT
2025-12-09,9:32:28.002545328,T,92.63,200,92.83,300,TGT
2025-12-09,9:32:28.002565424,T,92.63,200,92.83,400,TGT
2025-12-09,9:32:28.045607958,T,92.63,200,92.83,300,TGT
2025-12-09,9:32:28.045607958,T,92.63,200,92.83,400,TGT
2025-12-09,9:32:28.045938943,T,92.63,200,92.83,300,TGT
2025-12-09,9:32:28.045938943,T,92.63,200,92.83,400,TGT
2025-12-09,9:32:28.046048959,T,92.63,200,92.83,300,TGT
2025-12-09,9:32:28.049747793,T,92.63,200,92.83,200,TGT
2025-12-09,9:32:28.049747793,T,92.63,200,92.83,100,TGT
2025-12-09,9:32:28.049772860,T,92.63,200,92.87,100,TGT
2025-12-09,9:32:28.049772860,T,92.63,200,92.88,100,TGT
2025-12-09,9:32:28.049802970,T,92.63,200,92.99,200,TGT
2025-12-09,9:32:28.049827989,T,92.63,200,92.99,100,TGT
2025-12-09,9:32:28.050043535,T,92.63,200,92.83,100,TGT
2025-12-09,9:32:28.050063592,T,92.63,200,92.83,200,TGT
2025-12-09,9:32:28.050083630,T,92.63,200,92.83,100,TGT
2025-12-09,9:32:28.050149115,T,92.63,200,92.99,200,TGT
2025-12-09,9:32:28.050149115,T,92.63,200,92.99,100,TGT
2025-12-09,9:32:28.050173811,T,92.63,200,92.83,100,TGT
2025-12-09,9:32:28.050299121,T,92.63,200,92.99,100,TGT
2025-12-09,9:32:34.212274210,T,92.63,200,92.9,100,TGT
2025-12-09,9:32:34.212484691,T,92.63,200,92.9,200,TGT
2025-12-09,9:32:34.212695182,T,92.63,200,92.9,300,TGT
2025-12-09,9:32:34.214740296,T,92.63,200,92.89,100,TGT
2025-12-09,9:32:34.214885366,T,92.63,200,92.9,300,TGT
2025-12-09,9:32:34.224914303,T,92.63,200,92.9,200,TGT
2025-12-09,9:32:34.225129828,T,92.63,200,92.9,100,TGT
2025-12-09,9:32:34.225340286,T,92.63,200,92.9,200,TGT
2025-12-09,9:32:34.225656011,T,92.63,200,92.9,300,TGT
2025-12-09,9:32:34.337733049,T,92.75,100,92.9,300,TGT
2025-12-09,9:32:34.649070136,T,92.75,100,92.82,100,TGT
2025-12-09,9:32:34.649520796,T,92.75,100,92.82,200,TGT
2025-12-09,9:32:34.659434543,T,92.75,100,92.82,300,TGT
2025-12-09,9:32:34.674590588,T,92.63,200,92.82,300,TGT
2025-12-09,9:32:34.675282198,T,92.63,200,92.82,200,TGT
2025-12-09,9:32:34.675292259,T,92.63,200,92.82,100,TGT
2025-12-09,9:32:34.675327455,T,92.64,100,92.82,100,TGT
2025-12-09,9:32:34.675547847,T,92.64,100,92.9,100,TGT
2025-12-09,9:32:34.675638062,T,92.64,100,92.82,100,TGT
2025-12-09,9:32:34.685641860,T,92.64,100,92.99,200,TGT
2025-12-09,9:32:34.687150491,T,92.64,100,92.99,100,TGT
2025-12-09,9:32:34.695465261,T,92.63,200,92.99,100,TGT
2025-12-09,9:32:36.648828957,T,92.64,200,92.99,100,TGT
2025-12-09,9:32:37.157330358,T,92.65,200,92.99,100,TGT
2025-12-09,9:32:37.167344223,T,92.63,200,92.99,100,TGT
2025-12-09,9:32:37.665180188,T,92.64,200,92.99,100,TGT
2025-12-09,9:32:39.576383568,T,92.64,200,92.99,200,TGT
2025-12-09,9:32:39.586467647,T,92.64,200,92.99,100,TGT
2025-12-09,9:32:41.293394102,T,92.55,200,92.99,100,TGT
2025-12-09,9:32:41.729833827,T,92.55,200,92.99,200,TGT
2025-12-09,9:32:41.742704479,T,92.56,200,92.99,200,TGT
2025-12-09,9:32:41.752718339,T,92.55,200,92.99,200,TGT
2025-12-09,9:32:42.252945055,T,92.56,200,92.99,200,TGT
2025-12-09,9:32:42.252975099,T,92.56,200,92.99,100,TGT
2025-12-09,9:32:42.262958915,T,92.55,200,92.99,100,TGT
2025-12-09,9:32:50.415776840,T,92.55,200,92.95,200,TGT
2025-12-09,9:32:54.210747869,T,92.56,100,92.95,200,TGT
2025-12-09,9:33:02.377459150,T,92.56,200,92.95,200,TGT
2025-12-09,9:33:02.377955350,T,92.56,300,92.95,200,TGT
2025-12-09,9:33:02.383413345,T,92.56,500,92.95,200,TGT
2025-12-09,9:33:02.384019823,T,92.59,100,92.95,200,TGT
2025-12-09,9:33:02.384019823,T,92.6,100,92.95,200,TGT
2025-12-09,9:33:02.384029795,T,92.59,100,92.95,200,TGT
2025-12-09,9:33:02.384039872,T,92.56,500,92.95,200,TGT
2025-12-09,9:33:02.385342954,T,92.57,100,92.95,200,TGT
2025-12-09,9:33:02.386455609,T,92.62,200,92.95,200,TGT
2025-12-09,9:33:02.386455609,T,92.62,200,92.99,100,TGT
2025-12-09,9:33:02.386485636,T,92.68,100,92.99,100,TGT
2025-12-09,9:33:02.387919038,T,92.68,200,92.99,100,TGT
2025-12-09,9:33:02.521998529,T,92.68,100,92.99,100,TGT
2025-12-09,9:33:03.406796379,T,92.68,200,92.99,100,TGT
2025-12-09,9:33:08.727451904,T,92.68,100,92.99,100,TGT
2025-12-09,9:33:08.792291321,T,92.68,100,92.99,200,TGT
2025-12-09,9:33:08.792391645,T,92.68,100,92.94,100,TGT
2025-12-09,9:33:08.792446729,T,92.68,100,92.93,100,TGT
2025-12-09,9:33:08.792451762,T,92.68,100,92.86,100,TGT
2025-12-09,9:33:08.792978049,T,92.68,100,92.85,100,TGT
2025-12-09,9:33:08.793474160,T,92.68,100,92.86,100,TGT
2025-12-09,9:33:08.793674686,T,92.68,100,92.85,100,TGT
2025-12-09,9:33:08.794291117,T,92.68,100,92.86,100,TGT
2025-12-09,9:33:08.799493562,T,92.68,100,92.91,100,TGT
2025-12-09,9:33:08.802134868,T,92.68,100,92.93,100,TGT
2025-12-09,9:33:08.818483721,T,92.68,100,92.86,100,TGT
2025-12-09,9:33:08.818483721,T,92.68,100,92.85,100,TGT
2025-12-09,9:33:08.818503932,T,92.68,100,92.84,100,TGT
2025-12-09,9:33:08.819400937,T,92.68,100,92.86,100,TGT
2025-12-09,9:33:08.828502695,T,92.68,100,92.93,100,TGT
2025-12-09,9:33:08.828793345,T,92.68,100,92.94,100,TGT
2025-12-09,9:33:09.042307208,T,92.68,100,92.93,100,TGT
2025-12-09,9:33:09.042307208,T,92.68,100,92.76,100,TGT
2025-12-09,9:33:09.049368875,T,92.68,100,92.93,100,TGT
2025-12-09,9:33:09.087093699,T,92.68,100,92.86,100,TGT
2025-12-09,9:33:09.087118785,T,92.68,100,92.93,100,TGT
2025-12-09,9:33:09.097117551,T,92.68,100,92.94,100,TGT
2025-12-09,9:33:09.137613996,T,92.56,200,92.94,100,TGT
2025-12-09,9:33:09.137629344,T,92.56,200,92.76,100,TGT
2025-12-09,9:33:09.137634232,T,92.56,200,92.69,100,TGT
2025-12-09,9:33:09.137654175,T,92.56,200,92.76,100,TGT
2025-12-09,9:33:09.148008958,T,92.56,200,92.85,100,TGT
2025-12-09,9:33:09.148013867,T,92.56,200,92.86,100,TGT
2025-12-09,9:33:09.153481816,T,92.56,200,92.93,100,TGT
2025-12-09,9:33:09.165670882,T,92.54,200,92.93,100,TGT
2025-12-09,9:33:09.177900061,T,92.57,200,92.93,100,TGT
2025-12-09,9:33:09.187918904,T,92.54,200,92.93,100,TGT
2025-12-09,9:33:09.188244719,T,92.54,200,92.92,100,TGT
2025-12-09,9:33:09.188244719,T,92.54,200,92.86,100,TGT
2025-12-09,9:33:09.188249657,T,92.54,200,92.85,100,TGT
2025-12-09,9:33:09.188259759,T,92.54,200,92.83,100,TGT
2025-12-09,9:33:09.188264743,T,92.54,200,92.86,100,TGT
2025-12-09,9:33:09.188269743,T,92.54,200,92.85,100,TGT
2025-12-09,9:33:09.195281404,T,92.54,200,92.86,100,TGT
2025-12-09,9:33:09.195301480,T,92.54,200,92.92,100,TGT
2025-12-09,9:33:09.288348111,T,92.54,200,92.93,100,TGT
2025-12-09,9:33:10.375097102,T,92.55,100,92.93,100,TGT
2025-12-09,9:33:11.436666201,T,92.54,200,92.93,100,TGT
2025-12-09,9:33:11.436691308,T,92.54,200,92.74,100,TGT
2025-12-09,9:33:11.443748026,T,92.54,200,92.86,100,TGT
2025-12-09,9:33:11.443748026,T,92.54,200,92.92,100,TGT
2025-12-09,9:33:11.443793138,T,92.59,200,92.92,100,TGT
2025-12-09,9:33:11.448930445,T,92.54,200,92.92,100,TGT
2025-12-09,9:33:11.448950606,T,92.54,200,92.93,100,TGT
2025-12-09,9:33:16.479805885,T,92.57,200,92.93,100,TGT
2025-12-09,9:33:16.489819702,T,92.54,200,92.93,100,TGT
2025-12-09,9:33:16.492591429,T,92.54,300,92.93,100,TGT
2025-12-09,9:33:16.988708280,T,92.58,200,92.93,100,TGT
2025-12-09,9:33:16.998722149,T,92.54,300,92.93,100,TGT
2025-12-09,9:33:17.499149318,T,92.58,200,92.93,100,TGT
2025-12-09,9:33:17.509158290,T,92.54,300,92.93,100,TGT
2025-12-09,9:33:18.008247154,T,92.58,200,92.93,100,TGT
2025-12-09,9:33:18.018266060,T,92.54,300,92.93,100,TGT
2025-12-09,9:33:19.261257475,T,92.58,200,92.93,100,TGT
2025-12-09,9:33:19.271271298,T,92.54,300,92.93,100,TGT
2025-12-09,9:33:21.869185394,T,92.54,300,92.86,100,TGT
2025-12-09,9:33:21.881319236,T,92.54,200,92.86,100,TGT
2025-12-09,9:33:21.974736809,T,92.54,300,92.86,100,TGT
2025-12-09,9:33:34.856766544,T,92.54,300,92.83,100,TGT
2025-12-09,9:33:35.592243680,T,92.54,300,92.86,100,TGT
2025-12-09,9:33:40.779416563,T,92.54,200,92.86,100,TGT
2025-12-09,9:33:40.932977362,T,92.54,200,92.91,200,TGT
2025-12-09,9:33:40.933007462,T,92.55,100,92.91,200,TGT
2025-12-09,9:33:40.933217961,T,92.55,200,92.91,200,TGT
2025-12-09,9:33:40.933483577,T,92.55,200,92.99,100,TGT
2025-12-09,9:33:40.933493643,T,92.55,200,92.98,200,TGT
2025-12-09,9:33:40.944023691,T,92.55,100,92.98,200,TGT
2025-12-09,9:33:41.020420638,T,92.55,200,92.98,200,TGT
2025-12-09,9:33:41.134753008,T,92.55,100,92.98,200,TGT
2025-12-09,9:33:41.840158431,T,92.55,200,92.98,200,TGT
2025-12-09,9:33:41.840404112,T,92.59,100,92.98,200,TGT
2025-12-09,9:33:41.840639764,T,92.6,100,92.98,200,TGT
2025-12-09,9:33:41.840649653,T,92.59,100,92.98,200,TGT
2025-12-09,9:33:41.840865189,T,92.6,100,92.98,200,TGT
2025-12-09,9:33:41.841005467,T,92.59,100,92.98,200,TGT
2025-12-09,9:33:41.850949219,T,92.59,200,92.98,200,TGT
2025-12-09,9:33:41.851159699,T,92.59,300,92.98,200,TGT
2025-12-09,9:33:41.864671922,T,92.59,300,92.88,100,TGT
2025-12-09,9:33:41.864877355,T,92.59,200,92.88,100,TGT
2025-12-09,9:33:41.886022757,T,92.59,300,92.88,100,TGT
2025-12-09,9:33:42.058087699,T,92.59,200,92.88,100,TGT
2025-12-09,9:33:42.163118178,T,92.73,100,92.88,100,TGT
2025-12-09,9:33:42.163629165,T,92.73,200,92.88,100,TGT
2025-12-09,9:33:45.209926890,T,92.73,100,92.88,100,TGT
2025-12-09,9:33:45.209991668,T,92.73,100,92.88,200,TGT
2025-12-09,9:33:45.210142045,T,92.55,100,92.88,200,TGT
2025-12-09,9:33:45.217018400,T,92.55,100,92.88,100,TGT
2025-12-09,9:33:45.287050291,T,92.71,100,92.88,100,TGT
2025-12-09,9:34:11.023819556,T,92.71,100,92.88,200,TGT
2025-12-09,9:34:11.023839652,T,92.71,100,92.87,100,TGT
2025-12-09,9:34:11.023864635,T,92.71,100,92.81,100,TGT
2025-12-09,9:34:11.026896842,T,92.6,200,92.81,100,TGT
2025-12-09,9:34:11.030856310,T,92.6,200,92.87,100,TGT
2025-12-09,9:34:11.033858382,T,92.6,200,92.88,200,TGT
2025-12-09,9:34:11.092387911,T,92.71,100,92.88,200,TGT
2025-12-09,9:34:11.102321546,T,92.73,100,92.88,200,TGT
2025-12-09,9:34:11.119778105,T,92.73,100,92.87,100,TGT
2025-12-09,9:34:11.119818234,T,92.73,100,92.8,100,TGT
2025-12-09,9:34:11.120254403,T,92.71,100,92.8,100,TGT
2025-12-09,9:34:11.120254403,T,92.71,100,92.79,100,TGT
2025-12-09,9:34:11.120289395,T,92.6,200,92.79,100,TGT
2025-12-09,9:34:11.120574989,T,92.6,200,92.77,100,TGT
2025-12-09,9:34:11.120730412,T,92.6,200,92.73,100,TGT
2025-12-09,9:34:11.120930822,T,92.63,100,92.73,100,TGT
2025-12-09,9:34:11.121081269,T,92.63,500,92.73,100,TGT
2025-12-09,9:34:11.121412141,T,92.63,400,92.73,100,TGT
2025-12-09,9:34:11.121417009,T,92.6,200,92.73,100,TGT
2025-12-09,9:34:11.121427021,T,92.6,200,92.77,100,TGT
2025-12-09,9:34:11.121442070,T,92.71,500,92.77,100,TGT
2025-12-09,9:34:11.121457112,T,92.71,500,92.79,100,TGT
2025-12-09,9:34:11.121477282,T,92.71,500,92.8,100,TGT
2025-12-09,9:34:11.121552403,T,92.71,400,92.8,100,TGT
2025-12-09,9:34:11.121552403,T,92.71,300,92.8,100,TGT
2025-12-09,9:34:11.121607546,T,92.71,200,92.8,100,TGT
2025-12-09,9:34:11.135260036,T,92.71,200,92.88,100,TGT
2025-12-09,9:34:11.215636480,T,92.68,100,92.88,100,TGT
2025-12-09,9:34:11.215656579,T,92.72,200,92.88,100,TGT
2025-12-09,9:34:12.836222218,T,92.68,100,92.88,100,TGT
2025-12-09,9:34:12.836242405,T,92.73,200,92.88,100,TGT
2025-12-09,9:34:14.456747999,T,92.68,100,92.88,100,TGT
2025-12-09,9:34:14.456773002,T,92.74,200,92.88,100,TGT
2025-12-09,9:34:16.077318737,T,92.68,100,92.88,100,TGT
2025-12-09,9:34:16.077343828,T,92.75,200,92.88,100,TGT
2025-12-09,9:34:17.697849493,T,92.68,100,92.88,100,TGT
2025-12-09,9:34:17.697869553,T,92.76,200,92.88,100,TGT
2025-12-09,9:34:18.288090601,T,92.76,100,92.88,100,TGT
2025-12-09,9:34:18.288090601,T,92.68,100,92.88,100,TGT
2025-12-09,9:34:18.288110782,T,92.68,100,92.81,100,TGT
2025-12-09,9:34:18.388118971,T,92.68,100,92.88,100,TGT
2025-12-09,9:34:25.649713895,T,92.68,100,92.88,200,TGT
2025-12-09,9:34:25.649754046,T,92.68,100,92.78,100,TGT
2025-12-09,9:34:25.664829982,T,92.68,100,92.88,200,TGT
2025-12-09,9:34:25.664855002,T,92.68,100,92.88,100,TGT
2025-12-09,9:34:25.666879851,T,92.68,100,92.88,200,TGT
2025-12-09,9:34:25.666919964,T,92.68,100,92.83,100,TGT
2025-12-09,9:34:25.677555254,T,92.68,100,92.83,200,TGT
2025-12-09,9:34:25.677565278,T,92.68,100,92.8,100,TGT
2025-12-09,9:34:25.684752434,T,92.68,100,92.83,100,TGT
2025-12-09,9:34:26.023820159,T,92.68,100,92.88,100,TGT
2025-12-09,9:34:26.670801583,T,92.68,100,92.83,100,TGT
2025-12-09,9:34:28.791208021,T,92.68,100,92.97,100,TGT
2025-12-09,9:34:29.110508826,T,92.68,100,92.83,100,TGT
2025-12-09,9:34:29.979564206,T,92.68,100,92.97,100,TGT
2025-12-09,9:34:30.009004378,T,92.68,100,92.83,100,TGT
2025-12-09,9:34:30.968420042,T,92.68,100,92.97,100,TGT
2025-12-09,9:34:30.992191607,T,92.68,100,92.83,100,TGT
2025-12-09,9:34:31.957270800,T,92.68,100,92.97,100,TGT
2025-12-09,9:34:32.200034081,T,92.68,100,92.83,100,TGT
2025-12-09,9:34:32.946121631,T,92.68,100,92.97,100,TGT
2025-12-09,9:34:33.026377818,T,92.68,100,92.83,100,TGT
2025-12-09,9:34:33.934982570,T,92.68,100,92.97,100,TGT
2025-12-09,9:34:34.082914796,T,92.68,100,92.83,100,TGT
2025-12-09,9:34:34.923833124,T,92.68,100,92.97,100,TGT
2025-12-09,9:34:35.114562469,T,92.68,100,92.83,100,TGT
2025-12-09,9:34:35.553197451,T,92.68,100,92.98,200,TGT
2025-12-09,9:34:43.296861312,T,92.68,100,92.99,100,TGT
2025-12-09,9:34:43.296861312,T,92.68,100,92.93,200,TGT
2025-12-09,9:34:47.384849912,T,92.68,100,92.83,100,TGT
2025-12-09,9:34:53.380974893,T,92.68,100,92.83,200,TGT
2025-12-09,9:34:53.380990079,T,92.68,100,92.79,100,TGT
2025-12-09,9:34:53.381000018,T,92.68,100,92.78,100,TGT
2025-12-09,9:34:53.381030188,T,92.68,100,92.78,200,TGT
2025-12-09,9:34:53.381230598,T,92.68,100,92.77,100,TGT
2025-12-09,9:34:53.381305711,T,92.6,200,92.77,100,TGT
2025-12-09,9:34:53.381305711,T,92.6,200,92.74,100,TGT
2025-12-09,9:34:53.382854546,T,92.52,100,92.74,100,TGT
2025-12-09,9:34:53.382864378,T,92.53,200,92.74,100,TGT
2025-12-09,9:34:53.383090023,T,92.53,200,92.78,200,TGT
2025-12-09,9:34:53.383119995,T,92.53,200,92.78,100,TGT
2025-12-09,9:34:53.384097335,T,92.53,300,92.78,100,TGT
2025-12-09,9:34:53.384107415,T,92.53,200,92.78,100,TGT
2025-12-09,9:34:53.391384779,T,92.53,200,92.78,200,TGT
2025-12-09,9:34:53.391449899,T,92.53,200,92.78,100,TGT
2025-12-09,9:34:53.391500006,T,92.53,200,92.78,200,TGT
2025-12-09,9:34:53.393419550,T,92.53,200,92.78,100,TGT
2025-12-09,9:34:53.393454740,T,92.53,200,92.74,100,TGT
2025-12-09,9:34:53.393479694,T,92.53,200,92.78,100,TGT
2025-12-09,9:34:53.431690777,T,92.53,200,92.83,100,TGT
2025-12-09,9:34:53.431710821,T,92.55,100,92.83,100,TGT
2025-12-09,9:34:53.431715780,T,92.55,100,92.78,100,TGT
2025-12-09,9:34:53.431740948,T,92.53,200,92.78,100,TGT
2025-12-09,9:34:53.461591963,T,92.55,100,92.78,100,TGT
2025-12-09,9:34:53.461607006,T,92.55,100,92.83,100,TGT
2025-12-09,9:34:53.461622125,T,92.53,200,92.83,100,TGT
2025-12-09,9:34:53.461642079,T,92.53,200,92.78,100,TGT
2025-12-09,9:34:53.461672159,T,92.53,200,92.93,200,TGT
2025-12-09,9:34:53.461777459,T,92.55,100,92.93,200,TGT
2025-12-09,9:34:53.461777459,T,92.64,100,92.93,200,TGT
2025-12-09,9:34:53.461892698,T,92.64,100,92.72,100,TGT
2025-12-09,9:34:53.462449017,T,92.64,100,92.93,200,TGT
2025-12-09,9:34:53.662721273,T,92.53,200,92.93,200,TGT
2025-12-09,9:34:53.739794920,T,92.64,100,92.93,200,TGT
2025-12-09,9:35:02.279609601,T,92.61,100,92.93,200,TGT
2025-12-09,9:35:04.048629171,T,92.61,100,92.97,100,TGT
2025-12-09,9:35:04.048639237,T,92.61,100,92.88,200,TGT
2025-12-09,9:35:07.970412514,T,92.61,100,92.78,100,TGT
2025-12-09,9:35:07.970838459,T,92.61,100,92.78,200,TGT
2025-12-09,9:35:09.203279477,T,92.61,100,92.78,100,TGT
2025-12-09,9:35:21.694392870,T,92.61,100,92.74,100,TGT
2025-12-09,9:35:23.248555316,T,92.61,100,92.7,100,TGT
2025-12-09,9:35:29.468303021,T,92.61,100,92.7,200,TGT
2025-12-09,9:35:32.922496979,T,92.61,100,92.69,100,TGT
2025-12-09,9:35:32.922637292,T,92.53,200,92.69,100,TGT
2025-12-09,9:35:32.922642646,T,92.53,200,92.69,200,TGT
2025-12-09,9:35:32.922647670,T,92.53,200,92.69,100,TGT
2025-12-09,9:35:32.922652833,T,92.53,200,92.66,100,TGT
2025-12-09,9:35:32.922657740,T,92.53,200,92.64,100,TGT
2025-12-09,9:35:32.922747660,T,92.53,200,92.64,200,TGT
2025-12-09,9:35:32.922752629,T,92.53,200,92.63,100,TGT
2025-12-09,9:35:32.922983161,T,92.31,200,92.63,100,TGT
2025-12-09,9:35:32.922988159,T,92.47,200,92.63,100,TGT
2025-12-09,9:35:32.923058361,T,92.47,200,92.62,100,TGT
2025-12-09,9:35:32.923263791,T,92.58,100,92.62,100,TGT
2025-12-09,9:35:32.925659531,T,92.47,200,92.62,100,TGT
2025-12-09,9:35:32.925684551,T,92.47,200,92.61,100,TGT
2025-12-09,9:35:34.067600179,T,92.47,200,92.62,100,TGT
2025-12-09,9:35:34.067600179,T,92.47,200,92.63,100,TGT
2025-12-09,9:35:34.067620526,T,92.61,100,92.63,100,TGT
2025-12-09,9:35:34.067635326,T,92.61,100,92.69,100,TGT
2025-12-09,9:35:34.067650316,T,92.58,100,92.69,100,TGT
2025-12-09,9:35:34.067655320,T,92.58,100,92.7,100,TGT
2025-12-09,9:35:34.067670373,T,92.61,100,92.7,100,TGT
2025-12-09,9:35:34.067670373,T,92.58,100,92.7,100,TGT
2025-12-09,9:35:34.067710459,T,92.58,100,92.63,100,TGT
2025-12-09,9:35:34.067800648,T,92.58,100,92.7,100,TGT
2025-12-09,9:35:34.067875822,T,92.59,100,92.7,100,TGT
2025-12-09,9:35:34.100819438,T,92.6,100,92.7,100,TGT
2025-12-09,9:35:34.117955160,T,92.47,200,92.7,100,TGT
2025-12-09,9:35:34.210285064,T,92.47,300,92.7,100,TGT
2025-12-09,9:35:42.691821287,T,92.47,300,92.73,100,TGT
2025-12-09,9:35:42.691841521,T,92.64,100,92.73,100,TGT
2025-12-09,9:35:42.692417750,T,92.64,200,92.73,100,TGT
2025-12-09,9:35:42.791884729,T,92.64,100,92.73,100,TGT
2025-12-09,9:35:42.793107655,T,92.64,200,92.73,100,TGT
2025-12-09,9:35:44.408611413,T,92.64,100,92.73,100,TGT
2025-12-09,9:35:46.090773867,T,92.47,300,92.73,100,TGT
2025-12-09,9:35:46.090794070,T,92.47,300,92.68,100,TGT
2025-12-09,9:35:46.090794070,T,92.47,300,92.64,100,TGT
2025-12-09,9:35:46.091365232,T,92.47,300,92.68,100,TGT
2025-12-09,9:35:46.091555742,T,92.47,300,92.66,100,TGT
2025-12-09,9:35:46.098582453,T,92.47,300,92.68,100,TGT
2025-12-09,9:35:46.190797171,T,92.47,300,92.72,100,TGT
2025-12-09,9:35:46.190817188,T,92.47,300,92.73,100,TGT
2025-12-09,9:35:46.677271035,T,92.47,300,92.72,100,TGT
2025-12-09,9:35:47.091999227,T,92.47,300,92.73,100,TGT
2025-12-09,9:35:47.093898636,T,92.47,300,92.72,100,TGT
2025-12-09,9:35:47.529446338,T,92.47,300,92.73,100,TGT
2025-12-09,9:35:48.576270211,T,92.47,300,92.72,100,TGT
2025-12-09,9:35:50.264782790,T,92.47,300,92.73,100,TGT
2025-12-09,9:35:50.925912926,T,92.47,300,92.72,100,TGT
2025-12-09,9:35:51.477246412,T,92.47,300,92.73,100,TGT
2025-12-09,9:36:03.465576948,T,92.57,100,92.73,100,TGT
2025-12-09,9:36:03.914862263,T,92.58,100,92.73,100,TGT
2025-12-09,9:36:03.925041449,T,92.57,100,92.73,100,TGT
2025-12-09,9:36:04.848611599,T,92.47,300,92.73,100,TGT
2025-12-09,9:36:10.078100244,T,92.55,500,92.73,100,TGT
2025-12-09,9:36:12.134143755,T,92.63,100,92.73,100,TGT
2025-12-09,9:36:13.991027313,T,92.55,500,92.73,100,TGT
2025-12-09,9:36:17.230344518,T,92.6,100,92.73,100,TGT
2025-12-09,9:36:23.000004969,T,92.6,100,92.81,200,TGT
2025-12-09,9:36:23.000025018,T,92.64,100,92.81,200,TGT
2025-12-09,9:36:23.000025018,T,92.72,100,92.81,200,TGT
2025-12-09,9:36:23.000185661,T,92.73,100,92.81,200,TGT
2025-12-09,9:36:23.000265571,T,92.74,100,92.81,200,TGT
2025-12-09,9:36:23.000461000,T,92.74,100,92.93,100,TGT
2025-12-09,9:36:23.000466021,T,92.74,100,92.86,200,TGT
2025-12-09,9:36:23.000646427,T,92.69,200,92.86,200,TGT
2025-12-09,9:36:23.000666462,T,92.69,100,92.86,200,TGT
2025-12-09,9:36:23.000706581,T,92.7,100,92.86,200,TGT
2025-12-09,9:36:23.000716676,T,92.69,100,92.86,200,TGT
2025-12-09,9:36:23.000736636,T,92.7,100,92.86,200,TGT
2025-12-09,9:36:23.000791868,T,92.69,100,92.86,200,TGT
2025-12-09,9:36:23.001438367,T,92.69,200,92.86,200,TGT
2025-12-09,9:36:23.002009756,T,92.69,100,92.86,200,TGT
2025-12-09,9:36:23.100334012,T,92.66,100,92.86,200,TGT
2025-12-09,9:36:23.114031597,T,92.66,200,92.86,200,TGT
2025-12-09,9:36:23.170466023,T,92.68,100,92.86,200,TGT
2025-12-09,9:36:23.170476109,T,92.75,100,92.86,200,TGT
2025-12-09,9:36:23.170481120,T,92.76,100,92.86,200,TGT
2025-12-09,9:36:23.171037398,T,92.75,100,92.86,200,TGT
2025-12-09,9:36:23.260079482,T,92.75,100,92.82,100,TGT
2025-12-09,9:36:23.375745234,T,92.76,100,92.82,100,TGT
2025-12-09,9:36:23.375765087,T,92.75,100,92.82,100,TGT
2025-12-09,9:36:23.964993869,T,92.6,100,92.82,100,TGT
2025-12-09,9:36:23.965018973,T,92.6,100,92.77,100,TGT
2025-12-09,9:36:23.965575300,T,92.6,100,92.82,100,TGT
2025-12-09,9:36:35.226046956,T,92.6,100,92.79,100,TGT
2025-12-09,9:36:36.075220069,T,92.6,100,92.78,100,TGT
2025-12-09,9:36:37.572121335,T,92.6,100,92.78,200,TGT
2025-12-09,9:36:37.572467167,T,92.6,100,92.78,100,TGT
2025-12-09,9:36:37.576221152,T,92.6,100,92.79,100,TGT
2025-12-09,9:36:37.576256126,T,92.6,100,92.75,100,TGT
2025-12-09,9:36:37.576797513,T,92.6,100,92.79,100,TGT
2025-12-09,9:36:37.576802487,T,92.6,100,92.74,100,TGT
2025-12-09,9:36:39.275444205,T,92.6,100,92.72,100,TGT
2025-12-09,9:36:39.275464282,T,92.6,100,92.74,100,TGT
2025-12-09,9:36:39.275474222,T,92.6,100,92.72,100,TGT
2025-12-09,9:36:39.275479248,T,92.6,100,92.74,100,TGT
2025-12-09,9:36:39.280375859,T,92.6,100,92.79,100,TGT
2025-12-09,9:36:39.280410894,T,92.6,100,92.72,100,TGT
2025-12-09,9:36:39.288861085,T,92.6,100,92.79,100,TGT
2025-12-09,9:36:39.288896125,T,92.6,100,92.71,100,TGT
2025-12-09,9:36:39.475450612,T,92.6,100,92.79,100,TGT
2025-12-09,9:36:41.011324720,T,92.6,100,92.71,100,TGT
2025-12-09,9:36:41.011329748,T,92.6,100,92.69,100,TGT
2025-12-09,9:36:41.011369910,T,92.6,100,92.67,100,TGT
2025-12-09,9:36:41.011389900,T,92.6,100,92.69,100,TGT
2025-12-09,9:36:41.011394886,T,92.6,100,92.68,100,TGT
2025-12-09,9:36:41.023473660,T,92.6,100,92.69,100,TGT
2025-12-09,9:36:41.023513822,T,92.6,100,92.67,100,TGT
2025-12-09,9:36:44.912293125,T,92.6,100,92.65,100,TGT
2025-12-09,9:36:45.228426290,T,92.57,100,92.65,100,TGT
2025-12-09,9:36:45.228491582,T,92.57,100,92.67,100,TGT
2025-12-09,9:36:45.228491582,T,92.57,100,92.65,100,TGT
2025-12-09,9:36:45.228756995,T,92.57,200,92.65,100,TGT
2025-12-09,9:36:45.228762012,T,92.57,200,92.67,100,TGT
2025-12-09,9:36:45.228852297,T,92.58,100,92.67,100,TGT
2025-12-09,9:36:45.228857298,T,92.58,100,92.71,100,TGT
2025-12-09,9:36:45.228877348,T,92.61,100,92.71,100,TGT
2025-12-09,9:36:45.228912400,T,92.61,100,92.65,100,TGT
2025-12-09,9:36:45.229067950,T,92.61,100,92.71,100,TGT
2025-12-09,9:36:45.229203083,T,92.61,100,92.65,100,TGT
2025-12-09,9:36:45.309314155,T,92.61,100,92.71,100,TGT
2025-12-09,9:36:45.309318917,T,92.61,100,92.79,100,TGT
2025-12-09,9:36:45.309334237,T,92.65,100,92.79,100,TGT
2025-12-09,9:36:45.309358984,T,92.65,200,92.79,100,TGT
2025-12-09,9:36:45.309910354,T,92.65,100,92.79,100,TGT
2025-12-09,9:36:45.352587077,T,92.66,100,92.79,100,TGT
2025-12-09,9:36:45.352612056,T,92.68,100,92.79,100,TGT
2025-12-09,9:36:45.352632182,T,92.66,100,92.79,100,TGT
2025-12-09,9:36:45.352657211,T,92.66,100,92.7,100,TGT
2025-12-09,9:36:45.353213536,T,92.66,100,92.79,100,TGT
2025-12-09,9:36:45.423621244,T,92.57,100,92.79,100,TGT
2025-12-09,9:36:46.003312314,T,92.66,100,92.79,100,TGT
2025-12-09,9:36:49.035185449,T,92.57,100,92.79,100,TGT
2025-12-09,9:36:49.035671527,T,92.57,100,92.69,100,TGT
2025-12-09,9:36:49.036072550,T,92.57,100,92.79,100,TGT
2025-12-09,9:36:49.135564494,T,92.57,200,92.79,100,TGT
2025-12-09,9:36:49.135569510,T,92.6,100,92.79,100,TGT
2025-12-09,9:36:49.140581448,T,92.58,100,92.79,100,TGT
2025-12-09,9:36:49.142596284,T,92.57,200,92.79,100,TGT
2025-12-09,9:36:49.236930999,T,92.57,100,92.79,100,TGT
2025-12-09,9:36:53.260937739,T,92.57,100,92.74,100,TGT
2025-12-09,9:36:53.533482048,T,92.61,100,92.74,100,TGT
2025-12-09,9:36:57.518645878,T,92.61,200,92.74,100,TGT
2025-12-09,9:36:57.518660877,T,92.61,100,92.74,100,TGT
2025-12-09,9:36:57.518660877,T,92.61,200,92.74,100,TGT
2025-12-09,9:36:57.525667642,T,92.61,100,92.74,100,TGT
2025-12-09,9:37:02.494585640,T,92.58,100,92.74,100,TGT
2025-12-09,9:37:04.123551233,T,92.62,100,92.74,100,TGT
2025-12-09,9:37:05.627544226,T,92.58,100,92.74,100,TGT
2025-12-09,9:37:05.750627482,T,92.65,100,92.74,100,TGT
2025-12-09,9:37:05.750657836,T,92.62,100,92.74,100,TGT
2025-12-09,9:37:05.757659180,T,92.58,100,92.74,100,TGT
2025-12-09,9:37:05.798661864,T,92.62,100,92.74,100,TGT
2025-12-09,9:37:05.798661864,T,92.64,100,92.74,100,TGT
2025-12-09,9:37:05.808665700,T,92.62,100,92.74,100,TGT
2025-12-09,9:37:05.808665700,T,92.58,100,92.74,100,TGT
2025-12-09,9:37:07.228598484,T,92.68,100,92.74,100,TGT
2025-12-09,9:37:07.943220990,T,92.68,100,92.81,200,TGT
2025-12-09,9:37:07.943241034,T,92.74,100,92.81,200,TGT
2025-12-09,9:37:07.943571833,T,92.74,100,92.82,100,TGT
2025-12-09,9:37:07.943742240,T,92.69,100,92.82,100,TGT
2025-12-09,9:37:07.943762278,T,92.68,100,92.82,100,TGT
2025-12-09,9:37:07.944428828,T,92.69,100,92.82,100,TGT
2025-12-09,9:37:07.944940051,T,92.68,100,92.82,100,TGT
2025-12-09,9:37:07.945822184,T,92.68,200,92.82,100,TGT
2025-12-09,9:37:08.023111315,T,92.68,100,92.82,100,TGT
2025-12-09,9:37:08.406068619,T,92.69,100,92.82,100,TGT
2025-12-09,9:37:09.328646602,T,92.58,100,92.82,100,TGT
2025-12-09,9:37:09.328857122,T,92.58,200,92.82,100,TGT
2025-12-09,9:37:09.350739278,T,92.58,100,92.82,100,TGT
2025-12-09,9:37:09.852695140,T,92.71,100,92.82,100,TGT
2025-12-09,9:37:09.935587559,T,92.69,100,92.82,100,TGT
2025-12-09,9:37:09.935672738,T,92.58,100,92.82,100,TGT
2025-12-09,9:37:09.936118854,T,92.58,100,92.74,100,TGT
2025-12-09,9:37:09.936319282,T,92.58,100,92.75,100,TGT
2025-12-09,9:37:09.936424713,T,92.58,200,92.75,100,TGT
2025-12-09,9:37:09.936584915,T,92.58,200,92.82,100,TGT
2025-12-09,9:37:12.211740167,T,92.64,100,92.82,100,TGT
2025-12-09,9:37:21.469675893,T,92.64,100,92.77,100,TGT
2025-12-09,9:37:21.475800644,T,92.64,100,92.82,100,TGT
2025-12-09,9:37:21.497597732,T,92.58,100,92.82,100,TGT
2025-12-09,9:37:21.497622753,T,92.58,100,92.73,100,TGT
2025-12-09,9:37:21.497622753,T,92.58,100,92.69,100,TGT
2025-12-09,9:37:21.497903133,T,92.58,100,92.68,100,TGT
2025-12-09,9:37:21.504679233,T,92.58,100,92.73,100,TGT
2025-12-09,9:37:21.514407395,T,92.58,100,92.76,100,TGT
2025-12-09,9:37:21.529177941,T,92.58,100,92.73,100,TGT
2025-12-09,9:37:21.529202899,T,92.58,100,92.72,100,TGT
2025-12-09,9:37:21.530375468,T,92.58,100,92.73,100,TGT
2025-12-09,9:37:21.597740943,T,92.58,100,92.76,100,TGT
2025-12-09,9:37:21.597761029,T,92.58,100,92.77,100,TGT
2025-12-09,9:37:21.697659061,T,92.58,100,92.82,100,TGT
2025-12-09,9:37:30.999143722,T,92.58,100,92.77,100,TGT
2025-12-09,9:37:30.999569666,T,92.58,100,92.77,200,TGT
2025-12-09,9:37:31.036973806,T,92.58,100,92.77,300,TGT
2025-12-09,9:37:36.910461679,T,92.58,100,92.76,100,TGT
2025-12-09,9:37:38.829167590,T,92.58,100,92.76,200,TGT
2025-12-09,9:37:41.973097535,T,92.58,100,92.76,100,TGT
2025-12-09,9:37:46.326133063,T,92.58,100,92.76,200,TGT
2025-12-09,9:37:46.326148137,T,92.58,100,92.76,300,TGT
2025-12-09,9:37:46.331275361,T,92.58,100,92.74,100,TGT
2025-12-09,9:37:46.331696347,T,92.58,100,92.74,200,TGT
2025-12-09,9:37:46.331791599,T,92.58,100,92.73,100,TGT
2025-12-09,9:37:46.347930056,T,92.58,100,92.73,200,TGT
2025-12-09,9:37:46.356370096,T,92.58,100,92.73,300,TGT
2025-12-09,9:37:46.478040034,T,92.58,100,92.73,200,TGT
2025-12-09,9:37:46.478460954,T,92.58,100,92.73,100,TGT
2025-12-09,9:37:50.323451114,T,92.58,100,92.76,100,TGT
2025-12-09,9:37:50.834303314,T,92.58,100,92.73,100,TGT
2025-12-09,9:37:50.835345768,T,92.58,100,92.76,100,TGT
2025-12-09,9:37:50.836167643,T,92.58,100,92.73,100,TGT
2025-12-09,9:37:51.360937911,T,92.58,100,92.76,100,TGT
2025-12-09,9:37:55.775063932,T,92.58,100,92.73,100,TGT
2025-12-09,9:38:03.258321816,T,92.58,100,92.66,100,TGT
2025-12-09,9:38:03.894181727,T,92.58,200,92.66,100,TGT
2025-12-09,9:38:06.575008412,T,92.58,200,92.66,200,TGT
2025-12-09,9:38:06.575053470,T,92.58,200,92.66,300,TGT
2025-12-09,9:38:06.748296264,T,92.58,200,92.66,400,TGT
2025-12-09,9:38:06.748717226,T,92.58,200,92.66,300,TGT
2025-12-09,9:38:06.749133181,T,92.58,200,92.66,200,TGT
2025-12-09,9:38:19.526548755,T,92.59,100,92.66,200,TGT
2025-12-09,9:38:19.526568844,T,92.58,200,92.66,200,TGT
2025-12-09,9:38:19.526568844,T,92.59,100,92.66,200,TGT
2025-12-09,9:38:19.527019879,T,92.58,200,92.66,200,TGT
2025-12-09,9:38:19.529480789,T,92.58,200,92.66,100,TGT
2025-12-09,9:38:19.529480789,T,92.58,200,92.74,200,TGT
2025-12-09,9:38:19.529500836,T,92.65,100,92.74,200,TGT
2025-12-09,9:38:19.529581036,T,92.65,200,92.74,200,TGT
2025-12-09,9:38:19.529931868,T,92.66,100,92.74,200,TGT
2025-12-09,9:38:19.529931868,T,92.66,200,92.74,200,TGT
2025-12-09,9:38:19.530122298,T,92.66,100,92.74,200,TGT
2025-12-09,9:38:19.530648471,T,92.59,100,92.74,200,TGT
2025-12-09,9:38:19.532347717,T,92.59,100,92.82,100,TGT
2025-12-09,9:38:19.532357617,T,92.59,100,92.8,200,TGT
2025-12-09,9:38:19.533410161,T,92.59,100,92.8,300,TGT
2025-12-09,9:38:19.549784120,T,92.58,200,92.8,300,TGT
2025-12-09,9:38:19.552054483,T,92.59,100,92.8,300,TGT
2025-12-09,9:38:19.593768916,T,92.58,100,92.8,300,TGT
2025-12-09,9:38:19.594219951,T,92.63,100,92.8,300,TGT
2025-12-09,9:38:19.594250011,T,92.58,100,92.8,300,TGT
2025-12-09,9:38:19.594310158,T,92.61,100,92.8,300,TGT
2025-12-09,9:38:19.594310158,T,92.67,100,92.8,300,TGT
2025-12-09,9:38:19.594640936,T,92.67,100,92.8,200,TGT
2025-12-09,9:38:19.594696069,T,92.65,100,92.8,200,TGT
2025-12-09,9:38:19.594986814,T,92.67,100,92.8,200,TGT
2025-12-09,9:38:19.595793681,T,92.67,200,92.8,200,TGT
2025-12-09,9:38:19.596871271,T,92.67,100,92.8,200,TGT
2025-12-09,9:38:19.597016683,T,92.67,200,92.8,200,TGT
2025-12-09,9:38:19.607536700,T,92.67,100,92.8,200,TGT
2025-12-09,9:38:19.830948894,T,92.58,100,92.8,200,TGT
2025-12-09,9:38:19.831941261,T,92.59,100,92.8,200,TGT
2025-12-09,9:38:19.851207244,T,92.58,100,92.8,200,TGT
2025-12-09,9:38:19.860404272,T,92.58,100,92.82,100,TGT
2025-12-09,9:38:19.860434155,T,92.65,100,92.82,100,TGT
2025-12-09,9:38:19.860434155,T,92.69,100,92.82,100,TGT
2025-12-09,9:38:19.860434155,T,92.79,100,92.82,100,TGT
2025-12-09,9:38:19.860464201,T,92.75,200,92.82,100,TGT
2025-12-09,9:38:19.860469298,T,92.75,100,92.82,100,TGT
2025-12-09,9:38:19.861431503,T,92.75,200,92.82,100,TGT
2025-12-09,9:38:19.862539237,T,92.75,200,92.82,200,TGT
2025-12-09,9:38:19.870538290,T,92.75,100,92.82,200,TGT
2025-12-09,9:38:19.881178546,T,92.75,100,92.82,100,TGT
2025-12-09,9:38:19.960447380,T,92.72,100,92.82,100,TGT
2025-12-09,9:38:21.340815970,T,92.76,100,92.82,100,TGT
2025-12-09,9:38:23.283273492,T,92.65,100,92.82,100,TGT
2025-12-09,9:38:23.283293623,T,92.65,100,92.77,100,TGT
2025-12-09,9:38:23.283303647,T,92.58,100,92.77,100,TGT
2025-12-09,9:38:23.283423866,T,92.58,100,92.76,100,TGT
2025-12-09,9:38:23.283814781,T,92.58,100,92.82,100,TGT
2025-12-09,9:38:24.117330562,T,92.59,100,92.82,100,TGT
2025-12-09,9:38:29.037692712,T,92.65,100,92.82,100,TGT
2025-12-09,9:38:31.612030497,T,92.68,100,92.82,100,TGT
2025-12-09,9:38:31.627096469,T,92.65,100,92.82,100,TGT
2025-12-09,9:38:31.941911376,T,92.71,100,92.82,100,TGT
2025-12-09,9:38:46.196095064,T,92.65,100,92.82,100,TGT
2025-12-09,9:38:47.227843297,T,92.7,100,92.82,100,TGT
2025-12-09,9:38:47.227848570,T,92.71,100,92.82,100,TGT
2025-12-09,9:38:47.227853298,T,92.75,100,92.82,100,TGT
2025-12-09,9:38:47.230509649,T,92.75,100,92.9,200,TGT
2025-12-09,9:38:47.230529732,T,92.79,100,92.9,200,TGT
2025-12-09,9:38:47.231085986,T,92.78,100,92.9,200,TGT
2025-12-09,9:38:47.240849216,T,92.78,200,92.9,200,TGT
2025-12-09,9:38:47.360063305,T,92.79,100,92.9,200,TGT
2025-12-09,9:38:47.360328983,T,92.79,100,92.99,100,TGT
2025-12-09,9:38:47.360333989,T,92.79,100,92.95,200,TGT
2025-12-09,9:38:47.362849948,T,92.75,100,92.95,200,TGT
2025-12-09,9:38:47.370372923,T,92.75,100,92.99,100,TGT
2025-12-09,9:38:47.560169995,T,92.7,100,92.99,100,TGT
2025-12-09,9:38:47.926126827,T,92.84,100,92.99,100,TGT
2025-12-09,9:38:49.933443878,T,92.84,100,92.99,200,TGT
2025-12-09,9:38:50.562256932,T,92.84,100,92.99,100,TGT
2025-12-09,9:38:50.565068617,T,92.85,100,92.99,100,TGT
2025-12-09,9:38:50.565088687,T,92.84,100,92.99,100,TGT
2025-12-09,9:38:50.565098616,T,92.85,100,92.99,100,TGT
2025-12-09,9:38:50.665482813,T,92.84,100,92.99,100,TGT
2025-12-09,9:38:54.655202816,T,92.72,100,92.99,100,TGT
2025-12-09,9:38:56.253254925,T,92.86,100,92.99,100,TGT
2025-12-09,9:38:56.516376699,T,92.86,100,92.98,100,TGT
2025-12-09,9:39:02.917867755,T,92.86,100,92.98,200,TGT
2025-12-09,9:39:05.957098114,T,92.82,100,92.98,200,TGT
2025-12-09,9:39:05.957098114,T,92.82,100,92.98,300,TGT
2025-12-09,9:39:05.957133170,T,92.73,200,92.98,300,TGT
2025-12-09,9:39:05.957153279,T,92.73,200,92.88,100,TGT
2025-12-09,9:39:05.957869913,T,92.73,200,92.88,200,TGT
2025-12-09,9:39:05.958341141,T,92.73,200,92.88,100,TGT
2025-12-09,9:39:05.966350175,T,92.73,200,92.98,200,TGT
2025-12-09,9:39:05.966375216,T,92.75,100,92.98,200,TGT
2025-12-09,9:39:05.966375216,T,92.86,100,92.98,200,TGT
2025-12-09,9:39:05.966926563,T,92.75,100,92.98,200,TGT
2025-12-09,9:39:05.967242319,T,92.75,100,92.98,100,TGT
2025-12-09,9:39:05.967347583,T,92.86,100,92.98,100,TGT
2025-12-09,9:39:05.967768673,T,92.86,100,92.98,200,TGT
2025-12-09,9:39:05.982162872,T,92.86,100,92.98,100,TGT
2025-12-09,9:39:17.379866158,T,92.86,200,92.98,100,TGT
2025-12-09,9:39:17.379891177,T,92.87,100,92.98,100,TGT
2025-12-09,9:39:17.479959652,T,92.86,200,92.98,100,TGT
2025-12-09,9:39:17.480731421,T,92.86,100,92.98,100,TGT
2025-12-09,9:39:25.485522059,T,92.83,100,92.98,100,TGT
2025-12-09,9:39:26.364606308,T,92.87,100,92.98,100,TGT
2025-12-09,9:39:28.097304261,T,92.88,100,92.98,100,TGT
2025-12-09,9:39:28.097735243,T,92.88,200,92.98,100,TGT
2025-12-09,9:39:28.097815421,T,92.88,100,92.98,100,TGT
2025-12-09,9:39:28.099113490,T,92.88,200,92.98,100,TGT
2025-12-09,9:39:28.107533637,T,92.88,100,92.98,100,TGT
2025-12-09,9:39:28.298102618,T,92.83,100,92.98,100,TGT
2025-12-09,9:39:29.368627986,T,92.83,100,92.97,100,TGT
2025-12-09,9:39:29.368642917,T,92.83,100,92.97,200,TGT
2025-12-09,9:39:29.369880890,T,92.83,100,92.97,100,TGT
2025-12-09,9:39:29.369880890,T,92.83,100,92.98,100,TGT
2025-12-09,9:39:29.570639133,T,92.89,100,92.98,100,TGT
2025-12-09,9:39:32.271358271,T,92.83,100,92.98,100,TGT
2025-12-09,9:39:32.271378515,T,92.83,100,92.9,100,TGT
2025-12-09,9:39:32.271563805,T,92.83,100,92.9,200,TGT
2025-12-09,9:39:32.271779285,T,92.83,100,92.89,100,TGT
2025-12-09,9:39:32.271904611,T,92.83,100,92.97,100,TGT
2025-12-09,9:39:32.272050244,T,92.83,100,92.96,100,TGT
2025-12-09,9:39:32.278415078,T,92.83,100,92.97,100,TGT
2025-12-09,9:39:32.278836353,T,92.83,200,92.97,100,TGT
2025-12-09,9:39:32.278851101,T,92.84,100,92.97,100,TGT
2025-12-09,9:39:32.279322278,T,92.84,100,92.98,200,TGT
2025-12-09,9:39:32.280465005,T,92.87,100,92.98,200,TGT
2025-12-09,9:39:32.286805079,T,92.87,100,92.98,100,TGT
2025-12-09,9:39:32.286815118,T,92.87,200,92.98,100,TGT
2025-12-09,9:39:32.291872135,T,92.87,200,92.98,200,TGT
2025-12-09,9:39:32.291922257,T,92.87,100,92.98,200,TGT
2025-12-09,9:39:47.172483278,T,92.83,100,92.98,200,TGT
2025-12-09,9:39:47.172503567,T,92.83,100,92.97,100,TGT
2025-12-09,9:39:47.172508455,T,92.83,100,92.96,100,TGT
2025-12-09,9:39:47.172508455,T,92.83,100,92.9,100,TGT
2025-12-09,9:39:47.172508455,T,92.83,100,92.88,100,TGT
2025-12-09,9:39:47.172673769,T,92.83,100,92.87,100,TGT
2025-12-09,9:39:47.172984504,T,92.83,100,92.86,100,TGT
2025-12-09,9:39:47.174072091,T,92.83,100,92.91,100,TGT
2025-12-09,9:39:47.185479248,T,92.83,100,92.98,100,TGT
2025-12-09,9:39:49.834465054,T,92.83,100,92.99,200,TGT
2025-12-09,9:40:02.874756855,T,92.83,100,92.98,100,TGT
2025-12-09,9:40:02.874756855,T,92.83,100,92.96,100,TGT
2025-12-09,9:40:02.874822064,T,92.83,100,92.98,100,TGT
2025-12-09,9:40:02.875177913,T,92.83,100,92.96,100,TGT
2025-12-09,9:40:02.885261957,T,92.83,100,92.99,200,TGT
2025-12-09,9:40:03.496548526,T,92.84,100,92.99,200,TGT
2025-12-09,9:40:03.497109503,T,92.84,100,92.94,200,TGT
2025-12-09,9:40:03.497530559,T,92.84,100,92.94,300,TGT
2025-12-09,9:40:03.753705823,T,92.84,100,92.94,200,TGT
2025-12-09,9:40:03.753735934,T,92.84,100,92.99,200,TGT
2025-12-09,9:40:03.753891209,T,92.84,100,92.98,100,TGT
2025-12-09,9:40:03.753976484,T,92.84,100,92.93,200,TGT
2025-12-09,9:40:03.754061648,T,92.83,100,92.93,200,TGT
2025-12-09,9:40:03.754101770,T,92.83,100,92.88,100,TGT
2025-12-09,9:40:03.754262193,T,92.8,100,92.88,100,TGT
2025-12-09,9:40:03.754282274,T,92.8,100,92.83,100,TGT
2025-12-09,9:40:03.754332266,T,92.8,100,92.82,100,TGT
2025-12-09,9:40:03.764471500,T,92.8,100,92.93,200,TGT
2025-12-09,9:40:03.764882433,T,92.8,100,92.82,100,TGT
2025-12-09,9:40:03.774906346,T,92.8,100,92.93,200,TGT
2025-12-09,9:40:03.775347391,T,92.8,100,92.93,300,TGT
2025-12-09,9:40:03.864424578,T,92.8,100,92.93,100,TGT
2025-12-09,9:40:04.221430149,T,92.8,100,92.97,100,TGT
2025-12-09,9:40:05.200552847,T,92.82,100,92.97,100,TGT
2025-12-09,9:40:06.966745554,T,92.82,100,92.98,300,TGT
2025-12-09,9:40:06.966770545,T,92.83,100,92.98,300,TGT
2025-12-09,9:40:06.966780571,T,92.83,100,92.98,200,TGT
2025-12-09,9:40:06.966800784,T,92.83,200,92.98,200,TGT
2025-12-09,9:40:06.966800784,T,92.83,100,92.98,200,TGT
2025-12-09,9:40:06.966840673,T,92.83,200,92.98,200,TGT
2025-12-09,9:40:06.967547402,T,92.83,200,92.93,200,TGT
2025-12-09,9:40:06.967823080,T,92.83,100,92.93,200,TGT
2025-12-09,9:40:08.167576407,T,92.8,100,92.93,200,TGT
2025-12-09,9:40:08.213906817,T,92.75,300,92.93,200,TGT
2025-12-09,9:40:08.214613457,T,92.8,100,92.93,200,TGT
2025-12-09,9:40:08.714163476,T,92.86,100,92.93,200,TGT
2025-12-09,9:40:17.306282923,T,92.87,100,92.93,200,TGT
2025-12-09,9:40:17.390804289,T,92.87,100,92.99,200,TGT
2025-12-09,9:40:17.390824337,T,92.91,100,92.99,200,TGT
2025-12-09,9:40:17.391125403,T,92.91,200,92.99,200,TGT
2025-12-09,9:40:17.391310476,T,92.91,200,92.99,100,TGT
2025-12-09,9:40:17.397284793,T,92.91,100,92.99,100,TGT
2025-12-09,9:40:17.490957853,T,92.89,100,92.99,100,TGT
2025-12-09,9:40:17.490987918,T,92.88,100,92.99,100,TGT
2025-12-09,9:40:17.491569298,T,92.89,100,92.99,100,TGT
2025-12-09,9:40:17.491569298,T,92.9,100,92.99,100,TGT
2025-12-09,9:40:17.491589364,T,92.91,100,92.99,100,TGT
2025-12-09,9:40:17.491614388,T,92.93,100,92.99,100,TGT
2025-12-09,9:40:17.491970283,T,92.91,100,92.99,100,TGT
2025-12-09,9:40:17.506399678,T,92.93,100,92.99,100,TGT
2025-12-09,9:40:17.511672270,T,92.91,100,92.99,100,TGT
2025-12-09,9:40:17.514243314,T,92.93,100,92.99,100,TGT
2025-12-09,9:40:17.590855830,T,92.91,100,92.99,100,TGT
2025-12-09,9:40:17.591582639,T,92.9,100,92.99,100,TGT
2025-12-09,9:40:17.692021861,T,92.88,100,92.99,100,TGT
2025-12-09,9:40:17.692047107,T,92.8,200,92.99,100,TGT
2025-12-09,9:40:18.055968948,T,92.8,100,92.99,100,TGT
2025-12-09,9:40:18.318770158,T,92.8,100,92.99,200,TGT
2025-12-09,9:40:18.851684758,T,92.91,100,92.99,200,TGT
2025-12-09,9:40:20.951958330,T,92.91,100,92.98,100,TGT
2025-12-09,9:40:20.952028492,T,92.91,100,92.97,100,TGT
2025-12-09,9:40:20.952068581,T,92.91,100,92.98,100,TGT
2025-12-09,9:40:21.567249080,T,92.91,100,92.99,200,TGT
2025-12-09,9:40:21.577849346,T,92.91,100,92.98,100,TGT
2025-12-09,9:40:21.787087902,T,92.91,100,92.97,100,TGT
2025-12-09,9:40:22.875245370,T,92.8,100,92.97,100,TGT
2025-12-09,9:40:22.875265698,T,92.8,100,92.96,100,TGT
2025-12-09,9:40:22.875270430,T,92.8,100,92.93,100,TGT
2025-12-09,9:40:22.875365611,T,92.8,100,92.92,100,TGT
2025-12-09,9:40:22.875406045,T,92.8,100,92.92,200,TGT
2025-12-09,9:40:22.875551066,T,92.8,100,92.91,100,TGT
2025-12-09,9:40:22.875586223,T,92.8,100,92.91,200,TGT
2025-12-09,9:40:22.876638728,T,92.8,100,92.91,100,TGT
2025-12-09,9:40:23.044202962,T,92.8,100,92.92,300,TGT
2025-12-09,9:40:29.214207157,T,92.83,100,92.92,300,TGT
2025-12-09,9:40:29.544163159,T,92.83,100,92.92,200,TGT
2025-12-09,9:40:29.544203365,T,92.83,100,92.92,100,TGT
2025-12-09,9:40:29.544208249,T,92.83,100,92.95,100,TGT
2025-12-09,9:40:29.544228302,T,92.84,100,92.95,100,TGT
2025-12-09,9:40:29.544228302,T,92.84,100,92.97,100,TGT
2025-12-09,9:40:29.544248356,T,92.88,100,92.97,100,TGT
2025-12-09,9:40:29.544268659,T,92.88,100,92.99,200,TGT
2025-12-09,9:40:29.544644267,T,92.88,100,92.99,100,TGT
2025-12-09,9:40:29.545285843,T,92.84,100,92.99,100,TGT
2025-12-09,9:40:29.545766926,T,92.83,200,92.99,100,TGT
2025-12-09,9:40:29.554182069,T,92.83,100,92.99,100,TGT
2025-12-09,9:40:30.785816111,T,92.89,100,92.99,100,TGT
2025-12-09,9:40:30.989280837,T,92.89,100,92.97,100,TGT
2025-12-09,9:40:33.706910223,T,92.83,100,92.97,100,TGT
2025-12-09,9:40:33.708945082,T,92.83,100,92.99,100,TGT
2025-12-09,9:40:33.708970301,T,92.94,100,92.99,100,TGT
2025-12-09,9:40:33.708970301,T,92.97,100,92.99,100,TGT
2025-12-09,9:40:33.709005209,T,92.94,100,92.99,100,TGT
2025-12-09,9:40:33.709040307,T,92.94,100,92.97,100,TGT
2025-12-09,9:40:33.709065334,T,92.94,100,92.99,100,TGT
2025-12-09,9:40:33.709085400,T,92.95,100,92.99,100,TGT
2025-12-09,9:40:33.709641656,T,92.94,100,92.99,100,TGT
2025-12-09,9:40:33.712558680,T,92.94,100,92.98,100,TGT
2025-12-09,9:40:33.713636150,T,92.94,100,92.99,100,TGT
2025-12-09,9:40:33.713676251,T,92.94,100,92.99,200,TGT
2025-12-09,9:40:33.717385272,T,92.94,100,92.99,100,TGT
2025-12-09,9:40:33.717385272,T,92.94,100,93.0,100,TGT
2025-12-09,9:40:33.717405214,T,92.98,100,93.0,100,TGT
2025-12-09,9:40:33.717565615,T,92.99,100,93.0,100,TGT
2025-12-09,9:40:33.717841220,T,92.97,100,93.0,100,TGT
2025-12-09,9:40:33.717861300,T,92.97,100,92.99,100,TGT
2025-12-09,9:40:33.717961491,T,92.94,100,92.99,100,TGT
2025-12-09,9:40:33.717981524,T,92.91,100,92.99,100,TGT
2025-12-09,9:40:33.719154410,T,92.91,100,93.0,100,TGT
2025-12-09,9:40:33.720101593,T,92.91,100,92.99,100,TGT
2025-12-09,9:40:33.721344557,T,92.91,100,93.0,100,TGT
2025-12-09,9:40:33.722517349,T,92.9,100,93.0,100,TGT
2025-12-09,9:40:33.722742943,T,92.9,200,93.0,100,TGT
2025-12-09,9:40:33.759560648,T,92.91,100,93.0,100,TGT
2025-12-09,9:40:33.759565623,T,92.92,100,93.0,100,TGT
2025-12-09,9:40:33.759610761,T,92.91,100,93.0,100,TGT
2025-12-09,9:40:33.762051526,T,92.91,200,93.0,100,TGT
2025-12-09,9:40:33.769649903,T,92.91,100,93.0,100,TGT
2025-12-09,9:40:33.909457752,T,92.83,100,93.0,100,TGT
2025-12-09,9:40:33.912324536,T,92.83,100,93.02,100,TGT
2025-12-09,9:40:33.912349597,T,92.96,100,93.02,100,TGT
2025-12-09,9:40:33.912610197,T,92.99,100,93.02,100,TGT
2025-12-09,9:40:33.912835737,T,92.99,200,93.02,100,TGT
2025-12-09,9:40:33.913166565,T,92.99,100,93.02,100,TGT
2025-12-09,9:40:33.950996669,T,92.96,100,93.02,100,TGT
2025-12-09,9:40:33.951016980,T,92.96,100,93.01,100,TGT
2025-12-09,9:40:33.951021926,T,92.96,100,93.01,200,TGT
2025-12-09,9:40:33.951021926,T,92.84,100,93.01,200,TGT
2025-12-09,9:40:33.951021926,T,92.83,100,93.01,200,TGT
2025-12-09,9:40:33.951573017,T,92.83,100,93.01,100,TGT
2025-12-09,9:40:33.952209617,T,92.83,100,93.02,100,TGT
2025-12-09,9:40:33.952239678,T,92.9,100,93.02,100,TGT
2025-12-09,9:40:34.109955436,T,92.83,100,93.02,100,TGT
2025-12-09,9:40:34.441906273,T,92.93,100,93.02,100,TGT
2025-12-09,9:40:35.863914045,T,92.83,100,93.02,100,TGT
2025-12-09,9:40:35.863924081,T,92.83,100,92.99,100,TGT
2025-12-09,9:40:35.863934143,T,92.83,100,92.94,100,TGT
2025-12-09,9:40:35.864014316,T,92.83,100,92.94,200,TGT
2025-12-09,9:40:35.864114552,T,92.83,100,92.93,100,TGT
2025-12-09,9:40:35.864149651,T,92.83,100,92.93,200,TGT
2025-12-09,9:40:35.864455312,T,92.83,100,92.93,100,TGT
2025-12-09,9:40:35.864525493,T,92.84,200,92.93,100,TGT
2025-12-09,9:40:35.876965121,T,92.83,100,92.93,100,TGT
2025-12-09,9:40:35.941599232,T,92.87,100,92.93,100,TGT
2025-12-09,9:40:37.382266223,T,92.87,100,92.94,100,TGT
2025-12-09,9:40:37.382321390,T,92.87,100,93.02,300,TGT
2025-12-09,9:40:37.962232924,T,92.87,100,92.98,100,TGT
2025-12-09,9:40:40.629537328,T,92.87,100,93.02,300,TGT
2025-12-09,9:40:43.262048861,T,92.87,100,93.01,100,TGT
2025-12-09,9:40:46.496033439,T,92.83,100,93.01,100,TGT
2025-12-09,9:40:46.571979305,T,92.88,100,93.01,100,TGT
2025-12-09,9:40:50.911828433,T,92.83,100,93.01,100,TGT
2025-12-09,9:40:51.064722667,T,92.89,100,93.01,100,TGT
2025-12-09,9:40:52.587184773,T,92.83,100,93.01,100,TGT
2025-12-09,9:40:52.587204848,T,92.83,100,92.9,100,TGT
2025-12-09,9:40:52.587690970,T,92.83,100,92.89,100,TGT
2025-12-09,9:40:52.587771139,T,92.83,100,92.92,100,TGT
2025-12-09,9:40:52.588106935,T,92.83,100,92.91,100,TGT
2025-12-09,9:40:52.637188806,T,92.83,100,92.92,100,TGT
2025-12-09,9:40:52.637208906,T,92.84,100,92.92,100,TGT
2025-12-09,9:40:52.637208906,T,92.87,100,92.92,100,TGT
2025-12-09,9:40:52.637224156,T,92.87,100,92.98,100,TGT
2025-12-09,9:40:52.637224156,T,92.87,100,93.01,100,TGT
2025-12-09,9:40:52.737247275,T,92.83,100,93.01,100,TGT
2025-12-09,9:40:53.070636536,T,92.8,100,93.01,100,TGT
2025-12-09,9:40:53.077297456,T,92.8,100,92.98,100,TGT
2025-12-09,9:40:53.098427721,T,92.8,100,92.96,100,TGT
2025-12-09,9:40:53.140121998,T,92.8,100,92.96,200,TGT
2025-12-09,9:40:53.158786483,T,92.8,100,92.96,100,TGT
2025-12-09,9:40:53.165727992,T,92.8,100,92.98,300,TGT
2025-12-09,9:40:53.166695342,T,92.8,100,92.96,100,TGT
2025-12-09,9:40:53.167717760,T,92.8,100,92.94,100,TGT
2025-12-09,9:40:53.174960051,T,92.8,100,92.89,100,TGT
2025-12-09,9:40:53.182127074,T,92.8,100,92.95,100,TGT
2025-12-09,9:40:53.205913759,T,92.8,100,92.96,100,TGT
2025-12-09,9:40:53.270688133,T,92.8,100,92.98,300,TGT
2025-12-09,9:40:53.641892558,T,92.8,100,92.98,200,TGT
2025-12-09,9:40:53.715933861,T,92.8,100,92.98,300,TGT
2025-12-09,9:40:53.903079733,T,92.8,100,92.98,200,TGT
2025-12-09,9:40:54.347468498,T,92.85,100,92.98,200,TGT
2025-12-09,9:40:54.821187063,T,92.85,100,93.01,100,TGT
2025-12-09,9:40:54.841189815,T,92.85,100,92.98,100,TGT
2025-12-09,9:40:54.848221476,T,92.85,100,93.01,100,TGT
2025-12-09,9:40:54.946515822,T,92.8,100,93.01,100,TGT
2025-12-09,9:40:54.946515822,T,92.8,100,92.98,100,TGT
2025-12-09,9:40:54.946536065,T,92.8,100,92.96,100,TGT
2025-12-09,9:40:54.946536065,T,92.8,100,92.9,100,TGT
2025-12-09,9:40:54.946615952,T,92.8,100,92.9,200,TGT
2025-12-09,9:40:54.953547441,T,92.8,100,92.9,100,TGT
2025-12-09,9:40:55.047210582,T,92.8,100,92.95,100,TGT
2025-12-09,9:40:55.047245704,T,92.8,100,92.96,100,TGT
2025-12-09,9:40:55.146832863,T,92.8,100,92.98,100,TGT
2025-12-09,9:40:55.686042447,T,92.8,100,92.98,300,TGT
2025-12-09,9:40:55.908753050,T,92.8,100,92.96,100,TGT
2025-12-09,9:40:55.908763024,T,92.8,100,92.92,100,TGT
2025-12-09,9:40:55.908803154,T,92.8,100,92.89,100,TGT
2025-12-09,9:40:55.919714070,T,92.8,100,92.98,300,TGT
2025-12-09,9:40:55.919784291,T,92.8,100,92.89,100,TGT
2025-12-09,9:40:56.320002703,T,92.78,100,92.89,100,TGT
2025-12-09,9:40:56.320012960,T,92.78,100,92.87,100,TGT
2025-12-09,9:40:56.320022742,T,92.78,100,92.82,100,TGT
2025-12-09,9:40:56.320579059,T,92.78,100,92.83,100,TGT
2025-12-09,9:40:56.327094658,T,92.78,100,92.87,100,TGT
2025-12-09,9:40:56.346034726,T,92.78,100,92.89,100,TGT
2025-12-09,9:40:57.501637735,T,92.79,100,92.89,100,TGT
2025-12-09,9:40:57.862231944,T,92.79,100,92.98,300,TGT
2025-12-09,9:40:59.034304268,T,92.79,100,92.86,100,TGT
2025-12-09,9:41:00.035880256,T,92.79,100,92.86,300,TGT
2025-12-09,9:41:01.450856385,T,92.78,100,92.86,300,TGT
2025-12-09,9:41:02.920908509,T,92.81,100,92.86,300,TGT
2025-12-09,9:41:10.506815842,T,92.78,100,92.86,300,TGT
2025-12-09,9:41:11.214035770,T,92.74,200,92.86,300,TGT
2025-12-09,9:41:11.218301019,T,92.78,100,92.86,300,TGT
2025-12-09,9:41:11.921842165,T,92.84,100,92.86,300,TGT
2025-12-09,9:41:11.921862266,T,92.84,100,92.86,200,TGT
2025-12-09,9:41:11.921862266,T,92.84,100,92.86,100,TGT
2025-12-09,9:41:11.921867118,T,92.84,100,92.96,100,TGT
2025-12-09,9:41:11.921877250,T,92.84,100,92.98,300,TGT
2025-12-09,9:41:11.921892374,T,92.84,100,92.98,200,TGT
2025-12-09,9:41:11.921897228,T,92.85,100,92.98,200,TGT
2025-12-09,9:41:11.923841846,T,92.84,100,92.98,200,TGT
2025-12-09,9:41:15.192824824,T,92.78,100,92.98,200,TGT
2025-12-09,9:41:15.192844759,T,92.78,100,92.98,300,TGT
2025-12-09,9:41:15.192849843,T,92.78,100,92.96,100,TGT
2025-12-09,9:41:15.192849843,T,92.78,100,92.89,100,TGT
2025-12-09,9:41:15.193185648,T,92.78,100,92.89,200,TGT
2025-12-09,9:41:15.199325246,T,92.78,100,92.89,100,TGT
2025-12-09,9:41:15.201094437,T,92.78,100,92.95,100,TGT
2025-12-09,9:41:15.201094437,T,92.78,100,92.96,100,TGT
2025-12-09,9:41:15.201836239,T,92.78,100,92.95,100,TGT
2025-12-09,9:41:15.293289151,T,92.78,100,92.96,100,TGT
2025-12-09,9:41:15.392986568,T,92.78,100,92.98,300,TGT
2025-12-09,9:41:15.393011680,T,92.78,100,92.98,200,TGT
2025-12-09,9:41:18.233594000,T,92.78,100,92.98,300,TGT
2025-12-09,9:41:18.238380346,T,92.78,100,92.97,200,TGT
2025-12-09,9:41:18.238410393,T,92.78,100,92.86,100,TGT
2025-12-09,9:41:18.253631672,T,92.78,100,92.97,200,TGT
2025-12-09,9:41:18.309700242,T,92.79,100,92.97,200,TGT
2025-12-09,9:41:18.311484580,T,92.79,100,92.97,300,TGT
2025-12-09,9:41:18.311725119,T,92.79,100,92.97,400,TGT
2025-12-09,9:41:20.134031537,T,92.79,100,92.97,300,TGT
2025-12-09,9:41:20.134041576,T,92.79,100,92.97,200,TGT
2025-12-09,9:41:20.134046527,T,92.79,100,92.95,200,TGT
2025-12-09,9:41:20.134467530,T,92.79,100,92.95,300,TGT
2025-12-09,9:41:20.134678039,T,92.79,100,92.95,400,TGT
2025-12-09,9:41:21.057170811,T,92.79,100,92.95,300,TGT
2025-12-09,9:41:21.060082758,T,92.79,100,92.95,100,TGT
2025-12-09,9:41:21.764826643,T,92.78,100,92.95,100,TGT
2025-12-09,9:41:21.764851657,T,92.78,100,92.85,100,TGT
2025-12-09,9:41:21.764876785,T,92.78,100,92.8,100,TGT
2025-12-09,9:41:21.765979434,T,92.78,100,92.81,100,TGT
2025-12-09,9:41:21.767242772,T,92.78,100,92.84,100,TGT
2025-12-09,9:41:21.767262483,T,92.78,100,92.85,100,TGT
2025-12-09,9:41:21.767297545,T,92.78,100,92.96,100,TGT
2025-12-09,9:41:21.767488069,T,92.78,200,92.96,100,TGT
2025-12-09,9:41:21.767492970,T,92.78,100,92.96,100,TGT
2025-12-09,9:41:21.767492970,T,92.79,100,92.96,100,TGT
2025-12-09,9:41:21.767518026,T,92.78,100,92.96,100,TGT
2025-12-09,9:41:21.767668564,T,92.78,100,92.98,300,TGT
2025-12-09,9:41:21.767843878,T,92.78,100,92.96,100,TGT
2025-12-09,9:41:21.767848834,T,92.78,100,92.83,100,TGT
2025-12-09,9:41:21.767853989,T,92.78,100,92.83,200,TGT
2025-12-09,9:41:21.767873925,T,92.78,100,92.83,100,TGT
2025-12-09,9:41:21.767883970,T,92.78,100,92.83,200,TGT
2025-12-09,9:41:21.768084424,T,92.78,100,92.83,100,TGT
2025-12-09,9:41:21.768615673,T,92.78,100,92.83,200,TGT
2025-12-09,9:41:21.768645757,T,92.78,100,92.81,100,TGT
2025-12-09,9:41:21.768680937,T,92.78,100,92.81,200,TGT
2025-12-09,9:41:21.768861214,T,92.78,100,92.81,100,TGT
2025-12-09,9:41:21.768976518,T,92.78,100,92.8,100,TGT
2025-12-09,9:41:21.769828540,T,92.78,100,92.81,100,TGT
2025-12-09,9:41:21.769853652,T,92.79,100,92.81,100,TGT
2025-12-09,9:41:21.769863591,T,92.79,100,92.83,100,TGT
2025-12-09,9:41:21.770354756,T,92.79,100,92.87,100,TGT
2025-12-09,9:41:21.770409910,T,92.78,100,92.87,100,TGT
2025-12-09,9:41:21.770685651,T,92.78,100,92.96,100,TGT
2025-12-09,9:41:21.771407363,T,92.78,200,92.96,100,TGT
2025-12-09,9:41:21.772715460,T,92.8,100,92.96,100,TGT
2025-12-09,9:41:21.772735453,T,92.8,100,92.98,300,TGT
2025-12-09,9:41:21.779020497,T,92.8,100,92.98,200,TGT
2025-12-09,9:41:22.013875036,T,92.8,200,92.98,200,TGT
2025-12-09,9:41:22.163165705,T,92.8,100,92.98,200,TGT
2025-12-09,9:41:22.661989043,T,92.8,100,92.98,300,TGT
2025-12-09,9:41:22.661999061,T,92.78,100,92.98,300,TGT
2025-12-09,9:41:22.662019036,T,92.78,100,92.83,100,TGT
2025-12-09,9:41:22.662064333,T,92.79,100,92.83,100,TGT
2025-12-09,9:41:22.662575399,T,92.79,100,92.96,200,TGT
2025-12-09,9:41:22.663332201,T,92.78,100,92.96,200,TGT
2025-12-09,9:41:22.663352241,T,92.78,100,92.96,100,TGT
2025-12-09,9:41:22.862276143,T,92.78,100,92.98,300,TGT
2025-12-09,9:41:25.416541379,T,92.78,100,92.95,200,TGT
2025-12-09,9:41:25.416746839,T,92.78,100,92.95,300,TGT
2025-12-09,9:41:25.416957337,T,92.78,100,92.95,400,TGT
2025-12-09,9:41:27.474875062,T,92.7,100,92.95,400,TGT
2025-12-09,9:41:27.474880106,T,92.78,100,92.95,400,TGT
2025-12-09,9:41:27.474890036,T,92.7,100,92.95,400,TGT
2025-12-09,9:41:27.474915149,T,92.7,100,92.85,100,TGT
2025-12-09,9:41:27.474925221,T,92.69,200,92.85,100,TGT
2025-12-09,9:41:27.474930232,T,92.69,200,92.83,100,TGT
2025-12-09,9:41:27.475907500,T,92.69,200,92.83,200,TGT
2025-12-09,9:41:27.574913634,T,92.69,200,92.83,100,TGT
2025-12-09,9:41:27.933633043,T,92.69,200,92.94,100,TGT
2025-12-09,9:41:28.596642595,T,92.75,100,92.94,100,TGT
2025-12-09,9:41:28.851228995,T,92.69,200,92.94,100,TGT
2025-12-09,9:41:28.851249050,T,92.69,200,92.85,100,TGT
2025-12-09,9:41:28.851254124,T,92.69,200,92.83,100,TGT
2025-12-09,9:41:28.851259072,T,92.69,200,92.8,100,TGT
2025-12-09,9:41:28.852677491,T,92.69,200,92.8,200,TGT
2025-12-09,9:41:28.858320962,T,92.69,200,92.8,100,TGT
2025-12-09,9:41:30.036477665,T,92.69,200,92.8,300,TGT
2025-12-09,9:41:32.421489695,T,92.69,200,92.8,200,TGT
2025-12-09,9:41:45.122844076,T,92.69,200,92.83,100,TGT
2025-12-09,9:41:45.122864191,T,92.77,100,92.83,100,TGT
2025-12-09,9:41:45.122869142,T,92.8,100,92.83,100,TGT
2025-12-09,9:41:45.122904535,T,92.77,100,92.83,100,TGT
2025-12-09,9:41:45.133539580,T,92.75,100,92.83,100,TGT
2025-12-09,9:41:45.224070266,T,92.7,100,92.83,100,TGT
2025-12-09,9:41:45.334393109,T,92.75,100,92.83,100,TGT
2025-12-09,9:41:45.335736237,T,92.76,100,92.83,100,TGT
2025-12-09,9:41:45.336172325,T,92.75,100,92.83,100,TGT
2025-12-09,9:41:45.349704582,T,92.7,100,92.83,100,TGT
2025-12-09,9:41:45.676798793,T,92.76,100,92.83,100,TGT
2025-12-09,9:41:49.500869156,T,92.7,100,92.83,100,TGT
2025-12-09,9:41:51.977880272,T,92.77,100,92.83,100,TGT
2025-12-09,9:41:51.978301271,T,92.77,200,92.83,100,TGT
2025-12-09,9:41:53.413069358,T,92.77,200,92.93,200,TGT
2025-12-09,9:41:53.413089316,T,92.82,100,92.93,200,TGT
2025-12-09,9:41:53.413600593,T,92.78,100,92.93,200,TGT
2025-12-09,9:41:53.591328912,T,92.77,100,92.93,200,TGT
2025-12-09,9:41:54.004317885,T,92.77,100,92.98,100,TGT
2025-12-09,9:41:54.004327957,T,92.77,100,92.97,200,TGT
2025-12-09,9:41:54.524903183,T,92.75,100,92.97,200,TGT
2025-12-09,9:41:56.092141851,T,92.79,100,92.97,200,TGT
2025-12-09,9:41:56.092863651,T,92.79,200,92.97,200,TGT
2025-12-09,9:41:56.641410437,T,92.79,200,92.93,100,TGT
2025-12-09,9:41:58.409387390,T,92.79,100,92.93,100,TGT
2025-12-09,9:41:59.499494383,T,92.79,100,92.93,200,TGT
2025-12-09,9:41:59.856915827,T,92.79,100,92.93,100,TGT
2025-12-09,9:42:10.162321921,T,92.79,100,92.87,100,TGT
2025-12-09,9:42:12.374362015,T,92.79,100,92.86,100,TGT
2025-12-09,9:42:12.374838105,T,92.79,100,92.86,200,TGT
2025-12-09,9:42:15.126714498,T,92.79,100,92.86,100,TGT
2025-12-09,9:42:15.126714498,T,92.79,100,92.97,200,TGT
2025-12-09,9:42:15.126734174,T,92.83,100,92.97,200,TGT
2025-12-09,9:42:15.126739039,T,92.86,100,92.97,200,TGT
2025-12-09,9:42:15.126814184,T,92.83,200,92.97,200,TGT
2025-12-09,9:42:15.126834329,T,92.83,100,92.97,200,TGT
2025-12-09,9:42:15.126854309,T,92.83,100,92.9,100,TGT
2025-12-09,9:42:15.128768873,T,92.81,100,92.9,100,TGT
2025-12-09,9:42:15.128788933,T,92.81,100,92.9,200,TGT
2025-12-09,9:42:15.128788933,T,92.81,100,92.89,100,TGT
2025-12-09,9:42:15.128793953,T,92.8,100,92.89,100,TGT
2025-12-09,9:42:15.133870991,T,92.8,200,92.89,100,TGT
2025-12-09,9:42:15.135840740,T,92.8,200,92.9,200,TGT
2025-12-09,9:42:15.135855740,T,92.8,200,92.9,100,TGT
2025-12-09,9:42:15.135865749,T,92.8,200,92.94,100,TGT
2025-12-09,9:42:15.136281739,T,92.8,100,92.94,100,TGT
2025-12-09,9:42:15.227098238,T,92.8,100,92.95,100,TGT
2025-12-09,9:42:15.227098238,T,92.8,100,92.96,100,TGT
2025-12-09,9:42:15.227103115,T,92.8,100,92.97,200,TGT
2025-12-09,9:42:16.589063049,T,92.81,100,92.97,200,TGT
2025-12-09,9:42:16.589254062,T,92.82,100,92.97,200,TGT
2025-12-09,9:42:16.589499022,T,92.83,100,92.97,200,TGT
2025-12-09,9:42:16.589564109,T,92.83,100,92.96,100,TGT
2025-12-09,9:42:16.589659371,T,92.82,200,92.96,100,TGT
2025-12-09,9:42:16.593578811,T,92.82,100,92.96,100,TGT
2025-12-09,9:42:16.596430507,T,92.81,200,92.96,100,TGT
2025-12-09,9:42:16.599197040,T,92.81,100,92.96,100,TGT
2025-12-09,9:42:16.599618068,T,92.76,200,92.96,100,TGT
2025-12-09,9:42:16.599638173,T,92.76,100,92.96,100,TGT
2025-12-09,9:42:16.738093056,T,92.76,100,92.98,100,TGT
2025-12-09,9:42:16.738118019,T,92.76,100,93.02,400,TGT
2025-12-09,9:42:16.738143150,T,92.76,100,92.98,100,TGT
2025-12-09,9:42:16.878106610,T,92.83,200,92.98,100,TGT
2025-12-09,9:42:16.878532572,T,92.83,300,92.98,100,TGT
2025-12-09,9:42:17.589807319,T,92.83,300,93.02,400,TGT
2025-12-09,9:42:17.589807319,T,92.83,300,92.98,100,TGT
2025-12-09,9:42:20.721362638,T,92.83,300,92.95,100,TGT
2025-12-09,9:42:31.086190184,T,92.83,200,92.95,100,TGT
2025-12-09,9:42:32.836525073,T,92.83,200,92.95,200,TGT
2025-12-09,9:42:33.816103904,T,92.83,200,92.95,100,TGT
2025-12-09,9:43:12.461922477,T,92.83,200,92.94,100,TGT
2025-12-09,9:43:12.461962651,T,92.83,200,92.9,100,TGT
2025-12-09,9:43:19.909841116,T,92.83,200,92.95,100,TGT
2025-12-09,9:43:19.909866261,T,92.83,300,92.95,100,TGT
2025-12-09,9:43:19.909871221,T,92.84,100,92.95,100,TGT
2025-12-09,9:43:19.910166914,T,92.84,100,92.9,100,TGT
2025-12-09,9:43:19.910171949,T,92.85,100,92.9,100,TGT
2025-12-09,9:43:19.911119221,T,92.85,100,92.89,100,TGT
2025-12-09,9:43:19.911204320,T,92.84,100,92.89,100,TGT
2025-12-09,9:43:19.911229413,T,92.84,100,92.87,100,TGT
2025-12-09,9:43:19.911785748,T,92.84,100,92.89,100,TGT
2025-12-09,9:43:20.009969607,T,92.83,300,92.89,100,TGT
2025-12-09,9:43:20.010390660,T,92.83,300,92.89,200,TGT
2025-12-09,9:43:20.014455300,T,92.83,300,92.89,100,TGT
2025-12-09,9:43:20.021867978,T,92.83,300,92.95,100,TGT
2025-12-09,9:43:20.021888401,T,92.87,100,92.95,100,TGT
2025-12-09,9:43:20.021893020,T,92.88,100,92.95,100,TGT
2025-12-09,9:43:20.021908089,T,92.87,300,92.95,100,TGT
2025-12-09,9:43:20.021923121,T,92.87,200,92.95,100,TGT
2025-12-09,9:43:20.022444400,T,92.87,100,92.95,100,TGT
2025-12-09,9:43:20.022594720,T,92.87,100,92.95,200,TGT
2025-12-09,9:43:20.034888994,T,92.87,100,92.95,100,TGT
2025-12-09,9:43:20.131830169,T,92.87,100,92.89,100,TGT
2025-12-09,9:43:20.131839983,T,92.83,200,92.89,100,TGT
2025-12-09,9:43:20.131870091,T,92.83,200,92.89,200,TGT
2025-12-09,9:43:20.132666943,T,92.83,200,92.88,100,TGT
2025-12-09,9:43:20.133443822,T,92.83,200,92.89,100,TGT
2025-12-09,9:43:20.142971476,T,92.83,300,92.89,100,TGT
2025-12-09,9:43:20.148214009,T,92.83,400,92.89,100,TGT
2025-12-09,9:43:20.148229030,T,92.83,400,92.95,100,TGT
2025-12-09,9:43:20.158453377,T,92.83,300,92.95,100,TGT
2025-12-09,9:43:20.201220254,T,92.83,300,92.89,100,TGT
2025-12-09,9:43:20.202598530,T,92.83,300,92.95,100,TGT
2025-12-09,9:43:20.592076379,T,92.83,300,92.95,200,TGT
2025-12-09,9:43:21.235654648,T,92.83,300,92.95,100,TGT
2025-12-09,9:43:22.235446458,T,92.83,400,92.95,100,TGT
2025-12-09,9:43:22.235456470,T,92.84,100,92.95,100,TGT
2025-12-09,9:43:22.240999778,T,92.84,200,92.95,100,TGT
2025-12-09,9:43:22.335454763,T,92.84,100,92.95,100,TGT
2025-12-09,9:43:24.977764693,T,92.85,100,92.95,100,TGT
2025-12-09,9:43:24.980561457,T,92.85,200,92.95,100,TGT
2025-12-09,9:43:31.331140830,T,92.85,100,92.95,100,TGT
2025-12-09,9:43:31.331140830,T,92.82,100,92.95,100,TGT
2025-12-09,9:43:31.331165906,T,92.82,100,92.95,200,TGT
2025-12-09,9:43:31.331165906,T,92.82,100,92.89,100,TGT
2025-12-09,9:43:31.338378107,T,92.82,100,92.92,100,TGT
2025-12-09,9:43:31.341159772,T,92.82,100,92.93,100,TGT
2025-12-09,9:43:31.341199803,T,92.82,100,92.95,100,TGT
2025-12-09,9:43:31.344267121,T,92.83,100,92.95,100,TGT
2025-12-09,9:43:31.764849051,T,92.83,100,92.95,200,TGT
2025-12-09,9:43:36.065569923,T,92.83,100,92.93,100,TGT
2025-12-09,9:43:36.066572288,T,92.83,100,92.93,200,TGT
2025-12-09,9:43:38.933562441,T,92.83,100,92.93,100,TGT
2025-12-09,9:43:41.448859827,T,92.84,100,92.93,100,TGT
2025-12-09,9:43:41.452177829,T,92.84,200,92.93,100,TGT
2025-12-09,9:43:49.329965792,T,92.84,300,92.93,100,TGT
2025-12-09,9:43:51.938510432,T,92.84,400,92.93,100,TGT
2025-12-09,9:43:51.938851795,T,92.84,400,92.98,200,TGT
2025-12-09,9:43:51.938866238,T,92.84,400,92.98,100,TGT
2025-12-09,9:43:51.938876276,T,92.85,100,92.98,100,TGT
2025-12-09,9:43:51.938891360,T,92.86,100,92.98,100,TGT
2025-12-09,9:43:51.939116880,T,92.86,200,92.98,100,TGT
2025-12-09,9:43:51.942384723,T,92.86,300,92.98,100,TGT
2025-12-09,9:43:52.039170417,T,92.86,200,92.98,100,TGT
2025-12-09,9:43:52.140722218,T,92.86,300,92.98,100,TGT
2025-12-09,9:43:54.701292273,T,92.86,200,92.98,100,TGT
2025-12-09,9:43:55.205162710,T,92.87,100,92.98,100,TGT
2025-12-09,9:43:55.205924566,T,92.87,200,92.98,100,TGT
2025-12-09,9:43:55.208390453,T,92.87,300,92.98,100,TGT
2025-12-09,9:43:55.656357768,T,92.87,400,92.98,100,TGT
2025-12-09,9:43:56.136180875,T,92.87,300,92.98,100,TGT
2025-12-09,9:43:58.293169340,T,92.89,100,92.98,100,TGT
2025-12-09,9:43:58.293840911,T,92.89,200,92.98,100,TGT
2025-12-09,9:43:58.296462147,T,92.89,300,92.98,100,TGT
2025-12-09,9:43:59.647490889,T,92.9,100,92.98,100,TGT
2025-12-09,9:43:59.647521080,T,92.89,400,92.98,100,TGT
2025-12-09,9:43:59.647616263,T,92.9,100,92.98,100,TGT
2025-12-09,9:43:59.647716495,T,92.89,300,92.98,100,TGT
2025-12-09,9:43:59.647936937,T,92.89,400,92.98,100,TGT
2025-12-09,9:43:59.657514804,T,92.89,300,92.98,100,TGT
2025-12-09,9:44:00.338296707,T,92.89,200,92.98,100,TGT
2025-12-09,9:44:00.380652611,T,92.89,200,92.98,200,TGT
2025-12-09,9:44:01.529234056,T,92.91,100,92.98,200,TGT
2025-12-09,9:44:01.540305399,T,92.91,200,92.98,200,TGT
2025-12-09,9:44:06.052515092,T,92.92,100,92.98,200,TGT
2025-12-09,9:44:06.052550110,T,92.92,100,92.98,100,TGT
2025-12-09,9:44:06.052555206,T,92.92,100,93.02,100,TGT
2025-12-09,9:44:06.052575187,T,92.96,100,93.02,100,TGT
2025-12-09,9:44:06.052575187,T,92.97,100,93.02,100,TGT
2025-12-09,9:44:06.052650418,T,92.96,100,93.02,100,TGT
2025-12-09,9:44:06.062629233,T,92.92,200,93.02,100,TGT
2025-12-09,9:44:06.064488611,T,92.92,100,93.02,100,TGT
2025-12-09,9:44:06.064523742,T,92.96,100,93.02,100,TGT
2025-12-09,9:44:06.284026650,T,92.94,100,93.02,100,TGT
2025-12-09,9:44:06.284026650,T,92.91,100,93.02,100,TGT
2025-12-09,9:44:06.284051649,T,92.91,100,92.98,100,TGT
2025-12-09,9:44:06.284608017,T,92.91,100,93.02,100,TGT
2025-12-09,9:44:06.285044068,T,92.91,200,93.02,100,TGT
2025-12-09,9:44:06.286071464,T,92.91,200,93.02,200,TGT
2025-12-09,9:44:06.286281958,T,92.91,200,93.02,100,TGT
2025-12-09,9:44:06.327805951,T,92.91,100,93.02,100,TGT
2025-12-09,9:44:07.511515938,T,92.91,100,93.02,200,TGT
2025-12-09,9:44:07.511520913,T,92.91,100,92.99,100,TGT
2025-12-09,9:44:07.511656266,T,92.88,100,92.99,100,TGT
2025-12-09,9:44:07.511681365,T,92.88,100,92.93,100,TGT
2025-12-09,9:44:07.511681365,T,92.88,100,92.92,100,TGT
2025-12-09,9:44:07.511806694,T,92.88,100,92.93,100,TGT
2025-12-09,9:44:07.512237706,T,92.88,100,93.02,200,TGT
2025-12-09,9:44:07.512257694,T,92.88,100,92.98,100,TGT
2025-12-09,9:44:07.512267729,T,92.88,100,93.01,100,TGT
2025-12-09,9:44:07.512272783,T,92.88,100,93.02,200,TGT
2025-12-09,9:44:07.512959340,T,92.88,100,93.01,100,TGT
2025-12-09,9:44:07.522281578,T,92.88,100,93.02,200,TGT
2025-12-09,9:44:07.522301934,T,92.88,100,93.02,100,TGT
2025-12-09,9:44:12.447374903,T,92.93,100,93.02,100,TGT
2025-12-09,9:44:28.738390918,T,92.9,100,93.02,100,TGT
2025-12-09,9:44:30.589440822,T,92.98,100,93.02,100,TGT
2025-12-09,9:44:30.589480955,T,92.9,100,93.02,100,TGT
2025-12-09,9:44:30.589506076,T,92.9,100,93.0,100,TGT
2025-12-09,9:44:30.589831800,T,92.98,100,93.0,100,TGT
2025-12-09,9:44:30.589856960,T,92.9,100,93.0,100,TGT
2025-12-09,9:44:30.589876910,T,92.9,100,92.98,100,TGT
2025-12-09,9:44:30.590989618,T,92.9,100,93.02,100,TGT
2025-12-09,9:44:33.347501283,T,92.96,100,93.02,100,TGT
2025-12-09,9:44:33.347546305,T,92.9,100,93.02,100,TGT
2025-12-09,9:44:33.350603639,T,92.9,100,92.99,100,TGT
2025-12-09,9:44:33.353274976,T,92.9,100,93.01,100,TGT
2025-12-09,9:44:33.372330357,T,92.9,100,93.02,100,TGT
2025-12-09,9:44:35.376525119,T,92.91,100,93.02,100,TGT
2025-12-09,9:44:51.464642829,T,92.91,100,93.02,200,TGT
2025-12-09,9:44:55.983037555,T,92.91,100,93.02,300,TGT
2025-12-09,9:44:55.983082641,T,92.91,100,93.02,400,TGT
2025-12-09,9:44:55.983163094,T,92.91,100,93.02,300,TGT
2025-12-09,9:44:55.983303210,T,92.91,100,93.02,400,TGT
2025-12-09,9:44:55.983303210,T,92.91,100,93.01,100,TGT
2025-12-09,9:44:55.983338254,T,92.91,100,93.01,200,TGT
2025-12-09,9:44:55.983458626,T,92.91,100,93.01,100,TGT
2025-12-09,9:44:55.993342068,T,92.91,100,93.02,100,TGT
2025-12-09,9:44:59.196297648,T,92.91,100,92.94,100,TGT
2025-12-09,9:44:59.196718675,T,92.91,100,92.94,200,TGT
2025-12-09,9:44:59.640069850,T,92.9,100,92.94,200,TGT
2025-12-09,9:44:59.640089817,T,92.9,100,92.93,100,TGT
2025-12-09,9:44:59.640094876,T,92.9,100,92.93,200,TGT
2025-12-09,9:44:59.640104892,T,92.9,100,92.93,300,TGT
2025-12-09,9:44:59.640129964,T,92.9,200,92.93,300,TGT
2025-12-09,9:44:59.640169992,T,92.9,200,92.92,100,TGT
2025-12-09,9:44:59.640285328,T,92.9,200,92.91,100,TGT
2025-12-09,9:44:59.640335478,T,92.9,200,92.93,300,TGT
2025-12-09,9:44:59.640360453,T,92.91,100,92.93,300,TGT
2025-12-09,9:44:59.640591095,T,92.91,100,92.92,100,TGT
2025-12-09,9:44:59.640861831,T,92.91,100,92.93,300,TGT
2025-12-09,9:44:59.640881685,T,92.92,100,92.93,300,TGT
2025-12-09,9:44:59.640941827,T,92.9,100,92.93,300,TGT
2025-12-09,9:44:59.640961985,T,92.9,100,92.92,100,TGT
2025-12-09,9:44:59.641042165,T,92.9,100,92.93,300,TGT
2025-12-09,9:44:59.641132389,T,92.9,100,92.93,200,TGT
2025-12-09,9:44:59.641197516,T,92.9,100,92.93,100,TGT
2025-12-09,9:44:59.641227551,T,92.9,100,92.94,100,TGT
2025-12-09,9:44:59.641302730,T,92.9,100,92.93,100,TGT
2025-12-09,9:44:59.642906545,T,92.9,100,92.94,100,TGT
2025-12-09,9:44:59.642926566,T,92.91,100,92.94,100,TGT
2025-12-09,9:44:59.643387711,T,92.91,100,92.94,200,TGT
2025-12-09,9:44:59.643487983,T,92.9,100,92.94,200,TGT
2025-12-09,9:44:59.648820609,T,92.91,100,92.94,200,TGT
2025-12-09,9:44:59.651722514,T,92.91,100,92.94,100,TGT
2025-12-09,9:44:59.651722514,T,92.91,100,93.02,100,TGT
2025-12-09,9:44:59.651743175,T,92.92,100,93.02,100,TGT
2025-12-09,9:44:59.651747680,T,92.93,100,93.02,100,TGT
2025-12-09,9:44:59.651807726,T,92.92,100,93.02,100,TGT
2025-12-09,9:44:59.652168657,T,92.92,100,93.02,200,TGT
2025-12-09,9:44:59.652298996,T,92.91,100,93.02,200,TGT
2025-12-09,9:45:02.937279927,T,92.91,100,93.02,100,TGT
2025-12-09,9:45:08.176165744,T,92.9,100,93.02,100,TGT
2025-12-09,9:45:08.176251073,T,92.9,100,93.02,200,TGT
2025-12-09,9:45:08.176376524,T,92.9,100,93.02,300,TGT
2025-12-09,9:45:08.176541749,T,92.9,100,93.02,200,TGT
2025-12-09,9:45:08.176556690,T,92.9,100,93.02,300,TGT
2025-12-09,9:45:08.176626915,T,92.9,100,93.02,200,TGT
2025-12-09,9:45:08.176707112,T,92.9,100,93.01,100,TGT
2025-12-09,9:45:08.176712110,T,92.9,100,93.0,100,TGT
2025-12-09,9:45:08.176717172,T,92.9,100,93.02,300,TGT
2025-12-09,9:45:08.176782274,T,92.9,100,93.02,200,TGT
2025-12-09,9:45:08.177133127,T,92.9,100,93.01,100,TGT
2025-12-09,9:45:08.187141964,T,92.9,100,93.02,100,TGT
2025-12-09,9:45:08.187803485,T,92.9,100,93.02,200,TGT
2025-12-09,9:45:11.144552637,T,92.9,100,93.02,100,TGT
2025-12-09,9:45:18.390194661,T,92.9,100,93.02,200,TGT
2025-12-09,9:45:18.390194661,T,92.9,100,92.95,100,TGT
2025-12-09,9:45:18.390620387,T,92.9,100,92.95,200,TGT
2025-12-09,9:45:18.390630407,T,92.88,100,92.95,200,TGT
2025-12-09,9:45:18.390650463,T,92.88,100,92.92,100,TGT
2025-12-09,9:45:18.390996266,T,92.88,100,92.92,200,TGT
2025-12-09,9:45:18.391206768,T,92.88,100,92.92,100,TGT
2025-12-09,9:45:18.392284382,T,92.88,100,92.95,100,TGT
2025-12-09,9:45:18.392304413,T,92.91,100,92.95,100,TGT
2025-12-09,9:45:18.392329544,T,92.91,200,92.95,100,TGT
2025-12-09,9:45:18.392525014,T,92.91,200,92.92,100,TGT
2025-12-09,9:45:18.392550164,T,92.91,200,92.95,100,TGT
2025-12-09,9:45:18.392550164,T,92.91,100,92.95,100,TGT
2025-12-09,9:45:18.392630201,T,92.91,100,92.92,200,TGT
2025-12-09,9:45:18.392650202,T,92.91,100,92.95,100,TGT
2025-12-09,9:45:18.392775542,T,92.91,100,92.92,100,TGT
2025-12-09,9:45:18.392800671,T,92.91,100,92.95,200,TGT
2025-12-09,9:45:18.392805623,T,92.91,100,92.95,100,TGT
2025-12-09,9:45:18.392860770,T,92.88,100,92.95,100,TGT
2025-12-09,9:45:18.400694369,T,92.88,100,93.02,100,TGT
2025-12-09,9:45:18.670191455,T,92.89,100,93.02,100,TGT
2025-12-09,9:45:19.371562260,T,92.92,100,93.02,100,TGT
2025-12-09,9:45:19.372123664,T,92.89,100,93.02,100,TGT
2025-12-09,9:45:19.373537000,T,92.85,100,93.02,100,TGT
2025-12-09,9:45:19.599365025,T,92.95,100,93.02,100,TGT
2025-12-09,9:45:19.602166728,T,92.85,100,93.02,100,TGT
2025-12-09,9:45:19.602186931,T,92.85,100,92.97,100,TGT
2025-12-09,9:45:19.602186931,T,92.85,100,92.97,200,TGT
2025-12-09,9:45:19.602743117,T,92.85,100,92.97,100,TGT
2025-12-09,9:45:19.609253632,T,92.85,100,93.02,100,TGT
2025-12-09,9:45:20.163178247,T,92.82,100,93.02,100,TGT
2025-12-09,9:45:20.260510086,T,92.83,100,93.02,100,TGT
2025-12-09,9:45:27.418538208,T,92.82,300,93.02,100,TGT
2025-12-09,9:45:31.495716637,T,92.91,100,93.02,100,TGT
2025-12-09,9:45:33.528469259,T,92.92,100,93.02,100,TGT
2025-12-09,9:45:36.085676410,T,92.92,100,92.99,100,TGT
2025-12-09,9:45:43.293212320,T,92.91,100,92.99,100,TGT
2025-12-09,9:45:43.293237432,T,92.91,100,92.98,100,TGT
2025-12-09,9:45:43.293247441,T,92.91,100,92.97,100,TGT
2025-12-09,9:45:43.293257846,T,92.91,100,92.98,100,TGT
2025-12-09,9:45:43.293367680,T,92.91,100,92.97,100,TGT
2025-12-09,9:45:43.293377800,T,92.91,100,92.94,100,TGT
2025-12-09,9:45:43.293939124,T,92.91,100,92.98,100,TGT
2025-12-09,9:45:43.294114481,T,92.91,100,92.95,100,TGT
2025-12-09,9:45:43.296660579,T,92.89,100,92.95,100,TGT
2025-12-09,9:45:43.296680771,T,92.89,100,92.93,100,TGT
2025-12-09,9:45:43.297006361,T,92.9,100,92.93,100,TGT
2025-12-09,9:45:43.297236968,T,92.9,100,92.95,100,TGT
2025-12-09,9:45:43.297382272,T,92.91,100,92.95,100,TGT
2025-12-09,9:45:43.297402343,T,92.9,200,92.95,100,TGT
2025-12-09,9:45:43.297402343,T,92.9,100,92.95,100,TGT
2025-12-09,9:45:43.297407315,T,92.92,100,92.95,100,TGT
2025-12-09,9:45:43.300294253,T,92.93,100,92.95,100,TGT
2025-12-09,9:45:43.300299273,T,92.93,200,92.95,100,TGT
2025-12-09,9:45:43.321544944,T,92.93,100,92.95,100,TGT
2025-12-09,9:45:43.321549943,T,92.89,100,92.95,100,TGT
2025-12-09,9:45:43.321565305,T,92.89,100,92.94,100,TGT
2025-12-09,9:45:43.322121242,T,92.89,100,92.95,100,TGT
2025-12-09,9:45:45.929778821,T,92.91,100,92.95,100,TGT
2025-12-09,9:45:47.524292455,T,92.89,100,92.95,100,TGT
2025-12-09,9:45:47.525465230,T,92.89,200,92.95,100,TGT
2025-12-09,9:45:47.527921090,T,92.9,400,92.95,100,TGT
2025-12-09,9:45:54.331604845,T,92.9,400,92.93,100,TGT
2025-12-09,9:45:54.331915644,T,92.9,300,92.93,100,TGT
2025-12-09,9:45:54.332166168,T,92.9,300,92.95,100,TGT
2025-12-09,9:45:54.332932968,T,92.9,300,92.98,100,TGT
2025-12-09,9:45:54.333078408,T,92.9,300,93.0,100,TGT
2025-12-09,9:45:54.333283889,T,92.9,300,92.92,100,TGT
2025-12-09,9:45:54.335489068,T,92.89,100,92.92,100,TGT
2025-12-09,9:45:54.335529231,T,92.82,200,92.92,100,TGT
2025-12-09,9:45:54.335544189,T,92.82,200,92.9,100,TGT
2025-12-09,9:45:54.335769756,T,92.86,100,92.9,100,TGT
2025-12-09,9:45:54.336105564,T,92.86,100,92.98,100,TGT
2025-12-09,9:45:54.336286007,T,92.86,100,92.91,100,TGT
2025-12-09,9:45:56.927038163,T,92.86,100,92.91,200,TGT
2025-12-09,9:45:57.499516957,T,92.86,100,92.91,100,TGT
2025-12-09,9:46:05.894251370,T,92.78,200,92.91,100,TGT
2025-12-09,9:46:05.894276327,T,92.78,200,92.88,100,TGT
2025-12-09,9:46:05.894351515,T,92.84,100,92.88,100,TGT
2025-12-09,9:46:05.894792555,T,92.84,100,92.89,100,TGT
2025-12-09,9:46:05.894842894,T,92.84,100,92.88,100,TGT
2025-12-09,9:46:05.895469112,T,92.84,400,92.88,100,TGT
2025-12-09,9:46:05.895509211,T,92.84,500,92.88,100,TGT
2025-12-09,9:46:05.895784937,T,92.84,200,92.88,100,TGT
2025-12-09,9:46:05.895789904,T,92.86,100,92.88,100,TGT
2025-12-09,9:46:05.895800011,T,92.86,200,92.88,100,TGT
2025-12-09,9:46:05.895814980,T,92.86,600,92.88,100,TGT
2025-12-09,9:46:05.895920506,T,92.87,100,92.88,100,TGT
2025-12-09,9:46:05.895920506,T,92.87,500,92.88,100,TGT
2025-12-09,9:46:06.104632483,T,92.87,400,92.88,100,TGT
2025-12-09,9:46:06.104632483,T,92.87,300,92.88,100,TGT
2025-12-09,9:46:06.104672580,T,92.79,100,92.88,100,TGT
2025-12-09,9:46:06.104677618,T,92.78,200,92.88,100,TGT
2025-12-09,9:46:06.104692662,T,92.78,200,92.88,200,TGT
2025-12-09,9:46:06.105178820,T,92.78,200,92.87,100,TGT
2025-12-09,9:46:06.105765217,T,92.78,200,92.88,100,TGT
2025-12-09,9:46:06.129426603,T,92.86,100,92.88,100,TGT
2025-12-09,9:46:14.259395202,T,92.86,100,92.89,100,TGT
2025-12-09,9:46:14.259415232,T,92.87,100,92.89,100,TGT
2025-12-09,9:46:14.259415232,T,92.87,200,92.89,100,TGT
2025-12-09,9:46:14.259510436,T,92.87,100,92.89,100,TGT
2025-12-09,9:46:14.259971533,T,92.86,100,92.89,100,TGT
2025-12-09,9:46:17.001803625,T,92.85,100,92.89,100,TGT
2025-12-09,9:46:17.001828611,T,92.85,100,92.88,100,TGT
2025-12-09,9:46:17.001828611,T,92.85,100,92.88,200,TGT
2025-12-09,9:46:17.002384926,T,92.85,100,92.88,100,TGT
2025-12-09,9:46:17.002410051,T,92.84,100,92.88,100,TGT
2025-12-09,9:46:17.002430110,T,92.78,200,92.88,100,TGT
2025-12-09,9:46:17.002455089,T,92.78,200,92.88,200,TGT
2025-12-09,9:46:17.002881112,T,92.78,200,92.88,100,TGT
2025-12-09,9:46:17.003873484,T,92.78,300,92.88,100,TGT
2025-12-09,9:46:17.006259182,T,92.78,300,92.89,100,TGT
2025-12-09,9:46:17.019164943,T,92.78,200,92.89,100,TGT
2025-12-09,9:46:21.318542716,T,92.75,100,92.89,100,TGT
2025-12-09,9:46:21.766620252,T,92.78,100,92.89,100,TGT
2025-12-09,9:46:21.945726892,T,92.78,100,92.89,200,TGT
2025-12-09,9:46:26.910073818,T,92.78,100,92.89,100,TGT
2025-12-09,9:46:26.910118906,T,92.79,100,92.89,100,TGT
2025-12-09,9:46:26.917135660,T,92.78,100,92.89,100,TGT
2025-12-09,9:46:28.274664796,T,92.79,100,92.89,100,TGT
2025-12-09,9:46:28.274675090,T,92.79,200,92.89,100,TGT
2025-12-09,9:46:28.274694879,T,92.82,100,92.89,100,TGT
2025-12-09,9:46:28.275582055,T,92.79,200,92.89,100,TGT
2025-12-09,9:46:28.275602108,T,92.79,100,92.89,100,TGT
2025-12-09,9:46:28.275707398,T,92.79,200,92.89,100,TGT
2025-12-09,9:46:28.275737413,T,92.79,100,92.89,100,TGT
2025-12-09,9:46:28.276584425,T,92.79,200,92.89,100,TGT
2025-12-09,9:46:28.295138667,T,92.79,100,92.89,100,TGT
2025-12-09,9:46:28.342571675,T,92.79,100,92.89,200,TGT
2025-12-09,9:46:28.374738246,T,92.78,100,92.89,200,TGT
2025-12-09,9:46:29.337722429,T,92.75,100,92.89,200,TGT
2025-12-09,9:46:30.907792985,T,92.77,100,92.89,200,TGT
2025-12-09,9:46:30.907797988,T,92.83,100,92.89,200,TGT
2025-12-09,9:46:30.907833042,T,92.85,100,92.89,200,TGT
2025-12-09,9:46:30.907833042,T,92.83,100,92.89,200,TGT
2025-12-09,9:46:30.908805349,T,92.83,200,92.89,200,TGT
2025-12-09,9:46:30.927970995,T,92.83,100,92.89,200,TGT
2025-12-09,9:46:31.007811252,T,92.77,100,92.89,200,TGT
2025-12-09,9:46:31.019819782,T,92.77,100,92.89,100,TGT
2025-12-09,9:46:31.019824793,T,92.77,100,92.95,200,TGT
2025-12-09,9:46:31.019829900,T,92.77,100,92.89,100,TGT
2025-12-09,9:46:31.019844924,T,92.77,100,92.95,200,TGT
2025-12-09,9:46:31.019850059,T,92.86,100,92.95,200,TGT
2025-12-09,9:46:31.019850059,T,92.88,100,92.95,200,TGT
2025-12-09,9:46:31.019880534,T,92.87,100,92.95,200,TGT
2025-12-09,9:46:31.020275920,T,92.88,100,92.95,200,TGT
2025-12-09,9:46:31.024330611,T,92.88,100,92.98,100,TGT
2025-12-09,9:46:31.029979089,T,92.88,100,92.99,200,TGT
2025-12-09,9:46:31.030284839,T,92.86,100,92.99,200,TGT
2025-12-09,9:46:31.120093669,T,92.83,100,92.99,200,TGT
2025-12-09,9:46:31.219936536,T,92.82,100,92.99,200,TGT
2025-12-09,9:46:31.221395034,T,92.83,100,92.99,200,TGT
2025-12-09,9:46:31.390728364,T,92.91,100,92.99,200,TGT
2025-12-09,9:46:31.391159472,T,92.91,200,92.99,200,TGT
2025-12-09,9:46:32.214065037,T,92.91,300,92.99,200,TGT
2025-12-09,9:46:32.603081848,T,92.92,100,92.99,200,TGT
2025-12-09,9:46:32.603116983,T,92.91,200,92.99,200,TGT
2025-12-09,9:46:32.603162066,T,92.91,300,92.99,200,TGT
2025-12-09,9:46:32.603242199,T,92.91,300,92.98,100,TGT
2025-12-09,9:46:32.603502891,T,92.91,200,92.98,100,TGT
2025-12-09,9:46:32.604034079,T,92.91,300,92.98,100,TGT
2025-12-09,9:46:32.604179519,T,92.91,200,92.98,100,TGT
2025-12-09,9:46:32.604184446,T,92.91,100,92.98,100,TGT
2025-12-09,9:46:32.604184446,T,92.83,100,92.98,100,TGT
2025-12-09,9:46:32.604189538,T,92.82,100,92.98,100,TGT
2025-12-09,9:46:32.610364209,T,92.82,100,92.99,200,TGT
2025-12-09,9:46:32.618368375,T,92.88,100,92.99,200,TGT
2025-12-09,9:46:32.618403326,T,92.88,200,92.99,200,TGT
2025-12-09,9:46:32.620212638,T,92.88,100,92.99,200,TGT
2025-12-09,9:46:32.993436843,T,92.84,100,92.99,200,TGT
2025-12-09,9:46:33.177139409,T,92.82,100,92.99,200,TGT
2025-12-09,9:46:36.301322065,T,92.79,300,92.99,200,TGT
2025-12-09,9:46:36.387487662,T,92.79,300,92.99,300,TGT
2025-12-09,9:46:37.287255971,T,92.79,200,92.99,300,TGT
2025-12-09,9:46:40.080831320,T,92.83,100,92.99,300,TGT
2025-12-09,9:46:40.084229369,T,92.84,100,92.99,300,TGT
2025-12-09,9:46:40.084229369,T,92.9,100,92.99,300,TGT
2025-12-09,9:46:40.084249468,T,92.84,100,92.99,300,TGT
2025-12-09,9:46:40.084259493,T,92.9,100,92.99,300,TGT
2025-12-09,9:46:40.085206721,T,92.9,100,92.99,100,TGT
2025-12-09,9:46:40.088549667,T,92.84,100,92.99,100,TGT
2025-12-09,9:46:40.091712225,T,92.83,100,92.99,100,TGT
2025-12-09,9:46:40.100272668,T,92.83,100,93.02,100,TGT
2025-12-09,9:46:40.965358626,T,92.81,100,93.02,100,TGT
2025-12-09,9:46:41.077510723,T,92.82,100,93.02,100,TGT
2025-12-09,9:46:41.077545855,T,92.83,100,93.02,100,TGT
2025-12-09,9:46:41.180726661,T,92.82,100,93.02,100,TGT
2025-12-09,9:46:47.149621796,T,92.83,100,93.02,100,TGT
2025-12-09,9:46:47.221878925,T,92.93,100,93.02,100,TGT
2025-12-09,9:46:47.977894972,T,92.93,200,93.02,100,TGT
2025-12-09,9:46:50.066460761,T,92.93,100,93.02,100,TGT
2025-12-09,9:47:10.479146470,T,92.93,200,93.02,100,TGT
2025-12-09,9:47:10.656048191,T,92.94,100,93.02,100,TGT
2025-12-09,9:47:10.656058019,T,92.94,200,93.02,100,TGT
2025-12-09,9:47:10.656058019,T,92.94,300,93.02,100,TGT
2025-12-09,9:47:10.656083084,T,92.94,400,93.02,100,TGT
2025-12-09,9:47:10.656118140,T,92.97,100,93.02,100,TGT
2025-12-09,9:47:10.656679441,T,92.97,100,93.04,200,TGT
2025-12-09,9:47:10.656704476,T,93.01,100,93.04,200,TGT
2025-12-09,9:47:10.656834786,T,92.98,100,93.04,200,TGT
2025-12-09,9:47:10.657496727,T,93.01,100,93.04,200,TGT
2025-12-09,9:47:10.657536448,T,93.01,100,93.05,500,TGT
2025-12-09,9:47:10.657556562,T,93.03,100,93.05,500,TGT
2025-12-09,9:47:10.657561584,T,93.03,200,93.05,500,TGT
2025-12-09,9:47:10.657691924,T,93.03,200,93.05,200,TGT
2025-12-09,9:47:10.657726924,T,93.03,200,93.06,300,TGT
2025-12-09,9:47:10.657752016,T,93.04,100,93.06,300,TGT
2025-12-09,9:47:10.658213081,T,93.04,100,93.06,200,TGT
2025-12-09,9:47:10.658223138,T,93.04,100,93.12,100,TGT
2025-12-09,9:47:10.658243194,T,93.05,100,93.12,100,TGT
2025-12-09,9:47:10.658588951,T,93.05,100,93.06,100,TGT
2025-12-09,9:47:10.658619023,T,93.04,200,93.06,100,TGT
2025-12-09,9:47:10.658624136,T,93.04,200,93.12,100,TGT
2025-12-09,9:47:10.658639316,T,93.04,200,93.05,100,TGT
2025-12-09,9:47:10.658644315,T,93.04,200,93.12,100,TGT
2025-12-09,9:47:10.658649131,T,93.06,100,93.12,100,TGT
2025-12-09,9:47:10.658649131,T,93.04,200,93.12,100,TGT
2025-12-09,9:47:10.658679209,T,93.04,200,93.11,100,TGT
2025-12-09,9:47:10.658704287,T,93.04,200,93.1,100,TGT
2025-12-09,9:47:10.660809334,T,93.04,200,93.16,100,TGT
2025-12-09,9:47:10.663220044,T,93.04,200,93.1,100,TGT
2025-12-09,9:47:10.665084508,T,93.04,200,93.16,100,TGT
2025-12-09,9:47:10.665109567,T,93.04,200,93.17,100,TGT
2025-12-09,9:47:10.666683338,T,93.04,300,93.17,100,TGT
2025-12-09,9:47:10.668848445,T,93.04,300,93.2,100,TGT
2025-12-09,9:47:10.742463876,T,93.04,300,93.16,200,TGT
2025-12-09,9:47:10.742488906,T,93.04,200,93.16,200,TGT
2025-12-09,9:47:10.742488906,T,93.04,100,93.16,200,TGT
2025-12-09,9:47:10.742508943,T,93.01,100,93.16,200,TGT
2025-12-09,9:47:10.742514044,T,93.01,100,93.1,100,TGT
2025-12-09,9:47:10.742538959,T,93.0,100,93.1,100,TGT
2025-12-09,9:47:10.742549325,T,92.98,100,93.1,100,TGT
2025-12-09,9:47:10.742574048,T,92.98,100,93.06,100,TGT
2025-12-09,9:47:10.742599099,T,92.96,100,93.06,100,TGT
2025-12-09,9:47:10.743741835,T,92.96,100,93.09,100,TGT
2025-12-09,9:47:10.749540657,T,92.96,100,93.1,100,TGT
2025-12-09,9:47:10.750858863,T,93.03,100,93.1,100,TGT
2025-12-09,9:47:10.751084324,T,93.03,200,93.1,100,TGT
2025-12-09,9:47:10.751615635,T,93.03,300,93.1,100,TGT
2025-12-09,9:47:10.764641707,T,93.03,300,93.14,100,TGT
2025-12-09,9:47:10.767984612,T,93.03,300,93.16,200,TGT
2025-12-09,9:47:11.402100288,T,93.03,200,93.16,200,TGT
2025-12-09,9:47:11.490385614,T,93.03,200,93.1,100,TGT
2025-12-09,9:47:11.736396731,T,93.04,100,93.1,100,TGT
2025-12-09,9:47:11.736416741,T,93.03,200,93.1,100,TGT
2025-12-09,9:47:11.736426727,T,93.03,200,93.16,200,TGT
2025-12-09,9:47:11.736431768,T,93.03,100,93.16,200,TGT
2025-12-09,9:47:11.736437047,T,93.03,100,93.14,100,TGT
2025-12-09,9:47:11.736441782,T,93.03,100,93.12,100,TGT
2025-12-09,9:47:11.736441782,T,93.03,100,93.06,100,TGT
2025-12-09,9:47:11.736998157,T,93.03,100,93.1,100,TGT
2025-12-09,9:47:11.737023204,T,93.03,100,93.12,100,TGT
2025-12-09,9:47:11.741438724,T,92.94,100,93.12,100,TGT
2025-12-09,9:47:11.741463735,T,92.94,100,93.14,100,TGT
2025-12-09,9:47:11.741478804,T,93.04,100,93.14,100,TGT
2025-12-09,9:47:11.873132375,T,93.04,200,93.14,100,TGT
2025-12-09,9:47:11.873152493,T,93.04,200,93.16,200,TGT
2025-12-09,9:47:13.510548128,T,93.04,100,93.16,200,TGT
2025-12-09,9:47:13.510553179,T,92.94,100,93.16,200,TGT
2025-12-09,9:47:13.510573192,T,92.94,100,93.15,100,TGT
2025-12-09,9:47:13.510573192,T,92.94,100,93.06,100,TGT
2025-12-09,9:47:13.510578280,T,92.94,100,93.04,100,TGT
2025-12-09,9:47:13.510613344,T,92.94,100,93.06,100,TGT
2025-12-09,9:47:13.510633340,T,92.96,100,93.06,100,TGT
2025-12-09,9:47:13.510643356,T,92.98,100,93.06,100,TGT
2025-12-09,9:47:13.510823866,T,92.98,100,93.07,100,TGT
2025-12-09,9:47:13.510848870,T,92.99,100,93.07,100,TGT
2025-12-09,9:47:13.510854271,T,93.01,100,93.07,100,TGT
2025-12-09,9:47:13.510984208,T,93.02,100,93.07,100,TGT
2025-12-09,9:47:13.510999287,T,93.01,100,93.07,100,TGT
2025-12-09,9:47:13.511059394,T,93.0,100,93.07,100,TGT
2025-12-09,9:47:13.511089435,T,93.03,100,93.07,100,TGT
2025-12-09,9:47:13.511164605,T,93.05,100,93.07,100,TGT
2025-12-09,9:47:13.511204756,T,93.05,200,93.07,100,TGT
2025-12-09,9:47:13.511500459,T,93.05,100,93.07,100,TGT
2025-12-09,9:47:13.511660844,T,93.0,100,93.07,100,TGT
2025-12-09,9:47:13.511736178,T,93.04,100,93.07,100,TGT
2025-12-09,9:47:13.511926454,T,93.04,200,93.07,100,TGT
2025-12-09,9:47:13.511926454,T,93.05,300,93.07,100,TGT
2025-12-09,9:47:13.512096845,T,93.05,300,93.1,100,TGT
2025-12-09,9:47:13.512116846,T,93.06,100,93.1,100,TGT
2025-12-09,9:47:13.512116846,T,93.06,200,93.1,100,TGT
2025-12-09,9:47:13.512126890,T,93.06,500,93.1,100,TGT
2025-12-09,9:47:13.512487740,T,93.06,500,93.09,100,TGT
2025-12-09,9:47:13.512673169,T,93.06,400,93.09,100,TGT
2025-12-09,9:47:13.518877997,T,93.07,100,93.09,100,TGT
2025-12-09,9:47:13.518903049,T,93.07,400,93.09,100,TGT
2025-12-09,9:47:13.520296330,T,93.07,500,93.09,100,TGT
2025-12-09,9:47:13.526250617,T,93.07,500,93.16,200,TGT
2025-12-09,9:47:13.526270629,T,93.08,100,93.16,200,TGT
2025-12-09,9:47:13.526270629,T,93.08,200,93.16,200,TGT
2025-12-09,9:47:13.526295716,T,93.08,500,93.16,200,TGT
2025-12-09,9:47:13.526822044,T,93.08,400,93.16,200,TGT
2025-12-09,9:47:13.529067324,T,93.08,500,93.16,200,TGT
2025-12-09,9:47:13.529879204,T,93.09,100,93.16,200,TGT
2025-12-09,9:47:13.529899265,T,93.09,400,93.16,200,TGT
2025-12-09,9:47:13.530485760,T,93.09,400,93.34,100,TGT
2025-12-09,9:47:13.530495634,T,93.09,400,93.2,200,TGT
2025-12-09,9:47:13.530941746,T,93.09,300,93.2,200,TGT
2025-12-09,9:47:13.537402170,T,93.09,400,93.2,200,TGT
2025-12-09,9:47:13.933526013,T,93.09,200,93.2,200,TGT
2025-12-09,9:47:13.933526013,T,93.09,100,93.2,200,TGT
2025-12-09,9:47:13.933526013,T,93.08,100,93.2,200,TGT
2025-12-09,9:47:13.933546096,T,93.09,300,93.2,200,TGT
2025-12-09,9:47:13.933551422,T,93.09,400,93.2,200,TGT
2025-12-09,9:47:13.933556110,T,93.09,300,93.2,200,TGT
2025-12-09,9:47:13.933566169,T,93.09,200,93.2,200,TGT
2025-12-09,9:47:13.933566169,T,93.09,100,93.2,200,TGT
2025-12-09,9:47:13.933571214,T,93.08,100,93.2,200,TGT
2025-12-09,9:47:13.933571214,T,93.08,100,93.11,100,TGT
2025-12-09,9:47:13.933586105,T,93.08,100,93.11,200,TGT
2025-12-09,9:47:13.933616181,T,93.08,100,93.11,100,TGT
2025-12-09,9:47:13.933636226,T,93.08,100,93.11,200,TGT
2025-12-09,9:47:13.933641281,T,93.08,100,93.1,200,TGT
2025-12-09,9:47:13.933641281,T,93.08,100,93.1,300,TGT
2025-12-09,9:47:13.933646334,T,93.08,100,93.1,400,TGT
2025-12-09,9:47:13.933701456,T,92.98,100,93.1,400,TGT
2025-12-09,9:47:13.933721512,T,92.98,100,93.1,500,TGT
2025-12-09,9:47:13.933726520,T,92.97,100,93.1,500,TGT
2025-12-09,9:47:13.933756598,T,92.98,100,93.1,500,TGT
2025-12-09,9:47:13.933997111,T,92.98,100,93.1,600,TGT
2025-12-09,9:47:13.934002353,T,92.98,100,93.1,500,TGT
2025-12-09,9:47:13.934007138,T,92.98,100,93.09,400,TGT
2025-12-09,9:47:13.943098820,T,93.0,100,93.09,400,TGT
2025-12-09,9:47:13.991163377,T,93.0,100,93.09,500,TGT
2025-12-09,9:47:13.996851910,T,93.0,100,93.09,100,TGT
2025-12-09,9:47:13.996851910,T,93.0,100,93.08,400,TGT
2025-12-09,9:47:13.998565990,T,93.03,100,93.08,400,TGT
2025-12-09,9:47:13.999317821,T,93.0,100,93.08,400,TGT
2025-12-09,9:47:13.999342822,T,93.0,100,93.06,100,TGT
2025-12-09,9:47:13.999407939,T,93.0,100,93.05,400,TGT
2025-12-09,9:47:14.000936582,T,92.96,100,93.05,400,TGT
2025-12-09,9:47:14.000956720,T,92.94,100,93.05,400,TGT
2025-12-09,9:47:14.000976764,T,93.03,100,93.05,400,TGT
2025-12-09,9:47:14.001893868,T,92.96,100,93.05,400,TGT
2025-12-09,9:47:14.001913976,T,92.96,100,93.04,100,TGT
2025-12-09,9:47:14.001933957,T,92.96,100,93.04,500,TGT
2025-12-09,9:47:14.002340019,T,92.94,100,93.04,500,TGT
2025-12-09,9:47:14.002364987,T,92.96,100,93.04,500,TGT
2025-12-09,9:47:14.002470285,T,92.96,100,93.04,400,TGT
2025-12-09,9:47:16.417563786,T,92.96,200,93.04,400,TGT
2025-12-09,9:47:16.760455664,T,92.99,100,93.04,400,TGT
2025-12-09,9:47:16.760731400,T,92.99,200,93.04,400,TGT
2025-12-09,9:47:21.423815521,T,92.99,100,93.04,400,TGT
2025-12-09,9:47:21.428040512,T,92.99,200,93.04,400,TGT
2025-12-09,9:47:24.604302622,T,92.99,100,93.04,400,TGT
2025-12-09,9:47:24.604302622,T,92.94,100,93.04,400,TGT
2025-12-09,9:47:24.604327648,T,92.94,100,93.01,100,TGT
2025-12-09,9:47:24.604333014,T,92.94,100,93.01,200,TGT
2025-12-09,9:47:24.604362800,T,92.92,200,93.01,200,TGT
2025-12-09,9:47:24.604387804,T,92.92,200,93.0,100,TGT
2025-12-09,9:47:24.604427956,T,92.92,200,93.0,500,TGT
2025-12-09,9:47:24.604829259,T,92.92,300,93.0,500,TGT
2025-12-09,9:47:24.605520473,T,92.92,300,93.0,400,TGT
2025-12-09,9:47:24.612722714,T,92.95,100,93.0,400,TGT
2025-12-09,9:47:27.243530146,T,92.95,200,93.0,400,TGT
2025-12-09,9:47:28.698306013,T,92.95,300,93.0,400,TGT
2025-12-09,9:47:30.213325267,T,92.95,300,93.0,200,TGT
2025-12-09,9:47:30.213731227,T,92.96,100,93.0,200,TGT
2025-12-09,9:47:30.214543160,T,92.96,200,93.0,200,TGT
2025-12-09,9:47:30.216086811,T,92.96,300,93.0,200,TGT
2025-12-09,9:47:30.220382290,T,92.96,200,93.0,200,TGT
2025-12-09,9:47:30.229819623,T,92.96,200,93.0,300,TGT
2025-12-09,9:47:33.183055227,T,92.97,100,93.0,300,TGT
2025-12-09,9:47:33.183325856,T,92.97,200,93.0,300,TGT
2025-12-09,9:47:33.185646393,T,92.97,300,93.0,300,TGT
2025-12-09,9:47:33.764224958,T,92.97,300,93.1,300,TGT
2025-12-09,9:47:33.764229737,T,92.97,300,93.1,200,TGT
2025-12-09,9:47:33.764249885,T,92.98,100,93.1,200,TGT
2025-12-09,9:47:33.764249885,T,93.0,100,93.1,200,TGT
2025-12-09,9:47:33.764274903,T,92.98,300,93.1,200,TGT
2025-12-09,9:47:33.764284929,T,92.98,400,93.1,200,TGT
2025-12-09,9:47:33.764299901,T,92.98,300,93.1,200,TGT
2025-12-09,9:47:33.764806130,T,92.98,200,93.1,200,TGT
2025-12-09,9:47:33.767026491,T,92.99,100,93.1,200,TGT
2025-12-09,9:47:35.278357183,T,92.99,100,93.1,300,TGT
2025-12-09,9:47:36.272610798,T,92.99,100,93.1,400,TGT
2025-12-09,9:47:36.466121698,T,93.01,100,93.1,400,TGT
2025-12-09,9:47:36.469148909,T,93.01,200,93.1,400,TGT
2025-12-09,9:47:37.216845277,T,93.01,100,93.1,400,TGT
2025-12-09,9:47:37.217637095,T,93.02,100,93.1,400,TGT
2025-12-09,9:47:37.220734493,T,93.02,100,93.1,200,TGT
2025-12-09,9:47:37.260233647,T,93.02,100,93.09,100,TGT
2025-12-09,9:47:37.418415405,T,93.01,100,93.09,100,TGT
2025-12-09,9:47:38.236780045,T,93.01,100,93.07,100,TGT
2025-12-09,9:47:38.236785038,T,93.01,100,93.06,100,TGT
2025-12-09,9:47:38.236785038,T,93.01,100,93.05,100,TGT
2025-12-09,9:47:38.236810155,T,93.01,100,93.07,100,TGT
2025-12-09,9:47:38.236810155,T,93.01,100,93.05,100,TGT
2025-12-09,9:47:38.238103276,T,92.94,100,93.05,100,TGT
2025-12-09,9:47:38.238123299,T,92.94,100,93.03,100,TGT
2025-12-09,9:47:38.238679609,T,92.94,100,93.04,100,TGT
2025-12-09,9:47:38.243816819,T,92.94,100,93.05,100,TGT
2025-12-09,9:47:38.406800228,T,92.94,100,93.07,100,TGT
2025-12-09,9:47:38.436997144,T,92.94,100,93.1,200,TGT
2025-12-09,9:47:41.408446161,T,92.94,200,93.1,200,TGT
2025-12-09,9:47:41.994803158,T,92.94,100,93.1,200,TGT
