DATE,TIME_M,EX,BID,BIDSIZ,ASK,ASKSIZ,SYM_ROOT
2025-10-22,9:30:04.053411136,T,94.14,100,94.91,100,TGT
2025-10-22,9:30:50.982215639,T,94.14,100,94.86,100,TGT
2025-10-22,9:30:50.995186445,T,94.14,100,94.85,100,TGT
2025-10-22,9:30:50.997371751,T,94.14,100,94.79,100,TGT
2025-10-22,9:30:55.245121839,T,94.1,200,94.79,100,TGT
2025-10-22,9:30:55.245141869,T,94.1,200,94.75,100,TGT
2025-10-22,9:30:55.245146830,T,94.1,200,94.7,100,TGT
2025-10-22,9:30:55.245181970,T,94.1,200,94.71,100,TGT
2025-10-22,9:30:55.245196983,T,94.1,200,94.65,100,TGT
2025-10-22,9:30:55.245211973,T,94.1,200,94.62,100,TGT
2025-10-22,9:30:55.245372403,T,94.14,100,94.62,100,TGT
2025-10-22,9:30:55.245743298,T,94.14,100,94.6,100,TGT
2025-10-22,9:30:55.245788354,T,94.14,100,94.62,100,TGT
2025-10-22,9:30:55.251055946,T,94.14,100,94.77,100,TGT
2025-10-22,9:30:55.255832514,T,94.14,100,94.78,100,TGT
2025-10-22,9:30:55.274075774,T,94.14,100,94.75,100,TGT
2025-10-22,9:30:55.281718978,T,94.14,100,94.78,100,TGT
2025-10-22,9:30:56.245575255,T,94.15,100,94.78,100,TGT
2025-10-22,9:30:57.266838354,T,94.17,100,94.78,100,TGT
2025-10-22,9:31:00.863512130,T,94.18,100,94.78,100,TGT
2025-10-22,9:31:01.415211484,T,94.18,100,94.49,200,TGT
2025-10-22,9:31:48.963341387,T,94.19,100,94.49,200,TGT
2025-10-22,9:31:51.058378056,T,94.19,100,94.49,200,TGT
2025-10-22,9:31:51.074826921,T,94.19,100,94.77,100,TGT
2025-10-22,9:31:51.074836915,T,94.19,100,94.43,200,TGT
2025-10-22,9:31:51.083998932,T,94.1,200,94.43,200,TGT
2025-10-22,9:31:51.084018726,T,94.1,200,94.4,100,TGT
2025-10-22,9:31:51.084023825,T,94.1,200,94.39,100,TGT
2025-10-22,9:31:51.084043877,T,94.1,200,94.3,100,TGT
2025-10-22,9:31:51.084053984,T,94.1,200,94.39,100,TGT
2025-10-22,9:31:51.084114305,T,94.1,200,94.36,100,TGT
2025-10-22,9:31:51.084224313,T,94.1,200,94.3,100,TGT
2025-10-22,9:31:51.084234326,T,94.1,200,94.25,100,TGT
2025-10-22,9:31:51.084344491,T,94.1,200,94.36,100,TGT
2025-10-22,9:31:51.084509949,T,94.1,200,94.28,100,TGT
2025-10-22,9:31:51.084520013,T,94.1,200,94.25,100,TGT
2025-10-22,9:31:51.085522585,T,94.1,200,94.28,100,TGT
2025-10-22,9:31:51.086544813,T,94.1,200,94.17,100,TGT
2025-10-22,9:31:51.086639994,T,94.1,200,94.27,100,TGT
2025-10-22,9:31:51.086790411,T,94.1,200,94.2,100,TGT
2025-10-22,9:31:51.088714920,T,94.1,200,94.16,100,TGT
2025-10-22,9:31:51.088734989,T,94.1,100,94.16,100,TGT
2025-10-22,9:31:51.088760036,T,94.0,100,94.16,100,TGT
2025-10-22,9:31:51.088780093,T,94.0,100,94.12,100,TGT
2025-10-22,9:31:51.088810217,T,94.0,100,94.2,100,TGT
2025-10-22,9:31:51.088830256,T,94.01,100,94.2,100,TGT
2025-10-22,9:31:51.088835201,T,94.02,100,94.2,100,TGT
2025-10-22,9:31:51.088840260,T,94.09,100,94.2,100,TGT
2025-10-22,9:31:51.088940509,T,94.09,100,94.16,100,TGT
2025-10-22,9:31:51.089005683,T,94.09,100,94.12,100,TGT
2025-10-22,9:31:51.089025719,T,94.09,100,94.16,100,TGT
2025-10-22,9:31:51.089351470,T,94.09,300,94.16,100,TGT
2025-10-22,9:31:51.089386737,T,94.09,300,94.14,100,TGT
2025-10-22,9:31:51.089416577,T,94.09,300,94.16,100,TGT
2025-10-22,9:31:51.089441707,T,94.09,100,94.16,100,TGT
2025-10-22,9:31:51.089466742,T,94.09,300,94.16,100,TGT
2025-10-22,9:31:51.089477044,T,94.09,100,94.16,100,TGT
2025-10-22,9:31:51.089501809,T,94.1,200,94.16,100,TGT
2025-10-22,9:31:51.089551907,T,94.1,300,94.16,100,TGT
2025-10-22,9:31:51.089602073,T,94.1,100,94.16,100,TGT
2025-10-22,9:31:51.089627142,T,94.11,100,94.16,100,TGT
2025-10-22,9:31:51.089677257,T,94.11,200,94.16,100,TGT
2025-10-22,9:31:51.089952872,T,94.11,200,94.2,100,TGT
2025-10-22,9:31:51.093210718,T,94.11,200,94.2,200,TGT
2025-10-22,9:31:51.093391131,T,94.11,100,94.2,200,TGT
2025-10-22,9:31:51.093421185,T,94.12,100,94.2,200,TGT
2025-10-22,9:31:51.093466278,T,94.12,200,94.2,200,TGT
2025-10-22,9:31:51.097095279,T,94.12,100,94.2,200,TGT
2025-10-22,9:31:51.097115026,T,94.07,100,94.2,200,TGT
2025-10-22,9:31:51.097140063,T,94.07,100,94.15,100,TGT
2025-10-22,9:31:51.097345506,T,94.07,100,94.15,200,TGT
2025-10-22,9:31:51.097360548,T,94.07,100,94.15,300,TGT
2025-10-22,9:31:51.097691312,T,94.07,100,94.15,200,TGT
2025-10-22,9:31:51.097766547,T,94.07,100,94.15,100,TGT
2025-10-22,9:31:51.097771590,T,94.07,100,94.2,100,TGT
2025-10-22,9:31:51.111950262,T,94.13,100,94.2,100,TGT
2025-10-22,9:31:51.112065592,T,94.13,100,94.27,100,TGT
2025-10-22,9:31:51.112085670,T,94.13,100,94.28,100,TGT
2025-10-22,9:31:51.112506631,T,94.07,100,94.28,100,TGT
2025-10-22,9:31:51.159759323,T,94.14,100,94.28,100,TGT
2025-10-22,9:31:51.164635824,T,94.07,100,94.28,100,TGT
2025-10-22,9:31:51.164660950,T,94.07,100,94.27,100,TGT
2025-10-22,9:31:51.164660950,T,94.07,100,94.26,100,TGT
2025-10-22,9:31:51.164666136,T,94.07,100,94.25,100,TGT
2025-10-22,9:31:51.164701006,T,94.07,100,94.26,100,TGT
2025-10-22,9:31:51.184157305,T,94.07,100,94.28,100,TGT
2025-10-22,9:31:51.184167528,T,94.07,100,94.39,100,TGT
2025-10-22,9:31:51.184172380,T,94.07,100,94.4,100,TGT
2025-10-22,9:31:51.188853490,T,94.05,200,94.4,100,TGT
2025-10-22,9:31:51.235134088,T,94.05,300,94.4,100,TGT
2025-10-22,9:31:51.235379401,T,94.05,300,94.39,100,TGT
2025-10-22,9:31:51.235404486,T,94.05,300,94.4,100,TGT
2025-10-22,9:31:51.268062275,T,94.05,200,94.4,100,TGT
2025-10-22,9:31:51.284190706,T,94.05,200,94.43,300,TGT
2025-10-22,9:31:51.284220740,T,94.05,200,94.43,200,TGT
2025-10-22,9:31:51.286741739,T,94.05,200,94.43,300,TGT
2025-10-22,9:31:51.286781850,T,94.05,200,94.43,200,TGT
2025-10-22,9:31:51.287137675,T,94.05,400,94.43,200,TGT
2025-10-22,9:31:51.287147800,T,94.05,400,94.43,300,TGT
2025-10-22,9:31:51.287187795,T,94.05,400,94.4,100,TGT
2025-10-22,9:31:51.294755902,T,94.05,400,94.41,100,TGT
2025-10-22,9:31:51.296780719,T,94.05,400,94.43,300,TGT
2025-10-22,9:31:51.462856398,T,94.05,400,94.43,200,TGT
2025-10-22,9:31:51.462881987,T,94.05,200,94.43,200,TGT
2025-10-22,9:31:51.462896529,T,94.05,300,94.43,200,TGT
2025-10-22,9:31:51.462901518,T,94.13,200,94.43,200,TGT
2025-10-22,9:31:51.463111970,T,94.06,100,94.43,200,TGT
2025-10-22,9:31:51.463132051,T,94.21,200,94.43,200,TGT
2025-10-22,9:31:51.463167151,T,94.05,300,94.43,200,TGT
2025-10-22,9:31:51.463187137,T,94.05,300,94.4,100,TGT
2025-10-22,9:31:51.463187137,T,94.05,300,94.31,100,TGT
2025-10-22,9:31:51.463217337,T,94.06,100,94.31,100,TGT
2025-10-22,9:31:51.463217337,T,94.06,100,94.39,100,TGT
2025-10-22,9:31:51.463247475,T,94.05,300,94.39,100,TGT
2025-10-22,9:31:51.463252353,T,94.06,100,94.39,100,TGT
2025-10-22,9:31:51.463252353,T,94.06,100,94.21,100,TGT
2025-10-22,9:31:51.463372642,T,94.06,100,94.39,100,TGT
2025-10-22,9:31:51.463472830,T,94.15,100,94.39,100,TGT
2025-10-22,9:31:51.463523006,T,94.06,100,94.39,100,TGT
2025-10-22,9:31:51.463798612,T,94.05,300,94.39,100,TGT
2025-10-22,9:31:51.463818727,T,94.05,300,94.37,100,TGT
2025-10-22,9:31:51.463823669,T,94.05,300,94.29,100,TGT
2025-10-22,9:31:51.480097452,T,94.05,300,94.39,100,TGT
2025-10-22,9:31:51.480117501,T,94.05,300,94.43,300,TGT
2025-10-22,9:31:51.480117501,T,94.05,300,94.43,200,TGT
2025-10-22,9:31:51.480252845,T,94.06,100,94.43,200,TGT
2025-10-22,9:31:51.487780741,T,94.05,300,94.43,200,TGT
2025-10-22,9:31:51.498787051,T,94.06,100,94.43,200,TGT
2025-10-22,9:31:51.505553172,T,94.05,300,94.43,200,TGT
2025-10-22,9:31:51.514649775,T,94.06,100,94.43,200,TGT
2025-10-22,9:31:51.514699879,T,94.05,300,94.43,200,TGT
2025-10-22,9:31:51.616798237,T,94.06,100,94.43,200,TGT
2025-10-22,9:31:51.616823267,T,94.05,300,94.43,200,TGT
2025-10-22,9:31:51.616858301,T,94.06,100,94.43,200,TGT
2025-10-22,9:31:51.617048735,T,94.14,100,94.43,200,TGT
2025-10-22,9:31:51.624055449,T,94.06,100,94.43,200,TGT
2025-10-22,9:31:51.624396285,T,94.05,300,94.43,200,TGT
2025-10-22,9:31:51.848695720,T,94.05,200,94.43,200,TGT
2025-10-22,9:31:51.848780971,T,94.05,300,94.43,200,TGT
2025-10-22,9:31:51.848851091,T,94.05,200,94.43,200,TGT
2025-10-22,9:31:52.082227142,T,94.05,300,94.43,200,TGT
2025-10-22,9:31:52.123886348,T,94.12,100,94.43,200,TGT
2025-10-22,9:31:52.123921452,T,94.15,100,94.43,200,TGT
2025-10-22,9:31:52.133980455,T,94.14,100,94.43,200,TGT
2025-10-22,9:31:53.765326722,T,94.12,100,94.43,200,TGT
2025-10-22,9:31:57.187815487,T,94.12,100,94.43,300,TGT
2025-10-22,9:31:57.187845605,T,94.12,100,94.43,100,TGT
2025-10-22,9:31:57.187855675,T,94.12,100,94.38,200,TGT
2025-10-22,9:31:57.188953276,T,94.06,300,94.38,200,TGT
2025-10-22,9:31:57.262142593,T,94.06,200,94.38,200,TGT
2025-10-22,9:31:57.262217815,T,94.06,200,94.36,100,TGT
2025-10-22,9:31:57.262242864,T,94.06,200,94.35,100,TGT
2025-10-22,9:31:57.262253044,T,94.06,200,94.33,100,TGT
2025-10-22,9:31:57.262257910,T,94.06,200,94.21,100,TGT
2025-10-22,9:31:57.262628783,T,94.06,200,94.33,100,TGT
2025-10-22,9:31:57.262794229,T,94.06,200,94.29,100,TGT
2025-10-22,9:31:57.262824200,T,94.14,100,94.29,100,TGT
2025-10-22,9:31:57.269199394,T,94.14,100,94.35,100,TGT
2025-10-22,9:31:57.269840992,T,94.14,100,94.36,100,TGT
2025-10-22,9:31:57.282977261,T,94.0,300,94.36,100,TGT
2025-10-22,9:31:57.283002318,T,94.0,300,94.35,100,TGT
2025-10-22,9:31:57.283498524,T,94.0,300,94.36,100,TGT
2025-10-22,9:31:57.301100433,T,94.0,300,94.35,100,TGT
2025-10-22,9:31:57.301210728,T,94.0,300,94.3,100,TGT
2025-10-22,9:31:57.301225696,T,94.0,300,94.3,200,TGT
2025-10-22,9:31:57.301250848,T,94.0,300,94.29,100,TGT
2025-10-22,9:31:57.301275825,T,94.0,300,94.29,200,TGT
2025-10-22,9:31:57.301315895,T,94.0,300,94.29,100,TGT
2025-10-22,9:31:57.540931875,T,94.06,200,94.29,100,TGT
2025-10-22,9:32:00.003183148,T,94.16,100,94.29,100,TGT
2025-10-22,9:32:04.054745644,T,94.16,100,94.29,200,TGT
2025-10-22,9:32:04.055367077,T,94.16,100,94.28,100,TGT
2025-10-22,9:32:04.055392180,T,94.16,100,94.28,200,TGT
2025-10-22,9:32:04.466301090,T,94.16,100,94.27,300,TGT
2025-10-22,9:32:04.466321166,T,94.16,100,94.27,400,TGT
2025-10-22,9:32:04.466521672,T,94.16,100,94.27,500,TGT
2025-10-22,9:32:04.486519273,T,94.06,200,94.27,500,TGT
2025-10-22,9:32:04.486564565,T,94.06,200,94.17,100,TGT
2025-10-22,9:32:04.486604557,T,94.06,200,94.27,400,TGT
2025-10-22,9:32:04.486659590,T,94.06,200,94.27,500,TGT
2025-10-22,9:32:04.486694765,T,94.06,200,94.26,100,TGT
2025-10-22,9:32:04.487040582,T,94.06,200,94.26,200,TGT
2025-10-22,9:32:04.487040582,T,94.06,200,94.25,100,TGT
2025-10-22,9:32:04.488679484,T,94.06,200,94.25,200,TGT
2025-10-22,9:32:04.489862216,T,94.06,200,94.25,100,TGT
2025-10-22,9:32:04.502863389,T,94.06,200,94.25,200,TGT
2025-10-22,9:32:04.502868256,T,94.06,200,94.24,100,TGT
2025-10-22,9:32:04.502913347,T,94.06,200,94.23,100,TGT
2025-10-22,9:32:04.502978898,T,94.06,200,94.21,100,TGT
2025-10-22,9:32:04.503028574,T,94.06,200,94.23,100,TGT
2025-10-22,9:32:04.503168935,T,94.13,100,94.23,100,TGT
2025-10-22,9:32:04.522870887,T,94.01,300,94.23,100,TGT
2025-10-22,9:32:05.047515966,T,94.01,300,94.27,300,TGT
2025-10-22,9:32:05.049455554,T,94.05,100,94.27,300,TGT
2025-10-22,9:32:05.049550795,T,94.09,100,94.27,300,TGT
2025-10-22,9:32:05.049575819,T,94.05,100,94.27,300,TGT
2025-10-22,9:32:05.049666038,T,94.07,100,94.27,300,TGT
2025-10-22,9:32:05.049711181,T,94.05,100,94.27,300,TGT
2025-10-22,9:32:05.049931739,T,94.05,100,94.27,100,TGT
2025-10-22,9:32:05.050067061,T,94.05,100,94.28,100,TGT
2025-10-22,9:32:05.050287576,T,94.05,100,94.33,200,TGT
2025-10-22,9:32:06.300631280,T,94.01,300,94.33,200,TGT
2025-10-22,9:32:08.848721956,T,94.07,100,94.33,200,TGT
2025-10-22,9:32:10.674757379,T,94.12,100,94.33,200,TGT
2025-10-22,9:32:10.675844945,T,94.13,100,94.33,200,TGT
2025-10-22,9:32:10.676271040,T,94.13,200,94.33,200,TGT
2025-10-22,9:32:10.676321147,T,94.2,100,94.33,200,TGT
2025-10-22,9:32:10.677178198,T,94.2,100,94.48,100,TGT
2025-10-22,9:32:10.677188253,T,94.2,100,94.39,200,TGT
2025-10-22,9:32:10.683578470,T,94.13,200,94.39,200,TGT
2025-10-22,9:32:10.683914278,T,94.13,100,94.39,200,TGT
2025-10-22,9:32:11.280776287,T,94.13,200,94.39,200,TGT
2025-10-22,9:32:11.280806370,T,94.13,100,94.39,200,TGT
2025-10-22,9:32:11.280986951,T,94.13,200,94.39,200,TGT
2025-10-22,9:32:11.414960923,T,94.13,100,94.39,200,TGT
2025-10-22,9:32:11.415246712,T,94.13,200,94.39,200,TGT
2025-10-22,9:32:21.278249438,T,94.13,100,94.39,200,TGT
2025-10-22,9:32:21.496198636,T,94.13,100,94.36,100,TGT
2025-10-22,9:32:21.882940040,T,94.13,100,94.35,100,TGT
2025-10-22,9:32:22.059435561,T,94.13,100,94.34,100,TGT
2025-10-22,9:32:23.565117880,T,94.13,200,94.34,100,TGT
2025-10-22,9:32:24.663229008,T,94.13,200,94.39,200,TGT
2025-10-22,9:32:26.778513436,T,94.13,100,94.39,200,TGT
2025-10-22,9:32:26.782222241,T,94.14,100,94.39,200,TGT
2025-10-22,9:32:26.782432751,T,94.14,200,94.39,200,TGT
2025-10-22,9:32:26.972340420,T,94.14,100,94.39,200,TGT
2025-10-22,9:32:29.277231602,T,94.12,100,94.39,200,TGT
2025-10-22,9:32:29.277722718,T,94.12,200,94.39,200,TGT
2025-10-22,9:32:29.277727726,T,94.14,100,94.39,200,TGT
2025-10-22,9:32:29.277938209,T,94.14,200,94.39,200,TGT
2025-10-22,9:32:29.278274075,T,94.17,100,94.39,200,TGT
2025-10-22,9:32:31.816922210,T,94.17,200,94.39,200,TGT
2025-10-22,9:32:32.856318464,T,94.18,300,94.39,200,TGT
2025-10-22,9:32:32.856383593,T,94.18,400,94.39,200,TGT
2025-10-22,9:32:32.856403560,T,94.18,300,94.39,200,TGT
2025-10-22,9:32:32.856443671,T,94.19,100,94.39,200,TGT
2025-10-22,9:32:32.856784620,T,94.19,200,94.39,200,TGT
2025-10-22,9:32:32.857020063,T,94.26,100,94.39,200,TGT
2025-10-22,9:32:32.857170459,T,94.26,200,94.39,200,TGT
2025-10-22,9:32:32.857345905,T,94.26,100,94.39,200,TGT
2025-10-22,9:32:32.857947345,T,94.26,100,94.49,200,TGT
2025-10-22,9:32:32.863430376,T,94.19,200,94.49,200,TGT
2025-10-22,9:32:32.867174237,T,94.19,100,94.49,200,TGT
2025-10-22,9:32:32.956371854,T,94.18,300,94.49,200,TGT
2025-10-22,9:32:33.348676519,T,94.18,300,94.49,100,TGT
2025-10-22,9:32:33.741843135,T,94.18,300,94.49,200,TGT
2025-10-22,9:32:33.741948441,T,94.18,300,94.43,100,TGT
2025-10-22,9:32:34.209497269,T,94.18,300,94.49,200,TGT
2025-10-22,9:32:42.535448262,T,94.18,400,94.49,200,TGT
2025-10-22,9:32:43.073174297,T,94.21,100,94.49,200,TGT
2025-10-22,9:32:43.084190661,T,94.18,400,94.49,200,TGT
2025-10-22,9:32:44.652487006,T,94.18,400,94.36,100,TGT
2025-10-22,9:32:44.656691980,T,94.21,100,94.36,100,TGT
2025-10-22,9:32:44.846313740,T,94.18,400,94.36,100,TGT
2025-10-22,9:32:47.398358925,T,94.24,100,94.36,100,TGT
2025-10-22,9:32:49.617966780,T,94.18,300,94.36,100,TGT
2025-10-22,9:32:49.662021815,T,94.18,300,94.35,100,TGT
2025-10-22,9:32:50.213159874,T,94.18,300,94.35,200,TGT
2025-10-22,9:32:50.213440547,T,94.18,300,94.33,100,TGT
2025-10-22,9:32:50.554688541,T,94.18,300,94.35,100,TGT
2025-10-22,9:32:51.054809985,T,94.18,300,94.35,200,TGT
2025-10-22,9:32:51.055100707,T,94.18,300,94.33,100,TGT
2025-10-22,9:32:51.649511876,T,94.16,100,94.33,100,TGT
2025-10-22,9:32:52.628203520,T,94.16,100,94.29,100,TGT
2025-10-22,9:32:52.805019763,T,94.16,100,94.35,100,TGT
2025-10-22,9:32:59.224994987,T,94.16,100,94.36,100,TGT
2025-10-22,9:32:59.225035076,T,94.17,100,94.36,100,TGT
2025-10-22,9:32:59.225055121,T,94.16,100,94.36,100,TGT
2025-10-22,9:32:59.225325784,T,94.17,100,94.36,100,TGT
2025-10-22,9:32:59.225360833,T,94.21,100,94.36,100,TGT
2025-10-22,9:32:59.225375919,T,94.22,100,94.36,100,TGT
2025-10-22,9:32:59.232081916,T,94.21,100,94.36,100,TGT
2025-10-22,9:32:59.235204303,T,94.23,100,94.36,100,TGT
2025-10-22,9:32:59.235229328,T,94.21,100,94.36,100,TGT
2025-10-22,9:32:59.238251544,T,94.17,100,94.36,100,TGT
2025-10-22,9:32:59.269475941,T,94.17,100,94.4,200,TGT
2025-10-22,9:32:59.425823420,T,94.16,100,94.4,200,TGT
2025-10-22,9:33:01.126916057,T,94.21,100,94.4,200,TGT
2025-10-22,9:33:01.127126634,T,94.21,200,94.4,200,TGT
2025-10-22,9:33:01.127261859,T,94.22,300,94.4,200,TGT
2025-10-22,9:33:01.127377183,T,94.21,200,94.4,200,TGT
2025-10-22,9:33:01.146678120,T,94.21,100,94.4,200,TGT
2025-10-22,9:33:01.146888642,T,94.16,100,94.4,200,TGT
2025-10-22,9:33:02.598261512,T,94.16,100,94.43,100,TGT
2025-10-22,9:33:02.609408003,T,94.17,100,94.43,100,TGT
2025-10-22,9:33:02.609408003,T,94.21,100,94.43,100,TGT
2025-10-22,9:33:02.609438158,T,94.22,100,94.43,100,TGT
2025-10-22,9:33:02.609443150,T,94.21,100,94.43,100,TGT
2025-10-22,9:33:02.609458122,T,94.22,100,94.43,100,TGT
2025-10-22,9:33:02.616439850,T,94.21,200,94.43,100,TGT
2025-10-22,9:33:02.616469811,T,94.23,100,94.43,100,TGT
2025-10-22,9:33:02.620018315,T,94.23,200,94.43,100,TGT
2025-10-22,9:33:02.660023592,T,94.23,200,94.47,300,TGT
2025-10-22,9:33:03.553602403,T,94.23,200,94.47,200,TGT
2025-10-22,9:33:05.684975156,T,94.23,300,94.47,200,TGT
2025-10-22,9:33:05.685005193,T,94.24,100,94.47,200,TGT
2025-10-22,9:33:05.692006941,T,94.23,200,94.47,200,TGT
2025-10-22,9:33:05.692036931,T,94.25,100,94.47,200,TGT
2025-10-22,9:33:05.692523104,T,94.23,200,94.47,200,TGT
2025-10-22,9:33:05.692733622,T,94.23,300,94.47,200,TGT
2025-10-22,9:33:05.694392608,T,94.25,100,94.47,200,TGT
2025-10-22,9:33:05.696998743,T,94.26,100,94.47,200,TGT
2025-10-22,9:33:05.705243394,T,94.26,200,94.47,200,TGT
2025-10-22,9:33:05.705348642,T,94.26,100,94.47,200,TGT
2025-10-22,9:33:08.933354284,T,94.26,200,94.47,200,TGT
2025-10-22,9:33:08.933369399,T,94.27,100,94.47,200,TGT
2025-10-22,9:33:08.933810385,T,94.27,200,94.47,200,TGT
2025-10-22,9:33:08.933875653,T,94.28,100,94.47,200,TGT
2025-10-22,9:33:08.933880842,T,94.31,100,94.47,200,TGT
2025-10-22,9:33:08.933890584,T,94.32,100,94.47,200,TGT
2025-10-22,9:33:08.933890584,T,94.34,100,94.47,200,TGT
2025-10-22,9:33:08.933965787,T,94.35,100,94.47,200,TGT
2025-10-22,9:33:08.934035875,T,94.36,100,94.47,200,TGT
2025-10-22,9:33:08.934421820,T,94.36,200,94.47,200,TGT
2025-10-22,9:33:08.934456932,T,94.37,300,94.47,200,TGT
2025-10-22,9:33:08.934948049,T,94.37,300,94.47,100,TGT
2025-10-22,9:33:08.934948049,T,94.36,200,94.47,100,TGT
2025-10-22,9:33:08.934973118,T,94.36,200,94.49,200,TGT
2025-10-22,9:33:08.934973118,T,94.36,200,94.49,100,TGT
2025-10-22,9:33:08.934973118,T,94.4,100,94.49,100,TGT
2025-10-22,9:33:08.934993189,T,94.43,100,94.49,100,TGT
2025-10-22,9:33:08.934998176,T,94.44,100,94.49,100,TGT
2025-10-22,9:33:08.935248891,T,94.44,100,94.5,100,TGT
2025-10-22,9:33:08.935298976,T,94.44,100,94.59,100,TGT
2025-10-22,9:33:08.935319092,T,94.45,100,94.59,100,TGT
2025-10-22,9:33:08.935454584,T,94.44,300,94.59,100,TGT
2025-10-22,9:33:08.935509413,T,94.44,200,94.59,100,TGT
2025-10-22,9:33:08.935549518,T,94.44,100,94.59,100,TGT
2025-10-22,9:33:08.935614733,T,94.45,100,94.59,100,TGT
2025-10-22,9:33:08.935624721,T,94.45,100,94.6,100,TGT
2025-10-22,9:33:08.935649741,T,94.45,200,94.6,100,TGT
2025-10-22,9:33:08.935675181,T,94.46,100,94.6,100,TGT
2025-10-22,9:33:08.935675181,T,94.47,100,94.6,100,TGT
2025-10-22,9:33:08.935690182,T,94.47,100,94.54,100,TGT
2025-10-22,9:33:08.935704857,T,94.46,100,94.54,100,TGT
2025-10-22,9:33:08.935730005,T,94.46,100,94.6,100,TGT
2025-10-22,9:33:08.935730005,T,94.46,100,94.49,100,TGT
2025-10-22,9:33:08.935740453,T,94.45,200,94.49,100,TGT
2025-10-22,9:33:08.935745030,T,94.45,100,94.49,100,TGT
2025-10-22,9:33:08.935785177,T,94.45,100,94.49,200,TGT
2025-10-22,9:33:08.935795219,T,94.45,100,94.49,300,TGT
2025-10-22,9:33:08.935820624,T,94.45,100,94.49,400,TGT
2025-10-22,9:33:08.935845243,T,94.45,100,94.49,300,TGT
2025-10-22,9:33:08.935880362,T,94.44,100,94.49,300,TGT
2025-10-22,9:33:08.935880362,T,94.44,100,94.49,200,TGT
2025-10-22,9:33:08.935895602,T,94.44,100,94.49,100,TGT
2025-10-22,9:33:08.935900372,T,94.44,100,94.47,100,TGT
2025-10-22,9:33:08.935930479,T,94.46,100,94.47,100,TGT
2025-10-22,9:33:08.935955455,T,94.46,100,94.47,200,TGT
2025-10-22,9:33:08.935955455,T,94.44,100,94.47,200,TGT
2025-10-22,9:33:08.935955455,T,94.44,100,94.47,300,TGT
2025-10-22,9:33:08.935975539,T,94.44,100,94.47,200,TGT
2025-10-22,9:33:08.936000659,T,94.44,100,94.46,100,TGT
2025-10-22,9:33:08.936015682,T,94.44,100,94.47,300,TGT
2025-10-22,9:33:08.936020801,T,94.44,100,94.47,200,TGT
2025-10-22,9:33:08.936025729,T,94.44,100,94.47,100,TGT
2025-10-22,9:33:08.936050892,T,94.44,100,94.47,200,TGT
2025-10-22,9:33:08.936050892,T,94.44,200,94.47,200,TGT
2025-10-22,9:33:08.936075939,T,94.44,100,94.47,200,TGT
2025-10-22,9:33:08.936456678,T,94.44,100,94.47,100,TGT
2025-10-22,9:33:08.936957932,T,94.43,100,94.47,100,TGT
2025-10-22,9:33:08.940300910,T,94.43,100,94.48,100,TGT
2025-10-22,9:33:08.940340987,T,94.45,100,94.48,100,TGT
2025-10-22,9:33:08.940355935,T,94.45,100,94.59,100,TGT
2025-10-22,9:33:08.940626587,T,94.45,100,94.6,100,TGT
2025-10-22,9:33:08.941378421,T,94.44,100,94.6,100,TGT
2025-10-22,9:33:08.941904636,T,94.46,100,94.6,100,TGT
2025-10-22,9:33:08.942130183,T,94.46,200,94.6,100,TGT
2025-10-22,9:33:08.943087460,T,94.46,100,94.6,100,TGT
2025-10-22,9:33:08.945027069,T,94.49,100,94.6,100,TGT
2025-10-22,9:33:08.945583438,T,94.43,100,94.6,100,TGT
2025-10-22,9:33:08.949001538,T,94.43,100,94.62,100,TGT
2025-10-22,9:33:08.967630960,T,94.43,200,94.62,100,TGT
2025-10-22,9:33:08.967711147,T,94.44,300,94.62,100,TGT
2025-10-22,9:33:08.981819736,T,94.44,300,94.56,100,TGT
2025-10-22,9:33:08.984751824,T,94.44,300,94.62,100,TGT
2025-10-22,9:33:08.991823605,T,94.44,300,94.61,200,TGT
2025-10-22,9:33:08.991858712,T,94.44,300,94.61,300,TGT
2025-10-22,9:33:08.992680685,T,94.44,300,94.6,100,TGT
2025-10-22,9:33:08.995923425,T,94.44,300,94.59,200,TGT
2025-10-22,9:33:08.998434406,T,94.44,300,94.6,100,TGT
2025-10-22,9:33:09.000724866,T,94.44,300,94.61,100,TGT
2025-10-22,9:33:09.636680034,T,94.44,100,94.61,100,TGT
2025-10-22,9:33:10.822214527,T,94.43,100,94.61,100,TGT
2025-10-22,9:33:11.589241936,T,94.42,100,94.61,100,TGT
2025-10-22,9:33:11.589271998,T,94.4,200,94.61,100,TGT
2025-10-22,9:33:12.690650985,T,94.4,200,94.55,600,TGT
2025-10-22,9:33:13.595837515,T,94.4,200,94.61,100,TGT
2025-10-22,9:33:14.377133784,T,94.4,200,94.6,100,TGT
2025-10-22,9:33:14.377173901,T,94.4,200,94.59,100,TGT
2025-10-22,9:33:14.822640181,T,94.4,200,94.6,100,TGT
2025-10-22,9:33:14.822870654,T,94.42,100,94.6,100,TGT
2025-10-22,9:33:14.822880988,T,94.42,100,94.61,100,TGT
2025-10-22,9:33:14.822900748,T,94.43,100,94.61,100,TGT
2025-10-22,9:33:14.822900748,T,94.42,100,94.61,100,TGT
2025-10-22,9:33:14.822915839,T,94.4,200,94.61,100,TGT
2025-10-22,9:33:14.822915839,T,94.42,100,94.61,100,TGT
2025-10-22,9:33:14.822926000,T,94.4,200,94.61,100,TGT
2025-10-22,9:33:14.822935886,T,94.4,200,94.53,100,TGT
2025-10-22,9:33:14.822945858,T,94.4,200,94.53,200,TGT
2025-10-22,9:33:14.823116726,T,94.42,100,94.53,200,TGT
2025-10-22,9:33:14.823131258,T,94.42,100,94.53,100,TGT
2025-10-22,9:33:14.823131258,T,94.42,100,94.61,100,TGT
2025-10-22,9:33:14.823211706,T,94.49,100,94.61,100,TGT
2025-10-22,9:33:14.823392690,T,94.51,100,94.61,100,TGT
2025-10-22,9:33:14.823938194,T,94.51,100,94.55,600,TGT
2025-10-22,9:33:14.823958305,T,94.51,200,94.55,600,TGT
2025-10-22,9:33:14.823968307,T,94.51,200,94.61,100,TGT
2025-10-22,9:33:14.823968307,T,94.51,200,94.62,100,TGT
2025-10-22,9:33:14.823988383,T,94.53,100,94.62,100,TGT
2025-10-22,9:33:14.823998391,T,94.53,100,94.65,100,TGT
2025-10-22,9:33:14.824068550,T,94.53,100,94.59,100,TGT
2025-10-22,9:33:14.824544624,T,94.51,100,94.59,100,TGT
2025-10-22,9:33:14.825071329,T,94.46,100,94.59,100,TGT
2025-10-22,9:33:18.629795555,T,94.42,100,94.59,100,TGT
2025-10-22,9:33:19.553405932,T,94.42,200,94.59,100,TGT
2025-10-22,9:33:20.034236384,T,94.46,100,94.59,100,TGT
2025-10-22,9:33:20.636626620,T,94.46,200,94.59,100,TGT
2025-10-22,9:33:22.240477671,T,94.51,100,94.59,100,TGT
2025-10-22,9:33:22.240537764,T,94.46,100,94.59,100,TGT
2025-10-22,9:33:22.241259762,T,94.48,100,94.59,100,TGT
2025-10-22,9:33:22.241314580,T,94.49,100,94.59,100,TGT
2025-10-22,9:33:22.241324818,T,94.48,100,94.59,100,TGT
2025-10-22,9:33:22.241339732,T,94.49,100,94.59,100,TGT
2025-10-22,9:33:22.241359801,T,94.48,100,94.59,100,TGT
2025-10-22,9:33:22.241449947,T,94.49,100,94.59,100,TGT
2025-10-22,9:33:22.260515370,T,94.48,100,94.59,100,TGT
2025-10-22,9:33:22.289298970,T,94.46,100,94.59,100,TGT
2025-10-22,9:33:22.597152384,T,94.46,100,94.56,100,TGT
2025-10-22,9:33:24.457609808,T,94.47,100,94.56,100,TGT
2025-10-22,9:33:24.457644911,T,94.46,100,94.56,100,TGT
2025-10-22,9:33:24.502040715,T,94.46,100,94.59,100,TGT
2025-10-22,9:33:24.502060776,T,94.46,100,94.65,100,TGT
2025-10-22,9:33:24.502075701,T,94.47,100,94.65,100,TGT
2025-10-22,9:33:24.502085788,T,94.52,100,94.65,100,TGT
2025-10-22,9:33:24.602129148,T,94.46,100,94.65,100,TGT
2025-10-22,9:33:26.702447998,T,94.46,200,94.65,100,TGT
2025-10-22,9:33:26.702628402,T,94.46,300,94.65,100,TGT
2025-10-22,9:33:26.712582036,T,94.46,200,94.65,100,TGT
2025-10-22,9:33:26.777186488,T,94.47,100,94.65,100,TGT
2025-10-22,9:33:26.777201076,T,94.53,100,94.65,100,TGT
2025-10-22,9:33:26.777201076,T,94.53,100,94.68,100,TGT
2025-10-22,9:33:26.777261235,T,94.47,100,94.68,100,TGT
2025-10-22,9:33:26.777371469,T,94.47,100,94.7,100,TGT
2025-10-22,9:33:26.777401533,T,94.47,200,94.7,100,TGT
2025-10-22,9:33:26.777592004,T,94.49,100,94.7,100,TGT
2025-10-22,9:33:26.777611982,T,94.47,200,94.7,100,TGT
2025-10-22,9:33:26.777637086,T,94.56,100,94.7,100,TGT
2025-10-22,9:33:26.777822468,T,94.47,200,94.7,100,TGT
2025-10-22,9:33:26.778002973,T,94.49,100,94.7,100,TGT
2025-10-22,9:33:26.778043057,T,94.54,100,94.7,100,TGT
2025-10-22,9:33:26.778433975,T,94.58,100,94.7,100,TGT
2025-10-22,9:33:26.778474063,T,94.58,100,94.71,100,TGT
2025-10-22,9:33:26.779215788,T,94.58,100,94.65,100,TGT
2025-10-22,9:33:26.779561704,T,94.54,100,94.65,100,TGT
2025-10-22,9:33:26.787064572,T,94.47,200,94.65,100,TGT
2025-10-22,9:33:26.787440443,T,94.47,100,94.65,100,TGT
2025-10-22,9:33:26.977648614,T,94.46,100,94.65,100,TGT
2025-10-22,9:33:27.145523561,T,94.46,100,94.71,100,TGT
2025-10-22,9:33:27.151332366,T,94.5,100,94.71,100,TGT
2025-10-22,9:33:27.157857946,T,94.5,100,94.73,300,TGT
2025-10-22,9:33:27.341094551,T,94.5,100,94.71,100,TGT
2025-10-22,9:33:27.341295381,T,94.5,100,94.73,300,TGT
2025-10-22,9:33:27.341340069,T,94.51,100,94.73,300,TGT
2025-10-22,9:33:27.342337429,T,94.5,100,94.73,300,TGT
2025-10-22,9:33:27.348381809,T,94.52,100,94.73,300,TGT
2025-10-22,9:33:27.348857962,T,94.5,100,94.73,300,TGT
2025-10-22,9:33:29.085179533,T,94.5,100,94.71,100,TGT
2025-10-22,9:33:29.783322865,T,94.5,100,94.73,300,TGT
2025-10-22,9:33:29.783367995,T,94.51,100,94.73,300,TGT
2025-10-22,9:33:29.784199949,T,94.51,200,94.73,300,TGT
2025-10-22,9:33:29.790384720,T,94.51,100,94.73,300,TGT
2025-10-22,9:33:30.726485004,T,94.51,100,94.71,100,TGT
2025-10-22,9:33:33.269739203,T,94.51,100,94.65,100,TGT
2025-10-22,9:33:33.269949785,T,94.47,100,94.65,100,TGT
2025-10-22,9:33:33.270516069,T,94.47,100,94.71,100,TGT
2025-10-22,9:33:35.833787745,T,94.46,100,94.71,100,TGT
2025-10-22,9:33:39.613567871,T,94.46,100,94.7,100,TGT
2025-10-22,9:33:39.801189830,T,94.46,100,94.71,100,TGT
2025-10-22,9:33:40.022161246,T,94.46,100,94.6,100,TGT
2025-10-22,9:33:41.187858485,T,94.41,100,94.6,100,TGT
2025-10-22,9:33:45.399733170,T,94.41,100,94.68,100,TGT
2025-10-22,9:33:45.399758049,T,94.46,100,94.68,100,TGT
2025-10-22,9:33:45.399763070,T,94.51,100,94.68,100,TGT
2025-10-22,9:33:45.399823191,T,94.51,100,94.63,100,TGT
2025-10-22,9:33:45.400164041,T,94.51,100,94.7,100,TGT
2025-10-22,9:33:45.600596561,T,94.5,100,94.7,100,TGT
2025-10-22,9:33:46.033422661,T,94.46,100,94.7,100,TGT
2025-10-22,9:33:46.033452715,T,94.41,100,94.7,100,TGT
2025-10-22,9:33:46.033457814,T,94.47,100,94.7,100,TGT
2025-10-22,9:33:49.243786150,T,94.47,100,94.63,100,TGT
2025-10-22,9:33:49.243796440,T,94.47,100,94.7,100,TGT
2025-10-22,9:33:49.243801226,T,94.47,100,94.63,100,TGT
2025-10-22,9:33:49.243821216,T,94.46,100,94.63,100,TGT
2025-10-22,9:33:49.243826215,T,94.46,100,94.57,100,TGT
2025-10-22,9:33:49.243841263,T,94.46,100,94.56,100,TGT
2025-10-22,9:33:49.243866374,T,94.46,100,94.55,100,TGT
2025-10-22,9:33:49.243881316,T,94.46,100,94.56,100,TGT
2025-10-22,9:33:49.244131997,T,94.46,100,94.55,100,TGT
2025-10-22,9:33:49.244257235,T,94.46,100,94.56,100,TGT
2025-10-22,9:33:49.244267645,T,94.47,100,94.56,100,TGT
2025-10-22,9:33:49.244292379,T,94.47,100,94.59,100,TGT
2025-10-22,9:33:49.244317386,T,94.47,100,94.63,100,TGT
2025-10-22,9:33:49.244332721,T,94.47,200,94.63,100,TGT
2025-10-22,9:33:49.244357492,T,94.47,200,94.59,100,TGT
2025-10-22,9:33:49.244412591,T,94.47,100,94.59,100,TGT
2025-10-22,9:33:49.244442661,T,94.46,100,94.59,100,TGT
2025-10-22,9:33:49.244442661,T,94.46,100,94.54,100,TGT
2025-10-22,9:33:49.244548089,T,94.46,100,94.53,100,TGT
2025-10-22,9:33:49.244578043,T,94.47,100,94.53,100,TGT
2025-10-22,9:33:49.244578043,T,94.47,200,94.53,100,TGT
2025-10-22,9:33:49.244638286,T,94.47,200,94.53,200,TGT
2025-10-22,9:33:49.244723389,T,94.47,200,94.52,100,TGT
2025-10-22,9:33:49.244743436,T,94.47,200,94.53,200,TGT
2025-10-22,9:33:49.244763456,T,94.47,200,94.53,100,TGT
2025-10-22,9:33:49.244778587,T,94.47,200,94.54,100,TGT
2025-10-22,9:33:49.244788656,T,94.47,200,94.54,200,TGT
2025-10-22,9:33:49.244813554,T,94.47,200,94.54,100,TGT
2025-10-22,9:33:49.244818841,T,94.47,200,94.54,200,TGT
2025-10-22,9:33:49.244828651,T,94.47,200,94.54,100,TGT
2025-10-22,9:33:49.245109382,T,94.47,100,94.54,100,TGT
2025-10-22,9:33:49.245114340,T,94.48,100,94.54,100,TGT
2025-10-22,9:33:49.245134412,T,94.48,200,94.54,100,TGT
2025-10-22,9:33:49.245169444,T,94.5,100,94.54,100,TGT
2025-10-22,9:33:49.245189432,T,94.5,200,94.54,100,TGT
2025-10-22,9:33:49.245364912,T,94.5,100,94.54,100,TGT
2025-10-22,9:33:49.245405039,T,94.46,100,94.54,100,TGT
2025-10-22,9:33:49.245425225,T,94.46,100,94.51,100,TGT
2025-10-22,9:33:49.246482660,T,94.46,100,94.57,100,TGT
2025-10-22,9:33:49.249750313,T,94.41,100,94.57,100,TGT
2025-10-22,9:33:49.254642003,T,94.41,100,94.63,100,TGT
2025-10-22,9:33:49.256591692,T,94.41,100,94.65,100,TGT
2025-10-22,9:33:49.256601694,T,94.48,100,94.65,100,TGT
2025-10-22,9:33:49.260180218,T,94.41,100,94.65,100,TGT
2025-10-22,9:33:49.622994588,T,94.41,100,94.53,100,TGT
2025-10-22,9:33:53.646314718,T,94.41,100,94.68,300,TGT
2025-10-22,9:33:53.646334783,T,94.51,100,94.68,300,TGT
2025-10-22,9:33:53.646334783,T,94.51,200,94.68,300,TGT
2025-10-22,9:33:53.646891035,T,94.51,100,94.68,300,TGT
2025-10-22,9:33:53.647512579,T,94.47,100,94.68,300,TGT
2025-10-22,9:33:53.990234143,T,94.46,100,94.68,300,TGT
2025-10-22,9:33:55.274654229,T,94.46,100,94.65,100,TGT
2025-10-22,9:33:55.274659244,T,94.46,100,94.63,100,TGT
2025-10-22,9:33:55.274679378,T,94.46,100,94.62,100,TGT
2025-10-22,9:33:55.274699387,T,94.46,100,94.63,100,TGT
2025-10-22,9:33:55.274709386,T,94.46,100,94.62,100,TGT
2025-10-22,9:33:55.275581467,T,94.41,100,94.62,100,TGT
2025-10-22,9:33:55.280032091,T,94.41,100,94.63,100,TGT
2025-10-22,9:33:55.281696105,T,94.41,100,94.65,100,TGT
2025-10-22,9:33:55.294832394,T,94.41,100,94.68,300,TGT
2025-10-22,9:33:58.659408163,T,94.41,100,94.55,100,TGT
2025-10-22,9:34:00.720548926,T,94.41,100,94.65,100,TGT
2025-10-22,9:34:00.720553581,T,94.41,100,94.68,300,TGT
2025-10-22,9:34:00.720553581,T,94.46,100,94.68,300,TGT
2025-10-22,9:34:00.720568626,T,94.47,100,94.68,300,TGT
2025-10-22,9:34:00.720573712,T,94.51,100,94.68,300,TGT
2025-10-22,9:34:00.720794320,T,94.53,100,94.68,300,TGT
2025-10-22,9:34:00.720824439,T,94.51,200,94.68,300,TGT
2025-10-22,9:34:00.720849332,T,94.51,100,94.68,300,TGT
2025-10-22,9:34:00.720854334,T,94.51,100,94.65,100,TGT
2025-10-22,9:34:00.720909689,T,94.52,100,94.65,100,TGT
2025-10-22,9:34:00.720914958,T,94.52,100,94.68,300,TGT
2025-10-22,9:34:00.720934542,T,94.54,100,94.68,300,TGT
2025-10-22,9:34:00.721325413,T,94.54,100,94.65,100,TGT
2025-10-22,9:34:00.721330442,T,94.54,100,94.63,100,TGT
2025-10-22,9:34:00.721341166,T,94.53,100,94.63,100,TGT
2025-10-22,9:34:00.721345560,T,94.53,100,94.62,100,TGT
2025-10-22,9:34:00.721350480,T,94.53,100,94.63,100,TGT
2025-10-22,9:34:00.721355573,T,94.51,100,94.63,100,TGT
2025-10-22,9:34:00.721375587,T,94.51,100,94.62,100,TGT
2025-10-22,9:34:00.721385591,T,94.51,100,94.55,100,TGT
2025-10-22,9:34:00.721395596,T,94.51,100,94.62,100,TGT
2025-10-22,9:34:00.721455806,T,94.51,100,94.63,100,TGT
2025-10-22,9:34:00.721801629,T,94.51,100,94.65,100,TGT
2025-10-22,9:34:00.820632001,T,94.47,100,94.65,100,TGT
2025-10-22,9:34:00.920675358,T,94.46,100,94.65,100,TGT
2025-10-22,9:34:01.041022092,T,94.47,100,94.65,100,TGT
2025-10-22,9:34:01.041052161,T,94.46,100,94.65,100,TGT
2025-10-22,9:34:01.990649488,T,94.47,100,94.65,100,TGT
2025-10-22,9:34:02.643725490,T,94.47,100,94.68,300,TGT
2025-10-22,9:34:02.643780658,T,94.49,100,94.68,300,TGT
2025-10-22,9:34:02.643800696,T,94.47,100,94.68,300,TGT
2025-10-22,9:34:02.646221427,T,94.49,100,94.68,300,TGT
2025-10-22,9:34:02.650797278,T,94.47,100,94.68,300,TGT
2025-10-22,9:34:03.782969614,T,94.47,100,94.63,100,TGT
2025-10-22,9:34:03.966561909,T,94.47,100,94.56,100,TGT
2025-10-22,9:34:04.075777090,T,94.47,100,94.55,100,TGT
2025-10-22,9:34:04.076458720,T,94.46,100,94.55,100,TGT
2025-10-22,9:34:04.082057058,T,94.41,100,94.55,100,TGT
2025-10-22,9:34:04.082087179,T,94.41,100,94.53,100,TGT
2025-10-22,9:34:04.090737753,T,94.41,100,94.52,100,TGT
2025-10-22,9:34:04.220557042,T,94.36,300,94.52,100,TGT
2025-10-22,9:34:12.341404681,T,94.36,300,94.53,100,TGT
2025-10-22,9:34:12.341424726,T,94.36,300,94.55,100,TGT
2025-10-22,9:34:12.341499838,T,94.36,300,94.55,200,TGT
2025-10-22,9:34:12.341620461,T,94.36,200,94.55,200,TGT
2025-10-22,9:34:12.341630182,T,94.36,200,94.53,100,TGT
2025-10-22,9:34:12.341635487,T,94.36,200,94.5,100,TGT
2025-10-22,9:34:12.341695445,T,94.36,200,94.52,100,TGT
2025-10-22,9:34:12.341710385,T,94.36,200,94.53,100,TGT
2025-10-22,9:34:12.341940996,T,94.47,100,94.53,100,TGT
2025-10-22,9:34:12.341960971,T,94.47,100,94.62,100,TGT
2025-10-22,9:34:12.342096352,T,94.36,200,94.62,100,TGT
2025-10-22,9:34:12.342116648,T,94.36,200,94.53,100,TGT
2025-10-22,9:34:12.342121312,T,94.36,200,94.51,100,TGT
2025-10-22,9:34:12.343594913,T,94.36,200,94.53,100,TGT
2025-10-22,9:34:12.343755305,T,94.36,300,94.53,100,TGT
2025-10-22,9:34:12.343760270,T,94.36,300,94.51,100,TGT
2025-10-22,9:34:12.344191291,T,94.36,300,94.53,100,TGT
2025-10-22,9:34:12.348626862,T,94.36,300,94.52,100,TGT
2025-10-22,9:34:12.359803525,T,94.36,200,94.52,100,TGT
2025-10-22,9:34:12.393308371,T,94.36,200,94.49,100,TGT
2025-10-22,9:34:12.420002224,T,94.36,200,94.48,100,TGT
2025-10-22,9:34:12.420067103,T,94.36,200,94.47,100,TGT
2025-10-22,9:34:12.420337748,T,94.36,200,94.48,100,TGT
2025-10-22,9:34:12.420357796,T,94.44,100,94.48,100,TGT
2025-10-22,9:34:12.420367799,T,94.46,100,94.48,100,TGT
2025-10-22,9:34:12.420553243,T,94.44,100,94.48,100,TGT
2025-10-22,9:34:12.420828888,T,94.44,100,94.47,100,TGT
2025-10-22,9:34:12.420899077,T,94.44,100,94.48,100,TGT
2025-10-22,9:34:12.420929098,T,94.46,100,94.48,100,TGT
2025-10-22,9:34:12.420964196,T,94.46,100,94.52,100,TGT
2025-10-22,9:34:12.422407638,T,94.46,100,94.51,100,TGT
2025-10-22,9:34:12.452619676,T,94.46,100,94.52,100,TGT
2025-10-22,9:34:12.542418708,T,94.46,100,94.53,100,TGT
2025-10-22,9:34:12.956124225,T,94.41,100,94.53,100,TGT
2025-10-22,9:34:12.956169335,T,94.36,200,94.53,100,TGT
2025-10-22,9:34:12.956179320,T,94.36,200,94.63,100,TGT
2025-10-22,9:34:12.956189383,T,94.36,200,94.47,100,TGT
2025-10-22,9:34:12.956710857,T,94.36,200,94.53,100,TGT
2025-10-22,9:34:12.956715571,T,94.36,200,94.63,100,TGT
2025-10-22,9:34:12.956735666,T,94.44,100,94.63,100,TGT
2025-10-22,9:34:12.957111622,T,94.44,200,94.63,100,TGT
2025-10-22,9:34:12.957452337,T,94.44,100,94.63,100,TGT
2025-10-22,9:34:12.957482451,T,94.44,100,94.51,100,TGT
2025-10-22,9:34:12.957502514,T,94.44,100,94.52,100,TGT
2025-10-22,9:34:12.957502514,T,94.44,100,94.63,100,TGT
2025-10-22,9:34:12.957512569,T,94.44,100,94.53,100,TGT
2025-10-22,9:34:12.958565022,T,94.44,100,94.52,100,TGT
2025-10-22,9:34:13.056758912,T,94.42,100,94.52,100,TGT
2025-10-22,9:34:13.056789079,T,94.41,100,94.52,100,TGT
2025-10-22,9:34:13.361249353,T,94.41,100,94.51,100,TGT
2025-10-22,9:34:14.081339926,T,94.36,300,94.51,100,TGT
2025-10-22,9:34:14.081359948,T,94.36,200,94.51,100,TGT
2025-10-22,9:34:14.081385012,T,94.36,200,94.47,100,TGT
2025-10-22,9:34:14.082176891,T,94.36,200,94.47,200,TGT
2025-10-22,9:34:14.082252049,T,94.36,300,94.47,200,TGT
2025-10-22,9:34:14.082412419,T,94.36,300,94.47,100,TGT
2025-10-22,9:34:14.088897940,T,94.36,200,94.47,100,TGT
2025-10-22,9:34:14.089003189,T,94.36,200,94.46,100,TGT
2025-10-22,9:34:14.089233711,T,94.31,100,94.46,100,TGT
2025-10-22,9:34:14.089258821,T,94.3,200,94.46,100,TGT
2025-10-22,9:34:14.089293876,T,94.3,300,94.46,100,TGT
2025-10-22,9:34:14.089404172,T,94.3,200,94.46,100,TGT
2025-10-22,9:34:14.089559525,T,94.3,200,94.47,100,TGT
2025-10-22,9:34:14.091393820,T,94.46,100,94.47,100,TGT
2025-10-22,9:34:14.091674476,T,94.46,100,94.51,100,TGT
2025-10-22,9:34:14.091945174,T,94.46,100,94.5,100,TGT
2025-10-22,9:34:14.091950223,T,94.3,300,94.5,100,TGT
2025-10-22,9:34:14.091970179,T,94.3,200,94.5,100,TGT
2025-10-22,9:34:14.092075445,T,94.3,300,94.5,100,TGT
2025-10-22,9:34:14.092090536,T,94.3,200,94.5,100,TGT
2025-10-22,9:34:14.092250845,T,94.3,200,94.51,200,TGT
2025-10-22,9:34:14.092285942,T,94.3,200,94.51,100,TGT
2025-10-22,9:34:14.092381209,T,94.3,300,94.51,100,TGT
2025-10-22,9:34:14.989458420,T,94.3,200,94.51,100,TGT
2025-10-22,9:34:15.775085041,T,94.3,300,94.51,100,TGT
2025-10-22,9:34:15.775180257,T,94.31,100,94.51,100,TGT
2025-10-22,9:34:15.775796790,T,94.31,100,94.5,100,TGT
2025-10-22,9:34:24.137457754,T,94.37,100,94.5,100,TGT
2025-10-22,9:34:24.307086895,T,94.37,200,94.5,100,TGT
2025-10-22,9:34:24.703331023,T,94.38,100,94.5,100,TGT
2025-10-22,9:34:24.707571103,T,94.37,200,94.5,100,TGT
2025-10-22,9:34:27.094417608,T,94.37,100,94.5,100,TGT
2025-10-22,9:34:29.132217494,T,94.36,100,94.5,100,TGT
2025-10-22,9:34:29.132252603,T,94.39,100,94.5,100,TGT
2025-10-22,9:34:30.865832805,T,94.39,100,94.44,100,TGT
2025-10-22,9:34:30.865872918,T,94.39,100,94.48,100,TGT
2025-10-22,9:34:30.866389073,T,94.39,100,94.5,200,TGT
2025-10-22,9:34:30.866810124,T,94.39,100,94.45,100,TGT
2025-10-22,9:34:30.899818718,T,94.39,100,94.44,100,TGT
2025-10-22,9:34:30.900124462,T,94.39,100,94.42,100,TGT
2025-10-22,9:34:30.902024007,T,94.39,100,94.45,100,TGT
2025-10-22,9:34:30.902039046,T,94.31,100,94.45,100,TGT
2025-10-22,9:34:30.902059131,T,94.31,100,94.41,100,TGT
2025-10-22,9:34:30.902069419,T,94.3,300,94.41,100,TGT
2025-10-22,9:34:30.902074160,T,94.3,200,94.41,100,TGT
2025-10-22,9:34:30.902615431,T,94.3,200,94.46,100,TGT
2025-10-22,9:34:30.902670574,T,94.3,200,94.45,100,TGT
2025-10-22,9:34:30.911626933,T,94.3,200,94.46,100,TGT
2025-10-22,9:34:30.927464635,T,94.3,200,94.48,100,TGT
2025-10-22,9:34:30.927499702,T,94.3,200,94.5,200,TGT
2025-10-22,9:34:31.116885842,T,94.3,200,94.41,100,TGT
2025-10-22,9:34:31.717622080,T,94.3,200,94.41,200,TGT
2025-10-22,9:34:31.717782442,T,94.25,100,94.41,200,TGT
2025-10-22,9:34:31.717792503,T,94.25,300,94.41,200,TGT
2025-10-22,9:34:31.717902701,T,94.25,300,94.4,100,TGT
2025-10-22,9:34:31.724533493,T,94.25,300,94.41,200,TGT
2025-10-22,9:34:31.731344811,T,94.25,300,94.39,100,TGT
2025-10-22,9:34:31.731364805,T,94.25,300,94.4,100,TGT
2025-10-22,9:34:31.752510154,T,94.25,300,94.41,100,TGT
2025-10-22,9:34:31.869062793,T,94.25,200,94.41,100,TGT
2025-10-22,9:34:31.869158108,T,94.25,300,94.41,100,TGT
2025-10-22,9:34:31.869223494,T,94.25,200,94.41,100,TGT
2025-10-22,9:34:31.870070184,T,94.25,300,94.41,100,TGT
2025-10-22,9:34:31.870070184,T,94.32,100,94.41,100,TGT
2025-10-22,9:34:31.871233097,T,94.25,300,94.41,100,TGT
2025-10-22,9:34:31.881387228,T,94.25,200,94.41,100,TGT
2025-10-22,9:34:42.463002131,T,94.25,300,94.41,100,TGT
2025-10-22,9:34:42.463062214,T,94.3,100,94.41,100,TGT
2025-10-22,9:34:42.463077271,T,94.25,300,94.41,100,TGT
2025-10-22,9:34:42.463593490,T,94.32,100,94.41,100,TGT
2025-10-22,9:34:42.463643643,T,94.32,200,94.41,100,TGT
2025-10-22,9:34:42.463648705,T,94.32,100,94.41,100,TGT
2025-10-22,9:34:42.463648705,T,94.32,200,94.41,100,TGT
2025-10-22,9:34:42.464064642,T,94.35,100,94.41,100,TGT
2025-10-22,9:34:42.464280191,T,94.35,100,94.4,200,TGT
2025-10-22,9:34:42.466816244,T,94.35,100,94.41,100,TGT
2025-10-22,9:34:42.466861348,T,94.35,100,94.49,300,TGT
2025-10-22,9:34:42.466871384,T,94.34,100,94.49,300,TGT
2025-10-22,9:34:42.466881336,T,94.39,100,94.49,300,TGT
2025-10-22,9:34:42.466886579,T,94.39,200,94.49,300,TGT
2025-10-22,9:34:42.467447739,T,94.39,100,94.49,300,TGT
2025-10-22,9:34:42.467467805,T,94.39,100,94.48,100,TGT
2025-10-22,9:34:42.467482757,T,94.39,100,94.46,100,TGT
2025-10-22,9:34:42.467508004,T,94.39,100,94.45,100,TGT
2025-10-22,9:34:42.467512947,T,94.39,100,94.46,100,TGT
2025-10-22,9:34:42.477571795,T,94.34,100,94.46,100,TGT
2025-10-22,9:34:42.478870065,T,94.32,100,94.46,100,TGT
2025-10-22,9:34:42.480664192,T,94.32,100,94.42,100,TGT
2025-10-22,9:34:42.488202164,T,94.31,100,94.42,100,TGT
2025-10-22,9:34:42.491349968,T,94.31,100,94.46,100,TGT
2025-10-22,9:34:42.491354672,T,94.32,100,94.46,100,TGT
2025-10-22,9:34:42.491364682,T,94.34,100,94.46,100,TGT
2025-10-22,9:34:42.491364682,T,94.35,100,94.46,100,TGT
2025-10-22,9:34:42.491369738,T,94.38,100,94.46,100,TGT
2025-10-22,9:34:42.491730603,T,94.38,100,94.42,200,TGT
2025-10-22,9:34:42.491891000,T,94.38,100,94.42,700,TGT
2025-10-22,9:34:42.492071331,T,94.38,100,94.41,100,TGT
2025-10-22,9:34:42.492091460,T,94.38,100,94.41,500,TGT
2025-10-22,9:34:42.492096496,T,94.38,100,94.41,800,TGT
2025-10-22,9:34:42.492402202,T,94.38,100,94.4,200,TGT
2025-10-22,9:34:42.492427171,T,94.38,100,94.4,600,TGT
2025-10-22,9:34:42.492427171,T,94.38,100,94.4,900,TGT
2025-10-22,9:34:42.492452241,T,94.35,100,94.4,900,TGT
2025-10-22,9:34:42.492708141,T,94.35,100,94.4,700,TGT
2025-10-22,9:34:42.492708141,T,94.35,100,94.4,200,TGT
2025-10-22,9:34:42.492708141,T,94.35,100,94.4,100,TGT
2025-10-22,9:34:42.492948442,T,94.32,200,94.4,100,TGT
2025-10-22,9:34:42.492993622,T,94.32,200,94.41,100,TGT
2025-10-22,9:34:42.492993622,T,94.32,200,94.39,100,TGT
2025-10-22,9:34:42.493204066,T,94.35,100,94.39,100,TGT
2025-10-22,9:34:42.493314605,T,94.35,100,94.41,100,TGT
2025-10-22,9:34:42.493314605,T,94.35,100,94.39,100,TGT
2025-10-22,9:34:42.511557798,T,94.31,100,94.39,100,TGT
2025-10-22,9:34:42.511578233,T,94.31,100,94.39,200,TGT
2025-10-22,9:34:42.511578233,T,94.31,100,94.37,100,TGT
2025-10-22,9:34:42.511603022,T,94.31,100,94.37,200,TGT
2025-10-22,9:34:42.512134151,T,94.31,100,94.37,100,TGT
2025-10-22,9:34:42.515632552,T,94.3,100,94.37,100,TGT
2025-10-22,9:34:42.515652646,T,94.25,300,94.37,100,TGT
2025-10-22,9:34:42.537284097,T,94.25,200,94.37,100,TGT
2025-10-22,9:34:43.597194328,T,94.25,200,94.36,100,TGT
2025-10-22,9:34:43.597219336,T,94.25,200,94.36,200,TGT
2025-10-22,9:34:43.759736535,T,94.3,100,94.36,200,TGT
2025-10-22,9:34:43.789312070,T,94.32,100,94.36,200,TGT
2025-10-22,9:34:43.789432318,T,94.32,100,94.36,100,TGT
2025-10-22,9:34:43.789432318,T,94.32,100,94.45,100,TGT
2025-10-22,9:34:43.789432318,T,94.32,100,94.46,100,TGT
2025-10-22,9:34:43.789452309,T,94.35,100,94.46,100,TGT
2025-10-22,9:34:43.789467366,T,94.35,100,94.47,100,TGT
2025-10-22,9:34:43.789487434,T,94.35,100,94.48,100,TGT
2025-10-22,9:34:43.789507509,T,94.35,100,94.46,100,TGT
2025-10-22,9:34:43.789532536,T,94.35,100,94.48,100,TGT
2025-10-22,9:34:43.789572670,T,94.35,100,94.46,100,TGT
2025-10-22,9:34:43.790179145,T,94.35,200,94.46,100,TGT
2025-10-22,9:34:43.790489925,T,94.35,200,94.45,100,TGT
2025-10-22,9:34:43.790509871,T,94.35,200,94.46,100,TGT
2025-10-22,9:34:43.790559948,T,94.35,200,94.48,100,TGT
2025-10-22,9:34:43.790590024,T,94.35,200,94.46,100,TGT
2025-10-22,9:34:43.790880803,T,94.35,100,94.46,100,TGT
2025-10-22,9:34:43.790885780,T,94.35,200,94.46,100,TGT
2025-10-22,9:34:43.790900819,T,94.35,100,94.46,100,TGT
2025-10-22,9:34:43.790900819,T,94.35,200,94.46,100,TGT
2025-10-22,9:34:43.790955968,T,94.35,100,94.46,100,TGT
2025-10-22,9:34:43.791276692,T,94.34,200,94.46,100,TGT
2025-10-22,9:34:43.791502260,T,94.34,300,94.46,100,TGT
2025-10-22,9:34:43.889470633,T,94.34,200,94.46,100,TGT
2025-10-22,9:34:43.990195662,T,94.34,100,94.46,100,TGT
2025-10-22,9:34:45.097639070,T,94.34,100,94.48,100,TGT
2025-10-22,9:34:45.353869515,T,94.36,100,94.48,100,TGT
2025-10-22,9:34:46.570402770,T,94.36,100,94.46,100,TGT
2025-10-22,9:34:46.570407765,T,94.36,100,94.48,100,TGT
2025-10-22,9:34:49.120082266,T,94.36,100,94.46,100,TGT
2025-10-22,9:34:50.438012002,T,94.36,100,94.48,100,TGT
2025-10-22,9:34:50.438032012,T,94.36,200,94.48,100,TGT
2025-10-22,9:34:50.438067069,T,94.37,100,94.48,100,TGT
2025-10-22,9:34:50.438077173,T,94.39,100,94.48,100,TGT
2025-10-22,9:34:50.438147284,T,94.37,100,94.48,100,TGT
2025-10-22,9:34:50.438207472,T,94.37,200,94.48,100,TGT
2025-10-22,9:34:50.438217488,T,94.37,100,94.48,100,TGT
2025-10-22,9:34:50.438222460,T,94.39,100,94.48,100,TGT
2025-10-22,9:34:50.438327799,T,94.37,100,94.48,100,TGT
2025-10-22,9:34:50.438332826,T,94.37,200,94.48,100,TGT
2025-10-22,9:34:50.438387902,T,94.37,100,94.48,100,TGT
2025-10-22,9:34:50.438392859,T,94.39,100,94.48,100,TGT
2025-10-22,9:34:50.438453048,T,94.39,100,94.45,200,TGT
2025-10-22,9:34:50.438528220,T,94.37,100,94.45,200,TGT
2025-10-22,9:34:50.438528220,T,94.39,100,94.45,200,TGT
2025-10-22,9:34:50.438673511,T,94.36,100,94.45,200,TGT
2025-10-22,9:34:50.438673511,T,94.39,100,94.45,200,TGT
2025-10-22,9:34:50.438693576,T,94.37,100,94.45,200,TGT
2025-10-22,9:34:50.438884116,T,94.36,100,94.45,200,TGT
2025-10-22,9:34:50.438884116,T,94.37,100,94.45,200,TGT
2025-10-22,9:34:50.439019402,T,94.36,100,94.45,200,TGT
2025-10-22,9:34:50.439019402,T,94.37,100,94.45,200,TGT
2025-10-22,9:34:50.439064478,T,94.36,200,94.45,200,TGT
2025-10-22,9:34:50.486703333,T,94.39,100,94.45,200,TGT
2025-10-22,9:34:50.486708042,T,94.41,100,94.45,200,TGT
2025-10-22,9:34:50.487264284,T,94.4,100,94.45,200,TGT
2025-10-22,9:34:50.494346218,T,94.36,200,94.45,200,TGT
2025-10-22,9:34:51.259208549,T,94.36,100,94.45,200,TGT
2025-10-22,9:34:51.260020527,T,94.36,100,94.45,500,TGT
2025-10-22,9:34:51.288047303,T,94.36,100,94.44,200,TGT
2025-10-22,9:34:51.288077383,T,94.36,100,94.45,300,TGT
2025-10-22,9:34:51.288092418,T,94.36,100,94.44,200,TGT
2025-10-22,9:34:51.288102417,T,94.36,100,94.44,100,TGT
2025-10-22,9:34:51.288107412,T,94.42,100,94.44,100,TGT
2025-10-22,9:34:51.288107412,T,94.42,200,94.44,100,TGT
2025-10-22,9:34:51.288112483,T,94.42,200,94.45,300,TGT
2025-10-22,9:34:51.288117422,T,94.42,200,94.45,100,TGT
2025-10-22,9:34:51.288132791,T,94.43,100,94.45,100,TGT
2025-10-22,9:34:51.288142526,T,94.43,100,94.5,100,TGT
2025-10-22,9:34:51.288157523,T,94.44,100,94.5,100,TGT
2025-10-22,9:34:51.288212642,T,94.43,100,94.5,100,TGT
2025-10-22,9:34:51.288237750,T,94.43,100,94.48,100,TGT
2025-10-22,9:34:51.288268054,T,94.43,100,94.5,100,TGT
2025-10-22,9:34:51.288287844,T,94.44,100,94.5,100,TGT
2025-10-22,9:34:51.288312960,T,94.44,100,94.52,100,TGT
2025-10-22,9:34:51.288503401,T,94.44,200,94.52,100,TGT
2025-10-22,9:34:51.288558478,T,94.44,100,94.52,100,TGT
2025-10-22,9:34:51.288638729,T,94.44,200,94.52,100,TGT
2025-10-22,9:34:51.288638729,T,94.45,100,94.52,100,TGT
2025-10-22,9:34:51.288663701,T,94.45,100,94.53,100,TGT
2025-10-22,9:34:51.288703818,T,94.45,100,94.52,100,TGT
2025-10-22,9:34:51.288864271,T,94.45,100,94.48,100,TGT
2025-10-22,9:34:51.288879309,T,94.45,100,94.48,200,TGT
2025-10-22,9:34:51.288944470,T,94.45,200,94.48,200,TGT
2025-10-22,9:34:51.288954449,T,94.45,200,94.48,300,TGT
2025-10-22,9:34:51.288999496,T,94.45,100,94.48,300,TGT
2025-10-22,9:34:51.288999496,T,94.45,200,94.48,300,TGT
2025-10-22,9:34:51.289009617,T,94.45,100,94.48,300,TGT
2025-10-22,9:34:51.289029673,T,94.45,200,94.48,300,TGT
2025-10-22,9:34:51.858902202,T,94.45,100,94.48,300,TGT
2025-10-22,9:34:53.548362527,T,94.45,100,94.48,200,TGT
2025-10-22,9:34:53.548392221,T,94.45,100,94.48,100,TGT
2025-10-22,9:34:53.548392221,T,94.45,100,94.52,100,TGT
2025-10-22,9:34:53.548412201,T,94.47,200,94.52,100,TGT
2025-10-22,9:34:53.548427278,T,94.47,200,94.53,100,TGT
2025-10-22,9:34:53.548652784,T,94.47,200,94.52,100,TGT
2025-10-22,9:34:53.548763031,T,94.47,300,94.52,100,TGT
2025-10-22,9:34:53.549199164,T,94.47,300,94.52,200,TGT
2025-10-22,9:34:53.550256668,T,94.47,100,94.52,200,TGT
2025-10-22,9:34:55.901127428,T,94.48,100,94.52,200,TGT
2025-10-22,9:34:55.901478315,T,94.48,200,94.52,200,TGT
2025-10-22,9:34:57.660910159,T,94.48,200,94.52,100,TGT
2025-10-22,9:34:57.660910159,T,94.48,200,94.6,300,TGT
2025-10-22,9:34:57.660935445,T,94.5,100,94.6,300,TGT
2025-10-22,9:34:57.660935445,T,94.5,200,94.6,300,TGT
2025-10-22,9:34:57.660935445,T,94.51,100,94.6,300,TGT
2025-10-22,9:34:57.660945108,T,94.51,100,94.6,200,TGT
2025-10-22,9:34:57.660995252,T,94.51,200,94.6,200,TGT
2025-10-22,9:34:57.661075404,T,94.51,300,94.6,200,TGT
2025-10-22,9:34:57.661100842,T,94.52,100,94.6,200,TGT
2025-10-22,9:34:57.661100842,T,94.52,200,94.6,200,TGT
2025-10-22,9:34:57.661325964,T,94.52,200,94.64,100,TGT
2025-10-22,9:34:57.661446270,T,94.52,300,94.64,100,TGT
2025-10-22,9:34:57.661772060,T,94.52,300,94.6,100,TGT
2025-10-22,9:34:57.662183036,T,94.52,200,94.6,100,TGT
2025-10-22,9:34:57.668828935,T,94.52,200,94.64,100,TGT
2025-10-22,9:34:57.675329383,T,94.52,200,94.56,100,TGT
2025-10-22,9:34:58.140472509,T,94.52,100,94.56,100,TGT
2025-10-22,9:34:58.140477461,T,94.48,100,94.56,100,TGT
2025-10-22,9:34:58.140497529,T,94.48,100,94.54,100,TGT
2025-10-22,9:34:58.140503078,T,94.48,100,94.53,100,TGT
2025-10-22,9:34:58.142351978,T,94.48,100,94.54,100,TGT
2025-10-22,9:34:58.242961716,T,94.48,100,94.56,100,TGT
2025-10-22,9:35:00.051279927,T,94.48,100,94.65,300,TGT
2025-10-22,9:35:00.120344428,T,94.48,200,94.65,300,TGT
2025-10-22,9:35:00.561711054,T,94.48,200,94.64,100,TGT
2025-10-22,9:35:00.562162200,T,94.48,100,94.64,100,TGT
2025-10-22,9:35:00.562162200,T,94.42,100,94.64,100,TGT
2025-10-22,9:35:00.562167139,T,94.36,100,94.64,100,TGT
2025-10-22,9:35:00.562187275,T,94.36,100,94.5,100,TGT
2025-10-22,9:35:00.562222336,T,94.35,100,94.5,100,TGT
2025-10-22,9:35:00.562417753,T,94.43,100,94.5,100,TGT
2025-10-22,9:35:00.562668407,T,94.36,100,94.5,100,TGT
2025-10-22,9:35:00.564051653,T,94.36,100,94.53,100,TGT
2025-10-22,9:35:00.565264559,T,94.36,100,94.51,100,TGT
2025-10-22,9:35:00.606768437,T,94.35,100,94.51,100,TGT
2025-10-22,9:35:01.054856062,T,94.34,100,94.51,100,TGT
2025-10-22,9:35:01.857342934,T,94.34,200,94.51,100,TGT
2025-10-22,9:35:03.363255418,T,94.34,100,94.51,100,TGT
2025-10-22,9:35:06.249647071,T,94.34,100,94.51,200,TGT
2025-10-22,9:35:06.249667195,T,94.34,100,94.5,100,TGT
2025-10-22,9:35:06.249732296,T,94.34,100,94.51,200,TGT
2025-10-22,9:35:06.249787410,T,94.34,100,94.51,100,TGT
2025-10-22,9:35:06.249797470,T,94.34,100,94.56,100,TGT
2025-10-22,9:35:06.249842554,T,94.35,100,94.56,100,TGT
2025-10-22,9:35:06.249897682,T,94.34,100,94.56,100,TGT
2025-10-22,9:35:06.249957818,T,94.35,100,94.56,100,TGT
2025-10-22,9:35:06.249957818,T,94.34,100,94.56,100,TGT
2025-10-22,9:35:06.250168259,T,94.34,100,94.54,200,TGT
2025-10-22,9:35:06.250734626,T,94.34,100,94.5,100,TGT
2025-10-22,9:35:06.251070502,T,94.34,100,94.54,200,TGT
2025-10-22,9:35:06.251200747,T,94.34,100,94.5,100,TGT
2025-10-22,9:35:06.262723172,T,94.4,100,94.5,100,TGT
2025-10-22,9:35:07.178595271,T,94.4,100,94.57,100,TGT
2025-10-22,9:35:07.178670588,T,94.4,100,94.58,100,TGT
2025-10-22,9:35:07.178700567,T,94.4,100,94.59,300,TGT
2025-10-22,9:35:09.247850042,T,94.4,100,94.58,100,TGT
2025-10-22,9:35:09.340495772,T,94.4,100,94.59,300,TGT
2025-10-22,9:35:09.630877604,T,94.4,100,94.59,200,TGT
2025-10-22,9:35:09.636541072,T,94.4,200,94.59,200,TGT
2025-10-22,9:35:09.636541072,T,94.41,100,94.59,200,TGT
2025-10-22,9:35:09.636576156,T,94.4,200,94.59,200,TGT
2025-10-22,9:35:09.636846888,T,94.41,100,94.59,200,TGT
2025-10-22,9:35:09.637092388,T,94.44,100,94.59,200,TGT
2025-10-22,9:35:09.637252830,T,94.44,100,94.54,100,TGT
2025-10-22,9:35:09.637272868,T,94.41,100,94.54,100,TGT
2025-10-22,9:35:09.736709751,T,94.4,200,94.54,100,TGT
2025-10-22,9:35:09.803168045,T,94.4,100,94.54,100,TGT
2025-10-22,9:35:09.803183151,T,94.4,200,94.54,100,TGT
2025-10-22,9:35:11.324778181,T,94.4,100,94.54,100,TGT
2025-10-22,9:35:11.910563850,T,94.4,100,94.54,200,TGT
2025-10-22,9:35:12.067888708,T,94.46,100,94.54,200,TGT
2025-10-22,9:35:14.938442321,T,94.46,200,94.54,200,TGT
2025-10-22,9:35:14.938442321,T,94.47,100,94.54,200,TGT
2025-10-22,9:35:14.938467414,T,94.46,200,94.54,200,TGT
2025-10-22,9:35:14.938607686,T,94.46,300,94.54,200,TGT
2025-10-22,9:35:14.944371474,T,94.46,300,94.54,100,TGT
2025-10-22,9:35:14.944371474,T,94.46,300,94.59,200,TGT
2025-10-22,9:35:14.944396469,T,94.47,100,94.59,200,TGT
2025-10-22,9:35:14.944396469,T,94.53,100,94.59,200,TGT
2025-10-22,9:35:14.945985325,T,94.53,100,94.65,100,TGT
2025-10-22,9:35:14.945995292,T,94.53,100,94.65,300,TGT
2025-10-22,9:35:14.946165765,T,94.52,100,94.65,300,TGT
2025-10-22,9:35:14.963687436,T,94.47,100,94.65,300,TGT
2025-10-22,9:35:15.138468883,T,94.46,200,94.65,300,TGT
2025-10-22,9:35:15.138493939,T,94.46,100,94.65,300,TGT
2025-10-22,9:35:15.197003352,T,94.45,100,94.65,300,TGT
2025-10-22,9:35:15.197028542,T,94.41,100,94.65,300,TGT
2025-10-22,9:35:15.262333950,T,94.4,100,94.65,300,TGT
2025-10-22,9:35:15.903080640,T,94.47,100,94.65,300,TGT
2025-10-22,9:35:15.903581922,T,94.47,100,94.59,100,TGT
2025-10-22,9:35:16.362820961,T,94.47,100,94.64,100,TGT
2025-10-22,9:35:16.362856046,T,94.47,100,94.65,300,TGT
2025-10-22,9:35:16.363191817,T,94.47,200,94.65,300,TGT
2025-10-22,9:35:16.374583936,T,94.47,200,94.59,100,TGT
2025-10-22,9:35:16.374789389,T,94.47,100,94.59,100,TGT
2025-10-22,9:35:16.375085180,T,94.47,200,94.59,100,TGT
2025-10-22,9:35:19.564413582,T,94.47,200,94.65,300,TGT
2025-10-22,9:35:20.485252552,T,94.47,200,94.59,100,TGT
2025-10-22,9:35:20.633781411,T,94.47,200,94.55,200,TGT
2025-10-22,9:35:21.011506159,T,94.47,300,94.55,200,TGT
2025-10-22,9:35:21.011511304,T,94.48,100,94.55,200,TGT
2025-10-22,9:35:21.011511304,T,94.48,100,94.55,100,TGT
2025-10-22,9:35:21.011531222,T,94.48,100,94.58,100,TGT
2025-10-22,9:35:21.011531222,T,94.48,100,94.64,100,TGT
2025-10-22,9:35:21.011541283,T,94.47,300,94.64,100,TGT
2025-10-22,9:35:21.011541283,T,94.48,100,94.64,100,TGT
2025-10-22,9:35:21.011556464,T,94.53,100,94.64,100,TGT
2025-10-22,9:35:21.011686779,T,94.53,100,94.65,300,TGT
2025-10-22,9:35:21.011776804,T,94.53,100,94.64,100,TGT
2025-10-22,9:35:21.012112715,T,94.51,100,94.64,100,TGT
2025-10-22,9:35:21.012363236,T,94.48,100,94.64,100,TGT
2025-10-22,9:35:21.012523602,T,94.51,100,94.64,100,TGT
2025-10-22,9:35:21.022717958,T,94.48,100,94.64,100,TGT
2025-10-22,9:35:21.031674243,T,94.47,200,94.64,100,TGT
2025-10-22,9:35:21.111699855,T,94.47,100,94.64,100,TGT
2025-10-22,9:35:21.111910443,T,94.47,200,94.64,100,TGT
2025-10-22,9:35:21.212986163,T,94.47,200,94.56,300,TGT
2025-10-22,9:35:21.467487515,T,94.47,100,94.56,300,TGT
2025-10-22,9:35:21.803001791,T,94.47,100,94.64,100,TGT
2025-10-22,9:35:21.803026845,T,94.55,100,94.64,100,TGT
2025-10-22,9:35:21.803337583,T,94.55,100,94.56,100,TGT
2025-10-22,9:35:21.803367998,T,94.55,100,94.64,100,TGT
2025-10-22,9:35:21.803377656,T,94.48,100,94.64,100,TGT
2025-10-22,9:35:21.803392691,T,94.49,100,94.64,100,TGT
2025-10-22,9:35:21.803397762,T,94.49,100,94.58,100,TGT
2025-10-22,9:35:21.803402682,T,94.48,100,94.58,100,TGT
2025-10-22,9:35:21.803402682,T,94.55,100,94.58,100,TGT
2025-10-22,9:35:21.803412799,T,94.52,100,94.58,100,TGT
2025-10-22,9:35:21.803422824,T,94.52,100,94.58,200,TGT
2025-10-22,9:35:21.803433015,T,94.52,100,94.57,100,TGT
2025-10-22,9:35:21.803457822,T,94.52,100,94.58,100,TGT
2025-10-22,9:35:21.803462823,T,94.48,100,94.58,100,TGT
2025-10-22,9:35:21.803492951,T,94.49,100,94.58,100,TGT
2025-10-22,9:35:21.803648292,T,94.48,200,94.58,100,TGT
2025-10-22,9:35:21.803803633,T,94.49,100,94.58,100,TGT
2025-10-22,9:35:21.803863765,T,94.52,100,94.58,100,TGT
2025-10-22,9:35:21.803954079,T,94.49,100,94.58,100,TGT
2025-10-22,9:35:21.804044389,T,94.48,200,94.58,100,TGT
2025-10-22,9:35:21.804069300,T,94.49,100,94.58,100,TGT
2025-10-22,9:35:21.804074279,T,94.54,100,94.58,100,TGT
2025-10-22,9:35:21.804430206,T,94.54,100,94.61,100,TGT
2025-10-22,9:35:21.804635633,T,94.48,200,94.61,100,TGT
2025-10-22,9:35:21.804650686,T,94.48,100,94.61,100,TGT
2025-10-22,9:35:21.805978842,T,94.48,100,94.59,100,TGT
2025-10-22,9:35:21.805983835,T,94.48,100,94.58,100,TGT
2025-10-22,9:35:21.805983835,T,94.48,100,94.56,100,TGT
2025-10-22,9:35:21.806224449,T,94.49,100,94.56,100,TGT
2025-10-22,9:35:21.806359790,T,94.48,100,94.56,100,TGT
2025-10-22,9:35:21.806439906,T,94.48,100,94.61,100,TGT
2025-10-22,9:35:21.806460015,T,94.53,100,94.61,100,TGT
2025-10-22,9:35:21.806469971,T,94.55,100,94.61,100,TGT
2025-10-22,9:35:21.806610368,T,94.55,100,94.64,100,TGT
2025-10-22,9:35:21.806770697,T,94.53,100,94.64,100,TGT
2025-10-22,9:35:21.806800794,T,94.56,100,94.64,100,TGT
2025-10-22,9:35:21.806911083,T,94.53,100,94.64,100,TGT
2025-10-22,9:35:21.806941184,T,94.57,100,94.64,100,TGT
2025-10-22,9:35:21.807913458,T,94.58,100,94.64,100,TGT
2025-10-22,9:35:21.807948557,T,94.58,100,94.65,300,TGT
2025-10-22,9:35:21.807968590,T,94.58,200,94.65,300,TGT
2025-10-22,9:35:21.808174164,T,94.58,200,94.65,200,TGT
2025-10-22,9:35:21.808199171,T,94.59,100,94.65,200,TGT
2025-10-22,9:35:21.808249219,T,94.59,200,94.65,200,TGT
2025-10-22,9:35:21.809041283,T,94.59,300,94.65,200,TGT
2025-10-22,9:35:21.809482171,T,94.59,200,94.65,200,TGT
2025-10-22,9:35:21.810840500,T,94.59,200,94.71,100,TGT
2025-10-22,9:35:21.821776503,T,94.59,200,94.68,100,TGT
2025-10-22,9:35:21.867836260,T,94.59,200,94.6,100,TGT
2025-10-22,9:35:21.922872332,T,94.59,200,94.68,100,TGT
2025-10-22,9:35:21.923378487,T,94.59,200,94.64,100,TGT
2025-10-22,9:35:21.974575542,T,94.59,200,94.65,100,TGT
2025-10-22,9:35:21.974595511,T,94.59,200,94.68,100,TGT
2025-10-22,9:35:21.974605597,T,94.59,100,94.68,100,TGT
2025-10-22,9:35:22.808652712,T,94.59,100,94.65,100,TGT
2025-10-22,9:35:23.124515101,T,94.6,100,94.65,100,TGT
2025-10-22,9:35:23.124540164,T,94.59,100,94.65,100,TGT
2025-10-22,9:35:23.124545244,T,94.48,100,94.65,100,TGT
2025-10-22,9:35:23.124570302,T,94.6,100,94.65,100,TGT
2025-10-22,9:35:23.124585297,T,94.47,100,94.65,100,TGT
2025-10-22,9:35:23.124605310,T,94.47,100,94.61,100,TGT
2025-10-22,9:35:23.125357110,T,94.47,100,94.61,200,TGT
2025-10-22,9:35:23.125567670,T,94.47,200,94.61,200,TGT
2025-10-22,9:35:23.125687891,T,94.47,200,94.61,100,TGT
2025-10-22,9:35:23.157333379,T,94.47,100,94.61,100,TGT
2025-10-22,9:35:23.242255652,T,94.47,200,94.61,100,TGT
2025-10-22,9:35:23.468504704,T,94.47,200,94.65,100,TGT
2025-10-22,9:35:23.469291552,T,94.47,100,94.65,100,TGT
2025-10-22,9:35:23.581037808,T,94.47,100,94.61,100,TGT
2025-10-22,9:35:26.051729201,T,94.47,100,94.64,200,TGT
2025-10-22,9:35:26.051749470,T,94.47,200,94.64,200,TGT
2025-10-22,9:35:26.051749470,T,94.53,100,94.64,200,TGT
2025-10-22,9:35:26.052731550,T,94.53,200,94.64,200,TGT
2025-10-22,9:35:26.054114824,T,94.53,200,94.65,100,TGT
2025-10-22,9:35:26.077976701,T,94.53,200,94.61,100,TGT
2025-10-22,9:35:26.090887424,T,94.53,200,94.65,100,TGT
2025-10-22,9:35:26.102755766,T,94.53,200,94.61,100,TGT
2025-10-22,9:35:26.152323888,T,94.53,100,94.61,100,TGT
2025-10-22,9:35:26.519593822,T,94.54,100,94.61,100,TGT
2025-10-22,9:35:26.952861074,T,94.54,100,94.65,100,TGT
2025-10-22,9:35:31.764664697,T,94.53,100,94.65,100,TGT
2025-10-22,9:35:32.029034452,T,94.53,100,94.69,200,TGT
2025-10-22,9:35:32.029054549,T,94.54,100,94.69,200,TGT
2025-10-22,9:35:32.029059584,T,94.57,100,94.69,200,TGT
2025-10-22,9:35:32.030096975,T,94.54,100,94.69,200,TGT
2025-10-22,9:35:32.229221385,T,94.53,100,94.69,200,TGT
2025-10-22,9:35:32.230078460,T,94.5,400,94.69,200,TGT
2025-10-22,9:35:32.405686858,T,94.55,100,94.69,200,TGT
2025-10-22,9:35:32.406122796,T,94.56,100,94.69,200,TGT
2025-10-22,9:35:32.406122796,T,94.6,100,94.69,200,TGT
2025-10-22,9:35:32.406162941,T,94.57,100,94.69,200,TGT
2025-10-22,9:35:32.406172948,T,94.6,100,94.69,200,TGT
2025-10-22,9:35:32.406473706,T,94.6,100,94.72,100,TGT
2025-10-22,9:35:32.406508786,T,94.6,100,94.74,200,TGT
2025-10-22,9:35:32.407125203,T,94.6,200,94.74,200,TGT
2025-10-22,9:35:32.407130330,T,94.6,200,94.69,100,TGT
2025-10-22,9:35:32.413154572,T,94.6,100,94.69,100,TGT
2025-10-22,9:35:32.750237708,T,94.55,100,94.69,100,TGT
2025-10-22,9:35:32.751029616,T,94.55,100,94.74,300,TGT
2025-10-22,9:35:32.959396036,T,94.55,100,94.64,100,TGT
2025-10-22,9:35:40.011211681,T,94.55,100,94.64,200,TGT
2025-10-22,9:35:40.072983837,T,94.5,300,94.64,200,TGT
2025-10-22,9:35:40.073009064,T,94.5,300,94.59,100,TGT
2025-10-22,9:35:40.073084064,T,94.5,300,94.57,100,TGT
2025-10-22,9:35:40.073640392,T,94.5,300,94.59,100,TGT
2025-10-22,9:35:40.084235606,T,94.5,300,94.59,200,TGT
2025-10-22,9:35:40.123268605,T,94.5,300,94.59,100,TGT
2025-10-22,9:35:40.173137487,T,94.5,300,94.63,100,TGT
2025-10-22,9:35:40.173924353,T,94.5,300,94.63,200,TGT
2025-10-22,9:35:40.174154847,T,94.5,300,94.63,300,TGT
2025-10-22,9:35:40.175036931,T,94.5,300,94.62,100,TGT
2025-10-22,9:35:40.243906039,T,94.5,300,94.62,200,TGT
2025-10-22,9:35:40.244998626,T,94.5,300,94.62,100,TGT
2025-10-22,9:35:40.245815607,T,94.5,300,94.62,200,TGT
2025-10-22,9:35:40.379198346,T,94.55,100,94.62,200,TGT
2025-10-22,9:35:40.379619342,T,94.55,100,94.62,100,TGT
2025-10-22,9:35:43.470979829,T,94.55,100,94.7,200,TGT
2025-10-22,9:35:43.470999562,T,94.59,100,94.7,200,TGT
2025-10-22,9:35:43.471415496,T,94.59,100,94.7,300,TGT
2025-10-22,9:35:43.472242463,T,94.59,100,94.7,400,TGT
2025-10-22,9:35:43.473280011,T,94.59,100,94.7,300,TGT
2025-10-22,9:35:43.480396986,T,94.56,100,94.7,300,TGT
2025-10-22,9:35:43.480422118,T,94.56,100,94.7,400,TGT
2025-10-22,9:35:43.480431960,T,94.56,100,94.68,100,TGT
2025-10-22,9:35:43.480437076,T,94.55,200,94.68,100,TGT
2025-10-22,9:35:43.480487164,T,94.55,200,94.67,100,TGT
2025-10-22,9:35:43.480532278,T,94.55,200,94.68,100,TGT
2025-10-22,9:35:43.480727766,T,94.55,200,94.67,100,TGT
2025-10-22,9:35:43.480762790,T,94.55,200,94.67,200,TGT
2025-10-22,9:35:43.481018419,T,94.55,100,94.67,200,TGT
2025-10-22,9:35:43.484085772,T,94.55,100,94.67,300,TGT
2025-10-22,9:35:43.487448677,T,94.55,100,94.67,200,TGT
2025-10-22,9:35:43.737444311,T,94.55,100,94.67,100,TGT
2025-10-22,9:35:44.249865151,T,94.55,100,94.67,200,TGT
2025-10-22,9:35:44.443486473,T,94.55,100,94.67,300,TGT
2025-10-22,9:35:44.444218210,T,94.55,100,94.64,100,TGT
2025-10-22,9:35:44.444258229,T,94.55,100,94.63,100,TGT
2025-10-22,9:35:44.445170439,T,94.55,100,94.62,100,TGT
2025-10-22,9:35:44.445666657,T,94.55,100,94.63,100,TGT
2025-10-22,9:35:44.446087632,T,94.55,100,94.63,200,TGT
2025-10-22,9:35:44.488603935,T,94.55,100,94.62,100,TGT
2025-10-22,9:35:44.729317397,T,94.55,100,94.63,100,TGT
2025-10-22,9:35:44.729728384,T,94.55,100,94.62,100,TGT
2025-10-22,9:35:44.959335397,T,94.55,100,94.63,100,TGT
2025-10-22,9:35:46.775777784,T,94.55,100,94.68,100,TGT
2025-10-22,9:35:48.342971650,T,94.55,100,94.63,100,TGT
2025-10-22,9:35:49.844809560,T,94.55,100,94.68,100,TGT
2025-10-22,9:35:49.844849622,T,94.55,100,94.63,100,TGT
2025-10-22,9:35:50.231460699,T,94.55,100,94.6,100,TGT
2025-10-22,9:35:50.650218455,T,94.55,100,94.63,100,TGT
2025-10-22,9:35:51.353007879,T,94.55,100,94.6,200,TGT
2025-10-22,9:35:55.884428598,T,94.5,300,94.6,200,TGT
2025-10-22,9:35:55.884448660,T,94.5,300,94.58,100,TGT
2025-10-22,9:35:55.884513835,T,94.5,300,94.56,100,TGT
2025-10-22,9:35:55.901925663,T,94.5,100,94.56,100,TGT
2025-10-22,9:35:55.901930313,T,94.5,100,94.56,200,TGT
2025-10-22,9:35:55.901935292,T,94.47,100,94.56,200,TGT
2025-10-22,9:35:55.901940306,T,94.47,100,94.55,100,TGT
2025-10-22,9:35:55.901970420,T,94.44,100,94.55,100,TGT
2025-10-22,9:35:55.902000573,T,94.44,100,94.57,100,TGT
2025-10-22,9:35:55.902010925,T,94.45,100,94.57,100,TGT
2025-10-22,9:35:55.902010925,T,94.44,100,94.57,100,TGT
2025-10-22,9:35:55.902040637,T,94.45,100,94.57,100,TGT
2025-10-22,9:35:55.902040637,T,94.44,100,94.57,100,TGT
2025-10-22,9:35:55.902071266,T,94.44,100,94.55,100,TGT
2025-10-22,9:35:55.902095767,T,94.43,300,94.55,100,TGT
2025-10-22,9:35:55.902115752,T,94.43,300,94.51,100,TGT
2025-10-22,9:35:55.902241108,T,94.43,300,94.5,100,TGT
2025-10-22,9:35:55.902396476,T,94.43,300,94.54,100,TGT
2025-10-22,9:35:55.902621998,T,94.48,100,94.54,100,TGT
2025-10-22,9:35:55.902802433,T,94.48,100,94.55,200,TGT
2025-10-22,9:35:55.902847537,T,94.43,300,94.55,200,TGT
2025-10-22,9:35:55.902852510,T,94.49,100,94.55,200,TGT
2025-10-22,9:35:55.902872604,T,94.5,100,94.55,200,TGT
2025-10-22,9:35:55.902907656,T,94.49,100,94.55,200,TGT
2025-10-22,9:35:55.902922666,T,94.49,100,94.52,100,TGT
2025-10-22,9:35:55.902927680,T,94.49,100,94.52,200,TGT
2025-10-22,9:35:55.903484073,T,94.49,100,94.52,100,TGT
2025-10-22,9:35:55.903990254,T,94.49,100,94.54,100,TGT
2025-10-22,9:35:55.903990254,T,94.43,300,94.54,100,TGT
2025-10-22,9:35:55.904316040,T,94.43,100,94.54,100,TGT
2025-10-22,9:35:55.904346110,T,94.41,100,94.54,100,TGT
2025-10-22,9:35:56.011576532,T,94.41,100,94.52,100,TGT
2025-10-22,9:35:56.291117572,T,94.48,100,94.52,100,TGT
2025-10-22,9:35:56.855206449,T,94.41,100,94.52,100,TGT
2025-10-22,9:35:56.855231480,T,94.41,100,94.5,100,TGT
2025-10-22,9:35:56.855271632,T,94.41,100,94.51,200,TGT
2025-10-22,9:35:56.855271632,T,94.41,100,94.51,100,TGT
2025-10-22,9:35:56.855297144,T,94.48,100,94.51,100,TGT
2025-10-22,9:35:56.855321672,T,94.45,100,94.51,100,TGT
2025-10-22,9:35:56.855336752,T,94.41,100,94.51,100,TGT
2025-10-22,9:35:56.855356813,T,94.41,100,94.49,100,TGT
2025-10-22,9:35:56.856349166,T,94.4,100,94.49,100,TGT
2025-10-22,9:35:56.856394246,T,94.4,100,94.51,100,TGT
2025-10-22,9:35:56.856444349,T,94.39,300,94.51,100,TGT
2025-10-22,9:35:56.859897645,T,94.39,200,94.51,100,TGT
2025-10-22,9:35:56.865952319,T,94.39,300,94.51,100,TGT
2025-10-22,9:35:56.875274264,T,94.39,300,94.52,200,TGT
2025-10-22,9:35:56.961725171,T,94.39,300,94.52,100,TGT
2025-10-22,9:35:57.996019365,T,94.39,200,94.52,100,TGT
2025-10-22,9:35:58.011847084,T,94.39,200,94.49,100,TGT
2025-10-22,9:35:58.424129278,T,94.36,100,94.49,100,TGT
2025-10-22,9:35:58.424159296,T,94.35,100,94.49,100,TGT
2025-10-22,9:35:58.452321483,T,94.35,100,94.47,100,TGT
2025-10-22,9:35:58.452336421,T,94.34,300,94.47,100,TGT
2025-10-22,9:35:58.452421691,T,94.35,100,94.47,100,TGT
2025-10-22,9:35:58.453113445,T,94.35,100,94.47,200,TGT
2025-10-22,9:35:58.458155386,T,94.38,100,94.47,200,TGT
2025-10-22,9:35:59.680091408,T,94.38,200,94.47,200,TGT
2025-10-22,9:35:59.680096501,T,94.38,200,94.47,100,TGT
2025-10-22,9:35:59.680111523,T,94.39,100,94.47,100,TGT
2025-10-22,9:35:59.680116481,T,94.42,100,94.47,100,TGT
2025-10-22,9:35:59.680121518,T,94.42,100,94.48,100,TGT
2025-10-22,9:35:59.680126607,T,94.39,100,94.48,100,TGT
2025-10-22,9:35:59.680136583,T,94.42,100,94.48,100,TGT
2025-10-22,9:35:59.680146615,T,94.42,100,94.54,100,TGT
2025-10-22,9:35:59.680171644,T,94.43,100,94.54,100,TGT
2025-10-22,9:35:59.680322017,T,94.43,100,94.55,100,TGT
2025-10-22,9:35:59.680737970,T,94.43,100,94.57,100,TGT
2025-10-22,9:35:59.680763061,T,94.43,200,94.57,100,TGT
2025-10-22,9:35:59.680783140,T,94.43,100,94.57,100,TGT
2025-10-22,9:35:59.681219179,T,94.42,100,94.57,100,TGT
2025-10-22,9:35:59.681890698,T,94.39,100,94.57,100,TGT
2025-10-22,9:35:59.681920821,T,94.43,100,94.57,100,TGT
2025-10-22,9:35:59.681930807,T,94.43,100,94.54,100,TGT
2025-10-22,9:35:59.682326838,T,94.43,100,94.53,100,TGT
2025-10-22,9:35:59.880203149,T,94.38,200,94.53,100,TGT
2025-10-22,9:35:59.881000069,T,94.43,100,94.53,100,TGT
2025-10-22,9:36:00.281669592,T,94.43,100,94.55,100,TGT
2025-10-22,9:36:00.471647278,T,94.38,100,94.55,100,TGT
2025-10-22,9:36:01.181674041,T,94.44,200,94.55,100,TGT
2025-10-22,9:36:04.206304747,T,94.44,200,94.5,100,TGT
2025-10-22,9:36:05.236509137,T,94.44,200,94.55,100,TGT
2025-10-22,9:36:05.788338912,T,94.44,200,94.57,100,TGT
2025-10-22,9:36:05.789651978,T,94.45,100,94.57,100,TGT
2025-10-22,9:36:05.789942687,T,94.44,200,94.57,100,TGT
2025-10-22,9:36:06.053931567,T,94.44,200,94.59,100,TGT
2025-10-22,9:36:06.407032831,T,94.44,200,94.53,100,TGT
2025-10-22,9:36:06.407093349,T,94.44,200,94.55,100,TGT
2025-10-22,9:36:06.407098055,T,94.44,200,94.59,100,TGT
2025-10-22,9:36:06.407123025,T,94.49,100,94.59,100,TGT
2025-10-22,9:36:06.407133093,T,94.49,100,94.61,300,TGT
2025-10-22,9:36:06.408972498,T,94.49,100,94.61,200,TGT
2025-10-22,9:36:06.408993348,T,94.49,200,94.61,200,TGT
2025-10-22,9:36:06.409057947,T,94.49,200,94.61,300,TGT
2025-10-22,9:36:06.409077755,T,94.49,200,94.61,200,TGT
2025-10-22,9:36:06.409087799,T,94.49,100,94.61,200,TGT
2025-10-22,9:36:06.409092773,T,94.49,100,94.59,100,TGT
2025-10-22,9:36:06.409197992,T,94.49,200,94.59,100,TGT
2025-10-22,9:36:06.409228061,T,94.5,100,94.59,100,TGT
2025-10-22,9:36:06.409283223,T,94.5,100,94.59,200,TGT
2025-10-22,9:36:06.409353374,T,94.5,100,94.59,300,TGT
2025-10-22,9:36:06.409373480,T,94.5,100,94.59,200,TGT
2025-10-22,9:36:06.409413526,T,94.5,100,94.59,300,TGT
2025-10-22,9:36:06.409488664,T,94.51,100,94.59,300,TGT
2025-10-22,9:36:06.409619005,T,94.51,100,94.59,200,TGT
2025-10-22,9:36:06.409679222,T,94.51,100,94.59,100,TGT
2025-10-22,9:36:06.409809436,T,94.5,100,94.59,100,TGT
2025-10-22,9:36:06.409934957,T,94.5,100,94.62,100,TGT
2025-10-22,9:36:06.409934957,T,94.5,100,94.65,100,TGT
2025-10-22,9:36:06.409955194,T,94.51,100,94.65,100,TGT
2025-10-22,9:36:06.409960036,T,94.52,100,94.65,100,TGT
2025-10-22,9:36:06.409969861,T,94.53,100,94.65,100,TGT
2025-10-22,9:36:06.409984842,T,94.52,200,94.65,100,TGT
2025-10-22,9:36:06.409990052,T,94.52,100,94.65,100,TGT
2025-10-22,9:36:06.409994900,T,94.52,200,94.65,100,TGT
2025-10-22,9:36:06.410010074,T,94.52,200,94.63,100,TGT
2025-10-22,9:36:06.410019989,T,94.52,100,94.63,100,TGT
2025-10-22,9:36:06.410030162,T,94.52,200,94.63,100,TGT
2025-10-22,9:36:06.410030162,T,94.52,100,94.63,100,TGT
2025-10-22,9:36:06.410039956,T,94.51,100,94.63,100,TGT
2025-10-22,9:36:06.410045009,T,94.51,100,94.62,100,TGT
2025-10-22,9:36:06.410045009,T,94.51,100,94.59,100,TGT
2025-10-22,9:36:06.410065195,T,94.51,100,94.62,100,TGT
2025-10-22,9:36:06.410065195,T,94.51,100,94.59,100,TGT
2025-10-22,9:36:06.410080102,T,94.51,100,94.62,100,TGT
2025-10-22,9:36:06.410100510,T,94.51,100,94.59,100,TGT
2025-10-22,9:36:06.410165528,T,94.52,100,94.59,100,TGT
2025-10-22,9:36:06.410210381,T,94.53,100,94.59,100,TGT
2025-10-22,9:36:06.410220509,T,94.52,100,94.59,100,TGT
2025-10-22,9:36:06.410315706,T,94.52,100,94.58,100,TGT
2025-10-22,9:36:06.410335767,T,94.51,100,94.58,100,TGT
2025-10-22,9:36:06.410370787,T,94.51,100,94.59,100,TGT
2025-10-22,9:36:06.410375863,T,94.52,100,94.59,100,TGT
2025-10-22,9:36:06.410385848,T,94.52,100,94.58,100,TGT
2025-10-22,9:36:06.410445918,T,94.52,200,94.58,100,TGT
2025-10-22,9:36:06.410450949,T,94.52,200,94.59,100,TGT
2025-10-22,9:36:06.410531226,T,94.53,100,94.59,100,TGT
2025-10-22,9:36:06.417282302,T,94.52,100,94.59,100,TGT
2025-10-22,9:36:06.508113690,T,94.52,100,94.6,200,TGT
2025-10-22,9:36:06.610156933,T,94.51,100,94.6,200,TGT
2025-10-22,9:36:06.610206876,T,94.5,100,94.6,200,TGT
2025-10-22,9:36:06.610246992,T,94.51,100,94.6,200,TGT
2025-10-22,9:36:06.611013782,T,94.5,100,94.6,200,TGT
2025-10-22,9:36:06.611239350,T,94.51,100,94.6,200,TGT
2025-10-22,9:36:07.063496888,T,94.51,100,94.6,300,TGT
2025-10-22,9:36:07.338737642,T,94.5,100,94.6,300,TGT
2025-10-22,9:36:07.338757634,T,94.5,100,94.59,100,TGT
2025-10-22,9:36:07.338777799,T,94.49,100,94.59,100,TGT
2025-10-22,9:36:07.338862938,T,94.44,300,94.59,100,TGT
2025-10-22,9:36:07.339344118,T,94.44,200,94.59,100,TGT
2025-10-22,9:36:07.339379226,T,94.44,300,94.59,100,TGT
2025-10-22,9:36:07.340491810,T,94.44,200,94.59,100,TGT
2025-10-22,9:36:07.392786432,T,94.43,100,94.59,100,TGT
2025-10-22,9:36:07.741236540,T,94.43,100,94.56,100,TGT
2025-10-22,9:36:09.237807141,T,94.49,100,94.56,100,TGT
2025-10-22,9:36:14.618576282,T,94.49,100,94.59,100,TGT
2025-10-22,9:36:16.371713185,T,94.43,100,94.59,100,TGT
2025-10-22,9:36:16.371733038,T,94.38,200,94.59,100,TGT
2025-10-22,9:36:16.371748042,T,94.38,200,94.58,100,TGT
2025-10-22,9:36:16.371753132,T,94.38,200,94.55,100,TGT
2025-10-22,9:36:16.371753132,T,94.38,200,94.55,200,TGT
2025-10-22,9:36:16.371763078,T,94.38,200,94.54,100,TGT
2025-10-22,9:36:16.371763078,T,94.38,300,94.54,100,TGT
2025-10-22,9:36:16.371783165,T,94.38,300,94.55,100,TGT
2025-10-22,9:36:16.371803214,T,94.38,200,94.55,100,TGT
2025-10-22,9:36:16.371828324,T,94.38,200,94.55,200,TGT
2025-10-22,9:36:16.371848461,T,94.38,200,94.55,100,TGT
2025-10-22,9:36:16.371863377,T,94.38,200,94.54,100,TGT
2025-10-22,9:36:16.371968824,T,94.38,200,94.53,100,TGT
2025-10-22,9:36:16.371978608,T,94.38,200,94.52,100,TGT
2025-10-22,9:36:16.371983634,T,94.38,200,94.51,100,TGT
2025-10-22,9:36:16.372534996,T,94.38,200,94.52,100,TGT
2025-10-22,9:36:16.372590052,T,94.38,200,94.54,100,TGT
2025-10-22,9:36:16.374554753,T,94.38,200,94.53,100,TGT
2025-10-22,9:36:16.391971254,T,94.38,200,94.52,100,TGT
2025-10-22,9:36:16.391976263,T,94.38,200,94.51,100,TGT
2025-10-22,9:36:16.391996298,T,94.38,200,94.5,100,TGT
2025-10-22,9:36:16.392001319,T,94.38,200,94.51,100,TGT
2025-10-22,9:36:16.392006575,T,94.38,200,94.5,100,TGT
2025-10-22,9:36:16.399002966,T,94.38,200,94.51,100,TGT
2025-10-22,9:36:16.399549285,T,94.38,200,94.5,100,TGT
2025-10-22,9:36:16.399554352,T,94.38,200,94.49,100,TGT
2025-10-22,9:36:16.403664077,T,94.36,100,94.49,100,TGT
2025-10-22,9:36:16.417020952,T,94.36,100,94.48,100,TGT
2025-10-22,9:36:16.826962577,T,94.39,200,94.48,100,TGT
2025-10-22,9:36:16.923808328,T,94.39,200,94.5,100,TGT
2025-10-22,9:36:17.319055092,T,94.39,200,94.52,100,TGT
2025-10-22,9:36:17.319055092,T,94.39,200,94.54,100,TGT
2025-10-22,9:36:17.319064946,T,94.39,300,94.54,100,TGT
2025-10-22,9:36:17.319090079,T,94.39,300,94.48,100,TGT
2025-10-22,9:36:17.319095390,T,94.39,300,94.49,100,TGT
2025-10-22,9:36:17.319100092,T,94.41,100,94.49,100,TGT
2025-10-22,9:36:17.319100092,T,94.39,300,94.49,100,TGT
2025-10-22,9:36:17.319115065,T,94.39,200,94.49,100,TGT
2025-10-22,9:36:17.319115065,T,94.39,200,94.54,100,TGT
2025-10-22,9:36:17.319140587,T,94.39,300,94.54,100,TGT
2025-10-22,9:36:17.319160172,T,94.39,200,94.54,100,TGT
2025-10-22,9:36:17.319375742,T,94.39,200,94.48,100,TGT
2025-10-22,9:36:17.319596250,T,94.39,200,94.48,200,TGT
2025-10-22,9:36:17.319676400,T,94.39,200,94.48,300,TGT
2025-10-22,9:36:17.319696568,T,94.39,200,94.48,200,TGT
2025-10-22,9:36:17.319696568,T,94.39,200,94.48,100,TGT
2025-10-22,9:36:17.319696568,T,94.39,200,94.48,200,TGT
2025-10-22,9:36:17.319701557,T,94.39,200,94.47,200,TGT
2025-10-22,9:36:17.319711519,T,94.39,200,94.48,100,TGT
2025-10-22,9:36:17.319711519,T,94.39,200,94.49,100,TGT
2025-10-22,9:36:17.319721552,T,94.39,200,94.52,100,TGT
2025-10-22,9:36:17.319736601,T,94.39,200,94.48,100,TGT
2025-10-22,9:36:17.319746602,T,94.39,200,94.46,200,TGT
2025-10-22,9:36:17.321345434,T,94.39,300,94.46,200,TGT
2025-10-22,9:36:17.321776436,T,94.39,300,94.46,300,TGT
2025-10-22,9:36:17.900640605,T,94.39,300,94.46,100,TGT
2025-10-22,9:36:17.900640605,T,94.39,300,94.52,100,TGT
2025-10-22,9:36:17.900645603,T,94.39,300,94.54,100,TGT
2025-10-22,9:36:17.900670622,T,94.43,100,94.54,100,TGT
2025-10-22,9:36:17.900856028,T,94.43,100,94.48,100,TGT
2025-10-22,9:36:17.901221996,T,94.4,200,94.48,100,TGT
2025-10-22,9:36:17.901377318,T,94.43,100,94.48,100,TGT
2025-10-22,9:36:17.901622863,T,94.43,100,94.54,100,TGT
2025-10-22,9:36:17.901642955,T,94.47,100,94.54,100,TGT
2025-10-22,9:36:17.901652930,T,94.47,100,94.55,100,TGT
2025-10-22,9:36:17.901703060,T,94.48,100,94.55,100,TGT
2025-10-22,9:36:17.902499981,T,94.48,200,94.55,100,TGT
2025-10-22,9:36:17.902825777,T,94.48,100,94.55,100,TGT
2025-10-22,9:36:18.292829799,T,94.48,100,94.54,100,TGT
2025-10-22,9:36:18.771460257,T,94.43,100,94.54,100,TGT
2025-10-22,9:36:19.426165008,T,94.44,100,94.54,100,TGT
2025-10-22,9:36:19.426490854,T,94.44,200,94.54,100,TGT
2025-10-22,9:36:23.860353955,T,94.44,100,94.54,100,TGT
2025-10-22,9:36:25.417323543,T,94.44,100,94.54,200,TGT
2025-10-22,9:36:25.572413017,T,94.44,100,94.54,300,TGT
2025-10-22,9:36:25.584627031,T,94.45,100,94.54,300,TGT
2025-10-22,9:36:25.584932809,T,94.45,200,94.54,300,TGT
2025-10-22,9:36:25.799864906,T,94.45,200,94.52,100,TGT
2025-10-22,9:36:25.799904924,T,94.45,200,94.52,200,TGT
2025-10-22,9:36:25.800726915,T,94.45,200,94.52,300,TGT
2025-10-22,9:36:26.260336894,T,94.45,200,94.52,200,TGT
2025-10-22,9:36:26.360856409,T,94.45,200,94.52,100,TGT
2025-10-22,9:36:26.369562110,T,94.45,100,94.52,100,TGT
2025-10-22,9:36:26.369567132,T,94.37,100,94.52,100,TGT
2025-10-22,9:36:26.369587244,T,94.37,100,94.46,100,TGT
2025-10-22,9:36:26.369882874,T,94.44,100,94.46,100,TGT
2025-10-22,9:36:26.369907987,T,94.37,100,94.46,100,TGT
2025-10-22,9:36:26.369928038,T,94.37,100,94.45,100,TGT
2025-10-22,9:36:26.370008213,T,94.39,100,94.45,100,TGT
2025-10-22,9:36:26.370955598,T,94.39,100,94.46,100,TGT
2025-10-22,9:36:26.371361403,T,94.39,100,94.48,100,TGT
2025-10-22,9:36:26.469836000,T,94.39,100,94.5,100,TGT
2025-10-22,9:36:26.977495500,T,94.39,100,94.46,100,TGT
2025-10-22,9:36:27.677573446,T,94.39,100,94.5,100,TGT
2025-10-22,9:36:27.995676195,T,94.4,100,94.5,100,TGT
2025-10-22,9:36:27.995991993,T,94.4,200,94.5,100,TGT
2025-10-22,9:36:28.097513902,T,94.4,200,94.5,200,TGT
2025-10-22,9:36:28.858907800,T,94.4,200,94.5,100,TGT
2025-10-22,9:36:28.858988035,T,94.4,100,94.5,100,TGT
2025-10-22,9:36:28.858988035,T,94.37,100,94.5,100,TGT
2025-10-22,9:36:28.858992950,T,94.35,300,94.5,100,TGT
2025-10-22,9:36:28.859002957,T,94.35,300,94.46,100,TGT
2025-10-22,9:36:28.859013017,T,94.35,300,94.41,100,TGT
2025-10-22,9:36:28.859048173,T,94.35,200,94.41,100,TGT
2025-10-22,9:36:28.859308741,T,94.38,100,94.41,100,TGT
2025-10-22,9:36:28.860897570,T,94.38,100,94.44,100,TGT
2025-10-22,9:36:28.959026376,T,94.38,100,94.46,100,TGT
2025-10-22,9:36:30.407482245,T,94.38,200,94.46,100,TGT
2025-10-22,9:36:31.530783382,T,94.38,200,94.5,100,TGT
2025-10-22,9:36:32.244779417,T,94.39,100,94.5,100,TGT
2025-10-22,9:36:32.244819500,T,94.42,100,94.5,100,TGT
2025-10-22,9:36:32.245240492,T,94.43,100,94.5,100,TGT
2025-10-22,9:36:32.245335746,T,94.4,100,94.5,100,TGT
2025-10-22,9:36:32.245356097,T,94.39,200,94.5,100,TGT
2025-10-22,9:36:32.245360785,T,94.39,200,94.46,100,TGT
2025-10-22,9:36:32.245390866,T,94.39,100,94.46,100,TGT
2025-10-22,9:36:32.245922134,T,94.38,100,94.46,100,TGT
2025-10-22,9:36:32.254838410,T,94.38,100,94.49,100,TGT
2025-10-22,9:36:32.305037922,T,94.39,100,94.49,100,TGT
2025-10-22,9:36:32.345519345,T,94.39,100,94.5,200,TGT
2025-10-22,9:36:32.444795934,T,94.38,100,94.5,200,TGT
2025-10-22,9:36:32.445397368,T,94.38,100,94.5,100,TGT
2025-10-22,9:36:33.317780827,T,94.4,100,94.5,100,TGT
2025-10-22,9:36:33.433245953,T,94.4,200,94.5,100,TGT
2025-10-22,9:36:34.661517118,T,94.4,200,94.52,200,TGT
2025-10-22,9:36:34.661572141,T,94.4,200,94.52,100,TGT
2025-10-22,9:36:34.661632341,T,94.4,200,94.52,200,TGT
2025-10-22,9:36:34.661792707,T,94.4,100,94.52,200,TGT
2025-10-22,9:36:35.078360094,T,94.4,100,94.52,100,TGT
2025-10-22,9:36:35.651159725,T,94.4,100,94.52,200,TGT
2025-10-22,9:36:35.651159725,T,94.4,100,94.5,100,TGT
2025-10-22,9:36:35.681542122,T,94.4,100,94.5,200,TGT
2025-10-22,9:36:35.681572177,T,94.4,100,94.47,100,TGT
2025-10-22,9:36:35.681707498,T,94.4,100,94.47,200,TGT
2025-10-22,9:36:35.682213689,T,94.4,200,94.47,200,TGT
2025-10-22,9:36:35.682238675,T,94.4,200,94.47,100,TGT
2025-10-22,9:36:35.761467465,T,94.4,200,94.5,100,TGT
2025-10-22,9:36:35.762279388,T,94.4,200,94.5,200,TGT
2025-10-22,9:36:35.762324496,T,94.4,200,94.49,100,TGT
2025-10-22,9:36:35.762690369,T,94.4,200,94.5,100,TGT
2025-10-22,9:36:35.763507369,T,94.4,200,94.5,200,TGT
2025-10-22,9:36:35.763858219,T,94.4,200,94.5,100,TGT
2025-10-22,9:36:35.764680134,T,94.4,200,94.5,200,TGT
2025-10-22,9:36:36.136055062,T,94.4,200,94.5,100,TGT
2025-10-22,9:36:36.968964451,T,94.4,100,94.5,100,TGT
2025-10-22,9:36:36.968969454,T,94.34,100,94.5,100,TGT
2025-10-22,9:36:36.968974437,T,94.34,100,94.47,100,TGT
2025-10-22,9:36:36.968989456,T,94.32,300,94.47,100,TGT
2025-10-22,9:36:36.968999459,T,94.32,300,94.46,100,TGT
2025-10-22,9:36:36.976021274,T,94.32,300,94.47,100,TGT
2025-10-22,9:36:38.206918640,T,94.32,300,94.49,100,TGT
2025-10-22,9:36:38.206918640,T,94.32,300,94.5,200,TGT
2025-10-22,9:36:39.459878626,T,94.33,100,94.5,200,TGT
2025-10-22,9:36:39.459888662,T,94.33,100,94.5,100,TGT
2025-10-22,9:36:39.459898633,T,94.33,100,94.5,200,TGT
2025-10-22,9:36:39.466805065,T,94.33,100,94.5,100,TGT
2025-10-22,9:36:39.466855254,T,94.33,100,94.5,200,TGT
2025-10-22,9:36:40.619165540,T,94.32,300,94.5,200,TGT
2025-10-22,9:36:40.895840186,T,94.32,300,94.47,100,TGT
2025-10-22,9:36:40.896381133,T,94.32,300,94.5,200,TGT
2025-10-22,9:36:41.140161950,T,94.32,300,94.47,100,TGT
2025-10-22,9:36:42.156934342,T,94.39,100,94.47,100,TGT
2025-10-22,9:36:42.895037706,T,94.39,200,94.47,100,TGT
2025-10-22,9:36:46.692946183,T,94.39,200,94.49,100,TGT
2025-10-22,9:36:46.692971180,T,94.39,200,94.5,200,TGT
2025-10-22,9:36:49.571303401,T,94.39,200,94.49,100,TGT
2025-10-22,9:36:52.007848363,T,94.39,200,94.46,100,TGT
2025-10-22,9:36:53.401573820,T,94.39,200,94.47,100,TGT
2025-10-22,9:36:57.306968143,T,94.39,200,94.46,100,TGT
2025-10-22,9:36:58.009632204,T,94.39,200,94.47,100,TGT
2025-10-22,9:37:00.569987177,T,94.39,200,94.45,100,TGT
2025-10-22,9:37:00.602690167,T,94.39,100,94.45,100,TGT
2025-10-22,9:37:00.602695078,T,94.34,100,94.45,100,TGT
2025-10-22,9:37:00.602695078,T,94.32,300,94.45,100,TGT
2025-10-22,9:37:00.602715069,T,94.32,300,94.4,100,TGT
2025-10-22,9:37:00.603201281,T,94.32,300,94.42,100,TGT
2025-10-22,9:37:00.603201281,T,94.33,100,94.42,100,TGT
2025-10-22,9:37:00.603206462,T,94.35,100,94.42,100,TGT
2025-10-22,9:37:00.603221328,T,94.37,100,94.42,100,TGT
2025-10-22,9:37:00.603241441,T,94.38,100,94.42,100,TGT
2025-10-22,9:37:00.603592168,T,94.37,100,94.42,100,TGT
2025-10-22,9:37:00.603657356,T,94.37,100,94.39,100,TGT
2025-10-22,9:37:00.603662332,T,94.37,100,94.42,100,TGT
2025-10-22,9:37:00.603677326,T,94.37,200,94.42,100,TGT
2025-10-22,9:37:00.603682430,T,94.38,100,94.42,100,TGT
2025-10-22,9:37:00.603712462,T,94.39,100,94.42,100,TGT
2025-10-22,9:37:00.604254147,T,94.39,100,94.44,100,TGT
2025-10-22,9:37:00.604254147,T,94.39,100,94.45,200,TGT
2025-10-22,9:37:00.604279170,T,94.4,100,94.45,200,TGT
2025-10-22,9:37:00.604318898,T,94.4,100,94.45,100,TGT
2025-10-22,9:37:00.604328977,T,94.4,200,94.45,100,TGT
2025-10-22,9:37:00.604835469,T,94.4,100,94.45,100,TGT
2025-10-22,9:37:00.605050662,T,94.4,100,94.47,100,TGT
2025-10-22,9:37:00.605065642,T,94.39,100,94.47,100,TGT
2025-10-22,9:37:00.605331370,T,94.39,100,94.49,100,TGT
2025-10-22,9:37:00.605501755,T,94.37,200,94.49,100,TGT
2025-10-22,9:37:00.605541819,T,94.39,100,94.49,100,TGT
2025-10-22,9:37:00.605551845,T,94.44,100,94.49,100,TGT
2025-10-22,9:37:00.605591958,T,94.44,100,94.45,200,TGT
2025-10-22,9:37:00.605612262,T,94.39,100,94.45,200,TGT
2025-10-22,9:37:00.605616959,T,94.4,100,94.45,200,TGT
2025-10-22,9:37:00.605622309,T,94.39,100,94.45,200,TGT
2025-10-22,9:37:00.605627022,T,94.4,100,94.45,200,TGT
2025-10-22,9:37:00.605632003,T,94.4,100,94.49,100,TGT
2025-10-22,9:37:00.605632003,T,94.4,100,94.44,100,TGT
2025-10-22,9:37:00.605647098,T,94.39,100,94.44,100,TGT
2025-10-22,9:37:00.605657146,T,94.4,100,94.44,100,TGT
2025-10-22,9:37:00.605657146,T,94.4,100,94.44,300,TGT
2025-10-22,9:37:00.605667331,T,94.4,100,94.44,200,TGT
2025-10-22,9:37:00.605667331,T,94.39,100,94.44,200,TGT
2025-10-22,9:37:00.605692500,T,94.39,100,94.49,100,TGT
2025-10-22,9:37:00.605697220,T,94.37,200,94.49,100,TGT
2025-10-22,9:37:00.605707238,T,94.39,100,94.49,100,TGT
2025-10-22,9:37:00.605712186,T,94.43,100,94.49,100,TGT
2025-10-22,9:37:00.606268603,T,94.42,300,94.49,100,TGT
2025-10-22,9:37:00.606283644,T,94.42,300,94.5,200,TGT
2025-10-22,9:37:00.606333735,T,94.42,200,94.5,200,TGT
2025-10-22,9:37:00.606814949,T,94.42,100,94.5,200,TGT
2025-10-22,9:37:00.606814949,T,94.42,100,94.43,100,TGT
2025-10-22,9:37:00.606835057,T,94.42,100,94.5,200,TGT
2025-10-22,9:37:00.606839883,T,94.42,100,94.45,100,TGT
2025-10-22,9:37:00.606850246,T,94.4,100,94.45,100,TGT
2025-10-22,9:37:00.606864965,T,94.39,100,94.45,100,TGT
2025-10-22,9:37:00.606875197,T,94.41,100,94.45,100,TGT
2025-10-22,9:37:00.606890114,T,94.41,100,94.49,100,TGT
2025-10-22,9:37:00.606945212,T,94.42,100,94.49,100,TGT
2025-10-22,9:37:00.607110529,T,94.42,100,94.46,100,TGT
2025-10-22,9:37:00.607245860,T,94.42,100,94.49,100,TGT
2025-10-22,9:37:00.610283111,T,94.43,100,94.49,100,TGT
2025-10-22,9:37:00.612127482,T,94.43,100,94.5,200,TGT
2025-10-22,9:37:00.613420626,T,94.42,100,94.5,200,TGT
2025-10-22,9:37:00.613455702,T,94.42,100,94.49,100,TGT
2025-10-22,9:37:00.613505762,T,94.42,100,94.46,100,TGT
2025-10-22,9:37:00.613535914,T,94.42,100,94.49,100,TGT
2025-10-22,9:37:00.613886682,T,94.42,100,94.45,100,TGT
2025-10-22,9:37:00.613916778,T,94.42,100,94.49,100,TGT
2025-10-22,9:37:00.613941857,T,94.43,100,94.49,100,TGT
2025-10-22,9:37:00.613956902,T,94.43,100,94.5,200,TGT
2025-10-22,9:37:00.614167382,T,94.43,200,94.5,200,TGT
2025-10-22,9:37:00.614498198,T,94.43,100,94.5,200,TGT
2025-10-22,9:37:00.614603434,T,94.42,200,94.5,200,TGT
2025-10-22,9:37:00.614718627,T,94.42,100,94.5,200,TGT
2025-10-22,9:37:00.618237027,T,94.42,100,94.5,100,TGT
2025-10-22,9:37:00.618282238,T,94.44,100,94.5,100,TGT
2025-10-22,9:37:00.618282238,T,94.45,100,94.5,100,TGT
2025-10-22,9:37:00.962151487,T,94.41,100,94.5,100,TGT
2025-10-22,9:37:01.986060749,T,94.39,100,94.5,100,TGT
2025-10-22,9:37:01.986060749,T,94.37,100,94.5,100,TGT
2025-10-22,9:37:01.986085837,T,94.37,100,94.48,100,TGT
2025-10-22,9:37:01.986135996,T,94.39,100,94.48,100,TGT
2025-10-22,9:37:01.986150969,T,94.41,100,94.48,100,TGT
2025-10-22,9:37:01.986176104,T,94.39,100,94.48,100,TGT
2025-10-22,9:37:01.986186132,T,94.37,100,94.48,100,TGT
2025-10-22,9:37:01.986211128,T,94.39,100,94.48,100,TGT
2025-10-22,9:37:01.986221174,T,94.42,100,94.48,100,TGT
2025-10-22,9:37:01.986251236,T,94.42,200,94.48,100,TGT
2025-10-22,9:37:01.986546940,T,94.43,100,94.48,100,TGT
2025-10-22,9:37:01.986557006,T,94.42,100,94.48,100,TGT
2025-10-22,9:37:01.986632137,T,94.42,200,94.48,100,TGT
2025-10-22,9:37:01.986642218,T,94.42,100,94.48,100,TGT
2025-10-22,9:37:01.987143383,T,94.42,100,94.5,100,TGT
2025-10-22,9:37:02.316172170,T,94.44,100,94.5,100,TGT
2025-10-22,9:37:02.771832761,T,94.44,200,94.5,100,TGT
2025-10-22,9:37:02.771852819,T,94.44,100,94.5,100,TGT
2025-10-22,9:37:02.771932977,T,94.44,100,94.53,100,TGT
2025-10-22,9:37:02.772048300,T,94.44,200,94.53,100,TGT
2025-10-22,9:37:02.772123476,T,94.45,100,94.53,100,TGT
2025-10-22,9:37:02.772143524,T,94.44,200,94.53,100,TGT
2025-10-22,9:37:02.772173575,T,94.44,100,94.53,100,TGT
2025-10-22,9:37:02.772193586,T,94.44,100,94.49,100,TGT
2025-10-22,9:37:02.779260421,T,94.44,100,94.52,100,TGT
2025-10-22,9:37:02.782247560,T,94.44,100,94.53,100,TGT
2025-10-22,9:37:02.786773368,T,94.44,100,94.52,100,TGT
2025-10-22,9:37:02.786793584,T,94.41,100,94.52,100,TGT
2025-10-22,9:37:02.786808443,T,94.41,100,94.51,100,TGT
2025-10-22,9:37:02.786833495,T,94.43,100,94.51,100,TGT
2025-10-22,9:37:02.793805082,T,94.43,100,94.52,100,TGT
2025-10-22,9:37:04.193910753,T,94.43,100,94.53,100,TGT
2025-10-22,9:37:04.492722678,T,94.39,100,94.53,100,TGT
2025-10-22,9:37:04.492742768,T,94.39,100,94.46,100,TGT
2025-10-22,9:37:04.492747782,T,94.37,100,94.46,100,TGT
2025-10-22,9:37:04.492752747,T,94.34,100,94.46,100,TGT
2025-10-22,9:37:04.492787795,T,94.37,100,94.46,100,TGT
2025-10-22,9:37:04.492802838,T,94.39,100,94.46,100,TGT
2025-10-22,9:37:04.493905459,T,94.39,100,94.52,100,TGT
2025-10-22,9:37:04.814704724,T,94.39,100,94.53,100,TGT
2025-10-22,9:37:04.814734836,T,94.4,100,94.53,100,TGT
2025-10-22,9:37:04.814769804,T,94.4,200,94.53,100,TGT
2025-10-22,9:37:04.814810322,T,94.43,100,94.53,100,TGT
2025-10-22,9:37:05.150715170,T,94.39,100,94.53,100,TGT
2025-10-22,9:37:05.568816404,T,94.43,100,94.53,100,TGT
2025-10-22,9:37:05.568826386,T,94.39,100,94.53,100,TGT
2025-10-22,9:37:05.568841444,T,94.43,100,94.53,100,TGT
2025-10-22,9:37:06.903295769,T,94.39,100,94.53,100,TGT
2025-10-22,9:37:07.582203210,T,94.43,500,94.53,100,TGT
2025-10-22,9:37:07.947668927,T,94.43,600,94.53,100,TGT
2025-10-22,9:37:08.109735041,T,94.44,100,94.53,100,TGT
2025-10-22,9:37:08.805572836,T,94.43,600,94.53,100,TGT
2025-10-22,9:37:09.384677454,T,94.43,500,94.53,100,TGT
2025-10-22,9:37:10.430052995,T,94.43,600,94.53,100,TGT
2025-10-22,9:37:10.968134991,T,94.43,500,94.53,100,TGT
2025-10-22,9:37:10.968160062,T,94.43,500,94.52,100,TGT
2025-10-22,9:37:10.968556148,T,94.43,500,94.51,100,TGT
2025-10-22,9:37:10.968561054,T,94.43,500,94.46,100,TGT
2025-10-22,9:37:10.969698677,T,94.43,500,94.52,100,TGT
2025-10-22,9:37:10.979256536,T,94.43,500,94.53,100,TGT
2025-10-22,9:37:18.420720056,T,94.43,600,94.53,100,TGT
2025-10-22,9:37:21.433387670,T,94.43,500,94.53,100,TGT
2025-10-22,9:37:21.700238531,T,94.43,600,94.53,100,TGT
2025-10-22,9:37:22.378133585,T,94.43,500,94.53,100,TGT
2025-10-22,9:37:22.378158544,T,94.43,500,94.52,100,TGT
2025-10-22,9:37:22.378173670,T,94.43,500,94.51,100,TGT
2025-10-22,9:37:22.378178634,T,94.43,500,94.49,100,TGT
2025-10-22,9:37:22.378344042,T,94.43,500,94.47,100,TGT
2025-10-22,9:37:22.385190341,T,94.43,500,94.49,100,TGT
2025-10-22,9:37:22.516267584,T,94.43,500,94.5,100,TGT
2025-10-22,9:37:22.578190084,T,94.43,500,94.51,100,TGT
2025-10-22,9:37:22.578220164,T,94.43,500,94.52,100,TGT
2025-10-22,9:37:22.722077965,T,94.43,500,94.53,100,TGT
2025-10-22,9:37:25.611176197,T,94.43,500,94.47,100,TGT
2025-10-22,9:37:27.957977127,T,94.43,500,94.53,100,TGT
2025-10-22,9:37:28.486887190,T,94.43,500,94.52,100,TGT
2025-10-22,9:37:28.487664048,T,94.43,500,94.53,100,TGT
2025-10-22,9:37:32.535066762,T,94.43,400,94.53,100,TGT
2025-10-22,9:37:32.535066762,T,94.43,300,94.53,100,TGT
2025-10-22,9:37:32.535091878,T,94.43,300,94.52,100,TGT
2025-10-22,9:37:32.535111875,T,94.43,300,94.51,100,TGT
2025-10-22,9:37:32.535117214,T,94.43,200,94.51,100,TGT
2025-10-22,9:37:32.535121948,T,94.39,100,94.51,100,TGT
2025-10-22,9:37:32.535136932,T,94.37,100,94.51,100,TGT
2025-10-22,9:37:32.535136932,T,94.35,300,94.51,100,TGT
2025-10-22,9:37:32.535141986,T,94.35,200,94.51,100,TGT
2025-10-22,9:37:32.535147215,T,94.35,200,94.52,100,TGT
2025-10-22,9:37:32.535157038,T,94.35,200,94.51,100,TGT
2025-10-22,9:37:32.535157038,T,94.35,200,94.5,100,TGT
2025-10-22,9:37:32.535162010,T,94.35,200,94.46,100,TGT
2025-10-22,9:37:32.535292341,T,94.35,200,94.46,200,TGT
2025-10-22,9:37:32.535342440,T,94.35,200,94.45,100,TGT
2025-10-22,9:37:32.535543047,T,94.35,200,94.44,100,TGT
2025-10-22,9:37:32.535758394,T,94.35,200,94.46,100,TGT
2025-10-22,9:37:32.535778496,T,94.37,100,94.46,100,TGT
2025-10-22,9:37:32.535778496,T,94.37,100,94.5,100,TGT
2025-10-22,9:37:32.535783483,T,94.4,100,94.5,100,TGT
2025-10-22,9:37:32.535788596,T,94.42,100,94.5,100,TGT
2025-10-22,9:37:32.535808736,T,94.42,100,94.51,100,TGT
2025-10-22,9:37:32.535813531,T,94.42,100,94.52,100,TGT
2025-10-22,9:37:32.537452504,T,94.42,100,94.53,100,TGT
2025-10-22,9:37:32.537472493,T,94.42,200,94.53,100,TGT
2025-10-22,9:37:32.537472493,T,94.43,100,94.53,100,TGT
2025-10-22,9:37:32.537507629,T,94.43,200,94.53,100,TGT
2025-10-22,9:37:32.537522669,T,94.43,300,94.53,100,TGT
2025-10-22,9:37:32.537532615,T,94.43,200,94.53,100,TGT
2025-10-22,9:37:32.537933649,T,94.45,100,94.53,100,TGT
2025-10-22,9:37:32.537983754,T,94.45,200,94.53,100,TGT
2025-10-22,9:37:32.538013783,T,94.45,200,94.5,200,TGT
2025-10-22,9:37:32.538073940,T,94.45,200,94.52,100,TGT
2025-10-22,9:37:32.538094058,T,94.45,200,94.49,200,TGT
2025-10-22,9:37:32.538489931,T,94.45,100,94.49,200,TGT
2025-10-22,9:37:38.769955801,T,94.45,100,94.52,100,TGT
2025-10-22,9:37:38.769975883,T,94.45,100,94.53,100,TGT
2025-10-22,9:37:38.769990876,T,94.45,100,94.54,300,TGT
2025-10-22,9:37:38.770000876,T,94.46,100,94.54,300,TGT
2025-10-22,9:37:38.770045977,T,94.46,200,94.54,300,TGT
2025-10-22,9:37:38.770221372,T,94.47,100,94.54,300,TGT
2025-10-22,9:37:38.770221372,T,94.47,100,94.54,200,TGT
2025-10-22,9:37:38.770226476,T,94.46,200,94.54,200,TGT
2025-10-22,9:37:38.770296600,T,94.46,100,94.54,200,TGT
2025-10-22,9:37:38.770306591,T,94.46,200,94.54,200,TGT
2025-10-22,9:37:38.770913109,T,94.47,100,94.54,200,TGT
2025-10-22,9:37:38.770913109,T,94.49,100,94.54,200,TGT
2025-10-22,9:37:38.770928141,T,94.49,200,94.54,200,TGT
2025-10-22,9:37:38.770968257,T,94.49,300,94.54,200,TGT
2025-10-22,9:37:38.771068500,T,94.49,200,94.54,200,TGT
2025-10-22,9:37:38.771103523,T,94.49,200,94.54,100,TGT
2025-10-22,9:37:38.791151295,T,94.49,200,94.59,100,TGT
2025-10-22,9:37:38.794338906,T,94.49,200,94.55,200,TGT
2025-10-22,9:37:38.886107469,T,94.51,100,94.55,200,TGT
2025-10-22,9:37:38.886162644,T,94.51,200,94.55,200,TGT
2025-10-22,9:37:38.999051550,T,94.51,200,94.55,300,TGT
2025-10-22,9:37:39.342815542,T,94.51,100,94.55,300,TGT
2025-10-22,9:37:39.342840711,T,94.4,100,94.55,300,TGT
2025-10-22,9:37:39.342850634,T,94.39,100,94.55,300,TGT
2025-10-22,9:37:39.342860722,T,94.39,100,94.54,100,TGT
2025-10-22,9:37:39.342860722,T,94.39,100,94.53,100,TGT
2025-10-22,9:37:39.342986045,T,94.38,100,94.53,100,TGT
2025-10-22,9:37:39.344279033,T,94.38,100,94.54,200,TGT
2025-10-22,9:37:39.345386758,T,94.38,100,94.53,100,TGT
2025-10-22,9:37:39.345406777,T,94.38,100,94.54,200,TGT
2025-10-22,9:37:39.345406777,T,94.37,100,94.54,200,TGT
2025-10-22,9:37:39.345416767,T,94.37,100,94.53,100,TGT
2025-10-22,9:37:39.346754972,T,94.36,100,94.53,100,TGT
2025-10-22,9:37:39.346774985,T,94.35,300,94.53,100,TGT
2025-10-22,9:37:39.346805087,T,94.35,200,94.53,100,TGT
2025-10-22,9:37:39.346825174,T,94.35,300,94.53,100,TGT
2025-10-22,9:37:39.542892223,T,94.35,300,94.54,200,TGT
2025-10-22,9:37:39.591127208,T,94.37,100,94.54,200,TGT
2025-10-22,9:37:40.173760279,T,94.38,200,94.54,200,TGT
2025-10-22,9:37:40.173795362,T,94.38,300,94.54,200,TGT
2025-10-22,9:37:40.294437828,T,94.38,300,94.53,100,TGT
2025-10-22,9:37:41.044128878,T,94.46,100,94.53,100,TGT
2025-10-22,9:37:41.044163972,T,94.46,100,94.54,200,TGT
2025-10-22,9:37:44.967937099,T,94.46,100,94.54,100,TGT
2025-10-22,9:37:44.967957068,T,94.47,100,94.54,100,TGT
2025-10-22,9:37:44.968353155,T,94.47,200,94.54,100,TGT
2025-10-22,9:37:44.969034663,T,94.47,100,94.54,100,TGT
2025-10-22,9:37:44.976893455,T,94.46,200,94.54,100,TGT
2025-10-22,9:37:44.981093447,T,94.46,200,94.56,200,TGT
2025-10-22,9:37:45.167983677,T,94.46,100,94.56,200,TGT
2025-10-22,9:37:48.876037836,T,94.46,100,94.53,100,TGT
2025-10-22,9:37:50.315296630,T,94.46,100,94.56,200,TGT
2025-10-22,9:37:50.315301642,T,94.48,100,94.56,200,TGT
2025-10-22,9:37:50.315857967,T,94.46,100,94.56,200,TGT
2025-10-22,9:37:53.214122918,T,94.46,200,94.56,200,TGT
2025-10-22,9:37:57.732728211,T,94.46,100,94.56,200,TGT
2025-10-22,9:37:58.471894276,T,94.46,100,94.53,100,TGT
2025-10-22,9:38:01.601249734,T,94.46,100,94.56,200,TGT
2025-10-22,9:38:04.223050890,T,94.49,100,94.56,200,TGT
2025-10-22,9:38:04.223080855,T,94.47,100,94.56,200,TGT
2025-10-22,9:38:04.223090833,T,94.49,100,94.56,200,TGT
2025-10-22,9:38:04.223115952,T,94.52,100,94.56,200,TGT
2025-10-22,9:38:04.223130948,T,94.52,100,94.56,300,TGT
2025-10-22,9:38:04.223672227,T,94.5,100,94.56,300,TGT
2025-10-22,9:38:04.223692286,T,94.47,200,94.56,300,TGT
2025-10-22,9:38:04.224133349,T,94.47,300,94.56,300,TGT
2025-10-22,9:38:04.224353883,T,94.47,200,94.56,300,TGT
2025-10-22,9:38:04.224549318,T,94.47,100,94.56,300,TGT
2025-10-22,9:38:04.228228116,T,94.47,100,94.55,100,TGT
2025-10-22,9:38:04.228253226,T,94.47,100,94.55,200,TGT
2025-10-22,9:38:04.241625044,T,94.47,100,94.55,100,TGT
2025-10-22,9:38:04.323054063,T,94.46,200,94.55,100,TGT
2025-10-22,9:38:04.423082366,T,94.46,100,94.55,100,TGT
2025-10-22,9:38:04.928276034,T,94.45,100,94.55,100,TGT
2025-10-22,9:38:05.331471690,T,94.47,100,94.55,100,TGT
2025-10-22,9:38:05.627376587,T,94.48,100,94.55,100,TGT
2025-10-22,9:38:06.680300156,T,94.48,100,94.54,100,TGT
2025-10-22,9:38:07.692471646,T,94.47,100,94.54,100,TGT
2025-10-22,9:38:08.871525536,T,94.51,100,94.54,100,TGT
2025-10-22,9:38:10.231560598,T,94.51,100,94.59,100,TGT
2025-10-22,9:38:10.231600744,T,94.52,100,94.59,100,TGT
2025-10-22,9:38:10.384971139,T,94.51,100,94.59,100,TGT
2025-10-22,9:38:14.245629088,T,94.48,200,94.59,100,TGT
2025-10-22,9:38:15.094621653,T,94.53,100,94.59,100,TGT
2025-10-22,9:38:15.174321592,T,94.53,100,94.56,200,TGT
2025-10-22,9:38:15.240419381,T,94.53,100,94.59,100,TGT
2025-10-22,9:38:15.692511130,T,94.53,100,94.6,200,TGT
2025-10-22,9:38:15.692531201,T,94.54,100,94.6,200,TGT
2025-10-22,9:38:15.692591318,T,94.54,100,94.6,100,TGT
2025-10-22,9:38:15.693112572,T,94.54,200,94.6,100,TGT
2025-10-22,9:38:15.715385585,T,94.54,100,94.6,100,TGT
2025-10-22,9:38:16.036460535,T,94.53,100,94.6,100,TGT
2025-10-22,9:38:16.082029157,T,94.53,100,94.6,200,TGT
2025-10-22,9:38:16.598850319,T,94.53,200,94.6,200,TGT
2025-10-22,9:38:18.651540664,T,94.53,100,94.6,200,TGT
2025-10-22,9:38:18.856899893,T,94.5,100,94.6,200,TGT
2025-10-22,9:38:18.856905035,T,94.48,200,94.6,200,TGT
2025-10-22,9:38:18.856919937,T,94.48,200,94.59,100,TGT
2025-10-22,9:38:18.856919937,T,94.48,200,94.56,100,TGT
2025-10-22,9:38:18.856940049,T,94.48,200,94.56,200,TGT
2025-10-22,9:38:18.856965135,T,94.48,200,94.56,100,TGT
2025-10-22,9:38:18.857040331,T,94.48,100,94.56,100,TGT
2025-10-22,9:38:18.857155487,T,94.48,100,94.56,200,TGT
2025-10-22,9:38:18.857741964,T,94.48,100,94.56,100,TGT
2025-10-22,9:38:18.858002714,T,94.48,100,94.57,100,TGT
2025-10-22,9:38:18.898849877,T,94.48,100,94.58,100,TGT
2025-10-22,9:38:18.898925113,T,94.48,100,94.59,100,TGT
2025-10-22,9:38:19.814987612,T,94.48,100,94.58,100,TGT
2025-10-22,9:38:19.815052691,T,94.48,100,94.57,100,TGT
2025-10-22,9:38:19.843054455,T,94.48,100,94.58,100,TGT
2025-10-22,9:38:21.269678150,T,94.48,100,94.59,100,TGT
2025-10-22,9:38:27.886427387,T,94.48,100,94.59,200,TGT
2025-10-22,9:38:27.897182967,T,94.48,100,94.59,100,TGT
2025-10-22,9:38:28.602773885,T,94.51,100,94.59,100,TGT
2025-10-22,9:38:29.100409383,T,94.51,100,94.58,100,TGT
2025-10-22,9:38:29.100464579,T,94.51,100,94.59,100,TGT
2025-10-22,9:38:29.102604636,T,94.51,100,94.6,200,TGT
2025-10-22,9:38:29.102604636,T,94.51,100,94.6,100,TGT
2025-10-22,9:38:29.102629756,T,94.51,200,94.6,100,TGT
2025-10-22,9:38:29.102634670,T,94.52,100,94.6,100,TGT
2025-10-22,9:38:29.102649824,T,94.51,200,94.6,100,TGT
2025-10-22,9:38:29.102700275,T,94.52,100,94.6,100,TGT
2025-10-22,9:38:29.102710547,T,94.51,200,94.6,100,TGT
2025-10-22,9:38:29.103075796,T,94.52,100,94.6,100,TGT
2025-10-22,9:38:29.103932813,T,94.51,200,94.6,100,TGT
2025-10-22,9:38:29.346781371,T,94.51,100,94.6,100,TGT
2025-10-22,9:38:29.562570482,T,94.48,200,94.6,100,TGT
2025-10-22,9:38:30.253842516,T,94.53,100,94.6,100,TGT
2025-10-22,9:38:32.123015430,T,94.52,100,94.6,100,TGT
2025-10-22,9:38:32.123020542,T,94.48,200,94.6,100,TGT
2025-10-22,9:38:32.123030530,T,94.48,100,94.6,100,TGT
2025-10-22,9:38:32.123035490,T,94.48,100,94.54,100,TGT
2025-10-22,9:38:32.124078069,T,94.48,100,94.6,200,TGT
2025-10-22,9:38:32.165596906,T,94.48,100,94.58,100,TGT
2025-10-22,9:38:32.165672160,T,94.48,100,94.56,100,TGT
2025-10-22,9:38:32.165752310,T,94.48,100,94.58,100,TGT
2025-10-22,9:38:32.466934862,T,94.48,100,94.6,200,TGT
2025-10-22,9:38:32.466964961,T,94.48,100,94.6,100,TGT
2025-10-22,9:38:32.626901009,T,94.51,100,94.6,100,TGT
2025-10-22,9:38:41.383302663,T,94.54,100,94.6,100,TGT
2025-10-22,9:38:41.383858957,T,94.51,200,94.6,100,TGT
2025-10-22,9:38:41.384565668,T,94.51,100,94.6,100,TGT
2025-10-22,9:38:41.384600753,T,94.51,200,94.6,100,TGT
2025-10-22,9:38:41.583304045,T,94.51,100,94.6,100,TGT
2025-10-22,9:38:45.118736976,T,94.51,200,94.6,100,TGT
2025-10-22,9:38:45.320863657,T,94.52,200,94.6,100,TGT
2025-10-22,9:38:45.320973752,T,94.52,100,94.6,100,TGT
2025-10-22,9:38:45.321394847,T,94.51,200,94.6,100,TGT
2025-10-22,9:38:45.503614003,T,94.51,300,94.6,100,TGT
2025-10-22,9:38:45.510405180,T,94.51,200,94.6,100,TGT
2025-10-22,9:38:45.598024015,T,94.51,100,94.6,100,TGT
2025-10-22,9:38:46.597560264,T,94.55,100,94.6,100,TGT
2025-10-22,9:38:46.597810752,T,94.57,100,94.6,100,TGT
2025-10-22,9:38:46.598367192,T,94.55,200,94.6,100,TGT
2025-10-22,9:38:46.598527495,T,94.55,100,94.6,100,TGT
2025-10-22,9:38:46.599038905,T,94.55,200,94.6,100,TGT
2025-10-22,9:38:46.599710384,T,94.57,100,94.6,100,TGT
2025-10-22,9:38:46.600271722,T,94.54,100,94.6,100,TGT
2025-10-22,9:38:46.797596770,T,94.51,200,94.6,100,TGT
2025-10-22,9:38:47.026076061,T,94.57,100,94.6,100,TGT
2025-10-22,9:38:47.086008918,T,94.57,100,94.63,200,TGT
2025-10-22,9:38:47.086028965,T,94.58,100,94.63,200,TGT
2025-10-22,9:38:47.086044003,T,94.58,100,94.63,100,TGT
2025-10-22,9:38:47.086585301,T,94.57,200,94.63,100,TGT
2025-10-22,9:38:47.086830930,T,94.58,100,94.63,100,TGT
2025-10-22,9:38:47.086830930,T,94.59,100,94.63,100,TGT
2025-10-22,9:38:47.086941216,T,94.59,200,94.63,100,TGT
2025-10-22,9:38:47.287293471,T,94.59,100,94.63,100,TGT
2025-10-22,9:38:47.430865521,T,94.57,200,94.63,100,TGT
2025-10-22,9:38:47.914773340,T,94.57,100,94.63,100,TGT
2025-10-22,9:39:02.061386667,T,94.57,100,94.62,100,TGT
2025-10-22,9:39:05.078675052,T,94.51,200,94.62,100,TGT
2025-10-22,9:39:05.078695241,T,94.51,200,94.59,100,TGT
2025-10-22,9:39:05.078835466,T,94.51,100,94.59,100,TGT
2025-10-22,9:39:05.079256500,T,94.51,100,94.6,100,TGT
2025-10-22,9:39:05.079457002,T,94.51,100,94.57,100,TGT
2025-10-22,9:39:05.080018347,T,94.51,100,94.6,100,TGT
