DATE,TIME_M,EX,BID,BIDSIZ,ASK,ASKSIZ,SYM_ROOT
2025-11-11,9:30:00.814620245,T,90.85,100,91.69,100,TGT
2025-11-11,9:30:01.133885971,T,90.85,100,91.69,100,TGT
2025-11-11,9:30:01.185032858,T,90.99,100,91.69,100,TGT
2025-11-11,9:30:01.185077925,T,91.36,100,91.69,100,TGT
2025-11-11,9:30:01.185097954,T,91.39,100,91.69,100,TGT
2025-11-11,9:30:01.205085589,T,91.36,100,91.69,100,TGT
2025-11-11,9:30:01.205311085,T,91.39,100,91.69,100,TGT
2025-11-11,9:30:01.609844766,T,91.39,100,91.5,100,TGT
2025-11-11,9:30:01.669637317,T,91.39,100,91.69,100,TGT
2025-11-11,9:30:01.669963287,T,91.41,100,91.69,100,TGT
2025-11-11,9:30:01.669988136,T,91.39,100,91.69,100,TGT
2025-11-11,9:30:01.670153454,T,91.36,100,91.69,100,TGT
2025-11-11,9:30:01.670208629,T,91.43,100,91.69,100,TGT
2025-11-11,9:30:01.671547036,T,91.43,200,91.69,100,TGT
2025-11-11,9:30:01.689935649,T,91.43,100,91.69,100,TGT
2025-11-11,9:30:01.690787645,T,91.43,200,91.69,100,TGT
2025-11-11,9:30:01.702219910,T,91.43,100,91.69,100,TGT
2025-11-11,9:30:01.712835129,T,91.43,200,91.69,100,TGT
2025-11-11,9:30:01.712900323,T,91.43,100,91.69,100,TGT
2025-11-11,9:30:01.713206029,T,91.43,200,91.69,100,TGT
2025-11-11,9:30:02.035889868,T,91.43,100,91.69,100,TGT
2025-11-11,9:30:02.044064429,T,91.43,200,91.69,100,TGT
2025-11-11,9:30:02.044089441,T,91.43,100,91.69,100,TGT
2025-11-11,9:30:02.490056856,T,91.39,100,91.69,100,TGT
2025-11-11,9:30:02.780719300,T,91.38,100,91.69,100,TGT
2025-11-11,9:30:02.780739440,T,91.38,100,91.64,100,TGT
2025-11-11,9:30:02.800736968,T,91.38,100,91.69,100,TGT
2025-11-11,9:30:03.340823654,T,91.38,200,91.69,100,TGT
2025-11-11,9:30:04.403149602,T,91.38,200,91.75,200,TGT
2025-11-11,9:30:11.133278291,T,91.43,100,91.75,200,TGT
2025-11-11,9:30:11.133543870,T,91.48,100,91.75,200,TGT
2025-11-11,9:30:11.133964948,T,91.48,200,91.75,200,TGT
2025-11-11,9:30:11.134170367,T,91.48,300,91.75,200,TGT
2025-11-11,9:30:11.144114128,T,91.48,200,91.75,200,TGT
2025-11-11,9:30:11.144530025,T,91.48,100,91.75,200,TGT
2025-11-11,9:30:11.219633976,T,91.54,100,91.75,200,TGT
2025-11-11,9:30:11.220055059,T,91.54,200,91.75,200,TGT
2025-11-11,9:30:15.177197797,T,91.55,300,91.75,200,TGT
2025-11-11,9:30:15.178190151,T,91.55,400,91.75,200,TGT
2025-11-11,9:30:15.248397316,T,91.55,100,91.75,200,TGT
2025-11-11,9:30:16.272432097,T,91.54,100,91.75,200,TGT
2025-11-11,9:30:16.272437032,T,91.56,300,91.75,200,TGT
2025-11-11,9:30:16.272582457,T,91.54,100,91.75,200,TGT
2025-11-11,9:30:18.720128314,T,91.54,100,91.68,100,TGT
2025-11-11,9:30:20.533262992,T,91.49,100,91.68,100,TGT
2025-11-11,9:30:20.533288006,T,91.49,100,91.68,200,TGT
2025-11-11,9:30:20.533288006,T,91.49,100,91.66,100,TGT
2025-11-11,9:30:20.533328127,T,91.49,100,91.65,100,TGT
2025-11-11,9:30:20.533593747,T,91.49,100,91.64,100,TGT
2025-11-11,9:30:20.534200246,T,91.49,200,91.64,100,TGT
2025-11-11,9:30:20.534495954,T,91.49,200,91.59,100,TGT
2025-11-11,9:30:20.535723814,T,91.49,200,91.59,200,TGT
2025-11-11,9:30:20.697383916,T,91.49,200,91.59,100,TGT
2025-11-11,9:30:26.528295830,T,91.49,100,91.59,100,TGT
2025-11-11,9:30:26.528310805,T,91.36,100,91.59,100,TGT
2025-11-11,9:30:26.528691745,T,91.36,100,91.57,100,TGT
2025-11-11,9:30:26.528937436,T,91.36,400,91.57,100,TGT
2025-11-11,9:30:26.529122800,T,91.37,300,91.57,100,TGT
2025-11-11,9:30:26.529543752,T,91.37,400,91.57,100,TGT
2025-11-11,9:30:26.529984842,T,91.37,400,91.54,100,TGT
2025-11-11,9:30:26.534921512,T,91.37,100,91.54,100,TGT
2025-11-11,9:30:26.567328814,T,91.36,100,91.54,100,TGT
2025-11-11,9:30:28.420428407,T,91.36,100,91.59,100,TGT
2025-11-11,9:30:28.421706495,T,91.36,100,91.69,100,TGT
2025-11-11,9:30:42.219157914,T,91.41,100,91.69,100,TGT
2025-11-11,9:30:42.219177800,T,91.45,100,91.69,100,TGT
2025-11-11,9:30:42.222079645,T,91.46,300,91.69,100,TGT
2025-11-11,9:30:42.222390478,T,91.45,100,91.69,100,TGT
2025-11-11,9:30:42.222681062,T,91.45,200,91.69,100,TGT
2025-11-11,9:30:42.225136963,T,91.45,100,91.69,100,TGT
2025-11-11,9:30:42.232414255,T,91.46,300,91.69,100,TGT
2025-11-11,9:30:42.242929416,T,91.45,100,91.69,100,TGT
2025-11-11,9:30:42.242939370,T,91.46,100,91.69,100,TGT
2025-11-11,9:30:42.285811559,T,91.45,100,91.69,100,TGT
2025-11-11,9:30:43.383040539,T,91.45,100,91.63,100,TGT
2025-11-11,9:30:44.663205428,T,91.45,100,91.62,100,TGT
2025-11-11,9:30:46.888161032,T,91.46,100,91.62,100,TGT
2025-11-11,9:30:46.888582044,T,91.46,200,91.62,100,TGT
2025-11-11,9:30:47.618185308,T,91.46,100,91.62,100,TGT
2025-11-11,9:30:47.646372557,T,91.47,300,91.62,100,TGT
2025-11-11,9:30:47.646402910,T,91.47,300,91.69,100,TGT
2025-11-11,9:30:47.646407650,T,91.52,100,91.69,100,TGT
2025-11-11,9:30:47.646407650,T,91.52,100,91.75,200,TGT
2025-11-11,9:30:47.646427653,T,91.52,200,91.75,200,TGT
2025-11-11,9:30:47.646432703,T,91.53,100,91.75,200,TGT
2025-11-11,9:30:47.646462749,T,91.52,100,91.75,200,TGT
2025-11-11,9:30:47.646482804,T,91.52,100,91.69,100,TGT
2025-11-11,9:30:47.646487755,T,91.52,100,91.68,100,TGT
2025-11-11,9:30:47.646678376,T,91.52,100,91.71,100,TGT
2025-11-11,9:30:47.646703367,T,91.52,100,91.75,200,TGT
2025-11-11,9:30:47.646718375,T,91.52,100,91.62,100,TGT
2025-11-11,9:30:47.646743444,T,91.52,100,91.75,200,TGT
2025-11-11,9:30:47.646943900,T,91.52,100,91.63,100,TGT
2025-11-11,9:30:47.646969077,T,91.52,100,91.75,200,TGT
2025-11-11,9:30:47.647019014,T,91.52,100,91.72,100,TGT
2025-11-11,9:30:47.647019014,T,91.52,100,91.71,100,TGT
2025-11-11,9:30:47.647044097,T,91.52,100,91.75,200,TGT
2025-11-11,9:30:47.647049162,T,91.52,100,91.72,100,TGT
2025-11-11,9:30:47.647089179,T,91.52,100,91.75,200,TGT
2025-11-11,9:30:47.647199515,T,91.52,100,91.71,100,TGT
2025-11-11,9:30:47.647214549,T,91.52,100,91.67,100,TGT
2025-11-11,9:30:47.657869909,T,91.52,200,91.67,100,TGT
2025-11-11,9:30:47.667918811,T,91.52,100,91.67,100,TGT
2025-11-11,9:30:47.669066587,T,91.52,200,91.67,100,TGT
2025-11-11,9:30:47.692156602,T,91.52,100,91.67,100,TGT
2025-11-11,9:30:47.692993644,T,91.52,200,91.67,100,TGT
2025-11-11,9:30:47.847055636,T,91.52,200,91.69,100,TGT
2025-11-11,9:30:50.119930514,T,91.52,200,91.75,200,TGT
2025-11-11,9:30:50.119950603,T,91.59,100,91.75,200,TGT
2025-11-11,9:30:50.119955602,T,91.6,100,91.75,200,TGT
2025-11-11,9:30:50.120226248,T,91.6,100,91.69,100,TGT
2025-11-11,9:30:50.120246282,T,91.59,100,91.69,100,TGT
2025-11-11,9:30:50.120261358,T,91.59,100,91.75,200,TGT
2025-11-11,9:30:50.120291396,T,91.64,100,91.75,200,TGT
2025-11-11,9:30:50.120411708,T,91.64,100,91.75,300,TGT
2025-11-11,9:30:50.120832633,T,91.64,200,91.75,300,TGT
2025-11-11,9:30:50.140409296,T,91.64,100,91.75,300,TGT
2025-11-11,9:30:51.120669718,T,91.64,100,91.71,100,TGT
2025-11-11,9:30:52.044515677,T,91.64,100,91.75,200,TGT
2025-11-11,9:30:52.044535809,T,91.68,100,91.75,200,TGT
2025-11-11,9:30:52.044836491,T,91.68,100,91.75,300,TGT
2025-11-11,9:30:52.045092115,T,91.52,100,91.75,300,TGT
2025-11-11,9:30:52.045483052,T,91.68,100,91.75,300,TGT
2025-11-11,9:30:53.045249782,T,91.68,100,91.73,100,TGT
2025-11-11,9:30:54.470986590,T,91.68,100,91.75,200,TGT
2025-11-11,9:30:54.471011623,T,91.7,100,91.75,200,TGT
2025-11-11,9:30:54.471046689,T,91.7,100,91.75,100,TGT
2025-11-11,9:30:54.471066781,T,91.7,100,91.99,1400,TGT
2025-11-11,9:30:54.471562970,T,91.52,100,91.99,1400,TGT
2025-11-11,9:30:54.471683262,T,91.52,100,91.79,100,TGT
2025-11-11,9:30:56.892756224,T,91.68,100,91.79,100,TGT
2025-11-11,9:30:56.931263010,T,91.68,200,91.79,100,TGT
2025-11-11,9:31:00.820042678,T,91.68,300,91.79,100,TGT
2025-11-11,9:31:00.991180350,T,91.68,200,91.79,100,TGT
2025-11-11,9:31:01.175925493,T,91.68,100,91.79,100,TGT
2025-11-11,9:31:01.175945648,T,91.52,100,91.79,100,TGT
2025-11-11,9:31:01.175970601,T,91.52,100,91.73,100,TGT
2025-11-11,9:31:01.176196236,T,91.52,200,91.73,100,TGT
2025-11-11,9:31:01.176266307,T,91.52,200,91.73,200,TGT
2025-11-11,9:31:01.177123425,T,91.52,300,91.73,200,TGT
2025-11-11,9:31:01.187638466,T,91.52,200,91.73,200,TGT
2025-11-11,9:31:01.188114586,T,91.52,300,91.73,200,TGT
2025-11-11,9:31:01.276054109,T,91.52,300,91.73,100,TGT
2025-11-11,9:31:01.371862352,T,91.52,200,91.73,100,TGT
2025-11-11,9:31:01.372183086,T,91.53,100,91.73,100,TGT
2025-11-11,9:31:01.372208158,T,91.53,200,91.73,100,TGT
2025-11-11,9:31:01.373406048,T,91.53,300,91.73,100,TGT
2025-11-11,9:31:01.376097390,T,91.53,300,91.78,100,TGT
2025-11-11,9:31:01.517098376,T,91.53,200,91.78,100,TGT
2025-11-11,9:31:01.517444200,T,91.54,100,91.78,100,TGT
2025-11-11,9:31:01.517464287,T,91.54,200,91.78,100,TGT
2025-11-11,9:31:01.517589562,T,91.54,200,91.73,100,TGT
2025-11-11,9:31:01.518646998,T,91.54,300,91.73,100,TGT
2025-11-11,9:31:01.518912734,T,91.54,300,91.79,100,TGT
2025-11-11,9:31:01.535386944,T,91.54,200,91.79,100,TGT
2025-11-11,9:31:02.522563776,T,91.54,100,91.79,100,TGT
2025-11-11,9:31:02.802004425,T,91.55,100,91.79,100,TGT
2025-11-11,9:31:02.802024504,T,91.55,200,91.79,100,TGT
2025-11-11,9:31:02.802420463,T,91.55,300,91.79,100,TGT
2025-11-11,9:31:03.559308654,T,91.55,200,91.79,100,TGT
2025-11-11,9:31:04.099711082,T,91.56,100,91.79,100,TGT
2025-11-11,9:31:04.099736205,T,91.56,200,91.79,100,TGT
2025-11-11,9:31:11.698023260,T,91.57,300,91.79,100,TGT
2025-11-11,9:31:11.698043398,T,91.57,400,91.79,100,TGT
2025-11-11,9:31:11.698439313,T,91.57,100,91.79,100,TGT
2025-11-11,9:31:14.609670024,T,91.57,200,91.79,100,TGT
2025-11-11,9:31:19.089462843,T,91.57,100,91.79,100,TGT
2025-11-11,9:31:21.626065925,T,91.57,100,91.73,100,TGT
2025-11-11,9:31:23.680224840,T,91.57,200,91.73,100,TGT
2025-11-11,9:31:26.027928114,T,91.57,200,91.73,200,TGT
2025-11-11,9:31:27.007226231,T,91.57,100,91.73,200,TGT
2025-11-11,9:31:27.007226231,T,91.56,100,91.73,200,TGT
2025-11-11,9:31:27.007251331,T,91.56,100,91.61,100,TGT
2025-11-11,9:31:27.007266365,T,91.48,200,91.61,100,TGT
2025-11-11,9:31:27.007301433,T,91.48,200,91.61,200,TGT
2025-11-11,9:31:27.007351620,T,91.48,200,91.6,100,TGT
2025-11-11,9:31:27.007371802,T,91.48,200,91.58,100,TGT
2025-11-11,9:31:27.007411830,T,91.48,200,91.58,200,TGT
2025-11-11,9:31:27.007827658,T,91.48,200,91.57,100,TGT
2025-11-11,9:31:27.008454127,T,91.41,100,91.57,100,TGT
2025-11-11,9:31:27.008479224,T,91.41,100,91.52,100,TGT
2025-11-11,9:31:27.008504283,T,91.36,100,91.52,100,TGT
2025-11-11,9:31:27.008504283,T,91.36,100,91.56,100,TGT
2025-11-11,9:31:27.008514321,T,91.36,100,91.52,100,TGT
2025-11-11,9:31:27.008529324,T,91.47,100,91.52,100,TGT
2025-11-11,9:31:27.008529324,T,91.47,100,91.56,100,TGT
2025-11-11,9:31:27.008534724,T,91.36,100,91.56,100,TGT
2025-11-11,9:31:27.008539363,T,91.41,100,91.56,100,TGT
2025-11-11,9:31:27.008544336,T,91.42,100,91.56,100,TGT
2025-11-11,9:31:27.008769834,T,91.42,100,91.56,200,TGT
2025-11-11,9:31:27.008784975,T,91.37,100,91.56,200,TGT
2025-11-11,9:31:27.008809950,T,91.36,100,91.56,200,TGT
2025-11-11,9:31:27.008820256,T,91.36,100,91.55,100,TGT
2025-11-11,9:31:27.008840252,T,91.36,100,91.51,100,TGT
2025-11-11,9:31:27.008875202,T,91.36,100,91.55,100,TGT
2025-11-11,9:31:27.008900187,T,91.36,200,91.55,100,TGT
2025-11-11,9:31:27.008915212,T,91.42,100,91.55,100,TGT
2025-11-11,9:31:27.008920296,T,91.36,200,91.55,100,TGT
2025-11-11,9:31:27.008920296,T,91.36,100,91.55,100,TGT
2025-11-11,9:31:27.009251032,T,91.36,100,91.52,100,TGT
2025-11-11,9:31:27.009391407,T,91.36,100,91.51,100,TGT
2025-11-11,9:31:27.009431441,T,91.36,100,91.52,100,TGT
2025-11-11,9:31:27.009431441,T,91.36,200,91.52,100,TGT
2025-11-11,9:31:27.009436488,T,91.36,100,91.52,100,TGT
2025-11-11,9:31:27.009461662,T,91.36,200,91.52,100,TGT
2025-11-11,9:31:27.009531772,T,91.36,100,91.52,100,TGT
2025-11-11,9:31:27.009581885,T,91.36,100,91.51,100,TGT
2025-11-11,9:31:27.009591802,T,91.43,300,91.51,100,TGT
2025-11-11,9:31:27.009672061,T,91.44,300,91.51,100,TGT
2025-11-11,9:31:27.009692088,T,91.43,300,91.51,100,TGT
2025-11-11,9:31:27.009707134,T,91.44,300,91.51,100,TGT
2025-11-11,9:31:27.009832478,T,91.43,400,91.51,100,TGT
2025-11-11,9:31:27.009862473,T,91.44,300,91.51,100,TGT
2025-11-11,9:31:27.009877515,T,91.43,400,91.51,100,TGT
2025-11-11,9:31:27.009937657,T,91.44,300,91.51,100,TGT
2025-11-11,9:31:27.009947661,T,91.43,400,91.51,100,TGT
2025-11-11,9:31:27.009972800,T,91.43,400,91.51,200,TGT
2025-11-11,9:31:27.009992763,T,91.43,400,91.51,100,TGT
2025-11-11,9:31:27.009992763,T,91.43,400,91.51,200,TGT
2025-11-11,9:31:27.010002879,T,91.43,400,91.51,100,TGT
2025-11-11,9:31:27.010108061,T,91.44,300,91.51,100,TGT
2025-11-11,9:31:27.018974205,T,91.43,300,91.51,100,TGT
2025-11-11,9:31:27.019034336,T,91.36,200,91.51,100,TGT
2025-11-11,9:31:27.019695874,T,91.36,100,91.51,100,TGT
2025-11-11,9:31:27.020277335,T,91.36,200,91.51,100,TGT
2025-11-11,9:31:27.021830958,T,91.42,100,91.51,100,TGT
2025-11-11,9:31:27.022262094,T,91.36,200,91.51,100,TGT
2025-11-11,9:31:27.022317149,T,91.41,100,91.51,100,TGT
2025-11-11,9:31:27.022998756,T,91.36,200,91.51,100,TGT
2025-11-11,9:31:27.023099056,T,91.4,100,91.51,100,TGT
2025-11-11,9:31:27.024232110,T,91.36,200,91.51,100,TGT
2025-11-11,9:31:27.030351298,T,91.36,100,91.51,100,TGT
2025-11-11,9:31:27.031188265,T,91.36,200,91.51,100,TGT
2025-11-11,9:31:27.041272389,T,91.36,100,91.51,100,TGT
2025-11-11,9:31:27.042530315,T,91.36,200,91.51,100,TGT
2025-11-11,9:31:27.054168109,T,91.36,100,91.51,100,TGT
2025-11-11,9:31:27.055466131,T,91.36,200,91.51,100,TGT
2025-11-11,9:31:27.090118723,T,91.36,200,91.51,200,TGT
2025-11-11,9:31:27.090539714,T,91.36,100,91.51,200,TGT
2025-11-11,9:31:27.091211332,T,91.36,200,91.51,200,TGT
2025-11-11,9:31:27.108803240,T,91.36,200,91.51,300,TGT
2025-11-11,9:31:27.275330010,T,91.36,100,91.51,300,TGT
2025-11-11,9:31:30.086246663,T,91.36,100,91.51,200,TGT
2025-11-11,9:31:30.122934015,T,91.36,100,91.49,100,TGT
2025-11-11,9:31:30.122969172,T,91.36,100,91.49,200,TGT
2025-11-11,9:31:30.123249821,T,91.36,100,91.49,300,TGT
2025-11-11,9:31:31.395932051,T,91.24,200,91.49,300,TGT
2025-11-11,9:31:41.285753449,T,91.36,300,91.49,300,TGT
2025-11-11,9:31:41.816232237,T,91.24,200,91.49,300,TGT
2025-11-11,9:31:41.847356420,T,91.24,200,91.48,300,TGT
2025-11-11,9:31:41.847381457,T,91.24,200,91.48,400,TGT
2025-11-11,9:31:41.847391450,T,91.24,200,91.48,500,TGT
2025-11-11,9:31:41.847662122,T,91.24,200,91.48,600,TGT
2025-11-11,9:31:41.848078081,T,91.24,200,91.48,300,TGT
2025-11-11,9:31:43.925742987,T,91.24,200,91.47,300,TGT
2025-11-11,9:31:43.925758020,T,91.24,200,91.47,400,TGT
2025-11-11,9:31:43.925773023,T,91.24,200,91.47,500,TGT
2025-11-11,9:31:43.925798173,T,91.24,200,91.42,100,TGT
2025-11-11,9:31:43.925878409,T,91.24,200,91.47,600,TGT
2025-11-11,9:31:43.925898292,T,91.24,200,91.47,500,TGT
2025-11-11,9:31:43.925913361,T,91.24,200,91.46,300,TGT
2025-11-11,9:31:43.925948791,T,91.24,200,91.42,100,TGT
2025-11-11,9:31:43.926008563,T,91.25,300,91.42,100,TGT
2025-11-11,9:31:43.926128918,T,91.25,400,91.42,100,TGT
2025-11-11,9:31:43.926394530,T,91.25,100,91.42,100,TGT
2025-11-11,9:31:43.926419626,T,91.25,100,91.42,200,TGT
2025-11-11,9:31:43.926449621,T,91.25,200,91.42,200,TGT
2025-11-11,9:31:43.926650175,T,91.26,100,91.42,200,TGT
2025-11-11,9:31:43.926670200,T,91.26,200,91.42,200,TGT
2025-11-11,9:31:43.926970904,T,91.26,100,91.42,200,TGT
2025-11-11,9:31:43.945204390,T,91.26,200,91.42,200,TGT
2025-11-11,9:31:44.099065939,T,91.26,200,91.41,300,TGT
2025-11-11,9:31:44.099090909,T,91.26,200,91.41,400,TGT
2025-11-11,9:31:44.099361592,T,91.26,200,91.41,500,TGT
2025-11-11,9:31:44.102208334,T,91.26,200,91.41,200,TGT
2025-11-11,9:31:45.816903531,T,91.26,200,91.4,100,TGT
2025-11-11,9:31:45.816923554,T,91.26,200,91.4,200,TGT
2025-11-11,9:31:45.817224283,T,91.26,200,91.4,300,TGT
2025-11-11,9:31:48.722921835,T,91.26,200,91.4,400,TGT
2025-11-11,9:31:48.723337808,T,91.26,100,91.4,400,TGT
2025-11-11,9:31:52.315566120,T,91.26,100,91.36,800,TGT
2025-11-11,9:31:52.315586130,T,91.26,100,91.36,900,TGT
2025-11-11,9:31:52.315586130,T,91.26,100,91.36,1000,TGT
2025-11-11,9:31:52.315621219,T,91.26,100,91.36,100,TGT
2025-11-11,9:31:52.315641198,T,91.26,100,91.4,200,TGT
2025-11-11,9:31:52.315666547,T,91.32,100,91.4,200,TGT
2025-11-11,9:31:52.315666547,T,91.36,100,91.4,200,TGT
2025-11-11,9:31:52.315716431,T,91.36,100,91.4,100,TGT
2025-11-11,9:31:52.315716431,T,91.36,100,91.44,100,TGT
2025-11-11,9:31:52.315731483,T,91.39,100,91.44,100,TGT
2025-11-11,9:31:52.315736457,T,91.39,200,91.44,100,TGT
2025-11-11,9:31:52.315786589,T,91.39,200,91.45,100,TGT
2025-11-11,9:31:52.315791604,T,91.39,200,91.44,100,TGT
2025-11-11,9:31:52.315806602,T,91.39,300,91.44,100,TGT
2025-11-11,9:31:52.315841873,T,91.39,300,91.45,100,TGT
2025-11-11,9:31:52.315861772,T,91.39,400,91.45,100,TGT
2025-11-11,9:31:52.315901895,T,91.39,300,91.45,100,TGT
2025-11-11,9:31:52.315912211,T,91.39,300,91.44,100,TGT
2025-11-11,9:31:52.315957060,T,91.39,200,91.44,100,TGT
2025-11-11,9:31:52.315971996,T,91.39,200,91.44,200,TGT
2025-11-11,9:31:52.315977088,T,91.39,200,91.44,300,TGT
2025-11-11,9:31:52.315997112,T,91.39,100,91.44,300,TGT
2025-11-11,9:31:52.315997112,T,91.32,100,91.44,300,TGT
2025-11-11,9:31:52.316012138,T,91.32,100,91.44,400,TGT
2025-11-11,9:31:52.316012138,T,91.32,100,91.44,500,TGT
2025-11-11,9:31:52.316022159,T,91.32,100,91.44,600,TGT
2025-11-11,9:31:52.316027191,T,91.32,100,91.44,700,TGT
2025-11-11,9:31:52.316027191,T,91.32,100,91.44,800,TGT
2025-11-11,9:31:52.316032420,T,91.32,100,91.44,900,TGT
2025-11-11,9:31:52.316042162,T,91.32,100,91.44,800,TGT
2025-11-11,9:31:52.316042162,T,91.32,100,91.39,100,TGT
2025-11-11,9:31:52.316042162,T,91.32,100,91.39,200,TGT
2025-11-11,9:31:52.316047431,T,91.32,100,91.39,300,TGT
2025-11-11,9:31:52.316067323,T,91.32,100,91.39,500,TGT
2025-11-11,9:31:52.316082531,T,91.32,100,91.39,1300,TGT
2025-11-11,9:31:52.316087455,T,91.32,100,91.39,1200,TGT
2025-11-11,9:31:52.316087455,T,91.32,100,91.39,1100,TGT
2025-11-11,9:31:52.316122350,T,91.32,100,91.39,1200,TGT
2025-11-11,9:31:52.316122350,T,91.32,100,91.39,1300,TGT
2025-11-11,9:31:52.316127560,T,91.32,100,91.39,1400,TGT
2025-11-11,9:31:52.316127560,T,91.32,100,91.39,1500,TGT
2025-11-11,9:31:52.316132711,T,91.32,100,91.39,1600,TGT
2025-11-11,9:31:52.316132711,T,91.32,100,91.39,1800,TGT
2025-11-11,9:31:52.316137382,T,91.32,100,91.39,1900,TGT
2025-11-11,9:31:52.316142412,T,91.32,100,91.39,2000,TGT
2025-11-11,9:31:52.316152644,T,91.32,100,91.39,1900,TGT
2025-11-11,9:31:52.316152644,T,91.32,100,91.39,1600,TGT
2025-11-11,9:31:52.316157631,T,91.32,100,91.39,1500,TGT
2025-11-11,9:31:52.316157631,T,91.32,100,91.39,1700,TGT
2025-11-11,9:31:52.316162513,T,91.32,100,91.39,1100,TGT
2025-11-11,9:31:52.316257844,T,91.32,100,91.39,1000,TGT
2025-11-11,9:31:52.316257844,T,91.32,100,91.39,900,TGT
2025-11-11,9:31:52.316257844,T,91.32,100,91.39,800,TGT
2025-11-11,9:31:52.316257844,T,91.32,100,91.39,700,TGT
2025-11-11,9:31:52.316263084,T,91.32,100,91.39,500,TGT
2025-11-11,9:31:52.316263084,T,91.32,100,91.39,400,TGT
2025-11-11,9:31:52.316263084,T,91.32,100,91.39,300,TGT
2025-11-11,9:31:52.316263084,T,91.32,100,91.39,200,TGT
2025-11-11,9:31:52.316267703,T,91.32,100,91.44,100,TGT
2025-11-11,9:31:52.316267703,T,91.32,100,91.39,100,TGT
2025-11-11,9:31:52.316267703,T,91.32,100,91.39,200,TGT
2025-11-11,9:31:52.316272722,T,91.32,100,91.44,100,TGT
2025-11-11,9:31:52.316272722,T,91.37,100,91.44,100,TGT
2025-11-11,9:31:52.316272722,T,91.37,200,91.44,100,TGT
2025-11-11,9:31:52.316272722,T,91.37,200,91.39,100,TGT
2025-11-11,9:31:52.316288071,T,91.37,200,91.44,100,TGT
2025-11-11,9:31:52.316293043,T,91.38,100,91.44,100,TGT
2025-11-11,9:31:52.316293043,T,91.38,100,91.39,100,TGT
2025-11-11,9:31:52.316338277,T,91.38,100,91.39,200,TGT
2025-11-11,9:31:52.316338277,T,91.38,200,91.39,200,TGT
2025-11-11,9:31:52.316343396,T,91.38,200,91.39,300,TGT
2025-11-11,9:31:52.316343396,T,91.38,200,91.39,200,TGT
2025-11-11,9:31:52.316348145,T,91.38,200,91.39,300,TGT
2025-11-11,9:31:52.316348145,T,91.38,200,91.39,200,TGT
2025-11-11,9:31:52.316348145,T,91.38,200,91.39,100,TGT
2025-11-11,9:31:52.316348145,T,91.38,200,91.44,100,TGT
2025-11-11,9:31:52.316348145,T,91.38,300,91.44,100,TGT
2025-11-11,9:31:52.316352939,T,91.39,100,91.44,100,TGT
2025-11-11,9:31:52.316383011,T,91.38,300,91.44,100,TGT
2025-11-11,9:31:52.316618562,T,91.38,300,91.45,100,TGT
2025-11-11,9:31:52.316663694,T,91.39,100,91.45,100,TGT
2025-11-11,9:31:52.316859117,T,91.39,100,91.45,200,TGT
2025-11-11,9:31:52.316969432,T,91.38,300,91.45,200,TGT
2025-11-11,9:31:52.317009579,T,91.38,300,91.42,100,TGT
2025-11-11,9:31:52.317039586,T,91.38,300,91.45,100,TGT
2025-11-11,9:31:52.317059641,T,91.4,100,91.45,100,TGT
2025-11-11,9:31:52.317064635,T,91.4,200,91.45,100,TGT
2025-11-11,9:31:52.317214965,T,91.4,100,91.45,100,TGT
2025-11-11,9:31:52.317240017,T,91.4,100,91.46,100,TGT
2025-11-11,9:31:52.317250080,T,91.4,100,91.45,100,TGT
2025-11-11,9:31:52.317255267,T,91.41,100,91.45,100,TGT
2025-11-11,9:31:52.317260068,T,91.41,100,91.46,100,TGT
2025-11-11,9:31:52.317270144,T,91.41,200,91.46,100,TGT
2025-11-11,9:31:52.317375501,T,91.41,200,91.61,200,TGT
2025-11-11,9:31:52.317385383,T,91.41,200,91.46,100,TGT
2025-11-11,9:31:52.317395430,T,91.42,100,91.46,100,TGT
2025-11-11,9:31:52.317415441,T,91.42,100,91.61,200,TGT
2025-11-11,9:31:52.318447957,T,91.41,100,91.61,200,TGT
2025-11-11,9:31:52.321179444,T,91.41,100,91.56,100,TGT
2025-11-11,9:31:52.322226895,T,91.41,100,91.57,100,TGT
2025-11-11,9:31:52.322657952,T,91.41,100,91.61,200,TGT
2025-11-11,9:31:52.322683070,T,91.41,100,91.57,100,TGT
2025-11-11,9:31:52.323028817,T,91.41,100,91.61,200,TGT
2025-11-11,9:31:52.323043942,T,91.41,100,91.57,100,TGT
2025-11-11,9:31:52.323144146,T,91.41,100,91.58,100,TGT
2025-11-11,9:31:52.323454878,T,91.41,100,91.6,100,TGT
2025-11-11,9:31:52.323565099,T,91.41,100,91.58,100,TGT
2025-11-11,9:31:52.324056343,T,91.41,100,91.59,100,TGT
2025-11-11,9:31:52.324171535,T,91.41,100,91.58,100,TGT
2025-11-11,9:31:52.324657751,T,91.41,100,91.59,100,TGT
2025-11-11,9:31:52.324777983,T,91.41,100,91.58,100,TGT
2025-11-11,9:31:52.325264125,T,91.41,100,91.59,100,TGT
2025-11-11,9:31:52.325384471,T,91.41,100,91.58,100,TGT
2025-11-11,9:31:52.325860607,T,91.41,100,91.59,100,TGT
2025-11-11,9:31:52.325995871,T,91.41,100,91.58,100,TGT
2025-11-11,9:31:52.326266503,T,91.41,100,91.59,100,TGT
2025-11-11,9:31:52.326602318,T,91.41,100,91.58,100,TGT
2025-11-11,9:31:52.326802871,T,91.41,100,91.59,100,TGT
2025-11-11,9:31:52.327208840,T,91.41,100,91.58,100,TGT
2025-11-11,9:31:52.327364134,T,91.41,100,91.59,100,TGT
2025-11-11,9:31:52.327820214,T,91.41,100,91.58,100,TGT
2025-11-11,9:31:52.327920490,T,91.41,100,91.59,100,TGT
2025-11-11,9:31:52.328421719,T,91.41,100,91.58,100,TGT
2025-11-11,9:31:52.328476783,T,91.41,100,91.59,100,TGT
2025-11-11,9:31:52.329028168,T,91.41,100,91.58,100,TGT
2025-11-11,9:31:52.329053214,T,91.41,100,91.59,100,TGT
2025-11-11,9:31:52.329213640,T,91.41,100,91.6,100,TGT
2025-11-11,9:31:52.329253694,T,91.41,100,91.59,100,TGT
2025-11-11,9:31:52.329273785,T,91.41,100,91.6,100,TGT
2025-11-11,9:31:52.329293772,T,91.41,100,91.59,100,TGT
2025-11-11,9:31:52.329554404,T,91.41,100,91.6,100,TGT
2025-11-11,9:31:52.329619694,T,91.41,100,91.59,100,TGT
2025-11-11,9:31:52.329749869,T,91.41,100,91.6,100,TGT
2025-11-11,9:31:52.346189096,T,91.42,100,91.6,100,TGT
2025-11-11,9:31:52.411815370,T,91.42,200,91.6,100,TGT
2025-11-11,9:31:52.515717903,T,91.42,100,91.6,100,TGT
2025-11-11,9:31:53.345219131,T,91.41,100,91.6,100,TGT
2025-11-11,9:31:56.027670076,T,91.41,200,91.6,100,TGT
2025-11-11,9:31:56.027790161,T,91.42,100,91.6,100,TGT
2025-11-11,9:31:56.027795256,T,91.43,100,91.6,100,TGT
2025-11-11,9:31:56.027795256,T,91.43,200,91.6,100,TGT
2025-11-11,9:31:56.027805256,T,91.43,300,91.6,100,TGT
2025-11-11,9:31:56.027815285,T,91.43,200,91.6,100,TGT
2025-11-11,9:31:56.027830332,T,91.48,100,91.6,100,TGT
2025-11-11,9:31:56.027900513,T,91.48,200,91.6,100,TGT
2025-11-11,9:31:56.027915524,T,91.48,100,91.6,100,TGT
2025-11-11,9:31:56.027920497,T,91.48,200,91.6,100,TGT
2025-11-11,9:31:56.027920497,T,91.48,100,91.6,100,TGT
2025-11-11,9:31:56.028131001,T,91.48,100,91.6,200,TGT
2025-11-11,9:31:56.028146055,T,91.48,100,91.6,300,TGT
2025-11-11,9:31:56.039037010,T,91.48,200,91.6,300,TGT
2025-11-11,9:31:59.282985301,T,91.48,200,91.59,300,TGT
2025-11-11,9:31:59.283010397,T,91.48,200,91.59,400,TGT
2025-11-11,9:31:59.283015498,T,91.48,100,91.59,400,TGT
2025-11-11,9:31:59.283030449,T,91.48,100,91.59,500,TGT
2025-11-11,9:31:59.284468908,T,91.48,100,91.59,200,TGT
2025-11-11,9:31:59.285596478,T,91.48,100,91.59,300,TGT
2025-11-11,9:32:01.586694010,T,91.48,100,91.59,200,TGT
2025-11-11,9:32:03.252627948,T,91.43,100,91.59,200,TGT
2025-11-11,9:32:03.856782173,T,91.43,100,91.59,300,TGT
2025-11-11,9:32:04.511286522,T,91.43,200,91.59,300,TGT
2025-11-11,9:32:04.871695291,T,91.43,100,91.59,300,TGT
2025-11-11,9:32:08.022616856,T,91.43,100,91.59,200,TGT
2025-11-11,9:32:08.162986276,T,91.43,100,91.59,300,TGT
2025-11-11,9:32:09.725724187,T,91.43,100,91.59,200,TGT
2025-11-11,9:32:09.725729255,T,91.43,100,91.49,100,TGT
2025-11-11,9:32:09.725739269,T,91.3,200,91.49,100,TGT
2025-11-11,9:32:09.725749237,T,91.3,200,91.49,200,TGT
2025-11-11,9:32:09.765173162,T,91.3,200,91.49,100,TGT
2025-11-11,9:32:09.765183277,T,91.3,200,91.44,100,TGT
2025-11-11,9:32:09.765198299,T,91.3,200,91.44,200,TGT
2025-11-11,9:32:09.765213300,T,91.3,200,91.44,100,TGT
2025-11-11,9:32:09.765268483,T,91.3,200,91.43,100,TGT
2025-11-11,9:32:09.765624240,T,91.3,300,91.43,100,TGT
2025-11-11,9:32:09.771598468,T,91.3,300,91.43,200,TGT
2025-11-11,9:32:09.785521736,T,91.3,200,91.43,200,TGT
2025-11-11,9:32:11.805318643,T,91.3,200,91.43,100,TGT
2025-11-11,9:32:11.805323620,T,91.3,100,91.43,100,TGT
2025-11-11,9:32:11.805343712,T,91.3,100,91.39,100,TGT
2025-11-11,9:32:11.805353746,T,91.3,100,91.43,100,TGT
2025-11-11,9:32:11.805378755,T,91.3,100,91.36,100,TGT
2025-11-11,9:32:11.805529702,T,91.3,100,91.43,100,TGT
2025-11-11,9:32:11.805549149,T,91.35,100,91.43,100,TGT
2025-11-11,9:32:11.806135654,T,91.35,200,91.43,100,TGT
2025-11-11,9:32:11.806265924,T,91.35,200,91.4,100,TGT
2025-11-11,9:32:11.806396219,T,91.35,200,91.62,300,TGT
2025-11-11,9:32:11.806416507,T,91.37,100,91.62,300,TGT
2025-11-11,9:32:11.806421246,T,91.39,100,91.62,300,TGT
2025-11-11,9:32:11.806496467,T,91.4,100,91.62,300,TGT
2025-11-11,9:32:11.807353525,T,91.4,100,91.58,300,TGT
2025-11-11,9:32:11.807363472,T,91.4,100,91.58,400,TGT
2025-11-11,9:32:11.807393547,T,91.4,100,91.57,300,TGT
2025-11-11,9:32:11.808621557,T,91.4,200,91.57,300,TGT
2025-11-11,9:32:11.811859214,T,91.4,200,91.57,400,TGT
2025-11-11,9:32:11.932301221,T,91.4,200,91.57,300,TGT
2025-11-11,9:32:12.279879261,T,91.4,200,91.57,400,TGT
2025-11-11,9:32:13.697792400,T,91.4,200,91.57,300,TGT
2025-11-11,9:32:14.290850160,T,91.4,200,91.54,100,TGT
2025-11-11,9:32:14.290875341,T,91.4,100,91.54,100,TGT
2025-11-11,9:32:14.290880215,T,91.3,100,91.54,100,TGT
2025-11-11,9:32:14.290895262,T,91.3,100,91.43,100,TGT
2025-11-11,9:32:14.292248493,T,91.3,100,91.44,100,TGT
2025-11-11,9:32:14.292383817,T,91.3,100,91.46,100,TGT
2025-11-11,9:32:14.292408898,T,91.3,100,91.44,100,TGT
2025-11-11,9:32:14.292890161,T,91.3,100,91.45,100,TGT
2025-11-11,9:32:14.293070449,T,91.3,100,91.46,100,TGT
2025-11-11,9:32:14.293100537,T,91.3,100,91.45,100,TGT
2025-11-11,9:32:14.293195787,T,91.3,100,91.46,100,TGT
2025-11-11,9:32:14.293250878,T,91.3,100,91.45,100,TGT
2025-11-11,9:32:14.293586650,T,91.3,100,91.46,200,TGT
2025-11-11,9:32:14.293701967,T,91.3,100,91.46,100,TGT
2025-11-11,9:32:14.293732002,T,91.3,100,91.46,200,TGT
2025-11-11,9:32:14.293882347,T,91.3,100,91.46,100,TGT
2025-11-11,9:32:14.293947518,T,91.3,100,91.46,200,TGT
2025-11-11,9:32:14.294022715,T,91.3,100,91.46,100,TGT
2025-11-11,9:32:14.294133016,T,91.3,100,91.46,200,TGT
2025-11-11,9:32:14.294418720,T,91.3,100,91.46,100,TGT
2025-11-11,9:32:14.294423668,T,91.3,100,91.46,200,TGT
2025-11-11,9:32:14.390938669,T,91.3,100,91.46,100,TGT
2025-11-11,9:32:22.099829371,T,91.3,100,91.46,200,TGT
2025-11-11,9:32:24.932006726,T,91.3,200,91.46,200,TGT
2025-11-11,9:32:25.306458765,T,91.3,200,91.45,100,TGT
2025-11-11,9:32:25.306498953,T,91.3,200,91.45,200,TGT
2025-11-11,9:32:25.306569129,T,91.3,200,91.45,300,TGT
2025-11-11,9:32:25.306579066,T,91.3,200,91.45,200,TGT
2025-11-11,9:32:25.309546143,T,91.3,200,91.45,300,TGT
2025-11-11,9:32:27.127111487,T,91.3,200,91.44,300,TGT
2025-11-11,9:32:27.127156553,T,91.3,200,91.44,400,TGT
2025-11-11,9:32:27.129126248,T,91.3,200,91.44,100,TGT
2025-11-11,9:32:27.129742649,T,91.3,200,91.44,200,TGT
2025-11-11,9:32:30.638346712,T,91.3,200,91.43,100,TGT
2025-11-11,9:32:30.638366783,T,91.3,200,91.43,200,TGT
2025-11-11,9:32:30.638386888,T,91.3,200,91.42,100,TGT
2025-11-11,9:32:30.638597415,T,91.3,200,91.43,200,TGT
2025-11-11,9:32:30.638612405,T,91.34,100,91.43,200,TGT
2025-11-11,9:32:30.638652408,T,91.34,100,91.42,100,TGT
2025-11-11,9:32:30.638672458,T,91.34,100,91.42,200,TGT
2025-11-11,9:32:30.638802886,T,91.34,100,91.42,100,TGT
2025-11-11,9:32:30.638802886,T,91.34,100,91.43,200,TGT
2025-11-11,9:32:30.638847960,T,91.34,100,91.42,100,TGT
2025-11-11,9:32:30.638847960,T,91.35,100,91.42,100,TGT
2025-11-11,9:32:30.638857890,T,91.35,100,91.43,200,TGT
2025-11-11,9:32:30.638872961,T,91.35,100,91.43,100,TGT
2025-11-11,9:32:30.638883213,T,91.34,200,91.43,100,TGT
2025-11-11,9:32:30.638908034,T,91.34,200,91.44,200,TGT
2025-11-11,9:32:30.639083499,T,91.34,200,91.44,100,TGT
2025-11-11,9:32:30.639153664,T,91.34,300,91.44,100,TGT
2025-11-11,9:32:30.639494485,T,91.35,100,91.44,100,TGT
2025-11-11,9:32:30.639549632,T,91.35,100,91.45,100,TGT
2025-11-11,9:32:30.639569953,T,91.34,300,91.45,100,TGT
2025-11-11,9:32:30.639574710,T,91.35,100,91.45,100,TGT
2025-11-11,9:32:30.640120906,T,91.34,300,91.45,100,TGT
2025-11-11,9:32:30.640141010,T,91.34,300,91.44,100,TGT
2025-11-11,9:32:30.641198556,T,91.34,300,91.45,100,TGT
2025-11-11,9:32:30.644541537,T,91.34,300,91.45,200,TGT
2025-11-11,9:32:30.649222690,T,91.34,200,91.45,200,TGT
2025-11-11,9:32:30.649252677,T,91.34,100,91.45,200,TGT
2025-11-11,9:32:30.649473205,T,91.3,200,91.45,200,TGT
2025-11-11,9:32:30.858240603,T,91.34,100,91.45,200,TGT
2025-11-11,9:32:31.114771800,T,91.3,200,91.45,200,TGT
2025-11-11,9:32:33.113057520,T,91.3,300,91.45,200,TGT
2025-11-11,9:32:33.113348286,T,91.3,400,91.45,200,TGT
2025-11-11,9:32:35.949635202,T,91.3,300,91.45,200,TGT
2025-11-11,9:32:35.949650241,T,91.3,200,91.45,200,TGT
2025-11-11,9:32:38.471027355,T,91.3,200,91.45,100,TGT
2025-11-11,9:32:38.471047356,T,91.3,200,91.46,100,TGT
2025-11-11,9:32:38.471052359,T,91.3,300,91.46,100,TGT
2025-11-11,9:32:38.471072375,T,91.43,100,91.46,100,TGT
2025-11-11,9:32:38.471082486,T,91.43,100,91.54,100,TGT
2025-11-11,9:32:38.471623707,T,91.4,100,91.54,100,TGT
2025-11-11,9:32:38.476515401,T,91.4,100,91.47,100,TGT
2025-11-11,9:32:38.571130814,T,91.35,100,91.47,100,TGT
2025-11-11,9:32:38.571130814,T,91.3,300,91.47,100,TGT
2025-11-11,9:32:38.671264380,T,91.3,200,91.47,100,TGT
2025-11-11,9:32:44.706853704,T,91.3,200,91.44,300,TGT
2025-11-11,9:32:44.707089351,T,91.3,200,91.44,400,TGT
2025-11-11,9:32:44.710056378,T,91.3,200,91.43,100,TGT
2025-11-11,9:32:44.711264213,T,91.3,200,91.44,400,TGT
2025-11-11,9:32:44.717849917,T,91.3,200,91.43,100,TGT
2025-11-11,9:32:44.718416251,T,91.3,200,91.44,400,TGT
2025-11-11,9:32:44.896254978,T,91.3,100,91.44,400,TGT
2025-11-11,9:32:44.921129190,T,91.31,100,91.44,400,TGT
2025-11-11,9:32:45.708800633,T,91.31,100,91.44,100,TGT
2025-11-11,9:32:46.176630510,T,91.31,100,91.47,100,TGT
2025-11-11,9:32:51.914986385,T,91.3,100,91.47,100,TGT
2025-11-11,9:32:53.465836234,T,91.3,100,91.42,100,TGT
2025-11-11,9:32:53.465916373,T,91.3,100,91.42,200,TGT
2025-11-11,9:32:53.465921360,T,91.3,100,91.37,100,TGT
2025-11-11,9:32:53.465936367,T,91.3,100,91.38,100,TGT
2025-11-11,9:32:53.466252156,T,91.24,200,91.38,100,TGT
2025-11-11,9:32:53.466272189,T,91.24,200,91.33,100,TGT
2025-11-11,9:32:53.467825958,T,90.98,100,91.33,100,TGT
2025-11-11,9:32:53.467846068,T,90.98,100,91.28,100,TGT
2025-11-11,9:32:53.467846068,T,90.98,100,91.26,100,TGT
2025-11-11,9:32:53.468222121,T,90.98,100,91.28,100,TGT
2025-11-11,9:32:53.468241948,T,91.23,100,91.28,100,TGT
2025-11-11,9:32:53.468261990,T,91.23,200,91.28,100,TGT
2025-11-11,9:32:53.468287142,T,91.23,300,91.28,100,TGT
2025-11-11,9:32:53.468798280,T,91.23,200,91.28,100,TGT
2025-11-11,9:32:53.473048355,T,91.23,200,91.32,100,TGT
2025-11-11,9:32:53.473108492,T,91.23,200,91.28,100,TGT
2025-11-11,9:32:53.473128495,T,91.23,100,91.28,100,TGT
2025-11-11,9:32:53.473409216,T,91.23,100,91.32,100,TGT
2025-11-11,9:32:53.473845202,T,91.23,100,91.32,200,TGT
2025-11-11,9:32:53.473925448,T,91.23,100,91.32,100,TGT
2025-11-11,9:32:53.474201132,T,91.23,100,91.32,200,TGT
2025-11-11,9:32:53.778571191,T,91.22,100,91.32,200,TGT
2025-11-11,9:32:53.778596331,T,91.22,100,91.27,100,TGT
2025-11-11,9:32:53.778606352,T,91.1,200,91.27,100,TGT
2025-11-11,9:32:53.778887021,T,91.1,200,91.27,200,TGT
2025-11-11,9:32:53.781062202,T,91.1,200,91.27,300,TGT
2025-11-11,9:32:53.781869094,T,91.1,200,91.27,200,TGT
2025-11-11,9:32:53.784044284,T,91.1,200,91.27,300,TGT
2025-11-11,9:32:53.878835168,T,91.1,200,91.27,200,TGT
2025-11-11,9:32:53.967672021,T,91.1,200,91.26,100,TGT
2025-11-11,9:32:53.967972428,T,91.1,200,91.26,200,TGT
2025-11-11,9:32:55.270545642,T,91.1,200,91.25,100,TGT
2025-11-11,9:32:55.270831312,T,90.98,100,91.25,100,TGT
2025-11-11,9:32:55.270836356,T,91.04,200,91.25,100,TGT
2025-11-11,9:32:55.270846284,T,91.04,200,91.25,200,TGT
2025-11-11,9:32:55.271352534,T,91.04,200,91.24,100,TGT
2025-11-11,9:32:55.271638230,T,91.04,200,91.24,200,TGT
2025-11-11,9:32:55.271683321,T,91.04,200,91.24,100,TGT
2025-11-11,9:32:55.271853761,T,91.04,200,91.24,200,TGT
2025-11-11,9:32:56.118997075,T,91.04,200,91.24,100,TGT
2025-11-11,9:32:56.119001910,T,91.04,200,91.25,100,TGT
2025-11-11,9:32:56.119022328,T,91.19,100,91.25,100,TGT
2025-11-11,9:32:56.119057030,T,91.19,100,91.43,200,TGT
2025-11-11,9:32:56.119262582,T,91.19,100,91.38,100,TGT
2025-11-11,9:32:56.119322695,T,91.19,100,91.25,100,TGT
2025-11-11,9:32:56.119342798,T,91.19,100,91.25,200,TGT
2025-11-11,9:32:56.119352729,T,91.19,100,91.25,100,TGT
2025-11-11,9:32:56.119372781,T,91.19,100,91.43,200,TGT
2025-11-11,9:32:56.119432999,T,91.2,100,91.43,200,TGT
2025-11-11,9:32:56.119503172,T,91.2,100,91.38,100,TGT
2025-11-11,9:32:56.119853955,T,91.2,100,91.25,100,TGT
2025-11-11,9:32:56.119889106,T,91.2,100,91.38,100,TGT
2025-11-11,9:32:56.119889106,T,91.19,100,91.38,100,TGT
2025-11-11,9:32:56.119909132,T,91.23,100,91.38,100,TGT
2025-11-11,9:32:56.119959262,T,91.23,100,91.38,200,TGT
2025-11-11,9:32:56.120736023,T,91.23,400,91.38,200,TGT
2025-11-11,9:32:56.120756175,T,91.23,100,91.38,200,TGT
2025-11-11,9:32:56.121437792,T,91.23,100,91.38,300,TGT
2025-11-11,9:32:56.121863705,T,91.23,100,91.38,200,TGT
2025-11-11,9:32:56.123041554,T,91.23,100,91.37,300,TGT
2025-11-11,9:32:56.123071641,T,91.23,100,91.37,400,TGT
2025-11-11,9:32:56.123086716,T,91.23,100,91.37,500,TGT
2025-11-11,9:32:56.123332230,T,91.23,100,91.37,600,TGT
2025-11-11,9:32:56.123673123,T,91.23,100,91.37,300,TGT
2025-11-11,9:32:56.123698084,T,91.23,100,91.37,200,TGT
2025-11-11,9:32:56.124480040,T,91.23,100,91.37,300,TGT
2025-11-11,9:32:57.269653342,T,91.23,100,91.37,900,TGT
2025-11-11,9:32:57.564921883,T,91.23,100,91.36,100,TGT
2025-11-11,9:32:57.564966965,T,91.23,100,91.36,200,TGT
2025-11-11,9:32:57.565222510,T,91.23,100,91.36,300,TGT
2025-11-11,9:32:57.565663626,T,91.23,100,91.36,400,TGT
2025-11-11,9:32:57.737778664,T,91.23,100,91.36,300,TGT
2025-11-11,9:32:57.737803645,T,91.23,100,91.34,100,TGT
2025-11-11,9:32:57.738054265,T,91.23,100,91.34,200,TGT
2025-11-11,9:32:57.738670736,T,91.23,100,91.34,300,TGT
2025-11-11,9:32:57.739227133,T,91.23,200,91.34,300,TGT
2025-11-11,9:32:58.855732003,T,91.23,100,91.34,300,TGT
2025-11-11,9:32:58.855962668,T,91.13,200,91.34,300,TGT
2025-11-11,9:32:58.855987660,T,91.13,200,91.34,200,TGT
2025-11-11,9:32:58.855987660,T,91.13,200,91.28,100,TGT
2025-11-11,9:32:58.856012699,T,91.13,200,91.24,100,TGT
2025-11-11,9:32:58.856328493,T,91.0,100,91.24,100,TGT
2025-11-11,9:32:58.856338531,T,91.05,200,91.24,100,TGT
2025-11-11,9:32:58.856418670,T,91.05,200,91.24,200,TGT
2025-11-11,9:32:58.856864800,T,91.05,200,91.24,500,TGT
2025-11-11,9:32:58.856949967,T,91.05,200,91.23,100,TGT
2025-11-11,9:32:58.857516342,T,91.05,200,91.23,200,TGT
2025-11-11,9:32:58.857756938,T,91.05,200,91.23,300,TGT
2025-11-11,9:32:59.647132497,T,91.19,100,91.23,300,TGT
2025-11-11,9:32:59.647297873,T,91.05,200,91.23,300,TGT
2025-11-11,9:32:59.647342955,T,91.05,200,91.22,100,TGT
2025-11-11,9:32:59.647367998,T,91.05,200,91.19,100,TGT
2025-11-11,9:32:59.647398091,T,91.05,200,91.22,100,TGT
2025-11-11,9:32:59.647423780,T,91.05,300,91.22,100,TGT
2025-11-11,9:32:59.647428224,T,91.06,100,91.22,100,TGT
2025-11-11,9:32:59.647428224,T,91.07,100,91.22,100,TGT
2025-11-11,9:32:59.647433483,T,91.12,100,91.22,100,TGT
2025-11-11,9:32:59.647553500,T,91.19,100,91.22,100,TGT
2025-11-11,9:32:59.647593525,T,91.08,100,91.22,100,TGT
2025-11-11,9:32:59.647648668,T,91.08,100,91.22,200,TGT
2025-11-11,9:32:59.647799066,T,91.12,100,91.22,200,TGT
2025-11-11,9:32:59.647819108,T,91.14,100,91.22,200,TGT
2025-11-11,9:32:59.647934510,T,91.14,100,91.22,100,TGT
2025-11-11,9:32:59.647939447,T,91.14,100,91.23,100,TGT
2025-11-11,9:32:59.647954590,T,91.2,100,91.23,100,TGT
2025-11-11,9:32:59.647989521,T,91.2,100,91.24,300,TGT
2025-11-11,9:32:59.648009522,T,91.21,100,91.24,300,TGT
2025-11-11,9:32:59.648159950,T,91.21,100,91.33,100,TGT
2025-11-11,9:32:59.648200068,T,91.2,100,91.33,100,TGT
2025-11-11,9:32:59.648205022,T,91.2,100,91.23,100,TGT
2025-11-11,9:32:59.648230113,T,91.2,100,91.33,100,TGT
2025-11-11,9:32:59.648230113,T,91.2,100,91.32,100,TGT
2025-11-11,9:32:59.648240113,T,91.2,100,91.33,100,TGT
2025-11-11,9:32:59.648265163,T,91.22,100,91.33,100,TGT
2025-11-11,9:32:59.648320357,T,91.2,100,91.33,100,TGT
2025-11-11,9:32:59.648420556,T,91.2,200,91.33,100,TGT
2025-11-11,9:32:59.648505794,T,91.2,200,91.24,100,TGT
2025-11-11,9:32:59.648656208,T,91.2,200,91.33,100,TGT
2025-11-11,9:32:59.648676138,T,91.23,100,91.33,100,TGT
2025-11-11,9:32:59.648806408,T,91.2,200,91.33,100,TGT
2025-11-11,9:32:59.648836535,T,91.2,200,91.31,300,TGT
2025-11-11,9:32:59.649001982,T,91.2,100,91.31,300,TGT
2025-11-11,9:32:59.649432937,T,91.08,100,91.31,300,TGT
2025-11-11,9:32:59.652770872,T,91.07,100,91.31,300,TGT
2025-11-11,9:32:59.652795974,T,91.06,100,91.31,300,TGT
2025-11-11,9:32:59.652825995,T,91.07,100,91.31,300,TGT
2025-11-11,9:32:59.653442454,T,91.07,100,91.27,100,TGT
2025-11-11,9:32:59.653928610,T,91.06,100,91.27,100,TGT
2025-11-11,9:32:59.661406484,T,91.06,100,91.26,100,TGT
2025-11-11,9:32:59.661416471,T,91.05,300,91.26,100,TGT
2025-11-11,9:32:59.662163280,T,91.05,300,91.25,100,TGT
2025-11-11,9:32:59.662333652,T,91.05,300,91.26,200,TGT
2025-11-11,9:32:59.662634433,T,91.05,300,91.26,100,TGT
2025-11-11,9:32:59.662659424,T,91.05,300,91.25,100,TGT
2025-11-11,9:32:59.704023035,T,91.05,300,91.25,200,TGT
2025-11-11,9:32:59.748128093,T,91.05,200,91.25,200,TGT
2025-11-11,9:33:00.015670470,T,91.05,200,91.25,600,TGT
2025-11-11,9:33:00.023539228,T,91.05,200,91.24,100,TGT
2025-11-11,9:33:00.024601726,T,91.05,200,91.24,200,TGT
2025-11-11,9:33:00.024636807,T,91.05,200,91.24,100,TGT
2025-11-11,9:33:00.025188146,T,91.05,200,91.23,100,TGT
2025-11-11,9:33:00.025954982,T,91.05,200,91.22,100,TGT
2025-11-11,9:33:00.028260489,T,91.05,200,91.22,200,TGT
2025-11-11,9:33:00.028706548,T,91.05,200,91.22,100,TGT
2025-11-11,9:33:00.223716519,T,91.05,200,91.25,400,TGT
2025-11-11,9:33:00.223741196,T,91.05,300,91.25,400,TGT
2025-11-11,9:33:00.223741196,T,91.15,100,91.25,400,TGT
2025-11-11,9:33:00.223961723,T,91.15,100,91.22,100,TGT
2025-11-11,9:33:00.223991769,T,91.15,100,91.25,400,TGT
2025-11-11,9:33:00.224147178,T,91.15,100,91.25,500,TGT
2025-11-11,9:33:00.224247453,T,91.15,100,91.25,600,TGT
2025-11-11,9:33:00.224332649,T,91.15,100,91.25,500,TGT
2025-11-11,9:33:00.224377686,T,91.15,100,91.25,600,TGT
2025-11-11,9:33:00.224382762,T,91.15,100,91.24,100,TGT
2025-11-11,9:33:00.224793667,T,91.15,100,91.24,200,TGT
2025-11-11,9:33:00.225635772,T,91.15,100,91.23,100,TGT
2025-11-11,9:33:00.226051679,T,91.15,100,91.23,200,TGT
2025-11-11,9:33:00.233780242,T,91.11,100,91.23,200,TGT
2025-11-11,9:33:00.234030766,T,91.05,200,91.23,200,TGT
2025-11-11,9:33:01.414708620,T,91.05,200,91.23,100,TGT
2025-11-11,9:33:01.414713701,T,91.05,200,91.25,400,TGT
2025-11-11,9:33:01.414753885,T,91.06,100,91.25,400,TGT
2025-11-11,9:33:01.414758769,T,91.14,100,91.25,400,TGT
2025-11-11,9:33:01.415024350,T,91.14,100,91.25,500,TGT
2025-11-11,9:33:01.420181678,T,91.14,100,91.24,100,TGT
2025-11-11,9:33:01.420201753,T,91.07,100,91.24,100,TGT
2025-11-11,9:33:01.420472389,T,91.07,100,91.24,200,TGT
2025-11-11,9:33:01.425258783,T,91.06,100,91.24,200,TGT
2025-11-11,9:33:01.425283860,T,91.05,300,91.24,200,TGT
2025-11-11,9:33:01.514756977,T,91.05,200,91.24,200,TGT
2025-11-11,9:33:02.856593829,T,91.05,200,91.24,100,TGT
2025-11-11,9:33:02.858508373,T,91.05,200,91.23,100,TGT
2025-11-11,9:33:02.858804012,T,91.05,200,91.23,200,TGT
2025-11-11,9:33:02.971938556,T,91.18,100,91.23,200,TGT
2025-11-11,9:33:02.972359598,T,91.18,200,91.23,200,TGT
2025-11-11,9:33:02.972805634,T,91.18,200,91.23,100,TGT
2025-11-11,9:33:02.972820720,T,91.18,200,91.25,400,TGT
2025-11-11,9:33:02.972840710,T,91.2,100,91.25,400,TGT
2025-11-11,9:33:02.973166560,T,91.2,100,91.23,100,TGT
2025-11-11,9:33:02.973246645,T,91.2,100,91.25,400,TGT
2025-11-11,9:33:02.973266766,T,91.21,100,91.25,400,TGT
2025-11-11,9:33:02.973331853,T,91.21,100,91.24,100,TGT
2025-11-11,9:33:02.973477278,T,91.21,100,91.23,100,TGT
2025-11-11,9:33:02.983004924,T,91.19,100,91.23,100,TGT
2025-11-11,9:33:02.983035006,T,91.18,100,91.23,100,TGT
2025-11-11,9:33:02.983390845,T,91.21,100,91.23,100,TGT
2025-11-11,9:33:02.983431093,T,91.18,100,91.23,100,TGT
2025-11-11,9:33:02.983771831,T,91.18,100,91.22,100,TGT
2025-11-11,9:33:02.984894406,T,91.18,200,91.22,100,TGT
2025-11-11,9:33:03.355993568,T,91.18,100,91.22,100,TGT
2025-11-11,9:33:03.971815588,T,91.18,100,91.22,200,TGT
2025-11-11,9:33:05.450974523,T,91.19,100,91.22,200,TGT
2025-11-11,9:33:06.375176469,T,91.19,100,91.22,100,TGT
2025-11-11,9:33:06.375176469,T,91.19,100,91.32,100,TGT
2025-11-11,9:33:06.375196461,T,91.2,100,91.32,100,TGT
2025-11-11,9:33:06.375201569,T,91.21,100,91.32,100,TGT
2025-11-11,9:33:06.375406990,T,91.21,100,91.24,100,TGT
2025-11-11,9:33:06.375487218,T,91.21,100,91.22,100,TGT
2025-11-11,9:33:06.375507283,T,91.21,100,91.22,200,TGT
2025-11-11,9:33:06.375512239,T,91.21,100,91.22,100,TGT
2025-11-11,9:33:06.375522313,T,91.21,100,91.32,100,TGT
2025-11-11,9:33:06.375682655,T,91.21,100,91.24,100,TGT
2025-11-11,9:33:06.376509613,T,91.19,100,91.24,100,TGT
2025-11-11,9:33:07.041448888,T,91.19,100,91.23,100,TGT
2025-11-11,9:33:07.085458687,T,91.19,100,91.25,100,TGT
2025-11-11,9:33:07.085473733,T,91.21,100,91.25,100,TGT
2025-11-11,9:33:07.085578990,T,91.21,100,91.24,100,TGT
2025-11-11,9:33:07.085689291,T,91.21,100,91.24,200,TGT
2025-11-11,9:33:07.085714267,T,91.21,100,91.24,300,TGT
2025-11-11,9:33:07.085719345,T,91.21,100,91.23,100,TGT
2025-11-11,9:33:07.085744424,T,91.21,100,91.23,200,TGT
2025-11-11,9:33:07.085744424,T,91.21,100,91.23,300,TGT
2025-11-11,9:33:07.085799459,T,91.21,100,91.23,400,TGT
2025-11-11,9:33:07.085824592,T,91.21,100,91.23,500,TGT
2025-11-11,9:33:07.085844574,T,91.21,100,91.23,600,TGT
2025-11-11,9:33:07.085849953,T,91.21,100,91.23,700,TGT
2025-11-11,9:33:07.085849953,T,91.21,100,91.23,800,TGT
2025-11-11,9:33:07.085950035,T,91.21,100,91.23,700,TGT
2025-11-11,9:33:07.085955399,T,91.21,100,91.23,600,TGT
2025-11-11,9:33:07.085955399,T,91.21,100,91.23,500,TGT
2025-11-11,9:33:07.085955399,T,91.21,100,91.23,400,TGT
2025-11-11,9:33:07.085959844,T,91.21,100,91.23,300,TGT
2025-11-11,9:33:07.085959844,T,91.21,100,91.23,200,TGT
2025-11-11,9:33:07.085959844,T,91.21,100,91.23,100,TGT
2025-11-11,9:33:07.085965119,T,91.21,100,91.24,100,TGT
2025-11-11,9:33:07.086030035,T,91.2,100,91.24,100,TGT
2025-11-11,9:33:07.086461058,T,91.2,100,91.23,100,TGT
2025-11-11,9:33:07.086631541,T,91.19,100,91.23,100,TGT
2025-11-11,9:33:08.130337947,T,91.19,100,91.25,100,TGT
2025-11-11,9:33:08.130352968,T,91.21,100,91.25,100,TGT
2025-11-11,9:33:08.130648646,T,91.21,100,91.24,100,TGT
2025-11-11,9:33:08.130854133,T,91.21,100,91.25,100,TGT
2025-11-11,9:33:08.130914336,T,91.2,100,91.25,100,TGT
2025-11-11,9:33:08.131064606,T,91.2,100,91.24,100,TGT
2025-11-11,9:33:09.543324348,T,91.2,100,91.25,100,TGT
2025-11-11,9:33:09.543349346,T,91.22,100,91.25,100,TGT
2025-11-11,9:33:09.543349346,T,91.22,200,91.25,100,TGT
2025-11-11,9:33:09.543389482,T,91.22,200,91.33,100,TGT
2025-11-11,9:33:09.543409494,T,91.23,100,91.33,100,TGT
2025-11-11,9:33:09.543419489,T,91.23,100,91.36,100,TGT
2025-11-11,9:33:09.543484619,T,91.23,100,91.25,100,TGT
2025-11-11,9:33:09.543504712,T,91.23,100,91.36,100,TGT
2025-11-11,9:33:09.543524760,T,91.24,100,91.36,100,TGT
2025-11-11,9:33:09.543730262,T,91.24,100,91.32,100,TGT
2025-11-11,9:33:09.544587279,T,91.23,100,91.32,100,TGT
2025-11-11,9:33:09.544882976,T,91.23,100,91.36,200,TGT
2025-11-11,9:33:09.545724942,T,91.23,100,91.32,100,TGT
2025-11-11,9:33:09.546010651,T,91.23,100,91.32,200,TGT
2025-11-11,9:33:09.546296347,T,91.23,100,91.32,100,TGT
2025-11-11,9:33:09.546587067,T,91.23,100,91.36,200,TGT
2025-11-11,9:33:11.433687903,T,91.23,200,91.36,200,TGT
2025-11-11,9:33:18.164443242,T,91.23,300,91.36,200,TGT
2025-11-11,9:33:18.182516374,T,91.23,200,91.36,200,TGT
2025-11-11,9:33:18.211470306,T,91.24,300,91.36,200,TGT
2025-11-11,9:33:18.211891365,T,91.24,400,91.36,200,TGT
2025-11-11,9:33:18.211916393,T,91.24,100,91.36,200,TGT
2025-11-11,9:33:18.211921443,T,91.24,100,91.36,100,TGT
2025-11-11,9:33:18.657633309,T,91.23,200,91.36,100,TGT
2025-11-11,9:33:18.658976416,T,91.23,300,91.36,100,TGT
2025-11-11,9:33:18.704479889,T,91.23,200,91.36,100,TGT
2025-11-11,9:33:19.659785792,T,91.23,200,91.32,100,TGT
2025-11-11,9:33:19.660091531,T,91.23,200,91.32,200,TGT
2025-11-11,9:33:19.974585741,T,91.23,100,91.32,200,TGT
2025-11-11,9:33:22.116679056,T,91.23,100,91.32,300,TGT
2025-11-11,9:33:24.287044929,T,91.23,100,91.32,200,TGT
2025-11-11,9:33:24.287049968,T,91.24,300,91.32,200,TGT
2025-11-11,9:33:24.287160155,T,91.23,100,91.32,200,TGT
2025-11-11,9:33:25.381467158,T,91.23,100,91.32,300,TGT
2025-11-11,9:33:29.530030818,T,91.24,300,91.32,300,TGT
2025-11-11,9:33:29.530827832,T,91.23,100,91.32,300,TGT
2025-11-11,9:33:34.782950404,T,91.23,100,91.31,100,TGT
2025-11-11,9:33:34.782955421,T,91.1,200,91.31,100,TGT
2025-11-11,9:33:34.782970463,T,91.1,200,91.31,200,TGT
2025-11-11,9:33:34.782975843,T,91.1,200,91.31,300,TGT
2025-11-11,9:33:34.782990541,T,91.1,200,91.28,100,TGT
2025-11-11,9:33:34.783035634,T,91.1,200,91.27,100,TGT
2025-11-11,9:33:34.783386398,T,91.1,200,91.27,200,TGT
2025-11-11,9:33:38.068873810,T,91.1,200,91.26,100,TGT
2025-11-11,9:33:38.068914005,T,91.1,200,91.26,200,TGT
2025-11-11,9:33:38.069189666,T,91.1,200,91.26,300,TGT
2025-11-11,9:33:39.638994607,T,91.1,200,91.26,400,TGT
2025-11-11,9:33:39.963583216,T,91.19,100,91.26,400,TGT
2025-11-11,9:33:39.981881549,T,91.1,200,91.26,400,TGT
2025-11-11,9:33:39.981906570,T,91.1,200,91.22,100,TGT
2025-11-11,9:33:39.982372655,T,91.1,200,91.22,200,TGT
2025-11-11,9:33:39.982427861,T,91.1,200,91.22,300,TGT
2025-11-11,9:33:39.983760989,T,90.99,100,91.22,300,TGT
2025-11-11,9:33:39.983765993,T,91.02,200,91.22,300,TGT
2025-11-11,9:33:40.082205520,T,91.02,200,91.22,200,TGT
2025-11-11,9:33:40.082425987,T,91.02,200,91.22,100,TGT
2025-11-11,9:33:41.390311907,T,91.02,200,91.21,100,TGT
2025-11-11,9:33:41.390321871,T,91.02,200,91.2,100,TGT
2025-11-11,9:33:41.390356978,T,91.02,200,91.16,100,TGT
2025-11-11,9:33:41.391805432,T,91.02,200,91.16,200,TGT
2025-11-11,9:33:41.392507103,T,91.04,100,91.16,200,TGT
2025-11-11,9:33:41.393008327,T,91.02,200,91.16,200,TGT
2025-11-11,9:33:41.399634094,T,91.04,100,91.16,200,TGT
2025-11-11,9:33:41.762849411,T,91.04,100,91.16,300,TGT
2025-11-11,9:33:41.984798218,T,91.04,100,91.16,200,TGT
2025-11-11,9:33:46.105680809,T,91.04,100,91.15,300,TGT
2025-11-11,9:33:46.105725965,T,91.04,100,91.15,400,TGT
2025-11-11,9:33:46.105725965,T,91.04,100,91.15,500,TGT
2025-11-11,9:33:46.105931474,T,90.98,100,91.15,500,TGT
2025-11-11,9:33:46.106377532,T,90.98,100,91.15,200,TGT
2025-11-11,9:33:46.509928951,T,90.98,100,91.15,300,TGT
2025-11-11,9:33:46.509928951,T,90.98,100,91.13,100,TGT
2025-11-11,9:33:46.509934091,T,90.98,100,91.1,100,TGT
2025-11-11,9:33:46.509958995,T,90.98,100,91.1,200,TGT
2025-11-11,9:33:46.509964010,T,90.98,100,91.1,100,TGT
2025-11-11,9:33:46.509964010,T,90.98,100,91.1,200,TGT
2025-11-11,9:33:46.510114344,T,90.98,100,91.08,100,TGT
2025-11-11,9:33:46.510134488,T,90.98,100,91.08,200,TGT
2025-11-11,9:33:46.510670749,T,90.98,100,91.08,100,TGT
2025-11-11,9:33:46.511317276,T,90.98,100,91.08,200,TGT
2025-11-11,9:33:46.536612549,T,90.95,100,91.08,200,TGT
2025-11-11,9:33:46.536868113,T,90.95,100,91.04,100,TGT
2025-11-11,9:33:46.537078633,T,90.88,200,91.04,100,TGT
2025-11-11,9:33:46.537083667,T,90.88,200,91.04,200,TGT
2025-11-11,9:33:46.537123790,T,90.88,200,91.01,100,TGT
2025-11-11,9:33:46.765763441,T,90.82,700,91.01,100,TGT
2025-11-11,9:33:46.765768407,T,90.82,900,91.01,100,TGT
2025-11-11,9:33:46.980961087,T,90.82,900,91.01,200,TGT
2025-11-11,9:33:47.922248654,T,90.91,100,91.01,200,TGT
2025-11-11,9:33:50.379061750,T,90.91,100,91.01,100,TGT
2025-11-11,9:33:50.379066802,T,90.91,100,91.06,100,TGT
2025-11-11,9:33:50.379101812,T,90.96,100,91.06,100,TGT
2025-11-11,9:33:50.380059055,T,90.96,100,91.02,100,TGT
2025-11-11,9:33:50.380094212,T,90.96,100,91.02,200,TGT
2025-11-11,9:33:50.388599508,T,90.95,100,91.02,200,TGT
2025-11-11,9:33:50.389160852,T,90.91,100,91.02,200,TGT
2025-11-11,9:33:58.227454873,T,90.91,200,91.02,200,TGT
2025-11-11,9:33:58.228056275,T,90.96,100,91.02,200,TGT
2025-11-11,9:33:58.228131464,T,90.96,100,91.02,100,TGT
2025-11-11,9:33:58.228492486,T,90.91,200,91.02,100,TGT
2025-11-11,9:33:58.228762908,T,90.91,300,91.02,100,TGT
2025-11-11,9:33:58.229214071,T,90.91,200,91.02,100,TGT
2025-11-11,9:33:58.229384488,T,90.91,300,91.02,100,TGT
2025-11-11,9:33:58.230888073,T,90.91,200,91.02,100,TGT
2025-11-11,9:34:04.861845686,T,90.91,200,91.06,100,TGT
2025-11-11,9:34:04.861870945,T,90.91,300,91.06,100,TGT
2025-11-11,9:34:04.861876104,T,90.95,100,91.06,100,TGT
2025-11-11,9:34:04.861876104,T,90.96,100,91.06,100,TGT
2025-11-11,9:34:04.862968351,T,90.96,100,91.03,100,TGT
2025-11-11,9:34:04.862998372,T,90.96,100,91.06,100,TGT
2025-11-11,9:34:04.863024023,T,91.0,100,91.06,100,TGT
2025-11-11,9:34:04.863183919,T,91.0,100,91.13,100,TGT
2025-11-11,9:34:04.863203950,T,91.02,100,91.13,100,TGT
2025-11-11,9:34:04.863444527,T,91.02,400,91.13,100,TGT
2025-11-11,9:34:04.863534664,T,91.02,100,91.13,100,TGT
2025-11-11,9:34:04.863539693,T,91.02,100,91.15,200,TGT
2025-11-11,9:34:04.863609864,T,91.03,300,91.15,200,TGT
2025-11-11,9:34:04.863645013,T,91.02,100,91.15,200,TGT
2025-11-11,9:34:04.863674998,T,91.02,400,91.15,200,TGT
2025-11-11,9:34:04.863760279,T,91.02,300,91.15,200,TGT
2025-11-11,9:34:04.863775228,T,91.01,100,91.15,200,TGT
2025-11-11,9:34:04.863895567,T,91.02,300,91.15,200,TGT
2025-11-11,9:34:04.864652359,T,91.01,100,91.15,200,TGT
2025-11-11,9:34:04.864667362,T,91.02,300,91.15,200,TGT
2025-11-11,9:34:04.864722506,T,91.01,100,91.15,200,TGT
2025-11-11,9:34:04.963232267,T,90.97,100,91.15,200,TGT
2025-11-11,9:34:05.063035016,T,90.96,100,91.15,200,TGT
2025-11-11,9:34:05.063440957,T,90.91,200,91.15,200,TGT
2025-11-11,9:34:05.063471047,T,90.91,200,91.15,100,TGT
2025-11-11,9:34:05.066067151,T,90.91,300,91.15,100,TGT
2025-11-11,9:34:05.775858172,T,91.0,100,91.15,100,TGT
2025-11-11,9:34:06.087751274,T,90.91,200,91.15,100,TGT
2025-11-11,9:34:07.438359015,T,91.01,100,91.15,100,TGT
2025-11-11,9:34:07.481837518,T,91.01,100,91.17,200,TGT
2025-11-11,9:34:07.641227209,T,90.91,200,91.17,200,TGT
2025-11-11,9:34:07.939858724,T,91.01,100,91.17,200,TGT
2025-11-11,9:34:07.940119412,T,91.01,100,91.21,200,TGT
2025-11-11,9:34:08.151608253,T,91.01,100,91.2,100,TGT
2025-11-11,9:34:08.229764371,T,91.01,200,91.2,100,TGT
2025-11-11,9:34:08.567398807,T,91.01,200,91.21,200,TGT
2025-11-11,9:34:13.605757323,T,91.01,200,91.19,100,TGT
2025-11-11,9:34:13.605877569,T,91.01,200,91.18,100,TGT
2025-11-11,9:34:13.607792086,T,91.01,200,91.2,100,TGT
2025-11-11,9:34:13.607832263,T,91.01,200,91.21,200,TGT
2025-11-11,9:34:19.096353009,T,91.01,200,91.2,100,TGT
2025-11-11,9:34:19.098533257,T,91.01,200,91.21,200,TGT
2025-11-11,9:34:19.098568350,T,91.01,200,91.18,300,TGT
2025-11-11,9:34:19.099019467,T,91.01,200,91.18,400,TGT
2025-11-11,9:34:21.089481546,T,91.01,200,91.18,100,TGT
2025-11-11,9:34:21.875910238,T,91.01,100,91.18,100,TGT
2025-11-11,9:34:21.876711989,T,91.01,100,91.18,400,TGT
2025-11-11,9:34:21.942568880,T,91.01,100,91.16,100,TGT
2025-11-11,9:34:22.673334808,T,91.01,100,91.18,300,TGT
2025-11-11,9:34:22.852802438,T,91.01,100,91.16,100,TGT
2025-11-11,9:34:23.209682672,T,90.91,100,91.16,100,TGT
2025-11-11,9:34:23.896148109,T,91.03,100,91.16,100,TGT
2025-11-11,9:34:23.896704484,T,90.91,100,91.16,100,TGT
2025-11-11,9:34:23.897681929,T,91.03,100,91.16,100,TGT
2025-11-11,9:34:23.898157972,T,90.91,100,91.16,100,TGT
2025-11-11,9:34:23.898939777,T,91.03,100,91.16,100,TGT
2025-11-11,9:34:23.899681536,T,90.91,100,91.16,100,TGT
2025-11-11,9:34:23.900212893,T,91.03,100,91.16,100,TGT
2025-11-11,9:34:23.997203952,T,91.03,400,91.16,100,TGT
2025-11-11,9:34:23.997228908,T,91.03,400,91.2,100,TGT
2025-11-11,9:34:23.997259006,T,91.03,400,91.21,200,TGT
2025-11-11,9:34:23.997309129,T,91.03,400,91.21,100,TGT
2025-11-11,9:34:23.997564798,T,91.03,100,91.21,100,TGT
2025-11-11,9:34:23.997589843,T,90.91,100,91.21,100,TGT
2025-11-11,9:34:23.998161215,T,91.03,100,91.21,100,TGT
2025-11-11,9:34:23.998341671,T,91.03,400,91.21,100,TGT
2025-11-11,9:34:23.998416781,T,91.03,100,91.21,100,TGT
2025-11-11,9:34:23.998797650,T,91.04,300,91.21,100,TGT
2025-11-11,9:34:23.998887938,T,91.03,100,91.21,100,TGT
2025-11-11,9:34:25.362456622,T,91.04,300,91.21,100,TGT
2025-11-11,9:34:25.362732125,T,91.03,100,91.21,100,TGT
2025-11-11,9:34:26.342240708,T,91.05,300,91.21,100,TGT
2025-11-11,9:34:26.342947520,T,91.03,100,91.21,100,TGT
2025-11-11,9:34:26.822605171,T,91.05,300,91.21,100,TGT
2025-11-11,9:34:26.823402173,T,91.03,100,91.21,100,TGT
2025-11-11,9:34:32.258350500,T,91.03,200,91.21,100,TGT
2025-11-11,9:34:33.772026594,T,91.06,100,91.21,100,TGT
2025-11-11,9:34:33.781028080,T,91.06,100,91.23,200,TGT
2025-11-11,9:34:34.073123971,T,91.03,200,91.23,200,TGT
2025-11-11,9:34:37.356040313,T,91.07,100,91.23,200,TGT
2025-11-11,9:34:37.356651798,T,91.07,200,91.23,200,TGT
2025-11-11,9:34:38.555663360,T,91.07,100,91.23,200,TGT
2025-11-11,9:34:40.532648338,T,91.03,200,91.23,200,TGT
2025-11-11,9:34:42.214876180,T,91.03,100,91.23,200,TGT
2025-11-11,9:34:42.259988669,T,91.06,100,91.23,200,TGT
2025-11-11,9:34:42.261487233,T,91.06,200,91.23,200,TGT
2025-11-11,9:34:43.964664831,T,91.06,100,91.23,200,TGT
2025-11-11,9:34:43.964669830,T,91.03,100,91.23,200,TGT
2025-11-11,9:34:43.964674845,T,90.96,100,91.23,200,TGT
2025-11-11,9:34:43.964674845,T,90.96,100,91.14,100,TGT
2025-11-11,9:34:43.964714845,T,90.96,100,91.14,200,TGT
2025-11-11,9:34:43.964805080,T,90.95,100,91.14,200,TGT
2025-11-11,9:34:43.964825170,T,90.95,100,91.13,100,TGT
2025-11-11,9:34:43.964830182,T,90.95,100,91.12,100,TGT
2025-11-11,9:34:43.964930434,T,90.95,100,91.11,100,TGT
2025-11-11,9:34:43.965135890,T,91.03,100,91.11,100,TGT
2025-11-11,9:34:43.965291265,T,91.03,200,91.11,100,TGT
2025-11-11,9:34:43.965326294,T,91.03,200,91.12,100,TGT
2025-11-11,9:34:43.974748797,T,91.03,200,91.13,100,TGT
2025-11-11,9:34:44.010554078,T,91.03,100,91.13,100,TGT
2025-11-11,9:34:44.010554078,T,90.93,300,91.13,100,TGT
2025-11-11,9:34:44.010574168,T,90.93,300,91.04,100,TGT
2025-11-11,9:34:44.010629304,T,90.93,200,91.04,100,TGT
2025-11-11,9:34:44.010874892,T,90.96,400,91.04,100,TGT
2025-11-11,9:34:44.010904922,T,90.96,500,91.04,100,TGT
2025-11-11,9:34:44.010930119,T,90.96,100,91.04,100,TGT
2025-11-11,9:34:44.010935014,T,90.93,200,91.04,100,TGT
2025-11-11,9:34:44.010955038,T,90.91,100,91.04,100,TGT
2025-11-11,9:34:44.010960005,T,91.02,500,91.04,100,TGT
2025-11-11,9:34:44.010970089,T,90.86,200,91.04,100,TGT
2025-11-11,9:34:44.011000124,T,91.02,500,91.04,100,TGT
2025-11-11,9:34:44.011015189,T,90.86,200,91.04,100,TGT
2025-11-11,9:34:44.011035239,T,90.86,200,91.09,100,TGT
2025-11-11,9:34:44.011040203,T,91.02,500,91.09,100,TGT
2025-11-11,9:34:44.011060242,T,90.86,200,91.09,100,TGT
2025-11-11,9:34:44.011060242,T,91.02,100,91.09,100,TGT
2025-11-11,9:34:44.011075367,T,91.02,200,91.09,100,TGT
2025-11-11,9:34:44.011080385,T,91.04,500,91.09,100,TGT
2025-11-11,9:34:44.011105416,T,91.04,600,91.09,100,TGT
2025-11-11,9:34:44.011110385,T,91.04,100,91.09,100,TGT
2025-11-11,9:34:44.011136120,T,91.02,100,91.09,100,TGT
2025-11-11,9:34:44.011200903,T,91.02,100,91.11,100,TGT
2025-11-11,9:34:44.011205591,T,91.02,100,91.09,100,TGT
2025-11-11,9:34:44.011205591,T,91.01,100,91.09,100,TGT
2025-11-11,9:34:44.011230714,T,91.05,100,91.09,100,TGT
2025-11-11,9:34:44.011305850,T,91.05,100,91.08,100,TGT
2025-11-11,9:34:44.011361010,T,91.05,100,91.07,100,TGT
2025-11-11,9:34:44.011401091,T,91.01,100,91.07,100,TGT
2025-11-11,9:34:44.011421222,T,91.01,100,91.05,100,TGT
2025-11-11,9:34:44.011561519,T,90.98,100,91.05,100,TGT
2025-11-11,9:34:44.011586598,T,90.98,100,91.04,100,TGT
2025-11-11,9:34:44.011646663,T,91.02,100,91.04,100,TGT
2025-11-11,9:34:44.011676799,T,91.02,100,91.05,200,TGT
2025-11-11,9:34:44.011711851,T,91.02,100,91.05,100,TGT
2025-11-11,9:34:44.011907259,T,91.02,100,91.08,100,TGT
2025-11-11,9:34:44.012674160,T,91.02,100,91.09,100,TGT
2025-11-11,9:34:44.012679110,T,91.01,100,91.09,100,TGT
2025-11-11,9:34:44.020818545,T,91.01,100,91.1,100,TGT
2025-11-11,9:34:44.020828912,T,91.01,100,91.11,100,TGT
2025-11-11,9:34:44.064858501,T,91.01,100,91.14,100,TGT
2025-11-11,9:34:44.111324187,T,90.86,200,91.14,100,TGT
2025-11-11,9:34:52.313585386,T,90.86,300,91.14,100,TGT
2025-11-11,9:34:52.316231688,T,90.88,100,91.14,100,TGT
2025-11-11,9:34:52.318081082,T,90.91,200,91.14,100,TGT
2025-11-11,9:34:52.358868222,T,90.91,200,91.14,200,TGT
2025-11-11,9:34:52.691169891,T,90.91,200,91.14,500,TGT
2025-11-11,9:34:55.924302721,T,90.91,200,91.14,400,TGT
2025-11-11,9:35:01.161910802,T,90.91,200,91.14,300,TGT
2025-11-11,9:35:01.161945954,T,90.91,200,91.2,700,TGT
2025-11-11,9:35:01.161970958,T,91.1,100,91.2,700,TGT
2025-11-11,9:35:01.161970958,T,91.11,100,91.2,700,TGT
2025-11-11,9:35:01.163243970,T,91.1,200,91.2,700,TGT
2025-11-11,9:35:01.172400848,T,91.1,100,91.2,700,TGT
2025-11-11,9:35:01.172857111,T,91.1,200,91.2,700,TGT
2025-11-11,9:35:01.173027293,T,91.1,200,91.23,200,TGT
2025-11-11,9:35:01.173047410,T,91.16,100,91.23,200,TGT
2025-11-11,9:35:01.173052327,T,91.17,100,91.23,200,TGT
2025-11-11,9:35:01.173508457,T,91.17,200,91.23,200,TGT
2025-11-11,9:35:01.173553611,T,91.18,100,91.23,200,TGT
2025-11-11,9:35:01.173578669,T,91.18,100,91.31,100,TGT
2025-11-11,9:35:01.173598899,T,91.2,100,91.31,100,TGT
2025-11-11,9:35:01.173598899,T,91.2,200,91.31,100,TGT
2025-11-11,9:35:01.173688939,T,91.21,100,91.31,100,TGT
2025-11-11,9:35:01.173914403,T,91.21,200,91.31,100,TGT
2025-11-11,9:35:01.209900155,T,91.21,200,91.43,200,TGT
2025-11-11,9:35:01.215603742,T,91.21,200,91.43,100,TGT
2025-11-11,9:35:01.227411832,T,91.21,200,91.38,200,TGT
2025-11-11,9:35:01.273737217,T,91.21,100,91.38,200,TGT
2025-11-11,9:35:01.273957785,T,91.12,100,91.38,200,TGT
2025-11-11,9:35:01.646360180,T,91.15,100,91.38,200,TGT
2025-11-11,9:35:01.646369992,T,91.19,100,91.38,200,TGT
2025-11-11,9:35:01.846421596,T,91.19,200,91.38,200,TGT
2025-11-11,9:35:01.896616207,T,91.19,100,91.38,200,TGT
2025-11-11,9:35:01.896646269,T,91.12,100,91.38,200,TGT
2025-11-11,9:35:01.897142472,T,91.12,200,91.38,200,TGT
2025-11-11,9:35:01.967890989,T,91.12,100,91.38,200,TGT
2025-11-11,9:35:05.597002044,T,91.12,200,91.38,200,TGT
2025-11-11,9:35:05.744027345,T,91.12,300,91.38,200,TGT
2025-11-11,9:35:06.338057658,T,91.19,100,91.38,200,TGT
2025-11-11,9:35:06.338077682,T,91.12,300,91.38,200,TGT
2025-11-11,9:35:06.338077682,T,91.19,100,91.38,200,TGT
2025-11-11,9:35:06.339090060,T,91.19,200,91.38,200,TGT
2025-11-11,9:35:06.793337188,T,91.19,100,91.38,200,TGT
2025-11-11,9:35:09.391692626,T,91.19,100,91.43,100,TGT
2025-11-11,9:35:13.754566678,T,91.19,200,91.43,100,TGT
2025-11-11,9:35:13.754586737,T,91.19,100,91.43,100,TGT
2025-11-11,9:35:13.754586737,T,91.19,200,91.43,100,TGT
2025-11-11,9:35:13.991095193,T,91.19,300,91.43,100,TGT
2025-11-11,9:35:17.394052524,T,91.19,200,91.43,100,TGT
2025-11-11,9:35:17.394137662,T,91.19,200,91.36,100,TGT
2025-11-11,9:35:17.667138105,T,91.19,200,91.36,400,TGT
2025-11-11,9:35:17.676445266,T,91.19,200,91.36,100,TGT
2025-11-11,9:35:18.597078541,T,91.19,100,91.36,100,TGT
2025-11-11,9:35:20.803535217,T,91.19,100,91.36,400,TGT
2025-11-11,9:35:20.803580266,T,91.12,100,91.36,400,TGT
2025-11-11,9:35:20.829847861,T,91.12,100,91.36,100,TGT
2025-11-11,9:35:22.574163576,T,91.12,100,91.35,100,TGT
2025-11-11,9:35:23.808033238,T,91.12,100,91.35,400,TGT
2025-11-11,9:35:25.063870046,T,91.12,100,91.35,300,TGT
2025-11-11,9:35:25.064180841,T,91.12,100,91.43,100,TGT
2025-11-11,9:35:25.064180841,T,91.17,100,91.43,100,TGT
2025-11-11,9:35:25.064195826,T,91.19,100,91.43,100,TGT
2025-11-11,9:35:25.064201230,T,91.32,100,91.43,100,TGT
2025-11-11,9:35:25.064626866,T,91.32,200,91.43,100,TGT
2025-11-11,9:35:25.065524028,T,91.32,100,91.43,100,TGT
2025-11-11,9:35:25.067147916,T,91.32,100,91.52,200,TGT
2025-11-11,9:35:25.074786130,T,91.31,100,91.52,200,TGT
2025-11-11,9:35:25.075778461,T,91.31,200,91.52,200,TGT
2025-11-11,9:35:25.164209235,T,91.31,100,91.52,200,TGT
2025-11-11,9:35:26.016364298,T,91.19,100,91.52,200,TGT
2025-11-11,9:35:26.976090838,T,91.19,100,91.52,300,TGT
2025-11-11,9:35:26.976090838,T,91.19,100,91.39,100,TGT
2025-11-11,9:35:26.976531898,T,91.12,100,91.39,100,TGT
2025-11-11,9:35:26.983122573,T,91.12,100,91.4,100,TGT
2025-11-11,9:35:26.986851426,T,91.12,100,91.44,300,TGT
2025-11-11,9:35:27.076254429,T,91.12,100,91.44,200,TGT
2025-11-11,9:35:27.114320138,T,91.09,100,91.44,200,TGT
2025-11-11,9:35:27.114450375,T,91.12,100,91.44,200,TGT
2025-11-11,9:35:27.228341803,T,91.09,100,91.44,200,TGT
2025-11-11,9:35:27.228452046,T,91.12,100,91.44,200,TGT
2025-11-11,9:35:27.486867717,T,91.21,100,91.44,200,TGT
2025-11-11,9:35:28.395392141,T,91.21,100,91.36,100,TGT
2025-11-11,9:35:28.748428227,T,91.12,100,91.36,100,TGT
2025-11-11,9:35:28.748468296,T,91.12,100,91.34,100,TGT
2025-11-11,9:35:30.496016730,T,91.12,100,91.34,200,TGT
2025-11-11,9:35:34.861381637,T,91.19,100,91.34,200,TGT
2025-11-11,9:35:35.104540972,T,91.27,100,91.34,200,TGT
2025-11-11,9:35:35.104571078,T,91.27,100,91.34,100,TGT
2025-11-11,9:35:35.120087954,T,91.27,100,91.44,200,TGT
2025-11-11,9:35:35.336107641,T,91.27,100,91.39,100,TGT
2025-11-11,9:35:37.373341169,T,91.27,100,91.38,100,TGT
2025-11-11,9:35:38.490497753,T,91.27,100,91.44,200,TGT
2025-11-11,9:35:41.914790788,T,91.27,200,91.44,200,TGT
2025-11-11,9:35:42.337688250,T,91.27,100,91.44,200,TGT
2025-11-11,9:35:42.741425192,T,91.27,100,91.44,300,TGT
2025-11-11,9:35:43.234008709,T,91.28,100,91.44,300,TGT
2025-11-11,9:35:44.050318494,T,91.28,100,91.44,200,TGT
2025-11-11,9:35:44.862678914,T,91.28,200,91.44,200,TGT
2025-11-11,9:35:46.450020665,T,91.28,200,91.48,100,TGT
2025-11-11,9:35:46.450256158,T,91.29,100,91.48,100,TGT
2025-11-11,9:35:46.991460664,T,91.29,100,91.5,200,TGT
2025-11-11,9:35:48.762645403,T,91.29,100,91.41,100,TGT
2025-11-11,9:35:49.304817055,T,91.29,100,91.5,200,TGT
2025-11-11,9:35:49.305453537,T,91.28,100,91.5,200,TGT
2025-11-11,9:35:49.330969345,T,91.28,100,91.37,100,TGT
2025-11-11,9:35:49.330974384,T,91.28,100,91.37,200,TGT
2025-11-11,9:35:49.330994635,T,91.28,100,91.37,100,TGT
2025-11-11,9:35:49.332061943,T,91.28,100,91.38,200,TGT
2025-11-11,9:35:49.338006151,T,91.28,100,91.38,100,TGT
2025-11-11,9:35:54.367247860,T,91.2,100,91.38,100,TGT
2025-11-11,9:35:54.367247860,T,91.13,100,91.38,100,TGT
2025-11-11,9:35:54.367272696,T,91.13,100,91.32,100,TGT
2025-11-11,9:35:54.467646882,T,91.13,100,91.35,100,TGT
2025-11-11,9:35:54.741654788,T,91.12,100,91.35,100,TGT
2025-11-11,9:35:54.741714965,T,91.11,300,91.35,100,TGT
2025-11-11,9:35:54.741860441,T,91.11,300,91.31,300,TGT
2025-11-11,9:35:54.742401576,T,91.14,100,91.31,300,TGT
2025-11-11,9:35:54.744762137,T,91.14,100,91.35,100,TGT
2025-11-11,9:35:54.745849770,T,91.14,100,91.31,100,TGT
2025-11-11,9:35:54.875914727,T,91.14,100,91.3,300,TGT
2025-11-11,9:35:55.114457956,T,91.14,100,91.31,100,TGT
2025-11-11,9:35:55.745381042,T,91.16,100,91.31,100,TGT
2025-11-11,9:35:57.121479358,T,91.17,300,91.31,100,TGT
2025-11-11,9:35:57.121509549,T,91.16,100,91.31,100,TGT
2025-11-11,9:35:59.420642191,T,91.17,300,91.31,100,TGT
2025-11-11,9:35:59.420682106,T,91.17,300,91.38,100,TGT
2025-11-11,9:35:59.420707157,T,91.25,100,91.38,100,TGT
2025-11-11,9:35:59.420782337,T,91.25,200,91.38,100,TGT
2025-11-11,9:35:59.421479041,T,91.26,300,91.38,100,TGT
2025-11-11,9:35:59.421759680,T,91.25,100,91.38,100,TGT
2025-11-11,9:35:59.421789754,T,91.25,200,91.38,100,TGT
2025-11-11,9:35:59.421795281,T,91.26,300,91.38,100,TGT
2025-11-11,9:35:59.421795281,T,91.26,300,91.43,200,TGT
2025-11-11,9:35:59.421814878,T,91.26,400,91.43,200,TGT
2025-11-11,9:35:59.421839889,T,91.26,100,91.43,200,TGT
2025-11-11,9:35:59.422195711,T,91.25,200,91.43,200,TGT
2025-11-11,9:35:59.430831296,T,91.25,100,91.43,200,TGT
2025-11-11,9:35:59.451034409,T,91.25,100,91.54,100,TGT
2025-11-11,9:35:59.520931030,T,91.21,100,91.54,100,TGT
2025-11-11,9:35:59.521803106,T,91.19,100,91.54,100,TGT
2025-11-11,9:35:59.522063682,T,91.19,100,91.5,200,TGT
2025-11-11,9:35:59.621144770,T,91.18,100,91.5,200,TGT
2025-11-11,9:36:05.161213343,T,91.18,100,91.4,100,TGT
2025-11-11,9:36:05.161524127,T,91.16,200,91.4,100,TGT
2025-11-11,9:36:05.161554138,T,91.16,200,91.38,100,TGT
2025-11-11,9:36:05.161559245,T,91.16,100,91.38,100,TGT
2025-11-11,9:36:05.161564176,T,91.16,100,91.37,100,TGT
2025-11-11,9:36:05.161574208,T,91.16,100,91.39,100,TGT
2025-11-11,9:36:05.161574208,T,91.16,100,91.38,100,TGT
2025-11-11,9:36:05.161579277,T,91.16,100,91.37,100,TGT
2025-11-11,9:36:05.161824884,T,91.16,100,91.37,200,TGT
2025-11-11,9:36:05.161890015,T,91.16,100,91.36,100,TGT
2025-11-11,9:36:05.166726546,T,91.16,100,91.37,200,TGT
2025-11-11,9:36:05.166751546,T,91.16,100,91.37,100,TGT
2025-11-11,9:36:05.203128234,T,91.16,200,91.37,100,TGT
2025-11-11,9:36:05.203148291,T,91.16,100,91.37,100,TGT
2025-11-11,9:36:05.203148291,T,91.16,200,91.37,100,TGT
2025-11-11,9:36:05.223246167,T,91.16,100,91.37,100,TGT
2025-11-11,9:36:08.164207730,T,91.17,100,91.37,100,TGT
2025-11-11,9:36:11.663434239,T,91.17,100,91.4,100,TGT
2025-11-11,9:36:11.934379757,T,91.18,100,91.4,100,TGT
2025-11-11,9:36:11.934379757,T,91.26,100,91.4,100,TGT
2025-11-11,9:36:11.934384792,T,91.26,100,91.5,200,TGT
2025-11-11,9:36:11.934384792,T,91.27,100,91.5,200,TGT
2025-11-11,9:36:11.934399827,T,91.27,200,91.5,200,TGT
2025-11-11,9:36:11.934399827,T,91.27,100,91.5,200,TGT
2025-11-11,9:36:11.934409866,T,91.31,100,91.5,200,TGT
2025-11-11,9:36:11.934414880,T,91.28,100,91.5,200,TGT
2025-11-11,9:36:11.934434958,T,91.31,100,91.5,200,TGT
2025-11-11,9:36:11.934850850,T,91.27,100,91.5,200,TGT
2025-11-11,9:36:12.034794052,T,91.18,100,91.5,200,TGT
2025-11-11,9:36:12.035004552,T,91.18,200,91.5,200,TGT
2025-11-11,9:36:12.935199240,T,91.18,300,91.5,200,TGT
2025-11-11,9:36:14.736340169,T,91.27,100,91.5,200,TGT
2025-11-11,9:36:14.736345217,T,91.31,100,91.5,200,TGT
2025-11-11,9:36:14.736355214,T,91.32,100,91.5,200,TGT
2025-11-11,9:36:14.737222295,T,91.32,200,91.5,200,TGT
2025-11-11,9:36:14.739502788,T,91.32,200,91.54,100,TGT
2025-11-11,9:36:14.747461688,T,91.32,100,91.54,100,TGT
2025-11-11,9:36:14.748298644,T,91.32,200,91.54,100,TGT
2025-11-11,9:36:14.783733066,T,91.32,100,91.54,100,TGT
2025-11-11,9:36:14.836899772,T,91.27,100,91.54,100,TGT
2025-11-11,9:36:14.837110323,T,91.27,200,91.54,100,TGT
2025-11-11,9:36:14.837290730,T,91.32,100,91.54,100,TGT
2025-11-11,9:36:14.888973841,T,91.27,100,91.54,100,TGT
2025-11-11,9:36:14.889179295,T,91.27,200,91.54,100,TGT
2025-11-11,9:36:14.889429922,T,91.27,300,91.54,100,TGT
2025-11-11,9:36:15.098568186,T,91.27,300,91.49,300,TGT
2025-11-11,9:36:15.098653355,T,91.27,300,91.48,300,TGT
2025-11-11,9:36:15.099074354,T,91.27,300,91.49,300,TGT
2025-11-11,9:36:15.099074354,T,91.27,300,91.54,100,TGT
2025-11-11,9:36:17.981336316,T,91.27,200,91.54,100,TGT
2025-11-11,9:36:18.166071304,T,91.27,300,91.54,100,TGT
2025-11-11,9:36:21.354332071,T,91.27,200,91.54,100,TGT
2025-11-11,9:36:21.920841624,T,91.27,200,91.54,200,TGT
2025-11-11,9:36:26.029500403,T,91.27,200,91.54,100,TGT
2025-11-11,9:36:26.999927502,T,91.27,200,91.49,100,TGT
2025-11-11,9:36:28.144524164,T,91.27,100,91.49,100,TGT
2025-11-11,9:36:28.168741918,T,91.35,100,91.49,100,TGT
2025-11-11,9:36:28.831415767,T,91.37,100,91.49,100,TGT
2025-11-11,9:36:31.345249498,T,91.37,100,91.54,100,TGT
2025-11-11,9:36:31.867027471,T,91.37,100,91.5,100,TGT
2025-11-11,9:36:31.870756405,T,91.35,100,91.5,100,TGT
2025-11-11,9:36:31.870781450,T,91.35,100,91.46,100,TGT
2025-11-11,9:36:31.870781450,T,91.35,100,91.43,100,TGT
2025-11-11,9:36:31.870786785,T,91.35,100,91.42,100,TGT
2025-11-11,9:36:31.871808909,T,91.24,200,91.42,100,TGT
2025-11-11,9:36:31.871829052,T,91.24,200,91.38,100,TGT
2025-11-11,9:36:31.920520014,T,91.16,100,91.38,100,TGT
2025-11-11,9:36:31.920524979,T,91.18,200,91.38,100,TGT
2025-11-11,9:36:31.972563917,T,91.18,200,91.41,100,TGT
2025-11-11,9:36:31.973641541,T,91.18,200,91.4,100,TGT
2025-11-11,9:36:31.974403368,T,91.24,100,91.4,100,TGT
2025-11-11,9:36:31.988697402,T,91.24,100,91.41,200,TGT
2025-11-11,9:36:34.174996055,T,91.24,100,91.41,300,TGT
2025-11-11,9:36:34.574893712,T,91.24,100,91.41,200,TGT
2025-11-11,9:36:36.566694141,T,91.24,100,91.41,100,TGT
2025-11-11,9:36:36.577935931,T,91.18,200,91.41,100,TGT
2025-11-11,9:36:36.905792238,T,91.18,200,91.39,100,TGT
2025-11-11,9:36:36.907020155,T,91.18,200,91.39,200,TGT
2025-11-11,9:36:40.011606440,T,91.24,100,91.39,200,TGT
2025-11-11,9:36:40.378686019,T,91.24,100,91.39,100,TGT
2025-11-11,9:36:41.664093329,T,91.24,100,91.53,100,TGT
2025-11-11,9:36:44.246916618,T,91.24,100,91.54,100,TGT
2025-11-11,9:36:44.752135279,T,91.24,100,91.48,100,TGT
2025-11-11,9:36:45.452433707,T,91.24,100,91.54,100,TGT
2025-11-11,9:36:45.659537091,T,91.24,100,91.41,200,TGT
2025-11-11,9:36:45.660183605,T,91.24,100,91.54,100,TGT
2025-11-11,9:36:45.736310248,T,91.24,100,91.48,100,TGT
2025-11-11,9:36:46.441289474,T,91.24,100,91.54,100,TGT
2025-11-11,9:36:46.473586424,T,91.24,100,91.48,100,TGT
2025-11-11,9:36:47.430145316,T,91.24,100,91.54,100,TGT
2025-11-11,9:36:47.988781321,T,91.24,100,91.48,100,TGT
2025-11-11,9:36:48.418996160,T,91.24,100,91.54,100,TGT
2025-11-11,9:36:48.528547180,T,91.24,100,91.48,100,TGT
2025-11-11,9:36:49.138044226,T,91.24,200,91.48,100,TGT
2025-11-11,9:36:49.407857018,T,91.24,200,91.54,100,TGT
2025-11-11,9:36:49.848306389,T,91.24,200,91.45,100,TGT
2025-11-11,9:36:50.617453833,T,91.24,500,91.45,100,TGT
2025-11-11,9:36:50.617899923,T,91.24,200,91.45,100,TGT
2025-11-11,9:36:51.063366335,T,91.24,200,91.48,100,TGT
2025-11-11,9:36:51.176305368,T,91.24,200,91.41,100,TGT
2025-11-11,9:36:51.177042075,T,91.25,100,91.41,100,TGT
2025-11-11,9:36:52.048468090,T,91.25,100,91.39,300,TGT
2025-11-11,9:36:52.049094562,T,91.25,100,91.4,100,TGT
2025-11-11,9:36:52.049119625,T,91.25,100,91.41,100,TGT
2025-11-11,9:36:52.049255019,T,91.25,100,91.39,100,TGT
2025-11-11,9:36:54.360952366,T,91.25,100,91.38,300,TGT
2025-11-11,9:36:54.361007560,T,91.25,100,91.38,400,TGT
2025-11-11,9:36:54.361228105,T,91.25,100,91.38,100,TGT
2025-11-11,9:36:55.398429077,T,91.25,100,91.38,200,TGT
2025-11-11,9:36:55.593919876,T,91.25,100,91.37,300,TGT
2025-11-11,9:36:55.594050205,T,91.25,100,91.38,200,TGT
2025-11-11,9:36:56.591566685,T,91.25,100,91.37,300,TGT
2025-11-11,9:36:56.591987722,T,91.25,100,91.36,300,TGT
2025-11-11,9:36:56.594749318,T,91.25,100,91.37,300,TGT
2025-11-11,9:36:56.614050272,T,91.25,100,91.38,200,TGT
2025-11-11,9:36:57.886772530,T,91.25,100,91.36,100,TGT
2025-11-11,9:36:58.425836811,T,91.24,100,91.36,100,TGT
2025-11-11,9:37:00.571097709,T,91.24,100,91.38,100,TGT
2025-11-11,9:37:00.571117716,T,91.31,100,91.38,100,TGT
2025-11-11,9:37:00.571137805,T,91.31,100,91.51,200,TGT
2025-11-11,9:37:00.571227983,T,91.31,200,91.51,200,TGT
2025-11-11,9:37:00.571273042,T,91.34,100,91.51,200,TGT
2025-11-11,9:37:00.571754179,T,91.33,100,91.51,200,TGT
2025-11-11,9:37:00.571950106,T,91.33,100,91.47,300,TGT
2025-11-11,9:37:00.571974753,T,91.31,200,91.47,300,TGT
2025-11-11,9:37:00.571989737,T,91.31,200,91.46,300,TGT
2025-11-11,9:37:00.572110257,T,91.31,200,91.47,300,TGT
2025-11-11,9:37:00.572115130,T,91.31,200,91.51,200,TGT
2025-11-11,9:37:00.572180244,T,91.31,200,91.54,100,TGT
2025-11-11,9:37:00.572265487,T,91.31,100,91.54,100,TGT
2025-11-11,9:37:00.576194826,T,91.31,200,91.54,100,TGT
2025-11-11,9:37:00.581392223,T,91.31,100,91.54,100,TGT
2025-11-11,9:37:00.671181069,T,91.26,100,91.54,100,TGT
2025-11-11,9:37:03.963815488,T,91.26,100,91.48,300,TGT
2025-11-11,9:37:03.963850523,T,91.24,100,91.48,300,TGT
2025-11-11,9:37:03.964647508,T,91.24,100,91.54,100,TGT
2025-11-11,9:37:06.616550446,T,91.26,100,91.54,100,TGT
2025-11-11,9:37:06.625982833,T,91.24,100,91.54,100,TGT
2025-11-11,9:37:09.116982455,T,91.18,100,91.54,100,TGT
2025-11-11,9:37:09.140969675,T,91.25,100,91.54,100,TGT
2025-11-11,9:37:10.529056554,T,91.25,100,91.57,100,TGT
2025-11-11,9:37:10.529086636,T,91.25,100,91.58,300,TGT
2025-11-11,9:37:13.717001593,T,91.25,100,91.49,200,TGT
2025-11-11,9:37:15.010277698,T,91.25,200,91.49,200,TGT
2025-11-11,9:37:15.010277698,T,91.26,100,91.49,200,TGT
2025-11-11,9:37:15.010282668,T,91.35,100,91.49,200,TGT
2025-11-11,9:37:15.010287787,T,91.38,100,91.49,200,TGT
2025-11-11,9:37:15.010297809,T,91.38,100,91.58,300,TGT
2025-11-11,9:37:15.010322845,T,91.47,100,91.58,300,TGT
2025-11-11,9:37:15.010708737,T,91.47,200,91.58,300,TGT
2025-11-11,9:37:15.010708737,T,91.47,200,91.58,200,TGT
2025-11-11,9:37:15.011039533,T,91.47,300,91.58,200,TGT
2025-11-11,9:37:15.011069649,T,91.48,100,91.58,200,TGT
2025-11-11,9:37:15.013254834,T,91.48,100,91.6,500,TGT
2025-11-11,9:37:15.013680845,T,91.48,100,91.58,100,TGT
2025-11-11,9:37:15.080219374,T,91.48,100,91.6,500,TGT
2025-11-11,9:37:15.111022758,T,91.43,100,91.6,500,TGT
2025-11-11,9:37:15.211015936,T,91.38,100,91.6,500,TGT
2025-11-11,9:37:15.211236516,T,91.38,200,91.6,500,TGT
2025-11-11,9:37:15.261070181,T,91.38,300,91.6,500,TGT
2025-11-11,9:37:15.585322664,T,91.43,100,91.6,500,TGT
2025-11-11,9:37:15.585332669,T,91.48,100,91.6,500,TGT
2025-11-11,9:37:15.585337713,T,91.49,100,91.6,500,TGT
2025-11-11,9:37:15.585388081,T,91.48,100,91.6,500,TGT
2025-11-11,9:37:15.585422897,T,91.48,100,91.6,400,TGT
2025-11-11,9:37:15.585457971,T,91.48,100,91.69,200,TGT
2025-11-11,9:37:15.585478034,T,91.57,100,91.69,200,TGT
2025-11-11,9:37:15.585483003,T,91.57,200,91.69,200,TGT
2025-11-11,9:37:15.585668541,T,91.58,100,91.69,200,TGT
2025-11-11,9:37:15.586841318,T,91.55,100,91.69,200,TGT
2025-11-11,9:37:15.593767844,T,91.5,100,91.69,200,TGT
2025-11-11,9:37:15.593807843,T,91.52,100,91.69,200,TGT
2025-11-11,9:37:15.595998107,T,91.5,100,91.69,200,TGT
2025-11-11,9:37:15.603856812,T,91.48,100,91.69,200,TGT
2025-11-11,9:37:15.603881896,T,91.48,100,91.62,100,TGT
2025-11-11,9:37:15.604934567,T,91.48,100,91.69,200,TGT
2025-11-11,9:37:15.721005901,T,91.43,100,91.69,200,TGT
2025-11-11,9:37:17.509922753,T,91.43,200,91.69,200,TGT
2025-11-11,9:37:19.143634981,T,91.43,300,91.69,200,TGT
2025-11-11,9:37:21.337867538,T,91.48,100,91.69,200,TGT
2025-11-11,9:37:21.337877613,T,91.49,100,91.69,200,TGT
2025-11-11,9:37:21.337887992,T,91.52,100,91.69,200,TGT
2025-11-11,9:37:21.337892549,T,91.51,100,91.69,200,TGT
2025-11-11,9:37:21.337912690,T,91.5,100,91.69,200,TGT
2025-11-11,9:37:21.337967731,T,91.52,100,91.69,200,TGT
2025-11-11,9:37:21.337987772,T,91.54,100,91.69,200,TGT
2025-11-11,9:37:21.338062963,T,91.55,100,91.69,200,TGT
2025-11-11,9:37:21.438106365,T,91.52,100,91.69,200,TGT
2025-11-11,9:37:22.436981066,T,91.48,100,91.69,200,TGT
2025-11-11,9:37:24.757098691,T,91.48,200,91.69,200,TGT
2025-11-11,9:37:24.757219006,T,91.52,100,91.69,200,TGT
2025-11-11,9:37:24.757324197,T,91.55,100,91.69,200,TGT
2025-11-11,9:37:24.758086031,T,91.55,100,91.73,100,TGT
2025-11-11,9:37:24.764651723,T,91.52,100,91.73,100,TGT
2025-11-11,9:37:24.767232852,T,91.48,200,91.73,100,TGT
2025-11-11,9:37:24.767443356,T,91.48,100,91.73,100,TGT
2025-11-11,9:37:25.615754323,T,91.5,100,91.73,100,TGT
2025-11-11,9:37:25.625176794,T,91.48,200,91.73,100,TGT
2025-11-11,9:37:25.625973696,T,91.48,100,91.73,100,TGT
2025-11-11,9:37:27.751267003,T,91.43,200,91.73,100,TGT
2025-11-11,9:37:27.751352133,T,91.43,200,91.64,300,TGT
2025-11-11,9:37:27.752099004,T,91.43,200,91.63,300,TGT
2025-11-11,9:37:27.756920408,T,91.43,200,91.73,100,TGT
2025-11-11,9:37:28.860805356,T,91.44,100,91.73,100,TGT
2025-11-11,9:37:28.930030251,T,91.44,100,91.73,200,TGT
2025-11-11,9:37:28.930030251,T,91.44,100,91.7,100,TGT
2025-11-11,9:37:28.930045191,T,91.44,100,91.65,100,TGT
2025-11-11,9:37:28.937082010,T,91.44,100,91.71,300,TGT
2025-11-11,9:37:28.938881322,T,91.44,100,91.62,100,TGT
2025-11-11,9:37:29.147252683,T,91.47,100,91.62,100,TGT
2025-11-11,9:37:29.395193399,T,91.47,100,91.71,200,TGT
2025-11-11,9:37:34.562088029,T,91.43,100,91.71,200,TGT
2025-11-11,9:37:34.562118109,T,91.43,100,91.7,100,TGT
2025-11-11,9:37:34.562123028,T,91.43,100,91.65,100,TGT
2025-11-11,9:37:34.562138135,T,91.43,100,91.59,100,TGT
2025-11-11,9:37:34.562143097,T,91.43,100,91.6,100,TGT
2025-11-11,9:37:34.562143097,T,91.43,100,91.58,100,TGT
2025-11-11,9:37:34.562153169,T,91.43,100,91.59,100,TGT
2025-11-11,9:37:34.562163201,T,91.43,100,91.58,100,TGT
2025-11-11,9:37:34.562198212,T,91.43,100,91.57,100,TGT
2025-11-11,9:37:34.562198212,T,91.43,100,91.58,100,TGT
2025-11-11,9:37:34.562263352,T,91.43,100,91.57,100,TGT
2025-11-11,9:37:34.562463865,T,91.43,100,91.58,100,TGT
2025-11-11,9:37:34.565325694,T,91.38,100,91.58,100,TGT
2025-11-11,9:37:34.569149796,T,91.38,100,91.6,100,TGT
2025-11-11,9:37:34.572202093,T,91.38,100,91.65,100,TGT
2025-11-11,9:37:34.572207092,T,91.38,100,91.7,100,TGT
2025-11-11,9:37:34.662406945,T,91.38,100,91.71,300,TGT
2025-11-11,9:37:34.762124547,T,91.38,100,91.71,200,TGT
2025-11-11,9:37:35.562797098,T,91.34,200,91.71,200,TGT
2025-11-11,9:37:35.562837196,T,91.34,200,91.71,300,TGT
2025-11-11,9:37:36.473141002,T,91.34,200,91.7,100,TGT
2025-11-11,9:37:36.473156001,T,91.34,200,91.65,100,TGT
2025-11-11,9:37:36.473366485,T,91.34,200,91.61,100,TGT
2025-11-11,9:37:36.473506819,T,91.34,200,91.65,200,TGT
2025-11-11,9:37:36.483214976,T,91.34,200,91.65,100,TGT
2025-11-11,9:37:36.483395391,T,91.34,200,91.71,300,TGT
2025-11-11,9:37:36.742973750,T,91.34,200,91.71,200,TGT
2025-11-11,9:37:39.403126547,T,91.34,200,91.7,100,TGT
2025-11-11,9:37:39.403161991,T,91.34,200,91.65,100,TGT
2025-11-11,9:37:39.403161991,T,91.34,200,91.56,100,TGT
2025-11-11,9:37:39.410023008,T,91.34,200,91.65,100,TGT
2025-11-11,9:37:39.658890909,T,91.34,200,91.7,100,TGT
2025-11-11,9:37:39.659702760,T,91.34,200,91.65,100,TGT
2025-11-11,9:37:39.659727890,T,91.34,200,91.7,100,TGT
2025-11-11,9:37:40.786973451,T,91.34,200,91.65,100,TGT
2025-11-11,9:37:40.787700240,T,91.34,200,91.56,100,TGT
2025-11-11,9:37:42.019504790,T,91.34,200,91.56,200,TGT
2025-11-11,9:37:42.019509770,T,91.34,200,91.54,100,TGT
2025-11-11,9:37:42.019525022,T,91.34,200,91.53,100,TGT
2025-11-11,9:37:42.019529881,T,91.34,200,91.52,100,TGT
2025-11-11,9:37:42.021509511,T,91.21,100,91.52,100,TGT
2025-11-11,9:37:42.021519530,T,91.27,200,91.52,100,TGT
2025-11-11,9:37:42.025062975,T,91.27,200,91.53,100,TGT
2025-11-11,9:37:42.026546567,T,91.27,200,91.54,100,TGT
2025-11-11,9:37:42.065058314,T,91.27,200,91.53,100,TGT
2025-11-11,9:37:42.074470761,T,91.27,200,91.54,100,TGT
2025-11-11,9:37:42.319384163,T,91.27,200,91.56,100,TGT
2025-11-11,9:37:45.648204621,T,91.27,200,91.54,100,TGT
2025-11-11,9:37:45.648204621,T,91.27,200,91.53,100,TGT
2025-11-11,9:37:45.648254667,T,91.27,200,91.54,100,TGT
2025-11-11,9:37:45.683192957,T,91.27,200,91.53,100,TGT
2025-11-11,9:37:47.919270279,T,91.27,300,91.53,100,TGT
2025-11-11,9:37:57.270258471,T,91.27,300,91.54,100,TGT
2025-11-11,9:37:57.270268458,T,91.27,300,91.56,100,TGT
2025-11-11,9:37:57.291504087,T,91.3,100,91.56,100,TGT
2025-11-11,9:37:57.918858663,T,91.3,200,91.56,100,TGT
2025-11-11,9:37:59.744898789,T,91.3,200,91.5,200,TGT
2025-11-11,9:38:02.144219850,T,91.3,200,91.59,200,TGT
2025-11-11,9:38:02.144239896,T,91.3,300,91.59,200,TGT
2025-11-11,9:38:02.144239896,T,91.47,100,91.59,200,TGT
2025-11-11,9:38:02.144966561,T,91.47,100,91.73,200,TGT
2025-11-11,9:38:02.144971630,T,91.47,100,91.65,200,TGT
2025-11-11,9:38:02.145497800,T,91.44,100,91.65,200,TGT
2025-11-11,9:38:02.150434664,T,91.44,100,91.61,100,TGT
2025-11-11,9:38:02.159731762,T,91.4,100,91.61,100,TGT
2025-11-11,9:38:02.160518605,T,91.4,100,91.65,200,TGT
2025-11-11,9:38:02.244238120,T,91.38,100,91.65,200,TGT
2025-11-11,9:38:02.244243133,T,91.37,100,91.65,200,TGT
2025-11-11,9:38:05.019484876,T,91.37,100,91.65,300,TGT
2025-11-11,9:38:05.019499921,T,91.37,100,91.65,200,TGT
2025-11-11,9:38:05.019505007,T,91.37,100,91.65,300,TGT
2025-11-11,9:38:05.019514983,T,91.37,100,91.59,100,TGT
2025-11-11,9:38:05.019600143,T,91.37,100,91.58,100,TGT
2025-11-11,9:38:05.019920964,T,91.37,100,91.65,300,TGT
2025-11-11,9:38:05.026521627,T,91.37,100,91.65,200,TGT
2025-11-11,9:38:06.160814073,T,91.3,300,91.65,200,TGT
2025-11-11,9:38:06.177634179,T,91.38,100,91.65,200,TGT
2025-11-11,9:38:08.074317902,T,91.38,200,91.65,200,TGT
2025-11-11,9:38:18.018143316,T,91.38,300,91.65,200,TGT
2025-11-11,9:38:24.221522315,T,91.39,300,91.65,200,TGT
2025-11-11,9:38:24.221672703,T,91.38,300,91.65,200,TGT
2025-11-11,9:38:24.230518738,T,91.4,100,91.65,200,TGT
2025-11-11,9:38:28.065690869,T,91.4,200,91.65,200,TGT
2025-11-11,9:38:28.593483267,T,91.4,200,91.53,100,TGT
2025-11-11,9:38:28.594124840,T,91.4,100,91.53,100,TGT
2025-11-11,9:38:32.119719342,T,91.41,300,91.53,100,TGT
2025-11-11,9:38:32.120335918,T,91.4,100,91.53,100,TGT
2025-11-11,9:38:32.376060081,T,91.4,200,91.53,100,TGT
2025-11-11,9:38:32.382314993,T,91.41,300,91.53,100,TGT
2025-11-11,9:38:32.382355187,T,91.4,200,91.53,100,TGT
2025-11-11,9:38:33.236129240,T,91.41,300,91.53,100,TGT
2025-11-11,9:38:33.236510087,T,91.4,200,91.53,100,TGT
2025-11-11,9:38:33.246138225,T,91.4,200,91.65,200,TGT
2025-11-11,9:38:33.323602575,T,91.4,200,91.56,100,TGT
2025-11-11,9:38:33.937359756,T,91.4,200,91.53,100,TGT
2025-11-11,9:38:33.937911088,T,91.4,100,91.53,100,TGT
2025-11-11,9:38:34.011060357,T,91.4,200,91.53,100,TGT
2025-11-11,9:38:35.407998515,T,91.41,300,91.53,100,TGT
2025-11-11,9:38:35.408740294,T,91.4,200,91.53,100,TGT
2025-11-11,9:38:35.408770379,T,91.41,300,91.53,100,TGT
2025-11-11,9:38:35.409236400,T,91.4,200,91.53,100,TGT
2025-11-11,9:38:36.343938539,T,91.4,200,91.55,100,TGT
2025-11-11,9:38:36.344660308,T,91.4,300,91.55,100,TGT
2025-11-11,9:38:37.039470534,T,91.4,200,91.55,100,TGT
2025-11-11,9:38:37.040272458,T,91.4,200,91.55,300,TGT
2025-11-11,9:38:37.041064262,T,91.4,200,91.55,100,TGT
2025-11-11,9:38:37.243135828,T,91.4,200,91.53,100,TGT
2025-11-11,9:38:39.727058367,T,91.4,200,91.65,200,TGT
2025-11-11,9:38:40.824628068,T,91.4,200,91.51,200,TGT
2025-11-11,9:38:43.931580210,T,91.4,100,91.51,200,TGT
2025-11-11,9:38:43.952550419,T,91.4,100,91.45,200,TGT
2025-11-11,9:38:43.952570206,T,91.4,100,91.45,100,TGT
2025-11-11,9:38:43.952580357,T,91.4,100,91.59,200,TGT
2025-11-11,9:38:48.043741903,T,91.27,200,91.59,200,TGT
2025-11-11,9:38:48.067383256,T,91.41,100,91.59,200,TGT
2025-11-11,9:38:48.571564338,T,91.41,200,91.59,200,TGT
2025-11-11,9:38:48.891481486,T,91.41,100,91.59,200,TGT
2025-11-11,9:38:51.235180522,T,91.42,300,91.59,200,TGT
2025-11-11,9:38:51.235355885,T,91.41,100,91.59,200,TGT
2025-11-11,9:38:51.236839470,T,91.41,200,91.59,200,TGT
2025-11-11,9:38:52.811460644,T,91.41,100,91.59,200,TGT
2025-11-11,9:38:53.804667129,T,91.27,200,91.59,200,TGT
2025-11-11,9:38:53.804687011,T,91.27,200,91.47,100,TGT
2025-11-11,9:38:53.904805542,T,91.27,200,91.54,100,TGT
2025-11-11,9:38:53.904805542,T,91.27,200,91.59,300,TGT
2025-11-11,9:38:53.904830547,T,91.27,200,91.59,200,TGT
2025-11-11,9:38:53.904860630,T,91.27,200,91.59,300,TGT
2025-11-11,9:38:53.944840855,T,91.27,200,91.55,100,TGT
2025-11-11,9:38:54.006547909,T,91.27,200,91.59,300,TGT
2025-11-11,9:38:54.006572903,T,91.27,200,91.59,200,TGT
2025-11-11,9:38:54.006603167,T,91.27,200,91.59,300,TGT
2025-11-11,9:38:59.176795454,T,91.27,200,91.47,100,TGT
2025-11-11,9:38:59.229135086,T,91.31,100,91.47,100,TGT
2025-11-11,9:39:03.242566715,T,91.31,100,91.42,100,TGT
2025-11-11,9:39:03.242586802,T,91.31,100,91.46,100,TGT
2025-11-11,9:39:03.243433851,T,91.31,200,91.46,100,TGT
2025-11-11,9:39:03.247944536,T,91.31,200,91.47,200,TGT
2025-11-11,9:39:03.249618546,T,91.31,200,91.47,100,TGT
2025-11-11,9:39:04.245295756,T,91.31,300,91.47,100,TGT
2025-11-11,9:39:04.245300631,T,91.33,100,91.47,100,TGT
2025-11-11,9:39:04.252327426,T,91.31,300,91.47,100,TGT
2025-11-11,9:39:04.345880225,T,91.31,200,91.47,100,TGT
2025-11-11,9:39:04.771965524,T,91.31,200,91.45,300,TGT
2025-11-11,9:39:04.772401470,T,91.31,200,91.47,100,TGT
2025-11-11,9:39:04.772827432,T,91.31,200,91.45,300,TGT
2025-11-11,9:39:04.773243439,T,91.31,200,91.47,100,TGT
2025-11-11,9:39:04.773564173,T,91.31,200,91.45,300,TGT
2025-11-11,9:39:04.776165374,T,91.31,200,91.47,100,TGT
2025-11-11,9:39:04.776170427,T,91.31,200,91.45,300,TGT
2025-11-11,9:39:04.782059423,T,91.31,200,91.47,100,TGT
2025-11-11,9:39:05.963819966,T,91.34,100,91.47,100,TGT
2025-11-11,9:39:12.161410260,T,91.34,200,91.47,100,TGT
2025-11-11,9:39:12.230304424,T,91.35,100,91.47,100,TGT
2025-11-11,9:39:12.231602548,T,91.35,200,91.47,100,TGT
2025-11-11,9:39:12.240343345,T,91.35,100,91.47,100,TGT
2025-11-11,9:39:14.932882607,T,91.35,200,91.47,100,TGT
2025-11-11,9:39:14.933363736,T,91.35,100,91.47,100,TGT
2025-11-11,9:39:14.942675995,T,91.34,200,91.47,100,TGT
2025-11-11,9:39:18.648384257,T,91.34,100,91.47,100,TGT
2025-11-11,9:39:20.619284804,T,91.34,100,91.45,100,TGT
2025-11-11,9:39:20.947982827,T,91.34,100,91.44,300,TGT
2025-11-11,9:39:20.948018271,T,91.34,100,91.45,100,TGT
2025-11-11,9:39:21.271864509,T,91.31,100,91.45,100,TGT
2025-11-11,9:39:21.504223132,T,91.31,100,91.44,300,TGT
2025-11-11,9:39:21.504348408,T,91.31,100,91.45,100,TGT
2025-11-11,9:39:21.518512088,T,91.31,100,91.45,200,TGT
2025-11-11,9:39:21.518522216,T,91.31,100,91.44,100,TGT
2025-11-11,9:39:21.518522216,T,91.31,100,91.44,400,TGT
2025-11-11,9:39:21.518562414,T,91.31,100,91.44,100,TGT
2025-11-11,9:39:21.519083543,T,91.31,100,91.43,100,TGT
2025-11-11,9:39:21.525548928,T,91.31,100,91.44,100,TGT
2025-11-11,9:39:21.530340295,T,91.31,100,91.45,200,TGT
2025-11-11,9:39:21.530370419,T,91.31,100,91.45,100,TGT
2025-11-11,9:39:23.770091317,T,91.31,200,91.45,100,TGT
2025-11-11,9:39:24.231415256,T,91.31,100,91.45,100,TGT
2025-11-11,9:39:24.231435326,T,91.26,100,91.45,100,TGT
2025-11-11,9:39:24.231460453,T,91.26,100,91.44,300,TGT
2025-11-11,9:39:24.233364974,T,91.25,200,91.44,300,TGT
2025-11-11,9:39:24.237284284,T,91.18,100,91.44,300,TGT
2025-11-11,9:39:24.237294343,T,91.19,200,91.44,300,TGT
2025-11-11,9:39:24.238577417,T,91.19,200,91.45,100,TGT
2025-11-11,9:39:29.593580302,T,91.3,100,91.45,100,TGT
2025-11-11,9:39:29.822816395,T,91.31,100,91.45,100,TGT
2025-11-11,9:39:29.823503057,T,91.31,200,91.45,100,TGT
2025-11-11,9:39:33.147837966,T,91.32,300,91.45,100,TGT
2025-11-11,9:39:33.199135238,T,91.31,200,91.45,100,TGT
2025-11-11,9:39:35.524289675,T,91.31,200,91.59,300,TGT
2025-11-11,9:39:35.524374842,T,91.31,200,91.59,200,TGT
2025-11-11,9:39:35.524419999,T,91.31,200,91.59,300,TGT
2025-11-11,9:39:35.640105626,T,91.31,200,91.49,100,TGT
2025-11-11,9:39:35.640546711,T,91.32,300,91.49,100,TGT
2025-11-11,9:39:35.641178124,T,91.32,400,91.49,100,TGT
2025-11-11,9:39:35.676898326,T,91.32,100,91.49,100,TGT
2025-11-11,9:39:36.758124265,T,91.32,100,91.59,300,TGT
2025-11-11,9:39:38.172804663,T,91.33,100,91.59,300,TGT
2025-11-11,9:39:38.172834790,T,91.33,100,91.59,200,TGT
2025-11-11,9:39:38.267289787,T,91.33,100,91.46,200,TGT
2025-11-11,9:39:39.278113172,T,91.31,100,91.46,200,TGT
2025-11-11,9:39:39.561879249,T,91.31,100,91.54,100,TGT
2025-11-11,9:39:39.594602239,T,91.31,200,91.54,100,TGT
2025-11-11,9:39:40.918150183,T,91.31,200,91.45,100,TGT
2025-11-11,9:39:41.754302247,T,91.33,100,91.45,100,TGT
2025-11-11,9:39:42.363082672,T,91.33,400,91.45,100,TGT
2025-11-11,9:39:42.363919592,T,91.33,100,91.45,100,TGT
2025-11-11,9:39:42.364616304,T,91.31,200,91.45,100,TGT
2025-11-11,9:39:46.528792130,T,91.31,100,91.45,100,TGT
2025-11-11,9:39:51.494988755,T,91.31,100,91.44,300,TGT
2025-11-11,9:39:51.495620230,T,91.31,100,91.45,100,TGT
2025-11-11,9:39:51.725247305,T,91.31,100,91.45,400,TGT
2025-11-11,9:39:51.725257306,T,91.31,100,91.45,100,TGT
2025-11-11,9:39:53.706798154,T,91.31,100,91.44,300,TGT
2025-11-11,9:39:53.722896503,T,91.31,100,91.45,100,TGT
2025-11-11,9:39:54.435950329,T,91.31,100,91.44,300,TGT
2025-11-11,9:39:54.628393788,T,91.31,100,91.44,400,TGT
2025-11-11,9:39:55.073038026,T,91.31,100,91.44,100,TGT
2025-11-11,9:39:56.835612209,T,91.31,200,91.44,100,TGT
2025-11-11,9:39:56.888438163,T,91.33,100,91.44,100,TGT
2025-11-11,9:39:57.627002738,T,91.33,100,91.59,200,TGT
2025-11-11,9:39:57.909169930,T,91.31,200,91.59,200,TGT
2025-11-11,9:39:58.797626540,T,91.33,100,91.59,200,TGT
2025-11-11,9:39:58.797641553,T,91.33,100,91.45,300,TGT
2025-11-11,9:39:58.797691706,T,91.33,100,91.59,200,TGT
2025-11-11,9:39:58.800478299,T,91.32,100,91.59,200,TGT
2025-11-11,9:39:58.801771364,T,91.31,200,91.59,200,TGT
2025-11-11,9:39:59.917865340,T,91.35,100,91.59,200,TGT
2025-11-11,9:39:59.940795001,T,91.36,300,91.59,200,TGT
2025-11-11,9:40:00.012971962,T,91.35,100,91.59,200,TGT
2025-11-11,9:40:00.921812242,T,91.36,100,91.59,200,TGT
2025-11-11,9:40:04.431498888,T,91.37,100,91.59,200,TGT
2025-11-11,9:40:04.449361385,T,91.37,200,91.59,200,TGT
2025-11-11,9:40:04.449882621,T,91.37,100,91.59,200,TGT
2025-11-11,9:40:06.535531532,T,91.37,200,91.59,200,TGT
2025-11-11,9:40:06.535546675,T,91.39,300,91.59,200,TGT
2025-11-11,9:40:06.535992770,T,91.4,300,91.59,200,TGT
2025-11-11,9:40:06.536253319,T,91.39,300,91.59,200,TGT
2025-11-11,9:40:06.544031789,T,91.4,300,91.59,200,TGT
2025-11-11,9:40:06.544392635,T,91.39,300,91.59,200,TGT
2025-11-11,9:40:06.545319879,T,91.38,100,91.59,200,TGT
2025-11-11,9:40:06.836172839,T,91.38,200,91.59,200,TGT
2025-11-11,9:40:09.395795743,T,91.38,100,91.59,200,TGT
2025-11-11,9:40:17.548363649,T,91.38,200,91.59,200,TGT
2025-11-11,9:40:17.549105495,T,91.39,100,91.59,200,TGT
2025-11-11,9:40:17.559389933,T,91.38,200,91.59,200,TGT
2025-11-11,9:40:17.569674475,T,91.38,100,91.59,200,TGT
2025-11-11,9:40:17.578921667,T,91.38,200,91.59,200,TGT
2025-11-11,9:40:17.578926555,T,91.4,100,91.59,200,TGT
2025-11-11,9:40:17.578971606,T,91.38,100,91.59,200,TGT
2025-11-11,9:40:17.578971606,T,91.41,100,91.59,200,TGT
2025-11-11,9:40:17.679260591,T,91.38,100,91.59,200,TGT
2025-11-11,9:40:17.817920897,T,91.45,100,91.59,200,TGT
2025-11-11,9:40:17.818161468,T,91.45,100,91.54,100,TGT
2025-11-11,9:40:17.821038349,T,91.38,100,91.54,100,TGT
2025-11-11,9:40:18.209157984,T,91.38,100,91.49,100,TGT
2025-11-11,9:40:19.145954677,T,91.4,100,91.49,100,TGT
2025-11-11,9:40:23.467345115,T,91.4,100,91.59,200,TGT
2025-11-11,9:40:23.467364952,T,91.47,100,91.59,200,TGT
2025-11-11,9:40:23.467610612,T,91.47,200,91.59,200,TGT
2025-11-11,9:40:23.467630629,T,91.47,100,91.59,200,TGT
2025-11-11,9:40:23.467921359,T,91.46,100,91.59,200,TGT
2025-11-11,9:40:23.468442582,T,91.45,100,91.59,200,TGT
2025-11-11,9:40:23.468467586,T,91.41,100,91.59,200,TGT
2025-11-11,9:40:23.468638031,T,91.4,200,91.59,200,TGT
2025-11-11,9:40:23.468703132,T,91.4,100,91.59,200,TGT
2025-11-11,9:40:23.469013959,T,91.45,100,91.59,200,TGT
2025-11-11,9:40:23.469033967,T,91.41,100,91.59,200,TGT
2025-11-11,9:40:23.469038968,T,91.46,100,91.59,200,TGT
2025-11-11,9:40:23.469194323,T,91.4,100,91.59,200,TGT
2025-11-11,9:40:23.469820901,T,91.4,200,91.59,200,TGT
2025-11-11,9:40:23.482240429,T,91.42,100,91.59,200,TGT
2025-11-11,9:40:23.482315628,T,91.4,200,91.59,200,TGT
2025-11-11,9:40:24.226994748,T,91.41,500,91.59,200,TGT
2025-11-11,9:40:25.345574701,T,91.49,100,91.59,200,TGT
2025-11-11,9:40:25.346015791,T,91.49,100,91.7,100,TGT
2025-11-11,9:40:25.346020797,T,91.49,100,91.64,200,TGT
2025-11-11,9:40:25.346130986,T,91.41,500,91.64,200,TGT
2025-11-11,9:40:26.574286938,T,91.41,500,91.64,300,TGT
2025-11-11,9:40:26.815787381,T,91.44,100,91.64,300,TGT
2025-11-11,9:40:29.385208657,T,91.44,200,91.64,300,TGT
2025-11-11,9:40:31.544738504,T,91.44,200,91.64,200,TGT
2025-11-11,9:40:31.545259722,T,91.44,100,91.64,200,TGT
2025-11-11,9:40:34.948051773,T,91.49,100,91.64,200,TGT
2025-11-11,9:40:35.959877310,T,91.51,100,91.64,200,TGT
2025-11-11,9:40:35.959902461,T,91.49,100,91.64,200,TGT
2025-11-11,9:40:36.818723271,T,91.52,100,91.64,200,TGT
2025-11-11,9:40:38.529258400,T,91.52,100,91.56,100,TGT
2025-11-11,9:40:38.529814725,T,91.52,100,91.59,300,TGT
2025-11-11,9:40:38.530035272,T,91.52,100,91.64,200,TGT
2025-11-11,9:40:40.190070540,T,91.49,100,91.64,200,TGT
2025-11-11,9:40:40.190090473,T,91.49,100,91.55,100,TGT
2025-11-11,9:40:40.290098551,T,91.49,100,91.64,200,TGT
2025-11-11,9:40:40.471335489,T,91.49,100,91.59,200,TGT
2025-11-11,9:40:41.947577470,T,91.41,500,91.59,200,TGT
2025-11-11,9:40:42.611358857,T,91.48,100,91.59,200,TGT
2025-11-11,9:40:42.611779869,T,91.48,200,91.59,200,TGT
2025-11-11,9:40:42.838099152,T,91.48,100,91.59,200,TGT
2025-11-11,9:40:42.920024278,T,91.41,500,91.59,200,TGT
2025-11-11,9:40:43.748949108,T,91.48,300,91.59,200,TGT
2025-11-11,9:40:43.751886044,T,91.48,400,91.59,200,TGT
2025-11-11,9:40:43.751911090,T,91.48,300,91.59,200,TGT
2025-11-11,9:40:44.615764061,T,91.41,500,91.59,200,TGT
2025-11-11,9:40:45.506616487,T,91.52,300,91.59,200,TGT
2025-11-11,9:40:45.507212964,T,91.52,300,91.64,200,TGT
2025-11-11,9:40:45.507237928,T,91.51,100,91.64,200,TGT
2025-11-11,9:40:45.508230291,T,91.51,200,91.64,200,TGT
2025-11-11,9:40:45.600825915,T,91.51,100,91.64,200,TGT
2025-11-11,9:40:45.705144462,T,91.51,200,91.64,200,TGT
2025-11-11,9:40:46.479619583,T,91.52,100,91.64,200,TGT
2025-11-11,9:40:46.479619583,T,91.52,400,91.64,200,TGT
2025-11-11,9:40:46.479739885,T,91.52,300,91.64,200,TGT
2025-11-11,9:40:46.479739885,T,91.53,100,91.64,200,TGT
2025-11-11,9:40:46.482912452,T,91.53,100,91.73,100,TGT
2025-11-11,9:40:46.482922483,T,91.53,100,91.7,200,TGT
2025-11-11,9:40:46.492495278,T,91.53,200,91.7,200,TGT
2025-11-11,9:40:47.403726306,T,91.53,100,91.7,200,TGT
2025-11-11,9:40:47.403756290,T,91.53,100,91.63,100,TGT
2025-11-11,9:40:47.403756290,T,91.53,200,91.63,100,TGT
2025-11-11,9:40:47.404783738,T,91.53,200,91.7,200,TGT
2025-11-11,9:40:47.405189787,T,91.53,300,91.7,200,TGT
2025-11-11,9:40:47.406317448,T,91.53,200,91.7,200,TGT
2025-11-11,9:40:56.296602709,T,91.53,100,91.7,200,TGT
2025-11-11,9:40:56.296622807,T,91.53,100,91.7,300,TGT
2025-11-11,9:40:56.296627805,T,91.53,100,91.65,100,TGT
2025-11-11,9:40:56.296637816,T,91.53,100,91.63,100,TGT
2025-11-11,9:40:56.296657986,T,91.53,100,91.64,100,TGT
2025-11-11,9:40:56.297274339,T,91.4,100,91.64,100,TGT
2025-11-11,9:40:56.298036193,T,91.53,100,91.64,100,TGT
2025-11-11,9:40:56.298056229,T,91.53,100,91.65,100,TGT
2025-11-11,9:40:56.298056229,T,91.4,100,91.65,100,TGT
2025-11-11,9:40:56.298166482,T,91.54,100,91.65,100,TGT
2025-11-11,9:40:56.306641729,T,91.54,100,91.7,300,TGT
2025-11-11,9:40:56.306661718,T,91.54,100,91.7,200,TGT
2025-11-11,9:40:56.357262285,T,91.54,200,91.7,200,TGT
2025-11-11,9:40:57.303020447,T,91.54,100,91.7,200,TGT
2025-11-11,9:40:57.303045563,T,91.4,100,91.7,200,TGT
2025-11-11,9:40:57.304338625,T,91.55,100,91.7,200,TGT
2025-11-11,9:40:57.304599280,T,91.55,200,91.7,200,TGT
2025-11-11,9:40:59.401595220,T,91.55,200,91.7,300,TGT
2025-11-11,9:40:59.401605108,T,91.55,200,91.65,100,TGT
2025-11-11,9:40:59.401615164,T,91.55,200,91.63,100,TGT
2025-11-11,9:40:59.401640260,T,91.55,200,91.64,100,TGT
2025-11-11,9:40:59.402301864,T,91.55,200,91.6,300,TGT
2025-11-11,9:40:59.409163138,T,91.55,100,91.6,300,TGT
2025-11-11,9:41:02.245340021,T,91.4,100,91.6,300,TGT
2025-11-11,9:41:02.245360092,T,91.4,100,91.58,100,TGT
2025-11-11,9:41:02.245445510,T,91.4,200,91.58,100,TGT
2025-11-11,9:41:02.245620775,T,91.4,100,91.58,100,TGT
2025-11-11,9:41:02.245655847,T,91.4,100,91.58,400,TGT
2025-11-11,9:41:02.245916458,T,91.4,100,91.58,300,TGT
2025-11-11,9:41:02.246197136,T,91.4,100,91.57,300,TGT
2025-11-11,9:41:02.247119229,T,91.4,100,91.58,300,TGT
2025-11-11,9:41:02.256987795,T,91.4,100,91.6,300,TGT
2025-11-11,9:41:08.577671337,T,91.5,100,91.6,300,TGT
2025-11-11,9:41:12.649847969,T,91.5,100,91.66,200,TGT
2025-11-11,9:41:14.513097120,T,91.5,100,91.6,200,TGT
2025-11-11,9:41:14.802671994,T,91.53,100,91.6,200,TGT
2025-11-11,9:41:14.802712032,T,91.56,100,91.6,200,TGT
2025-11-11,9:41:14.803047789,T,91.53,100,91.6,200,TGT
2025-11-11,9:41:14.803163084,T,91.53,100,91.66,200,TGT
2025-11-11,9:41:14.803749492,T,91.54,100,91.66,200,TGT
2025-11-11,9:41:14.838568019,T,91.54,200,91.66,200,TGT
2025-11-11,9:41:14.838823353,T,91.58,100,91.66,200,TGT
2025-11-11,9:41:14.839379361,T,91.55,100,91.66,200,TGT
2025-11-11,9:41:14.903933124,T,91.55,100,91.69,500,TGT
2025-11-11,9:41:14.905100917,T,91.55,200,91.69,500,TGT
2025-11-11,9:41:14.938029381,T,91.55,100,91.69,500,TGT
2025-11-11,9:41:15.625697680,T,91.53,100,91.69,500,TGT
2025-11-11,9:41:15.625943221,T,91.5,100,91.69,500,TGT
2025-11-11,9:41:19.416373548,T,91.56,100,91.69,500,TGT
2025-11-11,9:41:19.423375144,T,91.51,100,91.69,500,TGT
2025-11-11,9:41:19.424227189,T,91.5,100,91.69,500,TGT
2025-11-11,9:41:19.482711525,T,91.51,100,91.69,500,TGT
2025-11-11,9:41:19.482711525,T,91.54,100,91.69,500,TGT
2025-11-11,9:41:19.482741645,T,91.56,100,91.69,500,TGT
2025-11-11,9:41:19.482786758,T,91.54,100,91.69,500,TGT
2025-11-11,9:41:21.832138785,T,91.51,100,91.69,500,TGT
2025-11-11,9:41:21.832209025,T,91.52,100,91.69,500,TGT
2025-11-11,9:41:22.790747882,T,91.54,100,91.69,500,TGT
2025-11-11,9:41:22.790838087,T,91.55,100,91.69,500,TGT
2025-11-11,9:41:22.790883200,T,91.56,100,91.69,500,TGT
2025-11-11,9:41:26.185851323,T,91.54,100,91.69,500,TGT
2025-11-11,9:41:27.018189201,T,91.54,100,91.65,100,TGT
2025-11-11,9:41:27.018730517,T,91.51,100,91.65,100,TGT
2025-11-11,9:41:27.019462190,T,91.54,100,91.65,100,TGT
2025-11-11,9:41:30.082930626,T,91.51,100,91.65,100,TGT
2025-11-11,9:41:32.878305573,T,91.5,200,91.65,100,TGT
2025-11-11,9:41:32.878375680,T,91.5,200,91.64,100,TGT
2025-11-11,9:41:32.878375680,T,91.5,100,91.64,100,TGT
2025-11-11,9:41:32.878380702,T,91.5,100,91.62,100,TGT
2025-11-11,9:41:32.878400762,T,91.5,100,91.62,200,TGT
2025-11-11,9:41:32.878501020,T,91.5,100,91.61,100,TGT
2025-11-11,9:41:32.878501020,T,91.5,100,91.62,200,TGT
2025-11-11,9:41:32.878896994,T,91.5,100,91.61,100,TGT
2025-11-11,9:41:32.879854263,T,91.5,200,91.61,100,TGT
2025-11-11,9:41:32.880861627,T,91.5,200,91.61,300,TGT
2025-11-11,9:41:32.893261134,T,91.5,200,91.61,200,TGT
2025-11-11,9:41:33.521963937,T,91.5,100,91.61,200,TGT
2025-11-11,9:41:34.888669961,T,91.53,100,91.61,200,TGT
2025-11-11,9:41:39.795991256,T,91.53,200,91.61,200,TGT
2025-11-11,9:41:40.016150755,T,91.54,100,91.61,200,TGT
2025-11-11,9:41:40.279648487,T,91.53,200,91.61,200,TGT
2025-11-11,9:41:40.279733656,T,91.53,100,91.61,200,TGT
2025-11-11,9:41:41.347582820,T,91.53,200,91.61,200,TGT
2025-11-11,9:41:42.283928528,T,91.54,100,91.61,200,TGT
2025-11-11,9:41:43.420847117,T,91.55,100,91.61,200,TGT
2025-11-11,9:41:44.891014770,T,91.55,200,91.61,200,TGT
2025-11-11,9:41:44.891806665,T,91.55,200,91.65,100,TGT
2025-11-11,9:41:44.905794905,T,91.55,300,91.65,100,TGT
2025-11-11,9:41:44.961001428,T,91.56,100,91.65,100,TGT
2025-11-11,9:41:45.026121633,T,91.56,200,91.65,100,TGT
2025-11-11,9:41:45.026131655,T,91.56,200,91.66,100,TGT
2025-11-11,9:41:45.026211884,T,91.56,100,91.66,100,TGT
2025-11-11,9:41:45.187275542,T,91.56,200,91.66,100,TGT
2025-11-11,9:41:45.188318009,T,91.56,100,91.66,100,TGT
2025-11-11,9:41:45.188934509,T,91.56,200,91.66,100,TGT
2025-11-11,9:41:46.450760552,T,91.56,100,91.66,100,TGT
2025-11-11,9:41:47.616908943,T,91.56,100,91.65,100,TGT
2025-11-11,9:41:47.617014184,T,91.55,300,91.65,100,TGT
2025-11-11,9:41:48.455351542,T,91.56,100,91.65,100,TGT
2025-11-11,9:41:49.908217765,T,91.56,200,91.65,100,TGT
2025-11-11,9:41:52.841265717,T,91.57,300,91.65,100,TGT
2025-11-11,9:41:52.841922267,T,91.57,400,91.65,100,TGT
2025-11-11,9:41:54.553690192,T,91.57,400,91.69,500,TGT
2025-11-11,9:41:54.847389983,T,91.57,100,91.69,500,TGT
2025-11-11,9:41:55.478764044,T,91.57,100,91.69,600,TGT
2025-11-11,9:41:55.478769061,T,91.57,100,91.68,100,TGT
2025-11-11,9:41:55.478799133,T,91.57,100,91.69,600,TGT
2025-11-11,9:41:55.478864276,T,91.57,100,91.68,100,TGT
