DATE,TIME_M,EX,BID,BIDSIZ,ASK,ASKSIZ,SYM_ROOT
2025-11-06,9:30:01.131626276,T,91.5,100,91.94,100,TGT
2025-11-06,9:30:01.134758743,T,91.5,300,91.94,100,TGT
2025-11-06,9:30:01.166514355,T,91.5,300,92.0,100,TGT
2025-11-06,9:30:01.169306064,T,91.5,300,91.87,100,TGT
2025-11-06,9:30:01.169576656,T,91.75,200,91.87,100,TGT
2025-11-06,9:30:01.749984438,T,91.75,200,92.0,100,TGT
2025-11-06,9:30:01.750019712,T,91.78,100,92.0,100,TGT
2025-11-06,9:30:01.750034711,T,91.75,200,92.0,100,TGT
2025-11-06,9:30:01.750039735,T,91.79,100,92.0,100,TGT
2025-11-06,9:30:01.750039735,T,91.75,200,92.0,100,TGT
2025-11-06,9:30:01.750054617,T,91.78,100,92.0,100,TGT
2025-11-06,9:30:01.750064637,T,91.75,200,92.0,100,TGT
2025-11-06,9:30:01.751202387,T,91.8,200,92.0,100,TGT
2025-11-06,9:30:01.762544361,T,91.75,200,92.0,100,TGT
2025-11-06,9:30:01.876811710,T,91.75,200,92.6,100,TGT
2025-11-06,9:30:01.876831714,T,91.87,100,92.6,100,TGT
2025-11-06,9:30:01.876856740,T,91.9,100,92.6,100,TGT
2025-11-06,9:30:01.876876817,T,91.9,100,92.1,200,TGT
2025-11-06,9:30:01.876881778,T,91.9,100,92.1,300,TGT
2025-11-06,9:30:01.876881778,T,91.92,100,92.1,300,TGT
2025-11-06,9:30:01.876906880,T,91.95,100,92.1,300,TGT
2025-11-06,9:30:01.876931973,T,91.92,100,92.1,300,TGT
2025-11-06,9:30:01.877117411,T,91.92,100,92.1,200,TGT
2025-11-06,9:30:01.877117411,T,91.92,100,92.6,100,TGT
2025-11-06,9:30:01.877147467,T,91.9,100,92.6,100,TGT
2025-11-06,9:30:01.877147467,T,91.9,100,92.0,200,TGT
2025-11-06,9:30:01.877172546,T,91.9,100,92.1,100,TGT
2025-11-06,9:30:01.877177482,T,91.9,100,92.0,100,TGT
2025-11-06,9:30:01.877182568,T,91.9,100,92.6,100,TGT
2025-11-06,9:30:01.877197547,T,91.9,100,92.0,200,TGT
2025-11-06,9:30:01.877207649,T,91.9,100,92.6,100,TGT
2025-11-06,9:30:01.877232609,T,91.9,100,92.0,200,TGT
2025-11-06,9:30:01.877257754,T,91.9,100,92.6,100,TGT
2025-11-06,9:30:01.877317854,T,91.9,100,92.0,100,TGT
2025-11-06,9:30:01.877342924,T,91.9,100,92.0,200,TGT
2025-11-06,9:30:01.877362975,T,91.9,100,92.0,300,TGT
2025-11-06,9:30:01.881618113,T,91.9,300,92.0,300,TGT
2025-11-06,9:30:01.885577537,T,91.9,200,92.0,300,TGT
2025-11-06,9:30:02.013818018,T,91.75,2200,92.0,300,TGT
2025-11-06,9:30:08.227902144,T,91.75,2300,92.0,300,TGT
2025-11-06,9:30:11.042597875,T,91.75,2300,92.0,400,TGT
2025-11-06,9:30:13.292141868,T,91.75,2100,92.0,400,TGT
2025-11-06,9:30:13.292562807,T,91.75,2200,92.0,400,TGT
2025-11-06,9:30:18.312166826,T,91.75,2200,92.0,300,TGT
2025-11-06,9:30:18.312171657,T,91.75,2200,92.0,200,TGT
2025-11-06,9:30:18.312191665,T,91.75,2200,92.0,100,TGT
2025-11-06,9:30:18.312191665,T,91.75,2200,92.1,100,TGT
2025-11-06,9:30:18.312211370,T,91.95,100,92.1,100,TGT
2025-11-06,9:30:18.312657426,T,91.95,200,92.1,100,TGT
2025-11-06,9:30:18.312662595,T,91.95,300,92.1,100,TGT
2025-11-06,9:30:18.312672688,T,91.95,400,92.1,100,TGT
2025-11-06,9:30:18.312757659,T,91.95,300,92.1,100,TGT
2025-11-06,9:30:18.312852870,T,91.95,300,92.1,200,TGT
2025-11-06,9:30:18.313068446,T,91.95,400,92.1,200,TGT
2025-11-06,9:30:18.313093506,T,91.95,400,92.1,100,TGT
2025-11-06,9:30:18.313524544,T,91.95,300,92.1,100,TGT
2025-11-06,9:30:18.403353503,T,91.96,100,92.1,100,TGT
2025-11-06,9:30:18.403413695,T,91.96,100,92.5,100,TGT
2025-11-06,9:30:18.404225641,T,91.96,200,92.5,100,TGT
2025-11-06,9:30:18.404511321,T,91.96,300,92.5,100,TGT
2025-11-06,9:30:18.405383394,T,91.96,300,92.1,100,TGT
2025-11-06,9:30:18.418389399,T,91.96,200,92.1,100,TGT
2025-11-06,9:30:19.264755637,T,91.96,100,92.1,100,TGT
2025-11-06,9:30:19.264780665,T,91.96,100,92.5,100,TGT
2025-11-06,9:30:20.190450966,T,91.96,400,92.5,100,TGT
2025-11-06,9:30:24.237181615,T,91.97,100,92.5,100,TGT
2025-11-06,9:30:24.237181615,T,91.98,100,92.5,100,TGT
2025-11-06,9:30:24.237216802,T,91.97,100,92.5,100,TGT
2025-11-06,9:30:24.238229098,T,91.96,300,92.5,100,TGT
2025-11-06,9:30:24.263714779,T,91.97,100,92.5,100,TGT
2025-11-06,9:30:24.797787165,T,91.97,200,92.5,100,TGT
2025-11-06,9:30:24.797807135,T,92.0,100,92.5,100,TGT
2025-11-06,9:30:24.798017693,T,92.0,200,92.5,100,TGT
2025-11-06,9:30:24.798032732,T,92.03,100,92.5,100,TGT
2025-11-06,9:30:24.798062822,T,92.07,100,92.5,100,TGT
2025-11-06,9:30:24.798132932,T,92.07,200,92.5,100,TGT
2025-11-06,9:30:24.798132932,T,92.08,100,92.5,100,TGT
2025-11-06,9:30:24.798158164,T,92.11,100,92.5,100,TGT
2025-11-06,9:30:24.798163073,T,92.15,100,92.5,100,TGT
2025-11-06,9:30:24.798343411,T,92.11,100,92.5,100,TGT
2025-11-06,9:30:24.798428640,T,92.15,100,92.5,100,TGT
2025-11-06,9:30:24.798448696,T,92.08,200,92.5,100,TGT
2025-11-06,9:30:24.799295696,T,92.08,100,92.5,100,TGT
2025-11-06,9:30:24.808352334,T,92.08,200,92.5,100,TGT
2025-11-06,9:30:25.003031131,T,92.08,200,92.6,100,TGT
2025-11-06,9:30:25.004324138,T,92.08,200,92.49,100,TGT
2025-11-06,9:30:26.553249298,T,92.12,100,92.49,100,TGT
2025-11-06,9:30:26.888282519,T,92.07,100,92.49,100,TGT
2025-11-06,9:30:28.251289672,T,92.12,100,92.49,100,TGT
2025-11-06,9:30:29.457172504,T,92.12,600,92.49,100,TGT
2025-11-06,9:30:31.077197015,T,92.12,400,92.49,100,TGT
2025-11-06,9:30:33.237969614,T,92.12,500,92.49,100,TGT
2025-11-06,9:30:33.237974614,T,92.13,100,92.49,100,TGT
2025-11-06,9:30:33.237979652,T,92.16,100,92.49,100,TGT
2025-11-06,9:30:33.237979652,T,92.24,100,92.49,100,TGT
2025-11-06,9:30:33.238004799,T,92.18,100,92.49,100,TGT
2025-11-06,9:30:33.238265350,T,92.21,100,92.49,100,TGT
2025-11-06,9:30:33.238420734,T,92.24,100,92.49,100,TGT
2025-11-06,9:30:33.245703014,T,92.25,100,92.49,100,TGT
2025-11-06,9:30:33.249657437,T,92.18,100,92.49,100,TGT
2025-11-06,9:30:34.065205330,T,92.12,400,92.49,100,TGT
2025-11-06,9:30:34.930907696,T,92.18,100,92.49,100,TGT
2025-11-06,9:30:36.818805368,T,92.25,100,92.49,100,TGT
2025-11-06,9:30:39.870741069,T,92.25,100,92.49,200,TGT
2025-11-06,9:30:42.788532339,T,92.25,100,92.49,100,TGT
2025-11-06,9:30:42.788537362,T,92.25,100,92.6,100,TGT
2025-11-06,9:30:42.788592505,T,92.25,200,92.6,100,TGT
2025-11-06,9:30:42.788647593,T,92.33,100,92.6,100,TGT
2025-11-06,9:30:42.788717765,T,92.25,200,92.6,100,TGT
2025-11-06,9:30:42.788893217,T,92.29,100,92.6,100,TGT
2025-11-06,9:30:42.789173887,T,92.29,100,92.77,100,TGT
2025-11-06,9:30:42.789193899,T,92.39,100,92.77,100,TGT
2025-11-06,9:30:42.789214014,T,92.37,100,92.77,100,TGT
2025-11-06,9:30:42.789234045,T,92.29,200,92.77,100,TGT
2025-11-06,9:30:42.789259188,T,92.29,100,92.77,100,TGT
2025-11-06,9:30:42.789710137,T,92.29,200,92.77,100,TGT
2025-11-06,9:30:42.789845523,T,92.29,200,92.6,100,TGT
2025-11-06,9:30:42.789855450,T,92.29,200,92.77,100,TGT
2025-11-06,9:30:42.790221335,T,92.29,100,92.77,100,TGT
2025-11-06,9:30:43.009102841,T,92.29,200,92.77,100,TGT
2025-11-06,9:30:43.009107945,T,92.3,100,92.77,100,TGT
2025-11-06,9:30:43.009398545,T,92.3,200,92.77,100,TGT
2025-11-06,9:30:43.010516165,T,92.33,100,92.77,100,TGT
2025-11-06,9:30:43.220932483,T,92.33,200,92.77,100,TGT
2025-11-06,9:30:43.221273275,T,92.36,100,92.77,100,TGT
2025-11-06,9:30:43.221569092,T,92.41,100,92.77,100,TGT
2025-11-06,9:30:43.228590750,T,92.36,100,92.77,100,TGT
2025-11-06,9:30:43.231262155,T,92.34,100,92.77,100,TGT
2025-11-06,9:30:43.231567821,T,92.3,100,92.77,100,TGT
2025-11-06,9:30:43.232289599,T,92.3,200,92.77,100,TGT
2025-11-06,9:30:43.232580235,T,92.36,100,92.77,100,TGT
2025-11-06,9:30:44.005321259,T,92.36,200,92.77,100,TGT
2025-11-06,9:30:44.946658737,T,92.41,100,92.77,100,TGT
2025-11-06,9:30:46.033056915,T,92.41,200,92.77,100,TGT
2025-11-06,9:30:46.033076958,T,92.41,100,92.77,100,TGT
2025-11-06,9:30:46.033082009,T,92.45,100,92.77,100,TGT
2025-11-06,9:30:46.033096967,T,92.41,100,92.77,100,TGT
2025-11-06,9:30:46.033352593,T,92.45,100,92.77,100,TGT
2025-11-06,9:30:46.034500342,T,92.46,100,92.77,100,TGT
2025-11-06,9:30:46.250279582,T,92.36,200,92.77,100,TGT
2025-11-06,9:30:46.714565666,T,92.36,100,92.77,100,TGT
2025-11-06,9:30:46.714590692,T,92.3,100,92.77,100,TGT
2025-11-06,9:30:46.723356574,T,92.41,100,92.77,100,TGT
2025-11-06,9:30:46.723376669,T,92.3,100,92.77,100,TGT
2025-11-06,9:30:46.723381660,T,92.41,100,92.77,100,TGT
2025-11-06,9:30:46.723978480,T,92.3,100,92.77,100,TGT
2025-11-06,9:30:46.724018200,T,92.41,100,92.77,100,TGT
2025-11-06,9:30:46.724444163,T,92.3,100,92.77,100,TGT
2025-11-06,9:30:46.724474252,T,92.3,100,92.6,100,TGT
2025-11-06,9:30:46.724494313,T,92.41,100,92.6,100,TGT
2025-11-06,9:30:46.724509576,T,92.41,100,92.59,100,TGT
2025-11-06,9:30:46.724514402,T,92.41,100,92.58,100,TGT
2025-11-06,9:30:46.724584595,T,92.3,100,92.58,100,TGT
2025-11-06,9:30:46.724609605,T,92.3,100,92.58,200,TGT
2025-11-06,9:30:46.724614560,T,92.41,100,92.58,200,TGT
2025-11-06,9:30:46.724639639,T,92.41,100,92.58,100,TGT
2025-11-06,9:30:46.724639639,T,92.3,100,92.58,100,TGT
2025-11-06,9:30:46.726193426,T,92.28,200,92.58,100,TGT
2025-11-06,9:30:46.726213434,T,92.28,200,92.58,200,TGT
2025-11-06,9:30:46.726238847,T,92.3,100,92.58,200,TGT
2025-11-06,9:30:46.726283644,T,92.3,100,92.58,100,TGT
2025-11-06,9:30:46.726388892,T,92.3,100,92.58,200,TGT
2025-11-06,9:30:46.726418901,T,92.3,100,92.57,100,TGT
2025-11-06,9:30:46.736387677,T,92.3,100,92.6,100,TGT
2025-11-06,9:30:46.744572214,T,92.28,200,92.6,100,TGT
2025-11-06,9:30:46.744582172,T,92.28,100,92.6,100,TGT
2025-11-06,9:30:46.744637356,T,92.28,200,92.6,100,TGT
2025-11-06,9:30:46.744712452,T,92.28,200,92.5,100,TGT
2025-11-06,9:30:46.744857785,T,92.28,200,92.46,100,TGT
2025-11-06,9:30:46.745078383,T,92.28,200,92.46,200,TGT
2025-11-06,9:30:46.745253789,T,92.28,100,92.46,200,TGT
2025-11-06,9:30:46.754450726,T,92.28,100,92.46,100,TGT
2025-11-06,9:30:47.046215789,T,92.28,100,92.6,100,TGT
2025-11-06,9:30:47.074207486,T,92.28,100,92.55,100,TGT
2025-11-06,9:30:47.074222459,T,92.28,100,92.51,100,TGT
2025-11-06,9:30:47.074252827,T,92.28,100,92.45,100,TGT
2025-11-06,9:30:47.074257537,T,92.28,100,92.51,100,TGT
2025-11-06,9:30:47.074272635,T,92.28,100,92.55,100,TGT
2025-11-06,9:30:47.074287579,T,92.28,100,92.51,100,TGT
2025-11-06,9:30:47.074974457,T,92.07,100,92.51,100,TGT
2025-11-06,9:30:47.074999330,T,92.07,100,92.35,100,TGT
2025-11-06,9:30:47.075004336,T,92.18,100,92.35,100,TGT
2025-11-06,9:30:47.075004336,T,92.07,100,92.35,100,TGT
2025-11-06,9:30:47.088927495,T,91.86,100,92.35,100,TGT
2025-11-06,9:30:47.088932535,T,92.0,100,92.35,100,TGT
2025-11-06,9:30:47.175032649,T,92.0,100,92.43,100,TGT
2025-11-06,9:30:47.175032649,T,92.0,100,92.55,100,TGT
2025-11-06,9:30:47.275176167,T,92.0,100,92.6,100,TGT
2025-11-06,9:30:50.413592894,T,92.15,100,92.6,100,TGT
2025-11-06,9:30:50.413642917,T,92.15,200,92.6,100,TGT
2025-11-06,9:30:50.413738189,T,92.15,100,92.6,100,TGT
2025-11-06,9:30:50.417537268,T,92.26,100,92.6,100,TGT
2025-11-06,9:30:50.417878123,T,92.26,200,92.6,100,TGT
2025-11-06,9:30:50.417918175,T,92.26,100,92.6,100,TGT
2025-11-06,9:30:50.418018438,T,92.26,200,92.6,100,TGT
2025-11-06,9:30:50.418644916,T,92.29,100,92.6,100,TGT
2025-11-06,9:30:50.418815305,T,92.26,200,92.6,100,TGT
2025-11-06,9:30:50.882955949,T,92.26,200,92.77,100,TGT
2025-11-06,9:30:51.670031219,T,92.26,100,92.77,100,TGT
2025-11-06,9:30:53.291067992,T,92.0,100,92.77,100,TGT
2025-11-06,9:30:59.843568443,T,91.86,100,92.77,100,TGT
2025-11-06,9:30:59.843568443,T,92.0,100,92.77,100,TGT
2025-11-06,9:30:59.844049452,T,92.21,100,92.77,100,TGT
2025-11-06,9:30:59.844094564,T,92.21,100,92.85,100,TGT
2025-11-06,9:30:59.854093408,T,92.18,100,92.85,100,TGT
2025-11-06,9:30:59.854093408,T,92.0,100,92.85,100,TGT
2025-11-06,9:31:00.917677266,T,92.0,100,92.77,100,TGT
2025-11-06,9:31:00.927856705,T,92.0,100,92.85,100,TGT
2025-11-06,9:31:01.059570407,T,91.97,100,92.85,100,TGT
2025-11-06,9:31:01.059585461,T,91.97,100,92.5,100,TGT
2025-11-06,9:31:01.059595408,T,92.0,100,92.5,100,TGT
2025-11-06,9:31:01.059856034,T,91.97,100,92.5,100,TGT
2025-11-06,9:31:01.059931240,T,92.0,100,92.5,100,TGT
2025-11-06,9:31:01.069614275,T,92.0,100,92.58,100,TGT
2025-11-06,9:31:01.159698975,T,92.0,100,92.77,100,TGT
2025-11-06,9:31:01.255467180,T,92.17,200,92.77,100,TGT
2025-11-06,9:31:01.255467180,T,92.17,200,92.71,200,TGT
2025-11-06,9:31:03.845356951,T,92.17,200,92.59,100,TGT
2025-11-06,9:31:04.533651647,T,92.26,100,92.59,100,TGT
2025-11-06,9:31:11.101698820,T,92.17,200,92.59,100,TGT
2025-11-06,9:31:18.032495484,T,92.26,100,92.59,100,TGT
2025-11-06,9:31:18.032565597,T,92.27,100,92.59,100,TGT
2025-11-06,9:31:18.033071806,T,92.26,100,92.59,100,TGT
2025-11-06,9:31:18.033342506,T,92.27,100,92.59,100,TGT
2025-11-06,9:31:18.033512845,T,92.26,100,92.59,100,TGT
2025-11-06,9:31:18.415547948,T,92.27,100,92.59,100,TGT
2025-11-06,9:31:18.415547948,T,92.36,100,92.59,100,TGT
2025-11-06,9:31:18.415547948,T,92.37,100,92.59,100,TGT
2025-11-06,9:31:18.415552965,T,92.4,100,92.59,100,TGT
2025-11-06,9:31:18.415578046,T,92.37,100,92.59,100,TGT
2025-11-06,9:31:18.415949002,T,92.37,100,92.71,200,TGT
2025-11-06,9:31:18.415949002,T,92.46,100,92.71,200,TGT
2025-11-06,9:31:18.415969008,T,92.53,100,92.71,200,TGT
2025-11-06,9:31:18.417297178,T,92.53,100,92.91,100,TGT
2025-11-06,9:31:18.516012351,T,92.47,100,92.91,100,TGT
2025-11-06,9:31:18.616326325,T,92.36,100,92.91,100,TGT
2025-11-06,9:31:19.415946416,T,92.36,100,92.85,100,TGT
2025-11-06,9:31:19.658489152,T,92.36,100,92.91,100,TGT
2025-11-06,9:31:20.449363339,T,92.27,100,92.91,100,TGT
2025-11-06,9:31:20.449363339,T,92.27,100,92.85,100,TGT
2025-11-06,9:31:20.449383413,T,92.27,100,92.67,100,TGT
2025-11-06,9:31:20.449398257,T,92.36,100,92.67,100,TGT
2025-11-06,9:31:20.449428370,T,92.37,100,92.67,100,TGT
2025-11-06,9:31:20.449438451,T,92.41,100,92.67,100,TGT
2025-11-06,9:31:20.454435276,T,92.37,200,92.67,100,TGT
2025-11-06,9:31:20.459472321,T,92.37,100,92.67,100,TGT
2025-11-06,9:31:20.459577554,T,92.37,200,92.67,100,TGT
2025-11-06,9:31:20.459597911,T,92.37,100,92.67,100,TGT
2025-11-06,9:31:20.549521805,T,92.37,100,92.84,200,TGT
2025-11-06,9:31:20.649464972,T,92.36,100,92.84,200,TGT
2025-11-06,9:31:20.649495009,T,92.27,100,92.84,200,TGT
2025-11-06,9:31:22.604913543,T,92.29,100,92.84,200,TGT
2025-11-06,9:31:30.156649323,T,92.29,100,92.79,100,TGT
2025-11-06,9:31:30.156859735,T,92.29,100,92.79,200,TGT
2025-11-06,9:31:32.541325581,T,92.29,100,92.79,100,TGT
2025-11-06,9:31:37.362666656,T,92.29,100,92.52,100,TGT
2025-11-06,9:31:37.363092734,T,92.29,100,92.52,200,TGT
2025-11-06,9:31:37.530521535,T,92.29,100,92.52,100,TGT
2025-11-06,9:31:38.271983034,T,92.29,100,92.52,200,TGT
2025-11-06,9:31:38.272003031,T,92.29,100,92.52,100,TGT
2025-11-06,9:31:38.272003031,T,92.29,100,92.52,200,TGT
2025-11-06,9:31:38.461679972,T,92.29,100,92.5,100,TGT
2025-11-06,9:31:38.461700012,T,92.29,100,92.52,200,TGT
2025-11-06,9:31:38.461700012,T,92.29,100,92.5,100,TGT
2025-11-06,9:31:38.461725064,T,92.29,100,92.49,100,TGT
2025-11-06,9:31:38.461745169,T,92.29,200,92.49,100,TGT
2025-11-06,9:31:38.461760213,T,92.29,100,92.49,100,TGT
2025-11-06,9:31:38.461770139,T,92.29,100,92.5,100,TGT
2025-11-06,9:31:38.461780800,T,92.29,100,92.49,100,TGT
2025-11-06,9:31:38.461790252,T,92.29,100,92.46,100,TGT
2025-11-06,9:31:38.461810257,T,92.17,200,92.46,100,TGT
2025-11-06,9:31:38.461820335,T,92.17,200,92.43,100,TGT
2025-11-06,9:31:38.461825291,T,92.17,200,92.39,100,TGT
2025-11-06,9:31:38.461875401,T,92.27,100,92.39,100,TGT
2025-11-06,9:31:38.461880459,T,92.27,100,92.43,200,TGT
2025-11-06,9:31:38.461905546,T,92.27,100,92.43,100,TGT
2025-11-06,9:31:38.462141036,T,92.37,100,92.43,100,TGT
2025-11-06,9:31:38.462161176,T,92.26,100,92.43,100,TGT
2025-11-06,9:31:38.462166114,T,92.29,100,92.43,100,TGT
2025-11-06,9:31:38.462166114,T,92.17,300,92.43,100,TGT
2025-11-06,9:31:38.462201166,T,92.17,200,92.43,100,TGT
2025-11-06,9:31:38.462211282,T,92.17,300,92.43,100,TGT
2025-11-06,9:31:38.462221221,T,92.36,100,92.43,100,TGT
2025-11-06,9:31:38.462226328,T,92.37,100,92.43,100,TGT
2025-11-06,9:31:38.462316793,T,92.32,100,92.43,100,TGT
2025-11-06,9:31:38.462316793,T,92.29,100,92.43,100,TGT
2025-11-06,9:31:38.462356612,T,92.27,100,92.43,100,TGT
2025-11-06,9:31:38.462381679,T,92.28,100,92.43,100,TGT
2025-11-06,9:31:38.462391650,T,92.17,300,92.43,100,TGT
2025-11-06,9:31:38.462416781,T,92.17,300,92.43,200,TGT
2025-11-06,9:31:38.462431816,T,92.17,300,92.43,100,TGT
2025-11-06,9:31:38.462451811,T,92.17,300,92.43,200,TGT
2025-11-06,9:31:38.462456863,T,92.27,100,92.43,200,TGT
2025-11-06,9:31:38.462461830,T,92.27,100,92.39,100,TGT
2025-11-06,9:31:38.462466956,T,92.27,100,92.4,100,TGT
2025-11-06,9:31:38.462476843,T,92.27,100,92.43,200,TGT
2025-11-06,9:31:38.462482118,T,92.27,100,92.43,100,TGT
2025-11-06,9:31:38.462482118,T,92.28,100,92.43,100,TGT
2025-11-06,9:31:38.462506903,T,92.27,100,92.43,100,TGT
2025-11-06,9:31:38.462506903,T,92.28,100,92.43,100,TGT
2025-11-06,9:31:38.462517146,T,92.27,100,92.43,100,TGT
2025-11-06,9:31:38.462532048,T,92.28,100,92.43,100,TGT
2025-11-06,9:31:38.462537006,T,92.29,100,92.43,100,TGT
2025-11-06,9:31:38.462562122,T,92.28,100,92.43,100,TGT
2025-11-06,9:31:38.462567053,T,92.31,100,92.43,100,TGT
2025-11-06,9:31:38.462572096,T,92.28,100,92.43,100,TGT
2025-11-06,9:31:38.462607188,T,92.29,100,92.43,100,TGT
2025-11-06,9:31:38.462702443,T,92.31,100,92.43,100,TGT
2025-11-06,9:31:38.462742521,T,92.31,100,92.52,200,TGT
2025-11-06,9:31:38.462752652,T,92.29,100,92.52,200,TGT
2025-11-06,9:31:38.462767508,T,92.31,100,92.52,200,TGT
2025-11-06,9:31:38.462897932,T,92.31,100,92.52,100,TGT
2025-11-06,9:31:38.462922962,T,92.29,100,92.52,100,TGT
2025-11-06,9:31:38.462922962,T,92.31,100,92.52,100,TGT
2025-11-06,9:31:38.462958005,T,92.29,100,92.52,100,TGT
2025-11-06,9:31:38.463133493,T,92.27,100,92.52,100,TGT
2025-11-06,9:31:38.463138467,T,92.26,100,92.52,100,TGT
2025-11-06,9:31:38.463158442,T,92.27,100,92.52,100,TGT
2025-11-06,9:31:38.463163669,T,92.29,100,92.52,100,TGT
2025-11-06,9:31:38.463163669,T,92.27,100,92.52,100,TGT
2025-11-06,9:31:38.463504309,T,92.26,100,92.52,100,TGT
2025-11-06,9:31:38.463514365,T,92.26,100,92.52,200,TGT
2025-11-06,9:31:38.465985278,T,92.26,100,92.52,100,TGT
2025-11-06,9:31:42.537429778,T,92.26,100,92.5,100,TGT
2025-11-06,9:31:43.872084476,T,92.34,100,92.5,100,TGT
2025-11-06,9:31:45.456679383,T,92.34,100,92.52,100,TGT
2025-11-06,9:31:45.456694510,T,92.43,100,92.52,100,TGT
2025-11-06,9:31:45.456719517,T,92.43,100,92.72,300,TGT
2025-11-06,9:31:45.456799788,T,92.43,100,92.5,100,TGT
2025-11-06,9:31:45.456804701,T,92.43,100,92.6,100,TGT
2025-11-06,9:31:45.456820170,T,92.43,100,92.72,300,TGT
2025-11-06,9:31:45.456879962,T,92.43,200,92.72,300,TGT
2025-11-06,9:31:45.457265876,T,92.43,200,92.72,400,TGT
2025-11-06,9:31:45.457516389,T,92.43,200,92.72,300,TGT
2025-11-06,9:31:45.556722797,T,92.43,100,92.72,300,TGT
2025-11-06,9:31:45.556742796,T,92.35,100,92.72,300,TGT
2025-11-06,9:31:45.592056878,T,92.35,100,92.72,200,TGT
2025-11-06,9:31:45.656856272,T,92.34,200,92.72,200,TGT
2025-11-06,9:31:47.492278886,T,92.34,100,92.72,200,TGT
2025-11-06,9:31:50.436272686,T,92.34,100,92.71,100,TGT
2025-11-06,9:31:51.261483578,T,92.34,100,92.71,200,TGT
2025-11-06,9:31:57.738814892,T,92.36,100,92.71,200,TGT
2025-11-06,9:32:00.328163293,T,92.45,100,92.71,200,TGT
2025-11-06,9:32:00.335500756,T,92.36,100,92.71,200,TGT
2025-11-06,9:32:00.335520947,T,92.36,100,92.71,300,TGT
2025-11-06,9:32:00.335520947,T,92.36,100,92.51,100,TGT
2025-11-06,9:32:00.435529065,T,92.36,100,92.71,100,TGT
2025-11-06,9:32:01.155123646,T,92.36,200,92.71,100,TGT
2025-11-06,9:32:02.293174898,T,92.36,100,92.71,100,TGT
2025-11-06,9:32:03.040159499,T,92.37,100,92.71,100,TGT
2025-11-06,9:32:03.040164872,T,92.39,100,92.71,100,TGT
2025-11-06,9:32:03.040179595,T,92.4,100,92.71,100,TGT
2025-11-06,9:32:03.040209666,T,92.43,100,92.71,100,TGT
2025-11-06,9:32:03.047497053,T,92.4,100,92.71,100,TGT
2025-11-06,9:32:03.047707584,T,92.4,100,92.71,200,TGT
2025-11-06,9:32:03.054288204,T,92.39,100,92.71,200,TGT
2025-11-06,9:32:03.054288204,T,92.36,100,92.71,200,TGT
2025-11-06,9:32:03.054293234,T,92.36,100,92.66,100,TGT
2025-11-06,9:32:03.054323261,T,92.36,100,92.6,100,TGT
2025-11-06,9:32:03.054333458,T,92.36,100,92.66,100,TGT
2025-11-06,9:32:03.054353380,T,92.36,100,92.66,200,TGT
2025-11-06,9:32:03.054358385,T,92.41,100,92.66,200,TGT
2025-11-06,9:32:03.054358385,T,92.46,100,92.66,200,TGT
2025-11-06,9:32:03.054368385,T,92.46,100,92.6,100,TGT
2025-11-06,9:32:03.054398545,T,92.46,100,92.66,200,TGT
2025-11-06,9:32:03.054398545,T,92.46,100,92.66,100,TGT
2025-11-06,9:32:03.054468684,T,92.46,100,92.66,200,TGT
2025-11-06,9:32:03.054488735,T,92.46,100,92.66,100,TGT
2025-11-06,9:32:03.054498727,T,92.46,100,92.66,200,TGT
2025-11-06,9:32:03.054508758,T,92.46,100,92.63,100,TGT
2025-11-06,9:32:03.054533797,T,92.46,100,92.66,200,TGT
2025-11-06,9:32:03.054553849,T,92.46,100,92.6,100,TGT
2025-11-06,9:32:03.054568857,T,92.46,100,92.56,100,TGT
2025-11-06,9:32:03.054584160,T,92.46,100,92.6,100,TGT
2025-11-06,9:32:03.054588896,T,92.46,100,92.56,100,TGT
2025-11-06,9:32:03.054593936,T,92.41,100,92.56,100,TGT
2025-11-06,9:32:03.054598920,T,92.41,100,92.6,100,TGT
2025-11-06,9:32:03.054624019,T,92.41,100,92.56,100,TGT
2025-11-06,9:32:03.054644017,T,92.41,100,92.6,100,TGT
2025-11-06,9:32:03.054694211,T,92.41,100,92.63,100,TGT
2025-11-06,9:32:03.054699150,T,92.41,100,92.6,100,TGT
2025-11-06,9:32:03.055405881,T,92.36,100,92.6,100,TGT
2025-11-06,9:32:03.064392285,T,92.36,100,92.52,100,TGT
2025-11-06,9:32:03.064402300,T,92.36,100,92.6,100,TGT
2025-11-06,9:32:03.253126904,T,92.36,100,92.71,200,TGT
2025-11-06,9:32:03.253126904,T,92.36,100,92.71,100,TGT
2025-11-06,9:32:03.253151988,T,92.43,100,92.71,100,TGT
2025-11-06,9:32:03.253337442,T,92.43,100,92.71,200,TGT
2025-11-06,9:32:03.260619759,T,92.36,100,92.71,200,TGT
2025-11-06,9:32:08.044867005,T,92.36,100,92.71,100,TGT
2025-11-06,9:32:08.321761734,T,92.36,200,92.71,100,TGT
2025-11-06,9:32:08.321776749,T,92.39,100,92.71,100,TGT
2025-11-06,9:32:08.321952100,T,92.39,100,92.71,200,TGT
2025-11-06,9:32:08.336381451,T,92.36,100,92.71,200,TGT
2025-11-06,9:32:12.832507972,T,92.36,200,92.71,200,TGT
2025-11-06,9:32:12.832522925,T,92.37,100,92.71,200,TGT
2025-11-06,9:32:12.832558160,T,92.48,100,92.71,200,TGT
2025-11-06,9:32:12.832598172,T,92.37,100,92.71,200,TGT
2025-11-06,9:32:18.400272403,T,92.37,100,92.71,100,TGT
2025-11-06,9:32:21.715435201,T,92.37,100,92.71,200,TGT
2025-11-06,9:32:28.419762282,T,92.37,300,92.71,200,TGT
2025-11-06,9:32:28.794850923,T,92.37,300,92.7,100,TGT
2025-11-06,9:32:28.795296890,T,92.37,300,92.71,200,TGT
2025-11-06,9:32:28.795632746,T,92.37,300,92.7,100,TGT
2025-11-06,9:32:28.810267596,T,92.37,300,92.7,200,TGT
2025-11-06,9:32:28.810272599,T,92.37,300,92.69,100,TGT
2025-11-06,9:32:28.810282693,T,92.37,300,92.69,200,TGT
2025-11-06,9:32:28.810302675,T,92.37,300,92.63,100,TGT
2025-11-06,9:32:29.204692346,T,92.37,300,92.63,200,TGT
2025-11-06,9:32:29.204722328,T,92.37,300,92.63,100,TGT
2025-11-06,9:32:29.204732442,T,92.37,300,92.59,100,TGT
2025-11-06,9:32:29.204917877,T,92.37,300,92.63,200,TGT
2025-11-06,9:32:29.204917877,T,92.37,300,92.63,100,TGT
2025-11-06,9:32:29.204957892,T,92.52,100,92.63,100,TGT
2025-11-06,9:32:29.204982955,T,92.37,300,92.63,100,TGT
2025-11-06,9:32:29.204987940,T,92.38,100,92.63,100,TGT
2025-11-06,9:32:29.205033400,T,92.38,100,92.63,200,TGT
2025-11-06,9:32:29.205058132,T,92.38,100,92.63,100,TGT
2025-11-06,9:32:29.205073220,T,92.37,400,92.63,100,TGT
2025-11-06,9:32:29.205148328,T,92.38,100,92.63,100,TGT
2025-11-06,9:32:29.205158364,T,92.37,400,92.63,100,TGT
2025-11-06,9:32:29.216430289,T,92.37,300,92.63,100,TGT
2025-11-06,9:32:29.216455268,T,92.37,300,92.63,200,TGT
2025-11-06,9:32:29.216470310,T,92.37,300,92.57,100,TGT
2025-11-06,9:32:29.216485388,T,92.37,300,92.55,100,TGT
2025-11-06,9:32:29.216966504,T,92.37,200,92.55,100,TGT
2025-11-06,9:32:29.219612865,T,92.35,200,92.55,100,TGT
2025-11-06,9:32:29.219637895,T,92.35,100,92.55,100,TGT
2025-11-06,9:32:30.517875841,T,92.35,100,92.55,200,TGT
2025-11-06,9:32:30.524636755,T,92.28,300,92.55,200,TGT
2025-11-06,9:32:30.524646840,T,92.28,300,92.55,300,TGT
2025-11-06,9:32:30.524661814,T,92.28,300,92.45,100,TGT
2025-11-06,9:32:30.524822230,T,92.28,300,92.48,100,TGT
2025-11-06,9:32:30.524927521,T,92.28,300,92.45,100,TGT
2025-11-06,9:32:30.531628447,T,92.28,300,92.45,200,TGT
2025-11-06,9:32:30.531708650,T,92.28,300,92.45,100,TGT
2025-11-06,9:32:30.551355446,T,92.1,200,92.45,100,TGT
2025-11-06,9:32:30.551380557,T,92.1,200,92.45,200,TGT
2025-11-06,9:32:30.551385512,T,92.1,200,92.41,100,TGT
2025-11-06,9:32:30.551731411,T,91.86,100,92.41,100,TGT
2025-11-06,9:32:30.551821559,T,91.87,100,92.41,100,TGT
2025-11-06,9:32:30.551876665,T,91.87,100,92.41,200,TGT
2025-11-06,9:32:30.554337564,T,91.87,100,92.41,100,TGT
2025-11-06,9:32:30.571157595,T,91.87,100,92.5,100,TGT
2025-11-06,9:32:30.641224541,T,91.99,200,92.5,100,TGT
2025-11-06,9:32:30.641254667,T,91.99,300,92.5,100,TGT
2025-11-06,9:32:30.724688447,T,91.99,300,92.54,200,TGT
2025-11-06,9:32:30.724713469,T,91.99,300,92.54,100,TGT
2025-11-06,9:32:30.724898916,T,91.99,300,92.54,200,TGT
2025-11-06,9:32:30.846523664,T,91.99,300,92.54,100,TGT
2025-11-06,9:32:32.271588644,T,92.0,100,92.54,100,TGT
2025-11-06,9:32:33.876161390,T,92.0,100,92.53,100,TGT
2025-11-06,9:32:33.876371909,T,92.0,100,92.53,200,TGT
2025-11-06,9:32:36.743447212,T,92.0,100,92.43,100,TGT
2025-11-06,9:32:36.743487272,T,92.0,100,92.47,100,TGT
2025-11-06,9:32:36.744203966,T,92.0,100,92.43,100,TGT
2025-11-06,9:32:36.758452995,T,92.0,100,92.53,100,TGT
2025-11-06,9:32:36.758668400,T,92.0,100,92.53,200,TGT
2025-11-06,9:32:42.319175580,T,92.01,100,92.53,200,TGT
2025-11-06,9:32:42.648936242,T,92.01,200,92.53,200,TGT
2025-11-06,9:32:44.556375468,T,92.01,200,92.53,100,TGT
2025-11-06,9:32:45.348432245,T,92.01,200,92.54,100,TGT
2025-11-06,9:32:48.534086460,T,92.01,200,92.49,200,TGT
2025-11-06,9:32:49.355728812,T,92.01,200,92.36,200,TGT
2025-11-06,9:32:52.113749385,T,92.01,200,92.36,300,TGT
2025-11-06,9:32:55.714026492,T,92.01,200,92.36,200,TGT
2025-11-06,9:32:59.734359216,T,92.01,500,92.36,200,TGT
2025-11-06,9:33:03.852109081,T,92.01,500,92.49,200,TGT
2025-11-06,9:33:08.319241215,T,92.01,500,92.35,100,TGT
2025-11-06,9:33:08.319446764,T,92.01,500,92.35,200,TGT
2025-11-06,9:33:21.688200848,T,92.01,500,92.3,100,TGT
2025-11-06,9:33:21.688732119,T,92.01,500,92.3,200,TGT
2025-11-06,9:33:21.788610066,T,92.01,500,92.3,300,TGT
2025-11-06,9:33:21.788630039,T,92.01,500,92.28,100,TGT
2025-11-06,9:33:21.788640127,T,92.01,500,92.21,100,TGT
2025-11-06,9:33:21.788645140,T,92.01,500,92.21,200,TGT
2025-11-06,9:33:21.789056164,T,92.01,500,92.21,100,TGT
2025-11-06,9:33:21.789076095,T,92.01,500,92.21,200,TGT
2025-11-06,9:33:21.789898147,T,92.01,500,92.2,100,TGT
2025-11-06,9:33:23.119355195,T,92.01,500,92.2,200,TGT
2025-11-06,9:33:25.313512571,T,92.01,500,92.2,100,TGT
2025-11-06,9:33:33.043207330,T,92.01,500,92.19,100,TGT
2025-11-06,9:33:33.043237871,T,92.01,500,92.19,200,TGT
2025-11-06,9:33:38.453847344,T,92.01,500,92.19,300,TGT
2025-11-06,9:33:42.969665701,T,92.01,400,92.19,300,TGT
2025-11-06,9:33:42.969665701,T,92.01,300,92.19,300,TGT
2025-11-06,9:33:42.969670575,T,92.01,400,92.19,300,TGT
2025-11-06,9:33:42.969675569,T,92.01,400,92.18,100,TGT
2025-11-06,9:33:42.969685616,T,92.01,400,92.18,200,TGT
2025-11-06,9:33:42.969705594,T,92.01,400,92.13,100,TGT
2025-11-06,9:33:42.969750770,T,92.01,300,92.13,100,TGT
2025-11-06,9:33:42.969765754,T,92.01,300,92.18,200,TGT
2025-11-06,9:33:42.969855942,T,92.01,300,92.09,100,TGT
2025-11-06,9:33:42.969881203,T,92.01,300,92.07,100,TGT
2025-11-06,9:33:42.969901215,T,92.01,100,92.07,100,TGT
2025-11-06,9:33:42.969901215,T,91.96,200,92.07,100,TGT
2025-11-06,9:33:42.969906093,T,91.96,200,92.07,200,TGT
2025-11-06,9:33:42.969916144,T,91.96,200,92.03,100,TGT
2025-11-06,9:33:42.969941376,T,91.96,100,92.03,100,TGT
2025-11-06,9:33:42.969956161,T,91.96,100,92.07,100,TGT
2025-11-06,9:33:42.969981269,T,91.99,100,92.07,100,TGT
2025-11-06,9:33:42.969991253,T,92.01,100,92.07,100,TGT
2025-11-06,9:33:42.970011352,T,91.96,200,92.07,100,TGT
2025-11-06,9:33:42.970076778,T,91.96,100,92.07,100,TGT
2025-11-06,9:33:42.970161670,T,92.01,400,92.07,100,TGT
2025-11-06,9:33:42.970202448,T,92.01,400,92.09,100,TGT
2025-11-06,9:33:42.970202448,T,92.01,300,92.09,100,TGT
2025-11-06,9:33:42.970226824,T,92.01,300,92.09,200,TGT
2025-11-06,9:33:42.970236909,T,92.01,300,92.06,100,TGT
2025-11-06,9:33:42.970261959,T,92.01,300,92.09,200,TGT
2025-11-06,9:33:42.970282005,T,92.01,300,92.07,100,TGT
2025-11-06,9:33:42.970292036,T,92.01,200,92.07,100,TGT
2025-11-06,9:33:42.970317157,T,91.96,100,92.07,100,TGT
2025-11-06,9:33:42.970337165,T,91.96,100,92.03,100,TGT
2025-11-06,9:33:42.970377215,T,91.96,200,92.03,100,TGT
2025-11-06,9:33:42.970382558,T,91.96,100,92.03,100,TGT
2025-11-06,9:33:42.970402253,T,91.96,100,92.06,100,TGT
2025-11-06,9:33:42.970417262,T,91.96,100,92.02,100,TGT
2025-11-06,9:33:42.970417262,T,91.96,100,92.02,200,TGT
2025-11-06,9:33:42.970472416,T,91.96,200,92.02,200,TGT
2025-11-06,9:33:42.970507495,T,91.96,100,92.02,200,TGT
2025-11-06,9:33:42.970517527,T,91.96,100,92.02,100,TGT
2025-11-06,9:33:42.970517527,T,91.96,100,92.06,100,TGT
2025-11-06,9:33:42.970577842,T,91.96,200,92.06,100,TGT
2025-11-06,9:33:42.971038834,T,91.96,200,92.07,200,TGT
2025-11-06,9:33:42.971038834,T,91.96,200,92.07,100,TGT
2025-11-06,9:33:42.971063810,T,91.98,100,92.07,100,TGT
2025-11-06,9:33:42.971083862,T,91.99,100,92.07,100,TGT
2025-11-06,9:33:42.971089136,T,91.96,200,92.07,100,TGT
2025-11-06,9:33:42.971119265,T,91.98,100,92.07,100,TGT
2025-11-06,9:33:42.971119265,T,91.96,200,92.07,100,TGT
2025-11-06,9:33:42.971199144,T,91.98,100,92.07,100,TGT
2025-11-06,9:33:42.971284519,T,91.99,100,92.07,100,TGT
2025-11-06,9:33:42.971369892,T,91.96,200,92.07,100,TGT
2025-11-06,9:33:42.971534923,T,91.99,100,92.07,100,TGT
2025-11-06,9:33:42.971700329,T,92.0,100,92.07,100,TGT
2025-11-06,9:33:42.971900831,T,91.96,200,92.07,100,TGT
2025-11-06,9:33:42.972371917,T,91.99,100,92.07,100,TGT
2025-11-06,9:33:42.972397065,T,91.96,200,92.07,100,TGT
2025-11-06,9:33:42.972843087,T,91.99,100,92.07,100,TGT
2025-11-06,9:33:42.972863111,T,91.96,200,92.07,100,TGT
2025-11-06,9:33:42.973419431,T,91.96,100,92.07,100,TGT
2025-11-06,9:33:42.973584829,T,91.96,100,92.08,100,TGT
2025-11-06,9:33:42.973614954,T,91.96,200,92.08,100,TGT
2025-11-06,9:33:42.974356702,T,91.96,200,92.09,100,TGT
2025-11-06,9:33:42.974376771,T,92.06,100,92.09,100,TGT
2025-11-06,9:33:42.974517413,T,92.06,100,92.09,200,TGT
2025-11-06,9:33:42.974767639,T,92.06,100,92.09,100,TGT
2025-11-06,9:33:42.974852859,T,92.06,100,92.09,200,TGT
2025-11-06,9:33:42.974933016,T,91.96,200,92.09,200,TGT
2025-11-06,9:33:42.974953093,T,91.96,200,92.09,100,TGT
2025-11-06,9:33:42.974953093,T,91.96,200,92.09,200,TGT
2025-11-06,9:33:42.974968259,T,91.96,200,92.09,100,TGT
2025-11-06,9:33:42.974983124,T,91.96,200,92.09,200,TGT
2025-11-06,9:33:42.975048341,T,91.96,200,92.09,100,TGT
2025-11-06,9:33:42.975173609,T,91.96,200,92.17,100,TGT
2025-11-06,9:33:42.975198646,T,91.96,200,92.18,100,TGT
2025-11-06,9:33:42.988144566,T,91.96,200,92.18,200,TGT
2025-11-06,9:33:48.787049515,T,91.96,200,92.18,100,TGT
2025-11-06,9:33:50.379899188,T,91.96,200,92.29,100,TGT
2025-11-06,9:33:51.978988817,T,91.96,200,92.3,100,TGT
2025-11-06,9:33:51.979014137,T,91.99,100,92.3,100,TGT
2025-11-06,9:33:51.979048958,T,91.96,200,92.3,100,TGT
2025-11-06,9:33:51.989007704,T,91.96,100,92.3,100,TGT
2025-11-06,9:33:52.293117201,T,91.96,100,92.29,100,TGT
2025-11-06,9:33:52.293127157,T,91.96,100,92.3,100,TGT
2025-11-06,9:33:52.293493020,T,91.96,100,92.29,100,TGT
2025-11-06,9:33:52.296926214,T,91.96,100,92.19,100,TGT
2025-11-06,9:33:54.033137875,T,91.96,200,92.19,100,TGT
2025-11-06,9:33:54.033142487,T,91.98,100,92.19,100,TGT
2025-11-06,9:33:54.033192635,T,91.99,100,92.19,100,TGT
2025-11-06,9:33:54.033337971,T,92.04,100,92.19,100,TGT
2025-11-06,9:33:54.033342889,T,91.98,100,92.19,100,TGT
2025-11-06,9:33:54.033342889,T,92.04,100,92.19,100,TGT
2025-11-06,9:33:54.033398094,T,91.99,100,92.19,100,TGT
2025-11-06,9:33:54.033418300,T,91.99,100,92.19,200,TGT
2025-11-06,9:33:54.033418300,T,91.98,100,92.19,200,TGT
2025-11-06,9:33:54.033418300,T,91.99,100,92.19,200,TGT
2025-11-06,9:33:54.033423520,T,91.99,100,92.18,100,TGT
2025-11-06,9:33:54.033423520,T,91.99,100,92.17,100,TGT
2025-11-06,9:33:54.033428100,T,91.98,100,92.17,100,TGT
2025-11-06,9:33:54.033443197,T,91.98,100,92.18,100,TGT
2025-11-06,9:33:54.033553417,T,91.98,100,92.17,100,TGT
2025-11-06,9:33:54.033608555,T,91.98,100,92.18,100,TGT
2025-11-06,9:33:54.033638697,T,91.98,100,92.18,200,TGT
2025-11-06,9:33:54.034425475,T,91.98,100,92.18,100,TGT
2025-11-06,9:33:54.043166295,T,91.96,200,92.18,100,TGT
2025-11-06,9:33:54.233419608,T,91.96,200,92.19,200,TGT
2025-11-06,9:33:54.233444688,T,91.96,200,92.19,100,TGT
2025-11-06,9:33:54.522167518,T,91.98,100,92.19,100,TGT
2025-11-06,9:33:54.522182505,T,92.04,100,92.19,100,TGT
2025-11-06,9:33:54.522252660,T,91.99,100,92.19,100,TGT
2025-11-06,9:33:54.522408076,T,92.04,100,92.19,100,TGT
2025-11-06,9:33:54.522523279,T,92.04,200,92.19,100,TGT
2025-11-06,9:33:54.522523279,T,92.04,100,92.19,100,TGT
2025-11-06,9:33:54.522548430,T,92.05,100,92.19,100,TGT
2025-11-06,9:33:54.522558663,T,92.04,100,92.19,100,TGT
2025-11-06,9:33:54.522583449,T,92.08,100,92.19,100,TGT
2025-11-06,9:33:54.522593451,T,92.04,100,92.19,100,TGT
2025-11-06,9:33:54.522713787,T,91.99,100,92.19,100,TGT
2025-11-06,9:33:54.531795377,T,91.96,200,92.19,100,TGT
2025-11-06,9:33:56.780277197,T,91.96,200,92.3,100,TGT
2025-11-06,9:33:57.233532074,T,91.96,200,92.31,300,TGT
2025-11-06,9:33:57.820726009,T,91.96,100,92.31,300,TGT
2025-11-06,9:34:00.884148831,T,91.96,100,92.17,100,TGT
2025-11-06,9:34:01.726796405,T,91.96,100,92.17,200,TGT
2025-11-06,9:34:03.138680013,T,91.79,300,92.17,200,TGT
2025-11-06,9:34:03.138715128,T,91.92,100,92.17,200,TGT
2025-11-06,9:34:11.317975896,T,91.92,100,92.17,100,TGT
2025-11-06,9:34:20.812510300,T,91.93,100,92.17,100,TGT
2025-11-06,9:34:20.978671096,T,91.93,100,92.31,200,TGT
2025-11-06,9:34:23.861529043,T,91.92,100,92.31,200,TGT
2025-11-06,9:34:24.823991954,T,91.92,100,92.31,300,TGT
2025-11-06,9:34:24.825074540,T,91.92,100,92.31,200,TGT
2025-11-06,9:34:25.036142369,T,91.92,100,92.16,100,TGT
2025-11-06,9:34:28.300103286,T,91.92,100,92.16,200,TGT
2025-11-06,9:34:33.254576683,T,91.79,300,92.16,200,TGT
2025-11-06,9:34:33.254611758,T,91.82,100,92.16,200,TGT
2025-11-06,9:34:34.909308769,T,91.93,100,92.16,200,TGT
2025-11-06,9:34:34.909343802,T,91.82,100,92.16,200,TGT
2025-11-06,9:34:34.909373865,T,91.82,100,92.16,300,TGT
2025-11-06,9:34:35.070713211,T,91.82,100,92.16,200,TGT
2025-11-06,9:34:38.299545435,T,91.97,100,92.16,200,TGT
2025-11-06,9:34:40.493527316,T,91.97,100,92.16,300,TGT
2025-11-06,9:34:41.347150910,T,91.93,100,92.16,300,TGT
2025-11-06,9:34:41.347170901,T,91.82,100,92.16,300,TGT
2025-11-06,9:34:41.347175940,T,91.82,100,92.14,100,TGT
2025-11-06,9:34:41.347175940,T,91.82,100,92.05,100,TGT
2025-11-06,9:34:41.347206030,T,91.82,100,92.06,100,TGT
2025-11-06,9:34:41.347210983,T,91.82,100,92.05,100,TGT
2025-11-06,9:34:41.347301210,T,91.82,100,92.05,200,TGT
2025-11-06,9:34:41.347496866,T,91.82,100,92.05,300,TGT
2025-11-06,9:34:41.347501704,T,91.82,100,92.05,400,TGT
2025-11-06,9:34:41.347827476,T,91.82,100,91.98,100,TGT
2025-11-06,9:34:41.348433953,T,91.82,100,91.98,200,TGT
2025-11-06,9:34:41.348433953,T,91.82,100,91.97,100,TGT
2025-11-06,9:34:41.349862281,T,91.82,100,92.03,100,TGT
2025-11-06,9:34:41.363264215,T,91.82,100,92.13,100,TGT
2025-11-06,9:34:41.547628426,T,91.82,100,92.16,200,TGT
2025-11-06,9:34:41.547653487,T,91.82,100,92.16,100,TGT
2025-11-06,9:34:44.472752247,T,91.75,2100,92.16,100,TGT
2025-11-06,9:34:45.393104842,T,91.75,2100,92.21,300,TGT
2025-11-06,9:34:45.393129925,T,91.75,2100,92.21,200,TGT
2025-11-06,9:34:46.773909376,T,91.83,100,92.21,200,TGT
2025-11-06,9:34:49.442105965,T,91.83,100,92.27,100,TGT
2025-11-06,9:34:49.442115948,T,91.83,100,92.14,200,TGT
2025-11-06,9:34:51.681881962,T,91.83,100,91.98,100,TGT
2025-11-06,9:34:55.817103538,T,91.83,100,92.14,200,TGT
2025-11-06,9:34:55.888789402,T,91.83,100,91.97,100,TGT
2025-11-06,9:34:55.957046960,T,91.83,100,92.14,200,TGT
2025-11-06,9:35:00.044810146,T,91.83,100,91.97,100,TGT
2025-11-06,9:35:07.534442797,T,91.83,100,91.97,200,TGT
2025-11-06,9:35:07.534568130,T,91.83,100,91.97,300,TGT
2025-11-06,9:35:08.791978729,T,91.83,100,91.97,200,TGT
2025-11-06,9:35:14.063121201,T,91.83,200,91.97,200,TGT
2025-11-06,9:35:14.063326656,T,91.83,200,91.97,100,TGT
2025-11-06,9:35:22.903722703,T,91.83,200,91.95,400,TGT
2025-11-06,9:35:23.025493117,T,91.83,100,91.95,400,TGT
2025-11-06,9:35:23.025493117,T,91.77,100,91.95,400,TGT
2025-11-06,9:35:23.025497724,T,91.75,2000,91.95,400,TGT
2025-11-06,9:35:23.025517864,T,91.75,2000,91.86,100,TGT
2025-11-06,9:35:23.025562872,T,91.77,100,91.86,100,TGT
2025-11-06,9:35:23.025593015,T,91.77,100,91.86,500,TGT
2025-11-06,9:35:23.026906095,T,91.77,100,91.86,400,TGT
2025-11-06,9:35:24.538422192,T,91.77,100,91.86,500,TGT
2025-11-06,9:35:24.538432277,T,91.77,100,91.86,100,TGT
2025-11-06,9:35:24.538437155,T,91.77,100,91.82,400,TGT
2025-11-06,9:35:24.641192018,T,91.75,2000,91.82,400,TGT
2025-11-06,9:35:24.641212071,T,91.75,2000,91.81,100,TGT
2025-11-06,9:35:24.641232063,T,91.75,2000,91.81,500,TGT
2025-11-06,9:35:24.641247149,T,91.75,2000,91.81,100,TGT
2025-11-06,9:35:24.641277146,T,91.75,2000,91.79,400,TGT
2025-11-06,9:35:24.645823072,T,91.75,500,91.79,400,TGT
2025-11-06,9:35:24.645843082,T,91.73,600,91.79,400,TGT
2025-11-06,9:35:24.645848117,T,91.73,600,91.8,100,TGT
2025-11-06,9:35:24.645848117,T,91.73,600,91.77,400,TGT
2025-11-06,9:35:24.645863219,T,91.73,600,91.76,100,TGT
2025-11-06,9:35:24.645863219,T,91.73,600,91.76,200,TGT
2025-11-06,9:35:24.645888158,T,91.73,600,91.76,600,TGT
2025-11-06,9:35:24.647176252,T,91.73,600,91.76,500,TGT
2025-11-06,9:35:24.647522095,T,91.73,600,91.76,400,TGT
2025-11-06,9:35:24.647522095,T,91.73,600,91.81,100,TGT
2025-11-06,9:35:24.647542144,T,91.75,200,91.81,100,TGT
2025-11-06,9:35:24.647547152,T,91.75,200,91.76,300,TGT
2025-11-06,9:35:24.647567157,T,91.75,200,91.81,100,TGT
2025-11-06,9:35:24.647592395,T,91.73,700,91.81,100,TGT
2025-11-06,9:35:24.647592395,T,91.75,100,91.81,100,TGT
2025-11-06,9:35:24.647597222,T,91.77,100,91.81,100,TGT
2025-11-06,9:35:24.647612330,T,91.77,400,91.81,100,TGT
2025-11-06,9:35:24.647612330,T,91.77,300,91.81,100,TGT
2025-11-06,9:35:24.647622353,T,91.77,300,91.81,200,TGT
2025-11-06,9:35:24.647642345,T,91.77,300,91.81,100,TGT
2025-11-06,9:35:24.647642345,T,91.77,200,91.81,100,TGT
2025-11-06,9:35:24.647647341,T,91.77,200,91.8,100,TGT
2025-11-06,9:35:24.647662385,T,91.75,100,91.8,100,TGT
2025-11-06,9:35:24.647662385,T,91.77,300,91.8,100,TGT
2025-11-06,9:35:24.647692454,T,91.75,100,91.8,100,TGT
2025-11-06,9:35:24.647697455,T,91.77,200,91.8,100,TGT
2025-11-06,9:35:24.647817785,T,91.75,100,91.8,100,TGT
2025-11-06,9:35:24.647822733,T,91.73,700,91.8,100,TGT
2025-11-06,9:35:24.647822733,T,91.77,200,91.8,100,TGT
2025-11-06,9:35:24.647953138,T,91.73,700,91.8,100,TGT
2025-11-06,9:35:24.647973131,T,91.79,200,91.8,100,TGT
2025-11-06,9:35:24.647998222,T,91.73,700,91.8,100,TGT
2025-11-06,9:35:24.648018278,T,91.73,700,91.79,100,TGT
2025-11-06,9:35:24.648419261,T,91.73,700,91.8,100,TGT
2025-11-06,9:35:24.648439307,T,91.77,100,91.8,100,TGT
2025-11-06,9:35:24.648544497,T,91.77,100,91.81,100,TGT
2025-11-06,9:35:24.648604679,T,91.77,100,91.83,100,TGT
2025-11-06,9:35:24.648609711,T,91.77,100,91.94,200,TGT
2025-11-06,9:35:24.648609711,T,91.77,100,91.94,100,TGT
2025-11-06,9:35:24.648850184,T,91.77,100,91.83,200,TGT
2025-11-06,9:35:24.648995619,T,91.73,700,91.83,200,TGT
2025-11-06,9:35:24.654022513,T,91.73,600,91.83,200,TGT
2025-11-06,9:35:24.654047640,T,91.73,600,91.77,200,TGT
2025-11-06,9:35:24.654082637,T,91.73,600,91.81,100,TGT
2025-11-06,9:35:24.654097789,T,91.73,600,91.92,100,TGT
2025-11-06,9:35:24.654097789,T,91.73,600,91.83,100,TGT
2025-11-06,9:35:24.654132877,T,91.73,600,91.81,100,TGT
2025-11-06,9:35:24.654137792,T,91.73,600,91.83,100,TGT
2025-11-06,9:35:24.654163182,T,91.73,600,91.83,200,TGT
2025-11-06,9:35:24.654182885,T,91.73,600,91.83,100,TGT
2025-11-06,9:35:24.654318303,T,91.73,600,91.83,200,TGT
2025-11-06,9:35:24.654343287,T,91.73,600,91.83,100,TGT
2025-11-06,9:35:24.654388459,T,91.73,700,91.83,100,TGT
2025-11-06,9:35:24.654448602,T,91.73,600,91.83,100,TGT
2025-11-06,9:35:24.664422375,T,91.73,600,91.94,100,TGT
2025-11-06,9:35:25.241406985,T,91.73,400,91.94,100,TGT
2025-11-06,9:35:25.241422069,T,91.73,200,91.94,100,TGT
2025-11-06,9:35:25.241442026,T,91.73,100,91.94,100,TGT
2025-11-06,9:35:25.241447034,T,91.67,100,91.94,100,TGT
2025-11-06,9:35:25.241457076,T,91.61,200,91.94,100,TGT
2025-11-06,9:35:25.241477147,T,91.61,200,91.76,100,TGT
2025-11-06,9:35:25.241737907,T,91.6,100,91.76,100,TGT
2025-11-06,9:35:25.241762875,T,91.54,200,91.76,100,TGT
2025-11-06,9:35:25.241792878,T,91.54,200,91.76,200,TGT
2025-11-06,9:35:25.241797895,T,91.54,300,91.76,200,TGT
2025-11-06,9:35:25.256202176,T,91.54,300,91.76,100,TGT
2025-11-06,9:35:25.256227257,T,91.54,300,91.94,100,TGT
2025-11-06,9:35:26.317550897,T,91.67,100,91.94,100,TGT
2025-11-06,9:35:26.317620934,T,91.67,100,91.82,300,TGT
2025-11-06,9:35:26.317741231,T,91.67,100,91.82,700,TGT
2025-11-06,9:35:26.317766304,T,91.67,100,91.82,900,TGT
2025-11-06,9:35:26.317771347,T,91.71,100,91.82,900,TGT
2025-11-06,9:35:26.318026914,T,91.71,100,91.82,1100,TGT
2025-11-06,9:35:26.318157214,T,91.6,100,91.82,1100,TGT
2025-11-06,9:35:26.318172247,T,91.6,100,91.82,800,TGT
2025-11-06,9:35:26.318172247,T,91.6,100,91.82,400,TGT
2025-11-06,9:35:26.318177246,T,91.6,100,91.82,200,TGT
2025-11-06,9:35:26.318182312,T,91.6,100,91.94,200,TGT
2025-11-06,9:35:26.318207396,T,91.6,100,91.77,1100,TGT
2025-11-06,9:35:26.325835604,T,91.59,100,91.77,1100,TGT
2025-11-06,9:35:26.327810307,T,91.57,100,91.77,1100,TGT
2025-11-06,9:35:26.327810307,T,91.54,300,91.77,1100,TGT
2025-11-06,9:35:26.672817276,T,91.54,300,91.94,200,TGT
2025-11-06,9:35:26.672842283,T,91.54,300,91.74,1100,TGT
2025-11-06,9:35:26.672962556,T,91.54,300,91.94,300,TGT
2025-11-06,9:35:26.672967623,T,91.54,300,91.82,100,TGT
2025-11-06,9:35:26.672987613,T,91.54,300,91.71,1100,TGT
2025-11-06,9:35:26.673007677,T,91.54,300,91.71,900,TGT
2025-11-06,9:35:26.673012694,T,91.54,300,91.94,300,TGT
2025-11-06,9:35:26.673032758,T,91.54,300,91.94,400,TGT
2025-11-06,9:35:26.673774506,T,91.54,300,91.94,300,TGT
2025-11-06,9:35:26.676445894,T,91.59,100,91.94,300,TGT
2025-11-06,9:35:26.684525164,T,91.59,100,91.94,200,TGT
2025-11-06,9:35:26.684535162,T,91.59,100,91.94,100,TGT
2025-11-06,9:35:26.685296984,T,91.59,100,91.94,200,TGT
2025-11-06,9:35:26.685306947,T,91.59,100,91.94,300,TGT
2025-11-06,9:35:26.685337045,T,91.58,100,91.94,300,TGT
2025-11-06,9:35:26.685342131,T,91.54,300,91.94,300,TGT
2025-11-06,9:35:26.998914074,T,91.54,300,91.94,200,TGT
2025-11-06,9:35:26.998919046,T,91.54,300,91.94,100,TGT
2025-11-06,9:35:26.999455320,T,91.54,300,91.94,200,TGT
2025-11-06,9:35:26.999485476,T,91.54,300,91.9,100,TGT
2025-11-06,9:35:26.999520520,T,91.54,300,91.9,200,TGT
2025-11-06,9:35:26.999695917,T,91.54,300,91.9,300,TGT
2025-11-06,9:35:28.435872360,T,91.65,100,91.9,300,TGT
2025-11-06,9:35:30.299392040,T,91.65,100,91.9,200,TGT
2025-11-06,9:35:30.299402064,T,91.65,100,91.9,100,TGT
2025-11-06,9:35:31.263418501,T,91.65,100,91.94,200,TGT
2025-11-06,9:35:31.328668926,T,91.65,100,91.89,100,TGT
2025-11-06,9:35:31.328699098,T,91.65,100,91.89,200,TGT
2025-11-06,9:35:31.328879476,T,91.65,100,91.89,300,TGT
2025-11-06,9:35:33.519282799,T,91.65,100,91.75,100,TGT
2025-11-06,9:35:33.519347891,T,91.65,100,91.79,100,TGT
2025-11-06,9:35:33.526640264,T,91.65,100,91.89,100,TGT
2025-11-06,9:35:33.558451069,T,91.65,200,91.89,100,TGT
2025-11-06,9:35:33.759660412,T,91.65,200,91.75,100,TGT
2025-11-06,9:35:33.759675413,T,91.65,200,91.72,100,TGT
2025-11-06,9:35:33.759680383,T,91.65,200,91.89,100,TGT
2025-11-06,9:35:33.759710518,T,91.65,200,91.75,100,TGT
2025-11-06,9:35:33.759795699,T,91.65,200,91.72,100,TGT
2025-11-06,9:35:33.759820719,T,91.65,200,91.75,100,TGT
2025-11-06,9:35:33.759855849,T,91.65,300,91.75,100,TGT
2025-11-06,9:35:33.759875898,T,91.65,200,91.75,100,TGT
2025-11-06,9:35:33.760071383,T,91.65,200,91.89,200,TGT
2025-11-06,9:35:33.760191609,T,91.65,300,91.89,200,TGT
2025-11-06,9:35:33.760196679,T,91.69,100,91.89,200,TGT
2025-11-06,9:35:33.760221698,T,91.69,200,91.89,200,TGT
2025-11-06,9:35:33.760236701,T,91.69,200,91.89,100,TGT
2025-11-06,9:35:33.760582690,T,91.72,100,91.89,100,TGT
2025-11-06,9:35:33.760587571,T,91.72,200,91.89,100,TGT
2025-11-06,9:35:33.760727899,T,91.72,200,91.89,200,TGT
2025-11-06,9:35:33.760803108,T,91.72,200,91.75,100,TGT
2025-11-06,9:35:33.761244171,T,91.72,300,91.75,100,TGT
2025-11-06,9:35:33.761474698,T,91.72,300,91.89,200,TGT
2025-11-06,9:35:33.761499787,T,91.73,100,91.89,200,TGT
2025-11-06,9:35:33.761499787,T,91.73,200,91.89,200,TGT
2025-11-06,9:35:33.761504708,T,91.73,300,91.89,200,TGT
2025-11-06,9:35:33.770070184,T,91.73,300,91.89,100,TGT
2025-11-06,9:35:34.242215083,T,91.75,100,91.89,100,TGT
2025-11-06,9:35:34.242215083,T,91.75,200,91.89,100,TGT
2025-11-06,9:35:34.242220068,T,91.75,300,91.89,100,TGT
2025-11-06,9:35:36.024821990,T,91.75,300,91.89,200,TGT
2025-11-06,9:35:36.174308257,T,91.76,100,91.89,200,TGT
2025-11-06,9:35:36.174308257,T,91.76,200,91.89,200,TGT
2025-11-06,9:35:36.174308257,T,91.76,300,91.89,200,TGT
2025-11-06,9:35:36.297571853,T,91.76,300,91.89,100,TGT
2025-11-06,9:35:55.333306283,T,91.76,200,91.89,100,TGT
2025-11-06,9:35:55.333306283,T,91.76,100,91.89,100,TGT
2025-11-06,9:35:55.333311007,T,91.65,200,91.89,100,TGT
2025-11-06,9:35:55.333311007,T,91.65,100,91.89,100,TGT
2025-11-06,9:35:55.333331039,T,91.65,100,91.89,200,TGT
2025-11-06,9:35:55.333336146,T,91.65,100,91.79,100,TGT
2025-11-06,9:35:55.333812163,T,91.65,100,91.77,100,TGT
2025-11-06,9:35:55.334368496,T,91.65,100,91.79,100,TGT
2025-11-06,9:35:55.334639234,T,91.65,100,91.82,100,TGT
2025-11-06,9:35:55.334664199,T,91.65,100,91.79,100,TGT
2025-11-06,9:35:55.349669962,T,91.65,100,91.87,100,TGT
2025-11-06,9:35:57.188039625,T,91.65,100,91.87,200,TGT
2025-11-06,9:35:59.827989031,T,91.65,100,91.87,300,TGT
2025-11-06,9:35:59.905433516,T,91.65,100,91.87,200,TGT
2025-11-06,9:36:00.452852822,T,91.65,100,91.85,100,TGT
2025-11-06,9:36:00.453063211,T,91.65,100,91.85,200,TGT
2025-11-06,9:36:00.814779920,T,91.65,100,91.85,300,TGT
2025-11-06,9:36:02.232818182,T,91.65,100,91.84,100,TGT
2025-11-06,9:36:02.234051113,T,91.65,100,91.84,200,TGT
2025-11-06,9:36:02.234056178,T,91.65,100,91.84,300,TGT
2025-11-06,9:36:02.234081194,T,91.65,100,91.84,400,TGT
2025-11-06,9:36:02.234336850,T,91.65,100,91.83,100,TGT
2025-11-06,9:36:02.234351886,T,91.65,100,91.82,100,TGT
2025-11-06,9:36:02.234371905,T,91.65,100,91.78,100,TGT
2025-11-06,9:36:02.235324148,T,91.65,100,91.84,300,TGT
2025-11-06,9:36:02.244180277,T,91.65,100,91.84,200,TGT
2025-11-06,9:36:02.244185286,T,91.65,100,91.84,100,TGT
2025-11-06,9:36:02.244766659,T,91.53,200,91.84,100,TGT
2025-11-06,9:36:02.244766659,T,91.53,200,91.78,100,TGT
2025-11-06,9:36:02.244776696,T,91.53,200,91.77,100,TGT
2025-11-06,9:36:02.244786726,T,91.53,200,91.7,100,TGT
2025-11-06,9:36:02.244871967,T,91.53,200,91.7,200,TGT
2025-11-06,9:36:02.244927201,T,91.53,200,91.7,100,TGT
2025-11-06,9:36:02.244997305,T,91.53,200,91.7,200,TGT
2025-11-06,9:36:02.245358131,T,91.53,200,91.65,100,TGT
2025-11-06,9:36:02.245578661,T,91.53,200,91.63,100,TGT
2025-11-06,9:36:02.247573392,T,91.53,200,91.7,200,TGT
2025-11-06,9:36:02.250425176,T,91.51,100,91.7,200,TGT
2025-11-06,9:36:02.255041123,T,91.51,100,91.7,100,TGT
2025-11-06,9:36:02.265090103,T,91.54,100,91.7,100,TGT
2025-11-06,9:36:02.265110163,T,91.58,100,91.7,100,TGT
2025-11-06,9:36:02.265110163,T,91.58,100,91.74,100,TGT
2025-11-06,9:36:02.265280558,T,91.54,100,91.74,100,TGT
2025-11-06,9:36:02.265295820,T,91.54,100,91.65,100,TGT
2025-11-06,9:36:02.265300695,T,91.51,100,91.65,100,TGT
2025-11-06,9:36:02.265310743,T,91.53,100,91.65,100,TGT
2025-11-06,9:36:02.265335652,T,91.51,100,91.65,100,TGT
2025-11-06,9:36:02.265365751,T,91.51,100,91.65,200,TGT
2025-11-06,9:36:02.265405883,T,91.51,100,91.65,300,TGT
2025-11-06,9:36:02.265455909,T,91.54,100,91.65,300,TGT
2025-11-06,9:36:02.265536179,T,91.54,200,91.65,300,TGT
2025-11-06,9:36:02.265561490,T,91.53,100,91.65,300,TGT
2025-11-06,9:36:02.265561490,T,91.51,100,91.65,300,TGT
2025-11-06,9:36:02.265581267,T,91.6,100,91.65,300,TGT
2025-11-06,9:36:02.265606362,T,91.51,100,91.65,300,TGT
2025-11-06,9:36:02.265621352,T,91.51,100,91.63,100,TGT
2025-11-06,9:36:02.265676543,T,91.51,100,91.62,100,TGT
2025-11-06,9:36:02.265912106,T,91.53,100,91.62,100,TGT
2025-11-06,9:36:02.266052399,T,91.53,100,91.63,100,TGT
2025-11-06,9:36:02.266072486,T,91.54,100,91.63,100,TGT
2025-11-06,9:36:02.266077476,T,91.59,100,91.63,100,TGT
2025-11-06,9:36:02.266177729,T,91.59,100,91.65,200,TGT
2025-11-06,9:36:02.266403187,T,91.59,100,91.65,300,TGT
2025-11-06,9:36:02.266413221,T,91.59,100,91.62,200,TGT
2025-11-06,9:36:02.269826336,T,91.54,100,91.62,200,TGT
2025-11-06,9:36:02.269851436,T,91.54,100,91.61,100,TGT
2025-11-06,9:36:02.269871523,T,91.54,100,91.61,400,TGT
2025-11-06,9:36:02.271159578,T,91.53,100,91.61,400,TGT
2025-11-06,9:36:02.282366249,T,91.53,100,91.61,300,TGT
2025-11-06,9:36:02.282386484,T,91.51,100,91.61,300,TGT
2025-11-06,9:36:02.282411313,T,91.51,100,91.61,400,TGT
2025-11-06,9:36:02.282426398,T,91.51,100,91.61,300,TGT
2025-11-06,9:36:02.282436450,T,91.53,100,91.61,300,TGT
2025-11-06,9:36:02.282451458,T,91.53,100,91.61,400,TGT
2025-11-06,9:36:02.285573858,T,91.51,100,91.61,400,TGT
2025-11-06,9:36:02.484753382,T,91.5,200,91.61,400,TGT
2025-11-06,9:36:02.551863331,T,91.5,200,91.6,100,TGT
2025-11-06,9:36:02.551888319,T,91.5,200,91.6,300,TGT
2025-11-06,9:36:02.552655235,T,91.5,200,91.6,400,TGT
2025-11-06,9:36:02.852013406,T,91.5,100,91.6,400,TGT
2025-11-06,9:36:02.852063506,T,91.5,200,91.6,400,TGT
2025-11-06,9:36:03.701121244,T,91.5,100,91.6,400,TGT
2025-11-06,9:36:03.711886891,T,91.5,200,91.6,400,TGT
2025-11-06,9:36:04.147514696,T,91.5,100,91.6,400,TGT
2025-11-06,9:36:04.147514696,T,91.43,100,91.6,400,TGT
2025-11-06,9:36:04.147514696,T,91.4,200,91.6,400,TGT
2025-11-06,9:36:04.147535005,T,91.4,200,91.6,500,TGT
2025-11-06,9:36:04.147535005,T,91.4,200,91.59,100,TGT
2025-11-06,9:36:04.147539722,T,91.4,200,91.57,100,TGT
2025-11-06,9:36:04.147549748,T,91.4,200,91.57,300,TGT
2025-11-06,9:36:04.147554770,T,91.4,200,91.57,400,TGT
2025-11-06,9:36:04.147564787,T,91.4,200,91.57,100,TGT
2025-11-06,9:36:04.147584902,T,91.41,100,91.57,100,TGT
2025-11-06,9:36:04.147584902,T,91.41,100,91.57,200,TGT
2025-11-06,9:36:04.147584902,T,91.41,100,91.55,300,TGT
2025-11-06,9:36:04.147850528,T,91.4,300,91.55,300,TGT
2025-11-06,9:36:06.233814902,T,91.4,300,91.55,400,TGT
2025-11-06,9:36:06.234742108,T,91.4,300,91.55,300,TGT
2025-11-06,9:36:07.281786598,T,91.4,100,91.55,300,TGT
2025-11-06,9:36:08.098401984,T,91.48,100,91.55,300,TGT
2025-11-06,9:36:09.283124535,T,91.48,100,91.55,200,TGT
2025-11-06,9:36:09.283134858,T,91.48,100,91.55,100,TGT
2025-11-06,9:36:09.283164628,T,91.48,100,91.6,100,TGT
2025-11-06,9:36:09.283189766,T,91.49,100,91.6,100,TGT
2025-11-06,9:36:09.283219830,T,91.51,100,91.6,100,TGT
2025-11-06,9:36:09.283294914,T,91.49,100,91.6,100,TGT
2025-11-06,9:36:09.283971532,T,91.49,100,91.6,200,TGT
2025-11-06,9:36:09.284017116,T,91.49,100,91.6,100,TGT
2025-11-06,9:36:09.284017116,T,91.49,100,91.59,100,TGT
2025-11-06,9:36:09.284017116,T,91.48,200,91.59,100,TGT
2025-11-06,9:36:09.284041757,T,91.48,200,91.57,100,TGT
2025-11-06,9:36:09.284442735,T,91.48,100,91.57,100,TGT
2025-11-06,9:36:09.947432052,T,91.48,100,91.57,200,TGT
2025-11-06,9:36:13.004379932,T,91.48,100,91.57,300,TGT
2025-11-06,9:36:13.091016278,T,91.48,100,91.57,200,TGT
2025-11-06,9:36:15.260188990,T,91.48,100,91.57,100,TGT
2025-11-06,9:36:15.260494766,T,91.48,200,91.57,100,TGT
2025-11-06,9:36:15.267220795,T,91.48,200,91.57,200,TGT
2025-11-06,9:36:15.270488490,T,91.48,100,91.57,200,TGT
2025-11-06,9:36:20.382106183,T,91.48,100,91.57,100,TGT
2025-11-06,9:36:20.382131229,T,91.48,100,91.6,100,TGT
2025-11-06,9:36:20.382146283,T,91.48,200,91.6,100,TGT
2025-11-06,9:36:20.382151323,T,91.49,100,91.6,100,TGT
2025-11-06,9:36:20.382166359,T,91.48,200,91.6,100,TGT
2025-11-06,9:36:20.382166359,T,91.53,100,91.6,100,TGT
2025-11-06,9:36:20.383098477,T,91.53,100,91.74,200,TGT
2025-11-06,9:36:20.383123626,T,91.53,100,91.74,100,TGT
2025-11-06,9:36:20.383153699,T,91.53,200,91.74,100,TGT
2025-11-06,9:36:20.383153699,T,91.56,100,91.74,100,TGT
2025-11-06,9:36:20.383203818,T,91.53,200,91.74,100,TGT
2025-11-06,9:36:20.383374207,T,91.53,100,91.74,100,TGT
2025-11-06,9:36:20.383689941,T,91.53,200,91.74,100,TGT
2025-11-06,9:36:20.390355845,T,91.54,100,91.74,100,TGT
2025-11-06,9:36:20.393137427,T,91.53,200,91.74,100,TGT
2025-11-06,9:36:20.393167479,T,91.53,100,91.74,100,TGT
2025-11-06,9:36:20.397813573,T,91.53,100,91.74,200,TGT
2025-11-06,9:36:20.482811059,T,91.52,200,91.74,200,TGT
2025-11-06,9:36:20.482831096,T,91.52,100,91.74,200,TGT
2025-11-06,9:36:21.723827588,T,91.52,200,91.74,200,TGT
2025-11-06,9:36:22.144800695,T,91.52,200,91.74,100,TGT
2025-11-06,9:36:22.144840672,T,91.52,200,91.74,200,TGT
2025-11-06,9:36:23.053996569,T,91.52,200,91.67,100,TGT
2025-11-06,9:36:24.566715295,T,91.52,200,91.66,100,TGT
2025-11-06,9:36:24.566750284,T,91.52,100,91.66,100,TGT
2025-11-06,9:36:29.666755420,T,91.52,100,91.65,100,TGT
2025-11-06,9:36:35.537962623,T,91.52,100,91.65,200,TGT
2025-11-06,9:36:37.643072777,T,91.52,100,91.65,100,TGT
2025-11-06,9:36:37.643082746,T,91.53,100,91.65,100,TGT
2025-11-06,9:36:37.643097855,T,91.53,100,91.74,100,TGT
2025-11-06,9:36:37.643097855,T,91.54,100,91.74,100,TGT
2025-11-06,9:36:37.643118188,T,91.55,100,91.74,100,TGT
2025-11-06,9:36:37.643118188,T,91.56,100,91.74,100,TGT
2025-11-06,9:36:37.643118188,T,91.6,100,91.74,100,TGT
2025-11-06,9:36:37.643132908,T,91.6,200,91.74,100,TGT
2025-11-06,9:36:37.643238098,T,91.6,200,91.78,200,TGT
2025-11-06,9:36:37.643258233,T,91.6,300,91.78,200,TGT
2025-11-06,9:36:37.643313337,T,91.61,100,91.78,200,TGT
2025-11-06,9:36:37.643583932,T,91.6,300,91.78,200,TGT
2025-11-06,9:36:37.643639140,T,91.61,100,91.78,200,TGT
2025-11-06,9:36:37.652460104,T,91.61,100,91.78,300,TGT
2025-11-06,9:36:37.752353107,T,91.55,100,91.78,300,TGT
2025-11-06,9:36:37.753195063,T,91.55,100,91.78,200,TGT
2025-11-06,9:36:37.753225147,T,91.61,100,91.78,200,TGT
2025-11-06,9:36:37.753631164,T,91.55,100,91.78,200,TGT
2025-11-06,9:36:37.753996990,T,91.61,100,91.78,200,TGT
2025-11-06,9:36:37.825617624,T,91.55,100,91.78,200,TGT
2025-11-06,9:36:37.843149372,T,91.54,200,91.78,200,TGT
2025-11-06,9:36:37.843174445,T,91.54,100,91.78,200,TGT
2025-11-06,9:36:42.389505329,T,91.54,100,91.77,100,TGT
2025-11-06,9:36:42.394497220,T,91.54,100,91.77,200,TGT
2025-11-06,9:36:51.015014171,T,91.54,200,91.77,200,TGT
2025-11-06,9:36:51.015044195,T,91.61,100,91.77,200,TGT
2025-11-06,9:36:51.140317743,T,91.61,100,91.77,100,TGT
2025-11-06,9:36:51.140342779,T,91.66,100,91.77,100,TGT
2025-11-06,9:36:51.140553176,T,91.66,200,91.77,100,TGT
2025-11-06,9:36:51.140838903,T,91.66,200,91.78,100,TGT
2025-11-06,9:36:51.140858933,T,91.73,100,91.78,100,TGT
2025-11-06,9:36:51.140858933,T,91.74,100,91.78,100,TGT
2025-11-06,9:36:51.141325104,T,91.74,100,91.82,100,TGT
2025-11-06,9:36:51.141385168,T,91.74,100,91.78,100,TGT
2025-11-06,9:36:51.141415321,T,91.73,100,91.78,100,TGT
2025-11-06,9:36:51.141445398,T,91.73,200,91.78,100,TGT
2025-11-06,9:36:51.141445398,T,91.73,100,91.78,100,TGT
2025-11-06,9:36:51.142297442,T,91.68,100,91.78,100,TGT
2025-11-06,9:36:51.142618191,T,91.67,100,91.78,100,TGT
2025-11-06,9:36:51.191564730,T,91.66,100,91.78,100,TGT
2025-11-06,9:36:52.033595681,T,91.66,200,91.78,100,TGT
2025-11-06,9:36:55.609454657,T,91.66,100,91.78,100,TGT
2025-11-06,9:36:57.883171526,T,91.66,100,91.78,200,TGT
2025-11-06,9:36:59.327071202,T,91.61,100,91.78,200,TGT
2025-11-06,9:37:03.882022528,T,91.61,100,91.78,100,TGT
2025-11-06,9:37:04.138588805,T,91.54,200,91.78,100,TGT
2025-11-06,9:37:05.361276846,T,91.54,100,91.78,100,TGT
2025-11-06,9:37:05.574534853,T,91.54,100,91.77,100,TGT
2025-11-06,9:37:05.574539793,T,91.54,100,91.76,100,TGT
2025-11-06,9:37:05.574544781,T,91.54,100,91.72,100,TGT
2025-11-06,9:37:05.574569874,T,91.54,100,91.75,200,TGT
2025-11-06,9:37:05.574589927,T,91.54,100,91.72,100,TGT
2025-11-06,9:37:05.574650081,T,91.54,100,91.75,100,TGT
2025-11-06,9:37:05.574655054,T,91.54,100,91.75,200,TGT
2025-11-06,9:37:05.574655054,T,91.54,200,91.75,200,TGT
2025-11-06,9:37:05.574660131,T,91.55,100,91.75,200,TGT
2025-11-06,9:37:05.574675137,T,91.54,200,91.75,200,TGT
2025-11-06,9:37:05.574680105,T,91.55,100,91.75,200,TGT
2025-11-06,9:37:05.574805391,T,91.55,100,91.73,100,TGT
2025-11-06,9:37:05.574815422,T,91.55,100,91.72,100,TGT
2025-11-06,9:37:05.574820445,T,91.55,100,91.71,100,TGT
2025-11-06,9:37:05.574910724,T,91.55,100,91.7,100,TGT
2025-11-06,9:37:05.574920925,T,91.55,100,91.68,100,TGT
2025-11-06,9:37:05.574960864,T,91.55,100,91.7,100,TGT
2025-11-06,9:37:05.574981352,T,91.64,100,91.7,100,TGT
2025-11-06,9:37:05.574981352,T,91.64,100,91.71,100,TGT
2025-11-06,9:37:05.574990850,T,91.64,100,91.72,100,TGT
2025-11-06,9:37:05.575031035,T,91.64,100,91.73,100,TGT
2025-11-06,9:37:05.575041084,T,91.64,200,91.73,100,TGT
2025-11-06,9:37:05.575051290,T,91.64,200,91.74,100,TGT
2025-11-06,9:37:05.575572591,T,91.64,200,91.73,100,TGT
2025-11-06,9:37:05.575602297,T,91.64,200,91.72,100,TGT
2025-11-06,9:37:05.575617460,T,91.64,200,91.73,100,TGT
2025-11-06,9:37:05.575862945,T,91.64,200,91.74,100,TGT
2025-11-06,9:37:05.576113623,T,91.64,200,91.73,100,TGT
2025-11-06,9:37:05.576629842,T,91.64,200,91.71,100,TGT
2025-11-06,9:37:05.576669900,T,91.64,200,91.73,100,TGT
2025-11-06,9:37:05.578043187,T,91.64,200,91.72,100,TGT
2025-11-06,9:37:05.675014114,T,91.64,100,91.72,100,TGT
2025-11-06,9:37:07.321215879,T,91.54,100,91.72,100,TGT
2025-11-06,9:37:07.321240998,T,91.54,100,91.67,100,TGT
2025-11-06,9:37:07.421464734,T,91.54,100,91.7,100,TGT
2025-11-06,9:37:07.521357732,T,91.54,100,91.77,100,TGT
2025-11-06,9:37:09.886156566,T,91.54,100,91.77,200,TGT
2025-11-06,9:37:20.566566041,T,91.54,100,91.77,300,TGT
2025-11-06,9:37:23.276356727,T,91.54,100,91.77,200,TGT
2025-11-06,9:37:23.276797810,T,91.54,100,91.77,100,TGT
2025-11-06,9:37:24.848868053,T,91.54,100,91.77,200,TGT
2025-11-06,9:37:24.859874290,T,91.54,100,91.77,100,TGT
2025-11-06,9:37:26.445732398,T,91.54,100,91.77,200,TGT
2025-11-06,9:37:26.445757511,T,91.54,100,91.67,100,TGT
2025-11-06,9:37:26.445787749,T,91.54,100,91.66,100,TGT
2025-11-06,9:37:26.445787749,T,91.5,300,91.66,100,TGT
2025-11-06,9:37:26.445817589,T,91.5,300,91.66,200,TGT
2025-11-06,9:37:26.445852708,T,91.5,300,91.63,100,TGT
2025-11-06,9:37:26.446534305,T,91.5,300,91.66,100,TGT
2025-11-06,9:37:26.446724781,T,91.5,300,91.63,100,TGT
2025-11-06,9:37:26.448995165,T,91.5,100,91.63,100,TGT
2025-11-06,9:37:26.546106528,T,91.5,100,91.66,100,TGT
2025-11-06,9:37:27.538661523,T,91.5,100,91.77,200,TGT
2025-11-06,9:37:27.538666148,T,91.5,100,91.66,100,TGT
2025-11-06,9:37:28.840161658,T,91.5,100,91.63,100,TGT
2025-11-06,9:37:30.741285840,T,91.5,100,91.66,100,TGT
2025-11-06,9:37:30.741295815,T,91.5,100,91.77,200,TGT
2025-11-06,9:37:30.741300855,T,91.5,100,91.77,100,TGT
2025-11-06,9:37:31.607288866,T,91.5,100,91.64,100,TGT
2025-11-06,9:37:31.611513903,T,91.5,100,91.63,100,TGT
2025-11-06,9:37:31.611523960,T,91.5,100,91.62,100,TGT
2025-11-06,9:37:31.611554007,T,91.5,100,91.59,100,TGT
2025-11-06,9:37:31.611764618,T,91.5,100,91.57,100,TGT
2025-11-06,9:37:31.612325860,T,91.5,100,91.58,100,TGT
2025-11-06,9:37:31.615037278,T,91.41,200,91.58,100,TGT
2025-11-06,9:37:31.615052307,T,91.41,200,91.54,100,TGT
2025-11-06,9:37:31.615322987,T,91.4,100,91.54,100,TGT
2025-11-06,9:37:31.615473270,T,91.4,100,91.54,200,TGT
2025-11-06,9:37:31.615613699,T,91.4,100,91.53,100,TGT
2025-11-06,9:37:31.643274555,T,91.4,100,91.54,200,TGT
2025-11-06,9:37:31.655568825,T,91.4,100,91.54,300,TGT
2025-11-06,9:37:31.715100712,T,91.4,100,91.54,200,TGT
2025-11-06,9:37:31.897620531,T,91.34,300,91.54,200,TGT
2025-11-06,9:37:36.386845426,T,91.34,300,91.53,100,TGT
2025-11-06,9:37:39.173078522,T,91.4,100,91.53,100,TGT
2025-11-06,9:37:39.173098115,T,91.41,100,91.53,100,TGT
2025-11-06,9:37:39.173113243,T,91.45,100,91.53,100,TGT
2025-11-06,9:37:39.173123182,T,91.45,100,91.54,100,TGT
2025-11-06,9:37:39.173133236,T,91.41,100,91.54,100,TGT
2025-11-06,9:37:39.173158290,T,91.46,100,91.54,100,TGT
2025-11-06,9:37:39.173318659,T,91.43,200,91.54,100,TGT
2025-11-06,9:37:39.173318659,T,91.49,100,91.54,100,TGT
2025-11-06,9:37:39.174416282,T,91.43,100,91.54,100,TGT
2025-11-06,9:37:39.174441409,T,91.43,100,91.53,100,TGT
2025-11-06,9:37:39.174441409,T,91.41,100,91.53,100,TGT
2025-11-06,9:37:39.174496474,T,91.4,100,91.53,100,TGT
2025-11-06,9:37:39.181934266,T,91.34,300,91.53,100,TGT
2025-11-06,9:37:51.622577151,T,91.34,300,91.53,200,TGT
2025-11-06,9:37:51.622577151,T,91.34,300,91.53,100,TGT
2025-11-06,9:37:51.622802638,T,91.34,200,91.53,100,TGT
2025-11-06,9:37:51.622872788,T,91.3,100,91.53,100,TGT
2025-11-06,9:37:54.682396780,T,91.3,100,91.48,100,TGT
2025-11-06,9:37:54.682426823,T,91.3,100,91.47,100,TGT
2025-11-06,9:37:54.682461900,T,91.28,300,91.47,100,TGT
2025-11-06,9:37:54.682491958,T,91.28,300,91.45,100,TGT
2025-11-06,9:37:54.682517050,T,91.28,300,91.44,100,TGT
2025-11-06,9:37:54.682542186,T,91.28,300,91.44,200,TGT
2025-11-06,9:37:54.682607297,T,91.28,300,91.44,100,TGT
2025-11-06,9:37:54.682607297,T,91.3,100,91.44,100,TGT
2025-11-06,9:37:54.683223724,T,91.3,100,91.45,100,TGT
2025-11-06,9:37:54.683308926,T,91.3,100,91.42,100,TGT
2025-11-06,9:37:54.686396352,T,91.3,200,91.42,100,TGT
2025-11-06,9:37:54.686396352,T,91.32,100,91.42,100,TGT
2025-11-06,9:37:54.686416643,T,91.35,100,91.42,100,TGT
2025-11-06,9:37:54.686421386,T,91.35,100,91.46,100,TGT
2025-11-06,9:37:54.686441792,T,91.39,100,91.46,100,TGT
2025-11-06,9:37:54.686997788,T,91.38,100,91.46,100,TGT
2025-11-06,9:37:54.687022774,T,91.35,100,91.46,100,TGT
2025-11-06,9:37:54.690235461,T,91.35,100,91.47,100,TGT
2025-11-06,9:37:54.690741676,T,91.38,100,91.47,100,TGT
2025-11-06,9:37:54.690756658,T,91.4,100,91.47,100,TGT
2025-11-06,9:37:54.690796839,T,91.4,100,91.53,100,TGT
2025-11-06,9:37:54.692621133,T,91.4,100,91.59,200,TGT
2025-11-06,9:37:54.698755811,T,91.4,100,91.53,100,TGT
2025-11-06,9:37:54.698775765,T,91.38,100,91.53,100,TGT
2025-11-06,9:37:54.886553242,T,91.35,100,91.53,100,TGT
2025-11-06,9:37:55.550083992,T,91.35,100,91.49,100,TGT
2025-11-06,9:37:55.550089001,T,91.35,100,91.48,100,TGT
2025-11-06,9:37:55.550114273,T,91.35,100,91.49,100,TGT
2025-11-06,9:37:55.550165146,T,91.3,100,91.49,100,TGT
2025-11-06,9:37:55.550169251,T,91.3,100,91.48,100,TGT
2025-11-06,9:37:55.550364684,T,91.3,100,91.48,200,TGT
2025-11-06,9:37:55.550384782,T,91.3,100,91.48,100,TGT
2025-11-06,9:37:55.554424357,T,91.3,100,91.48,200,TGT
2025-11-06,9:37:55.557140775,T,91.3,100,91.48,100,TGT
2025-11-06,9:37:57.161161929,T,91.3,100,91.59,200,TGT
2025-11-06,9:37:57.161186979,T,91.3,100,91.59,100,TGT
2025-11-06,9:37:57.161202075,T,91.3,100,91.59,200,TGT
2025-11-06,9:37:57.312722999,T,91.3,100,91.43,100,TGT
2025-11-06,9:37:57.312758129,T,91.3,100,91.43,200,TGT
2025-11-06,9:37:57.312763175,T,91.3,100,91.42,100,TGT
2025-11-06,9:37:57.312958668,T,91.3,100,91.39,100,TGT
2025-11-06,9:37:57.313128974,T,91.3,100,91.42,100,TGT
2025-11-06,9:37:57.313745515,T,91.3,100,91.39,100,TGT
2025-11-06,9:37:57.320090627,T,91.3,100,91.41,100,TGT
2025-11-06,9:37:57.326796534,T,91.3,100,91.42,100,TGT
2025-11-06,9:37:57.326962010,T,91.3,100,91.41,100,TGT
2025-11-06,9:37:57.326966969,T,91.3,100,91.39,100,TGT
2025-11-06,9:37:57.326997063,T,91.25,100,91.39,100,TGT
2025-11-06,9:37:57.327217606,T,91.25,100,91.41,100,TGT
2025-11-06,9:37:57.327944335,T,91.25,100,91.39,100,TGT
2025-11-06,9:37:58.451841834,T,91.25,100,91.38,100,TGT
2025-11-06,9:37:58.465399161,T,91.25,100,91.38,200,TGT
2025-11-06,9:37:59.421035767,T,91.23,100,91.38,200,TGT
2025-11-06,9:37:59.421351496,T,91.23,100,91.38,100,TGT
2025-11-06,9:37:59.574541487,T,91.25,100,91.38,100,TGT
2025-11-06,9:38:00.891067883,T,91.25,100,91.38,200,TGT
2025-11-06,9:38:01.086333103,T,91.23,100,91.38,200,TGT
2025-11-06,9:38:01.839256745,T,91.25,100,91.38,200,TGT
2025-11-06,9:38:03.522702292,T,91.27,100,91.38,200,TGT
2025-11-06,9:38:09.734535968,T,91.27,400,91.38,200,TGT
2025-11-06,9:38:10.721958368,T,91.27,400,91.38,100,TGT
2025-11-06,9:38:10.721958368,T,91.27,400,91.42,100,TGT
2025-11-06,9:38:10.721963342,T,91.27,400,91.53,300,TGT
2025-11-06,9:38:10.721968552,T,91.3,100,91.53,300,TGT
2025-11-06,9:38:10.721973614,T,91.31,100,91.53,300,TGT
2025-11-06,9:38:10.721978335,T,91.36,100,91.53,300,TGT
2025-11-06,9:38:10.721988382,T,91.36,100,91.53,200,TGT
2025-11-06,9:38:10.723256409,T,91.34,100,91.53,200,TGT
2025-11-06,9:38:10.823109324,T,91.32,100,91.53,200,TGT
2025-11-06,9:38:10.823129379,T,91.31,100,91.53,200,TGT
2025-11-06,9:38:10.922591293,T,91.3,100,91.53,200,TGT
2025-11-06,9:38:13.332998793,T,91.32,100,91.53,200,TGT
2025-11-06,9:38:13.340025496,T,91.3,100,91.53,200,TGT
2025-11-06,9:38:14.711161955,T,91.32,100,91.53,200,TGT
2025-11-06,9:38:14.711176907,T,91.36,100,91.53,200,TGT
2025-11-06,9:38:14.711176907,T,91.37,100,91.53,200,TGT
2025-11-06,9:38:14.711191967,T,91.36,100,91.53,200,TGT
2025-11-06,9:38:14.711197042,T,91.37,100,91.53,200,TGT
2025-11-06,9:38:14.711643060,T,91.37,200,91.53,200,TGT
2025-11-06,9:38:14.711658054,T,91.38,100,91.53,200,TGT
2025-11-06,9:38:14.711743316,T,91.38,200,91.53,200,TGT
2025-11-06,9:38:14.711793448,T,91.38,200,91.58,100,TGT
2025-11-06,9:38:14.711793448,T,91.38,100,91.58,100,TGT
2025-11-06,9:38:14.711818521,T,91.38,200,91.58,100,TGT
2025-11-06,9:38:14.711833487,T,91.38,200,91.59,400,TGT
2025-11-06,9:38:14.711848573,T,91.38,100,91.59,400,TGT
2025-11-06,9:38:14.727119966,T,91.37,200,91.59,400,TGT
2025-11-06,9:38:14.727145035,T,91.37,100,91.59,400,TGT
2025-11-06,9:38:14.732823534,T,91.37,100,91.49,100,TGT
2025-11-06,9:38:14.911373926,T,91.36,100,91.49,100,TGT
2025-11-06,9:38:18.042292888,T,91.36,200,91.49,100,TGT
2025-11-06,9:38:18.042503321,T,91.36,300,91.49,100,TGT
2025-11-06,9:38:18.048608078,T,91.36,300,91.59,400,TGT
2025-11-06,9:38:18.048617970,T,91.37,100,91.59,400,TGT
2025-11-06,9:38:18.048627910,T,91.39,100,91.59,400,TGT
2025-11-06,9:38:18.048627910,T,91.45,100,91.59,400,TGT
2025-11-06,9:38:18.049124137,T,91.45,200,91.59,400,TGT
2025-11-06,9:38:18.049154219,T,91.45,200,91.59,300,TGT
2025-11-06,9:38:18.049154219,T,91.45,100,91.59,300,TGT
2025-11-06,9:38:18.049409783,T,91.45,100,91.59,400,TGT
2025-11-06,9:38:18.052401979,T,91.45,100,91.59,200,TGT
2025-11-06,9:38:18.052437023,T,91.45,200,91.59,200,TGT
2025-11-06,9:38:18.054176238,T,91.45,300,91.59,200,TGT
2025-11-06,9:38:18.058757078,T,91.45,200,91.59,200,TGT
2025-11-06,9:38:18.148726523,T,91.45,100,91.59,200,TGT
2025-11-06,9:38:18.249326195,T,91.39,100,91.59,200,TGT
2025-11-06,9:38:21.734268383,T,91.39,100,91.58,100,TGT
2025-11-06,9:38:21.734288423,T,91.4,100,91.58,100,TGT
2025-11-06,9:38:21.734764504,T,91.4,100,91.59,200,TGT
2025-11-06,9:38:21.738323038,T,91.39,100,91.59,200,TGT
2025-11-06,9:38:21.738443292,T,91.4,100,91.59,200,TGT
2025-11-06,9:38:21.740788852,T,91.4,100,91.59,100,TGT
2025-11-06,9:38:22.061793599,T,91.4,100,91.53,100,TGT
2025-11-06,9:38:22.061828644,T,91.39,100,91.53,100,TGT
2025-11-06,9:38:30.261969294,T,91.44,100,91.53,100,TGT
2025-11-06,9:38:34.401626390,T,91.44,100,91.59,100,TGT
2025-11-06,9:38:38.428038566,T,91.44,100,91.52,100,TGT
2025-11-06,9:38:40.585152805,T,91.39,100,91.52,100,TGT
2025-11-06,9:38:40.585177735,T,91.39,100,91.48,100,TGT
2025-11-06,9:38:40.585183030,T,91.37,100,91.48,100,TGT
2025-11-06,9:38:40.585212819,T,91.32,100,91.48,100,TGT
2025-11-06,9:38:40.585212819,T,91.3,100,91.48,100,TGT
2025-11-06,9:38:40.585227887,T,91.3,100,91.48,200,TGT
2025-11-06,9:38:40.585232915,T,91.3,100,91.46,100,TGT
2025-11-06,9:38:40.585794293,T,91.3,100,91.48,100,TGT
2025-11-06,9:38:40.685181053,T,91.3,100,91.51,100,TGT
2025-11-06,9:38:40.699414932,T,91.3,100,91.48,100,TGT
2025-11-06,9:38:40.894138850,T,91.3,100,91.47,100,TGT
2025-11-06,9:38:40.894173948,T,91.3,100,91.44,100,TGT
2025-11-06,9:38:41.921305942,T,91.3,100,91.44,200,TGT
2025-11-06,9:38:41.921315919,T,91.3,100,91.44,100,TGT
2025-11-06,9:38:41.921546449,T,91.26,100,91.44,100,TGT
2025-11-06,9:38:42.083798007,T,91.3,100,91.44,100,TGT
2025-11-06,9:38:42.189364539,T,91.26,100,91.44,100,TGT
2025-11-06,9:38:42.189394563,T,91.3,100,91.44,100,TGT
2025-11-06,9:38:42.190432052,T,91.26,100,91.44,100,TGT
2025-11-06,9:38:42.386223467,T,91.3,100,91.44,100,TGT
2025-11-06,9:38:42.418871255,T,91.26,100,91.44,100,TGT
2025-11-06,9:38:42.434212787,T,91.26,100,91.44,200,TGT
2025-11-06,9:38:42.485339557,T,91.25,300,91.44,200,TGT
2025-11-06,9:38:42.485339557,T,91.25,300,91.43,100,TGT
2025-11-06,9:38:42.485374704,T,91.25,300,91.4,100,TGT
2025-11-06,9:38:42.485379622,T,91.25,300,91.43,100,TGT
2025-11-06,9:38:42.485499922,T,91.25,100,91.43,100,TGT
2025-11-06,9:38:42.485565101,T,91.25,100,91.43,200,TGT
2025-11-06,9:38:42.485595202,T,91.23,100,91.43,200,TGT
2025-11-06,9:38:42.485620203,T,91.23,100,91.39,100,TGT
2025-11-06,9:38:42.485645257,T,91.23,100,91.38,100,TGT
2025-11-06,9:38:42.485660292,T,91.23,100,91.39,100,TGT
2025-11-06,9:38:42.485820712,T,91.23,100,91.38,100,TGT
2025-11-06,9:38:42.486487315,T,91.23,100,91.38,200,TGT
2025-11-06,9:38:42.486562509,T,91.19,300,91.38,200,TGT
2025-11-06,9:38:42.486592554,T,91.19,200,91.38,200,TGT
2025-11-06,9:38:42.487033665,T,91.19,200,91.35,100,TGT
2025-11-06,9:38:42.487063707,T,91.19,200,91.34,100,TGT
2025-11-06,9:38:42.487404504,T,91.19,200,91.32,100,TGT
2025-11-06,9:38:42.487439593,T,91.19,200,91.31,100,TGT
2025-11-06,9:38:42.488807887,T,91.19,200,91.3,100,TGT
2025-11-06,9:38:42.488827843,T,91.19,200,91.31,100,TGT
2025-11-06,9:38:42.488847981,T,91.19,200,91.3,100,TGT
2025-11-06,9:38:42.489158655,T,91.19,200,91.31,100,TGT
2025-11-06,9:38:42.489314078,T,91.19,200,91.3,100,TGT
2025-11-06,9:38:42.489314078,T,91.19,200,91.27,100,TGT
2025-11-06,9:38:42.490406607,T,91.19,200,91.28,100,TGT
2025-11-06,9:38:42.491193576,T,91.19,200,91.3,100,TGT
2025-11-06,9:38:42.502991676,T,91.11,100,91.3,100,TGT
2025-11-06,9:38:42.503031759,T,91.04,100,91.3,100,TGT
2025-11-06,9:38:42.503066788,T,91.11,100,91.3,100,TGT
2025-11-06,9:38:42.520764278,T,91.11,100,91.28,100,TGT
2025-11-06,9:38:42.520784163,T,91.11,100,91.27,100,TGT
2025-11-06,9:38:42.520794015,T,91.11,100,91.28,100,TGT
2025-11-06,9:38:42.521731266,T,91.11,100,91.3,100,TGT
2025-11-06,9:38:42.521761381,T,91.11,100,91.28,100,TGT
2025-11-06,9:38:43.693527898,T,91.11,100,91.27,100,TGT
2025-11-06,9:38:43.956770124,T,91.11,100,91.27,300,TGT
2025-11-06,9:38:45.070829178,T,91.11,100,91.26,100,TGT
2025-11-06,9:38:45.070849494,T,91.11,100,91.26,200,TGT
2025-11-06,9:38:45.070849494,T,91.11,100,91.26,100,TGT
2025-11-06,9:38:45.070849494,T,91.11,100,91.26,200,TGT
2025-11-06,9:38:45.070874437,T,91.11,100,91.25,100,TGT
2025-11-06,9:38:45.072227520,T,91.11,100,91.23,100,TGT
2025-11-06,9:38:45.077896005,T,91.11,100,91.26,200,TGT
2025-11-06,9:38:45.077926054,T,91.11,100,91.23,100,TGT
2025-11-06,9:38:45.115655932,T,91.08,300,91.23,100,TGT
2025-11-06,9:38:45.115680981,T,91.08,300,91.22,100,TGT
2025-11-06,9:38:45.119745678,T,91.08,100,91.22,100,TGT
2025-11-06,9:38:45.119770776,T,91.04,100,91.22,100,TGT
2025-11-06,9:38:45.120693015,T,91.03,100,91.22,100,TGT
2025-11-06,9:38:45.120723034,T,91.03,100,91.21,100,TGT
2025-11-06,9:38:45.120728020,T,91.03,100,91.2,100,TGT
2025-11-06,9:38:45.120878411,T,91.04,100,91.2,100,TGT
2025-11-06,9:38:45.120908490,T,91.06,100,91.2,100,TGT
2025-11-06,9:38:45.121068898,T,91.06,100,91.18,100,TGT
2025-11-06,9:38:45.121073882,T,91.04,100,91.18,100,TGT
2025-11-06,9:38:45.121103908,T,91.03,100,91.18,100,TGT
2025-11-06,9:38:45.121139079,T,91.03,100,91.2,200,TGT
2025-11-06,9:38:45.121154103,T,91.02,200,91.2,200,TGT
2025-11-06,9:38:45.121154103,T,91.02,200,91.18,100,TGT
2025-11-06,9:38:45.121164313,T,91.02,200,91.2,200,TGT
2025-11-06,9:38:45.121194271,T,91.03,100,91.2,200,TGT
2025-11-06,9:38:45.121194271,T,91.03,100,91.2,100,TGT
2025-11-06,9:38:45.121229271,T,91.04,100,91.2,100,TGT
2025-11-06,9:38:45.121249305,T,91.06,100,91.2,100,TGT
2025-11-06,9:38:45.121264285,T,91.11,100,91.2,100,TGT
2025-11-06,9:38:45.121279359,T,91.06,100,91.2,100,TGT
2025-11-06,9:38:45.121289552,T,91.04,100,91.2,100,TGT
2025-11-06,9:38:45.121319491,T,91.06,100,91.2,100,TGT
2025-11-06,9:38:45.121474864,T,91.06,200,91.2,100,TGT
2025-11-06,9:38:45.121655316,T,91.14,100,91.2,100,TGT
2025-11-06,9:38:45.122687676,T,91.06,100,91.2,100,TGT
2025-11-06,9:38:45.127619443,T,91.04,100,91.2,100,TGT
2025-11-06,9:38:45.200357701,T,91.04,100,91.2,300,TGT
2025-11-06,9:38:45.220896737,T,91.04,100,91.2,200,TGT
2025-11-06,9:38:45.234103079,T,91.04,100,91.2,300,TGT
2025-11-06,9:38:45.474525871,T,91.04,100,91.2,200,TGT
2025-11-06,9:38:46.071217535,T,91.05,100,91.2,200,TGT
2025-11-06,9:38:46.072024434,T,91.05,100,91.2,400,TGT
2025-11-06,9:38:48.422303790,T,91.05,100,91.2,500,TGT
2025-11-06,9:38:48.422313777,T,91.05,100,91.19,100,TGT
2025-11-06,9:38:48.422544345,T,91.04,100,91.19,100,TGT
2025-11-06,9:38:48.422855031,T,91.04,100,91.17,100,TGT
2025-11-06,9:38:48.422870127,T,91.04,100,91.19,100,TGT
2025-11-06,9:38:48.522302016,T,91.04,100,91.2,300,TGT
2025-11-06,9:38:48.622345314,T,91.04,100,91.2,200,TGT
2025-11-06,9:38:48.894553694,T,91.04,100,91.2,300,TGT
2025-11-06,9:38:52.737067896,T,91.06,200,91.2,300,TGT
2025-11-06,9:38:54.994586205,T,91.06,300,91.2,300,TGT
2025-11-06,9:38:54.996390817,T,91.1,100,91.2,300,TGT
2025-11-06,9:38:54.996390817,T,91.11,100,91.2,300,TGT
2025-11-06,9:38:54.996405516,T,91.1,100,91.2,300,TGT
2025-11-06,9:38:54.996430575,T,91.11,100,91.2,300,TGT
2025-11-06,9:38:54.996621008,T,91.11,200,91.2,300,TGT
2025-11-06,9:38:55.006835384,T,91.11,100,91.2,300,TGT
2025-11-06,9:38:55.174209036,T,91.1,100,91.2,300,TGT
2025-11-06,9:38:55.175176406,T,91.1,200,91.2,300,TGT
2025-11-06,9:38:55.636254761,T,91.1,100,91.2,300,TGT
2025-11-06,9:38:57.968135192,T,91.1,200,91.2,300,TGT
2025-11-06,9:38:57.968195406,T,91.1,200,91.2,100,TGT
2025-11-06,9:38:57.968220419,T,91.1,200,91.28,100,TGT
2025-11-06,9:38:57.968220419,T,91.11,100,91.28,100,TGT
2025-11-06,9:38:57.968240453,T,91.12,100,91.28,100,TGT
2025-11-06,9:38:57.968240453,T,91.16,100,91.28,100,TGT
2025-11-06,9:38:57.968260525,T,91.16,200,91.28,100,TGT
2025-11-06,9:38:57.968440986,T,91.18,100,91.28,100,TGT
2025-11-06,9:38:57.968761701,T,91.18,200,91.28,100,TGT
2025-11-06,9:38:57.968997357,T,91.18,100,91.28,100,TGT
2025-11-06,9:38:57.969423259,T,91.18,100,91.3,100,TGT
2025-11-06,9:38:57.970611145,T,91.18,100,91.29,100,TGT
2025-11-06,9:38:58.219042940,T,91.12,100,91.29,100,TGT
2025-11-06,9:38:58.219824877,T,91.12,100,91.32,100,TGT
2025-11-06,9:39:01.205953673,T,91.11,100,91.32,100,TGT
2025-11-06,9:39:01.205973722,T,91.11,100,91.3,100,TGT
2025-11-06,9:39:01.205983746,T,91.11,100,91.29,100,TGT
2025-11-06,9:39:01.205993718,T,91.11,100,91.27,100,TGT
2025-11-06,9:39:01.206008775,T,91.11,100,91.26,100,TGT
2025-11-06,9:39:01.206013834,T,91.1,100,91.26,100,TGT
2025-11-06,9:39:01.206043874,T,91.1,100,91.24,100,TGT
2025-11-06,9:39:01.206214300,T,91.1,100,91.24,200,TGT
2025-11-06,9:39:01.206289495,T,91.05,100,91.24,200,TGT
2025-11-06,9:39:01.206359632,T,91.04,100,91.24,200,TGT
2025-11-06,9:39:01.211912844,T,91.04,100,91.24,100,TGT
2025-11-06,9:39:01.213075665,T,91.04,100,91.26,100,TGT
2025-11-06,9:39:01.221350358,T,91.04,100,91.28,100,TGT
2025-11-06,9:39:01.306007043,T,91.04,100,91.29,100,TGT
2025-11-06,9:39:01.406045360,T,91.04,100,91.3,100,TGT
2025-11-06,9:39:02.100164063,T,91.04,100,91.29,100,TGT
2025-11-06,9:39:02.387618928,T,91.04,100,91.3,100,TGT
2025-11-06,9:39:02.388766712,T,91.04,100,91.29,100,TGT
2025-11-06,9:39:03.567660155,T,91.04,100,91.27,100,TGT
2025-11-06,9:39:05.067453259,T,91.03,100,91.27,100,TGT
2025-11-06,9:39:05.067483321,T,91.03,100,91.27,200,TGT
2025-11-06,9:39:05.067503357,T,91.03,100,91.26,100,TGT
2025-11-06,9:39:05.067683828,T,91.03,100,91.21,100,TGT
2025-11-06,9:39:05.067723856,T,91.03,100,91.27,200,TGT
2025-11-06,9:39:06.077203782,T,91.03,100,91.27,100,TGT
2025-11-06,9:39:09.822882224,T,91.03,100,91.27,200,TGT
2025-11-06,9:39:09.822882224,T,91.03,100,91.21,100,TGT
2025-11-06,9:39:09.822892224,T,91.03,100,91.2,100,TGT
2025-11-06,9:39:09.822927360,T,91.03,100,91.2,200,TGT
2025-11-06,9:39:09.822957413,T,91.03,100,91.19,100,TGT
2025-11-06,9:39:09.822977543,T,91.03,100,91.2,200,TGT
2025-11-06,9:39:09.887380909,T,91.03,100,91.19,100,TGT
2025-11-06,9:39:09.889826691,T,91.03,100,91.17,100,TGT
2025-11-06,9:39:09.889836717,T,91.03,100,91.16,100,TGT
2025-11-06,9:39:09.989844938,T,91.03,100,91.17,100,TGT
2025-11-06,9:39:10.823310616,T,91.04,100,91.17,100,TGT
2025-11-06,9:39:11.328619430,T,91.04,100,91.16,100,TGT
2025-11-06,9:39:12.854524779,T,91.05,100,91.16,100,TGT
2025-11-06,9:39:12.854529702,T,91.06,100,91.16,100,TGT
2025-11-06,9:39:12.854560324,T,91.06,100,91.26,100,TGT
2025-11-06,9:39:12.854564875,T,91.07,100,91.26,100,TGT
2025-11-06,9:39:12.854584855,T,91.09,100,91.26,100,TGT
2025-11-06,9:39:12.854584855,T,91.11,100,91.26,100,TGT
2025-11-06,9:39:12.854619965,T,91.11,100,91.29,100,TGT
2025-11-06,9:39:12.855456972,T,91.11,200,91.29,100,TGT
2025-11-06,9:39:12.858644522,T,91.11,100,91.29,100,TGT
2025-11-06,9:39:12.861631623,T,91.09,100,91.29,100,TGT
2025-11-06,9:39:12.963985535,T,91.11,100,91.29,100,TGT
2025-11-06,9:39:12.963985535,T,91.12,100,91.29,100,TGT
2025-11-06,9:39:12.964000580,T,91.11,100,91.29,100,TGT
2025-11-06,9:39:12.964015518,T,91.12,100,91.29,100,TGT
2025-11-06,9:39:12.964216085,T,91.12,200,91.29,100,TGT
2025-11-06,9:39:12.971047288,T,91.12,100,91.29,100,TGT
2025-11-06,9:39:12.974620791,T,91.11,100,91.29,100,TGT
2025-11-06,9:39:13.030965066,T,91.09,100,91.29,100,TGT
2025-11-06,9:39:13.164478102,T,91.05,100,91.29,100,TGT
2025-11-06,9:39:15.741587650,T,91.05,100,91.3,100,TGT
2025-11-06,9:39:15.741587650,T,91.05,100,91.29,100,TGT
2025-11-06,9:39:15.742149022,T,91.05,100,91.3,100,TGT
2025-11-06,9:39:15.742615048,T,91.09,100,91.3,100,TGT
2025-11-06,9:39:15.743016072,T,91.05,100,91.3,100,TGT
2025-11-06,9:39:15.747145850,T,91.05,100,91.29,100,TGT
2025-11-06,9:39:15.970132208,T,91.05,100,91.29,200,TGT
2025-11-06,9:39:15.970137568,T,91.05,100,91.28,100,TGT
2025-11-06,9:39:15.970142180,T,91.05,100,91.29,200,TGT
2025-11-06,9:39:15.970162224,T,91.05,100,91.26,100,TGT
2025-11-06,9:39:15.970182232,T,91.05,100,91.23,100,TGT
2025-11-06,9:39:15.987037416,T,91.04,100,91.23,100,TGT
2025-11-06,9:39:15.987062478,T,91.03,100,91.23,100,TGT
2025-11-06,9:39:16.892970749,T,91.03,100,91.22,100,TGT
2025-11-06,9:39:16.892970749,T,91.03,100,91.21,100,TGT
2025-11-06,9:39:16.892980744,T,91.03,100,91.2,100,TGT
2025-11-06,9:39:16.897972689,T,91.03,100,91.21,100,TGT
2025-11-06,9:39:16.899340981,T,91.03,100,91.17,100,TGT
2025-11-06,9:39:16.900002540,T,91.03,100,91.21,100,TGT
2025-11-06,9:39:16.903084792,T,91.03,100,91.22,100,TGT
2025-11-06,9:39:16.975868194,T,91.03,100,91.21,100,TGT
2025-11-06,9:39:16.993034134,T,91.03,100,91.22,100,TGT
2025-11-06,9:39:17.093077482,T,91.03,100,91.23,100,TGT
2025-11-06,9:39:17.893374083,T,91.04,100,91.23,100,TGT
2025-11-06,9:39:19.394003978,T,91.04,100,91.23,200,TGT
2025-11-06,9:39:19.394460035,T,91.04,100,91.22,100,TGT
2025-11-06,9:39:19.394465103,T,91.04,100,91.19,100,TGT
2025-11-06,9:39:19.409896826,T,91.04,100,91.22,100,TGT
2025-11-06,9:39:19.409931979,T,91.04,100,91.22,200,TGT
2025-11-06,9:39:20.396612574,T,91.04,100,91.22,300,TGT
2025-11-06,9:39:21.074888430,T,91.04,100,91.22,200,TGT
2025-11-06,9:39:22.461341490,T,91.06,100,91.22,200,TGT
2025-11-06,9:39:22.461652247,T,91.06,100,91.22,300,TGT
2025-11-06,9:39:22.461662322,T,91.06,100,91.19,100,TGT
2025-11-06,9:39:22.464774759,T,91.06,100,91.15,100,TGT
2025-11-06,9:39:22.468172811,T,91.06,100,91.19,100,TGT
2025-11-06,9:39:22.625392290,T,91.02,200,91.19,100,TGT
2025-11-06,9:39:22.625392290,T,91.02,200,91.17,100,TGT
2025-11-06,9:39:22.625402379,T,91.02,200,91.14,100,TGT
2025-11-06,9:39:22.625412446,T,91.02,200,91.1,100,TGT
2025-11-06,9:39:22.625422369,T,91.02,100,91.1,100,TGT
2025-11-06,9:39:22.626695457,T,91.02,100,91.13,100,TGT
2025-11-06,9:39:22.626700467,T,91.02,200,91.13,100,TGT
2025-11-06,9:39:22.626705423,T,91.03,100,91.13,100,TGT
2025-11-06,9:39:22.626710508,T,91.05,100,91.13,100,TGT
2025-11-06,9:39:22.626740589,T,91.05,100,91.14,100,TGT
2025-11-06,9:39:22.626830759,T,91.06,100,91.14,100,TGT
2025-11-06,9:39:22.626981172,T,91.06,100,91.13,100,TGT
2025-11-06,9:39:22.626991102,T,91.06,100,91.13,200,TGT
2025-11-06,9:39:22.627031200,T,91.06,100,91.1,100,TGT
2025-11-06,9:39:22.627041239,T,91.05,100,91.1,100,TGT
2025-11-06,9:39:22.627046259,T,91.05,200,91.1,100,TGT
2025-11-06,9:39:22.627056260,T,91.05,300,91.1,100,TGT
2025-11-06,9:39:22.627066362,T,91.05,300,91.1,300,TGT
2025-11-06,9:39:22.627076303,T,91.05,300,91.1,200,TGT
2025-11-06,9:39:22.627081380,T,91.05,300,91.1,100,TGT
2025-11-06,9:39:22.627081380,T,91.05,300,91.14,100,TGT
2025-11-06,9:39:22.627106459,T,91.06,100,91.14,100,TGT
2025-11-06,9:39:22.627116496,T,91.06,100,91.13,100,TGT
2025-11-06,9:39:22.627126490,T,91.05,200,91.13,100,TGT
2025-11-06,9:39:22.627201685,T,91.05,200,91.13,200,TGT
2025-11-06,9:39:22.627517380,T,91.05,200,91.13,300,TGT
2025-11-06,9:39:22.628499749,T,91.05,100,91.13,300,TGT
2025-11-06,9:39:22.628554936,T,91.05,100,91.13,200,TGT
2025-11-06,9:39:22.636067747,T,91.05,100,91.13,300,TGT
2025-11-06,9:39:22.636087890,T,91.05,100,91.12,100,TGT
2025-11-06,9:39:22.636087890,T,91.05,100,91.12,200,TGT
2025-11-06,9:39:22.636112885,T,91.05,100,91.12,100,TGT
2025-11-06,9:39:22.636137958,T,91.05,100,91.13,100,TGT
2025-11-06,9:39:22.636137958,T,91.05,100,91.18,100,TGT
2025-11-06,9:39:22.636143320,T,91.06,100,91.18,100,TGT
2025-11-06,9:39:22.636143320,T,91.08,100,91.18,100,TGT
2025-11-06,9:39:22.636163005,T,91.08,100,91.22,100,TGT
2025-11-06,9:39:22.636188006,T,91.06,100,91.22,100,TGT
2025-11-06,9:39:22.636193101,T,91.08,100,91.22,100,TGT
2025-11-06,9:39:22.656070458,T,91.08,100,91.18,100,TGT
2025-11-06,9:39:22.656095480,T,91.08,100,91.22,100,TGT
2025-11-06,9:39:22.656115517,T,91.06,100,91.22,100,TGT
2025-11-06,9:39:22.656140554,T,91.05,100,91.22,100,TGT
2025-11-06,9:39:22.683365455,T,91.05,100,91.17,100,TGT
2025-11-06,9:39:22.728497983,T,91.04,100,91.17,100,TGT
2025-11-06,9:39:22.762804677,T,91.04,100,91.17,200,TGT
2025-11-06,9:39:23.365510582,T,91.04,100,91.17,100,TGT
2025-11-06,9:39:23.365536251,T,91.05,100,91.17,100,TGT
2025-11-06,9:39:23.365536251,T,91.06,100,91.17,100,TGT
2025-11-06,9:39:23.365560796,T,91.07,100,91.17,100,TGT
2025-11-06,9:39:23.366061988,T,91.07,200,91.17,100,TGT
2025-11-06,9:39:23.372597536,T,91.07,100,91.17,100,TGT
2025-11-06,9:39:23.567211089,T,91.05,100,91.17,100,TGT
2025-11-06,9:39:24.076915425,T,91.07,100,91.17,100,TGT
2025-11-06,9:39:24.076965585,T,91.05,100,91.17,100,TGT
2025-11-06,9:39:24.084187718,T,91.05,100,91.17,200,TGT
2025-11-06,9:39:24.565981109,T,91.05,100,91.17,100,TGT
2025-11-06,9:39:24.565985777,T,91.05,100,91.23,100,TGT
2025-11-06,9:39:24.565985777,T,91.08,100,91.23,100,TGT
2025-11-06,9:39:24.565990622,T,91.09,100,91.23,100,TGT
2025-11-06,9:39:24.566000747,T,91.15,100,91.23,100,TGT
2025-11-06,9:39:24.566050784,T,91.15,100,91.25,100,TGT
2025-11-06,9:39:24.566076271,T,91.15,100,91.26,100,TGT
2025-11-06,9:39:24.567338802,T,91.13,100,91.26,100,TGT
2025-11-06,9:39:24.570325896,T,91.13,100,91.29,100,TGT
2025-11-06,9:39:24.575798947,T,91.13,100,91.26,100,TGT
2025-11-06,9:39:24.576535717,T,91.13,100,91.29,100,TGT
2025-11-06,9:39:24.666184322,T,91.12,100,91.29,100,TGT
2025-11-06,9:39:25.282041543,T,91.12,300,91.29,100,TGT
2025-11-06,9:39:27.066226988,T,91.12,200,91.29,100,TGT
2025-11-06,9:39:27.168440579,T,91.12,300,91.29,100,TGT
2025-11-06,9:39:27.168505639,T,91.12,300,91.28,100,TGT
2025-11-06,9:39:27.479471500,T,91.12,200,91.28,100,TGT
2025-11-06,9:39:28.038207701,T,91.12,300,91.28,100,TGT
2025-11-06,9:39:28.352130543,T,91.12,200,91.28,100,TGT
2025-11-06,9:39:28.959778066,T,91.12,200,91.28,200,TGT
2025-11-06,9:39:29.923228343,T,91.12,200,91.28,300,TGT
2025-11-06,9:39:29.923263806,T,91.12,200,91.28,200,TGT
2025-11-06,9:39:29.923298503,T,91.12,300,91.28,200,TGT
2025-11-06,9:39:29.923644301,T,91.12,200,91.28,200,TGT
2025-11-06,9:39:29.923644301,T,91.12,200,91.26,100,TGT
2025-11-06,9:39:29.923789647,T,91.12,200,91.24,100,TGT
2025-11-06,9:39:29.923975133,T,91.12,300,91.24,100,TGT
2025-11-06,9:39:29.924431170,T,91.12,200,91.24,100,TGT
2025-11-06,9:39:29.924546475,T,91.12,300,91.24,100,TGT
2025-11-06,9:39:29.925052705,T,91.12,200,91.24,100,TGT
2025-11-06,9:39:29.925538841,T,91.12,300,91.24,100,TGT
2025-11-06,9:39:29.926050042,T,91.12,200,91.24,100,TGT
2025-11-06,9:39:29.930330281,T,91.12,300,91.24,100,TGT
2025-11-06,9:39:29.930816478,T,91.12,200,91.24,100,TGT
2025-11-06,9:39:34.750829429,T,91.12,300,91.24,100,TGT
2025-11-06,9:39:34.750829429,T,91.12,200,91.24,100,TGT
2025-11-06,9:39:38.480003379,T,91.12,200,91.23,100,TGT
2025-11-06,9:39:38.480008381,T,91.12,200,91.24,100,TGT
2025-11-06,9:39:38.480018341,T,91.12,200,91.24,200,TGT
2025-11-06,9:39:38.480023415,T,91.12,200,91.24,100,TGT
2025-11-06,9:39:38.480504488,T,91.12,200,91.26,100,TGT
2025-11-06,9:39:38.485135615,T,91.12,200,91.24,100,TGT
2025-11-06,9:39:38.610103236,T,91.12,200,91.22,100,TGT
2025-11-06,9:39:38.614378427,T,91.12,300,91.22,100,TGT
2025-11-06,9:39:38.614383535,T,91.13,100,91.22,100,TGT
2025-11-06,9:39:38.614393469,T,91.12,300,91.22,100,TGT
2025-11-06,9:39:38.614403614,T,91.13,100,91.22,100,TGT
2025-11-06,9:39:38.614403614,T,91.12,300,91.22,100,TGT
2025-11-06,9:39:38.614403614,T,91.13,100,91.22,100,TGT
2025-11-06,9:39:38.615751801,T,91.13,100,91.24,200,TGT
2025-11-06,9:39:38.710958516,T,91.13,100,91.24,100,TGT
2025-11-06,9:39:38.714376664,T,91.12,300,91.24,100,TGT
2025-11-06,9:39:38.814390019,T,91.12,200,91.24,100,TGT
2025-11-06,9:39:39.513054411,T,91.12,300,91.24,100,TGT
2025-11-06,9:39:39.513059453,T,91.12,200,91.24,100,TGT
2025-11-06,9:39:39.513114610,T,91.13,100,91.24,100,TGT
2025-11-06,9:39:39.515941295,T,91.12,300,91.24,100,TGT
2025-11-06,9:39:39.515966394,T,91.13,100,91.24,100,TGT
2025-11-06,9:39:39.661508142,T,91.12,300,91.24,100,TGT
2025-11-06,9:39:44.659018953,T,91.13,100,91.24,100,TGT
2025-11-06,9:39:44.659038948,T,91.15,100,91.24,100,TGT
2025-11-06,9:39:44.659044348,T,91.13,100,91.24,100,TGT
2025-11-06,9:39:44.659049008,T,91.14,100,91.24,100,TGT
2025-11-06,9:39:44.659059138,T,91.13,100,91.24,100,TGT
2025-11-06,9:39:44.659435311,T,91.12,300,91.24,100,TGT
2025-11-06,9:39:44.659460024,T,91.12,200,91.24,100,TGT
2025-11-06,9:39:44.659485004,T,91.12,300,91.24,100,TGT
2025-11-06,9:39:44.660096531,T,91.13,100,91.24,100,TGT
2025-11-06,9:39:44.660096531,T,91.18,100,91.24,100,TGT
2025-11-06,9:39:44.660462387,T,91.13,100,91.24,100,TGT
2025-11-06,9:39:45.655487891,T,91.13,200,91.24,100,TGT
2025-11-06,9:39:45.655868664,T,91.13,300,91.24,100,TGT
2025-11-06,9:39:47.027381290,T,91.13,200,91.24,100,TGT
2025-11-06,9:39:49.303568880,T,91.13,100,91.24,100,TGT
2025-11-06,9:39:49.305723943,T,91.13,200,91.24,100,TGT
2025-11-06,9:39:49.305749027,T,91.13,100,91.24,100,TGT
2025-11-06,9:39:49.305749027,T,91.13,200,91.24,100,TGT
2025-11-06,9:39:49.306200090,T,91.13,100,91.24,100,TGT
2025-11-06,9:39:49.306736425,T,91.13,200,91.24,100,TGT
2025-11-06,9:39:49.307217548,T,91.13,100,91.24,100,TGT
2025-11-06,9:39:49.307753765,T,91.13,200,91.24,100,TGT
2025-11-06,9:39:49.308229942,T,91.13,100,91.24,100,TGT
2025-11-06,9:39:49.308766172,T,91.13,200,91.24,100,TGT
2025-11-06,9:39:49.309242389,T,91.13,100,91.24,100,TGT
2025-11-06,9:39:49.309768657,T,91.13,200,91.24,100,TGT
2025-11-06,9:39:49.722937829,T,91.13,100,91.24,100,TGT
2025-11-06,9:39:52.393695735,T,91.13,100,91.32,100,TGT
2025-11-06,9:39:56.777779973,T,91.13,100,91.23,100,TGT
2025-11-06,9:39:56.777985460,T,91.12,300,91.23,100,TGT
2025-11-06,9:40:00.322544777,T,91.12,200,91.23,100,TGT
2025-11-06,9:40:00.322574925,T,91.12,300,91.23,100,TGT
2025-11-06,9:40:01.709303797,T,91.12,300,91.23,300,TGT
2025-11-06,9:40:01.709328866,T,91.12,300,91.23,500,TGT
2025-11-06,9:40:01.885719026,T,91.12,200,91.23,500,TGT
2025-11-06,9:40:01.885744139,T,91.12,200,91.21,100,TGT
2025-11-06,9:40:01.885744139,T,91.12,200,91.23,500,TGT
2025-11-06,9:40:01.885754055,T,91.12,200,91.23,600,TGT
2025-11-06,9:40:01.885759151,T,91.12,200,91.23,500,TGT
2025-11-06,9:40:01.886275304,T,91.12,200,91.23,300,TGT
2025-11-06,9:40:01.886290345,T,91.12,200,91.23,100,TGT
2025-11-06,9:40:02.061963868,T,91.12,200,91.22,200,TGT
2025-11-06,9:40:02.061983983,T,91.12,200,91.22,400,TGT
2025-11-06,9:40:02.629611330,T,91.14,100,91.22,400,TGT
2025-11-06,9:40:02.630703784,T,91.12,200,91.22,400,TGT
2025-11-06,9:40:02.630824063,T,91.12,200,91.2,100,TGT
2025-11-06,9:40:02.640607413,T,91.12,200,91.23,100,TGT
2025-11-06,9:40:06.898561267,T,91.12,200,91.25,100,TGT
2025-11-06,9:40:06.898586273,T,91.12,200,91.3,100,TGT
2025-11-06,9:40:10.958027149,T,91.12,200,91.22,100,TGT
2025-11-06,9:40:10.958237626,T,91.12,200,91.22,200,TGT
2025-11-06,9:40:11.815665335,T,91.1,100,91.22,200,TGT
2025-11-06,9:40:16.188232141,T,91.1,100,91.22,100,TGT
2025-11-06,9:40:17.215158547,T,91.1,100,91.22,200,TGT
2025-11-06,9:40:17.215178637,T,91.1,100,91.19,100,TGT
2025-11-06,9:40:17.215198637,T,91.1,100,91.22,200,TGT
2025-11-06,9:40:17.215694905,T,91.1,100,91.22,100,TGT
2025-11-06,9:40:17.216376532,T,91.08,100,91.22,100,TGT
2025-11-06,9:40:17.216401589,T,91.08,100,91.22,200,TGT
2025-11-06,9:40:17.216411581,T,91.08,100,91.18,100,TGT
2025-11-06,9:40:17.216421583,T,91.1,100,91.18,100,TGT
2025-11-06,9:40:17.216421583,T,91.1,100,91.22,200,TGT
2025-11-06,9:40:17.216431654,T,91.1,100,91.22,100,TGT
2025-11-06,9:40:17.216441635,T,91.08,100,91.22,100,TGT
2025-11-06,9:40:17.216471661,T,91.1,100,91.22,100,TGT
2025-11-06,9:40:17.217323745,T,91.1,100,91.22,200,TGT
2025-11-06,9:40:17.217333713,T,91.1,100,91.19,100,TGT
2025-11-06,9:40:17.217353824,T,91.1,100,91.19,200,TGT
2025-11-06,9:40:17.229913783,T,91.14,100,91.19,200,TGT
2025-11-06,9:40:17.229923766,T,91.14,200,91.19,200,TGT
2025-11-06,9:40:17.230164334,T,91.14,200,91.19,100,TGT
2025-11-06,9:40:17.230184325,T,91.14,200,91.22,200,TGT
2025-11-06,9:40:17.230209486,T,91.15,100,91.22,200,TGT
2025-11-06,9:40:17.230209486,T,91.14,200,91.22,200,TGT
2025-11-06,9:40:17.230339759,T,91.14,200,91.22,100,TGT
2025-11-06,9:40:17.230595407,T,91.14,100,91.22,100,TGT
2025-11-06,9:40:17.230595407,T,91.14,100,91.22,200,TGT
2025-11-06,9:40:17.230705633,T,91.14,200,91.22,200,TGT
2025-11-06,9:40:17.230961261,T,91.14,100,91.22,200,TGT
2025-11-06,9:40:17.231592710,T,91.1,100,91.22,200,TGT
2025-11-06,9:40:17.231613130,T,91.1,100,91.19,100,TGT
2025-11-06,9:40:17.231617809,T,91.1,100,91.18,100,TGT
2025-11-06,9:40:17.231622954,T,91.12,100,91.18,100,TGT
2025-11-06,9:40:17.231632796,T,91.12,100,91.19,100,TGT
2025-11-06,9:40:17.231637837,T,91.1,100,91.19,100,TGT
2025-11-06,9:40:17.231637837,T,91.1,100,91.19,200,TGT
2025-11-06,9:40:17.231652822,T,91.08,100,91.19,200,TGT
2025-11-06,9:40:17.231657913,T,91.08,100,91.19,100,TGT
2025-11-06,9:40:17.231708053,T,91.08,100,91.19,200,TGT
2025-11-06,9:40:17.231758497,T,91.08,100,91.18,100,TGT
2025-11-06,9:40:17.231763215,T,91.08,100,91.19,200,TGT
2025-11-06,9:40:17.231768166,T,91.08,100,91.18,100,TGT
2025-11-06,9:40:17.232003998,T,91.08,100,91.17,100,TGT
2025-11-06,9:40:17.232038752,T,91.08,100,91.18,100,TGT
2025-11-06,9:40:17.232063873,T,91.08,100,91.16,100,TGT
2025-11-06,9:40:17.232083917,T,91.11,100,91.16,100,TGT
2025-11-06,9:40:17.232104221,T,91.11,100,91.18,100,TGT
2025-11-06,9:40:17.232600182,T,91.11,200,91.18,100,TGT
2025-11-06,9:40:17.232620221,T,91.11,200,91.19,200,TGT
2025-11-06,9:40:17.232620221,T,91.11,100,91.19,200,TGT
2025-11-06,9:40:17.232650255,T,91.11,100,91.19,100,TGT
2025-11-06,9:40:17.233116417,T,91.1,100,91.19,100,TGT
2025-11-06,9:40:17.241982459,T,91.1,100,91.22,200,TGT
2025-11-06,9:40:17.241992544,T,91.1,100,91.22,100,TGT
2025-11-06,9:40:17.242839484,T,91.11,100,91.22,100,TGT
2025-11-06,9:40:17.246543393,T,91.11,100,91.22,200,TGT
2025-11-06,9:40:17.246583499,T,91.11,100,91.22,100,TGT
2025-11-06,9:40:17.246718806,T,91.11,100,91.22,200,TGT
2025-11-06,9:40:17.246748843,T,91.11,100,91.21,100,TGT
2025-11-06,9:40:17.282138117,T,91.1,100,91.21,100,TGT
2025-11-06,9:40:17.337986194,T,91.1,100,91.21,300,TGT
2025-11-06,9:40:17.338001229,T,91.1,100,91.21,500,TGT
2025-11-06,9:40:17.431804731,T,91.1,100,91.21,400,TGT
2025-11-06,9:40:17.556146012,T,91.1,100,91.19,100,TGT
2025-11-06,9:40:17.556171026,T,91.1,100,91.21,500,TGT
2025-11-06,9:40:17.808326759,T,91.1,100,91.2,100,TGT
2025-11-06,9:40:17.808331793,T,91.1,100,91.18,100,TGT
2025-11-06,9:40:17.808337055,T,91.1,100,91.17,100,TGT
2025-11-06,9:40:17.808346819,T,91.05,100,91.17,100,TGT
2025-11-06,9:40:17.808346819,T,91.04,100,91.17,100,TGT
2025-11-06,9:40:17.808376895,T,91.04,100,91.17,200,TGT
2025-11-06,9:40:17.808617485,T,91.1,100,91.17,200,TGT
2025-11-06,9:40:17.815694277,T,91.1,100,91.17,100,TGT
2025-11-06,9:40:17.816741842,T,91.1,100,91.18,200,TGT
2025-11-06,9:40:17.816766904,T,91.1,100,91.18,100,TGT
2025-11-06,9:40:17.818967091,T,91.04,100,91.18,100,TGT
2025-11-06,9:40:17.822310056,T,91.04,100,91.18,200,TGT
2025-11-06,9:40:17.822335117,T,91.04,100,91.18,100,TGT
2025-11-06,9:40:24.373973461,T,91.05,100,91.18,100,TGT
2025-11-06,9:40:24.373973461,T,91.11,100,91.18,100,TGT
2025-11-06,9:40:24.374008515,T,91.11,200,91.18,100,TGT
2025-11-06,9:40:24.374013514,T,91.11,100,91.18,100,TGT
2025-11-06,9:40:25.654253544,T,91.11,100,91.18,200,TGT
2025-11-06,9:40:26.295842048,T,91.06,100,91.18,200,TGT
2025-11-06,9:40:26.300021954,T,91.06,100,91.18,400,TGT
2025-11-06,9:40:26.300046997,T,91.06,100,91.18,600,TGT
2025-11-06,9:40:26.313804793,T,91.06,200,91.18,600,TGT
2025-11-06,9:40:26.313809794,T,91.06,200,91.17,100,TGT
2025-11-06,9:40:26.313809794,T,91.06,200,91.16,100,TGT
2025-11-06,9:40:26.313819831,T,91.06,100,91.16,100,TGT
2025-11-06,9:40:26.313824813,T,91.06,200,91.16,100,TGT
2025-11-06,9:40:26.322084580,T,91.06,200,91.15,100,TGT
2025-11-06,9:40:26.323913923,T,91.06,200,91.18,700,TGT
2025-11-06,9:40:26.324114324,T,91.06,100,91.18,700,TGT
2025-11-06,9:40:27.355376151,T,91.06,100,91.18,600,TGT
2025-11-06,9:40:27.355436286,T,91.11,100,91.18,600,TGT
2025-11-06,9:40:27.355857304,T,91.11,200,91.18,600,TGT
2025-11-06,9:40:27.356824605,T,91.11,100,91.18,600,TGT
2025-11-06,9:40:28.332990070,T,91.11,100,91.18,400,TGT
2025-11-06,9:40:28.333005166,T,91.11,100,91.18,200,TGT
2025-11-06,9:40:30.354360658,T,91.11,100,91.18,100,TGT
2025-11-06,9:40:32.233502589,T,91.13,100,91.18,100,TGT
2025-11-06,9:40:32.233512633,T,91.13,100,91.19,100,TGT
2025-11-06,9:40:32.234389687,T,91.13,200,91.19,100,TGT
2025-11-06,9:40:32.433985191,T,91.13,100,91.19,100,TGT
2025-11-06,9:40:32.604015280,T,91.11,100,91.19,100,TGT
2025-11-06,9:40:33.323815066,T,91.12,100,91.19,100,TGT
2025-11-06,9:40:33.324817454,T,91.12,200,91.19,100,TGT
2025-11-06,9:40:36.900485831,T,91.12,200,91.19,200,TGT
2025-11-06,9:40:36.912494372,T,91.12,100,91.19,200,TGT
2025-11-06,9:40:39.667628280,T,91.11,100,91.19,200,TGT
2025-11-06,9:40:39.667813724,T,91.1,100,91.19,200,TGT
2025-11-06,9:40:39.668309946,T,91.05,100,91.19,200,TGT
2025-11-06,9:40:39.668314962,T,91.05,100,91.18,100,TGT
2025-11-06,9:40:39.719421696,T,91.04,100,91.18,100,TGT
2025-11-06,9:40:40.643693601,T,91.04,100,91.18,200,TGT
2025-11-06,9:40:40.643728709,T,91.04,100,91.17,100,TGT
2025-11-06,9:40:40.643984343,T,91.04,100,91.17,200,TGT
2025-11-06,9:40:40.644014423,T,91.04,100,91.15,100,TGT
2025-11-06,9:40:40.644074570,T,91.04,100,91.17,200,TGT
2025-11-06,9:40:40.644144763,T,91.04,100,91.15,100,TGT
2025-11-06,9:40:40.644159765,T,91.04,100,91.14,100,TGT
2025-11-06,9:40:40.644179768,T,91.03,100,91.14,100,TGT
2025-11-06,9:40:40.645217300,T,91.03,100,91.15,600,TGT
2025-11-06,9:40:40.663746671,T,91.03,100,91.14,100,TGT
2025-11-06,9:40:40.663756483,T,91.02,200,91.14,100,TGT
2025-11-06,9:40:40.663796594,T,91.02,200,91.13,100,TGT
2025-11-06,9:40:40.663821590,T,91.02,200,91.14,100,TGT
2025-11-06,9:40:40.663971964,T,91.02,200,91.13,100,TGT
2025-11-06,9:40:40.664007016,T,91.02,200,91.1,100,TGT
2025-11-06,9:40:40.664142347,T,91.02,100,91.1,100,TGT
2025-11-06,9:40:40.664388247,T,91.02,100,91.13,100,TGT
2025-11-06,9:40:40.664443107,T,91.02,100,91.14,100,TGT
2025-11-06,9:40:40.664663650,T,91.02,100,91.13,100,TGT
2025-11-06,9:40:40.664663650,T,91.02,100,91.07,100,TGT
2025-11-06,9:40:40.664929239,T,91.01,1300,91.07,100,TGT
2025-11-06,9:40:40.664944275,T,91.01,1300,91.04,100,TGT
2025-11-06,9:40:40.664984311,T,91.01,1300,91.06,100,TGT
2025-11-06,9:40:40.665004818,T,91.01,1300,91.07,200,TGT
2025-11-06,9:40:40.665034911,T,91.01,1400,91.07,200,TGT
2025-11-06,9:40:40.665275101,T,91.01,1400,91.07,100,TGT
2025-11-06,9:40:40.665405376,T,91.01,1300,91.07,100,TGT
2025-11-06,9:40:40.665435418,T,91.02,100,91.07,100,TGT
2025-11-06,9:40:40.665480690,T,91.01,1300,91.07,100,TGT
2025-11-06,9:40:40.665505661,T,91.01,1300,91.07,200,TGT
2025-11-06,9:40:40.665556202,T,91.01,1300,91.07,100,TGT
2025-11-06,9:40:40.665580784,T,91.02,100,91.07,100,TGT
2025-11-06,9:40:40.665605827,T,91.03,100,91.07,100,TGT
2025-11-06,9:40:40.665996907,T,91.03,200,91.07,100,TGT
2025-11-06,9:40:40.666081976,T,91.03,100,91.07,100,TGT
2025-11-06,9:40:40.666157206,T,91.03,100,91.08,100,TGT
2025-11-06,9:40:40.666182180,T,91.02,200,91.08,100,TGT
2025-11-06,9:40:40.666187273,T,91.02,100,91.08,100,TGT
2025-11-06,9:40:40.666207262,T,91.02,100,91.04,100,TGT
2025-11-06,9:40:40.666613255,T,91.01,1300,91.04,100,TGT
2025-11-06,9:40:40.666758621,T,91.01,1300,91.08,100,TGT
2025-11-06,9:40:40.782509368,T,91.01,1300,91.06,200,TGT
2025-11-06,9:40:40.782539391,T,91.01,1300,91.06,400,TGT
2025-11-06,9:40:41.312326545,T,91.01,1300,91.06,200,TGT
2025-11-06,9:40:41.312336564,T,91.01,1300,91.15,100,TGT
2025-11-06,9:40:41.324305084,T,91.01,1300,91.15,200,TGT
2025-11-06,9:40:47.343264269,T,91.02,100,91.15,200,TGT
2025-11-06,9:40:47.343529935,T,91.03,100,91.15,200,TGT
2025-11-06,9:40:47.343539952,T,91.02,100,91.15,200,TGT
2025-11-06,9:40:47.344196503,T,91.02,100,91.15,300,TGT
2025-11-06,9:40:47.344206509,T,91.02,100,91.15,400,TGT
2025-11-06,9:40:47.354511053,T,91.02,100,91.15,500,TGT
2025-11-06,9:40:47.354571240,T,91.02,100,91.13,100,TGT
2025-11-06,9:40:47.354576267,T,91.02,100,91.12,100,TGT
2025-11-06,9:40:47.354576267,T,91.01,1400,91.12,100,TGT
2025-11-06,9:40:47.354611626,T,91.01,1300,91.12,100,TGT
2025-11-06,9:40:47.354621402,T,91.01,1300,91.08,100,TGT
2025-11-06,9:40:47.364715389,T,91.01,1300,91.1,100,TGT
2025-11-06,9:40:47.368003197,T,91.01,1300,91.08,100,TGT
2025-11-06,9:40:47.601694873,T,91.01,1300,91.1,100,TGT
2025-11-06,9:40:48.284436281,T,91.01,1300,91.08,200,TGT
2025-11-06,9:40:48.284471423,T,91.01,1300,91.08,300,TGT
2025-11-06,9:40:48.284486460,T,91.01,1300,91.07,100,TGT
2025-11-06,9:40:48.284511462,T,91.01,900,91.07,100,TGT
2025-11-06,9:40:48.284516481,T,91.01,900,91.07,200,TGT
2025-11-06,9:40:48.284521502,T,91.0,300,91.07,200,TGT
2025-11-06,9:40:48.284541659,T,91.0,300,91.03,100,TGT
2025-11-06,9:40:48.284546657,T,91.0,300,91.03,200,TGT
2025-11-06,9:40:48.284546657,T,91.0,300,91.03,300,TGT
2025-11-06,9:40:48.284571621,T,90.9,100,91.03,300,TGT
2025-11-06,9:40:48.284571621,T,90.89,300,91.03,300,TGT
2025-11-06,9:40:48.284927439,T,90.89,300,91.02,100,TGT
2025-11-06,9:40:48.285127910,T,90.89,300,91.02,200,TGT
2025-11-06,9:40:48.285163054,T,90.89,300,91.02,300,TGT
2025-11-06,9:40:48.285318378,T,90.89,300,91.02,400,TGT
2025-11-06,9:40:48.285503822,T,90.89,200,91.02,400,TGT
2025-11-06,9:40:48.285664244,T,90.89,200,91.02,300,TGT
2025-11-06,9:40:48.285809555,T,90.89,200,91.02,200,TGT
2025-11-06,9:40:48.286255643,T,90.89,200,91.02,100,TGT
2025-11-06,9:40:48.286867141,T,90.89,200,91.02,200,TGT
2025-11-06,9:40:48.286897122,T,90.89,200,91.02,100,TGT
2025-11-06,9:40:48.287152776,T,90.89,200,91.02,200,TGT
2025-11-06,9:40:48.289944389,T,90.81,100,91.02,200,TGT
2025-11-06,9:40:48.289954409,T,90.83,200,91.02,200,TGT
2025-11-06,9:40:48.299928245,T,90.83,200,91.02,100,TGT
2025-11-06,9:40:48.299953246,T,90.83,200,91.03,200,TGT
2025-11-06,9:40:48.384579828,T,90.83,200,91.03,100,TGT
2025-11-06,9:40:48.384604957,T,90.83,200,91.04,100,TGT
2025-11-06,9:40:48.485319901,T,90.83,200,91.05,100,TGT
2025-11-06,9:40:48.593297074,T,90.83,200,90.99,200,TGT
2025-11-06,9:40:48.593337258,T,90.83,200,90.99,400,TGT
2025-11-06,9:40:49.240995328,T,90.83,200,90.99,500,TGT
2025-11-06,9:40:52.844018952,T,90.83,200,90.99,600,TGT
2025-11-06,9:40:59.235460619,T,90.83,200,90.99,500,TGT
2025-11-06,9:40:59.236147220,T,90.83,200,90.99,600,TGT
2025-11-06,9:40:59.473086710,T,90.89,400,90.99,600,TGT
2025-11-06,9:40:59.473121777,T,90.89,400,90.99,500,TGT
2025-11-06,9:41:07.331067153,T,90.89,400,90.99,300,TGT
2025-11-06,9:41:07.331102182,T,90.89,400,90.99,100,TGT
2025-11-06,9:41:07.474027709,T,90.89,400,90.98,100,TGT
2025-11-06,9:41:07.474037711,T,90.89,400,90.98,400,TGT
