DATE,TIME_M,EX,BID,BIDSIZ,ASK,ASKSIZ,SYM_ROOT
2025-10-28,9:30:00.117463413,T,97.35,300,98.0,300,TGT
2025-10-28,9:30:00.117498594,T,97.35,300,97.98,100,TGT
2025-10-28,9:30:00.118185203,T,97.35,300,98.0,300,TGT
2025-10-28,9:30:00.213111379,T,97.35,400,98.0,300,TGT
2025-10-28,9:30:00.363203919,T,97.35,300,98.0,300,TGT
2025-10-28,9:30:00.739801158,T,97.35,300,97.99,100,TGT
2025-10-28,9:30:01.265162758,T,97.35,300,97.9,100,TGT
2025-10-28,9:30:01.288262859,T,97.35,300,97.89,100,TGT
2025-10-28,9:30:01.310716269,T,97.45,100,97.89,100,TGT
2025-10-28,9:30:01.369286058,T,97.45,100,97.75,100,TGT
2025-10-28,9:30:01.370664108,T,97.45,100,97.71,100,TGT
2025-10-28,9:30:01.370854623,T,97.45,100,97.7,100,TGT
2025-10-28,9:30:01.586613640,T,97.45,100,97.6,100,TGT
2025-10-28,9:30:01.985704402,T,97.45,100,97.6,200,TGT
2025-10-28,9:30:02.136839425,T,97.35,300,97.6,200,TGT
2025-10-28,9:30:02.136859780,T,97.35,300,97.46,100,TGT
2025-10-28,9:30:02.136894650,T,97.35,300,97.53,100,TGT
2025-10-28,9:30:02.137285565,T,97.35,300,97.46,100,TGT
2025-10-28,9:30:02.214419255,T,97.35,300,97.6,200,TGT
2025-10-28,9:30:02.641346359,T,97.35,400,97.6,200,TGT
2025-10-28,9:30:02.655064000,T,97.35,400,97.6,100,TGT
2025-10-28,9:30:02.655139509,T,97.35,500,97.6,100,TGT
2025-10-28,9:30:02.655299988,T,97.35,500,97.6,200,TGT
2025-10-28,9:30:02.655309650,T,97.35,500,97.58,100,TGT
2025-10-28,9:30:02.655334652,T,97.35,500,97.58,200,TGT
2025-10-28,9:30:02.655344779,T,97.35,500,97.58,100,TGT
2025-10-28,9:30:02.655354994,T,97.35,400,97.58,100,TGT
2025-10-28,9:30:02.655374801,T,97.35,400,97.55,100,TGT
2025-10-28,9:30:02.655861008,T,97.35,400,97.55,200,TGT
2025-10-28,9:30:02.674214686,T,97.35,400,97.55,300,TGT
2025-10-28,9:30:02.869349547,T,97.35,300,97.55,300,TGT
2025-10-28,9:30:04.067870012,T,97.35,300,97.55,400,TGT
2025-10-28,9:30:07.249960689,T,97.35,300,97.55,500,TGT
2025-10-28,9:30:07.250196186,T,97.35,300,97.55,400,TGT
2025-10-28,9:30:07.250406924,T,97.35,300,97.55,300,TGT
2025-10-28,9:30:07.250411698,T,97.35,300,97.55,200,TGT
2025-10-28,9:30:07.250411698,T,97.35,300,97.55,300,TGT
2025-10-28,9:30:07.250411698,T,97.35,300,97.55,200,TGT
2025-10-28,9:30:07.250416771,T,97.35,300,97.53,100,TGT
2025-10-28,9:30:07.250416771,T,97.35,300,97.53,200,TGT
2025-10-28,9:30:07.250431763,T,97.35,300,97.53,300,TGT
2025-10-28,9:30:07.250552042,T,97.35,300,97.53,400,TGT
2025-10-28,9:30:07.250837719,T,97.35,300,97.53,500,TGT
2025-10-28,9:30:07.251774973,T,97.35,400,97.53,500,TGT
2025-10-28,9:30:07.251795001,T,97.35,400,97.53,400,TGT
2025-10-28,9:30:07.251800089,T,97.35,300,97.53,400,TGT
2025-10-28,9:30:07.251875245,T,97.35,400,97.53,400,TGT
2025-10-28,9:30:07.251950693,T,97.35,300,97.53,400,TGT
2025-10-28,9:30:07.252145870,T,97.35,400,97.53,400,TGT
2025-10-28,9:30:07.252155896,T,97.35,400,97.53,300,TGT
2025-10-28,9:30:07.252160947,T,97.35,400,97.53,200,TGT
2025-10-28,9:30:07.252160947,T,97.35,400,97.51,100,TGT
2025-10-28,9:30:07.252160947,T,97.35,400,97.51,200,TGT
2025-10-28,9:30:07.252180930,T,97.35,400,97.51,300,TGT
2025-10-28,9:30:07.252296247,T,97.35,300,97.51,300,TGT
2025-10-28,9:30:07.261728713,T,97.35,300,97.51,400,TGT
2025-10-28,9:30:08.417171400,T,97.35,300,97.51,500,TGT
2025-10-28,9:30:08.417617438,T,97.35,300,97.51,400,TGT
2025-10-28,9:30:08.417812892,T,97.35,300,97.51,300,TGT
2025-10-28,9:30:08.417833225,T,97.35,300,97.51,200,TGT
2025-10-28,9:30:08.417837989,T,97.35,300,97.51,100,TGT
2025-10-28,9:30:08.417837989,T,97.35,300,97.48,100,TGT
2025-10-28,9:30:08.417837989,T,97.35,300,97.48,200,TGT
2025-10-28,9:30:08.417842899,T,97.35,300,97.48,100,TGT
2025-10-28,9:30:08.417857963,T,97.35,300,97.48,200,TGT
2025-10-28,9:30:08.417878414,T,97.35,400,97.48,200,TGT
2025-10-28,9:30:08.418409740,T,97.35,400,97.48,100,TGT
2025-10-28,9:30:08.418414267,T,97.35,400,97.51,100,TGT
2025-10-28,9:30:08.418464460,T,97.35,400,97.56,100,TGT
2025-10-28,9:30:08.418900489,T,97.35,400,97.56,200,TGT
2025-10-28,9:30:08.419151048,T,97.42,100,97.56,200,TGT
2025-10-28,9:30:08.419216271,T,97.35,400,97.56,200,TGT
2025-10-28,9:30:08.478452366,T,97.35,300,97.56,200,TGT
2025-10-28,9:30:08.478743080,T,97.35,300,97.56,100,TGT
2025-10-28,9:30:08.479274352,T,97.35,300,97.56,200,TGT
2025-10-28,9:30:09.641407973,T,97.35,300,97.56,300,TGT
2025-10-28,9:30:09.676085571,T,97.35,300,97.56,200,TGT
2025-10-28,9:30:09.676316117,T,97.35,300,97.56,100,TGT
2025-10-28,9:30:09.676316117,T,97.35,300,97.53,100,TGT
2025-10-28,9:30:09.676737043,T,97.35,300,97.53,200,TGT
2025-10-28,9:30:12.416313997,T,97.35,300,97.53,100,TGT
2025-10-28,9:30:12.806553676,T,97.35,300,97.56,100,TGT
2025-10-28,9:30:12.806558629,T,97.35,300,97.47,100,TGT
2025-10-28,9:30:12.806979731,T,97.35,300,97.47,200,TGT
2025-10-28,9:30:12.845245825,T,97.35,300,97.47,100,TGT
2025-10-28,9:30:14.359383172,T,97.35,300,97.47,200,TGT
2025-10-28,9:30:14.359408174,T,97.35,300,97.47,100,TGT
2025-10-28,9:30:14.359408174,T,97.35,300,97.56,100,TGT
2025-10-28,9:30:14.359413195,T,97.35,400,97.56,100,TGT
2025-10-28,9:30:14.359428232,T,97.44,100,97.56,100,TGT
2025-10-28,9:30:14.359493449,T,97.44,100,97.56,200,TGT
2025-10-28,9:30:14.359533482,T,97.44,100,97.56,100,TGT
2025-10-28,9:30:14.359548500,T,97.39,100,97.56,100,TGT
2025-10-28,9:30:14.379430877,T,97.35,400,97.56,100,TGT
2025-10-28,9:30:19.050909940,T,97.36,100,97.56,100,TGT
2025-10-28,9:30:19.996963671,T,97.35,400,97.56,100,TGT
2025-10-28,9:30:22.573051072,T,97.36,100,97.56,100,TGT
2025-10-28,9:30:23.327032211,T,97.37,100,97.56,100,TGT
2025-10-28,9:30:23.327147516,T,97.38,100,97.56,100,TGT
2025-10-28,9:30:23.327483342,T,97.42,100,97.56,100,TGT
2025-10-28,9:30:23.327518393,T,97.42,100,97.56,200,TGT
2025-10-28,9:30:23.327778971,T,97.42,100,97.56,300,TGT
2025-10-28,9:30:23.327869243,T,97.38,100,97.56,300,TGT
2025-10-28,9:30:23.367328246,T,97.38,200,97.56,300,TGT
2025-10-28,9:30:23.383311252,T,97.38,100,97.56,300,TGT
2025-10-28,9:30:23.383501696,T,97.36,100,97.56,300,TGT
2025-10-28,9:30:23.384494044,T,97.36,200,97.56,300,TGT
2025-10-28,9:30:23.394828777,T,97.36,100,97.56,300,TGT
2025-10-28,9:30:23.395350000,T,97.36,200,97.56,300,TGT
2025-10-28,9:30:24.837951964,T,97.36,200,97.56,200,TGT
2025-10-28,9:30:25.240255315,T,97.36,200,97.56,100,TGT
2025-10-28,9:30:25.240255315,T,97.36,200,97.55,100,TGT
2025-10-28,9:30:25.240275393,T,97.36,200,97.55,200,TGT
2025-10-28,9:30:25.328786266,T,97.36,100,97.55,200,TGT
2025-10-28,9:30:25.329207349,T,97.36,100,97.55,300,TGT
2025-10-28,9:30:25.329217292,T,97.35,400,97.55,300,TGT
2025-10-28,9:30:25.341396297,T,97.35,400,97.55,200,TGT
2025-10-28,9:30:30.485245630,T,97.36,100,97.55,200,TGT
2025-10-28,9:30:30.485255705,T,97.37,100,97.55,200,TGT
2025-10-28,9:30:30.485280727,T,97.36,100,97.55,200,TGT
2025-10-28,9:30:30.485285870,T,97.35,400,97.55,200,TGT
2025-10-28,9:30:30.485310802,T,97.36,100,97.55,200,TGT
2025-10-28,9:30:30.485416076,T,97.36,100,97.55,100,TGT
2025-10-28,9:30:30.485416076,T,97.36,100,97.54,100,TGT
2025-10-28,9:30:30.485441064,T,97.36,100,97.54,200,TGT
2025-10-28,9:30:30.485451292,T,97.35,400,97.54,200,TGT
2025-10-28,9:30:30.486252972,T,97.35,400,97.54,100,TGT
2025-10-28,9:30:30.486252972,T,97.35,400,97.56,100,TGT
2025-10-28,9:30:30.486273083,T,97.5,100,97.56,100,TGT
2025-10-28,9:30:30.486714266,T,97.5,100,97.6,100,TGT
2025-10-28,9:30:30.487360652,T,97.5,100,97.7,200,TGT
2025-10-28,9:30:30.487360652,T,97.5,100,97.7,100,TGT
2025-10-28,9:30:30.487395692,T,97.5,200,97.7,100,TGT
2025-10-28,9:30:30.487836775,T,97.52,100,97.7,100,TGT
2025-10-28,9:30:30.488403206,T,97.5,200,97.7,100,TGT
2025-10-28,9:30:30.488423255,T,97.5,100,97.7,100,TGT
2025-10-28,9:30:30.488688943,T,97.5,100,97.71,100,TGT
2025-10-28,9:30:30.489776374,T,97.5,100,97.74,100,TGT
2025-10-28,9:30:30.490342761,T,97.5,100,97.75,200,TGT
2025-10-28,9:30:30.490367851,T,97.5,200,97.75,200,TGT
2025-10-28,9:30:30.490392886,T,97.5,200,97.75,100,TGT
2025-10-28,9:30:30.490413005,T,97.5,100,97.75,100,TGT
2025-10-28,9:30:30.490413005,T,97.5,200,97.75,100,TGT
2025-10-28,9:30:30.491445431,T,97.5,100,97.75,100,TGT
2025-10-28,9:30:30.586276336,T,97.39,100,97.75,100,TGT
2025-10-28,9:30:30.586281323,T,97.36,100,97.75,100,TGT
2025-10-28,9:30:30.586491850,T,97.39,100,97.75,100,TGT
2025-10-28,9:30:30.586702349,T,97.39,200,97.75,100,TGT
2025-10-28,9:30:30.616558469,T,97.39,100,97.75,100,TGT
2025-10-28,9:30:30.616648794,T,97.36,100,97.75,100,TGT
2025-10-28,9:30:30.616904314,T,97.36,200,97.75,100,TGT
2025-10-28,9:30:30.617064694,T,97.39,100,97.75,100,TGT
2025-10-28,9:30:30.629830072,T,97.36,200,97.75,100,TGT
2025-10-28,9:30:30.629920329,T,97.36,100,97.75,100,TGT
2025-10-28,9:30:30.630341350,T,97.36,200,97.75,100,TGT
2025-10-28,9:30:30.630386393,T,97.36,300,97.75,100,TGT
2025-10-28,9:30:30.686329765,T,97.36,200,97.75,100,TGT
2025-10-28,9:30:33.448851045,T,97.36,300,97.75,100,TGT
2025-10-28,9:30:33.449126729,T,97.36,200,97.75,100,TGT
2025-10-28,9:30:33.449141738,T,97.36,100,97.75,100,TGT
2025-10-28,9:30:33.449151732,T,97.37,100,97.75,100,TGT
2025-10-28,9:30:33.453908098,T,97.63,100,97.75,100,TGT
2025-10-28,9:30:33.454158688,T,97.63,100,97.8,100,TGT
2025-10-28,9:30:33.454534563,T,97.63,200,97.8,100,TGT
2025-10-28,9:30:33.454564650,T,97.65,100,97.8,100,TGT
2025-10-28,9:30:33.455015769,T,97.63,200,97.8,100,TGT
2025-10-28,9:30:33.455206187,T,97.63,100,97.8,100,TGT
2025-10-28,9:30:33.463069902,T,97.39,100,97.8,100,TGT
2025-10-28,9:30:33.463561124,T,97.39,200,97.8,100,TGT
2025-10-28,9:30:33.467816190,T,97.39,200,97.79,100,TGT
2025-10-28,9:30:33.474171407,T,97.39,100,97.79,100,TGT
2025-10-28,9:30:33.474441982,T,97.39,200,97.79,100,TGT
2025-10-28,9:30:33.506378098,T,97.39,100,97.79,100,TGT
2025-10-28,9:30:33.506814128,T,97.39,200,97.79,100,TGT
2025-10-28,9:30:33.554487714,T,97.39,300,97.79,100,TGT
2025-10-28,9:30:33.740836644,T,97.39,400,97.79,100,TGT
2025-10-28,9:30:34.041147098,T,97.39,300,97.79,100,TGT
2025-10-28,9:30:34.041618200,T,97.39,400,97.79,100,TGT
2025-10-28,9:30:34.381728546,T,97.39,300,97.79,100,TGT
2025-10-28,9:30:34.437486329,T,97.39,300,97.78,100,TGT
2025-10-28,9:30:34.571575731,T,97.39,300,97.76,100,TGT
2025-10-28,9:30:34.741049518,T,97.39,200,97.76,100,TGT
2025-10-28,9:30:34.741711105,T,97.39,300,97.76,100,TGT
2025-10-28,9:30:35.741157167,T,97.39,200,97.76,100,TGT
2025-10-28,9:30:35.841992437,T,97.39,100,97.76,100,TGT
2025-10-28,9:30:35.842002478,T,97.37,200,97.76,100,TGT
2025-10-28,9:30:36.356293147,T,97.37,100,97.76,100,TGT
2025-10-28,9:30:36.356603817,T,97.37,100,97.79,100,TGT
2025-10-28,9:30:36.356643576,T,97.37,200,97.79,100,TGT
2025-10-28,9:30:36.356673888,T,97.4,100,97.79,100,TGT
2025-10-28,9:30:36.356678660,T,97.37,200,97.79,100,TGT
2025-10-28,9:30:36.356704048,T,97.37,100,97.79,100,TGT
2025-10-28,9:30:36.356884229,T,97.4,100,97.79,100,TGT
2025-10-28,9:30:36.356949361,T,97.41,100,97.79,100,TGT
2025-10-28,9:30:36.357305173,T,97.41,100,97.8,100,TGT
2025-10-28,9:30:36.357325190,T,97.71,100,97.8,100,TGT
2025-10-28,9:30:36.357355332,T,97.71,100,97.89,100,TGT
2025-10-28,9:30:36.357560834,T,97.71,100,97.79,100,TGT
2025-10-28,9:30:36.357575804,T,97.71,100,97.79,200,TGT
2025-10-28,9:30:36.357620879,T,97.57,100,97.79,200,TGT
2025-10-28,9:30:36.357641022,T,97.52,100,97.79,200,TGT
2025-10-28,9:30:36.357661121,T,97.52,100,97.79,100,TGT
2025-10-28,9:30:36.357661121,T,97.52,100,97.89,100,TGT
2025-10-28,9:30:36.357676099,T,97.57,100,97.89,100,TGT
2025-10-28,9:30:36.357691142,T,97.57,100,97.71,200,TGT
2025-10-28,9:30:36.357701374,T,97.57,100,97.89,100,TGT
2025-10-28,9:30:36.357726161,T,97.57,100,97.71,200,TGT
2025-10-28,9:30:36.357756242,T,97.57,100,97.84,100,TGT
2025-10-28,9:30:36.357781302,T,97.6,100,97.84,100,TGT
2025-10-28,9:30:36.357791481,T,97.65,100,97.84,100,TGT
2025-10-28,9:30:36.357801414,T,97.62,100,97.84,100,TGT
2025-10-28,9:30:36.357806353,T,97.62,100,97.89,100,TGT
2025-10-28,9:30:36.357841496,T,97.6,100,97.89,100,TGT
2025-10-28,9:30:36.357861734,T,97.61,100,97.89,100,TGT
2025-10-28,9:30:36.357871553,T,97.68,100,97.89,100,TGT
2025-10-28,9:30:36.357956677,T,97.68,100,97.83,100,TGT
2025-10-28,9:30:36.372817104,T,97.57,100,97.83,100,TGT
2025-10-28,9:30:36.374997365,T,97.56,100,97.83,100,TGT
2025-10-28,9:30:36.375062476,T,97.56,100,97.89,100,TGT
2025-10-28,9:30:36.472649904,T,97.52,100,97.89,100,TGT
2025-10-28,9:30:36.484848967,T,97.52,200,97.89,100,TGT
2025-10-28,9:30:36.500651642,T,97.52,100,97.89,100,TGT
2025-10-28,9:30:37.301614752,T,97.52,200,97.89,100,TGT
2025-10-28,9:30:37.515784962,T,97.52,200,97.89,200,TGT
2025-10-28,9:30:37.684917896,T,97.52,100,97.89,200,TGT
2025-10-28,9:30:37.741863581,T,97.52,200,97.89,200,TGT
2025-10-28,9:30:38.162290141,T,97.52,200,97.88,100,TGT
2025-10-28,9:30:38.514514304,T,97.52,100,97.88,100,TGT
2025-10-28,9:30:38.742031379,T,97.51,200,97.88,100,TGT
2025-10-28,9:30:38.742713033,T,97.52,200,97.88,100,TGT
2025-10-28,9:30:42.401815330,T,97.53,100,97.88,100,TGT
2025-10-28,9:30:42.401840370,T,97.52,200,97.88,100,TGT
2025-10-28,9:30:42.401905562,T,97.56,100,97.88,100,TGT
2025-10-28,9:30:42.402126077,T,97.62,100,97.88,100,TGT
2025-10-28,9:30:42.402216204,T,97.56,100,97.88,100,TGT
2025-10-28,9:30:42.402426756,T,97.62,100,97.88,100,TGT
2025-10-28,9:30:42.402476811,T,97.62,100,97.9,100,TGT
2025-10-28,9:30:42.402572042,T,97.7,100,97.9,100,TGT
2025-10-28,9:30:42.402592118,T,97.62,100,97.9,100,TGT
2025-10-28,9:30:42.402627264,T,97.7,100,97.9,100,TGT
2025-10-28,9:30:42.402662273,T,97.62,100,97.9,100,TGT
2025-10-28,9:30:42.402697362,T,97.7,100,97.9,100,TGT
2025-10-28,9:30:42.402772618,T,97.71,100,97.9,100,TGT
2025-10-28,9:30:42.404862601,T,97.71,100,97.8,100,TGT
2025-10-28,9:30:42.404872566,T,97.7,100,97.8,100,TGT
2025-10-28,9:30:42.404937775,T,97.7,100,97.8,200,TGT
2025-10-28,9:30:42.404992872,T,97.7,100,97.8,300,TGT
2025-10-28,9:30:42.405118149,T,97.7,100,97.8,200,TGT
2025-10-28,9:30:42.405118149,T,97.7,100,97.8,100,TGT
2025-10-28,9:30:42.405128177,T,97.7,100,97.9,100,TGT
2025-10-28,9:30:42.405143196,T,97.56,100,97.9,100,TGT
2025-10-28,9:30:42.405148259,T,97.56,100,97.76,300,TGT
2025-10-28,9:30:42.405178399,T,97.56,100,97.76,200,TGT
2025-10-28,9:30:42.405178399,T,97.56,100,97.9,100,TGT
2025-10-28,9:30:42.405208418,T,97.56,100,97.8,100,TGT
2025-10-28,9:30:42.405854852,T,97.56,200,97.8,100,TGT
2025-10-28,9:30:42.405950153,T,97.56,300,97.8,100,TGT
2025-10-28,9:30:42.421787854,T,97.56,200,97.8,100,TGT
2025-10-28,9:30:42.422023386,T,97.56,100,97.8,100,TGT
2025-10-28,9:30:42.422334135,T,97.52,300,97.8,100,TGT
2025-10-28,9:30:42.422364338,T,97.56,100,97.8,100,TGT
2025-10-28,9:30:42.422790200,T,97.56,200,97.8,100,TGT
2025-10-28,9:30:42.903350138,T,97.56,100,97.8,100,TGT
2025-10-28,9:30:43.562450207,T,97.52,300,97.8,100,TGT
2025-10-28,9:30:43.564079051,T,97.56,100,97.8,100,TGT
2025-10-28,9:30:43.564249463,T,97.52,300,97.8,100,TGT
2025-10-28,9:30:43.564349739,T,97.56,100,97.8,100,TGT
2025-10-28,9:30:43.564880972,T,97.52,300,97.8,100,TGT
2025-10-28,9:30:43.702253280,T,97.56,100,97.8,100,TGT
2025-10-28,9:30:43.702674320,T,97.56,200,97.8,100,TGT
2025-10-28,9:30:44.719195978,T,97.56,100,97.8,100,TGT
2025-10-28,9:30:49.169708868,T,97.56,100,97.8,200,TGT
2025-10-28,9:30:49.226729730,T,97.56,100,97.77,100,TGT
2025-10-28,9:30:49.226774877,T,97.56,100,97.77,200,TGT
2025-10-28,9:30:55.813416722,T,97.52,200,97.77,200,TGT
2025-10-28,9:30:55.813441750,T,97.52,200,97.62,100,TGT
2025-10-28,9:30:55.813441750,T,97.52,200,97.56,100,TGT
2025-10-28,9:30:55.813467221,T,97.52,200,97.56,200,TGT
2025-10-28,9:30:55.813487384,T,97.52,200,97.56,100,TGT
2025-10-28,9:30:55.813491967,T,97.52,200,97.62,100,TGT
2025-10-28,9:30:55.813862788,T,97.52,200,97.62,200,TGT
2025-10-28,9:30:55.823926828,T,97.52,200,97.62,100,TGT
2025-10-28,9:30:55.823971933,T,97.52,200,97.8,100,TGT
2025-10-28,9:30:55.837233518,T,97.52,200,97.76,100,TGT
2025-10-28,9:30:55.913620504,T,97.52,200,97.9,100,TGT
2025-10-28,9:30:55.944694511,T,97.52,200,97.78,100,TGT
2025-10-28,9:30:56.004802749,T,97.52,200,97.77,100,TGT
2025-10-28,9:30:56.122713620,T,97.52,200,97.75,100,TGT
2025-10-28,9:30:56.123134611,T,97.52,200,97.75,200,TGT
2025-10-28,9:30:58.268029669,T,97.52,200,97.75,100,TGT
2025-10-28,9:30:58.389343665,T,97.52,200,97.73,100,TGT
2025-10-28,9:30:58.397077283,T,97.52,100,97.73,100,TGT
2025-10-28,9:30:58.397082005,T,97.51,200,97.73,100,TGT
2025-10-28,9:30:58.397092090,T,97.52,100,97.73,100,TGT
2025-10-28,9:30:58.397097274,T,97.51,200,97.73,100,TGT
2025-10-28,9:30:58.397122178,T,97.5,200,97.73,100,TGT
2025-10-28,9:30:58.397142220,T,97.5,200,97.53,100,TGT
2025-10-28,9:30:58.397563187,T,97.5,200,97.53,200,TGT
2025-10-28,9:30:58.397768677,T,97.49,200,97.53,200,TGT
2025-10-28,9:30:58.397778764,T,97.5,100,97.53,200,TGT
2025-10-28,9:30:58.397788729,T,97.5,100,97.52,100,TGT
2025-10-28,9:30:58.397828814,T,97.49,200,97.52,100,TGT
2025-10-28,9:30:58.397873990,T,97.49,200,97.51,100,TGT
2025-10-28,9:30:58.398981596,T,97.49,200,97.52,100,TGT
2025-10-28,9:30:58.415150040,T,97.48,100,97.52,100,TGT
2025-10-28,9:30:58.415155083,T,97.49,100,97.52,100,TGT
2025-10-28,9:30:58.415170144,T,97.49,100,97.51,100,TGT
2025-10-28,9:30:58.415190182,T,97.48,100,97.51,100,TGT
2025-10-28,9:30:58.415215220,T,97.48,100,97.73,100,TGT
2025-10-28,9:30:58.415450783,T,97.48,100,97.52,100,TGT
2025-10-28,9:30:58.415490904,T,97.48,100,97.73,100,TGT
2025-10-28,9:30:58.415531036,T,97.48,100,97.9,100,TGT
2025-10-28,9:30:58.488875760,T,97.48,100,97.75,100,TGT
2025-10-28,9:30:58.533181277,T,97.48,100,97.68,100,TGT
2025-10-28,9:31:00.375470272,T,97.39,100,97.68,100,TGT
2025-10-28,9:31:00.375475284,T,97.39,100,97.52,100,TGT
2025-10-28,9:31:00.375490324,T,97.35,400,97.52,100,TGT
2025-10-28,9:31:00.375520365,T,97.35,400,97.51,100,TGT
2025-10-28,9:31:00.375535506,T,97.35,400,97.5,100,TGT
2025-10-28,9:31:00.393122306,T,97.35,400,97.5,200,TGT
2025-10-28,9:31:01.096207470,T,97.37,100,97.5,200,TGT
2025-10-28,9:31:01.096227507,T,97.35,400,97.5,200,TGT
2025-10-28,9:31:01.096257548,T,97.35,400,97.5,100,TGT
2025-10-28,9:31:01.096568379,T,97.35,300,97.5,100,TGT
2025-10-28,9:31:01.096588337,T,97.35,300,97.46,100,TGT
2025-10-28,9:31:01.096793813,T,97.35,300,97.61,100,TGT
2025-10-28,9:31:01.096874078,T,97.35,400,97.61,100,TGT
2025-10-28,9:31:01.096889123,T,97.35,400,97.9,100,TGT
2025-10-28,9:31:01.097109603,T,97.35,400,97.61,100,TGT
2025-10-28,9:31:01.097129709,T,97.35,400,97.6,100,TGT
2025-10-28,9:31:01.097135040,T,97.35,400,97.61,100,TGT
2025-10-28,9:31:01.097139744,T,97.35,400,97.6,100,TGT
2025-10-28,9:31:01.097154700,T,97.37,100,97.6,100,TGT
2025-10-28,9:31:01.097159787,T,97.35,400,97.6,100,TGT
2025-10-28,9:31:01.097159787,T,97.35,400,97.51,100,TGT
2025-10-28,9:31:01.097164777,T,97.35,400,97.6,100,TGT
2025-10-28,9:31:01.097209910,T,97.35,400,97.46,100,TGT
2025-10-28,9:31:01.097224949,T,97.37,100,97.46,100,TGT
2025-10-28,9:31:01.097249963,T,97.35,400,97.46,100,TGT
2025-10-28,9:31:01.097275009,T,97.35,400,97.61,100,TGT
2025-10-28,9:31:01.097275009,T,97.35,400,97.85,100,TGT
2025-10-28,9:31:01.097285002,T,97.35,400,97.8,100,TGT
2025-10-28,9:31:01.097315067,T,97.35,400,97.9,100,TGT
2025-10-28,9:31:01.097340293,T,97.35,400,97.85,100,TGT
2025-10-28,9:31:01.097345188,T,97.35,400,97.8,100,TGT
2025-10-28,9:31:01.097355257,T,97.35,400,97.61,100,TGT
2025-10-28,9:31:01.097365224,T,97.35,400,97.8,100,TGT
2025-10-28,9:31:01.097395287,T,97.35,400,97.49,100,TGT
2025-10-28,9:31:01.097615812,T,97.37,100,97.49,100,TGT
2025-10-28,9:31:01.097645935,T,97.35,400,97.49,100,TGT
2025-10-28,9:31:01.097816289,T,97.35,400,97.49,200,TGT
2025-10-28,9:31:01.107404107,T,97.35,300,97.49,200,TGT
2025-10-28,9:31:01.108967814,T,97.35,400,97.49,200,TGT
2025-10-28,9:31:02.096680990,T,97.36,100,97.49,200,TGT
2025-10-28,9:31:02.765288903,T,97.36,100,97.49,100,TGT
2025-10-28,9:31:02.789441351,T,97.36,100,97.48,100,TGT
2025-10-28,9:31:02.789862372,T,97.36,100,97.48,200,TGT
2025-10-28,9:31:03.994552286,T,97.36,100,97.48,100,TGT
2025-10-28,9:31:03.994562273,T,97.36,100,97.58,200,TGT
2025-10-28,9:31:03.994582359,T,97.47,100,97.58,200,TGT
2025-10-28,9:31:03.995068878,T,97.48,100,97.58,200,TGT
2025-10-28,9:31:03.995083621,T,97.36,100,97.58,200,TGT
2025-10-28,9:31:03.995158742,T,97.39,100,97.58,200,TGT
2025-10-28,9:31:03.995289093,T,97.39,100,97.61,100,TGT
2025-10-28,9:31:03.995344225,T,97.39,100,97.6,100,TGT
2025-10-28,9:31:03.995579768,T,97.35,400,97.6,100,TGT
2025-10-28,9:31:03.995730095,T,97.35,400,97.58,100,TGT
2025-10-28,9:31:04.741637208,T,97.35,500,97.58,100,TGT
2025-10-28,9:31:04.930753070,T,97.35,500,97.6,100,TGT
2025-10-28,9:31:04.930787810,T,97.35,500,97.61,100,TGT
2025-10-28,9:31:04.930792794,T,97.48,100,97.61,100,TGT
2025-10-28,9:31:04.930802849,T,97.48,100,97.66,200,TGT
2025-10-28,9:31:04.930857972,T,97.48,100,97.63,100,TGT
2025-10-28,9:31:04.931103584,T,97.52,100,97.63,100,TGT
2025-10-28,9:31:04.931870423,T,97.52,100,97.8,100,TGT
2025-10-28,9:31:04.931925562,T,97.52,100,97.81,100,TGT
2025-10-28,9:31:04.931935572,T,97.43,100,97.81,100,TGT
2025-10-28,9:31:04.931970602,T,97.43,100,97.8,100,TGT
2025-10-28,9:31:04.932000726,T,97.43,100,97.65,100,TGT
2025-10-28,9:31:04.932050792,T,97.35,500,97.65,100,TGT
2025-10-28,9:31:04.932120954,T,97.35,500,97.63,100,TGT
2025-10-28,9:31:05.223410097,T,97.37,100,97.63,100,TGT
2025-10-28,9:31:05.606171788,T,97.4,200,97.63,100,TGT
2025-10-28,9:31:05.608241739,T,97.4,200,97.6,100,TGT
2025-10-28,9:31:05.608286851,T,97.4,200,97.6,200,TGT
2025-10-28,9:31:06.054083874,T,97.4,200,97.6,100,TGT
2025-10-28,9:31:06.054083874,T,97.4,200,97.68,300,TGT
2025-10-28,9:31:06.054103974,T,97.59,100,97.68,300,TGT
2025-10-28,9:31:06.054129316,T,97.59,100,97.68,200,TGT
2025-10-28,9:31:06.054665339,T,97.44,100,97.68,200,TGT
2025-10-28,9:31:06.054690340,T,97.44,100,97.68,300,TGT
2025-10-28,9:31:06.054725431,T,97.44,100,97.66,100,TGT
2025-10-28,9:31:06.054765582,T,97.44,100,97.68,300,TGT
2025-10-28,9:31:06.054790598,T,97.44,100,97.68,200,TGT
2025-10-28,9:31:06.055131451,T,97.4,200,97.68,200,TGT
2025-10-28,9:31:06.261893984,T,97.56,100,97.68,200,TGT
2025-10-28,9:31:06.261994201,T,97.56,100,97.7,100,TGT
2025-10-28,9:31:06.261999233,T,97.56,100,97.8,100,TGT
2025-10-28,9:31:06.261999233,T,97.58,100,97.8,100,TGT
2025-10-28,9:31:06.262029547,T,97.58,100,97.85,100,TGT
2025-10-28,9:31:06.262039287,T,97.58,100,97.73,200,TGT
2025-10-28,9:31:06.274463963,T,97.4,200,97.73,200,TGT
2025-10-28,9:31:06.490142793,T,97.4,300,97.73,200,TGT
2025-10-28,9:31:06.982245071,T,97.4,400,97.73,200,TGT
2025-10-28,9:31:07.244339563,T,97.4,200,97.73,200,TGT
2025-10-28,9:31:07.244344541,T,97.47,200,97.73,200,TGT
2025-10-28,9:31:07.620761261,T,97.47,200,97.85,200,TGT
2025-10-28,9:31:07.620771189,T,97.47,200,97.82,200,TGT
2025-10-28,9:31:07.911609056,T,97.47,300,97.82,200,TGT
2025-10-28,9:31:10.020342942,T,97.47,200,97.82,200,TGT
2025-10-28,9:31:14.422535479,T,97.47,200,97.82,300,TGT
2025-10-28,9:31:14.422540523,T,97.47,200,97.8,100,TGT
2025-10-28,9:31:14.422600666,T,97.47,200,97.78,100,TGT
2025-10-28,9:31:14.427492323,T,97.35,400,97.78,100,TGT
2025-10-28,9:31:14.427507299,T,97.38,200,97.78,100,TGT
2025-10-28,9:31:14.427522425,T,97.38,200,97.8,100,TGT
2025-10-28,9:31:14.429311627,T,97.38,200,97.79,100,TGT
2025-10-28,9:31:14.522563790,T,97.38,200,97.8,100,TGT
2025-10-28,9:31:14.622867829,T,97.38,200,97.82,300,TGT
2025-10-28,9:31:14.622897829,T,97.38,200,97.82,200,TGT
2025-10-28,9:31:14.813963042,T,97.38,200,97.82,300,TGT
2025-10-28,9:31:29.727537722,T,97.48,100,97.82,300,TGT
2025-10-28,9:31:30.991940035,T,97.46,100,97.82,300,TGT
2025-10-28,9:31:31.864934730,T,97.48,100,97.82,300,TGT
2025-10-28,9:31:31.865145301,T,97.48,200,97.82,300,TGT
2025-10-28,9:31:32.982757888,T,97.48,100,97.82,300,TGT
2025-10-28,9:31:34.296131853,T,97.46,100,97.82,300,TGT
2025-10-28,9:31:41.040489402,T,97.46,100,97.66,100,TGT
2025-10-28,9:31:41.040920331,T,97.46,100,97.66,200,TGT
2025-10-28,9:31:41.985169891,T,97.46,100,97.61,100,TGT
2025-10-28,9:31:41.985590925,T,97.46,100,97.61,200,TGT
2025-10-28,9:31:41.986172272,T,97.46,100,97.61,300,TGT
2025-10-28,9:31:42.523497460,T,97.46,100,97.61,200,TGT
2025-10-28,9:31:42.523507524,T,97.46,100,97.61,100,TGT
2025-10-28,9:31:49.498108639,T,97.46,100,97.75,200,TGT
2025-10-28,9:31:49.498118751,T,97.48,100,97.75,200,TGT
2025-10-28,9:31:49.498128768,T,97.58,100,97.75,200,TGT
2025-10-28,9:31:49.498153732,T,97.58,100,97.61,100,TGT
2025-10-28,9:31:49.498163792,T,97.58,100,97.61,200,TGT
2025-10-28,9:31:49.498168948,T,97.58,100,97.61,100,TGT
2025-10-28,9:31:49.498173834,T,97.58,100,97.75,200,TGT
2025-10-28,9:31:49.544403921,T,97.58,200,97.75,200,TGT
2025-10-28,9:31:49.544544272,T,97.58,100,97.75,200,TGT
2025-10-28,9:31:49.544639664,T,97.58,200,97.75,200,TGT
2025-10-28,9:31:49.544835050,T,97.58,100,97.75,200,TGT
2025-10-28,9:31:49.544850052,T,97.58,200,97.75,200,TGT
2025-10-28,9:31:49.544870237,T,97.58,100,97.75,200,TGT
2025-10-28,9:31:49.548007512,T,97.58,200,97.75,200,TGT
2025-10-28,9:31:49.577292289,T,97.58,100,97.75,200,TGT
2025-10-28,9:31:49.598282307,T,97.5,100,97.75,200,TGT
2025-10-28,9:31:49.698791826,T,97.48,100,97.75,200,TGT
2025-10-28,9:31:49.740751798,T,97.54,100,97.75,200,TGT
2025-10-28,9:31:50.013887543,T,97.58,100,97.75,200,TGT
2025-10-28,9:31:50.016278175,T,97.58,100,97.84,100,TGT
2025-10-28,9:31:50.016283255,T,97.58,100,97.84,300,TGT
2025-10-28,9:31:50.031018367,T,97.54,200,97.84,300,TGT
2025-10-28,9:31:50.144934738,T,97.54,100,97.84,300,TGT
2025-10-28,9:31:50.289428882,T,97.54,200,97.84,300,TGT
2025-10-28,9:31:53.543746963,T,97.54,300,97.84,300,TGT
2025-10-28,9:31:53.543746963,T,97.58,100,97.84,300,TGT
2025-10-28,9:31:53.543762015,T,97.59,100,97.84,300,TGT
2025-10-28,9:31:53.543772044,T,97.59,100,97.84,200,TGT
2025-10-28,9:31:53.544268157,T,97.68,100,97.84,200,TGT
2025-10-28,9:31:53.544303614,T,97.7,100,97.84,200,TGT
2025-10-28,9:31:53.544338425,T,97.71,100,97.84,200,TGT
2025-10-28,9:31:53.544373431,T,97.72,100,97.84,200,TGT
2025-10-28,9:31:53.544574056,T,97.73,100,97.84,200,TGT
2025-10-28,9:31:53.544578997,T,97.74,100,97.84,200,TGT
2025-10-28,9:31:53.544608981,T,97.75,100,97.84,200,TGT
2025-10-28,9:31:53.544654141,T,97.74,100,97.84,200,TGT
2025-10-28,9:31:53.544679149,T,97.75,100,97.84,200,TGT
2025-10-28,9:31:53.544719385,T,97.74,100,97.84,200,TGT
2025-10-28,9:31:53.544719385,T,97.73,100,97.84,200,TGT
2025-10-28,9:31:53.544999927,T,97.75,100,97.84,200,TGT
2025-10-28,9:31:53.547440755,T,97.75,100,97.9,100,TGT
2025-10-28,9:31:53.551365139,T,97.74,100,97.9,100,TGT
2025-10-28,9:31:53.556988493,T,97.71,100,97.9,100,TGT
2025-10-28,9:31:53.569352990,T,97.71,200,97.9,100,TGT
2025-10-28,9:31:53.745076512,T,97.71,100,97.9,100,TGT
2025-10-28,9:31:53.746560066,T,97.76,100,97.9,100,TGT
2025-10-28,9:31:53.746610194,T,97.77,100,97.9,100,TGT
2025-10-28,9:31:53.746635287,T,97.77,100,97.98,300,TGT
2025-10-28,9:31:53.746645270,T,97.78,100,97.98,300,TGT
2025-10-28,9:31:53.746680369,T,97.78,100,97.98,200,TGT
2025-10-28,9:31:53.746700464,T,97.87,100,97.98,200,TGT
2025-10-28,9:31:53.747026189,T,97.87,200,97.98,200,TGT
2025-10-28,9:31:53.750539540,T,97.87,200,98.0,1700,TGT
2025-10-28,9:31:53.846733729,T,97.87,100,98.0,1700,TGT
2025-10-28,9:31:53.863082630,T,97.8,100,98.0,1700,TGT
2025-10-28,9:31:53.980397143,T,97.79,100,98.0,1700,TGT
2025-10-28,9:31:53.981925746,T,97.79,100,97.95,100,TGT
2025-10-28,9:31:53.994951783,T,97.59,100,97.95,100,TGT
2025-10-28,9:31:53.995748757,T,97.55,100,97.95,100,TGT
2025-10-28,9:31:53.995964281,T,97.55,200,97.95,100,TGT
2025-10-28,9:31:54.001883373,T,97.59,100,97.95,100,TGT
2025-10-28,9:31:54.033839495,T,97.59,100,98.0,1700,TGT
2025-10-28,9:31:54.208936542,T,97.55,100,98.0,1700,TGT
2025-10-28,9:31:54.208976740,T,97.59,100,98.0,1700,TGT
2025-10-28,9:31:54.209518006,T,97.6,100,98.0,1700,TGT
2025-10-28,9:31:54.210174519,T,97.6,100,97.96,200,TGT
2025-10-28,9:31:54.210354927,T,97.6,200,97.96,200,TGT
2025-10-28,9:31:54.996688210,T,97.6,100,97.96,200,TGT
2025-10-28,9:31:54.996868627,T,97.61,100,97.96,200,TGT
2025-10-28,9:31:54.997079106,T,97.61,200,97.96,200,TGT
2025-10-28,9:31:55.741853460,T,97.61,200,98.0,1700,TGT
2025-10-28,9:31:55.742129091,T,97.61,100,98.0,1700,TGT
2025-10-28,9:31:55.742314482,T,97.62,100,98.0,1700,TGT
2025-10-28,9:31:55.742525075,T,97.62,200,98.0,1700,TGT
2025-10-28,9:31:55.987353305,T,97.62,100,98.0,1700,TGT
2025-10-28,9:31:58.135290594,T,97.62,200,98.0,1700,TGT
2025-10-28,9:31:58.352317575,T,97.62,100,98.0,1700,TGT
2025-10-28,9:31:58.726794902,T,97.6,100,98.0,1700,TGT
2025-10-28,9:32:18.683554094,T,97.62,100,98.0,1700,TGT
2025-10-28,9:32:18.683764598,T,97.62,200,98.0,1700,TGT
2025-10-28,9:32:18.686100252,T,97.62,100,98.0,1700,TGT
2025-10-28,9:32:18.979449033,T,97.63,100,98.0,1700,TGT
2025-10-28,9:32:18.979895044,T,97.63,200,98.0,1700,TGT
2025-10-28,9:32:19.209231439,T,97.63,100,98.0,1700,TGT
2025-10-28,9:32:19.209261590,T,97.63,200,98.0,1700,TGT
2025-10-28,9:32:22.606034002,T,97.63,100,98.0,1700,TGT
2025-10-28,9:32:22.606189444,T,97.63,200,98.0,1700,TGT
2025-10-28,9:32:22.606645506,T,97.63,100,98.0,1700,TGT
2025-10-28,9:32:23.283918841,T,97.64,100,98.0,1700,TGT
2025-10-28,9:32:23.284129354,T,97.64,200,98.0,1700,TGT
2025-10-28,9:32:23.284575542,T,97.64,100,98.0,1700,TGT
2025-10-28,9:32:23.935691628,T,97.64,200,98.0,1700,TGT
2025-10-28,9:32:23.936062502,T,97.64,100,98.0,1700,TGT
2025-10-28,9:32:23.936247957,T,97.65,100,98.0,1700,TGT
2025-10-28,9:32:23.936463499,T,97.65,200,98.0,1700,TGT
2025-10-28,9:32:24.129297825,T,97.65,100,98.0,1700,TGT
2025-10-28,9:32:24.129784029,T,97.65,200,98.0,1700,TGT
2025-10-28,9:32:24.130270212,T,97.65,100,98.0,1700,TGT
2025-10-28,9:32:24.130600972,T,97.65,200,98.0,1700,TGT
2025-10-28,9:32:24.512014558,T,97.65,100,98.0,1700,TGT
2025-10-28,9:32:34.203297924,T,97.63,100,98.0,1700,TGT
2025-10-28,9:32:38.990237039,T,97.64,100,98.0,1700,TGT
2025-10-28,9:32:43.820113639,T,97.66,100,98.0,1700,TGT
2025-10-28,9:32:43.820549873,T,97.67,100,98.0,1700,TGT
2025-10-28,9:32:43.820569732,T,97.76,100,98.0,1700,TGT
2025-10-28,9:32:43.820579758,T,97.78,100,98.0,1700,TGT
2025-10-28,9:32:43.820594723,T,97.84,100,98.0,1700,TGT
2025-10-28,9:32:43.834392646,T,97.76,100,98.0,1700,TGT
2025-10-28,9:32:44.461386367,T,97.76,200,98.0,1700,TGT
2025-10-28,9:32:45.395236171,T,97.76,100,98.0,1700,TGT
2025-10-28,9:32:47.399516078,T,97.73,200,98.0,1700,TGT
2025-10-28,9:32:47.399541170,T,97.73,100,98.0,1700,TGT
2025-10-28,9:32:49.201534314,T,97.73,100,98.0,1800,TGT
2025-10-28,9:32:49.201539054,T,97.73,100,97.96,100,TGT
2025-10-28,9:32:49.201539054,T,97.73,100,97.9,100,TGT
2025-10-28,9:32:49.201559179,T,97.67,100,97.9,100,TGT
2025-10-28,9:32:49.201569139,T,97.67,100,97.94,100,TGT
2025-10-28,9:32:49.202551694,T,97.67,100,97.95,100,TGT
2025-10-28,9:32:49.208570914,T,97.67,100,98.0,1800,TGT
2025-10-28,9:32:49.208590961,T,97.67,100,98.0,1700,TGT
2025-10-28,9:32:49.210310019,T,97.62,100,98.0,1700,TGT
2025-10-28,9:32:49.211567998,T,97.62,100,98.0,1800,TGT
2025-10-28,9:32:49.211583076,T,97.62,100,98.0,1700,TGT
2025-10-28,9:32:49.484658552,T,97.62,200,98.0,1700,TGT
2025-10-28,9:32:49.564774399,T,97.67,100,98.0,1700,TGT
2025-10-28,9:32:49.651811804,T,97.69,100,98.0,1700,TGT
2025-10-28,9:32:51.814990302,T,97.69,100,97.9,500,TGT
2025-10-28,9:32:54.352937027,T,97.62,100,97.9,500,TGT
2025-10-28,9:32:54.352986780,T,97.61,300,97.9,500,TGT
2025-10-28,9:32:54.353127136,T,97.61,300,97.9,600,TGT
2025-10-28,9:32:54.353132150,T,97.61,200,97.9,600,TGT
2025-10-28,9:32:54.353217377,T,97.61,200,97.9,500,TGT
2025-10-28,9:32:54.355522837,T,97.61,300,97.9,500,TGT
2025-10-28,9:32:54.356986339,T,97.61,200,97.9,500,TGT
2025-10-28,9:32:55.886440003,T,97.55,100,97.9,500,TGT
2025-10-28,9:32:59.106551445,T,97.56,100,97.9,500,TGT
2025-10-28,9:32:59.561750879,T,97.56,100,97.86,100,TGT
2025-10-28,9:32:59.561786052,T,97.56,100,97.86,200,TGT
2025-10-28,9:32:59.561816409,T,97.56,100,97.86,300,TGT
2025-10-28,9:32:59.561816409,T,97.56,100,97.83,100,TGT
2025-10-28,9:32:59.561846135,T,97.56,100,97.78,100,TGT
2025-10-28,9:32:59.563870943,T,97.56,100,97.78,200,TGT
2025-10-28,9:32:59.572506597,T,97.56,100,97.78,100,TGT
2025-10-28,9:32:59.572586726,T,97.56,100,97.78,200,TGT
2025-10-28,9:32:59.575684182,T,97.56,100,97.78,300,TGT
2025-10-28,9:32:59.576435929,T,97.56,100,97.78,400,TGT
2025-10-28,9:32:59.576445917,T,97.56,100,97.77,100,TGT
2025-10-28,9:32:59.576902043,T,97.56,100,97.78,400,TGT
2025-10-28,9:32:59.586424669,T,97.56,100,97.78,300,TGT
2025-10-28,9:32:59.586429701,T,97.56,100,97.78,200,TGT
2025-10-28,9:32:59.631206449,T,97.54,100,97.78,200,TGT
2025-10-28,9:33:00.030653109,T,97.54,100,97.78,100,TGT
2025-10-28,9:33:00.168957637,T,97.54,100,97.86,100,TGT
2025-10-28,9:33:00.168997648,T,97.54,100,97.87,200,TGT
2025-10-28,9:33:00.285199552,T,97.54,200,97.87,200,TGT
2025-10-28,9:33:00.285359914,T,97.54,100,97.87,200,TGT
2025-10-28,9:33:00.550992727,T,97.54,100,97.86,100,TGT
2025-10-28,9:33:00.563096598,T,97.54,100,97.87,200,TGT
2025-10-28,9:33:00.563131611,T,97.54,200,97.87,200,TGT
2025-10-28,9:33:00.563292061,T,97.54,100,97.87,200,TGT
2025-10-28,9:33:01.390713393,T,97.54,200,97.87,200,TGT
2025-10-28,9:33:01.390733290,T,97.54,100,97.87,200,TGT
2025-10-28,9:33:01.656671812,T,97.54,200,97.87,200,TGT
2025-10-28,9:33:01.656942492,T,97.54,100,97.87,200,TGT
2025-10-28,9:33:01.657122921,T,97.54,200,97.87,200,TGT
2025-10-28,9:33:01.657238128,T,97.54,100,97.87,200,TGT
2025-10-28,9:33:02.114357107,T,97.54,100,97.86,100,TGT
2025-10-28,9:33:02.787555823,T,97.54,200,97.86,100,TGT
2025-10-28,9:33:02.788658453,T,97.54,100,97.86,100,TGT
2025-10-28,9:33:03.282474948,T,97.54,100,97.78,100,TGT
2025-10-28,9:33:03.282474948,T,97.54,100,97.77,100,TGT
2025-10-28,9:33:03.282484975,T,97.54,100,97.76,100,TGT
2025-10-28,9:33:03.282484975,T,97.54,100,97.69,100,TGT
2025-10-28,9:33:03.282535060,T,97.54,100,97.66,100,TGT
2025-10-28,9:33:03.282700495,T,97.54,100,97.62,100,TGT
2025-10-28,9:33:03.283066422,T,97.54,100,97.61,100,TGT
2025-10-28,9:33:03.283533270,T,97.54,100,97.58,100,TGT
2025-10-28,9:33:03.283572530,T,97.54,100,97.61,100,TGT
2025-10-28,9:33:03.283597636,T,97.55,100,97.61,100,TGT
2025-10-28,9:33:03.283702867,T,97.55,100,97.59,100,TGT
2025-10-28,9:33:03.284675222,T,97.54,100,97.59,100,TGT
2025-10-28,9:33:03.285181449,T,97.4,200,97.59,100,TGT
2025-10-28,9:33:03.285236478,T,97.4,200,97.61,100,TGT
2025-10-28,9:33:03.461446294,T,97.35,300,97.61,100,TGT
2025-10-28,9:33:04.101405976,T,97.35,300,97.6,100,TGT
2025-10-28,9:33:04.104468279,T,97.35,300,97.61,100,TGT
2025-10-28,9:33:04.282878341,T,97.35,400,97.61,100,TGT
2025-10-28,9:33:04.416466552,T,97.35,400,97.7,100,TGT
2025-10-28,9:33:05.558026168,T,97.35,300,97.7,100,TGT
2025-10-28,9:33:07.080112355,T,97.35,300,97.79,100,TGT
2025-10-28,9:33:07.080122397,T,97.35,300,97.74,100,TGT
2025-10-28,9:33:07.235557671,T,97.35,300,97.71,100,TGT
2025-10-28,9:33:11.895018324,T,97.35,300,97.6,100,TGT
2025-10-28,9:33:13.640266203,T,97.35,300,97.69,100,TGT
2025-10-28,9:33:13.640757343,T,97.35,300,97.68,100,TGT
2025-10-28,9:33:13.640912710,T,97.35,300,97.7,100,TGT
2025-10-28,9:33:13.641278609,T,97.35,300,97.56,100,TGT
2025-10-28,9:33:13.710393247,T,97.35,300,97.53,100,TGT
2025-10-28,9:33:13.710398269,T,97.35,300,97.52,100,TGT
2025-10-28,9:33:13.710398269,T,97.35,300,97.45,100,TGT
2025-10-28,9:33:13.710418289,T,97.28,200,97.45,100,TGT
2025-10-28,9:33:13.710438323,T,97.28,200,97.37,100,TGT
2025-10-28,9:33:13.710453362,T,97.28,100,97.37,100,TGT
2025-10-28,9:33:13.710468405,T,97.27,100,97.37,100,TGT
2025-10-28,9:33:13.710478426,T,97.27,100,97.45,100,TGT
2025-10-28,9:33:13.710493442,T,97.21,300,97.45,100,TGT
2025-10-28,9:33:13.710493442,T,97.33,100,97.45,100,TGT
2025-10-28,9:33:13.710503582,T,97.33,100,97.52,100,TGT
2025-10-28,9:33:13.710563666,T,97.33,100,97.5,100,TGT
2025-10-28,9:33:13.710628766,T,97.32,100,97.5,100,TGT
2025-10-28,9:33:13.710844276,T,97.32,100,97.41,100,TGT
2025-10-28,9:33:13.710874388,T,97.32,100,97.5,100,TGT
2025-10-28,9:33:13.711180103,T,97.21,100,97.5,100,TGT
2025-10-28,9:33:13.711205156,T,97.18,100,97.5,100,TGT
2025-10-28,9:33:13.711225422,T,97.18,100,97.41,100,TGT
2025-10-28,9:33:13.711225422,T,97.18,100,97.5,100,TGT
2025-10-28,9:33:13.711230163,T,97.18,100,97.41,100,TGT
2025-10-28,9:33:13.711245238,T,97.18,100,97.5,100,TGT
2025-10-28,9:33:13.711425697,T,97.18,100,97.51,100,TGT
2025-10-28,9:33:13.711601151,T,97.18,100,97.41,100,TGT
2025-10-28,9:33:13.711816662,T,97.16,100,97.41,100,TGT
2025-10-28,9:33:13.712392984,T,97.12,100,97.41,100,TGT
2025-10-28,9:33:13.762286793,T,97.12,100,97.52,100,TGT
2025-10-28,9:33:13.762988561,T,97.16,100,97.52,100,TGT
2025-10-28,9:33:13.763173908,T,97.12,100,97.52,100,TGT
2025-10-28,9:33:13.763194265,T,97.12,100,97.41,100,TGT
2025-10-28,9:33:13.763424591,T,97.12,100,97.52,100,TGT
2025-10-28,9:33:13.763444567,T,97.16,100,97.52,100,TGT
2025-10-28,9:33:13.770481362,T,97.12,100,97.52,100,TGT
2025-10-28,9:33:13.810451608,T,97.12,100,97.53,100,TGT
2025-10-28,9:33:13.908309712,T,97.15,100,97.53,100,TGT
2025-10-28,9:33:13.908339726,T,97.15,200,97.53,100,TGT
2025-10-28,9:33:14.608447641,T,97.15,200,97.53,200,TGT
2025-10-28,9:33:14.710801618,T,97.16,100,97.53,200,TGT
2025-10-28,9:33:15.912820050,T,97.16,100,97.53,300,TGT
2025-10-28,9:33:15.913130809,T,97.16,100,97.53,200,TGT
2025-10-28,9:33:15.913150836,T,97.18,100,97.53,200,TGT
2025-10-28,9:33:15.913160795,T,97.25,100,97.53,200,TGT
2025-10-28,9:33:15.913180924,T,97.18,100,97.53,200,TGT
2025-10-28,9:33:15.918042507,T,97.18,300,97.53,200,TGT
2025-10-28,9:33:15.920508282,T,97.18,300,97.53,300,TGT
2025-10-28,9:33:16.113237473,T,97.18,200,97.53,300,TGT
2025-10-28,9:33:31.758400538,T,97.16,100,97.53,300,TGT
2025-10-28,9:33:31.778217854,T,97.16,200,97.53,300,TGT
2025-10-28,9:33:33.377562892,T,97.16,200,97.53,200,TGT
2025-10-28,9:33:33.377572924,T,97.16,200,97.53,100,TGT
2025-10-28,9:33:33.377703163,T,97.16,200,97.44,100,TGT
2025-10-28,9:33:34.433463359,T,97.18,100,97.44,100,TGT
2025-10-28,9:33:37.570792700,T,97.18,100,97.53,100,TGT
2025-10-28,9:33:39.913097892,T,97.19,100,97.53,100,TGT
2025-10-28,9:33:39.913107871,T,97.19,100,97.6,100,TGT
2025-10-28,9:33:39.914250630,T,97.22,100,97.6,100,TGT
2025-10-28,9:33:39.923382436,T,97.18,100,97.6,100,TGT
2025-10-28,9:33:39.926149057,T,97.25,100,97.6,100,TGT
2025-10-28,9:33:39.941375512,T,97.25,200,97.6,100,TGT
2025-10-28,9:33:39.941380269,T,97.27,100,97.6,100,TGT
2025-10-28,9:33:39.941400265,T,97.25,200,97.6,100,TGT
2025-10-28,9:33:39.941620852,T,97.27,100,97.6,100,TGT
2025-10-28,9:33:39.941911543,T,97.25,200,97.6,100,TGT
2025-10-28,9:33:39.948407020,T,97.25,100,97.6,100,TGT
2025-10-28,9:33:40.131297742,T,97.25,100,97.59,100,TGT
2025-10-28,9:33:40.184078410,T,97.25,200,97.59,100,TGT
2025-10-28,9:33:40.285169296,T,97.27,100,97.59,100,TGT
2025-10-28,9:33:40.343748848,T,97.28,100,97.59,100,TGT
2025-10-28,9:33:40.444263653,T,97.28,100,97.59,200,TGT
2025-10-28,9:33:40.444689265,T,97.28,100,97.58,100,TGT
2025-10-28,9:33:40.444709316,T,97.25,100,97.58,100,TGT
2025-10-28,9:33:40.444869917,T,97.25,100,97.51,100,TGT
2025-10-28,9:33:40.444879750,T,97.25,100,97.52,100,TGT
2025-10-28,9:33:40.451249851,T,97.25,100,97.53,100,TGT
2025-10-28,9:33:40.545444336,T,97.25,100,97.59,200,TGT
2025-10-28,9:33:40.644249642,T,97.25,100,97.59,100,TGT
2025-10-28,9:33:44.924602019,T,97.25,100,97.58,100,TGT
2025-10-28,9:33:44.984675229,T,97.25,100,97.57,100,TGT
2025-10-28,9:33:50.080089393,T,97.27,100,97.57,100,TGT
2025-10-28,9:33:50.080109478,T,97.3,100,97.57,100,TGT
2025-10-28,9:33:50.080124448,T,97.27,100,97.57,100,TGT
2025-10-28,9:33:50.080169619,T,97.28,100,97.57,100,TGT
2025-10-28,9:33:50.080856167,T,97.3,100,97.57,100,TGT
2025-10-28,9:33:50.081262134,T,97.31,100,97.57,100,TGT
2025-10-28,9:33:50.087111063,T,97.28,100,97.57,100,TGT
2025-10-28,9:33:50.087577196,T,97.31,100,97.57,100,TGT
2025-10-28,9:33:50.140488313,T,97.31,100,97.63,200,TGT
2025-10-28,9:33:50.150416978,T,97.31,100,97.62,100,TGT
2025-10-28,9:33:50.298680150,T,97.31,100,97.6,100,TGT
2025-10-28,9:33:51.438154834,T,97.27,100,97.6,100,TGT
2025-10-28,9:33:51.451677054,T,97.27,200,97.6,100,TGT
2025-10-28,9:33:51.451887602,T,97.27,300,97.6,100,TGT
2025-10-28,9:33:52.509116238,T,97.27,200,97.6,100,TGT
2025-10-28,9:33:52.634730559,T,97.27,200,97.59,100,TGT
2025-10-28,9:34:01.167754232,T,97.27,200,97.63,200,TGT
2025-10-28,9:34:01.167759167,T,97.27,300,97.63,200,TGT
2025-10-28,9:34:01.167784296,T,97.35,100,97.63,200,TGT
2025-10-28,9:34:01.183000495,T,97.27,100,97.63,200,TGT
2025-10-28,9:34:01.183035648,T,97.35,100,97.63,200,TGT
2025-10-28,9:34:01.268910185,T,97.35,100,97.61,100,TGT
2025-10-28,9:34:01.796316668,T,97.27,100,97.61,100,TGT
2025-10-28,9:34:01.796341711,T,97.26,200,97.61,100,TGT
2025-10-28,9:34:12.530459096,T,97.27,100,97.61,100,TGT
2025-10-28,9:34:13.697319239,T,97.27,100,97.63,200,TGT
2025-10-28,9:34:13.697369191,T,97.27,200,97.63,200,TGT
2025-10-28,9:34:13.697369191,T,97.36,100,97.63,200,TGT
2025-10-28,9:34:13.719085923,T,97.27,200,97.63,200,TGT
2025-10-28,9:34:13.851852199,T,97.27,100,97.63,200,TGT
2025-10-28,9:34:13.931411754,T,97.25,200,97.63,200,TGT
2025-10-28,9:34:14.006555747,T,97.25,200,97.63,300,TGT
2025-10-28,9:34:14.103586915,T,97.25,200,97.62,100,TGT
2025-10-28,9:34:15.651008499,T,97.37,100,97.62,100,TGT
2025-10-28,9:34:18.109951888,T,97.38,100,97.62,100,TGT
2025-10-28,9:34:18.109961896,T,97.39,100,97.62,100,TGT
2025-10-28,9:34:18.110087225,T,97.4,100,97.62,100,TGT
2025-10-28,9:34:18.110262620,T,97.43,100,97.62,100,TGT
2025-10-28,9:34:18.110297695,T,97.44,100,97.62,100,TGT
2025-10-28,9:34:18.110387975,T,97.43,100,97.62,100,TGT
2025-10-28,9:34:18.110438063,T,97.43,100,97.63,200,TGT
2025-10-28,9:34:18.110453039,T,97.46,100,97.63,200,TGT
2025-10-28,9:34:18.110623448,T,97.46,100,97.86,100,TGT
2025-10-28,9:34:18.110628487,T,97.46,100,97.72,200,TGT
2025-10-28,9:34:18.110683646,T,97.48,100,97.72,200,TGT
2025-10-28,9:34:18.110744005,T,97.52,100,97.72,200,TGT
2025-10-28,9:34:18.110788863,T,97.48,100,97.72,200,TGT
2025-10-28,9:34:18.110874079,T,97.46,100,97.72,200,TGT
2025-10-28,9:34:18.117018710,T,97.4,200,97.72,200,TGT
2025-10-28,9:34:18.122932775,T,97.52,100,97.72,200,TGT
2025-10-28,9:34:18.122952861,T,97.4,200,97.72,200,TGT
2025-10-28,9:34:18.123203472,T,97.4,200,97.86,100,TGT
2025-10-28,9:34:18.123614431,T,97.52,100,97.86,100,TGT
2025-10-28,9:34:18.123654484,T,97.4,100,97.86,100,TGT
2025-10-28,9:34:18.138324497,T,97.4,100,97.75,100,TGT
2025-10-28,9:34:18.188709549,T,97.57,100,97.75,100,TGT
2025-10-28,9:34:18.188739579,T,97.58,100,97.75,100,TGT
2025-10-28,9:34:18.188975433,T,97.57,100,97.75,100,TGT
2025-10-28,9:34:18.188990206,T,97.58,100,97.75,100,TGT
2025-10-28,9:34:18.189371157,T,97.57,200,97.75,100,TGT
2025-10-28,9:34:18.189391182,T,97.57,200,97.86,100,TGT
2025-10-28,9:34:18.189416258,T,97.57,200,97.66,100,TGT
2025-10-28,9:34:18.198542901,T,97.57,100,97.66,100,TGT
2025-10-28,9:34:18.199284710,T,97.4,100,97.66,100,TGT
2025-10-28,9:34:18.214165134,T,97.39,100,97.66,100,TGT
2025-10-28,9:34:18.222870974,T,97.56,100,97.66,100,TGT
2025-10-28,9:34:18.477632881,T,97.42,100,97.66,100,TGT
2025-10-28,9:34:18.546146081,T,97.42,200,97.66,100,TGT
2025-10-28,9:34:18.615421045,T,97.42,100,97.66,100,TGT
2025-10-28,9:34:19.189779328,T,97.42,200,97.66,100,TGT
2025-10-28,9:34:19.337461123,T,97.42,100,97.66,100,TGT
2025-10-28,9:34:19.441844872,T,97.42,200,97.66,100,TGT
2025-10-28,9:34:19.441864863,T,97.43,100,97.66,100,TGT
2025-10-28,9:34:19.442190667,T,97.44,100,97.66,100,TGT
2025-10-28,9:34:19.442616719,T,97.44,200,97.66,100,TGT
2025-10-28,9:34:19.457020959,T,97.44,100,97.66,100,TGT
2025-10-28,9:34:19.457056077,T,97.44,200,97.66,100,TGT
2025-10-28,9:34:19.457056077,T,97.45,100,97.66,100,TGT
2025-10-28,9:34:19.457682540,T,97.45,200,97.66,100,TGT
2025-10-28,9:34:19.457792756,T,97.45,100,97.66,100,TGT
2025-10-28,9:34:19.457908137,T,97.45,200,97.66,100,TGT
2025-10-28,9:34:19.457948159,T,97.45,300,97.66,100,TGT
2025-10-28,9:34:19.458073508,T,97.45,200,97.66,100,TGT
2025-10-28,9:34:19.544769973,T,97.45,100,97.66,100,TGT
2025-10-28,9:34:20.486162618,T,97.48,100,97.66,100,TGT
2025-10-28,9:34:21.025562605,T,97.48,200,97.66,100,TGT
2025-10-28,9:34:21.553405238,T,97.48,100,97.66,100,TGT
2025-10-28,9:34:23.692361016,T,97.49,100,97.66,100,TGT
2025-10-28,9:34:24.285218366,T,97.49,200,97.66,100,TGT
2025-10-28,9:34:25.552327021,T,97.49,200,97.75,200,TGT
2025-10-28,9:34:25.552347124,T,97.49,300,97.75,200,TGT
2025-10-28,9:34:25.552347124,T,97.66,100,97.75,200,TGT
2025-10-28,9:34:25.552933564,T,97.66,100,97.9,500,TGT
2025-10-28,9:34:25.552953513,T,97.67,100,97.9,500,TGT
2025-10-28,9:34:25.553083824,T,97.66,100,97.9,500,TGT
2025-10-28,9:34:25.553178992,T,97.65,100,97.9,500,TGT
2025-10-28,9:34:25.553204063,T,97.63,100,97.9,500,TGT
2025-10-28,9:34:25.553514832,T,97.67,100,97.9,500,TGT
2025-10-28,9:34:25.553675182,T,97.67,100,97.86,100,TGT
2025-10-28,9:34:25.553840612,T,97.62,100,97.86,100,TGT
2025-10-28,9:34:25.554271614,T,97.62,100,97.9,500,TGT
2025-10-28,9:34:25.554276780,T,97.62,100,97.86,100,TGT
2025-10-28,9:34:25.554296744,T,97.62,100,97.75,100,TGT
2025-10-28,9:34:25.568074568,T,97.61,200,97.75,100,TGT
2025-10-28,9:34:25.568099610,T,97.61,100,97.75,100,TGT
2025-10-28,9:34:25.653312636,T,97.49,200,97.75,100,TGT
2025-10-28,9:34:25.654385095,T,97.49,300,97.75,100,TGT
2025-10-28,9:34:25.672914237,T,97.49,200,97.75,100,TGT
2025-10-28,9:34:25.700354693,T,97.61,100,97.75,100,TGT
2025-10-28,9:34:26.569465265,T,97.51,100,97.75,100,TGT
2025-10-28,9:34:27.976602553,T,97.63,100,97.75,100,TGT
2025-10-28,9:34:29.430952309,T,97.63,200,97.75,100,TGT
2025-10-28,9:34:29.509103452,T,97.63,300,97.75,100,TGT
2025-10-28,9:34:29.946565793,T,97.63,400,97.75,100,TGT
2025-10-28,9:34:29.946976681,T,97.63,300,97.75,100,TGT
2025-10-28,9:34:29.947001920,T,97.63,200,97.75,100,TGT
2025-10-28,9:34:29.958338841,T,97.64,100,97.75,100,TGT
2025-10-28,9:34:29.958479119,T,97.65,100,97.75,100,TGT
2025-10-28,9:34:29.958809937,T,97.64,100,97.75,100,TGT
2025-10-28,9:34:29.958835014,T,97.63,200,97.75,100,TGT
2025-10-28,9:34:29.958905121,T,97.65,100,97.75,100,TGT
2025-10-28,9:34:30.807241161,T,97.65,200,97.75,100,TGT
2025-10-28,9:34:30.815781772,T,97.65,100,97.75,100,TGT
2025-10-28,9:34:31.226755686,T,97.63,100,97.75,100,TGT
2025-10-28,9:34:35.212300655,T,97.63,200,97.75,100,TGT
2025-10-28,9:34:35.771512972,T,97.63,100,97.75,100,TGT
2025-10-28,9:34:38.386171906,T,97.63,100,97.85,100,TGT
2025-10-28,9:34:38.386196941,T,97.63,100,97.7,100,TGT
2025-10-28,9:34:38.386206957,T,97.63,100,97.85,100,TGT
2025-10-28,9:34:38.386231991,T,97.63,100,97.66,100,TGT
2025-10-28,9:34:38.386652991,T,97.63,100,97.85,100,TGT
2025-10-28,9:34:38.386673096,T,97.64,100,97.85,100,TGT
2025-10-28,9:34:38.386698095,T,97.64,100,97.86,100,TGT
2025-10-28,9:34:38.386998819,T,97.64,100,97.86,200,TGT
2025-10-28,9:34:38.390111258,T,97.63,100,97.86,200,TGT
2025-10-28,9:34:38.391780226,T,97.66,100,97.86,200,TGT
2025-10-28,9:34:38.709602525,T,97.66,100,97.86,100,TGT
2025-10-28,9:34:38.709647477,T,97.67,100,97.86,100,TGT
2025-10-28,9:34:38.711311551,T,97.67,100,97.88,200,TGT
2025-10-28,9:34:38.860321449,T,97.67,100,97.86,100,TGT
2025-10-28,9:34:38.860351535,T,97.66,100,97.86,100,TGT
2025-10-28,9:34:38.884985275,T,97.63,100,97.86,100,TGT
2025-10-28,9:34:39.050574704,T,97.63,100,97.86,200,TGT
2025-10-28,9:34:39.987246334,T,97.63,100,97.86,100,TGT
2025-10-28,9:34:40.733509179,T,97.63,200,97.86,100,TGT
2025-10-28,9:34:40.739879322,T,97.63,300,97.86,100,TGT
2025-10-28,9:34:41.627183335,T,97.63,300,97.86,200,TGT
2025-10-28,9:34:41.627604283,T,97.63,200,97.86,200,TGT
2025-10-28,9:34:41.630501162,T,97.63,100,97.86,200,TGT
2025-10-28,9:34:41.637573005,T,97.63,100,97.86,100,TGT
2025-10-28,9:34:45.414616276,T,97.63,100,97.84,100,TGT
2025-10-28,9:34:45.414646319,T,97.63,100,97.84,200,TGT
2025-10-28,9:34:45.421983896,T,97.63,100,97.84,100,TGT
2025-10-28,9:34:45.426158853,T,97.63,100,97.86,100,TGT
2025-10-28,9:34:45.685947841,T,97.53,100,97.86,100,TGT
2025-10-28,9:34:45.685987799,T,97.49,100,97.86,100,TGT
2025-10-28,9:34:45.685997924,T,97.48,100,97.86,100,TGT
2025-10-28,9:34:45.686293596,T,97.49,100,97.86,100,TGT
2025-10-28,9:34:45.686308623,T,97.52,100,97.86,100,TGT
2025-10-28,9:34:45.686474026,T,97.52,100,97.75,100,TGT
2025-10-28,9:34:45.686489059,T,97.52,100,97.74,100,TGT
2025-10-28,9:34:45.686614374,T,97.49,100,97.74,100,TGT
2025-10-28,9:34:45.686714782,T,97.49,100,97.69,100,TGT
2025-10-28,9:34:45.686724994,T,97.49,200,97.69,100,TGT
2025-10-28,9:34:45.686734637,T,97.52,100,97.69,100,TGT
2025-10-28,9:34:45.686739614,T,97.52,100,97.74,100,TGT
2025-10-28,9:34:45.686754674,T,97.53,100,97.74,100,TGT
2025-10-28,9:34:45.686834922,T,97.53,100,97.75,100,TGT
2025-10-28,9:34:45.686905091,T,97.54,100,97.75,100,TGT
2025-10-28,9:34:45.687020315,T,97.58,100,97.75,100,TGT
2025-10-28,9:34:45.687055518,T,97.54,100,97.75,100,TGT
2025-10-28,9:34:45.687085528,T,97.59,100,97.75,100,TGT
2025-10-28,9:34:45.698212038,T,97.53,100,97.75,100,TGT
2025-10-28,9:34:45.702427034,T,97.53,100,97.86,100,TGT
2025-10-28,9:34:45.702462093,T,97.53,100,97.86,200,TGT
2025-10-28,9:34:45.702637469,T,97.53,100,97.86,300,TGT
2025-10-28,9:34:45.727872661,T,97.53,100,97.86,200,TGT
2025-10-28,9:34:45.727882651,T,97.53,100,97.86,100,TGT
2025-10-28,9:34:45.787635020,T,97.52,100,97.86,100,TGT
2025-10-28,9:34:45.886415312,T,97.49,100,97.86,100,TGT
2025-10-28,9:34:45.985481327,T,97.49,200,97.86,100,TGT
2025-10-28,9:34:46.889304618,T,97.49,100,97.86,100,TGT
2025-10-28,9:34:46.889500097,T,97.5,100,97.86,100,TGT
2025-10-28,9:34:46.889921180,T,97.5,200,97.86,100,TGT
2025-10-28,9:34:49.053144596,T,97.51,100,97.86,100,TGT
2025-10-28,9:34:49.053184721,T,97.51,200,97.86,100,TGT
2025-10-28,9:34:49.054322544,T,97.51,300,97.86,100,TGT
2025-10-28,9:34:49.210559660,T,97.53,100,97.86,100,TGT
2025-10-28,9:34:49.211732423,T,97.53,200,97.86,100,TGT
2025-10-28,9:34:49.401459434,T,97.53,100,97.86,100,TGT
2025-10-28,9:34:49.460710547,T,97.52,100,97.86,100,TGT
2025-10-28,9:34:49.461131629,T,97.52,200,97.86,100,TGT
2025-10-28,9:34:51.976268626,T,97.52,200,97.87,100,TGT
2025-10-28,9:34:51.980909650,T,97.52,200,97.86,100,TGT
2025-10-28,9:34:58.087397699,T,97.52,200,97.87,200,TGT
2025-10-28,9:34:58.087432785,T,97.52,200,97.87,100,TGT
2025-10-28,9:34:58.087443151,T,97.53,100,97.87,100,TGT
2025-10-28,9:34:58.087447775,T,97.63,100,97.87,100,TGT
2025-10-28,9:34:58.087482917,T,97.7,100,97.87,100,TGT
2025-10-28,9:34:58.088620654,T,97.7,200,97.87,100,TGT
2025-10-28,9:34:58.090730602,T,97.7,100,97.87,100,TGT
2025-10-28,9:34:58.147170157,T,97.7,100,97.9,500,TGT
2025-10-28,9:34:58.147596079,T,97.52,100,97.9,500,TGT
2025-10-28,9:34:58.148919251,T,97.52,200,97.9,500,TGT
2025-10-28,9:34:58.148929240,T,97.52,300,97.9,500,TGT
2025-10-28,9:34:58.204762364,T,97.52,200,97.9,500,TGT
2025-10-28,9:34:58.204772379,T,97.52,100,97.9,500,TGT
2025-10-28,9:34:58.206095461,T,97.52,200,97.9,500,TGT
2025-10-28,9:34:58.206105505,T,97.52,300,97.9,500,TGT
2025-10-28,9:34:58.452818226,T,97.53,100,97.9,500,TGT
2025-10-28,9:34:58.513157047,T,97.53,200,97.9,500,TGT
2025-10-28,9:34:58.513167078,T,97.53,300,97.9,500,TGT
2025-10-28,9:34:58.533310012,T,97.54,100,97.9,500,TGT
2025-10-28,9:34:59.412980705,T,97.54,200,97.9,500,TGT
2025-10-28,9:34:59.413191168,T,97.54,300,97.9,500,TGT
2025-10-28,9:34:59.413201221,T,97.54,400,97.9,500,TGT
2025-10-28,9:35:01.086833580,T,97.54,300,97.9,500,TGT
2025-10-28,9:35:02.150803421,T,97.54,300,97.86,100,TGT
2025-10-28,9:35:02.157830118,T,97.54,300,97.9,500,TGT
2025-10-28,9:35:02.166926844,T,97.56,100,97.9,500,TGT
2025-10-28,9:35:02.167347817,T,97.56,200,97.9,500,TGT
2025-10-28,9:35:02.196582436,T,97.56,300,97.9,500,TGT
2025-10-28,9:35:02.196873188,T,97.56,400,97.9,500,TGT
2025-10-28,9:35:04.615249502,T,97.56,300,97.9,500,TGT
2025-10-28,9:35:04.615254530,T,97.56,200,97.9,500,TGT
2025-10-28,9:35:04.615259498,T,97.56,100,97.9,500,TGT
2025-10-28,9:35:07.589775900,T,97.57,100,97.9,500,TGT
2025-10-28,9:35:07.589981418,T,97.57,200,97.9,500,TGT
2025-10-28,9:35:07.590196966,T,97.57,300,97.9,500,TGT
2025-10-28,9:35:08.794746708,T,97.57,200,97.9,500,TGT
2025-10-28,9:35:13.041203252,T,97.57,100,97.9,500,TGT
2025-10-28,9:35:13.245840759,T,97.58,100,97.9,500,TGT
2025-10-28,9:35:13.246051240,T,97.58,200,97.9,500,TGT
2025-10-28,9:35:13.246266683,T,97.58,300,97.9,500,TGT
2025-10-28,9:35:14.626760514,T,97.58,200,97.9,500,TGT
2025-10-28,9:35:14.811250051,T,97.58,100,97.9,500,TGT
2025-10-28,9:35:14.831944329,T,97.61,200,97.9,500,TGT
2025-10-28,9:35:14.832154853,T,97.61,300,97.9,500,TGT
2025-10-28,9:35:14.832365361,T,97.61,400,97.9,500,TGT
2025-10-28,9:35:15.898420152,T,97.72,100,97.9,500,TGT
2025-10-28,9:35:15.899166910,T,97.72,200,97.9,500,TGT
2025-10-28,9:35:15.899452544,T,97.72,300,97.9,500,TGT
2025-10-28,9:35:17.122200729,T,97.72,400,97.9,500,TGT
2025-10-28,9:35:17.122220639,T,97.73,100,97.9,500,TGT
2025-10-28,9:35:17.122350934,T,97.79,100,97.9,500,TGT
2025-10-28,9:35:17.122416088,T,97.77,100,97.9,500,TGT
2025-10-28,9:35:17.122416088,T,97.79,100,97.9,500,TGT
2025-10-28,9:35:17.122716810,T,97.77,100,97.9,500,TGT
2025-10-28,9:35:17.123438552,T,97.79,100,97.9,500,TGT
2025-10-28,9:35:17.123458571,T,97.77,100,97.9,500,TGT
2025-10-28,9:35:17.123488910,T,97.79,100,97.9,500,TGT
2025-10-28,9:35:17.123548821,T,97.8,100,97.9,500,TGT
2025-10-28,9:35:17.123558880,T,97.79,100,97.9,500,TGT
2025-10-28,9:35:17.123624024,T,97.77,100,97.9,500,TGT
2025-10-28,9:35:17.123709267,T,97.79,100,97.9,500,TGT
2025-10-28,9:35:17.123759274,T,97.77,100,97.9,500,TGT
2025-10-28,9:35:17.132956189,T,97.73,200,97.9,500,TGT
2025-10-28,9:35:17.132981329,T,97.73,100,97.9,500,TGT
2025-10-28,9:35:17.133973655,T,97.73,200,97.9,500,TGT
2025-10-28,9:35:17.173748451,T,97.73,300,97.9,500,TGT
2025-10-28,9:35:17.624953410,T,97.77,100,97.9,500,TGT
2025-10-28,9:35:17.625915707,T,97.77,200,97.9,500,TGT
2025-10-28,9:35:17.900169146,T,97.77,300,97.9,500,TGT
2025-10-28,9:35:17.900645308,T,97.77,200,97.9,500,TGT
2025-10-28,9:35:17.901106398,T,97.77,300,97.9,500,TGT
2025-10-28,9:35:18.122824630,T,97.77,200,97.9,500,TGT
2025-10-28,9:35:18.123035148,T,97.77,100,97.9,500,TGT
2025-10-28,9:35:18.123571400,T,97.77,200,97.9,500,TGT
2025-10-28,9:35:18.796023465,T,97.77,100,97.9,500,TGT
2025-10-28,9:35:18.901574746,T,97.66,200,97.9,500,TGT
2025-10-28,9:35:18.971205690,T,97.66,100,97.9,500,TGT
2025-10-28,9:35:18.971230751,T,97.61,300,97.9,500,TGT
2025-10-28,9:35:19.117579379,T,97.63,100,97.9,500,TGT
2025-10-28,9:35:19.117609490,T,97.63,200,97.9,500,TGT
2025-10-28,9:35:20.504383182,T,97.63,100,97.9,500,TGT
2025-10-28,9:35:20.504458378,T,97.63,200,97.9,500,TGT
2025-10-28,9:35:20.504994687,T,97.64,100,97.9,500,TGT
2025-10-28,9:35:20.521027814,T,97.65,100,97.9,500,TGT
2025-10-28,9:35:21.677623306,T,97.66,100,97.9,500,TGT
2025-10-28,9:35:22.778711430,T,97.65,100,97.9,500,TGT
2025-10-28,9:35:24.196810006,T,97.66,100,97.9,500,TGT
2025-10-28,9:35:24.196845028,T,97.65,100,97.9,500,TGT
2025-10-28,9:35:24.198047930,T,97.66,100,97.9,500,TGT
2025-10-28,9:35:24.245014732,T,97.65,100,97.9,500,TGT
2025-10-28,9:35:25.083732813,T,97.66,100,97.9,500,TGT
2025-10-28,9:35:25.123121720,T,97.65,100,97.9,500,TGT
2025-10-28,9:35:25.256429300,T,97.66,100,97.9,500,TGT
2025-10-28,9:35:25.258674663,T,97.65,100,97.9,500,TGT
2025-10-28,9:35:25.335898576,T,97.66,100,97.9,500,TGT
2025-10-28,9:35:25.783369642,T,97.65,100,97.9,500,TGT
2025-10-28,9:35:26.252452157,T,97.66,100,97.9,500,TGT
2025-10-28,9:35:27.248274558,T,97.65,100,97.9,500,TGT
2025-10-28,9:35:28.277241217,T,97.66,100,97.9,500,TGT
2025-10-28,9:35:28.313933578,T,97.67,100,97.9,500,TGT
2025-10-28,9:35:28.313958673,T,97.66,100,97.9,500,TGT
2025-10-28,9:35:30.993547517,T,97.66,100,97.9,600,TGT
2025-10-28,9:35:32.223116664,T,97.65,100,97.9,600,TGT
2025-10-28,9:35:32.375364426,T,97.65,100,97.84,100,TGT
2025-10-28,9:35:34.526529114,T,97.66,100,97.84,100,TGT
2025-10-28,9:35:38.158958006,T,97.66,200,97.84,100,TGT
2025-10-28,9:35:38.158962858,T,97.67,100,97.84,100,TGT
2025-10-28,9:35:38.158962858,T,97.68,100,97.84,100,TGT
2025-10-28,9:35:38.158987960,T,97.67,100,97.84,100,TGT
2025-10-28,9:35:38.159012992,T,97.68,100,97.84,100,TGT
2025-10-28,9:35:38.160697028,T,97.67,100,97.84,100,TGT
2025-10-28,9:35:38.165994637,T,97.66,200,97.84,100,TGT
2025-10-28,9:35:38.171222099,T,97.66,100,97.84,100,TGT
2025-10-28,9:35:38.243273729,T,97.66,200,97.84,100,TGT
2025-10-28,9:35:38.267531599,T,97.7,100,97.84,100,TGT
2025-10-28,9:35:38.267571601,T,97.66,200,97.84,100,TGT
2025-10-28,9:35:38.268328409,T,97.7,100,97.84,100,TGT
2025-10-28,9:35:38.269917239,T,97.66,200,97.84,100,TGT
2025-10-28,9:35:38.270433430,T,97.7,100,97.84,100,TGT
2025-10-28,9:35:38.272077419,T,97.66,200,97.84,100,TGT
2025-10-28,9:35:38.273510781,T,97.7,100,97.84,100,TGT
2025-10-28,9:35:38.274929178,T,97.66,200,97.84,100,TGT
2025-10-28,9:35:38.276252317,T,97.7,100,97.84,100,TGT
2025-10-28,9:35:38.278161931,T,97.66,200,97.84,100,TGT
2025-10-28,9:35:38.279424911,T,97.7,100,97.84,100,TGT
2025-10-28,9:35:38.280853345,T,97.66,200,97.84,100,TGT
2025-10-28,9:35:38.282186424,T,97.7,100,97.84,100,TGT
2025-10-28,9:35:38.283584761,T,97.66,200,97.84,100,TGT
2025-10-28,9:35:38.284877864,T,97.7,100,97.84,100,TGT
2025-10-28,9:35:38.286241175,T,97.66,200,97.84,100,TGT
2025-10-28,9:35:38.287839974,T,97.7,100,97.84,100,TGT
2025-10-28,9:35:38.289599088,T,97.66,200,97.84,100,TGT
2025-10-28,9:35:38.290977469,T,97.7,100,97.84,100,TGT
2025-10-28,9:35:38.292310565,T,97.66,200,97.84,100,TGT
2025-10-28,9:35:38.293668823,T,97.7,100,97.84,100,TGT
2025-10-28,9:35:38.295387920,T,97.66,200,97.84,100,TGT
2025-10-28,9:35:38.296736099,T,97.7,100,97.84,100,TGT
2025-10-28,9:35:38.301191792,T,97.66,200,97.84,100,TGT
2025-10-28,9:35:38.302389566,T,97.7,100,97.84,100,TGT
2025-10-28,9:35:38.309501516,T,97.66,200,97.84,100,TGT
2025-10-28,9:35:38.310719433,T,97.7,100,97.84,100,TGT
2025-10-28,9:35:38.312082719,T,97.66,200,97.84,100,TGT
2025-10-28,9:35:38.313340728,T,97.7,100,97.84,100,TGT
2025-10-28,9:35:38.315109871,T,97.66,200,97.84,100,TGT
2025-10-28,9:35:38.316603488,T,97.7,100,97.84,100,TGT
2025-10-28,9:35:38.318071917,T,97.66,200,97.84,100,TGT
2025-10-28,9:35:38.319335001,T,97.7,100,97.84,100,TGT
2025-10-28,9:35:40.010754609,T,97.7,100,97.9,500,TGT
2025-10-28,9:35:41.233522539,T,97.66,200,97.9,500,TGT
2025-10-28,9:35:41.369581597,T,97.7,100,97.9,500,TGT
2025-10-28,9:35:41.369621725,T,97.7,100,97.9,600,TGT
2025-10-28,9:35:41.490214081,T,97.66,200,97.9,600,TGT
2025-10-28,9:35:41.490715196,T,97.7,100,97.9,600,TGT
2025-10-28,9:35:41.490855540,T,97.66,200,97.9,600,TGT
2025-10-28,9:35:41.607603673,T,97.7,100,97.9,600,TGT
2025-10-28,9:35:44.935567250,T,97.66,200,97.9,600,TGT
2025-10-28,9:35:46.159823852,T,97.66,200,97.9,700,TGT
2025-10-28,9:35:47.442123760,T,97.66,200,97.9,600,TGT
2025-10-28,9:35:51.527862605,T,97.66,100,97.9,600,TGT
2025-10-28,9:35:51.529566608,T,97.65,100,97.9,600,TGT
2025-10-28,9:35:57.410847800,T,97.67,100,97.9,600,TGT
2025-10-28,9:35:57.694212813,T,97.7,100,97.9,600,TGT
2025-10-28,9:36:04.116533238,T,97.7,100,97.85,500,TGT
2025-10-28,9:36:05.413387788,T,97.74,100,97.85,500,TGT
2025-10-28,9:36:05.413392789,T,97.75,100,97.85,500,TGT
2025-10-28,9:36:05.413422861,T,97.7,100,97.85,500,TGT
2025-10-28,9:36:05.413453057,T,97.74,100,97.85,500,TGT
2025-10-28,9:36:05.413488061,T,97.7,100,97.85,500,TGT
2025-10-28,9:36:08.349322132,T,97.74,100,97.85,500,TGT
2025-10-28,9:36:08.349352222,T,97.7,100,97.85,500,TGT
2025-10-28,9:36:11.384698520,T,97.65,100,97.85,500,TGT
2025-10-28,9:36:11.384723671,T,97.65,100,97.81,100,TGT
2025-10-28,9:36:11.384773747,T,97.65,100,97.85,500,TGT
2025-10-28,9:36:11.387505200,T,97.67,100,97.85,500,TGT
2025-10-28,9:36:13.033802294,T,97.67,100,97.85,600,TGT
2025-10-28,9:36:13.033807330,T,97.67,100,97.85,700,TGT
2025-10-28,9:36:14.789840988,T,97.67,100,97.73,100,TGT
2025-10-28,9:36:14.789865959,T,97.63,200,97.73,100,TGT
2025-10-28,9:36:14.790337159,T,97.63,200,97.73,200,TGT
2025-10-28,9:36:14.793274084,T,97.49,100,97.73,200,TGT
2025-10-28,9:36:14.793284101,T,97.54,200,97.73,200,TGT
2025-10-28,9:36:14.890079716,T,97.54,200,97.73,100,TGT
2025-10-28,9:36:17.627741927,T,97.54,200,97.7,100,TGT
2025-10-28,9:36:25.994629825,T,97.54,200,97.75,100,TGT
2025-10-28,9:36:25.994654957,T,97.62,100,97.75,100,TGT
2025-10-28,9:36:25.994674941,T,97.66,100,97.75,100,TGT
2025-10-28,9:36:25.999752054,T,97.62,100,97.75,100,TGT
2025-10-28,9:36:25.999772081,T,97.55,100,97.75,100,TGT
2025-10-28,9:36:25.999782137,T,97.55,200,97.75,100,TGT
2025-10-28,9:36:26.095820994,T,97.55,100,97.75,100,TGT
2025-10-28,9:36:26.194811821,T,97.54,300,97.75,100,TGT
2025-10-28,9:36:26.194836893,T,97.54,200,97.75,100,TGT
2025-10-28,9:36:26.995604485,T,97.61,100,97.75,100,TGT
2025-10-28,9:36:27.314168350,T,97.61,200,97.75,100,TGT
2025-10-28,9:36:27.314303683,T,97.61,100,97.75,100,TGT
2025-10-28,9:36:27.314624405,T,97.54,300,97.75,100,TGT
2025-10-28,9:36:27.314649567,T,97.54,200,97.75,100,TGT
2025-10-28,9:36:27.316057875,T,97.54,200,97.85,500,TGT
2025-10-28,9:36:27.317125392,T,97.54,300,97.85,500,TGT
2025-10-28,9:36:27.317145451,T,97.54,200,97.85,500,TGT
2025-10-28,9:36:27.317651812,T,97.54,200,97.79,100,TGT
2025-10-28,9:36:27.318443548,T,97.54,200,97.85,500,TGT
2025-10-28,9:36:27.318498660,T,97.54,300,97.85,500,TGT
2025-10-28,9:36:27.593553924,T,97.54,200,97.85,500,TGT
2025-10-28,9:36:29.603542526,T,97.61,100,97.85,500,TGT
2025-10-28,9:36:32.033561971,T,97.61,100,97.82,100,TGT
2025-10-28,9:36:32.033596985,T,97.61,100,97.82,200,TGT
2025-10-28,9:36:34.774752511,T,97.61,100,97.77,100,TGT
2025-10-28,9:36:34.778857420,T,97.61,100,97.77,200,TGT
2025-10-28,9:36:34.784866604,T,97.61,100,97.77,100,TGT
2025-10-28,9:36:34.874164395,T,97.61,100,97.82,100,TGT
2025-10-28,9:36:35.735376022,T,97.61,100,97.82,200,TGT
2025-10-28,9:36:39.495654442,T,97.54,200,97.82,200,TGT
2025-10-28,9:36:43.825915674,T,97.55,100,97.82,200,TGT
2025-10-28,9:36:45.669567892,T,97.57,100,97.82,200,TGT
2025-10-28,9:36:50.797459630,T,97.54,200,97.82,200,TGT
2025-10-28,9:36:50.797514749,T,97.54,200,97.79,100,TGT
2025-10-28,9:36:50.797529802,T,97.54,200,97.78,100,TGT
2025-10-28,9:36:50.797554876,T,97.54,200,97.76,100,TGT
2025-10-28,9:36:50.797915701,T,97.54,200,97.79,100,TGT
2025-10-28,9:36:50.797950871,T,97.54,200,97.79,200,TGT
2025-10-28,9:36:50.799168673,T,97.54,200,97.79,100,TGT
2025-10-28,9:36:50.955380920,T,97.54,200,97.79,200,TGT
2025-10-28,9:36:50.955410959,T,97.54,200,97.79,100,TGT
2025-10-28,9:36:50.955867142,T,97.54,200,97.78,100,TGT
2025-10-28,9:36:50.955897045,T,97.54,200,97.77,100,TGT
2025-10-28,9:36:50.955897045,T,97.54,200,97.78,100,TGT
2025-10-28,9:36:50.955932238,T,97.54,200,97.75,100,TGT
2025-10-28,9:36:50.970872766,T,97.54,200,97.75,200,TGT
2025-10-28,9:36:51.960184642,T,97.54,200,97.75,100,TGT
2025-10-28,9:37:16.877757051,T,97.54,200,97.75,200,TGT
2025-10-28,9:37:16.942005153,T,97.54,200,97.75,100,TGT
2025-10-28,9:37:16.942761921,T,97.54,200,97.75,200,TGT
2025-10-28,9:37:18.332111965,T,97.54,200,97.75,100,TGT
2025-10-28,9:37:18.332167097,T,97.54,200,97.75,200,TGT
2025-10-28,9:37:18.342551796,T,97.54,200,97.75,100,TGT
2025-10-28,9:37:18.344060437,T,97.54,200,97.75,200,TGT
2025-10-28,9:37:19.001356351,T,97.54,200,97.75,100,TGT
2025-10-28,9:37:19.002609314,T,97.54,200,97.75,200,TGT
2025-10-28,9:37:20.059923237,T,97.54,200,97.73,100,TGT
2025-10-28,9:37:20.060223847,T,97.54,200,97.73,200,TGT
2025-10-28,9:37:20.060238984,T,97.54,200,97.73,300,TGT
2025-10-28,9:37:20.060409400,T,97.45,100,97.73,300,TGT
2025-10-28,9:37:20.060419358,T,97.48,200,97.73,300,TGT
2025-10-28,9:37:20.060494507,T,97.48,200,97.72,100,TGT
2025-10-28,9:37:20.168677217,T,97.48,200,97.73,100,TGT
2025-10-28,9:37:20.397667777,T,97.48,300,97.73,100,TGT
2025-10-28,9:37:20.398394623,T,97.48,200,97.73,100,TGT
2025-10-28,9:37:21.205572632,T,97.48,300,97.73,100,TGT
2025-10-28,9:37:21.214273371,T,97.48,200,97.73,100,TGT
2025-10-28,9:37:21.414861259,T,97.48,200,97.74,100,TGT
2025-10-28,9:37:23.808147955,T,97.55,100,97.74,100,TGT
2025-10-28,9:37:23.858066832,T,97.55,100,97.75,100,TGT
2025-10-28,9:37:26.790838689,T,97.56,100,97.75,100,TGT
2025-10-28,9:37:30.787405119,T,97.48,200,97.75,100,TGT
2025-10-28,9:37:32.562794718,T,97.48,300,97.75,100,TGT
2025-10-28,9:37:32.563235780,T,97.48,200,97.75,100,TGT
2025-10-28,9:37:35.194293888,T,97.48,300,97.75,100,TGT
2025-10-28,9:37:37.517288167,T,97.48,200,97.75,100,TGT
2025-10-28,9:37:50.509585717,T,97.48,200,97.65,100,TGT
2025-10-28,9:37:50.571803963,T,97.48,300,97.65,100,TGT
2025-10-28,9:37:51.977507953,T,97.48,300,97.72,100,TGT
2025-10-28,9:37:51.977522928,T,97.48,300,97.73,100,TGT
2025-10-28,9:37:51.977813960,T,97.52,100,97.73,100,TGT
2025-10-28,9:37:51.977848704,T,97.54,100,97.73,100,TGT
2025-10-28,9:37:51.978089308,T,97.53,100,97.73,100,TGT
2025-10-28,9:37:51.978415140,T,97.53,100,97.66,100,TGT
2025-10-28,9:37:51.978790911,T,97.57,100,97.66,100,TGT
2025-10-28,9:37:51.986459263,T,97.57,100,97.74,100,TGT
2025-10-28,9:37:51.989166072,T,97.57,100,97.75,100,TGT
2025-10-28,9:37:51.989185729,T,97.58,100,97.75,100,TGT
2025-10-28,9:37:51.989195919,T,97.58,200,97.75,100,TGT
2025-10-28,9:37:51.989210829,T,97.58,100,97.75,100,TGT
2025-10-28,9:37:51.989767127,T,97.58,200,97.75,100,TGT
2025-10-28,9:37:51.989767127,T,97.62,100,97.75,100,TGT
2025-10-28,9:37:51.990854721,T,97.54,100,97.75,100,TGT
2025-10-28,9:37:51.992463487,T,97.58,100,97.75,100,TGT
2025-10-28,9:37:51.992473554,T,97.54,100,97.75,100,TGT
2025-10-28,9:37:52.189638352,T,97.52,100,97.75,100,TGT
2025-10-28,9:37:54.569397727,T,97.52,100,97.74,100,TGT
2025-10-28,9:37:54.569663378,T,97.52,100,97.67,100,TGT
2025-10-28,9:37:54.570740941,T,97.52,100,97.74,100,TGT
2025-10-28,9:37:54.570831150,T,97.52,100,97.68,100,TGT
2025-10-28,9:37:54.584523773,T,97.52,100,97.75,100,TGT
2025-10-28,9:37:54.852717762,T,97.48,300,97.75,100,TGT
2025-10-28,9:37:54.953753404,T,97.48,200,97.75,100,TGT
2025-10-28,9:37:55.084384642,T,97.48,200,97.74,100,TGT
2025-10-28,9:37:58.778620901,T,97.48,200,97.75,100,TGT
2025-10-28,9:37:58.831130732,T,97.48,300,97.75,100,TGT
2025-10-28,9:38:00.011933820,T,97.48,200,97.75,100,TGT
2025-10-28,9:38:01.772808949,T,97.48,300,97.75,100,TGT
2025-10-28,9:38:01.774362709,T,97.48,200,97.75,100,TGT
2025-10-28,9:38:01.774417774,T,97.48,300,97.75,100,TGT
2025-10-28,9:38:04.526253523,T,97.48,200,97.75,100,TGT
2025-10-28,9:38:04.544953039,T,97.48,300,97.75,100,TGT
2025-10-28,9:38:04.545474303,T,97.48,200,97.75,100,TGT
2025-10-28,9:38:04.562083939,T,97.48,300,97.75,100,TGT
2025-10-28,9:38:05.268607042,T,97.48,200,97.75,100,TGT
2025-10-28,9:38:05.432116587,T,97.48,300,97.75,100,TGT
2025-10-28,9:38:05.433560609,T,97.48,200,97.75,100,TGT
2025-10-28,9:38:05.433630213,T,97.48,300,97.75,100,TGT
2025-10-28,9:38:09.070684883,T,97.48,300,97.8,100,TGT
2025-10-28,9:38:10.170139145,T,97.48,300,97.79,100,TGT
2025-10-28,9:38:10.171211648,T,97.48,300,97.8,100,TGT
2025-10-28,9:38:10.596600107,T,97.48,300,97.75,100,TGT
2025-10-28,9:38:10.734433509,T,97.48,200,97.75,100,TGT
2025-10-28,9:38:15.056560251,T,97.48,200,97.74,100,TGT
2025-10-28,9:38:15.541084612,T,97.48,300,97.74,100,TGT
2025-10-28,9:38:15.541861450,T,97.48,200,97.74,100,TGT
2025-10-28,9:38:15.541916605,T,97.48,300,97.74,100,TGT
2025-10-28,9:38:16.444967977,T,97.48,200,97.74,100,TGT
2025-10-28,9:38:17.461274239,T,97.48,200,97.71,100,TGT
2025-10-28,9:38:17.472721517,T,97.48,200,97.71,200,TGT
2025-10-28,9:38:17.823492113,T,97.48,200,97.71,100,TGT
2025-10-28,9:38:17.823702630,T,97.48,200,97.71,200,TGT
2025-10-28,9:38:18.479189269,T,97.48,200,97.71,100,TGT
2025-10-28,9:38:18.479199365,T,97.48,200,97.78,100,TGT
2025-10-28,9:38:18.479214301,T,97.48,200,97.71,100,TGT
2025-10-28,9:38:18.479590226,T,97.48,200,97.71,200,TGT
2025-10-28,9:38:18.479685431,T,97.48,200,97.71,100,TGT
2025-10-28,9:38:18.480286844,T,97.48,200,97.71,200,TGT
2025-10-28,9:38:18.493012195,T,97.48,200,97.71,100,TGT
2025-10-28,9:38:18.493733895,T,97.48,200,97.77,100,TGT
2025-10-28,9:38:19.180780691,T,97.48,200,97.71,100,TGT
2025-10-28,9:38:19.418797874,T,97.45,100,97.71,100,TGT
2025-10-28,9:38:19.418837821,T,97.45,100,97.78,100,TGT
2025-10-28,9:38:21.679378224,T,97.45,100,97.79,100,TGT
2025-10-28,9:38:22.382237792,T,97.45,100,97.8,100,TGT
2025-10-28,9:38:22.382267871,T,97.48,100,97.8,100,TGT
2025-10-28,9:38:25.414160927,T,97.45,100,97.8,100,TGT
2025-10-28,9:38:25.414165986,T,97.48,100,97.8,100,TGT
2025-10-28,9:38:26.651258167,T,97.45,100,97.8,100,TGT
2025-10-28,9:38:28.703492368,T,97.48,100,97.8,100,TGT
2025-10-28,9:38:31.883172448,T,97.45,100,97.8,100,TGT
2025-10-28,9:38:31.883768878,T,97.48,100,97.8,100,TGT
2025-10-28,9:38:31.906984557,T,97.45,100,97.8,100,TGT
2025-10-28,9:38:31.907535491,T,97.48,100,97.8,100,TGT
2025-10-28,9:38:31.958231446,T,97.45,100,97.8,100,TGT
2025-10-28,9:38:32.052090021,T,97.48,100,97.8,100,TGT
2025-10-28,9:38:32.135082627,T,97.45,100,97.8,100,TGT
2025-10-28,9:38:32.135323117,T,97.48,100,97.8,100,TGT
2025-10-28,9:38:32.135363224,T,97.45,100,97.8,100,TGT
2025-10-28,9:38:32.156869462,T,97.48,100,97.8,100,TGT
2025-10-28,9:38:32.263423364,T,97.45,100,97.8,100,TGT
2025-10-28,9:38:32.362629716,T,97.48,100,97.8,100,TGT
2025-10-28,9:38:32.509725082,T,97.55,100,97.8,100,TGT
2025-10-28,9:38:32.685273313,T,97.48,100,97.8,100,TGT
2025-10-28,9:38:34.199410539,T,97.47,100,97.8,100,TGT
2025-10-28,9:38:34.391363109,T,97.48,100,97.8,100,TGT
2025-10-28,9:38:34.935083216,T,97.47,100,97.8,100,TGT
2025-10-28,9:38:36.879596016,T,97.45,100,97.8,100,TGT
2025-10-28,9:38:38.650063739,T,97.45,100,97.7,100,TGT
2025-10-28,9:38:40.073975989,T,97.45,100,97.67,100,TGT
2025-10-28,9:38:41.167536578,T,97.46,200,97.67,100,TGT
2025-10-28,9:38:41.167566344,T,97.46,300,97.67,100,TGT
2025-10-28,9:38:53.568915978,T,97.46,300,97.67,200,TGT
2025-10-28,9:38:55.029911460,T,97.46,300,97.67,100,TGT
2025-10-28,9:38:55.165725177,T,97.46,300,97.78,100,TGT
2025-10-28,9:38:55.165730086,T,97.46,300,97.63,100,TGT
2025-10-28,9:39:04.032855001,T,97.46,300,97.7,100,TGT
2025-10-28,9:39:04.032855001,T,97.46,300,97.61,100,TGT
2025-10-28,9:39:09.102472624,T,97.46,300,97.61,200,TGT
2025-10-28,9:39:10.138911798,T,97.46,200,97.61,200,TGT
2025-10-28,9:39:10.729353714,T,97.46,300,97.61,200,TGT
2025-10-28,9:39:10.732947025,T,97.46,300,97.61,100,TGT
2025-10-28,9:39:10.734230019,T,97.46,200,97.61,100,TGT
2025-10-28,9:39:10.734230019,T,97.46,200,97.77,100,TGT
2025-10-28,9:39:10.734245057,T,97.46,300,97.77,100,TGT
2025-10-28,9:39:10.734255335,T,97.56,100,97.77,100,TGT
2025-10-28,9:39:10.734280134,T,97.56,100,97.61,100,TGT
2025-10-28,9:39:10.746379036,T,97.46,300,97.61,100,TGT
2025-10-28,9:39:10.748674522,T,97.5,100,97.61,100,TGT
2025-10-28,9:39:10.756613400,T,97.5,100,97.7,100,TGT
2025-10-28,9:39:10.756633411,T,97.5,100,97.78,100,TGT
2025-10-28,9:39:10.756643432,T,97.55,100,97.78,100,TGT
2025-10-28,9:39:10.756653436,T,97.56,100,97.78,100,TGT
2025-10-28,9:39:10.773814321,T,97.55,100,97.78,100,TGT
2025-10-28,9:39:12.104429318,T,97.48,100,97.78,100,TGT
2025-10-28,9:39:12.104439360,T,97.55,100,97.78,100,TGT
2025-10-28,9:39:12.104459434,T,97.58,100,97.78,100,TGT
2025-10-28,9:39:12.104514577,T,97.55,100,97.78,100,TGT
2025-10-28,9:39:12.869261659,T,97.48,100,97.78,100,TGT
2025-10-28,9:39:13.718274266,T,97.55,100,97.78,100,TGT
2025-10-28,9:39:13.718364403,T,97.61,100,97.78,100,TGT
2025-10-28,9:39:13.732087176,T,97.55,100,97.78,100,TGT
2025-10-28,9:39:13.732112191,T,97.55,100,97.7,100,TGT
2025-10-28,9:39:13.826822809,T,97.48,100,97.7,100,TGT
2025-10-28,9:39:13.826877936,T,97.55,100,97.7,100,TGT
2025-10-28,9:39:13.854117846,T,97.56,100,97.7,100,TGT
2025-10-28,9:39:13.854468671,T,97.56,100,97.7,200,TGT
2025-10-28,9:39:13.854493761,T,97.56,100,97.7,100,TGT
2025-10-28,9:39:13.854493761,T,97.56,100,97.69,100,TGT
2025-10-28,9:39:14.297855006,T,97.55,100,97.69,100,TGT
2025-10-28,9:39:17.709853428,T,97.55,100,97.69,200,TGT
2025-10-28,9:39:19.043605927,T,97.55,100,97.69,100,TGT
2025-10-28,9:39:19.043821562,T,97.55,100,97.78,100,TGT
2025-10-28,9:39:19.043826406,T,97.55,100,97.68,100,TGT
2025-10-28,9:39:24.241875183,T,97.56,100,97.68,100,TGT
2025-10-28,9:39:24.241905241,T,97.58,100,97.68,100,TGT
2025-10-28,9:39:24.583318617,T,97.56,100,97.68,100,TGT
2025-10-28,9:39:24.583318617,T,97.55,100,97.68,100,TGT
2025-10-28,9:39:24.583318617,T,97.55,100,97.68,200,TGT
2025-10-28,9:39:25.759856630,T,97.56,100,97.68,200,TGT
2025-10-28,9:39:25.944275914,T,97.55,100,97.68,200,TGT
2025-10-28,9:39:27.470577074,T,97.55,100,97.68,100,TGT
2025-10-28,9:39:27.471248693,T,97.55,100,97.78,100,TGT
2025-10-28,9:39:27.471273782,T,97.56,100,97.78,100,TGT
2025-10-28,9:39:27.471479255,T,97.56,100,97.68,100,TGT
2025-10-28,9:39:27.559980123,T,97.58,100,97.68,100,TGT
2025-10-28,9:39:27.560431120,T,97.56,100,97.68,100,TGT
2025-10-28,9:39:27.560451185,T,97.55,100,97.68,100,TGT
2025-10-28,9:39:27.561433552,T,97.56,100,97.68,100,TGT
2025-10-28,9:39:27.754583658,T,97.55,100,97.68,100,TGT
2025-10-28,9:39:28.420560471,T,97.55,100,97.78,100,TGT
2025-10-28,9:39:28.420585356,T,97.56,100,97.78,100,TGT
2025-10-28,9:39:28.420605576,T,97.59,100,97.78,100,TGT
2025-10-28,9:39:28.420615486,T,97.6,100,97.78,100,TGT
2025-10-28,9:39:28.420961268,T,97.59,100,97.78,100,TGT
2025-10-28,9:39:28.421076614,T,97.6,100,97.78,100,TGT
2025-10-28,9:39:28.421332146,T,97.6,100,97.81,200,TGT
2025-10-28,9:39:28.421352301,T,97.64,100,97.81,200,TGT
2025-10-28,9:39:28.465462260,T,97.6,100,97.81,200,TGT
2025-10-28,9:39:28.521360435,T,97.59,100,97.81,200,TGT
2025-10-28,9:39:28.522142384,T,97.59,200,97.81,200,TGT
2025-10-28,9:39:28.596419313,T,97.61,100,97.81,200,TGT
2025-10-28,9:39:28.597075910,T,97.61,200,97.81,200,TGT
2025-10-28,9:39:29.617496812,T,97.61,200,97.72,200,TGT
2025-10-28,9:39:30.227244508,T,97.61,100,97.72,200,TGT
2025-10-28,9:39:32.319148253,T,97.58,100,97.72,200,TGT
2025-10-28,9:39:32.319183322,T,97.58,100,97.72,300,TGT
2025-10-28,9:39:35.373855571,T,97.56,100,97.72,300,TGT
2025-10-28,9:39:35.373995920,T,97.56,100,97.72,200,TGT
2025-10-28,9:39:35.374306771,T,97.51,300,97.72,200,TGT
2025-10-28,9:39:35.374452014,T,97.51,200,97.72,200,TGT
2025-10-28,9:39:35.374472306,T,97.51,200,97.72,300,TGT
2025-10-28,9:39:35.374472306,T,97.51,200,97.71,100,TGT
2025-10-28,9:39:35.374477075,T,97.51,200,97.7,100,TGT
2025-10-28,9:39:35.374497183,T,97.51,200,97.68,100,TGT
2025-10-28,9:39:35.374497183,T,97.51,200,97.7,100,TGT
2025-10-28,9:39:35.374587392,T,97.51,200,97.69,100,TGT
2025-10-28,9:39:35.374858023,T,97.51,200,97.7,100,TGT
2025-10-28,9:39:35.381523895,T,97.51,200,97.71,200,TGT
2025-10-28,9:39:35.385112415,T,97.51,200,97.71,100,TGT
2025-10-28,9:39:35.385132522,T,97.51,200,97.72,200,TGT
2025-10-28,9:39:42.522355925,T,97.59,100,97.72,200,TGT
2025-10-28,9:40:00.914106570,T,97.59,100,97.72,300,TGT
2025-10-28,9:40:02.349215489,T,97.59,100,97.72,200,TGT
2025-10-28,9:40:05.417585469,T,97.51,200,97.72,200,TGT
2025-10-28,9:40:13.365299895,T,97.61,100,97.72,200,TGT
2025-10-28,9:40:14.925722343,T,97.61,200,97.72,200,TGT
2025-10-28,9:40:14.925737342,T,97.62,100,97.72,200,TGT
2025-10-28,9:40:14.925877686,T,97.63,100,97.72,200,TGT
2025-10-28,9:40:14.925907752,T,97.65,100,97.72,200,TGT
2025-10-28,9:40:14.926153367,T,97.65,100,97.7,100,TGT
2025-10-28,9:40:14.926173430,T,97.63,100,97.7,100,TGT
2025-10-28,9:40:14.926208506,T,97.63,100,97.72,200,TGT
2025-10-28,9:40:14.926268671,T,97.65,100,97.72,200,TGT
2025-10-28,9:40:14.926494155,T,97.65,200,97.72,200,TGT
2025-10-28,9:40:14.926990337,T,97.65,100,97.72,200,TGT
2025-10-28,9:40:14.927266165,T,97.65,200,97.72,200,TGT
2025-10-28,9:40:14.927271102,T,97.65,300,97.72,200,TGT
2025-10-28,9:40:14.927281103,T,97.66,100,97.72,200,TGT
2025-10-28,9:40:14.927351262,T,97.66,200,97.72,200,TGT
2025-10-28,9:40:14.927426625,T,97.66,100,97.72,200,TGT
2025-10-28,9:40:14.927426625,T,97.65,100,97.72,200,TGT
2025-10-28,9:40:14.927436470,T,97.65,200,97.72,200,TGT
2025-10-28,9:40:14.927456469,T,97.65,100,97.72,200,TGT
2025-10-28,9:40:14.927496531,T,97.63,100,97.72,200,TGT
2025-10-28,9:40:14.927506611,T,97.62,100,97.72,200,TGT
2025-10-28,9:40:14.927651951,T,97.63,100,97.72,200,TGT
2025-10-28,9:40:15.026091515,T,97.58,100,97.72,200,TGT
2025-10-28,9:40:15.417609103,T,97.51,300,97.72,200,TGT
2025-10-28,9:40:15.417629148,T,97.51,300,97.72,300,TGT
2025-10-28,9:40:15.417634208,T,97.51,300,97.67,100,TGT
2025-10-28,9:40:15.424129681,T,97.51,300,97.72,200,TGT
2025-10-28,9:40:15.956282441,T,97.61,100,97.72,200,TGT
2025-10-28,9:40:16.529147248,T,97.55,100,97.72,200,TGT
2025-10-28,9:40:16.529167283,T,97.51,300,97.72,200,TGT
2025-10-28,9:40:16.529197316,T,97.51,300,97.72,300,TGT
2025-10-28,9:40:16.529252481,T,97.51,300,97.72,200,TGT
2025-10-28,9:40:16.529427882,T,97.51,300,97.72,300,TGT
2025-10-28,9:40:16.529427882,T,97.51,300,97.66,100,TGT
2025-10-28,9:40:16.529467984,T,97.51,300,97.66,200,TGT
2025-10-28,9:40:16.529763743,T,97.55,100,97.66,200,TGT
2025-10-28,9:40:16.529783725,T,97.55,100,97.66,100,TGT
2025-10-28,9:40:16.531006721,T,97.51,300,97.66,100,TGT
2025-10-28,9:40:16.539562079,T,97.51,300,97.72,300,TGT
2025-10-28,9:40:16.539587163,T,97.51,300,97.72,200,TGT
2025-10-28,9:40:24.698294201,T,97.6,100,97.72,200,TGT
2025-10-28,9:40:29.695013090,T,97.61,100,97.72,200,TGT
2025-10-28,9:40:29.945785519,T,97.51,200,97.72,200,TGT
2025-10-28,9:40:30.054098616,T,97.51,200,97.65,100,TGT
2025-10-28,9:40:30.466175318,T,97.51,200,97.65,200,TGT
2025-10-28,9:40:32.570293243,T,97.51,300,97.65,200,TGT
2025-10-28,9:40:32.570303252,T,97.55,100,97.65,200,TGT
2025-10-28,9:40:32.570323244,T,97.55,100,97.65,100,TGT
2025-10-28,9:40:32.570323244,T,97.51,300,97.65,100,TGT
2025-10-28,9:40:32.570628976,T,97.51,300,97.64,100,TGT
2025-10-28,9:40:32.570664096,T,97.51,300,97.64,200,TGT
2025-10-28,9:40:32.580667945,T,97.51,200,97.64,200,TGT
2025-10-28,9:40:32.580707948,T,97.51,200,97.64,100,TGT
2025-10-28,9:40:32.793018782,T,97.51,200,97.64,200,TGT
2025-10-28,9:40:38.660832932,T,97.51,300,97.64,200,TGT
2025-10-28,9:40:38.660837945,T,97.55,100,97.64,200,TGT
2025-10-28,9:40:38.660873172,T,97.57,100,97.64,200,TGT
2025-10-28,9:40:38.661699893,T,97.57,100,97.64,100,TGT
2025-10-28,9:40:38.661730087,T,97.57,100,97.65,100,TGT
2025-10-28,9:40:38.760871319,T,97.56,100,97.65,100,TGT
2025-10-28,9:40:38.771286065,T,97.56,100,97.65,200,TGT
2025-10-28,9:40:38.861180341,T,97.55,100,97.65,200,TGT
2025-10-28,9:40:40.147650175,T,97.55,100,97.65,100,TGT
2025-10-28,9:40:47.718251090,T,97.51,300,97.65,100,TGT
2025-10-28,9:40:58.461836156,T,97.51,300,97.65,200,TGT
2025-10-28,9:40:58.462181934,T,97.51,300,97.65,100,TGT
2025-10-28,9:40:58.462993898,T,97.51,300,97.64,100,TGT
2025-10-28,9:40:58.463029017,T,97.51,300,97.64,200,TGT
2025-10-28,9:40:58.463339734,T,97.51,200,97.64,200,TGT
2025-10-28,9:40:58.463450047,T,97.51,200,97.64,100,TGT
2025-10-28,9:40:58.463555292,T,97.51,200,97.64,200,TGT
2025-10-28,9:40:58.467845476,T,97.51,200,97.64,100,TGT
2025-10-28,9:40:58.478505819,T,97.51,200,97.65,100,TGT
2025-10-28,9:40:58.633184367,T,97.56,100,97.65,100,TGT
2025-10-28,9:40:58.840393020,T,97.56,100,97.65,200,TGT
2025-10-28,9:40:58.884628466,T,97.51,200,97.65,200,TGT
2025-10-28,9:40:59.793634043,T,97.51,200,97.64,100,TGT
2025-10-28,9:40:59.793799427,T,97.51,200,97.64,200,TGT
2025-10-28,9:40:59.793924721,T,97.51,200,97.63,100,TGT
2025-10-28,9:40:59.793944940,T,97.51,200,97.62,100,TGT
2025-10-28,9:40:59.794425974,T,97.51,200,97.6,100,TGT
2025-10-28,9:40:59.794435942,T,97.51,200,97.62,100,TGT
2025-10-28,9:40:59.797658670,T,97.45,100,97.62,100,TGT
2025-10-28,9:40:59.813396065,T,97.45,100,97.62,200,TGT
2025-10-28,9:40:59.893922910,T,97.45,100,97.62,100,TGT
2025-10-28,9:41:00.442484863,T,97.45,100,97.62,200,TGT
2025-10-28,9:41:00.443171624,T,97.45,100,97.62,300,TGT
2025-10-28,9:41:00.962634167,T,97.45,100,97.62,200,TGT
2025-10-28,9:41:01.119638245,T,97.45,100,97.62,100,TGT
2025-10-28,9:41:01.119653210,T,97.45,100,97.63,100,TGT
2025-10-28,9:41:01.121247092,T,97.45,100,97.64,100,TGT
2025-10-28,9:41:01.437084482,T,97.45,100,97.63,100,TGT
2025-10-28,9:41:01.460329784,T,97.45,100,97.62,100,TGT
2025-10-28,9:41:01.460364882,T,97.45,100,97.62,200,TGT
2025-10-28,9:41:01.460475121,T,97.45,100,97.61,100,TGT
2025-10-28,9:41:01.460921235,T,97.44,300,97.61,100,TGT
2025-10-28,9:41:01.466745139,T,97.44,300,97.62,300,TGT
2025-10-28,9:41:01.628274923,T,97.44,300,97.61,100,TGT
2025-10-28,9:41:01.628540591,T,97.44,300,97.61,200,TGT
2025-10-28,9:41:01.628751009,T,97.44,300,97.61,300,TGT
2025-10-28,9:41:03.028400601,T,97.44,300,97.6,100,TGT
2025-10-28,9:41:03.028405532,T,97.44,200,97.6,100,TGT
2025-10-28,9:41:03.028450810,T,97.44,200,97.59,100,TGT
2025-10-28,9:41:03.028485789,T,97.44,200,97.59,200,TGT
2025-10-28,9:41:03.028585974,T,97.44,200,97.57,100,TGT
2025-10-28,9:41:03.028866678,T,97.44,200,97.57,200,TGT
2025-10-28,9:41:03.029954251,T,97.44,200,97.55,300,TGT
2025-10-28,9:41:03.030054513,T,97.44,200,97.55,400,TGT
2025-10-28,9:41:03.037076204,T,97.33,100,97.55,400,TGT
2025-10-28,9:41:03.037086273,T,97.39,200,97.55,400,TGT
2025-10-28,9:41:03.037111426,T,97.39,300,97.55,400,TGT
2025-10-28,9:41:03.037727725,T,97.39,300,97.54,100,TGT
2025-10-28,9:41:03.037812965,T,97.39,300,97.55,400,TGT
2025-10-28,9:41:03.038594815,T,97.39,300,97.55,500,TGT
2025-10-28,9:41:03.038649948,T,97.39,300,97.54,100,TGT
2025-10-28,9:41:03.038649948,T,97.39,200,97.54,100,TGT
2025-10-28,9:41:03.038670106,T,97.39,200,97.55,500,TGT
2025-10-28,9:41:03.038745154,T,97.39,200,97.54,100,TGT
2025-10-28,9:41:03.039111066,T,97.39,200,97.54,200,TGT
2025-10-28,9:41:03.045350930,T,97.39,200,97.54,100,TGT
2025-10-28,9:41:03.068451004,T,97.39,200,97.54,200,TGT
2025-10-28,9:41:03.068481078,T,97.39,200,97.5,100,TGT
2025-10-28,9:41:03.068711595,T,97.21,100,97.5,100,TGT
2025-10-28,9:41:03.068736668,T,97.22,100,97.5,100,TGT
2025-10-28,9:41:03.068766741,T,97.23,100,97.5,100,TGT
2025-10-28,9:41:03.069513500,T,97.27,100,97.5,100,TGT
2025-10-28,9:41:03.240220164,T,97.23,100,97.5,100,TGT
2025-10-28,9:41:03.240731366,T,97.23,100,97.5,200,TGT
2025-10-28,9:41:03.241207542,T,97.33,200,97.5,200,TGT
2025-10-28,9:41:03.241538355,T,97.33,200,97.5,500,TGT
2025-10-28,9:41:05.357158332,T,97.33,200,97.49,100,TGT
2025-10-28,9:41:05.357649516,T,97.33,200,97.49,200,TGT
2025-10-28,9:41:05.528336141,T,97.33,200,97.49,300,TGT
2025-10-28,9:41:08.975573539,T,97.37,100,97.49,300,TGT
2025-10-28,9:41:10.769251995,T,97.37,100,97.49,200,TGT
2025-10-28,9:41:15.608741292,T,97.37,200,97.49,200,TGT
2025-10-28,9:41:15.608761377,T,97.38,100,97.49,200,TGT
2025-10-28,9:41:15.608861634,T,97.42,100,97.49,200,TGT
2025-10-28,9:41:15.608956863,T,97.42,100,97.49,300,TGT
2025-10-28,9:41:15.609017019,T,97.42,100,97.49,200,TGT
2025-10-28,9:41:15.609904119,T,97.38,100,97.49,200,TGT
2025-10-28,9:41:15.619015746,T,97.37,300,97.49,200,TGT
2025-10-28,9:41:15.708774651,T,97.37,200,97.49,200,TGT
2025-10-28,9:41:16.141345129,T,97.37,200,97.48,100,TGT
2025-10-28,9:41:16.142081891,T,97.37,200,97.48,200,TGT
2025-10-28,9:41:16.145074390,T,97.37,200,97.48,100,TGT
2025-10-28,9:41:16.145074390,T,97.37,200,97.5,300,TGT
2025-10-28,9:41:16.145094121,T,97.45,100,97.5,300,TGT
2025-10-28,9:41:16.145379809,T,97.45,100,97.58,200,TGT
2025-10-28,9:41:16.145404804,T,97.45,200,97.58,200,TGT
2025-10-28,9:41:16.145409830,T,97.45,200,97.58,300,TGT
2025-10-28,9:41:16.145419861,T,97.45,100,97.58,300,TGT
2025-10-28,9:41:16.145429889,T,97.46,100,97.58,300,TGT
2025-10-28,9:41:16.145470001,T,97.45,100,97.58,300,TGT
2025-10-28,9:41:16.145490001,T,97.45,200,97.58,300,TGT
2025-10-28,9:41:16.145505050,T,97.45,100,97.58,300,TGT
2025-10-28,9:41:16.145535129,T,97.45,200,97.58,300,TGT
2025-10-28,9:41:16.145545192,T,97.45,100,97.58,300,TGT
2025-10-28,9:41:16.145575228,T,97.45,200,97.58,300,TGT
2025-10-28,9:41:16.145670422,T,97.46,100,97.58,300,TGT
2025-10-28,9:41:16.145710595,T,97.47,100,97.58,300,TGT
2025-10-28,9:41:16.145901157,T,97.47,100,97.57,100,TGT
2025-10-28,9:41:16.145956209,T,97.47,100,97.55,100,TGT
2025-10-28,9:41:16.145981227,T,97.46,100,97.55,100,TGT
2025-10-28,9:41:16.224743893,T,97.45,200,97.55,100,TGT
2025-10-28,9:41:16.224768917,T,97.45,100,97.55,100,TGT
2025-10-28,9:41:16.225505618,T,97.45,100,97.55,200,TGT
2025-10-28,9:41:16.245112426,T,97.41,100,97.55,200,TGT
2025-10-28,9:41:16.245142485,T,97.4,200,97.55,200,TGT
2025-10-28,9:41:16.245418101,T,97.41,100,97.55,200,TGT
2025-10-28,9:41:16.245834065,T,97.4,200,97.55,200,TGT
2025-10-28,9:41:16.327463752,T,97.41,100,97.55,200,TGT
2025-10-28,9:41:16.327894568,T,97.4,200,97.55,200,TGT
2025-10-28,9:41:16.327904666,T,97.4,200,97.55,100,TGT
2025-10-28,9:41:16.328135150,T,97.41,100,97.55,100,TGT
2025-10-28,9:41:16.328170209,T,97.4,200,97.55,100,TGT
2025-10-28,9:41:16.328240399,T,97.41,100,97.55,100,TGT
2025-10-28,9:41:16.328425896,T,97.4,200,97.55,100,TGT
2025-10-28,9:41:16.328495967,T,97.41,100,97.55,100,TGT
2025-10-28,9:41:16.328621371,T,97.4,200,97.55,100,TGT
2025-10-28,9:41:16.567034325,T,97.4,100,97.55,100,TGT
2025-10-28,9:41:18.510634556,T,97.4,100,97.59,100,TGT
2025-10-28,9:41:18.510649932,T,97.48,100,97.59,100,TGT
2025-10-28,9:41:18.510670056,T,97.48,100,97.6,300,TGT
2025-10-28,9:41:18.510670056,T,97.48,100,97.59,100,TGT
2025-10-28,9:41:18.515841963,T,97.41,100,97.59,100,TGT
2025-10-28,9:41:18.515862004,T,97.4,200,97.59,100,TGT
2025-10-28,9:41:18.515892165,T,97.41,100,97.59,100,TGT
2025-10-28,9:41:18.515927179,T,97.41,200,97.59,100,TGT
2025-10-28,9:41:18.515957284,T,97.42,100,97.59,100,TGT
2025-10-28,9:41:18.516343237,T,97.41,200,97.59,100,TGT
2025-10-28,9:41:18.516383327,T,97.43,100,97.59,100,TGT
2025-10-28,9:41:18.516383327,T,97.43,200,97.59,100,TGT
2025-10-28,9:41:18.520889052,T,97.43,200,97.6,100,TGT
2025-10-28,9:41:18.710751312,T,97.43,100,97.6,100,TGT
2025-10-28,9:41:22.140492249,T,97.43,200,97.6,100,TGT
2025-10-28,9:41:22.140497220,T,97.45,100,97.6,100,TGT
2025-10-28,9:41:22.140507377,T,97.44,100,97.6,100,TGT
2025-10-28,9:41:22.140507377,T,97.45,100,97.6,100,TGT
2025-10-28,9:41:22.140512329,T,97.45,100,97.62,100,TGT
2025-10-28,9:41:22.140532390,T,97.45,100,97.63,100,TGT
2025-10-28,9:41:22.140542560,T,97.48,100,97.63,100,TGT
2025-10-28,9:41:22.145589436,T,97.45,100,97.63,100,TGT
2025-10-28,9:41:22.147523980,T,97.44,100,97.63,100,TGT
2025-10-28,9:41:22.240500435,T,97.43,200,97.63,100,TGT
2025-10-28,9:41:22.316686890,T,97.44,100,97.63,100,TGT
2025-10-28,9:41:22.316982629,T,97.43,200,97.63,100,TGT
2025-10-28,9:41:22.317012715,T,97.43,100,97.63,100,TGT
2025-10-28,9:41:22.317468854,T,97.43,200,97.63,100,TGT
2025-10-28,9:41:22.341320673,T,97.43,100,97.63,100,TGT
2025-10-28,9:41:29.055791691,T,97.43,100,97.6,100,TGT
2025-10-28,9:41:31.106056185,T,97.45,100,97.6,100,TGT
2025-10-28,9:41:35.342328542,T,97.45,100,97.59,100,TGT
2025-10-28,9:41:36.397637555,T,97.45,100,97.59,200,TGT
2025-10-28,9:41:37.352502364,T,97.45,100,97.59,300,TGT
2025-10-28,9:41:37.359554240,T,97.45,100,97.59,200,TGT
2025-10-28,9:41:37.960656180,T,97.41,100,97.59,200,TGT
2025-10-28,9:41:37.960656180,T,97.4,200,97.59,200,TGT
2025-10-28,9:41:37.960681308,T,97.4,200,97.47,100,TGT
2025-10-28,9:41:37.960681308,T,97.4,100,97.47,100,TGT
2025-10-28,9:41:37.960686362,T,97.38,100,97.47,100,TGT
2025-10-28,9:41:37.960716334,T,97.37,100,97.47,100,TGT
2025-10-28,9:41:37.961553403,T,97.37,100,97.49,100,TGT
2025-10-28,9:41:37.961553403,T,97.37,100,97.52,100,TGT
2025-10-28,9:41:37.961573360,T,97.45,100,97.52,100,TGT
2025-10-28,9:41:37.961593442,T,97.45,100,97.52,200,TGT
2025-10-28,9:41:37.961618903,T,97.44,100,97.52,200,TGT
2025-10-28,9:41:37.961633550,T,97.44,100,97.48,100,TGT
2025-10-28,9:41:37.962049598,T,97.37,100,97.48,100,TGT
2025-10-28,9:41:37.962069627,T,97.37,100,97.47,100,TGT
2025-10-28,9:41:37.962094604,T,97.37,100,97.48,200,TGT
2025-10-28,9:41:37.962114655,T,97.44,100,97.48,200,TGT
2025-10-28,9:41:37.962144797,T,97.37,100,97.48,200,TGT
2025-10-28,9:41:37.962235015,T,97.37,100,97.46,100,TGT
2025-10-28,9:41:37.969296764,T,97.37,100,97.46,200,TGT
2025-10-28,9:41:37.969702846,T,97.37,100,97.46,100,TGT
2025-10-28,9:41:37.969727804,T,97.37,100,97.52,200,TGT
2025-10-28,9:41:37.969732884,T,97.37,100,97.52,100,TGT
2025-10-28,9:41:37.969752941,T,97.44,100,97.52,100,TGT
2025-10-28,9:41:37.970259069,T,97.44,100,97.52,200,TGT
2025-10-28,9:41:37.971938149,T,97.44,100,97.52,100,TGT
2025-10-28,9:41:37.973792498,T,97.44,100,97.52,200,TGT
2025-10-28,9:41:37.976809750,T,97.37,100,97.52,200,TGT
2025-10-28,9:41:38.061366218,T,97.37,100,97.52,100,TGT
2025-10-28,9:41:38.062163115,T,97.37,100,97.52,300,TGT
2025-10-28,9:41:38.062178135,T,97.37,100,97.52,400,TGT
2025-10-28,9:41:38.062193248,T,97.34,100,97.52,400,TGT
2025-10-28,9:41:38.103541689,T,97.34,100,97.52,300,TGT
2025-10-28,9:41:38.104413696,T,97.34,100,97.51,100,TGT
2025-10-28,9:41:38.104444124,T,97.34,100,97.51,200,TGT
2025-10-28,9:41:38.104965006,T,97.34,100,97.51,100,TGT
2025-10-28,9:41:38.391382446,T,97.34,100,97.5,100,TGT
2025-10-28,9:41:38.391487690,T,97.34,100,97.5,200,TGT
2025-10-28,9:41:38.439812800,T,97.34,100,97.5,100,TGT
2025-10-28,9:41:38.747315321,T,97.34,200,97.5,100,TGT
2025-10-28,9:41:38.933298426,T,97.34,200,97.5,200,TGT
2025-10-28,9:41:39.747708733,T,97.35,100,97.5,200,TGT
2025-10-28,9:41:39.747844022,T,97.37,100,97.5,200,TGT
2025-10-28,9:41:40.747921670,T,97.35,100,97.5,200,TGT
2025-10-28,9:41:40.756386873,T,97.37,100,97.5,200,TGT
2025-10-28,9:41:43.271268550,T,97.37,200,97.5,200,TGT
2025-10-28,9:41:46.392113431,T,97.37,200,97.49,100,TGT
2025-10-28,9:41:46.392143473,T,97.37,200,97.49,200,TGT
2025-10-28,9:41:47.584814771,T,97.37,300,97.49,200,TGT
2025-10-28,9:41:47.840363644,T,97.37,200,97.49,200,TGT
2025-10-28,9:41:48.451895478,T,97.37,300,97.49,200,TGT
2025-10-28,9:41:48.452256381,T,97.37,200,97.49,200,TGT
2025-10-28,9:41:50.325679568,T,97.38,100,97.49,200,TGT
2025-10-28,9:41:51.403266710,T,97.38,100,97.49,100,TGT
2025-10-28,9:41:53.178255428,T,97.38,100,97.48,200,TGT
2025-10-28,9:41:53.178265364,T,97.38,100,97.48,300,TGT
2025-10-28,9:41:56.283919516,T,97.37,100,97.48,300,TGT
2025-10-28,9:41:56.727260441,T,97.37,100,97.47,100,TGT
2025-10-28,9:41:56.727936995,T,97.37,100,97.47,200,TGT
2025-10-28,9:41:56.728739090,T,97.37,100,97.47,100,TGT
2025-10-28,9:41:58.457507466,T,97.37,100,97.47,200,TGT
2025-10-28,9:41:58.457993705,T,97.37,100,97.47,100,TGT
2025-10-28,9:41:58.458174044,T,97.37,100,97.48,300,TGT
2025-10-28,9:41:58.599235296,T,97.37,100,97.47,100,TGT
2025-10-28,9:41:58.599716331,T,97.37,100,97.48,300,TGT
2025-10-28,9:42:01.476625156,T,97.37,100,97.47,100,TGT
2025-10-28,9:42:01.476650239,T,97.37,100,97.46,100,TGT
2025-10-28,9:42:01.489375607,T,97.37,100,97.46,200,TGT
2025-10-28,9:42:01.612995034,T,97.37,100,97.45,100,TGT
2025-10-28,9:42:01.613416026,T,97.37,100,97.45,200,TGT
2025-10-28,9:42:01.613746798,T,97.37,100,97.45,100,TGT
2025-10-28,9:42:02.365442641,T,97.37,100,97.45,200,TGT
2025-10-28,9:42:02.742044902,T,97.37,100,97.45,300,TGT
2025-10-28,9:42:02.742044902,T,97.37,100,97.45,200,TGT
2025-10-28,9:42:02.742054907,T,97.37,100,97.45,100,TGT
2025-10-28,9:42:02.742084966,T,97.37,100,97.44,100,TGT
2025-10-28,9:42:02.742115028,T,97.36,100,97.44,100,TGT
2025-10-28,9:42:02.742115028,T,97.36,100,97.44,200,TGT
2025-10-28,9:42:02.742125135,T,97.37,100,97.44,200,TGT
2025-10-28,9:42:02.742130127,T,97.37,100,97.44,300,TGT
2025-10-28,9:42:02.742155411,T,97.36,100,97.44,300,TGT
2025-10-28,9:42:02.742180288,T,97.36,100,97.4,100,TGT
2025-10-28,9:42:02.742506013,T,97.36,100,97.4,200,TGT
2025-10-28,9:42:02.742606209,T,97.36,100,97.4,300,TGT
2025-10-28,9:42:02.742606209,T,97.36,100,97.39,100,TGT
2025-10-28,9:42:02.742621307,T,97.36,100,97.4,300,TGT
2025-10-28,9:42:02.742656412,T,97.37,100,97.4,300,TGT
2025-10-28,9:42:02.742806920,T,97.36,100,97.4,300,TGT
2025-10-28,9:42:02.742836763,T,97.36,100,97.39,100,TGT
2025-10-28,9:42:02.742901934,T,97.36,100,97.4,300,TGT
2025-10-28,9:42:02.743127449,T,97.36,200,97.4,300,TGT
2025-10-28,9:42:02.743192608,T,97.36,200,97.38,100,TGT
2025-10-28,9:42:02.743212725,T,97.36,200,97.4,300,TGT
2025-10-28,9:42:02.743223013,T,97.36,100,97.4,300,TGT
2025-10-28,9:42:02.743227704,T,97.36,100,97.4,200,TGT
2025-10-28,9:42:02.743242851,T,97.36,100,97.38,100,TGT
2025-10-28,9:42:02.743242851,T,97.36,100,97.4,200,TGT
2025-10-28,9:42:02.743257859,T,97.36,100,97.39,100,TGT
2025-10-28,9:42:02.743273000,T,97.36,100,97.39,200,TGT
2025-10-28,9:42:02.743327975,T,97.36,100,97.38,100,TGT
2025-10-28,9:42:02.743688831,T,97.36,100,97.37,100,TGT
2025-10-28,9:42:02.743738934,T,97.36,100,97.39,200,TGT
2025-10-28,9:42:02.743738934,T,97.36,100,97.39,100,TGT
2025-10-28,9:42:02.744109991,T,97.36,200,97.39,100,TGT
2025-10-28,9:42:02.744109991,T,97.36,100,97.39,100,TGT
2025-10-28,9:42:02.744144922,T,97.36,100,97.39,200,TGT
2025-10-28,9:42:02.744931952,T,97.36,100,97.39,100,TGT
2025-10-28,9:42:02.744931952,T,97.36,100,97.4,200,TGT
2025-10-28,9:42:02.744951875,T,97.36,100,97.4,100,TGT
2025-10-28,9:42:02.745102230,T,97.36,200,97.4,100,TGT
2025-10-28,9:42:02.745132218,T,97.36,100,97.4,100,TGT
2025-10-28,9:42:02.745287670,T,97.39,100,97.4,100,TGT
2025-10-28,9:42:02.745342760,T,97.39,100,97.44,200,TGT
2025-10-28,9:42:02.745377812,T,97.36,100,97.44,200,TGT
2025-10-28,9:42:02.745397992,T,97.36,100,97.43,100,TGT
2025-10-28,9:42:02.745402937,T,97.36,100,97.43,200,TGT
2025-10-28,9:42:02.745768882,T,97.36,100,97.43,100,TGT
2025-10-28,9:42:02.745798829,T,97.36,100,97.41,100,TGT
2025-10-28,9:42:02.746901501,T,97.36,100,97.39,100,TGT
2025-10-28,9:42:02.746951626,T,97.36,100,97.39,200,TGT
2025-10-28,9:42:02.747457758,T,97.36,100,97.39,100,TGT
2025-10-28,9:42:02.748234645,T,97.36,100,97.44,200,TGT
2025-10-28,9:42:02.751201745,T,97.4,100,97.44,200,TGT
2025-10-28,9:42:02.751768037,T,97.36,100,97.44,200,TGT
2025-10-28,9:42:02.751908390,T,97.36,200,97.44,200,TGT
2025-10-28,9:42:02.751968532,T,97.36,100,97.44,200,TGT
2025-10-28,9:42:02.751988566,T,97.36,100,97.42,100,TGT
2025-10-28,9:42:02.752068781,T,97.36,100,97.41,100,TGT
2025-10-28,9:42:02.752149049,T,97.36,100,97.42,100,TGT
2025-10-28,9:42:02.752179115,T,97.36,100,97.41,100,TGT
2025-10-28,9:42:02.752274335,T,97.36,100,97.42,100,TGT
2025-10-28,9:42:02.752359520,T,97.36,100,97.41,100,TGT
2025-10-28,9:42:02.752424585,T,97.36,100,97.42,100,TGT
2025-10-28,9:42:02.752514847,T,97.36,200,97.42,100,TGT
2025-10-28,9:42:02.752805567,T,97.37,100,97.42,100,TGT
2025-10-28,9:42:02.752895930,T,97.36,200,97.42,100,TGT
2025-10-28,9:42:02.753286655,T,97.38,100,97.42,100,TGT
2025-10-28,9:42:02.753331797,T,97.38,200,97.42,100,TGT
2025-10-28,9:42:02.753346851,T,97.38,100,97.42,100,TGT
2025-10-28,9:42:02.753366861,T,97.4,100,97.42,100,TGT
2025-10-28,9:42:02.753542366,T,97.4,100,97.44,100,TGT
2025-10-28,9:42:02.753657619,T,97.4,100,97.43,100,TGT
2025-10-28,9:42:02.754133826,T,97.38,100,97.43,100,TGT
2025-10-28,9:42:02.754234006,T,97.38,200,97.43,100,TGT
2025-10-28,9:42:02.754259068,T,97.38,100,97.43,100,TGT
2025-10-28,9:42:02.754279105,T,97.38,200,97.43,100,TGT
2025-10-28,9:42:02.754419353,T,97.38,100,97.43,100,TGT
2025-10-28,9:42:02.754710122,T,97.38,100,97.44,100,TGT
2025-10-28,9:42:02.754840405,T,97.36,200,97.44,100,TGT
2025-10-28,9:42:02.755672385,T,97.39,100,97.44,100,TGT
2025-10-28,9:42:02.755837727,T,97.39,100,97.44,200,TGT
2025-10-28,9:42:02.755948097,T,97.36,200,97.44,200,TGT
2025-10-28,9:42:02.755988191,T,97.36,200,97.43,100,TGT
2025-10-28,9:42:02.756183963,T,97.36,100,97.43,100,TGT
2025-10-28,9:42:02.756223734,T,97.36,200,97.43,100,TGT
2025-10-28,9:42:02.756253740,T,97.37,100,97.43,100,TGT
2025-10-28,9:42:02.756384120,T,97.36,200,97.43,100,TGT
2025-10-28,9:42:02.756394186,T,97.37,100,97.43,100,TGT
2025-10-28,9:42:02.756394186,T,97.36,200,97.43,100,TGT
2025-10-28,9:42:02.756424210,T,97.38,100,97.43,100,TGT
2025-10-28,9:42:02.756810402,T,97.36,200,97.43,100,TGT
2025-10-28,9:42:02.757075732,T,97.36,200,97.44,200,TGT
2025-10-28,9:42:02.757080888,T,97.36,200,97.42,100,TGT
2025-10-28,9:42:02.757165982,T,97.38,100,97.42,100,TGT
2025-10-28,9:42:02.757256144,T,97.36,200,97.42,100,TGT
2025-10-28,9:42:02.759907514,T,97.36,200,97.44,200,TGT
2025-10-28,9:42:02.763942067,T,97.36,100,97.44,200,TGT
2025-10-28,9:42:02.766964243,T,97.36,100,97.44,100,TGT
2025-10-28,9:42:02.842308780,T,97.36,100,97.46,100,TGT
2025-10-28,9:42:02.898312273,T,97.36,100,97.44,100,TGT
2025-10-28,9:42:02.942116615,T,97.36,100,97.46,100,TGT
2025-10-28,9:42:03.755905337,T,97.36,100,97.47,200,TGT
2025-10-28,9:42:03.755905337,T,97.36,200,97.47,200,TGT
2025-10-28,9:42:03.755940419,T,97.38,100,97.47,200,TGT
2025-10-28,9:42:03.756020654,T,97.36,200,97.47,200,TGT
2025-10-28,9:42:03.756040648,T,97.36,100,97.47,200,TGT
2025-10-28,9:42:03.756050627,T,97.36,100,97.46,100,TGT
2025-10-28,9:42:03.756511819,T,97.36,100,97.43,100,TGT
2025-10-28,9:42:03.757083120,T,97.36,100,97.46,100,TGT
2025-10-28,9:42:03.857968465,T,97.36,100,97.45,200,TGT
2025-10-28,9:42:04.007274318,T,97.37,200,97.45,200,TGT
2025-10-28,9:42:05.633423226,T,97.36,100,97.45,200,TGT
2025-10-28,9:42:05.633448415,T,97.36,100,97.39,100,TGT
2025-10-28,9:42:05.633448415,T,97.36,100,97.38,100,TGT
2025-10-28,9:42:05.633478367,T,97.35,200,97.38,100,TGT
2025-10-28,9:42:05.633488331,T,97.36,100,97.38,100,TGT
2025-10-28,9:42:05.633844175,T,97.36,100,97.37,100,TGT
2025-10-28,9:42:05.633954495,T,97.35,100,97.37,100,TGT
2025-10-28,9:42:05.633959452,T,97.36,100,97.37,100,TGT
2025-10-28,9:42:05.633989617,T,97.35,100,97.37,100,TGT
2025-10-28,9:42:05.634099841,T,97.35,100,97.39,100,TGT
2025-10-28,9:42:05.634220079,T,97.35,100,97.38,200,TGT
2025-10-28,9:42:05.643387255,T,97.34,100,97.38,200,TGT
2025-10-28,9:42:05.643402006,T,97.34,100,97.36,100,TGT
2025-10-28,9:42:05.643412268,T,97.34,100,97.36,200,TGT
2025-10-28,9:42:05.643567343,T,97.34,100,97.35,100,TGT
2025-10-28,9:42:05.643943247,T,97.34,100,97.36,100,TGT
2025-10-28,9:42:05.643958271,T,97.34,100,97.38,200,TGT
2025-10-28,9:42:05.644349188,T,97.34,100,97.39,100,TGT
2025-10-28,9:42:05.733471533,T,97.34,100,97.47,200,TGT
2025-10-28,9:42:05.755499057,T,97.34,100,97.39,200,TGT
2025-10-28,9:42:05.763227495,T,97.21,300,97.39,200,TGT
2025-10-28,9:42:14.488714886,T,97.21,200,97.39,200,TGT
2025-10-28,9:42:14.489336350,T,97.21,200,97.32,200,TGT
2025-10-28,9:42:14.491576592,T,97.18,100,97.32,200,TGT
2025-10-28,9:42:14.491601729,T,97.16,300,97.32,200,TGT
2025-10-28,9:42:15.747804294,T,97.25,100,97.32,200,TGT
2025-10-28,9:42:17.760995595,T,97.16,300,97.32,200,TGT
2025-10-28,9:42:19.602908619,T,97.25,100,97.32,200,TGT
2025-10-28,9:42:23.035471301,T,97.25,100,97.38,100,TGT
2025-10-28,9:42:23.067086614,T,97.28,100,97.38,100,TGT
2025-10-28,9:42:23.067116739,T,97.28,200,97.38,100,TGT
2025-10-28,9:42:23.067612831,T,97.28,100,97.38,100,TGT
2025-10-28,9:42:23.068124103,T,97.25,200,97.38,100,TGT
2025-10-28,9:42:23.068164148,T,97.25,200,97.38,200,TGT
2025-10-28,9:42:23.068469915,T,97.25,200,97.38,100,TGT
2025-10-28,9:42:23.096626969,T,97.25,100,97.38,100,TGT
2025-10-28,9:42:23.979480297,T,97.25,100,97.38,300,TGT
2025-10-28,9:42:25.547054690,T,97.27,100,97.38,300,TGT
2025-10-28,9:42:28.576642663,T,97.28,100,97.38,300,TGT
2025-10-28,9:42:28.578586930,T,97.28,200,97.38,300,TGT
2025-10-28,9:42:30.318817726,T,97.28,100,97.38,300,TGT
2025-10-28,9:42:32.117307283,T,97.29,100,97.38,300,TGT
2025-10-28,9:42:39.159138662,T,97.29,100,97.38,100,TGT
2025-10-28,9:42:39.417639516,T,97.25,100,97.38,100,TGT
2025-10-28,9:42:43.584105306,T,97.25,100,97.38,200,TGT
2025-10-28,9:42:44.238724748,T,97.25,100,97.38,100,TGT
2025-10-28,9:42:47.868522302,T,97.28,100,97.38,100,TGT
2025-10-28,9:42:48.082692681,T,97.28,100,97.37,100,TGT
2025-10-28,9:42:48.082722607,T,97.28,100,97.38,100,TGT
2025-10-28,9:42:48.665866926,T,97.28,200,97.38,100,TGT
2025-10-28,9:42:49.265595679,T,97.28,100,97.38,100,TGT
2025-10-28,9:42:49.265600720,T,97.28,100,97.37,100,TGT
2025-10-28,9:42:49.265836251,T,97.28,100,97.38,100,TGT
2025-10-28,9:42:49.735319788,T,97.28,100,97.37,100,TGT
2025-10-28,9:42:51.813851571,T,97.28,100,97.37,200,TGT
2025-10-28,9:42:51.813881656,T,97.25,100,97.37,200,TGT
2025-10-28,9:42:51.813911698,T,97.25,100,97.36,100,TGT
2025-10-28,9:42:51.813956744,T,97.25,100,97.32,100,TGT
2025-10-28,9:42:51.814292572,T,97.25,100,97.31,100,TGT
2025-10-28,9:42:51.814853942,T,97.25,100,97.31,200,TGT
2025-10-28,9:42:51.815169697,T,97.25,100,97.31,400,TGT
2025-10-28,9:42:51.815460304,T,97.25,100,97.31,300,TGT
2025-10-28,9:42:51.815620763,T,97.25,100,97.31,100,TGT
2025-10-28,9:42:51.816212094,T,97.25,100,97.32,100,TGT
2025-10-28,9:42:53.007199500,T,97.25,100,97.31,100,TGT
2025-10-28,9:42:53.316621696,T,97.28,100,97.31,100,TGT
2025-10-28,9:42:58.552304962,T,97.25,100,97.31,100,TGT
2025-10-28,9:42:58.552325043,T,97.25,100,97.28,100,TGT
2025-10-28,9:42:58.552866351,T,97.25,100,97.3,200,TGT
2025-10-28,9:42:58.553397599,T,97.25,100,97.3,100,TGT
2025-10-28,9:42:58.553402552,T,97.25,100,97.31,100,TGT
2025-10-28,9:42:58.553668232,T,97.25,100,97.29,100,TGT
2025-10-28,9:42:59.545430819,T,97.25,100,97.29,200,TGT
2025-10-28,9:43:02.727812739,T,97.18,100,97.29,200,TGT
2025-10-28,9:43:02.727832596,T,97.14,300,97.29,200,TGT
2025-10-28,9:43:02.727852694,T,97.14,300,97.27,100,TGT
2025-10-28,9:43:03.158799361,T,97.14,300,97.27,200,TGT
2025-10-28,9:43:04.467331683,T,97.16,100,97.27,200,TGT
2025-10-28,9:43:04.467336714,T,97.18,100,97.27,200,TGT
