DATE,TIME_M,EX,BID,BIDSIZ,ASK,ASKSIZ,SYM_ROOT
2025-12-15,9:30:01.322610357,T,97.0,100,97.63,100,TGT
2025-12-15,9:30:01.369146212,T,97.0,100,97.6,100,TGT
2025-12-15,9:30:01.595420419,T,97.13,100,97.6,100,TGT
2025-12-15,9:30:01.595520603,T,97.0,100,97.6,100,TGT
2025-12-15,9:30:01.882534299,T,97.3,100,97.6,100,TGT
2025-12-15,9:30:02.285414152,T,97.3,200,97.6,100,TGT
2025-12-15,9:30:04.025695119,T,97.3,300,97.6,100,TGT
2025-12-15,9:30:05.247511049,T,97.3,300,97.57,100,TGT
2025-12-15,9:30:05.675701081,T,97.3,200,97.57,100,TGT
2025-12-15,9:30:05.675726113,T,97.3,300,97.57,100,TGT
2025-12-15,9:30:05.695292763,T,97.3,200,97.57,100,TGT
2025-12-15,9:30:06.015305053,T,97.3,300,97.57,100,TGT
2025-12-15,9:30:06.015315071,T,97.3,300,97.52,100,TGT
2025-12-15,9:30:09.325531251,T,97.3,200,97.52,100,TGT
2025-12-15,9:30:09.325606442,T,97.3,100,97.52,100,TGT
2025-12-15,9:30:09.325606442,T,97.0,100,97.52,100,TGT
2025-12-15,9:30:09.325626412,T,97.0,100,97.33,100,TGT
2025-12-15,9:30:09.325651498,T,97.13,100,97.33,100,TGT
2025-12-15,9:30:09.325691537,T,97.13,100,97.43,100,TGT
2025-12-15,9:30:09.325711640,T,97.18,100,97.43,100,TGT
2025-12-15,9:30:09.325711640,T,97.21,100,97.43,100,TGT
2025-12-15,9:30:09.325721678,T,97.21,200,97.43,100,TGT
2025-12-15,9:30:09.325727000,T,97.25,100,97.43,100,TGT
2025-12-15,9:30:09.325736724,T,97.25,200,97.43,100,TGT
2025-12-15,9:30:09.325741731,T,97.25,100,97.43,100,TGT
2025-12-15,9:30:09.325752033,T,97.26,100,97.43,100,TGT
2025-12-15,9:30:09.326343195,T,97.25,100,97.43,100,TGT
2025-12-15,9:30:09.326343195,T,97.26,100,97.43,100,TGT
2025-12-15,9:30:09.326348177,T,97.26,100,97.43,200,TGT
2025-12-15,9:30:09.326453432,T,97.25,100,97.43,200,TGT
2025-12-15,9:30:09.326493469,T,97.25,100,97.43,300,TGT
2025-12-15,9:30:09.326498509,T,97.25,100,97.43,400,TGT
2025-12-15,9:30:09.326563621,T,97.21,200,97.43,400,TGT
2025-12-15,9:30:09.326588751,T,97.25,100,97.43,400,TGT
2025-12-15,9:30:09.326638797,T,97.25,100,97.41,100,TGT
2025-12-15,9:30:09.326644005,T,97.25,100,97.41,200,TGT
2025-12-15,9:30:09.326644005,T,97.25,100,97.41,300,TGT
2025-12-15,9:30:09.326784222,T,97.25,100,97.41,400,TGT
2025-12-15,9:30:09.425749990,T,97.19,100,97.41,400,TGT
2025-12-15,9:30:09.425755020,T,97.13,100,97.41,400,TGT
2025-12-15,9:30:09.525753211,T,97.09,100,97.41,400,TGT
2025-12-15,9:30:10.326024821,T,97.13,100,97.41,400,TGT
2025-12-15,9:30:10.343260849,T,97.05,100,97.41,400,TGT
2025-12-15,9:30:10.343265890,T,97.13,100,97.41,400,TGT
2025-12-15,9:30:11.356965831,T,97.23,100,97.41,400,TGT
2025-12-15,9:30:13.357482364,T,97.13,100,97.41,400,TGT
2025-12-15,9:30:15.075063855,T,97.13,100,97.41,300,TGT
2025-12-15,9:30:15.075063855,T,97.13,100,97.41,200,TGT
2025-12-15,9:30:15.075063855,T,97.13,100,97.41,100,TGT
2025-12-15,9:30:15.075063855,T,97.13,100,97.46,100,TGT
2025-12-15,9:30:15.075073847,T,97.26,100,97.46,100,TGT
2025-12-15,9:30:15.075084104,T,97.33,100,97.46,100,TGT
2025-12-15,9:30:15.075084104,T,97.38,100,97.46,100,TGT
2025-12-15,9:30:15.075334443,T,97.4,400,97.46,100,TGT
2025-12-15,9:30:15.075695262,T,97.38,100,97.46,100,TGT
2025-12-15,9:30:15.075750551,T,97.38,100,97.62,100,TGT
2025-12-15,9:30:15.075845804,T,97.38,100,97.63,100,TGT
2025-12-15,9:30:15.076041150,T,97.38,200,97.63,100,TGT
2025-12-15,9:30:15.076101229,T,97.38,100,97.63,100,TGT
2025-12-15,9:30:15.076642540,T,97.4,100,97.63,100,TGT
2025-12-15,9:30:15.076933192,T,97.36,100,97.63,100,TGT
2025-12-15,9:30:15.076943284,T,97.4,100,97.63,100,TGT
2025-12-15,9:30:15.080281526,T,97.36,100,97.63,100,TGT
2025-12-15,9:30:15.083268312,T,97.36,100,97.64,100,TGT
2025-12-15,9:30:15.083318498,T,97.33,200,97.64,100,TGT
2025-12-15,9:30:15.083318498,T,97.36,100,97.64,100,TGT
2025-12-15,9:30:15.084581477,T,97.34,100,97.64,100,TGT
2025-12-15,9:30:15.085273092,T,97.36,100,97.64,100,TGT
2025-12-15,9:30:15.085288197,T,97.47,100,97.64,100,TGT
2025-12-15,9:30:15.085473601,T,97.47,200,97.64,100,TGT
2025-12-15,9:30:15.086731570,T,97.47,200,97.61,100,TGT
2025-12-15,9:30:15.086781687,T,97.47,200,97.64,100,TGT
2025-12-15,9:30:15.086796743,T,97.47,200,97.63,100,TGT
2025-12-15,9:30:15.086832507,T,97.47,100,97.63,100,TGT
2025-12-15,9:30:15.086832507,T,97.47,200,97.63,100,TGT
2025-12-15,9:30:15.086841833,T,97.47,100,97.63,100,TGT
2025-12-15,9:30:15.095291974,T,97.35,100,97.63,100,TGT
2025-12-15,9:30:15.095317022,T,97.33,200,97.63,100,TGT
2025-12-15,9:30:15.126335955,T,97.33,200,97.64,100,TGT
2025-12-15,9:30:15.126361163,T,97.46,100,97.64,100,TGT
2025-12-15,9:30:15.126361163,T,97.49,100,97.64,100,TGT
2025-12-15,9:30:15.126396246,T,97.44,100,97.64,100,TGT
2025-12-15,9:30:15.126396246,T,97.49,100,97.64,100,TGT
2025-12-15,9:30:15.126406127,T,97.52,100,97.64,100,TGT
2025-12-15,9:30:15.126421105,T,97.49,100,97.64,100,TGT
2025-12-15,9:30:15.126902246,T,97.47,100,97.64,100,TGT
2025-12-15,9:30:15.127443556,T,97.47,100,97.7,300,TGT
2025-12-15,9:30:15.127468691,T,97.47,100,97.7,200,TGT
2025-12-15,9:30:15.127478629,T,97.49,100,97.7,200,TGT
2025-12-15,9:30:15.127493753,T,97.57,100,97.7,200,TGT
2025-12-15,9:30:15.127514080,T,97.47,100,97.7,200,TGT
2025-12-15,9:30:15.128090094,T,97.33,200,97.7,200,TGT
2025-12-15,9:30:15.128110189,T,97.33,200,97.66,100,TGT
2025-12-15,9:30:15.128150241,T,97.47,100,97.66,100,TGT
2025-12-15,9:30:15.128325724,T,97.46,100,97.66,100,TGT
2025-12-15,9:30:15.128355756,T,97.44,100,97.66,100,TGT
2025-12-15,9:30:15.136234485,T,97.44,100,97.7,200,TGT
2025-12-15,9:30:15.136359779,T,97.33,200,97.7,200,TGT
2025-12-15,9:30:15.175087107,T,97.33,100,97.7,200,TGT
2025-12-15,9:30:15.236147621,T,97.47,100,97.7,200,TGT
2025-12-15,9:30:15.236162564,T,97.49,100,97.7,200,TGT
2025-12-15,9:30:15.236277862,T,97.47,100,97.7,200,TGT
2025-12-15,9:30:15.236277862,T,97.49,100,97.7,200,TGT
2025-12-15,9:30:15.243374802,T,97.47,100,97.7,200,TGT
2025-12-15,9:30:15.246151396,T,97.33,100,97.7,200,TGT
2025-12-15,9:30:15.269622363,T,97.27,100,97.7,200,TGT
2025-12-15,9:30:15.606850838,T,97.33,100,97.7,200,TGT
2025-12-15,9:30:15.606880931,T,97.49,100,97.7,200,TGT
2025-12-15,9:30:15.606880931,T,97.33,100,97.7,200,TGT
2025-12-15,9:30:15.606951184,T,97.49,100,97.7,200,TGT
2025-12-15,9:30:15.607878363,T,97.33,100,97.7,200,TGT
2025-12-15,9:30:15.650179380,T,97.49,100,97.7,200,TGT
2025-12-15,9:30:15.650179380,T,97.5,100,97.7,200,TGT
2025-12-15,9:30:15.650194103,T,97.51,100,97.7,200,TGT
2025-12-15,9:30:15.650209160,T,97.5,100,97.7,200,TGT
2025-12-15,9:30:15.706974484,T,97.33,100,97.7,200,TGT
2025-12-15,9:30:15.706994493,T,97.27,100,97.7,200,TGT
2025-12-15,9:30:24.765640246,T,97.27,200,97.7,200,TGT
2025-12-15,9:30:24.772666985,T,97.27,100,97.7,200,TGT
2025-12-15,9:30:24.773438879,T,97.27,200,97.7,200,TGT
2025-12-15,9:30:24.773448874,T,97.33,100,97.7,200,TGT
2025-12-15,9:30:24.773448874,T,97.49,100,97.7,200,TGT
2025-12-15,9:30:24.780500688,T,97.33,100,97.7,200,TGT
2025-12-15,9:30:24.791957918,T,97.49,100,97.7,200,TGT
2025-12-15,9:30:24.791978066,T,97.33,100,97.7,200,TGT
2025-12-15,9:30:24.792128328,T,97.33,100,97.8,100,TGT
2025-12-15,9:30:24.792153443,T,97.62,100,97.8,100,TGT
2025-12-15,9:30:24.792153443,T,97.67,100,97.8,100,TGT
2025-12-15,9:30:24.792193878,T,97.62,100,97.8,100,TGT
2025-12-15,9:30:24.792218547,T,97.62,100,97.71,100,TGT
2025-12-15,9:30:24.802157318,T,97.49,100,97.71,100,TGT
2025-12-15,9:30:24.808006159,T,97.49,100,97.8,100,TGT
2025-12-15,9:30:24.808026614,T,97.64,100,97.8,100,TGT
2025-12-15,9:30:24.826329836,T,97.56,100,97.8,100,TGT
2025-12-15,9:30:24.826349905,T,97.56,100,97.78,100,TGT
2025-12-15,9:30:24.826354960,T,97.56,100,97.8,100,TGT
2025-12-15,9:30:24.827352335,T,97.49,100,97.8,100,TGT
2025-12-15,9:30:24.859844698,T,97.49,100,97.78,100,TGT
2025-12-15,9:30:24.859869756,T,97.49,100,97.8,100,TGT
2025-12-15,9:30:24.859874818,T,97.49,100,97.78,100,TGT
2025-12-15,9:30:24.860160475,T,97.33,100,97.78,100,TGT
2025-12-15,9:30:24.866871480,T,97.33,100,97.8,100,TGT
2025-12-15,9:30:24.929445513,T,97.27,200,97.8,100,TGT
2025-12-15,9:30:24.929450533,T,97.27,100,97.8,100,TGT
2025-12-15,9:30:30.024012734,T,97.27,300,97.8,100,TGT
2025-12-15,9:30:31.291312338,T,97.33,100,97.8,100,TGT
2025-12-15,9:30:31.291357715,T,97.34,200,97.8,100,TGT
2025-12-15,9:30:31.291357715,T,97.34,300,97.8,100,TGT
2025-12-15,9:30:31.291357715,T,97.4,100,97.8,100,TGT
2025-12-15,9:30:31.291362453,T,97.46,100,97.8,100,TGT
2025-12-15,9:30:31.291367724,T,97.52,100,97.8,100,TGT
2025-12-15,9:30:31.291367724,T,97.41,100,97.8,100,TGT
2025-12-15,9:30:31.291372442,T,97.49,100,97.8,100,TGT
2025-12-15,9:30:31.291372442,T,97.52,100,97.8,100,TGT
2025-12-15,9:30:31.291507824,T,97.56,100,97.8,100,TGT
2025-12-15,9:30:31.291848562,T,97.52,100,97.8,100,TGT
2025-12-15,9:30:31.291974129,T,97.53,100,97.8,100,TGT
2025-12-15,9:30:31.291974129,T,97.57,100,97.8,100,TGT
2025-12-15,9:30:31.292249548,T,97.65,100,97.8,100,TGT
2025-12-15,9:30:31.292259558,T,97.57,100,97.8,100,TGT
2025-12-15,9:30:31.292650581,T,97.55,100,97.8,100,TGT
2025-12-15,9:30:31.292931231,T,97.56,100,97.8,100,TGT
2025-12-15,9:30:31.301371271,T,97.55,100,97.8,100,TGT
2025-12-15,9:30:31.301391334,T,97.52,100,97.8,100,TGT
2025-12-15,9:30:31.428855030,T,97.34,300,97.8,100,TGT
2025-12-15,9:30:31.428910172,T,97.34,300,97.78,200,TGT
2025-12-15,9:30:31.438923990,T,97.34,100,97.78,200,TGT
2025-12-15,9:30:31.438949030,T,97.33,100,97.78,200,TGT
2025-12-15,9:30:32.227582918,T,97.33,100,97.8,100,TGT
2025-12-15,9:30:32.227592926,T,97.33,300,97.8,100,TGT
2025-12-15,9:30:32.237606816,T,97.33,100,97.8,100,TGT
2025-12-15,9:30:34.302917041,T,97.33,200,97.8,100,TGT
2025-12-15,9:30:34.762602163,T,97.33,400,97.8,100,TGT
2025-12-15,9:30:36.914408547,T,97.35,200,97.8,100,TGT
2025-12-15,9:30:36.924422483,T,97.33,100,97.8,100,TGT
2025-12-15,9:30:36.924432496,T,97.33,100,97.78,200,TGT
2025-12-15,9:30:36.934446333,T,97.33,100,97.8,100,TGT
2025-12-15,9:30:36.977839736,T,97.27,100,97.8,100,TGT
2025-12-15,9:30:36.993356738,T,97.33,100,97.8,100,TGT
2025-12-15,9:30:37.419461857,T,97.35,200,97.8,100,TGT
2025-12-15,9:30:37.419672342,T,97.35,300,97.8,100,TGT
2025-12-15,9:30:38.090976710,T,97.35,400,97.8,100,TGT
2025-12-15,9:30:40.392840654,T,97.38,200,97.8,100,TGT
2025-12-15,9:30:40.396283757,T,97.38,300,97.8,100,TGT
2025-12-15,9:30:42.358227832,T,97.39,200,97.8,100,TGT
2025-12-15,9:30:42.361280085,T,97.39,300,97.8,100,TGT
2025-12-15,9:30:44.356157611,T,97.39,400,97.8,100,TGT
2025-12-15,9:30:51.209745473,T,97.39,500,97.8,100,TGT
2025-12-15,9:30:51.866956309,T,97.39,600,97.8,100,TGT
2025-12-15,9:30:52.410771924,T,97.4,200,97.8,100,TGT
2025-12-15,9:30:52.414024698,T,97.4,300,97.8,100,TGT
2025-12-15,9:30:52.414465708,T,97.4,400,97.8,100,TGT
2025-12-15,9:30:53.237511534,T,97.41,200,97.8,100,TGT
2025-12-15,9:30:53.240769329,T,97.41,300,97.8,100,TGT
2025-12-15,9:30:53.241190230,T,97.41,400,97.8,100,TGT
2025-12-15,9:31:00.879497445,T,97.41,400,97.82,100,TGT
2025-12-15,9:31:00.879522566,T,97.41,500,97.82,100,TGT
2025-12-15,9:31:00.879527618,T,97.49,100,97.82,100,TGT
2025-12-15,9:31:00.879547559,T,97.55,100,97.82,100,TGT
2025-12-15,9:31:00.879552600,T,97.49,100,97.82,100,TGT
2025-12-15,9:31:00.879557599,T,97.51,100,97.82,100,TGT
2025-12-15,9:31:00.879607720,T,97.51,100,97.8,200,TGT
2025-12-15,9:31:00.884023307,T,97.56,100,97.8,200,TGT
2025-12-15,9:31:00.895174866,T,97.56,100,97.8,300,TGT
2025-12-15,9:31:00.902211569,T,97.56,100,97.8,200,TGT
2025-12-15,9:31:02.356862145,T,97.56,200,97.8,200,TGT
2025-12-15,9:31:04.097849801,T,97.56,200,97.8,300,TGT
2025-12-15,9:31:06.196384620,T,97.56,100,97.8,300,TGT
2025-12-15,9:31:06.196424623,T,97.57,100,97.8,300,TGT
2025-12-15,9:31:06.295395340,T,97.56,100,97.8,300,TGT
2025-12-15,9:31:06.295420615,T,97.56,100,97.75,100,TGT
2025-12-15,9:31:06.295676077,T,97.42,100,97.75,100,TGT
2025-12-15,9:31:06.295676077,T,97.38,200,97.75,100,TGT
2025-12-15,9:31:06.296994248,T,97.38,200,97.78,100,TGT
2025-12-15,9:31:06.297585553,T,97.38,200,97.73,100,TGT
2025-12-15,9:31:06.297630737,T,97.38,200,97.78,100,TGT
2025-12-15,9:31:06.302462199,T,97.38,200,97.79,100,TGT
2025-12-15,9:31:06.303173914,T,97.38,200,97.8,200,TGT
2025-12-15,9:31:06.330704836,T,97.38,200,97.8,100,TGT
2025-12-15,9:31:06.330749834,T,97.39,100,97.8,100,TGT
2025-12-15,9:31:06.331686838,T,97.39,100,97.78,200,TGT
2025-12-15,9:31:06.337771348,T,97.38,200,97.78,200,TGT
2025-12-15,9:31:06.341700747,T,97.38,200,97.8,100,TGT
2025-12-15,9:31:06.656716251,T,97.54,100,97.8,100,TGT
2025-12-15,9:31:06.842764360,T,97.54,100,97.8,300,TGT
2025-12-15,9:31:15.993890812,T,97.54,100,97.8,400,TGT
2025-12-15,9:31:16.624428083,T,97.46,200,97.8,400,TGT
2025-12-15,9:31:16.648720954,T,97.54,200,97.8,400,TGT
2025-12-15,9:31:18.147596925,T,97.54,500,97.8,400,TGT
2025-12-15,9:31:24.457489837,T,97.54,500,97.8,300,TGT
2025-12-15,9:31:24.467258070,T,97.54,500,97.8,100,TGT
2025-12-15,9:31:25.223925801,T,97.54,300,97.8,100,TGT
2025-12-15,9:31:25.325517793,T,97.54,300,97.8,200,TGT
2025-12-15,9:31:27.490941527,T,97.54,300,97.8,100,TGT
2025-12-15,9:31:30.386124329,T,97.54,300,97.9,200,TGT
2025-12-15,9:31:30.386148938,T,97.74,100,97.9,200,TGT
2025-12-15,9:31:30.398789042,T,97.54,300,97.9,200,TGT
2025-12-15,9:31:30.398829181,T,97.54,300,97.87,100,TGT
2025-12-15,9:31:30.398834207,T,97.54,300,97.82,100,TGT
2025-12-15,9:31:30.398869198,T,97.54,300,97.82,300,TGT
2025-12-15,9:31:30.399114859,T,97.54,300,97.81,100,TGT
2025-12-15,9:31:30.399149941,T,97.54,300,97.82,300,TGT
2025-12-15,9:31:30.408893141,T,97.54,300,97.82,100,TGT
2025-12-15,9:31:30.517131035,T,97.54,300,97.9,200,TGT
2025-12-15,9:31:37.696515422,T,97.54,300,97.72,100,TGT
2025-12-15,9:31:37.711476012,T,97.54,300,97.9,200,TGT
2025-12-15,9:31:39.483733132,T,97.54,300,97.7,100,TGT
2025-12-15,9:31:39.483938588,T,97.54,300,97.7,200,TGT
2025-12-15,9:31:39.485462172,T,97.54,300,97.7,300,TGT
2025-12-15,9:31:39.487136212,T,97.54,300,97.7,400,TGT
2025-12-15,9:31:39.487426930,T,97.54,300,97.7,300,TGT
2025-12-15,9:31:39.585916491,T,97.46,200,97.7,300,TGT
2025-12-15,9:31:39.585936603,T,97.46,200,97.57,100,TGT
2025-12-15,9:31:39.586041850,T,97.46,200,97.57,200,TGT
2025-12-15,9:31:39.586257312,T,97.28,100,97.57,200,TGT
2025-12-15,9:31:39.586262313,T,97.35,200,97.57,200,TGT
2025-12-15,9:31:39.586487873,T,97.46,100,97.57,200,TGT
2025-12-15,9:31:39.586527958,T,97.46,300,97.57,200,TGT
2025-12-15,9:31:39.586853736,T,97.46,300,97.57,100,TGT
2025-12-15,9:31:39.586853736,T,97.46,300,97.61,100,TGT
2025-12-15,9:31:39.586858755,T,97.46,300,97.62,200,TGT
2025-12-15,9:31:39.586858755,T,97.46,300,97.62,100,TGT
2025-12-15,9:31:39.586873829,T,97.46,200,97.62,100,TGT
2025-12-15,9:31:39.586884465,T,97.46,300,97.62,100,TGT
2025-12-15,9:31:39.586898883,T,97.56,100,97.62,100,TGT
2025-12-15,9:31:39.586903872,T,97.56,200,97.62,100,TGT
2025-12-15,9:31:39.586934892,T,97.56,100,97.62,100,TGT
2025-12-15,9:31:39.586938989,T,97.35,200,97.62,100,TGT
2025-12-15,9:31:39.587129413,T,97.35,300,97.62,100,TGT
2025-12-15,9:31:39.587139489,T,97.35,200,97.62,100,TGT
2025-12-15,9:31:39.587159556,T,97.35,300,97.62,100,TGT
2025-12-15,9:31:39.587199896,T,97.35,200,97.62,100,TGT
2025-12-15,9:31:39.587275332,T,97.35,300,97.62,100,TGT
2025-12-15,9:31:39.587275332,T,97.35,200,97.62,100,TGT
2025-12-15,9:31:39.587285181,T,97.35,300,97.62,100,TGT
2025-12-15,9:31:39.587289741,T,97.35,200,97.62,100,TGT
2025-12-15,9:31:39.587354962,T,97.35,300,97.62,100,TGT
2025-12-15,9:31:39.587460420,T,97.35,200,97.62,100,TGT
2025-12-15,9:31:39.587545392,T,97.35,200,97.59,100,TGT
2025-12-15,9:31:39.587610613,T,97.35,200,97.62,100,TGT
2025-12-15,9:31:39.587620546,T,97.35,300,97.62,100,TGT
2025-12-15,9:31:39.587630626,T,97.35,300,97.59,100,TGT
2025-12-15,9:31:39.587635560,T,97.38,100,97.59,100,TGT
2025-12-15,9:31:39.587650601,T,97.35,300,97.59,100,TGT
2025-12-15,9:31:39.587650601,T,97.35,200,97.59,100,TGT
2025-12-15,9:31:39.587655820,T,97.35,300,97.59,100,TGT
2025-12-15,9:31:39.587660725,T,97.35,200,97.59,100,TGT
2025-12-15,9:31:39.587690707,T,97.38,100,97.59,100,TGT
2025-12-15,9:31:39.587690707,T,97.35,300,97.59,100,TGT
2025-12-15,9:31:39.587700751,T,97.35,300,97.62,100,TGT
2025-12-15,9:31:39.587705729,T,97.38,100,97.62,100,TGT
2025-12-15,9:31:39.587720927,T,97.35,200,97.62,100,TGT
2025-12-15,9:31:39.587740841,T,97.35,300,97.62,100,TGT
2025-12-15,9:31:39.587750853,T,97.35,200,97.62,100,TGT
2025-12-15,9:31:39.588086801,T,97.35,200,97.62,200,TGT
2025-12-15,9:31:39.588086801,T,97.35,200,97.62,100,TGT
2025-12-15,9:31:39.588186898,T,97.35,300,97.62,100,TGT
2025-12-15,9:31:39.588207026,T,97.35,200,97.62,100,TGT
2025-12-15,9:31:39.588242068,T,97.35,300,97.62,100,TGT
2025-12-15,9:31:39.588267089,T,97.38,100,97.62,100,TGT
2025-12-15,9:31:39.588277196,T,97.39,100,97.62,100,TGT
2025-12-15,9:31:39.588302156,T,97.38,100,97.62,100,TGT
2025-12-15,9:31:39.588337271,T,97.35,300,97.62,100,TGT
2025-12-15,9:31:39.588497631,T,97.38,100,97.62,100,TGT
2025-12-15,9:31:39.588502713,T,97.35,300,97.62,100,TGT
2025-12-15,9:31:39.588552812,T,97.38,100,97.62,100,TGT
2025-12-15,9:31:39.588557935,T,97.35,300,97.62,100,TGT
2025-12-15,9:31:39.588788333,T,97.38,100,97.62,100,TGT
2025-12-15,9:31:39.589209556,T,97.39,100,97.62,100,TGT
2025-12-15,9:31:39.589419857,T,97.38,100,97.62,100,TGT
2025-12-15,9:31:39.595559496,T,97.38,100,97.69,100,TGT
2025-12-15,9:31:39.595584704,T,97.39,100,97.69,100,TGT
2025-12-15,9:31:39.595594583,T,97.39,100,97.7,300,TGT
2025-12-15,9:31:39.595599708,T,97.41,100,97.7,300,TGT
2025-12-15,9:31:39.595604567,T,97.47,100,97.7,300,TGT
2025-12-15,9:31:39.595614891,T,97.41,100,97.7,300,TGT
2025-12-15,9:31:39.595619665,T,97.47,100,97.7,300,TGT
2025-12-15,9:31:39.595644713,T,97.56,100,97.7,300,TGT
2025-12-15,9:31:39.595789993,T,97.47,100,97.7,300,TGT
2025-12-15,9:31:39.595789993,T,97.39,100,97.7,300,TGT
2025-12-15,9:31:39.595815064,T,97.41,100,97.7,300,TGT
2025-12-15,9:31:39.595850159,T,97.39,100,97.7,300,TGT
2025-12-15,9:31:39.595880236,T,97.41,100,97.7,300,TGT
2025-12-15,9:31:39.595880236,T,97.39,100,97.7,300,TGT
2025-12-15,9:31:39.595885545,T,97.41,100,97.7,300,TGT
2025-12-15,9:31:39.595905300,T,97.41,100,97.69,100,TGT
2025-12-15,9:31:39.595910336,T,97.39,100,97.69,100,TGT
2025-12-15,9:31:39.595910336,T,97.38,100,97.69,100,TGT
2025-12-15,9:31:39.595915373,T,97.38,100,97.62,100,TGT
2025-12-15,9:31:39.595925365,T,97.38,100,97.69,100,TGT
2025-12-15,9:31:39.595935335,T,97.39,100,97.69,100,TGT
2025-12-15,9:31:39.595945732,T,97.38,100,97.69,100,TGT
2025-12-15,9:31:39.595945732,T,97.39,100,97.69,100,TGT
2025-12-15,9:31:39.595965465,T,97.38,100,97.69,100,TGT
2025-12-15,9:31:39.595965465,T,97.38,100,97.7,300,TGT
2025-12-15,9:31:39.595970422,T,97.39,100,97.7,300,TGT
2025-12-15,9:31:39.595985485,T,97.38,100,97.7,300,TGT
2025-12-15,9:31:39.595995529,T,97.38,100,97.7,200,TGT
2025-12-15,9:31:39.596000690,T,97.39,100,97.7,200,TGT
2025-12-15,9:31:39.596030607,T,97.41,100,97.7,200,TGT
2025-12-15,9:31:39.596045646,T,97.39,100,97.7,200,TGT
2025-12-15,9:31:39.596050628,T,97.41,100,97.7,200,TGT
2025-12-15,9:31:39.596105771,T,97.47,100,97.7,200,TGT
2025-12-15,9:31:39.596145871,T,97.48,100,97.7,200,TGT
2025-12-15,9:31:39.596150977,T,97.47,100,97.7,200,TGT
2025-12-15,9:31:39.596150977,T,97.48,100,97.7,200,TGT
2025-12-15,9:31:39.596165987,T,97.47,100,97.7,200,TGT
2025-12-15,9:31:39.596190959,T,97.41,100,97.7,200,TGT
2025-12-15,9:31:39.596216072,T,97.47,100,97.7,200,TGT
2025-12-15,9:31:39.596286258,T,97.48,100,97.7,200,TGT
2025-12-15,9:31:39.596652153,T,97.47,100,97.7,200,TGT
2025-12-15,9:31:39.597398932,T,97.41,100,97.7,200,TGT
2025-12-15,9:31:39.597418907,T,97.4,100,97.7,200,TGT
2025-12-15,9:31:39.597474196,T,97.47,100,97.7,200,TGT
2025-12-15,9:31:39.696063900,T,97.4,100,97.7,200,TGT
2025-12-15,9:31:39.697542454,T,97.35,200,97.7,200,TGT
2025-12-15,9:31:41.735292145,T,97.35,400,97.7,200,TGT
2025-12-15,9:31:48.459506754,T,97.35,500,97.7,200,TGT
2025-12-15,9:31:58.458027069,T,97.35,500,97.68,100,TGT
2025-12-15,9:31:58.458047273,T,97.35,500,97.7,200,TGT
2025-12-15,9:31:58.458232558,T,97.35,500,97.68,100,TGT
2025-12-15,9:31:58.461660756,T,97.35,300,97.68,100,TGT
2025-12-15,9:31:58.477087513,T,97.35,200,97.68,100,TGT
2025-12-15,9:31:58.477097536,T,97.36,200,97.68,100,TGT
2025-12-15,9:31:58.477097536,T,97.36,200,97.7,200,TGT
2025-12-15,9:31:58.477518614,T,97.36,300,97.7,200,TGT
2025-12-15,9:32:05.523554847,T,97.36,100,97.7,200,TGT
2025-12-15,9:32:05.523560196,T,97.27,100,97.7,200,TGT
2025-12-15,9:32:05.523560196,T,97.21,100,97.7,200,TGT
2025-12-15,9:32:05.523560196,T,97.2,200,97.7,200,TGT
2025-12-15,9:32:05.523574909,T,97.2,200,97.41,100,TGT
2025-12-15,9:32:05.523600015,T,97.2,200,97.51,100,TGT
2025-12-15,9:32:05.523635073,T,97.34,100,97.51,100,TGT
2025-12-15,9:32:05.524041151,T,97.4,100,97.51,100,TGT
2025-12-15,9:32:05.524106238,T,97.2,200,97.51,100,TGT
2025-12-15,9:32:05.524156383,T,97.2,200,97.41,100,TGT
2025-12-15,9:32:05.524176738,T,97.2,200,97.46,100,TGT
2025-12-15,9:32:05.524186409,T,97.2,200,97.49,100,TGT
2025-12-15,9:32:05.524186409,T,97.2,200,97.51,200,TGT
2025-12-15,9:32:05.524216525,T,97.2,200,97.51,100,TGT
2025-12-15,9:32:05.524457062,T,97.2,300,97.51,100,TGT
2025-12-15,9:32:05.524492137,T,97.21,100,97.51,100,TGT
2025-12-15,9:32:05.524497160,T,97.2,200,97.51,100,TGT
2025-12-15,9:32:05.525775698,T,97.2,300,97.51,100,TGT
2025-12-15,9:32:05.525800203,T,97.2,200,97.51,100,TGT
2025-12-15,9:32:05.525940618,T,97.2,300,97.51,100,TGT
2025-12-15,9:32:05.525970664,T,97.2,200,97.51,100,TGT
2025-12-15,9:32:05.525975659,T,97.2,300,97.51,100,TGT
2025-12-15,9:32:05.526261343,T,97.2,200,97.51,100,TGT
2025-12-15,9:32:05.623608267,T,97.2,200,97.67,100,TGT
2025-12-15,9:32:05.624425276,T,97.2,200,97.68,100,TGT
2025-12-15,9:32:06.145807414,T,97.14,100,97.68,100,TGT
2025-12-15,9:32:06.145812402,T,97.3,200,97.68,100,TGT
2025-12-15,9:32:06.150724148,T,97.3,200,97.67,100,TGT
2025-12-15,9:32:06.158683053,T,97.13,100,97.67,100,TGT
2025-12-15,9:32:06.160727880,T,97.13,100,97.68,100,TGT
2025-12-15,9:32:06.401225902,T,97.25,200,97.68,100,TGT
2025-12-15,9:32:08.421368680,T,97.25,200,97.68,200,TGT
2025-12-15,9:32:08.872047463,T,97.25,200,97.67,100,TGT
2025-12-15,9:32:08.903367425,T,97.25,200,97.66,100,TGT
2025-12-15,9:32:08.903367425,T,97.25,200,97.59,100,TGT
2025-12-15,9:32:08.903587640,T,97.25,200,97.66,100,TGT
2025-12-15,9:32:08.903727975,T,97.09,400,97.66,100,TGT
2025-12-15,9:32:08.903737933,T,97.13,200,97.66,100,TGT
2025-12-15,9:32:08.903778043,T,97.13,200,97.59,100,TGT
2025-12-15,9:32:08.903958450,T,97.13,200,97.5,100,TGT
2025-12-15,9:32:08.904975979,T,97.13,200,97.45,100,TGT
2025-12-15,9:32:08.904980940,T,97.13,200,97.44,100,TGT
2025-12-15,9:32:08.910975197,T,97.13,200,97.45,100,TGT
2025-12-15,9:32:08.912017713,T,97.13,200,97.59,100,TGT
2025-12-15,9:32:08.925384556,T,97.13,200,97.59,200,TGT
2025-12-15,9:32:08.935388424,T,97.13,200,97.59,100,TGT
2025-12-15,9:32:08.937989521,T,97.13,200,97.4,100,TGT
2025-12-15,9:32:09.004447910,T,97.09,400,97.4,100,TGT
2025-12-15,9:32:09.361318233,T,97.11,100,97.4,100,TGT
2025-12-15,9:32:09.362145172,T,97.13,100,97.4,100,TGT
2025-12-15,9:32:09.635957534,T,97.11,100,97.4,100,TGT
2025-12-15,9:32:09.903950870,T,97.13,100,97.4,100,TGT
2025-12-15,9:32:10.936205120,T,97.11,100,97.4,100,TGT
2025-12-15,9:32:12.957680804,T,97.13,100,97.4,100,TGT
2025-12-15,9:32:14.157880317,T,97.13,100,97.64,100,TGT
2025-12-15,9:32:16.480809148,T,97.13,100,97.62,100,TGT
2025-12-15,9:32:16.799749142,T,97.11,100,97.62,100,TGT
2025-12-15,9:32:18.063660289,T,97.11,100,97.45,100,TGT
2025-12-15,9:32:18.256730300,T,97.14,200,97.45,100,TGT
2025-12-15,9:32:18.256940765,T,97.14,200,97.45,200,TGT
2025-12-15,9:32:20.254329177,T,97.14,200,97.45,100,TGT
2025-12-15,9:32:25.048200153,T,97.14,300,97.45,100,TGT
2025-12-15,9:32:25.256260833,T,97.14,100,97.45,100,TGT
2025-12-15,9:32:38.928573785,T,97.14,200,97.45,100,TGT
2025-12-15,9:32:38.928598711,T,97.19,100,97.45,100,TGT
2025-12-15,9:32:38.986261151,T,97.11,100,97.45,100,TGT
2025-12-15,9:32:38.986281938,T,97.11,100,97.29,100,TGT
2025-12-15,9:32:38.986541766,T,97.11,100,97.29,200,TGT
2025-12-15,9:32:39.026908015,T,97.11,100,97.27,100,TGT
2025-12-15,9:32:39.027223693,T,97.09,400,97.27,100,TGT
2025-12-15,9:32:39.027228737,T,97.09,300,97.27,100,TGT
2025-12-15,9:32:39.027253756,T,97.09,300,97.27,200,TGT
2025-12-15,9:32:39.027253756,T,97.09,300,97.2,100,TGT
2025-12-15,9:32:39.027474271,T,97.09,300,97.2,200,TGT
2025-12-15,9:32:39.027709899,T,97.09,300,97.2,300,TGT
2025-12-15,9:32:39.027885234,T,97.09,300,97.16,100,TGT
2025-12-15,9:32:39.032055228,T,97.09,300,97.2,300,TGT
2025-12-15,9:32:39.032080263,T,97.09,300,97.2,200,TGT
2025-12-15,9:32:39.055491007,T,97.09,300,97.2,100,TGT
2025-12-15,9:32:39.127267019,T,97.09,300,97.26,100,TGT
2025-12-15,9:32:39.139556348,T,97.09,300,97.27,100,TGT
2025-12-15,9:32:39.139806919,T,97.09,300,97.26,100,TGT
2025-12-15,9:32:41.604413494,T,97.09,300,97.26,200,TGT
2025-12-15,9:32:42.690601264,T,97.09,300,97.26,300,TGT
2025-12-15,9:32:43.071228344,T,97.09,300,97.26,200,TGT
2025-12-15,9:32:43.071248390,T,97.09,300,97.26,300,TGT
2025-12-15,9:32:43.071253133,T,97.09,300,97.25,100,TGT
2025-12-15,9:32:43.071263145,T,97.0,200,97.25,100,TGT
2025-12-15,9:32:43.071263145,T,97.0,100,97.25,100,TGT
2025-12-15,9:32:43.071278197,T,97.0,100,97.26,300,TGT
2025-12-15,9:32:43.071283285,T,97.0,100,97.12,100,TGT
2025-12-15,9:32:43.071303181,T,97.0,100,97.1,100,TGT
2025-12-15,9:32:43.071899582,T,97.0,100,97.09,100,TGT
2025-12-15,9:32:43.071959761,T,97.0,100,97.1,100,TGT
2025-12-15,9:32:43.071984862,T,97.0,100,97.05,100,TGT
2025-12-15,9:32:43.072335823,T,97.0,100,97.07,100,TGT
2025-12-15,9:32:43.072360678,T,97.0,200,97.07,100,TGT
2025-12-15,9:32:43.072516063,T,97.0,100,97.07,100,TGT
2025-12-15,9:32:43.072546170,T,96.91,100,97.07,100,TGT
2025-12-15,9:32:43.072566256,T,96.91,100,97.04,100,TGT
2025-12-15,9:32:43.072846880,T,96.96,200,97.04,100,TGT
2025-12-15,9:32:43.072932118,T,96.96,300,97.04,100,TGT
2025-12-15,9:32:43.106176321,T,96.96,400,97.04,100,TGT
2025-12-15,9:32:43.106196334,T,96.96,200,97.04,100,TGT
2025-12-15,9:32:43.106196334,T,96.96,100,97.04,100,TGT
2025-12-15,9:32:43.106211376,T,96.91,100,97.04,100,TGT
2025-12-15,9:32:43.106221495,T,97.0,200,97.04,100,TGT
2025-12-15,9:32:43.106246463,T,96.91,100,97.04,100,TGT
2025-12-15,9:32:43.106251464,T,96.91,300,97.04,100,TGT
2025-12-15,9:32:43.106261497,T,96.91,300,97.05,100,TGT
2025-12-15,9:32:43.106852946,T,96.95,100,97.05,100,TGT
2025-12-15,9:32:43.106872937,T,96.91,300,97.05,100,TGT
2025-12-15,9:32:43.106882930,T,96.95,100,97.05,100,TGT
2025-12-15,9:32:43.106983209,T,96.91,300,97.05,100,TGT
2025-12-15,9:32:43.107599635,T,96.96,100,97.05,100,TGT
2025-12-15,9:32:43.108597023,T,96.96,100,97.07,100,TGT
2025-12-15,9:32:43.108617470,T,96.99,100,97.07,100,TGT
2025-12-15,9:32:43.108642155,T,96.99,100,97.1,100,TGT
2025-12-15,9:32:43.108672243,T,96.99,100,97.12,100,TGT
2025-12-15,9:32:43.172639595,T,96.99,100,97.25,100,TGT
2025-12-15,9:32:43.194135820,T,96.99,100,97.26,100,TGT
2025-12-15,9:32:47.493192636,T,96.99,100,97.29,100,TGT
2025-12-15,9:32:48.434455091,T,96.99,100,97.32,100,TGT
2025-12-15,9:32:52.159855423,T,96.99,200,97.32,100,TGT
2025-12-15,9:32:52.159885538,T,96.99,100,97.32,100,TGT
2025-12-15,9:32:52.159940705,T,96.99,100,97.38,100,TGT
2025-12-15,9:32:52.160411754,T,96.96,100,97.38,100,TGT
2025-12-15,9:33:00.707850217,T,96.97,100,97.38,100,TGT
2025-12-15,9:33:00.707900285,T,97.0,100,97.38,100,TGT
2025-12-15,9:33:00.707925387,T,96.97,100,97.38,100,TGT
2025-12-15,9:33:00.708216025,T,96.97,200,97.38,100,TGT
2025-12-15,9:33:00.708221130,T,97.0,100,97.38,100,TGT
2025-12-15,9:33:00.708301317,T,97.04,100,97.38,100,TGT
2025-12-15,9:33:00.708376423,T,97.04,100,97.39,100,TGT
2025-12-15,9:33:00.708401479,T,97.04,100,97.44,100,TGT
2025-12-15,9:33:00.708441594,T,97.0,100,97.44,100,TGT
2025-12-15,9:33:00.708576920,T,97.04,100,97.44,100,TGT
2025-12-15,9:33:00.708912686,T,97.04,200,97.44,100,TGT
2025-12-15,9:33:00.708937774,T,97.04,100,97.44,100,TGT
2025-12-15,9:33:00.708972929,T,97.04,200,97.44,100,TGT
2025-12-15,9:33:00.708982869,T,97.05,100,97.44,100,TGT
2025-12-15,9:33:00.709153327,T,97.04,200,97.44,100,TGT
2025-12-15,9:33:00.709418908,T,97.04,100,97.44,100,TGT
2025-12-15,9:33:00.718560679,T,97.0,100,97.44,100,TGT
2025-12-15,9:33:00.736779117,T,97.0,100,97.27,100,TGT
2025-12-15,9:33:00.908438119,T,96.99,100,97.27,100,TGT
2025-12-15,9:33:02.435822037,T,96.96,100,97.27,100,TGT
2025-12-15,9:33:07.762421794,T,96.97,200,97.27,100,TGT
2025-12-15,9:33:08.416510211,T,96.99,100,97.27,100,TGT
2025-12-15,9:33:08.416961257,T,96.97,200,97.27,100,TGT
2025-12-15,9:33:08.417226982,T,96.97,200,97.29,100,TGT
2025-12-15,9:33:08.417246995,T,96.97,200,97.44,100,TGT
2025-12-15,9:33:08.417252031,T,97.04,100,97.44,100,TGT
2025-12-15,9:33:08.417262055,T,97.05,100,97.44,100,TGT
2025-12-15,9:33:08.417266986,T,97.18,100,97.44,100,TGT
2025-12-15,9:33:08.517355450,T,96.99,100,97.44,100,TGT
2025-12-15,9:33:08.521500351,T,96.99,100,97.27,100,TGT
2025-12-15,9:33:08.619634129,T,96.97,200,97.27,100,TGT
2025-12-15,9:33:23.331859387,T,96.99,100,97.27,100,TGT
2025-12-15,9:33:23.331894551,T,97.08,100,97.27,100,TGT
2025-12-15,9:33:24.858286172,T,97.08,100,97.26,100,TGT
2025-12-15,9:33:24.858476342,T,97.08,100,97.27,100,TGT
2025-12-15,9:33:24.858501376,T,97.08,100,97.26,100,TGT
2025-12-15,9:33:24.867778397,T,97.08,200,97.26,100,TGT
2025-12-15,9:33:27.811922637,T,97.08,200,97.27,100,TGT
2025-12-15,9:33:34.017060857,T,97.09,100,97.27,100,TGT
2025-12-15,9:33:34.017090962,T,97.1,100,97.27,100,TGT
2025-12-15,9:33:34.017105997,T,97.1,100,97.29,100,TGT
2025-12-15,9:33:34.017125958,T,97.1,100,97.39,100,TGT
2025-12-15,9:33:34.017146204,T,97.16,100,97.39,100,TGT
2025-12-15,9:33:34.017151060,T,97.17,100,97.39,100,TGT
2025-12-15,9:33:34.017171053,T,97.16,100,97.39,100,TGT
2025-12-15,9:33:34.017176162,T,97.16,100,97.49,200,TGT
2025-12-15,9:33:34.017366557,T,97.17,100,97.49,200,TGT
2025-12-15,9:33:34.017376574,T,97.16,100,97.49,200,TGT
2025-12-15,9:33:34.017431673,T,97.17,100,97.49,200,TGT
2025-12-15,9:33:34.017531914,T,97.16,100,97.49,200,TGT
2025-12-15,9:33:34.017742495,T,97.16,100,97.39,100,TGT
2025-12-15,9:33:34.018023188,T,97.18,100,97.39,100,TGT
2025-12-15,9:33:34.018063233,T,97.16,100,97.39,100,TGT
2025-12-15,9:33:34.018083491,T,97.16,100,97.49,200,TGT
2025-12-15,9:33:34.018083491,T,97.16,100,97.33,100,TGT
2025-12-15,9:33:34.018089060,T,97.1,100,97.33,100,TGT
2025-12-15,9:33:34.018108466,T,97.1,100,97.27,100,TGT
2025-12-15,9:33:34.027330388,T,97.09,200,97.27,100,TGT
2025-12-15,9:33:34.027330388,T,97.09,100,97.27,100,TGT
2025-12-15,9:33:34.029194731,T,97.08,100,97.27,100,TGT
2025-12-15,9:33:34.029234807,T,97.19,100,97.27,100,TGT
2025-12-15,9:33:34.052931358,T,97.19,100,97.33,100,TGT
2025-12-15,9:33:34.052971382,T,97.19,100,97.49,200,TGT
2025-12-15,9:33:36.861702889,T,97.09,100,97.49,200,TGT
2025-12-15,9:33:36.861737961,T,97.22,100,97.49,200,TGT
2025-12-15,9:33:37.236911689,T,97.22,100,97.44,100,TGT
2025-12-15,9:33:39.892398042,T,97.22,100,97.44,200,TGT
2025-12-15,9:33:39.896462803,T,97.22,100,97.43,100,TGT
2025-12-15,9:33:45.457621534,T,97.22,400,97.43,100,TGT
2025-12-15,9:34:00.660550762,T,97.22,400,97.43,200,TGT
2025-12-15,9:34:00.660756223,T,97.22,400,97.43,300,TGT
2025-12-15,9:34:02.010867729,T,97.22,300,97.43,300,TGT
2025-12-15,9:34:02.010902730,T,97.27,100,97.43,300,TGT
2025-12-15,9:34:03.276362566,T,97.27,400,97.43,300,TGT
2025-12-15,9:34:03.915515442,T,97.27,400,97.43,200,TGT
2025-12-15,9:34:10.742770829,T,97.27,400,97.35,100,TGT
2025-12-15,9:34:10.742800875,T,97.27,300,97.35,100,TGT
2025-12-15,9:34:10.742826065,T,97.22,300,97.35,100,TGT
2025-12-15,9:34:10.742845962,T,97.22,300,97.29,100,TGT
2025-12-15,9:34:10.743307094,T,97.22,400,97.29,100,TGT
2025-12-15,9:34:10.743868371,T,97.22,400,97.31,100,TGT
2025-12-15,9:34:10.750278701,T,97.22,400,97.35,200,TGT
2025-12-15,9:34:10.752218326,T,97.22,500,97.35,200,TGT
2025-12-15,9:34:10.768146211,T,97.22,500,97.35,100,TGT
2025-12-15,9:34:12.046251605,T,97.22,400,97.35,100,TGT
2025-12-15,9:34:12.046316297,T,97.22,200,97.35,100,TGT
2025-12-15,9:34:12.046316297,T,97.22,100,97.35,100,TGT
2025-12-15,9:34:12.046366510,T,97.12,200,97.35,100,TGT
2025-12-15,9:34:12.046396440,T,97.12,200,97.3,100,TGT
2025-12-15,9:34:12.046456595,T,97.12,200,97.3,200,TGT
2025-12-15,9:34:12.046476653,T,97.12,200,97.3,100,TGT
2025-12-15,9:34:12.046662085,T,97.09,100,97.3,100,TGT
2025-12-15,9:34:12.046732254,T,97.09,100,97.25,100,TGT
2025-12-15,9:34:12.046747244,T,97.09,100,97.28,100,TGT
2025-12-15,9:34:12.046867513,T,97.08,100,97.28,100,TGT
2025-12-15,9:34:12.046947718,T,97.08,100,97.3,100,TGT
2025-12-15,9:34:12.047007922,T,97.1,100,97.3,100,TGT
2025-12-15,9:34:12.051258032,T,97.1,100,97.32,100,TGT
2025-12-15,9:34:12.054601019,T,97.1,200,97.32,100,TGT
2025-12-15,9:34:12.058369993,T,97.1,200,97.35,100,TGT
2025-12-15,9:34:20.707706117,T,97.1,200,97.29,100,TGT
2025-12-15,9:34:28.673328268,T,97.1,200,97.35,100,TGT
2025-12-15,9:34:29.728853088,T,97.1,100,97.35,100,TGT
2025-12-15,9:34:29.728878157,T,97.11,100,97.35,100,TGT
2025-12-15,9:34:29.732186346,T,97.11,200,97.35,100,TGT
2025-12-15,9:34:40.738918470,T,97.11,100,97.35,100,TGT
2025-12-15,9:34:40.738923079,T,97.08,100,97.35,100,TGT
2025-12-15,9:34:40.738943181,T,97.08,100,97.2,100,TGT
2025-12-15,9:34:40.738943181,T,97.08,100,97.14,100,TGT
2025-12-15,9:34:40.739218821,T,97.0,100,97.14,100,TGT
2025-12-15,9:34:40.739278986,T,96.96,300,97.14,100,TGT
2025-12-15,9:34:40.740000629,T,96.96,300,97.19,100,TGT
2025-12-15,9:34:40.740110995,T,97.08,100,97.19,100,TGT
2025-12-15,9:34:40.745774399,T,97.08,100,97.2,100,TGT
2025-12-15,9:34:40.748731399,T,97.09,100,97.2,100,TGT
2025-12-15,9:34:40.748791558,T,97.1,100,97.2,100,TGT
2025-12-15,9:34:40.754480096,T,97.1,100,97.35,100,TGT
2025-12-15,9:34:40.754485123,T,97.09,100,97.35,100,TGT
2025-12-15,9:34:40.756770597,T,97.08,100,97.35,100,TGT
2025-12-15,9:34:40.756805627,T,97.1,100,97.35,100,TGT
2025-12-15,9:34:47.330236204,T,97.08,100,97.35,100,TGT
2025-12-15,9:34:47.330271273,T,97.11,100,97.35,100,TGT
2025-12-15,9:34:47.335593941,T,97.11,100,97.2,100,TGT
2025-12-15,9:34:48.716243068,T,97.11,100,97.25,100,TGT
2025-12-15,9:34:49.853983574,T,97.11,200,97.25,100,TGT
2025-12-15,9:34:49.854003548,T,97.11,100,97.25,100,TGT
2025-12-15,9:34:50.415942374,T,97.11,100,97.19,100,TGT
2025-12-15,9:34:50.417325599,T,97.11,100,97.2,100,TGT
2025-12-15,9:34:50.417360755,T,97.11,100,97.25,100,TGT
2025-12-15,9:34:50.434351217,T,97.11,100,97.35,200,TGT
2025-12-15,9:34:50.466217142,T,97.11,100,97.25,100,TGT
2025-12-15,9:34:50.466217142,T,97.11,100,97.2,100,TGT
2025-12-15,9:34:50.482285421,T,97.11,100,97.2,200,TGT
2025-12-15,9:34:50.483483228,T,97.11,100,97.2,100,TGT
2025-12-15,9:34:50.533412268,T,97.11,100,97.25,100,TGT
2025-12-15,9:34:50.839546589,T,97.13,100,97.25,100,TGT
2025-12-15,9:34:50.843225320,T,97.13,200,97.25,100,TGT
2025-12-15,9:34:50.845074752,T,97.13,200,97.35,200,TGT
2025-12-15,9:34:50.845089806,T,97.14,100,97.35,200,TGT
2025-12-15,9:34:50.845255158,T,97.14,100,97.35,100,TGT
2025-12-15,9:34:50.845275224,T,97.15,100,97.35,100,TGT
2025-12-15,9:34:50.846463004,T,97.14,100,97.35,100,TGT
2025-12-15,9:34:50.846463004,T,97.13,200,97.35,100,TGT
2025-12-15,9:34:50.860396185,T,97.13,300,97.35,100,TGT
2025-12-15,9:34:50.860396185,T,97.14,100,97.35,100,TGT
2025-12-15,9:34:50.860396185,T,97.15,100,97.35,100,TGT
2025-12-15,9:34:50.860611831,T,97.16,100,97.35,100,TGT
2025-12-15,9:34:50.860616737,T,97.19,100,97.35,100,TGT
2025-12-15,9:34:50.860712040,T,97.18,100,97.35,100,TGT
2025-12-15,9:34:50.860777144,T,97.16,100,97.35,100,TGT
2025-12-15,9:34:50.867407970,T,97.15,200,97.35,100,TGT
2025-12-15,9:34:50.870785964,T,97.15,100,97.35,100,TGT
2025-12-15,9:34:52.181814474,T,97.15,100,97.35,300,TGT
2025-12-15,9:34:54.112539194,T,97.08,100,97.35,300,TGT
2025-12-15,9:34:54.112574231,T,97.21,100,97.35,300,TGT
2025-12-15,9:34:54.585310525,T,97.21,100,97.35,100,TGT
2025-12-15,9:34:57.489714777,T,97.08,100,97.35,100,TGT
2025-12-15,9:34:57.489754855,T,97.23,100,97.35,100,TGT
2025-12-15,9:35:00.162366978,T,97.24,100,97.35,100,TGT
2025-12-15,9:35:00.162387259,T,97.25,100,97.35,100,TGT
2025-12-15,9:35:00.162392150,T,97.24,100,97.35,100,TGT
2025-12-15,9:35:00.162707750,T,97.25,100,97.35,100,TGT
2025-12-15,9:35:00.162833082,T,97.25,100,97.39,200,TGT
2025-12-15,9:35:00.162983526,T,97.29,100,97.39,200,TGT
2025-12-15,9:35:00.162988369,T,97.3,100,97.39,200,TGT
2025-12-15,9:35:00.163013454,T,97.25,100,97.39,200,TGT
2025-12-15,9:35:00.170180539,T,97.24,200,97.39,200,TGT
2025-12-15,9:35:00.172726658,T,97.24,100,97.39,200,TGT
2025-12-15,9:35:00.205359494,T,97.25,100,97.39,200,TGT
2025-12-15,9:35:01.543086697,T,97.25,100,97.39,100,TGT
2025-12-15,9:35:01.543086697,T,97.25,100,97.43,100,TGT
2025-12-15,9:35:01.543091564,T,97.25,200,97.43,100,TGT
2025-12-15,9:35:01.543101540,T,97.26,100,97.43,100,TGT
2025-12-15,9:35:01.543106881,T,97.36,100,97.43,100,TGT
2025-12-15,9:35:01.544119005,T,97.32,100,97.43,100,TGT
2025-12-15,9:35:01.548960521,T,97.27,100,97.43,100,TGT
2025-12-15,9:35:01.550158366,T,97.28,100,97.43,100,TGT
2025-12-15,9:35:01.552659265,T,97.27,100,97.43,100,TGT
2025-12-15,9:35:01.553080288,T,97.26,200,97.43,100,TGT
2025-12-15,9:35:01.553130482,T,97.26,100,97.43,100,TGT
2025-12-15,9:35:01.554829499,T,97.25,100,97.43,100,TGT
2025-12-15,9:35:01.554864617,T,97.28,100,97.43,100,TGT
2025-12-15,9:35:01.554894648,T,97.28,200,97.43,100,TGT
2025-12-15,9:35:01.556027347,T,97.28,100,97.43,100,TGT
2025-12-15,9:35:01.574621613,T,97.28,200,97.43,100,TGT
2025-12-15,9:35:01.610852938,T,97.28,100,97.43,100,TGT
2025-12-15,9:35:02.314018366,T,97.29,100,97.43,100,TGT
2025-12-15,9:35:02.338075679,T,97.29,200,97.43,100,TGT
2025-12-15,9:35:05.368089052,T,97.29,100,97.43,100,TGT
2025-12-15,9:35:06.163809746,T,97.29,100,97.43,200,TGT
2025-12-15,9:35:06.163819803,T,97.29,100,97.43,100,TGT
2025-12-15,9:35:06.163824758,T,97.29,100,97.41,100,TGT
2025-12-15,9:35:06.163844869,T,97.25,100,97.41,100,TGT
2025-12-15,9:35:06.163869868,T,97.25,100,97.35,100,TGT
2025-12-15,9:35:06.164120517,T,97.25,100,97.41,100,TGT
2025-12-15,9:35:06.164606641,T,97.13,100,97.41,100,TGT
2025-12-15,9:35:06.164626734,T,97.13,100,97.41,200,TGT
2025-12-15,9:35:06.171658448,T,97.13,100,97.41,100,TGT
2025-12-15,9:35:06.173217209,T,97.25,100,97.41,100,TGT
2025-12-15,9:35:06.173257316,T,97.28,100,97.41,100,TGT
2025-12-15,9:35:06.173813615,T,97.13,100,97.41,100,TGT
2025-12-15,9:35:06.174264716,T,97.13,100,97.43,100,TGT
2025-12-15,9:35:06.192944140,T,97.22,100,97.43,100,TGT
2025-12-15,9:35:06.284381987,T,97.13,100,97.43,100,TGT
2025-12-15,9:35:07.525163042,T,97.26,100,97.43,100,TGT
2025-12-15,9:35:20.800981292,T,97.23,100,97.43,100,TGT
2025-12-15,9:35:22.267469916,T,97.13,100,97.43,100,TGT
2025-12-15,9:35:22.358025659,T,97.28,100,97.43,100,TGT
2025-12-15,9:35:23.423363993,T,97.13,100,97.43,100,TGT
2025-12-15,9:35:23.423388790,T,97.13,100,97.35,100,TGT
2025-12-15,9:35:23.423719611,T,97.13,100,97.35,200,TGT
2025-12-15,9:35:23.424180643,T,97.13,100,97.35,300,TGT
2025-12-15,9:35:23.424311003,T,97.13,100,97.35,400,TGT
2025-12-15,9:35:23.430430613,T,97.13,100,97.35,300,TGT
2025-12-15,9:35:23.431878971,T,97.13,100,97.35,200,TGT
2025-12-15,9:35:23.435552750,T,97.1,200,97.35,200,TGT
2025-12-15,9:35:23.435572852,T,97.1,200,97.3,100,TGT
2025-12-15,9:35:23.436074009,T,97.1,200,97.3,200,TGT
2025-12-15,9:35:23.535591069,T,97.1,200,97.3,100,TGT
2025-12-15,9:35:24.467075499,T,97.24,200,97.3,100,TGT
2025-12-15,9:35:24.467105396,T,97.1,200,97.3,100,TGT
2025-12-15,9:35:24.637466265,T,97.1,200,97.36,100,TGT
2025-12-15,9:35:24.646878700,T,97.1,200,97.43,200,TGT
2025-12-15,9:35:24.811160099,T,97.1,200,97.43,100,TGT
2025-12-15,9:35:25.200572725,T,97.1,200,97.35,100,TGT
2025-12-15,9:35:25.200577764,T,97.1,200,97.35,200,TGT
2025-12-15,9:35:25.200627966,T,97.1,200,97.35,100,TGT
2025-12-15,9:35:25.200783337,T,97.1,200,97.35,200,TGT
2025-12-15,9:35:25.209539159,T,97.1,200,97.35,100,TGT
2025-12-15,9:35:26.328550028,T,97.1,200,97.28,100,TGT
2025-12-15,9:35:26.328620185,T,97.1,200,97.27,100,TGT
2025-12-15,9:35:26.328710405,T,97.1,200,97.21,100,TGT
2025-12-15,9:35:26.328725546,T,97.1,200,97.27,100,TGT
2025-12-15,9:35:26.328850740,T,97.08,100,97.27,100,TGT
2025-12-15,9:35:26.328885815,T,97.08,100,97.21,100,TGT
2025-12-15,9:35:26.328890882,T,97.08,100,97.18,100,TGT
2025-12-15,9:35:26.328906157,T,97.08,100,97.21,100,TGT
2025-12-15,9:35:26.328910868,T,97.08,100,97.27,200,TGT
2025-12-15,9:35:26.329096283,T,97.08,100,97.21,100,TGT
2025-12-15,9:35:26.329101642,T,97.08,100,97.21,200,TGT
2025-12-15,9:35:26.329522336,T,97.08,100,97.21,100,TGT
2025-12-15,9:35:26.329652614,T,97.08,100,97.21,200,TGT
2025-12-15,9:35:26.329717838,T,97.08,100,97.21,100,TGT
2025-12-15,9:35:26.329918329,T,97.07,100,97.21,100,TGT
2025-12-15,9:35:26.333637139,T,97.07,100,97.21,200,TGT
2025-12-15,9:35:26.339275540,T,97.07,100,97.21,100,TGT
2025-12-15,9:35:26.339501098,T,97.03,300,97.21,100,TGT
2025-12-15,9:35:26.339581334,T,97.03,300,97.21,200,TGT
2025-12-15,9:35:26.437730678,T,97.08,100,97.21,200,TGT
2025-12-15,9:35:26.995148111,T,97.12,100,97.21,200,TGT
2025-12-15,9:35:26.995363669,T,97.12,100,97.21,100,TGT
2025-12-15,9:35:31.945531981,T,97.12,200,97.21,100,TGT
2025-12-15,9:35:33.849788565,T,97.12,200,97.4,200,TGT
2025-12-15,9:35:34.106284719,T,97.12,200,97.36,100,TGT
2025-12-15,9:35:34.746996071,T,97.12,100,97.36,100,TGT
2025-12-15,9:35:34.746996071,T,97.08,100,97.36,100,TGT
2025-12-15,9:35:34.747001106,T,97.03,300,97.36,100,TGT
2025-12-15,9:35:34.747016136,T,97.03,300,97.32,100,TGT
2025-12-15,9:35:34.747016136,T,97.03,300,97.14,100,TGT
2025-12-15,9:35:34.747457104,T,97.08,100,97.14,100,TGT
2025-12-15,9:35:34.748103720,T,97.08,100,97.17,100,TGT
2025-12-15,9:35:34.749075955,T,97.03,300,97.17,100,TGT
2025-12-15,9:35:34.749096175,T,97.03,300,97.16,100,TGT
2025-12-15,9:35:34.749111127,T,97.03,300,97.14,100,TGT
2025-12-15,9:35:34.749256442,T,97.08,100,97.14,100,TGT
2025-12-15,9:35:34.749321535,T,97.03,300,97.14,100,TGT
2025-12-15,9:35:34.749371664,T,97.03,300,97.15,100,TGT
2025-12-15,9:35:34.749406944,T,97.08,100,97.15,100,TGT
2025-12-15,9:35:34.749517100,T,97.08,100,97.16,100,TGT
2025-12-15,9:35:34.749527185,T,97.03,300,97.16,100,TGT
2025-12-15,9:35:34.749537147,T,97.08,100,97.16,100,TGT
2025-12-15,9:35:34.749582150,T,97.08,100,97.14,100,TGT
2025-12-15,9:35:34.749622308,T,97.03,300,97.14,100,TGT
2025-12-15,9:35:34.749782697,T,97.08,100,97.14,100,TGT
2025-12-15,9:35:34.751727261,T,97.1,100,97.14,100,TGT
2025-12-15,9:35:34.751757385,T,97.1,100,97.17,100,TGT
2025-12-15,9:35:34.847074483,T,97.1,100,97.2,100,TGT
2025-12-15,9:35:36.232480373,T,97.1,100,97.21,100,TGT
2025-12-15,9:35:36.248884330,T,97.1,100,97.36,200,TGT
2025-12-15,9:35:36.249039688,T,97.1,100,97.36,100,TGT
2025-12-15,9:35:37.034330534,T,97.08,100,97.36,100,TGT
2025-12-15,9:35:37.887317500,T,97.12,100,97.36,100,TGT
2025-12-15,9:35:39.734352906,T,97.08,100,97.36,100,TGT
2025-12-15,9:35:41.689435754,T,96.98,100,97.36,100,TGT
2025-12-15,9:35:41.689470849,T,96.98,100,97.36,200,TGT
2025-12-15,9:35:41.689470849,T,96.98,100,97.29,100,TGT
2025-12-15,9:35:41.689475768,T,96.98,100,97.19,100,TGT
2025-12-15,9:35:41.689480934,T,96.98,100,97.2,100,TGT
2025-12-15,9:35:41.689485831,T,96.98,100,97.15,100,TGT
2025-12-15,9:35:41.689495859,T,96.98,100,97.2,100,TGT
2025-12-15,9:35:41.689570986,T,96.98,100,97.36,200,TGT
2025-12-15,9:35:41.689696351,T,96.98,100,97.35,100,TGT
2025-12-15,9:35:41.689706301,T,96.98,100,97.36,200,TGT
2025-12-15,9:35:41.689721433,T,96.98,100,97.36,100,TGT
2025-12-15,9:35:41.981401349,T,97.1,100,97.36,100,TGT
2025-12-15,9:35:43.636223654,T,97.1,100,97.36,300,TGT
2025-12-15,9:35:45.797327211,T,97.1,200,97.36,300,TGT
2025-12-15,9:35:53.295560792,T,97.1,300,97.36,300,TGT
2025-12-15,9:35:53.295585786,T,97.1,200,97.36,300,TGT
2025-12-15,9:35:53.469409906,T,97.11,100,97.36,300,TGT
2025-12-15,9:35:56.028627024,T,97.14,100,97.36,300,TGT
2025-12-15,9:35:56.032010062,T,97.14,200,97.36,300,TGT
2025-12-15,9:35:57.364775309,T,97.14,100,97.36,300,TGT
2025-12-15,9:35:57.364780375,T,97.08,100,97.36,300,TGT
2025-12-15,9:35:57.364780375,T,96.98,100,97.36,300,TGT
2025-12-15,9:35:57.364800358,T,96.98,100,97.16,100,TGT
2025-12-15,9:35:57.365837910,T,96.98,100,97.18,100,TGT
2025-12-15,9:35:57.372764381,T,97.08,100,97.18,100,TGT
2025-12-15,9:35:57.372784403,T,97.08,100,97.36,300,TGT
2025-12-15,9:35:58.958296716,T,97.1,100,97.36,300,TGT
2025-12-15,9:35:58.958351838,T,97.08,100,97.36,300,TGT
2025-12-15,9:35:58.958452115,T,97.1,100,97.36,300,TGT
2025-12-15,9:35:58.958457098,T,97.08,100,97.36,300,TGT
2025-12-15,9:36:00.186738526,T,97.11,100,97.36,300,TGT
2025-12-15,9:36:05.416778252,T,97.08,100,97.36,300,TGT
2025-12-15,9:36:05.416778252,T,96.98,100,97.36,300,TGT
2025-12-15,9:36:05.416798330,T,96.98,100,97.16,100,TGT
2025-12-15,9:36:05.425038025,T,97.08,100,97.16,100,TGT
2025-12-15,9:36:05.517017216,T,97.08,100,97.22,100,TGT
2025-12-15,9:36:05.517994447,T,97.08,100,97.29,100,TGT
2025-12-15,9:36:05.616814848,T,97.08,100,97.32,100,TGT
2025-12-15,9:36:06.575143041,T,97.08,100,97.35,100,TGT
2025-12-15,9:36:09.584472611,T,97.09,100,97.35,100,TGT
2025-12-15,9:36:15.685226654,T,97.1,100,97.35,100,TGT
2025-12-15,9:36:15.814990861,T,97.09,100,97.35,100,TGT
2025-12-15,9:36:15.814990861,T,97.08,100,97.35,100,TGT
2025-12-15,9:36:15.815010914,T,97.08,100,97.32,100,TGT
2025-12-15,9:36:15.815010914,T,97.08,100,97.13,100,TGT
2025-12-15,9:36:15.815361774,T,96.98,100,97.13,100,TGT
2025-12-15,9:36:15.815682655,T,96.98,100,97.11,100,TGT
2025-12-15,9:36:15.815697565,T,96.96,300,97.11,100,TGT
2025-12-15,9:36:15.816073466,T,97.08,100,97.11,100,TGT
2025-12-15,9:36:15.816098749,T,96.96,300,97.11,100,TGT
2025-12-15,9:36:15.816238826,T,96.96,300,97.13,100,TGT
2025-12-15,9:36:15.816790113,T,96.96,300,97.11,100,TGT
2025-12-15,9:36:15.817346454,T,96.96,300,97.12,100,TGT
2025-12-15,9:36:15.823586300,T,96.96,300,97.13,100,TGT
2025-12-15,9:36:15.823611371,T,96.96,300,97.32,100,TGT
2025-12-15,9:36:15.865606415,T,96.96,300,97.35,100,TGT
2025-12-15,9:36:16.468222077,T,96.96,300,97.3,200,TGT
2025-12-15,9:36:18.584664359,T,97.09,100,97.3,200,TGT
2025-12-15,9:36:18.584689311,T,96.96,300,97.3,200,TGT
2025-12-15,9:36:18.584714430,T,96.96,300,97.3,300,TGT
2025-12-15,9:36:18.584714430,T,96.96,300,97.11,100,TGT
2025-12-15,9:36:18.585270736,T,96.96,300,97.3,300,TGT
2025-12-15,9:36:18.587180351,T,96.96,300,97.22,100,TGT
2025-12-15,9:36:18.587190332,T,96.96,300,97.11,100,TGT
2025-12-15,9:36:18.587751658,T,96.96,300,97.3,300,TGT
2025-12-15,9:36:18.692721738,T,97.08,100,97.3,300,TGT
2025-12-15,9:36:18.692741794,T,97.08,100,97.3,200,TGT
2025-12-15,9:36:18.692751798,T,96.96,300,97.3,200,TGT
2025-12-15,9:36:18.692772242,T,96.96,300,97.3,300,TGT
2025-12-15,9:36:18.692772242,T,96.96,300,97.14,100,TGT
2025-12-15,9:36:18.694064911,T,96.96,300,97.3,300,TGT
2025-12-15,9:36:18.771464339,T,96.96,300,97.3,200,TGT
2025-12-15,9:36:18.784254849,T,97.08,100,97.3,200,TGT
2025-12-15,9:36:19.501368196,T,97.09,100,97.3,200,TGT
2025-12-15,9:36:19.508565362,T,97.08,100,97.3,200,TGT
2025-12-15,9:36:19.582125617,T,96.96,300,97.3,200,TGT
2025-12-15,9:36:19.582165712,T,97.08,100,97.3,200,TGT
2025-12-15,9:36:20.657557844,T,97.12,100,97.3,200,TGT
2025-12-15,9:36:20.660860622,T,97.08,100,97.3,200,TGT
2025-12-15,9:36:20.660895747,T,97.13,100,97.3,200,TGT
2025-12-15,9:36:20.678116817,T,97.08,100,97.3,200,TGT
2025-12-15,9:36:21.489740390,T,97.14,200,97.3,200,TGT
2025-12-15,9:36:21.489805531,T,97.15,100,97.3,200,TGT
2025-12-15,9:36:21.490311762,T,97.14,200,97.3,200,TGT
2025-12-15,9:36:21.490311762,T,97.14,200,97.3,300,TGT
2025-12-15,9:36:21.490332159,T,97.14,200,97.3,200,TGT
2025-12-15,9:36:21.490341757,T,97.14,200,97.3,300,TGT
2025-12-15,9:36:21.490346817,T,97.14,200,97.24,100,TGT
2025-12-15,9:36:21.490361835,T,97.14,200,97.3,200,TGT
2025-12-15,9:36:21.490382000,T,97.14,200,97.3,300,TGT
2025-12-15,9:36:21.490382000,T,97.14,200,97.3,200,TGT
2025-12-15,9:36:21.490417044,T,97.14,200,97.3,300,TGT
2025-12-15,9:36:21.490522221,T,97.14,200,97.3,400,TGT
2025-12-15,9:36:21.490553285,T,97.14,200,97.3,300,TGT
2025-12-15,9:36:21.502320384,T,97.14,200,97.3,200,TGT
2025-12-15,9:36:21.538601829,T,97.14,200,97.3,300,TGT
2025-12-15,9:36:22.575737695,T,97.14,300,97.3,300,TGT
2025-12-15,9:36:24.364774876,T,97.14,200,97.3,300,TGT
2025-12-15,9:36:24.364809905,T,97.14,300,97.3,300,TGT
2025-12-15,9:36:26.135904396,T,97.14,100,97.3,300,TGT
2025-12-15,9:36:27.091952093,T,97.16,100,97.3,300,TGT
2025-12-15,9:36:27.287518123,T,97.16,100,97.3,200,TGT
2025-12-15,9:36:33.015614468,T,97.14,100,97.3,200,TGT
2025-12-15,9:36:33.015614468,T,97.08,100,97.3,200,TGT
2025-12-15,9:36:33.015634491,T,97.08,100,97.19,100,TGT
2025-12-15,9:36:33.015639567,T,97.08,100,97.19,200,TGT
2025-12-15,9:36:33.016020663,T,97.08,100,97.19,300,TGT
2025-12-15,9:36:33.016055623,T,97.08,100,97.19,200,TGT
2025-12-15,9:36:33.016190852,T,97.08,100,97.19,100,TGT
2025-12-15,9:36:33.016371269,T,97.08,100,97.19,200,TGT
2025-12-15,9:36:33.016391320,T,97.08,100,97.19,100,TGT
2025-12-15,9:36:33.016411550,T,97.08,100,97.19,200,TGT
2025-12-15,9:36:33.016556714,T,97.08,100,97.19,100,TGT
2025-12-15,9:36:33.016571820,T,97.01,300,97.19,100,TGT
2025-12-15,9:36:33.016591843,T,97.01,300,97.18,100,TGT
2025-12-15,9:36:33.016626954,T,97.01,300,97.18,200,TGT
2025-12-15,9:36:33.021002322,T,97.1,100,97.18,200,TGT
2025-12-15,9:36:33.030169172,T,97.1,100,97.18,100,TGT
2025-12-15,9:36:33.030194250,T,97.11,100,97.18,100,TGT
2025-12-15,9:36:33.030204257,T,97.11,100,97.19,200,TGT
2025-12-15,9:36:33.030219260,T,97.1,100,97.19,200,TGT
2025-12-15,9:36:33.030229327,T,97.1,100,97.19,100,TGT
2025-12-15,9:36:33.030244325,T,97.11,100,97.19,100,TGT
2025-12-15,9:36:33.030244325,T,97.1,100,97.19,100,TGT
2025-12-15,9:36:33.030279457,T,97.1,200,97.19,100,TGT
2025-12-15,9:36:33.037231048,T,97.1,100,97.19,100,TGT
2025-12-15,9:36:33.115898395,T,97.1,100,97.2,100,TGT
2025-12-15,9:36:33.115923497,T,97.1,100,97.21,100,TGT
2025-12-15,9:36:33.215746295,T,97.1,100,97.3,300,TGT
2025-12-15,9:36:33.225178867,T,97.1,100,97.3,200,TGT
2025-12-15,9:36:33.724313007,T,97.1,100,97.21,100,TGT
2025-12-15,9:36:33.957042464,T,97.08,100,97.21,100,TGT
2025-12-15,9:36:35.064099846,T,97.11,200,97.21,100,TGT
2025-12-15,9:36:37.644878304,T,97.12,300,97.21,100,TGT
2025-12-15,9:36:42.749003221,T,97.12,300,97.2,100,TGT
2025-12-15,9:36:42.749013537,T,97.12,100,97.2,100,TGT
2025-12-15,9:36:42.749033227,T,97.11,200,97.2,100,TGT
2025-12-15,9:36:42.749053415,T,97.11,200,97.14,100,TGT
2025-12-15,9:36:42.749374099,T,97.11,100,97.14,100,TGT
2025-12-15,9:36:42.749609776,T,97.11,100,97.2,100,TGT
2025-12-15,9:36:42.749639670,T,97.01,300,97.2,100,TGT
2025-12-15,9:36:42.749659877,T,97.01,300,97.13,100,TGT
2025-12-15,9:36:42.749659877,T,97.01,300,97.13,200,TGT
2025-12-15,9:36:42.750035628,T,97.01,200,97.13,200,TGT
2025-12-15,9:36:42.750216069,T,97.01,200,97.13,100,TGT
2025-12-15,9:36:42.750707245,T,97.01,200,97.2,100,TGT
2025-12-15,9:36:42.753699381,T,97.01,200,97.21,100,TGT
2025-12-15,9:36:42.753719504,T,97.01,300,97.21,100,TGT
2025-12-15,9:36:42.753724439,T,97.01,200,97.21,100,TGT
2025-12-15,9:36:42.753744528,T,97.01,200,97.2,100,TGT
2025-12-15,9:36:42.781580830,T,97.09,100,97.2,100,TGT
2025-12-15,9:36:43.184921759,T,97.08,100,97.2,100,TGT
2025-12-15,9:36:43.185077131,T,97.01,300,97.2,100,TGT
2025-12-15,9:36:43.185082074,T,97.01,200,97.2,100,TGT
2025-12-15,9:36:43.185102210,T,97.01,200,97.15,100,TGT
2025-12-15,9:36:43.185122250,T,97.01,200,97.2,100,TGT
2025-12-15,9:36:43.185352714,T,97.08,100,97.2,100,TGT
2025-12-15,9:36:43.185387786,T,97.08,200,97.2,100,TGT
2025-12-15,9:36:43.185407874,T,97.08,200,97.11,100,TGT
2025-12-15,9:36:43.185969228,T,97.08,200,97.2,100,TGT
2025-12-15,9:36:43.188400015,T,97.09,100,97.2,100,TGT
2025-12-15,9:36:43.188425396,T,97.09,200,97.2,100,TGT
2025-12-15,9:36:43.188430072,T,97.09,100,97.2,100,TGT
2025-12-15,9:36:43.188450105,T,97.09,100,97.12,100,TGT
2025-12-15,9:36:43.188450105,T,97.08,100,97.12,100,TGT
2025-12-15,9:36:43.188470235,T,97.01,200,97.12,100,TGT
2025-12-15,9:36:43.368809911,T,97.01,200,97.2,100,TGT
2025-12-15,9:36:46.476689219,T,97.01,200,97.2,200,TGT
2025-12-15,9:36:50.931361840,T,97.01,200,97.2,100,TGT
2025-12-15,9:36:51.134575868,T,97.08,100,97.2,100,TGT
2025-12-15,9:36:53.929228834,T,97.08,100,97.2,200,TGT
2025-12-15,9:36:54.073903492,T,97.08,100,97.2,100,TGT
2025-12-15,9:36:54.074304500,T,97.08,100,97.19,100,TGT
2025-12-15,9:36:54.074344606,T,97.08,100,97.2,100,TGT
2025-12-15,9:36:54.114901227,T,97.09,100,97.2,100,TGT
2025-12-15,9:36:54.758629809,T,97.09,100,97.21,100,TGT
2025-12-15,9:36:54.765691651,T,97.08,100,97.21,100,TGT
2025-12-15,9:36:54.836319874,T,97.1,100,97.21,100,TGT
2025-12-15,9:36:54.836395090,T,97.12,100,97.21,100,TGT
2025-12-15,9:36:54.837086659,T,97.1,100,97.21,100,TGT
2025-12-15,9:36:54.837232021,T,97.12,100,97.21,100,TGT
2025-12-15,9:36:54.837828436,T,97.1,100,97.21,100,TGT
2025-12-15,9:36:54.837998858,T,97.12,100,97.21,100,TGT
2025-12-15,9:36:54.838570261,T,97.1,100,97.21,100,TGT
2025-12-15,9:36:54.838770744,T,97.12,100,97.21,100,TGT
2025-12-15,9:36:54.839312049,T,97.1,100,97.21,100,TGT
2025-12-15,9:36:54.839537511,T,97.12,100,97.21,100,TGT
2025-12-15,9:36:54.839978644,T,97.1,100,97.21,100,TGT
2025-12-15,9:36:54.840083861,T,97.12,100,97.21,100,TGT
2025-12-15,9:36:54.840730362,T,97.1,100,97.21,100,TGT
2025-12-15,9:36:54.840885830,T,97.12,100,97.21,100,TGT
2025-12-15,9:36:54.841467116,T,97.1,100,97.21,100,TGT
2025-12-15,9:36:54.841677632,T,97.12,100,97.21,100,TGT
2025-12-15,9:36:54.842153765,T,97.1,100,97.21,100,TGT
2025-12-15,9:36:54.842294097,T,97.12,100,97.21,100,TGT
2025-12-15,9:36:54.842349272,T,97.12,100,97.22,100,TGT
2025-12-15,9:36:54.951323925,T,97.12,100,97.3,200,TGT
2025-12-15,9:36:54.953228366,T,97.18,100,97.3,200,TGT
2025-12-15,9:36:54.953644446,T,97.12,100,97.3,200,TGT
2025-12-15,9:36:54.953965188,T,97.18,100,97.3,200,TGT
2025-12-15,9:36:54.954411233,T,97.12,100,97.3,200,TGT
2025-12-15,9:36:54.954571671,T,97.18,100,97.3,200,TGT
2025-12-15,9:36:54.955162976,T,97.12,100,97.3,200,TGT
2025-12-15,9:36:54.955298290,T,97.18,100,97.3,200,TGT
2025-12-15,9:36:54.955819781,T,97.12,100,97.3,200,TGT
2025-12-15,9:36:54.955959868,T,97.18,100,97.3,200,TGT
2025-12-15,9:36:54.956566323,T,97.12,100,97.3,200,TGT
2025-12-15,9:36:54.956721789,T,97.18,100,97.3,200,TGT
2025-12-15,9:36:54.957202925,T,97.12,100,97.3,200,TGT
2025-12-15,9:36:54.957338256,T,97.18,100,97.3,200,TGT
2025-12-15,9:36:54.957954668,T,97.12,100,97.3,200,TGT
2025-12-15,9:36:54.958104979,T,97.18,100,97.3,200,TGT
2025-12-15,9:36:54.958697205,T,97.12,100,97.3,200,TGT
2025-12-15,9:36:54.958861770,T,97.18,100,97.3,200,TGT
2025-12-15,9:36:54.959342944,T,97.12,100,97.3,200,TGT
2025-12-15,9:36:54.959468324,T,97.18,100,97.3,200,TGT
2025-12-15,9:36:54.960089724,T,97.12,100,97.3,200,TGT
2025-12-15,9:36:54.960230065,T,97.18,100,97.3,200,TGT
2025-12-15,9:36:54.960701192,T,97.12,100,97.3,200,TGT
2025-12-15,9:36:55.081930058,T,97.12,100,97.36,100,TGT
2025-12-15,9:36:55.081935031,T,97.12,100,97.35,200,TGT
2025-12-15,9:36:55.932431139,T,97.12,200,97.35,200,TGT
2025-12-15,9:36:55.942434968,T,97.12,100,97.35,200,TGT
2025-12-15,9:36:55.946304247,T,97.18,100,97.35,200,TGT
2025-12-15,9:36:56.489979502,T,97.12,100,97.35,200,TGT
2025-12-15,9:36:56.597380437,T,97.19,100,97.35,200,TGT
2025-12-15,9:37:01.129297155,T,97.12,100,97.35,200,TGT
2025-12-15,9:37:01.129317244,T,97.12,100,97.24,100,TGT
2025-12-15,9:37:01.129342336,T,97.08,100,97.24,100,TGT
2025-12-15,9:37:01.129387714,T,97.08,100,97.24,200,TGT
2025-12-15,9:37:01.129467549,T,97.08,100,97.24,100,TGT
2025-12-15,9:37:01.162065234,T,97.13,100,97.24,100,TGT
2025-12-15,9:37:01.229330450,T,97.13,100,97.32,100,TGT
2025-12-15,9:37:01.329318753,T,97.13,100,97.35,300,TGT
2025-12-15,9:37:01.345707717,T,97.13,100,97.35,200,TGT
2025-12-15,9:37:01.946348693,T,97.13,100,97.35,300,TGT
2025-12-15,9:37:01.950463511,T,97.08,100,97.35,300,TGT
2025-12-15,9:37:01.950488634,T,97.08,100,97.32,100,TGT
2025-12-15,9:37:01.950493634,T,97.08,100,97.28,100,TGT
2025-12-15,9:37:01.950513961,T,97.08,100,97.32,100,TGT
2025-12-15,9:37:01.950563716,T,97.08,100,97.26,100,TGT
2025-12-15,9:37:01.954778925,T,97.08,100,97.32,100,TGT
2025-12-15,9:37:02.147242280,T,97.08,100,97.28,100,TGT
2025-12-15,9:37:02.147252368,T,97.08,100,97.25,100,TGT
2025-12-15,9:37:02.147282441,T,97.08,100,97.27,100,TGT
2025-12-15,9:37:02.147287451,T,97.08,100,97.28,100,TGT
2025-12-15,9:37:02.147452816,T,97.08,100,97.28,200,TGT
2025-12-15,9:37:02.147457836,T,97.08,100,97.27,100,TGT
2025-12-15,9:37:02.147477914,T,97.08,100,97.28,200,TGT
2025-12-15,9:37:02.147512942,T,97.08,100,97.27,100,TGT
2025-12-15,9:37:02.147618244,T,97.07,100,97.27,100,TGT
2025-12-15,9:37:02.150961162,T,97.07,100,97.28,200,TGT
2025-12-15,9:37:02.157506833,T,97.07,100,97.28,100,TGT
2025-12-15,9:37:02.157526892,T,97.07,100,97.32,100,TGT
2025-12-15,9:37:02.390762520,T,97.14,100,97.32,100,TGT
2025-12-15,9:37:02.822871928,T,97.14,100,97.35,300,TGT
2025-12-15,9:37:09.794641545,T,97.14,100,97.35,200,TGT
2025-12-15,9:37:10.911642631,T,97.14,200,97.35,200,TGT
2025-12-15,9:37:10.996865639,T,97.14,500,97.35,200,TGT
2025-12-15,9:37:11.959975059,T,97.14,500,97.25,100,TGT
2025-12-15,9:37:11.960526333,T,97.14,400,97.25,100,TGT
2025-12-15,9:37:11.962089993,T,97.14,400,97.35,200,TGT
2025-12-15,9:37:11.967197218,T,97.14,400,97.25,100,TGT
2025-12-15,9:37:11.968770953,T,97.14,400,97.35,200,TGT
2025-12-15,9:37:12.026779167,T,97.14,300,97.35,200,TGT
2025-12-15,9:37:12.376868216,T,97.21,100,97.35,200,TGT
2025-12-15,9:37:12.376903282,T,97.14,300,97.35,200,TGT
2025-12-15,9:37:12.376923574,T,97.14,300,97.24,100,TGT
2025-12-15,9:37:12.377479580,T,97.14,300,97.25,100,TGT
2025-12-15,9:37:12.378241454,T,97.14,300,97.35,300,TGT
2025-12-15,9:37:12.481387219,T,97.14,300,97.35,200,TGT
2025-12-15,9:37:12.486564503,T,97.14,300,97.35,300,TGT
2025-12-15,9:37:12.486599609,T,97.14,300,97.35,200,TGT
2025-12-15,9:37:12.488729698,T,97.14,300,97.35,300,TGT
2025-12-15,9:37:12.492082615,T,97.14,300,97.35,200,TGT
2025-12-15,9:37:12.492443578,T,97.14,300,97.24,100,TGT
2025-12-15,9:37:12.493736658,T,97.14,300,97.35,200,TGT
2025-12-15,9:37:12.580287802,T,97.14,300,97.23,100,TGT
2025-12-15,9:37:12.581706141,T,97.14,300,97.35,200,TGT
2025-12-15,9:37:12.748814353,T,97.14,400,97.35,200,TGT
2025-12-15,9:37:18.992343669,T,97.15,100,97.35,200,TGT
2025-12-15,9:37:18.992353713,T,97.15,200,97.35,200,TGT
2025-12-15,9:37:18.992433887,T,97.16,100,97.35,200,TGT
2025-12-15,9:37:18.992474049,T,97.15,200,97.35,200,TGT
2025-12-15,9:37:18.999415517,T,97.15,100,97.35,200,TGT
2025-12-15,9:37:19.099283449,T,97.15,200,97.35,200,TGT
2025-12-15,9:37:19.192400254,T,97.15,100,97.35,200,TGT
2025-12-15,9:37:20.045642956,T,97.15,200,97.35,200,TGT
2025-12-15,9:37:20.045668004,T,97.16,100,97.35,200,TGT
2025-12-15,9:37:20.045693051,T,97.15,200,97.35,200,TGT
2025-12-15,9:37:20.045703124,T,97.16,100,97.35,200,TGT
2025-12-15,9:37:20.052719768,T,97.15,200,97.35,200,TGT
2025-12-15,9:37:20.086149462,T,97.15,100,97.35,200,TGT
2025-12-15,9:37:20.126460444,T,97.15,200,97.35,200,TGT
2025-12-15,9:37:20.562975503,T,97.16,100,97.35,200,TGT
2025-12-15,9:37:21.146034553,T,97.16,400,97.35,200,TGT
2025-12-15,9:37:22.752185997,T,97.16,500,97.35,200,TGT
2025-12-15,9:37:28.254424652,T,97.16,600,97.35,200,TGT
2025-12-15,9:37:30.539343341,T,97.16,500,97.35,200,TGT
2025-12-15,9:37:34.617087785,T,97.16,400,97.35,200,TGT
2025-12-15,9:37:34.751949075,T,97.16,500,97.35,200,TGT
2025-12-15,9:37:34.760228748,T,97.2,100,97.35,200,TGT
2025-12-15,9:37:34.760278880,T,97.2,200,97.35,200,TGT
2025-12-15,9:37:34.760293876,T,97.2,100,97.35,200,TGT
2025-12-15,9:37:34.760584604,T,97.2,100,97.36,100,TGT
2025-12-15,9:37:34.760694891,T,97.23,100,97.36,100,TGT
2025-12-15,9:37:34.763727062,T,97.23,200,97.36,100,TGT
2025-12-15,9:37:34.770438142,T,97.23,100,97.36,100,TGT
2025-12-15,9:37:35.118652675,T,97.23,400,97.36,100,TGT
2025-12-15,9:37:36.328865830,T,97.23,300,97.36,100,TGT
2025-12-15,9:37:36.329026173,T,97.23,400,97.36,100,TGT
2025-12-15,9:37:36.445132797,T,97.24,100,97.36,100,TGT
2025-12-15,9:37:37.028211845,T,97.24,100,97.31,100,TGT
2025-12-15,9:37:37.028402356,T,97.25,100,97.31,100,TGT
2025-12-15,9:37:37.038962557,T,97.26,100,97.31,100,TGT
2025-12-15,9:37:37.038977600,T,97.26,100,97.36,100,TGT
2025-12-15,9:37:37.083924618,T,97.26,100,97.35,100,TGT
2025-12-15,9:37:38.432186817,T,97.28,100,97.35,100,TGT
2025-12-15,9:37:38.797291773,T,97.23,300,97.35,100,TGT
2025-12-15,9:37:38.797331854,T,97.23,300,97.31,100,TGT
2025-12-15,9:37:38.797381980,T,97.23,300,97.31,200,TGT
2025-12-15,9:37:38.797978370,T,97.23,300,97.3,100,TGT
2025-12-15,9:37:38.963527745,T,97.23,300,97.31,100,TGT
2025-12-15,9:37:42.755556698,T,97.23,400,97.31,100,TGT
2025-12-15,9:37:43.378996937,T,97.23,400,97.29,100,TGT
2025-12-15,9:37:46.223253283,T,97.23,400,97.29,200,TGT
2025-12-15,9:37:46.223574145,T,97.23,400,97.29,100,TGT
2025-12-15,9:37:46.268019948,T,97.23,500,97.29,100,TGT
2025-12-15,9:37:47.408286495,T,97.24,100,97.29,100,TGT
2025-12-15,9:37:47.455864794,T,97.24,400,97.29,100,TGT
2025-12-15,9:37:47.458827161,T,97.24,300,97.29,100,TGT
2025-12-15,9:37:47.458827161,T,97.23,200,97.29,100,TGT
2025-12-15,9:37:47.458851956,T,97.23,200,97.25,100,TGT
2025-12-15,9:37:47.458897009,T,97.23,100,97.25,100,TGT
2025-12-15,9:37:47.458902112,T,97.16,100,97.25,100,TGT
2025-12-15,9:37:47.458902112,T,97.15,100,97.25,100,TGT
2025-12-15,9:37:47.458922061,T,97.15,100,97.24,100,TGT
2025-12-15,9:37:47.460094942,T,97.15,100,97.25,100,TGT
2025-12-15,9:37:47.477075407,T,97.15,100,97.27,100,TGT
2025-12-15,9:37:47.559316284,T,97.15,100,97.29,200,TGT
2025-12-15,9:37:47.659344616,T,97.15,100,97.29,100,TGT
2025-12-15,9:37:49.233324295,T,97.22,100,97.29,100,TGT
2025-12-15,9:37:49.233354409,T,97.15,100,97.29,100,TGT
2025-12-15,9:37:49.233374477,T,97.15,100,97.29,200,TGT
2025-12-15,9:37:49.234542281,T,97.15,100,97.29,100,TGT
2025-12-15,9:37:49.235048499,T,97.15,100,97.29,200,TGT
2025-12-15,9:37:49.433917374,T,97.15,100,97.29,100,TGT
2025-12-15,9:37:49.932058916,T,97.15,100,97.29,200,TGT
2025-12-15,9:37:49.932083998,T,97.15,100,97.28,100,TGT
2025-12-15,9:37:49.932089273,T,97.15,100,97.29,200,TGT
2025-12-15,9:37:49.932089273,T,97.15,100,97.28,100,TGT
2025-12-15,9:37:49.932399724,T,97.15,100,97.29,200,TGT
2025-12-15,9:37:49.938253680,T,97.15,100,97.28,100,TGT
2025-12-15,9:37:49.938263751,T,97.15,100,97.29,200,TGT
2025-12-15,9:37:50.132110587,T,97.15,100,97.29,100,TGT
2025-12-15,9:37:50.132446338,T,97.15,100,97.29,200,TGT
2025-12-15,9:37:50.136621360,T,97.15,100,97.29,100,TGT
2025-12-15,9:37:50.164853558,T,97.15,100,97.29,200,TGT
2025-12-15,9:37:50.164868630,T,97.15,100,97.29,300,TGT
2025-12-15,9:37:50.164878649,T,97.1,200,97.29,300,TGT
2025-12-15,9:37:50.164878649,T,97.1,200,97.28,100,TGT
2025-12-15,9:37:50.164893731,T,97.1,200,97.29,300,TGT
2025-12-15,9:37:50.165139246,T,97.1,200,97.28,100,TGT
2025-12-15,9:37:50.165169269,T,97.1,200,97.29,300,TGT
2025-12-15,9:37:50.174857395,T,97.1,200,97.29,200,TGT
2025-12-15,9:37:50.365316145,T,97.1,200,97.29,300,TGT
2025-12-15,9:37:51.105865460,T,97.1,200,97.29,200,TGT
2025-12-15,9:37:51.343366221,T,97.17,100,97.29,200,TGT
2025-12-15,9:38:01.201326821,T,97.1,200,97.29,200,TGT
2025-12-15,9:38:01.201326821,T,97.1,200,97.29,300,TGT
2025-12-15,9:38:01.201346910,T,97.1,200,97.28,100,TGT
2025-12-15,9:38:01.201351900,T,97.1,200,97.23,100,TGT
2025-12-15,9:38:01.201351900,T,97.1,200,97.23,200,TGT
2025-12-15,9:38:01.203922982,T,97.08,100,97.23,200,TGT
2025-12-15,9:38:01.208363555,T,97.08,100,97.23,100,TGT
2025-12-15,9:38:01.212904456,T,97.11,100,97.23,100,TGT
2025-12-15,9:38:01.301420226,T,97.11,100,97.28,100,TGT
2025-12-15,9:38:03.915868805,T,97.11,100,97.28,200,TGT
2025-12-15,9:38:08.003391637,T,97.11,100,97.28,100,TGT
2025-12-15,9:38:10.261436292,T,97.11,200,97.28,100,TGT
2025-12-15,9:38:10.979522054,T,97.11,200,97.29,100,TGT
2025-12-15,9:38:12.522452844,T,97.11,300,97.29,100,TGT
2025-12-15,9:38:12.522462913,T,97.18,100,97.29,100,TGT
2025-12-15,9:38:12.522538074,T,97.18,200,97.29,100,TGT
2025-12-15,9:38:12.523244782,T,97.18,200,97.28,100,TGT
2025-12-15,9:38:12.523254805,T,97.18,100,97.28,100,TGT
2025-12-15,9:38:12.524287203,T,97.18,200,97.28,100,TGT
2025-12-15,9:38:12.528682705,T,97.18,200,97.29,100,TGT
2025-12-15,9:38:12.622481436,T,97.18,100,97.29,100,TGT
2025-12-15,9:38:13.330447880,T,97.18,200,97.29,100,TGT
2025-12-15,9:38:13.522455452,T,97.21,100,97.29,100,TGT
2025-12-15,9:38:13.522896485,T,97.21,200,97.29,100,TGT
2025-12-15,9:38:13.522916510,T,97.21,100,97.29,100,TGT
2025-12-15,9:38:13.524329879,T,97.21,200,97.29,100,TGT
2025-12-15,9:38:13.524359977,T,97.21,100,97.29,100,TGT
2025-12-15,9:38:13.524435179,T,97.21,200,97.29,100,TGT
2025-12-15,9:38:14.098903768,T,97.21,100,97.29,100,TGT
2025-12-15,9:38:14.144963584,T,97.21,400,97.29,100,TGT
2025-12-15,9:38:14.823119123,T,97.21,500,97.29,100,TGT
2025-12-15,9:38:15.131934779,T,97.24,100,97.29,100,TGT
2025-12-15,9:38:16.746781937,T,97.24,100,97.36,100,TGT
2025-12-15,9:38:16.903244765,T,97.21,400,97.36,100,TGT
2025-12-15,9:38:16.903264700,T,97.21,400,97.36,200,TGT
2025-12-15,9:38:16.903264700,T,97.21,400,97.28,100,TGT
2025-12-15,9:38:16.910331565,T,97.21,400,97.36,200,TGT
2025-12-15,9:38:16.969823351,T,97.21,500,97.36,200,TGT
2025-12-15,9:38:16.969843342,T,97.21,500,97.36,100,TGT
2025-12-15,9:38:23.189866677,T,97.21,400,97.36,100,TGT
2025-12-15,9:38:25.059726459,T,97.21,400,97.27,100,TGT
2025-12-15,9:38:25.059776543,T,97.21,400,97.26,100,TGT
2025-12-15,9:38:25.059856700,T,97.21,400,97.26,200,TGT
2025-12-15,9:38:25.059886837,T,97.21,400,97.26,300,TGT
2025-12-15,9:38:25.060102644,T,97.21,100,97.26,300,TGT
2025-12-15,9:38:25.060102644,T,97.09,200,97.26,300,TGT
2025-12-15,9:38:25.060127380,T,97.09,200,97.22,100,TGT
2025-12-15,9:38:25.060162538,T,97.09,200,97.22,200,TGT
2025-12-15,9:38:25.061209962,T,97.09,200,97.22,100,TGT
2025-12-15,9:38:25.070376805,T,97.09,200,97.26,200,TGT
2025-12-15,9:38:25.070401857,T,97.09,200,97.26,100,TGT
2025-12-15,9:38:25.097952551,T,97.18,100,97.26,100,TGT
2025-12-15,9:38:26.045434815,T,97.2,100,97.26,100,TGT
2025-12-15,9:38:26.045474944,T,97.2,100,97.27,200,TGT
2025-12-15,9:38:26.067392106,T,97.2,100,97.26,100,TGT
2025-12-15,9:38:28.557494424,T,97.09,200,97.26,100,TGT
2025-12-15,9:38:28.557544613,T,97.09,200,97.22,100,TGT
2025-12-15,9:38:28.557614778,T,97.09,200,97.22,200,TGT
2025-12-15,9:38:28.561699478,T,97.09,200,97.22,100,TGT
2025-12-15,9:38:31.159543684,T,97.09,200,97.21,100,TGT
2025-12-15,9:38:31.159588780,T,97.09,200,97.21,200,TGT
2025-12-15,9:38:31.159608919,T,97.09,200,97.21,300,TGT
2025-12-15,9:38:31.159648960,T,97.09,200,97.2,100,TGT
2025-12-15,9:38:31.159919616,T,97.09,200,97.18,100,TGT
2025-12-15,9:38:31.164986855,T,96.96,100,97.18,100,TGT
2025-12-15,9:38:31.164986855,T,97.04,200,97.18,100,TGT
2025-12-15,9:38:33.035683335,T,97.04,200,97.19,100,TGT
2025-12-15,9:38:33.158656422,T,97.04,200,97.18,100,TGT
2025-12-15,9:38:33.158741515,T,97.04,200,97.18,200,TGT
2025-12-15,9:38:33.358818191,T,97.04,200,97.18,100,TGT
2025-12-15,9:38:34.085629621,T,97.1,100,97.18,100,TGT
2025-12-15,9:38:36.166046198,T,97.1,100,97.17,100,TGT
2025-12-15,9:38:36.166081222,T,97.1,100,97.2,100,TGT
2025-12-15,9:38:36.166111326,T,97.1,100,97.17,100,TGT
2025-12-15,9:38:36.166161537,T,97.1,100,97.2,100,TGT
2025-12-15,9:38:36.166452166,T,97.1,100,97.32,100,TGT
2025-12-15,9:38:36.493175508,T,97.1,100,97.36,200,TGT
2025-12-15,9:38:36.493200527,T,97.11,100,97.36,200,TGT
2025-12-15,9:38:36.493240681,T,97.13,100,97.36,200,TGT
2025-12-15,9:38:36.493721790,T,97.11,100,97.36,200,TGT
2025-12-15,9:38:36.493937291,T,97.13,100,97.36,200,TGT
2025-12-15,9:38:36.494468509,T,97.11,100,97.36,200,TGT
2025-12-15,9:38:36.594536941,T,97.1,200,97.36,200,TGT
2025-12-15,9:38:36.693197058,T,97.1,100,97.36,200,TGT
2025-12-15,9:38:36.912945556,T,97.1,100,97.32,200,TGT
2025-12-15,9:38:37.312667839,T,97.04,300,97.32,200,TGT
2025-12-15,9:38:37.312697863,T,97.04,200,97.32,200,TGT
2025-12-15,9:38:39.122715198,T,97.14,100,97.32,200,TGT
2025-12-15,9:38:39.122750262,T,97.13,100,97.32,200,TGT
2025-12-15,9:38:39.122775656,T,97.13,100,97.32,300,TGT
2025-12-15,9:38:39.123266457,T,97.04,300,97.32,300,TGT
2025-12-15,9:38:39.123913045,T,97.1,100,97.32,300,TGT
2025-12-15,9:38:39.129812077,T,97.1,100,97.32,200,TGT
2025-12-15,9:38:44.947025801,T,97.14,100,97.32,200,TGT
2025-12-15,9:38:44.947061310,T,97.12,100,97.32,200,TGT
2025-12-15,9:38:44.947416749,T,97.14,100,97.32,200,TGT
2025-12-15,9:38:45.076604543,T,97.1,200,97.32,200,TGT
2025-12-15,9:38:45.077211043,T,97.1,100,97.32,200,TGT
2025-12-15,9:38:45.803796943,T,97.07,100,97.32,200,TGT
2025-12-15,9:38:46.907817275,T,97.16,100,97.32,200,TGT
2025-12-15,9:38:47.223183544,T,97.16,200,97.32,200,TGT
2025-12-15,9:38:48.112842974,T,97.16,100,97.32,200,TGT
2025-12-15,9:38:49.890874016,T,97.2,100,97.32,200,TGT
2025-12-15,9:38:49.892387646,T,97.2,200,97.32,200,TGT
2025-12-15,9:38:49.981033778,T,97.2,200,97.36,100,TGT
2025-12-15,9:38:49.981710797,T,97.22,100,97.36,100,TGT
2025-12-15,9:38:49.981715358,T,97.26,100,97.36,100,TGT
2025-12-15,9:38:49.981730498,T,97.22,100,97.36,100,TGT
2025-12-15,9:38:49.982071296,T,97.26,100,97.36,100,TGT
2025-12-15,9:38:49.982106299,T,97.22,100,97.36,100,TGT
2025-12-15,9:38:49.982778129,T,97.21,100,97.36,100,TGT
2025-12-15,9:38:49.982802990,T,97.21,100,97.31,100,TGT
2025-12-15,9:38:49.982808070,T,97.2,300,97.31,100,TGT
2025-12-15,9:38:49.982823079,T,97.2,300,97.31,200,TGT
2025-12-15,9:38:49.983073660,T,97.2,200,97.31,200,TGT
2025-12-15,9:38:49.983449545,T,97.2,200,97.31,300,TGT
2025-12-15,9:38:49.988717119,T,97.2,200,97.31,200,TGT
2025-12-15,9:38:49.988727078,T,97.23,100,97.31,200,TGT
2025-12-15,9:38:49.995658949,T,97.23,100,97.31,100,TGT
2025-12-15,9:38:49.995658949,T,97.23,100,97.36,100,TGT
2025-12-15,9:38:49.995678838,T,97.27,100,97.36,100,TGT
2025-12-15,9:38:49.996034474,T,97.24,100,97.36,100,TGT
2025-12-15,9:38:49.996034474,T,97.23,200,97.36,100,TGT
2025-12-15,9:38:49.996054616,T,97.23,200,97.31,100,TGT
2025-12-15,9:38:49.996054616,T,97.23,100,97.31,100,TGT
2025-12-15,9:38:49.996059586,T,97.23,100,97.31,200,TGT
2025-12-15,9:38:49.996064861,T,97.24,100,97.31,200,TGT
2025-12-15,9:38:49.996074655,T,97.23,100,97.31,200,TGT
2025-12-15,9:38:49.996094612,T,97.23,100,97.3,100,TGT
2025-12-15,9:38:50.002239336,T,97.23,100,97.31,100,TGT
2025-12-15,9:38:50.002259294,T,97.24,100,97.31,100,TGT
2025-12-15,9:38:50.002264389,T,97.27,100,97.31,100,TGT
2025-12-15,9:38:50.002274440,T,97.27,100,97.33,100,TGT
2025-12-15,9:38:50.002279430,T,97.27,100,97.35,100,TGT
2025-12-15,9:38:50.002299449,T,97.25,100,97.35,100,TGT
2025-12-15,9:38:50.002309418,T,97.24,100,97.35,100,TGT
2025-12-15,9:38:50.002324483,T,97.24,100,97.34,100,TGT
2025-12-15,9:38:50.002334493,T,97.24,100,97.33,100,TGT
2025-12-15,9:38:50.002359621,T,97.24,100,97.31,100,TGT
2025-12-15,9:38:50.002625215,T,97.25,100,97.31,100,TGT
2025-12-15,9:38:50.002635210,T,97.24,100,97.31,100,TGT
2025-12-15,9:38:50.002650264,T,97.24,100,97.33,100,TGT
2025-12-15,9:38:50.002660312,T,97.24,100,97.34,100,TGT
2025-12-15,9:38:50.002675386,T,97.24,100,97.33,100,TGT
2025-12-15,9:38:50.002685400,T,97.24,100,97.34,100,TGT
2025-12-15,9:38:50.002710407,T,97.24,100,97.33,100,TGT
2025-12-15,9:38:50.002895918,T,97.25,100,97.33,100,TGT
2025-12-15,9:38:50.008739834,T,97.25,100,97.34,100,TGT
2025-12-15,9:38:50.012508714,T,97.24,100,97.34,100,TGT
2025-12-15,9:38:50.020863712,T,97.24,100,97.35,100,TGT
2025-12-15,9:38:50.092794984,T,97.25,100,97.35,100,TGT
2025-12-15,9:38:50.102397905,T,97.23,100,97.35,100,TGT
2025-12-15,9:38:50.115453991,T,97.23,100,97.33,100,TGT
2025-12-15,9:38:50.115484088,T,97.21,100,97.33,100,TGT
2025-12-15,9:38:50.182569129,T,97.2,200,97.33,100,TGT
2025-12-15,9:38:50.195685094,T,97.2,100,97.33,100,TGT
2025-12-15,9:38:51.085409880,T,97.2,100,97.32,100,TGT
2025-12-15,9:38:51.262326302,T,97.2,2100,97.32,100,TGT
2025-12-15,9:38:52.085893351,T,97.2,2000,97.32,100,TGT
2025-12-15,9:38:53.642942971,T,97.26,100,97.32,100,TGT
2025-12-15,9:38:55.082417208,T,97.26,100,97.32,200,TGT
2025-12-15,9:38:55.247961597,T,97.26,100,97.32,100,TGT
2025-12-15,9:38:56.322065472,T,97.23,100,97.32,100,TGT
2025-12-15,9:38:56.322085507,T,97.2,2100,97.32,100,TGT
2025-12-15,9:38:56.322085507,T,97.2,2000,97.32,100,TGT
2025-12-15,9:38:56.322105544,T,97.2,2000,97.32,200,TGT
2025-12-15,9:38:56.322105544,T,97.2,2000,97.3,100,TGT
2025-12-15,9:38:56.322135680,T,97.2,2000,97.3,200,TGT
2025-12-15,9:38:56.322210867,T,97.2,2000,97.3,300,TGT
2025-12-15,9:38:56.322556681,T,97.2,2000,97.29,100,TGT
2025-12-15,9:38:56.322556681,T,97.2,2000,97.3,300,TGT
2025-12-15,9:38:56.322591749,T,97.2,2000,97.29,100,TGT
2025-12-15,9:38:56.331207210,T,97.21,100,97.29,100,TGT
2025-12-15,9:39:13.972440703,T,97.2,2000,97.29,100,TGT
2025-12-15,9:39:13.972445995,T,97.2,2000,97.28,100,TGT
2025-12-15,9:39:13.972475807,T,97.2,2000,97.27,100,TGT
2025-12-15,9:39:13.972480800,T,97.2,2000,97.27,200,TGT
2025-12-15,9:39:13.972491149,T,97.2,2000,97.27,100,TGT
2025-12-15,9:39:13.973287734,T,97.2,2100,97.27,100,TGT
2025-12-15,9:39:13.973307825,T,97.2,2000,97.27,100,TGT
2025-12-15,9:39:13.973312849,T,97.2,2000,97.28,100,TGT
2025-12-15,9:39:13.973332827,T,97.21,100,97.28,100,TGT
2025-12-15,9:39:13.973603515,T,97.2,2000,97.28,100,TGT
2025-12-15,9:39:13.973628598,T,97.22,100,97.28,100,TGT
2025-12-15,9:39:13.973653939,T,97.21,100,97.28,100,TGT
2025-12-15,9:39:13.973733825,T,97.2,2000,97.28,100,TGT
2025-12-15,9:39:13.976705844,T,97.23,100,97.28,100,TGT
2025-12-15,9:39:13.986073220,T,97.23,100,97.32,200,TGT
2025-12-15,9:39:13.991521356,T,97.23,100,97.32,100,TGT
2025-12-15,9:39:13.991551263,T,97.23,100,97.32,200,TGT
2025-12-15,9:39:13.991566306,T,97.26,100,97.32,200,TGT
2025-12-15,9:39:13.991566306,T,97.24,100,97.32,200,TGT
2025-12-15,9:39:13.991591333,T,97.23,200,97.32,200,TGT
2025-12-15,9:39:13.991601344,T,97.23,100,97.32,200,TGT
2025-12-15,9:39:13.997024469,T,97.23,100,97.32,100,TGT
2025-12-15,9:39:13.997139579,T,97.23,100,97.31,100,TGT
2025-12-15,9:39:13.997184723,T,97.23,100,97.31,200,TGT
2025-12-15,9:39:13.997926448,T,97.28,100,97.31,200,TGT
2025-12-15,9:39:14.027221232,T,97.28,200,97.31,200,TGT
2025-12-15,9:39:14.174361780,T,97.28,200,97.31,100,TGT
2025-12-15,9:39:14.752694403,T,97.28,200,97.32,100,TGT
2025-12-15,9:39:14.752719504,T,97.29,100,97.32,100,TGT
2025-12-15,9:39:14.752789667,T,97.29,200,97.32,100,TGT
2025-12-15,9:39:14.752920277,T,97.29,100,97.32,100,TGT
2025-12-15,9:39:14.753270876,T,97.28,200,97.32,100,TGT
2025-12-15,9:39:14.753285880,T,97.2,2000,97.32,100,TGT
2025-12-15,9:39:14.753992608,T,97.2,2000,97.33,100,TGT
2025-12-15,9:39:14.754032765,T,97.31,100,97.33,100,TGT
2025-12-15,9:39:14.754037618,T,97.2,2000,97.33,100,TGT
2025-12-15,9:39:14.754223332,T,97.2,2000,97.32,100,TGT
2025-12-15,9:39:14.754313313,T,97.2,2000,97.32,200,TGT
2025-12-15,9:39:14.755826958,T,97.2,2000,97.32,100,TGT
2025-12-15,9:39:14.762778500,T,97.2,2000,97.31,100,TGT
2025-12-15,9:39:14.890988966,T,97.2,2000,97.3,100,TGT
2025-12-15,9:39:15.983100719,T,97.2,2000,97.3,200,TGT
2025-12-15,9:39:15.983110764,T,97.2,2000,97.3,100,TGT
2025-12-15,9:39:16.486164173,T,97.21,100,97.3,100,TGT
2025-12-15,9:39:17.619223598,T,97.22,100,97.3,100,TGT
2025-12-15,9:39:17.619298791,T,97.22,100,97.29,100,TGT
2025-12-15,9:39:17.625017411,T,97.22,100,97.3,100,TGT
2025-12-15,9:39:17.625037510,T,97.25,100,97.3,100,TGT
2025-12-15,9:39:17.630705956,T,97.25,100,97.32,200,TGT
2025-12-15,9:39:17.630731028,T,97.27,100,97.32,200,TGT
2025-12-15,9:39:17.630731028,T,97.27,200,97.32,200,TGT
2025-12-15,9:39:17.630756109,T,97.27,200,97.32,100,TGT
2025-12-15,9:39:17.631282365,T,97.27,100,97.32,100,TGT
2025-12-15,9:39:17.731816863,T,97.23,100,97.32,100,TGT
2025-12-15,9:39:17.825049013,T,97.21,100,97.32,100,TGT
2025-12-15,9:39:17.829695045,T,97.23,100,97.32,100,TGT
2025-12-15,9:39:18.914855202,T,97.2,2000,97.32,100,TGT
2025-12-15,9:39:18.914895300,T,97.2,2000,97.33,100,TGT
2025-12-15,9:39:18.915516863,T,97.2,2100,97.33,100,TGT
2025-12-15,9:39:21.096292311,T,97.24,100,97.33,100,TGT
2025-12-15,9:39:23.794390238,T,97.24,200,97.33,100,TGT
2025-12-15,9:39:24.101481737,T,97.24,200,97.35,100,TGT
2025-12-15,9:39:24.101506864,T,97.24,200,97.36,100,TGT
2025-12-15,9:39:24.101627103,T,97.24,200,97.35,100,TGT
2025-12-15,9:39:24.102649580,T,97.24,200,97.33,100,TGT
2025-12-15,9:39:33.720603265,T,97.24,300,97.33,100,TGT
2025-12-15,9:39:34.018392770,T,97.24,300,97.33,200,TGT
2025-12-15,9:39:34.018457852,T,97.24,300,97.3,100,TGT
2025-12-15,9:39:34.779611184,T,97.24,300,97.33,100,TGT
2025-12-15,9:39:34.779636363,T,97.27,100,97.33,100,TGT
2025-12-15,9:39:34.782593295,T,97.27,200,97.33,100,TGT
2025-12-15,9:39:34.879639470,T,97.27,100,97.33,100,TGT
2025-12-15,9:39:37.520531040,T,97.28,100,97.33,100,TGT
2025-12-15,9:39:37.520596125,T,97.28,100,97.33,200,TGT
2025-12-15,9:39:37.520836736,T,97.28,200,97.33,200,TGT
2025-12-15,9:39:38.816002360,T,97.28,300,97.33,200,TGT
2025-12-15,9:39:40.785634811,T,97.28,300,97.33,100,TGT
2025-12-15,9:39:40.785634811,T,97.28,300,97.35,100,TGT
2025-12-15,9:39:40.785649890,T,97.28,300,97.36,100,TGT
2025-12-15,9:39:40.785649890,T,97.28,300,97.33,100,TGT
2025-12-15,9:39:40.785670675,T,97.28,300,97.35,100,TGT
2025-12-15,9:39:40.785670675,T,97.28,300,97.36,200,TGT
2025-12-15,9:39:40.785674863,T,97.28,300,97.36,100,TGT
2025-12-15,9:39:40.785679902,T,97.32,100,97.36,100,TGT
2025-12-15,9:39:40.786737499,T,97.29,100,97.36,100,TGT
2025-12-15,9:39:40.786772535,T,97.28,300,97.36,100,TGT
2025-12-15,9:39:40.787163465,T,97.33,100,97.36,100,TGT
2025-12-15,9:39:40.788461806,T,97.28,300,97.36,100,TGT
2025-12-15,9:39:40.789268447,T,97.29,100,97.36,100,TGT
2025-12-15,9:39:40.789413792,T,97.32,100,97.36,100,TGT
2025-12-15,9:39:40.790015237,T,97.32,100,97.4,100,TGT
2025-12-15,9:39:40.790035345,T,97.33,100,97.4,100,TGT
2025-12-15,9:39:40.790035345,T,97.34,100,97.4,100,TGT
2025-12-15,9:39:40.790411211,T,97.34,200,97.4,100,TGT
2025-12-15,9:39:40.790501468,T,97.34,100,97.4,100,TGT
2025-12-15,9:39:40.790566518,T,97.34,100,97.39,100,TGT
2025-12-15,9:39:40.790912445,T,97.33,100,97.39,100,TGT
2025-12-15,9:39:40.790987529,T,97.33,100,97.39,200,TGT
2025-12-15,9:39:40.791027647,T,97.33,100,97.35,100,TGT
2025-12-15,9:39:40.791077800,T,97.33,100,97.35,200,TGT
2025-12-15,9:39:40.791218110,T,97.34,100,97.35,200,TGT
2025-12-15,9:39:40.806579766,T,97.33,200,97.35,200,TGT
2025-12-15,9:39:40.806579766,T,97.33,100,97.35,200,TGT
2025-12-15,9:39:40.806610131,T,97.28,100,97.35,200,TGT
2025-12-15,9:39:40.806905545,T,97.28,100,97.34,100,TGT
2025-12-15,9:39:40.806955634,T,97.28,100,97.34,200,TGT
2025-12-15,9:39:40.807030797,T,97.28,200,97.34,200,TGT
2025-12-15,9:39:40.895897596,T,97.28,200,97.34,300,TGT
2025-12-15,9:39:41.259929811,T,97.28,100,97.34,300,TGT
2025-12-15,9:39:41.259964890,T,97.24,100,97.34,300,TGT
2025-12-15,9:39:41.259969867,T,97.17,200,97.34,300,TGT
2025-12-15,9:39:41.259979943,T,97.17,200,97.34,400,TGT
2025-12-15,9:39:41.259984931,T,97.17,200,97.3,100,TGT
2025-12-15,9:39:41.260040120,T,97.17,200,97.3,200,TGT
2025-12-15,9:39:41.260065181,T,97.17,200,97.3,300,TGT
2025-12-15,9:39:41.260280711,T,97.28,100,97.3,300,TGT
2025-12-15,9:39:41.260310719,T,97.17,200,97.3,300,TGT
2025-12-15,9:39:41.260365906,T,97.17,200,97.29,100,TGT
2025-12-15,9:39:41.260506400,T,97.17,200,97.29,200,TGT
2025-12-15,9:39:41.260506400,T,97.17,200,97.29,100,TGT
2025-12-15,9:39:41.260816974,T,97.17,200,97.29,200,TGT
2025-12-15,9:39:41.260821980,T,97.17,200,97.28,100,TGT
2025-12-15,9:39:41.266991636,T,97.26,100,97.28,100,TGT
2025-12-15,9:39:41.267202142,T,97.26,100,97.29,100,TGT
2025-12-15,9:39:41.267227166,T,97.27,100,97.29,100,TGT
2025-12-15,9:39:41.267237284,T,97.26,100,97.29,100,TGT
2025-12-15,9:39:41.267417691,T,97.27,100,97.29,100,TGT
2025-12-15,9:39:41.271773082,T,97.26,100,97.29,100,TGT
2025-12-15,9:39:41.798417629,T,97.26,100,97.3,400,TGT
2025-12-15,9:39:41.798442703,T,97.27,100,97.3,400,TGT
2025-12-15,9:39:41.798442703,T,97.27,200,97.3,400,TGT
2025-12-15,9:39:41.798467728,T,97.27,200,97.3,300,TGT
2025-12-15,9:39:41.798588076,T,97.27,200,97.3,200,TGT
2025-12-15,9:39:41.798994048,T,97.27,100,97.3,200,TGT
2025-12-15,9:39:41.799219506,T,97.27,100,97.3,300,TGT
2025-12-15,9:39:41.802597611,T,97.26,100,97.3,300,TGT
2025-12-15,9:39:47.399426450,T,97.26,200,97.3,300,TGT
2025-12-15,9:39:47.400128139,T,97.26,200,97.3,400,TGT
2025-12-15,9:39:47.404077506,T,97.26,100,97.3,400,TGT
2025-12-15,9:39:47.404117708,T,97.27,100,97.3,400,TGT
2025-12-15,9:39:47.421178258,T,97.27,100,97.3,200,TGT
2025-12-15,9:39:47.421203587,T,97.27,100,97.3,100,TGT
2025-12-15,9:39:47.421203587,T,97.27,100,97.31,100,TGT
2025-12-15,9:39:47.421223747,T,97.29,100,97.31,100,TGT
2025-12-15,9:39:47.421243510,T,97.29,100,97.34,200,TGT
2025-12-15,9:39:47.421268687,T,97.29,100,97.33,100,TGT
2025-12-15,9:39:47.421694479,T,97.29,200,97.33,100,TGT
2025-12-15,9:39:47.421839926,T,97.29,200,97.34,200,TGT
2025-12-15,9:39:47.421854940,T,97.3,100,97.34,200,TGT
2025-12-15,9:39:47.421869985,T,97.3,100,97.34,100,TGT
2025-12-15,9:39:47.422346035,T,97.28,100,97.34,100,TGT
2025-12-15,9:39:47.422371135,T,97.28,100,97.32,100,TGT
2025-12-15,9:39:47.422376121,T,97.27,100,97.32,100,TGT
2025-12-15,9:39:47.422767109,T,97.27,100,97.32,200,TGT
2025-12-15,9:39:47.422847314,T,97.26,200,97.32,200,TGT
2025-12-15,9:39:47.422897442,T,97.27,100,97.32,200,TGT
2025-12-15,9:39:47.422922443,T,97.27,100,97.32,100,TGT
2025-12-15,9:39:47.424235619,T,97.26,100,97.32,100,TGT
2025-12-15,9:39:47.424275686,T,97.28,100,97.32,100,TGT
2025-12-15,9:39:47.424295688,T,97.26,100,97.32,100,TGT
2025-12-15,9:39:47.466596499,T,97.26,100,97.31,100,TGT
2025-12-15,9:39:47.466636626,T,97.26,100,97.32,100,TGT
2025-12-15,9:39:47.470094853,T,97.22,100,97.32,100,TGT
2025-12-15,9:39:47.788954429,T,97.22,100,97.31,100,TGT
2025-12-15,9:39:47.788969510,T,97.22,100,97.3,100,TGT
2025-12-15,9:39:47.789009574,T,97.22,100,97.29,100,TGT
2025-12-15,9:39:48.436883109,T,97.22,100,97.28,100,TGT
2025-12-15,9:39:48.633366206,T,97.26,100,97.28,100,TGT
2025-12-15,9:39:51.229275635,T,97.25,100,97.28,100,TGT
2025-12-15,9:39:51.229295621,T,97.25,100,97.27,100,TGT
2025-12-15,9:39:51.229390856,T,97.25,100,97.27,200,TGT
2025-12-15,9:39:51.229531257,T,97.25,300,97.27,200,TGT
2025-12-15,9:39:51.229766762,T,97.25,400,97.27,200,TGT
2025-12-15,9:39:51.229771731,T,97.25,500,97.27,200,TGT
2025-12-15,9:39:51.229786844,T,97.25,200,97.27,200,TGT
2025-12-15,9:39:51.229786844,T,97.25,100,97.27,200,TGT
2025-12-15,9:39:51.229816829,T,97.26,300,97.27,200,TGT
2025-12-15,9:39:51.229851927,T,97.26,200,97.27,200,TGT
2025-12-15,9:39:51.229851927,T,97.26,200,97.27,100,TGT
2025-12-15,9:39:51.229857281,T,97.26,100,97.27,100,TGT
2025-12-15,9:39:51.229872017,T,97.25,100,97.27,100,TGT
2025-12-15,9:39:51.234833837,T,97.25,200,97.27,100,TGT
2025-12-15,9:39:52.324284433,T,97.25,200,97.29,100,TGT
2025-12-15,9:39:53.591929394,T,97.25,200,97.26,100,TGT
2025-12-15,9:39:53.592069733,T,97.25,200,97.26,200,TGT
2025-12-15,9:39:54.534038824,T,97.25,200,97.26,100,TGT
2025-12-15,9:39:54.534038824,T,97.25,200,97.3,100,TGT
2025-12-15,9:39:54.537421871,T,97.25,300,97.3,100,TGT
2025-12-15,9:39:54.699638351,T,97.25,200,97.3,100,TGT
2025-12-15,9:39:55.778282970,T,97.25,300,97.3,100,TGT
2025-12-15,9:39:57.052944882,T,97.25,200,97.3,100,TGT
2025-12-15,9:39:57.763297122,T,97.25,200,97.29,100,TGT
2025-12-15,9:39:57.953555349,T,97.25,200,97.3,100,TGT
2025-12-15,9:39:57.953575536,T,97.26,100,97.3,100,TGT
2025-12-15,9:39:57.953600531,T,97.26,100,97.34,200,TGT
2025-12-15,9:39:57.953625566,T,97.26,100,97.3,100,TGT
2025-12-15,9:39:57.955906034,T,97.27,100,97.3,100,TGT
2025-12-15,9:39:57.955926078,T,97.27,100,97.34,200,TGT
2025-12-15,9:39:57.955951073,T,97.27,100,97.3,100,TGT
2025-12-15,9:39:57.957053716,T,97.26,200,97.3,100,TGT
2025-12-15,9:39:58.069807379,T,97.26,200,97.34,100,TGT
2025-12-15,9:39:58.978417108,T,97.26,100,97.34,100,TGT
2025-12-15,9:40:00.809494549,T,97.27,100,97.34,100,TGT
2025-12-15,9:40:00.850983359,T,97.27,200,97.34,100,TGT
2025-12-15,9:40:00.862270283,T,97.27,100,97.34,100,TGT
2025-12-15,9:40:01.040289455,T,97.27,200,97.34,100,TGT
2025-12-15,9:40:01.075127449,T,97.27,100,97.34,100,TGT
2025-12-15,9:40:01.708536353,T,97.25,100,97.34,100,TGT
2025-12-15,9:40:01.888129309,T,97.27,100,97.34,100,TGT
2025-12-15,9:40:03.874636672,T,97.31,100,97.34,100,TGT
2025-12-15,9:40:03.874711839,T,97.31,100,97.34,200,TGT
2025-12-15,9:40:05.005796591,T,97.3,100,97.34,200,TGT
2025-12-15,9:40:05.005816988,T,97.3,100,97.33,100,TGT
2025-12-15,9:40:05.005826728,T,97.3,100,97.33,200,TGT
2025-12-15,9:40:05.006072180,T,97.3,100,97.33,100,TGT
2025-12-15,9:40:05.006102317,T,97.3,100,97.33,200,TGT
2025-12-15,9:40:05.006137343,T,97.3,100,97.33,100,TGT
2025-12-15,9:40:05.006352957,T,97.3,100,97.33,200,TGT
2025-12-15,9:40:05.006372886,T,97.3,100,97.33,100,TGT
2025-12-15,9:40:05.006377986,T,97.3,100,97.34,200,TGT
2025-12-15,9:40:05.006818980,T,97.31,100,97.34,200,TGT
2025-12-15,9:40:05.007440443,T,97.32,100,97.34,200,TGT
2025-12-15,9:40:05.007445547,T,97.32,100,97.34,100,TGT
2025-12-15,9:40:05.011590387,T,97.31,100,97.34,100,TGT
2025-12-15,9:40:05.015103772,T,97.31,200,97.34,100,TGT
2025-12-15,9:40:05.207321749,T,97.31,100,97.34,100,TGT
2025-12-15,9:40:06.160683029,T,97.33,100,97.34,100,TGT
2025-12-15,9:40:06.162993553,T,97.33,100,97.37,100,TGT
2025-12-15,9:40:06.163028615,T,97.33,200,97.37,100,TGT
2025-12-15,9:40:06.163214405,T,97.33,300,97.37,100,TGT
2025-12-15,9:40:06.163219007,T,97.33,200,97.37,100,TGT
2025-12-15,9:40:06.163394493,T,97.34,100,97.37,100,TGT
2025-12-15,9:40:06.163574930,T,97.34,100,97.4,100,TGT
2025-12-15,9:40:06.164151291,T,97.33,200,97.4,100,TGT
2025-12-15,9:40:06.166020685,T,97.34,100,97.4,100,TGT
2025-12-15,9:40:06.166020685,T,97.35,100,97.4,100,TGT
2025-12-15,9:40:06.166040789,T,97.35,200,97.4,100,TGT
2025-12-15,9:40:06.167524293,T,97.35,100,97.4,100,TGT
2025-12-15,9:40:06.498964202,T,97.36,100,97.4,100,TGT
2025-12-15,9:40:06.498994118,T,97.36,200,97.4,100,TGT
2025-12-15,9:40:06.499134467,T,97.36,200,97.43,100,TGT
2025-12-15,9:40:06.499154460,T,97.37,100,97.43,100,TGT
2025-12-15,9:40:06.499154460,T,97.38,100,97.43,100,TGT
2025-12-15,9:40:06.499710751,T,97.37,200,97.43,100,TGT
2025-12-15,9:40:06.499760913,T,97.37,200,97.48,200,TGT
2025-12-15,9:40:06.510251169,T,97.38,100,97.48,200,TGT
2025-12-15,9:40:06.611862978,T,97.38,100,97.49,100,TGT
2025-12-15,9:40:06.912800115,T,97.37,200,97.49,100,TGT
2025-12-15,9:40:06.912840251,T,97.38,100,97.49,100,TGT
2025-12-15,9:40:07.195954754,T,97.39,100,97.49,100,TGT
2025-12-15,9:40:07.518057128,T,97.4,100,97.49,100,TGT
2025-12-15,9:40:07.521284753,T,97.38,100,97.49,100,TGT
2025-12-15,9:40:07.521294837,T,97.4,100,97.49,100,TGT
2025-12-15,9:40:08.077550024,T,97.4,100,97.52,200,TGT
2025-12-15,9:40:08.814731141,T,97.4,200,97.52,200,TGT
2025-12-15,9:40:08.814736209,T,97.4,100,97.52,200,TGT
2025-12-15,9:40:08.814746233,T,97.4,200,97.52,200,TGT
2025-12-15,9:40:08.814761253,T,97.4,100,97.52,200,TGT
2025-12-15,9:40:08.814766261,T,97.4,200,97.52,200,TGT
2025-12-15,9:40:08.814786340,T,97.4,100,97.52,200,TGT
2025-12-15,9:40:08.814806390,T,97.4,200,97.52,200,TGT
2025-12-15,9:40:08.814891675,T,97.4,100,97.52,200,TGT
2025-12-15,9:40:08.814916639,T,97.4,100,97.52,300,TGT
2025-12-15,9:40:08.814941681,T,97.4,100,97.52,200,TGT
2025-12-15,9:40:08.815623290,T,97.41,100,97.52,200,TGT
2025-12-15,9:40:08.815898892,T,97.4,100,97.52,200,TGT
2025-12-15,9:40:08.816951413,T,97.38,100,97.52,200,TGT
2025-12-15,9:40:08.816986474,T,97.41,100,97.52,200,TGT
2025-12-15,9:40:09.748761352,T,97.42,100,97.52,200,TGT
2025-12-15,9:40:10.646760729,T,97.42,200,97.52,200,TGT
2025-12-15,9:40:10.648214222,T,97.42,100,97.52,200,TGT
2025-12-15,9:40:10.648249334,T,97.43,100,97.52,200,TGT
2025-12-15,9:40:10.766761588,T,97.42,100,97.52,200,TGT
2025-12-15,9:40:10.767348036,T,97.43,100,97.52,200,TGT
2025-12-15,9:40:10.768966858,T,97.42,100,97.52,200,TGT
2025-12-15,9:40:10.769002008,T,97.43,100,97.52,200,TGT
2025-12-15,9:40:10.769042061,T,97.42,100,97.52,200,TGT
2025-12-15,9:40:10.769072181,T,97.42,100,97.52,300,TGT
2025-12-15,9:40:10.769082147,T,97.42,100,97.52,200,TGT
2025-12-15,9:40:10.769498095,T,97.42,100,97.49,100,TGT
2025-12-15,9:40:10.969133716,T,97.42,100,97.52,200,TGT
2025-12-15,9:40:11.139775238,T,97.39,100,97.52,200,TGT
2025-12-15,9:40:11.579452670,T,97.36,200,97.52,200,TGT
2025-12-15,9:40:11.579487801,T,97.36,200,97.5,100,TGT
2025-12-15,9:40:11.579493053,T,97.36,200,97.49,100,TGT
2025-12-15,9:40:11.579507822,T,97.36,200,97.52,200,TGT
2025-12-15,9:40:11.579527878,T,97.36,200,97.46,100,TGT
2025-12-15,9:40:11.579958960,T,97.36,200,97.49,100,TGT
2025-12-15,9:40:11.582023838,T,97.36,200,97.46,100,TGT
2025-12-15,9:40:12.389813244,T,97.39,100,97.46,100,TGT
2025-12-15,9:40:12.616352966,T,97.39,100,97.46,200,TGT
2025-12-15,9:40:12.616423138,T,97.36,100,97.46,200,TGT
2025-12-15,9:40:12.616443710,T,97.36,100,97.45,100,TGT
2025-12-15,9:40:12.616453211,T,97.36,100,97.44,100,TGT
2025-12-15,9:40:12.616483377,T,97.36,100,97.44,200,TGT
2025-12-15,9:40:12.616513334,T,97.36,100,97.42,100,TGT
2025-12-15,9:40:15.458844901,T,97.36,100,97.44,200,TGT
2025-12-15,9:40:16.295428010,T,97.38,100,97.44,200,TGT
2025-12-15,9:40:17.384347216,T,97.38,100,97.44,100,TGT
2025-12-15,9:40:17.750514505,T,97.4,100,97.44,100,TGT
2025-12-15,9:40:17.750549669,T,97.38,100,97.44,100,TGT
2025-12-15,9:40:17.750569630,T,97.38,100,97.42,100,TGT
2025-12-15,9:40:17.750619860,T,97.36,200,97.42,100,TGT
2025-12-15,9:40:17.750664960,T,97.36,200,97.41,100,TGT
2025-12-15,9:40:17.753406477,T,97.36,100,97.41,100,TGT
2025-12-15,9:40:17.753441533,T,97.36,200,97.41,100,TGT
2025-12-15,9:40:17.753461529,T,97.36,200,97.42,100,TGT
2025-12-15,9:40:18.395029996,T,97.36,200,97.44,100,TGT
2025-12-15,9:40:18.395050040,T,97.41,100,97.44,100,TGT
2025-12-15,9:40:18.395050040,T,97.41,100,97.45,100,TGT
2025-12-15,9:40:18.395070159,T,97.41,200,97.45,100,TGT
2025-12-15,9:40:18.395085126,T,97.41,300,97.45,100,TGT
2025-12-15,9:40:18.395741768,T,97.41,300,97.46,100,TGT
2025-12-15,9:40:18.395887086,T,97.42,100,97.46,100,TGT
2025-12-15,9:40:18.395932193,T,97.42,100,97.52,200,TGT
2025-12-15,9:40:18.396142707,T,97.41,200,97.52,200,TGT
2025-12-15,9:40:18.396142707,T,97.41,100,97.52,200,TGT
2025-12-15,9:40:18.396608808,T,97.41,100,97.46,100,TGT
2025-12-15,9:40:18.396924585,T,97.41,100,97.52,200,TGT
2025-12-15,9:40:18.397901957,T,97.41,100,97.46,100,TGT
2025-12-15,9:40:18.398443217,T,97.41,100,97.52,200,TGT
2025-12-15,9:40:18.398513366,T,97.41,200,97.52,200,TGT
2025-12-15,9:40:18.398849121,T,97.41,200,97.52,300,TGT
2025-12-15,9:40:18.399184907,T,97.41,200,97.52,200,TGT
2025-12-15,9:40:18.399310259,T,97.41,200,97.47,100,TGT
2025-12-15,9:40:18.751805064,T,97.41,200,97.52,200,TGT
2025-12-15,9:40:20.020066590,T,97.42,500,97.52,200,TGT
2025-12-15,9:40:22.610803338,T,97.42,600,97.52,200,TGT
2025-12-15,9:40:23.413641110,T,97.42,500,97.52,200,TGT
2025-12-15,9:40:23.438044265,T,97.41,100,97.52,200,TGT
2025-12-15,9:40:23.438089331,T,97.41,100,97.46,100,TGT
2025-12-15,9:40:23.438109384,T,97.41,100,97.44,100,TGT
2025-12-15,9:40:23.438304843,T,97.39,100,97.44,100,TGT
2025-12-15,9:40:23.438445204,T,97.39,100,97.46,100,TGT
2025-12-15,9:40:23.439182061,T,97.39,100,97.52,200,TGT
2025-12-15,9:40:24.738913401,T,97.39,100,97.47,100,TGT
2025-12-15,9:40:27.611466968,T,97.39,100,97.52,200,TGT
2025-12-15,9:40:27.611497427,T,97.43,100,97.52,200,TGT
2025-12-15,9:40:27.611622522,T,97.43,200,97.52,200,TGT
2025-12-15,9:40:27.611727552,T,97.45,100,97.52,200,TGT
2025-12-15,9:40:27.612273856,T,97.43,200,97.52,200,TGT
2025-12-15,9:40:27.613496758,T,97.43,100,97.52,200,TGT
2025-12-15,9:40:27.613672257,T,97.43,100,97.57,200,TGT
2025-12-15,9:40:27.613672257,T,97.43,100,97.56,200,TGT
2025-12-15,9:40:27.614153324,T,97.46,100,97.56,200,TGT
2025-12-15,9:40:27.614203631,T,97.44,100,97.56,200,TGT
2025-12-15,9:40:27.614263568,T,97.47,100,97.56,200,TGT
2025-12-15,9:40:27.618218004,T,97.44,100,97.56,200,TGT
2025-12-15,9:40:27.624282498,T,97.43,100,97.56,200,TGT
2025-12-15,9:40:27.625139567,T,97.43,100,97.57,300,TGT
2025-12-15,9:40:27.711500369,T,97.4,100,97.57,300,TGT
2025-12-15,9:40:27.711525392,T,97.39,200,97.57,300,TGT
2025-12-15,9:40:27.811934671,T,97.39,100,97.57,300,TGT
2025-12-15,9:40:28.737018662,T,97.39,100,97.54,100,TGT
2025-12-15,9:40:30.398837694,T,97.36,200,97.54,100,TGT
2025-12-15,9:40:30.398892930,T,97.44,100,97.54,100,TGT
2025-12-15,9:40:32.174412887,T,97.44,100,97.53,100,TGT
2025-12-15,9:40:32.174412887,T,97.44,100,97.53,200,TGT
2025-12-15,9:40:32.175224830,T,97.44,100,97.53,100,TGT
2025-12-15,9:40:32.175254973,T,97.44,100,97.54,100,TGT
2025-12-15,9:40:32.557395229,T,97.44,100,97.51,100,TGT
2025-12-15,9:40:32.558167070,T,97.45,100,97.51,100,TGT
2025-12-15,9:40:32.560798412,T,97.45,100,97.51,200,TGT
2025-12-15,9:40:32.868361053,T,97.46,100,97.51,200,TGT
2025-12-15,9:40:34.065994175,T,97.46,200,97.51,200,TGT
2025-12-15,9:40:35.814304371,T,97.46,200,97.51,100,TGT
2025-12-15,9:40:35.814309408,T,97.46,200,97.57,200,TGT
2025-12-15,9:40:35.814324477,T,97.5,100,97.57,200,TGT
2025-12-15,9:40:35.815421994,T,97.48,100,97.57,200,TGT
2025-12-15,9:40:35.818203689,T,97.5,100,97.57,200,TGT
2025-12-15,9:40:35.847608654,T,97.5,100,97.54,100,TGT
2025-12-15,9:40:35.921665162,T,97.47,200,97.54,100,TGT
2025-12-15,9:40:35.921665162,T,97.47,100,97.54,100,TGT
2025-12-15,9:40:35.921685190,T,97.47,100,97.52,100,TGT
2025-12-15,9:40:35.921715217,T,97.46,100,97.52,100,TGT
2025-12-15,9:40:35.921740346,T,97.46,100,97.52,200,TGT
2025-12-15,9:40:35.922241864,T,97.46,100,97.52,100,TGT
2025-12-15,9:40:37.792878068,T,97.46,100,97.53,100,TGT
2025-12-15,9:40:37.792898137,T,97.46,200,97.53,100,TGT
2025-12-15,9:40:37.792898137,T,97.46,100,97.53,100,TGT
2025-12-15,9:40:37.792903112,T,97.46,200,97.53,100,TGT
2025-12-15,9:40:37.792913130,T,97.46,200,97.54,100,TGT
2025-12-15,9:40:37.792913130,T,97.47,100,97.54,100,TGT
2025-12-15,9:40:37.792928229,T,97.47,200,97.54,100,TGT
2025-12-15,9:40:37.792933166,T,97.47,100,97.54,100,TGT
2025-12-15,9:40:37.793319111,T,97.47,200,97.54,100,TGT
2025-12-15,9:40:37.893232140,T,97.47,100,97.54,100,TGT
2025-12-15,9:40:37.992904649,T,97.46,100,97.54,100,TGT
2025-12-15,9:40:38.195361965,T,97.45,200,97.54,100,TGT
2025-12-15,9:40:38.208378018,T,97.52,100,97.54,100,TGT
2025-12-15,9:40:38.208438123,T,97.52,100,97.57,200,TGT
2025-12-15,9:40:38.208458194,T,97.52,200,97.57,200,TGT
2025-12-15,9:40:38.208483212,T,97.52,300,97.57,200,TGT
2025-12-15,9:40:38.208543324,T,97.53,100,97.57,200,TGT
2025-12-15,9:40:38.208543324,T,97.53,200,97.57,200,TGT
2025-12-15,9:40:38.208568439,T,97.53,300,97.57,200,TGT
2025-12-15,9:40:38.208708790,T,97.53,200,97.57,200,TGT
2025-12-15,9:40:38.209570836,T,97.53,100,97.57,200,TGT
2025-12-15,9:40:38.310857170,T,97.53,100,97.59,100,TGT
2025-12-15,9:40:38.310877365,T,97.56,100,97.59,100,TGT
2025-12-15,9:40:38.310887361,T,97.56,100,97.6,100,TGT
2025-12-15,9:40:38.310887361,T,97.56,100,97.62,300,TGT
2025-12-15,9:40:38.310912241,T,97.56,100,97.62,100,TGT
2025-12-15,9:40:38.311488677,T,97.56,100,97.64,100,TGT
2025-12-15,9:40:38.311869848,T,97.55,200,97.64,100,TGT
2025-12-15,9:40:38.311899578,T,97.55,200,97.58,100,TGT
2025-12-15,9:40:38.312125121,T,97.55,300,97.58,100,TGT
2025-12-15,9:40:38.312445884,T,97.55,200,97.58,100,TGT
2025-12-15,9:40:38.312776748,T,97.55,200,97.56,100,TGT
2025-12-15,9:40:38.350812391,T,97.55,200,97.64,100,TGT
2025-12-15,9:40:38.350832337,T,97.56,100,97.64,100,TGT
2025-12-15,9:40:38.350902520,T,97.55,200,97.64,100,TGT
2025-12-15,9:40:38.350922636,T,97.55,200,97.58,100,TGT
2025-12-15,9:40:38.351052937,T,97.56,100,97.58,100,TGT
2025-12-15,9:40:38.351128060,T,97.55,200,97.58,100,TGT
2025-12-15,9:40:38.351478884,T,97.55,200,97.59,200,TGT
2025-12-15,9:40:38.411236340,T,97.55,100,97.59,200,TGT
2025-12-15,9:40:38.467485372,T,97.45,100,97.59,200,TGT
2025-12-15,9:40:38.467505715,T,97.45,100,97.56,100,TGT
2025-12-15,9:40:38.467755921,T,97.46,100,97.56,100,TGT
2025-12-15,9:40:38.467966519,T,97.46,200,97.56,100,TGT
2025-12-15,9:40:38.468061712,T,97.46,200,97.59,200,TGT
2025-12-15,9:40:38.468081751,T,97.46,200,97.59,100,TGT
2025-12-15,9:40:38.468107036,T,97.46,200,97.59,200,TGT
2025-12-15,9:40:38.468136913,T,97.46,100,97.59,200,TGT
2025-12-15,9:40:38.468161892,T,97.48,100,97.59,200,TGT
2025-12-15,9:40:38.469770756,T,97.48,100,97.59,100,TGT
2025-12-15,9:40:38.495346712,T,97.49,100,97.59,100,TGT
2025-12-15,9:40:38.495391759,T,97.49,200,97.59,100,TGT
2025-12-15,9:40:38.496033359,T,97.49,300,97.59,100,TGT
2025-12-15,9:40:39.141205377,T,97.49,300,97.64,100,TGT
2025-12-15,9:40:39.254359994,T,97.49,200,97.64,100,TGT
2025-12-15,9:40:39.538642209,T,97.49,100,97.64,100,TGT
2025-12-15,9:40:39.538662285,T,97.5,100,97.64,100,TGT
2025-12-15,9:40:39.539158434,T,97.5,200,97.64,100,TGT
2025-12-15,9:40:39.545087583,T,97.5,200,97.59,100,TGT
2025-12-15,9:40:40.144370315,T,97.51,100,97.59,100,TGT
2025-12-15,9:40:40.144410354,T,97.51,200,97.59,100,TGT
2025-12-15,9:40:40.655954075,T,97.51,100,97.59,100,TGT
2025-12-15,9:40:40.655964108,T,97.52,100,97.59,100,TGT
2025-12-15,9:40:40.655974119,T,97.52,200,97.59,100,TGT
2025-12-15,9:40:40.971495828,T,97.52,100,97.59,100,TGT
2025-12-15,9:40:41.140498473,T,97.45,100,97.59,100,TGT
2025-12-15,9:40:41.140498473,T,97.45,200,97.59,100,TGT
2025-12-15,9:40:41.140503435,T,97.46,100,97.59,100,TGT
2025-12-15,9:40:41.140508600,T,97.46,100,97.66,200,TGT
2025-12-15,9:40:41.140508600,T,97.51,100,97.66,200,TGT
2025-12-15,9:40:41.140508600,T,97.53,100,97.66,200,TGT
2025-12-15,9:40:41.140513486,T,97.53,200,97.66,200,TGT
2025-12-15,9:40:41.140523505,T,97.58,100,97.66,200,TGT
2025-12-15,9:40:41.140533540,T,97.55,100,97.66,200,TGT
2025-12-15,9:40:41.140553994,T,97.55,200,97.66,200,TGT
2025-12-15,9:40:41.140553994,T,97.58,100,97.66,200,TGT
2025-12-15,9:40:41.140568582,T,97.55,200,97.66,200,TGT
2025-12-15,9:40:41.140588713,T,97.55,200,97.64,100,TGT
2025-12-15,9:40:41.144989173,T,97.55,500,97.64,100,TGT
2025-12-15,9:40:41.151314211,T,97.55,400,97.64,100,TGT
2025-12-15,9:40:41.240536801,T,97.55,300,97.64,100,TGT
2025-12-15,9:40:41.306148092,T,97.55,300,97.67,100,TGT
2025-12-15,9:40:42.717515405,T,97.57,100,97.67,100,TGT
2025-12-15,9:40:42.892587560,T,97.58,100,97.67,100,TGT
2025-12-15,9:40:42.893179232,T,97.57,100,97.67,100,TGT
2025-12-15,9:40:43.432794580,T,97.55,300,97.67,100,TGT
2025-12-15,9:40:43.432854700,T,97.55,300,97.64,100,TGT
2025-12-15,9:40:43.439891432,T,97.55,300,97.67,100,TGT
2025-12-15,9:40:43.439951624,T,97.55,300,97.63,100,TGT
2025-12-15,9:40:44.409316212,T,97.55,300,97.62,100,TGT
2025-12-15,9:40:44.410253432,T,97.56,100,97.62,100,TGT
2025-12-15,9:40:44.410253432,T,97.56,100,97.63,100,TGT
2025-12-15,9:40:44.473589244,T,97.58,100,97.63,100,TGT
2025-12-15,9:40:45.436543452,T,97.55,300,97.63,100,TGT
2025-12-15,9:40:45.436623709,T,97.55,300,97.61,100,TGT
2025-12-15,9:40:45.443690526,T,97.55,300,97.63,100,TGT
2025-12-15,9:40:48.013417240,T,97.56,100,97.63,100,TGT
2025-12-15,9:40:48.013452294,T,97.55,300,97.63,100,TGT
2025-12-15,9:40:48.013482449,T,97.55,300,97.63,200,TGT
2025-12-15,9:40:48.013482449,T,97.55,300,97.62,100,TGT
2025-12-15,9:40:48.013507484,T,97.55,300,97.63,100,TGT
2025-12-15,9:40:48.013587598,T,97.55,200,97.63,100,TGT
2025-12-15,9:40:48.013617686,T,97.55,200,97.62,100,TGT
2025-12-15,9:40:48.014229136,T,97.55,200,97.63,100,TGT
2025-12-15,9:40:52.414858199,T,97.55,200,97.64,100,TGT
2025-12-15,9:40:52.419795002,T,97.55,200,97.67,100,TGT
2025-12-15,9:40:52.906514577,T,97.56,100,97.67,100,TGT
2025-12-15,9:40:52.906549699,T,97.55,200,97.67,100,TGT
2025-12-15,9:40:52.906574652,T,97.55,200,97.64,100,TGT
2025-12-15,9:40:52.913601462,T,97.55,200,97.67,100,TGT
2025-12-15,9:40:52.919726051,T,97.55,200,97.64,100,TGT
2025-12-15,9:40:53.195878907,T,97.55,200,97.67,100,TGT
2025-12-15,9:40:55.388908639,T,97.55,300,97.67,100,TGT
2025-12-15,9:41:05.507920925,T,97.55,200,97.67,100,TGT
2025-12-15,9:41:08.592153852,T,97.55,300,97.67,100,TGT
2025-12-15,9:41:08.592609903,T,97.55,200,97.67,100,TGT
2025-12-15,9:41:08.593472014,T,97.55,400,97.67,100,TGT
2025-12-15,9:41:08.593502117,T,97.56,100,97.67,100,TGT
2025-12-15,9:41:08.594253872,T,97.55,400,97.67,100,TGT
2025-12-15,9:41:08.594820149,T,97.56,100,97.67,100,TGT
2025-12-15,9:41:08.915549307,T,97.55,400,97.67,100,TGT
2025-12-15,9:41:10.686758926,T,97.55,200,97.67,100,TGT
2025-12-15,9:41:10.687465703,T,97.55,400,97.67,100,TGT
2025-12-15,9:41:11.572935166,T,97.56,100,97.67,100,TGT
2025-12-15,9:41:11.572940146,T,97.58,100,97.67,100,TGT
2025-12-15,9:41:11.573245900,T,97.59,100,97.67,100,TGT
2025-12-15,9:41:11.573401276,T,97.59,100,97.71,200,TGT
2025-12-15,9:41:11.573501496,T,97.61,100,97.71,200,TGT
2025-12-15,9:41:11.573546654,T,97.62,100,97.71,200,TGT
2025-12-15,9:41:11.573872402,T,97.61,100,97.71,200,TGT
2025-12-15,9:41:11.575175455,T,97.63,100,97.71,200,TGT
2025-12-15,9:41:11.576478566,T,97.61,200,97.71,200,TGT
2025-12-15,9:41:13.053387197,T,97.61,300,97.71,200,TGT
2025-12-15,9:41:13.053597697,T,97.61,400,97.71,200,TGT
