DATE,TIME_M,EX,BID,BIDSIZ,ASK,ASKSIZ,SYM_ROOT
2025-11-17,9:30:00.016812120,T,89.51,100,90.1,100,TGT
2025-11-17,9:30:00.415301548,T,89.5,1000,90.1,100,TGT
2025-11-17,9:30:00.416729922,T,89.5,1000,89.9,100,TGT
2025-11-17,9:30:00.416764958,T,89.5,1000,89.89,100,TGT
2025-11-17,9:30:00.435384375,T,89.5,1000,89.99,100,TGT
2025-11-17,9:30:00.435419402,T,89.5,1000,90.1,100,TGT
2025-11-17,9:30:01.144399012,T,89.5,1000,90.1,100,TGT
2025-11-17,9:30:01.145952338,T,89.5,800,90.1,100,TGT
2025-11-17,9:30:01.145967373,T,89.5,500,90.1,100,TGT
2025-11-17,9:30:01.145982341,T,89.5,500,89.99,100,TGT
2025-11-17,9:30:01.145987362,T,89.5,500,89.7,100,TGT
2025-11-17,9:30:01.146182792,T,89.39,5000,89.7,100,TGT
2025-11-17,9:30:01.146273048,T,89.39,5000,89.6,100,TGT
2025-11-17,9:30:01.147566093,T,89.39,5000,89.66,100,TGT
2025-11-17,9:30:01.148037268,T,89.39,5000,89.7,100,TGT
2025-11-17,9:30:01.148573587,T,89.39,5000,89.66,100,TGT
2025-11-17,9:30:01.148588568,T,89.39,4400,89.66,100,TGT
2025-11-17,9:30:01.148693795,T,89.39,4400,89.65,100,TGT
2025-11-17,9:30:01.148728884,T,89.39,4400,89.53,100,TGT
2025-11-17,9:30:01.149134892,T,89.39,4500,89.53,100,TGT
2025-11-17,9:30:01.150548254,T,89.39,4400,89.53,100,TGT
2025-11-17,9:30:01.153946651,T,89.39,3600,89.53,100,TGT
2025-11-17,9:30:01.153981377,T,89.39,100,89.53,100,TGT
2025-11-17,9:30:01.153981377,T,89.0,200,89.53,100,TGT
2025-11-17,9:30:01.153991434,T,89.39,5000,89.53,100,TGT
2025-11-17,9:30:01.154001525,T,89.39,5000,89.5,100,TGT
2025-11-17,9:30:01.154006496,T,89.39,5000,89.45,100,TGT
2025-11-17,9:30:01.154988785,T,89.39,4900,89.45,100,TGT
2025-11-17,9:30:01.155008874,T,89.39,2900,89.45,100,TGT
2025-11-17,9:30:01.155008874,T,89.39,800,89.45,100,TGT
2025-11-17,9:30:01.155013958,T,89.0,200,89.45,100,TGT
2025-11-17,9:30:01.155028942,T,89.39,5000,89.45,100,TGT
2025-11-17,9:30:01.155038943,T,89.39,5000,89.42,100,TGT
2025-11-17,9:30:01.155038943,T,89.39,4900,89.42,100,TGT
2025-11-17,9:30:01.155059010,T,89.39,4800,89.42,100,TGT
2025-11-17,9:30:01.155074067,T,89.39,4800,89.44,100,TGT
2025-11-17,9:30:01.155089059,T,89.39,4800,89.45,100,TGT
2025-11-17,9:30:01.155229412,T,89.39,4800,89.45,200,TGT
2025-11-17,9:30:01.155349658,T,89.39,4800,89.45,100,TGT
2025-11-17,9:30:01.155690532,T,89.39,4900,89.45,100,TGT
2025-11-17,9:30:01.155710596,T,89.39,4800,89.45,100,TGT
2025-11-17,9:30:01.155845901,T,89.39,4900,89.45,100,TGT
2025-11-17,9:30:01.157549932,T,89.39,4800,89.45,100,TGT
2025-11-17,9:30:01.157549932,T,89.39,4400,89.45,100,TGT
2025-11-17,9:30:01.157584980,T,89.39,4400,89.45,200,TGT
2025-11-17,9:30:01.157700304,T,89.39,4400,89.45,100,TGT
2025-11-17,9:30:01.159449587,T,89.39,4400,89.5,100,TGT
2025-11-17,9:30:01.169012238,T,89.39,4300,89.5,100,TGT
2025-11-17,9:30:01.169172674,T,89.39,3800,89.5,100,TGT
2025-11-17,9:30:01.171643553,T,89.39,3800,89.5,200,TGT
2025-11-17,9:30:01.172049601,T,89.39,3800,89.49,100,TGT
2025-11-17,9:30:01.172174817,T,89.39,3900,89.49,100,TGT
2025-11-17,9:30:01.172661004,T,89.39,3800,89.49,100,TGT
2025-11-17,9:30:01.172901507,T,89.39,3800,89.5,200,TGT
2025-11-17,9:30:01.172941561,T,89.39,3900,89.5,200,TGT
2025-11-17,9:30:01.173452944,T,89.39,3800,89.5,200,TGT
2025-11-17,9:30:01.173668322,T,89.39,3900,89.5,200,TGT
2025-11-17,9:30:01.174004099,T,89.39,3900,89.5,100,TGT
2025-11-17,9:30:01.174770959,T,89.39,3800,89.5,100,TGT
2025-11-17,9:30:01.175257086,T,89.39,3900,89.5,100,TGT
2025-11-17,9:30:01.175838475,T,89.39,3800,89.5,100,TGT
2025-11-17,9:30:01.182003159,T,89.39,3800,89.52,100,TGT
2025-11-17,9:30:01.182053256,T,89.39,3800,89.7,100,TGT
2025-11-17,9:30:01.183020587,T,89.39,3800,89.7,200,TGT
2025-11-17,9:30:01.183090780,T,89.39,3900,89.7,200,TGT
2025-11-17,9:30:01.187386058,T,89.39,3900,89.5,100,TGT
2025-11-17,9:30:01.211237901,T,89.39,3800,89.5,100,TGT
2025-11-17,9:30:01.212064800,T,89.39,3800,89.5,200,TGT
2025-11-17,9:30:01.224790182,T,89.39,3800,89.5,100,TGT
2025-11-17,9:30:01.224830272,T,89.39,3800,89.7,100,TGT
2025-11-17,9:30:01.224850307,T,89.45,100,89.7,100,TGT
2025-11-17,9:30:01.225902751,T,89.45,200,89.7,100,TGT
2025-11-17,9:30:01.226193468,T,89.45,200,89.7,200,TGT
2025-11-17,9:30:01.249368725,T,89.45,100,89.7,200,TGT
2025-11-17,9:30:01.250406394,T,89.39,3900,89.7,200,TGT
2025-11-17,9:30:01.250852281,T,89.39,3800,89.7,200,TGT
2025-11-17,9:30:01.251423567,T,89.39,3900,89.7,200,TGT
2025-11-17,9:30:01.353326374,T,89.39,3800,89.7,200,TGT
2025-11-17,9:30:01.431728182,T,89.39,3900,89.7,200,TGT
2025-11-17,9:30:01.435427066,T,89.39,3900,89.69,100,TGT
2025-11-17,9:30:01.437146095,T,89.39,3900,89.69,200,TGT
2025-11-17,9:30:01.485802096,T,89.39,3900,89.69,100,TGT
2025-11-17,9:30:01.698513903,T,89.39,3800,89.69,100,TGT
2025-11-17,9:30:01.748608245,T,89.39,3800,89.55,100,TGT
2025-11-17,9:30:01.956809313,T,89.39,3800,89.55,200,TGT
2025-11-17,9:30:02.268110815,T,89.42,100,89.55,200,TGT
2025-11-17,9:30:02.268120844,T,89.42,100,89.55,100,TGT
2025-11-17,9:30:02.283116568,T,89.39,3900,89.55,100,TGT
2025-11-17,9:30:02.665617818,T,89.39,3900,89.7,100,TGT
2025-11-17,9:30:02.665642925,T,89.49,100,89.7,100,TGT
2025-11-17,9:30:02.675667374,T,89.41,100,89.7,100,TGT
2025-11-17,9:30:02.675671813,T,89.39,3900,89.7,100,TGT
2025-11-17,9:30:02.836570090,T,89.41,100,89.7,100,TGT
2025-11-17,9:30:02.836580106,T,89.42,100,89.7,100,TGT
2025-11-17,9:30:02.836595114,T,89.41,100,89.7,100,TGT
2025-11-17,9:30:02.837141448,T,89.39,3900,89.7,100,TGT
2025-11-17,9:30:02.916756110,T,89.49,100,89.7,100,TGT
2025-11-17,9:30:02.925517000,T,89.39,3900,89.7,100,TGT
2025-11-17,9:30:03.014388675,T,89.49,100,89.7,100,TGT
2025-11-17,9:30:03.205128066,T,89.49,200,89.7,100,TGT
2025-11-17,9:30:03.217011296,T,89.49,100,89.7,100,TGT
2025-11-17,9:30:03.749529922,T,89.49,100,89.69,100,TGT
2025-11-17,9:30:04.019402858,T,89.49,100,89.7,100,TGT
2025-11-17,9:30:04.731393962,T,89.49,100,89.69,100,TGT
2025-11-17,9:30:05.057029784,T,89.49,100,89.6,100,TGT
2025-11-17,9:30:05.057054807,T,89.49,100,89.69,100,TGT
2025-11-17,9:30:05.057746419,T,89.49,100,89.7,100,TGT
2025-11-17,9:30:05.064983833,T,89.58,100,89.7,100,TGT
2025-11-17,9:30:05.065079340,T,89.58,100,89.65,100,TGT
2025-11-17,9:30:05.065179176,T,89.58,100,89.7,100,TGT
2025-11-17,9:30:05.065199205,T,89.62,100,89.7,100,TGT
2025-11-17,9:30:05.065219287,T,89.62,100,89.99,100,TGT
2025-11-17,9:30:05.067680142,T,89.62,100,89.75,100,TGT
2025-11-17,9:30:05.070351500,T,89.61,100,89.75,100,TGT
2025-11-17,9:30:05.077653844,T,89.59,100,89.75,100,TGT
2025-11-17,9:30:05.156040643,T,89.61,100,89.75,100,TGT
2025-11-17,9:30:06.311162388,T,89.61,100,89.99,100,TGT
2025-11-17,9:30:06.311844026,T,89.61,200,89.99,100,TGT
2025-11-17,9:30:06.312560686,T,89.61,200,89.74,100,TGT
2025-11-17,9:30:06.323120931,T,89.61,100,89.74,100,TGT
2025-11-17,9:30:07.679953244,T,89.61,100,89.74,200,TGT
2025-11-17,9:30:09.200189921,T,89.61,100,89.74,300,TGT
2025-11-17,9:30:09.260222927,T,89.61,100,89.74,200,TGT
2025-11-17,9:30:09.686674120,T,89.61,100,89.74,300,TGT
2025-11-17,9:30:09.921007336,T,89.61,100,89.74,200,TGT
2025-11-17,9:30:15.007795651,T,89.61,100,89.74,300,TGT
2025-11-17,9:30:15.087204797,T,89.61,100,89.74,200,TGT
2025-11-17,9:30:15.741032429,T,89.61,100,89.74,300,TGT
2025-11-17,9:30:18.734488878,T,89.61,100,89.74,200,TGT
2025-11-17,9:30:19.381449892,T,89.61,100,89.74,300,TGT
2025-11-17,9:30:19.460603541,T,89.61,100,89.74,200,TGT
2025-11-17,9:30:19.460628592,T,89.61,100,89.74,100,TGT
2025-11-17,9:30:19.460628592,T,89.61,100,89.9,100,TGT
2025-11-17,9:30:19.460649049,T,89.68,100,89.9,100,TGT
2025-11-17,9:30:19.460653640,T,89.71,100,89.9,100,TGT
2025-11-17,9:30:19.461986782,T,89.68,200,89.9,100,TGT
2025-11-17,9:30:19.462026912,T,89.68,100,89.9,100,TGT
2025-11-17,9:30:19.462548440,T,89.68,100,89.94,100,TGT
2025-11-17,9:30:19.462568254,T,89.68,200,89.94,100,TGT
2025-11-17,9:30:19.462573248,T,89.69,100,89.94,100,TGT
2025-11-17,9:30:19.462588194,T,89.7,100,89.94,100,TGT
2025-11-17,9:30:19.462728593,T,89.7,100,89.75,100,TGT
2025-11-17,9:30:19.462753774,T,89.7,100,89.9,100,TGT
2025-11-17,9:30:19.462753774,T,89.7,100,89.94,100,TGT
2025-11-17,9:30:19.464472792,T,89.7,100,89.79,100,TGT
2025-11-17,9:30:19.468306895,T,89.7,100,89.94,100,TGT
2025-11-17,9:30:19.471785124,T,89.7,100,89.79,100,TGT
2025-11-17,9:30:19.472762459,T,89.68,100,89.79,100,TGT
2025-11-17,9:30:19.483372809,T,89.62,100,89.79,100,TGT
2025-11-17,9:30:19.560707009,T,89.56,200,89.79,100,TGT
2025-11-17,9:30:19.560927544,T,89.56,300,89.79,100,TGT
2025-11-17,9:30:19.660670140,T,89.56,200,89.79,100,TGT
2025-11-17,9:30:19.661421951,T,89.56,100,89.79,100,TGT
2025-11-17,9:30:19.661973219,T,89.56,200,89.79,100,TGT
2025-11-17,9:30:19.662314023,T,89.56,200,89.94,100,TGT
2025-11-17,9:30:19.663060808,T,89.56,300,89.94,100,TGT
2025-11-17,9:30:19.663732438,T,89.56,300,89.79,100,TGT
2025-11-17,9:30:19.687198322,T,89.56,200,89.79,100,TGT
2025-11-17,9:30:19.814586772,T,89.56,100,89.79,100,TGT
2025-11-17,9:30:19.815303535,T,89.56,100,89.94,100,TGT
2025-11-17,9:30:19.815328536,T,89.56,200,89.94,100,TGT
2025-11-17,9:30:19.836779687,T,89.64,100,89.94,100,TGT
2025-11-17,9:30:19.837165662,T,89.64,100,89.78,100,TGT
2025-11-17,9:30:19.846808522,T,89.62,100,89.78,100,TGT
2025-11-17,9:30:19.846808522,T,89.56,200,89.78,100,TGT
2025-11-17,9:30:19.855459229,T,89.56,200,89.94,100,TGT
2025-11-17,9:30:19.855479241,T,89.64,100,89.94,100,TGT
2025-11-17,9:30:19.855479241,T,89.74,100,89.94,100,TGT
2025-11-17,9:30:19.862530998,T,89.71,100,89.94,100,TGT
2025-11-17,9:30:19.863252741,T,89.71,100,89.84,100,TGT
2025-11-17,9:30:19.871021306,T,89.71,100,89.84,200,TGT
2025-11-17,9:30:19.874790187,T,89.56,200,89.84,200,TGT
2025-11-17,9:30:19.887280038,T,89.56,200,89.84,100,TGT
2025-11-17,9:30:20.601747064,T,89.56,200,89.94,100,TGT
2025-11-17,9:30:20.675608013,T,89.56,200,89.85,100,TGT
2025-11-17,9:30:20.682905438,T,89.56,100,89.85,100,TGT
2025-11-17,9:30:21.267112090,T,89.64,100,89.85,100,TGT
2025-11-17,9:30:21.525668079,T,89.64,100,89.9,100,TGT
2025-11-17,9:30:21.525688235,T,89.64,100,89.94,100,TGT
2025-11-17,9:30:21.525688235,T,89.69,100,89.94,100,TGT
2025-11-17,9:30:21.525708216,T,89.7,100,89.94,100,TGT
2025-11-17,9:30:21.525708216,T,89.78,100,89.94,100,TGT
2025-11-17,9:30:21.526956235,T,89.78,200,89.94,100,TGT
2025-11-17,9:30:21.527181727,T,89.78,100,89.94,100,TGT
2025-11-17,9:30:21.532739985,T,89.7,100,89.94,100,TGT
2025-11-17,9:30:21.532980503,T,89.69,100,89.94,100,TGT
2025-11-17,9:30:21.533461753,T,89.69,100,89.9,100,TGT
2025-11-17,9:30:21.533491819,T,89.7,100,89.9,100,TGT
2025-11-17,9:30:21.539892022,T,89.7,100,89.94,100,TGT
2025-11-17,9:30:21.540227822,T,89.7,100,89.9,100,TGT
2025-11-17,9:30:21.540944497,T,89.7,100,89.9,200,TGT
2025-11-17,9:30:21.676452405,T,89.7,100,89.9,100,TGT
2025-11-17,9:30:21.725820007,T,89.69,100,89.9,100,TGT
2025-11-17,9:30:23.673014061,T,89.69,100,89.91,100,TGT
2025-11-17,9:30:23.673018875,T,89.69,100,89.94,100,TGT
2025-11-17,9:30:23.673018875,T,89.69,100,89.95,100,TGT
2025-11-17,9:30:23.673023862,T,89.69,100,89.99,100,TGT
2025-11-17,9:30:23.673023862,T,89.69,100,90.0,400,TGT
2025-11-17,9:30:23.673038905,T,89.85,100,90.0,400,TGT
2025-11-17,9:30:23.680100708,T,89.79,100,90.0,400,TGT
2025-11-17,9:30:23.774831433,T,89.73,100,90.0,400,TGT
2025-11-17,9:30:25.040772704,T,89.79,100,90.0,400,TGT
2025-11-17,9:30:25.040777361,T,89.81,100,90.0,400,TGT
2025-11-17,9:30:25.040777361,T,89.87,100,90.0,400,TGT
2025-11-17,9:30:25.041223361,T,89.87,200,90.0,400,TGT
2025-11-17,9:30:25.047803972,T,89.87,100,90.0,400,TGT
2025-11-17,9:30:25.070407840,T,89.81,100,90.0,400,TGT
2025-11-17,9:30:25.097667784,T,89.81,100,90.0,300,TGT
2025-11-17,9:30:25.097693531,T,89.81,100,90.0,200,TGT
2025-11-17,9:30:25.097697883,T,89.81,100,90.0,100,TGT
2025-11-17,9:30:25.097697883,T,89.89,100,90.0,100,TGT
2025-11-17,9:30:25.097697883,T,89.93,100,90.0,100,TGT
2025-11-17,9:30:25.097712872,T,89.93,100,90.1,100,TGT
2025-11-17,9:30:25.097722964,T,89.93,100,90.15,1100,TGT
2025-11-17,9:30:25.097753044,T,89.94,100,90.15,1100,TGT
2025-11-17,9:30:25.097988604,T,89.94,100,90.1,100,TGT
2025-11-17,9:30:25.097993641,T,89.94,100,90.1,200,TGT
2025-11-17,9:30:25.098304280,T,89.97,100,90.1,200,TGT
2025-11-17,9:30:25.098840651,T,89.97,100,90.1,300,TGT
2025-11-17,9:30:25.098845736,T,89.9,100,90.1,300,TGT
2025-11-17,9:30:25.098865952,T,89.9,100,90.02,100,TGT
2025-11-17,9:30:25.098865952,T,89.9,100,89.98,100,TGT
2025-11-17,9:30:25.098870693,T,89.9,100,89.98,200,TGT
2025-11-17,9:30:25.098880645,T,89.9,100,89.97,100,TGT
2025-11-17,9:30:25.098880645,T,89.9,100,89.97,200,TGT
2025-11-17,9:30:25.098885764,T,89.89,100,89.97,200,TGT
2025-11-17,9:30:25.098910892,T,89.89,100,89.95,100,TGT
2025-11-17,9:30:25.098910892,T,89.89,100,89.95,200,TGT
2025-11-17,9:30:25.098980919,T,89.89,100,89.95,300,TGT
2025-11-17,9:30:25.099081125,T,89.89,100,89.95,200,TGT
2025-11-17,9:30:25.099081125,T,89.89,100,89.95,100,TGT
2025-11-17,9:30:25.099086162,T,89.89,100,90.02,100,TGT
2025-11-17,9:30:25.099101226,T,89.93,100,90.02,100,TGT
2025-11-17,9:30:25.099291691,T,89.93,100,89.98,100,TGT
2025-11-17,9:30:25.099442010,T,89.93,100,90.02,100,TGT
2025-11-17,9:30:25.099462049,T,89.95,100,90.02,100,TGT
2025-11-17,9:30:25.099833020,T,89.94,100,90.02,100,TGT
2025-11-17,9:30:25.099858029,T,89.94,100,89.99,100,TGT
2025-11-17,9:30:25.099903103,T,89.93,100,89.99,100,TGT
2025-11-17,9:30:25.099943269,T,89.93,100,89.96,100,TGT
2025-11-17,9:30:25.099968299,T,89.89,100,89.96,100,TGT
2025-11-17,9:30:25.099968299,T,89.89,100,89.97,100,TGT
2025-11-17,9:30:25.099988363,T,89.89,100,89.95,100,TGT
2025-11-17,9:30:25.100063460,T,89.89,100,89.95,200,TGT
2025-11-17,9:30:25.100248987,T,89.89,100,89.94,100,TGT
2025-11-17,9:30:25.100294105,T,89.83,100,89.94,100,TGT
2025-11-17,9:30:25.100299073,T,89.83,100,89.94,200,TGT
2025-11-17,9:30:25.100314103,T,89.83,100,89.93,100,TGT
2025-11-17,9:30:25.100364222,T,89.83,100,89.93,200,TGT
2025-11-17,9:30:25.100434445,T,89.79,100,89.93,200,TGT
2025-11-17,9:30:25.100449421,T,89.79,100,89.92,100,TGT
2025-11-17,9:30:25.100499599,T,89.79,100,89.92,200,TGT
2025-11-17,9:30:25.100710090,T,89.73,100,89.92,200,TGT
2025-11-17,9:30:25.100740165,T,89.73,100,89.91,100,TGT
2025-11-17,9:30:25.100770294,T,89.73,100,89.9,100,TGT
2025-11-17,9:30:25.100820344,T,89.73,100,89.9,200,TGT
2025-11-17,9:30:25.100845321,T,89.73,100,89.9,100,TGT
2025-11-17,9:30:25.101015738,T,89.73,100,89.9,200,TGT
2025-11-17,9:30:25.101035802,T,89.73,100,89.9,300,TGT
2025-11-17,9:30:25.101086271,T,89.73,100,89.9,200,TGT
2025-11-17,9:30:25.101086271,T,89.73,100,89.9,300,TGT
2025-11-17,9:30:25.101381654,T,89.73,100,89.89,100,TGT
2025-11-17,9:30:25.101426997,T,89.73,100,89.89,200,TGT
2025-11-17,9:30:25.101867829,T,89.73,100,89.88,100,TGT
2025-11-17,9:30:25.101902944,T,89.73,100,89.86,100,TGT
2025-11-17,9:30:25.101933003,T,89.73,100,89.88,100,TGT
2025-11-17,9:30:25.101948035,T,89.73,100,89.86,100,TGT
2025-11-17,9:30:25.101973095,T,89.73,100,89.86,200,TGT
2025-11-17,9:30:25.102905326,T,89.69,100,89.86,200,TGT
2025-11-17,9:30:25.102935322,T,89.69,100,89.85,100,TGT
2025-11-17,9:30:25.102975468,T,89.69,100,89.85,200,TGT
2025-11-17,9:30:25.102975468,T,89.69,100,89.85,100,TGT
2025-11-17,9:30:25.102985501,T,89.69,100,89.85,200,TGT
2025-11-17,9:30:25.103005486,T,89.69,100,89.85,300,TGT
2025-11-17,9:30:25.103186516,T,89.69,100,89.85,200,TGT
2025-11-17,9:30:25.103190914,T,89.69,100,89.85,300,TGT
2025-11-17,9:30:25.103216289,T,89.69,100,89.85,200,TGT
2025-11-17,9:30:25.103251296,T,89.69,100,89.85,300,TGT
2025-11-17,9:30:25.103256066,T,89.69,100,89.85,200,TGT
2025-11-17,9:30:25.103301201,T,89.73,100,89.85,200,TGT
2025-11-17,9:30:25.103306228,T,89.73,100,89.85,100,TGT
2025-11-17,9:30:25.103311280,T,89.69,100,89.85,100,TGT
2025-11-17,9:30:25.103336318,T,89.73,100,89.85,100,TGT
2025-11-17,9:30:25.103401517,T,89.74,100,89.85,100,TGT
2025-11-17,9:30:25.103431532,T,89.73,100,89.85,100,TGT
2025-11-17,9:30:25.103466663,T,89.73,100,89.99,200,TGT
2025-11-17,9:30:25.103486771,T,89.73,100,89.99,100,TGT
2025-11-17,9:30:25.103491707,T,89.75,100,89.99,100,TGT
2025-11-17,9:30:25.103491707,T,89.78,100,89.99,100,TGT
2025-11-17,9:30:25.103496702,T,89.79,100,89.99,100,TGT
2025-11-17,9:30:25.103516691,T,89.79,100,89.99,200,TGT
2025-11-17,9:30:25.103526757,T,89.8,100,89.99,200,TGT
2025-11-17,9:30:25.103566943,T,89.8,100,89.99,100,TGT
2025-11-17,9:30:25.103566943,T,89.8,100,89.99,200,TGT
2025-11-17,9:30:25.103621934,T,89.8,100,89.99,100,TGT
2025-11-17,9:30:25.103627328,T,89.8,100,89.99,200,TGT
2025-11-17,9:30:25.103682131,T,89.8,100,89.99,100,TGT
2025-11-17,9:30:25.103682131,T,89.8,100,89.99,200,TGT
2025-11-17,9:30:25.103692197,T,89.8,100,89.96,100,TGT
2025-11-17,9:30:25.103722175,T,89.8,100,89.89,100,TGT
2025-11-17,9:30:25.103787554,T,89.79,100,89.89,100,TGT
2025-11-17,9:30:25.103812411,T,89.79,100,89.99,200,TGT
2025-11-17,9:30:25.103812411,T,89.79,100,89.89,100,TGT
2025-11-17,9:30:25.103817424,T,89.79,100,89.99,200,TGT
2025-11-17,9:30:25.103997868,T,89.79,100,89.99,100,TGT
2025-11-17,9:30:25.104033014,T,89.79,100,89.99,200,TGT
2025-11-17,9:30:25.107516223,T,89.78,100,89.99,200,TGT
2025-11-17,9:30:25.110327943,T,89.78,100,89.99,100,TGT
2025-11-17,9:30:25.113455430,T,89.73,100,89.99,100,TGT
2025-11-17,9:30:25.113776141,T,89.73,100,89.99,200,TGT
2025-11-17,9:30:25.120246576,T,89.78,100,89.99,200,TGT
2025-11-17,9:30:25.266850836,T,89.78,100,89.99,100,TGT
2025-11-17,9:30:26.667081574,T,89.78,100,90.1,100,TGT
2025-11-17,9:30:26.742661791,T,89.83,100,90.1,100,TGT
2025-11-17,9:30:26.793207065,T,89.83,100,89.98,100,TGT
2025-11-17,9:30:26.793628128,T,89.83,100,89.98,200,TGT
2025-11-17,9:30:26.978613802,T,89.83,100,89.98,100,TGT
2025-11-17,9:30:31.062903816,T,89.79,100,89.98,100,TGT
2025-11-17,9:30:31.062924004,T,89.78,200,89.98,100,TGT
2025-11-17,9:30:31.062928833,T,89.78,100,89.98,100,TGT
2025-11-17,9:30:31.062928833,T,89.78,100,89.97,100,TGT
2025-11-17,9:30:31.062933810,T,89.78,100,89.96,100,TGT
2025-11-17,9:30:31.062948867,T,89.78,100,89.89,100,TGT
2025-11-17,9:30:31.062989027,T,89.78,100,89.89,200,TGT
2025-11-17,9:30:31.064046484,T,89.73,100,89.89,200,TGT
2025-11-17,9:30:31.064076928,T,89.73,100,89.88,100,TGT
2025-11-17,9:30:31.064076928,T,89.69,100,89.88,100,TGT
2025-11-17,9:30:31.064111701,T,89.69,100,89.87,100,TGT
2025-11-17,9:30:31.064136663,T,89.69,100,89.86,100,TGT
2025-11-17,9:30:31.065104055,T,89.64,100,89.86,100,TGT
2025-11-17,9:30:31.065124125,T,89.64,100,89.85,100,TGT
2025-11-17,9:30:31.065129121,T,89.64,100,89.86,100,TGT
2025-11-17,9:30:31.065149134,T,89.5,100,89.86,100,TGT
2025-11-17,9:30:31.065159108,T,89.5,100,89.84,100,TGT
2025-11-17,9:30:31.065344595,T,89.5,100,89.83,100,TGT
2025-11-17,9:30:31.065354641,T,89.5,100,89.84,100,TGT
2025-11-17,9:30:31.065565116,T,89.5,100,89.83,100,TGT
2025-11-17,9:30:31.065930976,T,89.5,200,89.83,100,TGT
2025-11-17,9:30:31.066507400,T,89.5,200,89.83,200,TGT
2025-11-17,9:30:31.083477804,T,89.5,100,89.83,200,TGT
2025-11-17,9:30:31.084525247,T,89.5,200,89.83,200,TGT
2025-11-17,9:30:31.209392752,T,89.5,200,89.83,100,TGT
2025-11-17,9:30:31.209613216,T,89.5,200,89.86,100,TGT
2025-11-17,9:30:31.265150574,T,89.5,200,89.88,100,TGT
2025-11-17,9:30:31.267481170,T,89.5,100,89.88,100,TGT
2025-11-17,9:30:31.566703953,T,89.5,100,89.88,200,TGT
2025-11-17,9:30:31.566734041,T,89.5,100,89.86,100,TGT
2025-11-17,9:30:31.566769075,T,89.41,100,89.86,100,TGT
2025-11-17,9:30:31.700207055,T,89.41,100,89.86,200,TGT
2025-11-17,9:30:32.275948651,T,89.41,100,89.86,100,TGT
2025-11-17,9:30:33.800249945,T,89.41,100,89.88,100,TGT
2025-11-17,9:30:34.625511082,T,89.5,100,89.88,100,TGT
2025-11-17,9:30:34.625516101,T,89.5,100,89.9,100,TGT
2025-11-17,9:30:34.625516101,T,89.5,100,89.96,100,TGT
2025-11-17,9:30:34.625556084,T,89.5,100,89.98,100,TGT
2025-11-17,9:30:34.852687253,T,89.5,100,90.1,100,TGT
2025-11-17,9:30:34.852727293,T,89.41,100,90.1,100,TGT
2025-11-17,9:30:34.852787440,T,89.5,100,90.1,100,TGT
2025-11-17,9:30:34.866725708,T,89.5,100,90.09,100,TGT
2025-11-17,9:30:37.637656904,T,89.5,100,90.09,200,TGT
2025-11-17,9:30:37.638919997,T,89.5,100,90.09,100,TGT
2025-11-17,9:30:37.700336195,T,89.41,100,90.09,100,TGT
2025-11-17,9:30:37.700336195,T,89.41,100,90.09,200,TGT
2025-11-17,9:30:37.712996464,T,89.5,100,90.09,200,TGT
2025-11-17,9:30:37.898217610,T,89.5,100,90.09,100,TGT
2025-11-17,9:30:38.092029603,T,89.41,100,90.09,100,TGT
2025-11-17,9:30:38.092029603,T,89.41,100,90.09,200,TGT
2025-11-17,9:30:39.831864266,T,89.41,100,90.09,100,TGT
2025-11-17,9:30:39.831869285,T,89.5,100,90.09,100,TGT
2025-11-17,9:30:41.110099421,T,89.5,100,90.1,100,TGT
2025-11-17,9:30:42.051647459,T,89.41,100,90.1,100,TGT
2025-11-17,9:30:42.051677645,T,89.41,100,90.09,100,TGT
2025-11-17,9:30:42.052168708,T,89.5,100,90.09,100,TGT
2025-11-17,9:30:42.292385983,T,89.5,100,90.1,100,TGT
2025-11-17,9:30:42.894375116,T,89.41,100,90.1,100,TGT
2025-11-17,9:30:42.894385193,T,89.41,100,90.09,100,TGT
2025-11-17,9:30:43.977295031,T,89.41,100,90.1,100,TGT
2025-11-17,9:30:43.977300005,T,89.5,100,90.1,100,TGT
2025-11-17,9:30:45.203626618,T,89.5,100,90.0,100,TGT
2025-11-17,9:30:45.203661711,T,89.41,100,90.0,100,TGT
2025-11-17,9:30:45.204047536,T,89.41,100,90.0,200,TGT
2025-11-17,9:30:45.204308224,T,89.5,100,90.0,200,TGT
2025-11-17,9:30:45.564145454,T,89.41,100,90.0,200,TGT
2025-11-17,9:30:47.046196052,T,89.5,100,90.0,200,TGT
2025-11-17,9:30:47.394114883,T,89.41,100,90.0,200,TGT
2025-11-17,9:30:47.408183498,T,89.5,100,90.0,200,TGT
2025-11-17,9:30:47.408604458,T,89.5,100,90.0,100,TGT
2025-11-17,9:30:49.558481149,T,89.41,100,90.0,100,TGT
2025-11-17,9:30:53.202597556,T,89.5,100,90.0,100,TGT
2025-11-17,9:30:53.202838077,T,89.5,100,90.1,100,TGT
2025-11-17,9:30:53.454086611,T,89.41,100,90.1,100,TGT
2025-11-17,9:30:53.638125127,T,89.5,100,90.1,100,TGT
2025-11-17,9:30:53.638165143,T,89.5,100,90.0,100,TGT
2025-11-17,9:30:53.639533442,T,89.5,100,90.1,100,TGT
2025-11-17,9:30:53.840472146,T,89.5,100,90.09,100,TGT
2025-11-17,9:30:53.840472146,T,89.5,100,90.0,100,TGT
2025-11-17,9:30:53.841514590,T,89.5,100,90.1,100,TGT
2025-11-17,9:30:55.310419120,T,89.41,100,90.1,100,TGT
2025-11-17,9:30:55.310424106,T,89.41,100,90.0,100,TGT
2025-11-17,9:31:01.194331346,T,89.5,200,90.0,100,TGT
2025-11-17,9:31:04.561442846,T,89.5,300,90.0,100,TGT
2025-11-17,9:31:04.938866991,T,89.5,300,90.07,200,TGT
2025-11-17,9:31:05.231935239,T,89.61,100,90.07,200,TGT
2025-11-17,9:31:05.232361163,T,89.61,200,90.07,200,TGT
2025-11-17,9:31:05.813540718,T,89.61,200,90.0,100,TGT
2025-11-17,9:31:05.813540718,T,89.61,200,89.91,100,TGT
2025-11-17,9:31:05.813545760,T,89.61,200,89.9,100,TGT
2025-11-17,9:31:05.813550777,T,89.61,100,89.9,100,TGT
2025-11-17,9:31:05.813560822,T,89.61,100,89.91,100,TGT
2025-11-17,9:31:05.813580877,T,89.61,100,89.9,100,TGT
2025-11-17,9:31:05.813615890,T,89.61,200,89.9,100,TGT
2025-11-17,9:31:05.820582552,T,89.61,200,89.91,100,TGT
2025-11-17,9:31:05.821364489,T,89.61,100,89.91,100,TGT
2025-11-17,9:31:05.824752424,T,89.61,100,90.0,100,TGT
2025-11-17,9:31:10.160145797,T,89.61,100,90.0,200,TGT
2025-11-17,9:31:11.770697503,T,89.61,100,89.99,200,TGT
2025-11-17,9:31:11.786876058,T,89.61,100,89.99,300,TGT
2025-11-17,9:31:11.787021391,T,89.61,100,89.9,100,TGT
2025-11-17,9:31:11.787021391,T,89.61,100,89.82,100,TGT
2025-11-17,9:31:11.787086590,T,89.61,100,89.82,200,TGT
2025-11-17,9:31:11.787442381,T,89.5,200,89.82,200,TGT
2025-11-17,9:31:11.808627913,T,89.5,200,89.78,100,TGT
2025-11-17,9:31:11.808648265,T,89.5,200,89.82,200,TGT
2025-11-17,9:31:11.808648265,T,89.5,200,89.78,100,TGT
2025-11-17,9:31:11.808653259,T,89.5,200,89.82,100,TGT
2025-11-17,9:31:11.808653259,T,89.5,200,89.82,200,TGT
2025-11-17,9:31:11.808657943,T,89.5,200,89.82,100,TGT
2025-11-17,9:31:11.808657943,T,89.5,200,89.74,100,TGT
2025-11-17,9:31:11.960214230,T,89.5,200,89.74,200,TGT
2025-11-17,9:31:16.062973041,T,89.5,200,89.73,100,TGT
2025-11-17,9:31:16.062993144,T,89.5,200,89.7,100,TGT
2025-11-17,9:31:16.062998104,T,89.5,200,89.69,100,TGT
2025-11-17,9:31:16.063644642,T,89.5,200,89.73,200,TGT
2025-11-17,9:31:16.063850297,T,89.5,200,89.69,100,TGT
2025-11-17,9:31:16.063950309,T,89.5,200,89.69,200,TGT
2025-11-17,9:31:16.063955352,T,89.5,200,89.68,100,TGT
2025-11-17,9:31:16.063960409,T,89.5,200,89.69,200,TGT
2025-11-17,9:31:16.063990406,T,89.5,200,89.67,100,TGT
2025-11-17,9:31:16.064000533,T,89.5,200,89.69,200,TGT
2025-11-17,9:31:16.064005473,T,89.5,200,89.69,100,TGT
2025-11-17,9:31:16.064191106,T,89.5,300,89.69,100,TGT
2025-11-17,9:31:16.064195951,T,89.5,400,89.69,100,TGT
2025-11-17,9:31:16.064215961,T,89.6,100,89.69,100,TGT
2025-11-17,9:31:16.064221027,T,89.6,200,89.69,100,TGT
2025-11-17,9:31:16.064286157,T,89.61,100,89.69,100,TGT
2025-11-17,9:31:16.064286157,T,89.65,100,89.69,100,TGT
2025-11-17,9:31:16.064311164,T,89.62,100,89.69,100,TGT
2025-11-17,9:31:16.064341241,T,89.61,100,89.69,100,TGT
2025-11-17,9:31:16.064366391,T,89.65,100,89.69,100,TGT
2025-11-17,9:31:16.064366391,T,89.65,100,89.66,100,TGT
2025-11-17,9:31:16.064391627,T,89.65,100,89.67,100,TGT
2025-11-17,9:31:16.064401382,T,89.61,100,89.67,100,TGT
2025-11-17,9:31:16.064406438,T,89.61,100,89.66,100,TGT
2025-11-17,9:31:16.064436559,T,89.5,200,89.66,100,TGT
2025-11-17,9:31:16.064481603,T,89.61,100,89.66,100,TGT
2025-11-17,9:31:16.064501681,T,89.61,200,89.66,100,TGT
2025-11-17,9:31:16.064511726,T,89.61,200,89.69,200,TGT
2025-11-17,9:31:16.064511726,T,89.61,200,89.69,100,TGT
2025-11-17,9:31:16.064551794,T,89.61,100,89.69,100,TGT
2025-11-17,9:31:16.064551794,T,89.59,100,89.69,100,TGT
2025-11-17,9:31:16.064556809,T,89.64,100,89.69,100,TGT
2025-11-17,9:31:16.064797363,T,89.61,100,89.69,100,TGT
2025-11-17,9:31:16.064942677,T,89.59,100,89.69,100,TGT
2025-11-17,9:31:16.065318603,T,89.5,200,89.69,100,TGT
2025-11-17,9:31:16.073924152,T,89.5,200,89.78,100,TGT
2025-11-17,9:31:16.073949156,T,89.5,200,89.81,100,TGT
2025-11-17,9:31:16.073989327,T,89.5,200,89.82,200,TGT
2025-11-17,9:31:16.075532977,T,89.5,200,89.82,300,TGT
2025-11-17,9:31:16.082865447,T,89.56,200,89.82,300,TGT
2025-11-17,9:31:16.113934445,T,89.56,300,89.82,300,TGT
2025-11-17,9:31:16.256088107,T,89.56,200,89.82,300,TGT
2025-11-17,9:31:16.262979497,T,89.56,200,89.82,200,TGT
2025-11-17,9:31:21.674231015,T,89.56,300,89.82,200,TGT
2025-11-17,9:31:21.761799609,T,89.56,100,89.82,200,TGT
2025-11-17,9:31:21.761829703,T,89.5,200,89.82,200,TGT
2025-11-17,9:31:21.761834740,T,89.57,200,89.82,200,TGT
2025-11-17,9:31:21.761879830,T,89.57,300,89.82,200,TGT
2025-11-17,9:31:22.097068312,T,89.57,200,89.82,200,TGT
2025-11-17,9:31:22.154540201,T,89.57,300,89.82,200,TGT
2025-11-17,9:31:23.085924018,T,89.57,200,89.82,200,TGT
2025-11-17,9:31:23.204426355,T,89.57,300,89.82,200,TGT
2025-11-17,9:31:23.393441595,T,89.57,300,89.74,100,TGT
2025-11-17,9:31:23.393632071,T,89.57,100,89.74,100,TGT
2025-11-17,9:31:23.393652187,T,89.5,200,89.74,100,TGT
2025-11-17,9:31:23.393662171,T,89.5,200,89.74,200,TGT
2025-11-17,9:31:23.393672213,T,89.5,200,89.71,100,TGT
2025-11-17,9:31:23.393677185,T,89.5,200,89.64,100,TGT
2025-11-17,9:31:23.394739717,T,89.5,300,89.64,100,TGT
2025-11-17,9:31:23.394980300,T,89.5,500,89.64,100,TGT
2025-11-17,9:31:23.396869755,T,89.5,300,89.64,100,TGT
2025-11-17,9:31:23.403741172,T,89.5,300,89.73,100,TGT
2025-11-17,9:31:23.406693257,T,89.5,400,89.73,100,TGT
2025-11-17,9:31:23.427021592,T,89.5,400,89.74,100,TGT
2025-11-17,9:31:23.427332416,T,89.5,500,89.74,100,TGT
2025-11-17,9:31:23.480529071,T,89.5,400,89.74,100,TGT
2025-11-17,9:31:23.789675566,T,89.5,500,89.74,100,TGT
2025-11-17,9:31:24.074769764,T,89.5,400,89.74,100,TGT
2025-11-17,9:31:24.080869325,T,89.5,500,89.74,100,TGT
2025-11-17,9:31:25.063625637,T,89.5,400,89.74,100,TGT
2025-11-17,9:31:25.063946309,T,89.5,500,89.74,100,TGT
2025-11-17,9:31:25.603832532,T,89.5,500,89.74,200,TGT
2025-11-17,9:31:26.052486336,T,89.5,400,89.74,200,TGT
2025-11-17,9:31:26.168873590,T,89.5,500,89.74,200,TGT
2025-11-17,9:31:27.041342127,T,89.5,400,89.74,200,TGT
2025-11-17,9:31:27.105078898,T,89.5,500,89.74,200,TGT
2025-11-17,9:31:28.030192834,T,89.5,400,89.74,200,TGT
2025-11-17,9:31:28.089930232,T,89.5,500,89.74,200,TGT
2025-11-17,9:31:29.019043653,T,89.5,400,89.74,200,TGT
2025-11-17,9:31:29.100973819,T,89.5,500,89.74,200,TGT
2025-11-17,9:31:29.581909609,T,89.5,600,89.74,200,TGT
2025-11-17,9:31:30.007899370,T,89.5,500,89.74,200,TGT
2025-11-17,9:31:30.019983204,T,89.5,600,89.74,200,TGT
2025-11-17,9:31:30.996750228,T,89.5,500,89.74,200,TGT
2025-11-17,9:31:30.997697527,T,89.5,600,89.74,200,TGT
2025-11-17,9:31:31.985611086,T,89.5,500,89.74,200,TGT
2025-11-17,9:31:31.993364645,T,89.5,600,89.74,200,TGT
2025-11-17,9:31:32.974456820,T,89.5,500,89.74,200,TGT
2025-11-17,9:31:32.986590711,T,89.5,600,89.74,200,TGT
2025-11-17,9:31:33.963317611,T,89.5,500,89.74,200,TGT
2025-11-17,9:31:34.020574052,T,89.5,600,89.74,200,TGT
2025-11-17,9:31:34.952168459,T,89.5,500,89.74,200,TGT
2025-11-17,9:31:34.973865072,T,89.5,600,89.74,200,TGT
2025-11-17,9:31:35.941029257,T,89.5,500,89.74,200,TGT
2025-11-17,9:31:35.990918069,T,89.5,600,89.74,200,TGT
2025-11-17,9:31:36.153946417,T,89.5,600,89.74,300,TGT
2025-11-17,9:31:36.929879925,T,89.5,500,89.74,300,TGT
2025-11-17,9:31:37.006557538,T,89.5,600,89.74,300,TGT
2025-11-17,9:31:37.918730521,T,89.5,500,89.74,300,TGT
2025-11-17,9:31:37.997533343,T,89.5,600,89.74,300,TGT
2025-11-17,9:31:38.907591437,T,89.5,500,89.74,300,TGT
2025-11-17,9:31:38.994964682,T,89.5,600,89.74,300,TGT
2025-11-17,9:31:39.896442278,T,89.5,500,89.74,300,TGT
2025-11-17,9:31:40.032396154,T,89.5,600,89.74,300,TGT
2025-11-17,9:31:40.885298129,T,89.5,500,89.74,300,TGT
2025-11-17,9:31:41.659507489,T,89.5,600,89.74,300,TGT
2025-11-17,9:31:41.874148738,T,89.5,500,89.74,300,TGT
2025-11-17,9:31:41.997427463,T,89.5,600,89.74,300,TGT
2025-11-17,9:31:42.862999527,T,89.5,500,89.74,300,TGT
2025-11-17,9:31:42.888384924,T,89.5,600,89.74,300,TGT
2025-11-17,9:31:43.248116796,T,89.5,600,89.74,200,TGT
2025-11-17,9:31:43.366448756,T,89.5,500,89.74,200,TGT
2025-11-17,9:31:43.366879709,T,89.5,400,89.74,200,TGT
2025-11-17,9:31:43.376191991,T,89.52,200,89.74,200,TGT
2025-11-17,9:31:43.376216983,T,89.52,300,89.74,200,TGT
2025-11-17,9:31:43.376232057,T,89.52,400,89.74,200,TGT
2025-11-17,9:31:43.376237069,T,89.52,600,89.74,200,TGT
2025-11-17,9:31:45.829571759,T,89.52,500,89.74,200,TGT
2025-11-17,9:31:46.103389112,T,89.52,600,89.74,200,TGT
2025-11-17,9:31:46.818422536,T,89.52,500,89.74,200,TGT
2025-11-17,9:31:47.053116672,T,89.52,600,89.74,200,TGT
2025-11-17,9:31:47.290928128,T,89.52,600,89.74,100,TGT
2025-11-17,9:31:47.807278320,T,89.52,500,89.74,100,TGT
2025-11-17,9:31:47.808350878,T,89.52,500,89.82,200,TGT
2025-11-17,9:31:47.808701654,T,89.52,500,89.82,100,TGT
2025-11-17,9:31:47.808751930,T,89.52,500,89.82,200,TGT
2025-11-17,9:31:47.809227961,T,89.52,500,89.82,100,TGT
2025-11-17,9:31:47.810024868,T,89.52,500,89.76,100,TGT
2025-11-17,9:31:47.812039632,T,89.52,300,89.76,100,TGT
2025-11-17,9:31:47.812079781,T,89.53,200,89.76,100,TGT
2025-11-17,9:31:47.812099852,T,89.53,300,89.76,100,TGT
2025-11-17,9:31:47.812124902,T,89.53,500,89.76,100,TGT
2025-11-17,9:31:47.817657999,T,89.53,500,89.82,200,TGT
2025-11-17,9:31:48.698541610,T,89.53,500,89.82,100,TGT
2025-11-17,9:31:49.249318778,T,89.53,300,89.82,100,TGT
2025-11-17,9:31:49.249318778,T,89.54,100,89.82,100,TGT
2025-11-17,9:31:49.249333865,T,89.54,200,89.82,100,TGT
2025-11-17,9:31:49.249338946,T,89.54,400,89.82,100,TGT
2025-11-17,9:31:49.254481131,T,89.54,600,89.82,100,TGT
2025-11-17,9:31:52.378192629,T,89.54,600,89.82,200,TGT
2025-11-17,9:31:53.609290511,T,89.54,400,89.82,200,TGT
2025-11-17,9:31:53.609325602,T,89.55,200,89.82,200,TGT
2025-11-17,9:31:53.609345787,T,89.55,300,89.82,200,TGT
2025-11-17,9:31:53.609370710,T,89.55,500,89.82,200,TGT
2025-11-17,9:31:54.997182050,T,89.55,500,89.82,100,TGT
2025-11-17,9:31:55.023344395,T,89.55,300,89.82,100,TGT
2025-11-17,9:31:55.023379507,T,89.56,200,89.82,100,TGT
2025-11-17,9:31:55.023399472,T,89.56,300,89.82,100,TGT
2025-11-17,9:31:55.023424522,T,89.56,500,89.82,100,TGT
2025-11-17,9:32:03.008166841,T,89.56,700,89.82,100,TGT
2025-11-17,9:32:03.008953729,T,89.56,500,89.82,100,TGT
2025-11-17,9:32:03.200575223,T,89.64,100,89.82,100,TGT
2025-11-17,9:32:03.200600223,T,89.64,200,89.82,100,TGT
2025-11-17,9:32:03.200620293,T,89.64,400,89.82,100,TGT
2025-11-17,9:32:03.201307152,T,89.64,300,89.82,100,TGT
2025-11-17,9:32:03.201312111,T,89.64,200,89.82,100,TGT
2025-11-17,9:32:03.201312111,T,89.56,200,89.82,100,TGT
2025-11-17,9:32:03.201331948,T,89.56,200,89.71,100,TGT
2025-11-17,9:32:03.201336955,T,89.56,200,89.71,200,TGT
2025-11-17,9:32:03.201352389,T,89.56,200,89.82,200,TGT
2025-11-17,9:32:03.201357076,T,89.56,200,89.68,100,TGT
2025-11-17,9:32:03.202113840,T,89.56,300,89.68,100,TGT
2025-11-17,9:32:03.323949065,T,89.56,300,89.67,100,TGT
2025-11-17,9:32:03.323974191,T,89.56,300,89.67,200,TGT
2025-11-17,9:32:06.294991997,T,89.56,300,89.67,100,TGT
2025-11-17,9:32:06.294996940,T,89.56,300,89.82,100,TGT
2025-11-17,9:32:06.295017167,T,89.62,100,89.82,100,TGT
2025-11-17,9:32:06.295773808,T,89.62,200,89.82,100,TGT
2025-11-17,9:32:06.295773808,T,89.63,100,89.82,100,TGT
2025-11-17,9:32:06.295788864,T,89.62,200,89.82,100,TGT
2025-11-17,9:32:06.295808861,T,89.63,100,89.82,100,TGT
2025-11-17,9:32:06.295989330,T,89.63,200,89.82,100,TGT
2025-11-17,9:32:06.295989330,T,89.64,100,89.82,100,TGT
2025-11-17,9:32:06.295999321,T,89.67,100,89.82,100,TGT
2025-11-17,9:32:06.296099607,T,89.64,100,89.82,100,TGT
2025-11-17,9:32:06.296315219,T,89.64,100,89.84,200,TGT
2025-11-17,9:32:06.302805605,T,89.63,100,89.84,200,TGT
2025-11-17,9:32:06.303066198,T,89.62,300,89.84,200,TGT
2025-11-17,9:32:06.315535955,T,89.62,500,89.84,200,TGT
2025-11-17,9:32:06.315656250,T,89.66,100,89.84,200,TGT
2025-11-17,9:32:06.322156665,T,89.66,100,90.0,100,TGT
2025-11-17,9:32:06.322161749,T,89.66,100,89.92,200,TGT
2025-11-17,9:32:06.322532615,T,89.63,100,89.92,200,TGT
2025-11-17,9:32:06.322557663,T,89.62,500,89.92,200,TGT
2025-11-17,9:32:06.332611550,T,89.62,300,89.92,200,TGT
2025-11-17,9:32:06.332646676,T,89.66,200,89.92,200,TGT
2025-11-17,9:32:06.513357170,T,89.66,300,89.92,200,TGT
2025-11-17,9:32:06.862428853,T,89.66,300,89.92,300,TGT
2025-11-17,9:32:07.387660038,T,89.66,300,89.92,100,TGT
2025-11-17,9:32:08.711929746,T,89.66,200,89.92,100,TGT
2025-11-17,9:32:08.712350780,T,89.66,200,90.0,100,TGT
2025-11-17,9:32:09.324749764,T,89.66,300,90.0,100,TGT
2025-11-17,9:32:10.854033068,T,89.66,200,90.0,100,TGT
2025-11-17,9:32:10.854033068,T,89.66,200,89.92,100,TGT
2025-11-17,9:32:10.854614440,T,89.66,200,90.0,100,TGT
2025-11-17,9:32:11.020680014,T,89.66,300,90.0,100,TGT
2025-11-17,9:32:11.031315397,T,89.66,200,90.0,100,TGT
2025-11-17,9:32:31.024310037,T,89.61,100,90.0,100,TGT
2025-11-17,9:32:31.024345148,T,89.71,200,90.0,100,TGT
2025-11-17,9:32:35.393854715,T,89.61,100,90.0,100,TGT
2025-11-17,9:32:35.393889818,T,89.75,200,90.0,100,TGT
2025-11-17,9:32:35.795270986,T,89.61,100,90.0,100,TGT
2025-11-17,9:32:35.795296089,T,89.61,100,89.79,100,TGT
2025-11-17,9:32:35.795642195,T,89.61,100,89.78,100,TGT
2025-11-17,9:32:35.795646846,T,89.61,100,89.77,100,TGT
2025-11-17,9:32:35.795666896,T,89.61,100,89.79,200,TGT
2025-11-17,9:32:35.795666896,T,89.61,100,89.78,100,TGT
2025-11-17,9:32:35.795696996,T,89.61,100,89.78,200,TGT
2025-11-17,9:32:35.796102951,T,89.61,100,89.78,100,TGT
2025-11-17,9:32:35.796108002,T,89.61,100,89.77,100,TGT
2025-11-17,9:32:35.796328510,T,89.5,200,89.77,100,TGT
2025-11-17,9:32:35.796348542,T,89.5,200,89.69,100,TGT
2025-11-17,9:32:35.796368820,T,89.5,200,89.68,100,TGT
2025-11-17,9:32:35.796914881,T,89.5,300,89.68,100,TGT
2025-11-17,9:32:35.811208922,T,89.5,200,89.68,100,TGT
2025-11-17,9:32:35.815038090,T,89.4,100,89.68,100,TGT
2025-11-17,9:32:35.815183434,T,89.4,100,89.68,200,TGT
2025-11-17,9:32:35.815188395,T,89.4,100,89.67,100,TGT
2025-11-17,9:32:35.815193717,T,89.4,100,89.58,100,TGT
2025-11-17,9:32:35.815213460,T,89.39,3900,89.58,100,TGT
2025-11-17,9:32:35.815829927,T,89.39,3900,89.64,100,TGT
2025-11-17,9:32:35.819373470,T,89.39,3900,89.58,100,TGT
2025-11-17,9:32:36.021845784,T,89.39,3900,89.64,100,TGT
2025-11-17,9:32:36.021885883,T,89.39,3900,89.67,100,TGT
2025-11-17,9:32:36.021915897,T,89.39,3900,89.64,100,TGT
2025-11-17,9:32:36.671328038,T,89.39,3800,89.64,100,TGT
2025-11-17,9:32:36.671348041,T,89.39,3800,89.63,100,TGT
2025-11-17,9:32:36.671408219,T,89.39,3800,89.57,100,TGT
2025-11-17,9:32:36.671623722,T,89.39,3800,89.56,100,TGT
2025-11-17,9:32:36.671623722,T,89.39,3800,89.48,100,TGT
2025-11-17,9:32:36.671874236,T,89.39,3800,89.48,200,TGT
2025-11-17,9:32:36.672340424,T,89.39,3700,89.48,200,TGT
2025-11-17,9:32:36.672350419,T,89.39,3800,89.48,200,TGT
2025-11-17,9:32:36.678660479,T,89.39,3800,89.48,100,TGT
2025-11-17,9:32:36.687205829,T,89.39,3800,89.56,100,TGT
2025-11-17,9:32:36.692503492,T,89.39,3800,89.58,100,TGT
2025-11-17,9:32:36.692508448,T,89.39,3800,89.63,100,TGT
2025-11-17,9:32:36.692819216,T,89.39,3800,89.58,100,TGT
2025-11-17,9:32:36.692819216,T,89.39,3900,89.58,100,TGT
2025-11-17,9:32:36.692999634,T,89.39,3900,89.63,100,TGT
2025-11-17,9:32:36.693004620,T,89.39,3900,89.64,100,TGT
2025-11-17,9:32:36.703439495,T,89.39,3800,89.64,100,TGT
2025-11-17,9:32:36.916542187,T,89.39,3800,89.48,100,TGT
2025-11-17,9:32:36.916557412,T,89.39,2500,89.48,100,TGT
2025-11-17,9:32:36.916562316,T,89.39,100,89.48,100,TGT
2025-11-17,9:32:36.916562316,T,89.29,200,89.48,100,TGT
2025-11-17,9:32:36.916567324,T,89.39,5000,89.48,100,TGT
2025-11-17,9:32:36.916577348,T,89.39,1800,89.48,100,TGT
2025-11-17,9:32:36.916587281,T,89.39,500,89.48,100,TGT
2025-11-17,9:32:36.916587281,T,89.39,500,89.41,100,TGT
2025-11-17,9:32:36.916592388,T,89.29,200,89.41,100,TGT
2025-11-17,9:32:36.916597331,T,89.39,5000,89.41,100,TGT
2025-11-17,9:32:36.916612355,T,89.39,5000,89.43,100,TGT
2025-11-17,9:32:36.916612355,T,89.39,4800,89.43,100,TGT
2025-11-17,9:32:36.916617419,T,89.39,3800,89.43,100,TGT
2025-11-17,9:32:36.916627385,T,89.39,2900,89.43,100,TGT
2025-11-17,9:32:36.916632455,T,89.29,200,89.43,100,TGT
2025-11-17,9:32:36.916637427,T,89.4,100,89.43,100,TGT
2025-11-17,9:32:36.916647614,T,89.4,100,89.57,100,TGT
2025-11-17,9:32:36.916657960,T,89.39,5100,89.57,100,TGT
2025-11-17,9:32:36.916662816,T,89.39,4800,89.57,100,TGT
2025-11-17,9:32:36.916662816,T,89.39,4900,89.57,100,TGT
2025-11-17,9:32:36.916667681,T,89.39,4900,89.56,100,TGT
2025-11-17,9:32:36.916667681,T,89.39,5000,89.56,100,TGT
2025-11-17,9:32:36.916667681,T,89.39,5000,89.57,100,TGT
2025-11-17,9:32:36.916687554,T,89.41,100,89.57,100,TGT
2025-11-17,9:32:36.916692710,T,89.39,5000,89.57,100,TGT
2025-11-17,9:32:36.916697799,T,89.39,5000,89.57,200,TGT
2025-11-17,9:32:36.916702774,T,89.4,100,89.57,200,TGT
2025-11-17,9:32:36.916707632,T,89.4,200,89.57,200,TGT
2025-11-17,9:32:36.916707632,T,89.4,300,89.57,200,TGT
2025-11-17,9:32:36.916713009,T,89.43,100,89.57,200,TGT
2025-11-17,9:32:36.916713009,T,89.43,100,89.56,100,TGT
2025-11-17,9:32:36.916722612,T,89.43,200,89.56,100,TGT
2025-11-17,9:32:36.916737629,T,89.43,100,89.56,100,TGT
2025-11-17,9:32:36.916742706,T,89.43,100,89.57,200,TGT
2025-11-17,9:32:36.916777766,T,89.43,100,89.57,100,TGT
2025-11-17,9:32:36.916782754,T,89.43,100,89.57,200,TGT
2025-11-17,9:32:36.916782754,T,89.43,200,89.57,200,TGT
2025-11-17,9:32:36.916797821,T,89.43,200,89.57,100,TGT
2025-11-17,9:32:36.916797821,T,89.44,100,89.57,100,TGT
2025-11-17,9:32:36.916807910,T,89.47,100,89.57,100,TGT
2025-11-17,9:32:36.916838173,T,89.44,100,89.57,100,TGT
2025-11-17,9:32:36.916873251,T,89.44,100,89.57,200,TGT
2025-11-17,9:32:36.916883030,T,89.44,200,89.57,200,TGT
2025-11-17,9:32:36.916888090,T,89.44,200,89.57,100,TGT
2025-11-17,9:32:36.916893031,T,89.47,100,89.57,100,TGT
2025-11-17,9:32:36.916893031,T,89.47,100,89.56,100,TGT
2025-11-17,9:32:36.916898076,T,89.44,100,89.56,100,TGT
2025-11-17,9:32:36.916913110,T,89.44,100,89.57,100,TGT
2025-11-17,9:32:36.916918138,T,89.44,100,89.64,100,TGT
2025-11-17,9:32:36.917213819,T,89.39,4800,89.64,100,TGT
2025-11-17,9:32:36.917213819,T,89.43,100,89.64,100,TGT
2025-11-17,9:32:36.917289054,T,89.43,100,89.55,100,TGT
2025-11-17,9:32:36.917374206,T,89.43,100,89.64,100,TGT
2025-11-17,9:32:36.917569868,T,89.43,100,89.55,100,TGT
2025-11-17,9:32:36.917574906,T,89.43,100,89.54,100,TGT
2025-11-17,9:32:36.917574906,T,89.43,100,89.53,100,TGT
2025-11-17,9:32:36.917604737,T,89.43,100,89.54,100,TGT
2025-11-17,9:32:36.918221198,T,89.39,4900,89.54,100,TGT
2025-11-17,9:32:36.922305905,T,89.44,100,89.54,100,TGT
2025-11-17,9:32:36.922320977,T,89.44,100,89.55,100,TGT
2025-11-17,9:32:36.942955131,T,89.44,100,89.64,100,TGT
2025-11-17,9:32:36.942985279,T,89.44,100,89.55,100,TGT
2025-11-17,9:32:37.116904556,T,89.44,100,89.64,100,TGT
2025-11-17,9:32:37.117911925,T,89.44,200,89.64,100,TGT
2025-11-17,9:32:37.167349703,T,89.44,100,89.64,100,TGT
2025-11-17,9:32:41.021847289,T,89.44,100,89.67,100,TGT
2025-11-17,9:32:41.022132955,T,89.44,100,89.64,100,TGT
2025-11-17,9:32:41.022654158,T,89.44,200,89.64,100,TGT
2025-11-17,9:32:41.022679221,T,89.44,200,89.67,100,TGT
2025-11-17,9:32:41.197235128,T,89.44,200,89.89,100,TGT
2025-11-17,9:32:42.141123664,T,89.44,100,89.89,100,TGT
2025-11-17,9:32:42.362561216,T,89.44,100,89.91,100,TGT
2025-11-17,9:32:42.363729012,T,89.44,100,89.92,100,TGT
2025-11-17,9:32:42.366094657,T,89.39,4700,89.92,100,TGT
2025-11-17,9:32:42.440416769,T,89.39,4700,89.84,200,TGT
2025-11-17,9:32:45.289759862,T,89.39,4700,89.63,100,TGT
2025-11-17,9:32:45.299838793,T,89.39,4700,89.84,200,TGT
2025-11-17,9:32:47.272864187,T,89.45,100,89.84,200,TGT
2025-11-17,9:32:47.607531399,T,89.45,100,89.91,100,TGT
2025-11-17,9:32:47.607536432,T,89.45,100,89.76,200,TGT
2025-11-17,9:32:48.697127173,T,89.45,100,89.63,100,TGT
2025-11-17,9:32:48.697738595,T,89.39,4800,89.63,100,TGT
2025-11-17,9:32:48.697758699,T,89.39,4800,89.51,100,TGT
2025-11-17,9:32:48.697778774,T,89.39,4700,89.51,100,TGT
2025-11-17,9:32:48.697818766,T,89.39,4800,89.51,100,TGT
2025-11-17,9:32:48.704785389,T,89.39,4800,89.57,100,TGT
2025-11-17,9:32:48.705046019,T,89.39,4800,89.63,100,TGT
2025-11-17,9:32:48.705101196,T,89.39,4700,89.63,100,TGT
2025-11-17,9:32:48.707792537,T,89.39,4700,89.76,200,TGT
2025-11-17,9:32:50.240418822,T,89.39,4700,89.62,100,TGT
2025-11-17,9:32:50.240554155,T,89.39,4700,89.76,200,TGT
2025-11-17,9:32:50.240629254,T,89.39,4700,89.62,100,TGT
2025-11-17,9:32:50.250698315,T,89.39,4700,89.76,200,TGT
2025-11-17,9:32:53.223696113,T,89.39,4800,89.76,200,TGT
2025-11-17,9:32:53.729681395,T,89.39,4700,89.76,200,TGT
2025-11-17,9:32:57.748600784,T,89.39,4800,89.76,200,TGT
2025-11-17,9:32:58.243509800,T,89.39,4800,89.57,100,TGT
2025-11-17,9:32:58.243509800,T,89.39,4800,89.53,100,TGT
2025-11-17,9:32:58.243509800,T,89.39,4700,89.53,100,TGT
2025-11-17,9:32:58.243534864,T,89.39,4800,89.53,100,TGT
2025-11-17,9:32:58.250536545,T,89.39,4800,89.76,200,TGT
2025-11-17,9:32:58.594094938,T,89.39,4700,89.76,200,TGT
2025-11-17,9:32:58.594120029,T,89.39,4800,89.76,200,TGT
2025-11-17,9:32:58.594125107,T,89.39,4700,89.76,200,TGT
2025-11-17,9:32:58.856680529,T,89.39,4800,89.76,200,TGT
2025-11-17,9:32:58.856690802,T,89.39,4800,89.53,100,TGT
2025-11-17,9:32:58.856695506,T,89.39,4700,89.53,100,TGT
2025-11-17,9:32:58.856710572,T,89.39,4700,89.76,200,TGT
2025-11-17,9:32:58.856720584,T,89.39,4800,89.76,200,TGT
2025-11-17,9:32:58.856735663,T,89.39,4700,89.76,200,TGT
2025-11-17,9:32:59.073030997,T,89.39,4800,89.76,200,TGT
2025-11-17,9:32:59.073041316,T,89.39,4800,89.57,100,TGT
2025-11-17,9:32:59.073045971,T,89.39,4800,89.53,100,TGT
2025-11-17,9:32:59.073045971,T,89.39,4700,89.53,100,TGT
2025-11-17,9:32:59.073061065,T,89.39,4700,89.76,200,TGT
2025-11-17,9:32:59.073071002,T,89.39,4800,89.76,200,TGT
2025-11-17,9:32:59.073086057,T,89.39,4700,89.76,200,TGT
2025-11-17,9:32:59.342728448,T,89.39,4700,89.91,100,TGT
2025-11-17,9:32:59.342733402,T,89.39,4700,89.68,200,TGT
2025-11-17,9:33:00.427272183,T,89.44,100,89.68,200,TGT
2025-11-17,9:33:00.428845770,T,89.44,200,89.68,200,TGT
2025-11-17,9:33:00.443204992,T,89.44,100,89.68,200,TGT
2025-11-17,9:33:00.831946134,T,89.45,100,89.68,200,TGT
2025-11-17,9:33:00.831946134,T,89.51,200,89.68,200,TGT
2025-11-17,9:33:00.838977855,T,89.45,200,89.68,200,TGT
2025-11-17,9:33:00.840782199,T,89.45,200,89.92,100,TGT
2025-11-17,9:33:00.840792177,T,89.45,200,89.79,200,TGT
2025-11-17,9:33:00.932084705,T,89.45,100,89.79,200,TGT
2025-11-17,9:33:01.032057904,T,89.39,4700,89.79,200,TGT
2025-11-17,9:33:06.319749845,T,89.39,4800,89.79,200,TGT
2025-11-17,9:33:11.751575267,T,89.51,300,89.79,200,TGT
2025-11-17,9:33:23.593200540,T,89.51,400,89.79,200,TGT
2025-11-17,9:33:23.593240626,T,89.51,300,89.79,200,TGT
2025-11-17,9:33:23.593255722,T,89.56,100,89.79,200,TGT
2025-11-17,9:33:23.593295827,T,89.56,200,89.79,200,TGT
2025-11-17,9:33:23.593300770,T,89.58,100,89.79,200,TGT
2025-11-17,9:33:24.658623850,T,89.58,200,89.79,200,TGT
2025-11-17,9:33:24.658639154,T,89.58,100,89.79,200,TGT
2025-11-17,9:33:24.658639154,T,89.54,100,89.79,200,TGT
2025-11-17,9:33:24.658639154,T,89.61,100,89.79,200,TGT
2025-11-17,9:33:24.668357082,T,89.61,100,89.7,100,TGT
2025-11-17,9:33:24.668377014,T,89.54,100,89.7,100,TGT
2025-11-17,9:33:24.668402098,T,89.61,100,89.7,100,TGT
2025-11-17,9:33:24.675388755,T,89.61,100,89.79,200,TGT
2025-11-17,9:33:24.693802605,T,89.61,100,89.7,100,TGT
2025-11-17,9:33:24.693817666,T,89.4,200,89.7,100,TGT
2025-11-17,9:33:24.693843037,T,89.4,200,89.7,200,TGT
2025-11-17,9:33:24.693902861,T,89.4,200,89.7,100,TGT
2025-11-17,9:33:24.693912950,T,89.4,200,89.79,200,TGT
2025-11-17,9:33:24.693912950,T,89.61,100,89.79,200,TGT
2025-11-17,9:33:25.013800037,T,89.61,100,89.66,100,TGT
2025-11-17,9:33:25.019684062,T,89.61,100,89.79,200,TGT
2025-11-17,9:33:28.776363700,T,89.56,100,89.79,200,TGT
2025-11-17,9:33:28.776363700,T,89.64,100,89.79,200,TGT
2025-11-17,9:33:28.776769663,T,89.64,100,89.92,100,TGT
2025-11-17,9:33:28.776774695,T,89.64,100,89.86,200,TGT
2025-11-17,9:33:35.105667227,T,89.68,100,89.86,200,TGT
2025-11-17,9:33:35.106103271,T,89.45,100,89.86,200,TGT
2025-11-17,9:33:35.106103271,T,89.4,200,89.86,200,TGT
2025-11-17,9:33:35.106128490,T,89.4,200,89.74,100,TGT
2025-11-17,9:33:35.106133331,T,89.45,100,89.74,100,TGT
2025-11-17,9:33:35.106148425,T,89.45,100,89.73,100,TGT
2025-11-17,9:33:35.106153509,T,89.45,100,89.75,100,TGT
2025-11-17,9:33:35.106163394,T,89.45,100,89.86,200,TGT
2025-11-17,9:33:35.106258658,T,89.4,200,89.86,200,TGT
2025-11-17,9:33:35.106393978,T,89.56,100,89.86,200,TGT
2025-11-17,9:33:35.106449039,T,89.4,200,89.86,200,TGT
2025-11-17,9:33:35.106454084,T,89.56,100,89.86,200,TGT
2025-11-17,9:33:35.106459163,T,89.45,100,89.86,200,TGT
2025-11-17,9:33:35.106524307,T,89.4,200,89.86,200,TGT
2025-11-17,9:33:35.106524307,T,89.4,200,89.75,100,TGT
2025-11-17,9:33:35.106569396,T,89.4,200,89.86,200,TGT
2025-11-17,9:33:35.106644570,T,89.41,100,89.86,200,TGT
2025-11-17,9:33:35.106649629,T,89.57,100,89.86,200,TGT
2025-11-17,9:33:35.106749764,T,89.66,100,89.86,200,TGT
2025-11-17,9:33:35.106799952,T,89.68,300,89.86,200,TGT
2025-11-17,9:33:35.106820225,T,89.68,200,89.86,200,TGT
2025-11-17,9:33:35.106850022,T,89.66,100,89.86,200,TGT
2025-11-17,9:33:35.106860103,T,89.57,100,89.86,200,TGT
2025-11-17,9:33:35.106875107,T,89.57,100,89.71,100,TGT
2025-11-17,9:33:35.106890151,T,89.57,100,89.7,100,TGT
2025-11-17,9:33:35.106905441,T,89.57,100,89.86,200,TGT
2025-11-17,9:33:35.107080939,T,89.57,200,89.86,200,TGT
2025-11-17,9:33:35.107311203,T,89.57,100,89.86,200,TGT
2025-11-17,9:33:35.108829779,T,89.57,100,89.71,100,TGT
2025-11-17,9:33:35.109010199,T,89.58,100,89.71,100,TGT
2025-11-17,9:33:35.109015251,T,89.58,100,89.69,100,TGT
2025-11-17,9:33:35.109020412,T,89.57,100,89.69,100,TGT
2025-11-17,9:33:35.109025275,T,89.57,100,89.71,100,TGT
2025-11-17,9:33:35.109045332,T,89.57,200,89.71,100,TGT
2025-11-17,9:33:35.109100386,T,89.59,100,89.71,100,TGT
2025-11-17,9:33:35.109120508,T,89.59,100,89.74,100,TGT
2025-11-17,9:33:35.109882302,T,89.59,100,89.86,200,TGT
2025-11-17,9:33:35.119084200,T,89.4,200,89.86,200,TGT
2025-11-17,9:33:35.245450197,T,89.4,200,89.69,100,TGT
2025-11-17,9:33:35.245450197,T,89.4,200,89.65,100,TGT
2025-11-17,9:33:35.245470284,T,89.4,200,89.65,200,TGT
2025-11-17,9:33:35.245505399,T,89.4,200,89.65,100,TGT
2025-11-17,9:33:35.245510374,T,89.4,200,89.63,100,TGT
2025-11-17,9:33:35.246046626,T,89.4,200,89.69,100,TGT
2025-11-17,9:33:35.248071419,T,89.59,100,89.69,100,TGT
2025-11-17,9:33:35.522394918,T,89.59,100,89.86,200,TGT
2025-11-17,9:33:35.774761089,T,89.59,100,89.91,100,TGT
2025-11-17,9:33:35.774771128,T,89.59,100,89.8,200,TGT
2025-11-17,9:33:38.499512216,T,89.59,100,89.74,100,TGT
2025-11-17,9:33:38.742315722,T,89.59,100,89.8,200,TGT
2025-11-17,9:33:38.745262734,T,89.59,100,89.74,100,TGT
2025-11-17,9:33:41.274107298,T,89.46,200,89.74,100,TGT
2025-11-17,9:33:42.568325434,T,89.46,200,89.8,200,TGT
2025-11-17,9:33:42.568325434,T,89.62,200,89.8,200,TGT
2025-11-17,9:33:42.568846695,T,89.46,200,89.8,200,TGT
2025-11-17,9:33:45.264398255,T,89.46,200,89.74,100,TGT
2025-11-17,9:33:45.896393934,T,89.46,200,89.73,100,TGT
2025-11-17,9:33:45.896519274,T,89.46,200,89.74,100,TGT
2025-11-17,9:33:45.896544693,T,89.46,200,89.74,200,TGT
2025-11-17,9:33:45.905169870,T,89.46,200,89.74,300,TGT
2025-11-17,9:33:45.906753578,T,89.46,200,89.74,200,TGT
2025-11-17,9:33:45.908061807,T,89.46,200,89.74,300,TGT
2025-11-17,9:33:45.908096845,T,89.46,200,89.72,100,TGT
2025-11-17,9:33:45.908106888,T,89.46,200,89.73,100,TGT
2025-11-17,9:33:45.908147153,T,89.46,200,89.71,100,TGT
2025-11-17,9:33:45.908171981,T,89.46,200,89.66,100,TGT
2025-11-17,9:33:45.908202088,T,89.46,200,89.71,200,TGT
2025-11-17,9:33:45.908608003,T,89.46,200,89.71,100,TGT
2025-11-17,9:33:45.908828612,T,89.46,200,89.71,200,TGT
2025-11-17,9:33:45.918175895,T,89.46,200,89.71,100,TGT
2025-11-17,9:33:46.050906990,T,89.46,200,89.71,200,TGT
2025-11-17,9:33:46.051132618,T,89.46,200,89.71,100,TGT
2025-11-17,9:33:46.051157695,T,89.46,200,89.73,100,TGT
2025-11-17,9:33:46.051373143,T,89.46,200,89.73,200,TGT
2025-11-17,9:33:47.720534519,T,89.46,200,89.64,100,TGT
2025-11-17,9:33:47.720534519,T,89.46,200,89.61,100,TGT
2025-11-17,9:33:47.720559641,T,89.46,200,89.64,200,TGT
2025-11-17,9:33:47.720910440,T,89.39,4800,89.64,200,TGT
2025-11-17,9:33:47.720915495,T,89.39,5000,89.64,200,TGT
2025-11-17,9:33:47.721396592,T,89.39,5000,89.64,300,TGT
2025-11-17,9:33:47.727571348,T,89.39,5000,89.64,200,TGT
2025-11-17,9:33:47.727631449,T,89.39,5000,89.64,300,TGT
2025-11-17,9:33:47.748867063,T,89.39,5000,89.64,200,TGT
2025-11-17,9:33:47.920876851,T,89.39,5000,89.64,100,TGT
2025-11-17,9:33:53.418178132,T,89.39,5000,89.64,200,TGT
2025-11-17,9:33:53.418684412,T,89.39,4900,89.64,200,TGT
2025-11-17,9:33:54.986679806,T,89.39,4900,89.64,100,TGT
2025-11-17,9:33:55.140977468,T,89.39,5000,89.64,100,TGT
2025-11-17,9:33:59.337504889,T,89.5,100,89.64,100,TGT
2025-11-17,9:33:59.337710412,T,89.5,100,89.73,100,TGT
2025-11-17,9:33:59.338236709,T,89.39,5000,89.73,100,TGT
2025-11-17,9:33:59.966583817,T,89.45,100,89.73,100,TGT
2025-11-17,9:33:59.966583817,T,89.51,100,89.73,100,TGT
2025-11-17,9:33:59.966583817,T,89.52,100,89.73,100,TGT
2025-11-17,9:33:59.966623622,T,89.56,100,89.73,100,TGT
2025-11-17,9:33:59.966949480,T,89.39,5000,89.73,100,TGT
2025-11-17,9:33:59.970557984,T,89.56,100,89.73,100,TGT
2025-11-17,9:33:59.986656318,T,89.44,200,89.73,100,TGT
2025-11-17,9:33:59.996875639,T,89.44,200,89.74,100,TGT
2025-11-17,9:34:00.090629020,T,89.45,100,89.74,100,TGT
2025-11-17,9:34:00.090629020,T,89.51,100,89.74,100,TGT
2025-11-17,9:34:00.090789487,T,89.45,100,89.74,100,TGT
2025-11-17,9:34:00.100627869,T,89.44,200,89.74,100,TGT
2025-11-17,9:34:09.548956873,T,89.44,200,89.73,100,TGT
2025-11-17,9:34:09.743244674,T,89.44,200,89.69,100,TGT
2025-11-17,9:34:09.750271426,T,89.44,200,89.73,100,TGT
2025-11-17,9:34:09.750301558,T,89.44,200,89.74,100,TGT
2025-11-17,9:34:11.892920813,T,89.44,200,89.73,100,TGT
2025-11-17,9:34:11.892925764,T,89.44,200,89.72,100,TGT
2025-11-17,9:34:11.892925764,T,89.44,200,89.66,100,TGT
2025-11-17,9:34:11.893762821,T,89.44,200,89.66,200,TGT
2025-11-17,9:34:11.899952512,T,89.44,200,89.66,100,TGT
2025-11-17,9:34:12.006616678,T,89.44,200,89.66,200,TGT
2025-11-17,9:34:12.007353411,T,89.44,200,89.66,100,TGT
2025-11-17,9:34:12.008345717,T,89.44,200,89.68,100,TGT
2025-11-17,9:34:12.017397290,T,89.44,200,89.74,100,TGT
2025-11-17,9:34:13.353074265,T,89.44,200,89.73,100,TGT
2025-11-17,9:34:18.872718919,T,89.5,100,89.73,100,TGT
2025-11-17,9:34:21.447066943,T,89.5,100,89.68,100,TGT
2025-11-17,9:34:21.563950369,T,89.5,100,89.73,100,TGT
2025-11-17,9:34:22.887779192,T,89.5,100,89.72,100,TGT
2025-11-17,9:34:22.887789130,T,89.5,100,89.67,100,TGT
2025-11-17,9:34:22.887824317,T,89.5,100,89.65,100,TGT
2025-11-17,9:34:22.888255288,T,89.5,100,89.67,200,TGT
2025-11-17,9:34:22.899126230,T,89.5,100,89.67,100,TGT
2025-11-17,9:34:22.940324296,T,89.5,100,89.67,200,TGT
2025-11-17,9:34:23.047980888,T,89.5,100,89.67,100,TGT
2025-11-17,9:34:23.900526810,T,89.52,200,89.67,100,TGT
2025-11-17,9:34:24.123628305,T,89.52,200,89.67,200,TGT
2025-11-17,9:34:26.864016732,T,89.52,200,89.67,100,TGT
2025-11-17,9:34:30.018912761,T,89.52,200,89.67,200,TGT
2025-11-17,9:34:32.659192755,T,89.52,200,89.66,100,TGT
2025-11-17,9:34:32.787904375,T,89.52,200,89.67,100,TGT
2025-11-17,9:34:32.788921785,T,89.52,200,89.65,100,TGT
2025-11-17,9:34:32.788951859,T,89.52,200,89.65,200,TGT
2025-11-17,9:34:32.897565665,T,89.52,200,89.65,100,TGT
2025-11-17,9:34:32.974654230,T,89.52,200,89.67,100,TGT
2025-11-17,9:34:33.418281134,T,89.52,200,89.67,200,TGT
2025-11-17,9:34:33.996232866,T,89.52,200,89.66,100,TGT
2025-11-17,9:34:33.996368201,T,89.52,200,89.67,200,TGT
2025-11-17,9:34:33.996413260,T,89.52,200,89.67,100,TGT
2025-11-17,9:34:33.997500923,T,89.52,200,89.73,100,TGT
2025-11-17,9:34:34.385144368,T,89.52,200,89.69,100,TGT
2025-11-17,9:34:34.385179467,T,89.52,200,89.64,100,TGT
2025-11-17,9:34:34.385394899,T,89.52,200,89.64,200,TGT
2025-11-17,9:34:36.739638602,T,89.44,200,89.64,200,TGT
2025-11-17,9:34:36.739658569,T,89.44,200,89.64,300,TGT
2025-11-17,9:34:36.739663629,T,89.44,200,89.55,100,TGT
2025-11-17,9:34:36.739698724,T,89.44,200,89.57,100,TGT
2025-11-17,9:34:36.739723723,T,89.51,100,89.57,100,TGT
2025-11-17,9:34:36.739748804,T,89.51,200,89.57,100,TGT
2025-11-17,9:34:36.740129736,T,89.51,200,89.57,200,TGT
2025-11-17,9:34:36.740255064,T,89.51,200,89.57,300,TGT
2025-11-17,9:34:36.740395399,T,89.51,200,89.56,100,TGT
2025-11-17,9:34:36.740420392,T,89.51,200,89.57,300,TGT
2025-11-17,9:34:36.740465510,T,89.54,100,89.57,300,TGT
2025-11-17,9:34:36.740485628,T,89.54,100,89.55,100,TGT
2025-11-17,9:34:36.740490589,T,89.51,100,89.55,100,TGT
2025-11-17,9:34:36.740495609,T,89.47,100,89.55,100,TGT
2025-11-17,9:34:36.740521031,T,89.47,100,89.57,300,TGT
2025-11-17,9:34:36.740521031,T,89.46,200,89.57,300,TGT
2025-11-17,9:34:36.740521031,T,89.46,200,89.54,100,TGT
2025-11-17,9:34:36.740540740,T,89.51,100,89.54,100,TGT
2025-11-17,9:34:36.740570793,T,89.46,200,89.54,100,TGT
2025-11-17,9:34:36.740600887,T,89.46,200,89.57,300,TGT
2025-11-17,9:34:36.740615921,T,89.46,200,89.56,100,TGT
2025-11-17,9:34:36.740620854,T,89.47,100,89.56,100,TGT
2025-11-17,9:34:36.740726126,T,89.46,200,89.56,100,TGT
2025-11-17,9:34:36.740781267,T,89.46,100,89.56,100,TGT
2025-11-17,9:34:36.744074156,T,89.46,100,89.54,100,TGT
2025-11-17,9:34:36.750058355,T,89.39,4700,89.54,100,TGT
2025-11-17,9:34:36.805124581,T,89.39,4700,89.54,200,TGT
2025-11-17,9:34:37.223746899,T,89.39,4700,89.54,100,TGT
2025-11-17,9:34:37.223746899,T,89.39,4700,89.64,100,TGT
2025-11-17,9:34:37.223767135,T,89.39,4800,89.64,100,TGT
2025-11-17,9:34:37.223767135,T,89.45,100,89.64,100,TGT
2025-11-17,9:34:37.223771960,T,89.52,100,89.64,100,TGT
2025-11-17,9:34:37.224468522,T,89.52,100,89.64,200,TGT
2025-11-17,9:34:37.225105103,T,89.5,100,89.64,200,TGT
2025-11-17,9:34:37.225240362,T,89.5,100,89.64,300,TGT
2025-11-17,9:34:37.235274293,T,89.46,100,89.64,300,TGT
2025-11-17,9:34:37.323815216,T,89.39,4800,89.64,300,TGT
2025-11-17,9:34:39.597712445,T,89.39,4800,89.64,200,TGT
2025-11-17,9:34:39.597933001,T,89.39,4800,89.64,100,TGT
2025-11-17,9:34:42.202833637,T,89.39,4800,89.73,100,TGT
2025-11-17,9:34:47.134131425,T,89.51,100,89.73,100,TGT
2025-11-17,9:34:47.134131425,T,89.57,100,89.73,100,TGT
2025-11-17,9:34:47.134156547,T,89.57,100,89.74,100,TGT
2025-11-17,9:34:47.134166580,T,89.57,200,89.74,100,TGT
2025-11-17,9:34:47.134171570,T,89.58,100,89.74,100,TGT
2025-11-17,9:34:47.134301906,T,89.59,100,89.74,100,TGT
2025-11-17,9:34:47.134773004,T,89.59,200,89.74,100,TGT
2025-11-17,9:34:47.134773004,T,89.6,100,89.74,100,TGT
2025-11-17,9:34:47.134777982,T,89.61,100,89.74,100,TGT
2025-11-17,9:34:47.134788261,T,89.6,100,89.74,100,TGT
2025-11-17,9:34:47.134808082,T,89.6,200,89.74,100,TGT
2025-11-17,9:34:47.134813129,T,89.61,100,89.74,100,TGT
2025-11-17,9:34:47.135078723,T,89.61,100,89.8,200,TGT
2025-11-17,9:34:47.135529741,T,89.6,200,89.8,200,TGT
2025-11-17,9:34:47.141123134,T,89.6,200,89.92,100,TGT
2025-11-17,9:34:47.141128090,T,89.6,200,89.87,200,TGT
2025-11-17,9:34:47.145052500,T,89.6,100,89.87,200,TGT
2025-11-17,9:34:47.235913940,T,89.57,100,89.87,200,TGT
2025-11-17,9:34:49.561098256,T,89.67,100,89.87,200,TGT
2025-11-17,9:34:49.563062899,T,89.67,200,89.87,200,TGT
2025-11-17,9:34:51.954775828,T,89.67,100,89.87,200,TGT
2025-11-17,9:34:53.772781956,T,89.68,100,89.87,200,TGT
2025-11-17,9:34:55.206868315,T,89.68,100,89.92,100,TGT
2025-11-17,9:34:58.832455591,T,89.68,100,89.87,100,TGT
2025-11-17,9:34:59.041027528,T,89.67,100,89.87,100,TGT
2025-11-17,9:34:59.213924520,T,89.57,100,89.87,100,TGT
2025-11-17,9:34:59.213964643,T,89.57,100,89.86,100,TGT
2025-11-17,9:34:59.215157449,T,89.57,100,89.87,100,TGT
2025-11-17,9:35:00.866656948,T,89.71,100,89.87,100,TGT
2025-11-17,9:35:00.866687039,T,89.71,100,89.92,100,TGT
2025-11-17,9:35:02.695819321,T,89.71,200,89.92,100,TGT
2025-11-17,9:35:02.695824383,T,89.71,200,89.95,200,TGT
2025-11-17,9:35:02.695834350,T,89.72,100,89.95,200,TGT
2025-11-17,9:35:02.695864489,T,89.79,100,89.95,200,TGT
2025-11-17,9:35:02.696215261,T,89.79,100,90.0,400,TGT
2025-11-17,9:35:02.696250345,T,89.72,200,90.0,400,TGT
2025-11-17,9:35:02.696510974,T,89.79,100,90.0,400,TGT
2025-11-17,9:35:02.697017208,T,89.72,200,90.0,400,TGT
2025-11-17,9:35:02.697723923,T,89.72,300,90.0,400,TGT
2025-11-17,9:35:02.698976879,T,89.72,200,90.0,400,TGT
2025-11-17,9:35:02.699538224,T,89.79,100,90.0,400,TGT
2025-11-17,9:35:02.699939262,T,89.72,200,90.0,400,TGT
2025-11-17,9:35:02.705241840,T,89.72,100,90.0,400,TGT
2025-11-17,9:35:03.441405505,T,89.72,100,90.0,300,TGT
2025-11-17,9:35:06.843591184,T,89.72,100,90.0,400,TGT
2025-11-17,9:35:06.843595920,T,89.72,100,89.84,100,TGT
2025-11-17,9:35:06.843601264,T,89.71,100,89.84,100,TGT
2025-11-17,9:35:06.850627613,T,89.71,100,89.89,100,TGT
2025-11-17,9:35:06.943619193,T,89.71,100,90.0,400,TGT
2025-11-17,9:35:06.943644274,T,89.71,100,90.0,300,TGT
2025-11-17,9:35:10.348199938,T,89.71,100,89.98,200,TGT
2025-11-17,9:35:18.091902811,T,89.71,100,89.88,100,TGT
2025-11-17,9:35:18.092268920,T,89.71,100,89.87,100,TGT
2025-11-17,9:35:18.092313786,T,89.71,100,89.87,200,TGT
2025-11-17,9:35:18.092373956,T,89.71,100,89.87,300,TGT
2025-11-17,9:35:18.092393969,T,89.71,100,89.86,100,TGT
2025-11-17,9:35:18.092399016,T,89.71,100,89.82,100,TGT
2025-11-17,9:35:18.092403965,T,89.71,100,89.82,200,TGT
2025-11-17,9:35:18.092414066,T,89.71,100,89.81,100,TGT
2025-11-17,9:35:18.092434059,T,89.71,100,89.82,200,TGT
2025-11-17,9:35:18.092434059,T,89.71,100,89.81,100,TGT
2025-11-17,9:35:18.092870105,T,89.71,100,89.81,200,TGT
2025-11-17,9:35:18.099440749,T,89.71,100,89.81,100,TGT
2025-11-17,9:35:18.162440882,T,89.61,200,89.81,100,TGT
2025-11-17,9:35:18.162460914,T,89.61,200,89.74,100,TGT
2025-11-17,9:35:18.162496003,T,89.61,200,89.74,200,TGT
2025-11-17,9:35:18.163633638,T,89.61,200,89.73,100,TGT
2025-11-17,9:35:18.166029386,T,89.58,200,89.73,100,TGT
2025-11-17,9:35:18.221451416,T,89.58,200,89.71,100,TGT
2025-11-17,9:35:18.221506560,T,89.58,200,89.71,200,TGT
2025-11-17,9:35:18.222012741,T,89.58,200,89.71,100,TGT
2025-11-17,9:35:18.481836770,T,89.58,200,89.73,100,TGT
2025-11-17,9:35:18.481856826,T,89.65,100,89.73,100,TGT
2025-11-17,9:35:18.481876884,T,89.65,200,89.73,100,TGT
2025-11-17,9:35:18.488893508,T,89.65,100,89.73,100,TGT
2025-11-17,9:35:18.582271032,T,89.58,200,89.73,100,TGT
2025-11-17,9:35:21.888296941,T,89.65,100,89.73,100,TGT
2025-11-17,9:35:23.546732903,T,89.65,200,89.73,100,TGT
2025-11-17,9:35:23.547158887,T,89.65,100,89.73,100,TGT
2025-11-17,9:35:24.306287379,T,89.58,200,89.73,100,TGT
2025-11-17,9:35:24.306322457,T,89.58,200,89.87,100,TGT
2025-11-17,9:35:25.685012059,T,89.65,100,89.87,100,TGT
2025-11-17,9:35:27.303628010,T,89.65,100,89.87,200,TGT
2025-11-17,9:35:27.303643117,T,89.65,100,89.86,100,TGT
2025-11-17,9:35:27.303648162,T,89.65,100,89.83,100,TGT
2025-11-17,9:35:27.303648162,T,89.65,100,89.77,100,TGT
2025-11-17,9:35:27.310664866,T,89.65,100,89.86,100,TGT
2025-11-17,9:35:27.403681446,T,89.65,100,89.87,100,TGT
2025-11-17,9:35:29.975037075,T,89.65,100,89.87,300,TGT
2025-11-17,9:35:33.070421266,T,89.58,200,89.87,300,TGT
2025-11-17,9:35:33.070812176,T,89.67,100,89.87,300,TGT
2025-11-17,9:35:33.071388568,T,89.58,200,89.87,300,TGT
2025-11-17,9:35:33.071599088,T,89.65,100,89.87,300,TGT
2025-11-17,9:35:34.192730079,T,89.65,100,89.8,100,TGT
2025-11-17,9:35:34.192780263,T,89.65,100,89.8,200,TGT
2025-11-17,9:35:35.605330444,T,89.65,100,89.75,100,TGT
2025-11-17,9:35:44.969694164,T,89.65,100,89.87,300,TGT
2025-11-17,9:35:44.969734282,T,89.68,100,89.87,300,TGT
2025-11-17,9:35:44.970616364,T,89.69,100,89.87,300,TGT
2025-11-17,9:35:44.971097457,T,89.68,100,89.87,300,TGT
2025-11-17,9:35:44.972180056,T,89.71,100,89.87,300,TGT
2025-11-17,9:35:44.972686266,T,89.68,100,89.87,300,TGT
2025-11-17,9:35:44.972971970,T,89.71,100,89.87,300,TGT
2025-11-17,9:35:44.976750950,T,89.69,100,89.87,300,TGT
2025-11-17,9:35:44.976776083,T,89.65,100,89.87,300,TGT
2025-11-17,9:35:44.977598021,T,89.71,100,89.87,300,TGT
2025-11-17,9:35:45.116123030,T,89.65,100,89.87,300,TGT
2025-11-17,9:35:45.589801486,T,89.65,100,89.77,100,TGT
2025-11-17,9:35:46.229415254,T,89.65,100,89.87,300,TGT
2025-11-17,9:35:46.229435326,T,89.72,100,89.87,300,TGT
2025-11-17,9:35:46.329634019,T,89.66,100,89.87,300,TGT
2025-11-17,9:35:46.329634019,T,89.65,100,89.87,300,TGT
2025-11-17,9:35:50.274286489,T,89.65,100,89.87,200,TGT
2025-11-17,9:35:50.274366799,T,89.72,100,89.87,200,TGT
2025-11-17,9:35:50.274366799,T,89.73,100,89.87,200,TGT
2025-11-17,9:35:50.274376660,T,89.73,100,89.8,100,TGT
2025-11-17,9:35:50.274401917,T,89.73,100,89.87,200,TGT
2025-11-17,9:35:50.274401917,T,89.73,200,89.87,200,TGT
2025-11-17,9:35:50.274426793,T,89.76,100,89.87,200,TGT
2025-11-17,9:35:50.274537073,T,89.73,200,89.87,200,TGT
2025-11-17,9:35:50.274607243,T,89.73,200,89.88,100,TGT
2025-11-17,9:35:50.274772665,T,89.73,100,89.88,100,TGT
2025-11-17,9:35:50.274832815,T,89.73,100,89.88,200,TGT
2025-11-17,9:35:50.275228732,T,89.65,100,89.88,200,TGT
2025-11-17,9:35:50.275649725,T,89.65,100,89.88,300,TGT
2025-11-17,9:35:50.597812248,T,89.65,100,89.88,200,TGT
2025-11-17,9:35:50.598032743,T,89.65,100,89.88,100,TGT
2025-11-17,9:35:54.251722055,T,89.65,100,89.86,100,TGT
2025-11-17,9:35:54.252092909,T,89.65,200,89.86,100,TGT
2025-11-17,9:35:54.262176947,T,89.65,200,89.88,100,TGT
2025-11-17,9:35:54.337962627,T,89.71,100,89.88,100,TGT
2025-11-17,9:35:55.084906976,T,89.71,100,89.88,200,TGT
2025-11-17,9:35:55.601547470,T,89.71,100,89.88,100,TGT
2025-11-17,9:35:57.620672631,T,89.71,100,89.82,100,TGT
2025-11-17,9:35:59.138162874,T,89.71,100,89.88,100,TGT
2025-11-17,9:36:00.109281502,T,89.71,100,89.82,100,TGT
2025-11-17,9:36:05.687049332,T,89.65,100,89.82,100,TGT
2025-11-17,9:36:05.687069406,T,89.65,100,89.74,100,TGT
2025-11-17,9:36:05.687084483,T,89.59,200,89.74,100,TGT
2025-11-17,9:36:05.694126261,T,89.59,200,89.84,200,TGT
2025-11-17,9:36:08.874497881,T,89.65,100,89.84,200,TGT
2025-11-17,9:36:08.885448971,T,89.65,100,89.73,100,TGT
2025-11-17,9:36:09.638728466,T,89.7,100,89.73,100,TGT
2025-11-17,9:36:09.716624046,T,89.7,100,89.84,200,TGT
2025-11-17,9:36:09.716644079,T,89.71,100,89.84,200,TGT
2025-11-17,9:36:09.716999926,T,89.71,200,89.84,200,TGT
2025-11-17,9:36:09.725414963,T,89.71,100,89.84,200,TGT
2025-11-17,9:36:09.803190233,T,89.72,100,89.84,200,TGT
2025-11-17,9:36:09.803505965,T,89.72,200,89.84,200,TGT
2025-11-17,9:36:11.158479128,T,89.72,200,89.78,100,TGT
2025-11-17,9:36:12.217411837,T,89.72,100,89.78,100,TGT
2025-11-17,9:36:12.217712429,T,89.65,100,89.78,100,TGT
2025-11-17,9:36:13.734470925,T,89.72,100,89.78,100,TGT
2025-11-17,9:36:13.734776557,T,89.72,200,89.78,100,TGT
2025-11-17,9:36:14.423657756,T,89.72,200,89.77,100,TGT
2025-11-17,9:36:14.425492145,T,89.72,100,89.77,100,TGT
2025-11-17,9:36:14.425797850,T,89.65,100,89.77,100,TGT
2025-11-17,9:36:14.433160429,T,89.65,100,89.75,100,TGT
2025-11-17,9:36:14.433200472,T,89.65,100,89.75,200,TGT
2025-11-17,9:36:14.433721711,T,89.65,100,89.75,100,TGT
2025-11-17,9:36:15.115440861,T,89.65,100,89.77,100,TGT
2025-11-17,9:36:15.115751597,T,89.7,100,89.77,100,TGT
2025-11-17,9:36:15.908545198,T,89.71,100,89.77,100,TGT
2025-11-17,9:36:15.941879676,T,89.58,200,89.77,100,TGT
2025-11-17,9:36:15.941904649,T,89.58,200,89.76,100,TGT
2025-11-17,9:36:15.941904649,T,89.58,200,89.74,100,TGT
2025-11-17,9:36:15.941939752,T,89.58,200,89.74,200,TGT
2025-11-17,9:36:15.942205450,T,89.65,100,89.74,200,TGT
2025-11-17,9:36:16.042073393,T,89.65,100,89.74,100,TGT
2025-11-17,9:36:17.885374733,T,89.65,100,89.76,100,TGT
2025-11-17,9:36:17.888512352,T,89.65,100,89.74,100,TGT
2025-11-17,9:36:19.111079719,T,89.65,100,89.76,100,TGT
2025-11-17,9:36:24.042417608,T,89.65,100,89.74,100,TGT
2025-11-17,9:36:26.639785417,T,89.65,100,89.78,100,TGT
2025-11-17,9:36:28.357788169,T,89.65,100,89.8,300,TGT
2025-11-17,9:36:29.784778258,T,89.58,200,89.8,300,TGT
2025-11-17,9:36:29.784798102,T,89.58,200,89.8,400,TGT
2025-11-17,9:36:29.784822985,T,89.58,200,89.71,100,TGT
2025-11-17,9:36:29.785164173,T,89.58,200,89.71,200,TGT
2025-11-17,9:36:29.785389375,T,89.58,200,89.69,100,TGT
2025-11-17,9:36:29.786807781,T,89.58,200,89.71,100,TGT
2025-11-17,9:36:29.794516095,T,89.58,200,89.79,100,TGT
2025-11-17,9:36:29.794556163,T,89.6,100,89.79,100,TGT
2025-11-17,9:36:29.795207789,T,89.6,100,89.8,600,TGT
2025-11-17,9:36:29.795227869,T,89.6,100,89.8,500,TGT
2025-11-17,9:36:29.796901784,T,89.58,200,89.8,500,TGT
2025-11-17,9:36:41.469013365,T,89.58,200,89.7,1000,TGT
2025-11-17,9:36:43.390591347,T,89.58,200,89.69,100,TGT
2025-11-17,9:36:45.344671555,T,89.58,200,89.7,1000,TGT
2025-11-17,9:36:46.152716494,T,89.58,200,89.69,100,TGT
2025-11-17,9:36:48.240204506,T,89.58,200,89.69,200,TGT
2025-11-17,9:36:49.335899793,T,89.58,200,89.68,100,TGT
2025-11-17,9:36:54.514080928,T,89.58,600,89.68,100,TGT
2025-11-17,9:36:54.514316515,T,89.58,600,89.7,1000,TGT
2025-11-17,9:36:54.514341496,T,89.6,100,89.7,1000,TGT
2025-11-17,9:36:54.514346633,T,89.64,100,89.7,1000,TGT
2025-11-17,9:36:54.514351535,T,89.64,200,89.7,1000,TGT
2025-11-17,9:36:54.514366604,T,89.64,100,89.7,1000,TGT
2025-11-17,9:36:54.514386646,T,89.66,100,89.7,1000,TGT
2025-11-17,9:36:54.514947950,T,89.64,100,89.7,1000,TGT
2025-11-17,9:36:54.516180877,T,89.64,500,89.7,1000,TGT
2025-11-17,9:36:54.615657884,T,89.64,400,89.7,1000,TGT
2025-11-17,9:36:57.454781437,T,89.64,400,89.69,100,TGT
2025-11-17,9:36:57.461843319,T,89.64,400,89.7,1000,TGT
2025-11-17,9:37:06.386113585,T,89.64,400,89.69,100,TGT
2025-11-17,9:37:06.386153670,T,89.64,300,89.69,100,TGT
2025-11-17,9:37:06.386153670,T,89.58,200,89.69,100,TGT
2025-11-17,9:37:06.386173949,T,89.58,200,89.65,100,TGT
2025-11-17,9:37:06.386213803,T,89.58,200,89.66,100,TGT
2025-11-17,9:37:06.386233963,T,89.59,100,89.66,100,TGT
2025-11-17,9:37:06.386238912,T,89.59,200,89.66,100,TGT
2025-11-17,9:37:06.386238912,T,89.59,300,89.66,100,TGT
2025-11-17,9:37:06.386248989,T,89.62,100,89.66,100,TGT
2025-11-17,9:37:06.386284390,T,89.62,200,89.66,100,TGT
2025-11-17,9:37:06.386409386,T,89.62,200,89.68,100,TGT
2025-11-17,9:37:06.386429487,T,89.63,100,89.68,100,TGT
2025-11-17,9:37:06.386434412,T,89.65,100,89.68,100,TGT
2025-11-17,9:37:06.386459741,T,89.65,200,89.68,100,TGT
2025-11-17,9:37:06.386464408,T,89.65,300,89.68,100,TGT
2025-11-17,9:37:06.386494494,T,89.65,400,89.68,100,TGT
2025-11-17,9:37:06.386524570,T,89.66,100,89.68,100,TGT
2025-11-17,9:37:06.386524570,T,89.66,200,89.68,100,TGT
2025-11-17,9:37:06.386529590,T,89.66,300,89.68,100,TGT
2025-11-17,9:37:06.386534634,T,89.66,400,89.68,100,TGT
2025-11-17,9:37:06.386549716,T,89.66,400,89.69,100,TGT
2025-11-17,9:37:06.386574739,T,89.66,500,89.69,100,TGT
2025-11-17,9:37:06.386715113,T,89.66,400,89.69,100,TGT
2025-11-17,9:37:06.386715113,T,89.66,300,89.69,100,TGT
2025-11-17,9:37:06.386720177,T,89.66,200,89.69,100,TGT
2025-11-17,9:37:06.386720177,T,89.66,100,89.69,100,TGT
2025-11-17,9:37:06.386725103,T,89.63,200,89.69,100,TGT
2025-11-17,9:37:06.386735161,T,89.63,200,89.68,100,TGT
2025-11-17,9:37:06.386770200,T,89.63,300,89.68,100,TGT
2025-11-17,9:37:06.386780216,T,89.65,100,89.68,100,TGT
2025-11-17,9:37:06.386825277,T,89.65,100,89.69,100,TGT
2025-11-17,9:37:06.387146083,T,89.64,100,89.69,100,TGT
2025-11-17,9:37:06.387171152,T,89.64,100,89.7,1000,TGT
2025-11-17,9:37:06.387336523,T,89.63,200,89.7,1000,TGT
2025-11-17,9:37:06.387617166,T,89.63,100,89.7,1000,TGT
2025-11-17,9:37:06.394227981,T,89.64,100,89.7,1000,TGT
2025-11-17,9:37:11.575817086,T,89.65,100,89.7,1000,TGT
2025-11-17,9:37:11.576057622,T,89.66,100,89.7,1000,TGT
2025-11-17,9:37:11.576338291,T,89.66,100,89.8,500,TGT
2025-11-17,9:37:11.576363365,T,89.69,100,89.8,500,TGT
2025-11-17,9:37:11.576363365,T,89.69,200,89.8,500,TGT
2025-11-17,9:37:11.576914708,T,89.69,100,89.8,500,TGT
2025-11-17,9:37:11.577150197,T,89.69,200,89.8,500,TGT
2025-11-17,9:37:11.577410947,T,89.69,100,89.8,500,TGT
2025-11-17,9:37:11.577430959,T,89.69,100,89.74,100,TGT
2025-11-17,9:37:11.577541126,T,89.68,100,89.74,100,TGT
2025-11-17,9:37:11.577546774,T,89.58,300,89.74,100,TGT
2025-11-17,9:37:11.577571209,T,89.58,300,89.74,200,TGT
2025-11-17,9:37:11.577591283,T,89.58,200,89.74,200,TGT
2025-11-17,9:37:11.577601315,T,89.58,200,89.73,100,TGT
2025-11-17,9:37:11.577611376,T,89.58,200,89.72,100,TGT
2025-11-17,9:37:11.577616362,T,89.58,200,89.7,100,TGT
2025-11-17,9:37:11.577651451,T,89.58,200,89.69,100,TGT
2025-11-17,9:37:11.577701538,T,89.58,200,89.72,100,TGT
2025-11-17,9:37:11.578693938,T,89.58,200,89.74,100,TGT
2025-11-17,9:37:11.677534367,T,89.58,200,89.8,500,TGT
2025-11-17,9:37:12.313654843,T,89.66,100,89.8,500,TGT
2025-11-17,9:37:12.342483567,T,89.58,200,89.8,500,TGT
2025-11-17,9:37:13.488523777,T,89.58,200,89.8,600,TGT
2025-11-17,9:37:13.488523777,T,89.58,200,89.73,100,TGT
2025-11-17,9:37:13.495560457,T,89.58,200,89.78,200,TGT
2025-11-17,9:37:13.495766033,T,89.58,200,89.77,100,TGT
2025-11-17,9:37:13.495766033,T,89.58,200,89.7,100,TGT
2025-11-17,9:37:13.495770983,T,89.58,200,89.7,200,TGT
2025-11-17,9:37:13.495786062,T,89.58,200,89.7,100,TGT
2025-11-17,9:37:13.495991483,T,89.58,200,89.67,100,TGT
2025-11-17,9:37:13.495996530,T,89.6,100,89.67,100,TGT
2025-11-17,9:37:13.496327300,T,89.58,200,89.67,100,TGT
2025-11-17,9:37:13.496437525,T,89.58,300,89.67,100,TGT
2025-11-17,9:37:13.496543164,T,89.6,100,89.67,100,TGT
2025-11-17,9:37:13.496547878,T,89.6,100,89.7,100,TGT
2025-11-17,9:37:13.496758380,T,89.58,200,89.7,100,TGT
2025-11-17,9:37:13.496843561,T,89.58,200,89.71,100,TGT
2025-11-17,9:37:13.496873592,T,89.6,100,89.71,100,TGT
2025-11-17,9:37:13.497244461,T,89.58,200,89.71,100,TGT
2025-11-17,9:37:13.498176768,T,89.58,200,89.77,100,TGT
2025-11-17,9:37:13.498532560,T,89.58,200,89.78,200,TGT
2025-11-17,9:37:13.589549382,T,89.58,200,89.78,100,TGT
2025-11-17,9:37:13.688560301,T,89.58,200,89.8,500,TGT
2025-11-17,9:37:16.974799125,T,89.6,200,89.8,500,TGT
2025-11-17,9:37:19.680409744,T,89.6,100,89.8,500,TGT
2025-11-17,9:37:19.680429841,T,89.6,100,89.78,100,TGT
2025-11-17,9:37:19.680429841,T,89.6,100,89.69,100,TGT
2025-11-17,9:37:19.680434782,T,89.6,100,89.69,200,TGT
2025-11-17,9:37:19.680459876,T,89.6,100,89.69,100,TGT
2025-11-17,9:37:19.681672736,T,89.6,100,89.78,100,TGT
2025-11-17,9:37:19.690433648,T,89.6,100,89.8,500,TGT
2025-11-17,9:37:19.709243414,T,89.6,200,89.8,500,TGT
2025-11-17,9:37:19.709273477,T,89.61,100,89.8,500,TGT
2025-11-17,9:37:20.438044605,T,89.61,100,89.8,300,TGT
2025-11-17,9:37:20.438049657,T,89.61,100,89.77,200,TGT
2025-11-17,9:37:20.438079712,T,89.6,200,89.77,200,TGT
2025-11-17,9:37:28.879835618,T,89.6,200,89.68,100,TGT
2025-11-17,9:37:32.778829206,T,89.61,200,89.68,100,TGT
2025-11-17,9:37:32.861942196,T,89.61,200,89.77,200,TGT
2025-11-17,9:37:32.942925133,T,89.61,100,89.77,200,TGT
2025-11-17,9:37:33.554206503,T,89.61,100,89.68,100,TGT
2025-11-17,9:37:37.182916315,T,89.61,100,89.68,200,TGT
2025-11-17,9:37:38.996953039,T,89.61,100,89.68,300,TGT
2025-11-17,9:37:38.996973028,T,89.61,100,89.67,100,TGT
2025-11-17,9:37:38.997003156,T,89.61,100,89.65,100,TGT
2025-11-17,9:37:38.997349020,T,89.61,100,89.67,100,TGT
2025-11-17,9:37:39.028979378,T,89.61,200,89.67,100,TGT
2025-11-17,9:37:39.789215760,T,89.61,200,89.68,100,TGT
2025-11-17,9:37:40.798174032,T,89.61,200,89.77,200,TGT
2025-11-17,9:37:40.798469839,T,89.62,100,89.77,200,TGT
2025-11-17,9:37:40.798519857,T,89.61,200,89.77,200,TGT
2025-11-17,9:37:40.798995977,T,89.58,200,89.77,200,TGT
2025-11-17,9:37:40.802113440,T,89.62,100,89.77,200,TGT
2025-11-17,9:37:41.124641788,T,89.58,200,89.77,200,TGT
2025-11-17,9:37:47.882761511,T,89.62,200,89.77,200,TGT
2025-11-17,9:37:55.700435819,T,89.66,100,89.77,200,TGT
2025-11-17,9:37:55.700531031,T,89.68,100,89.77,200,TGT
2025-11-17,9:37:55.701087420,T,89.66,100,89.77,200,TGT
2025-11-17,9:37:55.701227765,T,89.66,200,89.77,200,TGT
2025-11-17,9:37:55.705688345,T,89.66,200,89.8,300,TGT
2025-11-17,9:37:55.709933425,T,89.66,100,89.8,300,TGT
2025-11-17,9:37:55.712118617,T,89.67,100,89.8,300,TGT
2025-11-17,9:37:55.712148750,T,89.69,100,89.8,300,TGT
2025-11-17,9:37:56.169849104,T,89.67,100,89.8,300,TGT
2025-11-17,9:37:56.178429536,T,89.63,100,89.8,300,TGT
2025-11-17,9:37:57.196239250,T,89.72,100,89.8,300,TGT
2025-11-17,9:38:08.606557242,T,89.63,100,89.8,300,TGT
2025-11-17,9:38:12.970638830,T,89.72,100,89.8,300,TGT
2025-11-17,9:38:12.970754129,T,89.63,100,89.8,300,TGT
2025-11-17,9:38:12.970764170,T,89.63,100,89.8,400,TGT
2025-11-17,9:38:12.970774308,T,89.63,100,89.77,100,TGT
2025-11-17,9:38:12.970779282,T,89.63,100,89.76,100,TGT
2025-11-17,9:38:12.970779282,T,89.63,100,89.75,100,TGT
2025-11-17,9:38:12.970804600,T,89.63,100,89.76,100,TGT
2025-11-17,9:38:12.970954558,T,89.64,100,89.76,100,TGT
2025-11-17,9:38:12.970959546,T,89.64,200,89.76,100,TGT
2025-11-17,9:38:12.970974616,T,89.65,100,89.76,100,TGT
2025-11-17,9:38:12.970979623,T,89.64,200,89.76,100,TGT
2025-11-17,9:38:12.970999722,T,89.65,100,89.76,100,TGT
2025-11-17,9:38:12.970999722,T,89.66,100,89.76,100,TGT
2025-11-17,9:38:12.971014915,T,89.7,100,89.76,100,TGT
2025-11-17,9:38:12.971054849,T,89.72,100,89.76,100,TGT
2025-11-17,9:38:12.971831651,T,89.72,100,89.8,300,TGT
2025-11-17,9:38:12.981329340,T,89.64,100,89.8,300,TGT
2025-11-17,9:38:13.071058025,T,89.63,100,89.8,300,TGT
2025-11-17,9:38:13.167633183,T,89.63,100,89.74,100,TGT
2025-11-17,9:38:13.168179449,T,89.7,100,89.74,100,TGT
2025-11-17,9:38:13.168239561,T,89.7,100,89.8,300,TGT
2025-11-17,9:38:20.278834394,T,89.7,100,89.73,100,TGT
2025-11-17,9:38:21.314115854,T,89.7,100,89.74,100,TGT
2025-11-17,9:38:21.314120819,T,89.7,100,89.8,300,TGT
2025-11-17,9:38:21.314140794,T,89.71,100,89.8,300,TGT
2025-11-17,9:38:21.314145781,T,89.71,200,89.8,300,TGT
2025-11-17,9:38:21.314175927,T,89.72,100,89.8,300,TGT
2025-11-17,9:38:21.314401430,T,89.73,100,89.8,300,TGT
2025-11-17,9:38:21.316626787,T,89.72,100,89.8,300,TGT
2025-11-17,9:38:21.318015066,T,89.73,100,89.8,300,TGT
2025-11-17,9:38:21.318060197,T,89.73,100,89.75,100,TGT
2025-11-17,9:38:21.318616530,T,89.73,100,89.8,300,TGT
2025-11-17,9:38:21.338729387,T,89.72,100,89.8,300,TGT
2025-11-17,9:38:21.338794602,T,89.72,100,89.74,100,TGT
2025-11-17,9:38:21.339250619,T,89.72,100,89.8,300,TGT
2025-11-17,9:38:21.339295783,T,89.73,100,89.8,300,TGT
2025-11-17,9:38:21.339596489,T,89.72,100,89.8,300,TGT
2025-11-17,9:38:21.467636437,T,89.64,200,89.8,300,TGT
2025-11-17,9:38:23.388176759,T,89.64,300,89.8,300,TGT
2025-11-17,9:38:23.388246971,T,89.64,200,89.8,300,TGT
2025-11-17,9:38:23.388667954,T,89.71,100,89.8,300,TGT
2025-11-17,9:38:23.391374423,T,89.72,100,89.8,300,TGT
2025-11-17,9:38:23.391795377,T,89.72,200,89.8,300,TGT
2025-11-17,9:38:25.888017197,T,89.72,300,89.8,300,TGT
2025-11-17,9:38:26.515286603,T,89.74,100,89.8,300,TGT
2025-11-17,9:38:26.515537184,T,89.74,100,89.88,300,TGT
2025-11-17,9:38:26.515557290,T,89.77,100,89.88,300,TGT
2025-11-17,9:38:26.515557290,T,89.78,100,89.88,300,TGT
2025-11-17,9:38:26.515767757,T,89.78,200,89.88,300,TGT
2025-11-17,9:38:26.515943210,T,89.79,100,89.88,300,TGT
2025-11-17,9:38:26.515958210,T,89.79,200,89.88,300,TGT
2025-11-17,9:38:26.516149283,T,89.79,200,89.88,100,TGT
2025-11-17,9:38:26.516238819,T,89.79,200,89.88,200,TGT
2025-11-17,9:38:26.516309029,T,89.79,300,89.88,200,TGT
2025-11-17,9:38:26.516329028,T,89.79,200,89.88,200,TGT
2025-11-17,9:38:26.516349096,T,89.79,200,89.82,100,TGT
2025-11-17,9:38:26.516379442,T,89.79,200,89.87,200,TGT
2025-11-17,9:38:26.516384152,T,89.79,200,89.87,100,TGT
2025-11-17,9:38:26.516414268,T,89.8,100,89.87,100,TGT
2025-11-17,9:38:26.516459444,T,89.8,100,89.87,200,TGT
2025-11-17,9:38:26.516529502,T,89.8,100,89.87,100,TGT
2025-11-17,9:38:26.516549556,T,89.8,100,89.86,100,TGT
2025-11-17,9:38:26.516554577,T,89.8,100,89.85,100,TGT
2025-11-17,9:38:26.516639777,T,89.8,100,89.85,200,TGT
2025-11-17,9:38:26.516694968,T,89.8,100,89.85,100,TGT
2025-11-17,9:38:26.516725017,T,89.8,100,89.83,100,TGT
2025-11-17,9:38:26.516860382,T,89.8,100,89.83,200,TGT
2025-11-17,9:38:26.517015658,T,89.79,200,89.83,200,TGT
2025-11-17,9:38:26.517035731,T,89.79,200,89.82,100,TGT
2025-11-17,9:38:26.517061236,T,89.79,200,89.8,200,TGT
2025-11-17,9:38:26.517135944,T,89.79,200,89.82,100,TGT
2025-11-17,9:38:26.517155996,T,89.8,100,89.82,100,TGT
2025-11-17,9:38:26.517161056,T,89.8,200,89.82,100,TGT
2025-11-17,9:38:26.517246206,T,89.8,100,89.82,100,TGT
2025-11-17,9:38:26.517592113,T,89.8,100,89.85,100,TGT
2025-11-17,9:38:26.517667293,T,89.79,200,89.85,100,TGT
2025-11-17,9:38:26.517687450,T,89.79,200,89.82,100,TGT
2025-11-17,9:38:26.517687450,T,89.79,200,89.81,100,TGT
2025-11-17,9:38:26.517812663,T,89.79,100,89.81,100,TGT
2025-11-17,9:38:26.518243613,T,89.79,100,89.82,100,TGT
2025-11-17,9:38:26.518935232,T,89.78,200,89.82,100,TGT
2025-11-17,9:38:26.518955322,T,89.78,200,89.81,100,TGT
2025-11-17,9:38:26.519195956,T,89.78,200,89.81,200,TGT
2025-11-17,9:38:26.519215951,T,89.78,300,89.81,200,TGT
2025-11-17,9:38:26.519516674,T,89.78,300,89.81,100,TGT
2025-11-17,9:38:26.525771565,T,89.78,200,89.81,100,TGT
2025-11-17,9:38:26.526187496,T,89.78,100,89.81,100,TGT
2025-11-17,9:38:26.528052031,T,89.78,100,89.82,100,TGT
2025-11-17,9:38:26.617700599,T,89.78,100,89.84,100,TGT
2025-11-17,9:38:26.643702523,T,89.74,100,89.84,100,TGT
2025-11-17,9:38:26.643727545,T,89.74,100,89.83,100,TGT
2025-11-17,9:38:26.643737576,T,89.74,100,89.84,100,TGT
2025-11-17,9:38:26.687226386,T,89.74,100,89.81,100,TGT
2025-11-17,9:38:26.687231227,T,89.74,100,89.84,100,TGT
2025-11-17,9:38:26.687241174,T,89.74,100,89.85,200,TGT
2025-11-17,9:38:26.687271289,T,89.74,100,89.85,100,TGT
2025-11-17,9:38:26.695921900,T,89.74,200,89.85,100,TGT
2025-11-17,9:38:27.204152623,T,89.74,100,89.85,100,TGT
2025-11-17,9:38:28.981411774,T,89.67,200,89.85,100,TGT
2025-11-17,9:38:28.988498627,T,89.67,200,89.85,200,TGT
2025-11-17,9:38:28.989125084,T,89.67,200,89.85,100,TGT
2025-11-17,9:38:31.160473138,T,89.67,200,89.77,100,TGT
2025-11-17,9:38:31.168787969,T,89.72,100,89.77,100,TGT
2025-11-17,9:38:39.038671457,T,89.72,100,89.77,200,TGT
2025-11-17,9:38:39.038681652,T,89.72,100,89.77,300,TGT
2025-11-17,9:38:39.038681652,T,89.72,100,89.77,200,TGT
2025-11-17,9:38:39.038691554,T,89.72,100,89.76,100,TGT
2025-11-17,9:38:39.039548574,T,89.72,100,89.77,100,TGT
2025-11-17,9:38:39.039553605,T,89.72,100,89.85,100,TGT
2025-11-17,9:38:39.140448940,T,89.72,100,89.76,100,TGT
2025-11-17,9:38:39.437466519,T,89.72,200,89.76,100,TGT
2025-11-17,9:38:48.523917796,T,89.72,100,89.76,100,TGT
2025-11-17,9:38:48.691020925,T,89.71,1000,89.76,100,TGT
2025-11-17,9:38:48.691056024,T,89.73,100,89.76,100,TGT
2025-11-17,9:38:49.962811242,T,89.73,200,89.76,100,TGT
2025-11-17,9:38:50.647932949,T,89.73,100,89.76,100,TGT
2025-11-17,9:38:50.647937956,T,89.71,1000,89.76,100,TGT
2025-11-17,9:38:50.647953028,T,89.71,1000,89.74,100,TGT
2025-11-17,9:38:50.648379011,T,89.67,200,89.74,100,TGT
2025-11-17,9:38:50.648404191,T,89.67,200,89.73,100,TGT
2025-11-17,9:38:50.648594623,T,89.63,100,89.73,100,TGT
2025-11-17,9:38:50.648604579,T,89.63,300,89.73,100,TGT
2025-11-17,9:38:50.648905316,T,89.63,300,89.74,100,TGT
2025-11-17,9:38:50.648910217,T,89.63,300,89.73,100,TGT
2025-11-17,9:38:50.648950387,T,89.63,300,89.74,100,TGT
2025-11-17,9:38:50.648975381,T,89.63,300,89.73,100,TGT
2025-11-17,9:38:50.652393549,T,89.63,300,89.73,200,TGT
2025-11-17,9:38:50.652398529,T,89.63,300,89.73,100,TGT
2025-11-17,9:38:50.658132221,T,89.66,100,89.73,100,TGT
2025-11-17,9:38:54.701950863,T,89.66,100,89.85,100,TGT
2025-11-17,9:38:54.701980958,T,89.66,100,89.73,100,TGT
2025-11-17,9:38:56.184988948,T,89.66,100,89.7,100,TGT
2025-11-17,9:38:56.185129300,T,89.59,200,89.7,100,TGT
2025-11-17,9:38:56.185695611,T,89.59,200,89.69,100,TGT
2025-11-17,9:38:56.197042674,T,89.63,100,89.69,100,TGT
2025-11-17,9:38:56.197538849,T,89.63,100,89.73,100,TGT
2025-11-17,9:38:56.197583973,T,89.63,100,89.85,100,TGT
2025-11-17,9:38:56.197609020,T,89.63,100,89.73,100,TGT
2025-11-17,9:38:57.554947583,T,89.63,200,89.73,100,TGT
2025-11-17,9:38:57.554952653,T,89.65,100,89.73,100,TGT
2025-11-17,9:38:57.555514003,T,89.63,100,89.73,100,TGT
2025-11-17,9:38:57.565262217,T,89.59,200,89.73,100,TGT
2025-11-17,9:38:57.565302263,T,89.64,100,89.73,100,TGT
2025-11-17,9:38:58.918666428,T,89.64,100,89.71,100,TGT
2025-11-17,9:39:00.884299420,T,89.59,200,89.71,100,TGT
2025-11-17,9:39:00.884329598,T,89.59,200,89.67,100,TGT
2025-11-17,9:39:00.884359780,T,89.59,200,89.67,200,TGT
2025-11-17,9:39:00.884364508,T,89.59,200,89.67,100,TGT
2025-11-17,9:39:00.884369594,T,89.59,200,89.67,200,TGT
2025-11-17,9:39:00.894578893,T,89.63,100,89.67,200,TGT
2025-11-17,9:39:00.894598889,T,89.63,100,89.67,100,TGT
2025-11-17,9:39:00.895045006,T,89.63,100,89.7,100,TGT
2025-11-17,9:39:00.895045006,T,89.63,100,89.71,100,TGT
2025-11-17,9:39:00.895350682,T,89.63,100,89.67,100,TGT
2025-11-17,9:39:00.895350682,T,89.63,100,89.67,200,TGT
2025-11-17,9:39:00.895476856,T,89.59,200,89.67,200,TGT
2025-11-17,9:39:00.895496091,T,89.59,200,89.65,100,TGT
2025-11-17,9:39:00.895796808,T,89.59,200,89.65,200,TGT
2025-11-17,9:39:00.896057427,T,89.59,200,89.65,100,TGT
2025-11-17,9:39:00.897345429,T,89.58,200,89.65,100,TGT
2025-11-17,9:39:00.904251960,T,89.61,100,89.65,100,TGT
2025-11-17,9:39:00.904276977,T,89.61,100,89.66,100,TGT
2025-11-17,9:39:00.904302068,T,89.61,100,89.65,100,TGT
2025-11-17,9:39:00.904657892,T,89.61,100,89.67,200,TGT
2025-11-17,9:39:06.102064679,T,89.61,100,89.67,100,TGT
2025-11-17,9:39:06.102089718,T,89.61,100,89.71,100,TGT
2025-11-17,9:39:07.195725130,T,89.61,200,89.71,100,TGT
2025-11-17,9:39:10.211594787,T,89.61,100,89.71,100,TGT
2025-11-17,9:39:10.212958006,T,89.61,100,89.7,100,TGT
2025-11-17,9:39:10.212983032,T,89.61,100,89.67,100,TGT
2025-11-17,9:39:10.213524311,T,89.61,100,89.71,100,TGT
2025-11-17,9:39:10.213644632,T,89.61,100,89.7,100,TGT
2025-11-17,9:39:10.213669656,T,89.61,100,89.67,100,TGT
2025-11-17,9:39:10.213980425,T,89.61,100,89.71,100,TGT
2025-11-17,9:39:10.214030570,T,89.58,200,89.71,100,TGT
2025-11-17,9:39:10.214050596,T,89.58,200,89.7,100,TGT
2025-11-17,9:39:10.214050596,T,89.58,200,89.64,100,TGT
2025-11-17,9:39:10.214366318,T,89.6,100,89.64,100,TGT
2025-11-17,9:39:10.215308617,T,89.6,100,89.64,400,TGT
2025-11-17,9:39:10.215894958,T,89.6,100,89.64,100,TGT
2025-11-17,9:39:10.215915091,T,89.6,100,89.62,200,TGT
2025-11-17,9:39:10.224285037,T,89.6,200,89.62,200,TGT
2025-11-17,9:39:10.824735447,T,89.6,200,89.7,100,TGT
2025-11-17,9:39:10.824755527,T,89.61,100,89.7,100,TGT
2025-11-17,9:39:10.824760548,T,89.61,200,89.7,100,TGT
2025-11-17,9:39:10.824760548,T,89.61,300,89.7,100,TGT
2025-11-17,9:39:10.824760548,T,89.62,100,89.7,100,TGT
2025-11-17,9:39:10.824765534,T,89.62,100,89.71,200,TGT
2025-11-17,9:39:10.824795575,T,89.62,100,89.7,100,TGT
2025-11-17,9:39:10.824905837,T,89.62,100,89.71,100,TGT
2025-11-17,9:39:10.827131186,T,89.62,100,89.71,200,TGT
2025-11-17,9:39:10.835846927,T,89.62,200,89.71,200,TGT
2025-11-17,9:39:11.070395779,T,89.62,200,89.7,100,TGT
2025-11-17,9:39:11.070410710,T,89.62,200,89.66,100,TGT
2025-11-17,9:39:11.093089758,T,89.63,100,89.66,100,TGT
2025-11-17,9:39:11.093114862,T,89.62,100,89.66,100,TGT
2025-11-17,9:39:11.093139949,T,89.62,100,89.65,100,TGT
2025-11-17,9:39:11.093696216,T,89.62,100,89.66,100,TGT
2025-11-17,9:39:11.165221676,T,89.58,200,89.66,100,TGT
2025-11-17,9:39:11.165241648,T,89.58,200,89.64,100,TGT
2025-11-17,9:39:11.165722826,T,89.58,200,89.63,100,TGT
2025-11-17,9:39:11.174704191,T,89.6,100,89.63,100,TGT
2025-11-17,9:39:11.175230476,T,89.6,200,89.63,100,TGT
2025-11-17,9:39:11.175255534,T,89.6,200,89.66,100,TGT
2025-11-17,9:39:11.318617074,T,89.6,200,89.71,100,TGT
2025-11-17,9:39:11.362842507,T,89.6,100,89.71,100,TGT
2025-11-17,9:39:11.362862840,T,89.6,100,89.7,100,TGT
2025-11-17,9:39:11.362862840,T,89.6,100,89.69,100,TGT
2025-11-17,9:39:11.362862840,T,89.6,100,89.66,100,TGT
2025-11-17,9:39:11.362872476,T,89.6,100,89.66,200,TGT
2025-11-17,9:39:11.362882537,T,89.6,100,89.66,100,TGT
2025-11-17,9:39:11.362892619,T,89.6,100,89.65,100,TGT
2025-11-17,9:39:11.369899291,T,89.6,100,89.66,100,TGT
2025-11-17,9:39:11.699183716,T,89.6,200,89.66,100,TGT
2025-11-17,9:39:11.699208869,T,89.6,100,89.66,100,TGT
2025-11-17,9:39:11.699258895,T,89.58,200,89.66,100,TGT
2025-11-17,9:39:11.699263895,T,89.58,200,89.64,100,TGT
2025-11-17,9:39:11.699279042,T,89.58,200,89.62,100,TGT
2025-11-17,9:39:11.699835265,T,89.58,200,89.64,100,TGT
2025-11-17,9:39:11.700100904,T,89.58,200,89.62,100,TGT
2025-11-17,9:39:11.700141054,T,89.58,100,89.62,100,TGT
2025-11-17,9:39:11.700161108,T,89.55,200,89.62,100,TGT
2025-11-17,9:39:11.700186132,T,89.55,200,89.6,100,TGT
2025-11-17,9:39:11.700737515,T,89.55,200,89.61,100,TGT
2025-11-17,9:39:11.700812628,T,89.55,200,89.61,200,TGT
2025-11-17,9:39:11.700833082,T,89.55,200,89.61,100,TGT
2025-11-17,9:39:11.700833082,T,89.55,200,89.6,100,TGT
2025-11-17,9:39:11.703829866,T,89.51,100,89.6,100,TGT
2025-11-17,9:39:11.707839403,T,89.55,100,89.6,100,TGT
2025-11-17,9:39:11.899756595,T,89.55,100,89.61,100,TGT
2025-11-17,9:39:13.289166521,T,89.51,100,89.61,100,TGT
2025-11-17,9:39:13.289357029,T,89.51,100,89.59,100,TGT
2025-11-17,9:39:13.289417171,T,89.5,200,89.59,100,TGT
2025-11-17,9:39:13.289768050,T,89.5,200,89.57,100,TGT
2025-11-17,9:39:13.290209071,T,89.5,200,89.57,200,TGT
2025-11-17,9:39:13.297626758,T,89.39,4800,89.57,200,TGT
2025-11-17,9:39:13.297636782,T,89.46,200,89.57,200,TGT
2025-11-17,9:39:13.298147954,T,89.52,100,89.57,200,TGT
2025-11-17,9:39:13.302227651,T,89.52,100,89.57,100,TGT
2025-11-17,9:39:13.302272738,T,89.53,100,89.57,100,TGT
2025-11-17,9:39:13.302302861,T,89.53,200,89.57,100,TGT
2025-11-17,9:39:13.305184693,T,89.53,300,89.57,100,TGT
2025-11-17,9:39:13.309339608,T,89.53,200,89.57,100,TGT
2025-11-17,9:39:13.309339608,T,89.53,100,89.57,100,TGT
2025-11-17,9:39:13.389826407,T,89.53,100,89.62,100,TGT
2025-11-17,9:39:13.389851449,T,89.53,100,89.64,100,TGT
2025-11-17,9:39:14.304029334,T,89.53,100,89.62,100,TGT
2025-11-17,9:39:14.999115467,T,89.53,100,89.64,100,TGT
2025-11-17,9:39:17.003410205,T,89.46,300,89.64,100,TGT
2025-11-17,9:39:17.003435253,T,89.46,300,89.62,100,TGT
2025-11-17,9:39:17.003445265,T,89.46,300,89.6,100,TGT
2025-11-17,9:39:17.003465397,T,89.46,300,89.57,100,TGT
2025-11-17,9:39:17.090898561,T,89.46,200,89.57,100,TGT
2025-11-17,9:39:17.490350124,T,89.52,100,89.57,100,TGT
2025-11-17,9:39:17.490380261,T,89.52,100,89.6,100,TGT
2025-11-17,9:39:19.038874234,T,89.52,100,89.64,100,TGT
2025-11-17,9:39:20.054594012,T,89.52,100,89.6,100,TGT
2025-11-17,9:39:20.054654220,T,89.52,400,89.6,100,TGT
2025-11-17,9:39:20.054819629,T,89.52,400,89.6,200,TGT
2025-11-17,9:39:20.291122612,T,89.52,400,89.6,100,TGT
2025-11-17,9:39:20.291643830,T,89.52,100,89.6,100,TGT
2025-11-17,9:39:20.360593030,T,89.52,100,89.64,100,TGT
2025-11-17,9:39:20.360603535,T,89.52,100,89.66,100,TGT
2025-11-17,9:39:20.360613084,T,89.56,100,89.66,100,TGT
2025-11-17,9:39:20.360613084,T,89.57,100,89.66,100,TGT
2025-11-17,9:39:20.360618137,T,89.57,200,89.66,100,TGT
2025-11-17,9:39:20.361139397,T,89.57,300,89.66,100,TGT
2025-11-17,9:39:20.361169431,T,89.57,200,89.66,100,TGT
2025-11-17,9:39:20.361435223,T,89.59,100,89.66,100,TGT
2025-11-17,9:39:20.361921263,T,89.59,100,89.7,200,TGT
2025-11-17,9:39:20.361991368,T,89.58,100,89.7,200,TGT
2025-11-17,9:39:20.373548976,T,89.59,100,89.7,200,TGT
2025-11-17,9:39:25.600441069,T,89.61,100,89.7,200,TGT
2025-11-17,9:39:25.600656576,T,89.61,100,89.71,100,TGT
2025-11-17,9:39:25.602029781,T,89.61,200,89.71,100,TGT
2025-11-17,9:39:25.604004498,T,89.61,300,89.71,100,TGT
2025-11-17,9:39:26.122935778,T,89.61,300,89.73,100,TGT
2025-11-17,9:39:26.123727667,T,89.61,200,89.73,100,TGT
2025-11-17,9:39:26.297777374,T,89.61,300,89.73,100,TGT
2025-11-17,9:39:30.933335764,T,89.61,300,89.79,200,TGT
2025-11-17,9:39:30.933370908,T,89.66,100,89.79,200,TGT
2025-11-17,9:39:30.934232963,T,89.65,100,89.79,200,TGT
2025-11-17,9:39:30.934232963,T,89.65,100,89.71,100,TGT
2025-11-17,9:39:30.944742944,T,89.66,100,89.71,100,TGT
2025-11-17,9:39:33.285825061,T,89.65,100,89.71,100,TGT
2025-11-17,9:39:33.285860106,T,89.65,100,89.68,100,TGT
2025-11-17,9:39:33.285925304,T,89.65,100,89.68,200,TGT
2025-11-17,9:39:33.286040492,T,89.65,100,89.68,100,TGT
2025-11-17,9:39:33.286135701,T,89.61,100,89.68,100,TGT
2025-11-17,9:39:33.286165795,T,89.56,200,89.68,100,TGT
2025-11-17,9:39:33.286321174,T,89.56,200,89.68,200,TGT
2025-11-17,9:39:33.286411375,T,89.56,200,89.68,100,TGT
2025-11-17,9:39:33.286767287,T,89.56,200,89.7,300,TGT
2025-11-17,9:39:33.286957742,T,89.56,200,89.7,200,TGT
2025-11-17,9:39:33.294074621,T,89.64,100,89.7,200,TGT
2025-11-17,9:39:33.294094704,T,89.56,200,89.7,200,TGT
2025-11-17,9:39:33.294104753,T,89.56,100,89.7,200,TGT
2025-11-17,9:39:33.294134868,T,89.56,100,89.68,100,TGT
2025-11-17,9:39:33.294149875,T,89.56,200,89.68,100,TGT
2025-11-17,9:39:33.294520792,T,89.56,200,89.7,200,TGT
2025-11-17,9:39:33.294986860,T,89.56,200,89.66,100,TGT
2025-11-17,9:39:33.295483061,T,89.56,200,89.7,200,TGT
2025-11-17,9:39:33.296706741,T,89.56,200,89.66,100,TGT
2025-11-17,9:39:33.297107018,T,89.56,200,89.7,200,TGT
2025-11-17,9:39:33.304895413,T,89.56,200,89.69,100,TGT
2025-11-17,9:39:33.304905507,T,89.56,100,89.69,100,TGT
2025-11-17,9:39:33.304905507,T,89.56,100,89.65,100,TGT
2025-11-17,9:39:33.485891609,T,89.56,100,89.66,100,TGT
2025-11-17,9:39:35.508440033,T,89.56,100,89.7,100,TGT
2025-11-17,9:39:40.250913122,T,89.56,100,89.7,200,TGT
2025-11-17,9:39:40.251449451,T,89.56,100,89.68,100,TGT
2025-11-17,9:39:40.251905458,T,89.56,100,89.7,200,TGT
2025-11-17,9:39:40.252166169,T,89.56,100,89.68,100,TGT
2025-11-17,9:39:40.252697428,T,89.56,100,89.7,200,TGT
2025-11-17,9:39:40.252832699,T,89.56,100,89.68,100,TGT
2025-11-17,9:39:40.308560445,T,89.56,100,89.7,100,TGT
2025-11-17,9:39:40.309031592,T,89.62,100,89.7,100,TGT
2025-11-17,9:39:40.309688191,T,89.56,100,89.7,100,TGT
2025-11-17,9:39:40.310339667,T,89.62,100,89.7,100,TGT
2025-11-17,9:39:40.335805415,T,89.63,100,89.7,100,TGT
2025-11-17,9:39:40.335835484,T,89.63,200,89.7,100,TGT
2025-11-17,9:39:40.335845510,T,89.65,100,89.7,100,TGT
2025-11-17,9:39:40.336231455,T,89.63,200,89.7,100,TGT
2025-11-17,9:39:40.337013268,T,89.63,100,89.7,100,TGT
2025-11-17,9:39:40.338657147,T,89.63,100,89.75,200,TGT
2025-11-17,9:39:41.082153370,T,89.67,100,89.75,200,TGT
2025-11-17,9:39:41.082353872,T,89.67,100,89.85,100,TGT
2025-11-17,9:39:41.082363961,T,89.67,100,89.79,200,TGT
2025-11-17,9:39:41.083075905,T,89.67,100,89.75,100,TGT
2025-11-17,9:39:44.820554509,T,89.63,100,89.75,100,TGT
2025-11-17,9:39:44.820564505,T,89.63,100,89.72,100,TGT
2025-11-17,9:39:44.820584600,T,89.63,100,89.72,200,TGT
2025-11-17,9:39:44.820654820,T,89.63,100,89.71,100,TGT
2025-11-17,9:39:44.820679778,T,89.63,100,89.71,200,TGT
2025-11-17,9:39:44.830352892,T,89.63,100,89.71,100,TGT
2025-11-17,9:39:44.901697805,T,89.65,100,89.71,100,TGT
2025-11-17,9:39:45.138943052,T,89.64,100,89.71,100,TGT
2025-11-17,9:39:49.526876437,T,89.63,100,89.71,100,TGT
2025-11-17,9:39:54.113448228,T,89.63,100,89.7,100,TGT
2025-11-17,9:39:54.113458236,T,89.63,100,89.7,200,TGT
2025-11-17,9:39:54.113904246,T,89.63,100,89.7,100,TGT
2025-11-17,9:39:56.074504893,T,89.63,100,89.79,200,TGT
2025-11-17,9:39:56.074509847,T,89.66,100,89.79,200,TGT
2025-11-17,9:39:56.074525042,T,89.67,100,89.79,200,TGT
2025-11-17,9:39:56.074529946,T,89.68,100,89.79,200,TGT
2025-11-17,9:39:56.075081190,T,89.67,100,89.79,200,TGT
2025-11-17,9:39:56.075121506,T,89.68,100,89.79,200,TGT
2025-11-17,9:39:56.230847272,T,89.68,100,89.78,100,TGT
2025-11-17,9:39:56.231148012,T,89.68,100,89.79,200,TGT
2025-11-17,9:39:56.231674228,T,89.68,100,89.79,300,TGT
2025-11-17,9:39:56.232937241,T,89.68,100,89.79,100,TGT
2025-11-17,9:39:57.296461135,T,89.68,100,89.83,200,TGT
2025-11-17,9:39:59.112457454,T,89.68,100,89.77,100,TGT
2025-11-17,9:39:59.137010903,T,89.68,100,89.76,100,TGT
2025-11-17,9:39:59.243464451,T,89.68,100,89.77,100,TGT
2025-11-17,9:40:00.032338735,T,89.68,100,89.83,200,TGT
2025-11-17,9:40:00.053439040,T,89.68,100,89.79,100,TGT
2025-11-17,9:40:00.053444014,T,89.68,100,89.79,200,TGT
2025-11-17,9:40:00.251911866,T,89.63,100,89.79,200,TGT
2025-11-17,9:40:00.467465393,T,89.63,100,89.79,100,TGT
2025-11-17,9:40:01.520218377,T,89.63,100,89.79,200,TGT
2025-11-17,9:40:02.197035708,T,89.63,100,89.78,100,TGT
2025-11-17,9:40:02.197055768,T,89.58,200,89.78,100,TGT
2025-11-17,9:40:02.197071103,T,89.58,200,89.76,100,TGT
2025-11-17,9:40:02.197246292,T,89.58,200,89.75,100,TGT
2025-11-17,9:40:02.197291399,T,89.58,200,89.74,100,TGT
2025-11-17,9:40:02.198073233,T,89.58,200,89.72,100,TGT
2025-11-17,9:40:02.205806628,T,89.58,200,89.74,100,TGT
2025-11-17,9:40:02.205846765,T,89.58,200,89.72,100,TGT
2025-11-17,9:40:02.206754045,T,89.58,200,89.74,100,TGT
2025-11-17,9:40:04.008877331,T,89.58,200,89.72,100,TGT
2025-11-17,9:40:04.008892285,T,89.58,200,89.71,100,TGT
2025-11-17,9:40:04.008952526,T,89.58,200,89.71,200,TGT
2025-11-17,9:40:04.008952526,T,89.58,200,89.7,100,TGT
2025-11-17,9:40:04.008967488,T,89.58,200,89.69,100,TGT
2025-11-17,9:40:04.010912122,T,89.58,200,89.67,100,TGT
2025-11-17,9:40:04.010922479,T,89.58,200,89.67,200,TGT
2025-11-17,9:40:04.010927173,T,89.58,200,89.67,100,TGT
2025-11-17,9:40:04.010952206,T,89.58,200,89.67,200,TGT
2025-11-17,9:40:04.011483500,T,89.58,200,89.67,300,TGT
2025-11-17,9:40:04.011493561,T,89.58,200,89.65,100,TGT
2025-11-17,9:40:04.011518598,T,89.58,200,89.67,300,TGT
2025-11-17,9:40:04.011714085,T,89.58,200,89.65,100,TGT
2025-11-17,9:40:04.015432937,T,89.56,100,89.65,100,TGT
2025-11-17,9:40:04.100716129,T,89.56,100,89.64,100,TGT
2025-11-17,9:40:04.100966748,T,89.56,100,89.67,100,TGT
2025-11-17,9:40:04.100987369,T,89.56,200,89.67,100,TGT
2025-11-17,9:40:04.100992511,T,89.57,100,89.67,100,TGT
2025-11-17,9:40:04.100992511,T,89.58,100,89.67,100,TGT
2025-11-17,9:40:04.100996755,T,89.59,100,89.67,100,TGT
2025-11-17,9:40:04.100996755,T,89.61,100,89.67,100,TGT
2025-11-17,9:40:04.101001832,T,89.61,100,89.68,100,TGT
2025-11-17,9:40:04.101502974,T,89.59,100,89.68,100,TGT
2025-11-17,9:40:04.101578171,T,89.61,100,89.68,100,TGT
2025-11-17,9:40:04.108038614,T,89.59,100,89.68,100,TGT
2025-11-17,9:40:04.110920449,T,89.59,100,89.69,100,TGT
2025-11-17,9:40:04.301008248,T,89.56,200,89.69,100,TGT
2025-11-17,9:40:04.301038325,T,89.56,100,89.69,100,TGT
2025-11-17,9:40:08.689031570,T,89.56,100,89.66,100,TGT
2025-11-17,9:40:08.689658152,T,89.56,100,89.69,100,TGT
2025-11-17,9:40:08.690354711,T,89.56,200,89.69,100,TGT
2025-11-17,9:40:08.690409888,T,89.56,200,89.7,300,TGT
2025-11-17,9:40:08.690966252,T,89.56,100,89.7,300,TGT
2025-11-17,9:40:08.699366186,T,89.63,100,89.7,300,TGT
2025-11-17,9:40:08.850115422,T,89.56,100,89.7,300,TGT
2025-11-17,9:40:12.344630464,T,89.56,100,89.69,100,TGT
2025-11-17,9:40:12.354253351,T,89.56,100,89.69,200,TGT
2025-11-17,9:40:13.110916037,T,89.56,100,89.69,100,TGT
2025-11-17,9:40:13.111096577,T,89.56,100,89.7,300,TGT
2025-11-17,9:40:15.583075414,T,89.56,100,89.68,100,TGT
2025-11-17,9:40:15.583316080,T,89.56,100,89.68,200,TGT
2025-11-17,9:40:15.583386175,T,89.56,100,89.68,100,TGT
2025-11-17,9:40:16.884420591,T,89.56,100,89.68,400,TGT
2025-11-17,9:40:18.962385979,T,89.56,100,89.68,100,TGT
2025-11-17,9:40:21.255027735,T,89.56,100,89.7,300,TGT
2025-11-17,9:40:21.604560511,T,89.63,100,89.7,300,TGT
2025-11-17,9:40:22.958245430,T,89.63,100,89.7,400,TGT
2025-11-17,9:40:22.958661872,T,89.63,100,89.7,300,TGT
2025-11-17,9:40:22.959348118,T,89.63,100,89.7,400,TGT
2025-11-17,9:40:22.967307068,T,89.63,200,89.7,400,TGT
2025-11-17,9:40:22.967437334,T,89.63,200,89.7,500,TGT
2025-11-17,9:40:22.983134706,T,89.63,200,89.7,400,TGT
2025-11-17,9:40:23.031525044,T,89.63,200,89.68,100,TGT
2025-11-17,9:40:23.641423350,T,89.63,200,89.68,200,TGT
2025-11-17,9:40:24.796499686,T,89.63,200,89.68,100,TGT
2025-11-17,9:40:24.816903280,T,89.63,200,89.7,300,TGT
2025-11-17,9:40:25.955846735,T,89.63,200,89.7,200,TGT
2025-11-17,9:40:31.863656107,T,89.65,100,89.7,200,TGT
2025-11-17,9:40:31.877779824,T,89.65,200,89.7,200,TGT
2025-11-17,9:40:33.937727226,T,89.65,100,89.7,200,TGT
2025-11-17,9:40:34.161615502,T,89.65,200,89.7,200,TGT
2025-11-17,9:40:35.118294499,T,89.65,100,89.7,200,TGT
2025-11-17,9:40:35.118324476,T,89.63,100,89.7,200,TGT
2025-11-17,9:40:35.178207213,T,89.65,100,89.7,200,TGT
2025-11-17,9:40:35.895200315,T,89.65,200,89.7,200,TGT
2025-11-17,9:40:40.200962961,T,89.65,100,89.7,200,TGT
2025-11-17,9:40:40.200968061,T,89.63,200,89.7,200,TGT
2025-11-17,9:40:40.200968061,T,89.63,100,89.7,200,TGT
2025-11-17,9:40:40.200993058,T,89.63,100,89.67,100,TGT
2025-11-17,9:40:40.200993058,T,89.63,100,89.67,200,TGT
2025-11-17,9:40:40.200993058,T,89.63,100,89.67,300,TGT
2025-11-17,9:40:40.201023152,T,89.58,200,89.67,300,TGT
2025-11-17,9:40:40.201499239,T,89.58,200,89.66,100,TGT
2025-11-17,9:40:40.201890254,T,89.58,200,89.67,200,TGT
2025-11-17,9:40:40.202346278,T,89.58,200,89.67,100,TGT
2025-11-17,9:40:40.202882596,T,89.58,200,89.66,100,TGT
2025-11-17,9:40:40.203619303,T,89.58,200,89.67,100,TGT
2025-11-17,9:40:40.204431217,T,89.58,200,89.66,100,TGT
2025-11-17,9:40:40.205168031,T,89.58,200,89.67,100,TGT
2025-11-17,9:40:40.211748670,T,89.63,100,89.67,100,TGT
2025-11-17,9:40:40.301016346,T,89.63,100,89.7,300,TGT
2025-11-17,9:40:40.301201821,T,89.63,100,89.67,100,TGT
2025-11-17,9:40:40.401180018,T,89.63,100,89.7,200,TGT
2025-11-17,9:40:44.607691406,T,89.58,200,89.7,200,TGT
2025-11-17,9:40:44.607716375,T,89.58,200,89.65,100,TGT
2025-11-17,9:40:44.608027179,T,89.58,200,89.65,200,TGT
2025-11-17,9:40:44.608267719,T,89.58,200,89.65,100,TGT
2025-11-17,9:40:44.609009487,T,89.56,100,89.65,100,TGT
2025-11-17,9:40:44.609415508,T,89.56,100,89.65,200,TGT
2025-11-17,9:40:44.616838122,T,89.61,100,89.65,200,TGT
2025-11-17,9:40:45.411706726,T,89.61,100,89.65,100,TGT
2025-11-17,9:40:46.669768733,T,89.61,100,89.66,100,TGT
2025-11-17,9:40:46.669788972,T,89.63,100,89.66,100,TGT
2025-11-17,9:40:46.670345128,T,89.62,100,89.66,100,TGT
2025-11-17,9:40:46.673527679,T,89.62,200,89.66,100,TGT
2025-11-17,9:40:46.674124118,T,89.62,200,89.7,200,TGT
2025-11-17,9:40:46.674144197,T,89.64,100,89.7,200,TGT
2025-11-17,9:40:46.674480021,T,89.65,100,89.7,200,TGT
2025-11-17,9:40:46.675236842,T,89.62,300,89.7,200,TGT
2025-11-17,9:40:46.675447368,T,89.65,100,89.7,200,TGT
2025-11-17,9:40:46.681496647,T,89.65,200,89.7,200,TGT
2025-11-17,9:40:46.869850473,T,89.65,100,89.7,200,TGT
2025-11-17,9:40:50.333667597,T,89.65,100,89.7,100,TGT
2025-11-17,9:40:50.333687594,T,89.65,100,89.74,100,TGT
2025-11-17,9:40:50.333712777,T,89.67,100,89.74,100,TGT
2025-11-17,9:40:50.333717662,T,89.67,100,89.75,100,TGT
2025-11-17,9:40:50.334203827,T,89.67,200,89.75,100,TGT
2025-11-17,9:40:50.334218862,T,89.67,100,89.75,100,TGT
2025-11-17,9:40:50.334228919,T,89.69,100,89.75,100,TGT
2025-11-17,9:40:50.334740136,T,89.67,100,89.75,100,TGT
2025-11-17,9:40:50.334770183,T,89.66,100,89.75,100,TGT
2025-11-17,9:40:50.335697442,T,89.69,100,89.75,100,TGT
2025-11-17,9:40:50.336173579,T,89.66,100,89.75,100,TGT
2025-11-17,9:40:50.336975472,T,89.67,100,89.75,100,TGT
2025-11-17,9:40:50.344102438,T,89.66,100,89.75,100,TGT
2025-11-17,9:40:50.345109879,T,89.69,100,89.75,100,TGT
