DATE,TIME_M,EX,BID,BIDSIZ,ASK,ASKSIZ,SYM_ROOT
2025-12-18,9:30:01.156587049,T,98.2,300,98.9,100,TGT
2025-12-18,9:30:01.157940225,T,98.2,300,99.0,1000,TGT
2025-12-18,9:30:01.158516691,T,98.2,400,99.0,1000,TGT
2025-12-18,9:30:01.164997141,T,98.2,300,99.0,1000,TGT
2025-12-18,9:30:01.247002455,T,98.2,400,99.0,1000,TGT
2025-12-18,9:30:01.252440462,T,98.2,300,99.0,1000,TGT
2025-12-18,9:30:01.260980754,T,98.2,300,98.99,100,TGT
2025-12-18,9:30:01.288516404,T,98.2,300,98.72,100,TGT
2025-12-18,9:30:01.303040900,T,98.2,300,98.65,200,TGT
2025-12-18,9:30:02.003018655,T,98.2,400,98.65,200,TGT
2025-12-18,9:30:02.003464735,T,98.2,400,98.65,100,TGT
2025-12-18,9:30:02.003464735,T,98.2,400,98.9,100,TGT
2025-12-18,9:30:02.003484732,T,98.64,100,98.9,100,TGT
2025-12-18,9:30:02.003554931,T,98.64,100,98.65,100,TGT
2025-12-18,9:30:02.003574908,T,98.2,400,98.65,100,TGT
2025-12-18,9:30:02.003580000,T,98.2,400,98.9,100,TGT
2025-12-18,9:30:02.003605021,T,98.2,400,98.65,100,TGT
2025-12-18,9:30:02.003700291,T,98.2,400,98.9,100,TGT
2025-12-18,9:30:02.003770403,T,98.56,100,98.9,100,TGT
2025-12-18,9:30:02.003840582,T,98.5,100,98.9,100,TGT
2025-12-18,9:30:02.004026060,T,98.5,100,98.65,100,TGT
2025-12-18,9:30:02.004041066,T,98.5,100,98.64,100,TGT
2025-12-18,9:30:02.004051094,T,98.5,100,98.65,100,TGT
2025-12-18,9:30:02.004056160,T,98.5,100,98.72,100,TGT
2025-12-18,9:30:02.004081165,T,98.5,100,98.9,100,TGT
2025-12-18,9:30:02.004096253,T,98.2,400,98.9,100,TGT
2025-12-18,9:30:02.004151379,T,98.5,100,98.9,100,TGT
2025-12-18,9:30:02.009880018,T,98.2,400,98.9,100,TGT
2025-12-18,9:30:02.130783053,T,98.2,400,98.95,100,TGT
2025-12-18,9:30:02.130803063,T,98.54,100,98.95,100,TGT
2025-12-18,9:30:02.130813263,T,98.56,100,98.95,100,TGT
2025-12-18,9:30:02.136276177,T,98.2,400,98.95,100,TGT
2025-12-18,9:30:02.279011283,T,98.2,300,98.95,100,TGT
2025-12-18,9:30:02.294949243,T,98.2,400,98.95,100,TGT
2025-12-18,9:30:02.533948614,T,98.2,300,98.95,100,TGT
2025-12-18,9:30:02.692300852,T,98.2,400,98.95,100,TGT
2025-12-18,9:30:02.850106766,T,98.2,300,98.95,100,TGT
2025-12-18,9:30:02.867137319,T,98.2,400,98.95,100,TGT
2025-12-18,9:30:03.129772900,T,98.2,300,98.95,100,TGT
2025-12-18,9:30:03.345426620,T,98.2,300,98.98,100,TGT
2025-12-18,9:30:03.345461764,T,98.2,400,98.98,100,TGT
2025-12-18,9:30:03.346419034,T,98.2,400,98.99,100,TGT
2025-12-18,9:30:03.491274102,T,98.2,300,98.99,100,TGT
2025-12-18,9:30:03.492592165,T,98.2,400,98.99,100,TGT
2025-12-18,9:30:03.619053471,T,98.2,300,98.99,100,TGT
2025-12-18,9:30:04.069296027,T,98.2,300,98.75,300,TGT
2025-12-18,9:30:04.069721961,T,98.2,300,98.75,400,TGT
2025-12-18,9:30:05.647380645,T,98.5,100,98.75,400,TGT
2025-12-18,9:30:06.691833806,T,98.5,100,98.64,100,TGT
2025-12-18,9:30:06.691878916,T,98.5,100,98.75,400,TGT
2025-12-18,9:30:06.692254826,T,98.5,100,98.75,300,TGT
2025-12-18,9:30:06.692911421,T,98.5,100,98.75,400,TGT
2025-12-18,9:30:06.934872722,T,98.56,100,98.75,400,TGT
2025-12-18,9:30:08.082151213,T,98.57,100,98.75,400,TGT
2025-12-18,9:30:08.092149696,T,98.56,100,98.75,400,TGT
2025-12-18,9:30:09.382123030,T,98.57,100,98.75,400,TGT
2025-12-18,9:30:09.382539037,T,98.57,100,98.75,300,TGT
2025-12-18,9:30:09.397880587,T,98.56,100,98.75,300,TGT
2025-12-18,9:30:13.744741339,T,98.57,100,98.75,300,TGT
2025-12-18,9:30:14.385808561,T,98.56,100,98.75,300,TGT
2025-12-18,9:30:14.387292111,T,98.57,100,98.75,300,TGT
2025-12-18,9:30:14.490548158,T,98.56,100,98.75,300,TGT
2025-12-18,9:30:15.623271651,T,98.58,100,98.75,300,TGT
2025-12-18,9:30:15.789507769,T,98.56,100,98.75,300,TGT
2025-12-18,9:30:15.790916161,T,98.58,100,98.75,300,TGT
2025-12-18,9:30:16.097566698,T,98.56,100,98.75,300,TGT
2025-12-18,9:30:16.098393654,T,98.59,100,98.75,300,TGT
2025-12-18,9:30:16.293693992,T,98.56,100,98.75,300,TGT
2025-12-18,9:30:16.293949510,T,98.58,100,98.75,300,TGT
2025-12-18,9:30:16.395701949,T,98.59,100,98.75,300,TGT
2025-12-18,9:30:17.252633492,T,98.58,100,98.75,300,TGT
2025-12-18,9:30:25.890091080,T,98.58,100,98.72,100,TGT
2025-12-18,9:30:25.890887926,T,98.58,100,98.75,300,TGT
2025-12-18,9:30:25.891238763,T,98.58,100,98.73,100,TGT
2025-12-18,9:30:26.457237132,T,98.58,100,98.75,300,TGT
2025-12-18,9:30:31.854194952,T,98.58,100,98.72,100,TGT
2025-12-18,9:30:32.688512653,T,98.58,100,98.75,300,TGT
2025-12-18,9:30:33.171463290,T,98.58,100,98.73,100,TGT
2025-12-18,9:30:33.171984467,T,98.58,100,98.75,300,TGT
2025-12-18,9:30:33.172946759,T,98.58,100,98.73,100,TGT
2025-12-18,9:30:33.173437828,T,98.58,100,98.75,300,TGT
2025-12-18,9:30:33.173989162,T,98.58,100,98.75,400,TGT
2025-12-18,9:30:33.174480408,T,98.58,100,98.75,300,TGT
2025-12-18,9:30:33.175036682,T,98.58,100,98.73,100,TGT
2025-12-18,9:30:33.175527811,T,98.58,100,98.75,300,TGT
2025-12-18,9:30:33.176084177,T,98.58,100,98.73,100,TGT
2025-12-18,9:30:33.176580330,T,98.58,100,98.75,300,TGT
2025-12-18,9:30:33.177136706,T,98.58,100,98.73,100,TGT
2025-12-18,9:30:33.177627823,T,98.58,100,98.75,300,TGT
2025-12-18,9:30:33.177913539,T,98.58,100,98.73,100,TGT
2025-12-18,9:30:33.178419739,T,98.58,100,98.75,300,TGT
2025-12-18,9:30:33.180033605,T,98.58,100,98.73,100,TGT
2025-12-18,9:30:33.180539833,T,98.58,100,98.75,300,TGT
2025-12-18,9:30:33.181106196,T,98.58,100,98.73,100,TGT
2025-12-18,9:30:33.181597265,T,98.58,100,98.75,300,TGT
2025-12-18,9:30:33.182153607,T,98.58,100,98.73,100,TGT
2025-12-18,9:30:33.182644853,T,98.58,100,98.75,300,TGT
2025-12-18,9:30:48.686756031,T,98.59,100,98.75,300,TGT
2025-12-18,9:30:48.834533059,T,98.58,100,98.75,300,TGT
2025-12-18,9:30:52.747695828,T,98.58,100,98.72,100,TGT
2025-12-18,9:30:52.747786238,T,98.58,100,98.68,100,TGT
2025-12-18,9:30:52.747826210,T,98.56,100,98.68,100,TGT
2025-12-18,9:30:52.747841186,T,98.56,100,98.58,100,TGT
2025-12-18,9:30:52.747861322,T,98.52,100,98.58,100,TGT
2025-12-18,9:30:52.747871245,T,98.56,100,98.58,100,TGT
2025-12-18,9:30:52.747876317,T,98.56,100,98.63,100,TGT
2025-12-18,9:30:52.747881336,T,98.52,100,98.63,100,TGT
2025-12-18,9:30:52.748407522,T,98.52,100,98.66,100,TGT
2025-12-18,9:30:52.757955361,T,98.52,100,98.68,100,TGT
2025-12-18,9:30:57.009704362,T,98.52,200,98.68,100,TGT
2025-12-18,9:30:57.095754424,T,98.52,100,98.68,100,TGT
2025-12-18,9:30:57.097468470,T,98.52,200,98.68,100,TGT
2025-12-18,9:30:57.116468799,T,98.52,200,98.72,100,TGT
2025-12-18,9:30:57.116473713,T,98.55,100,98.72,100,TGT
2025-12-18,9:30:57.198353835,T,98.55,100,98.75,300,TGT
2025-12-18,9:30:57.198373821,T,98.55,100,98.72,100,TGT
2025-12-18,9:30:57.199000387,T,98.55,200,98.72,100,TGT
2025-12-18,9:30:57.209094437,T,98.55,100,98.72,100,TGT
2025-12-18,9:30:58.656437718,T,98.55,100,98.75,400,TGT
2025-12-18,9:30:58.656437718,T,98.55,100,98.73,100,TGT
2025-12-18,9:30:58.656442428,T,98.55,100,98.72,100,TGT
2025-12-18,9:30:58.656442428,T,98.52,200,98.72,100,TGT
2025-12-18,9:30:58.656452443,T,98.52,200,98.71,100,TGT
2025-12-18,9:30:58.656462497,T,98.52,200,98.68,100,TGT
2025-12-18,9:30:58.663499312,T,98.52,200,98.73,100,TGT
2025-12-18,9:30:58.664125799,T,98.52,200,98.69,100,TGT
2025-12-18,9:30:58.857376225,T,98.52,200,98.75,300,TGT
2025-12-18,9:31:11.366111708,T,98.56,100,98.75,300,TGT
2025-12-18,9:31:11.366637873,T,98.62,100,98.75,300,TGT
2025-12-18,9:31:11.367359637,T,98.56,100,98.75,300,TGT
2025-12-18,9:31:11.367499924,T,98.61,100,98.75,300,TGT
2025-12-18,9:31:11.470174627,T,98.67,100,98.75,300,TGT
2025-12-18,9:31:11.470395091,T,98.67,200,98.75,300,TGT
2025-12-18,9:31:11.470475281,T,98.67,200,98.81,200,TGT
2025-12-18,9:31:11.470495386,T,98.73,100,98.81,200,TGT
2025-12-18,9:31:11.470500339,T,98.73,100,98.81,300,TGT
2025-12-18,9:31:11.470640664,T,98.74,100,98.81,300,TGT
2025-12-18,9:31:11.470861236,T,98.74,200,98.81,300,TGT
2025-12-18,9:31:11.471171963,T,98.74,200,98.81,100,TGT
2025-12-18,9:31:11.471196992,T,98.74,200,98.85,100,TGT
2025-12-18,9:31:11.471512759,T,98.74,100,98.85,100,TGT
2025-12-18,9:31:11.471533251,T,98.73,100,98.85,100,TGT
2025-12-18,9:31:11.471537864,T,98.73,100,98.88,100,TGT
2025-12-18,9:31:11.471537864,T,98.71,100,98.88,100,TGT
2025-12-18,9:31:11.471567931,T,98.71,100,98.8,100,TGT
2025-12-18,9:31:11.471577986,T,98.71,100,98.74,100,TGT
2025-12-18,9:31:11.471607970,T,98.71,100,98.73,100,TGT
2025-12-18,9:31:11.471633094,T,98.71,100,98.8,100,TGT
2025-12-18,9:31:11.471653090,T,98.71,100,98.9,100,TGT
2025-12-18,9:31:11.471678215,T,98.71,100,98.88,100,TGT
2025-12-18,9:31:11.471793498,T,98.71,100,98.9,100,TGT
2025-12-18,9:31:11.471953793,T,98.71,100,98.88,100,TGT
2025-12-18,9:31:11.471958834,T,98.71,100,98.85,100,TGT
2025-12-18,9:31:11.471968853,T,98.71,100,98.82,100,TGT
2025-12-18,9:31:11.471968853,T,98.71,100,98.81,100,TGT
2025-12-18,9:31:11.471973865,T,98.71,100,98.8,100,TGT
2025-12-18,9:31:11.472089116,T,98.71,100,98.85,100,TGT
2025-12-18,9:31:11.472224471,T,98.71,100,98.88,100,TGT
2025-12-18,9:31:11.472249524,T,98.71,100,98.85,100,TGT
2025-12-18,9:31:11.478970511,T,98.61,100,98.85,100,TGT
2025-12-18,9:31:11.481972736,T,98.61,100,98.86,100,TGT
2025-12-18,9:31:11.481997761,T,98.61,100,98.88,100,TGT
2025-12-18,9:31:11.486879371,T,98.61,100,98.9,100,TGT
2025-12-18,9:31:11.487145057,T,98.61,100,98.88,100,TGT
2025-12-18,9:31:11.541699997,T,98.69,100,98.88,100,TGT
2025-12-18,9:31:11.541860360,T,98.71,200,98.88,100,TGT
2025-12-18,9:31:11.650734880,T,98.7,100,98.88,100,TGT
2025-12-18,9:31:11.651601774,T,98.71,100,98.88,100,TGT
2025-12-18,9:31:11.740523714,T,98.71,100,98.9,100,TGT
2025-12-18,9:31:11.740648981,T,98.71,100,98.88,100,TGT
2025-12-18,9:31:11.740764205,T,98.71,100,98.9,100,TGT
2025-12-18,9:31:11.773592405,T,98.71,100,98.95,100,TGT
2025-12-18,9:31:11.773612503,T,98.71,200,98.95,100,TGT
2025-12-18,9:31:11.773612503,T,98.72,100,98.95,100,TGT
2025-12-18,9:31:11.773617555,T,98.78,100,98.95,100,TGT
2025-12-18,9:31:11.773627588,T,98.79,100,98.95,100,TGT
2025-12-18,9:31:11.773848005,T,98.79,200,98.95,100,TGT
2025-12-18,9:31:11.774524642,T,98.8,100,98.95,100,TGT
2025-12-18,9:31:11.774529677,T,98.8,100,98.96,200,TGT
2025-12-18,9:31:11.774549704,T,98.83,100,98.96,200,TGT
2025-12-18,9:31:11.774950637,T,98.8,100,98.96,200,TGT
2025-12-18,9:31:11.775000855,T,98.8,100,98.93,200,TGT
2025-12-18,9:31:11.775251394,T,98.83,100,98.93,200,TGT
2025-12-18,9:31:11.775537144,T,98.83,200,98.93,200,TGT
2025-12-18,9:31:11.776258861,T,98.83,200,98.96,100,TGT
2025-12-18,9:31:11.776875247,T,98.83,100,98.96,100,TGT
2025-12-18,9:31:11.869581101,T,98.84,100,98.96,100,TGT
2025-12-18,9:31:11.869606234,T,98.86,100,98.96,100,TGT
2025-12-18,9:31:11.869831724,T,98.86,200,98.96,100,TGT
2025-12-18,9:31:12.255806265,T,98.86,100,98.96,100,TGT
2025-12-18,9:31:12.283211610,T,98.86,100,98.96,300,TGT
2025-12-18,9:31:13.020563136,T,98.87,100,98.96,300,TGT
2025-12-18,9:31:13.020598235,T,98.87,100,98.96,200,TGT
2025-12-18,9:31:13.020598235,T,98.87,100,99.0,1600,TGT
2025-12-18,9:31:13.020618331,T,98.95,100,99.0,1600,TGT
2025-12-18,9:31:13.021695921,T,98.91,100,99.0,1600,TGT
2025-12-18,9:31:13.021740997,T,98.87,100,99.0,1600,TGT
2025-12-18,9:31:13.220609805,T,98.86,100,99.0,1600,TGT
2025-12-18,9:31:13.711399203,T,98.88,100,99.0,1600,TGT
2025-12-18,9:31:13.711604676,T,98.88,200,99.0,1600,TGT
2025-12-18,9:31:13.712191041,T,98.92,100,99.0,1600,TGT
2025-12-18,9:31:13.712331398,T,98.92,100,99.0,1400,TGT
2025-12-18,9:31:13.712336508,T,98.92,100,99.0,1300,TGT
2025-12-18,9:31:13.712336508,T,98.92,100,99.0,1000,TGT
2025-12-18,9:31:13.712336508,T,98.92,100,99.0,900,TGT
2025-12-18,9:31:13.712341481,T,98.92,100,99.0,800,TGT
2025-12-18,9:31:13.712346398,T,98.92,100,99.0,700,TGT
2025-12-18,9:31:13.712346398,T,98.92,100,99.0,600,TGT
2025-12-18,9:31:13.712552037,T,98.92,100,99.0,500,TGT
2025-12-18,9:31:13.712556925,T,98.92,100,99.0,400,TGT
2025-12-18,9:31:13.712832707,T,98.92,100,99.0,300,TGT
2025-12-18,9:31:13.712832707,T,98.92,100,99.0,100,TGT
2025-12-18,9:31:13.712832707,T,98.92,100,99.05,100,TGT
2025-12-18,9:31:13.712837664,T,98.88,100,99.05,100,TGT
2025-12-18,9:31:13.712857677,T,98.98,100,99.05,100,TGT
2025-12-18,9:31:13.712857677,T,98.98,200,99.05,100,TGT
2025-12-18,9:31:13.712877793,T,98.99,100,99.05,100,TGT
2025-12-18,9:31:13.714000497,T,98.88,100,99.05,100,TGT
2025-12-18,9:31:13.721999473,T,98.97,100,99.05,100,TGT
2025-12-18,9:31:13.730559827,T,98.88,100,99.05,100,TGT
2025-12-18,9:31:13.730579924,T,98.88,100,98.99,100,TGT
2025-12-18,9:31:13.731136255,T,98.88,100,99.05,100,TGT
2025-12-18,9:31:13.830593112,T,98.88,200,99.05,100,TGT
2025-12-18,9:31:13.870934251,T,98.88,100,99.05,100,TGT
2025-12-18,9:31:14.048587431,T,98.86,100,99.05,100,TGT
2025-12-18,9:31:14.049284088,T,98.88,100,99.05,100,TGT
2025-12-18,9:31:16.947643766,T,98.88,100,99.05,200,TGT
2025-12-18,9:31:17.522202643,T,98.88,100,99.05,100,TGT
2025-12-18,9:31:17.598489348,T,98.88,100,99.04,100,TGT
2025-12-18,9:31:23.351063978,T,98.88,100,99.04,200,TGT
2025-12-18,9:31:23.807586606,T,98.88,100,99.04,100,TGT
2025-12-18,9:31:23.883462330,T,98.88,100,99.05,100,TGT
2025-12-18,9:31:26.584086149,T,98.88,100,99.0,100,TGT
2025-12-18,9:31:36.339767871,T,98.88,200,99.0,100,TGT
2025-12-18,9:31:36.342805116,T,98.89,100,99.0,100,TGT
2025-12-18,9:31:36.342815133,T,98.88,200,99.0,100,TGT
2025-12-18,9:31:36.342895450,T,98.89,100,99.0,100,TGT
2025-12-18,9:31:36.343140979,T,98.89,100,99.05,100,TGT
2025-12-18,9:31:36.343321449,T,98.92,100,99.05,100,TGT
2025-12-18,9:31:36.343326574,T,98.93,100,99.05,100,TGT
2025-12-18,9:31:36.343351451,T,98.92,100,99.05,100,TGT
2025-12-18,9:31:36.343406545,T,98.92,100,99.09,300,TGT
2025-12-18,9:31:36.343431641,T,98.93,100,99.09,300,TGT
2025-12-18,9:31:36.343511818,T,98.93,100,99.05,100,TGT
2025-12-18,9:31:36.343526994,T,98.92,100,99.05,100,TGT
2025-12-18,9:31:36.343536870,T,98.92,100,99.09,200,TGT
2025-12-18,9:31:36.343556933,T,98.93,100,99.09,200,TGT
2025-12-18,9:31:36.343586963,T,98.94,100,99.09,200,TGT
2025-12-18,9:31:36.343596980,T,98.93,100,99.09,200,TGT
2025-12-18,9:31:36.343596980,T,98.95,100,99.09,200,TGT
2025-12-18,9:31:36.343672246,T,98.96,100,99.09,200,TGT
2025-12-18,9:31:36.343707304,T,98.95,100,99.09,200,TGT
2025-12-18,9:31:36.343772433,T,98.95,100,99.12,100,TGT
2025-12-18,9:31:36.343777607,T,98.96,100,99.12,100,TGT
2025-12-18,9:31:36.343842666,T,98.95,100,99.12,100,TGT
2025-12-18,9:31:36.343892758,T,98.96,100,99.12,100,TGT
2025-12-18,9:31:36.344589417,T,98.95,100,99.12,100,TGT
2025-12-18,9:31:36.344629522,T,98.96,100,99.12,100,TGT
2025-12-18,9:31:36.344639536,T,98.97,100,99.12,100,TGT
2025-12-18,9:31:36.344639536,T,98.96,100,99.12,100,TGT
2025-12-18,9:31:36.346012835,T,99.0,100,99.12,100,TGT
2025-12-18,9:31:36.346343601,T,99.0,200,99.12,100,TGT
2025-12-18,9:31:36.364206137,T,99.0,100,99.12,100,TGT
2025-12-18,9:31:36.395134847,T,99.0,100,99.14,100,TGT
2025-12-18,9:31:36.502681084,T,98.99,100,99.14,100,TGT
2025-12-18,9:31:36.503553145,T,99.0,200,99.14,100,TGT
2025-12-18,9:31:39.430847056,T,99.0,300,99.14,100,TGT
2025-12-18,9:31:39.702544324,T,99.0,300,99.15,100,TGT
2025-12-18,9:31:39.702564418,T,99.01,100,99.15,100,TGT
2025-12-18,9:31:39.702569457,T,99.01,200,99.15,100,TGT
2025-12-18,9:31:39.702594468,T,99.01,200,99.17,300,TGT
2025-12-18,9:31:39.702604533,T,99.05,100,99.17,300,TGT
2025-12-18,9:31:39.702815286,T,99.05,100,99.17,100,TGT
2025-12-18,9:31:39.702850084,T,99.05,100,99.18,100,TGT
2025-12-18,9:31:39.703100655,T,99.08,100,99.18,100,TGT
2025-12-18,9:31:39.703436445,T,99.05,200,99.18,100,TGT
2025-12-18,9:31:39.703982809,T,99.05,200,99.19,100,TGT
2025-12-18,9:31:39.704057983,T,99.05,200,99.14,100,TGT
2025-12-18,9:31:39.705180612,T,99.05,200,99.18,100,TGT
2025-12-18,9:31:39.705726964,T,99.05,200,99.19,100,TGT
2025-12-18,9:31:39.713405263,T,99.05,100,99.19,100,TGT
2025-12-18,9:31:39.722702423,T,99.05,200,99.19,100,TGT
2025-12-18,9:31:39.772701498,T,99.05,400,99.19,100,TGT
2025-12-18,9:31:39.903447916,T,99.07,100,99.19,100,TGT
2025-12-18,9:31:39.903478013,T,99.05,400,99.19,100,TGT
2025-12-18,9:31:39.903868963,T,99.05,300,99.19,100,TGT
2025-12-18,9:31:39.908053902,T,99.06,100,99.19,100,TGT
2025-12-18,9:31:39.908474965,T,99.06,200,99.19,100,TGT
2025-12-18,9:31:39.910499717,T,99.06,100,99.19,100,TGT
2025-12-18,9:31:39.944816503,T,99.07,100,99.19,100,TGT
2025-12-18,9:31:39.944826480,T,99.06,100,99.19,100,TGT
2025-12-18,9:31:39.945232461,T,99.05,300,99.19,100,TGT
2025-12-18,9:31:39.946069492,T,99.05,400,99.19,100,TGT
2025-12-18,9:31:39.960007795,T,99.05,300,99.19,100,TGT
2025-12-18,9:31:39.960849651,T,99.05,400,99.19,100,TGT
2025-12-18,9:31:40.175084976,T,99.05,500,99.19,100,TGT
2025-12-18,9:31:40.175090060,T,99.08,100,99.19,100,TGT
2025-12-18,9:31:40.175125087,T,99.11,100,99.19,100,TGT
2025-12-18,9:31:40.176338029,T,99.11,200,99.19,100,TGT
2025-12-18,9:31:40.182176859,T,99.11,100,99.19,100,TGT
2025-12-18,9:31:40.600538556,T,99.11,100,99.23,200,TGT
2025-12-18,9:31:40.600558602,T,99.15,100,99.23,200,TGT
2025-12-18,9:31:40.600558602,T,99.15,200,99.23,200,TGT
2025-12-18,9:31:40.600573691,T,99.15,200,99.23,100,TGT
2025-12-18,9:31:40.600709022,T,99.15,100,99.23,100,TGT
2025-12-18,9:31:40.600709022,T,99.11,100,99.23,100,TGT
2025-12-18,9:31:40.600728971,T,99.11,100,99.19,100,TGT
2025-12-18,9:31:40.600979643,T,99.08,100,99.19,100,TGT
2025-12-18,9:31:40.601826572,T,99.08,100,99.2,100,TGT
2025-12-18,9:31:40.602047141,T,99.08,200,99.2,100,TGT
2025-12-18,9:31:40.602122339,T,99.08,300,99.2,100,TGT
2025-12-18,9:31:40.603515597,T,99.08,200,99.2,100,TGT
2025-12-18,9:31:40.621779124,T,99.13,100,99.2,100,TGT
2025-12-18,9:31:40.622666306,T,99.13,200,99.2,100,TGT
2025-12-18,9:31:40.622721369,T,99.13,200,99.2,200,TGT
2025-12-18,9:31:40.622726454,T,99.13,200,99.19,100,TGT
2025-12-18,9:31:40.622736460,T,99.13,200,99.2,200,TGT
2025-12-18,9:31:40.622746443,T,99.13,200,99.2,100,TGT
2025-12-18,9:31:40.622766530,T,99.13,200,99.2,200,TGT
2025-12-18,9:31:40.622826595,T,99.13,100,99.2,200,TGT
2025-12-18,9:31:40.622966956,T,99.13,100,99.2,100,TGT
2025-12-18,9:31:40.622997112,T,99.13,100,99.18,100,TGT
2025-12-18,9:31:40.632845499,T,99.08,100,99.18,100,TGT
2025-12-18,9:31:40.633291578,T,99.08,100,99.18,200,TGT
2025-12-18,9:31:40.633893030,T,99.08,200,99.18,200,TGT
2025-12-18,9:31:40.786496558,T,99.08,200,99.18,100,TGT
2025-12-18,9:31:40.918541103,T,99.08,100,99.18,100,TGT
2025-12-18,9:31:41.322548596,T,99.05,300,99.18,100,TGT
2025-12-18,9:31:42.358386331,T,99.05,200,99.18,100,TGT
2025-12-18,9:31:42.358406413,T,99.05,200,99.17,100,TGT
2025-12-18,9:31:42.358461500,T,99.05,200,99.17,200,TGT
2025-12-18,9:31:42.359193302,T,99.05,200,99.17,100,TGT
2025-12-18,9:31:43.141667757,T,99.05,200,99.21,100,TGT
2025-12-18,9:31:43.141687594,T,99.11,100,99.21,100,TGT
2025-12-18,9:31:43.142053447,T,99.11,100,99.23,100,TGT
2025-12-18,9:31:43.148754400,T,99.05,200,99.23,100,TGT
2025-12-18,9:31:44.241517802,T,99.13,100,99.23,100,TGT
2025-12-18,9:31:44.241547889,T,99.15,200,99.23,100,TGT
2025-12-18,9:31:44.241968869,T,99.15,300,99.23,100,TGT
2025-12-18,9:31:44.241978895,T,99.15,400,99.23,100,TGT
2025-12-18,9:31:44.441589451,T,99.16,100,99.23,100,TGT
2025-12-18,9:31:44.442000435,T,99.15,400,99.23,100,TGT
2025-12-18,9:31:44.442005435,T,99.15,300,99.23,100,TGT
2025-12-18,9:31:44.442015856,T,99.15,200,99.23,100,TGT
2025-12-18,9:31:44.442140887,T,99.15,200,99.25,300,TGT
2025-12-18,9:31:44.442155765,T,99.19,100,99.25,300,TGT
2025-12-18,9:31:44.442165797,T,99.19,200,99.25,300,TGT
2025-12-18,9:31:44.442190895,T,99.19,100,99.25,300,TGT
2025-12-18,9:31:44.442220944,T,99.19,100,99.24,100,TGT
2025-12-18,9:31:44.442255961,T,99.16,100,99.24,100,TGT
2025-12-18,9:31:44.442281095,T,99.16,100,99.2,100,TGT
2025-12-18,9:31:44.442341263,T,99.16,100,99.2,200,TGT
2025-12-18,9:31:44.442486546,T,99.15,400,99.2,200,TGT
2025-12-18,9:31:44.442601835,T,99.15,400,99.2,100,TGT
2025-12-18,9:31:44.442616875,T,99.15,400,99.25,300,TGT
2025-12-18,9:31:44.442637127,T,99.18,100,99.25,300,TGT
2025-12-18,9:31:44.444050319,T,99.15,400,99.25,300,TGT
2025-12-18,9:31:44.446080087,T,99.2,100,99.25,300,TGT
2025-12-18,9:31:44.446711625,T,99.17,100,99.25,300,TGT
2025-12-18,9:31:44.446736701,T,99.15,400,99.25,300,TGT
2025-12-18,9:31:44.446756726,T,99.15,400,99.21,100,TGT
2025-12-18,9:31:44.447217791,T,99.15,400,99.25,300,TGT
2025-12-18,9:31:44.447233226,T,99.19,100,99.25,300,TGT
2025-12-18,9:31:44.447794156,T,99.18,100,99.25,300,TGT
2025-12-18,9:31:44.448560997,T,99.15,400,99.25,300,TGT
2025-12-18,9:31:44.452981537,T,99.15,300,99.25,300,TGT
2025-12-18,9:31:44.452991577,T,99.15,200,99.25,300,TGT
2025-12-18,9:31:44.453412536,T,99.15,300,99.25,300,TGT
2025-12-18,9:31:44.459832863,T,99.18,100,99.25,300,TGT
2025-12-18,9:31:44.460158697,T,99.19,200,99.25,300,TGT
2025-12-18,9:31:44.489829337,T,99.19,300,99.25,300,TGT
2025-12-18,9:31:45.143386452,T,99.19,100,99.25,300,TGT
2025-12-18,9:31:45.143386452,T,99.18,100,99.25,300,TGT
2025-12-18,9:31:45.143411554,T,99.17,100,99.25,300,TGT
2025-12-18,9:31:45.143431526,T,99.17,100,99.2,100,TGT
2025-12-18,9:31:45.143451562,T,99.15,200,99.2,100,TGT
2025-12-18,9:31:45.143466615,T,99.15,200,99.19,100,TGT
2025-12-18,9:31:45.143692193,T,99.15,300,99.19,100,TGT
2025-12-18,9:31:45.143847591,T,99.17,100,99.19,100,TGT
2025-12-18,9:31:45.143882575,T,99.15,200,99.19,100,TGT
2025-12-18,9:31:45.143892696,T,99.17,100,99.19,100,TGT
2025-12-18,9:31:45.143922660,T,99.15,200,99.19,100,TGT
2025-12-18,9:31:45.144323689,T,99.17,100,99.19,100,TGT
2025-12-18,9:31:45.144363781,T,99.15,200,99.19,100,TGT
2025-12-18,9:31:45.228494215,T,99.16,100,99.19,100,TGT
2025-12-18,9:31:45.228509215,T,99.16,100,99.25,300,TGT
2025-12-18,9:31:45.228524374,T,99.15,200,99.25,300,TGT
2025-12-18,9:31:45.228930284,T,99.16,100,99.25,300,TGT
2025-12-18,9:31:45.229005975,T,99.16,100,99.25,400,TGT
2025-12-18,9:31:45.229005975,T,99.15,200,99.25,400,TGT
2025-12-18,9:31:45.229030536,T,99.15,200,99.23,100,TGT
2025-12-18,9:31:45.229030536,T,99.15,200,99.25,300,TGT
2025-12-18,9:31:45.229030536,T,99.15,200,99.22,100,TGT
2025-12-18,9:31:45.229045897,T,99.14,100,99.22,100,TGT
2025-12-18,9:31:45.229050597,T,99.14,100,99.25,400,TGT
2025-12-18,9:31:45.229050597,T,99.14,100,99.25,300,TGT
2025-12-18,9:31:45.229055530,T,99.14,100,99.25,400,TGT
2025-12-18,9:31:45.229055530,T,99.14,100,99.22,100,TGT
2025-12-18,9:31:45.229065579,T,99.14,100,99.16,100,TGT
2025-12-18,9:31:45.229080671,T,99.13,100,99.16,100,TGT
2025-12-18,9:31:45.229306192,T,99.13,200,99.16,100,TGT
2025-12-18,9:31:45.229441996,T,99.13,300,99.16,100,TGT
2025-12-18,9:31:45.229441996,T,99.13,200,99.16,100,TGT
2025-12-18,9:31:45.229451563,T,99.13,100,99.16,100,TGT
2025-12-18,9:31:45.229476559,T,99.14,200,99.16,100,TGT
2025-12-18,9:31:45.229631974,T,99.14,200,99.16,200,TGT
2025-12-18,9:31:45.229652004,T,99.13,200,99.16,200,TGT
2025-12-18,9:31:45.230158168,T,99.13,200,99.16,100,TGT
2025-12-18,9:31:45.230193301,T,99.13,200,99.25,300,TGT
2025-12-18,9:31:45.230288506,T,99.14,100,99.25,300,TGT
2025-12-18,9:31:45.230293555,T,99.13,200,99.25,300,TGT
2025-12-18,9:31:45.232293269,T,99.13,300,99.25,300,TGT
2025-12-18,9:31:45.239741053,T,99.13,200,99.25,300,TGT
2025-12-18,9:31:45.240182109,T,99.13,300,99.25,300,TGT
2025-12-18,9:31:45.249739892,T,99.13,200,99.25,300,TGT
2025-12-18,9:31:45.250616923,T,99.13,100,99.25,300,TGT
2025-12-18,9:31:46.049495057,T,99.13,700,99.25,300,TGT
2025-12-18,9:31:47.757679606,T,99.18,200,99.25,300,TGT
2025-12-18,9:31:47.758105613,T,99.18,300,99.25,300,TGT
2025-12-18,9:31:47.758476494,T,99.18,900,99.25,300,TGT
2025-12-18,9:31:47.763683872,T,99.18,700,99.25,300,TGT
2025-12-18,9:31:47.823265829,T,99.18,800,99.25,300,TGT
2025-12-18,9:31:48.733088193,T,99.18,700,99.25,300,TGT
2025-12-18,9:31:49.038225147,T,99.2,100,99.25,300,TGT
2025-12-18,9:31:49.039262610,T,99.2,200,99.25,300,TGT
2025-12-18,9:31:49.040259957,T,99.2,100,99.25,300,TGT
2025-12-18,9:31:50.962734946,T,99.18,800,99.25,300,TGT
2025-12-18,9:31:51.323168657,T,99.18,900,99.25,300,TGT
2025-12-18,9:31:51.519796988,T,99.18,300,99.25,300,TGT
2025-12-18,9:31:51.520142894,T,99.18,200,99.25,300,TGT
2025-12-18,9:31:51.520619048,T,99.18,300,99.25,300,TGT
2025-12-18,9:31:51.528989130,T,99.18,300,99.25,200,TGT
2025-12-18,9:31:51.528993953,T,99.18,300,99.29,100,TGT
2025-12-18,9:31:51.529013964,T,99.24,100,99.29,100,TGT
2025-12-18,9:31:51.530036475,T,99.21,100,99.29,100,TGT
2025-12-18,9:31:51.530126703,T,99.22,100,99.29,100,TGT
2025-12-18,9:31:51.530537697,T,99.22,100,99.33,200,TGT
2025-12-18,9:31:51.531068932,T,99.22,200,99.33,200,TGT
2025-12-18,9:31:51.531179114,T,99.22,100,99.33,200,TGT
2025-12-18,9:31:51.532442154,T,99.22,100,99.4,100,TGT
2025-12-18,9:31:51.544751552,T,99.22,300,99.4,100,TGT
2025-12-18,9:31:51.989305615,T,99.22,300,99.29,100,TGT
2025-12-18,9:31:51.989811864,T,99.22,900,99.29,100,TGT
2025-12-18,9:31:55.754931689,T,99.22,900,99.4,100,TGT
2025-12-18,9:31:55.754956804,T,99.23,100,99.4,100,TGT
2025-12-18,9:31:55.755242446,T,99.23,100,99.41,300,TGT
2025-12-18,9:31:55.755267489,T,99.23,100,99.4,100,TGT
2025-12-18,9:31:55.755357734,T,99.23,100,99.41,300,TGT
2025-12-18,9:31:55.755357734,T,99.23,100,99.4,100,TGT
2025-12-18,9:31:55.755383080,T,99.23,100,99.41,300,TGT
2025-12-18,9:31:55.755383080,T,99.23,100,99.41,200,TGT
2025-12-18,9:31:55.755417901,T,99.23,200,99.41,200,TGT
2025-12-18,9:31:55.755422937,T,99.24,100,99.41,200,TGT
2025-12-18,9:31:55.755523167,T,99.27,100,99.41,200,TGT
2025-12-18,9:31:55.755808835,T,99.27,100,99.38,100,TGT
2025-12-18,9:31:55.755838834,T,99.24,100,99.38,100,TGT
2025-12-18,9:31:55.756315000,T,99.27,600,99.38,100,TGT
2025-12-18,9:31:55.796671162,T,99.24,100,99.38,100,TGT
2025-12-18,9:31:55.796691204,T,99.24,100,99.3,100,TGT
2025-12-18,9:31:55.796691204,T,99.24,100,99.28,100,TGT
2025-12-18,9:31:55.796731257,T,99.23,100,99.28,100,TGT
2025-12-18,9:31:55.797683589,T,99.23,200,99.28,100,TGT
2025-12-18,9:31:55.797743761,T,99.23,200,99.3,100,TGT
2025-12-18,9:31:55.807927942,T,99.23,100,99.3,100,TGT
2025-12-18,9:31:55.807963016,T,99.22,300,99.3,100,TGT
2025-12-18,9:31:55.807983123,T,99.22,200,99.3,100,TGT
2025-12-18,9:31:55.896694479,T,99.22,200,99.33,100,TGT
2025-12-18,9:31:55.897115480,T,99.22,300,99.33,100,TGT
2025-12-18,9:31:55.997228930,T,99.22,200,99.33,100,TGT
2025-12-18,9:31:57.479305018,T,99.22,200,99.38,100,TGT
2025-12-18,9:31:57.483489867,T,99.24,100,99.38,100,TGT
2025-12-18,9:31:57.483910791,T,99.24,200,99.38,100,TGT
2025-12-18,9:31:57.483930839,T,99.24,100,99.38,100,TGT
2025-12-18,9:32:00.017687236,T,99.24,200,99.38,100,TGT
2025-12-18,9:32:00.517778672,T,99.24,100,99.38,100,TGT
2025-12-18,9:32:03.038173052,T,99.22,200,99.38,100,TGT
2025-12-18,9:32:03.038198163,T,99.22,200,99.31,100,TGT
2025-12-18,9:32:03.038203209,T,99.22,200,99.3,100,TGT
2025-12-18,9:32:03.039055334,T,99.23,100,99.3,100,TGT
2025-12-18,9:32:03.040248032,T,99.22,200,99.3,100,TGT
2025-12-18,9:32:03.041190261,T,99.23,100,99.3,100,TGT
2025-12-18,9:32:03.042337995,T,99.22,200,99.3,100,TGT
2025-12-18,9:32:03.049570243,T,99.22,200,99.33,100,TGT
2025-12-18,9:32:03.051765518,T,99.22,200,99.38,200,TGT
2025-12-18,9:32:03.051785572,T,99.22,200,99.38,100,TGT
2025-12-18,9:32:04.575400468,T,99.22,300,99.38,100,TGT
2025-12-18,9:32:04.588927653,T,99.22,200,99.38,100,TGT
2025-12-18,9:32:10.453769701,T,99.25,100,99.38,100,TGT
2025-12-18,9:32:10.465011470,T,99.25,200,99.38,100,TGT
2025-12-18,9:32:10.466324773,T,99.25,300,99.38,100,TGT
2025-12-18,9:32:10.468344474,T,99.25,200,99.38,100,TGT
2025-12-18,9:32:10.474975202,T,99.29,100,99.38,100,TGT
2025-12-18,9:32:10.476002698,T,99.29,200,99.38,100,TGT
2025-12-18,9:32:10.504791281,T,99.29,200,99.4,100,TGT
2025-12-18,9:32:10.504796337,T,99.33,100,99.4,100,TGT
2025-12-18,9:32:10.504811517,T,99.33,100,99.43,500,TGT
2025-12-18,9:32:10.553803031,T,99.29,100,99.43,500,TGT
2025-12-18,9:32:10.555552180,T,99.29,200,99.43,500,TGT
2025-12-18,9:32:10.565591106,T,99.29,100,99.43,500,TGT
2025-12-18,9:32:10.566423072,T,99.29,200,99.43,500,TGT
2025-12-18,9:32:10.594374727,T,99.29,100,99.43,500,TGT
2025-12-18,9:32:10.762159443,T,99.34,100,99.43,500,TGT
2025-12-18,9:32:10.762580523,T,99.34,200,99.43,500,TGT
2025-12-18,9:32:10.940233743,T,99.34,100,99.43,500,TGT
2025-12-18,9:32:10.940258825,T,99.34,100,99.42,100,TGT
2025-12-18,9:32:10.940263768,T,99.29,100,99.42,100,TGT
2025-12-18,9:32:10.940294025,T,99.29,100,99.4,100,TGT
2025-12-18,9:32:10.940539459,T,99.22,200,99.4,100,TGT
2025-12-18,9:32:10.940739875,T,99.22,200,99.42,100,TGT
2025-12-18,9:32:10.940739875,T,99.34,100,99.42,100,TGT
2025-12-18,9:32:10.940759948,T,99.22,200,99.42,100,TGT
2025-12-18,9:32:10.940830151,T,99.22,200,99.43,500,TGT
2025-12-18,9:32:10.941080770,T,99.24,100,99.43,500,TGT
2025-12-18,9:32:10.941341403,T,99.24,100,99.42,100,TGT
2025-12-18,9:32:10.941421527,T,99.24,100,99.43,500,TGT
2025-12-18,9:32:10.942348764,T,99.24,200,99.43,500,TGT
2025-12-18,9:32:11.073496200,T,99.24,200,99.39,100,TGT
2025-12-18,9:32:15.778485326,T,99.25,100,99.39,100,TGT
2025-12-18,9:32:15.778510272,T,99.25,200,99.39,100,TGT
2025-12-18,9:32:15.778540357,T,99.26,100,99.39,100,TGT
2025-12-18,9:32:15.778550326,T,99.29,100,99.39,100,TGT
2025-12-18,9:32:15.778560361,T,99.29,200,99.39,100,TGT
2025-12-18,9:32:15.778946253,T,99.29,100,99.39,100,TGT
2025-12-18,9:32:16.693289584,T,99.29,200,99.39,100,TGT
2025-12-18,9:32:17.111596114,T,99.29,200,99.42,100,TGT
2025-12-18,9:32:17.111596114,T,99.29,200,99.43,500,TGT
2025-12-18,9:32:17.111616327,T,99.34,100,99.43,500,TGT
2025-12-18,9:32:17.111616327,T,99.34,200,99.43,500,TGT
2025-12-18,9:32:17.111621174,T,99.38,100,99.43,500,TGT
2025-12-18,9:32:17.111661253,T,99.34,200,99.43,500,TGT
2025-12-18,9:32:17.112172501,T,99.34,100,99.43,500,TGT
2025-12-18,9:32:17.112413095,T,99.34,100,99.43,400,TGT
2025-12-18,9:32:17.112413095,T,99.34,200,99.43,400,TGT
2025-12-18,9:32:17.112463298,T,99.34,300,99.43,400,TGT
2025-12-18,9:32:17.112483274,T,99.37,100,99.43,400,TGT
2025-12-18,9:32:17.119479876,T,99.35,100,99.43,400,TGT
2025-12-18,9:32:17.121700158,T,99.37,100,99.43,400,TGT
2025-12-18,9:32:17.121720255,T,99.34,300,99.43,400,TGT
2025-12-18,9:32:17.121720255,T,99.35,100,99.43,400,TGT
2025-12-18,9:32:17.121780370,T,99.34,300,99.43,400,TGT
2025-12-18,9:32:17.122346787,T,99.34,300,99.42,100,TGT
2025-12-18,9:32:17.122782728,T,99.34,200,99.42,100,TGT
2025-12-18,9:32:17.123409335,T,99.34,200,99.43,400,TGT
2025-12-18,9:32:17.126311180,T,99.37,100,99.43,400,TGT
2025-12-18,9:32:19.878578077,T,99.37,100,99.47,100,TGT
2025-12-18,9:32:19.878578077,T,99.37,100,99.48,100,TGT
2025-12-18,9:32:19.878598186,T,99.4,100,99.48,100,TGT
2025-12-18,9:32:19.878603144,T,99.42,100,99.48,100,TGT
2025-12-18,9:32:19.878663321,T,99.42,100,99.49,100,TGT
2025-12-18,9:32:19.879645688,T,99.39,200,99.49,100,TGT
2025-12-18,9:32:19.879675717,T,99.39,100,99.49,100,TGT
2025-12-18,9:32:19.881605328,T,99.42,100,99.49,100,TGT
2025-12-18,9:32:19.890516608,T,99.39,100,99.49,100,TGT
2025-12-18,9:32:19.932967838,T,99.42,100,99.49,100,TGT
2025-12-18,9:32:19.933007845,T,99.43,100,99.49,100,TGT
2025-12-18,9:32:25.913786316,T,99.43,100,99.5,600,TGT
2025-12-18,9:32:25.913806219,T,99.44,100,99.5,600,TGT
2025-12-18,9:32:25.913846320,T,99.46,100,99.5,600,TGT
2025-12-18,9:32:25.913871478,T,99.46,100,99.5,500,TGT
2025-12-18,9:32:25.914367541,T,99.46,100,99.53,100,TGT
2025-12-18,9:32:25.914392548,T,99.48,100,99.53,100,TGT
2025-12-18,9:32:25.914517934,T,99.49,100,99.53,100,TGT
2025-12-18,9:32:25.914743395,T,99.49,200,99.53,100,TGT
2025-12-18,9:32:25.915415004,T,99.49,100,99.53,100,TGT
2025-12-18,9:32:25.926511487,T,99.51,100,99.53,100,TGT
2025-12-18,9:32:25.927072773,T,99.43,100,99.53,100,TGT
2025-12-18,9:32:25.928636565,T,99.48,100,99.53,100,TGT
2025-12-18,9:32:25.929373284,T,99.43,100,99.53,100,TGT
2025-12-18,9:32:25.933037047,T,99.43,100,99.64,200,TGT
2025-12-18,9:32:25.933047061,T,99.48,100,99.64,200,TGT
2025-12-18,9:32:25.933057073,T,99.5,100,99.64,200,TGT
2025-12-18,9:32:25.933277546,T,99.5,200,99.64,200,TGT
2025-12-18,9:32:25.933613403,T,99.5,100,99.64,200,TGT
2025-12-18,9:32:26.033616665,T,99.48,100,99.64,200,TGT
2025-12-18,9:32:26.034017580,T,99.49,100,99.64,200,TGT
2025-12-18,9:32:26.034037657,T,99.49,200,99.64,200,TGT
2025-12-18,9:32:26.034057633,T,99.51,100,99.64,200,TGT
2025-12-18,9:32:26.054245752,T,99.48,100,99.64,200,TGT
2025-12-18,9:32:27.115699699,T,99.51,100,99.64,200,TGT
2025-12-18,9:32:27.115724728,T,99.51,200,99.64,200,TGT
2025-12-18,9:32:27.115739804,T,99.55,100,99.64,200,TGT
2025-12-18,9:32:27.116296041,T,99.51,200,99.64,200,TGT
2025-12-18,9:32:27.117609261,T,99.55,300,99.64,200,TGT
2025-12-18,9:32:27.118932412,T,99.55,300,99.65,200,TGT
2025-12-18,9:32:27.118962482,T,99.55,300,99.65,100,TGT
2025-12-18,9:32:27.277525377,T,99.56,100,99.65,100,TGT
2025-12-18,9:32:27.278617921,T,99.55,300,99.65,100,TGT
2025-12-18,9:32:27.643978314,T,99.59,100,99.65,100,TGT
2025-12-18,9:32:27.644529654,T,99.58,100,99.65,100,TGT
2025-12-18,9:32:27.652202926,T,99.55,300,99.65,100,TGT
2025-12-18,9:32:28.116198270,T,99.55,300,99.69,100,TGT
2025-12-18,9:32:28.116238411,T,99.57,100,99.69,100,TGT
2025-12-18,9:32:28.116253317,T,99.58,100,99.69,100,TGT
2025-12-18,9:32:28.116253317,T,99.59,100,99.69,100,TGT
2025-12-18,9:32:28.117611632,T,99.61,300,99.69,100,TGT
2025-12-18,9:32:28.658665598,T,99.61,400,99.69,100,TGT
2025-12-18,9:32:28.658665598,T,99.63,100,99.69,100,TGT
2025-12-18,9:32:28.661281837,T,99.61,300,99.69,100,TGT
2025-12-18,9:32:29.318617747,T,99.61,100,99.69,100,TGT
2025-12-18,9:32:29.318647792,T,99.57,100,99.69,100,TGT
2025-12-18,9:32:29.318668018,T,99.57,100,99.63,100,TGT
2025-12-18,9:32:29.319229240,T,99.57,100,99.64,100,TGT
2025-12-18,9:32:29.319665283,T,99.57,100,99.69,200,TGT
2025-12-18,9:32:29.319685282,T,99.6,200,99.69,200,TGT
2025-12-18,9:32:29.319690344,T,99.62,100,99.69,200,TGT
2025-12-18,9:32:29.319745409,T,99.62,100,99.69,100,TGT
2025-12-18,9:32:29.319875738,T,99.6,200,99.69,100,TGT
2025-12-18,9:32:29.319986009,T,99.6,300,99.69,100,TGT
2025-12-18,9:32:29.319996062,T,99.62,100,99.69,100,TGT
2025-12-18,9:32:29.320086231,T,99.62,100,99.69,200,TGT
2025-12-18,9:32:29.320301809,T,99.62,100,99.69,100,TGT
2025-12-18,9:32:29.320301809,T,99.6,200,99.69,100,TGT
2025-12-18,9:32:29.320331795,T,99.6,200,99.69,200,TGT
2025-12-18,9:32:29.320346955,T,99.6,200,99.69,100,TGT
2025-12-18,9:32:29.320372006,T,99.6,200,99.69,200,TGT
2025-12-18,9:32:29.320582480,T,99.6,200,99.69,100,TGT
2025-12-18,9:32:30.319838056,T,99.61,100,99.69,100,TGT
2025-12-18,9:32:30.320890499,T,99.6,200,99.69,100,TGT
2025-12-18,9:32:31.002609911,T,99.57,100,99.69,100,TGT
2025-12-18,9:32:31.234256662,T,99.61,600,99.69,100,TGT
2025-12-18,9:32:31.365028129,T,99.57,100,99.69,100,TGT
2025-12-18,9:32:32.316459706,T,99.61,300,99.69,100,TGT
2025-12-18,9:32:35.286761194,T,99.64,100,99.69,100,TGT
2025-12-18,9:32:35.287317423,T,99.57,100,99.69,100,TGT
2025-12-18,9:32:35.398802911,T,99.61,100,99.69,100,TGT
2025-12-18,9:32:35.421040923,T,99.57,100,99.69,100,TGT
2025-12-18,9:32:35.439635208,T,99.57,200,99.69,100,TGT
2025-12-18,9:32:35.439635208,T,99.62,100,99.69,100,TGT
2025-12-18,9:32:35.441439507,T,99.62,200,99.69,100,TGT
2025-12-18,9:32:35.441680140,T,99.62,200,99.66,100,TGT
2025-12-18,9:32:35.441980853,T,99.62,100,99.66,100,TGT
2025-12-18,9:32:35.441980853,T,99.57,100,99.66,100,TGT
2025-12-18,9:32:35.442000899,T,99.57,100,99.63,100,TGT
2025-12-18,9:32:35.442357140,T,99.62,200,99.63,100,TGT
2025-12-18,9:32:35.442552149,T,99.57,100,99.63,100,TGT
2025-12-18,9:32:35.443023322,T,99.57,100,99.66,100,TGT
2025-12-18,9:32:35.462670073,T,99.62,100,99.66,100,TGT
2025-12-18,9:32:35.549461866,T,99.62,100,99.67,100,TGT
2025-12-18,9:32:35.626480356,T,99.61,100,99.67,100,TGT
2025-12-18,9:32:36.267146636,T,99.61,100,99.69,200,TGT
2025-12-18,9:32:36.267146636,T,99.61,100,99.69,100,TGT
2025-12-18,9:32:36.267176824,T,99.61,100,99.69,200,TGT
2025-12-18,9:32:36.691157003,T,99.65,100,99.69,200,TGT
2025-12-18,9:32:36.692475029,T,99.65,300,99.69,200,TGT
2025-12-18,9:32:37.134578263,T,99.65,200,99.69,200,TGT
2025-12-18,9:32:37.134718674,T,99.65,100,99.69,200,TGT
2025-12-18,9:32:37.134748755,T,99.61,100,99.69,200,TGT
2025-12-18,9:32:37.134769031,T,99.61,100,99.68,100,TGT
2025-12-18,9:32:37.134773821,T,99.61,100,99.66,100,TGT
2025-12-18,9:32:37.135325030,T,99.61,100,99.68,100,TGT
2025-12-18,9:32:37.135751134,T,99.65,100,99.68,100,TGT
2025-12-18,9:32:37.135806197,T,99.65,100,99.69,200,TGT
2025-12-18,9:32:37.238335521,T,99.61,100,99.69,200,TGT
2025-12-18,9:32:37.238345501,T,99.65,100,99.69,200,TGT
2025-12-18,9:32:37.238355654,T,99.61,100,99.69,200,TGT
2025-12-18,9:32:37.238365571,T,99.65,100,99.69,200,TGT
2025-12-18,9:32:37.238375656,T,99.61,100,99.69,200,TGT
2025-12-18,9:32:37.238405594,T,99.61,100,99.69,300,TGT
2025-12-18,9:32:37.238410646,T,99.61,100,99.69,200,TGT
2025-12-18,9:32:37.239182458,T,99.62,100,99.69,200,TGT
2025-12-18,9:32:37.258894450,T,99.62,200,99.69,200,TGT
2025-12-18,9:32:37.822051001,T,99.62,100,99.69,200,TGT
2025-12-18,9:32:37.822051001,T,99.61,100,99.69,200,TGT
2025-12-18,9:32:37.822056009,T,99.61,100,99.66,100,TGT
2025-12-18,9:32:37.822071305,T,99.61,100,99.64,100,TGT
2025-12-18,9:32:37.822076028,T,99.61,100,99.63,100,TGT
2025-12-18,9:32:37.822081095,T,99.57,100,99.63,100,TGT
2025-12-18,9:32:37.822091079,T,99.61,100,99.63,100,TGT
2025-12-18,9:32:37.822096115,T,99.57,100,99.63,100,TGT
2025-12-18,9:32:37.822101092,T,99.57,100,99.62,100,TGT
2025-12-18,9:32:37.822517079,T,99.57,200,99.62,100,TGT
2025-12-18,9:32:37.823198746,T,99.57,200,99.64,100,TGT
2025-12-18,9:32:37.826225985,T,99.57,200,99.69,200,TGT
2025-12-18,9:32:37.830340754,T,99.57,200,99.67,100,TGT
2025-12-18,9:32:37.842780462,T,99.57,200,99.69,200,TGT
2025-12-18,9:32:37.903174223,T,99.57,200,99.66,100,TGT
2025-12-18,9:32:38.246126239,T,99.57,200,99.62,100,TGT
2025-12-18,9:32:38.246161392,T,99.57,200,99.66,100,TGT
2025-12-18,9:32:38.246602540,T,99.57,300,99.66,100,TGT
2025-12-18,9:32:39.185068034,T,99.57,300,99.69,100,TGT
2025-12-18,9:32:39.185088160,T,99.58,100,99.69,100,TGT
2025-12-18,9:32:39.185093106,T,99.62,100,99.69,100,TGT
2025-12-18,9:32:39.185113178,T,99.62,200,99.69,100,TGT
2025-12-18,9:32:39.185133266,T,99.62,100,99.69,100,TGT
2025-12-18,9:32:39.185138434,T,99.63,100,99.69,100,TGT
2025-12-18,9:32:39.185138434,T,99.63,200,99.69,100,TGT
2025-12-18,9:32:39.185143211,T,99.63,100,99.69,100,TGT
2025-12-18,9:32:39.185148240,T,99.58,100,99.69,100,TGT
2025-12-18,9:32:39.185158337,T,99.63,100,99.69,100,TGT
2025-12-18,9:32:39.185168362,T,99.63,100,99.67,100,TGT
2025-12-18,9:32:39.185178398,T,99.63,100,99.69,100,TGT
2025-12-18,9:32:39.185193405,T,99.58,100,99.69,100,TGT
2025-12-18,9:32:39.185213808,T,99.58,100,99.63,100,TGT
2025-12-18,9:32:39.186551659,T,99.58,100,99.69,100,TGT
2025-12-18,9:32:39.191538550,T,99.57,200,99.69,100,TGT
2025-12-18,9:32:39.191568519,T,99.57,200,99.66,100,TGT
2025-12-18,9:32:39.191578559,T,99.57,200,99.69,100,TGT
2025-12-18,9:32:40.020673762,T,99.58,100,99.69,100,TGT
2025-12-18,9:32:40.020683871,T,99.6,100,99.69,100,TGT
2025-12-18,9:32:40.020698830,T,99.58,100,99.69,100,TGT
2025-12-18,9:32:40.020708919,T,99.57,300,99.69,100,TGT
2025-12-18,9:32:40.027715622,T,99.57,200,99.69,100,TGT
2025-12-18,9:32:40.119143444,T,99.58,100,99.69,100,TGT
2025-12-18,9:32:40.220755451,T,99.57,200,99.69,100,TGT
2025-12-18,9:32:49.424351971,T,99.57,200,99.66,100,TGT
2025-12-18,9:32:54.453237849,T,99.6,100,99.66,100,TGT
2025-12-18,9:32:54.453433501,T,99.6,100,99.69,100,TGT
2025-12-18,9:32:54.453458458,T,99.63,100,99.69,100,TGT
2025-12-18,9:32:54.453658916,T,99.63,100,99.66,100,TGT
2025-12-18,9:32:54.454009700,T,99.61,100,99.66,100,TGT
2025-12-18,9:32:54.454039815,T,99.6,100,99.66,100,TGT
2025-12-18,9:32:54.454796601,T,99.6,100,99.69,200,TGT
2025-12-18,9:32:54.572216336,T,99.63,100,99.69,200,TGT
2025-12-18,9:32:54.733640872,T,99.6,100,99.69,200,TGT
2025-12-18,9:32:54.849597018,T,99.63,100,99.69,200,TGT
2025-12-18,9:32:54.849597018,T,99.6,100,99.69,200,TGT
2025-12-18,9:32:54.849642160,T,99.6,100,99.69,300,TGT
2025-12-18,9:32:54.849642160,T,99.6,100,99.68,100,TGT
2025-12-18,9:32:54.849657188,T,99.6,100,99.66,100,TGT
2025-12-18,9:32:54.849982947,T,99.6,100,99.66,200,TGT
2025-12-18,9:32:54.850013018,T,99.6,100,99.66,100,TGT
2025-12-18,9:32:54.850689641,T,99.6,100,99.64,100,TGT
2025-12-18,9:32:54.850995385,T,99.6,100,99.64,200,TGT
2025-12-18,9:32:54.851245975,T,99.6,100,99.64,100,TGT
2025-12-18,9:32:54.852784694,T,99.6,100,99.68,100,TGT
2025-12-18,9:32:54.852804614,T,99.62,100,99.68,100,TGT
2025-12-18,9:32:54.853080336,T,99.62,100,99.66,100,TGT
2025-12-18,9:32:54.853360974,T,99.6,100,99.66,100,TGT
2025-12-18,9:32:54.853391016,T,99.6,100,99.65,100,TGT
2025-12-18,9:32:54.853681747,T,99.6,100,99.65,200,TGT
2025-12-18,9:32:54.854804460,T,99.6,100,99.64,100,TGT
2025-12-18,9:32:55.190073046,T,99.57,100,99.64,100,TGT
2025-12-18,9:32:55.190093072,T,99.57,100,99.62,100,TGT
2025-12-18,9:32:55.190388770,T,99.57,100,99.62,200,TGT
2025-12-18,9:32:55.190654476,T,99.57,100,99.62,100,TGT
2025-12-18,9:32:55.190764653,T,99.57,200,99.62,100,TGT
2025-12-18,9:32:55.192884727,T,99.57,100,99.62,100,TGT
2025-12-18,9:32:55.192889739,T,99.51,200,99.62,100,TGT
2025-12-18,9:32:55.192904852,T,99.51,200,99.6,100,TGT
2025-12-18,9:32:55.192909807,T,99.51,200,99.58,100,TGT
2025-12-18,9:32:55.192934901,T,99.51,100,99.58,100,TGT
2025-12-18,9:32:55.193415981,T,99.51,100,99.58,200,TGT
2025-12-18,9:32:55.193937306,T,99.51,100,99.58,100,TGT
2025-12-18,9:32:55.197776415,T,99.52,100,99.58,100,TGT
2025-12-18,9:32:55.200247258,T,99.52,100,99.6,200,TGT
2025-12-18,9:32:55.293273920,T,99.52,100,99.6,100,TGT
2025-12-18,9:32:58.006868485,T,99.52,100,99.62,100,TGT
2025-12-18,9:32:58.009389595,T,99.52,100,99.69,100,TGT
2025-12-18,9:32:58.009409552,T,99.57,100,99.69,100,TGT
2025-12-18,9:32:58.009414615,T,99.57,200,99.69,100,TGT
2025-12-18,9:32:58.009414615,T,99.57,300,99.69,100,TGT
2025-12-18,9:32:58.009720361,T,99.57,300,99.69,200,TGT
2025-12-18,9:32:58.009965913,T,99.57,200,99.69,200,TGT
2025-12-18,9:32:58.010753095,T,99.57,200,99.69,100,TGT
2025-12-18,9:32:58.015058028,T,99.57,100,99.69,100,TGT
2025-12-18,9:32:58.109412819,T,99.54,100,99.69,100,TGT
2025-12-18,9:32:58.795331949,T,99.52,100,99.69,100,TGT
2025-12-18,9:32:58.795442279,T,99.52,100,99.73,100,TGT
2025-12-18,9:32:58.795467288,T,99.52,200,99.73,100,TGT
2025-12-18,9:32:58.795467288,T,99.61,100,99.73,100,TGT
2025-12-18,9:32:58.795507400,T,99.65,100,99.73,100,TGT
2025-12-18,9:32:58.795712928,T,99.65,100,99.75,600,TGT
2025-12-18,9:32:58.796063757,T,99.61,100,99.75,600,TGT
2025-12-18,9:32:58.796414648,T,99.61,100,99.75,500,TGT
2025-12-18,9:32:58.800514366,T,99.56,100,99.75,500,TGT
2025-12-18,9:32:58.805982357,T,99.56,200,99.75,500,TGT
2025-12-18,9:32:58.908276055,T,99.56,100,99.75,500,TGT
2025-12-18,9:32:59.787806426,T,99.57,100,99.75,500,TGT
2025-12-18,9:32:59.853187202,T,99.57,200,99.75,500,TGT
2025-12-18,9:32:59.924717557,T,99.57,100,99.75,500,TGT
2025-12-18,9:32:59.924767838,T,99.58,100,99.75,500,TGT
2025-12-18,9:32:59.926086770,T,99.58,200,99.75,500,TGT
2025-12-18,9:32:59.926291333,T,99.58,300,99.75,500,TGT
2025-12-18,9:33:01.103100077,T,99.58,200,99.75,500,TGT
2025-12-18,9:33:01.924030943,T,99.59,100,99.75,500,TGT
2025-12-18,9:33:01.924692504,T,99.59,200,99.75,500,TGT
2025-12-18,9:33:02.540795201,T,99.65,100,99.75,500,TGT
2025-12-18,9:33:02.540825258,T,99.69,100,99.75,500,TGT
2025-12-18,9:33:02.541281312,T,99.69,200,99.75,500,TGT
2025-12-18,9:33:02.541341446,T,99.69,300,99.75,500,TGT
2025-12-18,9:33:02.541381529,T,99.69,200,99.75,500,TGT
2025-12-18,9:33:02.541802494,T,99.69,200,99.75,200,TGT
2025-12-18,9:33:02.542824983,T,99.69,200,99.8,200,TGT
2025-12-18,9:33:02.542845053,T,99.74,100,99.8,200,TGT
2025-12-18,9:33:02.543070611,T,99.74,200,99.8,200,TGT
2025-12-18,9:33:02.543286237,T,99.74,100,99.8,200,TGT
2025-12-18,9:33:02.543306646,T,99.72,100,99.8,200,TGT
2025-12-18,9:33:02.543316115,T,99.72,100,99.77,100,TGT
2025-12-18,9:33:02.543351270,T,99.72,100,99.74,100,TGT
2025-12-18,9:33:02.543576792,T,99.72,200,99.74,100,TGT
2025-12-18,9:33:02.544373687,T,99.72,200,99.8,200,TGT
2025-12-18,9:33:02.544388696,T,99.74,100,99.8,200,TGT
2025-12-18,9:33:02.544614277,T,99.74,200,99.8,200,TGT
2025-12-18,9:33:02.546047702,T,99.74,200,99.8,100,TGT
2025-12-18,9:33:02.546488712,T,99.75,100,99.8,100,TGT
2025-12-18,9:33:02.546714213,T,99.75,200,99.8,100,TGT
2025-12-18,9:33:02.568385860,T,99.75,100,99.8,100,TGT
2025-12-18,9:33:02.569839296,T,99.75,100,99.8,200,TGT
2025-12-18,9:33:02.641665488,T,99.75,100,99.8,100,TGT
2025-12-18,9:33:02.641760613,T,99.74,100,99.8,100,TGT
2025-12-18,9:33:02.641780756,T,99.74,100,99.79,100,TGT
2025-12-18,9:33:02.641785674,T,99.74,100,99.77,100,TGT
2025-12-18,9:33:02.641996274,T,99.62,100,99.77,100,TGT
2025-12-18,9:33:02.642006191,T,99.75,200,99.77,100,TGT
2025-12-18,9:33:02.642011390,T,99.75,100,99.77,100,TGT
2025-12-18,9:33:02.642016254,T,99.75,100,99.76,100,TGT
2025-12-18,9:33:02.642021297,T,99.62,100,99.76,100,TGT
2025-12-18,9:33:02.642231811,T,99.75,100,99.76,100,TGT
2025-12-18,9:33:02.642252069,T,99.62,100,99.76,100,TGT
2025-12-18,9:33:02.643083849,T,99.62,100,99.79,100,TGT
2025-12-18,9:33:02.644016028,T,99.62,200,99.79,100,TGT
2025-12-18,9:33:02.644226552,T,99.62,300,99.79,100,TGT
2025-12-18,9:33:02.664830560,T,99.62,300,99.78,100,TGT
2025-12-18,9:33:02.672223236,T,99.62,300,99.75,100,TGT
2025-12-18,9:33:02.748820712,T,99.62,200,99.75,100,TGT
2025-12-18,9:33:02.748850706,T,99.62,100,99.75,100,TGT
2025-12-18,9:33:02.918554977,T,99.62,300,99.75,100,TGT
2025-12-18,9:33:03.060072215,T,99.62,100,99.75,100,TGT
2025-12-18,9:33:03.062066934,T,99.62,200,99.75,100,TGT
2025-12-18,9:33:03.209062077,T,99.62,100,99.75,100,TGT
2025-12-18,9:33:03.209899132,T,99.62,300,99.75,100,TGT
2025-12-18,9:33:04.342788046,T,99.62,600,99.75,100,TGT
2025-12-18,9:33:07.384785106,T,99.62,600,99.7,100,TGT
2025-12-18,9:33:07.385662164,T,99.62,500,99.7,100,TGT
2025-12-18,9:33:12.442479423,T,99.62,500,99.7,200,TGT
2025-12-18,9:33:13.433515404,T,99.62,500,99.7,300,TGT
2025-12-18,9:33:16.731673001,T,99.62,800,99.7,300,TGT
2025-12-18,9:33:16.731713052,T,99.62,800,99.7,200,TGT
2025-12-18,9:33:16.732459934,T,99.62,500,99.7,200,TGT
2025-12-18,9:33:17.626464731,T,99.62,500,99.7,100,TGT
2025-12-18,9:33:17.626464731,T,99.62,500,99.75,100,TGT
2025-12-18,9:33:17.626504886,T,99.63,100,99.75,100,TGT
2025-12-18,9:33:17.626509880,T,99.66,100,99.75,100,TGT
2025-12-18,9:33:17.626530565,T,99.63,300,99.75,100,TGT
2025-12-18,9:33:17.627637565,T,99.66,100,99.75,100,TGT
2025-12-18,9:33:17.627722753,T,99.69,100,99.75,100,TGT
2025-12-18,9:33:17.627757864,T,99.69,100,99.8,200,TGT
2025-12-18,9:33:17.627757864,T,99.69,100,99.8,100,TGT
2025-12-18,9:33:17.627777953,T,99.72,100,99.8,100,TGT
2025-12-18,9:33:17.628334247,T,99.7,100,99.8,100,TGT
2025-12-18,9:33:17.628439436,T,99.7,100,99.75,200,TGT
2025-12-18,9:33:17.628459589,T,99.7,100,99.8,100,TGT
2025-12-18,9:33:17.628655022,T,99.73,100,99.8,100,TGT
2025-12-18,9:33:17.628665065,T,99.73,200,99.8,100,TGT
2025-12-18,9:33:17.628720442,T,99.73,100,99.8,100,TGT
2025-12-18,9:33:17.628880743,T,99.73,100,99.8,200,TGT
2025-12-18,9:33:17.628885510,T,99.73,100,99.78,100,TGT
2025-12-18,9:33:17.629156205,T,99.73,100,99.78,200,TGT
2025-12-18,9:33:17.629196398,T,99.73,100,99.78,100,TGT
2025-12-18,9:33:17.629226379,T,99.73,200,99.78,100,TGT
2025-12-18,9:33:17.629226379,T,99.73,100,99.78,100,TGT
2025-12-18,9:33:17.629953046,T,99.73,100,99.8,200,TGT
2025-12-18,9:33:17.639631245,T,99.73,100,99.8,100,TGT
2025-12-18,9:33:17.677731937,T,99.73,100,99.85,300,TGT
2025-12-18,9:33:17.677752249,T,99.76,100,99.85,300,TGT
2025-12-18,9:33:17.677752249,T,99.76,200,99.85,300,TGT
2025-12-18,9:33:17.677977529,T,99.76,300,99.85,300,TGT
2025-12-18,9:33:17.678308272,T,99.76,200,99.85,300,TGT
2025-12-18,9:33:17.681661245,T,99.76,200,99.9,300,TGT
2025-12-18,9:33:17.681711377,T,99.76,200,99.86,300,TGT
2025-12-18,9:33:17.682618582,T,99.77,100,99.86,300,TGT
2025-12-18,9:33:17.682668651,T,99.76,200,99.86,300,TGT
2025-12-18,9:33:17.682834049,T,99.76,100,99.86,300,TGT
2025-12-18,9:33:17.688051452,T,99.74,200,99.86,300,TGT
2025-12-18,9:33:17.690687818,T,99.75,100,99.86,300,TGT
2025-12-18,9:33:17.729450230,T,99.79,100,99.86,300,TGT
2025-12-18,9:33:17.730237024,T,99.79,200,99.86,300,TGT
2025-12-18,9:33:17.730718116,T,99.79,100,99.86,300,TGT
2025-12-18,9:33:22.720851176,T,99.75,100,99.86,300,TGT
2025-12-18,9:33:23.359111932,T,99.75,100,99.88,100,TGT
2025-12-18,9:33:23.359131991,T,99.75,100,99.9,300,TGT
2025-12-18,9:33:23.359507842,T,99.75,100,99.86,100,TGT
2025-12-18,9:33:23.366499475,T,99.75,100,99.86,200,TGT
2025-12-18,9:33:23.423069442,T,99.75,100,99.86,100,TGT
2025-12-18,9:33:24.346875173,T,99.75,100,99.86,200,TGT
2025-12-18,9:33:29.422988365,T,99.75,100,99.86,100,TGT
2025-12-18,9:33:29.423013418,T,99.75,100,99.9,300,TGT
2025-12-18,9:33:29.423033488,T,99.82,100,99.9,300,TGT
2025-12-18,9:33:29.423033488,T,99.82,200,99.9,300,TGT
2025-12-18,9:33:29.423063591,T,99.83,100,99.9,300,TGT
2025-12-18,9:33:29.423484522,T,99.82,200,99.9,300,TGT
2025-12-18,9:33:29.423584891,T,99.82,100,99.9,300,TGT
2025-12-18,9:33:29.425033198,T,99.83,100,99.9,300,TGT
2025-12-18,9:33:29.425088388,T,99.82,100,99.9,300,TGT
2025-12-18,9:33:29.430060225,T,99.8,100,99.9,300,TGT
2025-12-18,9:33:29.523267343,T,99.75,100,99.9,300,TGT
2025-12-18,9:33:29.618544242,T,99.82,100,99.9,300,TGT
2025-12-18,9:33:29.760783214,T,99.75,100,99.9,300,TGT
2025-12-18,9:33:29.761945877,T,99.82,100,99.9,300,TGT
2025-12-18,9:33:30.276015684,T,99.82,100,99.88,100,TGT
2025-12-18,9:33:32.237358081,T,99.82,100,99.88,200,TGT
2025-12-18,9:33:33.061727238,T,99.82,100,99.88,100,TGT
2025-12-18,9:33:33.295464297,T,99.82,100,99.9,400,TGT
2025-12-18,9:33:33.295499194,T,99.82,100,99.9,300,TGT
2025-12-18,9:33:33.295905120,T,99.86,100,99.9,300,TGT
2025-12-18,9:33:33.296461494,T,99.82,100,99.9,300,TGT
2025-12-18,9:33:33.299513686,T,99.85,100,99.9,300,TGT
2025-12-18,9:33:33.300275525,T,99.82,100,99.9,300,TGT
2025-12-18,9:33:33.303999383,T,99.82,100,99.9,400,TGT
2025-12-18,9:33:35.352529578,T,99.82,400,99.9,400,TGT
2025-12-18,9:33:35.556711079,T,99.82,400,99.9,300,TGT
2025-12-18,9:33:37.636295530,T,99.82,400,99.92,100,TGT
2025-12-18,9:33:37.636295530,T,99.82,400,99.93,200,TGT
2025-12-18,9:33:37.636300401,T,99.82,400,99.93,100,TGT
2025-12-18,9:33:37.636320431,T,99.86,100,99.93,100,TGT
2025-12-18,9:33:37.636320431,T,99.89,100,99.93,100,TGT
2025-12-18,9:33:37.636946976,T,99.89,200,99.93,100,TGT
2025-12-18,9:33:37.637062249,T,99.89,200,99.97,100,TGT
2025-12-18,9:33:37.637413088,T,99.89,100,99.97,100,TGT
2025-12-18,9:33:37.641116835,T,99.86,200,99.97,100,TGT
2025-12-18,9:33:37.643362217,T,99.86,100,99.97,100,TGT
2025-12-18,9:33:37.659691431,T,99.86,100,99.96,100,TGT
2025-12-18,9:33:37.659691431,T,99.86,100,99.95,100,TGT
2025-12-18,9:33:37.659696122,T,99.83,200,99.95,100,TGT
2025-12-18,9:33:37.659696122,T,99.83,200,99.95,200,TGT
2025-12-18,9:33:37.659726148,T,99.83,200,99.92,100,TGT
2025-12-18,9:33:37.659731226,T,99.83,200,99.92,200,TGT
2025-12-18,9:33:37.736749711,T,99.83,100,99.92,200,TGT
2025-12-18,9:33:40.118353707,T,99.83,100,99.92,100,TGT
2025-12-18,9:33:41.160260962,T,99.83,100,99.96,100,TGT
2025-12-18,9:33:41.160260962,T,99.83,100,99.97,100,TGT
2025-12-18,9:33:41.160285994,T,99.89,100,99.97,100,TGT
2025-12-18,9:33:41.160837357,T,99.87,200,99.97,100,TGT
2025-12-18,9:33:41.167352839,T,99.87,100,99.97,100,TGT
2025-12-18,9:33:41.260519799,T,99.83,100,99.97,100,TGT
2025-12-18,9:33:42.162262923,T,99.87,100,99.97,100,TGT
2025-12-18,9:33:42.162297985,T,99.83,100,99.97,100,TGT
2025-12-18,9:33:42.163771431,T,99.93,100,99.97,100,TGT
2025-12-18,9:33:42.164117273,T,99.83,100,99.97,100,TGT
2025-12-18,9:33:42.164137277,T,99.83,100,99.95,100,TGT
2025-12-18,9:33:42.164157445,T,99.83,100,99.95,200,TGT
2025-12-18,9:33:42.164207563,T,99.83,100,99.95,300,TGT
2025-12-18,9:33:42.165330174,T,99.83,100,99.95,200,TGT
2025-12-18,9:33:42.185708691,T,99.87,100,99.95,200,TGT
2025-12-18,9:33:42.287230561,T,99.83,100,99.95,200,TGT
2025-12-18,9:33:43.205152501,T,99.83,100,99.95,300,TGT
2025-12-18,9:33:46.321727238,T,99.82,100,99.95,300,TGT
2025-12-18,9:33:46.375645701,T,99.86,100,99.95,300,TGT
2025-12-18,9:33:47.434172579,T,99.86,200,99.95,300,TGT
2025-12-18,9:33:47.583844165,T,99.86,100,99.95,300,TGT
2025-12-18,9:33:47.583849483,T,99.82,100,99.95,300,TGT
2025-12-18,9:33:47.583854464,T,99.86,100,99.95,300,TGT
2025-12-18,9:33:47.583874284,T,99.82,200,99.95,300,TGT
2025-12-18,9:33:47.583879204,T,99.82,200,99.9,100,TGT
2025-12-18,9:33:47.583894366,T,99.86,100,99.9,100,TGT
2025-12-18,9:33:47.583894366,T,99.82,200,99.9,100,TGT
2025-12-18,9:33:47.583904322,T,99.82,200,99.87,100,TGT
2025-12-18,9:33:47.583919332,T,99.82,100,99.87,100,TGT
2025-12-18,9:33:47.583959753,T,99.82,100,99.87,200,TGT
2025-12-18,9:33:47.583974464,T,99.82,100,99.87,300,TGT
2025-12-18,9:33:47.584310283,T,99.82,100,99.87,200,TGT
2025-12-18,9:33:47.584460590,T,99.82,100,99.86,100,TGT
2025-12-18,9:33:47.584510726,T,99.82,100,99.86,200,TGT
2025-12-18,9:33:47.587588036,T,99.82,100,99.86,300,TGT
2025-12-18,9:33:47.604152742,T,99.82,100,99.86,200,TGT
2025-12-18,9:33:47.604152742,T,99.82,100,99.86,100,TGT
2025-12-18,9:33:47.604152742,T,99.82,100,99.9,300,TGT
2025-12-18,9:33:47.604172629,T,99.85,100,99.9,300,TGT
2025-12-18,9:33:47.604187665,T,99.85,100,99.9,200,TGT
2025-12-18,9:33:47.604608643,T,99.85,100,99.9,300,TGT
2025-12-18,9:33:47.605285256,T,99.84,100,99.9,300,TGT
2025-12-18,9:33:47.704832416,T,99.83,100,99.9,300,TGT
2025-12-18,9:33:47.704862426,T,99.82,100,99.9,300,TGT
2025-12-18,9:33:53.332870267,T,99.82,300,99.9,300,TGT
2025-12-18,9:33:54.575841467,T,99.86,100,99.9,300,TGT
2025-12-18,9:33:54.576392810,T,99.82,100,99.9,300,TGT
2025-12-18,9:33:54.578393243,T,99.82,100,99.9,200,TGT
2025-12-18,9:33:54.578393243,T,99.82,100,99.9,100,TGT
2025-12-18,9:33:54.578397813,T,99.82,100,99.97,100,TGT
2025-12-18,9:33:54.578417629,T,99.86,100,99.97,100,TGT
2025-12-18,9:33:54.578417629,T,99.88,100,99.97,100,TGT
2025-12-18,9:33:54.578417629,T,99.89,100,99.97,100,TGT
2025-12-18,9:33:54.578948920,T,99.89,100,99.96,100,TGT
2025-12-18,9:33:54.579425013,T,99.86,100,99.96,100,TGT
2025-12-18,9:33:54.583414513,T,99.83,100,99.96,100,TGT
2025-12-18,9:33:54.586311466,T,99.86,100,99.96,100,TGT
2025-12-18,9:33:54.696754690,T,99.82,100,99.96,100,TGT
2025-12-18,9:33:55.605730151,T,99.82,100,99.95,100,TGT
2025-12-18,9:33:55.605770249,T,99.82,100,99.94,100,TGT
2025-12-18,9:33:55.605820312,T,99.82,100,99.94,200,TGT
2025-12-18,9:33:55.607153529,T,99.82,100,99.94,300,TGT
2025-12-18,9:33:59.219504596,T,99.82,100,99.93,100,TGT
2025-12-18,9:33:59.219509477,T,99.82,100,99.9,100,TGT
2025-12-18,9:33:59.219619688,T,99.82,100,99.9,200,TGT
2025-12-18,9:33:59.220060766,T,99.82,100,99.9,100,TGT
2025-12-18,9:33:59.223473943,T,99.82,100,99.9,200,TGT
2025-12-18,9:33:59.235738115,T,99.82,100,99.89,100,TGT
2025-12-18,9:33:59.235773167,T,99.81,100,99.89,100,TGT
2025-12-18,9:33:59.235778239,T,99.82,100,99.89,100,TGT
2025-12-18,9:33:59.235783148,T,99.81,100,99.89,100,TGT
2025-12-18,9:33:59.235793251,T,99.81,100,99.86,100,TGT
2025-12-18,9:33:59.235798213,T,99.81,100,99.86,200,TGT
2025-12-18,9:33:59.235908477,T,99.81,100,99.86,300,TGT
2025-12-18,9:33:59.236224195,T,99.81,100,99.85,100,TGT
2025-12-18,9:33:59.236284347,T,99.81,100,99.84,100,TGT
2025-12-18,9:33:59.236294404,T,99.81,100,99.85,100,TGT
2025-12-18,9:33:59.236384832,T,99.75,100,99.85,100,TGT
2025-12-18,9:33:59.236404700,T,99.75,100,99.83,100,TGT
2025-12-18,9:33:59.236404700,T,99.75,100,99.83,200,TGT
2025-12-18,9:33:59.236494934,T,99.75,100,99.83,300,TGT
2025-12-18,9:33:59.236875853,T,99.77,100,99.83,300,TGT
2025-12-18,9:33:59.236961030,T,99.77,100,99.83,200,TGT
2025-12-18,9:33:59.237026216,T,99.81,100,99.83,200,TGT
2025-12-18,9:33:59.237051242,T,99.77,100,99.83,200,TGT
2025-12-18,9:33:59.237051242,T,99.75,100,99.83,200,TGT
2025-12-18,9:33:59.237071279,T,99.75,100,99.81,100,TGT
2025-12-18,9:33:59.237191559,T,99.75,100,99.81,200,TGT
2025-12-18,9:33:59.237753350,T,99.75,100,99.81,100,TGT
2025-12-18,9:33:59.237753350,T,99.75,100,99.82,100,TGT
2025-12-18,9:33:59.237757874,T,99.75,100,99.83,100,TGT
2025-12-18,9:33:59.237772941,T,99.79,100,99.83,100,TGT
2025-12-18,9:33:59.238314214,T,99.79,100,99.83,200,TGT
2025-12-18,9:33:59.283932937,T,99.78,100,99.83,200,TGT
2025-12-18,9:33:59.283937877,T,99.75,100,99.83,200,TGT
2025-12-18,9:33:59.283947938,T,99.75,100,99.81,100,TGT
2025-12-18,9:33:59.284048330,T,99.75,100,99.81,200,TGT
2025-12-18,9:33:59.284308849,T,99.75,100,99.81,300,TGT
2025-12-18,9:33:59.284499269,T,99.75,100,99.81,200,TGT
2025-12-18,9:33:59.285556734,T,99.75,100,99.81,300,TGT
2025-12-18,9:33:59.303539573,T,99.75,100,99.8,100,TGT
2025-12-18,9:33:59.303544646,T,99.75,100,99.8,200,TGT
2025-12-18,9:33:59.303569864,T,99.75,100,99.8,300,TGT
2025-12-18,9:33:59.303574664,T,99.75,100,99.8,200,TGT
2025-12-18,9:33:59.303835296,T,99.75,100,99.8,300,TGT
2025-12-18,9:33:59.304967957,T,99.75,100,99.79,100,TGT
2025-12-18,9:33:59.386547366,T,99.64,300,99.79,100,TGT
2025-12-18,9:33:59.386567616,T,99.64,300,99.78,100,TGT
2025-12-18,9:33:59.386567616,T,99.64,300,99.77,100,TGT
2025-12-18,9:33:59.387123684,T,99.64,300,99.78,200,TGT
2025-12-18,9:33:59.387434466,T,99.64,300,99.77,100,TGT
2025-12-18,9:33:59.392792166,T,99.64,100,99.77,100,TGT
2025-12-18,9:33:59.438265626,T,99.64,200,99.77,100,TGT
2025-12-18,9:33:59.580589569,T,99.64,100,99.77,100,TGT
2025-12-18,9:33:59.581246179,T,99.64,200,99.77,100,TGT
2025-12-18,9:34:00.051892498,T,99.64,100,99.77,100,TGT
2025-12-18,9:34:00.225250478,T,99.65,100,99.77,100,TGT
2025-12-18,9:34:00.738443186,T,99.64,100,99.77,100,TGT
2025-12-18,9:34:01.509384885,T,99.66,100,99.77,100,TGT
2025-12-18,9:34:02.016242385,T,99.64,100,99.77,100,TGT
2025-12-18,9:34:02.017104441,T,99.65,100,99.77,100,TGT
2025-12-18,9:34:02.539052873,T,99.64,100,99.77,100,TGT
2025-12-18,9:34:03.031280486,T,99.64,100,99.78,100,TGT
2025-12-18,9:34:08.312487137,T,99.66,100,99.78,100,TGT
2025-12-18,9:34:09.143000938,T,99.64,100,99.78,100,TGT
2025-12-18,9:34:10.345801228,T,99.64,100,99.8,100,TGT
2025-12-18,9:34:10.345826261,T,99.65,100,99.8,100,TGT
2025-12-18,9:34:10.345826261,T,99.72,100,99.8,100,TGT
2025-12-18,9:34:10.345836315,T,99.72,100,99.78,100,TGT
2025-12-18,9:34:10.345836315,T,99.72,100,99.81,100,TGT
2025-12-18,9:34:10.346242299,T,99.72,100,99.89,100,TGT
2025-12-18,9:34:10.347440136,T,99.72,200,99.89,100,TGT
2025-12-18,9:34:10.352863018,T,99.72,100,99.89,100,TGT
2025-12-18,9:34:10.465396141,T,99.72,100,99.93,100,TGT
2025-12-18,9:34:11.960808886,T,99.72,200,99.93,100,TGT
2025-12-18,9:34:11.967845718,T,99.75,100,99.93,100,TGT
2025-12-18,9:34:13.128340440,T,99.72,100,99.93,100,TGT
2025-12-18,9:34:13.360383240,T,99.76,100,99.93,100,TGT
2025-12-18,9:34:13.961836035,T,99.77,100,99.93,100,TGT
2025-12-18,9:34:17.778313352,T,99.76,100,99.93,100,TGT
2025-12-18,9:34:19.237594777,T,99.86,100,99.93,100,TGT
2025-12-18,9:34:19.326807323,T,99.86,100,99.96,100,TGT
2025-12-18,9:34:19.327298746,T,99.86,100,99.97,100,TGT
2025-12-18,9:34:19.327328501,T,99.87,100,99.97,100,TGT
2025-12-18,9:34:19.327328501,T,99.87,100,99.97,200,TGT
2025-12-18,9:34:19.327333570,T,99.87,100,99.97,100,TGT
2025-12-18,9:34:19.327348552,T,99.87,200,99.97,100,TGT
2025-12-18,9:34:19.328100375,T,99.87,200,99.97,200,TGT
2025-12-18,9:34:19.328135410,T,99.87,200,99.97,100,TGT
2025-12-18,9:34:19.328195597,T,99.9,100,99.97,100,TGT
2025-12-18,9:34:19.328265777,T,99.87,200,99.97,100,TGT
2025-12-18,9:34:19.328952362,T,99.9,100,99.97,100,TGT
2025-12-18,9:34:19.328992501,T,99.87,200,99.97,100,TGT
2025-12-18,9:34:19.337372438,T,99.87,100,99.97,100,TGT
2025-12-18,9:34:19.491945732,T,99.86,100,99.97,100,TGT
2025-12-18,9:34:20.168221762,T,99.86,300,99.97,100,TGT
2025-12-18,9:34:21.803452559,T,99.86,200,99.97,100,TGT
2025-12-18,9:34:21.803452559,T,99.76,100,99.97,100,TGT
2025-12-18,9:34:21.803462494,T,99.86,100,99.97,100,TGT
2025-12-18,9:34:21.803462494,T,99.86,100,99.96,100,TGT
2025-12-18,9:34:21.803472612,T,99.76,100,99.96,100,TGT
2025-12-18,9:34:21.803477538,T,99.76,100,99.91,100,TGT
2025-12-18,9:34:21.803497930,T,99.76,100,99.9,100,TGT
2025-12-18,9:34:21.803497930,T,99.76,100,99.9,200,TGT
2025-12-18,9:34:21.804053929,T,99.76,100,99.9,100,TGT
2025-12-18,9:34:21.903951945,T,99.76,100,99.94,100,TGT
2025-12-18,9:34:22.004691920,T,99.76,100,99.96,100,TGT
2025-12-18,9:34:22.197300800,T,99.76,200,99.96,100,TGT
2025-12-18,9:34:24.724516682,T,99.76,200,99.94,100,TGT
2025-12-18,9:34:25.569239191,T,99.76,200,99.94,200,TGT
2025-12-18,9:34:27.214674141,T,99.76,200,99.9,100,TGT
2025-12-18,9:34:27.214734252,T,99.76,200,99.89,100,TGT
2025-12-18,9:34:27.214769766,T,99.76,200,99.89,200,TGT
2025-12-18,9:34:27.920721145,T,99.76,200,99.88,100,TGT
2025-12-18,9:34:27.920731161,T,99.76,100,99.88,100,TGT
2025-12-18,9:34:27.920756245,T,99.76,100,99.88,200,TGT
2025-12-18,9:34:27.920786303,T,99.76,100,99.87,100,TGT
2025-12-18,9:34:27.920786303,T,99.76,100,99.82,100,TGT
2025-12-18,9:34:27.927823102,T,99.76,100,99.83,100,TGT
2025-12-18,9:34:27.936223030,T,99.76,100,99.87,100,TGT
2025-12-18,9:34:27.937230483,T,99.76,100,99.87,200,TGT
2025-12-18,9:34:27.943405156,T,99.76,100,99.87,100,TGT
2025-12-18,9:34:27.995845108,T,99.77,100,99.87,100,TGT
2025-12-18,9:34:28.001769304,T,99.77,100,99.88,300,TGT
2025-12-18,9:34:28.001789314,T,99.77,100,99.88,200,TGT
2025-12-18,9:34:28.003087323,T,99.77,100,99.88,300,TGT
2025-12-18,9:34:28.732219299,T,99.77,100,99.88,200,TGT
2025-12-18,9:34:28.774419894,T,99.77,100,99.88,100,TGT
2025-12-18,9:34:29.676508875,T,99.77,100,99.89,200,TGT
2025-12-18,9:34:29.677566404,T,99.77,100,99.89,300,TGT
2025-12-18,9:34:29.886464070,T,99.77,100,99.89,200,TGT
2025-12-18,9:34:30.202341634,T,99.77,100,99.88,100,TGT
2025-12-18,9:34:30.202376736,T,99.77,100,99.88,200,TGT
2025-12-18,9:34:30.203359076,T,99.77,100,99.88,100,TGT
2025-12-18,9:34:30.203384140,T,99.77,100,99.89,200,TGT
2025-12-18,9:34:30.205915108,T,99.77,100,99.88,100,TGT
2025-12-18,9:34:30.205950218,T,99.77,100,99.88,200,TGT
2025-12-18,9:34:32.469102029,T,99.77,100,99.88,300,TGT
2025-12-18,9:34:32.470801046,T,99.77,100,99.88,200,TGT
2025-12-18,9:34:34.529630816,T,99.77,100,99.87,100,TGT
2025-12-18,9:34:34.529645891,T,99.76,100,99.87,100,TGT
2025-12-18,9:34:34.529666206,T,99.76,100,99.82,100,TGT
2025-12-18,9:34:34.529670914,T,99.76,100,99.82,200,TGT
2025-12-18,9:34:34.529670914,T,99.76,100,99.82,300,TGT
2025-12-18,9:34:34.530092003,T,99.76,200,99.82,300,TGT
2025-12-18,9:34:34.530167135,T,99.76,400,99.82,300,TGT
2025-12-18,9:34:34.530222337,T,99.76,400,99.82,200,TGT
2025-12-18,9:34:34.530482863,T,99.76,400,99.82,300,TGT
2025-12-18,9:34:34.530512967,T,99.76,300,99.82,300,TGT
2025-12-18,9:34:34.530512967,T,99.76,200,99.82,300,TGT
2025-12-18,9:34:34.531224722,T,99.76,200,99.82,200,TGT
2025-12-18,9:34:34.531224722,T,99.67,200,99.82,200,TGT
2025-12-18,9:34:34.531249758,T,99.81,200,99.82,200,TGT
2025-12-18,9:34:34.531275068,T,99.81,100,99.82,200,TGT
2025-12-18,9:34:34.531289815,T,99.67,200,99.82,200,TGT
2025-12-18,9:34:34.531309856,T,99.67,200,99.81,100,TGT
2025-12-18,9:34:34.531309856,T,99.67,200,99.81,200,TGT
2025-12-18,9:34:34.541203463,T,99.78,200,99.81,200,TGT
2025-12-18,9:34:34.541629408,T,99.78,200,99.81,300,TGT
2025-12-18,9:34:34.543017817,T,99.78,200,99.81,200,TGT
2025-12-18,9:34:34.543017817,T,99.78,200,99.81,100,TGT
2025-12-18,9:34:34.543017817,T,99.78,200,99.82,100,TGT
2025-12-18,9:34:34.543037811,T,99.8,100,99.82,100,TGT
2025-12-18,9:34:34.543403690,T,99.8,100,99.87,100,TGT
2025-12-18,9:34:34.543438812,T,99.8,200,99.87,100,TGT
2025-12-18,9:34:34.543443805,T,99.8,200,99.82,100,TGT
2025-12-18,9:34:34.543448795,T,99.81,100,99.82,100,TGT
2025-12-18,9:34:34.543463768,T,99.8,100,99.82,100,TGT
2025-12-18,9:34:34.543463768,T,99.8,100,99.87,100,TGT
2025-12-18,9:34:34.544075337,T,99.78,200,99.87,100,TGT
2025-12-18,9:34:34.649310993,T,99.78,200,99.94,100,TGT
2025-12-18,9:34:36.421768732,T,99.79,100,99.94,100,TGT
2025-12-18,9:34:36.427803147,T,99.78,300,99.94,100,TGT
2025-12-18,9:34:36.427828160,T,99.78,200,99.94,100,TGT
2025-12-18,9:34:36.699244867,T,99.78,200,99.96,100,TGT
2025-12-18,9:34:36.699260137,T,99.8,100,99.96,100,TGT
2025-12-18,9:34:36.699269852,T,99.81,100,99.96,100,TGT
2025-12-18,9:34:36.699269852,T,99.85,100,99.96,100,TGT
2025-12-18,9:34:36.699274940,T,99.85,100,99.97,100,TGT
2025-12-18,9:34:36.699310048,T,99.85,200,99.97,100,TGT
2025-12-18,9:34:36.699620651,T,99.85,100,99.97,100,TGT
2025-12-18,9:34:36.706306691,T,99.81,200,99.97,100,TGT
2025-12-18,9:34:36.706356839,T,99.81,100,99.97,100,TGT
2025-12-18,9:34:36.706356839,T,99.81,200,99.97,100,TGT
2025-12-18,9:34:36.706386856,T,99.81,300,99.97,100,TGT
2025-12-18,9:34:36.706391885,T,99.81,200,99.97,100,TGT
2025-12-18,9:34:36.899331529,T,99.81,100,99.97,100,TGT
2025-12-18,9:34:37.843465800,T,99.84,100,99.97,100,TGT
2025-12-18,9:34:37.844267760,T,99.84,200,99.97,100,TGT
2025-12-18,9:34:37.844272757,T,99.84,100,99.97,100,TGT
2025-12-18,9:34:37.844277747,T,99.84,200,99.97,100,TGT
2025-12-18,9:34:37.844292830,T,99.85,100,99.97,100,TGT
2025-12-18,9:34:37.844292830,T,99.84,200,99.97,100,TGT
2025-12-18,9:34:37.844297922,T,99.84,100,99.97,100,TGT
2025-12-18,9:34:37.844297922,T,99.84,200,99.97,100,TGT
2025-12-18,9:34:37.844302847,T,99.88,100,99.97,100,TGT
2025-12-18,9:34:37.955126802,T,99.84,100,99.97,100,TGT
2025-12-18,9:34:38.056047717,T,99.85,100,99.97,100,TGT
2025-12-18,9:34:38.200451242,T,99.85,200,99.97,100,TGT
2025-12-18,9:34:38.200456309,T,99.86,100,99.97,100,TGT
2025-12-18,9:34:38.200461432,T,99.9,100,99.97,100,TGT
2025-12-18,9:34:38.200486369,T,99.9,200,99.97,100,TGT
2025-12-18,9:34:38.200486369,T,99.9,100,99.97,100,TGT
2025-12-18,9:34:38.200867227,T,99.9,200,99.97,100,TGT
2025-12-18,9:34:38.200882330,T,99.9,100,99.97,100,TGT
2025-12-18,9:34:38.207498026,T,99.87,100,99.97,100,TGT
2025-12-18,9:34:38.207518100,T,99.86,100,99.97,100,TGT
2025-12-18,9:34:38.207543173,T,99.87,100,99.97,100,TGT
2025-12-18,9:34:40.080966331,T,99.85,100,99.97,100,TGT
2025-12-18,9:34:40.907540650,T,99.85,200,99.97,100,TGT
2025-12-18,9:34:42.146286546,T,99.85,300,99.97,100,TGT
2025-12-18,9:34:42.644904368,T,99.85,200,99.97,100,TGT
2025-12-18,9:34:42.651174311,T,99.85,100,99.97,100,TGT
2025-12-18,9:34:43.560640929,T,99.88,100,99.97,100,TGT
2025-12-18,9:34:43.561447866,T,99.88,200,99.97,100,TGT
2025-12-18,9:34:44.384568819,T,99.88,500,99.97,100,TGT
2025-12-18,9:34:50.312491384,T,99.88,400,99.97,100,TGT
2025-12-18,9:34:50.312491384,T,99.88,300,99.97,100,TGT
2025-12-18,9:34:50.312496416,T,99.85,100,99.97,100,TGT
2025-12-18,9:34:50.312522069,T,99.85,100,99.92,100,TGT
2025-12-18,9:34:50.312522069,T,99.85,100,99.91,100,TGT
2025-12-18,9:34:50.312526489,T,99.85,100,99.91,200,TGT
2025-12-18,9:34:50.312611631,T,99.85,200,99.91,200,TGT
2025-12-18,9:34:50.313077845,T,99.85,200,99.91,100,TGT
2025-12-18,9:34:50.313584013,T,99.85,200,99.88,100,TGT
2025-12-18,9:34:50.320094497,T,99.87,100,99.88,100,TGT
2025-12-18,9:34:50.320751076,T,99.87,100,99.91,100,TGT
2025-12-18,9:34:50.412559754,T,99.87,100,99.92,100,TGT
2025-12-18,9:34:50.412589816,T,99.85,100,99.92,100,TGT
2025-12-18,9:34:50.412609859,T,99.85,100,99.87,100,TGT
2025-12-18,9:34:50.412660009,T,99.85,100,99.87,200,TGT
2025-12-18,9:34:50.413346742,T,99.85,100,99.87,100,TGT
2025-12-18,9:34:50.413351717,T,99.85,100,99.92,100,TGT
2025-12-18,9:34:50.413612317,T,99.85,100,99.96,100,TGT
2025-12-18,9:34:50.447352704,T,99.86,100,99.96,100,TGT
2025-12-18,9:34:50.512532969,T,99.86,100,99.97,200,TGT
2025-12-18,9:34:51.092494657,T,99.87,100,99.97,200,TGT
2025-12-18,9:34:51.092519680,T,99.87,200,99.97,200,TGT
2025-12-18,9:34:51.092539778,T,99.87,200,99.97,100,TGT
2025-12-18,9:35:01.275183662,T,99.87,100,99.97,100,TGT
2025-12-18,9:35:01.275183662,T,99.85,100,99.97,100,TGT
2025-12-18,9:35:01.275203850,T,99.85,100,99.88,100,TGT
2025-12-18,9:35:01.275268902,T,99.85,100,99.88,200,TGT
2025-12-18,9:35:01.275990659,T,99.85,200,99.88,200,TGT
2025-12-18,9:35:01.276211162,T,99.85,200,99.88,100,TGT
2025-12-18,9:35:01.946568174,T,99.85,100,99.88,100,TGT
2025-12-18,9:35:01.946568174,T,99.69,200,99.88,100,TGT
2025-12-18,9:35:01.946593232,T,99.69,200,99.86,100,TGT
2025-12-18,9:35:01.947445188,T,99.69,200,99.86,200,TGT
2025-12-18,9:35:01.947705902,T,99.69,200,99.86,100,TGT
2025-12-18,9:35:02.096390039,T,99.82,100,99.86,100,TGT
2025-12-18,9:35:02.301298256,T,99.82,100,99.88,100,TGT
2025-12-18,9:35:02.301323288,T,99.84,100,99.88,100,TGT
2025-12-18,9:35:02.301493727,T,99.84,100,99.97,100,TGT
2025-12-18,9:35:02.301879659,T,99.82,400,99.97,100,TGT
2025-12-18,9:35:02.465123600,T,99.82,300,99.97,100,TGT
2025-12-18,9:35:02.465424288,T,99.82,100,99.97,100,TGT
2025-12-18,9:35:02.478700914,T,99.85,100,99.97,100,TGT
2025-12-18,9:35:02.949121581,T,99.85,100,99.93,100,TGT
2025-12-18,9:35:03.135555759,T,99.85,100,99.97,100,TGT
2025-12-18,9:35:05.663758906,T,99.85,100,99.92,100,TGT
2025-12-18,9:35:05.663889212,T,99.82,100,99.92,100,TGT
2025-12-18,9:35:05.663914264,T,99.82,100,99.89,100,TGT
2025-12-18,9:35:05.664089670,T,99.82,100,99.89,200,TGT
2025-12-18,9:35:05.664465612,T,99.82,100,99.89,100,TGT
2025-12-18,9:35:05.665016973,T,99.82,200,99.89,100,TGT
2025-12-18,9:35:06.233115384,T,99.82,100,99.89,100,TGT
2025-12-18,9:35:06.233115384,T,99.69,200,99.89,100,TGT
2025-12-18,9:35:06.233125312,T,99.69,200,99.89,200,TGT
2025-12-18,9:35:06.233135373,T,99.69,200,99.83,100,TGT
2025-12-18,9:35:06.233205529,T,99.69,200,99.83,200,TGT
2025-12-18,9:35:06.233566363,T,99.69,200,99.83,300,TGT
2025-12-18,9:35:06.234202988,T,99.69,200,99.83,200,TGT
2025-12-18,9:35:06.234874499,T,99.67,200,99.83,200,TGT
2025-12-18,9:35:06.253333523,T,99.67,200,99.83,100,TGT
2025-12-18,9:35:06.258826602,T,99.79,100,99.83,100,TGT
2025-12-18,9:35:07.677225589,T,99.67,200,99.83,100,TGT
2025-12-18,9:35:07.677245841,T,99.67,200,99.81,100,TGT
2025-12-18,9:35:07.677250758,T,99.67,200,99.81,200,TGT
2025-12-18,9:35:07.677285782,T,99.67,200,99.81,300,TGT
2025-12-18,9:35:07.677676667,T,99.67,200,99.79,100,TGT
2025-12-18,9:35:07.677721792,T,99.67,200,99.81,300,TGT
2025-12-18,9:35:07.677726887,T,99.67,200,99.79,100,TGT
2025-12-18,9:35:07.677726887,T,99.78,400,99.79,100,TGT
2025-12-18,9:35:07.677726887,T,99.78,400,99.8,100,TGT
2025-12-18,9:35:07.677746878,T,99.78,400,99.81,300,TGT
2025-12-18,9:35:07.677746878,T,99.67,200,99.81,300,TGT
2025-12-18,9:35:07.677756856,T,99.67,300,99.81,300,TGT
2025-12-18,9:35:07.677771924,T,99.79,300,99.81,300,TGT
2025-12-18,9:35:07.677801967,T,99.79,300,99.81,200,TGT
2025-12-18,9:35:07.677837108,T,99.67,200,99.81,200,TGT
2025-12-18,9:35:07.677902253,T,99.68,100,99.81,200,TGT
2025-12-18,9:35:07.677907278,T,99.69,100,99.81,200,TGT
2025-12-18,9:35:07.677932488,T,99.68,100,99.81,200,TGT
2025-12-18,9:35:07.677932488,T,99.68,100,99.81,100,TGT
2025-12-18,9:35:07.677937323,T,99.68,100,99.83,100,TGT
2025-12-18,9:35:07.677957454,T,99.69,100,99.83,100,TGT
2025-12-18,9:35:07.678082722,T,99.68,100,99.83,100,TGT
2025-12-18,9:35:07.678132765,T,99.69,100,99.83,100,TGT
2025-12-18,9:35:07.678162898,T,99.68,200,99.83,100,TGT
2025-12-18,9:35:07.678273135,T,99.69,100,99.83,100,TGT
2025-12-18,9:35:07.678303201,T,99.68,200,99.83,100,TGT
2025-12-18,9:35:07.678338321,T,99.69,100,99.83,100,TGT
2025-12-18,9:35:07.678573998,T,99.73,100,99.83,100,TGT
2025-12-18,9:35:07.678573998,T,99.78,100,99.83,100,TGT
2025-12-18,9:35:07.678578899,T,99.79,100,99.83,100,TGT
2025-12-18,9:35:07.678588906,T,99.79,100,99.88,200,TGT
2025-12-18,9:35:07.678604286,T,99.73,100,99.88,200,TGT
2025-12-18,9:35:07.678604286,T,99.81,100,99.88,200,TGT
2025-12-18,9:35:07.678799374,T,99.81,100,99.88,300,TGT
2025-12-18,9:35:07.679039950,T,99.81,100,99.88,200,TGT
2025-12-18,9:35:07.679165293,T,99.79,100,99.88,200,TGT
2025-12-18,9:35:07.685615626,T,99.69,100,99.88,200,TGT
2025-12-18,9:35:07.688041424,T,99.68,200,99.88,200,TGT
2025-12-18,9:35:07.777910478,T,99.68,100,99.88,200,TGT
2025-12-18,9:35:07.878104171,T,99.67,300,99.88,200,TGT
2025-12-18,9:35:07.878590368,T,99.67,200,99.88,200,TGT
2025-12-18,9:35:08.238908797,T,99.82,100,99.88,200,TGT
2025-12-18,9:35:08.238933833,T,99.67,200,99.88,200,TGT
2025-12-18,9:35:08.238958934,T,99.67,200,99.85,100,TGT
2025-12-18,9:35:08.238958934,T,99.67,200,99.82,100,TGT
2025-12-18,9:35:08.239049162,T,99.67,200,99.82,200,TGT
2025-12-18,9:35:08.729122068,T,99.67,200,99.82,100,TGT
2025-12-18,9:35:08.729126686,T,99.67,200,99.85,100,TGT
2025-12-18,9:35:08.729146678,T,99.81,100,99.85,100,TGT
2025-12-18,9:35:08.730209256,T,99.72,100,99.85,100,TGT
2025-12-18,9:35:08.739356065,T,99.67,200,99.85,100,TGT
2025-12-18,9:35:11.257670559,T,99.67,200,99.88,100,TGT
2025-12-18,9:35:11.257690662,T,99.81,100,99.88,100,TGT
2025-12-18,9:35:11.257690662,T,99.82,100,99.88,100,TGT
2025-12-18,9:35:11.257695650,T,99.83,100,99.88,100,TGT
2025-12-18,9:35:11.257710727,T,99.83,100,99.92,200,TGT
2025-12-18,9:35:11.257730805,T,99.83,100,99.92,100,TGT
2025-12-18,9:35:11.258246952,T,99.82,100,99.92,100,TGT
2025-12-18,9:35:11.259815772,T,99.82,200,99.92,100,TGT
2025-12-18,9:35:11.992070176,T,99.84,100,99.92,100,TGT
2025-12-18,9:35:11.992812030,T,99.85,100,99.92,100,TGT
2025-12-18,9:35:11.993373306,T,99.84,200,99.92,100,TGT
2025-12-18,9:35:12.003056337,T,99.84,100,99.92,100,TGT
2025-12-18,9:35:12.006364271,T,99.84,100,99.97,100,TGT
2025-12-18,9:35:12.825240147,T,99.84,100,99.97,200,TGT
2025-12-18,9:35:13.718959310,T,99.84,100,99.96,100,TGT
2025-12-18,9:35:13.987042966,T,99.84,100,99.92,100,TGT
2025-12-18,9:35:15.332042358,T,99.84,200,99.92,100,TGT
2025-12-18,9:35:16.653230056,T,99.84,100,99.92,100,TGT
2025-12-18,9:35:16.653230056,T,99.68,200,99.92,100,TGT
2025-12-18,9:35:16.653249911,T,99.68,200,99.85,100,TGT
2025-12-18,9:35:16.653340126,T,99.68,200,99.85,200,TGT
2025-12-18,9:35:16.654312450,T,99.68,200,99.85,100,TGT
2025-12-18,9:35:16.657680514,T,99.68,200,99.87,100,TGT
2025-12-18,9:35:16.657680514,T,99.68,200,99.88,300,TGT
2025-12-18,9:35:16.657680514,T,99.68,200,99.88,200,TGT
2025-12-18,9:35:16.657705498,T,99.8,100,99.88,200,TGT
2025-12-18,9:35:16.657705498,T,99.8,200,99.88,200,TGT
2025-12-18,9:35:16.657705498,T,99.8,200,99.88,100,TGT
2025-12-18,9:35:16.658256843,T,99.8,100,99.88,100,TGT
2025-12-18,9:35:16.658432267,T,99.8,100,99.91,100,TGT
2025-12-18,9:35:16.664952836,T,99.82,100,99.91,100,TGT
2025-12-18,9:35:16.666085445,T,99.82,100,99.91,200,TGT
2025-12-18,9:35:16.671082369,T,99.82,100,99.89,100,TGT
2025-12-18,9:35:21.716397084,T,99.82,100,99.96,100,TGT
2025-12-18,9:35:21.716397084,T,99.82,100,99.97,300,TGT
2025-12-18,9:35:21.716417290,T,99.85,100,99.97,300,TGT
2025-12-18,9:35:21.716417290,T,99.85,200,99.97,300,TGT
2025-12-18,9:35:21.716968463,T,99.85,100,99.97,300,TGT
2025-12-18,9:35:21.721424047,T,99.83,100,99.97,300,TGT
2025-12-18,9:35:21.916448704,T,99.78,100,99.97,300,TGT
2025-12-18,9:35:21.916478735,T,99.76,100,99.97,300,TGT
2025-12-18,9:35:23.168787382,T,99.76,100,99.97,400,TGT
2025-12-18,9:35:23.262565708,T,99.76,200,99.97,400,TGT
2025-12-18,9:35:23.373204300,T,99.79,100,99.97,400,TGT
2025-12-18,9:35:23.394856183,T,99.79,100,99.97,300,TGT
2025-12-18,9:35:23.934822291,T,99.79,100,99.97,400,TGT
2025-12-18,9:35:24.212248188,T,99.78,100,99.97,400,TGT
2025-12-18,9:35:24.212278213,T,99.76,100,99.97,400,TGT
2025-12-18,9:35:24.264823395,T,99.76,100,99.97,300,TGT
2025-12-18,9:35:24.264843525,T,99.78,100,99.97,300,TGT
2025-12-18,9:35:24.264848457,T,99.8,100,99.97,300,TGT
2025-12-18,9:35:24.264853752,T,99.83,100,99.97,300,TGT
2025-12-18,9:35:24.264894281,T,99.81,100,99.97,300,TGT
2025-12-18,9:35:24.271905284,T,99.8,100,99.97,300,TGT
2025-12-18,9:35:24.365127416,T,99.78,100,99.97,300,TGT
2025-12-18,9:35:24.381090371,T,99.76,100,99.97,300,TGT
2025-12-18,9:35:26.108380552,T,99.81,100,99.97,300,TGT
2025-12-18,9:35:26.581462540,T,99.81,300,99.97,300,TGT
2025-12-18,9:35:29.009727493,T,99.81,300,99.96,100,TGT
2025-12-18,9:35:35.001311729,T,99.81,100,99.96,100,TGT
2025-12-18,9:35:38.331956395,T,99.81,100,99.97,400,TGT
2025-12-18,9:35:39.666741487,T,99.81,100,99.92,100,TGT
2025-12-18,9:35:44.944119151,T,99.81,100,99.9,100,TGT
2025-12-18,9:35:44.944184331,T,99.81,100,99.9,200,TGT
2025-12-18,9:35:45.567729739,T,99.81,200,99.9,200,TGT
2025-12-18,9:35:46.305562491,T,99.81,200,99.9,3200,TGT
2025-12-18,9:35:52.965659045,T,99.81,100,99.9,3200,TGT
2025-12-18,9:35:53.200799371,T,99.81,100,99.9,3100,TGT
2025-12-18,9:35:53.200824344,T,99.81,100,99.9,3000,TGT
2025-12-18,9:35:53.200824344,T,99.81,100,99.9,2900,TGT
2025-12-18,9:35:53.200829441,T,99.81,100,99.9,2800,TGT
2025-12-18,9:35:53.200844516,T,99.83,100,99.9,2800,TGT
2025-12-18,9:35:53.200849475,T,99.83,100,99.9,2700,TGT
2025-12-18,9:35:53.200869565,T,99.81,100,99.9,2700,TGT
2025-12-18,9:35:53.200874471,T,99.84,100,99.9,2700,TGT
2025-12-18,9:35:53.200884581,T,99.84,100,99.92,100,TGT
2025-12-18,9:35:53.200909583,T,99.87,100,99.92,100,TGT
2025-12-18,9:35:53.201430863,T,99.85,100,99.92,100,TGT
2025-12-18,9:35:53.201430863,T,99.84,100,99.92,100,TGT
2025-12-18,9:35:53.201451086,T,99.84,100,99.91,100,TGT
2025-12-18,9:35:53.201451086,T,99.81,100,99.91,100,TGT
2025-12-18,9:35:53.201861860,T,99.81,100,99.91,200,TGT
2025-12-18,9:35:53.202493332,T,99.87,100,99.91,200,TGT
2025-12-18,9:35:53.221343282,T,99.87,100,99.91,100,TGT
2025-12-18,9:35:53.684326255,T,99.88,100,99.91,100,TGT
2025-12-18,9:35:53.684341362,T,99.88,100,99.92,100,TGT
2025-12-18,9:35:53.744314220,T,99.87,100,99.92,100,TGT
2025-12-18,9:35:53.744384322,T,99.87,100,99.97,200,TGT
2025-12-18,9:35:53.744404437,T,99.9,100,99.97,200,TGT
2025-12-18,9:35:53.744639966,T,99.91,100,99.97,200,TGT
2025-12-18,9:35:53.849464640,T,99.91,100,99.97,100,TGT
2025-12-18,9:35:53.908450192,T,99.88,100,99.97,100,TGT
2025-12-18,9:35:54.457869073,T,99.91,100,99.97,100,TGT
2025-12-18,9:35:54.457874121,T,99.92,100,99.97,100,TGT
2025-12-18,9:35:54.457904200,T,99.92,200,99.97,100,TGT
2025-12-18,9:35:54.457904200,T,99.92,100,99.97,100,TGT
2025-12-18,9:35:54.457929211,T,99.92,200,99.97,100,TGT
2025-12-18,9:35:54.457929211,T,99.92,100,99.97,100,TGT
2025-12-18,9:35:54.458691011,T,99.92,200,99.97,100,TGT
2025-12-18,9:35:54.464915891,T,99.92,100,99.97,100,TGT
2025-12-18,9:35:54.737680651,T,99.92,100,99.99,200,TGT
2025-12-18,9:35:54.737700714,T,99.93,100,99.99,200,TGT
2025-12-18,9:35:54.737700714,T,99.94,100,99.99,200,TGT
2025-12-18,9:35:54.738257092,T,99.93,300,99.99,200,TGT
2025-12-18,9:35:54.739023936,T,99.93,200,99.99,200,TGT
2025-12-18,9:35:54.746722241,T,99.96,100,99.99,200,TGT
2025-12-18,9:35:54.746832496,T,99.93,200,99.99,200,TGT
2025-12-18,9:35:54.746852562,T,99.93,100,99.99,200,TGT
2025-12-18,9:35:54.746857583,T,99.92,100,99.99,200,TGT
2025-12-18,9:35:54.746862538,T,99.92,100,99.98,100,TGT
2025-12-18,9:35:54.747489006,T,99.93,200,99.98,100,TGT
2025-12-18,9:35:54.796601102,T,99.94,100,99.98,100,TGT
2025-12-18,9:35:54.796626302,T,99.94,300,99.98,100,TGT
2025-12-18,9:35:54.796651167,T,99.94,200,99.98,100,TGT
2025-12-18,9:35:54.796651167,T,99.92,100,99.98,100,TGT
2025-12-18,9:35:54.796671243,T,99.92,100,99.96,100,TGT
2025-12-18,9:35:54.796716370,T,99.92,100,99.96,200,TGT
2025-12-18,9:35:54.796721326,T,99.92,100,99.95,100,TGT
2025-12-18,9:35:54.797397938,T,99.76,100,99.95,100,TGT
2025-12-18,9:35:54.841803801,T,99.92,100,99.95,100,TGT
2025-12-18,9:35:55.260481230,T,99.92,100,99.96,100,TGT
2025-12-18,9:35:55.260506242,T,99.93,100,99.96,100,TGT
2025-12-18,9:35:55.261052541,T,99.93,100,99.95,100,TGT
2025-12-18,9:35:55.261077578,T,99.93,100,99.96,100,TGT
2025-12-18,9:35:55.276063359,T,99.93,200,99.96,100,TGT
2025-12-18,9:35:55.276559466,T,99.93,200,99.99,200,TGT
2025-12-18,9:35:55.276579594,T,99.95,100,99.99,200,TGT
2025-12-18,9:35:55.277135947,T,99.93,100,99.99,200,TGT
2025-12-18,9:35:55.917887358,T,99.94,100,99.99,200,TGT
2025-12-18,9:35:55.918112962,T,99.97,100,99.99,200,TGT
2025-12-18,9:35:55.918669185,T,99.94,100,99.99,200,TGT
2025-12-18,9:35:55.918684249,T,99.93,100,99.99,200,TGT
2025-12-18,9:35:55.925961671,T,99.93,100,99.99,100,TGT
2025-12-18,9:35:55.925966612,T,99.93,100,100.0,11500,TGT
2025-12-18,9:35:55.925966612,T,99.93,100,100.0,11400,TGT
2025-12-18,9:35:55.925986641,T,99.94,100,100.0,11400,TGT
2025-12-18,9:35:55.925986641,T,99.98,100,100.0,11400,TGT
2025-12-18,9:35:55.926788584,T,99.98,200,100.0,11400,TGT
2025-12-18,9:35:55.927024100,T,99.98,100,100.0,11400,TGT
2025-12-18,9:35:56.059599972,T,99.94,100,100.0,11400,TGT
2025-12-18,9:35:56.059645074,T,99.92,100,100.0,11400,TGT
2025-12-18,9:35:56.060000923,T,99.92,100,99.99,100,TGT
2025-12-18,9:35:56.060306699,T,99.92,200,99.99,100,TGT
2025-12-18,9:35:56.062251288,T,99.92,300,99.99,100,TGT
2025-12-18,9:35:56.146602306,T,99.92,200,99.99,100,TGT
2025-12-18,9:35:56.147283853,T,99.92,300,99.99,100,TGT
2025-12-18,9:35:56.165818041,T,99.92,300,99.98,100,TGT
2025-12-18,9:35:56.863665548,T,99.93,100,99.98,100,TGT
2025-12-18,9:35:56.863710703,T,99.93,200,99.98,100,TGT
2025-12-18,9:35:58.956295989,T,99.93,200,99.98,200,TGT
2025-12-18,9:35:58.966460510,T,99.93,200,99.98,100,TGT
2025-12-18,9:35:58.966460510,T,99.93,200,100.0,11400,TGT
2025-12-18,9:35:58.966485314,T,99.97,100,100.0,11400,TGT
2025-12-18,9:35:58.966515354,T,99.97,200,100.0,11400,TGT
2025-12-18,9:35:58.966515354,T,99.97,100,100.0,11400,TGT
2025-12-18,9:35:58.966550394,T,99.95,200,100.0,11400,TGT
2025-12-18,9:35:58.966575738,T,99.95,200,99.99,100,TGT
2025-12-18,9:35:58.966595625,T,99.95,200,99.98,100,TGT
2025-12-18,9:35:58.966775975,T,99.95,300,99.98,100,TGT
2025-12-18,9:35:58.967006516,T,99.95,300,99.97,100,TGT
2025-12-18,9:35:58.967036609,T,99.95,200,99.97,100,TGT
2025-12-18,9:35:58.967041553,T,99.95,200,99.97,200,TGT
2025-12-18,9:35:59.066488508,T,99.95,100,99.97,200,TGT
2025-12-18,9:35:59.081845107,T,99.93,100,99.97,200,TGT
2025-12-18,9:35:59.081870131,T,99.93,100,99.96,100,TGT
2025-12-18,9:35:59.081870131,T,99.93,100,99.95,100,TGT
2025-12-18,9:35:59.081960390,T,99.93,100,99.95,200,TGT
2025-12-18,9:35:59.082115711,T,99.93,200,99.95,200,TGT
2025-12-18,9:35:59.082286217,T,99.93,200,99.95,300,TGT
2025-12-18,9:35:59.191616653,T,99.93,300,99.95,300,TGT
2025-12-18,9:35:59.191942376,T,99.93,300,99.95,200,TGT
2025-12-18,9:35:59.571611890,T,99.93,300,99.95,100,TGT
2025-12-18,9:35:59.571611890,T,99.93,300,99.96,100,TGT
2025-12-18,9:35:59.571631985,T,99.94,100,99.96,100,TGT
2025-12-18,9:35:59.571631985,T,99.94,200,99.96,100,TGT
2025-12-18,9:35:59.571631985,T,99.94,300,99.96,100,TGT
2025-12-18,9:35:59.571657069,T,99.94,400,99.96,100,TGT
2025-12-18,9:35:59.571823095,T,99.94,300,99.96,100,TGT
2025-12-18,9:35:59.571823095,T,99.94,200,99.96,100,TGT
2025-12-18,9:35:59.571823095,T,99.94,100,99.96,100,TGT
2025-12-18,9:35:59.571827392,T,99.93,200,99.96,100,TGT
2025-12-18,9:35:59.571847534,T,99.93,200,99.96,200,TGT
2025-12-18,9:35:59.571847534,T,99.93,200,99.96,300,TGT
2025-12-18,9:35:59.571862791,T,99.93,100,99.96,300,TGT
2025-12-18,9:35:59.571862791,T,99.92,100,99.96,300,TGT
2025-12-18,9:35:59.571867554,T,99.92,100,99.95,100,TGT
2025-12-18,9:35:59.571887522,T,99.92,100,99.94,100,TGT
2025-12-18,9:35:59.571887522,T,99.92,100,99.94,200,TGT
2025-12-18,9:35:59.571887522,T,99.92,100,99.94,300,TGT
2025-12-18,9:35:59.571922641,T,99.92,100,99.94,400,TGT
2025-12-18,9:35:59.572012932,T,99.92,100,99.94,300,TGT
2025-12-18,9:35:59.572398776,T,99.93,100,99.94,300,TGT
2025-12-18,9:35:59.572413879,T,99.93,100,99.94,200,TGT
2025-12-18,9:35:59.572419203,T,99.93,100,99.94,300,TGT
2025-12-18,9:35:59.572419203,T,99.93,100,99.94,400,TGT
2025-12-18,9:35:59.572438940,T,99.93,100,99.94,300,TGT
2025-12-18,9:35:59.572619322,T,99.93,200,99.94,300,TGT
2025-12-18,9:35:59.573015222,T,99.93,200,99.94,200,TGT
2025-12-18,9:35:59.574223180,T,99.93,200,99.94,100,TGT
2025-12-18,9:35:59.574223180,T,99.93,200,99.96,100,TGT
2025-12-18,9:35:59.574243234,T,99.94,100,99.96,100,TGT
2025-12-18,9:35:59.574468753,T,99.94,200,99.96,100,TGT
2025-12-18,9:35:59.574694357,T,99.94,200,99.97,100,TGT
2025-12-18,9:35:59.574719355,T,99.95,100,99.97,100,TGT
2025-12-18,9:35:59.574719355,T,99.95,200,99.97,100,TGT
2025-12-18,9:35:59.574939893,T,99.95,300,99.97,100,TGT
2025-12-18,9:35:59.575275653,T,99.95,200,99.97,100,TGT
2025-12-18,9:35:59.577932000,T,99.95,300,99.97,100,TGT
2025-12-18,9:35:59.606259660,T,99.95,300,100.0,11400,TGT
2025-12-18,9:35:59.606279554,T,99.96,100,100.0,11400,TGT
2025-12-18,9:35:59.606505034,T,99.96,200,100.0,11400,TGT
2025-12-18,9:35:59.606835814,T,99.96,100,100.0,11400,TGT
2025-12-18,9:36:00.906602532,T,99.96,200,100.0,11400,TGT
2025-12-18,9:36:00.906818109,T,99.96,100,100.0,11400,TGT
2025-12-18,9:36:01.065170385,T,99.96,100,99.99,100,TGT
2025-12-18,9:36:01.065210457,T,99.96,100,99.99,200,TGT
2025-12-18,9:36:01.065250514,T,99.96,100,99.99,100,TGT
2025-12-18,9:36:01.345027204,T,99.96,100,100.0,11400,TGT
2025-12-18,9:36:01.345047303,T,99.97,100,100.0,11400,TGT
2025-12-18,9:36:01.345272838,T,99.97,200,100.0,11400,TGT
2025-12-18,9:36:01.345388108,T,99.97,200,100.0,11300,TGT
2025-12-18,9:36:01.345418121,T,99.97,200,100.0,11100,TGT
2025-12-18,9:36:01.345423825,T,99.97,200,100.0,11000,TGT
2025-12-18,9:36:01.345423825,T,99.97,200,100.0,9800,TGT
2025-12-18,9:36:01.345423825,T,99.97,200,100.0,9700,TGT
2025-12-18,9:36:01.345428976,T,99.97,200,100.0,9600,TGT
2025-12-18,9:36:01.345433406,T,99.97,200,100.0,9500,TGT
2025-12-18,9:36:01.345433406,T,99.97,200,100.0,9400,TGT
2025-12-18,9:36:01.345433406,T,99.97,200,100.0,9300,TGT
2025-12-18,9:36:01.345438154,T,99.97,200,100.0,9200,TGT
2025-12-18,9:36:01.345443551,T,99.97,200,100.0,9100,TGT
2025-12-18,9:36:01.345443551,T,99.97,200,100.0,8900,TGT
2025-12-18,9:36:01.345448173,T,99.97,200,100.0,8800,TGT
2025-12-18,9:36:01.345448173,T,99.97,200,100.0,8700,TGT
2025-12-18,9:36:01.345448173,T,99.97,200,100.0,8600,TGT
2025-12-18,9:36:01.345453518,T,99.97,200,100.0,8500,TGT
2025-12-18,9:36:01.345453518,T,99.97,200,100.0,8400,TGT
2025-12-18,9:36:01.345453518,T,99.97,200,100.0,8300,TGT
2025-12-18,9:36:01.345458861,T,99.97,200,100.0,7700,TGT
2025-12-18,9:36:01.345458861,T,99.97,200,100.0,7600,TGT
2025-12-18,9:36:01.345458861,T,99.97,200,100.0,7500,TGT
2025-12-18,9:36:01.345464309,T,99.97,200,100.0,7400,TGT
2025-12-18,9:36:01.345464309,T,99.97,200,100.0,7300,TGT
2025-12-18,9:36:01.345468357,T,99.97,200,100.0,7200,TGT
2025-12-18,9:36:01.345468357,T,99.97,200,100.0,7100,TGT
2025-12-18,9:36:01.345468357,T,99.97,200,100.0,7000,TGT
2025-12-18,9:36:01.345474014,T,99.97,200,100.0,6900,TGT
2025-12-18,9:36:01.345474014,T,99.97,200,100.0,6800,TGT
2025-12-18,9:36:01.345474014,T,99.97,200,100.0,6700,TGT
2025-12-18,9:36:01.345478274,T,99.97,200,100.0,6200,TGT
2025-12-18,9:36:01.345478274,T,99.97,200,100.0,6100,TGT
2025-12-18,9:36:01.345478274,T,99.97,200,100.0,6000,TGT
2025-12-18,9:36:01.345483276,T,99.97,200,100.0,5800,TGT
2025-12-18,9:36:01.345483276,T,99.97,200,100.0,5500,TGT
2025-12-18,9:36:01.345483276,T,99.97,200,100.0,5000,TGT
2025-12-18,9:36:01.345488588,T,99.97,200,100.0,4900,TGT
2025-12-18,9:36:01.345488588,T,99.97,200,100.0,4800,TGT
2025-12-18,9:36:01.345488588,T,99.97,200,100.0,4500,TGT
2025-12-18,9:36:01.345493459,T,99.97,200,100.0,4400,TGT
2025-12-18,9:36:01.345493459,T,99.97,200,100.0,4300,TGT
2025-12-18,9:36:01.345498957,T,99.97,200,100.0,4200,TGT
2025-12-18,9:36:01.345498957,T,99.97,200,100.0,4100,TGT
2025-12-18,9:36:01.345498957,T,99.97,200,100.0,4000,TGT
2025-12-18,9:36:01.345503717,T,99.97,200,100.0,900,TGT
2025-12-18,9:36:01.345503717,T,99.97,200,100.0,800,TGT
2025-12-18,9:36:01.345503717,T,99.97,200,100.0,700,TGT
2025-12-18,9:36:01.345509249,T,99.97,200,100.0,600,TGT
2025-12-18,9:36:01.345698904,T,99.97,200,100.0,500,TGT
2025-12-18,9:36:01.345698904,T,99.97,200,100.0,400,TGT
2025-12-18,9:36:01.345698904,T,99.97,200,100.0,300,TGT
2025-12-18,9:36:01.345698904,T,99.97,200,100.0,200,TGT
2025-12-18,9:36:01.345704213,T,99.97,200,100.0,100,TGT
2025-12-18,9:36:01.345704213,T,99.97,200,100.01,200,TGT
2025-12-18,9:36:01.345704213,T,99.97,200,100.01,100,TGT
2025-12-18,9:36:01.345704213,T,99.99,100,100.01,100,TGT
2025-12-18,9:36:01.345709080,T,99.97,200,100.01,100,TGT
2025-12-18,9:36:01.345709080,T,99.97,100,100.01,100,TGT
2025-12-18,9:36:01.345709080,T,99.97,100,100.01,200,TGT
2025-12-18,9:36:01.345709080,T,99.97,200,100.01,200,TGT
2025-12-18,9:36:01.345709080,T,99.97,200,100.0,100,TGT
2025-12-18,9:36:01.345709080,T,99.98,100,100.0,100,TGT
2025-12-18,9:36:01.345939473,T,99.98,100,100.0,200,TGT
2025-12-18,9:36:01.345944448,T,99.97,200,100.0,200,TGT
2025-12-18,9:36:01.345944448,T,99.97,200,100.0,300,TGT
2025-12-18,9:36:01.345944448,T,99.98,100,100.0,300,TGT
2025-12-18,9:36:01.345950365,T,99.98,100,99.99,100,TGT
2025-12-18,9:36:01.345954843,T,99.98,100,99.99,200,TGT
2025-12-18,9:36:01.345954843,T,99.98,100,99.99,100,TGT
2025-12-18,9:36:01.345954843,T,99.98,100,99.99,200,TGT
2025-12-18,9:36:01.345954843,T,99.97,200,99.99,200,TGT
2025-12-18,9:36:01.345954843,T,99.97,200,99.99,100,TGT
2025-12-18,9:36:01.345954843,T,99.97,200,99.99,200,TGT
2025-12-18,9:36:01.345959718,T,99.97,200,99.99,100,TGT
2025-12-18,9:36:01.345959718,T,99.97,200,100.01,200,TGT
2025-12-18,9:36:01.345959718,T,99.97,200,100.01,100,TGT
2025-12-18,9:36:01.345959718,T,99.98,100,100.01,100,TGT
2025-12-18,9:36:01.346094883,T,99.99,100,100.01,100,TGT
2025-12-18,9:36:01.346094883,T,99.99,200,100.01,100,TGT
2025-12-18,9:36:01.346094883,T,99.99,100,100.01,100,TGT
2025-12-18,9:36:01.346094883,T,99.98,100,100.01,100,TGT
2025-12-18,9:36:01.346159930,T,99.98,100,100.01,200,TGT
2025-12-18,9:36:01.346169918,T,99.98,100,100.01,100,TGT
2025-12-18,9:36:01.346174937,T,99.98,100,100.01,200,TGT
2025-12-18,9:36:01.346184965,T,99.98,200,100.01,200,TGT
2025-12-18,9:36:01.346230097,T,99.98,200,100.01,100,TGT
2025-12-18,9:36:01.346245148,T,99.98,100,100.01,100,TGT
2025-12-18,9:36:01.346245148,T,99.99,100,100.01,100,TGT
2025-12-18,9:36:01.346356052,T,99.98,100,100.01,100,TGT
2025-12-18,9:36:01.346385745,T,99.98,100,100.0,100,TGT
2025-12-18,9:36:01.346420687,T,99.98,100,100.01,200,TGT
2025-12-18,9:36:01.346425858,T,99.97,100,100.01,200,TGT
2025-12-18,9:36:01.346441309,T,99.97,100,100.01,100,TGT
2025-12-18,9:36:01.346591052,T,99.98,100,100.01,100,TGT
2025-12-18,9:36:01.346621132,T,99.97,100,100.01,100,TGT
2025-12-18,9:36:01.346641226,T,99.97,100,99.99,100,TGT
2025-12-18,9:36:01.346666076,T,99.97,100,100.01,200,TGT
2025-12-18,9:36:01.346716449,T,99.97,100,100.01,100,TGT
2025-12-18,9:36:01.346746641,T,99.99,100,100.01,100,TGT
2025-12-18,9:36:01.346771349,T,99.98,100,100.01,100,TGT
2025-12-18,9:36:01.346786510,T,99.97,100,100.01,100,TGT
2025-12-18,9:36:01.346816481,T,99.99,100,100.01,100,TGT
2025-12-18,9:36:01.346861588,T,99.97,100,100.01,100,TGT
2025-12-18,9:36:01.346961808,T,99.99,100,100.01,100,TGT
2025-12-18,9:36:01.346991919,T,99.97,100,100.01,100,TGT
2025-12-18,9:36:01.347237448,T,99.99,100,100.01,100,TGT
2025-12-18,9:36:01.347388103,T,99.97,100,100.01,100,TGT
2025-12-18,9:36:01.347388103,T,100.0,100,100.01,100,TGT
2025-12-18,9:36:01.347427952,T,99.97,100,100.01,100,TGT
2025-12-18,9:36:01.347533179,T,99.97,100,100.01,200,TGT
2025-12-18,9:36:01.347553239,T,99.99,100,100.01,200,TGT
2025-12-18,9:36:01.347593458,T,99.97,100,100.01,200,TGT
2025-12-18,9:36:01.347613314,T,99.97,100,100.0,100,TGT
2025-12-18,9:36:01.347808821,T,99.97,100,100.01,200,TGT
2025-12-18,9:36:01.347829103,T,99.97,100,100.01,100,TGT
2025-12-18,9:36:01.347843888,T,99.98,100,100.01,100,TGT
2025-12-18,9:36:01.347859289,T,99.98,100,100.01,200,TGT
2025-12-18,9:36:01.347884055,T,99.98,100,100.01,100,TGT
2025-12-18,9:36:01.347909027,T,99.99,100,100.01,100,TGT
2025-12-18,9:36:01.347939159,T,100.0,100,100.01,100,TGT
2025-12-18,9:36:01.347959211,T,99.98,100,100.01,100,TGT
2025-12-18,9:36:01.347999318,T,100.0,100,100.01,100,TGT
2025-12-18,9:36:01.348069424,T,99.98,100,100.01,100,TGT
2025-12-18,9:36:01.348129609,T,99.99,100,100.01,100,TGT
2025-12-18,9:36:01.348164674,T,100.0,100,100.01,100,TGT
2025-12-18,9:36:01.348756437,T,100.0,100,100.04,100,TGT
2025-12-18,9:36:01.348756437,T,100.0,100,100.05,500,TGT
2025-12-18,9:36:01.348776100,T,100.0,200,100.05,500,TGT
2025-12-18,9:36:01.348786206,T,100.0,100,100.05,500,TGT
2025-12-18,9:36:01.348806166,T,99.99,100,100.05,500,TGT
2025-12-18,9:36:01.348811289,T,99.99,100,100.01,100,TGT
2025-12-18,9:36:01.349448012,T,99.99,100,100.05,500,TGT
2025-12-18,9:36:01.382391242,T,99.99,200,100.05,500,TGT
2025-12-18,9:36:01.382807194,T,99.99,100,100.05,500,TGT
2025-12-18,9:36:01.393327295,T,99.96,100,100.05,500,TGT
2025-12-18,9:36:01.403616745,T,99.99,100,100.05,500,TGT
2025-12-18,9:36:01.403837347,T,99.99,200,100.05,500,TGT
2025-12-18,9:36:01.404087910,T,99.99,100,100.05,500,TGT
2025-12-18,9:36:01.413926352,T,99.99,200,100.05,500,TGT
2025-12-18,9:36:01.456648135,T,99.99,200,100.14,500,TGT
2025-12-18,9:36:01.456663286,T,100.04,100,100.14,500,TGT
2025-12-18,9:36:01.456698294,T,100.0,200,100.14,500,TGT
2025-12-18,9:36:01.456718336,T,100.0,100,100.14,500,TGT
2025-12-18,9:36:01.456728428,T,100.0,100,100.07,100,TGT
2025-12-18,9:36:01.456753353,T,100.0,200,100.07,100,TGT
2025-12-18,9:36:01.456888869,T,100.04,100,100.07,100,TGT
2025-12-18,9:36:01.456923808,T,100.0,200,100.07,100,TGT
2025-12-18,9:36:01.456944441,T,100.0,200,100.06,100,TGT
2025-12-18,9:36:01.457179369,T,100.0,300,100.06,100,TGT
2025-12-18,9:36:01.458056482,T,100.0,300,100.14,500,TGT
2025-12-18,9:36:01.458277066,T,100.0,200,100.14,500,TGT
2025-12-18,9:36:01.458302284,T,100.0,100,100.14,500,TGT
2025-12-18,9:36:01.458552653,T,100.02,100,100.14,500,TGT
2025-12-18,9:36:01.920623398,T,100.02,200,100.14,500,TGT
2025-12-18,9:36:02.095845949,T,100.02,100,100.14,500,TGT
2025-12-18,9:36:02.098186478,T,100.02,200,100.14,500,TGT
2025-12-18,9:36:02.373131592,T,100.02,500,100.14,500,TGT
2025-12-18,9:36:02.373437310,T,100.02,600,100.14,500,TGT
2025-12-18,9:36:02.373462371,T,100.02,200,100.14,500,TGT
2025-12-18,9:36:02.373487402,T,100.03,400,100.14,500,TGT
2025-12-18,9:36:02.373727951,T,100.03,300,100.14,500,TGT
2025-12-18,9:36:02.578245166,T,100.03,300,100.14,300,TGT
2025-12-18,9:36:03.635899708,T,100.04,100,100.14,300,TGT
2025-12-18,9:36:03.635939968,T,100.04,400,100.14,300,TGT
2025-12-18,9:36:03.772008992,T,100.04,400,100.12,100,TGT
2025-12-18,9:36:03.792327415,T,100.04,400,100.08,200,TGT
2025-12-18,9:36:05.625484792,T,100.04,100,100.08,200,TGT
2025-12-18,9:36:05.625509806,T,100.07,300,100.08,200,TGT
2025-12-18,9:36:05.625534847,T,100.04,100,100.08,200,TGT
2025-12-18,9:36:05.625560153,T,100.04,100,100.07,100,TGT
2025-12-18,9:36:05.625594934,T,100.04,100,100.08,200,TGT
2025-12-18,9:36:05.625615035,T,100.05,100,100.08,200,TGT
2025-12-18,9:36:05.626171318,T,100.04,200,100.08,200,TGT
2025-12-18,9:36:05.626271851,T,100.04,200,100.07,100,TGT
2025-12-18,9:36:05.626316753,T,100.04,200,100.07,200,TGT
2025-12-18,9:36:05.626983346,T,100.04,300,100.07,200,TGT
2025-12-18,9:36:05.627304074,T,100.04,300,100.07,100,TGT
2025-12-18,9:36:05.790272257,T,100.04,200,100.07,100,TGT
2025-12-18,9:36:06.349544597,T,100.04,200,100.08,200,TGT
2025-12-18,9:36:06.349639850,T,100.04,200,100.07,100,TGT
2025-12-18,9:36:06.349790203,T,100.04,200,100.08,200,TGT
2025-12-18,9:36:06.349815411,T,100.05,100,100.08,200,TGT
2025-12-18,9:36:06.350336493,T,100.05,100,100.12,100,TGT
2025-12-18,9:36:06.350351559,T,100.07,100,100.12,100,TGT
2025-12-18,9:36:06.350677520,T,100.07,100,100.14,400,TGT
2025-12-18,9:36:06.350682261,T,100.07,100,100.14,300,TGT
2025-12-18,9:36:06.350972976,T,100.09,100,100.14,300,TGT
2025-12-18,9:36:06.351223613,T,100.09,200,100.14,300,TGT
2025-12-18,9:36:06.351529281,T,100.09,100,100.14,300,TGT
2025-12-18,9:36:06.351769961,T,100.09,200,100.14,300,TGT
2025-12-18,9:36:06.356165325,T,100.11,100,100.14,300,TGT
2025-12-18,9:36:06.356576397,T,100.11,200,100.14,300,TGT
2025-12-18,9:36:06.356721760,T,100.11,100,100.14,300,TGT
2025-12-18,9:36:06.356752059,T,100.11,100,100.14,100,TGT
2025-12-18,9:36:06.356752059,T,100.11,100,100.17,100,TGT
2025-12-18,9:36:06.356752059,T,100.11,100,100.18,100,TGT
2025-12-18,9:36:06.356771824,T,100.13,100,100.18,100,TGT
2025-12-18,9:36:06.357839338,T,100.11,100,100.18,100,TGT
2025-12-18,9:36:06.653062616,T,100.11,200,100.18,100,TGT
2025-12-18,9:36:06.653283143,T,100.11,100,100.18,100,TGT
2025-12-18,9:36:08.076989971,T,100.11,100,100.19,100,TGT
2025-12-18,9:36:09.427908314,T,100.13,100,100.19,100,TGT
2025-12-18,9:36:09.586701716,T,100.11,100,100.19,100,TGT
2025-12-18,9:36:09.586721619,T,100.11,100,100.17,100,TGT
2025-12-18,9:36:09.586726631,T,100.11,100,100.15,100,TGT
2025-12-18,9:36:09.586826778,T,100.11,100,100.15,200,TGT
2025-12-18,9:36:09.587117528,T,100.11,100,100.15,300,TGT
2025-12-18,9:36:09.587282956,T,100.11,100,100.15,200,TGT
2025-12-18,9:36:09.598629952,T,100.11,200,100.15,200,TGT
2025-12-18,9:36:09.676309945,T,100.11,200,100.15,100,TGT
2025-12-18,9:36:13.534296105,T,100.11,200,100.14,100,TGT
2025-12-18,9:36:14.275928030,T,100.11,100,100.14,100,TGT
2025-12-18,9:36:14.277130843,T,100.11,100,100.15,100,TGT
2025-12-18,9:36:15.047350771,T,100.11,100,100.14,100,TGT
2025-12-18,9:36:15.658717382,T,100.11,400,100.14,100,TGT
2025-12-18,9:36:15.660581791,T,100.11,400,100.15,100,TGT
2025-12-18,9:36:16.038832932,T,100.11,400,100.14,100,TGT
2025-12-18,9:36:16.865497171,T,100.11,400,100.15,100,TGT
2025-12-18,9:36:17.193443437,T,100.11,400,100.14,100,TGT
2025-12-18,9:36:17.576145223,T,100.11,300,100.14,100,TGT
2025-12-18,9:36:17.576145223,T,100.09,200,100.14,100,TGT
2025-12-18,9:36:17.576195271,T,100.09,200,100.12,100,TGT
2025-12-18,9:36:17.576596303,T,100.09,200,100.12,200,TGT
2025-12-18,9:36:17.576671404,T,100.09,200,100.12,300,TGT
2025-12-18,9:36:17.576841831,T,100.02,100,100.12,300,TGT
2025-12-18,9:36:17.576862148,T,100.02,100,100.11,100,TGT
2025-12-18,9:36:17.576866958,T,100.02,100,100.11,200,TGT
2025-12-18,9:36:17.576876908,T,100.02,100,100.11,300,TGT
2025-12-18,9:36:17.577242816,T,100.02,100,100.11,400,TGT
2025-12-18,9:36:17.577383195,T,100.02,100,100.11,300,TGT
2025-12-18,9:36:17.578165003,T,100.02,100,100.11,200,TGT
2025-12-18,9:36:17.638328294,T,100.02,100,100.11,100,TGT
2025-12-18,9:36:18.801008316,T,100.02,100,100.12,100,TGT
2025-12-18,9:36:20.364292822,T,100.02,100,100.09,100,TGT
2025-12-18,9:36:20.364322829,T,100.02,100,100.09,200,TGT
2025-12-18,9:36:20.364698721,T,100.04,200,100.09,200,TGT
2025-12-18,9:36:20.364723813,T,100.04,200,100.09,100,TGT
2025-12-18,9:36:20.364839105,T,100.04,300,100.09,100,TGT
2025-12-18,9:36:20.369670631,T,100.04,300,100.12,200,TGT
2025-12-18,9:36:20.369690653,T,100.04,300,100.12,100,TGT
2025-12-18,9:36:20.369785867,T,100.04,300,100.11,100,TGT
2025-12-18,9:36:20.369790891,T,100.04,300,100.09,100,TGT
2025-12-18,9:36:20.369795950,T,100.04,300,100.09,200,TGT
2025-12-18,9:36:20.369800938,T,100.04,300,100.07,100,TGT
2025-12-18,9:36:20.369861052,T,100.04,300,100.07,200,TGT
2025-12-18,9:36:20.370197460,T,100.04,100,100.07,200,TGT
2025-12-18,9:36:20.370202068,T,100.02,100,100.07,200,TGT
2025-12-18,9:36:20.370242022,T,100.02,100,100.06,100,TGT
2025-12-18,9:36:20.577235088,T,100.03,100,100.06,100,TGT
2025-12-18,9:36:21.018240669,T,100.03,100,100.07,100,TGT
2025-12-18,9:36:21.020355781,T,100.03,100,100.08,100,TGT
2025-12-18,9:36:24.994032350,T,100.02,100,100.08,100,TGT
2025-12-18,9:36:24.994052390,T,100.02,100,100.06,100,TGT
2025-12-18,9:36:24.994117568,T,100.02,100,100.06,200,TGT
2025-12-18,9:36:24.994272982,T,99.99,200,100.06,200,TGT
2025-12-18,9:36:24.994282927,T,100.02,100,100.06,200,TGT
2025-12-18,9:36:24.994604044,T,100.02,100,100.06,100,TGT
2025-12-18,9:36:25.073942714,T,100.02,200,100.06,100,TGT
2025-12-18,9:36:26.208049639,T,100.02,200,100.08,100,TGT
2025-12-18,9:36:26.228784010,T,100.02,200,100.07,100,TGT
2025-12-18,9:36:26.229540929,T,100.02,200,100.08,100,TGT
2025-12-18,9:36:26.229781435,T,100.02,200,100.07,100,TGT
2025-12-18,9:36:26.230297654,T,100.02,200,100.08,100,TGT
2025-12-18,9:36:26.230563348,T,100.02,200,100.07,100,TGT
2025-12-18,9:36:26.231079490,T,100.02,200,100.08,100,TGT
2025-12-18,9:36:26.231345192,T,100.02,200,100.07,100,TGT
2025-12-18,9:36:26.231781201,T,100.02,200,100.08,100,TGT
2025-12-18,9:36:26.231886443,T,100.02,200,100.07,100,TGT
2025-12-18,9:36:26.232533029,T,100.02,200,100.08,100,TGT
2025-12-18,9:36:26.232693419,T,100.02,200,100.07,100,TGT
2025-12-18,9:36:26.233189548,T,100.02,200,100.08,100,TGT
2025-12-18,9:36:26.233480265,T,100.02,200,100.07,100,TGT
2025-12-18,9:36:26.233951405,T,100.02,200,100.08,100,TGT
2025-12-18,9:36:32.239358354,T,100.03,100,100.08,100,TGT
2025-12-18,9:36:32.241683913,T,100.03,100,100.11,100,TGT
2025-12-18,9:36:32.241708979,T,100.05,100,100.11,100,TGT
2025-12-18,9:36:32.241889429,T,100.05,100,100.17,100,TGT
2025-12-18,9:36:32.242095196,T,100.05,200,100.17,100,TGT
2025-12-18,9:36:32.242129929,T,100.05,200,100.18,100,TGT
2025-12-18,9:36:32.242265330,T,100.05,100,100.18,100,TGT
2025-12-18,9:36:32.242470708,T,100.06,100,100.18,100,TGT
2025-12-18,9:36:32.242987006,T,100.05,100,100.18,100,TGT
2025-12-18,9:36:32.243257611,T,100.06,100,100.18,100,TGT
2025-12-18,9:36:32.243728757,T,100.05,100,100.18,100,TGT
2025-12-18,9:36:32.244024490,T,100.06,100,100.18,100,TGT
2025-12-18,9:36:32.244375268,T,100.05,100,100.18,100,TGT
2025-12-18,9:36:32.244505656,T,100.06,100,100.18,100,TGT
2025-12-18,9:36:32.245117091,T,100.05,100,100.18,100,TGT
2025-12-18,9:36:32.245282410,T,100.06,100,100.18,100,TGT
