DATE,TIME_M,EX,BID,BIDSIZ,ASK,ASKSIZ,SYM_ROOT
2025-10-29,9:30:00.526575990,T,96.5,100,97.0,600,TGT
2025-10-29,9:30:00.526595958,T,96.5,100,96.91,100,TGT
2025-10-29,9:30:00.526600988,T,96.5,100,96.79,100,TGT
2025-10-29,9:30:00.526636051,T,96.5,100,96.9,100,TGT
2025-10-29,9:30:00.546618623,T,96.5,100,97.0,600,TGT
2025-10-29,9:30:01.403089439,T,96.5,100,96.98,100,TGT
2025-10-29,9:30:01.406061708,T,96.5,200,96.98,100,TGT
2025-10-29,9:30:01.504611347,T,96.5,200,97.0,600,TGT
2025-10-29,9:30:01.506841662,T,96.5,200,96.9,100,TGT
2025-10-29,9:30:01.923589512,T,96.5,200,96.81,100,TGT
2025-10-29,9:30:01.941843048,T,96.5,200,96.78,100,TGT
2025-10-29,9:30:02.479298296,T,96.5,200,96.73,100,TGT
2025-10-29,9:30:02.479719353,T,96.5,200,96.73,200,TGT
2025-10-29,9:30:02.494960606,T,96.5,200,96.73,100,TGT
2025-10-29,9:30:03.451409271,T,96.5,200,96.67,100,TGT
2025-10-29,9:30:03.451409271,T,96.5,200,96.63,100,TGT
2025-10-29,9:30:03.451439203,T,96.5,200,96.67,100,TGT
2025-10-29,9:30:03.451454270,T,96.5,200,96.63,100,TGT
2025-10-29,9:30:03.451584494,T,96.5,200,96.67,100,TGT
2025-10-29,9:30:03.451689758,T,96.5,200,96.62,100,TGT
2025-10-29,9:30:03.451970985,T,96.5,100,96.62,100,TGT
2025-10-29,9:30:03.451995548,T,96.49,200,96.62,100,TGT
2025-10-29,9:30:03.452015674,T,96.49,200,96.58,100,TGT
2025-10-29,9:30:03.452020517,T,96.49,200,96.51,100,TGT
2025-10-29,9:30:03.452190923,T,96.34,500,96.51,100,TGT
2025-10-29,9:30:03.452321517,T,96.34,500,96.5,100,TGT
2025-10-29,9:30:03.452536756,T,96.34,500,96.56,100,TGT
2025-10-29,9:30:03.452917725,T,96.34,500,96.5,100,TGT
2025-10-29,9:30:03.452947826,T,96.34,500,96.56,200,TGT
2025-10-29,9:30:03.452957774,T,96.34,500,96.56,100,TGT
2025-10-29,9:30:03.453323679,T,96.34,500,96.49,100,TGT
2025-10-29,9:30:03.462570705,T,96.34,500,96.49,200,TGT
2025-10-29,9:30:03.710321005,T,96.34,500,96.49,300,TGT
2025-10-29,9:30:03.976149177,T,96.34,500,96.49,200,TGT
2025-10-29,9:30:04.114142864,T,96.34,400,96.49,200,TGT
2025-10-29,9:30:04.195306233,T,96.34,400,96.49,100,TGT
2025-10-29,9:30:06.729964635,T,96.34,400,96.78,100,TGT
2025-10-29,9:30:10.080647690,T,96.34,100,96.78,100,TGT
2025-10-29,9:30:10.080647690,T,96.33,100,96.78,100,TGT
2025-10-29,9:30:10.080667362,T,96.31,100,96.78,100,TGT
2025-10-29,9:30:10.080677373,T,96.27,100,96.78,100,TGT
2025-10-29,9:30:10.080712369,T,96.27,100,96.45,100,TGT
2025-10-29,9:30:10.080722389,T,96.27,100,96.38,100,TGT
2025-10-29,9:30:10.080998058,T,96.31,100,96.38,100,TGT
2025-10-29,9:30:10.081038183,T,96.31,200,96.38,100,TGT
2025-10-29,9:30:10.081258672,T,96.31,300,96.38,100,TGT
2025-10-29,9:30:10.081980466,T,96.31,300,96.47,100,TGT
2025-10-29,9:30:10.102509305,T,96.31,300,96.78,100,TGT
2025-10-29,9:30:10.142424374,T,96.31,200,96.78,100,TGT
2025-10-29,9:30:10.142429571,T,96.32,100,96.78,100,TGT
2025-10-29,9:30:10.142429571,T,96.32,200,96.78,100,TGT
2025-10-29,9:30:10.142449489,T,96.32,300,96.78,100,TGT
2025-10-29,9:30:10.142659979,T,96.32,400,96.78,100,TGT
2025-10-29,9:30:10.396589903,T,96.32,300,96.78,100,TGT
2025-10-29,9:30:10.396820451,T,96.32,200,96.78,100,TGT
2025-10-29,9:30:10.431127293,T,96.32,100,96.78,100,TGT
2025-10-29,9:30:10.431162349,T,96.32,100,96.47,100,TGT
2025-10-29,9:30:10.431593389,T,96.32,100,96.78,100,TGT
2025-10-29,9:30:10.534698954,T,96.27,100,96.78,100,TGT
2025-10-29,9:30:10.534719023,T,96.27,100,96.44,100,TGT
2025-10-29,9:30:10.534724027,T,96.27,100,96.4,100,TGT
2025-10-29,9:30:10.534749138,T,96.27,100,96.44,100,TGT
2025-10-29,9:30:10.534824254,T,96.27,100,96.4,100,TGT
2025-10-29,9:30:10.541750759,T,96.27,100,96.44,200,TGT
2025-10-29,9:30:10.552747028,T,96.27,100,96.44,100,TGT
2025-10-29,9:30:10.554716651,T,96.27,100,96.47,100,TGT
2025-10-29,9:30:10.554741756,T,96.27,100,96.78,100,TGT
2025-10-29,9:30:10.585540068,T,96.27,100,96.47,100,TGT
2025-10-29,9:30:10.585545180,T,96.27,100,96.38,100,TGT
2025-10-29,9:30:10.585560152,T,96.27,100,96.47,100,TGT
2025-10-29,9:30:10.585565223,T,96.27,100,96.78,100,TGT
2025-10-29,9:30:11.857765923,T,96.27,100,96.47,100,TGT
2025-10-29,9:30:11.857851193,T,96.27,100,96.78,100,TGT
2025-10-29,9:30:13.460915456,T,96.0,500,96.78,100,TGT
2025-10-29,9:30:13.462905304,T,96.27,100,96.78,100,TGT
2025-10-29,9:30:13.793106718,T,96.0,500,96.78,100,TGT
2025-10-29,9:30:14.079559177,T,96.01,100,96.78,100,TGT
2025-10-29,9:30:14.826523635,T,96.01,100,96.47,100,TGT
2025-10-29,9:30:15.005344621,T,96.01,100,96.44,100,TGT
2025-10-29,9:30:15.187839743,T,96.0,500,96.44,100,TGT
2025-10-29,9:30:15.187869484,T,96.0,500,96.42,100,TGT
2025-10-29,9:30:15.187894554,T,96.0,500,96.44,100,TGT
2025-10-29,9:30:15.187894554,T,96.0,500,96.37,100,TGT
2025-10-29,9:30:15.188130018,T,96.0,500,96.44,100,TGT
2025-10-29,9:30:15.388843337,T,96.0,500,96.47,100,TGT
2025-10-29,9:30:15.388843337,T,96.0,500,96.44,100,TGT
2025-10-29,9:30:15.388893386,T,96.0,500,96.27,100,TGT
2025-10-29,9:30:15.389264272,T,96.0,500,96.44,100,TGT
2025-10-29,9:30:15.389264272,T,96.0,500,96.47,100,TGT
2025-10-29,9:30:15.389289337,T,96.01,100,96.47,100,TGT
2025-10-29,9:30:15.389364489,T,96.01,100,96.44,100,TGT
2025-10-29,9:30:15.389444682,T,96.01,100,96.47,100,TGT
2025-10-29,9:30:15.389509784,T,96.0,500,96.47,100,TGT
2025-10-29,9:30:15.389569940,T,96.13,200,96.47,100,TGT
2025-10-29,9:30:15.389600236,T,96.13,200,96.44,100,TGT
2025-10-29,9:30:15.389810509,T,96.13,200,96.47,100,TGT
2025-10-29,9:30:15.389865663,T,96.0,500,96.47,100,TGT
2025-10-29,9:30:15.389890769,T,96.14,200,96.47,100,TGT
2025-10-29,9:30:18.282076016,T,96.14,200,96.44,100,TGT
2025-10-29,9:30:18.282692513,T,96.14,200,96.47,100,TGT
2025-10-29,9:30:21.005985457,T,96.14,500,96.47,100,TGT
2025-10-29,9:30:21.006772351,T,96.14,200,96.47,100,TGT
2025-10-29,9:30:21.008376145,T,96.14,200,96.78,100,TGT
2025-10-29,9:30:21.010987415,T,96.14,200,96.47,100,TGT
2025-10-29,9:30:21.467885839,T,96.14,200,96.78,100,TGT
2025-10-29,9:30:22.415939438,T,96.14,200,96.36,100,TGT
2025-10-29,9:30:23.600907359,T,96.14,300,96.36,100,TGT
2025-10-29,9:30:23.600927421,T,96.14,100,96.36,100,TGT
2025-10-29,9:30:23.600942436,T,96.15,100,96.36,100,TGT
2025-10-29,9:30:23.600957488,T,96.15,300,96.36,100,TGT
2025-10-29,9:30:23.600987511,T,96.15,300,96.4,100,TGT
2025-10-29,9:30:23.601213103,T,96.15,100,96.4,100,TGT
2025-10-29,9:30:23.601238125,T,96.25,200,96.4,100,TGT
2025-10-29,9:30:23.602446094,T,96.25,500,96.4,100,TGT
2025-10-29,9:30:23.603002312,T,96.25,500,96.78,100,TGT
2025-10-29,9:30:23.605307898,T,96.25,300,96.78,100,TGT
2025-10-29,9:30:23.605312837,T,96.25,400,96.78,100,TGT
2025-10-29,9:30:23.605312837,T,96.3,100,96.78,100,TGT
2025-10-29,9:30:23.605317830,T,96.3,100,96.9,100,TGT
2025-10-29,9:30:23.605332949,T,96.36,200,96.9,100,TGT
2025-10-29,9:30:23.605353007,T,96.25,300,96.9,100,TGT
2025-10-29,9:30:23.605393033,T,96.25,300,96.59,100,TGT
2025-10-29,9:30:23.605824051,T,96.25,300,96.9,100,TGT
2025-10-29,9:30:23.614655180,T,96.25,400,96.9,100,TGT
2025-10-29,9:30:24.132568915,T,96.25,500,96.9,100,TGT
2025-10-29,9:30:24.132568915,T,96.32,100,96.9,100,TGT
2025-10-29,9:30:24.132573940,T,96.32,100,96.78,100,TGT
2025-10-29,9:30:24.133015028,T,96.32,200,96.78,100,TGT
2025-10-29,9:30:24.133355862,T,96.32,500,96.78,100,TGT
2025-10-29,9:30:24.688408138,T,96.32,500,96.9,100,TGT
2025-10-29,9:30:24.737946266,T,96.32,500,96.78,100,TGT
2025-10-29,9:30:25.160908884,T,96.32,500,96.9,100,TGT
2025-10-29,9:30:26.005335696,T,96.32,400,96.9,100,TGT
2025-10-29,9:30:26.006934467,T,96.32,100,96.9,100,TGT
2025-10-29,9:30:26.862693270,T,96.32,100,96.78,100,TGT
2025-10-29,9:30:28.997343968,T,96.32,200,96.78,100,TGT
2025-10-29,9:30:28.997960074,T,96.33,100,96.78,100,TGT
2025-10-29,9:30:28.998401090,T,96.33,200,96.78,100,TGT
2025-10-29,9:30:29.297704232,T,96.33,100,96.78,100,TGT
2025-10-29,9:30:35.951360791,T,96.34,100,96.78,100,TGT
2025-10-29,9:30:36.104671038,T,96.24,100,96.78,100,TGT
2025-10-29,9:30:36.104691131,T,96.34,100,96.78,100,TGT
2025-10-29,9:30:36.173790783,T,96.32,100,96.78,100,TGT
2025-10-29,9:30:36.232044591,T,96.32,200,96.78,100,TGT
2025-10-29,9:30:36.949508745,T,96.32,100,96.78,100,TGT
2025-10-29,9:30:36.950310651,T,96.32,400,96.78,100,TGT
2025-10-29,9:30:36.950336091,T,96.33,100,96.78,100,TGT
2025-10-29,9:30:36.960389716,T,96.33,200,96.78,100,TGT
2025-10-29,9:30:37.486558209,T,96.33,100,96.78,100,TGT
2025-10-29,9:30:37.487375160,T,96.34,100,96.78,100,TGT
2025-10-29,9:30:37.488096904,T,96.34,200,96.78,100,TGT
2025-10-29,9:30:37.946107993,T,96.34,100,96.78,100,TGT
2025-10-29,9:30:37.946854772,T,96.35,100,96.78,100,TGT
2025-10-29,9:30:37.947576390,T,96.35,200,96.78,100,TGT
2025-10-29,9:30:39.814068113,T,96.35,100,96.78,100,TGT
2025-10-29,9:30:39.866899082,T,96.36,100,96.78,100,TGT
2025-10-29,9:30:39.867585647,T,96.36,200,96.78,100,TGT
2025-10-29,9:30:40.519198092,T,96.36,100,96.78,100,TGT
2025-10-29,9:30:41.297853118,T,96.32,100,96.78,100,TGT
2025-10-29,9:30:44.184189424,T,96.32,100,96.9,100,TGT
2025-10-29,9:30:44.184204436,T,96.51,100,96.9,100,TGT
2025-10-29,9:30:44.184209460,T,96.52,100,96.9,100,TGT
2025-10-29,9:30:44.184254649,T,96.51,300,96.9,100,TGT
2025-10-29,9:30:44.184525249,T,96.51,400,96.9,100,TGT
2025-10-29,9:30:44.191236245,T,96.51,300,96.9,100,TGT
2025-10-29,9:30:44.191562011,T,96.52,100,96.9,100,TGT
2025-10-29,9:30:44.192098404,T,96.51,300,96.9,100,TGT
2025-10-29,9:30:44.192338925,T,96.52,100,96.9,100,TGT
2025-10-29,9:30:44.197140375,T,96.52,200,96.9,100,TGT
2025-10-29,9:30:54.407725762,T,96.52,500,96.9,100,TGT
2025-10-29,9:30:54.979262336,T,96.52,200,96.9,100,TGT
2025-10-29,9:31:00.006223306,T,96.52,200,96.73,100,TGT
2025-10-29,9:31:00.006228295,T,96.52,200,96.9,100,TGT
2025-10-29,9:31:00.862112355,T,96.52,200,96.92,100,TGT
2025-10-29,9:31:00.862162504,T,96.52,200,96.9,100,TGT
2025-10-29,9:31:01.997963358,T,96.52,200,96.83,200,TGT
2025-10-29,9:31:03.618478959,T,96.52,300,96.83,200,TGT
2025-10-29,9:31:03.619270914,T,96.52,200,96.83,200,TGT
2025-10-29,9:31:03.625656044,T,96.52,100,96.83,200,TGT
2025-10-29,9:31:09.724545819,T,96.67,100,96.83,200,TGT
2025-10-29,9:31:09.725052219,T,96.67,100,96.8,100,TGT
2025-10-29,9:31:09.725056871,T,96.67,100,96.71,100,TGT
2025-10-29,9:31:09.725081963,T,96.67,100,96.8,100,TGT
2025-10-29,9:31:09.725101971,T,96.67,200,96.8,100,TGT
2025-10-29,9:31:09.725447851,T,96.67,300,96.8,100,TGT
2025-10-29,9:31:09.734840137,T,96.67,300,96.96,200,TGT
2025-10-29,9:31:09.734940366,T,96.67,300,96.96,300,TGT
2025-10-29,9:31:09.734985554,T,96.67,300,96.96,200,TGT
2025-10-29,9:31:09.740197982,T,96.67,200,96.96,200,TGT
2025-10-29,9:31:09.742327965,T,96.67,300,96.96,200,TGT
2025-10-29,9:31:09.824558872,T,96.67,200,96.96,200,TGT
2025-10-29,9:31:11.012454000,T,96.67,200,96.98,100,TGT
2025-10-29,9:31:12.390562223,T,96.67,100,96.98,100,TGT
2025-10-29,9:31:12.390842906,T,96.68,100,96.98,100,TGT
2025-10-29,9:31:12.391053408,T,96.68,200,96.98,100,TGT
2025-10-29,9:31:12.391178729,T,96.68,100,96.98,100,TGT
2025-10-29,9:31:15.127121562,T,96.68,200,96.98,100,TGT
2025-10-29,9:31:15.907214950,T,96.68,200,97.0,800,TGT
2025-10-29,9:31:15.907224908,T,96.68,200,96.99,100,TGT
2025-10-29,9:31:15.907249959,T,96.69,100,96.99,100,TGT
2025-10-29,9:31:15.907365445,T,96.69,100,97.0,800,TGT
2025-10-29,9:31:15.907440459,T,96.7,100,97.0,800,TGT
2025-10-29,9:31:15.907440459,T,96.8,100,97.0,800,TGT
2025-10-29,9:31:15.907475601,T,96.8,100,97.0,700,TGT
2025-10-29,9:31:15.907585838,T,96.84,100,97.0,700,TGT
2025-10-29,9:31:15.907746430,T,96.85,100,97.0,700,TGT
2025-10-29,9:31:15.907751347,T,96.86,100,97.0,700,TGT
2025-10-29,9:31:15.907776648,T,96.85,100,97.0,700,TGT
2025-10-29,9:31:15.907776648,T,96.85,200,97.0,700,TGT
2025-10-29,9:31:15.907806351,T,96.85,300,97.0,700,TGT
2025-10-29,9:31:15.907931687,T,96.85,300,97.0,300,TGT
2025-10-29,9:31:15.907946722,T,96.86,100,97.0,300,TGT
2025-10-29,9:31:15.907991788,T,96.93,100,97.0,300,TGT
2025-10-29,9:31:15.908046960,T,96.93,100,97.0,200,TGT
2025-10-29,9:31:15.908087248,T,96.86,100,97.0,200,TGT
2025-10-29,9:31:15.908097000,T,96.86,100,97.0,100,TGT
2025-10-29,9:31:15.908102076,T,96.86,100,97.08,300,TGT
2025-10-29,9:31:15.908142476,T,96.85,400,97.08,300,TGT
2025-10-29,9:31:15.908182211,T,96.85,400,97.08,200,TGT
2025-10-29,9:31:15.908187245,T,96.86,100,97.08,200,TGT
2025-10-29,9:31:15.908207277,T,96.96,100,97.08,200,TGT
2025-10-29,9:31:15.911018997,T,96.96,100,97.27,100,TGT
2025-10-29,9:31:15.913600106,T,96.96,200,97.27,100,TGT
2025-10-29,9:31:15.936529808,T,96.96,200,97.11,100,TGT
2025-10-29,9:31:15.956692828,T,96.96,200,97.27,100,TGT
2025-10-29,9:31:16.008230661,T,96.96,100,97.27,100,TGT
2025-10-29,9:31:16.523308291,T,96.85,200,97.27,100,TGT
2025-10-29,9:31:16.523312988,T,96.85,100,97.27,100,TGT
2025-10-29,9:31:16.523312988,T,96.85,100,97.11,100,TGT
2025-10-29,9:31:16.523323109,T,96.85,100,97.07,100,TGT
2025-10-29,9:31:16.523332997,T,96.85,100,96.96,100,TGT
2025-10-29,9:31:16.523368033,T,96.85,100,97.0,100,TGT
2025-10-29,9:31:16.523388183,T,96.93,100,97.0,100,TGT
2025-10-29,9:31:16.523538734,T,96.93,100,97.06,100,TGT
2025-10-29,9:31:16.524169964,T,96.93,200,97.06,100,TGT
2025-10-29,9:31:16.529121762,T,96.93,200,97.1,200,TGT
2025-10-29,9:31:16.533767842,T,96.93,200,97.1,100,TGT
2025-10-29,9:31:16.623346291,T,96.93,200,97.11,100,TGT
2025-10-29,9:31:16.623451483,T,96.93,100,97.11,100,TGT
2025-10-29,9:31:17.501458031,T,96.93,100,97.09,100,TGT
2025-10-29,9:31:19.278942713,T,96.93,300,97.09,100,TGT
2025-10-29,9:31:19.279473981,T,96.93,100,97.09,100,TGT
2025-10-29,9:31:25.131645889,T,96.93,200,97.09,100,TGT
2025-10-29,9:31:25.454896068,T,96.94,100,97.09,100,TGT
2025-10-29,9:31:25.454906029,T,96.97,100,97.09,100,TGT
2025-10-29,9:31:25.455482380,T,96.99,100,97.09,100,TGT
2025-10-29,9:31:25.467270482,T,96.97,200,97.09,100,TGT
2025-10-29,9:31:25.467275596,T,96.97,100,97.09,100,TGT
2025-10-29,9:31:25.467275596,T,96.93,100,97.09,100,TGT
2025-10-29,9:31:25.467295920,T,96.93,100,97.09,200,TGT
2025-10-29,9:31:25.467295920,T,96.93,100,97.08,100,TGT
2025-10-29,9:31:25.467295920,T,96.93,100,97.02,100,TGT
2025-10-29,9:31:25.467310616,T,96.93,200,97.02,100,TGT
2025-10-29,9:31:25.467315676,T,96.93,100,97.02,100,TGT
2025-10-29,9:31:25.467340725,T,96.93,100,97.02,200,TGT
2025-10-29,9:31:25.468052520,T,96.92,100,97.02,200,TGT
2025-10-29,9:31:25.468062433,T,96.85,200,97.02,200,TGT
2025-10-29,9:31:25.468062433,T,96.85,100,97.02,200,TGT
2025-10-29,9:31:25.468097598,T,96.85,100,97.01,100,TGT
2025-10-29,9:31:25.468117505,T,96.85,100,96.98,100,TGT
2025-10-29,9:31:25.468428232,T,96.85,200,96.98,100,TGT
2025-10-29,9:31:25.468448342,T,96.85,200,96.95,100,TGT
2025-10-29,9:31:25.468543497,T,96.85,100,96.95,100,TGT
2025-10-29,9:31:25.468573589,T,96.93,100,96.95,100,TGT
2025-10-29,9:31:25.468573589,T,96.75,300,96.95,100,TGT
2025-10-29,9:31:25.468573589,T,96.75,200,96.95,100,TGT
2025-10-29,9:31:25.468608689,T,96.75,200,96.94,100,TGT
2025-10-29,9:31:25.468628783,T,96.85,100,96.94,100,TGT
2025-10-29,9:31:25.468673829,T,96.85,100,96.95,100,TGT
2025-10-29,9:31:25.468869388,T,96.85,100,96.98,100,TGT
2025-10-29,9:31:25.468924425,T,96.85,100,97.01,100,TGT
2025-10-29,9:31:25.470964326,T,96.85,100,97.0,100,TGT
2025-10-29,9:31:25.470974312,T,96.85,100,96.97,100,TGT
2025-10-29,9:31:25.470979384,T,96.75,200,96.97,100,TGT
2025-10-29,9:31:25.470994395,T,96.75,200,96.93,100,TGT
2025-10-29,9:31:25.471049521,T,96.75,200,97.01,100,TGT
2025-10-29,9:31:25.471214929,T,96.75,200,97.02,200,TGT
2025-10-29,9:31:25.475700587,T,96.69,100,97.02,200,TGT
2025-10-29,9:31:25.475735665,T,96.69,200,97.02,200,TGT
2025-10-29,9:31:25.479644960,T,96.69,100,97.02,200,TGT
2025-10-29,9:31:25.483228599,T,96.69,100,96.93,100,TGT
2025-10-29,9:31:25.701729155,T,96.68,100,96.93,100,TGT
2025-10-29,9:31:25.718343725,T,96.7,100,96.93,100,TGT
2025-10-29,9:31:26.052424579,T,96.68,100,96.93,100,TGT
2025-10-29,9:31:26.052564960,T,96.71,100,96.93,100,TGT
2025-10-29,9:31:27.041280470,T,96.68,100,96.93,100,TGT
2025-10-29,9:31:27.041415819,T,96.72,100,96.93,100,TGT
2025-10-29,9:31:28.746192080,T,96.68,100,96.93,100,TGT
2025-10-29,9:31:28.978450428,T,96.68,100,97.09,100,TGT
2025-10-29,9:31:28.978911557,T,96.73,100,97.09,100,TGT
2025-10-29,9:31:28.978946585,T,96.73,200,97.09,100,TGT
2025-10-29,9:31:35.185117010,T,96.74,100,97.09,100,TGT
2025-10-29,9:31:35.185898918,T,96.73,200,97.09,100,TGT
2025-10-29,9:31:51.176163561,T,96.73,300,97.09,100,TGT
2025-10-29,9:31:51.176168532,T,96.75,100,97.09,100,TGT
2025-10-29,9:31:51.176178551,T,96.83,100,97.09,100,TGT
2025-10-29,9:31:51.176419194,T,96.83,200,97.09,100,TGT
2025-10-29,9:31:51.176534420,T,96.83,200,97.09,200,TGT
2025-10-29,9:31:51.176544446,T,96.83,200,97.09,100,TGT
2025-10-29,9:31:51.176589551,T,96.83,200,97.09,200,TGT
2025-10-29,9:31:51.176754937,T,96.83,100,97.09,200,TGT
2025-10-29,9:31:51.176769979,T,96.75,100,97.09,200,TGT
2025-10-29,9:31:51.178183334,T,96.78,100,97.09,200,TGT
2025-10-29,9:31:51.178218419,T,96.78,200,97.09,200,TGT
2025-10-29,9:31:51.227661280,T,96.78,100,97.09,200,TGT
2025-10-29,9:31:51.521957312,T,96.74,100,97.09,200,TGT
2025-10-29,9:31:51.521982379,T,96.73,300,97.09,200,TGT
2025-10-29,9:31:51.542666747,T,96.73,300,97.08,100,TGT
2025-10-29,9:31:51.762690918,T,96.73,300,97.09,200,TGT
2025-10-29,9:31:51.878782414,T,96.73,300,97.08,100,TGT
2025-10-29,9:31:52.751546693,T,96.73,300,97.09,200,TGT
2025-10-29,9:31:52.834639746,T,96.73,300,97.08,100,TGT
2025-10-29,9:31:53.683386701,T,96.74,100,97.08,100,TGT
2025-10-29,9:31:53.683391699,T,96.79,100,97.08,100,TGT
2025-10-29,9:31:53.683421747,T,96.74,100,97.08,100,TGT
2025-10-29,9:31:53.684980432,T,96.78,100,97.08,100,TGT
2025-10-29,9:31:53.740397453,T,96.78,100,97.09,200,TGT
2025-10-29,9:31:53.808369438,T,96.78,100,97.08,100,TGT
2025-10-29,9:31:54.729253296,T,96.78,100,97.09,200,TGT
2025-10-29,9:31:54.734926883,T,96.78,100,97.08,100,TGT
2025-10-29,9:31:55.718109087,T,96.78,100,97.09,200,TGT
2025-10-29,9:31:55.998066090,T,96.78,100,97.08,100,TGT
2025-10-29,9:31:56.647819060,T,96.73,300,97.08,100,TGT
2025-10-29,9:31:56.652961249,T,96.73,300,97.08,200,TGT
2025-10-29,9:31:56.706814581,T,96.73,300,97.08,100,TGT
2025-10-29,9:32:00.677344160,T,96.74,100,97.08,100,TGT
2025-10-29,9:32:00.717710358,T,96.73,300,97.08,100,TGT
2025-10-29,9:32:01.504549664,T,96.73,300,96.88,100,TGT
2025-10-29,9:32:01.504554669,T,96.73,200,96.88,100,TGT
2025-10-29,9:32:01.504564711,T,96.73,100,96.88,100,TGT
2025-10-29,9:32:01.504589814,T,96.73,100,96.88,200,TGT
2025-10-29,9:32:01.504609772,T,96.73,100,96.83,100,TGT
2025-10-29,9:32:01.505095985,T,96.72,100,96.83,100,TGT
2025-10-29,9:32:01.505106060,T,96.69,100,96.83,100,TGT
2025-10-29,9:32:01.505125996,T,96.68,100,96.83,100,TGT
2025-10-29,9:32:01.505176141,T,96.68,100,96.82,100,TGT
2025-10-29,9:32:01.505201289,T,96.68,100,96.79,100,TGT
2025-10-29,9:32:01.505221284,T,96.68,100,96.75,100,TGT
2025-10-29,9:32:01.505241600,T,96.68,100,96.82,100,TGT
2025-10-29,9:32:01.505266550,T,96.74,100,96.82,100,TGT
2025-10-29,9:32:01.505266550,T,96.74,100,96.88,200,TGT
2025-10-29,9:32:01.505366832,T,96.74,100,96.87,100,TGT
2025-10-29,9:32:01.505391657,T,96.74,100,96.81,100,TGT
2025-10-29,9:32:01.505506999,T,96.74,100,96.88,200,TGT
2025-10-29,9:32:01.505742500,T,96.74,100,96.87,100,TGT
2025-10-29,9:32:01.505757593,T,96.74,100,96.84,100,TGT
2025-10-29,9:32:01.505762510,T,96.74,100,96.81,100,TGT
2025-10-29,9:32:01.506028235,T,96.68,100,96.81,100,TGT
2025-10-29,9:32:01.506965384,T,96.67,100,96.81,100,TGT
2025-10-29,9:32:01.511275667,T,96.58,100,96.81,100,TGT
2025-10-29,9:32:01.516292680,T,96.56,300,96.81,100,TGT
2025-10-29,9:32:01.516317664,T,96.56,200,96.81,100,TGT
2025-10-29,9:32:01.522191651,T,96.56,200,96.84,100,TGT
2025-10-29,9:32:01.712520189,T,96.56,200,96.87,100,TGT
2025-10-29,9:32:04.587098174,T,96.74,200,96.87,100,TGT
2025-10-29,9:32:04.587624483,T,96.56,200,96.87,100,TGT
2025-10-29,9:32:04.588471391,T,96.56,200,96.97,100,TGT
2025-10-29,9:32:04.593939450,T,96.56,200,97.06,100,TGT
2025-10-29,9:32:04.593969518,T,96.56,200,97.08,100,TGT
2025-10-29,9:32:06.337498400,T,96.56,200,97.07,200,TGT
2025-10-29,9:32:06.337528483,T,96.56,200,97.07,300,TGT
2025-10-29,9:32:12.053380663,T,96.56,200,97.06,100,TGT
2025-10-29,9:32:13.842252357,T,96.56,200,97.01,200,TGT
2025-10-29,9:32:17.435753463,T,96.56,200,97.0,100,TGT
2025-10-29,9:32:20.012186425,T,96.58,100,97.0,100,TGT
2025-10-29,9:32:21.517482543,T,96.58,100,97.01,200,TGT
2025-10-29,9:32:21.517853402,T,96.58,100,97.0,100,TGT
2025-10-29,9:32:21.677167998,T,96.58,100,96.87,100,TGT
2025-10-29,9:32:21.677203007,T,96.56,200,96.87,100,TGT
2025-10-29,9:32:25.036957325,T,96.58,100,96.87,100,TGT
2025-10-29,9:32:25.758942342,T,96.58,100,96.92,100,TGT
2025-10-29,9:32:25.758962468,T,96.58,100,97.01,200,TGT
2025-10-29,9:32:25.758967434,T,96.74,100,97.01,200,TGT
2025-10-29,9:32:25.758977756,T,96.74,200,97.01,200,TGT
2025-10-29,9:32:25.758977756,T,96.75,100,97.01,200,TGT
2025-10-29,9:32:25.758987556,T,96.75,200,97.01,200,TGT
2025-10-29,9:32:25.758987556,T,96.83,100,97.01,200,TGT
2025-10-29,9:32:25.760957100,T,96.83,300,97.01,200,TGT
2025-10-29,9:32:25.846556083,T,96.83,300,96.92,100,TGT
2025-10-29,9:32:25.859547041,T,96.83,200,96.92,100,TGT
2025-10-29,9:32:25.907892203,T,96.75,100,96.92,100,TGT
2025-10-29,9:32:26.146460488,T,96.75,100,96.92,200,TGT
2025-10-29,9:32:26.146475550,T,96.75,100,96.91,100,TGT
2025-10-29,9:32:26.146485760,T,96.75,100,96.91,200,TGT
2025-10-29,9:32:26.146495581,T,96.75,100,96.91,100,TGT
2025-10-29,9:32:26.146500552,T,96.75,100,96.87,100,TGT
2025-10-29,9:32:26.146716133,T,96.58,100,96.87,100,TGT
2025-10-29,9:32:26.147573125,T,96.56,300,96.87,100,TGT
2025-10-29,9:32:26.672974923,T,96.56,200,96.87,100,TGT
2025-10-29,9:32:26.673009908,T,96.56,200,96.87,200,TGT
2025-10-29,9:32:26.673015008,T,96.56,200,96.86,100,TGT
2025-10-29,9:32:26.673035022,T,96.56,200,96.81,100,TGT
2025-10-29,9:32:26.673731715,T,96.56,200,96.81,200,TGT
2025-10-29,9:32:26.673736672,T,96.56,200,96.77,100,TGT
2025-10-29,9:32:26.673796801,T,96.56,200,96.81,200,TGT
2025-10-29,9:32:26.673861976,T,96.73,100,96.81,200,TGT
2025-10-29,9:32:26.673987296,T,96.56,200,96.81,200,TGT
2025-10-29,9:32:26.674007312,T,96.56,200,96.81,300,TGT
2025-10-29,9:32:26.674022414,T,96.56,200,96.8,100,TGT
2025-10-29,9:32:26.674037409,T,96.56,200,96.77,100,TGT
2025-10-29,9:32:26.674072490,T,96.58,100,96.77,100,TGT
2025-10-29,9:32:26.685525037,T,96.58,100,96.77,200,TGT
2025-10-29,9:32:26.685735328,T,96.58,100,96.74,100,TGT
2025-10-29,9:32:26.685770374,T,96.58,100,96.77,100,TGT
2025-10-29,9:32:26.953533306,T,96.58,100,96.8,100,TGT
2025-10-29,9:32:28.852567521,T,96.53,100,96.8,100,TGT
2025-10-29,9:32:28.852592599,T,96.53,100,96.64,100,TGT
2025-10-29,9:32:28.852602572,T,96.52,100,96.64,100,TGT
2025-10-29,9:32:28.852602572,T,96.5,100,96.64,100,TGT
2025-10-29,9:32:28.852637658,T,96.5,100,96.64,200,TGT
2025-10-29,9:32:28.853158888,T,96.43,300,96.64,200,TGT
2025-10-29,9:32:28.853178896,T,96.43,200,96.64,200,TGT
2025-10-29,9:32:28.853284166,T,96.34,100,96.64,200,TGT
2025-10-29,9:32:28.853309213,T,96.32,300,96.64,200,TGT
2025-10-29,9:32:28.952645902,T,96.32,300,96.64,100,TGT
2025-10-29,9:32:28.952670963,T,96.32,300,96.78,100,TGT
2025-10-29,9:32:28.954284824,T,96.32,300,96.78,200,TGT
2025-10-29,9:32:29.052839606,T,96.32,300,96.78,100,TGT
2025-10-29,9:32:29.339101577,T,96.32,300,96.77,100,TGT
2025-10-29,9:32:29.339136661,T,96.32,300,96.77,200,TGT
2025-10-29,9:32:29.852990892,T,96.34,100,96.77,200,TGT
2025-10-29,9:32:29.853020990,T,96.34,100,96.77,100,TGT
2025-10-29,9:32:29.853056068,T,96.34,100,96.78,100,TGT
2025-10-29,9:32:29.853101131,T,96.34,100,96.76,100,TGT
2025-10-29,9:32:30.504227449,T,96.34,100,96.75,100,TGT
2025-10-29,9:32:30.504262455,T,96.34,100,96.75,200,TGT
2025-10-29,9:32:31.316748180,T,96.34,100,96.75,100,TGT
2025-10-29,9:32:31.316773286,T,96.34,100,96.76,100,TGT
2025-10-29,9:32:31.506109253,T,96.34,100,96.75,100,TGT
2025-10-29,9:32:31.506149373,T,96.34,100,96.75,200,TGT
2025-10-29,9:32:32.305603926,T,96.34,100,96.75,100,TGT
2025-10-29,9:32:32.305628944,T,96.34,100,96.76,100,TGT
2025-10-29,9:32:32.306430897,T,96.34,100,96.74,100,TGT
2025-10-29,9:32:32.306465994,T,96.34,100,96.74,200,TGT
2025-10-29,9:32:33.034650726,T,96.34,100,96.74,100,TGT
2025-10-29,9:32:33.034675797,T,96.34,100,96.76,100,TGT
2025-10-29,9:32:33.779560517,T,96.34,100,96.75,100,TGT
2025-10-29,9:32:33.779600603,T,96.34,100,96.75,200,TGT
2025-10-29,9:32:34.859773865,T,96.46,100,96.75,200,TGT
2025-10-29,9:32:34.859798870,T,96.46,100,96.75,100,TGT
2025-10-29,9:32:34.859818981,T,96.46,100,96.64,100,TGT
2025-10-29,9:32:34.859818981,T,96.46,100,96.64,200,TGT
2025-10-29,9:32:34.859839022,T,96.46,100,96.63,100,TGT
2025-10-29,9:32:34.859839022,T,96.46,100,96.62,100,TGT
2025-10-29,9:32:34.859844028,T,96.46,100,96.57,100,TGT
2025-10-29,9:32:34.859869040,T,96.46,100,96.62,100,TGT
2025-10-29,9:32:34.859884029,T,96.46,100,96.57,100,TGT
2025-10-29,9:32:34.866900756,T,96.46,100,96.63,100,TGT
2025-10-29,9:32:35.060497011,T,96.46,100,96.64,200,TGT
2025-10-29,9:32:35.110300663,T,96.46,100,96.64,100,TGT
2025-10-29,9:32:35.110325659,T,96.46,100,96.76,100,TGT
2025-10-29,9:32:35.110375774,T,96.46,100,96.65,100,TGT
2025-10-29,9:32:35.359810082,T,96.46,100,96.76,100,TGT
2025-10-29,9:32:35.360356380,T,96.46,100,96.66,100,TGT
2025-10-29,9:32:35.360596981,T,96.32,300,96.66,100,TGT
2025-10-29,9:32:35.361288609,T,96.32,300,96.76,100,TGT
2025-10-29,9:32:35.361499080,T,96.32,300,96.76,200,TGT
2025-10-29,9:32:35.393174620,T,96.32,300,96.75,100,TGT
2025-10-29,9:32:35.430358107,T,96.32,300,96.75,200,TGT
2025-10-29,9:32:36.261137439,T,96.32,300,96.75,100,TGT
2025-10-29,9:32:36.301819227,T,96.32,300,96.75,200,TGT
2025-10-29,9:32:36.808942531,T,96.32,300,96.75,100,TGT
2025-10-29,9:32:36.809583973,T,96.32,300,96.63,100,TGT
2025-10-29,9:32:36.809624083,T,96.32,300,96.63,200,TGT
2025-10-29,9:32:36.809924845,T,96.32,300,96.63,100,TGT
2025-10-29,9:32:36.809944950,T,96.32,300,96.75,100,TGT
2025-10-29,9:32:36.810155348,T,96.46,100,96.75,100,TGT
2025-10-29,9:32:36.812495980,T,96.46,100,96.63,100,TGT
2025-10-29,9:32:36.812531016,T,96.46,100,96.63,200,TGT
2025-10-29,9:32:36.812861797,T,96.46,100,96.63,100,TGT
2025-10-29,9:32:36.812886833,T,96.46,100,96.75,100,TGT
2025-10-29,9:32:36.816761125,T,96.46,100,96.63,100,TGT
2025-10-29,9:32:36.816791212,T,96.46,100,96.63,200,TGT
2025-10-29,9:32:36.957496435,T,96.46,100,96.63,100,TGT
2025-10-29,9:32:36.957526573,T,96.46,100,96.75,100,TGT
2025-10-29,9:32:37.249842937,T,96.46,100,96.76,100,TGT
2025-10-29,9:32:38.860765816,T,96.32,200,96.76,100,TGT
2025-10-29,9:32:38.860770796,T,96.32,200,96.57,100,TGT
2025-10-29,9:32:38.860785770,T,96.32,200,96.52,100,TGT
2025-10-29,9:32:38.860841389,T,96.32,200,96.52,200,TGT
2025-10-29,9:32:38.861186767,T,96.32,200,96.51,100,TGT
2025-10-29,9:32:38.861292024,T,96.32,200,96.52,200,TGT
2025-10-29,9:32:38.861332101,T,96.32,200,96.51,100,TGT
2025-10-29,9:32:38.861868506,T,96.32,200,96.52,200,TGT
2025-10-29,9:32:38.862249242,T,96.22,100,96.52,200,TGT
2025-10-29,9:32:38.862259338,T,96.22,300,96.52,200,TGT
2025-10-29,9:32:38.862314439,T,96.22,200,96.52,200,TGT
2025-10-29,9:32:38.862600155,T,96.32,100,96.52,200,TGT
2025-10-29,9:32:38.914022582,T,96.33,100,96.52,200,TGT
2025-10-29,9:32:38.961184994,T,96.33,100,96.52,100,TGT
2025-10-29,9:32:38.961210086,T,96.33,100,96.56,100,TGT
2025-10-29,9:32:38.961235043,T,96.33,100,96.62,100,TGT
2025-10-29,9:32:38.962347753,T,96.33,100,96.62,200,TGT
2025-10-29,9:32:38.992700003,T,96.33,100,96.62,100,TGT
2025-10-29,9:32:39.587461932,T,96.32,100,96.62,100,TGT
2025-10-29,9:32:40.741847237,T,96.32,100,96.62,200,TGT
2025-10-29,9:32:43.613152574,T,96.32,100,96.62,300,TGT
2025-10-29,9:32:46.896594953,T,96.32,100,96.62,200,TGT
2025-10-29,9:32:46.896695113,T,96.32,100,96.62,100,TGT
2025-10-29,9:32:46.897076147,T,96.32,100,96.61,100,TGT
2025-10-29,9:32:46.897116185,T,96.32,100,96.61,200,TGT
2025-10-29,9:32:51.588131904,T,96.32,100,96.56,100,TGT
2025-10-29,9:32:51.588808506,T,96.32,100,96.56,200,TGT
2025-10-29,9:32:58.656305922,T,96.32,100,96.56,300,TGT
2025-10-29,9:33:03.299307285,T,96.32,100,96.56,200,TGT
2025-10-29,9:33:06.499691695,T,96.32,100,96.56,100,TGT
2025-10-29,9:33:13.016336595,T,96.32,200,96.56,100,TGT
2025-10-29,9:33:18.627524440,T,96.32,100,96.56,100,TGT
2025-10-29,9:33:32.642944166,T,96.27,100,96.56,100,TGT
2025-10-29,9:33:35.993486471,T,96.27,100,96.5,100,TGT
2025-10-29,9:33:36.004492736,T,96.27,100,96.49,100,TGT
2025-10-29,9:33:36.004492736,T,96.27,100,96.48,100,TGT
2025-10-29,9:33:36.004522758,T,96.27,100,96.5,100,TGT
2025-10-29,9:33:36.004522758,T,96.27,100,96.45,100,TGT
2025-10-29,9:33:36.011554486,T,96.27,100,96.5,100,TGT
2025-10-29,9:33:37.531485495,T,96.34,100,96.5,100,TGT
2025-10-29,9:33:37.569962229,T,96.34,100,96.61,100,TGT
2025-10-29,9:33:38.796429118,T,96.35,100,96.61,100,TGT
2025-10-29,9:33:38.796519651,T,96.36,100,96.61,100,TGT
2025-10-29,9:33:38.796519651,T,96.42,100,96.61,100,TGT
2025-10-29,9:33:38.796549425,T,96.38,100,96.61,100,TGT
2025-10-29,9:33:38.796594551,T,96.38,100,96.56,400,TGT
2025-10-29,9:33:38.796724813,T,96.38,100,96.56,500,TGT
2025-10-29,9:33:38.796789915,T,96.43,100,96.56,500,TGT
2025-10-29,9:33:38.796925620,T,96.38,100,96.56,500,TGT
2025-10-29,9:33:38.796945342,T,96.36,100,96.56,500,TGT
2025-10-29,9:33:38.797135771,T,96.36,100,96.54,100,TGT
2025-10-29,9:33:38.797151163,T,96.36,100,96.54,200,TGT
2025-10-29,9:33:38.797155767,T,96.36,100,96.48,100,TGT
2025-10-29,9:33:38.797160765,T,96.36,100,96.48,500,TGT
2025-10-29,9:33:38.797165875,T,96.36,100,96.48,400,TGT
2025-10-29,9:33:38.797185963,T,96.36,100,96.48,500,TGT
2025-10-29,9:33:38.797185963,T,96.36,100,96.48,200,TGT
2025-10-29,9:33:38.797190829,T,96.36,100,96.45,100,TGT
2025-10-29,9:33:38.797195879,T,96.36,100,96.48,100,TGT
2025-10-29,9:33:38.797205902,T,96.36,100,96.54,100,TGT
2025-10-29,9:33:38.797210945,T,96.36,100,96.45,300,TGT
2025-10-29,9:33:38.797210945,T,96.36,100,96.45,200,TGT
2025-10-29,9:33:38.797215994,T,96.36,100,96.45,300,TGT
2025-10-29,9:33:38.797221000,T,96.36,100,96.45,200,TGT
2025-10-29,9:33:38.797236032,T,96.36,100,96.45,100,TGT
2025-10-29,9:33:38.797236032,T,96.36,100,96.61,100,TGT
2025-10-29,9:33:38.797251049,T,96.43,100,96.61,100,TGT
2025-10-29,9:33:38.797301173,T,96.43,100,96.56,100,TGT
2025-10-29,9:33:38.797591852,T,96.43,100,96.5,100,TGT
2025-10-29,9:33:38.797626951,T,96.43,100,96.47,100,TGT
2025-10-29,9:33:38.797642146,T,96.43,100,96.5,100,TGT
2025-10-29,9:33:38.797647075,T,96.46,100,96.5,100,TGT
2025-10-29,9:33:38.797667301,T,96.46,100,96.56,100,TGT
2025-10-29,9:33:38.797677343,T,96.46,100,96.5,100,TGT
2025-10-29,9:33:38.797677343,T,96.46,100,96.56,100,TGT
2025-10-29,9:33:38.797692393,T,96.43,100,96.56,100,TGT
2025-10-29,9:33:38.797712176,T,96.43,100,96.55,100,TGT
2025-10-29,9:33:38.797712176,T,96.43,100,96.56,100,TGT
2025-10-29,9:33:38.797752250,T,96.43,100,96.55,100,TGT
2025-10-29,9:33:38.797797446,T,96.43,100,96.53,100,TGT
2025-10-29,9:33:38.797887585,T,96.36,100,96.53,100,TGT
2025-10-29,9:33:38.797912621,T,96.36,100,96.48,100,TGT
2025-10-29,9:33:38.797937715,T,96.36,100,96.53,100,TGT
2025-10-29,9:33:38.797942705,T,96.36,100,96.56,100,TGT
2025-10-29,9:33:38.797947880,T,96.36,100,96.61,100,TGT
2025-10-29,9:33:38.797977728,T,96.36,100,96.56,100,TGT
2025-10-29,9:33:38.797982715,T,96.36,200,96.56,100,TGT
2025-10-29,9:33:38.797982715,T,96.37,100,96.56,100,TGT
2025-10-29,9:33:38.797987829,T,96.37,100,96.61,100,TGT
2025-10-29,9:33:38.798002976,T,96.36,100,96.61,100,TGT
2025-10-29,9:33:38.798017812,T,96.36,200,96.61,100,TGT
2025-10-29,9:33:38.798027880,T,96.36,100,96.61,100,TGT
2025-10-29,9:33:38.798032854,T,96.36,100,96.56,100,TGT
2025-10-29,9:33:38.798193312,T,96.36,200,96.56,100,TGT
2025-10-29,9:33:38.798228399,T,96.36,200,96.61,100,TGT
2025-10-29,9:33:38.798228399,T,96.38,100,96.61,100,TGT
2025-10-29,9:33:38.798273458,T,96.38,100,96.56,100,TGT
2025-10-29,9:33:38.798348639,T,96.42,100,96.56,100,TGT
2025-10-29,9:33:38.798378677,T,96.38,100,96.56,100,TGT
2025-10-29,9:33:38.798433844,T,96.45,100,96.56,100,TGT
2025-10-29,9:33:38.800749370,T,96.37,100,96.56,100,TGT
2025-10-29,9:33:38.800784463,T,96.36,200,96.56,100,TGT
2025-10-29,9:33:38.800789413,T,96.36,100,96.56,100,TGT
2025-10-29,9:33:38.800794482,T,96.36,100,96.61,100,TGT
2025-10-29,9:33:38.800819565,T,96.37,100,96.61,100,TGT
2025-10-29,9:33:38.811585132,T,96.37,200,96.61,100,TGT
2025-10-29,9:33:38.874174309,T,96.37,100,96.61,100,TGT
2025-10-29,9:33:40.233247260,T,96.37,100,96.66,300,TGT
2025-10-29,9:33:40.233257233,T,96.37,100,96.56,100,TGT
2025-10-29,9:33:40.491978626,T,96.37,200,96.56,100,TGT
2025-10-29,9:33:40.492013683,T,96.37,100,96.56,100,TGT
2025-10-29,9:33:52.010419624,T,96.37,100,96.54,100,TGT
2025-10-29,9:33:53.063894327,T,96.37,100,96.45,100,TGT
2025-10-29,9:33:53.794740535,T,96.37,100,96.54,100,TGT
2025-10-29,9:33:53.794740535,T,96.37,100,96.56,100,TGT
2025-10-29,9:33:53.795086435,T,96.38,100,96.56,100,TGT
2025-10-29,9:33:53.795111436,T,96.37,100,96.56,100,TGT
2025-10-29,9:33:53.795868219,T,96.38,100,96.56,100,TGT
2025-10-29,9:33:53.796624988,T,96.37,100,96.56,100,TGT
2025-10-29,9:33:54.504992564,T,96.37,100,96.53,100,TGT
2025-10-29,9:33:55.415752311,T,96.37,100,96.46,100,TGT
2025-10-29,9:33:55.415777336,T,96.37,100,96.47,100,TGT
2025-10-29,9:33:55.415777336,T,96.32,100,96.47,100,TGT
2025-10-29,9:33:55.415797803,T,96.32,100,96.38,100,TGT
2025-10-29,9:33:55.416388792,T,96.32,100,96.45,100,TGT
2025-10-29,9:33:55.416408863,T,96.32,100,96.5,100,TGT
2025-10-29,9:33:55.416579242,T,96.32,100,96.49,100,TGT
2025-10-29,9:33:55.416955139,T,96.32,100,96.52,200,TGT
2025-10-29,9:33:55.416970250,T,96.32,100,96.52,100,TGT
2025-10-29,9:33:55.418518921,T,96.27,1400,96.52,100,TGT
2025-10-29,9:33:55.418538928,T,96.27,1400,96.49,100,TGT
2025-10-29,9:33:55.418924884,T,96.27,1400,96.47,100,TGT
2025-10-29,9:33:55.418934895,T,96.27,1300,96.47,100,TGT
2025-10-29,9:33:55.418959971,T,96.27,1300,96.4,100,TGT
2025-10-29,9:33:55.420358233,T,96.27,1400,96.4,100,TGT
2025-10-29,9:33:55.420373422,T,96.27,1400,96.49,100,TGT
2025-10-29,9:33:55.420398378,T,96.27,1400,96.52,100,TGT
2025-10-29,9:33:55.420804361,T,96.27,1400,96.49,100,TGT
2025-10-29,9:33:55.427064261,T,96.27,1400,96.52,100,TGT
2025-10-29,9:33:55.504894719,T,96.27,1300,96.52,100,TGT
2025-10-29,9:33:55.504919678,T,96.27,1300,96.49,100,TGT
2025-10-29,9:33:55.504944809,T,96.27,1300,96.52,100,TGT
2025-10-29,9:33:55.505180457,T,96.27,1300,96.47,100,TGT
2025-10-29,9:33:55.505205376,T,96.27,1300,96.4,100,TGT
2025-10-29,9:33:55.511946408,T,96.27,1300,96.47,100,TGT
2025-10-29,9:33:55.517213971,T,96.27,1300,96.52,100,TGT
2025-10-29,9:33:55.615808989,T,96.27,1300,96.53,200,TGT
2025-10-29,9:33:55.615834016,T,96.27,1300,96.53,100,TGT
2025-10-29,9:33:56.278938809,T,96.27,1300,96.47,100,TGT
2025-10-29,9:33:56.416185719,T,96.27,1300,96.53,100,TGT
2025-10-29,9:34:04.117653535,T,96.32,100,96.53,100,TGT
2025-10-29,9:34:04.118034361,T,96.27,1300,96.53,100,TGT
2025-10-29,9:34:04.118380204,T,96.32,100,96.53,100,TGT
2025-10-29,9:34:04.118781185,T,96.27,1300,96.53,100,TGT
2025-10-29,9:34:04.119543015,T,96.32,100,96.53,100,TGT
2025-10-29,9:34:04.119964008,T,96.32,200,96.53,100,TGT
2025-10-29,9:34:04.120009054,T,96.32,100,96.53,100,TGT
2025-10-29,9:34:04.180112325,T,96.32,200,96.53,100,TGT
2025-10-29,9:34:04.180117345,T,96.33,100,96.53,100,TGT
2025-10-29,9:34:04.180117345,T,96.34,100,96.53,100,TGT
2025-10-29,9:34:04.180137382,T,96.33,100,96.53,100,TGT
2025-10-29,9:34:04.180322832,T,96.33,200,96.53,100,TGT
2025-10-29,9:34:04.180327824,T,96.34,100,96.53,100,TGT
2025-10-29,9:34:04.180423019,T,96.33,100,96.53,100,TGT
2025-10-29,9:34:04.180653567,T,96.34,100,96.53,100,TGT
2025-10-29,9:34:04.180969352,T,96.37,100,96.53,100,TGT
2025-10-29,9:34:04.181024405,T,96.34,100,96.53,100,TGT
2025-10-29,9:34:04.181074581,T,96.34,200,96.53,100,TGT
2025-10-29,9:34:04.181124730,T,96.34,100,96.53,100,TGT
2025-10-29,9:34:04.182087043,T,96.37,100,96.53,100,TGT
2025-10-29,9:34:04.182548289,T,96.34,100,96.53,100,TGT
2025-10-29,9:34:04.182553220,T,96.34,200,96.53,100,TGT
2025-10-29,9:34:04.191218736,T,96.34,100,96.53,100,TGT
2025-10-29,9:34:04.191243769,T,96.33,200,96.53,100,TGT
2025-10-29,9:34:04.192236167,T,96.33,300,96.53,100,TGT
2025-10-29,9:34:04.192496758,T,96.34,100,96.53,100,TGT
2025-10-29,9:34:04.192501752,T,96.37,100,96.53,100,TGT
2025-10-29,9:34:04.192687281,T,96.42,100,96.53,100,TGT
2025-10-29,9:34:04.193158356,T,96.44,100,96.53,100,TGT
2025-10-29,9:34:04.193308778,T,96.44,100,96.53,200,TGT
2025-10-29,9:34:04.193314055,T,96.44,100,96.52,100,TGT
2025-10-29,9:34:04.193343782,T,96.44,100,96.53,200,TGT
2025-10-29,9:34:04.203648381,T,96.44,200,96.53,200,TGT
2025-10-29,9:34:04.204259830,T,96.44,100,96.53,200,TGT
2025-10-29,9:34:04.221976964,T,96.44,100,96.53,100,TGT
2025-10-29,9:34:04.221997070,T,96.45,100,96.53,100,TGT
2025-10-29,9:34:04.223410464,T,96.45,200,96.53,100,TGT
2025-10-29,9:34:06.980137920,T,96.45,100,96.53,100,TGT
2025-10-29,9:34:15.237785602,T,96.45,100,96.53,200,TGT
2025-10-29,9:34:15.237800734,T,96.45,100,96.53,100,TGT
2025-10-29,9:34:15.237815719,T,96.45,100,96.52,100,TGT
2025-10-29,9:34:15.237815719,T,96.45,100,96.53,100,TGT
2025-10-29,9:34:15.237850824,T,96.45,100,96.53,200,TGT
2025-10-29,9:34:15.238206645,T,96.37,100,96.53,200,TGT
2025-10-29,9:34:15.238226853,T,96.37,100,96.47,100,TGT
2025-10-29,9:34:15.238241683,T,96.36,100,96.47,100,TGT
2025-10-29,9:34:15.238256785,T,96.36,100,96.51,100,TGT
2025-10-29,9:34:15.238276796,T,96.36,100,96.47,100,TGT
2025-10-29,9:34:15.238998538,T,96.26,1500,96.47,100,TGT
2025-10-29,9:34:15.239023616,T,96.26,1400,96.47,100,TGT
2025-10-29,9:34:15.257206934,T,96.26,1400,96.53,100,TGT
2025-10-29,9:34:22.147266439,T,96.26,1500,96.53,100,TGT
2025-10-29,9:34:22.150353845,T,96.32,100,96.53,100,TGT
2025-10-29,9:34:26.076026347,T,96.32,100,96.53,200,TGT
2025-10-29,9:34:28.200482465,T,96.32,100,96.52,100,TGT
2025-10-29,9:34:28.200617708,T,96.32,100,96.53,200,TGT
2025-10-29,9:34:28.201474811,T,96.39,100,96.53,200,TGT
2025-10-29,9:34:28.218530364,T,96.32,100,96.53,200,TGT
2025-10-29,9:34:28.219091760,T,96.26,1500,96.53,200,TGT
2025-10-29,9:34:28.631399056,T,96.26,1500,96.53,100,TGT
2025-10-29,9:34:29.477148926,T,96.27,200,96.53,100,TGT
2025-10-29,9:34:36.147956144,T,96.27,200,96.52,100,TGT
2025-10-29,9:34:36.148171594,T,96.27,200,96.53,100,TGT
2025-10-29,9:34:36.148271879,T,96.27,200,96.53,200,TGT
2025-10-29,9:34:36.148281890,T,96.27,200,96.53,100,TGT
2025-10-29,9:34:36.148542454,T,96.27,200,96.53,200,TGT
2025-10-29,9:34:36.156356049,T,96.27,200,96.52,100,TGT
2025-10-29,9:34:36.162931740,T,96.27,200,96.53,200,TGT
2025-10-29,9:34:36.162981885,T,96.27,200,96.52,100,TGT
2025-10-29,9:34:36.162986947,T,96.27,200,96.47,100,TGT
2025-10-29,9:34:36.163022010,T,96.27,200,96.48,100,TGT
2025-10-29,9:34:36.163328469,T,96.27,200,96.47,100,TGT
2025-10-29,9:34:36.163553269,T,96.27,200,96.48,100,TGT
2025-10-29,9:34:36.164515516,T,96.27,200,96.47,100,TGT
2025-10-29,9:34:36.263265780,T,96.27,200,96.48,100,TGT
2025-10-29,9:34:36.363243999,T,96.27,200,96.52,200,TGT
2025-10-29,9:34:36.364346639,T,96.27,200,96.48,100,TGT
2025-10-29,9:34:36.364376706,T,96.27,200,96.52,100,TGT
2025-10-29,9:34:36.364376706,T,96.27,200,96.46,100,TGT
2025-10-29,9:34:36.369017798,T,96.26,1400,96.46,100,TGT
2025-10-29,9:34:36.373799191,T,96.26,1400,96.52,100,TGT
2025-10-29,9:34:36.374525853,T,96.26,1400,96.48,100,TGT
2025-10-29,9:34:36.374550901,T,96.26,1400,96.47,100,TGT
2025-10-29,9:34:36.620777624,T,96.26,1400,96.48,100,TGT
2025-10-29,9:34:36.621654690,T,96.26,1400,96.47,100,TGT
2025-10-29,9:34:38.413107594,T,96.26,1400,96.44,100,TGT
2025-10-29,9:34:39.191186227,T,96.26,1400,96.44,200,TGT
2025-10-29,9:34:39.191191332,T,96.26,1400,96.43,100,TGT
2025-10-29,9:34:39.191191332,T,96.26,1400,96.42,100,TGT
2025-10-29,9:34:39.191211279,T,96.26,1400,96.43,100,TGT
2025-10-29,9:34:39.191882960,T,96.26,1400,96.38,100,TGT
2025-10-29,9:34:39.198217970,T,96.26,1400,96.43,200,TGT
2025-10-29,9:34:39.291249636,T,96.26,1400,96.43,100,TGT
2025-10-29,9:34:39.391212815,T,96.26,1400,96.44,200,TGT
2025-10-29,9:34:39.680918108,T,96.26,1400,96.44,300,TGT
2025-10-29,9:34:40.123888451,T,96.26,1400,96.43,100,TGT
2025-10-29,9:34:40.127040925,T,96.26,1400,96.43,200,TGT
2025-10-29,9:34:41.215353495,T,96.26,1400,96.43,100,TGT
2025-10-29,9:34:42.441930675,T,96.26,1400,96.43,200,TGT
2025-10-29,9:34:42.450405895,T,96.26,1400,96.43,100,TGT
2025-10-29,9:34:42.450766729,T,96.26,1400,96.42,100,TGT
2025-10-29,9:34:42.885116556,T,96.26,1400,96.38,100,TGT
2025-10-29,9:34:43.158187116,T,96.26,1400,96.38,200,TGT
2025-10-29,9:34:43.227547446,T,96.26,1400,96.38,100,TGT
2025-10-29,9:34:43.233291137,T,96.26,1400,96.37,100,TGT
2025-10-29,9:34:43.271888043,T,96.26,1400,96.37,200,TGT
2025-10-29,9:34:43.421469387,T,96.26,1400,96.34,100,TGT
2025-10-29,9:34:43.421649849,T,96.26,1400,96.34,200,TGT
2025-10-29,9:34:43.421674881,T,96.26,1000,96.34,200,TGT
2025-10-29,9:34:43.421700355,T,96.2,100,96.34,200,TGT
2025-10-29,9:34:43.421700355,T,96.2,100,96.32,100,TGT
2025-10-29,9:34:43.421715038,T,96.2,100,96.27,100,TGT
2025-10-29,9:34:43.422060805,T,96.2,100,96.26,100,TGT
2025-10-29,9:34:43.422281401,T,96.2,100,96.3,100,TGT
2025-10-29,9:34:43.422396621,T,96.15,100,96.3,100,TGT
2025-10-29,9:34:43.422436697,T,96.15,100,96.3,200,TGT
2025-10-29,9:34:43.422451778,T,96.14,100,96.3,200,TGT
2025-10-29,9:34:43.422752438,T,96.14,100,96.3,100,TGT
2025-10-29,9:34:43.422777528,T,96.14,100,96.31,200,TGT
2025-10-29,9:34:43.423053198,T,96.11,100,96.31,200,TGT
2025-10-29,9:34:43.423268757,T,96.11,100,96.26,300,TGT
2025-10-29,9:34:43.423509475,T,96.11,100,96.24,100,TGT
2025-10-29,9:34:43.424857457,T,96.11,100,96.28,100,TGT
2025-10-29,9:34:43.424897560,T,96.11,100,96.25,100,TGT
2025-10-29,9:34:43.424912636,T,96.11,100,96.21,100,TGT
2025-10-29,9:34:43.426035315,T,96.11,100,96.31,100,TGT
2025-10-29,9:34:43.505910584,T,96.11,100,96.31,200,TGT
2025-10-29,9:34:44.108741839,T,96.11,100,96.24,100,TGT
2025-10-29,9:34:44.423110813,T,96.11,100,96.31,200,TGT
2025-10-29,9:34:47.493851120,T,96.11,100,96.24,100,TGT
2025-10-29,9:34:50.434521897,T,96.11,100,96.31,100,TGT
2025-10-29,9:34:52.028985529,T,96.14,100,96.31,100,TGT
2025-10-29,9:34:52.028985529,T,96.14,100,96.36,100,TGT
2025-10-29,9:34:52.028995500,T,96.15,100,96.36,100,TGT
2025-10-29,9:34:52.029010602,T,96.15,200,96.36,100,TGT
2025-10-29,9:34:52.029015570,T,96.15,200,96.38,100,TGT
2025-10-29,9:34:52.029015570,T,96.15,300,96.38,100,TGT
2025-10-29,9:34:52.029025708,T,96.15,200,96.38,100,TGT
2025-10-29,9:34:52.029241075,T,96.15,300,96.38,100,TGT
2025-10-29,9:34:52.030133257,T,96.16,100,96.38,100,TGT
2025-10-29,9:34:52.036017293,T,96.15,300,96.38,100,TGT
2025-10-29,9:34:52.129129086,T,96.15,200,96.38,100,TGT
2025-10-29,9:34:53.142182665,T,96.2,100,96.38,100,TGT
2025-10-29,9:34:53.142242756,T,96.21,100,96.38,100,TGT
2025-10-29,9:34:53.143305282,T,96.2,200,96.38,100,TGT
2025-10-29,9:34:53.143325322,T,96.2,100,96.38,100,TGT
2025-10-29,9:34:58.150073231,T,96.24,100,96.38,100,TGT
2025-10-29,9:34:59.152917344,T,96.24,100,96.43,100,TGT
2025-10-29,9:34:59.153849543,T,96.25,100,96.43,100,TGT
2025-10-29,9:34:59.162790861,T,96.25,200,96.43,100,TGT
2025-10-29,9:34:59.162800861,T,96.25,200,96.44,200,TGT
2025-10-29,9:34:59.162800861,T,96.29,100,96.44,200,TGT
2025-10-29,9:34:59.163257035,T,96.29,100,96.44,100,TGT
2025-10-29,9:35:02.293073317,T,96.29,100,96.47,100,TGT
2025-10-29,9:35:04.749259807,T,96.29,100,96.47,200,TGT
2025-10-29,9:35:04.749259807,T,96.29,100,96.46,100,TGT
2025-10-29,9:35:04.749269882,T,96.29,100,96.44,100,TGT
2025-10-29,9:35:04.749274829,T,96.25,100,96.44,100,TGT
2025-10-29,9:35:04.749284905,T,96.24,100,96.44,100,TGT
2025-10-29,9:35:04.749294893,T,96.24,100,96.43,100,TGT
2025-10-29,9:35:04.749324984,T,96.24,100,96.4,100,TGT
2025-10-29,9:35:04.749330010,T,96.24,100,96.43,100,TGT
2025-10-29,9:35:04.749344984,T,96.24,100,96.4,100,TGT
2025-10-29,9:35:04.749344984,T,96.24,100,96.39,100,TGT
2025-10-29,9:35:04.749349990,T,96.24,100,96.38,100,TGT
2025-10-29,9:35:04.756376717,T,96.24,100,96.43,100,TGT
2025-10-29,9:35:04.756406824,T,96.24,100,96.38,100,TGT
2025-10-29,9:35:04.849348198,T,96.24,100,96.44,100,TGT
2025-10-29,9:35:04.920913705,T,96.24,100,96.36,100,TGT
2025-10-29,9:35:04.945898195,T,96.24,100,96.44,100,TGT
2025-10-29,9:35:05.363638445,T,96.24,100,96.35,100,TGT
2025-10-29,9:35:05.364034420,T,96.24,100,96.44,100,TGT
2025-10-29,9:35:05.365036754,T,96.24,100,96.35,100,TGT
2025-10-29,9:35:05.514563028,T,96.24,100,96.44,100,TGT
2025-10-29,9:35:06.372998153,T,96.24,100,96.35,100,TGT
2025-10-29,9:35:06.470455392,T,96.2,100,96.35,100,TGT
2025-10-29,9:35:06.471237220,T,96.2,100,96.44,100,TGT
2025-10-29,9:35:06.894716067,T,96.2,100,96.33,100,TGT
2025-10-29,9:35:08.879168669,T,96.2,100,96.33,200,TGT
2025-10-29,9:35:08.879183886,T,96.2,100,96.29,100,TGT
2025-10-29,9:35:08.879198713,T,96.2,100,96.32,100,TGT
2025-10-29,9:35:08.879203787,T,96.2,100,96.33,200,TGT
2025-10-29,9:35:08.879218777,T,96.2,100,96.32,100,TGT
2025-10-29,9:35:08.879690005,T,96.15,100,96.32,100,TGT
2025-10-29,9:35:08.879709952,T,96.15,100,96.22,100,TGT
2025-10-29,9:35:08.879709952,T,96.15,100,96.2,100,TGT
2025-10-29,9:35:08.879714967,T,96.11,300,96.2,100,TGT
2025-10-29,9:35:08.879980620,T,96.11,100,96.2,100,TGT
2025-10-29,9:35:08.880291332,T,96.11,100,96.22,100,TGT
2025-10-29,9:35:08.881544394,T,96.11,100,96.22,200,TGT
2025-10-29,9:35:08.979813502,T,96.11,100,96.22,100,TGT
2025-10-29,9:35:09.653132664,T,96.11,100,96.38,100,TGT
2025-10-29,9:35:09.653232806,T,96.18,100,96.38,100,TGT
2025-10-29,9:35:09.653734213,T,96.18,100,96.35,100,TGT
2025-10-29,9:35:09.653759177,T,96.18,100,96.34,100,TGT
2025-10-29,9:35:09.654260261,T,96.11,100,96.34,100,TGT
2025-10-29,9:35:09.654300405,T,96.11,100,96.32,100,TGT
2025-10-29,9:35:09.654696369,T,96.11,100,96.34,100,TGT
2025-10-29,9:35:09.654721369,T,96.14,100,96.34,100,TGT
2025-10-29,9:35:09.654741455,T,96.11,100,96.34,100,TGT
2025-10-29,9:35:09.654741455,T,96.11,100,96.35,100,TGT
2025-10-29,9:35:09.654746502,T,96.15,100,96.35,100,TGT
2025-10-29,9:35:09.654771569,T,96.11,100,96.35,100,TGT
2025-10-29,9:35:09.654781627,T,96.15,100,96.35,100,TGT
2025-10-29,9:35:09.654911923,T,96.17,100,96.35,100,TGT
2025-10-29,9:35:09.655067315,T,96.15,100,96.35,100,TGT
2025-10-29,9:35:09.655087388,T,96.15,100,96.34,100,TGT
2025-10-29,9:35:09.655092273,T,96.15,100,96.22,100,TGT
2025-10-29,9:35:09.655478234,T,96.11,100,96.22,100,TGT
2025-10-29,9:35:09.660480109,T,96.11,100,96.3,100,TGT
2025-10-29,9:35:09.732566914,T,96.08,100,96.3,100,TGT
2025-10-29,9:35:09.853845815,T,96.08,100,96.35,100,TGT
2025-10-29,9:35:09.856306693,T,96.08,100,96.38,100,TGT
2025-10-29,9:35:10.352378541,T,96.08,100,96.31,200,TGT
2025-10-29,9:35:10.884992343,T,96.08,100,96.29,100,TGT
2025-10-29,9:35:10.885022491,T,96.08,100,96.28,100,TGT
2025-10-29,9:35:11.591821391,T,96.08,100,96.29,100,TGT
2025-10-29,9:35:11.593535524,T,96.08,100,96.31,200,TGT
2025-10-29,9:35:16.182167123,T,96.13,400,96.31,200,TGT
2025-10-29,9:35:22.679721681,T,96.13,400,96.34,100,TGT
2025-10-29,9:35:24.722027311,T,96.13,500,96.34,100,TGT
2025-10-29,9:35:34.304435946,T,96.13,400,96.34,100,TGT
2025-10-29,9:35:35.001070580,T,96.13,400,96.24,100,TGT
2025-10-29,9:35:35.762960802,T,96.13,400,96.24,200,TGT
2025-10-29,9:35:36.117334838,T,96.13,400,96.24,100,TGT
2025-10-29,9:35:36.917947222,T,96.13,400,96.24,200,TGT
2025-10-29,9:35:36.917977376,T,96.13,400,96.23,100,TGT
2025-10-29,9:35:36.918027397,T,96.13,400,96.2,100,TGT
2025-10-29,9:35:36.918042421,T,96.13,400,96.23,100,TGT
2025-10-29,9:35:36.938095232,T,96.13,400,96.23,200,TGT
2025-10-29,9:35:36.945287402,T,96.08,100,96.23,200,TGT
2025-10-29,9:35:36.945312450,T,96.08,100,96.15,100,TGT
2025-10-29,9:35:36.945312450,T,96.08,100,96.13,100,TGT
2025-10-29,9:35:36.945829106,T,96.08,100,96.15,100,TGT
2025-10-29,9:35:36.945883859,T,96.04,100,96.15,100,TGT
2025-10-29,9:35:36.947673074,T,96.05,100,96.15,100,TGT
2025-10-29,9:35:36.947708186,T,96.08,100,96.15,100,TGT
2025-10-29,9:35:36.947793300,T,96.05,100,96.15,100,TGT
2025-10-29,9:35:36.947858546,T,96.04,100,96.15,100,TGT
2025-10-29,9:35:36.947898655,T,96.05,100,96.15,100,TGT
2025-10-29,9:35:36.949332005,T,96.05,100,96.19,100,TGT
2025-10-29,9:35:36.949352095,T,96.11,100,96.19,100,TGT
2025-10-29,9:35:36.949352095,T,96.13,100,96.19,100,TGT
2025-10-29,9:35:36.949367086,T,96.13,100,96.2,100,TGT
2025-10-29,9:35:36.949382170,T,96.13,100,96.23,100,TGT
2025-10-29,9:35:36.949582666,T,96.13,100,96.19,100,TGT
2025-10-29,9:35:36.949908416,T,96.11,200,96.19,100,TGT
2025-10-29,9:35:36.950504842,T,96.11,100,96.19,100,TGT
2025-10-29,9:35:36.950509815,T,96.08,100,96.19,100,TGT
2025-10-29,9:35:37.150721850,T,96.05,100,96.19,100,TGT
2025-10-29,9:35:37.746390874,T,96.05,100,96.26,100,TGT
2025-10-29,9:35:37.746411187,T,96.08,100,96.26,100,TGT
2025-10-29,9:35:37.746411187,T,96.17,100,96.26,100,TGT
2025-10-29,9:35:37.746416037,T,96.19,100,96.26,100,TGT
2025-10-29,9:35:37.746416037,T,96.19,100,96.33,100,TGT
2025-10-29,9:35:37.746451195,T,96.17,100,96.33,100,TGT
2025-10-29,9:35:37.746496120,T,96.17,100,96.26,100,TGT
2025-10-29,9:35:37.746746769,T,96.17,100,96.19,100,TGT
2025-10-29,9:35:37.746771952,T,96.17,100,96.26,100,TGT
2025-10-29,9:35:37.746791782,T,96.18,100,96.26,100,TGT
2025-10-29,9:35:37.746806908,T,96.17,100,96.26,100,TGT
2025-10-29,9:35:37.746836968,T,96.17,100,96.24,100,TGT
2025-10-29,9:35:37.746852012,T,96.17,100,96.19,100,TGT
2025-10-29,9:35:37.746887038,T,96.17,100,96.24,100,TGT
2025-10-29,9:35:37.746907515,T,96.17,100,96.26,100,TGT
2025-10-29,9:35:37.746917112,T,96.18,100,96.26,100,TGT
2025-10-29,9:35:37.746922203,T,96.17,100,96.26,100,TGT
2025-10-29,9:35:37.746967268,T,96.17,100,96.24,100,TGT
2025-10-29,9:35:37.746972274,T,96.17,100,96.26,100,TGT
2025-10-29,9:35:37.747107635,T,96.17,100,96.19,100,TGT
2025-10-29,9:35:37.747138019,T,96.17,100,96.26,100,TGT
2025-10-29,9:35:37.747207785,T,96.17,100,96.24,100,TGT
2025-10-29,9:35:37.747247964,T,96.17,100,96.26,100,TGT
2025-10-29,9:35:37.747428342,T,96.17,100,96.24,100,TGT
2025-10-29,9:35:37.747458487,T,96.17,100,96.26,100,TGT
2025-10-29,9:35:37.747478456,T,96.18,100,96.26,100,TGT
2025-10-29,9:35:37.747513520,T,96.17,100,96.26,100,TGT
2025-10-29,9:35:37.747548666,T,96.17,100,96.24,100,TGT
2025-10-29,9:35:37.747578708,T,96.17,100,96.26,100,TGT
2025-10-29,9:35:37.754585347,T,96.08,100,96.26,100,TGT
2025-10-29,9:35:37.896528558,T,96.05,100,96.26,100,TGT
2025-10-29,9:35:39.885652548,T,96.04,100,96.26,100,TGT
2025-10-29,9:35:39.885677612,T,96.03,100,96.26,100,TGT
2025-10-29,9:35:40.736118584,T,96.1,100,96.26,100,TGT
2025-10-29,9:35:40.736198843,T,96.1,100,96.33,100,TGT
2025-10-29,9:35:45.241076036,T,96.1,100,96.23,100,TGT
2025-10-29,9:35:45.242018247,T,96.1,100,96.33,100,TGT
2025-10-29,9:35:45.362089382,T,96.1,100,96.26,100,TGT
2025-10-29,9:35:45.362094321,T,96.1,100,96.23,100,TGT
2025-10-29,9:35:45.362109372,T,96.1,100,96.22,100,TGT
2025-10-29,9:35:45.362119442,T,96.1,100,96.22,200,TGT
2025-10-29,9:35:45.362465187,T,96.1,100,96.22,300,TGT
2025-10-29,9:35:45.369121024,T,96.1,100,96.22,200,TGT
2025-10-29,9:35:45.369146183,T,96.1,100,96.22,100,TGT
2025-10-29,9:35:45.423114697,T,96.1,100,96.22,200,TGT
2025-10-29,9:35:45.423440496,T,96.1,100,96.22,300,TGT
2025-10-29,9:35:45.439167956,T,96.1,100,96.22,200,TGT
2025-10-29,9:35:45.462152707,T,96.1,100,96.22,100,TGT
2025-10-29,9:35:45.510437738,T,96.1,100,96.23,100,TGT
2025-10-29,9:35:45.562115891,T,96.1,100,96.24,100,TGT
2025-10-29,9:35:49.890537548,T,96.1,100,96.26,100,TGT
2025-10-29,9:35:51.640722257,T,96.1,100,96.24,100,TGT
2025-10-29,9:35:53.336086294,T,96.1,100,96.26,100,TGT
2025-10-29,9:35:53.560896951,T,96.1,100,96.33,100,TGT
2025-10-29,9:35:53.560921924,T,96.1,200,96.33,100,TGT
2025-10-29,9:35:53.560921924,T,96.11,100,96.33,100,TGT
2025-10-29,9:35:53.560937047,T,96.12,100,96.33,100,TGT
2025-10-29,9:35:53.560947052,T,96.15,100,96.33,100,TGT
2025-10-29,9:35:53.560952078,T,96.11,100,96.33,100,TGT
2025-10-29,9:35:53.560952078,T,96.16,100,96.33,100,TGT
2025-10-29,9:35:53.561398081,T,96.11,100,96.33,100,TGT
2025-10-29,9:35:53.567948714,T,96.1,100,96.33,100,TGT
2025-10-29,9:35:58.035813093,T,96.1,100,96.26,100,TGT
2025-10-29,9:35:58.035862904,T,96.1,100,96.33,100,TGT
2025-10-29,9:35:58.036003282,T,96.1,100,96.22,100,TGT
2025-10-29,9:36:00.309930473,T,96.12,100,96.22,100,TGT
2025-10-29,9:36:00.310140981,T,96.12,100,96.33,100,TGT
2025-10-29,9:36:00.310266328,T,96.12,100,96.23,100,TGT
2025-10-29,9:36:00.310983056,T,96.1,100,96.23,100,TGT
2025-10-29,9:36:01.920332016,T,96.1,100,96.23,200,TGT
2025-10-29,9:36:01.920342077,T,96.1,100,96.2,100,TGT
2025-10-29,9:36:01.920357157,T,96.1,100,96.19,100,TGT
2025-10-29,9:36:01.920377135,T,96.1,100,96.2,100,TGT
2025-10-29,9:36:01.920407182,T,96.1,100,96.22,100,TGT
2025-10-29,9:36:01.920457331,T,96.1,100,96.19,100,TGT
2025-10-29,9:36:01.971554123,T,96.1,100,96.22,100,TGT
2025-10-29,9:36:01.976044814,T,96.1,100,96.19,100,TGT
2025-10-29,9:36:02.020365432,T,96.1,100,96.22,100,TGT
2025-10-29,9:36:02.120358626,T,96.1,100,96.23,200,TGT
2025-10-29,9:36:04.355473477,T,96.1,100,96.23,100,TGT
2025-10-29,9:36:04.365306879,T,96.1,100,96.19,100,TGT
2025-10-29,9:36:04.366093827,T,96.1,100,96.23,100,TGT
2025-10-29,9:36:05.410015864,T,96.1,200,96.23,100,TGT
2025-10-29,9:36:05.410021156,T,96.1,100,96.23,100,TGT
2025-10-29,9:36:05.410021156,T,96.1,100,96.26,100,TGT
2025-10-29,9:36:05.410026157,T,96.11,100,96.26,100,TGT
2025-10-29,9:36:05.410236339,T,96.15,100,96.26,100,TGT
2025-10-29,9:36:05.410241450,T,96.17,100,96.26,100,TGT
2025-10-29,9:36:05.410446826,T,96.17,100,96.22,100,TGT
2025-10-29,9:36:05.410797676,T,96.11,100,96.22,100,TGT
2025-10-29,9:36:05.410817695,T,96.1,200,96.22,100,TGT
2025-10-29,9:36:05.410847862,T,96.11,100,96.22,100,TGT
2025-10-29,9:36:05.411399168,T,96.13,100,96.22,100,TGT
2025-10-29,9:36:05.411499388,T,96.13,100,96.32,300,TGT
2025-10-29,9:36:06.182641370,T,96.1,100,96.32,300,TGT
2025-10-29,9:36:06.182646403,T,96.1,200,96.32,300,TGT
2025-10-29,9:36:06.182651363,T,96.13,100,96.32,300,TGT
2025-10-29,9:36:06.182676484,T,96.14,100,96.32,300,TGT
2025-10-29,9:36:06.182676484,T,96.14,200,96.32,300,TGT
2025-10-29,9:36:06.182676484,T,96.14,100,96.32,300,TGT
2025-10-29,9:36:07.971523037,T,96.14,100,96.32,200,TGT
2025-10-29,9:36:07.971523037,T,96.16,100,96.32,200,TGT
2025-10-29,9:36:07.971528077,T,96.17,100,96.32,200,TGT
2025-10-29,9:36:07.971548085,T,96.19,100,96.32,200,TGT
2025-10-29,9:36:07.971548085,T,96.17,200,96.32,200,TGT
2025-10-29,9:36:07.971558090,T,96.19,100,96.32,200,TGT
2025-10-29,9:36:07.971598168,T,96.17,200,96.32,200,TGT
2025-10-29,9:36:07.971608354,T,96.19,100,96.32,200,TGT
2025-10-29,9:36:07.971819033,T,96.19,100,96.24,100,TGT
2025-10-29,9:36:07.971944099,T,96.19,100,96.32,200,TGT
2025-10-29,9:36:07.971994172,T,96.19,200,96.32,200,TGT
2025-10-29,9:36:07.972179597,T,96.21,100,96.32,200,TGT
2025-10-29,9:36:07.972225035,T,96.21,100,96.32,600,TGT
2025-10-29,9:36:07.972225035,T,96.19,200,96.32,600,TGT
2025-10-29,9:36:07.972234733,T,96.19,200,96.32,200,TGT
2025-10-29,9:36:07.972244792,T,96.19,100,96.32,200,TGT
2025-10-29,9:36:07.972259757,T,96.19,100,96.3,400,TGT
2025-10-29,9:36:07.972690879,T,96.19,100,96.3,300,TGT
2025-10-29,9:36:07.973322358,T,96.19,100,96.34,200,TGT
2025-10-29,9:36:07.973347392,T,96.19,100,96.26,300,TGT
2025-10-29,9:36:07.987415965,T,96.17,200,96.26,300,TGT
2025-10-29,9:36:08.071526312,T,96.17,100,96.26,300,TGT
2025-10-29,9:36:14.929664979,T,96.17,100,96.34,200,TGT
2025-10-29,9:36:14.929689977,T,96.17,100,96.22,300,TGT
2025-10-29,9:36:14.929695049,T,96.14,200,96.22,300,TGT
2025-10-29,9:36:14.929710018,T,96.17,100,96.22,300,TGT
2025-10-29,9:36:14.929715128,T,96.14,200,96.22,300,TGT
2025-10-29,9:36:14.929730084,T,96.14,200,96.34,200,TGT
2025-10-29,9:36:14.929745160,T,96.14,100,96.34,200,TGT
2025-10-29,9:36:14.929750216,T,96.2,100,96.34,200,TGT
2025-10-29,9:36:14.930306535,T,96.14,100,96.34,200,TGT
2025-10-29,9:36:14.930632363,T,96.14,100,96.26,100,TGT
2025-10-29,9:36:15.015524460,T,96.14,100,96.26,200,TGT
2025-10-29,9:36:15.213977260,T,96.14,100,96.26,100,TGT
2025-10-29,9:36:20.763067046,T,96.14,100,96.34,200,TGT
2025-10-29,9:36:20.763077043,T,96.14,200,96.34,200,TGT
2025-10-29,9:36:20.763087150,T,96.23,100,96.34,200,TGT
2025-10-29,9:36:20.763087150,T,96.24,100,96.34,200,TGT
2025-10-29,9:36:20.763643649,T,96.23,100,96.34,200,TGT
2025-10-29,9:36:20.781350657,T,96.16,100,96.34,200,TGT
2025-10-29,9:36:20.863240703,T,96.14,200,96.34,200,TGT
2025-10-29,9:36:23.304075801,T,96.16,100,96.34,200,TGT
2025-10-29,9:36:23.304080790,T,96.14,200,96.34,200,TGT
2025-10-29,9:36:23.304096134,T,96.14,100,96.34,200,TGT
2025-10-29,9:36:23.304096134,T,96.14,200,96.34,200,TGT
2025-10-29,9:36:23.304105855,T,96.14,100,96.34,200,TGT
2025-10-29,9:36:23.304196072,T,96.14,200,96.34,200,TGT
2025-10-29,9:36:23.304216155,T,96.18,100,96.34,200,TGT
2025-10-29,9:36:23.304221185,T,96.22,100,96.34,200,TGT
2025-10-29,9:36:23.304226297,T,96.23,100,96.34,200,TGT
2025-10-29,9:36:23.555630073,T,96.23,100,96.3,100,TGT
2025-10-29,9:36:23.555670140,T,96.14,100,96.3,100,TGT
2025-10-29,9:36:27.376267160,T,96.17,100,96.3,100,TGT
2025-10-29,9:36:28.247046524,T,96.22,100,96.3,100,TGT
2025-10-29,9:36:28.269249553,T,96.24,100,96.3,100,TGT
2025-10-29,9:36:28.269304591,T,96.24,100,96.34,200,TGT
2025-10-29,9:36:28.269329674,T,96.28,100,96.34,200,TGT
2025-10-29,9:36:28.269334820,T,96.28,100,96.34,100,TGT
2025-10-29,9:36:28.269745639,T,96.3,100,96.34,100,TGT
2025-10-29,9:36:28.270116465,T,96.3,100,96.33,100,TGT
2025-10-29,9:36:28.270121488,T,96.3,100,96.32,100,TGT
2025-10-29,9:36:28.270171606,T,96.28,100,96.32,100,TGT
2025-10-29,9:36:28.270191990,T,96.28,100,96.31,100,TGT
2025-10-29,9:36:28.270256877,T,96.28,100,96.31,200,TGT
2025-10-29,9:36:28.270307006,T,96.28,100,96.31,100,TGT
2025-10-29,9:36:28.270307006,T,96.28,100,96.32,100,TGT
2025-10-29,9:36:28.270327312,T,96.29,100,96.32,100,TGT
2025-10-29,9:36:28.270757987,T,96.29,100,96.33,100,TGT
2025-10-29,9:36:28.271179034,T,96.29,100,96.34,100,TGT
2025-10-29,9:36:28.271595016,T,96.28,100,96.34,100,TGT
2025-10-29,9:36:28.272116230,T,96.29,100,96.34,100,TGT
2025-10-29,9:36:28.272672642,T,96.28,100,96.34,100,TGT
2025-10-29,9:36:28.369568409,T,96.27,100,96.34,100,TGT
2025-10-29,9:36:28.872927735,T,96.24,200,96.34,100,TGT
2025-10-29,9:36:29.106784704,T,96.29,100,96.34,100,TGT
2025-10-29,9:36:29.107341087,T,96.24,100,96.34,100,TGT
2025-10-29,9:36:29.107386196,T,96.24,100,96.34,200,TGT
2025-10-29,9:36:29.680581972,T,96.24,200,96.34,200,TGT
2025-10-29,9:36:29.680587026,T,96.25,100,96.34,200,TGT
2025-10-29,9:36:29.688766488,T,96.24,200,96.34,200,TGT
2025-10-29,9:36:31.159074194,T,96.24,200,96.34,100,TGT
2025-10-29,9:36:31.159079209,T,96.24,200,96.39,100,TGT
2025-10-29,9:36:31.159099311,T,96.31,100,96.39,100,TGT
2025-10-29,9:36:31.166156052,T,96.24,200,96.39,100,TGT
2025-10-29,9:36:31.166196138,T,96.26,100,96.39,100,TGT
2025-10-29,9:36:31.167053206,T,96.27,100,96.39,100,TGT
2025-10-29,9:36:32.925131675,T,96.29,100,96.39,100,TGT
2025-10-29,9:36:33.171358377,T,96.3,100,96.39,100,TGT
2025-10-29,9:36:33.447511244,T,96.3,200,96.39,100,TGT
2025-10-29,9:36:33.447511244,T,96.3,100,96.39,100,TGT
2025-10-29,9:36:33.447531308,T,96.33,100,96.39,100,TGT
2025-10-29,9:36:33.447892110,T,96.3,100,96.39,100,TGT
2025-10-29,9:36:33.448052565,T,96.3,100,96.46,300,TGT
2025-10-29,9:36:33.465504152,T,96.3,200,96.46,300,TGT
2025-10-29,9:36:33.465529168,T,96.3,100,96.46,300,TGT
2025-10-29,9:36:33.465529168,T,96.3,200,96.46,300,TGT
2025-10-29,9:36:33.467669305,T,96.3,100,96.46,300,TGT
2025-10-29,9:36:33.671149081,T,96.29,200,96.46,300,TGT
2025-10-29,9:36:33.673760287,T,96.3,100,96.46,300,TGT
2025-10-29,9:36:38.706690481,T,96.3,100,96.44,100,TGT
2025-10-29,9:36:40.626874876,T,96.3,100,96.44,200,TGT
2025-10-29,9:36:40.626945138,T,96.29,100,96.44,200,TGT
2025-10-29,9:36:40.627401193,T,96.29,100,96.44,100,TGT
2025-10-29,9:36:40.642386926,T,96.29,100,96.44,200,TGT
2025-10-29,9:36:43.636715452,T,96.3,200,96.44,200,TGT
2025-10-29,9:36:44.627380592,T,96.3,200,96.44,100,TGT
2025-10-29,9:36:48.083669678,T,96.3,200,96.47,100,TGT
2025-10-29,9:36:48.085143200,T,96.3,200,96.39,100,TGT
2025-10-29,9:36:48.085353664,T,96.3,200,96.39,200,TGT
2025-10-29,9:36:48.085559228,T,96.3,200,96.39,300,TGT
2025-10-29,9:36:48.087283300,T,96.3,200,96.39,200,TGT
2025-10-29,9:36:48.091418113,T,96.29,100,96.39,200,TGT
2025-10-29,9:36:48.091428421,T,96.29,100,96.38,100,TGT
2025-10-29,9:36:48.091443145,T,96.29,100,96.31,100,TGT
2025-10-29,9:36:48.091498515,T,96.29,100,96.31,200,TGT
2025-10-29,9:36:48.091613658,T,96.29,100,96.31,100,TGT
2025-10-29,9:36:48.091618867,T,96.29,100,96.33,100,TGT
2025-10-29,9:36:48.091693809,T,96.29,100,96.32,100,TGT
2025-10-29,9:36:48.091784003,T,96.29,100,96.31,100,TGT
2025-10-29,9:36:48.091964402,T,96.21,100,96.31,100,TGT
2025-10-29,9:36:48.092024508,T,96.21,100,96.31,200,TGT
2025-10-29,9:36:48.092049571,T,96.15,300,96.31,200,TGT
2025-10-29,9:36:48.092059665,T,96.15,300,96.3,100,TGT
2025-10-29,9:36:48.092069972,T,96.15,200,96.3,100,TGT
2025-10-29,9:36:48.092100048,T,96.15,300,96.3,100,TGT
2025-10-29,9:36:48.093062016,T,96.15,300,96.31,200,TGT
2025-10-29,9:36:48.242467958,T,96.15,300,96.31,100,TGT
2025-10-29,9:36:48.544893450,T,96.15,300,96.38,200,TGT
2025-10-29,9:36:48.545103967,T,96.15,300,96.38,300,TGT
2025-10-29,9:36:48.545319547,T,96.15,300,96.38,400,TGT
2025-10-29,9:36:48.979198187,T,96.15,300,96.38,300,TGT
2025-10-29,9:36:49.035853105,T,96.22,100,96.38,300,TGT
2025-10-29,9:36:49.035853105,T,96.23,100,96.38,300,TGT
2025-10-29,9:36:49.035883274,T,96.23,100,96.38,200,TGT
2025-10-29,9:36:49.042884863,T,96.21,100,96.38,200,TGT
2025-10-29,9:36:49.045947209,T,96.15,300,96.38,200,TGT
2025-10-29,9:36:49.046298090,T,96.22,100,96.38,200,TGT
2025-10-29,9:36:49.046298090,T,96.28,100,96.38,200,TGT
2025-10-29,9:36:49.046313080,T,96.23,100,96.38,200,TGT
2025-10-29,9:36:49.046323061,T,96.28,100,96.38,200,TGT
2025-10-29,9:36:49.046538608,T,96.28,100,96.38,100,TGT
2025-10-29,9:36:49.046563724,T,96.28,100,96.44,100,TGT
2025-10-29,9:36:49.047089888,T,96.28,100,96.38,100,TGT
2025-10-29,9:36:49.051440317,T,96.23,100,96.38,100,TGT
2025-10-29,9:36:49.053324808,T,96.21,100,96.38,100,TGT
2025-10-29,9:36:49.053399986,T,96.23,100,96.38,100,TGT
2025-10-29,9:36:49.085265869,T,96.27,100,96.38,100,TGT
2025-10-29,9:36:49.085321010,T,96.27,100,96.44,100,TGT
2025-10-29,9:36:49.085346024,T,96.35,100,96.44,100,TGT
2025-10-29,9:36:49.085346024,T,96.38,100,96.44,100,TGT
2025-10-29,9:36:49.085356049,T,96.38,100,96.47,200,TGT
2025-10-29,9:36:49.085376158,T,96.35,200,96.47,200,TGT
2025-10-29,9:36:49.085381128,T,96.35,100,96.47,200,TGT
2025-10-29,9:36:49.085406199,T,96.35,100,96.44,100,TGT
2025-10-29,9:36:49.085406199,T,96.35,100,96.47,200,TGT
2025-10-29,9:36:49.085431314,T,96.35,100,96.47,100,TGT
2025-10-29,9:36:49.085742549,T,96.37,100,96.47,100,TGT
2025-10-29,9:36:49.085746974,T,96.38,100,96.47,100,TGT
2025-10-29,9:36:49.085767089,T,96.38,200,96.47,100,TGT
2025-10-29,9:36:49.085787152,T,96.38,100,96.47,100,TGT
2025-10-29,9:36:49.085842250,T,96.39,200,96.47,100,TGT
2025-10-29,9:36:49.085897321,T,96.35,200,96.47,100,TGT
2025-10-29,9:36:49.085917382,T,96.39,100,96.47,100,TGT
2025-10-29,9:36:49.225895895,T,96.39,100,96.44,300,TGT
2025-10-29,9:36:49.226116433,T,96.39,100,96.44,400,TGT
2025-10-29,9:36:49.663648813,T,96.39,100,96.44,300,TGT
2025-10-29,9:36:49.740286403,T,96.36,100,96.44,300,TGT
2025-10-29,9:36:49.740306798,T,96.36,100,96.42,100,TGT
2025-10-29,9:36:49.740306798,T,96.36,100,96.41,100,TGT
2025-10-29,9:36:49.841667888,T,96.36,100,96.47,100,TGT
2025-10-29,9:36:49.843371964,T,96.36,100,96.4,100,TGT
2025-10-29,9:36:50.822705108,T,96.36,100,96.47,100,TGT
2025-10-29,9:36:50.822775290,T,96.4,100,96.47,100,TGT
2025-10-29,9:36:50.822845420,T,96.38,200,96.47,100,TGT
2025-10-29,9:36:50.822855425,T,96.4,100,96.47,100,TGT
2025-10-29,9:36:50.822915596,T,96.38,200,96.47,100,TGT
2025-10-29,9:36:50.822915596,T,96.38,100,96.47,100,TGT
2025-10-29,9:36:50.822960662,T,96.38,100,96.4,100,TGT
2025-10-29,9:36:50.823286423,T,96.36,100,96.4,100,TGT
2025-10-29,9:36:50.823376742,T,96.36,100,96.4,200,TGT
2025-10-29,9:36:50.823466857,T,96.36,100,96.4,300,TGT
2025-10-29,9:36:50.823602263,T,96.36,100,96.4,400,TGT
2025-10-29,9:36:55.978753650,T,96.27,100,96.4,400,TGT
2025-10-29,9:36:55.978773689,T,96.27,100,96.37,100,TGT
2025-10-29,9:36:55.978778782,T,96.27,100,96.37,200,TGT
2025-10-29,9:36:55.978798784,T,96.27,100,96.37,300,TGT
2025-10-29,9:36:55.979094500,T,96.27,100,96.37,400,TGT
2025-10-29,9:36:55.979370221,T,96.27,100,96.36,100,TGT
2025-10-29,9:36:55.979395252,T,96.27,100,96.35,100,TGT
2025-10-29,9:36:55.979420224,T,96.27,100,96.35,200,TGT
2025-10-29,9:36:55.982231976,T,96.27,100,96.35,100,TGT
2025-10-29,9:36:55.982231976,T,96.27,100,96.37,100,TGT
2025-10-29,9:36:55.982252067,T,96.27,200,96.37,100,TGT
2025-10-29,9:36:55.982252067,T,96.34,100,96.37,100,TGT
2025-10-29,9:36:55.982808316,T,96.33,100,96.37,100,TGT
2025-10-29,9:36:55.991188376,T,96.33,100,96.4,100,TGT
2025-10-29,9:36:55.991208388,T,96.33,100,96.47,200,TGT
2025-10-29,9:36:56.000640830,T,96.27,200,96.47,200,TGT
2025-10-29,9:36:56.000640830,T,96.27,100,96.47,200,TGT
2025-10-29,9:36:58.792597437,T,96.27,100,96.47,100,TGT
2025-10-29,9:36:59.075556514,T,96.27,200,96.47,100,TGT
2025-10-29,9:36:59.095098139,T,96.27,100,96.47,100,TGT
2025-10-29,9:36:59.095158404,T,96.33,100,96.47,100,TGT
2025-10-29,9:36:59.095158404,T,96.33,200,96.47,100,TGT
2025-10-29,9:36:59.286940127,T,96.33,200,96.49,100,TGT
2025-10-29,9:36:59.287466352,T,96.33,200,96.52,300,TGT
2025-10-29,9:36:59.307519096,T,96.33,200,96.52,200,TGT
2025-10-29,9:37:00.052053066,T,96.33,200,96.51,100,TGT
2025-10-29,9:37:00.388524490,T,96.33,200,96.52,200,TGT
2025-10-29,9:37:00.486136955,T,96.33,200,96.5,100,TGT
2025-10-29,9:37:01.011613927,T,96.34,100,96.5,100,TGT
2025-10-29,9:37:17.297112194,T,96.34,100,96.49,100,TGT
2025-10-29,9:37:17.297126943,T,96.34,100,96.48,100,TGT
2025-10-29,9:37:17.297131901,T,96.34,100,96.47,100,TGT
2025-10-29,9:37:17.304178693,T,96.34,100,96.48,100,TGT
2025-10-29,9:37:17.304288982,T,96.34,100,96.47,100,TGT
2025-10-29,9:37:17.322747938,T,96.34,100,96.45,100,TGT
2025-10-29,9:37:17.364742949,T,96.34,100,96.43,100,TGT
2025-10-29,9:37:17.482082508,T,96.34,100,96.44,100,TGT
2025-10-29,9:37:19.297372125,T,96.34,100,96.44,200,TGT
2025-10-29,9:37:19.298093772,T,96.34,100,96.44,100,TGT
2025-10-29,9:37:20.821718594,T,96.34,100,96.45,100,TGT
2025-10-29,9:37:21.826693326,T,96.27,100,96.45,100,TGT
2025-10-29,9:37:21.826708306,T,96.27,100,96.43,100,TGT
2025-10-29,9:37:21.826717994,T,96.27,100,96.37,100,TGT
2025-10-29,9:37:21.826717994,T,96.27,100,96.35,100,TGT
2025-10-29,9:37:21.826928486,T,96.27,100,96.34,100,TGT
2025-10-29,9:37:21.827334456,T,96.27,100,96.37,100,TGT
2025-10-29,9:37:21.926891622,T,96.27,100,96.42,200,TGT
2025-10-29,9:37:21.936484522,T,96.27,100,96.42,100,TGT
2025-10-29,9:37:21.936504572,T,96.27,200,96.42,100,TGT
2025-10-29,9:37:21.936509565,T,96.28,100,96.42,100,TGT
2025-10-29,9:37:21.936514582,T,96.3,100,96.42,100,TGT
2025-10-29,9:37:21.936534640,T,96.28,100,96.42,100,TGT
2025-10-29,9:37:21.936549678,T,96.3,100,96.42,100,TGT
2025-10-29,9:37:21.936549678,T,96.28,100,96.42,100,TGT
2025-10-29,9:37:21.936579658,T,96.28,200,96.42,100,TGT
2025-10-29,9:37:21.936755154,T,96.31,100,96.42,100,TGT
2025-10-29,9:37:21.936765107,T,96.28,200,96.42,100,TGT
2025-10-29,9:37:21.938664624,T,96.28,100,96.42,100,TGT
2025-10-29,9:37:22.026764537,T,96.28,100,96.43,100,TGT
2025-10-29,9:37:22.052596068,T,96.27,200,96.43,100,TGT
2025-10-29,9:37:25.015615017,T,96.3,100,96.43,100,TGT
2025-10-29,9:37:25.227234162,T,96.27,200,96.43,100,TGT
2025-10-29,9:37:25.227795545,T,96.27,200,96.43,200,TGT
2025-10-29,9:37:28.685773730,T,96.27,200,96.43,100,TGT
2025-10-29,9:37:31.492530287,T,96.27,200,96.42,100,TGT
2025-10-29,9:37:32.060302978,T,96.3,100,96.42,100,TGT
2025-10-29,9:37:32.060302978,T,96.31,100,96.42,100,TGT
2025-10-29,9:37:32.060317904,T,96.32,100,96.42,100,TGT
2025-10-29,9:37:32.060333008,T,96.31,100,96.42,100,TGT
2025-10-29,9:37:32.060337965,T,96.31,200,96.42,100,TGT
2025-10-29,9:37:32.060358007,T,96.31,200,96.43,100,TGT
2025-10-29,9:37:32.060378084,T,96.32,100,96.43,100,TGT
2025-10-29,9:37:32.060378084,T,96.4,100,96.43,100,TGT
2025-10-29,9:37:32.060383431,T,96.41,100,96.43,100,TGT
2025-10-29,9:37:32.060418251,T,96.4,100,96.43,100,TGT
2025-10-29,9:37:32.061185551,T,96.4,100,96.52,300,TGT
2025-10-29,9:37:32.061190144,T,96.4,100,96.52,200,TGT
2025-10-29,9:37:32.061245186,T,96.4,200,96.52,200,TGT
2025-10-29,9:37:32.061430598,T,96.42,100,96.52,200,TGT
2025-10-29,9:37:32.066823404,T,96.42,100,96.57,100,TGT
2025-10-29,9:37:32.066848463,T,96.42,100,96.59,200,TGT
2025-10-29,9:37:32.068773060,T,96.43,100,96.59,200,TGT
2025-10-29,9:37:32.068793140,T,96.43,200,96.59,200,TGT
2025-10-29,9:37:32.160451516,T,96.43,200,96.57,100,TGT
2025-10-29,9:37:32.161804750,T,96.43,200,96.59,200,TGT
2025-10-29,9:37:33.792179040,T,96.44,100,96.59,200,TGT
2025-10-29,9:37:33.792204192,T,96.44,200,96.59,200,TGT
2025-10-29,9:37:33.792209127,T,96.44,300,96.59,200,TGT
2025-10-29,9:37:33.792214177,T,96.44,200,96.59,200,TGT
2025-10-29,9:37:33.792239179,T,96.46,100,96.59,200,TGT
2025-10-29,9:37:33.792389599,T,96.46,200,96.59,200,TGT
2025-10-29,9:37:33.792399549,T,96.48,100,96.59,200,TGT
2025-10-29,9:37:33.792419678,T,96.48,200,96.59,200,TGT
2025-10-29,9:37:33.792955938,T,96.48,100,96.59,200,TGT
2025-10-29,9:37:37.545681231,T,96.48,200,96.59,200,TGT
2025-10-29,9:37:42.498861577,T,96.48,300,96.59,200,TGT
2025-10-29,9:37:42.498861577,T,96.48,400,96.59,200,TGT
2025-10-29,9:37:42.498881603,T,96.48,200,96.59,200,TGT
2025-10-29,9:37:42.498881603,T,96.49,200,96.59,200,TGT
2025-10-29,9:37:42.498896666,T,96.49,200,96.59,100,TGT
2025-10-29,9:37:42.498901667,T,96.49,100,96.59,100,TGT
2025-10-29,9:37:42.498931724,T,96.51,100,96.59,100,TGT
2025-10-29,9:37:42.498936739,T,96.51,200,96.59,100,TGT
2025-10-29,9:37:42.498946814,T,96.54,100,96.59,100,TGT
2025-10-29,9:37:42.499447972,T,96.54,100,96.6,200,TGT
2025-10-29,9:37:42.499467993,T,96.56,100,96.6,200,TGT
2025-10-29,9:37:42.499478017,T,96.56,100,96.6,100,TGT
2025-10-29,9:37:42.499513112,T,96.56,100,96.66,100,TGT
2025-10-29,9:37:42.499523120,T,96.56,200,96.66,100,TGT
2025-10-29,9:37:42.499548170,T,96.56,300,96.66,100,TGT
2025-10-29,9:37:42.499553272,T,96.56,100,96.66,100,TGT
2025-10-29,9:37:42.499553272,T,96.57,100,96.66,100,TGT
2025-10-29,9:37:42.499563200,T,96.56,100,96.66,100,TGT
2025-10-29,9:37:42.499593290,T,96.57,100,96.66,100,TGT
2025-10-29,9:37:42.500264879,T,96.57,100,96.68,100,TGT
2025-10-29,9:37:42.500756055,T,96.57,100,96.72,100,TGT
2025-10-29,9:37:42.505497364,T,96.57,100,96.76,100,TGT
2025-10-29,9:37:42.512253500,T,96.57,100,96.77,200,TGT
2025-10-29,9:37:42.512283589,T,96.57,100,96.77,100,TGT
2025-10-29,9:37:42.667638943,T,96.57,100,96.73,200,TGT
2025-10-29,9:37:42.687876991,T,96.57,200,96.73,200,TGT
2025-10-29,9:37:42.687876991,T,96.58,100,96.73,200,TGT
2025-10-29,9:37:42.687901954,T,96.58,200,96.73,200,TGT
2025-10-29,9:37:42.687901954,T,96.58,300,96.73,200,TGT
2025-10-29,9:37:42.687916974,T,96.58,100,96.73,200,TGT
2025-10-29,9:37:42.687946996,T,96.61,100,96.73,200,TGT
2025-10-29,9:37:43.909933117,T,96.61,200,96.73,200,TGT
2025-10-29,9:37:46.153022156,T,96.61,200,96.87,100,TGT
2025-10-29,9:37:46.153027083,T,96.61,200,96.79,200,TGT
2025-10-29,9:37:46.153057216,T,96.61,200,96.73,100,TGT
2025-10-29,9:37:46.252449027,T,96.61,200,96.79,200,TGT
2025-10-29,9:37:46.286334747,T,96.61,300,96.79,200,TGT
2025-10-29,9:37:46.286354774,T,96.61,200,96.79,200,TGT
2025-10-29,9:37:46.286354774,T,96.62,100,96.79,200,TGT
2025-10-29,9:37:46.286755689,T,96.62,100,96.79,300,TGT
2025-10-29,9:37:46.371963736,T,96.62,100,96.79,200,TGT
2025-10-29,9:37:51.044720805,T,96.61,200,96.79,200,TGT
2025-10-29,9:37:51.044720805,T,96.63,100,96.79,200,TGT
2025-10-29,9:37:56.260175779,T,96.63,100,96.79,300,TGT
2025-10-29,9:37:59.542029404,T,96.63,100,96.74,100,TGT
2025-10-29,9:37:59.542450411,T,96.63,100,96.74,200,TGT
2025-10-29,9:38:08.348885510,T,96.61,100,96.74,200,TGT
2025-10-29,9:38:08.348885510,T,96.61,100,96.73,100,TGT
2025-10-29,9:38:08.348905684,T,96.61,100,96.64,100,TGT
2025-10-29,9:38:08.349436774,T,96.61,100,96.66,100,TGT
2025-10-29,9:38:08.349677298,T,96.61,100,96.64,100,TGT
2025-10-29,9:38:08.349692410,T,96.61,100,96.63,100,TGT
2025-10-29,9:38:08.349727416,T,96.61,100,96.66,100,TGT
2025-10-29,9:38:08.349747931,T,96.61,100,96.64,100,TGT
2025-10-29,9:38:08.349752641,T,96.61,100,96.64,200,TGT
2025-10-29,9:38:08.349807634,T,96.61,100,96.63,100,TGT
2025-10-29,9:38:08.350198556,T,96.61,100,96.63,200,TGT
2025-10-29,9:38:08.350359000,T,96.61,100,96.62,100,TGT
2025-10-29,9:38:08.351471618,T,96.61,100,96.63,100,TGT
2025-10-29,9:38:08.351476695,T,96.61,100,96.64,100,TGT
2025-10-29,9:38:08.351697309,T,96.61,100,96.63,100,TGT
2025-10-29,9:38:08.354914854,T,96.61,100,96.64,100,TGT
2025-10-29,9:38:08.355401011,T,96.61,100,96.66,100,TGT
2025-10-29,9:38:08.355441083,T,96.61,100,96.71,100,TGT
2025-10-29,9:38:08.369695019,T,96.61,100,96.71,200,TGT
2025-10-29,9:38:08.369775254,T,96.61,100,96.71,100,TGT
2025-10-29,9:38:08.369815325,T,96.61,100,96.71,200,TGT
2025-10-29,9:38:08.448908710,T,96.61,100,96.71,100,TGT
2025-10-29,9:38:08.480423834,T,96.61,100,96.71,200,TGT
2025-10-29,9:38:08.547789359,T,96.61,100,96.71,100,TGT
2025-10-29,9:38:09.071091112,T,96.61,100,96.71,200,TGT
2025-10-29,9:38:10.574517886,T,96.61,100,96.69,100,TGT
2025-10-29,9:38:10.575750832,T,96.61,100,96.69,200,TGT
2025-10-29,9:38:14.454140658,T,96.61,100,96.69,100,TGT
2025-10-29,9:38:14.454140658,T,96.61,100,96.69,200,TGT
2025-10-29,9:38:14.579313921,T,96.61,100,96.69,100,TGT
2025-10-29,9:38:14.579338950,T,96.61,100,96.68,100,TGT
2025-10-29,9:38:14.579349010,T,96.61,100,96.67,100,TGT
2025-10-29,9:38:14.580316233,T,96.61,100,96.67,200,TGT
2025-10-29,9:38:16.449474139,T,96.61,100,96.67,100,TGT
2025-10-29,9:38:21.198327555,T,96.61,100,96.71,100,TGT
2025-10-29,9:38:21.198327555,T,96.61,100,96.72,100,TGT
2025-10-29,9:38:21.198347547,T,96.62,100,96.72,100,TGT
2025-10-29,9:38:21.198367644,T,96.62,200,96.72,100,TGT
2025-10-29,9:38:21.198387638,T,96.62,100,96.72,100,TGT
2025-10-29,9:38:21.198588184,T,96.62,100,96.71,100,TGT
2025-10-29,9:38:21.198588184,T,96.62,100,96.7,100,TGT
2025-10-29,9:38:21.198613503,T,96.62,100,96.71,100,TGT
2025-10-29,9:38:21.198653306,T,96.62,200,96.71,100,TGT
2025-10-29,9:38:21.199049250,T,96.62,200,96.67,100,TGT
2025-10-29,9:38:21.199470229,T,96.62,200,96.67,200,TGT
2025-10-29,9:38:21.208411536,T,96.62,100,96.67,200,TGT
2025-10-29,9:38:21.209830006,T,96.61,200,96.67,200,TGT
2025-10-29,9:38:21.209854983,T,96.61,100,96.67,200,TGT
2025-10-29,9:38:22.482777624,T,96.61,100,96.67,300,TGT
2025-10-29,9:38:22.545156228,T,96.55,100,96.67,300,TGT
2025-10-29,9:38:22.545181270,T,96.49,300,96.67,300,TGT
2025-10-29,9:38:22.545196341,T,96.49,300,96.67,400,TGT
2025-10-29,9:38:22.545206398,T,96.49,300,96.66,100,TGT
2025-10-29,9:38:22.545221343,T,96.49,300,96.64,100,TGT
2025-10-29,9:38:22.545236383,T,96.49,300,96.64,200,TGT
2025-10-29,9:38:22.545426852,T,96.49,300,96.63,100,TGT
2025-10-29,9:38:22.545456969,T,96.49,300,96.63,200,TGT
2025-10-29,9:38:22.545983159,T,96.49,300,96.63,100,TGT
2025-10-29,9:38:22.546073451,T,96.49,300,96.63,200,TGT
2025-10-29,9:38:22.551205690,T,96.58,600,96.63,200,TGT
2025-10-29,9:38:22.565755303,T,96.58,600,96.63,100,TGT
2025-10-29,9:38:22.756539746,T,96.58,600,96.64,100,TGT
2025-10-29,9:38:24.015218380,T,96.49,200,96.64,100,TGT
2025-10-29,9:38:24.015238444,T,96.49,200,96.6,100,TGT
2025-10-29,9:38:24.015278456,T,96.49,200,96.6,200,TGT
2025-10-29,9:38:24.015664440,T,96.49,200,96.6,300,TGT
2025-10-29,9:38:24.016541502,T,96.49,200,96.58,100,TGT
2025-10-29,9:38:24.017097824,T,96.49,200,96.6,300,TGT
2025-10-29,9:38:24.020861832,T,96.48,100,96.6,300,TGT
2025-10-29,9:38:24.020886886,T,96.44,200,96.6,300,TGT
2025-10-29,9:38:24.021358039,T,96.44,200,96.6,400,TGT
2025-10-29,9:38:24.026550391,T,96.44,200,96.6,300,TGT
2025-10-29,9:38:24.027953705,T,96.44,200,96.58,100,TGT
2025-10-29,9:38:24.035361292,T,96.44,200,96.6,200,TGT
2025-10-29,9:38:24.115376969,T,96.44,200,96.6,100,TGT
2025-10-29,9:38:24.378443751,T,96.44,200,96.58,100,TGT
2025-10-29,9:38:24.378864667,T,96.44,200,96.58,200,TGT
2025-10-29,9:38:24.987459604,T,96.44,200,96.58,100,TGT
2025-10-29,9:38:25.414261357,T,96.44,200,96.57,100,TGT
2025-10-29,9:38:26.905007986,T,96.44,100,96.57,100,TGT
2025-10-29,9:38:26.905012888,T,96.44,100,96.55,100,TGT
2025-10-29,9:38:27.914487913,T,96.44,100,96.54,100,TGT
2025-10-29,9:38:27.914523041,T,96.44,200,96.54,100,TGT
2025-10-29,9:38:27.914523041,T,96.45,100,96.54,100,TGT
2025-10-29,9:38:27.914573062,T,96.44,200,96.54,100,TGT
2025-10-29,9:38:27.914603194,T,96.45,100,96.54,100,TGT
2025-10-29,9:38:27.914633262,T,96.46,100,96.54,100,TGT
2025-10-29,9:38:28.014882115,T,96.44,200,96.54,100,TGT
2025-10-29,9:38:28.114609666,T,96.44,100,96.54,100,TGT
2025-10-29,9:38:28.288955047,T,96.44,100,96.55,100,TGT
2025-10-29,9:38:28.288975274,T,96.52,100,96.55,100,TGT
2025-10-29,9:38:28.288975274,T,96.54,100,96.55,100,TGT
2025-10-29,9:38:28.289010126,T,96.54,100,96.57,100,TGT
2025-10-29,9:38:28.289085393,T,96.54,100,96.64,100,TGT
2025-10-29,9:38:28.289496332,T,96.52,100,96.64,100,TGT
2025-10-29,9:38:28.299605397,T,96.48,100,96.64,100,TGT
2025-10-29,9:38:28.299605397,T,96.44,200,96.64,100,TGT
2025-10-29,9:38:28.325953158,T,96.44,200,96.66,100,TGT
2025-10-29,9:38:28.325978180,T,96.48,100,96.66,100,TGT
2025-10-29,9:38:28.465831424,T,96.44,200,96.66,100,TGT
2025-10-29,9:38:29.311185375,T,96.48,100,96.66,100,TGT
2025-10-29,9:38:29.794677185,T,96.5,100,96.66,100,TGT
2025-10-29,9:38:29.794692289,T,96.48,100,96.66,100,TGT
2025-10-29,9:38:29.794727274,T,96.49,100,96.66,100,TGT
2025-10-29,9:38:29.794802537,T,96.49,100,96.67,100,TGT
2025-10-29,9:38:29.794817506,T,96.48,100,96.67,100,TGT
2025-10-29,9:38:29.795789851,T,96.55,100,96.67,100,TGT
2025-10-29,9:38:29.805377731,T,96.55,100,96.64,100,TGT
2025-10-29,9:38:29.805397743,T,96.48,100,96.64,100,TGT
2025-10-29,9:38:29.842962208,T,96.48,100,96.66,100,TGT
2025-10-29,9:38:29.843017343,T,96.48,100,96.67,100,TGT
2025-10-29,9:38:29.904158077,T,96.48,100,96.64,100,TGT
2025-10-29,9:38:30.859629225,T,96.48,100,96.66,100,TGT
2025-10-29,9:38:30.859684364,T,96.48,100,96.67,100,TGT
2025-10-29,9:38:31.063905808,T,96.48,100,96.64,100,TGT
2025-10-29,9:38:31.070937567,T,96.48,100,96.66,100,TGT
2025-10-29,9:38:31.070992883,T,96.48,100,96.67,100,TGT
2025-10-29,9:38:31.071729460,T,96.48,100,96.64,100,TGT
2025-10-29,9:38:31.120756328,T,96.48,100,96.66,100,TGT
2025-10-29,9:38:31.120806365,T,96.48,100,96.67,100,TGT
2025-10-29,9:38:31.121252514,T,96.48,100,96.64,100,TGT
2025-10-29,9:38:31.770799891,T,96.48,100,96.66,100,TGT
2025-10-29,9:38:31.770875135,T,96.48,100,96.67,100,TGT
2025-10-29,9:38:35.834180499,T,96.55,100,96.67,100,TGT
2025-10-29,9:38:35.834330835,T,96.55,200,96.67,100,TGT
2025-10-29,9:38:35.834496207,T,96.56,100,96.67,100,TGT
2025-10-29,9:38:35.835618899,T,96.55,200,96.67,100,TGT
2025-10-29,9:38:35.877914632,T,96.55,200,96.66,100,TGT
2025-10-29,9:38:35.896052876,T,96.55,100,96.66,100,TGT
2025-10-29,9:38:38.059722383,T,96.48,100,96.66,100,TGT
2025-10-29,9:38:38.060173415,T,96.48,100,96.67,100,TGT
2025-10-29,9:38:39.292333780,T,96.48,100,96.66,100,TGT
2025-10-29,9:38:41.098431687,T,96.48,100,96.67,100,TGT
2025-10-29,9:38:41.098456771,T,96.56,100,96.67,100,TGT
2025-10-29,9:38:41.098501841,T,96.56,200,96.67,100,TGT
2025-10-29,9:38:41.098511909,T,96.56,100,96.67,100,TGT
2025-10-29,9:38:41.098516894,T,96.56,200,96.67,100,TGT
2025-10-29,9:38:41.098562005,T,96.59,100,96.67,100,TGT
2025-10-29,9:38:41.098572064,T,96.59,100,96.7,100,TGT
2025-10-29,9:38:41.099063237,T,96.59,100,96.66,100,TGT
2025-10-29,9:38:41.099885205,T,96.59,100,96.7,100,TGT
2025-10-29,9:38:41.099905253,T,96.66,100,96.7,100,TGT
2025-10-29,9:38:41.099910184,T,96.66,100,96.71,100,TGT
2025-10-29,9:38:41.099935307,T,96.66,200,96.71,100,TGT
2025-10-29,9:38:41.100406352,T,96.66,100,96.71,100,TGT
2025-10-29,9:38:41.100511631,T,96.66,100,96.72,100,TGT
2025-10-29,9:38:41.100546714,T,96.67,100,96.72,100,TGT
2025-10-29,9:38:41.100967742,T,96.64,100,96.72,100,TGT
2025-10-29,9:38:41.101012849,T,96.65,100,96.72,100,TGT
2025-10-29,9:38:41.101408766,T,96.64,100,96.72,100,TGT
2025-10-29,9:38:41.101749643,T,96.65,100,96.72,100,TGT
2025-10-29,9:38:41.102155588,T,96.64,100,96.72,100,TGT
2025-10-29,9:38:41.118158639,T,96.6,100,96.72,100,TGT
2025-10-29,9:38:41.118995731,T,96.64,100,96.72,100,TGT
2025-10-29,9:38:41.230250755,T,96.59,100,96.72,100,TGT
2025-10-29,9:38:41.231017545,T,96.58,200,96.72,100,TGT
2025-10-29,9:38:41.231052646,T,96.58,200,96.73,100,TGT
2025-10-29,9:38:41.231067643,T,96.61,100,96.73,100,TGT
2025-10-29,9:38:41.350206473,T,96.6,100,96.73,100,TGT
2025-10-29,9:38:41.351053465,T,96.61,100,96.73,100,TGT
2025-10-29,9:38:41.630669641,T,96.6,100,96.73,100,TGT
2025-10-29,9:38:42.226454062,T,96.6,100,96.74,100,TGT
2025-10-29,9:38:42.226484066,T,96.62,100,96.74,100,TGT
2025-10-29,9:38:42.226519158,T,96.62,200,96.74,100,TGT
2025-10-29,9:38:42.584136148,T,96.62,200,96.73,100,TGT
2025-10-29,9:38:42.584161318,T,96.62,100,96.73,100,TGT
2025-10-29,9:38:44.445736036,T,96.62,100,96.74,100,TGT
2025-10-29,9:38:44.445766176,T,96.65,100,96.74,100,TGT
2025-10-29,9:38:44.445921479,T,96.65,100,96.76,100,TGT
2025-10-29,9:38:44.614633474,T,96.62,100,96.76,100,TGT
2025-10-29,9:38:48.661369317,T,96.6,200,96.76,100,TGT
2025-10-29,9:38:48.661369317,T,96.6,100,96.76,100,TGT
2025-10-29,9:38:48.661394368,T,96.58,200,96.76,100,TGT
2025-10-29,9:38:48.661474561,T,96.58,100,96.76,100,TGT
2025-10-29,9:38:51.388210638,T,96.63,100,96.76,100,TGT
2025-10-29,9:38:51.388210638,T,96.64,100,96.76,100,TGT
2025-10-29,9:38:51.513829857,T,96.63,100,96.76,100,TGT
2025-10-29,9:38:54.548078686,T,96.63,100,96.74,100,TGT
2025-10-29,9:38:54.548083620,T,96.58,100,96.74,100,TGT
2025-10-29,9:38:54.548088752,T,96.58,100,96.72,100,TGT
2025-10-29,9:38:54.548103708,T,96.58,100,96.71,100,TGT
2025-10-29,9:38:54.548123750,T,96.58,100,96.68,100,TGT
2025-10-29,9:38:54.549025940,T,96.58,100,96.72,100,TGT
2025-10-29,9:38:54.549050896,T,96.58,100,96.74,100,TGT
2025-10-29,9:38:54.551105836,T,96.58,100,96.72,100,TGT
2025-10-29,9:38:54.557260461,T,96.58,100,96.74,100,TGT
2025-10-29,9:38:55.717208790,T,96.58,100,96.72,100,TGT
2025-10-29,9:38:56.445193031,T,96.58,100,96.7,100,TGT
2025-10-29,9:38:56.448601092,T,96.58,100,96.72,100,TGT
2025-10-29,9:39:00.188751564,T,96.58,100,96.68,100,TGT
2025-10-29,9:39:00.189337955,T,96.48,100,96.68,100,TGT
2025-10-29,9:39:00.189348019,T,96.48,100,96.68,200,TGT
2025-10-29,9:39:00.189493306,T,96.48,100,96.67,100,TGT
2025-10-29,9:39:00.189774042,T,96.45,100,96.67,100,TGT
2025-10-29,9:39:00.198730377,T,96.45,100,96.68,100,TGT
2025-10-29,9:39:00.199622522,T,96.45,100,96.66,100,TGT
2025-10-29,9:39:00.797782608,T,96.45,100,96.66,200,TGT
2025-10-29,9:39:00.798058158,T,96.45,100,96.64,100,TGT
2025-10-29,9:39:00.798068222,T,96.45,100,96.63,100,TGT
2025-10-29,9:39:00.872961702,T,96.45,100,96.64,100,TGT
2025-10-29,9:39:00.873893876,T,96.45,100,96.66,100,TGT
2025-10-29,9:39:01.007046162,T,96.45,100,96.61,100,TGT
2025-10-29,9:39:01.007111309,T,96.44,400,96.61,100,TGT
2025-10-29,9:39:01.007286678,T,96.44,400,96.6,100,TGT
2025-10-29,9:39:01.072862953,T,96.44,400,96.6,200,TGT
2025-10-29,9:39:02.280770614,T,96.44,400,96.57,100,TGT
2025-10-29,9:39:02.280805685,T,96.44,300,96.57,100,TGT
2025-10-29,9:39:02.280840748,T,96.44,400,96.57,100,TGT
2025-10-29,9:39:02.281326922,T,96.44,400,96.58,100,TGT
2025-10-29,9:39:02.331922415,T,96.44,300,96.58,100,TGT
2025-10-29,9:39:02.916765737,T,96.44,100,96.58,100,TGT
2025-10-29,9:39:03.834301602,T,96.44,100,96.55,100,TGT
2025-10-29,9:39:09.873439098,T,96.4,100,96.55,100,TGT
2025-10-29,9:39:10.017938383,T,96.39,200,96.55,100,TGT
2025-10-29,9:39:10.018003470,T,96.39,300,96.55,100,TGT
2025-10-29,9:39:10.906951235,T,96.39,200,96.55,100,TGT
2025-10-29,9:39:12.688901514,T,96.36,100,96.55,100,TGT
2025-10-29,9:39:13.073547837,T,96.36,100,96.54,100,TGT
2025-10-29,9:39:13.075357219,T,96.36,100,96.54,200,TGT
2025-10-29,9:39:13.091159886,T,96.36,100,96.54,100,TGT
2025-10-29,9:39:13.112260061,T,96.36,100,96.55,100,TGT
2025-10-29,9:39:13.374575032,T,96.36,100,96.54,100,TGT
2025-10-29,9:39:13.374585074,T,96.36,100,96.49,100,TGT
2025-10-29,9:39:13.374600048,T,96.34,300,96.49,100,TGT
2025-10-29,9:39:13.374790585,T,96.34,300,96.48,100,TGT
2025-10-29,9:39:13.391906330,T,96.34,300,96.54,100,TGT
2025-10-29,9:39:13.392302252,T,96.34,300,96.48,100,TGT
2025-10-29,9:39:13.447388483,T,96.34,300,96.48,200,TGT
2025-10-29,9:39:13.877427971,T,96.34,300,96.48,100,TGT
2025-10-29,9:39:13.917718954,T,96.34,300,96.48,200,TGT
2025-10-29,9:39:14.905808038,T,96.34,300,96.48,100,TGT
2025-10-29,9:39:15.502690174,T,96.34,300,96.48,200,TGT
2025-10-29,9:39:15.502895596,T,96.34,300,96.48,100,TGT
2025-10-29,9:39:15.766368266,T,96.34,300,96.47,100,TGT
2025-10-29,9:39:15.766884523,T,96.34,300,96.48,100,TGT
2025-10-29,9:39:15.983480543,T,96.34,300,96.47,100,TGT
2025-10-29,9:39:17.223504668,T,96.34,300,96.48,100,TGT
2025-10-29,9:39:17.223589916,T,96.34,300,96.54,100,TGT
2025-10-29,9:39:17.631712193,T,96.34,300,96.45,100,TGT
2025-10-29,9:39:18.703375302,T,96.39,100,96.45,100,TGT
2025-10-29,9:39:18.704603219,T,96.39,100,96.45,200,TGT
2025-10-29,9:39:21.927696715,T,96.39,100,96.45,300,TGT
2025-10-29,9:39:23.311894449,T,96.39,100,96.42,100,TGT
2025-10-29,9:39:23.322494721,T,96.39,100,96.41,100,TGT
2025-10-29,9:39:23.322509790,T,96.39,100,96.4,100,TGT
2025-10-29,9:39:23.322544790,T,96.39,100,96.4,200,TGT
2025-10-29,9:39:23.323186395,T,96.36,100,96.4,200,TGT
2025-10-29,9:39:23.323221484,T,96.31,100,96.4,200,TGT
2025-10-29,9:39:23.323547179,T,96.31,100,96.4,100,TGT
2025-10-29,9:39:25.558521635,T,96.31,100,96.39,100,TGT
2025-10-29,9:39:25.560401058,T,96.31,100,96.38,100,TGT
2025-10-29,9:39:25.560431151,T,96.31,100,96.38,200,TGT
2025-10-29,9:39:25.560987581,T,96.31,100,96.38,100,TGT
2025-10-29,9:39:25.560987581,T,96.31,100,96.41,100,TGT
2025-10-29,9:39:25.560992511,T,96.31,100,96.42,100,TGT
2025-10-29,9:39:25.561012536,T,96.36,100,96.42,100,TGT
2025-10-29,9:39:25.561057765,T,96.36,100,96.45,100,TGT
2025-10-29,9:39:25.561073004,T,96.37,100,96.45,100,TGT
2025-10-29,9:39:25.561799485,T,96.37,100,96.4,100,TGT
2025-10-29,9:39:25.563127635,T,96.36,100,96.4,100,TGT
2025-10-29,9:39:25.567397828,T,96.36,100,96.45,100,TGT
2025-10-29,9:39:25.567417788,T,96.38,100,96.45,100,TGT
2025-10-29,9:39:25.567417788,T,96.38,200,96.45,100,TGT
2025-10-29,9:39:25.567974106,T,96.38,100,96.45,100,TGT
2025-10-29,9:39:25.568465365,T,96.36,200,96.45,100,TGT
2025-10-29,9:39:25.575902983,T,96.36,100,96.45,100,TGT
2025-10-29,9:39:25.581356023,T,96.36,100,96.45,200,TGT
2025-10-29,9:39:25.661647280,T,96.34,200,96.45,200,TGT
2025-10-29,9:39:25.661672415,T,96.34,100,96.45,200,TGT
2025-10-29,9:39:25.678387214,T,96.34,100,96.42,100,TGT
2025-10-29,9:39:25.815829691,T,96.34,100,96.45,200,TGT
2025-10-29,9:39:26.292059303,T,96.34,100,96.42,100,TGT
2025-10-29,9:39:26.807156347,T,96.34,100,96.45,200,TGT
2025-10-29,9:39:26.958978076,T,96.34,100,96.42,100,TGT
2025-10-29,9:39:27.094656249,T,96.34,100,96.45,100,TGT
2025-10-29,9:39:27.094681327,T,96.39,100,96.45,100,TGT
2025-10-29,9:39:27.094731487,T,96.4,100,96.45,100,TGT
2025-10-29,9:39:27.099998971,T,96.39,100,96.45,100,TGT
2025-10-29,9:39:28.063364102,T,96.41,100,96.45,100,TGT
2025-10-29,9:39:28.064251026,T,96.42,100,96.45,100,TGT
2025-10-29,9:39:28.064261086,T,96.42,100,96.5,200,TGT
2025-10-29,9:39:28.064281124,T,96.45,100,96.5,200,TGT
2025-10-29,9:39:28.064897613,T,96.43,100,96.5,200,TGT
2025-10-29,9:39:28.069754224,T,96.42,100,96.5,200,TGT
2025-10-29,9:39:28.071132408,T,96.34,100,96.5,200,TGT
2025-10-29,9:39:28.072129807,T,96.34,200,96.5,200,TGT
2025-10-29,9:39:28.072159949,T,96.36,100,96.5,200,TGT
2025-10-29,9:39:28.072164937,T,96.36,100,96.5,100,TGT
2025-10-29,9:39:28.073498200,T,96.36,100,96.5,200,TGT
2025-10-29,9:39:30.226186685,T,96.36,100,96.47,100,TGT
2025-10-29,9:39:30.226262004,T,96.36,100,96.46,100,TGT
2025-10-29,9:39:30.516077301,T,96.34,100,96.46,100,TGT
2025-10-29,9:39:30.567790437,T,96.32,100,96.46,100,TGT
2025-10-29,9:39:30.567790437,T,96.31,100,96.46,100,TGT
2025-10-29,9:39:30.729275275,T,96.31,100,96.45,100,TGT
2025-10-29,9:39:30.782366703,T,96.31,100,96.44,100,TGT
2025-10-29,9:39:31.422256081,T,96.31,100,96.43,100,TGT
2025-10-29,9:39:31.422957748,T,96.31,100,96.41,100,TGT
2025-10-29,9:39:31.531942403,T,96.3,100,96.41,100,TGT
2025-10-29,9:39:32.509400972,T,96.27,200,96.41,100,TGT
2025-10-29,9:39:32.531638973,T,96.27,200,96.41,200,TGT
2025-10-29,9:39:32.531954681,T,96.27,100,96.41,200,TGT
2025-10-29,9:39:32.996250855,T,96.27,100,96.36,100,TGT
2025-10-29,9:39:32.996517236,T,96.24,300,96.36,100,TGT
2025-10-29,9:39:32.996531710,T,96.24,200,96.36,100,TGT
2025-10-29,9:39:32.996541593,T,96.24,200,96.34,100,TGT
2025-10-29,9:39:32.996812197,T,96.24,200,96.33,100,TGT
2025-10-29,9:39:32.996967564,T,96.24,200,96.32,100,TGT
2025-10-29,9:39:32.996987668,T,96.24,200,96.33,100,TGT
2025-10-29,9:39:32.997027721,T,96.24,200,96.32,100,TGT
2025-10-29,9:39:32.997062817,T,96.24,200,96.33,100,TGT
2025-10-29,9:39:32.997589091,T,96.15,800,96.33,100,TGT
2025-10-29,9:39:32.997609151,T,96.15,800,96.26,100,TGT
2025-10-29,9:39:32.997619160,T,96.15,700,96.26,100,TGT
2025-10-29,9:39:32.998801930,T,96.15,700,96.26,200,TGT
2025-10-29,9:39:33.097612424,T,96.15,700,96.26,100,TGT
2025-10-29,9:39:34.469175003,T,96.15,700,96.26,200,TGT
2025-10-29,9:39:34.469520828,T,96.15,700,96.26,100,TGT
2025-10-29,9:39:34.480466871,T,96.15,700,96.26,200,TGT
2025-10-29,9:39:35.372557138,T,96.15,700,96.26,300,TGT
2025-10-29,9:39:35.407294967,T,96.15,700,96.26,200,TGT
2025-10-29,9:39:36.263524664,T,96.15,700,96.26,100,TGT
2025-10-29,9:39:36.264356634,T,96.15,700,96.29,100,TGT
2025-10-29,9:39:37.479271076,T,96.15,700,96.26,200,TGT
2025-10-29,9:39:37.479696983,T,96.15,700,96.26,300,TGT
2025-10-29,9:39:37.839303811,T,96.15,700,96.26,200,TGT
2025-10-29,9:39:38.595400059,T,96.17,100,96.26,200,TGT
2025-10-29,9:39:42.138531166,T,96.21,100,96.26,200,TGT
2025-10-29,9:39:43.012463502,T,96.21,100,96.26,100,TGT
2025-10-29,9:39:43.012498200,T,96.21,100,96.34,100,TGT
2025-10-29,9:39:43.012538370,T,96.25,100,96.34,100,TGT
2025-10-29,9:39:43.012864037,T,96.26,100,96.34,100,TGT
2025-10-29,9:39:43.013139809,T,96.22,100,96.34,100,TGT
2025-10-29,9:39:43.016633039,T,96.21,100,96.34,100,TGT
2025-10-29,9:39:43.016853617,T,96.21,200,96.34,100,TGT
2025-10-29,9:39:43.016858579,T,96.23,100,96.34,100,TGT
2025-10-29,9:39:43.017114239,T,96.23,100,96.35,100,TGT
2025-10-29,9:39:43.017129231,T,96.23,100,96.34,100,TGT
2025-10-29,9:39:43.017154376,T,96.21,200,96.34,100,TGT
2025-10-29,9:39:43.017650543,T,96.21,100,96.34,100,TGT
2025-10-29,9:39:43.017710641,T,96.21,200,96.34,100,TGT
2025-10-29,9:39:43.189580061,T,96.21,200,96.35,100,TGT
2025-10-29,9:39:43.189670378,T,96.21,100,96.35,100,TGT
2025-10-29,9:39:44.013994207,T,96.21,100,96.37,100,TGT
2025-10-29,9:39:44.023842676,T,96.21,100,96.36,100,TGT
2025-10-29,9:39:44.033019603,T,96.21,100,96.37,100,TGT
2025-10-29,9:39:44.033059704,T,96.21,100,96.35,100,TGT
2025-10-29,9:39:44.042361773,T,96.21,100,96.37,100,TGT
2025-10-29,9:39:44.054751325,T,96.21,100,96.36,100,TGT
2025-10-29,9:39:44.063963326,T,96.21,100,96.37,100,TGT
2025-10-29,9:39:44.063998346,T,96.21,100,96.35,100,TGT
2025-10-29,9:39:44.074473323,T,96.21,100,96.37,100,TGT
2025-10-29,9:39:44.317883264,T,96.21,100,96.36,100,TGT
2025-10-29,9:39:44.326423564,T,96.21,100,96.37,100,TGT
2025-10-29,9:39:44.326463708,T,96.21,100,96.35,100,TGT
2025-10-29,9:39:44.336723151,T,96.21,100,96.37,100,TGT
2025-10-29,9:39:44.346336049,T,96.21,100,96.36,100,TGT
2025-10-29,9:39:44.347659097,T,96.21,100,96.35,100,TGT
2025-10-29,9:39:44.564215340,T,96.21,100,96.34,100,TGT
2025-10-29,9:39:44.573687617,T,96.21,100,96.35,100,TGT
2025-10-29,9:39:44.573722675,T,96.21,100,96.34,100,TGT
2025-10-29,9:39:44.583460868,T,96.21,100,96.35,100,TGT
2025-10-29,9:39:44.592778044,T,96.21,100,96.34,100,TGT
2025-10-29,9:39:44.602285712,T,96.21,100,96.35,100,TGT
2025-10-29,9:39:44.602320795,T,96.21,100,96.34,100,TGT
2025-10-29,9:39:47.148797747,T,96.21,100,96.34,200,TGT
2025-10-29,9:39:47.159392981,T,96.21,100,96.34,100,TGT
2025-10-29,9:39:47.165302087,T,96.17,100,96.34,100,TGT
2025-10-29,9:39:48.427529201,T,96.21,100,96.34,100,TGT
2025-10-29,9:39:48.610404860,T,96.21,100,96.34,200,TGT
2025-10-29,9:39:48.830854957,T,96.21,200,96.34,200,TGT
2025-10-29,9:39:48.831270982,T,96.21,200,96.34,100,TGT
2025-10-29,9:39:51.285452737,T,96.21,200,96.35,100,TGT
2025-10-29,9:39:51.285873781,T,96.21,200,96.35,200,TGT
2025-10-29,9:39:51.294860128,T,96.21,200,96.34,100,TGT
2025-10-29,9:39:51.304959229,T,96.21,200,96.35,200,TGT
2025-10-29,9:39:51.304994362,T,96.21,200,96.34,100,TGT
2025-10-29,9:39:51.366961934,T,96.21,200,96.34,200,TGT
2025-10-29,9:39:51.374469867,T,96.21,200,96.34,100,TGT
2025-10-29,9:39:51.630359534,T,96.21,200,96.34,200,TGT
2025-10-29,9:39:52.345207457,T,96.21,200,96.34,100,TGT
2025-10-29,9:39:54.273225667,T,96.21,200,96.35,100,TGT
2025-10-29,9:39:55.356275846,T,96.21,100,96.35,100,TGT
2025-10-29,9:39:58.163669117,T,96.21,100,96.34,100,TGT
2025-10-29,9:39:58.163734254,T,96.21,100,96.33,100,TGT
2025-10-29,9:39:58.164155326,T,96.21,100,96.33,200,TGT
2025-10-29,9:39:58.164626463,T,96.15,800,96.33,200,TGT
2025-10-29,9:40:00.069579656,T,96.15,800,96.32,100,TGT
2025-10-29,9:40:00.081788767,T,96.15,800,96.33,100,TGT
2025-10-29,9:40:00.082209771,T,96.15,800,96.33,200,TGT
2025-10-29,9:40:00.083487804,T,96.22,100,96.33,200,TGT
2025-10-29,9:40:00.094784683,T,96.22,100,96.32,100,TGT
2025-10-29,9:40:00.095817192,T,96.22,100,96.32,200,TGT
2025-10-29,9:40:00.106798294,T,96.22,100,96.32,100,TGT
2025-10-29,9:40:00.106833448,T,96.22,100,96.31,100,TGT
2025-10-29,9:40:00.161378402,T,96.22,100,96.31,200,TGT
2025-10-29,9:40:00.234487505,T,96.15,800,96.31,200,TGT
2025-10-29,9:40:00.475381594,T,96.15,700,96.31,200,TGT
2025-10-29,9:40:00.475426509,T,96.2,100,96.31,200,TGT
2025-10-29,9:40:00.611641050,T,96.22,100,96.31,200,TGT
2025-10-29,9:40:00.980083888,T,96.22,100,96.31,100,TGT
2025-10-29,9:40:00.980118976,T,96.22,200,96.31,100,TGT
2025-10-29,9:40:00.980123921,T,96.23,100,96.31,100,TGT
2025-10-29,9:40:00.987135592,T,96.22,100,96.31,100,TGT
2025-10-29,9:40:00.987646911,T,96.22,200,96.31,100,TGT
2025-10-29,9:40:01.080342715,T,96.22,100,96.31,100,TGT
2025-10-29,9:40:01.770752454,T,96.22,200,96.31,100,TGT
2025-10-29,9:40:01.770767628,T,96.22,100,96.31,100,TGT
2025-10-29,9:40:01.770772867,T,96.25,100,96.31,100,TGT
2025-10-29,9:40:01.771343822,T,96.25,100,96.37,100,TGT
2025-10-29,9:40:01.771363897,T,96.31,100,96.37,100,TGT
2025-10-29,9:40:01.771394043,T,96.31,200,96.37,100,TGT
2025-10-29,9:40:01.771519334,T,96.31,200,96.38,100,TGT
2025-10-29,9:40:01.771955318,T,96.31,100,96.38,100,TGT
2025-10-29,9:40:01.772231014,T,96.32,100,96.38,100,TGT
2025-10-29,9:40:01.772396354,T,96.32,100,96.4,100,TGT
2025-10-29,9:40:01.772431470,T,96.32,100,96.38,100,TGT
2025-10-29,9:40:01.782751013,T,96.32,100,96.41,200,TGT
2025-10-29,9:40:01.783212176,T,96.32,100,96.41,300,TGT
2025-10-29,9:40:01.791396660,T,96.25,200,96.41,300,TGT
2025-10-29,9:40:01.792113398,T,96.25,200,96.4,100,TGT
2025-10-29,9:40:01.792213681,T,96.26,100,96.4,100,TGT
2025-10-29,9:40:01.792218638,T,96.29,100,96.4,100,TGT
2025-10-29,9:40:01.794925326,T,96.29,200,96.4,100,TGT
2025-10-29,9:40:01.794930096,T,96.29,200,96.41,100,TGT
2025-10-29,9:40:01.794950136,T,96.32,100,96.41,100,TGT
2025-10-29,9:40:01.795150580,T,96.32,100,96.4,100,TGT
2025-10-29,9:40:01.805184471,T,96.32,100,96.43,100,TGT
2025-10-29,9:40:05.065817388,T,96.29,200,96.43,100,TGT
2025-10-29,9:40:05.070919586,T,96.29,200,96.41,100,TGT
2025-10-29,9:40:06.113167579,T,96.29,200,96.43,100,TGT
2025-10-29,9:40:08.293216229,T,96.29,200,96.4,200,TGT
2025-10-29,9:40:08.293637215,T,96.29,200,96.4,300,TGT
2025-10-29,9:40:16.340928455,T,96.29,200,96.4,400,TGT
2025-10-29,9:40:17.424299522,T,96.29,200,96.4,300,TGT
2025-10-29,9:40:20.876699356,T,96.29,200,96.4,200,TGT
2025-10-29,9:40:21.719542201,T,96.29,200,96.4,300,TGT
2025-10-29,9:40:26.719313535,T,96.29,400,96.4,300,TGT
2025-10-29,9:40:28.309993233,T,96.29,400,96.4,200,TGT
2025-10-29,9:40:30.086480415,T,96.29,500,96.4,200,TGT
2025-10-29,9:40:33.835307020,T,96.29,500,96.4,100,TGT
2025-10-29,9:40:33.835311811,T,96.29,500,96.43,100,TGT
2025-10-29,9:40:33.835311811,T,96.29,500,96.44,100,TGT
2025-10-29,9:40:33.835321694,T,96.3,100,96.44,100,TGT
2025-10-29,9:40:33.835326681,T,96.34,100,96.44,100,TGT
2025-10-29,9:40:33.835336725,T,96.39,100,96.44,100,TGT
2025-10-29,9:40:33.835351774,T,96.37,100,96.44,100,TGT
2025-10-29,9:40:33.835542230,T,96.37,100,96.45,200,TGT
2025-10-29,9:40:33.835562441,T,96.39,100,96.45,200,TGT
2025-10-29,9:40:33.835792856,T,96.4,100,96.45,200,TGT
2025-10-29,9:40:33.835873031,T,96.37,100,96.45,200,TGT
2025-10-29,9:40:33.836243967,T,96.37,100,96.45,100,TGT
2025-10-29,9:40:33.840819854,T,96.37,100,96.46,100,TGT
2025-10-29,9:40:33.854567540,T,96.34,100,96.46,100,TGT
2025-10-29,9:40:33.854587592,T,96.34,100,96.45,100,TGT
2025-10-29,9:40:34.058669034,T,96.34,100,96.47,100,TGT
2025-10-29,9:40:34.058693782,T,96.42,100,96.47,100,TGT
2025-10-29,9:40:34.058693782,T,96.45,100,96.47,100,TGT
2025-10-29,9:40:34.058698808,T,96.45,100,96.48,100,TGT
2025-10-29,9:40:34.058724170,T,96.45,100,96.5,200,TGT
2025-10-29,9:40:34.058728909,T,96.45,100,96.5,100,TGT
2025-10-29,9:40:34.058748939,T,96.46,100,96.5,100,TGT
2025-10-29,9:40:34.059490771,T,96.46,100,96.52,100,TGT
2025-10-29,9:40:34.059796450,T,96.42,100,96.52,100,TGT
2025-10-29,9:40:34.060032075,T,96.42,100,96.53,100,TGT
2025-10-29,9:40:34.061706001,T,96.42,200,96.53,100,TGT
2025-10-29,9:40:34.069855446,T,96.42,200,96.5,100,TGT
2025-10-29,9:40:34.079167580,T,96.42,100,96.5,100,TGT
2025-10-29,9:40:34.079187715,T,96.35,100,96.5,100,TGT
2025-10-29,9:40:34.079187715,T,96.34,200,96.5,100,TGT
2025-10-29,9:40:34.079217884,T,96.35,100,96.5,100,TGT
2025-10-29,9:40:34.079989569,T,96.38,100,96.5,100,TGT
2025-10-29,9:40:37.465635464,T,96.38,200,96.5,100,TGT
2025-10-29,9:40:42.944708407,T,96.4,100,96.5,100,TGT
2025-10-29,9:40:43.222921260,T,96.38,200,96.5,100,TGT
2025-10-29,9:40:44.053820638,T,96.38,100,96.5,100,TGT
2025-10-29,9:40:44.084243132,T,96.4,100,96.5,100,TGT
2025-10-29,9:40:45.902459961,T,96.41,100,96.5,100,TGT
2025-10-29,9:40:45.902810805,T,96.44,100,96.5,100,TGT
2025-10-29,9:40:45.902860914,T,96.43,100,96.5,100,TGT
2025-10-29,9:40:45.909486662,T,96.41,200,96.5,100,TGT
2025-10-29,9:40:45.920678320,T,96.41,100,96.5,100,TGT
2025-10-29,9:40:46.002513251,T,96.4,200,96.5,100,TGT
2025-10-29,9:40:46.823499315,T,96.4,100,96.5,100,TGT
2025-10-29,9:40:50.608782181,T,96.38,100,96.5,100,TGT
2025-10-29,9:40:52.848493027,T,96.4,100,96.5,100,TGT
2025-10-29,9:40:52.848959138,T,96.38,100,96.5,100,TGT
2025-10-29,9:40:57.764344297,T,96.4,100,96.5,100,TGT
2025-10-29,9:40:59.144246957,T,96.38,100,96.5,100,TGT
2025-10-29,9:40:59.144246957,T,96.34,200,96.5,100,TGT
2025-10-29,9:40:59.144246957,T,96.34,200,96.5,200,TGT
2025-10-29,9:40:59.144261868,T,96.34,200,96.49,100,TGT
2025-10-29,9:40:59.144271910,T,96.34,100,96.49,100,TGT
2025-10-29,9:40:59.144347042,T,96.34,100,96.48,100,TGT
2025-10-29,9:40:59.144392100,T,96.34,100,96.49,100,TGT
2025-10-29,9:40:59.145073776,T,96.34,100,96.48,100,TGT
2025-10-29,9:40:59.145083840,T,96.34,100,96.43,100,TGT
2025-10-29,9:40:59.145479749,T,96.31,100,96.43,100,TGT
2025-10-29,9:40:59.145514815,T,96.31,100,96.42,100,TGT
2025-10-29,9:40:59.146732725,T,96.31,100,96.42,200,TGT
2025-10-29,9:40:59.148045882,T,96.3,100,96.42,200,TGT
2025-10-29,9:40:59.874872348,T,96.29,400,96.42,200,TGT
2025-10-29,9:40:59.879723931,T,96.37,100,96.42,200,TGT
2025-10-29,9:40:59.879744078,T,96.29,400,96.42,200,TGT
2025-10-29,9:40:59.879748968,T,96.29,300,96.42,200,TGT
2025-10-29,9:40:59.879769005,T,96.29,300,96.39,100,TGT
2025-10-29,9:40:59.880325329,T,96.29,300,96.42,200,TGT
2025-10-29,9:40:59.880505818,T,96.29,300,96.42,100,TGT
2025-10-29,9:41:05.145970239,T,96.29,400,96.42,100,TGT
2025-10-29,9:41:05.145975337,T,96.3,100,96.42,100,TGT
2025-10-29,9:41:05.145975337,T,96.31,100,96.42,100,TGT
2025-10-29,9:41:05.146005286,T,96.3,100,96.42,100,TGT
2025-10-29,9:41:05.156625594,T,96.29,400,96.42,100,TGT
2025-10-29,9:41:05.156625594,T,96.29,300,96.42,100,TGT
2025-10-29,9:41:08.096474194,T,96.29,300,96.41,100,TGT
2025-10-29,9:41:08.106939178,T,96.29,300,96.42,100,TGT
2025-10-29,9:41:08.884075775,T,96.29,400,96.42,100,TGT
2025-10-29,9:41:08.884075775,T,96.3,100,96.42,100,TGT
2025-10-29,9:41:08.884086087,T,96.34,100,96.42,100,TGT
2025-10-29,9:41:08.884110713,T,96.31,100,96.42,100,TGT
2025-10-29,9:41:08.884120665,T,96.31,200,96.42,100,TGT
2025-10-29,9:41:08.884135772,T,96.37,100,96.42,100,TGT
2025-10-29,9:41:08.884155941,T,96.37,100,96.43,100,TGT
