DATE,TIME_M,EX,BID,BIDSIZ,ASK,ASKSIZ,SYM_ROOT
2025-12-29,9:30:00.081272647,T,98.15,100,99.85,100,TGT
2025-12-29,9:30:01.231392890,T,98.15,100,99.8,100,TGT
2025-12-29,9:30:01.231768818,T,98.15,100,99.8,200,TGT
2025-12-29,9:30:01.287496508,T,98.57,100,99.8,200,TGT
2025-12-29,9:30:01.298217030,T,98.57,100,99.8,100,TGT
2025-12-29,9:30:01.298227100,T,98.57,100,99.85,100,TGT
2025-12-29,9:30:01.298262199,T,98.57,100,99.55,200,TGT
2025-12-29,9:30:01.327406730,T,98.57,100,99.85,100,TGT
2025-12-29,9:30:01.327507110,T,98.57,100,99.51,200,TGT
2025-12-29,9:30:01.667752611,T,98.57,100,99.51,100,TGT
2025-12-29,9:30:01.667777580,T,98.57,100,99.95,200,TGT
2025-12-29,9:30:01.667797676,T,98.57,100,99.51,100,TGT
2025-12-29,9:30:01.667812722,T,98.57,100,99.95,200,TGT
2025-12-29,9:30:01.667837797,T,98.57,100,99.51,100,TGT
2025-12-29,9:30:01.770071312,T,98.57,100,99.95,200,TGT
2025-12-29,9:30:01.770116455,T,99.51,100,99.95,200,TGT
2025-12-29,9:30:01.770632646,T,98.57,100,99.95,200,TGT
2025-12-29,9:30:01.800563997,T,98.57,100,99.56,100,TGT
2025-12-29,9:30:01.939274511,T,98.57,100,99.95,200,TGT
2025-12-29,9:30:02.007000856,T,98.75,100,99.95,200,TGT
2025-12-29,9:30:02.020011931,T,98.75,100,99.6,100,TGT
2025-12-29,9:30:02.092479516,T,99.42,100,99.6,100,TGT
2025-12-29,9:30:02.092504557,T,98.75,100,99.6,100,TGT
2025-12-29,9:30:02.133246688,T,98.57,100,99.6,100,TGT
2025-12-29,9:30:02.208846762,T,98.75,100,99.6,100,TGT
2025-12-29,9:30:02.606644525,T,99.42,100,99.6,100,TGT
2025-12-29,9:30:02.614954315,T,98.75,100,99.6,100,TGT
2025-12-29,9:30:02.620246900,T,98.57,100,99.6,100,TGT
2025-12-29,9:30:02.620667950,T,98.75,100,99.6,100,TGT
2025-12-29,9:30:02.727332079,T,98.57,100,99.6,100,TGT
2025-12-29,9:30:03.220732505,T,98.76,100,99.6,100,TGT
2025-12-29,9:30:03.316420443,T,98.45,100,99.6,100,TGT
2025-12-29,9:30:03.316440514,T,98.45,100,99.52,100,TGT
2025-12-29,9:30:03.336438304,T,98.45,100,99.6,100,TGT
2025-12-29,9:30:03.593254902,T,99.33,100,99.6,100,TGT
2025-12-29,9:30:03.684732831,T,98.76,100,99.6,100,TGT
2025-12-29,9:30:03.685619936,T,99.33,100,99.6,100,TGT
2025-12-29,9:30:04.352934716,T,99.33,100,99.6,200,TGT
2025-12-29,9:30:04.843403086,T,99.33,100,99.52,100,TGT
2025-12-29,9:30:05.020951010,T,99.33,100,99.49,100,TGT
2025-12-29,9:30:05.140866791,T,99.0,100,99.49,100,TGT
2025-12-29,9:30:05.140871803,T,99.33,100,99.49,100,TGT
2025-12-29,9:30:05.140886808,T,99.25,100,99.49,100,TGT
2025-12-29,9:30:05.140886808,T,99.25,100,99.45,100,TGT
2025-12-29,9:30:05.140911920,T,99.0,100,99.45,100,TGT
2025-12-29,9:30:05.160884426,T,99.0,100,99.49,100,TGT
2025-12-29,9:30:05.511098833,T,99.0,100,99.44,100,TGT
2025-12-29,9:30:06.240972512,T,99.18,100,99.44,100,TGT
2025-12-29,9:30:06.381667717,T,99.24,100,99.44,100,TGT
2025-12-29,9:30:06.381697824,T,99.18,100,99.44,100,TGT
2025-12-29,9:30:07.323306223,T,99.0,100,99.44,100,TGT
2025-12-29,9:30:07.324995142,T,99.31,200,99.44,100,TGT
2025-12-29,9:30:08.124990960,T,99.31,200,99.49,100,TGT
2025-12-29,9:30:08.239533876,T,99.31,300,99.49,100,TGT
2025-12-29,9:30:08.239553903,T,99.31,200,99.49,100,TGT
2025-12-29,9:30:08.239604090,T,99.31,200,99.52,100,TGT
2025-12-29,9:30:08.239609037,T,99.31,200,99.49,100,TGT
2025-12-29,9:30:08.239624096,T,99.44,100,99.49,100,TGT
2025-12-29,9:30:08.239624096,T,99.44,100,99.52,100,TGT
2025-12-29,9:30:08.239629513,T,99.44,100,99.49,100,TGT
2025-12-29,9:30:08.239634092,T,99.44,100,99.52,100,TGT
2025-12-29,9:30:08.239644183,T,99.44,100,99.5,100,TGT
2025-12-29,9:30:08.239654179,T,99.31,200,99.5,100,TGT
2025-12-29,9:30:08.239679267,T,99.31,200,99.52,100,TGT
2025-12-29,9:30:08.239754430,T,99.42,100,99.52,100,TGT
2025-12-29,9:30:08.240130340,T,99.42,100,99.6,200,TGT
2025-12-29,9:30:08.259757004,T,99.31,200,99.6,200,TGT
2025-12-29,9:30:08.412024795,T,99.34,100,99.6,200,TGT
2025-12-29,9:30:09.020434100,T,99.34,200,99.6,200,TGT
2025-12-29,9:30:10.036168785,T,99.34,100,99.6,200,TGT
2025-12-29,9:30:10.252875033,T,99.0,200,99.6,200,TGT
2025-12-29,9:30:10.452866455,T,99.17,100,99.6,200,TGT
2025-12-29,9:30:10.565965950,T,99.0,200,99.6,200,TGT
2025-12-29,9:30:10.569273777,T,99.17,100,99.6,200,TGT
2025-12-29,9:30:10.663212576,T,99.18,100,99.6,200,TGT
2025-12-29,9:30:11.083859700,T,99.18,100,99.6,100,TGT
2025-12-29,9:30:11.083894877,T,99.18,100,99.5,100,TGT
2025-12-29,9:30:13.348866125,T,99.18,100,99.5,200,TGT
2025-12-29,9:30:18.937875751,T,99.24,100,99.5,200,TGT
2025-12-29,9:30:18.937900808,T,99.18,100,99.5,200,TGT
2025-12-29,9:30:21.521886807,T,99.24,100,99.5,200,TGT
2025-12-29,9:30:21.521886807,T,99.25,100,99.5,200,TGT
2025-12-29,9:30:21.521906816,T,99.24,100,99.5,200,TGT
2025-12-29,9:30:21.521911844,T,99.25,100,99.5,200,TGT
2025-12-29,9:30:21.523536061,T,99.25,100,99.5,100,TGT
2025-12-29,9:30:21.523536061,T,99.25,100,99.8,100,TGT
2025-12-29,9:30:21.523555768,T,99.5,100,99.8,100,TGT
2025-12-29,9:30:21.523635944,T,99.5,100,99.88,300,TGT
2025-12-29,9:30:21.523656035,T,99.51,100,99.88,300,TGT
2025-12-29,9:30:21.523741173,T,99.52,100,99.88,300,TGT
2025-12-29,9:30:21.523761310,T,99.52,200,99.88,300,TGT
2025-12-29,9:30:21.523876500,T,99.52,200,99.56,400,TGT
2025-12-29,9:30:21.524162368,T,99.52,100,99.56,400,TGT
2025-12-29,9:30:21.524167411,T,99.51,100,99.56,400,TGT
2025-12-29,9:30:21.524187713,T,99.25,100,99.56,400,TGT
2025-12-29,9:30:21.524192321,T,99.25,100,99.88,300,TGT
2025-12-29,9:30:21.524217484,T,99.25,100,99.51,400,TGT
2025-12-29,9:30:21.524247382,T,99.25,100,99.51,300,TGT
2025-12-29,9:30:21.524252407,T,99.25,100,99.51,200,TGT
2025-12-29,9:30:21.524257411,T,99.25,100,99.51,100,TGT
2025-12-29,9:30:21.524267443,T,99.25,100,99.88,300,TGT
2025-12-29,9:30:21.524282514,T,99.44,100,99.88,300,TGT
2025-12-29,9:30:21.524974117,T,99.51,300,99.88,300,TGT
2025-12-29,9:30:21.540305633,T,99.51,300,99.88,200,TGT
2025-12-29,9:30:21.540325767,T,99.52,100,99.88,200,TGT
2025-12-29,9:30:21.547372541,T,99.51,300,99.88,200,TGT
2025-12-29,9:30:21.547397558,T,99.51,300,99.88,300,TGT
2025-12-29,9:30:21.548961433,T,99.25,100,99.88,300,TGT
2025-12-29,9:30:21.548986333,T,99.18,100,99.88,300,TGT
2025-12-29,9:30:21.552229102,T,99.17,100,99.88,300,TGT
2025-12-29,9:30:21.552900700,T,99.13,100,99.88,300,TGT
2025-12-29,9:30:22.840738891,T,99.13,100,99.8,100,TGT
2025-12-29,9:30:22.853790043,T,99.13,100,99.57,100,TGT
2025-12-29,9:30:22.853794918,T,99.13,100,99.56,100,TGT
2025-12-29,9:30:22.853805043,T,99.13,100,99.52,100,TGT
2025-12-29,9:30:22.853814885,T,99.13,100,99.51,100,TGT
2025-12-29,9:30:22.853814885,T,99.13,100,99.57,100,TGT
2025-12-29,9:30:22.853819967,T,99.13,100,99.56,100,TGT
2025-12-29,9:30:22.853824999,T,99.13,100,99.51,100,TGT
2025-12-29,9:30:22.853870101,T,99.13,100,99.56,100,TGT
2025-12-29,9:30:22.953843259,T,99.13,100,99.57,100,TGT
2025-12-29,9:30:23.053831473,T,99.13,100,99.8,100,TGT
2025-12-29,9:30:24.425759896,T,99.13,100,99.57,100,TGT
2025-12-29,9:30:24.425925360,T,99.13,100,99.44,100,TGT
2025-12-29,9:30:24.426922576,T,99.13,100,99.57,100,TGT
2025-12-29,9:30:24.427283494,T,99.13,100,99.44,100,TGT
2025-12-29,9:30:24.427318607,T,99.13,100,99.34,100,TGT
2025-12-29,9:30:24.427458892,T,99.13,100,99.3,100,TGT
2025-12-29,9:30:24.427474093,T,99.0,200,99.3,100,TGT
2025-12-29,9:30:24.427478978,T,99.0,100,99.3,100,TGT
2025-12-29,9:30:24.427499026,T,99.0,100,99.13,100,TGT
2025-12-29,9:30:24.427569220,T,99.0,100,99.3,100,TGT
2025-12-29,9:30:24.427594268,T,99.0,100,99.33,100,TGT
2025-12-29,9:30:24.427594268,T,99.0,100,99.34,100,TGT
2025-12-29,9:30:24.427599283,T,99.0,200,99.34,100,TGT
2025-12-29,9:30:24.427604298,T,99.0,200,99.33,100,TGT
2025-12-29,9:30:24.457986684,T,99.0,100,99.33,100,TGT
2025-12-29,9:30:24.628076847,T,99.0,100,99.44,100,TGT
2025-12-29,9:30:24.641378530,T,99.0,100,99.57,100,TGT
2025-12-29,9:30:30.041242964,T,99.0,100,99.44,100,TGT
2025-12-29,9:30:30.218109432,T,99.0,100,99.57,100,TGT
2025-12-29,9:30:40.011485895,T,99.0,100,99.25,400,TGT
2025-12-29,9:30:41.070909730,T,99.0,200,99.25,400,TGT
2025-12-29,9:30:44.482256916,T,99.0,100,99.25,400,TGT
2025-12-29,9:30:44.482281888,T,99.0,200,99.25,400,TGT
2025-12-29,9:30:44.482763072,T,99.0,100,99.25,400,TGT
2025-12-29,9:30:44.489970214,T,99.0,100,99.25,500,TGT
2025-12-29,9:30:44.489985208,T,99.0,100,99.22,100,TGT
2025-12-29,9:30:44.490175669,T,99.0,100,99.25,400,TGT
2025-12-29,9:30:44.493739185,T,99.0,200,99.25,400,TGT
2025-12-29,9:30:44.794776384,T,99.0,100,99.25,400,TGT
2025-12-29,9:30:44.794776384,T,98.75,1600,99.25,400,TGT
2025-12-29,9:30:44.794796460,T,98.75,1600,99.12,100,TGT
2025-12-29,9:30:44.795377773,T,98.75,1500,99.12,100,TGT
2025-12-29,9:30:44.796620750,T,98.87,100,99.12,100,TGT
2025-12-29,9:30:44.808208370,T,98.75,1500,99.12,100,TGT
2025-12-29,9:30:44.808263518,T,98.75,1500,99.0,100,TGT
2025-12-29,9:30:44.815310221,T,98.75,1500,99.12,100,TGT
2025-12-29,9:30:44.822737938,T,98.75,1600,99.12,100,TGT
2025-12-29,9:30:44.894960001,T,98.75,1600,99.25,500,TGT
2025-12-29,9:30:44.894980015,T,98.75,1600,99.25,400,TGT
2025-12-29,9:30:44.896172901,T,98.81,100,99.25,400,TGT
2025-12-29,9:30:44.896192971,T,98.81,200,99.25,400,TGT
2025-12-29,9:30:45.311527480,T,98.9,100,99.25,400,TGT
2025-12-29,9:30:45.312329339,T,98.9,200,99.25,400,TGT
2025-12-29,9:30:46.964049281,T,98.9,100,99.25,400,TGT
2025-12-29,9:30:48.159602507,T,98.9,400,99.25,400,TGT
2025-12-29,9:30:48.461652112,T,98.9,100,99.25,400,TGT
2025-12-29,9:30:48.791016747,T,98.9,100,99.16,100,TGT
2025-12-29,9:30:49.756752477,T,98.94,100,99.16,100,TGT
2025-12-29,9:30:49.847303213,T,99.0,100,99.16,100,TGT
2025-12-29,9:30:49.847558822,T,99.02,100,99.16,100,TGT
2025-12-29,9:30:49.847644098,T,99.02,100,99.25,400,TGT
2025-12-29,9:30:49.847669212,T,99.1,100,99.25,400,TGT
2025-12-29,9:30:49.847674175,T,99.16,100,99.25,400,TGT
2025-12-29,9:30:49.847704246,T,98.75,1500,99.25,400,TGT
2025-12-29,9:30:49.847729291,T,98.75,1500,99.21,100,TGT
2025-12-29,9:30:49.848285552,T,98.75,1500,99.25,400,TGT
2025-12-29,9:30:49.848626378,T,98.75,1500,99.25,500,TGT
2025-12-29,9:30:49.849027329,T,99.05,100,99.25,500,TGT
2025-12-29,9:30:49.900364600,T,99.05,100,99.25,400,TGT
2025-12-29,9:30:50.054456768,T,99.05,100,99.25,300,TGT
2025-12-29,9:30:50.055509280,T,99.05,100,99.25,200,TGT
2025-12-29,9:30:50.131931338,T,99.09,100,99.25,200,TGT
2025-12-29,9:30:50.138973135,T,99.05,100,99.25,200,TGT
2025-12-29,9:30:50.210032380,T,99.05,100,99.25,100,TGT
2025-12-29,9:30:50.210062490,T,99.05,100,99.57,100,TGT
2025-12-29,9:30:50.210067421,T,99.09,100,99.57,100,TGT
2025-12-29,9:30:50.210082480,T,99.2,100,99.57,100,TGT
2025-12-29,9:30:50.210087476,T,99.25,100,99.57,100,TGT
2025-12-29,9:30:50.210122644,T,99.2,100,99.57,100,TGT
2025-12-29,9:30:50.210147698,T,99.2,100,99.45,100,TGT
2025-12-29,9:30:50.210167997,T,99.2,100,99.57,100,TGT
2025-12-29,9:30:50.210228320,T,99.09,100,99.57,100,TGT
2025-12-29,9:30:50.210252937,T,99.09,100,99.3,100,TGT
2025-12-29,9:30:50.210262935,T,99.09,100,99.29,100,TGT
2025-12-29,9:30:50.211099881,T,98.75,1500,99.29,100,TGT
2025-12-29,9:30:51.965810420,T,98.75,1500,99.57,100,TGT
2025-12-29,9:30:51.965845557,T,98.75,1500,99.44,100,TGT
2025-12-29,9:30:51.965860691,T,98.75,1500,99.57,100,TGT
2025-12-29,9:30:51.965870676,T,98.75,1500,99.44,100,TGT
2025-12-29,9:30:51.965885620,T,99.02,100,99.44,100,TGT
2025-12-29,9:30:51.965895565,T,99.02,100,99.57,100,TGT
2025-12-29,9:30:51.965935646,T,99.02,100,99.44,100,TGT
2025-12-29,9:30:51.965945777,T,99.02,100,99.26,100,TGT
2025-12-29,9:30:51.965971176,T,99.02,100,99.23,100,TGT
2025-12-29,9:30:51.965971176,T,99.02,100,99.26,100,TGT
2025-12-29,9:30:51.966106090,T,99.02,100,99.44,100,TGT
2025-12-29,9:30:51.966151190,T,99.1,100,99.44,100,TGT
2025-12-29,9:30:51.966196294,T,99.1,100,99.34,100,TGT
2025-12-29,9:30:51.966206285,T,99.02,100,99.34,100,TGT
2025-12-29,9:30:51.966231442,T,99.02,100,99.3,100,TGT
2025-12-29,9:30:51.966256486,T,99.02,100,99.34,100,TGT
2025-12-29,9:30:51.966261678,T,99.02,100,99.44,100,TGT
2025-12-29,9:30:51.966301636,T,99.02,100,99.34,100,TGT
2025-12-29,9:30:51.966366775,T,99.02,100,99.24,100,TGT
2025-12-29,9:30:51.966451887,T,99.09,100,99.24,100,TGT
2025-12-29,9:30:51.966502055,T,99.02,100,99.24,100,TGT
2025-12-29,9:30:51.966527142,T,99.02,100,99.24,200,TGT
2025-12-29,9:30:51.966547189,T,99.02,100,99.24,100,TGT
2025-12-29,9:30:51.966557154,T,99.02,100,99.24,200,TGT
2025-12-29,9:30:51.966943062,T,99.02,100,99.24,100,TGT
2025-12-29,9:30:51.976495828,T,99.02,100,99.44,100,TGT
2025-12-29,9:30:51.986224078,T,99.02,100,99.45,100,TGT
2025-12-29,9:30:51.986259139,T,99.02,100,99.44,100,TGT
2025-12-29,9:30:51.986670056,T,99.0,100,99.44,100,TGT
2025-12-29,9:30:51.986690263,T,99.0,100,99.26,100,TGT
2025-12-29,9:30:51.986715219,T,98.75,1600,99.26,100,TGT
2025-12-29,9:30:51.986715219,T,98.75,1600,99.44,100,TGT
2025-12-29,9:30:51.986750257,T,98.75,1500,99.44,100,TGT
2025-12-29,9:30:51.986775374,T,98.75,1500,99.26,100,TGT
2025-12-29,9:30:51.993721874,T,98.75,1500,99.44,200,TGT
2025-12-29,9:30:51.997490816,T,98.75,1500,99.44,100,TGT
2025-12-29,9:30:52.063914243,T,98.75,1500,99.26,100,TGT
2025-12-29,9:30:52.063919163,T,98.75,1500,99.18,100,TGT
2025-12-29,9:30:52.070955837,T,98.75,1500,99.26,100,TGT
2025-12-29,9:30:52.312837152,T,98.75,1500,99.45,100,TGT
2025-12-29,9:30:58.123550279,T,98.75,1500,99.44,100,TGT
2025-12-29,9:30:58.123550279,T,98.75,1500,99.13,100,TGT
2025-12-29,9:30:58.125815580,T,98.93,100,99.13,100,TGT
2025-12-29,9:30:58.133794660,T,98.93,100,99.44,100,TGT
2025-12-29,9:30:58.133814692,T,98.93,100,99.45,100,TGT
2025-12-29,9:30:59.944347966,T,98.75,1500,99.45,100,TGT
2025-12-29,9:31:00.004867145,T,98.93,200,99.45,100,TGT
2025-12-29,9:31:02.251048480,T,98.93,200,99.44,100,TGT
2025-12-29,9:31:03.656882930,T,98.93,200,99.36,200,TGT
2025-12-29,9:31:05.306412554,T,98.99,200,99.36,200,TGT
2025-12-29,9:31:05.577984573,T,98.99,200,99.46,100,TGT
2025-12-29,9:31:05.579282637,T,98.99,400,99.46,100,TGT
2025-12-29,9:31:05.663287858,T,98.99,400,99.42,200,TGT
2025-12-29,9:31:06.204572266,T,99.0,200,99.42,200,TGT
2025-12-29,9:31:06.214586099,T,98.99,200,99.42,200,TGT
2025-12-29,9:31:06.708267162,T,99.01,200,99.42,200,TGT
2025-12-29,9:31:06.709535250,T,98.99,200,99.42,200,TGT
2025-12-29,9:31:07.210739305,T,99.02,200,99.42,200,TGT
2025-12-29,9:31:07.220758177,T,98.99,200,99.42,200,TGT
2025-12-29,9:31:07.715010638,T,99.02,200,99.42,200,TGT
2025-12-29,9:31:07.725029542,T,98.99,200,99.42,200,TGT
2025-12-29,9:31:08.220154157,T,98.99,400,99.42,200,TGT
2025-12-29,9:31:13.021272106,T,98.99,200,99.42,200,TGT
2025-12-29,9:31:13.268506069,T,98.99,200,99.14,100,TGT
2025-12-29,9:31:13.275542881,T,98.99,200,99.42,200,TGT
2025-12-29,9:31:13.312079889,T,98.99,200,99.4,100,TGT
2025-12-29,9:31:13.312079889,T,98.99,200,99.33,100,TGT
2025-12-29,9:31:13.312140080,T,98.99,200,99.34,100,TGT
2025-12-29,9:31:13.321898311,T,98.99,200,99.42,200,TGT
2025-12-29,9:31:13.334723928,T,98.99,200,99.42,300,TGT
2025-12-29,9:31:13.334793982,T,98.99,200,99.4,100,TGT
2025-12-29,9:31:13.334854211,T,98.99,100,99.4,100,TGT
2025-12-29,9:31:13.334879237,T,98.99,100,99.06,100,TGT
2025-12-29,9:31:13.334899271,T,98.84,100,99.06,100,TGT
2025-12-29,9:31:13.334924355,T,98.84,100,99.4,100,TGT
2025-12-29,9:31:13.334929339,T,98.8,200,99.4,100,TGT
2025-12-29,9:31:13.334949443,T,98.99,100,99.4,100,TGT
2025-12-29,9:31:13.334974512,T,98.99,300,99.4,100,TGT
2025-12-29,9:31:13.526230100,T,98.99,300,99.42,300,TGT
2025-12-29,9:31:13.526260130,T,98.99,300,99.4,100,TGT
2025-12-29,9:31:15.218045691,T,98.99,300,99.34,100,TGT
2025-12-29,9:31:15.218050702,T,98.99,300,99.4,100,TGT
2025-12-29,9:31:15.218075693,T,98.99,300,99.42,300,TGT
2025-12-29,9:31:17.021938256,T,98.99,100,99.42,300,TGT
2025-12-29,9:31:17.404565095,T,98.99,100,99.42,100,TGT
2025-12-29,9:31:17.404565095,T,98.99,100,99.34,200,TGT
2025-12-29,9:31:20.576050415,T,98.87,200,99.34,200,TGT
2025-12-29,9:31:20.576050415,T,99.1,100,99.34,200,TGT
2025-12-29,9:31:20.576065508,T,98.87,200,99.34,200,TGT
2025-12-29,9:31:20.576997691,T,99.0,100,99.34,200,TGT
2025-12-29,9:31:26.956936900,T,99.0,100,99.34,300,TGT
2025-12-29,9:31:26.963963635,T,99.0,100,99.34,200,TGT
2025-12-29,9:31:32.842262905,T,98.93,200,99.34,200,TGT
2025-12-29,9:31:34.670072499,T,99.0,100,99.34,200,TGT
2025-12-29,9:31:38.183763304,T,98.93,200,99.34,200,TGT
2025-12-29,9:31:38.184590294,T,99.06,100,99.34,200,TGT
2025-12-29,9:31:38.184630377,T,98.93,200,99.34,200,TGT
2025-12-29,9:31:38.184700535,T,99.06,100,99.34,200,TGT
2025-12-29,9:31:38.184740661,T,99.0,200,99.34,200,TGT
2025-12-29,9:31:38.184880967,T,99.0,200,99.46,100,TGT
2025-12-29,9:31:38.184886045,T,99.0,200,99.41,200,TGT
2025-12-29,9:31:38.194734449,T,98.93,200,99.41,200,TGT
2025-12-29,9:31:39.920250261,T,98.93,200,99.57,300,TGT
2025-12-29,9:31:39.928023858,T,99.0,200,99.57,300,TGT
2025-12-29,9:31:39.928229341,T,99.0,300,99.57,300,TGT
2025-12-29,9:31:39.961453461,T,99.0,100,99.57,300,TGT
2025-12-29,9:31:40.497385300,T,99.08,100,99.57,300,TGT
2025-12-29,9:31:40.501540164,T,99.08,100,99.57,200,TGT
2025-12-29,9:31:40.507434300,T,99.08,100,99.54,200,TGT
2025-12-29,9:31:40.507439252,T,98.97,100,99.54,200,TGT
2025-12-29,9:31:40.517448155,T,98.97,100,99.57,200,TGT
2025-12-29,9:31:41.003957151,T,98.97,100,99.57,300,TGT
2025-12-29,9:31:42.833380627,T,98.97,100,99.57,100,TGT
2025-12-29,9:31:42.833380627,T,98.97,100,99.44,200,TGT
2025-12-29,9:31:43.559360119,T,98.93,200,99.44,200,TGT
2025-12-29,9:31:47.597345110,T,98.93,200,99.27,100,TGT
2025-12-29,9:31:49.315142455,T,98.93,200,99.25,2000,TGT
2025-12-29,9:31:49.344868258,T,99.0,100,99.25,2000,TGT
2025-12-29,9:31:52.190307148,T,99.05,100,99.25,2000,TGT
2025-12-29,9:31:56.575449295,T,98.93,200,99.25,2000,TGT
2025-12-29,9:31:56.575484385,T,98.93,200,99.27,100,TGT
2025-12-29,9:31:56.575504591,T,99.15,100,99.27,100,TGT
2025-12-29,9:31:56.575509439,T,99.15,200,99.27,100,TGT
2025-12-29,9:31:56.575734946,T,99.15,200,99.36,200,TGT
2025-12-29,9:31:56.575759977,T,99.15,300,99.36,200,TGT
2025-12-29,9:31:56.575780463,T,99.15,200,99.36,200,TGT
2025-12-29,9:31:56.576596986,T,99.15,200,99.57,100,TGT
2025-12-29,9:31:56.576607037,T,99.15,200,99.48,200,TGT
2025-12-29,9:31:56.576762381,T,99.15,100,99.48,200,TGT
2025-12-29,9:31:56.675833445,T,99.06,100,99.48,200,TGT
2025-12-29,9:31:56.675833445,T,98.93,200,99.48,200,TGT
2025-12-29,9:32:01.784414107,T,98.89,100,99.48,200,TGT
2025-12-29,9:32:01.784414107,T,99.0,200,99.48,200,TGT
2025-12-29,9:32:02.018351128,T,99.0,200,99.57,100,TGT
2025-12-29,9:32:02.018351128,T,99.0,200,99.42,200,TGT
2025-12-29,9:32:06.690727280,T,99.0,300,99.42,200,TGT
2025-12-29,9:32:08.492539999,T,99.15,100,99.42,200,TGT
2025-12-29,9:32:08.496629657,T,99.04,100,99.42,200,TGT
2025-12-29,9:32:09.096373508,T,99.15,100,99.42,200,TGT
2025-12-29,9:32:09.097155526,T,99.0,200,99.42,200,TGT
2025-12-29,9:32:15.241173045,T,99.0,200,99.31,100,TGT
2025-12-29,9:32:15.241403379,T,99.0,200,99.42,200,TGT
2025-12-29,9:32:15.241648967,T,99.0,200,99.31,100,TGT
2025-12-29,9:32:15.241653888,T,99.0,200,99.29,100,TGT
2025-12-29,9:32:15.241683981,T,99.0,200,99.42,200,TGT
2025-12-29,9:32:15.241734151,T,99.05,200,99.42,200,TGT
2025-12-29,9:32:15.241899463,T,99.05,300,99.42,200,TGT
2025-12-29,9:32:15.242064923,T,99.15,300,99.42,200,TGT
2025-12-29,9:32:15.242084934,T,99.15,500,99.42,200,TGT
2025-12-29,9:32:15.242084934,T,99.15,600,99.42,200,TGT
2025-12-29,9:32:15.242110046,T,99.15,900,99.42,200,TGT
2025-12-29,9:32:15.242736498,T,99.15,1000,99.42,200,TGT
2025-12-29,9:32:17.617684421,T,99.15,900,99.42,200,TGT
2025-12-29,9:32:19.847075513,T,99.15,1000,99.42,200,TGT
2025-12-29,9:32:19.847090827,T,99.15,600,99.42,200,TGT
2025-12-29,9:32:19.847090827,T,99.15,300,99.42,200,TGT
2025-12-29,9:32:19.847095620,T,99.16,400,99.42,200,TGT
2025-12-29,9:32:19.847095620,T,99.16,600,99.42,200,TGT
2025-12-29,9:32:19.847095620,T,99.16,700,99.42,200,TGT
2025-12-29,9:32:19.847115606,T,99.16,1000,99.42,200,TGT
2025-12-29,9:32:19.847190864,T,99.16,900,99.42,200,TGT
2025-12-29,9:32:21.537438348,T,99.24,100,99.42,200,TGT
2025-12-29,9:32:21.537452698,T,99.31,200,99.42,200,TGT
2025-12-29,9:32:21.537457897,T,99.31,300,99.42,200,TGT
2025-12-29,9:32:21.537477775,T,99.31,500,99.42,200,TGT
2025-12-29,9:32:21.537502760,T,99.31,400,99.42,200,TGT
2025-12-29,9:32:21.537507820,T,99.31,800,99.42,200,TGT
2025-12-29,9:32:21.537833647,T,99.31,800,99.57,100,TGT
2025-12-29,9:32:21.537838613,T,99.31,800,99.5,200,TGT
2025-12-29,9:32:21.538279649,T,99.31,500,99.5,200,TGT
2025-12-29,9:32:21.538284616,T,99.33,100,99.5,200,TGT
2025-12-29,9:32:21.538284616,T,99.36,100,99.5,200,TGT
2025-12-29,9:32:21.538304672,T,99.36,500,99.5,200,TGT
2025-12-29,9:32:21.538304672,T,99.36,600,99.5,200,TGT
2025-12-29,9:32:21.538304672,T,99.36,800,99.5,200,TGT
2025-12-29,9:32:21.555575847,T,99.36,800,99.6,100,TGT
2025-12-29,9:32:21.555595953,T,99.36,800,99.64,100,TGT
2025-12-29,9:32:21.668359620,T,99.36,800,99.58,200,TGT
2025-12-29,9:32:22.005673119,T,99.36,900,99.58,200,TGT
2025-12-29,9:32:24.102012225,T,99.36,800,99.58,200,TGT
2025-12-29,9:32:24.102037604,T,99.36,700,99.58,200,TGT
2025-12-29,9:32:24.102037604,T,99.36,300,99.58,200,TGT
2025-12-29,9:32:24.102037604,T,99.15,100,99.58,200,TGT
2025-12-29,9:32:24.102037604,T,99.09,100,99.58,200,TGT
2025-12-29,9:32:24.102042360,T,99.08,100,99.58,200,TGT
2025-12-29,9:32:24.102062469,T,99.08,100,99.39,100,TGT
2025-12-29,9:32:24.102062469,T,99.08,100,99.36,100,TGT
2025-12-29,9:32:24.102613780,T,99.08,100,99.39,100,TGT
2025-12-29,9:32:24.102613780,T,99.08,100,99.57,100,TGT
2025-12-29,9:32:24.103405799,T,99.08,100,99.51,100,TGT
2025-12-29,9:32:24.103525859,T,99.08,100,99.57,100,TGT
2025-12-29,9:32:24.103661211,T,99.06,200,99.57,100,TGT
2025-12-29,9:32:24.104022092,T,99.04,100,99.57,100,TGT
2025-12-29,9:32:24.104027062,T,99.15,200,99.57,100,TGT
2025-12-29,9:32:24.104032067,T,99.15,200,99.51,200,TGT
2025-12-29,9:32:24.178910490,T,99.15,200,99.5,100,TGT
2025-12-29,9:32:24.178935557,T,99.15,200,99.48,100,TGT
2025-12-29,9:32:24.186393349,T,99.15,200,99.5,100,TGT
2025-12-29,9:32:24.189626054,T,99.15,200,99.51,200,TGT
2025-12-29,9:32:24.225862295,T,99.15,200,99.57,100,TGT
2025-12-29,9:32:24.225867373,T,99.15,200,99.45,200,TGT
2025-12-29,9:32:25.415471509,T,99.04,100,99.45,200,TGT
2025-12-29,9:32:25.415471509,T,99.09,200,99.45,200,TGT
2025-12-29,9:32:26.641367061,T,99.09,200,99.58,100,TGT
2025-12-29,9:32:26.641372093,T,99.09,200,99.55,200,TGT
2025-12-29,9:32:27.262682260,T,99.09,200,99.42,100,TGT
2025-12-29,9:32:27.451331698,T,99.09,200,99.55,200,TGT
2025-12-29,9:32:28.622652253,T,99.09,200,99.41,100,TGT
2025-12-29,9:32:28.623288939,T,99.09,200,99.34,100,TGT
2025-12-29,9:32:28.623679742,T,99.09,200,99.41,100,TGT
2025-12-29,9:32:28.623950371,T,99.09,200,99.34,100,TGT
2025-12-29,9:32:28.624416490,T,99.09,200,99.41,100,TGT
2025-12-29,9:32:28.868713576,T,98.97,100,99.41,100,TGT
2025-12-29,9:32:28.868713576,T,98.98,200,99.41,100,TGT
2025-12-29,9:32:29.626558865,T,98.98,200,99.55,200,TGT
2025-12-29,9:32:29.818536291,T,98.97,100,99.55,200,TGT
2025-12-29,9:32:29.818541270,T,99.06,200,99.55,200,TGT
2025-12-29,9:32:30.927012202,T,99.15,200,99.55,200,TGT
2025-12-29,9:32:31.428306251,T,99.16,200,99.55,200,TGT
2025-12-29,9:32:31.438320108,T,99.06,200,99.55,200,TGT
2025-12-29,9:32:31.931474962,T,99.17,200,99.55,200,TGT
2025-12-29,9:32:32.432638984,T,99.18,200,99.55,200,TGT
2025-12-29,9:32:33.355637847,T,99.21,200,99.55,200,TGT
2025-12-29,9:32:33.365661749,T,99.06,200,99.55,200,TGT
2025-12-29,9:32:38.073387225,T,99.06,200,99.44,100,TGT
2025-12-29,9:32:45.358758627,T,99.03,100,99.44,100,TGT
2025-12-29,9:32:45.358763685,T,99.13,200,99.44,100,TGT
2025-12-29,9:32:47.147024119,T,99.13,200,99.41,100,TGT
2025-12-29,9:32:47.149760664,T,98.97,100,99.41,100,TGT
2025-12-29,9:32:47.149770628,T,99.04,200,99.41,100,TGT
2025-12-29,9:32:47.164004603,T,99.04,200,99.44,100,TGT
2025-12-29,9:32:47.493825283,T,98.97,100,99.44,100,TGT
2025-12-29,9:32:47.493825283,T,99.11,200,99.44,100,TGT
2025-12-29,9:32:48.917953071,T,99.11,200,99.55,200,TGT
2025-12-29,9:32:48.919306198,T,99.21,200,99.55,200,TGT
2025-12-29,9:32:51.084554684,T,99.21,200,99.44,300,TGT
2025-12-29,9:32:51.334294649,T,99.11,200,99.44,300,TGT
2025-12-29,9:32:55.966906040,T,99.21,200,99.44,300,TGT
2025-12-29,9:32:56.467659038,T,99.22,200,99.44,300,TGT
2025-12-29,9:32:56.474430230,T,99.31,100,99.44,300,TGT
2025-12-29,9:32:56.474445197,T,99.25,100,99.44,300,TGT
2025-12-29,9:32:56.475161943,T,99.23,100,99.44,300,TGT
2025-12-29,9:32:56.475432614,T,99.22,300,99.44,300,TGT
2025-12-29,9:32:56.484819981,T,99.22,200,99.44,300,TGT
2025-12-29,9:32:56.485010488,T,99.22,300,99.44,300,TGT
2025-12-29,9:32:56.485010488,T,99.23,100,99.44,300,TGT
2025-12-29,9:32:56.485015444,T,99.26,100,99.44,300,TGT
2025-12-29,9:32:56.485015444,T,99.34,100,99.44,300,TGT
2025-12-29,9:32:56.485030484,T,99.28,100,99.44,300,TGT
2025-12-29,9:32:56.492052224,T,99.26,100,99.44,300,TGT
2025-12-29,9:32:56.585078829,T,99.22,200,99.44,300,TGT
2025-12-29,9:32:56.597433369,T,99.11,200,99.44,300,TGT
2025-12-29,9:32:58.262024189,T,99.22,100,99.44,300,TGT
2025-12-29,9:32:58.262024189,T,99.27,100,99.44,300,TGT
2025-12-29,9:32:58.262029034,T,99.34,100,99.44,300,TGT
2025-12-29,9:32:58.262049102,T,99.29,100,99.44,300,TGT
2025-12-29,9:32:58.262094256,T,99.29,100,99.55,200,TGT
2025-12-29,9:32:58.262119422,T,99.43,100,99.55,200,TGT
2025-12-29,9:32:58.262620462,T,99.39,100,99.55,200,TGT
2025-12-29,9:32:58.262675581,T,99.27,100,99.55,200,TGT
2025-12-29,9:32:58.262871116,T,99.33,100,99.55,200,TGT
2025-12-29,9:32:58.264675436,T,99.33,100,99.57,100,TGT
2025-12-29,9:32:58.264700440,T,99.33,100,99.6,100,TGT
2025-12-29,9:32:58.269231248,T,99.27,100,99.6,100,TGT
2025-12-29,9:32:58.362358091,T,99.11,200,99.6,100,TGT
2025-12-29,9:32:58.362388186,T,99.11,200,99.67,300,TGT
2025-12-29,9:32:58.362408489,T,99.15,100,99.67,300,TGT
2025-12-29,9:32:58.362408489,T,99.22,100,99.67,300,TGT
2025-12-29,9:32:58.362408489,T,99.27,100,99.67,300,TGT
2025-12-29,9:32:58.362413306,T,99.3,100,99.67,300,TGT
2025-12-29,9:32:58.362413306,T,99.38,100,99.67,300,TGT
2025-12-29,9:32:58.362418237,T,99.38,100,99.67,200,TGT
2025-12-29,9:32:58.362438360,T,99.32,100,99.67,200,TGT
2025-12-29,9:32:58.362683960,T,99.39,100,99.67,200,TGT
2025-12-29,9:32:58.366688441,T,99.32,100,99.67,200,TGT
2025-12-29,9:32:58.366708528,T,99.3,100,99.67,200,TGT
2025-12-29,9:32:58.372627605,T,99.21,100,99.67,200,TGT
2025-12-29,9:32:58.372627605,T,99.11,200,99.67,200,TGT
2025-12-29,9:33:04.152933151,T,99.08,100,99.67,200,TGT
2025-12-29,9:33:04.152938226,T,99.19,200,99.67,200,TGT
2025-12-29,9:33:09.194789547,T,99.4,100,99.67,200,TGT
2025-12-29,9:33:12.662736560,T,99.21,100,99.67,200,TGT
2025-12-29,9:33:15.353090855,T,99.32,100,99.67,200,TGT
2025-12-29,9:33:15.353110965,T,99.31,100,99.67,200,TGT
2025-12-29,9:33:15.408738419,T,99.31,100,99.5,300,TGT
2025-12-29,9:33:15.408758631,T,99.31,100,99.67,200,TGT
2025-12-29,9:33:15.408783567,T,99.44,100,99.67,200,TGT
2025-12-29,9:33:15.409530320,T,99.26,100,99.67,200,TGT
2025-12-29,9:33:15.420010296,T,99.21,100,99.67,200,TGT
2025-12-29,9:33:16.348382031,T,99.31,100,99.67,200,TGT
2025-12-29,9:33:17.521807573,T,99.31,100,99.58,100,TGT
2025-12-29,9:33:20.570390416,T,99.26,200,99.58,100,TGT
2025-12-29,9:33:21.571700871,T,99.26,300,99.58,100,TGT
2025-12-29,9:33:21.580582028,T,99.26,200,99.58,100,TGT
2025-12-29,9:33:24.030283225,T,99.26,300,99.58,100,TGT
2025-12-29,9:33:24.030333342,T,99.26,200,99.58,100,TGT
2025-12-29,9:33:24.523197495,T,99.32,100,99.58,100,TGT
2025-12-29,9:33:27.005877194,T,99.26,200,99.58,100,TGT
2025-12-29,9:33:30.704453392,T,99.26,300,99.58,100,TGT
2025-12-29,9:33:30.704548636,T,99.31,100,99.58,100,TGT
2025-12-29,9:33:30.705490828,T,99.26,300,99.58,100,TGT
2025-12-29,9:33:30.714572528,T,99.26,200,99.58,100,TGT
2025-12-29,9:33:30.726280400,T,99.44,100,99.58,100,TGT
2025-12-29,9:33:38.491895840,T,99.26,200,99.58,100,TGT
2025-12-29,9:33:44.608693333,T,99.44,200,99.58,100,TGT
2025-12-29,9:34:00.392190503,T,99.44,200,99.53,100,TGT
2025-12-29,9:34:08.306840971,T,99.44,200,99.58,100,TGT
2025-12-29,9:34:10.313922632,T,99.26,200,99.58,100,TGT
2025-12-29,9:34:10.314198223,T,99.31,100,99.58,100,TGT
2025-12-29,9:34:10.327414734,T,99.31,100,99.54,100,TGT
2025-12-29,9:34:10.328186552,T,99.31,100,99.58,100,TGT
2025-12-29,9:34:10.446668851,T,99.26,200,99.58,100,TGT
2025-12-29,9:34:10.446703923,T,99.26,200,99.58,200,TGT
2025-12-29,9:34:10.446708879,T,99.26,200,99.55,100,TGT
2025-12-29,9:34:10.446728927,T,99.26,200,99.52,100,TGT
2025-12-29,9:34:10.447916827,T,99.26,200,99.55,100,TGT
2025-12-29,9:34:10.453755670,T,99.26,200,99.58,200,TGT
2025-12-29,9:34:10.455560045,T,99.26,200,99.58,100,TGT
2025-12-29,9:34:10.510150088,T,99.44,100,99.58,100,TGT
2025-12-29,9:34:13.919697715,T,99.26,200,99.58,100,TGT
2025-12-29,9:34:15.071637134,T,99.26,200,99.55,100,TGT
2025-12-29,9:34:15.072439041,T,99.44,100,99.55,100,TGT
2025-12-29,9:34:16.993029675,T,99.31,200,99.55,100,TGT
2025-12-29,9:34:16.993044636,T,99.31,200,99.55,200,TGT
2025-12-29,9:34:16.993049706,T,99.31,200,99.49,100,TGT
2025-12-29,9:34:16.993049706,T,99.31,200,99.49,200,TGT
2025-12-29,9:34:16.993606055,T,99.31,200,99.49,100,TGT
2025-12-29,9:34:16.993801471,T,99.31,200,99.49,200,TGT
2025-12-29,9:34:17.093884926,T,99.31,200,99.49,100,TGT
2025-12-29,9:34:17.094100422,T,99.31,200,99.51,100,TGT
2025-12-29,9:34:19.719119095,T,99.31,200,99.51,200,TGT
2025-12-29,9:34:20.241959741,T,99.39,200,99.51,200,TGT
2025-12-29,9:34:21.513163185,T,99.39,200,99.51,100,TGT
2025-12-29,9:34:25.748909280,T,99.39,200,99.55,100,TGT
2025-12-29,9:34:26.200389821,T,99.39,200,99.51,100,TGT
2025-12-29,9:34:26.200439908,T,99.39,200,99.55,100,TGT
2025-12-29,9:34:26.200610323,T,99.39,200,99.51,100,TGT
2025-12-29,9:34:26.509010026,T,99.39,200,99.55,100,TGT
2025-12-29,9:34:28.432241897,T,99.39,300,99.55,100,TGT
2025-12-29,9:34:28.818883096,T,99.39,200,99.55,100,TGT
2025-12-29,9:34:31.659159818,T,99.39,200,99.47,100,TGT
2025-12-29,9:34:32.737418508,T,99.39,200,99.55,100,TGT
2025-12-29,9:34:32.737443602,T,99.43,100,99.55,100,TGT
2025-12-29,9:34:32.737443602,T,99.46,100,99.55,100,TGT
2025-12-29,9:34:32.737488603,T,99.43,200,99.55,100,TGT
2025-12-29,9:34:32.737934731,T,99.43,200,99.48,100,TGT
2025-12-29,9:34:32.737944786,T,99.43,200,99.55,100,TGT
2025-12-29,9:34:32.737994847,T,99.43,100,99.55,100,TGT
2025-12-29,9:34:32.738230451,T,99.43,100,99.55,200,TGT
2025-12-29,9:34:32.738260519,T,99.43,100,99.55,100,TGT
2025-12-29,9:34:32.739373134,T,99.43,100,99.53,100,TGT
2025-12-29,9:34:32.739573824,T,99.43,100,99.55,100,TGT
2025-12-29,9:34:32.739599261,T,99.44,100,99.55,100,TGT
2025-12-29,9:34:32.739599261,T,99.45,100,99.55,100,TGT
2025-12-29,9:34:32.739618699,T,99.44,100,99.55,100,TGT
2025-12-29,9:34:32.739663786,T,99.44,100,99.55,200,TGT
2025-12-29,9:34:32.739884372,T,99.43,100,99.55,200,TGT
2025-12-29,9:34:32.739939510,T,99.43,100,99.55,100,TGT
2025-12-29,9:34:32.739994624,T,99.43,200,99.55,100,TGT
2025-12-29,9:34:32.739999613,T,99.44,100,99.55,100,TGT
2025-12-29,9:34:32.740014675,T,99.43,200,99.55,100,TGT
2025-12-29,9:34:32.740024737,T,99.43,100,99.55,100,TGT
2025-12-29,9:34:32.740059788,T,99.43,100,99.52,100,TGT
2025-12-29,9:34:32.740084845,T,99.43,200,99.52,100,TGT
2025-12-29,9:34:32.740094896,T,99.43,100,99.52,100,TGT
2025-12-29,9:34:32.740104939,T,99.43,200,99.52,100,TGT
2025-12-29,9:34:32.740114964,T,99.43,100,99.52,100,TGT
2025-12-29,9:34:32.740144968,T,99.43,100,99.51,100,TGT
2025-12-29,9:34:32.740154981,T,99.43,100,99.52,100,TGT
2025-12-29,9:34:32.740160535,T,99.43,100,99.53,100,TGT
2025-12-29,9:34:32.740160535,T,99.43,100,99.54,100,TGT
2025-12-29,9:34:32.740190053,T,99.44,100,99.54,100,TGT
2025-12-29,9:34:32.740205140,T,99.43,100,99.54,100,TGT
2025-12-29,9:34:32.740220116,T,99.43,100,99.55,100,TGT
2025-12-29,9:34:32.740245259,T,99.43,200,99.55,100,TGT
2025-12-29,9:34:32.740275240,T,99.44,100,99.55,100,TGT
2025-12-29,9:34:32.740741383,T,99.43,200,99.55,100,TGT
2025-12-29,9:34:32.740751482,T,99.43,100,99.55,100,TGT
2025-12-29,9:34:32.741287757,T,99.43,200,99.55,100,TGT
2025-12-29,9:34:32.741317815,T,99.44,100,99.55,100,TGT
2025-12-29,9:34:32.938322137,T,99.31,300,99.55,100,TGT
2025-12-29,9:34:32.939745477,T,99.31,200,99.55,100,TGT
2025-12-29,9:34:36.005183576,T,99.31,300,99.55,100,TGT
2025-12-29,9:34:36.005183576,T,99.34,100,99.55,100,TGT
2025-12-29,9:34:36.005193511,T,99.43,100,99.55,100,TGT
2025-12-29,9:34:36.005404035,T,99.43,200,99.55,100,TGT
2025-12-29,9:34:36.010345794,T,99.43,100,99.55,100,TGT
2025-12-29,9:34:36.010601407,T,99.43,100,99.58,100,TGT
2025-12-29,9:34:36.010616336,T,99.44,100,99.58,100,TGT
2025-12-29,9:34:36.012235302,T,99.43,200,99.58,100,TGT
2025-12-29,9:34:36.012255257,T,99.43,100,99.58,100,TGT
2025-12-29,9:34:36.015422850,T,99.36,100,99.58,100,TGT
2025-12-29,9:34:36.018354780,T,99.35,100,99.58,100,TGT
2025-12-29,9:34:36.046927866,T,99.39,100,99.58,100,TGT
2025-12-29,9:34:36.047138401,T,99.39,200,99.58,100,TGT
2025-12-29,9:34:36.047148400,T,99.39,300,99.58,100,TGT
2025-12-29,9:34:36.053067572,T,99.39,200,99.58,100,TGT
2025-12-29,9:34:36.057823915,T,99.39,100,99.58,100,TGT
2025-12-29,9:34:37.050799387,T,99.4,100,99.58,100,TGT
2025-12-29,9:34:39.306398090,T,99.41,100,99.58,100,TGT
2025-12-29,9:34:40.531100837,T,99.41,100,99.68,200,TGT
2025-12-29,9:34:40.531120946,T,99.5,100,99.68,200,TGT
2025-12-29,9:34:40.531426613,T,99.5,200,99.68,200,TGT
2025-12-29,9:34:40.531541884,T,99.5,100,99.68,200,TGT
2025-12-29,9:34:40.531707269,T,99.5,200,99.68,200,TGT
2025-12-29,9:34:40.531892709,T,99.52,100,99.68,200,TGT
2025-12-29,9:34:40.532313632,T,99.51,100,99.68,200,TGT
2025-12-29,9:34:40.541956634,T,99.5,300,99.68,200,TGT
2025-12-29,9:34:40.543911338,T,99.5,200,99.68,200,TGT
2025-12-29,9:34:40.631855769,T,99.5,100,99.68,200,TGT
2025-12-29,9:34:40.631880852,T,99.42,100,99.68,200,TGT
2025-12-29,9:34:40.631900864,T,99.41,100,99.68,200,TGT
2025-12-29,9:34:40.720466883,T,99.42,100,99.68,200,TGT
2025-12-29,9:34:40.720491921,T,99.41,200,99.68,200,TGT
2025-12-29,9:34:40.720502060,T,99.42,100,99.68,200,TGT
2025-12-29,9:34:40.720552078,T,99.41,100,99.68,200,TGT
2025-12-29,9:34:40.720732579,T,99.41,100,99.84,100,TGT
2025-12-29,9:34:40.720742560,T,99.41,100,99.74,200,TGT
2025-12-29,9:34:40.725483907,T,99.42,100,99.74,200,TGT
2025-12-29,9:34:40.725488902,T,99.51,100,99.74,200,TGT
2025-12-29,9:34:40.725784612,T,99.54,100,99.74,200,TGT
2025-12-29,9:34:40.725789643,T,99.57,100,99.74,200,TGT
2025-12-29,9:34:40.730335386,T,99.53,100,99.74,200,TGT
2025-12-29,9:34:40.732776282,T,99.41,200,99.74,200,TGT
2025-12-29,9:34:40.734089406,T,99.41,100,99.74,200,TGT
2025-12-29,9:34:41.989645678,T,99.41,200,99.74,200,TGT
2025-12-29,9:34:41.989670723,T,99.41,100,99.74,200,TGT
2025-12-29,9:34:41.989806066,T,99.41,100,99.84,100,TGT
2025-12-29,9:34:41.989816122,T,99.41,100,99.81,200,TGT
2025-12-29,9:34:42.733663299,T,99.41,200,99.81,200,TGT
2025-12-29,9:34:42.733668210,T,99.46,100,99.81,200,TGT
2025-12-29,9:34:42.733673250,T,99.5,100,99.81,200,TGT
2025-12-29,9:34:42.733708300,T,99.46,100,99.81,200,TGT
2025-12-29,9:34:42.733768474,T,99.48,100,99.81,200,TGT
2025-12-29,9:34:42.733833656,T,99.5,100,99.81,200,TGT
2025-12-29,9:34:42.734276270,T,99.53,100,99.81,200,TGT
2025-12-29,9:34:42.734280397,T,99.58,100,99.81,200,TGT
2025-12-29,9:34:42.734294652,T,99.6,100,99.81,200,TGT
2025-12-29,9:34:42.734315561,T,99.61,100,99.81,200,TGT
2025-12-29,9:34:42.734359881,T,99.58,100,99.81,200,TGT
2025-12-29,9:34:42.734465141,T,99.58,100,99.84,100,TGT
2025-12-29,9:34:42.734535259,T,99.67,100,99.84,100,TGT
2025-12-29,9:34:42.734680878,T,99.67,100,99.88,300,TGT
2025-12-29,9:34:42.734700618,T,99.68,100,99.88,300,TGT
2025-12-29,9:34:42.734700618,T,99.69,100,99.88,300,TGT
2025-12-29,9:34:42.734705670,T,99.7,100,99.88,300,TGT
2025-12-29,9:34:42.734705670,T,99.74,100,99.88,300,TGT
2025-12-29,9:34:42.734715713,T,99.74,200,99.88,300,TGT
2025-12-29,9:34:42.735016442,T,99.74,200,99.88,200,TGT
2025-12-29,9:34:42.738715261,T,99.74,100,99.88,200,TGT
2025-12-29,9:34:42.741742499,T,99.7,200,99.88,200,TGT
2025-12-29,9:34:42.744338566,T,99.7,100,99.88,200,TGT
2025-12-29,9:34:42.744935042,T,99.69,100,99.88,200,TGT
2025-12-29,9:34:42.752864034,T,99.74,100,99.88,200,TGT
2025-12-29,9:34:42.752868989,T,99.76,100,99.88,200,TGT
2025-12-29,9:34:42.753224853,T,99.77,100,99.88,200,TGT
2025-12-29,9:34:42.753320002,T,99.76,100,99.88,200,TGT
2025-12-29,9:34:42.753345056,T,99.75,100,99.88,200,TGT
2025-12-29,9:34:42.763038162,T,99.69,100,99.88,200,TGT
2025-12-29,9:34:42.763078221,T,99.61,100,99.88,200,TGT
2025-12-29,9:34:42.763734817,T,99.61,200,99.88,200,TGT
2025-12-29,9:34:42.775653187,T,99.61,100,99.88,200,TGT
2025-12-29,9:34:42.835606125,T,99.59,100,99.88,200,TGT
2025-12-29,9:34:42.986255221,T,99.59,100,99.9,100,TGT
2025-12-29,9:34:42.986275068,T,99.79,100,99.9,100,TGT
2025-12-29,9:34:42.986751149,T,99.79,200,99.9,100,TGT
2025-12-29,9:34:43.086328403,T,99.79,100,99.9,100,TGT
2025-12-29,9:34:43.186431883,T,99.79,100,99.93,200,TGT
2025-12-29,9:34:43.186451880,T,99.84,100,99.93,200,TGT
2025-12-29,9:34:43.186837867,T,99.84,200,99.93,200,TGT
2025-12-29,9:34:43.189829987,T,99.84,200,99.95,500,TGT
2025-12-29,9:34:43.286460192,T,99.84,100,99.95,500,TGT
2025-12-29,9:34:44.698118226,T,99.84,300,99.95,500,TGT
2025-12-29,9:34:45.168544016,T,99.84,200,99.95,500,TGT
2025-12-29,9:34:50.320117355,T,99.84,200,99.95,400,TGT
2025-12-29,9:34:50.320117355,T,99.84,200,100.0,700,TGT
2025-12-29,9:34:50.320136927,T,99.92,100,100.0,700,TGT
2025-12-29,9:34:50.320202085,T,99.92,200,100.0,700,TGT
2025-12-29,9:34:50.320402505,T,99.92,200,99.96,100,TGT
2025-12-29,9:34:50.320693280,T,99.92,100,99.96,100,TGT
2025-12-29,9:34:50.321324762,T,99.92,100,99.95,100,TGT
2025-12-29,9:34:50.321339767,T,99.89,100,99.95,100,TGT
2025-12-29,9:34:50.321344772,T,99.87,100,99.95,100,TGT
2025-12-29,9:34:50.321369843,T,99.87,100,99.95,200,TGT
2025-12-29,9:34:50.321620413,T,99.72,100,99.95,200,TGT
2025-12-29,9:34:50.321620413,T,99.66,100,99.95,200,TGT
2025-12-29,9:34:50.321635521,T,99.66,100,99.95,100,TGT
2025-12-29,9:34:50.321640498,T,99.66,100,99.94,100,TGT
2025-12-29,9:34:50.321645559,T,99.59,100,99.94,100,TGT
2025-12-29,9:34:50.321660482,T,99.59,100,99.93,100,TGT
2025-12-29,9:34:50.322016362,T,99.59,100,99.92,100,TGT
2025-12-29,9:34:50.487365308,T,99.59,100,99.95,100,TGT
2025-12-29,9:34:50.487365308,T,99.59,100,99.91,100,TGT
2025-12-29,9:34:50.487385287,T,99.59,100,99.87,100,TGT
2025-12-29,9:34:50.487425566,T,99.59,100,99.91,100,TGT
2025-12-29,9:34:50.487450923,T,99.79,100,99.91,100,TGT
2025-12-29,9:34:50.487450923,T,99.8,100,99.91,100,TGT
2025-12-29,9:34:50.488077015,T,99.79,100,99.91,100,TGT
2025-12-29,9:34:50.488172361,T,99.79,200,99.91,100,TGT
2025-12-29,9:34:50.488172361,T,99.8,100,99.91,100,TGT
2025-12-29,9:34:50.488177161,T,99.82,100,99.91,100,TGT
2025-12-29,9:34:50.488192353,T,99.8,100,99.91,100,TGT
2025-12-29,9:34:50.488277438,T,99.8,200,99.91,100,TGT
2025-12-29,9:34:50.488317536,T,99.82,100,99.91,100,TGT
2025-12-29,9:34:50.488327627,T,99.8,100,99.91,100,TGT
2025-12-29,9:34:50.488332626,T,99.8,200,99.91,100,TGT
2025-12-29,9:34:50.488372723,T,99.8,100,99.91,100,TGT
2025-12-29,9:34:50.488397731,T,99.8,100,99.95,100,TGT
2025-12-29,9:34:50.589373328,T,99.72,100,99.95,100,TGT
2025-12-29,9:34:50.687502004,T,99.61,100,99.95,100,TGT
2025-12-29,9:34:50.688178687,T,99.59,100,99.95,100,TGT
2025-12-29,9:34:50.980054060,T,99.85,100,99.95,100,TGT
2025-12-29,9:35:04.122684550,T,99.85,100,99.93,100,TGT
2025-12-29,9:35:04.122930111,T,99.85,100,99.9,100,TGT
2025-12-29,9:35:04.122945309,T,99.63,200,99.9,100,TGT
2025-12-29,9:35:04.122965209,T,99.63,200,99.87,100,TGT
2025-12-29,9:35:04.123521500,T,99.63,200,99.88,100,TGT
2025-12-29,9:35:04.124057815,T,99.63,200,99.94,100,TGT
2025-12-29,9:35:04.124102969,T,99.63,200,99.93,100,TGT
2025-12-29,9:35:04.124122929,T,99.63,200,99.94,100,TGT
2025-12-29,9:35:04.125631541,T,99.63,200,99.93,100,TGT
2025-12-29,9:35:04.127265523,T,99.63,200,99.94,100,TGT
2025-12-29,9:35:04.127305586,T,99.63,200,99.93,100,TGT
2025-12-29,9:35:04.128167570,T,99.63,200,99.95,100,TGT
2025-12-29,9:35:04.721100105,T,99.66,100,99.95,100,TGT
2025-12-29,9:35:04.721100105,T,99.78,100,99.95,100,TGT
2025-12-29,9:35:04.728156912,T,99.66,100,99.95,100,TGT
2025-12-29,9:35:04.728813525,T,99.77,100,99.95,100,TGT
2025-12-29,9:35:04.821188819,T,99.63,200,99.95,100,TGT
2025-12-29,9:35:08.000522970,T,99.63,200,99.87,100,TGT
2025-12-29,9:35:08.000999146,T,99.63,200,99.87,200,TGT
2025-12-29,9:35:08.001024210,T,99.63,200,99.87,100,TGT
2025-12-29,9:35:08.001059279,T,99.63,200,99.87,200,TGT
2025-12-29,9:35:08.001084340,T,99.63,200,99.87,100,TGT
2025-12-29,9:35:08.001114398,T,99.63,200,99.87,200,TGT
2025-12-29,9:35:08.001139441,T,99.63,200,99.87,100,TGT
2025-12-29,9:35:08.001279819,T,99.63,200,99.87,200,TGT
2025-12-29,9:35:08.001355043,T,99.63,200,99.87,300,TGT
2025-12-29,9:35:08.001355043,T,99.63,200,99.84,100,TGT
2025-12-29,9:35:08.001400046,T,99.63,200,99.87,300,TGT
2025-12-29,9:35:08.009955500,T,99.63,200,99.87,200,TGT
2025-12-29,9:35:08.100626455,T,99.63,200,99.87,100,TGT
2025-12-29,9:35:08.129680680,T,99.63,200,99.87,200,TGT
2025-12-29,9:35:08.129841064,T,99.59,100,99.87,200,TGT
2025-12-29,9:35:08.131971152,T,99.59,100,99.86,100,TGT
2025-12-29,9:35:08.133414587,T,99.59,100,99.84,100,TGT
2025-12-29,9:35:08.137168523,T,99.59,100,99.86,100,TGT
2025-12-29,9:35:08.139749728,T,99.59,100,99.87,100,TGT
2025-12-29,9:35:09.415303562,T,99.64,100,99.87,100,TGT
2025-12-29,9:35:09.673002398,T,99.56,200,99.87,100,TGT
2025-12-29,9:35:09.676340336,T,99.56,200,99.87,200,TGT
2025-12-29,9:35:09.684655161,T,99.56,200,99.87,100,TGT
2025-12-29,9:35:11.677848718,T,99.64,100,99.87,100,TGT
2025-12-29,9:35:12.191101482,T,99.56,200,99.87,100,TGT
2025-12-29,9:35:14.842182229,T,99.56,200,99.87,200,TGT
2025-12-29,9:35:14.842187277,T,99.56,200,99.76,100,TGT
2025-12-29,9:35:14.842262422,T,99.56,200,99.76,200,TGT
2025-12-29,9:35:14.842728555,T,99.63,200,99.76,200,TGT
2025-12-29,9:35:15.058382371,T,99.63,200,99.76,100,TGT
2025-12-29,9:35:15.682178409,T,99.63,200,99.75,100,TGT
2025-12-29,9:35:16.740549923,T,99.63,200,99.76,100,TGT
2025-12-29,9:35:16.979970240,T,99.63,200,99.76,200,TGT
2025-12-29,9:35:18.586723344,T,99.63,200,99.75,100,TGT
2025-12-29,9:35:18.832684301,T,99.63,100,99.75,100,TGT
2025-12-29,9:35:18.832704608,T,99.6,100,99.75,100,TGT
2025-12-29,9:35:18.832729360,T,99.6,100,99.69,100,TGT
2025-12-29,9:35:18.832734313,T,99.6,100,99.69,200,TGT
2025-12-29,9:35:18.832799487,T,99.6,100,99.69,300,TGT
2025-12-29,9:35:18.833606436,T,99.56,200,99.69,300,TGT
2025-12-29,9:35:18.833701634,T,99.41,100,99.69,300,TGT
2025-12-29,9:35:18.833706669,T,99.46,200,99.69,300,TGT
2025-12-29,9:35:18.839495475,T,99.46,200,99.69,400,TGT
2025-12-29,9:35:18.840477792,T,99.46,200,99.69,300,TGT
2025-12-29,9:35:18.851995188,T,99.46,200,99.68,100,TGT
2025-12-29,9:35:18.854741739,T,99.21,100,99.68,100,TGT
2025-12-29,9:35:18.856851855,T,99.21,100,99.68,200,TGT
2025-12-29,9:35:18.934005678,T,99.39,200,99.68,200,TGT
2025-12-29,9:35:20.828042875,T,99.46,100,99.68,200,TGT
2025-12-29,9:35:21.929837661,T,99.46,100,99.68,300,TGT
2025-12-29,9:35:23.116409557,T,99.46,100,99.68,200,TGT
2025-12-29,9:35:31.608861656,T,99.46,100,99.68,100,TGT
2025-12-29,9:35:31.609643576,T,99.48,100,99.68,100,TGT
2025-12-29,9:35:33.622097891,T,99.49,100,99.68,100,TGT
2025-12-29,9:35:34.334921190,T,99.49,100,99.73,100,TGT
2025-12-29,9:35:35.600110311,T,99.29,200,99.73,100,TGT
2025-12-29,9:35:35.789140644,T,99.31,100,99.73,100,TGT
2025-12-29,9:35:35.789140644,T,99.48,100,99.73,100,TGT
2025-12-29,9:35:35.789231010,T,99.48,100,99.68,100,TGT
2025-12-29,9:35:35.799294810,T,99.29,200,99.68,100,TGT
2025-12-29,9:35:36.955905254,T,99.29,200,99.74,100,TGT
2025-12-29,9:35:36.955925591,T,99.39,100,99.74,100,TGT
2025-12-29,9:35:36.955930284,T,99.59,100,99.74,100,TGT
2025-12-29,9:35:36.955935333,T,99.67,100,99.74,100,TGT
2025-12-29,9:35:36.955945374,T,99.67,100,99.84,100,TGT
2025-12-29,9:35:36.955975402,T,99.67,100,99.86,200,TGT
2025-12-29,9:35:36.956466606,T,99.59,200,99.86,200,TGT
2025-12-29,9:35:36.956491637,T,99.59,100,99.86,200,TGT
2025-12-29,9:35:36.956832442,T,99.59,100,99.86,300,TGT
2025-12-29,9:35:36.956917654,T,99.59,100,99.8,100,TGT
2025-12-29,9:35:36.957408862,T,99.59,100,99.86,100,TGT
2025-12-29,9:35:36.957654401,T,99.59,100,99.85,200,TGT
2025-12-29,9:35:36.967668271,T,99.59,100,99.87,100,TGT
2025-12-29,9:35:36.968094307,T,99.59,100,99.87,200,TGT
2025-12-29,9:35:37.056008698,T,99.4,100,99.87,200,TGT
2025-12-29,9:35:37.058855518,T,99.4,100,99.87,100,TGT
2025-12-29,9:35:37.156202423,T,99.39,100,99.87,100,TGT
2025-12-29,9:35:37.156227509,T,99.37,100,99.87,100,TGT
2025-12-29,9:35:37.156262513,T,99.39,100,99.87,100,TGT
2025-12-29,9:35:37.795921450,T,99.37,100,99.87,100,TGT
2025-12-29,9:35:37.795951591,T,99.39,100,99.87,100,TGT
2025-12-29,9:35:39.399456696,T,99.39,100,99.84,100,TGT
2025-12-29,9:35:39.403406019,T,99.39,100,99.84,200,TGT
2025-12-29,9:35:40.198630574,T,99.39,300,99.84,200,TGT
2025-12-29,9:35:40.316125518,T,99.39,300,99.84,100,TGT
2025-12-29,9:35:45.398804284,T,99.39,300,99.88,100,TGT
2025-12-29,9:35:45.399029894,T,99.6,100,99.88,100,TGT
2025-12-29,9:35:45.399420748,T,99.6,100,99.88,200,TGT
2025-12-29,9:35:45.415839883,T,99.6,100,99.88,100,TGT
2025-12-29,9:35:45.655190049,T,99.39,300,99.88,100,TGT
2025-12-29,9:35:46.482776682,T,99.4,100,99.88,100,TGT
2025-12-29,9:35:46.488109432,T,99.65,100,99.88,100,TGT
2025-12-29,9:35:46.488415122,T,99.65,100,99.93,100,TGT
2025-12-29,9:35:46.488500368,T,99.65,100,99.95,200,TGT
2025-12-29,9:35:46.488801035,T,99.65,200,99.95,200,TGT
2025-12-29,9:35:46.488816140,T,99.65,100,99.95,200,TGT
2025-12-29,9:35:46.498158499,T,99.6,100,99.95,200,TGT
2025-12-29,9:35:46.504042365,T,99.41,100,99.95,200,TGT
2025-12-29,9:35:46.833958316,T,99.41,100,99.91,100,TGT
2025-12-29,9:35:46.834384378,T,99.41,100,99.91,200,TGT
2025-12-29,9:35:46.834920649,T,99.41,100,99.9,200,TGT
2025-12-29,9:35:46.835015812,T,99.4,100,99.9,200,TGT
2025-12-29,9:35:46.844944532,T,99.4,100,99.91,200,TGT
2025-12-29,9:35:46.845365568,T,99.4,100,99.91,100,TGT
2025-12-29,9:35:47.339663110,T,99.4,100,99.91,300,TGT
2025-12-29,9:35:47.646884984,T,99.4,100,99.91,400,TGT
2025-12-29,9:35:47.650568759,T,99.61,100,99.91,400,TGT
2025-12-29,9:35:48.326679552,T,99.61,100,99.91,300,TGT
2025-12-29,9:35:48.329456116,T,99.61,100,99.91,100,TGT
2025-12-29,9:35:49.674691064,T,99.61,200,99.91,100,TGT
2025-12-29,9:35:51.643626607,T,99.61,100,99.91,100,TGT
2025-12-29,9:35:51.643686810,T,99.65,100,99.91,100,TGT
2025-12-29,9:35:51.644017545,T,99.66,100,99.91,100,TGT
2025-12-29,9:35:51.644017545,T,99.69,100,99.91,100,TGT
2025-12-29,9:35:51.644022559,T,99.75,100,99.91,100,TGT
2025-12-29,9:35:51.644077729,T,99.69,100,99.91,100,TGT
2025-12-29,9:35:51.644709287,T,99.69,200,99.91,100,TGT
2025-12-29,9:35:51.647340514,T,99.69,100,99.91,100,TGT
2025-12-29,9:35:51.647385621,T,99.69,100,99.9,100,TGT
2025-12-29,9:35:51.647385621,T,99.69,100,99.88,100,TGT
2025-12-29,9:35:51.647405672,T,99.69,100,99.9,100,TGT
2025-12-29,9:35:51.647405672,T,99.69,100,99.91,100,TGT
2025-12-29,9:35:51.647405672,T,99.69,100,99.88,100,TGT
2025-12-29,9:35:51.647420649,T,99.69,100,99.85,100,TGT
2025-12-29,9:35:51.647887209,T,99.69,100,99.9,200,TGT
2025-12-29,9:35:51.647887209,T,99.69,100,99.85,100,TGT
2025-12-29,9:35:51.658050983,T,99.61,100,99.85,100,TGT
2025-12-29,9:35:51.672475333,T,99.61,100,99.85,200,TGT
2025-12-29,9:35:51.849316731,T,99.69,100,99.85,200,TGT
2025-12-29,9:35:51.915394062,T,99.69,100,99.85,100,TGT
2025-12-29,9:35:52.009197697,T,99.69,100,99.88,100,TGT
2025-12-29,9:35:52.172471596,T,99.53,100,99.88,100,TGT
2025-12-29,9:35:52.174020267,T,99.52,100,99.88,100,TGT
2025-12-29,9:35:52.174335976,T,99.52,100,99.88,200,TGT
2025-12-29,9:35:53.682128268,T,99.49,100,99.88,200,TGT
2025-12-29,9:35:53.682153279,T,99.48,100,99.88,200,TGT
2025-12-29,9:35:54.167534598,T,99.61,100,99.88,200,TGT
2025-12-29,9:35:54.167955593,T,99.61,100,99.88,100,TGT
2025-12-29,9:35:55.570612171,T,99.61,100,99.9,100,TGT
2025-12-29,9:35:55.576636519,T,99.61,100,99.9,200,TGT
2025-12-29,9:35:56.052665534,T,99.61,100,99.9,400,TGT
2025-12-29,9:35:57.020190614,T,99.61,100,99.9,300,TGT
2025-12-29,9:35:57.049911443,T,99.48,100,99.9,300,TGT
2025-12-29,9:35:57.049966618,T,99.48,100,99.9,200,TGT
2025-12-29,9:35:58.077985515,T,99.52,100,99.9,200,TGT
2025-12-29,9:35:58.077990570,T,99.53,100,99.9,200,TGT
2025-12-29,9:35:58.078085816,T,99.53,100,99.85,100,TGT
2025-12-29,9:35:58.082035201,T,99.52,100,99.85,100,TGT
2025-12-29,9:35:58.082125393,T,99.49,100,99.85,100,TGT
2025-12-29,9:35:58.088605875,T,99.48,100,99.85,100,TGT
2025-12-29,9:35:59.054441720,T,99.61,100,99.85,100,TGT
2025-12-29,9:36:00.820820098,T,99.61,100,99.85,200,TGT
2025-12-29,9:36:01.297530744,T,99.68,200,99.85,200,TGT
2025-12-29,9:36:05.559704561,T,99.68,200,99.85,100,TGT
2025-12-29,9:36:07.417655880,T,99.69,100,99.85,100,TGT
2025-12-29,9:36:08.471972605,T,99.68,200,99.85,100,TGT
2025-12-29,9:36:09.207504980,T,99.68,200,99.75,500,TGT
2025-12-29,9:36:09.207575067,T,99.68,200,99.75,600,TGT
2025-12-29,9:36:09.228565085,T,99.68,200,99.75,700,TGT
2025-12-29,9:36:09.228900827,T,99.68,300,99.75,700,TGT
2025-12-29,9:36:09.229677640,T,99.68,100,99.75,700,TGT
2025-12-29,9:36:09.229677640,T,99.48,100,99.75,700,TGT
2025-12-29,9:36:09.229722841,T,99.48,100,99.72,100,TGT
2025-12-29,9:36:09.229728107,T,99.48,100,99.71,100,TGT
2025-12-29,9:36:09.229732762,T,99.48,100,99.72,100,TGT
2025-12-29,9:36:09.229732762,T,99.48,100,99.75,700,TGT
2025-12-29,9:36:09.229742791,T,99.48,100,99.72,100,TGT
2025-12-29,9:36:09.229757833,T,99.44,100,99.72,100,TGT
2025-12-29,9:36:09.229783417,T,99.41,100,99.72,100,TGT
2025-12-29,9:36:09.229788097,T,99.41,100,99.71,100,TGT
2025-12-29,9:36:09.229788097,T,99.4,100,99.71,100,TGT
2025-12-29,9:36:13.104082955,T,99.56,100,99.71,100,TGT
2025-12-29,9:36:13.104082955,T,99.56,100,99.71,200,TGT
2025-12-29,9:36:13.110894162,T,99.56,100,99.69,100,TGT
2025-12-29,9:36:13.111064598,T,99.56,100,99.68,100,TGT
2025-12-29,9:36:13.112107137,T,99.4,100,99.68,100,TGT
2025-12-29,9:36:13.112127632,T,99.4,100,99.61,100,TGT
2025-12-29,9:36:13.112127632,T,99.4,100,99.61,200,TGT
2025-12-29,9:36:13.112132215,T,99.4,100,99.61,300,TGT
2025-12-29,9:36:13.112142222,T,99.53,100,99.61,300,TGT
2025-12-29,9:36:13.112162299,T,99.53,100,99.61,400,TGT
2025-12-29,9:36:13.112242391,T,99.53,200,99.61,400,TGT
2025-12-29,9:36:13.112287593,T,99.53,300,99.61,400,TGT
2025-12-29,9:36:13.112302618,T,99.53,400,99.61,400,TGT
2025-12-29,9:36:13.112322684,T,99.53,500,99.61,400,TGT
2025-12-29,9:36:13.112402798,T,99.53,600,99.61,400,TGT
2025-12-29,9:36:13.112563179,T,99.53,700,99.61,400,TGT
2025-12-29,9:36:13.112683431,T,99.53,700,99.61,300,TGT
2025-12-29,9:36:13.112748645,T,99.53,800,99.61,300,TGT
2025-12-29,9:36:13.113039346,T,99.53,800,99.61,200,TGT
2025-12-29,9:36:13.113149819,T,99.55,100,99.61,200,TGT
2025-12-29,9:36:13.113154557,T,99.55,200,99.61,200,TGT
2025-12-29,9:36:13.113159588,T,99.56,100,99.61,200,TGT
2025-12-29,9:36:13.113164650,T,99.56,200,99.61,200,TGT
2025-12-29,9:36:13.113199764,T,99.56,700,99.61,200,TGT
2025-12-29,9:36:13.113249866,T,99.56,800,99.61,200,TGT
2025-12-29,9:36:13.113269944,T,99.56,200,99.61,200,TGT
2025-12-29,9:36:13.113274934,T,99.58,100,99.61,200,TGT
2025-12-29,9:36:13.113274934,T,99.58,200,99.61,200,TGT
2025-12-29,9:36:13.113294925,T,99.58,700,99.61,200,TGT
2025-12-29,9:36:13.113435313,T,99.58,800,99.61,200,TGT
2025-12-29,9:36:13.114042061,T,99.58,700,99.61,200,TGT
2025-12-29,9:36:13.114047036,T,99.58,600,99.61,200,TGT
2025-12-29,9:36:13.114047036,T,99.44,100,99.61,200,TGT
2025-12-29,9:36:13.114047036,T,99.41,100,99.61,200,TGT
2025-12-29,9:36:13.114067165,T,99.41,100,99.6,100,TGT
2025-12-29,9:36:13.114101893,T,99.41,100,99.6,200,TGT
2025-12-29,9:36:13.114623083,T,99.41,100,99.6,100,TGT
2025-12-29,9:36:13.115049156,T,99.5,100,99.6,100,TGT
2025-12-29,9:36:13.115069137,T,99.41,100,99.6,100,TGT
2025-12-29,9:36:13.115129336,T,99.5,100,99.6,100,TGT
2025-12-29,9:36:13.115139373,T,99.41,100,99.6,100,TGT
2025-12-29,9:36:13.119274181,T,99.4,100,99.6,100,TGT
2025-12-29,9:36:13.120672612,T,99.39,300,99.6,100,TGT
2025-12-29,9:36:13.122451805,T,99.39,200,99.6,100,TGT
2025-12-29,9:36:13.152673818,T,99.39,200,99.56,100,TGT
2025-12-29,9:36:13.153175007,T,99.27,100,99.56,100,TGT
2025-12-29,9:36:13.153180017,T,99.31,200,99.56,100,TGT
2025-12-29,9:36:13.153194949,T,99.48,100,99.56,100,TGT
2025-12-29,9:36:13.153215056,T,99.48,100,99.59,100,TGT
2025-12-29,9:36:13.153215056,T,99.48,100,99.6,100,TGT
2025-12-29,9:36:13.206872919,T,99.31,200,99.6,100,TGT
2025-12-29,9:36:13.206892882,T,99.31,200,99.52,100,TGT
2025-12-29,9:36:13.206892882,T,99.31,200,99.52,200,TGT
2025-12-29,9:36:13.206943017,T,99.31,200,99.52,300,TGT
2025-12-29,9:36:13.207449246,T,99.31,200,99.52,200,TGT
2025-12-29,9:36:13.308404800,T,99.31,200,99.52,100,TGT
2025-12-29,9:36:13.437271843,T,99.31,200,99.59,100,TGT
2025-12-29,9:36:13.437297213,T,99.45,100,99.59,100,TGT
2025-12-29,9:36:13.437297213,T,99.49,100,99.59,100,TGT
2025-12-29,9:36:13.437297213,T,99.52,100,99.59,100,TGT
2025-12-29,9:36:13.437838119,T,99.49,100,99.59,100,TGT
2025-12-29,9:36:13.437848131,T,99.45,100,99.59,100,TGT
2025-12-29,9:36:13.437868196,T,99.45,100,99.6,200,TGT
2025-12-29,9:36:13.537345187,T,99.35,100,99.6,200,TGT
2025-12-29,9:36:13.637298390,T,99.31,200,99.6,200,TGT
2025-12-29,9:36:13.798341945,T,99.31,200,99.6,100,TGT
2025-12-29,9:36:13.798362031,T,99.31,300,99.6,100,TGT
2025-12-29,9:36:13.798367079,T,99.35,100,99.6,100,TGT
2025-12-29,9:36:13.798367079,T,99.48,100,99.6,100,TGT
2025-12-29,9:36:13.798377095,T,99.48,200,99.6,100,TGT
2025-12-29,9:36:13.798402060,T,99.48,100,99.6,100,TGT
2025-12-29,9:36:13.805433887,T,99.37,100,99.6,100,TGT
2025-12-29,9:36:13.821562324,T,99.37,100,99.61,100,TGT
2025-12-29,9:36:13.821567438,T,99.37,100,99.69,100,TGT
2025-12-29,9:36:13.821567438,T,99.37,100,99.75,600,TGT
2025-12-29,9:36:13.821587578,T,99.51,100,99.75,600,TGT
2025-12-29,9:36:13.821587578,T,99.59,100,99.75,600,TGT
2025-12-29,9:36:13.821612391,T,99.59,100,99.75,500,TGT
2025-12-29,9:36:13.822098590,T,99.6,100,99.75,500,TGT
2025-12-29,9:36:13.822113589,T,99.52,100,99.75,500,TGT
2025-12-29,9:36:13.822133641,T,99.51,100,99.75,500,TGT
2025-12-29,9:36:13.822509568,T,99.51,100,99.71,100,TGT
2025-12-29,9:36:13.822549657,T,99.51,100,99.71,200,TGT
2025-12-29,9:36:13.822930573,T,99.51,100,99.71,300,TGT
2025-12-29,9:36:13.823406699,T,99.51,100,99.71,200,TGT
2025-12-29,9:36:13.826709514,T,99.42,100,99.71,200,TGT
2025-12-29,9:36:13.921600712,T,99.38,200,99.71,200,TGT
2025-12-29,9:36:15.485320997,T,99.38,200,99.71,100,TGT
2025-12-29,9:36:15.485797123,T,99.38,200,99.7,100,TGT
2025-12-29,9:36:15.486218159,T,99.38,200,99.7,200,TGT
2025-12-29,9:36:15.561036417,T,99.38,200,99.7,100,TGT
2025-12-29,9:36:22.325562053,T,99.27,100,99.7,100,TGT
2025-12-29,9:36:22.325572027,T,99.3,200,99.7,100,TGT
2025-12-29,9:36:24.584348385,T,99.31,100,99.7,100,TGT
2025-12-29,9:36:24.584353213,T,99.32,100,99.7,100,TGT
2025-12-29,9:36:24.584353213,T,99.35,100,99.7,100,TGT
2025-12-29,9:36:24.587666178,T,99.32,100,99.7,100,TGT
2025-12-29,9:36:24.590748403,T,99.31,100,99.7,100,TGT
2025-12-29,9:36:24.590773532,T,99.3,200,99.7,100,TGT
2025-12-29,9:36:24.590803686,T,99.3,300,99.7,100,TGT
2025-12-29,9:36:27.191504402,T,99.31,100,99.7,100,TGT
2025-12-29,9:36:27.191689846,T,99.31,100,99.7,200,TGT
2025-12-29,9:36:27.191840467,T,99.35,100,99.7,200,TGT
2025-12-29,9:36:27.192075778,T,99.31,100,99.7,200,TGT
2025-12-29,9:36:27.202500610,T,99.3,300,99.7,200,TGT
2025-12-29,9:36:29.416505393,T,99.3,300,99.7,100,TGT
2025-12-29,9:36:30.805855202,T,99.53,100,99.7,100,TGT
2025-12-29,9:36:34.766335528,T,99.31,100,99.7,100,TGT
2025-12-29,9:36:41.843806794,T,99.37,200,99.7,100,TGT
2025-12-29,9:36:43.464432749,T,99.53,100,99.7,100,TGT
2025-12-29,9:36:44.250961601,T,99.61,100,99.7,100,TGT
2025-12-29,9:36:44.251773530,T,99.61,200,99.7,100,TGT
2025-12-29,9:36:44.260133421,T,99.61,200,99.75,500,TGT
2025-12-29,9:36:44.260153584,T,99.65,100,99.75,500,TGT
2025-12-29,9:36:44.260153584,T,99.69,100,99.75,500,TGT
2025-12-29,9:36:44.260394059,T,99.65,100,99.75,500,TGT
2025-12-29,9:36:44.260419068,T,99.65,100,99.75,600,TGT
2025-12-29,9:36:44.260709762,T,99.61,100,99.75,600,TGT
2025-12-29,9:36:44.260950436,T,99.61,100,99.75,500,TGT
2025-12-29,9:36:44.277860671,T,99.61,100,99.71,100,TGT
2025-12-29,9:36:44.278266633,T,99.61,100,99.75,500,TGT
2025-12-29,9:36:44.282035600,T,99.61,100,99.71,100,TGT
2025-12-29,9:36:44.415313187,T,99.61,100,99.75,500,TGT
2025-12-29,9:36:44.415668968,T,99.37,300,99.75,500,TGT
2025-12-29,9:36:44.415679063,T,99.51,100,99.75,500,TGT
2025-12-29,9:36:44.415689029,T,99.51,100,99.68,100,TGT
2025-12-29,9:36:44.415689029,T,99.51,100,99.62,100,TGT
2025-12-29,9:36:44.415729201,T,99.37,300,99.62,100,TGT
2025-12-29,9:36:44.415769185,T,99.37,200,99.62,100,TGT
2025-12-29,9:36:44.415779228,T,99.37,200,99.62,200,TGT
2025-12-29,9:36:44.415784230,T,99.37,300,99.62,200,TGT
2025-12-29,9:36:44.415934633,T,99.37,200,99.62,200,TGT
2025-12-29,9:36:44.415964709,T,99.37,300,99.62,200,TGT
2025-12-29,9:36:44.415974780,T,99.37,200,99.62,200,TGT
2025-12-29,9:36:44.416215348,T,99.37,200,99.62,100,TGT
2025-12-29,9:36:44.416651359,T,99.37,200,99.68,200,TGT
2025-12-29,9:36:44.416671660,T,99.57,100,99.68,200,TGT
2025-12-29,9:36:44.416671660,T,99.57,200,99.68,200,TGT
2025-12-29,9:36:44.417227673,T,99.57,100,99.68,200,TGT
2025-12-29,9:36:44.441014396,T,99.37,300,99.68,200,TGT
2025-12-29,9:36:44.441014396,T,99.37,200,99.68,200,TGT
2025-12-29,9:36:44.441069458,T,99.37,200,99.65,100,TGT
2025-12-29,9:36:44.441069458,T,99.37,200,99.68,200,TGT
2025-12-29,9:36:44.441490478,T,99.37,200,99.67,100,TGT
2025-12-29,9:36:44.453874992,T,99.37,200,99.68,200,TGT
2025-12-29,9:36:44.468790546,T,99.37,200,99.68,300,TGT
2025-12-29,9:36:44.515847691,T,99.37,200,99.68,200,TGT
2025-12-29,9:36:45.480440694,T,99.37,200,99.68,100,TGT
2025-12-29,9:36:55.649787626,T,99.52,100,99.68,100,TGT
2025-12-29,9:36:55.650043327,T,99.53,100,99.68,100,TGT
2025-12-29,9:36:55.650058270,T,99.53,100,99.75,500,TGT
2025-12-29,9:36:55.650083343,T,99.61,100,99.75,500,TGT
2025-12-29,9:36:55.651185952,T,99.61,100,99.75,200,TGT
2025-12-29,9:36:55.657140220,T,99.47,100,99.75,200,TGT
2025-12-29,9:36:55.660192514,T,99.51,100,99.75,200,TGT
2025-12-29,9:36:55.672486766,T,99.51,100,99.75,300,TGT
2025-12-29,9:36:55.750632843,T,99.44,200,99.75,300,TGT
2025-12-29,9:36:57.096965566,T,99.44,200,99.75,200,TGT
2025-12-29,9:36:57.096985345,T,99.44,200,99.75,100,TGT
2025-12-29,9:36:57.096990393,T,99.51,100,99.75,100,TGT
2025-12-29,9:36:57.104022148,T,99.44,200,99.75,100,TGT
2025-12-29,9:36:58.371812441,T,99.58,100,99.75,100,TGT
2025-12-29,9:36:58.373120504,T,99.58,200,99.75,100,TGT
2025-12-29,9:37:00.329977581,T,99.58,200,99.82,100,TGT
2025-12-29,9:37:03.762274429,T,99.58,200,99.82,200,TGT
2025-12-29,9:37:07.020105813,T,99.58,200,99.82,100,TGT
2025-12-29,9:37:07.020125857,T,99.67,100,99.82,100,TGT
2025-12-29,9:37:07.020692140,T,99.67,100,99.82,200,TGT
2025-12-29,9:37:07.021428967,T,99.67,100,99.82,100,TGT
2025-12-29,9:37:07.027182682,T,99.58,100,99.82,100,TGT
2025-12-29,9:37:07.030485516,T,99.58,100,99.77,100,TGT
2025-12-29,9:37:07.030505559,T,99.58,100,99.82,100,TGT
2025-12-29,9:37:07.030525615,T,99.68,100,99.82,100,TGT
2025-12-29,9:37:07.030530694,T,99.68,200,99.82,100,TGT
2025-12-29,9:37:07.030540828,T,99.68,100,99.82,100,TGT
2025-12-29,9:37:07.031407722,T,99.68,100,99.82,200,TGT
2025-12-29,9:37:07.031533035,T,99.68,200,99.82,200,TGT
2025-12-29,9:37:07.032034321,T,99.68,100,99.82,200,TGT
2025-12-29,9:37:07.130679182,T,99.58,100,99.82,200,TGT
2025-12-29,9:37:07.132002371,T,99.68,100,99.82,200,TGT
2025-12-29,9:37:07.689496001,T,99.68,100,99.82,100,TGT
2025-12-29,9:37:07.689500593,T,99.68,100,99.9,200,TGT
2025-12-29,9:37:07.689726089,T,99.7,100,99.9,200,TGT
2025-12-29,9:37:07.690512989,T,99.77,100,99.9,200,TGT
2025-12-29,9:37:07.699905436,T,99.77,100,99.88,100,TGT
2025-12-29,9:37:07.699950556,T,99.77,100,99.84,100,TGT
2025-12-29,9:37:07.700170952,T,99.51,100,99.84,100,TGT
2025-12-29,9:37:07.700191044,T,99.51,100,99.81,100,TGT
2025-12-29,9:37:07.700196051,T,99.51,100,99.8,100,TGT
2025-12-29,9:37:07.700216119,T,99.51,100,99.8,200,TGT
2025-12-29,9:37:07.700221148,T,99.47,100,99.8,200,TGT
2025-12-29,9:37:07.700236178,T,99.51,100,99.8,200,TGT
2025-12-29,9:37:07.700236178,T,99.51,100,99.8,100,TGT
2025-12-29,9:37:07.700271286,T,99.47,100,99.8,100,TGT
2025-12-29,9:37:07.700657158,T,99.44,200,99.8,100,TGT
2025-12-29,9:37:08.382697080,T,99.58,100,99.8,100,TGT
2025-12-29,9:37:09.941781399,T,99.58,100,99.81,100,TGT
2025-12-29,9:37:09.941781399,T,99.58,100,99.9,400,TGT
2025-12-29,9:37:09.941801224,T,99.58,200,99.9,400,TGT
2025-12-29,9:37:09.941811201,T,99.7,100,99.9,400,TGT
2025-12-29,9:37:09.941831332,T,99.64,100,99.9,400,TGT
2025-12-29,9:37:09.941846339,T,99.64,100,99.9,200,TGT
2025-12-29,9:37:09.942006665,T,99.7,100,99.9,200,TGT
2025-12-29,9:37:09.946818227,T,99.64,100,99.9,200,TGT
2025-12-29,9:37:09.952050671,T,99.61,100,99.9,200,TGT
2025-12-29,9:37:09.966048934,T,99.61,100,99.87,100,TGT
2025-12-29,9:37:10.041849580,T,99.6,100,99.87,100,TGT
2025-12-29,9:37:10.041874684,T,99.58,200,99.87,100,TGT
2025-12-29,9:37:10.044125028,T,99.64,100,99.87,100,TGT
2025-12-29,9:37:10.053051208,T,99.58,200,99.87,100,TGT
2025-12-29,9:37:10.743736703,T,99.58,100,99.87,100,TGT
2025-12-29,9:37:10.743761801,T,99.55,100,99.87,100,TGT
2025-12-29,9:37:12.207844764,T,99.51,100,99.87,100,TGT
2025-12-29,9:37:12.285775381,T,99.65,100,99.87,100,TGT
2025-12-29,9:37:15.293596280,T,99.65,200,99.87,100,TGT
2025-12-29,9:37:15.303595145,T,99.65,100,99.87,100,TGT
2025-12-29,9:37:16.915369806,T,99.65,400,99.87,100,TGT
2025-12-29,9:37:16.933092002,T,99.65,400,99.9,200,TGT
2025-12-29,9:37:21.575722408,T,99.65,500,99.9,200,TGT
2025-12-29,9:37:21.665195568,T,99.65,400,99.9,200,TGT
2025-12-29,9:37:21.689598937,T,99.65,300,99.9,200,TGT
2025-12-29,9:37:21.689598937,T,99.65,200,99.9,200,TGT
2025-12-29,9:37:21.689618705,T,99.65,200,99.85,100,TGT
2025-12-29,9:37:21.689623729,T,99.65,200,99.84,100,TGT
2025-12-29,9:37:21.689623729,T,99.65,200,99.75,100,TGT
2025-12-29,9:37:21.689703884,T,99.65,200,99.73,100,TGT
2025-12-29,9:37:21.690205073,T,99.65,100,99.73,100,TGT
2025-12-29,9:37:21.690245363,T,99.51,100,99.73,100,TGT
2025-12-29,9:37:21.690255285,T,99.47,100,99.73,100,TGT
2025-12-29,9:37:21.690280313,T,99.47,100,99.73,200,TGT
2025-12-29,9:37:21.690300412,T,99.44,200,99.73,200,TGT
2025-12-29,9:37:21.690300412,T,99.44,200,99.69,100,TGT
2025-12-29,9:37:21.690440646,T,99.44,200,99.73,200,TGT
2025-12-29,9:37:21.690651299,T,99.47,100,99.73,200,TGT
2025-12-29,9:37:21.690656198,T,99.54,100,99.73,200,TGT
2025-12-29,9:37:21.690656198,T,99.64,100,99.73,200,TGT
2025-12-29,9:37:21.690721583,T,99.64,100,99.73,100,TGT
2025-12-29,9:37:21.690741341,T,99.66,100,99.73,100,TGT
2025-12-29,9:37:21.690761515,T,99.66,200,99.73,100,TGT
2025-12-29,9:37:21.690781464,T,99.66,100,99.73,100,TGT
2025-12-29,9:37:21.690831574,T,99.67,100,99.73,100,TGT
2025-12-29,9:37:21.691112567,T,99.66,100,99.73,100,TGT
2025-12-29,9:37:21.691127940,T,99.66,100,99.7,100,TGT
2025-12-29,9:37:21.691412979,T,99.47,100,99.7,100,TGT
2025-12-29,9:37:21.691438062,T,99.47,100,99.69,100,TGT
2025-12-29,9:37:21.691453154,T,99.47,100,99.7,100,TGT
2025-12-29,9:37:21.691458230,T,99.47,100,99.68,100,TGT
2025-12-29,9:37:21.691463130,T,99.47,100,99.7,100,TGT
2025-12-29,9:37:21.691468136,T,99.47,100,99.68,100,TGT
2025-12-29,9:37:21.691488215,T,99.47,100,99.67,100,TGT
2025-12-29,9:37:21.691498168,T,99.47,100,99.67,200,TGT
2025-12-29,9:37:21.694560494,T,99.61,100,99.67,200,TGT
2025-12-29,9:37:21.694585513,T,99.61,100,99.67,100,TGT
2025-12-29,9:37:21.741226638,T,99.54,100,99.67,100,TGT
2025-12-29,9:37:21.741246709,T,99.44,200,99.67,100,TGT
2025-12-29,9:37:21.741251753,T,99.44,200,99.67,200,TGT
2025-12-29,9:37:21.741266760,T,99.44,200,99.64,100,TGT
2025-12-29,9:37:21.741301924,T,99.44,200,99.64,200,TGT
2025-12-29,9:37:21.741637708,T,99.61,100,99.64,200,TGT
2025-12-29,9:37:21.741657674,T,99.61,100,99.64,100,TGT
2025-12-29,9:37:21.741717827,T,99.61,200,99.64,100,TGT
2025-12-29,9:37:21.741727896,T,99.61,100,99.64,100,TGT
2025-12-29,9:37:21.743582417,T,99.61,100,99.67,100,TGT
2025-12-29,9:37:21.743622434,T,99.61,200,99.67,100,TGT
2025-12-29,9:37:21.743647431,T,99.61,100,99.67,100,TGT
2025-12-29,9:37:21.743652469,T,99.47,100,99.67,100,TGT
2025-12-29,9:37:21.743652469,T,99.62,200,99.67,100,TGT
2025-12-29,9:37:21.754854145,T,99.62,100,99.67,100,TGT
2025-12-29,9:37:21.885896356,T,99.62,100,99.73,100,TGT
2025-12-29,9:37:21.885916355,T,99.64,100,99.73,100,TGT
2025-12-29,9:37:21.885936388,T,99.64,300,99.73,100,TGT
2025-12-29,9:37:21.885951398,T,99.64,100,99.73,100,TGT
2025-12-29,9:37:21.885971588,T,99.65,100,99.73,100,TGT
2025-12-29,9:37:22.549417090,T,99.65,200,99.73,100,TGT
2025-12-29,9:37:28.846123099,T,99.65,200,99.73,200,TGT
2025-12-29,9:37:34.511600394,T,99.65,300,99.73,200,TGT
2025-12-29,9:37:34.512136591,T,99.65,200,99.73,200,TGT
2025-12-29,9:37:42.426275995,T,99.65,100,99.73,200,TGT
2025-12-29,9:37:42.426311062,T,99.65,300,99.73,200,TGT
2025-12-29,9:37:42.426321076,T,99.65,400,99.73,200,TGT
2025-12-29,9:37:42.426321076,T,99.65,200,99.73,200,TGT
2025-12-29,9:37:42.426331063,T,99.65,100,99.73,200,TGT
2025-12-29,9:37:42.426411311,T,99.65,100,99.69,100,TGT
2025-12-29,9:37:42.426471455,T,99.65,500,99.69,100,TGT
2025-12-29,9:37:42.426521585,T,99.65,900,99.69,100,TGT
2025-12-29,9:37:42.426546566,T,99.65,900,99.73,200,TGT
2025-12-29,9:37:42.426562015,T,99.65,900,99.73,100,TGT
2025-12-29,9:37:42.426566862,T,99.65,500,99.73,100,TGT
2025-12-29,9:37:42.426566862,T,99.65,100,99.73,100,TGT
2025-12-29,9:37:42.426571712,T,99.65,200,99.73,100,TGT
2025-12-29,9:37:42.426591813,T,99.65,100,99.73,100,TGT
2025-12-29,9:37:42.426591813,T,99.67,100,99.73,100,TGT
2025-12-29,9:37:42.426596710,T,99.69,800,99.73,100,TGT
2025-12-29,9:37:42.426596710,T,99.69,700,99.73,100,TGT
2025-12-29,9:37:42.426601823,T,99.67,100,99.73,100,TGT
2025-12-29,9:37:42.426616811,T,99.67,200,99.73,100,TGT
2025-12-29,9:37:42.426626801,T,99.69,1000,99.73,100,TGT
2025-12-29,9:37:42.426656911,T,99.69,1100,99.73,100,TGT
2025-12-29,9:37:42.426686990,T,99.69,1200,99.73,100,TGT
2025-12-29,9:37:42.426692321,T,99.69,1100,99.73,100,TGT
2025-12-29,9:37:42.426696984,T,99.69,1000,99.73,100,TGT
2025-12-29,9:37:42.426732017,T,99.69,400,99.73,100,TGT
2025-12-29,9:37:42.426907470,T,99.69,100,99.73,100,TGT
2025-12-29,9:37:42.426907470,T,99.54,100,99.73,100,TGT
2025-12-29,9:37:42.426907470,T,99.44,300,99.73,100,TGT
2025-12-29,9:37:42.426927547,T,99.44,300,99.71,100,TGT
2025-12-29,9:37:42.426927547,T,99.51,100,99.71,100,TGT
2025-12-29,9:37:42.426952685,T,99.54,100,99.71,100,TGT
2025-12-29,9:37:42.427082848,T,99.48,100,99.71,100,TGT
2025-12-29,9:37:42.427283421,T,99.69,100,99.71,100,TGT
2025-12-29,9:37:42.427288358,T,99.69,200,99.71,100,TGT
2025-12-29,9:37:42.427308404,T,99.54,100,99.71,100,TGT
2025-12-29,9:37:42.427483831,T,99.54,100,99.72,100,TGT
2025-12-29,9:37:42.427674256,T,99.48,100,99.72,100,TGT
2025-12-29,9:37:42.427694385,T,99.48,100,99.71,100,TGT
2025-12-29,9:37:42.427729412,T,99.48,100,99.71,200,TGT
2025-12-29,9:37:42.428756899,T,99.48,100,99.71,100,TGT
2025-12-29,9:37:42.437026542,T,99.47,100,99.71,100,TGT
2025-12-29,9:37:42.437051677,T,99.44,300,99.71,100,TGT
2025-12-29,9:37:42.449421121,T,99.44,300,99.69,100,TGT
2025-12-29,9:37:42.449566457,T,99.44,300,99.71,100,TGT
2025-12-29,9:37:42.449586811,T,99.47,100,99.71,100,TGT
2025-12-29,9:37:42.449591480,T,99.64,100,99.71,100,TGT
2025-12-29,9:37:42.450032592,T,99.64,100,99.73,100,TGT
2025-12-29,9:37:42.450142804,T,99.62,100,99.73,100,TGT
2025-12-29,9:37:42.450603912,T,99.62,100,99.84,100,TGT
2025-12-29,9:37:42.450629001,T,99.7,100,99.84,100,TGT
2025-12-29,9:37:42.451185309,T,99.62,100,99.84,100,TGT
2025-12-29,9:37:42.451205378,T,99.61,200,99.84,100,TGT
2025-12-29,9:37:42.451420857,T,99.61,100,99.84,100,TGT
2025-12-29,9:37:42.550612185,T,99.54,100,99.84,100,TGT
2025-12-29,9:37:42.649628027,T,99.51,100,99.84,100,TGT
2025-12-29,9:37:43.003160319,T,99.65,100,99.84,100,TGT
2025-12-29,9:37:43.148000382,T,99.66,100,99.84,100,TGT
2025-12-29,9:37:44.541765827,T,99.66,100,99.76,100,TGT
2025-12-29,9:37:47.530396112,T,99.66,100,99.84,100,TGT
2025-12-29,9:37:47.530420944,T,99.71,100,99.84,100,TGT
2025-12-29,9:37:47.530420944,T,99.71,200,99.84,100,TGT
2025-12-29,9:37:47.530430896,T,99.71,300,99.84,100,TGT
2025-12-29,9:37:47.530430896,T,99.71,300,99.9,200,TGT
2025-12-29,9:37:47.530972268,T,99.71,200,99.9,200,TGT
2025-12-29,9:37:47.537462738,T,99.71,100,99.9,200,TGT
2025-12-29,9:37:47.578630724,T,99.71,200,99.9,200,TGT
2025-12-29,9:37:47.578635818,T,99.72,100,99.9,200,TGT
2025-12-29,9:37:47.578635818,T,99.77,100,99.9,200,TGT
2025-12-29,9:37:47.582094027,T,99.77,100,99.95,100,TGT
2025-12-29,9:37:47.585667492,T,99.72,100,99.95,100,TGT
2025-12-29,9:37:47.679831888,T,99.67,100,99.95,100,TGT
2025-12-29,9:37:47.699744341,T,99.71,100,99.95,100,TGT
2025-12-29,9:37:47.699749335,T,99.72,100,99.95,100,TGT
2025-12-29,9:37:47.699879640,T,99.71,100,99.95,100,TGT
2025-12-29,9:37:47.709798199,T,99.67,100,99.95,100,TGT
2025-12-29,9:37:47.731535091,T,99.66,200,99.95,100,TGT
2025-12-29,9:37:48.016063039,T,99.66,100,99.95,100,TGT
2025-12-29,9:37:48.735386645,T,99.63,100,99.95,100,TGT
2025-12-29,9:37:48.786112493,T,99.75,100,99.95,100,TGT
2025-12-29,9:37:51.689544703,T,99.75,400,99.95,100,TGT
2025-12-29,9:38:00.328906702,T,99.75,400,99.95,700,TGT
2025-12-29,9:38:04.084253251,T,99.75,500,99.95,700,TGT
2025-12-29,9:38:04.084498718,T,99.75,200,99.95,700,TGT
2025-12-29,9:38:04.091575583,T,99.75,100,99.95,700,TGT
2025-12-29,9:38:04.186672195,T,99.75,100,99.95,800,TGT
2025-12-29,9:38:04.186847542,T,99.75,200,99.95,800,TGT
2025-12-29,9:38:04.186902709,T,99.75,100,99.95,800,TGT
2025-12-29,9:38:04.187263601,T,99.78,100,99.95,800,TGT
2025-12-29,9:38:04.187775033,T,99.78,100,99.95,700,TGT
2025-12-29,9:38:04.187800172,T,99.83,100,99.95,700,TGT
2025-12-29,9:38:04.187814824,T,99.8,100,99.95,700,TGT
2025-12-29,9:38:04.187844974,T,99.78,100,99.95,700,TGT
2025-12-29,9:38:04.187865138,T,99.78,100,99.95,800,TGT
2025-12-29,9:38:04.187865138,T,99.78,100,99.94,100,TGT
2025-12-29,9:38:04.188010399,T,99.78,100,99.91,100,TGT
2025-12-29,9:38:04.188115948,T,99.78,100,99.9,100,TGT
2025-12-29,9:38:04.188135633,T,99.78,100,99.89,100,TGT
2025-12-29,9:38:04.188140683,T,99.78,100,99.87,100,TGT
2025-12-29,9:38:04.188195824,T,99.78,100,99.87,200,TGT
2025-12-29,9:38:04.188576721,T,99.75,100,99.87,200,TGT
2025-12-29,9:38:04.189213196,T,99.75,100,99.87,100,TGT
2025-12-29,9:38:04.189218223,T,99.8,100,99.87,100,TGT
2025-12-29,9:38:04.189228317,T,99.8,100,99.9,100,TGT
2025-12-29,9:38:04.189238221,T,99.84,100,99.9,100,TGT
2025-12-29,9:38:04.189293532,T,99.84,100,99.88,100,TGT
2025-12-29,9:38:04.189303428,T,99.8,100,99.88,100,TGT
2025-12-29,9:38:04.189303428,T,99.75,200,99.88,100,TGT
2025-12-29,9:38:04.189308607,T,99.75,100,99.88,100,TGT
2025-12-29,9:38:04.189308607,T,99.8,100,99.88,100,TGT
2025-12-29,9:38:04.189308607,T,99.83,100,99.88,100,TGT
2025-12-29,9:38:04.189308607,T,99.8,100,99.88,100,TGT
2025-12-29,9:38:04.189313467,T,99.75,100,99.88,100,TGT
2025-12-29,9:38:04.189328539,T,99.75,100,99.86,100,TGT
2025-12-29,9:38:04.189353588,T,99.75,100,99.85,100,TGT
2025-12-29,9:38:04.189448779,T,99.75,100,99.85,200,TGT
2025-12-29,9:38:04.189624232,T,99.75,100,99.84,100,TGT
2025-12-29,9:38:04.189644191,T,99.75,100,99.84,200,TGT
2025-12-29,9:38:04.189654283,T,99.75,100,99.84,300,TGT
2025-12-29,9:38:04.189669272,T,99.75,100,99.83,100,TGT
2025-12-29,9:38:04.189689349,T,99.75,100,99.84,200,TGT
2025-12-29,9:38:04.189699355,T,99.75,100,99.82,100,TGT
2025-12-29,9:38:04.189714444,T,99.75,100,99.82,200,TGT
2025-12-29,9:38:04.189854715,T,99.75,200,99.82,200,TGT
2025-12-29,9:38:04.189884860,T,99.75,200,99.82,100,TGT
2025-12-29,9:38:04.189884860,T,99.75,200,99.82,200,TGT
2025-12-29,9:38:04.190260652,T,99.75,100,99.82,200,TGT
2025-12-29,9:38:04.192671758,T,99.75,100,99.82,100,TGT
2025-12-29,9:38:04.192671758,T,99.75,100,99.84,100,TGT
2025-12-29,9:38:04.193077395,T,99.75,200,99.84,100,TGT
2025-12-29,9:38:04.193082419,T,99.76,100,99.84,100,TGT
2025-12-29,9:38:04.193082419,T,99.78,100,99.84,100,TGT
2025-12-29,9:38:04.193087478,T,99.79,100,99.84,100,TGT
2025-12-29,9:38:04.193132491,T,99.75,100,99.84,100,TGT
2025-12-29,9:38:04.200515073,T,99.67,100,99.84,100,TGT
2025-12-29,9:38:04.200540141,T,99.66,100,99.84,100,TGT
2025-12-29,9:38:04.550268368,T,99.76,100,99.84,100,TGT
2025-12-29,9:38:04.891305817,T,99.78,100,99.84,100,TGT
2025-12-29,9:38:05.291895198,T,99.78,100,99.95,100,TGT
2025-12-29,9:38:05.292466445,T,99.78,100,99.95,200,TGT
2025-12-29,9:38:05.292471542,T,99.78,100,99.84,100,TGT
2025-12-29,9:38:05.292481513,T,99.78,100,99.84,200,TGT
2025-12-29,9:38:05.964748141,T,99.78,100,99.84,100,TGT
2025-12-29,9:38:05.964753404,T,99.78,100,99.85,100,TGT
2025-12-29,9:38:05.964753404,T,99.78,100,99.95,100,TGT
2025-12-29,9:38:05.964768208,T,99.81,100,99.95,100,TGT
2025-12-29,9:38:05.964823295,T,99.81,200,99.95,100,TGT
2025-12-29,9:38:05.964858428,T,99.81,100,99.95,100,TGT
2025-12-29,9:38:05.965324506,T,99.78,100,99.95,100,TGT
2025-12-29,9:38:07.350324203,T,99.79,100,99.95,100,TGT
2025-12-29,9:38:08.716353540,T,99.78,100,99.95,100,TGT
2025-12-29,9:38:10.139388748,T,99.82,100,99.95,100,TGT
2025-12-29,9:38:15.429687201,T,99.78,100,99.95,100,TGT
2025-12-29,9:38:15.429707045,T,99.78,100,99.87,100,TGT
2025-12-29,9:38:15.429707045,T,99.78,100,99.87,200,TGT
2025-12-29,9:38:15.429717105,T,99.78,100,99.83,100,TGT
2025-12-29,9:38:15.429782294,T,99.78,100,99.83,200,TGT
2025-12-29,9:38:15.429817324,T,99.81,200,99.83,200,TGT
2025-12-29,9:38:15.429832463,T,99.81,200,99.83,300,TGT
2025-12-29,9:38:15.429837331,T,99.81,400,99.83,300,TGT
2025-12-29,9:38:15.429867474,T,99.81,800,99.83,300,TGT
2025-12-29,9:38:15.429887738,T,99.81,800,99.83,200,TGT
2025-12-29,9:38:15.429892786,T,99.81,800,99.83,100,TGT
2025-12-29,9:38:15.429892786,T,99.81,800,99.87,400,TGT
2025-12-29,9:38:15.429912608,T,99.81,800,99.87,300,TGT
2025-12-29,9:38:15.429912608,T,99.81,600,99.87,300,TGT
2025-12-29,9:38:15.429917626,T,99.81,400,99.87,300,TGT
2025-12-29,9:38:15.429922519,T,99.78,100,99.87,300,TGT
2025-12-29,9:38:15.429947644,T,99.83,800,99.87,300,TGT
2025-12-29,9:38:15.429957658,T,99.78,100,99.87,300,TGT
2025-12-29,9:38:15.429982678,T,99.82,800,99.87,300,TGT
2025-12-29,9:38:15.429992712,T,99.78,100,99.87,300,TGT
2025-12-29,9:38:15.430017814,T,99.82,800,99.87,300,TGT
2025-12-29,9:38:15.430042920,T,99.82,500,99.87,300,TGT
2025-12-29,9:38:15.430057899,T,99.78,100,99.87,300,TGT
2025-12-29,9:38:15.430077997,T,99.78,100,99.86,100,TGT
2025-12-29,9:38:15.430483887,T,99.71,100,99.86,100,TGT
2025-12-29,9:38:15.431145552,T,99.67,100,99.86,100,TGT
2025-12-29,9:38:15.431150443,T,99.67,100,99.87,200,TGT
2025-12-29,9:38:15.431170572,T,99.66,200,99.87,200,TGT
2025-12-29,9:38:15.434994614,T,99.79,100,99.87,200,TGT
2025-12-29,9:38:15.529765423,T,99.79,100,99.87,100,TGT
2025-12-29,9:38:15.535198418,T,99.79,100,99.86,100,TGT
2025-12-29,9:38:15.535238512,T,99.79,100,99.86,200,TGT
2025-12-29,9:38:15.535884981,T,99.79,200,99.86,200,TGT
2025-12-29,9:38:16.496623900,T,99.79,200,99.86,100,TGT
2025-12-29,9:38:16.499916778,T,99.79,200,99.87,100,TGT
2025-12-29,9:38:16.499936786,T,99.84,100,99.87,100,TGT
2025-12-29,9:38:16.500012056,T,99.84,100,99.86,100,TGT
2025-12-29,9:38:16.500062160,T,99.84,100,99.87,100,TGT
2025-12-29,9:38:16.500142343,T,99.79,200,99.87,100,TGT
2025-12-29,9:38:16.500182457,T,99.79,200,99.87,200,TGT
2025-12-29,9:38:16.500738748,T,99.84,100,99.87,200,TGT
2025-12-29,9:38:16.500758743,T,99.84,100,99.87,100,TGT
2025-12-29,9:38:17.273209181,T,99.79,100,99.87,100,TGT
2025-12-29,9:38:17.273229219,T,99.79,100,99.86,100,TGT
2025-12-29,9:38:17.273229219,T,99.79,100,99.86,200,TGT
2025-12-29,9:38:17.273234095,T,99.79,100,99.85,100,TGT
2025-12-29,9:38:17.273329365,T,99.79,100,99.85,200,TGT
2025-12-29,9:38:17.273855581,T,99.79,100,99.85,100,TGT
2025-12-29,9:38:18.017697746,T,99.66,200,99.85,100,TGT
2025-12-29,9:38:18.017697746,T,99.66,100,99.85,100,TGT
2025-12-29,9:38:18.017697746,T,99.66,100,99.85,200,TGT
2025-12-29,9:38:18.017717673,T,99.66,100,99.81,100,TGT
2025-12-29,9:38:18.017772867,T,99.66,100,99.81,200,TGT
2025-12-29,9:38:18.017823581,T,99.66,100,99.81,300,TGT
2025-12-29,9:38:18.017953254,T,99.66,200,99.81,300,TGT
2025-12-29,9:38:18.017963293,T,99.79,100,99.81,300,TGT
2025-12-29,9:38:18.017973784,T,99.66,200,99.81,300,TGT
2025-12-29,9:38:18.017978395,T,99.66,200,99.81,200,TGT
2025-12-29,9:38:18.017983395,T,99.66,100,99.81,200,TGT
2025-12-29,9:38:18.018143784,T,99.66,100,99.81,300,TGT
2025-12-29,9:38:18.018274025,T,99.66,100,99.81,200,TGT
2025-12-29,9:38:21.024701374,T,99.66,200,99.81,200,TGT
2025-12-29,9:38:21.034820549,T,99.66,100,99.81,200,TGT
2025-12-29,9:38:22.284613025,T,99.66,100,99.78,100,TGT
2025-12-29,9:38:22.284663303,T,99.66,100,99.78,200,TGT
2025-12-29,9:38:22.284883659,T,99.66,100,99.78,100,TGT
2025-12-29,9:38:22.284883659,T,99.66,100,99.78,200,TGT
2025-12-29,9:38:22.284923813,T,99.66,100,99.78,100,TGT
2025-12-29,9:38:22.365971892,T,99.71,100,99.78,100,TGT
2025-12-29,9:38:26.415409175,T,99.71,400,99.78,100,TGT
2025-12-29,9:38:29.056806864,T,99.71,400,99.79,100,TGT
2025-12-29,9:38:29.056806864,T,99.71,400,99.8,100,TGT
2025-12-29,9:38:29.056831923,T,99.71,400,99.81,100,TGT
2025-12-29,9:38:29.056846973,T,99.72,100,99.81,100,TGT
2025-12-29,9:38:29.056862083,T,99.71,400,99.81,100,TGT
2025-12-29,9:38:29.057613849,T,99.71,400,99.95,100,TGT
2025-12-29,9:38:29.064740815,T,99.72,100,99.95,100,TGT
2025-12-29,9:38:29.865102494,T,99.71,300,99.95,100,TGT
2025-12-29,9:38:30.506119599,T,99.72,100,99.95,100,TGT
2025-12-29,9:38:30.901732242,T,99.73,100,99.95,100,TGT
2025-12-29,9:38:30.901737300,T,99.78,100,99.95,100,TGT
2025-12-29,9:38:30.902168286,T,99.78,200,99.95,100,TGT
2025-12-29,9:38:30.906172688,T,99.78,100,99.95,100,TGT
2025-12-29,9:38:30.908768821,T,99.77,100,99.95,100,TGT
2025-12-29,9:38:30.916662709,T,99.73,100,99.95,100,TGT
2025-12-29,9:38:31.003173717,T,99.72,100,99.95,100,TGT
2025-12-29,9:38:31.859869788,T,99.74,100,99.95,100,TGT
2025-12-29,9:38:33.372222837,T,99.75,100,99.95,100,TGT
2025-12-29,9:38:33.372287885,T,99.75,100,99.88,100,TGT
2025-12-29,9:38:33.373014667,T,99.75,200,99.88,100,TGT
2025-12-29,9:38:41.626131429,T,99.75,100,99.88,100,TGT
2025-12-29,9:38:46.026905731,T,99.75,100,99.87,100,TGT
2025-12-29,9:38:46.026965808,T,99.75,100,99.87,200,TGT
2025-12-29,9:38:46.405357340,T,99.75,100,99.87,100,TGT
2025-12-29,9:38:46.559534556,T,99.66,200,99.87,100,TGT
2025-12-29,9:38:46.559554773,T,99.66,200,99.81,100,TGT
2025-12-29,9:38:46.559579669,T,99.66,100,99.81,100,TGT
2025-12-29,9:38:46.559604728,T,99.66,100,99.81,200,TGT
2025-12-29,9:38:46.559644840,T,99.66,100,99.81,100,TGT
2025-12-29,9:38:46.559695268,T,99.66,100,99.8,100,TGT
2025-12-29,9:38:46.560131056,T,99.66,100,99.78,100,TGT
2025-12-29,9:38:46.563213422,T,99.71,100,99.78,100,TGT
2025-12-29,9:38:47.298986275,T,99.71,100,99.77,100,TGT
2025-12-29,9:38:48.004763004,T,99.66,100,99.77,100,TGT
2025-12-29,9:38:48.004782705,T,99.66,100,99.74,100,TGT
2025-12-29,9:38:48.005339073,T,99.66,100,99.77,100,TGT
2025-12-29,9:38:48.007218465,T,99.66,100,99.73,100,TGT
2025-12-29,9:38:48.177960269,T,99.66,100,99.73,200,TGT
2025-12-29,9:38:48.177985383,T,99.66,100,99.73,100,TGT
2025-12-29,9:38:48.178015353,T,99.66,100,99.69,100,TGT
2025-12-29,9:38:48.180751916,T,99.66,100,99.69,200,TGT
2025-12-29,9:38:48.295725839,T,99.66,100,99.69,100,TGT
2025-12-29,9:38:48.466893785,T,99.66,100,99.68,100,TGT
2025-12-29,9:38:48.466938719,T,99.51,300,99.68,100,TGT
2025-12-29,9:38:48.466953746,T,99.51,300,99.68,200,TGT
2025-12-29,9:38:48.466958754,T,99.51,300,99.67,100,TGT
2025-12-29,9:38:48.466993863,T,99.51,200,99.67,100,TGT
2025-12-29,9:38:48.467109110,T,99.51,200,99.67,200,TGT
2025-12-29,9:38:48.467189328,T,99.63,100,99.67,200,TGT
2025-12-29,9:38:48.467204318,T,99.63,200,99.67,200,TGT
2025-12-29,9:38:48.467219436,T,99.63,300,99.67,200,TGT
2025-12-29,9:38:48.467244493,T,99.63,400,99.67,200,TGT
2025-12-29,9:38:48.467269491,T,99.63,500,99.67,200,TGT
2025-12-29,9:38:48.467414834,T,99.63,600,99.67,200,TGT
2025-12-29,9:38:48.467435179,T,99.63,500,99.67,200,TGT
2025-12-29,9:38:48.467435179,T,99.63,400,99.67,200,TGT
2025-12-29,9:38:48.467439967,T,99.63,300,99.67,200,TGT
2025-12-29,9:38:48.467449945,T,99.63,200,99.67,200,TGT
2025-12-29,9:38:48.467454949,T,99.63,100,99.67,200,TGT
2025-12-29,9:38:48.467459910,T,99.63,100,99.66,100,TGT
2025-12-29,9:38:48.467459910,T,99.51,200,99.66,100,TGT
2025-12-29,9:38:48.467505149,T,99.51,200,99.67,200,TGT
2025-12-29,9:38:48.467505149,T,99.66,400,99.67,200,TGT
2025-12-29,9:38:48.467530098,T,99.64,100,99.67,200,TGT
2025-12-29,9:38:48.467560154,T,99.66,400,99.67,200,TGT
2025-12-29,9:38:48.467590274,T,99.64,100,99.67,200,TGT
2025-12-29,9:38:48.467615376,T,99.64,100,99.66,100,TGT
2025-12-29,9:38:48.468081441,T,99.54,100,99.66,100,TGT
2025-12-29,9:38:48.468667863,T,99.54,100,99.67,200,TGT
2025-12-29,9:38:48.468687893,T,99.51,200,99.67,200,TGT
2025-12-29,9:38:48.468687893,T,99.54,100,99.67,200,TGT
2025-12-29,9:38:48.469163968,T,99.51,200,99.67,200,TGT
2025-12-29,9:38:48.469184116,T,99.51,200,99.66,100,TGT
2025-12-29,9:38:48.469224177,T,99.51,200,99.66,200,TGT
2025-12-29,9:38:48.717265129,T,99.51,200,99.66,100,TGT
2025-12-29,9:38:49.964626757,T,99.51,200,99.66,200,TGT
2025-12-29,9:38:50.164377547,T,99.51,200,99.65,100,TGT
2025-12-29,9:38:50.164442770,T,99.51,200,99.65,200,TGT
2025-12-29,9:38:50.165149417,T,99.49,100,99.65,200,TGT
2025-12-29,9:38:50.165174499,T,99.47,100,99.65,200,TGT
2025-12-29,9:38:50.165299747,T,99.45,300,99.65,200,TGT
2025-12-29,9:38:50.165299747,T,99.45,200,99.65,200,TGT
2025-12-29,9:38:50.167690497,T,99.45,200,99.65,100,TGT
2025-12-29,9:38:50.716091956,T,99.45,200,99.65,200,TGT
2025-12-29,9:38:51.952167304,T,99.45,200,99.65,300,TGT
2025-12-29,9:38:51.952171906,T,99.45,200,99.64,100,TGT
2025-12-29,9:38:51.953855834,T,99.45,200,99.6,100,TGT
2025-12-29,9:38:51.954276851,T,99.45,200,99.6,200,TGT
2025-12-29,9:38:52.628192390,T,99.46,100,99.6,200,TGT
2025-12-29,9:38:55.344618881,T,99.46,100,99.6,100,TGT
2025-12-29,9:38:55.345480999,T,99.46,100,99.59,100,TGT
2025-12-29,9:38:55.345531041,T,99.46,100,99.59,200,TGT
2025-12-29,9:38:55.345906947,T,99.46,100,99.59,300,TGT
2025-12-29,9:38:55.346443273,T,99.46,100,99.59,200,TGT
2025-12-29,9:38:57.183830545,T,99.46,100,99.59,100,TGT
2025-12-29,9:39:02.192513522,T,99.46,100,99.71,100,TGT
2025-12-29,9:39:02.192518610,T,99.46,100,99.75,100,TGT
2025-12-29,9:39:02.192518610,T,99.46,100,99.79,100,TGT
2025-12-29,9:39:02.192533324,T,99.46,100,99.83,300,TGT
2025-12-29,9:39:02.192533324,T,99.46,100,99.83,200,TGT
2025-12-29,9:39:02.192543259,T,99.52,100,99.83,200,TGT
2025-12-29,9:39:02.192553346,T,99.55,100,99.83,200,TGT
2025-12-29,9:39:02.192568358,T,99.52,100,99.83,200,TGT
2025-12-29,9:39:02.192573365,T,99.52,200,99.83,200,TGT
2025-12-29,9:39:02.192668564,T,99.55,100,99.83,200,TGT
2025-12-29,9:39:02.192753810,T,99.56,100,99.83,200,TGT
2025-12-29,9:39:02.193946683,T,99.55,100,99.83,200,TGT
2025-12-29,9:39:02.199580014,T,99.53,100,99.83,200,TGT
2025-12-29,9:39:02.203664836,T,99.52,100,99.83,200,TGT
2025-12-29,9:39:02.292892446,T,99.47,200,99.83,200,TGT
2025-12-29,9:39:04.570393181,T,99.61,100,99.83,200,TGT
2025-12-29,9:39:10.776292930,T,99.61,200,99.83,200,TGT
2025-12-29,9:39:10.777099784,T,99.61,200,99.74,100,TGT
2025-12-29,9:39:12.047982573,T,99.61,100,99.74,100,TGT
2025-12-29,9:39:18.814357461,T,99.61,100,99.74,200,TGT
2025-12-29,9:39:26.525994327,T,99.61,100,99.74,100,TGT
2025-12-29,9:39:26.526440424,T,99.61,100,99.69,100,TGT
2025-12-29,9:39:36.138720355,T,99.62,100,99.69,100,TGT
2025-12-29,9:39:36.138905815,T,99.62,100,99.83,200,TGT
2025-12-29,9:39:36.138930854,T,99.67,100,99.83,200,TGT
2025-12-29,9:39:36.139321870,T,99.61,100,99.83,200,TGT
2025-12-29,9:39:36.139522294,T,99.62,100,99.83,200,TGT
2025-12-29,9:39:36.148749339,T,99.61,100,99.83,200,TGT
2025-12-29,9:39:36.485862369,T,99.47,200,99.83,200,TGT
2025-12-29,9:39:36.590190968,T,99.47,300,99.83,200,TGT
2025-12-29,9:39:36.590306183,T,99.47,300,99.74,100,TGT
2025-12-29,9:39:36.597678797,T,99.47,200,99.74,100,TGT
2025-12-29,9:39:37.067944166,T,99.61,100,99.74,100,TGT
2025-12-29,9:39:37.995909818,T,99.62,100,99.74,100,TGT
2025-12-29,9:39:38.072271821,T,99.62,200,99.74,100,TGT
2025-12-29,9:39:39.114033749,T,99.62,100,99.74,100,TGT
2025-12-29,9:39:39.508292907,T,99.62,100,99.83,200,TGT
2025-12-29,9:39:41.187738888,T,99.62,200,99.83,200,TGT
2025-12-29,9:39:41.196464714,T,99.62,300,99.83,200,TGT
2025-12-29,9:39:41.239006077,T,99.62,200,99.83,200,TGT
2025-12-29,9:39:41.453602232,T,99.62,100,99.83,200,TGT
2025-12-29,9:39:48.871439281,T,99.62,200,99.83,200,TGT
2025-12-29,9:39:53.194809186,T,99.62,300,99.83,200,TGT
2025-12-29,9:39:53.199916334,T,99.67,100,99.83,200,TGT
2025-12-29,9:39:53.200307187,T,99.68,100,99.83,200,TGT
2025-12-29,9:39:53.206948056,T,99.67,100,99.83,200,TGT
2025-12-29,9:39:53.215538512,T,99.63,100,99.83,200,TGT
2025-12-29,9:39:53.215558520,T,99.62,300,99.83,200,TGT
2025-12-29,9:39:53.300185190,T,99.62,200,99.83,200,TGT
2025-12-29,9:39:54.068495586,T,99.62,100,99.83,200,TGT
2025-12-29,9:39:54.250373791,T,99.62,200,99.83,200,TGT
2025-12-29,9:39:54.871438395,T,99.62,200,99.78,100,TGT
2025-12-29,9:39:55.440619304,T,99.7,100,99.78,100,TGT
2025-12-29,9:39:55.440689563,T,99.7,100,99.78,200,TGT
2025-12-29,9:39:55.780378762,T,99.7,100,99.78,100,TGT
2025-12-29,9:40:04.220456365,T,99.62,100,99.78,100,TGT
2025-12-29,9:40:04.220471708,T,99.62,100,99.7,100,TGT
2025-12-29,9:40:04.220491516,T,99.62,100,99.7,200,TGT
2025-12-29,9:40:04.220576666,T,99.62,100,99.7,300,TGT
2025-12-29,9:40:04.221022720,T,99.62,100,99.7,200,TGT
2025-12-29,9:40:04.221433667,T,99.61,100,99.7,200,TGT
2025-12-29,9:40:04.222060146,T,99.58,500,99.7,200,TGT
2025-12-29,9:40:05.324155591,T,99.58,400,99.7,200,TGT
2025-12-29,9:40:05.324180653,T,99.58,400,99.69,100,TGT
2025-12-29,9:40:05.324205771,T,99.58,400,99.69,200,TGT
2025-12-29,9:40:05.324210802,T,99.58,400,99.69,100,TGT
2025-12-29,9:40:05.324235775,T,99.58,400,99.69,200,TGT
2025-12-29,9:40:05.324275907,T,99.58,400,99.69,300,TGT
2025-12-29,9:40:05.331212394,T,99.58,400,99.69,200,TGT
2025-12-29,9:40:05.856168047,T,99.58,400,99.69,100,TGT
2025-12-29,9:40:05.856198144,T,99.58,400,99.7,200,TGT
2025-12-29,9:40:05.856649195,T,99.58,400,99.69,100,TGT
2025-12-29,9:40:05.863535636,T,99.59,100,99.69,100,TGT
2025-12-29,9:40:06.143713049,T,99.58,500,99.69,100,TGT
2025-12-29,9:40:06.143718029,T,99.58,400,99.69,100,TGT
2025-12-29,9:40:06.143738166,T,99.58,400,99.69,200,TGT
2025-12-29,9:40:06.143743144,T,99.58,400,99.68,100,TGT
2025-12-29,9:40:06.143743144,T,99.58,400,99.64,100,TGT
2025-12-29,9:40:06.143848342,T,99.58,400,99.64,200,TGT
2025-12-29,9:40:06.144545093,T,99.58,400,99.64,300,TGT
2025-12-29,9:40:06.144735507,T,99.58,300,99.64,300,TGT
2025-12-29,9:40:06.144750865,T,99.58,200,99.64,300,TGT
2025-12-29,9:40:06.144755504,T,99.58,100,99.64,300,TGT
2025-12-29,9:40:06.144755504,T,99.47,200,99.64,300,TGT
2025-12-29,9:40:06.144775606,T,99.47,200,99.59,100,TGT
2025-12-29,9:40:06.144845757,T,99.47,200,99.59,200,TGT
2025-12-29,9:40:06.144865986,T,99.47,200,99.58,100,TGT
2025-12-29,9:40:06.144900886,T,99.47,200,99.58,200,TGT
2025-12-29,9:40:06.145291866,T,99.47,200,99.58,100,TGT
2025-12-29,9:40:06.146364341,T,99.39,100,99.58,100,TGT
2025-12-29,9:40:06.146374443,T,99.4,200,99.58,100,TGT
2025-12-29,9:40:06.313883445,T,99.4,200,99.58,200,TGT
2025-12-29,9:40:06.613186508,T,99.41,100,99.58,200,TGT
2025-12-29,9:40:08.871256082,T,99.4,200,99.58,200,TGT
2025-12-29,9:40:10.697201101,T,99.46,100,99.58,200,TGT
2025-12-29,9:40:11.031657855,T,99.4,200,99.58,200,TGT
2025-12-29,9:40:11.585662728,T,99.47,100,99.58,200,TGT
2025-12-29,9:40:11.585933472,T,99.47,100,99.58,100,TGT
2025-12-29,9:40:11.585939042,T,99.47,100,99.59,100,TGT
2025-12-29,9:40:11.585958381,T,99.52,100,99.59,100,TGT
2025-12-29,9:40:11.585963489,T,99.57,100,99.59,100,TGT
2025-12-29,9:40:11.586208987,T,99.57,200,99.59,100,TGT
2025-12-29,9:40:11.586213988,T,99.57,200,99.68,100,TGT
2025-12-29,9:40:11.586259092,T,99.57,300,99.68,100,TGT
2025-12-29,9:40:11.586389504,T,99.57,300,99.7,100,TGT
2025-12-29,9:40:11.586399504,T,99.58,100,99.7,100,TGT
2025-12-29,9:40:11.586399504,T,99.58,200,99.7,100,TGT
2025-12-29,9:40:11.586399504,T,99.58,300,99.7,100,TGT
2025-12-29,9:40:11.586459802,T,99.58,200,99.7,100,TGT
2025-12-29,9:40:11.587246555,T,99.58,100,99.7,100,TGT
2025-12-29,9:40:11.587311610,T,99.53,100,99.7,100,TGT
2025-12-29,9:40:11.593020203,T,99.52,100,99.7,100,TGT
2025-12-29,9:40:11.597505894,T,99.47,100,99.7,100,TGT
2025-12-29,9:40:12.732675329,T,99.46,200,99.7,100,TGT
2025-12-29,9:40:13.870706543,T,99.58,100,99.7,100,TGT
2025-12-29,9:40:22.130113436,T,99.58,100,99.7,200,TGT
2025-12-29,9:40:22.241824528,T,99.46,200,99.7,200,TGT
2025-12-29,9:40:23.232855464,T,99.63,100,99.7,200,TGT
2025-12-29,9:40:23.886292253,T,99.63,100,99.69,100,TGT
2025-12-29,9:40:27.462842887,T,99.63,100,99.7,200,TGT
2025-12-29,9:40:27.462862982,T,99.68,100,99.7,200,TGT
2025-12-29,9:40:27.462868221,T,99.68,100,99.7,100,TGT
2025-12-29,9:40:27.462872899,T,99.68,100,99.75,800,TGT
2025-12-29,9:40:27.462988264,T,99.68,200,99.75,800,TGT
2025-12-29,9:40:27.463028336,T,99.69,100,99.75,800,TGT
2025-12-29,9:40:27.463028336,T,99.69,200,99.75,800,TGT
2025-12-29,9:40:27.463459324,T,99.69,100,99.75,800,TGT
2025-12-29,9:40:27.464035754,T,99.64,100,99.75,800,TGT
2025-12-29,9:40:27.473804010,T,99.63,200,99.75,800,TGT
2025-12-29,9:40:27.474255057,T,99.63,100,99.75,800,TGT
2025-12-29,9:40:32.356651770,T,99.63,100,99.75,900,TGT
2025-12-29,9:40:33.168996940,T,99.54,100,99.75,900,TGT
2025-12-29,9:40:33.258024057,T,99.52,200,99.75,900,TGT
2025-12-29,9:40:34.677220141,T,99.52,200,99.74,100,TGT
2025-12-29,9:40:34.677596049,T,99.52,200,99.74,200,TGT
2025-12-29,9:40:34.677721285,T,99.52,200,99.73,100,TGT
2025-12-29,9:40:34.677751348,T,99.52,200,99.66,100,TGT
2025-12-29,9:40:34.681816070,T,99.48,100,99.66,100,TGT
2025-12-29,9:40:34.697563562,T,99.55,100,99.66,100,TGT
2025-12-29,9:40:48.235446001,T,99.55,100,99.74,100,TGT
2025-12-29,9:40:48.235470879,T,99.6,100,99.74,100,TGT
2025-12-29,9:40:48.235470879,T,99.62,100,99.74,100,TGT
2025-12-29,9:40:48.235475875,T,99.65,100,99.74,100,TGT
2025-12-29,9:40:48.235671436,T,99.65,100,99.75,800,TGT
2025-12-29,9:40:48.235831807,T,99.66,100,99.75,800,TGT
2025-12-29,9:40:48.236047247,T,99.6,200,99.75,800,TGT
2025-12-29,9:40:48.236067325,T,99.6,100,99.75,800,TGT
2025-12-29,9:40:48.236262769,T,99.6,100,99.74,100,TGT
2025-12-29,9:40:48.240708363,T,99.56,100,99.74,100,TGT
2025-12-29,9:40:48.336481590,T,99.55,100,99.74,100,TGT
2025-12-29,9:40:48.936350938,T,99.63,100,99.74,100,TGT
2025-12-29,9:40:48.941372704,T,99.58,100,99.74,100,TGT
2025-12-29,9:40:48.943382496,T,99.55,100,99.74,100,TGT
2025-12-29,9:40:49.262773416,T,99.48,100,99.74,100,TGT
2025-12-29,9:40:50.395431769,T,99.48,100,99.72,100,TGT
2025-12-29,9:40:50.764811761,T,99.59,100,99.72,100,TGT
2025-12-29,9:40:50.764841877,T,99.59,100,99.74,100,TGT
2025-12-29,9:40:54.417112774,T,99.59,100,99.73,100,TGT
2025-12-29,9:40:54.419252851,T,99.59,100,99.73,200,TGT
2025-12-29,9:40:54.806169688,T,99.59,100,99.73,100,TGT
2025-12-29,9:40:59.116759075,T,99.59,100,99.73,200,TGT
2025-12-29,9:40:59.756914115,T,99.59,100,99.73,100,TGT
2025-12-29,9:41:00.117959265,T,99.59,100,99.73,200,TGT
2025-12-29,9:41:00.134193040,T,99.59,100,99.73,100,TGT
2025-12-29,9:41:00.318031028,T,99.48,100,99.73,100,TGT
2025-12-29,9:41:01.101221893,T,99.48,100,99.74,100,TGT
2025-12-29,9:41:01.101241868,T,99.51,100,99.74,100,TGT
2025-12-29,9:41:01.101241868,T,99.62,100,99.74,100,TGT
2025-12-29,9:41:01.101247121,T,99.66,100,99.74,100,TGT
2025-12-29,9:41:01.101637879,T,99.66,100,99.75,800,TGT
2025-12-29,9:41:01.102043759,T,99.66,200,99.75,800,TGT
2025-12-29,9:41:01.102063853,T,99.66,100,99.75,800,TGT
2025-12-29,9:41:01.117074614,T,99.6,100,99.75,800,TGT
2025-12-29,9:41:01.151937635,T,99.6,200,99.75,800,TGT
2025-12-29,9:41:01.201255113,T,99.6,100,99.75,800,TGT
2025-12-29,9:41:01.440079123,T,99.63,100,99.75,800,TGT
2025-12-29,9:41:01.554446595,T,99.63,200,99.75,800,TGT
2025-12-29,9:41:03.075359797,T,99.63,200,99.75,700,TGT
2025-12-29,9:41:03.075379826,T,99.63,200,99.84,100,TGT
2025-12-29,9:41:03.075404956,T,99.72,100,99.84,100,TGT
2025-12-29,9:41:03.075409968,T,99.74,100,99.84,100,TGT
2025-12-29,9:41:03.075610460,T,99.75,100,99.84,100,TGT
2025-12-29,9:41:03.075916163,T,99.72,200,99.84,100,TGT
2025-12-29,9:41:03.075956289,T,99.72,100,99.84,100,TGT
2025-12-29,9:41:03.078648018,T,99.76,100,99.84,100,TGT
2025-12-29,9:41:03.078677830,T,99.73,200,99.84,100,TGT
2025-12-29,9:41:03.078793061,T,99.73,200,99.83,100,TGT
2025-12-29,9:41:03.078813236,T,99.73,100,99.83,100,TGT
2025-12-29,9:41:03.129859824,T,99.72,100,99.83,100,TGT
2025-12-29,9:41:03.175533473,T,99.63,100,99.83,100,TGT
2025-12-29,9:41:03.248792973,T,99.63,100,99.83,200,TGT
2025-12-29,9:41:03.256887724,T,99.63,100,99.83,100,TGT
2025-12-29,9:41:03.256887724,T,99.63,100,99.84,100,TGT
2025-12-29,9:41:03.256907406,T,99.82,100,99.84,100,TGT
2025-12-29,9:41:03.256987595,T,99.82,200,99.84,100,TGT
2025-12-29,9:41:03.257082807,T,99.82,200,99.93,200,TGT
2025-12-29,9:41:03.257102759,T,99.82,300,99.93,200,TGT
2025-12-29,9:41:03.257177985,T,99.83,100,99.93,200,TGT
2025-12-29,9:41:03.257177985,T,99.83,200,99.93,200,TGT
2025-12-29,9:41:03.257183057,T,99.83,300,99.93,200,TGT
2025-12-29,9:41:03.257358440,T,99.83,300,99.95,100,TGT
2025-12-29,9:41:03.257463665,T,99.83,200,99.95,100,TGT
2025-12-29,9:41:03.258050096,T,99.83,100,99.95,100,TGT
2025-12-29,9:41:03.258140277,T,99.78,100,99.95,100,TGT
2025-12-29,9:41:03.272434371,T,99.76,100,99.95,100,TGT
2025-12-29,9:41:03.356910964,T,99.7,100,99.95,100,TGT
2025-12-29,9:41:03.356910964,T,99.63,100,99.95,100,TGT
2025-12-29,9:41:03.533711789,T,99.67,100,99.95,100,TGT
2025-12-29,9:41:04.008402706,T,99.76,100,99.95,100,TGT
2025-12-29,9:41:04.008402706,T,99.77,100,99.95,100,TGT
2025-12-29,9:41:04.008407789,T,99.82,100,99.95,100,TGT
2025-12-29,9:41:04.008843750,T,99.78,100,99.95,100,TGT
2025-12-29,9:41:04.009064303,T,99.81,100,99.95,100,TGT
2025-12-29,9:41:04.014351914,T,99.77,100,99.95,100,TGT
2025-12-29,9:41:04.015123748,T,99.77,100,99.95,300,TGT
2025-12-29,9:41:04.108962283,T,99.67,200,99.95,300,TGT
2025-12-29,9:41:04.209160973,T,99.67,100,99.95,300,TGT
2025-12-29,9:41:04.938703973,T,99.78,100,99.95,300,TGT
2025-12-29,9:41:06.232135362,T,99.78,100,99.95,400,TGT
2025-12-29,9:41:06.232185501,T,99.78,100,99.94,100,TGT
2025-12-29,9:41:06.232215542,T,99.78,100,99.93,100,TGT
2025-12-29,9:41:06.472733591,T,99.62,100,99.93,100,TGT
2025-12-29,9:41:07.075770259,T,99.81,100,99.93,100,TGT
2025-12-29,9:41:07.075830324,T,99.81,100,99.95,400,TGT
2025-12-29,9:41:09.187405914,T,99.81,100,99.95,200,TGT
2025-12-29,9:41:09.395010446,T,99.81,100,99.95,100,TGT
2025-12-29,9:41:11.126555587,T,99.81,100,99.93,100,TGT
2025-12-29,9:41:11.126595748,T,99.81,100,99.92,100,TGT
2025-12-29,9:41:11.126821451,T,99.81,100,99.91,100,TGT
2025-12-29,9:41:14.096716753,T,99.81,100,99.92,100,TGT
2025-12-29,9:41:19.051846560,T,99.81,100,99.92,400,TGT
2025-12-29,9:41:30.151259366,T,99.73,100,99.92,400,TGT
2025-12-29,9:41:30.658758324,T,99.69,200,99.92,400,TGT
2025-12-29,9:41:30.754305971,T,99.88,100,99.92,400,TGT
2025-12-29,9:41:30.754351073,T,99.69,200,99.92,400,TGT
2025-12-29,9:41:30.754371175,T,99.69,200,99.91,100,TGT
2025-12-29,9:41:30.754416182,T,99.69,200,99.9,100,TGT
2025-12-29,9:41:30.762741067,T,99.69,200,99.91,200,TGT
2025-12-29,9:41:30.764044204,T,99.69,200,99.91,100,TGT
2025-12-29,9:41:33.085359438,T,99.77,100,99.91,100,TGT
2025-12-29,9:41:33.085434681,T,99.77,100,99.9,100,TGT
2025-12-29,9:41:35.168963293,T,99.77,100,99.89,100,TGT
2025-12-29,9:41:50.367707343,T,99.77,100,99.89,300,TGT
2025-12-29,9:41:51.373438322,T,99.78,100,99.89,300,TGT
2025-12-29,9:41:51.373443286,T,99.82,100,99.89,300,TGT
2025-12-29,9:41:51.373458400,T,99.79,100,99.89,300,TGT
2025-12-29,9:41:51.374470806,T,99.8,100,99.89,300,TGT
2025-12-29,9:41:51.374716398,T,99.8,100,99.89,100,TGT
2025-12-29,9:41:51.375072232,T,99.8,100,99.91,100,TGT
2025-12-29,9:41:51.375077175,T,99.8,100,99.92,100,TGT
2025-12-29,9:41:51.375092230,T,99.83,100,99.92,100,TGT
2025-12-29,9:41:51.375097233,T,99.88,100,99.92,100,TGT
2025-12-29,9:41:51.375242619,T,99.86,100,99.92,100,TGT
2025-12-29,9:41:51.375267821,T,99.86,100,99.91,100,TGT
2025-12-29,9:41:51.375397992,T,99.86,100,99.92,100,TGT
2025-12-29,9:41:51.375648541,T,99.84,100,99.92,100,TGT
2025-12-29,9:41:51.375728804,T,99.84,100,99.95,100,TGT
2025-12-29,9:41:51.385963150,T,99.83,100,99.95,100,TGT
2025-12-29,9:41:51.391145534,T,99.78,100,99.95,100,TGT
2025-12-29,9:41:51.475902467,T,99.77,100,99.95,100,TGT
2025-12-29,9:41:52.340407030,T,99.69,200,99.95,100,TGT
2025-12-29,9:41:52.415180159,T,99.73,100,99.95,100,TGT
2025-12-29,9:41:52.778666052,T,99.73,200,99.95,100,TGT
2025-12-29,9:41:52.999933255,T,99.73,100,99.95,100,TGT
2025-12-29,9:41:53.000369245,T,99.73,200,99.95,100,TGT
2025-12-29,9:41:53.010478306,T,99.73,100,99.95,100,TGT
2025-12-29,9:41:53.255958177,T,99.84,100,99.95,100,TGT
2025-12-29,9:41:53.255968712,T,99.84,200,99.95,100,TGT
2025-12-29,9:41:53.255968712,T,99.85,100,99.95,100,TGT
2025-12-29,9:41:53.256579689,T,99.86,100,99.95,100,TGT
2025-12-29,9:41:53.263586318,T,99.84,100,99.95,100,TGT
2025-12-29,9:41:53.353445444,T,99.87,100,99.95,100,TGT
2025-12-29,9:41:54.270234502,T,99.87,200,99.95,100,TGT
2025-12-29,9:42:03.905318985,T,99.87,200,99.95,200,TGT
2025-12-29,9:42:04.859882905,T,99.87,100,99.95,200,TGT
2025-12-29,9:42:11.919516663,T,99.87,100,99.95,300,TGT
2025-12-29,9:42:11.921541504,T,99.87,100,99.94,100,TGT
2025-12-29,9:42:11.925495895,T,99.87,100,99.94,200,TGT
2025-12-29,9:42:11.927751208,T,99.87,100,99.94,100,TGT
2025-12-29,9:42:12.316487460,T,99.87,100,99.95,200,TGT
2025-12-29,9:42:14.027438819,T,99.75,200,99.95,200,TGT
2025-12-29,9:42:14.027459117,T,99.75,200,99.92,100,TGT
2025-12-29,9:42:14.027463542,T,99.75,200,99.88,100,TGT
2025-12-29,9:42:14.027498629,T,99.75,200,99.92,100,TGT
2025-12-29,9:42:14.027538680,T,99.78,100,99.92,100,TGT
2025-12-29,9:42:14.027548762,T,99.78,100,99.92,200,TGT
2025-12-29,9:42:14.027603846,T,99.78,100,99.88,100,TGT
2025-12-29,9:42:14.027628869,T,99.78,100,99.92,200,TGT
2025-12-29,9:42:14.027653983,T,99.82,100,99.92,200,TGT
2025-12-29,9:42:14.027653983,T,99.83,100,99.92,200,TGT
2025-12-29,9:42:14.028014781,T,99.83,100,99.92,100,TGT
2025-12-29,9:42:14.031473114,T,99.83,100,99.9,100,TGT
2025-12-29,9:42:14.031493158,T,99.83,100,99.92,100,TGT
2025-12-29,9:42:14.031523206,T,99.83,100,99.88,100,TGT
2025-12-29,9:42:14.031949236,T,99.84,200,99.88,100,TGT
2025-12-29,9:42:14.129902493,T,99.84,200,99.92,100,TGT
2025-12-29,9:42:16.639190582,T,99.75,200,99.92,100,TGT
2025-12-29,9:42:16.643450680,T,99.75,200,99.92,200,TGT
2025-12-29,9:42:16.643455720,T,99.75,200,99.88,100,TGT
2025-12-29,9:42:16.643485873,T,99.75,200,99.89,100,TGT
2025-12-29,9:42:16.643555994,T,99.75,200,99.88,100,TGT
2025-12-29,9:42:30.751756817,T,99.75,300,99.88,100,TGT
2025-12-29,9:42:30.757480456,T,99.75,300,99.91,100,TGT
2025-12-29,9:42:30.757500418,T,99.75,400,99.91,100,TGT
2025-12-29,9:42:30.757510438,T,99.78,100,99.91,100,TGT
2025-12-29,9:42:30.757575661,T,99.78,100,99.92,100,TGT
2025-12-29,9:42:30.757595830,T,99.83,100,99.92,100,TGT
2025-12-29,9:42:30.757651034,T,99.78,100,99.92,100,TGT
2025-12-29,9:42:30.758167029,T,99.78,100,99.91,100,TGT
2025-12-29,9:42:30.761850820,T,99.75,300,99.91,100,TGT
2025-12-29,9:42:30.761875917,T,99.75,200,99.91,100,TGT
2025-12-29,9:42:30.762061366,T,99.75,300,99.91,100,TGT
2025-12-29,9:42:32.827130969,T,99.75,300,99.88,100,TGT
2025-12-29,9:42:33.127241321,T,99.75,300,99.88,200,TGT
2025-12-29,9:42:33.127241321,T,99.75,300,99.86,100,TGT
2025-12-29,9:42:33.127256054,T,99.75,300,99.83,100,TGT
2025-12-29,9:42:33.127832388,T,99.75,200,99.83,100,TGT
2025-12-29,9:42:33.138016626,T,99.75,100,99.83,100,TGT
2025-12-29,9:42:33.138031730,T,99.75,100,99.81,100,TGT
2025-12-29,9:42:33.138036726,T,99.67,200,99.81,100,TGT
2025-12-29,9:42:33.138051695,T,99.67,200,99.81,200,TGT
2025-12-29,9:42:33.138056685,T,99.67,200,99.78,100,TGT
2025-12-29,9:42:33.138061719,T,99.67,200,99.76,100,TGT
2025-12-29,9:42:33.138146986,T,99.67,200,99.76,200,TGT
2025-12-29,9:42:33.138648132,T,99.67,200,99.75,100,TGT
2025-12-29,9:42:33.138683202,T,99.67,200,99.75,200,TGT
2025-12-29,9:42:33.140357160,T,99.67,200,99.75,100,TGT
2025-12-29,9:42:33.140357160,T,99.67,200,99.76,100,TGT
2025-12-29,9:42:33.140382330,T,99.71,100,99.76,100,TGT
2025-12-29,9:42:33.140382330,T,99.71,100,99.78,200,TGT
2025-12-29,9:42:33.140402284,T,99.71,100,99.78,100,TGT
2025-12-29,9:42:33.140417435,T,99.72,100,99.78,100,TGT
2025-12-29,9:42:33.140422421,T,99.72,200,99.78,100,TGT
