DATE,TIME_M,EX,BID,BIDSIZ,ASK,ASKSIZ,SYM_ROOT
2025-12-01,9:30:01.416014815,T,90.0,100,90.53,100,TGT
2025-12-01,9:30:01.444101705,T,90.0,100,90.48,100,TGT
2025-12-01,9:30:01.444728161,T,90.17,100,90.48,100,TGT
2025-12-01,9:30:01.444773386,T,90.17,200,90.48,100,TGT
2025-12-01,9:30:01.502921903,T,90.17,300,90.48,100,TGT
2025-12-01,9:30:01.502946952,T,90.17,100,90.48,100,TGT
2025-12-01,9:30:01.502977026,T,90.34,200,90.48,100,TGT
2025-12-01,9:30:01.503904145,T,90.34,300,90.48,100,TGT
2025-12-01,9:30:01.520969854,T,90.34,400,90.48,100,TGT
2025-12-01,9:30:01.651751408,T,90.34,300,90.48,100,TGT
2025-12-01,9:30:02.016836222,T,90.34,300,90.53,200,TGT
2025-12-01,9:30:02.188695585,T,90.34,400,90.53,200,TGT
2025-12-01,9:30:02.490168865,T,90.34,400,90.53,100,TGT
2025-12-01,9:30:03.269841468,T,90.36,100,90.53,100,TGT
2025-12-01,9:30:03.269846386,T,90.44,100,90.53,100,TGT
2025-12-01,9:30:03.269866490,T,90.44,200,90.53,100,TGT
2025-12-01,9:30:03.269886736,T,90.44,100,90.53,100,TGT
2025-12-01,9:30:03.269886736,T,90.36,100,90.53,100,TGT
2025-12-01,9:30:03.270262400,T,90.36,200,90.53,100,TGT
2025-12-01,9:30:03.270713481,T,90.36,300,90.53,100,TGT
2025-12-01,9:30:03.280296284,T,90.36,200,90.53,100,TGT
2025-12-01,9:30:03.280712323,T,90.36,100,90.53,100,TGT
2025-12-01,9:30:03.281133285,T,90.36,200,90.53,100,TGT
2025-12-01,9:30:03.281393880,T,90.36,300,90.53,100,TGT
2025-12-01,9:30:03.289839100,T,90.36,200,90.53,100,TGT
2025-12-01,9:30:06.692570526,T,90.36,200,90.57,100,TGT
2025-12-01,9:30:06.692610717,T,90.36,200,90.57,200,TGT
2025-12-01,9:30:16.226444003,T,90.36,100,90.57,200,TGT
2025-12-01,9:30:16.226453993,T,90.31,100,90.57,200,TGT
2025-12-01,9:30:16.462701844,T,90.37,100,90.57,200,TGT
2025-12-01,9:30:16.463122767,T,90.37,200,90.57,200,TGT
2025-12-01,9:30:19.311614032,T,90.37,300,90.57,200,TGT
2025-12-01,9:30:23.109582346,T,90.37,200,90.57,200,TGT
2025-12-01,9:30:23.109602357,T,90.37,100,90.57,200,TGT
2025-12-01,9:30:23.109602357,T,90.31,100,90.57,200,TGT
2025-12-01,9:30:23.109622435,T,90.31,100,90.4,100,TGT
2025-12-01,9:30:23.110013373,T,90.31,100,90.4,200,TGT
2025-12-01,9:30:23.110644838,T,90.31,100,90.4,100,TGT
2025-12-01,9:30:23.111471855,T,90.06,100,90.4,100,TGT
2025-12-01,9:30:23.111602066,T,90.31,100,90.4,100,TGT
2025-12-01,9:30:23.111627184,T,90.06,100,90.4,100,TGT
2025-12-01,9:30:23.111752510,T,90.03,100,90.4,100,TGT
2025-12-01,9:30:23.111752510,T,90.03,100,90.47,100,TGT
2025-12-01,9:30:23.112078313,T,90.06,100,90.47,100,TGT
2025-12-01,9:30:23.112208562,T,90.2,100,90.47,100,TGT
2025-12-01,9:30:23.112263681,T,90.2,300,90.47,100,TGT
2025-12-01,9:30:23.118027483,T,90.2,300,90.52,100,TGT
2025-12-01,9:30:23.120352926,T,90.2,300,90.53,100,TGT
2025-12-01,9:30:23.123004253,T,90.2,300,90.57,300,TGT
2025-12-01,9:30:23.140175228,T,90.2,300,90.47,100,TGT
2025-12-01,9:30:28.902453243,T,90.2,300,90.52,300,TGT
2025-12-01,9:30:28.902473295,T,90.2,100,90.52,300,TGT
2025-12-01,9:30:28.902478357,T,90.36,100,90.52,300,TGT
2025-12-01,9:30:28.902483339,T,90.36,100,90.52,200,TGT
2025-12-01,9:30:28.902498354,T,90.36,300,90.52,200,TGT
2025-12-01,9:30:28.902904329,T,90.36,400,90.52,200,TGT
2025-12-01,9:30:38.693479420,T,90.36,300,90.52,200,TGT
2025-12-01,9:30:38.693529436,T,90.36,100,90.52,200,TGT
2025-12-01,9:30:38.693529436,T,90.03,100,90.52,200,TGT
2025-12-01,9:30:38.693549638,T,90.03,100,90.39,100,TGT
2025-12-01,9:30:38.694627100,T,90.03,100,90.52,200,TGT
2025-12-01,9:30:38.694942806,T,90.06,100,90.52,200,TGT
2025-12-01,9:30:38.694977912,T,90.11,100,90.52,200,TGT
2025-12-01,9:30:38.695529234,T,90.06,100,90.52,200,TGT
2025-12-01,9:30:47.091842679,T,90.06,100,90.52,100,TGT
2025-12-01,9:30:47.091882796,T,90.06,100,90.45,100,TGT
2025-12-01,9:30:47.511457424,T,90.06,100,90.45,200,TGT
2025-12-01,9:30:52.602937517,T,90.03,100,90.45,200,TGT
2025-12-01,9:30:52.639028428,T,90.23,100,90.45,200,TGT
2025-12-01,9:30:52.639339248,T,90.17,100,90.45,200,TGT
2025-12-01,9:30:52.639339248,T,90.0,500,90.45,200,TGT
2025-12-01,9:30:52.639344274,T,90.0,500,90.39,100,TGT
2025-12-01,9:30:52.639349233,T,90.0,500,90.45,200,TGT
2025-12-01,9:30:52.639359473,T,90.0,500,90.29,100,TGT
2025-12-01,9:30:52.639584784,T,90.0,500,90.29,200,TGT
2025-12-01,9:30:52.739578040,T,90.0,500,90.29,100,TGT
2025-12-01,9:30:52.739798563,T,90.0,500,90.37,100,TGT
2025-12-01,9:30:52.840202729,T,90.0,500,90.38,100,TGT
2025-12-01,9:30:52.840423207,T,90.0,500,90.38,200,TGT
2025-12-01,9:30:52.917050787,T,90.0,500,90.38,300,TGT
2025-12-01,9:30:52.917060796,T,90.0,500,90.38,200,TGT
2025-12-01,9:30:52.963240833,T,90.0,500,90.38,100,TGT
2025-12-01,9:30:52.965776854,T,90.0,500,90.28,100,TGT
2025-12-01,9:30:52.972808599,T,90.0,500,90.38,100,TGT
2025-12-01,9:31:01.320651545,T,90.05,200,90.38,100,TGT
2025-12-01,9:31:02.883334402,T,90.05,200,90.37,100,TGT
2025-12-01,9:31:02.883334402,T,90.05,200,90.28,100,TGT
2025-12-01,9:31:02.884938575,T,90.05,200,90.37,100,TGT
2025-12-01,9:31:02.885208881,T,90.05,300,90.37,100,TGT
2025-12-01,9:31:02.885213846,T,90.06,100,90.37,100,TGT
2025-12-01,9:31:02.885239287,T,90.11,100,90.37,100,TGT
2025-12-01,9:31:02.885324193,T,90.11,100,90.38,200,TGT
2025-12-01,9:31:02.885344168,T,90.11,100,90.31,100,TGT
2025-12-01,9:31:02.885349192,T,90.11,100,90.28,100,TGT
2025-12-01,9:31:02.885359297,T,90.06,100,90.28,100,TGT
2025-12-01,9:31:02.885404309,T,90.05,300,90.28,100,TGT
2025-12-01,9:31:02.885409669,T,90.05,200,90.28,100,TGT
2025-12-01,9:31:02.885414323,T,90.05,200,90.31,100,TGT
2025-12-01,9:31:02.885429409,T,90.05,200,90.28,100,TGT
2025-12-01,9:31:02.923495518,T,90.05,300,90.28,100,TGT
2025-12-01,9:31:02.923495518,T,90.06,100,90.28,100,TGT
2025-12-01,9:31:02.923505123,T,90.07,100,90.28,100,TGT
2025-12-01,9:31:02.923510407,T,90.06,100,90.28,100,TGT
2025-12-01,9:31:02.933538973,T,90.05,200,90.28,100,TGT
2025-12-01,9:31:07.905995419,T,90.05,200,90.33,200,TGT
2025-12-01,9:31:07.906025477,T,90.05,300,90.33,200,TGT
2025-12-01,9:31:07.906035505,T,90.06,100,90.33,200,TGT
2025-12-01,9:31:07.906035505,T,90.07,100,90.33,200,TGT
2025-12-01,9:31:07.906050546,T,90.15,100,90.33,200,TGT
2025-12-01,9:31:07.906055619,T,90.14,100,90.33,200,TGT
2025-12-01,9:31:07.906080719,T,90.15,100,90.33,200,TGT
2025-12-01,9:31:07.906772274,T,90.1,100,90.33,200,TGT
2025-12-01,9:31:07.906972867,T,90.1,100,90.33,100,TGT
2025-12-01,9:31:07.906972867,T,90.1,100,90.38,200,TGT
2025-12-01,9:31:07.906997834,T,90.3,100,90.38,200,TGT
2025-12-01,9:31:07.907022887,T,90.26,100,90.38,200,TGT
2025-12-01,9:31:07.907052951,T,90.26,100,90.38,300,TGT
2025-12-01,9:31:07.907063037,T,90.26,100,90.38,100,TGT
2025-12-01,9:31:07.907148256,T,90.26,100,90.5,100,TGT
2025-12-01,9:31:07.907193284,T,90.26,200,90.5,100,TGT
2025-12-01,9:31:07.907203322,T,90.26,100,90.5,100,TGT
2025-12-01,9:31:07.907228410,T,90.26,100,90.38,100,TGT
2025-12-01,9:31:07.907243394,T,90.26,100,90.46,100,TGT
2025-12-01,9:31:07.907318699,T,90.26,100,90.45,200,TGT
2025-12-01,9:31:07.907364049,T,90.26,200,90.45,200,TGT
2025-12-01,9:31:07.907364049,T,90.27,100,90.45,200,TGT
2025-12-01,9:31:07.907364049,T,90.28,100,90.45,200,TGT
2025-12-01,9:31:07.907368814,T,90.3,100,90.45,200,TGT
2025-12-01,9:31:07.907373700,T,90.28,100,90.45,200,TGT
2025-12-01,9:31:07.907378784,T,90.27,100,90.45,200,TGT
2025-12-01,9:31:07.907383802,T,90.28,100,90.45,200,TGT
2025-12-01,9:31:07.907393756,T,90.31,100,90.45,200,TGT
2025-12-01,9:31:07.907398763,T,90.28,100,90.45,200,TGT
2025-12-01,9:31:07.907413855,T,90.31,100,90.45,200,TGT
2025-12-01,9:31:07.907423904,T,90.28,100,90.45,200,TGT
2025-12-01,9:31:07.907433832,T,90.27,100,90.45,200,TGT
2025-12-01,9:31:07.907438872,T,90.26,200,90.45,200,TGT
2025-12-01,9:31:07.907443892,T,90.27,100,90.45,200,TGT
2025-12-01,9:31:07.907494022,T,90.26,200,90.45,200,TGT
2025-12-01,9:31:07.907514421,T,90.26,100,90.45,200,TGT
2025-12-01,9:31:07.907664380,T,90.26,200,90.45,200,TGT
2025-12-01,9:31:07.907664380,T,90.27,100,90.45,200,TGT
2025-12-01,9:31:07.907699559,T,90.28,100,90.45,200,TGT
2025-12-01,9:31:07.907709668,T,90.27,100,90.45,200,TGT
2025-12-01,9:31:07.907719542,T,90.28,100,90.45,200,TGT
2025-12-01,9:31:07.907719542,T,90.27,100,90.45,200,TGT
2025-12-01,9:31:07.917703363,T,90.26,200,90.45,200,TGT
2025-12-01,9:31:07.917728428,T,90.26,100,90.45,200,TGT
2025-12-01,9:31:07.919968706,T,90.26,100,90.6,100,TGT
2025-12-01,9:31:07.934473275,T,90.26,200,90.6,100,TGT
2025-12-01,9:31:07.934473275,T,90.27,100,90.6,100,TGT
2025-12-01,9:31:07.934498410,T,90.31,100,90.6,100,TGT
2025-12-01,9:31:07.934513447,T,90.3,100,90.6,100,TGT
2025-12-01,9:31:07.934518790,T,90.31,100,90.6,100,TGT
2025-12-01,9:31:07.934518790,T,90.3,100,90.6,100,TGT
2025-12-01,9:31:07.934533496,T,90.29,100,90.6,100,TGT
2025-12-01,9:31:07.934543441,T,90.31,100,90.6,100,TGT
2025-12-01,9:31:07.934578508,T,90.29,100,90.6,100,TGT
2025-12-01,9:31:07.934658836,T,90.33,100,90.6,100,TGT
2025-12-01,9:31:07.934774057,T,90.34,100,90.6,100,TGT
2025-12-01,9:31:07.934794333,T,90.33,100,90.6,100,TGT
2025-12-01,9:31:07.934794333,T,90.34,100,90.6,100,TGT
2025-12-01,9:31:07.934889260,T,90.34,100,90.61,100,TGT
2025-12-01,9:31:07.934909362,T,90.35,100,90.61,100,TGT
2025-12-01,9:31:07.934914324,T,90.37,100,90.61,100,TGT
2025-12-01,9:31:07.934934352,T,90.35,100,90.61,100,TGT
2025-12-01,9:31:07.934934352,T,90.37,100,90.61,100,TGT
2025-12-01,9:31:07.934944395,T,90.35,100,90.61,100,TGT
2025-12-01,9:31:07.934964452,T,90.37,100,90.61,100,TGT
2025-12-01,9:31:07.936202390,T,90.34,100,90.61,100,TGT
2025-12-01,9:31:07.955568518,T,90.33,100,90.61,100,TGT
2025-12-01,9:31:08.017110217,T,90.37,100,90.61,100,TGT
2025-12-01,9:31:08.017110217,T,90.38,100,90.61,100,TGT
2025-12-01,9:31:08.017130187,T,90.37,100,90.61,100,TGT
2025-12-01,9:31:08.017135251,T,90.38,100,90.61,100,TGT
2025-12-01,9:31:08.027134008,T,90.37,100,90.61,100,TGT
2025-12-01,9:31:08.065756048,T,90.33,100,90.61,100,TGT
2025-12-01,9:31:08.097987824,T,90.37,100,90.61,100,TGT
2025-12-01,9:31:08.098869986,T,90.33,100,90.61,100,TGT
2025-12-01,9:31:08.453028710,T,90.37,100,90.61,100,TGT
2025-12-01,9:31:08.453033713,T,90.33,100,90.61,100,TGT
2025-12-01,9:31:08.453033713,T,90.37,100,90.61,100,TGT
2025-12-01,9:31:08.453043718,T,90.33,100,90.61,100,TGT
2025-12-01,9:31:08.453063807,T,90.37,100,90.61,100,TGT
2025-12-01,9:31:08.453098852,T,90.44,100,90.61,100,TGT
2025-12-01,9:31:08.453449785,T,90.37,100,90.61,100,TGT
2025-12-01,9:31:08.463042637,T,90.33,100,90.61,100,TGT
2025-12-01,9:31:09.877853353,T,90.33,200,90.61,100,TGT
2025-12-01,9:31:10.599211776,T,90.33,100,90.61,100,TGT
2025-12-01,9:31:16.214815420,T,90.33,100,90.6,100,TGT
2025-12-01,9:31:16.221862176,T,90.33,100,90.61,100,TGT
2025-12-01,9:31:16.318026297,T,90.26,300,90.61,100,TGT
2025-12-01,9:31:16.318056424,T,90.26,200,90.61,100,TGT
2025-12-01,9:31:21.600100487,T,90.33,100,90.61,100,TGT
2025-12-01,9:31:21.600110495,T,90.34,100,90.61,100,TGT
2025-12-01,9:31:21.600120525,T,90.33,100,90.61,100,TGT
2025-12-01,9:31:21.600321024,T,90.33,100,90.6,100,TGT
2025-12-01,9:31:21.600421213,T,90.33,100,90.6,200,TGT
2025-12-01,9:31:21.608059407,T,90.26,200,90.6,200,TGT
2025-12-01,9:31:21.620854949,T,90.33,100,90.6,200,TGT
2025-12-01,9:31:21.701336676,T,90.26,200,90.6,200,TGT
2025-12-01,9:31:21.701477015,T,90.33,100,90.6,200,TGT
2025-12-01,9:31:21.850321578,T,90.26,200,90.6,200,TGT
2025-12-01,9:31:24.731500776,T,90.38,100,90.6,200,TGT
2025-12-01,9:31:24.737124152,T,90.39,100,90.6,200,TGT
2025-12-01,9:31:24.737540142,T,90.39,200,90.6,200,TGT
2025-12-01,9:31:24.890700033,T,90.39,100,90.6,200,TGT
2025-12-01,9:31:29.614413583,T,90.39,100,90.59,100,TGT
2025-12-01,9:31:29.614423674,T,90.39,100,90.59,200,TGT
2025-12-01,9:31:32.741859673,T,90.39,100,90.59,100,TGT
2025-12-01,9:31:32.741864564,T,90.39,100,90.6,100,TGT
2025-12-01,9:31:32.741884618,T,90.56,100,90.6,100,TGT
2025-12-01,9:31:32.741904632,T,90.56,100,90.61,100,TGT
2025-12-01,9:31:32.741909771,T,90.56,100,90.64,100,TGT
2025-12-01,9:31:32.741954795,T,90.56,100,90.67,300,TGT
2025-12-01,9:31:32.742230735,T,90.56,100,90.67,400,TGT
2025-12-01,9:31:32.742250405,T,90.56,100,90.67,300,TGT
2025-12-01,9:31:32.742275560,T,90.56,100,90.58,100,TGT
2025-12-01,9:31:32.742275560,T,90.56,100,90.65,100,TGT
2025-12-01,9:31:32.742295551,T,90.56,100,90.67,300,TGT
2025-12-01,9:31:32.742310611,T,90.56,200,90.67,300,TGT
2025-12-01,9:31:32.742310611,T,90.57,100,90.67,300,TGT
2025-12-01,9:31:32.742536130,T,90.57,200,90.67,300,TGT
2025-12-01,9:31:32.742982227,T,90.59,400,90.67,300,TGT
2025-12-01,9:31:32.743117507,T,90.59,500,90.67,300,TGT
2025-12-01,9:31:32.743192982,T,90.59,600,90.67,300,TGT
2025-12-01,9:31:32.743202716,T,90.59,500,90.67,300,TGT
2025-12-01,9:31:32.743207756,T,90.63,500,90.67,300,TGT
2025-12-01,9:31:32.743227769,T,90.63,500,90.67,200,TGT
2025-12-01,9:31:32.743242793,T,90.63,500,90.78,200,TGT
2025-12-01,9:31:32.743242793,T,90.63,500,90.78,300,TGT
2025-12-01,9:31:32.743258019,T,90.64,100,90.78,300,TGT
2025-12-01,9:31:32.743282940,T,90.64,600,90.78,300,TGT
2025-12-01,9:31:32.743343023,T,90.64,500,90.78,300,TGT
2025-12-01,9:31:32.743343023,T,90.64,400,90.78,300,TGT
2025-12-01,9:31:32.743348109,T,90.64,400,90.7,100,TGT
2025-12-01,9:31:32.743368169,T,90.64,400,90.7,200,TGT
2025-12-01,9:31:32.743373265,T,90.64,200,90.7,200,TGT
2025-12-01,9:31:32.743378123,T,90.64,200,90.7,300,TGT
2025-12-01,9:31:32.743398209,T,90.57,100,90.7,300,TGT
2025-12-01,9:31:32.743443374,T,90.57,100,90.67,100,TGT
2025-12-01,9:31:32.743443374,T,90.57,100,90.67,200,TGT
2025-12-01,9:31:32.743443374,T,90.57,100,90.67,300,TGT
2025-12-01,9:31:32.743588619,T,90.56,100,90.67,300,TGT
2025-12-01,9:31:32.743784096,T,90.56,100,90.67,200,TGT
2025-12-01,9:31:32.743784096,T,90.56,100,90.67,100,TGT
2025-12-01,9:31:32.743789109,T,90.56,100,90.78,300,TGT
2025-12-01,9:31:32.743804158,T,90.64,100,90.78,300,TGT
2025-12-01,9:31:32.743814185,T,90.64,100,90.78,200,TGT
2025-12-01,9:31:32.743984583,T,90.64,100,90.7,100,TGT
2025-12-01,9:31:32.744841596,T,90.56,100,90.7,100,TGT
2025-12-01,9:31:32.752409715,T,90.51,100,90.7,100,TGT
2025-12-01,9:31:32.771389843,T,90.51,100,90.69,100,TGT
2025-12-01,9:31:32.771389843,T,90.51,100,90.65,100,TGT
2025-12-01,9:31:32.771394862,T,90.42,100,90.65,100,TGT
2025-12-01,9:31:32.941941130,T,90.41,100,90.65,100,TGT
2025-12-01,9:31:33.021706138,T,90.41,100,90.78,200,TGT
2025-12-01,9:31:33.021726293,T,90.42,100,90.78,200,TGT
2025-12-01,9:31:33.021726293,T,90.59,100,90.78,200,TGT
2025-12-01,9:31:33.028793048,T,90.42,100,90.78,200,TGT
2025-12-01,9:31:33.221918285,T,90.41,100,90.78,200,TGT
2025-12-01,9:31:33.730820571,T,90.58,100,90.78,200,TGT
2025-12-01,9:31:33.745385676,T,90.58,200,90.78,200,TGT
2025-12-01,9:31:33.745390313,T,90.59,100,90.78,200,TGT
2025-12-01,9:31:33.745405592,T,90.58,200,90.78,200,TGT
2025-12-01,9:31:33.745415341,T,90.59,100,90.78,200,TGT
2025-12-01,9:31:33.745415341,T,90.58,200,90.78,200,TGT
2025-12-01,9:31:33.745445634,T,90.59,100,90.78,200,TGT
2025-12-01,9:31:33.745450385,T,90.6,100,90.78,200,TGT
2025-12-01,9:31:33.745475432,T,90.61,100,90.78,200,TGT
2025-12-01,9:31:33.745515847,T,90.6,100,90.78,200,TGT
2025-12-01,9:31:33.745560653,T,90.59,100,90.78,200,TGT
2025-12-01,9:31:33.745821335,T,90.58,100,90.78,200,TGT
2025-12-01,9:31:33.746407739,T,90.59,100,90.78,200,TGT
2025-12-01,9:31:33.746427786,T,90.58,200,90.78,200,TGT
2025-12-01,9:31:33.746452823,T,90.58,100,90.78,200,TGT
2025-12-01,9:31:34.618109416,T,90.63,100,90.78,200,TGT
2025-12-01,9:31:34.618109416,T,90.58,200,90.78,200,TGT
2025-12-01,9:31:34.618304881,T,90.63,100,90.78,200,TGT
2025-12-01,9:31:34.618530410,T,90.63,200,90.78,200,TGT
2025-12-01,9:31:34.618560842,T,90.64,100,90.78,200,TGT
2025-12-01,9:31:34.618871197,T,90.64,100,90.8,100,TGT
2025-12-01,9:31:34.618891251,T,90.76,100,90.8,100,TGT
2025-12-01,9:31:34.619126842,T,90.76,100,90.8,200,TGT
2025-12-01,9:31:34.619141830,T,90.76,100,90.8,300,TGT
2025-12-01,9:31:34.619201929,T,90.76,100,90.8,400,TGT
2025-12-01,9:31:34.619643002,T,90.64,100,90.8,400,TGT
2025-12-01,9:31:34.619663134,T,90.64,100,90.8,300,TGT
2025-12-01,9:31:34.619663134,T,90.64,100,90.79,100,TGT
2025-12-01,9:31:34.619668073,T,90.64,100,90.76,100,TGT
2025-12-01,9:31:34.619688084,T,90.64,100,90.76,300,TGT
2025-12-01,9:31:34.619708151,T,90.64,100,90.76,400,TGT
2025-12-01,9:31:34.628644517,T,90.58,100,90.76,400,TGT
2025-12-01,9:31:35.730820270,T,90.42,100,90.76,400,TGT
2025-12-01,9:31:35.731506961,T,90.58,100,90.76,400,TGT
2025-12-01,9:31:45.330891293,T,90.58,100,90.75,100,TGT
2025-12-01,9:31:45.330911353,T,90.58,100,90.75,200,TGT
2025-12-01,9:31:45.330916394,T,90.58,100,90.75,300,TGT
2025-12-01,9:31:45.330936450,T,90.58,100,90.75,500,TGT
2025-12-01,9:31:45.516242987,T,90.58,100,90.75,300,TGT
2025-12-01,9:31:45.516242987,T,90.58,100,90.74,100,TGT
2025-12-01,9:31:45.516242987,T,90.58,100,90.74,200,TGT
2025-12-01,9:31:45.516263010,T,90.58,100,90.74,300,TGT
2025-12-01,9:31:45.516263010,T,90.58,100,90.74,500,TGT
2025-12-01,9:31:45.516854604,T,90.58,100,90.74,400,TGT
2025-12-01,9:31:45.536521314,T,90.58,100,90.73,100,TGT
2025-12-01,9:31:45.536541278,T,90.58,100,90.73,200,TGT
2025-12-01,9:31:45.536546372,T,90.58,100,90.73,300,TGT
2025-12-01,9:31:45.536571376,T,90.58,100,90.73,500,TGT
2025-12-01,9:31:45.536571376,T,90.58,200,90.73,500,TGT
2025-12-01,9:31:45.536596425,T,90.58,100,90.73,500,TGT
2025-12-01,9:31:52.556932171,T,90.58,100,90.73,400,TGT
2025-12-01,9:31:52.556932171,T,90.58,100,90.73,300,TGT
2025-12-01,9:31:52.556936836,T,90.58,100,90.73,200,TGT
2025-12-01,9:31:52.556936836,T,90.58,100,90.75,100,TGT
2025-12-01,9:31:52.556951878,T,90.71,100,90.75,100,TGT
2025-12-01,9:31:52.557372905,T,90.71,200,90.75,100,TGT
2025-12-01,9:31:52.558054446,T,90.71,100,90.75,100,TGT
2025-12-01,9:31:52.577215182,T,90.71,100,90.8,100,TGT
2025-12-01,9:31:54.460446688,T,90.71,100,90.8,200,TGT
2025-12-01,9:31:55.006226998,T,90.67,100,90.8,200,TGT
2025-12-01,9:31:58.700327797,T,90.64,100,90.8,200,TGT
2025-12-01,9:31:59.251490914,T,90.72,100,90.8,200,TGT
2025-12-01,9:31:59.767440266,T,90.72,200,90.8,200,TGT
2025-12-01,9:32:01.537617528,T,90.72,100,90.8,200,TGT
2025-12-01,9:32:01.542554360,T,90.64,100,90.8,200,TGT
2025-12-01,9:32:01.542594343,T,90.57,200,90.8,200,TGT
2025-12-01,9:32:01.542614445,T,90.57,200,90.73,100,TGT
2025-12-01,9:32:01.542654557,T,90.57,200,90.79,100,TGT
2025-12-01,9:32:01.542664602,T,90.57,200,90.8,100,TGT
2025-12-01,9:32:01.542684634,T,90.63,100,90.8,100,TGT
2025-12-01,9:32:01.542734745,T,90.57,200,90.8,100,TGT
2025-12-01,9:32:01.551405361,T,90.71,100,90.8,100,TGT
2025-12-01,9:32:01.551435741,T,90.57,200,90.8,100,TGT
2025-12-01,9:32:01.551726165,T,90.57,200,90.74,100,TGT
2025-12-01,9:32:01.551771281,T,90.57,200,90.79,100,TGT
2025-12-01,9:32:01.551811333,T,90.63,100,90.79,100,TGT
2025-12-01,9:32:01.551826340,T,90.71,100,90.79,100,TGT
2025-12-01,9:32:01.551856609,T,90.71,100,90.8,200,TGT
2025-12-01,9:32:01.552297467,T,90.71,100,90.8,100,TGT
2025-12-01,9:32:01.552317580,T,90.72,100,90.8,100,TGT
2025-12-01,9:32:01.552342639,T,90.72,200,90.8,100,TGT
2025-12-01,9:32:01.553741004,T,90.72,100,90.8,100,TGT
2025-12-01,9:32:01.593029516,T,90.72,200,90.8,100,TGT
2025-12-01,9:32:03.150374684,T,90.72,100,90.8,100,TGT
2025-12-01,9:32:03.150399704,T,90.57,200,90.8,100,TGT
2025-12-01,9:32:03.150419718,T,90.57,200,90.76,100,TGT
2025-12-01,9:32:03.161746703,T,90.63,100,90.76,100,TGT
2025-12-01,9:32:03.161766784,T,90.57,200,90.76,100,TGT
2025-12-01,9:32:03.161786816,T,90.57,200,90.8,100,TGT
2025-12-01,9:32:03.162167676,T,90.63,100,90.8,100,TGT
2025-12-01,9:32:04.437195456,T,90.57,200,90.8,100,TGT
2025-12-01,9:32:05.096395985,T,90.57,200,90.74,100,TGT
2025-12-01,9:32:05.098325558,T,90.57,200,90.74,200,TGT
2025-12-01,9:32:05.107908406,T,90.41,100,90.74,200,TGT
2025-12-01,9:32:05.107918396,T,90.51,200,90.74,200,TGT
2025-12-01,9:32:05.108394547,T,90.51,200,90.74,100,TGT
2025-12-01,9:32:05.117927330,T,90.38,100,90.74,100,TGT
2025-12-01,9:32:05.214562480,T,90.43,200,90.74,100,TGT
2025-12-01,9:32:10.731741396,T,90.49,100,90.74,100,TGT
2025-12-01,9:32:10.731746495,T,90.53,100,90.74,100,TGT
2025-12-01,9:32:10.731756419,T,90.53,100,90.8,100,TGT
2025-12-01,9:32:10.731967114,T,90.53,200,90.8,100,TGT
2025-12-01,9:32:11.035374810,T,90.61,100,90.8,100,TGT
2025-12-01,9:32:11.050385563,T,90.53,300,90.8,100,TGT
2025-12-01,9:32:12.783113747,T,90.53,400,90.8,100,TGT
2025-12-01,9:32:12.838751307,T,90.53,300,90.8,100,TGT
2025-12-01,9:32:12.840079369,T,90.53,400,90.8,100,TGT
2025-12-01,9:32:13.530378944,T,90.53,200,90.8,100,TGT
2025-12-01,9:32:14.779860748,T,90.53,100,90.8,100,TGT
2025-12-01,9:32:19.160396915,T,90.65,100,90.8,100,TGT
2025-12-01,9:32:19.162562124,T,90.66,100,90.8,100,TGT
2025-12-01,9:32:19.177607917,T,90.53,100,90.8,100,TGT
2025-12-01,9:32:19.177668052,T,90.53,200,90.8,100,TGT
2025-12-01,9:32:19.178334708,T,90.53,300,90.8,100,TGT
2025-12-01,9:32:19.179898339,T,90.59,100,90.8,100,TGT
2025-12-01,9:32:21.770149479,T,90.59,100,90.8,200,TGT
2025-12-01,9:32:21.770184487,T,90.53,100,90.8,200,TGT
2025-12-01,9:32:24.153126652,T,90.53,100,90.79,100,TGT
2025-12-01,9:32:24.153161715,T,90.53,100,90.79,200,TGT
2025-12-01,9:32:24.556643028,T,90.53,100,90.78,100,TGT
2025-12-01,9:32:25.563231081,T,90.53,200,90.78,100,TGT
2025-12-01,9:32:26.049369293,T,90.53,200,90.79,200,TGT
2025-12-01,9:32:32.598857805,T,90.53,200,90.69,100,TGT
2025-12-01,9:32:32.663962861,T,90.53,100,90.69,100,TGT
2025-12-01,9:32:36.106955448,T,90.53,100,90.68,100,TGT
2025-12-01,9:32:36.106990620,T,90.53,100,90.68,200,TGT
2025-12-01,9:32:36.107441635,T,90.51,100,90.68,200,TGT
2025-12-01,9:32:36.107461675,T,90.48,300,90.68,200,TGT
2025-12-01,9:32:41.388227640,T,90.48,200,90.68,200,TGT
2025-12-01,9:32:41.388267774,T,90.48,200,90.67,100,TGT
2025-12-01,9:32:41.388292806,T,90.48,300,90.67,100,TGT
2025-12-01,9:32:41.388613607,T,90.48,200,90.67,100,TGT
2025-12-01,9:32:41.390377793,T,90.48,200,90.68,200,TGT
2025-12-01,9:32:41.406761847,T,90.54,100,90.68,200,TGT
2025-12-01,9:32:41.489939902,T,90.54,100,90.67,100,TGT
2025-12-01,9:32:43.861870705,T,90.54,100,90.68,200,TGT
2025-12-01,9:32:45.160674921,T,90.54,100,90.68,100,TGT
2025-12-01,9:32:54.536652375,T,90.55,100,90.68,100,TGT
2025-12-01,9:32:54.536697494,T,90.58,100,90.68,100,TGT
2025-12-01,9:32:54.537689880,T,90.55,100,90.68,100,TGT
2025-12-01,9:32:54.543694173,T,90.54,100,90.68,100,TGT
2025-12-01,9:32:54.623338868,T,90.55,100,90.68,100,TGT
2025-12-01,9:32:54.623368947,T,90.56,100,90.68,100,TGT
2025-12-01,9:32:54.666677195,T,90.56,100,90.79,100,TGT
2025-12-01,9:32:54.666692190,T,90.56,200,90.79,100,TGT
2025-12-01,9:32:54.666707241,T,90.63,100,90.79,100,TGT
2025-12-01,9:32:54.673779029,T,90.57,100,90.79,100,TGT
2025-12-01,9:32:54.674059752,T,90.56,200,90.79,100,TGT
2025-12-01,9:32:54.674210106,T,90.56,100,90.79,100,TGT
2025-12-01,9:32:54.674235136,T,90.56,200,90.79,100,TGT
2025-12-01,9:32:54.674265163,T,90.57,100,90.79,100,TGT
2025-12-01,9:32:54.766850810,T,90.56,100,90.79,100,TGT
2025-12-01,9:32:57.574860643,T,90.56,200,90.79,100,TGT
2025-12-01,9:32:57.578003097,T,90.56,100,90.79,100,TGT
2025-12-01,9:32:57.653036936,T,90.54,100,90.79,100,TGT
2025-12-01,9:33:00.374896546,T,90.56,100,90.79,100,TGT
2025-12-01,9:33:02.021594566,T,90.58,100,90.79,100,TGT
2025-12-01,9:33:02.021614613,T,90.64,100,90.79,100,TGT
2025-12-01,9:33:02.021614613,T,90.64,100,90.8,100,TGT
2025-12-01,9:33:02.021995530,T,90.64,100,90.72,100,TGT
2025-12-01,9:33:02.022005555,T,90.64,100,90.8,100,TGT
2025-12-01,9:33:02.022030535,T,90.64,100,90.7,100,TGT
2025-12-01,9:33:02.022070688,T,90.64,100,90.8,100,TGT
2025-12-01,9:33:02.034324862,T,90.63,100,90.8,100,TGT
2025-12-01,9:33:02.035036625,T,90.63,200,90.8,100,TGT
2025-12-01,9:33:02.050653727,T,90.65,100,90.8,100,TGT
2025-12-01,9:33:02.050658742,T,90.67,100,90.8,100,TGT
2025-12-01,9:33:02.050879260,T,90.67,200,90.8,100,TGT
2025-12-01,9:33:02.060502201,T,90.67,300,90.8,100,TGT
2025-12-01,9:33:02.084850496,T,90.67,300,90.83,100,TGT
2025-12-01,9:33:02.084920390,T,90.67,400,90.83,100,TGT
2025-12-01,9:33:02.084970507,T,90.67,300,90.83,100,TGT
2025-12-01,9:33:02.085005575,T,90.67,300,90.84,100,TGT
2025-12-01,9:33:02.085025617,T,90.76,100,90.84,100,TGT
2025-12-01,9:33:02.085251179,T,90.76,200,90.84,100,TGT
2025-12-01,9:33:02.086363806,T,90.76,100,90.84,100,TGT
2025-12-01,9:33:02.086429058,T,90.67,200,90.84,100,TGT
2025-12-01,9:33:02.086484487,T,90.67,300,90.84,100,TGT
2025-12-01,9:33:02.086509253,T,90.72,100,90.84,100,TGT
2025-12-01,9:33:02.087145739,T,90.72,200,90.84,100,TGT
2025-12-01,9:33:02.087195888,T,90.72,100,90.84,100,TGT
2025-12-01,9:33:02.266828806,T,90.67,200,90.84,100,TGT
2025-12-01,9:33:02.267570548,T,90.67,300,90.84,100,TGT
2025-12-01,9:33:02.292023773,T,90.67,200,90.84,100,TGT
2025-12-01,9:33:02.416405115,T,90.67,200,90.9,100,TGT
2025-12-01,9:33:02.416435247,T,90.67,300,90.9,100,TGT
2025-12-01,9:33:02.416440239,T,90.74,100,90.9,100,TGT
2025-12-01,9:33:02.416460265,T,90.69,100,90.9,100,TGT
2025-12-01,9:33:02.416475297,T,90.74,100,90.9,100,TGT
2025-12-01,9:33:02.416931400,T,90.69,200,90.9,100,TGT
2025-12-01,9:33:02.421537338,T,90.69,100,90.9,100,TGT
2025-12-01,9:33:02.503241971,T,90.77,100,90.9,100,TGT
2025-12-01,9:33:02.510323921,T,90.71,100,90.9,100,TGT
2025-12-01,9:33:02.511030557,T,90.71,200,90.9,100,TGT
2025-12-01,9:33:02.630294693,T,90.71,200,90.92,100,TGT
2025-12-01,9:33:02.630319766,T,90.71,100,90.92,100,TGT
2025-12-01,9:33:02.648427941,T,90.71,200,90.92,100,TGT
2025-12-01,9:33:02.648457989,T,90.73,100,90.92,100,TGT
2025-12-01,9:33:02.648467969,T,90.71,200,90.92,100,TGT
2025-12-01,9:33:02.648467969,T,90.72,100,90.92,100,TGT
2025-12-01,9:33:02.648683485,T,90.73,100,90.92,100,TGT
2025-12-01,9:33:03.003388575,T,90.71,100,90.92,100,TGT
2025-12-01,9:33:04.184427301,T,90.71,100,90.94,300,TGT
2025-12-01,9:33:04.261315431,T,90.75,100,90.94,300,TGT
2025-12-01,9:33:04.299381126,T,90.75,100,90.94,100,TGT
2025-12-01,9:33:04.299406187,T,90.75,100,90.95,100,TGT
2025-12-01,9:33:08.044403242,T,90.71,100,90.95,100,TGT
2025-12-01,9:33:10.374539540,T,90.71,200,90.95,100,TGT
2025-12-01,9:33:15.516284188,T,90.71,100,90.95,100,TGT
2025-12-01,9:33:15.993766755,T,90.71,100,90.88,100,TGT
2025-12-01,9:33:26.727985012,T,90.71,100,90.87,100,TGT
2025-12-01,9:33:26.728150460,T,90.74,100,90.87,100,TGT
2025-12-01,9:33:26.728390991,T,90.74,100,90.82,100,TGT
2025-12-01,9:33:26.728411127,T,90.74,100,90.87,100,TGT
2025-12-01,9:33:26.728481221,T,90.74,100,90.88,100,TGT
2025-12-01,9:33:26.728837023,T,90.74,100,90.87,100,TGT
2025-12-01,9:33:26.729187974,T,90.71,100,90.87,100,TGT
2025-12-01,9:33:26.742093715,T,90.75,100,90.87,100,TGT
2025-12-01,9:33:26.749180515,T,90.71,100,90.87,100,TGT
2025-12-01,9:33:26.761424701,T,90.71,100,90.88,100,TGT
2025-12-01,9:33:26.772110205,T,90.63,100,90.88,100,TGT
2025-12-01,9:33:26.798482951,T,90.74,100,90.88,100,TGT
2025-12-01,9:33:29.747273594,T,90.73,100,90.88,100,TGT
2025-12-01,9:33:29.747288119,T,90.63,100,90.88,100,TGT
2025-12-01,9:33:29.747313183,T,90.63,100,90.8,100,TGT
2025-12-01,9:33:29.747578852,T,90.63,100,90.8,200,TGT
2025-12-01,9:33:29.749107512,T,90.63,100,90.77,100,TGT
2025-12-01,9:33:29.749127577,T,90.62,200,90.77,100,TGT
2025-12-01,9:33:29.749563587,T,90.62,200,90.8,200,TGT
2025-12-01,9:33:29.762609631,T,90.62,200,90.8,100,TGT
2025-12-01,9:33:29.776973943,T,90.74,100,90.8,100,TGT
2025-12-01,9:33:29.776993992,T,90.62,200,90.8,100,TGT
2025-12-01,9:33:29.847311492,T,90.62,200,90.82,100,TGT
2025-12-01,9:33:29.848048157,T,90.62,200,90.82,200,TGT
2025-12-01,9:33:29.853436071,T,90.64,100,90.82,200,TGT
2025-12-01,9:33:33.578205098,T,90.64,100,90.82,100,TGT
2025-12-01,9:33:33.584605299,T,90.62,200,90.82,100,TGT
2025-12-01,9:33:33.660315669,T,90.74,100,90.82,100,TGT
2025-12-01,9:33:34.069560638,T,90.62,200,90.82,100,TGT
2025-12-01,9:33:34.069600748,T,90.62,200,90.81,100,TGT
2025-12-01,9:33:34.069876369,T,90.62,200,90.8,100,TGT
2025-12-01,9:33:34.070397654,T,90.62,200,90.78,100,TGT
2025-12-01,9:33:34.336331286,T,90.62,200,90.87,200,TGT
2025-12-01,9:33:35.222923441,T,90.62,200,90.87,100,TGT
2025-12-01,9:33:36.342786374,T,90.62,200,90.87,200,TGT
2025-12-01,9:33:44.266924890,T,90.62,200,90.86,100,TGT
2025-12-01,9:33:44.266954950,T,90.62,200,90.82,100,TGT
2025-12-01,9:33:44.267160428,T,90.62,200,90.8,100,TGT
2025-12-01,9:33:44.272643588,T,90.62,200,90.82,200,TGT
2025-12-01,9:33:44.293703774,T,90.62,200,90.82,100,TGT
2025-12-01,9:33:46.077338043,T,90.62,200,90.87,200,TGT
2025-12-01,9:33:46.077368083,T,90.62,200,90.87,100,TGT
2025-12-01,9:33:48.513346439,T,90.62,200,90.87,200,TGT
2025-12-01,9:33:48.513957963,T,90.62,200,90.8,100,TGT
2025-12-01,9:33:48.524021839,T,90.62,200,90.87,200,TGT
2025-12-01,9:33:48.524031891,T,90.62,200,90.87,100,TGT
2025-12-01,9:33:48.525024265,T,90.62,200,90.87,200,TGT
2025-12-01,9:33:48.525685897,T,90.62,200,90.87,300,TGT
2025-12-01,9:33:48.525896398,T,90.62,200,90.87,400,TGT
2025-12-01,9:33:48.543864165,T,90.62,200,90.87,300,TGT
2025-12-01,9:33:48.808078638,T,90.62,200,90.87,200,TGT
2025-12-01,9:33:53.834859483,T,90.62,200,90.87,300,TGT
2025-12-01,9:33:53.834859483,T,90.62,200,90.79,100,TGT
2025-12-01,9:33:53.835365706,T,90.62,200,90.79,200,TGT
2025-12-01,9:33:53.835415808,T,90.69,300,90.79,200,TGT
2025-12-01,9:33:53.835706562,T,90.69,400,90.79,200,TGT
2025-12-01,9:33:53.837601097,T,90.69,400,90.79,300,TGT
2025-12-01,9:33:53.913105973,T,90.69,400,90.79,200,TGT
2025-12-01,9:33:54.031192291,T,90.69,400,90.79,100,TGT
2025-12-01,9:33:54.091039847,T,90.69,400,90.87,200,TGT
2025-12-01,9:33:54.358366696,T,90.69,400,90.87,100,TGT
2025-12-01,9:33:57.268379620,T,90.69,400,90.86,100,TGT
2025-12-01,9:33:57.268384596,T,90.69,400,90.78,100,TGT
2025-12-01,9:33:57.671795802,T,90.69,100,90.78,100,TGT
2025-12-01,9:33:57.671795802,T,90.6,200,90.78,100,TGT
2025-12-01,9:33:57.671815851,T,90.6,200,90.72,100,TGT
2025-12-01,9:33:57.671820811,T,90.6,200,90.7,100,TGT
2025-12-01,9:33:57.672828547,T,90.6,200,90.72,100,TGT
2025-12-01,9:33:57.672883392,T,90.6,200,90.78,100,TGT
2025-12-01,9:33:57.672923648,T,90.6,200,90.69,100,TGT
2025-12-01,9:33:57.673143917,T,90.6,200,90.69,200,TGT
2025-12-01,9:33:57.673319313,T,90.6,200,90.69,100,TGT
2025-12-01,9:33:57.676045868,T,90.49,200,90.69,100,TGT
2025-12-01,9:33:57.676066341,T,90.49,200,90.62,100,TGT
2025-12-01,9:33:57.676301510,T,90.49,300,90.62,100,TGT
2025-12-01,9:33:57.676526976,T,90.49,300,90.62,200,TGT
2025-12-01,9:33:57.677158542,T,90.49,300,90.62,100,TGT
2025-12-01,9:33:57.694399614,T,90.49,100,90.62,100,TGT
2025-12-01,9:33:58.321408498,T,90.49,100,90.78,100,TGT
2025-12-01,9:33:58.322055002,T,90.5,100,90.78,100,TGT
2025-12-01,9:33:58.322100162,T,90.5,200,90.78,100,TGT
2025-12-01,9:33:58.328410164,T,90.5,200,90.78,200,TGT
2025-12-01,9:33:58.925853426,T,90.5,200,90.78,300,TGT
2025-12-01,9:33:58.925883519,T,90.5,100,90.78,300,TGT
2025-12-01,9:34:06.966489804,T,90.42,100,90.78,300,TGT
2025-12-01,9:34:06.966489804,T,90.41,100,90.78,300,TGT
2025-12-01,9:34:06.966504886,T,90.4,200,90.78,300,TGT
2025-12-01,9:34:06.966504886,T,90.4,200,90.61,100,TGT
2025-12-01,9:34:06.966509454,T,90.4,200,90.55,100,TGT
2025-12-01,9:34:06.967106147,T,90.4,200,90.55,200,TGT
2025-12-01,9:34:06.967226145,T,90.4,200,90.55,300,TGT
2025-12-01,9:34:06.998610945,T,90.4,200,90.54,100,TGT
2025-12-01,9:34:07.969002885,T,90.4,200,90.54,200,TGT
2025-12-01,9:34:08.379901776,T,90.4,200,90.54,100,TGT
2025-12-01,9:34:08.673380898,T,90.29,100,90.54,100,TGT
2025-12-01,9:34:08.673391003,T,90.33,200,90.54,100,TGT
2025-12-01,9:34:10.396476006,T,90.33,200,90.54,200,TGT
2025-12-01,9:34:10.865177604,T,90.33,200,90.47,100,TGT
2025-12-01,9:34:10.866565925,T,90.33,200,90.46,100,TGT
2025-12-01,9:34:10.875923156,T,90.33,200,90.53,100,TGT
2025-12-01,9:34:10.876649956,T,90.33,200,90.46,100,TGT
2025-12-01,9:34:10.899168560,T,90.17,100,90.46,100,TGT
2025-12-01,9:34:10.899173582,T,90.27,200,90.46,100,TGT
2025-12-01,9:34:11.778984607,T,90.27,200,90.53,100,TGT
2025-12-01,9:34:11.779075101,T,90.39,100,90.53,100,TGT
2025-12-01,9:34:11.779079874,T,90.39,100,90.54,200,TGT
2025-12-01,9:34:11.779104911,T,90.39,200,90.54,200,TGT
2025-12-01,9:34:11.779109891,T,90.39,100,90.54,200,TGT
2025-12-01,9:34:11.779235256,T,90.39,200,90.54,200,TGT
2025-12-01,9:34:11.779871768,T,90.39,100,90.54,200,TGT
2025-12-01,9:34:11.780297735,T,90.39,100,90.51,100,TGT
2025-12-01,9:34:11.780934263,T,90.27,200,90.51,100,TGT
2025-12-01,9:34:11.789935681,T,90.38,100,90.51,100,TGT
2025-12-01,9:34:11.925468552,T,90.27,200,90.51,100,TGT
2025-12-01,9:34:13.547177096,T,90.42,100,90.51,100,TGT
2025-12-01,9:34:13.554259007,T,90.27,200,90.51,100,TGT
2025-12-01,9:34:13.555091010,T,90.38,100,90.51,100,TGT
2025-12-01,9:34:14.185342487,T,90.27,200,90.51,100,TGT
2025-12-01,9:34:17.425953029,T,90.27,200,90.5,100,TGT
2025-12-01,9:34:17.426609544,T,90.38,100,90.5,100,TGT
2025-12-01,9:34:17.427030632,T,90.38,200,90.5,100,TGT
2025-12-01,9:34:17.860117444,T,90.38,100,90.5,100,TGT
2025-12-01,9:34:18.454022292,T,90.38,100,90.54,100,TGT
2025-12-01,9:34:21.949224292,T,90.4,100,90.54,100,TGT
2025-12-01,9:34:21.949244284,T,90.39,200,90.54,100,TGT
2025-12-01,9:34:21.949264592,T,90.44,100,90.54,100,TGT
2025-12-01,9:34:21.949590152,T,90.39,200,90.54,100,TGT
2025-12-01,9:34:21.950176584,T,90.39,300,90.54,100,TGT
2025-12-01,9:34:21.956256056,T,90.39,200,90.54,100,TGT
2025-12-01,9:34:21.960205500,T,90.39,100,90.54,100,TGT
2025-12-01,9:34:21.961458389,T,90.39,200,90.54,100,TGT
2025-12-01,9:34:22.149245824,T,90.39,100,90.54,100,TGT
2025-12-01,9:34:22.151656590,T,90.4,100,90.54,100,TGT
2025-12-01,9:34:22.152739161,T,90.4,200,90.54,100,TGT
2025-12-01,9:34:22.965490503,T,90.4,100,90.54,100,TGT
2025-12-01,9:34:25.068861578,T,90.4,200,90.54,100,TGT
2025-12-01,9:34:25.144807463,T,90.41,100,90.54,100,TGT
2025-12-01,9:34:25.145714679,T,90.41,200,90.54,100,TGT
2025-12-01,9:34:25.522697756,T,90.41,100,90.54,100,TGT
2025-12-01,9:34:26.323696053,T,90.41,200,90.54,100,TGT
2025-12-01,9:34:29.964860640,T,90.41,100,90.54,100,TGT
2025-12-01,9:34:30.083563485,T,90.41,100,90.54,200,TGT
2025-12-01,9:34:30.816153911,T,90.41,100,90.54,100,TGT
2025-12-01,9:34:43.546542809,T,90.41,100,90.59,100,TGT
2025-12-01,9:34:43.546567835,T,90.48,100,90.59,100,TGT
2025-12-01,9:34:43.546783549,T,90.48,200,90.59,100,TGT
2025-12-01,9:34:43.546783549,T,90.49,100,90.59,100,TGT
2025-12-01,9:34:43.546803394,T,90.48,200,90.59,100,TGT
2025-12-01,9:34:43.546808486,T,90.49,100,90.59,100,TGT
2025-12-01,9:34:43.547008881,T,90.49,200,90.59,100,TGT
2025-12-01,9:34:43.557027758,T,90.49,100,90.59,100,TGT
2025-12-01,9:34:43.557438758,T,90.49,200,90.59,100,TGT
2025-12-01,9:34:43.646821720,T,90.49,100,90.59,100,TGT
2025-12-01,9:34:44.787509497,T,90.45,100,90.59,100,TGT
2025-12-01,9:34:44.787599650,T,90.52,100,90.59,100,TGT
2025-12-01,9:34:44.788020720,T,90.52,200,90.59,100,TGT
2025-12-01,9:34:44.797317879,T,90.52,100,90.59,100,TGT
2025-12-01,9:34:45.490644598,T,90.45,100,90.59,100,TGT
2025-12-01,9:34:50.881542717,T,90.45,100,90.7,300,TGT
2025-12-01,9:34:50.881562730,T,90.53,100,90.7,300,TGT
2025-12-01,9:34:50.881673056,T,90.55,100,90.7,300,TGT
2025-12-01,9:34:50.881988762,T,90.55,100,90.7,100,TGT
2025-12-01,9:34:51.082270950,T,90.45,100,90.7,100,TGT
2025-12-01,9:34:51.158718101,T,90.52,100,90.7,100,TGT
2025-12-01,9:34:51.159139087,T,90.52,200,90.7,100,TGT
2025-12-01,9:34:52.182191565,T,90.52,100,90.7,100,TGT
2025-12-01,9:34:53.941237047,T,90.53,100,90.7,100,TGT
2025-12-01,9:34:53.942229483,T,90.53,200,90.7,100,TGT
2025-12-01,9:34:54.107538329,T,90.53,100,90.7,100,TGT
2025-12-01,9:34:54.107954269,T,90.45,100,90.7,100,TGT
2025-12-01,9:34:54.185864830,T,90.53,100,90.7,100,TGT
2025-12-01,9:34:55.057265805,T,90.54,100,90.7,100,TGT
2025-12-01,9:34:55.057691878,T,90.54,200,90.7,100,TGT
2025-12-01,9:34:55.422786648,T,90.54,100,90.7,100,TGT
2025-12-01,9:34:55.922547334,T,90.45,100,90.7,100,TGT
2025-12-01,9:34:55.999651007,T,90.52,100,90.7,100,TGT
2025-12-01,9:34:56.433735218,T,90.55,100,90.7,100,TGT
2025-12-01,9:34:56.434156205,T,90.55,200,90.7,100,TGT
2025-12-01,9:34:56.559670302,T,90.55,100,90.7,100,TGT
2025-12-01,9:34:56.559850721,T,90.45,100,90.7,100,TGT
2025-12-01,9:34:56.636257657,T,90.55,100,90.7,100,TGT
2025-12-01,9:35:00.378994512,T,90.45,100,90.7,100,TGT
2025-12-01,9:35:00.380172313,T,90.45,200,90.7,100,TGT
2025-12-01,9:35:00.381816232,T,90.54,100,90.7,100,TGT
2025-12-01,9:35:00.382327555,T,90.45,200,90.7,100,TGT
2025-12-01,9:35:00.382598043,T,90.54,100,90.7,100,TGT
2025-12-01,9:35:00.399758984,T,90.54,200,90.7,100,TGT
2025-12-01,9:35:00.457852423,T,90.54,100,90.7,100,TGT
2025-12-01,9:35:00.458133026,T,90.45,100,90.7,100,TGT
2025-12-01,9:35:00.662810707,T,90.46,100,90.7,100,TGT
2025-12-01,9:35:02.416177850,T,90.45,100,90.7,100,TGT
2025-12-01,9:35:02.491126486,T,90.5,100,90.7,100,TGT
2025-12-01,9:35:02.584313480,T,90.45,100,90.7,100,TGT
2025-12-01,9:35:02.659617860,T,90.51,100,90.7,100,TGT
2025-12-01,9:35:03.218128504,T,90.51,200,90.7,100,TGT
2025-12-01,9:35:03.218409198,T,90.51,200,90.67,100,TGT
2025-12-01,9:35:04.137503740,T,90.51,100,90.67,100,TGT
2025-12-01,9:35:04.138776825,T,90.45,100,90.67,100,TGT
2025-12-01,9:35:04.174882783,T,90.45,100,90.7,100,TGT
2025-12-01,9:35:04.214206495,T,90.52,100,90.7,100,TGT
2025-12-01,9:35:04.254632844,T,90.52,200,90.7,100,TGT
2025-12-01,9:35:04.331380609,T,90.52,100,90.7,100,TGT
2025-12-01,9:35:06.730160497,T,90.52,200,90.7,100,TGT
2025-12-01,9:35:08.657361828,T,90.52,100,90.7,100,TGT
2025-12-01,9:35:08.975354415,T,90.52,200,90.7,100,TGT
2025-12-01,9:35:10.556351037,T,90.52,100,90.7,100,TGT
2025-12-01,9:35:14.557728959,T,90.52,100,90.72,100,TGT
2025-12-01,9:35:14.558335346,T,90.52,100,90.73,200,TGT
2025-12-01,9:35:16.332101191,T,90.53,100,90.73,200,TGT
2025-12-01,9:35:16.332607337,T,90.52,100,90.73,200,TGT
2025-12-01,9:35:16.332622357,T,90.45,100,90.73,200,TGT
2025-12-01,9:35:16.345412869,T,90.53,100,90.73,200,TGT
2025-12-01,9:35:16.381684251,T,90.45,100,90.73,200,TGT
2025-12-01,9:35:16.437186532,T,90.52,100,90.73,200,TGT
2025-12-01,9:35:17.776863170,T,90.56,100,90.73,200,TGT
2025-12-01,9:35:17.777103712,T,90.56,100,90.7,100,TGT
2025-12-01,9:35:17.777319265,T,90.52,100,90.7,100,TGT
2025-12-01,9:35:17.777840501,T,90.52,100,90.7,200,TGT
2025-12-01,9:35:18.055196293,T,90.45,100,90.7,200,TGT
2025-12-01,9:35:18.134409917,T,90.52,100,90.7,200,TGT
2025-12-01,9:35:18.920908627,T,90.52,100,90.69,100,TGT
2025-12-01,9:35:19.022260188,T,90.53,100,90.69,100,TGT
2025-12-01,9:35:19.375972836,T,90.54,100,90.69,100,TGT
2025-12-01,9:35:19.400621566,T,90.53,100,90.69,100,TGT
2025-12-01,9:35:19.489688728,T,90.53,100,90.7,100,TGT
2025-12-01,9:35:19.595846667,T,90.45,100,90.7,100,TGT
2025-12-01,9:35:19.672709698,T,90.53,100,90.7,100,TGT
2025-12-01,9:35:20.400593936,T,90.54,100,90.7,100,TGT
2025-12-01,9:35:20.500562042,T,90.45,100,90.7,100,TGT
2025-12-01,9:35:20.502732287,T,90.53,100,90.7,100,TGT
2025-12-01,9:35:21.059744313,T,90.45,100,90.7,100,TGT
2025-12-01,9:35:21.137309138,T,90.53,100,90.7,100,TGT
2025-12-01,9:35:21.500644697,T,90.54,100,90.7,100,TGT
2025-12-01,9:35:21.600918625,T,90.45,100,90.7,100,TGT
2025-12-01,9:35:21.602808140,T,90.53,100,90.7,100,TGT
2025-12-01,9:35:21.702335269,T,90.53,100,90.7,200,TGT
2025-12-01,9:35:22.980515335,T,90.45,100,90.7,200,TGT
2025-12-01,9:35:23.057654106,T,90.53,100,90.7,200,TGT
2025-12-01,9:35:23.969155696,T,90.54,100,90.7,200,TGT
2025-12-01,9:35:24.528292946,T,90.45,100,90.7,200,TGT
2025-12-01,9:35:24.531280019,T,90.53,100,90.7,200,TGT
2025-12-01,9:35:24.908854614,T,90.54,100,90.7,200,TGT
2025-12-01,9:35:24.911560974,T,90.54,100,90.7,100,TGT
2025-12-01,9:35:24.911590978,T,90.54,100,90.73,200,TGT
2025-12-01,9:35:24.967223559,T,90.54,200,90.73,200,TGT
2025-12-01,9:35:25.469044046,T,90.54,200,90.76,100,TGT
2025-12-01,9:35:29.030052637,T,90.56,100,90.76,100,TGT
2025-12-01,9:35:29.030383587,T,90.56,200,90.76,100,TGT
2025-12-01,9:35:29.030388519,T,90.58,100,90.76,100,TGT
2025-12-01,9:35:29.030418762,T,90.59,100,90.76,100,TGT
2025-12-01,9:35:29.030488661,T,90.64,100,90.76,100,TGT
2025-12-01,9:35:29.031110409,T,90.64,200,90.76,100,TGT
2025-12-01,9:35:29.031115228,T,90.65,100,90.76,100,TGT
2025-12-01,9:35:29.031140304,T,90.65,200,90.76,100,TGT
2025-12-01,9:35:29.031385889,T,90.65,300,90.76,100,TGT
2025-12-01,9:35:29.031556279,T,90.65,300,90.79,100,TGT
2025-12-01,9:35:29.032042526,T,90.65,300,90.8,300,TGT
2025-12-01,9:35:29.032348107,T,90.65,300,90.8,200,TGT
2025-12-01,9:35:29.032378533,T,90.68,100,90.8,200,TGT
2025-12-01,9:35:29.032834247,T,90.65,300,90.8,200,TGT
2025-12-01,9:35:29.033135029,T,90.68,100,90.8,200,TGT
2025-12-01,9:35:29.033581107,T,90.65,300,90.8,200,TGT
2025-12-01,9:35:29.033741421,T,90.68,100,90.8,200,TGT
2025-12-01,9:35:29.034322816,T,90.65,300,90.8,200,TGT
2025-12-01,9:35:29.034493276,T,90.68,100,90.8,200,TGT
2025-12-01,9:35:29.035295380,T,90.68,100,90.85,100,TGT
2025-12-01,9:35:29.041600156,T,90.68,200,90.85,100,TGT
2025-12-01,9:35:29.042021172,T,90.68,300,90.85,100,TGT
2025-12-01,9:35:29.042307168,T,90.68,200,90.85,100,TGT
2025-12-01,9:35:29.054100014,T,90.68,200,90.76,100,TGT
2025-12-01,9:35:30.342038314,T,90.68,100,90.76,100,TGT
2025-12-01,9:35:37.108198100,T,90.65,100,90.76,100,TGT
2025-12-01,9:35:37.170225992,T,90.65,100,90.86,100,TGT
2025-12-01,9:35:37.170250948,T,90.71,100,90.86,100,TGT
2025-12-01,9:35:37.170671924,T,90.71,200,90.86,100,TGT
2025-12-01,9:35:37.172165537,T,90.71,200,90.89,300,TGT
2025-12-01,9:35:37.209865350,T,90.71,200,90.8,100,TGT
2025-12-01,9:35:37.257583986,T,90.71,100,90.8,100,TGT
2025-12-01,9:35:37.257604030,T,90.65,100,90.8,100,TGT
2025-12-01,9:35:37.334457129,T,90.71,100,90.8,100,TGT
2025-12-01,9:35:39.996519204,T,90.65,100,90.8,100,TGT
2025-12-01,9:35:40.071467767,T,90.72,100,90.8,100,TGT
2025-12-01,9:35:40.071888809,T,90.72,200,90.8,100,TGT
2025-12-01,9:35:40.082048325,T,90.72,200,90.89,300,TGT
2025-12-01,9:35:40.098151337,T,90.72,200,90.8,100,TGT
2025-12-01,9:35:40.951459291,T,90.72,100,90.8,100,TGT
2025-12-01,9:35:40.952627058,T,90.65,100,90.8,100,TGT
2025-12-01,9:35:41.028337403,T,90.73,100,90.8,100,TGT
2025-12-01,9:35:41.771623399,T,90.65,100,90.8,100,TGT
2025-12-01,9:35:41.771648231,T,90.65,100,90.8,200,TGT
2025-12-01,9:35:41.771648231,T,90.65,100,90.79,100,TGT
2025-12-01,9:35:41.771653309,T,90.65,100,90.77,100,TGT
2025-12-01,9:35:41.771673306,T,90.65,100,90.79,200,TGT
2025-12-01,9:35:41.771673306,T,90.56,200,90.79,200,TGT
2025-12-01,9:35:41.771683393,T,90.56,200,90.79,300,TGT
2025-12-01,9:35:41.771693357,T,90.56,200,90.76,100,TGT
2025-12-01,9:35:41.771799172,T,90.56,200,90.76,200,TGT
2025-12-01,9:35:41.771803637,T,90.56,200,90.74,100,TGT
2025-12-01,9:35:41.771823675,T,90.56,200,90.74,200,TGT
2025-12-01,9:35:41.771823675,T,90.56,200,90.74,300,TGT
2025-12-01,9:35:41.771823675,T,90.56,200,90.74,400,TGT
2025-12-01,9:35:41.771999140,T,90.56,100,90.74,400,TGT
2025-12-01,9:35:41.772019130,T,90.73,100,90.74,400,TGT
2025-12-01,9:35:41.772039598,T,90.56,100,90.74,400,TGT
2025-12-01,9:35:41.772049259,T,90.56,100,90.74,500,TGT
2025-12-01,9:35:41.772059364,T,90.56,100,90.74,600,TGT
2025-12-01,9:35:41.772069322,T,90.56,100,90.74,500,TGT
2025-12-01,9:35:41.772169478,T,90.56,100,90.74,400,TGT
2025-12-01,9:35:41.772194628,T,90.56,100,90.74,500,TGT
2025-12-01,9:35:41.772279903,T,90.56,100,90.74,400,TGT
2025-12-01,9:35:41.772284808,T,90.56,100,90.73,100,TGT
2025-12-01,9:35:41.772620623,T,90.56,100,90.73,200,TGT
2025-12-01,9:35:41.772645643,T,90.56,100,90.73,100,TGT
2025-12-01,9:35:41.772645643,T,90.56,100,90.7,100,TGT
2025-12-01,9:35:41.772650680,T,90.56,100,90.7,200,TGT
2025-12-01,9:35:41.772901222,T,90.56,100,90.7,100,TGT
2025-12-01,9:35:41.772906272,T,90.56,100,90.69,100,TGT
2025-12-01,9:35:41.773948766,T,90.56,100,90.69,200,TGT
2025-12-01,9:35:41.773953816,T,90.56,100,90.69,300,TGT
2025-12-01,9:35:41.773988911,T,90.56,100,90.69,200,TGT
2025-12-01,9:35:41.774028990,T,90.56,100,90.68,100,TGT
2025-12-01,9:35:41.774059042,T,90.56,100,90.68,200,TGT
2025-12-01,9:35:41.774670469,T,90.56,100,90.68,300,TGT
2025-12-01,9:35:41.774695660,T,90.56,100,90.68,200,TGT
2025-12-01,9:35:41.774695660,T,90.56,100,90.68,300,TGT
2025-12-01,9:35:41.774695660,T,90.56,100,90.68,200,TGT
2025-12-01,9:35:41.774700606,T,90.56,100,90.64,100,TGT
2025-12-01,9:35:42.003655969,T,90.56,100,90.63,100,TGT
2025-12-01,9:35:42.799672561,T,90.53,100,90.63,100,TGT
2025-12-01,9:35:46.482411301,T,90.53,100,90.62,100,TGT
2025-12-01,9:35:46.828145044,T,90.46,200,90.62,100,TGT
2025-12-01,9:35:46.828205150,T,90.46,200,90.63,100,TGT
2025-12-01,9:35:46.828235240,T,90.46,200,90.64,100,TGT
2025-12-01,9:35:46.831888935,T,90.46,200,90.79,100,TGT
2025-12-01,9:35:47.051752743,T,90.54,100,90.79,100,TGT
2025-12-01,9:35:47.639417864,T,90.54,100,90.77,200,TGT
2025-12-01,9:35:47.639447842,T,90.46,200,90.77,200,TGT
2025-12-01,9:35:50.236815909,T,90.54,100,90.77,200,TGT
2025-12-01,9:35:59.146803014,T,90.54,100,90.77,300,TGT
2025-12-01,9:35:59.146828098,T,90.54,100,90.68,100,TGT
2025-12-01,9:35:59.146838205,T,90.54,100,90.77,300,TGT
2025-12-01,9:35:59.146843114,T,90.54,100,90.64,100,TGT
2025-12-01,9:35:59.169061057,T,90.46,200,90.64,100,TGT
2025-12-01,9:35:59.420735672,T,90.46,200,90.63,100,TGT
2025-12-01,9:35:59.420770700,T,90.46,200,90.62,100,TGT
2025-12-01,9:35:59.420911061,T,90.46,200,90.63,100,TGT
2025-12-01,9:35:59.420921102,T,90.46,200,90.61,100,TGT
2025-12-01,9:35:59.591392234,T,90.46,200,90.61,200,TGT
2025-12-01,9:35:59.591412277,T,90.46,200,90.6,100,TGT
2025-12-01,9:35:59.591412277,T,90.46,200,90.6,200,TGT
2025-12-01,9:35:59.591432234,T,90.46,200,90.6,300,TGT
2025-12-01,9:35:59.591452485,T,90.46,200,90.6,200,TGT
2025-12-01,9:35:59.591452485,T,90.46,200,90.6,300,TGT
2025-12-01,9:35:59.591457299,T,90.46,200,90.59,100,TGT
2025-12-01,9:35:59.591462437,T,90.46,200,90.59,200,TGT
2025-12-01,9:35:59.591462437,T,90.46,200,90.59,100,TGT
2025-12-01,9:35:59.591467325,T,90.46,200,90.59,200,TGT
2025-12-01,9:35:59.591707918,T,90.45,100,90.59,200,TGT
2025-12-01,9:35:59.591898404,T,90.45,100,90.59,100,TGT
2025-12-01,9:35:59.591918472,T,90.45,100,90.59,200,TGT
2025-12-01,9:35:59.591943583,T,90.45,100,90.59,100,TGT
2025-12-01,9:35:59.591943583,T,90.45,100,90.59,200,TGT
2025-12-01,9:35:59.591963533,T,90.42,100,90.59,200,TGT
2025-12-01,9:35:59.591988572,T,90.42,100,90.57,100,TGT
2025-12-01,9:35:59.592555012,T,90.42,100,90.57,200,TGT
2025-12-01,9:35:59.592559979,T,90.42,100,90.57,100,TGT
2025-12-01,9:35:59.592585043,T,90.42,100,90.55,100,TGT
2025-12-01,9:35:59.653655498,T,90.42,100,90.54,100,TGT
2025-12-01,9:36:00.256982858,T,90.45,100,90.54,100,TGT
2025-12-01,9:36:00.256987879,T,90.46,100,90.54,100,TGT
2025-12-01,9:36:00.256993182,T,90.46,100,90.55,100,TGT
2025-12-01,9:36:00.257012946,T,90.42,200,90.55,100,TGT
2025-12-01,9:36:00.257022975,T,90.42,200,90.6,100,TGT
2025-12-01,9:36:00.267026790,T,90.42,100,90.6,100,TGT
2025-12-01,9:36:10.630591878,T,90.42,200,90.6,100,TGT
2025-12-01,9:36:10.630602607,T,90.49,100,90.6,100,TGT
2025-12-01,9:36:10.630602607,T,90.49,100,90.63,100,TGT
2025-12-01,9:36:10.630611973,T,90.49,100,90.68,300,TGT
2025-12-01,9:36:10.630627146,T,90.44,100,90.68,300,TGT
2025-12-01,9:36:10.630636992,T,90.44,100,90.68,200,TGT
2025-12-01,9:36:10.630672440,T,90.49,100,90.68,200,TGT
2025-12-01,9:36:10.630822469,T,90.49,200,90.68,200,TGT
2025-12-01,9:36:10.631078087,T,90.49,100,90.68,200,TGT
2025-12-01,9:36:10.637673811,T,90.44,100,90.68,200,TGT
2025-12-01,9:36:10.637693923,T,90.43,100,90.68,200,TGT
2025-12-01,9:36:10.664933793,T,90.43,100,90.68,300,TGT
2025-12-01,9:36:10.802887394,T,90.43,100,90.68,200,TGT
2025-12-01,9:36:10.832668340,T,90.42,200,90.68,200,TGT
2025-12-01,9:36:10.832693393,T,90.42,100,90.68,200,TGT
2025-12-01,9:36:17.132457024,T,90.48,100,90.68,200,TGT
2025-12-01,9:36:17.389639612,T,90.48,200,90.68,200,TGT
2025-12-01,9:36:17.389684754,T,90.51,100,90.68,200,TGT
2025-12-01,9:36:17.389699797,T,90.51,100,90.68,300,TGT
2025-12-01,9:36:17.389715122,T,90.48,200,90.68,300,TGT
2025-12-01,9:36:17.389719846,T,90.48,100,90.68,300,TGT
2025-12-01,9:36:17.389719846,T,90.48,100,90.68,200,TGT
2025-12-01,9:36:18.133156129,T,90.42,100,90.68,200,TGT
2025-12-01,9:36:18.134369020,T,90.48,100,90.68,200,TGT
2025-12-01,9:36:22.351044748,T,90.48,100,90.62,100,TGT
2025-12-01,9:36:23.351904236,T,90.48,100,90.62,200,TGT
2025-12-01,9:36:23.351939327,T,90.48,100,90.6,100,TGT
2025-12-01,9:36:23.452538964,T,90.48,100,90.6,200,TGT
2025-12-01,9:36:23.452548962,T,90.48,100,90.59,100,TGT
2025-12-01,9:36:23.452574010,T,90.48,100,90.59,200,TGT
2025-12-01,9:36:23.452604143,T,90.48,100,90.57,100,TGT
2025-12-01,9:36:23.453210540,T,90.48,100,90.57,200,TGT
2025-12-01,9:36:23.453246147,T,90.48,100,90.56,100,TGT
2025-12-01,9:36:23.453275721,T,90.48,200,90.56,100,TGT
2025-12-01,9:36:23.453335843,T,90.48,200,90.56,200,TGT
2025-12-01,9:36:23.453365891,T,90.48,200,90.54,100,TGT
2025-12-01,9:36:23.453406029,T,90.48,200,90.56,100,TGT
2025-12-01,9:36:23.453421033,T,90.51,100,90.56,100,TGT
2025-12-01,9:36:23.453436140,T,90.54,100,90.56,100,TGT
2025-12-01,9:36:23.453496254,T,90.54,100,90.56,200,TGT
2025-12-01,9:36:23.454223025,T,90.48,100,90.56,200,TGT
2025-12-01,9:36:23.468837770,T,90.48,100,90.56,100,TGT
2025-12-01,9:36:23.673350005,T,90.48,200,90.56,100,TGT
2025-12-01,9:36:23.673690801,T,90.48,100,90.56,100,TGT
2025-12-01,9:36:23.673700891,T,90.48,200,90.56,100,TGT
2025-12-01,9:36:23.679464556,T,90.48,100,90.56,100,TGT
2025-12-01,9:36:23.679464556,T,90.4,200,90.56,100,TGT
2025-12-01,9:36:23.679484747,T,90.4,200,90.49,100,TGT
2025-12-01,9:36:23.679840467,T,90.24,100,90.49,100,TGT
2025-12-01,9:36:23.679850474,T,90.32,200,90.49,100,TGT
2025-12-01,9:36:23.679885625,T,90.4,100,90.49,100,TGT
2025-12-01,9:36:23.680211388,T,90.32,200,90.49,100,TGT
2025-12-01,9:36:23.680371760,T,90.4,100,90.49,100,TGT
2025-12-01,9:36:23.680527127,T,90.4,100,90.56,100,TGT
2025-12-01,9:36:23.680792776,T,90.4,200,90.56,100,TGT
2025-12-01,9:36:23.680953150,T,90.4,100,90.56,100,TGT
2025-12-01,9:36:23.687398463,T,90.4,100,90.56,200,TGT
2025-12-01,9:36:23.688586342,T,90.4,100,90.55,100,TGT
2025-12-01,9:36:23.688621363,T,90.4,100,90.54,100,TGT
2025-12-01,9:36:23.693142150,T,90.32,200,90.54,100,TGT
2025-12-01,9:36:23.694254806,T,90.32,200,90.53,100,TGT
2025-12-01,9:36:23.780450204,T,90.32,200,90.5,100,TGT
2025-12-01,9:36:24.856819541,T,90.32,200,90.55,100,TGT
2025-12-01,9:36:24.925999347,T,90.32,200,90.51,100,TGT
2025-12-01,9:36:39.349642307,T,90.32,200,90.56,100,TGT
2025-12-01,9:36:39.375789551,T,90.32,200,90.53,100,TGT
2025-12-01,9:36:40.508167336,T,90.32,200,90.56,100,TGT
2025-12-01,9:36:40.735128029,T,90.32,200,90.53,100,TGT
2025-12-01,9:36:42.485874065,T,90.32,200,90.56,100,TGT
2025-12-01,9:36:42.516361672,T,90.32,200,90.53,100,TGT
2025-12-01,9:36:43.474729853,T,90.32,200,90.56,100,TGT
2025-12-01,9:36:43.713814492,T,90.32,200,90.53,100,TGT
2025-12-01,9:36:45.452436540,T,90.32,200,90.56,100,TGT
2025-12-01,9:36:45.926606227,T,90.32,200,90.53,100,TGT
2025-12-01,9:36:47.147234140,T,90.24,100,90.53,100,TGT
2025-12-01,9:36:47.147239155,T,90.36,200,90.53,100,TGT
2025-12-01,9:36:47.152601975,T,90.36,200,90.6,100,TGT
2025-12-01,9:36:47.152621976,T,90.36,200,90.63,100,TGT
2025-12-01,9:36:47.152647090,T,90.36,200,90.64,300,TGT
2025-12-01,9:36:47.152707220,T,90.36,200,90.64,200,TGT
2025-12-01,9:36:47.154250874,T,90.46,100,90.64,200,TGT
2025-12-01,9:36:47.154701909,T,90.36,200,90.64,200,TGT
2025-12-01,9:36:47.154867330,T,90.46,100,90.64,200,TGT
2025-12-01,9:36:47.225906574,T,90.46,100,90.59,100,TGT
2025-12-01,9:36:47.784713009,T,90.36,200,90.59,100,TGT
2025-12-01,9:36:51.965127436,T,90.36,200,90.59,200,TGT
2025-12-01,9:36:51.965167582,T,90.36,200,90.56,100,TGT
2025-12-01,9:36:54.051843751,T,90.36,200,90.56,200,TGT
2025-12-01,9:36:54.867226464,T,90.36,200,90.55,100,TGT
2025-12-01,9:36:54.867246494,T,90.36,200,90.55,200,TGT
2025-12-01,9:36:54.867281517,T,90.36,200,90.52,100,TGT
2025-12-01,9:36:55.395760619,T,90.36,200,90.55,100,TGT
2025-12-01,9:36:55.395785644,T,90.49,100,90.55,100,TGT
2025-12-01,9:36:55.395790608,T,90.49,100,90.56,100,TGT
2025-12-01,9:36:55.396336960,T,90.45,100,90.56,100,TGT
2025-12-01,9:36:55.396382079,T,90.47,100,90.56,100,TGT
2025-12-01,9:36:55.513631528,T,90.36,200,90.56,100,TGT
2025-12-01,9:37:10.517246341,T,90.23,100,90.56,100,TGT
2025-12-01,9:37:10.517251136,T,90.4,200,90.56,100,TGT
2025-12-01,9:37:22.813230107,T,90.4,200,90.64,200,TGT
2025-12-01,9:37:22.813260171,T,90.48,100,90.64,200,TGT
2025-12-01,9:37:22.813911736,T,90.48,100,90.75,100,TGT
2025-12-01,9:37:22.813921847,T,90.48,100,90.69,200,TGT
2025-12-01,9:37:22.820312036,T,90.4,200,90.69,200,TGT
2025-12-01,9:37:22.822487226,T,90.4,200,90.68,100,TGT
2025-12-01,9:37:22.822492253,T,90.4,200,90.63,100,TGT
2025-12-01,9:37:22.822497239,T,90.4,200,90.62,100,TGT
2025-12-01,9:37:22.822532337,T,90.4,200,90.56,100,TGT
2025-12-01,9:37:22.891105645,T,90.51,100,90.56,100,TGT
2025-12-01,9:37:25.585549837,T,90.4,200,90.56,100,TGT
2025-12-01,9:37:25.585595370,T,90.4,200,90.56,200,TGT
2025-12-01,9:37:25.585595370,T,90.4,200,90.56,100,TGT
2025-12-01,9:37:25.585599954,T,90.4,200,90.53,100,TGT
2025-12-01,9:37:25.586371771,T,90.4,200,90.69,200,TGT
2025-12-01,9:37:25.586396897,T,90.49,100,90.69,200,TGT
2025-12-01,9:37:25.605687885,T,90.49,200,90.69,200,TGT
2025-12-01,9:37:25.605707984,T,90.49,100,90.69,200,TGT
2025-12-01,9:37:25.686520393,T,90.46,100,90.69,200,TGT
2025-12-01,9:37:25.686540484,T,90.4,300,90.69,200,TGT
2025-12-01,9:37:25.777662506,T,90.4,200,90.69,200,TGT
2025-12-01,9:37:35.953685916,T,90.4,200,90.57,100,TGT
2025-12-01,9:37:35.953710980,T,90.4,200,90.68,100,TGT
2025-12-01,9:37:35.953720949,T,90.4,200,90.69,200,TGT
2025-12-01,9:37:35.953931479,T,90.4,200,90.69,300,TGT
2025-12-01,9:37:35.953936526,T,90.4,200,90.59,100,TGT
2025-12-01,9:37:35.963133469,T,90.4,200,90.68,100,TGT
2025-12-01,9:37:35.963133469,T,90.4,200,90.69,200,TGT
2025-12-01,9:37:37.250615575,T,90.4,200,90.69,300,TGT
2025-12-01,9:37:37.250640664,T,90.4,200,90.69,200,TGT
2025-12-01,9:37:37.250645796,T,90.4,200,90.69,300,TGT
2025-12-01,9:37:37.250816075,T,90.4,200,90.67,100,TGT
2025-12-01,9:37:37.250831124,T,90.4,200,90.68,100,TGT
2025-12-01,9:37:37.250846139,T,90.4,200,90.67,100,TGT
2025-12-01,9:37:37.260890089,T,90.4,200,90.68,100,TGT
2025-12-01,9:37:37.260915188,T,90.4,200,90.69,300,TGT
2025-12-01,9:37:43.173857119,T,90.4,200,90.62,100,TGT
2025-12-01,9:37:43.371001779,T,90.4,200,90.65,100,TGT
2025-12-01,9:37:43.421376769,T,90.4,300,90.65,100,TGT
2025-12-01,9:37:43.421382001,T,90.46,100,90.65,100,TGT
2025-12-01,9:37:43.421487068,T,90.47,100,90.65,100,TGT
2025-12-01,9:37:43.421517295,T,90.48,100,90.65,100,TGT
2025-12-01,9:37:43.421682514,T,90.47,100,90.65,100,TGT
2025-12-01,9:37:43.421787802,T,90.5,100,90.65,100,TGT
2025-12-01,9:37:43.421822916,T,90.48,100,90.65,100,TGT
2025-12-01,9:37:43.421842882,T,90.48,100,90.62,100,TGT
2025-12-01,9:37:43.422279290,T,90.47,100,90.62,100,TGT
2025-12-01,9:37:43.428874655,T,90.47,100,90.65,100,TGT
2025-12-01,9:37:43.429315813,T,90.5,100,90.65,100,TGT
2025-12-01,9:37:43.429691625,T,90.47,100,90.65,100,TGT
2025-12-01,9:37:43.429872028,T,90.47,100,90.63,100,TGT
2025-12-01,9:37:43.429962240,T,90.46,200,90.63,100,TGT
2025-12-01,9:37:43.431816682,T,90.46,100,90.63,100,TGT
2025-12-01,9:37:43.439885912,T,90.46,100,90.65,100,TGT
2025-12-01,9:37:43.440306966,T,90.46,200,90.65,100,TGT
2025-12-01,9:37:43.518027180,T,90.46,100,90.65,100,TGT
2025-12-01,9:37:43.522678194,T,90.4,200,90.65,100,TGT
2025-12-01,9:37:45.043160491,T,90.46,100,90.65,100,TGT
2025-12-01,9:37:45.043411105,T,90.49,100,90.65,100,TGT
2025-12-01,9:37:45.043576442,T,90.49,100,90.62,100,TGT
2025-12-01,9:37:45.043791998,T,90.46,100,90.62,100,TGT
2025-12-01,9:37:45.043832037,T,90.49,100,90.62,100,TGT
2025-12-01,9:37:45.051926392,T,90.49,200,90.62,100,TGT
2025-12-01,9:37:45.051936446,T,90.5,100,90.62,100,TGT
2025-12-01,9:37:45.051986511,T,90.49,200,90.62,100,TGT
2025-12-01,9:37:45.053835949,T,90.49,100,90.62,100,TGT
2025-12-01,9:37:45.054066618,T,90.46,100,90.62,100,TGT
2025-12-01,9:37:45.054572693,T,90.46,200,90.62,100,TGT
2025-12-01,9:37:45.054592760,T,90.46,300,90.62,100,TGT
2025-12-01,9:37:45.134909046,T,90.46,200,90.62,100,TGT
2025-12-01,9:37:45.134924104,T,90.46,100,90.62,100,TGT
2025-12-01,9:37:45.149624112,T,90.46,200,90.62,100,TGT
2025-12-01,9:37:45.151027505,T,90.46,300,90.62,100,TGT
2025-12-01,9:37:45.172548778,T,90.46,200,90.62,100,TGT
2025-12-01,9:37:45.173044948,T,90.46,200,90.61,100,TGT
2025-12-01,9:37:45.225930869,T,90.46,300,90.61,100,TGT
2025-12-01,9:37:45.423276095,T,90.46,200,90.61,100,TGT
2025-12-01,9:37:45.423301152,T,90.46,100,90.61,100,TGT
2025-12-01,9:37:45.635040696,T,90.46,200,90.61,100,TGT
2025-12-01,9:37:45.644382960,T,90.46,100,90.61,100,TGT
2025-12-01,9:37:45.806378880,T,90.46,100,90.69,300,TGT
2025-12-01,9:37:45.806398869,T,90.51,100,90.69,300,TGT
2025-12-01,9:37:45.806403889,T,90.57,100,90.69,300,TGT
2025-12-01,9:37:45.806413890,T,90.57,100,90.69,200,TGT
2025-12-01,9:37:45.807581743,T,90.58,100,90.69,200,TGT
2025-12-01,9:37:45.807642249,T,90.59,100,90.69,200,TGT
2025-12-01,9:37:45.807657020,T,90.59,100,90.75,100,TGT
2025-12-01,9:37:45.807666940,T,90.59,100,90.75,300,TGT
2025-12-01,9:37:45.817485263,T,90.57,100,90.75,300,TGT
2025-12-01,9:37:45.906452210,T,90.54,100,90.75,300,TGT
2025-12-01,9:37:45.922731102,T,90.52,100,90.75,300,TGT
2025-12-01,9:37:46.006791296,T,90.51,100,90.75,300,TGT
2025-12-01,9:37:46.076597637,T,90.48,100,90.75,300,TGT
2025-12-01,9:37:46.157004193,T,90.51,100,90.75,300,TGT
2025-12-01,9:37:46.285134488,T,90.48,100,90.75,300,TGT
2025-12-01,9:37:46.285550441,T,90.48,200,90.75,300,TGT
2025-12-01,9:37:46.327420233,T,90.48,100,90.75,300,TGT
2025-12-01,9:37:46.359867491,T,90.48,100,90.7,100,TGT
2025-12-01,9:37:46.420416717,T,90.51,100,90.7,100,TGT
2025-12-01,9:37:47.275724402,T,90.51,200,90.7,100,TGT
2025-12-01,9:37:48.896340370,T,90.51,300,90.7,100,TGT
2025-12-01,9:37:48.901688164,T,90.51,200,90.7,100,TGT
2025-12-01,9:37:48.977629034,T,90.51,100,90.7,100,TGT
2025-12-01,9:37:49.372640140,T,90.53,100,90.7,100,TGT
2025-12-01,9:37:49.373672596,T,90.51,100,90.7,100,TGT
2025-12-01,9:37:49.582705621,T,90.53,100,90.7,100,TGT
2025-12-01,9:37:49.583126651,T,90.53,200,90.7,100,TGT
2025-12-01,9:37:50.092830909,T,90.53,300,90.7,100,TGT
2025-12-01,9:37:50.517648015,T,90.53,200,90.7,100,TGT
2025-12-01,9:37:51.514658285,T,90.53,100,90.7,100,TGT
2025-12-01,9:37:51.516131768,T,90.51,100,90.7,100,TGT
2025-12-01,9:37:51.627527255,T,90.51,200,90.7,100,TGT
2025-12-01,9:37:51.627532244,T,90.56,100,90.7,100,TGT
2025-12-01,9:37:51.627532244,T,90.6,100,90.7,100,TGT
2025-12-01,9:37:51.627532244,T,90.61,100,90.7,100,TGT
2025-12-01,9:37:51.627593049,T,90.61,100,90.75,100,TGT
2025-12-01,9:37:51.628163721,T,90.63,100,90.75,100,TGT
2025-12-01,9:37:51.628193792,T,90.64,100,90.75,100,TGT
2025-12-01,9:37:51.628589675,T,90.63,100,90.75,100,TGT
2025-12-01,9:37:51.628800280,T,90.64,100,90.75,100,TGT
2025-12-01,9:37:51.629356585,T,90.63,100,90.75,100,TGT
2025-12-01,9:37:51.629361612,T,90.63,100,90.79,100,TGT
2025-12-01,9:37:51.633230831,T,90.61,100,90.79,100,TGT
2025-12-01,9:37:51.647960932,T,90.61,200,90.79,100,TGT
2025-12-01,9:37:51.725029537,T,90.61,100,90.79,100,TGT
2025-12-01,9:37:51.727680857,T,90.6,100,90.79,100,TGT
2025-12-01,9:37:52.309481887,T,90.6,200,90.79,100,TGT
2025-12-01,9:37:52.337453539,T,90.6,100,90.79,100,TGT
2025-12-01,9:37:52.495991126,T,90.58,100,90.79,100,TGT
2025-12-01,9:37:56.922677313,T,90.56,100,90.79,100,TGT
2025-12-01,9:37:56.923083320,T,90.53,200,90.79,100,TGT
2025-12-01,9:37:57.000001549,T,90.56,100,90.79,100,TGT
2025-12-01,9:37:57.969396042,T,90.51,400,90.79,100,TGT
2025-12-01,9:37:57.969711779,T,90.51,300,90.79,100,TGT
2025-12-01,9:38:13.214255633,T,90.51,400,90.79,100,TGT
2025-12-01,9:38:14.040659488,T,90.51,300,90.79,100,TGT
2025-12-01,9:38:14.041706889,T,90.51,400,90.79,100,TGT
2025-12-01,9:38:14.201647894,T,90.51,300,90.79,100,TGT
2025-12-01,9:38:14.201938654,T,90.51,400,90.79,100,TGT
2025-12-01,9:38:14.978904695,T,90.51,300,90.79,100,TGT
2025-12-01,9:38:14.992356698,T,90.51,400,90.79,100,TGT
2025-12-01,9:38:16.696431614,T,90.51,400,90.79,200,TGT
2025-12-01,9:38:16.696431614,T,90.51,400,90.72,100,TGT
2025-12-01,9:38:16.696446500,T,90.52,100,90.72,100,TGT
2025-12-01,9:38:16.696516645,T,90.56,100,90.72,100,TGT
2025-12-01,9:38:16.696546673,T,90.56,100,90.79,200,TGT
2025-12-01,9:38:16.696546673,T,90.56,100,90.79,100,TGT
2025-12-01,9:38:16.696872520,T,90.56,100,90.79,200,TGT
2025-12-01,9:38:16.696902534,T,90.56,100,90.75,100,TGT
2025-12-01,9:38:16.697258383,T,90.56,200,90.75,100,TGT
2025-12-01,9:38:16.706259920,T,90.56,200,90.79,200,TGT
2025-12-01,9:38:16.706330085,T,90.56,100,90.79,200,TGT
2025-12-01,9:38:16.706445342,T,90.56,100,90.79,100,TGT
2025-12-01,9:38:16.714960575,T,90.51,300,90.79,100,TGT
2025-12-01,9:38:19.464115313,T,90.54,200,90.79,100,TGT
2025-12-01,9:38:34.419710153,T,90.54,200,90.79,200,TGT
2025-12-01,9:38:34.419725163,T,90.54,200,90.79,100,TGT
2025-12-01,9:38:39.735805237,T,90.54,200,90.79,200,TGT
2025-12-01,9:38:39.735820336,T,90.54,200,90.71,100,TGT
2025-12-01,9:38:39.735830312,T,90.54,100,90.71,100,TGT
2025-12-01,9:38:39.735835345,T,90.54,100,90.7,100,TGT
2025-12-01,9:38:43.816236506,T,90.54,100,90.7,200,TGT
2025-12-01,9:38:43.892528267,T,90.54,100,90.7,100,TGT
2025-12-01,9:38:46.483977176,T,90.51,100,90.7,100,TGT
2025-12-01,9:38:46.571721146,T,90.59,100,90.7,100,TGT
2025-12-01,9:38:48.836852595,T,90.51,100,90.7,100,TGT
2025-12-01,9:38:48.929047187,T,90.61,100,90.7,100,TGT
2025-12-01,9:38:49.088366810,T,90.61,100,90.79,100,TGT
2025-12-01,9:38:49.633671060,T,90.51,100,90.79,100,TGT
2025-12-01,9:38:49.732466457,T,90.63,100,90.79,100,TGT
2025-12-01,9:38:50.054067600,T,90.63,100,90.68,100,TGT
2025-12-01,9:38:50.054303189,T,90.51,100,90.68,100,TGT
2025-12-01,9:38:50.054709138,T,90.51,100,90.79,200,TGT
2025-12-01,9:38:50.055059970,T,90.51,100,90.65,100,TGT
2025-12-01,9:39:04.360556446,T,90.51,100,90.77,200,TGT
2025-12-01,9:39:04.360576515,T,90.51,200,90.77,200,TGT
2025-12-01,9:39:04.360581555,T,90.58,100,90.77,200,TGT
2025-12-01,9:39:04.560633142,T,90.51,200,90.77,200,TGT
2025-12-01,9:39:04.561485131,T,90.58,100,90.77,200,TGT
2025-12-01,9:39:04.729655769,T,90.51,200,90.77,200,TGT
2025-12-01,9:39:09.863802504,T,90.58,100,90.77,200,TGT
2025-12-01,9:39:11.228734327,T,90.51,200,90.77,200,TGT
2025-12-01,9:39:11.228754375,T,90.51,100,90.77,200,TGT
2025-12-01,9:39:14.167390491,T,90.53,200,90.77,200,TGT
2025-12-01,9:39:14.849164685,T,90.53,200,90.79,100,TGT
2025-12-01,9:39:20.208151990,T,90.53,200,90.79,200,TGT
2025-12-01,9:39:20.208202088,T,90.53,200,90.79,100,TGT
2025-12-01,9:39:20.208432627,T,90.53,200,90.79,200,TGT
2025-12-01,9:39:20.208447926,T,90.53,200,90.74,100,TGT
2025-12-01,9:39:20.208452719,T,90.53,200,90.79,200,TGT
2025-12-01,9:39:20.208482715,T,90.53,200,90.71,100,TGT
2025-12-01,9:39:20.208492773,T,90.53,200,90.79,200,TGT
2025-12-01,9:39:20.209264955,T,90.53,200,90.68,100,TGT
2025-12-01,9:39:20.209264955,T,90.53,200,90.79,200,TGT
2025-12-01,9:39:20.209490111,T,90.53,200,90.68,100,TGT
2025-12-01,9:39:22.897248469,T,90.53,200,90.78,200,TGT
2025-12-01,9:39:22.897363708,T,90.53,200,90.78,300,TGT
2025-12-01,9:39:22.897388871,T,90.53,200,90.78,200,TGT
2025-12-01,9:39:22.897574259,T,90.6,100,90.78,200,TGT
2025-12-01,9:39:22.897659452,T,90.6,100,90.72,100,TGT
2025-12-01,9:39:22.897769687,T,90.6,100,90.78,200,TGT
2025-12-01,9:39:22.898025331,T,90.6,100,90.78,300,TGT
2025-12-01,9:39:22.898275891,T,90.6,100,90.78,200,TGT
2025-12-01,9:39:22.898275891,T,90.6,100,90.78,300,TGT
2025-12-01,9:39:22.898300973,T,90.6,100,90.78,200,TGT
2025-12-01,9:39:25.550634901,T,90.53,200,90.78,200,TGT
2025-12-01,9:39:42.291969354,T,90.53,200,90.78,300,TGT
2025-12-01,9:39:42.318342199,T,90.53,200,90.78,200,TGT
2025-12-01,9:39:44.568603333,T,90.46,100,90.78,200,TGT
2025-12-01,9:39:44.568608408,T,90.57,200,90.78,200,TGT
2025-12-01,9:39:46.232462457,T,90.68,100,90.78,200,TGT
2025-12-01,9:39:46.232557739,T,90.68,100,90.79,100,TGT
2025-12-01,9:39:48.409303353,T,90.57,200,90.79,100,TGT
2025-12-01,9:39:49.209970874,T,90.46,100,90.79,100,TGT
2025-12-01,9:39:49.209975944,T,90.6,200,90.79,100,TGT
2025-12-01,9:40:05.118090254,T,90.65,100,90.79,100,TGT
2025-12-01,9:40:05.118521233,T,90.6,200,90.79,100,TGT
2025-12-01,9:40:05.118967389,T,90.68,100,90.79,100,TGT
2025-12-01,9:40:05.119348357,T,90.6,200,90.79,100,TGT
2025-12-01,9:40:06.103217182,T,90.6,200,90.81,100,TGT
2025-12-01,9:40:06.103257266,T,90.61,100,90.81,100,TGT
2025-12-01,9:40:06.103262351,T,90.6,200,90.81,100,TGT
2025-12-01,9:40:06.103342521,T,90.61,100,90.81,100,TGT
2025-12-01,9:40:06.103352547,T,90.6,200,90.81,100,TGT
2025-12-01,9:40:07.014027102,T,90.6,200,90.82,300,TGT
2025-12-01,9:40:15.281849165,T,90.7,100,90.82,300,TGT
2025-12-01,9:40:17.416660152,T,90.67,100,90.82,300,TGT
2025-12-01,9:40:17.425230622,T,90.6,300,90.82,300,TGT
2025-12-01,9:40:17.493312770,T,90.6,200,90.82,300,TGT
2025-12-01,9:40:17.493763858,T,90.67,100,90.82,300,TGT
2025-12-01,9:40:17.574992396,T,90.6,300,90.82,300,TGT
2025-12-01,9:40:17.575032556,T,90.6,200,90.82,300,TGT
2025-12-01,9:40:17.694767810,T,90.6,200,90.82,200,TGT
2025-12-01,9:40:18.194874234,T,90.7,100,90.82,200,TGT
2025-12-01,9:40:27.054075609,T,90.6,200,90.82,200,TGT
2025-12-01,9:40:27.360881496,T,90.63,200,90.82,200,TGT
2025-12-01,9:40:27.427530318,T,90.63,200,90.84,100,TGT
2025-12-01,9:40:32.928270334,T,90.71,100,90.84,100,TGT
2025-12-01,9:40:40.933146046,T,90.71,100,90.86,300,TGT
2025-12-01,9:40:40.935316233,T,90.71,100,90.79,200,TGT
2025-12-01,9:40:40.942172610,T,90.63,200,90.79,200,TGT
2025-12-01,9:40:40.942207607,T,90.63,200,90.76,100,TGT
2025-12-01,9:40:40.942919297,T,90.63,200,90.76,200,TGT
2025-12-01,9:40:40.942924306,T,90.63,200,90.76,300,TGT
2025-12-01,9:40:40.944217391,T,90.52,100,90.76,300,TGT
2025-12-01,9:40:40.944222410,T,90.58,200,90.76,300,TGT
2025-12-01,9:40:41.148248583,T,90.58,200,90.76,200,TGT
2025-12-01,9:40:48.765666291,T,90.58,200,90.76,100,TGT
2025-12-01,9:40:48.765666291,T,90.58,300,90.76,100,TGT
2025-12-01,9:40:48.765676253,T,90.58,200,90.76,100,TGT
2025-12-01,9:40:48.765681366,T,90.61,100,90.76,100,TGT
2025-12-01,9:40:48.765746417,T,90.62,100,90.76,100,TGT
2025-12-01,9:40:48.771104204,T,90.61,100,90.76,100,TGT
2025-12-01,9:40:48.772713033,T,90.58,300,90.76,100,TGT
2025-12-01,9:40:48.775755259,T,90.58,200,90.76,100,TGT
2025-12-01,9:40:50.029863118,T,90.58,200,90.76,200,TGT
2025-12-01,9:40:51.154788097,T,90.58,300,90.76,200,TGT
2025-12-01,9:40:51.154788097,T,90.61,100,90.76,200,TGT
2025-12-01,9:40:51.154793050,T,90.62,100,90.76,200,TGT
2025-12-01,9:40:51.154793050,T,90.68,100,90.76,200,TGT
2025-12-01,9:40:51.154798024,T,90.69,100,90.76,200,TGT
2025-12-01,9:40:51.155900651,T,90.69,200,90.76,200,TGT
2025-12-01,9:40:51.155960861,T,90.69,200,90.76,100,TGT
2025-12-01,9:40:51.164816939,T,90.69,100,90.76,100,TGT
2025-12-01,9:40:51.256360079,T,90.69,200,90.76,100,TGT
2025-12-01,9:40:51.665464724,T,90.69,100,90.76,100,TGT
2025-12-01,9:40:53.140097957,T,90.69,100,90.77,100,TGT
2025-12-01,9:40:53.140118100,T,90.69,200,90.77,100,TGT
2025-12-01,9:40:53.140118100,T,90.7,100,90.77,100,TGT
2025-12-01,9:40:53.140148068,T,90.71,100,90.77,100,TGT
2025-12-01,9:40:53.140163284,T,90.71,100,90.81,200,TGT
2025-12-01,9:40:53.140168194,T,90.71,100,90.77,100,TGT
2025-12-01,9:40:53.140348542,T,90.72,100,90.77,100,TGT
2025-12-01,9:40:53.140564085,T,90.72,100,90.8,100,TGT
2025-12-01,9:40:53.140574089,T,90.72,100,90.77,100,TGT
2025-12-01,9:40:53.140589161,T,90.72,200,90.77,100,TGT
2025-12-01,9:40:53.140894902,T,90.72,200,90.81,200,TGT
2025-12-01,9:40:53.141120408,T,90.72,300,90.81,200,TGT
2025-12-01,9:40:53.142032588,T,90.72,300,90.82,100,TGT
2025-12-01,9:40:53.150608057,T,90.72,200,90.82,100,TGT
2025-12-01,9:40:53.152718022,T,90.72,100,90.82,100,TGT
2025-12-01,9:40:53.310503940,T,90.72,200,90.82,100,TGT
2025-12-01,9:40:53.310724512,T,90.72,100,90.82,100,TGT
2025-12-01,9:40:53.710191134,T,90.73,100,90.82,100,TGT
2025-12-01,9:40:53.710642221,T,90.73,200,90.82,100,TGT
2025-12-01,9:40:53.711063331,T,90.73,300,90.82,100,TGT
2025-12-01,9:40:53.711429126,T,90.73,200,90.82,100,TGT
2025-12-01,9:40:53.729096224,T,90.73,100,90.82,100,TGT
2025-12-01,9:40:53.729386976,T,90.7,100,90.82,100,TGT
2025-12-01,9:40:53.729406986,T,90.62,300,90.82,100,TGT
2025-12-01,9:40:53.730499527,T,90.7,100,90.82,100,TGT
2025-12-01,9:40:53.730920561,T,90.7,200,90.82,100,TGT
2025-12-01,9:40:53.810670520,T,90.7,200,90.84,100,TGT
2025-12-01,9:40:53.810951205,T,90.7,100,90.84,100,TGT
2025-12-01,9:40:53.811161765,T,90.7,200,90.84,100,TGT
2025-12-01,9:40:54.395604145,T,90.7,100,90.84,100,TGT
2025-12-01,9:40:59.342524522,T,90.65,100,90.84,100,TGT
2025-12-01,9:40:59.342674951,T,90.72,100,90.84,100,TGT
2025-12-01,9:40:59.342699958,T,90.72,200,90.84,100,TGT
2025-12-01,9:40:59.343411621,T,90.72,200,90.82,100,TGT
2025-12-01,9:40:59.343732427,T,90.72,200,90.84,100,TGT
2025-12-01,9:41:01.612818370,T,90.72,100,90.84,100,TGT
2025-12-01,9:41:01.612823420,T,90.65,100,90.84,100,TGT
2025-12-01,9:41:01.612848532,T,90.74,200,90.84,100,TGT
2025-12-01,9:41:06.574579411,T,90.7,100,90.84,100,TGT
2025-12-01,9:41:06.574604537,T,90.76,200,90.84,100,TGT
2025-12-01,9:41:06.735628116,T,90.76,300,90.84,100,TGT
2025-12-01,9:41:07.175300495,T,90.76,200,90.84,100,TGT
2025-12-01,9:41:12.376401477,T,90.77,100,90.84,100,TGT
2025-12-01,9:41:12.376426846,T,90.8,100,90.84,100,TGT
2025-12-01,9:41:12.376867633,T,90.8,100,90.86,100,TGT
2025-12-01,9:41:12.377614321,T,90.78,100,90.86,100,TGT
2025-12-01,9:41:12.377639490,T,90.77,100,90.86,100,TGT
2025-12-01,9:41:12.377644413,T,90.7,100,90.86,100,TGT
2025-12-01,9:41:12.377659757,T,90.7,100,90.83,100,TGT
2025-12-01,9:41:12.378732086,T,90.7,100,90.86,100,TGT
2025-12-01,9:41:12.576433074,T,90.65,300,90.86,100,TGT
2025-12-01,9:41:12.861642468,T,90.65,100,90.86,100,TGT
2025-12-01,9:41:12.861652527,T,90.68,200,90.86,100,TGT
2025-12-01,9:41:12.861682620,T,90.68,300,90.86,100,TGT
2025-12-01,9:41:19.074358650,T,90.8,100,90.86,100,TGT
2025-12-01,9:41:19.074554163,T,90.8,100,90.89,300,TGT
2025-12-01,9:41:19.074579252,T,90.8,100,90.89,200,TGT
2025-12-01,9:41:19.074910004,T,90.68,300,90.89,200,TGT
2025-12-01,9:41:19.075090425,T,90.7,100,90.89,200,TGT
2025-12-01,9:41:19.076017609,T,90.68,300,90.89,200,TGT
2025-12-01,9:41:19.078067458,T,90.7,100,90.89,200,TGT
2025-12-01,9:41:19.092226269,T,90.68,300,90.89,200,TGT
2025-12-01,9:41:19.092501932,T,90.7,100,90.89,200,TGT
2025-12-01,9:41:19.101733922,T,90.68,300,90.89,200,TGT
2025-12-01,9:41:21.226345731,T,90.68,300,90.89,300,TGT
2025-12-01,9:41:21.226350704,T,90.68,300,90.83,100,TGT
2025-12-01,9:41:21.226902077,T,90.68,300,90.89,300,TGT
2025-12-01,9:41:21.227022342,T,90.68,300,90.89,200,TGT
2025-12-01,9:41:21.247039951,T,90.68,300,90.88,100,TGT
2025-12-01,9:41:21.426793204,T,90.68,300,90.89,200,TGT
2025-12-01,9:41:21.935235065,T,90.68,300,90.89,300,TGT
2025-12-01,9:41:21.935244632,T,90.68,300,90.87,100,TGT
2025-12-01,9:41:21.935244632,T,90.68,300,90.85,100,TGT
2025-12-01,9:41:21.935254621,T,90.68,300,90.87,100,TGT
2025-12-01,9:41:21.935264677,T,90.68,300,90.85,100,TGT
2025-12-01,9:41:21.935279697,T,90.68,300,90.87,100,TGT
2025-12-01,9:41:21.935304749,T,90.68,300,90.83,100,TGT
2025-12-01,9:41:21.935319763,T,90.68,300,90.84,100,TGT
2025-12-01,9:41:21.935570468,T,90.7,100,90.84,100,TGT
2025-12-01,9:41:21.935575438,T,90.7,100,90.83,100,TGT
2025-12-01,9:41:21.935585441,T,90.68,300,90.83,100,TGT
2025-12-01,9:41:21.935595517,T,90.68,300,90.84,100,TGT
2025-12-01,9:41:21.936452740,T,90.7,100,90.84,100,TGT
2025-12-01,9:41:21.936507630,T,90.7,100,90.87,100,TGT
2025-12-01,9:41:22.035232897,T,90.7,100,90.88,100,TGT
2025-12-01,9:41:22.136027936,T,90.7,100,90.89,300,TGT
2025-12-01,9:41:22.136053018,T,90.7,100,90.89,200,TGT
2025-12-01,9:41:23.815900030,T,90.8,600,90.89,200,TGT
2025-12-01,9:41:33.053272337,T,90.8,700,90.89,200,TGT
2025-12-01,9:41:33.063281213,T,90.8,600,90.89,200,TGT
2025-12-01,9:41:52.031916834,T,90.87,100,90.89,200,TGT
2025-12-01,9:41:52.060018806,T,90.87,100,90.89,100,TGT
2025-12-01,9:41:52.060018806,T,90.87,100,90.91,100,TGT
2025-12-01,9:41:52.060038954,T,90.88,100,90.91,100,TGT
2025-12-01,9:41:52.060043913,T,90.88,200,90.91,100,TGT
2025-12-01,9:41:52.060073911,T,90.88,200,90.95,100,TGT
2025-12-01,9:41:52.060269856,T,90.88,100,90.95,100,TGT
2025-12-01,9:41:52.060269856,T,90.87,100,90.95,100,TGT
2025-12-01,9:41:52.060274447,T,90.87,100,90.9,100,TGT
2025-12-01,9:41:52.060289796,T,90.87,100,90.95,100,TGT
2025-12-01,9:41:52.060294508,T,90.87,100,90.91,100,TGT
2025-12-01,9:41:52.060299438,T,90.8,600,90.91,100,TGT
2025-12-01,9:41:52.060299438,T,90.8,600,90.9,100,TGT
2025-12-01,9:41:52.060314766,T,90.8,600,90.89,100,TGT
2025-12-01,9:41:52.060314766,T,90.8,600,90.89,200,TGT
2025-12-01,9:41:52.060329513,T,90.8,600,90.89,100,TGT
2025-12-01,9:41:52.060329513,T,90.8,600,90.88,100,TGT
2025-12-01,9:41:52.060349561,T,90.8,600,90.88,200,TGT
2025-12-01,9:41:52.060364691,T,90.8,600,90.88,100,TGT
2025-12-01,9:41:52.060389693,T,90.8,600,90.88,200,TGT
2025-12-01,9:41:52.060500064,T,90.8,600,90.88,100,TGT
2025-12-01,9:41:52.060725444,T,90.8,600,90.9,100,TGT
2025-12-01,9:41:52.060725444,T,90.83,100,90.9,100,TGT
2025-12-01,9:41:52.061136502,T,90.8,600,90.9,100,TGT
2025-12-01,9:41:52.109045570,T,90.8,600,90.95,100,TGT
2025-12-01,9:41:52.109050628,T,90.8,600,90.91,100,TGT
2025-12-01,9:41:52.109070662,T,90.8,600,90.9,100,TGT
2025-12-01,9:41:52.109326285,T,90.8,600,90.91,100,TGT
2025-12-01,9:41:52.109351324,T,90.8,600,90.9,100,TGT
2025-12-01,9:41:52.109376422,T,90.8,600,90.9,200,TGT
2025-12-01,9:41:52.282624096,T,90.8,600,90.9,100,TGT
2025-12-01,9:41:53.581779209,T,90.85,100,90.9,100,TGT
2025-12-01,9:41:55.133751615,T,90.8,600,90.9,100,TGT
2025-12-01,9:41:55.133791680,T,90.8,600,90.91,100,TGT
2025-12-01,9:41:55.133806650,T,90.8,600,90.9,100,TGT
2025-12-01,9:41:55.133816810,T,90.8,600,90.88,100,TGT
2025-12-01,9:41:55.133816810,T,90.8,600,90.9,100,TGT
2025-12-01,9:41:55.134047233,T,90.8,600,90.89,100,TGT
2025-12-01,9:41:55.134177568,T,90.8,600,90.9,100,TGT
2025-12-01,9:41:55.134202674,T,90.8,600,90.89,100,TGT
2025-12-01,9:41:55.134227800,T,90.8,600,90.9,100,TGT
2025-12-01,9:41:55.134368000,T,90.8,600,90.89,100,TGT
2025-12-01,9:41:55.134418147,T,90.8,600,90.9,100,TGT
2025-12-01,9:41:55.138578052,T,90.8,600,90.9,200,TGT
2025-12-01,9:41:55.970956108,T,90.8,600,90.9,100,TGT
2025-12-01,9:41:56.291775408,T,90.8,600,90.9,200,TGT
2025-12-01,9:42:13.020369739,T,90.8,600,90.9,100,TGT
2025-12-01,9:42:13.321612438,T,90.8,600,90.9,200,TGT
2025-12-01,9:42:13.992029653,T,90.8,600,90.9,100,TGT
2025-12-01,9:42:13.992034710,T,90.81,100,90.9,100,TGT
2025-12-01,9:42:13.992039909,T,90.81,200,90.9,100,TGT
2025-12-01,9:42:13.992039909,T,90.84,100,90.9,100,TGT
2025-12-01,9:42:13.992054706,T,90.81,200,90.9,100,TGT
2025-12-01,9:42:13.999081453,T,90.81,100,90.9,100,TGT
2025-12-01,9:42:14.036981829,T,90.81,100,90.91,100,TGT
2025-12-01,9:42:14.036981829,T,90.81,100,90.95,100,TGT
2025-12-01,9:42:14.037001829,T,90.87,100,90.95,100,TGT
2025-12-01,9:42:14.038455354,T,90.87,200,90.95,100,TGT
2025-12-01,9:42:14.041322088,T,90.87,300,90.95,100,TGT
2025-12-01,9:42:14.045502134,T,90.87,200,90.95,100,TGT
2025-12-01,9:42:14.138132760,T,90.87,100,90.95,100,TGT
2025-12-01,9:42:14.138553770,T,90.87,200,90.95,100,TGT
2025-12-01,9:42:14.228763663,T,90.87,100,90.95,100,TGT
2025-12-01,9:42:15.651884116,T,90.84,100,90.95,100,TGT
2025-12-01,9:42:16.196231160,T,90.84,100,90.97,200,TGT
2025-12-01,9:42:16.196256185,T,90.87,100,90.97,200,TGT
2025-12-01,9:42:16.196266140,T,90.87,200,90.97,200,TGT
2025-12-01,9:42:16.197333634,T,90.87,100,90.97,200,TGT
2025-12-01,9:42:16.197388777,T,90.87,100,90.95,100,TGT
2025-12-01,9:42:16.203342974,T,90.86,100,90.95,100,TGT
2025-12-01,9:42:16.237930328,T,90.84,100,90.95,100,TGT
2025-12-01,9:42:21.902756617,T,90.86,100,90.95,100,TGT
2025-12-01,9:42:21.903347979,T,90.86,100,91.0,300,TGT
2025-12-01,9:42:22.103078891,T,90.84,100,91.0,300,TGT
2025-12-01,9:42:25.833927164,T,90.84,100,90.98,100,TGT
2025-12-01,9:42:25.833997331,T,90.84,100,91.0,300,TGT
2025-12-01,9:42:25.834207818,T,90.84,100,90.98,100,TGT
2025-12-01,9:42:25.834217879,T,90.8,700,90.98,100,TGT
2025-12-01,9:42:25.834272989,T,90.8,700,91.0,300,TGT
2025-12-01,9:42:27.392500219,T,90.87,100,91.0,300,TGT
2025-12-01,9:42:33.380947088,T,90.84,100,91.0,300,TGT
2025-12-01,9:42:33.400548814,T,90.8,600,91.0,300,TGT
2025-12-01,9:42:33.412411977,T,90.84,100,91.0,300,TGT
2025-12-01,9:42:33.814585113,T,90.8,600,91.0,300,TGT
2025-12-01,9:42:39.121177667,T,90.84,100,91.0,300,TGT
2025-12-01,9:42:39.121603685,T,90.8,600,91.0,300,TGT
2025-12-01,9:42:39.173056264,T,90.84,100,91.0,300,TGT
2025-12-01,9:42:39.173602587,T,90.84,100,91.0,200,TGT
2025-12-01,9:42:39.173627551,T,90.9,100,91.0,200,TGT
2025-12-01,9:42:39.173642682,T,90.88,100,91.0,200,TGT
2025-12-01,9:42:39.173652869,T,90.9,100,91.0,200,TGT
2025-12-01,9:42:39.173668007,T,90.91,100,91.0,200,TGT
2025-12-01,9:42:39.173782950,T,90.9,100,91.0,200,TGT
2025-12-01,9:42:39.173893208,T,90.91,100,91.0,200,TGT
2025-12-01,9:42:39.173928279,T,90.91,200,91.0,200,TGT
2025-12-01,9:42:39.174033556,T,90.92,100,91.0,200,TGT
2025-12-01,9:42:39.174128788,T,90.91,100,91.0,200,TGT
2025-12-01,9:42:39.174153838,T,90.91,100,91.0,300,TGT
2025-12-01,9:42:39.174424563,T,90.91,100,91.0,200,TGT
2025-12-01,9:42:39.174569845,T,90.91,100,91.0,300,TGT
2025-12-01,9:42:39.174915714,T,90.91,200,91.0,300,TGT
2025-12-01,9:42:39.183441370,T,90.91,100,91.0,300,TGT
2025-12-01,9:42:39.183937167,T,90.9,100,91.0,300,TGT
2025-12-01,9:42:39.185255350,T,90.9,200,91.0,300,TGT
2025-12-01,9:42:39.206395694,T,90.9,200,90.98,100,TGT
2025-12-01,9:42:39.206415769,T,90.9,200,90.97,100,TGT
2025-12-01,9:42:39.285679554,T,90.9,200,90.96,100,TGT
2025-12-01,9:42:39.285714957,T,90.9,200,91.0,300,TGT
2025-12-01,9:42:39.285714957,T,90.9,200,91.0,200,TGT
2025-12-01,9:42:39.285779870,T,90.96,100,91.0,200,TGT
2025-12-01,9:42:39.285835000,T,90.9,200,91.0,200,TGT
2025-12-01,9:42:39.285880057,T,90.9,200,91.0,300,TGT
2025-12-01,9:42:39.285880057,T,90.9,100,91.0,300,TGT
2025-12-01,9:42:39.285895180,T,90.9,100,91.0,200,TGT
2025-12-01,9:42:39.286075511,T,90.84,100,91.0,200,TGT
2025-12-01,9:42:39.286180822,T,90.9,100,91.0,200,TGT
2025-12-01,9:42:39.286205784,T,90.89,100,91.0,200,TGT
2025-12-01,9:42:39.374135358,T,90.84,100,91.0,200,TGT
2025-12-01,9:42:41.728589706,T,90.82,100,91.0,200,TGT
2025-12-01,9:42:41.751870101,T,90.84,100,91.0,200,TGT
2025-12-01,9:42:41.975753471,T,90.82,100,91.0,200,TGT
2025-12-01,9:42:42.998409765,T,90.8,700,91.0,200,TGT
2025-12-01,9:42:44.497441010,T,90.83,200,91.0,200,TGT
2025-12-01,9:42:47.424359475,T,90.83,300,91.0,200,TGT
2025-12-01,9:42:47.424364117,T,90.92,100,91.0,200,TGT
2025-12-01,9:42:47.424389153,T,90.92,200,91.0,200,TGT
2025-12-01,9:42:47.424569582,T,90.92,300,91.0,200,TGT
2025-12-01,9:42:47.424780123,T,90.92,400,91.0,200,TGT
2025-12-01,9:42:47.425456700,T,90.92,300,91.0,200,TGT
2025-12-01,9:42:47.435605948,T,90.92,200,91.0,200,TGT
2025-12-01,9:42:47.435811364,T,90.92,100,91.0,200,TGT
2025-12-01,9:42:47.454831717,T,90.92,100,91.0,300,TGT
2025-12-01,9:42:47.454861780,T,90.84,100,91.0,300,TGT
2025-12-01,9:42:47.460916277,T,90.84,100,91.0,200,TGT
2025-12-01,9:42:47.595962957,T,90.83,300,91.0,200,TGT
2025-12-01,9:42:47.595983026,T,90.83,200,91.0,200,TGT
2025-12-01,9:42:49.210003536,T,90.83,300,91.0,200,TGT
2025-12-01,9:42:49.210003536,T,90.84,100,91.0,200,TGT
2025-12-01,9:42:49.210018295,T,90.89,100,91.0,200,TGT
2025-12-01,9:42:49.210023211,T,90.92,100,91.0,200,TGT
2025-12-01,9:42:49.210033564,T,90.93,100,91.0,200,TGT
2025-12-01,9:42:49.210043292,T,90.92,100,91.0,200,TGT
2025-12-01,9:42:49.210068322,T,90.94,100,91.0,200,TGT
2025-12-01,9:42:49.210148556,T,90.93,100,91.0,200,TGT
2025-12-01,9:42:49.210243755,T,90.93,200,91.0,200,TGT
2025-12-01,9:42:49.210389106,T,90.93,100,91.0,200,TGT
2025-12-01,9:42:49.220252685,T,90.92,100,91.0,200,TGT
2025-12-01,9:42:49.310166866,T,90.84,100,91.0,200,TGT
2025-12-01,9:42:49.798289779,T,90.84,100,91.0,100,TGT
2025-12-01,9:42:49.798289779,T,90.84,100,91.02,200,TGT
2025-12-01,9:42:49.798309774,T,90.84,100,91.02,100,TGT
2025-12-01,9:42:49.798309774,T,90.91,100,91.02,100,TGT
2025-12-01,9:42:49.798314804,T,90.93,100,91.02,100,TGT
2025-12-01,9:42:49.798329826,T,90.96,100,91.02,100,TGT
2025-12-01,9:42:49.798359978,T,90.98,100,91.02,100,TGT
2025-12-01,9:42:49.798580701,T,90.98,200,91.02,100,TGT
2025-12-01,9:42:49.798750848,T,90.98,300,91.02,100,TGT
2025-12-01,9:42:49.798770896,T,90.98,200,91.02,100,TGT
2025-12-01,9:42:49.799683235,T,90.98,200,91.06,200,TGT
2025-12-01,9:42:49.799703545,T,91.0,100,91.06,200,TGT
2025-12-01,9:42:49.800264461,T,90.99,200,91.06,200,TGT
2025-12-01,9:42:49.800730584,T,90.99,100,91.06,200,TGT
2025-12-01,9:42:49.800740577,T,90.98,100,91.06,200,TGT
2025-12-01,9:42:49.810288398,T,90.98,100,91.1,200,TGT
2025-12-01,9:42:49.998546876,T,90.97,100,91.1,200,TGT
2025-12-01,9:42:49.999834919,T,90.91,100,91.1,200,TGT
2025-12-01,9:42:50.269587712,T,90.97,100,91.1,200,TGT
2025-12-01,9:42:50.369981865,T,90.91,100,91.1,200,TGT
2025-12-01,9:42:51.705293113,T,90.97,100,91.1,200,TGT
2025-12-01,9:42:51.705403835,T,90.99,100,91.1,200,TGT
2025-12-01,9:42:51.705408395,T,91.02,100,91.1,200,TGT
2025-12-01,9:42:51.705653968,T,90.99,100,91.1,200,TGT
2025-12-01,9:42:51.706581181,T,90.99,100,91.08,100,TGT
2025-12-01,9:42:51.706591191,T,90.97,100,91.08,100,TGT
2025-12-01,9:42:51.707142469,T,90.97,100,91.1,200,TGT
2025-12-01,9:42:51.720589457,T,90.91,100,91.1,200,TGT
2025-12-01,9:42:55.272401321,T,90.91,100,91.09,100,TGT
2025-12-01,9:43:11.544277300,T,90.97,100,91.09,100,TGT
2025-12-01,9:43:11.544287303,T,90.99,100,91.09,100,TGT
2025-12-01,9:43:11.825411964,T,90.91,100,91.09,100,TGT
2025-12-01,9:43:11.825812959,T,90.97,100,91.09,100,TGT
2025-12-01,9:43:12.059880623,T,90.91,100,91.09,100,TGT
2025-12-01,9:43:12.061018373,T,90.97,100,91.09,100,TGT
2025-12-01,9:43:12.529183705,T,90.91,100,91.09,100,TGT
2025-12-01,9:43:20.115346894,T,90.97,100,91.09,100,TGT
2025-12-01,9:43:20.115357009,T,91.02,100,91.09,100,TGT
2025-12-01,9:43:20.115402081,T,90.99,100,91.09,100,TGT
2025-12-01,9:43:20.116534750,T,90.99,100,91.1,200,TGT
2025-12-01,9:43:20.116559851,T,91.02,100,91.1,200,TGT
2025-12-01,9:43:20.123586567,T,90.99,100,91.1,200,TGT
2025-12-01,9:43:20.383270225,T,90.97,100,91.1,200,TGT
2025-12-01,9:43:24.566957474,T,90.99,100,91.1,200,TGT
2025-12-01,9:43:24.566962480,T,91.03,100,91.1,200,TGT
2025-12-01,9:43:24.567198083,T,91.03,200,91.1,200,TGT
2025-12-01,9:43:24.567263267,T,91.03,200,91.1,100,TGT
2025-12-01,9:43:24.567283230,T,91.03,200,91.13,100,TGT
2025-12-01,9:43:24.567293296,T,91.03,200,91.16,100,TGT
2025-12-01,9:43:24.567318397,T,91.06,100,91.16,100,TGT
2025-12-01,9:43:24.567548944,T,91.06,200,91.16,100,TGT
2025-12-01,9:43:24.567573967,T,91.06,100,91.16,100,TGT
2025-12-01,9:43:26.279181695,T,91.06,100,91.14,100,TGT
2025-12-01,9:43:26.286985285,T,91.06,100,91.16,100,TGT
2025-12-01,9:43:27.070075873,T,91.06,100,91.16,200,TGT
2025-12-01,9:43:27.070075873,T,91.06,100,91.12,100,TGT
2025-12-01,9:43:27.070346572,T,91.06,100,91.12,200,TGT
2025-12-01,9:43:27.070802591,T,91.06,200,91.12,200,TGT
2025-12-01,9:43:27.082891460,T,91.06,200,91.12,100,TGT
2025-12-01,9:43:27.100558486,T,91.06,200,91.1,100,TGT
2025-12-01,9:43:30.521979987,T,91.06,100,91.1,100,TGT
2025-12-01,9:43:30.628949457,T,90.97,100,91.1,100,TGT
2025-12-01,9:43:31.190712885,T,91.02,100,91.1,100,TGT
2025-12-01,9:43:35.001667387,T,91.02,100,91.13,100,TGT
2025-12-01,9:43:35.001687019,T,91.02,100,91.16,200,TGT
2025-12-01,9:43:35.001727118,T,91.03,100,91.16,200,TGT
2025-12-01,9:43:35.002052951,T,91.04,100,91.16,200,TGT
2025-12-01,9:43:35.002178273,T,91.03,100,91.16,200,TGT
2025-12-01,9:43:35.002293549,T,91.03,100,91.16,100,TGT
2025-12-01,9:43:35.102126397,T,91.02,100,91.16,100,TGT
2025-12-01,9:43:37.291256737,T,91.02,100,91.16,200,TGT
2025-12-01,9:43:37.291266714,T,91.02,100,91.16,100,TGT
2025-12-01,9:43:37.291281729,T,91.02,100,91.12,100,TGT
2025-12-01,9:43:37.491323342,T,91.02,100,91.14,100,TGT
2025-12-01,9:43:38.930757666,T,91.02,100,91.16,100,TGT
2025-12-01,9:43:38.930782780,T,91.03,100,91.16,100,TGT
2025-12-01,9:43:38.930792724,T,91.06,100,91.16,100,TGT
2025-12-01,9:43:38.930852952,T,91.03,100,91.16,100,TGT
2025-12-01,9:43:38.951537231,T,91.02,200,91.16,100,TGT
2025-12-01,9:43:39.030971413,T,91.02,100,91.16,100,TGT
2025-12-01,9:43:45.467586145,T,91.12,100,91.16,100,TGT
2025-12-01,9:43:45.467631651,T,91.12,100,91.16,200,TGT
2025-12-01,9:43:45.468137706,T,91.02,100,91.16,200,TGT
2025-12-01,9:43:46.291198492,T,91.02,100,91.16,100,TGT
2025-12-01,9:43:46.291228407,T,91.02,100,91.13,100,TGT
2025-12-01,9:43:48.262274225,T,90.99,100,91.13,100,TGT
2025-12-01,9:43:51.910465746,T,90.99,100,91.16,100,TGT
2025-12-01,9:43:51.910486439,T,91.08,100,91.16,100,TGT
2025-12-01,9:43:51.917547603,T,91.03,100,91.16,100,TGT
2025-12-01,9:43:51.917552626,T,91.0,100,91.16,100,TGT
2025-12-01,9:43:51.921035881,T,90.99,100,91.16,100,TGT
2025-12-01,9:43:52.785625738,T,91.0,100,91.16,100,TGT
2025-12-01,9:43:52.785675857,T,90.99,100,91.16,100,TGT
2025-12-01,9:43:54.111278961,T,90.97,100,91.16,100,TGT
2025-12-01,9:43:54.284752249,T,91.0,200,91.16,100,TGT
2025-12-01,9:43:59.158859351,T,91.0,200,91.22,100,TGT
2025-12-01,9:43:59.158879434,T,91.11,100,91.22,100,TGT
2025-12-01,9:43:59.159896851,T,91.11,100,91.23,200,TGT
2025-12-01,9:43:59.164502813,T,91.11,100,91.25,100,TGT
2025-12-01,9:43:59.258932736,T,91.0,300,91.25,100,TGT
2025-12-01,9:43:59.359948472,T,91.0,200,91.25,100,TGT
2025-12-01,9:43:59.677760522,T,91.0,200,91.25,200,TGT
2025-12-01,9:43:59.688561311,T,91.0,200,91.22,100,TGT
2025-12-01,9:43:59.688601352,T,91.0,200,91.2,100,TGT
2025-12-01,9:43:59.689493514,T,91.0,300,91.2,100,TGT
2025-12-01,9:43:59.699111459,T,91.0,300,91.22,100,TGT
2025-12-01,9:43:59.699532386,T,91.0,300,91.22,200,TGT
2025-12-01,9:43:59.829306620,T,91.0,300,91.22,100,TGT
2025-12-01,9:43:59.829532148,T,91.0,300,91.25,100,TGT
2025-12-01,9:43:59.830098482,T,91.0,200,91.25,100,TGT
2025-12-01,9:43:59.830108459,T,91.0,200,91.22,100,TGT
2025-12-01,9:43:59.830679851,T,91.0,200,91.22,200,TGT
2025-12-01,9:44:00.562338058,T,91.0,200,91.22,100,TGT
2025-12-01,9:44:02.127386562,T,91.0,200,91.25,100,TGT
2025-12-01,9:44:08.476257160,T,91.0,300,91.25,100,TGT
2025-12-01,9:44:10.144215848,T,91.0,300,91.25,200,TGT
2025-12-01,9:44:10.369672959,T,91.0,300,91.25,100,TGT
2025-12-01,9:44:16.310752150,T,91.0,300,91.25,200,TGT
2025-12-01,9:44:16.310782250,T,91.0,200,91.25,200,TGT
2025-12-01,9:44:16.826916880,T,91.0,200,91.25,100,TGT
2025-12-01,9:44:16.827167482,T,91.0,200,91.25,200,TGT
2025-12-01,9:44:16.933165193,T,91.0,200,91.25,100,TGT
2025-12-01,9:44:18.455652097,T,91.0,200,91.25,200,TGT
2025-12-01,9:44:19.025033628,T,91.0,200,91.25,100,TGT
2025-12-01,9:44:19.025153927,T,91.0,300,91.25,100,TGT
2025-12-01,9:44:19.025153927,T,91.16,100,91.25,100,TGT
2025-12-01,9:44:19.026311696,T,91.0,300,91.25,100,TGT
2025-12-01,9:44:19.032651832,T,91.15,100,91.25,100,TGT
2025-12-01,9:44:19.033383586,T,91.0,300,91.25,100,TGT
2025-12-01,9:44:19.034180516,T,91.06,100,91.25,100,TGT
2025-12-01,9:44:19.035107627,T,91.0,300,91.25,100,TGT
2025-12-01,9:44:19.225160483,T,91.0,200,91.25,100,TGT
2025-12-01,9:44:20.150605095,T,91.0,300,91.25,100,TGT
2025-12-01,9:44:20.150610129,T,91.03,100,91.25,100,TGT
2025-12-01,9:44:20.612415321,T,91.0,200,91.25,100,TGT
2025-12-01,9:44:20.774291054,T,91.03,100,91.25,100,TGT
2025-12-01,9:44:21.472469524,T,91.0,200,91.25,100,TGT
2025-12-01,9:44:21.963790267,T,91.03,100,91.25,100,TGT
2025-12-01,9:44:21.985045602,T,91.1,100,91.25,100,TGT
2025-12-01,9:44:21.985356369,T,91.14,100,91.25,100,TGT
2025-12-01,9:44:21.985366373,T,91.1,100,91.25,100,TGT
2025-12-01,9:44:21.985391458,T,91.15,100,91.25,100,TGT
2025-12-01,9:44:22.087675101,T,91.1,100,91.25,100,TGT
2025-12-01,9:44:22.206272643,T,91.15,100,91.25,100,TGT
2025-12-01,9:44:22.213299393,T,91.1,200,91.25,100,TGT
2025-12-01,9:44:22.351483695,T,91.15,100,91.25,100,TGT
2025-12-01,9:44:22.440671055,T,91.1,200,91.25,100,TGT
2025-12-01,9:44:30.206727920,T,91.1,100,91.25,100,TGT
2025-12-01,9:44:31.058847923,T,91.1,100,91.25,200,TGT
2025-12-01,9:44:31.058918095,T,91.1,100,91.25,100,TGT
2025-12-01,9:44:31.058963543,T,91.1,100,91.25,200,TGT
2025-12-01,9:44:31.059038399,T,91.1,100,91.24,100,TGT
2025-12-01,9:44:31.059053365,T,91.1,100,91.25,200,TGT
2025-12-01,9:44:31.059073495,T,91.1,100,91.24,100,TGT
2025-12-01,9:44:31.059263882,T,91.1,100,91.24,200,TGT
2025-12-01,9:44:31.059659914,T,91.1,100,91.23,100,TGT
2025-12-01,9:44:31.059669940,T,91.1,100,91.22,100,TGT
2025-12-01,9:44:31.059684902,T,91.1,100,91.23,100,TGT
2025-12-01,9:44:31.059689992,T,91.1,100,91.21,100,TGT
2025-12-01,9:44:31.059715036,T,91.1,100,91.18,100,TGT
2025-12-01,9:44:31.060316410,T,91.1,100,91.21,100,TGT
2025-12-01,9:44:31.060632148,T,91.1,100,91.19,100,TGT
2025-12-01,9:44:31.259977116,T,91.1,100,91.21,100,TGT
2025-12-01,9:44:31.260768982,T,91.1,100,91.25,200,TGT
2025-12-01,9:44:34.235926991,T,91.1,100,91.2,100,TGT
2025-12-01,9:44:34.824499333,T,91.1,100,91.18,100,TGT
2025-12-01,9:44:34.928201341,T,91.1,100,91.2,100,TGT
2025-12-01,9:44:35.289913072,T,91.1,100,91.2,200,TGT
2025-12-01,9:44:35.291130995,T,91.1,100,91.2,300,TGT
2025-12-01,9:44:35.610907807,T,91.1,100,91.2,200,TGT
2025-12-01,9:44:36.152743624,T,91.1,100,91.19,100,TGT
2025-12-01,9:44:36.153219815,T,91.1,100,91.19,200,TGT
2025-12-01,9:44:36.153640860,T,91.1,100,91.19,300,TGT
2025-12-01,9:44:36.293468954,T,91.0,200,91.19,300,TGT
2025-12-01,9:44:36.293489019,T,91.0,200,91.14,100,TGT
2025-12-01,9:44:36.293539134,T,91.0,200,91.13,100,TGT
2025-12-01,9:44:36.294255771,T,91.0,200,91.14,200,TGT
2025-12-01,9:44:36.294275824,T,91.0,200,91.14,100,TGT
2025-12-01,9:44:36.294346089,T,90.99,100,91.14,100,TGT
2025-12-01,9:44:36.294556558,T,90.99,100,91.14,200,TGT
2025-12-01,9:44:36.393487235,T,90.99,100,91.14,100,TGT
2025-12-01,9:44:37.296293091,T,90.99,100,91.14,200,TGT
2025-12-01,9:44:37.675080513,T,90.99,100,91.14,100,TGT
2025-12-01,9:44:38.228714553,T,90.99,100,91.13,100,TGT
2025-12-01,9:44:39.198184115,T,90.99,100,91.17,100,TGT
2025-12-01,9:44:39.199271690,T,90.99,100,91.17,200,TGT
2025-12-01,9:44:39.290504106,T,90.97,100,91.17,200,TGT
2025-12-01,9:44:39.290579240,T,90.97,100,91.17,300,TGT
2025-12-01,9:44:39.683465211,T,90.97,100,91.17,200,TGT
2025-12-01,9:44:41.543441545,T,90.97,100,91.16,100,TGT
2025-12-01,9:44:41.543942773,T,90.97,100,91.16,200,TGT
2025-12-01,9:44:41.544363843,T,90.97,100,91.16,300,TGT
2025-12-01,9:44:41.724377686,T,90.97,100,91.16,200,TGT
2025-12-01,9:44:41.724638221,T,90.97,100,91.15,100,TGT
2025-12-01,9:44:41.725695738,T,90.97,100,91.15,200,TGT
2025-12-01,9:44:41.831983998,T,90.97,100,91.15,300,TGT
2025-12-01,9:44:42.949877220,T,90.97,100,91.15,200,TGT
2025-12-01,9:44:45.262321347,T,90.97,100,91.14,100,TGT
2025-12-01,9:44:45.263018007,T,90.97,100,91.14,200,TGT
2025-12-01,9:44:45.263308700,T,90.97,100,91.14,300,TGT
2025-12-01,9:44:45.350451290,T,90.97,100,91.14,400,TGT
2025-12-01,9:44:47.526736098,T,90.97,100,91.14,300,TGT
2025-12-01,9:44:47.527076840,T,90.97,100,91.13,100,TGT
2025-12-01,9:44:47.527357579,T,90.97,100,91.13,200,TGT
2025-12-01,9:44:47.527568013,T,90.97,100,91.13,300,TGT
2025-12-01,9:44:47.528134414,T,90.97,100,91.13,400,TGT
2025-12-01,9:44:47.873737780,T,90.97,100,91.13,300,TGT
2025-12-01,9:44:47.930783594,T,90.97,100,91.13,200,TGT
2025-12-01,9:44:50.683055622,T,90.97,100,91.12,100,TGT
2025-12-01,9:44:50.683847467,T,90.97,100,91.19,100,TGT
2025-12-01,9:44:50.684123203,T,90.97,100,91.13,100,TGT
2025-12-01,9:44:50.726283585,T,90.97,100,91.13,200,TGT
2025-12-01,9:44:51.334552708,T,90.97,100,91.13,100,TGT
2025-12-01,9:44:51.334728162,T,90.97,100,91.13,200,TGT
2025-12-01,9:44:53.257679415,T,90.97,100,91.13,300,TGT
2025-12-01,9:44:58.741072875,T,90.97,100,91.13,200,TGT
2025-12-01,9:45:01.025881321,T,90.97,100,91.12,100,TGT
2025-12-01,9:45:01.025901370,T,90.97,100,91.09,100,TGT
2025-12-01,9:45:01.025956484,T,90.97,100,91.09,200,TGT
2025-12-01,9:45:01.026086762,T,91.01,100,91.09,200,TGT
2025-12-01,9:45:01.026397537,T,90.97,100,91.09,200,TGT
2025-12-01,9:45:01.026953837,T,90.97,100,91.09,100,TGT
2025-12-01,9:45:01.026958837,T,91.01,100,91.09,100,TGT
2025-12-01,9:45:01.026983906,T,91.03,100,91.09,100,TGT
2025-12-01,9:45:01.026998984,T,91.04,100,91.09,100,TGT
2025-12-01,9:45:01.027249548,T,91.04,100,91.07,100,TGT
2025-12-01,9:45:01.027274661,T,91.04,100,91.09,100,TGT
2025-12-01,9:45:01.027625443,T,91.04,100,91.07,200,TGT
2025-12-01,9:45:01.027800853,T,91.04,100,91.07,100,TGT
2025-12-01,9:45:01.027820920,T,91.04,100,91.09,100,TGT
2025-12-01,9:45:01.027825932,T,91.04,100,91.07,100,TGT
2025-12-01,9:45:01.027830967,T,91.04,100,91.09,100,TGT
2025-12-01,9:45:01.027861066,T,91.04,100,91.07,100,TGT
2025-12-01,9:45:01.027871104,T,91.04,100,91.09,100,TGT
2025-12-01,9:45:01.027961264,T,91.04,100,91.08,100,TGT
2025-12-01,9:45:01.028081575,T,91.03,100,91.08,100,TGT
2025-12-01,9:45:01.028492529,T,91.03,100,91.08,200,TGT
2025-12-01,9:45:01.030517445,T,91.03,100,91.08,100,TGT
2025-12-01,9:45:01.030517445,T,91.03,100,91.09,100,TGT
2025-12-01,9:45:01.030537447,T,91.06,100,91.09,100,TGT
2025-12-01,9:45:01.030537447,T,91.07,100,91.09,100,TGT
2025-12-01,9:45:01.031619975,T,91.06,100,91.09,100,TGT
2025-12-01,9:45:01.037378893,T,91.03,100,91.09,100,TGT
2025-12-01,9:45:01.037383661,T,91.03,100,91.19,100,TGT
2025-12-01,9:45:01.047332440,T,91.03,100,91.19,200,TGT
2025-12-01,9:45:01.050755571,T,91.01,100,91.19,200,TGT
2025-12-01,9:45:01.222294324,T,91.01,100,91.19,100,TGT
2025-12-01,9:45:01.222519847,T,90.97,100,91.19,100,TGT
2025-12-01,9:45:01.233505950,T,91.02,100,91.19,100,TGT
2025-12-01,9:45:01.353802638,T,90.97,100,91.19,100,TGT
2025-12-01,9:45:01.393141295,T,90.99,100,91.19,100,TGT
2025-12-01,9:45:01.577726058,T,90.97,100,91.19,100,TGT
2025-12-01,9:45:01.580783345,T,91.02,100,91.19,100,TGT
2025-12-01,9:45:03.179707577,T,90.97,100,91.19,100,TGT
2025-12-01,9:45:03.179762671,T,91.01,100,91.19,100,TGT
2025-12-01,9:45:03.366647927,T,90.97,100,91.19,100,TGT
2025-12-01,9:45:03.366647927,T,90.97,100,91.12,100,TGT
2025-12-01,9:45:03.366678168,T,90.86,200,91.12,100,TGT
2025-12-01,9:45:03.410196729,T,90.86,200,91.12,200,TGT
2025-12-01,9:45:03.411349419,T,90.86,200,91.12,300,TGT
2025-12-01,9:45:03.573896664,T,90.86,200,91.12,200,TGT
2025-12-01,9:45:03.575024342,T,90.86,200,91.11,100,TGT
2025-12-01,9:45:03.761969729,T,90.86,200,91.12,100,TGT
2025-12-01,9:45:03.761974743,T,90.86,200,91.11,100,TGT
2025-12-01,9:45:04.132652795,T,90.86,200,91.09,100,TGT
2025-12-01,9:45:04.133063717,T,90.86,200,91.12,100,TGT
2025-12-01,9:45:04.133269316,T,90.86,200,91.09,100,TGT
2025-12-01,9:45:04.584965426,T,90.86,200,91.12,100,TGT
2025-12-01,9:45:04.585000479,T,90.86,200,91.12,200,TGT
2025-12-01,9:45:04.585386394,T,90.86,200,91.12,300,TGT
2025-12-01,9:45:04.726262132,T,90.86,200,91.12,200,TGT
2025-12-01,9:45:04.726482561,T,90.86,200,91.12,100,TGT
2025-12-01,9:45:09.743053892,T,90.86,100,91.12,100,TGT
2025-12-01,9:45:09.743053892,T,90.86,100,91.08,100,TGT
2025-12-01,9:45:09.743134069,T,90.86,100,91.07,100,TGT
2025-12-01,9:45:09.743139103,T,90.86,100,91.05,100,TGT
2025-12-01,9:45:15.881162336,T,90.86,100,91.05,200,TGT
2025-12-01,9:45:18.778730528,T,90.86,100,91.04,100,TGT
2025-12-01,9:45:18.778760711,T,90.86,100,91.04,200,TGT
2025-12-01,9:45:18.778765637,T,90.86,100,91.03,100,TGT
2025-12-01,9:45:18.778790668,T,90.86,100,91.02,100,TGT
2025-12-01,9:45:18.778935957,T,90.86,100,91.03,100,TGT
2025-12-01,9:45:18.779171519,T,90.86,100,91.02,100,TGT
2025-12-01,9:45:18.779246691,T,90.92,100,91.02,100,TGT
2025-12-01,9:45:18.780324363,T,90.86,200,91.02,100,TGT
2025-12-01,9:45:18.783917859,T,90.86,200,91.03,100,TGT
2025-12-01,9:45:18.793590887,T,90.86,400,91.03,100,TGT
2025-12-01,9:45:26.555292564,T,90.92,100,91.03,100,TGT
2025-12-01,9:45:26.555292564,T,90.86,300,91.03,100,TGT
2025-12-01,9:45:26.555302527,T,90.86,300,91.04,100,TGT
2025-12-01,9:45:26.555302527,T,90.92,100,91.04,100,TGT
2025-12-01,9:45:26.555312569,T,90.93,100,91.04,100,TGT
2025-12-01,9:45:26.555317626,T,90.93,100,91.04,200,TGT
2025-12-01,9:45:26.555317626,T,90.97,100,91.04,200,TGT
2025-12-01,9:45:26.555327662,T,90.97,100,91.04,100,TGT
2025-12-01,9:45:26.556555784,T,90.93,100,91.04,100,TGT
2025-12-01,9:45:26.556575548,T,90.86,300,91.04,100,TGT
2025-12-01,9:45:26.556580602,T,90.86,300,91.02,100,TGT
2025-12-01,9:45:26.557146909,T,90.86,300,91.02,300,TGT
2025-12-01,9:45:26.557658159,T,90.86,300,91.02,200,TGT
2025-12-01,9:45:26.581134132,T,90.86,300,91.01,100,TGT
2025-12-01,9:45:26.581179176,T,90.86,300,91.01,300,TGT
2025-12-01,9:45:26.745295214,T,90.86,300,91.01,400,TGT
2025-12-01,9:45:26.745310615,T,90.86,300,91.01,200,TGT
2025-12-01,9:45:26.745315278,T,90.86,300,91.01,100,TGT
2025-12-01,9:45:26.745350835,T,90.92,100,91.01,100,TGT
2025-12-01,9:45:26.745370357,T,90.86,500,91.01,100,TGT
2025-12-01,9:45:26.745370357,T,90.86,400,91.01,100,TGT
2025-12-01,9:45:26.745375416,T,90.87,100,91.01,100,TGT
2025-12-01,9:45:26.745400461,T,90.92,100,91.01,100,TGT
2025-12-01,9:45:26.745490725,T,90.88,100,91.01,100,TGT
2025-12-01,9:45:26.745515760,T,90.93,100,91.01,100,TGT
2025-12-01,9:45:31.787467819,T,90.94,100,91.01,100,TGT
2025-12-01,9:45:31.787508125,T,90.94,200,91.01,100,TGT
2025-12-01,9:45:31.788139418,T,90.94,200,91.05,100,TGT
2025-12-01,9:45:31.916700748,T,90.94,100,91.05,100,TGT
2025-12-01,9:45:33.640036607,T,90.95,100,91.05,100,TGT
2025-12-01,9:45:33.640081718,T,90.95,200,91.05,100,TGT
2025-12-01,9:45:34.357806663,T,90.95,100,91.05,100,TGT
2025-12-01,9:45:39.548297449,T,90.95,100,91.07,100,TGT
2025-12-01,9:45:39.548297449,T,90.96,100,91.07,100,TGT
2025-12-01,9:45:39.548347655,T,90.96,200,91.07,100,TGT
2025-12-01,9:45:39.548964099,T,90.96,200,91.07,200,TGT
2025-12-01,9:45:39.549139445,T,90.96,200,91.07,100,TGT
2025-12-01,9:45:40.006895033,T,90.96,100,91.07,100,TGT
2025-12-01,9:45:42.786141397,T,90.97,100,91.07,100,TGT
2025-12-01,9:45:42.786186517,T,90.97,200,91.07,100,TGT
2025-12-01,9:45:42.788030856,T,90.97,200,91.08,100,TGT
2025-12-01,9:45:43.142725903,T,90.97,200,91.12,300,TGT
2025-12-01,9:45:43.143567931,T,90.97,200,91.12,400,TGT
2025-12-01,9:45:43.143592958,T,90.97,100,91.12,400,TGT
2025-12-01,9:45:43.143798476,T,90.97,100,91.12,500,TGT
2025-12-01,9:45:43.148835430,T,90.97,100,91.12,300,TGT
2025-12-01,9:45:43.372653698,T,90.97,100,91.12,200,TGT
2025-12-01,9:45:46.590615096,T,91.0,100,91.12,200,TGT
2025-12-01,9:45:46.590655216,T,91.0,200,91.12,200,TGT
2025-12-01,9:45:47.313462249,T,91.0,100,91.12,200,TGT
2025-12-01,9:45:47.313497304,T,91.0,100,91.12,100,TGT
2025-12-01,9:45:49.014214059,T,91.01,100,91.12,100,TGT
2025-12-01,9:45:49.014259246,T,91.01,200,91.12,100,TGT
2025-12-01,9:45:49.015998391,T,91.01,100,91.12,100,TGT
2025-12-01,9:46:00.858075995,T,91.02,100,91.12,100,TGT
2025-12-01,9:46:00.858121110,T,91.02,200,91.12,100,TGT
2025-12-01,9:46:00.858637303,T,91.02,100,91.12,100,TGT
2025-12-01,9:46:02.100761686,T,90.86,200,91.12,100,TGT
2025-12-01,9:46:02.100781852,T,90.86,200,91.06,100,TGT
2025-12-01,9:46:02.100826770,T,90.86,200,91.06,200,TGT
2025-12-01,9:46:02.100871922,T,90.86,200,91.05,100,TGT
2025-12-01,9:46:02.101247831,T,90.86,200,91.03,100,TGT
2025-12-01,9:46:02.101693929,T,90.86,200,91.05,100,TGT
2025-12-01,9:46:02.102164966,T,90.86,200,91.03,100,TGT
2025-12-01,9:46:02.102205074,T,90.91,300,91.03,100,TGT
2025-12-01,9:46:02.102215108,T,90.92,100,91.03,100,TGT
2025-12-01,9:46:02.102270218,T,90.92,500,91.03,100,TGT
2025-12-01,9:46:02.102490761,T,90.92,500,91.05,100,TGT
2025-12-01,9:46:02.102626056,T,90.92,400,91.05,100,TGT
2025-12-01,9:46:02.103478092,T,90.93,100,91.05,100,TGT
2025-12-01,9:46:02.103523203,T,90.93,500,91.05,100,TGT
2025-12-01,9:46:02.103813841,T,90.93,400,91.05,100,TGT
2025-12-01,9:46:02.104244958,T,90.93,400,91.03,100,TGT
2025-12-01,9:46:02.105051803,T,90.93,400,91.05,100,TGT
2025-12-01,9:46:02.105482907,T,90.93,400,91.03,100,TGT
2025-12-01,9:46:02.105918865,T,90.93,400,91.05,100,TGT
2025-12-01,9:46:02.106675742,T,90.93,400,91.03,100,TGT
2025-12-01,9:46:02.110880738,T,90.93,400,91.03,200,TGT
2025-12-01,9:46:02.111817936,T,90.93,400,91.03,300,TGT
2025-12-01,9:46:02.112725118,T,90.93,400,91.03,200,TGT
2025-12-01,9:46:03.916387087,T,90.93,400,91.03,100,TGT
2025-12-01,9:46:03.916838172,T,90.93,400,91.05,100,TGT
2025-12-01,9:46:03.917093735,T,90.94,100,91.05,100,TGT
2025-12-01,9:46:03.917138883,T,90.94,500,91.05,100,TGT
2025-12-01,9:46:03.917960827,T,90.94,400,91.05,100,TGT
2025-12-01,9:46:03.918321699,T,90.94,400,91.09,100,TGT
2025-12-01,9:46:03.918361808,T,90.94,400,91.09,200,TGT
2025-12-01,9:46:03.919319108,T,90.94,400,91.09,300,TGT
2025-12-01,9:46:03.956653017,T,90.94,400,91.09,200,TGT
2025-12-01,9:46:03.956733233,T,90.94,400,91.09,300,TGT
2025-12-01,9:46:04.190289644,T,91.0,100,91.09,300,TGT
2025-12-01,9:46:04.190324719,T,91.0,100,91.09,200,TGT
2025-12-01,9:46:04.190334750,T,91.0,500,91.09,200,TGT
2025-12-01,9:46:04.192239180,T,91.0,500,91.09,100,TGT
