DATE,TIME_M,EX,SYM_ROOT,TR_SCOND,SIZE,PRICE
2025-11-03,9:30:01.490386584,T,IBM,,80,307.865
2025-11-03,9:30:01.490386584,T,IBM,Q,80,307.865
2025-11-03,9:30:02.263485249,T,IBM,F I,2,307.75
2025-11-03,9:30:02.263488121,T,IBM,F I,13,307.75
2025-11-03,9:30:02.264080645,T,IBM,F,40,307.72
2025-11-03,9:30:02.264152799,T,IBM,F,194,307.72
2025-11-03,9:30:02.264333068,T,IBM,F I,16,307.7
2025-11-03,9:30:02.522513252,T,IBM,I,5,307.73
2025-11-03,9:30:02.522513252,T,IBM,I,5,307.73
2025-11-03,9:30:02.522515659,T,IBM,I,5,307.73
2025-11-03,9:30:02.522569831,T,IBM,I,12,307.73
2025-11-03,9:30:02.523823846,T,IBM,I,9,307.73
2025-11-03,9:30:02.544404911,T,IBM,I,4,307.68
2025-11-03,9:30:02.544407772,T,IBM,I,5,307.68
2025-11-03,9:30:02.544410767,T,IBM,I,21,307.61
2025-11-03,9:30:02.544425894,T,IBM,I,1,307.61
2025-11-03,9:30:03.090264193,T,IBM,I,5,307.75
2025-11-03,9:30:04.362018652,T,IBM,I,5,307.85
2025-11-03,9:30:04.362018652,T,IBM,I,5,307.91
2025-11-03,9:30:04.864996067,T,IBM,I,10,307.825
2025-11-03,9:30:08.103797032,T,IBM,F I,3,307.7
2025-11-03,9:30:08.103799368,T,IBM,F I,26,307.66
2025-11-03,9:30:08.104057987,T,IBM,F I,29,307.65
2025-11-03,9:30:08.104133241,T,IBM,F,40,307.65
2025-11-03,9:30:08.104136071,T,IBM,F,40,307.65
2025-11-03,9:30:11.389772804,T,IBM,I,22,307.61
2025-11-03,9:30:11.389791159,T,IBM,I,1,307.61
2025-11-03,9:30:11.389836045,T,IBM,I,5,307.61
2025-11-03,9:30:11.389887117,T,IBM,I,5,307.61
2025-11-03,9:30:11.389893219,T,IBM,F I,5,307.61
2025-11-03,9:30:11.389941267,T,IBM,I,5,307.61
2025-11-03,9:30:11.390251034,T,IBM,I,5,307.58
2025-11-03,9:30:11.390485739,T,IBM,F,40,307.56
2025-11-03,9:30:11.390485739,T,IBM,,40,307.56
2025-11-03,9:30:11.390488599,T,IBM,I,20,307.56
2025-11-03,9:30:11.390936643,T,IBM,,40,307.51
2025-11-03,9:30:11.390957653,T,IBM,,40,307.51
2025-11-03,9:30:11.392870224,T,IBM,I,14,307.45
2025-11-03,9:30:11.393144725,T,IBM,I,6,307.43
2025-11-03,9:30:11.411755222,T,IBM,I,12,307.43
2025-11-03,9:30:11.411758139,T,IBM,I,5,307.44
2025-11-03,9:30:11.411761217,T,IBM,,60,307.62
2025-11-03,9:30:11.412792674,T,IBM,I,5,307.68
2025-11-03,9:30:11.412958002,T,IBM,,100,307.68
2025-11-03,9:30:11.412985055,T,IBM,F,150,307.68
2025-11-03,9:30:12.275465375,T,IBM,I,8,307.68
2025-11-03,9:30:14.580639029,T,IBM,I,13,308.19
2025-11-03,9:30:14.580645332,T,IBM,F I,13,308.19
2025-11-03,9:30:14.580645332,T,IBM,I,13,308.19
2025-11-03,9:30:14.580648013,T,IBM,F I,13,308.19
2025-11-03,9:30:14.591997074,T,IBM,F,150,308.09
2025-11-03,9:30:14.592045154,T,IBM,F I,25,308.06
2025-11-03,9:30:14.592144368,T,IBM,F I,5,308.03
2025-11-03,9:30:14.592144368,T,IBM,F I,5,308.02
2025-11-03,9:30:14.682659918,T,IBM,,100,307.9
2025-11-03,9:30:14.745127613,T,IBM,I,2,307.63
2025-11-03,9:30:20.221076527,T,IBM,,230,307.78
2025-11-03,9:30:22.977997610,T,IBM,F I,9,307.97
2025-11-03,9:30:26.018073053,T,IBM,I,25,308.15
2025-11-03,9:30:26.018073053,T,IBM,I,20,308.2
2025-11-03,9:30:26.018076352,T,IBM,,80,308.2
2025-11-03,9:30:26.018079592,T,IBM,,60,308.2
2025-11-03,9:30:26.018082069,T,IBM,I,13,308.21
2025-11-03,9:30:26.018082069,T,IBM,I,22,308.21
2025-11-03,9:30:26.018096902,T,IBM,F I,30,308.05
2025-11-03,9:30:26.018099974,T,IBM,F,58,308.21
2025-11-03,9:30:26.018102903,T,IBM,F,100,308.21
2025-11-03,9:30:26.018105879,T,IBM,F I,27,308.21
2025-11-03,9:30:26.018150984,T,IBM,,100,308.21
2025-11-03,9:30:26.018665270,T,IBM,F,200,308.21
2025-11-03,9:30:26.018680238,T,IBM,,40,308.21
2025-11-03,9:30:26.019014057,T,IBM,I,18,308.41
2025-11-03,9:30:26.019014057,T,IBM,I,8,308.41
2025-11-03,9:30:26.021233343,T,IBM,I,8,308.29
2025-11-03,9:30:26.021483264,T,IBM,,40,308.37
2025-11-03,9:30:26.021483264,T,IBM,,100,308.39
2025-11-03,9:30:26.021485988,T,IBM,I,28,308.41
2025-11-03,9:30:26.038368186,T,IBM,I,2,308.19
2025-11-03,9:30:26.038434345,T,IBM,F I,3,308.17
2025-11-03,9:30:28.708129553,T,IBM,,100,307.93
2025-11-03,9:30:28.708132640,T,IBM,I,7,307.8
2025-11-03,9:31:06.351812137,T,IBM,F I,5,307.96
2025-11-03,9:31:06.351851764,T,IBM,F I,20,308.02
2025-11-03,9:31:06.351851764,T,IBM,F,100,308.02
2025-11-03,9:31:06.351857213,T,IBM,F,52,308.02
2025-11-03,9:31:06.351872248,T,IBM,F I,28,308.02
2025-11-03,9:31:06.351881265,T,IBM,,132,308.03
2025-11-03,9:31:06.351884303,T,IBM,,40,308.03
2025-11-03,9:31:12.144787675,T,IBM,F,150,307.97
2025-11-03,9:31:12.144829729,T,IBM,F,100,307.97
2025-11-03,9:31:12.721813281,T,IBM,F,100,307.97
2025-11-03,9:31:22.215708515,T,IBM,F,100,308.16
2025-11-03,9:31:23.883908731,T,IBM,I,32,308.0
2025-11-03,9:31:26.710370278,T,IBM,F I,5,307.92
2025-11-03,9:31:26.710373292,T,IBM,F,145,307.91
2025-11-03,9:31:26.710418382,T,IBM,F,150,307.91
2025-11-03,9:31:31.321315948,T,IBM,F I,5,307.78
2025-11-03,9:31:42.317067232,T,IBM,F I,5,307.96
2025-11-03,9:31:56.019859718,T,IBM,F I,4,307.83
2025-11-03,9:32:04.774658157,T,IBM,,100,307.88
2025-11-03,9:32:04.774664167,T,IBM,I,25,307.89
2025-11-03,9:32:21.622165802,T,IBM,F I,5,307.96
2025-11-03,9:32:33.687310980,T,IBM,I,1,307.81
2025-11-03,9:32:33.687314982,T,IBM,I,25,307.81
2025-11-03,9:32:33.687314982,T,IBM,I,20,307.81
2025-11-03,9:32:33.688384403,T,IBM,I,9,307.7
2025-11-03,9:32:33.689999290,T,IBM,F I,9,307.7
2025-11-03,9:32:33.690348124,T,IBM,I,8,307.6
2025-11-03,9:32:33.690384182,T,IBM,I,5,307.61
2025-11-03,9:32:33.690483443,T,IBM,I,12,307.66
2025-11-03,9:32:33.690513598,T,IBM,I,8,307.7
2025-11-03,9:32:33.690513598,T,IBM,,100,307.7
2025-11-03,9:32:33.691030662,T,IBM,I,18,307.64
2025-11-03,9:32:33.691975921,T,IBM,I,9,307.58
2025-11-03,9:32:33.691977962,T,IBM,F I,5,307.67
2025-11-03,9:32:33.747824197,T,IBM,F I,1,307.69
2025-11-03,9:32:33.748452464,T,IBM,F,46,307.81
2025-11-03,9:32:33.748810234,T,IBM,,80,307.98
2025-11-03,9:32:33.764922655,T,IBM,F I,25,308.0
2025-11-03,9:32:33.948031497,T,IBM,F,62,307.97
2025-11-03,9:32:35.273154078,T,IBM,,100,307.83
2025-11-03,9:32:37.405785978,T,IBM,I,1,307.825
2025-11-03,9:33:08.550369907,T,IBM,F,100,307.9
2025-11-03,9:33:09.873700164,T,IBM,I,4,307.99
2025-11-03,9:33:09.873763389,T,IBM,I,4,307.99
2025-11-03,9:33:09.873769421,T,IBM,F I,4,307.99
2025-11-03,9:33:09.873778728,T,IBM,F I,4,307.99
2025-11-03,9:33:09.873781451,T,IBM,I,4,307.99
2025-11-03,9:33:09.873820506,T,IBM,F I,4,307.99
2025-11-03,9:33:09.873838599,T,IBM,F I,4,307.99
2025-11-03,9:33:09.873886712,T,IBM,F,72,307.99
2025-11-03,9:33:09.873886712,T,IBM,F I,4,308.0
2025-11-03,9:33:09.873889650,T,IBM,F,168,308.01
2025-11-03,9:33:09.873907732,T,IBM,F I,32,308.01
2025-11-03,9:33:13.943324263,T,IBM,,150,308.005
2025-11-03,9:33:13.943369431,T,IBM,,100,308.005
2025-11-03,9:33:20.172930708,T,IBM,F I,20,308.1
2025-11-03,9:33:20.172930708,T,IBM,F,57,308.1
2025-11-03,9:33:20.172957456,T,IBM,,43,308.1
2025-11-03,9:33:20.172957456,T,IBM,,48,308.11
2025-11-03,9:33:20.172963424,T,IBM,,52,308.11
2025-11-03,9:33:20.173555875,T,IBM,F,100,308.21
2025-11-03,9:33:20.173555875,T,IBM,F I,3,308.22
2025-11-03,9:33:20.173558874,T,IBM,F,40,308.22
2025-11-03,9:33:20.363310523,T,IBM,I,30,308.21
2025-11-03,9:33:23.085959122,T,IBM,I,12,308.1
2025-11-03,9:33:44.326047862,T,IBM,,40,308.22
2025-11-03,9:33:46.123390467,T,IBM,F I,10,308.22
2025-11-03,9:33:46.123393415,T,IBM,F,50,308.22
2025-11-03,9:33:49.818593379,T,IBM,F,40,308.44
2025-11-03,9:33:49.818593379,T,IBM,F,100,308.44
2025-11-03,9:33:49.818593379,T,IBM,F I,5,308.45
2025-11-03,9:33:49.818656317,T,IBM,I,1,308.46
2025-11-03,9:33:49.818656317,T,IBM,,126,308.46
2025-11-03,9:33:49.818759376,T,IBM,F,40,308.47
2025-11-03,9:33:49.818761557,T,IBM,F,40,308.51
2025-11-03,9:33:49.818764522,T,IBM,F,40,308.54
2025-11-03,9:33:49.819362960,T,IBM,F,40,308.56
2025-11-03,9:33:49.824042112,T,IBM,,54,308.61
2025-11-03,9:33:49.824526261,T,IBM,I,7,308.61
2025-11-03,9:33:49.824526261,T,IBM,I,1,308.61
2025-11-03,9:33:49.839026771,T,IBM,,100,308.495
2025-11-03,9:33:50.033698195,T,IBM,I,13,308.39
2025-11-03,9:34:04.910040401,T,IBM,,40,308.54
2025-11-03,9:34:04.910193793,T,IBM,,40,308.565
2025-11-03,9:34:06.299477232,T,IBM,,40,308.56
2025-11-03,9:34:08.703550254,T,IBM,F,40,308.56
2025-11-03,9:34:08.703553645,T,IBM,,60,308.73
2025-11-03,9:34:08.703553645,T,IBM,I,20,308.73
2025-11-03,9:34:08.703556319,T,IBM,I,32,308.73
2025-11-03,9:34:09.025063639,T,IBM,I,3,308.57
2025-11-03,9:34:09.025081746,T,IBM,,43,308.57
2025-11-03,9:34:09.025099704,T,IBM,F I,20,308.565
2025-11-03,9:34:09.025102792,T,IBM,F I,20,308.565
2025-11-03,9:34:09.025117836,T,IBM,,68,308.73
2025-11-03,9:34:09.025117836,T,IBM,,80,308.73
2025-11-03,9:34:09.025121471,T,IBM,I,20,308.73
2025-11-03,9:34:09.025121471,T,IBM,I,19,308.74
2025-11-03,9:34:09.025123995,T,IBM,I,5,308.74
2025-11-03,9:34:09.025139636,T,IBM,F,45,308.63
2025-11-03,9:34:09.025139636,T,IBM,F I,30,308.7
2025-11-03,9:34:09.025141996,T,IBM,F,60,308.73
2025-11-03,9:34:09.025144872,T,IBM,F I,38,308.74
2025-11-03,9:34:09.025156844,T,IBM,F I,5,308.58
2025-11-03,9:34:09.025364974,T,IBM,,45,308.71
2025-11-03,9:34:09.025367843,T,IBM,I,10,308.74
2025-11-03,9:34:09.025370431,T,IBM,,40,308.74
2025-11-03,9:34:09.025370431,T,IBM,I,35,308.74
2025-11-03,9:34:09.025613949,T,IBM,I,2,308.68
2025-11-03,9:34:09.025857591,T,IBM,,45,308.73
2025-11-03,9:34:09.025857591,T,IBM,,40,308.74
2025-11-03,9:34:09.025986806,T,IBM,I,5,308.73
2025-11-03,9:34:09.025989852,T,IBM,I,5,308.74
2025-11-03,9:34:09.025989852,T,IBM,I,35,308.74
2025-11-03,9:34:09.026071066,T,IBM,I,5,308.63
2025-11-03,9:34:09.026101074,T,IBM,,46,308.54
2025-11-03,9:34:09.026125285,T,IBM,I,5,308.68
2025-11-03,9:34:09.026128215,T,IBM,I,15,308.68
2025-11-03,9:34:09.026128215,T,IBM,I,21,308.68
2025-11-03,9:34:09.026281496,T,IBM,I,5,308.63
2025-11-03,9:34:09.026317587,T,IBM,I,7,308.54
2025-11-03,9:34:09.026338738,T,IBM,I,33,308.53
2025-11-03,9:34:09.026399028,T,IBM,I,5,308.63
2025-11-03,9:34:09.026651486,T,IBM,,40,308.53
2025-11-03,9:34:09.026919083,T,IBM,I,5,308.73
2025-11-03,9:34:09.027908965,T,IBM,I,5,308.7
2025-11-03,9:34:09.027971626,T,IBM,I,5,308.7
2025-11-03,9:34:09.028377595,T,IBM,I,10,308.56
2025-11-03,9:34:09.028981938,T,IBM,I,10,308.54
2025-11-03,9:34:09.029255610,T,IBM,I,13,308.73
2025-11-03,9:34:11.054375606,T,IBM,I,30,308.595
2025-11-03,9:34:12.926527384,T,IBM,I,7,308.67
2025-11-03,9:34:12.926647641,T,IBM,I,2,308.68
2025-11-03,9:34:15.976186624,T,IBM,I,10,308.75
2025-11-03,9:34:15.976189276,T,IBM,I,15,308.75
2025-11-03,9:34:15.976956107,T,IBM,I,25,308.77
2025-11-03,9:34:15.977046269,T,IBM,I,25,308.77
2025-11-03,9:34:15.977112461,T,IBM,I,25,308.77
2025-11-03,9:34:15.977175550,T,IBM,F I,25,308.77
2025-11-03,9:34:15.977181632,T,IBM,I,25,308.78
2025-11-03,9:34:15.977223702,T,IBM,I,4,308.75
2025-11-03,9:34:15.977253841,T,IBM,,95,308.8
2025-11-03,9:34:15.977518527,T,IBM,F I,2,308.76
2025-11-03,9:34:15.977743938,T,IBM,I,10,308.7
2025-11-03,9:34:15.977743938,T,IBM,I,4,308.69
2025-11-03,9:34:15.977771012,T,IBM,I,3,308.69
2025-11-03,9:34:16.038040519,T,IBM,F I,4,308.75
2025-11-03,9:34:17.078445242,T,IBM,F I,1,308.81
2025-11-03,9:34:17.078463264,T,IBM,F I,1,308.84
2025-11-03,9:34:17.078914332,T,IBM,F I,5,308.89
2025-11-03,9:34:17.078935358,T,IBM,,40,308.81
2025-11-03,9:34:17.093228399,T,IBM,F I,5,308.9
2025-11-03,9:34:23.292242937,T,IBM,F I,25,308.95
2025-11-03,9:34:23.292242937,T,IBM,F I,20,308.99
2025-11-03,9:34:23.292245647,T,IBM,F I,25,308.99
2025-11-03,9:34:23.292287774,T,IBM,F I,15,309.0
2025-11-03,9:34:23.292290937,T,IBM,F,52,309.0
2025-11-03,9:34:23.292294275,T,IBM,F I,3,309.0
2025-11-03,9:34:23.292296853,T,IBM,F,70,309.0
2025-11-03,9:34:23.292296853,T,IBM,F I,30,309.0
2025-11-03,9:34:23.292889370,T,IBM,I,25,309.0
2025-11-03,9:34:23.292889370,T,IBM,I,15,308.995
2025-11-03,9:34:26.646344249,T,IBM,F I,25,309.15
2025-11-03,9:34:26.646344249,T,IBM,F I,25,309.14
2025-11-03,9:34:35.165979610,T,IBM,F,60,308.84
2025-11-03,9:34:35.165979610,T,IBM,F,40,308.82
2025-11-03,9:34:35.165997856,T,IBM,I,1,308.82
2025-11-03,9:34:35.166006281,T,IBM,I,5,308.82
2025-11-03,9:34:35.166006281,T,IBM,I,27,308.82
2025-11-03,9:34:35.166042534,T,IBM,F I,2,308.82
2025-11-03,9:34:35.166042534,T,IBM,F I,9,308.82
2025-11-03,9:34:35.166045978,T,IBM,F I,8,308.82
2025-11-03,9:34:35.166929452,T,IBM,I,30,308.74
2025-11-03,9:34:35.166947622,T,IBM,I,15,308.74
2025-11-03,9:34:35.166947622,T,IBM,I,18,308.77
2025-11-03,9:34:35.166959525,T,IBM,I,12,308.77
2025-11-03,9:34:43.416077390,T,IBM,F,100,308.845
2025-11-03,9:34:46.459559744,T,IBM,F I,5,308.73
2025-11-03,9:34:46.460113219,T,IBM,F I,3,308.6
2025-11-03,9:34:46.460116113,T,IBM,F I,2,308.6
2025-11-03,9:34:46.460119220,T,IBM,F I,33,308.6
2025-11-03,9:34:46.460119220,T,IBM,F I,5,308.6
2025-11-03,9:34:46.460122068,T,IBM,F I,15,308.58
2025-11-03,9:34:46.460173223,T,IBM,I,25,308.66
2025-11-03,9:34:46.460173223,T,IBM,I,8,308.66
2025-11-03,9:34:46.460254359,T,IBM,F I,25,308.58
2025-11-03,9:34:46.460281385,T,IBM,,40,308.66
2025-11-03,9:34:46.460296661,T,IBM,I,30,308.66
2025-11-03,9:34:46.460305449,T,IBM,,100,308.66
2025-11-03,9:34:46.460461965,T,IBM,,40,308.62
2025-11-03,9:34:46.460642237,T,IBM,F I,13,308.63
2025-11-03,9:34:46.460645659,T,IBM,F I,3,308.6
2025-11-03,9:34:46.460645659,T,IBM,F I,2,308.6
2025-11-03,9:34:46.460648324,T,IBM,F,73,308.6
2025-11-03,9:34:46.460651301,T,IBM,F I,5,308.6
2025-11-03,9:34:46.460661151,T,IBM,F,95,308.6
2025-11-03,9:34:46.460678935,T,IBM,I,1,308.62
2025-11-03,9:34:46.460681377,T,IBM,I,2,308.62
2025-11-03,9:34:46.460688166,T,IBM,F I,8,308.6
2025-11-03,9:34:46.460696413,T,IBM,F I,19,308.6
2025-11-03,9:34:46.460738450,T,IBM,I,11,308.67
2025-11-03,9:34:46.460741486,T,IBM,I,1,308.71
2025-11-03,9:34:46.460786577,T,IBM,I,25,308.66
2025-11-03,9:34:46.461021457,T,IBM,I,12,308.6
2025-11-03,9:34:46.461024303,T,IBM,I,11,308.6
2025-11-03,9:34:46.461048185,T,IBM,I,22,308.6
2025-11-03,9:34:46.461051261,T,IBM,,120,308.72
2025-11-03,9:34:46.461415166,T,IBM,I,23,308.61
2025-11-03,9:34:46.461460235,T,IBM,I,36,308.61
2025-11-03,9:34:46.461466239,T,IBM,I,8,308.76
2025-11-03,9:34:46.461493284,T,IBM,I,36,308.6
2025-11-03,9:34:46.461971436,T,IBM,,122,308.6
2025-11-03,9:34:46.477076387,T,IBM,,40,308.66
2025-11-03,9:34:46.590743985,T,IBM,I,1,308.63
2025-11-03,9:34:46.591471741,T,IBM,I,3,308.63
2025-11-03,9:34:46.591580400,T,IBM,,200,308.63
2025-11-03,9:34:46.591601093,T,IBM,I,1,308.67
2025-11-03,9:34:46.591637087,T,IBM,F I,8,308.68
2025-11-03,9:34:46.599224607,T,IBM,I,13,308.7
2025-11-03,9:34:46.599227193,T,IBM,I,27,308.67
2025-11-03,9:35:00.098558628,T,IBM,I,23,308.64
2025-11-03,9:35:00.134933114,T,IBM,F,100,308.44
2025-11-03,9:35:01.118112271,T,IBM,,40,308.33
2025-11-03,9:35:01.118142217,T,IBM,F,40,308.32
2025-11-03,9:35:22.070617052,T,IBM,I,25,308.39
2025-11-03,9:35:22.070617052,T,IBM,,40,308.39
2025-11-03,9:35:22.070622933,T,IBM,I,25,308.4
2025-11-03,9:35:22.070622933,T,IBM,I,25,308.41
2025-11-03,9:35:22.070631932,T,IBM,,100,308.42
2025-11-03,9:35:22.070631932,T,IBM,I,5,308.42
2025-11-03,9:35:22.070631932,T,IBM,I,28,308.43
2025-11-03,9:35:22.070636027,T,IBM,,40,308.43
2025-11-03,9:35:22.070637934,T,IBM,I,20,308.43
2025-11-03,9:35:22.070641715,T,IBM,I,1,308.43
2025-11-03,9:35:22.070653647,T,IBM,,59,308.43
2025-11-03,9:35:22.070655972,T,IBM,,40,308.43
2025-11-03,9:35:22.070659597,T,IBM,,120,308.43
2025-11-03,9:35:22.070659597,T,IBM,I,1,308.43
2025-11-03,9:35:22.070662045,T,IBM,I,39,308.43
2025-11-03,9:35:22.070773312,T,IBM,,195,308.43
2025-11-03,9:35:22.070881474,T,IBM,F,195,308.42
2025-11-03,9:35:49.924812843,T,IBM,F,40,308.55
2025-11-03,9:35:53.921787255,T,IBM,F,80,308.63
2025-11-03,9:35:53.922517858,T,IBM,,80,308.64
2025-11-03,9:35:53.924141735,T,IBM,I,20,308.92
2025-11-03,9:35:53.924144720,T,IBM,,92,308.93
2025-11-03,9:35:53.924201913,T,IBM,F,68,308.93
2025-11-03,9:35:53.924761199,T,IBM,F I,1,309.03
2025-11-03,9:35:53.925413780,T,IBM,F,80,309.09
2025-11-03,9:35:53.940230055,T,IBM,F I,6,309.43
2025-11-03,9:35:53.940620902,T,IBM,F I,10,309.52
2025-11-03,9:35:53.956137881,T,IBM,I,6,309.57
2025-11-03,9:35:53.971035386,T,IBM,F,52,309.5
2025-11-03,9:35:54.008645942,T,IBM,I,3,309.63
2025-11-03,9:35:59.074168740,T,IBM,F,40,309.64
2025-11-03,9:35:59.810988806,T,IBM,F,40,309.605
2025-11-03,9:36:13.881085107,T,IBM,F,80,309.86
2025-11-03,9:36:13.881085107,T,IBM,F I,20,309.86
2025-11-03,9:36:13.881088354,T,IBM,F I,20,309.87
2025-11-03,9:36:13.881091397,T,IBM,F I,1,309.87
2025-11-03,9:36:13.881091397,T,IBM,F,80,309.87
2025-11-03,9:36:13.881638441,T,IBM,,40,309.86
2025-11-03,9:36:13.882390732,T,IBM,F,50,310.0
2025-11-03,9:36:13.882390732,T,IBM,F,310,310.0
2025-11-03,9:36:13.882390732,T,IBM,F I,1,310.0
2025-11-03,9:36:13.882394526,T,IBM,F I,5,310.0
2025-11-03,9:36:13.882400764,T,IBM,F,40,310.0
2025-11-03,9:36:13.882400764,T,IBM,F,40,310.0
2025-11-03,9:36:13.882400764,T,IBM,F I,1,310.0
2025-11-03,9:36:13.882405716,T,IBM,F,40,310.0
2025-11-03,9:36:13.882405716,T,IBM,F,40,310.0
2025-11-03,9:36:13.882405716,T,IBM,F I,32,310.0
2025-11-03,9:36:13.882408937,T,IBM,F,40,310.0
2025-11-03,9:36:13.882411386,T,IBM,F I,29,310.0
2025-11-03,9:36:13.882411386,T,IBM,F I,3,310.0
2025-11-03,9:36:13.882414426,T,IBM,F I,9,310.0
2025-11-03,9:36:13.882414426,T,IBM,F I,7,310.0
2025-11-03,9:36:13.882417515,T,IBM,I,13,310.0
2025-11-03,9:36:13.882417515,T,IBM,I,20,310.0
2025-11-03,9:36:13.882417515,T,IBM,I,7,310.0
2025-11-03,9:36:13.882420598,T,IBM,I,10,310.0
2025-11-03,9:36:13.882573522,T,IBM,,40,309.89
2025-11-03,9:36:13.882760048,T,IBM,F,160,310.07
2025-11-03,9:36:13.882907331,T,IBM,F I,10,310.14
2025-11-03,9:36:13.882907331,T,IBM,F I,8,310.14
2025-11-03,9:36:13.896307311,T,IBM,F I,8,310.055
2025-11-03,9:36:13.928655216,T,IBM,,45,310.13
2025-11-03,9:36:13.938494859,T,IBM,F I,3,310.08
2025-11-03,9:36:13.938494859,T,IBM,F,100,310.08
2025-11-03,9:36:21.957742301,T,IBM,F,55,309.99
2025-11-03,9:36:28.738671964,T,IBM,,40,309.77
2025-11-03,9:36:28.738690061,T,IBM,I,1,309.77
2025-11-03,9:36:28.738693426,T,IBM,I,39,309.77
2025-11-03,9:36:28.738756213,T,IBM,I,1,309.77
2025-11-03,9:36:31.170339635,T,IBM,I,4,309.68
2025-11-03,9:36:31.170405622,T,IBM,F,80,309.67
2025-11-03,9:36:36.309344656,T,IBM,I,4,309.39
2025-11-03,9:36:36.309347737,T,IBM,,52,309.39
2025-11-03,9:36:36.309513074,T,IBM,F I,8,309.33
2025-11-03,9:36:36.309516092,T,IBM,F I,13,309.33
2025-11-03,9:36:36.309549135,T,IBM,F I,27,309.33
2025-11-03,9:36:36.309576216,T,IBM,F I,20,309.33
2025-11-03,9:36:36.309582182,T,IBM,F I,20,309.33
2025-11-03,9:36:36.309624290,T,IBM,F I,2,309.28
2025-11-03,9:36:36.309624290,T,IBM,F,52,309.28
2025-11-03,9:36:36.320383884,T,IBM,I,5,309.46
2025-11-03,9:36:36.323297828,T,IBM,F I,5,309.34
2025-11-03,9:36:36.323297828,T,IBM,F,75,309.33
2025-11-03,9:36:36.323300938,T,IBM,F I,23,309.33
2025-11-03,9:36:40.123203938,T,IBM,F,41,309.28
2025-11-03,9:36:40.123222143,T,IBM,I,1,309.28
2025-11-03,9:36:40.123228021,T,IBM,F I,20,309.28
2025-11-03,9:36:40.123231064,T,IBM,I,38,309.28
2025-11-03,9:36:40.123258081,T,IBM,I,3,309.28
2025-11-03,9:36:47.072655052,T,IBM,F,100,309.26
2025-11-03,9:36:47.072655052,T,IBM,F I,19,309.26
2025-11-03,9:36:49.351055679,T,IBM,F I,25,309.19
2025-11-03,9:36:49.351058885,T,IBM,F,45,309.19
2025-11-03,9:36:49.351061757,T,IBM,F I,10,309.18
2025-11-03,9:36:49.351061757,T,IBM,F I,32,309.18
2025-11-03,9:36:49.430781514,T,IBM,F,52,309.15
2025-11-03,9:36:50.402253240,T,IBM,F I,28,308.87
2025-11-03,9:36:50.402292234,T,IBM,F I,29,308.87
2025-11-03,9:36:50.402316310,T,IBM,,42,308.87
2025-11-03,9:36:50.402322391,T,IBM,F I,1,308.87
2025-11-03,9:36:50.402325363,T,IBM,F,41,308.86
2025-11-03,9:36:50.402340401,T,IBM,I,1,308.86
2025-11-03,9:36:50.459834207,T,IBM,I,6,308.77
2025-11-03,9:36:51.904476348,T,IBM,F,100,308.97
2025-11-03,9:36:53.864506294,T,IBM,F I,5,309.33
2025-11-03,9:36:53.864509807,T,IBM,F I,5,309.34
2025-11-03,9:36:53.864509807,T,IBM,F I,12,309.35
2025-11-03,9:36:53.864512387,T,IBM,F I,8,309.37
2025-11-03,9:36:53.864524378,T,IBM,F I,22,309.37
2025-11-03,9:37:00.232790680,T,IBM,I,5,309.26
2025-11-03,9:37:00.232805633,T,IBM,,45,309.245
2025-11-03,9:37:00.232826661,T,IBM,F,95,309.245
2025-11-03,9:37:13.794099368,T,IBM,I,5,309.225
2025-11-03,9:37:29.653072865,T,IBM,F,100,309.2
2025-11-03,9:37:41.699672765,T,IBM,,53,309.15
2025-11-03,9:37:41.699850253,T,IBM,I,6,309.21
2025-11-03,9:37:41.699961530,T,IBM,F,296,309.21
2025-11-03,9:37:41.699964473,T,IBM,F,40,309.13
2025-11-03,9:37:41.699970519,T,IBM,I,20,309.13
2025-11-03,9:37:41.700003595,T,IBM,I,7,309.2
2025-11-03,9:37:41.700003595,T,IBM,I,2,309.2
2025-11-03,9:37:42.739070165,T,IBM,F I,1,309.33
2025-11-03,9:37:42.739094188,T,IBM,F I,34,309.33
2025-11-03,9:37:58.643999613,T,IBM,,51,309.225
2025-11-03,9:37:58.644002377,T,IBM,I,3,309.225
2025-11-03,9:37:58.644005660,T,IBM,I,6,309.225
2025-11-03,9:37:58.644011345,T,IBM,I,30,309.225
2025-11-03,9:37:58.644105162,T,IBM,F I,5,309.225
2025-11-03,9:37:58.644107591,T,IBM,F,95,309.22
2025-11-03,9:37:58.644116545,T,IBM,I,10,309.225
2025-11-03,9:38:01.728330930,T,IBM,F I,5,309.16
2025-11-03,9:38:03.778040335,T,IBM,,45,309.15
2025-11-03,9:38:03.778040335,T,IBM,,100,309.15
2025-11-03,9:38:03.778043341,T,IBM,I,38,309.2
2025-11-03,9:38:08.172564160,T,IBM,F,45,309.19
2025-11-03,9:38:08.172564160,T,IBM,F,100,309.27
2025-11-03,9:38:08.172566921,T,IBM,F I,38,309.27
2025-11-03,9:38:08.172648769,T,IBM,,51,309.27
2025-11-03,9:38:08.172648769,T,IBM,,45,309.27
2025-11-03,9:38:08.172654283,T,IBM,,70,309.28
2025-11-03,9:38:08.172654283,T,IBM,I,17,309.28
2025-11-03,9:38:08.172654283,T,IBM,I,9,309.28
2025-11-03,9:38:08.172660135,T,IBM,,87,309.28
2025-11-03,9:38:08.172660135,T,IBM,,87,309.28
2025-11-03,9:38:08.172672692,T,IBM,I,1,309.28
2025-11-03,9:38:08.172672692,T,IBM,I,12,309.28
2025-11-03,9:38:08.172729303,T,IBM,I,33,309.16
2025-11-03,9:38:08.172870677,T,IBM,F I,1,309.29
2025-11-03,9:38:08.172918790,T,IBM,I,15,309.15
2025-11-03,9:38:08.173005956,T,IBM,I,21,309.28
2025-11-03,9:38:08.173195441,T,IBM,,40,309.15
2025-11-03,9:38:08.173463076,T,IBM,,40,309.09
2025-11-03,9:38:08.175683342,T,IBM,I,6,309.15
2025-11-03,9:38:08.175685355,T,IBM,I,11,309.15
2025-11-03,9:38:31.321308538,T,IBM,I,11,309.26
2025-11-03,9:38:31.321311614,T,IBM,I,16,309.26
2025-11-03,9:38:31.321311614,T,IBM,I,4,309.26
2025-11-03,9:38:31.321350693,T,IBM,I,9,309.26
2025-11-03,9:38:31.322463856,T,IBM,F I,12,309.1
2025-11-03,9:38:31.323542878,T,IBM,F I,8,309.1
2025-11-03,9:38:31.447964050,T,IBM,I,25,309.11
2025-11-03,9:38:31.447967073,T,IBM,,45,309.12
2025-11-03,9:38:32.593196163,T,IBM,I,25,309.19
2025-11-03,9:38:32.593196163,T,IBM,I,25,309.2
2025-11-03,9:38:32.593198465,T,IBM,,45,309.2
2025-11-03,9:38:41.877557558,T,IBM,,113,308.85
2025-11-03,9:38:41.877582040,T,IBM,I,1,308.85
2025-11-03,9:38:41.877582040,T,IBM,I,6,308.85
2025-11-03,9:38:41.877584653,T,IBM,I,25,308.85
2025-11-03,9:38:42.230988881,T,IBM,I,2,308.82
2025-11-03,9:38:42.230988881,T,IBM,F I,2,308.82
2025-11-03,9:38:42.230991971,T,IBM,F I,2,308.83
2025-11-03,9:38:42.231208436,T,IBM,,200,308.83
2025-11-03,9:38:49.037987590,T,IBM,F,51,308.8
2025-11-03,9:39:07.395693569,T,IBM,,71,309.02
2025-11-03,9:39:09.578448772,T,IBM,,40,309.16
2025-11-03,9:39:09.578451995,T,IBM,I,5,309.2
2025-11-03,9:39:09.578454815,T,IBM,I,5,309.21
2025-11-03,9:39:09.578524247,T,IBM,F,80,309.28
2025-11-03,9:39:09.580129778,T,IBM,F I,8,309.6
2025-11-03,9:39:09.580150880,T,IBM,F,80,309.62
2025-11-03,9:39:09.580665072,T,IBM,I,3,309.54
2025-11-03,9:39:09.629441495,T,IBM,I,25,309.51
2025-11-03,9:39:09.629441495,T,IBM,I,5,309.5
2025-11-03,9:39:09.629444694,T,IBM,I,5,309.49
2025-11-03,9:39:09.629444694,T,IBM,I,5,309.48
2025-11-03,9:39:09.629447264,T,IBM,,60,309.47
2025-11-03,9:39:10.525189620,T,IBM,F,150,309.465
2025-11-03,9:39:10.525237789,T,IBM,,100,309.465
2025-11-03,9:39:19.052436492,T,IBM,I,25,309.46
2025-11-03,9:39:39.057424965,T,IBM,I,25,309.52
2025-11-03,9:39:39.057424965,T,IBM,I,25,309.51
2025-11-03,9:39:39.057427951,T,IBM,I,2,309.5
2025-11-03,9:39:39.058206843,T,IBM,,200,309.46
2025-11-03,9:39:39.058209811,T,IBM,I,1,309.46
2025-11-03,9:39:39.058209811,T,IBM,I,4,309.46
2025-11-03,9:39:39.058260933,T,IBM,,75,309.46
2025-11-03,9:39:39.058287964,T,IBM,F I,25,309.46
2025-11-03,9:39:42.422937834,T,IBM,F I,23,309.41
2025-11-03,9:39:49.767682615,T,IBM,I,10,309.48
2025-11-03,9:39:49.815553618,T,IBM,F I,25,309.57
2025-11-03,9:39:53.053989971,T,IBM,F I,30,309.57
2025-11-03,9:39:53.883758361,T,IBM,F I,1,309.79
2025-11-03,9:39:53.883812411,T,IBM,F I,10,309.8
2025-11-03,9:40:03.160274642,T,IBM,F I,1,309.82
2025-11-03,9:40:04.580522605,T,IBM,F I,1,309.88
2025-11-03,9:40:04.581972111,T,IBM,F I,12,309.91
2025-11-03,9:40:04.582396064,T,IBM,F I,20,309.94
2025-11-03,9:40:04.582399100,T,IBM,F I,25,309.95
2025-11-03,9:40:04.582414302,T,IBM,I,1,309.95
2025-11-03,9:40:04.582432207,T,IBM,F I,29,309.95
2025-11-03,9:40:04.582432207,T,IBM,F I,2,309.95
2025-11-03,9:40:04.588711086,T,IBM,I,4,309.92
2025-11-03,9:40:15.211641120,T,IBM,I,8,309.85
2025-11-03,9:40:38.609997992,T,IBM,F I,14,309.68
2025-11-03,9:40:38.626251700,T,IBM,F I,4,309.66
2025-11-03,9:40:38.626254622,T,IBM,F,120,309.66
2025-11-03,9:40:40.069215738,T,IBM,F I,19,309.82
2025-11-03,9:40:40.189456992,T,IBM,I,25,309.85
2025-11-03,9:40:41.314633463,T,IBM,F,54,309.67
2025-11-03,9:40:41.509136561,T,IBM,F I,25,309.74
2025-11-03,9:40:45.186167452,T,IBM,F I,5,309.84
2025-11-03,9:40:45.186169949,T,IBM,F I,6,309.87
2025-11-03,9:40:45.186188050,T,IBM,F I,5,309.87
2025-11-03,9:40:51.488305803,T,IBM,F I,1,310.0
2025-11-03,9:40:52.489448967,T,IBM,I,9,309.92
2025-11-03,9:40:52.489464066,T,IBM,I,9,309.92
2025-11-03,9:40:53.011831640,T,IBM,F,50,309.96
2025-11-03,9:40:54.958612057,T,IBM,F,50,309.97
2025-11-03,9:40:54.958699299,T,IBM,F I,5,309.97
2025-11-03,9:41:03.436917352,T,IBM,,40,309.73
2025-11-03,9:41:03.436917352,T,IBM,I,5,309.68
2025-11-03,9:41:03.436920336,T,IBM,I,25,309.68
2025-11-03,9:41:03.436923507,T,IBM,I,17,309.67
2025-11-03,9:41:03.436923507,T,IBM,I,10,309.67
2025-11-03,9:41:03.940935234,T,IBM,I,5,309.8
2025-11-03,9:41:09.638253093,T,IBM,F I,1,309.87
2025-11-03,9:41:09.638268122,T,IBM,F I,1,309.89
2025-11-03,9:41:09.638277291,T,IBM,F,100,309.89
2025-11-03,9:41:09.638800387,T,IBM,I,25,309.87
2025-11-03,9:41:09.638803879,T,IBM,,40,309.79
2025-11-03,9:41:09.638848982,T,IBM,F I,18,309.79
2025-11-03,9:41:09.649563037,T,IBM,,40,309.77
2025-11-03,9:41:23.333061656,T,IBM,F I,25,309.52
2025-11-03,9:41:23.333064769,T,IBM,F,75,309.52
2025-11-03,9:41:26.893131798,T,IBM,I,13,309.65
2025-11-03,9:41:26.893134868,T,IBM,,40,309.65
2025-11-03,9:41:26.893375418,T,IBM,F I,1,309.64
2025-11-03,9:41:43.600788784,T,IBM,F,62,309.82
2025-11-03,9:41:43.600842856,T,IBM,F I,18,309.82
2025-11-03,9:41:43.600996248,T,IBM,F I,2,309.83
2025-11-03,9:41:43.601351161,T,IBM,F I,13,309.83
2025-11-03,9:41:44.197733860,T,IBM,F,40,309.97
2025-11-03,9:41:44.198455556,T,IBM,I,22,309.87
2025-11-03,9:41:44.198942690,T,IBM,F,161,309.87
2025-11-03,9:41:44.198963789,T,IBM,,359,309.87
2025-11-03,9:41:44.198966775,T,IBM,I,34,309.87
2025-11-03,9:41:54.928942310,T,IBM,F,41,309.83
2025-11-03,9:41:54.934959793,T,IBM,F I,1,309.87
2025-11-03,9:41:56.617988268,T,IBM,I,39,309.87
2025-11-03,9:41:56.617991199,T,IBM,I,1,309.87
2025-11-03,9:41:56.618562602,T,IBM,F I,1,309.97
2025-11-03,9:41:56.627141957,T,IBM,I,1,309.9
2025-11-03,9:41:56.627220162,T,IBM,F I,1,309.87
2025-11-03,9:41:57.696986971,T,IBM,F I,1,310.0
2025-11-03,9:42:00.258878638,T,IBM,I,11,309.87
2025-11-03,9:42:00.258878638,T,IBM,I,5,309.82
2025-11-03,9:42:00.258881696,T,IBM,I,27,309.81
2025-11-03,9:42:00.258881696,T,IBM,I,1,309.81
2025-11-03,9:42:00.258899839,T,IBM,I,16,309.81
2025-11-03,9:42:00.258899839,T,IBM,I,28,309.81
2025-11-03,9:42:00.258902701,T,IBM,I,1,309.81
2025-11-03,9:42:00.258905713,T,IBM,I,1,309.81
2025-11-03,9:42:00.258941794,T,IBM,F I,3,309.81
2025-11-03,9:42:10.335864701,T,IBM,F I,2,310.03
2025-11-03,9:42:10.335982020,T,IBM,F I,2,310.04
2025-11-03,9:42:10.336204478,T,IBM,,40,310.04
2025-11-03,9:42:10.336454157,T,IBM,I,3,310.04
2025-11-03,9:42:10.463825269,T,IBM,F I,2,310.05
2025-11-03,9:42:10.592396613,T,IBM,I,12,309.99
2025-11-03,9:42:10.592396613,T,IBM,I,8,309.97
2025-11-03,9:42:10.656178278,T,IBM,F I,1,309.82
2025-11-03,9:42:10.656208249,T,IBM,F I,13,309.81
2025-11-03,9:42:10.656232342,T,IBM,I,9,309.81
2025-11-03,9:42:10.656578122,T,IBM,I,13,309.81
2025-11-03,9:42:21.248296631,T,IBM,I,1,309.78
2025-11-03,9:42:26.342158872,T,IBM,F I,2,309.73
2025-11-03,9:42:26.342158872,T,IBM,F I,24,309.72
2025-11-03,9:42:28.620502662,T,IBM,I,35,309.77
2025-11-03,9:42:29.914618429,T,IBM,F I,19,309.85
2025-11-03,9:42:31.012307395,T,IBM,F,40,309.79
2025-11-03,9:42:31.012307395,T,IBM,F,40,309.77
2025-11-03,9:42:31.012327631,T,IBM,I,1,309.77
2025-11-03,9:42:31.012583440,T,IBM,F I,15,309.77
2025-11-03,9:42:31.012586271,T,IBM,F I,1,309.77
2025-11-03,9:42:31.012586271,T,IBM,F I,39,309.77
2025-11-03,9:42:31.042008274,T,IBM,F,40,309.65
2025-11-03,9:42:31.048169930,T,IBM,F,40,309.65
2025-11-03,9:42:31.054316539,T,IBM,F I,20,309.65
2025-11-03,9:42:31.054319563,T,IBM,F I,20,309.65
2025-11-03,9:42:31.062352061,T,IBM,F I,20,309.65
2025-11-03,9:42:31.062352061,T,IBM,F I,11,309.64
2025-11-03,9:42:31.062354782,T,IBM,F I,9,309.64
2025-11-03,9:42:38.118439300,T,IBM,F I,12,309.67
2025-11-03,9:42:38.118439300,T,IBM,F I,16,309.64
2025-11-03,9:42:38.118493499,T,IBM,I,15,309.64
2025-11-03,9:42:38.118493499,T,IBM,I,1,309.64
2025-11-03,9:42:39.232775063,T,IBM,F,40,309.62
2025-11-03,9:42:39.232793139,T,IBM,F I,16,309.62
2025-11-03,9:42:39.232802122,T,IBM,F,40,309.61
2025-11-03,9:42:39.232802122,T,IBM,F I,16,309.61
2025-11-03,9:42:39.233274288,T,IBM,F I,24,309.61
2025-11-03,9:42:39.233550887,T,IBM,I,12,309.67
2025-11-03,9:42:40.364624537,T,IBM,F I,1,309.61
2025-11-03,9:42:40.364705771,T,IBM,I,5,309.61
2025-11-03,9:42:51.963494575,T,IBM,I,1,309.6
2025-11-03,9:42:51.963981697,T,IBM,I,1,309.67
2025-11-03,9:42:55.755157911,T,IBM,F I,1,309.53
2025-11-03,9:43:05.540741149,T,IBM,F I,25,309.73
2025-11-03,9:43:05.670160181,T,IBM,,100,309.8
2025-11-03,9:43:05.670160181,T,IBM,I,1,309.82
2025-11-03,9:43:05.670160181,T,IBM,I,32,309.82
2025-11-03,9:43:05.671260816,T,IBM,F I,5,309.82
2025-11-03,9:43:05.671306044,T,IBM,F I,5,309.82
2025-11-03,9:43:06.645011983,T,IBM,F I,4,309.84
2025-11-03,9:43:06.646094545,T,IBM,F I,1,309.89
2025-11-03,9:43:06.646476442,T,IBM,F I,9,309.89
2025-11-03,9:43:07.213611480,T,IBM,I,1,309.88
2025-11-03,9:43:07.214600919,T,IBM,F I,18,309.89
2025-11-03,9:43:07.214670045,T,IBM,I,12,309.94
2025-11-03,9:43:07.214850493,T,IBM,I,12,309.88
2025-11-03,9:43:15.133727950,T,IBM,F I,6,310.0
2025-11-03,9:43:15.134639025,T,IBM,F I,2,310.05
2025-11-03,9:43:15.134642108,T,IBM,F I,1,310.05
2025-11-03,9:43:15.135267547,T,IBM,,80,310.01
2025-11-03,9:43:15.135315699,T,IBM,F I,6,310.01
2025-11-03,9:43:15.135318681,T,IBM,F I,1,310.01
2025-11-03,9:43:15.135403379,T,IBM,F,40,310.01
2025-11-03,9:43:17.379639454,T,IBM,F I,10,309.885
2025-11-03,9:43:17.379639454,T,IBM,F I,7,309.93
2025-11-03,9:43:17.431019756,T,IBM,F I,1,309.76
2025-11-03,9:43:17.431290435,T,IBM,,245,309.77
2025-11-03,9:43:17.431335523,T,IBM,,155,309.77
2025-11-03,9:43:19.533171093,T,IBM,F I,1,309.62
2025-11-03,9:43:25.967796270,T,IBM,I,25,309.75
2025-11-03,9:43:25.967844450,T,IBM,F I,3,309.8
2025-11-03,9:43:31.008874038,T,IBM,F I,1,309.7
2025-11-03,9:43:31.681752762,T,IBM,F I,5,309.715
2025-11-03,9:43:48.895394408,T,IBM,I,1,309.77
2025-11-03,9:43:48.895397427,T,IBM,,40,309.77
2025-11-03,9:43:48.895427673,T,IBM,F,60,309.76
2025-11-03,9:43:48.895427673,T,IBM,F,55,309.75
2025-11-03,9:43:48.895451553,T,IBM,I,2,309.77
2025-11-03,9:43:48.895454415,T,IBM,I,23,309.85
2025-11-03,9:43:48.895619845,T,IBM,I,4,309.8
2025-11-03,9:43:50.139882882,T,IBM,F I,25,309.85
2025-11-03,9:43:53.786498981,T,IBM,F I,2,309.75
2025-11-03,9:43:53.786592240,T,IBM,F I,1,309.75
2025-11-03,9:43:55.576669606,T,IBM,I,16,309.765
2025-11-03,9:44:08.812047475,T,IBM,F I,1,309.8
2025-11-03,9:44:13.290984898,T,IBM,F I,1,309.89
2025-11-03,9:44:14.394278502,T,IBM,I,3,309.8
2025-11-03,9:44:25.307678930,T,IBM,F I,1,309.85
2025-11-03,9:44:25.308186771,T,IBM,I,9,309.8
2025-11-03,9:44:25.308193519,T,IBM,I,1,309.8
2025-11-03,9:44:25.308454491,T,IBM,F I,9,309.85
2025-11-03,9:44:25.308457374,T,IBM,F I,6,309.85
2025-11-03,9:44:25.308460385,T,IBM,F I,5,309.85
2025-11-03,9:44:25.308481611,T,IBM,F I,2,309.85
2025-11-03,9:44:25.308484493,T,IBM,,99,309.85
2025-11-03,9:44:25.605561674,T,IBM,F I,4,309.59
2025-11-03,9:44:25.605561674,T,IBM,F I,27,309.59
2025-11-03,9:44:25.605577449,T,IBM,I,1,309.59
2025-11-03,9:44:25.605579699,T,IBM,I,10,309.59
2025-11-03,9:44:25.605603929,T,IBM,F I,1,309.59
2025-11-03,9:44:25.618844337,T,IBM,,45,309.6
2025-11-03,9:44:25.829998018,T,IBM,F I,15,309.685
2025-11-03,9:44:45.014648625,T,IBM,I,19,309.77
2025-11-03,9:44:47.720781763,T,IBM,F I,1,309.89
2025-11-03,9:44:47.720809129,T,IBM,F,40,309.9
2025-11-03,9:44:47.720811837,T,IBM,F I,20,309.9
2025-11-03,9:44:47.720814812,T,IBM,F I,20,309.9
2025-11-03,9:44:47.720826889,T,IBM,,40,309.91
2025-11-03,9:44:47.724899085,T,IBM,F I,20,309.93
2025-11-03,9:44:47.724901798,T,IBM,F I,5,309.94
2025-11-03,9:44:47.724904859,T,IBM,F,80,309.94
2025-11-03,9:44:47.724904859,T,IBM,F,60,309.94
2025-11-03,9:44:47.724940688,T,IBM,F I,20,309.94
2025-11-03,9:44:47.729643854,T,IBM,I,8,309.87
2025-11-03,9:44:47.730515899,T,IBM,F I,5,309.87
2025-11-03,9:44:48.961754967,T,IBM,F I,8,309.95
2025-11-03,9:44:48.961830097,T,IBM,I,8,309.95
2025-11-03,9:44:49.000811962,T,IBM,I,2,310.05
2025-11-03,9:44:49.009689033,T,IBM,F I,5,309.96
2025-11-03,9:44:49.010089153,T,IBM,F I,12,309.89
2025-11-03,9:44:49.589099817,T,IBM,F I,1,309.75
2025-11-03,9:44:49.589105383,T,IBM,F,40,309.75
2025-11-03,9:44:49.589105383,T,IBM,F,40,309.75
2025-11-03,9:44:49.589105383,T,IBM,F,69,309.75
2025-11-03,9:44:49.600138669,T,IBM,F,45,309.74
2025-11-03,9:44:49.600141831,T,IBM,F I,5,309.74
2025-11-03,9:44:49.600141831,T,IBM,F,350,309.75
2025-11-03,9:44:49.600159732,T,IBM,I,1,309.75
2025-11-03,9:44:49.603834439,T,IBM,,40,309.75
2025-11-03,9:44:49.603876584,T,IBM,F I,9,309.75
2025-11-03,9:44:55.822873357,T,IBM,F I,1,309.66
2025-11-03,9:45:03.873587708,T,IBM,F I,2,309.73
2025-11-03,9:45:05.695528984,T,IBM,F I,5,309.71
2025-11-03,9:45:06.006165471,T,IBM,F I,2,309.69
2025-11-03,9:45:12.336634746,T,IBM,,45,309.825
2025-11-03,9:45:12.336658792,T,IBM,F,100,309.825
2025-11-03,9:45:19.557409329,T,IBM,F I,19,309.74
2025-11-03,9:45:19.766608308,T,IBM,F I,1,309.82
2025-11-03,9:45:20.605548385,T,IBM,I,1,309.83
2025-11-03,9:45:20.605554472,T,IBM,,40,309.835
2025-11-03,9:45:20.809650314,T,IBM,F I,1,309.93
2025-11-03,9:45:24.748899547,T,IBM,F I,16,309.91
2025-11-03,9:45:24.748902233,T,IBM,F I,1,309.95
2025-11-03,9:45:24.748905040,T,IBM,F I,23,309.95
2025-11-03,9:45:24.748923005,T,IBM,F I,17,309.95
2025-11-03,9:45:24.749422172,T,IBM,I,10,310.0
2025-11-03,9:45:24.749440282,T,IBM,F I,1,310.0
2025-11-03,9:45:24.749792094,T,IBM,F I,2,310.02
2025-11-03,9:45:27.005377648,T,IBM,,40,309.93
2025-11-03,9:45:27.005410703,T,IBM,I,35,309.925
2025-11-03,9:45:31.869352209,T,IBM,F I,15,309.96
2025-11-03,9:45:31.869354841,T,IBM,F I,28,310.01
2025-11-03,9:45:31.869385667,T,IBM,F I,38,310.02
2025-11-03,9:45:31.869457090,T,IBM,F I,13,310.04
2025-11-03,9:45:31.869751783,T,IBM,I,23,309.99
2025-11-03,9:45:31.869826935,T,IBM,F I,1,309.93
2025-11-03,9:45:31.869872063,T,IBM,F I,4,309.93
2025-11-03,9:45:31.869875050,T,IBM,F I,4,309.93
2025-11-03,9:45:31.869878706,T,IBM,F I,11,309.9
2025-11-03,9:45:31.869887145,T,IBM,,92,309.93
2025-11-03,9:45:31.869887145,T,IBM,I,2,309.93
2025-11-03,9:45:31.869890499,T,IBM,,79,309.93
2025-11-03,9:45:31.869890499,T,IBM,F I,1,309.93
2025-11-03,9:45:31.869917346,T,IBM,I,3,309.97
2025-11-03,9:45:31.869917346,T,IBM,I,5,309.905
2025-11-03,9:45:31.870109672,T,IBM,F I,9,309.97
2025-11-03,9:45:31.870239019,T,IBM,I,3,309.97
2025-11-03,9:45:31.870629843,T,IBM,F I,1,309.93
2025-11-03,9:45:31.872734846,T,IBM,F I,20,310.03
2025-11-03,9:45:46.122183654,T,IBM,F I,2,310.02
2025-11-03,9:45:46.122186704,T,IBM,F,78,310.06
2025-11-03,9:45:46.123368469,T,IBM,F,80,310.06
2025-11-03,9:45:47.208206987,T,IBM,F I,2,310.02
2025-11-03,9:45:47.208210073,T,IBM,F I,20,310.06
2025-11-03,9:45:47.208213124,T,IBM,F,40,310.07
2025-11-03,9:45:47.208216015,T,IBM,F I,18,310.07
2025-11-03,9:45:47.208246107,T,IBM,I,1,310.07
2025-11-03,9:45:47.208498858,T,IBM,I,5,309.94
2025-11-03,9:45:47.208543892,T,IBM,F I,1,309.94
2025-11-03,9:45:47.208603927,T,IBM,F I,20,309.94
2025-11-03,9:45:47.208631092,T,IBM,F I,30,309.93
2025-11-03,9:45:47.208667223,T,IBM,I,18,309.82
2025-11-03,9:45:47.208685189,T,IBM,I,20,309.94
2025-11-03,9:45:47.208784360,T,IBM,I,18,309.94
2025-11-03,9:45:47.208787389,T,IBM,I,8,309.94
2025-11-03,9:45:47.208808797,T,IBM,F I,6,309.94
2025-11-03,9:45:47.209103134,T,IBM,,100,309.86
2025-11-03,9:45:47.209545264,T,IBM,I,8,309.83
2025-11-03,9:45:47.209809779,T,IBM,F I,2,309.9
2025-11-03,9:45:47.211166206,T,IBM,I,8,310.0
2025-11-03,9:45:48.459765466,T,IBM,F I,21,310.06
2025-11-03,9:45:48.459936877,T,IBM,I,39,310.06
2025-11-03,9:45:49.705817817,T,IBM,F I,21,310.07
2025-11-03,9:45:49.705838800,T,IBM,F,80,310.07
2025-11-03,9:45:50.012749426,T,IBM,,100,310.14
2025-11-03,9:45:50.012794571,T,IBM,F I,14,310.2
2025-11-03,9:45:50.012872683,T,IBM,I,14,310.14
2025-11-03,9:45:50.012896791,T,IBM,I,26,310.14
2025-11-03,9:45:50.012960017,T,IBM,I,37,310.14
2025-11-03,9:45:50.012981005,T,IBM,I,1,310.14
2025-11-03,9:45:50.013011156,T,IBM,I,2,310.14
2025-11-03,9:45:50.017121895,T,IBM,F I,8,310.24
2025-11-03,9:45:53.149122847,T,IBM,F I,30,310.01
2025-11-03,9:46:04.017538951,T,IBM,F I,1,310.19
2025-11-03,9:46:04.017662280,T,IBM,I,1,310.23
2025-11-03,9:46:04.017947909,T,IBM,F I,5,310.25
2025-11-03,9:46:04.018666575,T,IBM,F,40,310.32
2025-11-03,9:46:04.018813980,T,IBM,I,7,310.28
2025-11-03,9:46:04.018880083,T,IBM,,47,310.27
2025-11-03,9:46:04.018940472,T,IBM,,40,310.27
2025-11-03,9:46:04.018940472,T,IBM,I,7,310.26
2025-11-03,9:46:04.018967280,T,IBM,,100,310.32
2025-11-03,9:46:04.019000430,T,IBM,I,33,310.26
2025-11-03,9:46:04.081483177,T,IBM,,50,310.34
2025-11-03,9:46:06.647909730,T,IBM,F I,12,310.28
2025-11-03,9:46:06.647960868,T,IBM,F,40,310.25
2025-11-03,9:46:06.647960868,T,IBM,F I,2,310.24
2025-11-03,9:46:06.648009066,T,IBM,F,60,310.21
2025-11-03,9:46:06.648060076,T,IBM,F I,1,310.2
2025-11-03,9:46:06.648063092,T,IBM,F I,15,310.2
2025-11-03,9:46:06.648063092,T,IBM,F I,30,310.19
2025-11-03,9:46:06.650068883,T,IBM,I,17,310.27
2025-11-03,9:46:06.650068883,T,IBM,I,20,310.28
2025-11-03,9:46:18.914477346,T,IBM,F I,2,310.18
2025-11-03,9:46:30.517127352,T,IBM,F I,20,310.5
2025-11-03,9:46:30.517217507,T,IBM,F I,1,310.54
2025-11-03,9:46:30.517473041,T,IBM,F I,1,310.59
2025-11-03,9:46:30.517497167,T,IBM,F I,4,310.59
2025-11-03,9:46:30.517614433,T,IBM,,100,310.59
2025-11-03,9:46:30.517617420,T,IBM,I,19,310.59
2025-11-03,9:46:30.517677575,T,IBM,I,2,310.55
2025-11-03,9:46:30.530070139,T,IBM,F I,3,310.59
2025-11-03,9:46:30.530620395,T,IBM,F I,5,310.59
2025-11-03,9:46:36.004217648,T,IBM,F I,5,310.74
2025-11-03,9:46:37.004795589,T,IBM,F,40,310.84
2025-11-03,9:46:37.004795589,T,IBM,F,40,310.87
2025-11-03,9:46:37.004813603,T,IBM,I,1,310.86
2025-11-03,9:46:37.004840760,T,IBM,F,40,310.86
2025-11-03,9:46:37.006590829,T,IBM,F I,20,310.86
2025-11-03,9:46:37.006590829,T,IBM,F,40,310.87
2025-11-03,9:46:37.022414563,T,IBM,F I,30,310.75
2025-11-03,9:46:37.022417517,T,IBM,F I,2,310.72
2025-11-03,9:46:39.420100408,T,IBM,F I,14,310.64
2025-11-03,9:46:39.477461878,T,IBM,F,40,310.63
2025-11-03,9:46:39.477858932,T,IBM,F I,24,310.63
2025-11-03,9:46:39.477870909,T,IBM,F I,16,310.63
2025-11-03,9:46:39.537397591,T,IBM,F I,35,310.64
2025-11-03,9:46:39.537418871,T,IBM,I,1,310.64
2025-11-03,9:46:39.537418871,T,IBM,I,4,310.64
2025-11-03,9:46:40.495586802,T,IBM,I,5,310.7
2025-11-03,9:46:40.626780119,T,IBM,F I,2,310.73
2025-11-03,9:46:45.444825768,T,IBM,I,20,310.88
2025-11-03,9:46:45.444828768,T,IBM,F I,20,310.88
2025-11-03,9:46:45.444838320,T,IBM,F I,20,310.89
2025-11-03,9:46:45.445376011,T,IBM,F I,1,310.86
2025-11-03,9:46:45.448750075,T,IBM,I,1,310.85
2025-11-03,9:46:45.448771075,T,IBM,I,1,310.85
2025-11-03,9:46:45.494903902,T,IBM,I,4,310.85
2025-11-03,9:46:46.071475466,T,IBM,F,40,310.81
2025-11-03,9:46:55.193535249,T,IBM,,45,310.675
2025-11-03,9:46:55.193556295,T,IBM,F,55,310.675
2025-11-03,9:46:57.805796919,T,IBM,I,2,310.78
2025-11-03,9:46:57.805796919,T,IBM,I,30,310.78
2025-11-03,9:46:57.805799959,T,IBM,I,5,310.79
2025-11-03,9:46:57.805803031,T,IBM,I,10,310.79
2025-11-03,9:46:57.805803031,T,IBM,I,19,310.79
2025-11-03,9:46:57.811146747,T,IBM,F I,12,310.64
2025-11-03,9:46:57.811194823,T,IBM,F I,5,310.61
2025-11-03,9:46:57.951574998,T,IBM,F I,1,310.57
2025-11-03,9:46:57.951578050,T,IBM,F I,2,310.57
2025-11-03,9:46:58.785559278,T,IBM,F I,21,310.51
2025-11-03,9:46:59.923230535,T,IBM,F,40,310.62
2025-11-03,9:47:06.782523644,T,IBM,,45,310.55
2025-11-03,9:47:06.782526746,T,IBM,,100,310.5
2025-11-03,9:47:06.782526746,T,IBM,I,30,310.47
2025-11-03,9:47:06.782529654,T,IBM,,65,310.46
2025-11-03,9:47:06.802656593,T,IBM,I,1,310.44
2025-11-03,9:47:07.400049705,T,IBM,I,1,310.45
2025-11-03,9:47:07.400645135,T,IBM,I,1,310.43
2025-11-03,9:47:07.401186448,T,IBM,F I,4,310.41
2025-11-03,9:47:10.046274311,T,IBM,F I,1,310.29
2025-11-03,9:47:10.046301395,T,IBM,F I,4,310.29
2025-11-03,9:47:10.046304364,T,IBM,F I,32,310.28
2025-11-03,9:47:12.293743583,T,IBM,I,2,310.225
2025-11-03,9:47:21.031545709,T,IBM,I,10,310.21
2025-11-03,9:47:21.031735162,T,IBM,F,40,310.33
2025-11-03,9:47:28.946131911,T,IBM,I,2,310.48
2025-11-03,9:47:28.946152925,T,IBM,F I,1,310.49
2025-11-03,9:47:37.709684039,T,IBM,F I,1,310.29
2025-11-03,9:47:37.709807297,T,IBM,I,1,310.28
2025-11-03,9:47:45.067900734,T,IBM,I,17,310.39
2025-11-03,9:47:45.067993964,T,IBM,F,80,310.45
2025-11-03,9:47:45.068469142,T,IBM,F I,1,310.54
2025-11-03,9:47:45.068508227,T,IBM,F I,39,310.54
2025-11-03,9:47:45.068625493,T,IBM,F I,1,310.62
2025-11-03,9:47:45.069933521,T,IBM,,40,310.47
2025-11-03,9:48:13.008952334,T,IBM,F I,1,310.32
2025-11-03,9:48:13.009021420,T,IBM,F I,20,310.32
2025-11-03,9:48:13.009024495,T,IBM,F I,15,310.31
2025-11-03,9:48:13.009033492,T,IBM,,59,310.32
2025-11-03,9:48:13.009042547,T,IBM,I,1,310.32
2025-11-03,9:48:13.009045584,T,IBM,F I,15,310.31
2025-11-03,9:48:13.009280114,T,IBM,F I,15,310.32
2025-11-03,9:48:13.009301162,T,IBM,I,1,310.32
2025-11-03,9:48:13.009400614,T,IBM,F I,1,310.32
2025-11-03,9:48:13.009403387,T,IBM,F I,15,310.32
2025-11-03,9:48:13.541294606,T,IBM,F I,2,310.19
2025-11-03,9:48:13.541309649,T,IBM,F,60,310.18
2025-11-03,9:48:13.541312879,T,IBM,F I,17,310.17
2025-11-03,9:48:13.541312879,T,IBM,F I,8,310.17
2025-11-03,9:48:13.541315585,T,IBM,F I,7,310.17
2025-11-03,9:48:13.541333707,T,IBM,I,1,310.17
2025-11-03,9:48:14.695586770,T,IBM,F,100,310.19
2025-11-03,9:48:23.033319134,T,IBM,F I,2,310.29
2025-11-03,9:48:23.033319134,T,IBM,I,13,310.25
2025-11-03,9:48:30.717388631,T,IBM,I,4,310.13
2025-11-03,9:48:30.717409785,T,IBM,I,1,310.13
2025-11-03,9:48:30.717962937,T,IBM,F I,1,310.13
2025-11-03,9:48:30.718561433,T,IBM,F,80,310.06
2025-11-03,9:48:30.718564467,T,IBM,F I,8,310.06
2025-11-03,9:48:30.719123711,T,IBM,F I,5,310.05
2025-11-03,9:48:30.747108398,T,IBM,,80,310.03
2025-11-03,9:48:30.747126929,T,IBM,I,1,310.03
2025-11-03,9:48:30.747189810,T,IBM,I,29,310.03
2025-11-03,9:48:30.747189810,T,IBM,I,7,310.0
2025-11-03,9:48:30.776127430,T,IBM,I,4,310.06
2025-11-03,9:48:30.776620773,T,IBM,F I,1,310.06
2025-11-03,9:48:30.776671777,T,IBM,F I,4,310.06
2025-11-03,9:48:30.777378457,T,IBM,F I,4,310.06
2025-11-03,9:48:30.777835476,T,IBM,F I,4,310.06
2025-11-03,9:48:30.778214460,T,IBM,,80,310.06
2025-11-03,9:48:30.778221074,T,IBM,F I,3,310.06
2025-11-03,9:48:30.778223487,T,IBM,F I,1,310.07
2025-11-03,9:48:30.778244527,T,IBM,F I,3,310.07
2025-11-03,9:48:49.665769630,T,IBM,,45,310.16
2025-11-03,9:48:49.665796855,T,IBM,F,55,310.165
2025-11-03,9:49:01.751138008,T,IBM,F I,12,310.01
2025-11-03,9:49:01.751138008,T,IBM,F I,8,310.0
2025-11-03,9:49:01.751192079,T,IBM,I,6,310.0
2025-11-03,9:49:01.751216153,T,IBM,F,79,310.0
2025-11-03,9:49:25.570132815,T,IBM,F,40,310.2
2025-11-03,9:49:25.570147888,T,IBM,I,1,310.2
2025-11-03,9:49:25.570171898,T,IBM,F I,39,310.2
2025-11-03,9:49:25.570192885,T,IBM,I,1,310.2
2025-11-03,9:49:25.570196120,T,IBM,I,1,310.2
2025-11-03,9:49:25.570199252,T,IBM,F I,38,310.2
2025-11-03,9:49:25.570199252,T,IBM,F,41,310.2
2025-11-03,9:49:25.602083860,T,IBM,F I,39,310.2
2025-11-03,9:49:25.604276079,T,IBM,F I,8,310.31
2025-11-03,9:49:25.604498565,T,IBM,I,8,310.31
2025-11-03,9:49:25.604630871,T,IBM,I,12,310.24
2025-11-03,9:49:25.604642896,T,IBM,F I,12,310.24
2025-11-03,9:49:25.604697913,T,IBM,F,45,310.32
2025-11-03,9:49:25.614253826,T,IBM,F,40,310.33
2025-11-03,9:49:25.614741000,T,IBM,F,120,310.32
2025-11-03,9:49:30.649407415,T,IBM,F I,2,310.38
2025-11-03,9:50:00.526940461,T,IBM,F I,6,310.25
2025-11-03,9:50:24.959558430,T,IBM,I,5,310.17
2025-11-03,9:50:24.959579551,T,IBM,F I,2,310.16
2025-11-03,9:50:24.959591527,T,IBM,F I,2,310.15
2025-11-03,9:50:24.961486258,T,IBM,F,40,309.98
2025-11-03,9:50:24.961486258,T,IBM,F I,25,309.96
2025-11-03,9:50:24.961492127,T,IBM,F,43,309.96
2025-11-03,9:50:24.961492127,T,IBM,F I,8,309.96
2025-11-03,9:50:36.655457644,T,IBM,F I,2,310.02
2025-11-03,9:50:37.111213543,T,IBM,F I,2,310.05
2025-11-03,9:50:37.111216547,T,IBM,F,78,310.07
2025-11-03,9:50:39.904082208,T,IBM,F,80,310.08
2025-11-03,9:50:39.907468221,T,IBM,I,1,310.07
2025-11-03,9:50:39.907483312,T,IBM,I,3,310.07
2025-11-03,9:50:39.912430061,T,IBM,F,45,310.06
2025-11-03,9:50:39.912430061,T,IBM,F I,2,310.07
2025-11-03,9:50:39.912433138,T,IBM,F,115,310.07
2025-11-03,9:50:39.912451072,T,IBM,F,45,310.07
2025-11-03,9:50:39.925336748,T,IBM,F I,12,310.16
2025-11-03,9:50:39.925339871,T,IBM,F I,28,310.17
2025-11-03,9:50:40.912506259,T,IBM,F,64,310.13
2025-11-03,9:50:40.912509171,T,IBM,F I,27,310.17
2025-11-03,9:50:40.912746422,T,IBM,I,12,310.19
2025-11-03,9:50:40.912749413,T,IBM,,79,310.19
2025-11-03,9:50:40.913029089,T,IBM,F,40,310.2
2025-11-03,9:50:40.913035091,T,IBM,F I,7,310.2
2025-11-03,9:50:40.913035091,T,IBM,F I,36,310.2
2025-11-03,9:50:40.913077853,T,IBM,F,40,310.21
2025-11-03,9:50:40.913083223,T,IBM,F,40,310.21
2025-11-03,9:50:40.913095254,T,IBM,F,40,310.21
2025-11-03,9:50:40.913098318,T,IBM,F,40,310.21
2025-11-03,9:50:40.913113834,T,IBM,F,40,310.21
2025-11-03,9:50:40.913113834,T,IBM,F,120,310.21
2025-11-03,9:50:40.913116372,T,IBM,F,80,310.21
2025-11-03,9:50:40.913188515,T,IBM,F,80,310.19
2025-11-03,9:50:42.491008971,T,IBM,F I,12,310.25
2025-11-03,9:50:42.491008971,T,IBM,F I,2,310.26
2025-11-03,9:50:42.491008971,T,IBM,F I,26,310.29
2025-11-03,9:50:45.863264207,T,IBM,F I,2,310.26
2025-11-03,9:50:45.863264207,T,IBM,F I,5,310.28
2025-11-03,9:50:45.863266530,T,IBM,F I,3,310.29
2025-11-03,9:50:50.739582005,T,IBM,F I,10,310.3
2025-11-03,9:50:50.739726389,T,IBM,,40,310.35
2025-11-03,9:50:50.739741432,T,IBM,F,40,310.36
2025-11-03,9:50:50.777875258,T,IBM,F,40,310.38
2025-11-03,9:50:50.777920339,T,IBM,F I,14,310.4
2025-11-03,9:50:50.777923569,T,IBM,F I,17,310.4
2025-11-03,9:50:50.778260105,T,IBM,I,31,310.39
2025-11-03,9:50:50.778594009,T,IBM,F,120,310.36
2025-11-03,9:50:50.778795425,T,IBM,F I,5,310.4
2025-11-03,9:50:50.778834490,T,IBM,F I,5,310.43
2025-11-03,9:50:50.789393412,T,IBM,F,80,310.46
2025-11-03,9:50:50.789393412,T,IBM,F I,11,310.47
2025-11-03,9:50:50.789395818,T,IBM,F I,27,310.47
2025-11-03,9:50:50.789398636,T,IBM,F,80,310.47
2025-11-03,9:50:50.789413855,T,IBM,F,80,310.47
2025-11-03,9:50:50.793804216,T,IBM,F,678,310.5
2025-11-03,9:50:50.793822171,T,IBM,F,322,310.5
2025-11-03,9:50:50.794065898,T,IBM,F,100,310.5
2025-11-03,9:50:50.794258224,T,IBM,F I,30,310.41
2025-11-03,9:50:50.794261298,T,IBM,F I,10,310.39
2025-11-03,9:50:53.797360564,T,IBM,I,12,310.52
2025-11-03,9:50:53.797363520,T,IBM,I,2,310.53
2025-11-03,9:50:53.797363520,T,IBM,I,5,310.55
2025-11-03,9:50:54.466922346,T,IBM,F I,17,310.59
2025-11-03,9:50:55.896396459,T,IBM,F I,5,310.52
2025-11-03,9:50:55.896396459,T,IBM,F I,2,310.5
2025-11-03,9:51:04.553182521,T,IBM,F I,17,310.6
2025-11-03,9:51:04.553354014,T,IBM,F,51,310.6
2025-11-03,9:51:04.553456249,T,IBM,I,29,310.6
2025-11-03,9:51:04.553552700,T,IBM,F I,11,310.62
2025-11-03,9:51:04.553555437,T,IBM,F,40,310.62
2025-11-03,9:51:05.263624648,T,IBM,I,2,310.62
2025-11-03,9:51:05.263626843,T,IBM,I,12,310.61
2025-11-03,9:51:07.678041762,T,IBM,F I,1,310.58
2025-11-03,9:51:07.678188928,T,IBM,F I,1,310.62
2025-11-03,9:51:19.456114435,T,IBM,F I,1,310.39
2025-11-03,9:51:19.456144859,T,IBM,F I,1,310.39
2025-11-03,9:51:19.456147500,T,IBM,F I,1,310.38
2025-11-03,9:51:19.720627114,T,IBM,I,8,310.16
2025-11-03,9:51:20.494260773,T,IBM,,80,310.18
2025-11-03,9:51:21.771199636,T,IBM,,40,310.21
2025-11-03,9:51:28.528171266,T,IBM,F I,5,310.16
2025-11-03,9:51:32.704618732,T,IBM,F,100,310.35
2025-11-03,9:51:32.704618732,T,IBM,F I,2,310.36
2025-11-03,9:51:32.705054812,T,IBM,F I,2,310.17
2025-11-03,9:51:32.705054812,T,IBM,F I,5,310.15
2025-11-03,9:51:32.705108917,T,IBM,F I,8,310.2
2025-11-03,9:51:32.705111946,T,IBM,F,40,310.13
2025-11-03,9:51:34.000448537,T,IBM,,40,310.17
2025-11-03,9:51:34.000448537,T,IBM,,40,310.17
2025-11-03,9:51:41.406022181,T,IBM,I,25,310.145
2025-11-03,9:51:41.437910092,T,IBM,I,7,310.11
2025-11-03,9:51:41.437910092,T,IBM,I,1,310.11
2025-11-03,9:51:41.437979280,T,IBM,F,400,310.11
2025-11-03,9:51:41.437997803,T,IBM,I,1,310.11
2025-11-03,9:51:41.438000351,T,IBM,F,173,310.11
2025-11-03,9:51:41.438394302,T,IBM,F,40,310.11
2025-11-03,9:51:41.438415696,T,IBM,I,1,310.11
2025-11-03,9:51:41.438418344,T,IBM,,133,310.11
2025-11-03,9:51:41.438499544,T,IBM,I,1,310.13
2025-11-03,9:51:41.439043802,T,IBM,,58,310.01
2025-11-03,9:51:41.445939163,T,IBM,,60,310.16
2025-11-03,9:51:42.334723730,T,IBM,F,45,310.15
2025-11-03,9:51:42.334723730,T,IBM,F,55,310.16
2025-11-03,9:51:42.334729098,T,IBM,F I,35,310.16
2025-11-03,9:51:42.334759187,T,IBM,F I,5,310.16
2025-11-03,9:51:42.334762221,T,IBM,F,40,310.16
2025-11-03,9:52:01.395289652,T,IBM,,240,310.01
2025-11-03,9:52:01.395310857,T,IBM,F I,17,310.0
2025-11-03,9:52:01.395421993,T,IBM,F,50,309.98
2025-11-03,9:52:01.395921111,T,IBM,I,3,309.98
2025-11-03,9:52:01.396101549,T,IBM,F I,32,310.02
2025-11-03,9:52:05.217289311,T,IBM,,100,310.095
2025-11-03,9:52:09.243414902,T,IBM,I,10,310.26
2025-11-03,9:52:10.375104917,T,IBM,F I,5,310.27
2025-11-03,9:52:17.784175865,T,IBM,F I,7,310.27
2025-11-03,9:52:17.784996762,T,IBM,F,119,310.25
2025-11-03,9:52:18.785999550,T,IBM,I,5,310.35
2025-11-03,9:52:18.786016846,T,IBM,I,2,310.35
2025-11-03,9:52:18.786260795,T,IBM,F,40,310.36
2025-11-03,9:52:18.787078303,T,IBM,I,13,310.34
2025-11-03,9:52:18.788611982,T,IBM,F I,10,310.33
2025-11-03,9:52:19.178054087,T,IBM,F I,16,310.36
2025-11-03,9:52:19.178156348,T,IBM,F,40,310.37
2025-11-03,9:52:50.084498368,T,IBM,F I,5,310.48
2025-11-03,9:52:50.084501525,T,IBM,F I,12,310.49
2025-11-03,9:52:50.084501525,T,IBM,F I,3,310.52
2025-11-03,9:52:50.084597548,T,IBM,F I,17,310.52
2025-11-03,9:52:50.085117810,T,IBM,I,8,310.52
2025-11-03,9:52:50.085117810,T,IBM,F I,8,310.52
2025-11-03,9:52:50.085232039,T,IBM,F I,8,310.52
2025-11-03,9:52:50.085424575,T,IBM,F I,8,310.52
2025-11-03,9:52:50.085556863,T,IBM,I,30,310.52
2025-11-03,9:52:50.086907141,T,IBM,F I,10,310.53
2025-11-03,9:52:50.086910046,T,IBM,F I,12,310.53
2025-11-03,9:52:50.086913098,T,IBM,F I,10,310.53
2025-11-03,9:52:51.012345129,T,IBM,I,1,310.57
2025-11-03,9:52:51.012733079,T,IBM,I,1,310.57
2025-11-03,9:52:51.175931642,T,IBM,I,5,310.57
2025-11-03,9:52:53.413817052,T,IBM,F I,4,310.5
2025-11-03,9:52:53.413820155,T,IBM,F I,2,310.5
2025-11-03,9:53:00.739262536,T,IBM,F I,5,310.48
2025-11-03,9:53:00.739262536,T,IBM,F I,7,310.5
2025-11-03,9:53:00.739680180,T,IBM,F I,1,310.5
2025-11-03,9:53:00.739689236,T,IBM,F I,1,310.5
2025-11-03,9:53:00.739701348,T,IBM,F I,3,310.5
2025-11-03,9:53:05.725949446,T,IBM,F I,6,310.52
2025-11-03,9:53:10.623832249,T,IBM,F I,5,310.43
2025-11-03,9:53:15.142181550,T,IBM,,54,310.51
2025-11-03,9:53:15.155740870,T,IBM,F I,5,310.4
2025-11-03,9:53:15.155743937,T,IBM,F I,12,310.4
2025-11-03,9:53:33.039825104,T,IBM,F,75,310.35
2025-11-03,9:53:34.952483291,T,IBM,F I,35,310.46
2025-11-03,9:53:43.295372899,T,IBM,,100,310.345
2025-11-03,9:53:48.139765050,T,IBM,F I,35,310.47
2025-11-03,9:53:48.139809465,T,IBM,I,1,310.49
2025-11-03,9:53:48.139812448,T,IBM,,40,310.5
2025-11-03,9:53:48.139815546,T,IBM,,53,310.5
2025-11-03,9:53:48.139866656,T,IBM,I,1,310.5
2025-11-03,9:53:48.139969370,T,IBM,I,5,310.47
2025-11-03,9:53:48.140007933,T,IBM,I,5,310.47
2025-11-03,9:53:48.140161348,T,IBM,I,35,310.47
2025-11-03,9:53:48.140846934,T,IBM,F,100,310.47
2025-11-03,9:53:48.140937139,T,IBM,F,40,310.55
2025-11-03,9:53:48.142239299,T,IBM,I,1,310.54
2025-11-03,9:53:48.211018954,T,IBM,I,32,310.5
2025-11-03,9:53:48.663343821,T,IBM,,40,310.49
2025-11-03,9:53:58.866723557,T,IBM,F I,2,310.37
2025-11-03,9:53:58.866726691,T,IBM,F I,5,310.37
2025-11-03,9:54:09.742077060,T,IBM,F,40,310.55
2025-11-03,9:54:09.742330199,T,IBM,,40,310.56
2025-11-03,9:54:11.234891331,T,IBM,F I,2,310.46
2025-11-03,9:54:11.234893798,T,IBM,F I,5,310.46
2025-11-03,9:54:11.234896873,T,IBM,F I,4,310.46
2025-11-03,9:54:29.218344065,T,IBM,F I,5,310.16
2025-11-03,9:54:33.601996681,T,IBM,I,30,310.28
2025-11-03,9:54:33.601999755,T,IBM,I,2,310.29
2025-11-03,9:54:33.602631194,T,IBM,F I,14,310.37
2025-11-03,9:54:38.030125330,T,IBM,,40,310.52
2025-11-03,9:54:38.030125330,T,IBM,I,20,310.52
2025-11-03,9:54:38.030868061,T,IBM,F I,14,310.52
2025-11-03,9:54:40.248124532,T,IBM,F,80,310.68
2025-11-03,9:55:02.623746282,T,IBM,F I,5,310.415
2025-11-03,9:55:02.778942710,T,IBM,F I,5,310.415
2025-11-03,9:55:02.853502307,T,IBM,F I,5,310.37
2025-11-03,9:55:04.616301717,T,IBM,F I,2,310.47
2025-11-03,9:55:10.737821357,T,IBM,F,40,310.57
2025-11-03,9:55:10.738365785,T,IBM,,40,310.55
2025-11-03,9:55:15.417676018,T,IBM,I,30,310.59
2025-11-03,9:55:15.417802256,T,IBM,F,80,310.61
2025-11-03,9:55:15.433665061,T,IBM,I,25,310.66
2025-11-03,9:55:15.839965242,T,IBM,I,16,310.66
2025-11-03,9:55:19.049205077,T,IBM,I,10,310.69
2025-11-03,9:55:25.932498053,T,IBM,F,40,310.54
2025-11-03,9:55:25.932498053,T,IBM,F,40,310.54
2025-11-03,9:55:25.932501053,T,IBM,F I,5,310.54
2025-11-03,9:55:25.932519437,T,IBM,F I,9,310.54
2025-11-03,9:55:39.110147503,T,IBM,I,10,310.74
2025-11-03,9:55:41.412674744,T,IBM,,100,310.67
2025-11-03,9:55:53.296656466,T,IBM,I,3,310.565
2025-11-03,9:56:00.676100782,T,IBM,,40,310.58
2025-11-03,9:56:00.814646667,T,IBM,I,30,310.57
2025-11-03,9:56:00.819190490,T,IBM,F I,2,310.56
2025-11-03,9:56:04.751023434,T,IBM,F I,20,310.59
2025-11-03,9:56:04.751023434,T,IBM,F I,30,310.6
2025-11-03,9:56:04.751044472,T,IBM,I,1,310.6
2025-11-03,9:56:04.751044472,T,IBM,I,19,310.6
2025-11-03,9:56:04.751129510,T,IBM,F I,1,310.65
2025-11-03,9:56:04.751129510,T,IBM,F I,19,310.66
2025-11-03,9:56:04.751844349,T,IBM,F I,20,310.66
2025-11-03,9:56:04.751868429,T,IBM,F I,1,310.66
2025-11-03,9:56:04.752081891,T,IBM,,40,310.65
2025-11-03,9:56:04.752385679,T,IBM,F I,1,310.76
2025-11-03,9:56:04.752415688,T,IBM,F I,1,310.76
2025-11-03,9:56:04.752448857,T,IBM,F I,1,310.77
2025-11-03,9:56:04.752800673,T,IBM,I,39,310.77
2025-11-03,9:56:04.752887916,T,IBM,F I,1,310.78
2025-11-03,9:56:04.752911880,T,IBM,F I,39,310.78
2025-11-03,9:56:08.000102040,T,IBM,,40,310.79
2025-11-03,9:56:08.000102040,T,IBM,I,14,310.79
2025-11-03,9:56:08.000105122,T,IBM,F I,30,310.79
2025-11-03,9:56:08.002916828,T,IBM,I,17,310.75
2025-11-03,9:56:08.341862656,T,IBM,F,80,310.7
2025-11-03,9:56:08.341862656,T,IBM,F I,8,310.7
2025-11-03,9:56:08.341865680,T,IBM,F,40,310.7
2025-11-03,9:56:08.728514114,T,IBM,F I,12,310.54
2025-11-03,9:56:08.728580201,T,IBM,F,40,310.51
2025-11-03,9:56:08.728583205,T,IBM,F I,5,310.51
2025-11-03,9:56:08.728598329,T,IBM,,160,310.54
2025-11-03,9:56:08.729629702,T,IBM,F I,35,310.46
2025-11-03,9:56:08.729701894,T,IBM,F I,4,310.45
2025-11-03,9:56:19.511120911,T,IBM,I,8,310.59
2025-11-03,9:56:19.511125128,T,IBM,,45,310.64
2025-11-03,9:56:19.511127681,T,IBM,I,5,310.64
2025-11-03,9:56:19.511127681,T,IBM,I,2,310.65
2025-11-03,9:56:19.511129883,T,IBM,I,20,310.65
2025-11-03,9:56:30.298891131,T,IBM,I,3,310.555
2025-11-03,9:56:34.127542589,T,IBM,F I,30,310.5
2025-11-03,9:56:34.127765148,T,IBM,I,1,310.48
2025-11-03,9:56:34.128125920,T,IBM,F I,12,310.54
2025-11-03,9:56:36.152196392,T,IBM,,100,310.59
2025-11-03,9:56:36.463232901,T,IBM,I,35,310.66
2025-11-03,9:56:36.463296000,T,IBM,I,36,310.68
2025-11-03,9:56:36.463320058,T,IBM,F I,36,310.69
2025-11-03,9:56:36.463458403,T,IBM,F I,36,310.68
2025-11-03,9:56:36.482595920,T,IBM,F I,21,310.79
2025-11-03,9:56:37.491930727,T,IBM,F I,12,310.95
2025-11-03,9:56:37.918896154,T,IBM,F I,15,311.0
2025-11-03,9:56:37.918896154,T,IBM,F I,16,311.0
2025-11-03,9:56:37.918908176,T,IBM,I,1,311.0
2025-11-03,9:56:37.918914232,T,IBM,I,1,311.0
2025-11-03,9:56:37.919115725,T,IBM,F I,2,311.0
2025-11-03,9:56:37.919344266,T,IBM,F I,13,311.05
2025-11-03,9:56:37.919431498,T,IBM,F I,10,311.05
2025-11-03,9:56:37.919804337,T,IBM,F I,1,311.09
2025-11-03,9:56:37.919855436,T,IBM,F I,1,311.09
2025-11-03,9:56:38.798442156,T,IBM,F I,18,311.09
2025-11-03,9:56:38.798445148,T,IBM,F,82,311.1
2025-11-03,9:56:38.798460989,T,IBM,F I,18,311.1
2025-11-03,9:56:38.901103512,T,IBM,F I,2,311.05
2025-11-03,9:56:40.544284214,T,IBM,F I,20,311.22
2025-11-03,9:56:40.544287287,T,IBM,F I,10,311.22
2025-11-03,9:56:40.544290165,T,IBM,F,73,311.22
2025-11-03,9:56:40.544314195,T,IBM,F I,7,311.22
2025-11-03,9:56:40.544320397,T,IBM,F I,14,311.23
2025-11-03,9:56:40.544320397,T,IBM,F,40,311.23
2025-11-03,9:56:40.544323810,T,IBM,F,42,311.23
2025-11-03,9:56:40.544323810,T,IBM,F I,7,311.23
2025-11-03,9:56:40.544374338,T,IBM,,100,311.23
2025-11-03,9:56:40.544398420,T,IBM,I,22,311.23
2025-11-03,9:56:40.544900739,T,IBM,I,8,311.23
2025-11-03,9:56:40.545198304,T,IBM,I,5,311.17
2025-11-03,9:56:51.752229491,T,IBM,F I,1,311.07
2025-11-03,9:57:04.314442723,T,IBM,F I,5,311.23
2025-11-03,9:57:04.314445734,T,IBM,F I,5,311.23
2025-11-03,9:57:04.905036689,T,IBM,F I,10,311.2
2025-11-03,9:57:04.905087757,T,IBM,F I,5,311.18
2025-11-03,9:57:08.034950636,T,IBM,,100,311.14
2025-11-03,9:57:08.034971669,T,IBM,F I,29,311.13
2025-11-03,9:57:08.045445591,T,IBM,F,100,311.055
2025-11-03,9:57:13.971400820,T,IBM,F I,2,311.1
2025-11-03,9:57:13.971403823,T,IBM,F,44,311.11
2025-11-03,9:57:18.077754442,T,IBM,F I,11,311.02
2025-11-03,9:57:20.099690002,T,IBM,I,1,311.0
2025-11-03,9:57:20.099714251,T,IBM,I,12,310.98
2025-11-03,9:57:20.099717066,T,IBM,I,10,310.98
2025-11-03,9:57:20.099720076,T,IBM,,40,310.98
2025-11-03,9:57:20.099753126,T,IBM,F,43,310.97
2025-11-03,9:57:20.099762127,T,IBM,I,20,310.98
2025-11-03,9:57:20.100147269,T,IBM,F I,3,310.91
2025-11-03,9:57:20.100174838,T,IBM,F I,20,310.98
2025-11-03,9:57:20.100307060,T,IBM,F I,33,310.98
2025-11-03,9:57:20.920229254,T,IBM,F I,19,310.98
2025-11-03,9:57:33.993629520,T,IBM,F I,2,310.82
2025-11-03,9:57:35.175500847,T,IBM,F,40,310.84
2025-11-03,9:57:35.175500847,T,IBM,F,40,310.85
2025-11-03,9:57:35.175500847,T,IBM,F,40,310.85
2025-11-03,9:57:35.175503284,T,IBM,F,60,310.85
2025-11-03,9:57:41.040346815,T,IBM,I,10,310.94
2025-11-03,9:57:41.041146802,T,IBM,,46,310.94
2025-11-03,9:57:41.540680968,T,IBM,F I,2,310.94
2025-11-03,9:57:46.142521056,T,IBM,F,52,310.94
2025-11-03,9:57:57.714056134,T,IBM,I,1,310.905
2025-11-03,9:57:59.846675966,T,IBM,,40,310.9
2025-11-03,9:58:01.542455118,T,IBM,F I,3,310.82
2025-11-03,9:58:01.542455118,T,IBM,F I,2,310.82
2025-11-03,9:58:01.542458597,T,IBM,F I,2,310.8
2025-11-03,9:58:01.542460962,T,IBM,F I,2,310.8
2025-11-03,9:58:01.542909067,T,IBM,,40,310.83
2025-11-03,9:58:01.544244211,T,IBM,F,48,310.72
2025-11-03,9:58:01.544508928,T,IBM,,40,310.71
2025-11-03,9:58:01.544508928,T,IBM,F,40,310.71
2025-11-03,9:58:01.545020090,T,IBM,F I,20,310.7
2025-11-03,9:58:01.547371659,T,IBM,I,8,310.77
2025-11-03,9:58:05.035841347,T,IBM,I,19,310.82
2025-11-03,9:58:05.035841347,T,IBM,F I,21,310.82
2025-11-03,9:58:05.035847339,T,IBM,I,19,310.82
2025-11-03,9:58:05.035847339,T,IBM,F I,7,310.82
2025-11-03,9:58:05.035853245,T,IBM,F I,19,310.82
2025-11-03,9:58:05.035865365,T,IBM,F I,15,310.82
2025-11-03,9:58:05.035868336,T,IBM,F I,4,310.83
2025-11-03,9:58:05.035874391,T,IBM,F I,14,310.83
2025-11-03,9:58:05.035874391,T,IBM,F I,1,310.83
2025-11-03,9:58:07.697246052,T,IBM,I,15,310.85
2025-11-03,9:58:13.311238535,T,IBM,,40,310.885
2025-11-03,9:58:25.503733915,T,IBM,F I,1,310.91
2025-11-03,9:58:28.338747965,T,IBM,F I,4,310.92
2025-11-03,9:58:29.897313438,T,IBM,F I,2,310.98
2025-11-03,9:58:29.897316272,T,IBM,F I,38,310.99
2025-11-03,9:58:29.897328300,T,IBM,F I,2,310.99
2025-11-03,9:58:29.897388476,T,IBM,I,10,310.93
2025-11-03,9:58:29.897421499,T,IBM,F I,3,310.99
2025-11-03,9:58:36.460608920,T,IBM,F I,5,311.06
2025-11-03,9:58:36.460717691,T,IBM,F,80,311.06
2025-11-03,9:58:36.460720765,T,IBM,F I,15,311.06
2025-11-03,9:58:36.460723517,T,IBM,F,73,311.07
2025-11-03,9:58:36.460741143,T,IBM,I,1,311.07
2025-11-03,9:58:36.460756171,T,IBM,I,6,311.07
2025-11-03,9:58:48.043844925,T,IBM,F I,16,311.13
2025-11-03,9:59:07.395363097,T,IBM,F I,11,311.16
2025-11-03,9:59:07.395372056,T,IBM,F I,11,311.16
2025-11-03,9:59:07.395375215,T,IBM,F I,11,311.16
2025-11-03,9:59:07.395390205,T,IBM,F,67,311.16
2025-11-03,9:59:07.395393477,T,IBM,F I,10,311.22
2025-11-03,9:59:07.395393477,T,IBM,F I,1,311.22
2025-11-03,9:59:07.395841153,T,IBM,,40,311.14
2025-11-03,9:59:07.395841153,T,IBM,,56,311.13
2025-11-03,9:59:08.115770235,T,IBM,F I,5,311.15
2025-11-03,9:59:08.115773078,T,IBM,F I,12,311.15
2025-11-03,9:59:08.350448732,T,IBM,I,4,311.13
2025-11-03,9:59:10.234551111,T,IBM,F I,6,311.04
2025-11-03,9:59:10.236400436,T,IBM,,200,311.0
2025-11-03,9:59:10.236851517,T,IBM,I,6,310.92
2025-11-03,9:59:14.460460148,T,IBM,F I,8,311.23
2025-11-03,9:59:16.037925442,T,IBM,I,5,311.14
2025-11-03,9:59:16.037925442,T,IBM,I,20,311.135
2025-11-03,9:59:35.552678296,T,IBM,,100,311.135
2025-11-03,9:59:36.025190178,T,IBM,I,8,311.135
2025-11-03,9:59:36.025653244,T,IBM,I,8,311.14
2025-11-03,9:59:36.025680309,T,IBM,I,8,311.14
2025-11-03,9:59:36.079234874,T,IBM,I,8,311.135
2025-11-03,9:59:36.115994327,T,IBM,I,8,311.13
2025-11-03,9:59:38.841490737,T,IBM,F,100,311.14
2025-11-03,9:59:56.890821998,T,IBM,I,2,311.22
2025-11-03,9:59:59.011867713,T,IBM,F I,10,311.27
2025-11-03,9:59:59.011867713,T,IBM,F,211,311.27
2025-11-03,9:59:59.012342528,T,IBM,F I,1,311.29
2025-11-03,9:59:59.534343222,T,IBM,F I,1,311.39
2025-11-03,9:59:59.534346173,T,IBM,F I,17,311.43
2025-11-03,9:59:59.535233435,T,IBM,I,3,311.41
2025-11-03,10:00:00.278136922,T,IBM,F,40,311.44
2025-11-03,10:00:00.278136922,T,IBM,F I,5,311.33
2025-11-03,10:00:01.150652024,T,IBM,F,120,311.435
2025-11-03,10:00:07.844590590,T,IBM,,40,311.41
2025-11-03,10:00:13.148187300,T,IBM,F I,12,311.33
2025-11-03,10:00:16.133396996,T,IBM,F I,9,311.07
2025-11-03,10:00:16.133399882,T,IBM,F I,3,311.07
2025-11-03,10:00:16.133402893,T,IBM,F I,8,311.07
2025-11-03,10:00:16.147900448,T,IBM,I,30,311.1
2025-11-03,10:00:20.554933923,T,IBM,,40,311.11
2025-11-03,10:00:29.370338922,T,IBM,I,30,311.115
2025-11-03,10:00:31.235219447,T,IBM,F I,5,311.05
2025-11-03,10:00:38.144034621,T,IBM,F I,5,311.03
2025-11-03,10:00:40.084635399,T,IBM,F I,5,311.06
2025-11-03,10:00:41.286124680,T,IBM,,100,310.97
2025-11-03,10:00:41.286127658,T,IBM,,45,310.97
2025-11-03,10:00:41.286130676,T,IBM,,40,310.96
2025-11-03,10:00:41.286130676,T,IBM,I,15,310.96
2025-11-03,10:00:41.286148735,T,IBM,F,65,310.96
2025-11-03,10:00:41.286152630,T,IBM,F,45,310.96
2025-11-03,10:00:41.286154672,T,IBM,F I,37,310.96
2025-11-03,10:00:41.286157667,T,IBM,F I,5,310.96
2025-11-03,10:00:41.286244960,T,IBM,F,73,310.96
2025-11-03,10:00:41.286257013,T,IBM,F,127,310.96
2025-11-03,10:00:41.286398319,T,IBM,F,100,311.0
2025-11-03,10:00:41.286419325,T,IBM,I,1,311.0
2025-11-03,10:00:41.286425398,T,IBM,F I,39,311.0
2025-11-03,10:00:41.286476683,T,IBM,I,5,310.97
2025-11-03,10:00:41.286476683,T,IBM,,45,310.97
2025-11-03,10:00:41.286476683,T,IBM,I,30,310.97
2025-11-03,10:00:41.286645389,T,IBM,F I,30,310.97
2025-11-03,10:00:41.286647919,T,IBM,F I,5,310.97
2025-11-03,10:00:41.286828289,T,IBM,F I,5,310.97
2025-11-03,10:00:41.286957604,T,IBM,F I,33,310.97
2025-11-03,10:00:41.290584238,T,IBM,,40,311.0
2025-11-03,10:00:41.290605464,T,IBM,I,11,311.0
2025-11-03,10:00:41.294968721,T,IBM,I,5,310.97
2025-11-03,10:00:41.294968721,T,IBM,,60,310.97
2025-11-03,10:00:41.294971704,T,IBM,I,15,310.96
2025-11-03,10:00:41.302325081,T,IBM,I,5,310.97
2025-11-03,10:00:41.302325081,T,IBM,I,35,310.96
2025-11-03,10:00:41.302351299,T,IBM,,50,310.96
2025-11-03,10:00:41.347578894,T,IBM,,45,310.97
2025-11-03,10:00:41.347578894,T,IBM,I,5,310.96
2025-11-03,10:00:52.259896972,T,IBM,,40,310.89
2025-11-03,10:00:52.260537474,T,IBM,F I,20,310.88
2025-11-03,10:00:52.260537474,T,IBM,F,180,310.88
2025-11-03,10:00:52.260559037,T,IBM,I,1,310.88
2025-11-03,10:00:52.260561916,T,IBM,I,19,310.88
2025-11-03,10:00:57.525961257,T,IBM,I,9,310.91
2025-11-03,10:00:58.473631444,T,IBM,F I,36,311.1
2025-11-03,10:00:58.474217812,T,IBM,I,7,311.11
2025-11-03,10:00:58.474256821,T,IBM,I,7,311.11
2025-11-03,10:00:58.474287544,T,IBM,I,11,311.17
2025-11-03,10:00:58.474350093,T,IBM,I,7,311.1
2025-11-03,10:00:58.501306266,T,IBM,F I,7,311.14
2025-11-03,10:01:03.876534266,T,IBM,I,5,311.17
2025-11-03,10:01:03.876534266,T,IBM,I,12,311.18
2025-11-03,10:01:03.876534266,T,IBM,I,20,311.24
2025-11-03,10:01:03.876536766,T,IBM,I,11,311.24
2025-11-03,10:01:13.069463333,T,IBM,F I,30,311.07
2025-11-03,10:01:13.069466303,T,IBM,F I,2,311.04
2025-11-03,10:01:13.069466303,T,IBM,F I,14,311.03
2025-11-03,10:01:13.069469355,T,IBM,F I,26,311.03
2025-11-03,10:01:13.069469355,T,IBM,F I,20,311.02
2025-11-03,10:01:13.069481410,T,IBM,I,1,311.02
2025-11-03,10:01:13.069484568,T,IBM,I,19,311.02
2025-11-03,10:01:13.069487348,T,IBM,I,6,311.02
2025-11-03,10:01:13.232676903,T,IBM,F I,2,311.1
2025-11-03,10:01:43.046025724,T,IBM,I,5,311.06
2025-11-03,10:01:43.046028769,T,IBM,,100,311.04
2025-11-03,10:01:43.046031749,T,IBM,,40,311.02
2025-11-03,10:01:43.046034789,T,IBM,,100,311.0
2025-11-03,10:01:43.046040827,T,IBM,I,1,310.99
2025-11-03,10:01:43.046040827,T,IBM,I,20,310.99
2025-11-03,10:01:43.046043868,T,IBM,I,5,310.98
2025-11-03,10:01:43.046043868,T,IBM,I,14,310.98
2025-11-03,10:01:43.046092339,T,IBM,,186,310.98
2025-11-03,10:01:43.046092339,T,IBM,,40,310.98
2025-11-03,10:01:43.046094929,T,IBM,,40,310.98
2025-11-03,10:01:43.211416521,T,IBM,F I,5,311.02
2025-11-03,10:01:43.211416521,T,IBM,F I,5,311.02
2025-11-03,10:01:52.740573790,T,IBM,F I,33,311.1
2025-11-03,10:01:52.740591926,T,IBM,F,40,311.11
2025-11-03,10:01:52.740594785,T,IBM,F,40,311.12
2025-11-03,10:01:58.294976557,T,IBM,F I,4,311.19
2025-11-03,10:01:58.295214373,T,IBM,F I,5,311.19
2025-11-03,10:01:59.368836068,T,IBM,I,1,311.25
2025-11-03,10:01:59.369187935,T,IBM,I,2,311.25
2025-11-03,10:02:01.689448554,T,IBM,F,40,311.27
2025-11-03,10:02:01.689469628,T,IBM,I,1,311.27
2025-11-03,10:02:01.689472672,T,IBM,I,39,311.27
2025-11-03,10:02:01.689472672,T,IBM,I,1,311.27
2025-11-03,10:02:01.794004468,T,IBM,F I,17,311.36
2025-11-03,10:02:01.851868222,T,IBM,F I,12,311.27
2025-11-03,10:02:03.253330554,T,IBM,,40,311.23
2025-11-03,10:02:21.534261282,T,IBM,F I,1,311.26
2025-11-03,10:02:26.204147423,T,IBM,F,150,311.2
2025-11-03,10:02:26.204183556,T,IBM,F,100,311.2
2025-11-03,10:02:27.511777394,T,IBM,F I,20,311.28
2025-11-03,10:02:27.511777394,T,IBM,F,58,311.28
2025-11-03,10:02:27.511783791,T,IBM,F,42,311.28
2025-11-03,10:02:27.511786334,T,IBM,F I,1,311.29
2025-11-03,10:02:27.511789331,T,IBM,F I,35,311.29
2025-11-03,10:02:27.511789331,T,IBM,F I,5,311.29
2025-11-03,10:02:27.511792450,T,IBM,F I,37,311.29
2025-11-03,10:02:27.511843479,T,IBM,F I,4,311.29
2025-11-03,10:02:32.178623303,T,IBM,,40,311.22
2025-11-03,10:02:41.288381115,T,IBM,,40,311.28
2025-11-03,10:02:49.649145772,T,IBM,F I,1,311.33
2025-11-03,10:02:50.600598916,T,IBM,F I,2,311.28
2025-11-03,10:02:54.234365451,T,IBM,F,160,311.21
2025-11-03,10:02:54.234365451,T,IBM,F I,5,311.21
2025-11-03,10:02:54.234389938,T,IBM,I,1,311.21
2025-11-03,10:02:54.234389938,T,IBM,,48,311.21
2025-11-03,10:02:54.234395459,T,IBM,F I,5,311.21
2025-11-03,10:02:54.234398791,T,IBM,F I,1,311.21
2025-11-03,10:02:54.234401541,T,IBM,F I,4,311.2
2025-11-03,10:02:54.234404504,T,IBM,I,1,311.2
2025-11-03,10:02:54.257403246,T,IBM,I,20,311.16
2025-11-03,10:02:54.257403246,T,IBM,,49,311.13
2025-11-03,10:02:54.466064050,T,IBM,F I,14,311.14
2025-11-03,10:02:58.413387066,T,IBM,F I,12,311.15
2025-11-03,10:02:58.449217312,T,IBM,I,5,311.14
2025-11-03,10:02:58.449220619,T,IBM,I,5,311.13
2025-11-03,10:02:58.449220619,T,IBM,,70,311.12
2025-11-03,10:02:58.449241342,T,IBM,I,1,311.12
2025-11-03,10:02:58.449241342,T,IBM,F I,9,311.12
2025-11-03,10:02:58.449277445,T,IBM,F I,2,311.11
2025-11-03,10:03:12.418459555,T,IBM,,65,311.1
2025-11-03,10:03:13.662040010,T,IBM,I,30,311.16
2025-11-03,10:03:14.515300532,T,IBM,F I,1,311.17
2025-11-03,10:03:14.515303337,T,IBM,F I,1,311.17
2025-11-03,10:03:14.515306310,T,IBM,F I,33,311.17
2025-11-03,10:03:14.515306310,T,IBM,I,35,311.17
2025-11-03,10:03:14.515309634,T,IBM,F I,32,311.17
2025-11-03,10:03:14.515312406,T,IBM,F I,3,311.18
2025-11-03,10:03:14.515312406,T,IBM,F I,30,311.18
2025-11-03,10:03:14.807124042,T,IBM,F I,28,311.27
2025-11-03,10:03:14.807139117,T,IBM,I,1,311.27
2025-11-03,10:03:14.815856795,T,IBM,,40,311.28
2025-11-03,10:03:23.098069071,T,IBM,I,12,311.27
2025-11-03,10:03:23.098072563,T,IBM,I,12,311.26
2025-11-03,10:03:23.098074685,T,IBM,,80,311.25
2025-11-03,10:03:23.098074685,T,IBM,I,21,311.25
2025-11-03,10:03:23.098089974,T,IBM,F I,19,311.25
2025-11-03,10:03:23.098093135,T,IBM,F I,5,311.25
2025-11-03,10:03:48.817267232,T,IBM,I,30,311.18
2025-11-03,10:03:48.817267232,T,IBM,I,12,311.19
2025-11-03,10:03:48.817270285,T,IBM,I,2,311.2
2025-11-03,10:03:48.817895753,T,IBM,F I,4,311.21
2025-11-03,10:03:48.818921150,T,IBM,,45,311.2
2025-11-03,10:03:48.818924200,T,IBM,I,3,311.2
2025-11-03,10:03:54.616774704,T,IBM,I,3,311.2
2025-11-03,10:03:59.066561122,T,IBM,F I,7,311.21
2025-11-03,10:03:59.066570275,T,IBM,F I,1,311.23
2025-11-03,10:03:59.067141435,T,IBM,F,100,311.29
2025-11-03,10:03:59.067144450,T,IBM,F,40,311.3
2025-11-03,10:03:59.067177465,T,IBM,F I,16,311.32
2025-11-03,10:03:59.067231574,T,IBM,,200,311.3
2025-11-03,10:04:00.362839015,T,IBM,I,12,311.33
2025-11-03,10:04:00.362839015,T,IBM,I,39,311.35
2025-11-03,10:04:00.373773020,T,IBM,F,40,311.37
2025-11-03,10:04:00.373773020,T,IBM,F I,1,311.37
2025-11-03,10:04:00.373776059,T,IBM,F I,10,311.37
2025-11-03,10:04:00.704683815,T,IBM,F I,10,311.45
2025-11-03,10:04:00.857805419,T,IBM,I,30,311.45
2025-11-03,10:04:00.857805419,T,IBM,I,10,311.45
2025-11-03,10:04:02.028898169,T,IBM,F I,20,311.5
2025-11-03,10:04:07.862822606,T,IBM,I,12,311.47
2025-11-03,10:04:11.717287672,T,IBM,F I,1,311.48
2025-11-03,10:04:11.717290494,T,IBM,F I,1,311.48
2025-11-03,10:04:15.082232140,T,IBM,,40,311.36
2025-11-03,10:04:15.082253148,T,IBM,I,30,311.36
2025-11-03,10:04:15.101655315,T,IBM,F,71,311.36
2025-11-03,10:04:15.101673377,T,IBM,I,1,311.36
2025-11-03,10:04:22.262978657,T,IBM,,240,311.31
2025-11-03,10:04:22.262999712,T,IBM,F,40,311.31
2025-11-03,10:04:34.460204450,T,IBM,F,40,311.33
2025-11-03,10:04:34.460207342,T,IBM,F,40,311.34
2025-11-03,10:04:37.952877865,T,IBM,F I,2,311.33
2025-11-03,10:04:39.367376156,T,IBM,F I,25,311.39
2025-11-03,10:04:43.616470529,T,IBM,I,30,311.35
2025-11-03,10:04:46.487579939,T,IBM,I,15,311.24
2025-11-03,10:04:46.487579939,T,IBM,I,5,311.24
2025-11-03,10:04:46.487582510,T,IBM,,60,311.23
2025-11-03,10:04:47.003845513,T,IBM,I,10,311.24
2025-11-03,10:04:47.004065090,T,IBM,I,15,311.22
2025-11-03,10:04:47.004089055,T,IBM,F,65,311.22
2025-11-03,10:04:47.004092114,T,IBM,F I,5,311.22
2025-11-03,10:04:47.004197444,T,IBM,F I,10,311.2
2025-11-03,10:04:53.897450409,T,IBM,F I,30,311.31
2025-11-03,10:04:53.897507620,T,IBM,,100,311.31
2025-11-03,10:04:53.897507620,T,IBM,,100,311.31
2025-11-03,10:04:53.898220400,T,IBM,F I,11,311.33
2025-11-03,10:04:53.898220400,T,IBM,F I,6,311.33
2025-11-03,10:04:53.898737464,T,IBM,,40,311.32
2025-11-03,10:04:53.898743441,T,IBM,I,7,311.32
2025-11-03,10:05:00.020420004,T,IBM,F,40,311.34
2025-11-03,10:05:12.072472241,T,IBM,F I,1,311.3
2025-11-03,10:05:13.467090335,T,IBM,F I,1,311.39
2025-11-03,10:05:13.467983465,T,IBM,F I,14,311.47
2025-11-03,10:05:13.468359326,T,IBM,F I,15,311.5
2025-11-03,10:05:13.468359326,T,IBM,F I,5,311.5
2025-11-03,10:05:13.803573337,T,IBM,F,150,311.58
2025-11-03,10:05:13.823540827,T,IBM,F I,13,311.52
2025-11-03,10:05:13.823540827,T,IBM,F I,27,311.52
2025-11-03,10:05:13.823558912,T,IBM,I,1,311.52
2025-11-03,10:05:13.903991413,T,IBM,F,40,311.51
2025-11-03,10:05:16.660876800,T,IBM,I,2,311.48
2025-11-03,10:05:16.660876800,T,IBM,I,12,311.47
2025-11-03,10:05:16.660882538,T,IBM,,100,311.47
2025-11-03,10:05:16.660882538,T,IBM,,40,311.46
2025-11-03,10:05:16.660885465,T,IBM,,100,311.46
2025-11-03,10:05:16.661544120,T,IBM,F I,10,311.48
2025-11-03,10:05:18.592170637,T,IBM,F I,13,311.46
2025-11-03,10:05:18.592170637,T,IBM,F I,30,311.46
2025-11-03,10:05:18.592173136,T,IBM,F I,6,311.46
2025-11-03,10:05:25.076816598,T,IBM,I,10,311.52
2025-11-03,10:05:25.076816598,T,IBM,I,12,311.51
2025-11-03,10:05:25.077312819,T,IBM,I,22,311.51
2025-11-03,10:05:25.077406290,T,IBM,I,20,311.5
2025-11-03,10:05:25.077406290,T,IBM,I,2,311.5
2025-11-03,10:05:25.077709782,T,IBM,I,5,311.5
2025-11-03,10:05:26.568407327,T,IBM,F,40,311.52
2025-11-03,10:05:26.568407327,T,IBM,F I,1,311.52
2025-11-03,10:05:26.568409476,T,IBM,F I,3,311.52
2025-11-03,10:05:29.440005764,T,IBM,,75,311.51
2025-11-03,10:05:29.440008744,T,IBM,,40,311.5
2025-11-03,10:05:40.754853249,T,IBM,,65,311.535
2025-11-03,10:05:40.754877331,T,IBM,F I,35,311.535
2025-11-03,10:05:40.755445666,T,IBM,F,47,311.56
2025-11-03,10:05:40.755548190,T,IBM,I,30,311.57
2025-11-03,10:05:40.755548190,T,IBM,I,8,311.57
2025-11-03,10:05:40.755550930,T,IBM,I,1,311.57
2025-11-03,10:05:40.755550930,T,IBM,I,8,311.57
2025-11-03,10:05:40.755692501,T,IBM,F I,9,311.53
2025-11-03,10:05:40.755870060,T,IBM,F I,9,311.57
2025-11-03,10:05:40.755870060,T,IBM,F I,4,311.57
2025-11-03,10:05:40.755875712,T,IBM,F I,8,311.57
2025-11-03,10:05:42.711975492,T,IBM,F,100,311.565
2025-11-03,10:05:42.711978489,T,IBM,F,100,311.56
2025-11-03,10:05:42.711981547,T,IBM,F,80,311.54
2025-11-03,10:05:42.712000511,T,IBM,F,120,311.54
2025-11-03,10:05:42.712000511,T,IBM,F,80,311.53
2025-11-03,10:05:42.712027350,T,IBM,F I,8,311.54
2025-11-03,10:05:42.712342475,T,IBM,F I,9,311.56
2025-11-03,10:05:42.712405886,T,IBM,,80,311.56
2025-11-03,10:05:42.712462690,T,IBM,F I,1,311.58
2025-11-03,10:05:42.712468665,T,IBM,I,20,311.56
2025-11-03,10:05:42.712472561,T,IBM,I,1,311.56
2025-11-03,10:05:42.712472561,T,IBM,,99,311.56
2025-11-03,10:05:42.712475096,T,IBM,,80,311.56
2025-11-03,10:05:42.712492769,T,IBM,F I,12,311.58
2025-11-03,10:05:43.653883757,T,IBM,F I,4,311.68
2025-11-03,10:05:43.653937948,T,IBM,I,8,311.68
2025-11-03,10:05:43.653959041,T,IBM,F,1110,311.68
2025-11-03,10:05:43.653977066,T,IBM,I,1,311.68
2025-11-03,10:05:44.225800361,T,IBM,I,9,311.68
2025-11-03,10:05:44.225824426,T,IBM,I,18,311.68
2025-11-03,10:05:50.218181016,T,IBM,F I,3,311.71
2025-11-03,10:05:50.218183833,T,IBM,F I,14,311.72
2025-11-03,10:05:50.218186901,T,IBM,F,46,311.72
2025-11-03,10:05:50.218192948,T,IBM,I,12,311.73
2025-11-03,10:05:50.218195921,T,IBM,I,5,311.73
2025-11-03,10:05:50.218277043,T,IBM,F,40,311.74
2025-11-03,10:05:50.218337286,T,IBM,F,40,311.74
2025-11-03,10:05:50.218562747,T,IBM,F,40,311.74
2025-11-03,10:05:50.218779311,T,IBM,F I,6,311.73
2025-11-03,10:05:50.219314603,T,IBM,I,3,311.72
2025-11-03,10:05:50.219320556,T,IBM,I,6,311.72
2025-11-03,10:05:50.219335628,T,IBM,F I,23,311.72
2025-11-03,10:05:50.219380775,T,IBM,F I,32,311.72
2025-11-03,10:05:50.219398712,T,IBM,F I,17,311.72
2025-11-03,10:05:54.765501232,T,IBM,F I,10,311.64
2025-11-03,10:05:54.765504460,T,IBM,F,60,311.63
2025-11-03,10:05:54.765507806,T,IBM,F I,10,311.62
2025-11-03,10:05:54.765555379,T,IBM,F I,30,311.62
2025-11-03,10:05:54.765558851,T,IBM,F I,10,311.62
2025-11-03,10:05:54.765624526,T,IBM,F I,8,311.62
2025-11-03,10:05:54.766015507,T,IBM,,70,311.63
2025-11-03,10:05:54.766030463,T,IBM,I,1,311.63
2025-11-03,10:05:54.767200257,T,IBM,I,4,311.63
2025-11-03,10:05:54.767200257,T,IBM,I,29,311.62
2025-11-03,10:05:54.767540555,T,IBM,I,33,311.62
2025-11-03,10:05:54.767540555,T,IBM,I,8,311.62
2025-11-03,10:05:54.776098436,T,IBM,F,100,311.62
2025-11-03,10:05:54.777262371,T,IBM,,40,311.6
2025-11-03,10:05:54.986410139,T,IBM,F I,10,311.62
2025-11-03,10:05:54.986410139,T,IBM,F I,2,311.62
2025-11-03,10:05:54.989673004,T,IBM,F,40,311.6
2025-11-03,10:05:54.989854246,T,IBM,,160,311.6
2025-11-03,10:05:54.990259437,T,IBM,F I,19,311.58
2025-11-03,10:05:54.990259437,T,IBM,F,52,311.58
2025-11-03,10:05:54.993119304,T,IBM,F I,8,311.54
2025-11-03,10:05:54.993125112,T,IBM,F,63,311.54
2025-11-03,10:05:55.015275849,T,IBM,F,100,311.54
2025-11-03,10:05:55.015275849,T,IBM,F,60,311.54
2025-11-03,10:05:55.015275849,T,IBM,F I,20,311.54
2025-11-03,10:06:04.056106526,T,IBM,I,5,311.47
2025-11-03,10:06:04.056380154,T,IBM,F I,5,311.46
2025-11-03,10:06:11.568362962,T,IBM,F I,1,311.63
2025-11-03,10:06:11.568368618,T,IBM,F,47,311.63
2025-11-03,10:06:11.569760480,T,IBM,I,16,311.66
2025-11-03,10:06:12.979441711,T,IBM,I,2,311.66
2025-11-03,10:06:13.605649182,T,IBM,F,100,311.625
2025-11-03,10:06:17.569364193,T,IBM,I,15,311.635
2025-11-03,10:06:17.571926355,T,IBM,,85,311.635
2025-11-03,10:06:18.295325489,T,IBM,F I,1,311.69
2025-11-03,10:06:18.295385607,T,IBM,I,1,311.69
2025-11-03,10:06:18.295484897,T,IBM,F I,1,311.69
2025-11-03,10:06:26.421787351,T,IBM,F I,30,311.75
2025-11-03,10:06:27.667999239,T,IBM,F I,10,311.79
2025-11-03,10:06:27.667999239,T,IBM,F I,5,311.79
2025-11-03,10:06:27.668002134,T,IBM,F I,1,311.79
2025-11-03,10:06:30.273239221,T,IBM,F,100,311.78
2025-11-03,10:06:38.899716522,T,IBM,I,10,311.82
2025-11-03,10:06:38.899716522,T,IBM,I,5,311.83
2025-11-03,10:06:38.899719468,T,IBM,I,12,311.83
2025-11-03,10:06:38.899722491,T,IBM,I,4,311.85
2025-11-03,10:06:38.899722491,T,IBM,I,2,311.85
2025-11-03,10:06:38.899725941,T,IBM,I,10,311.85
2025-11-03,10:06:38.899725941,T,IBM,I,13,311.85
2025-11-03,10:06:38.899728549,T,IBM,F I,27,311.85
2025-11-03,10:06:38.899774313,T,IBM,F I,14,311.86
2025-11-03,10:06:38.920541277,T,IBM,I,5,311.83
2025-11-03,10:06:38.920541277,T,IBM,I,12,311.83
2025-11-03,10:06:38.920544108,T,IBM,I,23,311.82
2025-11-03,10:06:38.926059205,T,IBM,F I,6,311.85
2025-11-03,10:06:38.926335895,T,IBM,F,40,311.85
2025-11-03,10:06:42.132063530,T,IBM,F I,17,311.86
2025-11-03,10:06:42.132295138,T,IBM,I,28,311.86
2025-11-03,10:06:42.134794085,T,IBM,I,10,311.9
2025-11-03,10:06:42.134794085,T,IBM,I,7,311.9
2025-11-03,10:06:42.135593895,T,IBM,I,10,311.9
2025-11-03,10:06:42.688352783,T,IBM,F I,20,312.0
2025-11-03,10:06:42.688355895,T,IBM,F I,1,312.0
2025-11-03,10:06:42.688357963,T,IBM,F I,14,312.0
2025-11-03,10:06:42.688360900,T,IBM,F I,18,312.0
2025-11-03,10:06:43.389898364,T,IBM,F I,2,311.96
2025-11-03,10:06:43.389898364,T,IBM,F I,10,311.96
2025-11-03,10:06:43.389919042,T,IBM,F,40,311.95
2025-11-03,10:06:43.389952078,T,IBM,F,40,311.94
2025-11-03,10:06:46.201522337,T,IBM,I,5,311.95
2025-11-03,10:06:51.020539656,T,IBM,F,80,311.91
2025-11-03,10:06:51.021204294,T,IBM,F,120,311.91
2025-11-03,10:06:51.021583513,T,IBM,F I,2,311.93
2025-11-03,10:06:51.860748928,T,IBM,F I,1,311.97
2025-11-03,10:06:51.860766897,T,IBM,F I,1,311.98
2025-11-03,10:06:51.860779263,T,IBM,I,5,312.03
2025-11-03,10:06:51.860779263,T,IBM,I,1,312.05
2025-11-03,10:06:51.860782127,T,IBM,I,8,312.05
2025-11-03,10:06:51.860784985,T,IBM,I,5,312.05
2025-11-03,10:06:51.860794036,T,IBM,I,19,312.05
2025-11-03,10:06:59.744457915,T,IBM,I,2,311.975
2025-11-03,10:07:06.108099153,T,IBM,F I,6,311.955
2025-11-03,10:07:06.108111503,T,IBM,I,6,311.955
2025-11-03,10:07:06.108135202,T,IBM,F I,3,312.0
2025-11-03,10:07:06.108138275,T,IBM,F,100,312.0
2025-11-03,10:07:06.108144479,T,IBM,F I,6,311.955
2025-11-03,10:07:06.108156261,T,IBM,I,1,312.0
2025-11-03,10:07:06.108159256,T,IBM,F,379,312.0
2025-11-03,10:07:06.108198403,T,IBM,I,10,312.0
2025-11-03,10:07:06.108231416,T,IBM,F I,2,311.98
2025-11-03,10:07:06.108433157,T,IBM,,62,311.98
2025-11-03,10:07:06.108433157,T,IBM,I,2,311.98
2025-11-03,10:07:06.108435962,T,IBM,I,16,311.97
2025-11-03,10:07:06.108691584,T,IBM,,40,311.97
2025-11-03,10:07:06.108817866,T,IBM,F,80,311.97
2025-11-03,10:07:06.109386234,T,IBM,,40,311.97
2025-11-03,10:07:08.263744901,T,IBM,F I,30,311.99
2025-11-03,10:07:10.845387950,T,IBM,I,16,312.035
2025-11-03,10:07:13.408365305,T,IBM,F I,24,312.035
2025-11-03,10:07:15.758448624,T,IBM,F I,1,311.97
2025-11-03,10:07:15.758448624,T,IBM,F I,12,311.97
2025-11-03,10:07:15.758462918,T,IBM,F I,28,311.97
2025-11-03,10:07:15.758468977,T,IBM,F,40,311.97
2025-11-03,10:07:15.758977156,T,IBM,F,75,311.96
2025-11-03,10:07:15.758995449,T,IBM,F,45,311.96
2025-11-03,10:07:15.759220756,T,IBM,F I,6,311.95
2025-11-03,10:07:15.759377038,T,IBM,F I,1,311.96
2025-11-03,10:07:16.014606718,T,IBM,,40,311.99
2025-11-03,10:07:16.026497529,T,IBM,F I,34,312.04
2025-11-03,10:07:16.026500009,T,IBM,F I,1,312.04
2025-11-03,10:07:16.026503012,T,IBM,F,49,312.04
2025-11-03,10:07:16.026505986,T,IBM,F,75,312.05
2025-11-03,10:07:16.026581150,T,IBM,I,9,312.04
2025-11-03,10:07:16.026602277,T,IBM,F,191,312.04
2025-11-03,10:07:16.618943380,T,IBM,F I,20,312.09
2025-11-03,10:07:16.618946400,T,IBM,F,40,312.09
2025-11-03,10:07:16.618946400,T,IBM,F I,22,312.09
2025-11-03,10:07:16.618955403,T,IBM,F I,38,312.09
2025-11-03,10:07:16.618955403,T,IBM,F I,11,312.1
2025-11-03,10:07:16.618958455,T,IBM,F I,11,312.1
2025-11-03,10:07:16.618973635,T,IBM,I,1,312.1
2025-11-03,10:07:16.618976455,T,IBM,I,37,312.1
2025-11-03,10:07:16.960704147,T,IBM,,160,312.07
2025-11-03,10:07:16.960722063,T,IBM,I,1,312.07
2025-11-03,10:07:18.184665817,T,IBM,,40,312.015
2025-11-03,10:07:31.882653394,T,IBM,I,5,312.005
2025-11-03,10:07:36.373069367,T,IBM,F,40,311.95
2025-11-03,10:07:36.373075193,T,IBM,F,40,311.95
2025-11-03,10:07:36.373105342,T,IBM,F I,2,311.94
2025-11-03,10:07:36.373180526,T,IBM,F I,2,311.93
2025-11-03,10:07:36.373884096,T,IBM,F I,5,311.905
2025-11-03,10:07:36.373887216,T,IBM,F I,1,311.93
2025-11-03,10:07:36.374013450,T,IBM,F I,31,311.9
2025-11-03,10:07:36.374031443,T,IBM,F I,9,311.9
2025-11-03,10:07:36.374741151,T,IBM,,100,311.86
2025-11-03,10:07:36.374858488,T,IBM,F,100,311.86
2025-11-03,10:07:36.396455837,T,IBM,I,4,311.87
2025-11-03,10:07:36.396909989,T,IBM,I,4,311.9
2025-11-03,10:07:36.396997132,T,IBM,F I,25,311.91
2025-11-03,10:07:39.768163616,T,IBM,F I,5,311.96
2025-11-03,10:07:39.768163616,T,IBM,F,40,311.96
2025-11-03,10:07:39.768217707,T,IBM,,80,311.96
2025-11-03,10:07:39.768223753,T,IBM,F I,11,311.97
2025-11-03,10:07:45.713996351,T,IBM,I,7,311.95
2025-11-03,10:07:45.714032439,T,IBM,F I,10,311.98
2025-11-03,10:07:45.714035469,T,IBM,I,18,311.98
2025-11-03,10:07:45.714074483,T,IBM,I,13,311.975
2025-11-03,10:07:51.835811133,T,IBM,,40,311.915
2025-11-03,10:07:58.727121353,T,IBM,F I,12,311.89
2025-11-03,10:08:07.029492921,T,IBM,F I,5,311.8
2025-11-03,10:08:07.029547112,T,IBM,F,43,311.79
2025-11-03,10:08:07.029568306,T,IBM,F,157,311.79
2025-11-03,10:08:07.029574293,T,IBM,F,200,311.79
2025-11-03,10:08:07.029592215,T,IBM,F I,1,311.78
2025-11-03,10:08:07.030265798,T,IBM,F I,3,311.76
2025-11-03,10:08:07.030283889,T,IBM,F I,37,311.76
2025-11-03,10:08:07.030452236,T,IBM,I,25,311.78
2025-11-03,10:08:07.030452236,T,IBM,I,15,311.78
2025-11-03,10:08:12.611203825,T,IBM,F,75,311.69
2025-11-03,10:08:12.612674313,T,IBM,F I,5,311.75
2025-11-03,10:08:12.612686293,T,IBM,F I,12,311.77
2025-11-03,10:08:12.612689581,T,IBM,F,40,311.77
2025-11-03,10:08:12.612689581,T,IBM,F,60,311.79
2025-11-03,10:08:12.612692801,T,IBM,F I,20,311.79
2025-11-03,10:08:12.612695728,T,IBM,F,40,311.8
2025-11-03,10:08:12.612695728,T,IBM,F I,2,311.8
2025-11-03,10:08:12.612698459,T,IBM,F I,10,311.8
2025-11-03,10:08:12.612743596,T,IBM,I,23,311.72
2025-11-03,10:08:31.967608543,T,IBM,F I,30,311.85
2025-11-03,10:08:31.988685763,T,IBM,F,100,311.86
2025-11-03,10:08:31.988688751,T,IBM,F I,11,311.87
2025-11-03,10:08:31.988688751,T,IBM,F I,17,311.88
2025-11-03,10:08:31.988709732,T,IBM,I,1,311.88
2025-11-03,10:08:31.988736870,T,IBM,F I,22,311.88
2025-11-03,10:08:31.988740061,T,IBM,F I,18,311.88
2025-11-03,10:08:31.988740061,T,IBM,F I,10,311.88
2025-11-03,10:08:31.988742801,T,IBM,F,60,311.88
2025-11-03,10:08:31.989071026,T,IBM,,100,311.87
2025-11-03,10:08:31.990162284,T,IBM,F I,11,311.89
2025-11-03,10:08:31.990186333,T,IBM,I,1,311.89
2025-11-03,10:08:31.990216342,T,IBM,F I,29,311.89
2025-11-03,10:08:32.649196080,T,IBM,F,40,311.81
2025-11-03,10:08:32.649575081,T,IBM,,45,311.81
2025-11-03,10:08:32.649596057,T,IBM,F I,30,311.81
2025-11-03,10:08:43.222850843,T,IBM,F,40,311.76
2025-11-03,10:08:43.222850843,T,IBM,F,40,311.76
2025-11-03,10:08:43.222935001,T,IBM,F,40,311.75
2025-11-03,10:08:43.222937982,T,IBM,F I,38,311.75
2025-11-03,10:08:43.223019287,T,IBM,F I,2,311.75
2025-11-03,10:08:43.223022254,T,IBM,F I,38,311.74
2025-11-03,10:08:43.223031221,T,IBM,F I,2,311.74
2025-11-03,10:08:43.407336950,T,IBM,F,100,311.81
2025-11-03,10:08:43.511601375,T,IBM,F I,2,311.76
2025-11-03,10:08:43.511601375,T,IBM,F I,5,311.75
2025-11-03,10:08:43.511607819,T,IBM,F,60,311.75
2025-11-03,10:08:43.511607819,T,IBM,F,156,311.74
2025-11-03,10:08:43.511628224,T,IBM,F,44,311.74
2025-11-03,10:08:43.511628224,T,IBM,F I,23,311.74
2025-11-03,10:08:43.512371082,T,IBM,F,94,311.74
2025-11-03,10:08:43.512392503,T,IBM,I,1,311.74
2025-11-03,10:08:43.512407175,T,IBM,I,5,311.74
2025-11-03,10:08:43.515303161,T,IBM,I,34,311.74
2025-11-03,10:08:43.573043415,T,IBM,,46,311.695
2025-11-03,10:08:43.573067497,T,IBM,,54,311.695
2025-11-03,10:08:43.821693442,T,IBM,,100,311.695
2025-11-03,10:08:54.902583544,T,IBM,F I,30,311.7
2025-11-03,10:08:54.991703662,T,IBM,F,160,311.65
2025-11-03,10:08:54.991706976,T,IBM,F I,3,311.65
2025-11-03,10:08:54.991712738,T,IBM,F,40,311.65
2025-11-03,10:08:54.991712738,T,IBM,F,40,311.65
2025-11-03,10:08:54.991787839,T,IBM,I,5,311.65
2025-11-03,10:08:54.991790842,T,IBM,,100,311.66
2025-11-03,10:08:54.991793875,T,IBM,I,35,311.67
2025-11-03,10:08:54.991808943,T,IBM,I,1,311.67
2025-11-03,10:08:54.991811889,T,IBM,I,1,311.67
2025-11-03,10:08:54.991845292,T,IBM,,63,311.67
2025-11-03,10:08:54.991845292,T,IBM,,40,311.67
2025-11-03,10:08:54.991845292,T,IBM,I,7,311.67
2025-11-03,10:08:54.991866724,T,IBM,F I,9,311.69
2025-11-03,10:08:54.991908163,T,IBM,F I,35,311.67
2025-11-03,10:08:54.991912061,T,IBM,F I,1,311.67
2025-11-03,10:08:54.991912061,T,IBM,F I,1,311.67
2025-11-03,10:08:54.991926200,T,IBM,F,40,311.71
2025-11-03,10:08:54.991926200,T,IBM,F,40,311.71
2025-11-03,10:08:54.991941208,T,IBM,F I,20,311.71
2025-11-03,10:08:54.991944282,T,IBM,F I,20,311.72
2025-11-03,10:08:54.991950671,T,IBM,F I,20,311.72
2025-11-03,10:08:54.991953237,T,IBM,F I,12,311.73
2025-11-03,10:08:54.991956727,T,IBM,I,37,311.67
2025-11-03,10:08:54.991959359,T,IBM,F,40,311.68
2025-11-03,10:08:54.991965262,T,IBM,I,1,311.7
2025-11-03,10:08:54.991980813,T,IBM,F I,5,311.7
2025-11-03,10:08:54.991998594,T,IBM,I,26,311.72
2025-11-03,10:08:54.991998594,T,IBM,,100,311.72
2025-11-03,10:08:54.992001477,T,IBM,,74,311.72
2025-11-03,10:08:54.992004395,T,IBM,F I,6,311.72
2025-11-03,10:08:54.992011106,T,IBM,F I,20,311.72
2025-11-03,10:08:54.992013724,T,IBM,F I,8,311.67
2025-11-03,10:08:54.992016404,T,IBM,F I,30,311.67
2025-11-03,10:08:54.992035094,T,IBM,F,40,311.69
2025-11-03,10:08:54.992037481,T,IBM,I,8,311.72
2025-11-03,10:08:54.992130887,T,IBM,,80,311.72
2025-11-03,10:08:54.992130887,T,IBM,I,6,311.72
2025-11-03,10:08:54.992371798,T,IBM,,100,311.71
2025-11-03,10:08:54.992375199,T,IBM,I,32,311.74
2025-11-03,10:08:54.992375199,T,IBM,,100,311.74
2025-11-03,10:08:54.992380264,T,IBM,I,8,311.74
2025-11-03,10:08:54.992380264,T,IBM,,100,311.74
2025-11-03,10:08:54.992380264,T,IBM,,40,311.74
2025-11-03,10:08:54.992383259,T,IBM,I,20,311.74
2025-11-03,10:08:54.992392283,T,IBM,I,30,311.74
2025-11-03,10:08:54.992398276,T,IBM,I,1,311.74
2025-11-03,10:08:54.992437435,T,IBM,I,21,311.74
2025-11-03,10:08:54.992479575,T,IBM,F,41,311.74
2025-11-03,10:08:54.992561021,T,IBM,F I,39,311.74
2025-11-03,10:08:54.992581744,T,IBM,I,1,311.74
2025-11-03,10:08:54.993210259,T,IBM,F I,31,311.7
2025-11-03,10:08:54.993213281,T,IBM,F I,21,311.7
2025-11-03,10:08:54.993213281,T,IBM,F I,1,311.7
2025-11-03,10:08:54.993216490,T,IBM,F,42,311.7
2025-11-03,10:08:54.993727462,T,IBM,I,4,311.7
2025-11-03,10:08:54.994166516,T,IBM,I,31,311.72
2025-11-03,10:08:54.994166516,T,IBM,,332,311.72
2025-11-03,10:08:54.994858339,T,IBM,,54,311.72
2025-11-03,10:08:54.994930384,T,IBM,I,1,311.725
2025-11-03,10:08:54.994993448,T,IBM,I,20,311.72
2025-11-03,10:08:55.001528000,T,IBM,I,17,311.725
2025-11-03,10:08:56.902265933,T,IBM,F,40,311.76
2025-11-03,10:08:56.906385715,T,IBM,F,40,311.76
2025-11-03,10:08:56.906477130,T,IBM,F I,20,311.76
2025-11-03,10:08:56.908974872,T,IBM,F I,19,311.79
2025-11-03,10:08:56.908974872,T,IBM,F I,21,311.81
2025-11-03,10:08:56.910511574,T,IBM,F,40,311.81
2025-11-03,10:08:56.912133839,T,IBM,I,39,311.81
2025-11-03,10:08:56.912135470,T,IBM,,61,311.81
2025-11-03,10:08:56.912670732,T,IBM,F I,1,311.81
2025-11-03,10:08:56.913796123,T,IBM,F I,38,311.81
2025-11-03,10:08:56.913798364,T,IBM,F I,2,311.82
2025-11-03,10:08:56.918261058,T,IBM,F I,38,311.82
2025-11-03,10:08:56.918793559,T,IBM,F,40,311.83
2025-11-03,10:08:56.925890201,T,IBM,F I,1,311.87
2025-11-03,10:08:56.925890201,T,IBM,F I,1,311.87
2025-11-03,10:08:56.926957687,T,IBM,F I,11,311.87
2025-11-03,10:08:56.926957687,T,IBM,F I,35,311.87
2025-11-03,10:08:56.926960723,T,IBM,F I,31,311.87
2025-11-03,10:08:56.945139052,T,IBM,,100,311.82
2025-11-03,10:08:56.953240270,T,IBM,I,17,311.82
2025-11-03,10:08:56.954277715,T,IBM,,40,311.82
2025-11-03,10:08:56.955910644,T,IBM,F,40,311.82
2025-11-03,10:08:56.956229428,T,IBM,I,3,311.82
2025-11-03,10:08:56.956376763,T,IBM,F,75,311.87
2025-11-03,10:08:56.961500933,T,IBM,I,25,311.87
2025-11-03,10:08:56.961503993,T,IBM,,54,311.87
2025-11-03,10:08:56.967109463,T,IBM,I,5,311.85
2025-11-03,10:08:56.967109463,T,IBM,,46,311.87
2025-11-03,10:08:56.967112406,T,IBM,I,12,311.87
2025-11-03,10:08:56.967115330,T,IBM,I,14,311.87
2025-11-03,10:08:56.968534749,T,IBM,F I,3,311.87
2025-11-03,10:08:56.973240873,T,IBM,,250,311.81
2025-11-03,10:08:57.001225507,T,IBM,I,5,311.85
2025-11-03,10:08:57.001228468,T,IBM,I,2,311.86
2025-11-03,10:08:57.001228468,T,IBM,I,33,311.87
2025-11-03,10:08:57.181339240,T,IBM,I,21,311.78
2025-11-03,10:08:57.181342519,T,IBM,,50,311.81
2025-11-03,10:08:57.181346293,T,IBM,,200,311.81
2025-11-03,10:08:57.181346293,T,IBM,I,20,311.81
2025-11-03,10:08:57.181351332,T,IBM,I,13,311.81
2025-11-03,10:08:57.181351332,T,IBM,I,20,311.81
2025-11-03,10:08:57.181354322,T,IBM,I,20,311.81
2025-11-03,10:08:57.181354322,T,IBM,,79,311.81
2025-11-03,10:08:57.181363338,T,IBM,I,21,311.81
2025-11-03,10:08:57.182436854,T,IBM,,40,311.82
2025-11-03,10:08:57.200988083,T,IBM,I,5,311.82
2025-11-03,10:09:04.544048922,T,IBM,I,15,311.86
2025-11-03,10:09:04.544067258,T,IBM,,85,311.86
2025-11-03,10:09:04.544067258,T,IBM,I,15,311.86
2025-11-03,10:09:04.572637960,T,IBM,F I,15,311.85
2025-11-03,10:09:04.572767342,T,IBM,F I,15,311.84
2025-11-03,10:09:04.572791311,T,IBM,F,200,311.83
2025-11-03,10:09:08.395702131,T,IBM,I,37,311.74
2025-11-03,10:09:12.131360189,T,IBM,F,40,311.73
2025-11-03,10:09:28.645079487,T,IBM,I,15,311.7
2025-11-03,10:09:31.528547819,T,IBM,I,33,311.695
2025-11-03,10:09:32.943247672,T,IBM,I,4,311.73
2025-11-03,10:09:40.521513452,T,IBM,F I,2,311.7
2025-11-03,10:09:40.521516448,T,IBM,F,40,311.7
2025-11-03,10:09:40.521525382,T,IBM,F,40,311.7
2025-11-03,10:09:40.521528423,T,IBM,F,60,311.7
2025-11-03,10:09:40.521546427,T,IBM,F I,32,311.72
2025-11-03,10:09:40.521576567,T,IBM,F,50,311.73
2025-11-03,10:09:40.521610266,T,IBM,I,8,311.7
2025-11-03,10:09:40.521612665,T,IBM,I,7,311.69
2025-11-03,10:09:40.521817156,T,IBM,F I,1,311.71
2025-11-03,10:09:40.521823128,T,IBM,I,9,311.71
2025-11-03,10:09:40.521826137,T,IBM,F I,1,311.73
2025-11-03,10:09:40.521886291,T,IBM,I,1,311.73
2025-11-03,10:09:40.521928398,T,IBM,I,4,311.72
2025-11-03,10:09:40.521967484,T,IBM,I,1,311.73
2025-11-03,10:09:40.522214014,T,IBM,I,4,311.71
2025-11-03,10:09:40.522235748,T,IBM,I,1,311.71
2025-11-03,10:09:40.522241138,T,IBM,I,6,311.71
2025-11-03,10:09:40.522241138,T,IBM,I,5,311.71
2025-11-03,10:09:40.522256112,T,IBM,F I,1,311.7
2025-11-03,10:09:40.522460668,T,IBM,F I,11,311.7
2025-11-03,10:09:40.522463692,T,IBM,F,69,311.7
2025-11-03,10:09:40.522469733,T,IBM,F,99,311.71
2025-11-03,10:09:40.523700282,T,IBM,F,40,311.65
2025-11-03,10:09:40.523702756,T,IBM,F I,37,311.64
2025-11-03,10:09:40.523723641,T,IBM,F,123,311.64
2025-11-03,10:09:40.523732697,T,IBM,F I,3,311.63
2025-11-03,10:09:40.524201768,T,IBM,I,2,311.63
2025-11-03,10:09:40.524261983,T,IBM,F I,4,311.61
2025-11-03,10:09:40.529488750,T,IBM,F I,8,311.54
2025-11-03,10:09:40.529491386,T,IBM,F I,4,311.54
2025-11-03,10:09:40.529993568,T,IBM,F I,10,311.5
2025-11-03,10:09:40.550896373,T,IBM,F,40,311.38
2025-11-03,10:09:40.553759866,T,IBM,I,10,311.36
2025-11-03,10:09:40.553762114,T,IBM,,105,311.36
2025-11-03,10:09:40.553765145,T,IBM,,49,311.36
2025-11-03,10:09:40.557009918,T,IBM,F,40,311.35
2025-11-03,10:09:40.570788728,T,IBM,F I,6,311.28
2025-11-03,10:09:40.570936072,T,IBM,F I,6,311.25
2025-11-03,10:09:45.733223332,T,IBM,I,12,311.205
2025-11-03,10:09:45.892524532,T,IBM,F I,11,311.25
2025-11-03,10:09:45.892524532,T,IBM,F I,29,311.25
2025-11-03,10:09:45.892548558,T,IBM,F,40,311.25
2025-11-03,10:09:45.892666080,T,IBM,I,31,311.25
2025-11-03,10:09:45.893477789,T,IBM,F,40,311.26
2025-11-03,10:09:45.893498903,T,IBM,F,40,311.27
2025-11-03,10:09:45.893498903,T,IBM,F,135,311.27
2025-11-03,10:09:45.893517038,T,IBM,F,78,311.27
2025-11-03,10:09:45.893561992,T,IBM,,40,311.28
2025-11-03,10:09:45.893601089,T,IBM,F,40,311.28
2025-11-03,10:09:45.893601089,T,IBM,F I,25,311.29
2025-11-03,10:09:45.894337830,T,IBM,I,10,311.27
2025-11-03,10:09:45.906330371,T,IBM,F I,7,311.25
2025-11-03,10:09:45.906333840,T,IBM,F I,1,311.25
2025-11-03,10:09:45.906336451,T,IBM,F I,9,311.25
2025-11-03,10:09:45.906372470,T,IBM,F,83,311.25
2025-11-03,10:09:45.906372470,T,IBM,F I,1,311.24
2025-11-03,10:09:45.906447622,T,IBM,I,5,311.26
2025-11-03,10:09:45.906679394,T,IBM,F I,5,311.24
2025-11-03,10:09:45.906679394,T,IBM,F I,1,311.24
2025-11-03,10:09:45.906682238,T,IBM,F I,4,311.24
2025-11-03,10:09:45.906796559,T,IBM,I,1,311.22
2025-11-03,10:09:45.906862702,T,IBM,I,5,311.24
2025-11-03,10:09:45.907094247,T,IBM,I,5,311.25
2025-11-03,10:09:47.065987108,T,IBM,,40,311.28
2025-11-03,10:09:47.066035501,T,IBM,F I,15,311.29
2025-11-03,10:09:47.066035501,T,IBM,F,40,311.29
2025-11-03,10:09:47.066038481,T,IBM,,90,311.28
2025-11-03,10:09:47.066053903,T,IBM,F,40,311.29
2025-11-03,10:09:47.066053903,T,IBM,I,1,311.28
2025-11-03,10:09:47.066071224,T,IBM,,40,311.29
2025-11-03,10:09:47.066074367,T,IBM,F I,8,311.28
2025-11-03,10:09:47.066161479,T,IBM,F I,1,311.28
2025-11-03,10:09:47.066254668,T,IBM,I,3,311.29
2025-11-03,10:09:47.066299845,T,IBM,I,7,311.29
2025-11-03,10:09:47.066329947,T,IBM,F I,3,311.28
2025-11-03,10:09:47.066480280,T,IBM,F I,3,311.29
2025-11-03,10:09:47.066504346,T,IBM,I,1,311.29
2025-11-03,10:09:47.066510359,T,IBM,I,14,311.29
2025-11-03,10:09:47.066510359,T,IBM,I,1,311.29
2025-11-03,10:09:47.066522924,T,IBM,I,3,311.28
2025-11-03,10:09:47.066534339,T,IBM,I,18,311.29
2025-11-03,10:09:47.066537344,T,IBM,F I,3,311.28
2025-11-03,10:09:47.066537344,T,IBM,I,3,311.28
2025-11-03,10:09:47.066564748,T,IBM,F I,8,311.28
2025-11-03,10:09:47.066564748,T,IBM,I,14,311.29
2025-11-03,10:09:47.066567513,T,IBM,I,26,311.3
2025-11-03,10:09:48.842709761,T,IBM,F I,30,311.28
2025-11-03,10:09:48.842712716,T,IBM,F,100,311.28
2025-11-03,10:09:48.842739824,T,IBM,I,10,311.29
2025-11-03,10:09:48.842763950,T,IBM,F I,14,311.3
2025-11-03,10:09:48.842763950,T,IBM,F,40,311.3
2025-11-03,10:09:53.977099600,T,IBM,F,40,311.28
2025-11-03,10:09:53.977099600,T,IBM,F I,5,311.27
2025-11-03,10:09:53.977117666,T,IBM,F I,35,311.27
2025-11-03,10:09:53.977120545,T,IBM,F I,5,311.27
2025-11-03,10:09:54.099593159,T,IBM,I,2,311.2
2025-11-03,10:09:54.099593159,T,IBM,I,8,311.19
2025-11-03,10:09:54.106040496,T,IBM,I,10,311.19
2025-11-03,10:09:56.468232919,T,IBM,,50,311.21
2025-11-03,10:09:56.469435717,T,IBM,,45,311.23
2025-11-03,10:09:56.469507896,T,IBM,,45,311.23
2025-11-03,10:10:05.323013416,T,IBM,F I,4,311.26
2025-11-03,10:10:05.323205777,T,IBM,I,4,311.26
2025-11-03,10:10:23.036683151,T,IBM,F,63,311.2
2025-11-03,10:10:24.073219835,T,IBM,,40,311.2
2025-11-03,10:10:31.011622546,T,IBM,F I,5,311.2
2025-11-03,10:10:31.011631847,T,IBM,F I,2,311.27
2025-11-03,10:10:31.011634836,T,IBM,F I,11,311.27
2025-11-03,10:10:31.011638369,T,IBM,F,40,311.28
2025-11-03,10:10:31.011638369,T,IBM,F I,10,311.28
2025-11-03,10:10:31.011640659,T,IBM,F I,6,311.28
2025-11-03,10:10:31.011703856,T,IBM,I,8,311.28
2025-11-03,10:10:31.011703856,T,IBM,I,5,311.28
2025-11-03,10:10:31.011703856,T,IBM,I,6,311.28
2025-11-03,10:10:31.012374379,T,IBM,F I,8,311.28
2025-11-03,10:10:31.017125624,T,IBM,F I,1,311.29
2025-11-03,10:10:31.133595943,T,IBM,I,10,311.245
2025-11-03,10:10:52.554012290,T,IBM,F I,12,311.15
2025-11-03,10:10:52.554018188,T,IBM,F,45,311.14
2025-11-03,10:10:52.554018188,T,IBM,F,40,311.12
2025-11-03,10:10:52.554021214,T,IBM,F,74,311.12
2025-11-03,10:10:52.554030246,T,IBM,F I,12,311.12
2025-11-03,10:10:52.554033859,T,IBM,F,40,311.12
2025-11-03,10:10:52.554033859,T,IBM,F I,5,311.12
2025-11-03,10:10:52.554036185,T,IBM,F I,12,311.12
2025-11-03,10:10:52.554620276,T,IBM,F,51,311.12
2025-11-03,10:10:53.155778391,T,IBM,F I,11,311.08
2025-11-03,10:10:53.155778391,T,IBM,F I,30,311.1
2025-11-03,10:10:53.155783720,T,IBM,F,40,311.15
2025-11-03,10:10:53.155798806,T,IBM,I,1,311.15
2025-11-03,10:10:53.155873966,T,IBM,F I,11,311.15
2025-11-03,10:10:55.584031295,T,IBM,F,100,311.1
2025-11-03,10:11:02.069769296,T,IBM,F I,5,311.09
2025-11-03,10:11:02.078562173,T,IBM,I,22,311.07
2025-11-03,10:11:10.171761593,T,IBM,I,12,311.1
2025-11-03,10:11:19.335807226,T,IBM,I,1,311.1
2025-11-03,10:11:20.311495086,T,IBM,I,2,311.04
2025-11-03,10:11:20.311498013,T,IBM,I,5,311.03
2025-11-03,10:11:20.311501238,T,IBM,,75,311.03
2025-11-03,10:11:20.311504257,T,IBM,,40,311.01
2025-11-03,10:11:20.311506949,T,IBM,I,6,311.01
2025-11-03,10:11:20.311506949,T,IBM,I,12,311.01
2025-11-03,10:11:20.311561745,T,IBM,I,10,311.0
2025-11-03,10:11:20.311561745,T,IBM,,100,311.0
2025-11-03,10:11:20.311589149,T,IBM,I,22,311.0
2025-11-03,10:11:20.311594096,T,IBM,I,5,311.0
2025-11-03,10:11:20.311597693,T,IBM,F,53,311.0
2025-11-03,10:11:20.311927927,T,IBM,F I,21,311.0
2025-11-03,10:11:20.312336937,T,IBM,F I,1,310.99
2025-11-03,10:11:20.312342891,T,IBM,F I,20,310.99
2025-11-03,10:11:20.312360981,T,IBM,,62,310.99
2025-11-03,10:11:20.312360981,T,IBM,I,12,310.99
2025-11-03,10:11:20.315798142,T,IBM,F I,2,310.99
2025-11-03,10:11:20.315798142,T,IBM,F I,17,310.99
2025-11-03,10:11:20.315834254,T,IBM,F,83,310.99
2025-11-03,10:11:20.315840289,T,IBM,F I,19,310.99
2025-11-03,10:11:20.315843263,T,IBM,F I,15,310.99
2025-11-03,10:11:20.315858242,T,IBM,F I,19,311.0
2025-11-03,10:11:20.316068805,T,IBM,F I,11,311.01
2025-11-03,10:11:20.321950803,T,IBM,F,45,311.01
2025-11-03,10:11:20.321953818,T,IBM,F I,35,311.01
2025-11-03,10:11:20.330918174,T,IBM,,45,311.095
2025-11-03,10:11:20.330957264,T,IBM,,45,311.095
2025-11-03,10:11:20.331002279,T,IBM,I,10,311.095
2025-11-03,10:11:23.943658595,T,IBM,I,2,311.11
2025-11-03,10:11:44.824289643,T,IBM,I,39,311.19
2025-11-03,10:11:44.824292699,T,IBM,I,4,311.19
2025-11-03,10:11:44.824305491,T,IBM,F I,10,311.19
2025-11-03,10:11:44.824308411,T,IBM,F I,33,311.2
2025-11-03,10:11:44.824343994,T,IBM,F I,7,311.2
2025-11-03,10:11:44.824343994,T,IBM,F I,3,311.2
2025-11-03,10:11:45.210388116,T,IBM,F,43,311.27
2025-11-03,10:11:45.210390877,T,IBM,F I,11,311.27
2025-11-03,10:11:45.210390877,T,IBM,F I,8,311.27
2025-11-03,10:11:45.210463044,T,IBM,F I,19,311.27
2025-11-03,10:11:45.210465993,T,IBM,I,20,311.27
2025-11-03,10:11:46.601833270,T,IBM,F,40,311.37
2025-11-03,10:11:46.601836391,T,IBM,F,63,311.38
2025-11-03,10:11:46.601836391,T,IBM,F I,6,311.38
2025-11-03,10:11:46.601848373,T,IBM,I,1,311.38
2025-11-03,10:11:46.601851845,T,IBM,I,33,311.38
2025-11-03,10:11:46.601851845,T,IBM,I,6,311.38
2025-11-03,10:11:46.601855049,T,IBM,I,1,311.38
2025-11-03,10:11:46.601857585,T,IBM,F I,38,311.38
2025-11-03,10:11:46.601887471,T,IBM,F,40,311.4
2025-11-03,10:11:46.602302457,T,IBM,F I,1,311.45
2025-11-03,10:11:46.602660242,T,IBM,,42,311.45
2025-11-03,10:11:47.093912690,T,IBM,,45,311.38
2025-11-03,10:11:47.108807225,T,IBM,,40,311.375
2025-11-03,10:11:47.108810191,T,IBM,,40,311.375
2025-11-03,10:11:47.108810191,T,IBM,I,20,311.375
2025-11-03,10:12:28.382109790,T,IBM,F I,2,311.4
2025-11-03,10:12:28.382113671,T,IBM,F I,30,311.385
2025-11-03,10:12:28.382116511,T,IBM,F,51,311.385
