DATE,TIME_M,EX,SYM_ROOT,TR_SCOND,SIZE,PRICE
2025-10-23,9:30:01.080057880,T,IBM,,100,265.0
2025-10-23,9:30:01.080061214,T,IBM,Q,100,265.0
2025-10-23,9:30:01.080061214,T,IBM,I,20,265.4
2025-10-23,9:30:01.102482198,T,IBM,F I,13,265.41
2025-10-23,9:30:01.102659688,T,IBM,I,20,265.52
2025-10-23,9:30:01.102773968,T,IBM,,100,265.0
2025-10-23,9:30:01.102864161,T,IBM,,100,265.0
2025-10-23,9:30:01.102999446,T,IBM,,100,265.0
2025-10-23,9:30:01.103032553,T,IBM,F I,10,265.5
2025-10-23,9:30:01.103116775,T,IBM,F,100,265.0
2025-10-23,9:30:01.103134828,T,IBM,F,1649,265.0
2025-10-23,9:30:01.103137795,T,IBM,F,100,265.51
2025-10-23,9:30:01.103137795,T,IBM,F,100,265.51
2025-10-23,9:30:01.104109110,T,IBM,F I,38,265.505
2025-10-23,9:30:01.104503108,T,IBM,,100,265.0
2025-10-23,9:30:01.105140516,T,IBM,F I,11,264.97
2025-10-23,9:30:01.105173620,T,IBM,F I,50,265.23
2025-10-23,9:30:01.106078834,T,IBM,F I,12,265.23
2025-10-23,9:30:01.106078834,T,IBM,F I,13,265.3
2025-10-23,9:30:01.112917140,T,IBM,F I,2,265.3
2025-10-23,9:30:01.112989260,T,IBM,F I,1,265.3
2025-10-23,9:30:01.112998224,T,IBM,F,100,265.05
2025-10-23,9:30:01.113001258,T,IBM,F I,10,265.29
2025-10-23,9:30:01.113004274,T,IBM,F I,1,265.29
2025-10-23,9:30:01.113007246,T,IBM,,100,265.03
2025-10-23,9:30:01.113196773,T,IBM,F,100,265.01
2025-10-23,9:30:01.113283989,T,IBM,I,6,265.29
2025-10-23,9:30:01.113374216,T,IBM,,100,264.96
2025-10-23,9:30:01.113656877,T,IBM,F I,1,265.0
2025-10-23,9:30:01.113879364,T,IBM,I,1,265.02
2025-10-23,9:30:01.113903405,T,IBM,F I,1,265.02
2025-10-23,9:30:01.115316837,T,IBM,F I,89,265.27
2025-10-23,9:30:01.115319864,T,IBM,F,100,265.35
2025-10-23,9:30:01.122888830,T,IBM,,100,264.81
2025-10-23,9:30:01.127769401,T,IBM,F,100,265.19
2025-10-23,9:30:01.127907799,T,IBM,F I,30,265.29
2025-10-23,9:30:01.130115033,T,IBM,F I,13,265.3
2025-10-23,9:30:01.130133068,T,IBM,F I,50,265.3
2025-10-23,9:30:01.130157156,T,IBM,I,1,265.3
2025-10-23,9:30:01.131078008,T,IBM,F I,36,265.3
2025-10-23,9:30:01.131078008,T,IBM,F I,32,265.43
2025-10-23,9:30:01.135416609,T,IBM,F,100,265.43
2025-10-23,9:30:01.156935897,T,IBM,I,6,265.25
2025-10-23,9:30:01.161449603,T,IBM,F I,4,265.0
2025-10-23,9:30:01.161497812,T,IBM,I,4,265.0
2025-10-23,9:30:01.161528247,T,IBM,I,33,265.0
2025-10-23,9:30:01.164730461,T,IBM,F,100,265.8
2025-10-23,9:30:01.164769494,T,IBM,I,17,265.35
2025-10-23,9:30:01.164862691,T,IBM,I,17,265.3
2025-10-23,9:30:01.165016627,T,IBM,F I,60,265.3
2025-10-23,9:30:01.165040214,T,IBM,F I,40,265.3
2025-10-23,9:30:01.165043182,T,IBM,F I,55,265.3
2025-10-23,9:30:01.165043182,T,IBM,F,100,265.3
2025-10-23,9:30:01.165064195,T,IBM,I,21,265.3
2025-10-23,9:30:01.165064195,T,IBM,I,21,265.3
2025-10-23,9:30:01.165512264,T,IBM,I,6,265.21
2025-10-23,9:30:01.165852051,T,IBM,F I,21,265.3
2025-10-23,9:30:01.170305894,T,IBM,,100,265.13
2025-10-23,9:30:01.173496258,T,IBM,F I,35,265.82
2025-10-23,9:30:01.180984084,T,IBM,F,100,265.82
2025-10-23,9:30:01.180984084,T,IBM,F,100,265.83
2025-10-23,9:30:01.202328903,T,IBM,I,89,265.3
2025-10-23,9:30:01.219063786,T,IBM,,100,265.32
2025-10-23,9:30:01.219066771,T,IBM,I,5,265.3
2025-10-23,9:30:01.356337552,T,IBM,I,10,265.44
2025-10-23,9:30:01.406340893,T,IBM,F I,3,265.44
2025-10-23,9:30:01.406340893,T,IBM,F I,3,265.44
2025-10-23,9:30:01.406343633,T,IBM,F I,66,265.05
2025-10-23,9:30:01.483023092,T,IBM,I,6,265.44
2025-10-23,9:30:01.514625383,T,IBM,,100,265.44
2025-10-23,9:30:01.515220783,T,IBM,,100,265.44
2025-10-23,9:30:01.526353393,T,IBM,I,94,265.44
2025-10-23,9:30:01.544895931,T,IBM,F I,32,265.85
2025-10-23,9:30:01.544895931,T,IBM,F I,4,265.86
2025-10-23,9:30:01.544898444,T,IBM,F I,34,265.86
2025-10-23,9:30:01.545181153,T,IBM,F I,24,265.86
2025-10-23,9:30:01.545226218,T,IBM,F I,7,265.88
2025-10-23,9:30:01.545716336,T,IBM,F I,7,265.88
2025-10-23,9:30:01.545782483,T,IBM,F I,9,265.89
2025-10-23,9:30:01.545795271,T,IBM,F I,9,265.89
2025-10-23,9:30:01.545836698,T,IBM,F I,10,265.89
2025-10-23,9:30:01.545890785,T,IBM,I,7,265.66
2025-10-23,9:30:01.548230414,T,IBM,F I,9,265.89
2025-10-23,9:30:01.548230414,T,IBM,F I,9,265.89
2025-10-23,9:30:01.548236703,T,IBM,F I,9,265.89
2025-10-23,9:30:01.548266394,T,IBM,I,19,265.7
2025-10-23,9:30:01.548272476,T,IBM,F I,9,265.89
2025-10-23,9:30:01.548275679,T,IBM,F I,36,265.89
2025-10-23,9:30:01.548278743,T,IBM,F I,9,265.9
2025-10-23,9:30:01.548278743,T,IBM,F I,1,266.0
2025-10-23,9:30:01.548284479,T,IBM,F,218,266.0
2025-10-23,9:30:01.548314570,T,IBM,F I,21,266.0
2025-10-23,9:30:01.548997154,T,IBM,I,9,265.9
2025-10-23,9:30:01.550994900,T,IBM,F I,32,265.99
2025-10-23,9:30:01.550994900,T,IBM,F I,11,266.0
2025-10-23,9:30:01.552419345,T,IBM,I,50,266.11
2025-10-23,9:30:01.554488267,T,IBM,I,20,265.99
2025-10-23,9:30:01.672344786,T,IBM,F,100,265.745
2025-10-23,9:30:01.672365863,T,IBM,F,100,266.2
2025-10-23,9:30:01.813783529,T,IBM,I,9,265.795
2025-10-23,9:30:01.865840471,T,IBM,,200,265.795
2025-10-23,9:30:01.905339546,T,IBM,I,7,265.795
2025-10-23,9:30:02.137705857,T,IBM,I,12,265.48
2025-10-23,9:30:02.137705857,T,IBM,I,37,265.39
2025-10-23,9:30:02.137709089,T,IBM,I,32,265.37
2025-10-23,9:30:02.137709089,T,IBM,I,37,265.37
2025-10-23,9:30:02.137711786,T,IBM,I,3,265.35
2025-10-23,9:30:02.137711786,T,IBM,I,10,265.24
2025-10-23,9:30:02.137714863,T,IBM,I,69,265.1
2025-10-23,9:30:02.137756909,T,IBM,I,25,265.35
2025-10-23,9:30:02.137759891,T,IBM,I,75,265.35
2025-10-23,9:30:02.262502852,T,IBM,I,6,266.31
2025-10-23,9:30:02.263107256,T,IBM,,100,266.035
2025-10-23,9:30:02.263158487,T,IBM,,125,266.035
2025-10-23,9:30:02.263176397,T,IBM,I,37,266.18
2025-10-23,9:30:02.263176397,T,IBM,I,13,266.31
2025-10-23,9:30:02.263188509,T,IBM,I,3,266.31
2025-10-23,9:30:02.263486219,T,IBM,,100,266.035
2025-10-23,9:30:02.264036493,T,IBM,I,75,266.035
2025-10-23,9:30:02.264039500,T,IBM,I,10,266.31
2025-10-23,9:30:02.264039500,T,IBM,I,15,266.38
2025-10-23,9:30:02.321199725,T,IBM,F,100,266.0
2025-10-23,9:30:02.611002425,T,IBM,,100,266.03
2025-10-23,9:30:03.016410234,T,IBM,F I,7,266.37
2025-10-23,9:30:03.016412558,T,IBM,F I,18,266.38
2025-10-23,9:30:03.041519307,T,IBM,I,7,266.38
2025-10-23,9:30:03.041573439,T,IBM,,100,266.38
2025-10-23,9:30:03.406260829,T,IBM,F,100,266.48
2025-10-23,9:30:03.406260829,T,IBM,F I,25,266.48
2025-10-23,9:30:03.406263702,T,IBM,I,35,266.48
2025-10-23,9:30:03.406266886,T,IBM,I,5,266.49
2025-10-23,9:30:03.406266886,T,IBM,I,65,266.49
2025-10-23,9:30:03.406278810,T,IBM,,100,266.47
2025-10-23,9:30:03.406290790,T,IBM,I,35,266.49
2025-10-23,9:30:03.406290790,T,IBM,I,35,266.49
2025-10-23,9:30:03.406351226,T,IBM,I,11,266.48
2025-10-23,9:30:03.406351226,T,IBM,I,65,266.49
2025-10-23,9:30:03.406353986,T,IBM,I,24,266.49
2025-10-23,9:30:03.406365999,T,IBM,F I,76,266.49
2025-10-23,9:30:03.406420121,T,IBM,,100,266.49
2025-10-23,9:30:03.406633597,T,IBM,F,100,266.54
2025-10-23,9:30:03.406763046,T,IBM,F I,60,266.49
2025-10-23,9:30:03.406763046,T,IBM,F I,40,266.54
2025-10-23,9:30:03.406808047,T,IBM,I,6,266.51
2025-10-23,9:30:03.406913265,T,IBM,I,20,266.54
2025-10-23,9:30:03.406958397,T,IBM,I,2,266.54
2025-10-23,9:30:03.407000448,T,IBM,I,21,266.54
2025-10-23,9:30:03.407045535,T,IBM,I,7,266.54
2025-10-23,9:30:03.407069687,T,IBM,I,10,266.54
2025-10-23,9:30:03.407072677,T,IBM,,100,266.54
2025-10-23,9:30:03.407199073,T,IBM,I,50,266.55
2025-10-23,9:30:03.408891961,T,IBM,,100,266.58
2025-10-23,9:30:03.557538831,T,IBM,I,76,266.1
2025-10-23,9:30:03.557541872,T,IBM,I,24,266.09
2025-10-23,9:30:03.557626065,T,IBM,F I,5,266.09
2025-10-23,9:30:03.557737307,T,IBM,I,7,266.25
2025-10-23,9:30:03.564464362,T,IBM,I,71,266.09
2025-10-23,9:30:03.826285876,T,IBM,,100,266.08
2025-10-23,9:30:03.826285876,T,IBM,I,25,266.27
2025-10-23,9:30:03.826285876,T,IBM,I,22,266.31
2025-10-23,9:30:03.976324835,T,IBM,F I,1,266.14
2025-10-23,9:30:03.976442119,T,IBM,I,36,266.14
2025-10-23,9:30:04.021760067,T,IBM,I,32,265.82
2025-10-23,9:30:04.021760067,T,IBM,I,1,265.81
2025-10-23,9:30:04.023841029,T,IBM,I,7,266.06
2025-10-23,9:30:04.024117641,T,IBM,I,5,265.85
2025-10-23,9:30:04.024117641,T,IBM,I,5,265.82
2025-10-23,9:30:04.153242073,T,IBM,I,22,265.96
2025-10-23,9:30:04.266672111,T,IBM,I,6,266.3
2025-10-23,9:30:04.380932038,T,IBM,I,29,266.2
2025-10-23,9:30:04.453826081,T,IBM,F,100,266.55
2025-10-23,9:30:04.453828713,T,IBM,F I,32,266.55
2025-10-23,9:30:04.453828713,T,IBM,F,100,266.56
2025-10-23,9:30:04.453831628,T,IBM,F,100,266.58
2025-10-23,9:30:04.790525140,T,IBM,I,37,266.25
2025-10-23,9:30:04.790528187,T,IBM,I,3,266.21
2025-10-23,9:30:04.935605623,T,IBM,I,1,266.63
2025-10-23,9:30:04.938272890,T,IBM,F I,1,266.63
2025-10-23,9:30:05.296332378,T,IBM,,200,266.42
2025-10-23,9:30:05.494146213,T,IBM,I,12,266.38
2025-10-23,9:30:05.494149323,T,IBM,I,8,266.38
2025-10-23,9:30:05.602334855,T,IBM,,100,266.45
2025-10-23,9:30:05.603691025,T,IBM,,100,266.45
2025-10-23,9:30:05.670666519,T,IBM,I,12,266.36
2025-10-23,9:30:05.670666519,T,IBM,I,25,266.33
2025-10-23,9:30:05.670669478,T,IBM,I,10,266.32
2025-10-23,9:30:05.670672469,T,IBM,I,30,266.32
2025-10-23,9:30:05.785371668,T,IBM,I,4,266.3
2025-10-23,9:30:05.966579944,T,IBM,,100,266.45
2025-10-23,9:30:07.721386588,T,IBM,I,9,266.48
2025-10-23,9:30:07.721389680,T,IBM,,100,266.48
2025-10-23,9:30:07.721458767,T,IBM,F I,9,266.48
2025-10-23,9:30:07.721474147,T,IBM,I,81,266.48
2025-10-23,9:30:07.721474147,T,IBM,I,19,266.53
2025-10-23,9:30:07.721476892,T,IBM,I,9,266.53
2025-10-23,9:30:07.721482953,T,IBM,F I,5,266.53
2025-10-23,9:30:07.721485920,T,IBM,I,10,266.52
2025-10-23,9:30:07.721491877,T,IBM,F I,9,266.51
2025-10-23,9:30:07.721822713,T,IBM,I,9,266.605
2025-10-23,9:30:07.721825711,T,IBM,F I,9,266.605
2025-10-23,9:30:07.733352163,T,IBM,I,9,266.64
2025-10-23,9:30:08.383437076,T,IBM,F,100,266.605
2025-10-23,9:30:08.383439862,T,IBM,F I,1,266.605
2025-10-23,9:30:08.383439862,T,IBM,F I,25,266.59
2025-10-23,9:30:08.383446802,T,IBM,F I,12,266.56
2025-10-23,9:30:08.383449722,T,IBM,F I,32,266.52
2025-10-23,9:30:08.383449722,T,IBM,F I,1,266.52
2025-10-23,9:30:08.383451936,T,IBM,F,348,266.51
2025-10-23,9:30:08.383455194,T,IBM,F I,81,266.51
2025-10-23,9:30:08.383457886,T,IBM,F I,19,266.51
2025-10-23,9:30:08.383457886,T,IBM,F I,29,266.51
2025-10-23,9:30:08.383460796,T,IBM,I,1,266.51
2025-10-23,9:30:08.383487963,T,IBM,F I,20,266.51
2025-10-23,9:30:08.383511945,T,IBM,F I,50,266.51
2025-10-23,9:30:08.383511945,T,IBM,F I,9,266.51
2025-10-23,9:30:08.383539060,T,IBM,F I,91,266.51
2025-10-23,9:30:08.383581128,T,IBM,I,73,266.51
2025-10-23,9:30:08.383629222,T,IBM,F I,27,266.51
2025-10-23,9:30:08.385039569,T,IBM,I,70,266.52
2025-10-23,9:30:08.792161109,T,IBM,I,12,266.56
2025-10-23,9:30:08.792161109,T,IBM,I,37,266.59
2025-10-23,9:30:08.792163846,T,IBM,I,1,266.59
2025-10-23,9:30:09.127991368,T,IBM,F,100,266.66
2025-10-23,9:30:09.127991368,T,IBM,F I,74,266.69
2025-10-23,9:30:09.127994355,T,IBM,F,100,266.69
2025-10-23,9:30:09.128036436,T,IBM,F,100,266.69
2025-10-23,9:30:09.128544733,T,IBM,F I,13,266.7
2025-10-23,9:30:09.128818324,T,IBM,I,4,266.44
2025-10-23,9:30:09.128866421,T,IBM,I,24,266.44
2025-10-23,9:30:09.129377696,T,IBM,F I,12,266.68
2025-10-23,9:30:09.129381020,T,IBM,F I,25,266.69
2025-10-23,9:30:09.129381020,T,IBM,F I,4,266.7
2025-10-23,9:30:09.129383644,T,IBM,F I,39,266.7
2025-10-23,9:30:09.129633258,T,IBM,I,14,266.43
2025-10-23,9:30:10.013759049,T,IBM,I,2,266.26
2025-10-23,9:30:10.179146847,T,IBM,F I,1,266.54
2025-10-23,9:30:10.400103849,T,IBM,F I,99,266.54
2025-10-23,9:30:10.400124961,T,IBM,F I,92,266.57
2025-10-23,9:30:10.400145973,T,IBM,I,1,266.57
2025-10-23,9:30:10.652999979,T,IBM,I,50,266.53
2025-10-23,9:30:11.302029091,T,IBM,F I,20,266.74
2025-10-23,9:30:11.302648564,T,IBM,F I,1,266.84
2025-10-23,9:30:11.302672629,T,IBM,F I,35,266.84
2025-10-23,9:30:11.551901020,T,IBM,F I,25,267.0
2025-10-23,9:30:11.551905989,T,IBM,F I,75,267.0
2025-10-23,9:30:11.551905989,T,IBM,F I,25,267.0
2025-10-23,9:30:11.634016744,T,IBM,I,37,267.54
2025-10-23,9:30:11.634016744,T,IBM,I,12,267.53
2025-10-23,9:30:11.634019432,T,IBM,I,25,267.53
2025-10-23,9:30:11.634025612,T,IBM,,100,267.4
2025-10-23,9:30:11.634025612,T,IBM,I,37,267.37
2025-10-23,9:30:11.634025612,T,IBM,I,10,267.36
2025-10-23,9:30:11.634029422,T,IBM,I,75,267.34
2025-10-23,9:30:11.634029422,T,IBM,I,12,267.26
2025-10-23,9:30:11.634031833,T,IBM,I,32,267.15
2025-10-23,9:30:11.634031833,T,IBM,I,40,267.12
2025-10-23,9:30:11.634034457,T,IBM,,100,267.11
2025-10-23,9:30:11.701322653,T,IBM,I,37,267.405
2025-10-23,9:30:11.701322653,T,IBM,I,12,267.405
2025-10-23,9:30:12.293068604,T,IBM,I,25,267.29
2025-10-23,9:30:12.293068604,T,IBM,I,37,267.27
2025-10-23,9:30:12.293074656,T,IBM,I,12,267.26
2025-10-23,9:30:12.293074656,T,IBM,I,10,267.14
2025-10-23,9:30:12.293077415,T,IBM,I,75,267.01
2025-10-23,9:30:12.293077415,T,IBM,I,41,267.01
2025-10-23,9:30:12.550421398,T,IBM,I,12,267.16
2025-10-23,9:30:12.550424127,T,IBM,I,12,267.13
2025-10-23,9:30:12.550428539,T,IBM,I,37,267.07
2025-10-23,9:30:12.550433176,T,IBM,I,32,267.01
2025-10-23,9:30:12.550433176,T,IBM,I,7,267.01
2025-10-23,9:30:12.550484862,T,IBM,F,100,267.0
2025-10-23,9:30:12.550484862,T,IBM,F I,37,267.0
2025-10-23,9:30:12.550487360,T,IBM,F I,25,267.0
2025-10-23,9:30:12.550490327,T,IBM,F I,12,267.0
2025-10-23,9:30:12.550490327,T,IBM,F I,37,267.0
2025-10-23,9:30:12.550494067,T,IBM,F I,12,267.0
2025-10-23,9:30:12.550496945,T,IBM,F I,26,267.0
2025-10-23,9:30:12.550496945,T,IBM,F I,37,267.0
2025-10-23,9:30:12.550500380,T,IBM,F I,51,267.0
2025-10-23,9:30:12.550500380,T,IBM,F I,12,267.0
2025-10-23,9:30:12.550503028,T,IBM,F I,26,267.0
2025-10-23,9:30:12.550505518,T,IBM,F I,12,267.0
2025-10-23,9:30:12.550505518,T,IBM,F I,25,267.0
2025-10-23,9:30:12.550556431,T,IBM,I,3,267.21
2025-10-23,9:30:12.550610601,T,IBM,F I,43,267.18
2025-10-23,9:30:12.550634835,T,IBM,I,5,267.2
2025-10-23,9:30:12.550637640,T,IBM,I,38,267.21
2025-10-23,9:30:12.550661727,T,IBM,F I,5,267.21
2025-10-23,9:30:12.991658657,T,IBM,F I,40,267.38
2025-10-23,9:30:12.991685727,T,IBM,I,40,267.38
2025-10-23,9:30:12.991776792,T,IBM,F I,40,267.49
2025-10-23,9:30:12.991778933,T,IBM,F I,44,267.49
2025-10-23,9:30:12.991796960,T,IBM,I,1,267.49
2025-10-23,9:30:12.991830061,T,IBM,I,55,267.49
2025-10-23,9:30:12.992013458,T,IBM,F I,20,267.655
2025-10-23,9:30:12.992581908,T,IBM,F I,11,267.73
2025-10-23,9:30:12.992585066,T,IBM,F I,17,267.73
2025-10-23,9:30:12.992587884,T,IBM,F I,45,267.73
2025-10-23,9:30:12.992838069,T,IBM,I,10,267.87
2025-10-23,9:30:12.992843662,T,IBM,I,12,267.88
2025-10-23,9:30:12.992846518,T,IBM,I,37,267.89
2025-10-23,9:30:12.992846518,T,IBM,I,41,267.89
2025-10-23,9:30:12.992919146,T,IBM,F I,11,267.79
2025-10-23,9:30:12.992942642,T,IBM,F I,17,267.79
2025-10-23,9:30:12.992966691,T,IBM,F I,9,267.79
2025-10-23,9:30:12.992969750,T,IBM,F I,6,267.73
2025-10-23,9:30:12.993141119,T,IBM,F I,8,267.73
2025-10-23,9:30:12.993150182,T,IBM,I,1,267.73
2025-10-23,9:30:12.995943806,T,IBM,F I,37,267.64
2025-10-23,9:30:12.995947045,T,IBM,F I,67,267.55
2025-10-23,9:30:12.995950163,T,IBM,F I,33,267.55
2025-10-23,9:30:12.995950163,T,IBM,F I,10,267.5
2025-10-23,9:30:12.995952826,T,IBM,F I,4,267.49
2025-10-23,9:30:12.995955812,T,IBM,F I,57,267.49
2025-10-23,9:30:12.995973863,T,IBM,I,43,267.49
2025-10-23,9:30:12.996037109,T,IBM,F I,43,267.49
2025-10-23,9:30:12.996049100,T,IBM,F I,37,267.49
2025-10-23,9:30:12.998779550,T,IBM,I,15,267.49
2025-10-23,9:30:12.998845678,T,IBM,I,85,267.49
2025-10-23,9:30:12.998848737,T,IBM,,100,267.67
2025-10-23,9:30:12.998852790,T,IBM,I,19,267.68
2025-10-23,9:30:12.998852790,T,IBM,,100,267.7
2025-10-23,9:30:12.998858797,T,IBM,I,12,267.83
2025-10-23,9:30:12.998858797,T,IBM,I,7,267.86
2025-10-23,9:30:12.998858797,T,IBM,I,25,267.95
2025-10-23,9:30:12.998858797,T,IBM,I,10,267.99
2025-10-23,9:30:12.998860872,T,IBM,I,4,267.99
2025-10-23,9:30:12.998863949,T,IBM,,100,267.99
2025-10-23,9:30:12.998866895,T,IBM,,200,267.99
2025-10-23,9:30:12.998866895,T,IBM,I,50,268.0
2025-10-23,9:30:12.998866895,T,IBM,I,60,268.0
2025-10-23,9:30:12.998893795,T,IBM,F I,23,267.99
2025-10-23,9:30:12.999396057,T,IBM,F I,6,267.69
2025-10-23,9:30:12.999399033,T,IBM,F I,23,267.69
2025-10-23,9:30:12.999405003,T,IBM,F I,26,267.69
2025-10-23,9:30:13.029199973,T,IBM,I,20,267.89
2025-10-23,9:30:13.029203038,T,IBM,,100,267.99
2025-10-23,9:30:13.030447960,T,IBM,F I,12,267.8
2025-10-23,9:30:13.031825190,T,IBM,F I,12,267.78
2025-10-23,9:30:13.034814377,T,IBM,F I,12,267.73
2025-10-23,9:30:13.088603440,T,IBM,F,100,267.78
2025-10-23,9:30:13.088603440,T,IBM,F I,50,267.76
2025-10-23,9:30:13.389442686,T,IBM,I,22,267.98
2025-10-23,9:30:13.653221606,T,IBM,F I,12,267.81
2025-10-23,9:30:13.660282439,T,IBM,F I,20,267.77
2025-10-23,9:30:13.660721544,T,IBM,I,15,267.82
2025-10-23,9:30:14.222455800,T,IBM,F I,25,267.84
2025-10-23,9:30:14.289199821,T,IBM,F I,9,267.96
2025-10-23,9:30:14.289199821,T,IBM,F I,33,268.02
2025-10-23,9:30:14.289247770,T,IBM,F,100,268.03
2025-10-23,9:30:14.784265273,T,IBM,F I,22,268.03
2025-10-23,9:30:14.784265273,T,IBM,F I,22,268.03
2025-10-23,9:30:14.784268254,T,IBM,F I,56,268.03
2025-10-23,9:30:14.784277270,T,IBM,F I,32,268.05
2025-10-23,9:30:14.784280306,T,IBM,F I,12,268.06
2025-10-23,9:30:14.784280306,T,IBM,F I,10,268.06
2025-10-23,9:30:14.784325403,T,IBM,F I,10,268.2
2025-10-23,9:30:14.784325403,T,IBM,F I,4,268.2
2025-10-23,9:30:14.784328675,T,IBM,F I,10,268.25
2025-10-23,9:30:14.785260633,T,IBM,F I,9,268.02
2025-10-23,9:30:14.785266747,T,IBM,F I,9,268.02
2025-10-23,9:30:14.789936974,T,IBM,,100,268.08
2025-10-23,9:30:14.789940442,T,IBM,,400,268.08
2025-10-23,9:30:15.048239879,T,IBM,F I,13,267.98
2025-10-23,9:30:15.048498355,T,IBM,I,2,268.09
2025-10-23,9:30:15.048633652,T,IBM,F I,15,267.92
2025-10-23,9:30:15.048708892,T,IBM,I,6,268.01
2025-10-23,9:30:15.660031193,T,IBM,F I,17,267.94
2025-10-23,9:30:15.660058227,T,IBM,F I,4,267.87
2025-10-23,9:30:15.660343968,T,IBM,I,37,267.87
2025-10-23,9:30:15.661119793,T,IBM,I,59,267.87
2025-10-23,9:30:15.661119793,T,IBM,,100,267.87
2025-10-23,9:30:16.745699868,T,IBM,,100,267.62
2025-10-23,9:30:16.745699868,T,IBM,,100,267.57
2025-10-23,9:30:16.746412599,T,IBM,,189,267.4
2025-10-23,9:30:17.850858011,T,IBM,F I,12,267.51
2025-10-23,9:30:17.850860869,T,IBM,F I,5,267.5
2025-10-23,9:30:17.850933417,T,IBM,F I,15,267.4
2025-10-23,9:30:17.850957101,T,IBM,I,15,267.4
2025-10-23,9:30:17.850963110,T,IBM,F I,10,267.4
2025-10-23,9:30:17.850963110,T,IBM,F I,5,267.4
2025-10-23,9:30:17.850969118,T,IBM,I,15,267.4
2025-10-23,9:30:17.850978113,T,IBM,F I,15,267.4
2025-10-23,9:30:17.850993159,T,IBM,I,15,267.4
2025-10-23,9:30:17.850999271,T,IBM,I,15,267.4
2025-10-23,9:30:17.851008255,T,IBM,F I,15,267.4
2025-10-23,9:30:17.851015279,T,IBM,I,7,267.52
2025-10-23,9:30:17.851023374,T,IBM,I,15,267.4
2025-10-23,9:30:17.851029298,T,IBM,F I,15,267.4
2025-10-23,9:30:17.851041461,T,IBM,F,100,267.42
2025-10-23,9:30:17.851044278,T,IBM,F I,15,267.4
2025-10-23,9:30:17.851086461,T,IBM,I,17,267.46
2025-10-23,9:30:17.851092458,T,IBM,F I,15,267.4
2025-10-23,9:30:17.851110595,T,IBM,F I,15,267.4
2025-10-23,9:30:17.851173703,T,IBM,F I,15,267.4
2025-10-23,9:30:17.851209700,T,IBM,I,9,267.56
2025-10-23,9:30:17.851375162,T,IBM,F I,15,267.4
2025-10-23,9:30:17.851778083,T,IBM,I,20,267.71
2025-10-23,9:30:17.853095474,T,IBM,F I,10,267.6
2025-10-23,9:30:17.853095474,T,IBM,F,100,267.56
2025-10-23,9:30:17.853305682,T,IBM,F I,15,267.53
2025-10-23,9:30:17.853534201,T,IBM,I,22,267.78
2025-10-23,9:30:18.581474238,T,IBM,F I,13,267.49
2025-10-23,9:30:18.581495347,T,IBM,F I,87,267.49
2025-10-23,9:30:18.581498358,T,IBM,F I,37,267.42
2025-10-23,9:30:18.581501808,T,IBM,F I,75,267.42
2025-10-23,9:30:18.581501808,T,IBM,F I,17,267.4
2025-10-23,9:30:18.581522837,T,IBM,F I,13,267.4
2025-10-23,9:30:18.581546410,T,IBM,F I,13,267.4
2025-10-23,9:30:18.581573455,T,IBM,F I,13,267.4
2025-10-23,9:30:18.581597887,T,IBM,F I,13,267.4
2025-10-23,9:30:18.581621638,T,IBM,F I,13,267.4
2025-10-23,9:30:18.581661297,T,IBM,F I,51,267.4
2025-10-23,9:30:18.581723876,T,IBM,F I,51,267.4
2025-10-23,9:30:18.581726988,T,IBM,F I,23,267.4
2025-10-23,9:30:18.581726988,T,IBM,F I,13,267.39
2025-10-23,9:30:18.581729910,T,IBM,F I,13,267.34
2025-10-23,9:30:18.581771987,T,IBM,,100,267.39
2025-10-23,9:30:18.581793284,T,IBM,F I,38,267.34
2025-10-23,9:30:18.581907251,T,IBM,F I,26,267.32
2025-10-23,9:30:18.582132824,T,IBM,F I,74,267.32
2025-10-23,9:30:18.582135819,T,IBM,F,100,267.32
2025-10-23,9:30:18.583702572,T,IBM,F I,11,267.34
2025-10-23,9:30:19.315431559,T,IBM,F I,31,267.34
2025-10-23,9:30:19.315431559,T,IBM,F,100,267.34
2025-10-23,9:30:19.315888728,T,IBM,F I,12,267.34
2025-10-23,9:30:19.319169450,T,IBM,I,16,267.42
2025-10-23,9:30:19.486187185,T,IBM,I,95,267.4
2025-10-23,9:30:19.486785550,T,IBM,F I,11,267.31
2025-10-23,9:30:19.592863046,T,IBM,F I,28,267.31
2025-10-23,9:30:19.592866084,T,IBM,F I,40,267.31
2025-10-23,9:30:19.592881182,T,IBM,I,1,267.31
2025-10-23,9:30:19.592884143,T,IBM,I,28,267.31
2025-10-23,9:30:19.592899571,T,IBM,F I,26,267.31
2025-10-23,9:30:19.592905363,T,IBM,F I,36,267.22
2025-10-23,9:30:19.592905363,T,IBM,F I,4,267.22
2025-10-23,9:30:19.670189129,T,IBM,I,36,267.4
2025-10-23,9:30:19.722306236,T,IBM,,116,267.49
2025-10-23,9:30:19.722324284,T,IBM,I,1,267.49
2025-10-23,9:30:19.722330292,T,IBM,I,54,267.49
2025-10-23,9:30:19.722348330,T,IBM,F I,5,267.49
2025-10-23,9:30:19.722354401,T,IBM,I,40,267.49
2025-10-23,9:30:19.722354401,T,IBM,I,5,267.5
2025-10-23,9:30:19.722366581,T,IBM,,100,267.49
2025-10-23,9:30:19.722366581,T,IBM,,361,267.49
2025-10-23,9:30:19.722372388,T,IBM,F I,15,267.49
2025-10-23,9:30:19.722507745,T,IBM,,100,267.5
2025-10-23,9:30:19.722534831,T,IBM,I,84,267.49
2025-10-23,9:30:19.722910699,T,IBM,I,5,267.49
2025-10-23,9:30:19.723121185,T,IBM,F I,95,267.49
2025-10-23,9:30:20.555003724,T,IBM,I,51,267.57
2025-10-23,9:30:20.564037186,T,IBM,F I,51,267.48
2025-10-23,9:30:20.564115352,T,IBM,I,94,267.48
2025-10-23,9:30:20.584497942,T,IBM,I,14,267.53
2025-10-23,9:30:20.611817913,T,IBM,I,14,267.48
2025-10-23,9:30:20.683337164,T,IBM,I,36,267.38
2025-10-23,9:30:20.719462181,T,IBM,I,36,267.35
2025-10-23,9:30:21.571209968,T,IBM,I,1,267.27
2025-10-23,9:30:21.571212988,T,IBM,I,31,267.26
2025-10-23,9:30:21.818434532,T,IBM,F I,10,267.26
2025-10-23,9:30:21.818885616,T,IBM,I,10,267.175
2025-10-23,9:30:21.819210348,T,IBM,I,10,267.21
2025-10-23,9:30:21.960940846,T,IBM,I,10,267.14
2025-10-23,9:30:22.549348614,T,IBM,I,81,266.97
2025-10-23,9:30:22.549351688,T,IBM,I,19,266.97
2025-10-23,9:30:23.131456566,T,IBM,F I,11,266.71
2025-10-23,9:30:23.131459486,T,IBM,I,11,266.71
2025-10-23,9:30:23.131528670,T,IBM,F I,53,266.71
2025-10-23,9:30:23.131532188,T,IBM,F I,10,266.7
2025-10-23,9:30:23.132121058,T,IBM,I,32,266.66
2025-10-23,9:30:23.132341253,T,IBM,I,7,266.79
2025-10-23,9:30:23.132626325,T,IBM,I,21,266.89
2025-10-23,9:30:23.132644422,T,IBM,I,1,266.83
2025-10-23,9:30:23.132650783,T,IBM,I,37,266.89
2025-10-23,9:30:23.132669217,T,IBM,F I,63,266.89
2025-10-23,9:30:23.673235368,T,IBM,F I,10,266.73
2025-10-23,9:30:23.673238675,T,IBM,I,3,266.75
2025-10-23,9:30:23.673241282,T,IBM,I,12,266.82
2025-10-23,9:30:24.540836842,T,IBM,F I,3,266.82
2025-10-23,9:30:24.540881953,T,IBM,I,5,266.94
2025-10-23,9:30:24.540891226,T,IBM,F I,83,266.82
2025-10-23,9:30:24.540909041,T,IBM,I,1,266.82
2025-10-23,9:30:24.540911991,T,IBM,I,16,266.82
2025-10-23,9:30:24.541651773,T,IBM,I,5,267.0
2025-10-23,9:30:24.541729915,T,IBM,,100,267.0
2025-10-23,9:30:26.351684987,T,IBM,I,43,266.915
2025-10-23,9:30:26.352160108,T,IBM,I,26,266.915
2025-10-23,9:30:26.352190226,T,IBM,F I,31,266.915
2025-10-23,9:30:26.909047049,T,IBM,,100,266.84
2025-10-23,9:30:26.909052951,T,IBM,I,38,266.64
2025-10-23,9:30:26.909588193,T,IBM,F I,8,266.64
2025-10-23,9:30:26.909594254,T,IBM,F I,28,266.64
2025-10-23,9:30:26.909618281,T,IBM,I,12,266.64
2025-10-23,9:30:26.909621266,T,IBM,I,20,266.64
2025-10-23,9:30:26.909621266,T,IBM,I,4,266.63
2025-10-23,9:30:26.909642275,T,IBM,I,32,266.63
2025-10-23,9:30:26.911395441,T,IBM,F I,52,266.5
2025-10-23,9:30:27.060909008,T,IBM,,100,266.7
2025-10-23,9:30:27.060911389,T,IBM,I,12,266.71
2025-10-23,9:30:27.060914412,T,IBM,I,37,266.72
2025-10-23,9:30:27.060914412,T,IBM,,100,266.77
2025-10-23,9:30:27.060917423,T,IBM,I,32,266.77
2025-10-23,9:30:27.060920428,T,IBM,,100,266.78
2025-10-23,9:30:27.060920428,T,IBM,I,3,266.83
2025-10-23,9:30:27.060935658,T,IBM,I,21,266.83
2025-10-23,9:30:27.060957088,T,IBM,F I,79,266.83
2025-10-23,9:30:27.071138777,T,IBM,I,79,266.83
2025-10-23,9:30:27.073156706,T,IBM,,137,267.12
2025-10-23,9:30:29.656805483,T,IBM,F,100,267.08
2025-10-23,9:30:30.314753843,T,IBM,F,100,267.08
2025-10-23,9:30:30.501198417,T,IBM,,100,267.17
2025-10-23,9:30:30.501198417,T,IBM,I,58,267.21
2025-10-23,9:30:30.501201037,T,IBM,I,32,267.23
2025-10-23,9:30:30.501201037,T,IBM,I,46,267.24
2025-10-23,9:30:30.501207123,T,IBM,,100,267.25
2025-10-23,9:30:30.501207123,T,IBM,I,10,267.26
2025-10-23,9:30:30.501209747,T,IBM,,100,267.26
2025-10-23,9:30:30.501209747,T,IBM,,100,267.26
2025-10-23,9:30:30.501212799,T,IBM,,200,267.26
2025-10-23,9:30:30.501236896,T,IBM,F,161,267.26
2025-10-23,9:30:30.501257903,T,IBM,I,1,267.26
2025-10-23,9:30:30.501285772,T,IBM,,600,267.26
2025-10-23,9:30:30.501289652,T,IBM,,438,267.26
2025-10-23,9:30:30.501291025,T,IBM,,162,267.26
2025-10-23,9:30:30.501294695,T,IBM,,392,267.26
2025-10-23,9:30:30.501308982,T,IBM,I,54,267.34
2025-10-23,9:30:30.501736093,T,IBM,I,36,267.44
2025-10-23,9:30:30.502253292,T,IBM,I,35,267.53
2025-10-23,9:30:30.502262349,T,IBM,I,35,267.53
2025-10-23,9:30:30.502349480,T,IBM,I,7,267.26
2025-10-23,9:30:30.504518057,T,IBM,I,68,267.26
2025-10-23,9:30:30.504518057,T,IBM,,100,267.26
2025-10-23,9:30:30.504520712,T,IBM,I,25,267.26
2025-10-23,9:30:30.505443814,T,IBM,F,100,267.24
2025-10-23,9:30:30.644365620,T,IBM,,100,267.175
2025-10-23,9:30:30.685783235,T,IBM,F I,13,267.34
2025-10-23,9:30:30.685990721,T,IBM,I,65,267.11
2025-10-23,9:30:30.721475229,T,IBM,I,6,267.355
2025-10-23,9:30:30.856764286,T,IBM,I,6,267.355
2025-10-23,9:30:31.014988907,T,IBM,I,5,267.355
2025-10-23,9:30:31.230394788,T,IBM,I,7,267.355
2025-10-23,9:30:31.394958531,T,IBM,F I,10,267.55
2025-10-23,9:30:31.394964548,T,IBM,I,44,267.29
2025-10-23,9:30:31.395175202,T,IBM,F I,14,267.59
2025-10-23,9:30:31.395238336,T,IBM,F I,32,267.68
2025-10-23,9:30:31.395295778,T,IBM,I,13,267.76
2025-10-23,9:30:31.395295778,T,IBM,,100,267.78
2025-10-23,9:30:31.395298315,T,IBM,I,25,267.79
2025-10-23,9:30:31.395421596,T,IBM,I,60,267.57
2025-10-23,9:30:31.395439732,T,IBM,I,90,267.79
2025-10-23,9:30:31.395439732,T,IBM,I,4,267.79
2025-10-23,9:30:31.395442730,T,IBM,I,6,267.79
2025-10-23,9:30:31.395445635,T,IBM,F I,10,267.79
2025-10-23,9:30:31.395475810,T,IBM,F I,15,267.62
2025-10-23,9:30:31.395526830,T,IBM,I,2,267.66
2025-10-23,9:30:31.395556962,T,IBM,I,14,267.66
2025-10-23,9:30:31.395888385,T,IBM,F I,7,267.79
2025-10-23,9:30:31.395905773,T,IBM,I,35,267.76
2025-10-23,9:30:31.395909182,T,IBM,I,32,267.63
2025-10-23,9:30:31.395911789,T,IBM,I,3,267.62
2025-10-23,9:30:31.397382306,T,IBM,I,49,267.65
2025-10-23,9:30:31.397385356,T,IBM,I,28,267.65
2025-10-23,9:30:31.397827782,T,IBM,I,25,267.64
2025-10-23,9:30:31.397827782,T,IBM,I,28,267.62
2025-10-23,9:30:31.410373256,T,IBM,I,32,267.96
2025-10-23,9:30:31.410376252,T,IBM,I,61,267.97
2025-10-23,9:30:31.410394794,T,IBM,I,1,267.97
2025-10-23,9:30:31.410397273,T,IBM,F I,31,267.97
2025-10-23,9:30:31.411082892,T,IBM,F I,1,268.24
2025-10-23,9:30:31.411152433,T,IBM,F I,1,268.27
2025-10-23,9:30:31.411383629,T,IBM,I,22,268.11
2025-10-23,9:30:31.411422939,T,IBM,I,10,268.11
2025-10-23,9:30:31.411422939,T,IBM,I,3,268.1
2025-10-23,9:30:31.411425931,T,IBM,I,19,268.1
2025-10-23,9:30:31.411429076,T,IBM,I,58,268.1
2025-10-23,9:30:31.411443933,T,IBM,I,10,268.1
2025-10-23,9:30:31.411687376,T,IBM,I,17,268.23
2025-10-23,9:30:31.411918948,T,IBM,F I,14,268.26
2025-10-23,9:30:31.412034070,T,IBM,I,4,268.26
2025-10-23,9:30:31.412066299,T,IBM,I,2,268.26
2025-10-23,9:30:31.412117367,T,IBM,F I,14,268.3
2025-10-23,9:30:31.412430156,T,IBM,I,10,268.39
2025-10-23,9:30:31.416303378,T,IBM,I,10,268.29
2025-10-23,9:30:31.822606613,T,IBM,F,100,268.22
2025-10-23,9:30:31.922603656,T,IBM,F,100,268.22
2025-10-23,9:30:32.190601674,T,IBM,F I,37,268.27
2025-10-23,9:30:32.581736878,T,IBM,F,100,268.18
2025-10-23,9:30:32.581890268,T,IBM,F I,17,268.48
2025-10-23,9:30:32.581893195,T,IBM,F I,83,268.53
2025-10-23,9:30:32.581929329,T,IBM,,100,268.55
2025-10-23,9:30:32.582154910,T,IBM,F I,7,268.6
2025-10-23,9:30:32.582500692,T,IBM,F I,1,268.65
2025-10-23,9:30:32.583014960,T,IBM,F I,50,268.79
2025-10-23,9:30:32.583017912,T,IBM,I,50,268.79
2025-10-23,9:30:32.583023972,T,IBM,F I,50,268.86
2025-10-23,9:30:32.583072090,T,IBM,F I,6,268.94
2025-10-23,9:30:32.583072090,T,IBM,F I,2,268.94
2025-10-23,9:30:32.583075078,T,IBM,F I,4,268.94
2025-10-23,9:30:32.583514055,T,IBM,F I,55,268.98
2025-10-23,9:30:32.583517044,T,IBM,F I,38,268.98
2025-10-23,9:30:32.583523084,T,IBM,I,35,269.0
2025-10-23,9:30:32.583526893,T,IBM,I,1,269.0
2025-10-23,9:30:32.583526893,T,IBM,I,93,269.0
2025-10-23,9:30:32.583544148,T,IBM,F I,36,269.0
2025-10-23,9:30:32.583743131,T,IBM,I,3,268.86
2025-10-23,9:30:32.584004269,T,IBM,I,17,268.86
2025-10-23,9:30:32.584007293,T,IBM,I,27,268.75
2025-10-23,9:30:32.584121550,T,IBM,F I,10,268.74
2025-10-23,9:30:32.584121550,T,IBM,F I,4,268.74
2025-10-23,9:30:32.588427763,T,IBM,I,32,268.99
2025-10-23,9:30:32.588430796,T,IBM,,271,269.0
2025-10-23,9:30:33.972034115,T,IBM,F,100,268.68
2025-10-23,9:30:33.972039870,T,IBM,F,100,268.66
2025-10-23,9:30:33.972043149,T,IBM,F,100,268.62
2025-10-23,9:30:33.972045767,T,IBM,F,200,268.6
2025-10-23,9:30:33.972052164,T,IBM,F I,37,268.59
2025-10-23,9:30:33.972052164,T,IBM,F I,25,268.54
2025-10-23,9:30:33.972055833,T,IBM,F I,12,268.53
2025-10-23,9:30:33.972055833,T,IBM,F,100,268.53
2025-10-23,9:30:33.972057908,T,IBM,F I,10,268.5
2025-10-23,9:30:33.972060794,T,IBM,F I,37,268.47
2025-10-23,9:30:33.972060794,T,IBM,F I,79,268.47
2025-10-23,9:30:33.972680222,T,IBM,F I,10,268.46
2025-10-23,9:30:34.161436670,T,IBM,F I,12,268.63
2025-10-23,9:30:34.781425648,T,IBM,I,50,269.16
2025-10-23,9:30:34.801231090,T,IBM,I,14,269.22
2025-10-23,9:30:34.801254954,T,IBM,,132,269.26
2025-10-23,9:30:34.801651770,T,IBM,F I,7,269.34
2025-10-23,9:30:34.801657835,T,IBM,F I,35,269.34
2025-10-23,9:30:34.801664118,T,IBM,F I,68,269.34
2025-10-23,9:30:34.801664118,T,IBM,F I,4,269.34
2025-10-23,9:30:34.801678798,T,IBM,I,1,269.25
2025-10-23,9:30:34.801685234,T,IBM,I,54,269.25
2025-10-23,9:30:34.801729919,T,IBM,F I,45,269.25
2025-10-23,9:30:34.801787946,T,IBM,I,1,269.01
2025-10-23,9:30:34.802361460,T,IBM,I,12,269.02
2025-10-23,9:30:35.544952394,T,IBM,F I,34,269.02
2025-10-23,9:30:35.544955421,T,IBM,F I,12,269.08
2025-10-23,9:30:35.545006539,T,IBM,F I,7,269.13
2025-10-23,9:30:35.545009472,T,IBM,F,100,269.17
2025-10-23,9:30:35.752990919,T,IBM,I,32,268.52
2025-10-23,9:30:35.752993870,T,IBM,I,12,268.52
2025-10-23,9:30:35.752996699,T,IBM,I,56,268.28
2025-10-23,9:30:35.753135013,T,IBM,,100,268.19
2025-10-23,9:30:35.753138822,T,IBM,I,48,268.09
2025-10-23,9:30:35.753141033,T,IBM,I,26,268.09
2025-10-23,9:30:35.753243387,T,IBM,F,100,268.31
2025-10-23,9:30:35.753243387,T,IBM,F I,26,268.09
2025-10-23,9:30:35.753246425,T,IBM,F,214,268.0
2025-10-23,9:30:35.753261338,T,IBM,I,1,268.0
2025-10-23,9:30:35.753382103,T,IBM,,100,268.01
2025-10-23,9:30:35.753382103,T,IBM,I,85,268.0
2025-10-23,9:30:35.753387554,T,IBM,,100,268.0
2025-10-23,9:30:35.753387554,T,IBM,,100,268.0
2025-10-23,9:30:35.753387554,T,IBM,I,15,268.0
2025-10-23,9:30:35.753429646,T,IBM,I,68,268.0
2025-10-23,9:30:35.753580080,T,IBM,F I,1,268.43
2025-10-23,9:30:35.753580080,T,IBM,F I,6,268.46
2025-10-23,9:30:35.770402375,T,IBM,I,10,268.24
2025-10-23,9:30:35.770402375,T,IBM,I,11,268.24
2025-10-23,9:30:35.770408139,T,IBM,I,2,268.24
2025-10-23,9:30:35.770408139,T,IBM,I,37,268.23
2025-10-23,9:30:35.770408139,T,IBM,I,2,268.21
2025-10-23,9:30:36.396925657,T,IBM,F I,12,268.96
2025-10-23,9:30:36.396925657,T,IBM,F I,23,269.08
2025-10-23,9:30:37.377921121,T,IBM,I,32,269.33
2025-10-23,9:30:37.378179717,T,IBM,F I,20,269.41
2025-10-23,9:30:37.378270491,T,IBM,F,100,269.36
2025-10-23,9:30:37.378297060,T,IBM,F I,37,269.35
2025-10-23,9:30:37.378300121,T,IBM,F I,63,269.35
2025-10-23,9:30:37.378306709,T,IBM,F I,37,269.35
2025-10-23,9:30:37.378312025,T,IBM,F,104,269.35
2025-10-23,9:30:37.378561669,T,IBM,F I,80,269.41
2025-10-23,9:30:37.378564635,T,IBM,F I,20,269.41
2025-10-23,9:30:37.378973606,T,IBM,F I,80,269.41
2025-10-23,9:30:37.378976659,T,IBM,F I,42,269.41
2025-10-23,9:30:37.379096855,T,IBM,F I,58,269.41
2025-10-23,9:30:37.379319518,T,IBM,F,100,269.41
2025-10-23,9:30:37.379319518,T,IBM,F I,59,269.5
2025-10-23,9:30:37.379322433,T,IBM,F I,31,269.5
2025-10-23,9:30:37.380188502,T,IBM,F I,7,269.46
2025-10-23,9:30:37.380191559,T,IBM,F I,19,269.5
2025-10-23,9:30:37.380191559,T,IBM,F I,71,269.5
2025-10-23,9:30:37.380269715,T,IBM,F I,26,269.5
2025-10-23,9:30:37.380384286,T,IBM,F,100,269.45
2025-10-23,9:30:37.380384286,T,IBM,F I,3,269.5
2025-10-23,9:30:37.380886147,T,IBM,F I,14,269.27
2025-10-23,9:30:37.381084652,T,IBM,F I,5,269.32
2025-10-23,9:30:39.361365059,T,IBM,,100,269.16
2025-10-23,9:30:40.093027928,T,IBM,I,3,269.13
2025-10-23,9:30:40.622988614,T,IBM,I,20,269.135
2025-10-23,9:30:41.306136951,T,IBM,I,37,269.5
2025-10-23,9:30:41.306136951,T,IBM,I,32,269.51
2025-10-23,9:30:41.306143416,T,IBM,I,31,269.52
2025-10-23,9:30:41.306143416,T,IBM,I,69,269.52
2025-10-23,9:30:41.306344488,T,IBM,F I,2,269.44
2025-10-23,9:30:41.306344488,T,IBM,F I,34,269.44
2025-10-23,9:30:41.306347967,T,IBM,F I,7,269.57
2025-10-23,9:30:41.306350425,T,IBM,F,100,269.71
2025-10-23,9:30:41.306449723,T,IBM,F I,4,269.71
2025-10-23,9:30:41.306759435,T,IBM,I,13,269.89
2025-10-23,9:30:41.307291721,T,IBM,F,100,269.62
2025-10-23,9:30:41.307439011,T,IBM,,100,269.62
2025-10-23,9:30:41.307517302,T,IBM,F I,1,269.62
2025-10-23,9:30:41.307595475,T,IBM,F I,1,269.62
2025-10-23,9:30:41.307628497,T,IBM,F I,1,269.62
2025-10-23,9:30:41.309766716,T,IBM,F,100,269.79
2025-10-23,9:30:41.309766716,T,IBM,F I,21,269.8
2025-10-23,9:30:41.309769616,T,IBM,F,257,269.81
2025-10-23,9:30:41.309772674,T,IBM,F I,22,269.81
2025-10-23,9:30:41.309781671,T,IBM,F,121,269.81
2025-10-23,9:30:41.711225351,T,IBM,,100,269.96
2025-10-23,9:30:41.711243961,T,IBM,,347,269.96
2025-10-23,9:30:41.711258448,T,IBM,F I,53,269.96
2025-10-23,9:30:41.711451054,T,IBM,F,100,270.0
2025-10-23,9:30:41.711454755,T,IBM,F I,1,270.0
2025-10-23,9:30:41.711457529,T,IBM,F I,30,270.0
2025-10-23,9:30:41.711457529,T,IBM,F I,30,270.0
2025-10-23,9:30:41.711460185,T,IBM,F,100,270.0
2025-10-23,9:30:41.711460185,T,IBM,F I,2,270.0
2025-10-23,9:30:41.711468950,T,IBM,F,150,270.0
2025-10-23,9:30:41.711474944,T,IBM,F,148,270.0
2025-10-23,9:30:41.711474944,T,IBM,F I,2,270.0
2025-10-23,9:30:41.711682698,T,IBM,I,7,269.96
2025-10-23,9:30:41.712097432,T,IBM,,2498,270.0
2025-10-23,9:30:41.712097432,T,IBM,,300,270.0
2025-10-23,9:30:41.712118442,T,IBM,I,54,270.0
2025-10-23,9:30:41.712130627,T,IBM,F,246,270.0
2025-10-23,9:30:41.712130627,T,IBM,F I,14,270.0
2025-10-23,9:30:41.712133485,T,IBM,F I,53,270.0
2025-10-23,9:30:41.712142585,T,IBM,,300,270.0
2025-10-23,9:30:41.712145538,T,IBM,,733,270.0
2025-10-23,9:30:41.712148574,T,IBM,I,10,270.0
2025-10-23,9:30:41.712590653,T,IBM,I,93,269.96
2025-10-23,9:30:41.714043106,T,IBM,F I,1,269.82
2025-10-23,9:30:41.714076178,T,IBM,F I,1,269.82
2025-10-23,9:30:41.714094158,T,IBM,F,100,269.81
2025-10-23,9:30:41.714094158,T,IBM,F I,50,269.805
2025-10-23,9:30:41.714166391,T,IBM,F I,50,269.805
2025-10-23,9:30:41.715973660,T,IBM,F,100,269.81
2025-10-23,9:30:41.816593261,T,IBM,F,150,269.68
2025-10-23,9:30:41.816632244,T,IBM,F,150,269.68
2025-10-23,9:30:42.226544197,T,IBM,F I,13,269.43
2025-10-23,9:30:42.815652634,T,IBM,,100,269.68
2025-10-23,9:30:42.827726351,T,IBM,,150,269.68
2025-10-23,9:30:42.861427599,T,IBM,F I,2,269.95
2025-10-23,9:30:42.861451689,T,IBM,I,19,270.0
2025-10-23,9:30:42.861454667,T,IBM,I,80,270.0
2025-10-23,9:30:42.861475748,T,IBM,I,1,270.0
2025-10-23,9:30:42.861533038,T,IBM,F I,6,270.0
2025-10-23,9:30:42.861536323,T,IBM,F I,12,270.0
2025-10-23,9:30:42.865123372,T,IBM,F I,50,270.19
2025-10-23,9:30:42.865123372,T,IBM,F I,19,270.19
2025-10-23,9:30:42.865141489,T,IBM,I,81,270.19
2025-10-23,9:30:42.868665890,T,IBM,F I,28,270.49
2025-10-23,9:30:42.868686919,T,IBM,I,72,270.49
2025-10-23,9:30:42.868686919,T,IBM,I,7,270.49
2025-10-23,9:30:42.868689947,T,IBM,I,7,270.49
2025-10-23,9:30:42.869129009,T,IBM,F,100,270.49
2025-10-23,9:30:42.876072549,T,IBM,I,25,270.11
2025-10-23,9:30:42.876072549,T,IBM,I,9,270.08
2025-10-23,9:30:42.876869392,T,IBM,I,14,270.08
2025-10-23,9:30:43.384778535,T,IBM,,100,270.005
2025-10-23,9:30:44.351309718,T,IBM,I,37,270.28
2025-10-23,9:30:44.351312622,T,IBM,I,25,270.23
2025-10-23,9:30:44.351312622,T,IBM,I,37,270.21
2025-10-23,9:30:44.351315650,T,IBM,I,26,270.17
2025-10-23,9:30:44.545199258,T,IBM,I,25,270.41
2025-10-23,9:30:44.545199258,T,IBM,I,75,270.42
2025-10-23,9:30:44.856058226,T,IBM,F I,25,270.29
2025-10-23,9:30:45.011390032,T,IBM,,100,270.49
2025-10-23,9:30:45.011399077,T,IBM,,100,270.49
2025-10-23,9:30:45.011411147,T,IBM,I,54,270.49
2025-10-23,9:30:45.011423084,T,IBM,F I,46,270.49
2025-10-23,9:30:45.011426174,T,IBM,F I,54,270.49
2025-10-23,9:30:45.011447214,T,IBM,I,46,270.49
2025-10-23,9:30:45.011471228,T,IBM,,100,270.49
2025-10-23,9:30:45.011474584,T,IBM,,300,270.49
2025-10-23,9:30:45.011474584,T,IBM,I,11,270.33
2025-10-23,9:30:45.011567943,T,IBM,I,3,270.37
2025-10-23,9:30:45.011570475,T,IBM,I,4,270.36
2025-10-23,9:30:45.011904277,T,IBM,I,3,270.54
2025-10-23,9:30:45.011988415,T,IBM,I,1,270.54
2025-10-23,9:30:45.011991468,T,IBM,,200,270.54
2025-10-23,9:30:45.025316182,T,IBM,I,35,270.88
2025-10-23,9:30:45.025322237,T,IBM,I,50,270.89
2025-10-23,9:30:45.025322237,T,IBM,I,50,270.89
2025-10-23,9:30:45.025326033,T,IBM,I,50,270.89
2025-10-23,9:30:45.025326033,T,IBM,I,50,270.89
2025-10-23,9:30:45.025328306,T,IBM,I,50,270.89
2025-10-23,9:30:45.025328306,T,IBM,I,4,270.89
2025-10-23,9:30:45.025397370,T,IBM,F I,1,270.9
2025-10-23,9:30:45.026410801,T,IBM,I,17,270.72
2025-10-23,9:30:45.942809476,T,IBM,,103,270.85
2025-10-23,9:30:45.942872645,T,IBM,,100,270.85
2025-10-23,9:30:45.943098330,T,IBM,I,65,270.85
2025-10-23,9:30:45.943125233,T,IBM,F I,29,270.85
2025-10-23,9:30:45.943480070,T,IBM,F,100,270.85
2025-10-23,9:30:45.943579268,T,IBM,,100,270.85
2025-10-23,9:30:45.973927572,T,IBM,I,37,270.85
2025-10-23,9:30:45.973948630,T,IBM,,100,270.85
2025-10-23,9:30:45.973963627,T,IBM,I,12,270.85
2025-10-23,9:30:45.974008769,T,IBM,F I,10,270.85
2025-10-23,9:30:45.974008769,T,IBM,F I,6,270.85
2025-10-23,9:30:45.974098943,T,IBM,,100,270.85
2025-10-23,9:30:45.974201206,T,IBM,,100,270.85
2025-10-23,9:30:45.974291398,T,IBM,I,3,270.85
2025-10-23,9:30:45.974333483,T,IBM,,100,270.85
2025-10-23,9:30:45.974540987,T,IBM,,100,270.85
2025-10-23,9:30:45.974790667,T,IBM,F,200,270.85
2025-10-23,9:30:45.984052633,T,IBM,F,150,270.85
2025-10-23,9:30:45.984103798,T,IBM,F,150,270.85
2025-10-23,9:30:46.001373957,T,IBM,F,150,270.85
2025-10-23,9:30:46.001440021,T,IBM,F,150,270.85
2025-10-23,9:30:46.032873933,T,IBM,I,45,270.85
2025-10-23,9:30:46.032925039,T,IBM,F I,90,270.85
2025-10-23,9:30:46.082988170,T,IBM,F I,80,270.94
2025-10-23,9:30:46.361676691,T,IBM,F I,12,270.66
2025-10-23,9:30:46.362094645,T,IBM,,101,270.56
2025-10-23,9:30:46.362378159,T,IBM,I,99,270.56
2025-10-23,9:30:46.362380301,T,IBM,I,1,270.47
2025-10-23,9:30:46.362419489,T,IBM,I,11,270.59
2025-10-23,9:30:46.362837381,T,IBM,F I,35,270.45
2025-10-23,9:30:46.362840393,T,IBM,F I,63,270.41
2025-10-23,9:30:46.362840393,T,IBM,F I,18,270.4
2025-10-23,9:30:46.362999870,T,IBM,I,10,270.57
2025-10-23,9:30:46.493648828,T,IBM,F I,37,270.52
2025-10-23,9:30:46.493727052,T,IBM,F I,37,270.49
2025-10-23,9:30:46.516353322,T,IBM,I,50,270.5
2025-10-23,9:30:46.516373952,T,IBM,I,8,270.5
2025-10-23,9:30:46.516379944,T,IBM,F I,42,270.5
2025-10-23,9:30:46.516391997,T,IBM,I,28,270.49
2025-10-23,9:30:46.516413126,T,IBM,I,1,270.49
2025-10-23,9:30:46.516413126,T,IBM,F I,21,270.49
2025-10-23,9:30:46.516455120,T,IBM,F,100,270.44
2025-10-23,9:30:46.516861093,T,IBM,F,100,270.5
2025-10-23,9:30:46.612633169,T,IBM,,100,270.37
2025-10-23,9:30:46.695895425,T,IBM,I,10,270.14
2025-10-23,9:30:46.695895425,T,IBM,I,90,270.08
2025-10-23,9:30:46.695970567,T,IBM,F,100,270.06
2025-10-23,9:30:46.695991556,T,IBM,F,100,270.05
2025-10-23,9:30:46.696605046,T,IBM,F,100,270.06
2025-10-23,9:30:46.696797459,T,IBM,I,1,270.0
2025-10-23,9:30:46.696800615,T,IBM,F I,1,270.0
2025-10-23,9:30:46.696842596,T,IBM,F I,98,270.0
2025-10-23,9:30:46.696878737,T,IBM,F I,1,269.97
2025-10-23,9:30:46.696902741,T,IBM,F I,1,269.97
2025-10-23,9:30:46.955506524,T,IBM,,100,269.9
2025-10-23,9:30:46.955635707,T,IBM,,100,269.92
2025-10-23,9:30:46.956321279,T,IBM,F,100,269.85
2025-10-23,9:30:47.088804748,T,IBM,I,1,269.85
2025-10-23,9:30:47.088822837,T,IBM,I,1,269.85
2025-10-23,9:30:47.220873117,T,IBM,F,100,270.17
2025-10-23,9:30:47.967475644,T,IBM,I,12,270.1
2025-10-23,9:30:47.967475644,T,IBM,I,25,269.99
2025-10-23,9:30:47.967482282,T,IBM,I,37,269.97
2025-10-23,9:30:47.967482282,T,IBM,I,12,269.96
2025-10-23,9:30:47.967484659,T,IBM,,100,269.95
2025-10-23,9:30:47.967487997,T,IBM,I,32,269.9
2025-10-23,9:30:47.967487997,T,IBM,,100,269.89
2025-10-23,9:30:47.967490680,T,IBM,,100,269.89
2025-10-23,9:30:47.967490680,T,IBM,,274,269.88
2025-10-23,9:30:47.967511731,T,IBM,F,326,269.88
2025-10-23,9:30:47.967514734,T,IBM,F I,92,269.88
2025-10-23,9:30:47.967632474,T,IBM,F I,40,269.88
2025-10-23,9:30:47.967635013,T,IBM,F I,52,269.88
2025-10-23,9:30:47.967947686,T,IBM,F,100,269.89
2025-10-23,9:30:47.968068021,T,IBM,F I,1,269.88
2025-10-23,9:30:48.217971941,T,IBM,F,100,269.82
2025-10-23,9:30:48.484460336,T,IBM,I,4,269.98
2025-10-23,9:30:48.497890301,T,IBM,F I,20,269.73
2025-10-23,9:30:48.497893301,T,IBM,F I,80,269.72
2025-10-23,9:30:48.497980822,T,IBM,F I,20,269.72
2025-10-23,9:30:48.497983506,T,IBM,F I,80,269.71
2025-10-23,9:30:48.497992564,T,IBM,F I,20,269.71
2025-10-23,9:30:48.498148931,T,IBM,F,100,269.72
2025-10-23,9:30:48.498260201,T,IBM,,100,269.72
2025-10-23,9:30:48.541009996,T,IBM,,100,269.45
2025-10-23,9:30:48.548542952,T,IBM,,100,269.28
2025-10-23,9:30:48.548954869,T,IBM,F I,17,269.28
2025-10-23,9:30:48.549090303,T,IBM,I,17,269.21
2025-10-23,9:30:48.549141385,T,IBM,I,17,269.28
2025-10-23,9:30:48.774419628,T,IBM,F,100,269.15
2025-10-23,9:30:48.774594076,T,IBM,F I,47,269.14
2025-10-23,9:30:48.782978032,T,IBM,,180,269.11
2025-10-23,9:30:49.795443560,T,IBM,F,100,269.42
2025-10-23,9:30:49.795443560,T,IBM,F I,50,269.42
2025-10-23,9:30:50.982630722,T,IBM,F I,3,269.66
2025-10-23,9:30:50.982633817,T,IBM,F I,17,269.73
2025-10-23,9:30:50.982657771,T,IBM,F I,3,269.73
2025-10-23,9:30:50.982732945,T,IBM,F,100,269.73
2025-10-23,9:30:50.982739468,T,IBM,F I,10,269.9
2025-10-23,9:30:50.982742008,T,IBM,F I,10,269.81
2025-10-23,9:30:50.982742008,T,IBM,F I,75,269.76
2025-10-23,9:30:51.077103695,T,IBM,I,36,269.85
2025-10-23,9:30:51.077107081,T,IBM,I,7,269.86
2025-10-23,9:30:51.077109784,T,IBM,,100,269.86
2025-10-23,9:30:51.077109784,T,IBM,I,12,269.9
2025-10-23,9:30:51.077112686,T,IBM,I,45,269.9
2025-10-23,9:30:52.086152872,T,IBM,F I,25,269.27
2025-10-23,9:30:52.086179974,T,IBM,F I,75,269.21
2025-10-23,9:30:52.086183513,T,IBM,F,100,269.2
2025-10-23,9:30:52.086186449,T,IBM,F,200,269.2
2025-10-23,9:30:52.086189028,T,IBM,F,100,269.2
2025-10-23,9:30:52.086193405,T,IBM,F I,10,269.13
2025-10-23,9:30:52.086198561,T,IBM,F I,15,269.12
2025-10-23,9:30:52.086198561,T,IBM,F,185,269.12
2025-10-23,9:30:52.086204011,T,IBM,F,300,269.12
2025-10-23,9:30:52.086229409,T,IBM,I,5,269.12
2025-10-23,9:30:52.086229409,T,IBM,I,14,269.12
2025-10-23,9:30:52.086252117,T,IBM,I,81,269.12
2025-10-23,9:30:52.086366489,T,IBM,F,100,269.13
2025-10-23,9:30:52.086369471,T,IBM,F I,61,269.13
2025-10-23,9:30:52.189936029,T,IBM,F,150,269.095
2025-10-23,9:30:52.189975112,T,IBM,F,150,269.095
2025-10-23,9:30:52.618314872,T,IBM,F I,4,269.5
2025-10-23,9:30:52.623890153,T,IBM,,100,269.61
2025-10-23,9:30:52.654115089,T,IBM,I,12,269.56
2025-10-23,9:30:52.654115089,T,IBM,I,59,269.5
2025-10-23,9:30:52.693521024,T,IBM,F,100,269.5
2025-10-23,9:30:52.693521024,T,IBM,F,100,269.33
2025-10-23,9:30:52.693527388,T,IBM,F I,10,269.19
2025-10-23,9:30:52.693527388,T,IBM,F,100,269.19
2025-10-23,9:30:52.693529940,T,IBM,F I,10,269.13
2025-10-23,9:30:52.693532960,T,IBM,F,200,269.1
2025-10-23,9:30:52.693532960,T,IBM,F,100,269.09
2025-10-23,9:30:52.693536038,T,IBM,F I,75,269.02
2025-10-23,9:30:52.693536038,T,IBM,F I,32,269.02
2025-10-23,9:30:53.813468083,T,IBM,I,2,269.44
2025-10-23,9:30:53.853303936,T,IBM,F,100,269.31
2025-10-23,9:30:54.106840635,T,IBM,F I,1,268.9
2025-10-23,9:30:54.710046571,T,IBM,I,10,269.03
2025-10-23,9:30:54.751305038,T,IBM,F I,10,268.79
2025-10-23,9:30:54.751305038,T,IBM,F,100,268.78
2025-10-23,9:30:54.751305038,T,IBM,F I,66,268.77
2025-10-23,9:30:54.752089720,T,IBM,I,9,268.72
2025-10-23,9:30:54.752195377,T,IBM,I,14,268.88
2025-10-23,9:30:54.752369353,T,IBM,I,12,268.77
2025-10-23,9:30:54.752384357,T,IBM,F I,3,268.73
2025-10-23,9:30:54.752510726,T,IBM,F I,25,268.77
2025-10-23,9:30:54.752513662,T,IBM,F I,23,268.77
2025-10-23,9:30:54.752513662,T,IBM,I,17,268.77
2025-10-23,9:30:54.752767519,T,IBM,F I,35,268.77
2025-10-23,9:30:54.752769420,T,IBM,F I,20,268.77
2025-10-23,9:30:54.752772266,T,IBM,F I,91,268.77
2025-10-23,9:30:54.794189981,T,IBM,F,100,268.78
2025-10-23,9:30:57.410279988,T,IBM,F I,1,269.08
2025-10-23,9:30:58.851734740,T,IBM,F,100,268.93
2025-10-23,9:30:58.935276550,T,IBM,F I,37,268.78
2025-10-23,9:31:00.071471710,T,IBM,F,100,268.66
2025-10-23,9:31:00.071609875,T,IBM,,100,268.66
2025-10-23,9:31:00.750695563,T,IBM,I,25,268.61
2025-10-23,9:31:00.750698742,T,IBM,I,37,268.6
2025-10-23,9:31:00.750701583,T,IBM,I,33,268.58
2025-10-23,9:31:00.952773660,T,IBM,I,1,268.78
2025-10-23,9:31:01.138640109,T,IBM,,100,268.78
2025-10-23,9:31:01.139434023,T,IBM,I,12,268.67
2025-10-23,9:31:01.139464042,T,IBM,F I,13,268.67
2025-10-23,9:31:01.150912312,T,IBM,F I,25,268.55
2025-10-23,9:31:01.150912312,T,IBM,F I,37,268.54
2025-10-23,9:31:01.150939508,T,IBM,F I,11,268.42
2025-10-23,9:31:01.150948381,T,IBM,F I,89,268.42
2025-10-23,9:31:01.151420597,T,IBM,,100,268.46
2025-10-23,9:31:01.151456894,T,IBM,F I,1,268.31
2025-10-23,9:31:01.220792731,T,IBM,F,100,268.07
2025-10-23,9:31:01.220792731,T,IBM,F,100,268.07
2025-10-23,9:31:01.220795665,T,IBM,F,100,268.07
2025-10-23,9:31:01.221376151,T,IBM,F I,12,268.2
2025-10-23,9:31:01.764234915,T,IBM,F I,37,268.54
2025-10-23,9:31:01.764237722,T,IBM,F,100,268.65
2025-10-23,9:31:01.764240438,T,IBM,F I,2,268.66
2025-10-23,9:31:02.076389581,T,IBM,I,1,268.4
2025-10-23,9:31:02.076411224,T,IBM,F I,19,268.4
2025-10-23,9:31:02.311350987,T,IBM,,100,268.36
2025-10-23,9:31:02.339783662,T,IBM,I,9,268.32
2025-10-23,9:31:02.394468826,T,IBM,I,65,268.32
2025-10-23,9:31:02.394486875,T,IBM,I,1,268.32
2025-10-23,9:31:02.394565508,T,IBM,I,25,268.32
2025-10-23,9:31:02.394568053,T,IBM,,400,268.32
2025-10-23,9:31:02.394757585,T,IBM,F,100,268.32
2025-10-23,9:31:02.396071630,T,IBM,F I,20,268.4
2025-10-23,9:31:03.050507724,T,IBM,I,32,268.66
2025-10-23,9:31:03.120015109,T,IBM,F,100,268.67
2025-10-23,9:31:03.120066307,T,IBM,I,24,268.67
2025-10-23,9:31:03.120072282,T,IBM,I,14,268.67
2025-10-23,9:31:03.120105449,T,IBM,I,62,268.67
2025-10-23,9:31:03.120108342,T,IBM,I,17,268.67
2025-10-23,9:31:03.120111614,T,IBM,I,32,268.67
2025-10-23,9:31:03.120147467,T,IBM,F I,51,268.67
2025-10-23,9:31:03.120637626,T,IBM,,100,268.72
2025-10-23,9:31:03.120655642,T,IBM,I,50,268.69
2025-10-23,9:31:03.120742817,T,IBM,,100,268.72
2025-10-23,9:31:03.120787949,T,IBM,,100,268.72
2025-10-23,9:31:03.120854188,T,IBM,,100,268.72
2025-10-23,9:31:03.193618385,T,IBM,,100,268.63
2025-10-23,9:31:03.455097848,T,IBM,I,5,268.69
2025-10-23,9:31:03.455101140,T,IBM,I,95,268.69
2025-10-23,9:31:03.455118366,T,IBM,F I,5,268.69
2025-10-23,9:31:03.455144994,T,IBM,I,10,268.85
2025-10-23,9:31:03.719753904,T,IBM,I,3,268.7
2025-10-23,9:31:04.481329871,T,IBM,I,10,268.54
2025-10-23,9:31:04.481329871,T,IBM,I,10,268.51
2025-10-23,9:31:04.481332021,T,IBM,I,80,268.5
2025-10-23,9:31:05.181970024,T,IBM,,100,268.52
2025-10-23,9:31:05.215316377,T,IBM,F I,12,268.4
2025-10-23,9:31:05.216453079,T,IBM,F,100,268.3
2025-10-23,9:31:05.216457106,T,IBM,F I,3,268.3
2025-10-23,9:31:05.216457106,T,IBM,F I,47,268.3
2025-10-23,9:31:05.216459172,T,IBM,F,253,268.3
2025-10-23,9:31:05.216468159,T,IBM,F,100,268.3
2025-10-23,9:31:05.216471154,T,IBM,F I,75,268.3
2025-10-23,9:31:05.216471154,T,IBM,F,100,268.3
2025-10-23,9:31:05.216528310,T,IBM,F I,93,268.3
2025-10-23,9:31:05.216534354,T,IBM,I,2,268.46
2025-10-23,9:31:05.233681168,T,IBM,F,150,268.16
2025-10-23,9:31:05.242007932,T,IBM,I,93,268.3
2025-10-23,9:31:05.242026027,T,IBM,I,1,268.3
2025-10-23,9:31:05.242095132,T,IBM,I,17,268.07
2025-10-23,9:31:05.579817170,T,IBM,I,1,268.15
2025-10-23,9:31:05.901502057,T,IBM,F I,35,268.29
2025-10-23,9:31:05.901505334,T,IBM,F I,37,268.29
2025-10-23,9:31:05.901505334,T,IBM,F I,1,268.29
2025-10-23,9:31:05.901510984,T,IBM,F,100,268.3
2025-10-23,9:31:05.901510984,T,IBM,F I,62,268.3
2025-10-23,9:31:05.901520073,T,IBM,F I,38,268.3
2025-10-23,9:31:05.901520073,T,IBM,F I,25,268.37
2025-10-23,9:31:05.902404112,T,IBM,I,22,268.49
2025-10-23,9:31:05.918642850,T,IBM,I,22,268.48
2025-10-23,9:31:05.963602863,T,IBM,I,1,268.66
2025-10-23,9:31:05.963650999,T,IBM,I,78,268.66
2025-10-23,9:31:05.963668969,T,IBM,I,1,268.66
2025-10-23,9:31:05.963675072,T,IBM,I,1,268.66
2025-10-23,9:31:05.963696094,T,IBM,I,20,268.66
2025-10-23,9:31:07.839089916,T,IBM,F,100,268.62
2025-10-23,9:31:08.276989338,T,IBM,I,18,268.76
2025-10-23,9:31:08.276992351,T,IBM,,100,268.83
2025-10-23,9:31:08.276995420,T,IBM,,282,268.83
2025-10-23,9:31:08.277010437,T,IBM,I,1,268.76
2025-10-23,9:31:08.277025585,T,IBM,I,5,268.72
2025-10-23,9:31:08.277254036,T,IBM,F I,18,268.83
2025-10-23,9:31:08.633560256,T,IBM,I,16,268.77
2025-10-23,9:31:08.637274118,T,IBM,F I,12,268.78
2025-10-23,9:31:09.363154118,T,IBM,F I,37,268.77
2025-10-23,9:31:09.370810348,T,IBM,F I,1,268.99
2025-10-23,9:31:09.370810348,T,IBM,F I,99,269.0
2025-10-23,9:31:09.370928168,T,IBM,F I,1,269.0
2025-10-23,9:31:09.371027168,T,IBM,F I,30,269.02
2025-10-23,9:31:09.371027168,T,IBM,F I,3,269.02
2025-10-23,9:31:09.378915004,T,IBM,F,150,269.1
2025-10-23,9:31:09.378917651,T,IBM,F I,29,269.1
2025-10-23,9:31:09.379446960,T,IBM,I,13,268.97
2025-10-23,9:31:09.841566219,T,IBM,F I,49,269.03
2025-10-23,9:31:09.841570128,T,IBM,F I,25,268.97
2025-10-23,9:31:09.841570128,T,IBM,F I,12,268.96
2025-10-23,9:31:09.841572137,T,IBM,F I,37,268.96
2025-10-23,9:31:09.841575139,T,IBM,F I,27,268.95
2025-10-23,9:31:09.957901040,T,IBM,F I,12,268.84
2025-10-23,9:31:09.961073707,T,IBM,I,12,269.12
2025-10-23,9:31:09.961073707,T,IBM,I,20,269.12
2025-10-23,9:31:10.888854396,T,IBM,F I,1,269.13
2025-10-23,9:31:10.888881416,T,IBM,F I,12,268.88
2025-10-23,9:31:10.888884486,T,IBM,F,138,268.82
2025-10-23,9:31:10.888932524,T,IBM,F,100,268.89
2025-10-23,9:31:11.361775599,T,IBM,F,100,268.73
2025-10-23,9:31:11.361778212,T,IBM,F I,10,268.73
2025-10-23,9:31:11.361778212,T,IBM,F I,40,268.72
2025-10-23,9:31:11.361874932,T,IBM,F,100,268.65
2025-10-23,9:31:11.430961118,T,IBM,F,100,268.59
2025-10-23,9:31:11.430963957,T,IBM,F I,32,268.58
2025-10-23,9:31:11.430985021,T,IBM,F,100,268.57
2025-10-23,9:31:11.431003213,T,IBM,F,100,268.57
2025-10-23,9:31:11.431006756,T,IBM,I,54,268.57
2025-10-23,9:31:11.431009199,T,IBM,I,1,268.57
2025-10-23,9:31:11.431021333,T,IBM,F I,5,268.57
2025-10-23,9:31:11.431048134,T,IBM,,100,268.57
2025-10-23,9:31:12.442822263,T,IBM,F,100,268.54
2025-10-23,9:31:12.442822263,T,IBM,F I,34,268.41
2025-10-23,9:31:15.811769362,T,IBM,I,65,268.22
2025-10-23,9:31:15.811778330,T,IBM,F I,35,268.22
2025-10-23,9:31:15.812563219,T,IBM,F,150,268.09
2025-10-23,9:31:15.813018208,T,IBM,F,1000,268.49
2025-10-23,9:31:15.813021211,T,IBM,F I,4,268.02
2025-10-23,9:31:15.813023270,T,IBM,F,200,268.02
2025-10-23,9:31:15.813023270,T,IBM,F,387,268.0
2025-10-23,9:31:15.813044309,T,IBM,F,1099,268.0
2025-10-23,9:31:15.813709071,T,IBM,F,1014,268.0
2025-10-23,9:31:15.813709071,T,IBM,F,200,268.0
2025-10-23,9:31:15.814051783,T,IBM,I,3,268.02
2025-10-23,9:31:16.571639376,T,IBM,F I,75,267.89
2025-10-23,9:31:16.571642366,T,IBM,F I,25,267.8
2025-10-23,9:31:17.131235595,T,IBM,F I,75,267.89
2025-10-23,9:31:17.131599483,T,IBM,I,31,267.97
2025-10-23,9:31:18.573899197,T,IBM,F I,17,267.81
2025-10-23,9:31:19.833056833,T,IBM,I,37,267.99
2025-10-23,9:31:19.833059792,T,IBM,I,33,267.99
2025-10-23,9:31:19.833104975,T,IBM,I,37,268.12
2025-10-23,9:31:19.833104975,T,IBM,I,33,268.13
2025-10-23,9:31:19.837519437,T,IBM,I,25,268.19
2025-10-23,9:31:19.837519437,T,IBM,I,45,268.2
2025-10-23,9:31:19.853289660,T,IBM,I,55,268.2
2025-10-23,9:31:19.853292056,T,IBM,I,32,268.2
2025-10-23,9:31:19.853294971,T,IBM,I,40,268.21
2025-10-23,9:31:19.853313407,T,IBM,F I,30,268.21
2025-10-23,9:31:19.853313407,T,IBM,I,1,268.21
2025-10-23,9:31:19.853358123,T,IBM,F,100,268.21
2025-10-23,9:31:19.853866393,T,IBM,I,13,268.21
2025-10-23,9:31:20.902216485,T,IBM,F,100,268.26
2025-10-23,9:31:20.902216485,T,IBM,F I,13,268.28
2025-10-23,9:31:20.902249305,T,IBM,F,113,268.3
2025-10-23,9:31:20.903846016,T,IBM,F,150,268.48
2025-10-23,9:31:20.903870160,T,IBM,I,50,268.48
2025-10-23,9:31:21.353948615,T,IBM,F I,12,268.52
2025-10-23,9:31:21.513306977,T,IBM,I,12,268.605
2025-10-23,9:31:21.513334005,T,IBM,I,20,268.605
2025-10-23,9:31:21.889962981,T,IBM,F I,37,268.78
2025-10-23,9:31:21.889962981,T,IBM,F I,10,268.87
2025-10-23,9:31:21.889968773,T,IBM,F,200,268.93
2025-10-23,9:31:21.889968773,T,IBM,F,253,268.94
2025-10-23,9:31:21.889980876,T,IBM,I,1,268.94
2025-10-23,9:31:21.890212361,T,IBM,,146,268.94
2025-10-23,9:31:21.890212361,T,IBM,,100,268.94
2025-10-23,9:31:21.890395798,T,IBM,F I,93,268.99
2025-10-23,9:31:21.905455665,T,IBM,F,150,269.21
2025-10-23,9:31:21.922121326,T,IBM,I,92,269.34
2025-10-23,9:31:22.356361158,T,IBM,I,37,269.85
2025-10-23,9:31:22.356361158,T,IBM,I,63,269.87
2025-10-23,9:31:23.708001302,T,IBM,F I,3,269.89
2025-10-23,9:31:23.708001302,T,IBM,F,147,269.89
2025-10-23,9:31:23.708064103,T,IBM,I,50,269.9
2025-10-23,9:31:23.708082487,T,IBM,F,125,270.0
2025-10-23,9:31:23.708085499,T,IBM,F,100,270.0
2025-10-23,9:31:23.708671838,T,IBM,F I,92,270.1
2025-10-23,9:31:26.491761268,T,IBM,I,9,270.99
2025-10-23,9:31:26.491857598,T,IBM,F,100,270.98
2025-10-23,9:31:26.491857598,T,IBM,F,100,271.0
2025-10-23,9:31:26.491882202,T,IBM,I,1,271.0
2025-10-23,9:31:26.491882202,T,IBM,I,9,271.0
2025-10-23,9:31:26.491926678,T,IBM,I,7,270.93
2025-10-23,9:31:26.491962763,T,IBM,I,7,270.93
2025-10-23,9:31:26.492083632,T,IBM,F I,7,270.91
2025-10-23,9:31:26.494326381,T,IBM,I,3,270.83
2025-10-23,9:31:26.497553080,T,IBM,I,36,270.78
2025-10-23,9:31:26.508787840,T,IBM,F I,5,271.06
2025-10-23,9:31:26.508974186,T,IBM,I,26,270.94
2025-10-23,9:31:26.509025364,T,IBM,I,19,271.03
2025-10-23,9:31:26.510035811,T,IBM,F I,1,271.23
2025-10-23,9:31:26.510177136,T,IBM,I,15,271.08
2025-10-23,9:31:26.510198112,T,IBM,F I,1,271.08
2025-10-23,9:31:26.720329421,T,IBM,I,68,271.35
2025-10-23,9:31:26.770960958,T,IBM,F I,10,271.5
2025-10-23,9:31:26.770973000,T,IBM,F I,10,271.5
2025-10-23,9:31:26.881425949,T,IBM,F I,29,271.55
2025-10-23,9:31:26.881452957,T,IBM,F I,71,271.55
2025-10-23,9:31:27.072104233,T,IBM,F,100,271.65
2025-10-23,9:31:27.072107235,T,IBM,F,100,271.8
2025-10-23,9:31:27.072107235,T,IBM,F,100,271.83
2025-10-23,9:31:27.121655750,T,IBM,F,100,271.89
2025-10-23,9:31:27.121655750,T,IBM,F,300,271.9
2025-10-23,9:31:27.125736496,T,IBM,F I,70,271.9
2025-10-23,9:31:27.126500275,T,IBM,F I,11,271.68
2025-10-23,9:31:27.126527416,T,IBM,F I,11,271.62
2025-10-23,9:31:27.126530464,T,IBM,F,100,271.52
2025-10-23,9:31:27.126533366,T,IBM,F I,45,271.51
2025-10-23,9:31:27.126563535,T,IBM,F I,32,271.49
2025-10-23,9:31:27.126566903,T,IBM,F I,19,271.48
2025-10-23,9:31:27.126566903,T,IBM,F I,4,271.48
2025-10-23,9:31:27.126569623,T,IBM,F I,12,271.48
2025-10-23,9:31:27.126569623,T,IBM,F I,12,271.48
2025-10-23,9:31:27.126572501,T,IBM,F I,25,271.48
2025-10-23,9:31:27.126578506,T,IBM,I,1,271.48
2025-10-23,9:31:27.497295039,T,IBM,F I,1,271.57
2025-10-23,9:31:27.661693434,T,IBM,F I,37,271.42
2025-10-23,9:31:27.801607552,T,IBM,F I,12,271.3
2025-10-23,9:31:27.801610502,T,IBM,F I,37,271.3
2025-10-23,9:31:28.161396490,T,IBM,I,37,271.77
2025-10-23,9:31:28.161399872,T,IBM,I,34,271.83
2025-10-23,9:31:28.161399872,T,IBM,I,36,271.91
2025-10-23,9:31:28.161402101,T,IBM,I,4,271.91
2025-10-23,9:31:28.161444233,T,IBM,F,100,271.91
2025-10-23,9:31:28.164000243,T,IBM,F,181,271.95
2025-10-23,9:31:28.164039395,T,IBM,F,150,271.86
2025-10-23,9:31:28.164075427,T,IBM,F I,12,271.82
2025-10-23,9:31:28.165142926,T,IBM,,100,271.95
2025-10-23,9:31:28.240830199,T,IBM,F I,37,271.6
2025-10-23,9:31:28.753532740,T,IBM,F I,25,271.55
2025-10-23,9:31:28.753532740,T,IBM,F I,37,271.54
2025-10-23,9:31:28.753583849,T,IBM,F,100,271.52
2025-10-23,9:31:28.753583849,T,IBM,F I,50,271.52
2025-10-23,9:31:29.183923636,T,IBM,F I,37,271.53
2025-10-23,9:31:29.183926968,T,IBM,F I,68,271.52
2025-10-23,9:31:29.183926968,T,IBM,F I,12,271.52
2025-10-23,9:31:29.183929617,T,IBM,F I,33,271.52
2025-10-23,9:31:29.183983697,T,IBM,F I,67,271.52
2025-10-23,9:31:29.183983697,T,IBM,F I,25,271.49
2025-10-23,9:31:30.210663797,T,IBM,I,75,271.52
2025-10-23,9:31:30.561460975,T,IBM,,100,271.52
2025-10-23,9:31:30.574280440,T,IBM,I,31,271.52
2025-10-23,9:31:30.753416956,T,IBM,I,35,271.52
2025-10-23,9:31:30.986643107,T,IBM,I,90,271.52
2025-10-23,9:31:31.116011191,T,IBM,I,24,271.52
2025-10-23,9:31:31.399508049,T,IBM,F,100,271.52
2025-10-23,9:31:31.399508049,T,IBM,F I,50,271.52
2025-10-23,9:31:31.399926076,T,IBM,F I,18,271.52
2025-10-23,9:31:31.399956102,T,IBM,I,14,271.52
2025-10-23,9:31:31.402253553,T,IBM,,150,271.52
2025-10-23,9:31:31.504446004,T,IBM,I,10,271.52
2025-10-23,9:31:31.662832983,T,IBM,F,150,271.52
2025-10-23,9:31:31.662872037,T,IBM,F I,50,271.52
2025-10-23,9:31:31.662872037,T,IBM,F,100,271.52
2025-10-23,9:31:32.683456842,T,IBM,I,10,271.52
2025-10-23,9:31:32.858248029,T,IBM,,100,271.52
2025-10-23,9:31:33.609737568,T,IBM,I,25,271.43
2025-10-23,9:31:33.609740652,T,IBM,I,12,271.42
2025-10-23,9:31:33.609743191,T,IBM,I,37,271.42
2025-10-23,9:31:33.609743191,T,IBM,,100,271.37
2025-10-23,9:31:33.609749072,T,IBM,I,12,271.34
2025-10-23,9:31:33.609749072,T,IBM,I,10,271.32
2025-10-23,9:31:33.609749072,T,IBM,I,4,271.3
2025-10-23,9:31:33.951847049,T,IBM,I,25,271.61
2025-10-23,9:31:33.951850343,T,IBM,,100,271.72
2025-10-23,9:31:33.951853306,T,IBM,I,10,271.76
2025-10-23,9:31:33.951853306,T,IBM,,100,271.77
2025-10-23,9:31:33.951855659,T,IBM,I,37,271.77
2025-10-23,9:31:33.951855659,T,IBM,I,5,271.78
2025-10-23,9:31:33.951858501,T,IBM,,100,271.81
2025-10-23,9:31:33.951861529,T,IBM,I,12,271.82
2025-10-23,9:31:33.951861529,T,IBM,,200,271.83
2025-10-23,9:31:33.951864664,T,IBM,,100,271.84
2025-10-23,9:31:33.951864664,T,IBM,,100,271.84
2025-10-23,9:31:33.951868121,T,IBM,I,17,271.84
2025-10-23,9:31:33.951868121,T,IBM,I,32,271.88
2025-10-23,9:31:33.951870638,T,IBM,I,4,271.94
2025-10-23,9:31:33.951873441,T,IBM,,100,271.94
2025-10-23,9:31:33.951873441,T,IBM,I,60,271.94
2025-10-23,9:31:33.952063287,T,IBM,F I,18,271.95
2025-10-23,9:31:33.952063287,T,IBM,I,82,271.95
2025-10-23,9:31:33.952066873,T,IBM,I,5,271.95
2025-10-23,9:31:33.952071991,T,IBM,I,14,271.95
2025-10-23,9:31:33.952074921,T,IBM,,100,271.95
2025-10-23,9:31:33.952074921,T,IBM,I,2,271.95
2025-10-23,9:31:33.952324532,T,IBM,F,1400,272.0
2025-10-23,9:31:33.952342619,T,IBM,F,250,272.0
2025-10-23,9:31:33.952357793,T,IBM,F,150,272.0
2025-10-23,9:31:33.952363626,T,IBM,F,150,272.0
2025-10-23,9:31:33.952490633,T,IBM,F,100,272.0
2025-10-23,9:31:33.952493433,T,IBM,F,100,272.0
2025-10-23,9:31:33.952495933,T,IBM,F,100,272.0
2025-10-23,9:31:33.952514055,T,IBM,I,12,271.95
2025-10-23,9:31:33.952517014,T,IBM,F,250,272.0
2025-10-23,9:31:33.952544405,T,IBM,F,100,272.0
2025-10-23,9:31:33.952565650,T,IBM,I,1,271.95
2025-10-23,9:31:33.952715507,T,IBM,I,10,271.98
2025-10-23,9:31:33.953034328,T,IBM,F,150,272.0
2025-10-23,9:31:33.953196655,T,IBM,F,150,272.0
2025-10-23,9:31:33.953298906,T,IBM,I,20,272.14
2025-10-23,9:31:33.959761291,T,IBM,F I,50,272.19
2025-10-23,9:31:33.959881552,T,IBM,F I,53,272.28
2025-10-23,9:31:33.959885305,T,IBM,F,100,272.28
2025-10-23,9:31:33.959902565,T,IBM,,147,272.28
2025-10-23,9:31:33.998893739,T,IBM,I,17,272.35
2025-10-23,9:31:33.998914491,T,IBM,F I,83,272.35
2025-10-23,9:31:34.008798940,T,IBM,F I,13,272.5
2025-10-23,9:31:34.008802045,T,IBM,F,200,272.5
2025-10-23,9:31:34.089757720,T,IBM,,160,272.66
2025-10-23,9:31:34.089781801,T,IBM,F I,40,272.66
2025-10-23,9:31:34.089781801,T,IBM,F,100,272.64
2025-10-23,9:31:34.096178589,T,IBM,I,37,272.44
2025-10-23,9:31:34.096181046,T,IBM,I,12,272.44
2025-10-23,9:31:34.096184034,T,IBM,I,25,272.43
2025-10-23,9:31:34.096184034,T,IBM,I,66,272.39
2025-10-23,9:31:35.312646004,T,IBM,I,56,272.72
2025-10-23,9:31:35.312664047,T,IBM,I,1,272.72
2025-10-23,9:31:35.312691240,T,IBM,F I,43,272.72
2025-10-23,9:31:35.312694133,T,IBM,F,100,272.72
2025-10-23,9:31:35.312697230,T,IBM,F I,10,272.72
2025-10-23,9:31:38.184976148,T,IBM,F I,25,272.39
2025-10-23,9:31:38.185024206,T,IBM,F,100,272.35
2025-10-23,9:31:38.185024206,T,IBM,F I,12,272.32
2025-10-23,9:31:38.185577562,T,IBM,F I,12,272.3
2025-10-23,9:31:38.185616661,T,IBM,F I,37,272.25
2025-10-23,9:31:38.185619649,T,IBM,F,113,272.24
2025-10-23,9:31:38.185655794,T,IBM,F,150,272.24
2025-10-23,9:31:38.185691856,T,IBM,F I,37,272.24
2025-10-23,9:31:38.189453787,T,IBM,I,40,272.385
2025-10-23,9:31:38.219919804,T,IBM,F I,37,272.31
2025-10-23,9:31:38.219922466,T,IBM,F I,12,272.3
2025-10-23,9:31:38.219925996,T,IBM,F I,25,272.27
2025-10-23,9:31:38.219925996,T,IBM,F I,10,272.2
2025-10-23,9:31:38.219928378,T,IBM,F I,66,272.19
2025-10-23,9:31:38.897123178,T,IBM,I,5,272.77
2025-10-23,9:31:38.897125561,T,IBM,I,10,272.77
2025-10-23,9:31:38.897132220,T,IBM,,100,272.77
2025-10-23,9:31:38.900222961,T,IBM,F I,10,272.82
2025-10-23,9:31:38.900334173,T,IBM,F I,10,272.82
2025-10-23,9:31:38.902688829,T,IBM,I,28,272.71
2025-10-23,9:31:38.902712816,T,IBM,F,150,272.71
2025-10-23,9:31:38.903892138,T,IBM,F I,80,272.82
2025-10-23,9:31:38.903895263,T,IBM,F I,1,272.82
2025-10-23,9:31:38.903897833,T,IBM,F,100,272.82
2025-10-23,9:31:38.903897833,T,IBM,F I,19,272.82
2025-10-23,9:31:38.903912707,T,IBM,I,1,272.82
2025-10-23,9:31:38.904029938,T,IBM,I,80,272.82
2025-10-23,9:31:38.904032994,T,IBM,I,20,272.82
2025-10-23,9:31:38.912176340,T,IBM,F I,1,272.82
2025-10-23,9:31:39.011743463,T,IBM,F I,37,272.56
2025-10-23,9:31:39.017532224,T,IBM,F I,12,272.48
2025-10-23,9:31:39.017571334,T,IBM,F,100,272.43
2025-10-23,9:31:39.017571334,T,IBM,F I,50,272.42
2025-10-23,9:31:39.017610356,T,IBM,F I,50,272.42
2025-10-23,9:31:39.142025738,T,IBM,F I,79,272.82
2025-10-23,9:31:39.142031612,T,IBM,F,100,272.82
2025-10-23,9:31:39.142031612,T,IBM,F I,10,272.82
2025-10-23,9:31:39.142807456,T,IBM,F I,30,272.9
2025-10-23,9:31:39.142831563,T,IBM,F I,70,272.91
2025-10-23,9:31:39.143175127,T,IBM,I,3,272.9
2025-10-23,9:31:39.143175127,T,IBM,I,9,272.89
2025-10-23,9:31:39.143616372,T,IBM,F I,1,273.0
2025-10-23,9:31:39.143887393,T,IBM,F,100,272.99
2025-10-23,9:31:39.143889978,T,IBM,F I,1,272.99
2025-10-23,9:31:39.145044814,T,IBM,F,100,272.86
2025-10-23,9:31:39.255996874,T,IBM,,100,273.0
2025-10-23,9:31:39.263890722,T,IBM,I,7,272.87
2025-10-23,9:31:39.264152336,T,IBM,I,1,272.96
2025-10-23,9:31:39.264152336,T,IBM,I,1,272.96
2025-10-23,9:31:39.289989966,T,IBM,F I,12,272.84
2025-10-23,9:31:39.902812824,T,IBM,F,100,272.78
2025-10-23,9:31:39.913235579,T,IBM,F,150,272.7
2025-10-23,9:31:39.913268643,T,IBM,F,150,272.7
2025-10-23,9:31:39.947475108,T,IBM,F,100,272.94
2025-10-23,9:31:39.947475108,T,IBM,F I,50,272.82
2025-10-23,9:31:39.948076543,T,IBM,,100,272.97
2025-10-23,9:31:39.948107205,T,IBM,F,100,272.97
2025-10-23,9:31:39.948539713,T,IBM,I,19,272.82
2025-10-23,9:31:39.948560743,T,IBM,F I,19,272.82
2025-10-23,9:31:39.948801859,T,IBM,I,19,272.88
2025-10-23,9:31:39.948834354,T,IBM,F I,19,272.82
2025-10-23,9:31:39.951176895,T,IBM,F,100,272.94
2025-10-23,9:31:39.951176895,T,IBM,F I,1,272.95
2025-10-23,9:31:39.952779791,T,IBM,I,8,272.85
2025-10-23,9:31:39.955429433,T,IBM,F I,10,273.04
2025-10-23,9:31:39.955435087,T,IBM,I,10,273.04
2025-10-23,9:31:39.955441168,T,IBM,F,150,273.04
2025-10-23,9:31:39.955447130,T,IBM,I,10,273.04
2025-10-23,9:31:39.955507234,T,IBM,F,100,273.02
2025-10-23,9:31:39.956331195,T,IBM,F I,1,273.08
2025-10-23,9:31:40.461627185,T,IBM,F,100,272.85
2025-10-23,9:31:41.765179597,T,IBM,I,2,272.72
2025-10-23,9:31:41.765197583,T,IBM,I,2,272.72
2025-10-23,9:31:41.765723867,T,IBM,F,100,272.7
2025-10-23,9:31:41.765955392,T,IBM,,100,272.72
2025-10-23,9:31:41.766457787,T,IBM,F I,1,272.72
2025-10-23,9:31:41.766460811,T,IBM,F I,10,272.72
2025-10-23,9:31:41.766460811,T,IBM,F,100,272.72
2025-10-23,9:31:41.767004879,T,IBM,,100,272.72
2025-10-23,9:31:41.783673587,T,IBM,I,48,272.76
2025-10-23,9:31:44.242029251,T,IBM,F,120,272.63
2025-10-23,9:31:44.242029251,T,IBM,F I,30,272.63
2025-10-23,9:31:44.242080287,T,IBM,F,100,272.63
2025-10-23,9:31:44.242083306,T,IBM,F I,50,272.72
2025-10-23,9:31:44.242122332,T,IBM,F I,50,272.72
2025-10-23,9:31:44.527101888,T,IBM,F,100,272.78
2025-10-23,9:31:44.527101888,T,IBM,F I,12,272.84
2025-10-23,9:31:44.527104873,T,IBM,F I,38,272.85
2025-10-23,9:31:44.527149878,T,IBM,F,100,272.85
2025-10-23,9:31:44.644372524,T,IBM,F I,5,272.9
2025-10-23,9:31:44.644372524,T,IBM,F,100,272.9
2025-10-23,9:31:44.644378005,T,IBM,F I,12,272.9
2025-10-23,9:31:44.644378005,T,IBM,F I,33,272.9
2025-10-23,9:31:44.644381015,T,IBM,F I,67,272.9
2025-10-23,9:31:44.645153908,T,IBM,F I,30,272.98
2025-10-23,9:31:44.645189957,T,IBM,F I,10,272.98
2025-10-23,9:31:44.648684202,T,IBM,F I,50,273.2
2025-10-23,9:31:44.649006462,T,IBM,F,100,273.2
2025-10-23,9:31:44.670314741,T,IBM,I,1,273.22
2025-10-23,9:31:44.894865326,T,IBM,F,150,273.22
2025-10-23,9:31:44.894904556,T,IBM,F I,91,273.22
2025-10-23,9:31:44.894904556,T,IBM,F I,59,273.13
2025-10-23,9:31:45.236695388,T,IBM,F I,33,273.25
2025-10-23,9:31:45.237513113,T,IBM,F I,25,273.51
2025-10-23,9:31:45.237546183,T,IBM,F,100,273.5
2025-10-23,9:31:45.373277302,T,IBM,F I,3,273.5
2025-10-23,9:31:45.373286271,T,IBM,F I,97,273.5
2025-10-23,9:31:45.373289313,T,IBM,F I,30,273.49
2025-10-23,9:31:45.373295346,T,IBM,F,100,273.49
2025-10-23,9:31:46.028426022,T,IBM,I,7,273.48
2025-10-23,9:31:46.972277074,T,IBM,I,37,273.27
2025-10-23,9:31:46.972280277,T,IBM,I,12,273.26
2025-10-23,9:31:46.972283026,T,IBM,I,1,273.26
2025-10-23,9:31:47.679124796,T,IBM,F I,12,273.44
2025-10-23,9:31:47.679127773,T,IBM,F I,37,273.45
2025-10-23,9:31:47.679127773,T,IBM,F I,61,273.48
2025-10-23,9:31:48.437822034,T,IBM,F I,10,273.49
2025-10-23,9:31:48.437828107,T,IBM,F,100,273.49
2025-10-23,9:31:48.437828107,T,IBM,F I,1,273.49
2025-10-23,9:31:48.437831291,T,IBM,F I,4,273.49
2025-10-23,9:31:48.437831291,T,IBM,F I,5,273.49
2025-10-23,9:31:48.648527574,T,IBM,F I,10,273.73
2025-10-23,9:31:48.648531513,T,IBM,F,100,273.73
2025-10-23,9:31:48.648560816,T,IBM,F I,2,273.8
2025-10-23,9:31:48.648563759,T,IBM,F I,4,273.8
2025-10-23,9:31:48.648717409,T,IBM,F I,50,274.0
2025-10-23,9:31:48.648720193,T,IBM,F I,5,274.0
2025-10-23,9:31:48.648720193,T,IBM,F I,4,274.0
2025-10-23,9:31:48.662952941,T,IBM,I,4,273.93
2025-10-23,9:31:49.139410211,T,IBM,,100,274.19
2025-10-23,9:31:49.139410211,T,IBM,,100,274.2
2025-10-23,9:31:49.139413207,T,IBM,I,1,274.2
2025-10-23,9:31:49.139431212,T,IBM,F,100,274.2
2025-10-23,9:31:49.140246164,T,IBM,F,100,274.32
2025-10-23,9:31:49.190420687,T,IBM,I,8,274.43
2025-10-23,9:31:49.190820566,T,IBM,F I,91,274.5
2025-10-23,9:31:49.190889760,T,IBM,I,15,274.4
2025-10-23,9:31:49.190901775,T,IBM,I,15,274.4
2025-10-23,9:31:50.391537078,T,IBM,,100,274.22
2025-10-23,9:31:50.391537078,T,IBM,,100,274.18
2025-10-23,9:31:50.391540073,T,IBM,I,12,274.18
2025-10-23,9:31:50.391540073,T,IBM,I,25,274.17
2025-10-23,9:31:50.391543198,T,IBM,,300,274.17
2025-10-23,9:31:50.391543198,T,IBM,,100,274.17
2025-10-23,9:31:50.391546145,T,IBM,I,12,274.16
2025-10-23,9:31:50.391549799,T,IBM,,100,274.15
2025-10-23,9:31:50.391549799,T,IBM,,100,274.14
2025-10-23,9:31:50.391552182,T,IBM,,100,274.13
2025-10-23,9:31:50.391561487,T,IBM,,100,274.13
2025-10-23,9:31:50.391561487,T,IBM,,200,274.13
2025-10-23,9:31:50.391561487,T,IBM,I,37,274.12
2025-10-23,9:31:50.391567489,T,IBM,,100,274.1
2025-10-23,9:31:50.391567489,T,IBM,,100,274.09
2025-10-23,9:31:50.391570571,T,IBM,I,25,274.07
2025-10-23,9:31:50.391570571,T,IBM,I,10,274.06
2025-10-23,9:31:50.391573262,T,IBM,F,750,274.0
2025-10-23,9:31:50.391576234,T,IBM,F,150,274.0
2025-10-23,9:31:50.391576234,T,IBM,F I,79,274.0
2025-10-23,9:31:50.391678485,T,IBM,,100,274.18
2025-10-23,9:31:50.391729597,T,IBM,,100,274.2
2025-10-23,9:31:50.391819819,T,IBM,I,1,274.31
2025-10-23,9:31:50.768481785,T,IBM,,100,274.68
2025-10-23,9:31:50.768481785,T,IBM,I,41,274.69
2025-10-23,9:31:50.790941977,T,IBM,I,83,274.69
2025-10-23,9:31:50.791116366,T,IBM,F I,15,274.53
2025-10-23,9:31:50.791179483,T,IBM,I,24,274.62
2025-10-23,9:31:50.791200568,T,IBM,I,1,274.62
2025-10-23,9:31:50.791242632,T,IBM,I,9,274.62
2025-10-23,9:31:50.791242632,T,IBM,I,15,274.62
2025-10-23,9:31:50.961998682,T,IBM,F,100,274.62
2025-10-23,9:31:50.962001191,T,IBM,F I,1,274.64
2025-10-23,9:31:50.962004576,T,IBM,F I,1,274.7
2025-10-23,9:31:50.962007848,T,IBM,F I,17,274.72
2025-10-23,9:31:50.962010374,T,IBM,F I,83,274.72
2025-10-23,9:31:50.963068724,T,IBM,F I,19,274.85
2025-10-23,9:31:51.475651079,T,IBM,,100,274.82
2025-10-23,9:31:51.475669086,T,IBM,I,1,274.88
2025-10-23,9:31:51.475681077,T,IBM,I,1,274.68
2025-10-23,9:31:51.475732496,T,IBM,F I,4,274.82
2025-10-23,9:31:51.475984868,T,IBM,I,25,274.82
2025-10-23,9:31:51.476054585,T,IBM,I,14,274.82
2025-10-23,9:31:51.476444990,T,IBM,F,100,274.96
2025-10-23,9:31:51.507448744,T,IBM,F I,20,275.0
2025-10-23,9:31:51.507448744,T,IBM,F I,30,275.0
2025-10-23,9:31:52.014897810,T,IBM,F,100,275.22
2025-10-23,9:31:52.015213585,T,IBM,F I,10,275.22
2025-10-23,9:31:52.015219588,T,IBM,F I,10,275.22
2025-10-23,9:31:52.015331205,T,IBM,I,80,275.22
2025-10-23,9:31:52.015333834,T,IBM,I,20,275.23
2025-10-23,9:31:52.015354935,T,IBM,I,80,275.23
2025-10-23,9:31:53.010643364,T,IBM,I,10,275.5
2025-10-23,9:31:53.010646438,T,IBM,,290,275.5
2025-10-23,9:31:53.010661394,T,IBM,I,1,275.5
2025-10-23,9:31:53.010679471,T,IBM,F I,9,275.5
2025-10-23,9:31:53.647150741,T,IBM,I,10,275.33
2025-10-23,9:31:54.617666282,T,IBM,F I,10,275.53
2025-10-23,9:31:54.617666282,T,IBM,F I,1,275.53
2025-10-23,9:31:54.617687332,T,IBM,I,10,275.55
2025-10-23,9:31:54.617687332,T,IBM,I,5,275.55
2025-10-23,9:31:54.617693749,T,IBM,,300,275.55
2025-10-23,9:31:54.628016853,T,IBM,F I,4,275.44
2025-10-23,9:31:54.628019849,T,IBM,F I,5,275.42
2025-10-23,9:31:54.630335411,T,IBM,F I,37,275.54
2025-10-23,9:31:54.630338368,T,IBM,F I,1,275.54
2025-10-23,9:31:54.958834477,T,IBM,F I,10,275.71
2025-10-23,9:31:54.958837525,T,IBM,F I,1,275.71
2025-10-23,9:31:55.090929914,T,IBM,F I,18,275.8
2025-10-23,9:31:55.242502839,T,IBM,I,37,275.91
2025-10-23,9:31:55.242526819,T,IBM,F,150,275.95
2025-10-23,9:31:55.242532895,T,IBM,,100,275.95
2025-10-23,9:31:55.242535894,T,IBM,F,100,275.95
2025-10-23,9:31:55.242541911,T,IBM,,100,275.95
2025-10-23,9:31:55.242557132,T,IBM,,100,275.95
2025-10-23,9:31:55.242559957,T,IBM,F I,13,275.95
2025-10-23,9:31:55.242562962,T,IBM,F I,6,275.95
2025-10-23,9:31:55.242562962,T,IBM,I,94,275.95
2025-10-23,9:31:55.471594146,T,IBM,I,27,275.95
2025-10-23,9:31:55.471603198,T,IBM,,100,275.98
2025-10-23,9:31:55.471621294,T,IBM,I,1,275.79
2025-10-23,9:31:55.533286046,T,IBM,I,25,276.0
2025-10-23,9:31:55.533307056,T,IBM,F,125,276.01
2025-10-23,9:31:55.534434827,T,IBM,,100,276.01
2025-10-23,9:31:55.535583792,T,IBM,,347,276.01
2025-10-23,9:31:55.535586517,T,IBM,F I,53,276.01
2025-10-23,9:31:56.104916981,T,IBM,F,100,275.77
2025-10-23,9:31:56.170960133,T,IBM,F,100,275.77
2025-10-23,9:31:56.191703498,T,IBM,F I,1,276.01
2025-10-23,9:31:56.204577156,T,IBM,I,10,275.97
2025-10-23,9:31:56.216614855,T,IBM,,150,275.97
2025-10-23,9:31:56.751753901,T,IBM,F I,37,275.85
2025-10-23,9:31:56.751795977,T,IBM,F,100,275.8
2025-10-23,9:31:56.751798982,T,IBM,F I,12,275.78
2025-10-23,9:31:57.029570283,T,IBM,F,100,275.8
2025-10-23,9:31:57.029570283,T,IBM,F I,37,275.79
2025-10-23,9:31:57.029573389,T,IBM,F I,12,275.72
2025-10-23,9:31:57.029576323,T,IBM,F I,1,275.69
2025-10-23,9:31:57.101167716,T,IBM,F,100,275.8
2025-10-23,9:31:57.101167716,T,IBM,F I,50,275.73
2025-10-23,9:31:57.101231129,T,IBM,F,100,275.69
2025-10-23,9:31:57.101231129,T,IBM,F I,12,275.66
2025-10-23,9:31:57.101234532,T,IBM,F I,38,275.62
2025-10-23,9:31:57.101276049,T,IBM,F I,32,275.54
2025-10-23,9:31:57.101276049,T,IBM,F,100,275.53
2025-10-23,9:31:57.126078984,T,IBM,I,25,275.63
2025-10-23,9:31:57.126082065,T,IBM,I,12,275.66
2025-10-23,9:31:57.126085348,T,IBM,I,37,275.73
2025-10-23,9:31:57.126085348,T,IBM,I,32,275.76
2025-10-23,9:31:57.126089110,T,IBM,,100,275.76
2025-10-23,9:31:57.126089110,T,IBM,I,1,275.77
2025-10-23,9:31:57.126091083,T,IBM,,100,275.77
2025-10-23,9:31:57.126091083,T,IBM,I,92,275.83
2025-10-23,9:31:57.128475755,T,IBM,I,1,275.69
2025-10-23,9:31:57.129831998,T,IBM,F,100,275.53
2025-10-23,9:31:57.253967481,T,IBM,F I,37,275.43
2025-10-23,9:31:57.253967481,T,IBM,F,100,275.41
2025-10-23,9:31:57.288342651,T,IBM,I,12,275.38
2025-10-23,9:31:57.288346193,T,IBM,,100,275.31
2025-10-23,9:31:57.288351343,T,IBM,,100,275.3
2025-10-23,9:31:57.288351343,T,IBM,,200,275.3
2025-10-23,9:31:57.288354384,T,IBM,,100,275.28
2025-10-23,9:31:57.288920402,T,IBM,F,100,275.07
2025-10-23,9:31:57.288922768,T,IBM,F I,14,275.06
2025-10-23,9:31:57.288922768,T,IBM,I,86,275.06
2025-10-23,9:31:57.290071733,T,IBM,F I,12,275.06
2025-10-23,9:31:57.290071733,T,IBM,F I,88,275.06
2025-10-23,9:31:57.290071733,T,IBM,F I,16,275.06
2025-10-23,9:31:57.290074544,T,IBM,F I,1,275.06
2025-10-23,9:31:57.290077556,T,IBM,F I,11,275.06
2025-10-23,9:31:57.290089479,T,IBM,I,1,275.06
2025-10-23,9:31:57.290140716,T,IBM,F I,32,274.99
2025-10-23,9:31:57.296660512,T,IBM,F I,1,274.95
2025-10-23,9:31:57.296906767,T,IBM,F I,1,274.99
2025-10-23,9:31:57.298957795,T,IBM,F,100,274.79
2025-10-23,9:31:57.318149394,T,IBM,I,12,274.9
2025-10-23,9:31:57.318149394,T,IBM,I,25,274.95
2025-10-23,9:31:57.318152818,T,IBM,,100,274.97
2025-10-23,9:31:57.318155581,T,IBM,I,12,274.98
2025-10-23,9:31:57.318155581,T,IBM,,100,275.01
2025-10-23,9:31:57.318155581,T,IBM,I,51,275.04
2025-10-23,9:31:57.480163031,T,IBM,I,10,274.82
2025-10-23,9:31:57.526346982,T,IBM,F I,5,274.56
2025-10-23,9:31:57.526365073,T,IBM,I,5,274.56
2025-10-23,9:31:57.647207681,T,IBM,F I,95,274.56
2025-10-23,9:31:57.872101069,T,IBM,F,140,274.525
2025-10-23,9:31:58.117133435,T,IBM,F,100,274.525
2025-10-23,9:31:58.918553542,T,IBM,,200,274.47
2025-10-23,9:31:58.918556823,T,IBM,,100,274.64
2025-10-23,9:31:58.918556823,T,IBM,I,1,274.73
2025-10-23,9:31:58.918560052,T,IBM,,100,274.74
2025-10-23,9:31:58.918560052,T,IBM,I,10,274.88
2025-10-23,9:31:58.918565714,T,IBM,I,60,274.88
2025-10-23,9:31:58.918568529,T,IBM,,100,274.89
2025-10-23,9:31:58.918568529,T,IBM,,200,274.89
2025-10-23,9:31:58.918628581,T,IBM,F,100,274.73
2025-10-23,9:31:58.918644365,T,IBM,F,100,274.81
2025-10-23,9:31:58.918649536,T,IBM,I,1,274.81
2025-10-23,9:31:58.918667658,T,IBM,,107,274.81
2025-10-23,9:31:58.918826978,T,IBM,F I,18,274.99
2025-10-23,9:31:58.919157820,T,IBM,F,135,275.05
2025-10-23,9:31:58.919217922,T,IBM,I,1,274.965
2025-10-23,9:31:58.919266020,T,IBM,,251,274.97
2025-10-23,9:31:58.921491381,T,IBM,F I,18,274.96
2025-10-23,9:31:58.921494392,T,IBM,F I,6,274.92
2025-10-23,9:31:58.922457138,T,IBM,,200,275.06
2025-10-23,9:31:58.922457138,T,IBM,I,11,275.06
2025-10-23,9:31:58.922460188,T,IBM,,100,275.06
2025-10-23,9:31:58.922460188,T,IBM,,100,275.06
2025-10-23,9:31:58.931715695,T,IBM,F I,1,274.97
2025-10-23,9:31:58.970396732,T,IBM,F,100,274.83
2025-10-23,9:31:59.762665908,T,IBM,,100,274.58
2025-10-23,9:32:00.053319910,T,IBM,I,5,274.67
2025-10-23,9:32:00.252625376,T,IBM,I,10,274.67
2025-10-23,9:32:01.066359706,T,IBM,,100,274.54
2025-10-23,9:32:01.067042410,T,IBM,F,100,274.62
2025-10-23,9:32:01.067042410,T,IBM,F,100,274.65
2025-10-23,9:32:01.067045556,T,IBM,F I,7,274.78
2025-10-23,9:32:01.067048313,T,IBM,F I,12,274.82
2025-10-23,9:32:01.067048313,T,IBM,F I,2,274.83
2025-10-23,9:32:01.172701806,T,IBM,,100,274.38
2025-10-23,9:32:01.872341402,T,IBM,,100,274.46
2025-10-23,9:32:02.536307086,T,IBM,F I,50,274.17
2025-10-23,9:32:02.539951798,T,IBM,,100,274.215
2025-10-23,9:32:02.549021391,T,IBM,F I,25,274.39
2025-10-23,9:32:02.549998676,T,IBM,I,13,274.4
2025-10-23,9:32:02.549998676,T,IBM,I,8,274.4
2025-10-23,9:32:02.550001972,T,IBM,I,4,274.4
2025-10-23,9:32:02.550024254,T,IBM,I,1,274.4
2025-10-23,9:32:02.550047148,T,IBM,I,37,274.54
2025-10-23,9:32:02.550047148,T,IBM,I,25,274.55
2025-10-23,9:32:02.550051246,T,IBM,I,11,274.59
2025-10-23,9:32:02.550055771,T,IBM,I,4,274.59
2025-10-23,9:32:02.550055771,T,IBM,I,60,274.59
2025-10-23,9:32:02.550098519,T,IBM,I,18,274.23
2025-10-23,9:32:02.550101088,T,IBM,I,10,274.19
2025-10-23,9:32:02.550101088,T,IBM,I,12,274.18
2025-10-23,9:32:02.550106954,T,IBM,I,37,274.18
2025-10-23,9:32:02.550106954,T,IBM,I,19,274.15
2025-10-23,9:32:02.550133968,T,IBM,I,26,274.15
2025-10-23,9:32:02.550296319,T,IBM,I,15,274.2
2025-10-23,9:32:02.700786672,T,IBM,F I,10,274.5
2025-10-23,9:32:02.700810691,T,IBM,F I,10,274.5
2025-10-23,9:32:03.529857471,T,IBM,F I,60,274.4
2025-10-23,9:32:03.529857471,T,IBM,F I,10,274.4
2025-10-23,9:32:03.529860411,T,IBM,F I,80,274.37
2025-10-23,9:32:03.529884707,T,IBM,F I,20,274.37
2025-10-23,9:32:03.529888298,T,IBM,F I,10,274.35
2025-10-23,9:32:03.529888298,T,IBM,F I,12,274.34
2025-10-23,9:32:03.529890873,T,IBM,F I,31,274.32
2025-10-23,9:32:03.529894244,T,IBM,F I,69,274.32
2025-10-23,9:32:03.529894244,T,IBM,F I,4,274.32
2025-10-23,9:32:03.529897490,T,IBM,F I,21,274.32
2025-10-23,9:32:03.529897490,T,IBM,F I,25,274.31
2025-10-23,9:32:03.529899630,T,IBM,F I,10,274.31
2025-10-23,9:32:03.529902492,T,IBM,F,100,274.28
2025-10-23,9:32:03.529905576,T,IBM,F I,60,274.24
2025-10-23,9:32:03.530049929,T,IBM,F I,85,274.22
2025-10-23,9:32:03.530055902,T,IBM,F I,15,274.22
2025-10-23,9:32:03.530055902,T,IBM,F I,58,274.21
2025-10-23,9:32:03.530073882,T,IBM,I,1,274.21
2025-10-23,9:32:03.530082951,T,IBM,I,14,274.21
2025-10-23,9:32:03.530082951,T,IBM,I,1,274.21
2025-10-23,9:32:03.530091943,T,IBM,F I,9,274.21
2025-10-23,9:32:03.531379036,T,IBM,I,10,274.21
2025-10-23,9:32:03.531382048,T,IBM,I,10,274.21
2025-10-23,9:32:03.531382048,T,IBM,I,25,274.23
2025-10-23,9:32:03.531448249,T,IBM,F I,12,274.245
2025-10-23,9:32:03.531463274,T,IBM,F I,20,274.245
2025-10-23,9:32:03.531523396,T,IBM,I,20,274.245
2025-10-23,9:32:03.532437549,T,IBM,I,20,274.245
2025-10-23,9:32:03.540899654,T,IBM,I,63,274.245
2025-10-23,9:32:03.560037305,T,IBM,I,20,274.21
2025-10-23,9:32:03.561952951,T,IBM,F I,8,274.1
2025-10-23,9:32:04.203115313,T,IBM,F I,15,273.78
2025-10-23,9:32:04.203689695,T,IBM,F,100,273.7
2025-10-23,9:32:04.231797639,T,IBM,,100,273.51
2025-10-23,9:32:04.231800765,T,IBM,I,22,273.47
2025-10-23,9:32:04.231824656,T,IBM,I,40,273.47
2025-10-23,9:32:04.231827678,T,IBM,,100,273.39
2025-10-23,9:32:04.231827678,T,IBM,I,10,273.27
2025-10-23,9:32:04.231830634,T,IBM,,128,273.26
2025-10-23,9:32:04.234486027,T,IBM,I,91,273.03
2025-10-23,9:32:04.234495089,T,IBM,F I,91,273.01
2025-10-23,9:32:04.234495089,T,IBM,,109,273.01
2025-10-23,9:32:04.234684432,T,IBM,F I,71,273.2
2025-10-23,9:32:04.235241496,T,IBM,I,59,273.03
2025-10-23,9:32:04.235243839,T,IBM,I,21,273.03
2025-10-23,9:32:04.674595799,T,IBM,F I,15,273.41
2025-10-23,9:32:04.674893485,T,IBM,F,100,273.41
2025-10-23,9:32:05.077682010,T,IBM,I,12,273.26
2025-10-23,9:32:05.077684707,T,IBM,I,25,273.23
2025-10-23,9:32:05.077684707,T,IBM,I,12,273.22
2025-10-23,9:32:05.077687481,T,IBM,I,37,273.22
2025-10-23,9:32:05.077690624,T,IBM,I,37,273.21
2025-10-23,9:32:05.077690624,T,IBM,,100,273.16
2025-10-23,9:32:05.077693381,T,IBM,I,74,273.16
2025-10-23,9:32:05.081365112,T,IBM,F I,10,272.97
2025-10-23,9:32:05.081365112,T,IBM,F,200,272.83
2025-10-23,9:32:05.081368546,T,IBM,F I,10,272.82
2025-10-23,9:32:05.081368546,T,IBM,F I,10,272.63
2025-10-23,9:32:05.081371178,T,IBM,F I,2,272.58
2025-10-23,9:32:05.081747479,T,IBM,F I,91,272.84
2025-10-23,9:32:05.083942888,T,IBM,F,100,272.62
2025-10-23,9:32:05.083942888,T,IBM,F,100,272.51
2025-10-23,9:32:05.083945328,T,IBM,F I,40,272.5
2025-10-23,9:32:05.116714266,T,IBM,F I,9,272.82
2025-10-23,9:32:05.116723302,T,IBM,F,100,272.82
2025-10-23,9:32:05.116726313,T,IBM,F,100,272.82
2025-10-23,9:32:05.116726313,T,IBM,F I,37,272.85
2025-10-23,9:32:05.116730219,T,IBM,F I,25,272.85
2025-10-23,9:32:05.116732664,T,IBM,F I,12,272.86
2025-10-23,9:32:05.116732664,T,IBM,F I,12,272.88
2025-10-23,9:32:05.116801503,T,IBM,F I,37,272.86
2025-10-23,9:32:05.474211373,T,IBM,F,100,272.83
2025-10-23,9:32:05.522701836,T,IBM,F,100,272.96
2025-10-23,9:32:05.539160153,T,IBM,F I,1,273.12
2025-10-23,9:32:05.539163066,T,IBM,F I,90,273.12
2025-10-23,9:32:05.539163066,T,IBM,F I,8,273.12
2025-10-23,9:32:05.539178089,T,IBM,I,1,273.12
2025-10-23,9:32:05.540537216,T,IBM,I,20,273.12
2025-10-23,9:32:05.540540289,T,IBM,I,80,273.12
2025-10-23,9:32:05.540558269,T,IBM,I,20,273.12
2025-10-23,9:32:05.540561332,T,IBM,I,34,273.12
2025-10-23,9:32:05.540648495,T,IBM,I,91,273.12
2025-10-23,9:32:05.541009657,T,IBM,F I,23,273.12
2025-10-23,9:32:05.739749556,T,IBM,F,100,273.16
2025-10-23,9:32:07.643440584,T,IBM,I,10,273.2
2025-10-23,9:32:07.643443661,T,IBM,I,49,273.27
2025-10-23,9:32:07.643479742,T,IBM,I,27,273.27
2025-10-23,9:32:07.859015055,T,IBM,I,5,273.64
2025-10-23,9:32:07.859018325,T,IBM,I,10,273.64
2025-10-23,9:32:07.859018325,T,IBM,I,1,273.88
2025-10-23,9:32:07.859020983,T,IBM,I,4,273.88
2025-10-23,9:32:07.859024358,T,IBM,I,31,274.0
2025-10-23,9:32:07.859059977,T,IBM,F,100,273.64
2025-10-23,9:32:07.859216249,T,IBM,F I,3,273.37
2025-10-23,9:32:07.859219692,T,IBM,F I,16,273.31
2025-10-23,9:32:07.859219692,T,IBM,F I,1,273.31
2025-10-23,9:32:07.859222304,T,IBM,F I,2,273.31
2025-10-23,9:32:07.859225299,T,IBM,F I,33,273.31
2025-10-23,9:32:07.859234302,T,IBM,F I,90,273.31
2025-10-23,9:32:07.859276465,T,IBM,I,71,273.62
2025-10-23,9:32:07.861582899,T,IBM,I,20,273.69
2025-10-23,9:32:08.300574451,T,IBM,I,10,273.3
2025-10-23,9:32:08.300578187,T,IBM,I,4,273.2
2025-10-23,9:32:08.300583408,T,IBM,I,25,273.17
2025-10-23,9:32:08.300583408,T,IBM,I,12,273.16
2025-10-23,9:32:08.300589066,T,IBM,I,25,273.14
2025-10-23,9:32:08.300589066,T,IBM,,100,273.11
2025-10-23,9:32:08.300592115,T,IBM,I,32,273.1
2025-10-23,9:32:08.300592115,T,IBM,I,37,273.1
2025-10-23,9:32:08.300595090,T,IBM,I,71,273.09
2025-10-23,9:32:08.300622179,T,IBM,F,100,273.09
2025-10-23,9:32:08.300688330,T,IBM,F I,10,272.75
2025-10-23,9:32:08.300715439,T,IBM,F I,17,272.81
2025-10-23,9:32:08.300730437,T,IBM,F,100,272.99
2025-10-23,9:32:08.300730437,T,IBM,F I,50,273.07
2025-10-23,9:32:08.300760468,T,IBM,F I,42,272.79
2025-10-23,9:32:08.300787596,T,IBM,F I,33,272.74
2025-10-23,9:32:08.300790774,T,IBM,F I,42,272.96
2025-10-23,9:32:08.300808549,T,IBM,I,21,272.95
2025-10-23,9:32:08.300815139,T,IBM,F I,63,272.74
2025-10-23,9:32:08.300817581,T,IBM,I,16,272.74
2025-10-23,9:32:08.300844726,T,IBM,F I,42,272.89
2025-10-23,9:32:08.300850705,T,IBM,F I,10,272.89
2025-10-23,9:32:08.300853723,T,IBM,F I,4,272.74
2025-10-23,9:32:08.300877811,T,IBM,F I,5,272.74
2025-10-23,9:32:08.300892838,T,IBM,I,5,272.74
2025-10-23,9:32:08.300901835,T,IBM,F I,37,272.74
2025-10-23,9:32:08.300925838,T,IBM,F I,17,272.99
2025-10-23,9:32:08.319149231,T,IBM,I,25,272.75
2025-10-23,9:32:08.707974939,T,IBM,F,150,272.51
2025-10-23,9:32:09.387568905,T,IBM,F I,91,272.37
2025-10-23,9:32:09.387593246,T,IBM,F I,1,272.36
2025-10-23,9:32:09.387595975,T,IBM,F I,99,272.36
2025-10-23,9:32:09.387601957,T,IBM,F I,1,272.36
2025-10-23,9:32:09.387601957,T,IBM,F I,99,272.35
2025-10-23,9:32:09.387610954,T,IBM,I,1,272.35
2025-10-23,9:32:09.389051616,T,IBM,F,100,272.3
2025-10-23,9:32:09.389054415,T,IBM,F,100,272.3
2025-10-23,9:32:09.389830246,T,IBM,I,10,272.34
2025-10-23,9:32:10.289151220,T,IBM,F,150,272.3
2025-10-23,9:32:10.289193369,T,IBM,F,150,272.3
2025-10-23,9:32:10.289244499,T,IBM,F,150,272.3
2025-10-23,9:32:10.289578334,T,IBM,F I,37,272.32
2025-10-23,9:32:10.326855050,T,IBM,I,37,272.3
2025-10-23,9:32:10.326879442,T,IBM,F I,37,272.31
2025-10-23,9:32:10.326882184,T,IBM,F I,12,272.32
2025-10-23,9:32:10.326882184,T,IBM,F I,25,272.33
2025-10-23,9:32:10.327949635,T,IBM,I,37,272.3
2025-10-23,9:32:10.337825159,T,IBM,F,150,272.3
2025-10-23,9:32:10.337888362,T,IBM,F,126,272.3
2025-10-23,9:32:10.872513583,T,IBM,F I,12,272.2
2025-10-23,9:32:10.872513583,T,IBM,F I,37,272.2
2025-10-23,9:32:10.872516053,T,IBM,F I,25,272.21
2025-10-23,9:32:10.875411973,T,IBM,F I,12,272.26
2025-10-23,9:32:10.895334469,T,IBM,F I,12,272.32
2025-10-23,9:32:10.895881836,T,IBM,I,19,272.22
2025-10-23,9:32:10.895893750,T,IBM,I,19,272.22
2025-10-23,9:32:10.895914771,T,IBM,,100,272.51
2025-10-23,9:32:10.895917830,T,IBM,I,10,272.51
2025-10-23,9:32:10.895944901,T,IBM,F I,25,272.51
2025-10-23,9:32:10.895987066,T,IBM,I,75,272.51
2025-10-23,9:32:11.682617698,T,IBM,F,100,272.36
2025-10-23,9:32:11.717410487,T,IBM,F I,10,272.3
2025-10-23,9:32:11.725159952,T,IBM,I,2,272.32
2025-10-23,9:32:12.599976208,T,IBM,,100,272.13
2025-10-23,9:32:12.599978604,T,IBM,I,12,272.36
2025-10-23,9:32:12.599981641,T,IBM,I,94,272.36
2025-10-23,9:32:12.606158906,T,IBM,I,12,272.44
2025-10-23,9:32:12.606158906,T,IBM,I,12,272.48
2025-10-23,9:32:12.606161551,T,IBM,I,37,272.5
2025-10-23,9:32:12.606161551,T,IBM,,100,272.52
2025-10-23,9:32:12.606164494,T,IBM,I,37,272.55
2025-10-23,9:32:12.606167378,T,IBM,I,10,272.6
2025-10-23,9:32:12.606167378,T,IBM,I,6,272.6
2025-10-23,9:32:13.106793235,T,IBM,F I,12,272.56
2025-10-23,9:32:13.869791200,T,IBM,F I,37,272.68
2025-10-23,9:32:14.441785519,T,IBM,F I,12,272.8
2025-10-23,9:32:14.441810015,T,IBM,F I,37,272.85
2025-10-23,9:32:14.441815732,T,IBM,F I,78,272.86
2025-10-23,9:32:14.441830577,T,IBM,F I,37,272.86
2025-10-23,9:32:14.441854990,T,IBM,F I,7,272.87
2025-10-23,9:32:14.441854990,T,IBM,F I,6,272.88
2025-10-23,9:32:14.442792890,T,IBM,I,7,272.86
2025-10-23,9:32:14.442802113,T,IBM,I,3,272.86
2025-10-23,9:32:14.442958569,T,IBM,F I,16,272.83
2025-10-23,9:32:14.442965133,T,IBM,F I,84,272.83
2025-10-23,9:32:14.442967839,T,IBM,F I,21,272.8
2025-10-23,9:32:14.456165677,T,IBM,F I,12,272.62
2025-10-23,9:32:14.912944187,T,IBM,F I,10,272.8
2025-10-23,9:32:15.075817939,T,IBM,F I,25,272.72
2025-10-23,9:32:15.075893064,T,IBM,F,100,272.69
2025-10-23,9:32:16.026988339,T,IBM,F I,4,272.86
2025-10-23,9:32:16.382145940,T,IBM,F I,12,272.68
2025-10-23,9:32:16.382221123,T,IBM,F,100,272.62
2025-10-23,9:32:16.382224060,T,IBM,F I,50,272.6
2025-10-23,9:32:16.453433636,T,IBM,I,31,272.85
2025-10-23,9:32:17.307929890,T,IBM,F I,12,272.68
2025-10-23,9:32:17.308041247,T,IBM,F I,32,272.45
2025-10-23,9:32:17.308044169,T,IBM,F,116,272.44
2025-10-23,9:32:17.308047270,T,IBM,F,300,272.44
2025-10-23,9:32:17.308047270,T,IBM,F I,2,272.44
2025-10-23,9:32:17.308050220,T,IBM,F I,82,272.44
2025-10-23,9:32:17.308050220,T,IBM,F I,59,272.44
2025-10-23,9:32:17.308086257,T,IBM,F I,32,272.44
2025-10-23,9:32:17.357121058,T,IBM,F I,31,272.54
2025-10-23,9:32:17.358260770,T,IBM,I,7,272.54
2025-10-23,9:32:17.358281807,T,IBM,,381,272.54
2025-10-23,9:32:17.956213294,T,IBM,F,100,272.46
2025-10-23,9:32:19.989419848,T,IBM,F I,37,272.8
2025-10-23,9:32:20.002419734,T,IBM,F I,25,272.96
2025-10-23,9:32:20.002419734,T,IBM,F I,75,273.0
2025-10-23,9:32:20.002443898,T,IBM,F I,25,273.0
2025-10-23,9:32:20.002443898,T,IBM,F I,75,273.0
2025-10-23,9:32:20.002449798,T,IBM,F I,25,273.0
2025-10-23,9:32:20.002449798,T,IBM,F I,75,273.0
2025-10-23,9:32:20.002453771,T,IBM,F,150,273.0
2025-10-23,9:32:20.002455822,T,IBM,F I,25,273.0
2025-10-23,9:32:20.002495000,T,IBM,F,100,273.0
2025-10-23,9:32:20.002552099,T,IBM,F,100,273.0
2025-10-23,9:32:20.002555278,T,IBM,F,100,273.0
2025-10-23,9:32:20.002618301,T,IBM,F,100,273.0
2025-10-23,9:32:20.002741518,T,IBM,,100,273.0
2025-10-23,9:32:20.002765612,T,IBM,F,100,273.0
2025-10-23,9:32:20.002771638,T,IBM,F,150,273.0
2025-10-23,9:32:20.002855801,T,IBM,F,100,273.0
2025-10-23,9:32:20.003457278,T,IBM,,100,273.0
2025-10-23,9:32:20.003475249,T,IBM,I,54,273.0
2025-10-23,9:32:20.003977690,T,IBM,F I,46,273.0
2025-10-23,9:32:20.003977690,T,IBM,F I,54,273.0
2025-10-23,9:32:20.004001807,T,IBM,I,46,273.0
2025-10-23,9:32:20.004001807,T,IBM,I,8,273.0
2025-10-23,9:32:20.004004552,T,IBM,F I,46,273.0
2025-10-23,9:32:20.004007749,T,IBM,I,1,273.0
2025-10-23,9:32:20.004010550,T,IBM,F I,45,273.0
2025-10-23,9:32:20.004010550,T,IBM,F I,1,273.0
2025-10-23,9:32:20.004031578,T,IBM,F,100,273.0
2025-10-23,9:32:20.004034615,T,IBM,,800,273.0
2025-10-23,9:32:20.004043628,T,IBM,F,100,273.0
2025-10-23,9:32:20.071827986,T,IBM,I,96,273.0
2025-10-23,9:32:20.071849084,T,IBM,F I,4,273.0
2025-10-23,9:32:20.071852116,T,IBM,I,1,273.0
2025-10-23,9:32:20.071870174,T,IBM,I,54,273.0
2025-10-23,9:32:20.071892078,T,IBM,F I,45,273.0
2025-10-23,9:32:20.071892078,T,IBM,F I,16,273.0
2025-10-23,9:32:20.071900267,T,IBM,F I,84,273.0
2025-10-23,9:32:20.071900267,T,IBM,F I,56,273.0
2025-10-23,9:32:20.072230996,T,IBM,F,100,273.0
2025-10-23,9:32:20.072252237,T,IBM,I,54,273.0
2025-10-23,9:32:20.072260997,T,IBM,F I,46,273.0
2025-10-23,9:32:20.072264102,T,IBM,F I,54,273.0
2025-10-23,9:32:20.072273114,T,IBM,F I,94,273.0
2025-10-23,9:32:20.072330369,T,IBM,I,6,273.0
2025-10-23,9:32:20.072330369,T,IBM,,100,273.0
2025-10-23,9:32:20.072333259,T,IBM,,1488,273.0
2025-10-23,9:32:20.073055164,T,IBM,F,100,273.21
2025-10-23,9:32:20.073094015,T,IBM,F,100,273.24
2025-10-23,9:32:20.193269087,T,IBM,I,75,273.24
2025-10-23,9:32:20.541678641,T,IBM,,100,273.22
2025-10-23,9:32:20.671479584,T,IBM,,100,273.24
2025-10-23,9:32:21.273870874,T,IBM,I,25,273.17
2025-10-23,9:32:21.273870874,T,IBM,I,37,273.15
2025-10-23,9:32:21.273873771,T,IBM,I,12,273.14
2025-10-23,9:32:21.273876744,T,IBM,I,26,273.1
2025-10-23,9:32:24.321755937,T,IBM,,100,273.36
2025-10-23,9:32:24.569825496,T,IBM,I,5,273.74
2025-10-23,9:32:24.569828529,T,IBM,I,17,273.76
2025-10-23,9:32:24.571623777,T,IBM,I,4,273.89
2025-10-23,9:32:24.571623777,T,IBM,I,18,273.91
2025-10-23,9:32:24.572138068,T,IBM,I,15,274.0
2025-10-23,9:32:24.572519942,T,IBM,I,18,273.88
2025-10-23,9:32:24.572522930,T,IBM,I,50,273.88
2025-10-23,9:32:24.572637275,T,IBM,F I,8,273.89
2025-10-23,9:32:24.785763667,T,IBM,F I,10,274.05
2025-10-23,9:32:24.789901509,T,IBM,I,30,274.27
2025-10-23,9:32:24.930465435,T,IBM,F I,12,274.18
2025-10-23,9:32:24.930468114,T,IBM,F I,25,274.11
2025-10-23,9:32:24.930472167,T,IBM,F,100,274.08
2025-10-23,9:32:24.930472167,T,IBM,F I,13,274.06
2025-10-23,9:32:24.930474260,T,IBM,F I,50,274.06
2025-10-23,9:32:24.930489832,T,IBM,I,1,274.06
2025-10-23,9:32:24.930492780,T,IBM,,136,274.06
2025-10-23,9:32:25.310019767,T,IBM,F I,10,274.0
2025-10-23,9:32:25.310094928,T,IBM,F I,10,274.39
2025-10-23,9:32:25.310186506,T,IBM,F,112,274.48
2025-10-23,9:32:25.310236548,T,IBM,F I,37,274.48
2025-10-23,9:32:25.310570167,T,IBM,F,100,274.26
2025-10-23,9:32:25.310589045,T,IBM,F I,17,274.21
2025-10-23,9:32:25.310664210,T,IBM,,100,274.47
2025-10-23,9:32:25.310664210,T,IBM,I,25,274.47
2025-10-23,9:32:25.310667171,T,IBM,I,37,274.48
2025-10-23,9:32:25.310667171,T,IBM,I,88,274.48
2025-10-23,9:32:25.310768546,T,IBM,F I,12,274.48
2025-10-23,9:32:25.310768546,T,IBM,F I,28,274.48
2025-10-23,9:32:25.310900860,T,IBM,F I,17,274.16
2025-10-23,9:32:25.310946141,T,IBM,F I,60,274.32
2025-10-23,9:32:25.310946141,T,IBM,F I,17,274.42
2025-10-23,9:32:25.310949423,T,IBM,F,100,274.45
2025-10-23,9:32:25.310949423,T,IBM,F I,17,274.45
2025-10-23,9:32:25.310952013,T,IBM,F I,19,274.48
2025-10-23,9:32:25.310952013,T,IBM,F I,37,274.48
2025-10-23,9:32:25.311075294,T,IBM,F I,76,274.3
2025-10-23,9:32:25.311075294,T,IBM,F I,15,274.31
2025-10-23,9:32:25.311315893,T,IBM,F I,17,274.15
2025-10-23,9:32:25.311586523,T,IBM,F I,89,274.15
2025-10-23,9:32:25.311611371,T,IBM,F I,11,274.15
2025-10-23,9:32:25.311611371,T,IBM,F I,25,274.15
2025-10-23,9:32:25.311611371,T,IBM,F I,39,274.15
2025-10-23,9:32:25.311614033,T,IBM,F I,7,274.15
2025-10-23,9:32:25.311616606,T,IBM,I,1,274.15
2025-10-23,9:32:25.311631589,T,IBM,I,7,274.15
2025-10-23,9:32:25.311670776,T,IBM,F I,22,274.24
2025-10-23,9:32:25.311779126,T,IBM,F I,43,274.01
2025-10-23,9:32:25.355527404,T,IBM,,100,274.23
2025-10-23,9:32:25.355530712,T,IBM,I,12,274.24
2025-10-23,9:32:25.355530712,T,IBM,I,12,274.28
2025-10-23,9:32:25.355533107,T,IBM,I,33,274.29
2025-10-23,9:32:25.355569290,T,IBM,I,43,274.4
2025-10-23,9:32:25.359643895,T,IBM,I,34,274.4
2025-10-23,9:32:25.359647132,T,IBM,I,28,274.4
2025-10-23,9:32:25.383340343,T,IBM,I,42,274.4
2025-10-23,9:32:25.383340343,T,IBM,I,10,274.4
2025-10-23,9:32:25.383343416,T,IBM,I,5,274.43
2025-10-23,9:32:25.383382460,T,IBM,I,43,274.43
2025-10-23,9:32:25.383436570,T,IBM,I,1,274.18
2025-10-23,9:32:25.846638315,T,IBM,,100,274.5
2025-10-23,9:32:25.846656330,T,IBM,I,1,274.5
2025-10-23,9:32:25.858158776,T,IBM,I,20,274.5
2025-10-23,9:32:25.858191821,T,IBM,,129,274.5
2025-10-23,9:32:25.858276039,T,IBM,F,100,274.5
2025-10-23,9:32:26.277053029,T,IBM,I,10,274.49
2025-10-23,9:32:26.277437927,T,IBM,I,10,274.58
2025-10-23,9:32:26.279395592,T,IBM,I,91,274.5
2025-10-23,9:32:26.279419688,T,IBM,F I,9,274.5
2025-10-23,9:32:26.379016744,T,IBM,F I,1,274.58
2025-10-23,9:32:26.379073932,T,IBM,F I,10,274.58
2025-10-23,9:32:26.379518880,T,IBM,F I,10,274.59
2025-10-23,9:32:27.560857385,T,IBM,I,12,274.64
2025-10-23,9:32:27.560857385,T,IBM,I,34,274.67
2025-10-23,9:32:28.970466299,T,IBM,F I,2,274.7
2025-10-23,9:32:29.257604863,T,IBM,F I,4,274.77
2025-10-23,9:32:30.551666660,T,IBM,F I,5,274.79
2025-10-23,9:32:30.777366076,T,IBM,F I,41,274.79
2025-10-23,9:32:30.777375074,T,IBM,F,120,274.79
2025-10-23,9:32:30.777387106,T,IBM,I,1,274.79
2025-10-23,9:32:30.777399084,T,IBM,F I,79,274.79
2025-10-23,9:32:30.777402936,T,IBM,F I,10,274.8
2025-10-23,9:32:30.777402936,T,IBM,F I,10,274.8
2025-10-23,9:32:30.777408087,T,IBM,F,100,274.85
2025-10-23,9:32:30.777408087,T,IBM,F,101,274.85
2025-10-23,9:32:30.777835172,T,IBM,F I,91,274.8
2025-10-23,9:32:30.778195986,T,IBM,F I,10,274.8
2025-10-23,9:32:30.809560616,T,IBM,I,99,274.85
2025-10-23,9:32:30.814189372,T,IBM,F,200,275.0
2025-10-23,9:32:30.814192366,T,IBM,F I,10,275.0
2025-10-23,9:32:30.814459342,T,IBM,F I,44,274.99
2025-10-23,9:32:30.814468361,T,IBM,F I,44,275.0
2025-10-23,9:32:30.814883306,T,IBM,I,10,274.93
2025-10-23,9:32:30.814886298,T,IBM,I,10,274.83
2025-10-23,9:32:30.814937494,T,IBM,I,20,274.82
2025-10-23,9:32:30.815340395,T,IBM,F,100,274.8
2025-10-23,9:32:30.816020005,T,IBM,F,100,274.73
2025-10-23,9:32:30.837939230,T,IBM,F,100,274.67
2025-10-23,9:32:30.837975381,T,IBM,F I,37,274.65
2025-10-23,9:32:30.837975381,T,IBM,F I,12,274.64
2025-10-23,9:32:30.838594845,T,IBM,F I,25,274.62
2025-10-23,9:32:30.838597753,T,IBM,F,100,274.61
2025-10-23,9:32:30.874154444,T,IBM,I,63,274.75
2025-10-23,9:32:31.831715118,T,IBM,I,10,275.0
2025-10-23,9:32:31.831748377,T,IBM,F I,90,275.0
2025-10-23,9:32:31.831748377,T,IBM,F I,10,275.0
2025-10-23,9:32:31.831754217,T,IBM,I,90,275.0
2025-10-23,9:32:31.831814362,T,IBM,F,100,274.95
2025-10-23,9:32:31.833901275,T,IBM,F,100,275.0
2025-10-23,9:32:32.711083969,T,IBM,F I,25,274.72
2025-10-23,9:32:32.711083969,T,IBM,F I,10,274.68
2025-10-23,9:32:32.711086637,T,IBM,F I,37,274.66
2025-10-23,9:32:32.711748228,T,IBM,F I,37,274.59
2025-10-23,9:32:32.711748228,T,IBM,F I,12,274.58
2025-10-23,9:32:32.715564316,T,IBM,I,10,274.74
2025-10-23,9:32:32.718177550,T,IBM,,100,274.74
2025-10-23,9:32:32.719990996,T,IBM,,290,274.74
2025-10-23,9:32:32.719994619,T,IBM,,100,274.74
2025-10-23,9:32:32.719994619,T,IBM,,100,274.74
2025-10-23,9:32:32.719996847,T,IBM,,100,274.74
2025-10-23,9:32:32.723575376,T,IBM,,2010,274.74
2025-10-23,9:32:32.862079037,T,IBM,F I,25,274.56
2025-10-23,9:32:32.862122269,T,IBM,F,100,274.52
2025-10-23,9:32:32.862122269,T,IBM,F I,30,274.46
2025-10-23,9:32:32.862122269,T,IBM,F,100,274.42
2025-10-23,9:32:32.862124436,T,IBM,F I,1,274.41
2025-10-23,9:32:32.862181296,T,IBM,,100,274.42
2025-10-23,9:32:32.862205799,T,IBM,I,1,274.39
2025-10-23,9:32:32.863083441,T,IBM,F,100,274.22
2025-10-23,9:32:32.863137604,T,IBM,F I,17,274.1
2025-10-23,9:32:32.863558583,T,IBM,I,17,274.11
2025-10-23,9:32:32.863642829,T,IBM,I,21,274.11
2025-10-23,9:32:32.863851044,T,IBM,F I,16,274.15
2025-10-23,9:32:32.863853253,T,IBM,F I,7,274.15
2025-10-23,9:32:32.863856265,T,IBM,F I,58,274.18
2025-10-23,9:32:32.863919443,T,IBM,I,2,274.11
2025-10-23,9:32:32.863931437,T,IBM,I,2,274.11
2025-10-23,9:32:32.863955590,T,IBM,F I,2,274.11
2025-10-23,9:32:32.863973539,T,IBM,F I,2,274.11
2025-10-23,9:32:32.864039734,T,IBM,F I,2,274.11
2025-10-23,9:32:32.864048924,T,IBM,F I,8,274.11
2025-10-23,9:32:32.864055235,T,IBM,I,2,274.11
2025-10-23,9:32:32.864055235,T,IBM,F I,21,274.11
2025-10-23,9:32:32.864058773,T,IBM,F I,10,274.11
2025-10-23,9:32:32.864066845,T,IBM,I,2,274.11
2025-10-23,9:32:32.864075804,T,IBM,I,2,274.11
2025-10-23,9:32:32.864075804,T,IBM,F I,2,274.11
2025-10-23,9:32:32.864079752,T,IBM,F I,2,274.11
2025-10-23,9:32:32.864087941,T,IBM,I,2,274.11
2025-10-23,9:32:32.864108856,T,IBM,F I,1,274.11
2025-10-23,9:32:32.864111904,T,IBM,F I,1,274.1
2025-10-23,9:32:32.864124002,T,IBM,F I,1,274.1
2025-10-23,9:32:32.884010533,T,IBM,F,100,274.0
2025-10-23,9:32:32.884013350,T,IBM,F I,50,274.0
2025-10-23,9:32:32.886259660,T,IBM,I,50,274.0
2025-10-23,9:32:32.886259660,T,IBM,,100,274.0
2025-10-23,9:32:32.887639971,T,IBM,I,18,274.1
2025-10-23,9:32:32.887639971,T,IBM,I,16,274.12
2025-10-23,9:32:32.887898599,T,IBM,I,21,273.95
2025-10-23,9:32:32.892607914,T,IBM,I,12,274.12
2025-10-23,9:32:32.892610811,T,IBM,I,31,274.24
2025-10-23,9:32:35.309951715,T,IBM,F I,37,274.12
2025-10-23,9:32:36.468330391,T,IBM,F I,37,273.93
2025-10-23,9:32:36.468504829,T,IBM,F I,6,273.94
2025-10-23,9:32:36.650576275,T,IBM,F I,25,273.71
2025-10-23,9:32:36.650943234,T,IBM,I,5,273.7
2025-10-23,9:32:36.650946142,T,IBM,,100,273.6
2025-10-23,9:32:36.650949420,T,IBM,,200,273.59
2025-10-23,9:32:36.650949420,T,IBM,I,1,273.59
2025-10-23,9:32:36.650952214,T,IBM,,100,273.58
2025-10-23,9:32:36.650952214,T,IBM,,325,273.58
2025-10-23,9:32:36.650964162,T,IBM,I,1,273.58
2025-10-23,9:32:36.650970802,T,IBM,,274,273.58
2025-10-23,9:32:36.650970802,T,IBM,I,31,273.58
2025-10-23,9:32:36.650973228,T,IBM,I,1,273.58
2025-10-23,9:32:36.651505504,T,IBM,F I,7,273.72
2025-10-23,9:32:36.651583652,T,IBM,F I,78,273.72
2025-10-23,9:32:36.651646820,T,IBM,F,100,273.72
2025-10-23,9:32:36.651676928,T,IBM,F,222,273.72
2025-10-23,9:32:37.323184530,T,IBM,I,7,273.65
2025-10-23,9:32:37.632007692,T,IBM,F I,87,273.38
2025-10-23,9:32:37.988109474,T,IBM,,100,273.42
2025-10-23,9:32:38.601257181,T,IBM,I,10,273.645
2025-10-23,9:32:38.719811414,T,IBM,,100,273.62
2025-10-23,9:32:38.947125589,T,IBM,F I,12,273.8
2025-10-23,9:32:38.947125589,T,IBM,F,100,273.81
2025-10-23,9:32:39.390077556,T,IBM,F I,28,273.95
2025-10-23,9:32:39.390095178,T,IBM,I,1,273.95
2025-10-23,9:32:39.390137461,T,IBM,,100,273.95
2025-10-23,9:32:39.668143089,T,IBM,F,100,273.58
2025-10-23,9:32:40.336842336,T,IBM,F,100,273.49
2025-10-23,9:32:40.336842336,T,IBM,F I,50,273.48
2025-10-23,9:32:40.694233916,T,IBM,I,10,273.62
2025-10-23,9:32:40.724368881,T,IBM,F,100,273.81
2025-10-23,9:32:40.724371768,T,IBM,F I,12,273.82
2025-10-23,9:32:40.724371768,T,IBM,F I,31,273.82
2025-10-23,9:32:40.724868715,T,IBM,F I,32,273.96
2025-10-23,9:32:40.724870895,T,IBM,F I,2,274.0
2025-10-23,9:32:40.724898389,T,IBM,F I,8,274.0
2025-10-23,9:32:40.724898389,T,IBM,F,100,274.0
2025-10-23,9:32:40.724901006,T,IBM,F,100,273.89
2025-10-23,9:32:40.725012237,T,IBM,F I,85,273.83
2025-10-23,9:32:41.118348623,T,IBM,F,100,273.62
2025-10-23,9:32:42.451819281,T,IBM,,100,273.41
2025-10-23,9:32:42.451822574,T,IBM,I,37,273.39
2025-10-23,9:32:42.451822574,T,IBM,I,25,273.35
2025-10-23,9:32:42.451825491,T,IBM,I,12,273.32
2025-10-23,9:32:42.451828402,T,IBM,,100,273.32
2025-10-23,9:32:42.451828402,T,IBM,I,10,273.28
2025-10-23,9:32:42.451831262,T,IBM,I,32,273.25
2025-10-23,9:32:42.451834402,T,IBM,I,1,273.25
2025-10-23,9:32:42.451834402,T,IBM,,100,273.25
2025-10-23,9:32:42.451837316,T,IBM,I,83,273.24
2025-10-23,9:32:42.451840207,T,IBM,I,1,273.24
2025-10-23,9:32:42.451840207,T,IBM,I,16,273.24
2025-10-23,9:32:42.451843272,T,IBM,I,1,273.24
2025-10-23,9:32:42.451852239,T,IBM,I,1,273.24
2025-10-23,9:32:42.451888807,T,IBM,F,100,273.24
2025-10-23,9:32:42.451894430,T,IBM,F,100,273.24
2025-10-23,9:32:42.451942517,T,IBM,I,10,273.235
2025-10-23,9:32:42.451945494,T,IBM,I,75,273.41
2025-10-23,9:32:42.451945494,T,IBM,I,85,273.33
