DATE,TIME_M,EX,SYM_ROOT,TR_SCOND,SIZE,PRICE
2025-12-31,9:30:01.004620160,T,IBM,I,17,302.545
2025-12-31,9:30:01.004644253,T,IBM,Q,17,302.545
2025-12-31,9:30:04.069612659,T,IBM,I,1,301.2
2025-12-31,9:30:04.069637339,T,IBM,I,2,301.2
2025-12-31,9:30:04.069639722,T,IBM,,200,301.2
2025-12-31,9:30:04.069748180,T,IBM,,100,301.27
2025-12-31,9:30:04.069757058,T,IBM,F I,19,301.37
2025-12-31,9:30:04.069760110,T,IBM,F I,16,301.49
2025-12-31,9:30:04.069763119,T,IBM,F I,1,301.5
2025-12-31,9:30:04.069874322,T,IBM,I,1,301.27
2025-12-31,9:30:04.070145192,T,IBM,F I,36,301.48
2025-12-31,9:30:05.076710260,T,IBM,F I,5,301.69
2025-12-31,9:30:05.076713296,T,IBM,F,44,301.7
2025-12-31,9:30:05.076884674,T,IBM,F,49,301.76
2025-12-31,9:30:05.077149337,T,IBM,F,49,301.76
2025-12-31,9:30:06.352644837,T,IBM,I,5,301.38
2025-12-31,9:30:18.592900518,T,IBM,F I,16,301.24
2025-12-31,9:30:18.592900518,T,IBM,F I,13,301.24
2025-12-31,9:30:18.593568036,T,IBM,I,7,301.24
2025-12-31,9:30:18.593568036,T,IBM,,94,301.23
2025-12-31,9:30:18.593570992,T,IBM,F I,6,301.23
2025-12-31,9:30:18.593573843,T,IBM,F I,1,301.23
2025-12-31,9:30:20.684454539,T,IBM,,40,301.12
2025-12-31,9:30:24.934078152,T,IBM,,40,301.145
2025-12-31,9:30:24.940360270,T,IBM,F I,1,301.2
2025-12-31,9:30:24.940378200,T,IBM,I,33,301.2
2025-12-31,9:30:24.941926942,T,IBM,I,1,301.29
2025-12-31,9:30:24.941993766,T,IBM,I,1,301.29
2025-12-31,9:30:24.941996272,T,IBM,F I,1,301.29
2025-12-31,9:30:24.941999098,T,IBM,I,1,301.29
2025-12-31,9:30:24.942032235,T,IBM,I,1,301.29
2025-12-31,9:30:24.942071278,T,IBM,I,1,301.29
2025-12-31,9:30:24.942107314,T,IBM,I,34,301.29
2025-12-31,9:30:24.942170516,T,IBM,I,1,301.34
2025-12-31,9:30:24.942222018,T,IBM,,100,301.34
2025-12-31,9:30:24.942243122,T,IBM,F I,24,301.34
2025-12-31,9:30:24.942245935,T,IBM,F,88,301.34
2025-12-31,9:30:24.942248726,T,IBM,I,1,301.34
2025-12-31,9:30:24.942260691,T,IBM,F,211,301.34
2025-12-31,9:30:29.013223183,T,IBM,,40,301.06
2025-12-31,9:30:29.793950774,T,IBM,F I,10,301.0
2025-12-31,9:30:29.794519106,T,IBM,I,3,301.04
2025-12-31,9:30:29.794519106,T,IBM,I,4,301.05
2025-12-31,9:30:29.797661618,T,IBM,,40,301.04
2025-12-31,9:30:29.808376119,T,IBM,,40,301.155
2025-12-31,9:30:30.649144670,T,IBM,F I,10,301.27
2025-12-31,9:30:33.545796458,T,IBM,I,7,301.34
2025-12-31,9:30:33.552328061,T,IBM,I,6,301.28
2025-12-31,9:30:34.150070006,T,IBM,I,1,301.21
2025-12-31,9:30:38.687289482,T,IBM,I,30,301.16
2025-12-31,9:30:38.687289482,T,IBM,,70,301.165
2025-12-31,9:30:41.025009522,T,IBM,,40,300.99
2025-12-31,9:30:41.035775501,T,IBM,I,5,300.97
2025-12-31,9:30:41.035775501,T,IBM,I,32,300.985
2025-12-31,9:30:46.117353454,T,IBM,,40,300.93
2025-12-31,9:30:46.122763243,T,IBM,I,1,300.8
2025-12-31,9:30:49.415304604,T,IBM,,80,300.975
2025-12-31,9:30:52.592358869,T,IBM,,40,300.975
2025-12-31,9:30:53.964230756,T,IBM,,40,300.975
2025-12-31,9:31:03.052165665,T,IBM,,40,300.975
2025-12-31,9:31:03.300042847,T,IBM,I,15,301.18
2025-12-31,9:31:03.300042847,T,IBM,I,20,301.22
2025-12-31,9:31:05.796237235,T,IBM,I,9,301.2
2025-12-31,9:31:05.796240277,T,IBM,I,31,301.16
2025-12-31,9:31:14.165205428,T,IBM,F I,18,301.16
2025-12-31,9:31:14.842014593,T,IBM,F I,18,301.16
2025-12-31,9:31:34.524516085,T,IBM,,40,301.045
2025-12-31,9:31:38.664134937,T,IBM,F I,5,301.1
2025-12-31,9:32:01.312254343,T,IBM,,40,301.03
2025-12-31,9:32:05.104098192,T,IBM,I,1,301.13
2025-12-31,9:32:05.104122297,T,IBM,F I,25,301.13
2025-12-31,9:32:05.104125222,T,IBM,F I,1,301.13
2025-12-31,9:32:05.104131275,T,IBM,F I,14,301.13
2025-12-31,9:32:05.107207654,T,IBM,,40,301.04
2025-12-31,9:32:08.323980407,T,IBM,F I,5,301.17
2025-12-31,9:32:08.323980407,T,IBM,F I,5,301.18
2025-12-31,9:32:08.323992550,T,IBM,,80,301.04
2025-12-31,9:32:08.324010466,T,IBM,,40,301.25
2025-12-31,9:32:09.285633778,T,IBM,F,40,301.0
2025-12-31,9:32:09.285651764,T,IBM,I,1,301.0
2025-12-31,9:32:09.285666789,T,IBM,F I,25,301.0
2025-12-31,9:32:09.285678813,T,IBM,F I,21,301.0
2025-12-31,9:32:09.426840850,T,IBM,,40,300.89
2025-12-31,9:32:09.426976311,T,IBM,I,24,300.89
2025-12-31,9:32:11.238501258,T,IBM,I,5,300.97
2025-12-31,9:32:11.238501258,T,IBM,I,5,300.98
2025-12-31,9:32:11.238506709,T,IBM,,128,301.035
2025-12-31,9:32:11.238506709,T,IBM,I,22,301.035
2025-12-31,9:32:12.765454860,T,IBM,F I,5,300.82
2025-12-31,9:32:12.765458161,T,IBM,F I,5,300.81
2025-12-31,9:32:12.765458161,T,IBM,F,61,300.8
2025-12-31,9:32:12.765469848,T,IBM,F I,9,300.8
2025-12-31,9:32:12.765473026,T,IBM,F I,20,300.8
2025-12-31,9:32:12.765475863,T,IBM,F,42,300.79
2025-12-31,9:32:12.765475863,T,IBM,F I,29,300.79
2025-12-31,9:32:12.765490891,T,IBM,I,1,300.81
2025-12-31,9:32:12.765490891,T,IBM,I,6,300.81
2025-12-31,9:32:12.766531345,T,IBM,I,7,300.81
2025-12-31,9:32:12.766558442,T,IBM,,40,300.81
2025-12-31,9:32:12.766636638,T,IBM,F I,19,300.81
2025-12-31,9:32:12.766639627,T,IBM,F,90,300.81
2025-12-31,9:32:12.766657762,T,IBM,F I,37,300.81
2025-12-31,9:32:12.766657762,T,IBM,I,25,300.84
2025-12-31,9:32:12.774524476,T,IBM,I,34,300.88
2025-12-31,9:32:12.776238438,T,IBM,F I,1,300.78
2025-12-31,9:32:12.776247447,T,IBM,F I,1,300.78
2025-12-31,9:32:19.225878455,T,IBM,,40,300.76
2025-12-31,9:32:20.031553412,T,IBM,F I,11,300.65
2025-12-31,9:32:25.023030952,T,IBM,F I,11,300.77
2025-12-31,9:32:25.024020368,T,IBM,I,29,300.81
2025-12-31,9:32:37.364242471,T,IBM,F I,10,300.51
2025-12-31,9:32:37.385942105,T,IBM,F I,12,300.4
2025-12-31,9:32:37.385945074,T,IBM,F,80,300.4
2025-12-31,9:32:41.298905232,T,IBM,F I,10,300.4
2025-12-31,9:32:41.298959398,T,IBM,F I,1,300.39
2025-12-31,9:32:50.607463373,T,IBM,F I,10,300.32
2025-12-31,9:32:56.913099517,T,IBM,I,30,300.21
2025-12-31,9:32:56.913099517,T,IBM,I,30,300.25
2025-12-31,9:33:02.002694797,T,IBM,,100,300.245
2025-12-31,9:33:09.629165313,T,IBM,I,27,300.28
2025-12-31,9:33:09.698119494,T,IBM,,150,300.28
2025-12-31,9:33:23.542492384,T,IBM,I,1,300.19
2025-12-31,9:33:23.542492384,T,IBM,I,17,300.19
2025-12-31,9:33:23.542589253,T,IBM,I,16,300.12
2025-12-31,9:33:23.542591816,T,IBM,I,16,300.12
2025-12-31,9:33:23.542591816,T,IBM,I,14,300.11
2025-12-31,9:33:23.542693770,T,IBM,F I,10,300.2
2025-12-31,9:33:23.542729909,T,IBM,I,12,300.2
2025-12-31,9:33:23.542732966,T,IBM,I,14,300.2
2025-12-31,9:33:23.542973830,T,IBM,I,30,300.12
2025-12-31,9:33:23.542973830,T,IBM,I,16,300.12
2025-12-31,9:33:23.543379475,T,IBM,F I,4,300.15
2025-12-31,9:33:23.543406507,T,IBM,I,6,300.2
2025-12-31,9:33:24.469957274,T,IBM,F I,22,300.11
2025-12-31,9:33:24.470306079,T,IBM,F I,16,300.1
2025-12-31,9:33:24.470327111,T,IBM,F I,16,300.08
2025-12-31,9:33:24.575843101,T,IBM,F I,13,300.04
2025-12-31,9:33:24.575980869,T,IBM,,50,300.0
2025-12-31,9:33:24.575983643,T,IBM,I,16,300.04
2025-12-31,9:33:24.575986844,T,IBM,I,34,300.05
2025-12-31,9:33:24.576001661,T,IBM,,100,300.04
2025-12-31,9:33:24.576001661,T,IBM,I,1,300.05
2025-12-31,9:33:24.576017280,T,IBM,F,94,300.04
2025-12-31,9:33:24.576019935,T,IBM,F I,5,300.04
2025-12-31,9:33:24.576031922,T,IBM,F I,20,300.0
2025-12-31,9:33:24.576031922,T,IBM,F I,6,300.0
2025-12-31,9:33:24.576045043,T,IBM,I,8,300.0
2025-12-31,9:33:24.576049808,T,IBM,I,1,300.0
2025-12-31,9:33:24.576112955,T,IBM,,65,300.02
2025-12-31,9:33:24.576143024,T,IBM,I,35,300.02
2025-12-31,9:33:24.576146117,T,IBM,I,13,300.04
2025-12-31,9:33:24.576257324,T,IBM,,65,300.04
2025-12-31,9:33:24.576431680,T,IBM,I,22,300.04
2025-12-31,9:33:24.576434918,T,IBM,,43,300.04
2025-12-31,9:33:24.576452814,T,IBM,F I,27,300.04
2025-12-31,9:33:24.576452814,T,IBM,F I,38,300.05
2025-12-31,9:33:24.576564535,T,IBM,I,5,300.05
2025-12-31,9:33:24.576970067,T,IBM,F I,1,300.05
2025-12-31,9:33:24.577213624,T,IBM,I,38,299.99
2025-12-31,9:33:24.595569326,T,IBM,I,16,299.96
2025-12-31,9:33:25.043485620,T,IBM,F I,10,300.09
2025-12-31,9:33:25.078425811,T,IBM,F I,2,300.17
2025-12-31,9:33:25.078855781,T,IBM,F I,24,300.2
2025-12-31,9:33:27.829711466,T,IBM,F I,25,300.27
2025-12-31,9:33:35.466809359,T,IBM,I,4,300.27
2025-12-31,9:33:35.466812259,T,IBM,,146,300.27
2025-12-31,9:33:48.793283310,T,IBM,I,15,300.08
2025-12-31,9:33:48.793728457,T,IBM,I,13,300.08
2025-12-31,9:33:52.845432793,T,IBM,F I,25,300.06
2025-12-31,9:33:52.845453890,T,IBM,I,24,300.06
2025-12-31,9:33:59.733935259,T,IBM,I,5,300.17
2025-12-31,9:33:59.733935259,T,IBM,I,5,300.18
2025-12-31,9:33:59.733937859,T,IBM,I,35,300.2
2025-12-31,9:34:08.519770002,T,IBM,F,40,300.26
2025-12-31,9:34:08.519773114,T,IBM,F,40,300.26
2025-12-31,9:34:08.520530926,T,IBM,F I,1,300.29
2025-12-31,9:34:16.992061195,T,IBM,,100,300.29
2025-12-31,9:34:17.003671756,T,IBM,,40,300.11
2025-12-31,9:34:18.137758684,T,IBM,F I,5,300.22
2025-12-31,9:34:18.147173983,T,IBM,F I,5,300.26
2025-12-31,9:34:36.884132108,T,IBM,F I,10,300.09
2025-12-31,9:34:36.884132108,T,IBM,F I,10,300.09
2025-12-31,9:34:36.884134634,T,IBM,F I,10,300.09
2025-12-31,9:34:36.884137353,T,IBM,F I,1,300.09
2025-12-31,9:34:36.884161669,T,IBM,I,10,300.09
2025-12-31,9:34:36.884564453,T,IBM,F,40,300.04
2025-12-31,9:34:36.884567396,T,IBM,F I,8,300.04
2025-12-31,9:34:36.884600850,T,IBM,,72,300.13
2025-12-31,9:34:36.884768856,T,IBM,I,30,300.1
2025-12-31,9:34:36.885012448,T,IBM,I,35,300.04
2025-12-31,9:34:36.885045550,T,IBM,F I,9,300.04
2025-12-31,9:34:54.306341015,T,IBM,F I,5,300.2
2025-12-31,9:34:54.306380063,T,IBM,F I,5,300.23
2025-12-31,9:34:54.306572552,T,IBM,F I,5,300.23
2025-12-31,9:34:54.329857239,T,IBM,F I,5,300.24
2025-12-31,9:34:54.329980228,T,IBM,,40,300.165
2025-12-31,9:34:55.128471192,T,IBM,,80,300.29
2025-12-31,9:34:55.128654589,T,IBM,F,40,300.32
2025-12-31,9:34:55.128657986,T,IBM,F,40,300.32
2025-12-31,9:35:12.082616426,T,IBM,I,9,300.43
2025-12-31,9:35:12.082616426,T,IBM,I,10,300.43
2025-12-31,9:35:25.741207370,T,IBM,I,9,300.43
2025-12-31,9:35:25.741209986,T,IBM,I,9,300.4
2025-12-31,9:35:25.741222196,T,IBM,F I,7,300.4
2025-12-31,9:35:25.741225049,T,IBM,F I,2,300.4
2025-12-31,9:35:25.741225049,T,IBM,F I,9,300.4
2025-12-31,9:35:25.741228028,T,IBM,F I,18,300.4
2025-12-31,9:35:25.741246540,T,IBM,I,6,300.4
2025-12-31,9:35:57.590799061,T,IBM,F I,5,300.41
2025-12-31,9:35:57.590801904,T,IBM,F,45,300.435
2025-12-31,9:35:57.954111863,T,IBM,,40,300.48
2025-12-31,9:36:01.001067887,T,IBM,F I,1,300.38
2025-12-31,9:36:01.001070973,T,IBM,F I,1,300.38
2025-12-31,9:36:01.001070973,T,IBM,F I,1,300.38
2025-12-31,9:36:01.001073572,T,IBM,F I,1,300.38
2025-12-31,9:36:01.002706390,T,IBM,I,16,300.32
2025-12-31,9:36:01.002730562,T,IBM,F I,25,300.29
2025-12-31,9:36:01.002769659,T,IBM,F I,9,300.29
2025-12-31,9:36:02.007232832,T,IBM,F I,5,300.44
2025-12-31,9:36:02.007232832,T,IBM,F,40,300.47
2025-12-31,9:36:02.007235771,T,IBM,F I,36,300.48
2025-12-31,9:36:02.007268900,T,IBM,F,81,300.48
2025-12-31,9:36:02.007681641,T,IBM,F,70,300.48
2025-12-31,9:36:02.007681641,T,IBM,F I,1,300.49
2025-12-31,9:36:02.007683898,T,IBM,F I,10,300.49
2025-12-31,9:36:09.196670009,T,IBM,I,10,300.42
2025-12-31,9:36:13.778341143,T,IBM,F,50,300.39
2025-12-31,9:36:23.963395698,T,IBM,F I,3,300.36
2025-12-31,9:36:23.963419768,T,IBM,F,90,300.39
2025-12-31,9:36:23.963485930,T,IBM,F,50,300.39
2025-12-31,9:36:23.963543076,T,IBM,F I,6,300.39
2025-12-31,9:36:23.963552153,T,IBM,F,44,300.39
2025-12-31,9:36:23.963555085,T,IBM,F I,8,300.4
2025-12-31,9:36:23.963609156,T,IBM,F,90,300.4
2025-12-31,9:36:23.963627425,T,IBM,F I,10,300.39
2025-12-31,9:36:23.963630310,T,IBM,I,1,300.39
2025-12-31,9:36:23.963988848,T,IBM,I,1,300.37
2025-12-31,9:36:23.963991604,T,IBM,I,10,300.37
2025-12-31,9:36:23.963994158,T,IBM,I,22,300.37
2025-12-31,9:36:23.966655488,T,IBM,,78,300.37
2025-12-31,9:36:23.966655488,T,IBM,,72,300.37
2025-12-31,9:36:23.966670779,T,IBM,F I,28,300.37
2025-12-31,9:36:23.966670779,T,IBM,F,40,300.37
2025-12-31,9:36:23.966674242,T,IBM,F,43,300.37
2025-12-31,9:36:23.966674242,T,IBM,F I,12,300.37
2025-12-31,9:36:23.966676725,T,IBM,F I,35,300.37
2025-12-31,9:36:23.966679507,T,IBM,F,40,300.37
2025-12-31,9:36:23.967314099,T,IBM,F I,25,300.38
2025-12-31,9:36:24.017587798,T,IBM,I,18,300.39
2025-12-31,9:36:24.017590734,T,IBM,,100,300.44
2025-12-31,9:36:24.017590734,T,IBM,I,22,300.44
2025-12-31,9:36:24.017608725,T,IBM,F I,14,300.44
2025-12-31,9:36:24.017608725,T,IBM,F I,4,300.44
2025-12-31,9:36:24.022050324,T,IBM,F I,21,300.44
2025-12-31,9:37:05.402546720,T,IBM,F I,2,300.49
2025-12-31,9:37:05.402549474,T,IBM,F I,1,300.49
2025-12-31,9:37:05.402567511,T,IBM,I,1,300.49
2025-12-31,9:37:05.403259194,T,IBM,F I,12,300.46
2025-12-31,9:37:05.403268132,T,IBM,I,18,300.46
2025-12-31,9:37:05.403343321,T,IBM,I,30,300.44
2025-12-31,9:37:05.403367324,T,IBM,I,10,300.465
2025-12-31,9:37:05.403797542,T,IBM,I,16,300.41
2025-12-31,9:37:05.403800347,T,IBM,I,20,300.41
2025-12-31,9:37:05.403800347,T,IBM,I,18,300.4
2025-12-31,9:37:05.403821686,T,IBM,F I,22,300.4
2025-12-31,9:37:05.403821686,T,IBM,F I,4,300.4
2025-12-31,9:37:05.403827977,T,IBM,F I,1,300.4
2025-12-31,9:37:05.403827977,T,IBM,F I,9,300.4
2025-12-31,9:37:05.403851491,T,IBM,I,6,300.38
2025-12-31,9:37:18.637371127,T,IBM,F I,10,300.48
2025-12-31,9:37:18.637545550,T,IBM,,40,300.48
2025-12-31,9:37:18.637816193,T,IBM,F I,10,300.48
2025-12-31,9:37:19.639506710,T,IBM,I,3,300.29
2025-12-31,9:37:30.357941029,T,IBM,I,5,300.32
2025-12-31,9:37:38.832279825,T,IBM,F,80,300.25
2025-12-31,9:37:38.835530733,T,IBM,,40,300.28
2025-12-31,9:37:45.255093030,T,IBM,I,30,300.11
2025-12-31,9:37:47.908053804,T,IBM,F,40,300.13
2025-12-31,9:37:50.135642771,T,IBM,F I,1,300.13
2025-12-31,9:37:50.135660832,T,IBM,F I,39,300.13
2025-12-31,9:37:51.550673453,T,IBM,F I,4,300.15
2025-12-31,9:37:53.101922218,T,IBM,F I,3,300.15
2025-12-31,9:38:02.801988144,T,IBM,F,40,300.16
2025-12-31,9:38:02.801991198,T,IBM,F I,10,300.16
2025-12-31,9:38:02.807879313,T,IBM,,40,300.18
2025-12-31,9:38:04.328788924,T,IBM,I,20,300.11
2025-12-31,9:38:04.328951376,T,IBM,F,40,300.1
2025-12-31,9:38:04.328954414,T,IBM,F I,1,300.1
2025-12-31,9:38:04.328973127,T,IBM,I,1,300.1
2025-12-31,9:38:04.328987541,T,IBM,F I,1,300.09
2025-12-31,9:38:33.697480844,T,IBM,F I,2,300.12
2025-12-31,9:38:33.700848856,T,IBM,I,10,300.12
2025-12-31,9:38:33.700945163,T,IBM,F I,10,300.13
2025-12-31,9:38:33.701122537,T,IBM,F I,4,300.13
2025-12-31,9:38:33.701125589,T,IBM,F I,6,300.14
2025-12-31,9:38:33.701582748,T,IBM,F I,4,300.14
2025-12-31,9:38:33.778460688,T,IBM,I,10,300.2
2025-12-31,9:38:39.049444838,T,IBM,,40,300.19
2025-12-31,9:38:54.531519101,T,IBM,,86,300.235
2025-12-31,9:38:57.146887167,T,IBM,I,14,300.235
2025-12-31,9:39:05.324521808,T,IBM,I,17,300.235
2025-12-31,9:39:09.692158325,T,IBM,F I,17,300.33
2025-12-31,9:39:09.697652434,T,IBM,F I,2,300.36
2025-12-31,9:39:09.697814793,T,IBM,F I,2,300.36
2025-12-31,9:39:42.396361034,T,IBM,F I,8,300.5
2025-12-31,9:39:42.396361034,T,IBM,F I,1,300.5
2025-12-31,9:39:54.133298937,T,IBM,I,5,300.64
2025-12-31,9:39:59.249414243,T,IBM,I,4,300.55
2025-12-31,9:40:05.450338123,T,IBM,I,7,300.53
2025-12-31,9:40:05.450359205,T,IBM,F I,33,300.53
2025-12-31,9:40:45.100448951,T,IBM,I,15,300.55
2025-12-31,9:40:45.100448951,T,IBM,I,13,300.55
2025-12-31,9:41:01.334547950,T,IBM,I,39,300.48
2025-12-31,9:41:01.334565877,T,IBM,F I,1,300.48
2025-12-31,9:41:01.361311540,T,IBM,I,1,300.4
2025-12-31,9:41:01.361315003,T,IBM,I,1,300.4
2025-12-31,9:41:01.361317587,T,IBM,I,1,300.4
2025-12-31,9:41:15.795508707,T,IBM,F I,4,300.44
2025-12-31,9:41:15.795542084,T,IBM,,40,300.45
2025-12-31,9:41:15.795542084,T,IBM,,40,300.45
2025-12-31,9:41:15.795550907,T,IBM,F I,12,300.45
2025-12-31,9:41:15.795556962,T,IBM,F I,28,300.45
2025-12-31,9:41:15.795556962,T,IBM,F I,20,300.45
2025-12-31,9:41:15.795559828,T,IBM,F,40,300.46
2025-12-31,9:41:15.804782817,T,IBM,F I,5,300.52
2025-12-31,9:41:16.215906505,T,IBM,F I,5,300.61
2025-12-31,9:41:16.215912505,T,IBM,F I,9,300.6
2025-12-31,9:41:16.215933854,T,IBM,F I,9,300.6
2025-12-31,9:41:43.795965132,T,IBM,,43,300.575
2025-12-31,9:41:51.269305167,T,IBM,F I,9,300.55
2025-12-31,9:42:22.678117266,T,IBM,F I,5,300.52
2025-12-31,9:43:06.048907923,T,IBM,I,1,300.56
2025-12-31,9:43:15.054545928,T,IBM,I,30,300.51
2025-12-31,9:43:15.054624065,T,IBM,I,26,300.5
2025-12-31,9:43:15.054756386,T,IBM,F I,16,300.51
2025-12-31,9:43:15.054795611,T,IBM,,65,300.515
2025-12-31,9:43:25.132100587,T,IBM,F I,5,300.63
2025-12-31,9:43:25.140749224,T,IBM,I,30,300.68
2025-12-31,9:43:25.140749224,T,IBM,I,25,300.66
2025-12-31,9:43:25.140752380,T,IBM,,40,300.65
2025-12-31,9:43:25.140755214,T,IBM,I,5,300.64
2025-12-31,9:43:26.029298463,T,IBM,,40,300.75
2025-12-31,9:43:27.572283688,T,IBM,F I,1,300.83
2025-12-31,9:43:27.572352913,T,IBM,F I,7,300.83
2025-12-31,9:43:27.572358919,T,IBM,F I,8,300.84
2025-12-31,9:43:27.941376343,T,IBM,,57,300.83
2025-12-31,9:43:31.464569752,T,IBM,,40,300.77
2025-12-31,9:43:31.469519593,T,IBM,I,6,300.76
2025-12-31,9:43:46.215877832,T,IBM,I,3,300.8
2025-12-31,9:43:46.215992052,T,IBM,I,16,300.82
2025-12-31,9:44:07.530415254,T,IBM,I,5,300.76
2025-12-31,9:44:23.019728153,T,IBM,,40,300.83
2025-12-31,9:44:24.557510952,T,IBM,,40,300.83
2025-12-31,9:44:28.489271969,T,IBM,F I,15,300.78
2025-12-31,9:44:28.489503551,T,IBM,F,40,300.73
2025-12-31,9:44:28.489536714,T,IBM,,44,300.76
2025-12-31,9:44:28.489617808,T,IBM,F I,5,300.73
2025-12-31,9:44:45.162710736,T,IBM,F I,25,300.64
2025-12-31,9:44:57.454640841,T,IBM,,40,300.77
2025-12-31,9:44:57.454643863,T,IBM,,60,300.775
2025-12-31,9:44:58.045352113,T,IBM,I,1,300.78
2025-12-31,9:45:01.366380004,T,IBM,,65,300.705
2025-12-31,9:45:02.882508332,T,IBM,F I,25,300.71
2025-12-31,9:45:02.882556414,T,IBM,F I,15,300.71
2025-12-31,9:45:10.037317961,T,IBM,F I,1,300.67
2025-12-31,9:45:12.302442371,T,IBM,F I,1,300.45
2025-12-31,9:45:12.312032245,T,IBM,,56,300.445
2025-12-31,9:45:13.040098390,T,IBM,F I,5,300.54
2025-12-31,9:45:22.662754190,T,IBM,,40,300.525
2025-12-31,9:45:25.981478749,T,IBM,I,11,300.48
2025-12-31,9:45:32.044190771,T,IBM,F I,10,300.48
2025-12-31,9:45:48.491040134,T,IBM,F,40,300.55
2025-12-31,9:45:48.491049062,T,IBM,F,40,300.55
2025-12-31,9:45:48.491954374,T,IBM,F I,7,300.61
2025-12-31,9:45:48.507976429,T,IBM,,71,300.575
2025-12-31,9:45:49.403225548,T,IBM,F I,14,300.48
2025-12-31,9:45:52.705305515,T,IBM,F I,20,300.42
2025-12-31,9:46:11.469429054,T,IBM,F I,5,300.3
2025-12-31,9:46:19.009572974,T,IBM,I,10,300.36
2025-12-31,9:46:19.010327749,T,IBM,F I,6,300.38
2025-12-31,9:46:19.010351906,T,IBM,F I,22,300.38
2025-12-31,9:46:19.010351906,T,IBM,F I,3,300.38
2025-12-31,9:46:19.010355005,T,IBM,F I,6,300.39
2025-12-31,9:46:19.010357903,T,IBM,F I,19,300.39
2025-12-31,9:46:22.151404437,T,IBM,I,4,300.38
2025-12-31,9:46:22.204952917,T,IBM,I,4,300.38
2025-12-31,9:46:22.211217064,T,IBM,I,12,300.38
2025-12-31,9:46:22.211219742,T,IBM,I,11,300.38
2025-12-31,9:46:22.244039963,T,IBM,I,4,300.39
2025-12-31,9:46:45.442471994,T,IBM,I,10,300.3
2025-12-31,9:47:23.091462689,T,IBM,F I,1,300.23
2025-12-31,9:47:24.467445392,T,IBM,F I,13,300.19
2025-12-31,9:47:35.979508007,T,IBM,F,84,300.26
2025-12-31,9:47:35.979508007,T,IBM,F,60,300.26
2025-12-31,9:47:35.979511043,T,IBM,F I,14,300.26
2025-12-31,9:47:35.979520037,T,IBM,I,1,300.26
2025-12-31,9:47:35.979523234,T,IBM,F,643,300.26
2025-12-31,9:47:35.979526011,T,IBM,F,198,300.26
2025-12-31,9:47:35.979583133,T,IBM,I,24,300.285
2025-12-31,9:47:50.199844723,T,IBM,,100,300.285
2025-12-31,9:47:50.702301805,T,IBM,,40,300.285
2025-12-31,9:47:50.705576667,T,IBM,F,45,300.285
2025-12-31,9:47:50.705582801,T,IBM,,40,300.285
2025-12-31,9:47:50.705643210,T,IBM,F I,11,300.285
2025-12-31,9:47:50.705645813,T,IBM,,68,300.285
2025-12-31,9:47:50.705690850,T,IBM,F,80,300.285
2025-12-31,9:47:50.705709034,T,IBM,,200,300.285
2025-12-31,9:47:50.705724301,T,IBM,,40,300.285
2025-12-31,9:47:50.705805193,T,IBM,I,10,300.285
2025-12-31,9:47:50.713768309,T,IBM,F I,25,300.38
2025-12-31,9:47:50.713768309,T,IBM,F I,29,300.38
2025-12-31,9:47:52.538226429,T,IBM,F,54,300.38
2025-12-31,9:47:52.538298551,T,IBM,,100,300.38
2025-12-31,9:47:52.545864587,T,IBM,I,1,300.345
2025-12-31,9:47:57.586220657,T,IBM,I,20,300.24
2025-12-31,9:47:58.633024577,T,IBM,I,20,300.24
2025-12-31,9:48:07.281444825,T,IBM,F I,1,300.27
2025-12-31,9:48:07.281444825,T,IBM,F I,1,300.27
2025-12-31,9:48:07.281474941,T,IBM,F I,1,300.27
2025-12-31,9:48:07.281902012,T,IBM,I,39,300.27
2025-12-31,9:48:07.293031425,T,IBM,F I,1,300.26
2025-12-31,9:48:07.294742527,T,IBM,I,20,300.24
2025-12-31,9:48:07.382109502,T,IBM,,40,300.23
2025-12-31,9:48:27.333946217,T,IBM,I,25,300.255
2025-12-31,9:48:27.334010093,T,IBM,F I,25,300.255
2025-12-31,9:48:27.334012619,T,IBM,,50,300.255
2025-12-31,9:48:27.403507805,T,IBM,F,40,300.31
2025-12-31,9:48:37.118435135,T,IBM,F I,6,300.37
2025-12-31,9:48:37.118471156,T,IBM,I,34,300.37
2025-12-31,9:48:37.118471156,T,IBM,,100,300.37
2025-12-31,9:48:39.303548051,T,IBM,F I,25,300.4
2025-12-31,9:48:39.992851938,T,IBM,F I,15,300.4
2025-12-31,9:49:16.537809571,T,IBM,F I,22,300.47
2025-12-31,9:49:16.537827648,T,IBM,I,1,300.47
2025-12-31,9:49:16.537848694,T,IBM,F I,17,300.47
2025-12-31,9:49:16.537848694,T,IBM,F I,1,300.47
2025-12-31,9:49:16.677925210,T,IBM,I,8,300.42
2025-12-31,9:49:16.677943322,T,IBM,F I,15,300.42
2025-12-31,9:49:52.689784741,T,IBM,I,14,300.34
2025-12-31,9:49:52.765517051,T,IBM,F,40,300.33
2025-12-31,9:49:52.765517051,T,IBM,F I,1,300.33
2025-12-31,9:49:52.765889999,T,IBM,I,1,300.33
2025-12-31,9:50:05.092017348,T,IBM,I,19,300.39
2025-12-31,9:50:08.720599782,T,IBM,F I,8,300.46
2025-12-31,9:50:08.720602402,T,IBM,F I,20,300.46
2025-12-31,9:50:26.690941771,T,IBM,F,40,300.63
2025-12-31,9:50:26.690941771,T,IBM,,40,300.63
2025-12-31,9:50:26.690944567,T,IBM,F I,3,300.63
2025-12-31,9:50:26.705905424,T,IBM,I,5,300.69
2025-12-31,9:50:43.980928749,T,IBM,I,19,300.66
2025-12-31,9:50:43.980931780,T,IBM,I,9,300.66
2025-12-31,9:50:45.104424256,T,IBM,I,26,300.66
2025-12-31,9:50:45.104427351,T,IBM,I,2,300.66
2025-12-31,9:50:58.208395563,T,IBM,I,5,300.75
2025-12-31,9:50:58.218328233,T,IBM,I,20,300.76
2025-12-31,9:51:17.120877322,T,IBM,F I,25,300.76
2025-12-31,9:51:40.481731763,T,IBM,F I,4,300.75
2025-12-31,9:51:40.481797862,T,IBM,F I,3,300.75
2025-12-31,9:51:43.705078211,T,IBM,I,1,300.63
2025-12-31,9:51:43.705078211,T,IBM,I,20,300.63
2025-12-31,9:51:43.705132232,T,IBM,I,8,300.655
2025-12-31,9:51:43.909390596,T,IBM,I,9,300.56
2025-12-31,9:51:59.228900914,T,IBM,,45,300.655
2025-12-31,9:52:32.568344390,T,IBM,F I,10,300.83
2025-12-31,9:52:32.568386454,T,IBM,F I,10,300.86
2025-12-31,9:52:32.578652945,T,IBM,I,10,300.86
2025-12-31,9:54:22.102991409,T,IBM,I,10,300.8
2025-12-31,9:54:22.102991409,T,IBM,I,10,300.8
2025-12-31,9:54:59.872130300,T,IBM,F I,5,300.83
2025-12-31,9:54:59.872133236,T,IBM,F I,25,300.79
2025-12-31,9:54:59.992462353,T,IBM,F I,25,300.79
2025-12-31,9:55:10.358517485,T,IBM,I,5,300.89
2025-12-31,9:55:10.358520052,T,IBM,I,26,300.91
2025-12-31,9:55:11.083861803,T,IBM,F I,3,300.93
2025-12-31,9:55:11.083882846,T,IBM,,55,300.93
2025-12-31,9:55:11.083931666,T,IBM,F I,10,300.94
2025-12-31,9:55:11.083933921,T,IBM,F I,11,300.94
2025-12-31,9:55:11.083937009,T,IBM,F I,10,300.94
2025-12-31,9:55:11.083937009,T,IBM,F I,24,300.94
2025-12-31,9:55:11.341478993,T,IBM,F,40,300.97
2025-12-31,9:55:11.341482373,T,IBM,F I,3,300.97
2025-12-31,9:55:11.341494326,T,IBM,I,29,300.97
2025-12-31,9:55:11.341494326,T,IBM,,43,300.97
2025-12-31,9:55:11.341500146,T,IBM,I,37,300.97
2025-12-31,9:55:11.351117386,T,IBM,I,1,300.92
2025-12-31,9:55:11.351117386,T,IBM,I,9,300.92
2025-12-31,9:55:43.966569079,T,IBM,,40,300.8
2025-12-31,9:55:43.969576348,T,IBM,I,20,300.8
2025-12-31,9:55:43.969576348,T,IBM,I,20,300.74
2025-12-31,9:55:47.998495381,T,IBM,,40,300.74
2025-12-31,9:56:13.280314036,T,IBM,F I,1,300.8
2025-12-31,9:56:13.285549559,T,IBM,I,13,300.83
2025-12-31,9:56:52.602581343,T,IBM,F I,1,300.68
2025-12-31,9:56:52.602863962,T,IBM,F I,1,300.67
2025-12-31,9:56:52.603462485,T,IBM,I,4,300.65
2025-12-31,9:56:52.603471484,T,IBM,,40,300.65
2025-12-31,9:57:36.855211658,T,IBM,,80,300.8
2025-12-31,9:57:36.855215421,T,IBM,I,8,300.8
2025-12-31,9:57:36.855215421,T,IBM,F,45,300.8
2025-12-31,9:57:36.855229792,T,IBM,,40,300.8
2025-12-31,9:57:36.855229792,T,IBM,I,1,300.8
2025-12-31,9:57:36.855262821,T,IBM,I,7,300.8
2025-12-31,9:57:36.855602673,T,IBM,F I,4,300.8
2025-12-31,9:58:14.112333830,T,IBM,,83,300.68
2025-12-31,9:58:44.865976074,T,IBM,I,1,300.66
2025-12-31,9:58:44.865976074,T,IBM,I,9,300.67
2025-12-31,9:58:44.865996874,T,IBM,F I,10,300.67
2025-12-31,9:58:44.866024005,T,IBM,I,10,300.68
2025-12-31,9:58:44.866126153,T,IBM,F I,10,300.68
2025-12-31,9:59:34.979665420,T,IBM,F,40,300.56
2025-12-31,9:59:53.594504303,T,IBM,F I,1,300.51
2025-12-31,10:00:05.275978331,T,IBM,F I,19,300.51
2025-12-31,10:00:12.617051973,T,IBM,F I,8,300.51
2025-12-31,10:00:12.617054569,T,IBM,F I,1,300.51
2025-12-31,10:00:12.617072511,T,IBM,F I,7,300.51
2025-12-31,10:00:12.617075592,T,IBM,F,40,300.51
2025-12-31,10:00:12.617216884,T,IBM,I,30,300.51
2025-12-31,10:00:12.617668025,T,IBM,I,10,300.51
2025-12-31,10:01:00.069206319,T,IBM,I,20,300.475
2025-12-31,10:01:07.543755377,T,IBM,I,3,300.475
2025-12-31,10:01:26.173633818,T,IBM,F I,20,300.33
2025-12-31,10:01:26.173636930,T,IBM,F I,30,300.33
2025-12-31,10:01:26.174343571,T,IBM,I,4,300.375
2025-12-31,10:01:26.174346637,T,IBM,I,29,300.38
2025-12-31,10:01:36.141352286,T,IBM,I,20,300.28
2025-12-31,10:01:36.141352286,T,IBM,I,20,300.28
2025-12-31,10:01:38.017007473,T,IBM,F I,20,300.28
2025-12-31,10:01:38.017007473,T,IBM,F I,20,300.28
2025-12-31,10:01:38.017530617,T,IBM,I,1,300.27
2025-12-31,10:01:38.017533654,T,IBM,I,39,300.27
2025-12-31,10:01:39.088232494,T,IBM,I,2,300.295
2025-12-31,10:01:39.088235540,T,IBM,I,4,300.295
2025-12-31,10:01:39.088238476,T,IBM,I,5,300.295
2025-12-31,10:01:39.545347740,T,IBM,I,10,300.29
2025-12-31,10:01:39.545347740,T,IBM,I,5,300.29
2025-12-31,10:02:08.008686825,T,IBM,F I,25,300.25
2025-12-31,10:02:16.171252767,T,IBM,I,18,300.32
2025-12-31,10:02:16.171255710,T,IBM,I,6,300.33
2025-12-31,10:02:16.171270767,T,IBM,F I,18,300.33
2025-12-31,10:02:16.171595576,T,IBM,I,3,300.37
2025-12-31,10:02:16.172533735,T,IBM,F I,10,300.38
2025-12-31,10:03:14.878093869,T,IBM,I,13,300.33
2025-12-31,10:03:16.195563186,T,IBM,F,51,300.37
2025-12-31,10:03:19.279783547,T,IBM,I,10,300.26
2025-12-31,10:03:20.337268955,T,IBM,I,30,300.26
2025-12-31,10:03:20.337338087,T,IBM,I,7,300.25
2025-12-31,10:03:30.685903870,T,IBM,I,1,300.29
2025-12-31,10:03:58.458444288,T,IBM,,40,300.2
2025-12-31,10:04:00.398434761,T,IBM,,57,300.19
2025-12-31,10:04:15.498365563,T,IBM,I,4,300.195
2025-12-31,10:04:15.498368541,T,IBM,,70,300.195
2025-12-31,10:04:22.695047057,T,IBM,F I,30,300.13
2025-12-31,10:04:22.695763023,T,IBM,I,20,300.12
2025-12-31,10:04:22.695765728,T,IBM,I,2,300.12
2025-12-31,10:04:22.695783772,T,IBM,I,1,300.12
2025-12-31,10:04:22.695789635,T,IBM,I,7,300.12
2025-12-31,10:04:22.696297939,T,IBM,F I,3,300.11
2025-12-31,10:04:22.696300891,T,IBM,F I,3,300.11
2025-12-31,10:04:22.696304803,T,IBM,F I,2,300.11
2025-12-31,10:04:22.696304803,T,IBM,F I,4,300.14
2025-12-31,10:04:22.696306878,T,IBM,F I,1,300.14
2025-12-31,10:04:22.696412638,T,IBM,F I,8,300.14
2025-12-31,10:04:22.696412638,T,IBM,F I,20,300.15
2025-12-31,10:04:22.696505333,T,IBM,I,9,300.13
2025-12-31,10:04:22.696505333,T,IBM,I,1,300.13
2025-12-31,10:04:22.697672099,T,IBM,I,10,300.13
2025-12-31,10:04:22.704194796,T,IBM,I,3,300.13
2025-12-31,10:04:22.704194796,T,IBM,,40,300.13
2025-12-31,10:04:22.708825708,T,IBM,I,10,300.13
2025-12-31,10:04:22.708828722,T,IBM,I,5,300.13
2025-12-31,10:04:24.584766681,T,IBM,F,80,300.13
2025-12-31,10:04:26.380717032,T,IBM,I,25,300.08
2025-12-31,10:04:34.237145043,T,IBM,I,30,300.06
2025-12-31,10:04:34.237148001,T,IBM,I,38,300.07
2025-12-31,10:04:35.338926014,T,IBM,I,22,300.04
2025-12-31,10:04:35.338926014,T,IBM,I,16,300.04
2025-12-31,10:04:35.338931906,T,IBM,,74,300.04
2025-12-31,10:04:35.338944074,T,IBM,I,1,300.02
2025-12-31,10:04:35.338949936,T,IBM,F I,13,300.0
2025-12-31,10:04:35.339133406,T,IBM,F I,6,299.99
2025-12-31,10:04:35.339217577,T,IBM,F I,4,299.99
2025-12-31,10:04:35.339271754,T,IBM,I,4,299.97
2025-12-31,10:04:35.339274755,T,IBM,I,1,299.97
2025-12-31,10:04:35.339287823,T,IBM,F I,2,299.99
2025-12-31,10:04:35.339292747,T,IBM,I,38,299.99
2025-12-31,10:04:35.339313794,T,IBM,F,40,299.98
2025-12-31,10:04:35.339578435,T,IBM,F I,7,299.99
2025-12-31,10:04:35.339599538,T,IBM,I,2,299.99
2025-12-31,10:04:35.340282125,T,IBM,,40,299.97
2025-12-31,10:04:35.341713483,T,IBM,F I,2,299.98
2025-12-31,10:04:35.410935319,T,IBM,F,40,299.93
2025-12-31,10:04:35.426334971,T,IBM,I,2,299.91
2025-12-31,10:04:38.334822899,T,IBM,F I,20,299.88
2025-12-31,10:04:38.334841009,T,IBM,I,1,299.88
2025-12-31,10:04:48.011003032,T,IBM,F I,8,299.88
2025-12-31,10:04:48.011075293,T,IBM,I,8,299.88
2025-12-31,10:05:03.455755708,T,IBM,I,3,299.905
2025-12-31,10:05:03.455758808,T,IBM,I,5,299.905
2025-12-31,10:05:03.455761748,T,IBM,I,5,299.905
2025-12-31,10:05:03.456949527,T,IBM,F I,10,299.88
2025-12-31,10:05:03.456949527,T,IBM,F I,1,299.88
2025-12-31,10:05:03.457431401,T,IBM,F I,1,299.86
2025-12-31,10:05:03.457433678,T,IBM,F I,2,299.86
2025-12-31,10:05:03.457472870,T,IBM,I,7,299.85
2025-12-31,10:05:04.315054344,T,IBM,F I,9,299.84
2025-12-31,10:05:04.315515366,T,IBM,I,16,299.82
2025-12-31,10:05:04.315517539,T,IBM,I,30,299.83
2025-12-31,10:05:04.315517539,T,IBM,I,34,299.83
2025-12-31,10:05:04.315535579,T,IBM,F,51,299.82
2025-12-31,10:05:04.315535579,T,IBM,F I,15,299.82
2025-12-31,10:05:04.315538514,T,IBM,I,1,299.82
2025-12-31,10:05:04.332790631,T,IBM,F I,34,299.76
2025-12-31,10:05:04.332799564,T,IBM,I,20,299.76
2025-12-31,10:05:04.332844663,T,IBM,I,20,299.75
2025-12-31,10:05:04.917646913,T,IBM,I,4,299.69
2025-12-31,10:05:05.051715096,T,IBM,I,1,299.67
2025-12-31,10:05:05.051979668,T,IBM,I,20,299.66
2025-12-31,10:05:05.051982769,T,IBM,I,20,299.65
2025-12-31,10:05:05.052000759,T,IBM,I,1,299.65
2025-12-31,10:05:05.150004074,T,IBM,I,19,299.65
2025-12-31,10:05:08.336669307,T,IBM,F I,20,299.61
2025-12-31,10:05:08.336690397,T,IBM,F,80,299.61
2025-12-31,10:05:08.337033149,T,IBM,I,20,299.58
2025-12-31,10:05:08.337571509,T,IBM,I,1,299.58
2025-12-31,10:05:08.337571509,T,IBM,I,1,299.58
2025-12-31,10:05:08.337703748,T,IBM,,40,299.59
2025-12-31,10:05:19.720142713,T,IBM,F I,1,299.55
2025-12-31,10:05:19.720145807,T,IBM,F I,3,299.55
2025-12-31,10:05:19.720242093,T,IBM,F I,2,299.55
2025-12-31,10:05:37.404708635,T,IBM,F I,20,299.5
2025-12-31,10:05:37.404712294,T,IBM,F I,1,299.5
2025-12-31,10:05:37.404712294,T,IBM,F I,1,299.5
2025-12-31,10:05:37.404726616,T,IBM,F I,4,299.5
2025-12-31,10:05:37.404732975,T,IBM,I,1,299.5
2025-12-31,10:05:37.404732975,T,IBM,I,3,299.5
2025-12-31,10:05:37.404804790,T,IBM,F I,1,299.5
2025-12-31,10:05:37.438136038,T,IBM,I,20,299.44
2025-12-31,10:05:42.114147719,T,IBM,F I,1,299.39
2025-12-31,10:05:42.437065586,T,IBM,,40,299.35
2025-12-31,10:05:42.437225659,T,IBM,F I,15,299.38
2025-12-31,10:05:42.442436184,T,IBM,F I,9,299.32
2025-12-31,10:05:42.443139854,T,IBM,F I,1,299.31
2025-12-31,10:05:42.443263231,T,IBM,F I,1,299.31
2025-12-31,10:05:42.443425624,T,IBM,F I,3,299.31
2025-12-31,10:05:42.443425624,T,IBM,F I,18,299.31
2025-12-31,10:05:42.506506795,T,IBM,I,20,299.345
2025-12-31,10:05:42.597936449,T,IBM,I,20,299.345
2025-12-31,10:05:45.090943318,T,IBM,,100,299.34
2025-12-31,10:05:45.763638762,T,IBM,F I,3,299.26
2025-12-31,10:05:48.030546434,T,IBM,I,21,299.33
2025-12-31,10:05:48.030546434,T,IBM,I,5,299.33
2025-12-31,10:05:48.030549349,T,IBM,I,2,299.33
2025-12-31,10:05:48.034404512,T,IBM,I,3,299.33
2025-12-31,10:05:48.078645790,T,IBM,I,5,299.33
2025-12-31,10:05:48.105159897,T,IBM,F,40,299.4
2025-12-31,10:05:48.105162884,T,IBM,F I,28,299.44
2025-12-31,10:05:48.105181025,T,IBM,F I,12,299.44
2025-12-31,10:05:48.105256153,T,IBM,F,80,299.45
2025-12-31,10:05:48.105259116,T,IBM,F I,1,299.45
2025-12-31,10:05:48.105791955,T,IBM,F I,8,299.46
2025-12-31,10:05:48.105795422,T,IBM,F I,10,299.47
2025-12-31,10:05:48.105798234,T,IBM,F I,8,299.47
2025-12-31,10:05:48.105798234,T,IBM,F I,3,299.47
2025-12-31,10:05:48.105800450,T,IBM,F,40,299.47
2025-12-31,10:05:48.105803434,T,IBM,F,40,299.47
2025-12-31,10:05:48.105869612,T,IBM,F,40,299.47
2025-12-31,10:05:48.106014474,T,IBM,I,16,299.44
2025-12-31,10:05:48.106014474,T,IBM,I,16,299.43
2025-12-31,10:05:48.106017236,T,IBM,I,1,299.43
2025-12-31,10:05:48.106104230,T,IBM,I,3,299.43
2025-12-31,10:05:48.106104230,T,IBM,I,13,299.43
2025-12-31,10:05:48.106182410,T,IBM,I,16,299.47
2025-12-31,10:05:48.106188749,T,IBM,I,2,299.47
2025-12-31,10:05:48.106188749,T,IBM,I,7,299.47
2025-12-31,10:05:48.106191533,T,IBM,I,4,299.47
2025-12-31,10:05:48.106191533,T,IBM,I,13,299.47
2025-12-31,10:05:48.106191533,T,IBM,I,28,299.47
2025-12-31,10:05:48.106206453,T,IBM,I,2,299.47
2025-12-31,10:05:48.106206453,T,IBM,I,7,299.47
2025-12-31,10:05:48.111661373,T,IBM,,40,299.46
2025-12-31,10:05:56.715972696,T,IBM,F,63,299.45
2025-12-31,10:05:56.716510967,T,IBM,F I,10,299.47
2025-12-31,10:05:56.723926677,T,IBM,F,40,299.48
2025-12-31,10:05:56.723962903,T,IBM,F,40,299.49
2025-12-31,10:05:56.723965856,T,IBM,F,40,299.49
2025-12-31,10:05:56.723965856,T,IBM,F I,3,299.49
2025-12-31,10:05:56.723968719,T,IBM,F,40,299.49
2025-12-31,10:05:56.723971839,T,IBM,F I,3,299.49
2025-12-31,10:05:56.723995856,T,IBM,F,40,299.49
2025-12-31,10:05:56.724001818,T,IBM,F I,30,299.49
2025-12-31,10:05:56.731029621,T,IBM,F,40,299.54
2025-12-31,10:05:56.731237164,T,IBM,F,40,299.56
2025-12-31,10:05:57.119698856,T,IBM,F I,4,299.63
2025-12-31,10:05:57.119731986,T,IBM,F I,1,299.64
2025-12-31,10:06:06.591683791,T,IBM,F I,3,299.57
2025-12-31,10:06:15.419120472,T,IBM,,100,299.575
2025-12-31,10:06:47.630455164,T,IBM,I,20,299.53
2025-12-31,10:06:47.630458154,T,IBM,I,20,299.53
2025-12-31,10:06:53.377189770,T,IBM,,40,299.52
2025-12-31,10:06:53.383276228,T,IBM,I,6,299.52
2025-12-31,10:06:59.321729468,T,IBM,F I,14,299.55
2025-12-31,10:07:02.198756355,T,IBM,F I,2,299.51
2025-12-31,10:07:03.213137290,T,IBM,F I,2,299.46
2025-12-31,10:07:03.213140219,T,IBM,F I,1,299.46
2025-12-31,10:07:03.213143207,T,IBM,F,40,299.46
2025-12-31,10:07:09.847034915,T,IBM,I,2,299.415
2025-12-31,10:07:09.847034915,T,IBM,I,20,299.415
2025-12-31,10:07:10.972608322,T,IBM,F I,5,299.415
2025-12-31,10:07:11.162110441,T,IBM,I,1,299.415
2025-12-31,10:07:23.572203855,T,IBM,F I,20,299.35
2025-12-31,10:07:23.572203855,T,IBM,F I,1,299.35
2025-12-31,10:07:23.572221850,T,IBM,I,1,299.35
2025-12-31,10:07:33.902488948,T,IBM,F,133,299.35
2025-12-31,10:07:45.699882704,T,IBM,F I,18,299.38
2025-12-31,10:07:45.702805714,T,IBM,I,3,299.375
2025-12-31,10:07:45.702805714,T,IBM,I,37,299.375
2025-12-31,10:07:45.705343677,T,IBM,I,3,299.375
2025-12-31,10:07:59.405384939,T,IBM,F I,5,299.34
2025-12-31,10:07:59.412310415,T,IBM,F I,20,299.31
2025-12-31,10:07:59.837092617,T,IBM,I,5,299.27
2025-12-31,10:08:10.695729625,T,IBM,,40,299.24
2025-12-31,10:08:16.450285915,T,IBM,I,2,299.23
2025-12-31,10:08:16.450285915,T,IBM,I,2,299.23
2025-12-31,10:08:16.450288959,T,IBM,I,4,299.23
2025-12-31,10:08:16.456029610,T,IBM,F I,2,299.28
2025-12-31,10:08:16.456041595,T,IBM,F,40,299.3
2025-12-31,10:08:22.245048038,T,IBM,F I,4,299.24
2025-12-31,10:08:22.245054093,T,IBM,F I,8,299.24
2025-12-31,10:08:22.344022656,T,IBM,I,2,299.295
2025-12-31,10:08:45.130507396,T,IBM,I,3,299.25
2025-12-31,10:08:51.043550006,T,IBM,,40,299.25
2025-12-31,10:08:57.060432812,T,IBM,F I,18,299.3
2025-12-31,10:08:57.473108302,T,IBM,I,10,299.27
2025-12-31,10:09:07.444949260,T,IBM,I,3,299.32
2025-12-31,10:09:18.462740185,T,IBM,,100,299.32
2025-12-31,10:09:21.820843486,T,IBM,F I,25,299.39
2025-12-31,10:09:21.820888677,T,IBM,F I,25,299.39
2025-12-31,10:09:21.821084089,T,IBM,F I,12,299.39
2025-12-31,10:09:21.821141596,T,IBM,F I,1,299.39
2025-12-31,10:09:21.821150189,T,IBM,F I,25,299.39
2025-12-31,10:09:21.821234397,T,IBM,F I,1,299.39
2025-12-31,10:09:21.821252528,T,IBM,I,11,299.39
2025-12-31,10:09:23.511838129,T,IBM,F I,12,299.44
2025-12-31,10:09:23.511841145,T,IBM,F,75,299.44
2025-12-31,10:09:23.511841145,T,IBM,F,47,299.44
2025-12-31,10:09:23.511853619,T,IBM,I,1,299.44
2025-12-31,10:09:23.511871567,T,IBM,I,22,299.44
2025-12-31,10:09:23.511871567,T,IBM,F I,5,299.44
2025-12-31,10:09:23.883721392,T,IBM,,40,299.41
2025-12-31,10:09:33.749915032,T,IBM,F I,7,299.41
2025-12-31,10:09:51.572840448,T,IBM,F,40,299.32
2025-12-31,10:09:51.572843532,T,IBM,F I,13,299.32
2025-12-31,10:09:51.572843532,T,IBM,F,80,299.32
2025-12-31,10:09:51.572888977,T,IBM,F,40,299.31
2025-12-31,10:09:51.573270514,T,IBM,F I,1,299.25
2025-12-31,10:09:51.573309547,T,IBM,F I,2,299.24
2025-12-31,10:09:51.573637353,T,IBM,F I,1,299.2
2025-12-31,10:09:51.573640704,T,IBM,F I,1,299.2
2025-12-31,10:09:51.588793389,T,IBM,I,20,299.21
2025-12-31,10:09:51.731371817,T,IBM,F,236,299.2
2025-12-31,10:09:51.731395942,T,IBM,,62,299.2
2025-12-31,10:09:51.731395942,T,IBM,,40,299.2
2025-12-31,10:09:51.731401928,T,IBM,I,4,299.2
2025-12-31,10:09:51.731401928,T,IBM,I,1,299.2
2025-12-31,10:09:51.731404962,T,IBM,I,16,299.2
2025-12-31,10:09:51.731404962,T,IBM,I,4,299.2
2025-12-31,10:10:10.971258313,T,IBM,F I,5,299.38
2025-12-31,10:10:10.971279281,T,IBM,F,50,299.39
2025-12-31,10:10:36.694796136,T,IBM,F I,11,299.33
2025-12-31,10:10:36.694796136,T,IBM,F I,30,299.32
2025-12-31,10:10:36.694801982,T,IBM,F I,30,299.32
2025-12-31,10:10:36.694804992,T,IBM,F I,11,299.32
2025-12-31,10:10:36.694817043,T,IBM,I,11,299.32
2025-12-31,10:10:36.694817043,T,IBM,I,5,299.32
2025-12-31,10:10:36.694819993,T,IBM,I,1,299.32
2025-12-31,10:10:36.694819993,T,IBM,I,4,299.32
2025-12-31,10:10:36.694874134,T,IBM,F,80,299.31
2025-12-31,10:10:36.695033507,T,IBM,I,7,299.32
2025-12-31,10:10:36.695033507,T,IBM,I,14,299.33
2025-12-31,10:10:48.528540474,T,IBM,I,5,299.285
2025-12-31,10:10:48.677358778,T,IBM,I,4,299.285
2025-12-31,10:10:52.019530070,T,IBM,F I,5,299.31
2025-12-31,10:11:02.079450670,T,IBM,I,1,299.44
2025-12-31,10:11:02.354704973,T,IBM,I,17,299.44
2025-12-31,10:11:02.361185468,T,IBM,F I,8,299.45
2025-12-31,10:11:02.361191483,T,IBM,F,40,299.46
2025-12-31,10:11:02.361212577,T,IBM,I,1,299.46
2025-12-31,10:11:02.361636439,T,IBM,I,39,299.46
2025-12-31,10:11:02.361639493,T,IBM,F I,30,299.47
2025-12-31,10:11:02.361684654,T,IBM,F I,33,299.48
2025-12-31,10:11:02.364601551,T,IBM,F,40,299.49
2025-12-31,10:11:02.365714294,T,IBM,F I,20,299.47
2025-12-31,10:11:04.293008365,T,IBM,I,33,299.5
2025-12-31,10:11:04.759926796,T,IBM,F I,13,299.51
2025-12-31,10:11:04.759947969,T,IBM,F I,20,299.51
2025-12-31,10:11:19.873272509,T,IBM,F I,20,299.45
2025-12-31,10:11:19.873308618,T,IBM,F I,2,299.42
2025-12-31,10:11:19.873341603,T,IBM,I,4,299.42
2025-12-31,10:11:48.890960233,T,IBM,F I,18,299.37
2025-12-31,10:11:48.890963491,T,IBM,F,40,299.37
2025-12-31,10:11:48.890967108,T,IBM,F I,10,299.37
2025-12-31,10:11:48.890967108,T,IBM,F,40,299.36
2025-12-31,10:11:48.890969051,T,IBM,F I,1,299.36
2025-12-31,10:11:48.891032182,T,IBM,F I,2,299.37
2025-12-31,10:11:51.589524154,T,IBM,F I,20,299.23
2025-12-31,10:11:52.294059390,T,IBM,I,7,299.21
2025-12-31,10:11:52.294062448,T,IBM,I,1,299.21
2025-12-31,10:11:52.294062448,T,IBM,I,20,299.21
2025-12-31,10:11:52.294092403,T,IBM,F I,18,299.2
2025-12-31,10:11:54.165621891,T,IBM,I,11,299.15
2025-12-31,10:11:54.165727076,T,IBM,I,11,299.13
2025-12-31,10:12:10.126965262,T,IBM,F I,20,299.16
2025-12-31,10:12:10.126992180,T,IBM,F I,30,299.16
2025-12-31,10:12:10.126992180,T,IBM,F I,16,299.17
2025-12-31,10:12:10.126995425,T,IBM,F I,25,299.17
2025-12-31,10:12:10.126998434,T,IBM,F I,3,299.18
2025-12-31,10:12:10.126998434,T,IBM,F I,27,299.18
2025-12-31,10:12:10.127016269,T,IBM,F I,13,299.18
2025-12-31,10:12:10.127019931,T,IBM,F,58,299.18
2025-12-31,10:12:26.037773289,T,IBM,I,33,299.28
2025-12-31,10:12:26.037794332,T,IBM,F,40,299.29
2025-12-31,10:12:26.037824844,T,IBM,F,40,299.29
2025-12-31,10:12:26.037827693,T,IBM,F,50,299.29
2025-12-31,10:12:26.037983814,T,IBM,F I,38,299.29
2025-12-31,10:12:41.141156254,T,IBM,,40,299.39
2025-12-31,10:13:12.548157451,T,IBM,F,40,299.47
2025-12-31,10:13:12.570641939,T,IBM,F I,17,299.47
2025-12-31,10:13:12.570663141,T,IBM,F I,23,299.47
2025-12-31,10:13:12.570663141,T,IBM,F I,23,299.47
2025-12-31,10:13:12.570666145,T,IBM,F I,17,299.47
2025-12-31,10:13:12.570669078,T,IBM,F I,5,299.47
2025-12-31,10:13:13.391824831,T,IBM,I,20,299.44
2025-12-31,10:13:13.392110512,T,IBM,,70,299.42
2025-12-31,10:13:31.926021569,T,IBM,F I,5,299.48
2025-12-31,10:13:31.926021569,T,IBM,F I,5,299.47
2025-12-31,10:13:31.926024549,T,IBM,F I,20,299.44
2025-12-31,10:13:31.926027418,T,IBM,F I,4,299.42
2025-12-31,10:13:31.926264915,T,IBM,,40,299.48
2025-12-31,10:13:39.317996586,T,IBM,F I,4,299.39
2025-12-31,10:13:59.405958639,T,IBM,F I,25,299.3
2025-12-31,10:14:14.376118457,T,IBM,I,22,299.315
2025-12-31,10:15:39.061000531,T,IBM,F I,5,299.23
2025-12-31,10:15:39.061003618,T,IBM,F I,1,299.2
2025-12-31,10:15:39.061006499,T,IBM,F I,8,299.2
2025-12-31,10:15:39.061021974,T,IBM,F I,2,299.2
2025-12-31,10:15:39.061024490,T,IBM,F I,20,299.2
2025-12-31,10:15:39.061048561,T,IBM,I,1,299.2
2025-12-31,10:15:43.463448105,T,IBM,F,40,299.37
2025-12-31,10:15:43.463448105,T,IBM,F I,30,299.37
2025-12-31,10:15:44.435124132,T,IBM,F I,20,299.45
2025-12-31,10:15:44.435202313,T,IBM,F I,6,299.47
2025-12-31,10:15:44.435238427,T,IBM,I,34,299.47
2025-12-31,10:15:44.435379685,T,IBM,F,40,299.47
2025-12-31,10:15:44.438636535,T,IBM,I,14,299.475
2025-12-31,10:15:44.440455797,T,IBM,,40,299.47
2025-12-31,10:15:48.274174455,T,IBM,I,10,299.44
2025-12-31,10:15:48.274174455,T,IBM,I,5,299.44
2025-12-31,10:15:48.274980308,T,IBM,F I,1,299.4
2025-12-31,10:16:12.063164554,T,IBM,I,20,299.33
2025-12-31,10:16:20.050647610,T,IBM,F I,1,299.29
2025-12-31,10:16:35.708908562,T,IBM,F I,1,299.32
2025-12-31,10:16:35.708923617,T,IBM,F I,19,299.32
2025-12-31,10:16:35.708926742,T,IBM,F I,4,299.32
2025-12-31,10:16:35.708929604,T,IBM,F I,10,299.32
2025-12-31,10:16:36.330749955,T,IBM,I,3,299.34
2025-12-31,10:16:50.060417870,T,IBM,,40,299.31
2025-12-31,10:16:50.062005965,T,IBM,F I,1,299.3
2025-12-31,10:16:50.062009038,T,IBM,F,70,299.3
2025-12-31,10:16:50.062098926,T,IBM,F I,1,299.3
2025-12-31,10:17:37.397139820,T,IBM,,40,299.29
2025-12-31,10:17:37.982090119,T,IBM,I,5,299.35
2025-12-31,10:17:37.982092837,T,IBM,I,30,299.39
2025-12-31,10:17:37.982095428,T,IBM,I,4,299.4
2025-12-31,10:17:37.982095428,T,IBM,I,5,299.4
2025-12-31,10:17:37.982630695,T,IBM,I,35,299.4
2025-12-31,10:17:37.989577163,T,IBM,F I,17,299.4
2025-12-31,10:17:37.989634327,T,IBM,I,10,299.38
2025-12-31,10:17:41.460127156,T,IBM,F,40,299.41
2025-12-31,10:17:41.460392198,T,IBM,F,40,299.42
2025-12-31,10:17:41.460427924,T,IBM,F,40,299.44
2025-12-31,10:17:41.460461008,T,IBM,F,40,299.44
2025-12-31,10:17:41.460497054,T,IBM,F,40,299.44
2025-12-31,10:17:41.460611368,T,IBM,F,40,299.44
2025-12-31,10:17:41.460794820,T,IBM,F,40,299.44
2025-12-31,10:17:41.460818877,T,IBM,F I,1,299.44
2025-12-31,10:17:41.460828151,T,IBM,F I,39,299.44
2025-12-31,10:17:41.460839924,T,IBM,F I,12,299.44
2025-12-31,10:17:41.460930118,T,IBM,F I,25,299.45
2025-12-31,10:17:43.917072586,T,IBM,I,9,299.45
2025-12-31,10:17:53.742795346,T,IBM,F,70,299.43
2025-12-31,10:17:53.742798326,T,IBM,F I,10,299.42
2025-12-31,10:17:53.742801349,T,IBM,,70,299.42
2025-12-31,10:17:53.743120181,T,IBM,F,80,299.41
2025-12-31,10:17:53.743144225,T,IBM,F,77,299.4
2025-12-31,10:17:53.743923113,T,IBM,I,23,299.4
2025-12-31,10:18:04.070482551,T,IBM,I,30,299.41
2025-12-31,10:18:06.438917762,T,IBM,I,10,299.405
2025-12-31,10:18:06.556115856,T,IBM,I,7,299.41
2025-12-31,10:18:10.058827426,T,IBM,I,8,299.405
2025-12-31,10:18:11.953343896,T,IBM,F,40,299.48
2025-12-31,10:18:11.953346369,T,IBM,F,40,299.48
2025-12-31,10:18:15.200575806,T,IBM,I,20,299.48
2025-12-31,10:18:16.836178476,T,IBM,F I,10,299.43
2025-12-31,10:18:16.836196594,T,IBM,F I,20,299.43
2025-12-31,10:18:16.836196594,T,IBM,F I,1,299.43
2025-12-31,10:18:18.887466886,T,IBM,I,17,299.42
2025-12-31,10:18:31.520913951,T,IBM,I,26,299.41
2025-12-31,10:18:31.520989183,T,IBM,F I,2,299.41
2025-12-31,10:18:31.521566502,T,IBM,F I,2,299.41
2025-12-31,10:18:31.925566271,T,IBM,I,4,299.41
2025-12-31,10:18:31.925852361,T,IBM,F,80,299.4
2025-12-31,10:18:31.925852361,T,IBM,F I,17,299.4
2025-12-31,10:18:39.001780931,T,IBM,I,14,299.33
2025-12-31,10:18:39.001780931,T,IBM,,80,299.33
2025-12-31,10:18:39.001798945,T,IBM,I,1,299.33
2025-12-31,10:18:39.001798945,T,IBM,I,18,299.33
2025-12-31,10:18:39.002075641,T,IBM,F I,20,299.32
2025-12-31,10:19:43.671315992,T,IBM,F I,1,299.31
2025-12-31,10:19:43.671318725,T,IBM,F I,10,299.31
2025-12-31,10:19:43.671378975,T,IBM,F,41,299.31
2025-12-31,10:19:43.799234198,T,IBM,F I,30,299.37
2025-12-31,10:19:43.799237294,T,IBM,F I,10,299.38
2025-12-31,10:19:43.799288455,T,IBM,I,30,299.38
2025-12-31,10:19:44.148720261,T,IBM,I,20,299.34
2025-12-31,10:19:53.346687053,T,IBM,F I,2,299.38
2025-12-31,10:19:58.833095006,T,IBM,I,5,299.35
2025-12-31,10:19:59.311323830,T,IBM,F,100,299.38
2025-12-31,10:19:59.311323830,T,IBM,F,40,299.38
2025-12-31,10:19:59.311326952,T,IBM,,140,299.38
2025-12-31,10:19:59.311344564,T,IBM,,40,299.38
2025-12-31,10:19:59.311347483,T,IBM,I,20,299.38
2025-12-31,10:19:59.311347483,T,IBM,,40,299.38
2025-12-31,10:19:59.316706230,T,IBM,I,30,299.39
2025-12-31,10:19:59.316706230,T,IBM,,50,299.38
2025-12-31,10:20:01.906850312,T,IBM,F I,4,299.38
2025-12-31,10:20:01.906856524,T,IBM,F,80,299.37
2025-12-31,10:20:01.906856524,T,IBM,F I,7,299.37
2025-12-31,10:20:14.220750902,T,IBM,F I,21,299.44
2025-12-31,10:20:14.221021636,T,IBM,F I,6,299.47
2025-12-31,10:20:14.221039660,T,IBM,F I,14,299.47
2025-12-31,10:20:14.329976991,T,IBM,I,12,299.52
2025-12-31,10:20:14.334217078,T,IBM,F I,3,299.55
2025-12-31,10:20:14.337936895,T,IBM,I,2,299.57
2025-12-31,10:20:14.337960932,T,IBM,F I,20,299.57
2025-12-31,10:20:17.342238916,T,IBM,I,2,299.57
2025-12-31,10:20:17.342238916,T,IBM,I,10,299.57
2025-12-31,10:20:17.342323122,T,IBM,I,7,299.57
2025-12-31,10:20:17.342861443,T,IBM,F,80,299.56
2025-12-31,10:21:14.018027142,T,IBM,I,20,299.5
2025-12-31,10:21:14.018027142,T,IBM,,40,299.5
2025-12-31,10:21:14.018029715,T,IBM,,40,299.5
2025-12-31,10:21:14.018029715,T,IBM,I,2,299.49
2025-12-31,10:21:14.018203852,T,IBM,F I,18,299.48
2025-12-31,10:21:14.018299909,T,IBM,F I,14,299.48
2025-12-31,10:21:14.018348150,T,IBM,F I,26,299.48
2025-12-31,10:21:14.018366250,T,IBM,I,1,299.48
2025-12-31,10:21:14.018372087,T,IBM,F,53,299.48
2025-12-31,10:21:14.018372087,T,IBM,F I,1,299.48
2025-12-31,10:21:19.409401945,T,IBM,F I,9,299.41
2025-12-31,10:21:19.409405295,T,IBM,F I,20,299.4
2025-12-31,10:21:19.409407929,T,IBM,F I,9,299.4
2025-12-31,10:21:19.409429156,T,IBM,F I,20,299.4
2025-12-31,10:21:19.409429156,T,IBM,I,1,299.4
2025-12-31,10:21:19.409444032,T,IBM,I,1,299.4
2025-12-31,10:21:19.409450094,T,IBM,F I,9,299.4
2025-12-31,10:21:21.433204808,T,IBM,I,5,299.43
2025-12-31,10:21:21.433222813,T,IBM,I,3,299.43
2025-12-31,10:21:21.433280173,T,IBM,I,10,299.43
2025-12-31,10:21:43.865178385,T,IBM,I,5,299.4
2025-12-31,10:21:46.834260578,T,IBM,F I,20,299.38
2025-12-31,10:21:46.834264413,T,IBM,F I,1,299.35
2025-12-31,10:21:46.834264413,T,IBM,F I,10,299.35
2025-12-31,10:21:46.834266662,T,IBM,F I,1,299.35
2025-12-31,10:21:46.834603371,T,IBM,F I,8,299.31
2025-12-31,10:21:46.834603371,T,IBM,F I,1,299.31
2025-12-31,10:21:46.834609367,T,IBM,I,9,299.31
2025-12-31,10:21:46.834609367,T,IBM,I,26,299.31
2025-12-31,10:21:46.834633493,T,IBM,I,1,299.31
2025-12-31,10:21:46.834690590,T,IBM,F I,1,299.31
2025-12-31,10:21:46.872484602,T,IBM,I,15,299.35
2025-12-31,10:21:46.876992311,T,IBM,F I,30,299.35
2025-12-31,10:21:46.876992311,T,IBM,F I,8,299.31
2025-12-31,10:21:58.534971856,T,IBM,F,57,299.4
2025-12-31,10:21:58.534974282,T,IBM,F I,10,299.4
2025-12-31,10:21:58.534977322,T,IBM,F I,10,299.4
2025-12-31,10:22:00.868099704,T,IBM,I,1,299.42
2025-12-31,10:22:12.642076602,T,IBM,I,8,299.44
2025-12-31,10:22:12.644942457,T,IBM,I,8,299.45
2025-12-31,10:22:12.644954402,T,IBM,I,2,299.42
2025-12-31,10:22:44.931522887,T,IBM,I,1,299.41
2025-12-31,10:22:44.931525850,T,IBM,I,2,299.41
2025-12-31,10:22:44.931528835,T,IBM,I,1,299.41
2025-12-31,10:22:44.931528835,T,IBM,I,4,299.41
2025-12-31,10:22:55.393762149,T,IBM,I,39,299.4
2025-12-31,10:23:14.028929991,T,IBM,I,16,299.33
2025-12-31,10:23:20.016658266,T,IBM,I,6,299.32
2025-12-31,10:23:20.016691860,T,IBM,I,2,299.31
2025-12-31,10:23:20.016961986,T,IBM,,80,299.31
2025-12-31,10:23:27.774473034,T,IBM,F I,1,299.29
2025-12-31,10:23:27.774475377,T,IBM,F,40,299.29
2025-12-31,10:23:27.775329374,T,IBM,F I,3,299.27
2025-12-31,10:23:29.491656231,T,IBM,F I,3,299.28
2025-12-31,10:23:31.276074329,T,IBM,I,10,299.34
2025-12-31,10:23:48.016849567,T,IBM,F I,10,299.35
2025-12-31,10:23:48.016849567,T,IBM,F I,6,299.35
2025-12-31,10:23:48.016853264,T,IBM,F I,16,299.35
2025-12-31,10:23:48.016855562,T,IBM,F I,16,299.35
2025-12-31,10:24:39.289360997,T,IBM,F I,20,299.33
2025-12-31,10:24:39.289376014,T,IBM,I,1,299.33
2025-12-31,10:24:39.291568201,T,IBM,I,9,299.33
2025-12-31,10:24:39.292253879,T,IBM,I,2,299.31
2025-12-31,10:24:39.330113990,T,IBM,F I,12,299.3
2025-12-31,10:24:39.380369709,T,IBM,I,8,299.35
2025-12-31,10:24:40.244690253,T,IBM,F I,8,299.36
2025-12-31,10:24:41.978121731,T,IBM,,62,299.43
2025-12-31,10:24:41.978148956,T,IBM,I,8,299.43
2025-12-31,10:24:41.978148956,T,IBM,,56,299.43
2025-12-31,10:24:42.163708575,T,IBM,I,12,299.29
2025-12-31,10:25:00.124845697,T,IBM,,67,299.25
2025-12-31,10:25:00.124845697,T,IBM,,80,299.25
2025-12-31,10:25:00.991947882,T,IBM,F I,9,299.29
2025-12-31,10:25:01.075595038,T,IBM,F I,7,299.25
2025-12-31,10:25:01.075598260,T,IBM,F I,10,299.25
2025-12-31,10:25:01.075601009,T,IBM,F I,14,299.23
2025-12-31,10:25:01.531035298,T,IBM,F I,30,299.25
2025-12-31,10:25:01.531035298,T,IBM,F I,2,299.28
2025-12-31,10:25:01.531399099,T,IBM,F,80,299.28
2025-12-31,10:25:01.531477371,T,IBM,F,76,299.28
2025-12-31,10:25:01.531480289,T,IBM,F I,31,299.28
2025-12-31,10:25:01.996717875,T,IBM,F I,8,299.28
2025-12-31,10:25:01.997180882,T,IBM,F I,8,299.3
2025-12-31,10:25:01.997207955,T,IBM,F I,2,299.3
2025-12-31,10:25:01.997207955,T,IBM,F,40,299.3
2025-12-31,10:25:02.054286924,T,IBM,F I,20,299.27
2025-12-31,10:25:02.054289831,T,IBM,F I,16,299.25
2025-12-31,10:25:02.054292926,T,IBM,F I,2,299.24
2025-12-31,10:25:04.183196020,T,IBM,I,10,299.3
2025-12-31,10:25:24.560455641,T,IBM,I,1,299.285
2025-12-31,10:25:51.976072785,T,IBM,I,30,299.34
2025-12-31,10:25:51.976093810,T,IBM,I,30,299.34
2025-12-31,10:25:52.587698765,T,IBM,I,10,299.34
2025-12-31,10:25:52.588333261,T,IBM,I,4,299.34
2025-12-31,10:25:52.588357459,T,IBM,F I,4,299.34
2025-12-31,10:25:52.588360418,T,IBM,I,4,299.34
2025-12-31,10:25:52.588366434,T,IBM,I,4,299.34
2025-12-31,10:25:52.588471615,T,IBM,F I,4,299.34
2025-12-31,10:25:52.588486772,T,IBM,I,3,299.34
2025-12-31,10:25:52.588489785,T,IBM,I,1,299.35
2025-12-31,10:25:52.588495770,T,IBM,I,3,299.35
2025-12-31,10:25:52.588495770,T,IBM,I,4,299.35
2025-12-31,10:25:52.588552834,T,IBM,I,4,299.36
2025-12-31,10:25:52.588555828,T,IBM,F I,4,299.36
2025-12-31,10:25:52.588561939,T,IBM,I,4,299.36
2025-12-31,10:25:52.588561939,T,IBM,F I,4,299.36
2025-12-31,10:25:52.588571022,T,IBM,I,4,299.36
2025-12-31,10:26:25.924417549,T,IBM,I,5,299.39
2025-12-31,10:28:03.315922154,T,IBM,I,16,299.46
2025-12-31,10:28:03.315925326,T,IBM,I,5,299.46
2025-12-31,10:28:03.315928158,T,IBM,I,11,299.46
2025-12-31,10:28:03.315949261,T,IBM,F I,32,299.46
2025-12-31,10:28:03.316222956,T,IBM,,100,299.435
2025-12-31,10:28:03.316307538,T,IBM,F I,5,299.42
2025-12-31,10:28:03.316310240,T,IBM,F I,28,299.42
2025-12-31,10:28:03.316334145,T,IBM,F I,2,299.42
2025-12-31,10:28:03.316382608,T,IBM,F I,29,299.4
2025-12-31,10:28:03.316385988,T,IBM,F I,3,299.4
2025-12-31,10:28:03.316388398,T,IBM,F I,1,299.4
2025-12-31,10:28:03.316406290,T,IBM,I,1,299.4
2025-12-31,10:28:03.325277392,T,IBM,F I,5,299.4
2025-12-31,10:28:03.325292524,T,IBM,F I,7,299.4
2025-12-31,10:28:04.254844845,T,IBM,F I,14,299.38
2025-12-31,10:28:08.937838681,T,IBM,F,40,299.32
2025-12-31,10:28:18.155989116,T,IBM,I,10,299.25
2025-12-31,10:28:18.156698837,T,IBM,,40,299.23
2025-12-31,10:28:20.766476618,T,IBM,I,5,299.24
2025-12-31,10:28:20.766494726,T,IBM,F I,1,299.25
2025-12-31,10:28:22.895731586,T,IBM,I,9,299.18
2025-12-31,10:28:23.034454812,T,IBM,,96,299.23
2025-12-31,10:28:24.349506371,T,IBM,F I,12,299.3
2025-12-31,10:28:24.349554976,T,IBM,F I,5,299.3
2025-12-31,10:28:24.349557637,T,IBM,F I,7,299.31
2025-12-31,10:28:24.349566555,T,IBM,I,5,299.31
2025-12-31,10:28:24.352606863,T,IBM,,40,299.28
2025-12-31,10:28:48.206352603,T,IBM,F I,18,299.31
2025-12-31,10:28:48.206653176,T,IBM,F I,8,299.32
2025-12-31,10:28:49.284073063,T,IBM,F I,1,299.34
2025-12-31,10:29:04.221695405,T,IBM,F I,2,299.325
2025-12-31,10:29:34.125811488,T,IBM,F I,2,299.24
2025-12-31,10:29:34.125811488,T,IBM,F I,1,299.24
2025-12-31,10:29:34.125832434,T,IBM,I,3,299.24
2025-12-31,10:29:34.689512365,T,IBM,I,1,299.24
2025-12-31,10:29:57.520779145,T,IBM,F I,20,299.275
2025-12-31,10:30:06.026464783,T,IBM,I,5,299.275
2025-12-31,10:30:08.488927950,T,IBM,F I,1,299.35
2025-12-31,10:30:08.488942877,T,IBM,F I,39,299.35
2025-12-31,10:30:08.488946019,T,IBM,F I,1,299.37
2025-12-31,10:30:08.532988748,T,IBM,F,40,299.38
2025-12-31,10:30:08.533009790,T,IBM,I,6,299.38
2025-12-31,10:30:08.533009790,T,IBM,I,1,299.38
2025-12-31,10:30:08.533024835,T,IBM,F I,33,299.38
2025-12-31,10:30:08.533024835,T,IBM,F I,7,299.38
2025-12-31,10:30:08.533030948,T,IBM,F I,18,299.38
2025-12-31,10:30:08.533030948,T,IBM,F I,16,299.38
2025-12-31,10:30:08.533033895,T,IBM,F I,4,299.38
2025-12-31,10:30:38.910796021,T,IBM,I,1,299.32
2025-12-31,10:30:38.910853170,T,IBM,I,3,299.31
2025-12-31,10:30:38.910853170,T,IBM,I,13,299.31
2025-12-31,10:30:38.910871360,T,IBM,F I,1,299.31
2025-12-31,10:30:46.251920313,T,IBM,F I,7,299.22
2025-12-31,10:30:46.252584896,T,IBM,F I,1,299.2
2025-12-31,10:30:46.252593773,T,IBM,F I,1,299.2
2025-12-31,10:30:54.286329845,T,IBM,F I,1,299.18
2025-12-31,10:31:05.600605595,T,IBM,I,2,299.18
2025-12-31,10:31:05.600605595,T,IBM,I,1,299.18
2025-12-31,10:31:05.614510644,T,IBM,I,4,299.17
2025-12-31,10:31:06.019536249,T,IBM,F I,1,299.15
2025-12-31,10:31:06.019536249,T,IBM,F I,14,299.14
2025-12-31,10:31:06.019686265,T,IBM,F I,1,299.14
2025-12-31,10:31:06.418483576,T,IBM,F I,20,299.11
2025-12-31,10:31:06.418483576,T,IBM,F I,20,299.11
2025-12-31,10:31:33.670673947,T,IBM,I,2,299.13
2025-12-31,10:31:33.670926457,T,IBM,I,5,299.13
2025-12-31,10:31:47.994884297,T,IBM,F I,1,299.09
2025-12-31,10:31:47.994887331,T,IBM,F I,9,299.09
2025-12-31,10:31:47.994887331,T,IBM,F I,10,299.09
2025-12-31,10:31:48.120718607,T,IBM,F I,20,299.05
2025-12-31,10:31:48.120721662,T,IBM,F I,9,299.05
2025-12-31,10:31:48.120739667,T,IBM,F I,9,299.05
2025-12-31,10:31:48.120739667,T,IBM,I,1,299.05
2025-12-31,10:31:51.654253587,T,IBM,F,40,299.07
2025-12-31,10:32:04.318909036,T,IBM,,100,299.055
2025-12-31,10:32:05.456832927,T,IBM,,100,299.055
2025-12-31,10:32:07.559390336,T,IBM,F I,29,299.065
2025-12-31,10:32:07.559393268,T,IBM,I,29,299.065
2025-12-31,10:32:07.559403086,T,IBM,F I,29,299.065
2025-12-31,10:32:07.559403086,T,IBM,F I,24,299.065
2025-12-31,10:32:07.559406326,T,IBM,F I,5,299.1
2025-12-31,10:32:07.559408472,T,IBM,F I,17,299.1
2025-12-31,10:32:07.559441389,T,IBM,I,8,299.1
2025-12-31,10:32:07.559444466,T,IBM,I,21,299.11
2025-12-31,10:32:07.559471433,T,IBM,F I,3,299.11
2025-12-31,10:32:07.559471433,T,IBM,F I,5,299.11
2025-12-31,10:32:07.559475608,T,IBM,F I,21,299.11
2025-12-31,10:32:07.559475608,T,IBM,I,1,299.11
2025-12-31,10:32:07.559489585,T,IBM,F I,23,299.11
2025-12-31,10:32:07.559558621,T,IBM,I,9,299.08
2025-12-31,10:32:07.559585955,T,IBM,F I,1,299.08
2025-12-31,10:32:07.559622102,T,IBM,F I,33,299.06
2025-12-31,10:32:07.559676054,T,IBM,F I,11,299.06
2025-12-31,10:32:07.559745114,T,IBM,F I,29,299.06
2025-12-31,10:32:07.559799275,T,IBM,,60,299.06
2025-12-31,10:32:07.559802342,T,IBM,I,20,299.07
2025-12-31,10:32:07.559844372,T,IBM,F,70,299.07
2025-12-31,10:32:07.559844372,T,IBM,F I,2,299.07
2025-12-31,10:32:07.559848010,T,IBM,F I,16,299.07
2025-12-31,10:32:07.559952628,T,IBM,I,8,299.07
2025-12-31,10:32:07.559952628,T,IBM,I,7,299.07
2025-12-31,10:32:07.559959325,T,IBM,I,18,299.07
2025-12-31,10:32:07.559961642,T,IBM,I,17,299.07
2025-12-31,10:32:07.559973795,T,IBM,I,18,299.07
2025-12-31,10:32:07.559976715,T,IBM,F I,35,299.07
2025-12-31,10:32:07.559979663,T,IBM,F I,4,299.07
2025-12-31,10:32:07.560100023,T,IBM,F I,29,299.09
2025-12-31,10:32:07.560617228,T,IBM,I,29,299.08
2025-12-31,10:32:07.560864026,T,IBM,F I,5,299.09
2025-12-31,10:32:07.560866877,T,IBM,F,87,299.09
2025-12-31,10:32:07.567248036,T,IBM,I,30,299.08
2025-12-31,10:32:07.567278038,T,IBM,I,30,299.06
2025-12-31,10:32:07.569900285,T,IBM,,45,299.06
2025-12-31,10:32:07.577376091,T,IBM,I,7,299.06
2025-12-31,10:32:07.577427223,T,IBM,,66,299.06
2025-12-31,10:32:07.791729406,T,IBM,I,2,299.05
2025-12-31,10:32:07.791789492,T,IBM,F I,4,299.04
2025-12-31,10:32:07.791799036,T,IBM,I,2,299.04
2025-12-31,10:32:07.791819679,T,IBM,F I,2,299.03
2025-12-31,10:32:07.791819679,T,IBM,F I,2,299.02
2025-12-31,10:32:07.791885821,T,IBM,,70,299.02
2025-12-31,10:32:07.792228628,T,IBM,F I,2,299.035
2025-12-31,10:32:08.591922310,T,IBM,F I,2,299.04
2025-12-31,10:32:08.591925353,T,IBM,F I,31,299.04
2025-12-31,10:32:09.139910797,T,IBM,I,15,299.01
2025-12-31,10:32:31.498672713,T,IBM,F,40,299.08
2025-12-31,10:32:31.498675272,T,IBM,F I,4,299.08
2025-12-31,10:32:31.498675272,T,IBM,I,26,299.08
2025-12-31,10:32:31.498680990,T,IBM,I,14,299.08
2025-12-31,10:32:31.498680990,T,IBM,I,13,299.08
2025-12-31,10:32:31.498680990,T,IBM,I,1,299.08
2025-12-31,10:32:31.519249797,T,IBM,I,7,299.09
2025-12-31,10:32:31.519309971,T,IBM,I,1,299.09
2025-12-31,10:32:31.769935620,T,IBM,I,1,299.08
2025-12-31,10:32:32.212198467,T,IBM,I,8,299.09
2025-12-31,10:32:32.212216494,T,IBM,F I,4,299.09
2025-12-31,10:32:32.318742090,T,IBM,F I,8,299.1
2025-12-31,10:32:32.319105939,T,IBM,F I,8,299.1
2025-12-31,10:32:38.180022442,T,IBM,F I,5,299.095
2025-12-31,10:32:38.180025447,T,IBM,F I,3,299.1
2025-12-31,10:32:38.180052501,T,IBM,F I,8,299.1
2025-12-31,10:32:38.180169727,T,IBM,I,1,299.1
2025-12-31,10:32:38.180257351,T,IBM,F I,2,299.1
2025-12-31,10:32:38.180257351,T,IBM,F I,1,299.12
2025-12-31,10:32:38.180257351,T,IBM,F I,2,299.12
2025-12-31,10:32:38.180260000,T,IBM,F I,3,299.12
2025-12-31,10:32:42.349234595,T,IBM,F I,10,299.075
2025-12-31,10:32:42.358839440,T,IBM,F I,2,299.12
2025-12-31,10:32:42.359155264,T,IBM,F I,1,299.13
2025-12-31,10:32:42.359161243,T,IBM,F,40,299.13
2025-12-31,10:32:42.359161243,T,IBM,F I,8,299.13
2025-12-31,10:32:42.359164906,T,IBM,F I,20,299.13
2025-12-31,10:32:42.359164906,T,IBM,F,40,299.13
2025-12-31,10:32:42.365374005,T,IBM,F I,20,299.13
2025-12-31,10:32:42.366015227,T,IBM,F,40,299.13
2025-12-31,10:32:44.130176392,T,IBM,F I,5,299.14
2025-12-31,10:33:04.258022715,T,IBM,I,2,299.1
2025-12-31,10:33:19.308290260,T,IBM,F,65,299.08
2025-12-31,10:33:19.308419658,T,IBM,I,7,299.08
2025-12-31,10:33:33.716776253,T,IBM,F I,5,299.03
2025-12-31,10:33:35.683196765,T,IBM,F,48,299.0
2025-12-31,10:33:35.683209095,T,IBM,F I,2,299.0
2025-12-31,10:33:35.683211870,T,IBM,F I,2,299.0
2025-12-31,10:33:35.683214873,T,IBM,F I,20,299.0
2025-12-31,10:33:35.683214873,T,IBM,F I,5,299.0
2025-12-31,10:33:35.683861683,T,IBM,F I,11,298.99
2025-12-31,10:33:35.683864345,T,IBM,F I,25,298.99
2025-12-31,10:33:35.683867044,T,IBM,F I,2,298.97
2025-12-31,10:33:35.683876214,T,IBM,F I,20,298.96
2025-12-31,10:33:35.683888042,T,IBM,F I,10,298.95
2025-12-31,10:33:35.684369295,T,IBM,F I,8,298.94
2025-12-31,10:33:36.735236008,T,IBM,F I,3,298.92
2025-12-31,10:33:37.084093541,T,IBM,F I,14,299.0
2025-12-31,10:33:37.084099538,T,IBM,F I,4,299.0
2025-12-31,10:33:37.084159590,T,IBM,F I,18,299.01
2025-12-31,10:33:37.330166224,T,IBM,F I,24,299.02
2025-12-31,10:33:37.330190360,T,IBM,F I,24,299.02
2025-12-31,10:33:39.505045775,T,IBM,F I,2,299.07
2025-12-31,10:33:39.505132932,T,IBM,F I,16,299.07
2025-12-31,10:33:39.505132932,T,IBM,F I,24,299.08
2025-12-31,10:33:39.505151049,T,IBM,I,1,299.08
2025-12-31,10:33:39.505169449,T,IBM,I,15,299.08
2025-12-31,10:33:39.505172071,T,IBM,I,1,299.08
2025-12-31,10:33:39.505316437,T,IBM,F I,1,299.08
2025-12-31,10:33:39.505505948,T,IBM,F I,30,299.1
2025-12-31,10:33:39.505905760,T,IBM,I,2,299.1
2025-12-31,10:33:45.662705692,T,IBM,,40,299.13
2025-12-31,10:33:45.662724548,T,IBM,I,1,299.13
2025-12-31,10:33:45.662736180,T,IBM,F I,39,299.13
2025-12-31,10:33:45.662736180,T,IBM,F I,1,299.13
2025-12-31,10:33:45.662738765,T,IBM,F I,17,299.13
2025-12-31,10:33:45.663292103,T,IBM,F I,2,299.16
2025-12-31,10:33:45.690801595,T,IBM,F I,20,299.18
2025-12-31,10:33:45.711352578,T,IBM,F,40,299.21
2025-12-31,10:34:17.388574126,T,IBM,F I,2,299.3
2025-12-31,10:34:17.543042836,T,IBM,I,5,299.34
2025-12-31,10:34:26.614708838,T,IBM,I,25,299.38
2025-12-31,10:34:26.614708838,T,IBM,I,8,299.38
2025-12-31,10:34:34.961574545,T,IBM,F,40,299.31
2025-12-31,10:34:34.961577413,T,IBM,F I,3,299.3
2025-12-31,10:34:52.298771734,T,IBM,I,1,299.35
2025-12-31,10:34:54.030308881,T,IBM,I,4,299.35
2025-12-31,10:34:54.030308881,T,IBM,I,20,299.35
2025-12-31,10:34:54.030311873,T,IBM,I,22,299.31
2025-12-31,10:34:55.881287236,T,IBM,F I,11,299.31
2025-12-31,10:34:55.881290225,T,IBM,F I,2,299.3
2025-12-31,10:34:55.881293328,T,IBM,F I,29,299.3
2025-12-31,10:34:55.881305373,T,IBM,I,1,299.3
2025-12-31,10:34:55.881542912,T,IBM,I,10,299.3
2025-12-31,10:34:55.881564764,T,IBM,I,7,299.3
2025-12-31,10:35:29.303232592,T,IBM,I,20,299.31
2025-12-31,10:35:31.960794147,T,IBM,I,1,299.28
2025-12-31,10:35:50.193859812,T,IBM,F I,1,299.3
2025-12-31,10:36:06.951556098,T,IBM,,40,299.33
2025-12-31,10:36:06.952334977,T,IBM,F I,11,299.34
2025-12-31,10:36:06.952338057,T,IBM,F I,29,299.35
2025-12-31,10:36:06.952356463,T,IBM,F I,11,299.35
2025-12-31,10:36:06.952356463,T,IBM,F I,1,299.35
2025-12-31,10:36:35.761915464,T,IBM,F,40,299.38
2025-12-31,10:36:35.761918374,T,IBM,F I,5,299.38
2025-12-31,10:36:35.761924377,T,IBM,F I,35,299.38
2025-12-31,10:36:35.761924377,T,IBM,F I,5,299.38
2025-12-31,10:36:35.761930353,T,IBM,F I,1,299.38
2025-12-31,10:36:35.761933915,T,IBM,I,8,299.38
2025-12-31,10:36:35.761936837,T,IBM,I,1,299.38
2025-12-31,10:36:35.761939314,T,IBM,I,34,299.38
2025-12-31,10:36:35.761939314,T,IBM,I,6,299.38
2025-12-31,10:36:35.761942439,T,IBM,I,34,299.38
2025-12-31,10:36:35.767007232,T,IBM,F I,18,299.42
2025-12-31,10:36:36.765043357,T,IBM,I,5,299.415
2025-12-31,10:36:36.765043357,T,IBM,I,7,299.47
2025-12-31,10:36:36.765816155,T,IBM,I,5,299.47
2025-12-31,10:36:37.767476741,T,IBM,F I,9,299.46
2025-12-31,10:36:37.885543863,T,IBM,I,20,299.44
2025-12-31,10:36:45.469397141,T,IBM,I,6,299.38
2025-12-31,10:37:08.588485499,T,IBM,I,10,299.31
2025-12-31,10:37:08.608323675,T,IBM,I,1,299.3
2025-12-31,10:37:08.608341708,T,IBM,I,1,299.3
2025-12-31,10:37:08.608865057,T,IBM,I,5,299.3
2025-12-31,10:37:12.985553173,T,IBM,I,2,299.3
2025-12-31,10:37:31.271229113,T,IBM,I,11,299.28
2025-12-31,10:37:31.271253198,T,IBM,F I,1,299.28
2025-12-31,10:37:31.271256296,T,IBM,F I,1,299.28
2025-12-31,10:37:31.271334444,T,IBM,F I,3,299.28
2025-12-31,10:37:31.309140442,T,IBM,F I,16,299.26
2025-12-31,10:37:31.309158385,T,IBM,I,2,299.26
2025-12-31,10:37:36.474519120,T,IBM,F I,11,299.22
2025-12-31,10:37:36.474540220,T,IBM,F I,9,299.22
2025-12-31,10:37:37.905427654,T,IBM,I,7,299.2
2025-12-31,10:37:38.539835882,T,IBM,F I,2,299.19
2025-12-31,10:37:38.558305901,T,IBM,F I,2,299.17
2025-12-31,10:37:59.746846481,T,IBM,F,40,299.25
2025-12-31,10:37:59.746888700,T,IBM,,40,299.25
2025-12-31,10:37:59.747072244,T,IBM,F,40,299.25
2025-12-31,10:37:59.747090171,T,IBM,I,20,299.25
2025-12-31,10:37:59.747090171,T,IBM,I,20,299.26
2025-12-31,10:37:59.747108113,T,IBM,I,1,299.26
2025-12-31,10:37:59.747129254,T,IBM,I,3,299.26
2025-12-31,10:37:59.747156410,T,IBM,I,10,299.25
2025-12-31,10:37:59.747156410,T,IBM,I,6,299.26
2025-12-31,10:37:59.747273561,T,IBM,F I,4,299.26
2025-12-31,10:37:59.747724619,T,IBM,I,6,299.26
2025-12-31,10:37:59.748629929,T,IBM,I,1,299.26
2025-12-31,10:37:59.764122662,T,IBM,I,5,299.23
2025-12-31,10:38:04.029118993,T,IBM,,91,299.23
2025-12-31,10:38:04.029137110,T,IBM,F I,1,299.23
2025-12-31,10:38:04.029140168,T,IBM,I,1,299.23
2025-12-31,10:38:04.029140168,T,IBM,F,119,299.23
2025-12-31,10:38:04.332093330,T,IBM,I,2,299.23
2025-12-31,10:38:04.822723283,T,IBM,,286,299.23
2025-12-31,10:38:23.048067926,T,IBM,F,40,299.25
2025-12-31,10:38:23.048067926,T,IBM,F,40,299.25
2025-12-31,10:38:23.048072843,T,IBM,F I,23,299.25
2025-12-31,10:38:23.048072843,T,IBM,F I,29,299.25
2025-12-31,10:38:54.885086317,T,IBM,I,1,299.18
2025-12-31,10:39:02.279091571,T,IBM,F,97,299.19
2025-12-31,10:39:02.282137771,T,IBM,F,40,299.19
2025-12-31,10:39:06.257517659,T,IBM,I,1,299.19
2025-12-31,10:39:15.218745873,T,IBM,I,6,299.17
2025-12-31,10:39:15.218782071,T,IBM,F I,2,299.17
2025-12-31,10:39:18.941512573,T,IBM,I,5,299.13
2025-12-31,10:39:18.941512573,T,IBM,I,30,299.12
2025-12-31,10:39:18.941515348,T,IBM,I,5,299.12
2025-12-31,10:39:18.941936413,T,IBM,I,25,299.115
2025-12-31,10:39:19.086616774,T,IBM,I,24,299.1
2025-12-31,10:39:23.715437265,T,IBM,F I,25,299.1
2025-12-31,10:39:23.731423862,T,IBM,F I,1,299.07
2025-12-31,10:39:23.735838488,T,IBM,,50,299.08
2025-12-31,10:39:23.926557739,T,IBM,I,1,299.05
2025-12-31,10:39:25.170499047,T,IBM,I,1,299.05
2025-12-31,10:39:34.139868454,T,IBM,F I,13,299.01
2025-12-31,10:39:34.139870697,T,IBM,F I,18,299.01
2025-12-31,10:39:34.139948873,T,IBM,I,1,299.0
2025-12-31,10:39:34.139972953,T,IBM,F I,20,298.99
2025-12-31,10:39:34.139972953,T,IBM,F I,20,298.99
2025-12-31,10:39:36.218731613,T,IBM,,40,299.0
2025-12-31,10:39:37.494305331,T,IBM,F I,25,299.0
2025-12-31,10:39:37.494350380,T,IBM,F I,15,299.0
2025-12-31,10:39:39.747289740,T,IBM,I,36,299.03
2025-12-31,10:39:40.034879430,T,IBM,I,9,299.02
2025-12-31,10:39:40.419735669,T,IBM,I,31,299.04
2025-12-31,10:40:02.435653838,T,IBM,I,1,299.03
2025-12-31,10:40:18.950738617,T,IBM,I,1,299.055
2025-12-31,10:40:22.255128193,T,IBM,F I,1,299.055
2025-12-31,10:40:22.255128193,T,IBM,F I,15,299.04
2025-12-31,10:40:33.125895893,T,IBM,,40,299.1
2025-12-31,10:40:33.125913791,T,IBM,F I,1,299.1
2025-12-31,10:40:33.125919877,T,IBM,F I,16,299.1
2025-12-31,10:40:33.126151513,T,IBM,F I,15,299.1
2025-12-31,10:40:33.126154581,T,IBM,F,112,299.11
2025-12-31,10:40:33.126157577,T,IBM,F I,8,299.11
2025-12-31,10:40:33.126157577,T,IBM,F I,7,299.11
2025-12-31,10:40:33.126635556,T,IBM,F I,23,299.12
2025-12-31,10:40:33.126656781,T,IBM,I,7,299.12
2025-12-31,10:40:33.126659688,T,IBM,I,33,299.13
2025-12-31,10:40:33.126701722,T,IBM,I,7,299.13
2025-12-31,10:40:33.126722710,T,IBM,I,3,299.13
2025-12-31,10:40:33.126731836,T,IBM,F I,4,299.13
2025-12-31,10:40:33.126741031,T,IBM,I,33,299.13
2025-12-31,10:40:33.126743810,T,IBM,I,7,299.13
2025-12-31,10:40:33.126755887,T,IBM,I,33,299.13
2025-12-31,10:40:33.127029526,T,IBM,F I,1,299.13
2025-12-31,10:40:33.760415293,T,IBM,F I,9,299.12
2025-12-31,10:40:33.760418297,T,IBM,F I,13,299.11
2025-12-31,10:40:40.855196122,T,IBM,F I,10,299.09
2025-12-31,10:40:40.855199111,T,IBM,F,40,299.095
2025-12-31,10:41:21.077193464,T,IBM,F I,20,299.16
2025-12-31,10:41:23.942429479,T,IBM,F I,20,299.17
2025-12-31,10:41:23.942450446,T,IBM,I,1,299.17
2025-12-31,10:41:23.942477590,T,IBM,F I,3,299.17
2025-12-31,10:41:23.942528877,T,IBM,I,26,299.17
2025-12-31,10:41:23.942528877,T,IBM,I,14,299.18
2025-12-31,10:41:23.942552808,T,IBM,F I,26,299.18
2025-12-31,10:41:23.942552808,T,IBM,F I,17,299.18
2025-12-31,10:41:23.942552808,T,IBM,F I,9,299.18
2025-12-31,10:41:23.942555912,T,IBM,I,22,299.18
2025-12-31,10:41:23.943803695,T,IBM,,40,299.2
2025-12-31,10:41:26.346415368,T,IBM,F I,13,299.21
2025-12-31,10:41:38.972969872,T,IBM,F I,10,299.15
2025-12-31,10:41:38.972987924,T,IBM,,56,299.15
2025-12-31,10:41:38.973006080,T,IBM,I,16,299.15
2025-12-31,10:41:38.973006080,T,IBM,I,1,299.15
2025-12-31,10:41:38.973012174,T,IBM,F I,4,299.15
2025-12-31,10:41:38.973012174,T,IBM,F I,13,299.15
2025-12-31,10:41:38.973965311,T,IBM,,40,299.16
2025-12-31,10:42:09.845827606,T,IBM,F I,6,299.24
2025-12-31,10:42:33.273245616,T,IBM,,60,299.22
2025-12-31,10:42:33.274180815,T,IBM,F I,34,299.24
2025-12-31,10:42:33.274180815,T,IBM,F I,30,299.24
2025-12-31,10:42:33.274301134,T,IBM,F I,15,299.25
2025-12-31,10:42:33.274689148,T,IBM,I,5,299.25
2025-12-31,10:42:34.609079620,T,IBM,F I,15,299.2
2025-12-31,10:42:34.609079620,T,IBM,F I,6,299.2
2025-12-31,10:42:39.357665998,T,IBM,F I,5,299.21
2025-12-31,10:42:39.480433320,T,IBM,I,2,299.22
2025-12-31,10:42:43.363875232,T,IBM,F I,6,299.19
2025-12-31,10:42:51.056915614,T,IBM,F I,10,299.16
2025-12-31,10:42:51.056918136,T,IBM,F I,5,299.15
2025-12-31,10:43:08.271846868,T,IBM,F I,1,299.1
2025-12-31,10:43:21.247297982,T,IBM,F I,27,299.11
2025-12-31,10:43:25.145974172,T,IBM,I,2,299.1
2025-12-31,10:43:25.145974172,T,IBM,I,12,299.1
2025-12-31,10:43:33.439306257,T,IBM,I,3,299.15
2025-12-31,10:43:33.439309306,T,IBM,I,2,299.11
2025-12-31,10:43:33.439309306,T,IBM,I,9,299.11
2025-12-31,10:43:43.068412079,T,IBM,I,3,299.2
2025-12-31,10:43:43.068520304,T,IBM,F I,3,299.2
2025-12-31,10:43:43.068523263,T,IBM,F,47,299.2
2025-12-31,10:44:22.814095802,T,IBM,F I,16,299.26
2025-12-31,10:44:22.814099212,T,IBM,F I,16,299.26
2025-12-31,10:44:22.814107855,T,IBM,I,14,299.26
2025-12-31,10:44:34.317617770,T,IBM,I,5,299.31
2025-12-31,10:44:34.317659862,T,IBM,F I,10,299.31
2025-12-31,10:44:35.404362921,T,IBM,,100,299.265
2025-12-31,10:44:35.404438057,T,IBM,I,15,299.265
2025-12-31,10:44:35.404441150,T,IBM,,85,299.265
2025-12-31,10:44:45.712205629,T,IBM,I,37,299.33
2025-12-31,10:44:45.712226721,T,IBM,I,1,299.33
2025-12-31,10:44:45.712226721,T,IBM,I,9,299.33
2025-12-31,10:44:45.712876302,T,IBM,,40,299.31
2025-12-31,10:44:45.719480257,T,IBM,I,9,299.3
2025-12-31,10:44:45.719482976,T,IBM,I,10,299.3
2025-12-31,10:44:45.719489013,T,IBM,F I,10,299.28
2025-12-31,10:44:45.719531065,T,IBM,F,420,299.27
2025-12-31,10:44:45.719552053,T,IBM,F,70,299.27
2025-12-31,10:44:45.748120111,T,IBM,F I,13,299.21
2025-12-31,10:44:45.779899810,T,IBM,I,11,299.18
2025-12-31,10:45:00.004924620,T,IBM,F I,16,299.205
2025-12-31,10:45:00.118829763,T,IBM,I,5,299.205
2025-12-31,10:45:00.118965134,T,IBM,F I,4,299.2
2025-12-31,10:45:00.119497350,T,IBM,F I,1,299.205
2025-12-31,10:45:04.005218683,T,IBM,F I,16,299.2
2025-12-31,10:45:08.492759735,T,IBM,I,5,299.205
2025-12-31,10:45:17.047094924,T,IBM,I,5,299.2
2025-12-31,10:45:17.463333777,T,IBM,I,5,299.14
2025-12-31,10:45:18.710089968,T,IBM,F I,20,299.12
2025-12-31,10:45:18.710089968,T,IBM,F I,2,299.12
2025-12-31,10:45:18.710092768,T,IBM,F I,20,299.12
2025-12-31,10:45:19.132644175,T,IBM,,40,299.1
2025-12-31,10:45:19.132646704,T,IBM,I,9,299.1
2025-12-31,10:45:19.132661821,T,IBM,F,40,299.1
2025-12-31,10:45:19.132661821,T,IBM,F I,9,299.1
2025-12-31,10:45:19.132664824,T,IBM,I,12,299.1
2025-12-31,10:45:19.132667821,T,IBM,I,1,299.1
2025-12-31,10:45:19.133702302,T,IBM,F,40,299.1
2025-12-31,10:45:19.133747388,T,IBM,F I,8,299.1
2025-12-31,10:45:19.253636813,T,IBM,I,16,299.09
2025-12-31,10:45:19.253639752,T,IBM,,61,299.09
2025-12-31,10:45:29.488074370,T,IBM,F I,1,299.08
2025-12-31,10:45:29.488077440,T,IBM,F I,5,299.05
2025-12-31,10:45:29.491920547,T,IBM,I,6,299.08
2025-12-31,10:45:42.074829074,T,IBM,F I,14,299.04
2025-12-31,10:45:57.042745343,T,IBM,F I,1,299.0
2025-12-31,10:45:57.042845282,T,IBM,F I,1,298.99
2025-12-31,10:45:57.042845282,T,IBM,F I,14,298.99
2025-12-31,10:45:57.042847635,T,IBM,F I,8,298.99
2025-12-31,10:45:57.043193799,T,IBM,F I,1,298.95
2025-12-31,10:45:57.043199418,T,IBM,F I,14,298.94
2025-12-31,10:46:07.781375579,T,IBM,F I,30,298.98
2025-12-31,10:46:07.781378621,T,IBM,F I,20,298.99
2025-12-31,10:46:08.305787946,T,IBM,F I,1,298.91
2025-12-31,10:46:08.306416574,T,IBM,F I,20,298.9
2025-12-31,10:46:08.306416574,T,IBM,F I,15,298.9
2025-12-31,10:46:08.306419431,T,IBM,F I,30,298.9
2025-12-31,10:46:08.306666099,T,IBM,I,3,298.88
2025-12-31,10:46:08.583345746,T,IBM,I,15,298.86
2025-12-31,10:46:08.660789043,T,IBM,F I,3,298.85
2025-12-31,10:46:08.660891944,T,IBM,F I,8,298.85
2025-12-31,10:46:08.660891944,T,IBM,F I,8,298.85
2025-12-31,10:46:09.640659763,T,IBM,F I,5,298.83
2025-12-31,10:46:09.640659763,T,IBM,F I,15,298.83
2025-12-31,10:46:10.083797595,T,IBM,I,33,298.865
2025-12-31,10:46:28.176765433,T,IBM,,100,298.87
2025-12-31,10:46:28.176813952,T,IBM,I,5,298.86
2025-12-31,10:46:29.273139374,T,IBM,F I,5,298.9
2025-12-31,10:46:34.550119605,T,IBM,,40,298.92
2025-12-31,10:46:34.550122601,T,IBM,I,1,298.92
2025-12-31,10:46:34.550152850,T,IBM,I,6,298.92
2025-12-31,10:46:34.550152850,T,IBM,F I,23,298.92
2025-12-31,10:46:34.550155755,T,IBM,I,1,298.92
2025-12-31,10:46:34.550170714,T,IBM,F I,10,298.92
2025-12-31,10:46:34.550218901,T,IBM,F I,23,298.93
2025-12-31,10:46:34.550221851,T,IBM,F I,1,298.93
2025-12-31,10:46:54.378464654,T,IBM,F I,4,299.01
2025-12-31,10:46:54.378467614,T,IBM,F I,1,299.01
2025-12-31,10:46:54.378491614,T,IBM,F I,5,299.01
2025-12-31,10:46:54.378495480,T,IBM,F,95,299.01
2025-12-31,10:46:54.378518665,T,IBM,F I,6,299.01
2025-12-31,10:46:54.378572885,T,IBM,I,5,299.01
2025-12-31,10:47:01.649407819,T,IBM,F I,11,299.07
2025-12-31,10:47:04.984560355,T,IBM,F I,1,299.09
2025-12-31,10:47:22.135568516,T,IBM,I,10,299.02
2025-12-31,10:47:22.282778044,T,IBM,I,2,299.01
2025-12-31,10:48:14.742821965,T,IBM,I,2,298.94
2025-12-31,10:48:14.742900199,T,IBM,F I,1,298.94
2025-12-31,10:48:14.743167875,T,IBM,,50,298.92
2025-12-31,10:48:14.743167875,T,IBM,F I,1,298.92
2025-12-31,10:48:19.893240040,T,IBM,F I,15,298.99
2025-12-31,10:48:19.893240040,T,IBM,F I,2,298.99
2025-12-31,10:48:19.893243365,T,IBM,F I,10,298.99
2025-12-31,10:48:19.893243365,T,IBM,F I,13,298.99
2025-12-31,10:48:19.901726195,T,IBM,F,40,298.99
2025-12-31,10:48:19.901879504,T,IBM,F,40,298.99
2025-12-31,10:48:19.901939729,T,IBM,F,40,299.0
2025-12-31,10:48:19.903226669,T,IBM,F,40,299.0
2025-12-31,10:48:26.053173400,T,IBM,F I,1,299.01
2025-12-31,10:48:26.053173400,T,IBM,F I,1,299.01
2025-12-31,10:48:28.998195060,T,IBM,I,7,298.99
2025-12-31,10:48:34.703807040,T,IBM,F I,25,299.04
2025-12-31,10:48:34.703807040,T,IBM,F,40,299.05
2025-12-31,10:48:34.703827641,T,IBM,F I,25,299.05
2025-12-31,10:48:40.650411951,T,IBM,I,14,299.08
2025-12-31,10:48:40.650411951,T,IBM,I,4,299.08
2025-12-31,10:48:40.660266455,T,IBM,F,43,299.08
2025-12-31,10:48:40.665745417,T,IBM,F I,3,299.07
2025-12-31,10:48:40.677551638,T,IBM,,70,299.095
2025-12-31,10:48:40.679876131,T,IBM,F I,16,299.06
2025-12-31,10:48:40.679876131,T,IBM,F I,2,299.05
2025-12-31,10:48:40.679879389,T,IBM,F I,21,299.05
2025-12-31,10:48:40.679879389,T,IBM,F I,10,299.05
2025-12-31,10:48:46.896837092,T,IBM,F I,17,299.15
2025-12-31,10:49:31.826129254,T,IBM,F I,5,299.08
2025-12-31,10:49:31.826133285,T,IBM,F,40,299.05
2025-12-31,10:49:31.826133285,T,IBM,F I,16,299.03
2025-12-31,10:49:31.826135259,T,IBM,F I,18,299.03
2025-12-31,10:49:36.066250335,T,IBM,F I,2,299.02
2025-12-31,10:49:36.066250335,T,IBM,F,79,299.02
2025-12-31,10:49:36.066268272,T,IBM,I,1,299.02
2025-12-31,10:49:36.066836714,T,IBM,F I,8,298.97
2025-12-31,10:49:36.066848746,T,IBM,F I,12,298.97
2025-12-31,10:49:36.066848746,T,IBM,F I,8,298.97
2025-12-31,10:49:36.066855239,T,IBM,F I,12,298.97
2025-12-31,10:49:36.066855239,T,IBM,F I,4,298.97
2025-12-31,10:49:36.066857771,T,IBM,F I,1,298.97
2025-12-31,10:49:42.362437812,T,IBM,F I,21,298.95
2025-12-31,10:50:18.747462666,T,IBM,F I,14,298.87
2025-12-31,10:50:25.267262431,T,IBM,F I,18,298.85
2025-12-31,10:50:27.773978996,T,IBM,F I,1,298.84
2025-12-31,10:50:27.773978996,T,IBM,F I,2,298.84
2025-12-31,10:50:27.773981747,T,IBM,F I,2,298.82
2025-12-31,10:50:30.584159842,T,IBM,F I,10,298.85
2025-12-31,10:50:37.438373967,T,IBM,I,10,298.87
2025-12-31,10:51:00.075829520,T,IBM,I,22,298.94
2025-12-31,10:51:00.075829520,T,IBM,I,14,298.94
2025-12-31,10:51:00.076328626,T,IBM,,55,298.92
2025-12-31,10:51:00.084514214,T,IBM,I,2,298.96
2025-12-31,10:51:00.190645861,T,IBM,,40,298.97
2025-12-31,10:51:00.190664554,T,IBM,I,1,298.97
2025-12-31,10:51:00.190666825,T,IBM,I,4,298.97
2025-12-31,10:51:00.190684967,T,IBM,F I,35,298.97
2025-12-31,10:51:26.390781837,T,IBM,F I,3,298.96
2025-12-31,10:51:44.440626982,T,IBM,I,20,298.97
2025-12-31,10:51:44.714491992,T,IBM,F I,1,298.94
2025-12-31,10:51:44.714528138,T,IBM,F I,3,298.94
2025-12-31,10:51:44.714699870,T,IBM,F I,3,298.94
2025-12-31,10:51:44.714780667,T,IBM,F I,1,298.94
2025-12-31,10:51:44.829112828,T,IBM,I,1,298.9
2025-12-31,10:52:09.249479929,T,IBM,I,1,298.9
2025-12-31,10:52:14.519703311,T,IBM,F I,3,298.93
2025-12-31,10:52:23.664184661,T,IBM,F I,25,298.915
2025-12-31,10:52:23.664229744,T,IBM,F I,25,298.915
2025-12-31,10:52:41.997947998,T,IBM,I,16,298.83
2025-12-31,10:52:46.206364614,T,IBM,F I,1,298.82
2025-12-31,10:52:54.961427853,T,IBM,F I,1,298.82
2025-12-31,10:53:51.827439627,T,IBM,F I,2,298.85
2025-12-31,10:53:51.827785483,T,IBM,I,2,298.84
2025-12-31,10:53:52.590193453,T,IBM,F I,1,298.83
2025-12-31,10:54:05.333690660,T,IBM,F,40,298.82
2025-12-31,10:54:10.003207019,T,IBM,F,80,298.81
2025-12-31,10:54:10.003210025,T,IBM,F I,14,298.81
2025-12-31,10:54:14.312673428,T,IBM,F I,6,298.77
2025-12-31,10:54:14.312673428,T,IBM,F I,20,298.76
2025-12-31,10:54:14.312676125,T,IBM,F I,5,298.75
2025-12-31,10:54:15.100281123,T,IBM,I,15,298.76
2025-12-31,10:54:27.783628939,T,IBM,F I,1,298.74
2025-12-31,10:54:30.284460414,T,IBM,,100,298.77
2025-12-31,10:54:31.555751728,T,IBM,I,1,298.83
2025-12-31,10:54:31.555754832,T,IBM,I,30,298.84
2025-12-31,10:54:31.557171190,T,IBM,F,40,298.86
2025-12-31,10:55:26.983018622,T,IBM,F I,4,298.85
2025-12-31,10:55:26.983108713,T,IBM,I,14,298.85
2025-12-31,10:55:27.285872383,T,IBM,F I,1,298.78
2025-12-31,10:55:28.986604330,T,IBM,F I,25,298.81
2025-12-31,10:55:36.087609821,T,IBM,I,2,298.79
2025-12-31,10:55:36.087612880,T,IBM,I,2,298.79
2025-12-31,10:55:36.088250324,T,IBM,I,1,298.79
2025-12-31,10:55:48.176488275,T,IBM,F I,10,298.81
2025-12-31,10:55:48.176488275,T,IBM,F I,1,298.79
2025-12-31,10:55:48.176490658,T,IBM,F I,29,298.79
2025-12-31,10:55:48.176505723,T,IBM,F I,10,298.79
2025-12-31,10:55:54.723144585,T,IBM,F I,1,298.85
2025-12-31,10:56:11.578393103,T,IBM,F I,2,298.87
2025-12-31,10:56:16.728174469,T,IBM,I,1,298.89
2025-12-31,10:56:16.728179590,T,IBM,,40,298.89
2025-12-31,10:56:16.728182621,T,IBM,I,39,298.89
2025-12-31,10:56:16.728191990,T,IBM,I,1,298.89
2025-12-31,10:56:16.728195007,T,IBM,I,29,298.89
2025-12-31,10:56:16.728195007,T,IBM,F I,1,298.89
2025-12-31,10:56:16.728197653,T,IBM,F I,10,298.89
2025-12-31,10:56:16.728200728,T,IBM,F I,30,298.89
2025-12-31,10:56:16.728203692,T,IBM,F,40,298.89
2025-12-31,10:56:16.728203692,T,IBM,I,1,298.89
2025-12-31,10:56:16.728236826,T,IBM,I,11,298.89
2025-12-31,10:56:16.730080260,T,IBM,I,2,298.9
2025-12-31,10:56:33.886053768,T,IBM,F,96,298.895
2025-12-31,10:56:38.093393682,T,IBM,I,10,298.93
2025-12-31,10:56:38.093396698,T,IBM,I,4,298.94
2025-12-31,10:56:49.165503033,T,IBM,F I,7,298.94
2025-12-31,10:56:51.094222956,T,IBM,F I,9,298.94
2025-12-31,10:56:51.094225599,T,IBM,F I,25,298.94
2025-12-31,10:56:51.094225599,T,IBM,F I,25,298.94
2025-12-31,10:56:51.094282600,T,IBM,I,19,298.95
2025-12-31,10:56:51.094282600,T,IBM,I,19,298.95
2025-12-31,10:56:51.108909392,T,IBM,I,19,298.96
2025-12-31,10:57:13.167914250,T,IBM,I,1,299.0
2025-12-31,10:57:13.167914250,T,IBM,I,16,299.0
2025-12-31,10:57:13.168205972,T,IBM,F I,20,299.01
2025-12-31,10:57:13.168512600,T,IBM,F I,10,299.01
2025-12-31,10:57:13.168518930,T,IBM,F I,10,299.02
2025-12-31,10:57:13.168521584,T,IBM,F I,10,299.02
2025-12-31,10:57:20.719516116,T,IBM,I,20,298.98
2025-12-31,10:57:20.719521450,T,IBM,,40,298.97
2025-12-31,10:57:27.523828813,T,IBM,I,14,299.0
2025-12-31,10:57:47.234368387,T,IBM,I,1,299.03
2025-12-31,10:57:54.029470793,T,IBM,I,1,298.98
2025-12-31,10:58:28.850553405,T,IBM,,50,299.005
2025-12-31,10:58:35.115184029,T,IBM,I,3,299.005
2025-12-31,10:59:00.231846541,T,IBM,F I,1,298.97
2025-12-31,10:59:00.231849515,T,IBM,F I,4,298.97
2025-12-31,10:59:12.703234609,T,IBM,F I,10,298.97
2025-12-31,10:59:12.703327821,T,IBM,F I,1,298.97
2025-12-31,10:59:12.703484197,T,IBM,F I,7,298.97
2025-12-31,10:59:12.703484197,T,IBM,F I,4,298.97
2025-12-31,10:59:16.369418246,T,IBM,F I,19,298.96
2025-12-31,10:59:17.504584698,T,IBM,F I,1,298.92
2025-12-31,10:59:51.496064211,T,IBM,F I,11,298.95
2025-12-31,10:59:54.575220339,T,IBM,F I,20,298.92
2025-12-31,10:59:54.575227070,T,IBM,F,50,298.92
2025-12-31,10:59:54.575227070,T,IBM,F I,16,298.92
2025-12-31,10:59:54.575227070,T,IBM,F I,5,298.92
2025-12-31,10:59:54.575230074,T,IBM,F I,30,298.91
2025-12-31,10:59:54.575232388,T,IBM,F I,15,298.91
2025-12-31,11:00:04.012478625,T,IBM,F,40,299.02
2025-12-31,11:00:04.013067997,T,IBM,F I,10,299.03
2025-12-31,11:00:04.013071492,T,IBM,F I,25,299.04
2025-12-31,11:00:04.013071492,T,IBM,F I,13,299.04
2025-12-31,11:00:04.013098168,T,IBM,I,27,299.04
2025-12-31,11:00:04.013101001,T,IBM,I,12,299.04
2025-12-31,11:00:04.013134189,T,IBM,I,8,299.04
2025-12-31,11:00:05.306540315,T,IBM,,40,299.06
2025-12-31,11:00:05.697115962,T,IBM,I,1,299.09
2025-12-31,11:00:07.827699942,T,IBM,I,1,299.095
2025-12-31,11:00:20.218475957,T,IBM,I,1,299.095
2025-12-31,11:00:22.666410726,T,IBM,I,12,299.11
2025-12-31,11:00:22.671366572,T,IBM,I,20,299.1
2025-12-31,11:00:24.334800487,T,IBM,F I,12,299.12
2025-12-31,11:00:24.335032013,T,IBM,F I,12,299.13
2025-12-31,11:00:24.335062484,T,IBM,I,10,299.15
2025-12-31,11:00:24.335062484,T,IBM,I,16,299.16
2025-12-31,11:00:24.335065122,T,IBM,I,6,299.16
2025-12-31,11:00:24.335084037,T,IBM,I,1,299.16
2025-12-31,11:00:24.335104611,T,IBM,I,9,299.16
2025-12-31,11:00:24.335765782,T,IBM,I,1,299.12
2025-12-31,11:00:24.335834991,T,IBM,I,39,299.12
2025-12-31,11:00:24.335886149,T,IBM,I,4,299.12
2025-12-31,11:00:30.445945544,T,IBM,F I,20,299.12
2025-12-31,11:00:30.445945544,T,IBM,F I,10,299.11
2025-12-31,11:00:30.445951699,T,IBM,F,55,299.1
2025-12-31,11:00:30.445996821,T,IBM,I,1,299.1
2025-12-31,11:00:30.445996821,T,IBM,I,5,299.1
2025-12-31,11:00:30.446002685,T,IBM,F I,24,299.1
2025-12-31,11:00:48.261968921,T,IBM,,40,299.09
2025-12-31,11:00:59.701691123,T,IBM,I,6,299.05
2025-12-31,11:01:02.234951818,T,IBM,I,16,299.04
2025-12-31,11:01:08.664633076,T,IBM,F I,7,299.04
2025-12-31,11:01:08.666807280,T,IBM,F I,1,298.98
2025-12-31,11:01:10.631017193,T,IBM,F I,21,298.93
2025-12-31,11:01:11.705454016,T,IBM,I,30,298.9
2025-12-31,11:01:20.407690381,T,IBM,I,3,298.91
2025-12-31,11:01:23.093834891,T,IBM,I,13,298.89
2025-12-31,11:01:23.093838144,T,IBM,I,1,298.89
2025-12-31,11:01:23.211059943,T,IBM,I,5,298.87
2025-12-31,11:01:23.211225397,T,IBM,,40,298.86
2025-12-31,11:01:23.211700451,T,IBM,,40,298.85
2025-12-31,11:01:23.975663642,T,IBM,I,5,298.88
2025-12-31,11:01:23.975666448,T,IBM,I,30,298.88
2025-12-31,11:01:23.975666448,T,IBM,I,5,298.88
2025-12-31,11:01:25.561590645,T,IBM,I,5,298.84
2025-12-31,11:01:47.136297939,T,IBM,I,25,298.835
2025-12-31,11:01:50.026616528,T,IBM,I,2,298.82
2025-12-31,11:01:57.193568962,T,IBM,F,40,298.86
2025-12-31,11:01:57.193587010,T,IBM,I,1,298.85
2025-12-31,11:01:57.193587010,T,IBM,I,5,298.85
2025-12-31,11:01:57.193665260,T,IBM,F I,2,298.85
2025-12-31,11:01:57.193749424,T,IBM,F I,22,298.85
2025-12-31,11:01:57.193749424,T,IBM,F I,2,298.86
2025-12-31,11:01:57.193993020,T,IBM,F I,5,298.87
2025-12-31,11:01:57.193993020,T,IBM,F I,30,298.87
2025-12-31,11:01:57.194146316,T,IBM,,80,298.87
2025-12-31,11:01:57.194968105,T,IBM,F I,2,298.87
2025-12-31,11:01:57.194968105,T,IBM,F I,1,298.87
2025-12-31,11:01:57.194971400,T,IBM,F I,1,298.87
2025-12-31,11:01:57.194971400,T,IBM,F I,2,298.87
2025-12-31,11:01:57.194973414,T,IBM,F,40,298.87
2025-12-31,11:02:13.803294698,T,IBM,F I,6,298.77
2025-12-31,11:02:17.542221875,T,IBM,I,30,298.77
2025-12-31,11:02:17.542224522,T,IBM,I,4,298.77
2025-12-31,11:02:18.432439712,T,IBM,F I,13,298.82
2025-12-31,11:02:18.432439712,T,IBM,F I,10,298.82
2025-12-31,11:02:18.432445768,T,IBM,F I,5,298.82
2025-12-31,11:02:18.451030000,T,IBM,F I,20,298.86
2025-12-31,11:02:18.451114660,T,IBM,I,2,298.88
2025-12-31,11:02:23.062829787,T,IBM,F,40,298.91
2025-12-31,11:02:28.029068258,T,IBM,I,11,298.93
2025-12-31,11:02:31.274153441,T,IBM,F I,25,298.97
2025-12-31,11:02:31.274153441,T,IBM,F I,15,298.98
2025-12-31,11:02:31.274418154,T,IBM,F I,25,298.98
2025-12-31,11:02:43.542585277,T,IBM,,40,299.0
2025-12-31,11:02:43.545959365,T,IBM,I,8,298.96
2025-12-31,11:02:43.548199688,T,IBM,I,30,298.94
2025-12-31,11:03:01.649163306,T,IBM,I,1,298.98
2025-12-31,11:04:14.333450524,T,IBM,I,4,298.91
2025-12-31,11:04:27.436161710,T,IBM,F I,5,298.81
2025-12-31,11:04:27.436164619,T,IBM,F I,4,298.81
2025-12-31,11:04:27.436164619,T,IBM,F I,5,298.81
2025-12-31,11:04:27.573309031,T,IBM,F I,20,298.77
2025-12-31,11:04:27.573312057,T,IBM,F I,4,298.77
2025-12-31,11:04:28.021835737,T,IBM,F I,4,298.74
2025-12-31,11:04:28.021838690,T,IBM,F I,5,298.74
2025-12-31,11:04:29.203567974,T,IBM,F I,4,298.77
2025-12-31,11:04:29.204707682,T,IBM,I,3,298.77
2025-12-31,11:04:51.496417795,T,IBM,F I,3,298.75
2025-12-31,11:04:51.496757571,T,IBM,F I,2,298.74
2025-12-31,11:04:51.497939256,T,IBM,F I,7,298.73
2025-12-31,11:04:51.498008499,T,IBM,I,30,298.73
2025-12-31,11:04:51.498032562,T,IBM,F I,10,298.72
2025-12-31,11:04:53.445576818,T,IBM,F I,10,298.69
2025-12-31,11:04:53.445654984,T,IBM,F I,20,298.68
2025-12-31,11:04:53.446436907,T,IBM,,100,298.68
2025-12-31,11:04:53.457043069,T,IBM,,40,298.68
2025-12-31,11:04:53.457043069,T,IBM,I,20,298.68
2025-12-31,11:05:10.553721086,T,IBM,,40,298.71
2025-12-31,11:05:10.553724092,T,IBM,,60,298.71
2025-12-31,11:05:17.027641329,T,IBM,F I,20,298.65
2025-12-31,11:05:17.035303845,T,IBM,F I,3,298.63
2025-12-31,11:05:17.872959069,T,IBM,F I,18,298.61
2025-12-31,11:05:17.879665080,T,IBM,F I,10,298.6
2025-12-31,11:05:17.879668128,T,IBM,F I,10,298.6
2025-12-31,11:05:17.879668128,T,IBM,F I,2,298.6
2025-12-31,11:05:20.508057117,T,IBM,,40,298.595
2025-12-31,11:05:21.368125655,T,IBM,I,4,298.635
2025-12-31,11:05:28.346457067,T,IBM,I,4,298.635
2025-12-31,11:05:43.255207364,T,IBM,F I,16,298.66
2025-12-31,11:05:43.255210316,T,IBM,F I,10,298.66
2025-12-31,11:05:43.255213408,T,IBM,F I,14,298.66
2025-12-31,11:05:43.255255406,T,IBM,F,40,298.67
2025-12-31,11:05:43.255261519,T,IBM,F I,38,298.67
2025-12-31,11:05:43.255273855,T,IBM,I,1,298.67
2025-12-31,11:05:43.255273855,T,IBM,I,1,298.67
2025-12-31,11:05:43.255294677,T,IBM,I,38,298.67
2025-12-31,11:05:43.255297553,T,IBM,I,1,298.67
2025-12-31,11:05:43.255309590,T,IBM,I,32,298.67
2025-12-31,11:05:43.255859931,T,IBM,F,40,298.68
2025-12-31,11:05:43.255863600,T,IBM,F,49,298.68
2025-12-31,11:05:43.255865920,T,IBM,F I,7,298.68
2025-12-31,11:05:43.255868918,T,IBM,F,100,298.68
2025-12-31,11:05:43.255905004,T,IBM,F,40,298.68
2025-12-31,11:05:43.255980252,T,IBM,F I,4,298.69
2025-12-31,11:05:43.256145655,T,IBM,I,3,298.69
2025-12-31,11:05:43.257940803,T,IBM,I,30,298.7
2025-12-31,11:05:43.257940803,T,IBM,I,10,298.7
2025-12-31,11:05:43.258160461,T,IBM,F I,36,298.71
2025-12-31,11:06:02.162188794,T,IBM,F I,17,298.68
2025-12-31,11:06:05.355156865,T,IBM,,40,298.74
2025-12-31,11:06:37.542725927,T,IBM,I,38,298.74
2025-12-31,11:06:37.542725927,T,IBM,,40,298.75
2025-12-31,11:06:37.542728715,T,IBM,I,3,298.75
2025-12-31,11:06:37.542824918,T,IBM,F I,37,298.75
2025-12-31,11:06:37.542828240,T,IBM,F I,1,298.75
2025-12-31,11:06:37.542828240,T,IBM,F I,38,298.75
2025-12-31,11:06:37.542860974,T,IBM,F I,2,298.75
2025-12-31,11:06:37.543134667,T,IBM,F I,5,298.76
2025-12-31,11:06:37.543140761,T,IBM,F I,15,298.77
2025-12-31,11:06:37.543327048,T,IBM,F,50,298.76
2025-12-31,11:06:37.543540774,T,IBM,I,5,298.77
2025-12-31,11:06:44.861690538,T,IBM,F I,6,298.74
2025-12-31,11:06:44.861693025,T,IBM,F I,5,298.74
2025-12-31,11:06:44.861695968,T,IBM,F I,1,298.74
2025-12-31,11:06:44.861717553,T,IBM,I,1,298.74
2025-12-31,11:06:44.862288379,T,IBM,F I,6,298.74
2025-12-31,11:06:44.862315780,T,IBM,I,2,298.74
2025-12-31,11:06:44.862318586,T,IBM,,40,298.74
2025-12-31,11:06:46.661609842,T,IBM,I,16,298.68
2025-12-31,11:06:56.650050091,T,IBM,I,15,298.67
2025-12-31,11:06:57.869359825,T,IBM,F I,1,298.66
2025-12-31,11:06:57.881773346,T,IBM,I,5,298.64
2025-12-31,11:06:57.881827450,T,IBM,I,15,298.63
2025-12-31,11:07:03.862413810,T,IBM,I,23,298.635
2025-12-31,11:07:10.438793316,T,IBM,F I,25,298.655
2025-12-31,11:07:10.438808262,T,IBM,,100,298.655
2025-12-31,11:07:27.480891101,T,IBM,I,11,298.66
2025-12-31,11:07:27.480894093,T,IBM,I,34,298.66
2025-12-31,11:07:27.489560663,T,IBM,,40,298.7
2025-12-31,11:07:27.489564635,T,IBM,I,20,298.7
2025-12-31,11:07:40.314999596,T,IBM,F I,4,298.7
2025-12-31,11:07:59.989856002,T,IBM,I,3,298.62
2025-12-31,11:07:59.993930724,T,IBM,I,2,298.65
2025-12-31,11:08:16.495203346,T,IBM,I,10,298.64
2025-12-31,11:08:29.975436377,T,IBM,F,40,298.63
2025-12-31,11:08:29.975436377,T,IBM,F I,13,298.63
2025-12-31,11:08:29.975505427,T,IBM,F I,2,298.63
2025-12-31,11:08:31.462993535,T,IBM,F I,5,298.61
2025-12-31,11:08:52.411667546,T,IBM,F I,1,298.645
2025-12-31,11:08:52.413769538,T,IBM,F I,1,298.645
2025-12-31,11:08:52.414160386,T,IBM,I,1,298.645
2025-12-31,11:08:52.414358919,T,IBM,F I,1,298.645
2025-12-31,11:08:52.414416016,T,IBM,F I,1,298.645
2025-12-31,11:08:52.420911522,T,IBM,F I,1,298.645
2025-12-31,11:08:52.987710444,T,IBM,F I,21,298.635
2025-12-31,11:08:52.987710444,T,IBM,F I,1,298.68
2025-12-31,11:08:52.987712889,T,IBM,F I,18,298.68
2025-12-31,11:08:52.987818090,T,IBM,F,82,298.68
2025-12-31,11:08:52.993294099,T,IBM,F,40,298.7
2025-12-31,11:08:53.511421534,T,IBM,I,3,298.66
2025-12-31,11:08:53.543559147,T,IBM,,40,298.71
2025-12-31,11:09:14.555242302,T,IBM,I,8,298.66
2025-12-31,11:09:20.922017043,T,IBM,,100,298.63
2025-12-31,11:09:20.922017043,T,IBM,,65,298.63
2025-12-31,11:09:25.324948327,T,IBM,F I,3,298.64
2025-12-31,11:09:26.127393644,T,IBM,I,4,298.62
2025-12-31,11:09:32.351334305,T,IBM,I,36,298.62
2025-12-31,11:09:53.086437145,T,IBM,I,2,298.6
2025-12-31,11:10:01.981014709,T,IBM,F I,13,298.68
2025-12-31,11:10:01.981018082,T,IBM,F I,3,298.68
2025-12-31,11:10:01.981018082,T,IBM,F I,1,298.68
2025-12-31,11:10:01.981020611,T,IBM,F I,16,298.68
2025-12-31,11:10:01.981137889,T,IBM,I,23,298.68
2025-12-31,11:10:01.981137889,T,IBM,I,17,298.68
2025-12-31,11:10:01.981170967,T,IBM,F I,20,298.68
2025-12-31,11:10:01.981188980,T,IBM,F I,3,298.68
2025-12-31,11:10:01.981192095,T,IBM,F I,23,298.69
2025-12-31,11:10:01.981213479,T,IBM,F I,17,298.69
2025-12-31,11:10:01.981216114,T,IBM,F,40,298.69
2025-12-31,11:10:01.982181353,T,IBM,I,14,298.69
2025-12-31,11:10:02.022910345,T,IBM,,40,298.67
2025-12-31,11:10:02.810912265,T,IBM,F I,12,298.7
2025-12-31,11:10:02.811038453,T,IBM,F I,12,298.7
2025-12-31,11:10:02.811074634,T,IBM,I,16,298.7
2025-12-31,11:10:02.811110741,T,IBM,F I,12,298.71
2025-12-31,11:10:02.811724423,T,IBM,F,40,298.72
2025-12-31,11:10:02.811724423,T,IBM,F,40,298.72
2025-12-31,11:10:02.811727138,T,IBM,F I,15,298.72
2025-12-31,11:10:02.811733126,T,IBM,I,14,298.72
2025-12-31,11:10:02.811733126,T,IBM,,40,298.72
2025-12-31,11:10:05.804668111,T,IBM,I,19,298.72
2025-12-31,11:10:07.416078782,T,IBM,F,40,298.76
2025-12-31,11:10:07.416081623,T,IBM,F I,5,298.76
2025-12-31,11:10:07.416081623,T,IBM,F I,10,298.76
2025-12-31,11:10:07.416490223,T,IBM,F I,2,298.77
2025-12-31,11:10:27.095509029,T,IBM,F I,25,298.79
2025-12-31,11:10:27.149797599,T,IBM,F I,14,298.83
2025-12-31,11:10:27.150266281,T,IBM,F I,14,298.84
2025-12-31,11:10:30.890753899,T,IBM,F I,10,298.91
2025-12-31,11:10:30.890756871,T,IBM,F I,18,298.92
2025-12-31,11:10:31.723138566,T,IBM,,40,298.88
2025-12-31,11:10:31.730530118,T,IBM,F I,4,298.85
2025-12-31,11:10:31.730545193,T,IBM,F I,4,298.83
2025-12-31,11:10:31.731239807,T,IBM,F I,25,298.82
2025-12-31,11:10:31.731287934,T,IBM,F I,5,298.82
2025-12-31,11:10:33.744304018,T,IBM,F I,10,298.82
2025-12-31,11:10:34.538590874,T,IBM,F I,10,298.81
2025-12-31,11:10:45.561948026,T,IBM,I,4,298.82
2025-12-31,11:11:08.355442299,T,IBM,F I,10,298.8
2025-12-31,11:11:08.355463638,T,IBM,F I,1,298.78
2025-12-31,11:11:08.355466222,T,IBM,F I,1,298.78
2025-12-31,11:11:08.355469948,T,IBM,I,2,298.78
2025-12-31,11:11:08.355472269,T,IBM,F I,10,298.78
2025-12-31,11:11:08.356203048,T,IBM,F I,25,298.83
2025-12-31,11:11:08.356245116,T,IBM,F I,5,298.83
2025-12-31,11:11:08.356248126,T,IBM,F I,2,298.85
2025-12-31,11:11:08.356515808,T,IBM,I,3,298.85
2025-12-31,11:11:08.377698177,T,IBM,,40,298.86
2025-12-31,11:11:08.377803496,T,IBM,F,120,298.85
2025-12-31,11:11:08.377803496,T,IBM,F I,2,298.85
2025-12-31,11:11:09.056251650,T,IBM,F I,17,298.82
2025-12-31,11:11:09.056257676,T,IBM,I,17,298.82
2025-12-31,11:11:09.059006183,T,IBM,,100,298.835
2025-12-31,11:11:09.059162565,T,IBM,,100,298.835
2025-12-31,11:11:09.072342924,T,IBM,,200,298.835
2025-12-31,11:11:09.072355024,T,IBM,,160,298.835
2025-12-31,11:11:11.764528828,T,IBM,F I,1,298.87
2025-12-31,11:11:29.312528002,T,IBM,I,4,298.9
2025-12-31,11:11:29.312531312,T,IBM,I,26,298.9
2025-12-31,11:11:29.312545607,T,IBM,F I,3,298.9
2025-12-31,11:11:29.312912519,T,IBM,F I,16,298.92
2025-12-31,11:11:29.313276422,T,IBM,F I,13,298.93
2025-12-31,11:11:29.313396695,T,IBM,F I,13,298.93
2025-12-31,11:11:30.863290187,T,IBM,F I,14,298.93
2025-12-31,11:11:30.863290187,T,IBM,F I,12,298.94
2025-12-31,11:11:30.863292519,T,IBM,F I,1,298.94
2025-12-31,11:11:30.863295393,T,IBM,F I,3,298.96
2025-12-31,11:11:56.214621777,T,IBM,F I,20,298.97
2025-12-31,11:11:56.214624801,T,IBM,F,40,298.97
2025-12-31,11:11:56.214627738,T,IBM,F I,1,298.97
2025-12-31,11:11:56.214642890,T,IBM,F,40,298.97
2025-12-31,11:11:56.214642890,T,IBM,F I,10,298.97
2025-12-31,11:11:56.214645942,T,IBM,F,40,298.97
2025-12-31,11:11:56.214649428,T,IBM,I,1,298.97
2025-12-31,11:11:56.214652764,T,IBM,I,3,298.97
2025-12-31,11:11:56.214652764,T,IBM,I,1,298.97
2025-12-31,11:11:56.214658267,T,IBM,I,2,298.97
2025-12-31,11:11:56.214664699,T,IBM,F I,33,298.97
2025-12-31,11:11:56.214702997,T,IBM,I,5,298.97
2025-12-31,11:11:56.214702997,T,IBM,,40,298.97
2025-12-31,11:11:56.214706752,T,IBM,,45,298.97
2025-12-31,11:11:56.214706752,T,IBM,F I,5,298.97
2025-12-31,11:11:56.214724385,T,IBM,I,14,298.97
2025-12-31,11:11:56.215238164,T,IBM,I,1,298.98
2025-12-31,11:11:56.215677247,T,IBM,F I,2,298.99
2025-12-31,11:11:56.216071230,T,IBM,F I,14,299.0
2025-12-31,11:11:58.019623680,T,IBM,F I,1,299.0
2025-12-31,11:11:58.019623680,T,IBM,F I,25,299.0
2025-12-31,11:11:58.019644770,T,IBM,I,15,299.0
2025-12-31,11:11:58.019644770,T,IBM,I,10,299.0
2025-12-31,11:11:58.019650812,T,IBM,I,1,299.0
2025-12-31,11:12:01.017926589,T,IBM,F I,10,299.01
2025-12-31,11:12:01.017930097,T,IBM,F I,14,299.0
2025-12-31,11:12:01.017933429,T,IBM,F I,2,299.0
2025-12-31,11:12:01.017933429,T,IBM,F I,5,299.0
2025-12-31,11:12:01.017935759,T,IBM,F I,10,299.0
2025-12-31,11:12:17.334499760,T,IBM,F I,1,298.99
2025-12-31,11:12:17.334499760,T,IBM,F I,1,298.99
2025-12-31,11:12:17.334502786,T,IBM,F I,10,298.99
2025-12-31,11:12:17.334593012,T,IBM,F I,1,298.98
2025-12-31,11:12:17.335242507,T,IBM,F I,1,298.94
2025-12-31,11:12:17.335308601,T,IBM,F I,1,298.94
2025-12-31,11:13:50.642148308,T,IBM,,52,299.06
2025-12-31,11:13:50.642644560,T,IBM,,40,299.07
2025-12-31,11:13:50.642647644,T,IBM,I,10,299.07
2025-12-31,11:13:50.642650501,T,IBM,I,2,299.07
2025-12-31,11:13:50.642665539,T,IBM,I,1,299.07
2025-12-31,11:13:50.642689538,T,IBM,I,39,299.07
2025-12-31,11:13:52.683819789,T,IBM,I,5,299.07
2025-12-31,11:13:52.683897936,T,IBM,F I,17,299.07
2025-12-31,11:13:52.691839913,T,IBM,I,35,299.07
2025-12-31,11:13:52.691918041,T,IBM,I,1,299.095
2025-12-31,11:13:52.691924217,T,IBM,F I,14,299.11
2025-12-31,11:13:52.691924217,T,IBM,F I,1,299.11
2025-12-31,11:13:53.984767781,T,IBM,F I,19,299.15
2025-12-31,11:13:53.984786174,T,IBM,,100,299.11
2025-12-31,11:13:53.984786174,T,IBM,,149,299.1
2025-12-31,11:13:53.984788788,T,IBM,I,30,299.1
2025-12-31,11:13:53.984792087,T,IBM,,100,299.095
2025-12-31,11:13:53.984794862,T,IBM,I,3,299.09
2025-12-31,11:14:01.187042528,T,IBM,,40,299.09
2025-12-31,11:14:01.524536594,T,IBM,I,20,299.09
2025-12-31,11:14:01.524536594,T,IBM,,80,299.07
2025-12-31,11:14:01.524539194,T,IBM,I,8,299.07
2025-12-31,11:14:01.524539194,T,IBM,I,20,299.07
2025-12-31,11:14:01.524553907,T,IBM,F I,20,299.07
2025-12-31,11:14:01.524557193,T,IBM,F I,28,299.07
2025-12-31,11:14:01.524559965,T,IBM,I,1,299.07
2025-12-31,11:14:02.203333252,T,IBM,F I,15,299.08
2025-12-31,11:14:02.203335950,T,IBM,F I,25,299.08
2025-12-31,11:14:02.203353883,T,IBM,I,1,299.08
2025-12-31,11:14:53.506661991,T,IBM,F,400,299.08
2025-12-31,11:14:53.795776363,T,IBM,F I,1,298.99
2025-12-31,11:14:53.796200344,T,IBM,F I,1,298.99
2025-12-31,11:14:53.900190945,T,IBM,F I,10,298.94
2025-12-31,11:14:53.900244936,T,IBM,F I,5,298.93
2025-12-31,11:14:53.900413379,T,IBM,F I,2,298.92
2025-12-31,11:14:53.900587828,T,IBM,F I,2,298.91
2025-12-31,11:14:53.900762572,T,IBM,F I,10,298.9
2025-12-31,11:14:53.900765284,T,IBM,F I,3,298.9
2025-12-31,11:15:13.669499444,T,IBM,F I,20,298.91
2025-12-31,11:15:13.669499444,T,IBM,F I,31,298.9
2025-12-31,11:15:13.669520522,T,IBM,F I,1,298.89
2025-12-31,11:15:13.669520522,T,IBM,F,40,298.88
2025-12-31,11:15:13.669613656,T,IBM,F I,1,298.89
2025-12-31,11:15:13.669697835,T,IBM,F I,10,298.87
2025-12-31,11:15:13.670555067,T,IBM,F I,13,298.91
2025-12-31,11:15:13.670614974,T,IBM,F I,1,298.91
2025-12-31,11:15:13.670621430,T,IBM,F I,1,298.91
2025-12-31,11:15:13.670624401,T,IBM,F I,1,298.91
2025-12-31,11:15:13.670657439,T,IBM,,400,298.91
2025-12-31,11:15:13.670657439,T,IBM,I,22,298.91
2025-12-31,11:15:13.670915730,T,IBM,F I,3,298.91
2025-12-31,11:15:13.670948928,T,IBM,F I,10,298.91
2025-12-31,11:15:13.670963814,T,IBM,F I,6,298.91
2025-12-31,11:15:13.673817708,T,IBM,I,15,298.91
2025-12-31,11:15:13.685536619,T,IBM,,44,298.93
2025-12-31,11:15:13.685602743,T,IBM,,100,298.92
2025-12-31,11:15:13.698900420,T,IBM,F,40,298.85
2025-12-31,11:15:20.327613573,T,IBM,F I,10,298.88
2025-12-31,11:15:21.153439519,T,IBM,I,12,298.84
2025-12-31,11:15:22.633229295,T,IBM,F I,1,298.82
2025-12-31,11:15:22.633334593,T,IBM,I,22,298.82
2025-12-31,11:15:22.913577699,T,IBM,I,1,298.8
2025-12-31,11:15:23.197754173,T,IBM,I,10,298.76
2025-12-31,11:15:40.482051691,T,IBM,,80,298.75
2025-12-31,11:15:40.482070250,T,IBM,I,1,298.75
2025-12-31,11:15:40.498509986,T,IBM,I,20,298.75
2025-12-31,11:15:49.023203766,T,IBM,F I,16,298.82
2025-12-31,11:15:49.023203766,T,IBM,F I,32,298.82
2025-12-31,11:15:49.023573330,T,IBM,F I,3,298.83
2025-12-31,11:15:49.023573330,T,IBM,F I,20,298.83
2025-12-31,11:15:49.026198717,T,IBM,F I,17,298.83
2025-12-31,11:15:49.026198717,T,IBM,F I,2,298.83
2025-12-31,11:15:49.039376029,T,IBM,,40,298.87
2025-12-31,11:15:49.141069059,T,IBM,I,11,298.88
2025-12-31,11:15:49.957410449,T,IBM,F,40,298.88
2025-12-31,11:16:17.944358136,T,IBM,I,2,298.89
2025-12-31,11:16:17.944360629,T,IBM,,400,298.89
2025-12-31,11:16:17.944739550,T,IBM,F I,8,298.89
2025-12-31,11:16:22.716928882,T,IBM,F I,10,298.86
2025-12-31,11:16:22.716933067,T,IBM,F I,5,298.88
2025-12-31,11:16:22.716935096,T,IBM,F I,30,298.88
2025-12-31,11:16:22.716935096,T,IBM,F I,5,298.89
2025-12-31,11:16:23.348790031,T,IBM,F,80,298.77
2025-12-31,11:16:23.349782366,T,IBM,,100,298.79
2025-12-31,11:16:24.037811272,T,IBM,F I,10,298.81
2025-12-31,11:16:40.824632061,T,IBM,F,50,298.84
2025-12-31,11:16:40.824632061,T,IBM,F I,20,298.84
2025-12-31,11:16:40.824634775,T,IBM,F I,37,298.84
2025-12-31,11:16:40.824677154,T,IBM,,130,298.84
2025-12-31,11:16:40.824679883,T,IBM,,150,298.84
2025-12-31,11:16:40.824685846,T,IBM,,93,298.84
2025-12-31,11:16:40.824691822,T,IBM,F I,27,298.84
2025-12-31,11:16:42.178872640,T,IBM,F I,5,298.84
2025-12-31,11:16:42.178876374,T,IBM,F I,30,298.85
2025-12-31,11:16:42.178878522,T,IBM,F I,10,298.85
2025-12-31,11:16:42.178890665,T,IBM,,242,298.85
2025-12-31,11:16:50.803421998,T,IBM,F I,5,298.82
2025-12-31,11:16:50.803421998,T,IBM,F I,30,298.8
2025-12-31,11:16:50.803424880,T,IBM,F I,5,298.8
2025-12-31,11:16:55.688987716,T,IBM,,150,298.83
2025-12-31,11:16:55.688990553,T,IBM,I,10,298.84
2025-12-31,11:16:55.688990553,T,IBM,I,22,298.85
2025-12-31,11:17:00.899340974,T,IBM,F I,5,298.84
2025-12-31,11:17:00.899344052,T,IBM,F I,10,298.84
2025-12-31,11:17:00.899344052,T,IBM,F I,25,298.82
2025-12-31,11:17:28.020154320,T,IBM,F,40,298.78
2025-12-31,11:17:28.020172144,T,IBM,I,1,298.78
2025-12-31,11:17:28.020184228,T,IBM,F I,2,298.78
2025-12-31,11:17:28.020187460,T,IBM,F I,1,298.78
2025-12-31,11:17:28.020190254,T,IBM,F I,1,298.78
2025-12-31,11:17:28.020190254,T,IBM,I,4,298.78
2025-12-31,11:17:28.021038215,T,IBM,F I,9,298.8
2025-12-31,11:17:28.021047416,T,IBM,F I,6,298.8
2025-12-31,11:17:28.021050205,T,IBM,F,40,298.81
2025-12-31,11:17:28.021056344,T,IBM,F I,5,298.82
2025-12-31,11:17:28.021062255,T,IBM,F I,4,298.82
2025-12-31,11:17:28.021116444,T,IBM,I,18,298.83
2025-12-31,11:17:28.021648751,T,IBM,F,40,298.88
2025-12-31,11:17:28.021648751,T,IBM,F,80,298.88
2025-12-31,11:17:28.021651634,T,IBM,F,40,298.88
2025-12-31,11:17:28.021669646,T,IBM,F,40,298.88
2025-12-31,11:17:28.021838470,T,IBM,,40,298.87
2025-12-31,11:17:28.021841416,T,IBM,I,16,298.84
2025-12-31,11:17:28.021844645,T,IBM,,80,298.83
2025-12-31,11:17:28.021844645,T,IBM,I,4,298.83
2025-12-31,11:17:28.021847131,T,IBM,,52,298.83
