DATE,TIME_M,EX,SYM_ROOT,TR_SCOND,SIZE,PRICE
2025-11-12,9:30:00.221927743,T,IBM,FTI,4,319.88
2025-11-12,9:30:01.204102055,T,IBM,,40,319.51
2025-11-12,9:30:01.204102055,T,IBM,Q,40,319.51
2025-11-12,9:30:01.588444231,T,IBM,,100,319.81
2025-11-12,9:30:01.627248579,T,IBM,F I,27,319.82
2025-11-12,9:30:01.627251561,T,IBM,F I,2,319.82
2025-11-12,9:30:02.305895213,T,IBM,I,3,319.69
2025-11-12,9:30:02.617494013,T,IBM,F I,1,319.79
2025-11-12,9:30:02.716179938,T,IBM,F I,1,319.81
2025-11-12,9:30:02.716203987,T,IBM,F,46,319.82
2025-11-12,9:30:02.761203544,T,IBM,F,160,319.9
2025-11-12,9:30:02.761203544,T,IBM,F,40,319.9
2025-11-12,9:30:02.761209274,T,IBM,F I,1,319.97
2025-11-12,9:30:02.761209274,T,IBM,F I,10,320.0
2025-11-12,9:30:02.761215380,T,IBM,F I,10,320.0
2025-11-12,9:30:02.761215380,T,IBM,F,100,320.0
2025-11-12,9:30:02.761218099,T,IBM,F,40,320.0
2025-11-12,9:30:02.761218099,T,IBM,F,100,320.0
2025-11-12,9:30:02.761221168,T,IBM,F,89,320.0
2025-11-12,9:30:02.761221168,T,IBM,F,62,320.0
2025-11-12,9:30:02.763662964,T,IBM,,40,320.0
2025-11-12,9:30:02.763680994,T,IBM,,40,320.0
2025-11-12,9:30:02.763680994,T,IBM,I,39,320.0
2025-11-12,9:30:02.763708044,T,IBM,,40,320.0
2025-11-12,9:30:02.763729111,T,IBM,F I,4,320.0
2025-11-12,9:30:02.763756144,T,IBM,I,1,320.0
2025-11-12,9:30:02.763756144,T,IBM,I,14,320.0
2025-11-12,9:30:02.801219355,T,IBM,I,5,320.1
2025-11-12,9:30:03.049123612,T,IBM,,50,320.49
2025-11-12,9:30:03.049156680,T,IBM,,40,320.5
2025-11-12,9:30:03.123406371,T,IBM,,40,320.5
2025-11-12,9:30:03.123409907,T,IBM,,40,320.5
2025-11-12,9:30:03.123419086,T,IBM,,40,320.5
2025-11-12,9:30:03.123424482,T,IBM,I,1,320.5
2025-11-12,9:30:03.123439494,T,IBM,I,15,320.5
2025-11-12,9:30:03.123496605,T,IBM,I,24,320.5
2025-11-12,9:30:03.227153608,T,IBM,,160,320.55
2025-11-12,9:30:03.227174391,T,IBM,I,5,320.53
2025-11-12,9:30:03.227174391,T,IBM,I,35,320.55
2025-11-12,9:30:03.227189591,T,IBM,I,5,320.55
2025-11-12,9:30:03.227192513,T,IBM,,200,320.55
2025-11-12,9:30:03.383011447,T,IBM,I,5,320.525
2025-11-12,9:30:03.383065632,T,IBM,F I,1,320.21
2025-11-12,9:30:03.383146801,T,IBM,I,2,320.21
2025-11-12,9:30:03.588412368,T,IBM,F I,1,320.38
2025-11-12,9:30:04.383553319,T,IBM,I,1,320.03
2025-11-12,9:30:04.383670634,T,IBM,,49,320.03
2025-11-12,9:30:04.383971493,T,IBM,,40,320.02
2025-11-12,9:30:04.383974635,T,IBM,,40,320.02
2025-11-12,9:30:04.383978055,T,IBM,,40,320.02
2025-11-12,9:30:04.383978055,T,IBM,,40,320.02
2025-11-12,9:30:04.383983361,T,IBM,,40,320.02
2025-11-12,9:30:04.383983361,T,IBM,I,2,320.02
2025-11-12,9:30:04.383983361,T,IBM,I,1,320.02
2025-11-12,9:30:09.238293441,T,IBM,F I,5,319.84
2025-11-12,9:30:09.238293441,T,IBM,F I,5,319.86
2025-11-12,9:30:09.238296483,T,IBM,F I,5,319.87
2025-11-12,9:30:09.238299029,T,IBM,F I,5,319.87
2025-11-12,9:30:09.238302122,T,IBM,F,40,319.93
2025-11-12,9:30:09.238302122,T,IBM,F I,18,319.99
2025-11-12,9:30:09.238304866,T,IBM,F,46,320.0
2025-11-12,9:30:09.238304866,T,IBM,F,516,320.0
2025-11-12,9:30:09.238307877,T,IBM,F I,6,320.0
2025-11-12,9:30:09.238313922,T,IBM,I,1,320.0
2025-11-12,9:30:09.238323030,T,IBM,I,1,320.0
2025-11-12,9:30:09.238326006,T,IBM,,76,320.0
2025-11-12,9:30:10.700211145,T,IBM,F I,5,319.94
2025-11-12,9:30:10.943818122,T,IBM,,40,320.0
2025-11-12,9:30:10.943821128,T,IBM,,40,320.0
2025-11-12,9:30:10.944106770,T,IBM,F I,1,320.1
2025-11-12,9:30:11.028238001,T,IBM,F I,5,320.06
2025-11-12,9:30:11.028262061,T,IBM,F I,5,319.95
2025-11-12,9:30:11.054626744,T,IBM,I,5,320.1
2025-11-12,9:30:11.056613650,T,IBM,,100,320.1
2025-11-12,9:30:11.986303899,T,IBM,F,100,320.24
2025-11-12,9:30:11.986306900,T,IBM,F,100,320.24
2025-11-12,9:30:11.986306900,T,IBM,F I,10,320.25
2025-11-12,9:30:11.986309955,T,IBM,F I,5,320.26
2025-11-12,9:30:11.986313150,T,IBM,F,40,320.28
2025-11-12,9:30:11.986313150,T,IBM,F I,5,320.3
2025-11-12,9:30:11.986316442,T,IBM,F I,3,320.31
2025-11-12,9:30:11.986316442,T,IBM,F,97,320.32
2025-11-12,9:30:11.986319205,T,IBM,F I,3,320.32
2025-11-12,9:30:11.986319205,T,IBM,F I,3,320.34
2025-11-12,9:30:11.987320245,T,IBM,,40,320.1
2025-11-12,9:30:15.268621000,T,IBM,F,40,319.995
2025-11-12,9:30:17.313471030,T,IBM,F,80,319.845
2025-11-12,9:30:18.750003273,T,IBM,F I,1,319.98
2025-11-12,9:30:18.750003273,T,IBM,F I,1,319.98
2025-11-12,9:30:18.750027790,T,IBM,F I,1,319.99
2025-11-12,9:30:18.750033591,T,IBM,F,100,319.99
2025-11-12,9:30:18.750033591,T,IBM,F,46,320.0
2025-11-12,9:30:18.750036087,T,IBM,F,40,320.0
2025-11-12,9:30:18.750036087,T,IBM,F,139,320.0
2025-11-12,9:30:18.750039000,T,IBM,F,101,320.0
2025-11-12,9:30:18.750243442,T,IBM,,100,320.0
2025-11-12,9:30:22.592099827,T,IBM,,43,320.17
2025-11-12,9:30:22.592108678,T,IBM,,56,320.17
2025-11-12,9:30:22.592108678,T,IBM,,40,320.17
2025-11-12,9:30:22.592111680,T,IBM,,100,320.17
2025-11-12,9:30:22.592854508,T,IBM,F,40,320.18
2025-11-12,9:30:22.593158226,T,IBM,F,100,320.16
2025-11-12,9:30:22.608022573,T,IBM,F I,3,320.06
2025-11-12,9:30:22.608227073,T,IBM,F I,3,320.07
2025-11-12,9:30:22.626294124,T,IBM,,100,320.13
2025-11-12,9:30:22.646568392,T,IBM,I,25,320.11
2025-11-12,9:30:22.658251138,T,IBM,I,12,320.17
2025-11-12,9:30:22.658260181,T,IBM,,100,320.17
2025-11-12,9:30:22.668153716,T,IBM,F,100,320.1
2025-11-12,9:30:22.668153716,T,IBM,F,50,320.08
2025-11-12,9:30:22.672508079,T,IBM,I,6,320.22
2025-11-12,9:30:22.672517146,T,IBM,,100,320.22
2025-11-12,9:30:23.369080442,T,IBM,F I,5,320.1
2025-11-12,9:30:23.369083483,T,IBM,F,100,320.1
2025-11-12,9:30:23.445501664,T,IBM,F I,16,319.96
2025-11-12,9:30:23.445504418,T,IBM,F I,24,319.95
2025-11-12,9:30:23.445522388,T,IBM,I,16,319.95
2025-11-12,9:30:23.445525416,T,IBM,I,1,319.95
2025-11-12,9:30:23.445543450,T,IBM,,40,319.95
2025-11-12,9:30:23.490852322,T,IBM,I,1,319.95
2025-11-12,9:30:27.326017612,T,IBM,F,48,319.95
2025-11-12,9:30:30.357892589,T,IBM,I,22,319.64
2025-11-12,9:30:30.357952743,T,IBM,I,6,319.57
2025-11-12,9:30:30.361143319,T,IBM,I,9,319.16
2025-11-12,9:30:30.367410222,T,IBM,I,5,319.2
2025-11-12,9:30:30.367792178,T,IBM,F I,18,319.2
2025-11-12,9:30:34.200250994,T,IBM,F I,12,319.0
2025-11-12,9:30:34.200253924,T,IBM,F,40,319.0
2025-11-12,9:30:34.200272598,T,IBM,F I,1,319.0
2025-11-12,9:30:34.200272598,T,IBM,I,12,319.0
2025-11-12,9:30:34.200362251,T,IBM,F,40,318.99
2025-11-12,9:30:35.484786099,T,IBM,F,100,318.91
2025-11-12,9:30:35.484786099,T,IBM,F I,5,318.94
2025-11-12,9:30:35.484789600,T,IBM,F,45,318.96
2025-11-12,9:30:35.484807083,T,IBM,F I,3,318.96
2025-11-12,9:30:35.484840628,T,IBM,F I,3,319.01
2025-11-12,9:30:35.484864666,T,IBM,F,40,318.975
2025-11-12,9:30:35.484867355,T,IBM,F,40,318.975
2025-11-12,9:30:35.484867355,T,IBM,F I,10,319.01
2025-11-12,9:30:35.484870236,T,IBM,F,100,319.01
2025-11-12,9:30:35.484915815,T,IBM,I,12,319.14
2025-11-12,9:30:35.484918917,T,IBM,I,4,319.14
2025-11-12,9:30:35.484921335,T,IBM,I,4,319.15
2025-11-12,9:30:35.484936686,T,IBM,,70,319.15
2025-11-12,9:30:35.484936686,T,IBM,F,46,319.15
2025-11-12,9:30:35.485026588,T,IBM,,45,319.02
2025-11-12,9:30:35.485080666,T,IBM,,55,319.02
2025-11-12,9:30:35.485080666,T,IBM,,125,319.01
2025-11-12,9:30:35.485099336,T,IBM,I,1,319.01
2025-11-12,9:30:35.485101743,T,IBM,,54,319.01
2025-11-12,9:30:35.485128773,T,IBM,I,10,319.13
2025-11-12,9:30:35.485309403,T,IBM,I,16,319.02
2025-11-12,9:30:35.486100163,T,IBM,,40,319.02
2025-11-12,9:30:35.486765064,T,IBM,,40,319.15
2025-11-12,9:30:35.486765064,T,IBM,,40,319.15
2025-11-12,9:30:35.486767741,T,IBM,,40,319.15
2025-11-12,9:30:35.486771031,T,IBM,,40,319.15
2025-11-12,9:30:35.486771031,T,IBM,,40,319.15
2025-11-12,9:30:35.486773746,T,IBM,,62,319.15
2025-11-12,9:30:35.486930534,T,IBM,I,10,319.06
2025-11-12,9:30:35.486933408,T,IBM,,64,319.04
2025-11-12,9:30:35.488424669,T,IBM,,100,319.12
2025-11-12,9:30:35.687248956,T,IBM,I,5,319.13
2025-11-12,9:30:35.690337390,T,IBM,F I,13,319.15
2025-11-12,9:30:40.821320755,T,IBM,F,80,319.05
2025-11-12,9:30:40.837667519,T,IBM,F I,1,319.05
2025-11-12,9:30:46.280586304,T,IBM,F I,32,319.04
2025-11-12,9:30:46.280781817,T,IBM,F,100,319.01
2025-11-12,9:30:47.441584646,T,IBM,F I,4,318.81
2025-11-12,9:30:47.441587330,T,IBM,F I,4,318.81
2025-11-12,9:30:47.466107607,T,IBM,F I,4,318.76
2025-11-12,9:30:47.466111027,T,IBM,F I,4,318.76
2025-11-12,9:30:47.466113616,T,IBM,I,4,318.76
2025-11-12,9:30:47.470609374,T,IBM,F I,1,318.81
2025-11-12,9:30:47.470639474,T,IBM,I,1,318.81
2025-11-12,9:30:47.482424451,T,IBM,F I,1,318.86
2025-11-12,9:30:47.482433552,T,IBM,F I,5,318.86
2025-11-12,9:30:47.492065479,T,IBM,F I,30,318.83
2025-11-12,9:30:47.492068438,T,IBM,F I,10,318.81
2025-11-12,9:30:47.492068438,T,IBM,F,40,318.81
2025-11-12,9:30:47.504599348,T,IBM,F I,18,318.855
2025-11-12,9:30:47.520269637,T,IBM,F I,18,318.85
2025-11-12,9:30:47.857979635,T,IBM,,100,318.75
2025-11-12,9:30:47.858271534,T,IBM,F I,22,318.71
2025-11-12,9:30:47.858274241,T,IBM,F I,22,318.71
2025-11-12,9:30:47.858391615,T,IBM,F I,22,318.71
2025-11-12,9:30:47.858680306,T,IBM,I,22,318.71
2025-11-12,9:30:47.858701321,T,IBM,F I,1,318.71
2025-11-12,9:30:47.858737379,T,IBM,I,22,318.7
2025-11-12,9:30:50.918452579,T,IBM,F I,3,318.3
2025-11-12,9:30:50.972379945,T,IBM,I,8,318.19
2025-11-12,9:30:50.972407050,T,IBM,F,92,318.19
2025-11-12,9:30:50.972410074,T,IBM,F,58,318.19
2025-11-12,9:30:51.149576796,T,IBM,I,5,318.42
2025-11-12,9:30:51.149576796,T,IBM,I,1,318.43
2025-11-12,9:30:53.657027246,T,IBM,I,5,318.27
2025-11-12,9:31:02.979617571,T,IBM,F,120,318.62
2025-11-12,9:31:02.979620307,T,IBM,F,40,318.62
2025-11-12,9:31:02.979623324,T,IBM,F,880,318.62
2025-11-12,9:31:02.979626349,T,IBM,F,80,318.62
2025-11-12,9:31:02.979677524,T,IBM,I,25,318.56
2025-11-12,9:31:02.979680879,T,IBM,,75,318.56
2025-11-12,9:31:02.979749655,T,IBM,,100,318.56
2025-11-12,9:31:02.979833824,T,IBM,,100,318.48
2025-11-12,9:31:02.979909457,T,IBM,I,24,318.62
2025-11-12,9:31:02.979939246,T,IBM,F,100,318.36
2025-11-12,9:31:02.979942178,T,IBM,F,47,318.34
2025-11-12,9:31:02.979984220,T,IBM,I,25,318.62
2025-11-12,9:31:02.980009056,T,IBM,,45,318.48
2025-11-12,9:31:02.980014703,T,IBM,,46,318.47
2025-11-12,9:31:02.980014703,T,IBM,I,1,318.47
2025-11-12,9:31:02.980014703,T,IBM,I,8,318.33
2025-11-12,9:31:02.980170723,T,IBM,I,20,318.62
2025-11-12,9:31:02.980299941,T,IBM,F I,24,318.62
2025-11-12,9:31:02.980345187,T,IBM,F I,2,318.62
2025-11-12,9:31:02.980399213,T,IBM,I,16,318.54
2025-11-12,9:31:02.980435302,T,IBM,I,16,318.62
2025-11-12,9:31:02.980450401,T,IBM,F I,1,318.62
2025-11-12,9:31:02.980648829,T,IBM,I,1,318.54
2025-11-12,9:31:02.980734219,T,IBM,F I,7,318.58
2025-11-12,9:31:02.981012706,T,IBM,F,40,318.62
2025-11-12,9:31:02.981587060,T,IBM,I,9,318.62
2025-11-12,9:31:02.981605033,T,IBM,I,37,318.62
2025-11-12,9:31:02.981650508,T,IBM,I,1,318.62
2025-11-12,9:31:04.619343017,T,IBM,,40,318.99
2025-11-12,9:31:04.619619698,T,IBM,F,40,318.99
2025-11-12,9:31:04.752241436,T,IBM,F I,5,318.91
2025-11-12,9:31:04.752406864,T,IBM,F I,1,318.87
2025-11-12,9:31:05.509329832,T,IBM,F I,5,318.96
2025-11-12,9:31:05.509332887,T,IBM,F I,28,319.0
2025-11-12,9:31:07.978387750,T,IBM,,80,318.955
2025-11-12,9:31:12.646331700,T,IBM,F,40,318.955
2025-11-12,9:31:13.711314072,T,IBM,F I,5,319.09
2025-11-12,9:31:22.481434825,T,IBM,F,100,319.28
2025-11-12,9:31:22.994729744,T,IBM,F I,30,319.31
2025-11-12,9:31:22.997030203,T,IBM,,100,319.265
2025-11-12,9:31:24.125860652,T,IBM,F I,30,319.16
2025-11-12,9:31:24.877867217,T,IBM,F I,5,319.11
2025-11-12,9:31:24.877867217,T,IBM,F I,12,319.09
2025-11-12,9:31:24.877875932,T,IBM,F I,7,319.09
2025-11-12,9:31:24.877878939,T,IBM,F I,10,319.06
2025-11-12,9:31:24.877885023,T,IBM,F I,7,319.06
2025-11-12,9:31:24.879187054,T,IBM,F I,16,318.82
2025-11-12,9:31:24.879307607,T,IBM,F I,16,318.8
2025-11-12,9:31:24.879544894,T,IBM,F,150,318.8
2025-11-12,9:31:24.898144284,T,IBM,F I,5,318.91
2025-11-12,9:31:25.135493245,T,IBM,F,100,319.04
2025-11-12,9:31:25.135496255,T,IBM,F,50,319.05
2025-11-12,9:31:28.059889308,T,IBM,I,30,319.18
2025-11-12,9:31:28.564860401,T,IBM,I,30,319.22
2025-11-12,9:31:28.726188488,T,IBM,,40,319.145
2025-11-12,9:31:29.442280290,T,IBM,I,10,319.145
2025-11-12,9:31:30.125458789,T,IBM,F I,5,319.26
2025-11-12,9:31:30.125458789,T,IBM,F I,5,319.29
2025-11-12,9:31:30.125461712,T,IBM,F,70,319.31
2025-11-12,9:31:30.125627115,T,IBM,I,30,319.31
2025-11-12,9:31:30.147582339,T,IBM,F,80,319.36
2025-11-12,9:31:30.147666569,T,IBM,I,20,319.36
2025-11-12,9:31:30.163875102,T,IBM,F,80,319.37
2025-11-12,9:31:31.289941957,T,IBM,F,100,319.5
2025-11-12,9:31:31.290047220,T,IBM,I,1,319.46
2025-11-12,9:31:31.290474255,T,IBM,F I,4,319.57
2025-11-12,9:31:31.300506127,T,IBM,F,78,319.46
2025-11-12,9:31:34.328471688,T,IBM,F I,13,319.62
2025-11-12,9:31:34.345146304,T,IBM,F I,7,319.62
2025-11-12,9:31:34.345146304,T,IBM,F I,6,319.63
2025-11-12,9:31:34.361691777,T,IBM,F I,13,319.63
2025-11-12,9:31:34.379689611,T,IBM,F I,13,319.63
2025-11-12,9:31:34.399010623,T,IBM,F I,13,319.62
2025-11-12,9:31:34.413817799,T,IBM,F I,13,319.63
2025-11-12,9:31:34.427936510,T,IBM,F I,13,319.63
2025-11-12,9:31:34.440356044,T,IBM,F I,13,319.63
2025-11-12,9:31:34.452468836,T,IBM,F I,13,319.65
2025-11-12,9:31:34.464689916,T,IBM,F I,13,319.63
2025-11-12,9:31:34.475614965,T,IBM,F I,13,319.63
2025-11-12,9:31:34.486443708,T,IBM,F I,13,319.67
2025-11-12,9:31:34.498457366,T,IBM,F I,13,319.63
2025-11-12,9:31:34.507896824,T,IBM,F I,13,319.63
2025-11-12,9:31:34.518566262,T,IBM,F I,13,319.67
2025-11-12,9:31:34.518587303,T,IBM,F I,5,319.54
2025-11-12,9:31:34.529584468,T,IBM,F I,13,319.63
2025-11-12,9:31:34.542049186,T,IBM,F I,13,319.67
2025-11-12,9:31:34.554330355,T,IBM,F I,13,319.63
2025-11-12,9:31:34.563514270,T,IBM,F I,13,319.63
2025-11-12,9:31:34.576769935,T,IBM,F I,1,319.67
2025-11-12,9:31:34.576772830,T,IBM,F I,12,319.68
2025-11-12,9:31:34.587439243,T,IBM,F I,1,319.63
2025-11-12,9:31:34.587463312,T,IBM,F I,25,319.54
2025-11-12,9:31:34.599332530,T,IBM,F I,1,319.63
2025-11-12,9:31:34.610997269,T,IBM,F I,1,319.62
2025-11-12,9:31:34.623765723,T,IBM,F I,1,319.62
2025-11-12,9:31:34.632769108,T,IBM,F I,1,319.62
2025-11-12,9:31:34.645555531,T,IBM,F I,1,319.62
2025-11-12,9:31:34.659433653,T,IBM,F I,1,319.62
2025-11-12,9:31:34.672514762,T,IBM,F I,1,319.62
2025-11-12,9:31:34.682600832,T,IBM,F I,1,319.62
2025-11-12,9:31:34.694680527,T,IBM,F I,1,319.62
2025-11-12,9:31:34.707515144,T,IBM,F I,1,319.6
2025-11-12,9:31:34.720337740,T,IBM,F I,1,319.61
2025-11-12,9:31:34.731867104,T,IBM,F I,1,319.61
2025-11-12,9:31:34.743946845,T,IBM,F I,1,319.61
2025-11-12,9:31:34.753187818,T,IBM,F I,1,319.61
2025-11-12,9:31:34.765811860,T,IBM,F I,1,319.61
2025-11-12,9:31:34.778153289,T,IBM,F I,1,319.62
2025-11-12,9:31:34.790623999,T,IBM,F I,1,319.62
2025-11-12,9:31:34.801362497,T,IBM,F I,1,319.62
2025-11-12,9:31:34.812413839,T,IBM,F I,1,319.63
2025-11-12,9:31:34.823128377,T,IBM,F I,1,319.62
2025-11-12,9:31:35.416046930,T,IBM,F I,1,319.64
2025-11-12,9:31:35.440314744,T,IBM,F I,1,319.64
2025-11-12,9:31:35.465508650,T,IBM,F I,1,319.64
2025-11-12,9:31:35.492371679,T,IBM,F I,1,319.64
2025-11-12,9:31:35.518374532,T,IBM,F I,1,319.64
2025-11-12,9:31:35.546193899,T,IBM,F I,1,319.64
2025-11-12,9:31:35.568257240,T,IBM,F I,1,319.64
2025-11-12,9:31:35.600665478,T,IBM,F I,1,319.64
2025-11-12,9:31:35.627110385,T,IBM,F I,1,319.64
2025-11-12,9:31:35.640098334,T,IBM,F I,1,319.64
2025-11-12,9:31:35.651417325,T,IBM,F I,1,319.64
2025-11-12,9:31:35.664760021,T,IBM,F I,1,319.64
2025-11-12,9:31:35.677928369,T,IBM,F I,1,319.64
2025-11-12,9:31:35.691141887,T,IBM,F I,1,319.64
2025-11-12,9:31:35.702920907,T,IBM,F I,1,319.64
2025-11-12,9:31:35.713551210,T,IBM,F I,1,319.64
2025-11-12,9:31:35.725369318,T,IBM,F I,1,319.64
2025-11-12,9:31:35.735548615,T,IBM,F I,1,319.64
2025-11-12,9:31:35.746951718,T,IBM,F I,1,319.64
2025-11-12,9:31:35.758297670,T,IBM,F I,1,319.64
2025-11-12,9:31:35.769739974,T,IBM,F I,1,319.64
2025-11-12,9:31:35.781206305,T,IBM,F I,1,319.64
2025-11-12,9:31:35.792693635,T,IBM,F I,1,319.64
2025-11-12,9:31:35.804247085,T,IBM,F I,1,319.64
2025-11-12,9:31:35.816973409,T,IBM,F I,1,319.64
2025-11-12,9:31:35.827510474,T,IBM,F I,1,319.64
2025-11-12,9:31:35.842365813,T,IBM,F I,1,319.64
2025-11-12,9:31:35.853747992,T,IBM,F I,1,319.64
2025-11-12,9:31:35.870143027,T,IBM,F I,1,319.64
2025-11-12,9:31:35.880598821,T,IBM,F I,1,319.64
2025-11-12,9:31:35.892582423,T,IBM,F I,1,319.64
2025-11-12,9:31:35.906024351,T,IBM,F I,1,319.64
2025-11-12,9:31:35.916104415,T,IBM,F I,1,319.64
2025-11-12,9:31:35.929293843,T,IBM,F I,1,319.64
2025-11-12,9:31:35.941893743,T,IBM,F I,1,319.64
2025-11-12,9:31:35.953480416,T,IBM,F I,1,319.64
2025-11-12,9:31:35.966278887,T,IBM,F I,1,319.64
2025-11-12,9:31:35.979603574,T,IBM,F I,1,319.64
2025-11-12,9:31:35.992672626,T,IBM,F I,1,319.64
2025-11-12,9:31:36.007034906,T,IBM,F I,1,319.64
2025-11-12,9:31:36.108634783,T,IBM,F I,1,319.64
2025-11-12,9:31:36.786860282,T,IBM,F I,5,319.47
2025-11-12,9:31:37.620234304,T,IBM,F I,10,319.41
2025-11-12,9:31:37.620354587,T,IBM,F,64,319.33
2025-11-12,9:31:37.782771217,T,IBM,I,1,319.54
2025-11-12,9:31:41.428912505,T,IBM,F,40,319.55
2025-11-12,9:31:41.885663780,T,IBM,F,100,319.57
2025-11-12,9:31:42.809508375,T,IBM,,80,319.72
2025-11-12,9:31:42.809691763,T,IBM,I,19,319.72
2025-11-12,9:31:42.809718806,T,IBM,F I,25,319.7
2025-11-12,9:31:42.809769937,T,IBM,I,1,319.72
2025-11-12,9:31:42.809769937,T,IBM,I,18,319.73
2025-11-12,9:31:42.809799927,T,IBM,I,1,319.73
2025-11-12,9:31:42.810097835,T,IBM,F,100,319.73
2025-11-12,9:31:42.818863741,T,IBM,,100,319.93
2025-11-12,9:31:42.818863741,T,IBM,,100,319.97
2025-11-12,9:31:42.819161286,T,IBM,I,12,319.97
2025-11-12,9:31:42.819341697,T,IBM,F I,28,319.97
2025-11-12,9:31:42.819344666,T,IBM,F I,12,319.99
2025-11-12,9:31:42.819344666,T,IBM,F I,12,320.0
2025-11-12,9:31:42.819368769,T,IBM,I,28,320.0
2025-11-12,9:31:42.819389843,T,IBM,I,1,320.0
2025-11-12,9:31:42.819404842,T,IBM,I,39,320.0
2025-11-12,9:31:42.819407909,T,IBM,I,1,320.0
2025-11-12,9:31:42.819642428,T,IBM,F,40,320.0
2025-11-12,9:31:42.819642428,T,IBM,F I,12,320.0
2025-11-12,9:31:42.819688799,T,IBM,I,31,320.0
2025-11-12,9:31:42.819697455,T,IBM,F I,9,320.0
2025-11-12,9:31:42.819700279,T,IBM,F I,31,320.0
2025-11-12,9:31:42.819700279,T,IBM,,40,320.0
2025-11-12,9:31:42.819708549,T,IBM,F I,16,320.0
2025-11-12,9:31:42.819760355,T,IBM,F,40,320.0
2025-11-12,9:31:42.819789812,T,IBM,,40,320.0
2025-11-12,9:31:42.819811022,T,IBM,F,40,320.0
2025-11-12,9:31:42.819874181,T,IBM,,40,320.0
2025-11-12,9:31:42.819874181,T,IBM,,40,320.0
2025-11-12,9:31:42.819982210,T,IBM,,40,320.0
2025-11-12,9:31:42.820000236,T,IBM,,40,320.0
2025-11-12,9:31:42.820051947,T,IBM,,40,320.0
2025-11-12,9:31:42.820054994,T,IBM,F,40,320.0
2025-11-12,9:31:42.820096509,T,IBM,I,5,319.92
2025-11-12,9:31:42.820099621,T,IBM,I,1,319.92
2025-11-12,9:31:42.820102548,T,IBM,F,40,320.0
2025-11-12,9:31:42.820114570,T,IBM,F,40,320.0
2025-11-12,9:31:42.820132570,T,IBM,F,40,320.0
2025-11-12,9:31:42.820178015,T,IBM,F,40,320.0
2025-11-12,9:31:42.820180747,T,IBM,F,40,320.0
2025-11-12,9:31:42.820216837,T,IBM,F,40,320.0
2025-11-12,9:31:42.820222970,T,IBM,,40,320.0
2025-11-12,9:31:42.820222970,T,IBM,F,40,320.0
2025-11-12,9:31:42.820285989,T,IBM,F,40,320.0
2025-11-12,9:31:42.820303983,T,IBM,,40,320.0
2025-11-12,9:31:42.820355168,T,IBM,,40,320.0
2025-11-12,9:31:42.820400226,T,IBM,F,40,320.0
2025-11-12,9:31:42.820421318,T,IBM,,40,320.0
2025-11-12,9:31:42.828113557,T,IBM,,40,320.0
2025-11-12,9:31:42.828131860,T,IBM,,40,320.0
2025-11-12,9:31:42.828134874,T,IBM,,291,320.0
2025-11-12,9:31:42.828260944,T,IBM,,40,320.0
2025-11-12,9:31:42.828282015,T,IBM,,40,320.0
2025-11-12,9:31:42.828654928,T,IBM,,40,320.0
2025-11-12,9:31:42.828657857,T,IBM,,91,320.0
2025-11-12,9:31:42.828675920,T,IBM,I,7,320.0
2025-11-12,9:31:42.828679595,T,IBM,I,33,320.0
2025-11-12,9:31:42.828681959,T,IBM,,167,320.0
2025-11-12,9:31:42.832010885,T,IBM,F,40,319.93
2025-11-12,9:31:42.836599730,T,IBM,I,16,319.87
2025-11-12,9:31:42.836599730,T,IBM,I,24,319.86
2025-11-12,9:31:42.836617817,T,IBM,I,1,319.92
2025-11-12,9:31:42.836620834,T,IBM,F I,16,319.86
2025-11-12,9:31:42.838515348,T,IBM,F I,1,319.92
2025-11-12,9:31:42.847828553,T,IBM,F,80,319.795
2025-11-12,9:31:42.853463922,T,IBM,F I,1,319.92
2025-11-12,9:31:43.562729444,T,IBM,F I,1,319.93
2025-11-12,9:31:43.578992328,T,IBM,F I,30,319.93
2025-11-12,9:31:43.578992328,T,IBM,F I,10,320.0
2025-11-12,9:31:43.579334864,T,IBM,I,30,320.0
2025-11-12,9:31:43.579338132,T,IBM,,40,320.0
2025-11-12,9:31:43.579338132,T,IBM,,101,320.0
2025-11-12,9:31:43.579347054,T,IBM,I,4,319.88
2025-11-12,9:31:43.579356006,T,IBM,I,8,320.0
2025-11-12,9:31:43.579413698,T,IBM,I,32,320.0
2025-11-12,9:31:43.579413698,T,IBM,I,10,320.0
2025-11-12,9:31:43.579734862,T,IBM,I,20,319.92
2025-11-12,9:31:43.579734862,T,IBM,I,1,319.94
2025-11-12,9:31:43.579737878,T,IBM,I,4,319.94
2025-11-12,9:31:43.591466136,T,IBM,F,96,319.94
2025-11-12,9:31:43.591468857,T,IBM,F I,13,319.94
2025-11-12,9:31:43.829701933,T,IBM,F I,12,319.9
2025-11-12,9:31:43.829704928,T,IBM,F I,7,319.94
2025-11-12,9:31:43.852363937,T,IBM,F I,12,319.93
2025-11-12,9:31:43.852363937,T,IBM,F I,7,319.94
2025-11-12,9:31:44.166139855,T,IBM,I,19,320.0
2025-11-12,9:31:44.198653303,T,IBM,,40,319.87
2025-11-12,9:31:44.456556318,T,IBM,F,40,319.59
2025-11-12,9:31:48.102877902,T,IBM,F I,20,319.415
2025-11-12,9:31:50.071828094,T,IBM,I,30,319.44
2025-11-12,9:31:50.071828094,T,IBM,,40,319.44
2025-11-12,9:31:50.071830235,T,IBM,I,20,319.36
2025-11-12,9:31:50.071845232,T,IBM,,93,319.36
2025-11-12,9:31:54.485220953,T,IBM,,40,319.65
2025-11-12,9:31:59.180523958,T,IBM,,40,319.65
2025-11-12,9:31:59.968300292,T,IBM,I,16,319.52
2025-11-12,9:31:59.968303280,T,IBM,,64,319.51
2025-11-12,9:31:59.968324358,T,IBM,F I,16,319.51
2025-11-12,9:31:59.968327432,T,IBM,F I,32,319.51
2025-11-12,9:31:59.968330417,T,IBM,,40,319.51
2025-11-12,9:31:59.968337409,T,IBM,F I,4,319.51
2025-11-12,9:31:59.968337409,T,IBM,I,1,319.51
2025-11-12,9:31:59.968339694,T,IBM,,40,319.51
2025-11-12,9:31:59.968342425,T,IBM,F I,16,319.51
2025-11-12,9:31:59.968345436,T,IBM,F I,16,319.51
2025-11-12,9:31:59.968369456,T,IBM,F I,1,319.51
2025-11-12,9:31:59.968468768,T,IBM,F I,1,319.46
2025-11-12,9:31:59.969731770,T,IBM,F,80,319.4
2025-11-12,9:31:59.969746760,T,IBM,F,80,319.4
2025-11-12,9:32:05.112569110,T,IBM,F,100,319.45
2025-11-12,9:32:05.112569110,T,IBM,F,50,319.45
2025-11-12,9:32:05.131598448,T,IBM,F I,5,319.59
2025-11-12,9:32:07.157464307,T,IBM,F I,1,319.94
2025-11-12,9:32:07.157464307,T,IBM,F,40,319.95
2025-11-12,9:32:07.158796529,T,IBM,I,3,319.94
2025-11-12,9:32:07.209855048,T,IBM,,100,319.75
2025-11-12,9:32:09.275797390,T,IBM,,45,319.63
2025-11-12,9:32:09.275800381,T,IBM,I,18,319.59
2025-11-12,9:32:11.398202708,T,IBM,,100,319.75
2025-11-12,9:32:11.398205191,T,IBM,I,5,319.74
2025-11-12,9:32:11.398208193,T,IBM,I,15,319.7
2025-11-12,9:32:14.403445619,T,IBM,,100,319.67
2025-11-12,9:32:14.403445619,T,IBM,,60,319.63
2025-11-12,9:32:16.650112377,T,IBM,,100,319.81
2025-11-12,9:32:16.650112377,T,IBM,I,20,319.7
2025-11-12,9:32:16.650118522,T,IBM,I,5,319.7
2025-11-12,9:32:16.650124322,T,IBM,I,30,319.68
2025-11-12,9:32:16.650127600,T,IBM,,100,319.68
2025-11-12,9:32:16.650127600,T,IBM,I,25,319.67
2025-11-12,9:32:16.650182075,T,IBM,F I,16,319.63
2025-11-12,9:32:16.650187354,T,IBM,F,40,319.63
2025-11-12,9:32:16.650187354,T,IBM,F,44,319.62
2025-11-12,9:32:16.650202416,T,IBM,I,1,319.62
2025-11-12,9:32:16.650205425,T,IBM,F,75,319.62
2025-11-12,9:32:16.650208458,T,IBM,F,40,319.62
2025-11-12,9:32:16.650226867,T,IBM,F,136,319.61
2025-11-12,9:32:16.650262598,T,IBM,,100,319.62
2025-11-12,9:32:16.650467484,T,IBM,I,3,319.62
2025-11-12,9:32:16.650491176,T,IBM,F,100,319.62
2025-11-12,9:32:16.650491176,T,IBM,F,100,319.63
2025-11-12,9:32:16.650657003,T,IBM,,160,319.63
2025-11-12,9:32:16.650677572,T,IBM,I,1,319.63
2025-11-12,9:32:16.652148081,T,IBM,F,80,319.46
2025-11-12,9:32:16.652154104,T,IBM,,80,319.46
2025-11-12,9:32:16.652157623,T,IBM,,80,319.46
2025-11-12,9:32:16.652166330,T,IBM,F,80,319.46
2025-11-12,9:32:16.652169083,T,IBM,F,57,319.46
2025-11-12,9:32:16.652304597,T,IBM,F I,9,319.46
2025-11-12,9:32:16.652608189,T,IBM,I,4,319.46
2025-11-12,9:32:16.653005154,T,IBM,F I,23,319.46
2025-11-12,9:32:16.658457134,T,IBM,F I,17,319.46
2025-11-12,9:32:16.658460108,T,IBM,F I,27,319.46
2025-11-12,9:32:21.622903971,T,IBM,,40,319.65
2025-11-12,9:32:22.715825904,T,IBM,F,40,319.48
2025-11-12,9:32:22.715829531,T,IBM,F,40,319.48
2025-11-12,9:32:22.717127989,T,IBM,,40,319.47
2025-11-12,9:32:22.717146044,T,IBM,,40,319.47
2025-11-12,9:32:30.502714321,T,IBM,F,76,319.4
2025-11-12,9:32:30.505595169,T,IBM,F,47,319.48
2025-11-12,9:32:30.505697401,T,IBM,F,42,319.48
2025-11-12,9:32:30.505703401,T,IBM,F I,11,319.48
2025-11-12,9:32:30.505757500,T,IBM,F I,31,319.49
2025-11-12,9:32:30.505766537,T,IBM,I,1,319.49
2025-11-12,9:32:30.509943429,T,IBM,F,40,319.395
2025-11-12,9:32:30.772940572,T,IBM,F I,8,319.49
2025-11-12,9:32:30.772940572,T,IBM,F,40,319.54
2025-11-12,9:32:32.018424661,T,IBM,F I,2,319.76
2025-11-12,9:32:32.020307081,T,IBM,I,20,319.88
2025-11-12,9:32:32.020307081,T,IBM,I,25,319.86
2025-11-12,9:32:32.020310154,T,IBM,I,10,319.83
2025-11-12,9:32:36.004753702,T,IBM,I,4,319.785
2025-11-12,9:32:38.689479094,T,IBM,F,40,320.02
2025-11-12,9:32:40.220775621,T,IBM,F,40,320.02
2025-11-12,9:32:40.225981036,T,IBM,,40,320.02
2025-11-12,9:32:40.332608871,T,IBM,F I,25,320.03
2025-11-12,9:32:41.641423729,T,IBM,I,1,320.01
2025-11-12,9:32:42.500199166,T,IBM,I,8,320.0
2025-11-12,9:32:42.500220147,T,IBM,F,92,320.0
2025-11-12,9:32:42.501002036,T,IBM,F I,4,320.0
2025-11-12,9:32:43.625039024,T,IBM,F I,5,319.9
2025-11-12,9:32:43.625050984,T,IBM,F I,25,319.82
2025-11-12,9:32:43.625054020,T,IBM,F I,20,319.82
2025-11-12,9:32:43.625060673,T,IBM,F I,5,319.81
2025-11-12,9:32:43.625063015,T,IBM,F I,16,319.81
2025-11-12,9:32:43.625069878,T,IBM,F,40,319.8
2025-11-12,9:32:43.625072220,T,IBM,F,40,319.8
2025-11-12,9:32:43.625075057,T,IBM,F I,14,319.8
2025-11-12,9:32:43.625078049,T,IBM,F I,26,319.8
2025-11-12,9:32:43.625081087,T,IBM,F,40,319.8
2025-11-12,9:32:43.625099567,T,IBM,F I,1,319.79
2025-11-12,9:32:43.625102603,T,IBM,F I,1,319.79
2025-11-12,9:32:43.625153947,T,IBM,F I,2,319.79
2025-11-12,9:32:43.625493330,T,IBM,F I,25,319.89
2025-11-12,9:32:43.625496143,T,IBM,I,8,319.94
2025-11-12,9:32:43.625616965,T,IBM,I,15,319.92
2025-11-12,9:32:43.625694672,T,IBM,I,6,319.8
2025-11-12,9:32:43.625724632,T,IBM,I,34,319.8
2025-11-12,9:32:43.625808971,T,IBM,I,27,319.87
2025-11-12,9:32:43.625878010,T,IBM,F I,23,319.8
2025-11-12,9:32:43.625880975,T,IBM,I,27,319.9
2025-11-12,9:32:43.626085454,T,IBM,I,25,319.93
2025-11-12,9:32:43.626088704,T,IBM,I,30,319.99
2025-11-12,9:32:43.626172842,T,IBM,,40,320.01
2025-11-12,9:32:43.918101702,T,IBM,F I,30,320.12
2025-11-12,9:32:43.930380387,T,IBM,I,16,320.14
2025-11-12,9:32:43.930382931,T,IBM,I,24,320.13
2025-11-12,9:32:43.930404109,T,IBM,F,56,320.13
2025-11-12,9:32:43.930404109,T,IBM,F,80,320.13
2025-11-12,9:32:43.930587600,T,IBM,I,13,320.13
2025-11-12,9:32:43.930701648,T,IBM,F I,28,320.13
2025-11-12,9:32:44.258064063,T,IBM,I,5,320.05
2025-11-12,9:32:46.352808948,T,IBM,I,4,320.05
2025-11-12,9:32:46.352845048,T,IBM,,40,320.05
2025-11-12,9:32:46.352848068,T,IBM,,80,320.0
2025-11-12,9:32:46.352863423,T,IBM,I,1,320.0
2025-11-12,9:32:46.352866041,T,IBM,F I,39,320.0
2025-11-12,9:32:46.353191349,T,IBM,F I,19,320.0
2025-11-12,9:32:46.353222070,T,IBM,I,19,320.0
2025-11-12,9:32:46.353238955,T,IBM,F,42,320.0
2025-11-12,9:32:46.624866668,T,IBM,F I,25,320.12
2025-11-12,9:32:46.624866668,T,IBM,F I,20,320.12
2025-11-12,9:32:56.828175548,T,IBM,F,80,320.24
2025-11-12,9:32:56.828241397,T,IBM,F I,20,320.24
2025-11-12,9:32:56.828244418,T,IBM,F,72,320.25
2025-11-12,9:32:56.828244418,T,IBM,F I,8,320.25
2025-11-12,9:32:56.851387496,T,IBM,I,3,320.36
2025-11-12,9:32:56.851424183,T,IBM,F I,25,320.36
2025-11-12,9:32:56.851426641,T,IBM,F I,2,320.36
2025-11-12,9:32:56.851598028,T,IBM,,40,320.36
2025-11-12,9:32:57.454190603,T,IBM,I,1,320.39
2025-11-12,9:32:59.946604974,T,IBM,F I,1,320.58
2025-11-12,9:32:59.946683128,T,IBM,F I,4,320.61
2025-11-12,9:33:00.599606576,T,IBM,F,54,320.57
2025-11-12,9:33:00.599609491,T,IBM,I,5,320.57
2025-11-12,9:33:00.599618530,T,IBM,F,101,320.57
2025-11-12,9:33:06.137915331,T,IBM,F I,22,320.44
2025-11-12,9:33:06.757330057,T,IBM,F I,4,320.22
2025-11-12,9:33:06.757330057,T,IBM,F,40,320.22
2025-11-12,9:33:06.758180940,T,IBM,,80,320.16
2025-11-12,9:33:07.130918720,T,IBM,F I,16,320.16
2025-11-12,9:33:07.130921452,T,IBM,F I,24,320.16
2025-11-12,9:33:07.130924443,T,IBM,F I,6,320.16
2025-11-12,9:33:07.130924443,T,IBM,F I,34,320.15
2025-11-12,9:33:07.130939415,T,IBM,I,6,320.15
2025-11-12,9:33:07.391392570,T,IBM,,40,320.2
2025-11-12,9:33:08.311796758,T,IBM,F I,25,320.17
2025-11-12,9:33:09.729630013,T,IBM,I,10,320.18
2025-11-12,9:33:12.923290640,T,IBM,F I,5,320.09
2025-11-12,9:33:12.923293261,T,IBM,F,76,320.06
2025-11-12,9:33:12.923296099,T,IBM,F I,24,320.06
2025-11-12,9:33:12.923299246,T,IBM,F I,16,320.06
2025-11-12,9:33:12.923299246,T,IBM,F I,1,320.06
2025-11-12,9:33:12.923308468,T,IBM,I,1,320.05
2025-11-12,9:33:12.923308468,T,IBM,,80,320.05
2025-11-12,9:33:12.923365206,T,IBM,I,13,320.11
2025-11-12,9:33:12.923455496,T,IBM,F I,5,320.1
2025-11-12,9:33:12.923455496,T,IBM,I,16,320.1
2025-11-12,9:33:12.923473507,T,IBM,I,13,320.05
2025-11-12,9:33:12.923473507,T,IBM,I,13,320.05
2025-11-12,9:33:12.923485747,T,IBM,F I,5,320.11
2025-11-12,9:33:12.923488548,T,IBM,F I,4,320.11
2025-11-12,9:33:12.923515619,T,IBM,I,3,320.11
2025-11-12,9:33:12.925028215,T,IBM,F I,3,320.12
2025-11-12,9:33:17.204928232,T,IBM,F I,16,320.36
2025-11-12,9:33:17.204928232,T,IBM,F I,33,320.35
2025-11-12,9:33:17.204937168,T,IBM,I,16,320.35
2025-11-12,9:33:17.205111572,T,IBM,I,3,320.35
2025-11-12,9:33:17.205120851,T,IBM,I,37,320.35
2025-11-12,9:33:17.205120851,T,IBM,I,3,320.35
2025-11-12,9:33:17.205123746,T,IBM,I,37,320.35
2025-11-12,9:33:17.207953385,T,IBM,I,21,320.35
2025-11-12,9:33:18.874211357,T,IBM,F,40,320.285
2025-11-12,9:33:18.874211357,T,IBM,F,100,320.39
2025-11-12,9:33:18.874217374,T,IBM,F I,30,320.39
2025-11-12,9:33:18.874217374,T,IBM,F,100,320.44
2025-11-12,9:33:18.874217374,T,IBM,F,100,320.45
2025-11-12,9:33:18.874223563,T,IBM,F,63,320.46
2025-11-12,9:33:18.874223563,T,IBM,F I,30,320.54
2025-11-12,9:33:18.875938589,T,IBM,F,72,320.6
2025-11-12,9:33:18.875943224,T,IBM,F,100,320.6
2025-11-12,9:33:18.875943224,T,IBM,F,100,320.6
2025-11-12,9:33:18.875946243,T,IBM,F,40,320.6
2025-11-12,9:33:18.988522231,T,IBM,,40,320.51
2025-11-12,9:33:19.074093986,T,IBM,F I,30,320.57
2025-11-12,9:33:22.812846713,T,IBM,I,1,320.7
2025-11-12,9:33:22.862949001,T,IBM,F I,10,320.88
2025-11-12,9:33:22.864783919,T,IBM,I,3,321.0
2025-11-12,9:33:22.865035992,T,IBM,F I,19,320.95
2025-11-12,9:33:22.869330127,T,IBM,F I,2,320.95
2025-11-12,9:33:22.869829343,T,IBM,F I,10,321.0
2025-11-12,9:33:22.869838344,T,IBM,F I,5,321.0
2025-11-12,9:33:22.870836781,T,IBM,F,80,321.005
2025-11-12,9:33:23.070109166,T,IBM,F I,25,320.84
2025-11-12,9:33:27.739018123,T,IBM,F,40,320.99
2025-11-12,9:33:27.739018123,T,IBM,F,40,320.99
2025-11-12,9:33:27.739033159,T,IBM,F,60,320.99
2025-11-12,9:33:27.739033159,T,IBM,F,60,321.0
2025-11-12,9:33:27.739054205,T,IBM,I,1,321.0
2025-11-12,9:33:27.739072325,T,IBM,F I,19,321.0
2025-11-12,9:33:27.739580549,T,IBM,,100,320.99
2025-11-12,9:33:27.937833526,T,IBM,F,75,320.91
2025-11-12,9:33:27.937836451,T,IBM,F I,20,320.9
2025-11-12,9:33:27.937908680,T,IBM,,52,320.91
2025-11-12,9:33:27.940446727,T,IBM,,78,320.91
2025-11-12,9:33:29.234906154,T,IBM,,48,320.91
2025-11-12,9:33:29.234906154,T,IBM,I,10,320.99
2025-11-12,9:33:29.234911383,T,IBM,,50,321.04
2025-11-12,9:33:29.234911383,T,IBM,I,25,321.06
2025-11-12,9:33:29.234914741,T,IBM,I,20,321.08
2025-11-12,9:33:29.234914741,T,IBM,,100,321.09
2025-11-12,9:33:29.234917367,T,IBM,I,10,321.09
2025-11-12,9:33:29.234920448,T,IBM,,100,321.1
2025-11-12,9:33:29.236619499,T,IBM,,118,321.1
2025-11-12,9:33:29.236622443,T,IBM,F,1519,321.1
2025-11-12,9:33:36.678445189,T,IBM,I,5,321.0
2025-11-12,9:33:36.678490167,T,IBM,F,80,321.0
2025-11-12,9:33:36.678817950,T,IBM,I,24,321.01
2025-11-12,9:33:36.678869040,T,IBM,F,76,321.01
2025-11-12,9:33:39.967997517,T,IBM,F I,31,321.19
2025-11-12,9:33:39.968066638,T,IBM,F I,1,321.2
2025-11-12,9:33:39.978639876,T,IBM,I,6,321.11
2025-11-12,9:33:39.978660870,T,IBM,I,6,321.1
2025-11-12,9:33:39.978675931,T,IBM,I,6,321.1
2025-11-12,9:33:41.532799821,T,IBM,I,4,321.1
2025-11-12,9:33:41.532802782,T,IBM,F,50,321.1
2025-11-12,9:33:41.532886974,T,IBM,F I,10,321.1
2025-11-12,9:33:41.532893014,T,IBM,I,30,321.1
2025-11-12,9:33:41.532926130,T,IBM,I,25,321.05
2025-11-12,9:33:41.532944109,T,IBM,I,1,321.05
2025-11-12,9:33:41.533317060,T,IBM,I,5,321.05
2025-11-12,9:33:41.796049533,T,IBM,F I,25,321.11
2025-11-12,9:33:42.934337419,T,IBM,F,40,321.17
2025-11-12,9:33:44.156876996,T,IBM,I,16,321.24
2025-11-12,9:33:44.156895018,T,IBM,F I,9,321.24
2025-11-12,9:33:44.157066472,T,IBM,F I,1,321.22
2025-11-12,9:33:44.157195669,T,IBM,F I,1,321.22
2025-11-12,9:33:44.158034737,T,IBM,F I,13,321.24
2025-11-12,9:33:49.809557325,T,IBM,F I,30,321.32
2025-11-12,9:33:49.809563636,T,IBM,F,50,321.39
2025-11-12,9:33:49.809578383,T,IBM,F I,30,321.39
2025-11-12,9:33:49.809581354,T,IBM,I,1,321.39
2025-11-12,9:33:49.810005420,T,IBM,I,25,321.37
2025-11-12,9:33:49.810008418,T,IBM,I,35,321.34
2025-11-12,9:33:49.810044586,T,IBM,I,15,321.34
2025-11-12,9:33:49.810044586,T,IBM,I,20,321.32
2025-11-12,9:33:54.064483040,T,IBM,F I,14,321.37
2025-11-12,9:33:54.064540255,T,IBM,F,45,321.41
2025-11-12,9:33:54.393415174,T,IBM,I,1,321.71
2025-11-12,9:33:54.393433221,T,IBM,F I,1,321.71
2025-11-12,9:33:57.957707557,T,IBM,F I,17,321.655
2025-11-12,9:33:57.957710645,T,IBM,F I,8,321.655
2025-11-12,9:33:57.957996296,T,IBM,,53,321.655
2025-11-12,9:33:58.697192474,T,IBM,I,2,321.8
2025-11-12,9:33:58.697201103,T,IBM,F I,20,321.81
2025-11-12,9:33:58.697225113,T,IBM,F I,20,321.81
2025-11-12,9:33:58.697321345,T,IBM,F I,1,321.8
2025-11-12,9:33:59.208249642,T,IBM,I,30,321.97
2025-11-12,9:33:59.208670702,T,IBM,I,1,321.935
2025-11-12,9:33:59.208688682,T,IBM,I,1,321.935
2025-11-12,9:33:59.208694763,T,IBM,F I,25,321.935
2025-11-12,9:33:59.208724868,T,IBM,F,53,321.935
2025-11-12,9:33:59.208748977,T,IBM,I,5,321.94
2025-11-12,9:33:59.208754878,T,IBM,I,1,321.94
2025-11-12,9:33:59.208754878,T,IBM,I,3,321.94
2025-11-12,9:33:59.209094841,T,IBM,F I,1,321.91
2025-11-12,9:33:59.209109739,T,IBM,I,2,321.9
2025-11-12,9:33:59.209121766,T,IBM,F I,2,321.91
2025-11-12,9:33:59.209136996,T,IBM,I,1,321.91
2025-11-12,9:33:59.209152360,T,IBM,,52,321.91
2025-11-12,9:33:59.209152360,T,IBM,I,3,321.91
2025-11-12,9:33:59.209155805,T,IBM,F I,37,321.91
2025-11-12,9:33:59.209158113,T,IBM,F I,18,321.91
2025-11-12,9:33:59.209164671,T,IBM,,53,321.91
2025-11-12,9:33:59.209169979,T,IBM,,53,321.91
2025-11-12,9:33:59.209173822,T,IBM,,53,321.91
2025-11-12,9:33:59.209173822,T,IBM,F I,3,321.91
2025-11-12,9:33:59.209173822,T,IBM,I,1,321.91
2025-11-12,9:33:59.209176217,T,IBM,F I,37,321.91
2025-11-12,9:33:59.209208983,T,IBM,F,229,321.91
2025-11-12,9:33:59.209374702,T,IBM,I,3,321.95
2025-11-12,9:33:59.209416461,T,IBM,F I,1,321.95
2025-11-12,9:33:59.209482604,T,IBM,F I,10,322.0
2025-11-12,9:33:59.209485627,T,IBM,F I,10,322.0
2025-11-12,9:33:59.209542774,T,IBM,F I,1,321.95
2025-11-12,9:33:59.220512837,T,IBM,F I,20,321.96
2025-11-12,9:33:59.220560950,T,IBM,F I,10,321.95
2025-11-12,9:33:59.220560950,T,IBM,F I,10,321.95
2025-11-12,9:34:00.585272897,T,IBM,I,10,321.75
2025-11-12,9:34:00.585276022,T,IBM,,50,321.74
2025-11-12,9:34:00.585276022,T,IBM,I,5,321.7
2025-11-12,9:34:00.585278978,T,IBM,I,15,321.7
2025-11-12,9:34:00.590126452,T,IBM,I,16,321.53
2025-11-12,9:34:00.590129528,T,IBM,I,24,321.53
2025-11-12,9:34:00.596703104,T,IBM,,40,321.52
2025-11-12,9:34:00.596724790,T,IBM,I,1,321.52
2025-11-12,9:34:00.779562403,T,IBM,,40,321.52
2025-11-12,9:34:01.613637244,T,IBM,F I,5,321.62
2025-11-12,9:34:01.613640093,T,IBM,F I,5,321.62
2025-11-12,9:34:01.613646122,T,IBM,F,300,321.63
2025-11-12,9:34:01.613650126,T,IBM,F I,1,321.63
2025-11-12,9:34:01.613652204,T,IBM,F,100,321.63
2025-11-12,9:34:02.043300021,T,IBM,F I,2,321.86
2025-11-12,9:34:05.066905143,T,IBM,F,80,322.0
2025-11-12,9:34:05.066908135,T,IBM,F,75,322.0
2025-11-12,9:34:05.944721930,T,IBM,F I,31,322.1
2025-11-12,9:34:05.944800107,T,IBM,I,10,322.11
2025-11-12,9:34:05.944803061,T,IBM,,70,322.1
2025-11-12,9:34:05.944824199,T,IBM,F I,30,322.1
2025-11-12,9:34:05.944824199,T,IBM,F,100,322.1
2025-11-12,9:34:05.944827195,T,IBM,F,100,322.1
2025-11-12,9:34:05.944881422,T,IBM,I,6,322.04
2025-11-12,9:34:05.944917412,T,IBM,I,6,322.02
2025-11-12,9:34:05.945113132,T,IBM,I,6,322.01
2025-11-12,9:34:05.945533811,T,IBM,F I,23,321.97
2025-11-12,9:34:10.476718084,T,IBM,I,30,321.96
2025-11-12,9:34:10.476718084,T,IBM,I,4,321.91
2025-11-12,9:34:12.602012749,T,IBM,,100,322.0
2025-11-12,9:34:12.603583089,T,IBM,F,100,322.01
2025-11-12,9:34:16.612811150,T,IBM,I,30,322.06
2025-11-12,9:34:19.000206616,T,IBM,F I,30,322.14
2025-11-12,9:34:19.000206616,T,IBM,F I,9,322.16
2025-11-12,9:34:19.000260880,T,IBM,F I,3,322.17
2025-11-12,9:34:19.000263774,T,IBM,F I,32,322.17
2025-11-12,9:34:19.020453907,T,IBM,F,80,322.38
2025-11-12,9:34:19.020456872,T,IBM,F I,17,322.38
2025-11-12,9:34:20.511150729,T,IBM,I,1,322.41
2025-11-12,9:34:20.511159720,T,IBM,I,1,322.41
2025-11-12,9:34:21.024154019,T,IBM,F I,5,322.35
2025-11-12,9:34:22.436192566,T,IBM,I,8,322.295
2025-11-12,9:34:23.359417536,T,IBM,F,50,322.36
2025-11-12,9:34:24.837243984,T,IBM,F,70,322.38
2025-11-12,9:34:24.837246665,T,IBM,F,40,322.38
2025-11-12,9:34:24.837249689,T,IBM,F,100,322.38
2025-11-12,9:34:24.837252883,T,IBM,F,40,322.39
2025-11-12,9:34:24.837252883,T,IBM,F I,30,322.39
2025-11-12,9:34:24.837256513,T,IBM,F,40,322.4
2025-11-12,9:34:24.837258744,T,IBM,F I,22,322.4
2025-11-12,9:34:24.837285767,T,IBM,F I,8,322.4
2025-11-12,9:34:24.837294765,T,IBM,F,70,322.41
2025-11-12,9:34:24.837297775,T,IBM,F I,20,322.42
2025-11-12,9:34:24.837297775,T,IBM,F I,2,322.42
2025-11-12,9:34:24.837721893,T,IBM,F I,20,322.39
2025-11-12,9:34:24.837745875,T,IBM,F,80,322.39
2025-11-12,9:34:27.350756488,T,IBM,F,100,322.48
2025-11-12,9:34:27.350756488,T,IBM,F I,12,322.49
2025-11-12,9:34:27.350762963,T,IBM,F I,28,322.49
2025-11-12,9:34:27.350765871,T,IBM,F I,2,322.49
2025-11-12,9:34:27.350768526,T,IBM,F,70,322.49
2025-11-12,9:34:27.351129389,T,IBM,F,80,322.48
2025-11-12,9:34:27.351138362,T,IBM,F I,20,322.48
2025-11-12,9:34:27.352825403,T,IBM,,70,322.6
2025-11-12,9:34:27.353415222,T,IBM,I,6,322.59
2025-11-12,9:34:27.353417829,T,IBM,,64,322.59
2025-11-12,9:34:27.366928948,T,IBM,F,40,322.66
2025-11-12,9:34:27.599701170,T,IBM,F,85,322.87
2025-11-12,9:34:27.599704174,T,IBM,F,40,322.87
2025-11-12,9:34:27.599722155,T,IBM,F I,5,322.9
2025-11-12,9:34:27.599746246,T,IBM,F I,4,322.91
2025-11-12,9:34:27.599749264,T,IBM,F,40,322.91
2025-11-12,9:34:27.601448300,T,IBM,,40,322.79
2025-11-12,9:34:27.603598427,T,IBM,I,30,322.87
2025-11-12,9:34:27.623388527,T,IBM,F I,19,322.88
2025-11-12,9:34:27.623398139,T,IBM,F I,19,322.88
2025-11-12,9:34:27.623415579,T,IBM,F I,2,322.88
2025-11-12,9:34:27.623427582,T,IBM,I,18,322.95
2025-11-12,9:34:27.623644161,T,IBM,I,3,322.86
2025-11-12,9:34:27.623905828,T,IBM,I,10,322.91
2025-11-12,9:34:27.623926890,T,IBM,F I,20,322.91
2025-11-12,9:34:27.624044748,T,IBM,I,3,322.86
2025-11-12,9:34:27.636229173,T,IBM,I,1,322.9
2025-11-12,9:34:27.636232176,T,IBM,I,3,322.9
2025-11-12,9:34:27.650612371,T,IBM,,40,322.95
2025-11-12,9:34:27.650813885,T,IBM,F I,19,322.93
2025-11-12,9:34:27.658809894,T,IBM,,80,323.0
2025-11-12,9:34:27.658827910,T,IBM,I,1,323.0
2025-11-12,9:34:27.658855012,T,IBM,F,79,323.0
2025-11-12,9:34:27.658861001,T,IBM,,98,323.0
2025-11-12,9:34:27.662659420,T,IBM,,50,322.87
2025-11-12,9:34:27.662662659,T,IBM,,40,322.87
2025-11-12,9:34:27.662662659,T,IBM,I,16,322.87
2025-11-12,9:34:27.662665298,T,IBM,I,35,322.87
2025-11-12,9:34:27.662737181,T,IBM,F,65,322.87
2025-11-12,9:34:27.662740189,T,IBM,F I,19,322.86
2025-11-12,9:34:27.662743897,T,IBM,F I,16,322.86
2025-11-12,9:34:27.662743897,T,IBM,F I,20,322.86
2025-11-12,9:34:27.662758331,T,IBM,I,1,322.86
2025-11-12,9:34:27.662786200,T,IBM,I,19,322.86
2025-11-12,9:34:27.662786200,T,IBM,I,5,322.86
2025-11-12,9:34:27.662789005,T,IBM,,40,322.86
2025-11-12,9:34:27.662809435,T,IBM,I,21,322.93
2025-11-12,9:34:27.664072384,T,IBM,I,13,322.9
2025-11-12,9:34:27.664075398,T,IBM,I,32,322.92
2025-11-12,9:34:27.664102509,T,IBM,I,18,322.92
2025-11-12,9:34:27.664106228,T,IBM,I,30,322.93
2025-11-12,9:34:27.664106228,T,IBM,F I,10,322.93
2025-11-12,9:34:29.000474967,T,IBM,F I,10,322.89
2025-11-12,9:34:29.832841509,T,IBM,F I,9,322.85
2025-11-12,9:34:29.832841509,T,IBM,I,9,322.87
2025-11-12,9:34:29.838747521,T,IBM,F I,20,322.93
2025-11-12,9:34:29.838816767,T,IBM,F I,28,323.0
2025-11-12,9:34:30.176412366,T,IBM,I,20,322.93
2025-11-12,9:34:30.297041588,T,IBM,I,37,322.89
2025-11-12,9:34:33.364130246,T,IBM,F I,7,322.74
2025-11-12,9:34:33.364361783,T,IBM,F I,7,322.73
2025-11-12,9:34:37.589774915,T,IBM,F I,18,322.62
2025-11-12,9:34:37.589799187,T,IBM,F,62,322.62
2025-11-12,9:34:37.589799187,T,IBM,F,70,322.62
2025-11-12,9:34:37.589844055,T,IBM,I,12,322.62
2025-11-12,9:34:37.589880249,T,IBM,,80,322.62
2025-11-12,9:34:37.589902937,T,IBM,F I,8,322.62
2025-11-12,9:34:37.589907209,T,IBM,F,40,322.615
2025-11-12,9:34:37.589907209,T,IBM,F I,30,322.61
2025-11-12,9:34:37.590259076,T,IBM,I,37,322.61
2025-11-12,9:34:37.590280092,T,IBM,I,1,322.61
2025-11-12,9:34:37.615822978,T,IBM,F I,1,322.67
2025-11-12,9:34:37.615847040,T,IBM,F I,2,322.67
2025-11-12,9:34:37.615883081,T,IBM,F I,6,322.64
2025-11-12,9:34:37.615913155,T,IBM,I,39,322.64
2025-11-12,9:34:37.615913155,T,IBM,I,1,322.64
2025-11-12,9:34:37.616003314,T,IBM,I,8,322.68
2025-11-12,9:34:37.616087759,T,IBM,F I,20,322.68
2025-11-12,9:34:37.616099588,T,IBM,F I,8,322.64
2025-11-12,9:34:37.616118095,T,IBM,I,4,322.66
2025-11-12,9:34:37.616120589,T,IBM,I,4,322.65
2025-11-12,9:34:38.034395351,T,IBM,F I,4,322.68
2025-11-12,9:34:38.034395351,T,IBM,F I,8,322.68
2025-11-12,9:34:38.034401462,T,IBM,F I,2,322.68
2025-11-12,9:34:38.050237062,T,IBM,I,1,322.72
2025-11-12,9:34:38.050255133,T,IBM,F I,2,322.73
2025-11-12,9:34:38.374652436,T,IBM,F I,2,322.99
2025-11-12,9:34:39.182020467,T,IBM,F I,20,323.03
2025-11-12,9:34:39.346500097,T,IBM,I,28,323.11
2025-11-12,9:34:39.346503035,T,IBM,I,1,323.11
2025-11-12,9:34:39.350018351,T,IBM,I,2,323.14
2025-11-12,9:34:39.350021497,T,IBM,I,1,323.14
2025-11-12,9:34:39.350021497,T,IBM,I,1,323.14
2025-11-12,9:34:39.659903130,T,IBM,I,5,322.985
2025-11-12,9:34:39.660143746,T,IBM,I,5,322.985
2025-11-12,9:34:39.812621853,T,IBM,F I,1,322.99
2025-11-12,9:34:39.812621853,T,IBM,F I,10,322.99
2025-11-12,9:34:40.997965606,T,IBM,F,40,323.01
2025-11-12,9:34:40.997968612,T,IBM,F,160,322.99
2025-11-12,9:34:40.997986649,T,IBM,F,40,322.99
2025-11-12,9:34:40.998200116,T,IBM,F I,6,323.02
2025-11-12,9:34:40.998200116,T,IBM,F I,1,323.02
2025-11-12,9:34:40.998245300,T,IBM,F,70,323.05
2025-11-12,9:34:40.998560975,T,IBM,I,27,323.02
2025-11-12,9:34:40.998657178,T,IBM,F I,3,323.05
2025-11-12,9:34:40.998732412,T,IBM,F I,19,323.05
2025-11-12,9:34:40.999003057,T,IBM,F I,3,323.05
2025-11-12,9:34:40.999039107,T,IBM,F I,1,323.05
2025-11-12,9:34:41.002614710,T,IBM,I,3,322.99
2025-11-12,9:34:42.001983823,T,IBM,I,6,323.05
2025-11-12,9:34:43.365279233,T,IBM,,70,323.05
2025-11-12,9:34:43.365312762,T,IBM,F I,2,323.05
2025-11-12,9:34:43.365315426,T,IBM,F I,1,323.05
2025-11-12,9:34:43.365492733,T,IBM,I,4,323.05
2025-11-12,9:34:43.365561975,T,IBM,I,6,323.05
2025-11-12,9:34:43.365576956,T,IBM,F I,1,323.05
2025-11-12,9:34:43.365658164,T,IBM,I,2,323.05
2025-11-12,9:34:43.365676404,T,IBM,I,19,323.05
2025-11-12,9:34:43.365679260,T,IBM,I,20,323.04
2025-11-12,9:34:43.365682275,T,IBM,I,1,323.04
2025-11-12,9:34:45.063142253,T,IBM,I,4,323.13
2025-11-12,9:34:45.063331699,T,IBM,I,2,323.16
2025-11-12,9:34:45.123474967,T,IBM,F I,4,323.16
2025-11-12,9:34:45.123511080,T,IBM,I,19,323.18
2025-11-12,9:34:46.590060379,T,IBM,F I,16,323.14
2025-11-12,9:34:46.590078445,T,IBM,F I,4,323.14
2025-11-12,9:34:46.995976061,T,IBM,F I,1,323.28
2025-11-12,9:34:46.995978708,T,IBM,F I,1,323.28
2025-11-12,9:34:46.995981802,T,IBM,F,40,323.28
2025-11-12,9:34:46.995987708,T,IBM,F,40,323.28
2025-11-12,9:34:46.995987708,T,IBM,F I,19,323.28
2025-11-12,9:34:46.997479386,T,IBM,,100,323.29
2025-11-12,9:34:46.997479386,T,IBM,I,20,323.29
2025-11-12,9:34:46.997855199,T,IBM,I,10,323.24
2025-11-12,9:34:46.997855199,T,IBM,I,3,323.33
2025-11-12,9:34:46.997978739,T,IBM,F I,30,323.36
2025-11-12,9:34:46.997978739,T,IBM,F I,25,323.36
2025-11-12,9:34:46.997981715,T,IBM,F,50,323.37
2025-11-12,9:34:46.997981715,T,IBM,F I,25,323.38
2025-11-12,9:34:46.997987806,T,IBM,F,100,323.4
2025-11-12,9:34:46.997987806,T,IBM,F I,25,323.4
2025-11-12,9:34:46.997990451,T,IBM,F I,20,323.41
2025-11-12,9:34:46.997990451,T,IBM,F I,20,323.42
2025-11-12,9:34:47.212418953,T,IBM,F I,10,323.38
2025-11-12,9:34:47.212939485,T,IBM,F I,20,323.42
2025-11-12,9:34:47.212942503,T,IBM,F I,8,323.42
2025-11-12,9:34:47.212945473,T,IBM,F I,1,323.42
2025-11-12,9:34:47.212948256,T,IBM,F,130,323.42
2025-11-12,9:34:47.212948256,T,IBM,F,70,323.45
2025-11-12,9:34:47.670361157,T,IBM,,100,323.45
2025-11-12,9:34:47.670364211,T,IBM,I,20,323.43
2025-11-12,9:34:47.670433363,T,IBM,F I,10,323.43
2025-11-12,9:34:48.622692304,T,IBM,I,5,323.61
2025-11-12,9:34:48.622725392,T,IBM,I,19,323.61
2025-11-12,9:34:48.624262101,T,IBM,F I,5,323.55
2025-11-12,9:34:48.624410507,T,IBM,I,16,323.5
2025-11-12,9:34:48.624410507,T,IBM,,224,323.49
2025-11-12,9:34:48.624424503,T,IBM,I,16,323.49
2025-11-12,9:34:48.776998706,T,IBM,F I,16,323.4
2025-11-12,9:34:48.777001768,T,IBM,F I,19,323.39
2025-11-12,9:34:48.777017402,T,IBM,F I,21,323.39
2025-11-12,9:34:48.777149104,T,IBM,F I,1,323.34
2025-11-12,9:34:48.777452845,T,IBM,I,10,323.45
2025-11-12,9:34:48.777458753,T,IBM,,50,323.45
2025-11-12,9:34:48.777458753,T,IBM,I,1,323.46
2025-11-12,9:34:48.777537013,T,IBM,,80,323.46
2025-11-12,9:34:48.777555471,T,IBM,F I,15,323.46
2025-11-12,9:34:48.777564089,T,IBM,,394,323.46
2025-11-12,9:34:48.777615193,T,IBM,,40,323.46
2025-11-12,9:34:48.777633205,T,IBM,I,1,323.46
2025-11-12,9:34:48.777678352,T,IBM,F I,4,323.46
2025-11-12,9:34:48.779482608,T,IBM,,45,323.45
2025-11-12,9:34:48.832183832,T,IBM,,45,323.36
2025-11-12,9:34:48.832183832,T,IBM,I,20,323.35
2025-11-12,9:34:48.832186133,T,IBM,I,30,323.34
2025-11-12,9:34:48.832189385,T,IBM,,100,323.3
2025-11-12,9:34:48.832189385,T,IBM,I,25,323.29
2025-11-12,9:34:48.832192057,T,IBM,I,2,323.28
2025-11-12,9:34:48.832240216,T,IBM,I,23,323.37
2025-11-12,9:34:48.832276322,T,IBM,F I,1,323.37
2025-11-12,9:34:48.832958944,T,IBM,I,2,323.37
2025-11-12,9:34:48.833040101,T,IBM,,50,323.37
2025-11-12,9:34:48.833088215,T,IBM,I,10,323.4
2025-11-12,9:34:48.833187417,T,IBM,I,1,323.42
2025-11-12,9:34:48.833705324,T,IBM,I,6,323.39
2025-11-12,9:34:48.833707701,T,IBM,I,6,323.39
2025-11-12,9:34:48.833710744,T,IBM,I,34,323.28
2025-11-12,9:34:48.833729013,T,IBM,,232,323.28
2025-11-12,9:34:48.833770844,T,IBM,I,6,323.42
2025-11-12,9:34:48.847705989,T,IBM,,40,323.41
2025-11-12,9:34:49.136582695,T,IBM,F I,1,323.42
2025-11-12,9:34:49.136585710,T,IBM,F I,6,323.42
2025-11-12,9:34:49.136585710,T,IBM,F I,10,323.42
2025-11-12,9:34:49.157891491,T,IBM,,40,323.41
2025-11-12,9:34:49.157894508,T,IBM,,40,323.41
2025-11-12,9:34:49.169959274,T,IBM,I,20,323.41
2025-11-12,9:34:49.605413900,T,IBM,I,11,323.42
2025-11-12,9:34:51.517026112,T,IBM,,70,323.42
2025-11-12,9:34:51.517079936,T,IBM,F I,1,323.42
2025-11-12,9:34:51.517489275,T,IBM,F,70,323.54
2025-11-12,9:34:51.517491924,T,IBM,F I,3,323.54
2025-11-12,9:34:51.518739905,T,IBM,F,40,323.59
2025-11-12,9:34:51.518863149,T,IBM,F,70,323.59
2025-11-12,9:34:51.539405022,T,IBM,F,40,323.52
2025-11-12,9:34:51.539408107,T,IBM,F,100,323.51
2025-11-12,9:34:51.740054738,T,IBM,,40,323.51
2025-11-12,9:34:51.741751522,T,IBM,I,19,323.46
2025-11-12,9:34:51.741753847,T,IBM,I,21,323.44
2025-11-12,9:34:51.747470396,T,IBM,,40,323.42
2025-11-12,9:34:51.753490747,T,IBM,,40,323.42
2025-11-12,9:34:51.759505169,T,IBM,I,14,323.45
2025-11-12,9:34:51.759505169,T,IBM,I,20,323.42
2025-11-12,9:34:51.759508041,T,IBM,I,6,323.42
2025-11-12,9:34:51.765477274,T,IBM,,40,323.41
2025-11-12,9:34:51.771536743,T,IBM,I,10,323.42
2025-11-12,9:34:51.771545782,T,IBM,I,10,323.36
2025-11-12,9:34:51.771548773,T,IBM,,100,323.36
2025-11-12,9:34:51.771551774,T,IBM,,45,323.34
2025-11-12,9:34:51.771563787,T,IBM,F,595,323.31
2025-11-12,9:34:52.242391601,T,IBM,F,40,323.35
2025-11-12,9:34:52.242395043,T,IBM,F,100,323.29
2025-11-12,9:34:52.242395043,T,IBM,F I,20,323.28
2025-11-12,9:34:52.242451810,T,IBM,F I,20,323.28
2025-11-12,9:34:52.242467419,T,IBM,F,80,323.28
2025-11-12,9:34:52.242467419,T,IBM,F,40,323.28
2025-11-12,9:34:52.242472845,T,IBM,F I,20,323.28
2025-11-12,9:34:52.242505873,T,IBM,,83,323.29
2025-11-12,9:34:52.242515149,T,IBM,I,17,323.29
2025-11-12,9:34:52.242557413,T,IBM,I,25,323.31
2025-11-12,9:34:52.242560008,T,IBM,,75,323.34
2025-11-12,9:34:52.244045630,T,IBM,I,30,323.46
2025-11-12,9:34:52.244066693,T,IBM,I,1,323.46
2025-11-12,9:34:52.664513007,T,IBM,F,100,323.38
2025-11-12,9:34:52.664513007,T,IBM,F I,7,323.37
2025-11-12,9:34:52.664518869,T,IBM,F I,10,323.3
2025-11-12,9:34:52.664518869,T,IBM,F,50,323.29
2025-11-12,9:34:52.664522132,T,IBM,F I,5,323.29
2025-11-12,9:34:52.664524772,T,IBM,F,50,323.29
2025-11-12,9:34:52.664524772,T,IBM,F I,16,323.29
2025-11-12,9:34:52.664527623,T,IBM,F,120,323.28
2025-11-12,9:34:52.664527623,T,IBM,F,482,323.28
2025-11-12,9:34:52.664536789,T,IBM,I,1,323.28
2025-11-12,9:34:52.664536789,T,IBM,,40,323.28
2025-11-12,9:34:52.664549069,T,IBM,F,79,323.28
2025-11-12,9:34:52.664552191,T,IBM,F,41,323.28
2025-11-12,9:34:52.664584808,T,IBM,F I,7,323.35
2025-11-12,9:34:52.664590749,T,IBM,,97,323.28
2025-11-12,9:34:52.666386016,T,IBM,,100,323.29
2025-11-12,9:34:52.944894099,T,IBM,I,5,323.33
2025-11-12,9:34:52.944897121,T,IBM,I,35,323.38
2025-11-12,9:34:53.035373473,T,IBM,I,1,323.38
2025-11-12,9:34:53.419571079,T,IBM,F I,35,323.24
2025-11-12,9:34:55.059054498,T,IBM,F,100,323.29
2025-11-12,9:34:55.059056286,T,IBM,F,100,323.28
2025-11-12,9:34:55.059062413,T,IBM,F,80,323.27
2025-11-12,9:34:55.059062413,T,IBM,F I,8,323.27
2025-11-12,9:34:55.059068208,T,IBM,F,134,323.27
2025-11-12,9:34:55.059194491,T,IBM,I,20,323.3
2025-11-12,9:34:55.059197504,T,IBM,I,14,323.34
2025-11-12,9:34:55.059395996,T,IBM,,70,323.33
2025-11-12,9:34:55.059411015,T,IBM,I,30,323.33
2025-11-12,9:34:55.059413990,T,IBM,,45,323.33
2025-11-12,9:34:55.059450165,T,IBM,,40,323.3
2025-11-12,9:34:55.059615562,T,IBM,F I,5,323.3
2025-11-12,9:34:55.059702767,T,IBM,F I,20,323.3
2025-11-12,9:34:55.448125497,T,IBM,I,20,323.28
2025-11-12,9:34:55.448134485,T,IBM,I,27,323.28
2025-11-12,9:34:55.448144190,T,IBM,F I,13,323.28
2025-11-12,9:34:55.448152469,T,IBM,,40,323.28
2025-11-12,9:34:55.448173526,T,IBM,I,1,323.28
2025-11-12,9:34:55.448197552,T,IBM,F I,29,323.28
2025-11-12,9:34:55.448210354,T,IBM,I,7,323.27
2025-11-12,9:34:55.448210354,T,IBM,,40,323.27
2025-11-12,9:34:55.448212623,T,IBM,I,3,323.27
2025-11-12,9:34:55.448230642,T,IBM,I,1,323.28
2025-11-12,9:34:55.448275759,T,IBM,F I,39,323.28
2025-11-12,9:34:55.448528420,T,IBM,,70,323.28
2025-11-12,9:34:57.995141013,T,IBM,,47,323.38
2025-11-12,9:34:57.995162057,T,IBM,F I,23,323.38
2025-11-12,9:34:57.995165154,T,IBM,F,70,323.39
2025-11-12,9:34:57.996449210,T,IBM,F,70,323.39
2025-11-12,9:34:58.000364444,T,IBM,F I,20,323.48
2025-11-12,9:34:58.000370525,T,IBM,F,80,323.48
2025-11-12,9:34:58.003161103,T,IBM,F I,5,323.39
2025-11-12,9:34:58.003924937,T,IBM,I,1,323.47
2025-11-12,9:34:58.003937123,T,IBM,I,4,323.47
2025-11-12,9:34:58.003937123,T,IBM,I,20,323.48
2025-11-12,9:34:58.003939954,T,IBM,I,1,323.5
2025-11-12,9:34:58.003997711,T,IBM,F I,33,323.38
2025-11-12,9:34:58.004009159,T,IBM,F I,20,323.36
2025-11-12,9:34:58.004291841,T,IBM,F I,1,323.5
2025-11-12,9:34:58.004312906,T,IBM,F I,32,323.5
2025-11-12,9:34:58.004315941,T,IBM,F I,17,323.5
2025-11-12,9:34:58.004793991,T,IBM,F I,3,323.41
2025-11-12,9:34:58.004793991,T,IBM,F I,21,323.41
2025-11-12,9:34:58.011322604,T,IBM,I,30,323.41
2025-11-12,9:34:58.014161348,T,IBM,F,46,323.41
2025-11-12,9:34:58.104664872,T,IBM,F I,10,323.35
2025-11-12,9:34:58.104664872,T,IBM,F,50,323.33
2025-11-12,9:34:58.104668070,T,IBM,F I,25,323.33
2025-11-12,9:34:58.104668070,T,IBM,F,65,323.32
2025-11-12,9:34:58.104767081,T,IBM,F,100,323.29
2025-11-12,9:34:58.104800067,T,IBM,F I,16,323.28
2025-11-12,9:34:58.104800067,T,IBM,F,64,323.27
2025-11-12,9:34:58.104821231,T,IBM,I,16,323.27
2025-11-12,9:34:58.104821231,T,IBM,I,24,323.27
2025-11-12,9:34:58.104824204,T,IBM,F I,1,323.27
2025-11-12,9:34:58.104839242,T,IBM,,127,323.27
2025-11-12,9:34:58.104839242,T,IBM,,41,323.27
2025-11-12,9:34:58.104854325,T,IBM,I,39,323.27
2025-11-12,9:34:58.104854325,T,IBM,,80,323.27
2025-11-12,9:34:58.104857321,T,IBM,,88,323.27
2025-11-12,9:34:58.104857321,T,IBM,,40,323.27
2025-11-12,9:34:58.105344381,T,IBM,F,80,323.28
2025-11-12,9:34:58.710183273,T,IBM,F I,20,323.28
2025-11-12,9:34:58.710186627,T,IBM,F I,16,323.28
2025-11-12,9:34:58.710186627,T,IBM,F,44,323.27
2025-11-12,9:34:58.710207384,T,IBM,F I,36,323.27
2025-11-12,9:34:58.710210432,T,IBM,F,80,323.27
2025-11-12,9:34:58.710210432,T,IBM,F I,16,323.27
2025-11-12,9:34:58.710213428,T,IBM,F I,28,323.23
2025-11-12,9:34:58.710255451,T,IBM,,92,323.23
2025-11-12,9:34:58.710255451,T,IBM,,40,323.23
2025-11-12,9:34:58.710485000,T,IBM,F,120,323.23
2025-11-12,9:34:58.710502047,T,IBM,I,2,323.23
2025-11-12,9:34:58.710508923,T,IBM,I,10,323.27
2025-11-12,9:34:58.710508923,T,IBM,I,20,323.28
2025-11-12,9:34:58.710511372,T,IBM,I,25,323.28
2025-11-12,9:34:58.710514105,T,IBM,F,45,323.28
2025-11-12,9:34:58.710620364,T,IBM,F I,38,323.23
2025-11-12,9:34:58.710977159,T,IBM,F,100,323.24
2025-11-12,9:35:01.610374721,T,IBM,F I,25,323.13
2025-11-12,9:35:01.610603691,T,IBM,I,7,323.13
2025-11-12,9:35:01.610612663,T,IBM,,68,323.13
2025-11-12,9:35:01.610612663,T,IBM,I,16,323.04
2025-11-12,9:35:01.610615398,T,IBM,I,2,323.03
2025-11-12,9:35:01.610750617,T,IBM,I,4,323.15
2025-11-12,9:35:01.610940060,T,IBM,,234,323.15
2025-11-12,9:35:01.611328073,T,IBM,F I,19,323.23
2025-11-12,9:35:01.700000094,T,IBM,F I,6,323.16
2025-11-12,9:35:01.700553419,T,IBM,F I,6,323.16
2025-11-12,9:35:01.701106788,T,IBM,F I,6,323.16
2025-11-12,9:35:01.701660049,T,IBM,F I,6,323.16
2025-11-12,9:35:01.702213335,T,IBM,F I,6,323.16
2025-11-12,9:35:01.702763842,T,IBM,F I,6,323.16
2025-11-12,9:35:01.703319967,T,IBM,F I,6,323.16
2025-11-12,9:35:01.703870282,T,IBM,F I,6,323.16
2025-11-12,9:35:01.704426678,T,IBM,F I,6,323.16
2025-11-12,9:35:01.823645425,T,IBM,,40,323.17
2025-11-12,9:35:03.383633235,T,IBM,F I,6,323.16
2025-11-12,9:35:03.383663274,T,IBM,I,6,323.16
2025-11-12,9:35:03.383675386,T,IBM,F I,34,323.16
2025-11-12,9:35:03.383756543,T,IBM,F I,1,323.15
2025-11-12,9:35:03.383777561,T,IBM,F I,5,323.15
2025-11-12,9:35:03.383876860,T,IBM,F,100,323.15
2025-11-12,9:35:03.384357967,T,IBM,F,100,323.15
2025-11-12,9:35:03.384366997,T,IBM,,78,323.03
2025-11-12,9:35:03.384370046,T,IBM,,40,323.03
2025-11-12,9:35:03.386177264,T,IBM,,100,323.04
2025-11-12,9:35:03.394618341,T,IBM,F,40,322.96
2025-11-12,9:35:03.394633427,T,IBM,F,40,322.96
2025-11-12,9:35:03.394660452,T,IBM,F,40,322.96
2025-11-12,9:35:03.394678523,T,IBM,F,40,322.96
2025-11-12,9:35:03.394687534,T,IBM,F,40,322.96
2025-11-12,9:35:03.394702775,T,IBM,F,40,322.96
2025-11-12,9:35:03.394717615,T,IBM,F I,19,322.96
2025-11-12,9:35:03.636799954,T,IBM,I,10,322.83
2025-11-12,9:35:03.636802988,T,IBM,I,33,322.79
2025-11-12,9:35:03.636820944,T,IBM,I,1,322.79
2025-11-12,9:35:03.636830017,T,IBM,F I,15,322.79
2025-11-12,9:35:05.426480554,T,IBM,F I,16,322.27
2025-11-12,9:35:05.426483527,T,IBM,F,40,322.26
2025-11-12,9:35:05.426507814,T,IBM,F I,9,322.27
2025-11-12,9:35:05.438494588,T,IBM,F I,2,322.33
2025-11-12,9:35:05.438494588,T,IBM,F I,5,322.34
2025-11-12,9:35:05.438500228,T,IBM,F I,10,322.34
2025-11-12,9:35:05.438500228,T,IBM,F I,5,322.35
2025-11-12,9:35:05.438500228,T,IBM,F,100,322.4
2025-11-12,9:35:06.143185847,T,IBM,F I,25,322.4
2025-11-12,9:35:06.687066597,T,IBM,F I,10,322.17
2025-11-12,9:35:06.687069996,T,IBM,F I,8,322.17
2025-11-12,9:35:06.797868397,T,IBM,F,80,322.07
2025-11-12,9:35:06.797877683,T,IBM,,80,322.07
2025-11-12,9:35:06.797877683,T,IBM,,76,322.07
2025-11-12,9:35:06.849777944,T,IBM,I,26,321.98
2025-11-12,9:35:09.836025622,T,IBM,,45,321.865
2025-11-12,9:35:09.836025622,T,IBM,,100,321.865
2025-11-12,9:35:09.836031961,T,IBM,,80,321.865
2025-11-12,9:35:09.836031961,T,IBM,I,19,321.84
2025-11-12,9:35:09.836034635,T,IBM,,100,321.83
2025-11-12,9:35:09.836034635,T,IBM,,40,321.79
2025-11-12,9:35:09.836040320,T,IBM,,100,321.76
2025-11-12,9:35:09.836040320,T,IBM,I,16,321.74
2025-11-12,9:35:09.871218082,T,IBM,F,101,321.99
2025-11-12,9:35:09.871242055,T,IBM,I,1,321.99
2025-11-12,9:35:09.871254137,T,IBM,F,99,321.99
2025-11-12,9:35:09.871275504,T,IBM,I,5,321.99
2025-11-12,9:35:09.871278158,T,IBM,,95,321.99
2025-11-12,9:35:10.062335236,T,IBM,F I,5,321.99
2025-11-12,9:35:10.062335236,T,IBM,F I,1,321.98
2025-11-12,9:35:10.062338076,T,IBM,F I,10,321.98
2025-11-12,9:35:14.075049018,T,IBM,,100,322.28
2025-11-12,9:35:14.075491050,T,IBM,F I,25,322.53
2025-11-12,9:35:14.929611655,T,IBM,I,25,322.4
2025-11-12,9:35:14.929611655,T,IBM,I,2,322.37
2025-11-12,9:35:14.929614427,T,IBM,I,5,322.35
2025-11-12,9:35:14.929614427,T,IBM,I,8,322.34
2025-11-12,9:35:14.962587980,T,IBM,,40,322.3
2025-11-12,9:35:19.915998456,T,IBM,F,107,322.4
2025-11-12,9:35:19.916001440,T,IBM,F I,2,322.4
2025-11-12,9:35:19.916073790,T,IBM,,58,322.4
2025-11-12,9:35:19.916083949,T,IBM,I,38,322.4
2025-11-12,9:35:19.916083949,T,IBM,I,4,322.4
2025-11-12,9:35:19.916085734,T,IBM,,50,322.39
2025-11-12,9:35:19.916750279,T,IBM,F,40,322.385
2025-11-12,9:35:19.917887237,T,IBM,,100,322.5
2025-11-12,9:35:19.917887237,T,IBM,,80,322.51
2025-11-12,9:35:19.917890010,T,IBM,I,5,322.54
2025-11-12,9:35:19.923257747,T,IBM,I,15,322.32
2025-11-12,9:35:19.927669288,T,IBM,F I,5,322.31
2025-11-12,9:35:19.927858749,T,IBM,F I,2,322.29
2025-11-12,9:35:20.093303549,T,IBM,,80,322.33
2025-11-12,9:35:20.093303549,T,IBM,I,20,322.33
2025-11-12,9:35:20.792447114,T,IBM,F I,1,322.32
2025-11-12,9:35:21.448537083,T,IBM,F,100,322.25
2025-11-12,9:35:21.484547732,T,IBM,F,80,322.07
2025-11-12,9:35:21.484590349,T,IBM,F,80,322.07
2025-11-12,9:35:21.484595861,T,IBM,F I,32,322.07
2025-11-12,9:35:21.484605113,T,IBM,,40,322.15
2025-11-12,9:35:21.484605113,T,IBM,,72,322.18
2025-11-12,9:35:21.484628945,T,IBM,I,19,322.14
2025-11-12,9:35:21.484656130,T,IBM,F I,21,322.14
2025-11-12,9:35:21.484692164,T,IBM,,80,322.19
2025-11-12,9:35:21.484692164,T,IBM,I,6,322.22
2025-11-12,9:35:21.484719207,T,IBM,I,1,322.22
2025-11-12,9:35:21.484743818,T,IBM,F I,33,322.22
2025-11-12,9:35:21.484749211,T,IBM,F I,30,322.22
2025-11-12,9:35:21.484758258,T,IBM,,70,322.14
2025-11-12,9:35:21.484858206,T,IBM,I,2,322.15
2025-11-12,9:35:21.484860548,T,IBM,I,4,322.15
2025-11-12,9:35:21.485137194,T,IBM,F,70,322.08
2025-11-12,9:35:21.739873611,T,IBM,,80,322.205
2025-11-12,9:35:21.742119990,T,IBM,I,17,322.21
2025-11-12,9:35:21.976119077,T,IBM,,83,322.21
2025-11-12,9:35:21.976119077,T,IBM,I,30,322.24
2025-11-12,9:35:22.231294523,T,IBM,I,30,322.22
2025-11-12,9:35:25.655880290,T,IBM,,40,322.275
2025-11-12,9:35:25.658367253,T,IBM,F I,20,322.34
2025-11-12,9:35:25.658598746,T,IBM,F I,30,322.32
2025-11-12,9:35:25.659236309,T,IBM,F,40,322.38
2025-11-12,9:35:25.659239269,T,IBM,F,40,322.38
2025-11-12,9:35:25.659248950,T,IBM,F,40,322.38
2025-11-12,9:35:25.659251305,T,IBM,F,228,322.38
2025-11-12,9:35:25.659440735,T,IBM,,40,322.45
2025-11-12,9:35:25.659449832,T,IBM,F,40,322.45
2025-11-12,9:35:25.659473944,T,IBM,,40,322.45
2025-11-12,9:35:25.659476898,T,IBM,,146,322.45
2025-11-12,9:35:25.902512982,T,IBM,F I,25,322.28
2025-11-12,9:35:25.902512982,T,IBM,F I,10,322.26
2025-11-12,9:35:25.902515462,T,IBM,F I,5,322.25
2025-11-12,9:35:25.902549240,T,IBM,F I,35,322.25
2025-11-12,9:35:25.902551780,T,IBM,F I,5,322.25
2025-11-12,9:35:25.902570199,T,IBM,F I,35,322.25
2025-11-12,9:35:25.902572647,T,IBM,I,1,322.25
2025-11-12,9:35:25.902575991,T,IBM,I,39,322.25
2025-11-12,9:35:25.902575991,T,IBM,I,1,322.25
2025-11-12,9:35:25.902578609,T,IBM,F I,35,322.25
2025-11-12,9:35:25.902581675,T,IBM,F I,10,322.25
2025-11-12,9:35:25.902590638,T,IBM,F,40,322.25
2025-11-12,9:35:25.902614713,T,IBM,F,40,322.25
2025-11-12,9:35:25.902627360,T,IBM,F I,7,322.25
2025-11-12,9:35:26.046251711,T,IBM,F I,16,322.34
2025-11-12,9:35:27.052320745,T,IBM,,40,322.37
2025-11-12,9:35:27.928697220,T,IBM,I,27,322.33
2025-11-12,9:35:29.285815998,T,IBM,,80,322.305
2025-11-12,9:35:29.294542798,T,IBM,F I,5,322.26
2025-11-12,9:35:29.294542798,T,IBM,F I,35,322.25
2025-11-12,9:35:29.294563889,T,IBM,I,1,322.25
2025-11-12,9:35:29.294572833,T,IBM,I,4,322.25
2025-11-12,9:35:29.294576078,T,IBM,I,1,322.25
2025-11-12,9:35:29.294578844,T,IBM,I,1,322.25
2025-11-12,9:35:29.294578844,T,IBM,I,5,322.25
2025-11-12,9:35:29.294584852,T,IBM,F I,33,322.25
2025-11-12,9:35:29.294584852,T,IBM,F I,7,322.25
2025-11-12,9:35:29.294593872,T,IBM,,40,322.25
2025-11-12,9:35:29.294603368,T,IBM,F I,5,322.25
2025-11-12,9:35:29.294606900,T,IBM,F I,35,322.25
2025-11-12,9:35:29.294609074,T,IBM,F I,5,322.25
2025-11-12,9:35:29.294621173,T,IBM,F,40,322.25
2025-11-12,9:35:29.294632952,T,IBM,F I,4,322.25
2025-11-12,9:35:29.294642089,T,IBM,I,9,322.31
2025-11-12,9:35:31.582139908,T,IBM,I,3,322.08
2025-11-12,9:35:31.582985009,T,IBM,I,2,322.09
2025-11-12,9:35:31.583015027,T,IBM,I,4,322.07
2025-11-12,9:35:31.583027092,T,IBM,,45,322.09
2025-11-12,9:35:31.583048069,T,IBM,I,1,322.08
2025-11-12,9:35:31.583069200,T,IBM,F I,2,322.08
2025-11-12,9:35:31.583177532,T,IBM,I,2,322.07
2025-11-12,9:35:31.583186388,T,IBM,I,2,322.07
2025-11-12,9:35:31.583207434,T,IBM,I,1,322.07
2025-11-12,9:35:31.583231576,T,IBM,I,3,322.07
2025-11-12,9:35:31.583240574,T,IBM,I,2,322.07
2025-11-12,9:35:31.583247634,T,IBM,F I,1,322.07
2025-11-12,9:35:31.583249867,T,IBM,F I,4,322.09
2025-11-12,9:35:31.583252597,T,IBM,F,47,322.09
2025-11-12,9:35:31.583264658,T,IBM,F I,4,322.09
2025-11-12,9:35:31.583445130,T,IBM,F I,5,322.08
2025-11-12,9:35:31.583451118,T,IBM,F I,2,322.08
2025-11-12,9:35:31.583472120,T,IBM,F I,3,322.08
2025-11-12,9:35:31.583472120,T,IBM,F,98,322.08
2025-11-12,9:35:31.583655556,T,IBM,I,3,322.07
2025-11-12,9:35:31.589895563,T,IBM,I,25,322.11
2025-11-12,9:35:31.589895563,T,IBM,I,25,322.1
2025-11-12,9:35:31.589898469,T,IBM,,70,322.08
2025-11-12,9:35:33.572289699,T,IBM,,40,322.205
2025-11-12,9:35:34.517990195,T,IBM,,40,322.205
2025-11-12,9:35:35.077033186,T,IBM,I,30,322.205
2025-11-12,9:35:35.470192691,T,IBM,,100,322.08
2025-11-12,9:35:35.470192691,T,IBM,I,20,322.08
2025-11-12,9:35:35.470204212,T,IBM,F,53,322.08
2025-11-12,9:35:35.470204212,T,IBM,F,67,322.07
2025-11-12,9:35:35.470225211,T,IBM,F,53,322.07
2025-11-12,9:35:35.470270364,T,IBM,F,88,322.07
2025-11-12,9:35:35.470324870,T,IBM,I,16,322.08
2025-11-12,9:35:35.470796545,T,IBM,F,70,322.07
2025-11-12,9:35:35.471112340,T,IBM,F,80,322.02
2025-11-12,9:35:38.761539725,T,IBM,,40,322.0
2025-11-12,9:35:41.331103506,T,IBM,F I,2,321.82
2025-11-12,9:35:41.331106005,T,IBM,F,120,321.82
2025-11-12,9:35:41.331127039,T,IBM,I,1,321.82
2025-11-12,9:35:41.337514163,T,IBM,F,42,321.94
2025-11-12,9:35:42.171306260,T,IBM,I,2,321.9
2025-11-12,9:35:43.509053254,T,IBM,,40,321.94
2025-11-12,9:35:43.509164166,T,IBM,,60,321.94
2025-11-12,9:35:43.509188856,T,IBM,F,120,321.95
2025-11-12,9:35:43.509191232,T,IBM,F,40,321.95
2025-11-12,9:35:43.509251389,T,IBM,,100,321.95
2025-11-12,9:35:43.509308562,T,IBM,F I,1,321.94
2025-11-12,9:35:43.509558148,T,IBM,F I,10,321.94
2025-11-12,9:35:43.864315703,T,IBM,F I,30,321.88
2025-11-12,9:35:43.864315703,T,IBM,F I,10,321.87
2025-11-12,9:35:43.864318702,T,IBM,F I,1,321.86
2025-11-12,9:35:43.864325033,T,IBM,F,40,321.86
2025-11-12,9:35:43.864325033,T,IBM,F,40,321.86
2025-11-12,9:35:43.864327716,T,IBM,F,41,321.86
2025-11-12,9:35:43.864333763,T,IBM,F I,31,321.86
2025-11-12,9:35:43.864336781,T,IBM,I,1,321.86
2025-11-12,9:35:43.865235980,T,IBM,I,20,321.84
2025-11-12,9:35:43.865238884,T,IBM,,100,321.86
2025-11-12,9:35:49.345482870,T,IBM,I,1,321.87
2025-11-12,9:35:49.345482870,T,IBM,I,20,321.8
2025-11-12,9:35:49.345482870,T,IBM,I,20,321.79
2025-11-12,9:35:49.345488514,T,IBM,I,20,321.79
2025-11-12,9:35:49.345491527,T,IBM,I,1,321.79
2025-11-12,9:35:49.345572725,T,IBM,F I,2,321.78
2025-11-12,9:35:49.346089941,T,IBM,F I,2,321.78
2025-11-12,9:35:49.346763963,T,IBM,F,50,321.74
2025-11-12,9:35:49.346766535,T,IBM,F I,35,321.76
2025-11-12,9:35:49.355009295,T,IBM,F,100,321.8
2025-11-12,9:35:49.355009295,T,IBM,F I,30,321.8
2025-11-12,9:35:49.355586760,T,IBM,I,32,321.79
2025-11-12,9:35:49.355649765,T,IBM,I,1,321.78
2025-11-12,9:35:49.355649765,T,IBM,,400,321.78
2025-11-12,9:35:49.355718872,T,IBM,F I,8,321.81
2025-11-12,9:35:49.356602994,T,IBM,F I,4,321.87
2025-11-12,9:35:49.356699196,T,IBM,I,32,321.78
2025-11-12,9:35:49.357757726,T,IBM,I,35,321.82
2025-11-12,9:35:49.357850951,T,IBM,I,15,321.82
2025-11-12,9:35:49.357850951,T,IBM,I,21,321.81
2025-11-12,9:35:49.358013330,T,IBM,I,4,321.84
2025-11-12,9:35:49.358013330,T,IBM,I,3,321.84
2025-11-12,9:35:49.358019342,T,IBM,F I,25,321.84
2025-11-12,9:35:49.358022369,T,IBM,F I,25,321.84
2025-11-12,9:35:49.358034435,T,IBM,F,103,321.84
2025-11-12,9:35:49.358693033,T,IBM,F I,20,321.9
2025-11-12,9:35:49.358695923,T,IBM,F I,1,321.9
2025-11-12,9:35:49.358695923,T,IBM,F I,30,321.9
2025-11-12,9:35:49.359453817,T,IBM,I,16,321.86
2025-11-12,9:35:49.359480810,T,IBM,F I,1,321.86
2025-11-12,9:35:49.359521710,T,IBM,I,8,321.85
2025-11-12,9:35:49.359523048,T,IBM,I,1,321.83
2025-11-12,9:35:49.359525955,T,IBM,I,32,321.83
2025-11-12,9:35:49.359610092,T,IBM,I,1,321.85
2025-11-12,9:35:49.367383788,T,IBM,,40,321.75
2025-11-12,9:35:49.367410748,T,IBM,F,40,321.75
2025-11-12,9:35:49.370051573,T,IBM,F,50,321.91
2025-11-12,9:35:49.370054094,T,IBM,F,51,321.96
2025-11-12,9:35:49.370075779,T,IBM,I,29,321.96
2025-11-12,9:35:49.370532423,T,IBM,I,36,321.83
2025-11-12,9:35:49.370535095,T,IBM,,40,321.83
2025-11-12,9:35:49.370556533,T,IBM,I,1,321.84
2025-11-12,9:35:49.370583288,T,IBM,I,29,321.84
2025-11-12,9:35:49.370592314,T,IBM,I,1,321.84
2025-11-12,9:35:49.370619348,T,IBM,I,1,321.85
2025-11-12,9:35:49.370637389,T,IBM,F I,3,321.85
2025-11-12,9:35:49.370775695,T,IBM,I,1,321.85
2025-11-12,9:35:49.372598552,T,IBM,,80,321.75
2025-11-12,9:35:50.005217097,T,IBM,F I,25,321.79
2025-11-12,9:35:50.005217097,T,IBM,F,40,321.8
2025-11-12,9:35:50.005478682,T,IBM,F,40,321.82
2025-11-12,9:35:50.005481793,T,IBM,F,60,321.82
2025-11-12,9:35:50.005508795,T,IBM,F I,20,321.82
2025-11-12,9:35:50.015802947,T,IBM,F,100,321.96
2025-11-12,9:35:50.015802947,T,IBM,F I,25,321.97
2025-11-12,9:35:50.015806267,T,IBM,F,40,322.0
2025-11-12,9:35:50.015806267,T,IBM,F I,20,322.0
2025-11-12,9:35:50.017023470,T,IBM,F I,32,322.08
2025-11-12,9:35:50.017080292,T,IBM,I,20,321.99
2025-11-12,9:35:50.017113445,T,IBM,F I,1,321.99
2025-11-12,9:35:50.017423173,T,IBM,I,1,321.9
2025-11-12,9:35:50.017423173,T,IBM,I,27,321.9
2025-11-12,9:35:50.017456220,T,IBM,I,1,321.9
2025-11-12,9:35:50.349969840,T,IBM,F I,1,321.89
2025-11-12,9:35:50.350054098,T,IBM,F I,1,321.89
2025-11-12,9:35:50.350120249,T,IBM,F I,1,321.89
2025-11-12,9:35:50.350183433,T,IBM,F I,1,321.89
2025-11-12,9:35:50.350246542,T,IBM,F I,1,321.89
2025-11-12,9:35:50.350309721,T,IBM,F I,1,321.89
2025-11-12,9:35:51.617403162,T,IBM,,40,322.03
2025-11-12,9:35:51.617427294,T,IBM,F,60,322.03
2025-11-12,9:35:51.623041641,T,IBM,F I,30,322.03
2025-11-12,9:35:51.623044682,T,IBM,F I,6,322.04
2025-11-12,9:35:51.623069259,T,IBM,F I,32,322.04
2025-11-12,9:35:51.623071714,T,IBM,F I,22,322.04
2025-11-12,9:35:51.623077951,T,IBM,I,25,321.97
2025-11-12,9:35:51.623077951,T,IBM,,50,321.97
2025-11-12,9:35:51.623083689,T,IBM,I,20,321.95
2025-11-12,9:35:51.623083689,T,IBM,I,5,321.93
2025-11-12,9:35:51.623093203,T,IBM,I,25,321.96
2025-11-12,9:35:51.623095981,T,IBM,,45,321.93
2025-11-12,9:35:51.623095981,T,IBM,I,30,321.92
2025-11-12,9:35:51.623119871,T,IBM,,41,321.96
2025-11-12,9:35:51.623330571,T,IBM,I,10,321.85
2025-11-12,9:35:51.623330571,T,IBM,,45,321.84
2025-11-12,9:35:51.623333307,T,IBM,I,25,321.8
2025-11-12,9:35:51.623366347,T,IBM,F,70,321.92
2025-11-12,9:35:51.700361660,T,IBM,,45,321.76
2025-11-12,9:35:51.700385716,T,IBM,F,55,321.76
2025-11-12,9:35:51.700409863,T,IBM,I,25,321.77
2025-11-12,9:35:58.271175596,T,IBM,F,50,321.69
2025-11-12,9:35:58.271179197,T,IBM,F I,30,321.67
2025-11-12,9:35:58.271181566,T,IBM,F,800,321.65
2025-11-12,9:35:58.271181566,T,IBM,F,40,321.65
2025-11-12,9:35:58.271196674,T,IBM,I,1,321.65
2025-11-12,9:35:58.271211674,T,IBM,F I,25,321.65
2025-11-12,9:35:58.271226738,T,IBM,,54,321.65
2025-11-12,9:35:58.271250754,T,IBM,F,40,321.64
2025-11-12,9:35:58.279466296,T,IBM,F I,20,321.28
2025-11-12,9:35:58.279538482,T,IBM,F I,14,321.28
2025-11-12,9:35:58.756516011,T,IBM,F I,6,321.51
2025-11-12,9:35:58.756516011,T,IBM,F I,3,321.56
2025-11-12,9:35:58.756552264,T,IBM,I,37,321.56
2025-11-12,9:35:58.756552264,T,IBM,I,2,321.56
2025-11-12,9:35:58.756571043,T,IBM,I,1,321.56
2025-11-12,9:35:58.756573277,T,IBM,F I,37,321.56
2025-11-12,9:36:06.304085273,T,IBM,,40,321.78
2025-11-12,9:36:06.521592917,T,IBM,I,3,321.75
2025-11-12,9:36:06.530488156,T,IBM,,80,321.78
2025-11-12,9:36:06.530539172,T,IBM,,40,321.78
2025-11-12,9:36:08.116839926,T,IBM,F,70,321.83
2025-11-12,9:36:08.116839926,T,IBM,F,70,321.84
2025-11-12,9:36:08.116842989,T,IBM,F,40,321.84
2025-11-12,9:36:08.116842989,T,IBM,F I,10,321.85
2025-11-12,9:36:08.117937276,T,IBM,F,70,321.82
2025-11-12,9:36:08.164984298,T,IBM,,40,321.865
2025-11-12,9:36:08.167525311,T,IBM,,150,321.865
2025-11-12,9:36:08.177755767,T,IBM,F I,3,321.78
2025-11-12,9:36:10.876584678,T,IBM,,70,321.71
2025-11-12,9:36:10.896816809,T,IBM,,40,321.755
2025-11-12,9:36:10.899409062,T,IBM,,56,321.755
2025-11-12,9:36:10.909452966,T,IBM,,40,321.755
2025-11-12,9:36:10.924551855,T,IBM,,40,321.755
2025-11-12,9:36:10.927107974,T,IBM,,73,321.755
2025-11-12,9:36:11.427120301,T,IBM,I,1,321.75
2025-11-12,9:36:15.555122555,T,IBM,F,40,321.91
2025-11-12,9:36:15.573009122,T,IBM,F I,28,322.04
2025-11-12,9:36:15.573009122,T,IBM,F,40,322.04
2025-11-12,9:36:18.393910672,T,IBM,F I,10,322.09
2025-11-12,9:36:18.393913729,T,IBM,F I,19,322.07
2025-11-12,9:36:18.393916681,T,IBM,F I,10,322.07
2025-11-12,9:36:18.393916681,T,IBM,F I,19,322.07
2025-11-12,9:36:18.393922693,T,IBM,F,81,322.07
2025-11-12,9:36:18.394006985,T,IBM,F I,20,321.98
2025-11-12,9:36:18.948563095,T,IBM,I,34,322.0
2025-11-12,9:36:18.948581503,T,IBM,F I,26,322.0
2025-11-12,9:36:18.948584136,T,IBM,I,1,322.0
2025-11-12,9:36:18.948587255,T,IBM,,50,322.0
2025-11-12,9:36:18.948587255,T,IBM,F I,26,322.0
2025-11-12,9:36:18.948596305,T,IBM,F I,3,322.0
2025-11-12,9:36:18.948731545,T,IBM,,40,321.99
2025-11-12,9:36:19.968239711,T,IBM,F I,5,321.91
2025-11-12,9:36:19.968245747,T,IBM,F I,20,321.88
2025-11-12,9:36:19.968245747,T,IBM,F I,10,321.88
2025-11-12,9:36:19.968260677,T,IBM,,155,321.88
2025-11-12,9:36:19.968883208,T,IBM,,160,321.85
2025-11-12,9:36:19.990507718,T,IBM,F,120,321.79
2025-11-12,9:36:20.252752987,T,IBM,,40,321.975
2025-11-12,9:36:20.793786090,T,IBM,,40,321.98
2025-11-12,9:36:24.999517460,T,IBM,,40,321.98
2025-11-12,9:36:25.283206839,T,IBM,F,40,321.98
2025-11-12,9:36:25.389152015,T,IBM,,40,321.985
2025-11-12,9:36:25.402705239,T,IBM,,40,321.985
2025-11-12,9:36:29.987540452,T,IBM,I,30,322.13
2025-11-12,9:36:29.987913378,T,IBM,F I,9,322.06
2025-11-12,9:36:29.987982498,T,IBM,I,12,322.12
2025-11-12,9:36:29.988226894,T,IBM,F,53,322.18
2025-11-12,9:36:29.988229061,T,IBM,F,56,322.18
2025-11-12,9:36:29.989522156,T,IBM,F,50,322.18
2025-11-12,9:36:29.991257273,T,IBM,F,80,322.23
2025-11-12,9:36:30.065470989,T,IBM,I,19,322.24
2025-11-12,9:36:31.059403129,T,IBM,I,1,322.19
2025-11-12,9:36:32.199808321,T,IBM,I,39,322.42
2025-11-12,9:36:32.199810958,T,IBM,,41,322.42
2025-11-12,9:36:32.199828989,T,IBM,I,4,322.42
2025-11-12,9:36:32.210516434,T,IBM,I,10,322.45
2025-11-12,9:36:32.212377883,T,IBM,F I,16,322.45
2025-11-12,9:36:32.212687599,T,IBM,,45,322.45
2025-11-12,9:36:32.212759832,T,IBM,,45,322.45
2025-11-12,9:36:32.212795899,T,IBM,I,10,322.45
2025-11-12,9:36:32.222454850,T,IBM,F I,3,322.39
2025-11-12,9:36:32.222478954,T,IBM,F I,3,322.39
2025-11-12,9:36:32.222530102,T,IBM,F I,3,322.38
2025-11-12,9:36:32.222533035,T,IBM,F I,3,322.38
2025-11-12,9:36:32.222536123,T,IBM,F I,3,322.38
2025-11-12,9:36:32.222743511,T,IBM,,40,322.38
2025-11-12,9:36:34.222573591,T,IBM,F I,10,322.5
2025-11-12,9:36:37.446341354,T,IBM,F I,24,322.59
2025-11-12,9:36:37.446482596,T,IBM,F I,16,322.51
2025-11-12,9:36:37.446509675,T,IBM,F I,9,322.51
2025-11-12,9:36:37.446569900,T,IBM,F I,33,322.5
2025-11-12,9:36:37.446942779,T,IBM,F I,2,322.49
2025-11-12,9:36:37.447411852,T,IBM,I,16,322.56
2025-11-12,9:36:37.447414879,T,IBM,F I,16,322.56
2025-11-12,9:36:37.448398357,T,IBM,,50,322.49
2025-11-12,9:36:37.448398357,T,IBM,I,30,322.49
2025-11-12,9:36:37.457444103,T,IBM,I,30,322.5
2025-11-12,9:36:37.457444103,T,IBM,I,17,322.42
2025-11-12,9:36:37.726157361,T,IBM,F I,10,322.65
2025-11-12,9:36:37.726157361,T,IBM,F I,17,322.65
2025-11-12,9:36:40.316361800,T,IBM,F I,6,322.75
2025-11-12,9:36:40.316365433,T,IBM,F I,4,322.75
2025-11-12,9:36:45.595445046,T,IBM,F I,15,322.68
2025-11-12,9:36:45.595448860,T,IBM,F I,6,322.67
2025-11-12,9:36:45.595451182,T,IBM,F I,23,322.67
2025-11-12,9:36:45.595504525,T,IBM,I,24,322.7
2025-11-12,9:36:45.595558637,T,IBM,F I,7,322.67
2025-11-12,9:36:45.595606844,T,IBM,F,40,322.62
2025-11-12,9:36:45.595663910,T,IBM,,40,322.61
2025-11-12,9:36:45.597258097,T,IBM,,100,322.65
2025-11-12,9:36:45.597258097,T,IBM,I,18,322.66
2025-11-12,9:36:45.597258097,T,IBM,I,2,322.66
2025-11-12,9:36:45.602830049,T,IBM,,40,322.57
2025-11-12,9:36:45.605593601,T,IBM,I,5,322.64
2025-11-12,9:36:46.331972866,T,IBM,F I,12,322.64
2025-11-12,9:36:48.737844438,T,IBM,F I,9,322.54
2025-11-12,9:36:50.023410951,T,IBM,F I,1,322.61
2025-11-12,9:36:50.023425942,T,IBM,F I,39,322.61
2025-11-12,9:36:50.023519240,T,IBM,F,40,322.59
2025-11-12,9:36:51.353351067,T,IBM,I,1,322.75
2025-11-12,9:36:51.456412418,T,IBM,I,1,322.77
2025-11-12,9:36:51.658307137,T,IBM,I,1,322.77
2025-11-12,9:36:51.860261885,T,IBM,I,1,322.74
2025-11-12,9:36:52.062111497,T,IBM,I,1,322.75
2025-11-12,9:36:52.263948933,T,IBM,I,1,322.75
2025-11-12,9:36:52.264072185,T,IBM,I,29,322.75
2025-11-12,9:36:54.360437902,T,IBM,F I,9,322.76
2025-11-12,9:36:54.360570244,T,IBM,,91,322.76
2025-11-12,9:36:54.905711108,T,IBM,F I,6,322.64
2025-11-12,9:36:54.905729113,T,IBM,F I,6,322.62
2025-11-12,9:36:54.907337995,T,IBM,F I,8,322.4
2025-11-12,9:36:54.907558064,T,IBM,,51,322.52
2025-11-12,9:36:56.042492422,T,IBM,I,3,322.57
2025-11-12,9:36:56.042576565,T,IBM,,70,322.57
2025-11-12,9:37:00.325709361,T,IBM,F I,3,322.41
2025-11-12,9:37:00.325730914,T,IBM,F I,37,322.41
2025-11-12,9:37:00.325733923,T,IBM,F,63,322.41
2025-11-12,9:37:00.325736550,T,IBM,F I,14,322.41
2025-11-12,9:37:00.325739411,T,IBM,F I,2,322.41
2025-11-12,9:37:02.000104627,T,IBM,F I,3,322.16
2025-11-12,9:37:02.000140610,T,IBM,F,80,322.15
2025-11-12,9:37:02.000450371,T,IBM,F,80,322.15
2025-11-12,9:37:03.119035293,T,IBM,F,100,322.2
2025-11-12,9:37:03.125693219,T,IBM,,40,322.125
2025-11-12,9:37:03.376222600,T,IBM,F I,5,322.22
2025-11-12,9:37:03.376222600,T,IBM,F I,10,322.23
2025-11-12,9:37:03.376226451,T,IBM,F I,2,322.24
2025-11-12,9:37:03.376229472,T,IBM,F I,25,322.25
2025-11-12,9:37:03.376229472,T,IBM,F,100,322.26
2025-11-12,9:37:03.376231584,T,IBM,F I,8,322.26
2025-11-12,9:37:03.376244453,T,IBM,F I,17,322.26
2025-11-12,9:37:03.376247856,T,IBM,F I,35,322.26
2025-11-12,9:37:03.376282701,T,IBM,F,40,322.27
2025-11-12,9:37:03.376282701,T,IBM,F I,12,322.27
2025-11-12,9:37:20.108726081,T,IBM,I,16,322.35
2025-11-12,9:37:20.109207257,T,IBM,F I,16,322.39
2025-11-12,9:37:20.110837117,T,IBM,,40,322.39
2025-11-12,9:37:20.251367687,T,IBM,I,18,322.49
2025-11-12,9:37:24.548053629,T,IBM,F I,14,323.0
2025-11-12,9:37:24.548071751,T,IBM,F,310,323.0
2025-11-12,9:37:24.548294268,T,IBM,I,19,322.92
2025-11-12,9:37:24.548372430,T,IBM,F I,13,323.0
2025-11-12,9:37:24.548540844,T,IBM,I,19,322.96
2025-11-12,9:37:24.548688146,T,IBM,F I,3,322.96
2025-11-12,9:37:24.548773267,T,IBM,I,2,322.99
2025-11-12,9:37:24.548775430,T,IBM,I,2,322.94
2025-11-12,9:37:24.548931730,T,IBM,,40,322.93
2025-11-12,9:37:24.548946836,T,IBM,F,40,322.92
2025-11-12,9:37:24.549064197,T,IBM,F I,20,322.92
2025-11-12,9:37:24.549064197,T,IBM,F I,29,322.92
2025-11-12,9:37:24.549082335,T,IBM,F,71,322.92
2025-11-12,9:37:24.549088168,T,IBM,F I,24,322.92
2025-11-12,9:37:24.563390212,T,IBM,F,80,322.93
2025-11-12,9:37:24.563390212,T,IBM,F I,35,322.93
2025-11-12,9:37:26.410889596,T,IBM,I,13,322.9
2025-11-12,9:37:26.410889596,T,IBM,I,4,322.88
2025-11-12,9:37:27.512105092,T,IBM,I,17,322.88
2025-11-12,9:37:35.128622479,T,IBM,I,2,322.87
2025-11-12,9:37:35.128622479,T,IBM,I,10,322.87
2025-11-12,9:37:35.128625516,T,IBM,I,5,322.87
2025-11-12,9:37:35.128644068,T,IBM,F I,5,322.87
2025-11-12,9:37:35.128646491,T,IBM,F I,12,322.86
2025-11-12,9:37:35.128658573,T,IBM,F I,5,322.86
2025-11-12,9:37:35.128667605,T,IBM,F,40,322.845
2025-11-12,9:37:42.911655078,T,IBM,F I,4,322.81
2025-11-12,9:37:42.911683091,T,IBM,F I,6,322.81
2025-11-12,9:37:42.911685590,T,IBM,F I,25,322.81
2025-11-12,9:37:42.911806152,T,IBM,F I,4,322.75
2025-11-12,9:37:42.911835531,T,IBM,,40,322.75
2025-11-12,9:37:42.911865592,T,IBM,F I,4,322.75
2025-11-12,9:37:42.912082204,T,IBM,F I,4,322.75
2025-11-12,9:37:42.912190446,T,IBM,F I,4,322.74
2025-11-12,9:37:42.912193445,T,IBM,F I,4,322.74
2025-11-12,9:37:42.912223460,T,IBM,F,40,322.74
2025-11-12,9:37:42.912331782,T,IBM,F I,7,322.74
2025-11-12,9:37:42.912352766,T,IBM,F,40,322.74
2025-11-12,9:37:42.912358777,T,IBM,I,5,322.74
2025-11-12,9:37:42.912458051,T,IBM,I,15,322.81
2025-11-12,9:37:43.449362239,T,IBM,F I,25,322.8
2025-11-12,9:37:47.492270934,T,IBM,F I,25,322.92
2025-11-12,9:37:47.492743043,T,IBM,F I,22,322.98
2025-11-12,9:37:47.493359443,T,IBM,F,40,323.0
2025-11-12,9:37:47.498200978,T,IBM,,80,323.085
2025-11-12,9:37:47.498228118,T,IBM,F,80,323.085
2025-11-12,9:37:49.510757576,T,IBM,I,15,323.23
2025-11-12,9:37:49.510760132,T,IBM,I,35,323.21
2025-11-12,9:37:49.597240030,T,IBM,F I,3,323.25
2025-11-12,9:37:49.597243140,T,IBM,F I,25,323.25
2025-11-12,9:37:49.597246122,T,IBM,F I,10,323.25
2025-11-12,9:37:50.469165810,T,IBM,F I,10,323.29
2025-11-12,9:37:50.473450972,T,IBM,F,100,323.21
2025-11-12,9:37:53.405569358,T,IBM,F,40,323.06
2025-11-12,9:37:53.405617438,T,IBM,F,40,323.06
2025-11-12,9:37:53.405656606,T,IBM,F I,20,323.06
2025-11-12,9:37:53.405656606,T,IBM,F I,20,323.05
2025-11-12,9:37:53.405677980,T,IBM,F I,20,323.05
2025-11-12,9:37:53.405680607,T,IBM,I,1,323.05
2025-11-12,9:37:53.405698710,T,IBM,I,39,323.05
2025-11-12,9:37:53.654417828,T,IBM,F,100,323.16
2025-11-12,9:38:04.467379731,T,IBM,I,2,323.22
2025-11-12,9:38:04.467557173,T,IBM,I,14,323.19
2025-11-12,9:38:06.736675547,T,IBM,I,25,323.16
2025-11-12,9:38:06.736678377,T,IBM,I,10,323.15
2025-11-12,9:38:06.736681329,T,IBM,I,4,323.14
2025-11-12,9:38:06.736684190,T,IBM,,100,323.14
2025-11-12,9:38:06.736684190,T,IBM,I,1,323.14
2025-11-12,9:38:06.736699883,T,IBM,F I,35,323.14
2025-11-12,9:38:06.736705413,T,IBM,F,100,323.14
2025-11-12,9:38:06.736708227,T,IBM,F I,1,323.14
2025-11-12,9:38:06.736711311,T,IBM,I,26,323.14
2025-11-12,9:38:06.736711311,T,IBM,I,1,323.14
2025-11-12,9:38:06.754495581,T,IBM,F,100,323.07
2025-11-12,9:38:06.767462404,T,IBM,F,100,322.92
2025-11-12,9:38:07.083184011,T,IBM,F I,10,322.99
2025-11-12,9:38:08.677369295,T,IBM,F I,5,323.31
2025-11-12,9:38:08.677675980,T,IBM,F,40,323.33
2025-11-12,9:38:11.102011563,T,IBM,F I,18,323.48
2025-11-12,9:38:11.102026602,T,IBM,F I,20,323.51
2025-11-12,9:38:11.102501772,T,IBM,I,14,323.48
2025-11-12,9:38:11.102628021,T,IBM,I,14,323.49
2025-11-12,9:38:11.102655108,T,IBM,,69,323.49
2025-11-12,9:38:11.102724272,T,IBM,I,11,323.48
2025-11-12,9:38:11.102727330,T,IBM,I,3,323.46
2025-11-12,9:38:16.300090364,T,IBM,F,70,323.61
2025-11-12,9:38:16.300177563,T,IBM,F I,5,323.62
2025-11-12,9:38:16.300198659,T,IBM,F,65,323.62
2025-11-12,9:38:16.575867854,T,IBM,I,1,323.62
2025-11-12,9:38:16.575885925,T,IBM,F I,1,323.62
2025-11-12,9:38:16.576006322,T,IBM,F I,1,323.62
2025-11-12,9:38:16.577371507,T,IBM,,58,323.64
2025-11-12,9:38:16.632107789,T,IBM,F I,1,323.72
2025-11-12,9:38:16.634510501,T,IBM,I,8,323.72
2025-11-12,9:38:16.634907462,T,IBM,I,19,323.7
2025-11-12,9:38:16.636973294,T,IBM,F I,20,323.75
2025-11-12,9:38:19.669509747,T,IBM,I,10,323.79
2025-11-12,9:38:21.143775532,T,IBM,I,3,323.9
2025-11-12,9:38:22.727679168,T,IBM,F I,25,323.935
2025-11-12,9:38:22.727709279,T,IBM,F,55,323.935
2025-11-12,9:38:22.968655546,T,IBM,F I,20,323.98
2025-11-12,9:38:22.968687950,T,IBM,F,80,324.0
2025-11-12,9:38:22.968925543,T,IBM,F,80,324.0
2025-11-12,9:38:22.968976620,T,IBM,I,2,323.97
2025-11-12,9:38:22.968979705,T,IBM,I,38,323.97
2025-11-12,9:38:22.968982642,T,IBM,F I,34,324.0
2025-11-12,9:38:22.969007544,T,IBM,F,46,324.0
2025-11-12,9:38:22.969007544,T,IBM,F I,2,324.0
2025-11-12,9:38:22.969011150,T,IBM,F I,4,324.0
2025-11-12,9:38:22.969011150,T,IBM,,80,324.0
2025-11-12,9:38:22.969012793,T,IBM,F I,12,323.97
2025-11-12,9:38:22.969015766,T,IBM,F I,39,323.97
2025-11-12,9:38:22.969022374,T,IBM,,80,324.0
2025-11-12,9:38:22.969026204,T,IBM,,94,324.0
2025-11-12,9:38:22.969130035,T,IBM,,40,323.97
2025-11-12,9:38:22.969175103,T,IBM,F I,4,323.98
2025-11-12,9:38:22.969196222,T,IBM,I,4,323.98
2025-11-12,9:38:22.969196222,T,IBM,F I,4,323.98
2025-11-12,9:38:22.969283447,T,IBM,I,2,323.98
2025-11-12,9:38:22.969472811,T,IBM,F I,1,323.96
2025-11-12,9:38:22.972873993,T,IBM,F,40,323.89
2025-11-12,9:38:22.972919074,T,IBM,F,40,323.89
2025-11-12,9:38:22.972988209,T,IBM,I,20,323.89
2025-11-12,9:38:22.974088819,T,IBM,,40,323.88
2025-11-12,9:38:22.974606689,T,IBM,F I,10,323.91
2025-11-12,9:38:22.974609051,T,IBM,I,2,323.9
2025-11-12,9:38:22.974786512,T,IBM,F I,8,323.94
2025-11-12,9:38:22.975096264,T,IBM,F I,23,323.94
2025-11-12,9:38:22.975348849,T,IBM,I,2,324.0
2025-11-12,9:38:22.975348849,T,IBM,I,28,324.01
2025-11-12,9:38:23.323722180,T,IBM,F I,6,324.0
2025-11-12,9:38:23.323725235,T,IBM,F I,7,324.0
2025-11-12,9:38:25.108176465,T,IBM,F I,2,324.0
2025-11-12,9:38:25.108197464,T,IBM,F,58,324.0
2025-11-12,9:38:25.108308788,T,IBM,F I,8,324.04
2025-11-12,9:38:27.927466346,T,IBM,F I,10,324.08
2025-11-12,9:38:27.927469588,T,IBM,F I,20,324.07
2025-11-12,9:38:27.927469588,T,IBM,F I,10,324.07
2025-11-12,9:38:29.825133971,T,IBM,F I,2,324.16
2025-11-12,9:38:29.828962090,T,IBM,F I,2,324.24
2025-11-12,9:38:30.202126578,T,IBM,F,70,324.29
2025-11-12,9:38:30.438570490,T,IBM,F I,1,324.37
2025-11-12,9:38:30.607816431,T,IBM,F I,10,324.36
2025-11-12,9:38:31.349014895,T,IBM,,76,324.35
2025-11-12,9:38:31.349057735,T,IBM,F,70,324.35
2025-11-12,9:38:31.349060048,T,IBM,F I,1,324.35
2025-11-12,9:38:33.311387716,T,IBM,F,100,324.4
2025-11-12,9:38:34.956297750,T,IBM,F I,10,324.44
2025-11-12,9:38:34.958544176,T,IBM,F I,19,324.53
2025-11-12,9:38:34.958887001,T,IBM,,100,324.52
2025-11-12,9:38:34.964687739,T,IBM,F I,2,324.49
2025-11-12,9:38:34.964747959,T,IBM,F I,2,324.49
2025-11-12,9:38:34.964747959,T,IBM,F I,2,324.49
2025-11-12,9:38:34.964790007,T,IBM,F I,2,324.48
2025-11-12,9:38:36.522537574,T,IBM,,49,324.58
2025-11-12,9:38:36.522853387,T,IBM,,48,324.58
2025-11-12,9:38:36.655252553,T,IBM,I,30,324.57
2025-11-12,9:38:36.655255536,T,IBM,I,10,324.57
2025-11-12,9:38:36.947939376,T,IBM,F I,4,324.5
2025-11-12,9:38:36.948432616,T,IBM,F,120,324.43
2025-11-12,9:38:36.948637322,T,IBM,,100,324.44
2025-11-12,9:38:36.948640171,T,IBM,I,10,324.44
2025-11-12,9:38:36.948640171,T,IBM,,50,324.45
2025-11-12,9:38:36.948658148,T,IBM,I,1,324.45
2025-11-12,9:38:36.948724214,T,IBM,F I,10,324.45
2025-11-12,9:38:36.948745420,T,IBM,F I,9,324.45
2025-11-12,9:38:36.948748332,T,IBM,F I,1,324.45
2025-11-12,9:38:38.972659581,T,IBM,I,1,324.48
2025-11-12,9:38:39.274812968,T,IBM,,80,324.48
2025-11-12,9:38:39.280544599,T,IBM,I,19,324.48
2025-11-12,9:38:39.280544599,T,IBM,,45,324.475
2025-11-12,9:38:39.280547655,T,IBM,I,16,324.45
2025-11-12,9:38:39.286526055,T,IBM,,45,324.475
2025-11-12,9:38:39.286526055,T,IBM,I,25,324.43
2025-11-12,9:38:39.286528831,T,IBM,I,10,324.42
2025-11-12,9:38:39.292570634,T,IBM,,45,324.475
2025-11-12,9:38:39.292573371,T,IBM,I,30,324.46
2025-11-12,9:38:39.292573371,T,IBM,I,5,324.41
2025-11-12,9:38:39.297689266,T,IBM,,45,324.48
2025-11-12,9:38:39.297689266,T,IBM,I,20,324.41
2025-11-12,9:38:39.297691408,T,IBM,I,15,324.41
2025-11-12,9:38:39.298494282,T,IBM,I,30,324.46
2025-11-12,9:38:39.298497394,T,IBM,,45,324.42
2025-11-12,9:38:39.298497394,T,IBM,I,5,324.41
2025-11-12,9:38:39.305365726,T,IBM,,45,324.42
2025-11-12,9:38:39.305368670,T,IBM,I,35,324.38
2025-11-12,9:38:39.311371348,T,IBM,F,45,324.4
2025-11-12,9:38:39.311374107,T,IBM,F I,35,324.36
2025-11-12,9:38:39.311377035,T,IBM,,45,324.36
2025-11-12,9:38:39.311377035,T,IBM,I,35,324.36
2025-11-12,9:38:39.311389080,T,IBM,I,1,324.45
2025-11-12,9:38:39.311392291,T,IBM,I,29,324.45
2025-11-12,9:38:39.311392291,T,IBM,I,11,324.36
2025-11-12,9:38:39.311398063,T,IBM,F I,4,324.36
2025-11-12,9:38:39.317322208,T,IBM,F I,6,324.4
2025-11-12,9:38:39.317643901,T,IBM,F I,10,324.42
2025-11-12,9:38:39.318094994,T,IBM,F,50,324.45
2025-11-12,9:38:41.370890064,T,IBM,F I,6,324.56
2025-11-12,9:38:41.371010381,T,IBM,F I,1,324.6
2025-11-12,9:38:41.371031924,T,IBM,F I,39,324.6
2025-11-12,9:38:41.371034360,T,IBM,F,40,324.6
2025-11-12,9:38:42.240656690,T,IBM,I,10,324.67
2025-11-12,9:38:42.240656690,T,IBM,I,4,324.65
2025-11-12,9:38:44.051090293,T,IBM,F I,1,324.72
2025-11-12,9:38:44.051090293,T,IBM,F I,25,324.72
2025-11-12,9:38:44.051093314,T,IBM,F I,14,324.72
2025-11-12,9:38:44.051104860,T,IBM,F I,10,324.8
2025-11-12,9:38:44.051119884,T,IBM,I,10,324.76
2025-11-12,9:38:44.051153152,T,IBM,F I,25,324.73
2025-11-12,9:38:44.051155945,T,IBM,F I,5,324.69
2025-11-12,9:38:44.051174037,T,IBM,F I,25,324.69
2025-11-12,9:38:44.051228133,T,IBM,F I,5,324.69
2025-11-12,9:38:44.051256292,T,IBM,I,1,324.69
2025-11-12,9:38:44.051330654,T,IBM,F I,14,324.69
2025-11-12,9:38:44.051333821,T,IBM,F I,34,324.69
2025-11-12,9:38:44.051357474,T,IBM,I,1,324.69
2025-11-12,9:38:44.051649211,T,IBM,F I,6,324.68
2025-11-12,9:38:44.056977846,T,IBM,I,19,324.5
2025-11-12,9:38:44.058665247,T,IBM,,45,324.59
2025-11-12,9:38:44.058665247,T,IBM,,139,324.61
2025-11-12,9:38:44.058668696,T,IBM,,65,324.62
2025-11-12,9:38:44.058670877,T,IBM,,40,324.62
2025-11-12,9:38:44.058674134,T,IBM,I,27,324.62
2025-11-12,9:38:44.058674134,T,IBM,,100,324.62
2025-11-12,9:38:44.058677052,T,IBM,,100,324.62
2025-11-12,9:38:44.058677052,T,IBM,I,10,324.62
2025-11-12,9:38:44.058679947,T,IBM,,140,324.62
2025-11-12,9:38:44.058679947,T,IBM,I,1,324.62
2025-11-12,9:38:44.323824533,T,IBM,F,50,324.48
2025-11-12,9:38:44.323824533,T,IBM,F,70,324.47
2025-11-12,9:38:44.323842165,T,IBM,F,50,324.47
2025-11-12,9:38:44.992679976,T,IBM,F I,38,324.36
2025-11-12,9:38:44.992682510,T,IBM,F I,2,324.36
2025-11-12,9:38:44.995599471,T,IBM,I,5,324.35
2025-11-12,9:38:45.127297907,T,IBM,F,100,324.38
2025-11-12,9:38:45.127300940,T,IBM,F I,1,324.43
2025-11-12,9:38:46.784543316,T,IBM,I,5,324.38
2025-11-12,9:38:46.784546737,T,IBM,,100,324.36
2025-11-12,9:38:46.784549289,T,IBM,I,25,324.36
2025-11-12,9:38:46.784552315,T,IBM,,50,324.34
2025-11-12,9:38:46.784552315,T,IBM,I,10,324.3
2025-11-12,9:38:46.784556055,T,IBM,I,2,324.28
2025-11-12,9:38:46.784556055,T,IBM,I,10,324.28
2025-11-12,9:38:46.784558341,T,IBM,I,4,324.28
2025-11-12,9:38:46.784561391,T,IBM,,50,324.27
2025-11-12,9:38:46.784565121,T,IBM,,45,324.26
2025-11-12,9:38:46.784565121,T,IBM,I,16,324.26
2025-11-12,9:38:46.784567711,T,IBM,,40,324.25
2025-11-12,9:38:46.784567711,T,IBM,I,20,324.25
2025-11-12,9:38:46.786516047,T,IBM,,117,324.24
2025-11-12,9:38:46.786528539,T,IBM,F I,5,324.24
2025-11-12,9:38:46.786543019,T,IBM,F I,1,324.24
2025-11-12,9:38:46.786777567,T,IBM,I,15,324.28
2025-11-12,9:38:46.795898369,T,IBM,,40,324.24
2025-11-12,9:38:46.795922341,T,IBM,F,45,324.24
2025-11-12,9:38:47.004399719,T,IBM,I,1,324.32
2025-11-12,9:38:47.201125369,T,IBM,,99,324.32
2025-11-12,9:38:47.201128083,T,IBM,,80,324.325
2025-11-12,9:38:50.978586012,T,IBM,F,80,324.31
2025-11-12,9:38:55.985590258,T,IBM,I,5,324.28
2025-11-12,9:38:55.985592938,T,IBM,I,2,324.27
2025-11-12,9:38:55.985592938,T,IBM,I,33,324.27
2025-11-12,9:38:55.985613931,T,IBM,,67,324.27
2025-11-12,9:38:55.986308708,T,IBM,F I,25,324.25
2025-11-12,9:38:55.986308708,T,IBM,F I,9,324.25
2025-11-12,9:38:55.986312090,T,IBM,F I,3,324.3
2025-11-12,9:38:55.986329632,T,IBM,F I,31,324.25
2025-11-12,9:38:55.986401780,T,IBM,F I,1,324.27
2025-11-12,9:38:56.001939752,T,IBM,F,100,324.3
2025-11-12,9:38:58.678184989,T,IBM,F,100,324.315
2025-11-12,9:38:58.678314710,T,IBM,,40,324.25
2025-11-12,9:38:59.109531839,T,IBM,F I,30,324.37
2025-11-12,9:39:00.368524035,T,IBM,F,50,324.45
2025-11-12,9:39:00.368884883,T,IBM,F,70,324.5
2025-11-12,9:39:00.369185671,T,IBM,,100,324.52
2025-11-12,9:39:00.369624716,T,IBM,F,70,324.5
2025-11-12,9:39:00.396021516,T,IBM,,40,324.55
2025-11-12,9:39:00.398607758,T,IBM,,58,324.55
2025-11-12,9:39:02.180409575,T,IBM,F I,10,324.67
2025-11-12,9:39:03.339876908,T,IBM,F I,1,324.61
2025-11-12,9:39:03.339885883,T,IBM,F I,2,324.61
2025-11-12,9:39:03.339918937,T,IBM,F,40,324.6
2025-11-12,9:39:03.340024230,T,IBM,F I,10,324.62
2025-11-12,9:39:03.340036189,T,IBM,F I,4,324.63
2025-11-12,9:39:03.340039822,T,IBM,F I,8,324.63
2025-11-12,9:39:03.340063261,T,IBM,F I,2,324.65
2025-11-12,9:39:03.340066423,T,IBM,F I,21,324.65
2025-11-12,9:39:03.340153572,T,IBM,,80,324.65
2025-11-12,9:39:03.340321909,T,IBM,F,100,324.65
2025-11-12,9:39:03.946983109,T,IBM,F I,17,324.65
2025-11-12,9:39:03.956320415,T,IBM,F I,7,324.62
2025-11-12,9:39:06.550668702,T,IBM,I,1,324.74
2025-11-12,9:39:06.550816148,T,IBM,,99,324.74
2025-11-12,9:39:06.924455467,T,IBM,F I,1,324.74
2025-11-12,9:39:07.867581759,T,IBM,F I,9,324.71
2025-11-12,9:39:08.079237702,T,IBM,F I,20,324.74
2025-11-12,9:39:08.079493299,T,IBM,F I,20,324.74
2025-11-12,9:39:08.079502306,T,IBM,F I,14,324.74
2025-11-12,9:39:08.079508424,T,IBM,,45,324.74
2025-11-12,9:39:08.079508424,T,IBM,F I,20,324.75
2025-11-12,9:39:08.163531269,T,IBM,,40,324.825
2025-11-12,9:39:08.163847111,T,IBM,,40,324.825
2025-11-12,9:39:08.826483536,T,IBM,F I,11,324.77
2025-11-12,9:39:08.826543706,T,IBM,F,45,324.75
2025-11-12,9:39:09.329665583,T,IBM,,40,324.82
2025-11-12,9:39:09.344009621,T,IBM,F I,4,324.82
2025-11-12,9:39:09.644214292,T,IBM,I,30,324.82
2025-11-12,9:39:09.772111842,T,IBM,F I,24,324.77
2025-11-12,9:39:09.772448630,T,IBM,F I,33,324.74
2025-11-12,9:39:09.772472699,T,IBM,F I,4,324.74
2025-11-12,9:39:09.772472699,T,IBM,I,1,324.74
2025-11-12,9:39:09.772475637,T,IBM,F I,2,324.74
2025-11-12,9:39:10.216759377,T,IBM,F,51,324.77
2025-11-12,9:39:10.216780446,T,IBM,F,49,324.77
2025-11-12,9:39:10.216783649,T,IBM,F,50,324.78
2025-11-12,9:39:10.216783649,T,IBM,F I,1,324.78
2025-11-12,9:39:11.806939035,T,IBM,F I,2,324.82
2025-11-12,9:39:11.997397397,T,IBM,,40,324.72
2025-11-12,9:39:11.998260536,T,IBM,F,55,324.72
2025-11-12,9:39:11.998275510,T,IBM,,45,324.72
2025-11-12,9:39:11.998279461,T,IBM,I,25,324.73
2025-11-12,9:39:11.998284505,T,IBM,I,25,324.73
2025-11-12,9:39:11.998284505,T,IBM,F,80,324.735
2025-11-12,9:39:11.998284505,T,IBM,F I,20,324.76
2025-11-12,9:39:11.998288366,T,IBM,F I,10,324.77
2025-11-12,9:39:11.998294559,T,IBM,F I,20,324.77
2025-11-12,9:39:11.998299748,T,IBM,F I,23,324.77
2025-11-12,9:39:11.998299748,T,IBM,F I,2,324.77
2025-11-12,9:39:11.998302689,T,IBM,F,50,324.77
2025-11-12,9:39:11.999478401,T,IBM,I,20,324.79
2025-11-12,9:39:11.999499488,T,IBM,F,50,324.77
2025-11-12,9:39:12.009693736,T,IBM,F,40,324.81
2025-11-12,9:39:12.784160476,T,IBM,I,30,324.74
2025-11-12,9:39:12.784569440,T,IBM,F,40,324.73
2025-11-12,9:39:12.842909394,T,IBM,I,20,324.81
2025-11-12,9:39:12.842909394,T,IBM,I,1,324.81
2025-11-12,9:39:12.843007539,T,IBM,F I,4,324.82
2025-11-12,9:39:13.391940383,T,IBM,,40,324.84
2025-11-12,9:39:13.639612932,T,IBM,I,11,324.83
2025-11-12,9:39:13.639612932,T,IBM,I,29,324.81
2025-11-12,9:39:18.741892646,T,IBM,F I,25,324.9
2025-11-12,9:39:18.741914439,T,IBM,F I,20,324.9
2025-11-12,9:39:18.741917180,T,IBM,F I,10,324.9
2025-11-12,9:39:18.741920615,T,IBM,I,1,324.9
2025-11-12,9:39:18.741923807,T,IBM,F I,14,324.9
2025-11-12,9:39:18.741923807,T,IBM,F,40,324.9
2025-11-12,9:39:18.741927377,T,IBM,F I,12,324.9
2025-11-12,9:39:18.741927377,T,IBM,F I,6,324.9
2025-11-12,9:39:18.741928786,T,IBM,I,22,324.9
2025-11-12,9:39:18.741931772,T,IBM,F,60,324.9
2025-11-12,9:39:18.742277637,T,IBM,I,2,324.86
2025-11-12,9:39:18.742292675,T,IBM,F I,16,324.85
2025-11-12,9:39:18.742307708,T,IBM,F I,6,324.84
2025-11-12,9:39:18.742313776,T,IBM,F,44,324.84
2025-11-12,9:39:18.742509509,T,IBM,F I,3,324.87
2025-11-12,9:39:18.742509509,T,IBM,F I,6,324.87
2025-11-12,9:39:18.742516126,T,IBM,F I,1,324.87
2025-11-12,9:39:18.742516126,T,IBM,F I,7,324.88
2025-11-12,9:39:18.742516126,T,IBM,F I,25,324.88
2025-11-12,9:39:18.742518269,T,IBM,F I,13,324.89
2025-11-12,9:39:18.743297003,T,IBM,F I,1,324.87
2025-11-12,9:39:18.743351123,T,IBM,F I,3,324.87
2025-11-12,9:39:18.870659251,T,IBM,I,2,324.86
2025-11-12,9:39:19.293965024,T,IBM,I,25,324.82
2025-11-12,9:39:19.293965024,T,IBM,I,15,324.8
2025-11-12,9:39:20.926235880,T,IBM,,40,324.845
2025-11-12,9:39:21.072116092,T,IBM,F,40,324.79
2025-11-12,9:39:21.072419848,T,IBM,I,29,324.81
2025-11-12,9:39:21.072525111,T,IBM,I,20,324.83
2025-11-12,9:39:21.072528169,T,IBM,I,1,324.83
2025-11-12,9:39:21.072549172,T,IBM,,100,324.83
2025-11-12,9:39:21.072780681,T,IBM,,50,324.83
2025-11-12,9:39:21.072822852,T,IBM,F,50,324.83
2025-11-12,9:39:21.320940463,T,IBM,F I,16,324.81
2025-11-12,9:39:21.321250186,T,IBM,F,40,324.79
2025-11-12,9:39:21.321253263,T,IBM,F,40,324.79
2025-11-12,9:39:21.322119318,T,IBM,F,40,324.75
2025-11-12,9:39:21.322573437,T,IBM,F I,10,324.72
2025-11-12,9:39:21.322606748,T,IBM,F I,30,324.72
2025-11-12,9:39:21.322606748,T,IBM,F I,7,324.71
2025-11-12,9:39:21.330695702,T,IBM,I,5,324.69
2025-11-12,9:39:21.330722831,T,IBM,I,35,324.69
2025-11-12,9:39:21.331522743,T,IBM,I,5,324.72
2025-11-12,9:39:21.331522743,T,IBM,I,1,324.72
2025-11-12,9:39:23.471284766,T,IBM,F I,1,324.72
2025-11-12,9:39:23.471302739,T,IBM,,45,324.72
2025-11-12,9:39:23.471311756,T,IBM,F,54,324.72
2025-11-12,9:39:23.471311756,T,IBM,F,75,324.745
2025-11-12,9:39:23.471314803,T,IBM,F I,1,324.75
2025-11-12,9:39:23.472121220,T,IBM,,100,324.75
2025-11-12,9:39:23.787337198,T,IBM,F I,25,324.71
2025-11-12,9:39:23.789202131,T,IBM,F,40,324.65
2025-11-12,9:39:23.789202131,T,IBM,F,40,324.65
2025-11-12,9:39:24.312579560,T,IBM,F,40,324.52
2025-11-12,9:39:24.832848094,T,IBM,I,3,324.33
2025-11-12,9:39:24.908487126,T,IBM,I,3,324.33
2025-11-12,9:39:26.651466542,T,IBM,I,10,324.335
2025-11-12,9:39:27.014332023,T,IBM,F I,20,324.26
2025-11-12,9:39:27.014334445,T,IBM,F I,25,324.26
2025-11-12,9:39:27.014340407,T,IBM,F I,10,324.26
2025-11-12,9:39:27.014361511,T,IBM,F I,1,324.26
2025-11-12,9:39:27.014373472,T,IBM,F I,25,324.26
2025-11-12,9:39:27.014385526,T,IBM,F I,39,324.26
2025-11-12,9:39:28.324577729,T,IBM,F I,24,324.27
2025-11-12,9:39:33.770593634,T,IBM,F I,3,324.17
2025-11-12,9:39:39.432761232,T,IBM,F I,25,324.18
2025-11-12,9:39:39.432782341,T,IBM,I,1,324.18
2025-11-12,9:39:39.432785355,T,IBM,F I,2,324.18
2025-11-12,9:39:39.432845464,T,IBM,F I,25,324.21
2025-11-12,9:39:40.346715185,T,IBM,,40,324.16
2025-11-12,9:39:40.352110080,T,IBM,,40,324.11
2025-11-12,9:39:40.352128079,T,IBM,I,1,324.11
2025-11-12,9:39:40.352639338,T,IBM,,50,324.19
2025-11-12,9:39:40.352642299,T,IBM,I,10,324.19
2025-11-12,9:39:40.352645752,T,IBM,I,20,324.2
2025-11-12,9:39:40.352645752,T,IBM,I,25,324.2
2025-11-12,9:39:40.352648440,T,IBM,,100,324.2
2025-11-12,9:39:40.352648440,T,IBM,I,17,324.21
2025-11-12,9:39:40.356925355,T,IBM,I,13,324.16
2025-11-12,9:39:40.356925355,T,IBM,I,20,324.12
2025-11-12,9:39:40.356927539,T,IBM,I,7,324.12
2025-11-12,9:39:40.358774214,T,IBM,I,10,324.07
2025-11-12,9:39:40.358776912,T,IBM,I,30,324.06
2025-11-12,9:39:40.364770156,T,IBM,,40,324.05
2025-11-12,9:39:40.376756679,T,IBM,,40,324.14
2025-11-12,9:39:40.382774006,T,IBM,,40,324.14
2025-11-12,9:39:40.703208615,T,IBM,I,25,324.2
2025-11-12,9:39:40.703211198,T,IBM,I,5,324.22
2025-11-12,9:39:40.703214836,T,IBM,,100,324.22
2025-11-12,9:39:40.703214836,T,IBM,I,10,324.23
2025-11-12,9:39:40.703220248,T,IBM,I,5,324.23
2025-11-12,9:39:40.703220248,T,IBM,I,15,324.24
2025-11-12,9:39:40.703220248,T,IBM,I,20,324.24
2025-11-12,9:39:40.703220248,T,IBM,,74,324.24
2025-11-12,9:39:40.703247223,T,IBM,F,50,324.25
2025-11-12,9:39:40.703247223,T,IBM,F I,25,324.25
2025-11-12,9:39:40.703249992,T,IBM,F,52,324.26
2025-11-12,9:39:40.703268337,T,IBM,I,18,324.26
2025-11-12,9:39:40.703271082,T,IBM,I,15,324.26
2025-11-12,9:39:40.703274123,T,IBM,I,2,324.26
2025-11-12,9:39:40.703274123,T,IBM,I,4,324.26
2025-11-12,9:39:40.703277222,T,IBM,F I,36,324.26
2025-11-12,9:39:40.704221334,T,IBM,F I,28,324.36
2025-11-12,9:39:40.704278686,T,IBM,F I,2,324.4
2025-11-12,9:39:40.704278686,T,IBM,F I,4,324.4
2025-11-12,9:39:40.704332578,T,IBM,F I,10,324.34
2025-11-12,9:39:40.704335563,T,IBM,F I,30,324.34
2025-11-12,9:39:40.714867178,T,IBM,F I,16,324.45
2025-11-12,9:39:40.714869695,T,IBM,F,40,324.46
2025-11-12,9:39:40.714872675,T,IBM,F,54,324.46
2025-11-12,9:39:40.714902753,T,IBM,F I,16,324.46
2025-11-12,9:39:40.715077210,T,IBM,,70,324.39
2025-11-12,9:39:41.707677328,T,IBM,F I,38,324.62
2025-11-12,9:39:41.707680744,T,IBM,F I,24,324.62
2025-11-12,9:39:41.707704808,T,IBM,I,36,324.62
2025-11-12,9:39:41.707707230,T,IBM,,59,324.62
2025-11-12,9:39:41.707827466,T,IBM,I,20,324.56
2025-11-12,9:39:41.707831165,T,IBM,I,25,324.56
2025-11-12,9:39:41.707831165,T,IBM,I,25,324.55
2025-11-12,9:39:41.707833538,T,IBM,I,30,324.55
2025-11-12,9:39:41.707870181,T,IBM,I,15,324.55
2025-11-12,9:39:41.707872621,T,IBM,I,26,324.52
2025-11-12,9:39:41.724228551,T,IBM,,40,324.55
2025-11-12,9:39:41.738187832,T,IBM,,40,324.55
2025-11-12,9:39:46.620854665,T,IBM,F I,20,324.47
2025-11-12,9:39:49.664153744,T,IBM,,40,324.295
2025-11-12,9:39:50.862389432,T,IBM,F I,5,324.32
2025-11-12,9:39:50.862389432,T,IBM,F,40,324.33
2025-11-12,9:39:50.862393135,T,IBM,F,41,324.34
2025-11-12,9:39:50.862393135,T,IBM,F I,29,324.34
2025-11-12,9:39:50.862398474,T,IBM,F I,16,324.34
2025-11-12,9:39:50.862398474,T,IBM,F,41,324.34
2025-11-12,9:39:50.862408028,T,IBM,I,1,324.34
2025-11-12,9:39:50.862408028,T,IBM,I,5,324.34
2025-11-12,9:39:50.862410633,T,IBM,,40,324.34
2025-11-12,9:39:50.862500616,T,IBM,I,13,324.34
2025-11-12,9:39:50.862503668,T,IBM,,57,324.34
2025-11-12,9:39:50.863447958,T,IBM,F I,1,324.31
2025-11-12,9:39:50.863676453,T,IBM,F,40,324.25
2025-11-12,9:39:51.071323839,T,IBM,I,7,324.215
2025-11-12,9:39:54.637666991,T,IBM,F,80,324.17
2025-11-12,9:39:54.637666991,T,IBM,F I,2,324.17
2025-11-12,9:39:55.137020765,T,IBM,F I,30,324.09
2025-11-12,9:39:55.137020765,T,IBM,F I,16,324.09
2025-11-12,9:39:55.137035920,T,IBM,I,1,324.09
2025-11-12,9:39:55.137038850,T,IBM,I,23,324.09
2025-11-12,9:39:55.137041863,T,IBM,I,17,324.09
2025-11-12,9:39:55.137065892,T,IBM,F I,20,324.09
2025-11-12,9:39:55.137234379,T,IBM,I,3,324.09
2025-11-12,9:39:55.137255336,T,IBM,I,3,324.09
2025-11-12,9:39:55.149744119,T,IBM,I,26,324.09
2025-11-12,9:39:55.149748175,T,IBM,F I,11,324.09
2025-11-12,9:39:55.344794404,T,IBM,,40,324.035
2025-11-12,9:39:55.344938769,T,IBM,,40,324.02
2025-11-12,9:39:55.344957857,T,IBM,I,1,324.02
2025-11-12,9:39:55.344960034,T,IBM,,74,324.02
2025-11-12,9:39:59.365525451,T,IBM,F I,20,324.08
2025-11-12,9:40:00.175960869,T,IBM,F I,10,324.075
2025-11-12,9:40:03.110424768,T,IBM,,40,324.12
2025-11-12,9:40:03.112860602,T,IBM,,40,324.12
2025-11-12,9:40:03.283336439,T,IBM,,120,324.125
2025-11-12,9:40:04.886296593,T,IBM,F,280,324.215
2025-11-12,9:40:04.886296593,T,IBM,F I,2,324.16
2025-11-12,9:40:04.886305517,T,IBM,F,76,324.16
2025-11-12,9:40:04.886305517,T,IBM,,100,324.16
2025-11-12,9:40:04.886314565,T,IBM,I,1,324.16
2025-11-12,9:40:04.886320621,T,IBM,F,143,324.16
2025-11-12,9:40:04.886323623,T,IBM,,100,324.19
2025-11-12,9:40:04.886365703,T,IBM,F I,2,324.16
2025-11-12,9:40:04.886365703,T,IBM,F,98,324.16
2025-11-12,9:40:04.886371677,T,IBM,F I,6,324.19
2025-11-12,9:40:04.886405076,T,IBM,F,70,324.17
2025-11-12,9:40:04.886407984,T,IBM,F I,28,324.17
2025-11-12,9:40:04.886410888,T,IBM,F I,2,324.17
2025-11-12,9:40:04.886434934,T,IBM,F I,6,324.16
2025-11-12,9:40:04.886449892,T,IBM,F I,4,324.21
2025-11-12,9:40:04.886479925,T,IBM,I,2,324.16
2025-11-12,9:40:04.886479925,T,IBM,I,4,324.16
2025-11-12,9:40:04.886483026,T,IBM,I,34,324.16
2025-11-12,9:40:04.886491987,T,IBM,I,3,324.16
2025-11-12,9:40:04.886491987,T,IBM,I,3,324.16
2025-11-12,9:40:04.886537219,T,IBM,F I,5,324.17
