DATE,TIME_M,EX,SYM_ROOT,TR_SCOND,SIZE,PRICE
2025-11-14,9:30:01.130714682,T,IBM,F I,2,300.05
2025-11-14,9:30:01.130723675,T,IBM,Q,2,300.05
2025-11-14,9:30:01.140511985,T,IBM,,40,300.09
2025-11-14,9:30:01.140515012,T,IBM,,40,300.05
2025-11-14,9:30:01.140515012,T,IBM,,60,300.05
2025-11-14,9:30:01.140539096,T,IBM,I,1,300.05
2025-11-14,9:30:01.140572210,T,IBM,I,39,300.05
2025-11-14,9:30:01.703765311,T,IBM,F,45,299.61
2025-11-14,9:30:01.703767840,T,IBM,F,45,299.61
2025-11-14,9:30:01.730258036,T,IBM,I,10,299.61
2025-11-14,9:30:01.730258036,T,IBM,I,5,299.6
2025-11-14,9:30:01.730260934,T,IBM,I,30,299.6
2025-11-14,9:30:01.738151789,T,IBM,I,10,299.6
2025-11-14,9:30:01.738154716,T,IBM,I,39,299.6
2025-11-14,9:30:01.938251136,T,IBM,I,1,299.8
2025-11-14,9:30:02.902998927,T,IBM,F I,1,299.43
2025-11-14,9:30:04.801273996,T,IBM,I,2,299.63
2025-11-14,9:30:04.801920517,T,IBM,,40,299.41
2025-11-14,9:30:04.801968699,T,IBM,,40,299.41
2025-11-14,9:30:06.279397911,T,IBM,,160,299.22
2025-11-14,9:30:06.279400944,T,IBM,,40,299.22
2025-11-14,9:30:06.279403893,T,IBM,I,30,299.21
2025-11-14,9:30:06.279415970,T,IBM,I,1,299.21
2025-11-14,9:30:06.279449003,T,IBM,,209,299.21
2025-11-14,9:30:06.279449003,T,IBM,I,5,299.21
2025-11-14,9:30:06.279527258,T,IBM,F,100,299.21
2025-11-14,9:30:06.279542362,T,IBM,F I,3,299.215
2025-11-14,9:30:06.279542362,T,IBM,F I,15,299.215
2025-11-14,9:30:06.279924327,T,IBM,F I,4,299.2
2025-11-14,9:30:06.279939165,T,IBM,F I,13,299.2
2025-11-14,9:30:06.280408314,T,IBM,F,40,299.17
2025-11-14,9:30:06.280829293,T,IBM,F I,1,299.16
2025-11-14,9:30:06.280832352,T,IBM,F I,1,299.16
2025-11-14,9:30:06.280901663,T,IBM,F I,1,299.16
2025-11-14,9:30:06.280904552,T,IBM,F I,1,299.16
2025-11-14,9:30:06.280967657,T,IBM,F I,1,299.16
2025-11-14,9:30:06.280967657,T,IBM,F I,1,299.16
2025-11-14,9:30:06.281024752,T,IBM,F I,1,299.16
2025-11-14,9:30:06.281033767,T,IBM,F I,1,299.16
2025-11-14,9:30:06.281090897,T,IBM,F I,1,299.16
2025-11-14,9:30:06.281096958,T,IBM,F I,1,299.16
2025-11-14,9:30:06.281096958,T,IBM,F I,1,299.16
2025-11-14,9:30:06.281157155,T,IBM,F I,1,299.16
2025-11-14,9:30:06.281157155,T,IBM,F I,1,299.16
2025-11-14,9:30:06.281163245,T,IBM,F I,1,299.16
2025-11-14,9:30:06.281226229,T,IBM,F I,1,299.22
2025-11-14,9:30:06.281352568,T,IBM,I,5,299.22
2025-11-14,9:30:06.281358598,T,IBM,,40,299.16
2025-11-14,9:30:06.291408574,T,IBM,,40,299.24
2025-11-14,9:30:06.424264751,T,IBM,,40,299.275
2025-11-14,9:30:11.643249624,T,IBM,I,5,299.11
2025-11-14,9:30:12.171592403,T,IBM,F I,5,299.06
2025-11-14,9:30:12.171592403,T,IBM,F I,25,299.06
2025-11-14,9:30:12.171595731,T,IBM,F I,1,299.03
2025-11-14,9:30:12.171595731,T,IBM,F I,1,299.03
2025-11-14,9:30:12.171602177,T,IBM,F I,3,299.02
2025-11-14,9:30:12.171602177,T,IBM,F I,5,299.02
2025-11-14,9:30:12.171604489,T,IBM,F I,3,299.02
2025-11-14,9:30:22.096252372,T,IBM,I,1,299.12
2025-11-14,9:30:22.523006968,T,IBM,,40,299.03
2025-11-14,9:30:22.802083496,T,IBM,F,40,299.03
2025-11-14,9:30:24.458411630,T,IBM,F I,25,299.12
2025-11-14,9:30:26.928230530,T,IBM,I,2,299.03
2025-11-14,9:30:26.928347768,T,IBM,I,18,299.03
2025-11-14,9:30:26.958993791,T,IBM,F,40,299.03
2025-11-14,9:30:29.505221560,T,IBM,,40,299.03
2025-11-14,9:30:30.826428967,T,IBM,I,4,299.06
2025-11-14,9:30:30.826432038,T,IBM,I,1,299.03
2025-11-14,9:30:30.826588456,T,IBM,I,19,299.03
2025-11-14,9:30:30.882488527,T,IBM,F I,5,299.23
2025-11-14,9:30:31.211940864,T,IBM,F I,5,299.15
2025-11-14,9:30:31.211940864,T,IBM,F I,5,299.11
2025-11-14,9:30:31.211943767,T,IBM,F I,30,299.06
2025-11-14,9:30:31.787919982,T,IBM,F,100,299.355
2025-11-14,9:30:32.788052995,T,IBM,F,150,299.47
2025-11-14,9:30:32.866945852,T,IBM,I,3,299.47
2025-11-14,9:30:32.868076542,T,IBM,I,2,299.47
2025-11-14,9:30:33.076830518,T,IBM,I,2,299.47
2025-11-14,9:30:33.077771715,T,IBM,F,150,299.47
2025-11-14,9:30:33.077840894,T,IBM,I,2,299.47
2025-11-14,9:30:33.077919108,T,IBM,F I,1,299.47
2025-11-14,9:30:33.466564341,T,IBM,,100,299.25
2025-11-14,9:30:33.466564341,T,IBM,I,21,299.25
2025-11-14,9:30:33.998175990,T,IBM,F,79,299.25
2025-11-14,9:30:33.998178977,T,IBM,F I,1,299.24
2025-11-14,9:30:33.998181928,T,IBM,F,80,299.24
2025-11-14,9:30:33.998193985,T,IBM,I,1,299.24
2025-11-14,9:30:33.998215012,T,IBM,I,39,299.24
2025-11-14,9:30:33.998548868,T,IBM,,40,299.25
2025-11-14,9:30:34.005705895,T,IBM,,40,299.25
2025-11-14,9:30:34.005784057,T,IBM,I,20,299.25
2025-11-14,9:30:34.005808144,T,IBM,F I,6,299.3
2025-11-14,9:30:34.006611020,T,IBM,F I,14,299.33
2025-11-14,9:30:34.006617043,T,IBM,F I,26,299.33
2025-11-14,9:30:34.006617043,T,IBM,F I,7,299.355
2025-11-14,9:30:34.006621126,T,IBM,F I,19,299.355
2025-11-14,9:30:34.006665122,T,IBM,F I,33,299.355
2025-11-14,9:30:34.006770402,T,IBM,F I,33,299.355
2025-11-14,9:30:34.007383880,T,IBM,F I,8,299.355
2025-11-14,9:30:34.869602504,T,IBM,F,100,299.36
2025-11-14,9:30:40.636148893,T,IBM,F,40,299.32
2025-11-14,9:30:40.666836928,T,IBM,F,40,299.03
2025-11-14,9:30:40.666851989,T,IBM,F I,3,299.03
2025-11-14,9:30:40.666936172,T,IBM,,40,299.03
2025-11-14,9:30:40.667330139,T,IBM,I,2,299.03
2025-11-14,9:30:40.702531908,T,IBM,F I,15,299.03
2025-11-14,9:30:40.702535073,T,IBM,F I,3,299.02
2025-11-14,9:30:40.702537968,T,IBM,F I,25,299.02
2025-11-14,9:30:40.702552965,T,IBM,I,1,299.02
2025-11-14,9:30:40.702565082,T,IBM,I,14,299.02
2025-11-14,9:30:40.727229724,T,IBM,F,100,299.03
2025-11-14,9:30:40.772583771,T,IBM,,40,298.945
2025-11-14,9:30:40.772610787,T,IBM,F,60,298.945
2025-11-14,9:30:40.821359851,T,IBM,F I,9,299.12
2025-11-14,9:30:40.932215784,T,IBM,F I,5,298.93
2025-11-14,9:30:40.980192365,T,IBM,F I,4,298.59
2025-11-14,9:30:40.980519822,T,IBM,I,36,298.59
2025-11-14,9:30:40.980522808,T,IBM,,88,298.57
2025-11-14,9:30:41.014302195,T,IBM,F,40,298.86
2025-11-14,9:30:41.088188294,T,IBM,I,5,298.82
2025-11-14,9:30:41.088188294,T,IBM,I,5,298.78
2025-11-14,9:30:41.088194879,T,IBM,I,5,298.69
2025-11-14,9:30:41.088194879,T,IBM,I,5,298.64
2025-11-14,9:30:41.088197782,T,IBM,I,25,298.59
2025-11-14,9:30:41.088197782,T,IBM,I,12,298.57
2025-11-14,9:30:41.088203238,T,IBM,,100,298.57
2025-11-14,9:30:41.088203238,T,IBM,,80,298.57
2025-11-14,9:30:41.088206460,T,IBM,,100,298.57
2025-11-14,9:30:41.088206460,T,IBM,,40,298.56
2025-11-14,9:30:41.096878866,T,IBM,F I,15,298.8
2025-11-14,9:30:41.096909017,T,IBM,I,5,298.72
2025-11-14,9:30:41.096909017,T,IBM,F I,15,298.72
2025-11-14,9:30:41.119399422,T,IBM,F,40,298.66
2025-11-14,9:30:41.119507639,T,IBM,,40,298.66
2025-11-14,9:30:41.119528727,T,IBM,F I,21,298.81
2025-11-14,9:30:41.166028435,T,IBM,F I,5,298.79
2025-11-14,9:30:41.288738558,T,IBM,F,40,298.755
2025-11-14,9:30:41.355268949,T,IBM,F,150,298.88
2025-11-14,9:30:41.355311082,T,IBM,F,100,298.9
2025-11-14,9:30:41.871483857,T,IBM,F I,5,298.74
2025-11-14,9:30:41.876295540,T,IBM,F I,1,298.68
2025-11-14,9:30:41.876317445,T,IBM,,40,298.39
2025-11-14,9:30:41.876317445,T,IBM,,100,298.37
2025-11-14,9:30:41.876323219,T,IBM,,100,298.37
2025-11-14,9:30:41.876325669,T,IBM,,66,298.36
2025-11-14,9:30:41.876325669,T,IBM,,40,298.36
2025-11-14,9:30:41.876331388,T,IBM,I,26,298.36
2025-11-14,9:30:41.876430619,T,IBM,F I,18,298.59
2025-11-14,9:30:41.936327266,T,IBM,F,40,298.51
2025-11-14,9:30:44.616987342,T,IBM,F I,5,298.59
2025-11-14,9:30:44.616987342,T,IBM,F I,5,298.58
2025-11-14,9:30:44.616993187,T,IBM,F I,25,298.54
2025-11-14,9:30:44.616993187,T,IBM,F I,5,298.51
2025-11-14,9:30:44.616993187,T,IBM,F I,4,298.51
2025-11-14,9:30:45.115887128,T,IBM,F I,5,298.58
2025-11-14,9:30:45.115887128,T,IBM,F I,35,298.51
2025-11-14,9:30:45.115898788,T,IBM,F I,4,298.51
2025-11-14,9:30:47.374783570,T,IBM,F I,5,298.53
2025-11-14,9:30:47.374783570,T,IBM,F I,35,298.5
2025-11-14,9:30:47.374801578,T,IBM,I,1,298.5
2025-11-14,9:30:47.375369971,T,IBM,F I,4,298.5
2025-11-14,9:30:47.418423383,T,IBM,F I,4,298.51
2025-11-14,9:30:47.462983504,T,IBM,F I,4,298.5
2025-11-14,9:30:47.473628797,T,IBM,F I,1,298.57
2025-11-14,9:30:47.473869395,T,IBM,F I,8,298.66
2025-11-14,9:30:47.474386625,T,IBM,F I,10,298.66
2025-11-14,9:30:48.550053488,T,IBM,F I,2,298.54
2025-11-14,9:30:49.749074087,T,IBM,F I,5,298.53
2025-11-14,9:30:51.237028347,T,IBM,F I,5,298.72
2025-11-14,9:30:51.844128676,T,IBM,I,4,298.82
2025-11-14,9:30:51.844612841,T,IBM,F I,4,298.89
2025-11-14,9:30:51.844621817,T,IBM,F I,4,298.89
2025-11-14,9:30:51.844636995,T,IBM,F I,4,298.89
2025-11-14,9:30:51.844642882,T,IBM,F I,25,298.89
2025-11-14,9:30:51.844660873,T,IBM,F I,4,298.9
2025-11-14,9:30:51.844754112,T,IBM,F,40,298.96
2025-11-14,9:30:51.844886416,T,IBM,F,81,298.96
2025-11-14,9:30:51.844985657,T,IBM,F,40,298.96
2025-11-14,9:30:51.844988676,T,IBM,F,86,298.96
2025-11-14,9:30:51.844994646,T,IBM,F I,36,298.96
2025-11-14,9:30:51.844994646,T,IBM,F I,13,298.96
2025-11-14,9:30:51.845018804,T,IBM,I,3,298.78
2025-11-14,9:30:51.845043363,T,IBM,I,34,298.79
2025-11-14,9:30:51.845187144,T,IBM,I,20,298.95
2025-11-14,9:30:51.849021223,T,IBM,F,40,298.95
2025-11-14,9:30:51.855883963,T,IBM,F I,5,298.92
2025-11-14,9:30:51.855883963,T,IBM,F I,5,298.88
2025-11-14,9:30:51.855886589,T,IBM,F I,15,298.85
2025-11-14,9:30:51.855931769,T,IBM,F I,15,298.95
2025-11-14,9:30:57.594488209,T,IBM,F I,5,298.82
2025-11-14,9:30:57.594490648,T,IBM,F,100,298.77
2025-11-14,9:30:57.594490648,T,IBM,F,47,298.77
2025-11-14,9:30:57.617273263,T,IBM,F,53,298.77
2025-11-14,9:30:57.617279250,T,IBM,F I,26,298.76
2025-11-14,9:30:57.617279250,T,IBM,F,120,298.76
2025-11-14,9:30:57.617282382,T,IBM,F,40,298.76
2025-11-14,9:30:57.617284803,T,IBM,F,41,298.76
2025-11-14,9:30:57.617284803,T,IBM,F I,5,298.76
2025-11-14,9:30:57.617296746,T,IBM,,51,298.76
2025-11-14,9:30:57.617299776,T,IBM,I,1,298.76
2025-11-14,9:30:57.617312128,T,IBM,I,1,298.76
2025-11-14,9:31:09.463230088,T,IBM,F I,10,298.73
2025-11-14,9:31:10.436079129,T,IBM,F,40,298.73
2025-11-14,9:31:10.436079129,T,IBM,F,150,298.7
2025-11-14,9:31:10.455595945,T,IBM,F I,5,298.79
2025-11-14,9:31:10.455595945,T,IBM,F I,5,298.82
2025-11-14,9:31:11.324610409,T,IBM,,40,298.73
2025-11-14,9:31:11.325602829,T,IBM,,40,298.73
2025-11-14,9:31:11.325602829,T,IBM,,40,298.73
2025-11-14,9:31:17.705832141,T,IBM,F I,5,298.93
2025-11-14,9:31:18.356542218,T,IBM,F I,20,299.06
2025-11-14,9:31:18.359829034,T,IBM,F I,1,299.14
2025-11-14,9:31:18.360102808,T,IBM,F,40,299.17
2025-11-14,9:31:18.360132807,T,IBM,,42,299.06
2025-11-14,9:31:18.360153755,T,IBM,I,1,299.11
2025-11-14,9:31:18.360232108,T,IBM,,69,298.95
2025-11-14,9:31:18.360232108,T,IBM,I,11,298.94
2025-11-14,9:31:18.360607805,T,IBM,F,40,299.16
2025-11-14,9:31:18.360779500,T,IBM,I,5,299.16
2025-11-14,9:31:18.360779500,T,IBM,I,35,299.17
2025-11-14,9:31:18.361756539,T,IBM,,40,298.94
2025-11-14,9:31:19.509381863,T,IBM,F I,20,299.04
2025-11-14,9:31:19.509384691,T,IBM,F,70,299.05
2025-11-14,9:31:19.509399904,T,IBM,I,1,299.05
2025-11-14,9:31:19.509402732,T,IBM,I,19,299.05
2025-11-14,9:31:21.354475354,T,IBM,,40,299.1
2025-11-14,9:31:21.354989491,T,IBM,,80,299.04
2025-11-14,9:31:21.355031669,T,IBM,I,20,299.04
2025-11-14,9:31:21.355031669,T,IBM,I,20,299.03
2025-11-14,9:31:21.355049712,T,IBM,I,1,299.03
2025-11-14,9:31:21.355064769,T,IBM,I,1,299.03
2025-11-14,9:31:21.355064769,T,IBM,I,20,299.03
2025-11-14,9:31:21.355070673,T,IBM,F I,38,299.03
2025-11-14,9:31:21.998891475,T,IBM,F I,1,299.24
2025-11-14,9:31:21.998921590,T,IBM,,40,299.24
2025-11-14,9:31:22.772928210,T,IBM,F,40,299.28
2025-11-14,9:31:22.772928210,T,IBM,F,63,299.2
2025-11-14,9:31:22.774988124,T,IBM,,40,299.28
2025-11-14,9:31:22.780918251,T,IBM,F,40,299.28
2025-11-14,9:31:22.780918251,T,IBM,F I,34,299.19
2025-11-14,9:31:22.781697225,T,IBM,,40,299.28
2025-11-14,9:31:22.782006853,T,IBM,,40,299.28
2025-11-14,9:31:25.198791435,T,IBM,,100,299.28
2025-11-14,9:31:28.848754823,T,IBM,,40,299.36
2025-11-14,9:31:30.304977664,T,IBM,I,20,299.44
2025-11-14,9:31:30.304977664,T,IBM,I,4,299.45
2025-11-14,9:31:30.304998679,T,IBM,F I,8,299.45
2025-11-14,9:31:30.305001751,T,IBM,F,40,299.45
2025-11-14,9:31:30.305004728,T,IBM,F I,1,299.45
2025-11-14,9:31:30.781377994,T,IBM,I,2,299.28
2025-11-14,9:31:41.344120372,T,IBM,F,44,299.395
2025-11-14,9:31:41.346739612,T,IBM,,40,299.395
2025-11-14,9:31:43.442726454,T,IBM,F,106,299.37
2025-11-14,9:31:50.896514499,T,IBM,F,100,299.23
2025-11-14,9:31:50.899118768,T,IBM,,40,299.235
2025-11-14,9:31:54.592574610,T,IBM,F I,1,299.33
2025-11-14,9:31:54.592607703,T,IBM,F I,19,299.36
2025-11-14,9:31:54.592800136,T,IBM,F I,5,299.41
2025-11-14,9:31:54.592962512,T,IBM,F I,16,299.43
2025-11-14,9:31:54.593314346,T,IBM,F I,1,299.54
2025-11-14,9:31:54.593317450,T,IBM,F I,1,299.54
2025-11-14,9:31:58.067124431,T,IBM,I,10,299.54
2025-11-14,9:31:58.067355999,T,IBM,I,7,299.51
2025-11-14,9:31:58.067626610,T,IBM,F I,7,299.67
2025-11-14,9:31:59.270703736,T,IBM,F,100,299.43
2025-11-14,9:31:59.270706690,T,IBM,F,50,299.42
2025-11-14,9:32:05.062335801,T,IBM,I,33,299.65
2025-11-14,9:32:05.063279983,T,IBM,,40,299.71
2025-11-14,9:32:05.063938647,T,IBM,F I,1,299.79
2025-11-14,9:32:05.064233267,T,IBM,F I,13,299.79
2025-11-14,9:32:05.064741525,T,IBM,I,5,299.98
2025-11-14,9:32:05.064744514,T,IBM,I,5,299.99
2025-11-14,9:32:05.648211880,T,IBM,I,20,299.9
2025-11-14,9:32:05.648214497,T,IBM,I,1,299.91
2025-11-14,9:32:05.648217714,T,IBM,,80,299.91
2025-11-14,9:32:05.916266638,T,IBM,I,5,299.98
2025-11-14,9:32:05.916272723,T,IBM,,120,300.0
2025-11-14,9:32:05.916275743,T,IBM,,155,300.0
2025-11-14,9:32:05.916287930,T,IBM,I,5,300.0
2025-11-14,9:32:05.916287930,T,IBM,I,34,300.0
2025-11-14,9:32:05.916293767,T,IBM,F I,5,300.0
2025-11-14,9:32:05.916293767,T,IBM,I,1,300.0
2025-11-14,9:32:05.916299772,T,IBM,I,1,300.0
2025-11-14,9:32:05.916303175,T,IBM,I,5,300.0
2025-11-14,9:32:05.916305752,T,IBM,I,5,300.0
2025-11-14,9:32:05.916317849,T,IBM,F I,5,300.0
2025-11-14,9:32:05.916332854,T,IBM,I,20,300.0
2025-11-14,9:32:05.916335888,T,IBM,I,23,300.0
2025-11-14,9:32:05.968660533,T,IBM,F,100,299.91
2025-11-14,9:32:06.024882234,T,IBM,I,21,299.83
2025-11-14,9:32:06.025029639,T,IBM,,40,299.83
2025-11-14,9:32:06.025162468,T,IBM,F,40,299.82
2025-11-14,9:32:06.025164904,T,IBM,F,40,299.82
2025-11-14,9:32:08.987261723,T,IBM,F,45,299.86
2025-11-14,9:32:08.987264712,T,IBM,F I,9,299.9
2025-11-14,9:32:08.987580443,T,IBM,F I,3,299.95
2025-11-14,9:32:08.988019556,T,IBM,F I,1,299.99
2025-11-14,9:32:08.988055571,T,IBM,I,1,299.99
2025-11-14,9:32:13.492876038,T,IBM,,80,299.785
2025-11-14,9:32:18.322439724,T,IBM,F I,2,299.65
2025-11-14,9:32:18.322484773,T,IBM,F I,4,299.6
2025-11-14,9:32:18.325946476,T,IBM,F,100,299.6
2025-11-14,9:32:18.325952014,T,IBM,F,100,299.6
2025-11-14,9:32:18.325955163,T,IBM,I,24,299.7
2025-11-14,9:32:21.268577547,T,IBM,I,21,299.35
2025-11-14,9:32:21.268637660,T,IBM,F,40,299.22
2025-11-14,9:32:21.268640755,T,IBM,F I,20,299.22
2025-11-14,9:32:21.268736979,T,IBM,I,25,299.29
2025-11-14,9:32:21.268809084,T,IBM,I,25,299.32
2025-11-14,9:32:21.268920439,T,IBM,,45,299.36
2025-11-14,9:32:21.268920439,T,IBM,,100,299.39
2025-11-14,9:32:21.269711224,T,IBM,I,31,299.22
2025-11-14,9:32:21.269714329,T,IBM,I,25,299.22
2025-11-14,9:32:21.269717992,T,IBM,,100,299.22
2025-11-14,9:32:21.269717992,T,IBM,I,8,299.22
2025-11-14,9:32:21.269717992,T,IBM,I,11,299.22
2025-11-14,9:32:21.269720436,T,IBM,I,5,299.22
2025-11-14,9:32:21.955804384,T,IBM,F,100,298.61
2025-11-14,9:32:21.955807099,T,IBM,F,100,298.57
2025-11-14,9:32:21.955810323,T,IBM,F I,2,298.53
2025-11-14,9:32:21.955813065,T,IBM,F,100,298.52
2025-11-14,9:32:21.955815877,T,IBM,F,100,298.52
2025-11-14,9:32:21.955815877,T,IBM,F,40,298.51
2025-11-14,9:32:21.955821610,T,IBM,F,200,298.5
2025-11-14,9:32:21.955821610,T,IBM,F,80,298.49
2025-11-14,9:32:21.955825268,T,IBM,F,100,298.49
2025-11-14,9:32:21.955825268,T,IBM,F,69,298.49
2025-11-14,9:32:21.955829117,T,IBM,F,80,298.49
2025-11-14,9:32:21.955829117,T,IBM,F,160,298.48
2025-11-14,9:32:21.955833703,T,IBM,F,40,298.48
2025-11-14,9:32:21.955833703,T,IBM,F,80,298.48
2025-11-14,9:32:21.955836617,T,IBM,F,40,298.48
2025-11-14,9:32:21.955836617,T,IBM,F I,25,298.48
2025-11-14,9:32:22.208819879,T,IBM,I,4,298.39
2025-11-14,9:32:22.208907142,T,IBM,I,24,298.46
2025-11-14,9:32:22.209274058,T,IBM,I,4,298.48
2025-11-14,9:32:22.440112515,T,IBM,F,100,298.46
2025-11-14,9:32:28.712331375,T,IBM,F I,10,298.44
2025-11-14,9:32:28.712331375,T,IBM,F,45,298.44
2025-11-14,9:32:28.712333776,T,IBM,F I,5,298.46
2025-11-14,9:32:28.712336645,T,IBM,F,61,298.46
2025-11-14,9:32:28.723405970,T,IBM,,80,298.41
2025-11-14,9:32:28.723424017,T,IBM,I,1,298.41
2025-11-14,9:32:28.723430006,T,IBM,,79,298.41
2025-11-14,9:32:28.723433044,T,IBM,I,21,298.41
2025-11-14,9:32:28.723436335,T,IBM,F,80,298.41
2025-11-14,9:32:28.723448073,T,IBM,,55,298.41
2025-11-14,9:32:28.762953091,T,IBM,F,100,298.29
2025-11-14,9:32:28.850476412,T,IBM,F I,1,298.29
2025-11-14,9:32:28.850521514,T,IBM,F,100,298.29
2025-11-14,9:32:28.901102000,T,IBM,F,40,298.45
2025-11-14,9:32:28.901107989,T,IBM,F I,20,298.46
2025-11-14,9:32:28.901150135,T,IBM,F,40,298.47
2025-11-14,9:32:33.456238383,T,IBM,,100,298.4
2025-11-14,9:32:33.456241365,T,IBM,I,5,298.38
2025-11-14,9:32:33.456259390,T,IBM,,96,298.33
2025-11-14,9:32:33.456262389,T,IBM,F,59,298.33
2025-11-14,9:32:33.590941058,T,IBM,F I,5,298.5
2025-11-14,9:32:33.590941058,T,IBM,F I,5,298.51
2025-11-14,9:32:33.771701312,T,IBM,F I,5,298.62
2025-11-14,9:32:33.771704350,T,IBM,F I,20,298.64
2025-11-14,9:32:33.771707928,T,IBM,F,40,298.65
2025-11-14,9:32:33.771710324,T,IBM,F,95,298.65
2025-11-14,9:32:33.771717053,T,IBM,F I,25,298.65
2025-11-14,9:32:33.771719678,T,IBM,F,40,298.65
2025-11-14,9:32:33.771719678,T,IBM,F,62,298.65
2025-11-14,9:32:33.771725561,T,IBM,F,59,298.65
2025-11-14,9:32:33.771725561,T,IBM,I,1,298.65
2025-11-14,9:32:33.771725561,T,IBM,I,32,298.65
2025-11-14,9:32:33.771764449,T,IBM,F,100,298.65
2025-11-14,9:32:33.771779484,T,IBM,I,3,298.65
2025-11-14,9:32:33.771971988,T,IBM,F,77,298.64
2025-11-14,9:32:33.772110309,T,IBM,,80,298.65
2025-11-14,9:32:33.772522271,T,IBM,F I,20,298.65
2025-11-14,9:32:33.772862447,T,IBM,F,150,298.58
2025-11-14,9:32:33.772868357,T,IBM,F,50,298.58
2025-11-14,9:32:33.772871590,T,IBM,F I,15,298.58
2025-11-14,9:32:33.772874878,T,IBM,F I,10,298.58
2025-11-14,9:32:33.772880116,T,IBM,F I,3,298.57
2025-11-14,9:32:33.772880116,T,IBM,I,22,298.57
2025-11-14,9:32:33.772904399,T,IBM,F I,5,298.54
2025-11-14,9:32:33.772904399,T,IBM,F I,5,298.51
2025-11-14,9:32:33.772907194,T,IBM,F,55,298.46
2025-11-14,9:32:33.772910209,T,IBM,F I,13,298.46
2025-11-14,9:32:33.772910209,T,IBM,F I,3,298.46
2025-11-14,9:32:33.772919399,T,IBM,F I,3,298.44
2025-11-14,9:32:33.772940338,T,IBM,F I,25,298.45
2025-11-14,9:32:33.772940338,T,IBM,F I,5,298.45
2025-11-14,9:32:33.772943302,T,IBM,F I,35,298.45
2025-11-14,9:32:33.772946354,T,IBM,F I,13,298.45
2025-11-14,9:32:33.772958484,T,IBM,F I,22,298.45
2025-11-14,9:32:33.772961967,T,IBM,F,100,298.44
2025-11-14,9:32:33.772961967,T,IBM,F I,13,298.42
2025-11-14,9:32:33.773159886,T,IBM,F,100,298.44
2025-11-14,9:32:33.773343210,T,IBM,F,100,298.43
2025-11-14,9:32:33.792312469,T,IBM,,40,298.38
2025-11-14,9:32:35.160142809,T,IBM,F,150,298.23
2025-11-14,9:32:35.160151930,T,IBM,,110,298.23
2025-11-14,9:32:35.160503652,T,IBM,F I,13,298.24
2025-11-14,9:32:35.311132659,T,IBM,I,13,298.24
2025-11-14,9:32:35.311135486,T,IBM,,260,298.24
2025-11-14,9:32:35.311138233,T,IBM,I,11,298.24
2025-11-14,9:32:35.311141179,T,IBM,I,10,298.24
2025-11-14,9:32:35.311147226,T,IBM,I,13,298.24
2025-11-14,9:32:35.311619398,T,IBM,I,13,298.24
2025-11-14,9:32:35.355148025,T,IBM,I,20,298.25
2025-11-14,9:32:35.733466690,T,IBM,F I,25,298.33
2025-11-14,9:32:35.733469671,T,IBM,F I,9,298.34
2025-11-14,9:32:36.574069882,T,IBM,,80,298.25
2025-11-14,9:32:36.577296588,T,IBM,F I,12,298.24
2025-11-14,9:32:36.577299591,T,IBM,F I,8,298.24
2025-11-14,9:32:36.577894995,T,IBM,,40,298.24
2025-11-14,9:32:36.578346179,T,IBM,,60,298.24
2025-11-14,9:32:39.526429572,T,IBM,F I,15,298.01
2025-11-14,9:32:39.526628104,T,IBM,F,85,298.01
2025-11-14,9:32:39.526670166,T,IBM,F I,15,298.0
2025-11-14,9:32:39.527250472,T,IBM,F,96,297.85
2025-11-14,9:32:39.527301597,T,IBM,F,80,297.85
2025-11-14,9:32:39.527650459,T,IBM,I,24,297.85
2025-11-14,9:32:39.531220488,T,IBM,I,11,297.86
2025-11-14,9:32:39.577981222,T,IBM,,100,297.61
2025-11-14,9:32:40.079292733,T,IBM,F I,25,297.8
2025-11-14,9:32:40.080603763,T,IBM,F,150,297.86
2025-11-14,9:32:43.264262146,T,IBM,F,58,297.95
2025-11-14,9:32:43.264265151,T,IBM,F I,5,297.95
2025-11-14,9:32:43.264286345,T,IBM,F,40,297.99
2025-11-14,9:32:43.264346368,T,IBM,F I,20,297.99
2025-11-14,9:32:43.264346368,T,IBM,F,40,298.0
2025-11-14,9:32:43.264352352,T,IBM,F,200,298.0
2025-11-14,9:32:43.264355355,T,IBM,F,40,298.0
2025-11-14,9:32:43.264370697,T,IBM,I,1,298.0
2025-11-14,9:32:43.264370697,T,IBM,I,39,298.0
2025-11-14,9:32:43.264421742,T,IBM,F,40,298.0
2025-11-14,9:32:43.264421742,T,IBM,F,40,298.0
2025-11-14,9:32:43.264424826,T,IBM,F,40,298.0
2025-11-14,9:32:43.264424826,T,IBM,F I,30,298.0
2025-11-14,9:32:43.264601901,T,IBM,F I,10,298.0
2025-11-14,9:32:43.264604986,T,IBM,F,40,298.0
2025-11-14,9:32:43.264607919,T,IBM,F,40,298.0
2025-11-14,9:32:43.275108934,T,IBM,I,5,298.07
2025-11-14,9:32:43.275136528,T,IBM,,160,298.0
2025-11-14,9:32:43.275138986,T,IBM,I,35,298.0
2025-11-14,9:32:43.283664260,T,IBM,,70,298.0
2025-11-14,9:32:43.283664260,T,IBM,I,10,298.0
2025-11-14,9:32:43.283667257,T,IBM,,40,298.0
2025-11-14,9:32:50.449026800,T,IBM,F I,2,297.915
2025-11-14,9:32:53.275455643,T,IBM,I,1,297.915
2025-11-14,9:32:56.622805636,T,IBM,F I,5,298.11
2025-11-14,9:33:06.646445791,T,IBM,I,20,297.93
2025-11-14,9:33:06.646445791,T,IBM,I,25,297.92
2025-11-14,9:33:06.999194390,T,IBM,I,2,297.92
2025-11-14,9:33:06.999242949,T,IBM,F I,2,297.92
2025-11-14,9:33:06.999245790,T,IBM,I,6,297.92
2025-11-14,9:33:06.999245790,T,IBM,I,1,297.92
2025-11-14,9:33:06.999251856,T,IBM,F,64,297.92
2025-11-14,9:33:06.999251856,T,IBM,I,2,297.84
2025-11-14,9:33:06.999549347,T,IBM,F,100,297.84
2025-11-14,9:33:16.173606726,T,IBM,F I,5,297.9
2025-11-14,9:33:16.356354777,T,IBM,F I,20,297.99
2025-11-14,9:33:16.356357808,T,IBM,F,46,297.99
2025-11-14,9:33:16.356388042,T,IBM,F,66,297.99
2025-11-14,9:33:16.356394269,T,IBM,I,14,297.99
2025-11-14,9:33:16.356394269,T,IBM,,40,298.0
2025-11-14,9:33:16.356396900,T,IBM,I,12,298.0
2025-11-14,9:33:16.356402961,T,IBM,F I,4,298.0
2025-11-14,9:33:16.356406592,T,IBM,F I,10,298.0
2025-11-14,9:33:16.358568132,T,IBM,,40,298.01
2025-11-14,9:33:16.407434433,T,IBM,F,40,298.21
2025-11-14,9:33:16.407437435,T,IBM,F I,5,298.23
2025-11-14,9:33:16.407443438,T,IBM,F,40,298.23
2025-11-14,9:33:23.128431804,T,IBM,I,2,298.43
2025-11-14,9:33:23.128434829,T,IBM,I,26,298.49
2025-11-14,9:33:23.128711506,T,IBM,I,23,298.34
2025-11-14,9:33:23.128843746,T,IBM,F I,17,298.34
2025-11-14,9:33:23.128919023,T,IBM,I,4,298.34
2025-11-14,9:33:23.138400585,T,IBM,,40,298.34
2025-11-14,9:33:23.138583958,T,IBM,F,100,298.3
2025-11-14,9:33:23.141672317,T,IBM,F,40,298.34
2025-11-14,9:33:25.311806750,T,IBM,F,40,298.34
2025-11-14,9:33:26.675905183,T,IBM,,40,298.34
2025-11-14,9:33:26.675929300,T,IBM,F,40,298.34
2025-11-14,9:33:26.780960311,T,IBM,,40,298.34
2025-11-14,9:33:26.868585889,T,IBM,,40,298.34
2025-11-14,9:33:26.872266659,T,IBM,,40,298.34
2025-11-14,9:33:26.878046382,T,IBM,,40,298.34
2025-11-14,9:33:27.975728624,T,IBM,I,2,298.4
2025-11-14,9:33:27.975788776,T,IBM,I,2,298.43
2025-11-14,9:33:27.975803939,T,IBM,F I,2,298.43
2025-11-14,9:33:27.975933146,T,IBM,F I,2,298.43
2025-11-14,9:33:28.026553549,T,IBM,F,50,298.345
2025-11-14,9:33:28.026555783,T,IBM,F,100,298.31
2025-11-14,9:33:28.026558752,T,IBM,F I,5,298.31
2025-11-14,9:33:28.026558752,T,IBM,F,150,298.23
2025-11-14,9:33:28.026561817,T,IBM,F I,5,298.19
2025-11-14,9:33:28.026565046,T,IBM,F I,5,298.18
2025-11-14,9:33:28.026568129,T,IBM,F,69,298.17
2025-11-14,9:33:28.026568129,T,IBM,F,100,298.16
2025-11-14,9:33:28.026570682,T,IBM,F,160,298.16
2025-11-14,9:33:28.026570682,T,IBM,F,40,298.15
2025-11-14,9:33:28.026615845,T,IBM,,57,298.34
2025-11-14,9:33:28.027145033,T,IBM,F I,5,298.18
2025-11-14,9:33:28.027148134,T,IBM,F,100,298.16
2025-11-14,9:33:28.027151724,T,IBM,F,53,298.15
2025-11-14,9:33:28.027151724,T,IBM,F,100,298.15
2025-11-14,9:33:28.027155001,T,IBM,F I,20,298.15
2025-11-14,9:33:28.027155001,T,IBM,F I,20,298.15
2025-11-14,9:33:28.027157176,T,IBM,F I,2,298.15
2025-11-14,9:33:28.027157176,T,IBM,F I,3,298.15
2025-11-14,9:33:28.027205205,T,IBM,F I,5,298.15
2025-11-14,9:33:28.027208256,T,IBM,F I,35,298.15
2025-11-14,9:33:28.028955863,T,IBM,F,100,298.16
2025-11-14,9:33:28.028958910,T,IBM,F I,25,298.15
2025-11-14,9:33:28.028958910,T,IBM,F I,3,298.15
2025-11-14,9:33:28.028961344,T,IBM,F,100,298.15
2025-11-14,9:33:28.029108868,T,IBM,,45,298.22
2025-11-14,9:33:28.039585658,T,IBM,F,100,298.16
2025-11-14,9:33:28.203232280,T,IBM,F I,25,298.09
2025-11-14,9:33:28.203235692,T,IBM,F I,5,298.07
2025-11-14,9:33:28.203238946,T,IBM,F,45,298.07
2025-11-14,9:33:28.203238946,T,IBM,F I,5,298.06
2025-11-14,9:33:28.203241553,T,IBM,F,150,298.05
2025-11-14,9:33:28.203241553,T,IBM,F I,5,298.03
2025-11-14,9:33:28.203244310,T,IBM,F I,25,298.03
2025-11-14,9:33:28.203247911,T,IBM,F I,5,298.03
2025-11-14,9:33:28.203247911,T,IBM,F,100,298.02
2025-11-14,9:33:28.203250332,T,IBM,F,100,298.0
2025-11-14,9:33:28.203714101,T,IBM,I,12,298.1
2025-11-14,9:33:28.203860705,T,IBM,F I,6,298.07
2025-11-14,9:33:28.205265164,T,IBM,F,83,298.08
2025-11-14,9:33:28.205421450,T,IBM,I,20,298.07
2025-11-14,9:33:28.205424542,T,IBM,I,5,298.07
2025-11-14,9:33:28.205424542,T,IBM,I,5,298.07
2025-11-14,9:33:28.205478633,T,IBM,I,15,298.14
2025-11-14,9:33:28.206801971,T,IBM,F,52,298.08
2025-11-14,9:33:28.265546697,T,IBM,F I,25,298.34
2025-11-14,9:33:28.316842776,T,IBM,F,100,298.45
2025-11-14,9:33:28.316860766,T,IBM,F,40,298.49
2025-11-14,9:33:28.317380979,T,IBM,,40,298.38
2025-11-14,9:33:36.245797969,T,IBM,F I,9,298.335
2025-11-14,9:33:36.876167643,T,IBM,F I,13,298.335
2025-11-14,9:33:50.516623234,T,IBM,I,25,298.51
2025-11-14,9:33:50.516623234,T,IBM,,45,298.53
2025-11-14,9:33:50.516641428,T,IBM,,820,298.53
2025-11-14,9:33:50.516641428,T,IBM,F,110,298.53
2025-11-14,9:33:55.601455531,T,IBM,I,18,298.43
2025-11-14,9:33:55.601789397,T,IBM,,100,298.44
2025-11-14,9:33:57.708072929,T,IBM,,40,298.45
2025-11-14,9:33:57.717743850,T,IBM,,40,298.45
2025-11-14,9:33:57.931997824,T,IBM,,40,298.45
2025-11-14,9:33:59.227193326,T,IBM,,40,298.45
2025-11-14,9:33:59.519065248,T,IBM,F,120,298.43
2025-11-14,9:33:59.519083294,T,IBM,I,1,298.34
2025-11-14,9:33:59.519221586,T,IBM,F I,23,298.34
2025-11-14,9:33:59.519504252,T,IBM,F I,23,298.35
2025-11-14,9:33:59.519528269,T,IBM,F,77,298.35
2025-11-14,9:33:59.520117661,T,IBM,F,98,298.26
2025-11-14,9:33:59.520145468,T,IBM,,40,298.26
2025-11-14,9:33:59.520153799,T,IBM,F,40,298.26
2025-11-14,9:33:59.520156843,T,IBM,F I,20,298.26
2025-11-14,9:33:59.520160213,T,IBM,F I,20,298.25
2025-11-14,9:33:59.520177894,T,IBM,F I,20,298.25
2025-11-14,9:33:59.520183878,T,IBM,F I,16,298.25
2025-11-14,9:33:59.520349205,T,IBM,F,100,298.26
2025-11-14,9:33:59.520529719,T,IBM,,100,298.26
2025-11-14,9:33:59.529172266,T,IBM,I,20,298.11
2025-11-14,9:34:01.782734307,T,IBM,F I,25,298.0
2025-11-14,9:34:04.077825903,T,IBM,I,4,297.92
2025-11-14,9:34:04.077828028,T,IBM,I,4,297.92
2025-11-14,9:34:06.389587778,T,IBM,F I,5,297.87
2025-11-14,9:34:06.389590638,T,IBM,F I,39,297.87
2025-11-14,9:34:07.066766763,T,IBM,F I,1,298.07
2025-11-14,9:34:07.525905818,T,IBM,F I,5,298.19
2025-11-14,9:34:07.527265108,T,IBM,I,25,298.29
2025-11-14,9:34:07.527268710,T,IBM,,80,298.29
2025-11-14,9:34:07.527271533,T,IBM,F,105,298.29
2025-11-14,9:34:07.527286272,T,IBM,F,40,298.29
2025-11-14,9:34:07.527289240,T,IBM,F I,15,298.29
2025-11-14,9:34:07.527313231,T,IBM,F,40,298.34
2025-11-14,9:34:07.527616979,T,IBM,,100,298.29
2025-11-14,9:34:07.527616979,T,IBM,I,19,298.29
2025-11-14,9:34:07.527635025,T,IBM,I,1,298.29
2025-11-14,9:34:07.527659049,T,IBM,F I,9,298.33
2025-11-14,9:34:07.527746298,T,IBM,F I,15,298.37
2025-11-14,9:34:07.528519047,T,IBM,F I,5,298.39
2025-11-14,9:34:07.528552103,T,IBM,F I,16,298.35
2025-11-14,9:34:07.528651393,T,IBM,I,6,298.32
2025-11-14,9:34:07.528681453,T,IBM,I,1,298.32
2025-11-14,9:34:07.528873915,T,IBM,F,40,298.43
2025-11-14,9:34:07.528876975,T,IBM,F,40,298.43
2025-11-14,9:34:07.528934186,T,IBM,F,40,298.47
2025-11-14,9:34:07.528949126,T,IBM,I,2,298.34
2025-11-14,9:34:07.528952163,T,IBM,I,10,298.34
2025-11-14,9:34:07.535176932,T,IBM,,100,298.34
2025-11-14,9:34:07.535198010,T,IBM,I,20,298.29
2025-11-14,9:34:16.059444346,T,IBM,F,100,298.62
2025-11-14,9:34:16.059444346,T,IBM,F,80,298.63
2025-11-14,9:34:16.059448059,T,IBM,F,45,298.63
2025-11-14,9:34:16.059448059,T,IBM,F I,13,298.64
2025-11-14,9:34:16.059453318,T,IBM,F,40,298.64
2025-11-14,9:34:16.059453318,T,IBM,F,80,298.64
2025-11-14,9:34:16.059456456,T,IBM,F,40,298.65
2025-11-14,9:34:16.059456456,T,IBM,F,67,298.65
2025-11-14,9:34:16.059516473,T,IBM,F,40,298.65
2025-11-14,9:34:16.059811225,T,IBM,F I,13,298.65
2025-11-14,9:34:16.059811225,T,IBM,F I,27,298.65
2025-11-14,9:34:16.059829853,T,IBM,F I,13,298.65
2025-11-14,9:34:16.059838784,T,IBM,F I,13,298.65
2025-11-14,9:34:16.059841669,T,IBM,F,100,298.65
2025-11-14,9:34:16.059889369,T,IBM,F,150,298.65
2025-11-14,9:34:16.060051826,T,IBM,F I,17,298.65
2025-11-14,9:34:16.060265670,T,IBM,I,1,298.69
2025-11-14,9:34:16.060265670,T,IBM,I,26,298.69
2025-11-14,9:34:16.065948862,T,IBM,F I,13,298.83
2025-11-14,9:34:16.109811244,T,IBM,F I,7,298.96
2025-11-14,9:34:16.109811244,T,IBM,F,40,298.96
2025-11-14,9:34:16.109934577,T,IBM,I,31,298.94
2025-11-14,9:34:16.110316926,T,IBM,F I,14,298.89
2025-11-14,9:34:16.110319474,T,IBM,F I,2,298.89
2025-11-14,9:34:16.110319474,T,IBM,F I,10,298.89
2025-11-14,9:34:16.110322692,T,IBM,I,16,298.89
2025-11-14,9:34:16.110343468,T,IBM,F I,14,298.96
2025-11-14,9:34:16.110346578,T,IBM,F I,1,298.96
2025-11-14,9:34:16.110349577,T,IBM,F I,13,299.02
2025-11-14,9:34:16.265085976,T,IBM,I,5,298.91
2025-11-14,9:34:16.265088898,T,IBM,I,4,298.91
2025-11-14,9:34:16.265621159,T,IBM,I,4,298.89
2025-11-14,9:34:16.265621159,T,IBM,I,5,298.89
2025-11-14,9:34:16.265648250,T,IBM,I,10,298.89
2025-11-14,9:34:16.265648250,T,IBM,I,10,298.89
2025-11-14,9:34:16.265651238,T,IBM,,100,298.89
2025-11-14,9:34:16.266027167,T,IBM,F I,5,298.89
2025-11-14,9:34:19.890237266,T,IBM,F,95,298.89
2025-11-14,9:34:19.983934272,T,IBM,F I,2,298.82
2025-11-14,9:34:19.983937387,T,IBM,F I,38,298.82
2025-11-14,9:34:19.983976515,T,IBM,F I,2,298.79
2025-11-14,9:34:19.983979434,T,IBM,F I,10,298.79
2025-11-14,9:34:19.983979434,T,IBM,F I,10,298.79
2025-11-14,9:34:19.983982800,T,IBM,F I,10,298.79
2025-11-14,9:34:19.983985468,T,IBM,F I,10,298.79
2025-11-14,9:34:19.983985468,T,IBM,F,100,298.79
2025-11-14,9:34:19.984093826,T,IBM,,48,298.91
2025-11-14,9:34:19.985883016,T,IBM,F I,20,298.94
2025-11-14,9:34:19.986734033,T,IBM,I,25,298.95
2025-11-14,9:34:19.986734033,T,IBM,,55,299.04
2025-11-14,9:34:20.415127922,T,IBM,F I,20,299.1
2025-11-14,9:34:20.415127922,T,IBM,F I,20,299.11
2025-11-14,9:34:20.415130917,T,IBM,F I,20,299.11
2025-11-14,9:34:20.415130917,T,IBM,F I,20,299.11
2025-11-14,9:34:20.415160898,T,IBM,F I,20,299.11
2025-11-14,9:34:20.415163984,T,IBM,I,20,299.11
2025-11-14,9:34:20.415163984,T,IBM,I,20,299.11
2025-11-14,9:34:20.415167087,T,IBM,I,1,299.11
2025-11-14,9:34:20.415209045,T,IBM,I,20,299.11
2025-11-14,9:34:20.415212562,T,IBM,I,19,299.11
2025-11-14,9:34:20.415215010,T,IBM,I,21,299.11
2025-11-14,9:34:20.415548882,T,IBM,F I,20,299.11
2025-11-14,9:34:20.415569956,T,IBM,F I,20,299.11
2025-11-14,9:34:20.415593962,T,IBM,F I,19,299.11
2025-11-14,9:34:20.415593962,T,IBM,F I,5,299.11
2025-11-14,9:34:20.415663167,T,IBM,I,35,299.11
2025-11-14,9:34:20.415663167,T,IBM,I,5,299.11
2025-11-14,9:34:20.416168367,T,IBM,,40,299.11
2025-11-14,9:34:20.416312673,T,IBM,I,35,299.11
2025-11-14,9:34:20.416312673,T,IBM,I,5,299.11
2025-11-14,9:34:20.421130257,T,IBM,,40,299.11
2025-11-14,9:34:20.421151140,T,IBM,I,23,299.11
2025-11-14,9:34:20.421178238,T,IBM,I,12,299.11
2025-11-14,9:34:20.421199336,T,IBM,F,40,299.12
2025-11-14,9:34:20.421241409,T,IBM,,40,299.12
2025-11-14,9:34:20.421454890,T,IBM,F,40,299.12
2025-11-14,9:34:23.888110875,T,IBM,F I,5,299.35
2025-11-14,9:34:23.888114277,T,IBM,F,40,299.36
2025-11-14,9:34:23.888116887,T,IBM,F I,11,299.38
2025-11-14,9:34:23.888116887,T,IBM,F,100,299.52
2025-11-14,9:34:23.889070134,T,IBM,F I,25,299.6
2025-11-14,9:34:23.889070134,T,IBM,F I,1,299.63
2025-11-14,9:34:23.889073174,T,IBM,F I,5,299.63
2025-11-14,9:34:23.899318649,T,IBM,F I,5,299.39
2025-11-14,9:34:23.899318649,T,IBM,F I,5,299.39
2025-11-14,9:34:23.899321581,T,IBM,F I,5,299.39
2025-11-14,9:34:23.899321581,T,IBM,F I,5,299.38
2025-11-14,9:34:31.350165813,T,IBM,I,1,299.63
2025-11-14,9:34:33.622685169,T,IBM,I,20,299.7
2025-11-14,9:34:33.622685169,T,IBM,,77,299.7
2025-11-14,9:34:33.622922525,T,IBM,F I,27,299.71
2025-11-14,9:34:33.622922525,T,IBM,F,70,299.71
2025-11-14,9:34:33.624564320,T,IBM,I,22,299.76
2025-11-14,9:34:33.625328071,T,IBM,I,5,299.71
2025-11-14,9:34:35.896737624,T,IBM,I,5,299.87
2025-11-14,9:34:35.896737624,T,IBM,I,21,299.9
2025-11-14,9:34:35.896758669,T,IBM,I,1,299.9
2025-11-14,9:34:35.896788820,T,IBM,F I,4,299.9
2025-11-14,9:34:35.897128628,T,IBM,F I,5,299.91
2025-11-14,9:34:35.934751123,T,IBM,F I,1,300.06
2025-11-14,9:34:35.935036794,T,IBM,I,29,299.95
2025-11-14,9:34:35.935058356,T,IBM,I,1,299.95
2025-11-14,9:34:35.935232275,T,IBM,I,3,299.96
2025-11-14,9:34:36.025278781,T,IBM,I,3,299.75
2025-11-14,9:34:36.025302774,T,IBM,F,42,299.75
2025-11-14,9:34:36.705720631,T,IBM,I,8,299.79
2025-11-14,9:34:36.705928050,T,IBM,I,17,299.75
2025-11-14,9:34:36.705973233,T,IBM,F I,2,299.75
2025-11-14,9:34:36.706971546,T,IBM,F I,2,299.75
2025-11-14,9:34:36.707019677,T,IBM,F I,2,299.75
2025-11-14,9:34:36.991090946,T,IBM,I,2,299.75
2025-11-14,9:34:36.991115015,T,IBM,F I,2,299.75
2025-11-14,9:34:36.992140613,T,IBM,I,2,299.75
2025-11-14,9:34:36.992167550,T,IBM,F I,2,299.75
2025-11-14,9:34:40.663990050,T,IBM,I,2,299.74
2025-11-14,9:34:52.107553554,T,IBM,F I,1,299.77
2025-11-14,9:34:54.054866741,T,IBM,F I,1,299.76
2025-11-14,9:34:54.222443388,T,IBM,I,37,299.6
2025-11-14,9:34:54.222464405,T,IBM,F I,3,299.6
2025-11-14,9:34:54.222810515,T,IBM,I,18,299.72
2025-11-14,9:34:54.222924603,T,IBM,I,18,299.72
2025-11-14,9:34:54.223235315,T,IBM,F I,11,299.64
2025-11-14,9:34:54.223237512,T,IBM,F I,14,299.64
2025-11-14,9:34:54.223358531,T,IBM,I,21,299.72
2025-11-14,9:34:54.223420782,T,IBM,F I,19,299.65
2025-11-14,9:34:54.223444778,T,IBM,I,21,299.65
2025-11-14,9:34:54.223447842,T,IBM,I,21,299.65
2025-11-14,9:34:54.223493487,T,IBM,I,3,299.72
2025-11-14,9:34:54.223565037,T,IBM,F,40,299.73
2025-11-14,9:34:54.223565037,T,IBM,F I,10,299.74
2025-11-14,9:34:54.223574071,T,IBM,,187,299.72
2025-11-14,9:34:54.223592095,T,IBM,,40,299.74
2025-11-14,9:34:54.223604204,T,IBM,F,71,299.72
2025-11-14,9:34:54.223685394,T,IBM,I,5,299.72
2025-11-14,9:34:54.223715468,T,IBM,I,4,299.72
2025-11-14,9:34:54.223739522,T,IBM,I,1,299.72
2025-11-14,9:34:54.277116539,T,IBM,I,10,299.72
2025-11-14,9:34:54.277245826,T,IBM,F I,10,299.73
2025-11-14,9:34:54.479922384,T,IBM,I,17,299.86
2025-11-14,9:34:54.479961512,T,IBM,F I,17,299.86
2025-11-14,9:34:54.479976861,T,IBM,F I,17,299.87
2025-11-14,9:34:54.479979510,T,IBM,F,40,299.88
2025-11-14,9:34:54.480018608,T,IBM,F,40,299.88
2025-11-14,9:34:54.480024673,T,IBM,I,19,299.82
2025-11-14,9:34:54.480045676,T,IBM,I,39,299.82
2025-11-14,9:34:54.480045676,T,IBM,I,1,299.88
2025-11-14,9:34:54.481449954,T,IBM,F I,39,299.88
2025-11-14,9:34:54.482905495,T,IBM,,40,299.88
2025-11-14,9:35:00.428308603,T,IBM,I,4,299.82
2025-11-14,9:35:02.225495079,T,IBM,F,80,299.99
2025-11-14,9:35:02.225510211,T,IBM,F I,20,300.01
2025-11-14,9:35:02.225513215,T,IBM,F,40,300.02
2025-11-14,9:35:02.225513215,T,IBM,F,120,300.02
2025-11-14,9:35:02.225516566,T,IBM,F I,1,300.02
2025-11-14,9:35:02.225519872,T,IBM,F,200,300.02
2025-11-14,9:35:02.225519872,T,IBM,F I,29,300.02
2025-11-14,9:35:02.225522298,T,IBM,F I,11,300.02
2025-11-14,9:35:02.225525646,T,IBM,F,40,300.02
2025-11-14,9:35:02.225528552,T,IBM,F,80,300.02
2025-11-14,9:35:02.225531386,T,IBM,F I,30,300.02
2025-11-14,9:35:02.225534233,T,IBM,I,10,300.02
2025-11-14,9:35:02.225537288,T,IBM,,40,300.02
2025-11-14,9:35:02.225540283,T,IBM,,40,300.02
2025-11-14,9:35:02.225540283,T,IBM,,71,300.02
2025-11-14,9:35:02.225543221,T,IBM,F I,1,300.02
2025-11-14,9:35:02.225543221,T,IBM,I,8,300.02
2025-11-14,9:35:02.225547053,T,IBM,F I,1,300.06
2025-11-14,9:35:02.225547053,T,IBM,F I,27,300.07
2025-11-14,9:35:02.225555491,T,IBM,F I,13,300.07
2025-11-14,9:35:02.227371587,T,IBM,F I,8,300.24
2025-11-14,9:35:02.230243693,T,IBM,I,5,300.17
2025-11-14,9:35:02.230243693,T,IBM,I,18,300.09
2025-11-14,9:35:02.230264423,T,IBM,I,17,300.07
2025-11-14,9:35:02.233202391,T,IBM,F I,22,300.24
2025-11-14,9:35:03.232514420,T,IBM,I,3,300.24
2025-11-14,9:35:05.855223354,T,IBM,,40,300.215
2025-11-14,9:35:05.855761601,T,IBM,I,1,300.14
2025-11-14,9:35:05.855764645,T,IBM,I,2,300.14
2025-11-14,9:35:05.855782699,T,IBM,I,3,300.14
2025-11-14,9:35:05.855827815,T,IBM,F I,4,300.14
2025-11-14,9:35:18.006708251,T,IBM,I,7,300.33
2025-11-14,9:35:18.006708251,T,IBM,I,14,300.38
2025-11-14,9:35:18.007102159,T,IBM,F I,21,300.43
2025-11-14,9:35:18.007619392,T,IBM,I,20,300.48
2025-11-14,9:35:18.007622428,T,IBM,I,1,300.49
2025-11-14,9:35:18.007622428,T,IBM,I,20,300.49
2025-11-14,9:35:18.007655463,T,IBM,F I,20,300.49
2025-11-14,9:35:18.008076484,T,IBM,F,40,300.5
2025-11-14,9:35:18.008118575,T,IBM,,40,300.5
2025-11-14,9:35:18.008167063,T,IBM,F,40,300.5
2025-11-14,9:35:18.008202773,T,IBM,,40,300.5
2025-11-14,9:35:18.008214824,T,IBM,,40,300.5
2025-11-14,9:35:18.008223863,T,IBM,,80,300.47
2025-11-14,9:35:18.008268878,T,IBM,I,2,300.46
2025-11-14,9:35:18.008572680,T,IBM,,40,300.5
2025-11-14,9:35:18.008584600,T,IBM,F,40,300.5
2025-11-14,9:35:18.008587828,T,IBM,F,40,300.5
2025-11-14,9:35:18.008587828,T,IBM,F I,10,300.5
2025-11-14,9:35:18.008611714,T,IBM,I,17,300.38
2025-11-14,9:35:18.008632772,T,IBM,I,2,300.38
2025-11-14,9:35:18.008641805,T,IBM,I,16,300.38
2025-11-14,9:35:18.008701925,T,IBM,I,17,300.5
2025-11-14,9:35:18.008723297,T,IBM,I,2,300.5
2025-11-14,9:35:18.008726008,T,IBM,I,16,300.5
2025-11-14,9:35:18.008726008,T,IBM,I,16,300.5
2025-11-14,9:35:18.009384884,T,IBM,I,14,300.5
2025-11-14,9:35:18.009384884,T,IBM,I,26,300.5
2025-11-14,9:35:18.010710747,T,IBM,I,14,300.5
2025-11-14,9:35:18.010921278,T,IBM,F I,14,300.5
2025-11-14,9:35:18.012472935,T,IBM,I,26,300.5
2025-11-14,9:35:19.562840870,T,IBM,F I,4,300.66
2025-11-14,9:35:19.562958093,T,IBM,I,4,300.68
2025-11-14,9:35:19.563779047,T,IBM,F I,28,300.73
2025-11-14,9:35:19.564912797,T,IBM,I,4,300.75
2025-11-14,9:35:19.574361327,T,IBM,I,5,300.86
2025-11-14,9:35:19.574361327,T,IBM,I,4,300.86
2025-11-14,9:35:19.574400402,T,IBM,F I,36,300.86
2025-11-14,9:35:19.625070971,T,IBM,I,7,300.8
2025-11-14,9:35:19.625070971,T,IBM,I,15,300.8
2025-11-14,9:35:22.301247116,T,IBM,F,100,300.78
2025-11-14,9:35:22.301247116,T,IBM,F I,5,300.78
2025-11-14,9:35:23.488145626,T,IBM,F I,2,300.64
2025-11-14,9:35:23.488166707,T,IBM,F,40,300.63
2025-11-14,9:35:23.488314076,T,IBM,F,80,300.56
2025-11-14,9:35:23.488362198,T,IBM,F I,12,300.5
2025-11-14,9:35:23.503647615,T,IBM,F,100,300.34
2025-11-14,9:35:26.387961213,T,IBM,F,100,300.51
2025-11-14,9:35:26.387961213,T,IBM,F I,5,300.5
2025-11-14,9:35:26.387964165,T,IBM,F,100,300.5
2025-11-14,9:35:26.387976265,T,IBM,F,100,300.5
2025-11-14,9:35:26.387979227,T,IBM,I,1,300.5
2025-11-14,9:35:26.391512659,T,IBM,F,40,300.5
2025-11-14,9:35:30.326067553,T,IBM,I,1,300.61
2025-11-14,9:35:31.094435827,T,IBM,,52,300.67
2025-11-14,9:35:31.099942167,T,IBM,I,20,300.74
2025-11-14,9:35:31.099944843,T,IBM,I,12,300.75
2025-11-14,9:35:31.099978024,T,IBM,I,28,300.75
2025-11-14,9:35:31.099978024,T,IBM,I,12,300.75
2025-11-14,9:35:31.100011597,T,IBM,F,40,300.76
2025-11-14,9:35:31.100011597,T,IBM,F I,5,300.76
2025-11-14,9:35:31.100940206,T,IBM,F I,1,300.88
2025-11-14,9:35:37.542229967,T,IBM,F I,1,300.84
2025-11-14,9:35:39.206464459,T,IBM,I,20,300.83
2025-11-14,9:35:39.206469922,T,IBM,,80,300.83
2025-11-14,9:35:39.206469922,T,IBM,,80,300.84
2025-11-14,9:35:39.206472929,T,IBM,I,1,300.84
2025-11-14,9:35:39.206475943,T,IBM,I,8,300.84
2025-11-14,9:35:39.206475943,T,IBM,I,26,300.84
2025-11-14,9:35:39.206479550,T,IBM,I,11,300.84
2025-11-14,9:35:39.206506096,T,IBM,F,100,300.84
2025-11-14,9:35:39.206605290,T,IBM,F,45,300.84
2025-11-14,9:35:39.209889130,T,IBM,F I,15,300.83
2025-11-14,9:35:45.907909321,T,IBM,F I,10,300.95
2025-11-14,9:35:45.907912774,T,IBM,F I,5,300.98
2025-11-14,9:35:45.907912774,T,IBM,F I,25,300.98
2025-11-14,9:35:45.907915165,T,IBM,F I,20,300.99
2025-11-14,9:35:45.907918359,T,IBM,F I,2,300.99
2025-11-14,9:35:45.907918359,T,IBM,F,40,301.0
2025-11-14,9:35:45.907930717,T,IBM,I,1,301.0
2025-11-14,9:35:45.907966235,T,IBM,F I,15,301.0
2025-11-14,9:35:45.907966235,T,IBM,F I,1,301.0
2025-11-14,9:35:45.907987389,T,IBM,F I,39,301.0
2025-11-14,9:35:45.907996244,T,IBM,I,39,301.0
2025-11-14,9:35:45.908038373,T,IBM,I,1,301.0
2025-11-14,9:35:45.908041388,T,IBM,,40,301.0
2025-11-14,9:35:45.908081263,T,IBM,,40,301.0
2025-11-14,9:35:45.908122530,T,IBM,,40,301.0
2025-11-14,9:35:45.908158757,T,IBM,,40,301.0
2025-11-14,9:35:45.908161662,T,IBM,,40,301.0
2025-11-14,9:35:45.908197734,T,IBM,I,12,300.94
2025-11-14,9:35:45.908294037,T,IBM,I,10,300.99
2025-11-14,9:35:45.908306358,T,IBM,F I,39,301.0
2025-11-14,9:35:45.908309046,T,IBM,F I,10,301.0
2025-11-14,9:35:45.908402283,T,IBM,F I,15,301.0
2025-11-14,9:35:50.849393777,T,IBM,F I,25,300.98
2025-11-14,9:35:50.849396155,T,IBM,F I,5,300.98
2025-11-14,9:35:50.849399204,T,IBM,F,100,300.97
2025-11-14,9:35:50.913737419,T,IBM,F I,1,300.89
2025-11-14,9:35:50.913893732,T,IBM,F I,4,300.87
2025-11-14,9:35:50.913923767,T,IBM,I,15,300.87
2025-11-14,9:35:57.344947008,T,IBM,I,1,301.13
2025-11-14,9:36:00.177011364,T,IBM,I,3,301.04
2025-11-14,9:36:06.296147185,T,IBM,F I,2,301.18
2025-11-14,9:36:06.352017178,T,IBM,F I,2,301.14
2025-11-14,9:36:07.205316663,T,IBM,F,150,301.16
2025-11-14,9:36:07.931353028,T,IBM,F I,2,301.18
2025-11-14,9:36:07.931356091,T,IBM,F I,11,301.17
2025-11-14,9:36:07.931368296,T,IBM,F I,2,301.17
2025-11-14,9:36:07.931371204,T,IBM,F,70,301.17
2025-11-14,9:36:10.213383811,T,IBM,F,61,301.34
2025-11-14,9:36:10.213964291,T,IBM,F I,4,301.38
2025-11-14,9:36:10.224405105,T,IBM,F I,1,301.43
2025-11-14,9:36:10.225003510,T,IBM,F I,19,301.4
2025-11-14,9:36:10.225022534,T,IBM,F,88,301.4
2025-11-14,9:36:10.225022534,T,IBM,F,70,301.38
2025-11-14,9:36:10.225027607,T,IBM,F I,16,301.36
2025-11-14,9:36:10.225030576,T,IBM,F I,3,301.36
2025-11-14,9:36:10.225030576,T,IBM,F I,20,301.36
2025-11-14,9:36:10.225355310,T,IBM,F I,14,301.36
2025-11-14,9:36:12.262711706,T,IBM,F I,10,301.28
2025-11-14,9:36:12.262711706,T,IBM,F I,10,301.27
2025-11-14,9:36:12.262718380,T,IBM,F I,25,301.27
2025-11-14,9:36:12.262718380,T,IBM,F,45,301.23
2025-11-14,9:36:12.262720782,T,IBM,F I,33,301.22
2025-11-14,9:36:12.262813835,T,IBM,F,82,301.2
2025-11-14,9:36:12.262817028,T,IBM,F I,1,301.2
2025-11-14,9:36:12.262817028,T,IBM,F I,8,301.2
2025-11-14,9:36:12.262840963,T,IBM,I,1,301.2
2025-11-14,9:36:12.262840963,T,IBM,F I,31,301.2
2025-11-14,9:36:12.262895111,T,IBM,F,40,301.19
2025-11-14,9:36:14.368733450,T,IBM,F I,1,301.22
2025-11-14,9:36:14.386090722,T,IBM,F I,3,301.18
2025-11-14,9:36:15.185483875,T,IBM,F I,25,301.27
2025-11-14,9:36:16.713851496,T,IBM,I,25,301.39
2025-11-14,9:36:16.713851496,T,IBM,I,15,301.42
2025-11-14,9:36:16.714016844,T,IBM,I,25,301.42
2025-11-14,9:36:16.714552156,T,IBM,I,5,301.42
2025-11-14,9:36:17.617298222,T,IBM,F I,20,301.45
2025-11-14,9:36:17.617301283,T,IBM,F,40,301.46
2025-11-14,9:36:17.617361482,T,IBM,F,40,301.5
2025-11-14,9:36:17.617394987,T,IBM,F,40,301.5
2025-11-14,9:36:17.617397975,T,IBM,F,40,301.5
2025-11-14,9:36:17.617401011,T,IBM,F,40,301.5
2025-11-14,9:36:17.617401011,T,IBM,F I,5,301.5
2025-11-14,9:36:17.617416084,T,IBM,I,35,301.5
2025-11-14,9:36:17.617418630,T,IBM,I,5,301.5
2025-11-14,9:36:17.617629173,T,IBM,F,40,301.5
2025-11-14,9:36:17.618389955,T,IBM,I,35,301.5
2025-11-14,9:36:17.618389955,T,IBM,I,5,301.5
2025-11-14,9:36:17.618513224,T,IBM,F I,35,301.5
2025-11-14,9:36:17.618516215,T,IBM,F,40,301.5
2025-11-14,9:36:17.618994304,T,IBM,F,110,301.59
2025-11-14,9:36:17.619589772,T,IBM,F I,12,301.56
2025-11-14,9:36:17.619689702,T,IBM,I,14,301.69
2025-11-14,9:36:17.623108118,T,IBM,I,13,301.56
2025-11-14,9:36:18.623993095,T,IBM,F,80,301.78
2025-11-14,9:36:18.623996024,T,IBM,F I,20,301.78
2025-11-14,9:36:18.623998988,T,IBM,F,100,301.79
2025-11-14,9:36:18.625547694,T,IBM,F I,10,301.8
2025-11-14,9:36:18.625719046,T,IBM,F I,32,301.79
2025-11-14,9:36:19.018147383,T,IBM,F,100,301.68
2025-11-14,9:36:19.018150370,T,IBM,F I,34,301.68
2025-11-14,9:36:19.798760743,T,IBM,F I,25,301.76
2025-11-14,9:36:19.798764051,T,IBM,F I,34,301.78
2025-11-14,9:36:19.798764051,T,IBM,F I,1,301.79
2025-11-14,9:36:30.033142504,T,IBM,I,6,301.93
2025-11-14,9:36:30.033217664,T,IBM,I,13,301.93
2025-11-14,9:36:30.033359026,T,IBM,F I,2,301.89
2025-11-14,9:36:30.033374047,T,IBM,F I,6,301.89
2025-11-14,9:36:30.033377104,T,IBM,I,4,301.89
2025-11-14,9:36:30.035719624,T,IBM,I,21,301.91
2025-11-14,9:36:30.035740672,T,IBM,I,1,301.91
2025-11-14,9:36:30.035756469,T,IBM,I,3,301.91
2025-11-14,9:36:30.035756469,T,IBM,I,1,301.91
2025-11-14,9:36:30.035764748,T,IBM,I,3,301.91
2025-11-14,9:36:30.078352235,T,IBM,F I,1,301.82
2025-11-14,9:36:31.116411669,T,IBM,I,34,301.88
2025-11-14,9:36:31.116429736,T,IBM,I,7,301.86
2025-11-14,9:36:31.389765364,T,IBM,F,100,301.83
2025-11-14,9:36:31.389765364,T,IBM,F I,1,301.83
2025-11-14,9:36:31.389768449,T,IBM,F I,10,301.83
2025-11-14,9:36:32.153397236,T,IBM,,40,301.67
2025-11-14,9:36:32.153517593,T,IBM,F,40,301.67
2025-11-14,9:36:32.153520567,T,IBM,,79,301.67
2025-11-14,9:36:32.153523521,T,IBM,F I,1,301.67
2025-11-14,9:36:32.672147232,T,IBM,,80,301.67
2025-11-14,9:36:40.156557227,T,IBM,,40,301.67
2025-11-14,9:36:42.389640619,T,IBM,I,20,301.67
2025-11-14,9:36:45.338400737,T,IBM,,40,301.62
2025-11-14,9:36:45.338424724,T,IBM,F I,11,301.62
2025-11-14,9:36:45.744289002,T,IBM,F I,1,301.6
2025-11-14,9:36:45.744313035,T,IBM,F I,10,301.53
2025-11-14,9:36:45.744776619,T,IBM,F I,3,301.51
2025-11-14,9:36:52.679742148,T,IBM,F I,25,301.51
2025-11-14,9:36:52.679745258,T,IBM,F I,15,301.53
2025-11-14,9:36:55.026451012,T,IBM,F,100,301.56
2025-11-14,9:36:55.499880067,T,IBM,F I,20,301.58
2025-11-14,9:36:55.499880067,T,IBM,F I,34,301.58
2025-11-14,9:36:55.499883107,T,IBM,F,40,301.59
2025-11-14,9:36:55.499910430,T,IBM,F,40,301.62
2025-11-14,9:36:55.499910430,T,IBM,F I,13,301.62
2025-11-14,9:36:55.499922232,T,IBM,F,82,301.62
2025-11-14,9:36:55.509779623,T,IBM,F I,4,301.56
2025-11-14,9:36:56.287743729,T,IBM,F I,10,301.71
2025-11-14,9:36:56.287746886,T,IBM,F I,2,301.75
2025-11-14,9:36:56.287746886,T,IBM,F,68,301.75
2025-11-14,9:36:56.308078203,T,IBM,I,3,301.63
2025-11-14,9:36:56.308093297,T,IBM,I,7,301.63
2025-11-14,9:36:56.308093297,T,IBM,I,34,301.63
2025-11-14,9:36:56.308096387,T,IBM,I,2,301.63
2025-11-14,9:36:56.308096387,T,IBM,I,2,301.62
2025-11-14,9:36:56.308099326,T,IBM,I,25,301.61
2025-11-14,9:36:56.308102173,T,IBM,I,30,301.6
2025-11-14,9:36:56.308378929,T,IBM,F,150,301.585
2025-11-14,9:36:56.308390923,T,IBM,F I,1,301.54
2025-11-14,9:36:56.308390923,T,IBM,F I,2,301.54
2025-11-14,9:36:56.308427034,T,IBM,F,150,301.585
2025-11-14,9:36:56.308493205,T,IBM,F,150,301.58
2025-11-14,9:36:56.308616584,T,IBM,F I,25,301.56
2025-11-14,9:36:56.308619400,T,IBM,F,44,301.6
2025-11-14,9:36:56.308634451,T,IBM,F,56,301.6
2025-11-14,9:36:56.308655550,T,IBM,F I,2,301.63
2025-11-14,9:36:56.308658865,T,IBM,F I,34,301.63
2025-11-14,9:36:56.308662071,T,IBM,F I,20,301.64
2025-11-14,9:36:56.308662071,T,IBM,F I,29,301.65
2025-11-14,9:36:56.308664884,T,IBM,F,40,301.65
2025-11-14,9:36:56.308664884,T,IBM,F,75,301.65
2025-11-14,9:36:56.315884770,T,IBM,,52,301.73
2025-11-14,9:37:01.758659376,T,IBM,,40,301.54
2025-11-14,9:37:01.758743581,T,IBM,F,40,301.5
2025-11-14,9:37:01.758743581,T,IBM,F,40,301.5
2025-11-14,9:37:01.758770633,T,IBM,,40,301.5
2025-11-14,9:37:01.758893857,T,IBM,,108,301.5
2025-11-14,9:37:01.758914916,T,IBM,I,2,301.43
2025-11-14,9:37:01.759513408,T,IBM,F I,20,301.57
2025-11-14,9:37:01.759516436,T,IBM,F I,7,301.58
2025-11-14,9:37:01.759678713,T,IBM,,160,301.58
2025-11-14,9:37:01.759699872,T,IBM,I,1,301.58
2025-11-14,9:37:01.905309568,T,IBM,F I,1,301.75
2025-11-14,9:37:01.905363570,T,IBM,I,15,301.68
2025-11-14,9:37:01.905565095,T,IBM,I,4,301.61
2025-11-14,9:37:01.905583101,T,IBM,I,4,301.62
2025-11-14,9:37:01.905601529,T,IBM,F I,7,301.61
2025-11-14,9:37:01.905646264,T,IBM,I,3,301.61
2025-11-14,9:37:01.905646264,T,IBM,,45,301.61
2025-11-14,9:37:01.905661319,T,IBM,,242,301.61
2025-11-14,9:37:01.905686018,T,IBM,I,8,301.6
2025-11-14,9:37:01.905769531,T,IBM,,40,301.665
2025-11-14,9:37:01.905778539,T,IBM,,40,301.665
2025-11-14,9:37:01.905916880,T,IBM,,40,301.655
2025-11-14,9:37:08.785392442,T,IBM,,40,301.66
2025-11-14,9:37:08.785392442,T,IBM,I,39,301.66
2025-11-14,9:37:08.785394729,T,IBM,I,21,301.66
2025-11-14,9:37:08.785409762,T,IBM,I,1,301.66
2025-11-14,9:37:08.785830859,T,IBM,F I,18,301.66
2025-11-14,9:37:08.785966081,T,IBM,I,8,301.62
2025-11-14,9:37:10.283928351,T,IBM,F I,10,301.64
2025-11-14,9:37:11.246964983,T,IBM,I,20,301.68
2025-11-14,9:37:11.246968015,T,IBM,,71,301.69
2025-11-14,9:37:11.246980045,T,IBM,F I,20,301.69
2025-11-14,9:37:11.247641614,T,IBM,I,5,301.61
2025-11-14,9:37:11.247653614,T,IBM,,40,301.61
2025-11-14,9:37:11.247656708,T,IBM,,60,301.61
2025-11-14,9:37:13.863575461,T,IBM,,40,301.605
2025-11-14,9:37:13.871655662,T,IBM,,40,301.605
2025-11-14,9:37:16.372261744,T,IBM,F I,20,301.68
2025-11-14,9:37:16.435809008,T,IBM,I,15,301.69
2025-11-14,9:37:16.435812486,T,IBM,I,34,301.69
2025-11-14,9:37:16.435815505,T,IBM,I,34,301.69
2025-11-14,9:37:16.435815505,T,IBM,I,34,301.69
2025-11-14,9:37:16.435818208,T,IBM,I,23,301.69
2025-11-14,9:37:16.436314144,T,IBM,I,9,301.67
2025-11-14,9:37:17.876833680,T,IBM,F I,20,301.77
2025-11-14,9:37:17.876833680,T,IBM,F I,20,301.78
2025-11-14,9:37:17.876851891,T,IBM,I,1,301.78
2025-11-14,9:37:17.876854682,T,IBM,F I,13,301.78
2025-11-14,9:37:17.876875746,T,IBM,I,1,301.78
2025-11-14,9:37:17.876887807,T,IBM,F I,5,301.78
2025-11-14,9:37:17.938327092,T,IBM,I,20,301.82
2025-11-14,9:37:17.938330106,T,IBM,I,20,301.83
2025-11-14,9:37:18.080231843,T,IBM,I,20,301.83
2025-11-14,9:37:18.539728762,T,IBM,F I,17,301.96
2025-11-14,9:37:18.539743774,T,IBM,F,100,301.96
2025-11-14,9:37:18.539746859,T,IBM,F,75,301.96
2025-11-14,9:37:20.989676319,T,IBM,I,4,301.96
2025-11-14,9:37:29.709992761,T,IBM,F I,25,301.84
2025-11-14,9:37:29.709995722,T,IBM,F,75,301.84
2025-11-14,9:37:30.116112653,T,IBM,F,48,301.67
2025-11-14,9:37:30.549727061,T,IBM,F,100,301.61
2025-11-14,9:37:34.142764829,T,IBM,F,40,301.59
2025-11-14,9:37:36.909134665,T,IBM,I,10,301.76
2025-11-14,9:37:37.512575342,T,IBM,F I,25,301.66
2025-11-14,9:37:38.725344531,T,IBM,,40,301.78
2025-11-14,9:37:40.941906563,T,IBM,F I,25,301.91
2025-11-14,9:37:40.941906563,T,IBM,F I,15,301.93
2025-11-14,9:37:41.387784015,T,IBM,I,11,301.795
2025-11-14,9:37:44.080036479,T,IBM,I,6,301.99
2025-11-14,9:37:44.080192831,T,IBM,I,20,301.99
2025-11-14,9:37:45.010908567,T,IBM,F I,20,301.99
2025-11-14,9:37:45.010911659,T,IBM,F,40,302.0
2025-11-14,9:37:45.010911659,T,IBM,F I,38,302.0
2025-11-14,9:37:45.010929604,T,IBM,I,1,302.0
2025-11-14,9:37:45.010932563,T,IBM,I,13,302.0
2025-11-14,9:37:45.010962690,T,IBM,I,13,302.0
2025-11-14,9:37:45.011290980,T,IBM,I,13,302.0
2025-11-14,9:37:45.011293683,T,IBM,I,2,302.0
2025-11-14,9:37:45.011297223,T,IBM,,80,302.0
2025-11-14,9:37:45.011297223,T,IBM,,80,302.0
2025-11-14,9:37:45.011299480,T,IBM,,40,302.0
2025-11-14,9:37:45.011302447,T,IBM,I,5,302.0
2025-11-14,9:37:45.032999181,T,IBM,F I,11,302.0
2025-11-14,9:37:45.033080391,T,IBM,F I,10,302.0
2025-11-14,9:37:45.033191611,T,IBM,F I,1,301.99
2025-11-14,9:37:46.107177433,T,IBM,I,34,302.03
2025-11-14,9:37:46.107177433,T,IBM,I,5,302.01
2025-11-14,9:37:46.107351834,T,IBM,F I,4,302.11
2025-11-14,9:37:46.107375895,T,IBM,F I,10,302.12
2025-11-14,9:37:46.107403015,T,IBM,I,21,302.06
2025-11-14,9:37:46.107523270,T,IBM,F I,25,302.11
2025-11-14,9:37:46.107526234,T,IBM,F,103,302.16
2025-11-14,9:37:46.107538266,T,IBM,F I,19,302.09
2025-11-14,9:37:46.107607483,T,IBM,F I,1,302.11
2025-11-14,9:37:46.107629269,T,IBM,F I,10,302.11
2025-11-14,9:37:46.107632308,T,IBM,F I,1,302.11
2025-11-14,9:37:46.107917200,T,IBM,F I,14,302.19
2025-11-14,9:37:46.108205978,T,IBM,F I,4,302.21
2025-11-14,9:37:46.108205978,T,IBM,F I,37,302.21
2025-11-14,9:37:46.108208911,T,IBM,F I,3,302.21
2025-11-14,9:37:46.109547031,T,IBM,F I,9,302.27
2025-11-14,9:37:46.113745131,T,IBM,,40,302.25
2025-11-14,9:37:46.201454827,T,IBM,I,8,302.35
2025-11-14,9:37:46.276098567,T,IBM,F I,28,302.44
2025-11-14,9:37:49.776513002,T,IBM,F I,20,302.49
2025-11-14,9:37:49.776513002,T,IBM,F I,20,302.5
2025-11-14,9:37:49.776531026,T,IBM,I,1,302.5
2025-11-14,9:37:49.776711850,T,IBM,F I,19,302.5
2025-11-14,9:37:49.776717806,T,IBM,F,40,302.5
2025-11-14,9:37:49.776717806,T,IBM,F I,6,302.5
2025-11-14,9:37:49.776783604,T,IBM,F,40,302.5
2025-11-14,9:37:49.776783604,T,IBM,F I,25,302.5
2025-11-14,9:37:49.777141557,T,IBM,I,7,302.43
2025-11-14,9:37:49.777376102,T,IBM,I,7,302.43
2025-11-14,9:37:57.397863223,T,IBM,,100,302.49
2025-11-14,9:37:57.397863223,T,IBM,I,20,302.48
2025-11-14,9:37:57.403673165,T,IBM,,45,302.46
2025-11-14,9:37:57.403673165,T,IBM,I,10,302.45
2025-11-14,9:37:57.403676250,T,IBM,I,10,302.45
2025-11-14,9:37:57.403676250,T,IBM,I,20,302.45
2025-11-14,9:37:57.403679326,T,IBM,I,25,302.44
2025-11-14,9:37:57.403682145,T,IBM,I,10,302.44
2025-11-14,9:37:57.409606211,T,IBM,,40,302.44
2025-11-14,9:37:57.409609210,T,IBM,,80,302.43
2025-11-14,9:37:57.409630934,T,IBM,I,1,302.43
2025-11-14,9:37:57.409633280,T,IBM,I,39,302.43
2025-11-14,9:37:57.409636715,T,IBM,I,9,302.43
2025-11-14,9:37:57.409639233,T,IBM,,40,302.43
2025-11-14,9:37:57.409639233,T,IBM,F I,37,302.43
2025-11-14,9:37:57.409642300,T,IBM,F I,3,302.43
2025-11-14,9:37:57.409645455,T,IBM,F,40,302.43
2025-11-14,9:37:57.409648356,T,IBM,I,25,302.43
2025-11-14,9:37:57.410484303,T,IBM,F I,10,302.6
2025-11-14,9:37:57.410778963,T,IBM,F I,15,302.59
2025-11-14,9:37:57.410787988,T,IBM,F,65,302.59
2025-11-14,9:37:57.413587660,T,IBM,,100,302.6
2025-11-14,9:37:57.413608736,T,IBM,I,12,302.59
2025-11-14,9:37:57.413608736,T,IBM,,199,302.59
2025-11-14,9:37:57.413611706,T,IBM,,49,302.56
2025-11-14,9:37:57.414655197,T,IBM,,100,302.6
2025-11-14,9:37:57.414655197,T,IBM,,45,302.515
2025-11-14,9:37:58.683519990,T,IBM,F,100,302.43
2025-11-14,9:38:02.197039764,T,IBM,F I,10,302.33
2025-11-14,9:38:02.197043023,T,IBM,F,80,302.33
2025-11-14,9:38:02.197057800,T,IBM,F I,10,302.33
2025-11-14,9:38:02.197069786,T,IBM,F,120,302.32
2025-11-14,9:38:02.197073389,T,IBM,F I,10,302.31
2025-11-14,9:38:02.197073389,T,IBM,F,80,302.3
2025-11-14,9:38:02.197079647,T,IBM,F,82,302.3
2025-11-14,9:38:02.197082018,T,IBM,F I,8,302.3
2025-11-14,9:38:02.197082018,T,IBM,,90,302.3
2025-11-14,9:38:02.197084860,T,IBM,F I,22,302.3
2025-11-14,9:38:02.197235204,T,IBM,,100,302.31
2025-11-14,9:38:02.197611134,T,IBM,,80,302.3
2025-11-14,9:38:02.806599851,T,IBM,,44,302.33
2025-11-14,9:38:02.807168205,T,IBM,,44,302.33
2025-11-14,9:38:02.807228432,T,IBM,F,44,302.33
2025-11-14,9:38:02.807718497,T,IBM,,44,302.33
2025-11-14,9:38:04.200342962,T,IBM,F,40,302.3
2025-11-14,9:38:04.200346002,T,IBM,F I,1,302.3
2025-11-14,9:38:04.200346002,T,IBM,F I,3,302.3
2025-11-14,9:38:04.200349040,T,IBM,I,20,302.3
2025-11-14,9:38:04.201196984,T,IBM,I,1,302.3
2025-11-14,9:38:04.201858626,T,IBM,I,14,302.3
2025-11-14,9:38:05.526632467,T,IBM,I,3,302.22
2025-11-14,9:38:05.526635492,T,IBM,I,3,302.22
2025-11-14,9:38:05.533642198,T,IBM,I,3,302.22
2025-11-14,9:38:06.185290508,T,IBM,I,3,302.22
2025-11-14,9:38:06.185350677,T,IBM,I,3,302.22
2025-11-14,9:38:06.185431875,T,IBM,I,3,302.22
2025-11-14,9:38:06.185609353,T,IBM,I,3,302.22
2025-11-14,9:38:06.215094465,T,IBM,I,3,302.22
2025-11-14,9:38:06.215136643,T,IBM,I,16,302.22
2025-11-14,9:38:06.215143142,T,IBM,I,3,302.21
2025-11-14,9:38:06.215145648,T,IBM,,100,302.21
2025-11-14,9:38:07.266803281,T,IBM,F I,30,302.26
2025-11-14,9:38:07.266812321,T,IBM,F,70,302.26
2025-11-14,9:38:07.266812321,T,IBM,F I,30,302.27
2025-11-14,9:38:11.042727580,T,IBM,F,50,302.42
2025-11-14,9:38:11.042730595,T,IBM,F I,30,302.42
2025-11-14,9:38:11.042730595,T,IBM,F I,4,302.42
2025-11-14,9:38:11.043960816,T,IBM,F I,1,302.47
2025-11-14,9:38:11.044023737,T,IBM,F I,2,302.5
2025-11-14,9:38:19.715311502,T,IBM,,40,302.41
2025-11-14,9:38:20.133866012,T,IBM,F,60,302.41
2025-11-14,9:38:20.665477509,T,IBM,F I,2,302.33
2025-11-14,9:38:20.665495563,T,IBM,I,2,302.33
2025-11-14,9:38:20.665513668,T,IBM,F,98,302.33
2025-11-14,9:38:29.280723786,T,IBM,I,15,302.42
2025-11-14,9:38:29.282434930,T,IBM,F I,15,302.42
2025-11-14,9:38:29.282467926,T,IBM,I,15,302.42
2025-11-14,9:38:29.282501080,T,IBM,F I,15,302.42
2025-11-14,9:38:29.282573306,T,IBM,F I,15,302.42
2025-11-14,9:38:29.282925054,T,IBM,F I,9,302.42
2025-11-14,9:38:34.340903697,T,IBM,F I,34,302.42
2025-11-14,9:38:34.340903697,T,IBM,I,12,302.42
2025-11-14,9:38:36.938728468,T,IBM,F,120,302.43
2025-11-14,9:38:36.938728468,T,IBM,I,27,302.43
2025-11-14,9:38:36.938731183,T,IBM,I,18,302.43
2025-11-14,9:38:36.938740172,T,IBM,I,1,302.43
2025-11-14,9:38:36.938749275,T,IBM,I,9,302.43
2025-11-14,9:38:36.939368722,T,IBM,I,1,302.44
2025-11-14,9:38:36.940027245,T,IBM,I,12,302.44
2025-11-14,9:38:40.277504870,T,IBM,F,87,302.44
2025-11-14,9:38:40.277516894,T,IBM,I,7,302.405
2025-11-14,9:38:41.107164929,T,IBM,,200,302.385
2025-11-14,9:38:41.113251464,T,IBM,,120,302.43
2025-11-14,9:38:41.113251464,T,IBM,,52,302.43
2025-11-14,9:38:41.175232021,T,IBM,,40,302.46
2025-11-14,9:38:41.184954199,T,IBM,F I,19,302.67
2025-11-14,9:38:41.184972180,T,IBM,F I,2,302.68
2025-11-14,9:38:44.997647053,T,IBM,,40,302.72
2025-11-14,9:38:44.997665117,T,IBM,I,1,302.72
2025-11-14,9:38:44.997674738,T,IBM,F I,39,302.72
2025-11-14,9:38:44.997674738,T,IBM,F I,1,302.72
2025-11-14,9:38:44.997680063,T,IBM,F I,39,302.72
2025-11-14,9:38:44.997683116,T,IBM,F,111,302.72
2025-11-14,9:38:44.997689124,T,IBM,F I,9,302.72
2025-11-14,9:38:44.997695126,T,IBM,F I,16,302.72
2025-11-14,9:38:44.997698796,T,IBM,F,40,302.72
2025-11-14,9:38:44.997698796,T,IBM,I,24,302.72
2025-11-14,9:38:44.997701134,T,IBM,I,16,302.72
2025-11-14,9:38:44.997864456,T,IBM,F I,24,302.72
2025-11-14,9:38:44.997864456,T,IBM,F I,1,302.72
2025-11-14,9:38:44.997864456,T,IBM,F I,39,302.72
2025-11-14,9:38:44.997866520,T,IBM,F I,1,302.72
2025-11-14,9:38:44.997872614,T,IBM,F I,25,302.72
2025-11-14,9:38:44.997881630,T,IBM,F,40,302.72
2025-11-14,9:38:44.997893577,T,IBM,F I,9,302.72
2025-11-14,9:38:44.998074190,T,IBM,F I,5,302.72
2025-11-14,9:38:44.998077082,T,IBM,F,40,302.72
2025-11-14,9:38:44.998323676,T,IBM,F I,5,302.7
2025-11-14,9:38:44.999003273,T,IBM,F I,18,302.75
2025-11-14,9:38:44.999021364,T,IBM,F I,7,302.75
2025-11-14,9:38:45.713414094,T,IBM,F I,2,302.72
2025-11-14,9:38:45.713417075,T,IBM,F,40,302.72
2025-11-14,9:38:45.713423074,T,IBM,I,9,302.72
2025-11-14,9:38:45.713432429,T,IBM,I,2,302.72
2025-11-14,9:38:45.713435070,T,IBM,F,40,302.72
2025-11-14,9:38:45.714187077,T,IBM,F I,9,302.72
2025-11-14,9:38:45.714583800,T,IBM,F,40,302.7
2025-11-14,9:38:45.715552282,T,IBM,,60,302.7
2025-11-14,9:38:45.715555145,T,IBM,I,20,302.69
2025-11-14,9:38:45.715576167,T,IBM,F I,20,302.69
2025-11-14,9:38:45.715576167,T,IBM,I,1,302.69
2025-11-14,9:38:45.715591295,T,IBM,I,1,302.69
2025-11-14,9:38:45.715597510,T,IBM,I,38,302.69
2025-11-14,9:38:45.715597510,T,IBM,I,1,302.69
2025-11-14,9:38:45.715624314,T,IBM,I,4,302.69
2025-11-14,9:38:45.715642412,T,IBM,I,34,302.69
2025-11-14,9:38:45.715708618,T,IBM,F I,1,302.69
2025-11-14,9:38:45.715708618,T,IBM,F,40,302.69
2025-11-14,9:38:45.715747660,T,IBM,F,40,302.69
2025-11-14,9:38:45.715765715,T,IBM,I,24,302.69
2025-11-14,9:38:45.715786674,T,IBM,F I,16,302.69
2025-11-14,9:38:45.715786674,T,IBM,F I,24,302.69
2025-11-14,9:38:45.715808220,T,IBM,F I,16,302.69
2025-11-14,9:38:45.715810757,T,IBM,F I,24,302.69
2025-11-14,9:38:45.715822814,T,IBM,F I,16,302.69
2025-11-14,9:38:45.715825757,T,IBM,F I,24,302.69
2025-11-14,9:38:45.715828833,T,IBM,F I,16,302.69
2025-11-14,9:38:45.715849905,T,IBM,F,40,302.69
2025-11-14,9:38:45.715858862,T,IBM,F,40,302.7
2025-11-14,9:38:45.715888917,T,IBM,F I,11,302.7
2025-11-14,9:38:45.715892047,T,IBM,I,11,302.7
2025-11-14,9:38:45.718183474,T,IBM,I,11,302.7
2025-11-14,9:38:45.796228201,T,IBM,I,27,302.7
2025-11-14,9:38:45.796231494,T,IBM,I,11,302.69
2025-11-14,9:38:45.796231494,T,IBM,,80,302.69
2025-11-14,9:38:45.796234229,T,IBM,,64,302.69
2025-11-14,9:38:45.855009145,T,IBM,,100,302.7
2025-11-14,9:38:45.855012128,T,IBM,,60,302.69
2025-11-14,9:38:45.855039255,T,IBM,I,20,302.69
2025-11-14,9:38:45.855324882,T,IBM,,80,302.69
2025-11-14,9:38:45.855373012,T,IBM,I,39,302.7
2025-11-14,9:38:45.860876168,T,IBM,I,39,302.7
2025-11-14,9:38:51.955443435,T,IBM,F I,18,302.8
2025-11-14,9:38:51.955443435,T,IBM,F I,1,302.8
2025-11-14,9:38:51.955527654,T,IBM,I,13,302.78
2025-11-14,9:38:51.983809951,T,IBM,F I,4,302.8
2025-11-14,9:38:59.574033006,T,IBM,F I,20,302.99
2025-11-14,9:38:59.574036211,T,IBM,F,40,302.99
2025-11-14,9:38:59.574039043,T,IBM,F I,5,302.99
2025-11-14,9:38:59.574478204,T,IBM,I,34,302.93
2025-11-14,9:38:59.574478204,T,IBM,I,5,302.92
2025-11-14,9:38:59.574692403,T,IBM,I,3,302.96
2025-11-14,9:38:59.574724621,T,IBM,I,3,302.96
2025-11-14,9:38:59.574775817,T,IBM,I,3,302.89
2025-11-14,9:38:59.574784789,T,IBM,F I,25,303.0
2025-11-14,9:38:59.574805829,T,IBM,I,1,302.93
2025-11-14,9:38:59.574814918,T,IBM,F I,3,302.89
2025-11-14,9:38:59.575022345,T,IBM,F I,3,302.89
2025-11-14,9:38:59.729641411,T,IBM,,40,302.86
2025-11-14,9:38:59.822021356,T,IBM,,40,302.86
2025-11-14,9:39:00.009713244,T,IBM,F I,20,302.86
2025-11-14,9:39:03.644514584,T,IBM,F I,17,302.95
2025-11-14,9:39:03.644535738,T,IBM,F I,17,302.96
2025-11-14,9:39:03.644628903,T,IBM,I,18,302.92
2025-11-14,9:39:03.644688980,T,IBM,F I,7,302.94
2025-11-14,9:39:03.644713045,T,IBM,,45,302.94
2025-11-14,9:39:03.644812493,T,IBM,F I,17,302.94
2025-11-14,9:39:03.644845686,T,IBM,I,34,302.92
2025-11-14,9:39:03.644845686,T,IBM,I,29,302.91
2025-11-14,9:39:03.644848452,T,IBM,F I,31,302.94
2025-11-14,9:39:03.644860592,T,IBM,F I,20,302.99
2025-11-14,9:39:03.644860592,T,IBM,F,40,303.0
2025-11-14,9:39:03.644863444,T,IBM,F I,20,303.0
2025-11-14,9:39:03.644881726,T,IBM,I,39,303.0
2025-11-14,9:39:03.644881726,T,IBM,I,1,303.0
2025-11-14,9:39:03.644926569,T,IBM,I,28,302.91
2025-11-14,9:39:03.645050088,T,IBM,I,18,302.93
2025-11-14,9:39:03.645052911,T,IBM,I,3,302.93
2025-11-14,9:39:03.645188228,T,IBM,I,2,302.89
2025-11-14,9:39:03.645218294,T,IBM,F I,8,302.97
2025-11-14,9:39:03.645218294,T,IBM,F I,9,302.97
2025-11-14,9:39:03.645221894,T,IBM,F I,5,303.0
2025-11-14,9:39:03.645230312,T,IBM,I,2,302.89
2025-11-14,9:39:03.645374685,T,IBM,I,2,302.89
2025-11-14,9:39:03.645479909,T,IBM,,40,302.99
2025-11-14,9:39:03.645582116,T,IBM,I,10,302.99
2025-11-14,9:39:03.645585133,T,IBM,I,35,303.0
2025-11-14,9:39:03.645585133,T,IBM,I,8,303.0
2025-11-14,9:39:03.645666311,T,IBM,I,12,303.0
2025-11-14,9:39:03.645666311,T,IBM,I,28,303.0
2025-11-14,9:39:03.645756540,T,IBM,I,2,302.94
2025-11-14,9:39:03.645780659,T,IBM,F I,8,302.94
2025-11-14,9:39:03.645786620,T,IBM,I,4,302.94
2025-11-14,9:39:03.645792631,T,IBM,F,86,302.94
2025-11-14,9:39:03.645879834,T,IBM,I,2,302.89
2025-11-14,9:39:03.646021228,T,IBM,I,2,302.88
2025-11-14,9:39:03.646712819,T,IBM,F I,25,302.92
2025-11-14,9:39:03.646839134,T,IBM,I,5,302.93
2025-11-14,9:39:03.648605163,T,IBM,F,100,302.88
2025-11-14,9:39:03.648607332,T,IBM,F I,25,302.88
2025-11-14,9:39:03.704997592,T,IBM,F,100,302.82
2025-11-14,9:39:06.211951851,T,IBM,F,75,302.9
2025-11-14,9:39:06.211975943,T,IBM,F,100,302.85
2025-11-14,9:39:06.422816937,T,IBM,I,25,302.86
2025-11-14,9:39:06.423231868,T,IBM,F I,1,302.89
2025-11-14,9:39:11.992941783,T,IBM,F I,34,302.92
2025-11-14,9:39:11.992944714,T,IBM,F I,25,302.92
2025-11-14,9:39:11.992947752,T,IBM,F,77,302.93
2025-11-14,9:39:11.995305331,T,IBM,F,40,303.0
2025-11-14,9:39:11.995308401,T,IBM,F I,37,303.0
2025-11-14,9:39:11.995326340,T,IBM,I,1,303.0
2025-11-14,9:39:14.029483360,T,IBM,F I,20,302.99
2025-11-14,9:39:14.029483360,T,IBM,F I,2,303.0
2025-11-14,9:39:14.029486137,T,IBM,F I,1,303.0
2025-11-14,9:39:14.029486137,T,IBM,F I,20,303.0
2025-11-14,9:39:14.650602926,T,IBM,F I,1,302.99
2025-11-14,9:39:14.650606848,T,IBM,F I,20,302.99
2025-11-14,9:39:14.650606848,T,IBM,F I,20,303.0
2025-11-14,9:39:14.650611836,T,IBM,F,40,303.0
2025-11-14,9:39:14.650611836,T,IBM,F I,38,303.0
2025-11-14,9:39:14.666059627,T,IBM,F I,3,303.01
2025-11-14,9:39:14.666059627,T,IBM,F I,3,303.01
2025-11-14,9:39:14.666342277,T,IBM,I,16,302.95
2025-11-14,9:39:14.872837841,T,IBM,F,40,303.0
2025-11-14,9:39:15.751752278,T,IBM,I,14,303.01
2025-11-14,9:39:15.751755530,T,IBM,I,15,303.01
2025-11-14,9:39:15.751755530,T,IBM,,40,303.01
2025-11-14,9:39:15.751776344,T,IBM,F,40,303.01
2025-11-14,9:39:15.751776344,T,IBM,F I,15,303.01
2025-11-14,9:39:15.751779405,T,IBM,I,1,303.01
2025-11-14,9:39:15.751830516,T,IBM,F I,7,303.01
2025-11-14,9:39:15.751857887,T,IBM,I,33,303.01
2025-11-14,9:39:15.751857887,T,IBM,,40,303.01
2025-11-14,9:39:15.751860595,T,IBM,I,27,303.01
2025-11-14,9:39:15.752089101,T,IBM,F I,37,303.01
2025-11-14,9:39:15.752092077,T,IBM,F I,3,303.01
2025-11-14,9:39:15.752248520,T,IBM,I,37,303.01
2025-11-14,9:39:15.752251534,T,IBM,I,3,303.01
2025-11-14,9:39:15.752988298,T,IBM,F I,37,303.01
2025-11-14,9:39:15.753439323,T,IBM,F,40,303.02
2025-11-14,9:39:15.753451366,T,IBM,F,40,303.02
2025-11-14,9:39:15.753454308,T,IBM,F,40,303.02
2025-11-14,9:39:17.093618916,T,IBM,I,2,303.12
2025-11-14,9:39:17.753801607,T,IBM,F I,37,303.11
2025-11-14,9:39:17.773236811,T,IBM,F I,1,303.18
2025-11-14,9:39:17.787283299,T,IBM,I,1,303.18
2025-11-14,9:39:18.291238025,T,IBM,I,20,303.225
2025-11-14,9:39:18.314775089,T,IBM,F,80,303.25
2025-11-14,9:39:18.314784263,T,IBM,,77,303.25
2025-11-14,9:39:18.314793150,T,IBM,I,1,303.25
2025-11-14,9:39:18.322467448,T,IBM,,40,303.25
2025-11-14,9:39:18.322530564,T,IBM,F,60,303.25
2025-11-14,9:39:18.623081099,T,IBM,F I,2,303.3
2025-11-14,9:39:18.775050920,T,IBM,I,3,303.4
2025-11-14,9:39:18.875279475,T,IBM,I,20,303.375
2025-11-14,9:39:21.001013543,T,IBM,F I,34,303.4
2025-11-14,9:39:21.001016768,T,IBM,F I,25,303.44
2025-11-14,9:39:21.001019692,T,IBM,F,40,303.44
2025-11-14,9:39:21.001019692,T,IBM,F I,25,303.45
2025-11-14,9:39:21.001022225,T,IBM,F I,25,303.45
2025-11-14,9:39:21.001034201,T,IBM,I,1,303.45
2025-11-14,9:39:21.001593633,T,IBM,I,1,303.5
2025-11-14,9:39:21.001593633,T,IBM,I,33,303.5
2025-11-14,9:39:21.001870266,T,IBM,F I,17,303.43
2025-11-14,9:39:21.001870266,T,IBM,F I,2,303.42
2025-11-14,9:39:22.807600093,T,IBM,,40,303.41
2025-11-14,9:39:22.814748136,T,IBM,I,25,303.43
2025-11-14,9:39:22.814775193,T,IBM,F,80,303.43
2025-11-14,9:39:22.814778752,T,IBM,F,70,303.43
2025-11-14,9:39:22.814778752,T,IBM,F,80,303.43
2025-11-14,9:39:22.814784198,T,IBM,F,80,303.43
2025-11-14,9:39:22.814784198,T,IBM,I,9,303.43
2025-11-14,9:39:22.814796584,T,IBM,F,80,303.43
2025-11-14,9:39:22.814796584,T,IBM,,86,303.43
2025-11-14,9:39:22.814799296,T,IBM,I,1,303.43
2025-11-14,9:39:22.814799296,T,IBM,,80,303.43
2025-11-14,9:39:22.814802305,T,IBM,F I,12,303.43
2025-11-14,9:39:22.819782158,T,IBM,,40,303.36
2025-11-14,9:39:22.819848280,T,IBM,F,60,303.36
2025-11-14,9:39:22.822314111,T,IBM,,75,303.31
2025-11-14,9:39:22.822314111,T,IBM,I,5,303.29
2025-11-14,9:39:22.822338208,T,IBM,F,80,303.29
2025-11-14,9:39:22.822708100,T,IBM,F,80,303.26
2025-11-14,9:39:22.823078017,T,IBM,F I,20,303.26
2025-11-14,9:39:22.823081703,T,IBM,F,40,303.25
2025-11-14,9:39:22.823081703,T,IBM,F I,20,303.25
2025-11-14,9:39:22.823083992,T,IBM,I,20,303.25
2025-11-14,9:39:22.823087378,T,IBM,I,34,303.25
2025-11-14,9:39:22.823087378,T,IBM,I,26,303.25
2025-11-14,9:39:22.823090115,T,IBM,F,80,303.25
2025-11-14,9:39:22.823090115,T,IBM,,80,303.25
2025-11-14,9:39:22.823114015,T,IBM,F I,20,303.25
2025-11-14,9:39:22.877444502,T,IBM,F,114,303.25
2025-11-14,9:39:22.892735788,T,IBM,,40,303.2
2025-11-14,9:39:22.943965763,T,IBM,F,100,303.17
2025-11-14,9:39:22.970477012,T,IBM,F,40,303.03
2025-11-14,9:39:22.970534094,T,IBM,F,40,303.03
2025-11-14,9:39:22.970585284,T,IBM,F I,20,303.03
2025-11-14,9:39:22.970588182,T,IBM,F I,20,303.02
2025-11-14,9:39:22.970609175,T,IBM,F I,20,303.02
2025-11-14,9:39:22.984743210,T,IBM,F I,2,303.05
2025-11-14,9:39:22.984743210,T,IBM,F I,32,303.08
2025-11-14,9:39:23.202352867,T,IBM,I,5,302.94
2025-11-14,9:39:23.477363675,T,IBM,F I,34,303.13
2025-11-14,9:39:23.477363675,T,IBM,F I,2,303.13
2025-11-14,9:39:24.052428679,T,IBM,F I,1,302.98
2025-11-14,9:39:24.412078950,T,IBM,I,1,303.0
2025-11-14,9:39:24.412081891,T,IBM,,99,303.0
2025-11-14,9:39:29.666620361,T,IBM,I,1,302.96
2025-11-14,9:39:29.667008316,T,IBM,F,67,302.89
2025-11-14,9:39:29.668169158,T,IBM,F I,38,302.82
2025-11-14,9:39:29.668223261,T,IBM,,40,302.82
2025-11-14,9:39:29.668439812,T,IBM,F I,22,302.82
2025-11-14,9:39:29.668442763,T,IBM,F I,38,302.81
2025-11-14,9:39:29.672872345,T,IBM,I,11,302.81
2025-11-14,9:39:32.433570743,T,IBM,,40,302.8
2025-11-14,9:39:39.937663022,T,IBM,I,11,302.89
2025-11-14,9:39:39.937663022,T,IBM,,40,302.89
2025-11-14,9:39:39.937767924,T,IBM,I,20,302.88
2025-11-14,9:39:39.937837132,T,IBM,F I,30,302.89
2025-11-14,9:39:39.937840282,T,IBM,F I,6,302.89
2025-11-14,9:39:39.937987441,T,IBM,I,3,302.88
2025-11-14,9:39:39.937993508,T,IBM,F,40,302.89
2025-11-14,9:39:39.938023572,T,IBM,F I,36,302.89
2025-11-14,9:39:39.938026507,T,IBM,F I,4,302.89
2025-11-14,9:39:39.938363620,T,IBM,F,40,302.88
2025-11-14,9:39:39.938982859,T,IBM,F I,1,303.0
2025-11-14,9:39:40.809681769,T,IBM,,45,303.2
2025-11-14,9:39:40.809681769,T,IBM,,40,303.2
2025-11-14,9:39:40.821376614,T,IBM,,40,303.2
2025-11-14,9:39:40.828810318,T,IBM,,40,303.205
2025-11-14,9:39:43.179356266,T,IBM,,40,303.19
2025-11-14,9:39:43.182841476,T,IBM,,40,303.21
2025-11-14,9:39:43.182844554,T,IBM,I,9,303.23
2025-11-14,9:39:43.283954238,T,IBM,F I,2,303.14
2025-11-14,9:39:43.294422132,T,IBM,F,100,303.12
2025-11-14,9:39:44.169343131,T,IBM,F I,4,303.03
2025-11-14,9:39:44.664279939,T,IBM,I,2,303.0
2025-11-14,9:39:44.664282415,T,IBM,I,2,303.0
2025-11-14,9:39:44.664285383,T,IBM,,65,303.0
2025-11-14,9:39:44.664300719,T,IBM,I,3,303.0
2025-11-14,9:39:44.664300719,T,IBM,I,4,303.0
2025-11-14,9:39:44.664340248,T,IBM,F I,28,303.0
2025-11-14,9:39:44.664346609,T,IBM,F I,37,302.97
2025-11-14,9:39:44.664346609,T,IBM,F,63,302.97
2025-11-14,9:39:44.664351555,T,IBM,F I,6,302.94
2025-11-14,9:39:44.664351555,T,IBM,I,4,302.94
2025-11-14,9:39:44.664354534,T,IBM,,55,302.94
2025-11-14,9:39:44.664688334,T,IBM,,65,302.95
2025-11-14,9:39:44.664697450,T,IBM,F I,4,302.95
2025-11-14,9:39:45.445683716,T,IBM,F I,34,303.08
2025-11-14,9:39:45.445683716,T,IBM,F I,1,303.09
2025-11-14,9:39:45.445888123,T,IBM,I,2,303.16
2025-11-14,9:39:45.445888123,T,IBM,I,3,303.17
2025-11-14,9:39:49.101592395,T,IBM,F I,37,303.17
2025-11-14,9:39:49.101592395,T,IBM,F I,20,303.17
2025-11-14,9:39:49.101617068,T,IBM,F,40,303.18
2025-11-14,9:39:49.101617068,T,IBM,F I,16,303.18
2025-11-14,9:39:49.101619313,T,IBM,F I,11,303.19
2025-11-14,9:39:49.202232834,T,IBM,,40,303.18
2025-11-14,9:39:58.685823509,T,IBM,F I,2,303.28
2025-11-14,9:39:58.685827130,T,IBM,F I,10,303.29
2025-11-14,9:39:58.685827130,T,IBM,F I,10,303.35
2025-11-14,9:39:58.685829773,T,IBM,F I,2,303.35
2025-11-14,9:39:58.685832921,T,IBM,F,100,303.35
2025-11-14,9:39:58.685832921,T,IBM,F I,25,303.36
2025-11-14,9:39:58.685835531,T,IBM,F I,34,303.38
2025-11-14,9:39:58.685838559,T,IBM,F,40,303.38
2025-11-14,9:39:58.685841564,T,IBM,F I,20,303.39
2025-11-14,9:39:58.685841564,T,IBM,F,72,303.39
2025-11-14,9:39:58.685967914,T,IBM,I,4,303.4
2025-11-14,9:39:58.686094998,T,IBM,F,40,303.39
2025-11-14,9:39:58.686097259,T,IBM,F,41,303.4
2025-11-14,9:39:58.686097259,T,IBM,F I,19,303.4
2025-11-14,9:39:58.686115233,T,IBM,I,1,303.4
2025-11-14,9:39:58.686115233,T,IBM,I,20,303.4
2025-11-14,9:39:58.686855005,T,IBM,F I,4,303.46
2025-11-14,9:39:58.688235270,T,IBM,I,6,303.51
2025-11-14,9:39:58.688289338,T,IBM,I,6,303.5
2025-11-14,9:39:58.688800600,T,IBM,F I,25,303.58
2025-11-14,9:39:58.689143402,T,IBM,F I,3,303.56
2025-11-14,9:39:58.689585762,T,IBM,F,42,303.61
2025-11-14,9:39:58.689868103,T,IBM,F I,7,303.57
2025-11-14,9:39:58.689877157,T,IBM,I,7,303.57
2025-11-14,9:39:58.689892169,T,IBM,I,7,303.57
2025-11-14,9:39:58.689916292,T,IBM,I,7,303.57
2025-11-14,9:39:58.690093626,T,IBM,I,2,303.56
2025-11-14,9:39:58.690096656,T,IBM,I,5,303.56
2025-11-14,9:39:58.691642418,T,IBM,F,40,303.46
2025-11-14,9:39:58.693155005,T,IBM,F I,34,303.43
2025-11-14,9:39:58.728594358,T,IBM,F I,10,303.41
2025-11-14,9:39:58.728597952,T,IBM,F I,2,303.38
2025-11-14,9:39:58.728600393,T,IBM,F,98,303.37
2025-11-14,9:39:58.728633408,T,IBM,F I,2,303.37
2025-11-14,9:39:58.728913064,T,IBM,F I,24,303.27
2025-11-14,9:39:58.728922061,T,IBM,F,45,303.27
2025-11-14,9:39:58.728931203,T,IBM,F I,22,303.26
2025-11-14,9:39:58.728931203,T,IBM,F I,2,303.26
2025-11-14,9:39:59.548511386,T,IBM,F I,27,303.11
2025-11-14,9:39:59.548565512,T,IBM,F I,2,303.09
2025-11-14,9:39:59.558883084,T,IBM,F I,3,302.97
2025-11-14,9:40:00.241863017,T,IBM,I,3,303.07
2025-11-14,9:40:01.221956381,T,IBM,F I,2,303.11
2025-11-14,9:40:01.221956381,T,IBM,F I,10,303.11
2025-11-14,9:40:02.106322748,T,IBM,F I,3,302.98
2025-11-14,9:40:02.106385864,T,IBM,I,3,302.96
2025-11-14,9:40:02.112409197,T,IBM,I,3,302.91
2025-11-14,9:40:02.127207410,T,IBM,F I,3,302.91
2025-11-14,9:40:02.127225514,T,IBM,I,3,302.9
2025-11-14,9:40:12.127909262,T,IBM,F,100,302.77
2025-11-14,9:40:12.127912192,T,IBM,F I,20,302.77
2025-11-14,9:40:12.127915264,T,IBM,F I,34,302.77
2025-11-14,9:40:12.127915264,T,IBM,F I,21,302.76
2025-11-14,9:40:12.127919009,T,IBM,F,141,302.76
2025-11-14,9:40:12.127921267,T,IBM,F I,13,302.76
2025-11-14,9:40:12.138554590,T,IBM,,40,302.63
2025-11-14,9:40:12.138822158,T,IBM,,40,302.63
2025-11-14,9:40:12.138888320,T,IBM,I,20,302.63
2025-11-14,9:40:12.145446958,T,IBM,F I,23,302.49
2025-11-14,9:40:12.145958235,T,IBM,F,40,302.43
2025-11-14,9:40:13.270283836,T,IBM,F I,2,302.51
2025-11-14,9:40:13.270283836,T,IBM,F I,7,302.45
2025-11-14,9:40:15.130076560,T,IBM,F I,2,302.57
2025-11-14,9:40:18.502776951,T,IBM,F I,1,302.68
2025-11-14,9:40:18.502803991,T,IBM,F I,21,302.68
2025-11-14,9:40:18.502813038,T,IBM,F I,1,302.74
2025-11-14,9:40:32.849512528,T,IBM,I,6,302.73
2025-11-14,9:40:38.095691505,T,IBM,F I,1,302.73
2025-11-14,9:40:38.095694017,T,IBM,F I,12,302.71
2025-11-14,9:40:38.096087952,T,IBM,F,57,302.71
2025-11-14,9:40:38.096135980,T,IBM,I,31,302.71
2025-11-14,9:40:38.096157088,T,IBM,F I,13,302.7
2025-11-14,9:40:38.096223202,T,IBM,F I,1,302.7
2025-11-14,9:40:38.096584088,T,IBM,I,9,302.7
2025-11-14,9:40:38.474752441,T,IBM,F I,5,302.72
2025-11-14,9:40:38.475029684,T,IBM,F I,20,302.79
2025-11-14,9:40:38.475032629,T,IBM,F,40,302.8
2025-11-14,9:40:38.475035157,T,IBM,F I,5,302.8
2025-11-14,9:40:38.475035157,T,IBM,F I,8,302.8
2025-11-14,9:40:38.475038076,T,IBM,F I,11,302.8
2025-11-14,9:40:38.475041088,T,IBM,F I,9,302.8
2025-11-14,9:40:38.476096586,T,IBM,I,11,302.89
2025-11-14,9:40:38.489704193,T,IBM,F I,10,302.89
2025-11-14,9:40:38.489704193,T,IBM,F I,26,302.89
2025-11-14,9:40:38.489725391,T,IBM,I,1,302.89
2025-11-14,9:40:38.489974820,T,IBM,I,27,302.89
2025-11-14,9:40:43.014429017,T,IBM,F,100,302.75
2025-11-14,9:40:47.406944395,T,IBM,F I,1,302.63
2025-11-14,9:40:47.406947429,T,IBM,F,40,302.61
2025-11-14,9:40:47.406947429,T,IBM,F I,35,302.61
2025-11-14,9:40:47.406950800,T,IBM,F I,25,302.61
2025-11-14,9:40:47.406953392,T,IBM,F,90,302.61
2025-11-14,9:40:47.406956394,T,IBM,F I,10,302.61
2025-11-14,9:40:47.406956394,T,IBM,F I,10,302.61
2025-11-14,9:40:47.406959404,T,IBM,F I,1,302.6
2025-11-14,9:40:47.406962363,T,IBM,F I,19,302.6
2025-11-14,9:40:47.406962363,T,IBM,F I,1,302.6
2025-11-14,9:40:47.406992444,T,IBM,F,40,302.6
2025-11-14,9:40:47.407067586,T,IBM,F,40,302.6
2025-11-14,9:40:47.407476567,T,IBM,F,40,302.57
2025-11-14,9:40:47.407488658,T,IBM,F,60,302.57
2025-11-14,9:40:47.407491659,T,IBM,F,40,302.56
2025-11-14,9:40:47.407981874,T,IBM,,75,302.55
2025-11-14,9:40:48.033194214,T,IBM,F,100,302.59
2025-11-14,9:40:49.074952343,T,IBM,F,75,302.52
2025-11-14,9:41:01.482587393,T,IBM,I,8,302.38
2025-11-14,9:41:04.402908779,T,IBM,,40,302.25
2025-11-14,9:41:06.053547368,T,IBM,F I,26,302.38
2025-11-14,9:41:06.097734607,T,IBM,F I,2,302.48
2025-11-14,9:41:06.098179686,T,IBM,F I,12,302.52
2025-11-14,9:41:06.098203717,T,IBM,F I,20,302.51
2025-11-14,9:41:06.098206705,T,IBM,F I,38,302.52
2025-11-14,9:41:06.098215796,T,IBM,F I,20,302.52
2025-11-14,9:41:06.099105848,T,IBM,,48,302.49
2025-11-14,9:41:06.099262263,T,IBM,,70,302.51
2025-11-14,9:41:06.099298374,T,IBM,F,40,302.51
2025-11-14,9:41:08.610976980,T,IBM,F I,34,302.53
2025-11-14,9:41:08.610979923,T,IBM,F I,2,302.53
2025-11-14,9:41:08.611139368,T,IBM,F I,20,302.48
2025-11-14,9:41:14.214685668,T,IBM,I,4,302.44
2025-11-14,9:41:17.607067850,T,IBM,I,31,302.44
2025-11-14,9:41:17.607819713,T,IBM,I,38,302.44
2025-11-14,9:41:20.641270426,T,IBM,F I,1,302.62
2025-11-14,9:41:20.647675688,T,IBM,I,7,302.59
2025-11-14,9:41:20.683445754,T,IBM,F I,1,302.74
2025-11-14,9:41:20.684011140,T,IBM,F I,6,302.79
2025-11-14,9:41:20.963180807,T,IBM,F,41,302.91
2025-11-14,9:41:20.964494946,T,IBM,F I,11,302.91
2025-11-14,9:41:21.232144039,T,IBM,F I,37,302.91
2025-11-14,9:41:22.835961374,T,IBM,F I,20,302.91
2025-11-14,9:41:22.835964275,T,IBM,F,64,302.92
2025-11-14,9:41:22.835967307,T,IBM,F,100,302.92
2025-11-14,9:41:22.835967307,T,IBM,F I,20,302.92
2025-11-14,9:41:22.836280096,T,IBM,I,25,302.95
2025-11-14,9:41:23.130368201,T,IBM,F I,20,303.05
2025-11-14,9:41:23.130371217,T,IBM,F,67,303.05
2025-11-14,9:41:23.130611854,T,IBM,I,19,303.06
2025-11-14,9:41:23.130611854,T,IBM,,40,303.06
2025-11-14,9:41:31.075048201,T,IBM,,40,303.13
2025-11-14,9:41:32.302766011,T,IBM,I,16,303.07
2025-11-14,9:41:32.435893006,T,IBM,F I,6,302.9
2025-11-14,9:41:32.435986171,T,IBM,F I,6,302.9
2025-11-14,9:41:32.436049302,T,IBM,I,6,302.9
2025-11-14,9:41:32.436118528,T,IBM,F I,6,302.9
2025-11-14,9:41:32.436674769,T,IBM,F I,4,302.89
2025-11-14,9:41:32.436767994,T,IBM,F,100,302.89
2025-11-14,9:41:32.437634136,T,IBM,F I,1,302.81
2025-11-14,9:41:32.437649140,T,IBM,F,40,302.81
2025-11-14,9:41:32.437670180,T,IBM,F,60,302.81
2025-11-14,9:41:32.437775423,T,IBM,F,40,302.78
2025-11-14,9:41:34.353017025,T,IBM,I,7,302.91
2025-11-14,9:41:35.302244880,T,IBM,I,5,302.97
2025-11-14,9:41:38.418753372,T,IBM,I,34,303.01
2025-11-14,9:41:38.418819616,T,IBM,I,3,303.06
2025-11-14,9:41:39.242125589,T,IBM,I,2,303.06
2025-11-14,9:41:42.100842373,T,IBM,I,9,303.06
2025-11-14,9:41:42.633975724,T,IBM,,40,303.06
2025-11-14,9:41:44.620249370,T,IBM,I,6,303.06
2025-11-14,9:41:46.485235383,T,IBM,I,3,303.02
2025-11-14,9:41:47.546882822,T,IBM,I,3,303.06
2025-11-14,9:41:47.546915914,T,IBM,I,1,303.06
2025-11-14,9:41:52.707688244,T,IBM,,40,302.955
2025-11-14,9:42:00.023974008,T,IBM,F I,5,302.96
2025-11-14,9:42:00.024310830,T,IBM,F I,25,302.91
2025-11-14,9:42:00.024431155,T,IBM,F,75,302.91
2025-11-14,9:42:02.885849091,T,IBM,F,45,302.86
2025-11-14,9:42:02.885849091,T,IBM,F I,5,302.81
2025-11-14,9:42:02.885851342,T,IBM,F I,9,302.81
2025-11-14,9:42:03.742954793,T,IBM,F,42,302.73
2025-11-14,9:42:03.743267511,T,IBM,F,42,302.73
2025-11-14,9:42:03.743490053,T,IBM,I,12,302.78
2025-11-14,9:42:03.743490053,T,IBM,I,10,302.78
2025-11-14,9:42:03.743541183,T,IBM,I,10,302.72
2025-11-14,9:42:03.743565239,T,IBM,I,30,302.72
2025-11-14,9:42:03.743898970,T,IBM,I,25,302.72
2025-11-14,9:42:03.753070917,T,IBM,I,5,302.75
2025-11-14,9:42:05.791434756,T,IBM,F,40,302.58
2025-11-14,9:42:05.791479772,T,IBM,I,4,302.7
2025-11-14,9:42:05.792171533,T,IBM,,40,302.58
2025-11-14,9:42:06.605857477,T,IBM,I,12,302.72
2025-11-14,9:42:06.650225099,T,IBM,I,3,302.72
2025-11-14,9:42:07.478832721,T,IBM,F I,20,302.72
2025-11-14,9:42:07.478832721,T,IBM,F I,5,302.72
2025-11-14,9:42:07.478835717,T,IBM,F,66,302.72
2025-11-14,9:42:07.478901869,T,IBM,I,9,302.73
2025-11-14,9:42:07.478925965,T,IBM,F I,31,302.73
2025-11-14,9:42:07.478932008,T,IBM,F I,15,302.73
2025-11-14,9:42:07.478932008,T,IBM,F I,36,302.73
2025-11-14,9:42:07.479175511,T,IBM,F I,16,302.66
2025-11-14,9:42:07.479614538,T,IBM,I,21,302.62
2025-11-14,9:42:07.516034262,T,IBM,F I,1,302.52
2025-11-14,9:42:08.968029074,T,IBM,F I,1,302.5
2025-11-14,9:42:08.968723659,T,IBM,F,82,302.5
2025-11-14,9:42:09.962075566,T,IBM,F I,5,302.47
2025-11-14,9:42:10.086144934,T,IBM,F I,18,302.4
2025-11-14,9:42:10.086147991,T,IBM,F,40,302.39
2025-11-14,9:42:10.086150944,T,IBM,F,40,302.39
2025-11-14,9:42:10.086150944,T,IBM,F I,10,302.39
2025-11-14,9:42:11.727981755,T,IBM,I,4,302.3
2025-11-14,9:42:16.732698110,T,IBM,I,3,302.3
2025-11-14,9:42:16.732736577,T,IBM,F,100,302.26
2025-11-14,9:42:19.796676900,T,IBM,F I,2,302.06
2025-11-14,9:42:19.796676900,T,IBM,F I,38,302.05
2025-11-14,9:42:19.796734071,T,IBM,,40,302.04
2025-11-14,9:42:19.796755103,T,IBM,F,40,302.03
2025-11-14,9:42:19.797335449,T,IBM,,80,302.16
2025-11-14,9:42:20.559157177,T,IBM,I,2,302.125
2025-11-14,9:42:21.427038358,T,IBM,F I,20,302.06
2025-11-14,9:42:22.652618109,T,IBM,F,40,302.2
2025-11-14,9:42:22.652648161,T,IBM,F,60,302.2
2025-11-14,9:42:22.653054183,T,IBM,F,40,302.23
2025-11-14,9:42:30.152821888,T,IBM,F I,2,302.6
2025-11-14,9:42:32.447642115,T,IBM,F I,25,302.57
2025-11-14,9:42:36.847894861,T,IBM,I,10,302.51
2025-11-14,9:42:38.974548727,T,IBM,F,80,302.19
2025-11-14,9:42:38.974564063,T,IBM,F I,20,302.19
2025-11-14,9:42:38.974564063,T,IBM,F,40,302.18
2025-11-14,9:42:38.974566745,T,IBM,F,40,302.18
2025-11-14,9:42:48.456689916,T,IBM,F,40,302.02
2025-11-14,9:42:48.456969546,T,IBM,F,40,302.01
2025-11-14,9:42:48.457264276,T,IBM,I,3,302.09
2025-11-14,9:42:48.469190811,T,IBM,I,2,302.0
2025-11-14,9:42:48.469194418,T,IBM,I,34,302.01
2025-11-14,9:42:48.469196698,T,IBM,I,4,302.03
2025-11-14,9:42:49.852210122,T,IBM,F,40,302.04
2025-11-14,9:42:49.854164847,T,IBM,,120,301.94
2025-11-14,9:42:49.856227793,T,IBM,,80,301.94
2025-11-14,9:42:49.887475174,T,IBM,,80,301.94
2025-11-14,9:42:50.017706132,T,IBM,F I,5,302.0
2025-11-14,9:42:55.485491206,T,IBM,F I,5,302.05
2025-11-14,9:42:56.507122385,T,IBM,F I,20,302.02
2025-11-14,9:42:56.799550564,T,IBM,F,45,301.98
2025-11-14,9:42:56.799553516,T,IBM,F,75,301.97
2025-11-14,9:42:57.262767343,T,IBM,F I,5,301.91
2025-11-14,9:42:57.262854488,T,IBM,I,9,302.09
2025-11-14,9:42:58.219555148,T,IBM,F I,8,302.08
2025-11-14,9:42:58.219555148,T,IBM,F I,8,302.08
2025-11-14,9:43:00.037307822,T,IBM,F,40,301.91
2025-11-14,9:43:00.037307822,T,IBM,F I,1,301.91
2025-11-14,9:43:00.037310620,T,IBM,F I,1,301.91
2025-11-14,9:43:00.037319711,T,IBM,F,69,301.91
2025-11-14,9:43:00.037334722,T,IBM,I,2,302.035
2025-11-14,9:43:02.530089732,T,IBM,F I,25,301.94
2025-11-14,9:43:04.245751763,T,IBM,F I,7,302.16
2025-11-14,9:43:04.245751763,T,IBM,F I,5,302.16
2025-11-14,9:43:04.245754559,T,IBM,F,40,302.16
2025-11-14,9:43:04.245877853,T,IBM,I,12,302.22
2025-11-14,9:43:04.245877853,T,IBM,I,11,302.22
2025-11-14,9:43:05.334046355,T,IBM,F I,14,302.13
2025-11-14,9:43:05.834526811,T,IBM,,40,302.18
2025-11-14,9:43:06.525238271,T,IBM,F I,1,302.11
2025-11-14,9:43:15.561173952,T,IBM,I,2,302.27
2025-11-14,9:43:15.561177224,T,IBM,I,5,302.3
2025-11-14,9:43:15.561179925,T,IBM,I,20,302.35
2025-11-14,9:43:15.561179925,T,IBM,I,13,302.36
2025-11-14,9:43:15.561450549,T,IBM,I,27,302.36
2025-11-14,9:43:15.561823500,T,IBM,I,17,302.3
2025-11-14,9:43:15.561991837,T,IBM,F I,1,302.3
2025-11-14,9:43:15.562079114,T,IBM,F I,9,302.33
2025-11-14,9:43:15.562082263,T,IBM,F I,18,302.33
2025-11-14,9:43:15.562232599,T,IBM,F,40,302.23
2025-11-14,9:43:15.563537548,T,IBM,I,11,302.26
2025-11-14,9:43:16.068581021,T,IBM,F I,14,302.1
2025-11-14,9:43:16.070520704,T,IBM,F,40,302.07
2025-11-14,9:43:16.070523690,T,IBM,F,40,302.04
2025-11-14,9:43:18.488643392,T,IBM,F I,6,301.84
2025-11-14,9:43:20.039886479,T,IBM,I,1,301.91
2025-11-14,9:43:20.726685493,T,IBM,F I,10,301.84
2025-11-14,9:43:21.432856717,T,IBM,F I,2,301.76
2025-11-14,9:43:21.432859715,T,IBM,F I,5,301.76
2025-11-14,9:43:21.432862648,T,IBM,F I,33,301.75
2025-11-14,9:43:21.473796088,T,IBM,F,40,301.75
2025-11-14,9:43:21.473799370,T,IBM,F,40,301.74
2025-11-14,9:43:21.473799370,T,IBM,F I,10,301.74
2025-11-14,9:43:21.473802175,T,IBM,F I,10,301.74
2025-11-14,9:43:23.595034244,T,IBM,I,5,301.88
2025-11-14,9:43:24.295404607,T,IBM,F I,10,301.85
2025-11-14,9:43:24.295407599,T,IBM,F,100,301.8
2025-11-14,9:43:24.295410737,T,IBM,F,100,301.8
2025-11-14,9:43:24.295410737,T,IBM,F I,30,301.76
2025-11-14,9:43:24.623726238,T,IBM,F,40,301.8
2025-11-14,9:43:25.199353652,T,IBM,F I,5,301.88
2025-11-14,9:43:27.536054751,T,IBM,F,40,301.74
2025-11-14,9:43:27.536075792,T,IBM,F I,3,301.73
2025-11-14,9:43:27.536117912,T,IBM,I,24,301.82
2025-11-14,9:43:27.536443386,T,IBM,I,5,301.91
2025-11-14,9:43:27.536443386,T,IBM,I,2,301.91
2025-11-14,9:43:27.536445716,T,IBM,I,20,301.91
2025-11-14,9:43:27.541527782,T,IBM,,80,301.82
2025-11-14,9:43:27.545121277,T,IBM,I,15,301.86
2025-11-14,9:43:27.608840006,T,IBM,I,5,301.93
2025-11-14,9:43:27.609279589,T,IBM,I,19,301.9
2025-11-14,9:43:27.609282066,T,IBM,I,30,301.9
2025-11-14,9:43:27.609396396,T,IBM,I,3,301.93
2025-11-14,9:43:32.400384206,T,IBM,I,10,301.905
2025-11-14,9:43:38.261953935,T,IBM,F I,1,301.85
2025-11-14,9:43:38.261959956,T,IBM,F,80,301.84
2025-11-14,9:43:38.261962922,T,IBM,F I,39,301.84
2025-11-14,9:43:38.261972023,T,IBM,F I,1,301.84
2025-11-14,9:43:38.262017119,T,IBM,,47,301.86
2025-11-14,9:43:38.262029063,T,IBM,I,9,301.86
2025-11-14,9:43:44.744742436,T,IBM,F I,15,301.71
2025-11-14,9:43:44.744983275,T,IBM,I,10,301.69
2025-11-14,9:43:44.745007025,T,IBM,I,5,301.69
2025-11-14,9:43:51.698999600,T,IBM,F I,20,301.67
2025-11-14,9:43:51.949342599,T,IBM,F,80,301.61
2025-11-14,9:43:51.950307822,T,IBM,F I,1,301.52
2025-11-14,9:43:51.950307822,T,IBM,F,40,301.52
2025-11-14,9:43:52.174726105,T,IBM,F I,1,301.47
2025-11-14,9:43:54.721287835,T,IBM,F I,18,301.32
2025-11-14,9:43:59.697158938,T,IBM,F,40,301.29
2025-11-14,9:43:59.697161758,T,IBM,F I,26,301.28
2025-11-14,9:43:59.697164792,T,IBM,F,40,301.28
2025-11-14,9:43:59.697167850,T,IBM,F I,12,301.28
2025-11-14,9:43:59.697179864,T,IBM,I,1,301.28
2025-11-14,9:43:59.697212867,T,IBM,F I,1,301.28
2025-11-14,9:44:02.338199235,T,IBM,F I,27,301.2
2025-11-14,9:44:02.338202234,T,IBM,F,91,301.19
2025-11-14,9:44:02.338382715,T,IBM,I,4,301.33
2025-11-14,9:44:02.338433854,T,IBM,F,40,301.18
2025-11-14,9:44:02.338436830,T,IBM,F I,12,301.18
2025-11-14,9:44:02.338563098,T,IBM,I,25,301.27
2025-11-14,9:44:02.338587142,T,IBM,F I,8,301.27
2025-11-14,9:44:03.599910082,T,IBM,F I,36,301.2
2025-11-14,9:44:08.342759284,T,IBM,F I,25,301.22
2025-11-14,9:44:08.342762722,T,IBM,F I,34,301.21
2025-11-14,9:44:08.342762722,T,IBM,F I,2,301.21
2025-11-14,9:44:08.342765291,T,IBM,F,59,301.19
2025-11-14,9:44:09.752079365,T,IBM,F,40,301.18
2025-11-14,9:44:09.752079365,T,IBM,F,80,301.18
2025-11-14,9:44:09.752097451,T,IBM,I,1,301.18
2025-11-14,9:44:13.152547902,T,IBM,F I,1,301.05
2025-11-14,9:44:14.676467873,T,IBM,F I,1,301.04
2025-11-14,9:44:14.676467873,T,IBM,F,110,301.04
2025-11-14,9:44:14.676470751,T,IBM,F I,6,301.02
2025-11-14,9:44:14.676485855,T,IBM,F,74,301.02
2025-11-14,9:44:14.676509933,T,IBM,F I,11,301.01
2025-11-14,9:44:15.493046786,T,IBM,I,8,300.905
2025-11-14,9:44:15.493049858,T,IBM,I,5,300.905
2025-11-14,9:44:15.649175527,T,IBM,,40,301.01
2025-11-14,9:44:16.062302081,T,IBM,,40,301.01
2025-11-14,9:44:16.557081937,T,IBM,I,2,301.07
2025-11-14,9:44:16.557084976,T,IBM,I,3,301.07
2025-11-14,9:44:18.643746522,T,IBM,I,5,301.09
2025-11-14,9:44:19.643067647,T,IBM,I,5,301.11
2025-11-14,9:44:19.648724091,T,IBM,I,2,301.25
2025-11-14,9:44:19.648724091,T,IBM,I,31,301.25
2025-11-14,9:44:19.649268440,T,IBM,F I,2,301.19
2025-11-14,9:44:21.031076049,T,IBM,I,4,301.43
2025-11-14,9:44:21.031093998,T,IBM,I,29,301.43
2025-11-14,9:44:22.171907908,T,IBM,F,40,301.33
2025-11-14,9:44:30.557107794,T,IBM,I,25,301.31
2025-11-14,9:44:30.557107794,T,IBM,I,5,301.31
2025-11-14,9:44:30.557109568,T,IBM,I,2,301.31
2025-11-14,9:44:30.562799106,T,IBM,I,6,301.395
2025-11-14,9:44:30.562865395,T,IBM,F I,1,301.43
2025-11-14,9:44:30.562868228,T,IBM,F I,4,301.43
2025-11-14,9:44:30.562874300,T,IBM,F I,1,301.48
2025-11-14,9:44:30.563006531,T,IBM,F I,1,301.49
2025-11-14,9:44:30.563024636,T,IBM,I,5,301.59
2025-11-14,9:44:30.563024636,T,IBM,I,15,301.59
2025-11-14,9:44:30.800845796,T,IBM,I,25,301.65
2025-11-14,9:44:34.292097334,T,IBM,I,11,301.66
2025-11-14,9:44:34.292163441,T,IBM,I,4,301.67
2025-11-14,9:44:34.293206951,T,IBM,I,18,301.67
2025-11-14,9:44:34.642632768,T,IBM,I,6,301.79
2025-11-14,9:44:42.136936481,T,IBM,F,40,301.68
2025-11-14,9:44:42.136957317,T,IBM,I,1,301.68
2025-11-14,9:44:42.187630951,T,IBM,I,3,301.56
2025-11-14,9:44:42.363775276,T,IBM,F I,25,301.46
2025-11-14,9:44:42.363778432,T,IBM,F I,5,301.46
2025-11-14,9:44:42.363778432,T,IBM,F I,5,301.45
2025-11-14,9:44:48.010459214,T,IBM,F,81,301.615
2025-11-14,9:44:49.193241000,T,IBM,I,10,301.76
2025-11-14,9:44:49.378461247,T,IBM,F I,2,301.67
2025-11-14,9:44:49.378461247,T,IBM,F I,5,301.67
2025-11-14,9:44:49.378463947,T,IBM,F I,34,301.63
2025-11-14,9:44:49.627057140,T,IBM,,40,301.62
2025-11-14,9:44:49.627057140,T,IBM,I,1,301.62
2025-11-14,9:44:50.139777390,T,IBM,I,2,301.555
2025-11-14,9:44:50.139777390,T,IBM,I,5,301.555
2025-11-14,9:44:50.439741531,T,IBM,F I,3,301.49
2025-11-14,9:44:52.953098005,T,IBM,F I,1,301.55
2025-11-14,9:44:53.106195510,T,IBM,F I,2,301.46
2025-11-14,9:44:53.106195510,T,IBM,F I,5,301.46
2025-11-14,9:44:53.106198592,T,IBM,F I,36,301.42
2025-11-14,9:44:58.052042966,T,IBM,I,1,301.42
2025-11-14,9:44:59.949969427,T,IBM,F I,2,301.51
2025-11-14,9:44:59.949969427,T,IBM,F I,5,301.52
2025-11-14,9:45:00.015558531,T,IBM,F I,5,301.49
2025-11-14,9:45:00.015558531,T,IBM,F I,2,301.48
2025-11-14,9:45:00.015561633,T,IBM,F I,13,301.42
2025-11-14,9:45:00.017874059,T,IBM,F I,34,301.55
2025-11-14,9:45:00.028612650,T,IBM,F I,5,301.61
2025-11-14,9:45:00.028615690,T,IBM,F I,2,301.61
2025-11-14,9:45:00.038379846,T,IBM,I,7,301.72
2025-11-14,9:45:00.038412919,T,IBM,,40,301.72
2025-11-14,9:45:00.038415931,T,IBM,F,53,301.72
2025-11-14,9:45:01.015562314,T,IBM,F I,5,301.64
2025-11-14,9:45:01.015565454,T,IBM,F I,2,301.63
2025-11-14,9:45:01.015565454,T,IBM,F I,2,301.61
2025-11-14,9:45:01.015571479,T,IBM,F I,5,301.61
2025-11-14,9:45:01.015571479,T,IBM,F I,26,301.58
2025-11-14,9:45:06.402373565,T,IBM,I,6,301.585
2025-11-14,9:45:06.404941768,T,IBM,F,100,301.68
2025-11-14,9:45:07.684975072,T,IBM,F I,1,301.83
2025-11-14,9:45:07.684981214,T,IBM,F I,6,301.83
2025-11-14,9:45:07.684981214,T,IBM,F,44,301.83
2025-11-14,9:45:07.685002211,T,IBM,F I,1,301.83
2025-11-14,9:45:07.685020183,T,IBM,F I,17,301.83
2025-11-14,9:45:07.685023896,T,IBM,F I,1,301.84
2025-11-14,9:45:07.685023896,T,IBM,F I,1,301.84
2025-11-14,9:45:07.685026646,T,IBM,F I,6,301.85
2025-11-14,9:45:07.685071888,T,IBM,I,19,301.76
2025-11-14,9:45:07.685074300,T,IBM,I,20,301.71
2025-11-14,9:45:07.685116381,T,IBM,I,1,301.71
2025-11-14,9:45:07.685140526,T,IBM,F I,20,301.85
2025-11-14,9:45:07.685251755,T,IBM,F I,1,301.85
2025-11-14,9:45:07.685375102,T,IBM,I,5,301.88
2025-11-14,9:45:07.689921881,T,IBM,I,22,301.88
2025-11-14,9:45:07.689921881,T,IBM,I,6,301.88
2025-11-14,9:45:07.690174512,T,IBM,F I,10,301.93
2025-11-14,9:45:07.690189465,T,IBM,F I,4,301.99
2025-11-14,9:45:07.690192539,T,IBM,F,40,301.99
2025-11-14,9:45:07.695001641,T,IBM,F I,2,301.94
2025-11-14,9:45:07.695003946,T,IBM,F,100,301.94
2025-11-14,9:45:11.751159391,T,IBM,F I,2,301.91
2025-11-14,9:45:11.752693044,T,IBM,,40,301.94
2025-11-14,9:45:11.756692553,T,IBM,F I,21,301.84
2025-11-14,9:45:13.218875611,T,IBM,,40,301.885
2025-11-14,9:45:16.987736072,T,IBM,F I,2,301.91
2025-11-14,9:45:16.987739566,T,IBM,F I,2,301.9
2025-11-14,9:45:16.987739566,T,IBM,F I,5,301.85
2025-11-14,9:45:16.987742073,T,IBM,F I,31,301.82
2025-11-14,9:45:21.065149087,T,IBM,I,6,301.93
2025-11-14,9:45:21.074116463,T,IBM,I,9,302.06
2025-11-14,9:45:21.074119433,T,IBM,I,13,302.04
2025-11-14,9:45:21.074170982,T,IBM,I,18,302.02
2025-11-14,9:45:21.074173640,T,IBM,,42,302.17
2025-11-14,9:45:21.074194778,T,IBM,I,1,302.15
2025-11-14,9:45:22.426105109,T,IBM,F I,5,302.15
2025-11-14,9:45:22.426105109,T,IBM,F I,2,302.14
2025-11-14,9:45:27.020990559,T,IBM,F,40,302.07
2025-11-14,9:45:27.020990559,T,IBM,F,80,302.06
2025-11-14,9:45:27.020993705,T,IBM,F,40,302.06
2025-11-14,9:45:27.020996212,T,IBM,F I,5,302.06
2025-11-14,9:45:27.020999061,T,IBM,F I,11,302.06
2025-11-14,9:45:27.020999061,T,IBM,F I,29,302.06
2025-11-14,9:45:27.246253366,T,IBM,I,39,302.11
2025-11-14,9:45:27.370701650,T,IBM,I,4,302.36
2025-11-14,9:45:27.370773715,T,IBM,,40,302.36
2025-11-14,9:45:29.085849908,T,IBM,I,4,302.47
2025-11-14,9:45:29.136902379,T,IBM,I,8,302.53
2025-11-14,9:45:35.775251597,T,IBM,I,34,302.455
2025-11-14,9:45:36.509681095,T,IBM,I,2,302.42
2025-11-14,9:45:36.509681095,T,IBM,I,3,302.38
2025-11-14,9:45:42.999515285,T,IBM,F,100,302.4
2025-11-14,9:45:42.999530314,T,IBM,F,40,302.39
2025-11-14,9:45:44.656505070,T,IBM,I,5,302.57
2025-11-14,9:45:44.675919313,T,IBM,I,3,302.525
2025-11-14,9:45:45.673751758,T,IBM,I,11,302.56
2025-11-14,9:45:45.673808865,T,IBM,I,12,302.61
2025-11-14,9:45:45.674175761,T,IBM,F I,5,302.66
2025-11-14,9:45:45.674617782,T,IBM,I,20,302.73
2025-11-14,9:45:45.674620887,T,IBM,I,4,302.74
2025-11-14,9:45:45.674620887,T,IBM,I,20,302.74
2025-11-14,9:45:45.674635857,T,IBM,I,1,302.74
2025-11-14,9:45:45.674639273,T,IBM,F I,19,302.74
2025-11-14,9:45:45.674641810,T,IBM,F I,1,302.74
2025-11-14,9:45:45.674656913,T,IBM,F I,4,302.74
2025-11-14,9:45:45.674900502,T,IBM,I,39,302.7
2025-11-14,9:45:48.032648597,T,IBM,F I,5,302.69
2025-11-14,9:45:48.033304026,T,IBM,,40,302.62
2025-11-14,9:45:48.033349090,T,IBM,F,40,302.62
2025-11-14,9:45:52.337456781,T,IBM,F I,5,302.72
2025-11-14,9:45:52.506125450,T,IBM,F I,8,302.79
2025-11-14,9:45:52.506128323,T,IBM,F I,6,302.83
2025-11-14,9:45:52.506170504,T,IBM,F I,2,302.79
2025-11-14,9:45:52.506218616,T,IBM,F,75,302.79
2025-11-14,9:45:52.516749650,T,IBM,F I,5,302.72
2025-11-14,9:45:52.520277067,T,IBM,F I,5,302.81
2025-11-14,9:45:52.520277067,T,IBM,F I,27,302.84
2025-11-14,9:45:52.520280104,T,IBM,F I,5,302.84
2025-11-14,9:45:53.195065471,T,IBM,F I,2,302.72
2025-11-14,9:45:53.610949656,T,IBM,F,53,302.65
2025-11-14,9:45:53.610955751,T,IBM,F,47,302.65
2025-11-14,9:45:53.610955751,T,IBM,F I,6,302.64
2025-11-14,9:45:53.610967681,T,IBM,F I,34,302.64
2025-11-14,9:45:53.610970594,T,IBM,F I,13,302.64
2025-11-14,9:45:56.148092625,T,IBM,F,40,302.72
2025-11-14,9:45:56.148549761,T,IBM,I,4,302.75
2025-11-14,9:45:56.805024610,T,IBM,F I,5,302.66
2025-11-14,9:45:57.494806774,T,IBM,F I,7,302.54
2025-11-14,9:45:57.494963183,T,IBM,,40,302.53
2025-11-14,9:45:57.495582656,T,IBM,I,15,302.63
2025-11-14,9:45:57.495693832,T,IBM,F I,15,302.67
2025-11-14,9:45:57.495776391,T,IBM,F I,32,302.67
2025-11-14,9:45:57.495781072,T,IBM,,70,302.67
2025-11-14,9:45:57.496340443,T,IBM,F I,2,302.67
2025-11-14,9:45:57.505416060,T,IBM,,40,302.65
2025-11-14,9:45:57.505440030,T,IBM,F,40,302.65
2025-11-14,9:45:57.567342462,T,IBM,I,5,302.67
2025-11-14,9:45:57.577353343,T,IBM,I,13,302.645
2025-11-14,9:45:58.132546984,T,IBM,F I,3,302.78
2025-11-14,9:45:58.506634936,T,IBM,F I,5,302.84
2025-11-14,9:45:58.506634936,T,IBM,F I,2,302.83
2025-11-14,9:45:58.506637655,T,IBM,F I,37,302.82
2025-11-14,9:45:58.839241451,T,IBM,F I,23,302.76
2025-11-14,9:46:07.265983842,T,IBM,I,5,302.95
2025-11-14,9:46:07.266287595,T,IBM,F I,5,302.96
2025-11-14,9:46:07.729868183,T,IBM,F I,2,302.84
2025-11-14,9:46:07.729871217,T,IBM,F I,5,302.84
2025-11-14,9:46:08.914839255,T,IBM,F I,34,302.78
2025-11-14,9:46:16.222708002,T,IBM,F,47,302.69
2025-11-14,9:46:16.222723360,T,IBM,F I,33,302.69
2025-11-14,9:46:16.222726335,T,IBM,F,40,302.68
2025-11-14,9:46:16.222726335,T,IBM,F I,3,302.68
2025-11-14,9:46:16.222729055,T,IBM,F I,3,302.68
2025-11-14,9:46:16.222732090,T,IBM,F I,1,302.68
2025-11-14,9:46:16.222765137,T,IBM,F,80,302.66
2025-11-14,9:46:16.223210125,T,IBM,F,40,302.66
2025-11-14,9:46:16.223243299,T,IBM,I,34,302.71
2025-11-14,9:46:16.223243299,T,IBM,I,2,302.72
2025-11-14,9:46:16.223420636,T,IBM,F I,36,302.78
2025-11-14,9:46:16.223565079,T,IBM,F I,15,302.72
2025-11-14,9:46:16.223568529,T,IBM,F I,2,302.72
2025-11-14,9:46:16.223571600,T,IBM,F I,2,302.69
2025-11-14,9:46:16.223571600,T,IBM,F I,5,302.69
2025-11-14,9:46:16.223574039,T,IBM,F I,16,302.66
2025-11-14,9:46:17.353108127,T,IBM,F I,5,302.75
2025-11-14,9:46:19.436759676,T,IBM,F I,5,302.75
2025-11-14,9:46:20.933942946,T,IBM,F I,2,302.8
2025-11-14,9:46:20.933958003,T,IBM,F I,5,302.81
2025-11-14,9:46:20.933997149,T,IBM,F I,5,302.83
2025-11-14,9:46:21.551733766,T,IBM,F I,2,302.87
2025-11-14,9:46:21.551755468,T,IBM,F I,1,302.89
2025-11-14,9:46:21.551757962,T,IBM,F I,4,302.89
2025-11-14,9:46:21.551760795,T,IBM,F I,5,302.89
2025-11-14,9:46:22.070393440,T,IBM,,40,302.805
2025-11-14,9:46:23.559027422,T,IBM,F,40,302.86
2025-11-14,9:46:29.874584967,T,IBM,F I,2,302.89
2025-11-14,9:46:29.874587683,T,IBM,F I,5,302.9
2025-11-14,9:46:29.925330484,T,IBM,F I,5,302.96
2025-11-14,9:46:29.925330484,T,IBM,F I,2,302.96
2025-11-14,9:46:29.925354591,T,IBM,F I,5,302.97
2025-11-14,9:46:29.925390683,T,IBM,F I,35,302.97
2025-11-14,9:46:29.925390683,T,IBM,F I,5,302.98
2025-11-14,9:46:31.266319079,T,IBM,I,5,302.9
2025-11-14,9:46:32.891787704,T,IBM,F,100,302.91
2025-11-14,9:46:39.442847470,T,IBM,F I,13,302.79
2025-11-14,9:46:39.443193339,T,IBM,F I,13,302.79
2025-11-14,9:46:39.443196357,T,IBM,F I,14,302.79
2025-11-14,9:46:39.443199335,T,IBM,F I,29,302.79
2025-11-14,9:46:39.444525498,T,IBM,F I,8,302.78
2025-11-14,9:46:39.444549557,T,IBM,I,5,302.78
2025-11-14,9:46:39.444549557,T,IBM,I,7,302.78
2025-11-14,9:46:39.447767231,T,IBM,F I,22,302.87
2025-11-14,9:46:39.447830362,T,IBM,I,3,302.95
2025-11-14,9:46:39.448116065,T,IBM,F I,5,302.96
2025-11-14,9:46:39.448717518,T,IBM,I,3,302.93
2025-11-14,9:46:39.448943067,T,IBM,I,27,302.93
2025-11-14,9:46:39.453402680,T,IBM,I,4,302.92
2025-11-14,9:46:46.734615863,T,IBM,F,120,302.79
2025-11-14,9:46:46.734649012,T,IBM,I,13,302.78
2025-11-14,9:46:46.734658032,T,IBM,F I,2,302.78
2025-11-14,9:46:46.892624117,T,IBM,F I,6,302.61
2025-11-14,9:46:47.918841155,T,IBM,I,7,302.53
2025-11-14,9:46:50.869712336,T,IBM,F I,19,302.47
2025-11-14,9:46:50.869712336,T,IBM,F I,23,302.41
2025-11-14,9:46:50.870010112,T,IBM,,40,302.38
2025-11-14,9:46:50.870012986,T,IBM,I,2,302.38
2025-11-14,9:46:55.453227181,T,IBM,F,100,302.39
2025-11-14,9:46:55.453353454,T,IBM,I,39,302.46
2025-11-14,9:46:55.453567039,T,IBM,I,39,302.39
2025-11-14,9:46:55.453984992,T,IBM,I,7,302.46
2025-11-14,9:46:55.454090320,T,IBM,F I,7,302.46
2025-11-14,9:46:55.454093419,T,IBM,,73,302.46
2025-11-14,9:46:55.454093419,T,IBM,I,3,302.46
2025-11-14,9:46:55.455515574,T,IBM,F I,5,302.51
2025-11-14,9:46:55.455539678,T,IBM,F,40,302.51
2025-11-14,9:46:55.455539678,T,IBM,F I,5,302.52
2025-11-14,9:46:55.455771190,T,IBM,,45,302.62
2025-11-14,9:46:55.455771190,T,IBM,I,35,302.63
2025-11-14,9:46:55.455825352,T,IBM,I,5,302.63
2025-11-14,9:46:55.455825352,T,IBM,,40,302.63
2025-11-14,9:47:02.513203805,T,IBM,F,46,302.84
2025-11-14,9:47:03.756005421,T,IBM,F,48,302.85
2025-11-14,9:47:03.759508877,T,IBM,,40,302.96
2025-11-14,9:47:12.917384816,T,IBM,F,40,302.79
2025-11-14,9:47:23.343723264,T,IBM,F,41,302.79
2025-11-14,9:47:23.343723264,T,IBM,F,45,302.8
2025-11-14,9:47:23.343725821,T,IBM,F,41,302.8
2025-11-14,9:47:23.343761924,T,IBM,F I,15,302.83
2025-11-14,9:47:23.346381133,T,IBM,I,5,302.95
2025-11-14,9:47:23.346381133,T,IBM,,69,302.95
2025-11-14,9:47:23.374621348,T,IBM,F I,20,303.11
2025-11-14,9:47:23.374621348,T,IBM,F,40,303.12
2025-11-14,9:47:23.374624367,T,IBM,F I,3,303.12
2025-11-14,9:47:23.374624367,T,IBM,F I,20,303.12
2025-11-14,9:47:23.374627356,T,IBM,F I,20,303.12
2025-11-14,9:47:23.374639518,T,IBM,I,1,303.12
2025-11-14,9:47:23.374648351,T,IBM,F I,23,303.12
2025-11-14,9:47:23.374738562,T,IBM,I,20,303.04
2025-11-14,9:47:23.374750612,T,IBM,F I,1,303.12
2025-11-14,9:47:23.390457254,T,IBM,,54,303.11
2025-11-14,9:47:23.421638267,T,IBM,I,14,303.12
2025-11-14,9:47:23.421638267,T,IBM,,40,303.12
2025-11-14,9:47:23.421660041,T,IBM,F I,24,303.12
2025-11-14,9:47:23.422429110,T,IBM,F I,20,303.19
2025-11-14,9:47:23.422429110,T,IBM,F I,9,303.2
2025-11-14,9:47:23.422432175,T,IBM,F,100,303.2
2025-11-14,9:47:23.422805000,T,IBM,F I,20,303.2
2025-11-14,9:47:23.423737319,T,IBM,F I,4,303.25
2025-11-14,9:47:23.431883607,T,IBM,I,13,303.19
2025-11-14,9:47:23.436322373,T,IBM,F I,19,303.23
2025-11-14,9:47:23.449472480,T,IBM,F I,5,303.11
2025-11-14,9:47:23.500799105,T,IBM,I,16,303.24
2025-11-14,9:47:23.500801718,T,IBM,I,3,303.24
