DATE,TIME_M,EX,SYM_ROOT,TR_SCOND,SIZE,PRICE
2025-10-07,9:30:01.245847095,T,IBM,F I,49,295.61
2025-10-07,9:30:01.245898199,T,IBM,Q,49,295.61
2025-10-07,9:30:02.320476404,T,IBM,I,1,295.345
2025-10-07,9:30:02.654331282,T,IBM,F I,5,295.0
2025-10-07,9:30:02.654334189,T,IBM,F I,4,295.0
2025-10-07,9:30:02.654334189,T,IBM,F I,1,295.0
2025-10-07,9:30:02.654337474,T,IBM,F I,50,295.0
2025-10-07,9:30:02.654337474,T,IBM,F I,2,295.0
2025-10-07,9:30:02.654337474,T,IBM,F I,20,295.0
2025-10-07,9:30:02.654337474,T,IBM,F I,9,295.0
2025-10-07,9:30:02.654340325,T,IBM,F,300,295.0
2025-10-07,9:30:02.654343317,T,IBM,F,100,295.0
2025-10-07,9:30:03.316083638,T,IBM,I,10,295.13
2025-10-07,9:30:05.661751840,T,IBM,I,5,295.02
2025-10-07,9:30:05.661751840,T,IBM,I,5,295.0
2025-10-07,9:30:05.661754788,T,IBM,I,5,294.94
2025-10-07,9:30:07.115848500,T,IBM,I,16,295.29
2025-10-07,9:30:07.533802093,T,IBM,I,7,295.185
2025-10-07,9:30:07.533802093,T,IBM,I,7,295.185
2025-10-07,9:30:07.533804482,T,IBM,I,6,295.185
2025-10-07,9:30:08.393455017,T,IBM,I,1,295.185
2025-10-07,9:30:08.489747182,T,IBM,I,1,295.185
2025-10-07,9:30:08.600467832,T,IBM,I,4,294.96
2025-10-07,9:30:09.068372677,T,IBM,I,4,295.42
2025-10-07,9:30:10.093750782,T,IBM,F,205,295.26
2025-10-07,9:30:10.093756773,T,IBM,F,100,295.26
2025-10-07,9:30:10.093780858,T,IBM,F,116,295.26
2025-10-07,9:30:13.592324727,T,IBM,I,3,295.06
2025-10-07,9:30:20.682108024,T,IBM,I,66,295.2
2025-10-07,9:30:20.682177126,T,IBM,F I,59,295.2
2025-10-07,9:30:24.019859066,T,IBM,F,150,295.255
2025-10-07,9:30:24.019907173,T,IBM,F I,50,295.255
2025-10-07,9:30:24.926039332,T,IBM,F I,1,295.19
2025-10-07,9:30:24.926252812,T,IBM,I,1,295.15
2025-10-07,9:30:24.926770373,T,IBM,F I,9,295.05
2025-10-07,9:30:24.926770373,T,IBM,F I,1,295.05
2025-10-07,9:30:24.926773036,T,IBM,F I,50,295.05
2025-10-07,9:30:24.926800060,T,IBM,F I,50,295.05
2025-10-07,9:30:24.926947405,T,IBM,F I,12,295.0
2025-10-07,9:30:26.163452661,T,IBM,F I,5,294.95
2025-10-07,9:30:26.163455830,T,IBM,F I,5,294.99
2025-10-07,9:30:26.163458127,T,IBM,F I,5,295.04
2025-10-07,9:30:26.163461157,T,IBM,F I,2,295.06
2025-10-07,9:30:31.323857198,T,IBM,I,5,294.67
2025-10-07,9:30:31.323911313,T,IBM,I,95,294.595
2025-10-07,9:30:31.324037674,T,IBM,I,3,294.79
2025-10-07,9:30:32.387444242,T,IBM,I,5,294.79
2025-10-07,9:30:32.387447308,T,IBM,I,95,294.82
2025-10-07,9:30:32.387778026,T,IBM,I,5,294.82
2025-10-07,9:30:38.734636663,T,IBM,F I,2,294.77
2025-10-07,9:30:38.734694014,T,IBM,F I,1,294.77
2025-10-07,9:30:38.734699883,T,IBM,F I,74,294.77
2025-10-07,9:30:38.734762971,T,IBM,F I,25,294.77
2025-10-07,9:30:38.734976521,T,IBM,F I,1,294.82
2025-10-07,9:30:38.735295298,T,IBM,,100,294.82
2025-10-07,9:30:38.735971935,T,IBM,F I,74,294.83
2025-10-07,9:30:38.748295227,T,IBM,,100,294.91
2025-10-07,9:30:38.748298246,T,IBM,I,21,294.93
2025-10-07,9:30:38.748460601,T,IBM,F I,79,294.93
2025-10-07,9:30:38.748460601,T,IBM,F I,1,294.94
2025-10-07,9:30:38.748463675,T,IBM,F I,4,294.94
2025-10-07,9:30:38.748469671,T,IBM,F I,37,294.94
2025-10-07,9:30:38.748508931,T,IBM,F I,63,294.94
2025-10-07,9:30:38.748508931,T,IBM,F I,10,294.94
2025-10-07,9:30:38.748511820,T,IBM,F I,5,294.94
2025-10-07,9:30:38.748514863,T,IBM,F I,1,294.94
2025-10-07,9:30:38.748562880,T,IBM,I,5,294.83
2025-10-07,9:30:38.748770381,T,IBM,,100,294.935
2025-10-07,9:30:38.748770381,T,IBM,I,5,294.935
2025-10-07,9:30:38.748962880,T,IBM,I,5,294.83
2025-10-07,9:30:42.858278604,T,IBM,I,1,294.95
2025-10-07,9:30:42.858299688,T,IBM,F,100,294.95
2025-10-07,9:30:42.858302721,T,IBM,F I,74,294.99
2025-10-07,9:30:42.858321426,T,IBM,I,1,294.99
2025-10-07,9:30:42.858348206,T,IBM,F I,25,294.99
2025-10-07,9:30:42.858348206,T,IBM,F I,74,294.99
2025-10-07,9:30:42.858374828,T,IBM,F,100,295.04
2025-10-07,9:30:42.858495151,T,IBM,F,100,294.98
2025-10-07,9:30:42.858657531,T,IBM,F,100,295.03
2025-10-07,9:30:47.389456864,T,IBM,I,3,294.92
2025-10-07,9:30:47.507114889,T,IBM,I,1,295.18
2025-10-07,9:30:47.507160037,T,IBM,F I,74,295.2
2025-10-07,9:30:54.578401079,T,IBM,F I,54,295.48
2025-10-07,9:30:54.578407352,T,IBM,F I,46,295.48
2025-10-07,9:30:54.578407352,T,IBM,F I,8,295.56
2025-10-07,9:30:54.579146880,T,IBM,I,34,295.56
2025-10-07,9:30:54.579261195,T,IBM,,100,295.545
2025-10-07,9:30:54.580211435,T,IBM,I,47,295.67
2025-10-07,9:30:54.584680070,T,IBM,I,47,295.585
2025-10-07,9:30:54.588598416,T,IBM,I,5,295.54
2025-10-07,9:30:54.588688763,T,IBM,I,48,295.53
2025-10-07,9:30:54.835234149,T,IBM,F,100,295.68
2025-10-07,9:30:54.835236696,T,IBM,F,100,295.8
2025-10-07,9:30:54.835239617,T,IBM,F,100,295.8
2025-10-07,9:30:54.835242571,T,IBM,F I,74,295.8
2025-10-07,9:30:54.835242571,T,IBM,F I,13,295.8
2025-10-07,9:30:54.835245866,T,IBM,F I,87,295.8
2025-10-07,9:30:54.835245866,T,IBM,F,274,295.8
2025-10-07,9:30:54.835257562,T,IBM,I,58,295.8
2025-10-07,9:30:54.835507200,T,IBM,F I,10,295.79
2025-10-07,9:30:54.835510263,T,IBM,F I,42,295.8
2025-10-07,9:30:54.835510263,T,IBM,F I,90,295.8
2025-10-07,9:30:54.835534450,T,IBM,I,10,295.8
2025-10-07,9:30:54.835534450,T,IBM,I,48,295.8
2025-10-07,9:30:54.835537305,T,IBM,F I,21,295.8
2025-10-07,9:30:54.835558345,T,IBM,F I,31,295.8
2025-10-07,9:30:54.835558345,T,IBM,F I,3,295.8
2025-10-07,9:30:54.835579355,T,IBM,F I,69,295.8
2025-10-07,9:30:54.835597435,T,IBM,F I,28,295.8
2025-10-07,9:30:54.835597435,T,IBM,F I,62,295.8
2025-10-07,9:30:54.835615449,T,IBM,F I,17,295.8
2025-10-07,9:30:54.835937226,T,IBM,I,9,295.69
2025-10-07,9:30:54.835949300,T,IBM,I,9,295.69
2025-10-07,9:30:54.835976839,T,IBM,I,9,295.69
2025-10-07,9:30:54.835976839,T,IBM,I,9,295.69
2025-10-07,9:30:54.836204821,T,IBM,I,32,295.55
2025-10-07,9:30:54.836207887,T,IBM,I,68,295.54
2025-10-07,9:30:55.356350841,T,IBM,I,32,295.79
2025-10-07,9:30:55.356356197,T,IBM,,100,295.79
2025-10-07,9:30:55.356356197,T,IBM,I,5,295.79
2025-10-07,9:30:55.356359291,T,IBM,I,21,295.8
2025-10-07,9:30:55.356359291,T,IBM,I,64,295.8
2025-10-07,9:30:55.356377177,T,IBM,F I,36,295.8
2025-10-07,9:30:55.356383191,T,IBM,F,100,295.8
2025-10-07,9:30:55.356386166,T,IBM,F I,1,295.8
2025-10-07,9:30:55.356389371,T,IBM,F I,26,295.8
2025-10-07,9:30:55.356413293,T,IBM,I,17,295.78
2025-10-07,9:30:55.357503040,T,IBM,F I,25,296.0
2025-10-07,9:30:55.357503040,T,IBM,F,100,296.0
2025-10-07,9:30:55.357520589,T,IBM,I,34,295.92
2025-10-07,9:30:55.357526415,T,IBM,I,32,295.83
2025-10-07,9:30:55.357529070,T,IBM,I,9,295.82
2025-10-07,9:30:55.357529070,T,IBM,I,59,295.82
2025-10-07,9:30:55.357640206,T,IBM,F I,5,295.91
2025-10-07,9:30:55.357751494,T,IBM,I,84,296.0
2025-10-07,9:30:55.357928861,T,IBM,F,342,296.0
2025-10-07,9:30:55.357949946,T,IBM,F I,32,295.99
2025-10-07,9:30:55.357949946,T,IBM,F I,1,296.0
2025-10-07,9:30:55.357952890,T,IBM,F I,66,296.0
2025-10-07,9:30:55.357952890,T,IBM,F I,80,296.0
2025-10-07,9:30:56.823858799,T,IBM,F I,49,296.08
2025-10-07,9:30:56.824601619,T,IBM,F I,95,296.2
2025-10-07,9:30:56.824763823,T,IBM,I,19,296.09
2025-10-07,9:30:57.917018115,T,IBM,F I,50,296.48
2025-10-07,9:31:00.432602812,T,IBM,I,1,296.385
2025-10-07,9:31:01.023269021,T,IBM,,100,296.385
2025-10-07,9:31:02.512814027,T,IBM,I,10,296.43
2025-10-07,9:31:03.135500460,T,IBM,F I,1,296.51
2025-10-07,9:31:03.135918395,T,IBM,F I,1,296.59
2025-10-07,9:31:03.135936522,T,IBM,F,300,296.55
2025-10-07,9:31:03.135987547,T,IBM,F I,1,296.59
2025-10-07,9:31:03.135993646,T,IBM,F I,1,296.59
2025-10-07,9:31:03.136002793,T,IBM,I,34,296.46
2025-10-07,9:31:03.136005615,T,IBM,I,5,296.45
2025-10-07,9:31:03.136005615,T,IBM,I,6,296.44
2025-10-07,9:31:03.136008882,T,IBM,I,59,296.44
2025-10-07,9:31:03.136011616,T,IBM,F I,1,296.59
2025-10-07,9:31:03.136017877,T,IBM,I,34,296.52
2025-10-07,9:31:03.136017877,T,IBM,I,70,296.48
2025-10-07,9:31:03.136137977,T,IBM,I,4,296.41
2025-10-07,9:31:03.136162054,T,IBM,,100,296.41
2025-10-07,9:31:03.136186057,T,IBM,F I,15,296.41
2025-10-07,9:31:03.136189209,T,IBM,F I,15,296.41
2025-10-07,9:31:03.136192220,T,IBM,F,100,296.41
2025-10-07,9:31:03.136192220,T,IBM,I,15,296.41
2025-10-07,9:31:03.136213573,T,IBM,F,100,296.4
2025-10-07,9:31:03.136222114,T,IBM,F I,1,296.42
2025-10-07,9:31:03.136222114,T,IBM,F I,69,296.42
2025-10-07,9:31:03.136240164,T,IBM,F,131,296.41
2025-10-07,9:31:03.136273296,T,IBM,I,70,296.42
2025-10-07,9:31:03.136300358,T,IBM,I,1,296.41
2025-10-07,9:31:03.136303402,T,IBM,,100,296.41
2025-10-07,9:31:03.136357425,T,IBM,,100,296.43
2025-10-07,9:31:03.136363487,T,IBM,,100,296.43
2025-10-07,9:31:03.136706268,T,IBM,F,100,296.42
2025-10-07,9:31:03.136739373,T,IBM,F I,34,296.4
2025-10-07,9:31:03.136853678,T,IBM,F I,20,296.43
2025-10-07,9:31:03.136853678,T,IBM,F I,16,296.4
2025-10-07,9:31:05.515444207,T,IBM,F I,10,296.54
2025-10-07,9:31:05.516917743,T,IBM,F I,5,296.555
2025-10-07,9:31:05.516920696,T,IBM,F I,5,296.555
2025-10-07,9:31:05.517624489,T,IBM,F I,32,296.28
2025-10-07,9:31:05.517627857,T,IBM,F I,20,296.28
2025-10-07,9:31:05.517627857,T,IBM,F I,48,296.27
2025-10-07,9:31:05.517630506,T,IBM,F I,52,296.27
2025-10-07,9:31:05.517926015,T,IBM,F I,5,296.26
2025-10-07,9:31:05.518213804,T,IBM,F,148,296.24
2025-10-07,9:31:05.801635499,T,IBM,I,3,296.33
2025-10-07,9:31:06.430815025,T,IBM,F I,5,296.36
2025-10-07,9:31:06.430817424,T,IBM,F I,5,296.36
2025-10-07,9:31:07.615319203,T,IBM,I,1,296.6
2025-10-07,9:31:07.615319203,T,IBM,I,1,296.6
2025-10-07,9:31:07.717078461,T,IBM,F I,5,296.51
2025-10-07,9:31:07.717081549,T,IBM,F,145,296.46
2025-10-07,9:31:10.078696641,T,IBM,I,1,296.6
2025-10-07,9:31:12.063108966,T,IBM,F I,34,296.34
2025-10-07,9:31:12.064579530,T,IBM,F I,20,296.19
2025-10-07,9:31:12.064579530,T,IBM,F I,80,296.18
2025-10-07,9:31:12.064585441,T,IBM,F I,20,296.18
2025-10-07,9:31:12.065066649,T,IBM,F I,7,296.17
2025-10-07,9:31:12.065066649,T,IBM,F I,6,296.16
2025-10-07,9:31:12.065069649,T,IBM,F I,13,296.11
2025-10-07,9:31:12.113012843,T,IBM,F I,19,296.11
2025-10-07,9:31:12.113015777,T,IBM,F,100,296.11
2025-10-07,9:31:12.113018744,T,IBM,F I,81,296.11
2025-10-07,9:31:12.113018744,T,IBM,F,299,296.11
2025-10-07,9:31:15.187739521,T,IBM,,100,296.01
2025-10-07,9:31:15.192764523,T,IBM,I,85,296.02
2025-10-07,9:31:15.192794617,T,IBM,F,100,296.05
2025-10-07,9:31:17.164125646,T,IBM,I,10,296.005
2025-10-07,9:31:17.780157198,T,IBM,I,1,296.005
2025-10-07,9:31:26.770735689,T,IBM,F I,5,296.29
2025-10-07,9:31:28.024441205,T,IBM,I,32,296.48
2025-10-07,9:31:29.923350855,T,IBM,F,100,296.43
2025-10-07,9:31:31.036532056,T,IBM,I,1,296.3
2025-10-07,9:31:35.127390086,T,IBM,I,1,296.34
2025-10-07,9:31:41.494192211,T,IBM,F,150,296.23
2025-10-07,9:31:42.074490122,T,IBM,F I,13,296.235
2025-10-07,9:31:42.074490122,T,IBM,F,100,296.235
2025-10-07,9:31:42.074492615,T,IBM,F I,37,296.235
2025-10-07,9:31:42.074546799,T,IBM,F I,63,296.235
2025-10-07,9:31:46.750775422,T,IBM,F I,45,296.03
2025-10-07,9:31:46.750775422,T,IBM,F I,20,296.01
2025-10-07,9:31:46.750781289,T,IBM,F,100,296.01
2025-10-07,9:31:46.750781289,T,IBM,F I,3,296.0
2025-10-07,9:31:46.750784397,T,IBM,F I,31,296.0
2025-10-07,9:31:46.750793320,T,IBM,I,1,296.0
2025-10-07,9:31:46.750799396,T,IBM,F I,64,296.0
2025-10-07,9:31:46.750799396,T,IBM,F,100,296.0
2025-10-07,9:31:46.751617319,T,IBM,I,61,295.92
2025-10-07,9:31:46.751626724,T,IBM,F I,61,295.92
2025-10-07,9:31:46.751626724,T,IBM,I,39,295.92
2025-10-07,9:31:46.751644437,T,IBM,I,61,295.92
2025-10-07,9:31:46.751644437,T,IBM,F I,39,295.92
2025-10-07,9:31:46.757541455,T,IBM,,100,295.85
2025-10-07,9:31:46.969810761,T,IBM,I,5,295.86
2025-10-07,9:31:46.969813769,T,IBM,I,5,295.85
2025-10-07,9:31:46.969834801,T,IBM,F I,84,296.01
2025-10-07,9:31:46.969850168,T,IBM,I,45,295.85
2025-10-07,9:31:49.118299580,T,IBM,,100,295.71
2025-10-07,9:31:50.623668697,T,IBM,F I,20,295.6
2025-10-07,9:31:50.623668697,T,IBM,F I,80,295.59
2025-10-07,9:31:50.623689403,T,IBM,F I,20,295.59
2025-10-07,9:31:50.635817259,T,IBM,I,5,295.61
2025-10-07,9:31:50.635820316,T,IBM,I,5,295.64
2025-10-07,9:31:58.257930859,T,IBM,I,1,295.995
2025-10-07,9:31:58.878211465,T,IBM,F I,3,295.995
2025-10-07,9:31:58.878211465,T,IBM,F I,12,295.995
2025-10-07,9:31:59.625054426,T,IBM,I,20,295.995
2025-10-07,9:31:59.769178574,T,IBM,F,100,295.86
2025-10-07,9:31:59.769229679,T,IBM,F,100,295.85
2025-10-07,9:32:01.037896027,T,IBM,F,100,295.875
2025-10-07,9:32:01.323061881,T,IBM,F I,3,295.7
2025-10-07,9:32:01.323085950,T,IBM,F I,5,295.65
2025-10-07,9:32:03.595108845,T,IBM,I,5,295.63
2025-10-07,9:32:03.595108845,T,IBM,I,20,295.74
2025-10-07,9:32:04.534370953,T,IBM,F I,5,295.75
2025-10-07,9:32:04.534370953,T,IBM,F I,79,295.78
2025-10-07,9:32:06.257196256,T,IBM,F I,43,295.06
2025-10-07,9:32:06.267928842,T,IBM,F,100,294.94
2025-10-07,9:32:08.928104455,T,IBM,I,32,294.57
2025-10-07,9:32:08.928104455,T,IBM,I,3,294.56
2025-10-07,9:32:08.928106795,T,IBM,I,52,294.51
2025-10-07,9:32:08.928157871,T,IBM,F I,32,294.51
2025-10-07,9:32:08.928233104,T,IBM,F I,84,294.5
2025-10-07,9:32:09.406193919,T,IBM,F,100,294.27
2025-10-07,9:32:09.406242064,T,IBM,F I,14,294.25
2025-10-07,9:32:10.527861379,T,IBM,F,100,294.11
2025-10-07,9:32:10.527861379,T,IBM,F I,72,294.01
2025-10-07,9:32:10.528137862,T,IBM,F,438,294.0
2025-10-07,9:32:10.528140920,T,IBM,F I,84,294.0
2025-10-07,9:32:10.528288389,T,IBM,I,25,294.12
2025-10-07,9:32:10.531045822,T,IBM,I,35,294.1
2025-10-07,9:32:10.531093948,T,IBM,F,100,294.1
2025-10-07,9:32:10.531099960,T,IBM,F,100,294.1
2025-10-07,9:32:10.531099960,T,IBM,I,96,294.1
2025-10-07,9:32:10.531118052,T,IBM,F I,1,294.1
2025-10-07,9:32:10.804525944,T,IBM,F I,5,294.11
2025-10-07,9:32:10.831433948,T,IBM,F,100,294.13
2025-10-07,9:32:11.522957272,T,IBM,F,100,294.13
2025-10-07,9:32:11.523029374,T,IBM,F,100,294.16
2025-10-07,9:32:12.592540527,T,IBM,F,100,294.27
2025-10-07,9:32:20.013138318,T,IBM,F I,25,294.56
2025-10-07,9:32:20.013141328,T,IBM,F,100,294.56
2025-10-07,9:32:20.014034528,T,IBM,I,45,294.69
2025-10-07,9:32:20.338612197,T,IBM,F,100,294.9
2025-10-07,9:32:20.338681366,T,IBM,F,100,294.94
2025-10-07,9:32:21.757446845,T,IBM,F,100,295.19
2025-10-07,9:32:21.757873939,T,IBM,,100,295.3
2025-10-07,9:32:21.757897965,T,IBM,F I,18,295.31
2025-10-07,9:32:21.757903989,T,IBM,F I,82,295.31
2025-10-07,9:32:21.757991241,T,IBM,,100,295.3
2025-10-07,9:32:21.793956968,T,IBM,F I,1,295.61
2025-10-07,9:32:21.793956968,T,IBM,F I,1,295.61
2025-10-07,9:32:22.564117276,T,IBM,F I,5,295.69
2025-10-07,9:32:24.765050956,T,IBM,F I,5,295.59
2025-10-07,9:32:25.270296045,T,IBM,I,5,295.5
2025-10-07,9:32:25.270298669,T,IBM,I,9,295.48
2025-10-07,9:32:25.270322961,T,IBM,F I,5,295.48
2025-10-07,9:32:25.270349833,T,IBM,F I,2,295.47
2025-10-07,9:32:25.270373936,T,IBM,F I,5,295.47
2025-10-07,9:32:25.270419108,T,IBM,F I,14,295.46
2025-10-07,9:32:25.271450443,T,IBM,I,1,295.45
2025-10-07,9:32:25.637205234,T,IBM,,100,295.32
2025-10-07,9:32:26.544801896,T,IBM,F I,2,295.59
2025-10-07,9:32:26.544801896,T,IBM,F I,14,295.89
2025-10-07,9:32:26.544806089,T,IBM,F I,1,295.89
2025-10-07,9:32:26.544806089,T,IBM,F I,59,295.89
2025-10-07,9:32:31.716438588,T,IBM,I,2,295.64
2025-10-07,9:32:32.315897713,T,IBM,F I,5,295.68
2025-10-07,9:32:34.575654510,T,IBM,F I,1,295.89
2025-10-07,9:32:34.575666437,T,IBM,F I,14,295.89
2025-10-07,9:32:34.575670315,T,IBM,F I,1,295.89
2025-10-07,9:32:34.575690458,T,IBM,F I,1,295.93
2025-10-07,9:32:34.575696507,T,IBM,F,100,295.93
2025-10-07,9:32:34.575793504,T,IBM,F I,14,296.0
2025-10-07,9:32:34.575958110,T,IBM,F I,1,296.0
2025-10-07,9:32:34.578481148,T,IBM,F I,99,296.0
2025-10-07,9:32:34.581635627,T,IBM,I,45,295.99
2025-10-07,9:32:35.103955090,T,IBM,I,5,296.16
2025-10-07,9:32:35.103955090,T,IBM,I,45,296.19
2025-10-07,9:32:35.290179418,T,IBM,F I,1,296.19
2025-10-07,9:32:35.290242609,T,IBM,F I,1,296.19
2025-10-07,9:32:35.290257646,T,IBM,F I,1,296.19
2025-10-07,9:32:35.290407990,T,IBM,I,33,296.15
2025-10-07,9:32:35.290419995,T,IBM,F I,1,296.19
2025-10-07,9:32:35.290435040,T,IBM,I,1,296.18
2025-10-07,9:32:35.290502215,T,IBM,F I,1,296.18
2025-10-07,9:32:35.290502215,T,IBM,F I,12,296.19
2025-10-07,9:32:35.290504218,T,IBM,F I,1,296.19
2025-10-07,9:32:35.290546260,T,IBM,F I,1,296.19
2025-10-07,9:32:35.290685484,T,IBM,F I,1,296.2
2025-10-07,9:32:35.290687607,T,IBM,F I,99,296.2
2025-10-07,9:32:35.290690643,T,IBM,F I,1,296.2
2025-10-07,9:32:35.293776001,T,IBM,F I,5,296.04
2025-10-07,9:32:35.300800685,T,IBM,F I,1,296.12
2025-10-07,9:32:35.354839295,T,IBM,F I,5,296.08
2025-10-07,9:32:35.354842302,T,IBM,F I,95,296.08
2025-10-07,9:32:35.961374350,T,IBM,F I,1,295.99
2025-10-07,9:32:37.213973270,T,IBM,,100,296.09
2025-10-07,9:32:37.214746085,T,IBM,I,50,296.18
2025-10-07,9:32:39.371363226,T,IBM,F I,12,296.3
2025-10-07,9:32:39.371411352,T,IBM,F,100,296.3
2025-10-07,9:32:39.371799272,T,IBM,F,100,296.42
2025-10-07,9:32:39.371802277,T,IBM,F I,10,296.42
2025-10-07,9:32:39.371802277,T,IBM,F I,1,296.42
2025-10-07,9:32:39.371817334,T,IBM,F I,10,296.42
2025-10-07,9:32:39.371826946,T,IBM,I,58,296.42
2025-10-07,9:32:39.371826946,T,IBM,I,1,296.42
2025-10-07,9:32:39.371853483,T,IBM,I,30,296.42
2025-10-07,9:32:39.371865461,T,IBM,I,15,296.41
2025-10-07,9:32:39.371883552,T,IBM,F I,1,296.42
2025-10-07,9:32:39.371889538,T,IBM,I,1,296.41
2025-10-07,9:32:39.371919645,T,IBM,I,39,296.41
2025-10-07,9:32:39.371940651,T,IBM,I,1,296.41
2025-10-07,9:32:39.372746517,T,IBM,F I,84,296.55
2025-10-07,9:32:39.372746517,T,IBM,F I,70,296.55
2025-10-07,9:32:40.319295026,T,IBM,I,32,296.62
2025-10-07,9:32:40.319295026,T,IBM,I,14,296.62
2025-10-07,9:32:41.448892226,T,IBM,I,13,296.83
2025-10-07,9:32:41.457179935,T,IBM,F,100,296.72
2025-10-07,9:32:41.470561865,T,IBM,F I,28,296.81
2025-10-07,9:32:41.470561865,T,IBM,F I,5,296.84
2025-10-07,9:32:41.470567829,T,IBM,F I,32,296.88
2025-10-07,9:32:41.470567829,T,IBM,F I,1,296.89
2025-10-07,9:32:41.470567829,T,IBM,F I,20,296.89
2025-10-07,9:32:41.473938765,T,IBM,F I,19,296.89
2025-10-07,9:32:41.473938765,T,IBM,F I,1,296.89
2025-10-07,9:32:41.474176700,T,IBM,F I,40,296.79
2025-10-07,9:32:41.474179527,T,IBM,F I,1,296.76
2025-10-07,9:32:41.474182408,T,IBM,F I,40,296.76
2025-10-07,9:32:41.474359751,T,IBM,F I,13,296.68
2025-10-07,9:32:41.474483436,T,IBM,I,34,296.72
2025-10-07,9:32:41.474486155,T,IBM,I,46,296.79
2025-10-07,9:32:41.475694998,T,IBM,F I,1,296.79
2025-10-07,9:32:41.475694998,T,IBM,F I,13,296.79
2025-10-07,9:32:41.482659595,T,IBM,F I,13,296.79
2025-10-07,9:32:42.953139257,T,IBM,F I,1,296.63
2025-10-07,9:32:42.953139257,T,IBM,F I,67,296.63
2025-10-07,9:32:42.957234952,T,IBM,,100,296.585
2025-10-07,9:32:43.048808981,T,IBM,,100,296.65
2025-10-07,9:32:43.060846669,T,IBM,,100,296.65
2025-10-07,9:32:45.245944652,T,IBM,I,13,296.66
2025-10-07,9:32:47.244225853,T,IBM,I,10,296.7
2025-10-07,9:32:47.390933229,T,IBM,I,2,296.71
2025-10-07,9:32:49.581627394,T,IBM,F I,34,296.64
2025-10-07,9:32:51.189985301,T,IBM,F,100,296.65
2025-10-07,9:32:51.192406109,T,IBM,F I,2,296.71
2025-10-07,9:32:51.192406109,T,IBM,F I,1,296.71
2025-10-07,9:32:51.847118706,T,IBM,F I,5,296.66
2025-10-07,9:32:51.847190903,T,IBM,F,100,296.6
2025-10-07,9:32:53.019874711,T,IBM,F I,6,296.44
2025-10-07,9:32:53.019898746,T,IBM,F I,6,296.44
2025-10-07,9:32:53.019919825,T,IBM,F I,88,296.44
2025-10-07,9:32:53.019922767,T,IBM,F I,6,296.43
2025-10-07,9:32:53.033557249,T,IBM,F I,1,296.57
2025-10-07,9:32:53.035987072,T,IBM,F I,5,296.64
2025-10-07,9:32:53.035987072,T,IBM,F I,76,296.66
2025-10-07,9:32:54.446819729,T,IBM,F,150,296.52
2025-10-07,9:32:56.693218614,T,IBM,I,5,296.63
2025-10-07,9:32:56.743777992,T,IBM,I,1,296.65
2025-10-07,9:32:56.963499045,T,IBM,I,50,296.68
2025-10-07,9:32:56.965441684,T,IBM,F I,1,296.68
2025-10-07,9:32:58.048843831,T,IBM,F I,1,296.94
2025-10-07,9:32:58.048843831,T,IBM,F I,1,296.94
2025-10-07,9:32:58.048849688,T,IBM,F I,87,296.94
2025-10-07,9:32:58.049231211,T,IBM,F I,1,296.95
2025-10-07,9:32:58.049233788,T,IBM,F I,1,296.95
2025-10-07,9:32:58.049314994,T,IBM,F I,84,296.99
2025-10-07,9:32:58.049314994,T,IBM,F I,1,296.99
2025-10-07,9:32:58.065484805,T,IBM,F I,5,296.92
2025-10-07,9:32:58.065484805,T,IBM,F I,5,296.9
2025-10-07,9:32:58.065487440,T,IBM,F I,5,296.88
2025-10-07,9:32:58.452911801,T,IBM,F,100,296.84
2025-10-07,9:32:59.135127934,T,IBM,,100,296.865
2025-10-07,9:32:59.733456334,T,IBM,I,5,296.865
2025-10-07,9:32:59.733552529,T,IBM,I,5,296.865
2025-10-07,9:33:00.749391868,T,IBM,F,150,296.89
2025-10-07,9:33:02.304901915,T,IBM,F,150,296.8
2025-10-07,9:33:02.634429456,T,IBM,,100,296.8
2025-10-07,9:33:03.121123014,T,IBM,,200,296.8
2025-10-07,9:33:03.918038203,T,IBM,,100,296.8
2025-10-07,9:33:04.358773376,T,IBM,I,34,296.76
2025-10-07,9:33:04.358776454,T,IBM,I,40,296.78
2025-10-07,9:33:04.672967392,T,IBM,F,100,296.8
2025-10-07,9:33:05.477622942,T,IBM,F,100,296.8
2025-10-07,9:33:05.760807123,T,IBM,F,100,296.8
2025-10-07,9:33:07.452607950,T,IBM,F I,5,296.92
2025-10-07,9:33:07.452640798,T,IBM,F,200,296.8
2025-10-07,9:33:09.164718637,T,IBM,F,100,296.8
2025-10-07,9:33:09.165449530,T,IBM,F,150,296.82
2025-10-07,9:33:09.165485415,T,IBM,F I,50,296.82
2025-10-07,9:33:09.505138379,T,IBM,F I,20,296.61
2025-10-07,9:33:09.505141145,T,IBM,F I,2,296.6
2025-10-07,9:33:09.505144058,T,IBM,F I,10,296.6
2025-10-07,9:33:09.505144058,T,IBM,F I,80,296.6
2025-10-07,9:33:09.505147090,T,IBM,I,20,296.6
2025-10-07,9:33:09.505174173,T,IBM,F,100,296.6
2025-10-07,9:33:09.505174173,T,IBM,F I,50,296.64
2025-10-07,9:33:09.505733500,T,IBM,F,150,296.64
2025-10-07,9:33:09.513269463,T,IBM,F I,1,296.68
2025-10-07,9:33:09.515185013,T,IBM,F I,1,296.72
2025-10-07,9:33:09.517584993,T,IBM,F I,5,296.75
2025-10-07,9:33:09.517584993,T,IBM,F I,1,296.76
2025-10-07,9:33:09.520152800,T,IBM,F I,92,296.82
2025-10-07,9:33:13.437302116,T,IBM,I,1,296.565
2025-10-07,9:33:13.627270447,T,IBM,I,40,296.565
2025-10-07,9:33:13.969737737,T,IBM,I,9,296.565
2025-10-07,9:33:14.378897759,T,IBM,,100,296.565
2025-10-07,9:33:14.874976676,T,IBM,,100,296.565
2025-10-07,9:33:14.875003735,T,IBM,F,150,296.565
2025-10-07,9:33:14.875048863,T,IBM,I,50,296.565
2025-10-07,9:33:15.184296085,T,IBM,I,12,296.57
2025-10-07,9:33:15.306290510,T,IBM,,200,296.515
2025-10-07,9:33:15.431749232,T,IBM,F I,5,296.66
2025-10-07,9:33:15.431752188,T,IBM,F I,10,296.7
2025-10-07,9:33:16.189063172,T,IBM,I,45,296.52
2025-10-07,9:33:16.189090497,T,IBM,F I,55,296.515
2025-10-07,9:33:16.189093304,T,IBM,F I,95,296.52
2025-10-07,9:33:16.189102397,T,IBM,,100,296.52
2025-10-07,9:33:16.189111227,T,IBM,I,22,296.46
2025-10-07,9:33:16.189144475,T,IBM,F I,5,296.52
2025-10-07,9:33:16.189168377,T,IBM,F I,34,296.5
2025-10-07,9:33:16.189664592,T,IBM,I,5,296.52
2025-10-07,9:33:16.189716359,T,IBM,F I,1,296.54
2025-10-07,9:33:16.189716359,T,IBM,F I,6,296.54
2025-10-07,9:33:16.190666000,T,IBM,F I,1,296.62
2025-10-07,9:33:16.190705031,T,IBM,F,200,296.535
2025-10-07,9:33:16.191222251,T,IBM,I,23,296.54
2025-10-07,9:33:17.673508112,T,IBM,,100,296.72
2025-10-07,9:33:17.673541123,T,IBM,,200,296.535
2025-10-07,9:33:17.674576133,T,IBM,,100,296.63
2025-10-07,9:33:17.674576133,T,IBM,I,50,296.56
2025-10-07,9:33:17.674578577,T,IBM,I,50,296.54
2025-10-07,9:33:17.860983423,T,IBM,F I,90,296.72
2025-10-07,9:33:17.899351759,T,IBM,I,34,296.67
2025-10-07,9:33:17.899355004,T,IBM,I,34,296.64
2025-10-07,9:33:17.899355004,T,IBM,I,5,296.64
2025-10-07,9:33:17.899358498,T,IBM,I,5,296.63
2025-10-07,9:33:17.899358498,T,IBM,I,5,296.6
2025-10-07,9:33:17.899360719,T,IBM,I,17,296.54
2025-10-07,9:33:18.663651300,T,IBM,,100,296.535
2025-10-07,9:33:19.171064192,T,IBM,I,1,296.48
2025-10-07,9:33:20.322556606,T,IBM,F,100,296.63
2025-10-07,9:33:20.515790633,T,IBM,F I,37,296.72
2025-10-07,9:33:22.463332084,T,IBM,F,100,296.73
2025-10-07,9:33:22.463380228,T,IBM,,100,296.73
2025-10-07,9:33:22.463437319,T,IBM,,100,296.73
2025-10-07,9:33:22.463470416,T,IBM,F I,42,296.74
2025-10-07,9:33:22.463587673,T,IBM,F I,1,296.74
2025-10-07,9:33:22.463611763,T,IBM,F I,12,296.74
2025-10-07,9:33:22.463632958,T,IBM,I,6,296.74
2025-10-07,9:33:22.463663087,T,IBM,I,39,296.74
2025-10-07,9:33:22.463665821,T,IBM,I,1,296.74
2025-10-07,9:33:22.463699011,T,IBM,I,1,296.78
2025-10-07,9:33:22.463699011,T,IBM,I,7,296.78
2025-10-07,9:33:22.464159026,T,IBM,F I,9,296.8
2025-10-07,9:33:22.514150061,T,IBM,I,39,296.8
2025-10-07,9:33:22.514201123,T,IBM,I,10,296.83
2025-10-07,9:33:22.576539549,T,IBM,F I,17,296.84
2025-10-07,9:33:22.576825239,T,IBM,I,10,296.89
2025-10-07,9:33:22.576828282,T,IBM,I,90,296.98
2025-10-07,9:33:22.577174084,T,IBM,I,10,296.98
2025-10-07,9:33:22.577177169,T,IBM,,100,296.98
2025-10-07,9:33:22.577213236,T,IBM,F I,34,296.97
2025-10-07,9:33:22.577249213,T,IBM,F I,66,296.97
2025-10-07,9:33:22.577252314,T,IBM,F I,44,296.98
2025-10-07,9:33:22.577261407,T,IBM,I,56,296.98
2025-10-07,9:33:22.577261407,T,IBM,,100,296.98
2025-10-07,9:33:22.577264332,T,IBM,I,44,296.98
2025-10-07,9:33:22.577288331,T,IBM,F I,56,296.98
2025-10-07,9:33:22.577291327,T,IBM,F I,82,296.98
2025-10-07,9:33:22.577318490,T,IBM,I,18,296.98
2025-10-07,9:33:22.579955715,T,IBM,,100,296.98
2025-10-07,9:33:22.579955715,T,IBM,,100,296.98
2025-10-07,9:33:22.579974159,T,IBM,I,42,296.98
2025-10-07,9:33:22.580003774,T,IBM,I,58,296.98
2025-10-07,9:33:22.580548094,T,IBM,,100,296.98
2025-10-07,9:33:22.580551083,T,IBM,I,1,296.98
2025-10-07,9:33:22.582253190,T,IBM,I,4,297.0
2025-10-07,9:33:22.582283701,T,IBM,I,23,296.98
2025-10-07,9:33:22.582319318,T,IBM,I,2,297.0
2025-10-07,9:33:22.582517787,T,IBM,I,98,297.0
2025-10-07,9:33:22.582520835,T,IBM,I,1,297.0
2025-10-07,9:33:22.582574942,T,IBM,I,2,297.01
2025-10-07,9:33:22.589398231,T,IBM,I,1,297.01
2025-10-07,9:33:22.589407234,T,IBM,I,19,297.01
2025-10-07,9:33:24.431313042,T,IBM,I,34,297.05
2025-10-07,9:33:24.431316509,T,IBM,I,13,297.01
2025-10-07,9:33:24.431316509,T,IBM,I,4,297.0
2025-10-07,9:33:24.431319010,T,IBM,I,49,297.0
2025-10-07,9:33:25.014789096,T,IBM,I,51,297.0
2025-10-07,9:33:25.014888296,T,IBM,,100,296.95
2025-10-07,9:33:26.698963557,T,IBM,F I,5,297.01
2025-10-07,9:33:26.698966482,T,IBM,F I,1,297.05
2025-10-07,9:33:33.728820130,T,IBM,F,100,297.18
2025-10-07,9:33:33.729764375,T,IBM,F,100,297.25
2025-10-07,9:33:33.730275586,T,IBM,F I,5,297.26
2025-10-07,9:33:33.730308611,T,IBM,F I,61,297.3
2025-10-07,9:33:33.736963519,T,IBM,F I,6,297.31
2025-10-07,9:33:33.738617481,T,IBM,F I,8,297.42
2025-10-07,9:33:33.774486981,T,IBM,F I,3,297.58
2025-10-07,9:33:33.774486981,T,IBM,F I,10,297.58
2025-10-07,9:33:33.794694917,T,IBM,I,5,297.45
2025-10-07,9:33:33.794698089,T,IBM,I,5,297.44
2025-10-07,9:33:33.794698089,T,IBM,I,34,297.42
2025-10-07,9:33:33.794700967,T,IBM,I,25,297.38
2025-10-07,9:33:33.794703913,T,IBM,,131,297.38
2025-10-07,9:33:33.802272955,T,IBM,F I,2,297.385
2025-10-07,9:33:33.802342267,T,IBM,I,3,297.385
2025-10-07,9:33:34.143465191,T,IBM,F I,89,297.43
2025-10-07,9:33:34.143820116,T,IBM,I,11,297.43
2025-10-07,9:33:34.143820116,T,IBM,I,1,297.43
2025-10-07,9:33:35.986147011,T,IBM,F I,5,297.47
2025-10-07,9:33:36.373426919,T,IBM,I,5,297.34
2025-10-07,9:33:36.393304307,T,IBM,I,5,297.43
2025-10-07,9:33:36.587714144,T,IBM,F I,32,297.49
2025-10-07,9:33:36.587714144,T,IBM,F I,1,297.5
2025-10-07,9:33:37.054882375,T,IBM,,100,297.74
2025-10-07,9:33:37.054882375,T,IBM,I,84,297.75
2025-10-07,9:33:37.054882375,T,IBM,I,22,297.75
2025-10-07,9:33:37.054885194,T,IBM,I,3,297.75
2025-10-07,9:33:37.054900247,T,IBM,I,1,297.75
2025-10-07,9:33:37.054906359,T,IBM,F I,96,297.75
2025-10-07,9:33:37.054909319,T,IBM,F I,3,297.75
2025-10-07,9:33:37.518568136,T,IBM,I,2,297.745
2025-10-07,9:33:38.039200524,T,IBM,I,5,297.695
2025-10-07,9:33:38.064737341,T,IBM,I,2,297.6
2025-10-07,9:33:38.097283830,T,IBM,F I,45,297.55
2025-10-07,9:33:38.097283830,T,IBM,F I,20,297.53
2025-10-07,9:33:38.097286839,T,IBM,F I,75,297.52
2025-10-07,9:33:38.097307817,T,IBM,F I,25,297.52
2025-10-07,9:33:38.097307817,T,IBM,F I,50,297.52
2025-10-07,9:33:43.450820607,T,IBM,F I,50,297.52
2025-10-07,9:33:43.450820607,T,IBM,F I,5,297.52
2025-10-07,9:33:43.478429463,T,IBM,F I,34,297.54
2025-10-07,9:33:45.448449298,T,IBM,F I,5,297.55
2025-10-07,9:33:46.777605138,T,IBM,F I,1,297.6
2025-10-07,9:33:46.777607690,T,IBM,F I,1,297.6
2025-10-07,9:33:46.777613468,T,IBM,F,100,297.6
2025-10-07,9:33:46.777616550,T,IBM,F I,8,297.6
2025-10-07,9:33:46.777616550,T,IBM,F I,3,297.6
2025-10-07,9:33:46.777815074,T,IBM,F I,14,297.61
2025-10-07,9:33:46.777815074,T,IBM,F I,1,297.61
2025-10-07,9:33:46.777817974,T,IBM,F I,1,297.62
2025-10-07,9:33:46.777821060,T,IBM,F I,7,297.62
2025-10-07,9:33:46.799081596,T,IBM,F I,7,297.75
2025-10-07,9:33:46.900116180,T,IBM,I,25,297.95
2025-10-07,9:33:46.900263522,T,IBM,F I,1,297.99
2025-10-07,9:33:46.900272544,T,IBM,F I,1,297.99
2025-10-07,9:33:46.900380722,T,IBM,I,1,297.99
2025-10-07,9:33:46.900437914,T,IBM,F I,1,297.99
2025-10-07,9:33:46.900486024,T,IBM,F I,1,297.99
2025-10-07,9:33:46.900606312,T,IBM,F I,1,297.99
2025-10-07,9:33:46.900672434,T,IBM,F I,1,298.0
2025-10-07,9:33:46.900720622,T,IBM,F,100,298.01
2025-10-07,9:33:46.901989632,T,IBM,,100,298.1
2025-10-07,9:33:46.905270602,T,IBM,F I,38,298.13
2025-10-07,9:33:46.905279452,T,IBM,I,62,298.13
2025-10-07,9:33:46.905282428,T,IBM,I,38,298.13
2025-10-07,9:33:47.925833939,T,IBM,I,22,298.25
2025-10-07,9:33:47.925969281,T,IBM,I,27,298.18
2025-10-07,9:33:47.929214077,T,IBM,I,12,298.21
2025-10-07,9:33:47.935375758,T,IBM,F I,5,298.23
2025-10-07,9:33:48.335327791,T,IBM,I,3,298.19
2025-10-07,9:33:48.336678052,T,IBM,F,100,298.26
2025-10-07,9:33:48.336690097,T,IBM,F I,6,298.31
2025-10-07,9:33:48.361259082,T,IBM,F I,5,298.32
2025-10-07,9:33:48.361261838,T,IBM,F I,5,298.32
2025-10-07,9:33:48.361264605,T,IBM,F I,2,298.34
2025-10-07,9:33:48.361676595,T,IBM,,349,298.32
2025-10-07,9:33:49.086263516,T,IBM,F I,45,298.16
2025-10-07,9:33:49.086263516,T,IBM,F I,5,298.16
2025-10-07,9:33:49.086266611,T,IBM,F I,20,298.15
2025-10-07,9:33:49.086266611,T,IBM,F I,91,298.14
2025-10-07,9:33:49.086287735,T,IBM,F I,9,298.14
2025-10-07,9:33:49.086287735,T,IBM,F I,61,298.14
2025-10-07,9:33:49.086317739,T,IBM,F I,32,298.13
2025-10-07,9:33:49.086362756,T,IBM,,100,298.14
2025-10-07,9:33:49.218810768,T,IBM,F I,1,298.15
2025-10-07,9:33:49.218813117,T,IBM,F I,22,298.15
2025-10-07,9:33:50.834809255,T,IBM,F I,5,298.27
2025-10-07,9:33:50.834809255,T,IBM,F I,17,298.27
2025-10-07,9:33:50.834821228,T,IBM,F I,83,298.27
2025-10-07,9:33:50.834824784,T,IBM,F I,5,298.28
2025-10-07,9:33:50.834827406,T,IBM,F I,5,298.28
2025-10-07,9:33:50.834827406,T,IBM,F I,90,298.3
2025-10-07,9:33:51.977869599,T,IBM,I,22,298.32
2025-10-07,9:33:51.977869599,T,IBM,I,1,298.32
2025-10-07,9:33:51.978422743,T,IBM,F,100,298.33
2025-10-07,9:33:51.978425780,T,IBM,F I,50,298.28
2025-10-07,9:33:51.978473835,T,IBM,F I,50,298.28
2025-10-07,9:33:51.978564198,T,IBM,F I,3,298.26
2025-10-07,9:33:51.978570077,T,IBM,F I,29,298.26
2025-10-07,9:33:51.978588153,T,IBM,F I,3,298.25
2025-10-07,9:33:51.978588153,T,IBM,F I,3,298.25
2025-10-07,9:33:51.978606245,T,IBM,F I,3,298.25
2025-10-07,9:33:51.978621198,T,IBM,F I,3,298.25
2025-10-07,9:33:51.978636280,T,IBM,I,91,298.25
2025-10-07,9:33:51.978657255,T,IBM,,309,298.25
2025-10-07,9:33:51.978780582,T,IBM,I,5,298.3
2025-10-07,9:33:51.980010580,T,IBM,F,100,298.23
2025-10-07,9:33:51.980049621,T,IBM,F I,5,298.22
2025-10-07,9:33:51.980121748,T,IBM,F I,5,298.2
2025-10-07,9:33:52.395714567,T,IBM,F I,1,298.24
2025-10-07,9:33:52.395714567,T,IBM,F I,5,298.28
2025-10-07,9:33:52.395717264,T,IBM,F I,45,298.29
2025-10-07,9:33:52.395717264,T,IBM,F I,1,298.3
2025-10-07,9:33:52.395720385,T,IBM,F,100,298.34
2025-10-07,9:33:52.395723225,T,IBM,F,100,298.35
2025-10-07,9:33:52.652309070,T,IBM,F I,5,298.34
2025-10-07,9:33:52.652312911,T,IBM,F I,5,298.32
2025-10-07,9:33:52.652312911,T,IBM,F I,21,298.31
2025-10-07,9:33:52.652318059,T,IBM,F I,79,298.31
2025-10-07,9:33:52.652318059,T,IBM,F I,31,298.3
2025-10-07,9:33:52.952411489,T,IBM,I,5,298.28
2025-10-07,9:33:52.952411489,T,IBM,I,5,298.28
2025-10-07,9:33:54.072497092,T,IBM,F I,5,298.08
2025-10-07,9:33:54.072500024,T,IBM,F,100,298.06
2025-10-07,9:33:54.072520981,T,IBM,F I,7,298.06
2025-10-07,9:33:54.072527379,T,IBM,F I,93,298.06
2025-10-07,9:33:54.072788668,T,IBM,I,20,298.07
2025-10-07,9:33:54.073468284,T,IBM,I,51,297.96
2025-10-07,9:33:54.441204782,T,IBM,,100,297.95
2025-10-07,9:33:54.651218705,T,IBM,I,5,297.98
2025-10-07,9:33:54.651218705,T,IBM,I,5,298.0
2025-10-07,9:33:54.651222094,T,IBM,I,50,298.0
2025-10-07,9:33:54.651224660,T,IBM,I,5,298.03
2025-10-07,9:33:54.651224660,T,IBM,I,34,298.05
2025-10-07,9:33:54.668825571,T,IBM,I,1,298.06
2025-10-07,9:33:55.127086564,T,IBM,F,100,297.98
2025-10-07,9:33:58.946686875,T,IBM,F,100,297.97
2025-10-07,9:33:58.946686875,T,IBM,F I,50,297.96
2025-10-07,9:33:58.946794859,T,IBM,F,100,297.92
2025-10-07,9:33:58.946797925,T,IBM,F I,50,297.905
2025-10-07,9:33:58.946836934,T,IBM,F,150,297.905
2025-10-07,9:33:59.184243118,T,IBM,,100,297.905
2025-10-07,9:33:59.345330646,T,IBM,,108,297.93
2025-10-07,9:33:59.345381808,T,IBM,F I,1,297.93
2025-10-07,9:34:00.665449353,T,IBM,I,5,297.95
2025-10-07,9:34:00.747502657,T,IBM,F I,50,297.82
2025-10-07,9:34:00.748038098,T,IBM,I,20,297.73
2025-10-07,9:34:00.748040969,T,IBM,I,94,297.72
2025-10-07,9:34:00.748040969,T,IBM,I,80,297.72
2025-10-07,9:34:00.748062065,T,IBM,F I,20,297.72
2025-10-07,9:34:00.748777747,T,IBM,F I,5,297.61
2025-10-07,9:34:00.748864971,T,IBM,F I,50,297.67
2025-10-07,9:34:00.749664835,T,IBM,F,100,297.56
2025-10-07,9:34:00.749791190,T,IBM,F I,4,297.5
2025-10-07,9:34:01.252870865,T,IBM,F I,1,297.25
2025-10-07,9:34:01.252876873,T,IBM,F I,1,297.25
2025-10-07,9:34:01.252883729,T,IBM,F I,99,297.25
2025-10-07,9:34:01.252885833,T,IBM,F I,69,297.25
2025-10-07,9:34:01.252888806,T,IBM,F I,31,297.25
2025-10-07,9:34:01.252901642,T,IBM,F I,3,297.24
2025-10-07,9:34:01.252903881,T,IBM,F I,97,297.24
2025-10-07,9:34:01.252906843,T,IBM,F,168,297.24
2025-10-07,9:34:01.253216613,T,IBM,F I,5,297.2
2025-10-07,9:34:01.254266084,T,IBM,F I,45,297.21
2025-10-07,9:34:01.254266084,T,IBM,F I,81,297.2
2025-10-07,9:34:01.254284274,T,IBM,I,1,297.2
2025-10-07,9:34:01.254368357,T,IBM,F I,28,297.27
2025-10-07,9:34:01.254482669,T,IBM,,100,297.27
2025-10-07,9:34:04.219162439,T,IBM,F,150,297.52
2025-10-07,9:34:04.219228580,T,IBM,F I,50,297.52
2025-10-07,9:34:06.010112674,T,IBM,F I,50,297.28
2025-10-07,9:34:06.010116010,T,IBM,F I,50,297.26
2025-10-07,9:34:06.010121085,T,IBM,F I,50,297.26
2025-10-07,9:34:06.010124241,T,IBM,F I,57,297.26
2025-10-07,9:34:06.010502955,T,IBM,F I,99,297.22
2025-10-07,9:34:06.010535987,T,IBM,F I,1,297.22
2025-10-07,9:34:06.010539173,T,IBM,F,100,297.21
2025-10-07,9:34:06.010539173,T,IBM,F I,6,297.21
2025-10-07,9:34:06.010560300,T,IBM,F I,1,297.21
2025-10-07,9:34:06.011327103,T,IBM,I,4,297.22
2025-10-07,9:34:06.011417142,T,IBM,I,4,297.22
2025-10-07,9:34:06.011477581,T,IBM,F I,27,297.22
2025-10-07,9:34:06.011480451,T,IBM,F I,16,297.22
2025-10-07,9:34:06.011480451,T,IBM,I,4,297.22
2025-10-07,9:34:06.011925336,T,IBM,I,45,297.22
2025-10-07,9:34:06.011932188,T,IBM,I,8,297.2
2025-10-07,9:34:06.011934726,T,IBM,I,5,297.19
2025-10-07,9:34:06.011934726,T,IBM,I,27,297.16
2025-10-07,9:34:06.011937847,T,IBM,I,37,297.16
2025-10-07,9:34:06.011946402,T,IBM,I,58,297.16
2025-10-07,9:34:06.012033627,T,IBM,I,4,297.13
2025-10-07,9:34:06.012114795,T,IBM,F I,15,297.21
2025-10-07,9:34:06.013630394,T,IBM,F,100,297.175
2025-10-07,9:34:06.403782234,T,IBM,I,26,297.17
2025-10-07,9:34:06.419208933,T,IBM,F,100,297.35
2025-10-07,9:34:06.420231923,T,IBM,I,50,297.28
2025-10-07,9:34:06.420231923,T,IBM,I,45,297.27
2025-10-07,9:34:06.420234427,T,IBM,I,5,297.26
2025-10-07,9:34:17.432074538,T,IBM,F I,5,297.4
2025-10-07,9:34:17.432074538,T,IBM,F I,4,297.37
2025-10-07,9:34:19.351342577,T,IBM,,100,297.36
2025-10-07,9:34:19.801396910,T,IBM,F I,5,297.4
2025-10-07,9:34:19.801887086,T,IBM,I,13,297.37
2025-10-07,9:34:19.801896094,T,IBM,I,8,297.37
2025-10-07,9:34:19.808959985,T,IBM,I,45,297.37
2025-10-07,9:34:19.808959985,T,IBM,I,55,297.37
2025-10-07,9:34:19.810782241,T,IBM,F,100,297.48
2025-10-07,9:34:19.877387792,T,IBM,F I,60,297.49
2025-10-07,9:34:20.466766931,T,IBM,F,100,297.39
2025-10-07,9:34:20.624615761,T,IBM,F I,4,297.45
2025-10-07,9:34:21.252742032,T,IBM,F I,32,297.53
2025-10-07,9:34:21.252742032,T,IBM,F I,88,297.54
2025-10-07,9:34:21.252763168,T,IBM,I,1,297.54
2025-10-07,9:34:21.252766140,T,IBM,F I,11,297.54
2025-10-07,9:34:21.252769716,T,IBM,F I,20,297.54
2025-10-07,9:34:21.252772101,T,IBM,F,100,297.54
2025-10-07,9:34:21.252829534,T,IBM,I,38,297.49
2025-10-07,9:34:21.253024883,T,IBM,I,58,297.49
2025-10-07,9:34:21.255776254,T,IBM,I,20,297.55
2025-10-07,9:34:22.172189989,T,IBM,I,20,297.56
2025-10-07,9:34:24.435906987,T,IBM,F,100,297.57
2025-10-07,9:34:27.239983497,T,IBM,,100,297.255
2025-10-07,9:34:27.251470836,T,IBM,I,82,297.21
2025-10-07,9:34:27.252048285,T,IBM,I,5,297.36
2025-10-07,9:34:27.252051219,T,IBM,I,5,297.38
2025-10-07,9:34:27.252054240,T,IBM,I,5,297.39
2025-10-07,9:34:27.252054240,T,IBM,I,44,297.4
2025-10-07,9:34:31.856543856,T,IBM,I,1,297.34
2025-10-07,9:34:32.542846669,T,IBM,F,150,297.34
2025-10-07,9:34:32.554700905,T,IBM,I,5,297.34
2025-10-07,9:34:33.351201120,T,IBM,F,200,297.34
2025-10-07,9:34:33.351210107,T,IBM,F I,50,297.34
2025-10-07,9:34:33.351501737,T,IBM,F,150,297.34
2025-10-07,9:34:33.351559050,T,IBM,F I,44,297.34
2025-10-07,9:34:34.389849741,T,IBM,I,2,297.35
2025-10-07,9:34:42.734369923,T,IBM,,100,297.445
2025-10-07,9:34:42.964390508,T,IBM,I,1,297.45
2025-10-07,9:34:45.192638205,T,IBM,F I,2,297.43
2025-10-07,9:34:46.521757369,T,IBM,I,5,297.45
2025-10-07,9:34:47.846877056,T,IBM,I,17,297.45
2025-10-07,9:34:48.277754742,T,IBM,I,6,297.45
2025-10-07,9:34:48.837657620,T,IBM,I,8,297.45
2025-10-07,9:34:50.155081941,T,IBM,F I,76,297.67
2025-10-07,9:34:50.155085051,T,IBM,F I,10,297.67
2025-10-07,9:34:50.155085051,T,IBM,F I,9,297.67
2025-10-07,9:34:50.155099969,T,IBM,I,1,297.67
2025-10-07,9:34:50.155403702,T,IBM,F I,52,297.67
2025-10-07,9:34:50.155587110,T,IBM,F I,70,297.67
2025-10-07,9:34:50.155605185,T,IBM,F I,11,297.67
2025-10-07,9:34:50.155800615,T,IBM,F I,5,297.68
2025-10-07,9:34:50.171976198,T,IBM,F I,36,297.72
2025-10-07,9:34:55.502027073,T,IBM,F I,10,297.89
2025-10-07,9:34:55.668337982,T,IBM,F I,5,297.95
2025-10-07,9:34:59.277485041,T,IBM,F I,3,297.86
2025-10-07,9:35:05.628842308,T,IBM,F I,34,297.74
2025-10-07,9:35:08.422859940,T,IBM,F I,2,297.665
2025-10-07,9:35:08.642716266,T,IBM,F,100,297.73
2025-10-07,9:35:08.642738077,T,IBM,F I,5,297.74
2025-10-07,9:35:08.642738077,T,IBM,F,321,297.75
2025-10-07,9:35:08.642740363,T,IBM,F I,53,297.75
2025-10-07,9:35:08.642758447,T,IBM,I,5,297.75
2025-10-07,9:35:08.642782436,T,IBM,I,2,297.67
2025-10-07,9:35:08.643170393,T,IBM,I,10,297.89
2025-10-07,9:35:08.643170393,T,IBM,,100,297.89
2025-10-07,9:35:09.826785106,T,IBM,F I,1,297.79
2025-10-07,9:35:11.689070455,T,IBM,,200,297.79
2025-10-07,9:35:11.689139650,T,IBM,,134,297.79
2025-10-07,9:35:11.689262908,T,IBM,,100,297.79
2025-10-07,9:35:13.066514632,T,IBM,I,1,297.94
2025-10-07,9:35:13.345753400,T,IBM,I,2,297.94
2025-10-07,9:35:13.346357830,T,IBM,F I,2,297.94
2025-10-07,9:35:13.346357830,T,IBM,F I,2,297.94
2025-10-07,9:35:13.346372875,T,IBM,I,2,298.0
2025-10-07,9:35:13.346375910,T,IBM,I,37,298.0
2025-10-07,9:35:13.346375910,T,IBM,I,14,298.0
2025-10-07,9:35:13.346415161,T,IBM,,100,297.935
2025-10-07,9:35:13.346418197,T,IBM,F I,2,297.935
2025-10-07,9:35:13.346418197,T,IBM,I,5,297.935
2025-10-07,9:35:13.346421404,T,IBM,I,1,297.94
2025-10-07,9:35:13.346436148,T,IBM,,100,298.0
2025-10-07,9:35:13.346451052,T,IBM,F I,4,298.01
2025-10-07,9:35:13.346451052,T,IBM,F I,7,298.01
2025-10-07,9:35:13.346622486,T,IBM,F I,23,298.02
2025-10-07,9:35:13.346622486,T,IBM,F I,1,298.02
2025-10-07,9:35:13.346908577,T,IBM,I,26,298.09
2025-10-07,9:35:13.346911276,T,IBM,I,78,298.09
2025-10-07,9:35:13.347004409,T,IBM,F,103,298.11
2025-10-07,9:35:13.347061562,T,IBM,F,100,298.11
2025-10-07,9:35:13.347064525,T,IBM,I,32,298.11
2025-10-07,9:35:13.347073551,T,IBM,I,2,298.12
2025-10-07,9:35:13.347086259,T,IBM,I,58,298.11
2025-10-07,9:35:13.347089053,T,IBM,I,53,298.11
2025-10-07,9:35:13.347089053,T,IBM,F I,82,298.12
2025-10-07,9:35:13.347091762,T,IBM,I,21,298.11
2025-10-07,9:35:13.347095047,T,IBM,I,79,298.11
2025-10-07,9:35:13.347095047,T,IBM,,264,298.11
2025-10-07,9:35:13.347100606,T,IBM,I,16,298.12
2025-10-07,9:35:13.347109673,T,IBM,I,15,298.11
2025-10-07,9:35:13.347160728,T,IBM,F I,9,298.11
2025-10-07,9:35:13.347166914,T,IBM,F I,9,298.11
2025-10-07,9:35:13.347220979,T,IBM,I,24,298.11
2025-10-07,9:35:13.347272036,T,IBM,F I,6,298.11
2025-10-07,9:35:13.347323148,T,IBM,I,2,298.14
2025-10-07,9:35:13.347443478,T,IBM,I,2,298.11
2025-10-07,9:35:13.347662997,T,IBM,F I,1,298.11
2025-10-07,9:35:13.347918531,T,IBM,F I,2,298.1
2025-10-07,9:35:13.351021992,T,IBM,I,10,298.17
2025-10-07,9:35:21.383011150,T,IBM,F I,34,298.05
2025-10-07,9:35:22.718595731,T,IBM,,100,298.03
2025-10-07,9:35:22.719864652,T,IBM,F I,2,297.97
2025-10-07,9:35:22.720102237,T,IBM,I,72,298.0
2025-10-07,9:35:22.720252611,T,IBM,I,2,297.97
2025-10-07,9:35:22.726215857,T,IBM,,100,297.97
2025-10-07,9:35:22.726588653,T,IBM,,166,297.97
2025-10-07,9:35:22.732585023,T,IBM,,100,297.97
2025-10-07,9:35:27.383850944,T,IBM,I,5,298.16
2025-10-07,9:35:27.383854614,T,IBM,I,32,298.18
2025-10-07,9:35:27.383856941,T,IBM,,100,298.19
2025-10-07,9:35:27.383859941,T,IBM,I,63,298.19
2025-10-07,9:35:27.383872031,T,IBM,I,1,298.19
2025-10-07,9:35:27.383875038,T,IBM,I,36,298.19
2025-10-07,9:35:27.384046437,T,IBM,F,207,298.2
2025-10-07,9:35:27.384049379,T,IBM,F I,93,298.2
2025-10-07,9:35:27.384088455,T,IBM,F I,25,298.21
2025-10-07,9:35:27.384097490,T,IBM,,100,298.19
2025-10-07,9:35:28.028014467,T,IBM,F I,20,298.28
2025-10-07,9:35:29.133034130,T,IBM,I,1,298.24
2025-10-07,9:35:29.470374570,T,IBM,I,5,298.16
2025-10-07,9:35:29.470374570,T,IBM,I,1,298.15
2025-10-07,9:35:31.030401045,T,IBM,I,4,298.28
2025-10-07,9:35:31.030440213,T,IBM,I,6,298.21
2025-10-07,9:35:31.282325831,T,IBM,I,5,298.28
2025-10-07,9:35:35.418561678,T,IBM,I,2,298.175
2025-10-07,9:35:36.120026589,T,IBM,I,4,298.17
2025-10-07,9:35:36.126489006,T,IBM,,100,298.17
2025-10-07,9:35:36.212866618,T,IBM,F I,2,298.15
2025-10-07,9:35:36.212881762,T,IBM,F I,30,298.15
2025-10-07,9:35:36.212884860,T,IBM,F I,1,298.14
2025-10-07,9:35:36.212887606,T,IBM,F I,1,298.14
2025-10-07,9:35:36.212890648,T,IBM,F,100,298.14
2025-10-07,9:35:36.213597376,T,IBM,,100,298.17
2025-10-07,9:35:36.213946173,T,IBM,,101,298.17
2025-10-07,9:35:37.838359360,T,IBM,I,2,298.08
2025-10-07,9:35:38.797621953,T,IBM,,100,298.08
2025-10-07,9:35:42.851127853,T,IBM,I,5,298.25
2025-10-07,9:35:42.851127853,T,IBM,I,95,298.28
2025-10-07,9:35:42.851206010,T,IBM,F I,5,298.28
2025-10-07,9:35:42.851215061,T,IBM,,100,298.34
2025-10-07,9:35:42.851356367,T,IBM,,100,298.34
2025-10-07,9:35:42.852090134,T,IBM,F I,2,298.33
2025-10-07,9:35:42.852156269,T,IBM,I,31,298.33
2025-10-07,9:35:42.852174366,T,IBM,I,4,298.33
2025-10-07,9:35:42.852228477,T,IBM,I,50,298.33
2025-10-07,9:35:43.610775310,T,IBM,F I,5,298.24
2025-10-07,9:35:43.761737651,T,IBM,F I,5,298.05
2025-10-07,9:35:43.762871405,T,IBM,F I,32,298.01
2025-10-07,9:35:43.762895433,T,IBM,F,100,298.0
2025-10-07,9:35:43.762898377,T,IBM,F I,1,298.0
2025-10-07,9:35:43.773146973,T,IBM,I,5,297.79
2025-10-07,9:35:43.773149783,T,IBM,,215,297.79
2025-10-07,9:35:43.773194884,T,IBM,F,100,297.79
2025-10-07,9:35:43.773206915,T,IBM,F,100,297.79
2025-10-07,9:35:43.773673154,T,IBM,F I,15,297.76
2025-10-07,9:35:43.860949902,T,IBM,F I,5,297.75
2025-10-07,9:35:45.749009678,T,IBM,I,5,297.655
2025-10-07,9:35:47.049972704,T,IBM,F I,5,297.62
2025-10-07,9:35:49.791813109,T,IBM,F I,5,297.56
2025-10-07,9:35:49.791888331,T,IBM,F I,5,297.59
2025-10-07,9:35:49.791888331,T,IBM,F I,5,297.6
2025-10-07,9:35:49.791891334,T,IBM,F,100,297.62
2025-10-07,9:35:49.798546155,T,IBM,F I,5,297.65
2025-10-07,9:35:49.798609388,T,IBM,F,100,297.67
2025-10-07,9:35:49.816661474,T,IBM,I,45,297.61
2025-10-07,9:35:49.816661474,T,IBM,I,25,297.605
2025-10-07,9:35:49.816664242,T,IBM,I,1,297.605
2025-10-07,9:35:54.300112641,T,IBM,F I,55,297.8
2025-10-07,9:35:54.304349880,T,IBM,I,10,298.0
2025-10-07,9:35:54.304349880,T,IBM,,100,298.04
2025-10-07,9:35:54.304863996,T,IBM,I,90,298.1
2025-10-07,9:35:56.377779840,T,IBM,F I,5,298.01
2025-10-07,9:35:56.377828417,T,IBM,F I,5,298.0
2025-10-07,9:35:56.377830956,T,IBM,F I,5,298.0
2025-10-07,9:35:56.377918193,T,IBM,F,100,297.98
2025-10-07,9:35:56.377954257,T,IBM,F,100,297.97
2025-10-07,9:35:57.870822184,T,IBM,,100,297.95
2025-10-07,9:36:02.992819814,T,IBM,,100,297.93
2025-10-07,9:36:02.992819814,T,IBM,,100,297.93
2025-10-07,9:36:02.993255889,T,IBM,,100,297.92
2025-10-07,9:36:04.051264538,T,IBM,,100,297.77
2025-10-07,9:36:04.051330799,T,IBM,I,32,297.7
2025-10-07,9:36:04.051330799,T,IBM,I,3,297.7
2025-10-07,9:36:04.051354820,T,IBM,F I,35,297.7
2025-10-07,9:36:04.051396951,T,IBM,I,35,297.7
2025-10-07,9:36:04.051442030,T,IBM,I,27,297.7
2025-10-07,9:36:04.051444963,T,IBM,I,8,297.69
2025-10-07,9:36:04.051466053,T,IBM,F I,27,297.69
2025-10-07,9:36:04.052061502,T,IBM,F,100,297.68
2025-10-07,9:36:04.614255823,T,IBM,F,100,297.59
2025-10-07,9:36:04.614391208,T,IBM,F I,1,297.52
2025-10-07,9:36:04.614394219,T,IBM,F I,1,297.52
2025-10-07,9:36:04.614412171,T,IBM,F I,1,297.52
2025-10-07,9:36:04.614998955,T,IBM,F I,98,297.52
2025-10-07,9:36:04.614998955,T,IBM,F I,52,297.52
2025-10-07,9:36:04.615001645,T,IBM,I,48,297.52
2025-10-07,9:36:12.905838121,T,IBM,F I,1,297.52
2025-10-07,9:36:18.051619326,T,IBM,F I,5,297.36
2025-10-07,9:36:18.051619326,T,IBM,F I,5,297.36
2025-10-07,9:36:18.051622892,T,IBM,F I,5,297.35
2025-10-07,9:36:18.051622892,T,IBM,F,100,297.31
2025-10-07,9:36:18.051625277,T,IBM,F I,21,297.3
2025-10-07,9:36:18.051628266,T,IBM,F,185,297.3
2025-10-07,9:36:18.051712649,T,IBM,F I,15,297.3
2025-10-07,9:36:18.051712649,T,IBM,F,100,297.3
2025-10-07,9:36:18.051715547,T,IBM,F,110,297.3
2025-10-07,9:36:18.051718482,T,IBM,F I,96,297.3
2025-10-07,9:36:18.051727465,T,IBM,F I,4,297.3
2025-10-07,9:36:18.051802699,T,IBM,,100,297.3
2025-10-07,9:36:18.051901939,T,IBM,F I,57,297.3
2025-10-07,9:36:18.052193842,T,IBM,F I,5,297.3
2025-10-07,9:36:18.052193842,T,IBM,F I,5,297.3
2025-10-07,9:36:18.052196685,T,IBM,F I,5,297.3
2025-10-07,9:36:18.052395084,T,IBM,F I,17,297.3
2025-10-07,9:36:18.052602637,T,IBM,I,5,297.36
2025-10-07,9:36:18.052602637,T,IBM,I,32,297.41
2025-10-07,9:36:18.052704945,T,IBM,F I,18,297.3
2025-10-07,9:36:18.052704945,T,IBM,F I,17,297.3
2025-10-07,9:36:18.053158923,T,IBM,F I,32,297.31
2025-10-07,9:36:18.053158923,T,IBM,F I,43,297.3
2025-10-07,9:36:18.053161924,T,IBM,F I,22,297.3
2025-10-07,9:36:18.053165024,T,IBM,F I,5,297.3
2025-10-07,9:36:18.053165024,T,IBM,F I,5,297.3
2025-10-07,9:36:18.053167952,T,IBM,F I,34,297.3
2025-10-07,9:36:18.053170991,T,IBM,I,6,297.38
2025-10-07,9:36:18.053745870,T,IBM,I,22,297.3
2025-10-07,9:36:18.053904723,T,IBM,I,23,297.3
2025-10-07,9:36:18.054115228,T,IBM,I,6,297.41
2025-10-07,9:36:18.054190357,T,IBM,I,8,297.35
2025-10-07,9:36:18.054307637,T,IBM,I,6,297.35
2025-10-07,9:36:18.054458071,T,IBM,I,5,297.4
2025-10-07,9:36:20.861643880,T,IBM,,100,297.37
2025-10-07,9:36:20.862546082,T,IBM,F,100,297.31
2025-10-07,9:36:20.876202047,T,IBM,I,5,297.23
2025-10-07,9:36:20.876204856,T,IBM,I,5,297.24
2025-10-07,9:36:20.876207753,T,IBM,I,5,297.28
2025-10-07,9:36:20.876207753,T,IBM,,100,297.29
2025-10-07,9:36:20.876210568,T,IBM,I,85,297.29
2025-10-07,9:36:23.040697380,T,IBM,F,100,297.2
2025-10-07,9:36:24.410825259,T,IBM,I,59,297.195
2025-10-07,9:36:24.420791932,T,IBM,F,100,297.08
2025-10-07,9:36:24.420791932,T,IBM,F I,8,297.08
2025-10-07,9:36:24.421082698,T,IBM,F I,92,297.08
2025-10-07,9:36:24.421082698,T,IBM,F I,8,297.07
2025-10-07,9:36:24.421088686,T,IBM,F I,82,297.07
2025-10-07,9:36:24.421675665,T,IBM,F I,25,296.93
2025-10-07,9:36:24.436280814,T,IBM,I,68,296.915
2025-10-07,9:36:24.453878681,T,IBM,I,40,296.89
2025-10-07,9:36:28.485754111,T,IBM,I,39,296.97
2025-10-07,9:36:28.486310433,T,IBM,I,1,296.97
2025-10-07,9:36:35.464585475,T,IBM,F I,1,297.2
2025-10-07,9:36:35.464765703,T,IBM,F I,5,297.25
2025-10-07,9:36:35.467378938,T,IBM,F,100,297.29
2025-10-07,9:36:35.467382068,T,IBM,F I,69,297.29
2025-10-07,9:36:37.041779955,T,IBM,,100,297.49
2025-10-07,9:36:37.041779955,T,IBM,,100,297.49
2025-10-07,9:36:41.555591721,T,IBM,I,9,297.25
2025-10-07,9:36:42.578452776,T,IBM,,100,297.245
2025-10-07,9:36:45.620290243,T,IBM,F I,5,297.28
2025-10-07,9:36:45.620290243,T,IBM,F I,15,297.25
2025-10-07,9:36:46.006803359,T,IBM,F I,5,297.25
2025-10-07,9:36:51.407772104,T,IBM,F I,5,297.29
2025-10-07,9:36:52.010707572,T,IBM,F I,2,297.39
2025-10-07,9:36:54.588723867,T,IBM,F I,5,297.28
2025-10-07,9:36:56.436517741,T,IBM,F I,5,297.35
2025-10-07,9:36:56.437204089,T,IBM,F I,5,297.42
2025-10-07,9:36:56.437251480,T,IBM,F I,32,297.44
2025-10-07,9:36:56.437254524,T,IBM,F,138,297.44
2025-10-07,9:36:58.005196230,T,IBM,I,5,297.29
2025-10-07,9:36:58.005199298,T,IBM,I,5,297.24
2025-10-07,9:36:58.005199298,T,IBM,I,34,297.24
2025-10-07,9:36:58.005202484,T,IBM,I,45,297.23
2025-10-07,9:36:58.005202484,T,IBM,I,11,297.23
2025-10-07,9:36:59.780304033,T,IBM,I,5,297.2
2025-10-07,9:36:59.780304033,T,IBM,I,6,297.16
2025-10-07,9:37:01.680981902,T,IBM,I,25,297.225
2025-10-07,9:37:05.439479445,T,IBM,F I,2,297.2
2025-10-07,9:37:05.439482612,T,IBM,F I,3,297.2
2025-10-07,9:37:05.439485450,T,IBM,F I,37,297.22
2025-10-07,9:37:05.439503743,T,IBM,F I,13,297.22
2025-10-07,9:37:05.439507027,T,IBM,F I,2,297.23
2025-10-07,9:37:05.439507027,T,IBM,F I,34,297.24
2025-10-07,9:37:05.439509607,T,IBM,F,100,297.27
2025-10-07,9:37:05.439512618,T,IBM,F I,40,297.28
2025-10-07,9:37:05.439587803,T,IBM,I,7,297.23
2025-10-07,9:37:05.439999683,T,IBM,I,15,297.15
2025-10-07,9:37:05.492155885,T,IBM,I,5,297.12
2025-10-07,9:37:05.492182999,T,IBM,I,6,297.12
2025-10-07,9:37:05.855598074,T,IBM,I,6,297.19
2025-10-07,9:37:08.522686991,T,IBM,F I,2,297.35
2025-10-07,9:37:08.522689765,T,IBM,F I,2,297.35
2025-10-07,9:37:08.522689765,T,IBM,F I,5,297.36
2025-10-07,9:37:08.522692526,T,IBM,F I,5,297.36
2025-10-07,9:37:08.522710545,T,IBM,F I,1,297.39
2025-10-07,9:37:08.522743617,T,IBM,F I,1,297.39
2025-10-07,9:37:08.522756072,T,IBM,F I,30,297.39
2025-10-07,9:37:08.522758672,T,IBM,F I,1,297.4
2025-10-07,9:37:08.522764739,T,IBM,F,100,297.4
2025-10-07,9:37:08.522767676,T,IBM,F I,61,297.44
2025-10-07,9:37:08.522770969,T,IBM,F I,39,297.44
2025-10-07,9:37:08.522770969,T,IBM,F I,5,297.44
2025-10-07,9:37:08.522921485,T,IBM,,100,297.45
2025-10-07,9:37:08.522921485,T,IBM,I,4,297.45
2025-10-07,9:37:08.522945138,T,IBM,,100,297.44
2025-10-07,9:37:08.523074497,T,IBM,F I,69,297.45
2025-10-07,9:37:08.523119525,T,IBM,F I,43,297.44
2025-10-07,9:37:08.523149670,T,IBM,F I,57,297.44
2025-10-07,9:37:08.523501514,T,IBM,I,40,297.37
2025-10-07,9:37:08.523537577,T,IBM,I,27,297.37
2025-10-07,9:37:08.538092836,T,IBM,I,34,297.36
2025-10-07,9:37:08.538092836,T,IBM,I,5,297.36
2025-10-07,9:37:08.538095649,T,IBM,I,5,297.36
2025-10-07,9:37:08.538095649,T,IBM,I,56,297.35
2025-10-07,9:37:08.544455324,T,IBM,I,44,297.35
2025-10-07,9:37:08.544455324,T,IBM,I,45,297.35
2025-10-07,9:37:08.544512547,T,IBM,I,11,297.34
2025-10-07,9:37:08.834122907,T,IBM,I,5,297.28
2025-10-07,9:37:08.834122907,T,IBM,I,95,297.27
2025-10-07,9:37:08.860119836,T,IBM,,100,297.26
2025-10-07,9:37:08.909506394,T,IBM,,100,297.26
2025-10-07,9:37:09.034168102,T,IBM,,100,297.26
2025-10-07,9:37:10.412700813,T,IBM,,100,297.255
2025-10-07,9:37:15.639825637,T,IBM,,100,297.25
2025-10-07,9:37:15.639852734,T,IBM,,100,297.25
2025-10-07,9:37:15.646844359,T,IBM,,100,297.25
2025-10-07,9:37:16.460250755,T,IBM,I,10,297.22
2025-10-07,9:37:19.498019724,T,IBM,,100,297.23
2025-10-07,9:37:19.498022768,T,IBM,I,45,297.23
2025-10-07,9:37:20.915504155,T,IBM,F I,2,297.3
2025-10-07,9:37:20.917873806,T,IBM,I,9,297.26
2025-10-07,9:37:20.917961106,T,IBM,F I,8,297.31
2025-10-07,9:37:20.919193909,T,IBM,I,5,297.205
2025-10-07,9:37:22.320193220,T,IBM,I,48,297.43
2025-10-07,9:37:22.320193220,T,IBM,,100,297.43
2025-10-07,9:37:22.320214235,T,IBM,I,1,297.43
2025-10-07,9:37:22.320214235,T,IBM,I,41,297.43
2025-10-07,9:37:22.320857787,T,IBM,F I,53,297.5
2025-10-07,9:37:22.320864066,T,IBM,I,47,297.5
2025-10-07,9:37:22.320864066,T,IBM,I,18,297.51
2025-10-07,9:37:22.320923920,T,IBM,F I,47,297.51
2025-10-07,9:37:22.805353560,T,IBM,,100,297.79
2025-10-07,9:37:22.805356132,T,IBM,I,50,297.82
2025-10-07,9:37:22.805359239,T,IBM,I,2,297.83
2025-10-07,9:37:22.805362745,T,IBM,I,2,297.83
2025-10-07,9:37:22.805362745,T,IBM,I,3,297.84
2025-10-07,9:37:22.805365982,T,IBM,I,34,297.84
2025-10-07,9:37:22.805368353,T,IBM,I,5,297.84
2025-10-07,9:37:22.805368353,T,IBM,I,41,297.86
2025-10-07,9:37:46.516741223,T,IBM,I,1,297.75
2025-10-07,9:37:46.767469221,T,IBM,F I,6,297.8
2025-10-07,9:37:46.862044449,T,IBM,I,6,297.8
2025-10-07,9:37:47.888661299,T,IBM,F,100,297.67
2025-10-07,9:37:47.888682712,T,IBM,F I,2,297.66
2025-10-07,9:37:47.888685417,T,IBM,F I,3,297.66
2025-10-07,9:37:47.888691464,T,IBM,I,2,297.66
2025-10-07,9:37:47.888704152,T,IBM,F I,2,297.65
2025-10-07,9:37:47.888706808,T,IBM,F I,1,297.61
2025-10-07,9:37:47.888709470,T,IBM,F I,2,297.61
2025-10-07,9:37:47.888709470,T,IBM,F I,95,297.6
2025-10-07,9:37:47.888721494,T,IBM,F I,5,297.6
2025-10-07,9:37:47.889749963,T,IBM,F I,93,297.37
2025-10-07,9:37:47.889780029,T,IBM,F I,7,297.37
2025-10-07,9:37:47.889780029,T,IBM,F,100,297.37
2025-10-07,9:37:47.889783002,T,IBM,F I,1,297.37
2025-10-07,9:37:47.889783002,T,IBM,I,3,297.37
2025-10-07,9:37:47.890014584,T,IBM,F I,20,297.36
2025-10-07,9:37:47.890017560,T,IBM,F I,5,297.36
2025-10-07,9:37:47.890017560,T,IBM,F,100,297.36
2025-10-07,9:37:48.420856489,T,IBM,F I,34,297.18
2025-10-07,9:37:48.441028284,T,IBM,F I,5,297.17
2025-10-07,9:37:49.989670375,T,IBM,F,100,297.07
2025-10-07,9:37:49.989670375,T,IBM,F I,2,297.06
2025-10-07,9:37:49.990054869,T,IBM,I,63,297.19
2025-10-07,9:37:50.744702187,T,IBM,F I,6,297.2
2025-10-07,9:37:50.744720248,T,IBM,F,100,297.2
2025-10-07,9:37:50.744764804,T,IBM,,100,297.2
2025-10-07,9:37:57.140339463,T,IBM,F,100,297.31
2025-10-07,9:38:00.333860725,T,IBM,I,6,297.24
2025-10-07,9:38:00.739752100,T,IBM,F,100,297.24
2025-10-07,9:38:01.354635136,T,IBM,I,5,297.35
2025-10-07,9:38:01.354635136,T,IBM,I,56,297.36
2025-10-07,9:38:01.354680125,T,IBM,F I,9,297.36
2025-10-07,9:38:01.354689112,T,IBM,F I,35,297.36
2025-10-07,9:38:01.354692163,T,IBM,F I,26,297.37
2025-10-07,9:38:01.354695207,T,IBM,F I,35,297.37
2025-10-07,9:38:01.354881643,T,IBM,I,29,297.37
2025-10-07,9:38:01.354893616,T,IBM,F I,61,297.37
2025-10-07,9:38:01.354999744,T,IBM,F I,10,297.37
2025-10-07,9:38:01.354999744,T,IBM,F I,19,297.42
2025-10-07,9:38:01.355002049,T,IBM,F I,10,297.42
2025-10-07,9:38:01.355004924,T,IBM,F I,19,297.42
2025-10-07,9:38:01.355004924,T,IBM,I,29,297.42
2025-10-07,9:38:01.355019939,T,IBM,F I,6,297.42
2025-10-07,9:38:01.355242510,T,IBM,,100,297.41
2025-10-07,9:38:01.355281536,T,IBM,I,37,297.42
2025-10-07,9:38:01.355519091,T,IBM,F I,1,297.42
2025-10-07,9:38:01.355546134,T,IBM,F I,1,297.42
2025-10-07,9:38:02.489497572,T,IBM,F I,2,297.42
2025-10-07,9:38:05.221107594,T,IBM,F I,5,297.32
2025-10-07,9:38:05.225705464,T,IBM,,150,297.285
2025-10-07,9:38:16.599231735,T,IBM,F I,1,297.13
2025-10-07,9:38:16.599255979,T,IBM,F,100,297.12
2025-10-07,9:38:16.599255979,T,IBM,F I,4,297.12
2025-10-07,9:38:16.599282828,T,IBM,F,100,297.11
2025-10-07,9:38:16.599306929,T,IBM,F I,29,297.11
2025-10-07,9:38:16.599315909,T,IBM,I,33,297.12
2025-10-07,9:38:16.599321873,T,IBM,I,67,297.12
2025-10-07,9:38:16.599348990,T,IBM,F I,29,297.11
2025-10-07,9:38:16.599348990,T,IBM,F I,42,297.11
2025-10-07,9:38:16.599601544,T,IBM,F I,1,297.13
2025-10-07,9:38:16.600726290,T,IBM,F,100,297.14
2025-10-07,9:38:16.600726290,T,IBM,F I,1,297.14
2025-10-07,9:38:16.600729277,T,IBM,F I,5,297.14
2025-10-07,9:38:16.701417983,T,IBM,F,100,297.22
2025-10-07,9:38:21.225481112,T,IBM,,100,297.18
2025-10-07,9:38:21.668712341,T,IBM,F I,2,297.05
2025-10-07,9:38:21.668814480,T,IBM,F I,1,297.0
2025-10-07,9:38:21.669530197,T,IBM,I,4,297.0
2025-10-07,9:38:21.669653833,T,IBM,F I,31,297.05
2025-10-07,9:38:21.669674887,T,IBM,F I,3,297.05
2025-10-07,9:38:21.669674887,T,IBM,F I,32,297.05
2025-10-07,9:38:21.669677542,T,IBM,F I,31,297.06
2025-10-07,9:38:21.669681033,T,IBM,F,100,297.08
2025-10-07,9:38:21.669683559,T,IBM,F I,50,297.1
2025-10-07,9:38:21.669726370,T,IBM,F I,1,297.16
2025-10-07,9:38:22.539399206,T,IBM,F I,34,297.2
2025-10-07,9:38:22.539444267,T,IBM,F,100,297.23
2025-10-07,9:38:39.135692817,T,IBM,I,4,297.215
2025-10-07,9:38:41.442893282,T,IBM,,100,297.35
2025-10-07,9:38:50.565212454,T,IBM,,100,297.3
2025-10-07,9:38:50.565233257,T,IBM,F I,45,297.31
2025-10-07,9:38:50.565660274,T,IBM,F,100,297.4
2025-10-07,9:38:50.565663333,T,IBM,F I,7,297.41
2025-10-07,9:38:50.565807594,T,IBM,F I,93,297.41
2025-10-07,9:38:50.565858774,T,IBM,F I,7,297.42
2025-10-07,9:38:50.565885888,T,IBM,F I,4,297.45
2025-10-07,9:38:50.566006178,T,IBM,I,50,297.4
2025-10-07,9:38:50.566033990,T,IBM,I,20,297.4
2025-10-07,9:38:50.566033990,T,IBM,F I,20,297.4
2025-10-07,9:38:50.566036233,T,IBM,I,30,297.4
2025-10-07,9:38:50.566168856,T,IBM,F I,34,297.45
2025-10-07,9:38:50.566493314,T,IBM,I,52,297.42
2025-10-07,9:38:50.566496325,T,IBM,I,6,297.42
2025-10-07,9:38:50.566508281,T,IBM,F I,34,297.42
2025-10-07,9:38:50.869157846,T,IBM,F I,52,297.54
2025-10-07,9:38:50.869160805,T,IBM,F I,48,297.55
2025-10-07,9:38:50.869193924,T,IBM,F I,52,297.55
2025-10-07,9:38:50.869196845,T,IBM,F I,98,297.56
2025-10-07,9:38:50.869284109,T,IBM,F I,2,297.56
2025-10-07,9:38:50.870011815,T,IBM,I,10,297.56
2025-10-07,9:38:50.870456850,T,IBM,F I,90,297.56
2025-10-07,9:38:50.872378579,T,IBM,F I,9,297.6
2025-10-07,9:38:50.881081164,T,IBM,I,50,297.58
2025-10-07,9:38:50.881105195,T,IBM,F I,50,297.58
2025-10-07,9:38:50.885354457,T,IBM,I,45,297.62
2025-10-07,9:38:50.885357432,T,IBM,I,55,297.61
2025-10-07,9:38:51.446941239,T,IBM,F I,34,297.77
2025-10-07,9:38:51.446944250,T,IBM,F I,66,297.77
2025-10-07,9:38:51.446968400,T,IBM,I,55,297.84
2025-10-07,9:39:03.451600972,T,IBM,F,100,297.91
2025-10-07,9:39:03.451826511,T,IBM,F,100,297.96
2025-10-07,9:39:03.452121205,T,IBM,I,6,297.96
2025-10-07,9:39:03.452166260,T,IBM,F I,2,297.97
2025-10-07,9:39:04.728666190,T,IBM,I,1,298.05
2025-10-07,9:39:12.152316074,T,IBM,F I,4,298.15
2025-10-07,9:39:12.152484550,T,IBM,F I,24,298.09
2025-10-07,9:39:12.152499662,T,IBM,F I,8,298.09
2025-10-07,9:39:12.152502701,T,IBM,F I,16,298.08
2025-10-07,9:39:12.152506230,T,IBM,F I,7,298.08
2025-10-07,9:39:12.152508986,T,IBM,F I,1,298.08
2025-10-07,9:39:12.163631999,T,IBM,,100,298.075
2025-10-07,9:39:12.808216493,T,IBM,I,50,298.22
2025-10-07,9:39:13.385413633,T,IBM,F,150,298.07
2025-10-07,9:39:13.385464738,T,IBM,F I,50,298.07
2025-10-07,9:39:13.497424219,T,IBM,F I,32,297.93
2025-10-07,9:39:13.497427478,T,IBM,F I,5,297.93
2025-10-07,9:39:13.497427478,T,IBM,F I,5,297.93
2025-10-07,9:39:13.497430640,T,IBM,F,100,297.93
2025-10-07,9:39:13.497430640,T,IBM,F,106,297.92
2025-10-07,9:39:13.497433365,T,IBM,F I,30,297.92
2025-10-07,9:39:13.497439590,T,IBM,F I,42,297.92
2025-10-07,9:39:13.497439590,T,IBM,F,100,297.92
2025-10-07,9:39:13.497442365,T,IBM,F,100,297.92
2025-10-07,9:39:13.507871141,T,IBM,F I,4,297.79
2025-10-07,9:39:13.507892156,T,IBM,I,1,297.79
2025-10-07,9:39:13.507919195,T,IBM,F I,95,297.79
2025-10-07,9:39:13.508006446,T,IBM,F I,5,297.75
2025-10-07,9:39:13.508027736,T,IBM,F I,94,297.75
2025-10-07,9:39:13.508027736,T,IBM,F I,57,297.75
2025-10-07,9:39:13.508030585,T,IBM,F I,63,297.75
2025-10-07,9:39:13.508051563,T,IBM,I,20,297.76
2025-10-07,9:39:14.457573975,T,IBM,,100,297.85
2025-10-07,9:39:14.457577026,T,IBM,I,5,297.87
2025-10-07,9:39:14.457580032,T,IBM,I,5,297.89
2025-10-07,9:39:14.457580032,T,IBM,I,34,297.9
2025-10-07,9:39:14.457583713,T,IBM,I,2,297.92
2025-10-07,9:39:14.457583713,T,IBM,I,5,297.93
2025-10-07,9:39:14.457587183,T,IBM,,100,297.95
2025-10-07,9:39:14.457587183,T,IBM,,100,297.98
2025-10-07,9:39:14.457589534,T,IBM,,100,297.99
2025-10-07,9:39:14.457589534,T,IBM,I,49,298.0
2025-10-07,9:39:14.854347551,T,IBM,F I,2,297.83
2025-10-07,9:39:15.459565450,T,IBM,I,5,297.87
2025-10-07,9:39:15.459565450,T,IBM,I,2,297.89
2025-10-07,9:39:15.459568588,T,IBM,,100,297.92
2025-10-07,9:39:15.459568588,T,IBM,I,5,297.95
2025-10-07,9:39:15.459571332,T,IBM,I,5,297.96
2025-10-07,9:39:15.459575323,T,IBM,,100,297.97
2025-10-07,9:39:15.459575323,T,IBM,,200,298.02
2025-10-07,9:39:15.459575323,T,IBM,I,34,298.02
2025-10-07,9:39:15.459577472,T,IBM,,100,298.03
2025-10-07,9:39:15.459580408,T,IBM,I,49,298.03
2025-10-07,9:39:15.459941241,T,IBM,F I,5,297.91
2025-10-07,9:39:15.459953265,T,IBM,F I,95,297.91
2025-10-07,9:39:15.459956352,T,IBM,F,200,297.9
2025-10-07,9:39:15.459956352,T,IBM,F I,5,297.86
2025-10-07,9:39:22.738899597,T,IBM,F I,5,298.11
2025-10-07,9:39:22.738901680,T,IBM,F I,14,298.13
2025-10-07,9:39:26.355771168,T,IBM,F,100,298.03
2025-10-07,9:39:26.356056920,T,IBM,F,100,297.95
2025-10-07,9:39:26.365342944,T,IBM,,100,297.84
2025-10-07,9:39:26.365356065,T,IBM,F I,51,297.83
2025-10-07,9:39:26.365356065,T,IBM,F I,50,297.83
2025-10-07,9:39:26.365358640,T,IBM,F I,50,297.83
2025-10-07,9:39:26.365361889,T,IBM,F I,48,297.83
2025-10-07,9:39:26.365436251,T,IBM,,100,297.84
2025-10-07,9:39:42.877733968,T,IBM,I,3,297.88
2025-10-07,9:39:42.877836162,T,IBM,I,26,297.91
2025-10-07,9:39:42.878326331,T,IBM,,100,297.99
2025-10-07,9:39:42.878326331,T,IBM,I,20,297.99
2025-10-07,9:39:42.878506759,T,IBM,F I,10,298.0
2025-10-07,9:39:42.878729719,T,IBM,F,200,298.02
2025-10-07,9:39:42.879610418,T,IBM,F I,1,298.1
2025-10-07,9:39:42.903348974,T,IBM,F I,50,298.05
2025-10-07,9:39:42.903351920,T,IBM,F I,50,298.05
2025-10-07,9:39:42.903406070,T,IBM,F I,50,298.04
2025-10-07,9:39:43.677638161,T,IBM,F I,1,297.92
2025-10-07,9:39:48.350660940,T,IBM,I,1,298.0
2025-10-07,9:39:53.440699068,T,IBM,F,100,298.19
2025-10-07,9:39:53.440758636,T,IBM,F,100,298.18
2025-10-07,9:39:53.599226872,T,IBM,F,150,298.16
2025-10-07,9:39:54.387045426,T,IBM,F,100,298.16
2025-10-07,9:39:55.183960516,T,IBM,F I,50,298.06
2025-10-07,9:39:55.183960516,T,IBM,F I,50,298.06
2025-10-07,9:39:55.184008614,T,IBM,F I,1,298.06
2025-10-07,9:39:55.184011815,T,IBM,F I,49,298.06
2025-10-07,9:39:55.184014619,T,IBM,F I,51,298.06
2025-10-07,9:39:55.184059820,T,IBM,F I,49,298.06
2025-10-07,9:39:55.184059820,T,IBM,F I,51,298.05
2025-10-07,9:39:55.184080844,T,IBM,F I,49,298.05
2025-10-07,9:39:55.184736447,T,IBM,F I,18,298.14
2025-10-07,9:39:57.896318645,T,IBM,I,7,298.155
2025-10-07,9:39:57.896556160,T,IBM,I,13,298.06
2025-10-07,9:39:57.896559805,T,IBM,,100,298.06
2025-10-07,9:39:57.896574230,T,IBM,F I,13,298.06
2025-10-07,9:39:57.896595266,T,IBM,I,1,298.06
2025-10-07,9:39:57.896625349,T,IBM,F I,22,298.11
2025-10-07,9:39:57.896653186,T,IBM,F I,86,298.11
2025-10-07,9:39:57.896653186,T,IBM,F I,14,298.11
2025-10-07,9:39:58.388010290,T,IBM,F,100,298.185
2025-10-07,9:39:58.388013145,T,IBM,F,100,298.14
2025-10-07,9:39:58.388016210,T,IBM,F I,86,298.11
2025-10-07,9:39:58.388016210,T,IBM,F,306,298.11
2025-10-07,9:39:58.388034303,T,IBM,I,1,298.11
2025-10-07,9:39:58.388064342,T,IBM,F,197,298.11
2025-10-07,9:39:58.388067326,T,IBM,F I,2,298.11
2025-10-07,9:39:58.394463554,T,IBM,F I,26,298.11
2025-10-07,9:39:58.471915888,T,IBM,F,100,298.05
2025-10-07,9:40:07.552741975,T,IBM,F,100,298.11
2025-10-07,9:40:07.552741975,T,IBM,F I,34,298.1
2025-10-07,9:40:07.553854718,T,IBM,F I,5,298.14
2025-10-07,9:40:07.553893785,T,IBM,F I,2,298.15
2025-10-07,9:40:07.626901536,T,IBM,I,1,298.17
2025-10-07,9:40:07.627939337,T,IBM,F,100,298.25
2025-10-07,9:40:07.627942515,T,IBM,F I,1,298.25
2025-10-07,9:40:07.628242741,T,IBM,F,100,298.25
2025-10-07,9:40:07.628242741,T,IBM,F,100,298.25
2025-10-07,9:40:07.628246042,T,IBM,F,100,298.25
2025-10-07,9:40:07.628248846,T,IBM,F,693,298.25
2025-10-07,9:40:07.628285401,T,IBM,F I,20,298.25
2025-10-07,9:40:08.795853535,T,IBM,F I,2,298.5
2025-10-07,9:40:08.795856460,T,IBM,F,100,298.5
2025-10-07,9:40:09.531194085,T,IBM,F I,1,298.54
2025-10-07,9:40:09.531212113,T,IBM,I,64,298.54
2025-10-07,9:40:13.101506634,T,IBM,,100,298.62
2025-10-07,9:40:13.101509580,T,IBM,I,3,298.62
2025-10-07,9:40:13.476403071,T,IBM,F I,1,298.6
2025-10-07,9:40:16.799843057,T,IBM,F I,5,298.53
2025-10-07,9:40:16.799846063,T,IBM,F I,50,298.53
2025-10-07,9:40:16.799846063,T,IBM,F I,45,298.52
2025-10-07,9:40:16.799933212,T,IBM,F I,94,298.49
2025-10-07,9:40:16.799948256,T,IBM,I,6,298.49
2025-10-07,9:40:16.799951460,T,IBM,I,94,298.47
2025-10-07,9:40:16.799972288,T,IBM,I,1,298.47
2025-10-07,9:40:16.799999356,T,IBM,F I,5,298.47
2025-10-07,9:40:16.800006209,T,IBM,I,5,298.48
2025-10-07,9:40:16.800017494,T,IBM,I,58,298.48
2025-10-07,9:40:16.800203924,T,IBM,F I,34,298.48
2025-10-07,9:40:16.800231020,T,IBM,F I,3,298.48
2025-10-07,9:40:17.620427555,T,IBM,F,150,298.44
2025-10-07,9:40:17.620436552,T,IBM,F I,50,298.44
2025-10-07,9:40:17.620439736,T,IBM,F,100,298.44
2025-10-07,9:40:17.620439736,T,IBM,F,100,298.41
2025-10-07,9:40:17.620442576,T,IBM,F I,75,298.41
2025-10-07,9:40:17.620467437,T,IBM,F,100,298.41
2025-10-07,9:40:17.620469707,T,IBM,F I,1,298.38
2025-10-07,9:40:17.620776400,T,IBM,F,100,298.38
2025-10-07,9:40:17.621022959,T,IBM,F,300,298.37
2025-10-07,9:40:17.621062090,T,IBM,,100,298.35
2025-10-07,9:40:17.621092150,T,IBM,,100,298.37
2025-10-07,9:40:17.621564418,T,IBM,I,3,298.36
2025-10-07,9:40:17.621745265,T,IBM,I,25,298.28
2025-10-07,9:40:17.621745265,T,IBM,I,2,298.27
2025-10-07,9:40:17.621747695,T,IBM,I,16,298.27
2025-10-07,9:40:17.621765781,T,IBM,I,1,298.27
2025-10-07,9:40:17.622030494,T,IBM,I,3,298.25
2025-10-07,9:40:17.622030494,T,IBM,I,97,298.25
2025-10-07,9:40:17.623624191,T,IBM,I,50,298.38
2025-10-07,9:40:17.624857139,T,IBM,I,42,298.38
2025-10-07,9:40:18.784071781,T,IBM,I,50,298.29
2025-10-07,9:40:18.853089066,T,IBM,F I,5,298.39
2025-10-07,9:40:19.500422131,T,IBM,F,100,298.46
2025-10-07,9:40:19.612453918,T,IBM,,200,298.485
2025-10-07,9:40:22.808288049,T,IBM,F I,5,298.62
2025-10-07,9:40:24.594606574,T,IBM,F,100,298.75
2025-10-07,9:40:31.964717103,T,IBM,F I,39,298.86
2025-10-07,9:40:31.964720176,T,IBM,F I,1,298.86
2025-10-07,9:40:31.964747250,T,IBM,F I,1,298.76
2025-10-07,9:40:31.964768284,T,IBM,I,1,298.76
2025-10-07,9:40:37.770019435,T,IBM,F,150,298.81
2025-10-07,9:40:43.757293902,T,IBM,,100,298.825
2025-10-07,9:40:43.759080133,T,IBM,F I,4,298.77
2025-10-07,9:40:43.759104122,T,IBM,I,1,298.77
2025-10-07,9:40:43.759233441,T,IBM,F I,77,298.77
2025-10-07,9:40:43.759465041,T,IBM,I,14,298.81
2025-10-07,9:40:43.766543897,T,IBM,,100,298.82
2025-10-07,9:40:43.766802517,T,IBM,F I,5,298.77
2025-10-07,9:40:45.207442103,T,IBM,F I,1,298.77
2025-10-07,9:40:45.318376119,T,IBM,F,100,298.75
2025-10-07,9:40:45.318460835,T,IBM,F I,10,298.7
2025-10-07,9:40:46.014094538,T,IBM,I,7,298.68
2025-10-07,9:40:46.039856891,T,IBM,F I,6,298.66
2025-10-07,9:40:46.039860348,T,IBM,F,100,298.62
2025-10-07,9:40:46.039860348,T,IBM,F I,63,298.62
2025-10-07,9:40:46.039884124,T,IBM,F I,3,298.62
2025-10-07,9:40:46.039884124,T,IBM,F I,3,298.62
2025-10-07,9:40:49.259140521,T,IBM,F I,7,298.6
2025-10-07,9:40:49.259140521,T,IBM,F I,1,298.6
2025-10-07,9:40:52.408974128,T,IBM,F,100,298.46
2025-10-07,9:40:52.408998110,T,IBM,,100,298.45
2025-10-07,9:40:56.582210027,T,IBM,F I,1,298.4
2025-10-07,9:41:02.315972016,T,IBM,I,28,298.62
2025-10-07,9:41:03.052978639,T,IBM,F I,5,298.67
2025-10-07,9:41:03.052981630,T,IBM,F,100,298.68
2025-10-07,9:41:03.052981630,T,IBM,F I,9,298.68
2025-10-07,9:41:03.052984951,T,IBM,F I,1,298.68
2025-10-07,9:41:03.052987624,T,IBM,F I,19,298.68
2025-10-07,9:41:03.052987624,T,IBM,F I,1,298.68
2025-10-07,9:41:03.053348500,T,IBM,I,30,298.7
2025-10-07,9:41:03.053369579,T,IBM,F I,70,298.7
2025-10-07,9:41:03.053450722,T,IBM,F I,10,298.69
2025-10-07,9:41:03.053468903,T,IBM,F I,90,298.69
2025-10-07,9:41:03.054241855,T,IBM,F I,25,298.75
2025-10-07,9:41:03.054244636,T,IBM,F I,3,298.75
2025-10-07,9:41:03.175664655,T,IBM,F I,34,298.87
2025-10-07,9:41:03.175664655,T,IBM,F I,54,298.88
2025-10-07,9:41:03.175763950,T,IBM,F I,88,298.89
2025-10-07,9:41:05.816945612,T,IBM,I,29,298.92
2025-10-07,9:41:05.816945612,T,IBM,I,4,298.92
2025-10-07,9:41:06.870386393,T,IBM,F I,25,298.92
2025-10-07,9:41:06.870386393,T,IBM,F I,28,298.95
2025-10-07,9:41:06.870395463,T,IBM,I,2,298.95
2025-10-07,9:41:06.870398541,T,IBM,I,3,298.95
2025-10-07,9:41:06.870401540,T,IBM,I,9,298.95
2025-10-07,9:41:06.870404477,T,IBM,I,1,298.95
2025-10-07,9:41:06.870482648,T,IBM,F I,10,298.95
2025-10-07,9:41:07.153206822,T,IBM,F I,50,299.0
2025-10-07,9:41:07.153210678,T,IBM,F I,5,299.0
2025-10-07,9:41:07.153210678,T,IBM,F I,1,299.0
2025-10-07,9:41:07.153216063,T,IBM,F I,1,299.0
2025-10-07,9:41:07.153218924,T,IBM,F I,26,299.0
2025-10-07,9:41:09.415669883,T,IBM,I,81,299.04
2025-10-07,9:41:09.415684907,T,IBM,I,1,299.04
2025-10-07,9:41:09.756275640,T,IBM,F I,18,299.04
2025-10-07,9:41:09.756278686,T,IBM,F I,45,299.04
2025-10-07,9:41:09.756507208,T,IBM,I,1,299.05
2025-10-07,9:41:11.830213968,T,IBM,I,10,299.1
2025-10-07,9:41:13.071031213,T,IBM,F I,5,299.01
2025-10-07,9:41:13.071031213,T,IBM,F I,34,299.0
2025-10-07,9:41:13.071034609,T,IBM,F I,5,298.98
2025-10-07,9:41:13.071036962,T,IBM,F I,56,298.97
2025-10-07,9:41:13.984136914,T,IBM,I,8,299.15
2025-10-07,9:41:13.984136914,T,IBM,I,11,299.19
2025-10-07,9:41:13.984190861,T,IBM,F I,20,299.1
2025-10-07,9:41:14.294147760,T,IBM,F,100,299.06
2025-10-07,9:41:14.294150698,T,IBM,F I,50,299.08
2025-10-07,9:41:14.294201804,T,IBM,F I,34,299.1
2025-10-07,9:41:14.294204860,T,IBM,F,100,299.1
2025-10-07,9:41:14.310895192,T,IBM,F I,5,299.13
2025-10-07,9:41:14.310897638,T,IBM,F I,5,299.13
2025-10-07,9:41:14.684040939,T,IBM,F I,33,299.19
2025-10-07,9:41:17.982488315,T,IBM,F I,10,299.35
2025-10-07,9:41:17.984358789,T,IBM,I,4,299.38
2025-10-07,9:41:17.987907181,T,IBM,F I,13,299.44
2025-10-07,9:41:17.987958299,T,IBM,I,6,299.41
2025-10-07,9:41:17.988021601,T,IBM,I,6,299.35
2025-10-07,9:41:17.988854756,T,IBM,F I,5,299.4
2025-10-07,9:41:17.988854756,T,IBM,F I,32,299.41
2025-10-07,9:41:17.988857438,T,IBM,F I,14,299.42
2025-10-07,9:41:17.988920626,T,IBM,F I,14,299.35
2025-10-07,9:41:17.990306919,T,IBM,F I,20,299.42
2025-10-07,9:41:19.726219536,T,IBM,F I,5,299.43
2025-10-07,9:41:19.730898625,T,IBM,F,500,299.48
2025-10-07,9:41:19.730950316,T,IBM,,100,299.48
2025-10-07,9:41:19.731536179,T,IBM,I,18,299.48
2025-10-07,9:41:19.731824967,T,IBM,I,19,299.41
2025-10-07,9:41:20.285295537,T,IBM,F I,2,299.45
2025-10-07,9:41:20.290636214,T,IBM,I,28,299.4
2025-10-07,9:41:21.293120660,T,IBM,F I,87,299.38
2025-10-07,9:41:22.213873712,T,IBM,F I,5,299.43
2025-10-07,9:41:22.213873712,T,IBM,F I,19,299.45
2025-10-07,9:41:23.136458670,T,IBM,F I,2,299.45
2025-10-07,9:41:23.136464043,T,IBM,F,100,299.46
2025-10-07,9:41:23.137405331,T,IBM,I,14,299.46
2025-10-07,9:41:23.137432303,T,IBM,F,150,299.44
2025-10-07,9:41:23.857057529,T,IBM,F I,1,299.45
2025-10-07,9:41:23.857063541,T,IBM,F I,1,299.45
2025-10-07,9:41:23.857084701,T,IBM,F I,34,299.44
2025-10-07,9:41:23.857084701,T,IBM,F,100,299.41
2025-10-07,9:41:23.857231906,T,IBM,F,100,299.37
2025-10-07,9:41:23.866656885,T,IBM,I,3,299.33
2025-10-07,9:41:23.866659322,T,IBM,I,97,299.33
2025-10-07,9:41:24.271389855,T,IBM,I,32,299.45
2025-10-07,9:41:24.271392834,T,IBM,I,13,299.46
2025-10-07,9:41:24.271417286,T,IBM,F I,30,299.46
2025-10-07,9:41:24.271417286,T,IBM,F I,2,299.46
2025-10-07,9:41:25.458688383,T,IBM,I,20,299.45
2025-10-07,9:41:26.043827364,T,IBM,I,80,299.49
2025-10-07,9:41:26.044284479,T,IBM,I,6,299.5
2025-10-07,9:41:26.044338767,T,IBM,I,6,299.5
2025-10-07,9:41:26.044356636,T,IBM,I,80,299.5
2025-10-07,9:41:26.044398755,T,IBM,I,2,299.46
2025-10-07,9:41:26.044888925,T,IBM,F I,4,299.47
2025-10-07,9:41:26.049074884,T,IBM,I,6,299.54
2025-10-07,9:41:26.566270248,T,IBM,F I,1,299.68
2025-10-07,9:41:26.566327360,T,IBM,I,18,299.65
2025-10-07,9:41:26.566390419,T,IBM,I,18,299.62
2025-10-07,9:41:26.566399393,T,IBM,F I,18,299.63
2025-10-07,9:41:26.566709209,T,IBM,F I,50,299.68
2025-10-07,9:41:26.706614282,T,IBM,I,19,299.64
2025-10-07,9:41:26.706641296,T,IBM,F I,81,299.64
2025-10-07,9:41:27.325977684,T,IBM,F I,4,299.66
2025-10-07,9:41:27.791930962,T,IBM,F I,50,299.65
2025-10-07,9:41:27.792018248,T,IBM,F I,5,299.61
2025-10-07,9:41:28.766271508,T,IBM,F,150,299.58
2025-10-07,9:41:28.766310585,T,IBM,F I,77,299.58
2025-10-07,9:41:28.766310585,T,IBM,F I,73,299.56
2025-10-07,9:41:28.917531616,T,IBM,I,80,299.64
2025-10-07,9:41:29.326923438,T,IBM,F,100,299.575
2025-10-07,9:41:29.326923438,T,IBM,F I,27,299.56
2025-10-07,9:41:29.326926258,T,IBM,F I,23,299.55
2025-10-07,9:41:29.340016436,T,IBM,I,1,299.45
2025-10-07,9:41:32.073115009,T,IBM,F I,1,299.545
2025-10-07,9:41:32.073124020,T,IBM,F I,1,299.545
2025-10-07,9:41:32.073139251,T,IBM,F I,98,299.545
2025-10-07,9:41:32.073145070,T,IBM,F,100,299.51
2025-10-07,9:41:32.073145070,T,IBM,F I,1,299.5
2025-10-07,9:41:32.073147990,T,IBM,F,100,299.5
2025-10-07,9:41:32.073147990,T,IBM,F I,1,299.5
2025-10-07,9:41:32.073160088,T,IBM,I,1,299.5
2025-10-07,9:41:32.073175202,T,IBM,F I,1,299.5
2025-10-07,9:41:32.073541959,T,IBM,F I,30,299.55
2025-10-07,9:41:32.073632205,T,IBM,F I,44,299.59
2025-10-07,9:41:32.073656245,T,IBM,F,112,299.59
2025-10-07,9:41:32.073659256,T,IBM,F I,80,299.59
2025-10-07,9:41:35.446218094,T,IBM,F I,5,299.65
2025-10-07,9:41:35.446221692,T,IBM,F I,3,299.63
2025-10-07,9:41:35.446224982,T,IBM,F,100,299.61
2025-10-07,9:41:35.446224982,T,IBM,F I,1,299.6
2025-10-07,9:41:35.446227119,T,IBM,F I,74,299.6
2025-10-07,9:41:35.446245579,T,IBM,I,1,299.6
2025-10-07,9:41:35.446248276,T,IBM,F I,25,299.6
2025-10-07,9:41:35.446251159,T,IBM,F I,26,299.6
2025-10-07,9:41:35.446341698,T,IBM,F,599,299.6
2025-10-07,9:41:35.446341698,T,IBM,F I,10,299.6
2025-10-07,9:41:35.446344424,T,IBM,F,100,299.6
2025-10-07,9:41:35.446362696,T,IBM,F I,10,299.6
2025-10-07,9:41:35.446362696,T,IBM,I,54,299.6
2025-10-07,9:41:35.446368416,T,IBM,F I,36,299.6
2025-10-07,9:41:36.067716646,T,IBM,F,100,299.55
2025-10-07,9:41:36.070850096,T,IBM,F I,34,299.51
2025-10-07,9:41:36.070889119,T,IBM,F I,34,299.48
2025-10-07,9:41:36.774338794,T,IBM,F,100,299.48
2025-10-07,9:41:40.093024388,T,IBM,,162,299.43
2025-10-07,9:41:40.093821339,T,IBM,F I,34,299.44
2025-10-07,9:41:40.096957843,T,IBM,I,5,299.49
2025-10-07,9:41:46.071072945,T,IBM,I,11,299.415
2025-10-07,9:41:46.071072945,T,IBM,I,23,299.415
2025-10-07,9:41:46.534298796,T,IBM,I,13,299.415
2025-10-07,9:41:47.024622023,T,IBM,F I,7,299.415
2025-10-07,9:41:47.069702378,T,IBM,,100,299.35
2025-10-07,9:41:47.070033842,T,IBM,I,20,299.26
2025-10-07,9:41:47.070036283,T,IBM,I,93,299.26
2025-10-07,9:41:47.070054195,T,IBM,F I,7,299.26
2025-10-07,9:41:47.070057262,T,IBM,F,100,299.25
2025-10-07,9:41:47.070060292,T,IBM,F I,6,299.25
2025-10-07,9:41:47.070060292,T,IBM,F I,5,299.25
2025-10-07,9:41:47.070063264,T,IBM,F I,2,299.25
2025-10-07,9:41:47.070288749,T,IBM,F I,1,299.22
2025-10-07,9:41:47.070310265,T,IBM,F I,2,299.22
2025-10-07,9:41:47.070646627,T,IBM,I,99,299.26
2025-10-07,9:41:49.995532737,T,IBM,F I,32,299.32
2025-10-07,9:41:49.995532737,T,IBM,F I,8,299.33
2025-10-07,9:41:49.995812462,T,IBM,F I,52,299.33
2025-10-07,9:41:49.996004852,T,IBM,F I,50,299.39
2025-10-07,9:41:49.996007855,T,IBM,F I,82,299.41
2025-10-07,9:41:49.999817916,T,IBM,I,5,299.31
2025-10-07,9:41:49.999817916,T,IBM,I,34,299.28
2025-10-07,9:41:49.999977361,T,IBM,I,17,299.36
2025-10-07,9:41:50.316898871,T,IBM,F I,5,299.4
2025-10-07,9:41:50.316902335,T,IBM,F I,5,299.4
2025-10-07,9:41:50.316904978,T,IBM,F I,5,299.4
2025-10-07,9:41:50.316904978,T,IBM,F I,5,299.4
2025-10-07,9:41:50.316907852,T,IBM,F I,85,299.4
2025-10-07,9:41:50.316980012,T,IBM,F,100,299.47
2025-10-07,9:41:50.316982975,T,IBM,F I,5,299.48
2025-10-07,9:41:50.317118359,T,IBM,,100,299.48
2025-10-07,9:41:50.326293283,T,IBM,,100,299.39
2025-10-07,9:41:50.334644082,T,IBM,I,5,299.25
2025-10-07,9:41:50.931003081,T,IBM,F I,5,299.33
2025-10-07,9:41:50.931009840,T,IBM,F,100,299.33
2025-10-07,9:41:50.931011750,T,IBM,F I,5,299.33
2025-10-07,9:41:50.931014778,T,IBM,F I,5,299.34
2025-10-07,9:41:50.931017745,T,IBM,F I,34,299.35
2025-10-07,9:41:50.931021759,T,IBM,F I,5,299.37
2025-10-07,9:41:50.931021759,T,IBM,F I,5,299.37
2025-10-07,9:41:50.931023981,T,IBM,F I,5,299.39
2025-10-07,9:41:50.931026836,T,IBM,F I,5,299.4
2025-10-07,9:41:50.931029817,T,IBM,F,100,299.42
2025-10-07,9:41:50.931033170,T,IBM,F I,20,299.43
2025-10-07,9:41:50.931033170,T,IBM,F,100,299.43
2025-10-07,9:41:50.931036017,T,IBM,F,100,299.43
2025-10-07,9:41:50.931036017,T,IBM,F,200,299.43
2025-10-07,9:41:50.931038841,T,IBM,F I,5,299.43
2025-10-07,9:41:50.931038841,T,IBM,F I,32,299.43
2025-10-07,9:41:50.931041920,T,IBM,F I,34,299.35
2025-10-07,9:41:50.931044956,T,IBM,F I,66,299.44
2025-10-07,9:41:50.931060094,T,IBM,F I,34,299.44
2025-10-07,9:41:50.952040828,T,IBM,I,3,299.33
2025-10-07,9:41:50.952070879,T,IBM,F I,3,299.31
2025-10-07,9:41:50.952076966,T,IBM,F,100,299.31
2025-10-07,9:41:50.952128066,T,IBM,I,95,299.31
2025-10-07,9:41:50.952149109,T,IBM,I,1,299.31
2025-10-07,9:41:50.957412253,T,IBM,I,4,299.31
2025-10-07,9:41:50.957412253,T,IBM,I,5,299.31
2025-10-07,9:41:50.957414970,T,IBM,I,4,299.31
2025-10-07,9:41:51.795588022,T,IBM,I,18,298.95
2025-10-07,9:42:00.053309618,T,IBM,I,25,298.655
2025-10-07,9:42:01.922743119,T,IBM,F I,7,298.61
2025-10-07,9:42:03.466068114,T,IBM,F I,7,298.6
2025-10-07,9:42:03.466089212,T,IBM,I,1,298.6
2025-10-07,9:42:03.466212444,T,IBM,F I,99,298.6
2025-10-07,9:42:03.466341848,T,IBM,I,9,298.6
2025-10-07,9:42:04.280193411,T,IBM,F I,5,298.71
2025-10-07,9:42:04.280509825,T,IBM,F,100,298.76
2025-10-07,9:42:04.280515118,T,IBM,F,200,298.76
2025-10-07,9:42:04.280515118,T,IBM,F I,6,298.77
2025-10-07,9:42:08.977101972,T,IBM,F I,34,298.6
2025-10-07,9:42:08.990047763,T,IBM,F I,5,298.63
2025-10-07,9:42:09.293187381,T,IBM,F,100,298.65
2025-10-07,9:42:09.293743752,T,IBM,I,2,298.67
2025-10-07,9:42:22.979041568,T,IBM,F I,4,298.76
2025-10-07,9:42:22.979784491,T,IBM,F,100,298.83
2025-10-07,9:42:22.979790212,T,IBM,F,100,298.83
2025-10-07,9:42:22.997217022,T,IBM,F I,5,299.0
2025-10-07,9:42:22.997217022,T,IBM,F I,17,299.0
2025-10-07,9:42:23.045968754,T,IBM,F I,5,299.03
2025-10-07,9:42:23.067909085,T,IBM,I,45,299.05
2025-10-07,9:42:23.067936076,T,IBM,F I,55,299.045
2025-10-07,9:42:25.953891743,T,IBM,I,5,299.05
2025-10-07,9:42:25.953894375,T,IBM,I,5,299.03
2025-10-07,9:42:25.953897388,T,IBM,I,90,299.01
2025-10-07,9:42:26.583656564,T,IBM,I,4,298.99
2025-10-07,9:42:28.567825137,T,IBM,I,45,299.03
2025-10-07,9:42:28.567900414,T,IBM,I,39,299.03
2025-10-07,9:42:28.571090899,T,IBM,I,6,299.04
2025-10-07,9:42:28.571094003,T,IBM,I,94,299.03
2025-10-07,9:42:32.110673309,T,IBM,I,35,299.22
2025-10-07,9:42:33.195641238,T,IBM,I,1,299.055
2025-10-07,9:42:35.969558975,T,IBM,F I,1,299.22
2025-10-07,9:42:35.969883727,T,IBM,I,64,299.22
2025-10-07,9:42:36.530703924,T,IBM,F I,1,299.23
2025-10-07,9:42:36.530709826,T,IBM,F,100,299.23
2025-10-07,9:42:36.531007528,T,IBM,F I,2,299.27
2025-10-07,9:42:36.531482588,T,IBM,F I,55,299.27
2025-10-07,9:42:36.531629989,T,IBM,F I,45,299.27
2025-10-07,9:42:36.532255520,T,IBM,F,100,299.27
2025-10-07,9:42:41.448316790,T,IBM,,100,299.25
2025-10-07,9:42:43.560133308,T,IBM,F I,14,299.25
2025-10-07,9:42:43.560244580,T,IBM,I,86,299.25
2025-10-07,9:42:43.925133136,T,IBM,I,17,299.07
2025-10-07,9:42:44.631096913,T,IBM,I,5,299.07
2025-10-07,9:42:44.631123899,T,IBM,F I,5,299.06
2025-10-07,9:42:44.631159961,T,IBM,I,5,299.02
2025-10-07,9:42:44.631196048,T,IBM,F I,5,299.0
2025-10-07,9:42:44.648851046,T,IBM,F,150,298.86
2025-10-07,9:42:44.649341184,T,IBM,F I,4,298.8
2025-10-07,9:42:44.659045373,T,IBM,I,5,298.7
2025-10-07,9:42:46.016597452,T,IBM,F I,5,298.77
2025-10-07,9:42:55.718909850,T,IBM,F,100,298.58
2025-10-07,9:42:57.346155838,T,IBM,F I,5,298.56
2025-10-07,9:42:57.346301110,T,IBM,F I,30,298.51
2025-10-07,9:42:57.346306583,T,IBM,F I,30,298.51
2025-10-07,9:42:57.346312142,T,IBM,F I,9,298.51
2025-10-07,9:42:57.346348309,T,IBM,F I,31,298.51
2025-10-07,9:42:57.346351290,T,IBM,F I,7,298.5
2025-10-07,9:42:57.346354261,T,IBM,F I,23,298.5
2025-10-07,9:42:57.346414456,T,IBM,F I,10,298.47
2025-10-07,9:42:57.347093957,T,IBM,F I,8,298.42
2025-10-07,9:42:57.502624287,T,IBM,I,4,298.4
2025-10-07,9:42:57.502675325,T,IBM,I,15,298.46
2025-10-07,9:42:57.502690399,T,IBM,I,77,298.46
2025-10-07,9:42:58.535665025,T,IBM,F I,5,298.47
2025-10-07,9:42:58.535667455,T,IBM,F I,5,298.47
2025-10-07,9:42:58.535670510,T,IBM,F I,5,298.49
2025-10-07,9:42:58.536022475,T,IBM,I,45,298.47
2025-10-07,9:42:58.536259918,T,IBM,,100,298.41
2025-10-07,9:43:03.841775481,T,IBM,F I,26,298.62
2025-10-07,9:43:03.841809464,T,IBM,I,6,298.62
2025-10-07,9:43:03.841809464,T,IBM,I,10,298.64
2025-10-07,9:43:03.841811689,T,IBM,I,10,298.64
2025-10-07,9:43:03.841835656,T,IBM,F I,6,298.64
2025-10-07,9:43:03.842157346,T,IBM,F I,96,298.69
2025-10-07,9:43:03.842178413,T,IBM,F I,4,298.69
2025-10-07,9:43:05.606761108,T,IBM,F,100,298.84
2025-10-07,9:43:05.606785475,T,IBM,F I,5,298.86
2025-10-07,9:43:05.607945922,T,IBM,F I,10,298.94
2025-10-07,9:43:05.608147410,T,IBM,I,5,298.93
2025-10-07,9:43:05.608357987,T,IBM,I,95,298.93
2025-10-07,9:43:05.608357987,T,IBM,I,5,298.87
2025-10-07,9:43:05.621366942,T,IBM,F I,52,299.1
2025-10-07,9:43:05.636486845,T,IBM,I,5,298.98
2025-10-07,9:43:05.636489946,T,IBM,I,5,298.97
2025-10-07,9:43:05.872696243,T,IBM,I,5,298.95
2025-10-07,9:43:05.872699234,T,IBM,I,5,298.94
2025-10-07,9:43:10.850443495,T,IBM,F,100,298.925
2025-10-07,9:43:14.154631416,T,IBM,F I,2,298.97
2025-10-07,9:43:14.154655409,T,IBM,F I,7,298.97
2025-10-07,9:43:14.155133602,T,IBM,F,100,299.04
2025-10-07,9:43:19.187647150,T,IBM,I,11,298.93
2025-10-07,9:43:19.757016637,T,IBM,F,100,299.07
2025-10-07,9:43:19.757218116,T,IBM,F I,2,299.1
2025-10-07,9:43:20.165713594,T,IBM,I,7,299.13
2025-10-07,9:43:20.165716638,T,IBM,I,4,299.13
2025-10-07,9:43:20.165758711,T,IBM,F I,7,299.13
2025-10-07,9:43:20.165951261,T,IBM,I,7,299.13
2025-10-07,9:43:20.165954350,T,IBM,F I,7,299.13
2025-10-07,9:43:20.165954350,T,IBM,F I,5,299.13
2025-10-07,9:43:20.166098454,T,IBM,F I,7,299.15
2025-10-07,9:43:20.166101487,T,IBM,F I,81,299.15
2025-10-07,9:43:20.166101487,T,IBM,F I,17,299.16
2025-10-07,9:43:20.166122715,T,IBM,F I,83,299.16
2025-10-07,9:43:20.166125519,T,IBM,F I,5,299.16
2025-10-07,9:43:20.199477917,T,IBM,I,5,299.2
2025-10-07,9:43:22.597813568,T,IBM,F I,5,299.2
2025-10-07,9:43:22.597817043,T,IBM,F I,5,299.21
2025-10-07,9:43:22.597819530,T,IBM,F I,5,299.22
2025-10-07,9:43:22.597822585,T,IBM,F,100,299.22
2025-10-07,9:43:22.604299999,T,IBM,I,45,299.36
2025-10-07,9:43:22.668280732,T,IBM,,400,299.5
2025-10-07,9:43:22.674857325,T,IBM,I,1,299.68
2025-10-07,9:43:22.674859927,T,IBM,I,60,299.68
2025-10-07,9:43:22.682453788,T,IBM,F,100,299.75
2025-10-07,9:43:22.685787949,T,IBM,I,25,299.78
2025-10-07,9:43:23.073732493,T,IBM,F I,61,299.645
2025-10-07,9:43:25.295529923,T,IBM,F I,60,299.8
2025-10-07,9:43:25.295535936,T,IBM,,100,299.81
2025-10-07,9:43:25.295539008,T,IBM,I,80,299.81
2025-10-07,9:43:25.295539008,T,IBM,I,2,299.82
2025-10-07,9:43:25.299273727,T,IBM,,100,299.86
2025-10-07,9:43:25.300699230,T,IBM,F I,51,299.87
2025-10-07,9:43:27.541366294,T,IBM,F I,14,299.92
2025-10-07,9:43:27.541405404,T,IBM,F I,5,299.92
2025-10-07,9:43:27.543594600,T,IBM,I,31,299.92
2025-10-07,9:43:27.716088197,T,IBM,,100,299.91
2025-10-07,9:43:28.542834363,T,IBM,I,3,299.91
2025-10-07,9:43:30.097087515,T,IBM,,100,299.91
2025-10-07,9:43:30.097090491,T,IBM,I,7,299.92
2025-10-07,9:43:35.108608047,T,IBM,F I,5,299.81
2025-10-07,9:43:35.108653251,T,IBM,F I,5,299.78
2025-10-07,9:43:35.108695325,T,IBM,F,100,299.77
2025-10-07,9:43:35.108695325,T,IBM,F I,10,299.77
2025-10-07,9:43:35.108719250,T,IBM,F I,2,299.75
2025-10-07,9:43:35.108746323,T,IBM,F I,11,299.75
2025-10-07,9:43:35.109269629,T,IBM,I,2,299.79
2025-10-07,9:43:35.109269629,T,IBM,I,4,299.79
2025-10-07,9:43:35.109275649,T,IBM,I,6,299.8
2025-10-07,9:43:35.109886061,T,IBM,I,7,299.83
2025-10-07,9:43:35.109907151,T,IBM,F I,53,299.83
2025-10-07,9:43:35.110219823,T,IBM,,100,299.84
2025-10-07,9:43:35.118393805,T,IBM,I,75,299.84
2025-10-07,9:43:35.118396348,T,IBM,,100,299.83
2025-10-07,9:43:35.118396348,T,IBM,I,25,299.83
2025-10-07,9:43:35.942727761,T,IBM,F,100,299.77
2025-10-07,9:43:38.473513612,T,IBM,,100,299.86
2025-10-07,9:43:40.965858939,T,IBM,F,100,299.67
2025-10-07,9:43:40.966042455,T,IBM,F I,5,299.71
2025-10-07,9:43:40.966042455,T,IBM,F I,50,299.71
2025-10-07,9:43:42.017877385,T,IBM,F,100,299.81
2025-10-07,9:43:42.018821582,T,IBM,F I,84,299.87
2025-10-07,9:43:42.040362060,T,IBM,F I,16,299.87
2025-10-07,9:43:42.056011146,T,IBM,I,25,299.9
2025-10-07,9:43:43.683632938,T,IBM,F I,80,299.94
2025-10-07,9:43:43.684041867,T,IBM,F I,80,299.94
2025-10-07,9:43:43.684159260,T,IBM,F,100,299.98
2025-10-07,9:43:43.684243405,T,IBM,I,69,299.98
2025-10-07,9:43:43.684243405,T,IBM,I,24,299.98
2025-10-07,9:43:43.684279452,T,IBM,,194,299.98
2025-10-07,9:43:43.684333764,T,IBM,I,80,299.94
2025-10-07,9:43:43.684715507,T,IBM,F,100,299.94
2025-10-07,9:43:43.685025246,T,IBM,,100,299.93
2025-10-07,9:43:43.685163622,T,IBM,F I,2,299.95
2025-10-07,9:43:43.685693372,T,IBM,I,2,299.93
2025-10-07,9:43:43.685695906,T,IBM,I,7,299.93
2025-10-07,9:43:43.689969335,T,IBM,F I,20,299.96
2025-10-07,9:43:43.689972996,T,IBM,F I,4,299.97
2025-10-07,9:43:43.689975113,T,IBM,F,100,300.0
2025-10-07,9:43:43.689978076,T,IBM,F,100,300.0
2025-10-07,9:43:43.689982267,T,IBM,F I,1,300.0
2025-10-07,9:43:43.689988033,T,IBM,F I,20,300.0
2025-10-07,9:43:43.689993462,T,IBM,F I,50,300.0
2025-10-07,9:43:43.689993462,T,IBM,F I,50,300.0
2025-10-07,9:43:43.689999683,T,IBM,F,1800,300.0
2025-10-07,9:43:43.690002161,T,IBM,F,100,300.0
2025-10-07,9:43:43.690005522,T,IBM,F I,30,300.0
2025-10-07,9:43:43.690008328,T,IBM,F I,3,300.0
2025-10-07,9:43:43.690008328,T,IBM,F I,38,300.0
2025-10-07,9:43:43.690012370,T,IBM,F,150,300.0
2025-10-07,9:43:43.690012370,T,IBM,F I,75,300.0
2025-10-07,9:43:43.690015687,T,IBM,F I,19,300.0
2025-10-07,9:43:43.690017355,T,IBM,F,100,300.0
2025-10-07,9:43:43.690110308,T,IBM,F,100,300.0
2025-10-07,9:43:43.691752218,T,IBM,I,7,300.0
2025-10-07,9:43:43.692049951,T,IBM,F,100,299.99
2025-10-07,9:43:43.692461960,T,IBM,F I,19,300.0
2025-10-07,9:43:43.692826479,T,IBM,I,28,300.0
2025-10-07,9:43:43.692847259,T,IBM,F I,10,300.0
2025-10-07,9:43:43.692847259,T,IBM,F I,43,300.0
2025-10-07,9:43:43.692853552,T,IBM,F I,60,300.0
2025-10-07,9:43:43.692868000,T,IBM,I,40,300.0
2025-10-07,9:43:43.693595928,T,IBM,I,32,299.98
2025-10-07,9:43:43.693595928,T,IBM,I,45,299.98
2025-10-07,9:43:43.693661755,T,IBM,I,23,299.975
2025-10-07,9:43:43.694386624,T,IBM,I,22,299.98
2025-10-07,9:43:43.694386624,T,IBM,I,78,299.98
2025-10-07,9:43:43.697953083,T,IBM,I,45,299.985
2025-10-07,9:43:43.697953083,T,IBM,I,11,299.985
2025-10-07,9:43:43.698395076,T,IBM,I,45,299.99
2025-10-07,9:43:43.702445779,T,IBM,F,100,299.97
2025-10-07,9:43:43.804015674,T,IBM,F,100,299.89
2025-10-07,9:43:43.804015674,T,IBM,F I,50,299.89
2025-10-07,9:43:43.804018574,T,IBM,F I,2,299.93
2025-10-07,9:43:43.804021554,T,IBM,F I,48,299.93
2025-10-07,9:43:43.804033543,T,IBM,I,1,299.93
2025-10-07,9:43:44.121289130,T,IBM,I,20,299.7
2025-10-07,9:43:44.121289130,T,IBM,I,45,299.7
2025-10-07,9:43:44.121292061,T,IBM,,100,299.69
2025-10-07,9:43:44.121292061,T,IBM,I,35,299.66
2025-10-07,9:43:44.121301488,T,IBM,I,65,299.66
2025-10-07,9:43:44.121304109,T,IBM,,100,299.66
2025-10-07,9:43:44.121306944,T,IBM,I,20,299.65
2025-10-07,9:43:44.121306944,T,IBM,I,15,299.65
2025-10-07,9:43:45.502251345,T,IBM,I,1,299.74
2025-10-07,9:43:45.502251345,T,IBM,I,99,299.72
2025-10-07,9:43:45.502254405,T,IBM,I,45,299.72
2025-10-07,9:43:45.502311526,T,IBM,F I,5,299.7
2025-10-07,9:43:45.502332603,T,IBM,F I,95,299.7
2025-10-07,9:43:45.502591148,T,IBM,I,65,299.72
2025-10-07,9:43:45.502708473,T,IBM,F I,13,299.68
2025-10-07,9:43:45.502777674,T,IBM,I,10,299.72
2025-10-07,9:43:45.502864900,T,IBM,I,3,299.72
2025-10-07,9:43:45.502864900,T,IBM,I,12,299.72
2025-10-07,9:43:45.859110972,T,IBM,,100,299.66
2025-10-07,9:43:45.859110972,T,IBM,I,31,299.65
2025-10-07,9:43:45.859128978,T,IBM,I,1,299.65
2025-10-07,9:43:45.859793712,T,IBM,F I,99,299.65
2025-10-07,9:43:45.859793712,T,IBM,F,100,299.64
2025-10-07,9:43:45.859835723,T,IBM,F I,95,299.64
2025-10-07,9:43:45.859859716,T,IBM,F I,5,299.64
2025-10-07,9:43:52.920656837,T,IBM,F I,4,299.86
2025-10-07,9:43:52.920680936,T,IBM,F I,6,299.86
2025-10-07,9:43:52.921129018,T,IBM,F I,10,299.87
2025-10-07,9:43:54.378389341,T,IBM,F I,5,299.97
2025-10-07,9:43:54.378393443,T,IBM,F I,76,299.97
2025-10-07,9:43:54.378393443,T,IBM,F I,24,299.97
2025-10-07,9:43:54.378395126,T,IBM,F I,5,299.97
2025-10-07,9:43:54.378413506,T,IBM,I,1,299.97
2025-10-07,9:43:54.378413506,T,IBM,I,20,299.97
2025-10-07,9:43:54.378428208,T,IBM,F I,5,299.97
2025-10-07,9:43:54.378437413,T,IBM,F I,45,299.97
2025-10-07,9:43:54.378575627,T,IBM,F I,20,299.97
2025-10-07,9:43:54.378593601,T,IBM,F,100,299.97
2025-10-07,9:43:54.378596616,T,IBM,F I,50,299.97
2025-10-07,9:43:54.378599685,T,IBM,F,100,299.96
2025-10-07,9:43:54.378659851,T,IBM,F,100,299.93
2025-10-07,9:43:54.378858243,T,IBM,F,100,299.97
2025-10-07,9:43:54.379480706,T,IBM,F I,79,299.97
2025-10-07,9:43:54.379504809,T,IBM,F I,1,299.97
2025-10-07,9:43:54.381086544,T,IBM,F I,1,300.0
2025-10-07,9:43:54.381663970,T,IBM,I,20,300.0
2025-10-07,9:43:54.548883122,T,IBM,I,5,299.98
2025-10-07,9:43:54.548883122,T,IBM,I,32,300.0
2025-10-07,9:43:54.548961283,T,IBM,F I,68,300.0
2025-10-07,9:43:54.548961283,T,IBM,F I,87,300.0
2025-10-07,9:43:54.594643020,T,IBM,I,5,300.0
2025-10-07,9:43:54.594931675,T,IBM,F I,5,300.0
2025-10-07,9:43:54.594940725,T,IBM,F I,90,300.0
2025-10-07,9:43:54.594940725,T,IBM,I,5,299.95
2025-10-07,9:43:55.224279002,T,IBM,I,5,299.96
2025-10-07,9:43:55.224279002,T,IBM,I,5,299.98
2025-10-07,9:43:55.224281954,T,IBM,I,5,300.0
2025-10-07,9:43:55.224284880,T,IBM,I,5,300.01
2025-10-07,9:43:55.224729947,T,IBM,F I,1,300.02
2025-10-07,9:43:55.224751081,T,IBM,F I,3,300.02
2025-10-07,9:43:55.224766103,T,IBM,F I,3,300.02
2025-10-07,9:43:55.224895337,T,IBM,F I,5,300.02
2025-10-07,9:43:57.020557180,T,IBM,,100,300.11
2025-10-07,9:43:57.020575244,T,IBM,I,80,300.11
2025-10-07,9:43:58.048040301,T,IBM,F I,5,300.16
2025-10-07,9:43:58.048040301,T,IBM,F I,50,300.18
2025-10-07,9:43:58.048064271,T,IBM,I,5,300.18
2025-10-07,9:43:58.048064271,T,IBM,I,5,300.18
2025-10-07,9:43:58.050265548,T,IBM,F,169,300.3
2025-10-07,9:44:03.643118055,T,IBM,I,10,300.19
2025-10-07,9:44:04.174425897,T,IBM,F,100,300.13
2025-10-07,9:44:04.235239672,T,IBM,F I,2,300.03
2025-10-07,9:44:04.235261476,T,IBM,I,2,300.03
2025-10-07,9:44:04.235261476,T,IBM,F I,18,300.03
2025-10-07,9:44:04.235263727,T,IBM,F I,84,300.03
2025-10-07,9:44:04.235273031,T,IBM,F I,16,300.03
2025-10-07,9:44:04.235273031,T,IBM,F I,2,300.02
2025-10-07,9:44:04.235275682,T,IBM,F I,84,300.02
2025-10-07,9:44:04.235293814,T,IBM,F I,16,300.02
2025-10-07,9:44:04.235384024,T,IBM,I,5,300.04
2025-10-07,9:44:04.235714746,T,IBM,I,10,300.02
2025-10-07,9:44:04.236178514,T,IBM,I,10,300.02
2025-10-07,9:44:04.236181193,T,IBM,F I,80,300.02
2025-10-07,9:44:04.247650222,T,IBM,F I,80,300.03
2025-10-07,9:44:12.442125782,T,IBM,,100,300.28
2025-10-07,9:44:12.442125782,T,IBM,I,3,300.29
2025-10-07,9:44:12.442128082,T,IBM,I,10,300.29
2025-10-07,9:44:12.442131156,T,IBM,I,70,300.29
2025-10-07,9:44:12.442131156,T,IBM,I,53,300.29
2025-10-07,9:44:12.442660398,T,IBM,F I,1,300.3
2025-10-07,9:44:13.090772539,T,IBM,,100,300.28
2025-10-07,9:44:13.090808412,T,IBM,,100,300.25
2025-10-07,9:44:13.090818062,T,IBM,I,70,300.25
2025-10-07,9:44:13.090820462,T,IBM,I,6,300.25
2025-10-07,9:44:13.266938185,T,IBM,I,5,300.35
2025-10-07,9:44:13.266940727,T,IBM,I,5,300.36
2025-10-07,9:44:13.266943742,T,IBM,I,90,300.36
2025-10-07,9:44:17.780463741,T,IBM,F I,31,300.16
2025-10-07,9:44:17.780560079,T,IBM,F I,31,300.16
2025-10-07,9:44:17.780752516,T,IBM,F I,31,300.15
2025-10-07,9:44:17.780773478,T,IBM,I,31,300.15
2025-10-07,9:44:17.789109380,T,IBM,I,50,300.04
2025-10-07,9:44:17.789112343,T,IBM,I,13,300.04
2025-10-07,9:44:17.789755937,T,IBM,F I,12,300.02
2025-10-07,9:44:17.789773962,T,IBM,I,12,300.02
2025-10-07,9:44:17.789924499,T,IBM,I,5,300.1
2025-10-07,9:44:17.789927294,T,IBM,I,35,300.11
2025-10-07,9:44:17.789927294,T,IBM,I,65,300.11
2025-10-07,9:44:17.790252736,T,IBM,,100,300.03
2025-10-07,9:44:17.790309273,T,IBM,F I,35,300.02
2025-10-07,9:44:17.790309273,T,IBM,F I,70,300.02
2025-10-07,9:44:17.790312200,T,IBM,F,100,300.02
2025-10-07,9:44:17.790318296,T,IBM,I,14,300.02
2025-10-07,9:44:17.790432512,T,IBM,I,5,300.11
2025-10-07,9:44:17.790739235,T,IBM,I,96,300.11
2025-10-07,9:44:17.791052015,T,IBM,F I,40,300.11
2025-10-07,9:44:17.852605864,T,IBM,I,5,300.12
2025-10-07,9:44:17.852608578,T,IBM,I,5,300.13
2025-10-07,9:44:17.852608578,T,IBM,I,10,300.16
2025-10-07,9:44:18.120071327,T,IBM,F I,10,300.16
2025-10-07,9:44:18.613840740,T,IBM,I,10,300.2
2025-10-07,9:44:26.458532029,T,IBM,I,37,300.1
2025-10-07,9:44:26.458538078,T,IBM,I,63,300.1
2025-10-07,9:44:26.458541029,T,IBM,I,5,300.1
2025-10-07,9:44:26.499444515,T,IBM,I,5,300.11
2025-10-07,9:44:26.501365944,T,IBM,F I,5,300.15
2025-10-07,9:44:26.501417119,T,IBM,F I,5,300.17
2025-10-07,9:44:27.222064756,T,IBM,F I,5,300.28
2025-10-07,9:44:27.531221704,T,IBM,F I,5,300.35
2025-10-07,9:44:28.347785646,T,IBM,F I,4,300.43
2025-10-07,9:44:28.347785646,T,IBM,F I,20,300.44
2025-10-07,9:44:28.347788654,T,IBM,F I,21,300.44
2025-10-07,9:44:28.347801526,T,IBM,I,1,300.44
2025-10-07,9:44:28.347801526,T,IBM,I,18,300.44
2025-10-07,9:44:28.347845712,T,IBM,F I,10,300.45
2025-10-07,9:44:28.347848725,T,IBM,F I,70,300.45
2025-10-07,9:44:28.348576491,T,IBM,F I,70,300.45
2025-10-07,9:44:28.348817064,T,IBM,I,2,300.46
2025-10-07,9:44:28.349075672,T,IBM,F I,1,300.48
2025-10-07,9:44:28.349078720,T,IBM,F I,1,300.48
2025-10-07,9:44:28.365948922,T,IBM,I,5,300.45
2025-10-07,9:44:28.366057151,T,IBM,I,95,300.45
2025-10-07,9:44:28.829977660,T,IBM,F I,2,300.47
2025-10-07,9:44:28.829983596,T,IBM,F I,3,300.47
2025-10-07,9:44:28.829986588,T,IBM,F I,2,300.48
2025-10-07,9:44:28.829989562,T,IBM,F I,1,300.5
2025-10-07,9:44:28.829989562,T,IBM,F I,45,300.5
2025-10-07,9:44:28.830031724,T,IBM,I,5,300.5
2025-10-07,9:44:30.770749771,T,IBM,I,5,300.36
2025-10-07,9:44:30.770776836,T,IBM,F I,95,300.355
2025-10-07,9:44:31.471538166,T,IBM,,100,300.34
2025-10-07,9:44:31.580689714,T,IBM,F I,20,300.28
2025-10-07,9:44:31.580701030,T,IBM,I,4,300.25
2025-10-07,9:44:32.894483602,T,IBM,F,100,300.15
2025-10-07,9:44:32.894504840,T,IBM,F I,2,300.14
2025-10-07,9:44:32.894507626,T,IBM,F,100,300.14
2025-10-07,9:44:32.894571254,T,IBM,I,5,300.14
2025-10-07,9:44:32.894571254,T,IBM,I,5,300.17
2025-10-07,9:44:32.894573808,T,IBM,I,18,300.21
2025-10-07,9:44:32.895079052,T,IBM,F I,5,300.14
2025-10-07,9:44:37.066300492,T,IBM,F,100,300.05
2025-10-07,9:44:37.066396359,T,IBM,F I,7,299.97
2025-10-07,9:44:37.066411427,T,IBM,F I,7,299.96
2025-10-07,9:44:37.066453554,T,IBM,I,31,300.01
2025-10-07,9:44:39.516415986,T,IBM,I,20,300.03
2025-10-07,9:44:39.516419012,T,IBM,I,80,300.03
2025-10-07,9:44:41.135620743,T,IBM,I,2,300.05
2025-10-07,9:44:41.135683881,T,IBM,I,4,300.05
2025-10-07,9:44:41.135978494,T,IBM,I,1,300.13
2025-10-07,9:44:41.135982507,T,IBM,I,1,300.13
2025-10-07,9:44:41.136586049,T,IBM,F I,70,300.13
2025-10-07,9:44:41.349989058,T,IBM,I,70,300.1
2025-10-07,9:44:42.352100660,T,IBM,F I,5,300.11
2025-10-07,9:44:42.526106970,T,IBM,,100,300.05
2025-10-07,9:44:44.309514582,T,IBM,I,30,300.04
2025-10-07,9:44:44.309992633,T,IBM,I,5,300.11
2025-10-07,9:44:44.309996472,T,IBM,,100,300.15
2025-10-07,9:44:44.309996472,T,IBM,I,5,300.17
2025-10-07,9:44:44.309998703,T,IBM,I,26,300.18
2025-10-07,9:44:44.642043113,T,IBM,I,12,300.13
2025-10-07,9:44:44.642082295,T,IBM,I,16,300.18
2025-10-07,9:44:44.642082295,T,IBM,I,74,300.18
2025-10-07,9:44:44.642085401,T,IBM,I,46,300.2
2025-10-07,9:44:44.642226556,T,IBM,F I,12,300.13
2025-10-07,9:44:44.642310759,T,IBM,F I,4,300.13
2025-10-07,9:44:45.073137450,T,IBM,F I,10,300.045
2025-10-07,9:44:45.073137450,T,IBM,F I,10,300.045
2025-10-07,9:44:46.233865060,T,IBM,F I,5,300.13
2025-10-07,9:44:46.233865060,T,IBM,F I,70,300.14
2025-10-07,9:44:46.233868257,T,IBM,F I,63,300.14
2025-10-07,9:44:46.233868257,T,IBM,F I,5,300.14
2025-10-07,9:44:46.233870736,T,IBM,F,100,300.14
2025-10-07,9:44:46.234003634,T,IBM,F I,5,300.15
2025-10-07,9:44:46.234005964,T,IBM,F I,5,300.15
2025-10-07,9:44:46.234120323,T,IBM,I,10,300.16
2025-10-07,9:44:46.234126265,T,IBM,I,10,300.16
2025-10-07,9:44:46.234153974,T,IBM,F I,5,300.16
2025-10-07,9:44:46.287458277,T,IBM,I,5,300.17
2025-10-07,9:44:46.287462056,T,IBM,I,5,300.17
2025-10-07,9:44:46.287462056,T,IBM,I,30,300.18
2025-10-07,9:44:46.287464425,T,IBM,,100,300.18
2025-10-07,9:44:46.287468237,T,IBM,I,20,300.18
2025-10-07,9:44:46.287468237,T,IBM,,195,300.18
2025-10-07,9:44:46.287470592,T,IBM,I,5,300.18
2025-10-07,9:44:46.287722874,T,IBM,I,70,300.23
2025-10-07,9:44:46.287722874,T,IBM,I,30,300.18
2025-10-07,9:44:46.287744011,T,IBM,F I,70,300.18
2025-10-07,9:44:48.462452071,T,IBM,I,6,300.23
2025-10-07,9:44:48.462473183,T,IBM,F I,14,300.23
2025-10-07,9:44:48.462473183,T,IBM,F I,40,300.23
2025-10-07,9:44:48.463264034,T,IBM,F I,5,300.28
2025-10-07,9:44:48.463303197,T,IBM,F I,64,300.28
2025-10-07,9:44:48.463633926,T,IBM,I,7,300.29
2025-10-07,9:44:48.463727203,T,IBM,I,7,300.23
2025-10-07,9:44:49.244626136,T,IBM,F I,20,300.28
2025-10-07,9:44:50.814528563,T,IBM,I,1,300.41
2025-10-07,9:44:50.814546635,T,IBM,F I,8,300.41
2025-10-07,9:44:51.938905257,T,IBM,F I,5,300.43
2025-10-07,9:44:51.938905257,T,IBM,F I,5,300.43
2025-10-07,9:44:51.938908654,T,IBM,F I,5,300.43
2025-10-07,9:44:51.938911432,T,IBM,F I,5,300.43
2025-10-07,9:44:51.938914312,T,IBM,F I,60,300.43
2025-10-07,9:44:51.940035905,T,IBM,I,5,300.53
2025-10-07,9:44:51.940035905,T,IBM,I,35,300.53
2025-10-07,9:44:52.690902496,T,IBM,I,5,300.35
2025-10-07,9:44:52.690902496,T,IBM,I,95,300.36
2025-10-07,9:44:56.866441858,T,IBM,F I,5,300.22
2025-10-07,9:44:56.866447854,T,IBM,F,100,300.24
2025-10-07,9:44:56.866496039,T,IBM,F I,5,300.26
2025-10-07,9:44:56.866499038,T,IBM,F I,5,300.26
2025-10-07,9:44:57.418358108,T,IBM,F I,10,300.3
2025-10-07,9:44:57.418484081,T,IBM,F I,31,300.32
2025-10-07,9:44:57.419001343,T,IBM,F I,39,300.32
2025-10-07,9:44:58.036133388,T,IBM,I,1,300.42
2025-10-07,9:44:58.495846880,T,IBM,I,1,300.33
2025-10-07,9:45:00.516056295,T,IBM,F I,3,300.33
2025-10-07,9:45:00.516056295,T,IBM,F I,5,300.32
2025-10-07,9:45:00.516113484,T,IBM,F I,5,300.28
2025-10-07,9:45:00.516182899,T,IBM,F I,5,300.24
2025-10-07,9:45:00.516182899,T,IBM,F I,32,300.23
2025-10-07,9:45:00.516209759,T,IBM,F I,5,300.22
2025-10-07,9:45:00.516209759,T,IBM,F I,5,300.21
2025-10-07,9:45:00.516594593,T,IBM,F I,5,300.23
2025-10-07,9:45:00.516597528,T,IBM,F I,5,300.22
2025-10-07,9:45:00.517532826,T,IBM,F I,5,300.32
2025-10-07,9:45:00.517536611,T,IBM,F I,5,300.34
2025-10-07,9:45:00.517538792,T,IBM,F I,5,300.34
2025-10-07,9:45:00.517674172,T,IBM,F I,5,300.38
2025-10-07,9:45:00.518053657,T,IBM,F I,4,300.41
2025-10-07,9:45:00.518056230,T,IBM,F I,8,300.43
2025-10-07,9:45:00.518056230,T,IBM,F I,67,300.43
2025-10-07,9:45:00.518074203,T,IBM,I,1,300.43
2025-10-07,9:45:00.521219605,T,IBM,F,159,300.41
2025-10-07,9:45:00.521219605,T,IBM,F I,70,300.41
2025-10-07,9:45:00.521595506,T,IBM,F I,30,300.41
2025-10-07,9:45:00.521628525,T,IBM,F I,60,300.41
2025-10-07,9:45:00.522825425,T,IBM,I,45,300.42
2025-10-07,9:45:00.522879587,T,IBM,I,45,300.41
2025-10-07,9:45:00.522924585,T,IBM,I,10,300.41
2025-10-07,9:45:01.256211246,T,IBM,F I,5,300.44
2025-10-07,9:45:02.026369296,T,IBM,F I,5,300.44
2025-10-07,9:45:02.026372091,T,IBM,F I,2,300.44
2025-10-07,9:45:02.026372091,T,IBM,F I,5,300.43
2025-10-07,9:45:02.880462650,T,IBM,F I,5,300.39
2025-10-07,9:45:02.880465010,T,IBM,F I,1,300.38
2025-10-07,9:45:02.880495086,T,IBM,F I,5,300.38
2025-10-07,9:45:02.880546634,T,IBM,I,5,300.42
2025-10-07,9:45:02.880549179,T,IBM,I,11,300.435
2025-10-07,9:45:02.880561293,T,IBM,I,14,300.435
2025-10-07,9:45:02.880564243,T,IBM,I,56,300.44
2025-10-07,9:45:02.880582314,T,IBM,I,1,300.44
2025-10-07,9:45:02.880591241,T,IBM,I,13,300.44
2025-10-07,9:45:02.880852937,T,IBM,F I,1,300.39
2025-10-07,9:45:02.881087426,T,IBM,I,6,300.43
2025-10-07,9:45:02.881285990,T,IBM,I,33,300.43
2025-10-07,9:45:02.881307022,T,IBM,I,1,300.43
2025-10-07,9:45:02.881310329,T,IBM,F,366,300.43
2025-10-07,9:45:02.881316170,T,IBM,I,70,300.48
2025-10-07,9:45:02.881316170,T,IBM,I,1,300.48
2025-10-07,9:45:02.882236211,T,IBM,F,250,300.5
2025-10-07,9:45:02.893973185,T,IBM,F,200,300.57
2025-10-07,9:45:02.895612015,T,IBM,I,32,300.56
2025-10-07,9:45:03.938901539,T,IBM,I,5,300.56
2025-10-07,9:45:03.938904060,T,IBM,I,3,300.53
2025-10-07,9:45:03.938906789,T,IBM,,100,300.51
2025-10-07,9:45:03.946475797,T,IBM,I,20,300.33
2025-10-07,9:45:03.946475797,T,IBM,I,32,300.33
2025-10-07,9:45:03.946481856,T,IBM,I,45,300.33
2025-10-07,9:45:03.946484812,T,IBM,I,4,300.32
2025-10-07,9:45:06.023367060,T,IBM,,100,300.45
2025-10-07,9:45:06.023367060,T,IBM,I,25,300.45
2025-10-07,9:45:06.023989549,T,IBM,I,5,300.45
2025-10-07,9:45:06.026284059,T,IBM,I,15,300.45
2025-10-07,9:45:07.380909871,T,IBM,F I,5,300.37
2025-10-07,9:45:07.380957970,T,IBM,F,100,300.33
