DATE,TIME_M,EX,SYM_ROOT,TR_SCOND,SIZE,PRICE
2025-12-08,9:30:00.536936427,T,IBM,I,1,309.6
2025-12-08,9:30:00.536972455,T,IBM,,99,309.61
2025-12-08,9:30:00.536975474,T,IBM,F I,1,309.61
2025-12-08,9:30:00.536975474,T,IBM,F I,2,309.66
2025-12-08,9:30:00.536981503,T,IBM,Q,1,309.6
2025-12-08,9:30:00.537104768,T,IBM,F I,1,309.66
2025-12-08,9:30:00.553079143,T,IBM,I,1,308.47
2025-12-08,9:30:00.553163049,T,IBM,I,1,309.24
2025-12-08,9:30:00.556777629,T,IBM,F I,1,309.61
2025-12-08,9:30:01.425494781,T,IBM,I,30,309.39
2025-12-08,9:30:01.435475878,T,IBM,I,1,309.14
2025-12-08,9:30:01.435481475,T,IBM,,79,309.14
2025-12-08,9:30:01.435646874,T,IBM,,80,309.11
2025-12-08,9:30:01.578417918,T,IBM,F,40,309.09
2025-12-08,9:30:01.578420877,T,IBM,F,40,309.09
2025-12-08,9:30:01.805423132,T,IBM,I,1,309.18
2025-12-08,9:30:02.036910512,T,IBM,I,1,309.15
2025-12-08,9:30:03.423697634,T,IBM,,55,308.805
2025-12-08,9:30:03.947776237,T,IBM,,40,309.15
2025-12-08,9:30:03.947785293,T,IBM,F I,4,309.15
2025-12-08,9:30:03.947788654,T,IBM,F I,36,309.27
2025-12-08,9:30:03.947791249,T,IBM,I,7,309.27
2025-12-08,9:30:03.947962635,T,IBM,F,40,309.27
2025-12-08,9:30:04.350510004,T,IBM,I,7,309.41
2025-12-08,9:30:04.350657369,T,IBM,I,18,309.41
2025-12-08,9:30:04.454843393,T,IBM,I,1,309.31
2025-12-08,9:30:05.024655145,T,IBM,F I,30,309.53
2025-12-08,9:30:05.024655145,T,IBM,F I,1,309.6
2025-12-08,9:30:05.024655145,T,IBM,F I,1,309.62
2025-12-08,9:30:05.024657984,T,IBM,F I,9,309.62
2025-12-08,9:30:06.089222167,T,IBM,F I,10,309.62
2025-12-08,9:30:06.089291366,T,IBM,F I,21,309.62
2025-12-08,9:30:06.089291366,T,IBM,F I,5,309.62
2025-12-08,9:30:06.868548323,T,IBM,F I,2,309.85
2025-12-08,9:30:06.869172161,T,IBM,I,2,309.76
2025-12-08,9:30:06.869212903,T,IBM,F I,1,309.71
2025-12-08,9:30:06.904375675,T,IBM,F I,1,309.93
2025-12-08,9:30:06.904378705,T,IBM,F I,2,309.94
2025-12-08,9:30:06.904742489,T,IBM,,100,310.0
2025-12-08,9:30:07.243126047,T,IBM,F I,12,310.2
2025-12-08,9:30:07.245697186,T,IBM,I,4,310.2
2025-12-08,9:30:07.413770240,T,IBM,I,13,310.21
2025-12-08,9:30:07.985262703,T,IBM,,100,310.21
2025-12-08,9:30:11.819600529,T,IBM,,82,310.02
2025-12-08,9:30:11.819892358,T,IBM,,40,309.92
2025-12-08,9:30:11.819892358,T,IBM,,40,309.92
2025-12-08,9:30:23.418585530,T,IBM,I,1,308.96
2025-12-08,9:30:23.418587842,T,IBM,,53,308.95
2025-12-08,9:30:23.418590687,T,IBM,,40,308.94
2025-12-08,9:30:23.418590687,T,IBM,,40,308.94
2025-12-08,9:30:23.418954569,T,IBM,F,63,308.94
2025-12-08,9:30:23.418954569,T,IBM,F I,17,308.94
2025-12-08,9:30:23.420749816,T,IBM,,83,308.94
2025-12-08,9:30:23.420752884,T,IBM,,40,308.94
2025-12-08,9:30:23.421796340,T,IBM,F I,3,308.89
2025-12-08,9:30:23.422860908,T,IBM,F I,1,308.82
2025-12-08,9:30:23.428832925,T,IBM,,40,308.54
2025-12-08,9:30:23.428836331,T,IBM,,100,308.54
2025-12-08,9:30:23.428836331,T,IBM,,140,308.52
2025-12-08,9:30:23.428956428,T,IBM,F I,3,308.87
2025-12-08,9:30:23.428986427,T,IBM,I,1,308.87
2025-12-08,9:30:23.429112952,T,IBM,F I,3,308.54
2025-12-08,9:30:23.429112952,T,IBM,F I,1,308.54
2025-12-08,9:30:23.429115746,T,IBM,F I,36,308.51
2025-12-08,9:30:23.429130862,T,IBM,I,1,308.51
2025-12-08,9:30:23.429157897,T,IBM,I,3,308.51
2025-12-08,9:30:23.429696184,T,IBM,F I,20,308.77
2025-12-08,9:30:23.429705139,T,IBM,F I,37,308.79
2025-12-08,9:30:23.429705139,T,IBM,F I,20,308.8
2025-12-08,9:30:23.429810371,T,IBM,,53,308.66
2025-12-08,9:30:23.429813478,T,IBM,I,5,308.65
2025-12-08,9:30:23.429972844,T,IBM,I,20,308.7
2025-12-08,9:30:23.429976073,T,IBM,I,26,308.65
2025-12-08,9:30:23.429976073,T,IBM,,40,308.52
2025-12-08,9:30:23.431178645,T,IBM,F I,19,308.72
2025-12-08,9:30:23.431314192,T,IBM,F I,11,308.72
2025-12-08,9:30:23.431795147,T,IBM,I,5,308.79
2025-12-08,9:30:23.433322800,T,IBM,,53,308.66
2025-12-08,9:30:24.106388117,T,IBM,F I,5,308.55
2025-12-08,9:30:24.109208793,T,IBM,I,37,308.95
2025-12-08,9:30:25.053682203,T,IBM,F I,25,308.83
2025-12-08,9:30:26.208569435,T,IBM,F,50,308.91
2025-12-08,9:30:34.900575125,T,IBM,F,80,308.51
2025-12-08,9:30:34.900906002,T,IBM,F,40,308.51
2025-12-08,9:30:37.445401233,T,IBM,I,4,308.26
2025-12-08,9:30:37.445401233,T,IBM,F I,4,308.26
2025-12-08,9:30:37.445479428,T,IBM,F I,4,308.25
2025-12-08,9:30:38.307592787,T,IBM,F,40,308.02
2025-12-08,9:30:38.307604833,T,IBM,F I,1,308.02
2025-12-08,9:30:38.307851421,T,IBM,F I,38,308.02
2025-12-08,9:30:38.307872407,T,IBM,F I,2,308.02
2025-12-08,9:30:38.308188639,T,IBM,I,5,308.07
2025-12-08,9:30:38.308191547,T,IBM,,53,308.13
2025-12-08,9:30:38.308194163,T,IBM,I,4,308.135
2025-12-08,9:30:38.318433563,T,IBM,I,5,308.14
2025-12-08,9:30:38.318442572,T,IBM,I,37,308.15
2025-12-08,9:30:38.318782388,T,IBM,I,18,308.2
2025-12-08,9:30:38.327599323,T,IBM,F I,1,308.19
2025-12-08,9:30:38.370382242,T,IBM,F,40,308.15
2025-12-08,9:30:38.370454377,T,IBM,I,34,308.15
2025-12-08,9:30:41.376861395,T,IBM,I,8,308.31
2025-12-08,9:30:44.876205754,T,IBM,F I,8,308.46
2025-12-08,9:30:44.876205754,T,IBM,F I,8,308.46
2025-12-08,9:30:44.876213810,T,IBM,F I,4,308.46
2025-12-08,9:31:02.786658646,T,IBM,F I,6,308.56
2025-12-08,9:31:02.786716440,T,IBM,F I,2,308.6
2025-12-08,9:31:02.786718820,T,IBM,F I,2,308.6
2025-12-08,9:31:04.793068126,T,IBM,I,9,308.96
2025-12-08,9:31:15.447055551,T,IBM,I,1,308.97
2025-12-08,9:31:23.150391794,T,IBM,I,5,309.02
2025-12-08,9:31:23.150391794,T,IBM,I,37,309.03
2025-12-08,9:31:23.150394937,T,IBM,I,37,309.05
2025-12-08,9:31:23.150394937,T,IBM,I,5,309.05
2025-12-08,9:31:23.150397869,T,IBM,I,16,309.055
2025-12-08,9:31:25.989600699,T,IBM,F I,5,308.81
2025-12-08,9:31:27.176541424,T,IBM,I,2,309.35
2025-12-08,9:31:27.176601523,T,IBM,I,28,309.4
2025-12-08,9:31:27.686459398,T,IBM,F I,5,309.41
2025-12-08,9:31:27.686465404,T,IBM,F,50,309.41
2025-12-08,9:31:27.686468407,T,IBM,F I,25,309.4
2025-12-08,9:31:27.686480365,T,IBM,F I,14,309.39
2025-12-08,9:31:27.686516427,T,IBM,F I,10,309.37
2025-12-08,9:31:27.686516427,T,IBM,F I,4,309.37
2025-12-08,9:31:27.686546804,T,IBM,I,37,309.29
2025-12-08,9:31:27.686549681,T,IBM,I,33,309.26
2025-12-08,9:31:28.399300285,T,IBM,F,100,309.26
2025-12-08,9:31:28.399300285,T,IBM,F I,10,309.25
2025-12-08,9:31:28.399325009,T,IBM,I,20,309.25
2025-12-08,9:31:28.399327283,T,IBM,,40,309.25
2025-12-08,9:31:28.399330253,T,IBM,,40,309.25
2025-12-08,9:31:28.399393791,T,IBM,,59,309.25
2025-12-08,9:31:28.399396411,T,IBM,,41,309.25
2025-12-08,9:31:28.399754844,T,IBM,F,40,309.25
2025-12-08,9:31:28.399757291,T,IBM,F I,8,309.25
2025-12-08,9:31:28.399760283,T,IBM,F I,1,309.25
2025-12-08,9:31:28.399778361,T,IBM,I,1,309.25
2025-12-08,9:31:28.400226461,T,IBM,F I,10,309.21
2025-12-08,9:31:28.400226461,T,IBM,F I,20,309.21
2025-12-08,9:31:28.400229398,T,IBM,F I,10,309.2
2025-12-08,9:31:28.400250785,T,IBM,F I,8,309.2
2025-12-08,9:31:28.400250785,T,IBM,F,40,309.2
2025-12-08,9:31:28.404770231,T,IBM,F,40,309.22
2025-12-08,9:31:35.238845159,T,IBM,F,40,309.5
2025-12-08,9:31:38.661424972,T,IBM,F,100,309.54
2025-12-08,9:31:58.303126891,T,IBM,F I,1,309.62
2025-12-08,9:31:58.303126891,T,IBM,F I,5,309.62
2025-12-08,9:31:58.303214065,T,IBM,F I,2,309.73
2025-12-08,9:32:18.324924907,T,IBM,F I,1,309.84
2025-12-08,9:32:18.333200538,T,IBM,,40,309.75
2025-12-08,9:32:20.896195950,T,IBM,I,1,309.75
2025-12-08,9:32:20.896195950,T,IBM,I,25,309.75
2025-12-08,9:32:20.896213946,T,IBM,I,1,309.75
2025-12-08,9:32:22.051705581,T,IBM,F I,1,309.95
2025-12-08,9:32:22.051705581,T,IBM,F I,3,309.95
2025-12-08,9:32:22.051711611,T,IBM,F,100,309.99
2025-12-08,9:32:22.051711611,T,IBM,F,707,310.0
2025-12-08,9:32:22.051750926,T,IBM,I,20,310.0
2025-12-08,9:32:22.051750926,T,IBM,,80,310.0
2025-12-08,9:32:22.063418524,T,IBM,I,5,310.165
2025-12-08,9:32:22.063442685,T,IBM,F,95,310.165
2025-12-08,9:32:22.267923265,T,IBM,F I,37,310.29
2025-12-08,9:32:22.273176836,T,IBM,,80,310.44
2025-12-08,9:32:22.273179854,T,IBM,I,20,310.44
2025-12-08,9:32:22.273179854,T,IBM,,60,310.45
2025-12-08,9:32:22.273182781,T,IBM,F I,20,310.45
2025-12-08,9:32:22.273796310,T,IBM,F,80,310.56
2025-12-08,9:32:22.273814328,T,IBM,F,80,310.56
2025-12-08,9:32:22.273850456,T,IBM,F I,3,310.57
2025-12-08,9:32:22.560005666,T,IBM,F I,6,310.78
2025-12-08,9:32:22.564162259,T,IBM,I,30,310.94
2025-12-08,9:32:22.564164569,T,IBM,I,10,310.99
2025-12-08,9:32:22.564281778,T,IBM,,40,310.99
2025-12-08,9:32:22.564348062,T,IBM,F,40,311.0
2025-12-08,9:32:22.564357004,T,IBM,I,30,310.95
2025-12-08,9:32:22.851116650,T,IBM,I,10,310.91
2025-12-08,9:32:24.133805896,T,IBM,I,20,311.11
2025-12-08,9:32:24.133808236,T,IBM,I,20,311.11
2025-12-08,9:32:24.133832308,T,IBM,,60,311.11
2025-12-08,9:32:24.133835258,T,IBM,,109,311.11
2025-12-08,9:32:28.128716259,T,IBM,F,41,311.22
2025-12-08,9:32:28.133738316,T,IBM,F,40,311.235
2025-12-08,9:32:28.268263509,T,IBM,I,8,311.33
2025-12-08,9:32:29.268008462,T,IBM,F I,30,311.31
2025-12-08,9:32:30.757896138,T,IBM,F,97,311.5
2025-12-08,9:32:30.757935245,T,IBM,F I,3,311.55
2025-12-08,9:32:30.758822395,T,IBM,F I,1,311.66
2025-12-08,9:32:30.758852464,T,IBM,F I,1,311.66
2025-12-08,9:32:30.758858499,T,IBM,F I,2,311.66
2025-12-08,9:32:31.758368864,T,IBM,F I,30,311.54
2025-12-08,9:32:33.224990379,T,IBM,F I,34,311.56
2025-12-08,9:32:33.228439409,T,IBM,F I,30,311.58
2025-12-08,9:32:33.362796433,T,IBM,F I,23,311.56
2025-12-08,9:32:39.587611825,T,IBM,F I,3,311.56
2025-12-08,9:32:39.587614779,T,IBM,F,40,311.56
2025-12-08,9:32:44.701261973,T,IBM,F I,1,311.7
2025-12-08,9:32:44.701264287,T,IBM,F I,39,311.7
2025-12-08,9:32:44.701282149,T,IBM,F,61,311.7
2025-12-08,9:32:44.701285236,T,IBM,F,62,311.7
2025-12-08,9:32:44.701306274,T,IBM,F,50,311.71
2025-12-08,9:32:44.702148194,T,IBM,,120,311.655
2025-12-08,9:32:45.704930398,T,IBM,,40,311.78
2025-12-08,9:32:45.704930398,T,IBM,I,30,311.77
2025-12-08,9:32:45.704933431,T,IBM,I,10,311.76
2025-12-08,9:32:45.704939461,T,IBM,,70,311.76
2025-12-08,9:32:45.705095784,T,IBM,F I,8,311.8
2025-12-08,9:32:45.705468732,T,IBM,,46,311.83
2025-12-08,9:32:45.719500147,T,IBM,F I,11,311.84
2025-12-08,9:32:45.719506059,T,IBM,F,50,311.84
2025-12-08,9:32:45.719539201,T,IBM,F,89,311.84
2025-12-08,9:32:45.720448727,T,IBM,F I,1,311.83
2025-12-08,9:32:45.720453308,T,IBM,F,498,311.83
2025-12-08,9:32:45.720453308,T,IBM,I,12,311.78
2025-12-08,9:32:45.720471462,T,IBM,F,56,311.78
2025-12-08,9:32:45.720471462,T,IBM,I,1,311.78
2025-12-08,9:32:45.720477947,T,IBM,I,31,311.78
2025-12-08,9:32:45.720480440,T,IBM,,447,311.83
2025-12-08,9:32:45.720498446,T,IBM,F I,31,311.83
2025-12-08,9:32:46.707201838,T,IBM,F,40,311.885
2025-12-08,9:32:46.707204972,T,IBM,F,40,311.77
2025-12-08,9:32:46.707207369,T,IBM,F,40,311.77
2025-12-08,9:32:46.707207369,T,IBM,F,40,311.77
2025-12-08,9:32:46.707291683,T,IBM,F,40,311.73
2025-12-08,9:32:46.707300603,T,IBM,F,40,311.73
2025-12-08,9:32:46.707321658,T,IBM,F,40,311.73
2025-12-08,9:32:46.707321658,T,IBM,F,40,311.73
2025-12-08,9:32:46.707333681,T,IBM,F,40,311.73
2025-12-08,9:32:46.707366784,T,IBM,,50,311.75
2025-12-08,9:32:46.707366784,T,IBM,I,25,311.75
2025-12-08,9:32:46.707366784,T,IBM,I,25,311.77
2025-12-08,9:32:46.707411816,T,IBM,I,12,311.77
2025-12-08,9:32:46.707462982,T,IBM,,63,311.77
2025-12-08,9:32:46.707526185,T,IBM,I,16,311.77
2025-12-08,9:32:46.707565210,T,IBM,F I,25,311.77
2025-12-08,9:32:46.707572042,T,IBM,I,25,311.77
2025-12-08,9:32:46.707598267,T,IBM,F,54,311.77
2025-12-08,9:32:46.707640394,T,IBM,I,9,311.78
2025-12-08,9:32:46.707667524,T,IBM,F I,14,311.78
2025-12-08,9:32:46.707685703,T,IBM,,200,311.75
2025-12-08,9:32:46.707805759,T,IBM,,60,311.77
2025-12-08,9:32:46.707805759,T,IBM,,120,311.77
2025-12-08,9:32:46.707950261,T,IBM,,40,311.77
2025-12-08,9:32:46.708076440,T,IBM,,120,311.77
2025-12-08,9:32:46.708229814,T,IBM,F I,2,311.76
2025-12-08,9:32:46.708882452,T,IBM,,40,311.77
2025-12-08,9:32:46.724360254,T,IBM,I,18,311.77
2025-12-08,9:32:46.724363276,T,IBM,F I,20,311.77
2025-12-08,9:32:46.724363276,T,IBM,F I,13,311.77
2025-12-08,9:32:51.529535107,T,IBM,,50,311.92
2025-12-08,9:32:51.529538198,T,IBM,I,2,311.93
2025-12-08,9:32:52.419115983,T,IBM,F,66,311.99
2025-12-08,9:32:52.419127822,T,IBM,F I,3,311.99
2025-12-08,9:32:52.419143040,T,IBM,F I,14,312.0
2025-12-08,9:32:52.419927751,T,IBM,,53,311.96
2025-12-08,9:32:52.419930766,T,IBM,I,5,311.95
2025-12-08,9:32:52.420135232,T,IBM,F I,1,311.95
2025-12-08,9:32:52.420141272,T,IBM,I,4,311.99
2025-12-08,9:32:52.420147276,T,IBM,I,4,311.99
2025-12-08,9:32:52.420153238,T,IBM,I,22,311.99
2025-12-08,9:32:52.420186365,T,IBM,I,2,311.98
2025-12-08,9:32:52.420189411,T,IBM,I,3,311.98
2025-12-08,9:32:52.420688514,T,IBM,I,4,312.01
2025-12-08,9:32:52.420868934,T,IBM,F I,1,312.03
2025-12-08,9:32:52.421244866,T,IBM,,40,312.04
2025-12-08,9:32:52.423407155,T,IBM,I,30,312.03
2025-12-08,9:32:52.426726920,T,IBM,,40,312.08
2025-12-08,9:32:52.428648488,T,IBM,,40,312.08
2025-12-08,9:32:52.434638713,T,IBM,,40,312.08
2025-12-08,9:32:52.436831015,T,IBM,,40,312.08
2025-12-08,9:32:52.438569100,T,IBM,,40,312.08
2025-12-08,9:32:52.439970575,T,IBM,I,7,311.99
2025-12-08,9:32:52.440042584,T,IBM,F I,7,311.99
2025-12-08,9:32:52.440063629,T,IBM,I,39,311.99
2025-12-08,9:32:52.440069689,T,IBM,F I,7,311.98
2025-12-08,9:32:52.463790211,T,IBM,,40,312.05
2025-12-08,9:32:52.527827613,T,IBM,F I,19,311.96
2025-12-08,9:32:52.527830658,T,IBM,F,40,311.92
2025-12-08,9:32:52.527830658,T,IBM,F I,21,311.92
2025-12-08,9:32:52.527842682,T,IBM,I,19,311.92
2025-12-08,9:32:52.527869763,T,IBM,I,33,311.95
2025-12-08,9:32:53.073849476,T,IBM,,40,312.055
2025-12-08,9:32:53.283042442,T,IBM,,40,312.055
2025-12-08,9:32:53.422890425,T,IBM,F I,9,312.08
2025-12-08,9:32:54.518624167,T,IBM,F,48,312.24
2025-12-08,9:32:54.518624167,T,IBM,F,75,312.24
2025-12-08,9:32:54.518626834,T,IBM,F I,1,312.24
2025-12-08,9:32:54.518641936,T,IBM,I,1,312.24
2025-12-08,9:32:54.518653941,T,IBM,I,22,312.24
2025-12-08,9:32:54.518699530,T,IBM,F I,4,312.24
2025-12-08,9:32:54.518704998,T,IBM,F I,16,312.24
2025-12-08,9:32:58.073260022,T,IBM,I,3,312.45
2025-12-08,9:32:58.073260022,T,IBM,I,14,312.49
2025-12-08,9:32:58.073265802,T,IBM,I,8,312.5
2025-12-08,9:32:58.073858206,T,IBM,F,84,312.5
2025-12-08,9:32:58.073861239,T,IBM,F I,2,312.5
2025-12-08,9:32:58.073864515,T,IBM,F I,23,312.5
2025-12-08,9:32:58.073873306,T,IBM,I,1,312.5
2025-12-08,9:32:58.073882310,T,IBM,F,63,312.5
2025-12-08,9:32:58.074300322,T,IBM,I,1,312.45
2025-12-08,9:32:58.149563445,T,IBM,F,80,312.41
2025-12-08,9:32:58.965634238,T,IBM,F,40,312.425
2025-12-08,9:33:00.737223732,T,IBM,,40,312.435
2025-12-08,9:33:00.737292797,T,IBM,F,80,312.435
2025-12-08,9:33:00.737296006,T,IBM,F,80,312.35
2025-12-08,9:33:00.737296006,T,IBM,F I,20,312.35
2025-12-08,9:33:00.737298746,T,IBM,,80,312.35
2025-12-08,9:33:00.737560339,T,IBM,F,61,312.35
2025-12-08,9:33:00.737581432,T,IBM,F I,37,312.35
2025-12-08,9:33:00.737608684,T,IBM,F I,2,312.35
2025-12-08,9:33:00.738330255,T,IBM,I,1,312.36
2025-12-08,9:33:00.738694106,T,IBM,F I,22,312.36
2025-12-08,9:33:00.738832394,T,IBM,,283,312.36
2025-12-08,9:33:02.526040896,T,IBM,I,20,312.34
2025-12-08,9:33:02.526040896,T,IBM,I,20,312.34
2025-12-08,9:33:02.526212494,T,IBM,I,25,312.41
2025-12-08,9:33:02.526215362,T,IBM,I,25,312.37
2025-12-08,9:33:02.526215362,T,IBM,I,30,312.34
2025-12-08,9:33:02.576985197,T,IBM,F I,3,312.49
2025-12-08,9:33:02.577019067,T,IBM,F I,1,312.5
2025-12-08,9:33:02.577021282,T,IBM,F I,2,312.5
2025-12-08,9:33:02.636965948,T,IBM,I,2,312.55
2025-12-08,9:33:03.485496096,T,IBM,F I,7,312.51
2025-12-08,9:33:03.485523627,T,IBM,F I,25,312.51
2025-12-08,9:33:03.485529028,T,IBM,F,57,312.5
2025-12-08,9:33:03.485592162,T,IBM,I,2,312.48
2025-12-08,9:33:03.485595243,T,IBM,,80,312.48
2025-12-08,9:33:03.486067316,T,IBM,I,6,312.48
2025-12-08,9:33:03.745747485,T,IBM,I,7,312.5
2025-12-08,9:33:03.745750554,T,IBM,,40,312.57
2025-12-08,9:33:03.745894898,T,IBM,I,20,312.45
2025-12-08,9:33:03.745906830,T,IBM,F I,19,312.5
2025-12-08,9:33:05.462269689,T,IBM,F I,25,312.4
2025-12-08,9:33:05.462275885,T,IBM,F,50,312.4
2025-12-08,9:33:05.462275885,T,IBM,I,25,312.35
2025-12-08,9:33:05.463216957,T,IBM,F,80,312.34
2025-12-08,9:33:05.463216957,T,IBM,F I,5,312.34
2025-12-08,9:33:05.464299714,T,IBM,F,60,312.34
2025-12-08,9:33:05.464498064,T,IBM,F I,7,312.41
2025-12-08,9:33:05.464513126,T,IBM,F I,33,312.41
2025-12-08,9:33:05.464870973,T,IBM,F I,3,312.41
2025-12-08,9:33:08.322086734,T,IBM,,45,312.42
2025-12-08,9:33:08.322979975,T,IBM,F I,11,312.36
2025-12-08,9:33:08.322979975,T,IBM,F,40,312.36
2025-12-08,9:33:08.323605950,T,IBM,F,50,312.44
2025-12-08,9:33:08.323659463,T,IBM,F I,25,312.44
2025-12-08,9:33:08.323659463,T,IBM,F,100,312.45
2025-12-08,9:33:08.323668501,T,IBM,I,3,312.36
2025-12-08,9:33:08.323698622,T,IBM,I,25,312.47
2025-12-08,9:33:08.323698622,T,IBM,I,5,312.48
2025-12-08,9:33:08.323705001,T,IBM,,95,312.48
2025-12-08,9:33:08.323705001,T,IBM,I,1,312.48
2025-12-08,9:33:08.323707604,T,IBM,,200,312.48
2025-12-08,9:33:08.323719577,T,IBM,I,3,312.37
2025-12-08,9:33:08.323762089,T,IBM,,100,312.48
2025-12-08,9:33:08.323762089,T,IBM,I,13,312.47
2025-12-08,9:33:08.323788775,T,IBM,F,50,312.48
2025-12-08,9:33:08.324101551,T,IBM,I,9,312.4
2025-12-08,9:33:09.327425014,T,IBM,F,40,312.48
2025-12-08,9:33:09.327428000,T,IBM,F,60,312.48
2025-12-08,9:33:09.327439949,T,IBM,I,1,312.48
2025-12-08,9:33:09.327449758,T,IBM,F,68,312.48
2025-12-08,9:33:09.327452150,T,IBM,F,50,312.48
2025-12-08,9:33:09.327454994,T,IBM,F,71,312.48
2025-12-08,9:33:09.328092539,T,IBM,F I,3,312.53
2025-12-08,9:33:09.328336111,T,IBM,I,25,312.55
2025-12-08,9:33:10.332227953,T,IBM,F I,20,312.7
2025-12-08,9:33:10.332233924,T,IBM,F,43,312.7
2025-12-08,9:33:10.332233924,T,IBM,F,40,312.7
2025-12-08,9:33:10.332273038,T,IBM,I,20,312.71
2025-12-08,9:33:15.645173673,T,IBM,,45,312.7
2025-12-08,9:33:15.645173673,T,IBM,I,15,312.7
2025-12-08,9:33:15.645315062,T,IBM,F,40,312.69
2025-12-08,9:33:15.645318702,T,IBM,F I,2,312.69
2025-12-08,9:33:15.645567572,T,IBM,,40,312.67
2025-12-08,9:33:16.305798322,T,IBM,F,40,312.75
2025-12-08,9:33:19.720291717,T,IBM,F,40,312.7
2025-12-08,9:33:20.968873040,T,IBM,F I,25,312.84
2025-12-08,9:33:20.968882069,T,IBM,I,25,312.84
2025-12-08,9:33:20.968884993,T,IBM,I,7,312.84
2025-12-08,9:33:24.395533328,T,IBM,F,50,312.8
2025-12-08,9:33:24.395536394,T,IBM,F I,11,312.8
2025-12-08,9:33:25.326540643,T,IBM,F,47,312.67
2025-12-08,9:33:25.326618806,T,IBM,F,47,312.67
2025-12-08,9:33:25.326624891,T,IBM,F,47,312.67
2025-12-08,9:33:25.326630884,T,IBM,F,125,312.67
2025-12-08,9:33:25.326799369,T,IBM,I,25,312.68
2025-12-08,9:33:25.326820338,T,IBM,F,125,312.7
2025-12-08,9:33:25.326856437,T,IBM,F,100,312.73
2025-12-08,9:33:25.326859455,T,IBM,F I,25,312.75
2025-12-08,9:33:25.326892471,T,IBM,F I,3,312.75
2025-12-08,9:33:25.326911314,T,IBM,F,72,312.75
2025-12-08,9:33:25.948968383,T,IBM,F I,30,312.8
2025-12-08,9:33:25.948968383,T,IBM,F I,21,312.8
2025-12-08,9:33:25.949136743,T,IBM,I,24,312.84
2025-12-08,9:33:25.949160860,T,IBM,I,1,312.84
2025-12-08,9:33:27.557717126,T,IBM,F,94,312.67
2025-12-08,9:33:27.557720155,T,IBM,F I,12,312.66
2025-12-08,9:33:27.558315680,T,IBM,F,45,312.67
2025-12-08,9:33:27.558315680,T,IBM,F I,28,312.66
2025-12-08,9:33:27.558318563,T,IBM,F,40,312.66
2025-12-08,9:33:27.558324554,T,IBM,F,40,312.66
2025-12-08,9:33:27.558324554,T,IBM,F I,35,312.66
2025-12-08,9:33:27.558337369,T,IBM,I,1,312.66
2025-12-08,9:33:27.558339576,T,IBM,I,4,312.66
2025-12-08,9:33:27.558342611,T,IBM,I,24,312.66
2025-12-08,9:33:27.558348964,T,IBM,I,16,312.66
2025-12-08,9:33:27.558348964,T,IBM,,40,312.66
2025-12-08,9:33:27.558352402,T,IBM,,40,312.66
2025-12-08,9:33:27.558354673,T,IBM,,40,312.66
2025-12-08,9:33:27.558354673,T,IBM,,40,312.66
2025-12-08,9:33:27.558357687,T,IBM,,131,312.66
2025-12-08,9:33:27.558388012,T,IBM,F I,20,312.66
2025-12-08,9:33:27.558390699,T,IBM,I,20,312.66
2025-12-08,9:33:27.558394488,T,IBM,I,20,312.66
2025-12-08,9:33:27.558399700,T,IBM,I,4,312.67
2025-12-08,9:33:27.558399700,T,IBM,I,9,312.66
2025-12-08,9:33:27.558405707,T,IBM,I,31,312.66
2025-12-08,9:33:27.558408787,T,IBM,I,9,312.66
2025-12-08,9:33:27.558408787,T,IBM,,40,312.66
2025-12-08,9:33:27.558420748,T,IBM,F,40,312.66
2025-12-08,9:33:27.558420748,T,IBM,F,96,312.67
2025-12-08,9:33:27.558432781,T,IBM,,200,312.66
2025-12-08,9:33:27.559563876,T,IBM,F,160,312.76
2025-12-08,9:33:27.579046896,T,IBM,I,1,312.84
2025-12-08,9:33:28.087001033,T,IBM,F,40,312.89
2025-12-08,9:33:28.143006487,T,IBM,F,40,312.94
2025-12-08,9:33:28.143009384,T,IBM,F,40,312.94
2025-12-08,9:33:28.171309831,T,IBM,F,80,312.99
2025-12-08,9:33:28.171313356,T,IBM,F I,4,313.0
2025-12-08,9:33:28.171493260,T,IBM,I,22,312.97
2025-12-08,9:33:28.171526784,T,IBM,I,22,312.97
2025-12-08,9:33:30.366532631,T,IBM,,143,313.13
2025-12-08,9:33:30.366535626,T,IBM,,110,313.13
2025-12-08,9:33:30.367149125,T,IBM,F I,20,313.13
2025-12-08,9:33:32.339770337,T,IBM,F,60,313.09
2025-12-08,9:33:32.339773463,T,IBM,F I,25,313.08
2025-12-08,9:33:32.339773463,T,IBM,F I,35,313.07
2025-12-08,9:33:32.339776069,T,IBM,F I,5,313.07
2025-12-08,9:33:33.612610046,T,IBM,F,45,313.04
2025-12-08,9:33:33.612613066,T,IBM,F I,14,313.04
2025-12-08,9:33:33.612613066,T,IBM,F I,21,313.03
2025-12-08,9:33:33.612631110,T,IBM,I,1,313.03
2025-12-08,9:33:33.612631110,T,IBM,,58,313.03
2025-12-08,9:33:33.613671625,T,IBM,F,100,313.0
2025-12-08,9:33:33.613680691,T,IBM,F,40,312.96
2025-12-08,9:33:33.615545062,T,IBM,F I,11,313.09
2025-12-08,9:33:33.882514654,T,IBM,F,40,313.14
2025-12-08,9:33:33.882517573,T,IBM,F,40,313.14
2025-12-08,9:33:37.637983699,T,IBM,I,25,313.2
2025-12-08,9:33:37.638043809,T,IBM,F I,23,313.22
2025-12-08,9:33:37.638134022,T,IBM,,40,313.23
2025-12-08,9:33:37.638973379,T,IBM,F,80,313.24
2025-12-08,9:33:37.640115747,T,IBM,,45,313.27
2025-12-08,9:33:37.640133837,T,IBM,I,13,313.27
2025-12-08,9:33:37.640184954,T,IBM,,45,313.27
2025-12-08,9:33:37.640476712,T,IBM,I,17,313.27
2025-12-08,9:33:37.640533752,T,IBM,I,11,313.27
2025-12-08,9:33:38.011328483,T,IBM,F,100,313.29
2025-12-08,9:33:47.423416432,T,IBM,F,80,313.34
2025-12-08,9:33:47.423437489,T,IBM,F,201,313.34
2025-12-08,9:33:47.423440486,T,IBM,F,52,313.34
2025-12-08,9:33:47.423972773,T,IBM,,40,313.38
2025-12-08,9:33:47.424283208,T,IBM,,40,313.38
2025-12-08,9:33:47.424283208,T,IBM,,40,313.38
2025-12-08,9:33:47.424285532,T,IBM,I,9,313.38
2025-12-08,9:33:47.424300688,T,IBM,I,10,313.38
2025-12-08,9:33:47.424300688,T,IBM,F I,21,313.38
2025-12-08,9:33:47.424493065,T,IBM,F I,5,313.36
2025-12-08,9:33:47.424550156,T,IBM,F I,5,313.36
2025-12-08,9:33:47.424556212,T,IBM,F I,5,313.36
2025-12-08,9:33:47.424598222,T,IBM,F,100,313.36
2025-12-08,9:33:47.424694503,T,IBM,F I,4,313.38
2025-12-08,9:33:47.424697509,T,IBM,F I,6,313.38
2025-12-08,9:33:47.424880924,T,IBM,F I,1,313.295
2025-12-08,9:33:48.657470197,T,IBM,I,16,313.24
2025-12-08,9:33:49.927844790,T,IBM,F,40,313.41
2025-12-08,9:33:49.927847339,T,IBM,F I,2,313.41
2025-12-08,9:33:49.927850608,T,IBM,F,54,313.41
2025-12-08,9:33:49.927850608,T,IBM,F,40,313.41
2025-12-08,9:33:50.653468702,T,IBM,F,100,313.45
2025-12-08,9:33:50.740709397,T,IBM,F I,19,313.375
2025-12-08,9:33:50.740760574,T,IBM,I,25,313.33
2025-12-08,9:33:50.742423559,T,IBM,I,27,313.375
2025-12-08,9:33:50.742462570,T,IBM,I,13,313.375
2025-12-08,9:33:50.742480701,T,IBM,I,10,313.38
2025-12-08,9:33:50.742543930,T,IBM,,40,313.38
2025-12-08,9:33:50.742564831,T,IBM,F,40,313.38
2025-12-08,9:33:50.790628273,T,IBM,,40,313.375
2025-12-08,9:33:53.595149693,T,IBM,,40,313.375
2025-12-08,9:33:54.588531411,T,IBM,I,1,313.38
2025-12-08,9:33:55.347042021,T,IBM,F,53,313.49
2025-12-08,9:33:55.347045232,T,IBM,F I,39,313.5
2025-12-08,9:33:55.347045232,T,IBM,F,40,313.5
2025-12-08,9:33:55.347048069,T,IBM,F I,27,313.5
2025-12-08,9:33:55.347060156,T,IBM,I,1,313.5
2025-12-08,9:33:55.347078115,T,IBM,F,52,313.5
2025-12-08,9:33:55.347760763,T,IBM,,40,313.5
2025-12-08,9:33:55.348692920,T,IBM,I,22,313.5
2025-12-08,9:33:55.348713988,T,IBM,I,16,313.5
2025-12-08,9:33:55.348720037,T,IBM,F I,2,313.5
2025-12-08,9:33:55.846395750,T,IBM,F I,32,313.55
2025-12-08,9:33:55.846423295,T,IBM,F I,8,313.55
2025-12-08,9:33:55.846425846,T,IBM,F,40,313.55
2025-12-08,9:33:55.846425846,T,IBM,F,80,313.55
2025-12-08,9:33:56.334448792,T,IBM,I,9,313.61
2025-12-08,9:33:58.658230392,T,IBM,,40,313.635
2025-12-08,9:34:02.384969068,T,IBM,I,3,313.79
2025-12-08,9:34:03.131114293,T,IBM,I,5,313.86
2025-12-08,9:34:03.152783802,T,IBM,I,1,313.87
2025-12-08,9:34:04.612314319,T,IBM,,40,313.685
2025-12-08,9:34:04.612377434,T,IBM,F,40,313.685
2025-12-08,9:34:04.617444489,T,IBM,F,125,313.685
2025-12-08,9:34:04.617480648,T,IBM,F,75,313.685
2025-12-08,9:34:04.623458854,T,IBM,I,1,313.685
2025-12-08,9:34:04.640410156,T,IBM,I,39,313.72
2025-12-08,9:34:04.658925381,T,IBM,I,25,313.76
2025-12-08,9:34:04.658928229,T,IBM,I,18,313.76
2025-12-08,9:34:04.679810033,T,IBM,I,1,313.77
2025-12-08,9:34:04.679810033,T,IBM,I,3,313.77
2025-12-08,9:34:04.680333309,T,IBM,I,7,313.77
2025-12-08,9:34:04.680336278,T,IBM,I,7,313.77
2025-12-08,9:34:05.023901085,T,IBM,F I,3,313.63
2025-12-08,9:34:05.024096606,T,IBM,,40,313.6
2025-12-08,9:34:05.026475202,T,IBM,,40,313.605
2025-12-08,9:34:05.223269745,T,IBM,F,125,313.48
2025-12-08,9:34:05.223311868,T,IBM,F,125,313.48
2025-12-08,9:34:05.223347915,T,IBM,F,125,313.48
2025-12-08,9:34:05.223405069,T,IBM,F,125,313.48
2025-12-08,9:34:05.223483178,T,IBM,F,125,313.48
2025-12-08,9:34:05.223528370,T,IBM,F,125,313.48
2025-12-08,9:34:05.223750915,T,IBM,I,13,313.53
2025-12-08,9:34:05.224192958,T,IBM,I,10,313.455
2025-12-08,9:34:05.224788375,T,IBM,F I,10,313.455
2025-12-08,9:34:05.224794363,T,IBM,F,100,313.455
2025-12-08,9:34:05.224800474,T,IBM,I,10,313.455
2025-12-08,9:34:05.224800474,T,IBM,I,10,313.455
2025-12-08,9:34:05.224809365,T,IBM,I,10,313.455
2025-12-08,9:34:05.224869472,T,IBM,F I,10,313.455
2025-12-08,9:34:05.224875556,T,IBM,I,34,313.455
2025-12-08,9:34:05.224986798,T,IBM,I,10,313.45
2025-12-08,9:34:05.224989764,T,IBM,F I,10,313.45
2025-12-08,9:34:05.225031891,T,IBM,F I,1,313.45
2025-12-08,9:34:05.225158230,T,IBM,F I,10,313.39
2025-12-08,9:34:05.577461839,T,IBM,,100,313.37
2025-12-08,9:34:05.577852776,T,IBM,,95,313.37
2025-12-08,9:34:05.577852776,T,IBM,,40,313.37
2025-12-08,9:34:06.408018087,T,IBM,F I,20,313.42
2025-12-08,9:34:06.408018087,T,IBM,F I,2,313.42
2025-12-08,9:34:06.408027160,T,IBM,F,70,313.42
2025-12-08,9:34:06.408030063,T,IBM,F,40,313.42
2025-12-08,9:34:06.408033045,T,IBM,F I,37,313.43
2025-12-08,9:34:06.426591087,T,IBM,F,40,313.47
2025-12-08,9:34:06.426593237,T,IBM,F,120,313.5
2025-12-08,9:34:10.368551254,T,IBM,I,1,313.63
2025-12-08,9:34:10.778550305,T,IBM,,40,313.51
2025-12-08,9:34:10.781166595,T,IBM,I,2,313.5
2025-12-08,9:34:10.781166595,T,IBM,I,38,313.46
2025-12-08,9:34:10.787057542,T,IBM,,40,313.39
2025-12-08,9:34:10.794599526,T,IBM,,40,313.3
2025-12-08,9:34:11.173535010,T,IBM,F I,37,313.42
2025-12-08,9:34:11.173537550,T,IBM,F I,37,313.43
2025-12-08,9:34:12.334938353,T,IBM,F I,10,313.53
2025-12-08,9:34:12.334956378,T,IBM,F I,30,313.53
2025-12-08,9:34:14.751379861,T,IBM,I,23,313.76
2025-12-08,9:34:14.751394837,T,IBM,,42,313.63
2025-12-08,9:34:14.751397881,T,IBM,I,1,313.76
2025-12-08,9:34:14.752868419,T,IBM,I,3,313.6
2025-12-08,9:34:14.752880407,T,IBM,I,3,313.59
2025-12-08,9:34:18.304936232,T,IBM,,40,313.6
2025-12-08,9:34:22.710679403,T,IBM,I,2,313.44
2025-12-08,9:34:22.710700388,T,IBM,I,2,313.44
2025-12-08,9:34:22.710793913,T,IBM,F I,2,313.44
2025-12-08,9:34:22.710793913,T,IBM,,76,313.44
2025-12-08,9:34:22.710799554,T,IBM,F,40,313.41
2025-12-08,9:34:22.710799554,T,IBM,F I,38,313.41
2025-12-08,9:34:22.711067286,T,IBM,,69,313.43
2025-12-08,9:34:22.711996403,T,IBM,,80,313.43
2025-12-08,9:34:22.713851861,T,IBM,I,24,313.53
2025-12-08,9:34:22.713854892,T,IBM,,40,313.53
2025-12-08,9:34:22.713854892,T,IBM,,40,313.53
2025-12-08,9:34:22.713918052,T,IBM,,40,313.53
2025-12-08,9:34:22.714026406,T,IBM,,42,313.53
2025-12-08,9:34:22.714026406,T,IBM,I,8,313.52
2025-12-08,9:34:22.714050329,T,IBM,I,9,313.52
2025-12-08,9:34:25.017726658,T,IBM,F,50,313.57
2025-12-08,9:34:25.017732504,T,IBM,I,15,313.57
2025-12-08,9:34:25.018180532,T,IBM,I,1,313.57
2025-12-08,9:34:25.029087455,T,IBM,F I,2,313.52
2025-12-08,9:34:25.029565613,T,IBM,F,40,313.39
2025-12-08,9:34:25.572511088,T,IBM,F I,30,313.48
2025-12-08,9:34:26.438025728,T,IBM,F,40,313.59
2025-12-08,9:34:26.438028523,T,IBM,F I,2,313.59
2025-12-08,9:34:36.578396116,T,IBM,F,40,313.38
2025-12-08,9:34:39.439024984,T,IBM,F,100,313.45
2025-12-08,9:34:39.439024984,T,IBM,F I,25,313.45
2025-12-08,9:34:44.362050452,T,IBM,F I,8,313.4
2025-12-08,9:34:44.362098618,T,IBM,F,40,313.4
2025-12-08,9:34:47.575791956,T,IBM,F I,1,313.55
2025-12-08,9:34:47.575807666,T,IBM,F I,24,313.55
2025-12-08,9:34:47.575807666,T,IBM,F I,2,313.55
2025-12-08,9:34:47.575810077,T,IBM,F I,13,313.55
2025-12-08,9:34:47.620586562,T,IBM,I,16,313.51
2025-12-08,9:34:47.620965486,T,IBM,F I,3,313.51
2025-12-08,9:34:53.004558391,T,IBM,F,40,313.6
2025-12-08,9:34:54.818455562,T,IBM,I,30,313.61
2025-12-08,9:34:54.818554867,T,IBM,,120,313.54
2025-12-08,9:34:54.818554867,T,IBM,I,26,313.54
2025-12-08,9:34:54.835082046,T,IBM,I,1,313.3
2025-12-08,9:34:54.835082046,T,IBM,I,6,313.3
2025-12-08,9:34:54.835082046,T,IBM,I,4,313.3
2025-12-08,9:34:54.862173511,T,IBM,F I,6,313.21
2025-12-08,9:34:54.862173511,T,IBM,F,40,313.2
2025-12-08,9:34:54.862179486,T,IBM,F,40,313.2
2025-12-08,9:34:54.862179486,T,IBM,F I,25,313.2
2025-12-08,9:34:54.966739198,T,IBM,F I,22,313.28
2025-12-08,9:34:54.966739198,T,IBM,F,58,313.28
2025-12-08,9:34:54.966741555,T,IBM,F,200,313.28
2025-12-08,9:34:54.966744455,T,IBM,F I,25,313.28
2025-12-08,9:34:57.802197461,T,IBM,I,24,313.29
2025-12-08,9:34:57.802200462,T,IBM,F I,16,313.29
2025-12-08,9:34:57.802203693,T,IBM,F I,8,313.28
2025-12-08,9:34:57.802203693,T,IBM,F I,16,313.28
2025-12-08,9:34:57.802206337,T,IBM,F I,12,313.28
2025-12-08,9:34:57.872706164,T,IBM,F I,1,313.28
2025-12-08,9:34:58.103280052,T,IBM,,100,313.19
2025-12-08,9:34:58.103283090,T,IBM,,305,313.18
2025-12-08,9:34:58.103289624,T,IBM,,95,313.18
2025-12-08,9:34:58.103292087,T,IBM,I,5,313.18
2025-12-08,9:34:58.103607901,T,IBM,F I,11,313.18
2025-12-08,9:35:01.034354762,T,IBM,F,42,312.97
2025-12-08,9:35:01.034403379,T,IBM,F,40,312.97
2025-12-08,9:35:01.034406345,T,IBM,F I,2,312.99
2025-12-08,9:35:01.034411818,T,IBM,F,40,312.99
2025-12-08,9:35:01.035356129,T,IBM,F I,2,313.1
2025-12-08,9:35:01.035939444,T,IBM,F I,2,313.11
2025-12-08,9:35:01.037202505,T,IBM,F,120,313.12
2025-12-08,9:35:01.037253608,T,IBM,F I,30,313.17
2025-12-08,9:35:01.303534485,T,IBM,F I,8,313.4
2025-12-08,9:35:01.303537527,T,IBM,F,40,313.4
2025-12-08,9:35:08.169202509,T,IBM,F I,5,313.475
2025-12-08,9:35:10.789839780,T,IBM,I,2,313.43
2025-12-08,9:35:10.789842028,T,IBM,I,25,313.4
2025-12-08,9:35:10.789844966,T,IBM,I,13,313.4
2025-12-08,9:35:11.056011593,T,IBM,,94,313.39
2025-12-08,9:35:11.056053673,T,IBM,F,40,313.38
2025-12-08,9:35:11.056056736,T,IBM,F,54,313.38
2025-12-08,9:35:11.056168034,T,IBM,F,80,313.33
2025-12-08,9:35:11.057734735,T,IBM,F,45,313.3
2025-12-08,9:35:11.070247656,T,IBM,F I,15,313.14
2025-12-08,9:35:11.070247656,T,IBM,F I,2,313.13
2025-12-08,9:35:11.070251162,T,IBM,F I,13,313.11
2025-12-08,9:35:11.070253837,T,IBM,F I,25,313.1
2025-12-08,9:35:11.070253837,T,IBM,F I,1,313.09
2025-12-08,9:35:14.366270900,T,IBM,F I,2,313.05
2025-12-08,9:35:15.342677161,T,IBM,I,6,313.05
2025-12-08,9:35:15.342692265,T,IBM,,80,313.08
2025-12-08,9:35:15.342713435,T,IBM,I,1,313.08
2025-12-08,9:35:15.342713435,T,IBM,I,1,313.08
2025-12-08,9:35:15.342737366,T,IBM,I,5,313.08
2025-12-08,9:35:15.342977931,T,IBM,I,23,313.08
2025-12-08,9:35:16.408730033,T,IBM,I,8,312.75
2025-12-08,9:35:16.856513991,T,IBM,I,10,312.75
2025-12-08,9:35:18.281501198,T,IBM,I,7,312.74
2025-12-08,9:35:18.281522631,T,IBM,F I,33,312.74
2025-12-08,9:35:18.281522631,T,IBM,F I,5,312.74
2025-12-08,9:35:18.281528332,T,IBM,F,40,312.74
2025-12-08,9:35:18.281573357,T,IBM,F,40,312.71
2025-12-08,9:35:18.282355294,T,IBM,F I,20,312.64
2025-12-08,9:35:18.282649998,T,IBM,F I,5,312.65
2025-12-08,9:35:24.621280473,T,IBM,F,40,312.77
2025-12-08,9:35:24.621325626,T,IBM,F I,1,312.78
2025-12-08,9:35:28.236501610,T,IBM,,45,312.855
2025-12-08,9:35:28.236519656,T,IBM,F,55,312.855
2025-12-08,9:35:28.236607375,T,IBM,F I,25,312.8
2025-12-08,9:35:28.236607375,T,IBM,F I,2,312.79
2025-12-08,9:35:28.236609900,T,IBM,F I,15,312.79
2025-12-08,9:35:28.236612890,T,IBM,F,83,312.79
2025-12-08,9:35:28.236658016,T,IBM,F,125,312.79
2025-12-08,9:35:31.362340768,T,IBM,I,3,312.855
2025-12-08,9:35:31.362343765,T,IBM,I,5,312.855
2025-12-08,9:35:35.242291223,T,IBM,I,1,312.95
2025-12-08,9:35:39.411668571,T,IBM,F I,15,312.91
2025-12-08,9:35:52.313831850,T,IBM,F,120,312.99
2025-12-08,9:35:52.313834870,T,IBM,F,40,312.99
2025-12-08,9:35:52.313873961,T,IBM,I,32,312.99
2025-12-08,9:35:52.314006224,T,IBM,,68,312.99
2025-12-08,9:35:52.314015397,T,IBM,I,5,312.985
2025-12-08,9:35:52.314015397,T,IBM,I,5,312.985
2025-12-08,9:35:52.315642135,T,IBM,,40,313.07
2025-12-08,9:35:52.316411971,T,IBM,I,1,313.07
2025-12-08,9:35:52.319157541,T,IBM,,40,313.13
2025-12-08,9:35:52.319286839,T,IBM,F,110,313.13
2025-12-08,9:35:52.331303436,T,IBM,,125,313.13
2025-12-08,9:35:52.332082450,T,IBM,,100,313.13
2025-12-08,9:35:52.332133421,T,IBM,,50,313.13
2025-12-08,9:35:52.552023593,T,IBM,,100,313.23
2025-12-08,9:35:52.552025953,T,IBM,,60,313.23
2025-12-08,9:35:52.552278725,T,IBM,F,89,313.24
2025-12-08,9:35:52.552287630,T,IBM,F I,31,313.24
2025-12-08,9:35:52.553084548,T,IBM,,40,313.31
2025-12-08,9:35:52.772342440,T,IBM,F I,2,313.29
2025-12-08,9:35:52.772345429,T,IBM,F I,27,313.28
2025-12-08,9:35:53.591741922,T,IBM,I,2,313.33
2025-12-08,9:35:53.591744963,T,IBM,I,2,313.31
2025-12-08,9:35:53.591744963,T,IBM,I,14,313.3
2025-12-08,9:35:55.541950454,T,IBM,I,25,313.46
2025-12-08,9:35:55.541950454,T,IBM,I,2,313.47
2025-12-08,9:35:55.542001542,T,IBM,,44,313.34
2025-12-08,9:35:55.542019962,T,IBM,I,1,313.34
2025-12-08,9:35:55.542368390,T,IBM,F,44,313.47
2025-12-08,9:35:55.542371559,T,IBM,F I,3,313.47
2025-12-08,9:35:55.593875284,T,IBM,I,10,313.5
2025-12-08,9:36:01.947707331,T,IBM,F,64,313.59
2025-12-08,9:36:01.947724684,T,IBM,I,16,313.59
2025-12-08,9:36:02.755255090,T,IBM,I,13,313.52
2025-12-08,9:36:04.003683022,T,IBM,I,19,313.46
2025-12-08,9:36:04.003683022,T,IBM,I,10,313.43
2025-12-08,9:36:04.003842822,T,IBM,I,5,313.41
2025-12-08,9:36:04.003842822,T,IBM,I,24,313.41
2025-12-08,9:36:04.003863496,T,IBM,I,1,313.41
2025-12-08,9:36:07.038934801,T,IBM,F I,8,313.36
2025-12-08,9:36:07.038934801,T,IBM,F I,15,313.34
2025-12-08,9:36:07.038941223,T,IBM,F I,6,313.32
2025-12-08,9:36:07.039367577,T,IBM,F I,5,313.3
2025-12-08,9:36:07.039367577,T,IBM,F I,24,313.3
2025-12-08,9:36:07.039385658,T,IBM,I,1,313.3
2025-12-08,9:36:07.039385658,T,IBM,I,28,313.3
2025-12-08,9:36:07.039824761,T,IBM,I,29,313.3
2025-12-08,9:36:07.040768985,T,IBM,I,22,313.3
2025-12-08,9:36:07.040904432,T,IBM,I,3,313.28
2025-12-08,9:36:07.040919306,T,IBM,F I,5,313.28
2025-12-08,9:36:07.041854704,T,IBM,,40,313.28
2025-12-08,9:36:07.219577650,T,IBM,F I,15,313.38
2025-12-08,9:36:07.219577650,T,IBM,F I,20,313.39
2025-12-08,9:36:12.590684773,T,IBM,F,100,313.48
2025-12-08,9:36:12.591102802,T,IBM,F I,2,313.51
2025-12-08,9:36:12.591183936,T,IBM,,100,313.51
2025-12-08,9:36:12.604159830,T,IBM,,45,313.535
2025-12-08,9:36:15.547446484,T,IBM,I,27,313.55
2025-12-08,9:36:15.547471172,T,IBM,I,21,313.53
2025-12-08,9:36:15.547506633,T,IBM,F I,18,313.52
2025-12-08,9:36:21.864738162,T,IBM,I,10,313.48
2025-12-08,9:36:23.554677266,T,IBM,F I,1,313.58
2025-12-08,9:36:23.554692225,T,IBM,F I,1,313.58
2025-12-08,9:36:23.555359893,T,IBM,,45,313.67
2025-12-08,9:36:23.555359893,T,IBM,,46,313.65
2025-12-08,9:36:23.555510185,T,IBM,F I,1,313.665
2025-12-08,9:36:23.555573395,T,IBM,,72,313.665
2025-12-08,9:36:23.555612388,T,IBM,F I,27,313.665
2025-12-08,9:36:23.555615513,T,IBM,F I,1,313.75
2025-12-08,9:36:23.555615513,T,IBM,F,93,313.75
2025-12-08,9:36:23.555807931,T,IBM,,51,313.61
2025-12-08,9:36:23.556075702,T,IBM,I,9,313.6
2025-12-08,9:36:23.556075702,T,IBM,I,2,313.6
2025-12-08,9:36:23.556117635,T,IBM,F I,11,313.59
2025-12-08,9:36:23.556424897,T,IBM,I,33,313.59
2025-12-08,9:36:23.556428068,T,IBM,I,38,313.59
2025-12-08,9:36:23.582418234,T,IBM,,45,313.54
2025-12-08,9:36:23.582424245,T,IBM,I,25,313.53
2025-12-08,9:36:23.582424245,T,IBM,I,30,313.53
2025-12-08,9:36:23.619664956,T,IBM,F I,30,313.49
2025-12-08,9:36:25.797654208,T,IBM,F I,5,313.39
2025-12-08,9:36:25.797825969,T,IBM,F I,5,313.39
2025-12-08,9:36:25.797828397,T,IBM,F I,5,313.39
2025-12-08,9:36:25.797831225,T,IBM,F I,5,313.39
2025-12-08,9:36:25.797831225,T,IBM,F I,5,313.39
2025-12-08,9:36:25.797834138,T,IBM,F I,5,313.39
2025-12-08,9:36:25.797840061,T,IBM,F I,10,313.39
2025-12-08,9:36:25.797843224,T,IBM,F I,5,313.38
2025-12-08,9:36:25.797843224,T,IBM,F I,25,313.35
2025-12-08,9:36:25.798207018,T,IBM,F I,15,313.35
2025-12-08,9:36:25.798207018,T,IBM,F,80,313.32
2025-12-08,9:36:25.798988864,T,IBM,I,5,313.1
2025-12-08,9:36:25.799018882,T,IBM,F,125,313.1
2025-12-08,9:36:25.799070070,T,IBM,F,125,313.1
2025-12-08,9:36:25.799088075,T,IBM,I,31,313.1
2025-12-08,9:36:25.799118154,T,IBM,I,7,313.06
2025-12-08,9:36:25.799124181,T,IBM,F,125,313.1
2025-12-08,9:36:25.799160298,T,IBM,I,7,313.06
2025-12-08,9:36:25.799235400,T,IBM,F I,28,313.1
2025-12-08,9:36:26.118067222,T,IBM,F I,1,313.26
2025-12-08,9:36:26.118069400,T,IBM,F I,29,313.28
2025-12-08,9:36:26.118087429,T,IBM,I,1,313.28
2025-12-08,9:36:26.118093492,T,IBM,F I,10,313.28
2025-12-08,9:36:26.526883702,T,IBM,I,15,313.36
2025-12-08,9:36:34.568877015,T,IBM,,53,313.57
2025-12-08,9:36:35.145556834,T,IBM,,125,313.425
2025-12-08,9:36:35.145595911,T,IBM,F I,25,313.425
2025-12-08,9:36:47.862247588,T,IBM,F I,2,313.57
2025-12-08,9:36:47.896141237,T,IBM,F I,2,313.63
2025-12-08,9:36:47.896144311,T,IBM,F I,2,313.61
2025-12-08,9:36:47.896192423,T,IBM,F I,5,313.59
2025-12-08,9:36:47.896195447,T,IBM,F I,9,313.59
2025-12-08,9:36:47.896195447,T,IBM,F I,15,313.59
2025-12-08,9:36:53.925813192,T,IBM,F,40,313.76
2025-12-08,9:36:53.925816182,T,IBM,F,40,313.76
2025-12-08,9:36:53.925816182,T,IBM,F I,4,313.76
2025-12-08,9:36:53.925819159,T,IBM,F I,16,313.76
2025-12-08,9:36:53.925831579,T,IBM,I,4,313.76
2025-12-08,9:36:53.925831579,T,IBM,I,1,313.76
2025-12-08,9:36:53.925834196,T,IBM,F,99,313.76
2025-12-08,9:36:53.925837202,T,IBM,F I,5,313.76
2025-12-08,9:36:53.925837202,T,IBM,F I,7,313.76
2025-12-08,9:36:53.925894985,T,IBM,,80,313.76
2025-12-08,9:36:53.925999688,T,IBM,F I,9,313.76
2025-12-08,9:36:53.926285344,T,IBM,F I,4,313.77
2025-12-08,9:36:53.926288311,T,IBM,F I,4,313.77
2025-12-08,9:36:53.926534933,T,IBM,F I,4,313.77
2025-12-08,9:36:53.930507356,T,IBM,I,1,313.9
2025-12-08,9:36:53.930507356,T,IBM,I,4,313.9
2025-12-08,9:36:53.935412045,T,IBM,I,19,313.97
2025-12-08,9:36:53.942719387,T,IBM,F I,8,313.98
2025-12-08,9:36:53.942743486,T,IBM,F I,7,313.98
2025-12-08,9:36:53.942848741,T,IBM,I,16,313.96
2025-12-08,9:36:53.942848741,T,IBM,I,3,313.96
2025-12-08,9:36:54.359006463,T,IBM,F,45,313.77
2025-12-08,9:36:54.359006463,T,IBM,F I,13,313.77
2025-12-08,9:36:54.362272183,T,IBM,F I,15,313.78
2025-12-08,9:36:54.373579039,T,IBM,F I,19,313.75
2025-12-08,9:36:58.234485749,T,IBM,F I,5,313.785
2025-12-08,9:37:02.930849000,T,IBM,I,2,313.93
2025-12-08,9:37:02.930852224,T,IBM,,80,313.93
2025-12-08,9:37:02.930852224,T,IBM,I,2,313.93
2025-12-08,9:37:02.930855247,T,IBM,I,10,313.93
2025-12-08,9:37:02.931279004,T,IBM,F I,1,314.0
2025-12-08,9:37:02.931291050,T,IBM,F I,1,314.02
2025-12-08,9:37:03.986259626,T,IBM,F I,29,314.0
2025-12-08,9:37:03.986310745,T,IBM,I,34,313.89
2025-12-08,9:37:03.986328927,T,IBM,I,1,313.93
2025-12-08,9:37:03.986479142,T,IBM,F I,29,314.0
2025-12-08,9:37:03.986497112,T,IBM,F I,5,314.0
2025-12-08,9:37:06.808014847,T,IBM,I,14,314.13
2025-12-08,9:37:09.526594489,T,IBM,F I,2,313.985
2025-12-08,9:37:09.531697677,T,IBM,I,5,313.985
2025-12-08,9:37:09.531751808,T,IBM,F I,5,313.94
2025-12-08,9:37:09.539910218,T,IBM,F I,15,313.86
2025-12-08,9:37:09.586557336,T,IBM,F,80,313.63
2025-12-08,9:37:09.665901228,T,IBM,F I,15,313.7
2025-12-08,9:37:18.126896965,T,IBM,F I,15,313.5
2025-12-08,9:37:18.126900036,T,IBM,F I,10,313.49
2025-12-08,9:37:24.828804342,T,IBM,F I,10,313.65
2025-12-08,9:37:24.828984746,T,IBM,I,3,313.7
2025-12-08,9:37:24.828984746,T,IBM,I,10,313.7
2025-12-08,9:37:24.829174129,T,IBM,F,40,313.73
2025-12-08,9:37:24.829189205,T,IBM,F,40,313.73
2025-12-08,9:37:24.829192174,T,IBM,F,80,313.73
2025-12-08,9:37:24.829294482,T,IBM,F I,5,313.72
2025-12-08,9:37:24.829297622,T,IBM,F I,5,313.72
2025-12-08,9:37:24.829300498,T,IBM,F I,5,313.72
2025-12-08,9:37:24.829303740,T,IBM,F,45,313.7
2025-12-08,9:37:24.829303740,T,IBM,F I,20,313.66
2025-12-08,9:37:24.840117521,T,IBM,,45,313.67
2025-12-08,9:37:24.840120194,T,IBM,,100,313.665
2025-12-08,9:37:24.840123268,T,IBM,I,5,313.665
2025-12-08,9:37:24.840189360,T,IBM,I,10,313.665
2025-12-08,9:37:27.481695580,T,IBM,,40,313.82
2025-12-08,9:37:27.494301584,T,IBM,F I,15,313.78
2025-12-08,9:37:42.645684277,T,IBM,F I,24,313.72
2025-12-08,9:37:42.645694064,T,IBM,F I,21,313.72
2025-12-08,9:37:42.645696965,T,IBM,F,40,313.71
2025-12-08,9:37:42.645699450,T,IBM,F I,5,313.71
2025-12-08,9:37:42.645699450,T,IBM,F,59,313.71
2025-12-08,9:37:42.645717344,T,IBM,F I,21,313.71
2025-12-08,9:37:42.645985117,T,IBM,F,40,313.65
2025-12-08,9:37:42.645985117,T,IBM,F I,1,313.65
2025-12-08,9:37:42.646207509,T,IBM,F,40,313.64
2025-12-08,9:37:42.651124186,T,IBM,,80,313.62
2025-12-08,9:37:52.576495149,T,IBM,,80,313.63
2025-12-08,9:37:52.576498096,T,IBM,,102,313.63
2025-12-08,9:37:52.576501103,T,IBM,I,23,313.63
2025-12-08,9:37:52.576501103,T,IBM,I,5,313.63
2025-12-08,9:37:52.576531163,T,IBM,F I,8,313.62
2025-12-08,9:37:52.576531163,T,IBM,F,40,313.61
2025-12-08,9:37:52.576877055,T,IBM,,70,313.63
2025-12-08,9:37:52.603947383,T,IBM,I,30,313.58
2025-12-08,9:37:52.603950565,T,IBM,,45,313.54
2025-12-08,9:37:52.603950565,T,IBM,I,30,313.54
2025-12-08,9:37:53.757446298,T,IBM,I,30,313.56
2025-12-08,9:37:53.757451469,T,IBM,I,10,313.54
2025-12-08,9:37:53.757460433,T,IBM,F I,30,313.54
2025-12-08,9:37:53.757484516,T,IBM,I,1,313.54
2025-12-08,9:37:53.757697973,T,IBM,F,80,313.53
2025-12-08,9:37:53.757697973,T,IBM,F I,25,313.53
2025-12-08,9:37:53.758308419,T,IBM,F I,5,313.59
2025-12-08,9:37:53.758311474,T,IBM,F I,1,313.59
2025-12-08,9:37:57.465966876,T,IBM,I,15,313.74
2025-12-08,9:37:57.465966876,T,IBM,I,25,313.75
2025-12-08,9:37:58.703514818,T,IBM,I,11,313.65
2025-12-08,9:37:58.997184852,T,IBM,F I,30,313.71
2025-12-08,9:37:58.997906568,T,IBM,F,40,313.76
2025-12-08,9:37:58.997958151,T,IBM,I,29,313.69
2025-12-08,9:37:58.997994332,T,IBM,,71,313.69
2025-12-08,9:37:58.997994332,T,IBM,I,29,313.69
2025-12-08,9:37:59.219759951,T,IBM,F I,14,313.76
2025-12-08,9:37:59.219762657,T,IBM,F,40,313.75
2025-12-08,9:37:59.219766239,T,IBM,F I,11,313.75
2025-12-08,9:37:59.219780738,T,IBM,I,14,313.75
2025-12-08,9:37:59.219795791,T,IBM,I,1,313.75
2025-12-08,9:38:10.374072859,T,IBM,F I,26,313.6
2025-12-08,9:38:10.374078530,T,IBM,F I,1,313.6
2025-12-08,9:38:10.374078530,T,IBM,F,40,313.58
2025-12-08,9:38:10.387646530,T,IBM,I,8,313.42
2025-12-08,9:38:10.389101929,T,IBM,I,10,313.33
2025-12-08,9:38:10.389125947,T,IBM,I,4,313.33
2025-12-08,9:38:11.551263456,T,IBM,F I,23,313.24
2025-12-08,9:38:11.552655736,T,IBM,I,1,313.18
2025-12-08,9:38:11.552667820,T,IBM,F,44,313.18
2025-12-08,9:38:11.552670796,T,IBM,F I,1,313.13
2025-12-08,9:38:11.552682877,T,IBM,F,56,313.15
2025-12-08,9:38:11.552685895,T,IBM,F,50,313.16
2025-12-08,9:38:12.258201416,T,IBM,F I,2,313.21
2025-12-08,9:38:12.258243536,T,IBM,F,125,313.23
2025-12-08,9:38:12.258276516,T,IBM,F I,25,313.23
2025-12-08,9:38:27.699092248,T,IBM,I,15,313.5
2025-12-08,9:38:27.699095342,T,IBM,,65,313.52
2025-12-08,9:38:28.864739218,T,IBM,,40,313.51
2025-12-08,9:38:44.002766997,T,IBM,F,125,313.59
2025-12-08,9:38:44.002809107,T,IBM,F I,25,313.59
2025-12-08,9:38:44.149305836,T,IBM,F I,2,313.73
2025-12-08,9:38:44.149308920,T,IBM,F I,1,313.75
2025-12-08,9:38:44.149344959,T,IBM,I,2,313.75
2025-12-08,9:38:44.149495277,T,IBM,I,34,313.66
2025-12-08,9:38:44.149504365,T,IBM,I,6,313.66
2025-12-08,9:38:44.149513315,T,IBM,,120,313.75
2025-12-08,9:38:44.149534366,T,IBM,I,1,313.75
2025-12-08,9:38:44.149534366,T,IBM,I,1,313.75
2025-12-08,9:38:44.149582562,T,IBM,I,6,313.67
2025-12-08,9:38:44.149585503,T,IBM,I,31,313.64
2025-12-08,9:38:44.149603539,T,IBM,I,1,313.64
2025-12-08,9:38:44.149657656,T,IBM,I,7,313.72
2025-12-08,9:38:44.149919368,T,IBM,F I,23,313.72
2025-12-08,9:38:44.149919368,T,IBM,F I,9,313.75
2025-12-08,9:38:48.130829052,T,IBM,I,15,313.7
2025-12-08,9:38:48.130832491,T,IBM,I,30,313.73
2025-12-08,9:38:48.130835175,T,IBM,,100,313.75
2025-12-08,9:38:48.130838127,T,IBM,I,2,313.77
2025-12-08,9:38:48.130838127,T,IBM,I,13,313.79
2025-12-08,9:38:48.130865268,T,IBM,I,9,313.79
2025-12-08,9:38:48.131018586,T,IBM,F I,2,313.8
2025-12-08,9:38:48.131018586,T,IBM,F,120,313.8
2025-12-08,9:38:48.131070559,T,IBM,,100,313.8
2025-12-08,9:38:48.131307160,T,IBM,I,7,313.73
2025-12-08,9:38:48.131352280,T,IBM,F I,21,313.81
2025-12-08,9:38:48.131430469,T,IBM,I,5,313.74
2025-12-08,9:38:48.131448516,T,IBM,I,5,313.73
2025-12-08,9:38:48.131574811,T,IBM,F I,19,313.74
2025-12-08,9:38:48.131598843,T,IBM,I,19,313.74
2025-12-08,9:38:48.131884569,T,IBM,I,19,313.75
2025-12-08,9:38:48.132392765,T,IBM,I,11,313.74
2025-12-08,9:38:48.132419850,T,IBM,I,7,313.74
2025-12-08,9:38:48.135234607,T,IBM,I,13,313.83
2025-12-08,9:38:48.135288675,T,IBM,I,10,313.78
2025-12-08,9:38:48.135324723,T,IBM,I,1,313.79
2025-12-08,9:38:48.135357861,T,IBM,I,1,313.79
2025-12-08,9:38:48.176363456,T,IBM,F I,11,313.83
2025-12-08,9:38:48.176363456,T,IBM,F I,11,313.83
2025-12-08,9:38:50.156511439,T,IBM,F I,10,313.77
2025-12-08,9:38:50.156550507,T,IBM,I,10,313.77
2025-12-08,9:38:50.443878414,T,IBM,I,10,313.76
2025-12-08,9:38:53.226146745,T,IBM,I,13,313.725
2025-12-08,9:38:55.831618166,T,IBM,F I,4,313.82
2025-12-08,9:38:55.831786574,T,IBM,F I,26,313.82
2025-12-08,9:38:55.831849719,T,IBM,F I,4,313.89
2025-12-08,9:38:55.831876755,T,IBM,I,4,313.89
2025-12-08,9:38:55.831903921,T,IBM,F I,4,313.89
2025-12-08,9:38:55.831915872,T,IBM,I,2,313.89
2025-12-08,9:38:56.605585625,T,IBM,F I,2,314.11
2025-12-08,9:38:56.605621759,T,IBM,F I,8,314.13
2025-12-08,9:38:56.843463939,T,IBM,I,4,314.15
2025-12-08,9:38:56.843578217,T,IBM,I,26,314.15
2025-12-08,9:39:00.468425418,T,IBM,F,50,314.15
2025-12-08,9:39:00.468428397,T,IBM,F,75,314.14
2025-12-08,9:39:00.468479478,T,IBM,F I,25,314.14
2025-12-08,9:39:06.205543245,T,IBM,I,26,314.15
2025-12-08,9:39:06.205543245,T,IBM,F I,4,314.15
2025-12-08,9:39:06.205545943,T,IBM,F I,28,314.14
2025-12-08,9:39:06.213668261,T,IBM,I,3,314.145
2025-12-08,9:39:06.304604723,T,IBM,I,2,314.2
2025-12-08,9:39:07.316733143,T,IBM,,40,314.145
2025-12-08,9:39:07.831751270,T,IBM,F I,21,314.11
2025-12-08,9:39:07.832551146,T,IBM,F I,25,314.05
2025-12-08,9:39:07.832627319,T,IBM,I,12,314.105
2025-12-08,9:39:07.832627319,T,IBM,F I,3,314.105
2025-12-08,9:39:07.832632322,T,IBM,F I,9,314.11
2025-12-08,9:39:07.832635300,T,IBM,F I,12,314.11
2025-12-08,9:39:07.832644398,T,IBM,F I,12,314.11
2025-12-08,9:39:07.832654138,T,IBM,F I,12,314.11
2025-12-08,9:39:07.832662340,T,IBM,F I,25,314.11
2025-12-08,9:39:07.832746555,T,IBM,F I,27,314.01
2025-12-08,9:39:07.832864423,T,IBM,F I,22,314.0
2025-12-08,9:39:07.832866852,T,IBM,F I,5,314.0
2025-12-08,9:39:07.833071635,T,IBM,I,13,314.11
2025-12-08,9:39:07.833480284,T,IBM,I,20,314.01
2025-12-08,9:39:07.833507403,T,IBM,I,9,314.01
2025-12-08,9:39:09.976895866,T,IBM,F I,30,314.04
2025-12-08,9:39:09.976895866,T,IBM,F I,31,314.02
2025-12-08,9:39:09.976916905,T,IBM,F I,9,314.02
2025-12-08,9:39:09.976916905,T,IBM,F I,21,314.02
2025-12-08,9:39:09.977440060,T,IBM,F I,13,314.02
2025-12-08,9:39:10.629987515,T,IBM,F I,2,314.13
2025-12-08,9:39:22.292444182,T,IBM,F I,24,314.21
2025-12-08,9:39:29.769837050,T,IBM,I,8,314.165
2025-12-08,9:39:29.769870167,T,IBM,,40,314.165
2025-12-08,9:39:30.172748105,T,IBM,F I,24,314.06
2025-12-08,9:39:30.172748105,T,IBM,F I,6,314.06
2025-12-08,9:39:30.172751232,T,IBM,F I,4,314.06
2025-12-08,9:39:30.172766275,T,IBM,I,1,314.06
2025-12-08,9:39:30.172769266,T,IBM,I,22,314.06
2025-12-08,9:39:30.172811266,T,IBM,I,17,314.12
2025-12-08,9:39:30.173214327,T,IBM,F I,16,314.09
2025-12-08,9:39:30.173217364,T,IBM,F I,22,314.07
2025-12-08,9:39:30.173217364,T,IBM,F I,12,314.06
2025-12-08,9:39:30.173220651,T,IBM,F I,13,314.06
2025-12-08,9:39:30.173223776,T,IBM,F I,13,314.06
2025-12-08,9:39:30.173226433,T,IBM,F I,31,314.06
2025-12-08,9:39:30.173226433,T,IBM,F,57,314.06
2025-12-08,9:39:30.173232371,T,IBM,I,12,314.06
2025-12-08,9:39:30.173313532,T,IBM,I,3,314.09
2025-12-08,9:39:30.173340554,T,IBM,F I,5,314.09
2025-12-08,9:39:30.173560055,T,IBM,F I,5,314.09
2025-12-08,9:39:30.173560055,T,IBM,F I,35,314.08
2025-12-08,9:39:30.173704424,T,IBM,I,10,314.17
2025-12-08,9:39:30.173707402,T,IBM,I,10,314.17
2025-12-08,9:39:30.173851891,T,IBM,I,10,314.17
2025-12-08,9:39:30.173966399,T,IBM,F I,25,314.08
2025-12-08,9:39:30.173969105,T,IBM,F I,15,314.07
2025-12-08,9:39:30.174110455,T,IBM,I,21,314.19
2025-12-08,9:39:30.188514809,T,IBM,F,53,314.1
2025-12-08,9:39:30.188517754,T,IBM,F I,2,314.09
2025-12-08,9:39:30.816304292,T,IBM,F,50,314.09
2025-12-08,9:39:30.816304292,T,IBM,F I,13,314.09
2025-12-08,9:39:30.816307217,T,IBM,F,40,314.05
2025-12-08,9:39:30.826814163,T,IBM,I,27,314.04
2025-12-08,9:39:30.826835285,T,IBM,F I,13,314.04
2025-12-08,9:39:30.827265219,T,IBM,F I,13,314.0
2025-12-08,9:39:30.827520919,T,IBM,I,3,314.08
2025-12-08,9:39:30.827523986,T,IBM,I,25,314.08
2025-12-08,9:39:30.827523986,T,IBM,I,32,314.08
2025-12-08,9:39:30.883905438,T,IBM,F I,1,313.98
2025-12-08,9:39:30.883905438,T,IBM,F I,7,313.96
2025-12-08,9:39:30.884004409,T,IBM,F I,1,313.96
2025-12-08,9:39:30.884166683,T,IBM,I,37,314.0
2025-12-08,9:39:31.076429440,T,IBM,F,40,313.95
2025-12-08,9:39:31.102736063,T,IBM,F I,5,313.88
2025-12-08,9:39:31.111510980,T,IBM,,40,313.97
2025-12-08,9:39:31.250564971,T,IBM,F I,12,313.74
2025-12-08,9:39:31.775350216,T,IBM,F,40,313.7
2025-12-08,9:39:32.563054443,T,IBM,F I,2,313.93
2025-12-08,9:39:33.632141434,T,IBM,F I,2,314.06
2025-12-08,9:39:33.632186533,T,IBM,F,40,314.08
2025-12-08,9:39:33.650942200,T,IBM,F,52,314.05
2025-12-08,9:39:34.732178593,T,IBM,F I,2,314.15
2025-12-08,9:39:34.732178593,T,IBM,F,40,314.16
2025-12-08,9:39:34.732181076,T,IBM,F I,2,314.17
2025-12-08,9:39:34.732199196,T,IBM,F,51,314.21
2025-12-08,9:39:34.732250261,T,IBM,F,40,314.22
2025-12-08,9:39:34.732250261,T,IBM,F I,11,314.22
2025-12-08,9:39:34.732280526,T,IBM,F I,12,314.28
2025-12-08,9:39:34.732283301,T,IBM,F I,12,314.28
2025-12-08,9:39:34.732286436,T,IBM,I,12,314.28
2025-12-08,9:39:34.732289364,T,IBM,I,11,314.28
2025-12-08,9:39:35.392250112,T,IBM,F I,2,314.2
2025-12-08,9:39:35.392253009,T,IBM,F I,25,314.18
2025-12-08,9:39:35.392255465,T,IBM,F I,2,314.15
2025-12-08,9:39:35.392255465,T,IBM,F I,11,314.14
2025-12-08,9:39:35.867801774,T,IBM,F I,2,314.21
2025-12-08,9:39:35.867804568,T,IBM,F I,25,314.24
2025-12-08,9:39:35.867879791,T,IBM,F I,20,314.26
2025-12-08,9:39:35.867879791,T,IBM,F,80,314.26
2025-12-08,9:39:35.868187285,T,IBM,F I,8,314.29
2025-12-08,9:39:35.868189506,T,IBM,F I,12,314.31
2025-12-08,9:39:35.873824989,T,IBM,I,1,314.38
2025-12-08,9:39:35.875442827,T,IBM,I,30,314.37
2025-12-08,9:39:35.875445769,T,IBM,,62,314.42
2025-12-08,9:39:35.875463988,T,IBM,I,1,314.42
2025-12-08,9:39:35.875466810,T,IBM,I,1,314.42
2025-12-08,9:39:36.271157862,T,IBM,F I,2,314.24
2025-12-08,9:39:36.271157862,T,IBM,F,105,314.17
2025-12-08,9:39:36.377496916,T,IBM,F,84,314.33
2025-12-08,9:39:36.382055919,T,IBM,F I,1,314.38
2025-12-08,9:39:36.383391628,T,IBM,F I,3,314.48
2025-12-08,9:39:36.384235998,T,IBM,F,45,314.56
2025-12-08,9:39:36.384235998,T,IBM,F,100,314.57
2025-12-08,9:39:36.384239006,T,IBM,F,100,314.61
2025-12-08,9:39:36.656501073,T,IBM,F I,2,314.38
2025-12-08,9:39:36.656522206,T,IBM,F,53,314.37
2025-12-08,9:39:36.656525399,T,IBM,F I,2,314.36
2025-12-08,9:39:36.656525399,T,IBM,F,50,314.36
2025-12-08,9:39:36.656529566,T,IBM,F I,25,314.36
2025-12-08,9:39:36.656534157,T,IBM,F,100,314.35
2025-12-08,9:39:36.656534157,T,IBM,F I,20,314.35
2025-12-08,9:39:38.994008412,T,IBM,F,40,314.26
2025-12-08,9:39:38.994010657,T,IBM,F,40,314.26
2025-12-08,9:39:38.994013668,T,IBM,F,144,314.25
2025-12-08,9:39:38.994025666,T,IBM,F I,16,314.25
2025-12-08,9:39:38.994115914,T,IBM,F I,24,314.22
2025-12-08,9:39:38.994816528,T,IBM,,40,314.22
2025-12-08,9:39:43.619438756,T,IBM,F I,30,314.31
2025-12-08,9:39:43.619535074,T,IBM,F I,25,314.37
2025-12-08,9:39:43.619971057,T,IBM,I,5,314.37
2025-12-08,9:39:46.327135508,T,IBM,I,18,314.41
2025-12-08,9:39:46.327162940,T,IBM,F,80,314.42
2025-12-08,9:39:46.543578847,T,IBM,I,33,314.56
2025-12-08,9:39:46.833514032,T,IBM,F,80,314.65
2025-12-08,9:39:46.834533478,T,IBM,I,9,314.73
2025-12-08,9:39:46.837272930,T,IBM,F I,30,314.66
2025-12-08,9:39:46.837297469,T,IBM,F I,20,314.65
2025-12-08,9:39:46.837300014,T,IBM,F,40,314.65
2025-12-08,9:39:54.839935787,T,IBM,,40,314.56
2025-12-08,9:39:55.251468425,T,IBM,F,100,314.54
2025-12-08,9:39:57.846793760,T,IBM,I,20,314.55
2025-12-08,9:39:59.148833294,T,IBM,F I,3,314.53
2025-12-08,9:40:00.876915916,T,IBM,F I,5,314.63
2025-12-08,9:40:00.876918172,T,IBM,F I,1,314.63
2025-12-08,9:40:02.174074290,T,IBM,F I,2,314.71
2025-12-08,9:40:02.174074290,T,IBM,F I,2,314.71
2025-12-08,9:40:02.195852011,T,IBM,I,16,314.63
2025-12-08,9:40:05.419171266,T,IBM,F I,18,314.57
2025-12-08,9:40:05.419631367,T,IBM,I,13,314.56
2025-12-08,9:40:05.419652549,T,IBM,F I,27,314.56
2025-12-08,9:40:05.419652549,T,IBM,F I,7,314.56
2025-12-08,9:40:05.419935054,T,IBM,F I,33,314.55
2025-12-08,9:40:05.419935054,T,IBM,F I,1,314.55
2025-12-08,9:40:05.419953140,T,IBM,F I,16,314.55
2025-12-08,9:40:05.420299063,T,IBM,I,30,314.55
2025-12-08,9:40:05.420368037,T,IBM,,40,314.53
2025-12-08,9:40:05.420374062,T,IBM,,40,314.55
2025-12-08,9:40:05.420389110,T,IBM,F I,1,314.55
2025-12-08,9:40:05.420741008,T,IBM,F I,7,314.53
2025-12-08,9:40:05.420765052,T,IBM,I,4,314.53
2025-12-08,9:40:05.420789759,T,IBM,,40,314.51
2025-12-08,9:40:05.421105246,T,IBM,I,1,314.55
2025-12-08,9:40:05.421107805,T,IBM,I,18,314.55
2025-12-08,9:40:05.616007788,T,IBM,F I,10,314.48
2025-12-08,9:40:05.727359853,T,IBM,I,18,314.51
2025-12-08,9:40:05.727813938,T,IBM,I,18,314.54
2025-12-08,9:40:08.488929918,T,IBM,F I,25,314.52
2025-12-08,9:40:08.489582456,T,IBM,I,2,314.55
2025-12-08,9:40:08.543311642,T,IBM,F I,25,314.52
2025-12-08,9:40:08.543314378,T,IBM,I,11,314.5
2025-12-08,9:40:08.543314378,T,IBM,I,18,314.49
2025-12-08,9:40:08.543326702,T,IBM,F I,11,314.49
2025-12-08,9:40:08.543801553,T,IBM,,100,314.49
2025-12-08,9:40:08.543801553,T,IBM,I,20,314.49
2025-12-08,9:40:09.514783140,T,IBM,F I,12,314.55
2025-12-08,9:40:09.514783140,T,IBM,F I,18,314.55
2025-12-08,9:40:09.514786067,T,IBM,F I,11,314.55
2025-12-08,9:40:13.646282325,T,IBM,,100,314.56
2025-12-08,9:40:14.559484940,T,IBM,F I,25,314.48
2025-12-08,9:40:14.559484940,T,IBM,F I,8,314.47
2025-12-08,9:40:14.559487314,T,IBM,F I,3,314.46
2025-12-08,9:40:14.559490253,T,IBM,F I,4,314.45
2025-12-08,9:40:14.560043593,T,IBM,F I,25,314.48
2025-12-08,9:40:14.560046624,T,IBM,F,100,314.53
2025-12-08,9:40:14.585213464,T,IBM,F I,6,314.61
2025-12-08,9:40:14.598541182,T,IBM,F I,1,314.64
2025-12-08,9:40:14.598541182,T,IBM,F I,5,314.64
2025-12-08,9:40:16.202328135,T,IBM,F I,1,314.76
2025-12-08,9:40:16.217273694,T,IBM,I,2,314.77
2025-12-08,9:40:16.691057546,T,IBM,F I,20,314.87
2025-12-08,9:40:17.012964874,T,IBM,F,125,314.81
2025-12-08,9:40:17.152791878,T,IBM,,53,314.75
2025-12-08,9:40:17.152791878,T,IBM,I,8,314.75
2025-12-08,9:40:17.152794804,T,IBM,I,32,314.74
2025-12-08,9:40:17.152804351,T,IBM,I,8,314.74
2025-12-08,9:40:17.152806754,T,IBM,,40,314.74
2025-12-08,9:40:17.152809890,T,IBM,I,13,314.74
2025-12-08,9:40:17.152812791,T,IBM,F I,25,314.76
2025-12-08,9:40:17.153381118,T,IBM,F I,20,314.72
2025-12-08,9:40:18.531892785,T,IBM,F,40,314.68
2025-12-08,9:40:18.531892785,T,IBM,F,100,314.68
2025-12-08,9:40:18.531895761,T,IBM,F I,10,314.68
2025-12-08,9:40:18.532211537,T,IBM,F,100,314.68
2025-12-08,9:40:18.532232619,T,IBM,I,1,314.68
2025-12-08,9:40:18.532232619,T,IBM,I,1,314.68
2025-12-08,9:40:18.532566350,T,IBM,F I,1,314.76
2025-12-08,9:40:18.533769354,T,IBM,,45,314.75
2025-12-08,9:40:18.533772288,T,IBM,,50,314.68
2025-12-08,9:40:18.534166200,T,IBM,I,15,314.67
2025-12-08,9:40:18.534193991,T,IBM,,85,314.67
2025-12-08,9:40:18.534566096,T,IBM,I,15,314.64
2025-12-08,9:40:18.535299902,T,IBM,F I,2,314.64
2025-12-08,9:40:18.535321686,T,IBM,I,18,314.64
2025-12-08,9:40:18.535321686,T,IBM,I,2,314.64
2025-12-08,9:40:18.535323923,T,IBM,,140,314.64
2025-12-08,9:40:18.535326978,T,IBM,I,1,314.64
2025-12-08,9:40:18.552501110,T,IBM,I,2,314.74
2025-12-08,9:40:18.552501110,T,IBM,I,2,314.74
2025-12-08,9:40:19.271744134,T,IBM,F I,25,314.72
2025-12-08,9:40:24.707090201,T,IBM,F,78,314.62
2025-12-08,9:40:24.707090201,T,IBM,F I,13,314.62
2025-12-08,9:40:24.707207539,T,IBM,F I,1,314.61
2025-12-08,9:40:24.707451067,T,IBM,F,50,314.62
2025-12-08,9:40:24.707451067,T,IBM,F I,9,314.68
2025-12-08,9:40:24.707505347,T,IBM,F I,19,314.68
2025-12-08,9:40:24.707649564,T,IBM,F I,5,314.62
2025-12-08,9:40:24.707682570,T,IBM,I,1,314.62
2025-12-08,9:40:25.049358988,T,IBM,F I,30,314.72
2025-12-08,9:40:25.049362492,T,IBM,F,53,314.75
2025-12-08,9:40:25.049362492,T,IBM,F I,2,314.76
2025-12-08,9:40:25.049365431,T,IBM,F I,3,314.76
2025-12-08,9:40:25.049369078,T,IBM,F I,18,314.76
2025-12-08,9:40:25.049369078,T,IBM,F,50,314.76
2025-12-08,9:40:25.049419191,T,IBM,I,19,314.69
2025-12-08,9:40:25.049458266,T,IBM,I,25,314.71
2025-12-08,9:40:25.049458266,T,IBM,I,15,314.7
2025-12-08,9:40:25.049879206,T,IBM,I,1,314.76
2025-12-08,9:40:25.050098759,T,IBM,,47,314.62
2025-12-08,9:40:25.051073395,T,IBM,F I,25,314.68
2025-12-08,9:40:25.051076109,T,IBM,F I,2,314.71
2025-12-08,9:40:25.089531613,T,IBM,I,2,314.74
2025-12-08,9:40:25.089534626,T,IBM,I,33,314.74
2025-12-08,9:40:25.271657277,T,IBM,I,39,314.675
2025-12-08,9:40:25.693176790,T,IBM,F I,17,314.64
2025-12-08,9:40:25.693176790,T,IBM,F I,22,314.61
2025-12-08,9:40:25.693194743,T,IBM,I,1,314.61
2025-12-08,9:40:25.693194743,T,IBM,I,16,314.61
2025-12-08,9:40:25.924700852,T,IBM,F I,21,314.69
2025-12-08,9:40:25.925356419,T,IBM,F I,2,314.7
2025-12-08,9:40:25.925386413,T,IBM,I,5,314.7
2025-12-08,9:40:25.925419537,T,IBM,F,80,314.7
2025-12-08,9:40:25.925714255,T,IBM,I,14,314.69
2025-12-08,9:40:30.643182419,T,IBM,I,8,314.62
2025-12-08,9:40:37.914107376,T,IBM,I,30,314.7
2025-12-08,9:40:37.914110245,T,IBM,,50,314.71
2025-12-08,9:40:37.914113324,T,IBM,,80,314.72
2025-12-08,9:40:37.914131374,T,IBM,F I,8,314.73
2025-12-08,9:40:37.914131374,T,IBM,F,120,314.73
2025-12-08,9:40:37.921604116,T,IBM,F I,25,314.76
2025-12-08,9:40:40.589693665,T,IBM,I,25,314.765
2025-12-08,9:40:40.589699836,T,IBM,,75,314.765
2025-12-08,9:40:41.302264051,T,IBM,F I,25,314.77
2025-12-08,9:40:41.940647678,T,IBM,F,100,314.8
2025-12-08,9:40:41.940828203,T,IBM,F I,30,314.84
2025-12-08,9:40:44.411115791,T,IBM,F I,2,314.87
2025-12-08,9:40:44.411118922,T,IBM,F I,1,314.87
2025-12-08,9:40:44.411133806,T,IBM,F I,1,314.87
2025-12-08,9:40:44.411139885,T,IBM,I,20,314.87
2025-12-08,9:40:44.411202970,T,IBM,F I,1,314.88
2025-12-08,9:40:44.411678154,T,IBM,I,3,314.9
2025-12-08,9:40:44.836622746,T,IBM,,120,314.95
2025-12-08,9:40:44.836640974,T,IBM,I,1,314.95
2025-12-08,9:40:44.836640974,T,IBM,I,1,314.95
2025-12-08,9:40:44.837317357,T,IBM,I,35,314.95
2025-12-08,9:40:44.837371881,T,IBM,F,40,314.98
2025-12-08,9:40:44.838574406,T,IBM,F,200,315.0
2025-12-08,9:40:44.838577440,T,IBM,F,100,315.0
2025-12-08,9:40:44.839151751,T,IBM,I,4,315.05
2025-12-08,9:40:44.839383303,T,IBM,F I,9,315.13
2025-12-08,9:40:44.839410436,T,IBM,F I,19,315.13
2025-12-08,9:40:44.839413395,T,IBM,F,40,315.13
2025-12-08,9:40:44.839659932,T,IBM,,52,315.13
2025-12-08,9:40:44.839813384,T,IBM,F I,8,315.1
2025-12-08,9:40:45.260722465,T,IBM,F,64,315.2
2025-12-08,9:40:45.260725310,T,IBM,F I,25,315.2
2025-12-08,9:40:45.488812278,T,IBM,I,25,315.24
2025-12-08,9:40:45.488815331,T,IBM,,40,315.2
2025-12-08,9:40:45.488818843,T,IBM,,74,315.2
2025-12-08,9:40:45.501382781,T,IBM,F I,2,315.19
2025-12-08,9:40:45.501385265,T,IBM,F I,30,315.18
2025-12-08,9:40:45.501391301,T,IBM,F I,5,315.15
2025-12-08,9:40:45.502876810,T,IBM,F I,15,315.12
2025-12-08,9:40:45.503114311,T,IBM,I,3,315.12
2025-12-08,9:40:45.503950888,T,IBM,I,3,315.03
2025-12-08,9:40:45.504548819,T,IBM,F,40,315.03
2025-12-08,9:40:51.069861729,T,IBM,F I,2,315.03
2025-12-08,9:40:51.069864885,T,IBM,F,52,315.03
2025-12-08,9:40:51.070144024,T,IBM,F,45,315.03
2025-12-08,9:40:51.070367172,T,IBM,F,40,315.02
2025-12-08,9:40:51.070367172,T,IBM,F I,12,315.02
2025-12-08,9:40:51.070369493,T,IBM,F,52,315.02
2025-12-08,9:40:51.070390708,T,IBM,F,40,315.02
2025-12-08,9:40:51.070393585,T,IBM,F I,8,315.02
2025-12-08,9:40:51.782398572,T,IBM,I,8,314.99
2025-12-08,9:40:51.782416602,T,IBM,F I,32,314.99
2025-12-08,9:40:53.347627692,T,IBM,I,8,315.12
2025-12-08,9:40:53.378258556,T,IBM,I,17,315.12
2025-12-08,9:40:58.899759722,T,IBM,F,50,315.16
2025-12-08,9:40:58.899777765,T,IBM,F I,3,315.17
2025-12-08,9:41:00.255047379,T,IBM,F I,25,315.16
2025-12-08,9:41:00.255050089,T,IBM,F I,2,315.16
2025-12-08,9:41:00.255053147,T,IBM,F I,13,315.2
2025-12-08,9:41:05.313151155,T,IBM,F,40,315.04
2025-12-08,9:41:05.313154197,T,IBM,F I,5,314.98
2025-12-08,9:41:05.313656438,T,IBM,F I,5,314.94
2025-12-08,9:41:05.313662422,T,IBM,F I,5,314.94
2025-12-08,9:41:05.313836813,T,IBM,F I,5,314.94
2025-12-08,9:41:09.594109310,T,IBM,I,31,315.0
2025-12-08,9:41:09.594148521,T,IBM,,69,315.0
2025-12-08,9:41:09.594151356,T,IBM,I,31,315.0
2025-12-08,9:41:09.594163384,T,IBM,I,14,315.0
2025-12-08,9:41:09.594166408,T,IBM,I,25,315.01
2025-12-08,9:41:09.594650548,T,IBM,,45,315.01
2025-12-08,9:41:09.594650548,T,IBM,,75,315.04
2025-12-08,9:41:11.351092886,T,IBM,F I,2,315.01
2025-12-08,9:41:11.351095811,T,IBM,F,80,315.05
2025-12-08,9:41:11.351279344,T,IBM,F,80,315.08
2025-12-08,9:41:11.351282718,T,IBM,F I,2,315.08
2025-12-08,9:41:11.351312431,T,IBM,F,53,315.1
2025-12-08,9:41:11.351501791,T,IBM,F I,2,315.12
2025-12-08,9:41:11.454118132,T,IBM,I,15,314.895
2025-12-08,9:41:11.454142193,T,IBM,F,125,314.895
2025-12-08,9:41:11.466155737,T,IBM,,125,314.895
2025-12-08,9:41:11.574130859,T,IBM,F,100,314.6
2025-12-08,9:41:11.574133897,T,IBM,F,100,314.6
2025-12-08,9:41:11.574136898,T,IBM,F,100,314.6
2025-12-08,9:41:11.574136898,T,IBM,F,40,314.59
2025-12-08,9:41:14.947790060,T,IBM,F I,2,314.54
2025-12-08,9:41:14.947811083,T,IBM,I,2,314.48
2025-12-08,9:41:14.947841270,T,IBM,F I,2,314.48
2025-12-08,9:41:14.947856226,T,IBM,I,38,314.48
2025-12-08,9:41:14.947910279,T,IBM,,120,314.49
2025-12-08,9:41:14.947943406,T,IBM,,70,314.49
2025-12-08,9:41:14.947967427,T,IBM,,72,314.49
2025-12-08,9:41:14.948328499,T,IBM,F I,12,314.48
2025-12-08,9:41:14.948328499,T,IBM,F I,6,314.46
2025-12-08,9:41:14.948331566,T,IBM,F I,28,314.44
2025-12-08,9:41:14.948376475,T,IBM,F I,12,314.44
2025-12-08,9:41:14.948445526,T,IBM,I,4,314.45
2025-12-08,9:41:14.948445526,T,IBM,I,2,314.47
2025-12-08,9:41:14.948478708,T,IBM,I,4,314.47
2025-12-08,9:41:14.948508782,T,IBM,F I,27,314.47
2025-12-08,9:41:14.948556881,T,IBM,I,23,314.47
2025-12-08,9:41:20.449507261,T,IBM,,80,314.32
2025-12-08,9:41:20.449507261,T,IBM,I,38,314.31
2025-12-08,9:41:20.449510076,T,IBM,,40,314.31
2025-12-08,9:41:20.449961327,T,IBM,,50,314.35
2025-12-08,9:41:20.449961327,T,IBM,,45,314.385
2025-12-08,9:41:20.449964191,T,IBM,I,5,314.385
2025-12-08,9:41:20.450003211,T,IBM,I,30,314.39
2025-12-08,9:41:20.450006213,T,IBM,I,22,314.45
2025-12-08,9:41:20.450042410,T,IBM,,40,314.33
2025-12-08,9:41:20.987475726,T,IBM,F,75,314.46
2025-12-08,9:41:36.252360641,T,IBM,I,5,314.645
2025-12-08,9:41:36.258261373,T,IBM,I,2,314.41
2025-12-08,9:41:36.258263668,T,IBM,I,15,314.4
2025-12-08,9:41:36.258290770,T,IBM,I,23,314.4
2025-12-08,9:41:36.258311785,T,IBM,I,1,314.4
2025-12-08,9:41:36.258513326,T,IBM,I,1,314.4
2025-12-08,9:41:36.258513326,T,IBM,I,5,314.4
2025-12-08,9:41:44.227204235,T,IBM,F I,1,314.48
2025-12-08,9:41:45.840018612,T,IBM,F I,1,314.55
2025-12-08,9:41:53.297324442,T,IBM,I,2,314.6
2025-12-08,9:41:53.297327369,T,IBM,I,1,314.59
2025-12-08,9:41:53.297327369,T,IBM,I,37,314.59
2025-12-08,9:41:53.297361049,T,IBM,F I,3,314.59
2025-12-08,9:41:53.297361049,T,IBM,F I,25,314.57
2025-12-08,9:41:53.297369303,T,IBM,F I,15,314.57
2025-12-08,9:41:53.297369303,T,IBM,F,40,314.57
2025-12-08,9:41:53.297588811,T,IBM,F I,5,314.54
2025-12-08,9:41:53.297988813,T,IBM,F I,8,314.54
2025-12-08,9:41:53.299609624,T,IBM,F I,1,314.47
2025-12-08,9:41:53.300015684,T,IBM,F I,1,314.47
2025-12-08,9:41:56.825316754,T,IBM,I,5,314.47
2025-12-08,9:41:56.825406996,T,IBM,I,35,314.47
2025-12-08,9:41:56.825617528,T,IBM,F I,5,314.45
2025-12-08,9:41:56.826198181,T,IBM,,50,314.48
2025-12-08,9:41:56.826198181,T,IBM,,100,314.5
2025-12-08,9:41:56.826198181,T,IBM,I,10,314.5
2025-12-08,9:41:56.826221964,T,IBM,I,35,314.5
2025-12-08,9:41:56.826221964,T,IBM,I,15,314.505
2025-12-08,9:41:56.826224948,T,IBM,I,30,314.52
2025-12-08,9:41:56.826228084,T,IBM,,80,314.54
2025-12-08,9:41:59.434023950,T,IBM,F I,2,314.5
2025-12-08,9:41:59.434072033,T,IBM,F I,2,314.51
2025-12-08,9:42:10.084505006,T,IBM,I,16,314.44
2025-12-08,9:42:10.727041658,T,IBM,F I,30,314.52
2025-12-08,9:42:10.727041658,T,IBM,F I,2,314.54
2025-12-08,9:42:10.727095715,T,IBM,F I,30,314.55
2025-12-08,9:42:13.416112062,T,IBM,I,2,314.51
2025-12-08,9:42:13.416115021,T,IBM,I,4,314.5
2025-12-08,9:42:13.416178266,T,IBM,,100,314.51
2025-12-08,9:42:16.313058512,T,IBM,I,10,314.59
2025-12-08,9:42:16.313061455,T,IBM,I,1,314.63
2025-12-08,9:42:16.313061455,T,IBM,I,4,314.63
2025-12-08,9:42:17.280112855,T,IBM,F I,2,314.6
2025-12-08,9:42:17.280115511,T,IBM,F,57,314.59
2025-12-08,9:42:17.449226239,T,IBM,I,1,314.49
2025-12-08,9:42:17.449229586,T,IBM,I,6,314.47
2025-12-08,9:42:17.449232053,T,IBM,I,39,314.47
2025-12-08,9:42:17.449250155,T,IBM,F I,1,314.47
2025-12-08,9:42:17.500062181,T,IBM,,40,314.4
2025-12-08,9:42:19.126637271,T,IBM,F I,2,314.45
2025-12-08,9:42:24.161733654,T,IBM,F,53,314.54
2025-12-08,9:42:24.162142633,T,IBM,,40,314.6
2025-12-08,9:42:24.162217793,T,IBM,F I,12,314.6
2025-12-08,9:42:24.166557031,T,IBM,I,15,314.51
2025-12-08,9:42:24.166557031,T,IBM,,85,314.51
2025-12-08,9:42:28.314253013,T,IBM,,100,314.61
2025-12-08,9:42:28.314253013,T,IBM,,55,314.62
2025-12-08,9:42:28.314271055,T,IBM,F,99,314.62
2025-12-08,9:42:28.314271055,T,IBM,F I,26,314.62
2025-12-08,9:42:28.314277352,T,IBM,F I,3,314.62
2025-12-08,9:42:28.314277352,T,IBM,I,1,314.62
2025-12-08,9:42:28.314280227,T,IBM,I,1,314.62
2025-12-08,9:42:28.314282984,T,IBM,I,35,314.62
2025-12-08,9:42:28.314292046,T,IBM,I,28,314.62
2025-12-08,9:42:28.314295027,T,IBM,I,7,314.62
2025-12-08,9:42:29.735162501,T,IBM,,88,314.685
2025-12-08,9:42:30.645393406,T,IBM,,125,314.685
2025-12-08,9:42:30.645453735,T,IBM,F I,1,314.72
2025-12-08,9:42:33.734024960,T,IBM,F I,30,314.79
2025-12-08,9:42:36.632132044,T,IBM,,40,314.775
2025-12-08,9:42:40.020078248,T,IBM,F I,31,314.86
2025-12-08,9:42:40.805623226,T,IBM,I,15,314.81
2025-12-08,9:42:41.046592911,T,IBM,F I,5,314.78
2025-12-08,9:42:41.046595871,T,IBM,F I,1,314.78
2025-12-08,9:42:41.046614156,T,IBM,I,5,314.78
2025-12-08,9:42:42.493538495,T,IBM,I,9,314.71
2025-12-08,9:42:42.493562594,T,IBM,I,17,314.71
2025-12-08,9:42:43.324100699,T,IBM,F I,21,314.71
2025-12-08,9:42:43.324100699,T,IBM,I,17,314.71
2025-12-08,9:42:43.324103624,T,IBM,F I,17,314.71
2025-12-08,9:42:43.324365284,T,IBM,,45,314.71
2025-12-08,9:42:43.324459338,T,IBM,F I,1,314.75
2025-12-08,9:42:43.324465264,T,IBM,F I,29,314.75
2025-12-08,9:42:43.324465264,T,IBM,F I,25,314.76
2025-12-08,9:42:43.324465264,T,IBM,F I,1,314.77
2025-12-08,9:42:43.324921610,T,IBM,,120,314.77
2025-12-08,9:42:44.943344263,T,IBM,F,100,314.71
2025-12-08,9:42:44.943347329,T,IBM,F I,25,314.69
2025-12-08,9:42:45.146592202,T,IBM,F,50,314.75
2025-12-08,9:42:45.146595178,T,IBM,F,75,314.75
2025-12-08,9:42:48.063551146,T,IBM,I,15,314.69
2025-12-08,9:42:48.063551146,T,IBM,I,12,314.67
2025-12-08,9:42:49.500958019,T,IBM,F,40,314.63
2025-12-08,9:43:09.180508699,T,IBM,I,4,314.62
2025-12-08,9:43:09.181527579,T,IBM,F I,4,314.62
2025-12-08,9:43:09.188694229,T,IBM,F I,1,314.63
2025-12-08,9:43:09.200271186,T,IBM,I,1,314.63
2025-12-08,9:43:10.379609857,T,IBM,I,25,314.66
2025-12-08,9:43:10.379609857,T,IBM,I,2,314.68
2025-12-08,9:43:10.379613215,T,IBM,I,13,314.7
2025-12-08,9:43:10.404154220,T,IBM,I,25,314.78
2025-12-08,9:43:10.404909150,T,IBM,I,30,314.78
2025-12-08,9:43:10.404909150,T,IBM,I,30,314.78
2025-12-08,9:43:10.405366078,T,IBM,I,6,314.76
2025-12-08,9:43:10.516806206,T,IBM,F I,30,314.6
2025-12-08,9:43:10.517057962,T,IBM,F I,5,314.57
2025-12-08,9:43:18.177274399,T,IBM,F I,10,314.44
2025-12-08,9:43:25.099889113,T,IBM,F I,2,314.44
2025-12-08,9:43:25.099895116,T,IBM,F I,5,314.43
2025-12-08,9:43:25.099898111,T,IBM,F I,4,314.43
2025-12-08,9:43:25.099940217,T,IBM,F I,20,314.41
2025-12-08,9:43:25.100039467,T,IBM,F,40,314.4
2025-12-08,9:43:25.100313091,T,IBM,,80,314.44
2025-12-08,9:43:25.100592830,T,IBM,F I,8,314.33
2025-12-08,9:43:25.100619820,T,IBM,I,12,314.33
2025-12-08,9:43:25.111538846,T,IBM,F I,20,314.13
2025-12-08,9:43:25.127527893,T,IBM,I,8,314.38
2025-12-08,9:43:25.127527893,T,IBM,I,7,314.38
2025-12-08,9:43:28.517464793,T,IBM,,40,314.27
2025-12-08,9:43:29.331986809,T,IBM,F,78,314.24
2025-12-08,9:43:29.332206430,T,IBM,I,24,314.21
2025-12-08,9:43:29.332212402,T,IBM,I,16,314.21
2025-12-08,9:43:30.098986708,T,IBM,F,40,314.18
2025-12-08,9:43:41.628962518,T,IBM,,40,314.28
2025-12-08,9:43:42.591568993,T,IBM,F,100,314.25
2025-12-08,9:43:44.729911409,T,IBM,F I,5,314.17
2025-12-08,9:43:44.729914541,T,IBM,F,40,314.17
2025-12-08,9:43:44.898766482,T,IBM,I,1,314.22
2025-12-08,9:43:50.259379180,T,IBM,I,22,314.25
2025-12-08,9:43:50.260770957,T,IBM,F I,20,314.33
2025-12-08,9:43:50.260777029,T,IBM,F I,20,314.33
2025-12-08,9:43:51.204880451,T,IBM,,100,314.395
2025-12-08,9:43:53.064576497,T,IBM,F I,20,314.47
2025-12-08,9:43:53.064597553,T,IBM,I,17,314.47
2025-12-08,9:43:53.075603872,T,IBM,,100,314.49
2025-12-08,9:43:53.075607077,T,IBM,I,13,314.49
2025-12-08,9:43:53.075607077,T,IBM,I,1,314.5
2025-12-08,9:43:53.075609743,T,IBM,I,6,314.5
2025-12-08,9:43:53.075624836,T,IBM,F I,31,314.5
2025-12-08,9:43:53.075645817,T,IBM,F I,36,314.5
2025-12-08,9:43:55.001156624,T,IBM,F I,7,314.37
2025-12-08,9:43:55.001448290,T,IBM,F I,5,314.35
2025-12-08,9:43:55.001631806,T,IBM,F,40,314.32
2025-12-08,9:43:55.001652767,T,IBM,I,6,314.32
2025-12-08,9:43:55.001655779,T,IBM,I,34,314.32
2025-12-08,9:43:55.001667855,T,IBM,I,35,314.42
2025-12-08,9:43:55.002022739,T,IBM,I,35,314.41
2025-12-08,9:43:55.002058782,T,IBM,I,22,314.35
2025-12-08,9:44:02.541899356,T,IBM,,200,314.53
2025-12-08,9:44:02.541901943,T,IBM,I,1,314.53
2025-12-08,9:44:02.541901943,T,IBM,,240,314.53
2025-12-08,9:44:02.542151398,T,IBM,F I,30,314.57
2025-12-08,9:44:02.542160470,T,IBM,,40,314.53
2025-12-08,9:44:02.543459514,T,IBM,I,30,314.52
2025-12-08,9:44:02.961108796,T,IBM,F I,30,314.53
2025-12-08,9:44:03.660029699,T,IBM,F I,5,314.49
2025-12-08,9:44:03.660083757,T,IBM,I,25,314.5
2025-12-08,9:44:03.660134894,T,IBM,,79,314.51
2025-12-08,9:44:03.660435519,T,IBM,I,19,314.57
2025-12-08,9:44:03.662931542,T,IBM,,100,314.56
2025-12-08,9:44:05.555598015,T,IBM,,40,314.56
2025-12-08,9:44:09.009377024,T,IBM,,40,314.47
2025-12-08,9:44:09.009380013,T,IBM,,80,314.47
2025-12-08,9:44:09.009458122,T,IBM,,100,314.47
2025-12-08,9:44:09.010198129,T,IBM,,100,314.47
2025-12-08,9:44:09.969824394,T,IBM,I,35,314.39
2025-12-08,9:44:09.970128084,T,IBM,F,40,314.39
2025-12-08,9:44:09.970275417,T,IBM,F,40,314.38
2025-12-08,9:44:09.970906907,T,IBM,F,40,314.36
2025-12-08,9:44:11.493521668,T,IBM,F,100,314.18
2025-12-08,9:44:14.837966302,T,IBM,F I,5,314.0
2025-12-08,9:44:14.838453380,T,IBM,,40,313.98
2025-12-08,9:44:14.840056153,T,IBM,F,40,313.95
2025-12-08,9:44:14.840696745,T,IBM,F,40,313.93
2025-12-08,9:44:14.842344619,T,IBM,,45,313.84
2025-12-08,9:44:14.842404799,T,IBM,,45,313.85
2025-12-08,9:44:14.843093389,T,IBM,F,40,313.85
2025-12-08,9:44:14.908547257,T,IBM,I,2,313.84
2025-12-08,9:44:14.908553399,T,IBM,I,2,313.85
2025-12-08,9:44:15.541680390,T,IBM,,40,313.855
2025-12-08,9:44:15.856380084,T,IBM,,53,313.96
2025-12-08,9:44:15.856382638,T,IBM,I,5,313.97
2025-12-08,9:44:15.856382638,T,IBM,I,27,313.97
2025-12-08,9:44:15.856397679,T,IBM,F I,1,313.97
2025-12-08,9:44:15.856401038,T,IBM,F I,1,313.97
2025-12-08,9:44:15.856401038,T,IBM,I,1,313.97
2025-12-08,9:44:15.856404434,T,IBM,I,1,313.97
2025-12-08,9:44:15.856406726,T,IBM,F,49,313.97
2025-12-08,9:44:16.675301132,T,IBM,,40,314.015
2025-12-08,9:44:17.201647297,T,IBM,I,30,314.005
2025-12-08,9:44:18.202682171,T,IBM,,40,314.005
2025-12-08,9:44:18.214551459,T,IBM,F I,2,314.14
2025-12-08,9:44:18.214554394,T,IBM,F I,1,314.15
2025-12-08,9:44:18.214578473,T,IBM,I,2,314.15
2025-12-08,9:44:18.854483826,T,IBM,F I,31,314.25
2025-12-08,9:44:18.854504824,T,IBM,I,1,314.25
2025-12-08,9:44:18.854508293,T,IBM,I,1,314.25
2025-12-08,9:44:18.854510887,T,IBM,F,47,314.25
2025-12-08,9:44:21.225300620,T,IBM,,40,314.315
2025-12-08,9:44:21.228797993,T,IBM,,49,314.315
2025-12-08,9:44:25.837112495,T,IBM,F I,25,314.47
2025-12-08,9:44:25.837632651,T,IBM,,40,314.485
2025-12-08,9:44:30.619201303,T,IBM,F I,20,314.54
2025-12-08,9:44:30.619204254,T,IBM,F I,18,314.54
2025-12-08,9:44:30.619216251,T,IBM,F I,12,314.54
2025-12-08,9:44:30.619216251,T,IBM,F I,8,314.57
2025-12-08,9:44:30.619231366,T,IBM,F I,12,314.57
2025-12-08,9:44:30.619234415,T,IBM,F I,6,314.59
2025-12-08,9:44:30.619240369,T,IBM,F I,12,314.59
2025-12-08,9:44:30.619243333,T,IBM,F I,28,314.64
2025-12-08,9:44:30.619300525,T,IBM,F I,12,314.64
2025-12-08,9:44:30.633554493,T,IBM,I,34,314.7
2025-12-08,9:44:31.477582812,T,IBM,F,100,314.725
2025-12-08,9:44:32.163606080,T,IBM,,53,314.62
2025-12-08,9:44:32.163609021,T,IBM,I,26,314.62
2025-12-08,9:44:32.163690090,T,IBM,F,79,314.61
2025-12-08,9:44:32.163765281,T,IBM,F,40,314.6
2025-12-08,9:44:32.163789318,T,IBM,F I,5,314.58
2025-12-08,9:44:32.163789318,T,IBM,F,40,314.58
2025-12-08,9:44:32.520122613,T,IBM,I,17,314.76
2025-12-08,9:44:32.520146566,T,IBM,F I,8,314.76
2025-12-08,9:44:32.527312718,T,IBM,I,30,314.75
2025-12-08,9:44:32.527808904,T,IBM,I,1,314.78
2025-12-08,9:44:45.221948966,T,IBM,,45,314.72
2025-12-08,9:44:45.221948966,T,IBM,I,35,314.725
2025-12-08,9:44:50.934109945,T,IBM,,40,314.745
2025-12-08,9:44:54.937435086,T,IBM,I,2,314.81
2025-12-08,9:45:01.598303625,T,IBM,F,40,314.66
2025-12-08,9:45:01.598769734,T,IBM,I,8,314.71
2025-12-08,9:45:01.598773123,T,IBM,,45,314.71
2025-12-08,9:45:01.598775697,T,IBM,I,27,314.72
2025-12-08,9:45:05.108734427,T,IBM,F,40,314.59
2025-12-08,9:45:05.108734427,T,IBM,F I,5,314.59
2025-12-08,9:45:05.109212494,T,IBM,F,40,314.55
2025-12-08,9:45:05.109212494,T,IBM,F,40,314.53
2025-12-08,9:45:05.128184681,T,IBM,F I,8,314.55
2025-12-08,9:45:05.128410266,T,IBM,F I,3,314.5
2025-12-08,9:45:09.910342952,T,IBM,F I,8,314.42
2025-12-08,9:45:09.910643743,T,IBM,F,80,314.34
2025-12-08,9:45:09.910715905,T,IBM,F,40,314.32
2025-12-08,9:45:09.910739917,T,IBM,F,40,314.3
2025-12-08,9:45:09.911025618,T,IBM,F,40,314.26
2025-12-08,9:45:10.575231762,T,IBM,I,30,314.23
2025-12-08,9:45:13.266127585,T,IBM,F I,4,314.06
2025-12-08,9:45:13.266130631,T,IBM,F,40,314.05
2025-12-08,9:45:13.266130631,T,IBM,F I,5,314.05
2025-12-08,9:45:13.266157671,T,IBM,F,40,314.03
2025-12-08,9:45:13.266545607,T,IBM,F,40,313.97
2025-12-08,9:45:16.136349829,T,IBM,F I,1,313.9
2025-12-08,9:45:16.136352394,T,IBM,F I,1,313.89
2025-12-08,9:45:16.136355354,T,IBM,F I,38,313.88
2025-12-08,9:45:16.136370398,T,IBM,F I,2,313.88
2025-12-08,9:45:16.137729633,T,IBM,F,80,313.75
2025-12-08,9:45:16.141049495,T,IBM,F,40,313.65
2025-12-08,9:45:16.353727773,T,IBM,F,160,313.48
2025-12-08,9:45:16.353748798,T,IBM,F,240,313.48
2025-12-08,9:45:16.353751847,T,IBM,F,100,313.48
2025-12-08,9:45:16.353755393,T,IBM,F,40,313.47
2025-12-08,9:45:16.353755393,T,IBM,F,40,313.47
2025-12-08,9:45:16.353757872,T,IBM,F I,31,313.47
2025-12-08,9:45:16.354626976,T,IBM,F,40,313.39
2025-12-08,9:45:16.354780249,T,IBM,F,69,313.37
2025-12-08,9:45:16.643873530,T,IBM,F I,2,313.53
2025-12-08,9:45:16.643876427,T,IBM,F,120,313.54
2025-12-08,9:45:16.643879930,T,IBM,F I,16,313.54
2025-12-08,9:45:16.643888478,T,IBM,F,40,313.52
2025-12-08,9:45:16.643891519,T,IBM,F I,2,313.54
2025-12-08,9:45:18.354775229,T,IBM,,45,313.63
2025-12-08,9:45:18.354775229,T,IBM,,66,313.635
2025-12-08,9:45:19.370205484,T,IBM,F,40,313.47
2025-12-08,9:45:24.146084861,T,IBM,F,40,313.41
2025-12-08,9:45:25.222680660,T,IBM,F I,2,313.64
2025-12-08,9:45:25.767514650,T,IBM,F,40,313.73
2025-12-08,9:45:25.767514650,T,IBM,F,40,313.73
2025-12-08,9:45:25.767578169,T,IBM,F I,3,313.81
2025-12-08,9:45:25.768092100,T,IBM,F I,5,313.88
2025-12-08,9:45:26.298031597,T,IBM,F I,20,314.05
2025-12-08,9:45:26.298034664,T,IBM,F I,20,314.05
2025-12-08,9:45:26.298083043,T,IBM,F,40,314.06
2025-12-08,9:45:26.298103843,T,IBM,F I,2,314.07
2025-12-08,9:45:26.298106802,T,IBM,F I,2,314.08
2025-12-08,9:45:26.298109763,T,IBM,F I,2,314.08
2025-12-08,9:45:26.298134142,T,IBM,F I,36,314.08
2025-12-08,9:45:33.218448060,T,IBM,I,5,314.15
2025-12-08,9:45:49.862367805,T,IBM,F,40,313.96
2025-12-08,9:45:49.862367805,T,IBM,F I,11,313.96
2025-12-08,9:45:49.862370868,T,IBM,F I,5,313.96
2025-12-08,9:45:49.862457988,T,IBM,F,40,313.92
2025-12-08,9:46:14.824083075,T,IBM,F I,3,313.85
2025-12-08,9:46:14.824086305,T,IBM,F I,4,313.84
2025-12-08,9:46:14.824088962,T,IBM,F I,3,313.84
2025-12-08,9:46:14.824091305,T,IBM,F,40,313.78
2025-12-08,9:46:20.568293724,T,IBM,F I,5,313.7
2025-12-08,9:46:20.661383309,T,IBM,F I,1,313.57
2025-12-08,9:46:20.661386266,T,IBM,F I,5,313.57
2025-12-08,9:46:20.661449486,T,IBM,F I,5,313.55
2025-12-08,9:46:29.221813874,T,IBM,F I,5,313.5
2025-12-08,9:46:29.221837895,T,IBM,F I,3,313.49
2025-12-08,9:46:29.221870978,T,IBM,F I,10,313.48
2025-12-08,9:46:29.221870978,T,IBM,F I,9,313.48
2025-12-08,9:46:29.222057515,T,IBM,F,40,313.47
2025-12-08,9:46:29.222063434,T,IBM,F I,8,313.47
2025-12-08,9:46:29.222066484,T,IBM,F,40,313.47
2025-12-08,9:46:29.222562654,T,IBM,F I,4,313.44
2025-12-08,9:46:29.862684484,T,IBM,F,53,313.51
2025-12-08,9:46:29.862684484,T,IBM,F,72,313.51
2025-12-08,9:46:29.863012266,T,IBM,,40,313.62
2025-12-08,9:46:29.863012266,T,IBM,,40,313.62
2025-12-08,9:46:31.978088382,T,IBM,I,2,313.69
2025-12-08,9:46:35.476899391,T,IBM,F I,1,313.9
2025-12-08,9:46:35.825044146,T,IBM,I,20,313.895
2025-12-08,9:46:36.399817459,T,IBM,F,40,313.82
2025-12-08,9:46:36.400079059,T,IBM,F,40,313.8
2025-12-08,9:46:36.400100130,T,IBM,F,40,313.81
2025-12-08,9:46:36.400100130,T,IBM,I,1,313.81
2025-12-08,9:46:36.400124180,T,IBM,F,40,313.8
2025-12-08,9:46:36.400172356,T,IBM,F I,6,313.79
2025-12-08,9:46:36.400203174,T,IBM,I,16,313.77
2025-12-08,9:46:36.400203174,T,IBM,I,5,313.77
2025-12-08,9:46:36.400220561,T,IBM,F I,21,313.77
2025-12-08,9:46:36.400220561,T,IBM,F I,7,313.77
2025-12-08,9:46:36.400427959,T,IBM,I,12,313.77
2025-12-08,9:46:48.838235347,T,IBM,F,80,313.72
2025-12-08,9:46:48.838643705,T,IBM,F I,1,313.71
2025-12-08,9:46:48.838661859,T,IBM,F I,22,313.71
2025-12-08,9:46:48.838742862,T,IBM,,40,313.75
2025-12-08,9:46:48.838766982,T,IBM,,40,313.75
2025-12-08,9:46:48.839855760,T,IBM,I,17,313.71
2025-12-08,9:46:48.839858594,T,IBM,I,5,313.69
2025-12-08,9:46:48.840186398,T,IBM,,40,313.69
2025-12-08,9:47:00.327743075,T,IBM,,100,313.69
2025-12-08,9:47:03.910056904,T,IBM,,80,313.75
2025-12-08,9:47:06.347915339,T,IBM,I,2,313.79
2025-12-08,9:47:06.347918349,T,IBM,I,2,313.81
2025-12-08,9:47:06.347924384,T,IBM,,45,313.85
2025-12-08,9:47:06.347924384,T,IBM,I,31,313.87
2025-12-08,9:47:06.347936416,T,IBM,I,1,313.87
2025-12-08,9:47:06.347939448,T,IBM,I,1,313.87
2025-12-08,9:47:06.348282311,T,IBM,F I,4,313.87
2025-12-08,9:47:06.348288396,T,IBM,F I,3,313.87
2025-12-08,9:47:06.348291269,T,IBM,F I,2,313.87
2025-12-08,9:47:07.497675653,T,IBM,F,53,313.7
2025-12-08,9:47:07.497675653,T,IBM,F I,15,313.69
2025-12-08,9:47:07.497678511,T,IBM,F I,29,313.69
2025-12-08,9:47:07.497681495,T,IBM,F I,6,313.69
2025-12-08,9:47:07.497684533,T,IBM,F I,18,313.69
2025-12-08,9:47:07.498225819,T,IBM,F I,4,313.69
2025-12-08,9:47:13.054860968,T,IBM,F,80,313.57
2025-12-08,9:47:13.054860968,T,IBM,F I,5,313.57
2025-12-08,9:47:13.054919841,T,IBM,F,40,313.56
2025-12-08,9:47:13.055034151,T,IBM,F I,7,313.54
2025-12-08,9:47:13.056134752,T,IBM,F I,1,313.45
2025-12-08,9:47:13.056390358,T,IBM,F,40,313.44
2025-12-08,9:47:13.069107628,T,IBM,F I,19,313.31
2025-12-08,9:47:13.069315130,T,IBM,F,40,313.32
2025-12-08,9:47:13.069360274,T,IBM,F I,1,313.24
2025-12-08,9:47:13.574842561,T,IBM,F I,30,313.17
2025-12-08,9:47:32.500344675,T,IBM,F I,20,313.21
2025-12-08,9:47:32.500366669,T,IBM,F I,33,313.21
2025-12-08,9:47:32.500366669,T,IBM,F I,7,313.2
2025-12-08,9:47:32.500371697,T,IBM,F I,7,313.2
2025-12-08,9:47:32.500371697,T,IBM,F I,5,313.2
2025-12-08,9:47:32.500374770,T,IBM,F I,1,313.2
2025-12-08,9:47:34.238079495,T,IBM,I,17,313.13
2025-12-08,9:47:34.238100765,T,IBM,F I,23,313.13
2025-12-08,9:47:34.238100765,T,IBM,F I,5,313.13
2025-12-08,9:47:34.240070242,T,IBM,,40,313.12
2025-12-08,9:47:47.605182452,T,IBM,F I,1,312.95
2025-12-08,9:47:47.605612477,T,IBM,I,21,312.95
2025-12-08,9:47:49.257318362,T,IBM,,40,312.86
2025-12-08,9:47:49.257336412,T,IBM,I,1,312.86
2025-12-08,9:47:49.257339950,T,IBM,F I,39,312.86
2025-12-08,9:47:49.257342451,T,IBM,F I,36,312.86
2025-12-08,9:47:49.257366523,T,IBM,F I,7,312.85
2025-12-08,9:47:53.825514154,T,IBM,I,18,312.98
2025-12-08,9:48:12.970457586,T,IBM,,40,312.96
2025-12-08,9:48:19.824385779,T,IBM,F I,6,312.91
2025-12-08,9:48:19.824388766,T,IBM,F I,25,312.89
2025-12-08,9:48:19.824388766,T,IBM,F I,1,312.89
2025-12-08,9:48:19.824454856,T,IBM,I,4,312.9
2025-12-08,9:48:25.741319409,T,IBM,F,40,312.75
2025-12-08,9:48:25.741319409,T,IBM,F I,5,312.75
2025-12-08,9:48:25.745015052,T,IBM,I,8,312.59
2025-12-08,9:48:28.891281865,T,IBM,,100,312.67
2025-12-08,9:48:28.891284877,T,IBM,,50,312.68
2025-12-08,9:48:28.891287870,T,IBM,I,1,312.74
2025-12-08,9:48:28.891290864,T,IBM,,40,312.74
2025-12-08,9:48:28.891290864,T,IBM,I,9,312.75
2025-12-08,9:48:28.891652669,T,IBM,I,18,312.8
2025-12-08,9:48:28.891652669,T,IBM,,40,312.8
2025-12-08,9:48:28.891654873,T,IBM,,80,312.8
2025-12-08,9:48:28.891708927,T,IBM,,54,312.8
2025-12-08,9:48:28.891732900,T,IBM,F,46,312.8
2025-12-08,9:48:28.892710263,T,IBM,,41,312.81
2025-12-08,9:48:28.892734395,T,IBM,I,28,312.81
2025-12-08,9:48:28.893173360,T,IBM,,41,312.81
2025-12-08,9:48:28.943813990,T,IBM,F,109,312.81
2025-12-08,9:48:28.943841123,T,IBM,F,40,312.81
2025-12-08,9:48:28.943844640,T,IBM,F I,1,312.8
2025-12-08,9:48:28.943859040,T,IBM,,45,312.74
2025-12-08,9:48:30.422818828,T,IBM,,40,312.73
2025-12-08,9:48:30.422821843,T,IBM,,76,312.73
2025-12-08,9:48:30.422839787,T,IBM,I,24,312.73
2025-12-08,9:48:32.704347771,T,IBM,F I,2,312.76
2025-12-08,9:48:32.704350307,T,IBM,F I,2,312.77
2025-12-08,9:48:32.704353037,T,IBM,F,116,312.79
2025-12-08,9:48:32.803796830,T,IBM,I,3,312.73
2025-12-08,9:48:34.292427581,T,IBM,I,10,312.61
2025-12-08,9:48:40.696638091,T,IBM,,100,312.85
2025-12-08,9:48:40.696638091,T,IBM,I,20,312.85
2025-12-08,9:48:50.862286910,T,IBM,,40,312.78
2025-12-08,9:48:50.862380088,T,IBM,F,60,312.78
2025-12-08,9:49:02.129343588,T,IBM,F I,6,312.67
2025-12-08,9:49:02.129347021,T,IBM,F I,5,312.66
2025-12-08,9:49:02.129349639,T,IBM,F I,1,312.66
2025-12-08,9:49:02.129478950,T,IBM,I,6,312.66
2025-12-08,9:49:02.129485297,T,IBM,I,6,312.66
2025-12-08,9:49:02.129485297,T,IBM,F I,6,312.66
2025-12-08,9:49:02.129490971,T,IBM,I,5,312.66
2025-12-08,9:49:02.130020259,T,IBM,F I,6,312.66
2025-12-08,9:49:02.130113411,T,IBM,I,6,312.66
2025-12-08,9:49:03.783680863,T,IBM,,100,312.665
2025-12-08,9:49:03.783680863,T,IBM,I,5,312.665
2025-12-08,9:49:07.024612995,T,IBM,,40,312.665
2025-12-08,9:49:09.915686323,T,IBM,F,53,312.83
2025-12-08,9:49:09.915689624,T,IBM,F I,35,312.83
2025-12-08,9:49:09.915689624,T,IBM,F I,5,312.83
2025-12-08,9:49:09.915692974,T,IBM,F I,13,312.84
2025-12-08,9:49:09.915695644,T,IBM,F,70,312.84
2025-12-08,9:49:09.915710388,T,IBM,I,1,312.84
2025-12-08,9:49:09.915716419,T,IBM,F I,4,312.84
2025-12-08,9:49:09.917977763,T,IBM,,40,312.88
2025-12-08,9:49:14.916380716,T,IBM,F,100,312.88
2025-12-08,9:49:15.302172042,T,IBM,F I,1,312.78
2025-12-08,9:49:15.302172042,T,IBM,F I,4,312.77
2025-12-08,9:49:15.302187103,T,IBM,F I,1,312.77
2025-12-08,9:49:15.302352506,T,IBM,F I,30,312.76
2025-12-08,9:49:35.601515778,T,IBM,F,40,312.76
2025-12-08,9:49:35.601518807,T,IBM,F I,5,312.76
2025-12-08,9:49:35.601521929,T,IBM,F,40,312.76
2025-12-08,9:49:35.601521929,T,IBM,F,80,312.76
2025-12-08,9:49:35.601524612,T,IBM,F I,1,312.75
2025-12-08,9:49:35.601572780,T,IBM,,100,312.76
2025-12-08,9:49:35.602889932,T,IBM,I,10,312.73
2025-12-08,9:49:35.602892882,T,IBM,,42,312.7
2025-12-08,9:49:35.602932812,T,IBM,,158,312.7
2025-12-08,9:49:35.602935030,T,IBM,,40,312.7
2025-12-08,9:49:35.602956084,T,IBM,F,40,312.69
2025-12-08,9:49:35.603007222,T,IBM,I,14,312.74
2025-12-08,9:49:35.603202593,T,IBM,I,15,312.69
2025-12-08,9:49:35.603205683,T,IBM,I,8,312.69
2025-12-08,9:49:35.701874112,T,IBM,,40,312.7
2025-12-08,9:49:35.701874112,T,IBM,I,4,312.7
2025-12-08,9:49:35.701876552,T,IBM,,40,312.7
2025-12-08,9:49:35.701960692,T,IBM,I,4,312.69
2025-12-08,9:49:45.850498721,T,IBM,F I,4,312.63
2025-12-08,9:49:45.850940861,T,IBM,I,5,312.56
2025-12-08,9:49:45.860882509,T,IBM,I,15,312.61
2025-12-08,9:49:52.894834150,T,IBM,F I,10,312.55
2025-12-08,9:49:58.471035473,T,IBM,I,38,312.66
2025-12-08,9:49:58.471038504,T,IBM,I,4,312.66
2025-12-08,9:49:58.471038504,T,IBM,I,13,312.66
2025-12-08,9:50:00.062412131,T,IBM,F I,35,312.77
2025-12-08,9:50:00.062412131,T,IBM,F I,2,312.77
2025-12-08,9:50:00.062697602,T,IBM,I,10,312.78
2025-12-08,9:50:00.389846301,T,IBM,,45,312.86
2025-12-08,9:50:00.389849406,T,IBM,I,35,312.87
2025-12-08,9:50:02.041738810,T,IBM,F,40,312.88
2025-12-08,9:50:02.041744801,T,IBM,F I,2,312.88
2025-12-08,9:50:02.183387934,T,IBM,F I,2,312.96
2025-12-08,9:50:02.183418018,T,IBM,F I,2,312.97
2025-12-08,9:50:02.183439122,T,IBM,F I,38,312.97
2025-12-08,9:50:02.183442101,T,IBM,F,40,312.97
2025-12-08,9:50:02.691582716,T,IBM,F I,10,312.99
2025-12-08,9:50:05.863545722,T,IBM,F I,2,313.02
2025-12-08,9:50:07.186067100,T,IBM,F I,9,312.96
2025-12-08,9:50:07.186527197,T,IBM,F I,35,312.94
2025-12-08,9:50:07.186605481,T,IBM,F I,5,312.94
2025-12-08,9:50:07.186605481,T,IBM,F I,35,312.91
2025-12-08,9:50:07.186623613,T,IBM,I,1,312.91
2025-12-08,9:50:07.186623613,T,IBM,I,4,312.91
2025-12-08,9:50:07.186857944,T,IBM,F I,7,312.97
2025-12-08,9:50:07.186942212,T,IBM,F I,17,312.99
2025-12-08,9:50:07.186945117,T,IBM,F I,1,312.99
2025-12-08,9:50:07.187107585,T,IBM,I,6,313.0
2025-12-08,9:50:07.187164718,T,IBM,I,6,312.95
2025-12-08,9:50:10.120377481,T,IBM,F,40,312.92
2025-12-08,9:50:10.120377481,T,IBM,F I,6,312.92
2025-12-08,9:50:10.120380280,T,IBM,F I,25,312.92
2025-12-08,9:50:10.120383347,T,IBM,F,50,312.92
2025-12-08,9:50:10.120383347,T,IBM,F,175,312.92
2025-12-08,9:50:12.181754569,T,IBM,F I,30,312.91
2025-12-08,9:50:19.835893567,T,IBM,,40,312.94
2025-12-08,9:50:21.660062983,T,IBM,F I,8,313.05
2025-12-08,9:50:21.660066001,T,IBM,F I,5,313.05
2025-12-08,9:50:21.660138180,T,IBM,F I,1,313.05
2025-12-08,9:50:21.660300630,T,IBM,F I,20,313.14
2025-12-08,9:50:21.660775697,T,IBM,F,40,313.17
2025-12-08,9:50:21.660805844,T,IBM,F I,1,313.19
2025-12-08,9:50:21.660829926,T,IBM,F I,1,313.19
2025-12-08,9:50:21.661386177,T,IBM,F I,20,313.23
2025-12-08,9:50:21.661389157,T,IBM,F,57,313.23
2025-12-08,9:50:21.661413219,T,IBM,F I,18,313.23
2025-12-08,9:50:21.661413219,T,IBM,F I,3,313.23
2025-12-08,9:50:27.844775302,T,IBM,,100,313.18
2025-12-08,9:50:27.844775302,T,IBM,I,20,313.13
2025-12-08,9:50:27.844787181,T,IBM,I,33,313.13
2025-12-08,9:50:27.844790264,T,IBM,,40,313.13
2025-12-08,9:50:27.844790264,T,IBM,,47,313.12
2025-12-08,9:50:27.844812111,T,IBM,F,73,313.12
2025-12-08,9:50:27.845274694,T,IBM,F I,5,313.11
2025-12-08,9:50:27.845274694,T,IBM,F I,10,313.11
2025-12-08,9:50:27.845277201,T,IBM,F I,30,313.11
2025-12-08,9:50:27.845328345,T,IBM,F I,38,313.1
2025-12-08,9:50:27.845328345,T,IBM,F I,2,313.1
2025-12-08,9:50:28.078500578,T,IBM,F I,4,313.09
2025-12-08,9:50:28.078524447,T,IBM,F,96,313.09
2025-12-08,9:50:28.078605607,T,IBM,F I,1,313.12
2025-12-08,9:50:28.078608663,T,IBM,F I,3,313.12
2025-12-08,9:50:31.265577402,T,IBM,,80,313.09
2025-12-08,9:50:31.775711825,T,IBM,F,61,313.09
2025-12-08,9:50:39.368564806,T,IBM,F,100,313.25
2025-12-08,9:50:39.368576971,T,IBM,F I,1,313.27
2025-12-08,9:50:39.368594899,T,IBM,I,1,313.27
2025-12-08,9:50:39.369319679,T,IBM,I,10,313.29
2025-12-08,9:50:39.369424833,T,IBM,I,12,313.37
2025-12-08,9:50:39.369491029,T,IBM,,52,313.26
2025-12-08,9:50:39.369551936,T,IBM,I,1,313.26
2025-12-08,9:50:39.369551936,T,IBM,I,39,313.25
2025-12-08,9:50:39.369572280,T,IBM,I,1,313.25
2025-12-08,9:50:39.369638406,T,IBM,F I,3,313.25
2025-12-08,9:50:39.369768071,T,IBM,F I,13,313.32
2025-12-08,9:50:45.703571610,T,IBM,F,100,313.25
2025-12-08,9:50:45.703571610,T,IBM,F I,25,313.24
2025-12-08,9:50:45.703622765,T,IBM,F,40,313.22
2025-12-08,9:50:48.525741884,T,IBM,I,30,313.34
2025-12-08,9:50:48.525745488,T,IBM,I,7,313.26
2025-12-08,9:50:48.525747943,T,IBM,I,3,313.26
2025-12-08,9:50:51.976745289,T,IBM,,40,313.34
2025-12-08,9:51:14.301615690,T,IBM,I,30,313.3
2025-12-08,9:51:14.301617586,T,IBM,I,2,313.29
2025-12-08,9:51:14.301623519,T,IBM,I,14,313.27
2025-12-08,9:51:14.301636350,T,IBM,F I,26,313.27
2025-12-08,9:51:14.301636350,T,IBM,F I,1,313.27
2025-12-08,9:51:14.301638590,T,IBM,F I,5,313.27
2025-12-08,9:51:14.301662883,T,IBM,I,10,313.27
2025-12-08,9:51:14.301665700,T,IBM,I,1,313.27
2025-12-08,9:51:14.302775297,T,IBM,F I,38,313.32
2025-12-08,9:51:14.303572155,T,IBM,I,15,313.26
2025-12-08,9:51:14.304266902,T,IBM,F I,1,313.31
2025-12-08,9:51:14.311363782,T,IBM,F I,2,313.44
2025-12-08,9:51:14.311460033,T,IBM,F I,2,313.45
2025-12-08,9:51:14.312626906,T,IBM,F I,8,313.51
2025-12-08,9:51:14.312948518,T,IBM,F I,2,313.56
2025-12-08,9:51:14.312972590,T,IBM,F I,32,313.56
2025-12-08,9:51:14.312993581,T,IBM,I,1,313.56
2025-12-08,9:51:14.312996688,T,IBM,I,1,313.56
2025-12-08,9:51:14.405846430,T,IBM,I,4,313.56
2025-12-08,9:51:14.405848857,T,IBM,,100,313.56
2025-12-08,9:51:14.405851738,T,IBM,,50,313.56
2025-12-08,9:51:22.091063769,T,IBM,,80,313.64
2025-12-08,9:51:23.094847681,T,IBM,I,2,313.52
2025-12-08,9:51:23.094850238,T,IBM,,78,313.5
2025-12-08,9:51:23.094862311,T,IBM,F I,2,313.5
2025-12-08,9:51:23.094901984,T,IBM,F I,30,313.49
2025-12-08,9:51:23.095665282,T,IBM,F,40,313.43
2025-12-08,9:51:34.622886406,T,IBM,F,40,313.2
2025-12-08,9:51:34.622886406,T,IBM,F I,5,313.2
2025-12-08,9:51:34.622889550,T,IBM,F I,1,313.2
2025-12-08,9:51:34.622889550,T,IBM,F I,7,313.2
2025-12-08,9:51:34.622904258,T,IBM,I,1,313.2
2025-12-08,9:51:34.622916406,T,IBM,F,48,313.2
2025-12-08,9:51:34.622928389,T,IBM,F I,7,313.2
2025-12-08,9:51:34.622970540,T,IBM,F I,8,313.2
2025-12-08,9:51:34.622988563,T,IBM,F I,9,313.2
2025-12-08,9:51:34.623024578,T,IBM,F I,8,313.19
2025-12-08,9:51:34.623024578,T,IBM,F I,32,313.16
2025-12-08,9:51:34.623027559,T,IBM,F I,8,313.16
2025-12-08,9:51:35.435824173,T,IBM,I,1,313.02
2025-12-08,9:51:35.435832546,T,IBM,I,22,313.01
2025-12-08,9:51:35.435847570,T,IBM,F,58,313.01
2025-12-08,9:51:35.435850580,T,IBM,F I,8,313.01
2025-12-08,9:51:37.089628915,T,IBM,F I,7,312.87
2025-12-08,9:51:37.971327380,T,IBM,F,50,312.86
2025-12-08,9:51:38.473014589,T,IBM,I,18,312.95
2025-12-08,9:51:38.473017690,T,IBM,,40,312.95
2025-12-08,9:51:38.473035714,T,IBM,I,1,312.95
2025-12-08,9:51:38.473038664,T,IBM,I,9,312.95
2025-12-08,9:51:38.473042193,T,IBM,I,19,312.95
2025-12-08,9:51:38.473042193,T,IBM,I,1,312.95
2025-12-08,9:51:41.089507308,T,IBM,I,10,312.985
2025-12-08,9:51:44.108216429,T,IBM,F,45,313.02
2025-12-08,9:51:44.108216429,T,IBM,F I,5,313.04
2025-12-08,9:51:44.108417947,T,IBM,,40,313.1
2025-12-08,9:51:44.109058467,T,IBM,I,2,313.14
2025-12-08,9:51:44.109984709,T,IBM,I,25,313.06
2025-12-08,9:51:44.259804974,T,IBM,F,80,313.06
2025-12-08,9:51:44.259807334,T,IBM,F,57,313.06
2025-12-08,9:51:44.259813374,T,IBM,F,120,313.06
2025-12-08,9:51:44.259813374,T,IBM,F I,26,313.06
2025-12-08,9:51:44.259817346,T,IBM,F I,2,313.06
2025-12-08,9:51:44.259817346,T,IBM,F I,25,313.05
2025-12-08,9:51:44.259819547,T,IBM,I,1,313.11
2025-12-08,9:51:44.259819547,T,IBM,I,30,313.12
2025-12-08,9:51:44.259823230,T,IBM,I,9,313.14
2025-12-08,9:51:44.260068966,T,IBM,F I,5,313.06
2025-12-08,9:51:44.479759949,T,IBM,F I,2,312.94
2025-12-08,9:51:44.479759949,T,IBM,F I,2,312.92
2025-12-08,9:51:44.479762998,T,IBM,F I,16,312.91
2025-12-08,9:51:54.135319394,T,IBM,,50,312.97
2025-12-08,9:51:59.647525814,T,IBM,F,40,312.86
2025-12-08,9:51:59.647528439,T,IBM,F I,12,312.86
2025-12-08,9:51:59.647531483,T,IBM,F,80,312.84
2025-12-08,9:51:59.647576542,T,IBM,F I,20,312.82
2025-12-08,9:51:59.647597578,T,IBM,F I,20,312.82
2025-12-08,9:52:23.868417479,T,IBM,I,18,312.9
2025-12-08,9:52:25.923073521,T,IBM,I,2,312.89
2025-12-08,9:52:25.923076594,T,IBM,I,38,312.9
2025-12-08,9:52:26.000778563,T,IBM,,40,312.79
2025-12-08,9:52:26.000847868,T,IBM,F I,2,312.79
2025-12-08,9:52:26.000851215,T,IBM,F I,38,312.78
2025-12-08,9:52:26.000853722,T,IBM,F I,2,312.78
2025-12-08,9:52:26.000862682,T,IBM,F I,5,312.77
2025-12-08,9:52:26.078122670,T,IBM,F I,2,312.79
2025-12-08,9:52:26.115215902,T,IBM,,40,312.8
2025-12-08,9:52:26.159120421,T,IBM,F I,10,312.9
2025-12-08,9:52:26.159123581,T,IBM,F,40,312.9
2025-12-08,9:52:26.159123581,T,IBM,F I,18,312.9
2025-12-08,9:52:26.512320315,T,IBM,I,7,312.93
2025-12-08,9:52:31.669444184,T,IBM,F I,20,312.97
2025-12-08,9:52:31.669447108,T,IBM,F I,1,312.98
2025-12-08,9:52:36.319305231,T,IBM,F,85,312.88
2025-12-08,9:52:36.319311221,T,IBM,F I,15,312.88
2025-12-08,9:52:36.319311221,T,IBM,F I,25,312.87
2025-12-08,9:52:36.319332340,T,IBM,I,1,312.87
2025-12-08,9:52:36.319386395,T,IBM,F I,14,312.87
2025-12-08,9:52:36.319386395,T,IBM,F I,5,312.87
2025-12-08,9:52:36.319389490,T,IBM,F,40,312.87
2025-12-08,9:52:36.319696201,T,IBM,I,30,312.88
2025-12-08,9:52:36.319696201,T,IBM,I,10,312.85
2025-12-08,9:52:36.319723238,T,IBM,F I,30,312.85
2025-12-08,9:52:36.320210400,T,IBM,I,5,312.85
2025-12-08,9:52:36.320775736,T,IBM,I,30,312.87
2025-12-08,9:52:36.324688062,T,IBM,I,5,312.91
2025-12-08,9:52:36.775316768,T,IBM,,40,312.935
2025-12-08,9:52:37.203142600,T,IBM,F,45,312.935
2025-12-08,9:52:37.203142600,T,IBM,F I,30,312.9
2025-12-08,9:52:37.203145266,T,IBM,F,45,312.89
2025-12-08,9:52:48.317772592,T,IBM,F I,5,312.88
2025-12-08,9:52:48.317772592,T,IBM,F,40,312.88
2025-12-08,9:52:48.317793331,T,IBM,F I,9,312.87
2025-12-08,9:52:48.317868412,T,IBM,F,40,312.84
2025-12-08,9:52:48.317889540,T,IBM,F,40,312.83
2025-12-08,9:52:48.317910555,T,IBM,F,40,312.81
2025-12-08,9:52:48.318253440,T,IBM,F I,30,312.82
2025-12-08,9:52:48.318475951,T,IBM,F I,11,312.86
2025-12-08,9:52:48.318484958,T,IBM,F I,19,312.86
2025-12-08,9:52:51.856849257,T,IBM,F,40,312.76
2025-12-08,9:52:51.857077809,T,IBM,F,58,312.71
2025-12-08,9:52:51.857080771,T,IBM,F I,22,312.71
2025-12-08,9:52:51.857189040,T,IBM,F I,4,312.7
2025-12-08,9:52:51.857661128,T,IBM,F I,1,312.69
2025-12-08,9:52:51.857661128,T,IBM,F I,2,312.69
2025-12-08,9:52:51.857691279,T,IBM,F,40,312.68
2025-12-08,9:52:51.857712352,T,IBM,F I,1,312.67
2025-12-08,9:52:51.858800932,T,IBM,F I,3,312.57
2025-12-08,9:52:51.858803927,T,IBM,F I,5,312.57
2025-12-08,9:52:51.859227935,T,IBM,F I,5,312.53
2025-12-08,9:52:51.868637352,T,IBM,I,15,312.465
2025-12-08,9:52:52.292872151,T,IBM,I,15,312.43
2025-12-08,9:52:52.882813517,T,IBM,,40,312.435
2025-12-08,9:52:55.101038013,T,IBM,F,40,312.49
2025-12-08,9:52:58.879650165,T,IBM,,40,312.56
2025-12-08,9:52:58.879776515,T,IBM,,60,312.56
2025-12-08,9:52:58.879998971,T,IBM,F I,18,312.57
2025-12-08,9:52:58.879998971,T,IBM,F I,1,312.57
2025-12-08,9:52:58.880173425,T,IBM,F I,19,312.57
2025-12-08,9:52:58.880191450,T,IBM,I,26,312.57
2025-12-08,9:52:58.880333313,T,IBM,,40,312.57
2025-12-08,9:52:58.880480257,T,IBM,,40,312.55
2025-12-08,9:52:58.880483377,T,IBM,I,5,312.55
2025-12-08,9:52:58.880486172,T,IBM,I,11,312.57
2025-12-08,9:52:58.880495209,T,IBM,F,40,312.57
2025-12-08,9:52:58.884861638,T,IBM,,40,312.58
2025-12-08,9:52:58.884870600,T,IBM,,40,312.58
2025-12-08,9:52:58.884939769,T,IBM,F,40,312.58
2025-12-08,9:52:58.884942838,T,IBM,I,20,312.58
2025-12-08,9:52:58.886741017,T,IBM,,40,312.59
2025-12-08,9:52:58.886765184,T,IBM,I,7,312.59
2025-12-08,9:52:58.886765184,T,IBM,I,14,312.59
2025-12-08,9:52:58.886768986,T,IBM,I,1,312.59
2025-12-08,9:52:58.886771120,T,IBM,I,1,312.59
2025-12-08,9:53:00.804057289,T,IBM,F,57,312.685
2025-12-08,9:53:00.804382096,T,IBM,,40,312.76
2025-12-08,9:53:00.804400114,T,IBM,,40,312.76
2025-12-08,9:53:00.804769988,T,IBM,F I,1,312.72
2025-12-08,9:53:00.804875221,T,IBM,,40,312.73
2025-12-08,9:53:00.926193045,T,IBM,,100,312.685
2025-12-08,9:53:02.929246460,T,IBM,F I,32,312.6
2025-12-08,9:53:02.929261480,T,IBM,I,1,312.6
2025-12-08,9:53:02.929267498,T,IBM,F I,7,312.6
2025-12-08,9:53:02.929267498,T,IBM,F,106,312.6
2025-12-08,9:53:02.929321598,T,IBM,,100,312.6
2025-12-08,9:53:02.929321598,T,IBM,,100,312.61
2025-12-08,9:53:10.956306218,T,IBM,F,100,312.73
2025-12-08,9:53:14.510999295,T,IBM,F,50,312.665
2025-12-08,9:53:15.890331869,T,IBM,,40,312.67
2025-12-08,9:53:18.684734137,T,IBM,F I,4,312.63
2025-12-08,9:53:19.489302460,T,IBM,F I,2,312.57
2025-12-08,9:53:19.489302460,T,IBM,F I,5,312.56
2025-12-08,9:53:19.489326451,T,IBM,F I,2,312.56
2025-12-08,9:53:19.489795568,T,IBM,F I,30,312.53
2025-12-08,9:53:29.689019327,T,IBM,F I,30,312.49
2025-12-08,9:53:41.777379255,T,IBM,I,30,312.58
2025-12-08,9:53:41.777382308,T,IBM,,73,312.6
2025-12-08,9:53:41.777400513,T,IBM,F I,27,312.6
2025-12-08,9:53:41.777403394,T,IBM,F,53,312.6
2025-12-08,9:53:41.777427354,T,IBM,F,55,312.6
2025-12-08,9:53:41.778079914,T,IBM,F I,1,312.6
2025-12-08,9:53:41.778251365,T,IBM,,44,312.6
2025-12-08,9:53:41.778251365,T,IBM,I,38,312.6
2025-12-08,9:53:42.394658765,T,IBM,F I,1,312.53
2025-12-08,9:53:42.395160938,T,IBM,F I,18,312.55
2025-12-08,9:53:42.395160938,T,IBM,F I,8,312.57
2025-12-08,9:53:42.395164029,T,IBM,F I,2,312.57
2025-12-08,9:53:42.395164029,T,IBM,F I,22,312.57
2025-12-08,9:53:42.395181997,T,IBM,I,1,312.57
2025-12-08,9:53:42.395184982,T,IBM,I,1,312.57
2025-12-08,9:53:42.395603003,T,IBM,F I,16,312.56
2025-12-08,9:53:42.395663079,T,IBM,F I,1,312.56
2025-12-08,9:53:42.581743113,T,IBM,I,8,312.53
2025-12-08,9:53:42.581746089,T,IBM,I,24,312.53
2025-12-08,9:53:42.682847032,T,IBM,I,38,312.46
2025-12-08,9:53:42.682847032,T,IBM,I,5,312.46
2025-12-08,9:53:42.689691057,T,IBM,,40,312.41
2025-12-08,9:53:42.707526472,T,IBM,I,2,312.49
2025-12-08,9:53:42.707526472,T,IBM,I,18,312.5
2025-12-08,9:53:42.742914795,T,IBM,F,40,312.5
2025-12-08,9:53:43.091236986,T,IBM,,92,312.5
2025-12-08,9:53:59.162205739,T,IBM,F,42,312.32
2025-12-08,9:53:59.162205739,T,IBM,F I,5,312.32
2025-12-08,9:53:59.162289911,T,IBM,F,40,312.31
2025-12-08,9:53:59.162500473,T,IBM,F I,3,312.3
2025-12-08,9:53:59.162539523,T,IBM,F,40,312.3
2025-12-08,9:53:59.392403692,T,IBM,I,10,312.28
2025-12-08,9:54:00.275088928,T,IBM,I,30,312.28
2025-12-08,9:54:00.275107475,T,IBM,I,28,312.28
2025-12-08,9:54:00.275110043,T,IBM,I,1,312.28
2025-12-08,9:54:00.275146129,T,IBM,I,8,312.32
2025-12-08,9:54:00.275696394,T,IBM,F I,1,312.32
2025-12-08,9:54:00.275906892,T,IBM,F,100,312.32
2025-12-08,9:54:00.276114533,T,IBM,I,11,312.39
2025-12-08,9:54:00.276114533,T,IBM,,53,312.4
2025-12-08,9:54:00.276117385,T,IBM,,56,312.4
2025-12-08,9:54:00.276397107,T,IBM,F,44,312.4
2025-12-08,9:54:00.276397107,T,IBM,F,68,312.41
2025-12-08,9:54:00.276418083,T,IBM,F I,3,312.41
2025-12-08,9:54:00.276424127,T,IBM,I,1,312.41
2025-12-08,9:54:00.276427807,T,IBM,I,1,312.41
2025-12-08,9:54:00.276430186,T,IBM,F I,1,312.41
2025-12-08,9:54:05.228661181,T,IBM,I,1,312.41
2025-12-08,9:54:05.228691247,T,IBM,I,5,312.41
2025-12-08,9:54:06.845701141,T,IBM,F I,5,312.3
2025-12-08,9:54:06.845703969,T,IBM,F,40,312.29
2025-12-08,9:54:06.845703969,T,IBM,F I,5,312.29
2025-12-08,9:54:06.845706741,T,IBM,F,41,312.29
2025-12-08,9:54:06.845842034,T,IBM,F I,11,312.28
2025-12-08,9:54:06.845842034,T,IBM,F I,29,312.27
2025-12-08,9:54:06.845866051,T,IBM,F I,11,312.27
2025-12-08,9:54:06.845875033,T,IBM,F I,11,312.26
2025-12-08,9:54:06.846759300,T,IBM,F I,1,312.26
2025-12-08,9:54:06.846783242,T,IBM,I,18,312.26
2025-12-08,9:54:06.848256767,T,IBM,F I,1,312.22
2025-12-08,9:54:07.603715157,T,IBM,,125,312.245
2025-12-08,9:54:08.674525251,T,IBM,I,5,312.18
2025-12-08,9:54:08.674525251,T,IBM,I,34,312.18
2025-12-08,9:54:08.680650821,T,IBM,I,5,312.03
2025-12-08,9:54:08.811465233,T,IBM,F I,5,312.0
2025-12-08,9:54:08.811537718,T,IBM,I,2,312.07
2025-12-08,9:54:08.811540424,T,IBM,I,24,312.09
2025-12-08,9:54:08.811564437,T,IBM,I,1,312.06
2025-12-08,9:54:08.811564437,T,IBM,I,1,312.06
2025-12-08,9:54:08.811610338,T,IBM,F,40,312.045
2025-12-08,9:54:08.811622317,T,IBM,I,15,312.06
