DATE,TIME_M,EX,SYM_ROOT,TR_SCOND,SIZE,PRICE
2025-11-18,9:30:01.166674560,T,IBM,I,5,296.61
2025-11-18,9:30:01.166689597,T,IBM,Q,5,296.61
2025-11-18,9:30:01.312488672,T,IBM,F I,10,296.79
2025-11-18,9:30:01.819519766,T,IBM,I,1,296.46
2025-11-18,9:30:03.561431563,T,IBM,F I,18,296.07
2025-11-18,9:30:03.576623623,T,IBM,I,4,296.11
2025-11-18,9:30:03.580653266,T,IBM,I,10,296.15
2025-11-18,9:30:03.580653266,T,IBM,I,3,296.15
2025-11-18,9:30:03.607973333,T,IBM,I,2,296.24
2025-11-18,9:30:03.758577873,T,IBM,F I,3,296.31
2025-11-18,9:30:03.766155890,T,IBM,F I,3,296.32
2025-11-18,9:30:04.836533011,T,IBM,,66,296.03
2025-11-18,9:30:04.836536427,T,IBM,I,30,296.02
2025-11-18,9:30:04.836539012,T,IBM,,40,296.0
2025-11-18,9:30:04.836551428,T,IBM,,120,295.93
2025-11-18,9:30:04.836554027,T,IBM,I,30,295.93
2025-11-18,9:30:04.836566698,T,IBM,,65,295.93
2025-11-18,9:30:04.836578058,T,IBM,F I,35,295.93
2025-11-18,9:30:06.370809460,T,IBM,,40,295.94
2025-11-18,9:30:06.370812490,T,IBM,,120,295.93
2025-11-18,9:30:06.370812490,T,IBM,I,30,295.93
2025-11-18,9:30:06.455602708,T,IBM,F,49,296.19
2025-11-18,9:30:06.455602708,T,IBM,F,40,296.19
2025-11-18,9:30:06.455605424,T,IBM,F I,11,296.19
2025-11-18,9:30:06.455608705,T,IBM,F I,29,296.2
2025-11-18,9:30:06.455608705,T,IBM,F I,11,296.2
2025-11-18,9:30:06.462528067,T,IBM,,50,296.2
2025-11-18,9:30:06.462532051,T,IBM,,60,296.2
2025-11-18,9:30:06.462532051,T,IBM,,60,296.2
2025-11-18,9:30:06.462533938,T,IBM,,60,296.2
2025-11-18,9:30:06.462537797,T,IBM,,40,296.2
2025-11-18,9:30:06.462540102,T,IBM,,60,296.2
2025-11-18,9:30:06.462540102,T,IBM,,40,296.2
2025-11-18,9:30:06.470424635,T,IBM,I,11,296.07
2025-11-18,9:30:06.470463853,T,IBM,I,11,296.07
2025-11-18,9:30:06.478593366,T,IBM,,40,295.96
2025-11-18,9:30:06.478593366,T,IBM,I,5,295.89
2025-11-18,9:30:06.478598735,T,IBM,I,5,295.86
2025-11-18,9:30:06.478598735,T,IBM,,100,295.82
2025-11-18,9:30:06.478601462,T,IBM,I,1,295.81
2025-11-18,9:30:06.478601462,T,IBM,,66,295.75
2025-11-18,9:30:06.478604166,T,IBM,I,39,295.74
2025-11-18,9:30:06.478604166,T,IBM,I,20,295.74
2025-11-18,9:30:06.478607611,T,IBM,I,10,295.74
2025-11-18,9:30:07.201209393,T,IBM,F I,1,296.15
2025-11-18,9:30:16.678580341,T,IBM,F,80,295.93
2025-11-18,9:30:16.678580341,T,IBM,F,40,295.93
2025-11-18,9:30:16.679091608,T,IBM,F,50,295.91
2025-11-18,9:30:16.679104342,T,IBM,,150,295.91
2025-11-18,9:30:16.679106498,T,IBM,,50,295.91
2025-11-18,9:30:16.679115524,T,IBM,I,1,295.91
2025-11-18,9:30:16.679127607,T,IBM,I,1,295.91
2025-11-18,9:30:16.679133612,T,IBM,F,198,295.91
2025-11-18,9:30:16.679136882,T,IBM,F I,2,295.91
2025-11-18,9:30:16.679157562,T,IBM,,61,295.91
2025-11-18,9:30:21.879281130,T,IBM,I,5,295.99
2025-11-18,9:30:21.879281130,T,IBM,I,1,295.93
2025-11-18,9:30:21.879320143,T,IBM,F,79,295.93
2025-11-18,9:30:21.879323211,T,IBM,F,40,295.93
2025-11-18,9:30:21.891917772,T,IBM,,40,295.93
2025-11-18,9:30:27.737867200,T,IBM,F I,5,296.05
2025-11-18,9:30:27.737873171,T,IBM,F I,5,296.03
2025-11-18,9:30:27.737873171,T,IBM,F,40,295.93
2025-11-18,9:30:27.737876101,T,IBM,F I,21,295.93
2025-11-18,9:30:27.737888242,T,IBM,I,1,295.93
2025-11-18,9:30:27.737891209,T,IBM,F I,5,295.93
2025-11-18,9:30:27.737894206,T,IBM,I,13,295.93
2025-11-18,9:30:27.749583074,T,IBM,,40,295.93
2025-11-18,9:30:27.759335296,T,IBM,,40,295.93
2025-11-18,9:30:30.321488778,T,IBM,F I,25,295.68
2025-11-18,9:30:30.321906709,T,IBM,F I,5,295.56
2025-11-18,9:30:30.321909772,T,IBM,F,40,295.56
2025-11-18,9:30:30.321909772,T,IBM,F I,16,295.53
2025-11-18,9:30:30.322288716,T,IBM,F I,34,295.53
2025-11-18,9:30:30.336118570,T,IBM,F,66,295.44
2025-11-18,9:30:30.336121661,T,IBM,F I,3,295.43
2025-11-18,9:30:30.336124712,T,IBM,F I,23,295.43
2025-11-18,9:30:30.337089971,T,IBM,F I,8,295.51
2025-11-18,9:30:30.337107990,T,IBM,I,30,295.42
2025-11-18,9:30:30.337498938,T,IBM,F I,30,295.46
2025-11-18,9:30:30.337498938,T,IBM,F,40,295.41
2025-11-18,9:30:30.337501853,T,IBM,F,45,295.41
2025-11-18,9:30:30.345452809,T,IBM,F,60,295.64
2025-11-18,9:30:30.927395313,T,IBM,F,40,295.45
2025-11-18,9:30:30.927416337,T,IBM,I,1,295.45
2025-11-18,9:30:30.927906589,T,IBM,F I,39,295.45
2025-11-18,9:30:30.935550706,T,IBM,,40,295.45
2025-11-18,9:30:42.900226760,T,IBM,F I,3,295.32
2025-11-18,9:30:42.904045910,T,IBM,I,15,295.42
2025-11-18,9:30:42.904048929,T,IBM,F I,25,295.42
2025-11-18,9:30:42.904093951,T,IBM,I,30,295.31
2025-11-18,9:30:58.891894554,T,IBM,F,100,295.51
2025-11-18,9:30:59.540851533,T,IBM,F I,39,295.44
2025-11-18,9:31:10.802829908,T,IBM,I,1,295.51
2025-11-18,9:31:15.311998419,T,IBM,,40,295.51
2025-11-18,9:31:21.191243604,T,IBM,I,5,295.49
2025-11-18,9:31:40.429858117,T,IBM,,40,295.46
2025-11-18,9:31:44.809081714,T,IBM,I,2,295.27
2025-11-18,9:31:44.809102344,T,IBM,I,2,295.27
2025-11-18,9:31:50.349678317,T,IBM,I,25,295.15
2025-11-18,9:31:50.349681377,T,IBM,I,15,295.15
2025-11-18,9:31:50.349858763,T,IBM,I,35,295.15
2025-11-18,9:31:50.349858763,T,IBM,I,5,295.15
2025-11-18,9:31:50.351581847,T,IBM,I,3,295.15
2025-11-18,9:31:54.508859138,T,IBM,I,1,295.0
2025-11-18,9:31:54.508859138,T,IBM,I,1,295.0
2025-11-18,9:31:54.508861682,T,IBM,I,1,295.0
2025-11-18,9:31:54.509649545,T,IBM,F I,3,294.9
2025-11-18,9:31:54.509790945,T,IBM,F I,2,294.86
2025-11-18,9:31:54.509818013,T,IBM,F,40,294.86
2025-11-18,9:31:56.080342745,T,IBM,I,9,295.0
2025-11-18,9:31:56.080345760,T,IBM,I,5,295.0
2025-11-18,9:31:56.080360863,T,IBM,I,9,295.0
2025-11-18,9:31:56.080393906,T,IBM,,100,294.84
2025-11-18,9:31:56.080414904,T,IBM,I,27,294.83
2025-11-18,9:31:56.080433022,T,IBM,I,1,294.83
2025-11-18,9:31:56.080463099,T,IBM,I,25,295.0
2025-11-18,9:31:56.080463099,T,IBM,I,8,295.0
2025-11-18,9:31:56.080475017,T,IBM,I,5,294.83
2025-11-18,9:31:56.080541685,T,IBM,I,6,295.0
2025-11-18,9:31:56.080616883,T,IBM,I,38,294.86
2025-11-18,9:31:56.080661510,T,IBM,F I,9,295.0
2025-11-18,9:31:56.080667518,T,IBM,I,12,294.86
2025-11-18,9:31:56.080667518,T,IBM,I,26,294.84
2025-11-18,9:31:56.080682678,T,IBM,I,6,295.0
2025-11-18,9:31:56.080689660,T,IBM,,40,295.05
2025-11-18,9:31:56.080914085,T,IBM,I,5,294.94
2025-11-18,9:31:56.080920361,T,IBM,,41,294.94
2025-11-18,9:31:56.080920361,T,IBM,,200,294.94
2025-11-18,9:31:56.080989360,T,IBM,F,40,294.99
2025-11-18,9:31:56.081007304,T,IBM,I,5,294.79
2025-11-18,9:31:56.081145586,T,IBM,F I,25,294.9
2025-11-18,9:31:56.081151606,T,IBM,F I,27,294.89
2025-11-18,9:31:56.081178728,T,IBM,,67,294.89
2025-11-18,9:31:56.081178728,T,IBM,I,30,294.9
2025-11-18,9:31:56.081193733,T,IBM,F,45,294.9
2025-11-18,9:31:56.081443334,T,IBM,I,20,294.8
2025-11-18,9:31:56.081533570,T,IBM,F I,22,294.89
2025-11-18,9:31:56.081536597,T,IBM,F I,4,294.89
2025-11-18,9:31:56.081569850,T,IBM,I,7,294.77
2025-11-18,9:31:56.081569850,T,IBM,,50,294.73
2025-11-18,9:31:56.081573430,T,IBM,I,25,294.7
2025-11-18,9:31:56.081576233,T,IBM,I,18,294.68
2025-11-18,9:31:56.081576233,T,IBM,I,36,294.89
2025-11-18,9:31:56.081578756,T,IBM,I,26,294.89
2025-11-18,9:31:56.081584715,T,IBM,F I,16,294.88
2025-11-18,9:31:56.081819261,T,IBM,I,23,294.88
2025-11-18,9:31:56.081822337,T,IBM,I,23,294.88
2025-11-18,9:31:57.298166850,T,IBM,F I,7,294.9
2025-11-18,9:31:57.298371475,T,IBM,F I,2,294.88
2025-11-18,9:31:57.298374478,T,IBM,F I,1,294.88
2025-11-18,9:31:57.298374478,T,IBM,F I,1,294.88
2025-11-18,9:31:59.065660677,T,IBM,I,4,294.86
2025-11-18,9:31:59.065681658,T,IBM,I,34,294.86
2025-11-18,9:31:59.120706578,T,IBM,F I,4,294.88
2025-11-18,9:31:59.284813353,T,IBM,,40,294.75
2025-11-18,9:32:02.943100194,T,IBM,I,14,294.68
2025-11-18,9:32:04.469020936,T,IBM,I,25,294.94
2025-11-18,9:32:06.626412786,T,IBM,F I,4,295.28
2025-11-18,9:32:06.626415693,T,IBM,F I,1,295.28
2025-11-18,9:32:06.626436743,T,IBM,I,4,295.3
2025-11-18,9:32:15.047110107,T,IBM,F I,30,295.36
2025-11-18,9:32:15.892163800,T,IBM,,40,295.61
2025-11-18,9:32:17.328996385,T,IBM,I,3,295.62
2025-11-18,9:32:17.329122632,T,IBM,F,40,295.67
2025-11-18,9:32:34.073885224,T,IBM,F I,5,295.86
2025-11-18,9:32:34.073885224,T,IBM,F I,5,295.93
2025-11-18,9:32:34.073888230,T,IBM,F I,3,295.94
2025-11-18,9:32:34.073906290,T,IBM,F I,21,295.94
2025-11-18,9:32:34.073906290,T,IBM,F I,2,295.94
2025-11-18,9:32:34.073909844,T,IBM,I,21,295.94
2025-11-18,9:32:34.073909844,T,IBM,I,2,295.94
2025-11-18,9:32:34.870782355,T,IBM,,40,295.88
2025-11-18,9:32:34.877846050,T,IBM,,40,295.885
2025-11-18,9:32:35.148788311,T,IBM,F I,20,295.885
2025-11-18,9:32:35.148791249,T,IBM,F I,5,295.87
2025-11-18,9:32:39.525091276,T,IBM,F I,30,295.78
2025-11-18,9:32:39.760284144,T,IBM,,40,295.885
2025-11-18,9:32:39.762822148,T,IBM,,60,295.885
2025-11-18,9:32:40.466906391,T,IBM,F,40,295.95
2025-11-18,9:32:40.466921977,T,IBM,I,6,296.1
2025-11-18,9:32:40.466936954,T,IBM,I,8,295.94
2025-11-18,9:32:40.467104752,T,IBM,F I,6,296.1
2025-11-18,9:32:40.467152894,T,IBM,I,6,296.1
2025-11-18,9:32:40.467158840,T,IBM,I,6,296.1
2025-11-18,9:32:40.467775374,T,IBM,I,6,296.1
2025-11-18,9:32:40.467799468,T,IBM,I,6,296.1
2025-11-18,9:32:40.467802412,T,IBM,I,4,296.1
2025-11-18,9:32:40.467808399,T,IBM,I,2,296.11
2025-11-18,9:32:40.467823578,T,IBM,I,4,296.11
2025-11-18,9:32:40.467853545,T,IBM,I,12,296.12
2025-11-18,9:32:40.467877629,T,IBM,F,40,296.14
2025-11-18,9:32:40.467895629,T,IBM,,40,296.14
2025-11-18,9:32:40.468109119,T,IBM,F I,22,296.17
2025-11-18,9:32:40.486121988,T,IBM,,40,296.07
2025-11-18,9:32:42.642131648,T,IBM,F,40,296.1
2025-11-18,9:32:54.259411825,T,IBM,F I,1,296.03
2025-11-18,9:32:54.259453863,T,IBM,F,40,296.03
2025-11-18,9:33:00.775895403,T,IBM,,40,296.1
2025-11-18,9:33:06.997014867,T,IBM,F,70,295.95
2025-11-18,9:33:07.682547889,T,IBM,,40,296.03
2025-11-18,9:33:08.207688049,T,IBM,F,40,295.76
2025-11-18,9:33:09.212052030,T,IBM,F I,2,295.71
2025-11-18,9:33:09.212052030,T,IBM,F I,34,295.71
2025-11-18,9:33:14.021343953,T,IBM,I,8,296.03
2025-11-18,9:33:24.129707023,T,IBM,F,40,296.1
2025-11-18,9:33:24.946806268,T,IBM,F,40,296.1
2025-11-18,9:33:26.062483203,T,IBM,F,40,296.1
2025-11-18,9:33:26.275708872,T,IBM,F I,1,296.1
2025-11-18,9:33:27.801568344,T,IBM,F,40,296.1
2025-11-18,9:33:44.732585162,T,IBM,F I,20,296.38
2025-11-18,9:33:45.854035873,T,IBM,F I,1,296.355
2025-11-18,9:33:45.854038919,T,IBM,F,40,296.355
2025-11-18,9:33:46.151994182,T,IBM,F I,20,296.38
2025-11-18,9:33:47.805116553,T,IBM,I,5,296.31
2025-11-18,9:33:47.805120159,T,IBM,,40,296.31
2025-11-18,9:33:47.805122836,T,IBM,,80,296.3
2025-11-18,9:33:47.805122836,T,IBM,I,17,296.3
2025-11-18,9:33:47.805125679,T,IBM,F,45,296.3
2025-11-18,9:33:47.805173696,T,IBM,I,25,296.4
2025-11-18,9:33:47.805173696,T,IBM,I,16,296.41
2025-11-18,9:33:47.807167521,T,IBM,F I,5,296.39
2025-11-18,9:33:48.369000926,T,IBM,F I,25,296.4
2025-11-18,9:33:48.369004004,T,IBM,F I,6,296.35
2025-11-18,9:33:48.369006940,T,IBM,F,94,296.35
2025-11-18,9:33:48.369034105,T,IBM,F I,25,296.35
2025-11-18,9:33:49.550017533,T,IBM,F I,5,296.34
2025-11-18,9:33:49.550020467,T,IBM,F I,5,296.36
2025-11-18,9:33:49.550023502,T,IBM,F I,28,296.4
2025-11-18,9:33:54.530236445,T,IBM,F I,2,296.42
2025-11-18,9:33:54.540244315,T,IBM,I,1,296.4
2025-11-18,9:33:55.024754714,T,IBM,F I,5,296.34
2025-11-18,9:33:55.024757623,T,IBM,F I,5,296.36
2025-11-18,9:33:55.024760595,T,IBM,F I,30,296.39
2025-11-18,9:34:04.967660665,T,IBM,I,25,296.3
2025-11-18,9:34:07.645367221,T,IBM,F,40,296.0
2025-11-18,9:34:08.446498474,T,IBM,F I,1,295.81
2025-11-18,9:34:08.576230214,T,IBM,F I,7,295.66
2025-11-18,9:34:29.309519706,T,IBM,F I,20,295.26
2025-11-18,9:34:29.309522662,T,IBM,F,60,295.25
2025-11-18,9:34:29.309540696,T,IBM,F I,20,295.25
2025-11-18,9:34:29.309564744,T,IBM,F I,28,295.23
2025-11-18,9:34:29.309781339,T,IBM,F,143,295.23
2025-11-18,9:34:29.309784342,T,IBM,F,69,295.23
2025-11-18,9:34:29.309901577,T,IBM,F,71,295.17
2025-11-18,9:34:29.309931648,T,IBM,F I,10,295.15
2025-11-18,9:34:29.310464008,T,IBM,F,57,295.12
2025-11-18,9:34:29.310466953,T,IBM,F I,37,295.12
2025-11-18,9:34:29.310614282,T,IBM,F,40,295.17
2025-11-18,9:34:42.139541713,T,IBM,F I,6,295.35
2025-11-18,9:34:42.141941466,T,IBM,,40,295.45
2025-11-18,9:34:42.141956435,T,IBM,F I,25,295.46
2025-11-18,9:34:54.214821486,T,IBM,F,40,295.48
2025-11-18,9:34:57.500145205,T,IBM,I,5,295.56
2025-11-18,9:34:57.500145205,T,IBM,I,3,295.54
2025-11-18,9:34:59.234352471,T,IBM,I,1,295.49
2025-11-18,9:35:01.214079582,T,IBM,I,1,295.51
2025-11-18,9:35:01.485959794,T,IBM,I,2,295.58
2025-11-18,9:35:01.588482881,T,IBM,I,6,295.8
2025-11-18,9:35:01.589105275,T,IBM,I,6,295.95
2025-11-18,9:35:01.609671328,T,IBM,I,3,295.68
2025-11-18,9:35:01.631220655,T,IBM,I,1,295.64
2025-11-18,9:35:04.906013484,T,IBM,I,1,295.63
2025-11-18,9:35:09.214878091,T,IBM,I,1,295.66
2025-11-18,9:35:11.214644757,T,IBM,I,4,295.63
2025-11-18,9:35:11.215162835,T,IBM,F I,26,295.62
2025-11-18,9:35:11.215162835,T,IBM,F I,33,295.62
2025-11-18,9:35:11.215186713,T,IBM,F,47,295.62
2025-11-18,9:35:11.215186713,T,IBM,F,40,295.62
2025-11-18,9:35:11.236566837,T,IBM,,45,295.58
2025-11-18,9:35:11.236566837,T,IBM,I,14,295.46
2025-11-18,9:35:11.932589874,T,IBM,F,125,295.6
2025-11-18,9:35:12.750099992,T,IBM,I,8,295.58
2025-11-18,9:35:12.772085303,T,IBM,I,1,295.58
2025-11-18,9:35:15.722378712,T,IBM,,40,295.75
2025-11-18,9:35:34.318630776,T,IBM,F I,18,295.46
2025-11-18,9:35:34.318630776,T,IBM,F,40,295.46
2025-11-18,9:35:34.318684876,T,IBM,I,29,295.55
2025-11-18,9:35:34.318714944,T,IBM,F I,15,295.42
2025-11-18,9:35:34.318760400,T,IBM,I,1,295.55
2025-11-18,9:35:34.318760400,T,IBM,I,38,295.55
2025-11-18,9:35:34.318835941,T,IBM,I,10,295.54
2025-11-18,9:35:34.318938019,T,IBM,I,10,295.54
2025-11-18,9:35:34.319030847,T,IBM,F I,6,295.42
2025-11-18,9:35:34.319094492,T,IBM,I,9,295.49
2025-11-18,9:35:34.319126956,T,IBM,I,1,295.49
2025-11-18,9:35:34.319142404,T,IBM,I,6,295.46
2025-11-18,9:35:34.319151082,T,IBM,F I,9,295.49
2025-11-18,9:35:34.319151082,T,IBM,F I,9,295.46
2025-11-18,9:35:34.319166196,T,IBM,F I,18,295.46
2025-11-18,9:35:34.319166196,T,IBM,F I,6,295.46
2025-11-18,9:35:34.319169479,T,IBM,I,12,295.46
2025-11-18,9:35:34.319190212,T,IBM,I,10,295.54
2025-11-18,9:35:34.319202190,T,IBM,F I,4,295.47
2025-11-18,9:35:34.319211240,T,IBM,F I,4,295.47
2025-11-18,9:35:34.319244298,T,IBM,I,20,295.54
2025-11-18,9:35:34.319310469,T,IBM,I,4,295.47
2025-11-18,9:35:34.319343481,T,IBM,I,3,295.48
2025-11-18,9:35:34.319343481,T,IBM,I,7,295.49
2025-11-18,9:35:34.319388601,T,IBM,F I,10,295.48
2025-11-18,9:35:34.319400645,T,IBM,F I,9,295.47
2025-11-18,9:35:34.319406602,T,IBM,I,3,295.47
2025-11-18,9:35:34.319415618,T,IBM,I,3,295.49
2025-11-18,9:35:34.319487908,T,IBM,F,40,295.48
2025-11-18,9:35:35.196179891,T,IBM,F I,30,295.44
2025-11-18,9:35:40.891263652,T,IBM,F I,27,295.2
2025-11-18,9:35:41.036512796,T,IBM,F I,20,295.07
2025-11-18,9:35:41.036515300,T,IBM,F,40,295.06
2025-11-18,9:35:44.014080660,T,IBM,F,125,294.84
2025-11-18,9:35:48.152929592,T,IBM,I,4,294.875
2025-11-18,9:35:50.531941011,T,IBM,I,28,294.875
2025-11-18,9:35:50.531944085,T,IBM,I,12,294.875
2025-11-18,9:35:50.532377085,T,IBM,F I,8,294.875
2025-11-18,9:35:50.591633176,T,IBM,F,75,294.875
2025-11-18,9:35:51.516114943,T,IBM,F,40,294.88
2025-11-18,9:35:56.039777937,T,IBM,F,100,294.65
2025-11-18,9:35:56.039777937,T,IBM,F,40,294.64
2025-11-18,9:35:56.039780989,T,IBM,F,58,294.64
2025-11-18,9:35:56.039801980,T,IBM,F I,22,294.64
2025-11-18,9:35:56.039804968,T,IBM,F,53,294.64
2025-11-18,9:35:56.039926019,T,IBM,I,25,294.68
2025-11-18,9:35:56.039928373,T,IBM,I,10,294.69
2025-11-18,9:35:56.039931258,T,IBM,I,5,294.72
2025-11-18,9:35:56.040620437,T,IBM,I,15,294.64
2025-11-18,9:35:56.040622877,T,IBM,I,15,294.64
2025-11-18,9:35:56.077842514,T,IBM,I,4,294.55
2025-11-18,9:35:56.077863567,T,IBM,F I,26,294.55
2025-11-18,9:35:56.077866610,T,IBM,F I,4,294.55
2025-11-18,9:35:56.077885233,T,IBM,I,1,294.55
2025-11-18,9:35:56.079379682,T,IBM,I,1,294.65
2025-11-18,9:35:56.079920505,T,IBM,I,12,294.6
2025-11-18,9:35:56.973055729,T,IBM,F I,9,294.62
2025-11-18,9:35:56.974375918,T,IBM,F I,9,294.61
2025-11-18,9:35:57.328790889,T,IBM,F I,36,294.665
2025-11-18,9:35:57.328796491,T,IBM,F,40,294.665
2025-11-18,9:35:58.258992039,T,IBM,,100,294.62
2025-11-18,9:35:58.258994954,T,IBM,I,21,294.59
2025-11-18,9:35:58.259004112,T,IBM,,79,294.59
2025-11-18,9:35:58.259004112,T,IBM,I,20,294.57
2025-11-18,9:35:58.259006928,T,IBM,I,22,294.57
2025-11-18,9:36:01.320340380,T,IBM,F,78,294.57
2025-11-18,9:36:01.320342854,T,IBM,F,40,294.56
2025-11-18,9:36:01.320345718,T,IBM,F I,1,294.56
2025-11-18,9:36:01.320345718,T,IBM,F I,15,294.56
2025-11-18,9:36:02.886458998,T,IBM,F I,4,294.5
2025-11-18,9:36:02.886907026,T,IBM,,54,294.5
2025-11-18,9:36:05.319262501,T,IBM,I,4,294.5
2025-11-18,9:36:05.347707088,T,IBM,F,42,294.62
2025-11-18,9:36:05.348083732,T,IBM,,47,294.52
2025-11-18,9:36:05.348083732,T,IBM,I,20,294.52
2025-11-18,9:36:05.348086952,T,IBM,I,10,294.51
2025-11-18,9:36:05.348086952,T,IBM,I,1,294.51
2025-11-18,9:36:05.348089045,T,IBM,I,13,294.51
2025-11-18,9:36:05.348107071,T,IBM,I,1,294.51
2025-11-18,9:36:05.354665655,T,IBM,,60,294.645
2025-11-18,9:36:05.422801905,T,IBM,,40,294.7
2025-11-18,9:36:05.422826000,T,IBM,F,70,294.7
2025-11-18,9:36:05.423114804,T,IBM,I,10,294.78
2025-11-18,9:36:05.905574271,T,IBM,I,20,294.64
2025-11-18,9:36:05.905640414,T,IBM,,80,294.63
2025-11-18,9:36:05.905640414,T,IBM,I,11,294.63
2025-11-18,9:36:05.906166602,T,IBM,F I,14,294.63
2025-11-18,9:36:05.917233889,T,IBM,I,1,294.63
2025-11-18,9:36:12.178468292,T,IBM,I,2,294.76
2025-11-18,9:36:21.268080986,T,IBM,F,125,294.66
2025-11-18,9:36:28.005169517,T,IBM,I,1,294.6
2025-11-18,9:36:28.005172363,T,IBM,I,2,294.6
2025-11-18,9:36:28.005175874,T,IBM,I,20,294.6
2025-11-18,9:36:28.005175874,T,IBM,I,34,294.59
2025-11-18,9:36:28.005178202,T,IBM,F I,20,294.59
2025-11-18,9:36:28.005187217,T,IBM,F I,10,294.58
2025-11-18,9:36:28.005776664,T,IBM,F,80,294.49
2025-11-18,9:36:31.675325537,T,IBM,I,1,294.43
2025-11-18,9:36:31.675367684,T,IBM,F I,10,294.38
2025-11-18,9:36:31.675385635,T,IBM,F,40,294.43
2025-11-18,9:36:31.675418738,T,IBM,,80,294.41
2025-11-18,9:36:31.675487872,T,IBM,F I,3,294.34
2025-11-18,9:36:36.005435452,T,IBM,F I,20,294.45
2025-11-18,9:36:36.024894900,T,IBM,F,60,294.45
2025-11-18,9:36:37.994436877,T,IBM,F I,31,294.56
2025-11-18,9:36:37.994436877,T,IBM,F I,30,294.56
2025-11-18,9:36:37.994439454,T,IBM,F I,23,294.56
2025-11-18,9:36:37.994764232,T,IBM,,40,294.63
2025-11-18,9:36:37.994785336,T,IBM,I,1,294.63
2025-11-18,9:36:37.994809426,T,IBM,I,4,294.63
2025-11-18,9:36:38.018577951,T,IBM,,40,294.73
2025-11-18,9:36:38.019197408,T,IBM,F I,20,294.73
2025-11-18,9:36:38.019200390,T,IBM,F,65,294.73
2025-11-18,9:36:38.019200390,T,IBM,F,40,294.73
2025-11-18,9:36:41.669773916,T,IBM,I,10,294.74
2025-11-18,9:36:41.669776936,T,IBM,I,9,294.7
2025-11-18,9:36:41.669776936,T,IBM,I,33,294.68
2025-11-18,9:36:42.378504067,T,IBM,I,2,294.805
2025-11-18,9:36:42.382738171,T,IBM,I,5,294.805
2025-11-18,9:36:43.160025579,T,IBM,I,2,294.805
2025-11-18,9:36:44.255648261,T,IBM,I,21,294.805
2025-11-18,9:36:44.255650820,T,IBM,I,12,294.805
2025-11-18,9:36:51.857982722,T,IBM,I,10,294.7
2025-11-18,9:36:51.866794052,T,IBM,I,4,294.66
2025-11-18,9:36:51.866794052,T,IBM,I,2,294.66
2025-11-18,9:37:00.638658300,T,IBM,F I,20,294.43
2025-11-18,9:37:00.638661002,T,IBM,F,60,294.42
2025-11-18,9:37:00.638664347,T,IBM,F I,20,294.42
2025-11-18,9:37:00.639960414,T,IBM,I,30,294.4
2025-11-18,9:37:00.639960414,T,IBM,I,10,294.435
2025-11-18,9:37:04.701861784,T,IBM,F I,20,294.33
2025-11-18,9:37:04.701885956,T,IBM,F,40,294.32
2025-11-18,9:37:04.701897839,T,IBM,F I,30,294.32
2025-11-18,9:37:04.702156426,T,IBM,I,2,294.37
2025-11-18,9:37:04.707115222,T,IBM,F,75,294.325
2025-11-18,9:37:04.707115222,T,IBM,F I,12,294.325
2025-11-18,9:37:05.570650998,T,IBM,F I,1,294.38
2025-11-18,9:37:06.076455108,T,IBM,F I,13,294.36
2025-11-18,9:37:06.076455108,T,IBM,F I,10,294.35
2025-11-18,9:37:06.076461090,T,IBM,F,57,294.35
2025-11-18,9:37:07.885718305,T,IBM,F I,20,294.34
2025-11-18,9:37:07.885718305,T,IBM,F,60,294.33
2025-11-18,9:37:07.885721185,T,IBM,F I,20,294.33
2025-11-18,9:37:07.885805303,T,IBM,,68,294.33
2025-11-18,9:37:07.885814358,T,IBM,,91,294.33
2025-11-18,9:37:14.288972629,T,IBM,I,10,294.39
2025-11-18,9:37:14.336287295,T,IBM,F I,37,294.39
2025-11-18,9:37:14.336290253,T,IBM,F I,4,294.39
2025-11-18,9:37:16.737792233,T,IBM,I,28,294.43
2025-11-18,9:37:16.737795654,T,IBM,I,3,294.43
2025-11-18,9:37:16.737795654,T,IBM,I,4,294.43
2025-11-18,9:37:16.737798276,T,IBM,I,5,294.43
2025-11-18,9:37:16.737816321,T,IBM,I,4,294.43
2025-11-18,9:37:22.725004256,T,IBM,F I,20,294.33
2025-11-18,9:37:22.725009572,T,IBM,F,40,294.32
2025-11-18,9:37:22.725012332,T,IBM,F I,1,294.32
2025-11-18,9:37:22.725012332,T,IBM,F I,16,294.32
2025-11-18,9:37:22.725016260,T,IBM,F,64,294.32
2025-11-18,9:37:22.725016260,T,IBM,F I,20,294.32
2025-11-18,9:37:22.725018587,T,IBM,F I,20,294.32
2025-11-18,9:37:22.725021577,T,IBM,F I,2,294.31
2025-11-18,9:37:22.725024317,T,IBM,F,61,294.31
2025-11-18,9:37:22.725054945,T,IBM,F I,19,294.31
2025-11-18,9:37:22.725057456,T,IBM,F I,1,294.31
2025-11-18,9:37:22.725057456,T,IBM,F I,10,294.3
2025-11-18,9:37:22.825995727,T,IBM,F I,1,294.18
2025-11-18,9:37:24.251259707,T,IBM,I,20,294.05
2025-11-18,9:37:24.251259707,T,IBM,I,32,294.04
2025-11-18,9:37:24.251277751,T,IBM,I,1,294.04
2025-11-18,9:37:24.251280801,T,IBM,I,17,294.04
2025-11-18,9:37:24.251284136,T,IBM,I,2,294.04
2025-11-18,9:37:24.251334866,T,IBM,I,24,294.11
2025-11-18,9:37:24.274829794,T,IBM,F,60,294.135
2025-11-18,9:37:24.274829794,T,IBM,F I,19,294.14
2025-11-18,9:37:25.685286461,T,IBM,I,2,294.15
2025-11-18,9:37:46.476274151,T,IBM,F I,2,294.23
2025-11-18,9:37:46.476274151,T,IBM,F I,10,294.23
2025-11-18,9:37:46.476277123,T,IBM,F I,16,294.23
2025-11-18,9:37:46.476280248,T,IBM,F,97,294.24
2025-11-18,9:37:46.847592033,T,IBM,F I,6,294.28
2025-11-18,9:37:46.847640188,T,IBM,F I,21,294.29
2025-11-18,9:37:46.847640188,T,IBM,F I,11,294.29
2025-11-18,9:37:46.923495901,T,IBM,F I,20,294.28
2025-11-18,9:37:46.923498733,T,IBM,F I,30,294.29
2025-11-18,9:37:46.923504828,T,IBM,F I,5,294.29
2025-11-18,9:37:46.923507824,T,IBM,F,65,294.29
2025-11-18,9:37:47.897914498,T,IBM,I,2,294.34
2025-11-18,9:37:48.891590953,T,IBM,F I,12,294.35
2025-11-18,9:37:49.794228874,T,IBM,I,6,294.32
2025-11-18,9:37:51.780418052,T,IBM,F I,20,294.32
2025-11-18,9:37:51.780421080,T,IBM,F I,20,294.31
2025-11-18,9:37:51.780442073,T,IBM,F,60,294.31
2025-11-18,9:37:51.780445291,T,IBM,F,80,294.31
2025-11-18,9:37:51.780445291,T,IBM,F,53,294.31
2025-11-18,9:37:51.780472309,T,IBM,I,10,294.3
2025-11-18,9:37:52.966402480,T,IBM,I,33,294.245
2025-11-18,9:38:01.334218819,T,IBM,F I,1,294.03
2025-11-18,9:38:01.334366191,T,IBM,F,100,294.0
2025-11-18,9:38:01.372481879,T,IBM,F I,1,293.64
2025-11-18,9:38:01.372481879,T,IBM,F I,2,293.64
2025-11-18,9:38:01.372536049,T,IBM,,40,293.695
2025-11-18,9:38:01.372538989,T,IBM,I,3,293.75
2025-11-18,9:38:04.084009762,T,IBM,,100,293.57
2025-11-18,9:38:04.084033938,T,IBM,F,125,293.6
2025-11-18,9:38:05.649855848,T,IBM,,40,293.54
2025-11-18,9:38:05.649858698,T,IBM,,80,293.54
2025-11-18,9:38:05.649858698,T,IBM,,60,293.54
2025-11-18,9:38:05.649906778,T,IBM,F I,2,293.53
2025-11-18,9:38:05.649906778,T,IBM,F I,1,293.53
2025-11-18,9:38:05.650153211,T,IBM,I,6,293.53
2025-11-18,9:38:10.202239795,T,IBM,,40,293.495
2025-11-18,9:38:10.202266815,T,IBM,I,15,293.495
2025-11-18,9:38:10.223900377,T,IBM,F,70,293.495
2025-11-18,9:38:10.322150185,T,IBM,I,30,293.5
2025-11-18,9:38:11.346051706,T,IBM,I,17,293.64
2025-11-18,9:38:11.346051706,T,IBM,F I,21,293.64
2025-11-18,9:38:11.346054667,T,IBM,I,17,293.64
2025-11-18,9:38:11.346069944,T,IBM,F I,10,293.65
2025-11-18,9:38:11.346072799,T,IBM,F I,7,293.65
2025-11-18,9:38:11.346081886,T,IBM,F I,17,293.65
2025-11-18,9:38:11.346091226,T,IBM,I,17,293.65
2025-11-18,9:38:11.346093928,T,IBM,I,16,293.65
2025-11-18,9:38:11.346093928,T,IBM,I,17,293.65
2025-11-18,9:38:11.346105816,T,IBM,F I,10,293.65
2025-11-18,9:38:11.346129863,T,IBM,I,12,293.59
2025-11-18,9:38:11.346190090,T,IBM,F I,2,293.59
2025-11-18,9:38:11.346211125,T,IBM,I,4,293.65
2025-11-18,9:38:11.346220097,T,IBM,I,20,293.59
2025-11-18,9:38:11.346238242,T,IBM,I,1,293.65
2025-11-18,9:38:11.346292379,T,IBM,F I,3,293.62
2025-11-18,9:38:11.346304370,T,IBM,I,4,293.6
2025-11-18,9:38:11.346313287,T,IBM,I,37,293.54
2025-11-18,9:38:11.346313287,T,IBM,I,4,293.54
2025-11-18,9:38:11.346317097,T,IBM,I,16,293.54
2025-11-18,9:38:11.346331414,T,IBM,I,10,293.62
2025-11-18,9:38:11.346346371,T,IBM,F I,20,293.54
2025-11-18,9:38:11.346346371,T,IBM,F I,4,293.54
2025-11-18,9:38:11.346374135,T,IBM,F I,8,293.6
2025-11-18,9:38:11.346466713,T,IBM,F I,1,293.65
2025-11-18,9:38:11.346553900,T,IBM,F I,1,293.69
2025-11-18,9:38:11.347005252,T,IBM,I,7,293.74
2025-11-18,9:38:11.551539867,T,IBM,I,5,293.72
2025-11-18,9:38:12.010684866,T,IBM,I,5,293.74
2025-11-18,9:38:14.119455101,T,IBM,I,5,293.77
2025-11-18,9:38:15.109053767,T,IBM,I,5,293.76
2025-11-18,9:38:16.211291933,T,IBM,F I,2,293.66
2025-11-18,9:38:22.364233306,T,IBM,F I,3,293.61
2025-11-18,9:38:24.865915753,T,IBM,I,3,293.71
2025-11-18,9:38:26.070475298,T,IBM,F I,5,293.79
2025-11-18,9:38:26.070478527,T,IBM,F I,10,293.79
2025-11-18,9:38:26.077430938,T,IBM,I,17,293.88
2025-11-18,9:38:26.079361457,T,IBM,F I,1,293.79
2025-11-18,9:38:26.079364505,T,IBM,F I,2,293.79
2025-11-18,9:38:26.079475753,T,IBM,I,10,293.84
2025-11-18,9:38:26.711114375,T,IBM,I,10,293.79
2025-11-18,9:38:32.570545294,T,IBM,I,30,293.805
2025-11-18,9:38:37.008567320,T,IBM,I,1,293.84
2025-11-18,9:38:37.008573397,T,IBM,,79,293.87
2025-11-18,9:38:37.009075616,T,IBM,I,1,293.87
2025-11-18,9:38:37.009078570,T,IBM,I,7,293.89
2025-11-18,9:38:37.009078570,T,IBM,I,9,293.89
2025-11-18,9:38:37.009105566,T,IBM,F I,1,293.89
2025-11-18,9:38:37.009295052,T,IBM,I,17,293.89
2025-11-18,9:38:37.009526612,T,IBM,F I,13,293.89
2025-11-18,9:38:37.009529650,T,IBM,F I,7,293.91
2025-11-18,9:38:37.009547662,T,IBM,I,13,293.91
2025-11-18,9:38:37.009821529,T,IBM,,40,293.87
2025-11-18,9:38:37.009824272,T,IBM,I,6,293.89
2025-11-18,9:38:37.010034836,T,IBM,I,4,293.89
2025-11-18,9:38:37.018819809,T,IBM,I,30,293.93
2025-11-18,9:38:37.018819809,T,IBM,,45,293.99
2025-11-18,9:38:37.018821949,T,IBM,I,7,294.0
2025-11-18,9:38:37.018824700,T,IBM,,40,294.0
2025-11-18,9:38:37.018824700,T,IBM,,200,294.0
2025-11-18,9:38:37.021098115,T,IBM,I,23,293.92
2025-11-18,9:38:37.021125283,T,IBM,F,125,293.88
2025-11-18,9:38:37.021170334,T,IBM,F,75,293.88
2025-11-18,9:38:37.021170334,T,IBM,F,50,293.87
2025-11-18,9:38:37.021209440,T,IBM,F,50,293.87
2025-11-18,9:38:37.063703768,T,IBM,I,10,293.86
2025-11-18,9:38:37.063727696,T,IBM,F,100,293.86
2025-11-18,9:38:37.063730717,T,IBM,F I,25,293.86
2025-11-18,9:38:37.063941165,T,IBM,F I,20,293.85
2025-11-18,9:38:37.063941165,T,IBM,F I,20,293.84
2025-11-18,9:38:37.063944210,T,IBM,F I,11,293.84
2025-11-18,9:38:37.063944210,T,IBM,I,12,293.84
2025-11-18,9:38:37.064166703,T,IBM,F,43,293.86
2025-11-18,9:38:37.064190759,T,IBM,F,57,293.86
2025-11-18,9:38:37.064362240,T,IBM,I,4,293.85
2025-11-18,9:38:37.064419351,T,IBM,F I,16,293.85
2025-11-18,9:38:37.078150001,T,IBM,F I,1,293.93
2025-11-18,9:38:37.078168131,T,IBM,F I,23,293.91
2025-11-18,9:38:37.078180120,T,IBM,I,1,293.91
2025-11-18,9:38:37.078258230,T,IBM,F I,6,293.91
2025-11-18,9:38:37.078261259,T,IBM,F I,12,293.93
2025-11-18,9:38:37.078285268,T,IBM,I,10,293.93
2025-11-18,9:38:37.179022097,T,IBM,I,14,293.97
2025-11-18,9:38:37.179725773,T,IBM,I,31,293.87
2025-11-18,9:38:40.793224923,T,IBM,,40,293.87
2025-11-18,9:38:40.793224923,T,IBM,I,4,293.87
2025-11-18,9:38:40.793248238,T,IBM,F,76,293.87
2025-11-18,9:38:40.793248238,T,IBM,F,59,293.87
2025-11-18,9:38:40.793251027,T,IBM,F I,26,293.87
2025-11-18,9:38:40.793254447,T,IBM,,43,293.87
2025-11-18,9:38:40.793654055,T,IBM,I,10,293.86
2025-11-18,9:38:40.794279535,T,IBM,F I,4,293.85
2025-11-18,9:38:40.794306554,T,IBM,I,4,293.85
2025-11-18,9:38:40.794321559,T,IBM,,40,293.85
2025-11-18,9:38:40.794505140,T,IBM,I,6,293.86
2025-11-18,9:38:40.794511039,T,IBM,F I,4,293.83
2025-11-18,9:38:41.875229780,T,IBM,F,50,293.69
2025-11-18,9:38:41.875281300,T,IBM,F I,30,293.69
2025-11-18,9:38:42.037360759,T,IBM,,40,293.62
2025-11-18,9:38:42.037372742,T,IBM,,40,293.62
2025-11-18,9:38:42.038172604,T,IBM,,40,293.61
2025-11-18,9:38:42.038193788,T,IBM,I,1,293.61
2025-11-18,9:38:42.038798152,T,IBM,I,30,293.61
2025-11-18,9:38:42.039528862,T,IBM,F I,8,293.61
2025-11-18,9:38:43.221898654,T,IBM,F I,1,293.55
2025-11-18,9:39:01.522811255,T,IBM,I,11,293.525
2025-11-18,9:39:01.522844332,T,IBM,I,29,293.525
2025-11-18,9:39:01.522871463,T,IBM,F I,11,293.54
2025-11-18,9:39:01.522919619,T,IBM,F I,9,293.54
2025-11-18,9:39:01.522928549,T,IBM,F I,20,293.54
2025-11-18,9:39:01.522931598,T,IBM,F I,6,293.55
2025-11-18,9:39:01.522931598,T,IBM,F I,3,293.55
2025-11-18,9:39:01.524056227,T,IBM,F I,25,293.6
2025-11-18,9:39:03.449537027,T,IBM,F I,10,293.63
2025-11-18,9:39:03.449912838,T,IBM,F I,25,293.64
2025-11-18,9:39:03.449915925,T,IBM,F,50,293.65
2025-11-18,9:39:03.449915925,T,IBM,F,50,293.65
2025-11-18,9:39:04.196689678,T,IBM,,40,293.57
2025-11-18,9:39:05.371869330,T,IBM,F,40,293.59
2025-11-18,9:39:05.371875310,T,IBM,I,8,293.69
2025-11-18,9:39:05.372061756,T,IBM,F I,2,293.7
2025-11-18,9:39:05.372410794,T,IBM,F I,5,293.69
2025-11-18,9:39:05.374254011,T,IBM,F I,1,293.72
2025-11-18,9:39:05.374765174,T,IBM,F I,1,293.76
2025-11-18,9:39:06.963405061,T,IBM,I,5,293.71
2025-11-18,9:39:10.415124208,T,IBM,F,50,293.81
2025-11-18,9:39:10.415205488,T,IBM,,200,293.86
2025-11-18,9:39:10.415205488,T,IBM,I,11,293.86
2025-11-18,9:39:10.415208472,T,IBM,I,5,293.86
2025-11-18,9:39:10.415268903,T,IBM,,100,293.86
2025-11-18,9:39:10.415746717,T,IBM,I,10,293.86
2025-11-18,9:39:10.448395313,T,IBM,,40,293.84
2025-11-18,9:39:12.383865943,T,IBM,I,5,293.86
2025-11-18,9:39:12.383865943,T,IBM,I,10,293.86
2025-11-18,9:39:19.152721889,T,IBM,I,3,293.85
2025-11-18,9:39:19.162218550,T,IBM,I,5,293.85
2025-11-18,9:39:21.324028862,T,IBM,F I,33,293.95
2025-11-18,9:39:21.324028862,T,IBM,F I,10,293.95
2025-11-18,9:39:21.324064909,T,IBM,I,5,294.0
2025-11-18,9:39:21.324831863,T,IBM,F I,7,294.0
2025-11-18,9:39:21.324885961,T,IBM,I,10,294.0
2025-11-18,9:39:24.959723013,T,IBM,I,20,293.95
2025-11-18,9:39:24.959726114,T,IBM,I,2,293.95
2025-11-18,9:39:30.428364620,T,IBM,F I,5,293.915
2025-11-18,9:39:30.434529305,T,IBM,I,5,293.915
2025-11-18,9:39:34.147465329,T,IBM,I,20,293.96
2025-11-18,9:39:35.275426517,T,IBM,,79,293.83
2025-11-18,9:39:35.275444710,T,IBM,F I,1,293.83
2025-11-18,9:39:35.275444710,T,IBM,F I,3,293.83
2025-11-18,9:39:35.537458378,T,IBM,F,125,293.72
2025-11-18,9:39:35.551408503,T,IBM,,80,293.7
2025-11-18,9:39:35.551411530,T,IBM,,80,293.7
2025-11-18,9:39:35.551414561,T,IBM,,51,293.7
2025-11-18,9:39:38.229683385,T,IBM,F,125,293.56
2025-11-18,9:39:43.040836603,T,IBM,I,3,293.56
2025-11-18,9:39:43.040851687,T,IBM,F I,3,293.56
2025-11-18,9:39:43.040866657,T,IBM,F I,7,293.56
2025-11-18,9:39:51.961128029,T,IBM,F I,30,293.54
2025-11-18,9:39:51.961134239,T,IBM,F,40,293.47
2025-11-18,9:39:51.961134239,T,IBM,F I,10,293.47
2025-11-18,9:39:51.961146040,T,IBM,F,70,293.47
2025-11-18,9:39:51.961630254,T,IBM,F,40,293.46
2025-11-18,9:39:52.024185120,T,IBM,F I,1,293.39
2025-11-18,9:39:52.024194323,T,IBM,F I,39,293.39
2025-11-18,9:39:52.024197679,T,IBM,F I,1,293.38
2025-11-18,9:39:52.024239359,T,IBM,F I,5,293.37
2025-11-18,9:39:52.810815996,T,IBM,F,40,293.18
2025-11-18,9:39:52.810815996,T,IBM,F,50,293.17
2025-11-18,9:39:57.906425234,T,IBM,F,80,293.17
2025-11-18,9:40:00.876214073,T,IBM,F,40,293.25
2025-11-18,9:40:01.368621289,T,IBM,I,26,293.25
2025-11-18,9:40:01.369959377,T,IBM,,70,293.25
2025-11-18,9:40:08.441458633,T,IBM,I,4,293.24
2025-11-18,9:40:11.072388680,T,IBM,I,1,293.245
2025-11-18,9:40:13.081895745,T,IBM,F,70,293.11
2025-11-18,9:40:13.081898571,T,IBM,F I,4,293.11
2025-11-18,9:40:13.081901578,T,IBM,F,44,293.11
2025-11-18,9:40:13.081917064,T,IBM,I,2,293.11
2025-11-18,9:40:13.081940742,T,IBM,I,1,293.11
2025-11-18,9:40:13.081946606,T,IBM,F,153,293.11
2025-11-18,9:40:13.081946606,T,IBM,F,44,293.1
2025-11-18,9:40:13.081949957,T,IBM,F I,10,293.1
2025-11-18,9:40:13.081949957,T,IBM,F I,10,293.1
2025-11-18,9:40:13.081955999,T,IBM,F I,16,293.1
2025-11-18,9:40:13.081958800,T,IBM,F I,9,293.1
2025-11-18,9:40:13.081961628,T,IBM,F,58,293.1
2025-11-18,9:40:13.081964629,T,IBM,,42,293.16
2025-11-18,9:40:13.082015878,T,IBM,F,40,293.09
2025-11-18,9:40:13.084000521,T,IBM,,40,293.11
2025-11-18,9:40:13.084030516,T,IBM,F,125,293.11
2025-11-18,9:40:13.084064424,T,IBM,F I,17,293.12
2025-11-18,9:40:13.084064424,T,IBM,F I,19,293.12
2025-11-18,9:40:13.084066727,T,IBM,F,60,293.12
2025-11-18,9:40:13.205453677,T,IBM,F I,9,293.04
2025-11-18,9:40:13.205492755,T,IBM,F I,23,292.99
2025-11-18,9:40:13.205513811,T,IBM,F I,17,292.99
2025-11-18,9:40:13.205961866,T,IBM,F I,16,293.02
2025-11-18,9:40:13.206217627,T,IBM,F I,24,293.02
2025-11-18,9:40:13.206217627,T,IBM,F I,17,293.02
2025-11-18,9:40:13.207008285,T,IBM,F I,7,293.03
2025-11-18,9:40:13.207011326,T,IBM,F I,15,293.04
2025-11-18,9:40:13.207110618,T,IBM,I,19,292.95
2025-11-18,9:40:13.207116591,T,IBM,F I,15,293.07
2025-11-18,9:40:13.207149659,T,IBM,F I,19,293.03
2025-11-18,9:40:13.207297110,T,IBM,F I,35,293.07
2025-11-18,9:40:13.207321017,T,IBM,,55,293.07
2025-11-18,9:40:13.207420313,T,IBM,F I,5,293.13
2025-11-18,9:40:13.207441362,T,IBM,I,4,293.13
2025-11-18,9:40:13.221650262,T,IBM,I,1,293.01
2025-11-18,9:40:13.221668246,T,IBM,F I,29,293.01
2025-11-18,9:40:13.238908289,T,IBM,I,3,292.95
2025-11-18,9:40:13.238929314,T,IBM,I,12,292.95
2025-11-18,9:40:13.238950319,T,IBM,F I,25,292.95
2025-11-18,9:40:17.057557841,T,IBM,I,15,292.79
2025-11-18,9:40:17.166150191,T,IBM,I,15,292.84
2025-11-18,9:40:17.166155394,T,IBM,,40,292.89
2025-11-18,9:40:17.166155394,T,IBM,I,2,292.9
2025-11-18,9:40:17.166158459,T,IBM,I,23,292.96
2025-11-18,9:40:17.166447186,T,IBM,F I,1,292.9
2025-11-18,9:40:17.168943270,T,IBM,I,30,292.87
2025-11-18,9:40:17.168946062,T,IBM,I,15,292.9
2025-11-18,9:40:17.168949002,T,IBM,I,35,292.92
2025-11-18,9:40:17.170182092,T,IBM,I,10,292.92
2025-11-18,9:40:17.170182092,T,IBM,,70,292.94
2025-11-18,9:40:17.173944056,T,IBM,,45,292.92
2025-11-18,9:40:17.173944056,T,IBM,I,30,292.96
2025-11-18,9:40:17.173944056,T,IBM,I,5,292.97
2025-11-18,9:40:17.180003461,T,IBM,,60,292.92
2025-11-18,9:40:17.180003461,T,IBM,I,20,292.96
2025-11-18,9:40:17.182018397,T,IBM,I,30,292.94
2025-11-18,9:40:17.182018397,T,IBM,I,25,292.96
2025-11-18,9:40:17.182021227,T,IBM,I,25,292.97
2025-11-18,9:40:17.185957781,T,IBM,I,30,292.95
2025-11-18,9:40:17.185957781,T,IBM,,45,292.96
2025-11-18,9:40:17.185960578,T,IBM,I,5,292.98
2025-11-18,9:40:17.191980888,T,IBM,,45,292.98
2025-11-18,9:40:17.191983860,T,IBM,I,30,292.98
2025-11-18,9:40:17.191983860,T,IBM,I,5,293.01
2025-11-18,9:40:17.197965085,T,IBM,I,30,292.98
2025-11-18,9:40:17.197965085,T,IBM,,50,293.01
2025-11-18,9:40:17.203955354,T,IBM,,40,292.92
2025-11-18,9:40:18.370892494,T,IBM,,80,292.85
2025-11-18,9:40:18.370895447,T,IBM,I,21,292.85
2025-11-18,9:40:18.370913481,T,IBM,F I,2,292.83
2025-11-18,9:40:18.371409649,T,IBM,F,120,292.77
2025-11-18,9:40:18.371412730,T,IBM,F I,28,292.77
2025-11-18,9:40:19.009970895,T,IBM,F,44,292.75
2025-11-18,9:40:19.011224750,T,IBM,F I,1,292.66
2025-11-18,9:40:19.011251821,T,IBM,I,28,292.66
2025-11-18,9:40:19.639772232,T,IBM,F I,16,292.63
2025-11-18,9:40:19.639772232,T,IBM,F I,10,292.63
2025-11-18,9:40:29.741407895,T,IBM,F I,10,292.56
2025-11-18,9:40:29.741426286,T,IBM,F I,30,292.56
2025-11-18,9:40:29.741426286,T,IBM,F I,18,292.56
2025-11-18,9:40:31.588052842,T,IBM,F I,3,292.71
2025-11-18,9:40:32.877760108,T,IBM,F I,2,292.62
2025-11-18,9:40:32.877763092,T,IBM,F I,1,292.55
2025-11-18,9:40:33.484619731,T,IBM,F I,30,292.44
2025-11-18,9:40:33.516766299,T,IBM,I,2,292.535
2025-11-18,9:40:36.387225598,T,IBM,F I,3,292.555
2025-11-18,9:40:36.387309823,T,IBM,F,75,292.59
2025-11-18,9:40:38.106312970,T,IBM,F I,5,292.47
2025-11-18,9:40:38.219421193,T,IBM,I,4,292.48
2025-11-18,9:40:38.219449357,T,IBM,F,46,292.48
2025-11-18,9:40:38.219449357,T,IBM,F,79,292.5
2025-11-18,9:40:38.219505407,T,IBM,F I,10,292.5
2025-11-18,9:40:38.219541527,T,IBM,F,100,292.54
2025-11-18,9:40:38.219748966,T,IBM,F I,4,292.56
2025-11-18,9:40:38.219752092,T,IBM,F,40,292.56
2025-11-18,9:40:38.220230125,T,IBM,I,21,292.58
2025-11-18,9:40:40.187853244,T,IBM,F I,30,292.59
2025-11-18,9:40:40.187853244,T,IBM,F,50,292.53
2025-11-18,9:40:40.188656147,T,IBM,F I,2,292.595
2025-11-18,9:40:40.282723069,T,IBM,I,5,292.595
2025-11-18,9:40:42.829176067,T,IBM,I,17,292.7
2025-11-18,9:40:42.829176067,T,IBM,,80,292.7
2025-11-18,9:40:42.829197094,T,IBM,I,36,292.7
2025-11-18,9:40:42.829197094,T,IBM,I,1,292.7
2025-11-18,9:40:42.829200159,T,IBM,,43,292.7
2025-11-18,9:40:42.829203738,T,IBM,,53,292.7
2025-11-18,9:40:42.829218327,T,IBM,I,37,292.7
2025-11-18,9:40:42.829221443,T,IBM,F,43,292.7
2025-11-18,9:40:42.829224158,T,IBM,,43,292.7
2025-11-18,9:40:42.829248290,T,IBM,,40,292.7
2025-11-18,9:40:42.829251246,T,IBM,I,3,292.7
2025-11-18,9:40:42.829284324,T,IBM,F I,21,292.7
2025-11-18,9:40:42.829693319,T,IBM,I,8,292.7
2025-11-18,9:40:44.962385502,T,IBM,F,40,292.71
2025-11-18,9:40:44.962433430,T,IBM,F,80,292.71
2025-11-18,9:40:44.962640970,T,IBM,,40,292.7
2025-11-18,9:40:44.962640970,T,IBM,F,44,292.7
2025-11-18,9:40:44.962647042,T,IBM,F I,16,292.7
2025-11-18,9:40:44.962647042,T,IBM,F I,8,292.69
2025-11-18,9:40:44.962686014,T,IBM,F I,6,292.69
2025-11-18,9:40:47.576171820,T,IBM,I,7,292.555
2025-11-18,9:40:47.576285894,T,IBM,F I,22,292.555
2025-11-18,9:40:47.576288903,T,IBM,F I,12,292.555
2025-11-18,9:40:47.576325056,T,IBM,I,10,292.65
2025-11-18,9:40:47.576328034,T,IBM,I,22,292.68
2025-11-18,9:40:47.576433238,T,IBM,I,32,292.69
2025-11-18,9:40:48.674313896,T,IBM,F I,39,292.55
2025-11-18,9:40:48.964619618,T,IBM,F I,39,292.42
2025-11-18,9:40:48.964636935,T,IBM,I,1,292.42
2025-11-18,9:40:48.964646000,T,IBM,I,1,292.42
2025-11-18,9:40:48.964655012,T,IBM,F I,10,292.41
2025-11-18,9:40:48.965172332,T,IBM,F I,24,292.41
2025-11-18,9:40:49.214369493,T,IBM,,56,292.41
2025-11-18,9:40:49.273240653,T,IBM,I,27,292.37
2025-11-18,9:40:49.693388927,T,IBM,,40,292.2
2025-11-18,9:40:49.694709129,T,IBM,I,15,292.19
2025-11-18,9:40:49.739236104,T,IBM,I,30,292.21
2025-11-18,9:40:51.857794454,T,IBM,,40,292.22
2025-11-18,9:40:51.857812743,T,IBM,F,80,292.22
2025-11-18,9:40:51.857812743,T,IBM,F I,21,292.22
2025-11-18,9:40:51.857818731,T,IBM,F I,25,292.22
2025-11-18,9:40:51.857818731,T,IBM,I,1,292.22
2025-11-18,9:40:51.857828427,T,IBM,F I,14,292.22
2025-11-18,9:40:51.857828427,T,IBM,F I,22,292.22
2025-11-18,9:40:51.857869531,T,IBM,,80,292.2
2025-11-18,9:40:53.040191316,T,IBM,F I,1,292.17
2025-11-18,9:40:54.048428423,T,IBM,I,9,292.29
2025-11-18,9:40:56.386473157,T,IBM,F I,7,292.41
2025-11-18,9:40:56.386527397,T,IBM,I,2,292.48
2025-11-18,9:40:56.386527397,T,IBM,I,20,292.48
2025-11-18,9:40:58.664023068,T,IBM,I,7,292.525
2025-11-18,9:40:58.664050078,T,IBM,I,23,292.55
2025-11-18,9:41:07.487117171,T,IBM,I,3,292.7
2025-11-18,9:41:11.086211058,T,IBM,,40,292.58
2025-11-18,9:41:11.114138643,T,IBM,F I,5,292.57
2025-11-18,9:41:11.114138643,T,IBM,F I,22,292.57
2025-11-18,9:41:11.114156662,T,IBM,I,1,292.57
2025-11-18,9:41:11.114171694,T,IBM,F I,17,292.57
2025-11-18,9:41:11.114244796,T,IBM,I,10,292.56
2025-11-18,9:41:11.114244796,T,IBM,,80,292.56
2025-11-18,9:41:11.114246870,T,IBM,,40,292.57
2025-11-18,9:41:11.114300937,T,IBM,F,40,292.57
2025-11-18,9:41:13.802283003,T,IBM,I,2,292.54
2025-11-18,9:41:13.802815231,T,IBM,I,2,292.53
2025-11-18,9:41:13.803031847,T,IBM,I,2,292.49
2025-11-18,9:41:15.338634503,T,IBM,F,60,292.44
2025-11-18,9:41:18.280998927,T,IBM,F I,20,292.36
2025-11-18,9:41:18.281001396,T,IBM,F I,15,292.36
2025-11-18,9:41:18.281004058,T,IBM,F I,27,292.36
2025-11-18,9:41:18.281019180,T,IBM,I,1,292.36
2025-11-18,9:41:18.281019180,T,IBM,F I,1,292.36
2025-11-18,9:41:18.281058249,T,IBM,I,11,292.36
2025-11-18,9:41:18.281061124,T,IBM,,40,292.35
2025-11-18,9:41:18.281064197,T,IBM,,69,292.35
2025-11-18,9:41:18.281079666,T,IBM,F I,11,292.35
2025-11-18,9:41:18.474478650,T,IBM,,40,292.21
2025-11-18,9:41:18.484432423,T,IBM,,80,292.13
2025-11-18,9:41:22.320147781,T,IBM,F,40,292.11
2025-11-18,9:41:22.320150791,T,IBM,F,40,292.11
2025-11-18,9:41:22.320165831,T,IBM,F,40,292.11
2025-11-18,9:41:22.320168828,T,IBM,F I,10,292.11
2025-11-18,9:41:22.320168828,T,IBM,I,1,292.11
2025-11-18,9:41:22.330754006,T,IBM,I,31,292.08
2025-11-18,9:41:22.331168994,T,IBM,,40,292.08
2025-11-18,9:41:26.654735660,T,IBM,F,89,292.08
2025-11-18,9:41:28.127630007,T,IBM,I,5,292.14
2025-11-18,9:41:28.127632950,T,IBM,,78,292.16
2025-11-18,9:41:28.127642099,T,IBM,,84,292.16
2025-11-18,9:41:33.334426305,T,IBM,I,5,292.24
2025-11-18,9:41:33.363475513,T,IBM,I,20,292.17
2025-11-18,9:41:33.363598647,T,IBM,F,40,292.13
2025-11-18,9:41:33.363598647,T,IBM,F I,30,292.12
2025-11-18,9:41:33.363604659,T,IBM,F I,12,292.12
2025-11-18,9:41:33.363613721,T,IBM,I,1,292.12
2025-11-18,9:41:33.363625764,T,IBM,F I,27,292.12
2025-11-18,9:41:33.363625764,T,IBM,I,25,292.2
2025-11-18,9:41:34.579910102,T,IBM,I,5,292.13
2025-11-18,9:41:34.579910102,T,IBM,I,35,292.13
2025-11-18,9:41:34.581137075,T,IBM,F I,5,292.2
2025-11-18,9:41:34.581158218,T,IBM,F I,2,292.22
2025-11-18,9:41:34.581203396,T,IBM,F I,2,292.23
2025-11-18,9:41:34.581203396,T,IBM,F,120,292.24
2025-11-18,9:41:34.581555174,T,IBM,F I,29,292.23
2025-11-18,9:41:34.585208866,T,IBM,F I,11,292.25
2025-11-18,9:41:34.585229840,T,IBM,F I,9,292.23
2025-11-18,9:41:34.587710796,T,IBM,I,9,292.34
2025-11-18,9:41:38.544283622,T,IBM,I,8,292.36
2025-11-18,9:41:38.544316685,T,IBM,F,40,292.32
2025-11-18,9:41:38.544509303,T,IBM,F I,9,292.37
2025-11-18,9:41:38.544542185,T,IBM,F,40,292.37
2025-11-18,9:41:38.544689602,T,IBM,F I,19,292.37
2025-11-18,9:41:38.544713657,T,IBM,F,40,292.37
2025-11-18,9:41:38.544954583,T,IBM,I,21,292.37
2025-11-18,9:41:38.544954583,T,IBM,I,19,292.4
2025-11-18,9:41:38.544978810,T,IBM,I,21,292.4
2025-11-18,9:41:38.544981311,T,IBM,I,21,292.4
2025-11-18,9:41:38.544999322,T,IBM,I,1,292.4
2025-11-18,9:41:38.545002326,T,IBM,I,18,292.4
2025-11-18,9:41:38.545002326,T,IBM,,40,292.4
2025-11-18,9:41:38.545005376,T,IBM,,40,292.4
2025-11-18,9:41:38.545008340,T,IBM,I,8,292.4
2025-11-18,9:41:38.545387283,T,IBM,F I,11,292.4
2025-11-18,9:41:38.594915128,T,IBM,F I,8,292.36
2025-11-18,9:41:38.594915128,T,IBM,F I,30,292.33
2025-11-18,9:41:39.362507464,T,IBM,F I,5,292.29
2025-11-18,9:41:39.362510797,T,IBM,F,40,292.27
2025-11-18,9:41:40.923890732,T,IBM,I,5,292.34
2025-11-18,9:41:40.923890732,T,IBM,I,5,292.38
2025-11-18,9:41:40.923893392,T,IBM,I,30,292.4
2025-11-18,9:41:40.975042241,T,IBM,I,2,292.39
2025-11-18,9:41:41.302536932,T,IBM,I,30,292.38
2025-11-18,9:41:41.302539871,T,IBM,I,5,292.35
2025-11-18,9:41:42.583706804,T,IBM,F,40,292.35
2025-11-18,9:41:42.583721794,T,IBM,I,1,292.35
2025-11-18,9:41:42.583736842,T,IBM,,79,292.35
2025-11-18,9:41:42.583736842,T,IBM,,40,292.35
2025-11-18,9:41:42.583797334,T,IBM,I,10,292.35
2025-11-18,9:41:42.583800007,T,IBM,I,16,292.4
2025-11-18,9:41:46.142327234,T,IBM,I,10,292.19
2025-11-18,9:41:46.142330261,T,IBM,I,15,292.15
2025-11-18,9:41:46.142330261,T,IBM,I,13,292.15
2025-11-18,9:41:46.142348361,T,IBM,I,1,292.15
2025-11-18,9:41:46.153847726,T,IBM,I,11,292.15
2025-11-18,9:41:46.153874741,T,IBM,I,29,292.15
2025-11-18,9:41:50.133467476,T,IBM,F,40,292.02
2025-11-18,9:41:50.133467476,T,IBM,F I,37,292.01
2025-11-18,9:41:50.255260333,T,IBM,I,5,292.11
2025-11-18,9:41:50.255260333,T,IBM,I,24,292.15
2025-11-18,9:41:51.270098257,T,IBM,,100,292.155
2025-11-18,9:41:53.842124114,T,IBM,,40,292.15
2025-11-18,9:41:55.255963804,T,IBM,F I,7,292.1
2025-11-18,9:41:55.255988095,T,IBM,F I,5,292.04
2025-11-18,9:41:55.255988095,T,IBM,F I,2,292.02
2025-11-18,9:41:55.255993823,T,IBM,F,65,292.02
2025-11-18,9:41:55.257668836,T,IBM,F I,2,292.0
2025-11-18,9:41:55.257846278,T,IBM,F I,1,292.0
2025-11-18,9:41:55.257849382,T,IBM,F I,8,292.0
2025-11-18,9:41:55.257864348,T,IBM,F,513,292.0
2025-11-18,9:41:55.257888392,T,IBM,F,100,292.0
2025-11-18,9:41:55.257888392,T,IBM,F I,10,292.0
2025-11-18,9:41:55.257891424,T,IBM,I,1,292.0
2025-11-18,9:41:55.257891424,T,IBM,I,4,292.08
2025-11-18,9:41:55.257933640,T,IBM,,368,292.0
2025-11-18,9:41:55.257933640,T,IBM,,80,292.0
2025-11-18,9:41:55.257961307,T,IBM,I,5,292.03
2025-11-18,9:41:55.257963553,T,IBM,I,2,292.03
2025-11-18,9:41:55.257966596,T,IBM,I,3,292.05
2025-11-18,9:41:55.258015760,T,IBM,I,3,292.03
2025-11-18,9:41:55.258261647,T,IBM,I,2,292.02
2025-11-18,9:41:55.258282309,T,IBM,I,38,292.0
2025-11-18,9:41:55.258450736,T,IBM,I,1,292.11
2025-11-18,9:41:55.258450736,T,IBM,I,19,292.14
2025-11-18,9:41:55.258613612,T,IBM,I,13,292.05
2025-11-18,9:41:55.258616213,T,IBM,I,3,292.02
2025-11-18,9:41:55.258619544,T,IBM,I,25,292.0
2025-11-18,9:41:55.258619544,T,IBM,I,30,292.0
2025-11-18,9:41:55.258637173,T,IBM,I,1,292.0
2025-11-18,9:41:55.258691251,T,IBM,I,3,292.12
2025-11-18,9:41:55.258736438,T,IBM,F I,7,292.0
2025-11-18,9:41:55.258766461,T,IBM,I,6,292.1
2025-11-18,9:41:55.258836213,T,IBM,F I,6,292.0
2025-11-18,9:41:55.715995909,T,IBM,I,3,292.02
2025-11-18,9:41:55.715999369,T,IBM,,40,292.02
2025-11-18,9:41:55.716001962,T,IBM,I,5,292.01
2025-11-18,9:41:55.716001962,T,IBM,I,32,292.01
2025-11-18,9:41:55.931282118,T,IBM,,50,292.17
2025-11-18,9:41:55.931282118,T,IBM,I,30,292.18
2025-11-18,9:41:55.931308529,T,IBM,F I,36,292.18
2025-11-18,9:41:55.931311750,T,IBM,F,44,292.19
2025-11-18,9:41:55.931311750,T,IBM,I,36,292.19
2025-11-18,9:41:55.931314539,T,IBM,I,10,292.19
2025-11-18,9:41:55.931351009,T,IBM,I,5,292.24
2025-11-18,9:41:55.931351009,T,IBM,I,2,292.3
2025-11-18,9:41:55.931354159,T,IBM,I,20,292.3
2025-11-18,9:41:55.931354159,T,IBM,I,10,292.3
2025-11-18,9:41:55.932343349,T,IBM,I,20,292.3
2025-11-18,9:41:55.932343349,T,IBM,I,25,292.3
2025-11-18,9:41:55.932343349,T,IBM,I,10,292.3
2025-11-18,9:41:58.996707043,T,IBM,I,1,292.38
2025-11-18,9:41:58.996709926,T,IBM,I,34,292.38
2025-11-18,9:41:58.996721995,T,IBM,I,1,292.35
2025-11-18,9:41:58.997136961,T,IBM,I,6,292.45
2025-11-18,9:41:58.997148978,T,IBM,I,5,292.45
2025-11-18,9:41:59.205081908,T,IBM,F I,6,292.36
2025-11-18,9:41:59.205103539,T,IBM,,40,292.36
2025-11-18,9:42:03.481084100,T,IBM,,40,292.29
2025-11-18,9:42:03.481105177,T,IBM,I,9,292.29
2025-11-18,9:42:03.481568273,T,IBM,,40,292.29
2025-11-18,9:42:03.608320064,T,IBM,F I,39,292.25
2025-11-18,9:42:03.783315621,T,IBM,F I,29,292.21
2025-11-18,9:42:05.555506502,T,IBM,I,5,292.19
2025-11-18,9:42:05.555506502,T,IBM,I,35,292.16
2025-11-18,9:42:13.772877572,T,IBM,,88,292.42
2025-11-18,9:42:13.772901951,T,IBM,I,12,292.42
2025-11-18,9:42:13.772901951,T,IBM,I,20,292.42
2025-11-18,9:42:13.772905382,T,IBM,I,6,292.43
2025-11-18,9:42:13.772908008,T,IBM,I,2,292.43
2025-11-18,9:42:13.772911049,T,IBM,,48,292.43
2025-11-18,9:42:13.772922624,T,IBM,F I,32,292.43
2025-11-18,9:42:13.773503164,T,IBM,F,48,292.45
2025-11-18,9:42:13.773506576,T,IBM,F I,5,292.45
2025-11-18,9:42:13.774293921,T,IBM,,45,292.44
2025-11-18,9:42:13.774342041,T,IBM,F I,31,292.38
2025-11-18,9:42:13.774408258,T,IBM,F,60,292.385
2025-11-18,9:42:13.774450272,T,IBM,I,20,292.37
2025-11-18,9:42:13.774600648,T,IBM,I,14,292.385
2025-11-18,9:42:13.774711962,T,IBM,,40,292.37
2025-11-18,9:42:13.774976702,T,IBM,,45,292.38
2025-11-18,9:42:13.774979885,T,IBM,I,30,292.39
2025-11-18,9:42:13.774979885,T,IBM,I,5,292.4
2025-11-18,9:42:17.730406917,T,IBM,F I,2,292.33
2025-11-18,9:42:17.730981156,T,IBM,F I,1,292.3
2025-11-18,9:42:17.731035289,T,IBM,F I,1,292.33
2025-11-18,9:42:17.886968417,T,IBM,I,8,292.33
2025-11-18,9:42:19.978727111,T,IBM,I,15,292.23
2025-11-18,9:42:19.978730166,T,IBM,I,30,292.23
2025-11-18,9:42:19.978751190,T,IBM,F I,5,292.23
2025-11-18,9:42:19.978880523,T,IBM,I,30,292.22
2025-11-18,9:42:19.979373786,T,IBM,F I,2,292.21
2025-11-18,9:42:19.979584216,T,IBM,F I,2,292.21
2025-11-18,9:42:19.979593430,T,IBM,F I,36,292.21
2025-11-18,9:42:19.979593430,T,IBM,F,80,292.21
2025-11-18,9:42:21.289273957,T,IBM,F,50,292.23
2025-11-18,9:42:21.289277355,T,IBM,F I,25,292.25
2025-11-18,9:42:21.289277355,T,IBM,F I,5,292.26
2025-11-18,9:42:21.289279951,T,IBM,F,45,292.26
2025-11-18,9:42:21.289334090,T,IBM,F,100,292.29
2025-11-18,9:42:21.289544561,T,IBM,F,40,292.33
2025-11-18,9:42:21.289547619,T,IBM,F,40,292.33
2025-11-18,9:42:21.289658825,T,IBM,F I,6,292.34
2025-11-18,9:42:21.923225227,T,IBM,I,9,292.34
2025-11-18,9:42:21.923225227,T,IBM,,71,292.3
2025-11-18,9:42:21.923244222,T,IBM,I,1,292.3
2025-11-18,9:42:21.923246298,T,IBM,I,8,292.3
2025-11-18,9:42:21.923661130,T,IBM,F,40,292.29
2025-11-18,9:42:21.923664130,T,IBM,F,47,292.29
2025-11-18,9:42:21.923673160,T,IBM,F I,6,292.29
2025-11-18,9:42:21.923739324,T,IBM,I,27,292.29
2025-11-18,9:42:21.934282391,T,IBM,I,30,292.28
2025-11-18,9:42:21.934282391,T,IBM,,74,292.29
2025-11-18,9:42:21.934307078,T,IBM,,46,292.29
2025-11-18,9:42:21.934307078,T,IBM,,250,292.29
2025-11-18,9:42:21.934312502,T,IBM,I,38,292.29
2025-11-18,9:42:23.106250447,T,IBM,I,5,292.3
2025-11-18,9:42:27.695995629,T,IBM,I,25,292.37
2025-11-18,9:42:28.114790542,T,IBM,F I,30,292.4
2025-11-18,9:42:28.114793637,T,IBM,F I,21,292.42
2025-11-18,9:42:29.430921706,T,IBM,I,13,292.37
2025-11-18,9:42:30.335685505,T,IBM,I,9,292.37
2025-11-18,9:42:30.335688655,T,IBM,I,19,292.41
2025-11-18,9:42:30.617005273,T,IBM,I,7,292.39
2025-11-18,9:42:31.509602149,T,IBM,I,10,292.34
2025-11-18,9:42:32.085864004,T,IBM,I,7,292.325
2025-11-18,9:42:34.008054967,T,IBM,I,5,292.325
2025-11-18,9:42:34.038024189,T,IBM,F,40,292.2
2025-11-18,9:42:34.038027282,T,IBM,F I,32,292.2
2025-11-18,9:42:34.038045263,T,IBM,I,1,292.2
2025-11-18,9:42:34.038568623,T,IBM,,47,292.2
2025-11-18,9:42:41.958405222,T,IBM,,40,292.225
2025-11-18,9:42:41.958408348,T,IBM,,85,292.225
2025-11-18,9:42:45.266704146,T,IBM,I,2,292.25
2025-11-18,9:42:45.266707327,T,IBM,I,6,292.25
2025-11-18,9:42:45.266710183,T,IBM,F I,8,292.26
2025-11-18,9:42:45.266902390,T,IBM,I,24,292.33
2025-11-18,9:42:45.266902390,T,IBM,I,5,292.33
2025-11-18,9:42:45.267152102,T,IBM,I,8,292.33
2025-11-18,9:42:45.535441727,T,IBM,F I,6,292.3
2025-11-18,9:42:45.535444656,T,IBM,F I,20,292.27
2025-11-18,9:42:45.535730351,T,IBM,I,3,292.27
2025-11-18,9:42:45.545417836,T,IBM,F I,20,292.23
2025-11-18,9:42:45.545422400,T,IBM,F,50,292.2
2025-11-18,9:42:45.546210724,T,IBM,I,5,292.25
2025-11-18,9:42:45.546213258,T,IBM,I,17,292.27
2025-11-18,9:42:48.164883306,T,IBM,I,1,292.2
2025-11-18,9:42:48.636910981,T,IBM,F I,10,292.18
2025-11-18,9:42:48.636914810,T,IBM,F I,6,292.17
2025-11-18,9:42:48.636917053,T,IBM,F,40,292.15
2025-11-18,9:42:48.636917053,T,IBM,F I,24,292.15
2025-11-18,9:42:49.004587253,T,IBM,F,56,292.15
2025-11-18,9:42:50.386466835,T,IBM,I,7,292.15
2025-11-18,9:42:51.709529473,T,IBM,I,7,292.16
2025-11-18,9:42:52.695101690,T,IBM,I,7,292.17
2025-11-18,9:42:52.695104740,T,IBM,I,7,292.17
2025-11-18,9:42:52.695233990,T,IBM,I,7,292.2
2025-11-18,9:42:52.695264190,T,IBM,I,7,292.21
2025-11-18,9:42:52.695291202,T,IBM,I,7,292.24
2025-11-18,9:42:52.695868651,T,IBM,F I,9,292.31
2025-11-18,9:42:52.701699422,T,IBM,I,7,292.345
2025-11-18,9:42:53.184835566,T,IBM,F,66,292.25
2025-11-18,9:42:53.184838552,T,IBM,F I,14,292.25
2025-11-18,9:42:56.554356972,T,IBM,I,15,292.34
2025-11-18,9:42:56.554359941,T,IBM,I,14,292.345
2025-11-18,9:42:56.963980073,T,IBM,I,3,292.345
2025-11-18,9:42:56.964292896,T,IBM,F I,16,292.345
2025-11-18,9:42:56.964341038,T,IBM,I,8,292.345
2025-11-18,9:43:05.425562791,T,IBM,F,40,292.16
2025-11-18,9:43:05.425565825,T,IBM,F,80,292.16
2025-11-18,9:43:05.426137177,T,IBM,I,30,292.17
2025-11-18,9:43:05.426473908,T,IBM,I,10,292.16
2025-11-18,9:43:05.433173904,T,IBM,I,4,292.145
2025-11-18,9:43:05.433173904,T,IBM,I,15,292.145
2025-11-18,9:43:05.433176869,T,IBM,I,11,292.145
2025-11-18,9:43:05.435856311,T,IBM,I,7,292.17
2025-11-18,9:43:06.951954402,T,IBM,,40,292.205
2025-11-18,9:43:06.951957369,T,IBM,I,31,292.21
2025-11-18,9:43:07.902649531,T,IBM,,50,292.12
2025-11-18,9:43:07.902670590,T,IBM,I,1,292.12
2025-11-18,9:43:08.015303793,T,IBM,I,3,292.12
2025-11-18,9:43:08.030826631,T,IBM,,40,292.12
2025-11-18,9:43:11.196525864,T,IBM,F I,2,292.205
2025-11-18,9:43:11.196525864,T,IBM,F I,8,292.205
2025-11-18,9:43:11.196528892,T,IBM,F,40,292.205
2025-11-18,9:43:11.200633659,T,IBM,F I,4,292.21
2025-11-18,9:43:11.200657650,T,IBM,,120,292.21
2025-11-18,9:43:11.200678793,T,IBM,I,36,292.21
2025-11-18,9:43:11.200943541,T,IBM,I,2,292.165
2025-11-18,9:43:11.201090758,T,IBM,I,2,292.21
2025-11-18,9:43:11.201391809,T,IBM,I,3,292.18
2025-11-18,9:43:11.201391809,T,IBM,I,5,292.18
2025-11-18,9:43:11.201454620,T,IBM,I,8,292.18
2025-11-18,9:43:11.201490969,T,IBM,I,7,292.18
2025-11-18,9:43:11.201493726,T,IBM,I,1,292.18
2025-11-18,9:43:11.763507635,T,IBM,F I,8,292.19
2025-11-18,9:43:11.800438565,T,IBM,F I,8,292.21
2025-11-18,9:43:17.890569632,T,IBM,I,1,292.22
2025-11-18,9:43:18.103954639,T,IBM,F,40,292.18
2025-11-18,9:43:18.104267300,T,IBM,,40,292.13
2025-11-18,9:43:18.104291418,T,IBM,I,1,292.13
2025-11-18,9:43:18.104294359,T,IBM,I,39,292.13
2025-11-18,9:43:18.104294359,T,IBM,,61,292.13
2025-11-18,9:43:19.664946622,T,IBM,F I,30,292.17
2025-11-18,9:43:19.664946622,T,IBM,F I,10,292.15
2025-11-18,9:43:20.337819514,T,IBM,I,12,292.27
2025-11-18,9:43:20.337855922,T,IBM,,63,292.27
2025-11-18,9:43:20.337855922,T,IBM,I,37,292.28
2025-11-18,9:43:20.338132172,T,IBM,F I,12,292.28
2025-11-18,9:43:20.338135295,T,IBM,F I,12,292.28
2025-11-18,9:43:20.338144314,T,IBM,I,12,292.28
2025-11-18,9:43:20.338156374,T,IBM,F I,27,292.28
2025-11-18,9:43:20.338159381,T,IBM,F I,9,292.29
2025-11-18,9:43:20.338162281,T,IBM,F I,3,292.29
2025-11-18,9:43:20.453694383,T,IBM,F I,32,292.305
2025-11-18,9:43:20.765521653,T,IBM,I,37,292.36
2025-11-18,9:43:21.148501530,T,IBM,I,22,292.375
2025-11-18,9:43:22.969751111,T,IBM,I,13,292.375
2025-11-18,9:43:24.226006639,T,IBM,I,7,292.375
2025-11-18,9:43:28.880020854,T,IBM,F,41,292.33
2025-11-18,9:43:29.305221091,T,IBM,F I,1,292.29
2025-11-18,9:43:29.305272310,T,IBM,I,13,292.35
2025-11-18,9:43:29.305573426,T,IBM,I,39,292.4
2025-11-18,9:43:29.360648994,T,IBM,I,33,292.4
2025-11-18,9:43:29.360676316,T,IBM,I,28,292.4
2025-11-18,9:43:29.360682148,T,IBM,I,5,292.41
2025-11-18,9:43:29.360697103,T,IBM,F I,28,292.41
2025-11-18,9:43:29.360925933,T,IBM,I,6,292.49
2025-11-18,9:43:29.360929461,T,IBM,I,19,292.49
2025-11-18,9:43:29.361015990,T,IBM,I,19,292.49
2025-11-18,9:43:29.361178358,T,IBM,I,19,292.49
2025-11-18,9:43:29.361298614,T,IBM,I,19,292.49
2025-11-18,9:43:29.361343659,T,IBM,I,5,292.48
2025-11-18,9:43:29.361346712,T,IBM,I,17,292.48
2025-11-18,9:43:29.361373811,T,IBM,I,19,292.49
2025-11-18,9:43:29.361395182,T,IBM,I,5,292.49
2025-11-18,9:43:29.361395182,T,IBM,I,14,292.53
2025-11-18,9:43:29.361427927,T,IBM,I,5,292.53
2025-11-18,9:43:29.361430973,T,IBM,,45,292.53
2025-11-18,9:43:29.361430973,T,IBM,,280,292.53
2025-11-18,9:43:29.361470021,T,IBM,I,35,292.53
2025-11-18,9:43:29.361472991,T,IBM,I,18,292.53
2025-11-18,9:43:29.361472991,T,IBM,,45,292.53
2025-11-18,9:43:29.361476128,T,IBM,F I,13,292.5
2025-11-18,9:43:29.548972344,T,IBM,F,40,292.34
2025-11-18,9:43:29.548972344,T,IBM,F I,15,292.28
2025-11-18,9:43:31.597355785,T,IBM,,40,292.345
2025-11-18,9:43:31.597761723,T,IBM,I,5,292.38
2025-11-18,9:43:31.597761723,T,IBM,,91,292.4
2025-11-18,9:43:32.695227233,T,IBM,F I,7,292.345
2025-11-18,9:43:32.728152694,T,IBM,F I,8,292.44
2025-11-18,9:43:32.728152694,T,IBM,F,40,292.44
2025-11-18,9:43:32.728156318,T,IBM,F I,18,292.44
2025-11-18,9:43:32.728159124,T,IBM,F I,30,292.44
2025-11-18,9:43:32.728159124,T,IBM,F I,10,292.45
2025-11-18,9:43:33.394563119,T,IBM,I,5,292.58
2025-11-18,9:43:34.042268983,T,IBM,I,16,292.61
2025-11-18,9:43:34.044572507,T,IBM,F,68,292.75
2025-11-18,9:43:34.044611804,T,IBM,F I,12,292.75
2025-11-18,9:43:34.044713759,T,IBM,I,20,292.74
2025-11-18,9:43:34.044713759,T,IBM,,40,292.75
2025-11-18,9:43:34.046388795,T,IBM,I,5,292.75
2025-11-18,9:43:34.046479010,T,IBM,F I,7,292.72
2025-11-18,9:43:34.539355381,T,IBM,I,8,292.67
2025-11-18,9:43:36.030924137,T,IBM,I,6,292.69
2025-11-18,9:43:36.689886111,T,IBM,F,40,292.7
2025-11-18,9:43:36.689906877,T,IBM,F I,5,292.71
2025-11-18,9:43:37.071344026,T,IBM,F,40,292.75
2025-11-18,9:43:38.399663087,T,IBM,I,4,292.8
2025-11-18,9:43:40.966715249,T,IBM,I,6,292.72
2025-11-18,9:43:41.002016320,T,IBM,I,25,292.715
2025-11-18,9:43:41.002019262,T,IBM,I,15,292.715
2025-11-18,9:43:41.002022238,T,IBM,I,10,292.75
2025-11-18,9:43:41.429817681,T,IBM,I,20,292.715
2025-11-18,9:43:45.279017110,T,IBM,I,10,292.715
2025-11-18,9:43:45.279029047,T,IBM,I,10,292.715
2025-11-18,9:43:46.075766785,T,IBM,F I,1,292.6
2025-11-18,9:43:46.075808833,T,IBM,F,80,292.59
2025-11-18,9:43:46.075808833,T,IBM,F I,3,292.59
2025-11-18,9:43:46.075811901,T,IBM,F I,6,292.59
2025-11-18,9:43:46.075811901,T,IBM,F I,20,292.59
2025-11-18,9:43:46.075839639,T,IBM,I,11,292.59
2025-11-18,9:43:46.075935313,T,IBM,,100,292.59
2025-11-18,9:43:46.214565274,T,IBM,I,7,292.58
2025-11-18,9:43:46.951734071,T,IBM,I,8,292.6
2025-11-18,9:43:46.951755398,T,IBM,,40,292.6
2025-11-18,9:43:46.951758189,T,IBM,I,5,292.6
2025-11-18,9:43:46.951761152,T,IBM,I,5,292.6
2025-11-18,9:43:47.344775813,T,IBM,I,5,292.76
2025-11-18,9:43:47.632527782,T,IBM,I,6,292.76
2025-11-18,9:43:57.038327737,T,IBM,F I,5,292.79
2025-11-18,9:43:57.038327737,T,IBM,F I,5,292.8
2025-11-18,9:43:57.038330683,T,IBM,F,70,292.8
2025-11-18,9:44:00.224271130,T,IBM,,80,292.81
2025-11-18,9:44:00.224271130,T,IBM,I,6,292.83
2025-11-18,9:44:00.225916458,T,IBM,I,14,292.83
2025-11-18,9:44:00.225919286,T,IBM,I,1,292.84
2025-11-18,9:44:00.225919286,T,IBM,I,5,292.84
2025-11-18,9:44:00.225922090,T,IBM,,66,292.84
2025-11-18,9:44:00.225925051,T,IBM,F I,14,292.84
2025-11-18,9:44:00.226168586,T,IBM,I,15,292.87
2025-11-18,9:44:00.226661816,T,IBM,I,1,292.84
2025-11-18,9:44:00.226697852,T,IBM,I,29,292.84
2025-11-18,9:44:00.226700901,T,IBM,I,1,292.87
2025-11-18,9:44:00.226700901,T,IBM,I,6,292.87
2025-11-18,9:44:00.226722000,T,IBM,I,29,292.87
2025-11-18,9:44:00.231037328,T,IBM,F I,8,292.83
2025-11-18,9:44:00.231136490,T,IBM,I,8,292.83
2025-11-18,9:44:00.231169477,T,IBM,I,17,292.83
2025-11-18,9:44:00.489965659,T,IBM,I,30,292.8
2025-11-18,9:44:00.489989711,T,IBM,F I,10,292.825
2025-11-18,9:44:00.490464868,T,IBM,F I,30,292.83
2025-11-18,9:44:00.490467929,T,IBM,F,41,292.86
2025-11-18,9:44:00.490828883,T,IBM,F I,8,292.87
2025-11-18,9:44:00.490828883,T,IBM,F I,9,292.87
2025-11-18,9:44:00.490831706,T,IBM,F I,8,292.87
2025-11-18,9:44:01.170750319,T,IBM,I,6,292.83
2025-11-18,9:44:07.255549493,T,IBM,I,3,292.845
2025-11-18,9:44:12.156878313,T,IBM,F I,30,292.72
2025-11-18,9:44:12.156878313,T,IBM,F I,31,292.71
2025-11-18,9:44:12.157489546,T,IBM,F,40,292.68
2025-11-18,9:44:12.157489546,T,IBM,F I,21,292.68
2025-11-18,9:44:12.158566087,T,IBM,I,2,292.64
2025-11-18,9:44:12.158571414,T,IBM,I,21,292.64
2025-11-18,9:44:12.159933657,T,IBM,,40,292.64
2025-11-18,9:44:14.270438787,T,IBM,I,3,292.725
2025-11-18,9:44:15.856414360,T,IBM,F,75,292.61
2025-11-18,9:44:17.933771812,T,IBM,F I,10,292.65
2025-11-18,9:44:17.933843917,T,IBM,F,125,292.71
2025-11-18,9:44:17.934274015,T,IBM,,45,292.72
2025-11-18,9:44:19.961408788,T,IBM,F I,10,292.76
2025-11-18,9:44:19.961481293,T,IBM,F,190,292.76
2025-11-18,9:44:19.961481293,T,IBM,F I,5,292.77
2025-11-18,9:44:19.961483962,T,IBM,F I,5,292.77
2025-11-18,9:44:19.961836054,T,IBM,I,30,292.78
2025-11-18,9:44:19.961836054,T,IBM,,180,292.77
2025-11-18,9:44:19.961857365,T,IBM,I,7,292.77
2025-11-18,9:44:19.961859820,T,IBM,I,1,292.77
2025-11-18,9:44:19.961908512,T,IBM,F I,22,292.77
2025-11-18,9:44:28.685865203,T,IBM,,40,292.71
2025-11-18,9:44:28.685925339,T,IBM,F,40,292.72
2025-11-18,9:44:28.686054653,T,IBM,I,5,292.75
2025-11-18,9:44:28.686057572,T,IBM,I,5,292.75
2025-11-18,9:44:28.686210952,T,IBM,,40,292.76
2025-11-18,9:44:30.117949324,T,IBM,,40,292.66
2025-11-18,9:44:30.874204769,T,IBM,F I,30,292.56
2025-11-18,9:44:30.874225840,T,IBM,I,1,292.56
2025-11-18,9:44:30.874229024,T,IBM,F I,3,292.56
2025-11-18,9:44:30.874231875,T,IBM,,78,292.56
2025-11-18,9:44:30.874235035,T,IBM,I,2,292.56
2025-11-18,9:44:30.874238495,T,IBM,F I,1,292.56
2025-11-18,9:44:30.874673906,T,IBM,F,40,292.55
2025-11-18,9:44:30.875413659,T,IBM,I,5,292.58
2025-11-18,9:44:30.875784430,T,IBM,I,1,292.59
2025-11-18,9:44:30.875784430,T,IBM,,250,292.58
2025-11-18,9:44:30.876995477,T,IBM,F,40,292.545
2025-11-18,9:44:30.876995477,T,IBM,F I,8,292.58
2025-11-18,9:44:30.877016472,T,IBM,F I,32,292.58
2025-11-18,9:44:30.877016472,T,IBM,F I,8,292.58
2025-11-18,9:44:31.159060954,T,IBM,I,1,292.58
2025-11-18,9:44:31.159172321,T,IBM,I,9,292.54
2025-11-18,9:44:31.159542118,T,IBM,F I,8,292.51
2025-11-18,9:44:31.159881990,T,IBM,F,40,292.5
2025-11-18,9:44:32.174169428,T,IBM,F I,9,292.49
2025-11-18,9:44:32.174175505,T,IBM,F I,11,292.49
2025-11-18,9:44:32.174223595,T,IBM,F I,20,292.52
2025-11-18,9:44:32.174277940,T,IBM,F,40,292.54
2025-11-18,9:44:32.174277940,T,IBM,F,60,292.54
2025-11-18,9:44:32.174280724,T,IBM,F I,25,292.54
2025-11-18,9:44:32.602454996,T,IBM,I,5,292.54
2025-11-18,9:44:34.509339570,T,IBM,I,5,292.6
2025-11-18,9:44:35.132458958,T,IBM,F,125,292.6
2025-11-18,9:44:36.211905621,T,IBM,I,5,292.635
2025-11-18,9:44:37.649035783,T,IBM,I,5,292.635
2025-11-18,9:44:37.680583918,T,IBM,F I,30,292.56
2025-11-18,9:44:39.082202516,T,IBM,I,2,292.64
2025-11-18,9:44:44.142002857,T,IBM,F,80,292.55
2025-11-18,9:44:44.791104020,T,IBM,I,29,292.61
2025-11-18,9:44:44.896917062,T,IBM,I,25,292.47
2025-11-18,9:44:45.698186452,T,IBM,F,80,292.41
2025-11-18,9:44:45.698240504,T,IBM,F I,10,292.39
2025-11-18,9:44:45.835670778,T,IBM,F I,5,292.29
2025-11-18,9:44:45.835673729,T,IBM,F,75,292.29
2025-11-18,9:44:45.835673729,T,IBM,F I,30,292.29
2025-11-18,9:44:45.835676718,T,IBM,F,50,292.26
2025-11-18,9:44:46.527557844,T,IBM,I,1,292.33
2025-11-18,9:44:46.527557844,T,IBM,I,9,292.33
2025-11-18,9:44:47.077699508,T,IBM,I,10,292.33
2025-11-18,9:44:47.165836777,T,IBM,I,7,292.33
2025-11-18,9:44:47.165836777,T,IBM,I,5,292.33
2025-11-18,9:44:47.165839245,T,IBM,I,28,292.33
2025-11-18,9:44:47.167923229,T,IBM,I,5,292.33
2025-11-18,9:44:48.578617546,T,IBM,I,7,292.33
2025-11-18,9:44:50.346796877,T,IBM,F,250,292.25
2025-11-18,9:44:53.392717895,T,IBM,F I,5,292.29
2025-11-18,9:44:53.392717895,T,IBM,F I,25,292.25
2025-11-18,9:44:53.477621915,T,IBM,F I,35,292.22
2025-11-18,9:44:53.478467883,T,IBM,I,11,292.265
2025-11-18,9:44:53.478467883,T,IBM,I,5,292.31
2025-11-18,9:44:53.478473041,T,IBM,I,2,292.32
2025-11-18,9:44:53.478476018,T,IBM,I,27,292.32
2025-11-18,9:44:53.478476018,T,IBM,I,5,292.32
2025-11-18,9:44:53.478485120,T,IBM,F I,5,292.32
2025-11-18,9:44:53.479161663,T,IBM,F I,32,292.4
2025-11-18,9:44:53.479287993,T,IBM,I,9,292.4
2025-11-18,9:44:53.479372138,T,IBM,I,30,292.41
2025-11-18,9:44:53.479372138,T,IBM,,370,292.4
2025-11-18,9:44:53.480139015,T,IBM,F I,21,292.4
2025-11-18,9:44:56.082612443,T,IBM,I,8,292.55
2025-11-18,9:44:56.666410143,T,IBM,F I,20,292.68
2025-11-18,9:44:56.666413691,T,IBM,F I,1,292.69
2025-11-18,9:44:56.666413691,T,IBM,F I,30,292.69
2025-11-18,9:44:56.666419105,T,IBM,I,10,292.69
2025-11-18,9:44:56.666419105,T,IBM,I,5,292.69
2025-11-18,9:44:56.666419105,T,IBM,I,5,292.69
2025-11-18,9:45:00.778362919,T,IBM,I,20,292.76
2025-11-18,9:45:03.712177886,T,IBM,F I,22,292.77
2025-11-18,9:45:03.712180166,T,IBM,F,40,292.77
2025-11-18,9:45:03.712183709,T,IBM,F,80,292.77
2025-11-18,9:45:03.712183709,T,IBM,F,80,292.77
2025-11-18,9:45:03.712186527,T,IBM,F I,4,292.77
2025-11-18,9:45:03.712186527,T,IBM,F I,4,292.77
2025-11-18,9:45:03.712189346,T,IBM,F I,16,292.77
2025-11-18,9:45:03.712192248,T,IBM,F I,12,292.77
2025-11-18,9:45:05.895906641,T,IBM,I,4,292.82
2025-11-18,9:45:05.895906641,T,IBM,I,5,292.86
2025-11-18,9:45:10.418360640,T,IBM,F I,8,292.84
2025-11-18,9:45:10.418364133,T,IBM,F I,18,292.84
2025-11-18,9:45:10.418370225,T,IBM,F I,20,292.85
2025-11-18,9:45:10.418370225,T,IBM,F,45,292.85
2025-11-18,9:45:10.418372942,T,IBM,F I,5,292.86
2025-11-18,9:45:10.418372942,T,IBM,F I,32,292.86
2025-11-18,9:45:10.418375680,T,IBM,F I,9,292.86
2025-11-18,9:45:10.418829718,T,IBM,F I,9,292.88
2025-11-18,9:45:11.967131552,T,IBM,I,20,292.95
2025-11-18,9:45:14.322891752,T,IBM,I,5,292.975
2025-11-18,9:45:14.956674504,T,IBM,F I,1,292.98
2025-11-18,9:45:14.956701516,T,IBM,F I,4,293.0
2025-11-18,9:45:14.956830806,T,IBM,F I,10,293.07
2025-11-18,9:45:14.956833830,T,IBM,F I,11,293.07
2025-11-18,9:45:18.312543602,T,IBM,F I,5,293.39
2025-11-18,9:45:18.312543602,T,IBM,F I,14,293.4
2025-11-18,9:45:18.312546259,T,IBM,F I,5,293.4
2025-11-18,9:45:18.312549320,T,IBM,F I,17,293.4
2025-11-18,9:45:18.312576433,T,IBM,I,5,293.4
2025-11-18,9:45:20.498016991,T,IBM,I,10,293.6
2025-11-18,9:45:22.244917652,T,IBM,,45,293.66
2025-11-18,9:45:22.244977868,T,IBM,,45,293.66
2025-11-18,9:45:22.245007860,T,IBM,F I,10,293.66
2025-11-18,9:45:25.752645010,T,IBM,F I,30,293.61
2025-11-18,9:45:25.752645010,T,IBM,F I,20,293.6
2025-11-18,9:45:25.821635346,T,IBM,F I,19,293.58
2025-11-18,9:45:25.821659432,T,IBM,F I,13,293.58
2025-11-18,9:45:25.821662708,T,IBM,F,100,293.58
2025-11-18,9:45:25.821662708,T,IBM,F I,4,293.57
2025-11-18,9:45:25.821665428,T,IBM,F I,14,293.57
2025-11-18,9:45:25.821668393,T,IBM,F I,1,293.57
2025-11-18,9:45:25.821828505,T,IBM,,40,293.56
2025-11-18,9:45:25.821830738,T,IBM,,80,293.56
2025-11-18,9:45:25.822029145,T,IBM,F,100,293.57
2025-11-18,9:45:25.822931304,T,IBM,I,30,293.59
2025-11-18,9:45:25.823217428,T,IBM,F,52,293.64
2025-11-18,9:45:25.823244687,T,IBM,F,48,293.64
2025-11-18,9:45:25.823247775,T,IBM,F I,4,293.66
2025-11-18,9:45:25.823262079,T,IBM,F I,5,293.66
2025-11-18,9:45:25.823265210,T,IBM,F I,5,293.66
2025-11-18,9:45:25.823565860,T,IBM,F I,31,293.68
2025-11-18,9:45:25.823586901,T,IBM,I,1,293.68
2025-11-18,9:45:25.823592941,T,IBM,,68,293.68
2025-11-18,9:45:25.823604913,T,IBM,F,99,293.68
2025-11-18,9:45:25.823620044,T,IBM,F I,1,293.68
2025-11-18,9:45:26.132686715,T,IBM,F,395,293.76
2025-11-18,9:45:26.132686715,T,IBM,F I,20,293.76
2025-11-18,9:45:28.590311287,T,IBM,F I,18,293.84
2025-11-18,9:45:33.477663026,T,IBM,I,20,294.0
2025-11-18,9:45:33.477666066,T,IBM,I,5,294.0
2025-11-18,9:45:33.477666066,T,IBM,I,5,294.0
2025-11-18,9:45:33.481091506,T,IBM,I,10,294.01
2025-11-18,9:45:33.481094190,T,IBM,F I,10,294.01
2025-11-18,9:45:33.482218806,T,IBM,F I,9,294.01
2025-11-18,9:45:33.482291038,T,IBM,I,21,294.01
2025-11-18,9:45:33.489451054,T,IBM,I,1,294.11
2025-11-18,9:45:33.499982126,T,IBM,F I,10,294.01
2025-11-18,9:45:34.746371339,T,IBM,I,10,294.1
2025-11-18,9:45:34.746374546,T,IBM,I,5,294.11
2025-11-18,9:45:34.746374546,T,IBM,I,30,294.12
2025-11-18,9:45:34.746377326,T,IBM,I,21,294.12
2025-11-18,9:45:40.272879537,T,IBM,I,1,294.14
2025-11-18,9:45:41.286162716,T,IBM,I,2,294.11
2025-11-18,9:45:41.286165707,T,IBM,,49,294.09
2025-11-18,9:45:43.923910161,T,IBM,I,7,294.255
2025-11-18,9:45:43.928868851,T,IBM,F I,12,294.255
2025-11-18,9:45:45.920191369,T,IBM,I,8,294.255
2025-11-18,9:45:46.368456607,T,IBM,I,9,294.255
2025-11-18,9:45:46.428277876,T,IBM,I,7,294.255
2025-11-18,9:45:46.582794760,T,IBM,I,7,294.255
2025-11-18,9:45:47.119798196,T,IBM,I,8,294.255
2025-11-18,9:45:47.254386616,T,IBM,I,7,294.255
2025-11-18,9:45:47.444790830,T,IBM,I,7,294.255
2025-11-18,9:45:47.588776657,T,IBM,I,8,294.255
2025-11-18,9:45:47.803142026,T,IBM,I,9,294.255
2025-11-18,9:45:47.812217478,T,IBM,,40,294.255
2025-11-18,9:45:47.859896080,T,IBM,I,6,294.255
2025-11-18,9:45:47.859956124,T,IBM,,40,294.255
2025-11-18,9:45:47.882660164,T,IBM,,40,294.255
2025-11-18,9:45:47.894709921,T,IBM,,40,294.255
2025-11-18,9:45:48.006756655,T,IBM,I,5,294.255
2025-11-18,9:45:50.158029895,T,IBM,,60,294.27
2025-11-18,9:45:50.158345591,T,IBM,I,2,294.27
2025-11-18,9:45:50.192209366,T,IBM,I,3,294.27
2025-11-18,9:45:50.222136531,T,IBM,I,2,294.27
2025-11-18,9:45:50.363172278,T,IBM,I,2,294.27
2025-11-18,9:45:50.716552496,T,IBM,I,3,294.27
2025-11-18,9:45:51.215773903,T,IBM,I,3,294.27
2025-11-18,9:45:53.043428765,T,IBM,I,2,294.24
2025-11-18,9:45:53.099157553,T,IBM,I,25,294.27
2025-11-18,9:45:56.715993894,T,IBM,F,75,294.15
2025-11-18,9:45:56.715993894,T,IBM,F,40,294.15
2025-11-18,9:45:57.231339348,T,IBM,I,5,294.23
2025-11-18,9:45:57.231342373,T,IBM,I,21,294.24
2025-11-18,9:45:59.673685253,T,IBM,F I,8,294.14
2025-11-18,9:45:59.673685253,T,IBM,F I,15,294.14
2025-11-18,9:45:59.673777845,T,IBM,,51,294.12
2025-11-18,9:45:59.673807830,T,IBM,F,40,294.11
2025-11-18,9:45:59.673862359,T,IBM,F,120,294.08
2025-11-18,9:45:59.674670989,T,IBM,I,30,294.14
2025-11-18,9:45:59.674670989,T,IBM,I,11,294.19
2025-11-18,9:45:59.674709989,T,IBM,,41,294.19
2025-11-18,9:45:59.676622584,T,IBM,F I,1,294.21
2025-11-18,9:45:59.676622584,T,IBM,F I,4,294.21
2025-11-18,9:45:59.676667745,T,IBM,F,80,294.22
2025-11-18,9:45:59.676694837,T,IBM,,80,294.21
2025-11-18,9:45:59.676715817,T,IBM,I,19,294.22
2025-11-18,9:45:59.676718772,T,IBM,I,9,294.21
2025-11-18,9:45:59.677308251,T,IBM,F,99,294.22
2025-11-18,9:45:59.707379868,T,IBM,I,5,294.33
2025-11-18,9:45:59.707379868,T,IBM,,48,294.3
2025-11-18,9:46:00.683344185,T,IBM,F,100,294.345
2025-11-18,9:46:01.856030949,T,IBM,F,100,294.4
2025-11-18,9:46:01.856030949,T,IBM,F I,20,294.4
2025-11-18,9:46:01.856503119,T,IBM,F I,5,294.44
2025-11-18,9:46:01.928798136,T,IBM,,40,294.56
2025-11-18,9:46:01.929092906,T,IBM,,42,294.56
2025-11-18,9:46:01.929110887,T,IBM,I,1,294.56
2025-11-18,9:46:01.929122868,T,IBM,F,218,294.56
2025-11-18,9:46:15.927822878,T,IBM,F,40,294.34
2025-11-18,9:46:15.927832049,T,IBM,,60,294.34
2025-11-18,9:46:15.927832049,T,IBM,,40,294.33
2025-11-18,9:46:15.928469407,T,IBM,F,69,294.3
2025-11-18,9:46:15.929082895,T,IBM,,75,294.21
2025-11-18,9:46:15.945297446,T,IBM,F I,14,294.17
2025-11-18,9:46:15.945327566,T,IBM,I,20,294.185
2025-11-18,9:46:39.191964223,T,IBM,F I,1,294.37
2025-11-18,9:46:39.191964223,T,IBM,F I,5,294.38
2025-11-18,9:46:50.173058992,T,IBM,F,40,294.13
2025-11-18,9:46:50.173058992,T,IBM,F I,12,294.13
2025-11-18,9:46:50.173061575,T,IBM,F,40,294.13
2025-11-18,9:46:50.173133736,T,IBM,I,10,294.13
2025-11-18,9:46:50.173248039,T,IBM,I,4,294.14
2025-11-18,9:46:50.173290156,T,IBM,F I,3,294.13
2025-11-18,9:46:50.173290156,T,IBM,F I,3,294.12
2025-11-18,9:46:50.173371247,T,IBM,F I,11,294.12
2025-11-18,9:46:50.173380255,T,IBM,I,8,294.15
2025-11-18,9:46:50.181171837,T,IBM,,45,294.17
2025-11-18,9:46:50.181171837,T,IBM,I,29,294.17
2025-11-18,9:46:50.181912380,T,IBM,I,30,294.17
2025-11-18,9:46:50.181912380,T,IBM,I,15,294.13
2025-11-18,9:46:50.181914629,T,IBM,,115,294.13
2025-11-18,9:46:50.182067973,T,IBM,I,1,294.17
2025-11-18,9:46:50.182104208,T,IBM,F I,13,294.17
2025-11-18,9:46:50.182107105,T,IBM,F,90,294.13
2025-11-18,9:46:50.182540115,T,IBM,,66,294.24
2025-11-18,9:46:50.182540115,T,IBM,I,18,294.25
2025-11-18,9:46:50.361042136,T,IBM,I,30,294.17
2025-11-18,9:46:50.361042136,T,IBM,I,29,294.15
2025-11-18,9:46:50.361093639,T,IBM,I,11,294.15
2025-11-18,9:46:50.361096254,T,IBM,I,13,294.15
2025-11-18,9:46:50.361099135,T,IBM,I,6,294.15
2025-11-18,9:46:50.361153270,T,IBM,I,11,294.19
2025-11-18,9:46:50.361754732,T,IBM,F I,10,294.15
2025-11-18,9:46:50.362166782,T,IBM,I,1,294.15
2025-11-18,9:46:50.362175822,T,IBM,F I,5,294.15
2025-11-18,9:46:50.362224166,T,IBM,,40,294.18
2025-11-18,9:46:50.378080699,T,IBM,F I,32,294.1
2025-11-18,9:46:51.358648949,T,IBM,I,5,294.17
2025-11-18,9:46:51.601224752,T,IBM,F I,1,294.18
2025-11-18,9:46:51.601245967,T,IBM,F,43,294.18
2025-11-18,9:46:51.601248897,T,IBM,F,80,294.18
2025-11-18,9:46:51.601251465,T,IBM,F I,6,294.18
2025-11-18,9:46:51.601528212,T,IBM,,80,294.18
2025-11-18,9:46:51.601546181,T,IBM,I,1,294.18
2025-11-18,9:46:51.601567232,T,IBM,F I,19,294.18
2025-11-18,9:46:51.601736593,T,IBM,F,74,294.18
2025-11-18,9:46:51.601741585,T,IBM,I,6,294.18
2025-11-18,9:46:51.618515551,T,IBM,,60,294.18
2025-11-18,9:46:51.624106750,T,IBM,F I,5,294.11
2025-11-18,9:46:51.624106750,T,IBM,F,66,294.11
2025-11-18,9:46:51.624111928,T,IBM,F I,4,294.11
2025-11-18,9:46:59.243109701,T,IBM,F I,9,294.07
2025-11-18,9:46:59.243109701,T,IBM,F I,19,294.07
2025-11-18,9:46:59.243166513,T,IBM,I,23,294.12
2025-11-18,9:46:59.243214707,T,IBM,I,23,294.15
2025-11-18,9:46:59.243223632,T,IBM,F I,7,294.15
2025-11-18,9:47:02.204586362,T,IBM,F,40,294.08
2025-11-18,9:47:02.204673538,T,IBM,I,8,294.12
2025-11-18,9:47:02.204760826,T,IBM,F I,8,294.08
2025-11-18,9:47:02.204760826,T,IBM,F I,9,294.08
2025-11-18,9:47:02.204947235,T,IBM,F I,1,294.08
2025-11-18,9:47:02.204953211,T,IBM,I,30,294.14
2025-11-18,9:47:02.205575661,T,IBM,F I,24,294.08
2025-11-18,9:47:02.756180862,T,IBM,F,40,294.01
2025-11-18,9:47:02.756180862,T,IBM,F I,14,294.01
2025-11-18,9:47:03.377149658,T,IBM,F I,8,293.96
2025-11-18,9:47:04.761429119,T,IBM,F I,30,293.95
2025-11-18,9:47:05.574429447,T,IBM,F,40,293.88
2025-11-18,9:47:05.574429447,T,IBM,F I,20,293.88
2025-11-18,9:47:05.574639975,T,IBM,F I,7,293.87
2025-11-18,9:47:05.575809796,T,IBM,F I,15,293.8
2025-11-18,9:47:05.576347998,T,IBM,F I,4,293.78
2025-11-18,9:47:05.576429202,T,IBM,F I,4,293.78
2025-11-18,9:47:07.548352436,T,IBM,F I,4,293.82
2025-11-18,9:47:11.197969716,T,IBM,F I,4,293.75
2025-11-18,9:47:11.197999744,T,IBM,F I,12,293.74
2025-11-18,9:47:11.197999744,T,IBM,F I,7,293.74
2025-11-18,9:47:12.569652230,T,IBM,F,40,293.63
2025-11-18,9:47:12.569733365,T,IBM,F I,13,293.62
2025-11-18,9:47:12.569736388,T,IBM,F I,8,293.62
2025-11-18,9:47:12.569757441,T,IBM,F I,2,293.62
2025-11-18,9:47:15.538265240,T,IBM,I,10,293.6
2025-11-18,9:47:15.538268425,T,IBM,,100,293.61
2025-11-18,9:47:15.538271239,T,IBM,I,14,293.63
2025-11-18,9:47:16.429626124,T,IBM,I,2,293.635
2025-11-18,9:47:16.430970407,T,IBM,I,5,293.635
2025-11-18,9:47:16.589579984,T,IBM,F,70,293.56
2025-11-18,9:47:19.608863600,T,IBM,F,40,293.51
2025-11-18,9:47:20.138605657,T,IBM,F,40,293.48
2025-11-18,9:47:20.138607997,T,IBM,F I,23,293.46
2025-11-18,9:47:20.138607997,T,IBM,F I,5,293.46
2025-11-18,9:47:20.139455724,T,IBM,I,5,293.43
2025-11-18,9:47:20.159946603,T,IBM,I,5,293.51
2025-11-18,9:47:22.635496906,T,IBM,,40,293.57
2025-11-18,9:47:22.657737746,T,IBM,,40,293.57
2025-11-18,9:47:22.668449301,T,IBM,I,5,293.57
2025-11-18,9:47:22.681208620,T,IBM,I,15,293.57
2025-11-18,9:47:30.796436128,T,IBM,F I,5,293.45
2025-11-18,9:47:30.796438820,T,IBM,F I,5,293.43
2025-11-18,9:47:30.796441878,T,IBM,F I,30,293.43
2025-11-18,9:47:30.796444879,T,IBM,F,100,293.4
2025-11-18,9:47:30.796444879,T,IBM,F I,33,293.39
2025-11-18,9:47:30.796447915,T,IBM,F I,3,293.38
2025-11-18,9:47:31.586130801,T,IBM,I,10,293.39
2025-11-18,9:47:31.586134008,T,IBM,I,17,293.39
2025-11-18,9:47:31.586136784,T,IBM,F,164,293.39
2025-11-18,9:47:35.041040462,T,IBM,F I,5,293.13
2025-11-18,9:47:35.042916863,T,IBM,F I,13,293.15
2025-11-18,9:47:35.042923012,T,IBM,F I,16,293.1
2025-11-18,9:47:35.846321439,T,IBM,F I,5,293.16
2025-11-18,9:47:41.495984941,T,IBM,I,12,293.165
2025-11-18,9:47:43.013613800,T,IBM,F,120,293.08
2025-11-18,9:47:43.013670899,T,IBM,,100,293.09
2025-11-18,9:47:43.013803261,T,IBM,I,3,293.1
2025-11-18,9:47:43.015054331,T,IBM,F I,5,293.01
2025-11-18,9:47:43.070975292,T,IBM,F I,5,293.12
2025-11-18,9:47:43.071188862,T,IBM,F,80,293.14
2025-11-18,9:47:43.071880531,T,IBM,F I,9,293.15
2025-11-18,9:47:45.003920098,T,IBM,F I,1,293.14
2025-11-18,9:47:45.003920098,T,IBM,F,40,293.14
2025-11-18,9:47:46.635270415,T,IBM,F,40,293.02
2025-11-18,9:47:48.408177027,T,IBM,F,40,293.01
2025-11-18,9:47:58.676625746,T,IBM,F,80,292.66
2025-11-18,9:47:58.686086937,T,IBM,F I,10,292.75
2025-11-18,9:47:58.686089609,T,IBM,F I,5,292.77
2025-11-18,9:47:58.686092259,T,IBM,F,51,292.77
2025-11-18,9:47:58.686305852,T,IBM,F I,1,292.78
2025-11-18,9:47:58.686308865,T,IBM,F I,5,292.78
2025-11-18,9:47:58.686555621,T,IBM,F I,7,292.84
2025-11-18,9:47:58.686570397,T,IBM,I,30,292.78
2025-11-18,9:47:59.539863734,T,IBM,F I,4,292.85
2025-11-18,9:48:01.705388062,T,IBM,I,3,292.97
2025-11-18,9:48:01.869681470,T,IBM,F I,1,292.89
2025-11-18,9:48:01.869681470,T,IBM,F I,5,292.85
2025-11-18,9:48:01.869687195,T,IBM,F,74,292.83
2025-11-18,9:48:03.614750334,T,IBM,I,27,292.82
2025-11-18,9:48:03.614834678,T,IBM,,40,292.82
2025-11-18,9:48:05.883991501,T,IBM,F I,33,292.82
2025-11-18,9:48:05.883997998,T,IBM,F I,25,292.81
2025-11-18,9:48:05.884003515,T,IBM,F,162,292.8
2025-11-18,9:48:05.884337241,T,IBM,I,1,292.8
2025-11-18,9:48:05.884845541,T,IBM,F,57,292.8
2025-11-18,9:48:06.193506298,T,IBM,F I,2,292.795
2025-11-18,9:48:06.205017677,T,IBM,I,2,292.8
2025-11-18,9:48:06.205017677,T,IBM,I,3,292.795
2025-11-18,9:48:09.439707595,T,IBM,F I,6,292.98
2025-11-18,9:48:09.439710033,T,IBM,F I,9,292.98
2025-11-18,9:48:09.439713067,T,IBM,F I,5,292.98
2025-11-18,9:48:09.478559780,T,IBM,F I,5,293.03
2025-11-18,9:48:09.478559780,T,IBM,F I,5,293.03
2025-11-18,9:48:16.124190964,T,IBM,,40,293.115
2025-11-18,9:48:16.550759501,T,IBM,I,19,293.115
2025-11-18,9:48:18.107367060,T,IBM,I,10,293.25
2025-11-18,9:48:18.107514458,T,IBM,F I,5,293.26
2025-11-18,9:48:18.107514458,T,IBM,F I,5,293.26
2025-11-18,9:48:18.107517490,T,IBM,F I,10,293.27
2025-11-18,9:48:18.107601680,T,IBM,F I,2,293.27
2025-11-18,9:48:19.315030065,T,IBM,F I,2,293.25
2025-11-18,9:48:19.315033074,T,IBM,F,60,293.245
2025-11-18,9:48:19.315040139,T,IBM,F,44,293.245
2025-11-18,9:48:21.223231747,T,IBM,I,1,293.48
2025-11-18,9:48:21.223262009,T,IBM,I,2,293.49
2025-11-18,9:48:21.223285798,T,IBM,I,2,293.5
2025-11-18,9:48:21.223288922,T,IBM,I,5,293.5
2025-11-18,9:48:21.224143517,T,IBM,I,22,293.59
2025-11-18,9:48:21.224167048,T,IBM,F,40,293.6
2025-11-18,9:48:21.224187956,T,IBM,F,200,293.64
2025-11-18,9:48:24.205130587,T,IBM,F I,2,293.76
2025-11-18,9:48:33.148577281,T,IBM,,40,293.84
2025-11-18,9:48:33.773022884,T,IBM,,40,293.84
2025-11-18,9:48:33.777305101,T,IBM,F I,37,293.73
2025-11-18,9:48:48.049584383,T,IBM,I,5,293.78
2025-11-18,9:48:48.049584383,T,IBM,I,35,293.82
2025-11-18,9:48:50.092702215,T,IBM,F,125,293.855
2025-11-18,9:48:51.199216348,T,IBM,F,60,293.85
2025-11-18,9:48:51.199216348,T,IBM,F I,2,293.85
2025-11-18,9:48:57.990998664,T,IBM,F I,5,293.66
2025-11-18,9:48:57.991031697,T,IBM,F,40,293.63
2025-11-18,9:48:57.991064811,T,IBM,F,40,293.61
2025-11-18,9:48:57.996958947,T,IBM,,40,293.54
2025-11-18,9:48:58.201331393,T,IBM,F I,24,293.59
2025-11-18,9:48:58.201331393,T,IBM,F,40,293.52
2025-11-18,9:48:58.201334412,T,IBM,F I,2,293.52
2025-11-18,9:48:58.201337406,T,IBM,F I,14,293.51
2025-11-18,9:49:03.764115073,T,IBM,F I,30,293.59
2025-11-18,9:49:03.764115073,T,IBM,F I,5,293.57
2025-11-18,9:49:03.764117897,T,IBM,F I,5,293.53
2025-11-18,9:49:06.505834740,T,IBM,I,3,293.615
2025-11-18,9:49:11.763755807,T,IBM,,100,293.66
2025-11-18,9:49:11.763755807,T,IBM,I,28,293.67
2025-11-18,9:49:11.763761584,T,IBM,I,10,293.67
2025-11-18,9:49:11.763761584,T,IBM,I,30,293.68
2025-11-18,9:49:11.763776772,T,IBM,F,50,293.68
2025-11-18,9:49:11.763780207,T,IBM,F I,10,293.68
2025-11-18,9:49:11.763780207,T,IBM,F I,14,293.68
2025-11-18,9:49:11.763783205,T,IBM,F,60,293.68
2025-11-18,9:49:11.763785779,T,IBM,F,46,293.68
2025-11-18,9:49:11.764284932,T,IBM,F I,5,293.71
2025-11-18,9:49:11.771096093,T,IBM,,46,293.68
2025-11-18,9:49:12.162829655,T,IBM,I,2,293.76
2025-11-18,9:49:12.162829655,T,IBM,I,5,293.69
2025-11-18,9:49:12.162851449,T,IBM,F,239,293.68
2025-11-18,9:49:12.408986681,T,IBM,F I,5,293.69
2025-11-18,9:49:12.408986681,T,IBM,F I,18,293.65
2025-11-18,9:49:14.699876338,T,IBM,,98,293.68
2025-11-18,9:49:14.699879241,T,IBM,F I,25,293.68
2025-11-18,9:49:14.699903384,T,IBM,I,25,293.67
2025-11-18,9:49:14.700228045,T,IBM,F I,18,293.67
2025-11-18,9:49:14.700375864,T,IBM,I,18,293.62
2025-11-18,9:49:14.700378561,T,IBM,I,18,293.62
2025-11-18,9:49:20.251906433,T,IBM,F,40,293.56
2025-11-18,9:49:20.251906433,T,IBM,F I,2,293.56
2025-11-18,9:49:20.251909336,T,IBM,F I,3,293.52
2025-11-18,9:49:20.251957465,T,IBM,,100,293.56
2025-11-18,9:49:20.251960460,T,IBM,,100,293.56
2025-11-18,9:49:20.545371953,T,IBM,F I,24,293.62
2025-11-18,9:49:22.211746916,T,IBM,,40,293.66
2025-11-18,9:49:22.422353642,T,IBM,F I,5,293.64
2025-11-18,9:49:22.422353642,T,IBM,F,213,293.64
2025-11-18,9:49:22.422356256,T,IBM,F,40,293.63
2025-11-18,9:49:22.493475622,T,IBM,I,2,293.615
2025-11-18,9:49:23.085149130,T,IBM,F,40,293.49
2025-11-18,9:49:29.034458088,T,IBM,F I,2,293.43
2025-11-18,9:49:42.316143549,T,IBM,,120,293.325
2025-11-18,9:49:45.885093767,T,IBM,,50,293.3
2025-11-18,9:49:45.886687613,T,IBM,F I,9,293.3
2025-11-18,9:49:46.720990636,T,IBM,F I,30,293.43
2025-11-18,9:49:46.722500287,T,IBM,F I,5,293.49
2025-11-18,9:49:46.725871324,T,IBM,F,125,293.52
2025-11-18,9:49:46.975979661,T,IBM,I,33,293.49
2025-11-18,9:49:47.969421684,T,IBM,F I,30,293.41
2025-11-18,9:49:50.823888978,T,IBM,I,9,293.49
2025-11-18,9:49:50.823919142,T,IBM,F I,30,293.46
2025-11-18,9:49:50.824183616,T,IBM,F,75,293.5
2025-11-18,9:49:51.733121439,T,IBM,,132,293.49
2025-11-18,9:49:51.733139566,T,IBM,I,1,293.48
2025-11-18,9:49:58.498961295,T,IBM,F I,39,293.4
2025-11-18,9:49:58.498964051,T,IBM,F I,2,293.37
2025-11-18,9:49:58.498967044,T,IBM,F I,2,293.36
2025-11-18,9:49:58.498967044,T,IBM,F,51,293.34
2025-11-18,9:49:58.498970054,T,IBM,F I,26,293.33
2025-11-18,9:50:01.649807995,T,IBM,F I,20,293.33
2025-11-18,9:50:01.649811020,T,IBM,F,100,293.32
2025-11-18,9:50:01.649826056,T,IBM,F I,20,293.32
2025-11-18,9:50:01.650884721,T,IBM,I,30,293.37
2025-11-18,9:50:01.650884721,T,IBM,,60,293.39
2025-11-18,9:50:01.651134260,T,IBM,I,5,293.33
2025-11-18,9:50:01.651534085,T,IBM,I,5,293.36
2025-11-18,9:50:06.182961425,T,IBM,F,80,293.2
2025-11-18,9:50:07.720149165,T,IBM,I,5,293.15
2025-11-18,9:50:07.720149165,T,IBM,I,35,293.16
2025-11-18,9:50:11.649642421,T,IBM,F,100,293.0
2025-11-18,9:50:11.649699599,T,IBM,F I,10,292.99
2025-11-18,9:50:11.651248153,T,IBM,F I,1,292.89
2025-11-18,9:50:11.651248153,T,IBM,F I,20,292.89
2025-11-18,9:50:11.651251213,T,IBM,F I,7,292.88
2025-11-18,9:50:11.651720374,T,IBM,F I,37,293.0
2025-11-18,9:50:11.664175981,T,IBM,I,5,293.03
2025-11-18,9:50:12.577555379,T,IBM,F I,2,293.06
2025-11-18,9:50:13.373327758,T,IBM,F I,5,293.06
2025-11-18,9:50:16.080516504,T,IBM,I,1,293.16
2025-11-18,9:50:17.400289405,T,IBM,I,5,293.15
2025-11-18,9:50:18.450103488,T,IBM,I,3,293.145
2025-11-18,9:50:28.744299703,T,IBM,,42,293.3
2025-11-18,9:50:28.744444179,T,IBM,,40,293.32
2025-11-18,9:50:28.744465486,T,IBM,I,1,293.32
2025-11-18,9:50:28.744465486,T,IBM,F I,7,293.32
2025-11-18,9:50:28.744468184,T,IBM,F I,9,293.32
2025-11-18,9:50:28.745207871,T,IBM,I,30,293.31
2025-11-18,9:50:28.745231995,T,IBM,F,70,293.31
2025-11-18,9:50:30.371046929,T,IBM,F I,10,293.33
2025-11-18,9:50:30.371046929,T,IBM,F I,8,293.33
2025-11-18,9:50:30.371193782,T,IBM,F,125,293.36
2025-11-18,9:50:31.667318440,T,IBM,F I,35,293.36
2025-11-18,9:50:32.321375411,T,IBM,I,20,293.44
2025-11-18,9:50:32.321378469,T,IBM,I,3,293.44
2025-11-18,9:50:32.896729117,T,IBM,,45,293.45
2025-11-18,9:50:32.896732253,T,IBM,,48,293.46
2025-11-18,9:50:32.896732253,T,IBM,I,11,293.46
2025-11-18,9:50:32.896747147,T,IBM,F,89,293.46
2025-11-18,9:50:32.896750128,T,IBM,I,1,293.46
2025-11-18,9:50:38.717963062,T,IBM,I,10,293.48
2025-11-18,9:50:38.717963062,T,IBM,I,4,293.5
2025-11-18,9:50:39.765317310,T,IBM,F I,5,293.42
2025-11-18,9:50:49.378382992,T,IBM,F,125,293.515
2025-11-18,9:50:53.067466075,T,IBM,F,40,293.515
2025-11-18,9:50:53.475979568,T,IBM,F,125,293.515
2025-11-18,9:50:53.476018519,T,IBM,,75,293.515
2025-11-18,9:50:53.476866535,T,IBM,,45,293.515
2025-11-18,9:50:53.476866535,T,IBM,I,20,293.56
2025-11-18,9:50:56.635510930,T,IBM,,160,293.515
2025-11-18,9:50:59.308117192,T,IBM,F,120,293.515
2025-11-18,9:51:07.492665123,T,IBM,F I,19,293.515
2025-11-18,9:51:11.415834543,T,IBM,I,5,293.515
2025-11-18,9:51:11.415837628,T,IBM,,40,293.515
2025-11-18,9:51:11.447929937,T,IBM,,125,293.515
2025-11-18,9:51:11.742396977,T,IBM,,40,293.52
2025-11-18,9:51:11.742400042,T,IBM,,44,293.54
2025-11-18,9:51:11.743067688,T,IBM,,40,293.63
2025-11-18,9:51:11.743067688,T,IBM,I,5,293.63
2025-11-18,9:51:19.600232403,T,IBM,F I,17,293.51
2025-11-18,9:51:21.146378159,T,IBM,F I,11,293.34
2025-11-18,9:51:23.906162295,T,IBM,I,2,293.31
2025-11-18,9:51:23.906162295,T,IBM,I,5,293.3
2025-11-18,9:51:23.906165167,T,IBM,I,30,293.3
2025-11-18,9:51:27.680835272,T,IBM,I,5,293.42
2025-11-18,9:51:27.680838188,T,IBM,I,2,293.43
2025-11-18,9:51:30.037103453,T,IBM,F I,5,293.39
2025-11-18,9:51:30.037136486,T,IBM,F I,7,293.47
2025-11-18,9:51:32.050369390,T,IBM,F I,5,293.27
2025-11-18,9:51:32.050369390,T,IBM,F I,8,293.26
2025-11-18,9:51:36.166802775,T,IBM,F I,30,293.25
2025-11-18,9:51:36.166853792,T,IBM,F I,30,293.28
2025-11-18,9:51:36.166877840,T,IBM,F I,29,293.29
2025-11-18,9:51:36.166910969,T,IBM,F,71,293.29
2025-11-18,9:51:36.166910969,T,IBM,F I,29,293.3
2025-11-18,9:51:36.166914000,T,IBM,F I,15,293.31
2025-11-18,9:51:37.785003333,T,IBM,F I,5,293.21
2025-11-18,9:51:37.785003333,T,IBM,F I,2,293.16
2025-11-18,9:51:37.785006122,T,IBM,F I,3,293.16
2025-11-18,9:51:40.745827499,T,IBM,F I,10,293.14
2025-11-18,9:51:40.792264026,T,IBM,F,40,293.14
2025-11-18,9:51:41.528942802,T,IBM,F I,11,293.02
2025-11-18,9:51:41.528945908,T,IBM,F I,8,293.0
2025-11-18,9:51:41.529790803,T,IBM,F I,5,292.95
2025-11-18,9:51:41.530789771,T,IBM,I,7,293.0
2025-11-18,9:51:41.530792164,T,IBM,,100,293.0
2025-11-18,9:51:41.530795164,T,IBM,I,14,293.01
2025-11-18,9:51:41.530795164,T,IBM,I,7,293.01
2025-11-18,9:51:41.530798834,T,IBM,I,16,293.01
2025-11-18,9:51:41.530813271,T,IBM,I,1,293.01
2025-11-18,9:51:41.658689638,T,IBM,F I,30,292.98
2025-11-18,9:51:41.658692864,T,IBM,F I,11,292.95
2025-11-18,9:51:41.658692864,T,IBM,F I,9,292.95
2025-11-18,9:51:41.658695857,T,IBM,F I,9,292.95
2025-11-18,9:51:41.658698744,T,IBM,F I,3,292.95
2025-11-18,9:51:42.415609705,T,IBM,F I,5,292.95
2025-11-18,9:51:49.197486410,T,IBM,F I,5,292.88
2025-11-18,9:51:49.197820226,T,IBM,I,30,292.83
2025-11-18,9:51:49.256372566,T,IBM,F I,5,292.81
2025-11-18,9:51:53.670475773,T,IBM,F I,11,292.76
2025-11-18,9:51:55.696735511,T,IBM,I,20,292.755
2025-11-18,9:52:01.218708919,T,IBM,F I,5,292.79
2025-11-18,9:52:05.066690253,T,IBM,,40,292.745
2025-11-18,9:52:07.558362675,T,IBM,F I,20,292.63
2025-11-18,9:52:07.558364873,T,IBM,F I,32,292.62
2025-11-18,9:52:07.558379858,T,IBM,I,1,292.62
2025-11-18,9:52:07.558403982,T,IBM,F I,7,292.62
2025-11-18,9:52:07.558407861,T,IBM,F I,5,292.62
2025-11-18,9:52:12.715209166,T,IBM,F I,4,292.55
2025-11-18,9:52:12.715212971,T,IBM,F,80,292.55
2025-11-18,9:52:12.715212971,T,IBM,F I,3,292.55
2025-11-18,9:52:12.715257293,T,IBM,I,14,292.61
2025-11-18,9:52:12.715482826,T,IBM,I,14,292.55
2025-11-18,9:52:12.715759507,T,IBM,F I,1,292.55
2025-11-18,9:52:14.971330042,T,IBM,,40,292.61
2025-11-18,9:52:18.396483874,T,IBM,I,5,292.58
2025-11-18,9:52:18.396483874,T,IBM,I,7,292.6
2025-11-18,9:52:20.982324801,T,IBM,,40,292.58
2025-11-18,9:52:21.276653473,T,IBM,F I,2,292.5
2025-11-18,9:52:21.276653473,T,IBM,F I,3,292.5
2025-11-18,9:52:21.276671526,T,IBM,F I,2,292.5
2025-11-18,9:52:21.277017378,T,IBM,F,200,292.5
2025-11-18,9:52:22.786854612,T,IBM,I,8,292.475
2025-11-18,9:52:22.787438081,T,IBM,F I,3,292.395
2025-11-18,9:52:22.787438081,T,IBM,F,76,292.41
2025-11-18,9:52:22.787633489,T,IBM,I,30,292.42
2025-11-18,9:52:22.787636593,T,IBM,I,11,292.42
2025-11-18,9:52:22.787762761,T,IBM,F I,14,292.4
2025-11-18,9:52:22.787868008,T,IBM,F I,5,292.42
2025-11-18,9:52:22.787868008,T,IBM,F,76,292.42
2025-11-18,9:52:27.617319985,T,IBM,F I,6,292.455
2025-11-18,9:52:27.795259688,T,IBM,F,100,292.5
2025-11-18,9:52:41.087184165,T,IBM,I,25,292.41
2025-11-18,9:52:42.984485079,T,IBM,I,5,292.56
2025-11-18,9:52:43.907772953,T,IBM,I,3,292.465
2025-11-18,9:52:44.161802571,T,IBM,I,30,292.48
2025-11-18,9:52:44.554856235,T,IBM,I,19,292.56
2025-11-18,9:52:44.570078465,T,IBM,I,6,292.66
2025-11-18,9:52:44.573605902,T,IBM,I,20,292.61
2025-11-18,9:52:44.590211489,T,IBM,I,9,292.66
2025-11-18,9:52:44.827794983,T,IBM,I,14,292.7
2025-11-18,9:52:45.713439325,T,IBM,I,10,292.7
2025-11-18,9:52:45.877317440,T,IBM,,40,292.7
2025-11-18,9:52:45.877636284,T,IBM,,67,292.7
2025-11-18,9:52:46.028535519,T,IBM,I,7,292.7
2025-11-18,9:52:46.029293266,T,IBM,I,25,292.61
2025-11-18,9:52:47.325339659,T,IBM,F I,22,292.7
2025-11-18,9:52:47.325342639,T,IBM,F,45,292.71
2025-11-18,9:52:48.363392744,T,IBM,F I,17,292.68
2025-11-18,9:52:48.850489422,T,IBM,I,5,292.58
2025-11-18,9:52:48.850492363,T,IBM,I,25,292.56
2025-11-18,9:52:51.978989990,T,IBM,F I,8,292.54
2025-11-18,9:52:51.979007981,T,IBM,F,112,292.54
2025-11-18,9:52:53.448245630,T,IBM,I,3,292.53
2025-11-18,9:53:02.728373725,T,IBM,F I,19,292.66
2025-11-18,9:53:02.728373725,T,IBM,F I,8,292.66
2025-11-18,9:53:02.728533091,T,IBM,,40,292.61
2025-11-18,9:53:03.387964582,T,IBM,F I,7,292.71
2025-11-18,9:53:03.387974020,T,IBM,,84,292.71
2025-11-18,9:53:03.387974020,T,IBM,I,2,292.72
2025-11-18,9:53:03.388036178,T,IBM,I,38,292.72
2025-11-18,9:53:03.388036178,T,IBM,,40,292.72
2025-11-18,9:53:03.388039105,T,IBM,I,6,292.72
2025-11-18,9:53:12.548620496,T,IBM,F I,2,292.62
2025-11-18,9:53:12.548641602,T,IBM,F,78,292.61
2025-11-18,9:53:16.440037455,T,IBM,I,20,292.77
2025-11-18,9:53:16.440801176,T,IBM,,40,292.69
2025-11-18,9:53:17.056048011,T,IBM,F I,5,292.81
2025-11-18,9:53:17.056048011,T,IBM,F I,19,292.81
2025-11-18,9:53:17.056471897,T,IBM,I,28,292.82
2025-11-18,9:53:17.056661447,T,IBM,,40,292.79
2025-11-18,9:53:17.056739497,T,IBM,F I,30,292.78
2025-11-18,9:53:17.080637398,T,IBM,,80,292.81
2025-11-18,9:53:17.080658662,T,IBM,I,1,292.81
2025-11-18,9:53:17.514197492,T,IBM,F I,19,292.81
2025-11-18,9:53:23.554112086,T,IBM,F I,19,292.71
2025-11-18,9:53:23.554382749,T,IBM,F I,6,292.7
2025-11-18,9:53:23.554388723,T,IBM,F I,19,292.7
2025-11-18,9:53:23.554427926,T,IBM,I,14,292.76
2025-11-18,9:53:28.530448780,T,IBM,F,40,292.74
2025-11-18,9:53:29.207582972,T,IBM,,60,292.74
2025-11-18,9:53:29.207582972,T,IBM,I,15,292.67
2025-11-18,9:53:32.083677723,T,IBM,,40,292.83
2025-11-18,9:53:32.083680982,T,IBM,I,4,292.83
2025-11-18,9:53:32.083701834,T,IBM,I,36,292.83
2025-11-18,9:53:33.660003284,T,IBM,,125,292.815
2025-11-18,9:53:34.368044950,T,IBM,,80,292.9
2025-11-18,9:53:34.368062976,T,IBM,I,1,292.9
2025-11-18,9:53:34.368084848,T,IBM,,79,292.9
2025-11-18,9:53:34.368084848,T,IBM,I,1,292.9
2025-11-18,9:53:34.368098975,T,IBM,F,65,292.9
2025-11-18,9:53:34.368276440,T,IBM,I,14,292.9
2025-11-18,9:53:34.368989147,T,IBM,F I,11,292.865
2025-11-18,9:53:34.369383044,T,IBM,I,20,292.99
2025-11-18,9:53:34.369419206,T,IBM,,100,293.0
2025-11-18,9:53:34.383450564,T,IBM,F I,20,293.17
2025-11-18,9:53:34.383453923,T,IBM,F,50,293.17
2025-11-18,9:53:34.383456608,T,IBM,F,50,293.19
2025-11-18,9:53:34.404190999,T,IBM,,45,293.09
2025-11-18,9:53:35.357586658,T,IBM,I,11,293.24
2025-11-18,9:53:36.114855320,T,IBM,I,6,293.23
2025-11-18,9:53:37.667598791,T,IBM,F,100,293.11
2025-11-18,9:53:37.667646918,T,IBM,F,100,293.08
2025-11-18,9:53:45.638386568,T,IBM,F,100,292.95
2025-11-18,9:53:46.107247065,T,IBM,I,8,292.9
2025-11-18,9:53:47.077389582,T,IBM,,40,292.84
2025-11-18,9:53:47.096054895,T,IBM,,40,292.79
2025-11-18,9:53:47.101242250,T,IBM,I,6,292.78
2025-11-18,9:53:54.120690511,T,IBM,I,5,292.96
2025-11-18,9:53:56.963099037,T,IBM,F I,5,292.85
2025-11-18,9:53:56.963099037,T,IBM,I,5,292.85
2025-11-18,9:53:56.963156182,T,IBM,I,5,292.85
2025-11-18,9:53:56.963300481,T,IBM,F I,1,292.85
2025-11-18,9:54:01.458626959,T,IBM,F I,5,292.92
2025-11-18,9:54:01.458654008,T,IBM,I,5,292.92
2025-11-18,9:54:01.458723183,T,IBM,I,13,292.86
2025-11-18,9:54:01.465402094,T,IBM,F,42,292.81
2025-11-18,9:54:01.465420142,T,IBM,F,158,292.81
2025-11-18,9:54:01.465426394,T,IBM,F I,5,292.81
2025-11-18,9:54:02.438560911,T,IBM,F I,5,292.7
2025-11-18,9:54:08.490678365,T,IBM,F,40,292.5
2025-11-18,9:54:08.567141422,T,IBM,I,5,292.53
2025-11-18,9:54:24.023555777,T,IBM,F I,17,292.62
2025-11-18,9:54:29.082095981,T,IBM,I,5,292.73
2025-11-18,9:54:31.800062355,T,IBM,F I,21,292.65
2025-11-18,9:54:31.800062355,T,IBM,F I,5,292.65
2025-11-18,9:54:31.800195416,T,IBM,,60,292.73
2025-11-18,9:54:31.800195416,T,IBM,I,13,292.74
2025-11-18,9:54:31.800296932,T,IBM,I,18,292.74
2025-11-18,9:54:39.162089341,T,IBM,F I,5,292.55
2025-11-18,9:54:39.162561423,T,IBM,I,5,292.51
2025-11-18,9:54:39.534519849,T,IBM,F I,5,292.31
2025-11-18,9:54:39.535825012,T,IBM,F I,5,292.31
2025-11-18,9:54:39.535849002,T,IBM,I,30,292.4
2025-11-18,9:54:39.535852361,T,IBM,,54,292.43
2025-11-18,9:54:39.535882488,T,IBM,I,4,292.38
2025-11-18,9:54:39.535900106,T,IBM,I,13,292.38
2025-11-18,9:54:39.536068662,T,IBM,I,4,292.4
2025-11-18,9:54:39.537043338,T,IBM,F I,5,292.38
2025-11-18,9:54:39.537043338,T,IBM,F,45,292.35
2025-11-18,9:54:39.537046627,T,IBM,F I,5,292.34
2025-11-18,9:54:39.537049255,T,IBM,F I,4,292.31
2025-11-18,9:54:39.537049255,T,IBM,F I,13,292.31
2025-11-18,9:54:39.537052003,T,IBM,F I,5,292.31
2025-11-18,9:54:39.537063977,T,IBM,I,1,292.31
2025-11-18,9:54:39.537719394,T,IBM,,57,292.47
2025-11-18,9:54:39.538708899,T,IBM,I,9,292.48
2025-11-18,9:54:39.538711867,T,IBM,I,9,292.57
2025-11-18,9:54:42.999217934,T,IBM,I,5,292.45
2025-11-18,9:54:53.419813917,T,IBM,I,4,292.45
2025-11-18,9:54:55.149799273,T,IBM,,40,292.45
2025-11-18,9:54:55.149802504,T,IBM,I,20,292.45
2025-11-18,9:54:55.149802504,T,IBM,I,20,292.45
2025-11-18,9:54:55.153351371,T,IBM,F,80,292.5
2025-11-18,9:54:55.153353724,T,IBM,F,760,292.5
2025-11-18,9:54:55.153353724,T,IBM,F I,9,292.5
2025-11-18,9:54:55.153838168,T,IBM,I,16,292.51
2025-11-18,9:54:55.153838168,T,IBM,,40,292.52
2025-11-18,9:54:55.153840847,T,IBM,I,25,292.54
2025-11-18,9:54:55.154737019,T,IBM,,50,292.57
2025-11-18,9:54:57.357107887,T,IBM,F I,5,292.35
2025-11-18,9:54:57.358542480,T,IBM,F I,5,292.25
2025-11-18,9:54:58.538121344,T,IBM,F I,6,292.28
2025-11-18,9:55:03.952826375,T,IBM,F I,5,292.22
2025-11-18,9:55:03.952826375,T,IBM,F I,1,292.21
2025-11-18,9:55:04.534347625,T,IBM,I,29,292.21
2025-11-18,9:55:04.534350724,T,IBM,I,5,292.2
2025-11-18,9:55:04.534350724,T,IBM,I,1,292.2
2025-11-18,9:55:07.391268816,T,IBM,I,5,292.255
2025-11-18,9:55:09.544385429,T,IBM,,40,292.26
2025-11-18,9:55:13.582936582,T,IBM,I,29,292.27
2025-11-18,9:55:14.094436377,T,IBM,I,5,292.26
2025-11-18,9:55:14.094460366,T,IBM,F I,7,292.255
2025-11-18,9:55:15.057539138,T,IBM,F I,5,292.22
2025-11-18,9:55:24.250469932,T,IBM,I,30,292.34
2025-11-18,9:55:24.250475058,T,IBM,I,5,292.35
2025-11-18,9:55:24.250478297,T,IBM,I,24,292.35
2025-11-18,9:55:24.250590675,T,IBM,I,9,292.4
2025-11-18,9:55:24.250590675,T,IBM,I,10,292.4
2025-11-18,9:55:24.250598198,T,IBM,F I,1,292.4
2025-11-18,9:55:24.250658510,T,IBM,I,19,292.4
2025-11-18,9:55:24.251698794,T,IBM,F I,8,292.34
2025-11-18,9:55:24.251698794,T,IBM,F I,8,292.34
2025-11-18,9:55:25.086651474,T,IBM,I,5,292.29
2025-11-18,9:55:25.086699587,T,IBM,F I,5,292.26
2025-11-18,9:55:26.139301801,T,IBM,F,200,292.08
2025-11-18,9:55:26.139301801,T,IBM,F,50,292.08
2025-11-18,9:55:26.139346557,T,IBM,,100,292.08
2025-11-18,9:55:26.140137338,T,IBM,F I,5,292.04
2025-11-18,9:55:26.140197517,T,IBM,,75,292.04
2025-11-18,9:55:26.140206594,T,IBM,F,66,292.04
2025-11-18,9:55:26.140227580,T,IBM,F I,15,292.04
2025-11-18,9:55:26.140387001,T,IBM,F,204,292.04
2025-11-18,9:55:26.140387001,T,IBM,F I,10,292.04
2025-11-18,9:55:29.161252386,T,IBM,F I,5,292.1
2025-11-18,9:55:30.306366512,T,IBM,F I,5,292.14
2025-11-18,9:55:30.306366512,T,IBM,F,100,292.15
2025-11-18,9:55:35.318614543,T,IBM,I,36,292.14
2025-11-18,9:55:39.145097720,T,IBM,I,5,292.22
2025-11-18,9:55:39.145100863,T,IBM,I,16,292.23
2025-11-18,9:55:39.145104535,T,IBM,,66,292.26
2025-11-18,9:55:39.145104535,T,IBM,I,38,292.26
2025-11-18,9:55:39.145461637,T,IBM,I,1,292.27
2025-11-18,9:55:39.145464582,T,IBM,I,4,292.27
2025-11-18,9:55:39.145464582,T,IBM,,40,292.27
2025-11-18,9:55:39.145479707,T,IBM,I,1,292.27
2025-11-18,9:55:39.145485731,T,IBM,I,23,292.27
2025-11-18,9:55:39.145494735,T,IBM,I,16,292.27
2025-11-18,9:55:39.145497725,T,IBM,I,24,292.27
2025-11-18,9:55:43.743356267,T,IBM,F I,10,292.4
2025-11-18,9:55:43.743398399,T,IBM,F,90,292.4
2025-11-18,9:55:43.743398399,T,IBM,F I,10,292.42
2025-11-18,9:55:47.453928629,T,IBM,F I,4,292.46
2025-11-18,9:55:47.453946694,T,IBM,I,4,292.46
2025-11-18,9:55:47.454012856,T,IBM,I,9,292.51
2025-11-18,9:55:51.479281278,T,IBM,F I,2,292.52
2025-11-18,9:55:54.410274814,T,IBM,F I,1,292.64
2025-11-18,9:55:54.410278571,T,IBM,F I,3,292.64
2025-11-18,9:55:54.411146848,T,IBM,F I,19,292.62
2025-11-18,9:55:54.411231046,T,IBM,F I,5,292.59
2025-11-18,9:55:54.411235077,T,IBM,F I,19,292.56
2025-11-18,9:55:54.411240873,T,IBM,F,40,292.56
2025-11-18,9:55:54.411240873,T,IBM,F I,15,292.56
2025-11-18,9:55:54.411243123,T,IBM,F,200,292.56
2025-11-18,9:55:54.411246071,T,IBM,F I,35,292.56
2025-11-18,9:55:54.411309232,T,IBM,F I,10,292.55
2025-11-18,9:55:54.413224878,T,IBM,F,40,292.47
2025-11-18,9:55:54.413251934,T,IBM,F,100,292.47
2025-11-18,9:55:54.473816030,T,IBM,I,7,292.47
2025-11-18,9:56:28.290456259,T,IBM,I,10,292.3
2025-11-18,9:56:28.290459219,T,IBM,,70,292.26
2025-11-18,9:56:28.290711928,T,IBM,F,50,292.24
2025-11-18,9:56:28.290772042,T,IBM,F I,15,292.24
2025-11-18,9:56:28.290808661,T,IBM,I,35,292.24
2025-11-18,9:56:28.290811663,T,IBM,I,10,292.23
2025-11-18,9:56:28.290949732,T,IBM,F I,30,292.23
2025-11-18,9:56:28.290949732,T,IBM,F I,5,292.23
2025-11-18,9:56:28.291478647,T,IBM,I,3,292.19
2025-11-18,9:56:29.096940172,T,IBM,F I,4,292.26
2025-11-18,9:56:31.693844394,T,IBM,I,1,292.29
2025-11-18,9:56:34.711696877,T,IBM,,100,292.26
2025-11-18,9:56:34.711699604,T,IBM,I,30,292.3
2025-11-18,9:56:34.711699604,T,IBM,I,4,292.31
2025-11-18,9:56:34.711702509,T,IBM,I,29,292.31
2025-11-18,9:56:34.711702509,T,IBM,,66,292.37
2025-11-18,9:56:34.711718259,T,IBM,F,271,292.38
2025-11-18,9:56:35.849677476,T,IBM,F I,30,292.45
2025-11-18,9:56:37.562314537,T,IBM,I,4,292.33
2025-11-18,9:56:41.597762226,T,IBM,,40,292.325
2025-11-18,9:56:42.813285894,T,IBM,,40,292.28
2025-11-18,9:56:43.568434966,T,IBM,F I,10,292.24
2025-11-18,9:56:43.568434966,T,IBM,F,100,292.18
2025-11-18,9:56:43.568438144,T,IBM,F I,5,292.17
2025-11-18,9:56:43.568440629,T,IBM,F,90,292.17
2025-11-18,9:56:43.568461738,T,IBM,F,110,292.17
2025-11-18,9:56:43.568461738,T,IBM,I,1,292.17
2025-11-18,9:56:43.568518788,T,IBM,,80,292.17
2025-11-18,9:56:43.568557876,T,IBM,I,8,292.18
2025-11-18,9:56:43.601128445,T,IBM,F,40,292.17
2025-11-18,9:56:43.601146401,T,IBM,I,18,292.17
2025-11-18,9:56:43.601227680,T,IBM,F,142,292.17
2025-11-18,9:56:46.971100838,T,IBM,I,10,292.07
2025-11-18,9:56:46.971100838,T,IBM,I,30,292.05
2025-11-18,9:56:47.004627725,T,IBM,I,13,292.07
2025-11-18,9:56:47.004627725,T,IBM,I,20,292.1
2025-11-18,9:56:47.005045700,T,IBM,F I,5,292.03
2025-11-18,9:56:47.289393507,T,IBM,I,11,292.1
2025-11-18,9:56:48.962399204,T,IBM,I,1,292.04
2025-11-18,9:56:50.268152731,T,IBM,I,7,292.17
2025-11-18,9:56:50.268155743,T,IBM,I,5,292.23
2025-11-18,9:56:50.268158753,T,IBM,I,5,292.25
2025-11-18,9:56:50.268158753,T,IBM,I,30,292.26
2025-11-18,9:56:50.284412523,T,IBM,I,5,292.2
2025-11-18,9:56:50.284412523,T,IBM,I,10,292.17
2025-11-18,9:56:50.944158963,T,IBM,F I,5,292.19
2025-11-18,9:56:50.944161984,T,IBM,F I,35,292.13
2025-11-18,9:56:52.056383784,T,IBM,F,40,292.27
2025-11-18,9:56:52.056387182,T,IBM,F I,5,292.31
2025-11-18,9:56:52.056387182,T,IBM,F I,38,292.33
2025-11-18,9:56:52.056389671,T,IBM,F I,35,292.33
2025-11-18,9:56:52.056402516,T,IBM,F,45,292.33
2025-11-18,9:56:54.280607731,T,IBM,F I,34,292.31
2025-11-18,9:56:54.280662312,T,IBM,I,6,292.31
2025-11-18,9:56:54.280662312,T,IBM,I,1,292.33
2025-11-18,9:56:54.280664815,T,IBM,I,23,292.33
2025-11-18,9:56:54.280679818,T,IBM,I,1,292.33
2025-11-18,9:56:54.280694882,T,IBM,I,1,292.33
2025-11-18,9:56:54.280722135,T,IBM,I,8,292.33
2025-11-18,9:56:54.281557862,T,IBM,I,10,292.32
2025-11-18,9:56:54.332045050,T,IBM,I,1,292.33
2025-11-18,9:56:54.332045050,T,IBM,I,9,292.33
2025-11-18,9:56:56.037834855,T,IBM,F I,33,292.4
2025-11-18,9:56:56.041732223,T,IBM,F,72,292.4
2025-11-18,9:56:56.046664252,T,IBM,F I,15,292.4
2025-11-18,9:56:56.046664252,T,IBM,F I,36,292.43
2025-11-18,9:56:57.077416017,T,IBM,I,4,292.43
2025-11-18,9:56:57.077416017,T,IBM,,40,292.44
2025-11-18,9:56:57.077418608,T,IBM,I,1,292.44
2025-11-18,9:56:57.077437353,T,IBM,I,1,292.44
2025-11-18,9:56:57.077746680,T,IBM,I,2,292.44
2025-11-18,9:56:58.045829078,T,IBM,I,10,292.345
2025-11-18,9:57:02.565871309,T,IBM,F I,12,292.44
2025-11-18,9:57:02.565874919,T,IBM,F I,4,292.45
2025-11-18,9:57:02.565874919,T,IBM,F I,28,292.45
2025-11-18,9:57:02.565889393,T,IBM,F I,5,292.45
2025-11-18,9:57:02.565910512,T,IBM,F I,7,292.45
2025-11-18,9:57:02.566827688,T,IBM,,44,292.45
2025-11-18,9:57:02.566857647,T,IBM,F I,6,292.48
2025-11-18,9:57:02.566890873,T,IBM,F I,2,292.45
2025-11-18,9:57:02.567146358,T,IBM,F I,2,292.45
2025-11-18,9:57:02.567164394,T,IBM,F I,6,292.45
2025-11-18,9:57:02.567206538,T,IBM,F I,7,292.45
2025-11-18,9:57:02.567206538,T,IBM,F I,6,292.45
2025-11-18,9:57:03.770082572,T,IBM,F I,4,292.56
2025-11-18,9:57:03.770085068,T,IBM,F,41,292.56
2025-11-18,9:57:03.770617325,T,IBM,I,9,292.56
2025-11-18,9:57:04.380517535,T,IBM,F,80,292.53
2025-11-18,9:57:04.380517535,T,IBM,F,158,292.42
2025-11-18,9:57:04.380520280,T,IBM,F,42,292.42
2025-11-18,9:57:04.421504863,T,IBM,I,3,292.41
2025-11-18,9:57:04.428776157,T,IBM,I,29,292.39
2025-11-18,9:57:04.475411100,T,IBM,I,4,292.41
