DATE,TIME_M,EX,SYM_ROOT,TR_SCOND,SIZE,PRICE
2025-10-10,9:30:00.605625597,T,IBM,FTI,64,288.88
2025-10-10,9:30:00.605625597,T,IBM,FTI,17,288.88
2025-10-10,9:30:00.605670692,T,IBM,FTI,2,288.9
2025-10-10,9:30:00.814499864,T,IBM,T,100,288.97
2025-10-10,9:30:01.121278153,T,IBM,TI,1,289.0
2025-10-10,9:30:01.121278153,T,IBM,TI,10,289.0
2025-10-10,9:30:01.142018548,T,IBM,FTI,60,289.0
2025-10-10,9:30:01.142024558,T,IBM,FTI,40,289.0
2025-10-10,9:30:02.273813879,T,IBM,I,5,289.25
2025-10-10,9:30:02.273819867,T,IBM,Q,5,289.25
2025-10-10,9:30:02.337848321,T,IBM,I,65,289.255
2025-10-10,9:30:03.550515266,T,IBM,,100,289.255
2025-10-10,9:30:04.544294090,T,IBM,I,32,289.03
2025-10-10,9:30:04.544297092,T,IBM,I,10,289.01
2025-10-10,9:30:04.544639903,T,IBM,F,100,289.0
2025-10-10,9:30:04.544642834,T,IBM,F I,5,289.0
2025-10-10,9:30:04.544711999,T,IBM,I,63,289.0
2025-10-10,9:30:04.544742083,T,IBM,I,37,289.0
2025-10-10,9:30:05.146264204,T,IBM,I,1,288.95
2025-10-10,9:30:06.308143023,T,IBM,I,2,289.23
2025-10-10,9:30:10.036238114,T,IBM,I,34,288.81
2025-10-10,9:30:10.036848696,T,IBM,F I,17,288.81
2025-10-10,9:30:10.036848696,T,IBM,F I,17,288.81
2025-10-10,9:30:10.036887799,T,IBM,F I,17,288.81
2025-10-10,9:30:10.036917855,T,IBM,F I,15,288.81
2025-10-10,9:30:10.036917855,T,IBM,F I,2,288.8
2025-10-10,9:30:10.037011564,T,IBM,I,14,288.8
2025-10-10,9:30:10.037014068,T,IBM,I,1,288.8
2025-10-10,9:30:15.728230818,T,IBM,I,3,289.05
2025-10-10,9:30:18.456875745,T,IBM,F I,5,288.96
2025-10-10,9:30:18.456878771,T,IBM,F I,5,288.95
2025-10-10,9:31:08.497330113,T,IBM,F,100,288.94
2025-10-10,9:31:08.497348198,T,IBM,F I,50,288.94
2025-10-10,9:31:30.779557362,T,IBM,F I,5,288.98
2025-10-10,9:31:30.779560193,T,IBM,F I,5,288.98
2025-10-10,9:31:33.994146932,T,IBM,F,150,288.94
2025-10-10,9:32:03.918286756,T,IBM,,100,288.94
2025-10-10,9:32:03.919492590,T,IBM,,100,288.94
2025-10-10,9:32:03.919778342,T,IBM,F,150,288.94
2025-10-10,9:32:03.921041309,T,IBM,,150,288.94
2025-10-10,9:32:04.033206193,T,IBM,I,1,288.85
2025-10-10,9:32:04.033206193,T,IBM,I,1,288.85
2025-10-10,9:32:05.034033060,T,IBM,I,3,288.9
2025-10-10,9:32:05.034059994,T,IBM,I,3,288.9
2025-10-10,9:32:30.018616333,T,IBM,I,18,288.83
2025-10-10,9:32:30.018616333,T,IBM,I,5,288.82
2025-10-10,9:32:30.018622277,T,IBM,I,5,288.76
2025-10-10,9:32:30.018622277,T,IBM,I,5,288.75
2025-10-10,9:32:30.018622277,T,IBM,I,67,288.72
2025-10-10,9:32:43.281321144,T,IBM,I,2,288.805
2025-10-10,9:33:04.144854866,T,IBM,I,1,288.67
2025-10-10,9:33:04.144942034,T,IBM,F I,1,288.66
2025-10-10,9:33:04.145077317,T,IBM,F I,6,288.61
2025-10-10,9:33:04.145335933,T,IBM,F I,64,288.61
2025-10-10,9:33:04.145354030,T,IBM,I,1,288.61
2025-10-10,9:33:04.145357128,T,IBM,I,5,288.61
2025-10-10,9:33:05.891121133,T,IBM,F I,2,288.81
2025-10-10,9:33:12.873464651,T,IBM,I,4,288.76
2025-10-10,9:33:12.899043409,T,IBM,F I,1,288.55
2025-10-10,9:33:12.899067571,T,IBM,I,3,288.7
2025-10-10,9:33:12.899127624,T,IBM,I,25,288.62
2025-10-10,9:33:12.899545688,T,IBM,I,4,288.66
2025-10-10,9:33:12.899672043,T,IBM,I,22,288.66
2025-10-10,9:33:12.899693013,T,IBM,I,4,288.62
2025-10-10,9:33:12.900339578,T,IBM,F I,52,288.66
2025-10-10,9:33:12.902264142,T,IBM,F I,1,288.55
2025-10-10,9:33:12.902297198,T,IBM,F I,1,288.55
2025-10-10,9:33:12.902597958,T,IBM,I,18,288.66
2025-10-10,9:33:12.910082685,T,IBM,F I,1,288.55
2025-10-10,9:33:12.919188421,T,IBM,F I,1,288.55
2025-10-10,9:33:14.057990635,T,IBM,F,100,288.65
2025-10-10,9:33:45.849236429,T,IBM,F I,8,288.74
2025-10-10,9:33:56.049153172,T,IBM,F I,6,288.95
2025-10-10,9:33:56.049167893,T,IBM,F I,1,288.96
2025-10-10,9:33:56.049170700,T,IBM,F I,5,288.96
2025-10-10,9:33:56.049173837,T,IBM,F I,1,288.96
2025-10-10,9:33:56.049203863,T,IBM,F I,5,288.96
2025-10-10,9:33:56.049206740,T,IBM,F I,6,288.96
2025-10-10,9:33:56.049221823,T,IBM,F I,5,288.96
2025-10-10,9:33:56.049224755,T,IBM,I,5,288.96
2025-10-10,9:33:56.049279755,T,IBM,F I,5,288.96
2025-10-10,9:33:56.049300114,T,IBM,F I,5,288.96
2025-10-10,9:33:56.049303039,T,IBM,F I,5,288.96
2025-10-10,9:33:56.049315043,T,IBM,F I,5,288.96
2025-10-10,9:33:56.049321066,T,IBM,F I,5,288.96
2025-10-10,9:33:56.049336153,T,IBM,F I,5,288.96
2025-10-10,9:33:56.049342385,T,IBM,I,43,288.96
2025-10-10,9:33:56.049342385,T,IBM,I,1,288.97
2025-10-10,9:33:56.049348274,T,IBM,I,4,288.97
2025-10-10,9:33:56.049348274,T,IBM,I,52,288.97
2025-10-10,9:33:56.049351066,T,IBM,F I,5,288.97
2025-10-10,9:33:56.049357496,T,IBM,F I,5,288.97
2025-10-10,9:33:56.049357496,T,IBM,F I,5,288.97
2025-10-10,9:33:56.049384183,T,IBM,F I,5,288.97
2025-10-10,9:33:56.049396253,T,IBM,I,5,288.97
2025-10-10,9:33:56.049420262,T,IBM,F I,5,288.97
2025-10-10,9:33:56.049435317,T,IBM,F I,6,288.97
2025-10-10,9:33:56.049447397,T,IBM,F I,6,288.97
2025-10-10,9:33:56.049474427,T,IBM,I,5,288.97
2025-10-10,9:33:56.049528504,T,IBM,F I,5,288.99
2025-10-10,9:33:56.049531559,T,IBM,F,100,289.05
2025-10-10,9:33:56.050304341,T,IBM,I,26,289.03
2025-10-10,9:33:56.050304341,T,IBM,I,14,289.05
2025-10-10,9:33:56.050308176,T,IBM,I,1,289.05
2025-10-10,9:33:56.050310491,T,IBM,,159,289.05
2025-10-10,9:33:56.050310491,T,IBM,,141,289.05
2025-10-10,9:33:56.050701295,T,IBM,F I,19,289.05
2025-10-10,9:33:56.051203471,T,IBM,I,2,289.01
2025-10-10,9:33:56.051212553,T,IBM,I,2,289.01
2025-10-10,9:33:56.051263655,T,IBM,F I,10,289.05
2025-10-10,9:33:56.051269652,T,IBM,F I,33,289.05
2025-10-10,9:33:56.051291646,T,IBM,I,1,289.05
2025-10-10,9:33:56.051293762,T,IBM,,115,289.05
2025-10-10,9:33:56.058522878,T,IBM,I,1,289.1
2025-10-10,9:33:56.112146629,T,IBM,F I,26,288.98
2025-10-10,9:33:56.112600645,T,IBM,I,62,288.97
2025-10-10,9:34:18.896021830,T,IBM,F,100,288.91
2025-10-10,9:34:49.050846443,T,IBM,F,100,289.0
2025-10-10,9:35:32.594748317,T,IBM,F,100,289.11
2025-10-10,9:35:32.685597596,T,IBM,F I,7,289.15
2025-10-10,9:35:32.686064108,T,IBM,F I,1,289.19
2025-10-10,9:35:32.686064108,T,IBM,F I,6,289.19
2025-10-10,9:35:32.687010982,T,IBM,F I,4,289.33
2025-10-10,9:35:32.687010982,T,IBM,F I,4,289.33
2025-10-10,9:35:32.687053087,T,IBM,F I,90,289.33
2025-10-10,9:35:32.687080219,T,IBM,F I,10,289.33
2025-10-10,9:35:57.825310732,T,IBM,F,130,289.2
2025-10-10,9:35:57.825310732,T,IBM,,270,289.2
2025-10-10,9:36:01.975142467,T,IBM,F I,32,289.04
2025-10-10,9:36:01.975144980,T,IBM,F I,30,289.04
2025-10-10,9:36:01.975172026,T,IBM,I,23,289.15
2025-10-10,9:36:01.975175019,T,IBM,I,49,289.15
2025-10-10,9:36:01.975220164,T,IBM,I,18,289.09
2025-10-10,9:36:01.975223443,T,IBM,I,70,289.04
2025-10-10,9:36:01.975223443,T,IBM,I,12,289.03
2025-10-10,9:36:01.975292327,T,IBM,F I,8,289.15
2025-10-10,9:36:01.975511798,T,IBM,F I,32,289.04
2025-10-10,9:36:01.975515567,T,IBM,F I,10,289.03
2025-10-10,9:36:01.975515567,T,IBM,F I,20,289.03
2025-10-10,9:36:01.975517930,T,IBM,F I,14,289.03
2025-10-10,9:36:03.923101389,T,IBM,I,56,289.0
2025-10-10,9:36:03.923314897,T,IBM,F I,1,288.98
2025-10-10,9:36:03.923317956,T,IBM,F,100,288.98
2025-10-10,9:36:03.923369136,T,IBM,F,100,289.0
2025-10-10,9:36:03.923618650,T,IBM,F I,15,289.05
2025-10-10,9:36:06.577707112,T,IBM,F I,3,289.14
2025-10-10,9:36:06.577737166,T,IBM,F I,97,289.14
2025-10-10,9:36:06.578440795,T,IBM,F I,2,289.19
2025-10-10,9:36:06.578510008,T,IBM,F I,1,289.19
2025-10-10,9:36:08.735295639,T,IBM,I,1,289.36
2025-10-10,9:36:10.165801077,T,IBM,I,1,289.36
2025-10-10,9:36:10.183952350,T,IBM,I,1,289.36
2025-10-10,9:36:14.490952667,T,IBM,I,1,289.34
2025-10-10,9:36:46.409813415,T,IBM,F I,1,289.37
2025-10-10,9:36:46.409813415,T,IBM,F I,14,289.37
2025-10-10,9:36:50.807861053,T,IBM,I,30,289.43
2025-10-10,9:36:50.807942303,T,IBM,I,15,289.47
2025-10-10,9:36:50.808456525,T,IBM,F I,16,289.47
2025-10-10,9:36:50.808484026,T,IBM,F I,16,289.47
2025-10-10,9:36:50.808525783,T,IBM,F I,16,289.47
2025-10-10,9:36:50.808552667,T,IBM,F I,16,289.49
2025-10-10,9:36:50.808633958,T,IBM,F I,11,289.49
2025-10-10,9:36:50.808636868,T,IBM,F I,17,289.49
2025-10-10,9:36:50.808675998,T,IBM,I,16,289.49
2025-10-10,9:36:50.808700084,T,IBM,F I,17,289.49
2025-10-10,9:36:50.808706091,T,IBM,I,16,289.49
2025-10-10,9:36:50.808979728,T,IBM,I,16,289.5
2025-10-10,9:36:50.828342785,T,IBM,I,4,289.51
2025-10-10,9:37:08.629836713,T,IBM,I,3,289.76
2025-10-10,9:37:08.629836713,T,IBM,I,2,289.76
2025-10-10,9:37:08.630862073,T,IBM,I,28,289.69
2025-10-10,9:37:15.995890524,T,IBM,F,100,289.8
2025-10-10,9:37:15.997018164,T,IBM,F I,4,289.85
2025-10-10,9:37:15.997096359,T,IBM,F I,4,289.85
2025-10-10,9:37:15.997183501,T,IBM,F I,4,289.85
2025-10-10,9:37:15.997240646,T,IBM,F I,4,289.85
2025-10-10,9:37:15.997297808,T,IBM,F I,4,289.85
2025-10-10,9:37:15.997351916,T,IBM,F I,4,289.85
2025-10-10,9:37:15.997409056,T,IBM,F I,4,289.85
2025-10-10,9:37:15.997466150,T,IBM,F I,4,289.85
2025-10-10,9:37:15.997523331,T,IBM,F I,4,289.85
2025-10-10,9:37:15.997577469,T,IBM,F I,4,289.85
2025-10-10,9:37:15.997634645,T,IBM,F I,4,289.85
2025-10-10,9:37:16.001083855,T,IBM,I,4,289.85
2025-10-10,9:37:17.005520032,T,IBM,F I,4,289.86
2025-10-10,9:37:17.005559212,T,IBM,F I,2,289.9
2025-10-10,9:37:17.007186271,T,IBM,F I,36,289.96
2025-10-10,9:37:17.007186271,T,IBM,F I,82,289.96
2025-10-10,9:37:17.014379089,T,IBM,F,100,289.96
2025-10-10,9:37:17.014382097,T,IBM,F I,4,289.98
2025-10-10,9:37:17.014535740,T,IBM,F I,51,290.0
2025-10-10,9:37:17.014535740,T,IBM,F I,10,290.0
2025-10-10,9:37:17.014539761,T,IBM,F I,4,290.0
2025-10-10,9:37:17.015007658,T,IBM,F,100,290.0
2025-10-10,9:37:17.045701671,T,IBM,F I,43,290.12
2025-10-10,9:37:17.065121847,T,IBM,F I,7,290.22
2025-10-10,9:37:17.884278008,T,IBM,F I,7,290.25
2025-10-10,9:37:18.155539129,T,IBM,I,10,290.26
2025-10-10,9:37:18.155539129,T,IBM,I,10,290.26
2025-10-10,9:37:18.230026109,T,IBM,I,6,290.26
2025-10-10,9:37:18.306209489,T,IBM,F I,35,290.33
2025-10-10,9:37:32.116899663,T,IBM,I,1,290.4
2025-10-10,9:37:32.746391194,T,IBM,F I,19,290.28
2025-10-10,9:37:32.746403327,T,IBM,F I,13,290.28
2025-10-10,9:37:32.746406876,T,IBM,F I,4,290.27
2025-10-10,9:37:32.746409337,T,IBM,F I,15,290.27
2025-10-10,9:37:32.746427273,T,IBM,F I,5,290.27
2025-10-10,9:37:32.746526705,T,IBM,F I,5,290.27
2025-10-10,9:37:32.746710443,T,IBM,F I,3,290.25
2025-10-10,9:37:32.746710443,T,IBM,F I,2,290.25
2025-10-10,9:37:32.746734055,T,IBM,F I,9,290.24
2025-10-10,9:37:32.746908554,T,IBM,F I,15,290.23
2025-10-10,9:37:32.757556786,T,IBM,F,150,290.105
2025-10-10,9:37:32.757589906,T,IBM,F,100,290.105
2025-10-10,9:37:32.758058987,T,IBM,F I,2,290.04
2025-10-10,9:37:32.758062081,T,IBM,F,100,290.03
2025-10-10,9:37:36.695942813,T,IBM,F I,14,289.9
2025-10-10,9:37:36.695948809,T,IBM,F I,6,289.89
2025-10-10,9:37:36.695960743,T,IBM,F I,14,289.89
2025-10-10,9:37:56.381006936,T,IBM,F,100,289.855
2025-10-10,9:37:57.063671063,T,IBM,F,100,289.855
2025-10-10,9:38:00.802583169,T,IBM,F I,60,289.8
2025-10-10,9:38:00.802721820,T,IBM,F I,7,289.75
2025-10-10,9:38:00.802721820,T,IBM,F I,1,289.73
2025-10-10,9:38:07.596991282,T,IBM,F I,1,289.65
2025-10-10,9:38:07.596991282,T,IBM,F I,1,289.65
2025-10-10,9:38:07.596997233,T,IBM,F I,1,289.65
2025-10-10,9:38:07.597003322,T,IBM,F I,1,289.65
2025-10-10,9:38:07.597033379,T,IBM,F I,1,289.65
2025-10-10,9:38:07.597054400,T,IBM,F I,95,289.65
2025-10-10,9:38:07.597054400,T,IBM,F I,1,289.64
2025-10-10,9:38:07.597445361,T,IBM,I,26,289.71
2025-10-10,9:38:07.597445361,T,IBM,I,36,289.71
2025-10-10,9:38:07.597466438,T,IBM,I,1,289.71
2025-10-10,9:38:07.597538609,T,IBM,F I,26,289.64
2025-10-10,9:38:07.597538609,T,IBM,F I,11,289.64
2025-10-10,9:38:07.597559649,T,IBM,I,1,289.64
2025-10-10,9:38:09.867155703,T,IBM,F,100,289.59
2025-10-10,9:38:09.934302774,T,IBM,I,10,289.6
2025-10-10,9:38:09.934302774,T,IBM,I,10,289.62
2025-10-10,9:38:09.934305550,T,IBM,I,80,289.64
2025-10-10,9:38:24.234765789,T,IBM,F I,4,289.64
2025-10-10,9:38:24.234868004,T,IBM,F I,4,289.66
2025-10-10,9:38:24.234928156,T,IBM,F I,4,289.71
2025-10-10,9:38:25.886186190,T,IBM,F I,10,289.64
2025-10-10,9:38:40.106054367,T,IBM,I,10,289.68
2025-10-10,9:38:40.106057450,T,IBM,I,4,289.7
2025-10-10,9:38:48.309427739,T,IBM,I,1,289.68
2025-10-10,9:39:02.230784542,T,IBM,F I,10,289.62
2025-10-10,9:39:09.169073127,T,IBM,I,2,289.68
2025-10-10,9:39:19.875166594,T,IBM,F I,14,289.74
2025-10-10,9:39:19.875217844,T,IBM,F I,1,289.74
2025-10-10,9:39:19.875217844,T,IBM,F I,10,289.78
2025-10-10,9:39:19.875223820,T,IBM,F I,75,289.8
2025-10-10,9:39:19.875548454,T,IBM,F I,8,289.84
2025-10-10,9:39:19.887595147,T,IBM,F,100,289.89
2025-10-10,9:39:25.659990232,T,IBM,F,100,289.93
2025-10-10,9:39:25.660032184,T,IBM,F I,10,289.9
2025-10-10,9:39:25.660035803,T,IBM,F I,10,289.9
2025-10-10,9:39:25.660038175,T,IBM,F,100,289.87
2025-10-10,9:39:25.660062349,T,IBM,F I,38,289.84
2025-10-10,9:39:25.660329969,T,IBM,F I,8,289.84
2025-10-10,9:39:25.660480295,T,IBM,,392,289.85
2025-10-10,9:39:25.660501320,T,IBM,I,1,289.85
2025-10-10,9:39:25.660702829,T,IBM,F I,1,289.79
2025-10-10,9:39:25.660871266,T,IBM,I,28,289.77
2025-10-10,9:39:26.778824859,T,IBM,F I,2,289.7
2025-10-10,9:39:26.778824859,T,IBM,F I,9,289.7
2025-10-10,9:39:49.102255425,T,IBM,F,100,289.63
2025-10-10,9:39:50.068654287,T,IBM,I,10,289.7
2025-10-10,9:39:50.068654287,T,IBM,I,10,289.7
2025-10-10,9:39:55.494092050,T,IBM,F I,3,289.7
2025-10-10,9:40:02.415059226,T,IBM,F I,5,289.58
2025-10-10,9:40:02.416189978,T,IBM,F I,5,289.47
2025-10-10,9:40:02.416214042,T,IBM,F I,3,289.46
2025-10-10,9:40:02.419236172,T,IBM,F I,18,289.4
2025-10-10,9:40:02.634747238,T,IBM,I,45,289.455
2025-10-10,9:40:07.549572504,T,IBM,F,100,289.33
2025-10-10,9:40:22.189107765,T,IBM,F,100,289.44
2025-10-10,9:40:22.189110790,T,IBM,F I,5,289.46
2025-10-10,9:40:22.198126260,T,IBM,F I,1,289.37
2025-10-10,9:40:22.198222416,T,IBM,I,5,289.37
2025-10-10,9:40:22.199112517,T,IBM,F I,31,289.37
2025-10-10,9:40:22.199133618,T,IBM,I,1,289.37
2025-10-10,9:40:22.199136634,T,IBM,I,2,289.37
2025-10-10,9:40:22.199136634,T,IBM,I,34,289.37
2025-10-10,9:40:22.203358804,T,IBM,I,5,289.42
2025-10-10,9:40:22.203361684,T,IBM,I,38,289.42
2025-10-10,9:40:22.203364658,T,IBM,I,12,289.42
2025-10-10,9:40:22.204221699,T,IBM,I,37,289.46
2025-10-10,9:40:22.204293894,T,IBM,I,1,289.46
2025-10-10,9:40:22.204327026,T,IBM,I,5,289.46
2025-10-10,9:40:22.218208108,T,IBM,I,45,289.5
2025-10-10,9:40:22.218217695,T,IBM,I,17,289.5
2025-10-10,9:40:22.219759706,T,IBM,I,28,289.51
2025-10-10,9:40:22.299723713,T,IBM,I,5,289.44
2025-10-10,9:40:22.299726106,T,IBM,I,38,289.38
2025-10-10,9:40:22.299735072,T,IBM,I,43,289.38
2025-10-10,9:40:22.459839246,T,IBM,I,6,289.41
2025-10-10,9:40:22.464970058,T,IBM,I,37,289.37
2025-10-10,9:40:22.464970058,T,IBM,I,1,289.37
2025-10-10,9:40:22.464972450,T,IBM,I,5,289.37
2025-10-10,9:40:26.533968153,T,IBM,F I,4,289.27
2025-10-10,9:40:26.533971228,T,IBM,F I,2,289.27
2025-10-10,9:40:26.533974893,T,IBM,F I,8,289.27
2025-10-10,9:40:26.533974893,T,IBM,F I,4,289.27
2025-10-10,9:40:26.533992239,T,IBM,F I,96,289.27
2025-10-10,9:40:26.534136577,T,IBM,F I,5,289.27
2025-10-10,9:40:26.534166669,T,IBM,,122,289.27
2025-10-10,9:40:26.534185454,T,IBM,I,1,289.27
2025-10-10,9:40:26.534187680,T,IBM,F,272,289.27
2025-10-10,9:40:26.534404207,T,IBM,,100,289.27
2025-10-10,9:40:26.534786161,T,IBM,F I,12,289.27
2025-10-10,9:41:12.314062433,T,IBM,I,10,289.15
2025-10-10,9:41:12.314456267,T,IBM,F I,1,289.09
2025-10-10,9:41:12.535909651,T,IBM,I,2,289.22
2025-10-10,9:41:19.984864823,T,IBM,I,1,289.09
2025-10-10,9:41:19.984868465,T,IBM,,200,289.09
2025-10-10,9:41:19.984870566,T,IBM,I,1,289.09
2025-10-10,9:41:19.984882579,T,IBM,I,1,289.09
2025-10-10,9:41:19.988473209,T,IBM,I,1,289.145
2025-10-10,9:41:19.988476133,T,IBM,I,6,289.145
2025-10-10,9:41:23.488219621,T,IBM,F I,1,289.09
2025-10-10,9:41:34.865155763,T,IBM,I,12,289.09
2025-10-10,9:41:35.116470036,T,IBM,I,13,289.09
2025-10-10,9:41:35.116472990,T,IBM,,100,289.09
2025-10-10,9:41:43.101649820,T,IBM,I,5,289.02
2025-10-10,9:41:43.101652809,T,IBM,I,3,289.02
2025-10-10,9:41:44.295564043,T,IBM,F I,5,289.08
2025-10-10,9:41:44.295564043,T,IBM,F I,5,289.08
2025-10-10,9:41:44.295648307,T,IBM,F,100,289.11
2025-10-10,9:41:44.295648307,T,IBM,F I,50,289.11
2025-10-10,9:41:44.295973122,T,IBM,F I,20,289.15
2025-10-10,9:41:44.295973122,T,IBM,F I,80,289.16
2025-10-10,9:41:44.295975991,T,IBM,F I,13,289.16
2025-10-10,9:41:44.295985550,T,IBM,F I,7,289.16
2025-10-10,9:41:44.295988386,T,IBM,F I,13,289.18
2025-10-10,9:41:44.295991036,T,IBM,F I,87,289.22
2025-10-10,9:41:44.296126375,T,IBM,F I,13,289.22
2025-10-10,9:41:44.296418003,T,IBM,F,100,289.24
2025-10-10,9:41:44.296664630,T,IBM,I,3,289.21
2025-10-10,9:41:44.296784892,T,IBM,F I,14,289.22
2025-10-10,9:41:44.296815026,T,IBM,I,3,289.2
2025-10-10,9:41:44.296878120,T,IBM,F I,4,289.22
2025-10-10,9:41:44.296932754,T,IBM,I,10,289.18
2025-10-10,9:41:44.296986398,T,IBM,I,7,289.22
2025-10-10,9:41:44.297067635,T,IBM,I,3,289.14
2025-10-10,9:41:44.297100702,T,IBM,F I,5,289.22
2025-10-10,9:41:44.297422467,T,IBM,F I,1,289.2
2025-10-10,9:41:47.069400478,T,IBM,I,1,289.27
2025-10-10,9:42:13.407367130,T,IBM,,100,289.315
2025-10-10,9:42:13.925867499,T,IBM,F,100,289.45
2025-10-10,9:42:13.925987993,T,IBM,F I,14,289.5
2025-10-10,9:42:13.925987993,T,IBM,F I,2,289.5
2025-10-10,9:42:13.926065937,T,IBM,I,6,289.53
2025-10-10,9:42:13.926135074,T,IBM,I,18,289.45
2025-10-10,9:42:13.926706510,T,IBM,I,18,289.5
2025-10-10,9:42:13.926706510,T,IBM,I,5,289.5
2025-10-10,9:42:13.932402277,T,IBM,F I,3,289.5
2025-10-10,9:42:13.932402277,T,IBM,F I,10,289.5
2025-10-10,9:42:14.108540306,T,IBM,F I,6,289.54
2025-10-10,9:42:14.109415428,T,IBM,I,10,289.59
2025-10-10,9:42:14.109481549,T,IBM,I,17,289.56
2025-10-10,9:42:14.109791364,T,IBM,I,25,289.5
2025-10-10,9:42:14.477750301,T,IBM,F I,2,289.58
2025-10-10,9:42:31.449090540,T,IBM,F I,5,289.58
2025-10-10,9:42:31.449090540,T,IBM,F I,8,289.59
2025-10-10,9:42:31.449093777,T,IBM,F I,10,289.59
2025-10-10,9:42:31.449096578,T,IBM,F I,10,289.59
2025-10-10,9:42:31.449114620,T,IBM,F I,5,289.59
2025-10-10,9:42:31.457062879,T,IBM,F I,14,289.67
2025-10-10,9:42:31.462427316,T,IBM,F I,7,289.75
2025-10-10,9:42:31.472627606,T,IBM,I,5,289.76
2025-10-10,9:42:31.472627606,T,IBM,I,5,289.76
2025-10-10,9:42:31.472630617,T,IBM,I,5,289.76
2025-10-10,9:42:31.472633652,T,IBM,I,10,289.72
2025-10-10,9:42:31.612159769,T,IBM,,100,289.69
2025-10-10,9:42:33.269140442,T,IBM,I,9,289.68
2025-10-10,9:42:41.782650889,T,IBM,I,1,289.74
2025-10-10,9:42:41.782650889,T,IBM,I,1,289.74
2025-10-10,9:42:53.830059932,T,IBM,I,1,289.68
2025-10-10,9:43:11.653583924,T,IBM,I,1,289.63
2025-10-10,9:43:13.682246374,T,IBM,F I,1,289.58
2025-10-10,9:43:17.167618797,T,IBM,I,2,289.615
2025-10-10,9:43:23.224845886,T,IBM,I,4,289.61
2025-10-10,9:43:39.085143483,T,IBM,I,4,289.45
2025-10-10,9:43:41.727554754,T,IBM,I,1,289.365
2025-10-10,9:44:13.126450114,T,IBM,I,1,289.26
2025-10-10,9:44:13.126471124,T,IBM,F I,19,289.26
2025-10-10,9:44:13.126471124,T,IBM,F I,4,289.26
2025-10-10,9:44:45.590225364,T,IBM,I,10,289.35
2025-10-10,9:44:45.590228295,T,IBM,I,50,289.35
2025-10-10,9:45:00.469058456,T,IBM,F I,5,289.51
2025-10-10,9:45:00.470243194,T,IBM,I,6,289.52
2025-10-10,9:45:00.470306352,T,IBM,F I,1,289.52
2025-10-10,9:45:08.819917927,T,IBM,I,6,289.54
2025-10-10,9:45:08.819969033,T,IBM,F I,6,289.54
2025-10-10,9:45:08.819990083,T,IBM,F I,6,289.54
2025-10-10,9:45:08.820011070,T,IBM,I,6,289.54
2025-10-10,9:45:08.820155483,T,IBM,F I,6,289.54
2025-10-10,9:45:08.820182549,T,IBM,F I,70,289.54
2025-10-10,9:45:08.820185587,T,IBM,F I,6,289.55
2025-10-10,9:45:08.820287798,T,IBM,I,5,289.58
2025-10-10,9:45:08.822326663,T,IBM,F,100,289.6
2025-10-10,9:45:08.823207676,T,IBM,I,25,289.605
2025-10-10,9:45:08.831305944,T,IBM,F I,56,289.71
2025-10-10,9:45:08.831305944,T,IBM,F,100,289.74
2025-10-10,9:45:08.831309066,T,IBM,F I,44,289.74
2025-10-10,9:45:08.831327033,T,IBM,I,1,289.74
2025-10-10,9:45:08.831333123,T,IBM,I,55,289.74
2025-10-10,9:45:08.831333123,T,IBM,I,1,289.74
2025-10-10,9:45:08.831393253,T,IBM,F I,7,289.75
2025-10-10,9:45:10.523614730,T,IBM,F I,2,289.72
2025-10-10,9:45:10.523698992,T,IBM,F I,2,289.7
2025-10-10,9:45:10.635947240,T,IBM,F I,5,289.69
2025-10-10,9:45:16.553221033,T,IBM,F,100,289.61
2025-10-10,9:45:34.419753618,T,IBM,F,100,289.76
2025-10-10,9:45:36.423324404,T,IBM,I,2,289.86
2025-10-10,9:45:36.424353158,T,IBM,I,10,289.91
2025-10-10,9:45:36.424395785,T,IBM,F I,76,289.91
2025-10-10,9:45:36.424395785,T,IBM,F I,20,289.91
2025-10-10,9:45:36.424397980,T,IBM,F I,56,289.92
2025-10-10,9:45:36.424425007,T,IBM,F I,44,289.92
2025-10-10,9:45:36.424425007,T,IBM,F I,1,289.92
2025-10-10,9:45:36.425453462,T,IBM,F I,42,289.91
2025-10-10,9:45:36.425480611,T,IBM,F I,42,289.89
2025-10-10,9:45:36.425483834,T,IBM,F I,58,289.89
2025-10-10,9:45:36.425487114,T,IBM,F I,5,289.88
2025-10-10,9:45:36.425489916,T,IBM,F I,37,289.88
2025-10-10,9:45:36.425615898,T,IBM,F I,20,289.81
2025-10-10,9:45:58.393720826,T,IBM,F,100,289.57
2025-10-10,9:45:58.398649515,T,IBM,I,5,289.74
2025-10-10,9:46:16.396574748,T,IBM,F I,2,289.82
2025-10-10,9:46:16.396574748,T,IBM,F I,38,289.87
2025-10-10,9:46:16.396580096,T,IBM,F I,2,289.87
2025-10-10,9:46:16.396613097,T,IBM,I,5,289.85
2025-10-10,9:46:16.396643232,T,IBM,F,100,289.87
2025-10-10,9:46:16.396661264,T,IBM,I,1,289.87
2025-10-10,9:46:16.396694307,T,IBM,F I,4,289.87
2025-10-10,9:46:16.523307726,T,IBM,F,100,289.85
2025-10-10,9:46:16.801548155,T,IBM,,200,289.75
2025-10-10,9:46:16.801644334,T,IBM,I,18,289.85
2025-10-10,9:46:25.753307085,T,IBM,F,100,289.92
2025-10-10,9:46:25.753310033,T,IBM,F I,6,289.98
2025-10-10,9:46:25.753310033,T,IBM,F I,12,289.98
2025-10-10,9:46:25.753340806,T,IBM,F I,5,289.97
2025-10-10,9:46:25.753370069,T,IBM,F I,24,289.92
2025-10-10,9:46:25.753388368,T,IBM,F I,5,289.92
2025-10-10,9:46:25.753391466,T,IBM,F I,1,289.92
2025-10-10,9:46:25.754016837,T,IBM,F I,13,289.96
2025-10-10,9:46:25.754016837,T,IBM,F I,36,289.96
2025-10-10,9:46:25.754016837,T,IBM,F I,3,289.96
2025-10-10,9:46:33.235013868,T,IBM,F I,2,289.9
2025-10-10,9:46:33.235013868,T,IBM,F I,2,289.92
2025-10-10,9:46:33.235016552,T,IBM,F I,2,289.94
2025-10-10,9:46:33.235016552,T,IBM,F I,44,289.96
2025-10-10,9:46:36.448740406,T,IBM,I,7,289.99
2025-10-10,9:46:36.451512404,T,IBM,,100,289.99
2025-10-10,9:46:37.840741723,T,IBM,I,1,290.01
2025-10-10,9:46:56.485448892,T,IBM,F I,8,289.92
2025-10-10,9:46:56.487665190,T,IBM,I,3,289.92
2025-10-10,9:47:03.571879119,T,IBM,F I,4,289.78
2025-10-10,9:47:03.572612878,T,IBM,F I,1,289.74
2025-10-10,9:47:03.572624885,T,IBM,F I,1,289.7
2025-10-10,9:47:03.572627891,T,IBM,F I,20,289.7
2025-10-10,9:47:03.572630929,T,IBM,F I,13,289.7
2025-10-10,9:47:03.578819685,T,IBM,,100,289.73
2025-10-10,9:47:04.671982085,T,IBM,F I,1,289.49
2025-10-10,9:47:04.671985003,T,IBM,F I,20,289.49
2025-10-10,9:47:05.057846004,T,IBM,I,2,289.48
2025-10-10,9:47:05.057846004,T,IBM,I,2,289.5
2025-10-10,9:47:05.057848618,T,IBM,I,1,289.52
2025-10-10,9:47:40.596272321,T,IBM,F,100,289.45
2025-10-10,9:47:52.971816919,T,IBM,F I,2,289.4
2025-10-10,9:47:52.971816919,T,IBM,F I,3,289.34
2025-10-10,9:47:52.971834944,T,IBM,F I,7,289.34
2025-10-10,9:47:52.971847017,T,IBM,F I,3,289.34
2025-10-10,9:47:52.971856131,T,IBM,F I,3,289.34
2025-10-10,9:47:52.971859072,T,IBM,F I,3,289.34
2025-10-10,9:47:52.971880599,T,IBM,F I,3,289.34
2025-10-10,9:47:52.971880599,T,IBM,F I,3,289.34
2025-10-10,9:47:52.971892166,T,IBM,F I,3,289.34
2025-10-10,9:47:52.971895138,T,IBM,F I,7,289.34
2025-10-10,9:47:52.971910145,T,IBM,F I,3,289.33
2025-10-10,9:47:52.971916248,T,IBM,F I,3,289.29
2025-10-10,9:47:52.971982338,T,IBM,F I,3,289.33
2025-10-10,9:47:52.971982338,T,IBM,F I,1,289.29
2025-10-10,9:47:52.973979835,T,IBM,,100,289.38
2025-10-10,9:47:52.974021185,T,IBM,I,2,289.4
2025-10-10,9:47:52.974024159,T,IBM,I,19,289.42
2025-10-10,9:47:52.974078390,T,IBM,F I,24,289.42
2025-10-10,9:48:15.678440925,T,IBM,F I,1,289.4
2025-10-10,9:48:18.070323125,T,IBM,F,100,289.49
2025-10-10,9:48:18.070389253,T,IBM,I,3,289.545
2025-10-10,9:48:18.097375559,T,IBM,I,10,289.62
2025-10-10,9:48:18.097375559,T,IBM,I,8,289.63
2025-10-10,9:48:18.097673175,T,IBM,I,2,289.63
2025-10-10,9:48:18.098797871,T,IBM,F I,14,289.68
2025-10-10,9:48:18.108935068,T,IBM,F I,37,289.63
2025-10-10,9:48:18.108944201,T,IBM,F I,63,289.63
2025-10-10,9:48:18.108947009,T,IBM,F I,37,289.6
2025-10-10,9:48:18.108947009,T,IBM,F I,2,289.62
2025-10-10,9:48:18.108974064,T,IBM,F I,20,289.55
2025-10-10,9:48:19.059446793,T,IBM,F I,1,289.5
2025-10-10,9:48:37.119938014,T,IBM,I,2,289.44
2025-10-10,9:48:45.050862619,T,IBM,F I,1,289.34
2025-10-10,9:48:45.050880566,T,IBM,F I,1,289.33
2025-10-10,9:48:45.050958797,T,IBM,F I,19,289.34
2025-10-10,9:48:49.054645030,T,IBM,F I,1,289.32
2025-10-10,9:48:49.054723202,T,IBM,F I,1,289.32
2025-10-10,9:48:51.453705360,T,IBM,I,2,289.38
2025-10-10,9:49:05.156883434,T,IBM,I,45,289.37
2025-10-10,9:49:05.156943670,T,IBM,I,45,289.36
2025-10-10,9:49:08.489717689,T,IBM,I,45,289.36
2025-10-10,9:49:08.489741702,T,IBM,F I,55,289.36
2025-10-10,9:49:08.539789791,T,IBM,I,45,289.37
2025-10-10,9:49:08.539813863,T,IBM,F I,55,289.36
2025-10-10,9:49:08.590195840,T,IBM,I,45,289.37
2025-10-10,9:49:08.590216911,T,IBM,F I,55,289.36
2025-10-10,9:49:09.252029406,T,IBM,I,45,289.37
2025-10-10,9:49:09.252089642,T,IBM,I,24,289.36
2025-10-10,9:49:15.768296087,T,IBM,,100,289.355
2025-10-10,9:49:43.968404039,T,IBM,F I,1,289.44
2025-10-10,9:49:43.968404039,T,IBM,F I,34,289.45
2025-10-10,9:49:44.636050360,T,IBM,F I,26,289.47
2025-10-10,9:49:45.103564552,T,IBM,I,6,289.47
2025-10-10,9:49:45.103567269,T,IBM,I,29,289.47
2025-10-10,9:49:45.103811229,T,IBM,F I,35,289.47
2025-10-10,9:49:45.103811229,T,IBM,F I,14,289.47
2025-10-10,9:49:45.103850008,T,IBM,F I,22,289.47
2025-10-10,9:49:45.103874024,T,IBM,F I,35,289.48
2025-10-10,9:49:45.103877066,T,IBM,F I,14,289.49
2025-10-10,9:49:45.108793717,T,IBM,F I,15,289.57
2025-10-10,9:49:45.108983286,T,IBM,F,100,289.51
2025-10-10,9:49:46.563921805,T,IBM,I,1,289.5
2025-10-10,9:49:46.819894247,T,IBM,I,1,289.48
2025-10-10,9:49:48.011520053,T,IBM,F I,12,289.48
2025-10-10,9:49:48.012094386,T,IBM,F I,1,289.47
2025-10-10,9:49:48.012674831,T,IBM,F I,1,289.45
2025-10-10,9:49:48.012674831,T,IBM,F I,1,289.45
2025-10-10,9:49:48.013868544,T,IBM,F,100,289.41
2025-10-10,9:49:48.084038045,T,IBM,I,2,289.4
2025-10-10,9:49:48.084040663,T,IBM,I,31,289.41
2025-10-10,9:50:22.012900461,T,IBM,I,2,289.39
2025-10-10,9:50:22.012933508,T,IBM,F I,2,289.38
2025-10-10,9:50:22.012933508,T,IBM,F I,1,289.38
2025-10-10,9:50:22.012936517,T,IBM,F I,1,289.38
2025-10-10,9:50:22.012999635,T,IBM,F I,8,289.36
2025-10-10,9:50:37.140560440,T,IBM,F I,1,289.39
2025-10-10,9:50:44.033861779,T,IBM,,100,289.405
2025-10-10,9:50:48.785007405,T,IBM,I,1,289.39
2025-10-10,9:50:48.785031409,T,IBM,F I,6,289.39
2025-10-10,9:50:48.785753165,T,IBM,I,12,289.45
2025-10-10,9:50:52.166437256,T,IBM,I,3,289.39
2025-10-10,9:50:52.166461264,T,IBM,F I,1,289.36
2025-10-10,9:50:52.166566532,T,IBM,F I,1,289.36
2025-10-10,9:50:57.111448494,T,IBM,F I,2,289.28
2025-10-10,9:50:57.111448494,T,IBM,F I,1,289.26
2025-10-10,9:50:57.111452023,T,IBM,F I,5,289.26
2025-10-10,9:50:57.111454436,T,IBM,F I,2,289.26
2025-10-10,9:50:57.113941356,T,IBM,F I,1,289.25
2025-10-10,9:50:57.113941356,T,IBM,F I,2,289.25
2025-10-10,9:50:57.114112731,T,IBM,F I,6,289.25
2025-10-10,9:50:59.030978126,T,IBM,F I,2,289.22
2025-10-10,9:50:59.030981071,T,IBM,F I,1,289.22
2025-10-10,9:50:59.030993408,T,IBM,F,100,289.22
2025-10-10,9:50:59.030996729,T,IBM,F I,2,289.21
2025-10-10,9:50:59.030996729,T,IBM,F I,1,289.21
2025-10-10,9:50:59.030999190,T,IBM,F I,1,289.21
2025-10-10,9:50:59.031014378,T,IBM,F I,1,289.2
2025-10-10,9:50:59.031808052,T,IBM,I,37,289.26
2025-10-10,9:51:07.815108713,T,IBM,F,100,289.23
2025-10-10,9:51:19.520967997,T,IBM,F I,1,289.16
2025-10-10,9:51:19.520970999,T,IBM,F I,1,289.16
2025-10-10,9:51:19.520986110,T,IBM,F I,98,289.16
2025-10-10,9:51:19.520986110,T,IBM,F I,1,289.15
2025-10-10,9:51:19.520989101,T,IBM,F,100,289.15
2025-10-10,9:51:19.521067192,T,IBM,F I,7,289.15
2025-10-10,9:51:20.142081554,T,IBM,I,1,289.02
2025-10-10,9:51:20.142084635,T,IBM,I,13,289.01
2025-10-10,9:51:20.142105664,T,IBM,F I,1,289.01
2025-10-10,9:51:20.142698051,T,IBM,F I,2,289.0
2025-10-10,9:51:21.815315984,T,IBM,F I,1,288.95
2025-10-10,9:51:21.815319016,T,IBM,F I,1,288.95
2025-10-10,9:51:21.877209334,T,IBM,I,10,288.86
2025-10-10,9:51:21.877371721,T,IBM,I,6,288.9
2025-10-10,9:51:21.877411232,T,IBM,I,1,288.9
2025-10-10,9:51:21.877423736,T,IBM,F I,99,288.9
2025-10-10,9:51:21.877423736,T,IBM,F I,1,288.9
2025-10-10,9:51:21.877429070,T,IBM,F I,99,288.9
2025-10-10,9:51:21.877431778,T,IBM,F I,90,288.9
2025-10-10,9:51:21.877437819,T,IBM,F,100,288.9
2025-10-10,9:51:21.877443904,T,IBM,I,10,288.9
2025-10-10,9:51:21.877443904,T,IBM,I,90,288.9
2025-10-10,9:51:21.877446871,T,IBM,F I,10,288.9
2025-10-10,9:51:21.877449823,T,IBM,F I,90,288.9
2025-10-10,9:51:21.877458929,T,IBM,F I,4,288.9
2025-10-10,9:51:21.877465442,T,IBM,F I,6,288.9
2025-10-10,9:51:28.856994298,T,IBM,F I,93,288.82
2025-10-10,9:51:28.857017682,T,IBM,F I,5,288.82
2025-10-10,9:51:28.857020654,T,IBM,F,100,288.82
2025-10-10,9:51:28.857020654,T,IBM,F I,1,288.82
2025-10-10,9:51:30.296442276,T,IBM,F I,2,288.76
2025-10-10,9:51:31.802361327,T,IBM,F I,2,288.8
2025-10-10,9:51:31.802361327,T,IBM,F I,2,288.8
2025-10-10,9:51:42.155756659,T,IBM,F,100,288.88
2025-10-10,9:51:43.124016692,T,IBM,F I,1,288.86
2025-10-10,9:51:43.124028708,T,IBM,I,45,288.86
2025-10-10,9:52:08.831541420,T,IBM,F I,2,288.92
2025-10-10,9:52:08.831544429,T,IBM,F I,98,288.94
2025-10-10,9:52:09.321353645,T,IBM,F I,2,288.94
2025-10-10,9:52:09.321356499,T,IBM,F I,20,288.94
2025-10-10,9:52:09.321359481,T,IBM,F I,3,288.95
2025-10-10,9:52:09.321374531,T,IBM,F I,97,288.95
2025-10-10,9:52:09.321699296,T,IBM,I,22,288.91
2025-10-10,9:52:09.321714530,T,IBM,I,22,288.91
2025-10-10,9:52:09.321957858,T,IBM,F I,9,288.89
2025-10-10,9:52:09.321963921,T,IBM,F I,6,288.89
2025-10-10,9:52:09.324757551,T,IBM,I,6,288.83
2025-10-10,9:52:09.324808650,T,IBM,,100,288.83
2025-10-10,9:52:09.324814655,T,IBM,I,22,288.83
2025-10-10,9:52:15.345592088,T,IBM,F I,2,288.73
2025-10-10,9:52:15.346097228,T,IBM,F I,1,288.73
2025-10-10,9:52:15.351449987,T,IBM,,100,288.75
2025-10-10,9:52:15.351855902,T,IBM,F I,12,288.77
2025-10-10,9:52:23.806191601,T,IBM,F I,1,288.84
2025-10-10,9:52:23.806729897,T,IBM,F I,1,288.87
2025-10-10,9:52:24.806207162,T,IBM,F I,5,288.97
2025-10-10,9:52:25.008546896,T,IBM,F I,5,288.97
2025-10-10,9:52:34.814392892,T,IBM,I,3,288.95
2025-10-10,9:53:01.906798745,T,IBM,I,2,288.9
2025-10-10,9:53:01.906801727,T,IBM,I,2,288.87
2025-10-10,9:53:01.906801727,T,IBM,I,4,288.87
2025-10-10,9:53:01.906810943,T,IBM,I,2,288.87
2025-10-10,9:53:01.906810943,T,IBM,I,6,288.87
2025-10-10,9:53:01.906816706,T,IBM,F I,8,288.87
2025-10-10,9:53:01.906876900,T,IBM,F I,2,288.87
2025-10-10,9:53:01.906889437,T,IBM,I,4,288.87
2025-10-10,9:53:01.906891975,T,IBM,I,2,288.87
2025-10-10,9:53:01.906900915,T,IBM,I,6,288.87
2025-10-10,9:53:01.906906982,T,IBM,I,2,288.87
2025-10-10,9:53:01.907021247,T,IBM,F,150,288.87
2025-10-10,9:53:01.912692762,T,IBM,I,45,288.89
2025-10-10,9:53:06.902826387,T,IBM,I,45,288.85
2025-10-10,9:53:06.902886661,T,IBM,I,45,288.85
2025-10-10,9:53:25.159706279,T,IBM,I,5,288.925
2025-10-10,9:53:35.233826790,T,IBM,F I,1,288.85
2025-10-10,9:53:42.073107638,T,IBM,F,100,288.8
2025-10-10,9:54:07.936340472,T,IBM,I,5,288.82
2025-10-10,9:54:24.150138569,T,IBM,F I,10,288.75
2025-10-10,9:54:30.004271130,T,IBM,I,3,288.62
2025-10-10,9:54:30.004313203,T,IBM,I,2,288.61
2025-10-10,9:54:33.559220145,T,IBM,I,1,288.64
2025-10-10,9:54:40.883429403,T,IBM,I,4,288.57
2025-10-10,9:54:48.140513465,T,IBM,F I,8,288.5
2025-10-10,9:54:48.140515813,T,IBM,F I,39,288.5
2025-10-10,9:55:00.881998683,T,IBM,F I,28,288.37
2025-10-10,9:55:00.889137696,T,IBM,I,5,288.16
2025-10-10,9:55:00.889300105,T,IBM,I,5,288.135
2025-10-10,9:55:01.285929285,T,IBM,I,27,288.18
2025-10-10,9:55:01.443931492,T,IBM,F I,2,288.18
2025-10-10,9:55:01.443931492,T,IBM,F I,28,288.19
2025-10-10,9:55:01.510293845,T,IBM,I,2,288.1
2025-10-10,9:55:01.510296515,T,IBM,I,54,288.09
2025-10-10,9:55:01.511006165,T,IBM,,100,288.13
2025-10-10,9:55:03.492994535,T,IBM,I,13,288.2
2025-10-10,9:55:03.492994535,T,IBM,I,16,288.21
2025-10-10,9:55:03.493015604,T,IBM,I,1,288.21
2025-10-10,9:55:03.493021582,T,IBM,F I,10,288.21
2025-10-10,9:55:03.493024589,T,IBM,F I,2,288.21
2025-10-10,9:55:07.290507059,T,IBM,F I,1,288.2
2025-10-10,9:55:32.815373967,T,IBM,F I,2,288.1
2025-10-10,9:55:32.815377049,T,IBM,F I,57,288.09
2025-10-10,9:55:32.815392376,T,IBM,I,1,288.09
2025-10-10,9:55:32.815395077,T,IBM,F I,1,288.09
2025-10-10,9:55:32.815449147,T,IBM,I,4,288.12
2025-10-10,9:55:32.815852842,T,IBM,F,300,288.05
2025-10-10,9:55:32.815861114,T,IBM,F I,5,288.05
2025-10-10,9:55:32.815930342,T,IBM,F I,3,288.01
2025-10-10,9:55:32.815930342,T,IBM,F I,2,288.01
2025-10-10,9:55:32.815963378,T,IBM,F I,5,288.0
2025-10-10,9:55:37.494871412,T,IBM,F I,2,287.9
2025-10-10,9:55:37.494874216,T,IBM,F I,2,287.88
2025-10-10,9:55:37.494874216,T,IBM,F I,6,287.87
2025-10-10,9:55:37.494895143,T,IBM,F I,52,287.87
2025-10-10,9:56:11.196399110,T,IBM,F I,58,287.87
2025-10-10,9:56:11.196401770,T,IBM,F I,7,287.87
2025-10-10,9:56:11.196458866,T,IBM,I,39,287.86
2025-10-10,9:56:13.508212395,T,IBM,F I,5,287.75
2025-10-10,9:56:13.508215349,T,IBM,F I,58,287.75
2025-10-10,9:56:18.733232153,T,IBM,,100,287.64
2025-10-10,9:56:18.733268255,T,IBM,F I,1,287.63
2025-10-10,9:56:18.733325399,T,IBM,I,2,287.7
2025-10-10,9:56:18.733328374,T,IBM,I,30,287.71
2025-10-10,9:56:18.733349414,T,IBM,I,1,287.7
2025-10-10,9:56:20.267286243,T,IBM,F I,8,287.63
2025-10-10,9:56:26.103405804,T,IBM,I,5,287.63
2025-10-10,9:56:26.103423871,T,IBM,F I,17,287.63
2025-10-10,9:56:26.104091453,T,IBM,F I,1,287.6
2025-10-10,9:56:26.110625970,T,IBM,F I,40,287.51
2025-10-10,9:56:26.110842497,T,IBM,I,25,287.54
2025-10-10,9:56:26.110881573,T,IBM,I,6,287.52
2025-10-10,9:56:26.110926733,T,IBM,F I,4,287.52
2025-10-10,9:56:26.111729629,T,IBM,F I,20,287.5
2025-10-10,9:56:26.112060388,T,IBM,F I,20,287.44
2025-10-10,9:56:27.739162024,T,IBM,F I,2,287.48
2025-10-10,9:56:27.739162024,T,IBM,F I,28,287.49
2025-10-10,9:56:28.046616873,T,IBM,I,20,287.49
2025-10-10,9:56:30.105771992,T,IBM,F I,20,287.5
2025-10-10,9:56:30.105789994,T,IBM,F I,5,287.5
2025-10-10,9:56:30.105797329,T,IBM,I,4,287.5
2025-10-10,9:56:30.106319294,T,IBM,,100,287.51
2025-10-10,9:56:30.106322195,T,IBM,I,96,287.5
2025-10-10,9:56:30.106322195,T,IBM,I,1,287.5
2025-10-10,9:56:30.106335379,T,IBM,I,99,287.5
2025-10-10,9:56:30.106335379,T,IBM,I,1,287.5
2025-10-10,9:56:41.846872052,T,IBM,F I,3,287.46
2025-10-10,9:56:47.219293873,T,IBM,F I,1,287.43
2025-10-10,9:56:47.219540421,T,IBM,F I,1,287.43
2025-10-10,9:56:47.219582555,T,IBM,F I,1,287.43
2025-10-10,9:56:47.219618613,T,IBM,F I,1,287.43
2025-10-10,9:56:51.797750349,T,IBM,F I,2,287.5
2025-10-10,9:56:52.399410753,T,IBM,I,1,287.56
2025-10-10,9:56:52.399434763,T,IBM,I,1,287.56
2025-10-10,9:56:52.399461827,T,IBM,F I,3,287.56
2025-10-10,9:56:52.399840800,T,IBM,,100,287.51
2025-10-10,9:56:52.399955018,T,IBM,,100,287.5
2025-10-10,9:56:52.400195774,T,IBM,F I,26,287.49
2025-10-10,9:56:52.400198597,T,IBM,F I,10,287.49
2025-10-10,9:56:52.400198597,T,IBM,F I,1,287.49
2025-10-10,9:56:52.400216618,T,IBM,I,1,287.49
2025-10-10,9:56:52.400261718,T,IBM,I,1,287.49
2025-10-10,9:56:53.834144317,T,IBM,F I,2,287.44
2025-10-10,9:56:53.834144317,T,IBM,F I,42,287.49
2025-10-10,9:56:53.834165837,T,IBM,I,1,287.49
2025-10-10,9:56:53.834169394,T,IBM,F,165,287.49
2025-10-10,9:56:53.834169394,T,IBM,I,1,287.49
2025-10-10,9:56:53.834174338,T,IBM,F,191,287.49
2025-10-10,9:56:53.834174338,T,IBM,F I,7,287.49
2025-10-10,9:56:53.834399836,T,IBM,F,100,287.49
2025-10-10,9:57:08.779763124,T,IBM,F I,1,287.42
2025-10-10,9:57:08.803540681,T,IBM,F,100,287.42
2025-10-10,9:57:09.376127793,T,IBM,I,2,287.38
2025-10-10,9:57:09.376130837,T,IBM,I,2,287.38
2025-10-10,9:57:26.214139624,T,IBM,F I,5,287.6
2025-10-10,9:57:26.214145816,T,IBM,F,100,287.6
2025-10-10,9:57:26.214145816,T,IBM,F I,5,287.61
2025-10-10,9:57:26.214149930,T,IBM,F I,3,287.61
2025-10-10,9:57:26.214149930,T,IBM,F I,92,287.61
2025-10-10,9:57:26.214154737,T,IBM,F I,8,287.61
2025-10-10,9:57:26.214154737,T,IBM,F I,3,287.61
2025-10-10,9:57:26.214154737,T,IBM,F I,21,287.61
2025-10-10,9:57:26.214181702,T,IBM,F I,3,287.63
2025-10-10,9:57:26.214960602,T,IBM,F I,13,287.69
2025-10-10,9:57:26.215234252,T,IBM,I,22,287.62
2025-10-10,9:57:26.215246672,T,IBM,I,22,287.62
2025-10-10,9:57:26.215324450,T,IBM,F I,3,287.57
2025-10-10,9:57:27.513987282,T,IBM,F I,20,287.58
2025-10-10,9:57:27.513990896,T,IBM,F I,39,287.58
2025-10-10,9:57:36.961100262,T,IBM,F I,2,287.58
2025-10-10,9:57:36.961104021,T,IBM,F I,2,287.6
2025-10-10,9:57:36.961104021,T,IBM,F I,2,287.62
2025-10-10,9:57:36.961106121,T,IBM,F I,15,287.67
2025-10-10,9:57:46.461563110,T,IBM,F I,40,287.68
2025-10-10,9:58:10.408832364,T,IBM,I,5,287.695
2025-10-10,9:58:26.722933873,T,IBM,I,2,287.59
2025-10-10,9:58:28.640611094,T,IBM,F,100,287.59
2025-10-10,9:58:35.482489982,T,IBM,F,100,287.59
2025-10-10,9:58:45.380887184,T,IBM,I,1,287.59
2025-10-10,9:58:48.490554135,T,IBM,I,2,287.59
2025-10-10,9:58:56.748603358,T,IBM,I,5,287.6
2025-10-10,9:58:56.748658177,T,IBM,I,2,287.62
2025-10-10,9:58:56.748660490,T,IBM,I,12,287.65
2025-10-10,9:58:56.748681586,T,IBM,I,1,287.65
2025-10-10,9:58:56.748889122,T,IBM,I,12,287.6
2025-10-10,9:58:56.748892093,T,IBM,I,1,287.6
2025-10-10,9:58:56.750690320,T,IBM,,100,287.6
2025-10-10,9:59:03.142878771,T,IBM,I,2,287.59
2025-10-10,9:59:03.696427624,T,IBM,F,100,287.59
2025-10-10,9:59:08.838609147,T,IBM,F I,1,287.54
2025-10-10,9:59:39.280115281,T,IBM,F I,1,287.52
2025-10-10,9:59:39.280120935,T,IBM,F I,1,287.52
2025-10-10,9:59:39.280123707,T,IBM,F I,1,287.52
2025-10-10,9:59:39.280129764,T,IBM,F I,1,287.52
2025-10-10,9:59:39.280138842,T,IBM,F I,97,287.52
2025-10-10,9:59:39.280180938,T,IBM,F I,7,287.52
2025-10-10,9:59:39.280307241,T,IBM,F I,1,287.48
2025-10-10,9:59:39.280310169,T,IBM,F I,1,287.47
2025-10-10,9:59:39.280368045,T,IBM,I,2,287.58
2025-10-10,9:59:39.280370474,T,IBM,I,2,287.58
2025-10-10,9:59:39.280373382,T,IBM,I,2,287.58
2025-10-10,9:59:39.280373382,T,IBM,I,4,287.59
2025-10-10,9:59:39.280499666,T,IBM,F I,1,287.54
2025-10-10,9:59:39.280517734,T,IBM,F I,1,287.54
2025-10-10,9:59:39.280650280,T,IBM,I,4,287.48
2025-10-10,9:59:39.280652983,T,IBM,I,96,287.48
2025-10-10,9:59:39.280655982,T,IBM,I,4,287.47
2025-10-10,9:59:39.281110118,T,IBM,F I,1,287.46
2025-10-10,9:59:39.281299581,T,IBM,F I,1,287.48
2025-10-10,9:59:59.818877440,T,IBM,F I,2,287.3
2025-10-10,9:59:59.818881324,T,IBM,F I,2,287.3
2025-10-10,9:59:59.818881324,T,IBM,F I,1,287.3
2025-10-10,9:59:59.818898584,T,IBM,F I,22,287.29
2025-10-10,9:59:59.819151141,T,IBM,F I,3,287.3
2025-10-10,10:00:00.011119134,T,IBM,,100,287.2
2025-10-10,10:00:00.011182302,T,IBM,F,100,287.2
2025-10-10,10:00:00.011191583,T,IBM,F I,1,287.2
2025-10-10,10:00:00.011564201,T,IBM,F I,8,287.2
2025-10-10,10:00:00.011994260,T,IBM,F I,2,287.2
2025-10-10,10:00:00.013663194,T,IBM,I,2,287.18
2025-10-10,10:00:00.015756120,T,IBM,F I,2,287.12
2025-10-10,10:00:00.015759548,T,IBM,F I,7,287.1
2025-10-10,10:00:00.015759548,T,IBM,F I,2,287.1
2025-10-10,10:00:00.015879479,T,IBM,F I,9,287.16
2025-10-10,10:00:00.016270380,T,IBM,F I,9,287.1
2025-10-10,10:00:00.016273646,T,IBM,F I,2,287.1
2025-10-10,10:00:00.016273646,T,IBM,F I,19,287.1
2025-10-10,10:00:00.016276938,T,IBM,F I,2,287.1
2025-10-10,10:00:00.016279432,T,IBM,F I,2,287.1
2025-10-10,10:00:00.016279432,T,IBM,F I,1,287.08
2025-10-10,10:00:00.032232448,T,IBM,F,100,287.18
2025-10-10,10:00:00.678356604,T,IBM,F I,20,287.33
2025-10-10,10:00:00.679102386,T,IBM,F I,8,287.35
2025-10-10,10:00:00.679138402,T,IBM,I,2,287.3
2025-10-10,10:00:00.679141461,T,IBM,F I,4,287.35
2025-10-10,10:00:00.679204626,T,IBM,F I,9,287.31
2025-10-10,10:00:01.398417712,T,IBM,,100,287.22
2025-10-10,10:00:05.035744884,T,IBM,F I,2,287.05
2025-10-10,10:00:05.036096625,T,IBM,F I,5,287.03
2025-10-10,10:00:05.177376049,T,IBM,F I,2,287.1
2025-10-10,10:00:05.177379051,T,IBM,F I,17,287.15
2025-10-10,10:00:11.820839435,T,IBM,F I,2,287.03
2025-10-10,10:00:12.762925238,T,IBM,F I,2,287.08
2025-10-10,10:00:13.511548442,T,IBM,F I,2,287.12
2025-10-10,10:00:17.816203160,T,IBM,,100,287.165
2025-10-10,10:00:17.816437605,T,IBM,F I,13,287.18
2025-10-10,10:00:17.816440710,T,IBM,F I,13,287.18
2025-10-10,10:00:17.816521995,T,IBM,F I,14,287.18
2025-10-10,10:00:17.816711316,T,IBM,F I,14,287.18
2025-10-10,10:00:17.816915790,T,IBM,I,13,287.18
2025-10-10,10:00:17.817006041,T,IBM,F I,14,287.18
2025-10-10,10:00:18.764582784,T,IBM,I,13,287.19
2025-10-10,10:00:28.150791915,T,IBM,I,5,287.14
2025-10-10,10:00:28.150791915,T,IBM,I,3,287.14
2025-10-10,10:00:28.150996124,T,IBM,F I,3,287.14
2025-10-10,10:00:28.151014281,T,IBM,F I,97,287.14
2025-10-10,10:00:40.494166192,T,IBM,F I,2,287.18
2025-10-10,10:00:40.494166192,T,IBM,F I,2,287.2
2025-10-10,10:00:40.494168522,T,IBM,F I,1,287.22
2025-10-10,10:00:46.215021050,T,IBM,F I,3,287.03
2025-10-10,10:00:46.215021050,T,IBM,F I,4,287.03
2025-10-10,10:00:46.215152995,T,IBM,I,3,287.03
2025-10-10,10:00:46.215718326,T,IBM,I,3,287.0
2025-10-10,10:00:46.215724685,T,IBM,,300,287.0
2025-10-10,10:00:46.215724685,T,IBM,I,3,287.0
2025-10-10,10:00:46.215724685,T,IBM,I,1,287.0
2025-10-10,10:00:46.215727348,T,IBM,I,1,287.0
2025-10-10,10:00:49.599806597,T,IBM,I,15,286.88
2025-10-10,10:00:54.724733040,T,IBM,I,68,287.11
2025-10-10,10:00:54.724844360,T,IBM,I,10,287.12
2025-10-10,10:00:54.724844360,T,IBM,I,50,287.12
2025-10-10,10:00:54.724847723,T,IBM,I,2,287.12
2025-10-10,10:00:54.725352613,T,IBM,I,5,287.12
2025-10-10,10:00:54.725439799,T,IBM,F I,12,287.12
2025-10-10,10:00:54.725644271,T,IBM,F I,15,287.13
2025-10-10,10:00:54.726359960,T,IBM,I,1,287.13
2025-10-10,10:00:54.726838115,T,IBM,,100,287.13
2025-10-10,10:00:54.726880239,T,IBM,I,4,287.13
2025-10-10,10:00:55.301328724,T,IBM,F I,1,287.09
2025-10-10,10:01:03.987606645,T,IBM,F I,2,287.16
2025-10-10,10:01:03.987609456,T,IBM,F I,1,287.16
2025-10-10,10:01:11.419126030,T,IBM,,100,287.07
2025-10-10,10:01:17.881251859,T,IBM,I,15,287.07
2025-10-10,10:01:19.916704430,T,IBM,I,2,286.98
2025-10-10,10:01:19.917008287,T,IBM,I,2,286.95
2025-10-10,10:01:21.500060729,T,IBM,F I,2,286.96
2025-10-10,10:01:21.500064122,T,IBM,F I,5,286.95
2025-10-10,10:01:21.500064122,T,IBM,F I,2,286.95
2025-10-10,10:01:21.500066829,T,IBM,F I,1,286.94
2025-10-10,10:01:21.500114835,T,IBM,I,10,287.03
2025-10-10,10:01:24.633769898,T,IBM,F I,10,286.94
2025-10-10,10:01:24.633772932,T,IBM,F I,2,286.94
2025-10-10,10:01:31.454905298,T,IBM,F I,6,286.88
2025-10-10,10:01:31.454908353,T,IBM,I,6,286.88
2025-10-10,10:01:33.754139870,T,IBM,F I,1,286.82
2025-10-10,10:01:33.754215117,T,IBM,F I,2,286.79
2025-10-10,10:01:47.896910339,T,IBM,I,2,286.92
2025-10-10,10:02:04.210930793,T,IBM,I,5,286.9
2025-10-10,10:02:04.210933675,T,IBM,I,2,286.9
2025-10-10,10:02:04.210936713,T,IBM,I,10,286.9
2025-10-10,10:02:04.211090053,T,IBM,I,90,286.9
2025-10-10,10:02:06.093111469,T,IBM,I,10,286.845
2025-10-10,10:02:09.343152484,T,IBM,F I,2,286.78
2025-10-10,10:02:09.343155525,T,IBM,F I,1,286.77
2025-10-10,10:02:09.343155525,T,IBM,F I,1,286.77
2025-10-10,10:02:09.343158895,T,IBM,F I,1,286.77
2025-10-10,10:02:09.343161534,T,IBM,F I,10,286.77
2025-10-10,10:02:09.343179610,T,IBM,F I,2,286.77
2025-10-10,10:02:09.343227698,T,IBM,F I,3,286.77
2025-10-10,10:02:18.693940113,T,IBM,I,2,286.84
2025-10-10,10:02:18.695443655,T,IBM,F I,5,286.9
2025-10-10,10:02:22.992318867,T,IBM,F I,5,286.86
2025-10-10,10:02:23.771079802,T,IBM,F I,2,286.84
2025-10-10,10:02:24.286134002,T,IBM,F I,1,286.83
2025-10-10,10:02:28.975004418,T,IBM,I,1,286.86
2025-10-10,10:02:34.350339906,T,IBM,F I,1,286.855
2025-10-10,10:02:35.298963227,T,IBM,F I,1,286.8
2025-10-10,10:02:35.299002412,T,IBM,F I,1,286.8
2025-10-10,10:02:35.299254943,T,IBM,F I,11,286.8
2025-10-10,10:02:35.299309134,T,IBM,F I,25,286.8
2025-10-10,10:02:35.299330370,T,IBM,I,63,286.8
2025-10-10,10:02:35.299330370,T,IBM,I,1,286.8
2025-10-10,10:02:35.302117785,T,IBM,I,9,286.84
2025-10-10,10:02:35.302177927,T,IBM,I,9,286.84
2025-10-10,10:02:36.413449489,T,IBM,F I,21,286.81
2025-10-10,10:02:53.938615077,T,IBM,F,100,286.91
2025-10-10,10:02:53.938615077,T,IBM,F I,13,286.91
2025-10-10,10:02:53.938652333,T,IBM,F I,15,286.92
2025-10-10,10:02:53.938654737,T,IBM,F I,5,286.92
2025-10-10,10:02:53.938657134,T,IBM,F I,15,286.92
2025-10-10,10:02:53.938669158,T,IBM,F I,65,286.92
2025-10-10,10:02:53.938711294,T,IBM,F I,15,286.93
2025-10-10,10:02:53.938744404,T,IBM,F I,5,286.94
2025-10-10,10:02:53.941312447,T,IBM,F I,10,286.99
2025-10-10,10:02:53.941862779,T,IBM,F I,9,286.99
2025-10-10,10:02:53.949594236,T,IBM,F I,5,287.05
2025-10-10,10:02:53.949597407,T,IBM,F I,3,287.05
2025-10-10,10:02:53.949597407,T,IBM,F I,2,287.05
2025-10-10,10:02:53.949600146,T,IBM,F I,16,287.05
2025-10-10,10:02:53.950300840,T,IBM,I,3,287.02
2025-10-10,10:02:53.950300840,T,IBM,I,21,287.02
2025-10-10,10:02:53.950364056,T,IBM,,100,287.02
2025-10-10,10:02:53.950382079,T,IBM,I,1,287.02
2025-10-10,10:02:53.950409138,T,IBM,,199,287.02
2025-10-10,10:02:53.950412129,T,IBM,I,1,287.02
2025-10-10,10:02:53.984895226,T,IBM,I,10,287.05
2025-10-10,10:02:53.984928276,T,IBM,F I,3,287.07
2025-10-10,10:02:53.987015228,T,IBM,F I,24,287.1
2025-10-10,10:02:53.988203141,T,IBM,F I,1,287.12
2025-10-10,10:02:53.997377976,T,IBM,I,5,287.08
2025-10-10,10:02:53.997377976,T,IBM,I,2,287.08
2025-10-10,10:02:53.997398969,T,IBM,F I,33,287.07
2025-10-10,10:02:58.232828846,T,IBM,F I,35,287.15
2025-10-10,10:02:58.999576284,T,IBM,I,2,287.15
2025-10-10,10:02:58.999654469,T,IBM,I,8,287.15
2025-10-10,10:02:58.999684497,T,IBM,F I,9,287.16
2025-10-10,10:02:58.999684497,T,IBM,F I,26,287.16
2025-10-10,10:02:59.017995115,T,IBM,F I,2,287.09
2025-10-10,10:02:59.017995115,T,IBM,F I,3,287.09
2025-10-10,10:02:59.017998048,T,IBM,F I,5,287.09
2025-10-10,10:02:59.017998048,T,IBM,F I,5,287.09
2025-10-10,10:02:59.018028196,T,IBM,F I,90,287.09
2025-10-10,10:03:14.830538622,T,IBM,I,2,286.94
2025-10-10,10:03:14.830538622,T,IBM,I,2,286.96
2025-10-10,10:03:14.830541559,T,IBM,I,5,286.96
2025-10-10,10:03:14.830541559,T,IBM,I,8,286.97
2025-10-10,10:03:27.852453555,T,IBM,F I,1,286.9
2025-10-10,10:04:07.228321112,T,IBM,F I,1,286.8
2025-10-10,10:04:09.064874205,T,IBM,F I,1,286.8
2025-10-10,10:04:09.128460551,T,IBM,F I,1,286.8
2025-10-10,10:04:10.263714153,T,IBM,I,3,286.8
2025-10-10,10:04:10.263714153,T,IBM,I,1,286.8
2025-10-10,10:04:16.418869161,T,IBM,F I,1,286.77
2025-10-10,10:04:16.418950352,T,IBM,F I,2,286.77
2025-10-10,10:04:16.420222498,T,IBM,F I,1,286.7
2025-10-10,10:04:16.420303582,T,IBM,F I,1,286.69
2025-10-10,10:04:16.427403517,T,IBM,F I,31,286.56
2025-10-10,10:04:16.428260540,T,IBM,I,8,286.62
2025-10-10,10:04:16.428570251,T,IBM,I,8,286.64
2025-10-10,10:04:16.560199633,T,IBM,F I,22,286.57
2025-10-10,10:04:16.560217668,T,IBM,F I,42,286.57
2025-10-10,10:04:16.560245527,T,IBM,F I,36,286.57
2025-10-10,10:04:16.560253918,T,IBM,F I,22,286.56
2025-10-10,10:04:16.560268850,T,IBM,F I,42,286.54
2025-10-10,10:04:31.050913471,T,IBM,F I,1,286.4
2025-10-10,10:04:31.051048781,T,IBM,F I,1,286.4
2025-10-10,10:04:38.680505659,T,IBM,I,54,286.4
2025-10-10,10:04:42.041309461,T,IBM,F I,23,286.3
2025-10-10,10:04:53.430716149,T,IBM,F,121,286.4
2025-10-10,10:04:53.430800592,T,IBM,I,1,286.49
2025-10-10,10:04:53.430800592,T,IBM,I,2,286.49
2025-10-10,10:04:53.430803875,T,IBM,I,1,286.49
2025-10-10,10:04:53.430806389,T,IBM,I,7,286.49
2025-10-10,10:04:53.431432622,T,IBM,F I,2,286.48
2025-10-10,10:04:53.431432622,T,IBM,F I,5,286.49
2025-10-10,10:04:53.431434858,T,IBM,F I,82,286.5
2025-10-10,10:04:53.431459107,T,IBM,F I,18,286.5
2025-10-10,10:04:53.431461973,T,IBM,F I,5,286.5
2025-10-10,10:04:53.431464984,T,IBM,F I,7,286.5
2025-10-10,10:04:53.431897968,T,IBM,F I,20,286.5
2025-10-10,10:04:58.895141988,T,IBM,I,9,286.53
2025-10-10,10:05:01.499344386,T,IBM,F I,2,286.49
2025-10-10,10:05:02.156922987,T,IBM,F I,12,286.46
2025-10-10,10:05:02.156922987,T,IBM,F I,88,286.46
2025-10-10,10:05:02.156980143,T,IBM,I,13,286.5
2025-10-10,10:05:03.598437512,T,IBM,F I,13,286.46
2025-10-10,10:05:05.589748133,T,IBM,F I,2,286.4
2025-10-10,10:05:05.589748133,T,IBM,F I,12,286.4
2025-10-10,10:05:09.571442835,T,IBM,I,2,286.4
2025-10-10,10:05:09.571776711,T,IBM,I,1,286.4
2025-10-10,10:05:24.990084957,T,IBM,I,45,286.375
2025-10-10,10:05:24.990325047,T,IBM,I,55,286.375
2025-10-10,10:05:28.610237453,T,IBM,I,3,286.4
2025-10-10,10:05:39.891293201,T,IBM,I,1,286.46
2025-10-10,10:05:39.893705012,T,IBM,I,4,286.52
2025-10-10,10:05:42.562669765,T,IBM,I,2,286.44
2025-10-10,10:05:42.562673112,T,IBM,I,1,286.43
2025-10-10,10:05:42.562673112,T,IBM,I,97,286.43
2025-10-10,10:05:42.563403554,T,IBM,F I,3,286.43
2025-10-10,10:05:42.563641021,T,IBM,F I,3,286.4
2025-10-10,10:05:42.689520682,T,IBM,,100,286.4
2025-10-10,10:05:42.716049938,T,IBM,I,45,286.38
2025-10-10,10:05:43.127841141,T,IBM,F I,1,286.33
2025-10-10,10:05:43.127907337,T,IBM,F,100,286.33
2025-10-10,10:06:05.785878278,T,IBM,I,17,286.33
2025-10-10,10:06:06.068704549,T,IBM,I,4,286.335
2025-10-10,10:06:06.827522807,T,IBM,F I,5,286.28
2025-10-10,10:06:06.827522807,T,IBM,F I,1,286.27
2025-10-10,10:06:06.827525222,T,IBM,F I,7,286.27
2025-10-10,10:06:06.827564091,T,IBM,F I,5,286.27
2025-10-10,10:06:06.827585186,T,IBM,F,100,286.27
2025-10-10,10:06:06.828881333,T,IBM,,100,286.27
2025-10-10,10:06:22.412832402,T,IBM,F I,7,286.335
2025-10-10,10:06:22.412844358,T,IBM,F,145,286.335
2025-10-10,10:06:22.412847375,T,IBM,F I,1,286.34
2025-10-10,10:06:22.412859407,T,IBM,F I,17,286.34
2025-10-10,10:06:22.412925652,T,IBM,I,7,286.36
2025-10-10,10:06:27.975886797,T,IBM,F I,40,286.34
2025-10-10,10:06:31.133884725,T,IBM,I,1,286.35
2025-10-10,10:06:34.045406918,T,IBM,F I,8,286.35
2025-10-10,10:06:34.053006016,T,IBM,I,2,286.38
2025-10-10,10:06:34.053009323,T,IBM,I,5,286.38
2025-10-10,10:06:34.053012487,T,IBM,I,2,286.4
2025-10-10,10:06:34.053015727,T,IBM,,100,286.43
2025-10-10,10:06:34.053015727,T,IBM,I,20,286.44
2025-10-10,10:06:34.053021058,T,IBM,I,2,286.44
2025-10-10,10:06:34.053021058,T,IBM,I,38,286.45
2025-10-10,10:06:34.053030087,T,IBM,F I,1,286.45
2025-10-10,10:06:34.053036023,T,IBM,F I,61,286.45
2025-10-10,10:06:34.053039582,T,IBM,F I,10,286.45
2025-10-10,10:06:34.053042438,T,IBM,F I,17,286.45
2025-10-10,10:06:34.053042438,T,IBM,F I,40,286.45
2025-10-10,10:06:34.053045151,T,IBM,F I,2,286.45
2025-10-10,10:06:34.053267653,T,IBM,F,100,286.51
2025-10-10,10:06:34.053511183,T,IBM,I,13,286.46
2025-10-10,10:06:34.058262508,T,IBM,F I,87,286.46
2025-10-10,10:06:34.070360274,T,IBM,F I,5,286.44
2025-10-10,10:06:42.730803425,T,IBM,I,5,286.52
2025-10-10,10:06:42.730806458,T,IBM,I,2,286.52
2025-10-10,10:06:42.730806458,T,IBM,I,35,286.53
2025-10-10,10:06:53.549120651,T,IBM,F I,42,286.56
2025-10-10,10:06:53.549120651,T,IBM,F I,1,286.56
2025-10-10,10:06:53.549147829,T,IBM,F I,5,286.58
2025-10-10,10:06:53.549150623,T,IBM,F I,5,286.58
2025-10-10,10:06:53.549154129,T,IBM,F I,10,286.58
2025-10-10,10:06:53.549154129,T,IBM,F I,10,286.58
2025-10-10,10:06:53.549157049,T,IBM,F I,10,286.58
2025-10-10,10:06:53.549159853,T,IBM,I,10,286.58
2025-10-10,10:06:53.549159853,T,IBM,F I,10,286.58
2025-10-10,10:06:53.549162725,T,IBM,F I,10,286.58
2025-10-10,10:06:53.549174778,T,IBM,F I,7,286.58
2025-10-10,10:06:53.549331120,T,IBM,F I,5,286.61
2025-10-10,10:06:53.549403692,T,IBM,F I,20,286.63
2025-10-10,10:06:53.549407157,T,IBM,F I,19,286.64
2025-10-10,10:06:53.549481550,T,IBM,F I,1,286.58
2025-10-10,10:06:53.550016802,T,IBM,F I,14,286.63
2025-10-10,10:06:53.550173140,T,IBM,I,4,286.67
2025-10-10,10:06:53.550347680,T,IBM,F I,9,286.6
2025-10-10,10:06:53.550347680,T,IBM,F I,2,286.6
2025-10-10,10:06:53.550350499,T,IBM,F I,23,286.6
2025-10-10,10:06:53.577153334,T,IBM,F,100,286.6
2025-10-10,10:06:54.535489765,T,IBM,F,100,286.61
2025-10-10,10:06:54.535495771,T,IBM,F I,5,286.62
2025-10-10,10:06:54.535495771,T,IBM,F I,2,286.62
2025-10-10,10:06:54.535495771,T,IBM,F I,2,286.62
2025-10-10,10:06:54.535523779,T,IBM,F I,9,286.67
2025-10-10,10:06:54.535523779,T,IBM,F I,8,286.67
2025-10-10,10:06:54.535528776,T,IBM,F I,21,286.67
2025-10-10,10:07:06.675011056,T,IBM,,100,286.68
2025-10-10,10:07:16.417926509,T,IBM,F I,2,286.81
2025-10-10,10:07:16.417926509,T,IBM,F I,3,286.81
2025-10-10,10:07:23.937913357,T,IBM,F I,2,286.84
2025-10-10,10:07:23.937964920,T,IBM,F I,2,286.85
2025-10-10,10:08:02.383585430,T,IBM,F I,10,287.13
2025-10-10,10:08:02.383585430,T,IBM,F I,1,287.13
2025-10-10,10:08:02.383609457,T,IBM,F I,1,287.15
2025-10-10,10:08:02.383669572,T,IBM,I,24,287.06
2025-10-10,10:08:02.384075584,T,IBM,I,23,287.06
2025-10-10,10:08:02.384138724,T,IBM,I,12,287.06
2025-10-10,10:08:02.384177869,T,IBM,F I,12,287.06
2025-10-10,10:08:02.384237971,T,IBM,I,23,287.06
2025-10-10,10:08:02.384295048,T,IBM,I,6,287.06
2025-10-10,10:08:02.384295048,T,IBM,I,17,287.05
2025-10-10,10:08:02.384349267,T,IBM,I,6,287.05
2025-10-10,10:08:02.388968473,T,IBM,F I,16,287.09
2025-10-10,10:08:02.388971205,T,IBM,F I,6,287.09
2025-10-10,10:08:26.247616522,T,IBM,F I,1,287.02
2025-10-10,10:08:26.247712709,T,IBM,I,1,287.02
2025-10-10,10:08:36.216666952,T,IBM,I,2,287.0
2025-10-10,10:08:36.216928608,T,IBM,F I,1,286.97
2025-10-10,10:08:38.826898962,T,IBM,F I,10,286.98
2025-10-10,10:08:38.826901910,T,IBM,F I,28,286.97
2025-10-10,10:08:38.827214710,T,IBM,F I,1,286.97
2025-10-10,10:08:38.827320017,T,IBM,F I,1,286.97
2025-10-10,10:08:38.827325971,T,IBM,F I,1,286.97
2025-10-10,10:08:38.827395602,T,IBM,F I,1,286.97
2025-10-10,10:08:38.827398200,T,IBM,F I,1,286.97
2025-10-10,10:08:38.827542583,T,IBM,F I,1,286.94
2025-10-10,10:09:04.012236770,T,IBM,I,45,286.98
2025-10-10,10:09:04.012236770,T,IBM,I,28,286.985
2025-10-10,10:09:05.407101471,T,IBM,I,1,286.94
2025-10-10,10:09:05.407104256,T,IBM,I,1,286.94
2025-10-10,10:09:05.407107207,T,IBM,I,12,286.94
2025-10-10,10:09:05.407119251,T,IBM,F I,15,286.94
2025-10-10,10:09:05.407546285,T,IBM,F I,5,286.94
2025-10-10,10:09:19.424133422,T,IBM,F I,3,286.95
2025-10-10,10:09:19.424133422,T,IBM,F I,5,286.93
2025-10-10,10:09:19.424190504,T,IBM,I,9,286.97
2025-10-10,10:09:19.424518339,T,IBM,F I,3,286.95
2025-10-10,10:09:19.424545397,T,IBM,I,45,286.98
2025-10-10,10:09:19.424575400,T,IBM,F I,2,286.95
2025-10-10,10:09:19.424626491,T,IBM,I,4,286.89
2025-10-10,10:09:19.424626491,T,IBM,I,6,286.89
2025-10-10,10:09:19.802933180,T,IBM,I,9,286.91
2025-10-10,10:09:19.822609101,T,IBM,I,1,286.94
2025-10-10,10:09:20.736722273,T,IBM,I,1,286.96
2025-10-10,10:09:20.747250282,T,IBM,I,1,286.97
2025-10-10,10:09:34.041689328,T,IBM,F I,1,287.0
2025-10-10,10:09:34.045526441,T,IBM,F,100,287.08
2025-10-10,10:09:34.045529465,T,IBM,F I,10,287.08
2025-10-10,10:09:34.045529465,T,IBM,F I,2,287.09
2025-10-10,10:09:34.045559554,T,IBM,F I,1,287.1
2025-10-10,10:09:40.241386499,T,IBM,F I,1,287.19
2025-10-10,10:09:40.241494730,T,IBM,F I,3,287.23
2025-10-10,10:09:41.203157070,T,IBM,F I,10,287.25
2025-10-10,10:09:41.206215373,T,IBM,I,14,287.27
2025-10-10,10:09:41.206660413,T,IBM,I,8,287.27
2025-10-10,10:09:41.206711472,T,IBM,I,2,287.27
2025-10-10,10:09:41.207030262,T,IBM,I,2,287.24
2025-10-10,10:09:41.352089646,T,IBM,F I,11,287.34
2025-10-10,10:09:41.668220388,T,IBM,F,100,287.32
2025-10-10,10:09:41.668220388,T,IBM,F I,5,287.33
2025-10-10,10:09:41.674120267,T,IBM,F I,11,287.35
2025-10-10,10:09:43.152340295,T,IBM,I,1,287.41
2025-10-10,10:09:43.155118901,T,IBM,I,7,287.4
2025-10-10,10:09:43.155152044,T,IBM,I,12,287.4
2025-10-10,10:09:43.155281749,T,IBM,I,6,287.35
2025-10-10,10:09:43.155281749,T,IBM,I,1,287.35
2025-10-10,10:09:43.155570284,T,IBM,I,32,287.4
2025-10-10,10:09:43.155570284,T,IBM,I,2,287.41
2025-10-10,10:09:57.754141778,T,IBM,I,50,287.36
2025-10-10,10:10:04.237860020,T,IBM,I,1,287.36
2025-10-10,10:10:04.237880449,T,IBM,F I,8,287.36
2025-10-10,10:10:04.237880449,T,IBM,F I,1,287.36
2025-10-10,10:10:04.237883140,T,IBM,F I,8,287.36
2025-10-10,10:10:04.237979344,T,IBM,F I,9,287.36
2025-10-10,10:10:06.455362064,T,IBM,I,40,287.36
2025-10-10,10:10:07.421044991,T,IBM,F I,1,287.41
2025-10-10,10:10:10.635183637,T,IBM,F,100,287.34
2025-10-10,10:10:10.635186700,T,IBM,F I,50,287.34
2025-10-10,10:10:10.635337057,T,IBM,I,50,287.34
2025-10-10,10:10:24.350721218,T,IBM,F I,1,287.34
2025-10-10,10:10:32.744174071,T,IBM,F I,1,287.29
2025-10-10,10:10:32.744174071,T,IBM,F I,1,287.29
2025-10-10,10:10:32.744176878,T,IBM,F I,1,287.29
2025-10-10,10:10:32.744183210,T,IBM,F I,1,287.29
2025-10-10,10:10:32.744183210,T,IBM,F I,4,287.29
2025-10-10,10:10:32.744186135,T,IBM,F I,1,287.29
2025-10-10,10:10:32.744188844,T,IBM,F I,91,287.29
2025-10-10,10:10:32.744197839,T,IBM,F I,1,287.27
2025-10-10,10:10:32.744206915,T,IBM,F I,3,287.26
2025-10-10,10:10:32.744766181,T,IBM,F I,1,287.22
2025-10-10,10:10:38.389615447,T,IBM,F,100,287.21
2025-10-10,10:10:42.052855281,T,IBM,F,100,287.23
2025-10-10,10:10:45.151946078,T,IBM,I,10,287.24
2025-10-10,10:10:45.151949111,T,IBM,I,2,287.24
2025-10-10,10:10:45.151949111,T,IBM,I,14,287.245
2025-10-10,10:11:03.173280787,T,IBM,F I,4,287.24
2025-10-10,10:11:06.440916760,T,IBM,I,64,287.24
2025-10-10,10:11:08.003650321,T,IBM,F I,1,287.25
2025-10-10,10:11:08.003653029,T,IBM,F I,3,287.25
2025-10-10,10:11:11.837597125,T,IBM,F I,17,287.21
2025-10-10,10:11:11.837615889,T,IBM,F I,83,287.21
2025-10-10,10:11:11.837618323,T,IBM,F I,5,287.2
2025-10-10,10:11:11.837621182,T,IBM,F I,12,287.2
2025-10-10,10:11:22.931556698,T,IBM,F I,2,287.1
2025-10-10,10:11:22.931893447,T,IBM,F I,82,287.1
2025-10-10,10:11:22.931908773,T,IBM,F I,18,287.1
2025-10-10,10:11:22.931908773,T,IBM,F I,50,287.07
2025-10-10,10:11:22.931911502,T,IBM,F I,14,287.07
2025-10-10,10:11:22.931923604,T,IBM,F I,18,287.07
2025-10-10,10:11:22.932185247,T,IBM,F I,1,287.06
2025-10-10,10:11:23.532561401,T,IBM,F I,1,286.98
2025-10-10,10:11:35.529513750,T,IBM,F I,1,287.05
2025-10-10,10:11:37.115781149,T,IBM,I,20,287.0
2025-10-10,10:11:37.115802199,T,IBM,I,80,287.0
2025-10-10,10:11:37.115808264,T,IBM,F I,50,287.0
2025-10-10,10:11:37.116529919,T,IBM,F I,2,287.0
2025-10-10,10:11:37.124186158,T,IBM,I,10,286.94
2025-10-10,10:11:37.124372627,T,IBM,F I,4,286.85
2025-10-10,10:11:37.125458373,T,IBM,F I,18,286.82
2025-10-10,10:11:37.125461188,T,IBM,F,100,286.82
2025-10-10,10:11:37.125464286,T,IBM,F,150,286.82
2025-10-10,10:11:47.940437465,T,IBM,F I,30,286.69
2025-10-10,10:11:59.246428549,T,IBM,F I,1,286.66
2025-10-10,10:11:59.246611909,T,IBM,F I,1,286.62
2025-10-10,10:12:02.864912883,T,IBM,F,200,286.5
2025-10-10,10:12:02.864912883,T,IBM,F I,12,286.5
2025-10-10,10:12:02.864912883,T,IBM,F I,1,286.5
2025-10-10,10:12:02.865066040,T,IBM,I,19,286.51
2025-10-10,10:12:02.865637480,T,IBM,F I,45,286.51
2025-10-10,10:12:02.874992697,T,IBM,I,45,286.49
2025-10-10,10:12:02.875037852,T,IBM,I,45,286.49
2025-10-10,10:12:02.875079895,T,IBM,I,10,286.49
2025-10-10,10:12:06.523151580,T,IBM,F I,1,286.34
2025-10-10,10:12:08.717090468,T,IBM,I,34,286.31
2025-10-10,10:12:12.091507610,T,IBM,F I,10,286.32
2025-10-10,10:12:12.100989252,T,IBM,I,32,286.4
2025-10-10,10:12:12.607866831,T,IBM,I,7,286.4
2025-10-10,10:12:12.607902942,T,IBM,I,1,286.41
2025-10-10,10:12:12.611261930,T,IBM,I,7,286.4
2025-10-10,10:12:22.831545996,T,IBM,F I,1,286.51
2025-10-10,10:12:22.831551781,T,IBM,F I,34,286.52
2025-10-10,10:12:22.909620388,T,IBM,F I,2,286.56
2025-10-10,10:12:22.912931494,T,IBM,F I,7,286.61
2025-10-10,10:12:22.912931494,T,IBM,F I,5,286.61
2025-10-10,10:12:22.912934157,T,IBM,F I,1,286.61
2025-10-10,10:12:22.913129631,T,IBM,F I,3,286.62
2025-10-10,10:12:24.413650823,T,IBM,F I,4,286.69
2025-10-10,10:12:24.422476796,T,IBM,F I,4,286.65
2025-10-10,10:12:25.011399218,T,IBM,I,1,286.65
2025-10-10,10:12:25.011399218,T,IBM,I,19,286.65
2025-10-10,10:12:25.011401796,T,IBM,I,2,286.65
2025-10-10,10:12:25.576633439,T,IBM,I,4,286.7
2025-10-10,10:12:25.576777697,T,IBM,I,20,286.71
2025-10-10,10:12:25.576783719,T,IBM,,180,286.72
2025-10-10,10:12:25.576801789,T,IBM,I,1,286.72
2025-10-10,10:12:25.576804780,T,IBM,F I,19,286.72
2025-10-10,10:12:37.105031018,T,IBM,F I,1,286.72
2025-10-10,10:12:37.105151275,T,IBM,F I,5,286.71
2025-10-10,10:12:45.840890721,T,IBM,F I,3,286.69
2025-10-10,10:13:07.549041250,T,IBM,F I,5,286.71
2025-10-10,10:13:07.549155524,T,IBM,F I,2,286.69
2025-10-10,10:13:07.549227727,T,IBM,F I,3,286.69
2025-10-10,10:13:13.104770429,T,IBM,F I,2,286.74
2025-10-10,10:13:13.104773450,T,IBM,F I,5,286.74
2025-10-10,10:13:13.104773450,T,IBM,F I,2,286.74
2025-10-10,10:13:17.413057677,T,IBM,I,55,286.79
2025-10-10,10:13:18.772702456,T,IBM,F I,3,286.63
2025-10-10,10:13:46.123910060,T,IBM,I,1,286.66
2025-10-10,10:14:21.761169141,T,IBM,F I,4,286.78
2025-10-10,10:14:21.761202226,T,IBM,F I,5,286.79
2025-10-10,10:14:21.761226270,T,IBM,F I,5,286.8
2025-10-10,10:14:21.761283472,T,IBM,I,2,286.8
2025-10-10,10:14:21.761295554,T,IBM,I,2,286.79
2025-10-10,10:14:21.761310584,T,IBM,F I,5,286.79
2025-10-10,10:14:21.766654232,T,IBM,F I,16,286.8
2025-10-10,10:14:24.993362758,T,IBM,F I,11,286.85
2025-10-10,10:14:24.993389932,T,IBM,F I,89,286.85
2025-10-10,10:14:24.993393043,T,IBM,F I,1,286.86
2025-10-10,10:14:24.993395944,T,IBM,F I,10,286.86
2025-10-10,10:14:24.993395944,T,IBM,F I,5,286.87
2025-10-10,10:14:24.993624386,T,IBM,,100,286.88
2025-10-10,10:14:24.993627444,T,IBM,I,5,286.88
2025-10-10,10:14:24.993675518,T,IBM,,100,286.88
2025-10-10,10:14:24.997690078,T,IBM,F I,9,286.9
2025-10-10,10:14:24.997690078,T,IBM,F I,32,286.9
2025-10-10,10:14:24.997693099,T,IBM,F,100,286.9
2025-10-10,10:14:47.854437238,T,IBM,F I,3,286.79
2025-10-10,10:14:47.854437238,T,IBM,F I,12,286.79
2025-10-10,10:14:47.854440177,T,IBM,F I,1,286.79
2025-10-10,10:14:47.854455217,T,IBM,F I,17,286.79
2025-10-10,10:14:47.854461270,T,IBM,I,83,286.79
2025-10-10,10:14:47.854485293,T,IBM,F I,17,286.79
2025-10-10,10:14:47.854488339,T,IBM,F,100,286.79
2025-10-10,10:14:47.855249112,T,IBM,F I,1,286.79
2025-10-10,10:14:55.266632806,T,IBM,F I,2,286.86
2025-10-10,10:14:56.213719308,T,IBM,I,1,286.9
2025-10-10,10:14:59.271581836,T,IBM,I,2,286.99
2025-10-10,10:14:59.271608980,T,IBM,F I,1,287.0
2025-10-10,10:14:59.272063074,T,IBM,F I,13,287.0
2025-10-10,10:15:27.259323768,T,IBM,I,2,286.96
2025-10-10,10:15:27.259327242,T,IBM,I,2,286.96
2025-10-10,10:15:27.259327242,T,IBM,I,2,286.98
2025-10-10,10:15:27.259329744,T,IBM,I,11,286.98
2025-10-10,10:15:27.259350759,T,IBM,F I,30,286.98
2025-10-10,10:15:36.008499284,T,IBM,I,30,286.95
2025-10-10,10:15:47.715224463,T,IBM,I,2,286.9
2025-10-10,10:16:02.850303024,T,IBM,I,2,286.94
2025-10-10,10:16:02.850306108,T,IBM,I,5,286.94
2025-10-10,10:16:02.850306108,T,IBM,I,30,286.96
2025-10-10,10:16:11.347927251,T,IBM,I,2,286.82
2025-10-10,10:16:11.347929411,T,IBM,I,5,286.82
2025-10-10,10:16:11.347932491,T,IBM,I,2,286.82
2025-10-10,10:16:11.347932491,T,IBM,I,1,286.805
2025-10-10,10:16:11.347956467,T,IBM,F I,20,286.8
2025-10-10,10:16:11.347956467,T,IBM,F I,1,286.8
2025-10-10,10:16:11.348013664,T,IBM,I,9,286.78
2025-10-10,10:16:11.348040731,T,IBM,F I,5,286.77
2025-10-10,10:16:12.121824753,T,IBM,F I,39,286.75
2025-10-10,10:16:12.745906445,T,IBM,F I,1,286.81
2025-10-10,10:16:12.745927954,T,IBM,F I,99,286.81
2025-10-10,10:16:12.745931515,T,IBM,F I,1,286.82
2025-10-10,10:16:12.745937715,T,IBM,F,100,286.83
2025-10-10,10:16:12.745937715,T,IBM,F I,11,286.85
2025-10-10,10:16:12.746110899,T,IBM,F I,1,286.86
2025-10-10,10:16:12.746110899,T,IBM,F I,10,286.86
2025-10-10,10:16:27.227508523,T,IBM,F I,1,286.95
2025-10-10,10:16:27.227541709,T,IBM,F I,7,286.98
2025-10-10,10:16:27.227565696,T,IBM,F I,1,286.99
2025-10-10,10:16:27.227574949,T,IBM,F I,1,287.01
2025-10-10,10:16:27.227613805,T,IBM,F I,1,287.01
2025-10-10,10:16:27.227619865,T,IBM,F I,1,287.01
2025-10-10,10:16:27.227813044,T,IBM,F I,1,287.02
2025-10-10,10:16:27.227813044,T,IBM,F I,12,287.02
2025-10-10,10:16:27.227821335,T,IBM,F I,13,287.02
2025-10-10,10:16:27.228239469,T,IBM,F I,10,287.02
2025-10-10,10:16:27.228287379,T,IBM,I,2,287.02
2025-10-10,10:16:27.228518936,T,IBM,I,2,287.02
2025-10-10,10:16:27.228573161,T,IBM,I,35,286.98
2025-10-10,10:16:27.228585188,T,IBM,I,35,286.98
2025-10-10,10:16:27.228630278,T,IBM,F I,1,286.98
2025-10-10,10:16:27.228741490,T,IBM,F I,18,286.98
2025-10-10,10:16:27.228741490,T,IBM,I,11,286.98
2025-10-10,10:16:42.684780582,T,IBM,I,2,286.92
2025-10-10,10:16:42.684783505,T,IBM,I,5,286.94
2025-10-10,10:16:42.684786510,T,IBM,I,2,286.96
2025-10-10,10:16:42.684801572,T,IBM,I,41,287.0
2025-10-10,10:16:44.318759617,T,IBM,I,2,286.88
2025-10-10,10:16:44.318759617,T,IBM,I,2,286.86
2025-10-10,10:16:44.318762313,T,IBM,I,1,286.86
2025-10-10,10:17:16.445181774,T,IBM,I,2,286.8
2025-10-10,10:17:16.445184872,T,IBM,I,1,286.79
2025-10-10,10:17:16.445206477,T,IBM,F I,1,286.78
2025-10-10,10:17:16.445208932,T,IBM,F I,5,286.77
2025-10-10,10:17:20.540902329,T,IBM,F I,11,286.83
2025-10-10,10:17:20.556560450,T,IBM,I,30,286.79
2025-10-10,10:17:41.993922514,T,IBM,F I,5,286.88
2025-10-10,10:17:41.993925809,T,IBM,F I,2,286.88
2025-10-10,10:17:41.993925809,T,IBM,F I,2,286.88
2025-10-10,10:17:53.821710227,T,IBM,I,2,286.84
2025-10-10,10:17:53.821713833,T,IBM,I,5,286.82
2025-10-10,10:17:53.821713833,T,IBM,I,40,286.82
2025-10-10,10:17:53.821715849,T,IBM,I,53,286.79
2025-10-10,10:17:59.879108491,T,IBM,F I,2,286.86
2025-10-10,10:17:59.879108491,T,IBM,F I,5,286.88
2025-10-10,10:17:59.879114151,T,IBM,F I,2,286.9
2025-10-10,10:17:59.879114151,T,IBM,F I,1,286.9
2025-10-10,10:18:07.076541431,T,IBM,F I,7,286.78
2025-10-10,10:18:07.076547422,T,IBM,F I,7,286.78
2025-10-10,10:18:07.076550380,T,IBM,F I,7,286.78
2025-10-10,10:18:07.076550380,T,IBM,F I,9,286.78
2025-10-10,10:18:07.076553415,T,IBM,F I,91,286.78
2025-10-10,10:18:07.076601522,T,IBM,F I,7,286.76
2025-10-10,10:18:07.076610529,T,IBM,F I,7,286.76
2025-10-10,10:18:07.076622800,T,IBM,F I,7,286.76
2025-10-10,10:18:07.103320192,T,IBM,F I,2,286.76
2025-10-10,10:18:07.103344818,T,IBM,F I,2,286.78
2025-10-10,10:18:07.103344818,T,IBM,F I,2,286.82
2025-10-10,10:18:07.103350369,T,IBM,F,100,286.82
2025-10-10,10:18:27.136423243,T,IBM,F I,1,286.88
2025-10-10,10:18:27.137821957,T,IBM,I,2,286.94
2025-10-10,10:18:27.137825217,T,IBM,I,2,286.96
2025-10-10,10:18:27.137827757,T,IBM,I,5,286.98
2025-10-10,10:18:27.137827757,T,IBM,I,2,286.98
2025-10-10,10:18:27.137830581,T,IBM,I,1,286.99
2025-10-10,10:18:27.137858211,T,IBM,F I,9,286.99
2025-10-10,10:18:27.137858211,T,IBM,F I,2,286.99
2025-10-10,10:18:27.137860608,T,IBM,F I,9,287.0
2025-10-10,10:18:27.137893710,T,IBM,F I,9,287.0
2025-10-10,10:18:27.138699729,T,IBM,F,121,287.0
2025-10-10,10:18:27.138699729,T,IBM,F I,74,287.02
2025-10-10,10:18:27.142816930,T,IBM,F I,45,287.01
2025-10-10,10:18:27.142819501,T,IBM,F I,76,287.01
2025-10-10,10:18:28.437482492,T,IBM,I,1,286.94
2025-10-10,10:18:29.246378221,T,IBM,F I,25,286.93
2025-10-10,10:18:35.640298763,T,IBM,F,100,286.93
2025-10-10,10:18:35.640325727,T,IBM,F I,1,286.92
2025-10-10,10:18:35.640325727,T,IBM,F I,27,286.92
2025-10-10,10:18:41.742566806,T,IBM,I,2,286.94
2025-10-10,10:18:41.742566806,T,IBM,I,15,287.0
2025-10-10,10:19:03.207519387,T,IBM,F I,2,286.95
2025-10-10,10:19:04.264556754,T,IBM,F I,3,287.02
2025-10-10,10:19:04.342481342,T,IBM,I,3,287.02
2025-10-10,10:19:10.151488290,T,IBM,F I,4,287.02
2025-10-10,10:19:10.151491407,T,IBM,F I,32,287.02
2025-10-10,10:19:10.151491407,T,IBM,F I,12,287.02
2025-10-10,10:19:11.149437983,T,IBM,I,2,287.03
2025-10-10,10:19:11.149437983,T,IBM,I,1,287.03
2025-10-10,10:19:11.150355131,T,IBM,F I,10,287.03
2025-10-10,10:19:11.150770154,T,IBM,F I,84,287.04
2025-10-10,10:19:11.150791167,T,IBM,I,1,287.04
2025-10-10,10:19:11.150794205,T,IBM,F I,14,287.04
2025-10-10,10:19:11.316290198,T,IBM,F I,3,286.98
2025-10-10,10:19:42.249183184,T,IBM,F I,20,286.88
2025-10-10,10:19:53.793416796,T,IBM,I,2,286.8
2025-10-10,10:19:53.793419670,T,IBM,I,5,286.8
2025-10-10,10:19:53.793419670,T,IBM,I,1,286.8
2025-10-10,10:20:00.102956245,T,IBM,F I,1,286.72
2025-10-10,10:20:10.033969448,T,IBM,I,45,286.77
2025-10-10,10:20:10.051696590,T,IBM,I,1,286.79
2025-10-10,10:20:14.228598143,T,IBM,F I,1,286.66
2025-10-10,10:20:14.228742484,T,IBM,F I,2,286.65
2025-10-10,10:20:14.228944042,T,IBM,I,1,286.66
2025-10-10,10:20:21.111647988,T,IBM,F I,2,286.65
2025-10-10,10:20:21.111792231,T,IBM,F I,2,286.65
2025-10-10,10:20:21.111801259,T,IBM,F I,2,286.65
2025-10-10,10:20:21.111948658,T,IBM,F I,2,286.65
2025-10-10,10:20:24.198866266,T,IBM,I,92,286.65
2025-10-10,10:20:24.198893375,T,IBM,F I,2,286.64
2025-10-10,10:20:24.199561164,T,IBM,I,10,286.7
2025-10-10,10:20:24.199561164,T,IBM,I,5,286.7
2025-10-10,10:20:24.199564032,T,IBM,I,52,286.71
2025-10-10,10:20:25.540471492,T,IBM,F,100,286.59
2025-10-10,10:20:25.540471492,T,IBM,F I,9,286.59
2025-10-10,10:20:25.540474136,T,IBM,F I,5,286.59
2025-10-10,10:20:25.540492898,T,IBM,I,1,286.59
2025-10-10,10:20:25.540513170,T,IBM,F I,30,286.59
2025-10-10,10:20:25.540531278,T,IBM,,100,286.59
2025-10-10,10:20:25.540555252,T,IBM,F I,5,286.57
2025-10-10,10:20:25.542630254,T,IBM,F I,1,286.6
2025-10-10,10:20:25.561304663,T,IBM,I,45,286.63
2025-10-10,10:20:25.561361826,T,IBM,I,45,286.63
2025-10-10,10:20:25.866492168,T,IBM,I,45,286.63
2025-10-10,10:20:29.536825715,T,IBM,F I,5,286.7
2025-10-10,10:20:33.848120152,T,IBM,I,20,286.8
2025-10-10,10:20:37.223427309,T,IBM,F I,20,286.82
2025-10-10,10:20:37.245000704,T,IBM,F I,15,286.82
2025-10-10,10:20:53.829746556,T,IBM,F I,1,286.75
2025-10-10,10:20:57.898339266,T,IBM,F I,1,286.75
2025-10-10,10:20:58.717546398,T,IBM,I,1,286.81
2025-10-10,10:21:10.095604479,T,IBM,F I,1,286.74
2025-10-10,10:21:10.095607043,T,IBM,F I,4,286.74
2025-10-10,10:21:10.095628122,T,IBM,F I,33,286.74
2025-10-10,10:21:20.162245742,T,IBM,F I,8,286.74
2025-10-10,10:21:22.306413216,T,IBM,I,5,286.76
2025-10-10,10:21:23.642045827,T,IBM,F I,5,286.76
2025-10-10,10:21:23.642054857,T,IBM,F I,33,286.76
2025-10-10,10:21:23.642069848,T,IBM,F I,5,286.76
2025-10-10,10:21:24.100559370,T,IBM,F I,1,286.77
2025-10-10,10:21:24.100559370,T,IBM,F I,4,286.77
2025-10-10,10:21:24.865460220,T,IBM,F I,32,286.83
2025-10-10,10:21:34.871871646,T,IBM,F I,5,286.74
2025-10-10,10:21:34.871871646,T,IBM,F I,10,286.74
2025-10-10,10:21:34.871874544,T,IBM,F I,26,286.73
2025-10-10,10:21:42.865979499,T,IBM,I,2,286.74
2025-10-10,10:21:42.865979499,T,IBM,I,3,286.74
2025-10-10,10:21:48.161760677,T,IBM,I,50,286.69
2025-10-10,10:22:06.294661007,T,IBM,I,1,286.66
2025-10-10,10:22:06.294664021,T,IBM,I,44,286.66
2025-10-10,10:22:06.294760245,T,IBM,I,45,286.66
2025-10-10,10:22:25.645142470,T,IBM,I,4,286.655
2025-10-10,10:22:25.645145186,T,IBM,I,21,286.655
2025-10-10,10:22:42.210783191,T,IBM,F I,10,286.7
2025-10-10,10:22:55.584634743,T,IBM,I,1,286.75
2025-10-10,10:23:39.190449845,T,IBM,I,1,286.68
2025-10-10,10:24:28.055340886,T,IBM,F I,31,286.52
2025-10-10,10:24:29.636877842,T,IBM,I,2,286.62
2025-10-10,10:24:50.528488456,T,IBM,I,2,286.7
2025-10-10,10:24:51.035290995,T,IBM,I,1,286.74
2025-10-10,10:24:51.035290995,T,IBM,I,1,286.74
2025-10-10,10:25:09.026066778,T,IBM,F I,2,286.73
2025-10-10,10:25:09.026304307,T,IBM,F I,2,286.75
2025-10-10,10:25:12.276528801,T,IBM,F I,2,286.77
2025-10-10,10:25:12.277304582,T,IBM,F I,2,286.78
2025-10-10,10:25:14.019974363,T,IBM,I,3,286.7
2025-10-10,10:25:14.019974363,T,IBM,I,27,286.7
2025-10-10,10:25:14.019977186,T,IBM,I,70,286.7
2025-10-10,10:25:14.019992216,T,IBM,F I,30,286.7
2025-10-10,10:25:28.263655912,T,IBM,I,3,286.76
2025-10-10,10:25:28.265824067,T,IBM,I,1,286.76
2025-10-10,10:25:28.266148784,T,IBM,I,1,286.76
2025-10-10,10:25:28.266581796,T,IBM,I,1,286.76
2025-10-10,10:25:28.269528847,T,IBM,I,2,286.77
2025-10-10,10:25:28.270010018,T,IBM,I,25,286.77
2025-10-10,10:25:28.270316749,T,IBM,I,1,286.77
2025-10-10,10:25:29.129076938,T,IBM,I,6,286.66
2025-10-10,10:25:29.129092050,T,IBM,I,2,286.66
2025-10-10,10:25:29.129092050,T,IBM,I,10,286.66
2025-10-10,10:25:29.129095191,T,IBM,I,6,286.64
2025-10-10,10:25:29.129097975,T,IBM,I,61,286.62
2025-10-10,10:25:37.242244100,T,IBM,I,40,286.61
2025-10-10,10:25:50.448970590,T,IBM,F I,45,286.63
2025-10-10,10:25:50.448973524,T,IBM,F I,10,286.66
2025-10-10,10:25:50.448973524,T,IBM,F I,38,286.66
2025-10-10,10:26:25.067963098,T,IBM,F I,10,286.76
2025-10-10,10:26:25.067963098,T,IBM,F I,17,286.77
2025-10-10,10:26:25.067996180,T,IBM,F I,8,286.77
2025-10-10,10:26:27.638789183,T,IBM,F,100,286.74
2025-10-10,10:26:29.344031636,T,IBM,I,8,286.76
2025-10-10,10:26:30.365948287,T,IBM,I,8,286.76
2025-10-10,10:26:30.381056285,T,IBM,I,8,286.76
2025-10-10,10:26:33.806706447,T,IBM,I,8,286.77
2025-10-10,10:26:33.806796584,T,IBM,I,1,286.78
2025-10-10,10:26:33.806820685,T,IBM,F I,1,286.78
2025-10-10,10:26:33.806838925,T,IBM,I,63,286.78
2025-10-10,10:26:33.806841693,T,IBM,I,20,286.78
2025-10-10,10:26:33.807079417,T,IBM,F I,1,286.79
2025-10-10,10:26:33.807208670,T,IBM,I,4,286.78
2025-10-10,10:26:33.807295852,T,IBM,I,17,286.78
2025-10-10,10:26:33.807301833,T,IBM,I,83,286.78
2025-10-10,10:26:33.807349997,T,IBM,I,18,286.79
2025-10-10,10:26:33.807380075,T,IBM,I,81,286.79
2025-10-10,10:26:33.807380075,T,IBM,I,8,286.79
2025-10-10,10:26:33.807674894,T,IBM,F I,18,286.78
2025-10-10,10:26:33.807701796,T,IBM,F I,82,286.78
2025-10-10,10:26:33.807704851,T,IBM,F I,2,286.78
2025-10-10,10:26:33.809936069,T,IBM,F I,1,286.78
2025-10-10,10:26:36.788812647,T,IBM,F,100,286.77
2025-10-10,10:26:59.237879322,T,IBM,I,2,286.81
2025-10-10,10:27:03.615848442,T,IBM,F I,18,286.83
2025-10-10,10:27:03.616116172,T,IBM,F,100,286.84
2025-10-10,10:27:03.616116172,T,IBM,F I,6,286.84
2025-10-10,10:27:03.616119128,T,IBM,F I,2,286.84
2025-10-10,10:27:03.616152221,T,IBM,F I,3,286.85
2025-10-10,10:27:03.616155271,T,IBM,F I,2,286.85
2025-10-10,10:27:04.045796990,T,IBM,I,38,286.9
2025-10-10,10:27:04.045800017,T,IBM,I,35,286.9
2025-10-10,10:27:14.468967889,T,IBM,I,2,286.84
2025-10-10,10:27:14.468970657,T,IBM,I,10,286.88
2025-10-10,10:27:14.468970657,T,IBM,I,5,286.9
2025-10-10,10:27:26.604898623,T,IBM,F I,2,286.86
2025-10-10,10:27:26.604901624,T,IBM,F I,10,286.88
2025-10-10,10:27:26.604904642,T,IBM,F I,21,286.89
2025-10-10,10:27:41.695658190,T,IBM,F I,2,286.71
2025-10-10,10:27:41.695661056,T,IBM,F I,2,286.71
2025-10-10,10:27:41.695661056,T,IBM,F I,28,286.71
2025-10-10,10:27:41.695682005,T,IBM,F I,2,286.7
2025-10-10,10:27:41.695708899,T,IBM,F I,2,286.7
2025-10-10,10:27:41.695757007,T,IBM,I,4,286.75
2025-10-10,10:27:41.695799111,T,IBM,F I,1,286.7
2025-10-10,10:27:41.695808217,T,IBM,F I,35,286.75
2025-10-10,10:27:41.695838202,T,IBM,I,1,286.75
2025-10-10,10:27:42.077561026,T,IBM,F I,1,286.66
2025-10-10,10:27:48.996931888,T,IBM,F I,32,286.52
2025-10-10,10:27:48.996934600,T,IBM,F I,8,286.52
2025-10-10,10:27:48.996937674,T,IBM,F I,2,286.52
2025-10-10,10:27:48.996937674,T,IBM,F I,4,286.52
2025-10-10,10:27:48.996952368,T,IBM,F I,2,286.52
2025-10-10,10:27:48.996958457,T,IBM,F I,2,286.52
2025-10-10,10:27:48.997018504,T,IBM,F I,24,286.52
2025-10-10,10:27:48.997039664,T,IBM,F I,66,286.52
2025-10-10,10:27:48.997042609,T,IBM,F I,42,286.51
2025-10-10,10:27:48.997085340,T,IBM,F I,4,286.5
2025-10-10,10:27:48.997085340,T,IBM,F I,2,286.49
2025-10-10,10:27:48.997085340,T,IBM,F I,2,286.48
2025-10-10,10:27:48.997099762,T,IBM,I,6,286.54
2025-10-10,10:27:51.438314302,T,IBM,F I,1,286.41
2025-10-10,10:28:01.561535911,T,IBM,F I,1,286.4
2025-10-10,10:28:51.423947523,T,IBM,I,3,286.36
2025-10-10,10:28:56.486069430,T,IBM,I,5,286.27
2025-10-10,10:28:56.786192832,T,IBM,F I,1,286.2
2025-10-10,10:28:57.208034115,T,IBM,F I,5,286.2
2025-10-10,10:28:57.208145407,T,IBM,I,12,286.2
2025-10-10,10:28:59.152424240,T,IBM,I,1,286.19
2025-10-10,10:28:59.152462965,T,IBM,F I,9,286.19
2025-10-10,10:29:01.452425593,T,IBM,F I,12,286.21
2025-10-10,10:29:01.452425593,T,IBM,F I,9,286.23
2025-10-10,10:29:01.452467477,T,IBM,F I,12,286.23
2025-10-10,10:29:01.452467477,T,IBM,F I,4,286.23
2025-10-10,10:29:01.452482430,T,IBM,I,12,286.23
2025-10-10,10:29:04.940567205,T,IBM,I,5,286.18
2025-10-10,10:29:14.295976853,T,IBM,I,10,286.16
2025-10-10,10:29:14.296033900,T,IBM,I,10,286.16
2025-10-10,10:29:14.307813013,T,IBM,,100,286.17
2025-10-10,10:29:20.681877135,T,IBM,I,10,286.16
2025-10-10,10:29:21.531694293,T,IBM,I,5,286.16
2025-10-10,10:29:25.553976791,T,IBM,I,10,286.22
2025-10-10,10:29:25.553980693,T,IBM,I,20,286.24
2025-10-10,10:29:25.553980693,T,IBM,I,32,286.24
2025-10-10,10:29:25.553986847,T,IBM,,100,286.24
2025-10-10,10:29:25.553986847,T,IBM,I,9,286.24
2025-10-10,10:29:25.553986847,T,IBM,I,2,286.24
2025-10-10,10:29:25.553988909,T,IBM,I,10,286.24
2025-10-10,10:29:25.554010500,T,IBM,,100,286.25
2025-10-10,10:29:25.554013253,T,IBM,I,2,286.25
2025-10-10,10:29:25.554015932,T,IBM,I,19,286.25
2025-10-10,10:29:25.564670303,T,IBM,F I,9,286.34
2025-10-10,10:29:25.564712534,T,IBM,F I,9,286.35
2025-10-10,10:29:25.565127386,T,IBM,F I,15,286.33
2025-10-10,10:29:43.666053048,T,IBM,I,4,286.26
2025-10-10,10:30:10.261336868,T,IBM,I,36,286.41
2025-10-10,10:30:10.261336868,T,IBM,I,22,286.41
2025-10-10,10:30:10.281974951,T,IBM,I,5,286.4
2025-10-10,10:30:11.748806960,T,IBM,I,1,286.34
2025-10-10,10:30:14.260286926,T,IBM,I,1,286.37
2025-10-10,10:30:14.799365231,T,IBM,F I,1,286.3
2025-10-10,10:30:14.799368211,T,IBM,F I,1,286.3
2025-10-10,10:30:14.799377324,T,IBM,F I,99,286.3
2025-10-10,10:30:30.362883211,T,IBM,,100,286.28
2025-10-10,10:30:30.373204328,T,IBM,F,100,286.12
2025-10-10,10:30:30.373211461,T,IBM,F I,7,286.11
2025-10-10,10:30:30.373211461,T,IBM,F I,6,286.11
2025-10-10,10:30:30.373217457,T,IBM,F I,10,286.08
2025-10-10,10:30:30.373222512,T,IBM,F I,45,286.08
2025-10-10,10:30:30.373222512,T,IBM,F I,7,286.06
2025-10-10,10:30:30.373234746,T,IBM,F I,6,286.03
2025-10-10,10:30:30.373234746,T,IBM,F,100,286.02
2025-10-10,10:30:30.373242936,T,IBM,F I,8,286.01
2025-10-10,10:30:30.373242936,T,IBM,F I,67,286.01
2025-10-10,10:30:30.373247286,T,IBM,F I,10,286.01
2025-10-10,10:30:30.373247286,T,IBM,F,100,286.01
2025-10-10,10:30:30.373252563,T,IBM,F I,1,286.0
2025-10-10,10:30:30.373255131,T,IBM,F I,3,286.0
2025-10-10,10:30:30.373257842,T,IBM,F I,20,286.0
2025-10-10,10:30:30.373257842,T,IBM,F I,18,286.0
2025-10-10,10:30:30.373267687,T,IBM,F I,25,286.0
2025-10-10,10:30:30.373276185,T,IBM,F I,32,286.0
2025-10-10,10:30:30.373285275,T,IBM,F I,83,286.0
2025-10-10,10:30:30.373318369,T,IBM,I,45,286.05
2025-10-10,10:30:30.373329977,T,IBM,F I,55,286.05
2025-10-10,10:30:30.373333326,T,IBM,F I,95,286.14
2025-10-10,10:30:30.373432336,T,IBM,F I,5,286.2
2025-10-10,10:30:30.373486434,T,IBM,F I,20,286.2
2025-10-10,10:30:30.373531477,T,IBM,F I,3,286.13
2025-10-10,10:30:30.373531477,T,IBM,F I,4,286.14
2025-10-10,10:30:30.373543553,T,IBM,F I,3,286.14
2025-10-10,10:30:30.373612709,T,IBM,F I,3,286.14
2025-10-10,10:30:30.373624710,T,IBM,F I,25,286.2
2025-10-10,10:30:30.373645788,T,IBM,F I,5,286.18
2025-10-10,10:30:30.373660776,T,IBM,F I,8,286.18
2025-10-10,10:30:30.373711937,T,IBM,F I,5,286.2
2025-10-10,10:30:30.373711937,T,IBM,F I,5,286.22
2025-10-10,10:30:30.373711937,T,IBM,F I,15,286.22
2025-10-10,10:30:30.373727136,T,IBM,F I,5,286.22
2025-10-10,10:30:30.373826257,T,IBM,F I,25,286.17
2025-10-10,10:30:30.373856261,T,IBM,F I,8,286.12
2025-10-10,10:30:30.373979615,T,IBM,I,21,286.14
2025-10-10,10:30:30.373983591,T,IBM,I,1,286.14
2025-10-10,10:30:30.373983591,T,IBM,I,1,286.14
2025-10-10,10:30:30.373988961,T,IBM,I,7,286.14
2025-10-10,10:30:30.373991679,T,IBM,I,40,286.14
2025-10-10,10:30:30.374003805,T,IBM,I,1,286.14
2025-10-10,10:30:30.374093840,T,IBM,F I,5,286.2
2025-10-10,10:30:30.374193047,T,IBM,F I,1,286.11
2025-10-10,10:30:30.374208146,T,IBM,F I,1,286.11
2025-10-10,10:30:30.374277254,T,IBM,F I,20,286.21
2025-10-10,10:30:30.374340424,T,IBM,F I,4,286.22
2025-10-10,10:30:30.374340424,T,IBM,F I,19,286.22
2025-10-10,10:30:30.374806492,T,IBM,F I,1,286.22
2025-10-10,10:30:30.374986970,T,IBM,F I,1,286.22
2025-10-10,10:30:30.380841919,T,IBM,I,5,286.18
2025-10-10,10:30:30.382480825,T,IBM,I,45,286.17
2025-10-10,10:30:30.389349153,T,IBM,,100,286.04
2025-10-10,10:30:30.392287209,T,IBM,F I,2,286.03
2025-10-10,10:30:30.392290225,T,IBM,F I,1,285.99
2025-10-10,10:30:30.392290225,T,IBM,F I,20,285.99
2025-10-10,10:30:30.392296277,T,IBM,F I,1,285.99
2025-10-10,10:30:30.392296277,T,IBM,F I,1,285.97
2025-10-10,10:30:30.392299255,T,IBM,F I,20,285.97
2025-10-10,10:30:30.392299255,T,IBM,F I,8,285.96
2025-10-10,10:30:30.392302873,T,IBM,F I,20,285.96
2025-10-10,10:30:30.392302873,T,IBM,F I,1,285.96
2025-10-10,10:30:30.392305253,T,IBM,F I,1,285.96
2025-10-10,10:30:30.392308676,T,IBM,F I,10,285.95
2025-10-10,10:30:30.392308676,T,IBM,F I,20,285.95
2025-10-10,10:30:30.392314277,T,IBM,F,200,285.93
2025-10-10,10:30:30.392314277,T,IBM,F,100,285.92
2025-10-10,10:30:30.392318440,T,IBM,F I,6,285.91
2025-10-10,10:30:30.393150225,T,IBM,F I,1,285.92
2025-10-10,10:30:30.393180338,T,IBM,F I,1,285.92
2025-10-10,10:30:30.407728905,T,IBM,I,98,285.93
2025-10-10,10:30:30.407731946,T,IBM,I,2,285.92
2025-10-10,10:30:30.414055949,T,IBM,F I,98,285.92
2025-10-10,10:30:30.414059043,T,IBM,F,100,285.91
2025-10-10,10:30:30.414062155,T,IBM,F I,87,285.91
2025-10-10,10:30:30.414062155,T,IBM,F,100,285.91
2025-10-10,10:30:30.414065007,T,IBM,F,100,285.91
2025-10-10,10:30:30.414119106,T,IBM,F,100,285.91
2025-10-10,10:30:30.419778625,T,IBM,F,100,285.78
2025-10-10,10:30:30.419823759,T,IBM,F,100,285.78
2025-10-10,10:30:30.427203270,T,IBM,,100,285.78
2025-10-10,10:30:30.427407817,T,IBM,F I,75,285.78
2025-10-10,10:30:30.432107894,T,IBM,I,1,285.78
2025-10-10,10:30:30.435734579,T,IBM,I,50,285.75
2025-10-10,10:30:35.649638105,T,IBM,F I,5,285.8
2025-10-10,10:30:35.653645633,T,IBM,I,6,285.78
2025-10-10,10:30:35.653690711,T,IBM,F I,1,285.78
2025-10-10,10:30:35.653726711,T,IBM,I,10,285.77
2025-10-10,10:30:35.653726711,T,IBM,I,1,285.77
2025-10-10,10:30:35.674797931,T,IBM,I,5,285.78
2025-10-10,10:30:35.674797931,T,IBM,I,2,285.78
2025-10-10,10:30:42.133922692,T,IBM,I,82,285.86
2025-10-10,10:30:42.133952742,T,IBM,F,100,285.96
2025-10-10,10:30:42.133952742,T,IBM,F I,3,285.96
2025-10-10,10:30:42.138217226,T,IBM,I,22,285.96
2025-10-10,10:30:42.138217226,T,IBM,I,58,285.96
2025-10-10,10:30:42.155247256,T,IBM,I,5,285.94
2025-10-10,10:30:42.155247256,T,IBM,I,10,285.93
2025-10-10,10:30:42.155249470,T,IBM,I,5,285.93
2025-10-10,10:30:42.155252473,T,IBM,I,5,285.92
2025-10-10,10:30:49.643156485,T,IBM,F I,67,285.88
2025-10-10,10:30:49.643207598,T,IBM,I,17,285.87
2025-10-10,10:30:49.643231629,T,IBM,F I,33,285.87
2025-10-10,10:30:49.643246671,T,IBM,I,10,285.87
2025-10-10,10:30:49.644055639,T,IBM,F I,80,285.87
2025-10-10,10:30:49.686778262,T,IBM,I,5,285.9
2025-10-10,10:31:00.200741223,T,IBM,I,80,285.87
2025-10-10,10:31:00.619009986,T,IBM,I,10,285.83
2025-10-10,10:31:01.119746976,T,IBM,I,10,285.81
2025-10-10,10:31:01.520529130,T,IBM,I,10,285.8
2025-10-10,10:31:02.763174390,T,IBM,I,5,285.78
2025-10-10,10:31:02.763183552,T,IBM,I,2,285.77
2025-10-10,10:31:02.763183552,T,IBM,I,13,285.77
2025-10-10,10:31:03.264380623,T,IBM,I,10,285.8
2025-10-10,10:31:03.465343056,T,IBM,I,5,285.77
2025-10-10,10:31:10.472480264,T,IBM,F I,40,285.8
2025-10-10,10:31:10.728774411,T,IBM,F I,41,285.8
2025-10-10,10:31:10.728792465,T,IBM,I,1,285.8
2025-10-10,10:31:38.071457489,T,IBM,F I,1,285.88
2025-10-10,10:31:38.071460522,T,IBM,F I,8,285.88
2025-10-10,10:31:43.961035431,T,IBM,F I,6,285.92
2025-10-10,10:32:05.228764093,T,IBM,F I,2,285.75
2025-10-10,10:32:05.228779073,T,IBM,F I,2,285.74
2025-10-10,10:32:05.228785146,T,IBM,F,100,285.74
2025-10-10,10:32:07.315001695,T,IBM,I,2,285.74
2025-10-10,10:32:09.159174966,T,IBM,F I,1,285.75
2025-10-10,10:32:09.159358480,T,IBM,F I,1,285.76
2025-10-10,10:32:09.159460613,T,IBM,F I,1,285.76
2025-10-10,10:32:09.159532858,T,IBM,F I,1,285.76
2025-10-10,10:32:09.159601945,T,IBM,F I,1,285.78
2025-10-10,10:32:09.159683162,T,IBM,F I,1,285.78
2025-10-10,10:32:09.159752400,T,IBM,F I,1,285.78
2025-10-10,10:32:09.159839577,T,IBM,F I,1,285.78
2025-10-10,10:32:09.538774720,T,IBM,I,1,285.78
2025-10-10,10:32:09.538885888,T,IBM,I,1,285.78
2025-10-10,10:32:09.538934019,T,IBM,I,1,285.78
2025-10-10,10:32:09.538982103,T,IBM,I,59,285.78
2025-10-10,10:32:09.539000164,T,IBM,I,1,285.78
2025-10-10,10:32:09.539042350,T,IBM,I,1,285.78
2025-10-10,10:32:09.539084373,T,IBM,I,1,285.78
2025-10-10,10:32:09.539129481,T,IBM,I,1,285.78
2025-10-10,10:32:09.539234781,T,IBM,I,1,285.78
2025-10-10,10:32:09.540997002,T,IBM,I,1,285.78
2025-10-10,10:32:09.541036050,T,IBM,I,1,285.78
2025-10-10,10:32:09.541078158,T,IBM,I,1,285.78
2025-10-10,10:32:09.541114352,T,IBM,I,1,285.78
2025-10-10,10:32:09.541150342,T,IBM,I,1,285.78
2025-10-10,10:32:09.541351783,T,IBM,I,17,285.78
2025-10-10,10:32:09.541387924,T,IBM,I,1,285.78
2025-10-10,10:32:09.541427010,T,IBM,I,1,285.78
2025-10-10,10:32:09.555353139,T,IBM,I,1,285.79
2025-10-10,10:32:14.717303773,T,IBM,F I,1,285.77
2025-10-10,10:32:14.717646579,T,IBM,I,1,285.77
2025-10-10,10:32:29.416573231,T,IBM,I,1,285.76
2025-10-10,10:32:29.605726531,T,IBM,I,1,285.76
2025-10-10,10:32:29.606123541,T,IBM,I,1,285.76
2025-10-10,10:32:29.607257193,T,IBM,F I,1,285.76
2025-10-10,10:32:29.607272193,T,IBM,I,1,285.76
2025-10-10,10:32:29.607329616,T,IBM,I,1,285.76
2025-10-10,10:32:34.774061849,T,IBM,F I,7,285.68
2025-10-10,10:32:34.774061849,T,IBM,F I,4,285.68
2025-10-10,10:32:34.774199797,T,IBM,I,34,285.68
2025-10-10,10:32:34.774873477,T,IBM,F I,1,285.65
2025-10-10,10:32:34.775282440,T,IBM,F I,29,285.63
2025-10-10,10:32:35.989052930,T,IBM,I,1,285.7
2025-10-10,10:32:35.989086064,T,IBM,,100,285.71
2025-10-10,10:32:38.871053959,T,IBM,I,11,285.76
2025-10-10,10:32:43.371318514,T,IBM,I,6,285.74
2025-10-10,10:32:52.098662128,T,IBM,I,20,285.71
2025-10-10,10:32:52.342750287,T,IBM,I,20,285.71
2025-10-10,10:32:52.409885064,T,IBM,I,10,285.71
2025-10-10,10:32:55.835821021,T,IBM,I,4,285.73
2025-10-10,10:32:57.993382472,T,IBM,F I,38,285.69
2025-10-10,10:32:57.993415618,T,IBM,F I,2,285.69
2025-10-10,10:32:57.994474033,T,IBM,I,8,285.72
2025-10-10,10:32:57.994474033,T,IBM,I,1,285.72
2025-10-10,10:32:57.994760312,T,IBM,F I,8,285.69
2025-10-10,10:32:57.994760312,T,IBM,F I,8,285.69
2025-10-10,10:32:57.994762736,T,IBM,F I,8,285.69
2025-10-10,10:32:57.995096508,T,IBM,I,3,285.72
2025-10-10,10:32:58.015202334,T,IBM,I,3,285.72
2025-10-10,10:32:58.015262461,T,IBM,I,3,285.72
2025-10-10,10:32:58.156048684,T,IBM,I,6,285.73
2025-10-10,10:33:00.093798662,T,IBM,I,1,285.7
2025-10-10,10:33:01.479506670,T,IBM,F I,22,285.62
2025-10-10,10:33:01.479787006,T,IBM,F I,2,285.62
2025-10-10,10:33:01.479789738,T,IBM,F I,7,285.61
2025-10-10,10:33:01.479792366,T,IBM,F I,13,285.61
2025-10-10,10:33:01.479867518,T,IBM,F I,2,285.61
2025-10-10,10:33:01.479942714,T,IBM,I,15,285.63
2025-10-10,10:33:01.479993831,T,IBM,I,15,285.65
2025-10-10,10:33:01.480068914,T,IBM,I,5,285.66
2025-10-10,10:33:01.480108150,T,IBM,I,21,285.64
2025-10-10,10:33:01.480228345,T,IBM,I,2,285.65
2025-10-10,10:33:20.103740739,T,IBM,I,2,285.65
2025-10-10,10:33:20.103794858,T,IBM,I,23,285.65
2025-10-10,10:33:20.103882005,T,IBM,I,1,285.65
2025-10-10,10:33:20.104254949,T,IBM,I,3,285.65
2025-10-10,10:33:20.104477505,T,IBM,F I,4,285.64
2025-10-10,10:33:20.104477505,T,IBM,F I,6,285.64
2025-10-10,10:33:23.139253980,T,IBM,I,45,285.63
2025-10-10,10:33:23.215572702,T,IBM,I,4,285.615
2025-10-10,10:33:23.215644890,T,IBM,F I,8,285.6
2025-10-10,10:33:23.215647894,T,IBM,F I,5,285.59
2025-10-10,10:33:23.981081072,T,IBM,I,3,285.58
2025-10-10,10:33:30.329313715,T,IBM,I,5,285.64
2025-10-10,10:33:30.332579517,T,IBM,F,100,285.66
2025-10-10,10:33:30.332582531,T,IBM,F I,3,285.66
2025-10-10,10:33:30.332633608,T,IBM,I,11,285.67
2025-10-10,10:33:30.934576690,T,IBM,I,10,285.66
2025-10-10,10:33:30.934693871,T,IBM,F I,30,285.66
2025-10-10,10:33:36.369790862,T,IBM,F,100,285.63
2025-10-10,10:33:36.378487586,T,IBM,I,13,285.66
2025-10-10,10:33:43.524104673,T,IBM,F I,25,285.62
2025-10-10,10:34:09.018226394,T,IBM,I,45,285.66
2025-10-10,10:34:10.896347546,T,IBM,I,12,285.73
2025-10-10,10:34:22.702967613,T,IBM,I,20,285.72
2025-10-10,10:34:41.546582931,T,IBM,F I,1,285.66
2025-10-10,10:34:41.546925819,T,IBM,F I,1,285.66
2025-10-10,10:34:41.547665556,T,IBM,I,10,285.66
2025-10-10,10:34:44.189193051,T,IBM,F I,7,285.72
2025-10-10,10:34:44.189472699,T,IBM,F I,2,285.73
2025-10-10,10:34:49.265948406,T,IBM,I,3,285.8
2025-10-10,10:34:49.265950962,T,IBM,I,6,285.8
2025-10-10,10:34:49.265954101,T,IBM,I,9,285.8
2025-10-10,10:34:49.265975036,T,IBM,F I,10,285.8
2025-10-10,10:34:49.316853193,T,IBM,F I,3,285.79
2025-10-10,10:34:49.317171958,T,IBM,F I,2,285.79
2025-10-10,10:35:13.307681079,T,IBM,I,20,285.755
2025-10-10,10:35:17.691099258,T,IBM,I,5,285.76
2025-10-10,10:35:37.338443980,T,IBM,F I,2,285.76
2025-10-10,10:35:37.338504948,T,IBM,I,5,285.78
2025-10-10,10:35:37.338504948,T,IBM,I,10,285.8
2025-10-10,10:35:37.338507062,T,IBM,I,10,285.8
2025-10-10,10:35:37.338510095,T,IBM,I,8,285.82
2025-10-10,10:35:45.229977782,T,IBM,F I,3,285.86
2025-10-10,10:35:49.191936725,T,IBM,F,100,285.89
2025-10-10,10:36:08.867608804,T,IBM,I,10,285.91
2025-10-10,10:36:15.987791171,T,IBM,F I,1,285.91
2025-10-10,10:36:16.924924073,T,IBM,F I,3,285.84
2025-10-10,10:36:16.924942228,T,IBM,F,200,285.84
2025-10-10,10:36:24.615829127,T,IBM,,100,285.86
2025-10-10,10:36:34.676928591,T,IBM,F I,10,285.76
2025-10-10,10:36:34.676928591,T,IBM,F I,2,285.76
2025-10-10,10:36:40.623555220,T,IBM,F I,67,285.73
2025-10-10,10:36:40.623558243,T,IBM,F I,1,285.73
2025-10-10,10:36:44.679277264,T,IBM,F,300,285.66
2025-10-10,10:36:44.679328387,T,IBM,,100,285.68
2025-10-10,10:36:44.679620597,T,IBM,I,28,285.68
2025-10-10,10:36:44.679752495,T,IBM,F I,42,285.64
2025-10-10,10:36:44.679803626,T,IBM,I,37,285.68
2025-10-10,10:36:44.680047097,T,IBM,F I,4,285.68
2025-10-10,10:36:44.680077244,T,IBM,I,37,285.67
2025-10-10,10:36:44.680086248,T,IBM,I,18,285.67
2025-10-10,10:36:50.878354967,T,IBM,F I,15,285.64
2025-10-10,10:36:50.878354967,T,IBM,F I,4,285.64
2025-10-10,10:36:50.878357964,T,IBM,F I,1,285.64
2025-10-10,10:37:00.638732680,T,IBM,I,68,285.67
2025-10-10,10:37:01.610427075,T,IBM,I,3,285.62
2025-10-10,10:37:01.610430047,T,IBM,,280,285.59
2025-10-10,10:37:01.610445075,T,IBM,I,1,285.59
2025-10-10,10:37:01.610454098,T,IBM,F,219,285.59
2025-10-10,10:37:10.806114423,T,IBM,F I,2,285.52
2025-10-10,10:37:10.806193166,T,IBM,I,34,285.57
2025-10-10,10:37:17.162099622,T,IBM,I,5,285.6
2025-10-10,10:37:17.162099622,T,IBM,I,10,285.62
2025-10-10,10:37:17.162105649,T,IBM,I,5,285.62
2025-10-10,10:37:17.162105649,T,IBM,I,15,285.63
2025-10-10,10:37:34.899230923,T,IBM,F I,1,285.6
2025-10-10,10:37:34.899233897,T,IBM,F I,55,285.6
2025-10-10,10:37:34.899233897,T,IBM,F I,23,285.6
2025-10-10,10:37:35.855898179,T,IBM,,100,285.56
2025-10-10,10:37:35.855901279,T,IBM,I,20,285.61
2025-10-10,10:37:35.855901279,T,IBM,,590,285.62
2025-10-10,10:37:35.855920424,T,IBM,I,1,285.61
2025-10-10,10:37:35.855920424,T,IBM,F I,44,285.61
2025-10-10,10:37:35.855925683,T,IBM,F,234,285.62
2025-10-10,10:37:35.855925683,T,IBM,F,400,285.62
2025-10-10,10:37:35.855946379,T,IBM,I,76,285.62
2025-10-10,10:37:35.857648378,T,IBM,F,100,285.58
2025-10-10,10:37:35.857648378,T,IBM,F I,5,285.56
2025-10-10,10:37:35.857669426,T,IBM,F I,1,285.55
2025-10-10,10:37:35.857726586,T,IBM,I,64,285.55
2025-10-10,10:37:35.857735601,T,IBM,I,36,285.55
2025-10-10,10:37:35.857735601,T,IBM,I,11,285.55
2025-10-10,10:37:35.857783655,T,IBM,I,12,285.59
2025-10-10,10:37:35.858060348,T,IBM,F I,1,285.55
2025-10-10,10:37:36.149445088,T,IBM,F I,56,285.56
2025-10-10,10:37:40.326824610,T,IBM,I,5,285.62
2025-10-10,10:37:40.326827612,T,IBM,I,10,285.62
2025-10-10,10:37:40.326827612,T,IBM,I,5,285.62
2025-10-10,10:37:44.192942327,T,IBM,F I,4,285.625
2025-10-10,10:37:44.995146955,T,IBM,F I,8,285.75
2025-10-10,10:37:44.995429682,T,IBM,I,9,285.74
2025-10-10,10:37:44.995459791,T,IBM,I,34,285.74
2025-10-10,10:37:49.508931553,T,IBM,I,23,285.82
2025-10-10,10:37:51.916093165,T,IBM,F I,2,285.74
2025-10-10,10:38:02.492523374,T,IBM,,100,285.71
2025-10-10,10:38:02.493383457,T,IBM,F I,7,285.69
2025-10-10,10:38:06.451770113,T,IBM,F I,20,285.66
2025-10-10,10:38:06.451770113,T,IBM,F I,2,285.66
2025-10-10,10:38:06.451790851,T,IBM,I,1,285.66
2025-10-10,10:38:06.452362206,T,IBM,F I,20,285.64
2025-10-10,10:38:06.452924906,T,IBM,F I,80,285.64
2025-10-10,10:38:06.452927567,T,IBM,F I,20,285.63
2025-10-10,10:38:06.453504979,T,IBM,F I,80,285.63
2025-10-10,10:38:06.453504979,T,IBM,F I,20,285.62
2025-10-10,10:38:06.453540994,T,IBM,F I,6,285.61
2025-10-10,10:38:06.453544033,T,IBM,F I,1,285.6
2025-10-10,10:38:06.454092108,T,IBM,F I,1,285.59
2025-10-10,10:38:06.454092108,T,IBM,F I,33,285.59
2025-10-10,10:38:06.454092108,T,IBM,F I,17,285.59
2025-10-10,10:38:06.454094635,T,IBM,F I,15,285.59
2025-10-10,10:38:06.454710854,T,IBM,F I,51,285.59
2025-10-10,10:38:06.454710854,T,IBM,F I,2,285.59
2025-10-10,10:38:06.454716884,T,IBM,F,100,285.59
2025-10-10,10:38:15.876539567,T,IBM,I,20,285.64
2025-10-10,10:38:15.876575671,T,IBM,I,20,285.63
2025-10-10,10:38:15.989001277,T,IBM,F I,7,285.57
2025-10-10,10:38:15.989055404,T,IBM,I,11,285.61
2025-10-10,10:38:23.540473567,T,IBM,F I,7,285.52
2025-10-10,10:38:35.533952329,T,IBM,F I,60,285.51
2025-10-10,10:38:35.533952329,T,IBM,F I,10,285.5
2025-10-10,10:38:36.034235296,T,IBM,I,10,285.47
2025-10-10,10:38:52.188764805,T,IBM,F I,1,285.43
2025-10-10,10:38:52.188764805,T,IBM,F I,4,285.43
2025-10-10,10:38:52.188773764,T,IBM,F,100,285.43
2025-10-10,10:38:52.188906525,T,IBM,F I,11,285.41
2025-10-10,10:38:52.189005152,T,IBM,,100,285.4
2025-10-10,10:38:52.189038318,T,IBM,I,6,285.43
2025-10-10,10:38:52.189098384,T,IBM,I,28,285.43
2025-10-10,10:38:52.189221669,T,IBM,I,1,285.44
2025-10-10,10:38:52.189444223,T,IBM,F I,19,285.44
2025-10-10,10:38:52.190117865,T,IBM,F,100,285.42
2025-10-10,10:38:52.190120821,T,IBM,F I,10,285.42
2025-10-10,10:38:52.190126887,T,IBM,F,100,285.42
2025-10-10,10:38:52.190526836,T,IBM,F I,10,285.4
2025-10-10,10:38:52.190529880,T,IBM,F I,10,285.4
2025-10-10,10:38:52.191059116,T,IBM,I,4,285.42
2025-10-10,10:38:52.191140278,T,IBM,I,4,285.43
2025-10-10,10:38:53.450048342,T,IBM,I,4,285.42
2025-10-10,10:39:04.363111896,T,IBM,I,2,285.39
2025-10-10,10:39:19.072085269,T,IBM,I,5,285.42
2025-10-10,10:39:19.072244609,T,IBM,F I,2,285.39
2025-10-10,10:39:19.072557668,T,IBM,F I,3,285.42
2025-10-10,10:39:19.072557668,T,IBM,I,12,285.42
2025-10-10,10:39:19.072560436,T,IBM,I,18,285.42
2025-10-10,10:39:19.072563352,T,IBM,I,3,285.42
2025-10-10,10:39:40.008851304,T,IBM,F I,10,285.37
2025-10-10,10:39:48.389282884,T,IBM,F I,40,285.43
2025-10-10,10:40:10.240823756,T,IBM,I,10,285.42
2025-10-10,10:40:10.240826844,T,IBM,I,90,285.43
2025-10-10,10:40:10.243274643,T,IBM,I,10,285.445
2025-10-10,10:40:12.992034235,T,IBM,I,6,285.445
2025-10-10,10:40:15.613425808,T,IBM,,100,285.445
2025-10-10,10:40:41.126597378,T,IBM,I,3,285.38
2025-10-10,10:40:45.742165262,T,IBM,F I,1,285.36
2025-10-10,10:40:45.742168876,T,IBM,F,100,285.36
2025-10-10,10:40:45.742168876,T,IBM,F I,37,285.35
2025-10-10,10:40:45.742174244,T,IBM,F I,4,285.34
2025-10-10,10:40:46.319510297,T,IBM,F I,1,285.34
2025-10-10,10:40:46.319512718,T,IBM,F I,77,285.34
2025-10-10,10:40:46.319533784,T,IBM,F I,23,285.34
2025-10-10,10:40:46.319533784,T,IBM,I,1,285.34
2025-10-10,10:40:48.829804810,T,IBM,I,5,285.36
2025-10-10,10:40:48.829804810,T,IBM,I,5,285.37
2025-10-10,10:41:09.031942978,T,IBM,I,3,285.43
2025-10-10,10:41:09.031942978,T,IBM,I,1,285.43
2025-10-10,10:41:31.972586868,T,IBM,F I,4,285.3
2025-10-10,10:41:31.972956661,T,IBM,I,6,285.29
2025-10-10,10:41:31.973013761,T,IBM,I,5,285.32
2025-10-10,10:41:31.973221793,T,IBM,I,13,285.29
2025-10-10,10:41:31.973236332,T,IBM,F I,1,285.3
2025-10-10,10:41:32.302640400,T,IBM,I,42,285.33
2025-10-10,10:41:32.611610902,T,IBM,F I,35,285.3
2025-10-10,10:41:32.611610902,T,IBM,F I,5,285.29
2025-10-10,10:41:32.611613981,T,IBM,F I,4,285.29
2025-10-10,10:41:34.458291997,T,IBM,F I,5,285.25
2025-10-10,10:41:34.458349171,T,IBM,I,15,285.3
2025-10-10,10:41:35.632945398,T,IBM,F I,15,285.25
2025-10-10,10:41:38.031019385,T,IBM,,199,285.22
2025-10-10,10:41:38.031055462,T,IBM,I,9,285.19
2025-10-10,10:41:38.031121525,T,IBM,I,9,285.22
2025-10-10,10:41:41.055830217,T,IBM,F I,2,285.2
2025-10-10,10:41:41.055830217,T,IBM,F I,98,285.2
2025-10-10,10:41:41.297133654,T,IBM,F,100,285.21
2025-10-10,10:41:48.583744117,T,IBM,I,1,285.26
2025-10-10,10:41:50.423298359,T,IBM,F I,4,285.26
2025-10-10,10:41:50.442324617,T,IBM,F I,3,285.26
2025-10-10,10:41:53.001543248,T,IBM,I,4,285.25
2025-10-10,10:42:00.685161708,T,IBM,I,4,285.26
2025-10-10,10:42:00.685185768,T,IBM,I,4,285.26
2025-10-10,10:42:01.643639454,T,IBM,I,4,285.25
2025-10-10,10:42:03.083924135,T,IBM,I,4,285.25
2025-10-10,10:42:07.201984673,T,IBM,F I,1,285.2
2025-10-10,10:42:07.202330426,T,IBM,I,1,285.2
2025-10-10,10:42:07.822412580,T,IBM,I,3,285.24
2025-10-10,10:42:13.106655227,T,IBM,I,4,285.25
2025-10-10,10:42:13.106676305,T,IBM,F I,1,285.25
2025-10-10,10:42:17.211060170,T,IBM,I,22,285.21
2025-10-10,10:42:19.683961208,T,IBM,F I,1,285.18
2025-10-10,10:42:19.684132539,T,IBM,I,21,285.21
2025-10-10,10:42:19.684144618,T,IBM,F I,1,285.18
2025-10-10,10:42:19.684183729,T,IBM,F I,1,285.22
2025-10-10,10:42:19.684382240,T,IBM,F I,1,285.22
2025-10-10,10:42:20.085074041,T,IBM,F I,1,285.25
2025-10-10,10:42:20.085089207,T,IBM,I,1,285.26
2025-10-10,10:42:20.085125164,T,IBM,I,3,285.27
2025-10-10,10:42:20.348558301,T,IBM,I,2,285.26
2025-10-10,10:42:20.479562175,T,IBM,I,14,285.3
2025-10-10,10:42:32.140169589,T,IBM,I,14,285.275
2025-10-10,10:42:33.440874123,T,IBM,F,342,285.34
2025-10-10,10:42:33.440877134,T,IBM,F I,64,285.34
2025-10-10,10:42:33.440883175,T,IBM,F I,94,285.34
2025-10-10,10:42:33.440889188,T,IBM,F I,47,285.35
2025-10-10,10:42:33.440893019,T,IBM,F,100,285.35
2025-10-10,10:42:33.440893019,T,IBM,F I,95,285.35
2025-10-10,10:42:33.440895465,T,IBM,F I,6,285.35
2025-10-10,10:42:33.440898071,T,IBM,F I,94,285.35
2025-10-10,10:42:33.440967695,T,IBM,F I,6,285.36
2025-10-10,10:42:33.440971092,T,IBM,F I,6,285.36
2025-10-10,10:42:33.440973311,T,IBM,F I,1,285.36
2025-10-10,10:42:33.440976293,T,IBM,F I,4,285.36
2025-10-10,10:42:33.441003449,T,IBM,F I,3,285.37
2025-10-10,10:42:33.441475457,T,IBM,F I,35,285.35
2025-10-10,10:42:34.898558203,T,IBM,I,3,285.33
2025-10-10,10:43:18.575919960,T,IBM,,100,285.33
2025-10-10,10:43:19.410244137,T,IBM,F I,9,285.36
2025-10-10,10:43:19.410367406,T,IBM,I,9,285.36
2025-10-10,10:43:19.410373447,T,IBM,I,9,285.36
2025-10-10,10:43:20.012665225,T,IBM,F I,48,285.36
2025-10-10,10:43:20.028907036,T,IBM,F I,8,285.37
2025-10-10,10:43:20.028907036,T,IBM,F I,1,285.37
2025-10-10,10:43:20.507929475,T,IBM,F I,32,285.32
2025-10-10,10:43:20.507929475,T,IBM,F I,1,285.32
2025-10-10,10:43:20.507932176,T,IBM,F I,7,285.31
2025-10-10,10:43:47.076935601,T,IBM,I,2,285.28
2025-10-10,10:43:47.077985131,T,IBM,I,2,285.32
2025-10-10,10:43:47.087571960,T,IBM,I,2,285.32
2025-10-10,10:43:47.102529489,T,IBM,I,2,285.32
2025-10-10,10:43:47.212561449,T,IBM,I,2,285.32
2025-10-10,10:44:00.714764949,T,IBM,F I,1,285.33
2025-10-10,10:44:00.724123214,T,IBM,I,5,285.335
2025-10-10,10:44:00.724126232,T,IBM,I,4,285.335
2025-10-10,10:44:08.239359128,T,IBM,F I,1,285.39
2025-10-10,10:44:08.240354743,T,IBM,F I,1,285.41
2025-10-10,10:44:08.240357494,T,IBM,F I,66,285.41
2025-10-10,10:44:08.241202477,T,IBM,I,34,285.44
2025-10-10,10:44:08.241205501,T,IBM,I,20,285.45
2025-10-10,10:44:08.241209705,T,IBM,I,11,285.45
2025-10-10,10:44:08.241209705,T,IBM,I,7,285.45
2025-10-10,10:44:08.241211563,T,IBM,I,16,285.45
2025-10-10,10:44:08.241244964,T,IBM,F I,41,285.46
2025-10-10,10:44:08.248046775,T,IBM,F I,1,285.44
2025-10-10,10:44:08.351547180,T,IBM,F,100,285.44
2025-10-10,10:44:08.351953301,T,IBM,F I,1,285.43
2025-10-10,10:44:08.625318930,T,IBM,I,41,285.41
2025-10-10,10:44:12.613160510,T,IBM,,100,285.37
2025-10-10,10:44:13.381664042,T,IBM,F I,6,285.42
2025-10-10,10:44:13.381666998,T,IBM,F I,23,285.42
2025-10-10,10:44:13.381666998,T,IBM,F I,12,285.42
2025-10-10,10:44:13.390538112,T,IBM,I,21,285.52
2025-10-10,10:44:13.390613257,T,IBM,F I,9,285.53
2025-10-10,10:44:13.390616324,T,IBM,F I,5,285.53
2025-10-10,10:44:13.390620223,T,IBM,F I,10,285.53
2025-10-10,10:44:13.390652429,T,IBM,F I,1,285.56
2025-10-10,10:44:13.390652429,T,IBM,F I,20,285.56
2025-10-10,10:44:13.390658473,T,IBM,F I,11,285.56
2025-10-10,10:44:13.390676987,T,IBM,F I,45,285.55
2025-10-10,10:44:13.390680630,T,IBM,F I,9,285.56
2025-10-10,10:44:13.390685458,T,IBM,F I,10,285.57
2025-10-10,10:44:13.390685458,T,IBM,F I,20,285.57
2025-10-10,10:44:13.390685458,T,IBM,F I,46,285.57
2025-10-10,10:44:13.390730593,T,IBM,F I,54,285.57
2025-10-10,10:44:13.405420535,T,IBM,F I,10,285.58
2025-10-10,10:44:13.492171117,T,IBM,F I,10,285.61
2025-10-10,10:44:13.492240245,T,IBM,F I,31,285.61
2025-10-10,10:44:13.492307216,T,IBM,I,10,285.63
2025-10-10,10:44:13.492309553,T,IBM,I,9,285.63
2025-10-10,10:44:13.492312384,T,IBM,I,12,285.63
2025-10-10,10:44:13.492583039,T,IBM,I,30,285.62
2025-10-10,10:44:13.492595122,T,IBM,I,6,285.62
2025-10-10,10:44:13.492601081,T,IBM,I,6,285.62
2025-10-10,10:44:13.492607123,T,IBM,F I,6,285.62
2025-10-10,10:44:13.492652216,T,IBM,I,6,285.63
2025-10-10,10:44:14.159246260,T,IBM,F I,1,285.67
2025-10-10,10:44:14.159249095,T,IBM,F I,24,285.67
2025-10-10,10:44:14.159270541,T,IBM,I,76,285.67
2025-10-10,10:44:14.159273423,T,IBM,I,11,285.67
