DATE,TIME_M,EX,SYM_ROOT,TR_SCOND,SIZE,PRICE
2025-11-28,9:30:00.468714126,T,IBM,I,17,304.58
2025-11-28,9:30:00.468717172,T,IBM,Q,17,304.58
2025-11-28,9:30:01.509272431,T,IBM,I,1,304.115
2025-11-28,9:30:02.114315801,T,IBM,I,1,304.08
2025-11-28,9:30:03.405514704,T,IBM,I,7,304.2
2025-11-28,9:30:03.995871284,T,IBM,F I,4,303.96
2025-11-28,9:30:04.052727571,T,IBM,F I,4,303.73
2025-11-28,9:30:04.052938039,T,IBM,I,25,303.89
2025-11-28,9:30:04.052959090,T,IBM,I,1,303.88
2025-11-28,9:30:04.053229665,T,IBM,I,19,303.87
2025-11-28,9:30:05.185731728,T,IBM,I,2,303.96
2025-11-28,9:30:07.693452632,T,IBM,,40,303.74
2025-11-28,9:30:08.228726971,T,IBM,I,1,303.73
2025-11-28,9:30:08.228726971,T,IBM,I,1,303.73
2025-11-28,9:30:16.783895570,T,IBM,,40,303.98
2025-11-28,9:30:18.452411695,T,IBM,,40,304.15
2025-11-28,9:30:24.843607691,T,IBM,F I,9,304.44
2025-11-28,9:30:26.455953306,T,IBM,F,50,304.28
2025-11-28,9:30:26.455953306,T,IBM,F,75,304.28
2025-11-28,9:31:18.359889028,T,IBM,F I,1,304.1
2025-11-28,9:31:25.496063530,T,IBM,F,200,304.27
2025-11-28,9:31:25.496063530,T,IBM,F,100,304.27
2025-11-28,9:31:25.496087568,T,IBM,F,63,304.27
2025-11-28,9:31:32.529778068,T,IBM,I,10,304.4
2025-11-28,9:31:32.529781144,T,IBM,I,5,304.45
2025-11-28,9:31:32.529781144,T,IBM,I,25,304.45
2025-11-28,9:31:41.591568885,T,IBM,I,5,304.35
2025-11-28,9:31:41.591571711,T,IBM,I,28,304.36
2025-11-28,9:31:42.091782673,T,IBM,F I,1,304.36
2025-11-28,9:31:42.948498118,T,IBM,F I,1,304.24
2025-11-28,9:31:42.948498118,T,IBM,F I,31,304.24
2025-11-28,9:31:42.968844738,T,IBM,I,30,304.21
2025-11-28,9:31:42.968844738,T,IBM,I,30,304.22
2025-11-28,9:31:42.968865569,T,IBM,I,20,304.24
2025-11-28,9:31:45.645462566,T,IBM,F,100,304.21
2025-11-28,9:32:02.826967141,T,IBM,F I,1,304.34
2025-11-28,9:32:02.827258789,T,IBM,F,134,304.36
2025-11-28,9:32:02.827261763,T,IBM,F,50,304.36
2025-11-28,9:32:02.827309832,T,IBM,,100,304.36
2025-11-28,9:32:22.574483311,T,IBM,,40,304.43
2025-11-28,9:32:28.203370556,T,IBM,F I,2,304.13
2025-11-28,9:32:28.203451761,T,IBM,I,13,304.13
2025-11-28,9:32:28.203722354,T,IBM,I,12,304.18
2025-11-28,9:32:28.204095396,T,IBM,F I,9,304.13
2025-11-28,9:32:35.506337024,T,IBM,F I,7,304.215
2025-11-28,9:32:39.259806456,T,IBM,,40,304.215
2025-11-28,9:32:52.798333424,T,IBM,,40,304.275
2025-11-28,9:32:54.860739200,T,IBM,I,1,304.27
2025-11-28,9:32:55.600822067,T,IBM,F,100,304.275
2025-11-28,9:32:55.600824985,T,IBM,F I,5,304.275
2025-11-28,9:33:25.161482511,T,IBM,,40,304.43
2025-11-28,9:33:25.162601118,T,IBM,F,100,304.39
2025-11-28,9:33:45.365641488,T,IBM,I,30,304.38
2025-11-28,9:33:45.365665603,T,IBM,F,70,304.375
2025-11-28,9:33:45.380833733,T,IBM,,40,304.375
2025-11-28,9:33:52.491832201,T,IBM,I,20,304.375
2025-11-28,9:33:54.857795526,T,IBM,F,40,304.48
2025-11-28,9:33:54.858784957,T,IBM,,45,304.46
2025-11-28,9:33:54.858787949,T,IBM,I,30,304.46
2025-11-28,9:33:54.858851119,T,IBM,I,25,304.455
2025-11-28,9:33:54.877579718,T,IBM,I,15,304.46
2025-11-28,9:33:54.877594722,T,IBM,,40,304.53
2025-11-28,9:33:54.877619674,T,IBM,I,3,304.46
2025-11-28,9:33:54.877622205,T,IBM,,45,304.46
2025-11-28,9:33:54.877624919,T,IBM,I,14,304.45
2025-11-28,9:33:54.877624919,T,IBM,,40,304.45
2025-11-28,9:33:54.877642865,T,IBM,I,1,304.45
2025-11-28,9:33:56.870195299,T,IBM,F I,3,304.52
2025-11-28,9:33:56.870989237,T,IBM,,40,304.43
2025-11-28,9:33:56.916499560,T,IBM,I,3,304.43
2025-11-28,9:33:58.957307921,T,IBM,F I,1,304.33
2025-11-28,9:33:58.963442471,T,IBM,F I,1,304.27
2025-11-28,9:33:58.963478559,T,IBM,F I,7,304.24
2025-11-28,9:33:58.963490566,T,IBM,F I,1,304.23
2025-11-28,9:34:08.619450701,T,IBM,F I,5,304.2
2025-11-28,9:34:42.613146938,T,IBM,F I,25,304.16
2025-11-28,9:34:56.188517490,T,IBM,F I,7,304.37
2025-11-28,9:34:56.188520566,T,IBM,F,40,304.37
2025-11-28,9:34:56.188520566,T,IBM,F,66,304.38
2025-11-28,9:34:56.188538851,T,IBM,F I,14,304.38
2025-11-28,9:34:56.188538851,T,IBM,F I,26,304.38
2025-11-28,9:34:56.188541537,T,IBM,F I,9,304.38
2025-11-28,9:34:56.188550571,T,IBM,F,64,304.38
2025-11-28,9:34:56.188589807,T,IBM,F I,5,304.38
2025-11-28,9:34:56.188761071,T,IBM,F,120,304.41
2025-11-28,9:34:56.191897552,T,IBM,F,40,304.54
2025-11-28,9:34:56.191897552,T,IBM,F I,11,304.54
2025-11-28,9:34:56.192168168,T,IBM,F I,11,304.54
2025-11-28,9:35:31.767729403,T,IBM,F I,8,304.66
2025-11-28,9:35:31.767747729,T,IBM,F I,13,304.66
2025-11-28,9:35:33.046637959,T,IBM,F,40,304.73
2025-11-28,9:35:33.046682970,T,IBM,F I,27,304.75
2025-11-28,9:35:33.046701014,T,IBM,F I,23,304.75
2025-11-28,9:35:42.619389757,T,IBM,F I,25,304.74
2025-11-28,9:35:42.619389757,T,IBM,F I,16,304.73
2025-11-28,9:35:42.619408196,T,IBM,F I,24,304.73
2025-11-28,9:35:42.619408196,T,IBM,F I,1,304.73
2025-11-28,9:35:42.620484389,T,IBM,F I,14,304.62
2025-11-28,9:35:42.661853813,T,IBM,,100,304.56
2025-11-28,9:35:42.661923041,T,IBM,,100,304.56
2025-11-28,9:36:11.224855945,T,IBM,,40,304.62
2025-11-28,9:36:14.439686099,T,IBM,I,30,304.63
2025-11-28,9:36:25.607098249,T,IBM,,40,304.69
2025-11-28,9:36:25.607098249,T,IBM,I,16,304.69
2025-11-28,9:36:25.609203231,T,IBM,I,6,304.78
2025-11-28,9:36:25.610213590,T,IBM,I,10,304.83
2025-11-28,9:36:25.610213590,T,IBM,I,17,304.84
2025-11-28,9:36:26.277171355,T,IBM,F,50,304.71
2025-11-28,9:36:28.378676257,T,IBM,F I,16,304.84
2025-11-28,9:36:44.520882356,T,IBM,I,12,304.99
2025-11-28,9:36:44.520885815,T,IBM,I,2,304.99
2025-11-28,9:36:44.522770845,T,IBM,F I,16,305.14
2025-11-28,9:36:44.522779869,T,IBM,I,36,305.14
2025-11-28,9:36:44.686652045,T,IBM,I,10,305.19
2025-11-28,9:36:44.686652045,T,IBM,I,10,305.19
2025-11-28,9:36:44.687416183,T,IBM,I,5,305.11
2025-11-28,9:36:44.687418838,T,IBM,I,5,305.11
2025-11-28,9:36:44.687533153,T,IBM,I,10,305.1
2025-11-28,9:36:44.840759937,T,IBM,I,10,305.04
2025-11-28,9:36:46.674832031,T,IBM,,120,305.1
2025-11-28,9:36:49.854785563,T,IBM,F I,1,304.88
2025-11-28,9:36:49.854785563,T,IBM,F I,1,304.88
2025-11-28,9:36:49.854791236,T,IBM,F I,11,304.88
2025-11-28,9:36:49.854794289,T,IBM,F I,13,304.88
2025-11-28,9:36:49.854794289,T,IBM,F I,13,304.88
2025-11-28,9:36:49.854797752,T,IBM,I,13,304.88
2025-11-28,9:36:49.854797752,T,IBM,F I,1,304.88
2025-11-28,9:36:49.854800237,T,IBM,F I,2,304.87
2025-11-28,9:37:03.383037182,T,IBM,I,10,304.98
2025-11-28,9:37:03.383037182,T,IBM,I,10,304.98
2025-11-28,9:37:03.383039506,T,IBM,I,30,305.01
2025-11-28,9:37:03.820069805,T,IBM,F,100,304.93
2025-11-28,9:37:05.908433461,T,IBM,F,100,304.88
2025-11-28,9:37:06.736616991,T,IBM,F I,2,304.84
2025-11-28,9:37:17.610773917,T,IBM,F I,1,304.79
2025-11-28,9:37:31.013762023,T,IBM,I,2,304.77
2025-11-28,9:37:59.664323400,T,IBM,I,10,304.74
2025-11-28,9:38:37.003594971,T,IBM,F I,10,304.87
2025-11-28,9:38:37.003598044,T,IBM,F,40,304.87
2025-11-28,9:38:53.232987678,T,IBM,F,44,304.99
2025-11-28,9:38:53.232990676,T,IBM,F,44,304.99
2025-11-28,9:38:53.233003383,T,IBM,I,12,304.99
2025-11-28,9:38:53.233005652,T,IBM,I,32,305.0
2025-11-28,9:38:53.233012011,T,IBM,F I,12,305.0
2025-11-28,9:38:53.233012011,T,IBM,F I,32,305.0
2025-11-28,9:38:53.233023703,T,IBM,I,1,305.0
2025-11-28,9:38:53.233032898,T,IBM,I,7,305.0
2025-11-28,9:38:53.233682331,T,IBM,I,24,304.975
2025-11-28,9:38:53.299307566,T,IBM,F,66,304.975
2025-11-28,9:38:57.844231514,T,IBM,I,16,305.06
2025-11-28,9:38:58.862307776,T,IBM,F,100,304.98
2025-11-28,9:39:15.296903300,T,IBM,I,2,304.95
2025-11-28,9:39:15.296905890,T,IBM,I,1,304.95
2025-11-28,9:40:00.894133235,T,IBM,,40,304.67
2025-11-28,9:40:08.520032671,T,IBM,I,30,304.77
2025-11-28,9:40:08.520035811,T,IBM,I,9,304.79
2025-11-28,9:40:08.520035811,T,IBM,I,21,304.79
2025-11-28,9:40:08.520050666,T,IBM,I,1,304.79
2025-11-28,9:40:08.520053630,T,IBM,F I,10,304.79
2025-11-28,9:40:08.520083693,T,IBM,,40,304.82
2025-11-28,9:40:08.660316551,T,IBM,,120,305.0
2025-11-28,9:40:08.660340743,T,IBM,F,120,305.0
2025-11-28,9:40:08.660340743,T,IBM,F I,5,305.0
2025-11-28,9:40:08.660379778,T,IBM,F,80,305.0
2025-11-28,9:40:08.660388967,T,IBM,,40,305.0
2025-11-28,9:40:08.660388967,T,IBM,,40,305.0
2025-11-28,9:40:08.660392014,T,IBM,I,35,305.0
2025-11-28,9:40:08.660394722,T,IBM,I,5,305.0
2025-11-28,9:40:08.660400765,T,IBM,F,40,305.0
2025-11-28,9:40:08.660409705,T,IBM,F I,35,305.0
2025-11-28,9:40:08.660548260,T,IBM,F I,1,305.08
2025-11-28,9:40:08.666667669,T,IBM,I,6,304.995
2025-11-28,9:40:08.728323479,T,IBM,F I,30,304.94
2025-11-28,9:40:08.728326545,T,IBM,F I,2,304.93
2025-11-28,9:40:08.728326545,T,IBM,F I,33,304.93
2025-11-28,9:40:08.846492753,T,IBM,I,2,304.97
2025-11-28,9:40:27.293280816,T,IBM,F,80,304.99
2025-11-28,9:40:27.293280816,T,IBM,F,40,304.99
2025-11-28,9:40:27.293307003,T,IBM,F I,1,305.0
2025-11-28,9:40:27.293346469,T,IBM,F I,39,305.0
2025-11-28,9:40:27.293349130,T,IBM,F I,10,305.0
2025-11-28,9:40:27.293352322,T,IBM,F I,1,305.0
2025-11-28,9:40:27.293400233,T,IBM,F I,13,305.0
2025-11-28,9:40:27.293712960,T,IBM,F I,26,305.0
2025-11-28,9:40:27.769168890,T,IBM,I,2,304.96
2025-11-28,9:40:30.361622451,T,IBM,F I,30,304.99
2025-11-28,9:40:30.362999838,T,IBM,F I,26,305.07
2025-11-28,9:40:31.410736067,T,IBM,I,2,305.085
2025-11-28,9:40:33.554650916,T,IBM,F I,1,305.01
2025-11-28,9:40:33.554783133,T,IBM,F I,1,304.97
2025-11-28,9:40:54.321422650,T,IBM,F I,1,304.925
2025-11-28,9:40:54.321425249,T,IBM,F I,36,304.9
2025-11-28,9:40:56.018470234,T,IBM,I,2,304.9
2025-11-28,9:40:56.018497288,T,IBM,F I,28,304.9
2025-11-28,9:41:02.260872030,T,IBM,I,2,304.895
2025-11-28,9:41:19.778552788,T,IBM,F,80,304.97
2025-11-28,9:41:19.779046028,T,IBM,F I,37,305.01
2025-11-28,9:41:19.779088046,T,IBM,F,83,305.01
2025-11-28,9:41:19.779112127,T,IBM,F,83,305.01
2025-11-28,9:41:19.779247431,T,IBM,F,93,305.01
2025-11-28,9:41:19.779885851,T,IBM,I,27,305.01
2025-11-28,9:41:19.779888097,T,IBM,,75,305.01
2025-11-28,9:41:21.765223340,T,IBM,,68,305.02
2025-11-28,9:41:21.765241323,T,IBM,F,52,305.02
2025-11-28,9:41:21.765241323,T,IBM,I,1,305.02
2025-11-28,9:41:21.765271412,T,IBM,,52,305.02
2025-11-28,9:41:21.765388654,T,IBM,,68,305.02
2025-11-28,9:41:21.765388654,T,IBM,,40,305.02
2025-11-28,9:41:21.765758543,T,IBM,F,57,305.02
2025-11-28,9:41:21.766408064,T,IBM,,40,305.02
2025-11-28,9:41:21.772097797,T,IBM,F,40,304.98
2025-11-28,9:41:21.772100662,T,IBM,F I,1,304.98
2025-11-28,9:41:21.785689969,T,IBM,F I,1,304.92
2025-11-28,9:41:21.785735060,T,IBM,F I,1,304.9
2025-11-28,9:41:21.787163469,T,IBM,F I,1,304.83
2025-11-28,9:41:21.787446203,T,IBM,F,40,304.81
2025-11-28,9:41:21.787747246,T,IBM,F I,9,304.8
2025-11-28,9:41:21.787747246,T,IBM,F,40,304.8
2025-11-28,9:41:21.787771008,T,IBM,I,1,304.8
2025-11-28,9:41:28.457826878,T,IBM,,45,304.905
2025-11-28,9:41:28.457826878,T,IBM,I,35,304.905
2025-11-28,9:42:19.641529731,T,IBM,F,50,304.84
2025-11-28,9:42:19.641529731,T,IBM,F,100,304.85
2025-11-28,9:42:19.641532546,T,IBM,F I,6,304.86
2025-11-28,9:42:19.641532546,T,IBM,F,42,304.86
2025-11-28,9:42:19.641535414,T,IBM,F,50,304.86
2025-11-28,9:42:19.641544466,T,IBM,I,1,304.86
2025-11-28,9:42:19.641550902,T,IBM,F,69,304.86
2025-11-28,9:42:19.641550902,T,IBM,F,80,304.86
2025-11-28,9:42:19.645757555,T,IBM,,40,304.875
2025-11-28,9:42:19.645760554,T,IBM,I,2,304.875
2025-11-28,9:42:56.858602949,T,IBM,I,4,304.9
2025-11-28,9:43:01.643507002,T,IBM,I,2,304.86
2025-11-28,9:43:01.643525129,T,IBM,F I,6,304.84
2025-11-28,9:43:18.410005460,T,IBM,F I,3,304.94
2025-11-28,9:43:18.410026728,T,IBM,F,77,304.94
2025-11-28,9:43:18.410026728,T,IBM,F,51,304.94
2025-11-28,9:43:18.410029568,T,IBM,F,200,304.94
2025-11-28,9:43:18.412023347,T,IBM,F I,3,304.95
2025-11-28,9:43:18.412023347,T,IBM,F I,30,304.94
2025-11-28,9:43:18.412119575,T,IBM,I,23,304.9
2025-11-28,9:43:18.412119575,T,IBM,I,1,304.9
2025-11-28,9:43:33.663070682,T,IBM,F,80,304.98
2025-11-28,9:43:33.663070682,T,IBM,F I,37,304.98
2025-11-28,9:43:33.663070682,T,IBM,F,40,304.98
2025-11-28,9:43:33.663121473,T,IBM,,100,304.98
2025-11-28,9:43:33.663536477,T,IBM,F I,29,305.05
2025-11-28,9:43:33.663752953,T,IBM,,171,305.05
2025-11-28,9:43:34.211828915,T,IBM,I,2,305.085
2025-11-28,9:43:34.217476154,T,IBM,F I,11,305.06
2025-11-28,9:43:34.217479163,T,IBM,F,40,305.06
2025-11-28,9:43:34.398122163,T,IBM,,40,304.99
2025-11-28,9:43:34.398194328,T,IBM,I,4,304.99
2025-11-28,9:43:34.413855662,T,IBM,F I,30,305.02
2025-11-28,9:43:34.413936825,T,IBM,F I,30,305.03
2025-11-28,9:43:34.416102014,T,IBM,,44,305.03
2025-11-28,9:43:34.416126113,T,IBM,F,125,305.03
2025-11-28,9:43:34.668327518,T,IBM,F I,30,304.98
2025-11-28,9:43:39.463197209,T,IBM,I,2,305.025
2025-11-28,9:43:39.463197209,T,IBM,I,2,304.95
2025-11-28,9:43:39.463302396,T,IBM,F I,28,304.94
2025-11-28,9:44:17.183852655,T,IBM,F,100,304.985
2025-11-28,9:44:35.615953622,T,IBM,F I,32,305.05
2025-11-28,9:44:35.615956647,T,IBM,F,40,305.05
2025-11-28,9:44:35.616645233,T,IBM,I,17,305.02
2025-11-28,9:44:35.616660302,T,IBM,I,19,305.02
2025-11-28,9:44:35.616660302,T,IBM,I,3,305.02
2025-11-28,9:44:35.616936929,T,IBM,,40,304.97
2025-11-28,9:44:35.617424129,T,IBM,F I,2,304.98
2025-11-28,9:44:35.617451182,T,IBM,I,10,305.04
2025-11-28,9:44:35.617556419,T,IBM,,120,305.07
2025-11-28,9:44:35.617559433,T,IBM,I,10,305.07
2025-11-28,9:44:35.620362031,T,IBM,I,24,305.05
2025-11-28,9:44:47.618231433,T,IBM,I,1,305.08
2025-11-28,9:44:47.618424247,T,IBM,F I,3,305.1
2025-11-28,9:44:47.618424247,T,IBM,F I,17,305.1
2025-11-28,9:44:47.618429933,T,IBM,F,40,305.1
2025-11-28,9:44:47.618830073,T,IBM,F I,12,305.06
2025-11-28,9:44:47.618832886,T,IBM,F I,38,305.05
2025-11-28,9:44:47.618839035,T,IBM,F I,10,305.05
2025-11-28,9:44:47.618853849,T,IBM,F I,12,305.05
2025-11-28,9:44:47.618853849,T,IBM,F I,10,305.04
2025-11-28,9:44:47.618859866,T,IBM,F I,10,305.03
2025-11-28,9:44:47.618968136,T,IBM,I,20,305.05
2025-11-28,9:44:47.619211762,T,IBM,I,1,305.02
2025-11-28,9:44:47.619241794,T,IBM,,50,305.0
2025-11-28,9:44:47.619374142,T,IBM,,40,305.0
2025-11-28,9:44:47.620462709,T,IBM,F I,10,304.9
2025-11-28,9:44:47.620534867,T,IBM,,360,304.91
2025-11-28,9:44:47.620883773,T,IBM,F I,5,304.88
2025-11-28,9:44:47.621130502,T,IBM,F I,5,304.9
2025-11-28,9:44:47.621130502,T,IBM,F I,4,304.9
2025-11-28,9:44:47.621473181,T,IBM,F I,13,304.86
2025-11-28,9:44:52.795864365,T,IBM,F I,1,304.86
2025-11-28,9:44:52.796787548,T,IBM,F I,11,304.81
2025-11-28,9:44:59.805672025,T,IBM,I,3,304.82
2025-11-28,9:44:59.805837424,T,IBM,F I,1,304.81
2025-11-28,9:44:59.805840416,T,IBM,F I,2,304.81
2025-11-28,9:44:59.805870527,T,IBM,F I,1,304.8
2025-11-28,9:44:59.806345628,T,IBM,I,7,304.76
2025-11-28,9:45:13.530300103,T,IBM,F,40,304.75
2025-11-28,9:45:13.535048435,T,IBM,F I,10,304.68
2025-11-28,9:45:13.535051520,T,IBM,F I,20,304.66
2025-11-28,9:45:13.535051520,T,IBM,F I,10,304.66
2025-11-28,9:45:13.539646423,T,IBM,F,40,304.66
2025-11-28,9:45:13.543248953,T,IBM,F,40,304.65
2025-11-28,9:45:13.543267014,T,IBM,I,1,304.65
2025-11-28,9:45:13.543275948,T,IBM,I,2,304.72
2025-11-28,9:45:13.546024678,T,IBM,F I,10,304.66
2025-11-28,9:45:13.546024678,T,IBM,F I,30,304.66
2025-11-28,9:45:14.379780385,T,IBM,F I,1,304.72
2025-11-28,9:45:14.380505130,T,IBM,F I,11,304.78
2025-11-28,9:45:14.543769776,T,IBM,I,18,304.81
2025-11-28,9:45:27.269732547,T,IBM,F I,4,304.76
2025-11-28,9:45:33.681170444,T,IBM,F I,21,304.67
2025-11-28,9:45:33.681172742,T,IBM,F I,1,304.67
2025-11-28,9:45:33.681175781,T,IBM,F I,1,304.66
2025-11-28,9:45:36.187155624,T,IBM,I,25,304.655
2025-11-28,9:45:48.032919879,T,IBM,F I,21,304.56
2025-11-28,9:45:48.032919879,T,IBM,F I,1,304.56
2025-11-28,9:45:57.014756133,T,IBM,F,100,304.32
2025-11-28,9:45:57.014807328,T,IBM,F I,10,304.34
2025-11-28,9:45:57.014807328,T,IBM,F,50,304.35
2025-11-28,9:45:58.826091176,T,IBM,F,80,304.4
2025-11-28,9:46:10.577920867,T,IBM,,41,304.32
2025-11-28,9:46:10.578005038,T,IBM,,41,304.31
2025-11-28,9:46:12.309012837,T,IBM,I,1,304.33
2025-11-28,9:46:12.309036896,T,IBM,F,99,304.33
2025-11-28,9:46:12.309304585,T,IBM,F,80,304.37
2025-11-28,9:46:12.309845867,T,IBM,,80,304.41
2025-11-28,9:46:12.309978217,T,IBM,I,15,304.44
2025-11-28,9:46:12.310555509,T,IBM,F I,7,304.45
2025-11-28,9:46:12.412516328,T,IBM,I,25,304.475
2025-11-28,9:46:14.064165187,T,IBM,I,10,304.49
2025-11-28,9:46:27.491653126,T,IBM,I,2,304.54
2025-11-28,9:46:27.491653126,T,IBM,I,1,304.54
2025-11-28,9:46:27.511103240,T,IBM,I,1,304.54
2025-11-28,9:46:27.538970576,T,IBM,I,5,304.4
2025-11-28,9:46:27.557503638,T,IBM,I,1,304.37
2025-11-28,9:46:27.600503031,T,IBM,I,1,304.4
2025-11-28,9:46:29.192150149,T,IBM,I,1,304.48
2025-11-28,9:46:32.165240924,T,IBM,I,2,304.44
2025-11-28,9:46:32.227916193,T,IBM,I,10,304.4
2025-11-28,9:46:32.227919103,T,IBM,I,10,304.4
2025-11-28,9:46:34.002203034,T,IBM,F I,1,304.36
2025-11-28,9:46:34.002206097,T,IBM,F I,8,304.36
2025-11-28,9:46:42.618973370,T,IBM,F,41,304.48
2025-11-28,9:46:42.619090644,T,IBM,F,40,304.49
2025-11-28,9:46:42.619093924,T,IBM,F I,7,304.49
2025-11-28,9:46:42.619096634,T,IBM,F,80,304.49
2025-11-28,9:46:44.732837619,T,IBM,I,10,304.52
2025-11-28,9:46:54.026600695,T,IBM,F I,1,304.5
2025-11-28,9:46:54.026603858,T,IBM,F I,1,304.5
2025-11-28,9:47:07.310126627,T,IBM,F I,2,304.4
2025-11-28,9:47:07.314255450,T,IBM,F,40,304.31
2025-11-28,9:47:07.433396085,T,IBM,I,1,304.3
2025-11-28,9:47:07.433423592,T,IBM,I,11,304.28
2025-11-28,9:47:12.239695978,T,IBM,I,25,304.24
2025-11-28,9:47:12.239702037,T,IBM,,100,304.24
2025-11-28,9:47:43.661415189,T,IBM,I,4,304.26
2025-11-28,9:48:01.672303124,T,IBM,F I,39,304.27
2025-11-28,9:48:01.673677361,T,IBM,F,45,304.3
2025-11-28,9:48:01.673677361,T,IBM,F I,10,304.33
2025-11-28,9:48:01.673680358,T,IBM,F I,25,304.33
2025-11-28,9:48:10.665530639,T,IBM,F,40,304.37
2025-11-28,9:48:10.665533730,T,IBM,F,120,304.37
2025-11-28,9:48:10.665533730,T,IBM,F I,5,304.37
2025-11-28,9:48:10.665545619,T,IBM,I,1,304.37
2025-11-28,9:48:10.665551489,T,IBM,F I,29,304.37
2025-11-28,9:49:00.279036346,T,IBM,I,26,304.495
2025-11-28,9:49:07.511359075,T,IBM,F I,23,304.57
2025-11-28,9:49:07.511359075,T,IBM,F I,7,304.58
2025-11-28,9:49:07.511361915,T,IBM,F,106,304.58
2025-11-28,9:49:07.511364600,T,IBM,F I,14,304.58
2025-11-28,9:49:07.511367605,T,IBM,F I,9,304.58
2025-11-28,9:49:07.512774995,T,IBM,,40,304.59
2025-11-28,9:49:07.512841357,T,IBM,I,22,304.61
2025-11-28,9:49:07.512844232,T,IBM,I,18,304.62
2025-11-28,9:49:07.512862275,T,IBM,F I,22,304.62
2025-11-28,9:49:07.513761325,T,IBM,,40,304.63
2025-11-28,9:49:07.516329457,T,IBM,I,8,304.67
2025-11-28,9:49:09.659940566,T,IBM,F I,1,304.74
2025-11-28,9:49:12.647856650,T,IBM,,40,304.73
2025-11-28,9:49:12.647856650,T,IBM,,40,304.72
2025-11-28,9:49:23.419000381,T,IBM,F I,11,304.67
2025-11-28,9:49:23.419003480,T,IBM,F I,29,304.67
2025-11-28,9:49:23.419385378,T,IBM,F I,10,304.66
2025-11-28,9:49:23.419385378,T,IBM,F I,1,304.66
2025-11-28,9:49:23.419436878,T,IBM,F I,1,304.65
2025-11-28,9:49:23.419436878,T,IBM,F I,6,304.65
2025-11-28,9:49:23.419454482,T,IBM,I,4,304.65
2025-11-28,9:50:24.747175972,T,IBM,I,6,304.77
2025-11-28,9:50:24.747305022,T,IBM,F I,26,304.78
2025-11-28,9:50:24.747852314,T,IBM,I,7,304.77
2025-11-28,9:50:24.755938584,T,IBM,,40,304.85
2025-11-28,9:50:24.795870792,T,IBM,I,25,304.84
2025-11-28,9:50:24.795873690,T,IBM,I,15,304.85
2025-11-28,9:50:33.946303357,T,IBM,F I,8,304.74
2025-11-28,9:50:33.946330996,T,IBM,I,2,304.73
2025-11-28,9:50:33.946928823,T,IBM,F I,1,304.71
2025-11-28,9:50:33.947028013,T,IBM,I,5,304.7
2025-11-28,9:50:33.947028013,T,IBM,,40,304.7
2025-11-28,9:50:35.841673439,T,IBM,,40,304.74
2025-11-28,9:50:45.193949334,T,IBM,F I,1,304.66
2025-11-28,9:50:46.770338136,T,IBM,I,1,304.63
2025-11-28,9:50:47.775703777,T,IBM,F I,20,304.62
2025-11-28,9:50:47.775703777,T,IBM,F I,1,304.62
2025-11-28,9:50:47.775721530,T,IBM,I,1,304.62
2025-11-28,9:50:47.775817807,T,IBM,I,9,304.62
2025-11-28,9:50:47.775817807,T,IBM,I,9,304.62
2025-11-28,9:50:47.775820779,T,IBM,I,22,304.62
2025-11-28,9:50:47.775838825,T,IBM,,58,304.62
2025-11-28,9:50:58.319157196,T,IBM,I,25,304.68
2025-11-28,9:50:58.319160778,T,IBM,,50,304.69
2025-11-28,9:50:58.319163211,T,IBM,I,25,304.7
2025-11-28,9:50:59.247620478,T,IBM,F I,3,304.72
2025-11-28,9:50:59.248143638,T,IBM,F,40,304.75
2025-11-28,9:51:00.380459250,T,IBM,F I,5,304.79
2025-11-28,9:51:25.217113264,T,IBM,F I,1,304.73
2025-11-28,9:51:25.217149361,T,IBM,F I,1,304.73
2025-11-28,9:51:25.217170390,T,IBM,F I,1,304.73
2025-11-28,9:51:25.217176467,T,IBM,F I,1,304.73
2025-11-28,9:51:25.217206485,T,IBM,F I,1,304.73
2025-11-28,9:51:25.217218559,T,IBM,I,35,304.73
2025-11-28,9:51:25.217236535,T,IBM,F I,1,304.72
2025-11-28,9:52:22.915646832,T,IBM,F I,2,304.67
2025-11-28,9:52:22.915646832,T,IBM,F I,1,304.67
2025-11-28,9:52:22.915653293,T,IBM,F I,10,304.67
2025-11-28,9:52:22.915653293,T,IBM,F I,1,304.67
2025-11-28,9:52:22.915655905,T,IBM,F,116,304.67
2025-11-28,9:52:22.915655905,T,IBM,F,58,304.67
2025-11-28,9:52:22.915731092,T,IBM,F,40,304.66
2025-11-28,9:52:22.915731092,T,IBM,F I,1,304.66
2025-11-28,9:52:43.417198544,T,IBM,F I,2,304.61
2025-11-28,9:52:43.417201585,T,IBM,F,40,304.61
2025-11-28,9:52:43.417201585,T,IBM,F,40,304.61
2025-11-28,9:52:43.417207465,T,IBM,F,40,304.6
2025-11-28,9:52:46.747275072,T,IBM,F I,1,304.57
2025-11-28,9:52:53.366197031,T,IBM,F I,1,304.57
2025-11-28,9:53:00.232665183,T,IBM,F I,27,304.63
2025-11-28,9:53:12.798893294,T,IBM,F,42,304.76
2025-11-28,9:53:12.798896172,T,IBM,F,80,304.76
2025-11-28,9:53:13.345164656,T,IBM,F I,1,304.8
2025-11-28,9:53:13.345209757,T,IBM,F I,1,304.8
2025-11-28,9:53:13.345212747,T,IBM,F I,1,304.8
2025-11-28,9:53:13.345224732,T,IBM,I,37,304.8
2025-11-28,9:53:13.345233762,T,IBM,I,1,304.83
2025-11-28,9:53:16.106055195,T,IBM,,45,304.87
2025-11-28,9:53:16.107672989,T,IBM,I,1,304.88
2025-11-28,9:53:16.107955674,T,IBM,F,40,304.9
2025-11-28,9:53:16.108590201,T,IBM,F I,1,304.93
2025-11-28,9:53:16.108593225,T,IBM,F,45,304.94
2025-11-28,9:53:16.108596199,T,IBM,F,100,304.99
2025-11-28,9:53:16.108599161,T,IBM,F,100,304.99
2025-11-28,9:53:16.108599161,T,IBM,F I,20,304.99
2025-11-28,9:53:16.108602204,T,IBM,F,346,305.0
2025-11-28,9:53:16.108866879,T,IBM,F I,1,304.98
2025-11-28,9:53:16.113278732,T,IBM,,100,304.925
2025-11-28,9:53:16.113282274,T,IBM,I,30,304.97
2025-11-28,9:53:16.113282274,T,IBM,I,25,304.98
2025-11-28,9:53:16.113285253,T,IBM,,100,304.99
2025-11-28,9:53:16.113287579,T,IBM,,50,304.99
2025-11-28,9:53:16.113287579,T,IBM,I,15,304.99
2025-11-28,9:53:16.113579012,T,IBM,I,19,304.98
2025-11-28,9:53:16.113582015,T,IBM,,81,304.99
2025-11-28,9:53:16.113648221,T,IBM,I,4,304.99
2025-11-28,9:53:16.113648221,T,IBM,,250,305.0
2025-11-28,9:53:16.113669283,T,IBM,I,1,305.0
2025-11-28,9:53:16.113690305,T,IBM,F I,3,305.0
2025-11-28,9:53:16.113912897,T,IBM,F I,5,305.0
2025-11-28,9:53:16.114030359,T,IBM,I,17,304.94
2025-11-28,9:53:16.114030359,T,IBM,,49,304.94
2025-11-28,9:53:16.114099321,T,IBM,I,17,305.0
2025-11-28,9:53:16.114102310,T,IBM,I,11,305.0
2025-11-28,9:53:16.147839651,T,IBM,I,39,305.02
2025-11-28,9:53:26.118146812,T,IBM,F I,25,304.98
2025-11-28,9:53:28.293585546,T,IBM,F,52,305.01
2025-11-28,9:53:44.554562339,T,IBM,F I,25,304.96
2025-11-28,9:53:54.001148761,T,IBM,F,60,304.93
2025-11-28,9:54:00.315842649,T,IBM,F,50,304.94
2025-11-28,9:54:00.315842649,T,IBM,F,40,304.92
2025-11-28,9:54:00.315845434,T,IBM,F,57,304.91
2025-11-28,9:54:00.315863505,T,IBM,I,1,304.91
2025-11-28,9:54:33.725710328,T,IBM,F,126,305.0
2025-11-28,9:54:33.725920837,T,IBM,F I,2,305.0
2025-11-28,9:54:33.725923802,T,IBM,F I,3,305.0
2025-11-28,9:54:33.725980934,T,IBM,F,40,305.0
2025-11-28,9:54:36.898692916,T,IBM,F I,5,305.13
2025-11-28,9:54:36.898765030,T,IBM,F,40,305.17
2025-11-28,9:54:36.899303380,T,IBM,,45,305.09
2025-11-28,9:54:36.899390541,T,IBM,,45,305.095
2025-11-28,9:54:36.902320437,T,IBM,F,80,305.14
2025-11-28,9:54:36.902320437,T,IBM,F I,5,305.15
2025-11-28,9:54:36.902325531,T,IBM,F,100,305.15
2025-11-28,9:54:36.902325531,T,IBM,F,459,305.15
2025-11-28,9:54:36.902328862,T,IBM,F,221,305.15
2025-11-28,9:54:36.902331603,T,IBM,F,100,305.15
2025-11-28,9:54:36.902334542,T,IBM,F,80,305.15
2025-11-28,9:54:36.911536511,T,IBM,F,40,305.08
2025-11-28,9:55:01.132297046,T,IBM,,40,305.06
2025-11-28,9:55:01.132297046,T,IBM,I,1,305.05
2025-11-28,9:55:01.132417701,T,IBM,I,39,305.05
2025-11-28,9:55:01.132417701,T,IBM,I,1,305.05
2025-11-28,9:55:01.133376643,T,IBM,I,19,305.09
2025-11-28,9:55:06.121783872,T,IBM,F I,1,305.11
2025-11-28,9:55:15.378874102,T,IBM,F I,26,305.1
2025-11-28,9:55:15.378898165,T,IBM,I,14,305.1
2025-11-28,9:55:15.378901538,T,IBM,I,1,305.1
2025-11-28,9:55:15.378904259,T,IBM,I,2,305.1
2025-11-28,9:55:15.412563319,T,IBM,I,5,305.07
2025-11-28,9:55:25.584885463,T,IBM,F I,25,305.05
2025-11-28,9:55:25.584885463,T,IBM,F I,5,305.05
2025-11-28,9:55:25.584888541,T,IBM,F I,1,305.05
2025-11-28,9:55:25.584892140,T,IBM,F,40,305.05
2025-11-28,9:55:25.584892140,T,IBM,,45,305.1
2025-11-28,9:55:25.585101879,T,IBM,F,55,305.1
2025-11-28,9:55:25.585237241,T,IBM,F,47,305.04
2025-11-28,9:55:25.588145186,T,IBM,I,11,305.05
2025-11-28,9:55:25.590322435,T,IBM,F I,5,305.05
2025-11-28,9:55:25.590325405,T,IBM,F I,9,305.05
2025-11-28,9:55:25.590626120,T,IBM,I,2,305.05
2025-11-28,9:55:25.590626120,T,IBM,,60,305.05
2025-11-28,9:55:52.154621878,T,IBM,F I,4,305.12
2025-11-28,9:55:52.154646503,T,IBM,F I,5,305.15
2025-11-28,9:55:52.154649174,T,IBM,F I,39,305.15
2025-11-28,9:55:52.154694106,T,IBM,F I,5,305.15
2025-11-28,9:55:52.155238369,T,IBM,I,5,305.15
2025-11-28,9:55:52.155259453,T,IBM,F I,5,305.13
2025-11-28,9:55:52.155355654,T,IBM,I,19,305.15
2025-11-28,9:55:52.155385794,T,IBM,F,40,305.17
2025-11-28,9:55:52.155493961,T,IBM,F,40,305.19
2025-11-28,9:55:52.155566168,T,IBM,F,45,305.2
2025-11-28,9:55:52.155647398,T,IBM,I,5,305.19
2025-11-28,9:55:52.155782684,T,IBM,I,13,305.22
2025-11-28,9:55:52.155852357,T,IBM,I,27,305.22
2025-11-28,9:55:52.155921057,T,IBM,I,1,305.24
2025-11-28,9:55:52.156251777,T,IBM,I,12,305.21
2025-11-28,9:55:52.156257842,T,IBM,I,11,305.2
2025-11-28,9:56:00.460430598,T,IBM,,40,305.03
2025-11-28,9:56:02.399723400,T,IBM,F,40,305.02
2025-11-28,9:56:02.399723400,T,IBM,F I,12,305.02
2025-11-28,9:56:02.399726605,T,IBM,F I,1,305.02
2025-11-28,9:56:02.399729254,T,IBM,F I,5,305.01
2025-11-28,9:56:02.399795399,T,IBM,,50,305.02
2025-11-28,9:56:26.003498863,T,IBM,,100,305.03
2025-11-28,9:56:29.703350731,T,IBM,F,40,305.02
2025-11-28,9:56:29.703350731,T,IBM,F I,1,305.02
2025-11-28,9:56:29.703353649,T,IBM,F,40,305.02
2025-11-28,9:56:29.703434876,T,IBM,F,40,305.01
2025-11-28,9:56:54.940052745,T,IBM,,58,304.92
2025-11-28,9:56:54.940055821,T,IBM,I,1,304.92
2025-11-28,9:56:54.940058959,T,IBM,I,5,304.92
2025-11-28,9:56:54.941433078,T,IBM,F I,5,304.9
2025-11-28,9:56:54.941439080,T,IBM,F I,35,304.9
2025-11-28,9:56:55.218010641,T,IBM,I,9,304.92
2025-11-28,9:57:30.521122383,T,IBM,,40,304.94
2025-11-28,9:57:52.545313090,T,IBM,F I,4,304.97
2025-11-28,9:57:55.092114899,T,IBM,F I,20,304.91
2025-11-28,9:57:55.092135956,T,IBM,F I,2,304.9
2025-11-28,9:57:55.092138949,T,IBM,F I,16,304.9
2025-11-28,9:57:55.092145001,T,IBM,F,40,304.9
2025-11-28,9:57:55.092220197,T,IBM,F,40,304.89
2025-11-28,9:57:55.092821761,T,IBM,F I,1,304.86
2025-11-28,9:57:55.092821761,T,IBM,F I,20,304.86
2025-11-28,9:57:55.092911785,T,IBM,F I,15,304.85
2025-11-28,9:57:55.092923875,T,IBM,F I,11,304.85
2025-11-28,9:57:55.093320883,T,IBM,I,3,304.85
2025-11-28,9:57:55.093324571,T,IBM,I,1,304.85
2025-11-28,9:58:01.290837552,T,IBM,I,2,304.93
2025-11-28,9:58:01.338122057,T,IBM,I,4,304.935
2025-11-28,9:58:01.384468411,T,IBM,I,3,304.95
2025-11-28,9:58:01.384489596,T,IBM,F I,2,304.95
2025-11-28,9:58:01.384489596,T,IBM,F I,1,304.95
2025-11-28,9:58:01.448328477,T,IBM,I,1,304.95
2025-11-28,9:58:01.448328477,T,IBM,I,2,305.0
2025-11-28,9:58:01.458125754,T,IBM,I,25,304.92
2025-11-28,9:58:01.492118654,T,IBM,F I,7,304.96
2025-11-28,9:58:01.525077401,T,IBM,F I,2,304.98
2025-11-28,9:58:01.525080136,T,IBM,F I,3,304.99
2025-11-28,9:58:03.393430900,T,IBM,F,105,305.04
2025-11-28,9:58:03.393987210,T,IBM,I,5,305.05
2025-11-28,9:58:03.394008326,T,IBM,I,30,305.05
2025-11-28,9:58:03.414014972,T,IBM,F I,5,305.05
2025-11-28,9:58:03.414014972,T,IBM,F I,5,305.06
2025-11-28,9:58:03.414017892,T,IBM,F I,20,305.06
2025-11-28,9:58:03.414033129,T,IBM,F I,5,305.06
2025-11-28,9:58:03.414210367,T,IBM,,40,305.07
2025-11-28,9:58:03.428969511,T,IBM,F I,2,305.08
2025-11-28,9:58:03.429005659,T,IBM,F,103,305.08
2025-11-28,9:58:03.429357471,T,IBM,F I,2,305.1
2025-11-28,9:58:05.186599732,T,IBM,F I,3,305.15
2025-11-28,9:58:48.491229705,T,IBM,F I,1,305.09
2025-11-28,9:58:48.491229705,T,IBM,F I,8,305.09
2025-11-28,9:58:56.688549187,T,IBM,F I,3,305.14
2025-11-28,9:59:02.565084686,T,IBM,F I,5,305.07
2025-11-28,9:59:02.565087737,T,IBM,F I,1,305.07
2025-11-28,9:59:02.565133105,T,IBM,F I,14,305.05
2025-11-28,9:59:02.565133105,T,IBM,F I,1,305.05
2025-11-28,9:59:09.579041955,T,IBM,F,100,305.05
2025-11-28,9:59:09.579366670,T,IBM,I,7,305.02
2025-11-28,9:59:59.440989443,T,IBM,F,56,305.01
2025-11-28,9:59:59.441046659,T,IBM,F I,24,305.01
2025-11-28,9:59:59.441050074,T,IBM,F I,1,305.0
2025-11-28,9:59:59.441052900,T,IBM,F I,5,305.0
2025-11-28,9:59:59.441052900,T,IBM,F I,26,305.0
2025-11-28,9:59:59.441058629,T,IBM,I,14,305.0
2025-11-28,9:59:59.441061662,T,IBM,I,10,305.0
2025-11-28,10:00:02.091905245,T,IBM,F I,1,304.94
2025-11-28,10:00:02.091905245,T,IBM,F I,10,304.93
2025-11-28,10:00:07.056363658,T,IBM,F I,2,304.94
2025-11-28,10:00:07.056366614,T,IBM,F I,1,304.95
2025-11-28,10:00:12.989806807,T,IBM,I,2,304.94
2025-11-28,10:00:12.989809870,T,IBM,I,30,304.94
2025-11-28,10:00:12.989809870,T,IBM,I,2,304.94
2025-11-28,10:00:13.999291885,T,IBM,F,756,304.95
2025-11-28,10:00:13.999388187,T,IBM,,100,304.93
2025-11-28,10:00:13.999421205,T,IBM,I,16,304.93
2025-11-28,10:00:13.999541505,T,IBM,,44,304.93
2025-11-28,10:00:13.999541505,T,IBM,,56,304.92
2025-11-28,10:00:13.999559548,T,IBM,I,1,304.92
2025-11-28,10:00:13.999598608,T,IBM,F,43,304.93
2025-11-28,10:00:13.999619670,T,IBM,I,17,304.93
2025-11-28,10:00:13.999622687,T,IBM,I,26,304.92
2025-11-28,10:00:14.000212183,T,IBM,I,17,304.92
2025-11-28,10:00:14.000212183,T,IBM,I,1,304.92
2025-11-28,10:00:14.000236226,T,IBM,I,19,304.92
2025-11-28,10:00:14.000278271,T,IBM,I,37,304.92
2025-11-28,10:00:14.000278271,T,IBM,I,26,304.92
2025-11-28,10:00:14.000284295,T,IBM,I,1,304.92
2025-11-28,10:00:14.000284295,T,IBM,I,2,304.92
2025-11-28,10:00:14.000287248,T,IBM,I,17,304.92
2025-11-28,10:00:14.021301315,T,IBM,I,31,304.98
2025-11-28,10:00:30.872406116,T,IBM,I,3,305.01
2025-11-28,10:00:30.872457157,T,IBM,I,3,305.02
2025-11-28,10:00:49.087191327,T,IBM,I,6,305.06
2025-11-28,10:00:57.861313921,T,IBM,I,21,305.07
2025-11-28,10:01:04.528699338,T,IBM,F I,11,305.02
2025-11-28,10:01:25.597013536,T,IBM,F I,1,305.07
2025-11-28,10:01:26.850475523,T,IBM,F I,2,305.15
2025-11-28,10:01:26.861971946,T,IBM,,100,305.07
2025-11-28,10:01:28.438513998,T,IBM,F I,30,305.07
2025-11-28,10:01:28.605378227,T,IBM,I,4,305.18
2025-11-28,10:01:28.605399745,T,IBM,F I,15,305.18
2025-11-28,10:01:28.605402275,T,IBM,F I,3,305.18
2025-11-28,10:01:28.605405841,T,IBM,F I,6,305.18
2025-11-28,10:01:28.605405841,T,IBM,F I,5,305.18
2025-11-28,10:01:28.605408370,T,IBM,F I,6,305.18
2025-11-28,10:01:28.606436842,T,IBM,F I,5,305.21
2025-11-28,10:01:28.606442784,T,IBM,F I,5,305.21
2025-11-28,10:01:28.606554096,T,IBM,F I,1,305.21
2025-11-28,10:01:28.606566142,T,IBM,F I,1,305.21
2025-11-28,10:01:28.606629294,T,IBM,F I,6,305.21
2025-11-28,10:01:28.606713507,T,IBM,I,4,305.18
2025-11-28,10:01:28.606827745,T,IBM,F I,6,305.21
2025-11-28,10:02:07.587803941,T,IBM,I,17,305.155
2025-11-28,10:02:09.124916538,T,IBM,I,1,305.22
2025-11-28,10:02:09.124916538,T,IBM,I,1,305.22
2025-11-28,10:02:09.124919267,T,IBM,I,5,305.22
2025-11-28,10:02:09.124934270,T,IBM,F I,7,305.22
2025-11-28,10:02:09.126335633,T,IBM,I,8,305.24
2025-11-28,10:02:09.127129463,T,IBM,F I,1,305.28
2025-11-28,10:02:22.391520849,T,IBM,F I,1,305.31
2025-11-28,10:02:55.586191332,T,IBM,F I,15,305.25
2025-11-28,10:02:55.586194223,T,IBM,F I,5,305.25
2025-11-28,10:02:55.586194223,T,IBM,F I,2,305.25
2025-11-28,10:02:55.760134283,T,IBM,F I,2,305.2
2025-11-28,10:02:55.760183158,T,IBM,I,1,305.2
2025-11-28,10:02:56.498361761,T,IBM,I,16,305.17
2025-11-28,10:02:56.809602689,T,IBM,I,14,305.19
2025-11-28,10:03:03.855039070,T,IBM,I,3,305.25
2025-11-28,10:03:08.834506054,T,IBM,F I,1,305.18
2025-11-28,10:03:08.834524118,T,IBM,I,1,305.18
2025-11-28,10:03:08.834536142,T,IBM,F I,39,305.18
2025-11-28,10:03:08.834542238,T,IBM,F,100,305.18
2025-11-28,10:03:33.646138967,T,IBM,F,40,305.16
2025-11-28,10:03:33.646141735,T,IBM,F I,5,305.16
2025-11-28,10:03:33.646141735,T,IBM,F I,2,305.16
2025-11-28,10:03:33.646144784,T,IBM,F I,19,305.16
2025-11-28,10:03:33.646144784,T,IBM,F I,10,305.16
2025-11-28,10:03:33.646778573,T,IBM,I,5,305.15
2025-11-28,10:03:33.646778573,T,IBM,I,5,305.15
2025-11-28,10:03:57.617394923,T,IBM,,100,305.205
2025-11-28,10:04:02.537831587,T,IBM,F I,13,305.24
2025-11-28,10:04:02.604942393,T,IBM,F I,9,305.3
2025-11-28,10:04:02.604942393,T,IBM,F I,5,305.3
2025-11-28,10:04:02.604945293,T,IBM,F I,12,305.3
2025-11-28,10:04:02.605519681,T,IBM,F I,9,305.35
2025-11-28,10:04:02.649541535,T,IBM,I,1,305.41
2025-11-28,10:04:02.649592805,T,IBM,F I,25,305.45
2025-11-28,10:04:02.649599709,T,IBM,I,1,305.4
2025-11-28,10:04:02.649602626,T,IBM,I,5,305.4
2025-11-28,10:04:02.649610618,T,IBM,I,1,305.45
2025-11-28,10:04:02.649640713,T,IBM,I,6,305.4
2025-11-28,10:04:02.649662601,T,IBM,I,12,305.4
2025-11-28,10:04:02.649665512,T,IBM,I,4,305.4
2025-11-28,10:04:02.649665512,T,IBM,I,1,305.4
2025-11-28,10:04:02.649676889,T,IBM,I,4,305.4
2025-11-28,10:04:02.649676889,T,IBM,I,12,305.4
2025-11-28,10:04:02.649709964,T,IBM,I,4,305.4
2025-11-28,10:04:03.056602621,T,IBM,,40,305.44
2025-11-28,10:04:09.052582547,T,IBM,F I,1,305.45
2025-11-28,10:04:15.976929623,T,IBM,F I,1,305.5
2025-11-28,10:04:15.977188311,T,IBM,F I,12,305.52
2025-11-28,10:04:41.267788266,T,IBM,I,4,305.51
2025-11-28,10:04:48.382798288,T,IBM,I,30,305.51
2025-11-28,10:04:49.386919132,T,IBM,F,50,305.54
2025-11-28,10:04:49.386919132,T,IBM,F I,5,305.54
2025-11-28,10:04:49.386921673,T,IBM,F I,6,305.54
2025-11-28,10:04:50.594566653,T,IBM,F I,6,305.56
2025-11-28,10:04:50.594566653,T,IBM,F I,1,305.56
2025-11-28,10:04:50.595435754,T,IBM,I,6,305.57
2025-11-28,10:04:50.595435754,T,IBM,I,20,305.57
2025-11-28,10:04:53.053246785,T,IBM,F,40,305.61
2025-11-28,10:04:54.871420134,T,IBM,F I,1,305.54
2025-11-28,10:04:54.871438134,T,IBM,I,1,305.54
2025-11-28,10:04:57.664373053,T,IBM,F I,16,305.54
2025-11-28,10:04:57.664391333,T,IBM,F I,24,305.54
2025-11-28,10:04:57.664391333,T,IBM,F I,16,305.53
2025-11-28,10:04:58.554440868,T,IBM,F I,1,305.51
2025-11-28,10:04:58.554531106,T,IBM,F I,1,305.53
2025-11-28,10:05:01.378379527,T,IBM,F I,6,305.5
2025-11-28,10:05:13.903259335,T,IBM,I,1,305.46
2025-11-28,10:05:13.903259335,T,IBM,I,5,305.46
2025-11-28,10:05:13.903311558,T,IBM,,40,305.46
2025-11-28,10:05:13.903313604,T,IBM,,40,305.44
2025-11-28,10:05:13.903587015,T,IBM,F I,5,305.42
2025-11-28,10:05:16.396178894,T,IBM,,50,305.47
2025-11-28,10:05:16.396181983,T,IBM,I,5,305.5
2025-11-28,10:05:36.148401225,T,IBM,,40,305.49
2025-11-28,10:05:36.148705016,T,IBM,F I,10,305.49
2025-11-28,10:05:36.148705016,T,IBM,F I,13,305.48
2025-11-28,10:05:36.148710977,T,IBM,F,40,305.48
2025-11-28,10:05:36.148710977,T,IBM,F I,1,305.48
2025-11-28,10:05:36.148726223,T,IBM,I,1,305.48
2025-11-28,10:05:36.148726223,T,IBM,I,9,305.48
2025-11-28,10:05:36.149189039,T,IBM,F I,2,305.48
2025-11-28,10:05:36.157314443,T,IBM,F,205,305.48
2025-11-28,10:05:36.157332437,T,IBM,I,1,305.48
2025-11-28,10:05:36.157338457,T,IBM,,174,305.48
2025-11-28,10:05:36.271006021,T,IBM,I,5,305.5
2025-11-28,10:05:57.031071789,T,IBM,F I,5,305.56
2025-11-28,10:06:11.916913893,T,IBM,I,5,305.62
2025-11-28,10:06:18.197858427,T,IBM,,40,305.635
2025-11-28,10:06:19.367189343,T,IBM,F,50,305.62
2025-11-28,10:06:19.367192171,T,IBM,F I,5,305.62
2025-11-28,10:06:31.354788944,T,IBM,I,16,305.52
2025-11-28,10:06:31.832058438,T,IBM,F I,5,305.51
2025-11-28,10:06:31.832058438,T,IBM,F I,10,305.51
2025-11-28,10:06:31.832061134,T,IBM,F I,1,305.51
2025-11-28,10:06:31.833817292,T,IBM,I,2,305.51
2025-11-28,10:06:31.833967596,T,IBM,I,4,305.51
2025-11-28,10:06:31.834124027,T,IBM,I,1,305.51
2025-11-28,10:06:31.835011078,T,IBM,I,4,305.51
2025-11-28,10:06:31.836634963,T,IBM,I,5,305.51
2025-11-28,10:06:41.137106780,T,IBM,I,25,305.6
2025-11-28,10:06:41.139671927,T,IBM,I,25,305.6
2025-11-28,10:06:41.142212913,T,IBM,,50,305.6
2025-11-28,10:06:43.221916389,T,IBM,F I,1,305.74
2025-11-28,10:06:43.221916389,T,IBM,F I,4,305.74
2025-11-28,10:06:43.221919653,T,IBM,F I,1,305.74
2025-11-28,10:06:43.221919653,T,IBM,F I,3,305.75
2025-11-28,10:06:43.221924916,T,IBM,F I,5,305.76
2025-11-28,10:06:47.105565358,T,IBM,F I,8,305.78
2025-11-28,10:06:47.105802865,T,IBM,F I,2,305.82
2025-11-28,10:06:47.106070782,T,IBM,F I,10,305.85
2025-11-28,10:06:47.106323152,T,IBM,F I,7,305.87
2025-11-28,10:06:47.106329116,T,IBM,F,45,305.87
2025-11-28,10:06:47.106374248,T,IBM,F I,1,305.87
2025-11-28,10:06:47.107111059,T,IBM,I,10,305.87
2025-11-28,10:06:47.107132058,T,IBM,I,10,305.83
2025-11-28,10:06:47.107198374,T,IBM,I,30,305.83
2025-11-28,10:06:47.107925959,T,IBM,F I,20,305.86
2025-11-28,10:06:47.107925959,T,IBM,F I,4,305.87
2025-11-28,10:06:47.107929009,T,IBM,F I,16,305.87
2025-11-28,10:06:47.108286826,T,IBM,,40,305.8
2025-11-28,10:06:47.108289771,T,IBM,I,1,305.8
2025-11-28,10:06:47.156473499,T,IBM,F I,1,305.76
2025-11-28,10:06:49.510663950,T,IBM,F I,3,305.76
2025-11-28,10:06:50.031979086,T,IBM,F I,2,305.76
2025-11-28,10:06:50.031979086,T,IBM,F I,2,305.75
2025-11-28,10:06:57.382681163,T,IBM,F I,1,305.75
2025-11-28,10:06:57.382690146,T,IBM,F I,1,305.74
2025-11-28,10:07:02.732894890,T,IBM,F I,10,305.77
2025-11-28,10:07:16.845374666,T,IBM,I,11,305.78
2025-11-28,10:07:16.845377029,T,IBM,I,29,305.79
2025-11-28,10:07:17.888563415,T,IBM,F,50,305.79
2025-11-28,10:07:25.346789489,T,IBM,F I,16,305.79
2025-11-28,10:07:25.353272847,T,IBM,I,16,305.8
2025-11-28,10:07:32.471055482,T,IBM,I,5,305.78
2025-11-28,10:07:32.471058547,T,IBM,I,20,305.78
2025-11-28,10:07:32.471058547,T,IBM,I,2,305.78
2025-11-28,10:07:32.471061666,T,IBM,I,30,305.76
2025-11-28,10:07:32.471064677,T,IBM,I,35,305.76
2025-11-28,10:07:32.471067740,T,IBM,,68,305.73
2025-11-28,10:07:32.471118685,T,IBM,F I,30,305.74
2025-11-28,10:07:32.471188245,T,IBM,F I,1,305.7
2025-11-28,10:07:32.471190809,T,IBM,F,40,305.7
2025-11-28,10:07:32.471536670,T,IBM,F I,11,305.69
2025-11-28,10:07:32.471536670,T,IBM,F I,2,305.69
2025-11-28,10:07:32.471539634,T,IBM,F I,38,305.69
2025-11-28,10:07:33.152155934,T,IBM,F I,13,305.68
2025-11-28,10:07:33.152288218,T,IBM,F,40,305.67
2025-11-28,10:07:33.153927199,T,IBM,F I,2,305.63
2025-11-28,10:07:33.154005402,T,IBM,F I,2,305.61
2025-11-28,10:07:34.066780263,T,IBM,I,3,305.56
2025-11-28,10:07:38.840097708,T,IBM,I,2,305.62
2025-11-28,10:07:38.840103943,T,IBM,,50,305.62
2025-11-28,10:07:38.840103943,T,IBM,I,5,305.62
2025-11-28,10:07:38.840103943,T,IBM,,43,305.64
2025-11-28,10:07:39.359455006,T,IBM,,40,305.645
2025-11-28,10:08:06.004919234,T,IBM,F I,1,305.54
2025-11-28,10:08:06.004921963,T,IBM,F I,5,305.54
2025-11-28,10:08:06.004924491,T,IBM,F I,5,305.54
2025-11-28,10:08:06.004943271,T,IBM,F I,12,305.54
2025-11-28,10:08:06.004943271,T,IBM,I,11,305.54
2025-11-28,10:08:06.004945577,T,IBM,F,77,305.54
2025-11-28,10:08:06.009194673,T,IBM,,46,305.54
2025-11-28,10:08:22.420111670,T,IBM,I,2,305.58
2025-11-28,10:08:22.420114598,T,IBM,,98,305.59
2025-11-28,10:08:25.674531104,T,IBM,I,6,305.58
2025-11-28,10:08:36.524231029,T,IBM,F I,1,305.49
2025-11-28,10:08:36.539074322,T,IBM,F I,2,305.52
2025-11-28,10:08:36.539077980,T,IBM,F I,2,305.52
2025-11-28,10:08:36.539080271,T,IBM,F I,6,305.52
2025-11-28,10:08:45.286974614,T,IBM,F I,11,305.42
2025-11-28,10:08:45.286974614,T,IBM,F I,1,305.41
2025-11-28,10:08:45.287206107,T,IBM,F I,5,305.4
2025-11-28,10:08:45.287206107,T,IBM,F I,1,305.4
2025-11-28,10:08:51.521870383,T,IBM,I,1,305.32
2025-11-28,10:09:18.929480270,T,IBM,F I,2,305.34
2025-11-28,10:09:34.106087759,T,IBM,I,17,305.39
2025-11-28,10:09:34.106162931,T,IBM,F,50,305.395
2025-11-28,10:09:44.530945230,T,IBM,I,1,305.37
2025-11-28,10:09:45.070712254,T,IBM,I,6,305.42
2025-11-28,10:09:46.021987893,T,IBM,I,18,305.4
2025-11-28,10:09:47.367580125,T,IBM,I,1,305.37
2025-11-28,10:09:54.830467239,T,IBM,,50,305.41
2025-11-28,10:09:54.830467239,T,IBM,,45,305.42
2025-11-28,10:09:54.830470319,T,IBM,,70,305.425
2025-11-28,10:09:54.831300998,T,IBM,I,25,305.38
2025-11-28,10:09:54.831303332,T,IBM,I,15,305.38
2025-11-28,10:09:58.780857581,T,IBM,,100,305.43
2025-11-28,10:09:58.780857581,T,IBM,,100,305.43
2025-11-28,10:10:00.314213983,T,IBM,F I,25,305.44
2025-11-28,10:10:00.314216971,T,IBM,F,50,305.46
2025-11-28,10:10:00.314238435,T,IBM,F I,26,305.47
2025-11-28,10:10:00.314243987,T,IBM,F,100,305.47
2025-11-28,10:10:00.314247046,T,IBM,F I,31,305.48
2025-11-28,10:10:00.314247046,T,IBM,I,1,305.48
2025-11-28,10:10:00.314283147,T,IBM,I,8,305.48
2025-11-28,10:10:00.314283147,T,IBM,,80,305.48
2025-11-28,10:10:00.314286077,T,IBM,I,11,305.48
2025-11-28,10:10:00.314307233,T,IBM,F I,1,305.49
2025-11-28,10:10:00.328699396,T,IBM,I,30,305.48
2025-11-28,10:10:00.328726539,T,IBM,F,70,305.485
2025-11-28,10:10:01.303015873,T,IBM,,100,305.49
2025-11-28,10:10:01.421209275,T,IBM,,100,305.49
2025-11-28,10:10:13.677953158,T,IBM,F I,7,305.48
2025-11-28,10:10:13.677955810,T,IBM,I,7,305.48
2025-11-28,10:10:30.550423427,T,IBM,F,40,305.42
2025-11-28,10:10:30.550426482,T,IBM,F I,1,305.42
2025-11-28,10:10:30.550444534,T,IBM,F I,12,305.42
2025-11-28,10:10:30.550447526,T,IBM,I,1,305.42
2025-11-28,10:10:30.550447526,T,IBM,I,17,305.42
2025-11-28,10:10:30.550451258,T,IBM,I,20,305.42
2025-11-28,10:10:30.550456507,T,IBM,I,18,305.42
2025-11-28,10:10:30.550471615,T,IBM,F I,5,305.41
2025-11-28,10:10:30.550495621,T,IBM,I,4,305.42
2025-11-28,10:10:30.550498685,T,IBM,,58,305.42
2025-11-28,10:10:30.550519718,T,IBM,I,1,305.41
2025-11-28,10:10:30.550522737,T,IBM,F I,4,305.41
2025-11-28,10:10:30.550540724,T,IBM,F,395,305.41
2025-11-28,10:10:30.582888770,T,IBM,,90,305.4
2025-11-28,10:10:36.713941398,T,IBM,F I,9,305.39
2025-11-28,10:10:46.988212572,T,IBM,,100,305.335
2025-11-28,10:10:48.131224698,T,IBM,,90,305.335
2025-11-28,10:10:48.140498850,T,IBM,,100,305.335
2025-11-28,10:10:49.068820653,T,IBM,,60,305.335
2025-11-28,10:10:49.071379798,T,IBM,,80,305.335
2025-11-28,10:10:49.084057954,T,IBM,,100,305.335
2025-11-28,10:10:50.548697709,T,IBM,F,81,305.39
2025-11-28,10:10:50.548914158,T,IBM,F,90,305.39
2025-11-28,10:10:50.549157842,T,IBM,I,11,305.37
2025-11-28,10:10:58.542330367,T,IBM,I,1,305.32
2025-11-28,10:11:01.671216063,T,IBM,F I,28,305.31
2025-11-28,10:11:01.671279152,T,IBM,I,1,305.31
2025-11-28,10:11:01.674638766,T,IBM,F I,11,305.31
2025-11-28,10:11:01.674641212,T,IBM,F I,1,305.31
2025-11-28,10:11:02.715058014,T,IBM,F I,4,305.3
2025-11-28,10:11:02.715286515,T,IBM,F I,6,305.3
2025-11-28,10:11:02.715289573,T,IBM,F I,1,305.3
2025-11-28,10:11:03.069692173,T,IBM,I,7,305.305
2025-11-28,10:11:03.479763387,T,IBM,,40,305.29
2025-11-28,10:11:03.479778455,T,IBM,I,1,305.29
2025-11-28,10:11:18.635537420,T,IBM,F,120,305.31
2025-11-28,10:11:18.965137024,T,IBM,F,100,305.39
2025-11-28,10:11:18.965139955,T,IBM,F,54,305.39
2025-11-28,10:11:18.965155083,T,IBM,F,46,305.39
2025-11-28,10:11:49.530305842,T,IBM,I,25,305.425
2025-11-28,10:11:50.290431395,T,IBM,F,40,305.49
2025-11-28,10:11:50.290434394,T,IBM,F,100,305.49
2025-11-28,10:11:50.290437367,T,IBM,F I,17,305.49
2025-11-28,10:11:50.290942656,T,IBM,F I,1,305.57
2025-11-28,10:11:50.290972671,T,IBM,F I,20,305.58
2025-11-28,10:11:50.290999757,T,IBM,F I,1,305.59
2025-11-28,10:11:50.291186140,T,IBM,F I,10,305.61
2025-11-28,10:11:50.291264390,T,IBM,F,40,305.6
2025-11-28,10:11:50.291863393,T,IBM,F,109,305.69
2025-11-28,10:11:50.291865775,T,IBM,F,51,305.69
2025-11-28,10:11:50.298099655,T,IBM,F I,6,305.86
2025-11-28,10:11:51.979976598,T,IBM,F I,7,305.95
2025-11-28,10:11:51.980030639,T,IBM,F I,3,305.98
2025-11-28,10:11:51.980247162,T,IBM,F I,3,305.98
2025-11-28,10:11:51.980493809,T,IBM,F,40,305.99
2025-11-28,10:11:51.980716363,T,IBM,I,3,305.9
2025-11-28,10:11:51.980914743,T,IBM,I,9,305.94
2025-11-28,10:11:51.981092888,T,IBM,F I,3,305.97
2025-11-28,10:11:51.981095408,T,IBM,F I,14,305.97
2025-11-28,10:11:51.981095408,T,IBM,F I,2,305.97
2025-11-28,10:11:51.981128332,T,IBM,I,11,305.91
2025-11-28,10:11:51.981155351,T,IBM,I,8,305.94
2025-11-28,10:11:51.981158344,T,IBM,I,30,305.97
2025-11-28,10:12:15.744548747,T,IBM,F I,8,305.94
2025-11-28,10:12:15.744729379,T,IBM,F I,11,305.91
2025-11-28,10:12:15.744741281,T,IBM,I,8,305.97
2025-11-28,10:12:15.744744218,T,IBM,,100,305.97
2025-11-28,10:12:15.744762357,T,IBM,I,1,305.93
2025-11-28,10:12:15.744790038,T,IBM,F I,2,305.93
2025-11-28,10:12:15.744792690,T,IBM,I,8,305.93
2025-11-28,10:12:15.745047996,T,IBM,I,2,305.96
2025-11-28,10:12:15.745050960,T,IBM,I,6,305.96
2025-11-28,10:12:15.745141146,T,IBM,F I,5,305.96
2025-11-28,10:12:15.745144208,T,IBM,F I,7,305.96
2025-11-28,10:12:17.041470172,T,IBM,,40,305.92
2025-11-28,10:12:17.041485292,T,IBM,I,1,305.92
2025-11-28,10:12:17.041813014,T,IBM,F I,6,305.94
2025-11-28,10:12:17.064505112,T,IBM,I,16,305.97
2025-11-28,10:12:17.064508063,T,IBM,,40,305.97
2025-11-28,10:12:17.065118485,T,IBM,F I,10,306.01
2025-11-28,10:12:17.065226772,T,IBM,,60,306.01
2025-11-28,10:12:17.065233382,T,IBM,F,430,306.01
2025-11-28,10:12:17.065392187,T,IBM,,100,306.0
2025-11-28,10:12:17.069638242,T,IBM,I,15,306.0
2025-11-28,10:12:17.069689388,T,IBM,I,20,306.0
2025-11-28,10:12:17.074858734,T,IBM,I,25,306.0
2025-11-28,10:12:19.447859114,T,IBM,,40,306.09
2025-11-28,10:12:19.447865083,T,IBM,,100,306.09
2025-11-28,10:12:19.447865083,T,IBM,,45,306.09
2025-11-28,10:12:19.447867938,T,IBM,I,25,306.09
2025-11-28,10:12:19.447913096,T,IBM,,100,306.07
2025-11-28,10:12:19.447931073,T,IBM,I,1,306.08
2025-11-28,10:12:19.454177256,T,IBM,,100,306.13
2025-11-28,10:12:19.454180569,T,IBM,I,17,306.14
2025-11-28,10:12:19.454184064,T,IBM,,41,306.14
2025-11-28,10:12:19.454197969,T,IBM,I,1,306.14
2025-11-28,10:12:19.454643279,T,IBM,F,58,306.14
2025-11-28,10:12:19.454643279,T,IBM,F I,14,306.14
2025-11-28,10:12:19.454649123,T,IBM,F I,2,306.14
2025-11-28,10:12:19.454649123,T,IBM,F I,25,306.14
2025-11-28,10:12:20.659428167,T,IBM,F I,1,306.14
2025-11-28,10:12:20.659509401,T,IBM,F I,1,306.15
2025-11-28,10:12:20.660420489,T,IBM,I,7,306.12
2025-11-28,10:12:32.221021789,T,IBM,,40,306.115
2025-11-28,10:12:55.277898278,T,IBM,F I,1,306.115
2025-11-28,10:13:00.445105328,T,IBM,I,10,306.115
2025-11-28,10:13:08.861234957,T,IBM,I,2,306.03
2025-11-28,10:13:08.861234957,T,IBM,I,7,306.03
2025-11-28,10:13:08.861252898,T,IBM,F I,13,306.03
2025-11-28,10:13:08.861252898,T,IBM,F I,10,306.03
2025-11-28,10:13:08.861274186,T,IBM,I,22,306.03
2025-11-28,10:13:08.861274186,T,IBM,F I,8,306.03
2025-11-28,10:13:08.861280352,T,IBM,F,40,306.02
2025-11-28,10:13:08.861280352,T,IBM,F I,1,306.02
2025-11-28,10:13:08.861283192,T,IBM,F I,1,306.02
2025-11-28,10:13:08.861286172,T,IBM,F I,5,306.02
2025-11-28,10:13:08.861286172,T,IBM,F I,2,306.02
2025-11-28,10:13:08.861298090,T,IBM,F I,8,306.02
2025-11-28,10:13:08.861924218,T,IBM,F I,15,306.02
2025-11-28,10:13:08.861926512,T,IBM,F I,4,306.01
2025-11-28,10:13:08.862091890,T,IBM,I,15,306.02
2025-11-28,10:13:08.862095421,T,IBM,,445,306.01
2025-11-28,10:13:08.862097952,T,IBM,I,15,306.01
2025-11-28,10:13:08.866356145,T,IBM,F I,6,306.04
2025-11-28,10:13:10.595361237,T,IBM,F I,1,306.08
2025-11-28,10:13:20.729123640,T,IBM,F,74,306.2
2025-11-28,10:13:20.729123640,T,IBM,F I,12,306.21
2025-11-28,10:13:20.729128901,T,IBM,F I,28,306.21
2025-11-28,10:13:20.729128901,T,IBM,F,65,306.21
2025-11-28,10:13:20.729131855,T,IBM,F,50,306.21
2025-11-28,10:13:20.729327267,T,IBM,I,27,306.16
2025-11-28,10:13:21.548207628,T,IBM,I,25,306.18
2025-11-28,10:13:21.548207628,T,IBM,I,2,306.14
2025-11-28,10:13:21.548209888,T,IBM,I,2,306.14
2025-11-28,10:13:35.658496837,T,IBM,F I,2,306.22
2025-11-28,10:13:35.658499776,T,IBM,F I,2,306.24
2025-11-28,10:13:35.658503388,T,IBM,F,76,306.25
2025-11-28,10:13:35.658529848,T,IBM,F I,4,306.25
2025-11-28,10:13:35.659275688,T,IBM,F I,2,306.25
2025-11-28,10:13:46.227917518,T,IBM,F I,2,306.35
2025-11-28,10:14:06.092682797,T,IBM,F I,1,306.48
2025-11-28,10:14:23.694341872,T,IBM,F,40,306.49
2025-11-28,10:14:23.694341872,T,IBM,F,40,306.49
2025-11-28,10:14:23.694344737,T,IBM,F I,6,306.5
2025-11-28,10:14:23.694347790,T,IBM,F I,21,306.5
2025-11-28,10:14:23.694363044,T,IBM,F,72,306.5
2025-11-28,10:14:23.694363044,T,IBM,F I,8,306.5
2025-11-28,10:14:23.694597184,T,IBM,F I,2,306.5
2025-11-28,10:14:24.952028614,T,IBM,F I,1,306.56
2025-11-28,10:14:24.952061863,T,IBM,I,25,306.56
2025-11-28,10:14:26.109021105,T,IBM,I,2,306.62
2025-11-28,10:14:27.367703450,T,IBM,I,4,306.6
2025-11-28,10:14:27.526376516,T,IBM,I,2,306.6
2025-11-28,10:14:27.526379173,T,IBM,I,38,306.58
2025-11-28,10:14:28.918943516,T,IBM,I,2,306.6
2025-11-28,10:14:33.521517312,T,IBM,I,4,306.65
2025-11-28,10:14:36.963815075,T,IBM,F,50,306.62
2025-11-28,10:14:36.963815075,T,IBM,F I,37,306.61
2025-11-28,10:14:36.963833376,T,IBM,F I,3,306.61
2025-11-28,10:14:36.963836118,T,IBM,F,40,306.61
2025-11-28,10:14:36.964230002,T,IBM,F I,1,306.6
2025-11-28,10:14:36.964254041,T,IBM,F,50,306.6
2025-11-28,10:14:37.476713006,T,IBM,,40,306.57
2025-11-28,10:14:37.476734034,T,IBM,F,40,306.57
2025-11-28,10:14:37.476737264,T,IBM,F I,2,306.57
2025-11-28,10:14:37.476737264,T,IBM,F I,16,306.57
2025-11-28,10:14:37.533713775,T,IBM,,40,306.56
2025-11-28,10:14:37.534137714,T,IBM,F I,8,306.58
2025-11-28,10:14:37.534369279,T,IBM,F I,5,306.53
2025-11-28,10:14:45.923356146,T,IBM,F I,7,306.47
2025-11-28,10:14:45.923356146,T,IBM,F I,33,306.46
2025-11-28,10:14:46.093931244,T,IBM,F,40,306.46
2025-11-28,10:14:46.094201909,T,IBM,F I,27,306.46
2025-11-28,10:14:46.094204905,T,IBM,F I,13,306.45
2025-11-28,10:14:46.094216982,T,IBM,I,5,306.45
2025-11-28,10:14:46.094448517,T,IBM,F I,1,306.51
2025-11-28,10:14:46.094968697,T,IBM,F,59,306.56
2025-11-28,10:14:46.094968697,T,IBM,F I,1,306.56
2025-11-28,10:14:51.953762240,T,IBM,,40,306.53
2025-11-28,10:14:51.953762240,T,IBM,I,12,306.53
2025-11-28,10:14:51.954033426,T,IBM,I,34,306.53
2025-11-28,10:14:51.954035930,T,IBM,I,2,306.53
2025-11-28,10:14:51.954577132,T,IBM,I,3,306.58
2025-11-28,10:14:52.955398732,T,IBM,F I,28,306.62
2025-11-28,10:14:52.955492012,T,IBM,,80,306.62
2025-11-28,10:14:52.955513702,T,IBM,I,1,306.62
2025-11-28,10:14:52.955513702,T,IBM,F I,1,306.62
2025-11-28,10:14:52.955516045,T,IBM,F I,18,306.62
2025-11-28,10:14:53.277823286,T,IBM,,40,306.58
2025-11-28,10:14:59.031456389,T,IBM,F I,5,306.53
2025-11-28,10:15:03.004505994,T,IBM,F I,1,306.56
2025-11-28,10:15:03.004523853,T,IBM,F I,8,306.56
2025-11-28,10:15:11.050363773,T,IBM,F,40,306.62
2025-11-28,10:15:11.050363773,T,IBM,F,80,306.62
2025-11-28,10:15:11.052631211,T,IBM,I,1,306.67
2025-11-28,10:15:35.072114128,T,IBM,F,40,306.59
2025-11-28,10:15:35.072114128,T,IBM,F,40,306.59
2025-11-28,10:15:35.072116905,T,IBM,F I,4,306.59
2025-11-28,10:15:35.072132472,T,IBM,I,1,306.59
2025-11-28,10:15:35.072135012,T,IBM,I,20,306.59
2025-11-28,10:15:35.072261250,T,IBM,F,50,306.59
2025-11-28,10:15:35.072270268,T,IBM,F I,2,306.59
2025-11-28,10:15:35.072273270,T,IBM,F I,2,306.59
2025-11-28,10:15:35.072276254,T,IBM,F I,19,306.59
2025-11-28,10:15:35.072285280,T,IBM,F I,25,306.59
2025-11-28,10:15:35.072525879,T,IBM,F I,2,306.59
2025-11-28,10:15:35.072625135,T,IBM,F I,25,306.59
2025-11-28,10:15:35.072628273,T,IBM,F I,25,306.59
2025-11-28,10:15:35.072628273,T,IBM,F I,25,306.59
2025-11-28,10:15:35.072670284,T,IBM,F I,28,306.59
2025-11-28,10:15:35.072691314,T,IBM,F I,12,306.59
2025-11-28,10:15:35.072694263,T,IBM,F I,2,306.59
2025-11-28,10:15:35.072892814,T,IBM,F I,4,306.63
2025-11-28,10:15:37.259873037,T,IBM,F,50,306.64
2025-11-28,10:15:37.259876050,T,IBM,F,100,306.63
2025-11-28,10:15:37.259876050,T,IBM,F,40,306.62
2025-11-28,10:15:37.259879126,T,IBM,F,57,306.62
2025-11-28,10:15:37.259891238,T,IBM,I,1,306.62
2025-11-28,10:15:37.490855929,T,IBM,F,160,306.71
2025-11-28,10:15:37.490855929,T,IBM,F,80,306.71
2025-11-28,10:15:37.490943123,T,IBM,F I,2,306.72
2025-11-28,10:15:43.588011905,T,IBM,I,2,306.83
2025-11-28,10:15:43.589500381,T,IBM,I,1,306.87
2025-11-28,10:15:43.589728927,T,IBM,I,6,306.87
2025-11-28,10:15:43.590775452,T,IBM,I,18,306.85
2025-11-28,10:15:51.832787465,T,IBM,F,119,306.78
2025-11-28,10:15:51.833500074,T,IBM,I,33,306.78
2025-11-28,10:15:51.833521123,T,IBM,I,1,306.78
2025-11-28,10:15:59.575635119,T,IBM,,40,306.76
2025-11-28,10:16:05.087916712,T,IBM,F I,18,306.8
2025-11-28,10:16:23.518504610,T,IBM,I,19,306.795
2025-11-28,10:16:23.524137014,T,IBM,I,7,306.795
2025-11-28,10:16:24.376826180,T,IBM,F I,30,306.82
2025-11-28,10:16:24.376828888,T,IBM,F,74,306.83
2025-11-28,10:16:24.376831895,T,IBM,F I,16,306.83
2025-11-28,10:16:24.377126953,T,IBM,F I,4,306.83
2025-11-28,10:16:24.377126953,T,IBM,F,66,306.83
2025-11-28,10:16:24.377129638,T,IBM,F I,1,306.83
2025-11-28,10:16:24.379842031,T,IBM,I,13,306.83
2025-11-28,10:16:24.380972813,T,IBM,I,1,306.83
2025-11-28,10:16:24.381405751,T,IBM,I,16,306.83
2025-11-28,10:16:24.385140677,T,IBM,I,33,306.83
2025-11-28,10:16:24.385399374,T,IBM,I,12,306.83
2025-11-28,10:16:24.389128983,T,IBM,F I,13,306.855
2025-11-28,10:16:24.389179401,T,IBM,I,13,306.86
2025-11-28,10:16:24.390240844,T,IBM,F I,13,306.86
2025-11-28,10:16:24.390267865,T,IBM,I,13,306.86
2025-11-28,10:16:24.390310181,T,IBM,I,1,306.86
2025-11-28,10:16:24.390313007,T,IBM,I,2,306.86
2025-11-28,10:16:24.391648250,T,IBM,I,12,306.86
2025-11-28,10:16:24.392327752,T,IBM,I,6,306.86
2025-11-28,10:16:24.608482384,T,IBM,I,10,306.86
2025-11-28,10:16:24.608482384,T,IBM,I,3,306.86
2025-11-28,10:16:30.255899665,T,IBM,I,11,306.83
2025-11-28,10:16:30.257288994,T,IBM,,40,306.78
2025-11-28,10:16:30.257288994,T,IBM,I,6,306.78
2025-11-28,10:16:30.257920468,T,IBM,F,40,306.76
2025-11-28,10:16:30.299494381,T,IBM,I,22,306.78
2025-11-28,10:16:30.299515450,T,IBM,I,1,306.78
2025-11-28,10:16:43.342083610,T,IBM,I,22,306.82
2025-11-28,10:16:51.968458426,T,IBM,I,13,306.86
2025-11-28,10:17:17.952403284,T,IBM,F I,13,306.87
2025-11-28,10:17:29.096140160,T,IBM,I,10,306.95
2025-11-28,10:17:29.096140160,T,IBM,I,20,306.95
2025-11-28,10:17:29.096143174,T,IBM,I,17,306.95
2025-11-28,10:17:29.111551914,T,IBM,F,47,307.0
2025-11-28,10:17:29.111573840,T,IBM,F I,26,307.0
2025-11-28,10:17:29.111585421,T,IBM,F I,27,307.0
2025-11-28,10:17:29.111585421,T,IBM,F I,1,307.0
2025-11-28,10:17:29.111587952,T,IBM,F I,2,307.0
2025-11-28,10:17:29.113091548,T,IBM,I,6,307.05
2025-11-28,10:17:29.113133674,T,IBM,I,22,307.06
2025-11-28,10:17:29.113137621,T,IBM,,46,307.06
2025-11-28,10:17:31.051434089,T,IBM,I,2,307.065
2025-11-28,10:17:31.051479084,T,IBM,,89,307.065
2025-11-28,10:17:31.476742586,T,IBM,I,9,307.065
2025-11-28,10:17:31.476745500,T,IBM,I,37,307.04
2025-11-28,10:17:32.014305295,T,IBM,,46,307.065
2025-11-28,10:17:41.197046601,T,IBM,F,45,307.065
2025-11-28,10:17:41.197097990,T,IBM,F I,9,307.065
2025-11-28,10:17:41.197100813,T,IBM,F,40,307.01
2025-11-28,10:17:41.197104096,T,IBM,F I,5,307.01
2025-11-28,10:17:41.197392391,T,IBM,I,5,307.03
2025-11-28,10:17:41.197407390,T,IBM,I,8,307.03
2025-11-28,10:17:41.911250107,T,IBM,F I,7,307.08
2025-11-28,10:17:41.911253386,T,IBM,F I,19,307.1
2025-11-28,10:17:41.911255929,T,IBM,F,52,307.1
2025-11-28,10:17:41.911259208,T,IBM,F,43,307.1
2025-11-28,10:17:41.911259208,T,IBM,F I,14,307.1
2025-11-28,10:17:41.911270878,T,IBM,I,1,307.1
2025-11-28,10:17:41.911285943,T,IBM,I,1,307.1
2025-11-28,10:17:41.911291961,T,IBM,I,5,307.1
2025-11-28,10:17:41.911685926,T,IBM,I,6,307.11
2025-11-28,10:17:41.913727819,T,IBM,,40,307.13
2025-11-28,10:17:41.922150805,T,IBM,I,7,307.165
2025-11-28,10:17:42.328330774,T,IBM,F I,6,307.2
2025-11-28,10:17:42.328333738,T,IBM,I,9,307.2
2025-11-28,10:17:42.328348785,T,IBM,F I,29,307.2
2025-11-28,10:17:42.328427204,T,IBM,F,100,307.2
2025-11-28,10:17:42.328427204,T,IBM,F,60,307.2
2025-11-28,10:17:42.328430139,T,IBM,,40,307.2
2025-11-28,10:17:42.328667600,T,IBM,F I,2,307.2
2025-11-28,10:17:43.061247506,T,IBM,I,22,307.14
2025-11-28,10:17:43.061265537,T,IBM,I,1,307.14
2025-11-28,10:18:01.777782861,T,IBM,F,50,307.16
2025-11-28,10:18:01.777930193,T,IBM,,40,307.15
2025-11-28,10:18:04.970735943,T,IBM,F I,17,307.14
2025-11-28,10:18:05.678846652,T,IBM,I,2,307.12
2025-11-28,10:18:12.636524887,T,IBM,F I,1,307.13
2025-11-28,10:18:12.636524887,T,IBM,F I,4,307.13
2025-11-28,10:18:18.687241097,T,IBM,F I,15,307.18
2025-11-28,10:18:18.687346897,T,IBM,F I,10,307.2
2025-11-28,10:18:18.687349420,T,IBM,F I,25,307.2
2025-11-28,10:18:18.687776444,T,IBM,F I,17,307.2
2025-11-28,10:18:18.687797791,T,IBM,F I,26,307.2
2025-11-28,10:18:18.688083364,T,IBM,F I,31,307.21
2025-11-28,10:18:18.688083364,T,IBM,F I,3,307.22
2025-11-28,10:18:19.986490169,T,IBM,,80,307.23
2025-11-28,10:18:19.991698555,T,IBM,I,11,307.22
2025-11-28,10:18:19.991725598,T,IBM,F I,6,307.22
2025-11-28,10:18:25.839365336,T,IBM,,50,307.2
2025-11-28,10:18:25.839368327,T,IBM,,100,307.22
2025-11-28,10:18:25.839368327,T,IBM,I,2,307.22
2025-11-28,10:18:25.839372383,T,IBM,,50,307.22
2025-11-28,10:18:25.839372383,T,IBM,,100,307.23
2025-11-28,10:18:25.839374323,T,IBM,,44,307.24
2025-11-28,10:18:25.839377381,T,IBM,I,12,307.24
2025-11-28,10:18:25.847436770,T,IBM,I,1,307.24
2025-11-28,10:18:25.847436770,T,IBM,,50,307.24
2025-11-28,10:18:25.847439570,T,IBM,,43,307.24
2025-11-28,10:18:25.847442528,T,IBM,I,10,307.24
2025-11-28,10:18:25.853228370,T,IBM,I,20,307.25
2025-11-28,10:18:25.853231321,T,IBM,I,20,307.25
2025-11-28,10:18:25.859360027,T,IBM,I,20,307.29
2025-11-28,10:18:25.859363096,T,IBM,I,26,307.29
2025-11-28,10:18:25.859365897,T,IBM,,43,307.29
2025-11-28,10:18:25.864896097,T,IBM,F I,1,307.3
2025-11-28,10:18:25.864923134,T,IBM,F I,6,307.3
2025-11-28,10:18:25.864992264,T,IBM,F I,13,307.3
2025-11-28,10:18:25.869467167,T,IBM,,48,307.33
2025-11-28,10:18:25.869467167,T,IBM,,43,307.33
2025-11-28,10:18:26.003862887,T,IBM,F I,20,307.39
2025-11-28,10:18:26.010229102,T,IBM,,50,307.44
2025-11-28,10:18:26.010232209,T,IBM,I,19,307.47
2025-11-28,10:18:26.010235164,T,IBM,I,11,307.47
2025-11-28,10:18:26.010235164,T,IBM,I,20,307.49
2025-11-28,10:18:26.010238154,T,IBM,I,1,307.49
2025-11-28,10:18:26.279670553,T,IBM,,45,307.42
2025-11-28,10:18:26.279700612,T,IBM,F I,5,307.42
2025-11-28,10:18:37.431869755,T,IBM,,100,307.45
2025-11-28,10:18:37.431869755,T,IBM,I,2,307.46
2025-11-28,10:18:37.431875631,T,IBM,I,1,307.46
2025-11-28,10:18:37.431875631,T,IBM,I,25,307.47
2025-11-28,10:18:37.431875631,T,IBM,I,20,307.47
2025-11-28,10:18:37.431881466,T,IBM,,100,307.47
2025-11-28,10:18:37.431881466,T,IBM,,116,307.48
2025-11-28,10:18:37.436984580,T,IBM,I,33,307.5
2025-11-28,10:18:38.738176305,T,IBM,F I,28,307.6
2025-11-28,10:18:38.738176305,T,IBM,F,57,307.6
2025-11-28,10:18:38.738194283,T,IBM,F I,11,307.59
2025-11-28,10:18:38.738197222,T,IBM,I,1,307.59
2025-11-28,10:18:38.738243028,T,IBM,I,3,307.59
2025-11-28,10:18:41.768493107,T,IBM,,100,307.625
2025-11-28,10:18:41.768517192,T,IBM,F,50,307.62
2025-11-28,10:18:42.189387088,T,IBM,,40,307.58
2025-11-28,10:18:42.189450262,T,IBM,,40,307.56
2025-11-28,10:18:44.658008890,T,IBM,I,2,307.6
2025-11-28,10:18:44.658011978,T,IBM,I,2,307.6
2025-11-28,10:18:44.658011978,T,IBM,I,21,307.6
2025-11-28,10:18:46.606154711,T,IBM,,51,307.61
2025-11-28,10:18:47.822460175,T,IBM,,40,307.66
2025-11-28,10:18:49.289680077,T,IBM,I,27,307.68
2025-11-28,10:18:49.289683007,T,IBM,,40,307.68
2025-11-28,10:18:49.290461873,T,IBM,F,40,307.71
2025-11-28,10:18:49.324217331,T,IBM,I,30,307.72
2025-11-28,10:18:50.085416431,T,IBM,I,1,307.745
2025-11-28,10:18:53.605052203,T,IBM,I,11,307.765
2025-11-28,10:18:57.388428110,T,IBM,I,12,307.82
2025-11-28,10:18:57.388449430,T,IBM,I,23,307.82
2025-11-28,10:18:57.388473031,T,IBM,I,1,307.82
2025-11-28,10:18:57.388668485,T,IBM,I,2,307.82
2025-11-28,10:18:57.389053849,T,IBM,F I,2,307.8
2025-11-28,10:18:57.389053849,T,IBM,F I,37,307.81
2025-11-28,10:18:57.389399228,T,IBM,I,5,307.82
2025-11-28,10:18:57.389705998,T,IBM,I,20,307.83
2025-11-28,10:18:57.389705998,T,IBM,I,3,307.83
2025-11-28,10:18:57.389811163,T,IBM,I,5,307.83
2025-11-28,10:18:57.389829188,T,IBM,F I,16,307.83
2025-11-28,10:18:58.876794057,T,IBM,F I,2,307.74
2025-11-28,10:18:58.876797072,T,IBM,F,81,307.7
2025-11-28,10:18:58.876819659,T,IBM,F,119,307.7
2025-11-28,10:18:58.876819659,T,IBM,F I,20,307.7
2025-11-28,10:18:58.876824284,T,IBM,F I,10,307.7
2025-11-28,10:18:58.876824284,T,IBM,F I,17,307.7
2025-11-28,10:18:58.876824284,T,IBM,I,1,307.7
2025-11-28,10:18:58.876839320,T,IBM,I,20,307.7
2025-11-28,10:18:58.876842254,T,IBM,I,15,307.7
2025-11-28,10:18:58.876866511,T,IBM,I,4,307.7
2025-11-28,10:18:58.907061223,T,IBM,I,25,307.67
2025-11-28,10:19:00.632629044,T,IBM,,100,307.63
2025-11-28,10:19:00.632632274,T,IBM,I,2,307.66
2025-11-28,10:19:00.632632274,T,IBM,,50,307.66
2025-11-28,10:19:00.632635047,T,IBM,,100,307.66
2025-11-28,10:19:00.632638034,T,IBM,I,2,307.68
2025-11-28,10:19:00.632641308,T,IBM,,50,307.68
2025-11-28,10:19:00.632641308,T,IBM,I,9,307.68
2025-11-28,10:19:00.632644330,T,IBM,,45,307.69
2025-11-28,10:19:00.632648314,T,IBM,,50,307.69
2025-11-28,10:19:00.632648314,T,IBM,I,3,307.7
2025-11-28,10:19:00.632656195,T,IBM,I,21,307.7
2025-11-28,10:19:00.632656195,T,IBM,,250,307.7
2025-11-28,10:19:00.632689207,T,IBM,,100,307.7
2025-11-28,10:19:00.632929835,T,IBM,,100,307.66
2025-11-28,10:19:00.632971849,T,IBM,F,100,307.66
2025-11-28,10:19:00.632975186,T,IBM,F,100,307.66
2025-11-28,10:19:00.633597683,T,IBM,F,100,307.66
2025-11-28,10:19:00.633600404,T,IBM,F I,2,307.66
2025-11-28,10:19:00.633603338,T,IBM,F,80,307.66
2025-11-28,10:19:00.633603338,T,IBM,F I,18,307.66
2025-11-28,10:19:00.640634403,T,IBM,,100,307.64
2025-11-28,10:19:00.640634403,T,IBM,I,18,307.65
2025-11-28,10:19:00.640640165,T,IBM,I,2,307.65
2025-11-28,10:19:00.640640165,T,IBM,,100,307.65
2025-11-28,10:19:00.640644105,T,IBM,,100,307.65
2025-11-28,10:19:00.640644105,T,IBM,I,2,307.65
2025-11-28,10:19:00.640646433,T,IBM,I,2,307.65
2025-11-28,10:19:00.640646433,T,IBM,,50,307.65
2025-11-28,10:19:00.647036378,T,IBM,I,1,307.67
2025-11-28,10:19:00.647036378,T,IBM,I,2,307.67
2025-11-28,10:19:00.659212426,T,IBM,,100,307.69
2025-11-28,10:19:00.659212426,T,IBM,,100,307.73
2025-11-28,10:19:00.659218370,T,IBM,,100,307.74
2025-11-28,10:19:00.659218370,T,IBM,I,25,307.74
2025-11-28,10:19:00.659221378,T,IBM,I,30,307.75
2025-11-28,10:19:00.659221378,T,IBM,,100,307.75
2025-11-28,10:19:00.659224553,T,IBM,I,30,307.75
2025-11-28,10:19:00.659224553,T,IBM,,44,307.75
2025-11-28,10:19:00.659227404,T,IBM,,100,307.75
2025-11-28,10:19:00.659230437,T,IBM,I,31,307.75
2025-11-28,10:19:00.659236621,T,IBM,I,1,307.75
2025-11-28,10:19:01.216253093,T,IBM,F I,2,307.68
2025-11-28,10:19:01.216255658,T,IBM,F,50,307.66
2025-11-28,10:19:01.216258410,T,IBM,F,50,307.66
2025-11-28,10:19:01.216258410,T,IBM,F I,23,307.66
2025-11-28,10:19:01.216309552,T,IBM,F,100,307.66
2025-11-28,10:19:02.978080722,T,IBM,I,2,307.7
2025-11-28,10:19:02.978083843,T,IBM,,50,307.68
2025-11-28,10:19:02.978083843,T,IBM,,48,307.68
2025-11-28,10:19:07.940488330,T,IBM,F I,13,307.74
2025-11-28,10:19:07.940491259,T,IBM,F,100,307.74
2025-11-28,10:19:07.940494920,T,IBM,F,56,307.74
2025-11-28,10:19:07.940497731,T,IBM,F,100,307.74
2025-11-28,10:19:07.940497731,T,IBM,F,100,307.74
2025-11-28,10:19:07.940500370,T,IBM,F I,20,307.74
2025-11-28,10:19:07.940515412,T,IBM,F,80,307.75
2025-11-28,10:19:07.940927394,T,IBM,,100,307.82
2025-11-28,10:19:09.230339927,T,IBM,F I,24,307.74
2025-11-28,10:19:09.230339927,T,IBM,F,100,307.74
2025-11-28,10:19:09.230394099,T,IBM,,40,307.71
2025-11-28,10:19:09.230418074,T,IBM,F I,5,307.7
2025-11-28,10:19:10.164510871,T,IBM,F I,2,307.72
2025-11-28,10:19:10.164513833,T,IBM,F I,38,307.72
2025-11-28,10:19:13.488425756,T,IBM,,40,307.65
2025-11-28,10:19:20.509880169,T,IBM,F I,1,307.57
2025-11-28,10:19:25.532199220,T,IBM,I,14,307.58
2025-11-28,10:19:25.532220205,T,IBM,I,26,307.58
2025-11-28,10:19:26.544917266,T,IBM,I,19,307.57
2025-11-28,10:19:26.554720603,T,IBM,,40,307.53
2025-11-28,10:19:26.556654232,T,IBM,,50,307.53
2025-11-28,10:19:28.765349108,T,IBM,F I,2,307.58
2025-11-28,10:19:28.765349108,T,IBM,F I,5,307.58
2025-11-28,10:19:40.317370878,T,IBM,I,5,307.57
2025-11-28,10:19:47.002146631,T,IBM,,40,307.54
2025-11-28,10:19:48.516626983,T,IBM,I,30,307.54
2025-11-28,10:19:48.547510538,T,IBM,I,5,307.54
2025-11-28,10:20:01.090099456,T,IBM,I,1,307.68
2025-11-28,10:20:03.902057586,T,IBM,I,1,307.66
2025-11-28,10:20:07.056203397,T,IBM,I,1,307.62
2025-11-28,10:20:15.074774493,T,IBM,I,1,307.67
2025-11-28,10:20:15.948336133,T,IBM,I,1,307.67
2025-11-28,10:20:17.887707090,T,IBM,I,1,307.665
2025-11-28,10:20:18.847721481,T,IBM,I,3,307.54
2025-11-28,10:20:20.760572308,T,IBM,I,37,307.54
2025-11-28,10:20:20.760572308,T,IBM,I,20,307.51
2025-11-28,10:20:20.760578258,T,IBM,I,5,307.5
2025-11-28,10:20:20.760578258,T,IBM,I,2,307.5
2025-11-28,10:20:20.760581267,T,IBM,,89,307.5
2025-11-28,10:20:20.760590201,T,IBM,F,57,307.5
2025-11-28,10:20:20.760611884,T,IBM,F I,4,307.49
2025-11-28,10:20:23.938218961,T,IBM,I,1,307.48
2025-11-28,10:20:31.868013017,T,IBM,F I,3,307.5
2025-11-28,10:20:31.868587045,T,IBM,F I,11,307.5
2025-11-28,10:20:31.869116332,T,IBM,F I,6,307.5
2025-11-28,10:20:31.869465151,T,IBM,,40,307.44
2025-11-28,10:20:31.871080012,T,IBM,I,3,307.51
2025-11-28,10:20:31.872009229,T,IBM,I,7,307.55
2025-11-28,10:20:31.872523427,T,IBM,I,5,307.55
2025-11-28,10:20:35.545340940,T,IBM,I,1,307.48
2025-11-28,10:20:37.393997941,T,IBM,I,6,307.49
2025-11-28,10:20:39.923544854,T,IBM,I,3,307.61
2025-11-28,10:20:39.923574850,T,IBM,F I,2,307.61
2025-11-28,10:20:39.923710307,T,IBM,F I,7,307.66
2025-11-28,10:20:41.467732834,T,IBM,I,1,307.74
2025-11-28,10:20:43.790699950,T,IBM,,40,307.76
2025-11-28,10:20:44.147719337,T,IBM,I,2,307.78
2025-11-28,10:20:44.147719337,T,IBM,I,38,307.78
2025-11-28,10:20:45.966526837,T,IBM,,40,307.76
2025-11-28,10:20:48.667758249,T,IBM,I,2,307.74
2025-11-28,10:20:48.667761360,T,IBM,,47,307.74
2025-11-28,10:20:53.175017335,T,IBM,I,20,307.66
2025-11-28,10:20:53.176115025,T,IBM,I,3,307.66
2025-11-28,10:20:53.176211169,T,IBM,,40,307.62
2025-11-28,10:20:53.176244306,T,IBM,I,7,307.66
2025-11-28,10:20:53.176358541,T,IBM,I,4,307.665
2025-11-28,10:20:53.176421677,T,IBM,I,6,307.65
2025-11-28,10:20:53.177044338,T,IBM,I,15,307.65
2025-11-28,10:20:53.248873226,T,IBM,I,6,307.655
2025-11-28,10:20:55.877899817,T,IBM,F,40,307.6
2025-11-28,10:21:14.032737411,T,IBM,F,40,307.61
2025-11-28,10:21:14.032737411,T,IBM,F I,6,307.61
2025-11-28,10:21:29.609128580,T,IBM,,40,307.5
2025-11-28,10:21:29.609227760,T,IBM,F I,1,307.49
2025-11-28,10:22:03.139394689,T,IBM,,50,307.64
2025-11-28,10:22:03.139397742,T,IBM,I,35,307.64
2025-11-28,10:22:05.766385402,T,IBM,,50,307.62
2025-11-28,10:22:05.766389295,T,IBM,I,23,307.62
2025-11-28,10:22:05.766389295,T,IBM,I,2,307.62
2025-11-28,10:22:05.766391436,T,IBM,I,2,307.62
2025-11-28,10:22:43.943779611,T,IBM,F I,2,307.58
2025-11-28,10:22:43.943782403,T,IBM,F I,2,307.58
2025-11-28,10:22:43.943806427,T,IBM,F I,20,307.57
2025-11-28,10:22:43.943809415,T,IBM,F,73,307.56
2025-11-28,10:22:43.943830510,T,IBM,F I,7,307.56
2025-11-28,10:22:43.943833456,T,IBM,F I,5,307.56
2025-11-28,10:22:43.943833456,T,IBM,F I,8,307.56
2025-11-28,10:23:09.631768982,T,IBM,I,1,307.5
2025-11-28,10:23:12.164265803,T,IBM,I,15,307.5
2025-11-28,10:23:45.674410635,T,IBM,,40,307.555
2025-11-28,10:23:49.215057577,T,IBM,I,3,307.55
2025-11-28,10:23:49.215075618,T,IBM,I,2,307.55
2025-11-28,10:24:26.998757298,T,IBM,I,1,307.575
2025-11-28,10:24:52.600850465,T,IBM,I,4,307.575
2025-11-28,10:24:59.756114307,T,IBM,I,20,307.57
2025-11-28,10:24:59.756198496,T,IBM,F I,8,307.575
2025-11-28,10:24:59.756213519,T,IBM,F I,35,307.575
2025-11-28,10:24:59.756216492,T,IBM,F I,8,307.58
2025-11-28,10:24:59.756586387,T,IBM,F I,1,307.6
2025-11-28,10:25:01.502533759,T,IBM,,76,307.615
2025-11-28,10:25:01.505718428,T,IBM,F I,2,307.61
2025-11-28,10:25:11.894940962,T,IBM,I,5,307.65
2025-11-28,10:25:18.677410199,T,IBM,I,2,307.71
2025-11-28,10:25:18.677458389,T,IBM,I,30,307.66
2025-11-28,10:25:18.677657605,T,IBM,I,1,307.73
2025-11-28,10:25:18.677660106,T,IBM,I,1,307.73
2025-11-28,10:25:18.677662801,T,IBM,I,1,307.73
2025-11-28,10:25:31.014276662,T,IBM,I,5,307.64
2025-11-28,10:25:31.014297659,T,IBM,I,11,307.65
2025-11-28,10:25:31.014327750,T,IBM,F I,39,307.64
2025-11-28,10:25:38.675197038,T,IBM,I,10,307.675
2025-11-28,10:25:39.460925536,T,IBM,I,1,307.65
2025-11-28,10:25:39.460988618,T,IBM,I,1,307.65
2025-11-28,10:25:39.461093975,T,IBM,I,14,307.64
2025-11-28,10:25:39.462492709,T,IBM,F I,1,307.6
2025-11-28,10:25:39.462492709,T,IBM,F I,6,307.6
2025-11-28,10:25:39.462510386,T,IBM,I,6,307.6
2025-11-28,10:25:39.462513298,T,IBM,I,7,307.6
2025-11-28,10:25:39.462799032,T,IBM,F I,7,307.6
2025-11-28,10:26:24.504652462,T,IBM,I,12,307.51
2025-11-28,10:26:24.504743674,T,IBM,F I,10,307.5
2025-11-28,10:26:24.504743674,T,IBM,F I,10,307.5
2025-11-28,10:26:24.504748646,T,IBM,F,80,307.5
2025-11-28,10:26:24.504748646,T,IBM,F I,12,307.5
2025-11-28,10:26:24.504761301,T,IBM,F I,1,307.5
2025-11-28,10:26:24.505148775,T,IBM,F I,36,307.49
2025-11-28,10:26:24.505148775,T,IBM,F I,1,307.49
2025-11-28,10:26:39.428409017,T,IBM,F,100,307.51
2025-11-28,10:26:39.429199861,T,IBM,,40,307.49
2025-11-28,10:26:39.444136409,T,IBM,F I,1,307.48
2025-11-28,10:26:39.446265505,T,IBM,F I,20,307.43
2025-11-28,10:26:39.446317303,T,IBM,I,6,307.42
2025-11-28,10:26:39.446331641,T,IBM,F,100,307.43
2025-11-28,10:26:39.963430701,T,IBM,F I,5,307.42
2025-11-28,10:26:39.963433748,T,IBM,F I,6,307.42
2025-11-28,10:26:39.963683306,T,IBM,F I,5,307.41
2025-11-28,10:26:59.272677436,T,IBM,I,1,307.405
2025-11-28,10:26:59.585163373,T,IBM,F I,2,307.33
2025-11-28,10:26:59.585178396,T,IBM,F,40,307.33
2025-11-28,10:26:59.585220491,T,IBM,F,40,307.32
2025-11-28,10:26:59.585223474,T,IBM,F I,6,307.32
2025-11-28,10:26:59.585244580,T,IBM,,40,307.32
2025-11-28,10:26:59.588720804,T,IBM,,80,307.285
2025-11-28,10:27:01.559224855,T,IBM,F,50,307.24
2025-11-28,10:27:01.559224855,T,IBM,F I,2,307.24
2025-11-28,10:27:01.559251931,T,IBM,F I,5,307.23
2025-11-28,10:27:01.559263901,T,IBM,F I,1,307.22
2025-11-28,10:27:01.559263901,T,IBM,F I,2,307.22
2025-11-28,10:27:01.559528622,T,IBM,,50,307.21
2025-11-28,10:27:11.454365218,T,IBM,F I,5,307.14
2025-11-28,10:27:11.454383890,T,IBM,I,5,307.14
2025-11-28,10:27:11.454434339,T,IBM,F,95,307.14
2025-11-28,10:27:11.454602808,T,IBM,,100,307.14
2025-11-28,10:27:11.454828322,T,IBM,,45,307.11
2025-11-28,10:27:11.454828322,T,IBM,,45,307.12
2025-11-28,10:27:11.454900469,T,IBM,I,10,307.125
2025-11-28,10:27:11.454951609,T,IBM,I,35,307.11
2025-11-28,10:27:11.455210206,T,IBM,I,9,307.05
2025-11-28,10:27:11.695936349,T,IBM,,45,307.05
2025-11-28,10:27:11.695960390,T,IBM,F,46,307.05
2025-11-28,10:27:11.990541585,T,IBM,,40,307.01
2025-11-28,10:27:30.237729141,T,IBM,I,2,307.06
2025-11-28,10:27:30.237729141,T,IBM,I,38,307.06
2025-11-28,10:27:33.676267789,T,IBM,I,20,307.095
2025-11-28,10:27:33.832889604,T,IBM,I,20,307.095
2025-11-28,10:27:36.257215983,T,IBM,,45,307.12
2025-11-28,10:27:36.257215983,T,IBM,,50,307.14
2025-11-28,10:27:36.257219557,T,IBM,I,2,307.16
2025-11-28,10:27:36.257222268,T,IBM,I,1,307.16
2025-11-28,10:27:36.257225014,T,IBM,I,37,307.17
2025-11-28,10:27:36.275900314,T,IBM,,45,307.17
2025-11-28,10:27:36.275900314,T,IBM,I,32,307.18
2025-11-28,10:27:36.275906417,T,IBM,I,30,307.18
2025-11-28,10:27:36.275906417,T,IBM,I,20,307.18
2025-11-28,10:27:36.275908584,T,IBM,,76,307.18
2025-11-28,10:27:36.275911538,T,IBM,I,5,307.18
2025-11-28,10:27:36.275923484,T,IBM,F,45,307.18
2025-11-28,10:27:36.421079121,T,IBM,I,30,307.18
2025-11-28,10:27:37.237670077,T,IBM,F I,2,307.16
2025-11-28,10:27:37.237676046,T,IBM,F,50,307.16
2025-11-28,10:27:37.237676046,T,IBM,F I,2,307.16
2025-11-28,10:27:41.022964591,T,IBM,I,25,307.12
2025-11-28,10:27:42.328705789,T,IBM,F,40,307.1
2025-11-28,10:27:42.328723985,T,IBM,I,1,307.1
2025-11-28,10:27:42.328723985,T,IBM,F I,5,307.1
2025-11-28,10:27:42.328729909,T,IBM,F I,5,307.1
2025-11-28,10:27:42.328751303,T,IBM,F,89,307.1
2025-11-28,10:27:42.328754007,T,IBM,F,120,307.1
2025-11-28,10:27:42.328756936,T,IBM,F I,5,307.09
2025-11-28,10:27:42.328934402,T,IBM,F I,7,307.09
2025-11-28,10:27:42.329662142,T,IBM,,80,307.09
2025-11-28,10:27:42.330470979,T,IBM,F I,20,307.09
2025-11-28,10:27:42.344751991,T,IBM,,80,307.085
2025-11-28,10:27:42.974983396,T,IBM,I,1,307.2
2025-11-28,10:27:43.110930990,T,IBM,I,25,307.2
2025-11-28,10:27:43.111418172,T,IBM,I,2,307.2
2025-11-28,10:27:43.269651843,T,IBM,I,10,307.2
2025-11-28,10:27:43.280140803,T,IBM,I,2,307.2
2025-11-28,10:27:43.296800463,T,IBM,I,7,307.19
2025-11-28,10:27:43.297766641,T,IBM,I,30,307.2
2025-11-28,10:27:43.297768802,T,IBM,I,10,307.2
2025-11-28,10:27:46.382190604,T,IBM,I,11,307.19
2025-11-28,10:27:49.464206689,T,IBM,I,36,307.19
2025-11-28,10:27:50.479456605,T,IBM,,100,307.17
2025-11-28,10:27:53.904096263,T,IBM,,50,307.08
2025-11-28,10:28:04.600488204,T,IBM,,50,307.16
2025-11-28,10:28:04.600494257,T,IBM,,80,307.165
2025-11-28,10:28:04.600539319,T,IBM,F I,8,307.2
2025-11-28,10:28:05.088703460,T,IBM,F I,8,307.2
2025-11-28,10:28:05.088823761,T,IBM,F I,8,307.2
2025-11-28,10:28:05.088862885,T,IBM,I,16,307.2
2025-11-28,10:28:05.088862885,T,IBM,I,24,307.21
2025-11-28,10:28:07.816909203,T,IBM,I,14,307.16
2025-11-28,10:28:13.060188350,T,IBM,F I,32,307.05
2025-11-28,10:28:13.060302670,T,IBM,I,8,307.05
2025-11-28,10:28:13.060416964,T,IBM,,40,307.02
2025-11-28,10:28:24.541235343,T,IBM,F,200,307.01
2025-11-28,10:28:24.541250310,T,IBM,F,80,307.01
2025-11-28,10:28:24.541355620,T,IBM,I,20,307.0
2025-11-28,10:28:41.456985239,T,IBM,,100,306.95
2025-11-28,10:28:44.196892581,T,IBM,F I,6,307.0
2025-11-28,10:28:44.196892581,T,IBM,F I,2,307.0
2025-11-28,10:28:44.196894749,T,IBM,F I,7,307.0
2025-11-28,10:28:44.196898061,T,IBM,F I,9,307.0
2025-11-28,10:28:44.196903734,T,IBM,F I,36,307.0
2025-11-28,10:28:44.196903734,T,IBM,F,40,307.0
2025-11-28,10:28:44.196918813,T,IBM,I,25,307.0
2025-11-28,10:28:44.196930784,T,IBM,F I,15,307.0
2025-11-28,10:28:44.197511208,T,IBM,I,13,307.0
2025-11-28,10:28:44.197658708,T,IBM,I,14,306.97
2025-11-28,10:28:47.511487431,T,IBM,,80,307.015
2025-11-28,10:28:59.493196267,T,IBM,I,10,307.015
2025-11-28,10:29:19.088550098,T,IBM,,40,306.92
2025-11-28,10:29:19.088577182,T,IBM,F,40,306.91
2025-11-28,10:29:19.088580145,T,IBM,F I,6,306.91
2025-11-28,10:29:19.088658415,T,IBM,I,2,306.91
2025-11-28,10:29:25.108605640,T,IBM,,40,306.865
2025-11-28,10:29:25.108605640,T,IBM,,60,306.865
2025-11-28,10:29:25.611264195,T,IBM,I,22,306.81
2025-11-28,10:29:25.611306196,T,IBM,,72,306.81
2025-11-28,10:29:25.693930919,T,IBM,I,6,306.81
2025-11-28,10:29:25.693930919,T,IBM,I,34,306.79
2025-11-28,10:29:25.693949017,T,IBM,F I,6,306.79
2025-11-28,10:29:26.686825656,T,IBM,I,2,306.84
2025-11-28,10:29:52.661771044,T,IBM,F I,2,306.84
2025-11-28,10:29:52.661782975,T,IBM,F,48,306.84
2025-11-28,10:29:53.664874977,T,IBM,F,40,306.86
2025-11-28,10:29:53.664887000,T,IBM,F I,10,306.86
2025-11-28,10:30:03.673556694,T,IBM,,100,306.865
2025-11-28,10:30:06.325693452,T,IBM,F I,20,306.8
2025-11-28,10:30:06.325693452,T,IBM,F I,13,306.8
2025-11-28,10:30:06.326321956,T,IBM,,40,306.79
2025-11-28,10:30:06.326342943,T,IBM,I,1,306.79
2025-11-28,10:30:06.326376068,T,IBM,I,10,306.83
2025-11-28,10:30:06.326433165,T,IBM,,40,306.86
2025-11-28,10:30:06.326451464,T,IBM,F I,7,306.86
2025-11-28,10:30:06.326454266,T,IBM,I,1,306.86
2025-11-28,10:30:06.460215718,T,IBM,I,6,306.86
2025-11-28,10:30:38.627069463,T,IBM,I,10,306.845
2025-11-28,10:30:38.627442332,T,IBM,I,10,306.845
2025-11-28,10:30:38.627448333,T,IBM,I,13,306.845
2025-11-28,10:30:38.951698610,T,IBM,F I,13,306.9
2025-11-28,10:30:38.951701458,T,IBM,F I,37,306.9
2025-11-28,10:30:38.951704330,T,IBM,F,40,306.9
2025-11-28,10:30:38.952387778,T,IBM,F,40,306.94
2025-11-28,10:30:38.952387778,T,IBM,F,40,306.94
2025-11-28,10:30:38.952390222,T,IBM,F I,2,306.94
2025-11-28,10:30:38.952393134,T,IBM,F I,2,306.94
2025-11-28,10:30:38.952395979,T,IBM,F,40,306.94
2025-11-28,10:30:38.952395979,T,IBM,F I,12,306.94
2025-11-28,10:30:47.344681793,T,IBM,I,3,306.94
2025-11-28,10:30:47.344723913,T,IBM,F I,3,306.94
2025-11-28,10:30:47.344961421,T,IBM,I,1,306.955
2025-11-28,10:30:47.345123862,T,IBM,F I,1,306.99
2025-11-28,10:30:47.345845648,T,IBM,F I,3,307.0
2025-11-28,10:30:47.345848538,T,IBM,F I,5,307.0
2025-11-28,10:30:48.487317963,T,IBM,F I,5,307.0
2025-11-28,10:30:48.487320992,T,IBM,F,42,307.0
2025-11-28,10:30:48.487676168,T,IBM,,45,306.96
2025-11-28,10:30:48.487904413,T,IBM,I,1,307.0
2025-11-28,10:30:48.488253277,T,IBM,F I,19,307.03
2025-11-28,10:30:48.488253277,T,IBM,F I,3,307.03
2025-11-28,10:30:55.369189123,T,IBM,I,2,307.085
2025-11-28,10:31:08.088160125,T,IBM,I,1,307.09
2025-11-28,10:31:10.488910434,T,IBM,I,4,307.09
2025-11-28,10:31:26.159206537,T,IBM,I,5,307.15
2025-11-28,10:31:26.159206537,T,IBM,I,7,307.16
2025-11-28,10:31:26.159269409,T,IBM,F I,33,307.16
2025-11-28,10:31:26.159269409,T,IBM,F I,13,307.16
2025-11-28,10:31:26.159272472,T,IBM,F,40,307.16
2025-11-28,10:31:26.159275484,T,IBM,,40,307.16
2025-11-28,10:31:26.159723556,T,IBM,I,2,307.15
2025-11-28,10:31:26.159723556,T,IBM,I,13,307.16
2025-11-28,10:31:26.162634436,T,IBM,F I,2,307.19
2025-11-28,10:31:26.165548337,T,IBM,I,18,307.19
2025-11-28,10:31:26.173779097,T,IBM,I,6,307.16
2025-11-28,10:31:27.499548178,T,IBM,I,20,307.17
2025-11-28,10:31:27.901951410,T,IBM,F,40,307.12
2025-11-28,10:31:27.901951410,T,IBM,F I,9,307.12
2025-11-28,10:31:27.901954081,T,IBM,F I,1,307.12
2025-11-28,10:31:42.042640510,T,IBM,I,9,307.08
2025-11-28,10:31:42.042655562,T,IBM,I,3,307.08
2025-11-28,10:31:56.609865652,T,IBM,F,250,307.1
2025-11-28,10:32:21.268379054,T,IBM,I,7,307.14
2025-11-28,10:32:21.268385059,T,IBM,I,25,307.14
2025-11-28,10:32:21.268391388,T,IBM,I,23,307.16
2025-11-28,10:32:21.268550926,T,IBM,F I,17,307.16
2025-11-28,10:32:21.268554050,T,IBM,F I,9,307.17
2025-11-28,10:32:21.268556770,T,IBM,F I,17,307.17
2025-11-28,10:32:21.268556770,T,IBM,F I,12,307.17
2025-11-28,10:32:21.268559577,T,IBM,F I,17,307.17
2025-11-28,10:32:21.274624957,T,IBM,F I,7,307.13
2025-11-28,10:32:21.274655090,T,IBM,F I,25,307.12
2025-11-28,10:32:21.274694082,T,IBM,I,14,307.13
2025-11-28,10:32:21.274787394,T,IBM,I,1,307.1
2025-11-28,10:32:21.274898629,T,IBM,F I,6,307.09
2025-11-28,10:32:21.275058046,T,IBM,F I,25,307.12
2025-11-28,10:32:21.275058046,T,IBM,F I,15,307.13
2025-11-28,10:32:21.275776643,T,IBM,,40,307.11
2025-11-28,10:32:21.289149485,T,IBM,F,50,307.05
2025-11-28,10:32:21.289152513,T,IBM,F I,2,307.05
2025-11-28,10:32:21.289155552,T,IBM,F I,25,307.05
2025-11-28,10:32:21.290496798,T,IBM,F,120,307.01
2025-11-28,10:32:21.290526783,T,IBM,F,100,307.0
2025-11-28,10:32:22.291267228,T,IBM,F I,10,306.91
2025-11-28,10:32:22.291330362,T,IBM,F I,4,306.91
2025-11-28,10:32:25.784650682,T,IBM,I,10,306.91
2025-11-28,10:32:34.118621643,T,IBM,F I,17,306.99
2025-11-28,10:32:34.118624987,T,IBM,F I,1,306.99
2025-11-28,10:32:34.118630993,T,IBM,F,44,307.0
2025-11-28,10:32:34.118633622,T,IBM,F I,12,307.0
2025-11-28,10:32:34.118636769,T,IBM,F I,18,307.0
2025-11-28,10:32:34.118636769,T,IBM,F,40,307.0
2025-11-28,10:32:46.013445137,T,IBM,F I,13,307.03
2025-11-28,10:32:46.013456877,T,IBM,I,27,307.03
2025-11-28,10:32:46.013471895,T,IBM,F I,21,307.04
2025-11-28,10:32:46.013501947,T,IBM,I,13,307.04
2025-11-28,10:32:46.013779111,T,IBM,I,6,307.04
2025-11-28,10:32:46.013781607,T,IBM,I,7,307.07
2025-11-28,10:32:46.013802732,T,IBM,I,6,307.07
2025-11-28,10:32:46.013835834,T,IBM,I,21,307.08
2025-11-28,10:32:46.022186782,T,IBM,,40,307.045
2025-11-28,10:32:51.026673351,T,IBM,F,40,307.05
2025-11-28,10:32:51.026676378,T,IBM,F I,14,307.05
2025-11-28,10:33:14.949362199,T,IBM,I,34,306.96
2025-11-28,10:33:19.150892318,T,IBM,I,2,307.0
2025-11-28,10:33:19.150898401,T,IBM,I,13,307.0
2025-11-28,10:33:19.151202044,T,IBM,I,15,307.02
2025-11-28,10:33:20.305927344,T,IBM,I,14,307.04
2025-11-28,10:33:20.305927344,T,IBM,I,10,307.04
2025-11-28,10:33:20.305930046,T,IBM,I,14,307.04
2025-11-28,10:33:32.684367473,T,IBM,I,7,307.03
2025-11-28,10:33:54.164933538,T,IBM,F I,12,306.99
2025-11-28,10:34:10.728620388,T,IBM,,40,307.01
2025-11-28,10:34:21.343250603,T,IBM,F,40,307.07
2025-11-28,10:34:21.343358886,T,IBM,F I,4,307.08
2025-11-28,10:34:21.343367916,T,IBM,F I,12,307.08
2025-11-28,10:34:22.192012200,T,IBM,I,10,307.1
2025-11-28,10:34:37.986049877,T,IBM,,42,307.075
2025-11-28,10:34:37.986272378,T,IBM,I,30,307.04
2025-11-28,10:34:39.972002042,T,IBM,I,25,307.08
2025-11-28,10:34:39.972002042,T,IBM,I,13,307.09
2025-11-28,10:34:39.972010675,T,IBM,I,13,307.09
2025-11-28,10:34:39.972246787,T,IBM,F I,11,307.11
2025-11-28,10:34:39.972246787,T,IBM,F I,16,307.11
2025-11-28,10:34:39.972251292,T,IBM,F I,10,307.11
2025-11-28,10:34:39.972254335,T,IBM,F I,1,307.12
2025-11-28,10:34:39.972293410,T,IBM,F I,11,307.12
2025-11-28,10:34:39.972317910,T,IBM,I,5,307.12
2025-11-28,10:34:39.972326470,T,IBM,F,50,307.12
2025-11-28,10:34:39.972684307,T,IBM,F I,5,307.13
2025-11-28,10:34:40.258168990,T,IBM,I,25,307.12
2025-11-28,10:34:40.258171915,T,IBM,I,25,307.1
2025-11-28,10:34:44.212601016,T,IBM,F,40,307.09
2025-11-28,10:34:44.212601016,T,IBM,F I,5,307.09
2025-11-28,10:34:44.212603919,T,IBM,F I,18,307.09
2025-11-28,10:35:21.218253179,T,IBM,F I,5,307.17
2025-11-28,10:35:21.218268259,T,IBM,F I,7,307.17
2025-11-28,10:35:21.218271477,T,IBM,F I,5,307.18
2025-11-28,10:35:21.218274319,T,IBM,F I,19,307.18
2025-11-28,10:35:21.218274319,T,IBM,F I,5,307.18
2025-11-28,10:35:21.218280518,T,IBM,F I,16,307.18
2025-11-28,10:35:21.218280518,T,IBM,F I,20,307.21
2025-11-28,10:35:21.218280518,T,IBM,F I,11,307.21
2025-11-28,10:35:21.218292358,T,IBM,I,1,307.17
2025-11-28,10:35:21.218298799,T,IBM,I,1,307.17
2025-11-28,10:35:21.218463720,T,IBM,F,40,307.21
2025-11-28,10:35:21.218463720,T,IBM,F,40,307.21
2025-11-28,10:35:21.222800078,T,IBM,I,10,307.22
2025-11-28,10:35:21.250321744,T,IBM,I,5,307.23
2025-11-28,10:35:21.250321744,T,IBM,I,5,307.23
2025-11-28,10:35:21.250387744,T,IBM,F,40,307.24
2025-11-28,10:35:21.319245707,T,IBM,I,13,307.26
2025-11-28,10:35:21.386513135,T,IBM,F I,7,307.26
2025-11-28,10:35:21.386515764,T,IBM,F I,2,307.26
2025-11-28,10:35:21.386521848,T,IBM,I,8,307.26
2025-11-28,10:35:28.268377830,T,IBM,I,10,307.24
2025-11-28,10:35:32.594786369,T,IBM,,40,307.255
2025-11-28,10:35:32.596651389,T,IBM,I,10,307.27
2025-11-28,10:35:35.169025847,T,IBM,I,2,307.25
2025-11-28,10:35:36.378712479,T,IBM,I,1,307.28
2025-11-28,10:35:36.379924376,T,IBM,I,5,307.29
2025-11-28,10:35:38.414102253,T,IBM,F I,30,307.22
2025-11-28,10:35:38.414104970,T,IBM,F,61,307.21
2025-11-28,10:35:38.414116991,T,IBM,F I,19,307.21
2025-11-28,10:35:38.414120112,T,IBM,F I,5,307.21
2025-11-28,10:35:38.414123008,T,IBM,F I,6,307.21
2025-11-28,10:35:38.414183190,T,IBM,I,5,307.2
2025-11-28,10:35:41.675344822,T,IBM,I,25,307.14
2025-11-28,10:35:41.675347857,T,IBM,I,15,307.14
2025-11-28,10:35:41.686507365,T,IBM,I,25,307.12
2025-11-28,10:35:41.686525529,T,IBM,I,25,307.12
2025-11-28,10:35:58.013924658,T,IBM,F I,5,307.28
2025-11-28,10:35:58.013928200,T,IBM,F I,5,307.29
2025-11-28,10:35:58.013930664,T,IBM,F,40,307.29
2025-11-28,10:35:58.013933728,T,IBM,F I,10,307.29
2025-11-28,10:35:58.013933728,T,IBM,F I,10,307.29
2025-11-28,10:35:58.014432899,T,IBM,F,40,307.32
2025-11-28,10:35:58.014754681,T,IBM,,100,307.295
2025-11-28,10:35:58.044369179,T,IBM,I,8,307.31
2025-11-28,10:35:58.044408302,T,IBM,I,1,307.31
2025-11-28,10:35:58.044681889,T,IBM,F I,10,307.34
2025-11-28,10:35:58.044690939,T,IBM,F I,30,307.34
2025-11-28,10:35:59.165194486,T,IBM,F I,12,307.38
2025-11-28,10:35:59.165194486,T,IBM,F I,12,307.38
2025-11-28,10:35:59.165257709,T,IBM,F I,20,307.39
2025-11-28,10:36:00.662693400,T,IBM,,40,307.335
2025-11-28,10:36:14.232404745,T,IBM,,45,307.34
2025-11-28,10:36:14.232407757,T,IBM,I,15,307.335
2025-11-28,10:36:16.548903379,T,IBM,F I,20,307.38
2025-11-28,10:36:16.548906664,T,IBM,F I,19,307.39
2025-11-28,10:36:16.548909425,T,IBM,F,40,307.39
2025-11-28,10:36:16.548924514,T,IBM,I,1,307.39
2025-11-28,10:36:16.548951672,T,IBM,F I,9,307.39
2025-11-28,10:36:16.548954588,T,IBM,F I,10,307.39
2025-11-28,10:36:16.555973222,T,IBM,I,2,307.38
2025-11-28,10:36:16.555973222,T,IBM,,45,307.35
2025-11-28,10:36:16.555976262,T,IBM,,40,307.35
2025-11-28,10:36:21.935115987,T,IBM,,70,307.35
2025-11-28,10:36:21.974723238,T,IBM,I,20,307.36
2025-11-28,10:36:21.974825416,T,IBM,F I,2,307.4
2025-11-28,10:36:21.974828721,T,IBM,F I,18,307.4
2025-11-28,10:36:21.974831545,T,IBM,F,67,307.41
2025-11-28,10:36:21.974831545,T,IBM,F I,33,307.41
2025-11-28,10:36:21.974858715,T,IBM,F I,10,307.42
2025-11-28,10:36:21.974861923,T,IBM,F I,10,307.42
2025-11-28,10:36:21.974864703,T,IBM,F,40,307.42
2025-11-28,10:36:21.974870731,T,IBM,F I,10,307.42
2025-11-28,10:36:21.974870731,T,IBM,F I,10,307.42
2025-11-28,10:36:21.974873578,T,IBM,F I,7,307.42
2025-11-28,10:36:21.976269580,T,IBM,,40,307.46
2025-11-28,10:36:21.976271933,T,IBM,I,5,307.46
2025-11-28,10:36:21.976329010,T,IBM,I,35,307.46
2025-11-28,10:36:23.397043925,T,IBM,F I,5,307.51
2025-11-28,10:36:23.397046242,T,IBM,F I,11,307.51
2025-11-28,10:36:23.397049241,T,IBM,F I,18,307.51
2025-11-28,10:36:23.516442504,T,IBM,F I,1,307.54
2025-11-28,10:36:23.517203255,T,IBM,F I,13,307.56
2025-11-28,10:36:23.517206270,T,IBM,F I,12,307.56
2025-11-28,10:36:32.903276928,T,IBM,F I,5,307.59
2025-11-28,10:36:32.903607660,T,IBM,I,1,307.59
2025-11-28,10:36:32.903881352,T,IBM,F I,2,307.59
2025-11-28,10:36:32.981745642,T,IBM,F I,12,307.61
2025-11-28,10:36:38.707328185,T,IBM,F I,10,307.68
2025-11-28,10:36:38.707328185,T,IBM,F I,10,307.68
2025-11-28,10:36:38.707556639,T,IBM,I,10,307.66
2025-11-28,10:36:38.707719058,T,IBM,I,10,307.65
2025-11-28,10:36:39.149326513,T,IBM,F I,2,307.64
2025-11-28,10:36:39.149330242,T,IBM,F,50,307.63
2025-11-28,10:36:39.149332323,T,IBM,F,73,307.63
2025-11-28,10:36:39.149347377,T,IBM,F I,5,307.63
2025-11-28,10:36:39.149380489,T,IBM,F I,5,307.61
2025-11-28,10:36:39.369441477,T,IBM,I,9,307.64
2025-11-28,10:36:39.914359616,T,IBM,,40,307.68
2025-11-28,10:36:39.916900705,T,IBM,,125,307.68
2025-11-28,10:36:41.152809868,T,IBM,F I,2,307.64
2025-11-28,10:36:41.152814059,T,IBM,F I,2,307.64
2025-11-28,10:36:41.152814059,T,IBM,F I,20,307.64
2025-11-28,10:36:41.152815952,T,IBM,F I,25,307.64
2025-11-28,10:36:41.152821991,T,IBM,F,100,307.63
2025-11-28,10:36:41.152821991,T,IBM,F,100,307.63
2025-11-28,10:36:41.152825493,T,IBM,F,80,307.62
2025-11-28,10:36:41.152825493,T,IBM,F,55,307.62
2025-11-28,10:36:41.152828087,T,IBM,F,45,307.62
2025-11-28,10:36:41.152831436,T,IBM,F,40,307.62
2025-11-28,10:36:41.152834138,T,IBM,F,100,307.62
2025-11-28,10:36:41.152834138,T,IBM,F I,35,307.62
2025-11-28,10:36:41.152840034,T,IBM,F,40,307.62
2025-11-28,10:36:41.152842976,T,IBM,F,40,307.62
2025-11-28,10:36:41.152849273,T,IBM,F I,20,307.62
2025-11-28,10:36:41.152852807,T,IBM,F,200,307.62
2025-11-28,10:36:41.152858219,T,IBM,F I,4,307.62
2025-11-28,10:36:41.152858219,T,IBM,F I,20,307.62
2025-11-28,10:36:41.152858219,T,IBM,F I,5,307.62
2025-11-28,10:36:41.152858219,T,IBM,I,26,307.61
2025-11-28,10:36:41.153276032,T,IBM,F I,7,307.65
2025-11-28,10:36:41.153312083,T,IBM,I,13,307.65
2025-11-28,10:36:41.153339195,T,IBM,I,1,307.65
2025-11-28,10:36:41.153468475,T,IBM,F,79,307.65
2025-11-28,10:36:41.917437228,T,IBM,,40,307.7
2025-11-28,10:36:43.021137009,T,IBM,F,50,307.78
2025-11-28,10:36:43.021137009,T,IBM,F I,25,307.76
2025-11-28,10:36:43.021139742,T,IBM,F,50,307.75
2025-11-28,10:36:43.021188714,T,IBM,F,100,307.71
2025-11-28,10:36:43.021190846,T,IBM,F,100,307.71
2025-11-28,10:36:43.021193863,T,IBM,F,100,307.7
2025-11-28,10:36:43.021193863,T,IBM,F,60,307.7
2025-11-28,10:36:43.021200393,T,IBM,F,45,307.7
2025-11-28,10:36:43.021200393,T,IBM,F,100,307.7
2025-11-28,10:36:43.021203106,T,IBM,F I,7,307.7
2025-11-28,10:36:43.021209196,T,IBM,F,40,307.7
2025-11-28,10:36:43.021212026,T,IBM,F I,36,307.7
2025-11-28,10:36:43.021212026,T,IBM,F I,13,307.7
2025-11-28,10:36:43.021218051,T,IBM,F I,23,307.7
2025-11-28,10:36:43.021218051,T,IBM,I,1,307.72
2025-11-28,10:36:43.021218051,T,IBM,F,99,307.72
2025-11-28,10:36:43.021224281,T,IBM,F,79,307.7
2025-11-28,10:36:43.021227395,T,IBM,F,100,307.7
2025-11-28,10:36:43.021227395,T,IBM,F I,1,307.7
2025-11-28,10:36:43.021230299,T,IBM,F,67,307.7
2025-11-28,10:36:43.021233803,T,IBM,F I,33,307.7
2025-11-28,10:36:43.021641843,T,IBM,F,80,307.66
2025-11-28,10:36:43.023786553,T,IBM,F I,4,307.72
2025-11-28,10:36:43.023806981,T,IBM,F I,4,307.72
2025-11-28,10:36:43.023810031,T,IBM,F,52,307.72
2025-11-28,10:36:43.023816197,T,IBM,F I,4,307.73
2025-11-28,10:36:43.023870149,T,IBM,F,100,307.73
2025-11-28,10:36:43.024158839,T,IBM,,86,307.73
2025-11-28,10:36:43.024179920,T,IBM,F I,14,307.75
2025-11-28,10:36:44.747826303,T,IBM,F I,6,307.82
2025-11-28,10:36:44.747826303,T,IBM,F I,27,307.88
2025-11-28,10:36:45.987849641,T,IBM,F I,14,307.82
2025-11-28,10:36:45.987849641,T,IBM,F,40,307.82
2025-11-28,10:36:45.990146742,T,IBM,I,8,307.82
2025-11-28,10:36:55.378575659,T,IBM,I,4,307.77
2025-11-28,10:36:55.378578128,T,IBM,I,2,307.77
2025-11-28,10:36:55.378647270,T,IBM,F I,6,307.77
2025-11-28,10:36:55.437957518,T,IBM,,40,307.74
2025-11-28,10:37:04.446124416,T,IBM,,40,307.73
2025-11-28,10:37:04.446145519,T,IBM,I,1,307.73
2025-11-28,10:37:04.446175518,T,IBM,I,18,307.73
2025-11-28,10:37:04.446440205,T,IBM,,47,307.75
2025-11-28,10:37:04.446542379,T,IBM,I,2,307.76
2025-11-28,10:37:04.446542379,T,IBM,,40,307.77
2025-11-28,10:37:04.446590494,T,IBM,I,9,307.78
2025-11-28,10:37:04.447152873,T,IBM,I,14,307.73
2025-11-28,10:37:14.317075247,T,IBM,F I,20,307.75
2025-11-28,10:37:14.317075247,T,IBM,F I,1,307.75
2025-11-28,10:37:14.317078326,T,IBM,F I,6,307.75
2025-11-28,10:37:14.317099642,T,IBM,I,1,307.75
2025-11-28,10:37:14.317099642,T,IBM,I,38,307.75
2025-11-28,10:37:14.317105315,T,IBM,,62,307.75
2025-11-28,10:37:14.317105315,T,IBM,I,21,307.75
2025-11-28,10:37:14.317739885,T,IBM,F I,30,307.79
2025-11-28,10:37:14.317742886,T,IBM,F I,15,307.79
2025-11-28,10:37:14.317950672,T,IBM,F,40,307.83
2025-11-28,10:37:14.317953325,T,IBM,F I,37,307.83
2025-11-28,10:37:14.317953325,T,IBM,F I,28,307.83
2025-11-28,10:37:14.317956373,T,IBM,,45,307.79
2025-11-28,10:37:14.317959379,T,IBM,,95,307.77
2025-11-28,10:37:15.029684686,T,IBM,I,2,307.81
2025-11-28,10:37:16.751138926,T,IBM,I,1,307.83
2025-11-28,10:37:41.718758199,T,IBM,I,35,307.83
2025-11-28,10:37:43.903804921,T,IBM,,40,307.83
2025-11-28,10:37:44.325661226,T,IBM,I,10,307.8
2025-11-28,10:37:58.045411956,T,IBM,F I,32,307.87
2025-11-28,10:37:58.045411956,T,IBM,F I,4,307.87
2025-11-28,10:37:58.045414673,T,IBM,F I,5,307.87
2025-11-28,10:37:58.049844201,T,IBM,,45,307.91
2025-11-28,10:37:58.050319325,T,IBM,I,30,307.905
2025-11-28,10:37:58.804079134,T,IBM,I,25,307.88
2025-11-28,10:37:58.804081749,T,IBM,I,30,307.88
2025-11-28,10:38:02.989144841,T,IBM,F,40,307.87
2025-11-28,10:38:02.989147890,T,IBM,F I,28,307.87
2025-11-28,10:38:02.989147890,T,IBM,F,40,307.87
2025-11-28,10:38:02.989794403,T,IBM,,60,307.8
2025-11-28,10:38:20.826871460,T,IBM,I,5,307.86
2025-11-28,10:38:32.240407639,T,IBM,I,39,307.95
2025-11-28,10:38:32.240414374,T,IBM,I,13,307.95
2025-11-28,10:38:32.240414374,T,IBM,,40,307.95
2025-11-28,10:38:32.250045657,T,IBM,I,3,307.91
2025-11-28,10:38:32.250069656,T,IBM,I,1,307.91
2025-11-28,10:38:32.250849638,T,IBM,I,9,307.88
2025-11-28,10:38:43.942673190,T,IBM,,40,307.905
2025-11-28,10:38:56.378965334,T,IBM,F I,20,307.99
2025-11-28,10:38:56.378965334,T,IBM,F,40,307.99
2025-11-28,10:38:56.379100507,T,IBM,F I,1,308.0
2025-11-28,10:38:56.379100507,T,IBM,F I,2,308.0
2025-11-28,10:38:56.379100507,T,IBM,F I,12,308.0
2025-11-28,10:38:56.634784244,T,IBM,F I,14,308.07
2025-11-28,10:38:57.412910639,T,IBM,I,1,308.08
2025-11-28,10:38:58.892709459,T,IBM,F I,24,308.08
2025-11-28,10:38:58.893073399,T,IBM,F I,1,308.08
2025-11-28,10:38:58.895707618,T,IBM,F I,2,308.04
2025-11-28,10:38:59.954739166,T,IBM,F,40,308.01
2025-11-28,10:38:59.954739166,T,IBM,F,40,308.01
2025-11-28,10:38:59.954756757,T,IBM,I,1,308.01
2025-11-28,10:38:59.954759843,T,IBM,F I,39,308.01
2025-11-28,10:38:59.959063102,T,IBM,I,15,307.935
2025-11-28,10:39:11.576767381,T,IBM,F I,25,307.9
2025-11-28,10:39:19.914861278,T,IBM,,40,307.94
2025-11-28,10:39:31.874494586,T,IBM,,40,307.95
2025-11-28,10:39:32.812192902,T,IBM,,40,307.87
2025-11-28,10:39:32.812192902,T,IBM,I,13,307.86
2025-11-28,10:39:32.812213863,T,IBM,F I,27,307.86
2025-11-28,10:39:32.812217596,T,IBM,F I,5,307.86
2025-11-28,10:39:32.812220830,T,IBM,F I,2,307.86
2025-11-28,10:39:32.812220830,T,IBM,F I,5,307.86
2025-11-28,10:39:32.812223084,T,IBM,F I,1,307.86
2025-11-28,10:39:32.812490587,T,IBM,F,40,307.84
2025-11-28,10:39:32.812493617,T,IBM,F,40,307.84
2025-11-28,10:39:32.812782524,T,IBM,F I,9,307.84
2025-11-28,10:39:32.814234763,T,IBM,I,1,307.82
2025-11-28,10:39:40.157406951,T,IBM,F I,23,307.74
2025-11-28,10:39:43.988317109,T,IBM,I,28,307.8
2025-11-28,10:39:47.441600018,T,IBM,F I,25,307.76
2025-11-28,10:39:57.009769116,T,IBM,I,15,307.83
2025-11-28,10:39:57.013107041,T,IBM,F I,8,307.8
2025-11-28,10:39:57.040231590,T,IBM,F I,5,307.81
2025-11-28,10:40:12.824285276,T,IBM,F I,25,307.74
2025-11-28,10:40:18.084798510,T,IBM,F,50,307.75
2025-11-28,10:40:29.617258974,T,IBM,I,4,307.77
2025-11-28,10:40:32.604856477,T,IBM,I,2,307.72
2025-11-28,10:40:32.604859296,T,IBM,I,1,307.72
2025-11-28,10:40:32.604889354,T,IBM,F I,10,307.72
2025-11-28,10:40:32.604892359,T,IBM,,240,307.71
2025-11-28,10:40:32.604895416,T,IBM,I,5,307.71
2025-11-28,10:40:32.605569048,T,IBM,F I,20,307.69
2025-11-28,10:40:32.606038124,T,IBM,I,1,307.67
2025-11-28,10:40:37.743621792,T,IBM,,70,307.505
2025-11-28,10:41:03.410032824,T,IBM,F I,9,307.52
2025-11-28,10:41:03.410223078,T,IBM,F I,4,307.56
2025-11-28,10:41:03.410225289,T,IBM,F I,5,307.56
2025-11-28,10:41:12.101242351,T,IBM,I,1,307.615
2025-11-28,10:41:41.433145448,T,IBM,F I,37,307.62
2025-11-28,10:42:02.026401231,T,IBM,,40,307.695
2025-11-28,10:42:08.413901372,T,IBM,F I,20,307.77
2025-11-28,10:42:08.414454716,T,IBM,F I,20,307.83
2025-11-28,10:42:08.441846887,T,IBM,I,7,307.785
2025-11-28,10:42:08.698559146,T,IBM,F,40,307.84
2025-11-28,10:42:08.949690049,T,IBM,I,1,307.905
2025-11-28,10:42:15.577883666,T,IBM,F,70,307.965
2025-11-28,10:42:15.577883666,T,IBM,F,64,307.96
2025-11-28,10:42:15.577886227,T,IBM,,56,307.96
2025-11-28,10:42:15.577889193,T,IBM,I,14,307.96
2025-11-28,10:42:20.338281907,T,IBM,I,10,307.88
2025-11-28,10:42:34.768371485,T,IBM,I,24,308.05
2025-11-28,10:42:38.573377787,T,IBM,,70,308.055
2025-11-28,10:42:40.180280225,T,IBM,I,26,308.02
2025-11-28,10:42:50.618203852,T,IBM,F I,14,308.12
2025-11-28,10:42:50.618203852,T,IBM,F,45,308.12
2025-11-28,10:42:50.618817413,T,IBM,,80,308.15
2025-11-28,10:42:50.618817413,T,IBM,I,20,308.15
2025-11-28,10:42:50.619106007,T,IBM,I,20,308.15
2025-11-28,10:42:50.619433807,T,IBM,F,80,308.15
2025-11-28,10:42:50.619433807,T,IBM,F,40,308.15
2025-11-28,10:42:50.620513443,T,IBM,I,6,308.13
2025-11-28,10:42:52.223936492,T,IBM,I,17,308.13
2025-11-28,10:42:52.225882262,T,IBM,I,6,308.15
2025-11-28,10:42:52.225882262,T,IBM,I,2,308.15
2025-11-28,10:42:52.225939303,T,IBM,F I,4,308.15
2025-11-28,10:42:52.225939303,T,IBM,F I,6,308.15
2025-11-28,10:42:52.225942354,T,IBM,F I,5,308.15
2025-11-28,10:42:56.286304609,T,IBM,F I,8,308.22
2025-11-28,10:42:57.871958319,T,IBM,I,12,308.36
2025-11-28,10:43:09.432773128,T,IBM,,46,308.39
2025-11-28,10:43:27.477254255,T,IBM,F I,6,308.43
2025-11-28,10:43:27.488055974,T,IBM,,66,308.435
2025-11-28,10:43:35.415507325,T,IBM,I,24,308.395
2025-11-28,10:43:35.415913240,T,IBM,I,21,308.395
2025-11-28,10:43:35.415913240,T,IBM,I,19,308.395
2025-11-28,10:43:39.794462948,T,IBM,I,14,308.32
2025-11-28,10:43:46.104306195,T,IBM,F I,17,308.31
2025-11-28,10:43:46.104940704,T,IBM,F I,30,308.31
2025-11-28,10:43:46.105903208,T,IBM,I,30,308.3
2025-11-28,10:43:46.105906091,T,IBM,,40,308.29
2025-11-28,10:43:46.105906091,T,IBM,,70,308.29
2025-11-28,10:43:46.105924158,T,IBM,I,1,308.29
2025-11-28,10:43:46.105927076,T,IBM,I,29,308.29
2025-11-28,10:43:47.618515938,T,IBM,F I,10,308.26
2025-11-28,10:43:47.618515938,T,IBM,F I,5,308.26
2025-11-28,10:44:05.352183127,T,IBM,F I,17,308.17
2025-11-28,10:44:05.352186103,T,IBM,F I,11,308.17
2025-11-28,10:44:05.352186103,T,IBM,F I,28,308.17
2025-11-28,10:44:05.352195139,T,IBM,I,12,308.17
2025-11-28,10:44:05.352210953,T,IBM,F I,10,308.16
2025-11-28,10:44:05.352213216,T,IBM,F I,28,308.15
2025-11-28,10:44:05.352892833,T,IBM,F I,2,308.12
2025-11-28,10:44:05.353193551,T,IBM,,50,308.14
2025-11-28,10:44:05.353196532,T,IBM,,50,308.14
2025-11-28,10:44:06.059566632,T,IBM,F I,5,308.14
2025-11-28,10:44:06.059752619,T,IBM,I,38,308.14
2025-11-28,10:44:06.059771108,T,IBM,I,1,308.14
2025-11-28,10:44:06.059776598,T,IBM,F,60,308.14
2025-11-28,10:44:06.059776598,T,IBM,F,100,308.14
2025-11-28,10:44:18.017798197,T,IBM,I,1,308.105
2025-11-28,10:44:18.050883032,T,IBM,I,25,308.14
2025-11-28,10:44:18.050883032,T,IBM,I,30,308.15
2025-11-28,10:44:18.409916616,T,IBM,F I,7,308.18
2025-11-28,10:44:23.270790495,T,IBM,I,1,308.19
2025-11-28,10:44:25.861770742,T,IBM,I,1,308.22
2025-11-28,10:44:40.061833644,T,IBM,I,3,308.25
2025-11-28,10:44:40.063481624,T,IBM,F,40,308.27
2025-11-28,10:44:40.063484576,T,IBM,F I,5,308.27
2025-11-28,10:44:40.063914617,T,IBM,I,11,308.24
2025-11-28,10:44:40.063950738,T,IBM,I,30,308.24
2025-11-28,10:44:40.063965763,T,IBM,I,11,308.23
2025-11-28,10:44:40.064019884,T,IBM,F I,9,308.22
2025-11-28,10:44:40.064062137,T,IBM,F I,8,308.25
2025-11-28,10:44:40.064064957,T,IBM,F I,36,308.26
2025-11-28,10:44:40.088991322,T,IBM,F I,3,308.225
2025-11-28,10:44:45.546046504,T,IBM,F I,6,308.19
2025-11-28,10:44:55.291626116,T,IBM,F I,1,308.24
2025-11-28,10:45:28.360534716,T,IBM,I,28,308.205
2025-11-28,10:45:36.538380034,T,IBM,F I,22,308.18
2025-11-28,10:45:42.154123157,T,IBM,F I,5,308.12
2025-11-28,10:45:42.154126197,T,IBM,F I,5,308.12
2025-11-28,10:45:42.154126197,T,IBM,F I,12,308.12
2025-11-28,10:45:42.154141115,T,IBM,I,1,308.12
2025-11-28,10:45:42.154144108,T,IBM,I,8,308.12
2025-11-28,10:45:50.361634033,T,IBM,F I,10,308.18
2025-11-28,10:45:50.362021860,T,IBM,I,5,308.2
2025-11-28,10:45:50.389459276,T,IBM,I,1,308.2
2025-11-28,10:45:52.690270040,T,IBM,I,2,308.26
2025-11-28,10:45:52.690272672,T,IBM,I,21,308.26
2025-11-28,10:45:52.690272672,T,IBM,I,2,308.27
2025-11-28,10:45:52.690287604,T,IBM,F I,3,308.27
2025-11-28,10:45:52.690504333,T,IBM,F I,2,308.29
2025-11-28,10:45:52.690504333,T,IBM,F I,17,308.29
2025-11-28,10:45:52.691006370,T,IBM,F I,3,308.3
2025-11-28,10:45:52.703275535,T,IBM,I,25,308.28
2025-11-28,10:46:31.014426037,T,IBM,F,40,308.28
2025-11-28,10:46:31.014429028,T,IBM,F,40,308.28
2025-11-28,10:46:31.014429028,T,IBM,F I,20,308.28
2025-11-28,10:46:31.014579421,T,IBM,F I,30,308.29
2025-11-28,10:46:37.049042220,T,IBM,I,20,308.3
2025-11-28,10:46:37.049836106,T,IBM,F I,25,308.36
2025-11-28,10:46:37.062132384,T,IBM,F I,25,308.32
2025-11-28,10:46:37.062132384,T,IBM,F I,15,308.32
2025-11-28,10:46:40.052770000,T,IBM,,40,308.26
2025-11-28,10:46:43.051072896,T,IBM,F,40,308.33
2025-11-28,10:46:43.051075839,T,IBM,F,40,308.33
2025-11-28,10:46:43.051078865,T,IBM,F I,16,308.33
2025-11-28,10:46:43.051090902,T,IBM,I,1,308.33
2025-11-28,10:46:43.052714723,T,IBM,F I,20,308.33
2025-11-28,10:46:43.052762871,T,IBM,F,49,308.33
2025-11-28,10:46:43.053108654,T,IBM,F I,5,308.33
2025-11-28,10:46:43.053286056,T,IBM,F I,1,308.33
2025-11-28,10:46:43.053286056,T,IBM,F I,1,308.33
2025-11-28,10:46:52.444105750,T,IBM,I,5,308.33
2025-11-28,10:46:52.444105750,T,IBM,I,10,308.33
2025-11-28,10:46:52.444108482,T,IBM,I,5,308.35
2025-11-28,10:46:52.444108482,T,IBM,I,20,308.36
2025-11-28,10:46:52.444111113,T,IBM,I,11,308.36
2025-11-28,10:46:57.151905672,T,IBM,F I,1,308.29
2025-11-28,10:46:57.156498395,T,IBM,,50,308.35
2025-11-28,10:46:57.156498395,T,IBM,I,25,308.36
2025-11-28,10:46:57.156498395,T,IBM,I,30,308.36
2025-11-28,10:46:57.156500865,T,IBM,,40,308.37
2025-11-28,10:46:57.555749105,T,IBM,I,25,308.32
2025-11-28,10:46:57.564478925,T,IBM,I,2,308.3
2025-11-28,10:46:57.933944446,T,IBM,F I,25,308.36
2025-11-28,10:46:57.933947964,T,IBM,F I,2,308.36
2025-11-28,10:46:57.933950398,T,IBM,F I,13,308.36
2025-11-28,10:46:59.703594215,T,IBM,,40,308.33
2025-11-28,10:47:12.574273555,T,IBM,F,70,308.38
2025-11-28,10:47:12.574276589,T,IBM,F I,10,308.38
2025-11-28,10:47:13.604273628,T,IBM,F I,20,308.41
2025-11-28,10:47:21.352627651,T,IBM,I,30,308.4
2025-11-28,10:47:25.652795909,T,IBM,F I,31,308.4
2025-11-28,10:47:25.652795909,T,IBM,F I,3,308.4
2025-11-28,10:47:25.652801734,T,IBM,F I,1,308.39
2025-11-28,10:47:25.652801734,T,IBM,F I,1,308.39
2025-11-28,10:47:25.652804663,T,IBM,F I,1,308.39
2025-11-28,10:47:25.652807672,T,IBM,F I,2,308.39
2025-11-28,10:47:30.152251452,T,IBM,F,50,308.38
2025-11-28,10:47:30.152251452,T,IBM,F I,19,308.36
2025-11-28,10:47:30.152254080,T,IBM,F I,30,308.36
2025-11-28,10:47:30.152254080,T,IBM,F,50,308.36
2025-11-28,10:47:51.734023225,T,IBM,,45,308.45
