DATE,TIME_M,EX,SYM_ROOT,TR_SCOND,SIZE,PRICE
2025-11-11,9:30:00.693201904,T,IBM,F I,1,308.96
2025-11-11,9:30:00.693208026,T,IBM,Q,1,308.96
2025-11-11,9:30:01.022933884,T,IBM,I,25,308.99
2025-11-11,9:30:01.023030172,T,IBM,I,25,308.99
2025-11-11,9:30:01.023087244,T,IBM,I,25,308.99
2025-11-11,9:30:01.023129285,T,IBM,I,25,308.99
2025-11-11,9:30:01.032376407,T,IBM,I,25,309.0
2025-11-11,9:30:01.041055271,T,IBM,F,51,309.13
2025-11-11,9:30:01.754085462,T,IBM,F I,1,309.27
2025-11-11,9:30:02.829460632,T,IBM,,65,309.2
2025-11-11,9:30:02.995822609,T,IBM,I,25,309.24
2025-11-11,9:30:02.995822609,T,IBM,I,10,309.27
2025-11-11,9:30:02.995840698,T,IBM,I,25,309.27
2025-11-11,9:30:04.141438959,T,IBM,I,1,309.39
2025-11-11,9:30:04.141462970,T,IBM,F I,3,309.39
2025-11-11,9:30:04.141466003,T,IBM,F,42,309.4
2025-11-11,9:30:04.141477988,T,IBM,I,1,309.4
2025-11-11,9:30:04.141481549,T,IBM,I,2,309.4
2025-11-11,9:30:04.141484065,T,IBM,I,1,309.4
2025-11-11,9:30:04.141487022,T,IBM,I,3,309.4
2025-11-11,9:30:04.141508062,T,IBM,F I,1,309.4
2025-11-11,9:30:04.141959187,T,IBM,F,40,309.5
2025-11-11,9:30:05.739103362,T,IBM,,41,309.37
2025-11-11,9:30:06.873015817,T,IBM,I,6,309.395
2025-11-11,9:30:27.098665589,T,IBM,F I,5,309.51
2025-11-11,9:30:28.090748301,T,IBM,,40,309.21
2025-11-11,9:30:28.090763296,T,IBM,I,1,309.21
2025-11-11,9:30:28.090766592,T,IBM,F I,4,309.21
2025-11-11,9:30:28.090769501,T,IBM,,40,309.21
2025-11-11,9:30:28.090772296,T,IBM,,45,309.21
2025-11-11,9:30:28.090949755,T,IBM,F,40,309.16
2025-11-11,9:30:28.091217447,T,IBM,F,40,309.16
2025-11-11,9:30:28.091238471,T,IBM,,55,309.21
2025-11-11,9:30:28.091238471,T,IBM,,44,309.21
2025-11-11,9:30:28.097685840,T,IBM,F I,2,308.93
2025-11-11,9:30:29.159597802,T,IBM,F I,5,308.58
2025-11-11,9:30:29.159597802,T,IBM,F I,5,308.58
2025-11-11,9:30:29.159601430,T,IBM,F I,5,308.59
2025-11-11,9:30:29.159601430,T,IBM,F I,5,308.59
2025-11-11,9:30:29.159603902,T,IBM,F,100,308.6
2025-11-11,9:30:29.159606854,T,IBM,F I,30,308.62
2025-11-11,9:30:29.380070686,T,IBM,F,150,308.8
2025-11-11,9:30:29.380515728,T,IBM,F,100,308.91
2025-11-11,9:30:29.380518739,T,IBM,F I,20,308.92
2025-11-11,9:30:30.065772712,T,IBM,F I,3,308.74
2025-11-11,9:30:30.777930569,T,IBM,,100,308.92
2025-11-11,9:30:32.040651594,T,IBM,,80,308.995
2025-11-11,9:30:32.286892918,T,IBM,F I,5,308.91
2025-11-11,9:30:32.286896019,T,IBM,F I,5,308.9
2025-11-11,9:30:32.286896019,T,IBM,F I,5,308.9
2025-11-11,9:30:32.416486378,T,IBM,F,100,308.99
2025-11-11,9:30:41.920651501,T,IBM,F,100,309.1
2025-11-11,9:31:00.401944182,T,IBM,I,5,309.1
2025-11-11,9:31:00.401944182,T,IBM,I,2,309.1
2025-11-11,9:31:19.814415465,T,IBM,I,3,308.96
2025-11-11,9:31:19.843202972,T,IBM,I,3,308.96
2025-11-11,9:31:19.860154277,T,IBM,I,3,308.96
2025-11-11,9:31:20.359120227,T,IBM,I,3,308.96
2025-11-11,9:31:21.627476646,T,IBM,I,3,308.96
2025-11-11,9:31:22.292128021,T,IBM,I,3,308.98
2025-11-11,9:31:22.293448128,T,IBM,I,3,308.995
2025-11-11,9:31:24.857520269,T,IBM,I,3,308.98
2025-11-11,9:31:25.302808415,T,IBM,I,3,308.98
2025-11-11,9:31:31.888534976,T,IBM,I,3,308.96
2025-11-11,9:31:31.891316387,T,IBM,I,1,308.95
2025-11-11,9:31:31.891319287,T,IBM,I,2,308.95
2025-11-11,9:31:43.971657370,T,IBM,F,100,309.06
2025-11-11,9:32:11.083231752,T,IBM,I,1,309.0
2025-11-11,9:32:11.083279817,T,IBM,F I,30,309.05
2025-11-11,9:32:11.083538397,T,IBM,I,9,309.0
2025-11-11,9:32:11.083568509,T,IBM,F,100,309.01
2025-11-11,9:32:11.083779005,T,IBM,I,6,309.0
2025-11-11,9:32:11.083857164,T,IBM,F I,15,309.07
2025-11-11,9:32:11.275557580,T,IBM,F I,1,309.13
2025-11-11,9:32:11.275560648,T,IBM,F I,1,309.13
2025-11-11,9:32:11.275560648,T,IBM,F I,38,309.14
2025-11-11,9:32:11.275587623,T,IBM,F I,2,309.14
2025-11-11,9:32:11.275587623,T,IBM,F I,2,309.19
2025-11-11,9:32:11.275647850,T,IBM,I,15,309.09
2025-11-11,9:32:11.281054717,T,IBM,F,100,309.22
2025-11-11,9:32:11.358290496,T,IBM,,40,309.305
2025-11-11,9:32:11.777151751,T,IBM,I,5,309.23
2025-11-11,9:32:11.777154730,T,IBM,I,5,309.18
2025-11-11,9:32:11.777157741,T,IBM,,90,309.14
2025-11-11,9:32:12.334041514,T,IBM,I,5,309.08
2025-11-11,9:32:12.338807766,T,IBM,I,15,309.07
2025-11-11,9:32:16.369489583,T,IBM,F,75,308.98
2025-11-11,9:32:26.230258449,T,IBM,F I,5,308.93
2025-11-11,9:32:41.269866553,T,IBM,F I,30,308.93
2025-11-11,9:33:06.382477066,T,IBM,F,100,309.01
2025-11-11,9:33:10.325972120,T,IBM,F I,1,309.08
2025-11-11,9:33:10.326038364,T,IBM,F,109,309.1
2025-11-11,9:33:11.187863017,T,IBM,F,100,309.31
2025-11-11,9:33:11.187866394,T,IBM,F I,5,309.34
2025-11-11,9:33:11.187866394,T,IBM,F,200,309.36
2025-11-11,9:33:11.187868931,T,IBM,F I,5,309.38
2025-11-11,9:33:11.187872396,T,IBM,F I,3,309.38
2025-11-11,9:33:11.187872396,T,IBM,F,76,309.38
2025-11-11,9:33:11.187875279,T,IBM,I,24,309.38
2025-11-11,9:33:11.187875279,T,IBM,I,5,309.39
2025-11-11,9:33:11.187878049,T,IBM,I,20,309.39
2025-11-11,9:33:11.187878049,T,IBM,,75,309.39
2025-11-11,9:33:11.187880970,T,IBM,,200,309.4
2025-11-11,9:33:11.187883967,T,IBM,,65,309.4
2025-11-11,9:33:11.187890063,T,IBM,I,1,309.4
2025-11-11,9:33:11.187893406,T,IBM,F,43,309.4
2025-11-11,9:33:11.187896448,T,IBM,F,80,309.4
2025-11-11,9:33:11.187944124,T,IBM,I,4,309.4
2025-11-11,9:33:11.187983427,T,IBM,,96,309.4
2025-11-11,9:33:11.187983427,T,IBM,I,10,309.4
2025-11-11,9:33:11.187986249,T,IBM,I,2,309.48
2025-11-11,9:33:28.274110340,T,IBM,F I,2,309.6
2025-11-11,9:33:28.274122444,T,IBM,F,98,309.6
2025-11-11,9:33:28.274125379,T,IBM,F I,2,309.65
2025-11-11,9:33:28.274129009,T,IBM,F I,20,309.65
2025-11-11,9:33:28.274129009,T,IBM,F,161,309.66
2025-11-11,9:33:28.274131481,T,IBM,F,79,309.66
2025-11-11,9:33:28.274134399,T,IBM,F I,39,309.66
2025-11-11,9:33:28.285585644,T,IBM,F,150,309.6
2025-11-11,9:33:28.285637188,T,IBM,F,100,309.6
2025-11-11,9:33:28.285637188,T,IBM,F I,5,309.58
2025-11-11,9:33:28.285682585,T,IBM,F,40,309.56
2025-11-11,9:33:28.285685143,T,IBM,F I,5,309.54
2025-11-11,9:33:28.285685143,T,IBM,F I,5,309.54
2025-11-11,9:33:28.286872752,T,IBM,F I,20,309.73
2025-11-11,9:33:28.286875789,T,IBM,F I,34,309.74
2025-11-11,9:33:28.286893764,T,IBM,I,1,309.74
2025-11-11,9:33:28.286893764,T,IBM,F I,5,309.74
2025-11-11,9:33:28.368947114,T,IBM,I,3,309.87
2025-11-11,9:33:28.369178684,T,IBM,I,6,309.87
2025-11-11,9:33:28.369277916,T,IBM,F I,35,310.0
2025-11-11,9:33:28.369287281,T,IBM,I,1,310.0
2025-11-11,9:33:28.369813184,T,IBM,,45,309.96
2025-11-11,9:33:28.369837229,T,IBM,F I,28,309.96
2025-11-11,9:33:28.375033733,T,IBM,I,30,310.1
2025-11-11,9:33:28.375036659,T,IBM,,50,310.12
2025-11-11,9:33:28.382145523,T,IBM,,40,310.16
2025-11-11,9:33:28.382172606,T,IBM,F,40,310.15
2025-11-11,9:33:28.382175615,T,IBM,F,110,310.05
2025-11-11,9:33:28.383904741,T,IBM,,40,310.13
2025-11-11,9:33:29.454044290,T,IBM,,40,310.36
2025-11-11,9:33:29.454044290,T,IBM,,47,310.36
2025-11-11,9:33:29.455141950,T,IBM,F I,2,310.45
2025-11-11,9:33:29.633249938,T,IBM,,40,310.5
2025-11-11,9:33:29.633268028,T,IBM,F I,1,310.5
2025-11-11,9:33:33.072203876,T,IBM,F I,16,310.64
2025-11-11,9:33:33.080330326,T,IBM,F I,5,310.6
2025-11-11,9:33:33.080359332,T,IBM,F,95,310.6
2025-11-11,9:33:33.080359332,T,IBM,F I,5,310.59
2025-11-11,9:33:34.852980444,T,IBM,F I,1,310.66
2025-11-11,9:33:34.853073949,T,IBM,F I,1,310.67
2025-11-11,9:33:34.853076507,T,IBM,F I,9,310.74
2025-11-11,9:33:34.853181819,T,IBM,F I,9,310.75
2025-11-11,9:33:37.110743634,T,IBM,F I,1,310.94
2025-11-11,9:33:37.110746245,T,IBM,F I,13,310.94
2025-11-11,9:33:45.406610874,T,IBM,F I,1,310.99
2025-11-11,9:33:45.406613827,T,IBM,F I,14,310.99
2025-11-11,9:33:45.406628919,T,IBM,I,15,310.99
2025-11-11,9:33:45.406644383,T,IBM,I,5,310.99
2025-11-11,9:33:45.406646895,T,IBM,I,3,311.0
2025-11-11,9:33:45.406671250,T,IBM,F,117,311.0
2025-11-11,9:33:45.406671250,T,IBM,F,40,311.0
2025-11-11,9:33:45.406680263,T,IBM,F I,1,311.0
2025-11-11,9:33:45.407007734,T,IBM,,46,310.94
2025-11-11,9:33:45.407227329,T,IBM,F I,36,311.01
2025-11-11,9:33:45.407230334,T,IBM,F I,4,311.01
2025-11-11,9:33:45.409154873,T,IBM,F,40,311.06
2025-11-11,9:33:46.285362897,T,IBM,,100,311.405
2025-11-11,9:33:46.285386877,T,IBM,F I,5,311.29
2025-11-11,9:33:46.285390712,T,IBM,F,100,311.28
2025-11-11,9:33:46.285393277,T,IBM,F I,5,311.28
2025-11-11,9:33:46.285393277,T,IBM,F,40,311.26
2025-11-11,9:33:47.896448355,T,IBM,F I,5,311.24
2025-11-11,9:33:47.896448355,T,IBM,F I,12,311.26
2025-11-11,9:33:50.952404381,T,IBM,F,100,311.08
2025-11-11,9:33:50.952942759,T,IBM,F I,2,311.02
2025-11-11,9:33:54.454286164,T,IBM,F I,24,310.94
2025-11-11,9:33:59.199742463,T,IBM,I,30,310.92
2025-11-11,9:34:02.285451392,T,IBM,I,30,310.84
2025-11-11,9:34:02.285455075,T,IBM,,70,310.77
2025-11-11,9:34:02.285462269,T,IBM,I,4,310.64
2025-11-11,9:34:02.285466389,T,IBM,I,6,310.64
2025-11-11,9:34:02.285466389,T,IBM,F,75,310.64
2025-11-11,9:34:02.285469774,T,IBM,F,42,310.64
2025-11-11,9:34:02.285473336,T,IBM,F I,3,310.64
2025-11-11,9:34:02.285473336,T,IBM,F,70,310.64
2025-11-11,9:34:02.285475562,T,IBM,F I,5,310.59
2025-11-11,9:34:02.285478407,T,IBM,F I,2,310.54
2025-11-11,9:34:02.285481586,T,IBM,F I,1,310.54
2025-11-11,9:34:02.285484958,T,IBM,F I,32,310.54
2025-11-11,9:34:02.285484958,T,IBM,I,2,310.54
2025-11-11,9:34:02.285487494,T,IBM,F I,2,310.54
2025-11-11,9:34:02.285490519,T,IBM,F I,2,310.54
2025-11-11,9:34:02.285499511,T,IBM,F I,2,310.56
2025-11-11,9:34:02.285499511,T,IBM,F I,34,310.56
2025-11-11,9:34:02.285518323,T,IBM,F I,2,310.56
2025-11-11,9:34:02.285538686,T,IBM,F I,28,310.56
2025-11-11,9:34:02.285541822,T,IBM,F,59,310.54
2025-11-11,9:34:02.285541822,T,IBM,F I,2,310.53
2025-11-11,9:34:02.285547748,T,IBM,F I,11,310.53
2025-11-11,9:34:02.285547748,T,IBM,F I,23,310.53
2025-11-11,9:34:02.285547748,T,IBM,F,77,310.53
2025-11-11,9:34:02.285562692,T,IBM,F I,23,310.53
2025-11-11,9:34:02.285568635,T,IBM,I,1,310.53
2025-11-11,9:34:02.285568635,T,IBM,F,42,310.53
2025-11-11,9:34:02.285574797,T,IBM,F,41,310.53
2025-11-11,9:34:02.285583920,T,IBM,F I,16,310.53
2025-11-11,9:34:02.285586813,T,IBM,F,100,310.53
2025-11-11,9:34:02.285586813,T,IBM,F I,34,310.53
2025-11-11,9:34:02.285592711,T,IBM,F I,21,310.53
2025-11-11,9:34:02.285641001,T,IBM,F I,34,310.53
2025-11-11,9:34:02.285644754,T,IBM,F I,2,310.53
2025-11-11,9:34:02.285644754,T,IBM,F I,9,310.53
2025-11-11,9:34:02.285650624,T,IBM,F,100,310.53
2025-11-11,9:34:02.285650624,T,IBM,F,41,310.53
2025-11-11,9:34:02.285650624,T,IBM,F,59,310.53
2025-11-11,9:34:02.285686532,T,IBM,F I,9,310.53
2025-11-11,9:34:02.285688987,T,IBM,F,91,310.53
2025-11-11,9:34:02.285688987,T,IBM,F I,34,310.53
2025-11-11,9:34:02.285722008,T,IBM,F,75,310.53
2025-11-11,9:34:02.285722008,T,IBM,F I,25,310.53
2025-11-11,9:34:02.285728073,T,IBM,F,100,310.53
2025-11-11,9:34:02.285767145,T,IBM,F,61,310.53
2025-11-11,9:34:02.285779684,T,IBM,F I,14,310.53
2025-11-11,9:34:02.285779684,T,IBM,F,100,310.53
2025-11-11,9:34:02.285782171,T,IBM,F I,36,310.53
2025-11-11,9:34:02.285782171,T,IBM,F,46,310.53
2025-11-11,9:34:02.286122670,T,IBM,F I,18,310.53
2025-11-11,9:34:02.286124998,T,IBM,F I,25,310.53
2025-11-11,9:34:02.286124998,T,IBM,F,75,310.53
2025-11-11,9:34:02.286131795,T,IBM,F I,25,310.53
2025-11-11,9:34:02.286131795,T,IBM,F I,6,310.53
2025-11-11,9:34:02.286131795,T,IBM,F I,5,310.53
2025-11-11,9:34:02.286131795,T,IBM,F,46,310.53
2025-11-11,9:34:02.286137081,T,IBM,F I,5,310.53
2025-11-11,9:34:02.286137081,T,IBM,I,1,310.53
2025-11-11,9:34:02.286137081,T,IBM,F I,12,310.53
2025-11-11,9:34:02.286137081,T,IBM,F,66,310.53
2025-11-11,9:34:02.286140064,T,IBM,F I,34,310.53
2025-11-11,9:34:02.286140064,T,IBM,F,100,310.53
2025-11-11,9:34:02.286140064,T,IBM,F,200,310.53
2025-11-11,9:34:02.286143108,T,IBM,F,94,310.53
2025-11-11,9:34:02.286143108,T,IBM,F I,6,310.53
2025-11-11,9:34:02.286146013,T,IBM,F,100,310.53
2025-11-11,9:34:02.286191104,T,IBM,F I,1,310.37
2025-11-11,9:34:02.286281422,T,IBM,F I,3,310.37
2025-11-11,9:34:02.286347545,T,IBM,F I,36,310.37
2025-11-11,9:34:02.286347545,T,IBM,F,40,310.37
2025-11-11,9:34:02.288828408,T,IBM,,40,310.49
2025-11-11,9:34:02.299194197,T,IBM,F I,5,310.28
2025-11-11,9:34:02.299197143,T,IBM,F,100,310.28
2025-11-11,9:34:02.299197143,T,IBM,F I,16,310.27
2025-11-11,9:34:05.852266727,T,IBM,I,5,310.58
2025-11-11,9:34:05.852269822,T,IBM,I,5,310.63
2025-11-11,9:34:05.852269822,T,IBM,I,30,310.63
2025-11-11,9:34:16.092190383,T,IBM,F I,20,310.89
2025-11-11,9:34:16.092193378,T,IBM,F,120,310.9
2025-11-11,9:34:16.092244482,T,IBM,F,150,310.92
2025-11-11,9:34:16.092259565,T,IBM,,40,310.9
2025-11-11,9:34:16.092364749,T,IBM,,60,310.9
2025-11-11,9:34:16.092367807,T,IBM,I,25,310.9
2025-11-11,9:34:16.092370756,T,IBM,I,15,310.9
2025-11-11,9:34:16.101882465,T,IBM,F I,1,311.18
2025-11-11,9:34:16.101882465,T,IBM,F I,1,311.18
2025-11-11,9:34:19.232398124,T,IBM,F,84,311.23
2025-11-11,9:34:24.103608099,T,IBM,F I,1,311.48
2025-11-11,9:34:24.103610758,T,IBM,F,40,311.48
2025-11-11,9:34:24.103610758,T,IBM,F I,8,311.48
2025-11-11,9:34:24.103622720,T,IBM,I,1,311.48
2025-11-11,9:34:25.235261789,T,IBM,F I,30,311.75
2025-11-11,9:34:25.235264818,T,IBM,F I,1,311.75
2025-11-11,9:34:26.115574608,T,IBM,,40,311.85
2025-11-11,9:34:28.953986797,T,IBM,F,47,311.9
2025-11-11,9:34:28.954026128,T,IBM,I,23,311.9
2025-11-11,9:34:28.954028978,T,IBM,I,1,311.9
2025-11-11,9:34:28.954031827,T,IBM,,56,311.9
2025-11-11,9:34:28.954031827,T,IBM,I,10,311.9
2025-11-11,9:34:28.954034898,T,IBM,I,5,311.9
2025-11-11,9:34:30.321687808,T,IBM,F,100,311.7
2025-11-11,9:34:32.542643164,T,IBM,I,30,311.94
2025-11-11,9:34:33.812335152,T,IBM,F I,30,312.0
2025-11-11,9:34:33.812344365,T,IBM,F,90,312.0
2025-11-11,9:34:33.812352845,T,IBM,F,190,312.0
2025-11-11,9:34:33.812398002,T,IBM,,100,312.0
2025-11-11,9:34:33.812422013,T,IBM,,40,312.0
2025-11-11,9:34:33.812428032,T,IBM,I,30,312.0
2025-11-11,9:34:33.812428032,T,IBM,I,1,312.0
2025-11-11,9:34:33.813059607,T,IBM,I,5,311.99
2025-11-11,9:34:33.815089352,T,IBM,,70,312.01
2025-11-11,9:34:33.831589667,T,IBM,I,30,311.94
2025-11-11,9:34:33.968250057,T,IBM,I,1,311.88
2025-11-11,9:34:35.032585877,T,IBM,I,17,311.71
2025-11-11,9:34:35.033283570,T,IBM,I,17,311.85
2025-11-11,9:34:35.033286494,T,IBM,I,14,311.89
2025-11-11,9:34:37.404293059,T,IBM,F I,5,311.85
2025-11-11,9:34:38.363519744,T,IBM,I,11,311.92
2025-11-11,9:34:38.363555792,T,IBM,I,19,311.92
2025-11-11,9:34:38.363558778,T,IBM,,101,311.92
2025-11-11,9:34:38.363576881,T,IBM,I,1,311.92
2025-11-11,9:34:38.363588895,T,IBM,I,18,311.92
2025-11-11,9:34:41.475935325,T,IBM,F,80,311.99
2025-11-11,9:34:41.476061581,T,IBM,I,20,311.99
2025-11-11,9:34:41.476061581,T,IBM,I,20,311.99
2025-11-11,9:34:41.598558253,T,IBM,F I,1,312.0
2025-11-11,9:34:41.598585305,T,IBM,I,1,312.0
2025-11-11,9:34:42.028948901,T,IBM,F I,3,311.99
2025-11-11,9:34:43.033866189,T,IBM,,40,311.99
2025-11-11,9:34:46.318892777,T,IBM,,40,311.99
2025-11-11,9:34:46.977479563,T,IBM,F I,17,311.99
2025-11-11,9:34:46.977479563,T,IBM,F,78,312.0
2025-11-11,9:34:46.977482365,T,IBM,F I,6,312.0
2025-11-11,9:34:46.977484647,T,IBM,I,22,312.0
2025-11-11,9:34:46.977502668,T,IBM,F,42,312.0
2025-11-11,9:34:46.977716120,T,IBM,F I,1,312.01
2025-11-11,9:34:46.977800343,T,IBM,,100,312.01
2025-11-11,9:34:46.977953776,T,IBM,F I,1,312.01
2025-11-11,9:34:46.977959719,T,IBM,F,99,312.01
2025-11-11,9:34:47.957412503,T,IBM,F I,3,312.14
2025-11-11,9:34:47.957584300,T,IBM,F I,9,312.13
2025-11-11,9:34:47.957586913,T,IBM,F,40,312.16
2025-11-11,9:34:47.957635021,T,IBM,F I,1,312.3
2025-11-11,9:34:50.120323584,T,IBM,F I,6,312.3
2025-11-11,9:34:50.120615548,T,IBM,F,94,312.3
2025-11-11,9:34:52.383893359,T,IBM,F I,20,312.4
2025-11-11,9:34:52.383911387,T,IBM,I,1,312.4
2025-11-11,9:34:54.546612009,T,IBM,F I,5,312.35
2025-11-11,9:34:54.546612009,T,IBM,F I,15,312.38
2025-11-11,9:34:55.616240429,T,IBM,F I,32,312.205
2025-11-11,9:34:55.616291576,T,IBM,F,150,312.205
2025-11-11,9:34:55.616411842,T,IBM,,70,312.07
2025-11-11,9:34:55.627405965,T,IBM,F,40,312.205
2025-11-11,9:34:56.165498073,T,IBM,F I,25,312.38
2025-11-11,9:34:56.165507662,T,IBM,F,57,312.39
2025-11-11,9:34:56.165510318,T,IBM,F I,20,312.39
2025-11-11,9:34:56.165510318,T,IBM,F I,1,312.4
2025-11-11,9:34:56.165513148,T,IBM,F I,5,312.4
2025-11-11,9:34:56.165516084,T,IBM,F I,35,312.4
2025-11-11,9:34:56.165516084,T,IBM,F I,2,312.4
2025-11-11,9:34:56.165519151,T,IBM,F,40,312.4
2025-11-11,9:34:56.165522116,T,IBM,F I,6,312.4
2025-11-11,9:34:56.165525082,T,IBM,,83,312.4
2025-11-11,9:34:56.165534094,T,IBM,F I,11,312.4
2025-11-11,9:34:56.166076235,T,IBM,F,100,312.39
2025-11-11,9:34:56.166349051,T,IBM,F,40,312.5
2025-11-11,9:34:57.831822018,T,IBM,,40,312.48
2025-11-11,9:34:58.264206328,T,IBM,F,100,312.55
2025-11-11,9:34:58.264209316,T,IBM,F I,10,312.6
2025-11-11,9:35:00.140180363,T,IBM,,70,312.31
2025-11-11,9:35:00.140345853,T,IBM,,70,312.32
2025-11-11,9:35:00.140724702,T,IBM,,70,312.32
2025-11-11,9:35:00.140781870,T,IBM,I,6,312.25
2025-11-11,9:35:00.276648932,T,IBM,F I,2,312.3
2025-11-11,9:35:00.276651478,T,IBM,F I,38,312.31
2025-11-11,9:35:00.911985865,T,IBM,,40,312.31
2025-11-11,9:35:00.912412920,T,IBM,I,22,312.31
2025-11-11,9:35:01.451100260,T,IBM,I,3,312.19
2025-11-11,9:35:02.237204601,T,IBM,I,3,312.17
2025-11-11,9:35:06.014821812,T,IBM,F,100,312.36
2025-11-11,9:35:08.394961135,T,IBM,F,150,312.53
2025-11-11,9:35:09.010364197,T,IBM,F I,8,312.53
2025-11-11,9:35:10.010809866,T,IBM,F,70,312.68
2025-11-11,9:35:10.011173793,T,IBM,,100,312.67
2025-11-11,9:35:12.032649135,T,IBM,F,75,312.83
2025-11-11,9:35:12.032694325,T,IBM,I,4,312.84
2025-11-11,9:35:12.479236336,T,IBM,F I,4,312.7
2025-11-11,9:35:12.479239558,T,IBM,F,64,312.7
2025-11-11,9:35:13.156117768,T,IBM,I,30,312.68
2025-11-11,9:35:13.156117768,T,IBM,I,10,312.705
2025-11-11,9:35:13.684860690,T,IBM,F I,4,312.7
2025-11-11,9:35:13.684884645,T,IBM,F I,5,312.7
2025-11-11,9:35:13.685278583,T,IBM,I,4,312.8
2025-11-11,9:35:14.109961606,T,IBM,,96,312.8
2025-11-11,9:35:14.125490589,T,IBM,,100,312.83
2025-11-11,9:35:14.133609899,T,IBM,F I,20,312.84
2025-11-11,9:35:14.133691152,T,IBM,,52,312.84
2025-11-11,9:35:14.133700198,T,IBM,F I,21,312.84
2025-11-11,9:35:14.133937745,T,IBM,I,33,312.84
2025-11-11,9:35:14.134157300,T,IBM,I,9,312.84
2025-11-11,9:35:17.316287634,T,IBM,I,2,312.93
2025-11-11,9:35:17.316777841,T,IBM,F,75,313.0
2025-11-11,9:35:17.316805520,T,IBM,F,85,313.0
2025-11-11,9:35:17.316805520,T,IBM,F I,11,313.0
2025-11-11,9:35:17.316808135,T,IBM,F I,9,313.0
2025-11-11,9:35:17.316808135,T,IBM,I,1,313.0
2025-11-11,9:35:17.316811828,T,IBM,I,17,313.0
2025-11-11,9:35:17.316813965,T,IBM,I,2,313.0
2025-11-11,9:35:17.317015391,T,IBM,I,38,312.98
2025-11-11,9:35:18.070813923,T,IBM,F I,1,313.33
2025-11-11,9:35:22.074028278,T,IBM,,40,313.31
2025-11-11,9:35:23.992791060,T,IBM,F I,10,313.43
2025-11-11,9:35:23.992794096,T,IBM,F I,2,313.43
2025-11-11,9:35:24.093753413,T,IBM,I,1,313.46
2025-11-11,9:35:26.855386927,T,IBM,F,70,313.52
2025-11-11,9:35:26.855389967,T,IBM,F I,3,313.52
2025-11-11,9:35:26.855411040,T,IBM,F,70,313.53
2025-11-11,9:35:26.855414313,T,IBM,F I,1,313.53
2025-11-11,9:35:26.855504178,T,IBM,I,10,313.47
2025-11-11,9:35:26.860008906,T,IBM,I,5,313.53
2025-11-11,9:35:28.854161283,T,IBM,F I,30,313.68
2025-11-11,9:35:31.635248077,T,IBM,I,32,313.58
2025-11-11,9:35:31.644320705,T,IBM,F I,7,313.45
2025-11-11,9:35:31.650175537,T,IBM,,880,313.33
2025-11-11,9:35:31.650196591,T,IBM,I,1,313.33
2025-11-11,9:35:31.650199707,T,IBM,F,69,313.33
2025-11-11,9:35:33.597076739,T,IBM,F I,8,313.52
2025-11-11,9:35:33.597079466,T,IBM,F I,24,313.52
2025-11-11,9:35:33.597136525,T,IBM,,67,313.43
2025-11-11,9:35:39.010206179,T,IBM,F I,1,313.6
2025-11-11,9:35:39.902872370,T,IBM,I,9,313.515
2025-11-11,9:35:44.566894676,T,IBM,,80,313.32
2025-11-11,9:35:44.567177357,T,IBM,F I,3,313.48
2025-11-11,9:35:45.386068952,T,IBM,F I,34,313.45
2025-11-11,9:35:45.386354593,T,IBM,,40,313.48
2025-11-11,9:35:47.769937360,T,IBM,F I,1,313.49
2025-11-11,9:35:47.769940124,T,IBM,F I,32,313.49
2025-11-11,9:35:47.769943109,T,IBM,F I,1,313.49
2025-11-11,9:35:50.011100466,T,IBM,I,2,313.67
2025-11-11,9:35:50.201934976,T,IBM,,70,313.66
2025-11-11,9:35:50.201934976,T,IBM,I,14,313.66
2025-11-11,9:35:50.201955819,T,IBM,F,68,313.67
2025-11-11,9:35:50.201991949,T,IBM,F,68,313.67
2025-11-11,9:35:50.202250570,T,IBM,F,68,313.67
2025-11-11,9:35:50.202572312,T,IBM,,40,313.67
2025-11-11,9:35:50.203278985,T,IBM,F I,24,313.67
2025-11-11,9:35:50.203898438,T,IBM,F I,20,313.77
2025-11-11,9:35:50.203943609,T,IBM,F I,20,313.77
2025-11-11,9:35:50.204704413,T,IBM,I,9,313.76
2025-11-11,9:35:50.204902815,T,IBM,I,8,313.76
2025-11-11,9:35:50.217887784,T,IBM,I,5,313.68
2025-11-11,9:35:50.226067236,T,IBM,I,3,313.68
2025-11-11,9:35:50.265948185,T,IBM,I,3,313.68
2025-11-11,9:35:50.273120293,T,IBM,I,2,313.68
2025-11-11,9:35:52.098282366,T,IBM,F I,20,313.77
2025-11-11,9:35:52.098333497,T,IBM,,40,313.77
2025-11-11,9:35:52.098345551,T,IBM,F I,20,313.77
2025-11-11,9:35:53.287048420,T,IBM,,100,313.75
2025-11-11,9:35:58.192181891,T,IBM,F,80,313.77
2025-11-11,9:35:58.192185029,T,IBM,F I,10,313.78
2025-11-11,9:35:58.192187806,T,IBM,F I,20,313.8
2025-11-11,9:35:58.192190835,T,IBM,F,46,313.8
2025-11-11,9:35:58.192202847,T,IBM,F I,24,313.8
2025-11-11,9:35:58.192205805,T,IBM,F I,9,313.8
2025-11-11,9:35:58.192208885,T,IBM,F,57,313.8
2025-11-11,9:35:58.192738069,T,IBM,,60,313.8
2025-11-11,9:35:58.199531297,T,IBM,F I,28,313.86
2025-11-11,9:35:58.199552290,T,IBM,I,1,313.86
2025-11-11,9:35:58.199666621,T,IBM,F I,11,313.86
2025-11-11,9:35:58.199669571,T,IBM,F I,28,313.86
2025-11-11,9:36:00.181982819,T,IBM,F I,18,313.87
2025-11-11,9:36:00.182006891,T,IBM,I,12,313.81
2025-11-11,9:36:00.182064024,T,IBM,F I,15,313.87
2025-11-11,9:36:00.182064024,T,IBM,F I,15,313.87
2025-11-11,9:36:00.182103173,T,IBM,F I,15,313.87
2025-11-11,9:36:00.182157254,T,IBM,I,3,313.87
2025-11-11,9:36:00.182187390,T,IBM,I,2,313.875
2025-11-11,9:36:00.343106464,T,IBM,,107,313.87
2025-11-11,9:36:02.155277492,T,IBM,F,70,313.86
2025-11-11,9:36:02.155680533,T,IBM,I,25,313.87
2025-11-11,9:36:02.155680533,T,IBM,,70,313.88
2025-11-11,9:36:02.505924263,T,IBM,I,3,313.88
2025-11-11,9:36:04.128545248,T,IBM,F I,11,313.98
2025-11-11,9:36:04.128921130,T,IBM,F,100,314.02
2025-11-11,9:36:04.145022108,T,IBM,I,30,314.02
2025-11-11,9:36:04.145022108,T,IBM,,70,314.02
2025-11-11,9:36:04.255681850,T,IBM,I,20,314.2
2025-11-11,9:36:04.505384243,T,IBM,I,25,314.15
2025-11-11,9:36:04.918475048,T,IBM,I,2,314.17
2025-11-11,9:36:04.918616041,T,IBM,F I,5,314.14
2025-11-11,9:36:04.918628037,T,IBM,F I,6,314.11
2025-11-11,9:36:05.828377832,T,IBM,I,9,314.16
2025-11-11,9:36:06.872325252,T,IBM,F I,1,314.17
2025-11-11,9:36:06.912458739,T,IBM,F I,9,314.16
2025-11-11,9:36:07.267372665,T,IBM,F I,3,314.06
2025-11-11,9:36:07.267492917,T,IBM,F I,1,314.03
2025-11-11,9:36:07.267496004,T,IBM,F I,1,314.03
2025-11-11,9:36:07.267498918,T,IBM,F I,1,314.03
2025-11-11,9:36:07.267745490,T,IBM,F I,6,314.03
2025-11-11,9:36:07.267928940,T,IBM,I,2,314.07
2025-11-11,9:36:07.268001186,T,IBM,I,2,314.03
2025-11-11,9:36:07.268271806,T,IBM,F I,2,314.03
2025-11-11,9:36:13.471625806,T,IBM,F I,30,314.0
2025-11-11,9:36:13.471628774,T,IBM,F I,2,314.04
2025-11-11,9:36:13.471632474,T,IBM,F I,2,314.04
2025-11-11,9:36:13.471632474,T,IBM,F I,4,314.05
2025-11-11,9:36:13.471634901,T,IBM,F I,4,314.07
2025-11-11,9:36:13.471638030,T,IBM,F I,1,314.07
2025-11-11,9:36:13.471638030,T,IBM,F I,1,314.1
2025-11-11,9:36:13.471641801,T,IBM,F I,10,314.1
2025-11-11,9:36:13.471641801,T,IBM,F I,24,314.1
2025-11-11,9:36:13.471644516,T,IBM,F I,2,314.1
2025-11-11,9:36:14.141524597,T,IBM,I,15,314.08
2025-11-11,9:36:14.141527593,T,IBM,,70,314.22
2025-11-11,9:36:14.141530600,T,IBM,,40,314.22
2025-11-11,9:36:17.669481444,T,IBM,,40,314.0
2025-11-11,9:36:17.868579335,T,IBM,F I,10,314.12
2025-11-11,9:36:20.684248854,T,IBM,I,2,314.11
2025-11-11,9:36:20.684251534,T,IBM,I,2,314.18
2025-11-11,9:36:22.411605789,T,IBM,F,40,314.0
2025-11-11,9:36:22.428887856,T,IBM,I,27,313.94
2025-11-11,9:36:33.306169978,T,IBM,I,6,313.61
2025-11-11,9:36:33.768235070,T,IBM,I,6,313.28
2025-11-11,9:36:33.768376334,T,IBM,F I,30,313.21
2025-11-11,9:36:33.768379438,T,IBM,F I,21,313.19
2025-11-11,9:36:33.768535727,T,IBM,I,9,313.23
2025-11-11,9:36:33.768617241,T,IBM,I,21,313.23
2025-11-11,9:36:33.768617241,T,IBM,I,16,313.23
2025-11-11,9:36:33.768641053,T,IBM,I,1,313.23
2025-11-11,9:36:33.768713098,T,IBM,F I,2,313.35
2025-11-11,9:36:33.768740174,T,IBM,F I,17,313.35
2025-11-11,9:36:33.768743308,T,IBM,F I,15,313.35
2025-11-11,9:36:33.768752251,T,IBM,F I,1,313.35
2025-11-11,9:36:33.768788305,T,IBM,F I,1,313.35
2025-11-11,9:36:33.768959740,T,IBM,F I,2,313.35
2025-11-11,9:36:33.926231299,T,IBM,I,6,313.35
2025-11-11,9:36:51.299403682,T,IBM,F,70,313.46
2025-11-11,9:36:51.299460914,T,IBM,F,40,313.47
2025-11-11,9:36:51.300200536,T,IBM,F,40,313.59
2025-11-11,9:36:53.347408310,T,IBM,,40,313.67
2025-11-11,9:36:57.840143119,T,IBM,F,70,313.83
2025-11-11,9:36:57.840146314,T,IBM,F I,5,313.83
2025-11-11,9:36:57.840148967,T,IBM,F,75,313.83
2025-11-11,9:36:57.840206029,T,IBM,I,8,313.81
2025-11-11,9:36:57.840218129,T,IBM,,59,313.81
2025-11-11,9:36:57.840239117,T,IBM,I,33,313.81
2025-11-11,9:36:57.840239117,T,IBM,I,7,313.8
2025-11-11,9:36:57.840975890,T,IBM,,40,313.83
2025-11-11,9:36:57.841318755,T,IBM,,51,313.87
2025-11-11,9:36:57.841324783,T,IBM,I,19,313.87
2025-11-11,9:36:57.843727558,T,IBM,I,10,313.81
2025-11-11,9:36:57.902234716,T,IBM,F,40,313.88
2025-11-11,9:36:57.902255823,T,IBM,I,1,313.88
2025-11-11,9:36:57.902294881,T,IBM,,59,313.88
2025-11-11,9:36:57.902297926,T,IBM,,100,313.88
2025-11-11,9:37:02.801173433,T,IBM,F I,1,313.93
2025-11-11,9:37:02.801176431,T,IBM,F,40,313.93
2025-11-11,9:37:02.801838469,T,IBM,F,69,313.93
2025-11-11,9:37:02.801840962,T,IBM,F I,1,313.93
2025-11-11,9:37:03.426506161,T,IBM,,70,314.05
2025-11-11,9:37:04.522269687,T,IBM,I,1,314.23
2025-11-11,9:37:04.522272751,T,IBM,,40,314.23
2025-11-11,9:37:05.974932208,T,IBM,I,10,314.25
2025-11-11,9:37:07.557139744,T,IBM,F I,18,314.3
2025-11-11,9:37:07.557157779,T,IBM,F,48,314.3
2025-11-11,9:37:07.557160776,T,IBM,F I,4,314.3
2025-11-11,9:37:07.557175907,T,IBM,I,10,314.3
2025-11-11,9:37:10.367633594,T,IBM,I,2,314.3
2025-11-11,9:37:10.367804945,T,IBM,,40,314.34
2025-11-11,9:37:10.531743219,T,IBM,,40,314.34
2025-11-11,9:37:12.674178830,T,IBM,I,5,314.23
2025-11-11,9:37:12.674181784,T,IBM,I,2,314.23
2025-11-11,9:37:12.674181784,T,IBM,I,31,314.23
2025-11-11,9:37:12.674317585,T,IBM,F I,7,314.27
2025-11-11,9:37:12.674323455,T,IBM,F I,10,314.27
2025-11-11,9:37:12.674323455,T,IBM,F,43,314.3
2025-11-11,9:37:12.674341884,T,IBM,F I,14,314.3
2025-11-11,9:37:12.674341884,T,IBM,F I,1,314.31
2025-11-11,9:37:12.674341884,T,IBM,F I,27,314.31
2025-11-11,9:37:12.674362110,T,IBM,I,1,314.31
2025-11-11,9:37:12.674368132,T,IBM,F I,12,314.31
2025-11-11,9:37:12.674368132,T,IBM,F I,2,314.31
2025-11-11,9:37:12.674695919,T,IBM,F,40,314.37
2025-11-11,9:37:12.674783782,T,IBM,I,18,314.45
2025-11-11,9:37:12.674801184,T,IBM,F I,12,314.45
2025-11-11,9:37:12.675177024,T,IBM,,40,314.48
2025-11-11,9:37:12.967875965,T,IBM,,45,314.69
2025-11-11,9:37:13.931387658,T,IBM,,45,314.78
2025-11-11,9:37:14.305712820,T,IBM,F,40,314.785
2025-11-11,9:37:14.311462489,T,IBM,,40,314.785
2025-11-11,9:37:14.311973699,T,IBM,,60,314.785
2025-11-11,9:37:14.313212631,T,IBM,,40,314.87
2025-11-11,9:37:14.313651701,T,IBM,,40,314.87
2025-11-11,9:37:14.849987558,T,IBM,I,39,314.7
2025-11-11,9:37:14.850011777,T,IBM,F,61,314.7
2025-11-11,9:37:14.850014564,T,IBM,F I,3,314.69
2025-11-11,9:37:14.850017543,T,IBM,F,181,314.69
2025-11-11,9:37:14.850029946,T,IBM,F,58,314.69
2025-11-11,9:37:14.850032651,T,IBM,I,1,314.69
2025-11-11,9:37:14.850035579,T,IBM,,60,314.69
2025-11-11,9:37:14.850119890,T,IBM,F I,21,314.68
2025-11-11,9:37:14.867323817,T,IBM,I,30,314.68
2025-11-11,9:37:14.868186838,T,IBM,I,1,314.67
2025-11-11,9:37:14.918189934,T,IBM,,82,314.67
2025-11-11,9:37:15.724848302,T,IBM,F I,18,314.77
2025-11-11,9:37:15.725903796,T,IBM,F,40,314.78
2025-11-11,9:37:15.728679363,T,IBM,F,50,314.79
2025-11-11,9:37:15.728682323,T,IBM,F I,30,314.79
2025-11-11,9:37:15.728700415,T,IBM,I,1,314.79
2025-11-11,9:37:15.728712435,T,IBM,I,1,314.79
2025-11-11,9:37:18.723307546,T,IBM,F,70,314.69
2025-11-11,9:37:21.867118442,T,IBM,F,100,314.66
2025-11-11,9:37:21.867120857,T,IBM,F I,20,314.66
2025-11-11,9:37:22.141551427,T,IBM,I,10,314.67
2025-11-11,9:37:22.141554257,T,IBM,,70,314.69
2025-11-11,9:37:22.141554257,T,IBM,I,20,314.69
2025-11-11,9:37:22.141584327,T,IBM,,55,314.69
2025-11-11,9:37:22.141608369,T,IBM,F I,2,314.69
2025-11-11,9:37:22.141611314,T,IBM,F I,3,314.69
2025-11-11,9:37:22.141611314,T,IBM,F I,20,314.69
2025-11-11,9:37:22.141644403,T,IBM,F,70,314.7
2025-11-11,9:37:28.878285036,T,IBM,I,30,314.42
2025-11-11,9:37:28.878312179,T,IBM,F,46,314.39
2025-11-11,9:37:28.886939611,T,IBM,F I,10,314.4
2025-11-11,9:37:28.887002823,T,IBM,F I,10,314.4
2025-11-11,9:37:28.887372768,T,IBM,F I,10,314.4
2025-11-11,9:37:28.887631309,T,IBM,F I,10,314.4
2025-11-11,9:37:28.887685430,T,IBM,F I,10,314.4
2025-11-11,9:37:28.887953042,T,IBM,F I,9,314.4
2025-11-11,9:37:28.896204722,T,IBM,I,10,314.39
2025-11-11,9:37:28.896225798,T,IBM,I,10,314.39
2025-11-11,9:37:29.378959025,T,IBM,,40,314.37
2025-11-11,9:37:30.817761254,T,IBM,F I,30,314.45
2025-11-11,9:37:30.817764331,T,IBM,F I,15,314.5
2025-11-11,9:37:30.817770235,T,IBM,F I,25,314.5
2025-11-11,9:37:34.609235676,T,IBM,F I,1,314.46
2025-11-11,9:37:34.609238507,T,IBM,F I,5,314.45
2025-11-11,9:37:34.613704284,T,IBM,,40,314.43
2025-11-11,9:37:34.613704284,T,IBM,,100,314.34
2025-11-11,9:37:34.613710235,T,IBM,,45,314.32
2025-11-11,9:37:34.613710235,T,IBM,I,25,314.31
2025-11-11,9:37:34.613713098,T,IBM,,75,314.29
2025-11-11,9:37:34.613713098,T,IBM,I,30,314.28
2025-11-11,9:37:34.613716265,T,IBM,,120,314.27
2025-11-11,9:37:34.613716265,T,IBM,I,2,314.27
2025-11-11,9:37:34.613719578,T,IBM,I,2,314.26
2025-11-11,9:37:34.613719578,T,IBM,,100,314.26
2025-11-11,9:37:34.613722147,T,IBM,,100,314.24
2025-11-11,9:37:34.613731244,T,IBM,,112,314.24
2025-11-11,9:37:34.613734170,T,IBM,F,89,314.24
2025-11-11,9:37:34.652538512,T,IBM,I,11,314.56
2025-11-11,9:37:34.652592652,T,IBM,I,11,314.56
2025-11-11,9:37:34.843787926,T,IBM,,40,314.58
2025-11-11,9:37:36.079892526,T,IBM,,44,314.47
2025-11-11,9:37:39.217126185,T,IBM,I,1,314.47
2025-11-11,9:37:39.217132273,T,IBM,I,39,314.47
2025-11-11,9:37:39.295655156,T,IBM,I,3,314.47
2025-11-11,9:37:42.129153733,T,IBM,,40,314.43
2025-11-11,9:37:44.742862003,T,IBM,I,30,314.39
2025-11-11,9:37:45.142146839,T,IBM,F I,30,314.39
2025-11-11,9:37:45.142146839,T,IBM,F I,10,314.4
2025-11-11,9:37:45.142176807,T,IBM,I,1,314.4
2025-11-11,9:37:45.142200826,T,IBM,F I,29,314.4
2025-11-11,9:37:45.142603839,T,IBM,,58,314.4
2025-11-11,9:37:46.395028291,T,IBM,,40,314.45
2025-11-11,9:37:46.401361399,T,IBM,,40,314.46
2025-11-11,9:37:46.420153165,T,IBM,I,27,314.43
2025-11-11,9:37:46.598510687,T,IBM,F,45,314.43
2025-11-11,9:37:49.585711140,T,IBM,I,5,314.435
2025-11-11,9:37:50.227745659,T,IBM,F,100,314.33
2025-11-11,9:37:50.227748659,T,IBM,F I,4,314.33
2025-11-11,9:38:00.939862538,T,IBM,F I,20,314.44
2025-11-11,9:38:00.939868504,T,IBM,F,100,314.44
2025-11-11,9:38:00.939868504,T,IBM,F I,35,314.45
2025-11-11,9:38:00.939883605,T,IBM,I,1,314.45
2025-11-11,9:38:00.939889522,T,IBM,F I,38,314.45
2025-11-11,9:38:00.939898607,T,IBM,I,6,314.45
2025-11-11,9:38:00.939898607,T,IBM,I,9,314.45
2025-11-11,9:38:00.939901584,T,IBM,F,66,314.45
2025-11-11,9:38:00.940379701,T,IBM,,68,314.45
2025-11-11,9:38:00.940391758,T,IBM,I,32,314.45
2025-11-11,9:38:00.940920975,T,IBM,I,18,314.53
2025-11-11,9:38:00.941035786,T,IBM,F,40,314.53
2025-11-11,9:38:05.181980474,T,IBM,F I,8,314.7
2025-11-11,9:38:06.796509126,T,IBM,I,4,314.51
2025-11-11,9:38:06.796527811,T,IBM,I,4,314.51
2025-11-11,9:38:10.793630930,T,IBM,I,1,314.56
2025-11-11,9:38:16.375579894,T,IBM,F,100,314.61
2025-11-11,9:38:16.375579894,T,IBM,F I,25,314.62
2025-11-11,9:38:16.375597669,T,IBM,I,1,314.62
2025-11-11,9:38:17.959723931,T,IBM,F,40,314.61
2025-11-11,9:38:18.612148228,T,IBM,F,60,314.61
2025-11-11,9:38:18.612151107,T,IBM,F I,32,314.62
2025-11-11,9:38:18.612172218,T,IBM,F I,2,314.62
2025-11-11,9:38:18.612172218,T,IBM,F,40,314.62
2025-11-11,9:38:18.612175189,T,IBM,F I,18,314.62
2025-11-11,9:38:18.706536873,T,IBM,F I,1,314.72
2025-11-11,9:38:18.766538660,T,IBM,F I,2,314.67
2025-11-11,9:38:18.766556743,T,IBM,I,1,314.65
2025-11-11,9:38:18.766586861,T,IBM,F I,1,314.65
2025-11-11,9:38:18.766619889,T,IBM,F I,1,314.65
2025-11-11,9:38:19.852959071,T,IBM,F I,10,314.75
2025-11-11,9:38:19.852962118,T,IBM,F I,11,314.75
2025-11-11,9:38:19.852977243,T,IBM,I,1,314.75
2025-11-11,9:38:20.000436164,T,IBM,F I,11,314.64
2025-11-11,9:38:20.000833182,T,IBM,F I,11,314.62
2025-11-11,9:38:20.249570328,T,IBM,F,40,314.49
2025-11-11,9:38:20.505383364,T,IBM,I,30,314.09
2025-11-11,9:38:20.505386396,T,IBM,,75,314.07
2025-11-11,9:38:27.982777839,T,IBM,,100,314.26
2025-11-11,9:38:35.383357332,T,IBM,I,30,314.46
2025-11-11,9:38:36.506756979,T,IBM,F I,4,314.48
2025-11-11,9:38:36.506756979,T,IBM,F I,8,314.48
2025-11-11,9:38:36.506756979,T,IBM,F I,1,314.48
2025-11-11,9:38:36.506783937,T,IBM,F,58,314.48
2025-11-11,9:38:36.506804900,T,IBM,,42,314.48
2025-11-11,9:38:36.506804900,T,IBM,I,20,314.48
2025-11-11,9:38:36.506829588,T,IBM,F I,38,314.48
2025-11-11,9:38:36.506831940,T,IBM,I,8,314.49
2025-11-11,9:38:36.506834959,T,IBM,I,2,314.49
2025-11-11,9:38:36.506856010,T,IBM,F I,8,314.49
2025-11-11,9:38:36.506858964,T,IBM,F,40,314.49
2025-11-11,9:38:36.507592684,T,IBM,,100,314.48
2025-11-11,9:38:36.533701042,T,IBM,F,45,314.58
2025-11-11,9:38:36.533701042,T,IBM,F,84,314.54
2025-11-11,9:38:36.563020743,T,IBM,I,5,314.49
2025-11-11,9:38:41.636109982,T,IBM,,40,314.26
2025-11-11,9:38:41.903389294,T,IBM,F I,2,314.21
2025-11-11,9:38:44.174023586,T,IBM,F I,25,314.36
2025-11-11,9:38:44.174027184,T,IBM,F I,10,314.37
2025-11-11,9:38:44.174027184,T,IBM,F I,28,314.37
2025-11-11,9:38:44.174029306,T,IBM,F,95,314.37
2025-11-11,9:38:44.174046902,T,IBM,I,1,314.37
2025-11-11,9:38:44.174083174,T,IBM,F I,24,314.37
2025-11-11,9:38:45.650297356,T,IBM,F I,29,314.51
2025-11-11,9:38:45.650297356,T,IBM,F I,11,314.51
2025-11-11,9:38:45.650300386,T,IBM,F,40,314.51
2025-11-11,9:38:45.650498881,T,IBM,,45,314.54
2025-11-11,9:38:45.650531861,T,IBM,F I,25,314.51
2025-11-11,9:38:45.655075699,T,IBM,,70,314.51
2025-11-11,9:38:47.861972563,T,IBM,F I,2,314.66
2025-11-11,9:38:47.861972563,T,IBM,F,57,314.67
2025-11-11,9:38:47.861975530,T,IBM,F I,1,314.67
2025-11-11,9:38:47.862258239,T,IBM,,40,314.67
2025-11-11,9:38:52.176364706,T,IBM,,40,314.53
2025-11-11,9:38:52.176791676,T,IBM,,40,314.53
2025-11-11,9:38:55.293369219,T,IBM,F I,2,314.67
2025-11-11,9:38:55.293510646,T,IBM,,40,314.67
2025-11-11,9:38:55.649882987,T,IBM,F I,18,314.67
2025-11-11,9:38:55.649882987,T,IBM,F I,16,314.68
2025-11-11,9:38:55.649904333,T,IBM,F,54,314.68
2025-11-11,9:38:55.649907062,T,IBM,F I,35,314.68
2025-11-11,9:38:55.649907062,T,IBM,F,160,314.68
2025-11-11,9:39:00.171008254,T,IBM,F,95,314.67
2025-11-11,9:39:00.171143652,T,IBM,I,5,314.67
2025-11-11,9:39:01.170278270,T,IBM,F,40,314.73
2025-11-11,9:39:01.170389520,T,IBM,,40,314.73
2025-11-11,9:39:03.705376532,T,IBM,F I,20,314.73
2025-11-11,9:39:05.035304550,T,IBM,F,80,314.73
2025-11-11,9:39:05.035454958,T,IBM,I,20,314.73
2025-11-11,9:39:07.407523022,T,IBM,,40,314.73
2025-11-11,9:39:08.051472987,T,IBM,F I,15,314.73
2025-11-11,9:39:08.051590269,T,IBM,,40,314.73
2025-11-11,9:39:08.051665809,T,IBM,F I,5,314.73
2025-11-11,9:39:08.051665809,T,IBM,F I,10,314.74
2025-11-11,9:39:08.051686533,T,IBM,I,5,314.74
2025-11-11,9:39:08.052029305,T,IBM,I,5,314.73
2025-11-11,9:39:09.705013526,T,IBM,F I,31,314.73
2025-11-11,9:39:09.705142774,T,IBM,,40,314.73
2025-11-11,9:39:09.797667088,T,IBM,F I,24,314.73
2025-11-11,9:39:09.797670182,T,IBM,F I,7,314.74
2025-11-11,9:39:09.797670182,T,IBM,I,24,314.74
2025-11-11,9:39:09.798418872,T,IBM,I,5,314.72
2025-11-11,9:39:09.798464490,T,IBM,F I,5,314.72
2025-11-11,9:39:09.798467024,T,IBM,I,5,314.72
2025-11-11,9:39:09.798506100,T,IBM,I,5,314.72
2025-11-11,9:39:09.798575242,T,IBM,I,5,314.72
2025-11-11,9:39:09.798644413,T,IBM,I,5,314.72
2025-11-11,9:39:09.798713601,T,IBM,I,5,314.72
2025-11-11,9:39:09.798764735,T,IBM,I,5,314.72
2025-11-11,9:39:09.798764735,T,IBM,I,5,314.71
2025-11-11,9:39:09.799083407,T,IBM,,40,314.73
2025-11-11,9:39:09.869887039,T,IBM,F I,4,314.685
2025-11-11,9:39:09.870058441,T,IBM,F I,4,314.685
2025-11-11,9:39:09.870121592,T,IBM,I,4,314.685
2025-11-11,9:39:09.870127537,T,IBM,F I,4,314.685
2025-11-11,9:39:09.870130611,T,IBM,F I,4,314.685
2025-11-11,9:39:09.870145672,T,IBM,F I,19,314.685
2025-11-11,9:39:09.870151646,T,IBM,,57,314.685
2025-11-11,9:39:09.870191344,T,IBM,I,4,314.64
2025-11-11,9:39:09.870485426,T,IBM,F I,3,314.69
2025-11-11,9:39:09.870491405,T,IBM,I,4,314.63
2025-11-11,9:39:09.870494501,T,IBM,F I,4,314.69
2025-11-11,9:39:09.871546955,T,IBM,F I,11,314.69
2025-11-11,9:39:10.265256407,T,IBM,,40,314.69
2025-11-11,9:39:10.265683329,T,IBM,,42,314.69
2025-11-11,9:39:10.265683329,T,IBM,I,3,314.72
2025-11-11,9:39:10.265765399,T,IBM,,63,314.72
2025-11-11,9:39:10.265765399,T,IBM,,52,314.72
2025-11-11,9:39:11.019244219,T,IBM,F I,33,314.72
2025-11-11,9:39:11.019304368,T,IBM,I,24,314.69
2025-11-11,9:39:11.020329769,T,IBM,,40,314.72
2025-11-11,9:39:11.020459087,T,IBM,I,27,314.72
2025-11-11,9:39:12.873422246,T,IBM,F I,13,314.56
2025-11-11,9:39:12.873443339,T,IBM,F I,13,314.56
2025-11-11,9:39:12.873674841,T,IBM,F I,13,314.54
2025-11-11,9:39:14.038903882,T,IBM,F I,36,314.45
2025-11-11,9:39:14.038906798,T,IBM,F,80,314.45
2025-11-11,9:39:14.040031468,T,IBM,I,13,314.4
2025-11-11,9:39:14.040786421,T,IBM,F I,10,314.33
2025-11-11,9:39:14.040786421,T,IBM,F I,14,314.33
2025-11-11,9:39:16.814794166,T,IBM,I,1,314.37
2025-11-11,9:39:16.814797176,T,IBM,I,19,314.37
2025-11-11,9:39:16.814854319,T,IBM,I,38,314.37
2025-11-11,9:39:23.479037604,T,IBM,F,40,314.27
2025-11-11,9:39:23.480065751,T,IBM,I,26,314.23
2025-11-11,9:39:23.480071782,T,IBM,F I,2,314.27
2025-11-11,9:39:24.079879844,T,IBM,I,2,314.25
2025-11-11,9:39:24.347086913,T,IBM,I,23,314.25
2025-11-11,9:39:33.981793138,T,IBM,F,62,314.33
2025-11-11,9:39:33.981814118,T,IBM,I,4,314.31
2025-11-11,9:39:33.981817089,T,IBM,F I,4,314.31
2025-11-11,9:39:33.981820128,T,IBM,F I,5,314.32
2025-11-11,9:39:33.981859811,T,IBM,F I,4,314.31
2025-11-11,9:39:33.981862458,T,IBM,F I,38,314.33
2025-11-11,9:39:33.981865304,T,IBM,F I,7,314.34
2025-11-11,9:39:33.981898378,T,IBM,F I,33,314.34
2025-11-11,9:39:33.981898378,T,IBM,F I,5,314.34
2025-11-11,9:39:33.981994602,T,IBM,F,100,314.33
2025-11-11,9:39:33.982626020,T,IBM,F,45,314.37
2025-11-11,9:39:33.983167340,T,IBM,,45,314.33
2025-11-11,9:39:33.983236519,T,IBM,F I,2,314.34
2025-11-11,9:39:33.983510214,T,IBM,,45,314.33
2025-11-11,9:39:33.983531198,T,IBM,I,1,314.33
2025-11-11,9:39:33.983537180,T,IBM,F I,1,314.32
2025-11-11,9:39:33.983609392,T,IBM,F I,1,314.33
2025-11-11,9:39:33.983861998,T,IBM,I,1,314.33
2025-11-11,9:39:33.983922498,T,IBM,I,1,314.33
2025-11-11,9:39:33.983922498,T,IBM,I,1,314.33
2025-11-11,9:39:33.984000381,T,IBM,I,4,314.32
2025-11-11,9:39:34.107621671,T,IBM,F,40,314.43
2025-11-11,9:39:34.107625139,T,IBM,F I,38,314.43
2025-11-11,9:39:34.107628083,T,IBM,F I,2,314.43
2025-11-11,9:39:34.107639751,T,IBM,I,1,314.43
2025-11-11,9:39:34.107687782,T,IBM,I,8,314.41
2025-11-11,9:39:41.743631550,T,IBM,F I,12,314.5
2025-11-11,9:39:41.743631550,T,IBM,F,40,314.5
2025-11-11,9:39:41.743637645,T,IBM,F I,2,314.5
2025-11-11,9:39:41.743637645,T,IBM,F,53,314.5
2025-11-11,9:39:41.743707644,T,IBM,,44,314.5
2025-11-11,9:39:41.743742920,T,IBM,,100,314.5
2025-11-11,9:39:41.743760936,T,IBM,,100,314.5
2025-11-11,9:39:41.743775897,T,IBM,,44,314.46
2025-11-11,9:39:41.744097650,T,IBM,I,2,314.45
2025-11-11,9:39:45.558498528,T,IBM,F I,10,314.5
2025-11-11,9:39:45.558498528,T,IBM,F I,5,314.5
2025-11-11,9:39:45.558528640,T,IBM,F,40,314.5
2025-11-11,9:39:45.558961684,T,IBM,I,10,314.46
2025-11-11,9:39:49.944494516,T,IBM,F I,12,314.48
2025-11-11,9:39:49.945381188,T,IBM,,46,314.55
2025-11-11,9:39:49.962747739,T,IBM,F I,3,314.6
2025-11-11,9:39:49.962747739,T,IBM,F I,26,314.6
2025-11-11,9:39:49.977633030,T,IBM,I,5,314.6
2025-11-11,9:39:50.143405572,T,IBM,F I,2,314.68
2025-11-11,9:39:50.143408675,T,IBM,F,40,314.69
2025-11-11,9:39:50.685918875,T,IBM,,45,314.53
2025-11-11,9:39:50.685921184,T,IBM,,55,314.53
2025-11-11,9:39:54.764554980,T,IBM,F,84,314.64
2025-11-11,9:39:59.314567200,T,IBM,I,17,314.65
2025-11-11,9:39:59.983542699,T,IBM,F,80,314.7
2025-11-11,9:39:59.983545784,T,IBM,,100,314.65
2025-11-11,9:39:59.983554809,T,IBM,,47,314.7
2025-11-11,9:39:59.983572798,T,IBM,F,191,314.75
2025-11-11,9:39:59.983587850,T,IBM,,100,314.69
2025-11-11,9:39:59.983630024,T,IBM,I,20,314.675
2025-11-11,9:39:59.983633004,T,IBM,I,7,314.65
2025-11-11,9:39:59.983720315,T,IBM,I,27,314.68
2025-11-11,9:39:59.983741255,T,IBM,I,8,314.68
2025-11-11,9:39:59.983750475,T,IBM,F I,10,314.68
2025-11-11,9:39:59.983942725,T,IBM,F I,30,314.61
2025-11-11,9:40:00.523905120,T,IBM,F I,14,314.61
2025-11-11,9:40:00.523905120,T,IBM,F,100,314.65
2025-11-11,9:40:00.523908141,T,IBM,F,46,314.65
2025-11-11,9:40:02.014674314,T,IBM,F I,4,314.61
2025-11-11,9:40:02.014746444,T,IBM,I,4,314.6
2025-11-11,9:40:11.374661170,T,IBM,F I,19,314.53
2025-11-11,9:40:11.374664379,T,IBM,F I,5,314.54
2025-11-11,9:40:11.374664379,T,IBM,F I,2,314.54
2025-11-11,9:40:11.374667303,T,IBM,F,57,314.55
2025-11-11,9:40:11.374670177,T,IBM,F,77,314.56
2025-11-11,9:40:11.374679210,T,IBM,I,1,314.56
2025-11-11,9:40:20.976534995,T,IBM,I,5,314.45
2025-11-11,9:40:21.246148563,T,IBM,F I,12,314.53
2025-11-11,9:40:21.246148563,T,IBM,F I,22,314.55
2025-11-11,9:40:21.246151059,T,IBM,F,100,314.55
2025-11-11,9:40:21.246153900,T,IBM,F,80,314.55
2025-11-11,9:40:21.246153900,T,IBM,F I,10,314.55
2025-11-11,9:40:21.246177990,T,IBM,F,45,314.56
2025-11-11,9:40:21.246211607,T,IBM,I,19,314.53
2025-11-11,9:40:21.246211607,T,IBM,F I,1,314.57
2025-11-11,9:40:21.246217031,T,IBM,F I,1,314.6
2025-11-11,9:40:21.651792524,T,IBM,F I,9,314.75
2025-11-11,9:40:21.651795605,T,IBM,F,50,314.75
2025-11-11,9:40:21.652123504,T,IBM,I,19,314.73
2025-11-11,9:40:21.652165458,T,IBM,,81,314.73
2025-11-11,9:40:21.652165458,T,IBM,I,19,314.73
2025-11-11,9:40:21.652198577,T,IBM,,45,314.72
2025-11-11,9:40:21.652201527,T,IBM,I,14,314.71
2025-11-11,9:40:21.652264771,T,IBM,,40,314.7
2025-11-11,9:40:21.652267649,T,IBM,I,19,314.7
2025-11-11,9:40:21.653043518,T,IBM,I,4,314.685
2025-11-11,9:40:22.995307242,T,IBM,F I,2,314.72
2025-11-11,9:40:22.995307242,T,IBM,F,148,314.715
2025-11-11,9:40:22.995367168,T,IBM,F,52,314.715
2025-11-11,9:40:33.607486993,T,IBM,I,4,314.76
2025-11-11,9:40:33.607811723,T,IBM,,45,314.77
2025-11-11,9:40:33.607871965,T,IBM,,45,314.76
2025-11-11,9:40:35.169841438,T,IBM,F I,14,314.705
2025-11-11,9:40:35.170214300,T,IBM,F I,4,314.705
2025-11-11,9:40:35.170223363,T,IBM,F,75,314.705
2025-11-11,9:40:35.170229336,T,IBM,F I,7,314.705
2025-11-11,9:40:35.170229336,T,IBM,F I,4,314.68
2025-11-11,9:40:35.170233036,T,IBM,F,40,314.68
2025-11-11,9:40:35.170235767,T,IBM,F I,25,314.68
2025-11-11,9:40:35.170238801,T,IBM,I,4,314.68
2025-11-11,9:40:35.170238801,T,IBM,I,4,314.68
2025-11-11,9:40:35.170241559,T,IBM,I,4,314.68
2025-11-11,9:40:35.170244667,T,IBM,F I,4,314.68
2025-11-11,9:40:35.170244667,T,IBM,F I,4,314.68
2025-11-11,9:40:35.170247426,T,IBM,F I,15,314.68
2025-11-11,9:40:35.170268467,T,IBM,I,30,314.69
2025-11-11,9:40:35.170536073,T,IBM,I,25,314.72
2025-11-11,9:40:35.170647485,T,IBM,F,50,314.71
2025-11-11,9:40:35.176523450,T,IBM,,75,314.73
2025-11-11,9:40:35.176523450,T,IBM,,100,314.73
2025-11-11,9:40:35.176526389,T,IBM,,75,314.71
2025-11-11,9:40:35.176530026,T,IBM,,100,314.71
2025-11-11,9:40:35.176530026,T,IBM,I,30,314.65
2025-11-11,9:40:35.176533060,T,IBM,I,5,314.6
2025-11-11,9:40:35.176535351,T,IBM,,86,314.59
2025-11-11,9:40:35.189234646,T,IBM,,100,314.715
2025-11-11,9:40:35.872193528,T,IBM,F I,5,314.84
2025-11-11,9:40:35.872196495,T,IBM,F I,13,314.85
2025-11-11,9:40:35.872214612,T,IBM,F I,18,314.85
2025-11-11,9:40:35.872223636,T,IBM,F I,26,314.85
2025-11-11,9:40:35.872223636,T,IBM,F I,16,314.86
2025-11-11,9:40:35.872227174,T,IBM,F I,2,314.86
2025-11-11,9:40:35.872229997,T,IBM,F,100,314.86
2025-11-11,9:40:35.872292770,T,IBM,,80,314.86
2025-11-11,9:40:35.872341130,T,IBM,I,20,314.86
2025-11-11,9:40:35.872341130,T,IBM,,80,314.86
2025-11-11,9:40:35.872397983,T,IBM,F,100,314.86
2025-11-11,9:40:35.872397983,T,IBM,F,100,314.86
2025-11-11,9:40:35.872401000,T,IBM,F,100,314.855
2025-11-11,9:40:35.872403990,T,IBM,F,51,314.85
2025-11-11,9:40:35.872704997,T,IBM,F,75,314.91
2025-11-11,9:40:35.872704997,T,IBM,F I,25,314.91
2025-11-11,9:40:35.874391899,T,IBM,,40,314.89
2025-11-11,9:40:35.893309821,T,IBM,I,2,314.84
2025-11-11,9:40:35.893312790,T,IBM,I,7,314.76
2025-11-11,9:40:35.901122371,T,IBM,I,4,314.76
2025-11-11,9:40:35.985112376,T,IBM,I,6,314.76
2025-11-11,9:40:36.187551292,T,IBM,I,3,314.75
2025-11-11,9:40:37.964806277,T,IBM,F,76,314.75
2025-11-11,9:40:37.964827369,T,IBM,F,172,314.75
2025-11-11,9:40:38.446195360,T,IBM,F I,5,314.55
2025-11-11,9:40:38.446198365,T,IBM,F I,1,314.55
2025-11-11,9:40:38.446411936,T,IBM,,100,314.565
2025-11-11,9:40:38.447085483,T,IBM,F I,5,314.43
2025-11-11,9:40:38.447130600,T,IBM,F I,13,314.46
2025-11-11,9:40:38.447140911,T,IBM,I,12,314.46
2025-11-11,9:40:38.448264307,T,IBM,I,5,314.49
2025-11-11,9:40:38.448285380,T,IBM,F I,10,314.4
2025-11-11,9:40:38.448375617,T,IBM,F I,4,314.45
2025-11-11,9:40:38.448507837,T,IBM,F,40,314.49
2025-11-11,9:40:38.448775494,T,IBM,I,11,314.48
2025-11-11,9:40:38.448775494,T,IBM,I,27,314.49
2025-11-11,9:40:38.448778505,T,IBM,I,17,314.49
2025-11-11,9:40:39.458248722,T,IBM,I,20,314.46
2025-11-11,9:40:42.214030328,T,IBM,F,40,314.35
2025-11-11,9:40:43.430594555,T,IBM,,45,314.34
2025-11-11,9:40:43.430594555,T,IBM,I,3,314.36
2025-11-11,9:40:43.430645740,T,IBM,,48,314.38
2025-11-11,9:40:43.430702838,T,IBM,,100,314.35
2025-11-11,9:40:43.430711985,T,IBM,I,30,314.39
2025-11-11,9:40:43.430711985,T,IBM,I,11,314.39
2025-11-11,9:40:43.430716170,T,IBM,I,7,314.4
2025-11-11,9:40:43.430732963,T,IBM,F I,33,314.4
2025-11-11,9:40:43.430916366,T,IBM,F I,33,314.39
2025-11-11,9:40:43.430943498,T,IBM,F,67,314.39
2025-11-11,9:40:43.431075959,T,IBM,F I,8,314.4
2025-11-11,9:40:43.431229074,T,IBM,F I,5,314.4
2025-11-11,9:40:43.431238096,T,IBM,F I,9,314.4
2025-11-11,9:40:43.431671109,T,IBM,F I,6,314.4
2025-11-11,9:40:43.433045424,T,IBM,,40,314.35
2025-11-11,9:40:43.434103979,T,IBM,F,60,314.35
2025-11-11,9:40:45.077663684,T,IBM,I,30,314.44
2025-11-11,9:40:45.077663684,T,IBM,I,10,314.455
2025-11-11,9:40:45.130785143,T,IBM,F I,17,314.455
2025-11-11,9:40:53.434351445,T,IBM,F I,25,314.36
2025-11-11,9:40:53.434354709,T,IBM,F,75,314.33
2025-11-11,9:40:53.434354709,T,IBM,F,80,314.32
2025-11-11,9:40:53.434358569,T,IBM,F I,2,314.32
2025-11-11,9:40:53.434363239,T,IBM,F,100,314.32
2025-11-11,9:40:53.434366324,T,IBM,F,45,314.32
2025-11-11,9:40:53.434366324,T,IBM,F I,2,314.31
2025-11-11,9:40:53.434369291,T,IBM,F,100,314.31
2025-11-11,9:40:53.435187340,T,IBM,F,75,314.11
2025-11-11,9:40:53.435187340,T,IBM,F I,25,314.11
2025-11-11,9:40:53.435190174,T,IBM,F I,2,314.1
2025-11-11,9:40:53.435211211,T,IBM,F I,1,314.1
2025-11-11,9:40:53.435211211,T,IBM,F I,7,314.1
2025-11-11,9:40:53.435238339,T,IBM,F I,2,314.06
2025-11-11,9:40:53.435785620,T,IBM,F,100,314.0
2025-11-11,9:40:53.436507342,T,IBM,F,157,313.89
2025-11-11,9:40:53.437328328,T,IBM,F I,3,313.89
2025-11-11,9:40:53.439941507,T,IBM,F I,11,313.85
2025-11-11,9:40:53.452304653,T,IBM,F I,2,313.88
2025-11-11,9:40:53.452307050,T,IBM,F I,2,313.9
2025-11-11,9:40:53.452309961,T,IBM,F I,5,313.9
2025-11-11,9:40:53.452309961,T,IBM,F I,2,313.94
2025-11-11,9:40:53.452334181,T,IBM,F I,6,313.94
2025-11-11,9:40:53.452376160,T,IBM,F I,8,313.95
2025-11-11,9:40:55.414647009,T,IBM,I,2,313.84
2025-11-11,9:40:55.414647009,T,IBM,I,5,313.86
2025-11-11,9:40:55.414647009,T,IBM,I,33,313.87
2025-11-11,9:40:55.416637345,T,IBM,I,23,313.83
2025-11-11,9:40:55.465004573,T,IBM,I,17,313.88
2025-11-11,9:40:56.217028819,T,IBM,F,100,313.92
2025-11-11,9:40:56.492914660,T,IBM,F,100,313.75
2025-11-11,9:40:56.492977885,T,IBM,I,18,313.8
2025-11-11,9:40:56.492981172,T,IBM,,40,313.8
2025-11-11,9:40:56.493182375,T,IBM,F I,30,313.74
2025-11-11,9:40:56.493185728,T,IBM,F I,2,313.72
2025-11-11,9:40:56.493188539,T,IBM,F I,7,313.7
2025-11-11,9:40:56.495425617,T,IBM,,40,313.73
2025-11-11,9:40:57.939261971,T,IBM,F I,5,313.76
2025-11-11,9:40:59.484316274,T,IBM,F,100,313.68
2025-11-11,9:41:02.166963662,T,IBM,F I,1,313.62
2025-11-11,9:41:04.290399788,T,IBM,F I,23,313.66
2025-11-11,9:41:04.290402885,T,IBM,F I,2,313.67
2025-11-11,9:41:04.290459988,T,IBM,F I,2,313.7
2025-11-11,9:41:05.673870565,T,IBM,F I,20,313.73
2025-11-11,9:41:09.112677011,T,IBM,F,46,313.76
2025-11-11,9:41:10.461757640,T,IBM,F,40,313.85
2025-11-11,9:41:10.462647718,T,IBM,F I,10,313.99
2025-11-11,9:41:10.462710939,T,IBM,F,40,314.0
2025-11-11,9:41:10.463324356,T,IBM,F I,10,314.0
2025-11-11,9:41:10.463348923,T,IBM,F I,1,314.0
2025-11-11,9:41:10.463348923,T,IBM,F I,1,314.0
2025-11-11,9:41:10.463535252,T,IBM,I,39,314.0
2025-11-11,9:41:10.463649135,T,IBM,I,9,314.0
2025-11-11,9:41:10.463670872,T,IBM,I,9,314.0
2025-11-11,9:41:10.463697291,T,IBM,,111,314.0
2025-11-11,9:41:10.463706276,T,IBM,F,45,313.99
2025-11-11,9:41:10.465657943,T,IBM,,40,314.0
2025-11-11,9:41:10.465681935,T,IBM,F,120,314.03
2025-11-11,9:41:10.465703010,T,IBM,,40,314.03
2025-11-11,9:41:10.465712083,T,IBM,F,80,314.03
2025-11-11,9:41:10.465712083,T,IBM,F,40,314.03
2025-11-11,9:41:10.465718113,T,IBM,,80,314.03
2025-11-11,9:41:13.398633348,T,IBM,F I,5,314.22
2025-11-11,9:41:13.402590832,T,IBM,,40,314.39
2025-11-11,9:41:18.958202745,T,IBM,F I,2,314.59
2025-11-11,9:41:18.958280980,T,IBM,F I,2,314.57
2025-11-11,9:41:31.264132402,T,IBM,F I,2,314.69
2025-11-11,9:41:34.316197247,T,IBM,F I,3,314.78
2025-11-11,9:41:34.316982217,T,IBM,F I,3,314.86
2025-11-11,9:41:34.317300831,T,IBM,I,4,314.86
2025-11-11,9:41:34.385169491,T,IBM,I,25,314.9
2025-11-11,9:41:34.385169491,T,IBM,I,2,314.9
2025-11-11,9:41:34.385172431,T,IBM,I,2,314.9
2025-11-11,9:41:34.789845859,T,IBM,I,2,314.84
2025-11-11,9:41:37.056564243,T,IBM,I,30,314.89
2025-11-11,9:41:37.205344105,T,IBM,F,100,314.81
2025-11-11,9:41:37.205346444,T,IBM,F I,5,314.81
2025-11-11,9:41:37.205401147,T,IBM,F I,3,314.8
2025-11-11,9:41:37.205403816,T,IBM,F I,24,314.79
2025-11-11,9:41:37.205412652,T,IBM,F I,25,314.79
2025-11-11,9:41:37.205415639,T,IBM,F,80,314.79
2025-11-11,9:41:49.721163449,T,IBM,F I,1,314.8
2025-11-11,9:41:49.721211636,T,IBM,,60,314.8
2025-11-11,9:41:49.785691060,T,IBM,,100,314.75
2025-11-11,9:41:49.785691060,T,IBM,I,20,314.75
2025-11-11,9:41:49.932990713,T,IBM,F I,2,314.66
2025-11-11,9:41:49.933014739,T,IBM,F I,2,314.61
2025-11-11,9:41:49.933014739,T,IBM,F,40,314.61
2025-11-11,9:41:49.933038834,T,IBM,I,1,314.61
2025-11-11,9:41:49.933044874,T,IBM,,40,314.61
2025-11-11,9:41:49.933062939,T,IBM,F,59,314.61
2025-11-11,9:41:59.722899362,T,IBM,I,2,314.54
2025-11-11,9:41:59.722902292,T,IBM,I,8,314.53
2025-11-11,9:41:59.722938339,T,IBM,F I,2,314.53
2025-11-11,9:41:59.722962402,T,IBM,I,10,314.53
2025-11-11,9:41:59.731836490,T,IBM,I,9,314.55
2025-11-11,9:41:59.731863571,T,IBM,F I,9,314.55
2025-11-11,9:42:03.102609106,T,IBM,I,1,314.62
2025-11-11,9:42:03.132837142,T,IBM,F I,2,314.51
2025-11-11,9:42:03.132987458,T,IBM,F I,2,314.51
2025-11-11,9:42:06.223186211,T,IBM,F I,2,314.51
2025-11-11,9:42:06.223288366,T,IBM,,40,314.51
2025-11-11,9:42:08.675482175,T,IBM,F I,2,314.51
2025-11-11,9:42:08.675491248,T,IBM,F I,2,314.51
2025-11-11,9:42:08.675491248,T,IBM,F I,2,314.51
2025-11-11,9:42:08.675536385,T,IBM,F I,2,314.51
2025-11-11,9:42:08.675654073,T,IBM,F,46,314.51
2025-11-11,9:42:08.675656633,T,IBM,I,2,314.5
2025-11-11,9:42:08.675710729,T,IBM,I,13,314.56
2025-11-11,9:42:08.675770887,T,IBM,F I,2,314.5
2025-11-11,9:42:08.675797919,T,IBM,I,1,314.5
2025-11-11,9:42:08.676131742,T,IBM,I,22,314.54
2025-11-11,9:42:08.676522705,T,IBM,F,120,314.55
2025-11-11,9:42:08.677109118,T,IBM,F I,2,314.51
2025-11-11,9:42:08.696811987,T,IBM,F I,5,314.6
2025-11-11,9:42:08.806480010,T,IBM,F I,2,314.66
2025-11-11,9:42:08.933978144,T,IBM,F,80,314.71
2025-11-11,9:42:08.944929683,T,IBM,F,44,314.75
2025-11-11,9:42:08.953626329,T,IBM,F I,17,314.89
2025-11-11,9:42:08.953800725,T,IBM,I,3,314.89
2025-11-11,9:42:08.954537544,T,IBM,,40,314.85
2025-11-11,9:42:13.787379061,T,IBM,F,40,315.0
2025-11-11,9:42:13.787385102,T,IBM,F I,27,315.0
2025-11-11,9:42:13.787394349,T,IBM,F,67,315.0
2025-11-11,9:42:13.787400247,T,IBM,F I,13,315.0
2025-11-11,9:42:13.787403261,T,IBM,F,54,315.0
2025-11-11,9:42:13.787409069,T,IBM,F,40,315.0
2025-11-11,9:42:13.787415415,T,IBM,F I,4,315.0
2025-11-11,9:42:13.787433710,T,IBM,F,70,314.99
2025-11-11,9:42:13.787435886,T,IBM,F,67,315.0
2025-11-11,9:42:13.787445505,T,IBM,F I,13,315.0
2025-11-11,9:42:13.787454056,T,IBM,F I,22,315.0
2025-11-11,9:42:13.787487350,T,IBM,,40,314.95
2025-11-11,9:42:13.787550195,T,IBM,,40,314.95
2025-11-11,9:42:13.787874907,T,IBM,I,1,315.0
2025-11-11,9:42:13.787910973,T,IBM,I,4,315.0
2025-11-11,9:42:13.788031345,T,IBM,F I,2,315.01
2025-11-11,9:42:13.789110847,T,IBM,F I,6,315.09
2025-11-11,9:42:13.789405557,T,IBM,I,6,315.09
2025-11-11,9:42:13.790710713,T,IBM,F,70,315.01
2025-11-11,9:42:13.791233952,T,IBM,,45,315.04
2025-11-11,9:42:13.791263950,T,IBM,,55,315.04
2025-11-11,9:42:13.791429389,T,IBM,F I,10,314.98
2025-11-11,9:42:13.791438519,T,IBM,F,40,314.98
2025-11-11,9:42:13.791438519,T,IBM,F I,10,314.98
2025-11-11,9:42:13.791468472,T,IBM,F I,10,314.98
2025-11-11,9:42:13.791480506,T,IBM,I,7,315.01
2025-11-11,9:42:13.791483539,T,IBM,I,2,315.01
2025-11-11,9:42:13.791679040,T,IBM,I,30,314.98
2025-11-11,9:42:13.791766205,T,IBM,F,40,314.94
2025-11-11,9:42:13.793510385,T,IBM,,40,314.94
2025-11-11,9:42:13.793585548,T,IBM,F I,39,315.0
2025-11-11,9:42:13.798487196,T,IBM,I,20,314.94
2025-11-11,9:42:13.798487196,T,IBM,I,20,314.93
2025-11-11,9:42:13.798505193,T,IBM,I,1,314.93
2025-11-11,9:42:13.798514277,T,IBM,I,1,314.93
2025-11-11,9:42:13.798893152,T,IBM,F I,18,314.93
2025-11-11,9:42:13.798896204,T,IBM,F I,22,314.93
2025-11-11,9:42:13.798998344,T,IBM,F,78,314.93
2025-11-11,9:42:13.816389027,T,IBM,I,2,314.95
2025-11-11,9:42:13.816389027,T,IBM,I,25,314.96
2025-11-11,9:42:13.816391842,T,IBM,I,5,314.96
2025-11-11,9:42:14.049581993,T,IBM,I,29,314.97
2025-11-11,9:42:14.049584952,T,IBM,I,11,314.97
2025-11-11,9:42:14.049600000,T,IBM,I,1,314.97
2025-11-11,9:42:14.049608964,T,IBM,I,8,314.97
2025-11-11,9:42:14.059349176,T,IBM,F I,10,315.01
2025-11-11,9:42:18.542048839,T,IBM,F,100,314.97
2025-11-11,9:42:18.542238352,T,IBM,F I,30,314.93
2025-11-11,9:42:18.542268420,T,IBM,F,46,314.92
2025-11-11,9:42:18.542511964,T,IBM,F,40,314.92
2025-11-11,9:42:18.542518039,T,IBM,I,24,314.96
2025-11-11,9:42:18.543513415,T,IBM,F I,30,314.92
2025-11-11,9:42:18.622541675,T,IBM,F,100,314.83
2025-11-11,9:42:27.314193593,T,IBM,F I,30,314.81
2025-11-11,9:42:27.368562966,T,IBM,I,6,314.83
2025-11-11,9:42:27.373933718,T,IBM,I,18,314.79
2025-11-11,9:42:27.373936788,T,IBM,I,34,314.75
2025-11-11,9:42:28.492025532,T,IBM,F,100,314.68
2025-11-11,9:42:29.552277647,T,IBM,I,17,314.61
2025-11-11,9:42:30.255559039,T,IBM,F I,7,314.62
2025-11-11,9:42:30.954347640,T,IBM,,40,314.63
2025-11-11,9:42:30.954846826,T,IBM,I,4,314.56
2025-11-11,9:42:30.970267560,T,IBM,F I,1,314.73
2025-11-11,9:42:30.979186700,T,IBM,F I,1,314.73
2025-11-11,9:42:30.979207748,T,IBM,F I,28,314.73
2025-11-11,9:42:31.998451293,T,IBM,I,3,314.63
2025-11-11,9:42:31.998454231,T,IBM,I,3,314.63
2025-11-11,9:42:31.998481318,T,IBM,F,100,314.63
2025-11-11,9:42:32.038395330,T,IBM,F I,3,314.61
2025-11-11,9:42:32.038416398,T,IBM,F I,3,314.61
2025-11-11,9:42:32.038425381,T,IBM,F,75,314.61
2025-11-11,9:42:33.889376989,T,IBM,I,3,314.58
2025-11-11,9:42:33.889379971,T,IBM,I,3,314.58
2025-11-11,9:42:35.944598780,T,IBM,F I,3,314.58
2025-11-11,9:42:35.944649984,T,IBM,F I,19,314.57
2025-11-11,9:42:36.470593016,T,IBM,F,100,314.49
2025-11-11,9:42:36.471047100,T,IBM,I,19,314.47
2025-11-11,9:42:36.471053169,T,IBM,I,19,314.47
2025-11-11,9:42:38.519523831,T,IBM,I,4,314.515
2025-11-11,9:42:38.519617068,T,IBM,I,4,314.56
2025-11-11,9:42:40.625629832,T,IBM,F,100,314.58
2025-11-11,9:42:40.625689882,T,IBM,I,12,314.52
2025-11-11,9:42:41.588107211,T,IBM,F I,10,314.59
2025-11-11,9:42:41.588197507,T,IBM,I,5,314.58
2025-11-11,9:42:43.525123530,T,IBM,F I,27,314.66
2025-11-11,9:42:43.525141557,T,IBM,F I,5,314.66
2025-11-11,9:42:43.525487609,T,IBM,I,27,314.62
2025-11-11,9:42:44.223918159,T,IBM,F I,2,314.72
2025-11-11,9:42:44.223921115,T,IBM,F I,11,314.73
2025-11-11,9:42:44.223936169,T,IBM,F I,2,314.73
2025-11-11,9:42:44.223972282,T,IBM,F,40,314.74
2025-11-11,9:42:44.224140609,T,IBM,F I,11,314.77
2025-11-11,9:42:44.275373561,T,IBM,I,12,314.88
2025-11-11,9:42:44.275421693,T,IBM,I,7,314.83
2025-11-11,9:42:44.275476286,T,IBM,,40,314.8
2025-11-11,9:42:44.275487877,T,IBM,I,5,314.8
2025-11-11,9:42:46.816726777,T,IBM,I,11,314.84
2025-11-11,9:42:46.824704739,T,IBM,F,89,314.84
2025-11-11,9:42:48.823608585,T,IBM,,100,314.835
2025-11-11,9:42:52.474161211,T,IBM,F I,8,314.93
2025-11-11,9:42:59.228074910,T,IBM,F I,30,314.99
2025-11-11,9:42:59.228114028,T,IBM,I,8,315.0
2025-11-11,9:42:59.228114028,T,IBM,I,11,315.0
2025-11-11,9:42:59.228129749,T,IBM,I,7,315.0
2025-11-11,9:42:59.252038970,T,IBM,I,25,315.02
2025-11-11,9:42:59.772653452,T,IBM,,40,315.13
2025-11-11,9:43:01.246188476,T,IBM,I,15,315.13
2025-11-11,9:43:01.246967298,T,IBM,F,41,315.125
2025-11-11,9:43:04.899465642,T,IBM,F I,2,315.02
2025-11-11,9:43:04.899483684,T,IBM,F,98,315.02
2025-11-11,9:43:04.899489849,T,IBM,F I,2,315.01
2025-11-11,9:43:04.899898753,T,IBM,I,3,314.86
2025-11-11,9:43:04.899997963,T,IBM,I,12,314.86
2025-11-11,9:43:04.900479059,T,IBM,F I,31,315.01
2025-11-11,9:43:04.900497093,T,IBM,I,1,315.01
2025-11-11,9:43:04.903035212,T,IBM,F I,38,315.01
2025-11-11,9:43:05.399282527,T,IBM,I,1,314.96
2025-11-11,9:43:05.399321729,T,IBM,F I,2,314.96
2025-11-11,9:43:07.044396984,T,IBM,I,2,314.91
2025-11-11,9:43:12.304288037,T,IBM,I,10,315.1
2025-11-11,9:43:12.304291128,T,IBM,I,13,315.1
2025-11-11,9:43:12.304312184,T,IBM,F,57,315.1
2025-11-11,9:43:12.304312184,T,IBM,I,1,315.1
2025-11-11,9:43:12.304315173,T,IBM,F,57,315.1
2025-11-11,9:43:16.864999646,T,IBM,F I,4,315.17
2025-11-11,9:43:16.865508072,T,IBM,I,6,315.15
2025-11-11,9:43:16.865537989,T,IBM,I,1,315.17
2025-11-11,9:43:16.865568357,T,IBM,F I,1,315.17
2025-11-11,9:43:16.865697296,T,IBM,I,6,315.15
2025-11-11,9:43:19.887976344,T,IBM,I,4,315.18
2025-11-11,9:43:20.067948860,T,IBM,F I,10,315.24
2025-11-11,9:43:20.067951812,T,IBM,F I,10,315.25
2025-11-11,9:43:20.068030212,T,IBM,F,70,315.25
2025-11-11,9:43:20.068041977,T,IBM,,40,315.24
2025-11-11,9:43:20.068884088,T,IBM,I,4,315.32
2025-11-11,9:43:20.807992627,T,IBM,F I,10,315.36
2025-11-11,9:43:20.807995578,T,IBM,F I,20,315.36
2025-11-11,9:43:21.974583844,T,IBM,,45,315.33
2025-11-11,9:43:21.974586810,T,IBM,I,35,315.325
2025-11-11,9:43:21.975838831,T,IBM,,45,315.3
2025-11-11,9:43:21.975838831,T,IBM,I,2,315.28
2025-11-11,9:43:21.975840930,T,IBM,I,33,315.27
2025-11-11,9:43:21.980117028,T,IBM,I,3,315.25
2025-11-11,9:43:21.981948290,T,IBM,I,20,315.23
2025-11-11,9:43:21.981951410,T,IBM,,45,315.22
2025-11-11,9:43:21.981954394,T,IBM,I,15,315.21
2025-11-11,9:43:21.982772380,T,IBM,I,10,315.22
2025-11-11,9:43:24.202540324,T,IBM,F I,2,315.4
2025-11-11,9:43:24.202542809,T,IBM,F I,10,315.4
2025-11-11,9:43:24.212923432,T,IBM,I,18,315.59
2025-11-11,9:43:24.212956599,T,IBM,I,7,315.6
2025-11-11,9:43:24.212989653,T,IBM,I,38,315.6
2025-11-11,9:43:24.212989653,T,IBM,I,20,315.59
2025-11-11,9:43:24.212992955,T,IBM,F I,37,315.59
2025-11-11,9:43:24.212995729,T,IBM,F I,21,315.59
2025-11-11,9:43:25.630976676,T,IBM,I,6,315.68
2025-11-11,9:43:25.630976676,T,IBM,I,6,315.68
2025-11-11,9:43:26.622292487,T,IBM,I,3,315.72
2025-11-11,9:43:26.622319558,T,IBM,F I,1,315.74
2025-11-11,9:43:26.622349604,T,IBM,,69,315.74
2025-11-11,9:43:26.622445777,T,IBM,I,25,315.76
2025-11-11,9:43:26.622445777,T,IBM,I,10,315.7
2025-11-11,9:43:26.622448841,T,IBM,I,5,315.7
2025-11-11,9:43:26.622472914,T,IBM,I,10,315.74
2025-11-11,9:43:26.622581145,T,IBM,F I,20,315.74
2025-11-11,9:43:26.622821695,T,IBM,I,5,315.72
2025-11-11,9:43:26.622824678,T,IBM,I,30,315.72
2025-11-11,9:43:26.622842827,T,IBM,I,1,315.72
2025-11-11,9:43:26.622846083,T,IBM,I,4,315.72
2025-11-11,9:43:26.622848745,T,IBM,I,1,315.72
2025-11-11,9:43:26.622869819,T,IBM,I,5,315.74
2025-11-11,9:43:26.622869819,T,IBM,I,5,315.74
2025-11-11,9:43:26.622899925,T,IBM,F I,10,315.74
2025-11-11,9:43:26.636985365,T,IBM,,40,315.805
2025-11-11,9:43:26.648493852,T,IBM,I,15,315.8
2025-11-11,9:43:26.648493852,T,IBM,I,25,315.8
2025-11-11,9:43:26.762089222,T,IBM,,40,315.8
2025-11-11,9:43:27.065283047,T,IBM,F,70,315.86
2025-11-11,9:43:27.065316097,T,IBM,F I,12,315.87
2025-11-11,9:43:27.069060085,T,IBM,,60,315.88
2025-11-11,9:43:27.469974438,T,IBM,I,4,315.83
2025-11-11,9:43:27.469995581,T,IBM,I,11,315.91
2025-11-11,9:43:29.549016012,T,IBM,F,100,315.83
2025-11-11,9:43:29.549163379,T,IBM,F,150,315.815
2025-11-11,9:43:29.549202442,T,IBM,F,50,315.815
2025-11-11,9:43:30.808907252,T,IBM,I,13,315.73
2025-11-11,9:43:31.051606066,T,IBM,I,4,315.7
2025-11-11,9:43:31.051645163,T,IBM,I,4,315.69
2025-11-11,9:43:31.051666284,T,IBM,I,4,315.69
2025-11-11,9:43:31.051885738,T,IBM,,40,315.7
2025-11-11,9:43:31.051907987,T,IBM,F,150,315.72
2025-11-11,9:43:31.051912794,T,IBM,F I,5,315.7
2025-11-11,9:43:31.051912794,T,IBM,F,75,315.69
2025-11-11,9:43:31.051930859,T,IBM,I,21,315.69
2025-11-11,9:43:31.051967317,T,IBM,F,100,315.7
2025-11-11,9:43:31.051969963,T,IBM,F,50,315.71
2025-11-11,9:43:31.057482020,T,IBM,I,4,315.79
2025-11-11,9:43:31.103139754,T,IBM,F,70,315.73
2025-11-11,9:43:31.919219721,T,IBM,F I,25,315.76
2025-11-11,9:43:31.919219721,T,IBM,F I,5,315.79
2025-11-11,9:43:31.919237616,T,IBM,F,41,315.79
2025-11-11,9:43:31.919814998,T,IBM,I,25,315.76
2025-11-11,9:43:32.714480820,T,IBM,F,50,315.74
2025-11-11,9:43:34.770785864,T,IBM,I,9,315.63
2025-11-11,9:43:34.770788268,T,IBM,I,34,315.63
2025-11-11,9:43:34.770791218,T,IBM,I,25,315.63
2025-11-11,9:43:34.771344514,T,IBM,I,32,315.63
2025-11-11,9:43:34.771347641,T,IBM,I,2,315.61
2025-11-11,9:43:34.771374686,T,IBM,I,1,315.61
2025-11-11,9:43:35.037120290,T,IBM,I,31,315.61
2025-11-11,9:43:35.037138312,T,IBM,I,31,315.61
2025-11-11,9:43:35.037141332,T,IBM,I,1,315.61
2025-11-11,9:43:35.379984592,T,IBM,F I,2,315.67
2025-11-11,9:43:35.379987622,T,IBM,F,40,315.7
2025-11-11,9:43:35.380552896,T,IBM,,45,315.65
2025-11-11,9:43:35.381337818,T,IBM,I,8,315.7
2025-11-11,9:43:35.705103547,T,IBM,I,18,315.68
2025-11-11,9:43:38.144447747,T,IBM,I,5,315.66
2025-11-11,9:43:38.144447747,T,IBM,I,6,315.66
2025-11-11,9:43:38.145052216,T,IBM,,40,315.66
2025-11-11,9:43:38.724405669,T,IBM,I,39,315.6
2025-11-11,9:43:38.724405669,T,IBM,I,4,315.6
2025-11-11,9:43:38.827962998,T,IBM,,40,315.55
2025-11-11,9:43:38.827962998,T,IBM,I,25,315.55
2025-11-11,9:43:38.828092332,T,IBM,F,65,315.55
2025-11-11,9:43:38.828200822,T,IBM,F I,35,315.55
2025-11-11,9:43:38.828200822,T,IBM,F I,30,315.54
2025-11-11,9:43:38.828221692,T,IBM,I,1,315.54
2025-11-11,9:43:38.828227856,T,IBM,I,34,315.54
2025-11-11,9:43:40.917845358,T,IBM,F I,30,315.48
2025-11-11,9:43:40.917929596,T,IBM,F I,30,315.51
2025-11-11,9:43:46.168672716,T,IBM,I,2,315.49
2025-11-11,9:43:46.168774953,T,IBM,,40,315.49
2025-11-11,9:43:46.169171919,T,IBM,,40,315.49
2025-11-11,9:43:46.171231789,T,IBM,F,150,315.55
2025-11-11,9:43:47.209811285,T,IBM,F,57,315.67
2025-11-11,9:43:47.209811285,T,IBM,F,40,315.68
2025-11-11,9:43:47.209814293,T,IBM,F I,33,315.68
2025-11-11,9:43:47.209817249,T,IBM,F I,29,315.68
2025-11-11,9:43:47.209865410,T,IBM,F,70,315.68
2025-11-11,9:43:47.209901502,T,IBM,,100,315.68
2025-11-11,9:43:47.209913524,T,IBM,I,23,315.68
2025-11-11,9:43:47.209925474,T,IBM,F I,17,315.68
2025-11-11,9:43:47.210301407,T,IBM,F I,30,315.68
2025-11-11,9:43:47.210334520,T,IBM,,51,315.68
2025-11-11,9:43:47.210469826,T,IBM,,60,315.68
2025-11-11,9:43:47.397151211,T,IBM,F I,16,315.75
2025-11-11,9:43:50.137244494,T,IBM,F,49,315.55
2025-11-11,9:43:51.972865494,T,IBM,,45,315.46
2025-11-11,9:43:51.972979724,T,IBM,,45,315.46
2025-11-11,9:43:51.972988823,T,IBM,F,150,315.46
2025-11-11,9:43:51.973767651,T,IBM,,45,315.46
2025-11-11,9:43:51.973809748,T,IBM,,45,315.46
2025-11-11,9:43:51.973824772,T,IBM,,40,315.46
2025-11-11,9:43:51.973845784,T,IBM,I,21,315.46
2025-11-11,9:43:51.976970236,T,IBM,,40,315.46
2025-11-11,9:43:52.256266144,T,IBM,,100,315.46
2025-11-11,9:43:52.256290247,T,IBM,I,21,315.46
2025-11-11,9:43:52.354501004,T,IBM,,100,315.46
2025-11-11,9:43:52.354588206,T,IBM,F,150,315.46
2025-11-11,9:43:52.569657621,T,IBM,F I,5,315.5
2025-11-11,9:43:52.569717919,T,IBM,F I,10,315.55
2025-11-11,9:43:52.569723411,T,IBM,F I,23,315.57
2025-11-11,9:43:54.725757189,T,IBM,I,6,315.56
2025-11-11,9:44:02.707960108,T,IBM,F I,2,315.57
2025-11-11,9:44:02.708889336,T,IBM,I,8,315.58
2025-11-11,9:44:02.708913407,T,IBM,F,62,315.58
2025-11-11,9:44:02.708919539,T,IBM,F I,29,315.6
2025-11-11,9:44:02.708925772,T,IBM,F I,1,315.6
2025-11-11,9:44:02.708955511,T,IBM,F I,20,315.61
2025-11-11,9:44:02.708955511,T,IBM,F I,1,315.65
2025-11-11,9:44:02.812537167,T,IBM,I,5,315.65
2025-11-11,9:44:02.812537167,T,IBM,I,8,315.64
2025-11-11,9:44:04.123246519,T,IBM,I,12,315.68
2025-11-11,9:44:04.404208393,T,IBM,,40,315.83
2025-11-11,9:44:04.505552587,T,IBM,I,5,315.71
2025-11-11,9:44:07.757759008,T,IBM,I,1,315.705
2025-11-11,9:44:15.507809363,T,IBM,F,70,315.73
2025-11-11,9:44:15.507812311,T,IBM,F,104,315.73
2025-11-11,9:44:15.507833769,T,IBM,I,1,315.73
2025-11-11,9:44:15.507833769,T,IBM,I,36,315.73
2025-11-11,9:44:15.507836389,T,IBM,F I,8,315.73
2025-11-11,9:44:15.507839382,T,IBM,F I,8,315.73
2025-11-11,9:44:15.507842461,T,IBM,I,14,315.73
2025-11-11,9:44:15.507851448,T,IBM,F I,33,315.73
2025-11-11,9:44:15.507878495,T,IBM,F I,8,315.74
2025-11-11,9:44:15.509054553,T,IBM,F,150,315.75
2025-11-11,9:44:15.509054553,T,IBM,,45,315.75
2025-11-11,9:44:15.509057243,T,IBM,,100,315.725
2025-11-11,9:44:15.509132441,T,IBM,I,37,315.725
2025-11-11,9:44:15.509291861,T,IBM,F I,4,315.77
2025-11-11,9:44:15.509295474,T,IBM,F,100,315.78
2025-11-11,9:44:15.509508498,T,IBM,F,176,315.7
2025-11-11,9:44:15.509539340,T,IBM,F I,24,315.7
2025-11-11,9:44:15.509541442,T,IBM,F I,6,315.76
2025-11-11,9:44:15.509544406,T,IBM,F,120,315.76
2025-11-11,9:44:15.509544406,T,IBM,F,40,315.76
2025-11-11,9:44:15.509547493,T,IBM,F I,10,315.76
2025-11-11,9:44:15.509580577,T,IBM,F I,39,315.78
2025-11-11,9:44:15.509616673,T,IBM,I,11,315.71
2025-11-11,9:44:15.509628968,T,IBM,I,6,315.72
2025-11-11,9:44:15.509634974,T,IBM,I,11,315.72
2025-11-11,9:44:15.509665600,T,IBM,F,40,315.72
2025-11-11,9:44:15.509665600,T,IBM,F I,6,315.71
2025-11-11,9:44:15.509670992,T,IBM,F I,16,315.71
2025-11-11,9:44:15.509686581,T,IBM,I,1,315.71
2025-11-11,9:44:15.509686581,T,IBM,I,18,315.71
2025-11-11,9:44:15.509731180,T,IBM,I,11,315.71
2025-11-11,9:44:15.509752308,T,IBM,I,10,315.71
2025-11-11,9:44:15.509754934,T,IBM,I,5,315.71
2025-11-11,9:44:15.510043587,T,IBM,F I,6,315.72
2025-11-11,9:44:15.510133867,T,IBM,I,20,315.73
2025-11-11,9:44:15.510202997,T,IBM,I,21,315.73
2025-11-11,9:44:15.511944178,T,IBM,F,50,315.76
2025-11-11,9:44:15.522129448,T,IBM,,40,315.83
2025-11-11,9:44:15.522294839,T,IBM,I,20,315.83
2025-11-11,9:44:15.522908323,T,IBM,F,70,315.85
2025-11-11,9:44:15.525160625,T,IBM,I,7,315.85
2025-11-11,9:44:15.542668302,T,IBM,F I,1,315.9
2025-11-11,9:44:15.542737483,T,IBM,I,6,315.9
2025-11-11,9:44:15.542749495,T,IBM,I,24,315.9
2025-11-11,9:44:15.610657226,T,IBM,,81,315.885
2025-11-11,9:44:17.352072878,T,IBM,I,30,315.88
2025-11-11,9:44:21.466660334,T,IBM,I,3,315.82
2025-11-11,9:44:26.581122107,T,IBM,,40,315.89
2025-11-11,9:44:27.676819500,T,IBM,F I,8,315.97
2025-11-11,9:44:27.676825701,T,IBM,F I,24,315.99
2025-11-11,9:44:27.676855947,T,IBM,F,509,316.0
2025-11-11,9:44:27.676871135,T,IBM,I,23,315.95
2025-11-11,9:44:27.676889376,T,IBM,F I,1,316.0
2025-11-11,9:44:27.676891740,T,IBM,F I,1,316.0
2025-11-11,9:44:27.676919115,T,IBM,F,59,316.0
2025-11-11,9:44:27.676921856,T,IBM,F,75,316.0
2025-11-11,9:44:27.676924769,T,IBM,F,100,316.0
2025-11-11,9:44:27.676927800,T,IBM,F,1255,316.0
2025-11-11,9:44:27.676963888,T,IBM,,40,316.0
2025-11-11,9:44:27.676996942,T,IBM,I,16,316.0
2025-11-11,9:44:27.677078191,T,IBM,I,5,316.0
2025-11-11,9:44:27.677090837,T,IBM,,45,316.0
2025-11-11,9:44:27.677189375,T,IBM,,45,316.12
2025-11-11,9:44:27.677201387,T,IBM,,100,316.12
2025-11-11,9:44:27.677216540,T,IBM,I,23,316.12
2025-11-11,9:44:27.677405967,T,IBM,,40,315.97
2025-11-11,9:44:27.677529272,T,IBM,,40,316.04
2025-11-11,9:44:27.677625406,T,IBM,,40,316.07
2025-11-11,9:44:27.677688687,T,IBM,,60,316.04
2025-11-11,9:44:27.677691661,T,IBM,I,16,316.0
2025-11-11,9:44:27.677709686,T,IBM,I,10,316.0
2025-11-11,9:44:27.677733755,T,IBM,I,16,315.95
2025-11-11,9:44:27.677823895,T,IBM,I,16,315.97
2025-11-11,9:44:27.677920138,T,IBM,F,45,316.0
2025-11-11,9:44:27.677938179,T,IBM,I,16,315.95
2025-11-11,9:44:28.069052380,T,IBM,I,3,315.95
2025-11-11,9:44:33.576997861,T,IBM,F I,6,316.09
2025-11-11,9:44:33.576997861,T,IBM,F I,24,316.09
2025-11-11,9:44:33.577015935,T,IBM,F I,8,316.09
2025-11-11,9:44:33.577067092,T,IBM,I,16,316.05
2025-11-11,9:44:33.577325806,T,IBM,,56,316.05
2025-11-11,9:44:33.577716581,T,IBM,,40,316.04
2025-11-11,9:44:33.578552546,T,IBM,I,2,316.03
2025-11-11,9:44:33.588157437,T,IBM,I,2,316.03
2025-11-11,9:44:33.588211594,T,IBM,I,2,316.03
2025-11-11,9:44:33.597617966,T,IBM,F I,2,316.03
2025-11-11,9:44:33.597666055,T,IBM,F,94,316.03
2025-11-11,9:44:34.550114665,T,IBM,F I,25,315.94
2025-11-11,9:44:34.550114665,T,IBM,F,75,315.94
2025-11-11,9:44:42.177078882,T,IBM,,80,315.99
2025-11-11,9:44:42.193612215,T,IBM,F,57,315.82
2025-11-11,9:44:42.193615211,T,IBM,F,88,315.82
2025-11-11,9:44:42.193789612,T,IBM,I,12,315.82
2025-11-11,9:44:42.193816657,T,IBM,,40,315.81
2025-11-11,9:44:42.193822767,T,IBM,,40,315.81
2025-11-11,9:44:42.193822767,T,IBM,,57,315.81
2025-11-11,9:44:42.193837719,T,IBM,I,1,315.81
2025-11-11,9:44:42.193840703,T,IBM,I,7,315.81
2025-11-11,9:44:42.193967018,T,IBM,I,7,315.82
2025-11-11,9:44:42.194349187,T,IBM,F,93,315.82
2025-11-11,9:44:42.194351939,T,IBM,F,107,315.76
2025-11-11,9:44:42.194367028,T,IBM,F,93,315.76
2025-11-11,9:44:42.194706791,T,IBM,,50,315.76
2025-11-11,9:44:42.195079673,T,IBM,F,50,315.76
2025-11-11,9:44:42.202245787,T,IBM,I,15,315.66
2025-11-11,9:44:42.202269844,T,IBM,,200,315.66
2025-11-11,9:44:47.809135859,T,IBM,,100,315.64
2025-11-11,9:44:48.601113342,T,IBM,F,40,315.66
2025-11-11,9:44:48.601116245,T,IBM,I,5,315.65
2025-11-11,9:44:50.243560360,T,IBM,,42,315.7
2025-11-11,9:44:50.243770890,T,IBM,I,4,315.67
2025-11-11,9:44:50.244285162,T,IBM,I,4,315.65
2025-11-11,9:44:56.173738046,T,IBM,F,40,315.74
2025-11-11,9:44:56.173759160,T,IBM,I,5,315.74
2025-11-11,9:44:56.175241704,T,IBM,,45,315.825
2025-11-11,9:44:56.175437074,T,IBM,F I,1,315.88
2025-11-11,9:44:56.176017517,T,IBM,I,20,315.825
2025-11-11,9:44:56.349136694,T,IBM,F,40,315.9
2025-11-11,9:44:56.392472863,T,IBM,,100,315.9
2025-11-11,9:44:56.946153996,T,IBM,F I,2,315.88
2025-11-11,9:44:57.639228966,T,IBM,F,75,315.85
2025-11-11,9:44:57.639228966,T,IBM,F I,5,315.83
2025-11-11,9:44:57.639262410,T,IBM,F I,2,315.82
2025-11-11,9:44:57.639264982,T,IBM,F,100,315.81
2025-11-11,9:44:57.639268634,T,IBM,F I,25,315.81
2025-11-11,9:44:57.639268634,T,IBM,F,200,315.81
2025-11-11,9:44:57.639271044,T,IBM,F I,2,315.8
2025-11-11,9:44:57.639638100,T,IBM,F,100,315.81
2025-11-11,9:44:57.639641031,T,IBM,F,176,315.8
2025-11-11,9:44:57.639641031,T,IBM,F,40,315.8
2025-11-11,9:44:57.639731150,T,IBM,F I,10,315.8
2025-11-11,9:44:57.647537684,T,IBM,F I,17,315.9
2025-11-11,9:44:57.647651986,T,IBM,F I,10,315.91
2025-11-11,9:44:57.824215281,T,IBM,F,70,315.99
2025-11-11,9:44:57.824217503,T,IBM,F,160,316.0
2025-11-11,9:45:00.062214316,T,IBM,F,100,315.99
2025-11-11,9:45:00.062268405,T,IBM,F I,5,315.98
2025-11-11,9:45:00.062271867,T,IBM,F,100,315.97
2025-11-11,9:45:00.348089947,T,IBM,F I,2,316.0
2025-11-11,9:45:00.348089947,T,IBM,F I,3,316.01
2025-11-11,9:45:03.632533012,T,IBM,F,50,316.03
2025-11-11,9:45:04.673027961,T,IBM,,45,316.05
2025-11-11,9:45:04.673086252,T,IBM,,45,316.05
2025-11-11,9:45:06.395964748,T,IBM,F I,2,316.1
2025-11-11,9:45:06.395967719,T,IBM,F I,3,316.11
2025-11-11,9:45:06.395967719,T,IBM,F I,4,316.11
2025-11-11,9:45:06.396307552,T,IBM,F I,16,316.17
2025-11-11,9:45:07.535996682,T,IBM,F I,4,316.25
2025-11-11,9:45:07.543478578,T,IBM,F I,23,316.33
2025-11-11,9:45:07.543499632,T,IBM,I,1,316.33
2025-11-11,9:45:07.543662041,T,IBM,F,70,316.33
2025-11-11,9:45:07.554370462,T,IBM,I,9,316.335
2025-11-11,9:45:09.067329447,T,IBM,F,160,316.43
2025-11-11,9:45:09.067335609,T,IBM,F,40,316.44
2025-11-11,9:45:09.067888598,T,IBM,F,40,316.55
2025-11-11,9:45:09.167858675,T,IBM,I,2,316.51
2025-11-11,9:45:11.059981106,T,IBM,F,70,316.59
2025-11-11,9:45:11.059981106,T,IBM,F I,18,316.6
2025-11-11,9:45:11.059984125,T,IBM,F,63,316.62
2025-11-11,9:45:11.061782459,T,IBM,F I,30,316.61
2025-11-11,9:45:11.062417897,T,IBM,F,75,316.69
2025-11-11,9:45:11.062417897,T,IBM,F I,2,316.69
2025-11-11,9:45:11.062419985,T,IBM,F,73,316.69
2025-11-11,9:45:11.062462204,T,IBM,F I,27,316.69
2025-11-11,9:45:11.063024402,T,IBM,,40,316.62
2025-11-11,9:45:11.071832300,T,IBM,,75,316.71
2025-11-11,9:45:11.071835542,T,IBM,I,2,316.73
2025-11-11,9:45:11.071835542,T,IBM,I,2,316.73
2025-11-11,9:45:11.071838419,T,IBM,I,2,316.73
2025-11-11,9:45:11.071838419,T,IBM,,40,316.75
2025-11-11,9:45:11.112173455,T,IBM,I,2,316.715
2025-11-11,9:45:11.112212687,T,IBM,F,78,316.715
2025-11-11,9:45:11.112215455,T,IBM,F I,30,316.69
2025-11-11,9:45:11.112218663,T,IBM,F I,2,316.67
2025-11-11,9:45:11.112221574,T,IBM,F I,2,316.67
2025-11-11,9:45:11.112254603,T,IBM,F I,2,316.64
2025-11-11,9:45:11.112257584,T,IBM,F I,2,316.64
2025-11-11,9:45:11.112260654,T,IBM,F I,2,316.64
2025-11-11,9:45:11.112263661,T,IBM,I,2,316.64
2025-11-11,9:45:11.112383849,T,IBM,I,2,316.64
2025-11-11,9:45:11.112426015,T,IBM,F I,2,316.64
2025-11-11,9:45:11.112438083,T,IBM,I,2,316.64
2025-11-11,9:45:11.112498149,T,IBM,I,2,316.64
2025-11-11,9:45:11.112564444,T,IBM,F I,2,316.64
2025-11-11,9:45:11.112564444,T,IBM,I,2,316.64
2025-11-11,9:45:11.112618509,T,IBM,F I,2,316.64
2025-11-11,9:45:11.112621494,T,IBM,I,2,316.64
2025-11-11,9:45:11.112687652,T,IBM,I,2,316.64
2025-11-11,9:45:11.115923340,T,IBM,I,2,316.63
2025-11-11,9:45:11.115944319,T,IBM,I,2,316.63
2025-11-11,9:45:11.119495995,T,IBM,I,20,316.67
2025-11-11,9:45:11.119495995,T,IBM,I,30,316.67
2025-11-11,9:45:11.119501800,T,IBM,,60,316.7
2025-11-11,9:45:11.119501800,T,IBM,I,2,316.7
2025-11-11,9:45:11.119504824,T,IBM,I,2,316.7
2025-11-11,9:45:12.249598235,T,IBM,I,9,316.7
2025-11-11,9:45:12.249736549,T,IBM,F I,4,316.67
2025-11-11,9:45:12.249742559,T,IBM,I,9,316.67
2025-11-11,9:45:12.249799656,T,IBM,I,9,316.65
2025-11-11,9:45:12.249854053,T,IBM,I,1,316.695
2025-11-11,9:45:12.249856792,T,IBM,F I,7,316.695
2025-11-11,9:45:12.249862807,T,IBM,I,1,316.695
2025-11-11,9:45:12.250037219,T,IBM,F I,10,316.71
2025-11-11,9:45:12.250040264,T,IBM,F I,3,316.71
2025-11-11,9:45:12.250043292,T,IBM,F,62,316.71
2025-11-11,9:45:12.250061275,T,IBM,I,1,316.71
2025-11-11,9:45:12.250313880,T,IBM,,51,316.65
2025-11-11,9:45:12.261323109,T,IBM,,80,316.69
2025-11-11,9:45:12.261329205,T,IBM,,70,316.7
2025-11-11,9:45:12.261329205,T,IBM,,345,316.7
2025-11-11,9:45:12.261329205,T,IBM,I,24,316.7
2025-11-11,9:45:12.507029084,T,IBM,,40,316.74
2025-11-11,9:45:12.507056083,T,IBM,F,47,316.74
2025-11-11,9:45:13.561976587,T,IBM,I,3,316.77
2025-11-11,9:45:13.561976587,T,IBM,I,6,316.77
2025-11-11,9:45:13.562063708,T,IBM,,54,316.75
2025-11-11,9:45:13.562310321,T,IBM,F,72,316.72
2025-11-11,9:45:13.562337967,T,IBM,I,28,316.72
2025-11-11,9:45:13.562340362,T,IBM,,44,316.72
2025-11-11,9:45:13.562361422,T,IBM,F,56,316.72
2025-11-11,9:45:13.571822660,T,IBM,I,30,316.74
2025-11-11,9:45:13.571822660,T,IBM,I,14,316.77
2025-11-11,9:45:13.571825142,T,IBM,I,31,316.77
2025-11-11,9:45:13.571827972,T,IBM,I,2,316.77
2025-11-11,9:45:14.237038642,T,IBM,I,3,316.76
2025-11-11,9:45:14.448502004,T,IBM,I,5,316.76
2025-11-11,9:45:14.597233147,T,IBM,F I,14,316.85
2025-11-11,9:45:14.597287287,T,IBM,I,29,316.81
2025-11-11,9:45:14.597353367,T,IBM,I,20,316.8
2025-11-11,9:45:14.597356686,T,IBM,I,9,316.79
2025-11-11,9:45:14.597612042,T,IBM,I,29,316.79
2025-11-11,9:45:14.597690207,T,IBM,I,2,316.84
2025-11-11,9:45:14.711490136,T,IBM,,75,316.85
2025-11-11,9:45:14.711490136,T,IBM,I,2,316.87
2025-11-11,9:45:14.711595414,T,IBM,I,3,316.88
2025-11-11,9:45:14.711622455,T,IBM,F,100,316.84
2025-11-11,9:45:15.117005473,T,IBM,,80,316.865
2025-11-11,9:45:15.268903139,T,IBM,F I,31,316.78
2025-11-11,9:45:15.268906337,T,IBM,F I,9,316.78
2025-11-11,9:45:15.268909147,T,IBM,F I,25,316.77
2025-11-11,9:45:15.268921933,T,IBM,F,75,316.77
2025-11-11,9:45:15.268924500,T,IBM,F I,30,316.77
2025-11-11,9:45:15.268927127,T,IBM,F I,19,316.76
2025-11-11,9:45:15.268930204,T,IBM,F,46,316.76
2025-11-11,9:45:15.268930204,T,IBM,F,100,316.76
2025-11-11,9:45:15.269128677,T,IBM,F,100,316.76
2025-11-11,9:45:15.269453405,T,IBM,F,100,316.76
2025-11-11,9:45:16.278839400,T,IBM,F,40,316.84
2025-11-11,9:45:16.910739783,T,IBM,F,100,316.74
2025-11-11,9:45:16.912008710,T,IBM,F,40,316.63
2025-11-11,9:45:16.912038846,T,IBM,,40,316.63
2025-11-11,9:45:16.912333628,T,IBM,F,40,316.62
2025-11-11,9:45:16.912971082,T,IBM,,80,316.63
2025-11-11,9:45:16.918648527,T,IBM,F,51,316.64
2025-11-11,9:45:16.918714733,T,IBM,,40,316.64
2025-11-11,9:45:18.534656726,T,IBM,F I,9,316.62
2025-11-11,9:45:18.535823484,T,IBM,F I,5,316.69
2025-11-11,9:45:18.535823484,T,IBM,F,70,316.69
2025-11-11,9:45:23.093458582,T,IBM,I,2,316.71
2025-11-11,9:45:24.496427473,T,IBM,I,20,316.76
2025-11-11,9:45:24.509189922,T,IBM,F I,2,316.75
2025-11-11,9:45:24.509319143,T,IBM,F,57,316.79
2025-11-11,9:45:24.509731195,T,IBM,F,70,316.81
2025-11-11,9:45:24.509818515,T,IBM,I,20,316.81
2025-11-11,9:45:24.509821437,T,IBM,I,20,316.8
2025-11-11,9:45:24.509824473,T,IBM,F I,4,316.85
2025-11-11,9:45:24.509827421,T,IBM,F I,10,316.88
2025-11-11,9:45:24.509872479,T,IBM,,40,316.8
2025-11-11,9:45:24.509891103,T,IBM,F I,20,316.8
2025-11-11,9:45:24.510380656,T,IBM,F I,3,316.9
2025-11-11,9:45:24.510387253,T,IBM,F I,37,316.9
2025-11-11,9:45:24.510390014,T,IBM,F,40,316.9
2025-11-11,9:45:24.510443831,T,IBM,F I,12,316.89
2025-11-11,9:45:24.510558180,T,IBM,F,43,316.9
2025-11-11,9:45:24.525714171,T,IBM,I,12,316.84
2025-11-11,9:45:24.555274607,T,IBM,,45,316.92
2025-11-11,9:45:24.555274607,T,IBM,,50,316.91
2025-11-11,9:45:24.555437260,T,IBM,I,4,316.945
2025-11-11,9:45:24.555488056,T,IBM,,96,316.945
2025-11-11,9:45:24.555578377,T,IBM,I,10,316.9
2025-11-11,9:45:24.555581309,T,IBM,I,30,316.9
2025-11-11,9:45:24.555593344,T,IBM,F,80,316.97
2025-11-11,9:45:24.555599416,T,IBM,F,45,316.9
2025-11-11,9:45:24.555605459,T,IBM,F I,25,316.9
2025-11-11,9:45:24.555605459,T,IBM,I,1,316.97
2025-11-11,9:45:24.555666228,T,IBM,I,9,316.94
2025-11-11,9:45:24.555704577,T,IBM,I,1,316.94
2025-11-11,9:45:24.555723497,T,IBM,I,2,316.935
2025-11-11,9:45:24.555723497,T,IBM,I,1,316.93
2025-11-11,9:45:24.555726429,T,IBM,I,2,316.93
2025-11-11,9:45:24.555728973,T,IBM,I,1,316.93
2025-11-11,9:45:24.555732080,T,IBM,F I,6,316.94
2025-11-11,9:45:24.555737675,T,IBM,F I,33,316.94
2025-11-11,9:45:24.555822150,T,IBM,,40,316.94
2025-11-11,9:45:24.555825538,T,IBM,I,9,316.94
2025-11-11,9:45:24.555825538,T,IBM,I,4,316.93
2025-11-11,9:45:24.555827884,T,IBM,I,3,316.93
2025-11-11,9:45:24.555830912,T,IBM,I,37,316.93
2025-11-11,9:45:24.555867009,T,IBM,F I,6,316.94
2025-11-11,9:45:24.555885009,T,IBM,I,6,316.94
2025-11-11,9:45:24.555936218,T,IBM,I,7,316.94
2025-11-11,9:45:24.555939365,T,IBM,I,6,316.94
2025-11-11,9:45:24.555978254,T,IBM,I,21,316.94
2025-11-11,9:45:24.555978254,T,IBM,I,5,316.94
2025-11-11,9:45:24.555996387,T,IBM,I,4,316.94
2025-11-11,9:45:24.555999791,T,IBM,I,6,316.94
2025-11-11,9:45:24.556065499,T,IBM,I,3,316.91
2025-11-11,9:45:25.622422096,T,IBM,,57,316.91
2025-11-11,9:45:25.622422096,T,IBM,I,15,316.91
2025-11-11,9:45:26.902115725,T,IBM,F I,1,316.92
2025-11-11,9:45:26.902118633,T,IBM,F I,2,316.92
2025-11-11,9:45:26.904806984,T,IBM,I,13,317.01
2025-11-11,9:45:29.311276993,T,IBM,I,1,316.97
2025-11-11,9:45:29.956739638,T,IBM,,40,316.96
2025-11-11,9:45:30.191255931,T,IBM,F I,20,317.01
2025-11-11,9:45:30.191273990,T,IBM,I,1,317.01
2025-11-11,9:45:30.191273990,T,IBM,F I,2,317.01
2025-11-11,9:45:31.104536187,T,IBM,,40,317.0
2025-11-11,9:45:31.104539705,T,IBM,,81,317.0
2025-11-11,9:45:31.104545404,T,IBM,F I,4,317.04
2025-11-11,9:45:31.104548757,T,IBM,F,66,317.04
2025-11-11,9:45:31.104554252,T,IBM,I,8,317.02
2025-11-11,9:45:31.104554252,T,IBM,I,16,317.0
2025-11-11,9:45:31.104558075,T,IBM,I,1,317.0
2025-11-11,9:45:31.104566278,T,IBM,F I,5,317.02
2025-11-11,9:45:31.104587264,T,IBM,I,24,317.01
2025-11-11,9:45:31.104602416,T,IBM,I,21,317.01
2025-11-11,9:45:31.104602416,T,IBM,I,18,317.0
2025-11-11,9:45:31.104746653,T,IBM,F I,10,317.02
2025-11-11,9:45:31.104870136,T,IBM,,40,317.04
2025-11-11,9:45:31.295773446,T,IBM,I,4,317.18
2025-11-11,9:45:31.295776401,T,IBM,I,20,317.18
2025-11-11,9:45:31.296077193,T,IBM,F I,1,317.21
2025-11-11,9:45:31.296089185,T,IBM,F I,1,317.21
2025-11-11,9:45:36.068002485,T,IBM,I,3,317.22
2025-11-11,9:45:36.068005802,T,IBM,F I,3,317.22
2025-11-11,9:45:36.068008787,T,IBM,F I,3,317.22
2025-11-11,9:45:36.068011673,T,IBM,F I,3,317.22
2025-11-11,9:45:36.068065626,T,IBM,F I,3,317.2
2025-11-11,9:45:36.068068882,T,IBM,F,40,317.2
2025-11-11,9:45:36.068071729,T,IBM,F I,32,317.2
2025-11-11,9:45:36.068089674,T,IBM,I,3,317.2
2025-11-11,9:45:36.069614325,T,IBM,,40,317.17
2025-11-11,9:45:36.649217223,T,IBM,F,70,317.2
2025-11-11,9:45:38.539845207,T,IBM,F,40,317.4
2025-11-11,9:45:38.539848552,T,IBM,F I,35,317.4
2025-11-11,9:45:38.539863198,T,IBM,I,1,317.4
2025-11-11,9:45:38.539869197,T,IBM,F I,1,317.4
2025-11-11,9:45:38.539875247,T,IBM,I,5,317.36
2025-11-11,9:45:38.539938439,T,IBM,I,19,317.37
2025-11-11,9:45:38.539956396,T,IBM,,40,317.4
2025-11-11,9:45:39.039093771,T,IBM,I,1,317.4
2025-11-11,9:45:39.676984293,T,IBM,F,69,317.4
2025-11-11,9:45:39.676987401,T,IBM,F I,12,317.4
2025-11-11,9:45:41.101033595,T,IBM,I,6,317.4
2025-11-11,9:45:41.125382499,T,IBM,F,40,317.52
2025-11-11,9:45:41.363961523,T,IBM,,57,317.5
2025-11-11,9:45:41.363965187,T,IBM,,100,317.5
2025-11-11,9:45:41.363967714,T,IBM,I,2,317.5
2025-11-11,9:45:41.363967714,T,IBM,,40,317.49
2025-11-11,9:45:41.363970477,T,IBM,,100,317.49
2025-11-11,9:45:45.334894553,T,IBM,F,80,317.32
2025-11-11,9:45:45.335348078,T,IBM,F I,1,317.24
2025-11-11,9:45:46.534423277,T,IBM,,45,317.21
2025-11-11,9:45:46.534423277,T,IBM,I,20,317.21
2025-11-11,9:45:46.534425788,T,IBM,I,15,317.2
2025-11-11,9:45:46.534440761,T,IBM,F,65,317.2
2025-11-11,9:45:46.559860312,T,IBM,I,2,317.29
2025-11-11,9:45:46.559860312,T,IBM,I,5,317.29
2025-11-11,9:45:46.759764192,T,IBM,F I,30,317.26
2025-11-11,9:45:46.759767635,T,IBM,F I,1,317.29
2025-11-11,9:45:46.759770260,T,IBM,F I,16,317.3
2025-11-11,9:45:46.767811595,T,IBM,I,2,317.39
2025-11-11,9:45:46.767811595,T,IBM,I,2,317.39
2025-11-11,9:45:46.767817684,T,IBM,I,2,317.39
2025-11-11,9:45:46.767817684,T,IBM,,100,317.41
2025-11-11,9:45:46.767817684,T,IBM,,100,317.41
2025-11-11,9:45:46.767821007,T,IBM,,75,317.41
2025-11-11,9:45:46.767823550,T,IBM,,100,317.42
2025-11-11,9:45:46.767823550,T,IBM,I,1,317.44
2025-11-11,9:45:46.767826348,T,IBM,I,30,317.44
2025-11-11,9:45:46.767830118,T,IBM,,57,317.45
2025-11-11,9:45:46.767830118,T,IBM,I,11,317.46
2025-11-11,9:45:46.767832477,T,IBM,,40,317.46
2025-11-11,9:45:49.845668860,T,IBM,I,7,317.46
2025-11-11,9:45:49.846688074,T,IBM,I,1,317.46
2025-11-11,9:45:49.847190272,T,IBM,F I,12,317.46
2025-11-11,9:45:49.847193290,T,IBM,F I,2,317.46
2025-11-11,9:45:49.847307606,T,IBM,F I,5,317.45
2025-11-11,9:45:49.847415836,T,IBM,F I,5,317.445
2025-11-11,9:45:49.847418866,T,IBM,F I,12,317.44
2025-11-11,9:45:49.847518040,T,IBM,,40,317.44
2025-11-11,9:45:49.847521049,T,IBM,F I,12,317.44
2025-11-11,9:45:49.847776708,T,IBM,I,12,317.44
2025-11-11,9:45:49.847909347,T,IBM,F I,10,317.43
2025-11-11,9:45:49.847911979,T,IBM,F I,2,317.42
2025-11-11,9:45:49.847939092,T,IBM,I,1,317.42
2025-11-11,9:45:50.357986507,T,IBM,F I,15,317.41
2025-11-11,9:45:50.357989405,T,IBM,F I,5,317.41
2025-11-11,9:45:50.358013550,T,IBM,F I,5,317.41
2025-11-11,9:45:50.358016465,T,IBM,F I,35,317.4
2025-11-11,9:45:50.358038151,T,IBM,F I,5,317.4
2025-11-11,9:45:50.358038151,T,IBM,I,1,317.4
2025-11-11,9:45:50.358040425,T,IBM,,68,317.4
2025-11-11,9:45:53.737173018,T,IBM,F I,10,317.46
2025-11-11,9:45:53.737395598,T,IBM,F,42,317.49
2025-11-11,9:45:53.737855959,T,IBM,F,80,317.48
2025-11-11,9:45:53.737934007,T,IBM,,40,317.47
2025-11-11,9:45:57.094560870,T,IBM,I,2,317.33
2025-11-11,9:45:57.094563890,T,IBM,I,2,317.33
2025-11-11,9:45:57.094566832,T,IBM,I,2,317.33
2025-11-11,9:45:57.094566832,T,IBM,I,34,317.31
2025-11-11,9:45:57.094596903,T,IBM,F I,6,317.31
2025-11-11,9:45:57.094596903,T,IBM,F I,34,317.31
2025-11-11,9:45:57.094708240,T,IBM,I,1,317.31
2025-11-11,9:45:57.094711187,T,IBM,I,39,317.3
2025-11-11,9:45:57.094732221,T,IBM,I,1,317.3
2025-11-11,9:45:58.250900682,T,IBM,,40,317.305
2025-11-11,9:46:00.570665249,T,IBM,F I,18,317.23
2025-11-11,9:46:02.194753646,T,IBM,,40,317.305
2025-11-11,9:46:02.194822823,T,IBM,F,60,317.305
2025-11-11,9:46:02.820173612,T,IBM,I,3,317.29
2025-11-11,9:46:02.820185618,T,IBM,F I,3,317.28
2025-11-11,9:46:02.821277214,T,IBM,F I,13,317.34
2025-11-11,9:46:02.821277214,T,IBM,F,40,317.34
2025-11-11,9:46:02.821863704,T,IBM,,100,317.29
2025-11-11,9:46:02.821863704,T,IBM,,57,317.29
2025-11-11,9:46:02.821863704,T,IBM,,100,317.29
2025-11-11,9:46:02.821866561,T,IBM,I,8,317.28
2025-11-11,9:46:02.821872562,T,IBM,I,14,317.28
2025-11-11,9:46:02.821872562,T,IBM,,40,317.28
2025-11-11,9:46:02.821884646,T,IBM,I,1,317.29
2025-11-11,9:46:04.153358370,T,IBM,F,40,317.33
2025-11-11,9:46:04.153370467,T,IBM,F I,30,317.34
2025-11-11,9:46:04.159402789,T,IBM,F I,4,317.39
2025-11-11,9:46:04.159736616,T,IBM,F I,14,317.39
2025-11-11,9:46:07.398215234,T,IBM,I,4,317.375
2025-11-11,9:46:07.715245056,T,IBM,I,8,317.4
2025-11-11,9:46:07.725063440,T,IBM,F I,10,317.42
2025-11-11,9:46:07.725063440,T,IBM,F I,8,317.43
2025-11-11,9:46:07.725493402,T,IBM,F,70,317.45
2025-11-11,9:46:07.725706959,T,IBM,F,66,317.46
2025-11-11,9:46:07.725727899,T,IBM,F I,4,317.46
2025-11-11,9:46:09.380672788,T,IBM,F,40,317.48
2025-11-11,9:46:09.381132950,T,IBM,,40,317.49
2025-11-11,9:46:10.170945117,T,IBM,I,12,317.53
2025-11-11,9:46:10.171125628,T,IBM,,55,317.57
2025-11-11,9:46:10.171149604,T,IBM,I,1,317.57
2025-11-11,9:46:10.171155714,T,IBM,I,1,317.57
2025-11-11,9:46:10.219592023,T,IBM,I,1,317.57
2025-11-11,9:46:10.219595921,T,IBM,I,2,317.57
2025-11-11,9:46:10.219595921,T,IBM,,40,317.58
2025-11-11,9:46:10.774836837,T,IBM,,40,317.59
2025-11-11,9:46:10.774899952,T,IBM,F I,22,317.59
2025-11-11,9:46:11.989957535,T,IBM,F,100,317.73
2025-11-11,9:46:11.989957535,T,IBM,I,1,317.73
2025-11-11,9:46:13.215480190,T,IBM,F,60,317.745
2025-11-11,9:46:13.216201824,T,IBM,I,2,317.75
2025-11-11,9:46:13.220078121,T,IBM,F I,23,317.86
2025-11-11,9:46:13.220433665,T,IBM,F I,3,317.77
2025-11-11,9:46:13.266658949,T,IBM,,40,317.76
2025-11-11,9:46:13.608954940,T,IBM,F,100,317.65
2025-11-11,9:46:13.608979106,T,IBM,F,40,317.62
2025-11-11,9:46:15.482381979,T,IBM,F I,2,317.51
2025-11-11,9:46:15.482381979,T,IBM,F,40,317.51
2025-11-11,9:46:15.482402880,T,IBM,F I,1,317.5
2025-11-11,9:46:17.106464241,T,IBM,F I,2,317.47
2025-11-11,9:46:17.106464241,T,IBM,F,78,317.46
2025-11-11,9:46:17.106479429,T,IBM,F I,2,317.46
2025-11-11,9:46:17.106479429,T,IBM,F,80,317.46
2025-11-11,9:46:17.107116769,T,IBM,,45,317.45
2025-11-11,9:46:17.107140804,T,IBM,F,55,317.45
2025-11-11,9:46:17.111146547,T,IBM,F I,10,317.59
2025-11-11,9:46:20.992176849,T,IBM,F I,7,317.85
2025-11-11,9:46:20.993048902,T,IBM,I,7,317.86
2025-11-11,9:46:25.102196247,T,IBM,F,70,317.85
2025-11-11,9:46:25.102199214,T,IBM,F I,10,317.85
2025-11-11,9:46:25.102238759,T,IBM,F I,20,317.85
2025-11-11,9:46:25.102241387,T,IBM,F,70,317.86
2025-11-11,9:46:25.102244305,T,IBM,F,60,317.86
2025-11-11,9:46:25.102259861,T,IBM,I,1,317.86
2025-11-11,9:46:25.102316540,T,IBM,I,32,317.86
2025-11-11,9:46:25.102349585,T,IBM,F I,10,317.87
2025-11-11,9:46:25.162796484,T,IBM,,60,317.865
2025-11-11,9:46:25.163987378,T,IBM,F,40,317.8
2025-11-11,9:46:25.164414371,T,IBM,F I,1,317.73
2025-11-11,9:46:25.164435438,T,IBM,I,39,317.73
2025-11-11,9:46:25.164435438,T,IBM,,40,317.73
2025-11-11,9:46:25.585735377,T,IBM,F,40,317.56
2025-11-11,9:46:25.585738321,T,IBM,F,40,317.56
2025-11-11,9:46:25.585807470,T,IBM,F I,3,317.51
2025-11-11,9:46:25.726837263,T,IBM,I,12,317.44
2025-11-11,9:46:28.202543965,T,IBM,F I,9,317.48
2025-11-11,9:46:28.202546987,T,IBM,F I,2,317.45
2025-11-11,9:46:28.202550031,T,IBM,F I,2,317.45
2025-11-11,9:46:28.202550031,T,IBM,F I,23,317.44
2025-11-11,9:46:28.202564986,T,IBM,I,1,317.44
2025-11-11,9:46:28.202568536,T,IBM,I,16,317.44
2025-11-11,9:46:28.202571047,T,IBM,I,14,317.44
2025-11-11,9:46:28.202574022,T,IBM,,65,317.44
2025-11-11,9:46:29.837605452,T,IBM,F I,3,317.485
2025-11-11,9:46:31.788463716,T,IBM,F,40,317.44
2025-11-11,9:46:31.788466838,T,IBM,F,40,317.44
2025-11-11,9:46:31.788466838,T,IBM,F I,3,317.44
2025-11-11,9:46:31.794360857,T,IBM,F,45,317.32
2025-11-11,9:46:31.794360857,T,IBM,F I,11,317.3
2025-11-11,9:46:31.794384815,T,IBM,I,37,317.3
2025-11-11,9:46:31.794384815,T,IBM,I,8,317.3
2025-11-11,9:46:31.799875948,T,IBM,F,56,317.15
2025-11-11,9:46:31.799930087,T,IBM,F,45,317.14
2025-11-11,9:46:31.810076228,T,IBM,I,30,317.15
2025-11-11,9:46:31.949319722,T,IBM,,40,317.15
2025-11-11,9:46:32.173422271,T,IBM,,45,317.03
2025-11-11,9:46:32.173422271,T,IBM,F I,35,317.03
2025-11-11,9:46:32.173503441,T,IBM,F I,5,317.0
2025-11-11,9:46:32.173503441,T,IBM,F,40,317.0
2025-11-11,9:46:32.173506632,T,IBM,F I,5,317.0
2025-11-11,9:46:32.173545886,T,IBM,F,40,317.0
2025-11-11,9:46:32.173566564,T,IBM,F,40,317.0
2025-11-11,9:46:32.173566564,T,IBM,F,40,317.0
2025-11-11,9:46:32.173617702,T,IBM,F I,35,317.0
2025-11-11,9:46:32.173623934,T,IBM,I,5,317.0
2025-11-11,9:46:32.173626727,T,IBM,I,35,317.0
2025-11-11,9:46:32.173663073,T,IBM,,40,317.0
2025-11-11,9:46:32.173663073,T,IBM,I,5,317.0
2025-11-11,9:46:32.173684383,T,IBM,I,38,317.0
2025-11-11,9:46:32.173710916,T,IBM,I,2,317.0
2025-11-11,9:46:32.173933441,T,IBM,F I,14,317.0
2025-11-11,9:46:32.177578073,T,IBM,,45,316.95
2025-11-11,9:46:32.177581108,T,IBM,I,35,316.95
2025-11-11,9:46:35.138998223,T,IBM,I,2,316.96
2025-11-11,9:46:35.139040333,T,IBM,I,28,316.965
2025-11-11,9:46:36.688211400,T,IBM,,40,316.84
2025-11-11,9:46:36.688214396,T,IBM,I,3,316.84
2025-11-11,9:46:36.812810198,T,IBM,F I,3,316.7
2025-11-11,9:46:36.812810198,T,IBM,,77,316.7
2025-11-11,9:46:36.813276162,T,IBM,F I,14,316.69
2025-11-11,9:46:41.171605757,T,IBM,F,80,316.55
2025-11-11,9:46:41.171645504,T,IBM,F,80,316.54
2025-11-11,9:46:41.450910838,T,IBM,F,40,316.45
2025-11-11,9:46:41.450913800,T,IBM,F I,2,316.45
2025-11-11,9:46:41.450928807,T,IBM,F I,2,316.46
2025-11-11,9:46:41.450931769,T,IBM,F I,2,316.46
2025-11-11,9:46:44.961176517,T,IBM,I,2,316.4
2025-11-11,9:46:44.961176517,T,IBM,I,4,316.35
2025-11-11,9:46:49.793061827,T,IBM,F,40,316.52
2025-11-11,9:46:49.793064960,T,IBM,F I,30,316.52
2025-11-11,9:46:49.793064960,T,IBM,F I,10,316.52
2025-11-11,9:46:49.793067520,T,IBM,F I,26,316.52
2025-11-11,9:46:49.793076594,T,IBM,I,5,316.49
2025-11-11,9:46:49.793257766,T,IBM,,100,316.52
2025-11-11,9:46:49.793623939,T,IBM,,40,316.52
2025-11-11,9:46:49.816577535,T,IBM,F,40,316.4
2025-11-11,9:46:49.816580489,T,IBM,F I,2,316.4
2025-11-11,9:46:49.964316255,T,IBM,F I,2,316.41
2025-11-11,9:46:50.394769995,T,IBM,I,2,316.4
2025-11-11,9:46:50.394779554,T,IBM,I,11,316.41
2025-11-11,9:46:50.394788151,T,IBM,F I,7,316.42
2025-11-11,9:46:50.394791109,T,IBM,F I,31,316.4
2025-11-11,9:46:50.394809133,T,IBM,I,1,316.4
2025-11-11,9:46:50.395082833,T,IBM,I,6,316.4
2025-11-11,9:46:51.292343945,T,IBM,F I,1,316.31
2025-11-11,9:46:51.292359290,T,IBM,I,3,316.31
2025-11-11,9:46:51.292361996,T,IBM,F,76,316.31
2025-11-11,9:46:51.296018701,T,IBM,,100,316.325
2025-11-11,9:46:51.296054776,T,IBM,F I,27,316.325
2025-11-11,9:46:51.296078826,T,IBM,F,73,316.325
2025-11-11,9:46:51.296091470,T,IBM,F,66,316.35
2025-11-11,9:46:51.296129953,T,IBM,F I,27,316.35
2025-11-11,9:46:51.296289650,T,IBM,F I,7,316.35
2025-11-11,9:46:51.296289650,T,IBM,F I,15,316.39
2025-11-11,9:46:51.296292502,T,IBM,F I,5,316.39
2025-11-11,9:46:51.296298408,T,IBM,F I,7,316.39
2025-11-11,9:46:51.296298408,T,IBM,F I,16,316.4
2025-11-11,9:46:51.296301295,T,IBM,F I,25,316.4
2025-11-11,9:46:51.296668539,T,IBM,F,57,316.33
2025-11-11,9:46:51.296668539,T,IBM,F I,8,316.33
2025-11-11,9:46:51.296701577,T,IBM,I,12,316.33
2025-11-11,9:46:51.296704666,T,IBM,I,16,316.32
2025-11-11,9:46:51.296707291,T,IBM,I,9,316.32
2025-11-11,9:46:51.296761397,T,IBM,,100,316.32
2025-11-11,9:46:51.296788445,T,IBM,F,86,316.32
2025-11-11,9:46:51.296803860,T,IBM,I,14,316.32
2025-11-11,9:46:51.296803860,T,IBM,,47,316.32
2025-11-11,9:46:51.297251636,T,IBM,F I,1,316.31
2025-11-11,9:46:51.297260662,T,IBM,,53,316.32
2025-11-11,9:46:51.297281620,T,IBM,,40,316.32
2025-11-11,9:46:51.297438008,T,IBM,F,56,316.24
2025-11-11,9:46:51.299444001,T,IBM,F I,24,316.24
2025-11-11,9:46:51.299444001,T,IBM,F,52,316.23
2025-11-11,9:46:51.299461832,T,IBM,F I,4,316.23
2025-11-11,9:46:51.299461832,T,IBM,F I,20,316.23
2025-11-11,9:46:51.308726928,T,IBM,F I,20,316.04
2025-11-11,9:46:51.308729945,T,IBM,F,100,316.04
2025-11-11,9:46:51.308853225,T,IBM,F,56,316.03
2025-11-11,9:46:51.317333453,T,IBM,I,12,316.01
2025-11-11,9:46:51.317399551,T,IBM,I,1,316.02
2025-11-11,9:47:00.409105750,T,IBM,F,40,316.0
2025-11-11,9:47:04.386708215,T,IBM,F I,22,315.9
2025-11-11,9:47:04.386930567,T,IBM,,40,315.89
2025-11-11,9:47:04.386930567,T,IBM,I,1,315.89
2025-11-11,9:47:06.735320245,T,IBM,F I,2,315.86
2025-11-11,9:47:06.735320245,T,IBM,F I,2,315.86
2025-11-11,9:47:06.735383390,T,IBM,F I,21,315.91
2025-11-11,9:47:06.735386399,T,IBM,F,100,315.91
2025-11-11,9:47:11.128072906,T,IBM,F I,2,315.76
2025-11-11,9:47:11.128096969,T,IBM,F,40,315.73
2025-11-11,9:47:11.128130007,T,IBM,F,40,315.71
2025-11-11,9:47:11.128157083,T,IBM,F,121,315.68
2025-11-11,9:47:11.128163102,T,IBM,I,2,315.72
2025-11-11,9:47:11.128193222,T,IBM,,98,315.72
2025-11-11,9:47:11.237828280,T,IBM,F I,2,315.71
2025-11-11,9:47:11.237828280,T,IBM,F I,2,315.71
2025-11-11,9:47:11.242811070,T,IBM,F,100,315.77
2025-11-11,9:47:11.242964463,T,IBM,F I,18,315.85
2025-11-11,9:47:11.243153917,T,IBM,F,100,315.85
2025-11-11,9:47:11.244242507,T,IBM,I,2,315.84
2025-11-11,9:47:16.643344175,T,IBM,I,11,315.76
2025-11-11,9:47:16.643370914,T,IBM,I,29,315.76
2025-11-11,9:47:16.643936233,T,IBM,,40,315.75
2025-11-11,9:47:19.239334035,T,IBM,F I,2,315.41
2025-11-11,9:47:19.239334035,T,IBM,F I,2,315.41
2025-11-11,9:47:19.239415212,T,IBM,F,100,315.44
2025-11-11,9:47:21.528434632,T,IBM,I,6,315.35
2025-11-11,9:47:23.430824170,T,IBM,I,5,315.375
2025-11-11,9:47:25.003492498,T,IBM,I,3,315.36
2025-11-11,9:47:28.511722597,T,IBM,F I,10,315.53
2025-11-11,9:47:28.527597220,T,IBM,I,2,315.53
2025-11-11,9:47:31.514340742,T,IBM,F,40,315.34
2025-11-11,9:47:31.514340742,T,IBM,F I,1,315.34
2025-11-11,9:47:31.514362053,T,IBM,F I,19,315.34
2025-11-11,9:47:31.514362053,T,IBM,F,40,315.33
2025-11-11,9:47:31.514364634,T,IBM,F I,1,315.33
2025-11-11,9:47:31.514878851,T,IBM,F I,1,315.275
2025-11-11,9:47:31.540060826,T,IBM,I,1,315.2
2025-11-11,9:47:33.882700845,T,IBM,I,2,315.07
2025-11-11,9:47:33.883191275,T,IBM,I,5,315.07
2025-11-11,9:47:37.970972751,T,IBM,,100,315.17
2025-11-11,9:47:37.970978691,T,IBM,F,100,315.19
2025-11-11,9:47:37.971075380,T,IBM,F,40,315.2
2025-11-11,9:47:37.971075380,T,IBM,F I,18,315.2
2025-11-11,9:47:37.971077908,T,IBM,F,40,315.2
2025-11-11,9:47:37.971080937,T,IBM,F I,2,315.2
2025-11-11,9:47:38.888141220,T,IBM,F I,20,315.14
2025-11-11,9:47:38.888141220,T,IBM,F I,24,315.14
2025-11-11,9:47:38.950690227,T,IBM,F I,38,315.22
2025-11-11,9:47:38.951177280,T,IBM,F I,12,315.27
2025-11-11,9:47:38.951180386,T,IBM,F I,26,315.27
2025-11-11,9:47:38.952816195,T,IBM,I,20,315.25
2025-11-11,9:47:38.952819360,T,IBM,F I,20,315.25
2025-11-11,9:47:38.952819360,T,IBM,F I,20,315.25
2025-11-11,9:47:38.952825274,T,IBM,I,20,315.25
2025-11-11,9:47:38.952825274,T,IBM,I,20,315.25
2025-11-11,9:47:41.361427322,T,IBM,F,100,315.21
2025-11-11,9:47:41.661872580,T,IBM,F I,20,315.19
2025-11-11,9:47:41.661872580,T,IBM,F I,24,315.19
2025-11-11,9:47:41.662101052,T,IBM,,76,315.19
2025-11-11,9:47:41.662101052,T,IBM,I,9,315.19
2025-11-11,9:47:41.662104066,T,IBM,I,3,315.18
2025-11-11,9:47:41.662122121,T,IBM,I,5,315.18
2025-11-11,9:47:41.662146154,T,IBM,F I,32,315.18
2025-11-11,9:47:41.662149191,T,IBM,F I,4,315.18
2025-11-11,9:47:41.662167200,T,IBM,I,1,315.18
2025-11-11,9:47:41.662221381,T,IBM,I,39,315.18
2025-11-11,9:47:41.662221381,T,IBM,I,5,315.18
2025-11-11,9:47:43.294994613,T,IBM,F I,20,315.09
2025-11-11,9:47:43.294997550,T,IBM,F,60,315.09
2025-11-11,9:47:43.295009713,T,IBM,F,40,315.09
2025-11-11,9:47:43.295015582,T,IBM,F,80,315.09
2025-11-11,9:47:43.295015582,T,IBM,F,40,315.08
2025-11-11,9:47:43.295018612,T,IBM,F,40,315.08
2025-11-11,9:47:43.295259159,T,IBM,F,40,315.08
2025-11-11,9:47:46.163616785,T,IBM,F,87,315.04
2025-11-11,9:47:46.163649974,T,IBM,F I,13,315.04
2025-11-11,9:47:46.163649974,T,IBM,F,74,315.03
2025-11-11,9:47:46.163691987,T,IBM,F I,13,315.04
2025-11-11,9:47:46.388856040,T,IBM,F,80,315.01
2025-11-11,9:47:46.388874031,T,IBM,I,1,315.02
2025-11-11,9:47:46.388880253,T,IBM,F I,19,315.02
2025-11-11,9:47:46.388882996,T,IBM,F,115,315.0
2025-11-11,9:47:46.388925183,T,IBM,F I,5,315.0
2025-11-11,9:47:46.388928127,T,IBM,F I,14,315.0
2025-11-11,9:47:46.389171735,T,IBM,F,87,314.95
2025-11-11,9:47:46.389412311,T,IBM,F I,1,314.89
2025-11-11,9:47:46.389463404,T,IBM,F I,1,314.88
2025-11-11,9:47:46.389490478,T,IBM,F I,7,314.88
2025-11-11,9:47:46.389490478,T,IBM,F I,20,314.88
2025-11-11,9:47:46.389986722,T,IBM,F,80,314.81
2025-11-11,9:47:46.389986722,T,IBM,F I,11,314.81
2025-11-11,9:47:49.407306932,T,IBM,F I,30,314.79
2025-11-11,9:47:49.407306932,T,IBM,F I,2,314.81
2025-11-11,9:47:49.407327994,T,IBM,F,43,314.82
2025-11-11,9:47:49.407331064,T,IBM,F I,15,314.82
2025-11-11,9:47:49.407343174,T,IBM,F I,30,314.81
2025-11-11,9:47:49.407848386,T,IBM,F I,2,314.9
2025-11-11,9:47:49.407902348,T,IBM,F,57,314.91
2025-11-11,9:47:49.423142676,T,IBM,F,150,314.885
2025-11-11,9:47:49.423184723,T,IBM,F,50,314.885
2025-11-11,9:47:49.423188008,T,IBM,F I,2,314.87
2025-11-11,9:47:49.423188008,T,IBM,F I,2,314.87
2025-11-11,9:47:49.482576155,T,IBM,F,40,314.74
2025-11-11,9:47:49.482663368,T,IBM,F,40,314.71
2025-11-11,9:47:49.482693480,T,IBM,F I,17,314.69
2025-11-11,9:47:49.482723510,T,IBM,F,100,314.68
2025-11-11,9:47:49.483009160,T,IBM,I,2,314.68
2025-11-11,9:47:49.483021236,T,IBM,I,2,314.68
2025-11-11,9:47:49.483030352,T,IBM,F I,2,314.68
2025-11-11,9:47:49.483033278,T,IBM,,98,314.68
2025-11-11,9:47:54.106490159,T,IBM,F I,20,314.62
2025-11-11,9:47:54.106492739,T,IBM,F,40,314.62
2025-11-11,9:47:54.106492739,T,IBM,F,40,314.61
2025-11-11,9:47:54.106495211,T,IBM,F I,20,314.61
2025-11-11,9:47:54.106507491,T,IBM,I,1,314.61
2025-11-11,9:47:54.106510286,T,IBM,F,59,314.61
2025-11-11,9:47:55.353479934,T,IBM,F I,13,314.52
2025-11-11,9:47:55.615214035,T,IBM,F,40,314.51
2025-11-11,9:47:55.876614362,T,IBM,F I,30,314.5
2025-11-11,9:47:55.876614362,T,IBM,F I,2,314.51
2025-11-11,9:47:56.403315229,T,IBM,I,6,314.33
2025-11-11,9:47:56.404767740,T,IBM,F,46,314.405
2025-11-11,9:47:56.405811169,T,IBM,,45,314.405
2025-11-11,9:47:56.405838205,T,IBM,F,127,314.405
2025-11-11,9:47:56.413082525,T,IBM,F I,2,314.45
2025-11-11,9:47:56.413118630,T,IBM,F,100,314.47
2025-11-11,9:47:56.413139605,T,IBM,F I,21,314.48
2025-11-11,9:47:56.599580603,T,IBM,I,2,314.42
2025-11-11,9:47:56.599583608,T,IBM,I,1,314.4
2025-11-11,9:47:56.600383479,T,IBM,F I,4,314.4
2025-11-11,9:47:56.732551173,T,IBM,F,40,314.39
2025-11-11,9:47:56.740592244,T,IBM,F I,30,314.36
2025-11-11,9:47:56.740595321,T,IBM,F,70,314.38
2025-11-11,9:47:56.740602415,T,IBM,F I,30,314.38
2025-11-11,9:47:56.740602415,T,IBM,F,40,314.39
2025-11-11,9:47:56.740607269,T,IBM,F I,30,314.39
2025-11-11,9:47:56.740610271,T,IBM,F I,30,314.39
2025-11-11,9:47:56.740977339,T,IBM,F,198,314.38
2025-11-11,9:47:56.741019257,T,IBM,F,100,314.39
2025-11-11,9:47:58.532931076,T,IBM,F I,1,314.3
2025-11-11,9:47:58.532934078,T,IBM,F I,1,314.3
2025-11-11,9:47:58.532937109,T,IBM,F,75,314.3
2025-11-11,9:47:58.532940057,T,IBM,F I,3,314.29
2025-11-11,9:47:58.533000277,T,IBM,I,3,314.27
2025-11-11,9:47:59.300183599,T,IBM,I,36,314.36
2025-11-11,9:47:59.300201644,T,IBM,I,1,314.36
2025-11-11,9:47:59.300201644,T,IBM,F I,3,314.36
2025-11-11,9:47:59.300204720,T,IBM,F I,1,314.36
