DATE,TIME_M,EX,SYM_ROOT,TR_SCOND,SIZE,PRICE
2025-10-01,9:30:01.114338543,T,IBM,F I,2,280.87
2025-10-01,9:30:01.114356554,T,IBM,Q,2,280.87
2025-10-01,9:30:01.224102850,T,IBM,F I,10,280.21
2025-10-01,9:30:01.224202131,T,IBM,F I,10,280.21
2025-10-01,9:30:01.224208152,T,IBM,F I,10,280.21
2025-10-01,9:30:01.224941872,T,IBM,F I,55,280.21
2025-10-01,9:30:01.350362032,T,IBM,F I,1,280.27
2025-10-01,9:30:01.350362032,T,IBM,F I,59,280.27
2025-10-01,9:30:01.350364394,T,IBM,F I,16,280.27
2025-10-01,9:30:01.351639421,T,IBM,F I,1,280.27
2025-10-01,9:30:01.356667438,T,IBM,I,1,280.32
2025-10-01,9:30:01.500289286,T,IBM,F I,36,280.21
2025-10-01,9:30:01.500863630,T,IBM,F I,11,280.21
2025-10-01,9:30:01.745126192,T,IBM,F I,5,280.25
2025-10-01,9:30:02.594444019,T,IBM,F I,2,280.515
2025-10-01,9:30:02.594760152,T,IBM,F I,1,280.55
2025-10-01,9:30:02.594762757,T,IBM,F I,1,280.55
2025-10-01,9:30:02.599784808,T,IBM,I,4,280.565
2025-10-01,9:30:02.599784808,T,IBM,I,1,280.565
2025-10-01,9:30:05.330065488,T,IBM,,100,280.515
2025-10-01,9:30:05.333502665,T,IBM,F I,5,280.38
2025-10-01,9:30:05.333502665,T,IBM,F I,1,280.33
2025-10-01,9:30:05.333509039,T,IBM,F I,1,280.33
2025-10-01,9:30:05.333509039,T,IBM,F I,5,280.32
2025-10-01,9:30:05.333515740,T,IBM,F,100,280.24
2025-10-01,9:30:05.333515740,T,IBM,F,100,280.23
2025-10-01,9:30:05.333515740,T,IBM,F I,51,280.21
2025-10-01,9:30:05.333517939,T,IBM,F,100,280.21
2025-10-01,9:30:05.333520750,T,IBM,F I,10,280.2
2025-10-01,9:30:05.333520750,T,IBM,F I,1,280.2
2025-10-01,9:30:05.333523707,T,IBM,F,100,280.19
2025-10-01,9:30:05.333526698,T,IBM,F I,5,280.16
2025-10-01,9:30:05.333533448,T,IBM,F,100,280.16
2025-10-01,9:30:05.333539481,T,IBM,F,100,280.15
2025-10-01,9:30:05.333539481,T,IBM,F I,9,280.15
2025-10-01,9:30:05.333568780,T,IBM,F,100,280.15
2025-10-01,9:30:05.333926681,T,IBM,F I,1,280.51
2025-10-01,9:30:05.333950760,T,IBM,F I,1,280.51
2025-10-01,9:30:05.334022956,T,IBM,F I,1,280.51
2025-10-01,9:30:05.334040917,T,IBM,F I,1,280.51
2025-10-01,9:30:05.334182226,T,IBM,F I,1,280.52
2025-10-01,9:30:05.334203380,T,IBM,F I,1,280.54
2025-10-01,9:30:05.334552111,T,IBM,F I,2,280.54
2025-10-01,9:30:07.027775121,T,IBM,F I,5,280.69
2025-10-01,9:30:07.027778191,T,IBM,F I,5,280.73
2025-10-01,9:30:07.029089226,T,IBM,F I,2,280.73
2025-10-01,9:30:07.034138264,T,IBM,F I,5,280.73
2025-10-01,9:30:07.086228335,T,IBM,I,1,280.73
2025-10-01,9:30:09.542382596,T,IBM,F I,12,280.88
2025-10-01,9:30:09.542385542,T,IBM,F I,2,280.89
2025-10-01,9:30:10.113814954,T,IBM,I,5,281.07
2025-10-01,9:30:10.113838985,T,IBM,F I,95,281.055
2025-10-01,9:31:07.611312529,T,IBM,I,2,280.86
2025-10-01,9:31:08.625870743,T,IBM,I,1,280.86
2025-10-01,9:31:08.627909639,T,IBM,I,1,280.86
2025-10-01,9:31:28.417990149,T,IBM,F I,4,280.99
2025-10-01,9:31:29.194615986,T,IBM,F I,12,280.99
2025-10-01,9:31:35.498538660,T,IBM,,100,280.995
2025-10-01,9:31:35.498580694,T,IBM,I,1,280.995
2025-10-01,9:31:35.936429129,T,IBM,I,1,281.09
2025-10-01,9:31:37.870119491,T,IBM,,100,281.095
2025-10-01,9:31:37.870122607,T,IBM,F I,10,281.11
2025-10-01,9:31:37.870140638,T,IBM,F I,11,281.11
2025-10-01,9:31:37.870182656,T,IBM,F I,10,281.11
2025-10-01,9:31:37.870206796,T,IBM,F I,11,281.11
2025-10-01,9:31:37.875992511,T,IBM,I,10,281.13
2025-10-01,9:31:42.322636519,T,IBM,F I,2,281.35
2025-10-01,9:31:42.322687731,T,IBM,F I,2,281.35
2025-10-01,9:31:42.322732735,T,IBM,F I,2,281.35
2025-10-01,9:31:42.322777828,T,IBM,F I,2,281.35
2025-10-01,9:31:42.322819853,T,IBM,F I,2,281.35
2025-10-01,9:31:42.322864988,T,IBM,F I,2,281.35
2025-10-01,9:31:42.322907139,T,IBM,F I,2,281.35
2025-10-01,9:31:42.925698145,T,IBM,I,1,281.11
2025-10-01,9:31:56.541554838,T,IBM,F I,1,281.29
2025-10-01,9:31:58.501588110,T,IBM,F I,1,281.29
2025-10-01,9:31:58.501636215,T,IBM,F I,1,281.29
2025-10-01,9:31:58.501645169,T,IBM,F I,1,281.29
2025-10-01,9:31:58.501654289,T,IBM,F I,1,281.29
2025-10-01,9:31:58.501678295,T,IBM,F I,1,281.29
2025-10-01,9:31:58.501702321,T,IBM,F I,1,281.29
2025-10-01,9:31:58.501705362,T,IBM,F I,1,281.29
2025-10-01,9:31:58.501717392,T,IBM,F I,1,281.29
2025-10-01,9:31:58.501759534,T,IBM,F I,1,281.29
2025-10-01,9:31:58.501783568,T,IBM,F I,1,281.29
2025-10-01,9:31:58.501795534,T,IBM,F I,1,281.29
2025-10-01,9:31:58.501804658,T,IBM,F I,1,281.29
2025-10-01,9:31:58.501837638,T,IBM,F I,1,281.29
2025-10-01,9:31:58.501849679,T,IBM,F I,1,281.29
2025-10-01,9:31:58.501861751,T,IBM,F I,1,281.29
2025-10-01,9:31:58.501912857,T,IBM,F I,1,281.29
2025-10-01,9:31:58.501975972,T,IBM,F I,1,281.29
2025-10-01,9:31:58.502033200,T,IBM,F I,1,281.29
2025-10-01,9:31:58.502090318,T,IBM,F I,1,281.29
2025-10-01,9:31:58.502147378,T,IBM,F I,1,281.29
2025-10-01,9:31:58.502204601,T,IBM,F I,1,281.29
2025-10-01,9:31:58.502261692,T,IBM,F I,1,281.29
2025-10-01,9:31:58.566717146,T,IBM,I,1,281.29
2025-10-01,9:31:58.566750273,T,IBM,I,1,281.3
2025-10-01,9:32:00.698795944,T,IBM,I,49,281.29
2025-10-01,9:32:00.698820001,T,IBM,I,5,281.29
2025-10-01,9:32:00.698820001,T,IBM,I,5,281.29
2025-10-01,9:32:00.698823011,T,IBM,I,5,281.29
2025-10-01,9:32:00.698880107,T,IBM,I,17,281.34
2025-10-01,9:32:00.699093598,T,IBM,F I,49,281.3
2025-10-01,9:32:00.699105686,T,IBM,I,51,281.3
2025-10-01,9:32:00.699117892,T,IBM,F I,5,281.29
2025-10-01,9:32:00.699117892,T,IBM,F I,5,281.29
2025-10-01,9:32:00.699123692,T,IBM,F I,5,281.29
2025-10-01,9:32:00.699144722,T,IBM,I,2,281.29
2025-10-01,9:32:02.787592792,T,IBM,F,100,281.27
2025-10-01,9:32:03.663785621,T,IBM,I,5,281.3
2025-10-01,9:32:03.663788865,T,IBM,I,2,281.305
2025-10-01,9:32:03.664348018,T,IBM,I,2,281.36
2025-10-01,9:32:03.758429976,T,IBM,I,2,281.39
2025-10-01,9:32:03.758592534,T,IBM,F I,50,281.48
2025-10-01,9:32:03.758655492,T,IBM,F,149,281.49
2025-10-01,9:32:03.758658787,T,IBM,F,100,281.49
2025-10-01,9:32:03.758658787,T,IBM,F I,50,281.5
2025-10-01,9:32:03.758704031,T,IBM,,100,281.48
2025-10-01,9:32:03.758844946,T,IBM,F,125,281.54
2025-10-01,9:32:03.785780034,T,IBM,I,5,281.41
2025-10-01,9:32:03.785780034,T,IBM,I,51,281.38
2025-10-01,9:32:03.785783149,T,IBM,I,5,281.38
2025-10-01,9:32:03.785783149,T,IBM,I,42,281.35
2025-10-01,9:32:17.923231696,T,IBM,F,100,281.42
2025-10-01,9:32:27.084815356,T,IBM,I,5,281.33
2025-10-01,9:32:27.084869523,T,IBM,,100,281.33
2025-10-01,9:32:27.085627288,T,IBM,I,7,281.33
2025-10-01,9:32:29.384218472,T,IBM,F I,5,281.49
2025-10-01,9:32:31.503883653,T,IBM,,100,281.4
2025-10-01,9:32:45.221310349,T,IBM,I,5,281.5
2025-10-01,9:32:45.227408894,T,IBM,I,45,281.5
2025-10-01,9:33:01.016094534,T,IBM,F I,37,281.4
2025-10-01,9:33:01.016193714,T,IBM,,100,281.405
2025-10-01,9:33:02.446311374,T,IBM,F I,8,281.2
2025-10-01,9:33:02.446624609,T,IBM,I,31,281.31
2025-10-01,9:33:02.446648162,T,IBM,I,1,281.31
2025-10-01,9:33:02.446699221,T,IBM,F,100,281.31
2025-10-01,9:33:02.446699221,T,IBM,I,31,281.31
2025-10-01,9:33:02.635227903,T,IBM,F,100,281.16
2025-10-01,9:33:02.635230236,T,IBM,F,100,281.16
2025-10-01,9:33:02.635233078,T,IBM,F I,5,281.16
2025-10-01,9:33:33.285025223,T,IBM,F I,22,281.15
2025-10-01,9:33:44.866737470,T,IBM,I,2,280.73
2025-10-01,9:33:44.866740445,T,IBM,I,92,280.7
2025-10-01,9:33:44.866758437,T,IBM,I,1,280.7
2025-10-01,9:33:44.867492206,T,IBM,F I,1,280.7
2025-10-01,9:33:44.868084607,T,IBM,F I,4,280.67
2025-10-01,9:33:44.869882946,T,IBM,F I,10,280.6
2025-10-01,9:33:44.869885942,T,IBM,F I,54,280.6
2025-10-01,9:33:46.340705494,T,IBM,F I,5,280.66
2025-10-01,9:33:56.595196015,T,IBM,F I,1,280.73
2025-10-01,9:34:11.007249874,T,IBM,I,5,280.72
2025-10-01,9:34:11.007249874,T,IBM,I,5,280.78
2025-10-01,9:34:11.007253103,T,IBM,I,34,280.8
2025-10-01,9:34:11.007253103,T,IBM,I,5,280.8
2025-10-01,9:34:11.007255308,T,IBM,I,51,280.81
2025-10-01,9:34:11.007279362,T,IBM,F I,2,280.82
2025-10-01,9:34:11.007279362,T,IBM,F I,1,280.85
2025-10-01,9:34:11.007327450,T,IBM,F I,2,280.85
2025-10-01,9:34:11.007357560,T,IBM,F I,19,280.86
2025-10-01,9:34:11.064177829,T,IBM,F,100,280.83
2025-10-01,9:34:12.082347717,T,IBM,F I,23,280.75
2025-10-01,9:34:14.816291400,T,IBM,F I,1,280.83
2025-10-01,9:34:35.825483249,T,IBM,F I,6,281.2
2025-10-01,9:34:35.825991562,T,IBM,F I,6,281.2
2025-10-01,9:34:35.826075725,T,IBM,F I,88,281.2
2025-10-01,9:34:35.826075725,T,IBM,F I,6,281.22
2025-10-01,9:34:35.826078859,T,IBM,F I,20,281.22
2025-10-01,9:34:35.826082078,T,IBM,F,100,281.23
2025-10-01,9:34:35.826084732,T,IBM,F I,11,281.23
2025-10-01,9:34:35.826084732,T,IBM,F I,11,281.23
2025-10-01,9:34:35.826128152,T,IBM,F I,89,281.23
2025-10-01,9:34:35.826128152,T,IBM,F I,19,281.23
2025-10-01,9:34:35.826150958,T,IBM,F,100,281.24
2025-10-01,9:34:35.826150958,T,IBM,F I,1,281.24
2025-10-01,9:34:35.826154242,T,IBM,F I,1,281.24
2025-10-01,9:34:35.826154242,T,IBM,F I,1,281.24
2025-10-01,9:34:35.826157058,T,IBM,F I,1,281.24
2025-10-01,9:34:35.826157058,T,IBM,F I,1,281.24
2025-10-01,9:34:35.828057715,T,IBM,F I,15,281.28
2025-10-01,9:34:35.838810979,T,IBM,I,5,281.23
2025-10-01,9:34:35.838810979,T,IBM,I,10,281.21
2025-10-01,9:34:35.839213960,T,IBM,F I,5,281.21
2025-10-01,9:34:52.273175856,T,IBM,F I,5,281.2
2025-10-01,9:34:52.273175856,T,IBM,F I,5,281.19
2025-10-01,9:34:55.636664998,T,IBM,F I,20,281.36
2025-10-01,9:35:00.354678063,T,IBM,F I,10,281.22
2025-10-01,9:35:06.683527306,T,IBM,I,31,281.36
2025-10-01,9:35:06.683530825,T,IBM,I,8,281.37
2025-10-01,9:35:06.683530825,T,IBM,I,26,281.37
2025-10-01,9:35:06.683548145,T,IBM,I,1,281.37
2025-10-01,9:35:06.683548145,T,IBM,F I,30,281.37
2025-10-01,9:35:06.683551002,T,IBM,F I,1,281.37
2025-10-01,9:35:06.683569044,T,IBM,F I,6,281.37
2025-10-01,9:35:06.688281199,T,IBM,I,9,281.55
2025-10-01,9:35:06.688299331,T,IBM,,100,281.55
2025-10-01,9:35:06.688302308,T,IBM,I,9,281.55
2025-10-01,9:35:06.688323353,T,IBM,I,59,281.55
2025-10-01,9:35:06.688549659,T,IBM,I,32,281.55
2025-10-01,9:35:06.688549659,T,IBM,I,18,281.56
2025-10-01,9:35:06.688621080,T,IBM,I,32,281.56
2025-10-01,9:35:10.219744518,T,IBM,F I,4,281.31
2025-10-01,9:35:10.219744518,T,IBM,F I,1,281.31
2025-10-01,9:35:10.219747507,T,IBM,F I,8,281.31
2025-10-01,9:35:10.219763167,T,IBM,I,12,281.31
2025-10-01,9:35:10.219765575,T,IBM,I,12,281.31
2025-10-01,9:35:14.245656944,T,IBM,,100,281.4
2025-10-01,9:35:17.964535216,T,IBM,F,100,281.315
2025-10-01,9:35:25.551756840,T,IBM,F I,76,281.31
2025-10-01,9:35:29.245886367,T,IBM,,100,281.32
2025-10-01,9:35:36.072615880,T,IBM,F I,10,281.17
2025-10-01,9:35:36.072618688,T,IBM,F I,5,281.17
2025-10-01,9:35:36.940920915,T,IBM,I,1,281.1
2025-10-01,9:35:36.941732781,T,IBM,F,100,281.1
2025-10-01,9:35:36.941735912,T,IBM,F I,31,281.08
2025-10-01,9:35:36.941735912,T,IBM,F,200,281.08
2025-10-01,9:35:36.941738896,T,IBM,F I,69,281.08
2025-10-01,9:35:36.941756889,T,IBM,I,1,281.08
2025-10-01,9:35:36.941760207,T,IBM,I,99,281.08
2025-10-01,9:35:39.246596879,T,IBM,,100,281.21
2025-10-01,9:35:40.064956154,T,IBM,F,100,281.09
2025-10-01,9:35:40.278993703,T,IBM,F,100,281.04
2025-10-01,9:35:40.279132124,T,IBM,F I,63,281.03
2025-10-01,9:35:40.279156134,T,IBM,F I,37,281.03
2025-10-01,9:35:40.279201242,T,IBM,F I,1,281.01
2025-10-01,9:35:40.279270430,T,IBM,F I,32,281.03
2025-10-01,9:35:40.281850526,T,IBM,I,68,281.01
2025-10-01,9:35:48.830343731,T,IBM,F I,35,280.97
2025-10-01,9:35:50.796117630,T,IBM,F I,3,281.03
2025-10-01,9:35:50.796222793,T,IBM,F I,9,281.03
2025-10-01,9:35:50.796222793,T,IBM,F I,5,281.03
2025-10-01,9:35:51.508020408,T,IBM,F I,5,281.1
2025-10-01,9:36:01.507031476,T,IBM,F I,5,281.13
2025-10-01,9:36:01.507031476,T,IBM,F I,7,281.13
2025-10-01,9:36:01.507235960,T,IBM,F I,92,281.18
2025-10-01,9:36:01.507260056,T,IBM,I,92,281.18
2025-10-01,9:36:01.507278045,T,IBM,I,8,281.18
2025-10-01,9:36:03.507216346,T,IBM,F I,9,281.31
2025-10-01,9:36:26.186782659,T,IBM,F,100,281.34
2025-10-01,9:36:48.832494345,T,IBM,,100,281.42
2025-10-01,9:37:02.804675306,T,IBM,I,58,281.19
2025-10-01,9:37:02.804681343,T,IBM,F I,42,281.19
2025-10-01,9:37:02.804681343,T,IBM,F I,5,281.19
2025-10-01,9:37:02.804685192,T,IBM,F I,11,281.17
2025-10-01,9:37:02.804685192,T,IBM,F I,47,281.17
2025-10-01,9:37:02.804687379,T,IBM,F I,11,281.17
2025-10-01,9:37:02.804702411,T,IBM,F I,47,281.17
2025-10-01,9:37:02.804705358,T,IBM,F I,22,281.17
2025-10-01,9:37:02.804709397,T,IBM,I,20,281.17
2025-10-01,9:37:02.804994035,T,IBM,I,12,281.19
2025-10-01,9:37:02.805276766,T,IBM,F I,49,281.17
2025-10-01,9:37:05.226523906,T,IBM,I,1,281.2
2025-10-01,9:37:14.629251691,T,IBM,,100,281.2
2025-10-01,9:37:18.501594312,T,IBM,F I,10,281.11
2025-10-01,9:37:18.509728681,T,IBM,,100,281.02
2025-10-01,9:37:20.790475396,T,IBM,I,5,281.1
2025-10-01,9:37:38.187837646,T,IBM,I,52,281.12
2025-10-01,9:37:38.187849616,T,IBM,F I,1,281.18
2025-10-01,9:37:38.187873680,T,IBM,F I,15,281.18
2025-10-01,9:37:38.187873680,T,IBM,F I,36,281.18
2025-10-01,9:37:38.188423946,T,IBM,F I,10,281.24
2025-10-01,9:37:38.217870091,T,IBM,F I,64,281.29
2025-10-01,9:37:38.217894172,T,IBM,I,1,281.29
2025-10-01,9:37:38.217918182,T,IBM,I,4,281.29
2025-10-01,9:38:19.479510829,T,IBM,F,100,281.235
2025-10-01,9:38:26.788329636,T,IBM,F,100,281.41
2025-10-01,9:38:26.788354483,T,IBM,F I,6,281.43
2025-10-01,9:38:26.788357486,T,IBM,F I,5,281.43
2025-10-01,9:38:26.788359809,T,IBM,F I,5,281.43
2025-10-01,9:38:26.788359809,T,IBM,F I,16,281.43
2025-10-01,9:38:26.788432147,T,IBM,F I,17,281.47
2025-10-01,9:38:28.126286820,T,IBM,I,1,281.415
2025-10-01,9:38:32.117695056,T,IBM,I,15,281.28
2025-10-01,9:38:32.117698053,T,IBM,I,1,281.28
2025-10-01,9:38:32.418474092,T,IBM,F I,11,281.19
2025-10-01,9:38:32.789948420,T,IBM,F,100,281.22
2025-10-01,9:38:47.994243791,T,IBM,I,1,281.36
2025-10-01,9:38:52.153779233,T,IBM,F I,1,281.42
2025-10-01,9:38:52.153800205,T,IBM,F I,5,281.42
2025-10-01,9:38:52.153806275,T,IBM,I,5,281.42
2025-10-01,9:38:52.194030159,T,IBM,F I,5,281.43
2025-10-01,9:38:52.194102896,T,IBM,F,100,281.43
2025-10-01,9:38:52.194129378,T,IBM,F I,10,281.49
2025-10-01,9:38:52.203295072,T,IBM,I,13,281.54
2025-10-01,9:38:57.528411336,T,IBM,F I,9,281.71
2025-10-01,9:38:57.528411336,T,IBM,F I,5,281.71
2025-10-01,9:38:57.529731420,T,IBM,F I,13,281.82
2025-10-01,9:38:57.529734559,T,IBM,F I,1,281.82
2025-10-01,9:38:57.529758580,T,IBM,F I,18,281.82
2025-10-01,9:38:57.529920948,T,IBM,F I,81,281.82
2025-10-01,9:38:57.668421630,T,IBM,I,3,281.68
2025-10-01,9:38:59.545974879,T,IBM,F I,3,281.67
2025-10-01,9:38:59.545977521,T,IBM,F I,7,281.66
2025-10-01,9:38:59.546055692,T,IBM,I,3,281.66
2025-10-01,9:38:59.546335322,T,IBM,F,100,281.66
2025-10-01,9:39:00.103441656,T,IBM,I,5,281.68
2025-10-01,9:39:00.354831028,T,IBM,F I,12,281.84
2025-10-01,9:39:00.354888217,T,IBM,F I,12,281.85
2025-10-01,9:39:00.363984910,T,IBM,F I,15,281.87
2025-10-01,9:39:00.364017928,T,IBM,F I,15,281.87
2025-10-01,9:39:00.364024003,T,IBM,F I,15,281.87
2025-10-01,9:39:00.364032939,T,IBM,F I,15,281.87
2025-10-01,9:39:00.364032939,T,IBM,I,15,281.87
2025-10-01,9:39:00.364044997,T,IBM,I,15,281.87
2025-10-01,9:39:00.364066041,T,IBM,F I,10,281.87
2025-10-01,9:39:00.364066041,T,IBM,F I,5,281.88
2025-10-01,9:39:00.364078218,T,IBM,I,10,281.88
2025-10-01,9:39:00.364408884,T,IBM,F I,1,281.92
2025-10-01,9:39:46.252518593,T,IBM,F I,8,281.79
2025-10-01,9:39:46.252662987,T,IBM,I,16,281.8
2025-10-01,9:39:46.252696170,T,IBM,I,16,281.8
2025-10-01,9:39:46.253141096,T,IBM,F I,10,281.79
2025-10-01,9:39:46.253165104,T,IBM,F I,2,281.79
2025-10-01,9:39:46.253219406,T,IBM,I,9,281.82
2025-10-01,9:39:46.253649298,T,IBM,F I,9,281.79
2025-10-01,9:39:46.253664368,T,IBM,F I,8,281.79
2025-10-01,9:39:46.254479408,T,IBM,I,18,281.77
2025-10-01,9:39:50.654542302,T,IBM,F,100,281.855
2025-10-01,9:39:58.571968070,T,IBM,F I,21,281.81
2025-10-01,9:39:58.572626539,T,IBM,,100,281.76
2025-10-01,9:39:58.572629640,T,IBM,I,12,281.76
2025-10-01,9:39:58.572683886,T,IBM,I,1,281.76
2025-10-01,9:39:58.572719829,T,IBM,I,6,281.74
2025-10-01,9:39:58.572722790,T,IBM,I,93,281.76
2025-10-01,9:39:58.572740865,T,IBM,I,1,281.76
2025-10-01,9:39:58.572749920,T,IBM,I,5,281.76
2025-10-01,9:39:58.896843425,T,IBM,I,8,281.77
2025-10-01,9:39:58.896852520,T,IBM,I,8,281.77
2025-10-01,9:39:59.946597590,T,IBM,F,100,281.795
2025-10-01,9:40:01.197326451,T,IBM,I,1,281.745
2025-10-01,9:40:01.197326451,T,IBM,I,99,281.745
2025-10-01,9:40:01.197338258,T,IBM,I,1,281.745
2025-10-01,9:40:03.337349724,T,IBM,F I,5,281.67
2025-10-01,9:40:04.746089467,T,IBM,F I,5,281.62
2025-10-01,9:40:04.746089467,T,IBM,F I,10,281.62
2025-10-01,9:40:04.746092637,T,IBM,F I,30,281.61
2025-10-01,9:40:04.746107697,T,IBM,I,1,281.61
2025-10-01,9:40:04.746110543,T,IBM,F I,14,281.61
2025-10-01,9:40:10.473217844,T,IBM,F I,8,281.8
2025-10-01,9:40:12.929050324,T,IBM,I,3,281.83
2025-10-01,9:40:12.929050324,T,IBM,I,5,281.83
2025-10-01,9:40:12.929068349,T,IBM,F I,5,281.84
2025-10-01,9:40:12.929098433,T,IBM,I,1,281.84
2025-10-01,9:40:12.929107463,T,IBM,F I,99,281.84
2025-10-01,9:40:20.474968467,T,IBM,I,2,281.805
2025-10-01,9:40:22.774729470,T,IBM,,198,281.805
2025-10-01,9:40:22.782440044,T,IBM,I,45,281.87
2025-10-01,9:40:22.782443320,T,IBM,I,5,281.89
2025-10-01,9:40:22.782443320,T,IBM,I,5,281.89
2025-10-01,9:40:22.782445840,T,IBM,I,45,281.89
2025-10-01,9:40:22.783158788,T,IBM,F I,5,281.92
2025-10-01,9:40:22.784006639,T,IBM,I,50,282.0
2025-10-01,9:40:22.784009607,T,IBM,I,7,282.0
2025-10-01,9:40:22.784400564,T,IBM,F I,27,282.03
2025-10-01,9:40:22.785516185,T,IBM,F I,1,282.08
2025-10-01,9:40:22.892297432,T,IBM,F I,1,282.16
2025-10-01,9:40:22.892580918,T,IBM,F I,90,282.2
2025-10-01,9:40:22.892580918,T,IBM,F I,5,282.2
2025-10-01,9:40:22.924031887,T,IBM,I,1,282.25
2025-10-01,9:40:23.352979100,T,IBM,,100,282.3
2025-10-01,9:40:24.473978900,T,IBM,F I,17,282.3
2025-10-01,9:40:24.474032852,T,IBM,F I,83,282.3
2025-10-01,9:40:24.474035848,T,IBM,F I,17,282.31
2025-10-01,9:40:25.089682479,T,IBM,I,17,282.33
2025-10-01,9:40:25.106270035,T,IBM,F I,5,282.39
2025-10-01,9:40:25.374962685,T,IBM,F I,10,282.32
2025-10-01,9:40:25.375371659,T,IBM,F I,5,282.27
2025-10-01,9:40:25.375780656,T,IBM,F I,13,282.23
2025-10-01,9:40:25.376006313,T,IBM,I,13,282.19
2025-10-01,9:40:27.284698136,T,IBM,I,21,282.44
2025-10-01,9:40:27.285311597,T,IBM,I,12,282.45
2025-10-01,9:40:27.287115821,T,IBM,F,100,282.45
2025-10-01,9:40:27.287119102,T,IBM,F,100,282.45
2025-10-01,9:40:27.287119102,T,IBM,I,15,282.45
2025-10-01,9:40:27.287121911,T,IBM,,100,282.45
2025-10-01,9:40:27.287124841,T,IBM,F,100,282.45
2025-10-01,9:40:27.287130901,T,IBM,F,100,282.45
2025-10-01,9:40:27.287133980,T,IBM,F,100,282.45
2025-10-01,9:40:27.287133980,T,IBM,F I,9,282.45
2025-10-01,9:40:27.287389450,T,IBM,F,100,282.4
2025-10-01,9:40:33.313200904,T,IBM,F I,5,282.29
2025-10-01,9:40:33.313203921,T,IBM,F I,5,282.27
2025-10-01,9:40:36.676681200,T,IBM,F I,17,282.04
2025-10-01,9:40:36.720423379,T,IBM,I,2,281.81
2025-10-01,9:40:39.353263295,T,IBM,F I,4,281.7
2025-10-01,9:40:39.353263295,T,IBM,F I,11,281.7
2025-10-01,9:40:39.353317396,T,IBM,F,100,281.68
2025-10-01,9:40:39.354441985,T,IBM,F,100,281.66
2025-10-01,9:40:39.354478052,T,IBM,F,100,281.66
2025-10-01,9:40:40.921541833,T,IBM,F I,9,281.57
2025-10-01,9:40:43.575627147,T,IBM,F I,5,281.68
2025-10-01,9:40:43.575630208,T,IBM,F I,10,281.68
2025-10-01,9:40:43.575630208,T,IBM,F I,1,281.7
2025-10-01,9:40:49.843310470,T,IBM,F I,13,281.72
2025-10-01,9:40:58.235314095,T,IBM,F I,5,281.62
2025-10-01,9:41:00.414277317,T,IBM,F I,40,281.52
2025-10-01,9:41:00.414343469,T,IBM,F I,66,281.52
2025-10-01,9:41:00.414352557,T,IBM,F I,34,281.52
2025-10-01,9:41:00.414356081,T,IBM,F,100,281.52
2025-10-01,9:41:00.414361516,T,IBM,F I,1,281.5
2025-10-01,9:41:00.414377432,T,IBM,F I,5,281.48
2025-10-01,9:41:15.597552530,T,IBM,F I,1,281.22
2025-10-01,9:41:21.266988301,T,IBM,I,5,281.14
2025-10-01,9:41:21.266991355,T,IBM,I,5,281.14
2025-10-01,9:41:21.266994269,T,IBM,,100,281.16
2025-10-01,9:41:21.266994269,T,IBM,I,90,281.17
2025-10-01,9:41:21.271471985,T,IBM,,100,281.18
2025-10-01,9:41:21.271475006,T,IBM,I,2,281.19
2025-10-01,9:41:21.271481729,T,IBM,I,5,281.2
2025-10-01,9:41:21.271481729,T,IBM,,100,281.22
2025-10-01,9:41:21.271484037,T,IBM,I,25,281.225
2025-10-01,9:41:21.378343412,T,IBM,I,25,281.225
2025-10-01,9:41:21.378349488,T,IBM,I,5,281.23
2025-10-01,9:41:21.378349488,T,IBM,I,16,281.24
2025-10-01,9:41:21.378379457,T,IBM,I,84,281.24
2025-10-01,9:41:21.378383014,T,IBM,,100,281.25
2025-10-01,9:41:21.378383014,T,IBM,,100,281.26
2025-10-01,9:41:21.378385505,T,IBM,I,5,281.26
2025-10-01,9:41:21.378388482,T,IBM,I,11,281.28
2025-10-01,9:41:21.378565953,T,IBM,I,14,281.3
2025-10-01,9:41:21.378565953,T,IBM,I,32,281.3
2025-10-01,9:41:21.378568965,T,IBM,F,100,281.31
2025-10-01,9:41:21.378584680,T,IBM,,100,281.34
2025-10-01,9:41:21.378589989,T,IBM,F I,72,281.41
2025-10-01,9:41:21.379131313,T,IBM,F I,1,281.37
2025-10-01,9:41:21.393688876,T,IBM,,100,281.34
2025-10-01,9:41:21.393692694,T,IBM,,100,281.37
2025-10-01,9:41:21.393695387,T,IBM,,100,281.39
2025-10-01,9:41:21.393695387,T,IBM,,100,281.4
2025-10-01,9:41:21.393699465,T,IBM,,100,281.41
2025-10-01,9:41:21.393699465,T,IBM,,100,281.41
2025-10-01,9:41:21.393703953,T,IBM,I,2,281.42
2025-10-01,9:41:21.393703953,T,IBM,I,98,281.42
2025-10-01,9:41:21.393713032,T,IBM,I,1,281.42
2025-10-01,9:41:21.394726355,T,IBM,F I,5,281.26
2025-10-01,9:41:21.400259561,T,IBM,F I,5,281.26
2025-10-01,9:41:30.114928292,T,IBM,I,8,281.15
2025-10-01,9:41:32.931740032,T,IBM,I,35,281.1
2025-10-01,9:41:32.931797254,T,IBM,I,1,281.1
2025-10-01,9:41:32.931830692,T,IBM,F,100,281.1
2025-10-01,9:41:32.931830692,T,IBM,F I,5,281.1
2025-10-01,9:41:32.931833338,T,IBM,F I,1,281.04
2025-10-01,9:41:32.932284405,T,IBM,F I,44,281.06
2025-10-01,9:41:32.932398665,T,IBM,F I,7,281.04
2025-10-01,9:41:32.932530969,T,IBM,I,1,281.03
2025-10-01,9:41:33.002287962,T,IBM,I,3,281.1
2025-10-01,9:41:33.772018513,T,IBM,F I,5,281.14
2025-10-01,9:41:34.990871212,T,IBM,F,100,281.27
2025-10-01,9:41:34.990871212,T,IBM,F I,5,281.27
2025-10-01,9:41:35.027718019,T,IBM,I,5,281.31
2025-10-01,9:41:35.027718019,T,IBM,,100,281.31
2025-10-01,9:41:40.853460114,T,IBM,F I,1,281.3
2025-10-01,9:41:40.853463019,T,IBM,F I,12,281.3
2025-10-01,9:41:43.098433412,T,IBM,I,3,281.29
2025-10-01,9:41:43.098505616,T,IBM,I,1,281.17
2025-10-01,9:41:43.098529692,T,IBM,I,40,281.17
2025-10-01,9:41:43.099738566,T,IBM,,100,281.17
2025-10-01,9:41:44.295009436,T,IBM,F,100,281.21
2025-10-01,9:41:44.295009436,T,IBM,F I,45,281.2
2025-10-01,9:41:44.295015298,T,IBM,F,100,281.2
2025-10-01,9:41:44.295015298,T,IBM,F I,14,281.2
2025-10-01,9:41:44.295015298,T,IBM,F I,10,281.2
2025-10-01,9:41:44.295027896,T,IBM,I,1,281.2
2025-10-01,9:41:44.295036180,T,IBM,F I,20,281.2
2025-10-01,9:41:44.295295654,T,IBM,F I,74,281.2
2025-10-01,9:41:44.295295654,T,IBM,F I,5,281.2
2025-10-01,9:41:51.179451553,T,IBM,F I,2,281.23
2025-10-01,9:41:53.638140809,T,IBM,F I,5,281.26
2025-10-01,9:41:53.638243154,T,IBM,F,100,281.29
2025-10-01,9:41:53.638264234,T,IBM,F I,13,281.3
2025-10-01,9:41:53.638285251,T,IBM,F,100,281.3
2025-10-01,9:42:21.782298115,T,IBM,I,14,281.33
2025-10-01,9:42:21.782301320,T,IBM,I,5,281.33
2025-10-01,9:42:21.782304160,T,IBM,I,5,281.41
2025-10-01,9:42:21.782304160,T,IBM,I,76,281.43
2025-10-01,9:42:21.782328187,T,IBM,F I,13,281.43
2025-10-01,9:43:14.011553111,T,IBM,,100,281.22
2025-10-01,9:43:18.655610972,T,IBM,I,1,281.22
2025-10-01,9:43:28.352468598,T,IBM,I,2,281.15
2025-10-01,9:43:32.416370356,T,IBM,I,2,281.15
2025-10-01,9:43:39.876211695,T,IBM,F I,8,281.18
2025-10-01,9:43:39.876828154,T,IBM,F,100,281.22
2025-10-01,9:43:39.952713795,T,IBM,,100,281.2
2025-10-01,9:43:52.067360637,T,IBM,,100,281.08
2025-10-01,9:43:52.243412138,T,IBM,F I,10,281.08
2025-10-01,9:43:52.243414816,T,IBM,F I,10,281.08
2025-10-01,9:43:52.243429828,T,IBM,F I,10,281.09
2025-10-01,9:43:52.243429828,T,IBM,F,100,281.09
2025-10-01,9:43:52.243489936,T,IBM,I,1,281.09
2025-10-01,9:43:52.243519990,T,IBM,I,10,281.09
2025-10-01,9:43:52.243595237,T,IBM,F I,20,281.09
2025-10-01,9:43:52.243598236,T,IBM,I,15,281.09
2025-10-01,9:44:07.730653625,T,IBM,F I,2,281.105
2025-10-01,9:44:13.141386846,T,IBM,I,61,281.17
2025-10-01,9:44:13.876450764,T,IBM,F I,5,281.23
2025-10-01,9:44:13.876450764,T,IBM,F I,95,281.26
2025-10-01,9:44:13.876550822,T,IBM,F,100,281.3
2025-10-01,9:44:13.876550822,T,IBM,F I,8,281.3
2025-10-01,9:44:13.876553275,T,IBM,F I,10,281.3
2025-10-01,9:44:13.876555993,T,IBM,F I,5,281.3
2025-10-01,9:44:13.876574029,T,IBM,I,1,281.3
2025-10-01,9:44:13.876646818,T,IBM,F I,30,281.32
2025-10-01,9:44:13.876649212,T,IBM,F I,70,281.32
2025-10-01,9:44:13.876670272,T,IBM,F I,21,281.33
2025-10-01,9:44:13.887812357,T,IBM,I,5,281.29
2025-10-01,9:44:13.887814827,T,IBM,I,95,281.27
2025-10-01,9:44:13.997434812,T,IBM,F,100,281.34
2025-10-01,9:44:13.997591155,T,IBM,F I,6,281.46
2025-10-01,9:44:13.997594117,T,IBM,F I,9,281.46
2025-10-01,9:44:13.997660271,T,IBM,I,38,281.39
2025-10-01,9:44:13.997967038,T,IBM,I,51,281.32
2025-10-01,9:44:27.420845130,T,IBM,I,45,281.25
2025-10-01,9:44:27.425043291,T,IBM,I,2,281.245
2025-10-01,9:44:27.425046145,T,IBM,I,98,281.245
2025-10-01,9:44:28.025383341,T,IBM,I,1,281.24
2025-10-01,9:44:29.970305658,T,IBM,I,45,281.17
2025-10-01,9:44:29.970338639,T,IBM,F I,55,281.17
2025-10-01,9:44:30.740093102,T,IBM,F I,1,281.22
2025-10-01,9:44:33.051221152,T,IBM,F I,61,281.31
2025-10-01,9:44:33.051243254,T,IBM,F I,39,281.31
2025-10-01,9:44:33.051245108,T,IBM,F I,2,281.31
2025-10-01,9:44:33.051248192,T,IBM,F,100,281.32
2025-10-01,9:44:33.051254734,T,IBM,F,100,281.33
2025-10-01,9:44:33.051254734,T,IBM,F,100,281.33
2025-10-01,9:44:33.051254734,T,IBM,F,100,281.33
2025-10-01,9:44:33.051260177,T,IBM,F,171,281.33
2025-10-01,9:44:33.051260177,T,IBM,F,129,281.33
2025-10-01,9:44:33.051263167,T,IBM,F I,5,281.33
2025-10-01,9:44:33.051263167,T,IBM,F I,2,281.33
2025-10-01,9:44:33.051266210,T,IBM,F I,5,281.33
2025-10-01,9:45:31.495933933,T,IBM,F I,2,281.11
2025-10-01,9:45:31.496009142,T,IBM,F I,20,281.1
2025-10-01,9:45:31.513228154,T,IBM,F I,92,281.09
2025-10-01,9:45:31.935685808,T,IBM,I,54,281.04
2025-10-01,9:45:31.937604427,T,IBM,F I,4,280.93
2025-10-01,9:45:31.955136307,T,IBM,F I,54,280.96
2025-10-01,9:45:31.955274425,T,IBM,I,1,280.97
2025-10-01,9:45:31.955331554,T,IBM,I,3,280.99
2025-10-01,9:45:31.955407505,T,IBM,I,2,280.96
2025-10-01,9:45:31.955407505,T,IBM,I,4,280.95
2025-10-01,9:45:31.955418795,T,IBM,I,2,280.95
2025-10-01,9:45:31.955626322,T,IBM,I,19,280.93
2025-10-01,9:45:31.955644364,T,IBM,F I,4,280.99
2025-10-01,9:45:31.955768188,T,IBM,I,16,280.96
2025-10-01,9:45:31.955771469,T,IBM,I,1,281.0
2025-10-01,9:45:31.955771469,T,IBM,I,1,281.02
2025-10-01,9:45:31.955773643,T,IBM,I,9,281.02
2025-10-01,9:45:31.955782678,T,IBM,F I,7,281.05
2025-10-01,9:45:31.956047294,T,IBM,F,100,281.05
2025-10-01,9:45:31.956173578,T,IBM,I,1,281.07
2025-10-01,9:45:31.956173578,T,IBM,I,9,281.07
2025-10-01,9:45:46.840724533,T,IBM,F I,51,281.12
2025-10-01,9:45:46.840724533,T,IBM,F,105,281.13
2025-10-01,9:45:46.840730371,T,IBM,F I,4,281.13
2025-10-01,9:45:46.840733487,T,IBM,F I,91,281.13
2025-10-01,9:45:46.840736755,T,IBM,F I,5,281.13
2025-10-01,9:45:46.840739211,T,IBM,F I,10,281.13
2025-10-01,9:45:46.840739211,T,IBM,F,100,281.13
2025-10-01,9:45:46.840741683,T,IBM,F I,1,281.14
2025-10-01,9:45:46.841610760,T,IBM,F I,5,281.21
2025-10-01,9:45:46.841965898,T,IBM,I,6,281.13
2025-10-01,9:45:46.841965898,T,IBM,I,29,281.13
2025-10-01,9:45:48.633811423,T,IBM,,100,281.2
2025-10-01,9:45:48.633814468,T,IBM,I,89,281.2
2025-10-01,9:45:48.633841464,T,IBM,I,5,281.21
2025-10-01,9:45:49.541299922,T,IBM,I,29,281.26
2025-10-01,9:45:49.541302912,T,IBM,I,1,281.26
2025-10-01,9:45:50.907040223,T,IBM,F I,3,281.35
2025-10-01,9:45:53.249301359,T,IBM,F I,2,281.37
2025-10-01,9:45:53.259805445,T,IBM,F,100,281.41
2025-10-01,9:45:54.114340754,T,IBM,F I,1,281.46
2025-10-01,9:45:54.114370870,T,IBM,I,12,281.46
2025-10-01,9:45:55.282167988,T,IBM,I,6,281.42
2025-10-01,9:45:55.289093510,T,IBM,I,13,281.395
2025-10-01,9:46:00.019120113,T,IBM,F,100,281.415
2025-10-01,9:46:01.743984436,T,IBM,I,13,281.51
2025-10-01,9:46:01.744657970,T,IBM,F I,1,281.57
2025-10-01,9:46:01.744691041,T,IBM,F I,1,281.59
2025-10-01,9:46:02.723789132,T,IBM,I,1,281.62
2025-10-01,9:46:10.856220595,T,IBM,F I,1,281.74
2025-10-01,9:46:13.098646993,T,IBM,I,2,281.63
2025-10-01,9:46:32.354562693,T,IBM,F I,99,281.74
2025-10-01,9:46:33.077357464,T,IBM,F,100,281.82
2025-10-01,9:46:33.077357464,T,IBM,F I,27,281.82
2025-10-01,9:46:33.077372429,T,IBM,F,100,281.82
2025-10-01,9:46:33.077375659,T,IBM,F I,33,281.82
2025-10-01,9:46:34.059561725,T,IBM,I,9,281.89
2025-10-01,9:46:34.059564707,T,IBM,I,9,281.89
2025-10-01,9:46:34.059567785,T,IBM,I,9,281.89
2025-10-01,9:46:34.063952148,T,IBM,F I,1,282.0
2025-10-01,9:46:34.063961302,T,IBM,F I,4,282.0
2025-10-01,9:46:34.063961302,T,IBM,F I,1,282.01
2025-10-01,9:46:34.314992886,T,IBM,F,100,282.0
2025-10-01,9:46:34.314992886,T,IBM,F I,1,282.0
2025-10-01,9:46:34.315010869,T,IBM,F I,39,282.0
2025-10-01,9:46:34.315019943,T,IBM,I,22,282.0
2025-10-01,9:46:34.598393492,T,IBM,I,1,282.01
2025-10-01,9:46:39.782013993,T,IBM,I,7,282.08
2025-10-01,9:46:39.782107161,T,IBM,F I,1,282.08
2025-10-01,9:46:39.782249370,T,IBM,I,8,282.01
2025-10-01,9:46:39.782272615,T,IBM,I,1,282.01
2025-10-01,9:46:39.782435777,T,IBM,I,8,282.08
2025-10-01,9:46:39.782435777,T,IBM,I,1,282.08
2025-10-01,9:46:39.782437982,T,IBM,I,1,282.08
2025-10-01,9:46:39.792887825,T,IBM,F,150,282.14
2025-10-01,9:46:39.792887825,T,IBM,F I,45,282.15
2025-10-01,9:46:39.792890925,T,IBM,F I,2,282.15
2025-10-01,9:46:39.792893904,T,IBM,F I,2,282.16
2025-10-01,9:46:39.792893904,T,IBM,F I,2,282.17
2025-10-01,9:46:39.792896834,T,IBM,F I,53,282.17
2025-10-01,9:46:40.516176094,T,IBM,I,2,282.12
2025-10-01,9:46:40.516176094,T,IBM,I,2,282.11
2025-10-01,9:46:40.516178702,T,IBM,I,41,282.1
2025-10-01,9:46:40.516193751,T,IBM,F I,4,282.1
2025-10-01,9:46:40.516196763,T,IBM,I,20,282.1
2025-10-01,9:46:40.518560509,T,IBM,F,100,282.14
2025-10-01,9:46:40.518560509,T,IBM,F I,17,282.15
2025-10-01,9:46:40.518563720,T,IBM,F I,1,282.15
2025-10-01,9:46:40.518563720,T,IBM,F I,37,282.15
2025-10-01,9:46:40.519083631,T,IBM,F I,17,282.1
2025-10-01,9:46:40.519086625,T,IBM,F I,17,282.1
2025-10-01,9:46:40.520836863,T,IBM,F I,45,282.15
2025-10-01,9:46:50.948879572,T,IBM,F I,20,282.18
2025-10-01,9:46:50.948882842,T,IBM,F,100,282.18
2025-10-01,9:46:50.948882842,T,IBM,F I,88,282.19
2025-10-01,9:46:50.948885558,T,IBM,F I,37,282.19
2025-10-01,9:46:50.948897535,T,IBM,I,1,282.19
2025-10-01,9:46:50.948912818,T,IBM,F I,13,282.19
2025-10-01,9:46:50.948912818,T,IBM,F,100,282.19
2025-10-01,9:46:50.948915615,T,IBM,F I,5,282.19
2025-10-01,9:46:50.948918661,T,IBM,F I,1,282.19
2025-10-01,9:46:55.496007901,T,IBM,F I,2,282.19
2025-10-01,9:46:55.496010730,T,IBM,F I,2,282.22
2025-10-01,9:47:13.981281929,T,IBM,F I,2,282.22
2025-10-01,9:47:13.981300630,T,IBM,F I,96,282.22
2025-10-01,9:47:13.981303849,T,IBM,F I,9,282.22
2025-10-01,9:47:13.981306209,T,IBM,F I,5,282.22
2025-10-01,9:47:13.981354136,T,IBM,F I,1,282.23
2025-10-01,9:47:14.466468928,T,IBM,F I,2,282.32
2025-10-01,9:47:14.466733634,T,IBM,F I,1,282.32
2025-10-01,9:47:14.466790788,T,IBM,F I,2,282.32
2025-10-01,9:47:34.976899396,T,IBM,I,2,282.33
2025-10-01,9:47:52.927747703,T,IBM,I,15,282.26
2025-10-01,9:47:52.928830333,T,IBM,F I,10,282.16
2025-10-01,9:47:52.928872423,T,IBM,I,50,282.14
2025-10-01,9:47:52.934688301,T,IBM,I,21,282.08
2025-10-01,9:47:52.934712298,T,IBM,F I,19,282.08
2025-10-01,9:47:52.934712298,T,IBM,F I,10,282.08
2025-10-01,9:47:52.934715334,T,IBM,I,20,282.08
2025-10-01,9:47:52.934940805,T,IBM,F I,1,282.07
2025-10-01,9:47:53.441057734,T,IBM,I,3,282.09
2025-10-01,9:47:56.194731294,T,IBM,F I,16,282.06
2025-10-01,9:47:56.194785446,T,IBM,F I,10,282.06
2025-10-01,9:47:56.194795025,T,IBM,I,1,282.06
2025-10-01,9:47:56.194797491,T,IBM,I,19,282.06
2025-10-01,9:48:03.021716079,T,IBM,,100,282.04
2025-10-01,9:48:11.489653359,T,IBM,,100,282.05
2025-10-01,9:48:13.098681934,T,IBM,F,100,281.93
2025-10-01,9:48:13.098706657,T,IBM,F I,2,281.9
2025-10-01,9:48:13.098706657,T,IBM,F I,1,281.89
2025-10-01,9:48:13.098832513,T,IBM,F I,20,281.88
2025-10-01,9:48:13.099298369,T,IBM,I,12,281.92
2025-10-01,9:48:13.099310472,T,IBM,I,12,281.92
2025-10-01,9:48:13.099418681,T,IBM,I,15,281.96
2025-10-01,9:48:13.461871484,T,IBM,,100,281.92
2025-10-01,9:48:13.469693111,T,IBM,,100,281.925
2025-10-01,9:48:13.497527436,T,IBM,,100,281.925
2025-10-01,9:48:19.722039929,T,IBM,F,100,281.98
2025-10-01,9:48:21.607796299,T,IBM,,100,281.99
2025-10-01,9:48:22.795637494,T,IBM,F,100,281.98
2025-10-01,9:48:22.795637494,T,IBM,F I,1,281.97
2025-10-01,9:48:22.795639281,T,IBM,F I,10,281.97
2025-10-01,9:48:22.795696233,T,IBM,I,90,281.97
2025-10-01,9:48:22.795696233,T,IBM,I,11,281.97
2025-10-01,9:48:22.796240508,T,IBM,I,9,281.97
2025-10-01,9:48:22.798736482,T,IBM,,100,281.97
2025-10-01,9:48:22.799437172,T,IBM,,100,282.05
2025-10-01,9:48:22.799437172,T,IBM,I,8,282.05
2025-10-01,9:48:22.802600742,T,IBM,,100,281.98
2025-10-01,9:48:25.029293927,T,IBM,F,100,281.96
2025-10-01,9:48:51.290810434,T,IBM,I,5,281.85
2025-10-01,9:48:51.290810434,T,IBM,I,95,281.82
2025-10-01,9:48:51.291060096,T,IBM,F I,5,281.82
2025-10-01,9:48:51.291063232,T,IBM,F I,95,281.78
2025-10-01,9:48:51.292404274,T,IBM,F I,5,281.78
2025-10-01,9:48:51.292404274,T,IBM,F I,95,281.77
2025-10-01,9:48:51.293375475,T,IBM,F I,5,281.77
2025-10-01,9:48:51.302321921,T,IBM,F,100,281.69
2025-10-01,9:48:51.302324835,T,IBM,F I,9,281.68
2025-10-01,9:48:51.314329465,T,IBM,F I,9,281.68
2025-10-01,9:48:51.319973819,T,IBM,F I,91,281.68
2025-10-01,9:48:51.320647444,T,IBM,F I,9,281.66
2025-10-01,9:48:51.378132355,T,IBM,F I,2,281.69
2025-10-01,9:48:51.378132355,T,IBM,F I,2,281.69
2025-10-01,9:48:51.596854990,T,IBM,,100,281.71
2025-10-01,9:48:51.596854990,T,IBM,,100,281.69
2025-10-01,9:48:51.596873662,T,IBM,I,1,281.69
2025-10-01,9:48:51.596879017,T,IBM,I,85,281.69
2025-10-01,9:48:51.596888590,T,IBM,F I,14,281.69
2025-10-01,9:48:52.735097896,T,IBM,I,1,281.76
2025-10-01,9:49:03.774198266,T,IBM,F,100,281.62
2025-10-01,9:49:03.774399814,T,IBM,F,100,281.59
2025-10-01,9:49:03.786290046,T,IBM,I,60,281.64
2025-10-01,9:49:06.020693463,T,IBM,I,40,281.64
2025-10-01,9:49:06.020696468,T,IBM,I,5,281.7
2025-10-01,9:49:07.147933068,T,IBM,I,15,281.66
2025-10-01,9:49:07.147933068,T,IBM,I,3,281.66
2025-10-01,9:49:09.306859763,T,IBM,I,1,281.66
2025-10-01,9:49:12.841763151,T,IBM,F,100,281.72
2025-10-01,9:49:12.841793216,T,IBM,I,35,281.8
2025-10-01,9:49:16.332494376,T,IBM,F,100,281.73
2025-10-01,9:49:16.797512500,T,IBM,I,1,281.665
2025-10-01,9:49:17.747825907,T,IBM,,100,281.8
2025-10-01,9:49:17.747825907,T,IBM,,100,281.8
2025-10-01,9:49:17.748057321,T,IBM,F I,3,281.81
2025-10-01,9:49:17.748060548,T,IBM,F I,97,281.81
2025-10-01,9:49:17.748060548,T,IBM,F,100,281.81
2025-10-01,9:49:17.748105483,T,IBM,,100,281.81
2025-10-01,9:49:17.770054748,T,IBM,,100,281.8
2025-10-01,9:49:20.557778384,T,IBM,I,3,281.815
2025-10-01,9:49:20.560334481,T,IBM,,100,281.815
2025-10-01,9:49:33.749535632,T,IBM,I,1,281.81
2025-10-01,9:49:36.726896683,T,IBM,I,1,281.81
2025-10-01,9:49:41.765346608,T,IBM,I,1,281.81
2025-10-01,9:49:54.201861876,T,IBM,F I,23,281.62
2025-10-01,9:49:54.201864841,T,IBM,F I,50,281.62
2025-10-01,9:49:54.202099413,T,IBM,I,86,281.64
2025-10-01,9:49:54.202246787,T,IBM,I,1,281.57
2025-10-01,9:50:00.024046699,T,IBM,F,100,281.51
2025-10-01,9:50:00.024049580,T,IBM,F I,20,281.51
2025-10-01,9:50:00.024194077,T,IBM,F I,3,281.5
2025-10-01,9:50:00.024194077,T,IBM,F I,9,281.5
2025-10-01,9:50:00.024205954,T,IBM,F I,23,281.52
2025-10-01,9:50:00.024236048,T,IBM,I,77,281.52
2025-10-01,9:50:00.024305210,T,IBM,I,52,281.53
2025-10-01,9:50:00.099968386,T,IBM,F I,21,281.5
2025-10-01,9:50:00.099971405,T,IBM,F I,30,281.5
2025-10-01,9:50:00.100284177,T,IBM,F I,49,281.48
2025-10-01,9:50:00.147923558,T,IBM,F I,88,281.38
2025-10-01,9:50:00.198988112,T,IBM,F I,1,281.38
2025-10-01,9:50:00.205597853,T,IBM,F I,1,281.38
2025-10-01,9:50:00.269954055,T,IBM,F I,1,281.38
2025-10-01,9:50:00.271189993,T,IBM,F I,1,281.36
2025-10-01,9:50:37.657090022,T,IBM,,100,281.52
2025-10-01,9:50:37.657093000,T,IBM,I,51,281.56
2025-10-01,9:50:37.657096054,T,IBM,I,2,281.57
2025-10-01,9:50:37.657117220,T,IBM,F I,98,281.57
2025-10-01,9:50:37.657120093,T,IBM,F I,53,281.57
2025-10-01,9:50:37.657240396,T,IBM,,100,281.57
2025-10-01,9:50:37.657300509,T,IBM,F I,5,281.58
2025-10-01,9:50:37.657658970,T,IBM,F,100,281.58
2025-10-01,9:50:46.680690133,T,IBM,F I,4,281.635
2025-10-01,9:50:53.112227486,T,IBM,I,2,281.74
2025-10-01,9:50:53.112227486,T,IBM,I,98,281.74
2025-10-01,9:50:54.919472861,T,IBM,F,100,281.78
2025-10-01,9:51:29.767643538,T,IBM,F I,21,281.87
2025-10-01,9:51:29.767709696,T,IBM,I,79,281.87
2025-10-01,9:51:29.767712788,T,IBM,I,14,281.88
2025-10-01,9:51:29.767721905,T,IBM,F I,86,281.88
2025-10-01,9:51:29.767721905,T,IBM,F I,5,281.88
2025-10-01,9:51:29.767725308,T,IBM,F I,1,281.88
2025-10-01,9:51:29.767725308,T,IBM,F I,14,281.88
2025-10-01,9:51:29.767728110,T,IBM,F I,86,281.88
2025-10-01,9:51:29.767728110,T,IBM,F I,10,281.89
2025-10-01,9:51:29.767730966,T,IBM,F I,11,281.89
2025-10-01,9:51:29.768672092,T,IBM,F I,5,281.88
2025-10-01,9:51:29.768672092,T,IBM,F I,2,281.89
2025-10-01,9:51:29.770668735,T,IBM,I,1,281.925
2025-10-01,9:51:29.770671763,T,IBM,I,51,281.89
2025-10-01,9:51:29.770674816,T,IBM,I,48,281.89
2025-10-01,9:51:29.774024766,T,IBM,F I,13,281.99
2025-10-01,9:51:29.774036855,T,IBM,I,87,281.99
2025-10-01,9:51:29.774039777,T,IBM,I,13,282.0
2025-10-01,9:51:29.774048878,T,IBM,F I,13,282.01
2025-10-01,9:51:29.787021838,T,IBM,F,100,282.05
2025-10-01,9:51:29.787024746,T,IBM,F,100,282.06
2025-10-01,9:51:29.787042994,T,IBM,I,1,282.06
2025-10-01,9:51:29.787042994,T,IBM,I,79,282.06
2025-10-01,9:51:29.787045876,T,IBM,F I,1,282.06
2025-10-01,9:51:29.787048801,T,IBM,I,19,282.06
2025-10-01,9:51:29.787048801,T,IBM,I,81,282.06
2025-10-01,9:51:29.787066812,T,IBM,F I,19,282.06
2025-10-01,9:51:29.791460421,T,IBM,F,100,282.035
2025-10-01,9:51:29.796692765,T,IBM,F,100,282.05
2025-10-01,9:51:29.803116047,T,IBM,F,100,282.035
2025-10-01,9:51:29.809079268,T,IBM,F,100,282.07
2025-10-01,9:51:33.771997573,T,IBM,F,100,282.08
2025-10-01,9:51:34.896386339,T,IBM,F I,16,282.0
2025-10-01,9:52:00.918848895,T,IBM,F I,1,281.89
2025-10-01,9:52:00.918896944,T,IBM,I,23,281.82
2025-10-01,9:52:00.918917962,T,IBM,I,1,281.82
2025-10-01,9:52:00.918975120,T,IBM,,100,281.82
2025-10-01,9:52:00.918981185,T,IBM,,100,281.83
2025-10-01,9:52:06.011947724,T,IBM,I,1,281.83
2025-10-01,9:52:07.981588723,T,IBM,I,1,281.85
2025-10-01,9:52:32.782909886,T,IBM,F I,11,281.66
2025-10-01,9:52:32.782912914,T,IBM,F I,1,281.66
2025-10-01,9:52:32.783803069,T,IBM,I,11,281.71
2025-10-01,9:52:32.783878178,T,IBM,I,7,281.75
2025-10-01,9:52:32.783881196,T,IBM,I,4,281.75
2025-10-01,9:53:05.406828807,T,IBM,F I,5,281.74
2025-10-01,9:53:05.406828807,T,IBM,F I,2,281.74
2025-10-01,9:53:05.406916166,T,IBM,F,100,281.745
2025-10-01,9:53:05.994090890,T,IBM,F,100,281.82
2025-10-01,9:53:05.994534341,T,IBM,F I,51,281.89
2025-10-01,9:53:05.994534341,T,IBM,F I,20,281.89
2025-10-01,9:53:05.994538966,T,IBM,F I,44,281.89
2025-10-01,9:53:05.994638139,T,IBM,F,100,281.9
2025-10-01,9:53:05.994641609,T,IBM,F I,1,281.9
2025-10-01,9:53:05.994644690,T,IBM,F I,6,281.9
2025-10-01,9:53:05.994644690,T,IBM,F I,8,281.9
2025-10-01,9:53:05.994662231,T,IBM,F,100,281.91
2025-10-01,9:53:05.997618243,T,IBM,F I,4,282.02
2025-10-01,9:53:05.999786399,T,IBM,F I,44,282.0
2025-10-01,9:53:05.999792456,T,IBM,F I,1,282.0
2025-10-01,9:53:06.021777722,T,IBM,,100,281.99
2025-10-01,9:53:06.021777722,T,IBM,I,6,281.99
2025-10-01,9:53:16.775297090,T,IBM,I,1,281.89
2025-10-01,9:53:16.775318085,T,IBM,I,39,281.89
2025-10-01,9:53:16.775339218,T,IBM,I,6,281.87
2025-10-01,9:53:16.775384257,T,IBM,I,6,281.87
2025-10-01,9:53:16.795799834,T,IBM,F I,2,281.95
2025-10-01,9:53:21.297462663,T,IBM,I,5,281.89
2025-10-01,9:53:25.639683002,T,IBM,F I,5,281.98
2025-10-01,9:53:31.697667870,T,IBM,I,9,282.04
2025-10-01,9:53:31.721782222,T,IBM,I,1,282.09
2025-10-01,9:53:32.524447095,T,IBM,I,1,282.0
2025-10-01,9:53:32.524468222,T,IBM,F I,1,282.0
2025-10-01,9:53:33.645512962,T,IBM,I,1,282.1
2025-10-01,9:53:33.666021779,T,IBM,F I,99,282.1
2025-10-01,9:53:33.666025757,T,IBM,F I,20,282.11
2025-10-01,9:53:33.666025757,T,IBM,F I,81,282.12
2025-10-01,9:53:33.666043409,T,IBM,I,1,282.12
2025-10-01,9:53:33.666060964,T,IBM,F I,18,282.12
2025-10-01,9:53:33.666060964,T,IBM,F,100,282.12
2025-10-01,9:53:33.676514063,T,IBM,I,5,282.13
2025-10-01,9:53:33.676516821,T,IBM,I,15,282.12
2025-10-01,9:53:33.676537784,T,IBM,I,5,282.12
2025-10-01,9:53:33.690397807,T,IBM,I,2,282.19
2025-10-01,9:53:42.850063222,T,IBM,F I,5,282.01
2025-10-01,9:53:42.850065946,T,IBM,F I,2,281.97
2025-10-01,9:53:42.850068655,T,IBM,F I,2,281.95
2025-10-01,9:54:20.444090426,T,IBM,I,1,282.07
2025-10-01,9:54:35.082257689,T,IBM,F,100,282.08
2025-10-01,9:54:35.146481693,T,IBM,I,3,282.19
2025-10-01,9:54:35.146508736,T,IBM,F I,3,282.19
2025-10-01,9:54:35.146559775,T,IBM,I,3,282.2
2025-10-01,9:54:35.147004946,T,IBM,,100,282.2
2025-10-01,9:54:35.147004946,T,IBM,I,5,282.2
2025-10-01,9:54:35.147092163,T,IBM,F,100,282.23
2025-10-01,9:54:35.147092163,T,IBM,F I,7,282.23
2025-10-01,9:54:35.147203391,T,IBM,I,20,282.22
2025-10-01,9:54:35.147943045,T,IBM,,100,282.25
2025-10-01,9:54:35.155608948,T,IBM,F,100,282.29
2025-10-01,9:54:35.268602383,T,IBM,F,200,282.4
2025-10-01,9:54:35.268605407,T,IBM,F I,75,282.43
2025-10-01,9:54:35.559896957,T,IBM,F I,88,282.44
2025-10-01,9:54:35.559896957,T,IBM,F I,20,282.44
2025-10-01,9:54:35.559920957,T,IBM,F,100,282.45
2025-10-01,9:54:35.560227669,T,IBM,F I,3,282.47
2025-10-01,9:54:35.560320985,T,IBM,I,18,282.5
2025-10-01,9:54:35.560694307,T,IBM,F I,51,282.44
2025-10-01,9:54:35.560696899,T,IBM,F I,49,282.44
2025-10-01,9:54:35.562176326,T,IBM,,100,282.45
2025-10-01,9:54:35.562251509,T,IBM,F I,90,282.44
2025-10-01,9:54:35.562254522,T,IBM,F I,10,282.44
2025-10-01,9:54:35.562714600,T,IBM,,100,282.44
2025-10-01,9:54:35.563138630,T,IBM,F,100,282.44
2025-10-01,9:54:35.563353406,T,IBM,F I,9,282.54
2025-10-01,9:54:35.563544572,T,IBM,F I,51,282.45
2025-10-01,9:54:35.563548397,T,IBM,F I,49,282.44
2025-10-01,9:54:35.563565634,T,IBM,I,1,282.44
2025-10-01,9:54:35.563586674,T,IBM,F I,50,282.44
2025-10-01,9:54:35.563586674,T,IBM,F I,9,282.44
2025-10-01,9:54:48.814293179,T,IBM,F,100,282.62
2025-10-01,9:54:48.814293179,T,IBM,F I,2,282.62
2025-10-01,9:54:48.814295784,T,IBM,F I,19,282.63
2025-10-01,9:54:48.814602562,T,IBM,F I,29,282.64
2025-10-01,9:54:48.814768847,T,IBM,F,100,282.65
2025-10-01,9:54:48.814768847,T,IBM,F I,17,282.65
2025-10-01,9:54:48.814770953,T,IBM,F I,4,282.65
2025-10-01,9:54:48.814789510,T,IBM,I,1,282.65
2025-10-01,9:54:48.814819027,T,IBM,I,7,282.65
2025-10-01,9:54:48.814819027,T,IBM,I,7,282.65
2025-10-01,9:54:48.814852165,T,IBM,F I,7,282.65
2025-10-01,9:54:48.873139836,T,IBM,F I,7,282.68
2025-10-01,9:54:49.323443838,T,IBM,F,100,282.75
2025-10-01,9:54:50.446933530,T,IBM,F I,2,282.72
2025-10-01,9:54:50.446936698,T,IBM,F I,4,282.75
2025-10-01,9:54:50.446939651,T,IBM,F I,2,282.76
2025-10-01,9:54:50.446939651,T,IBM,F,109,282.76
2025-10-01,9:54:50.446951779,T,IBM,F,100,282.77
2025-10-01,9:54:50.446951779,T,IBM,F I,92,282.78
2025-10-01,9:54:50.446966710,T,IBM,I,8,282.78
2025-10-01,9:54:50.446966710,T,IBM,I,17,282.78
2025-10-01,9:54:51.038519867,T,IBM,F,100,282.89
2025-10-01,9:54:51.043794358,T,IBM,F,100,282.96
2025-10-01,9:54:51.043797403,T,IBM,F I,4,282.97
2025-10-01,9:54:51.043983827,T,IBM,F I,1,282.98
2025-10-01,9:54:51.044561181,T,IBM,F I,6,283.01
2025-10-01,9:54:51.057251444,T,IBM,I,2,282.98
2025-10-01,9:54:51.057251444,T,IBM,I,5,282.95
2025-10-01,9:54:59.491493523,T,IBM,,100,283.02
2025-10-01,9:54:59.491493523,T,IBM,I,17,283.03
2025-10-01,9:55:00.180241031,T,IBM,F I,2,282.94
2025-10-01,9:55:06.842833125,T,IBM,F I,20,283.03
2025-10-01,9:55:06.842836583,T,IBM,F,100,283.03
2025-10-01,9:55:06.842839193,T,IBM,F,100,283.03
2025-10-01,9:55:06.842839193,T,IBM,F I,18,283.04
2025-10-01,9:55:06.842896373,T,IBM,I,82,283.04
2025-10-01,9:55:06.842899420,T,IBM,I,17,283.04
2025-10-01,9:55:06.842902468,T,IBM,I,4,283.04
2025-10-01,9:55:06.842902468,T,IBM,,100,283.04
2025-10-01,9:55:06.842905883,T,IBM,I,13,283.04
2025-10-01,9:55:06.842908354,T,IBM,I,1,283.04
2025-10-01,9:55:07.543624515,T,IBM,F I,5,283.08
2025-10-01,9:55:10.404635524,T,IBM,F I,10,283.07
2025-10-01,9:55:10.971154261,T,IBM,F,100,283.07
2025-10-01,9:55:10.971154261,T,IBM,F,100,283.07
2025-10-01,9:55:21.140620422,T,IBM,F I,5,283.07
2025-10-01,9:55:21.140626196,T,IBM,F,100,283.08
2025-10-01,9:55:21.140626196,T,IBM,F I,20,283.09
2025-10-01,9:55:21.140626196,T,IBM,F I,81,283.09
2025-10-01,9:55:21.140659035,T,IBM,I,19,283.09
2025-10-01,9:55:21.140659035,T,IBM,I,6,283.1
2025-10-01,9:55:21.963360615,T,IBM,I,12,283.1
2025-10-01,9:55:21.963384612,T,IBM,F I,82,283.1
2025-10-01,9:55:21.963387884,T,IBM,F,100,283.1
2025-10-01,9:55:21.963387884,T,IBM,F I,1,283.1
2025-10-01,9:55:21.963390710,T,IBM,F I,1,283.1
2025-10-01,9:55:21.963390710,T,IBM,F I,4,283.1
2025-10-01,9:55:23.627931343,T,IBM,I,1,283.15
2025-10-01,9:55:27.197861951,T,IBM,,100,283.235
2025-10-01,9:55:28.258390745,T,IBM,F I,1,283.22
2025-10-01,9:55:28.258402708,T,IBM,F I,2,283.19
2025-10-01,9:55:30.138926796,T,IBM,,100,283.31
2025-10-01,9:55:30.138929681,T,IBM,,100,283.32
2025-10-01,9:55:30.138932740,T,IBM,I,35,283.32
2025-10-01,9:55:38.166206896,T,IBM,,100,283.32
2025-10-01,9:55:38.166209707,T,IBM,I,9,283.32
2025-10-01,9:55:38.166218630,T,IBM,F,191,283.32
2025-10-01,9:55:38.166961494,T,IBM,I,1,283.32
2025-10-01,9:55:38.166970557,T,IBM,F I,1,283.32
2025-10-01,9:55:42.258282466,T,IBM,F,100,283.44
2025-10-01,9:55:42.258282466,T,IBM,F I,2,283.45
2025-10-01,9:55:42.258285448,T,IBM,F I,18,283.46
2025-10-01,9:55:42.258607265,T,IBM,F,100,283.47
2025-10-01,9:55:42.258607265,T,IBM,F I,20,283.47
2025-10-01,9:55:42.258625271,T,IBM,I,1,283.47
2025-10-01,9:55:42.258655383,T,IBM,I,99,283.47
2025-10-01,9:55:42.258658669,T,IBM,I,2,283.48
2025-10-01,9:55:42.258661326,T,IBM,I,47,283.48
2025-10-01,9:55:42.258673430,T,IBM,I,22,283.48
2025-10-01,9:55:42.258679502,T,IBM,F I,29,283.48
2025-10-01,9:55:42.258679502,T,IBM,F I,1,283.48
2025-10-01,9:55:42.258703407,T,IBM,F I,1,283.48
2025-10-01,9:55:42.266660387,T,IBM,F,100,283.52
2025-10-01,9:55:42.268624072,T,IBM,F I,10,283.52
2025-10-01,9:55:42.268627112,T,IBM,F I,1,283.52
2025-10-01,9:55:42.268630772,T,IBM,F I,89,283.52
2025-10-01,9:55:42.268633033,T,IBM,F I,11,283.52
2025-10-01,9:55:42.268633033,T,IBM,F,100,283.53
2025-10-01,9:55:42.268744353,T,IBM,F I,20,283.52
2025-10-01,9:55:42.268744353,T,IBM,F I,80,283.53
2025-10-01,9:55:42.268915714,T,IBM,F I,11,283.53
2025-10-01,9:55:42.268946087,T,IBM,I,9,283.53
2025-10-01,9:55:42.268946087,T,IBM,I,11,283.53
2025-10-01,9:55:42.268948875,T,IBM,I,1,283.53
2025-10-01,9:55:43.139482307,T,IBM,F I,20,283.66
2025-10-01,9:55:43.139482307,T,IBM,F I,80,283.66
2025-10-01,9:55:43.139536403,T,IBM,I,20,283.66
2025-10-01,9:55:43.139542491,T,IBM,,100,283.67
2025-10-01,9:55:43.139671757,T,IBM,F I,4,283.68
2025-10-01,9:55:43.190288214,T,IBM,F I,1,283.67
2025-10-01,9:55:47.338270050,T,IBM,F I,10,283.64
2025-10-01,9:56:04.824114590,T,IBM,F,100,283.75
2025-10-01,9:56:04.824183819,T,IBM,F I,20,283.79
2025-10-01,9:56:04.824189789,T,IBM,F I,9,283.8
2025-10-01,9:56:04.824189789,T,IBM,F I,25,283.8
2025-10-01,9:56:04.824193791,T,IBM,F I,23,283.8
2025-10-01,9:56:04.824195886,T,IBM,F I,77,283.8
2025-10-01,9:56:04.824199125,T,IBM,F I,36,283.8
2025-10-01,9:56:04.824199125,T,IBM,F I,9,283.8
2025-10-01,9:56:04.824199125,T,IBM,F I,11,283.8
2025-10-01,9:56:04.825073873,T,IBM,F,100,283.88
2025-10-01,9:56:04.825073873,T,IBM,F I,1,283.88
2025-10-01,9:56:04.825374629,T,IBM,F,100,283.88
2025-10-01,9:56:04.825435638,T,IBM,F I,6,283.88
2025-10-01,9:56:04.825465211,T,IBM,I,9,283.88
2025-10-01,9:56:04.825467786,T,IBM,I,1,283.88
2025-10-01,9:56:04.836645422,T,IBM,F I,50,283.79
2025-10-01,9:56:04.836645422,T,IBM,F I,38,283.79
2025-10-01,9:56:04.836720572,T,IBM,F I,52,283.79
2025-10-01,9:56:04.836789790,T,IBM,I,1,283.79
2025-10-01,9:56:04.849573235,T,IBM,F I,45,283.97
2025-10-01,9:56:04.849576165,T,IBM,F I,4,283.99
2025-10-01,9:56:04.849925090,T,IBM,F I,45,283.99
2025-10-01,9:56:04.849958196,T,IBM,F I,10,284.0
2025-10-01,9:56:06.598311184,T,IBM,F I,20,283.98
2025-10-01,9:56:06.598314260,T,IBM,F,100,283.99
2025-10-01,9:56:06.598314260,T,IBM,F I,81,283.99
2025-10-01,9:56:06.598359575,T,IBM,F I,19,283.99
2025-10-01,9:56:06.598362419,T,IBM,F I,1,283.99
2025-10-01,9:56:06.598362419,T,IBM,F I,7,283.99
2025-10-01,9:56:24.158663935,T,IBM,F,100,284.01
2025-10-01,9:56:24.329479654,T,IBM,F I,29,284.11
2025-10-01,9:56:25.396416639,T,IBM,F I,5,283.99
2025-10-01,9:56:25.396419640,T,IBM,F I,2,283.98
2025-10-01,9:56:25.396476684,T,IBM,F I,49,283.96
2025-10-01,9:56:25.396515850,T,IBM,F I,51,283.94
2025-10-01,9:56:25.396894749,T,IBM,F I,5,283.93
2025-10-01,9:56:25.396898015,T,IBM,F I,27,283.93
2025-10-01,9:56:25.396898015,T,IBM,F I,20,283.93
2025-10-01,9:56:25.404599257,T,IBM,F I,13,283.87
2025-10-01,9:56:25.404602064,T,IBM,F I,14,283.87
2025-10-01,9:56:25.404605061,T,IBM,F,100,283.885
2025-10-01,9:56:25.463776962,T,IBM,F I,29,283.885
2025-10-01,9:56:25.463933306,T,IBM,I,13,283.885
2025-10-01,9:56:26.933264258,T,IBM,F,100,283.91
2025-10-01,9:56:26.933267213,T,IBM,F I,2,283.88
2025-10-01,9:56:26.933270269,T,IBM,F I,2,283.87
2025-10-01,9:56:26.933270269,T,IBM,F,100,283.87
2025-10-01,9:56:26.933274377,T,IBM,F I,13,283.86
2025-10-01,9:56:26.933274377,T,IBM,F,100,283.86
2025-10-01,9:56:26.933279941,T,IBM,F I,6,283.86
2025-10-01,9:56:26.933279941,T,IBM,F I,20,283.86
2025-10-01,9:56:26.933291748,T,IBM,,100,284.0
2025-10-01,9:56:26.933321624,T,IBM,F I,8,283.85
2025-10-01,9:56:26.933325392,T,IBM,F I,8,283.84
2025-10-01,9:56:26.933331447,T,IBM,F I,63,283.86
2025-10-01,9:56:26.933331447,T,IBM,F I,37,283.86
2025-10-01,9:56:26.933346399,T,IBM,I,54,283.86
2025-10-01,9:56:26.933351439,T,IBM,F I,46,283.86
2025-10-01,9:56:26.933697798,T,IBM,F I,4,283.84
2025-10-01,9:56:26.933700720,T,IBM,F,100,283.84
2025-10-01,9:56:26.933703325,T,IBM,F,100,283.84
2025-10-01,9:56:26.933703325,T,IBM,F,100,283.84
2025-10-01,9:56:26.933962465,T,IBM,F I,16,283.84
2025-10-01,9:56:26.942998386,T,IBM,F I,1,283.92
2025-10-01,9:56:26.951039546,T,IBM,I,5,283.99
2025-10-01,9:56:26.951039546,T,IBM,I,2,283.99
2025-10-01,9:56:26.951084661,T,IBM,I,1,284.0
2025-10-01,9:56:26.956347185,T,IBM,I,1,284.0
2025-10-01,9:56:33.808570836,T,IBM,,100,284.025
2025-10-01,9:56:38.241207292,T,IBM,,100,284.065
2025-10-01,9:56:42.879205669,T,IBM,I,2,284.11
2025-10-01,9:56:42.881512186,T,IBM,I,20,284.21
2025-10-01,9:56:42.881539297,T,IBM,F,100,284.22
2025-10-01,9:56:42.881542271,T,IBM,F,210,284.22
2025-10-01,9:56:42.882017431,T,IBM,F I,99,284.22
2025-10-01,9:56:42.882038371,T,IBM,I,1,284.22
2025-10-01,9:56:43.624533082,T,IBM,,100,284.28
2025-10-01,9:56:43.650057771,T,IBM,I,1,284.29
2025-10-01,9:56:43.650081902,T,IBM,I,99,284.3
2025-10-01,9:56:55.004199897,T,IBM,,100,284.39
2025-10-01,9:57:03.131128125,T,IBM,,100,284.39
2025-10-01,9:57:03.152578175,T,IBM,I,5,284.39
2025-10-01,9:57:03.977781749,T,IBM,I,3,284.4
2025-10-01,9:57:03.977823781,T,IBM,F I,2,284.4
2025-10-01,9:57:03.978013233,T,IBM,F I,1,284.46
2025-10-01,9:57:05.360820367,T,IBM,I,1,284.59
2025-10-01,9:57:05.360825183,T,IBM,I,27,284.59
2025-10-01,9:57:05.360825183,T,IBM,I,1,284.59
2025-10-01,9:57:05.360975635,T,IBM,F I,6,284.6
2025-10-01,9:57:05.360985056,T,IBM,F I,5,284.6
2025-10-01,9:57:05.371260116,T,IBM,F I,20,284.63
2025-10-01,9:57:05.371260116,T,IBM,F,122,284.64
2025-10-01,9:57:05.371557875,T,IBM,F I,83,284.64
2025-10-01,9:57:05.371557875,T,IBM,F I,1,284.64
2025-10-01,9:57:05.830738884,T,IBM,F I,65,284.61
2025-10-01,9:57:06.296506441,T,IBM,I,2,284.58
2025-10-01,9:57:06.296508809,T,IBM,I,5,284.57
2025-10-01,9:57:06.296508809,T,IBM,I,2,284.57
2025-10-01,9:57:23.816896285,T,IBM,F,100,284.5
2025-10-01,9:57:23.816950377,T,IBM,F I,92,284.5
2025-10-01,9:57:23.828530980,T,IBM,I,2,284.5
2025-10-01,9:57:23.836328479,T,IBM,I,2,284.5
2025-10-01,9:57:23.844117105,T,IBM,I,2,284.5
2025-10-01,9:57:23.980272144,T,IBM,I,29,284.5
2025-10-01,9:57:23.980335334,T,IBM,F I,65,284.5
2025-10-01,9:57:24.310792029,T,IBM,I,21,284.4
2025-10-01,9:57:24.310810327,T,IBM,F I,8,284.4
2025-10-01,9:57:24.310813057,T,IBM,F I,12,284.4
2025-10-01,9:57:24.310813057,T,IBM,F I,20,284.4
2025-10-01,9:57:24.310858185,T,IBM,F,100,284.4
2025-10-01,9:57:24.313101488,T,IBM,,100,284.415
2025-10-01,9:57:26.119805677,T,IBM,,100,284.435
2025-10-01,9:57:29.871113165,T,IBM,F,100,284.41
2025-10-01,9:57:32.663975909,T,IBM,F I,2,284.3
2025-10-01,9:57:32.663993980,T,IBM,I,2,284.3
2025-10-01,9:57:32.664003538,T,IBM,F,100,284.4
2025-10-01,9:57:32.664496141,T,IBM,F I,50,284.29
2025-10-01,9:57:32.664499158,T,IBM,F I,10,284.29
2025-10-01,9:57:32.665395340,T,IBM,F I,37,284.29
2025-10-01,9:57:32.666005748,T,IBM,,100,284.33
2025-10-01,9:57:34.940353086,T,IBM,F,100,284.3
2025-10-01,9:57:34.943435516,T,IBM,,100,284.35
2025-10-01,9:57:43.699419413,T,IBM,,100,284.36
2025-10-01,9:57:43.701578548,T,IBM,I,2,284.33
2025-10-01,9:57:43.701581604,T,IBM,I,5,284.37
2025-10-01,9:57:43.701581604,T,IBM,I,45,284.37
2025-10-01,9:57:43.702312386,T,IBM,I,45,284.375
2025-10-01,9:57:43.702330387,T,IBM,F I,3,284.375
2025-10-01,9:57:47.896989411,T,IBM,F,100,284.375
2025-10-01,9:57:48.666349810,T,IBM,,100,284.22
2025-10-01,9:57:48.666349810,T,IBM,I,10,284.22
2025-10-01,9:57:48.666371049,T,IBM,F,100,284.21
2025-10-01,9:57:48.666371049,T,IBM,F I,10,284.21
2025-10-01,9:57:48.666419070,T,IBM,F,100,284.19
2025-10-01,9:57:48.667086608,T,IBM,,100,284.16
2025-10-01,9:57:48.667119733,T,IBM,F I,50,284.12
2025-10-01,9:57:48.670196024,T,IBM,I,45,284.205
2025-10-01,9:57:48.670226066,T,IBM,F I,55,284.205
2025-10-01,9:57:50.472894573,T,IBM,I,2,284.17
2025-10-01,9:57:50.472894573,T,IBM,I,5,284.18
2025-10-01,9:57:50.472894573,T,IBM,I,5,284.19
2025-10-01,9:57:50.472900565,T,IBM,I,45,284.2
2025-10-01,9:57:50.472900565,T,IBM,I,10,284.2
2025-10-01,9:57:50.472903559,T,IBM,I,33,284.2
2025-10-01,9:57:50.989419222,T,IBM,,100,284.16
2025-10-01,9:57:52.077581375,T,IBM,F,100,284.08
2025-10-01,9:57:52.077581375,T,IBM,F I,16,284.07
2025-10-01,9:57:52.077584596,T,IBM,F I,84,284.07
2025-10-01,9:57:52.077584596,T,IBM,F I,16,284.06
2025-10-01,9:57:52.077628827,T,IBM,,100,284.15
2025-10-01,9:57:52.077698001,T,IBM,F,100,284.05
2025-10-01,9:57:52.077701770,T,IBM,F I,16,284.05
2025-10-01,9:57:52.077704035,T,IBM,F I,68,284.03
2025-10-01,9:57:52.077725085,T,IBM,F I,32,284.03
2025-10-01,9:57:52.081793740,T,IBM,,100,284.06
2025-10-01,9:57:52.182999726,T,IBM,I,5,284.07
2025-10-01,9:57:52.183002999,T,IBM,I,2,284.09
2025-10-01,9:57:52.183002999,T,IBM,I,93,284.1
2025-10-01,9:57:52.281481599,T,IBM,I,7,284.1
2025-10-01,9:57:52.281484214,T,IBM,I,45,284.1
2025-10-01,9:57:52.281511190,T,IBM,I,48,284.105
2025-10-01,9:57:55.032057355,T,IBM,F,100,284.1
2025-10-01,9:57:55.034646501,T,IBM,,100,284.12
2025-10-01,9:57:55.034646501,T,IBM,I,45,284.12
2025-10-01,9:57:55.034670565,T,IBM,F I,15,284.125
2025-10-01,9:58:00.032141577,T,IBM,F,100,284.09
2025-10-01,9:58:00.955694187,T,IBM,F,100,284.07
2025-10-01,9:58:05.354286671,T,IBM,I,10,284.11
2025-10-01,9:58:05.354289635,T,IBM,I,24,284.12
2025-10-01,9:58:05.360397185,T,IBM,I,45,284.12
2025-10-01,9:58:05.360517664,T,IBM,I,45,284.125
2025-10-01,9:58:05.361122002,T,IBM,I,10,284.125
2025-10-01,9:58:05.413885600,T,IBM,I,13,284.13
2025-10-01,9:58:05.413889054,T,IBM,I,14,284.13
2025-10-01,9:58:05.413891566,T,IBM,I,7,284.13
2025-10-01,9:58:05.413936705,T,IBM,F I,77,284.13
2025-10-01,9:58:05.413939724,T,IBM,F I,4,284.13
2025-10-01,9:58:05.414252417,T,IBM,I,45,284.12
2025-10-01,9:58:05.414315530,T,IBM,I,45,284.14
2025-10-01,9:58:05.414339642,T,IBM,F I,10,284.14
2025-10-01,9:58:05.431910429,T,IBM,I,45,284.12
2025-10-01,9:58:05.431934476,T,IBM,F I,55,284.12
2025-10-01,9:58:06.473277623,T,IBM,F,100,284.03
2025-10-01,9:58:06.473286553,T,IBM,,100,284.08
2025-10-01,9:58:09.143303947,T,IBM,F,100,284.04
2025-10-01,9:58:09.645400194,T,IBM,,100,284.0
2025-10-01,9:58:10.214941132,T,IBM,F,100,283.91
2025-10-01,9:58:10.215043304,T,IBM,F,100,283.91
2025-10-01,9:58:10.215049303,T,IBM,F,100,283.88
2025-10-01,9:58:10.215076372,T,IBM,,100,283.89
2025-10-01,9:58:10.215085441,T,IBM,,100,283.84
2025-10-01,9:58:11.879157006,T,IBM,I,1,283.83
2025-10-01,9:58:14.584171885,T,IBM,F I,4,283.78
2025-10-01,9:58:14.584174652,T,IBM,F I,20,283.78
2025-10-01,9:58:14.584184118,T,IBM,I,76,283.78
2025-10-01,9:58:14.584184118,T,IBM,,100,283.77
2025-10-01,9:58:14.584186980,T,IBM,I,27,283.77
2025-10-01,9:58:14.584208075,T,IBM,I,1,283.77
2025-10-01,9:58:14.584208075,T,IBM,I,72,283.77
2025-10-01,9:58:14.584211138,T,IBM,I,3,283.77
2025-10-01,9:58:14.584253222,T,IBM,,100,283.82
2025-10-01,9:58:14.594161326,T,IBM,I,5,283.78
2025-10-01,9:58:17.747474438,T,IBM,I,2,283.815
2025-10-01,9:58:19.309335535,T,IBM,,100,283.84
2025-10-01,9:58:24.552467404,T,IBM,I,6,283.85
2025-10-01,9:58:24.552467404,T,IBM,I,14,283.85
2025-10-01,9:58:40.741588783,T,IBM,F,100,283.8
2025-10-01,9:58:40.741588783,T,IBM,F,100,283.74
2025-10-01,9:58:40.741636820,T,IBM,F I,23,283.73
2025-10-01,9:58:40.741657856,T,IBM,F,254,283.73
2025-10-01,9:58:40.742202182,T,IBM,F I,5,283.75
2025-10-01,9:58:41.838714805,T,IBM,F,100,283.78
2025-10-01,9:58:41.838714805,T,IBM,F I,13,283.69
2025-10-01,9:58:41.838765755,T,IBM,I,87,283.69
2025-10-01,9:58:41.838769383,T,IBM,I,26,283.68
2025-10-01,9:58:41.838789821,T,IBM,F I,74,283.68
2025-10-01,9:58:41.838789821,T,IBM,F I,3,283.68
2025-10-01,9:58:41.838795796,T,IBM,F I,10,283.68
2025-10-01,9:58:41.839213997,T,IBM,I,1,283.58
2025-10-01,9:58:41.839234831,T,IBM,I,1,283.58
2025-10-01,9:58:41.839241042,T,IBM,F I,99,283.58
2025-10-01,9:58:41.839244879,T,IBM,F,100,283.58
2025-10-01,9:58:41.839244879,T,IBM,F I,1,283.57
2025-10-01,9:58:41.839463469,T,IBM,F,100,283.58
2025-10-01,9:58:41.839466347,T,IBM,F I,99,283.57
2025-10-01,9:58:41.839493425,T,IBM,F,100,283.57
2025-10-01,9:58:41.839562599,T,IBM,F I,2,283.56
2025-10-01,9:58:41.839586622,T,IBM,I,98,283.56
2025-10-01,9:58:41.957085414,T,IBM,,300,283.535
2025-10-01,9:58:47.135936327,T,IBM,F I,4,283.52
2025-10-01,9:59:00.308627597,T,IBM,F I,6,283.48
2025-10-01,9:59:00.308660684,T,IBM,F I,6,283.45
2025-10-01,9:59:00.309280206,T,IBM,,100,283.485
2025-10-01,9:59:13.995386682,T,IBM,,100,283.485
2025-10-01,9:59:19.265721521,T,IBM,F,100,283.485
2025-10-01,9:59:19.265796671,T,IBM,F I,2,283.48
2025-10-01,9:59:21.258535687,T,IBM,F I,11,283.56
2025-10-01,9:59:21.258538681,T,IBM,F I,16,283.56
2025-10-01,9:59:21.258553736,T,IBM,I,1,283.56
2025-10-01,9:59:21.258993306,T,IBM,F I,9,283.56
2025-10-01,9:59:21.258995799,T,IBM,F I,14,283.56
2025-10-01,9:59:21.258998750,T,IBM,F I,6,283.56
2025-10-01,9:59:27.413736135,T,IBM,,100,283.485
2025-10-01,9:59:32.519203374,T,IBM,F,100,283.485
2025-10-01,9:59:34.455071085,T,IBM,F I,10,283.54
2025-10-01,9:59:34.455071085,T,IBM,F I,2,283.55
2025-10-01,9:59:34.455073975,T,IBM,F I,88,283.55
2025-10-01,9:59:37.198393787,T,IBM,I,3,283.55
2025-10-01,9:59:40.801000429,T,IBM,I,3,283.56
2025-10-01,9:59:44.686836095,T,IBM,F I,2,283.57
2025-10-01,9:59:45.455369726,T,IBM,F,100,283.62
2025-10-01,9:59:45.455369726,T,IBM,F I,91,283.63
2025-10-01,9:59:45.455384853,T,IBM,I,1,283.63
2025-10-01,9:59:45.455396822,T,IBM,F I,8,283.63
2025-10-01,9:59:45.455400247,T,IBM,F I,96,283.63
2025-10-01,9:59:45.455400247,T,IBM,F I,15,283.63
2025-10-01,9:59:45.455403107,T,IBM,F I,1,283.63
2025-10-01,9:59:45.455426846,T,IBM,F I,99,283.63
2025-10-01,9:59:45.455426846,T,IBM,F I,20,283.63
2025-10-01,9:59:45.455441928,T,IBM,F,100,283.63
2025-10-01,9:59:45.455456947,T,IBM,I,80,283.63
2025-10-01,9:59:45.455456947,T,IBM,I,20,283.66
2025-10-01,9:59:45.455462940,T,IBM,F I,1,283.66
2025-10-01,9:59:45.455968462,T,IBM,F,178,283.66
2025-10-01,9:59:45.456016837,T,IBM,F,100,283.67
2025-10-01,9:59:45.456019269,T,IBM,I,64,283.67
2025-10-01,9:59:45.456031550,T,IBM,,100,283.66
2025-10-01,9:59:45.456043308,T,IBM,F I,41,283.67
2025-10-01,9:59:45.456073420,T,IBM,,100,283.67
2025-10-01,9:59:45.456244804,T,IBM,,100,283.66
2025-10-01,9:59:45.456470311,T,IBM,F,100,283.61
2025-10-01,9:59:45.456491442,T,IBM,I,58,283.61
2025-10-01,9:59:47.988768925,T,IBM,F I,2,283.63
2025-10-01,9:59:47.988772005,T,IBM,F I,5,283.64
2025-10-01,9:59:47.988772005,T,IBM,F I,2,283.65
2025-10-01,9:59:47.988774940,T,IBM,F I,31,283.66
2025-10-01,9:59:48.089821495,T,IBM,I,1,283.63
2025-10-01,9:59:54.223108611,T,IBM,F I,5,283.65
2025-10-01,9:59:54.223108611,T,IBM,F I,12,283.69
2025-10-01,9:59:55.560450045,T,IBM,F I,50,283.68
2025-10-01,9:59:58.079751002,T,IBM,F I,10,283.65
2025-10-01,9:59:58.079772044,T,IBM,F I,9,283.65
2025-10-01,9:59:58.448339063,T,IBM,F I,88,283.69
2025-10-01,9:59:58.448341498,T,IBM,F I,19,283.69
2025-10-01,9:59:58.448344444,T,IBM,F,100,283.69
2025-10-01,9:59:58.448410639,T,IBM,,100,283.69
2025-10-01,10:00:00.119576766,T,IBM,F I,5,283.62
2025-10-01,10:00:00.119579121,T,IBM,F I,2,283.61
2025-10-01,10:00:00.994650559,T,IBM,I,15,283.75
2025-10-01,10:00:00.994650559,T,IBM,I,10,283.75
2025-10-01,10:00:01.003034403,T,IBM,,100,283.69
2025-10-01,10:00:01.004730437,T,IBM,I,2,283.66
2025-10-01,10:00:01.012233258,T,IBM,I,7,283.66
2025-10-01,10:00:01.018759148,T,IBM,F,100,283.83
2025-10-01,10:00:01.018759148,T,IBM,F,100,283.83
2025-10-01,10:00:01.018765144,T,IBM,F I,9,283.83
2025-10-01,10:00:01.018765144,T,IBM,F I,22,283.83
2025-10-01,10:00:01.018765144,T,IBM,F I,17,283.83
2025-10-01,10:00:01.018803921,T,IBM,F,100,283.83
2025-10-01,10:00:01.030817494,T,IBM,I,14,283.89
2025-10-01,10:00:01.031452030,T,IBM,I,5,283.8
2025-10-01,10:00:01.031455070,T,IBM,I,5,283.78
2025-10-01,10:00:01.031455070,T,IBM,I,46,283.77
2025-10-01,10:00:01.033181300,T,IBM,I,5,283.84
2025-10-01,10:00:01.033184779,T,IBM,I,2,283.87
2025-10-01,10:00:01.033184779,T,IBM,I,5,283.88
2025-10-01,10:00:01.033187199,T,IBM,I,6,283.89
2025-10-01,10:00:01.033190210,T,IBM,I,46,283.89
2025-10-01,10:00:01.033190210,T,IBM,I,9,283.89
2025-10-01,10:00:01.033193231,T,IBM,I,6,283.89
2025-10-01,10:00:01.033193231,T,IBM,I,93,283.89
2025-10-01,10:00:01.033205229,T,IBM,I,1,283.89
2025-10-01,10:00:01.033205229,T,IBM,I,35,283.89
2025-10-01,10:00:01.118494204,T,IBM,,100,283.62
2025-10-01,10:00:01.446680535,T,IBM,,100,283.615
2025-10-01,10:00:01.889800390,T,IBM,I,20,283.56
2025-10-01,10:00:01.890233421,T,IBM,F I,4,283.53
2025-10-01,10:00:01.891415239,T,IBM,F I,20,283.53
2025-10-01,10:00:01.891421246,T,IBM,F I,51,283.53
2025-10-01,10:00:01.924686508,T,IBM,,104,283.63
2025-10-01,10:00:07.989635970,T,IBM,I,2,283.53
2025-10-01,10:00:07.989635970,T,IBM,I,2,283.54
2025-10-01,10:00:07.989638887,T,IBM,I,5,283.56
2025-10-01,10:00:08.591290586,T,IBM,F I,12,283.56
2025-10-01,10:00:08.591290586,T,IBM,F,100,283.56
2025-10-01,10:00:08.922670310,T,IBM,F I,2,283.69
2025-10-01,10:00:08.922670310,T,IBM,F I,2,283.69
2025-10-01,10:00:08.922677035,T,IBM,F I,2,283.7
2025-10-01,10:00:08.922677035,T,IBM,F I,4,283.72
2025-10-01,10:00:08.922677035,T,IBM,F I,5,283.72
2025-10-01,10:00:08.922679156,T,IBM,F I,24,283.73
2025-10-01,10:00:08.923406913,T,IBM,F,100,283.7
2025-10-01,10:00:11.844876879,T,IBM,F I,1,283.75
2025-10-01,10:00:29.601621393,T,IBM,F I,6,283.75
2025-10-01,10:00:33.449906877,T,IBM,F I,22,283.92
2025-10-01,10:00:33.449910130,T,IBM,I,12,283.99
2025-10-01,10:00:33.449912950,T,IBM,I,26,283.99
2025-10-01,10:00:33.449979228,T,IBM,F I,15,284.0
2025-10-01,10:00:33.449982093,T,IBM,F I,14,284.0
2025-10-01,10:00:34.816991515,T,IBM,I,5,283.98
2025-10-01,10:00:34.816994488,T,IBM,I,2,283.96
2025-10-01,10:00:34.816994488,T,IBM,I,2,283.96
2025-10-01,10:00:34.821998436,T,IBM,,100,283.96
2025-10-01,10:00:34.958325031,T,IBM,F I,99,283.9
2025-10-01,10:00:34.958325031,T,IBM,F,100,283.88
2025-10-01,10:00:34.958328606,T,IBM,F,100,283.87
2025-10-01,10:00:34.958330938,T,IBM,F I,2,283.87
2025-10-01,10:00:34.958334070,T,IBM,F,100,283.86
2025-10-01,10:00:34.958334070,T,IBM,F I,5,283.86
2025-10-01,10:00:34.958336991,T,IBM,F I,2,283.84
2025-10-01,10:00:34.958340430,T,IBM,F I,2,283.84
2025-10-01,10:00:34.958340430,T,IBM,F I,5,283.84
2025-10-01,10:00:34.958342940,T,IBM,F,100,283.83
2025-10-01,10:00:34.958345947,T,IBM,F,100,283.82
2025-10-01,10:00:34.958349451,T,IBM,F,150,283.82
2025-10-01,10:00:34.958349451,T,IBM,F I,51,283.76
2025-10-01,10:00:34.958355496,T,IBM,F I,9,283.75
2025-10-01,10:00:34.958358380,T,IBM,F I,38,283.75
2025-10-01,10:00:34.958358380,T,IBM,F I,45,283.75
2025-10-01,10:00:34.958361052,T,IBM,F I,47,283.75
2025-10-01,10:00:34.958364412,T,IBM,F I,9,283.72
2025-10-01,10:00:34.958367162,T,IBM,F,100,283.72
2025-10-01,10:00:34.958370029,T,IBM,F,100,283.69
2025-10-01,10:00:34.958370029,T,IBM,F,100,283.69
2025-10-01,10:00:34.958370029,T,IBM,F,100,283.68
2025-10-01,10:00:34.958370029,T,IBM,F I,26,283.68
2025-10-01,10:00:34.958373024,T,IBM,F I,9,283.68
2025-10-01,10:00:34.958999226,T,IBM,F I,7,283.69
2025-10-01,10:00:34.959046662,T,IBM,I,23,283.68
2025-10-01,10:00:34.959115879,T,IBM,I,25,283.75
2025-10-01,10:00:34.959140523,T,IBM,I,1,283.75
2025-10-01,10:00:34.959143358,T,IBM,F I,24,283.75
2025-10-01,10:00:34.961656957,T,IBM,F I,5,283.72
2025-10-01,10:00:34.961660059,T,IBM,F I,25,283.68
2025-10-01,10:00:34.961660059,T,IBM,F I,13,283.68
2025-10-01,10:00:34.961662948,T,IBM,F I,11,283.68
2025-10-01,10:00:34.961665832,T,IBM,F I,16,283.68
2025-10-01,10:00:36.151589662,T,IBM,I,63,283.7
2025-10-01,10:00:39.334378783,T,IBM,F I,1,283.65
2025-10-01,10:00:40.293996329,T,IBM,,100,283.64
2025-10-01,10:00:42.735475593,T,IBM,F I,2,283.6
2025-10-01,10:00:42.743982902,T,IBM,I,8,283.56
2025-10-01,10:00:42.744048956,T,IBM,I,17,283.51
2025-10-01,10:00:42.809523824,T,IBM,F,100,283.525
2025-10-01,10:00:42.809526854,T,IBM,F I,4,283.46
2025-10-01,10:00:46.492845651,T,IBM,,100,283.52
2025-10-01,10:00:46.718938865,T,IBM,I,2,283.57
2025-10-01,10:00:46.718938865,T,IBM,I,5,283.59
2025-10-01,10:00:49.368254924,T,IBM,I,7,283.62
2025-10-01,10:00:58.672152548,T,IBM,F I,25,283.39
2025-10-01,10:00:58.672627653,T,IBM,F I,23,283.36
2025-10-01,10:00:58.738000302,T,IBM,I,3,283.31
2025-10-01,10:00:58.738051376,T,IBM,F,200,283.29
2025-10-01,10:00:58.738051376,T,IBM,F I,26,283.29
2025-10-01,10:00:58.738081411,T,IBM,F I,7,283.26
2025-10-01,10:01:01.106201108,T,IBM,F I,9,283.27
2025-10-01,10:01:01.106225273,T,IBM,F I,91,283.27
2025-10-01,10:01:01.106228271,T,IBM,F I,4,283.26
2025-10-01,10:01:01.120554368,T,IBM,I,2,283.33
2025-10-01,10:01:01.458011677,T,IBM,I,2,283.27
2025-10-01,10:01:01.458011677,T,IBM,I,85,283.26
2025-10-01,10:01:04.941571302,T,IBM,I,2,283.35
2025-10-01,10:01:04.941571302,T,IBM,I,2,283.36
2025-10-01,10:01:07.270519448,T,IBM,F I,95,283.25
2025-10-01,10:01:07.871545218,T,IBM,F,100,283.21
2025-10-01,10:01:07.871545218,T,IBM,F,100,283.2
2025-10-01,10:01:07.871548295,T,IBM,F,100,283.2
2025-10-01,10:01:07.879526199,T,IBM,I,1,283.12
2025-10-01,10:01:14.128862774,T,IBM,F,100,283.0
2025-10-01,10:01:14.191450742,T,IBM,,100,282.92
2025-10-01,10:01:21.974931511,T,IBM,I,6,282.61
2025-10-01,10:01:25.360336951,T,IBM,F I,2,282.7
2025-10-01,10:01:25.360336951,T,IBM,F I,5,282.7
2025-10-01,10:01:51.176643998,T,IBM,I,15,282.93
2025-10-01,10:01:51.176695063,T,IBM,I,18,282.93
2025-10-01,10:02:01.873845420,T,IBM,I,2,282.82
2025-10-01,10:02:05.514182906,T,IBM,I,60,282.8
2025-10-01,10:02:05.514203905,T,IBM,I,1,282.8
2025-10-01,10:02:16.896721916,T,IBM,F I,9,282.78
2025-10-01,10:02:25.106918614,T,IBM,F,100,282.88
2025-10-01,10:02:25.106966758,T,IBM,F,100,282.92
2025-10-01,10:02:25.106987776,T,IBM,F I,10,282.96
2025-10-01,10:02:25.106996877,T,IBM,F I,41,282.96
2025-10-01,10:02:25.107000368,T,IBM,F I,10,282.97
2025-10-01,10:02:25.107000368,T,IBM,F I,16,282.98
2025-10-01,10:02:25.107003017,T,IBM,F,100,282.98
2025-10-01,10:02:25.107005858,T,IBM,F I,23,282.98
2025-10-01,10:02:25.107029894,T,IBM,F I,20,282.98
2025-10-01,10:02:25.107033265,T,IBM,F I,20,282.98
2025-10-01,10:02:25.107036464,T,IBM,F I,11,282.98
2025-10-01,10:02:25.108512405,T,IBM,F I,3,283.04
2025-10-01,10:02:25.108560756,T,IBM,F,100,283.08
2025-10-01,10:02:25.108564107,T,IBM,F I,18,283.08
2025-10-01,10:02:25.108564107,T,IBM,F,100,283.08
2025-10-01,10:02:25.108566668,T,IBM,F I,19,283.08
2025-10-01,10:02:25.108584659,T,IBM,I,10,283.08
2025-10-01,10:02:25.108593907,T,IBM,F I,90,283.08
2025-10-01,10:02:25.108593907,T,IBM,F I,10,283.08
2025-10-01,10:02:25.108608626,T,IBM,F I,6,283.08
2025-10-01,10:02:25.108618380,T,IBM,I,13,283.08
2025-10-01,10:02:25.108620856,T,IBM,,100,283.07
2025-10-01,10:02:25.108641816,T,IBM,I,1,283.07
2025-10-01,10:02:25.108698864,T,IBM,F I,1,283.08
2025-10-01,10:02:27.585722798,T,IBM,I,5,282.93
2025-10-01,10:02:33.086036199,T,IBM,I,15,282.85
2025-10-01,10:02:33.086054332,T,IBM,I,15,282.85
2025-10-01,10:02:33.086105549,T,IBM,F,100,282.85
2025-10-01,10:02:33.087059322,T,IBM,F I,2,282.94
2025-10-01,10:02:33.087178956,T,IBM,F I,5,282.96
2025-10-01,10:02:52.857457415,T,IBM,F I,2,282.97
2025-10-01,10:02:54.610192156,T,IBM,I,3,282.96
2025-10-01,10:02:59.259765226,T,IBM,F I,2,282.88
2025-10-01,10:02:59.259789373,T,IBM,F I,11,282.88
2025-10-01,10:02:59.259789373,T,IBM,F I,74,282.88
2025-10-01,10:02:59.259792403,T,IBM,F I,21,282.88
2025-10-01,10:03:00.954362599,T,IBM,F I,9,282.68
2025-10-01,10:03:01.988786187,T,IBM,F,100,282.72
2025-10-01,10:03:17.127856238,T,IBM,F I,5,282.78
2025-10-01,10:03:25.457599604,T,IBM,F,100,282.85
2025-10-01,10:03:25.457599604,T,IBM,F I,27,282.88
2025-10-01,10:03:25.457617630,T,IBM,I,1,282.88
2025-10-01,10:03:25.457626569,T,IBM,F I,72,282.88
2025-10-01,10:03:25.457626569,T,IBM,F I,4,282.88
2025-10-01,10:03:25.457632672,T,IBM,F I,10,282.88
2025-10-01,10:03:25.457632672,T,IBM,F I,13,282.88
2025-10-01,10:03:25.457656685,T,IBM,F,100,282.89
2025-10-01,10:03:25.457701788,T,IBM,F,100,282.89
2025-10-01,10:03:25.457716885,T,IBM,F I,40,282.89
2025-10-01,10:03:25.457849133,T,IBM,I,25,282.9
2025-10-01,10:03:25.458213028,T,IBM,F I,80,282.9
2025-10-01,10:03:25.458228075,T,IBM,F I,95,282.9
2025-10-01,10:03:25.458330358,T,IBM,F I,18,282.9
2025-10-01,10:03:25.458540837,T,IBM,F I,14,282.94
2025-10-01,10:03:25.458573836,T,IBM,F I,86,282.94
2025-10-01,10:03:25.458597988,T,IBM,F,100,282.94
2025-10-01,10:03:25.458600925,T,IBM,I,27,282.94
2025-10-01,10:03:25.458646089,T,IBM,F,100,282.94
2025-10-01,10:03:25.458811459,T,IBM,I,10,282.95
2025-10-01,10:03:25.458832523,T,IBM,I,1,282.95
2025-10-01,10:03:25.458847498,T,IBM,I,7,282.95
2025-10-01,10:03:25.458994926,T,IBM,F I,9,282.92
2025-10-01,10:03:25.459091127,T,IBM,F I,4,282.91
2025-10-01,10:03:26.470909970,T,IBM,I,1,282.885
2025-10-01,10:03:30.559503520,T,IBM,F,100,282.8
2025-10-01,10:03:52.112089077,T,IBM,F,100,282.82
2025-10-01,10:03:53.975799912,T,IBM,F I,2,282.82
2025-10-01,10:04:05.788350746,T,IBM,F I,2,282.8
2025-10-01,10:04:07.452347042,T,IBM,F,100,282.73
2025-10-01,10:04:07.452350037,T,IBM,F I,59,282.7
2025-10-01,10:04:07.452464358,T,IBM,F,141,282.7
2025-10-01,10:04:07.452467353,T,IBM,F I,2,282.7
2025-10-01,10:04:07.561729515,T,IBM,I,5,282.7
2025-10-01,10:04:07.561798573,T,IBM,I,5,282.69
2025-10-01,10:04:08.126780707,T,IBM,F I,2,282.72
2025-10-01,10:04:17.643837732,T,IBM,F I,29,282.79
2025-10-01,10:04:17.644232128,T,IBM,F I,82,282.83
2025-10-01,10:04:17.644235064,T,IBM,F,100,282.83
2025-10-01,10:04:17.644235064,T,IBM,F I,9,282.83
2025-10-01,10:04:17.644240628,T,IBM,F I,9,282.83
2025-10-01,10:04:17.644243667,T,IBM,F I,17,282.83
2025-10-01,10:04:17.644243667,T,IBM,,100,282.85
2025-10-01,10:04:17.644279861,T,IBM,F,100,282.85
2025-10-01,10:04:17.644283016,T,IBM,F I,2,282.85
2025-10-01,10:04:17.644285799,T,IBM,F I,12,282.85
2025-10-01,10:04:17.644325612,T,IBM,I,4,282.88
2025-10-01,10:04:17.644325612,T,IBM,I,6,282.88
2025-10-01,10:04:17.644787968,T,IBM,F,100,282.91
2025-10-01,10:04:17.654365760,T,IBM,I,2,282.89
2025-10-01,10:04:17.654365760,T,IBM,I,98,282.86
2025-10-01,10:04:17.655355140,T,IBM,F,100,282.9
2025-10-01,10:04:17.655376108,T,IBM,F,100,282.91
2025-10-01,10:04:17.655394291,T,IBM,I,1,282.91
2025-10-01,10:04:17.658873446,T,IBM,I,3,282.82
2025-10-01,10:04:17.690854629,T,IBM,I,45,282.8
2025-10-01,10:04:47.595836642,T,IBM,F I,32,282.91
2025-10-01,10:04:47.597686835,T,IBM,F,100,282.97
2025-10-01,10:04:47.597686835,T,IBM,F I,63,282.97
2025-10-01,10:04:47.597689066,T,IBM,F I,11,282.97
2025-10-01,10:04:54.029912081,T,IBM,F I,2,282.885
2025-10-01,10:04:55.378481584,T,IBM,F I,2,283.01
2025-10-01,10:04:55.378487614,T,IBM,F I,4,283.02
2025-10-01,10:05:09.847764518,T,IBM,I,2,282.77
2025-10-01,10:05:09.847764518,T,IBM,I,5,282.76
2025-10-01,10:05:09.847764518,T,IBM,I,2,282.76
2025-10-01,10:05:09.847767187,T,IBM,I,7,282.75
2025-10-01,10:05:09.847911556,T,IBM,F I,9,282.75
2025-10-01,10:05:28.805336908,T,IBM,F I,45,282.84
2025-10-01,10:05:28.805357932,T,IBM,F I,55,282.85
2025-10-01,10:05:29.298935001,T,IBM,F I,2,282.85
2025-10-01,10:05:29.298935001,T,IBM,F I,2,282.82
2025-10-01,10:05:34.865896166,T,IBM,F I,1,282.72
2025-10-01,10:05:36.024061451,T,IBM,F I,81,282.69
2025-10-01,10:05:36.024064342,T,IBM,F I,4,282.69
2025-10-01,10:05:36.024067637,T,IBM,F I,3,282.69
2025-10-01,10:05:36.024067637,T,IBM,F I,10,282.69
2025-10-01,10:05:37.774263976,T,IBM,F I,1,282.64
2025-10-01,10:05:37.774282090,T,IBM,F I,84,282.64
2025-10-01,10:05:37.774288066,T,IBM,F,100,282.64
2025-10-01,10:05:37.774643046,T,IBM,F I,73,282.59
2025-10-01,10:05:37.774643046,T,IBM,F I,15,282.59
2025-10-01,10:05:42.620728111,T,IBM,F,100,282.52
2025-10-01,10:05:42.641853542,T,IBM,F I,3,282.46
2025-10-01,10:05:42.899608957,T,IBM,I,50,282.49
2025-10-01,10:05:44.241761019,T,IBM,F I,25,282.41
2025-10-01,10:05:44.241761019,T,IBM,F,100,282.4
2025-10-01,10:05:44.241764266,T,IBM,F I,9,282.4
2025-10-01,10:05:44.241767246,T,IBM,F I,13,282.4
2025-10-01,10:05:44.241767246,T,IBM,F I,25,282.4
2025-10-01,10:05:44.241788134,T,IBM,F I,9,282.36
2025-10-01,10:05:44.242744406,T,IBM,F I,9,282.28
2025-10-01,10:05:44.242744406,T,IBM,F I,1,282.28
2025-10-01,10:05:44.243478192,T,IBM,F I,40,282.22
2025-10-01,10:05:44.243505267,T,IBM,F I,3,282.2
2025-10-01,10:05:44.243505267,T,IBM,F I,9,282.2
2025-10-01,10:05:48.763671286,T,IBM,F I,52,282.17
2025-10-01,10:05:48.763677301,T,IBM,F I,48,282.17
2025-10-01,10:05:48.763680995,T,IBM,F I,14,282.16
2025-10-01,10:05:48.763683288,T,IBM,F I,38,282.16
2025-10-01,10:05:48.763809861,T,IBM,I,88,282.1
2025-10-01,10:05:48.764200592,T,IBM,F I,9,282.01
2025-10-01,10:05:48.764212506,T,IBM,F I,9,281.99
2025-10-01,10:05:48.764251766,T,IBM,F,191,281.99
2025-10-01,10:05:48.764299762,T,IBM,F I,10,281.98
2025-10-01,10:05:48.764392949,T,IBM,F I,8,282.02
2025-10-01,10:05:48.795844834,T,IBM,F,100,281.96
2025-10-01,10:05:48.796217857,T,IBM,F I,66,281.88
2025-10-01,10:05:48.796489666,T,IBM,I,2,281.99
2025-10-01,10:05:48.796492022,T,IBM,I,2,282.01
2025-10-01,10:05:48.796494636,T,IBM,I,5,282.02
2025-10-01,10:05:48.796494636,T,IBM,I,2,282.03
2025-10-01,10:05:48.796497455,T,IBM,I,42,282.03
2025-10-01,10:05:48.796518991,T,IBM,F I,2,281.88
2025-10-01,10:05:48.800815736,T,IBM,F I,8,282.04
2025-10-01,10:05:48.800864390,T,IBM,F,100,282.04
2025-10-01,10:05:48.800867394,T,IBM,F,100,282.04
2025-10-01,10:05:48.800870522,T,IBM,F,100,282.04
2025-10-01,10:05:48.800875794,T,IBM,F,100,282.04
2025-10-01,10:05:48.800875794,T,IBM,F I,80,282.04
2025-10-01,10:05:48.800875794,T,IBM,F I,20,282.04
2025-10-01,10:05:57.479215398,T,IBM,F I,5,281.96
2025-10-01,10:05:57.479215398,T,IBM,F I,2,281.95
2025-10-01,10:05:57.479221179,T,IBM,F I,2,281.95
2025-10-01,10:05:57.479221179,T,IBM,F I,21,281.93
2025-10-01,10:05:57.479242224,T,IBM,F I,41,281.93
2025-10-01,10:05:57.479248194,T,IBM,F I,20,281.92
2025-10-01,10:05:57.479251287,T,IBM,F I,17,281.92
2025-10-01,10:05:58.781336231,T,IBM,I,45,281.95
2025-10-01,10:05:58.781456545,T,IBM,I,31,281.95
2025-10-01,10:06:10.389192628,T,IBM,F I,1,281.82
2025-10-01,10:06:19.599690786,T,IBM,I,5,281.95
2025-10-01,10:06:19.599744893,T,IBM,F I,3,281.95
2025-10-01,10:06:27.254639646,T,IBM,F I,10,281.92
2025-10-01,10:06:30.039795087,T,IBM,F I,19,281.87
2025-10-01,10:06:30.773932955,T,IBM,F I,5,281.85
2025-10-01,10:06:30.773935771,T,IBM,F I,1,281.83
2025-10-01,10:06:34.926990974,T,IBM,F I,2,281.92
2025-10-01,10:06:45.142036634,T,IBM,F I,94,282.03
2025-10-01,10:06:45.142039771,T,IBM,F I,9,282.03
2025-10-01,10:06:45.142042634,T,IBM,F,100,282.03
2025-10-01,10:06:45.143389889,T,IBM,I,3,282.09
2025-10-01,10:06:45.143389889,T,IBM,I,7,282.09
2025-10-01,10:06:45.143392907,T,IBM,I,7,282.09
2025-10-01,10:06:49.192727959,T,IBM,F,100,282.06
2025-10-01,10:06:50.925407958,T,IBM,,100,282.07
2025-10-01,10:06:53.552308684,T,IBM,I,25,282.13
2025-10-01,10:06:53.552447044,T,IBM,F I,23,282.16
2025-10-01,10:06:53.553436450,T,IBM,F,100,282.105
2025-10-01,10:07:01.957516744,T,IBM,I,45,282.07
2025-10-01,10:07:03.832447334,T,IBM,F I,55,282.07
2025-10-01,10:07:05.528900113,T,IBM,F I,51,282.18
2025-10-01,10:07:05.528903104,T,IBM,F I,2,282.18
2025-10-01,10:07:05.528925050,T,IBM,F,100,282.19
2025-10-01,10:07:05.528930076,T,IBM,F I,2,282.19
2025-10-01,10:07:05.528930076,T,IBM,F I,30,282.2
2025-10-01,10:07:05.528936100,T,IBM,F I,24,282.2
2025-10-01,10:07:05.528936100,T,IBM,F I,30,282.2
2025-10-01,10:07:05.528939132,T,IBM,F I,28,282.2
2025-10-01,10:07:05.528942356,T,IBM,F I,2,282.2
2025-10-01,10:07:05.528942356,T,IBM,F,100,282.2
2025-10-01,10:07:05.528945159,T,IBM,F,100,282.2
2025-10-01,10:07:05.529059436,T,IBM,I,2,282.22
2025-10-01,10:07:05.529104702,T,IBM,F,100,282.24
2025-10-01,10:07:05.529832427,T,IBM,F I,5,282.31
2025-10-01,10:07:05.529922854,T,IBM,F I,1,282.34
2025-10-01,10:07:05.529973608,T,IBM,F I,6,282.36
2025-10-01,10:07:05.530424647,T,IBM,F,117,282.42
2025-10-01,10:07:05.530442681,T,IBM,F I,83,282.42
2025-10-01,10:07:05.531089866,T,IBM,F I,3,282.44
2025-10-01,10:07:05.531092330,T,IBM,F I,97,282.44
2025-10-01,10:07:05.570267611,T,IBM,F,100,282.49
2025-10-01,10:07:05.570267611,T,IBM,F I,88,282.5
2025-10-01,10:07:05.570308691,T,IBM,F,262,282.51
2025-10-01,10:07:05.570323673,T,IBM,F I,38,282.51
2025-10-01,10:07:11.548282252,T,IBM,F,100,282.48
2025-10-01,10:07:14.744838302,T,IBM,I,45,282.32
2025-10-01,10:07:14.744838302,T,IBM,I,55,282.32
2025-10-01,10:07:15.605081201,T,IBM,I,30,282.32
2025-10-01,10:07:23.137110137,T,IBM,I,2,282.46
2025-10-01,10:07:23.137112733,T,IBM,,100,282.46
2025-10-01,10:07:23.137115744,T,IBM,,100,282.48
2025-10-01,10:07:23.137115744,T,IBM,I,51,282.5
2025-10-01,10:07:23.137119348,T,IBM,I,20,282.5
2025-10-01,10:07:23.137119348,T,IBM,,150,282.5
2025-10-01,10:07:23.137121808,T,IBM,I,15,282.51
2025-10-01,10:07:23.137121808,T,IBM,,100,282.51
2025-10-01,10:07:23.137124486,T,IBM,I,74,282.51
2025-10-01,10:07:23.137130534,T,IBM,I,1,282.51
2025-10-01,10:07:23.137154672,T,IBM,F,422,282.51
2025-10-01,10:07:23.825635139,T,IBM,I,2,282.46
2025-10-01,10:07:23.825635139,T,IBM,I,2,282.46
2025-10-01,10:07:23.825637681,T,IBM,I,2,282.43
2025-10-01,10:08:08.565831386,T,IBM,I,1,282.33
2025-10-01,10:08:17.793025147,T,IBM,F I,19,282.53
2025-10-01,10:08:17.793028326,T,IBM,F I,32,282.53
2025-10-01,10:08:17.793031975,T,IBM,F I,20,282.53
2025-10-01,10:08:17.793034229,T,IBM,F I,73,282.54
2025-10-01,10:08:17.793043222,T,IBM,F I,27,282.54
2025-10-01,10:08:17.793046304,T,IBM,F I,2,282.54
2025-10-01,10:08:17.793046304,T,IBM,F I,42,282.54
2025-10-01,10:08:17.793241684,T,IBM,,100,282.54
2025-10-01,10:08:17.811456122,T,IBM,I,2,282.55
2025-10-01,10:08:17.811456122,T,IBM,I,98,282.51
2025-10-01,10:08:18.447785878,T,IBM,F I,1,282.59
2025-10-01,10:08:18.447818921,T,IBM,F I,1,282.59
2025-10-01,10:08:18.450750983,T,IBM,F I,1,282.6
2025-10-01,10:08:36.305354909,T,IBM,F,100,282.475
2025-10-01,10:08:43.682373217,T,IBM,I,12,282.6
2025-10-01,10:08:43.682382155,T,IBM,F I,12,282.6
2025-10-01,10:08:43.682418217,T,IBM,F I,6,282.61
2025-10-01,10:08:43.682418217,T,IBM,F I,6,282.61
2025-10-01,10:08:43.684730824,T,IBM,F,100,282.66
2025-10-01,10:08:43.685145759,T,IBM,I,50,282.61
2025-10-01,10:08:43.685317115,T,IBM,I,4,282.65
2025-10-01,10:08:43.685410396,T,IBM,F I,40,282.65
2025-10-01,10:08:43.685533632,T,IBM,I,12,282.65
2025-10-01,10:08:43.685657032,T,IBM,I,4,282.65
2025-10-01,10:08:43.685732717,T,IBM,F I,4,282.65
2025-10-01,10:08:43.733001747,T,IBM,,100,282.74
2025-10-01,10:08:50.784762802,T,IBM,I,15,282.74
2025-10-01,10:08:50.784762802,T,IBM,I,5,282.74
2025-10-01,10:08:50.784765623,T,IBM,I,1,282.74
2025-10-01,10:08:50.784786762,T,IBM,F I,9,282.75
2025-10-01,10:08:50.784828850,T,IBM,I,1,282.75
2025-10-01,10:08:50.784831828,T,IBM,I,5,282.77
2025-10-01,10:08:50.795041102,T,IBM,F I,1,282.77
2025-10-01,10:08:50.797140336,T,IBM,F I,30,282.85
2025-10-01,10:08:50.797143636,T,IBM,F I,68,282.85
2025-10-01,10:08:56.598590408,T,IBM,F,100,282.86
2025-10-01,10:09:25.078647737,T,IBM,F,100,282.88
2025-10-01,10:09:25.078647737,T,IBM,F I,12,282.9
2025-10-01,10:09:25.078668863,T,IBM,F I,88,282.9
2025-10-01,10:09:25.078671629,T,IBM,F I,10,282.9
2025-10-01,10:09:25.078671629,T,IBM,F I,2,282.9
2025-10-01,10:09:25.078737738,T,IBM,F I,2,282.9
2025-10-01,10:09:28.571890449,T,IBM,I,6,282.95
2025-10-01,10:09:28.571890449,T,IBM,I,5,282.95
2025-10-01,10:09:28.571892699,T,IBM,I,7,282.95
2025-10-01,10:09:28.574857822,T,IBM,F I,20,282.99
2025-10-01,10:09:28.574857822,T,IBM,F I,80,283.0
2025-10-01,10:09:28.574878968,T,IBM,I,1,283.0
2025-10-01,10:09:28.574878968,T,IBM,I,19,283.0
2025-10-01,10:09:28.575092723,T,IBM,F I,4,282.96
2025-10-01,10:09:28.849673029,T,IBM,,100,282.88
2025-10-01,10:09:42.523023645,T,IBM,I,1,282.84
2025-10-01,10:09:42.523042257,T,IBM,F I,44,282.84
2025-10-01,10:10:00.096355727,T,IBM,F,100,282.78
2025-10-01,10:10:19.691719533,T,IBM,I,5,282.7
2025-10-01,10:10:20.717918567,T,IBM,I,45,282.75
2025-10-01,10:10:32.629735463,T,IBM,F I,5,282.7
2025-10-01,10:10:32.629750498,T,IBM,F I,90,282.7
2025-10-01,10:10:32.629753568,T,IBM,F,100,282.69
2025-10-01,10:10:32.629756501,T,IBM,F I,5,282.68
2025-10-01,10:10:32.867328110,T,IBM,,100,282.705
2025-10-01,10:10:37.864862486,T,IBM,,100,282.705
2025-10-01,10:10:42.778340755,T,IBM,F,100,282.68
2025-10-01,10:10:42.778388977,T,IBM,F,100,282.67
2025-10-01,10:10:45.227527669,T,IBM,F I,5,282.78
2025-10-01,10:10:45.227527669,T,IBM,F I,2,282.79
2025-10-01,10:10:45.227531128,T,IBM,F I,2,282.79
2025-10-01,10:10:45.227531128,T,IBM,F I,2,282.8
2025-10-01,10:10:45.227534402,T,IBM,F I,45,282.8
2025-10-01,10:10:45.227534402,T,IBM,F I,2,282.81
2025-10-01,10:10:45.227536440,T,IBM,F I,42,282.82
2025-10-01,10:10:45.228751304,T,IBM,,100,282.72
2025-10-01,10:10:45.235899292,T,IBM,,100,282.72
2025-10-01,10:10:45.236960824,T,IBM,,100,282.72
2025-10-01,10:10:51.752716684,T,IBM,I,2,282.79
2025-10-01,10:10:51.752719688,T,IBM,I,2,282.77
2025-10-01,10:10:51.752719688,T,IBM,I,2,282.76
2025-10-01,10:10:51.752722630,T,IBM,I,94,282.705
2025-10-01,10:10:56.525297344,T,IBM,F,100,282.65
2025-10-01,10:10:56.525312754,T,IBM,F I,2,282.64
2025-10-01,10:10:56.525315456,T,IBM,F I,23,282.64
2025-10-01,10:10:56.525363536,T,IBM,F I,3,282.61
2025-10-01,10:10:56.553495481,T,IBM,I,50,282.66
2025-10-01,10:11:02.880906917,T,IBM,F,100,282.73
2025-10-01,10:11:16.338704177,T,IBM,F,100,282.83
2025-10-01,10:11:16.338704177,T,IBM,F I,24,282.83
2025-10-01,10:11:16.338707216,T,IBM,F I,3,282.83
2025-10-01,10:11:16.338722205,T,IBM,I,1,282.83
2025-10-01,10:11:16.338728176,T,IBM,F I,51,282.83
2025-10-01,10:11:16.338731263,T,IBM,F I,6,282.83
2025-10-01,10:11:16.350961398,T,IBM,F,100,282.78
2025-10-01,10:11:16.351066641,T,IBM,F,100,282.77
2025-10-01,10:11:19.501504935,T,IBM,F I,5,282.72
2025-10-01,10:11:19.501507680,T,IBM,F I,4,282.72
2025-10-01,10:11:19.501558796,T,IBM,F,100,282.72
2025-10-01,10:11:33.210844741,T,IBM,I,45,282.72
2025-10-01,10:11:33.210844741,T,IBM,I,55,282.72
2025-10-01,10:11:33.700506470,T,IBM,F,100,282.725
2025-10-01,10:11:42.474085299,T,IBM,I,11,282.61
2025-10-01,10:11:42.474208586,T,IBM,I,11,282.61
2025-10-01,10:11:42.474382958,T,IBM,F I,5,282.52
2025-10-01,10:11:42.474382958,T,IBM,F I,8,282.52
2025-10-01,10:11:42.474449222,T,IBM,I,38,282.61
2025-10-01,10:11:42.474539362,T,IBM,I,12,282.62
2025-10-01,10:11:42.476767682,T,IBM,F I,2,282.63
2025-10-01,10:11:42.476767682,T,IBM,F I,2,282.61
2025-10-01,10:11:42.476774057,T,IBM,F I,2,282.61
2025-10-01,10:11:42.476774057,T,IBM,F I,78,282.6
2025-10-01,10:11:42.476774057,T,IBM,F I,5,282.6
2025-10-01,10:11:42.476777244,T,IBM,F I,2,282.6
2025-10-01,10:11:42.476780076,T,IBM,F I,2,282.6
2025-10-01,10:11:42.476782756,T,IBM,F I,1,282.6
2025-10-01,10:11:42.476782756,T,IBM,F I,3,282.6
2025-10-01,10:11:42.476785698,T,IBM,F I,2,282.6
2025-10-01,10:11:53.686106240,T,IBM,F,100,282.46
2025-10-01,10:11:53.686106240,T,IBM,F I,5,282.46
2025-10-01,10:11:53.686148302,T,IBM,F,100,282.46
2025-10-01,10:11:53.706717302,T,IBM,I,30,282.44
2025-10-01,10:11:53.706720358,T,IBM,I,51,282.42
2025-10-01,10:11:53.706741397,T,IBM,F I,30,282.42
2025-10-01,10:11:53.706906743,T,IBM,F I,45,282.4
2025-10-01,10:11:53.706909784,T,IBM,F I,5,282.4
2025-10-01,10:11:53.738445793,T,IBM,F I,1,282.36
2025-10-01,10:11:53.738470262,T,IBM,F,100,282.35
2025-10-01,10:11:53.738698449,T,IBM,I,35,282.4
2025-10-01,10:11:53.738770572,T,IBM,I,4,282.39
2025-10-01,10:11:53.738827795,T,IBM,I,5,282.37
2025-10-01,10:11:53.775515099,T,IBM,F I,25,282.33
2025-10-01,10:11:53.775515099,T,IBM,F,100,282.32
2025-10-01,10:11:53.775518078,T,IBM,F I,75,282.32
2025-10-01,10:11:53.775533115,T,IBM,I,1,282.32
2025-10-01,10:11:53.787727230,T,IBM,I,24,282.32
2025-10-01,10:11:56.999956337,T,IBM,F I,81,282.32
2025-10-01,10:11:57.000245090,T,IBM,F I,19,282.32
2025-10-01,10:11:57.000248064,T,IBM,F I,62,282.31
2025-10-01,10:11:57.000263185,T,IBM,I,2,282.31
2025-10-01,10:11:57.000263185,T,IBM,I,17,282.31
2025-10-01,10:11:57.000428545,T,IBM,I,21,282.37
2025-10-01,10:11:57.221006606,T,IBM,I,21,282.31
2025-10-01,10:11:57.221010081,T,IBM,I,21,282.31
2025-10-01,10:11:57.221010081,T,IBM,I,32,282.31
2025-10-01,10:11:57.221027661,T,IBM,I,1,282.31
2025-10-01,10:11:59.476962331,T,IBM,F,100,282.28
2025-10-01,10:11:59.476965356,T,IBM,F I,6,282.28
2025-10-01,10:11:59.477233376,T,IBM,F I,19,282.28
2025-10-01,10:11:59.477236121,T,IBM,F I,87,282.27
2025-10-01,10:11:59.477259961,T,IBM,I,1,282.27
2025-10-01,10:11:59.477259961,T,IBM,F I,12,282.27
2025-10-01,10:11:59.477262966,T,IBM,F I,5,282.27
2025-10-01,10:11:59.477266088,T,IBM,F I,1,282.27
2025-10-01,10:11:59.477266088,T,IBM,F I,19,282.27
2025-10-01,10:11:59.477287125,T,IBM,F I,19,282.27
2025-10-01,10:11:59.477308176,T,IBM,I,2,282.27
2025-10-01,10:11:59.477398361,T,IBM,I,21,282.32
2025-10-01,10:11:59.477455419,T,IBM,I,21,282.33
2025-10-01,10:12:02.206025244,T,IBM,F I,46,282.28
2025-10-01,10:12:02.206082419,T,IBM,F I,46,282.28
2025-10-01,10:12:02.237678949,T,IBM,F I,20,282.27
2025-10-01,10:12:02.237681671,T,IBM,F I,21,282.27
2025-10-01,10:12:02.237681671,T,IBM,F I,5,282.27
2025-10-01,10:12:02.244011751,T,IBM,,100,282.24
2025-10-01,10:12:02.244998074,T,IBM,F,100,282.23
2025-10-01,10:12:02.286454829,T,IBM,F I,6,282.19
2025-10-01,10:12:02.286502889,T,IBM,F I,6,282.19
2025-10-01,10:12:02.286547982,T,IBM,F I,6,282.19
2025-10-01,10:12:02.286593431,T,IBM,F I,6,282.19
2025-10-01,10:12:02.286635140,T,IBM,F I,6,282.19
2025-10-01,10:12:02.286680354,T,IBM,F I,6,282.19
2025-10-01,10:12:02.291588017,T,IBM,F I,6,282.18
2025-10-01,10:12:02.296462625,T,IBM,I,21,282.21
2025-10-01,10:12:02.296781321,T,IBM,F I,20,282.18
2025-10-01,10:12:02.297151247,T,IBM,I,2,282.21
2025-10-01,10:12:02.297223457,T,IBM,F I,2,282.18
2025-10-01,10:12:02.297454938,T,IBM,F I,21,282.18
2025-10-01,10:12:02.297521105,T,IBM,F I,7,282.18
2025-10-01,10:12:02.297677519,T,IBM,I,14,282.21
2025-10-01,10:12:02.298128523,T,IBM,F I,14,282.18
2025-10-01,10:12:02.298390218,T,IBM,I,8,282.24
2025-10-01,10:12:02.305399906,T,IBM,F I,5,282.2
2025-10-01,10:12:02.305399906,T,IBM,F I,2,282.19
2025-10-01,10:12:02.305402826,T,IBM,F I,8,282.18
2025-10-01,10:12:02.410199385,T,IBM,F I,7,282.18
2025-10-01,10:12:47.440531738,T,IBM,F I,9,282.22
2025-10-01,10:12:47.831910376,T,IBM,F I,81,282.29
2025-10-01,10:12:47.831910376,T,IBM,F I,19,282.29
2025-10-01,10:12:47.831913424,T,IBM,F I,4,282.29
2025-10-01,10:12:47.831916458,T,IBM,F I,15,282.29
2025-10-01,10:12:47.831919494,T,IBM,I,63,282.29
2025-10-01,10:12:47.831925506,T,IBM,,100,282.29
2025-10-01,10:12:47.832400620,T,IBM,F,100,282.3
2025-10-01,10:12:47.832406590,T,IBM,F I,60,282.29
2025-10-01,10:12:47.832427616,T,IBM,F I,40,282.29
2025-10-01,10:13:14.662363246,T,IBM,F I,1,282.14
2025-10-01,10:13:14.662381334,T,IBM,F I,1,282.14
2025-10-01,10:13:14.662393508,T,IBM,F I,98,282.14
2025-10-01,10:13:14.662393508,T,IBM,F I,1,282.13
2025-10-01,10:13:14.662396341,T,IBM,F I,1,282.13
2025-10-01,10:13:14.662408369,T,IBM,F I,1,282.13
2025-10-01,10:13:14.662468518,T,IBM,F I,98,282.13
2025-10-01,10:13:34.226079779,T,IBM,F,100,282.1
2025-10-01,10:13:34.226079779,T,IBM,F I,76,282.09
2025-10-01,10:13:48.932560867,T,IBM,F I,17,282.07
2025-10-01,10:13:48.932563700,T,IBM,F I,17,282.07
2025-10-01,10:13:48.932575802,T,IBM,F I,17,282.07
2025-10-01,10:13:48.932587852,T,IBM,F I,17,282.07
2025-10-01,10:13:50.056564568,T,IBM,F I,5,282.08
2025-10-01,10:13:50.056567621,T,IBM,F I,2,282.09
2025-10-01,10:13:50.056571028,T,IBM,F I,2,282.09
2025-10-01,10:13:50.056594690,T,IBM,F I,51,282.15
2025-10-01,10:13:50.056597707,T,IBM,F I,2,282.15
2025-10-01,10:13:50.056645819,T,IBM,F,100,282.15
2025-10-01,10:13:50.056645819,T,IBM,F I,13,282.15
2025-10-01,10:13:50.056648850,T,IBM,F I,42,282.19
2025-10-01,10:13:50.056711961,T,IBM,I,13,282.15
2025-10-01,10:13:51.183768091,T,IBM,I,7,282.25
2025-10-01,10:13:51.183768091,T,IBM,I,9,282.25
2025-10-01,10:13:51.184125966,T,IBM,F I,1,282.29
2025-10-01,10:13:51.184128980,T,IBM,F I,2,282.29
2025-10-01,10:13:51.184132425,T,IBM,F I,1,282.29
2025-10-01,10:13:51.184132425,T,IBM,I,56,282.29
2025-10-01,10:13:51.185674622,T,IBM,I,10,282.32
2025-10-01,10:13:51.185701727,T,IBM,F I,10,282.33
2025-10-01,10:13:51.186399295,T,IBM,F,100,282.36
2025-10-01,10:13:51.186679271,T,IBM,I,10,282.36
2025-10-01,10:13:51.186679271,T,IBM,I,10,282.36
2025-10-01,10:13:51.186685181,T,IBM,I,3,282.36
2025-10-01,10:13:51.186685181,T,IBM,I,2,282.36
2025-10-01,10:13:51.186685181,T,IBM,I,12,282.36
2025-10-01,10:13:51.186687973,T,IBM,I,4,282.36
2025-10-01,10:13:53.937315254,T,IBM,I,2,282.25
2025-10-01,10:13:53.937315254,T,IBM,I,2,282.25
2025-10-01,10:13:53.937318374,T,IBM,I,2,282.25
2025-10-01,10:13:53.937321663,T,IBM,I,5,282.24
2025-10-01,10:13:53.937321663,T,IBM,I,45,282.23
2025-10-01,10:13:53.937324300,T,IBM,I,13,282.225
2025-10-01,10:13:53.943275430,T,IBM,,100,282.235
2025-10-01,10:13:53.943299550,T,IBM,F,100,282.235
2025-10-01,10:14:25.181168482,T,IBM,F I,2,282.31
2025-10-01,10:14:25.181171227,T,IBM,F I,5,282.32
2025-10-01,10:14:25.181232154,T,IBM,F,100,282.33
2025-10-01,10:14:26.708296751,T,IBM,F I,2,282.33
2025-10-01,10:14:32.530610665,T,IBM,I,5,282.32
2025-10-01,10:14:32.531855729,T,IBM,I,5,282.285
2025-10-01,10:14:40.927431575,T,IBM,I,8,282.285
2025-10-01,10:14:44.344715862,T,IBM,F I,51,282.24
2025-10-01,10:14:44.345284227,T,IBM,F I,5,282.18
2025-10-01,10:14:44.345287334,T,IBM,F I,1,282.18
2025-10-01,10:14:44.354420009,T,IBM,F,100,282.17
2025-10-01,10:14:44.354420009,T,IBM,F I,1,282.17
2025-10-01,10:14:44.518454508,T,IBM,I,2,282.17
2025-10-01,10:14:44.518457536,T,IBM,I,2,282.18
2025-10-01,10:14:44.518472461,T,IBM,F I,1,282.18
2025-10-01,10:14:44.518496576,T,IBM,I,97,282.18
2025-10-01,10:14:44.518496576,T,IBM,I,1,282.18
2025-10-01,10:14:44.518499566,T,IBM,I,1,282.18
2025-10-01,10:15:00.109232718,T,IBM,F I,3,282.1
2025-10-01,10:15:00.109239193,T,IBM,F,100,282.09
2025-10-01,10:15:00.109239193,T,IBM,F I,2,282.09
2025-10-01,10:15:00.109241739,T,IBM,F,100,282.08
2025-10-01,10:15:00.109245073,T,IBM,F I,5,282.08
2025-10-01,10:15:00.109289841,T,IBM,,100,282.08
2025-10-01,10:15:09.076244189,T,IBM,I,4,282.21
2025-10-01,10:15:09.076247132,T,IBM,I,8,282.21
2025-10-01,10:15:09.076247132,T,IBM,I,3,282.21
2025-10-01,10:15:24.625069491,T,IBM,,100,282.175
2025-10-01,10:15:28.019487434,T,IBM,F I,77,282.06
2025-10-01,10:15:42.950813847,T,IBM,I,15,282.18
2025-10-01,10:15:42.950813847,T,IBM,I,8,282.18
2025-10-01,10:15:42.950817097,T,IBM,I,1,282.18
2025-10-01,10:15:59.361382818,T,IBM,F,100,282.15
2025-10-01,10:16:51.162147594,T,IBM,F I,6,282.22
2025-10-01,10:16:51.463452901,T,IBM,I,45,282.19
2025-10-01,10:16:51.463452901,T,IBM,I,55,282.18
2025-10-01,10:16:51.565206138,T,IBM,I,39,282.19
2025-10-01,10:16:51.565227181,T,IBM,F I,61,282.18
2025-10-01,10:17:01.225397903,T,IBM,I,13,282.17
2025-10-01,10:17:08.032009134,T,IBM,F I,2,282.06
2025-10-01,10:17:08.032105268,T,IBM,F I,2,282.05
2025-10-01,10:17:09.415861607,T,IBM,F I,10,282.14
2025-10-01,10:17:09.415867545,T,IBM,F I,10,282.14
2025-10-01,10:17:09.415874203,T,IBM,I,10,282.14
2025-10-01,10:17:09.415900634,T,IBM,F I,70,282.14
2025-10-01,10:17:09.415900634,T,IBM,F I,87,282.16
2025-10-01,10:17:10.825037368,T,IBM,,100,282.165
2025-10-01,10:17:10.849136730,T,IBM,F,100,282.165
2025-10-01,10:17:16.954093466,T,IBM,F I,13,282.12
2025-10-01,10:17:24.139642853,T,IBM,F I,2,282.15
2025-10-01,10:17:24.139892639,T,IBM,F I,1,282.11
2025-10-01,10:17:24.139892639,T,IBM,F I,1,282.1
2025-10-01,10:17:24.139895391,T,IBM,F I,1,282.1
2025-10-01,10:17:24.837231733,T,IBM,F I,10,282.06
2025-10-01,10:17:24.837234701,T,IBM,F I,81,282.06
2025-10-01,10:17:24.837234701,T,IBM,F I,9,282.06
2025-10-01,10:17:24.837301567,T,IBM,F I,1,282.06
2025-10-01,10:17:24.837304093,T,IBM,F I,99,282.05
2025-10-01,10:17:24.837306725,T,IBM,F I,1,282.05
2025-10-01,10:17:24.837349614,T,IBM,F I,96,282.04
2025-10-01,10:17:24.837349614,T,IBM,F I,5,282.04
2025-10-01,10:17:24.837385314,T,IBM,F I,77,282.03
2025-10-01,10:17:24.838040473,T,IBM,F I,2,282.0
2025-10-01,10:17:24.838043523,T,IBM,F I,20,282.0
2025-10-01,10:17:24.838115637,T,IBM,F I,1,281.98
2025-10-01,10:17:24.838115637,T,IBM,F I,8,281.98
2025-10-01,10:17:24.838178981,T,IBM,F I,39,281.97
2025-10-01,10:17:24.838178981,T,IBM,F I,61,281.97
2025-10-01,10:17:24.840422168,T,IBM,I,19,282.0
2025-10-01,10:17:24.840464316,T,IBM,F I,7,282.0
2025-10-01,10:17:26.151290932,T,IBM,F I,17,281.92
2025-10-01,10:17:26.151311934,T,IBM,I,83,281.92
2025-10-01,10:17:26.151311934,T,IBM,I,5,281.92
2025-10-01,10:17:26.151435671,T,IBM,F I,7,281.91
2025-10-01,10:17:27.093124060,T,IBM,F I,5,281.87
2025-10-01,10:17:28.962753089,T,IBM,F I,20,281.84
2025-10-01,10:17:28.962783143,T,IBM,I,10,281.84
2025-10-01,10:17:32.962181378,T,IBM,I,18,281.84
2025-10-01,10:17:33.968623307,T,IBM,F I,30,281.84
2025-10-01,10:17:37.285988891,T,IBM,,100,281.92
2025-10-01,10:17:37.286013740,T,IBM,I,13,281.92
2025-10-01,10:17:37.286253533,T,IBM,F I,5,281.93
2025-10-01,10:17:37.286253533,T,IBM,F I,8,281.93
2025-10-01,10:17:37.289122310,T,IBM,,100,281.925
2025-10-01,10:17:37.297467349,T,IBM,,100,281.925
2025-10-01,10:17:37.308386164,T,IBM,,100,281.925
2025-10-01,10:17:37.321482345,T,IBM,I,95,281.925
2025-10-01,10:17:40.725042069,T,IBM,F I,1,282.01
2025-10-01,10:17:40.725042069,T,IBM,F I,4,282.01
2025-10-01,10:17:40.725048115,T,IBM,I,5,282.02
2025-10-01,10:17:40.725048115,T,IBM,I,49,282.02
2025-10-01,10:17:40.725066109,T,IBM,I,1,282.02
2025-10-01,10:17:40.725091051,T,IBM,F I,45,282.02
2025-10-01,10:17:40.725094106,T,IBM,F I,10,282.02
2025-10-01,10:17:40.725099255,T,IBM,F I,6,282.02
2025-10-01,10:17:40.725102209,T,IBM,F I,1,282.02
2025-10-01,10:17:40.725339781,T,IBM,F I,8,282.03
2025-10-01,10:17:40.734027488,T,IBM,F I,2,282.02
2025-10-01,10:17:51.253950966,T,IBM,F I,1,282.11
2025-10-01,10:17:55.540060840,T,IBM,I,1,282.12
2025-10-01,10:17:59.815967395,T,IBM,I,5,282.01
2025-10-01,10:19:10.356245889,T,IBM,F,100,282.11
2025-10-01,10:19:10.356250546,T,IBM,F I,24,282.12
2025-10-01,10:19:10.356250546,T,IBM,F I,5,282.12
2025-10-01,10:19:10.356271758,T,IBM,F I,95,282.12
2025-10-01,10:19:10.356274661,T,IBM,F I,5,282.12
2025-10-01,10:19:10.356274661,T,IBM,F,100,282.12
2025-10-01,10:19:10.356582023,T,IBM,F I,3,282.13
2025-10-01,10:19:10.356584277,T,IBM,F I,1,282.13
2025-10-01,10:19:10.356933956,T,IBM,F I,3,282.16
2025-10-01,10:19:10.370236828,T,IBM,F I,5,282.16
2025-10-01,10:19:10.370236828,T,IBM,F I,1,282.15
2025-10-01,10:19:10.370907398,T,IBM,F I,6,282.21
2025-10-01,10:19:10.370907398,T,IBM,F I,3,282.21
2025-10-01,10:19:10.371475762,T,IBM,F I,14,282.22
2025-10-01,10:19:10.371695564,T,IBM,F I,6,282.24
2025-10-01,10:19:10.373036498,T,IBM,F I,91,282.29
2025-10-01,10:19:10.373039662,T,IBM,F I,9,282.29
2025-10-01,10:19:10.373045467,T,IBM,F,100,282.3
2025-10-01,10:19:10.373045467,T,IBM,F I,14,282.3
2025-10-01,10:19:10.373075590,T,IBM,I,62,282.3
2025-10-01,10:19:10.375607581,T,IBM,F I,1,282.33
2025-10-01,10:19:10.375670812,T,IBM,F I,14,282.34
2025-10-01,10:19:10.386069540,T,IBM,F I,2,282.31
2025-10-01,10:19:10.386072526,T,IBM,F I,38,282.29
2025-10-01,10:19:10.397156881,T,IBM,F I,2,282.31
2025-10-01,10:19:10.397156881,T,IBM,F I,2,282.28
2025-10-01,10:19:10.421578078,T,IBM,I,4,282.27
2025-10-01,10:19:11.717762864,T,IBM,F I,1,282.42
2025-10-01,10:19:11.719227348,T,IBM,F,100,282.43
2025-10-01,10:19:11.727948142,T,IBM,F I,5,282.45
2025-10-01,10:19:11.727948142,T,IBM,F I,93,282.46
2025-10-01,10:19:11.727966129,T,IBM,I,1,282.46
2025-10-01,10:19:11.727972147,T,IBM,F I,6,282.46
2025-10-01,10:19:17.040744138,T,IBM,I,2,282.41
2025-10-01,10:19:17.040747334,T,IBM,I,2,282.42
2025-10-01,10:19:17.040750852,T,IBM,I,5,282.42
2025-10-01,10:19:17.040750852,T,IBM,I,2,282.43
2025-10-01,10:19:17.040750852,T,IBM,I,13,282.43
2025-10-01,10:19:17.040753308,T,IBM,I,5,282.43
2025-10-01,10:19:17.040765167,T,IBM,F I,18,282.43
2025-10-01,10:19:17.047215496,T,IBM,F I,5,282.45
2025-10-01,10:19:17.047218582,T,IBM,F I,45,282.49
2025-10-01,10:19:17.047218582,T,IBM,F I,50,282.5
2025-10-01,10:19:17.047236603,T,IBM,I,1,282.5
2025-10-01,10:19:17.047251629,T,IBM,F I,49,282.5
2025-10-01,10:19:17.047251629,T,IBM,F I,1,282.5
2025-10-01,10:19:17.051699185,T,IBM,I,5,282.5
2025-10-01,10:19:17.051699185,T,IBM,I,2,282.5
2025-10-01,10:19:18.273498962,T,IBM,F I,51,282.42
2025-10-01,10:19:33.698405426,T,IBM,,100,282.42
2025-10-01,10:19:33.698426455,T,IBM,F,100,282.43
2025-10-01,10:19:33.698465569,T,IBM,I,2,282.43
2025-10-01,10:19:46.995663212,T,IBM,F I,2,282.37
2025-10-01,10:19:47.362310846,T,IBM,I,5,282.38
2025-10-01,10:19:47.362310846,T,IBM,I,2,282.39
2025-10-01,10:19:47.362313688,T,IBM,I,6,282.4
2025-10-01,10:19:48.752562442,T,IBM,F I,60,282.395
2025-10-01,10:20:00.547479155,T,IBM,I,2,282.29
2025-10-01,10:20:00.547482531,T,IBM,I,2,282.29
2025-10-01,10:20:00.547482531,T,IBM,I,2,282.29
2025-10-01,10:20:00.547488440,T,IBM,I,5,282.28
2025-10-01,10:20:00.547488440,T,IBM,I,2,282.28
2025-10-01,10:20:00.547488440,T,IBM,,100,282.27
2025-10-01,10:20:00.547491185,T,IBM,I,78,282.26
2025-10-01,10:20:00.547503286,T,IBM,I,1,282.26
2025-10-01,10:20:01.096243710,T,IBM,F I,21,282.26
2025-10-01,10:20:01.096243710,T,IBM,F I,6,282.26
2025-10-01,10:20:01.096246728,T,IBM,F I,80,282.26
2025-10-01,10:20:01.096246728,T,IBM,F I,5,282.26
2025-10-01,10:20:01.096288683,T,IBM,F,100,282.26
2025-10-01,10:20:01.097524608,T,IBM,F I,5,282.26
2025-10-01,10:20:05.020829678,T,IBM,F I,2,282.32
2025-10-01,10:20:10.595392886,T,IBM,F I,2,282.27
2025-10-01,10:20:17.307498128,T,IBM,F I,14,282.2
2025-10-01,10:20:31.033792887,T,IBM,F I,15,282.28
2025-10-01,10:20:33.039838450,T,IBM,F I,15,282.28
2025-10-01,10:20:33.047326263,T,IBM,I,10,282.29
2025-10-01,10:20:33.047329249,T,IBM,I,5,282.29
2025-10-01,10:20:33.052110665,T,IBM,F I,20,282.32
2025-10-01,10:20:33.052114107,T,IBM,F I,36,282.33
2025-10-01,10:20:33.052132132,T,IBM,F I,64,282.33
2025-10-01,10:20:33.052134770,T,IBM,F I,60,282.33
2025-10-01,10:20:33.117152477,T,IBM,I,26,282.32
2025-10-01,10:20:42.237270373,T,IBM,I,1,282.44
2025-10-01,10:20:42.238861175,T,IBM,F,100,282.44
2025-10-01,10:20:42.238861175,T,IBM,F I,12,282.45
2025-10-01,10:20:42.646313202,T,IBM,F I,4,282.45
2025-10-01,10:20:46.010485161,T,IBM,I,1,282.415
2025-10-01,10:21:00.353557066,T,IBM,F I,13,282.46
2025-10-01,10:21:12.152894568,T,IBM,F I,12,282.4
2025-10-01,10:21:12.152900362,T,IBM,F I,5,282.4
2025-10-01,10:21:12.153270276,T,IBM,F I,51,282.45
2025-10-01,10:21:12.153273608,T,IBM,F I,49,282.45
2025-10-01,10:21:12.153276981,T,IBM,F I,51,282.45
2025-10-01,10:21:12.153279224,T,IBM,F I,49,282.46
2025-10-01,10:21:12.153366485,T,IBM,F I,51,282.46
2025-10-01,10:21:15.494662988,T,IBM,I,89,282.37
2025-10-01,10:21:33.390151783,T,IBM,F I,5,282.34
2025-10-01,10:21:33.390155374,T,IBM,F I,2,282.34
2025-10-01,10:21:33.390157847,T,IBM,F I,25,282.34
2025-10-01,10:21:33.390160975,T,IBM,F I,1,282.34
2025-10-01,10:21:33.390164091,T,IBM,F,100,282.34
2025-10-01,10:21:33.390164091,T,IBM,F I,12,282.34
2025-10-01,10:21:34.110528757,T,IBM,F I,1,282.3
2025-10-01,10:21:47.512780858,T,IBM,F I,8,282.39
2025-10-01,10:21:47.512780858,T,IBM,F I,2,282.42
2025-10-01,10:21:47.512796045,T,IBM,F I,3,282.42
2025-10-01,10:21:47.512796045,T,IBM,F I,5,282.42
2025-10-01,10:21:47.512862356,T,IBM,F,100,282.43
2025-10-01,10:21:47.512862356,T,IBM,F I,11,282.43
2025-10-01,10:21:47.513493501,T,IBM,I,6,282.43
2025-10-01,10:21:47.514407685,T,IBM,F,100,282.42
2025-10-01,10:21:49.011569937,T,IBM,F I,2,282.39
2025-10-01,10:21:54.093187547,T,IBM,I,45,282.35
2025-10-01,10:22:02.782641076,T,IBM,F,100,282.28
