DATE,TIME_M,EX,SYM_ROOT,TR_SCOND,SIZE,PRICE
2025-10-15,9:30:01.461625544,T,IBM,F I,1,277.95
2025-10-15,9:30:01.461646557,T,IBM,Q,1,277.95
2025-10-15,9:30:01.461784884,T,IBM,I,43,277.95
2025-10-15,9:30:01.461811911,T,IBM,I,1,277.95
2025-10-15,9:30:02.166615623,T,IBM,F I,1,277.51
2025-10-15,9:30:02.166618068,T,IBM,F I,1,277.51
2025-10-15,9:30:02.166620881,T,IBM,F I,1,277.49
2025-10-15,9:30:02.211954983,T,IBM,,2000,277.5
2025-10-15,9:30:02.211956928,T,IBM,,286,277.5
2025-10-15,9:30:02.211959797,T,IBM,,100,277.51
2025-10-15,9:30:03.024220634,T,IBM,F I,1,277.2
2025-10-15,9:30:03.024220634,T,IBM,F I,1,277.16
2025-10-15,9:30:03.024815935,T,IBM,F I,25,277.07
2025-10-15,9:30:03.024818996,T,IBM,F I,1,277.07
2025-10-15,9:30:03.043658886,T,IBM,F I,55,277.02
2025-10-15,9:30:03.140606797,T,IBM,I,1,277.23
2025-10-15,9:30:04.743049638,T,IBM,,100,277.06
2025-10-15,9:30:04.743052662,T,IBM,I,1,277.06
2025-10-15,9:30:05.065281815,T,IBM,I,4,277.3
2025-10-15,9:30:05.065288106,T,IBM,I,3,277.33
2025-10-15,9:30:05.065290828,T,IBM,I,5,277.34
2025-10-15,9:30:05.065294068,T,IBM,,100,277.51
2025-10-15,9:30:05.065294068,T,IBM,I,32,277.55
2025-10-15,9:30:05.065297401,T,IBM,,100,277.57
2025-10-15,9:30:05.065297401,T,IBM,I,3,277.57
2025-10-15,9:30:05.065300467,T,IBM,I,25,277.57
2025-10-15,9:30:05.065312727,T,IBM,F I,75,277.57
2025-10-15,9:30:05.065314855,T,IBM,F I,58,277.57
2025-10-15,9:30:05.065318232,T,IBM,I,1,277.57
2025-10-15,9:30:05.087989275,T,IBM,I,5,277.46
2025-10-15,9:30:05.087989275,T,IBM,I,5,277.43
2025-10-15,9:30:05.087991883,T,IBM,I,5,277.42
2025-10-15,9:30:05.087991883,T,IBM,I,5,277.41
2025-10-15,9:30:05.087994797,T,IBM,I,80,277.29
2025-10-15,9:30:05.316974981,T,IBM,I,5,277.34
2025-10-15,9:30:05.316974981,T,IBM,I,5,277.33
2025-10-15,9:30:05.316978515,T,IBM,I,5,277.3
2025-10-15,9:30:05.316978515,T,IBM,I,32,277.29
2025-10-15,9:30:05.316980990,T,IBM,I,53,277.28
2025-10-15,9:30:05.316993013,T,IBM,I,1,277.28
2025-10-15,9:30:05.317029115,T,IBM,I,46,277.28
2025-10-15,9:30:05.317029115,T,IBM,I,1,277.28
2025-10-15,9:30:06.024707488,T,IBM,I,5,277.42
2025-10-15,9:30:06.024707488,T,IBM,I,5,277.47
2025-10-15,9:30:06.024710834,T,IBM,I,4,277.49
2025-10-15,9:30:06.024710834,T,IBM,I,4,277.5
2025-10-15,9:30:06.024715825,T,IBM,,100,277.57
2025-10-15,9:30:06.024715825,T,IBM,I,82,277.57
2025-10-15,9:30:06.042151362,T,IBM,I,18,277.57
2025-10-15,9:30:06.042151362,T,IBM,I,82,277.57
2025-10-15,9:30:06.042157399,T,IBM,F I,18,277.57
2025-10-15,9:30:06.042157399,T,IBM,F,100,277.57
2025-10-15,9:30:06.042199449,T,IBM,F,100,277.57
2025-10-15,9:30:06.042220550,T,IBM,,100,277.56
2025-10-15,9:30:06.042566270,T,IBM,F I,1,277.62
2025-10-15,9:30:06.042608426,T,IBM,F,100,277.57
2025-10-15,9:30:08.140946895,T,IBM,F I,29,277.99
2025-10-15,9:30:08.140964990,T,IBM,I,1,277.99
2025-10-15,9:30:08.141022117,T,IBM,F I,12,277.99
2025-10-15,9:30:08.141148428,T,IBM,F I,58,277.99
2025-10-15,9:30:08.141151651,T,IBM,F,100,277.99
2025-10-15,9:30:08.141151651,T,IBM,F,100,277.99
2025-10-15,9:30:10.294647313,T,IBM,F I,5,278.1
2025-10-15,9:30:10.294650309,T,IBM,F I,5,278.17
2025-10-15,9:30:10.294650309,T,IBM,F I,8,278.19
2025-10-15,9:30:10.294893942,T,IBM,F I,18,278.21
2025-10-15,9:30:28.654352626,T,IBM,,100,278.155
2025-10-15,9:30:30.402772117,T,IBM,,100,278.155
2025-10-15,9:30:32.017132828,T,IBM,I,10,277.78
2025-10-15,9:30:32.017613772,T,IBM,I,32,277.75
2025-10-15,9:30:32.017616659,T,IBM,I,1,277.74
2025-10-15,9:30:32.018142857,T,IBM,I,10,277.73
2025-10-15,9:30:32.018148925,T,IBM,I,10,277.73
2025-10-15,9:30:32.018410477,T,IBM,F I,10,277.73
2025-10-15,9:30:32.018416498,T,IBM,I,10,277.73
2025-10-15,9:30:32.018416498,T,IBM,I,10,277.73
2025-10-15,9:30:32.018437620,T,IBM,I,50,277.73
2025-10-15,9:30:32.018440640,T,IBM,I,10,277.72
2025-10-15,9:30:38.119864272,T,IBM,I,5,277.66
2025-10-15,9:30:38.119867380,T,IBM,I,5,277.68
2025-10-15,9:30:38.119870391,T,IBM,,100,277.72
2025-10-15,9:30:38.119870391,T,IBM,I,1,277.72
2025-10-15,9:30:38.119873368,T,IBM,I,89,277.73
2025-10-15,9:30:38.119888352,T,IBM,F,111,277.73
2025-10-15,9:30:38.119891487,T,IBM,F I,39,277.73
2025-10-15,9:30:38.119891487,T,IBM,I,1,277.73
2025-10-15,9:30:38.119897355,T,IBM,,199,277.73
2025-10-15,9:30:38.119906680,T,IBM,I,61,277.73
2025-10-15,9:30:38.119964339,T,IBM,,100,277.73
2025-10-15,9:30:38.119964339,T,IBM,,100,277.73
2025-10-15,9:30:38.119967099,T,IBM,,100,277.73
2025-10-15,9:30:38.120012040,T,IBM,,300,277.73
2025-10-15,9:30:38.120012040,T,IBM,I,40,277.73
2025-10-15,9:30:38.120026724,T,IBM,F,100,277.725
2025-10-15,9:30:38.120234231,T,IBM,,100,277.72
2025-10-15,9:30:46.566688787,T,IBM,,100,277.79
2025-10-15,9:30:46.566706840,T,IBM,I,2,277.79
2025-10-15,9:30:46.566706840,T,IBM,I,1,277.79
2025-10-15,9:30:46.566749560,T,IBM,F I,97,277.79
2025-10-15,9:30:46.566752330,T,IBM,F,100,277.79
2025-10-15,9:30:50.006951008,T,IBM,,100,277.76
2025-10-15,9:30:53.970320662,T,IBM,F I,32,278.27
2025-10-15,9:30:54.866580708,T,IBM,I,34,277.9
2025-10-15,9:30:54.866580708,T,IBM,I,34,277.9
2025-10-15,9:31:01.983774468,T,IBM,I,5,278.23
2025-10-15,9:31:08.302673067,T,IBM,I,7,278.38
2025-10-15,9:31:33.850232223,T,IBM,F,100,278.64
2025-10-15,9:31:33.850232223,T,IBM,F I,1,278.68
2025-10-15,9:31:33.850234699,T,IBM,F I,20,278.68
2025-10-15,9:31:33.850237694,T,IBM,F,434,278.69
2025-10-15,9:31:33.850754942,T,IBM,,100,278.68
2025-10-15,9:31:33.850754942,T,IBM,I,66,278.69
2025-10-15,9:31:33.850776196,T,IBM,I,1,278.69
2025-10-15,9:31:33.850778951,T,IBM,F I,99,278.69
2025-10-15,9:31:39.186844717,T,IBM,F I,24,278.6
2025-10-15,9:31:42.125136794,T,IBM,F,100,278.76
2025-10-15,9:31:42.127007254,T,IBM,F I,2,278.9
2025-10-15,9:31:42.127007254,T,IBM,F I,8,278.9
2025-10-15,9:31:42.127010221,T,IBM,F I,14,278.9
2025-10-15,9:31:42.136497833,T,IBM,F I,6,279.25
2025-10-15,9:31:42.136500883,T,IBM,F I,14,279.25
2025-10-15,9:31:42.136991082,T,IBM,F I,44,279.34
2025-10-15,9:31:47.511581416,T,IBM,F I,89,279.32
2025-10-15,9:31:47.511587342,T,IBM,F,100,279.34
2025-10-15,9:31:47.511587342,T,IBM,F I,19,279.35
2025-10-15,9:31:47.511591073,T,IBM,F,100,279.35
2025-10-15,9:31:58.263171334,T,IBM,F,100,279.61
2025-10-15,9:31:58.263173912,T,IBM,F I,1,279.61
2025-10-15,9:31:58.263177415,T,IBM,F I,20,279.61
2025-10-15,9:31:58.263177415,T,IBM,F I,19,279.62
2025-10-15,9:31:58.263180631,T,IBM,F,100,279.62
2025-10-15,9:31:58.263183159,T,IBM,F I,89,279.62
2025-10-15,9:31:58.263183159,T,IBM,F I,54,279.62
2025-10-15,9:31:58.263246038,T,IBM,I,1,279.62
2025-10-15,9:32:15.083950324,T,IBM,I,1,279.63
2025-10-15,9:32:24.423525173,T,IBM,F I,15,279.71
2025-10-15,9:32:24.424604775,T,IBM,I,2,279.78
2025-10-15,9:32:24.432330162,T,IBM,,100,279.72
2025-10-15,9:32:24.531464142,T,IBM,I,20,279.99
2025-10-15,9:32:24.531464142,T,IBM,I,3,280.0
2025-10-15,9:32:24.531485244,T,IBM,I,7,280.0
2025-10-15,9:32:24.531488694,T,IBM,I,10,280.0
2025-10-15,9:32:24.531488694,T,IBM,I,15,280.0
2025-10-15,9:32:24.531491293,T,IBM,I,24,280.0
2025-10-15,9:32:24.531500634,T,IBM,I,42,280.0
2025-10-15,9:32:24.531500634,T,IBM,,200,280.0
2025-10-15,9:32:25.424031372,T,IBM,I,5,279.94
2025-10-15,9:32:25.424031372,T,IBM,I,20,279.85
2025-10-15,9:32:29.317397000,T,IBM,F I,1,279.82
2025-10-15,9:32:29.317400084,T,IBM,F I,1,279.77
2025-10-15,9:32:29.317625597,T,IBM,,100,279.82
2025-10-15,9:32:31.392496332,T,IBM,,100,279.68
2025-10-15,9:32:51.547189830,T,IBM,I,10,279.825
2025-10-15,9:32:51.959859993,T,IBM,I,1,279.7
2025-10-15,9:32:51.960099869,T,IBM,F I,7,279.65
2025-10-15,9:32:51.960118189,T,IBM,I,7,279.65
2025-10-15,9:32:51.960118189,T,IBM,I,4,279.65
2025-10-15,9:32:51.960135963,T,IBM,F I,11,279.65
2025-10-15,9:32:54.518888786,T,IBM,I,5,279.92
2025-10-15,9:32:54.518888786,T,IBM,I,95,279.92
2025-10-15,9:32:55.476290338,T,IBM,F I,82,280.0
2025-10-15,9:32:55.476293333,T,IBM,F I,18,280.0
2025-10-15,9:32:55.477113909,T,IBM,F I,89,280.07
2025-10-15,9:32:57.241230846,T,IBM,I,5,280.09
2025-10-15,9:32:57.241230846,T,IBM,I,45,280.07
2025-10-15,9:32:57.241248963,T,IBM,I,30,280.07
2025-10-15,9:32:57.241248963,T,IBM,I,1,280.07
2025-10-15,9:32:57.241251889,T,IBM,I,4,280.07
2025-10-15,9:32:58.466816632,T,IBM,F I,7,280.18
2025-10-15,9:32:58.467024604,T,IBM,I,7,280.2
2025-10-15,9:32:58.467751887,T,IBM,F I,1,280.45
2025-10-15,9:33:02.566248333,T,IBM,I,50,280.28
2025-10-15,9:33:02.566248333,T,IBM,I,53,280.27
2025-10-15,9:33:02.566254291,T,IBM,,100,280.26
2025-10-15,9:33:02.566254291,T,IBM,I,5,280.24
2025-10-15,9:33:02.566257318,T,IBM,I,5,280.24
2025-10-15,9:33:02.566257318,T,IBM,I,5,280.22
2025-10-15,9:33:02.566260361,T,IBM,I,82,280.2
2025-10-15,9:33:03.329230884,T,IBM,I,30,280.075
2025-10-15,9:33:08.403195430,T,IBM,,170,280.075
2025-10-15,9:33:08.424567301,T,IBM,I,6,279.81
2025-10-15,9:33:08.579364122,T,IBM,I,5,279.86
2025-10-15,9:33:08.579366742,T,IBM,I,2,280.08
2025-10-15,9:33:08.579369804,T,IBM,I,15,280.08
2025-10-15,9:33:09.949154725,T,IBM,F I,1,280.0
2025-10-15,9:33:11.220503579,T,IBM,F I,5,280.14
2025-10-15,9:33:11.220506922,T,IBM,F I,5,280.17
2025-10-15,9:33:11.220506922,T,IBM,F I,50,280.19
2025-10-15,9:33:11.220509733,T,IBM,F I,4,280.19
2025-10-15,9:33:11.220512659,T,IBM,F I,35,280.21
2025-10-15,9:33:11.220524618,T,IBM,I,1,280.21
2025-10-15,9:33:11.220587773,T,IBM,I,60,280.21
2025-10-15,9:33:11.220587773,T,IBM,I,2,280.21
2025-10-15,9:33:11.220591091,T,IBM,I,1,280.21
2025-10-15,9:33:18.432378090,T,IBM,I,84,280.22
2025-10-15,9:33:18.432381280,T,IBM,I,5,280.15
2025-10-15,9:33:18.432381280,T,IBM,I,5,280.14
2025-10-15,9:33:18.432383962,T,IBM,I,5,280.13
2025-10-15,9:33:18.432383962,T,IBM,I,1,280.1
2025-10-15,9:33:20.918134805,T,IBM,F I,9,280.37
2025-10-15,9:33:20.918381286,T,IBM,F I,1,280.4
2025-10-15,9:33:20.918393408,T,IBM,F I,8,280.4
2025-10-15,9:33:23.082637218,T,IBM,F I,17,280.5
2025-10-15,9:33:23.082639779,T,IBM,F I,1,280.5
2025-10-15,9:33:23.082696919,T,IBM,F I,3,280.5
2025-10-15,9:33:28.888384890,T,IBM,F I,10,280.54
2025-10-15,9:33:28.888423838,T,IBM,I,2,280.54
2025-10-15,9:33:33.245036654,T,IBM,F I,42,280.5
2025-10-15,9:33:33.245054646,T,IBM,F I,16,280.5
2025-10-15,9:33:33.245057721,T,IBM,F I,1,280.5
2025-10-15,9:33:33.245060708,T,IBM,I,1,280.5
2025-10-15,9:33:53.003428506,T,IBM,I,1,280.57
2025-10-15,9:33:53.003431610,T,IBM,I,2,280.57
2025-10-15,9:33:57.101856389,T,IBM,F I,1,280.71
2025-10-15,9:33:57.101856389,T,IBM,F I,20,280.71
2025-10-15,9:33:57.101861738,T,IBM,F,200,280.72
2025-10-15,9:33:57.102120363,T,IBM,I,40,280.72
2025-10-15,9:33:57.102120363,T,IBM,F I,60,280.72
2025-10-15,9:34:05.700777124,T,IBM,F I,1,280.83
2025-10-15,9:34:05.700980789,T,IBM,I,1,280.9
2025-10-15,9:34:07.927565788,T,IBM,I,8,280.97
2025-10-15,9:34:07.927568663,T,IBM,I,92,280.99
2025-10-15,9:34:15.273334918,T,IBM,F,200,281.0
2025-10-15,9:34:15.273334918,T,IBM,F I,5,281.0
2025-10-15,9:34:15.273340268,T,IBM,F I,5,281.0
2025-10-15,9:34:15.273340268,T,IBM,F I,53,281.0
2025-10-15,9:34:15.285747359,T,IBM,I,5,280.98
2025-10-15,9:34:15.285750628,T,IBM,I,5,280.97
2025-10-15,9:34:15.285753394,T,IBM,I,5,280.9
2025-10-15,9:34:15.285753394,T,IBM,I,85,280.88
2025-10-15,9:34:15.600167110,T,IBM,I,15,280.88
2025-10-15,9:34:18.570963559,T,IBM,I,1,281.1
2025-10-15,9:34:18.570996554,T,IBM,F I,1,281.12
2025-10-15,9:34:20.731297715,T,IBM,I,17,281.13
2025-10-15,9:34:20.731333748,T,IBM,F I,17,281.07
2025-10-15,9:34:20.731360807,T,IBM,F I,17,281.07
2025-10-15,9:34:20.731481236,T,IBM,F I,17,281.07
2025-10-15,9:34:20.731508147,T,IBM,F I,17,281.07
2025-10-15,9:34:20.731517131,T,IBM,F I,30,281.07
2025-10-15,9:34:20.731631395,T,IBM,F I,2,281.07
2025-10-15,9:34:20.731634449,T,IBM,F I,30,281.06
2025-10-15,9:34:20.731769765,T,IBM,F I,11,281.1
2025-10-15,9:34:20.731769765,T,IBM,F I,21,281.15
2025-10-15,9:34:20.731802835,T,IBM,I,8,281.15
2025-10-15,9:34:22.248346813,T,IBM,F I,10,281.24
2025-10-15,9:34:22.248349277,T,IBM,F I,24,281.24
2025-10-15,9:34:22.248352267,T,IBM,F I,65,281.24
2025-10-15,9:34:22.248352267,T,IBM,I,11,281.24
2025-10-15,9:34:22.248385428,T,IBM,F,100,281.24
2025-10-15,9:34:22.249146199,T,IBM,F I,26,281.29
2025-10-15,9:34:22.249609344,T,IBM,I,35,281.4
2025-10-15,9:34:22.249639407,T,IBM,I,31,281.4
2025-10-15,9:34:22.249696451,T,IBM,F I,34,281.4
2025-10-15,9:34:22.249807813,T,IBM,I,1,281.42
2025-10-15,9:34:22.256634009,T,IBM,I,80,281.4
2025-10-15,9:34:22.256634009,T,IBM,I,73,281.4
2025-10-15,9:34:22.256652103,T,IBM,F I,91,281.4
2025-10-15,9:34:22.256655325,T,IBM,I,1,281.4
2025-10-15,9:34:22.256655325,T,IBM,F I,8,281.4
2025-10-15,9:34:22.261863585,T,IBM,,100,281.35
2025-10-15,9:34:22.590867830,T,IBM,I,30,281.3
2025-10-15,9:34:30.025768071,T,IBM,,200,281.335
2025-10-15,9:34:31.467712947,T,IBM,I,14,281.275
2025-10-15,9:34:31.592482995,T,IBM,I,8,281.26
2025-10-15,9:34:31.592916027,T,IBM,I,92,281.26
2025-10-15,9:34:31.718897950,T,IBM,I,5,281.3
2025-10-15,9:34:31.718901540,T,IBM,I,5,281.34
2025-10-15,9:34:31.718904019,T,IBM,I,5,281.37
2025-10-15,9:34:32.491849071,T,IBM,F I,14,281.38
2025-10-15,9:34:35.139499249,T,IBM,I,23,281.39
2025-10-15,9:34:36.097246445,T,IBM,F,300,281.34
2025-10-15,9:34:36.097249419,T,IBM,F I,50,281.42
2025-10-15,9:34:36.097253109,T,IBM,F,100,281.44
2025-10-15,9:34:36.097253109,T,IBM,F I,5,281.44
2025-10-15,9:34:36.097255827,T,IBM,F I,5,281.44
2025-10-15,9:34:36.097258416,T,IBM,F I,25,281.48
2025-10-15,9:34:36.097258416,T,IBM,F I,65,281.49
2025-10-15,9:34:36.097270469,T,IBM,I,1,281.49
2025-10-15,9:34:42.021698836,T,IBM,F I,42,281.48
2025-10-15,9:34:44.511340860,T,IBM,,200,281.36
2025-10-15,9:34:44.511749923,T,IBM,I,1,281.45
2025-10-15,9:34:44.512092690,T,IBM,,100,281.36
2025-10-15,9:34:44.512095671,T,IBM,,100,281.36
2025-10-15,9:34:44.516047159,T,IBM,I,25,281.36
2025-10-15,9:34:44.516047159,T,IBM,I,5,281.35
2025-10-15,9:34:44.516050095,T,IBM,I,13,281.35
2025-10-15,9:34:51.204329873,T,IBM,I,4,281.33
2025-10-15,9:34:51.205764323,T,IBM,I,1,281.28
2025-10-15,9:34:51.205767335,T,IBM,,100,281.28
2025-10-15,9:34:51.206059037,T,IBM,I,21,281.33
2025-10-15,9:34:51.206384106,T,IBM,I,25,281.3
2025-10-15,9:34:51.206386814,T,IBM,I,5,281.29
2025-10-15,9:34:51.206386814,T,IBM,I,22,281.28
2025-10-15,9:34:51.206392830,T,IBM,I,17,281.28
2025-10-15,9:34:51.206407863,T,IBM,I,1,281.29
2025-10-15,9:34:51.206407863,T,IBM,I,1,281.29
2025-10-15,9:34:51.206699520,T,IBM,I,98,281.29
2025-10-15,9:34:51.592166366,T,IBM,F,200,281.35
2025-10-15,9:34:51.592169171,T,IBM,F I,5,281.38
2025-10-15,9:34:51.592169171,T,IBM,F I,95,281.42
2025-10-15,9:34:51.592639632,T,IBM,F I,5,281.42
2025-10-15,9:34:51.592639632,T,IBM,F,100,281.42
2025-10-15,9:34:51.592644291,T,IBM,F I,3,281.42
2025-10-15,9:34:51.592644291,T,IBM,F I,10,281.42
2025-10-15,9:34:51.593191632,T,IBM,I,48,281.42
2025-10-15,9:34:51.594018741,T,IBM,F I,39,281.42
2025-10-15,9:34:51.594021660,T,IBM,F,100,281.42
2025-10-15,9:34:51.594024640,T,IBM,F,161,281.42
2025-10-15,9:34:51.594103001,T,IBM,I,1,281.42
2025-10-15,9:34:51.594105855,T,IBM,F,139,281.42
2025-10-15,9:34:51.598436853,T,IBM,I,83,281.42
2025-10-15,9:34:51.598439572,T,IBM,I,17,281.42
2025-10-15,9:34:51.598442592,T,IBM,I,5,281.42
2025-10-15,9:34:51.598442592,T,IBM,I,78,281.42
2025-10-15,9:34:51.598836019,T,IBM,I,1,281.42
2025-10-15,9:34:51.609003263,T,IBM,F I,50,281.42
2025-10-15,9:34:51.611027037,T,IBM,F I,5,281.42
2025-10-15,9:34:51.622754966,T,IBM,,200,281.33
2025-10-15,9:34:53.060159041,T,IBM,F I,5,281.23
2025-10-15,9:34:53.650076550,T,IBM,I,25,281.205
2025-10-15,9:34:53.698603096,T,IBM,I,25,281.205
2025-10-15,9:34:55.613333401,T,IBM,I,1,281.29
2025-10-15,9:35:01.297303389,T,IBM,I,2,281.215
2025-10-15,9:35:07.547103433,T,IBM,I,8,281.36
2025-10-15,9:35:07.547220757,T,IBM,I,92,281.36
2025-10-15,9:35:07.547840175,T,IBM,I,8,281.37
2025-10-15,9:35:07.548327354,T,IBM,I,6,281.36
2025-10-15,9:35:08.223452683,T,IBM,F I,94,281.36
2025-10-15,9:35:08.223452683,T,IBM,F I,92,281.37
2025-10-15,9:35:08.223458708,T,IBM,F,100,281.37
2025-10-15,9:35:08.223458708,T,IBM,F I,1,281.37
2025-10-15,9:35:08.223461648,T,IBM,F,100,281.37
2025-10-15,9:35:08.224279571,T,IBM,,100,281.36
2025-10-15,9:35:08.244337311,T,IBM,F I,1,281.14
2025-10-15,9:35:08.244337311,T,IBM,F I,1,281.14
2025-10-15,9:35:08.244340376,T,IBM,F I,2,281.13
2025-10-15,9:35:14.805333250,T,IBM,,100,281.22
2025-10-15,9:35:14.847887612,T,IBM,F,100,281.14
2025-10-15,9:35:14.847914612,T,IBM,F I,31,281.13
2025-10-15,9:35:14.847944748,T,IBM,,100,281.14
2025-10-15,9:35:14.847971826,T,IBM,I,1,281.13
2025-10-15,9:35:14.847983777,T,IBM,I,1,281.08
2025-10-15,9:35:14.847983777,T,IBM,I,17,281.06
2025-10-15,9:35:14.848001867,T,IBM,F I,1,281.06
2025-10-15,9:35:14.848573177,T,IBM,F I,26,281.03
2025-10-15,9:35:14.848573177,T,IBM,F I,16,281.03
2025-10-15,9:35:14.848699747,T,IBM,F I,25,281.06
2025-10-15,9:35:14.848702487,T,IBM,F I,25,281.06
2025-10-15,9:35:14.848705486,T,IBM,F I,26,281.06
2025-10-15,9:35:14.861326514,T,IBM,F I,57,281.06
2025-10-15,9:35:14.862722369,T,IBM,,182,281.06
2025-10-15,9:35:18.976849444,T,IBM,I,2,280.97
2025-10-15,9:35:18.976849444,T,IBM,I,2,280.99
2025-10-15,9:35:18.976852612,T,IBM,I,2,281.02
2025-10-15,9:35:18.976852612,T,IBM,I,13,281.04
2025-10-15,9:35:18.977980137,T,IBM,,100,281.05
2025-10-15,9:35:23.379826789,T,IBM,F I,19,281.15
2025-10-15,9:35:23.381125852,T,IBM,F,100,281.12
2025-10-15,9:35:27.645502925,T,IBM,F I,2,281.11
2025-10-15,9:35:30.493622431,T,IBM,F I,81,281.15
2025-10-15,9:35:31.881486541,T,IBM,F I,2,281.06
2025-10-15,9:35:31.881489488,T,IBM,F I,2,281.05
2025-10-15,9:35:34.568422428,T,IBM,I,25,281.09
2025-10-15,9:35:34.721360501,T,IBM,I,25,281.09
2025-10-15,9:35:34.723898519,T,IBM,,120,281.09
2025-10-15,9:35:37.796529597,T,IBM,F I,2,281.06
2025-10-15,9:35:40.340692035,T,IBM,,100,280.96
2025-10-15,9:35:40.340694475,T,IBM,F,100,280.95
2025-10-15,9:35:40.340722464,T,IBM,F I,52,280.95
2025-10-15,9:35:40.340722464,T,IBM,F I,50,280.95
2025-10-15,9:35:40.340724748,T,IBM,F I,98,280.95
2025-10-15,9:35:40.340727512,T,IBM,F I,54,280.95
2025-10-15,9:35:40.340883825,T,IBM,I,27,281.0
2025-10-15,9:35:55.805004394,T,IBM,F I,5,281.12
2025-10-15,9:35:55.805142685,T,IBM,I,5,281.13
2025-10-15,9:35:55.805145845,T,IBM,I,95,281.13
2025-10-15,9:35:55.805149139,T,IBM,F I,5,281.13
2025-10-15,9:36:05.390778198,T,IBM,I,22,281.27
2025-10-15,9:36:05.390796243,T,IBM,I,1,281.27
2025-10-15,9:36:05.390802230,T,IBM,I,77,281.27
2025-10-15,9:36:05.391087991,T,IBM,I,2,281.26
2025-10-15,9:36:05.391114956,T,IBM,F I,98,281.26
2025-10-15,9:36:09.409747247,T,IBM,F,100,281.22
2025-10-15,9:36:09.409774275,T,IBM,F,100,281.16
2025-10-15,9:36:09.409813361,T,IBM,I,85,281.15
2025-10-15,9:36:09.409825368,T,IBM,,100,281.16
2025-10-15,9:36:10.596525519,T,IBM,I,2,281.24
2025-10-15,9:36:10.596525519,T,IBM,I,98,281.27
2025-10-15,9:36:11.364950946,T,IBM,F I,2,281.26
2025-10-15,9:36:11.364950946,T,IBM,F I,2,281.26
2025-10-15,9:36:11.879373646,T,IBM,I,5,281.38
2025-10-15,9:36:12.948560120,T,IBM,F,100,281.28
2025-10-15,9:36:13.752457889,T,IBM,I,5,281.38
2025-10-15,9:36:20.977708159,T,IBM,F I,2,281.3
2025-10-15,9:36:34.621261393,T,IBM,F I,1,281.44
2025-10-15,9:36:34.621439276,T,IBM,F I,1,281.45
2025-10-15,9:36:34.621448309,T,IBM,F I,99,281.45
2025-10-15,9:36:34.621466456,T,IBM,F I,1,281.48
2025-10-15,9:36:34.621845454,T,IBM,,100,281.48
2025-10-15,9:36:34.621943954,T,IBM,I,81,281.37
2025-10-15,9:36:34.621980037,T,IBM,I,81,281.38
2025-10-15,9:36:34.623011554,T,IBM,F I,2,281.41
2025-10-15,9:36:34.623014507,T,IBM,F,100,281.44
2025-10-15,9:36:34.623014507,T,IBM,F I,48,281.46
2025-10-15,9:36:34.678517700,T,IBM,,100,281.365
2025-10-15,9:36:34.681124894,T,IBM,,100,281.365
2025-10-15,9:36:35.195637746,T,IBM,F I,38,281.32
2025-10-15,9:36:35.196073843,T,IBM,F,100,281.37
2025-10-15,9:36:35.196104263,T,IBM,I,5,281.27
2025-10-15,9:36:35.196104263,T,IBM,,100,281.27
2025-10-15,9:36:35.196606142,T,IBM,I,54,281.27
2025-10-15,9:36:40.422408162,T,IBM,F I,1,281.49
2025-10-15,9:36:40.422519431,T,IBM,F I,46,281.49
2025-10-15,9:36:43.120708074,T,IBM,F I,1,281.65
2025-10-15,9:36:43.120708074,T,IBM,F I,62,281.65
2025-10-15,9:36:43.120723015,T,IBM,I,1,281.65
2025-10-15,9:36:43.120729135,T,IBM,F I,37,281.65
2025-10-15,9:36:43.121363567,T,IBM,F I,49,281.68
2025-10-15,9:36:43.121366633,T,IBM,F I,51,281.68
2025-10-15,9:36:50.497209421,T,IBM,F,104,281.9
2025-10-15,9:36:52.263239099,T,IBM,F I,2,281.98
2025-10-15,9:36:52.263266103,T,IBM,F I,12,281.98
2025-10-15,9:36:53.196468680,T,IBM,I,30,281.97
2025-10-15,9:36:53.620733766,T,IBM,I,8,281.98
2025-10-15,9:36:53.725277664,T,IBM,,100,281.97
2025-10-15,9:36:53.945497858,T,IBM,I,30,281.97
2025-10-15,9:36:53.948748680,T,IBM,,100,281.97
2025-10-15,9:36:54.905247765,T,IBM,I,11,281.98
2025-10-15,9:36:55.554189850,T,IBM,I,25,281.97
2025-10-15,9:36:55.803444249,T,IBM,F I,14,281.98
2025-10-15,9:36:55.803591639,T,IBM,I,25,281.97
2025-10-15,9:36:56.822877149,T,IBM,I,13,281.98
2025-10-15,9:36:57.279430027,T,IBM,,100,281.965
2025-10-15,9:36:57.282250836,T,IBM,I,60,281.965
2025-10-15,9:36:58.123626777,T,IBM,F I,2,281.91
2025-10-15,9:36:59.575901201,T,IBM,F I,42,281.98
2025-10-15,9:36:59.575919269,T,IBM,I,1,281.98
2025-10-15,9:37:00.056051322,T,IBM,F I,2,281.98
2025-10-15,9:37:00.056189670,T,IBM,I,22,282.0
2025-10-15,9:37:00.056201759,T,IBM,I,10,282.02
2025-10-15,9:37:00.058129300,T,IBM,F I,8,282.01
2025-10-15,9:37:00.058159332,T,IBM,I,8,282.0
2025-10-15,9:37:00.059909465,T,IBM,F,100,282.02
2025-10-15,9:37:04.957245674,T,IBM,F I,2,281.96
2025-10-15,9:37:13.875318923,T,IBM,F,100,281.94
2025-10-15,9:37:14.963881033,T,IBM,F,222,281.81
2025-10-15,9:37:14.963883375,T,IBM,F I,79,281.81
2025-10-15,9:37:14.984735021,T,IBM,F,100,281.75
2025-10-15,9:37:14.984774202,T,IBM,F,100,281.73
2025-10-15,9:37:14.989850932,T,IBM,,100,281.72
2025-10-15,9:37:14.990108807,T,IBM,,100,281.72
2025-10-15,9:37:20.746782776,T,IBM,I,45,281.89
2025-10-15,9:37:27.001162576,T,IBM,F I,18,282.17
2025-10-15,9:37:27.001192676,T,IBM,F I,2,282.18
2025-10-15,9:37:27.002115846,T,IBM,I,83,282.23
2025-10-15,9:37:27.002136896,T,IBM,I,1,282.23
2025-10-15,9:37:27.002142983,T,IBM,F I,16,282.23
2025-10-15,9:37:27.002957942,T,IBM,I,15,282.15
2025-10-15,9:37:27.002994016,T,IBM,I,15,282.1
2025-10-15,9:37:32.668560679,T,IBM,I,2,282.29
2025-10-15,9:37:32.668560679,T,IBM,I,2,282.28
2025-10-15,9:37:32.668560679,T,IBM,I,2,282.25
2025-10-15,9:37:32.668563207,T,IBM,I,94,282.25
2025-10-15,9:37:32.938118768,T,IBM,,100,282.24
2025-10-15,9:37:32.938136861,T,IBM,F I,44,282.23
2025-10-15,9:37:32.938720186,T,IBM,F,100,282.24
2025-10-15,9:37:32.938813437,T,IBM,F I,1,282.25
2025-10-15,9:37:33.474054698,T,IBM,I,84,282.25
2025-10-15,9:37:33.474069728,T,IBM,I,1,282.25
2025-10-15,9:37:33.474075795,T,IBM,I,1,282.25
2025-10-15,9:37:33.474087828,T,IBM,I,14,282.25
2025-10-15,9:37:33.474090828,T,IBM,I,27,282.25
2025-10-15,9:37:40.949001322,T,IBM,I,25,282.425
2025-10-15,9:37:40.951545415,T,IBM,,100,282.425
2025-10-15,9:37:40.951545415,T,IBM,I,50,282.425
2025-10-15,9:37:43.337687161,T,IBM,,100,282.685
2025-10-15,9:37:45.448947490,T,IBM,I,40,282.75
2025-10-15,9:37:47.846585496,T,IBM,F I,2,282.64
2025-10-15,9:37:48.029408987,T,IBM,,100,282.61
2025-10-15,9:37:48.029408987,T,IBM,I,19,282.6
2025-10-15,9:37:48.029429804,T,IBM,F I,81,282.6
2025-10-15,9:38:00.829093088,T,IBM,F I,35,282.71
2025-10-15,9:38:06.084744595,T,IBM,F I,1,282.8
2025-10-15,9:38:06.084750113,T,IBM,F I,2,282.82
2025-10-15,9:38:06.084750113,T,IBM,F I,30,282.83
2025-10-15,9:38:06.586470590,T,IBM,F I,2,282.79
2025-10-15,9:38:06.586473568,T,IBM,F I,2,282.79
2025-10-15,9:38:06.586476588,T,IBM,F,100,282.78
2025-10-15,9:38:11.318340754,T,IBM,F I,30,282.88
2025-10-15,9:38:11.318560317,T,IBM,F I,30,282.88
2025-10-15,9:38:11.318836975,T,IBM,,100,282.82
2025-10-15,9:38:11.318841116,T,IBM,I,2,282.79
2025-10-15,9:38:11.318846691,T,IBM,I,2,282.79
2025-10-15,9:38:11.318846691,T,IBM,I,2,282.79
2025-10-15,9:38:11.318849003,T,IBM,I,19,282.79
2025-10-15,9:38:11.318854979,T,IBM,I,81,282.79
2025-10-15,9:38:11.318858025,T,IBM,I,44,282.78
2025-10-15,9:38:11.318888688,T,IBM,I,2,282.77
2025-10-15,9:38:11.318891125,T,IBM,I,25,282.75
2025-10-15,9:38:11.319255040,T,IBM,I,23,282.82
2025-10-15,9:38:11.319408247,T,IBM,I,2,282.76
2025-10-15,9:38:11.319835888,T,IBM,F I,2,282.82
2025-10-15,9:38:11.319838281,T,IBM,F I,76,282.82
2025-10-15,9:38:11.321318292,T,IBM,F I,2,282.82
2025-10-15,9:38:11.321318292,T,IBM,F I,2,282.85
2025-10-15,9:38:11.321320996,T,IBM,F I,2,282.86
2025-10-15,9:38:11.321320996,T,IBM,F I,30,282.89
2025-10-15,9:38:11.765836077,T,IBM,,100,282.81
2025-10-15,9:38:12.081955401,T,IBM,F,100,282.76
2025-10-15,9:38:12.087884833,T,IBM,I,2,282.67
2025-10-15,9:38:12.087887844,T,IBM,I,98,282.63
2025-10-15,9:38:12.087915504,T,IBM,F I,2,282.63
2025-10-15,9:38:12.087917900,T,IBM,F,100,282.62
2025-10-15,9:38:12.087917900,T,IBM,F I,9,282.62
2025-10-15,9:38:12.087942009,T,IBM,F I,2,282.62
2025-10-15,9:38:12.088423070,T,IBM,F I,18,282.62
2025-10-15,9:38:12.095745549,T,IBM,I,75,282.55
2025-10-15,9:38:12.095745549,T,IBM,I,25,282.5
2025-10-15,9:38:12.095748595,T,IBM,,193,282.48
2025-10-15,9:38:12.095751701,T,IBM,,100,282.47
2025-10-15,9:38:12.095751701,T,IBM,I,1,282.44
2025-10-15,9:38:12.095754547,T,IBM,I,6,282.44
2025-10-15,9:38:12.901411607,T,IBM,I,2,282.55
2025-10-15,9:38:12.901411607,T,IBM,I,2,282.55
2025-10-15,9:38:12.901414642,T,IBM,I,96,282.54
2025-10-15,9:38:14.989465628,T,IBM,,100,282.77
2025-10-15,9:38:14.989468625,T,IBM,,100,282.78
2025-10-15,9:38:14.989486690,T,IBM,I,1,282.78
2025-10-15,9:38:14.989528770,T,IBM,F I,62,282.76
2025-10-15,9:38:27.625407104,T,IBM,I,1,282.99
2025-10-15,9:38:27.625410234,T,IBM,I,1,283.0
2025-10-15,9:38:27.625413159,T,IBM,I,17,283.0
2025-10-15,9:38:27.625425462,T,IBM,,100,282.97
2025-10-15,9:38:27.625425462,T,IBM,I,10,282.93
2025-10-15,9:38:27.625719851,T,IBM,I,27,282.92
2025-10-15,9:38:27.625777028,T,IBM,F I,21,282.92
2025-10-15,9:38:27.626237064,T,IBM,F I,27,282.85
2025-10-15,9:38:27.626243359,T,IBM,I,5,282.85
2025-10-15,9:38:27.626243359,T,IBM,I,22,282.84
2025-10-15,9:38:27.626264134,T,IBM,F I,27,282.84
2025-10-15,9:38:28.922052098,T,IBM,I,50,282.84
2025-10-15,9:38:29.040988541,T,IBM,F I,2,282.87
2025-10-15,9:38:29.040991219,T,IBM,F I,2,282.87
2025-10-15,9:38:30.791560877,T,IBM,I,1,282.84
2025-10-15,9:38:30.791563999,T,IBM,I,2,282.84
2025-10-15,9:38:30.791563999,T,IBM,I,2,282.83
2025-10-15,9:38:35.380251135,T,IBM,I,2,282.825
2025-10-15,9:38:36.799952235,T,IBM,F I,2,282.81
2025-10-15,9:38:36.799955940,T,IBM,F I,2,282.81
2025-10-15,9:38:36.799958019,T,IBM,F I,2,282.82
2025-10-15,9:38:36.799961076,T,IBM,F,100,282.825
2025-10-15,9:38:36.799964798,T,IBM,F I,2,282.83
2025-10-15,9:38:36.799964798,T,IBM,F,100,282.87
2025-10-15,9:38:36.799967686,T,IBM,F I,75,282.9
2025-10-15,9:38:36.799967686,T,IBM,F I,25,282.91
2025-10-15,9:38:36.799970130,T,IBM,F,100,282.91
2025-10-15,9:38:36.799973438,T,IBM,F I,50,282.92
2025-10-15,9:38:36.799973438,T,IBM,F,100,282.92
2025-10-15,9:38:36.799979072,T,IBM,F,100,282.93
2025-10-15,9:38:36.799979072,T,IBM,F,100,282.96
2025-10-15,9:38:36.799979072,T,IBM,F I,32,282.97
2025-10-15,9:38:36.799982048,T,IBM,F I,95,282.97
2025-10-15,9:38:37.402207849,T,IBM,F I,2,282.88
2025-10-15,9:38:39.769678105,T,IBM,I,25,282.96
2025-10-15,9:38:39.769681652,T,IBM,I,2,282.97
2025-10-15,9:38:39.769681652,T,IBM,I,1,282.98
2025-10-15,9:38:39.769687060,T,IBM,,100,282.99
2025-10-15,9:38:39.769687060,T,IBM,I,79,282.99
2025-10-15,9:38:39.769702105,T,IBM,F I,8,282.99
2025-10-15,9:38:39.769705325,T,IBM,F I,13,282.99
2025-10-15,9:38:39.769708069,T,IBM,F I,7,282.99
2025-10-15,9:38:39.769708069,T,IBM,F I,56,283.0
2025-10-15,9:38:39.816680177,T,IBM,I,2,283.01
2025-10-15,9:38:39.816682923,T,IBM,I,22,282.98
2025-10-15,9:38:40.129986896,T,IBM,F I,50,283.1
2025-10-15,9:38:40.130032004,T,IBM,F,100,283.18
2025-10-15,9:38:42.462219472,T,IBM,F I,29,283.26
2025-10-15,9:38:42.462219472,T,IBM,F I,7,283.28
2025-10-15,9:38:43.858620670,T,IBM,F I,75,283.33
2025-10-15,9:38:45.032008203,T,IBM,F I,2,283.37
2025-10-15,9:38:46.150614199,T,IBM,I,25,283.24
2025-10-15,9:38:47.719617498,T,IBM,F I,63,283.26
2025-10-15,9:38:52.164598733,T,IBM,I,25,283.24
2025-10-15,9:38:52.164658847,T,IBM,I,2,283.15
2025-10-15,9:38:52.164661828,T,IBM,I,6,283.14
2025-10-15,9:38:52.165004641,T,IBM,I,25,283.22
2025-10-15,9:38:52.165004641,T,IBM,I,75,283.24
2025-10-15,9:38:52.167217897,T,IBM,,100,283.24
2025-10-15,9:38:53.952324864,T,IBM,,100,283.14
2025-10-15,9:38:54.587527019,T,IBM,I,8,283.13
2025-10-15,9:38:54.587548108,T,IBM,I,8,283.13
2025-10-15,9:38:54.587896965,T,IBM,I,92,283.13
2025-10-15,9:38:55.286926114,T,IBM,I,2,283.21
2025-10-15,9:38:55.286929123,T,IBM,I,48,283.21
2025-10-15,9:38:55.647466481,T,IBM,F I,2,283.21
2025-10-15,9:38:58.640633324,T,IBM,F I,25,283.22
2025-10-15,9:38:59.542793084,T,IBM,F,100,283.235
2025-10-15,9:39:04.251769810,T,IBM,I,23,283.39
2025-10-15,9:39:04.251769810,T,IBM,F I,26,283.46
2025-10-15,9:39:04.251772839,T,IBM,F I,26,283.46
2025-10-15,9:39:04.251794651,T,IBM,F I,74,283.46
2025-10-15,9:39:04.251794651,T,IBM,F I,7,283.46
2025-10-15,9:39:04.251796823,T,IBM,F I,3,283.46
2025-10-15,9:39:04.251850953,T,IBM,I,26,283.42
2025-10-15,9:39:04.251872022,T,IBM,F I,26,283.42
2025-10-15,9:39:04.251923107,T,IBM,I,26,283.4
2025-10-15,9:39:04.252148698,T,IBM,I,23,283.31
2025-10-15,9:39:10.562912760,T,IBM,I,2,283.31
2025-10-15,9:39:19.467745493,T,IBM,F I,75,283.31
2025-10-15,9:39:19.664137111,T,IBM,I,1,283.31
2025-10-15,9:39:19.664137111,T,IBM,I,22,283.31
2025-10-15,9:39:19.664155137,T,IBM,I,1,283.31
2025-10-15,9:39:19.664173140,T,IBM,F I,77,283.31
2025-10-15,9:39:19.664245344,T,IBM,F I,18,283.31
2025-10-15,9:39:21.884226454,T,IBM,F I,2,283.35
2025-10-15,9:39:32.064720299,T,IBM,F I,62,283.49
2025-10-15,9:39:32.064897785,T,IBM,I,23,283.46
2025-10-15,9:39:32.064957909,T,IBM,I,77,283.46
2025-10-15,9:39:32.064957909,T,IBM,I,6,283.46
2025-10-15,9:39:32.065018024,T,IBM,I,5,283.46
2025-10-15,9:39:32.065078151,T,IBM,I,5,283.44
2025-10-15,9:39:32.065156328,T,IBM,I,4,283.41
2025-10-15,9:39:32.292196809,T,IBM,I,20,283.48
2025-10-15,9:39:32.420662676,T,IBM,I,30,283.48
2025-10-15,9:39:36.435854482,T,IBM,F,100,283.44
2025-10-15,9:39:36.436245425,T,IBM,I,90,283.35
2025-10-15,9:39:36.436248517,T,IBM,I,10,283.34
2025-10-15,9:39:36.436958115,T,IBM,I,1,283.33
2025-10-15,9:39:36.436961133,T,IBM,I,37,283.33
2025-10-15,9:39:36.436979661,T,IBM,I,1,283.35
2025-10-15,9:39:36.436982262,T,IBM,F I,65,283.35
2025-10-15,9:39:36.436991217,T,IBM,I,34,283.35
2025-10-15,9:39:36.436991217,T,IBM,I,31,283.33
2025-10-15,9:39:36.436997293,T,IBM,I,3,283.33
2025-10-15,9:39:36.437021289,T,IBM,F I,29,283.33
2025-10-15,9:39:36.437024336,T,IBM,F I,2,283.33
2025-10-15,9:39:36.437027366,T,IBM,F I,3,283.33
2025-10-15,9:39:36.437045414,T,IBM,I,56,283.33
2025-10-15,9:39:36.437069529,T,IBM,F I,36,283.33
2025-10-15,9:39:36.437078488,T,IBM,F I,64,283.33
2025-10-15,9:39:36.437081510,T,IBM,I,16,283.33
2025-10-15,9:39:36.437364146,T,IBM,I,16,283.33
2025-10-15,9:39:36.438058766,T,IBM,I,16,283.32
2025-10-15,9:39:36.438398615,T,IBM,I,16,283.32
2025-10-15,9:39:36.465568303,T,IBM,I,16,283.32
2025-10-15,9:39:36.494725831,T,IBM,F I,52,283.32
2025-10-15,9:39:36.494728746,T,IBM,F I,10,283.32
2025-10-15,9:39:36.494732034,T,IBM,F I,16,283.3
2025-10-15,9:39:36.494732034,T,IBM,F I,38,283.26
2025-10-15,9:39:36.494797814,T,IBM,F I,62,283.26
2025-10-15,9:39:36.494848987,T,IBM,,100,283.31
2025-10-15,9:39:36.494981359,T,IBM,F I,6,283.25
2025-10-15,9:39:36.495071539,T,IBM,F I,6,283.27
2025-10-15,9:39:36.495236869,T,IBM,I,9,283.27
2025-10-15,9:39:36.495270038,T,IBM,I,9,283.27
2025-10-15,9:39:36.495315138,T,IBM,I,9,283.27
2025-10-15,9:39:36.495327084,T,IBM,F I,67,283.27
2025-10-15,9:39:36.495700049,T,IBM,I,9,283.23
2025-10-15,9:39:36.495721094,T,IBM,I,9,283.23
2025-10-15,9:39:36.507984312,T,IBM,,100,283.25
2025-10-15,9:39:36.508023395,T,IBM,F,100,283.25
2025-10-15,9:39:36.508041352,T,IBM,I,4,283.25
2025-10-15,9:39:36.508062450,T,IBM,F I,80,283.25
2025-10-15,9:39:36.508077670,T,IBM,F I,16,283.25
2025-10-15,9:39:36.508077670,T,IBM,F I,1,283.25
2025-10-15,9:39:44.575789374,T,IBM,F I,75,283.24
2025-10-15,9:39:44.575831559,T,IBM,I,25,283.21
2025-10-15,9:39:44.575840570,T,IBM,F I,75,283.21
2025-10-15,9:39:44.575843743,T,IBM,F I,25,283.2
2025-10-15,9:39:44.575846569,T,IBM,F I,50,283.2
2025-10-15,9:39:44.576568293,T,IBM,,100,283.14
2025-10-15,9:39:44.576589862,T,IBM,F I,31,283.14
2025-10-15,9:39:44.576592518,T,IBM,F,100,283.14
2025-10-15,9:39:44.576595289,T,IBM,F I,23,283.14
2025-10-15,9:39:44.576595289,T,IBM,F I,77,283.14
2025-10-15,9:39:44.576601331,T,IBM,F I,54,283.14
2025-10-15,9:39:44.576601331,T,IBM,I,1,283.14
2025-10-15,9:39:44.576604320,T,IBM,F I,45,283.14
2025-10-15,9:39:44.578871887,T,IBM,I,19,283.2
2025-10-15,9:39:44.578871887,T,IBM,I,1,283.2
2025-10-15,9:39:44.578875019,T,IBM,I,42,283.2
2025-10-15,9:39:44.578875019,T,IBM,I,32,283.24
2025-10-15,9:39:55.612743239,T,IBM,F I,2,283.19
2025-10-15,9:39:55.612743239,T,IBM,F I,1,283.24
2025-10-15,9:39:55.612746148,T,IBM,F I,1,283.25
2025-10-15,9:39:55.615431452,T,IBM,F I,19,283.25
2025-10-15,9:39:55.615506649,T,IBM,I,80,283.25
2025-10-15,9:39:55.694697938,T,IBM,I,2,283.27
2025-10-15,9:39:55.694700371,T,IBM,I,2,283.27
2025-10-15,9:39:55.694703272,T,IBM,I,96,283.25
2025-10-15,9:39:55.694730252,T,IBM,F,104,283.25
2025-10-15,9:39:56.151241133,T,IBM,I,20,283.26
2025-10-15,9:40:00.119061438,T,IBM,F I,50,283.21
2025-10-15,9:40:02.024355380,T,IBM,I,9,283.47
2025-10-15,9:40:06.518485545,T,IBM,F I,5,283.33
2025-10-15,9:40:07.536035995,T,IBM,F I,1,283.26
2025-10-15,9:40:15.562985774,T,IBM,,100,283.15
2025-10-15,9:40:15.599775684,T,IBM,F,100,283.01
2025-10-15,9:40:15.599775684,T,IBM,F I,1,283.01
2025-10-15,9:40:15.599800104,T,IBM,F I,86,283.01
2025-10-15,9:40:15.599805425,T,IBM,F I,13,283.01
2025-10-15,9:40:15.599952807,T,IBM,I,32,282.99
2025-10-15,9:40:15.599955845,T,IBM,I,54,282.99
2025-10-15,9:40:16.281817038,T,IBM,F I,1,282.88
2025-10-15,9:40:16.283028978,T,IBM,I,5,282.76
2025-10-15,9:40:16.283028978,T,IBM,I,39,282.76
2025-10-15,9:40:17.550420233,T,IBM,F I,2,282.77
2025-10-15,9:40:17.550423176,T,IBM,F I,2,282.76
2025-10-15,9:40:17.550426874,T,IBM,F,100,282.76
2025-10-15,9:40:17.550429228,T,IBM,F I,2,282.75
2025-10-15,9:40:17.550429228,T,IBM,F I,5,282.75
2025-10-15,9:40:19.028294773,T,IBM,F I,2,282.79
2025-10-15,9:40:19.028294773,T,IBM,F I,2,282.82
2025-10-15,9:40:19.028300594,T,IBM,F I,5,282.85
2025-10-15,9:40:19.028300594,T,IBM,F I,2,282.85
2025-10-15,9:40:19.028303586,T,IBM,F I,39,282.86
2025-10-15,9:40:19.121555592,T,IBM,F I,5,282.79
2025-10-15,9:40:21.696784439,T,IBM,F I,2,282.8
2025-10-15,9:40:21.993678322,T,IBM,F I,2,282.77
2025-10-15,9:40:23.466651035,T,IBM,F I,5,282.77
2025-10-15,9:40:24.736869071,T,IBM,F I,2,282.72
2025-10-15,9:40:24.736929274,T,IBM,F,100,282.71
2025-10-15,9:40:24.737202862,T,IBM,F I,44,282.66
2025-10-15,9:40:24.737215066,T,IBM,I,56,282.66
2025-10-15,9:40:24.737215066,T,IBM,I,17,282.66
2025-10-15,9:40:24.737221021,T,IBM,,100,282.66
2025-10-15,9:40:24.737221021,T,IBM,I,44,282.66
2025-10-15,9:40:24.737221021,T,IBM,I,1,282.66
2025-10-15,9:40:24.737226913,T,IBM,F I,55,282.66
2025-10-15,9:40:26.238310514,T,IBM,I,5,282.71
2025-10-15,9:40:26.238310514,T,IBM,I,4,282.73
2025-10-15,9:40:26.238313564,T,IBM,I,75,282.73
2025-10-15,9:40:26.238740610,T,IBM,I,13,282.71
2025-10-15,9:40:26.238755594,T,IBM,I,1,282.77
2025-10-15,9:40:26.238966219,T,IBM,I,13,282.65
2025-10-15,9:40:26.238969056,T,IBM,I,46,282.65
2025-10-15,9:40:26.238990149,T,IBM,I,1,282.65
2025-10-15,9:40:30.700817585,T,IBM,,100,282.51
2025-10-15,9:40:31.910155717,T,IBM,I,50,282.5
2025-10-15,9:40:31.910155717,T,IBM,I,50,282.5
2025-10-15,9:40:33.205744986,T,IBM,F I,25,282.51
2025-10-15,9:40:33.205744986,T,IBM,F I,75,282.51
2025-10-15,9:40:33.205778204,T,IBM,F I,25,282.49
2025-10-15,9:40:33.205781138,T,IBM,F,100,282.5
2025-10-15,9:40:33.206226960,T,IBM,F,100,282.63
2025-10-15,9:40:33.206247192,T,IBM,I,1,282.63
2025-10-15,9:40:33.206253644,T,IBM,I,9,282.63
2025-10-15,9:40:33.206253644,T,IBM,I,32,282.63
2025-10-15,9:40:33.206256258,T,IBM,I,1,282.63
2025-10-15,9:40:33.206331391,T,IBM,I,2,282.55
2025-10-15,9:40:33.206334374,T,IBM,I,36,282.53
2025-10-15,9:40:33.206479013,T,IBM,F I,2,282.61
2025-10-15,9:40:33.206479013,T,IBM,F I,2,282.62
2025-10-15,9:40:33.206481997,T,IBM,F I,32,282.62
2025-10-15,9:40:33.206481997,T,IBM,F I,7,282.63
2025-10-15,9:40:33.208589945,T,IBM,I,1,282.6
2025-10-15,9:40:33.208592840,T,IBM,I,2,282.61
2025-10-15,9:40:35.009694681,T,IBM,F I,2,282.53
2025-10-15,9:40:36.316365463,T,IBM,I,25,282.51
2025-10-15,9:40:36.316368412,T,IBM,,100,282.51
2025-10-15,9:40:36.948581514,T,IBM,F I,2,282.53
2025-10-15,9:40:41.469189843,T,IBM,F I,2,282.58
2025-10-15,9:40:41.499447843,T,IBM,F,100,282.62
2025-10-15,9:40:41.499447843,T,IBM,F I,29,282.63
2025-10-15,9:40:41.499450846,T,IBM,F I,24,282.63
2025-10-15,9:40:41.499453892,T,IBM,F I,26,282.63
2025-10-15,9:40:41.499465902,T,IBM,I,1,282.63
2025-10-15,9:40:41.499478080,T,IBM,F I,73,282.63
2025-10-15,9:40:41.499478080,T,IBM,F I,26,282.63
2025-10-15,9:40:41.499745608,T,IBM,I,10,282.63
2025-10-15,9:40:41.499892861,T,IBM,I,2,282.54
2025-10-15,9:40:41.499896011,T,IBM,I,32,282.53
2025-10-15,9:40:41.499896011,T,IBM,I,10,282.52
2025-10-15,9:40:41.499898976,T,IBM,I,15,282.52
2025-10-15,9:40:41.499917111,T,IBM,I,1,282.52
2025-10-15,9:40:41.499917111,T,IBM,I,33,282.52
2025-10-15,9:40:41.499983299,T,IBM,I,4,282.51
2025-10-15,9:40:41.500031263,T,IBM,I,18,282.51
2025-10-15,9:40:41.500109395,T,IBM,I,14,282.55
2025-10-15,9:40:41.500160568,T,IBM,I,14,282.53
2025-10-15,9:40:42.631532048,T,IBM,F I,2,282.73
2025-10-15,9:40:45.160173885,T,IBM,,100,282.87
2025-10-15,9:40:45.160192005,T,IBM,F I,80,282.91
2025-10-15,9:40:45.160567905,T,IBM,I,2,282.8
2025-10-15,9:40:45.160571289,T,IBM,I,2,282.79
2025-10-15,9:40:45.160574219,T,IBM,I,94,282.78
2025-10-15,9:40:45.954286820,T,IBM,F,100,282.86
2025-10-15,9:40:45.954286820,T,IBM,F I,5,282.81
2025-10-15,9:40:45.954289457,T,IBM,F I,2,282.81
2025-10-15,9:40:47.228910041,T,IBM,F I,58,282.82
2025-10-15,9:40:47.228913114,T,IBM,F I,2,282.79
2025-10-15,9:40:48.315507886,T,IBM,F,100,282.73
2025-10-15,9:40:48.318966091,T,IBM,F I,1,282.62
2025-10-15,9:40:48.319260773,T,IBM,,100,282.61
2025-10-15,9:40:48.319281801,T,IBM,I,1,282.61
2025-10-15,9:40:53.125401977,T,IBM,F,100,282.38
2025-10-15,9:40:59.535760298,T,IBM,F I,2,282.45
2025-10-15,9:40:59.535760298,T,IBM,F I,28,282.46
2025-10-15,9:40:59.535763319,T,IBM,F I,1,282.47
2025-10-15,9:40:59.535766083,T,IBM,F I,1,282.47
2025-10-15,9:40:59.535784011,T,IBM,F I,1,282.47
2025-10-15,9:40:59.535789985,T,IBM,F I,1,282.47
2025-10-15,9:40:59.535853092,T,IBM,F I,1,282.47
2025-10-15,9:40:59.535877295,T,IBM,F I,1,282.47
2025-10-15,9:40:59.535922239,T,IBM,F I,1,282.47
2025-10-15,9:40:59.535967449,T,IBM,F I,1,282.47
2025-10-15,9:40:59.536006501,T,IBM,F I,28,282.47
2025-10-15,9:40:59.536018490,T,IBM,F I,1,282.47
2025-10-15,9:40:59.536063597,T,IBM,F I,1,282.47
2025-10-15,9:40:59.536099759,T,IBM,I,1,282.48
2025-10-15,9:41:01.035514565,T,IBM,F I,2,282.41
2025-10-15,9:41:01.088822444,T,IBM,F I,2,282.37
2025-10-15,9:41:03.153234016,T,IBM,F I,2,282.35
2025-10-15,9:41:03.153237061,T,IBM,F I,2,282.34
2025-10-15,9:41:03.153237061,T,IBM,F I,2,282.33
2025-10-15,9:41:03.153261075,T,IBM,F,100,282.31
2025-10-15,9:41:03.157480135,T,IBM,F,100,282.15
2025-10-15,9:41:07.811281704,T,IBM,I,2,282.12
2025-10-15,9:41:07.811281704,T,IBM,I,2,282.07
2025-10-15,9:41:07.811284497,T,IBM,I,2,282.05
2025-10-15,9:41:07.811287430,T,IBM,I,1,282.05
2025-10-15,9:41:08.777421589,T,IBM,F I,47,282.07
2025-10-15,9:41:09.634263465,T,IBM,I,15,282.26
2025-10-15,9:41:09.634473947,T,IBM,I,49,282.19
2025-10-15,9:41:09.705422178,T,IBM,I,4,282.29
2025-10-15,9:41:09.738181770,T,IBM,I,1,282.44
2025-10-15,9:41:10.023158579,T,IBM,I,32,282.54
2025-10-15,9:41:10.023158579,T,IBM,I,68,282.55
2025-10-15,9:41:10.023179343,T,IBM,I,1,282.55
2025-10-15,9:41:10.030465693,T,IBM,F I,1,282.56
2025-10-15,9:41:10.198114730,T,IBM,I,25,282.635
2025-10-15,9:41:10.198117834,T,IBM,,100,282.635
2025-10-15,9:41:10.226147482,T,IBM,I,2,282.635
2025-10-15,9:41:11.812757771,T,IBM,I,23,282.635
2025-10-15,9:41:14.697552538,T,IBM,I,36,282.73
2025-10-15,9:41:23.442106791,T,IBM,I,5,282.64
2025-10-15,9:41:23.442127919,T,IBM,I,1,282.64
2025-10-15,9:41:23.458589058,T,IBM,F I,51,282.45
2025-10-15,9:41:23.459064183,T,IBM,F,100,282.44
2025-10-15,9:41:23.459118394,T,IBM,F,100,282.45
2025-10-15,9:41:33.274025934,T,IBM,I,1,282.27
2025-10-15,9:41:33.274028830,T,IBM,,100,282.27
2025-10-15,9:41:34.547891633,T,IBM,,100,282.25
2025-10-15,9:41:55.694063440,T,IBM,I,5,282.09
2025-10-15,9:41:55.694093458,T,IBM,F I,30,282.08
2025-10-15,9:41:55.694117475,T,IBM,F I,70,282.08
2025-10-15,9:41:55.694117475,T,IBM,F I,26,282.08
2025-10-15,9:41:55.694165818,T,IBM,F I,25,282.07
2025-10-15,9:41:55.694175010,T,IBM,I,75,282.07
2025-10-15,9:41:55.694177603,T,IBM,I,25,282.07
2025-10-15,9:41:55.694189686,T,IBM,F I,75,282.07
2025-10-15,9:41:55.694189686,T,IBM,F I,25,282.07
2025-10-15,9:41:55.694192665,T,IBM,F I,50,282.07
2025-10-15,9:41:55.694382129,T,IBM,I,25,282.07
2025-10-15,9:42:20.851057761,T,IBM,F I,4,282.28
2025-10-15,9:42:20.851060827,T,IBM,F I,15,282.28
2025-10-15,9:42:20.851060827,T,IBM,F,100,282.29
2025-10-15,9:42:20.923821962,T,IBM,F I,34,282.42
2025-10-15,9:42:20.923948969,T,IBM,I,25,282.29
2025-10-15,9:42:20.923948969,T,IBM,I,2,282.28
2025-10-15,9:42:20.923954231,T,IBM,I,2,282.28
2025-10-15,9:42:20.923954231,T,IBM,I,48,282.27
2025-10-15,9:42:25.957111753,T,IBM,F I,2,282.37
2025-10-15,9:42:32.663954734,T,IBM,F I,5,282.42
2025-10-15,9:42:32.663957767,T,IBM,F I,19,282.43
2025-10-15,9:42:32.663957767,T,IBM,F I,1,282.43
2025-10-15,9:42:32.663960776,T,IBM,F I,4,282.43
2025-10-15,9:42:32.663999800,T,IBM,F I,5,282.44
2025-10-15,9:42:43.814022937,T,IBM,I,25,282.3
2025-10-15,9:42:43.814050037,T,IBM,F,150,282.3
2025-10-15,9:42:43.814092147,T,IBM,F,125,282.3
2025-10-15,9:42:50.144925853,T,IBM,I,48,282.5
2025-10-15,9:42:50.145018976,T,IBM,F I,48,282.5
2025-10-15,9:43:03.908191125,T,IBM,F,100,282.63
2025-10-15,9:43:03.908212416,T,IBM,F I,26,282.65
2025-10-15,9:43:03.908212416,T,IBM,F I,11,282.65
2025-10-15,9:43:03.959207552,T,IBM,F I,14,282.83
2025-10-15,9:43:03.959231694,T,IBM,I,80,282.85
2025-10-15,9:43:03.959231694,T,IBM,I,14,282.85
2025-10-15,9:43:03.959255722,T,IBM,F I,9,282.86
2025-10-15,9:43:03.959255722,T,IBM,F I,14,282.86
2025-10-15,9:43:04.156499015,T,IBM,I,2,282.77
2025-10-15,9:43:04.156499015,T,IBM,I,2,282.71
2025-10-15,9:43:04.156502396,T,IBM,I,5,282.7
2025-10-15,9:43:04.156502396,T,IBM,I,2,282.66
2025-10-15,9:43:04.156504378,T,IBM,I,25,282.66
2025-10-15,9:43:04.156507343,T,IBM,I,4,282.66
2025-10-15,9:43:05.375805132,T,IBM,F I,5,282.82
2025-10-15,9:43:05.375808184,T,IBM,F I,2,282.82
2025-10-15,9:43:05.375808184,T,IBM,F I,2,282.83
2025-10-15,9:43:05.375811164,T,IBM,F I,50,282.9
2025-10-15,9:43:05.375814200,T,IBM,F I,75,282.9
2025-10-15,9:43:08.585361172,T,IBM,F I,1,282.99
2025-10-15,9:43:08.585391226,T,IBM,F I,31,282.99
2025-10-15,9:43:08.585391226,T,IBM,F I,1,283.0
2025-10-15,9:43:08.585448370,T,IBM,I,12,282.87
2025-10-15,9:43:08.585589688,T,IBM,I,12,282.88
2025-10-15,9:43:08.585646848,T,IBM,I,12,282.82
2025-10-15,9:43:08.585815248,T,IBM,I,12,282.85
2025-10-15,9:43:08.585881344,T,IBM,F I,9,283.0
2025-10-15,9:43:08.585893351,T,IBM,I,26,282.82
2025-10-15,9:43:15.530202726,T,IBM,F I,2,282.97
2025-10-15,9:43:15.530575669,T,IBM,I,25,282.88
2025-10-15,9:43:15.530578729,T,IBM,I,26,282.88
2025-10-15,9:43:15.624501365,T,IBM,I,2,282.97
2025-10-15,9:43:15.624501365,T,IBM,I,2,282.98
2025-10-15,9:43:15.624504324,T,IBM,I,96,282.98
2025-10-15,9:43:15.624528379,T,IBM,F I,4,282.98
2025-10-15,9:43:16.529779559,T,IBM,F I,2,283.01
2025-10-15,9:43:16.529821627,T,IBM,F I,25,283.04
2025-10-15,9:43:16.529857756,T,IBM,F I,6,283.04
2025-10-15,9:43:16.529942026,T,IBM,I,25,282.94
2025-10-15,9:43:16.529942026,T,IBM,I,31,282.94
2025-10-15,9:43:36.408359020,T,IBM,F I,2,282.79
2025-10-15,9:43:36.408575224,T,IBM,,217,282.71
2025-10-15,9:43:36.408596646,T,IBM,F,100,282.7
2025-10-15,9:43:36.408632524,T,IBM,I,34,282.71
2025-10-15,9:43:36.408653396,T,IBM,F I,66,282.71
2025-10-15,9:43:36.409047395,T,IBM,I,14,282.61
2025-10-15,9:43:36.409047395,T,IBM,,100,282.61
2025-10-15,9:43:36.409083465,T,IBM,F,100,282.61
2025-10-15,9:43:36.409131690,T,IBM,I,53,282.61
2025-10-15,9:43:36.410401393,T,IBM,F I,1,282.57
2025-10-15,9:43:36.433916580,T,IBM,F I,33,282.81
2025-10-15,9:43:36.434593208,T,IBM,I,2,282.73
2025-10-15,9:43:36.434593208,T,IBM,,181,282.71
2025-10-15,9:43:36.434614228,T,IBM,F I,2,282.71
2025-10-15,9:43:36.434665300,T,IBM,I,3,282.61
2025-10-15,9:43:36.435970468,T,IBM,F I,3,282.75
2025-10-15,9:43:36.435970468,T,IBM,F I,29,282.77
2025-10-15,9:43:46.779864118,T,IBM,F I,2,282.61
2025-10-15,9:43:51.167032691,T,IBM,F I,2,282.55
2025-10-15,9:43:51.167035726,T,IBM,F I,2,282.55
2025-10-15,9:43:51.299781075,T,IBM,I,2,282.47
2025-10-15,9:43:51.299781075,T,IBM,I,98,282.42
2025-10-15,9:43:51.299801846,T,IBM,F I,2,282.42
2025-10-15,9:44:48.757682226,T,IBM,,100,282.385
2025-10-15,9:44:49.117088840,T,IBM,F,100,282.43
2025-10-15,9:44:49.117109893,T,IBM,F I,7,282.44
2025-10-15,9:44:49.117173042,T,IBM,F I,32,282.5
2025-10-15,9:44:49.131550700,T,IBM,I,2,282.43
2025-10-15,9:44:49.131550700,T,IBM,I,2,282.43
2025-10-15,9:44:49.131550700,T,IBM,I,2,282.41
2025-10-15,9:44:49.131613528,T,IBM,I,94,282.39
2025-10-15,9:45:01.119175970,T,IBM,F,100,282.44
2025-10-15,9:45:04.974787040,T,IBM,F,100,282.51
2025-10-15,9:45:04.974792541,T,IBM,F I,7,282.52
2025-10-15,9:45:04.974802317,T,IBM,I,13,282.52
2025-10-15,9:45:04.974804966,T,IBM,I,62,282.52
2025-10-15,9:45:04.974807467,T,IBM,I,9,282.52
2025-10-15,9:45:04.975757774,T,IBM,,100,282.51
2025-10-15,9:45:08.873021006,T,IBM,F I,2,282.64
2025-10-15,9:45:15.445287879,T,IBM,F I,1,282.66
2025-10-15,9:45:15.445417232,T,IBM,F I,1,282.66
2025-10-15,9:45:15.445417232,T,IBM,F I,1,282.66
2025-10-15,9:45:15.445420211,T,IBM,F I,1,282.66
2025-10-15,9:45:15.445420211,T,IBM,F I,1,282.66
2025-10-15,9:45:15.446237899,T,IBM,I,97,282.66
2025-10-15,9:45:18.773581417,T,IBM,I,1,282.7
2025-10-15,9:45:18.773584422,T,IBM,I,99,282.7
2025-10-15,9:45:18.773587349,T,IBM,F I,1,282.7
2025-10-15,9:45:20.279738067,T,IBM,I,5,282.71
2025-10-15,9:45:20.279888448,T,IBM,F I,1,282.73
2025-10-15,9:45:20.279891452,T,IBM,F I,4,282.73
2025-10-15,9:45:20.279915496,T,IBM,I,96,282.73
2025-10-15,9:45:20.279954666,T,IBM,I,4,282.73
2025-10-15,9:45:21.269367251,T,IBM,F,100,282.77
2025-10-15,9:45:21.269833200,T,IBM,F I,2,282.71
2025-10-15,9:45:21.269890399,T,IBM,F I,2,282.68
2025-10-15,9:45:21.270121936,T,IBM,F,100,282.66
2025-10-15,9:45:21.270188046,T,IBM,F I,1,282.55
2025-10-15,9:45:21.270188046,T,IBM,F I,37,282.54
2025-10-15,9:45:21.270203159,T,IBM,F I,1,282.54
2025-10-15,9:45:21.270479738,T,IBM,I,39,282.69
2025-10-15,9:45:21.270503948,T,IBM,I,1,282.67
2025-10-15,9:45:21.270509823,T,IBM,I,99,282.67
2025-10-15,9:45:21.270537032,T,IBM,F I,1,282.69
2025-10-15,9:45:21.270539890,T,IBM,F,100,282.69
2025-10-15,9:45:21.270543531,T,IBM,F,101,282.69
2025-10-15,9:45:21.270551996,T,IBM,F,299,282.69
2025-10-15,9:45:21.270551996,T,IBM,F I,1,282.65
2025-10-15,9:45:21.270627076,T,IBM,F I,34,282.69
2025-10-15,9:45:27.814635504,T,IBM,,100,282.41
2025-10-15,9:45:27.815096181,T,IBM,F I,5,282.37
2025-10-15,9:45:27.815099454,T,IBM,F I,3,282.35
2025-10-15,9:45:27.815099454,T,IBM,F I,14,282.35
2025-10-15,9:45:27.815104581,T,IBM,F I,14,282.33
2025-10-15,9:45:27.815104581,T,IBM,F,206,282.33
2025-10-15,9:45:27.816364706,T,IBM,F I,1,282.23
2025-10-15,9:45:27.816632271,T,IBM,F I,1,282.28
2025-10-15,9:45:27.816737484,T,IBM,F I,1,282.28
2025-10-15,9:45:27.816803646,T,IBM,F I,1,282.28
2025-10-15,9:45:27.816911857,T,IBM,F I,1,282.28
2025-10-15,9:45:40.412581564,T,IBM,F I,2,282.28
2025-10-15,9:45:40.522099238,T,IBM,F,100,282.23
2025-10-15,9:45:49.618304758,T,IBM,F I,1,282.05
2025-10-15,9:45:54.522003985,T,IBM,F I,1,282.07
2025-10-15,9:45:58.925230827,T,IBM,F I,1,282.09
2025-10-15,9:45:58.925290865,T,IBM,F I,1,282.08
2025-10-15,9:45:58.925402233,T,IBM,I,1,282.09
2025-10-15,9:46:00.011882759,T,IBM,F I,50,282.11
2025-10-15,9:46:00.011885736,T,IBM,F I,2,282.13
2025-10-15,9:46:04.366820985,T,IBM,F I,2,282.1
2025-10-15,9:46:04.366824230,T,IBM,F I,50,282.11
2025-10-15,9:46:04.366824230,T,IBM,F I,2,282.11
2025-10-15,9:46:21.631697201,T,IBM,F I,50,282.11
2025-10-15,9:46:21.631697201,T,IBM,F I,2,282.11
2025-10-15,9:46:21.631718208,T,IBM,F I,2,282.12
2025-10-15,9:46:21.631718208,T,IBM,F I,8,282.12
2025-10-15,9:46:21.631754310,T,IBM,F I,1,282.15
2025-10-15,9:46:21.631754310,T,IBM,F I,9,282.15
2025-10-15,9:46:21.631769752,T,IBM,F,100,282.15
2025-10-15,9:46:21.631769752,T,IBM,F I,18,282.21
2025-10-15,9:46:25.201721310,T,IBM,F I,2,282.12
2025-10-15,9:46:25.211272113,T,IBM,I,2,282.1
2025-10-15,9:46:25.211275146,T,IBM,I,2,282.09
2025-10-15,9:46:25.211275146,T,IBM,I,2,282.07
2025-10-15,9:46:25.217590136,T,IBM,I,2,282.07
2025-10-15,9:46:31.020291714,T,IBM,F I,2,281.99
2025-10-15,9:46:31.636581971,T,IBM,F I,2,281.99
2025-10-15,9:46:36.717042038,T,IBM,I,1,282.02
2025-10-15,9:46:36.717066164,T,IBM,F I,19,282.02
2025-10-15,9:46:36.717096908,T,IBM,F I,37,282.03
2025-10-15,9:46:36.717099158,T,IBM,F,100,282.03
2025-10-15,9:46:36.717120245,T,IBM,F I,20,282.04
2025-10-15,9:46:36.717421014,T,IBM,F I,39,282.12
2025-10-15,9:46:36.718022358,T,IBM,F I,42,282.1
2025-10-15,9:46:40.462425783,T,IBM,I,25,282.13
2025-10-15,9:46:40.483445783,T,IBM,I,2,282.04
2025-10-15,9:46:40.483449059,T,IBM,I,2,282.01
2025-10-15,9:46:40.483449059,T,IBM,I,96,282.01
2025-10-15,9:46:40.522598999,T,IBM,F I,21,281.99
2025-10-15,9:46:40.522773636,T,IBM,F I,79,281.99
2025-10-15,9:46:40.522950831,T,IBM,F,100,281.96
2025-10-15,9:46:40.522953904,T,IBM,F I,1,281.95
2025-10-15,9:46:40.522953904,T,IBM,F I,19,281.95
2025-10-15,9:46:40.523269669,T,IBM,F I,1,281.95
2025-10-15,9:46:40.523624526,T,IBM,I,9,281.95
2025-10-15,9:46:40.560197528,T,IBM,I,28,281.98
2025-10-15,9:46:40.675137140,T,IBM,I,2,281.92
2025-10-15,9:46:40.675137140,T,IBM,I,2,281.91
2025-10-15,9:46:40.675140141,T,IBM,I,2,281.91
2025-10-15,9:46:41.357615377,T,IBM,I,5,282.05
2025-10-15,9:46:41.357615377,T,IBM,I,2,282.05
2025-10-15,9:46:41.357617918,T,IBM,I,5,282.05
2025-10-15,9:47:00.237781013,T,IBM,I,2,282.01
2025-10-15,9:47:00.237781013,T,IBM,I,2,282.03
2025-10-15,9:47:00.237784243,T,IBM,I,1,282.04
2025-10-15,9:47:00.237786999,T,IBM,I,2,282.05
2025-10-15,9:47:00.237786999,T,IBM,I,50,282.06
2025-10-15,9:47:00.237790013,T,IBM,I,96,282.07
2025-10-15,9:47:00.237801959,T,IBM,I,1,282.07
2025-10-15,9:47:01.366391832,T,IBM,I,56,281.99
2025-10-15,9:47:04.802356791,T,IBM,F I,22,282.07
2025-10-15,9:47:04.802389798,T,IBM,I,65,282.09
2025-10-15,9:47:10.625834833,T,IBM,,100,282.045
2025-10-15,9:47:11.667502692,T,IBM,F I,2,282.01
2025-10-15,9:47:11.667505657,T,IBM,F I,2,282.01
2025-10-15,9:47:11.667505657,T,IBM,F I,2,282.01
2025-10-15,9:47:11.668591399,T,IBM,F,100,281.97
2025-10-15,9:47:11.668594763,T,IBM,F I,2,281.97
2025-10-15,9:47:11.668597377,T,IBM,F I,2,281.97
2025-10-15,9:47:11.668597377,T,IBM,F I,88,281.96
2025-10-15,9:47:11.668600416,T,IBM,F I,94,281.96
2025-10-15,9:47:11.668603302,T,IBM,F I,6,281.96
2025-10-15,9:47:11.668609644,T,IBM,F I,4,281.96
2025-10-15,9:47:11.669267925,T,IBM,I,94,281.95
2025-10-15,9:47:11.669276920,T,IBM,I,6,281.95
2025-10-15,9:47:11.669385134,T,IBM,I,16,281.97
2025-10-15,9:47:11.680346294,T,IBM,F I,89,281.96
2025-10-15,9:47:11.680367354,T,IBM,I,1,281.96
2025-10-15,9:47:11.680391818,T,IBM,F I,10,281.96
2025-10-15,9:47:11.680395281,T,IBM,F I,1,281.96
2025-10-15,9:47:11.680395281,T,IBM,I,11,281.96
2025-10-15,9:47:15.391764608,T,IBM,F,100,282.045
2025-10-15,9:47:15.391764608,T,IBM,F I,2,281.99
2025-10-15,9:47:15.391767077,T,IBM,F I,2,281.99
2025-10-15,9:47:15.391767077,T,IBM,F I,84,281.98
2025-10-15,9:47:15.391857312,T,IBM,I,3,281.98
2025-10-15,9:47:23.124926467,T,IBM,F I,2,282.03
2025-10-15,9:47:25.739979146,T,IBM,F I,2,282.07
2025-10-15,9:47:25.740529455,T,IBM,F I,1,282.09
2025-10-15,9:47:25.740535462,T,IBM,F I,13,282.1
2025-10-15,9:47:25.997990447,T,IBM,F I,2,282.15
2025-10-15,9:47:25.998014745,T,IBM,F,100,282.18
2025-10-15,9:47:25.998014745,T,IBM,F I,16,282.18
2025-10-15,9:47:33.337386434,T,IBM,F I,1,282.22
2025-10-15,9:47:36.720163838,T,IBM,I,1,282.24
2025-10-15,9:47:36.720181829,T,IBM,F I,19,282.24
2025-10-15,9:47:36.720184943,T,IBM,F I,1,282.24
2025-10-15,9:47:46.008072634,T,IBM,F I,2,282.03
2025-10-15,9:47:46.008075624,T,IBM,F I,2,282.03
2025-10-15,9:47:46.008075624,T,IBM,F I,96,282.01
2025-10-15,9:47:46.008091539,T,IBM,F I,4,282.01
2025-10-15,9:47:46.008093779,T,IBM,I,50,282.01
2025-10-15,9:47:46.008147790,T,IBM,I,2,282.05
2025-10-15,9:47:46.008150869,T,IBM,I,18,282.07
2025-10-15,9:47:46.008174831,T,IBM,I,1,282.07
2025-10-15,9:47:46.008180842,T,IBM,I,1,282.07
2025-10-15,9:47:46.008180842,T,IBM,I,37,282.07
2025-10-15,9:47:46.008198976,T,IBM,I,1,282.06
2025-10-15,9:47:46.008499654,T,IBM,F I,1,282.07
2025-10-15,9:47:46.248398744,T,IBM,F I,39,282.04
2025-10-15,9:47:46.401063226,T,IBM,F I,2,282.08
2025-10-15,9:47:46.401063226,T,IBM,F I,2,282.09
2025-10-15,9:47:52.215688162,T,IBM,F I,3,282.135
2025-10-15,9:47:53.472118316,T,IBM,F I,3,282.07
2025-10-15,9:47:53.472443077,T,IBM,I,3,282.07
2025-10-15,9:47:53.503128303,T,IBM,I,6,282.07
2025-10-15,9:47:53.503128303,T,IBM,I,3,282.06
2025-10-15,9:47:53.503131332,T,IBM,I,1,282.06
2025-10-15,9:47:54.403579863,T,IBM,F I,2,282.01
2025-10-15,9:47:54.403579863,T,IBM,F I,2,282.03
2025-10-15,9:47:54.403588839,T,IBM,I,2,282.06
2025-10-15,9:47:54.403588839,T,IBM,I,29,282.07
2025-10-15,9:47:54.403610024,T,IBM,I,1,282.07
2025-10-15,9:47:54.403612898,T,IBM,I,1,282.07
2025-10-15,9:47:54.403621884,T,IBM,I,25,282.07
2025-10-15,9:47:54.403621884,T,IBM,I,2,282.07
2025-10-15,9:47:54.403649174,T,IBM,F I,27,282.07
2025-10-15,9:47:54.518793094,T,IBM,F I,1,282.07
2025-10-15,9:47:59.932578745,T,IBM,F I,17,282.06
2025-10-15,9:47:59.932581728,T,IBM,F I,63,282.06
2025-10-15,9:48:02.935428736,T,IBM,F I,2,282.15
2025-10-15,9:48:02.935431876,T,IBM,F I,2,282.16
2025-10-15,9:48:02.935431876,T,IBM,F I,14,282.17
2025-10-15,9:48:02.935434624,T,IBM,F I,8,282.17
2025-10-15,9:48:02.935449736,T,IBM,F I,3,282.17
2025-10-15,9:48:02.935452715,T,IBM,F I,1,282.17
2025-10-15,9:48:07.004920828,T,IBM,F I,2,282.17
2025-10-15,9:48:07.004920828,T,IBM,F I,2,282.16
2025-10-15,9:48:07.757002133,T,IBM,I,4,282.175
2025-10-15,9:48:08.137636373,T,IBM,F I,2,282.09
2025-10-15,9:48:08.137636373,T,IBM,F I,2,282.09
2025-10-15,9:48:10.246593153,T,IBM,I,2,282.03
2025-10-15,9:48:10.246596494,T,IBM,I,2,282.01
2025-10-15,9:48:10.246602941,T,IBM,,100,282.01
2025-10-15,9:48:10.246602941,T,IBM,,398,282.0
2025-10-15,9:48:10.246614227,T,IBM,F,102,282.0
2025-10-15,9:48:10.246617202,T,IBM,F I,1,282.0
2025-10-15,9:48:10.246617202,T,IBM,F I,1,282.0
2025-10-15,9:48:10.246656372,T,IBM,F I,1,281.99
2025-10-15,9:48:10.246659341,T,IBM,F I,84,281.96
2025-10-15,9:48:10.246710405,T,IBM,F I,4,281.96
2025-10-15,9:48:10.246710405,T,IBM,F,100,281.96
2025-10-15,9:48:10.246713464,T,IBM,F,100,281.96
2025-10-15,9:48:10.246792641,T,IBM,F,100,282.0
2025-10-15,9:48:10.246873829,T,IBM,F I,15,282.0
2025-10-15,9:48:10.247041276,T,IBM,F I,22,281.99
2025-10-15,9:48:10.247044669,T,IBM,F I,16,281.99
2025-10-15,9:48:10.247095400,T,IBM,I,33,281.96
2025-10-15,9:48:10.247624753,T,IBM,I,5,282.0
2025-10-15,9:48:10.247631426,T,IBM,I,1,282.0
2025-10-15,9:48:10.247631426,T,IBM,I,5,282.0
2025-10-15,9:48:10.247633668,T,IBM,I,70,282.0
2025-10-15,9:48:10.247669774,T,IBM,I,24,282.0
2025-10-15,9:48:10.249525166,T,IBM,F I,25,281.86
2025-10-15,9:48:10.249528309,T,IBM,F I,14,281.86
2025-10-15,9:48:10.249618744,T,IBM,I,17,281.89
2025-10-15,9:48:10.283497082,T,IBM,I,2,281.87
2025-10-15,9:48:10.284902042,T,IBM,F I,75,281.85
2025-10-15,9:48:10.284904781,T,IBM,F I,50,281.85
2025-10-15,9:48:10.284904781,T,IBM,F I,75,281.84
2025-10-15,9:48:10.346623648,T,IBM,F I,2,281.84
2025-10-15,9:48:10.346623648,T,IBM,F I,2,281.83
2025-10-15,9:48:10.346626345,T,IBM,F I,96,281.81
2025-10-15,9:48:10.346641283,T,IBM,I,1,281.81
2025-10-15,9:48:10.506387645,T,IBM,I,3,281.81
2025-10-15,9:48:10.507037160,T,IBM,F I,1,281.77
2025-10-15,9:48:10.607046276,T,IBM,F I,1,281.76
2025-10-15,9:48:10.607377775,T,IBM,F I,1,281.69
2025-10-15,9:48:10.620632630,T,IBM,I,2,281.74
2025-10-15,9:48:12.294456390,T,IBM,F I,2,281.75
2025-10-15,9:48:19.351771676,T,IBM,I,40,281.73
2025-10-15,9:48:26.706474353,T,IBM,F,100,281.55
2025-10-15,9:48:26.706474353,T,IBM,F I,1,281.55
2025-10-15,9:48:26.706489261,T,IBM,F I,1,281.55
2025-10-15,9:48:26.706489261,T,IBM,F I,1,281.54
2025-10-15,9:48:26.706492423,T,IBM,F,100,281.54
2025-10-15,9:48:26.706495221,T,IBM,F I,1,281.52
2025-10-15,9:48:26.770584545,T,IBM,F I,2,281.39
2025-10-15,9:48:26.770586913,T,IBM,F I,2,281.36
2025-10-15,9:48:26.770589864,T,IBM,F I,96,281.29
2025-10-15,9:48:26.775527814,T,IBM,I,50,281.46
2025-10-15,9:48:26.775527814,T,IBM,I,25,281.465
2025-10-15,9:48:29.758689506,T,IBM,I,2,281.41
2025-10-15,9:48:29.758692611,T,IBM,I,1,281.4
2025-10-15,9:48:46.751722244,T,IBM,I,2,281.39
2025-10-15,9:48:49.384956108,T,IBM,F I,2,281.37
2025-10-15,9:48:49.700897325,T,IBM,I,8,281.39
2025-10-15,9:48:51.290599004,T,IBM,F I,20,281.4
2025-10-15,9:48:51.400568409,T,IBM,I,5,281.45
2025-10-15,9:48:51.400570995,T,IBM,I,1,281.45
2025-10-15,9:48:51.400573730,T,IBM,I,1,281.45
2025-10-15,9:48:51.400588772,T,IBM,F I,2,281.46
2025-10-15,9:49:05.984417526,T,IBM,F I,20,281.4
2025-10-15,9:49:05.985025067,T,IBM,I,1,281.45
2025-10-15,9:49:05.985367785,T,IBM,F I,26,281.52
2025-10-15,9:49:05.985367785,T,IBM,F I,14,281.52
2025-10-15,9:49:05.985367785,T,IBM,F I,2,281.52
2025-10-15,9:49:05.985915801,T,IBM,F I,11,281.52
2025-10-15,9:49:05.985918201,T,IBM,F I,12,281.52
2025-10-15,9:49:05.985924357,T,IBM,F I,23,281.52
2025-10-15,9:49:05.985924357,T,IBM,F I,23,281.52
2025-10-15,9:49:05.985930736,T,IBM,I,23,281.52
2025-10-15,9:49:05.985930736,T,IBM,I,23,281.52
2025-10-15,9:49:05.985933341,T,IBM,F I,8,281.52
2025-10-15,9:49:05.985939233,T,IBM,F,200,281.55
2025-10-15,9:49:05.985945217,T,IBM,F I,54,281.52
2025-10-15,9:49:05.985960206,T,IBM,F I,79,281.52
2025-10-15,9:49:09.251996700,T,IBM,,100,281.57
2025-10-15,9:49:10.889398216,T,IBM,F I,2,281.54
2025-10-15,9:49:10.889401037,T,IBM,F I,2,281.53
2025-10-15,9:49:10.889401037,T,IBM,F I,89,281.51
2025-10-15,9:49:10.890336195,T,IBM,I,2,281.58
2025-10-15,9:49:10.890336195,T,IBM,I,75,281.61
2025-10-15,9:49:10.890369503,T,IBM,F I,34,281.64
2025-10-15,9:49:10.890369503,T,IBM,F I,2,281.64
2025-10-15,9:49:10.890372637,T,IBM,F I,15,281.64
2025-10-15,9:49:10.890372637,T,IBM,F I,26,281.64
2025-10-15,9:49:10.890513542,T,IBM,F I,2,281.65
2025-10-15,9:49:10.891319425,T,IBM,I,15,281.74
2025-10-15,9:49:13.813872166,T,IBM,I,40,281.75
2025-10-15,9:49:13.824905395,T,IBM,I,30,281.75
2025-10-15,9:49:13.839387861,T,IBM,I,5,281.75
2025-10-15,9:49:18.728893342,T,IBM,F I,1,281.77
2025-10-15,9:49:25.171349920,T,IBM,F I,5,281.85
2025-10-15,9:49:25.171416123,T,IBM,I,1,281.88
2025-10-15,9:49:25.171876152,T,IBM,F I,13,281.9
2025-10-15,9:49:29.721010287,T,IBM,I,10,281.85
2025-10-15,9:49:34.439661061,T,IBM,I,75,281.85
2025-10-15,9:49:36.456496468,T,IBM,,100,281.84
2025-10-15,9:49:36.486303395,T,IBM,I,2,281.95
2025-10-15,9:49:50.161501683,T,IBM,F I,1,281.95
2025-10-15,9:49:50.161501683,T,IBM,F I,35,281.95
2025-10-15,9:49:50.161506672,T,IBM,F I,12,281.96
2025-10-15,9:49:50.161506672,T,IBM,F I,2,281.96
2025-10-15,9:49:50.161509620,T,IBM,F I,11,281.96
2025-10-15,9:49:50.161512719,T,IBM,F I,10,281.96
2025-10-15,9:49:50.161879526,T,IBM,F I,2,281.98
2025-10-15,9:49:50.161900592,T,IBM,F I,20,281.99
2025-10-15,9:49:50.163969525,T,IBM,F I,59,281.96
2025-10-15,9:49:51.217284220,T,IBM,F I,28,282.06
2025-10-15,9:49:51.217287143,T,IBM,F I,7,282.07
2025-10-15,9:50:02.118494714,T,IBM,I,1,282.11
2025-10-15,9:50:03.009841107,T,IBM,F I,2,282.07
2025-10-15,9:50:03.009841107,T,IBM,F I,2,282.06
2025-10-15,9:50:03.120273182,T,IBM,F I,2,282.03
2025-10-15,9:50:03.120275822,T,IBM,F I,2,282.03
2025-10-15,9:50:03.120278619,T,IBM,F I,2,282.03
2025-10-15,9:50:03.120278619,T,IBM,F I,2,282.02
2025-10-15,9:50:03.309964161,T,IBM,F I,1,282.1
2025-10-15,9:50:03.685633601,T,IBM,F I,2,282.05
2025-10-15,9:50:03.685637004,T,IBM,F I,2,282.05
2025-10-15,9:50:03.685637004,T,IBM,F I,2,282.04
2025-10-15,9:50:03.685639615,T,IBM,F I,2,282.03
2025-10-15,9:50:05.812371708,T,IBM,I,1,282.0
2025-10-15,9:50:10.409990290,T,IBM,F I,75,281.97
2025-10-15,9:50:10.410429485,T,IBM,F,100,281.94
2025-10-15,9:50:10.410429485,T,IBM,F,100,281.94
2025-10-15,9:50:10.410486524,T,IBM,F I,1,281.92
2025-10-15,9:50:16.003119958,T,IBM,F I,2,281.88
2025-10-15,9:50:16.003119958,T,IBM,F I,2,281.89
2025-10-15,9:50:16.003122915,T,IBM,F I,2,281.89
2025-10-15,9:50:22.749696605,T,IBM,F I,2,281.89
2025-10-15,9:50:49.801929067,T,IBM,I,2,281.855
2025-10-15,9:50:51.307003051,T,IBM,F I,2,281.97
2025-10-15,9:50:51.307318959,T,IBM,F I,2,282.02
2025-10-15,9:50:51.307318959,T,IBM,F I,1,282.02
2025-10-15,9:50:51.307322164,T,IBM,F I,11,282.02
2025-10-15,9:50:51.307324957,T,IBM,F I,24,282.02
2025-10-15,9:50:51.307324957,T,IBM,F I,38,282.02
2025-10-15,9:50:51.307391055,T,IBM,F I,5,282.02
2025-10-15,9:50:51.307649689,T,IBM,F I,2,282.02
2025-10-15,9:50:54.390688468,T,IBM,F,100,282.0
2025-10-15,9:50:54.394474434,T,IBM,I,2,281.99
2025-10-15,9:50:54.394474434,T,IBM,I,2,281.99
2025-10-15,9:51:00.426973914,T,IBM,F I,2,281.93
2025-10-15,9:51:00.426979926,T,IBM,F,100,281.93
2025-10-15,9:51:00.426979926,T,IBM,F I,2,281.92
2025-10-15,9:51:00.426983167,T,IBM,F I,2,281.91
2025-10-15,9:51:00.426983167,T,IBM,F I,1,281.91
2025-10-15,9:51:00.426985981,T,IBM,F I,93,281.88
2025-10-15,9:51:00.427022909,T,IBM,F I,7,281.88
2025-10-15,9:51:00.427025049,T,IBM,F I,1,281.88
2025-10-15,9:51:00.427028109,T,IBM,F,142,281.87
2025-10-15,9:51:00.427617500,T,IBM,F I,1,281.88
2025-10-15,9:51:00.427644508,T,IBM,F I,58,281.88
2025-10-15,9:51:00.439733631,T,IBM,I,41,281.88
2025-10-15,9:51:00.439736572,T,IBM,I,58,281.87
2025-10-15,9:51:00.439736572,T,IBM,I,49,281.87
2025-10-15,9:51:00.439760440,T,IBM,I,1,281.87
2025-10-15,9:51:00.439784460,T,IBM,F I,40,281.87
2025-10-15,9:51:05.770536430,T,IBM,I,1,281.91
2025-10-15,9:51:05.770539377,T,IBM,I,8,281.91
2025-10-15,9:51:06.005287168,T,IBM,F I,4,281.95
2025-10-15,9:51:06.240152356,T,IBM,F I,2,281.99
2025-10-15,9:51:06.256276731,T,IBM,,100,281.99
2025-10-15,9:51:09.744454978,T,IBM,,100,281.99
2025-10-15,9:51:11.563383352,T,IBM,F I,2,281.99
2025-10-15,9:51:20.385825901,T,IBM,F I,2,281.92
2025-10-15,9:51:26.365158713,T,IBM,F I,2,281.98
2025-10-15,9:51:34.596192577,T,IBM,F I,1,282.04
2025-10-15,9:51:34.596195230,T,IBM,F I,1,282.04
2025-10-15,9:51:36.340296309,T,IBM,F I,1,282.09
2025-10-15,9:51:36.340302973,T,IBM,F I,1,282.09
2025-10-15,9:51:36.340302973,T,IBM,F I,45,282.1
2025-10-15,9:51:36.340302973,T,IBM,F I,11,282.1
2025-10-15,9:51:36.340305567,T,IBM,F,197,282.1
2025-10-15,9:51:36.340321047,T,IBM,I,1,282.1
2025-10-15,9:51:36.340326616,T,IBM,F I,12,282.1
2025-10-15,9:51:36.340341531,T,IBM,F,200,282.1
2025-10-15,9:51:38.356172812,T,IBM,F I,30,282.17
2025-10-15,9:51:38.356176093,T,IBM,F I,30,282.17
2025-10-15,9:51:38.356190651,T,IBM,I,30,282.17
2025-10-15,9:51:38.356196580,T,IBM,F I,10,282.17
2025-10-15,9:51:38.356199597,T,IBM,F I,2,282.18
2025-10-15,9:51:38.356199597,T,IBM,F I,18,282.18
2025-10-15,9:51:38.356217828,T,IBM,F I,10,282.18
2025-10-15,9:51:42.754882538,T,IBM,I,50,282.21
2025-10-15,9:51:50.269030744,T,IBM,F I,2,282.2
2025-10-15,9:51:50.269081557,T,IBM,F I,2,282.19
2025-10-15,9:51:51.431095975,T,IBM,F I,32,282.14
2025-10-15,9:51:51.431099066,T,IBM,F I,2,282.14
2025-10-15,9:51:51.431120039,T,IBM,F,100,282.13
2025-10-15,9:51:51.431138409,T,IBM,I,1,282.13
2025-10-15,9:51:51.431141469,T,IBM,I,71,282.13
2025-10-15,9:51:51.431144773,T,IBM,I,28,282.13
2025-10-15,9:51:57.618716836,T,IBM,F I,50,282.21
2025-10-15,9:51:57.618720004,T,IBM,F I,2,282.21
2025-10-15,9:51:57.618720004,T,IBM,F I,2,282.21
2025-10-15,9:51:57.618722794,T,IBM,F I,2,282.22
2025-10-15,9:51:57.618745111,T,IBM,F I,2,282.23
2025-10-15,9:51:57.618745111,T,IBM,F I,49,282.25
2025-10-15,9:51:57.618750197,T,IBM,F I,6,282.25
2025-10-15,9:51:57.618764943,T,IBM,I,1,282.25
2025-10-15,9:51:57.618993481,T,IBM,F I,1,282.25
2025-10-15,9:51:57.619387400,T,IBM,F I,3,282.27
2025-10-15,9:51:57.619513760,T,IBM,F I,1,282.29
2025-10-15,9:51:57.619516724,T,IBM,F I,1,282.3
2025-10-15,9:51:57.619573896,T,IBM,F I,3,282.3
2025-10-15,9:51:57.620145535,T,IBM,I,12,282.36
2025-10-15,9:51:57.620145535,T,IBM,I,14,282.36
2025-10-15,9:51:57.874175216,T,IBM,F I,67,282.41
2025-10-15,9:51:57.874175216,T,IBM,F I,33,282.41
2025-10-15,9:51:57.874205239,T,IBM,F I,67,282.42
2025-10-15,9:51:57.941021091,T,IBM,F I,15,282.51
2025-10-15,9:51:57.941036331,T,IBM,I,15,282.51
2025-10-15,9:51:58.142494808,T,IBM,F I,15,282.52
2025-10-15,9:51:58.142690488,T,IBM,I,2,282.44
2025-10-15,9:51:58.142690488,T,IBM,I,88,282.44
2025-10-15,9:51:58.142732332,T,IBM,I,12,282.44
2025-10-15,9:51:58.142735392,T,IBM,I,2,282.43
2025-10-15,9:51:58.142741646,T,IBM,I,2,282.43
2025-10-15,9:51:58.142741646,T,IBM,I,2,282.43
2025-10-15,9:51:58.142744681,T,IBM,I,25,282.425
2025-10-15,9:51:58.142748346,T,IBM,I,38,282.42
2025-10-15,9:51:58.142748346,T,IBM,I,9,282.42
2025-10-15,9:51:58.142754005,T,IBM,I,1,282.42
2025-10-15,9:51:58.153597161,T,IBM,I,2,282.47
2025-10-15,9:51:58.153600882,T,IBM,I,2,282.47
2025-10-15,9:51:58.153603347,T,IBM,I,2,282.48
2025-10-15,9:51:58.153603347,T,IBM,I,32,282.48
2025-10-15,9:51:58.687022181,T,IBM,F I,2,282.47
2025-10-15,9:51:58.687028560,T,IBM,F I,2,282.49
2025-10-15,9:51:58.687031589,T,IBM,F I,2,282.49
2025-10-15,9:51:58.687037277,T,IBM,F I,32,282.52
2025-10-15,9:52:01.535914626,T,IBM,I,6,282.52
2025-10-15,9:52:01.535914626,T,IBM,I,8,282.52
2025-10-15,9:52:02.536240056,T,IBM,F I,2,282.49
2025-10-15,9:52:11.898073768,T,IBM,F I,10,282.68
2025-10-15,9:52:11.898124923,T,IBM,F I,10,282.68
2025-10-15,9:52:11.898194023,T,IBM,F I,10,282.68
2025-10-15,9:52:11.898197105,T,IBM,F I,10,282.68
2025-10-15,9:52:11.898206048,T,IBM,F I,10,282.68
2025-10-15,9:52:11.898212074,T,IBM,F I,11,282.68
2025-10-15,9:52:11.916393428,T,IBM,I,9,282.63
2025-10-15,9:52:16.235720346,T,IBM,F,100,282.51
2025-10-15,9:52:16.235735407,T,IBM,F,100,282.51
2025-10-15,9:52:16.235766021,T,IBM,F I,1,282.49
2025-10-15,9:52:39.952501678,T,IBM,F I,2,282.63
2025-10-15,9:52:43.028464630,T,IBM,F I,2,282.65
2025-10-15,9:52:43.028513578,T,IBM,F,100,282.67
2025-10-15,9:52:43.028753233,T,IBM,F I,20,282.69
2025-10-15,9:52:43.028765284,T,IBM,F I,20,282.69
2025-10-15,9:52:43.028771300,T,IBM,F I,20,282.69
2025-10-15,9:52:43.028771300,T,IBM,I,20,282.69
2025-10-15,9:52:43.028777275,T,IBM,F I,15,282.69
2025-10-15,9:52:43.028795380,T,IBM,F I,5,282.69
2025-10-15,9:52:43.028799170,T,IBM,F I,1,282.69
2025-10-15,9:52:43.028801728,T,IBM,F I,10,282.7
2025-10-15,9:52:43.028804351,T,IBM,F I,4,282.7
2025-10-15,9:52:43.028826226,T,IBM,I,6,282.7
2025-10-15,9:52:46.334607549,T,IBM,F,100,282.835
2025-10-15,9:52:57.652937993,T,IBM,I,55,282.98
2025-10-15,9:52:57.653052253,T,IBM,F I,10,282.99
2025-10-15,9:52:57.653491322,T,IBM,F I,11,283.04
2025-10-15,9:52:57.653713784,T,IBM,F I,9,283.07
2025-10-15,9:52:59.967719769,T,IBM,F I,20,283.0
2025-10-15,9:52:59.968255064,T,IBM,F I,2,283.03
2025-10-15,9:52:59.968255064,T,IBM,F I,12,283.03
2025-10-15,9:52:59.968324350,T,IBM,F I,1,283.04
2025-10-15,9:52:59.968324350,T,IBM,F I,1,283.04
2025-10-15,9:53:05.243200210,T,IBM,F I,2,283.07
2025-10-15,9:53:07.957669485,T,IBM,I,2,283.11
2025-10-15,9:53:07.957672540,T,IBM,I,2,283.11
2025-10-15,9:53:07.957675484,T,IBM,I,1,283.11
2025-10-15,9:53:08.554503336,T,IBM,F,177,283.09
2025-10-15,9:53:08.554623622,T,IBM,F,100,283.04
2025-10-15,9:53:08.554647744,T,IBM,F,100,283.03
2025-10-15,9:53:08.555044765,T,IBM,F I,6,283.03
2025-10-15,9:53:08.575682809,T,IBM,,100,282.99
2025-10-15,9:53:08.575703851,T,IBM,I,78,283.0
2025-10-15,9:53:08.577628461,T,IBM,,188,282.98
2025-10-15,9:53:08.577634475,T,IBM,F I,78,282.99
2025-10-15,9:53:08.577658431,T,IBM,I,1,282.99
2025-10-15,9:53:08.600903776,T,IBM,F I,2,282.97
2025-10-15,9:53:18.205848493,T,IBM,F I,2,282.94
2025-10-15,9:53:20.031792394,T,IBM,F I,2,282.94
2025-10-15,9:53:20.031792394,T,IBM,F I,2,282.93
2025-10-15,9:53:20.031795659,T,IBM,F,100,282.93
2025-10-15,9:53:20.031795659,T,IBM,F I,46,282.92
2025-10-15,9:53:20.031816697,T,IBM,F I,54,282.92
2025-10-15,9:53:20.031822729,T,IBM,F I,50,282.92
2025-10-15,9:53:20.031822729,T,IBM,F I,2,282.92
2025-10-15,9:53:20.031825586,T,IBM,F,100,282.91
2025-10-15,9:53:20.031828582,T,IBM,F I,10,282.91
2025-10-15,9:53:20.031843938,T,IBM,F I,90,282.91
2025-10-15,9:53:20.031843938,T,IBM,F I,6,282.91
2025-10-15,9:53:20.031873608,T,IBM,F I,10,282.9
2025-10-15,9:53:25.519957139,T,IBM,F I,2,282.88
2025-10-15,9:53:39.908558369,T,IBM,I,2,282.84
2025-10-15,9:53:39.908561419,T,IBM,I,2,282.84
2025-10-15,9:53:39.908561419,T,IBM,I,1,282.85
2025-10-15,9:53:50.065830698,T,IBM,F I,1,282.8
2025-10-15,9:53:50.085653882,T,IBM,I,25,282.835
2025-10-15,9:53:57.462834608,T,IBM,F I,1,282.79
2025-10-15,9:53:57.463156458,T,IBM,F I,1,282.81
2025-10-15,9:53:57.463159350,T,IBM,F I,2,282.81
2025-10-15,9:53:57.463244208,T,IBM,F I,10,282.82
2025-10-15,9:53:57.473260404,T,IBM,F I,7,282.83
2025-10-15,9:54:06.871309079,T,IBM,I,2,282.88
2025-10-15,9:54:10.362933633,T,IBM,F I,25,282.89
2025-10-15,9:54:29.834421245,T,IBM,I,2,282.9
2025-10-15,9:54:29.834466310,T,IBM,I,44,282.91
2025-10-15,9:54:29.834466310,T,IBM,I,10,282.91
2025-10-15,9:54:29.834487355,T,IBM,I,1,282.91
2025-10-15,9:54:29.844717925,T,IBM,,100,282.96
2025-10-15,9:54:29.845601828,T,IBM,F I,14,283.01
2025-10-15,9:54:29.845686024,T,IBM,F I,20,283.02
2025-10-15,9:54:29.845902585,T,IBM,I,15,283.02
2025-10-15,9:54:32.273269450,T,IBM,,100,283.11
2025-10-15,9:54:32.273401816,T,IBM,I,51,283.11
2025-10-15,9:54:32.273711581,T,IBM,F I,12,283.16
2025-10-15,9:54:32.273714575,T,IBM,F I,10,283.16
2025-10-15,9:54:33.185542390,T,IBM,F I,2,283.16
2025-10-15,9:54:33.185542390,T,IBM,F I,50,283.16
2025-10-15,9:54:33.185545366,T,IBM,F I,2,283.15
2025-10-15,9:54:33.990228011,T,IBM,I,20,283.18
2025-10-15,9:54:34.129119723,T,IBM,I,20,283.18
2025-10-15,9:54:34.413530770,T,IBM,F I,75,283.15
2025-10-15,9:54:48.804823383,T,IBM,I,4,283.19
2025-10-15,9:54:48.805130196,T,IBM,I,50,283.16
2025-10-15,9:54:48.805130196,T,IBM,I,6,283.15
2025-10-15,9:54:48.805283778,T,IBM,F I,41,283.19
2025-10-15,9:54:48.805286556,T,IBM,F I,13,283.19
2025-10-15,9:54:51.143734638,T,IBM,I,13,283.22
2025-10-15,9:54:51.143734638,T,IBM,I,11,283.22
2025-10-15,9:54:51.671656535,T,IBM,F I,15,283.25
2025-10-15,9:54:52.841074518,T,IBM,I,2,283.31
2025-10-15,9:54:52.841074518,T,IBM,I,2,283.3
2025-10-15,9:54:52.841077475,T,IBM,I,6,283.29
2025-10-15,9:54:54.813689695,T,IBM,I,20,283.3
2025-10-15,9:55:01.381361327,T,IBM,I,50,283.39
2025-10-15,9:55:01.381361327,T,IBM,I,24,283.39
2025-10-15,9:55:01.381403446,T,IBM,F I,14,283.4
2025-10-15,9:55:01.381878696,T,IBM,F I,10,283.4
2025-10-15,9:55:01.381878696,T,IBM,F I,8,283.4
2025-10-15,9:55:01.381881492,T,IBM,F I,2,283.4
2025-10-15,9:55:01.404636757,T,IBM,I,1,283.49
2025-10-15,9:55:01.639997968,T,IBM,F I,10,283.57
2025-10-15,9:55:02.249714888,T,IBM,F I,2,283.53
2025-10-15,9:55:02.249717575,T,IBM,F I,2,283.53
2025-10-15,9:55:02.249723567,T,IBM,F I,2,283.53
2025-10-15,9:55:02.249723567,T,IBM,F I,2,283.53
2025-10-15,9:55:02.249726592,T,IBM,F I,15,283.51
2025-10-15,9:55:03.416522672,T,IBM,F I,2,283.58
2025-10-15,9:55:03.416528384,T,IBM,F I,2,283.58
2025-10-15,9:55:03.416528384,T,IBM,F I,67,283.59
2025-10-15,9:55:03.416580079,T,IBM,F I,33,283.59
2025-10-15,9:55:03.416580079,T,IBM,F I,82,283.6
2025-10-15,9:55:03.416597590,T,IBM,I,1,283.6
2025-10-15,9:55:03.416609889,T,IBM,F I,17,283.6
2025-10-15,9:55:03.416609889,T,IBM,F I,15,283.6
2025-10-15,9:55:06.215697412,T,IBM,I,20,283.61
2025-10-15,9:55:15.004742522,T,IBM,F I,2,283.67
2025-10-15,9:55:15.005103586,T,IBM,I,16,283.67
2025-10-15,9:55:15.005103586,T,IBM,I,2,283.67
2025-10-15,9:55:21.300771470,T,IBM,F I,2,283.61
2025-10-15,9:55:21.300771470,T,IBM,F I,2,283.6
2025-10-15,9:55:23.452189393,T,IBM,F I,2,283.53
2025-10-15,9:55:23.452384861,T,IBM,F I,75,283.49
2025-10-15,9:55:23.452432996,T,IBM,F I,25,283.49
2025-10-15,9:55:23.452435971,T,IBM,F I,85,283.48
2025-10-15,9:55:23.452460070,T,IBM,F I,15,283.48
2025-10-15,9:55:23.452460070,T,IBM,F I,5,283.48
2025-10-15,9:55:23.452463383,T,IBM,F I,5,283.48
2025-10-15,9:55:25.241301729,T,IBM,I,1,283.5
2025-10-15,9:55:25.241322847,T,IBM,F I,24,283.5
2025-10-15,9:55:31.696532761,T,IBM,I,25,283.615
2025-10-15,9:55:31.696559849,T,IBM,F I,75,283.615
2025-10-15,9:55:32.357659715,T,IBM,F I,2,283.58
2025-10-15,9:55:45.597787389,T,IBM,F I,75,283.77
2025-10-15,9:55:45.597799484,T,IBM,F I,18,283.77
2025-10-15,9:55:45.597859555,T,IBM,I,7,283.77
2025-10-15,9:55:45.597865643,T,IBM,I,11,283.78
2025-10-15,9:55:45.598217484,T,IBM,I,7,283.78
2025-10-15,9:55:47.227884847,T,IBM,F I,36,283.9
2025-10-15,9:55:47.227887140,T,IBM,F I,88,283.9
2025-10-15,9:55:47.236199053,T,IBM,F I,4,284.01
2025-10-15,9:55:47.343936460,T,IBM,F,100,284.0
2025-10-15,9:55:47.377496393,T,IBM,I,28,284.0
2025-10-15,9:55:47.377523432,T,IBM,F I,72,284.0
2025-10-15,9:55:48.518325480,T,IBM,F,100,284.07
2025-10-15,9:55:48.518325480,T,IBM,F I,2,284.07
2025-10-15,9:55:48.518391488,T,IBM,F,100,284.08
2025-10-15,9:55:55.094167463,T,IBM,F I,89,284.13
2025-10-15,9:55:55.323547471,T,IBM,F I,1,284.25
2025-10-15,9:55:55.323574546,T,IBM,F I,1,284.25
2025-10-15,9:55:55.323619676,T,IBM,F I,2,284.25
2025-10-15,9:56:00.273848763,T,IBM,I,2,284.19
2025-10-15,9:56:00.273875872,T,IBM,F I,2,284.2
2025-10-15,9:56:00.273875872,T,IBM,F I,2,284.21
2025-10-15,9:56:00.273929959,T,IBM,F I,1,284.24
2025-10-15,9:56:00.587681914,T,IBM,F I,2,284.29
2025-10-15,9:56:00.587681914,T,IBM,F I,2,284.29
2025-10-15,9:56:06.552436266,T,IBM,F I,11,284.16
2025-10-15,9:56:06.552457313,T,IBM,F I,89,284.16
2025-10-15,9:56:06.552460268,T,IBM,F I,7,284.16
2025-10-15,9:56:06.920334995,T,IBM,F I,1,284.16
2025-10-15,9:56:06.920368085,T,IBM,F I,1,284.17
2025-10-15,9:56:08.922101620,T,IBM,I,18,284.15
2025-10-15,9:56:08.922122639,T,IBM,I,1,284.15
2025-10-15,9:56:08.922125733,T,IBM,F I,6,284.15
2025-10-15,9:56:09.251000740,T,IBM,F I,2,284.13
2025-10-15,9:56:09.251003613,T,IBM,F I,23,284.11
2025-10-15,9:56:09.251493806,T,IBM,I,1,284.11
2025-10-15,9:56:09.251502790,T,IBM,F I,1,284.11
2025-10-15,9:56:09.940788812,T,IBM,,100,284.05
2025-10-15,9:56:10.751377757,T,IBM,I,1,284.1
2025-10-15,9:56:14.027707655,T,IBM,F I,80,284.17
2025-10-15,9:56:14.027746766,T,IBM,I,20,284.17
2025-10-15,9:56:14.027746766,T,IBM,I,5,284.16
2025-10-15,9:56:14.027746766,T,IBM,I,75,284.16
2025-10-15,9:56:14.028580123,T,IBM,F I,6,284.16
2025-10-15,9:56:19.016897521,T,IBM,F I,32,284.06
2025-10-15,9:56:19.016897521,T,IBM,F I,2,284.06
2025-10-15,9:56:19.016903545,T,IBM,F,100,284.05
2025-10-15,9:56:19.016909878,T,IBM,F I,7,284.05
2025-10-15,9:56:19.028035930,T,IBM,I,2,284.04
2025-10-15,9:56:20.367779513,T,IBM,I,2,283.99
2025-10-15,9:56:20.367783002,T,IBM,I,1,283.99
2025-10-15,9:56:20.367783002,T,IBM,I,2,283.99
2025-10-15,9:56:20.367785480,T,IBM,I,95,283.98
2025-10-15,9:56:21.125084385,T,IBM,F,100,284.02
2025-10-15,9:56:24.242067972,T,IBM,F I,1,284.05
2025-10-15,9:56:26.363474427,T,IBM,F I,1,284.02
2025-10-15,9:56:26.363552669,T,IBM,F I,1,284.02
2025-10-15,9:56:27.292400932,T,IBM,I,1,284.02
2025-10-15,9:56:29.399595567,T,IBM,I,25,284.16
2025-10-15,9:56:29.399625703,T,IBM,F I,75,284.16
2025-10-15,9:56:31.273822717,T,IBM,F I,2,284.05
2025-10-15,9:56:31.273822717,T,IBM,F I,2,284.05
2025-10-15,9:56:31.273828700,T,IBM,F I,2,284.03
2025-10-15,9:56:31.273828700,T,IBM,F I,1,284.02
2025-10-15,9:56:31.273843685,T,IBM,I,93,284.02
2025-10-15,9:56:31.273847039,T,IBM,F I,93,284.02
2025-10-15,9:56:31.273852758,T,IBM,F I,7,284.02
2025-10-15,9:56:31.273852758,T,IBM,F I,86,284.02
2025-10-15,9:56:31.273855734,T,IBM,F I,14,284.02
2025-10-15,9:56:31.274198575,T,IBM,I,1,284.02
2025-10-15,9:56:32.245240444,T,IBM,I,1,284.02
2025-10-15,9:56:32.245243453,T,IBM,I,99,284.01
2025-10-15,9:56:32.245261582,T,IBM,I,1,284.01
2025-10-15,9:56:32.245264483,T,IBM,I,1,284.01
2025-10-15,9:56:32.245264483,T,IBM,I,50,284.01
2025-10-15,9:56:35.482350883,T,IBM,I,46,284.04
2025-10-15,9:56:35.482390111,T,IBM,F I,34,284.06
2025-10-15,9:56:35.483848484,T,IBM,,100,284.04
2025-10-15,9:56:39.778540904,T,IBM,F I,14,283.97
2025-10-15,9:56:39.778543937,T,IBM,F I,86,283.97
2025-10-15,9:56:39.778546799,T,IBM,F I,7,283.97
2025-10-15,9:56:41.875577108,T,IBM,F I,2,283.95
2025-10-15,9:56:43.318039419,T,IBM,F I,2,283.92
2025-10-15,9:56:43.318060229,T,IBM,F,100,283.91
2025-10-15,9:56:43.318063301,T,IBM,F I,7,283.9
2025-10-15,9:56:43.318096320,T,IBM,F I,2,283.89
2025-10-15,9:56:43.321413250,T,IBM,F I,13,283.9
2025-10-15,9:57:08.867230349,T,IBM,F I,1,283.94
2025-10-15,9:57:08.867233392,T,IBM,F I,1,283.94
2025-10-15,9:57:08.867590960,T,IBM,F I,26,283.95
2025-10-15,9:57:08.868799799,T,IBM,F,100,284.0
2025-10-15,9:57:08.869849373,T,IBM,F I,2,284.09
2025-10-15,9:57:08.869849373,T,IBM,F I,1,284.09
2025-10-15,9:57:08.869852659,T,IBM,F I,11,284.09
2025-10-15,9:57:08.869882718,T,IBM,F I,14,284.09
2025-10-15,9:57:08.869900584,T,IBM,F I,24,284.09
2025-10-15,9:57:08.869903633,T,IBM,F I,14,284.1
2025-10-15,9:57:08.869903633,T,IBM,F,100,284.1
2025-10-15,9:57:08.869969732,T,IBM,F I,14,284.1
2025-10-15,9:57:08.870041702,T,IBM,F I,10,284.1
2025-10-15,9:57:09.840439962,T,IBM,I,22,284.16
2025-10-15,9:57:09.843919291,T,IBM,I,23,284.16
2025-10-15,9:57:09.844559771,T,IBM,F I,5,284.16
2025-10-15,9:57:09.844562809,T,IBM,F,100,284.17
2025-10-15,9:57:11.569225721,T,IBM,F I,43,284.25
2025-10-15,9:57:11.569225721,T,IBM,F I,57,284.25
2025-10-15,9:57:11.569228749,T,IBM,F I,33,284.26
2025-10-15,9:57:15.196597207,T,IBM,F I,2,284.23
2025-10-15,9:57:15.196599468,T,IBM,F I,2,284.23
2025-10-15,9:57:18.112262739,T,IBM,I,2,284.27
2025-10-15,9:57:18.112265725,T,IBM,I,2,284.27
2025-10-15,9:57:18.112272099,T,IBM,I,75,284.25
2025-10-15,9:57:18.112272099,T,IBM,I,2,284.23
2025-10-15,9:57:18.112272099,T,IBM,I,19,284.23
2025-10-15,9:57:18.877392368,T,IBM,F I,2,284.25
2025-10-15,9:57:18.877392368,T,IBM,F I,2,284.28
2025-10-15,9:57:20.484030536,T,IBM,,100,284.23
2025-10-15,9:57:20.484030536,T,IBM,I,1,284.2
2025-10-15,9:57:26.777382847,T,IBM,F,100,284.31
2025-10-15,9:57:26.777385855,T,IBM,F I,50,284.31
2025-10-15,9:57:26.777433979,T,IBM,F I,2,284.31
2025-10-15,9:57:28.310787409,T,IBM,F I,2,284.32
2025-10-15,9:57:28.310787409,T,IBM,F I,2,284.31
2025-10-15,9:57:28.313214450,T,IBM,F I,2,284.29
2025-10-15,9:57:28.323122796,T,IBM,I,7,284.24
2025-10-15,9:57:28.323513803,T,IBM,I,40,284.24
2025-10-15,9:57:28.324009822,T,IBM,I,14,284.24
2025-10-15,9:57:28.324397725,T,IBM,I,39,284.24
2025-10-15,9:57:28.324400809,T,IBM,I,5,284.24
2025-10-15,9:57:28.325128579,T,IBM,I,44,284.24
2025-10-15,9:57:28.328962643,T,IBM,F I,32,284.18
2025-10-15,9:57:28.328965629,T,IBM,F I,1,284.16
2025-10-15,9:57:28.328965629,T,IBM,F I,68,284.16
2025-10-15,9:57:28.336991831,T,IBM,F I,2,284.24
2025-10-15,9:57:28.336994811,T,IBM,F I,2,284.24
2025-10-15,9:57:28.336994811,T,IBM,F I,1,284.24
2025-10-15,9:57:28.336998181,T,IBM,F I,1,284.24
2025-10-15,9:57:28.337000773,T,IBM,F I,5,284.24
2025-10-15,9:57:28.337352647,T,IBM,I,6,284.24
2025-10-15,9:57:28.337755565,T,IBM,F I,2,284.24
2025-10-15,9:57:28.337840225,T,IBM,F I,2,284.24
2025-10-15,9:57:28.337842782,T,IBM,F I,2,284.24
2025-10-15,9:57:28.337912640,T,IBM,F I,77,284.24
2025-10-15,9:57:28.337915350,T,IBM,F I,2,284.24
2025-10-15,9:57:28.337917990,T,IBM,F I,1,284.24
2025-10-15,9:57:28.337924749,T,IBM,I,1,284.24
2025-10-15,9:57:28.337927031,T,IBM,I,1,284.24
2025-10-15,9:57:28.338140891,T,IBM,F I,1,284.24
2025-10-15,9:57:28.338140891,T,IBM,F I,3,284.24
2025-10-15,9:57:28.338140891,T,IBM,F I,75,284.24
2025-10-15,9:57:28.340624468,T,IBM,,100,284.24
2025-10-15,9:57:28.341117638,T,IBM,F,100,284.24
2025-10-15,9:57:28.345447858,T,IBM,I,90,284.24
2025-10-15,9:57:28.521496063,T,IBM,F I,2,284.21
2025-10-15,9:57:39.290238192,T,IBM,I,2,284.28
2025-10-15,9:57:40.597005227,T,IBM,F I,2,284.3
2025-10-15,9:57:40.597009222,T,IBM,F I,2,284.36
2025-10-15,9:57:40.597015235,T,IBM,I,43,284.36
2025-10-15,9:57:40.597017238,T,IBM,I,32,284.38
2025-10-15,9:57:40.597020310,T,IBM,I,1,284.38
2025-10-15,9:57:40.597020310,T,IBM,I,4,284.39
2025-10-15,9:57:40.597020310,T,IBM,I,20,284.39
2025-10-15,9:57:40.597026366,T,IBM,F I,2,284.33
2025-10-15,9:57:40.597026366,T,IBM,F I,1,284.39
2025-10-15,9:57:40.597041371,T,IBM,F I,26,284.4
2025-10-15,9:57:40.597065426,T,IBM,F I,1,284.41
2025-10-15,9:57:40.597329980,T,IBM,F I,2,284.41
2025-10-15,9:57:40.597333050,T,IBM,F I,4,284.41
2025-10-15,9:57:40.598647130,T,IBM,F I,2,284.45
2025-10-15,9:57:40.608243005,T,IBM,F I,1,284.55
2025-10-15,9:57:40.608267089,T,IBM,F I,1,284.55
2025-10-15,9:57:40.608267089,T,IBM,F I,1,284.55
2025-10-15,9:57:40.608270035,T,IBM,F I,50,284.55
2025-10-15,9:57:40.608321182,T,IBM,F I,1,284.55
2025-10-15,9:57:40.609075942,T,IBM,F I,1,284.56
2025-10-15,9:57:40.619472290,T,IBM,I,2,284.59
2025-10-15,9:57:40.619475051,T,IBM,I,2,284.58
2025-10-15,9:57:40.619478196,T,IBM,I,2,284.57
2025-10-15,9:57:40.619478196,T,IBM,I,2,284.57
2025-10-15,9:57:40.619480791,T,IBM,I,92,284.53
2025-10-15,9:57:40.625227468,T,IBM,I,2,284.58
2025-10-15,9:57:40.625230831,T,IBM,I,2,284.57
2025-10-15,9:57:40.625230831,T,IBM,I,8,284.53
2025-10-15,9:57:40.625233436,T,IBM,I,45,284.53
2025-10-15,9:57:40.625308634,T,IBM,I,43,284.525
2025-10-15,9:57:40.634814841,T,IBM,I,2,284.53
2025-10-15,9:57:40.634814841,T,IBM,I,2,284.53
2025-10-15,9:57:40.634817281,T,IBM,I,3,284.525
2025-10-15,9:57:40.634829326,T,IBM,I,7,284.525
2025-10-15,9:57:40.635093959,T,IBM,I,91,284.525
2025-10-15,9:57:40.705380209,T,IBM,I,45,284.525
2025-10-15,9:57:40.705452402,T,IBM,I,45,284.525
2025-10-15,9:57:40.705491546,T,IBM,I,10,284.525
2025-10-15,9:57:44.073981929,T,IBM,F I,45,284.53
2025-10-15,9:57:44.073984878,T,IBM,F I,55,284.51
2025-10-15,9:57:46.772672678,T,IBM,F I,75,284.49
2025-10-15,9:57:48.100201142,T,IBM,I,25,284.53
2025-10-15,9:58:00.296059797,T,IBM,F I,3,284.53
2025-10-15,9:58:00.296071763,T,IBM,I,97,284.53
2025-10-15,9:58:00.446709548,T,IBM,F I,2,284.52
2025-10-15,9:58:00.446712724,T,IBM,F I,2,284.51
2025-10-15,9:58:00.446715628,T,IBM,F I,2,284.51
2025-10-15,9:58:00.446715628,T,IBM,F I,2,284.49
2025-10-15,9:58:00.608380352,T,IBM,I,25,284.53
2025-10-15,9:58:03.605552728,T,IBM,F I,2,284.49
2025-10-15,9:58:03.605552728,T,IBM,F I,2,284.49
2025-10-15,9:58:04.186668104,T,IBM,F,100,284.53
2025-10-15,9:58:04.186974978,T,IBM,I,30,284.53
2025-10-15,9:58:04.187489212,T,IBM,F I,2,284.49
2025-10-15,9:58:04.187489212,T,IBM,F I,2,284.49
2025-10-15,9:58:04.187492158,T,IBM,F I,2,284.48
2025-10-15,9:58:04.187765805,T,IBM,F I,2,284.47
2025-10-15,9:58:04.468456966,T,IBM,F I,2,284.47
2025-10-15,9:58:04.468459968,T,IBM,F I,45,284.44
2025-10-15,9:58:04.468459968,T,IBM,F I,53,284.43
2025-10-15,9:58:07.953553008,T,IBM,I,2,284.53
2025-10-15,9:58:08.829842167,T,IBM,F I,2,284.51
2025-10-15,9:58:08.974266984,T,IBM,I,20,284.57
2025-10-15,9:58:09.997801706,T,IBM,I,16,284.57
2025-10-15,9:58:10.204784428,T,IBM,I,25,284.57
2025-10-15,9:58:10.207322489,T,IBM,I,15,284.57
2025-10-15,9:58:10.271483321,T,IBM,I,25,284.57
2025-10-15,9:58:10.274060432,T,IBM,,150,284.57
2025-10-15,9:58:11.004622711,T,IBM,I,23,284.57
2025-10-15,9:58:11.007202739,T,IBM,,150,284.57
2025-10-15,9:58:11.035800914,T,IBM,I,25,284.57
2025-10-15,9:58:11.386943842,T,IBM,I,25,284.57
2025-10-15,9:58:11.389520966,T,IBM,,150,284.57
2025-10-15,9:58:11.391881593,T,IBM,I,3,284.57
2025-10-15,9:58:11.392672479,T,IBM,I,1,284.57
2025-10-15,9:58:11.394419640,T,IBM,,145,284.57
2025-10-15,9:58:11.394720383,T,IBM,I,2,284.57
2025-10-15,9:58:11.912060021,T,IBM,I,10,284.56
2025-10-15,9:58:11.912060021,T,IBM,I,20,284.57
2025-10-15,9:58:13.125184097,T,IBM,F I,2,284.51
2025-10-15,9:58:13.125184097,T,IBM,F I,2,284.51
2025-10-15,9:58:13.125187358,T,IBM,F I,2,284.51
2025-10-15,9:58:13.125229165,T,IBM,F,100,284.49
2025-10-15,9:58:13.125229165,T,IBM,F I,5,284.49
2025-10-15,9:58:13.703084935,T,IBM,I,3,284.53
2025-10-15,9:58:19.342578864,T,IBM,I,1,284.52
2025-10-15,9:58:19.342581930,T,IBM,I,2,284.535
2025-10-15,9:58:19.342624000,T,IBM,F I,2,284.52
2025-10-15,9:58:20.729339376,T,IBM,I,20,284.535
2025-10-15,9:58:22.892882007,T,IBM,I,20,284.535
2025-10-15,9:58:25.047334165,T,IBM,I,9,284.535
2025-10-15,9:58:29.071069497,T,IBM,F I,64,284.55
2025-10-15,9:58:29.071072487,T,IBM,F I,1,284.55
2025-10-15,9:58:31.068966381,T,IBM,F I,10,284.56
2025-10-15,9:58:31.068968975,T,IBM,F I,30,284.59
2025-10-15,9:58:31.068986989,T,IBM,I,1,284.59
2025-10-15,9:58:31.069065134,T,IBM,I,9,284.59
2025-10-15,9:58:39.588268976,T,IBM,F I,10,284.67
2025-10-15,9:58:39.588272420,T,IBM,F I,2,284.66
2025-10-15,9:58:39.588275183,T,IBM,F I,2,284.65
2025-10-15,9:58:39.588278064,T,IBM,F I,2,284.65
2025-10-15,9:58:39.588278064,T,IBM,F I,24,284.64
2025-10-15,9:58:41.107227235,T,IBM,F I,2,284.63
2025-10-15,9:58:41.107227235,T,IBM,F I,2,284.62
2025-10-15,9:58:41.107230345,T,IBM,F I,2,284.61
2025-10-15,9:58:41.107230345,T,IBM,F I,9,284.6
2025-10-15,9:58:41.107401480,T,IBM,F I,15,284.56
2025-10-15,9:58:41.107426536,T,IBM,F I,50,284.56
2025-10-15,9:58:41.107426536,T,IBM,F I,32,284.55
2025-10-15,9:58:41.107428530,T,IBM,F I,19,284.54
2025-10-15,9:58:41.107456046,T,IBM,F I,81,284.54
2025-10-15,9:58:41.107458646,T,IBM,F I,1,284.53
2025-10-15,9:58:41.107458646,T,IBM,F I,11,284.53
2025-10-15,9:58:41.107479708,T,IBM,F I,89,284.53
2025-10-15,9:58:43.124721189,T,IBM,I,8,284.51
2025-10-15,9:58:43.124742211,T,IBM,F I,92,284.51
2025-10-15,9:58:43.126582525,T,IBM,I,25,284.41
2025-10-15,9:58:43.126696839,T,IBM,F I,14,284.37
2025-10-15,9:58:43.126699958,T,IBM,F I,86,284.37
2025-10-15,9:58:43.126729977,T,IBM,F,105,284.37
2025-10-15,9:58:44.995162126,T,IBM,,100,284.35
2025-10-15,9:58:44.997333975,T,IBM,F I,2,284.35
2025-10-15,9:58:44.997333975,T,IBM,F I,2,284.35
2025-10-15,9:58:44.997337253,T,IBM,F I,2,284.34
2025-10-15,9:58:44.997337253,T,IBM,F,100,284.32
2025-10-15,9:58:44.997339360,T,IBM,F I,95,284.32
2025-10-15,9:58:44.997357551,T,IBM,I,5,284.32
2025-10-15,9:58:44.997360378,T,IBM,I,1,284.32
2025-10-15,9:58:44.997790403,T,IBM,F I,10,284.31
2025-10-15,9:58:45.994771991,T,IBM,F,100,284.29
2025-10-15,9:58:45.994775009,T,IBM,F,100,284.28
2025-10-15,9:58:45.994796076,T,IBM,I,1,284.28
2025-10-15,9:58:45.994796076,T,IBM,I,1,284.28
2025-10-15,9:58:45.994817014,T,IBM,I,15,284.28
2025-10-15,9:58:45.994820051,T,IBM,I,28,284.28
2025-10-15,9:58:45.994829092,T,IBM,I,55,284.28
2025-10-15,9:58:45.995072654,T,IBM,I,3,284.27
2025-10-15,9:58:46.004933109,T,IBM,I,2,284.29
2025-10-15,9:58:46.008216920,T,IBM,I,2,284.29
2025-10-15,9:58:46.013608748,T,IBM,I,2,284.29
2025-10-15,9:58:46.015322891,T,IBM,I,2,284.29
2025-10-15,9:58:46.016360452,T,IBM,I,2,284.29
2025-10-15,9:58:46.161735482,T,IBM,I,2,284.29
2025-10-15,9:58:46.186806568,T,IBM,I,2,284.29
2025-10-15,9:58:46.186809100,T,IBM,I,2,284.29
2025-10-15,9:58:46.187879739,T,IBM,I,2,284.29
2025-10-15,9:58:46.190420785,T,IBM,I,2,284.29
2025-10-15,9:58:46.528888567,T,IBM,I,2,284.29
2025-10-15,9:58:47.126856921,T,IBM,I,78,284.29
2025-10-15,9:58:47.126859087,T,IBM,I,5,284.26
2025-10-15,9:58:47.126862136,T,IBM,I,10,284.25
2025-10-15,9:58:49.116570032,T,IBM,I,2,284.2
2025-10-15,9:58:49.116573774,T,IBM,,100,284.17
2025-10-15,9:58:49.116573774,T,IBM,I,2,284.17
2025-10-15,9:58:49.116576808,T,IBM,I,32,284.17
2025-10-15,9:58:49.116579045,T,IBM,I,64,284.16
2025-10-15,9:58:49.116594470,T,IBM,F I,36,284.16
2025-10-15,9:58:49.116597623,T,IBM,F I,10,284.16
2025-10-15,9:58:49.116600102,T,IBM,F I,20,284.16
2025-10-15,9:58:49.116600102,T,IBM,F,100,284.16
2025-10-15,9:58:51.084115707,T,IBM,I,10,284.13
2025-10-15,9:58:51.084118242,T,IBM,,100,284.09
2025-10-15,9:58:51.084121497,T,IBM,I,6,284.05
2025-10-15,9:58:51.084121497,T,IBM,I,14,284.05
2025-10-15,9:58:51.084121497,T,IBM,I,82,284.03
2025-10-15,9:58:51.084626355,T,IBM,,100,284.02
2025-10-15,9:58:53.186135682,T,IBM,,100,284.01
2025-10-15,9:58:53.186137401,T,IBM,I,1,284.01
2025-10-15,9:58:53.186140479,T,IBM,I,99,284.01
2025-10-15,9:58:53.186155439,T,IBM,F I,1,284.01
2025-10-15,9:58:53.186216261,T,IBM,,114,284.0
2025-10-15,9:58:53.186943384,T,IBM,I,2,283.95
2025-10-15,9:58:53.186946410,T,IBM,I,20,283.945
2025-10-15,9:59:00.806477808,T,IBM,I,2,283.91
2025-10-15,9:59:00.806480222,T,IBM,I,2,283.92
2025-10-15,9:59:00.806483537,T,IBM,I,2,283.93
2025-10-15,9:59:00.806483537,T,IBM,I,2,283.95
2025-10-15,9:59:00.806486290,T,IBM,I,64,283.95
2025-10-15,9:59:00.846595705,T,IBM,F I,2,283.95
2025-10-15,9:59:00.846598748,T,IBM,F I,2,283.95
2025-10-15,9:59:04.381532222,T,IBM,I,2,283.92
2025-10-15,9:59:04.381535714,T,IBM,I,2,283.95
2025-10-15,9:59:04.381538243,T,IBM,I,2,283.99
2025-10-15,9:59:04.381541195,T,IBM,I,94,284.0
2025-10-15,9:59:04.533035954,T,IBM,I,2,283.99
2025-10-15,9:59:04.533035954,T,IBM,I,45,284.02
2025-10-15,9:59:04.658714092,T,IBM,I,2,284.03
2025-10-15,9:59:06.221784191,T,IBM,F I,5,284.09
2025-10-15,9:59:06.221808289,T,IBM,F I,5,284.16
2025-10-15,9:59:06.221826308,T,IBM,F I,1,284.15
2025-10-15,9:59:06.221880527,T,IBM,F I,5,284.17
2025-10-15,9:59:06.221883691,T,IBM,F I,20,284.17
2025-10-15,9:59:06.221886529,T,IBM,F I,2,284.17
2025-10-15,9:59:06.221901543,T,IBM,F I,1,284.17
2025-10-15,9:59:06.221904710,T,IBM,I,5,284.17
2025-10-15,9:59:06.221904710,T,IBM,I,1,284.17
2025-10-15,9:59:06.222226329,T,IBM,F I,11,284.17
2025-10-15,9:59:08.396976640,T,IBM,I,2,284.13
2025-10-15,9:59:17.093704999,T,IBM,F,100,284.25
2025-10-15,9:59:17.093786195,T,IBM,I,4,284.31
2025-10-15,9:59:17.093786195,T,IBM,I,6,284.31
2025-10-15,9:59:17.093801195,T,IBM,F I,56,284.25
2025-10-15,9:59:17.093813213,T,IBM,F I,8,284.31
2025-10-15,9:59:17.093828314,T,IBM,I,33,284.28
2025-10-15,9:59:17.093828314,T,IBM,I,1,284.28
2025-10-15,9:59:17.093831295,T,IBM,I,16,284.28
2025-10-15,9:59:17.093834779,T,IBM,I,17,284.27
2025-10-15,9:59:17.093837347,T,IBM,I,13,284.27
2025-10-15,9:59:17.102828690,T,IBM,I,20,284.39
2025-10-15,9:59:18.969333295,T,IBM,I,30,284.405
2025-10-15,9:59:18.969652033,T,IBM,F I,5,284.41
2025-10-15,9:59:18.972415632,T,IBM,I,24,284.37
2025-10-15,9:59:34.768502543,T,IBM,F I,2,284.35
2025-10-15,9:59:43.499194246,T,IBM,F,100,284.27
2025-10-15,9:59:43.499196686,T,IBM,F I,5,284.27
2025-10-15,9:59:43.499199698,T,IBM,F I,7,284.27
2025-10-15,9:59:43.499199698,T,IBM,F I,1,284.26
2025-10-15,9:59:43.499486275,T,IBM,F,178,284.22
2025-10-15,9:59:43.499488375,T,IBM,F,172,284.22
2025-10-15,9:59:43.769603463,T,IBM,,100,284.23
2025-10-15,9:59:50.025538022,T,IBM,,100,284.31
2025-10-15,9:59:50.026969542,T,IBM,,100,284.35
2025-10-15,9:59:50.670754149,T,IBM,F I,2,284.3
2025-10-15,9:59:50.670757106,T,IBM,F I,2,284.29
2025-10-15,9:59:50.670757106,T,IBM,F I,2,284.29
2025-10-15,9:59:56.037234370,T,IBM,F I,2,284.23
2025-10-15,9:59:56.037234370,T,IBM,F I,2,284.23
2025-10-15,10:00:06.273997914,T,IBM,F I,2,284.36
2025-10-15,10:00:07.506803903,T,IBM,F I,20,284.38
2025-10-15,10:00:07.507336098,T,IBM,F I,1,284.39
2025-10-15,10:00:07.521641228,T,IBM,I,45,284.41
2025-10-15,10:00:07.521641228,T,IBM,I,2,284.4
2025-10-15,10:00:07.521644168,T,IBM,I,27,284.4
2025-10-15,10:00:07.521812574,T,IBM,F I,2,284.39
2025-10-15,10:00:07.521816376,T,IBM,F I,2,284.37
2025-10-15,10:00:07.521816376,T,IBM,F I,24,284.36
2025-10-15,10:00:07.521818621,T,IBM,F I,46,284.36
2025-10-15,10:00:07.916553349,T,IBM,F I,2,284.34
2025-10-15,10:00:07.964430332,T,IBM,F I,19,284.41
2025-10-15,10:00:08.197259671,T,IBM,F I,19,284.43
2025-10-15,10:00:09.497492105,T,IBM,F I,5,284.43
2025-10-15,10:00:09.497495094,T,IBM,F I,2,284.43
2025-10-15,10:00:09.497495094,T,IBM,F I,2,284.43
2025-10-15,10:00:09.497498155,T,IBM,F I,5,284.43
2025-10-15,10:00:09.497501112,T,IBM,F I,5,284.43
2025-10-15,10:00:09.498024392,T,IBM,F I,26,284.48
2025-10-15,10:00:09.896960133,T,IBM,F I,3,284.46
2025-10-15,10:00:09.905563827,T,IBM,F I,2,284.49
2025-10-15,10:00:09.905566609,T,IBM,F I,1,284.49
2025-10-15,10:00:09.906294292,T,IBM,I,18,284.43
2025-10-15,10:00:13.654149853,T,IBM,F I,12,284.45
2025-10-15,10:00:13.654152843,T,IBM,F I,24,284.47
2025-10-15,10:00:13.654649007,T,IBM,I,12,284.43
2025-10-15,10:00:13.654772351,T,IBM,F I,12,284.43
2025-10-15,10:00:13.654772351,T,IBM,F I,12,284.43
2025-10-15,10:00:13.872794449,T,IBM,F I,62,284.38
2025-10-15,10:00:13.872813058,T,IBM,I,1,284.38
2025-10-15,10:00:13.872815485,T,IBM,F I,37,284.38
2025-10-15,10:00:13.872881600,T,IBM,I,13,284.38
2025-10-15,10:00:15.172662938,T,IBM,F I,59,284.37
2025-10-15,10:00:15.172711090,T,IBM,F I,29,284.36
2025-10-15,10:00:15.172735135,T,IBM,F,216,284.36
2025-10-15,10:00:19.791593288,T,IBM,I,2,284.35
2025-10-15,10:00:22.898181209,T,IBM,I,3,284.36
2025-10-15,10:00:32.600491562,T,IBM,F I,1,284.37
2025-10-15,10:00:32.600491562,T,IBM,F I,2,284.38
2025-10-15,10:00:32.600494633,T,IBM,F I,38,284.41
2025-10-15,10:00:32.603014559,T,IBM,I,1,284.39
2025-10-15,10:00:37.704488865,T,IBM,F I,2,284.29
2025-10-15,10:00:42.475767991,T,IBM,F I,2,284.29
2025-10-15,10:00:42.475771193,T,IBM,F I,2,284.27
2025-10-15,10:00:42.475771193,T,IBM,F I,2,284.27
2025-10-15,10:00:42.475773714,T,IBM,F I,2,284.26
2025-10-15,10:00:45.094152427,T,IBM,I,25,284.32
2025-10-15,10:00:45.094155417,T,IBM,I,15,284.32
2025-10-15,10:00:45.094182404,T,IBM,F I,60,284.32
2025-10-15,10:00:45.096696393,T,IBM,,100,284.32
2025-10-15,10:00:48.087051618,T,IBM,F I,1,284.31
2025-10-15,10:00:48.474424840,T,IBM,F I,1,284.38
2025-10-15,10:00:48.474428051,T,IBM,F I,5,284.38
2025-10-15,10:00:48.474428051,T,IBM,F I,2,284.38
2025-10-15,10:00:48.547144218,T,IBM,F I,2,284.47
2025-10-15,10:00:48.547147179,T,IBM,F I,26,284.49
2025-10-15,10:00:48.547664188,T,IBM,F I,22,284.53
2025-10-15,10:00:48.548223562,T,IBM,F I,14,284.59
2025-10-15,10:00:48.548485130,T,IBM,F I,20,284.6
2025-10-15,10:00:48.548572304,T,IBM,F I,15,284.65
2025-10-15,10:00:48.548572304,T,IBM,F I,14,284.65
2025-10-15,10:00:52.734646240,T,IBM,F I,35,284.68
2025-10-15,10:00:53.485464636,T,IBM,F I,35,284.7
2025-10-15,10:00:53.485464636,T,IBM,F I,1,284.7
2025-10-15,10:00:53.486156607,T,IBM,I,50,284.64
2025-10-15,10:00:53.486156607,T,IBM,I,2,284.63
2025-10-15,10:00:53.486159371,T,IBM,I,2,284.63
2025-10-15,10:00:53.486162320,T,IBM,I,2,284.62
2025-10-15,10:00:53.486162320,T,IBM,I,18,284.61
2025-10-15,10:00:54.055408503,T,IBM,I,2,284.63
2025-10-15,10:00:58.682867240,T,IBM,F I,2,284.53
2025-10-15,10:00:58.682879345,T,IBM,I,98,284.53
2025-10-15,10:00:58.682882705,T,IBM,I,7,284.53
2025-10-15,10:00:58.682885316,T,IBM,I,68,284.53
2025-10-15,10:00:58.684097237,T,IBM,I,19,284.45
2025-10-15,10:00:58.691365509,T,IBM,F I,15,284.5
2025-10-15,10:00:58.691564015,T,IBM,F I,15,284.5
2025-10-15,10:00:58.691666171,T,IBM,F I,15,284.5
2025-10-15,10:00:58.691711836,T,IBM,F I,15,284.5
2025-10-15,10:00:58.691759485,T,IBM,F I,15,284.5
2025-10-15,10:00:58.691813630,T,IBM,F I,15,284.5
2025-10-15,10:00:58.691813630,T,IBM,F I,15,284.5
2025-10-15,10:00:58.691969972,T,IBM,,100,284.45
2025-10-15,10:00:59.292129742,T,IBM,F I,30,284.43
2025-10-15,10:00:59.292132752,T,IBM,F I,70,284.4
2025-10-15,10:00:59.292150837,T,IBM,I,1,284.4
2025-10-15,10:00:59.292150837,T,IBM,I,1,284.4
2025-10-15,10:00:59.292153834,T,IBM,F I,28,284.4
2025-10-15,10:00:59.292343364,T,IBM,F I,2,284.43
2025-10-15,10:00:59.292349322,T,IBM,F,100,284.43
2025-10-15,10:00:59.292719128,T,IBM,F,100,284.5
2025-10-15,10:00:59.293431865,T,IBM,F I,1,284.55
2025-10-15,10:00:59.293458915,T,IBM,F I,1,284.55
2025-10-15,10:00:59.293461864,T,IBM,F,100,284.56
2025-10-15,10:00:59.293461864,T,IBM,F I,1,284.58
2025-10-15,10:01:00.510841257,T,IBM,F,100,284.56
2025-10-15,10:01:00.510844208,T,IBM,F I,2,284.59
2025-10-15,10:01:00.510847191,T,IBM,F I,2,284.59
2025-10-15,10:01:02.849626109,T,IBM,I,2,284.51
2025-10-15,10:01:02.849644151,T,IBM,I,51,284.5
2025-10-15,10:01:02.849695228,T,IBM,F,100,284.56
2025-10-15,10:01:04.595396256,T,IBM,F I,2,284.55
2025-10-15,10:01:04.595396256,T,IBM,F I,2,284.57
2025-10-15,10:01:06.139226829,T,IBM,F I,2,284.55
2025-10-15,10:01:06.139226829,T,IBM,F,100,284.56
2025-10-15,10:01:09.886029875,T,IBM,F I,2,284.56
2025-10-15,10:01:10.219968938,T,IBM,F I,2,284.59
2025-10-15,10:01:10.219989982,T,IBM,F I,1,284.6
2025-10-15,10:01:10.235281348,T,IBM,I,54,284.55
2025-10-15,10:01:17.108023718,T,IBM,F I,2,284.59
2025-10-15,10:01:18.499490235,T,IBM,F I,2,284.61
2025-10-15,10:01:18.499492992,T,IBM,F I,2,284.63
2025-10-15,10:01:23.604585143,T,IBM,F,100,284.68
2025-10-15,10:01:23.604587914,T,IBM,F I,2,284.69
2025-10-15,10:01:23.604587914,T,IBM,F I,2,284.69
2025-10-15,10:01:23.604590810,T,IBM,F I,2,284.7
2025-10-15,10:01:23.604605914,T,IBM,F I,1,284.71
2025-10-15,10:01:23.604669139,T,IBM,F,100,284.71
2025-10-15,10:01:23.604672090,T,IBM,F,100,284.71
2025-10-15,10:01:23.604675473,T,IBM,F I,1,284.72
2025-10-15,10:01:23.604675473,T,IBM,F I,2,284.72
2025-10-15,10:01:23.604675473,T,IBM,F I,97,284.72
2025-10-15,10:01:23.605198341,T,IBM,I,12,284.65
2025-10-15,10:01:26.744164257,T,IBM,F I,2,284.6
2025-10-15,10:01:26.744167313,T,IBM,F I,2,284.61
2025-10-15,10:01:26.744170316,T,IBM,F I,16,284.62
2025-10-15,10:01:27.901523544,T,IBM,F I,21,284.62
2025-10-15,10:01:30.065075380,T,IBM,F I,25,284.61
2025-10-15,10:01:39.068290656,T,IBM,F I,1,284.61
2025-10-15,10:01:40.171899944,T,IBM,F I,1,284.62
2025-10-15,10:01:41.231027396,T,IBM,F I,1,284.61
2025-10-15,10:01:42.512880223,T,IBM,F I,1,284.63
2025-10-15,10:01:43.512462886,T,IBM,F I,3,284.64
2025-10-15,10:01:44.622086671,T,IBM,F I,3,284.64
2025-10-15,10:01:45.877539480,T,IBM,F I,3,284.64
2025-10-15,10:01:49.507959509,T,IBM,F I,3,284.64
2025-10-15,10:01:52.214788118,T,IBM,F I,2,284.51
2025-10-15,10:01:52.214791013,T,IBM,F I,2,284.51
2025-10-15,10:01:52.214791013,T,IBM,F I,2,284.51
2025-10-15,10:01:52.214817693,T,IBM,F I,5,284.5
2025-10-15,10:01:52.214817693,T,IBM,F I,5,284.5
2025-10-15,10:01:52.214820835,T,IBM,F I,4,284.5
2025-10-15,10:01:52.214820835,T,IBM,F I,57,284.5
2025-10-15,10:01:52.665530795,T,IBM,F I,51,284.4
2025-10-15,10:01:52.665593879,T,IBM,I,49,284.4
2025-10-15,10:01:52.665596965,T,IBM,I,2,284.39
2025-10-15,10:01:53.998144399,T,IBM,F,100,284.4
2025-10-15,10:01:59.008666987,T,IBM,F,100,284.55
2025-10-15,10:01:59.014867708,T,IBM,F I,1,284.58
2025-10-15,10:01:59.014867708,T,IBM,F I,8,284.59
2025-10-15,10:02:25.769481696,T,IBM,F I,1,284.59
2025-10-15,10:02:27.692292381,T,IBM,F I,1,284.56
2025-10-15,10:02:29.867749545,T,IBM,I,2,284.62
2025-10-15,10:02:41.201308618,T,IBM,F I,1,284.56
2025-10-15,10:02:41.201323769,T,IBM,F I,1,284.55
2025-10-15,10:02:41.201326699,T,IBM,F,100,284.55
2025-10-15,10:02:41.202439453,T,IBM,,100,284.58
2025-10-15,10:02:43.726311987,T,IBM,F I,2,284.53
2025-10-15,10:02:44.598012161,T,IBM,F I,2,284.53
2025-10-15,10:02:49.127593758,T,IBM,I,20,284.54
2025-10-15,10:02:49.305076335,T,IBM,I,5,284.54
2025-10-15,10:02:49.308468392,T,IBM,I,15,284.54
2025-10-15,10:02:57.430691145,T,IBM,F I,2,284.5
2025-10-15,10:02:57.430772323,T,IBM,F I,75,284.47
2025-10-15,10:03:00.325656128,T,IBM,F I,2,284.48
2025-10-15,10:03:05.854372625,T,IBM,I,2,284.51
2025-10-15,10:03:05.854396620,T,IBM,F I,3,284.51
2025-10-15,10:03:17.430943159,T,IBM,F,100,284.48
2025-10-15,10:03:22.189688286,T,IBM,F,100,284.48
2025-10-15,10:03:22.872018720,T,IBM,F I,48,284.43
2025-10-15,10:03:23.321369588,T,IBM,F I,50,284.43
2025-10-15,10:03:34.145338350,T,IBM,F,100,284.48
2025-10-15,10:03:36.266342413,T,IBM,I,2,284.41
2025-10-15,10:03:36.266342413,T,IBM,,100,284.41
2025-10-15,10:03:36.266345335,T,IBM,I,91,284.38
2025-10-15,10:03:36.266366196,T,IBM,F I,9,284.38
2025-10-15,10:03:36.266372184,T,IBM,F I,5,284.38
2025-10-15,10:03:36.266375221,T,IBM,F I,5,284.38
2025-10-15,10:03:36.266378536,T,IBM,F I,1,284.38
2025-10-15,10:03:36.266378536,T,IBM,F I,82,284.38
2025-10-15,10:03:36.266417682,T,IBM,F I,1,284.32
2025-10-15,10:03:36.294266723,T,IBM,F,100,284.25
2025-10-15,10:03:36.294270320,T,IBM,F,200,284.25
2025-10-15,10:03:36.294272961,T,IBM,F,100,284.25
2025-10-15,10:03:36.294272961,T,IBM,F,100,284.25
2025-10-15,10:03:36.294275291,T,IBM,F I,95,284.25
2025-10-15,10:03:36.294278339,T,IBM,F I,3,284.25
2025-10-15,10:03:36.294293719,T,IBM,F I,2,284.25
2025-10-15,10:03:36.294293719,T,IBM,F,100,284.25
2025-10-15,10:03:36.294299344,T,IBM,F I,3,284.25
2025-10-15,10:03:36.294299344,T,IBM,F I,94,284.25
2025-10-15,10:03:36.294350450,T,IBM,F I,3,284.25
2025-10-15,10:03:36.299835552,T,IBM,I,3,284.27
2025-10-15,10:03:36.365749489,T,IBM,I,30,284.27
2025-10-15,10:03:37.124666222,T,IBM,I,9,284.26
2025-10-15,10:03:38.018126371,T,IBM,F I,1,284.22
2025-10-15,10:03:49.115151242,T,IBM,F I,1,284.29
2025-10-15,10:03:50.318456945,T,IBM,F I,2,284.3
2025-10-15,10:03:50.318460316,T,IBM,F I,5,284.3
2025-10-15,10:03:50.318466172,T,IBM,I,7,284.3
2025-10-15,10:03:50.318468974,T,IBM,F I,60,284.3
2025-10-15,10:03:50.318478609,T,IBM,I,7,284.3
2025-10-15,10:03:50.318481961,T,IBM,F I,7,284.3
2025-10-15,10:03:50.318481961,T,IBM,I,19,284.3
2025-10-15,10:03:50.318583205,T,IBM,F I,60,284.33
2025-10-15,10:03:50.319046268,T,IBM,F,100,284.32
