DATE,TIME_M,EX,SYM_ROOT,TR_SCOND,SIZE,PRICE
2025-12-30,9:30:00.010112610,T,IBM,T,300,305.73
2025-12-30,9:30:01.014765404,T,IBM,,40,305.65
2025-12-30,9:30:01.014849605,T,IBM,Q,40,305.65
2025-12-30,9:30:01.025062254,T,IBM,I,38,305.8
2025-12-30,9:30:01.025064976,T,IBM,I,2,305.8
2025-12-30,9:30:01.025146067,T,IBM,I,36,305.8
2025-12-30,9:30:01.025146067,T,IBM,I,7,305.8
2025-12-30,9:30:01.026258725,T,IBM,I,38,305.75
2025-12-30,9:30:01.026306841,T,IBM,I,5,305.75
2025-12-30,9:30:01.027172977,T,IBM,I,7,305.74
2025-12-30,9:30:01.032200847,T,IBM,F I,2,305.74
2025-12-30,9:30:01.032204212,T,IBM,F I,38,305.74
2025-12-30,9:30:01.033355683,T,IBM,I,2,305.74
2025-12-30,9:30:01.431461450,T,IBM,I,2,305.65
2025-12-30,9:30:01.510706072,T,IBM,F I,14,305.76
2025-12-30,9:30:04.657412112,T,IBM,I,1,305.42
2025-12-30,9:30:30.700520650,T,IBM,F I,20,306.18
2025-12-30,9:30:30.700520650,T,IBM,F I,20,306.18
2025-12-30,9:30:30.700698048,T,IBM,,40,306.19
2025-12-30,9:30:30.701058906,T,IBM,F I,8,306.19
2025-12-30,9:30:30.701067961,T,IBM,F I,14,306.19
2025-12-30,9:30:30.701101030,T,IBM,F I,4,306.19
2025-12-30,9:30:30.701116176,T,IBM,F I,10,306.19
2025-12-30,9:30:30.701146214,T,IBM,F I,2,306.19
2025-12-30,9:30:30.701146214,T,IBM,F I,8,306.18
2025-12-30,9:30:31.207401421,T,IBM,,40,306.235
2025-12-30,9:30:31.207425377,T,IBM,F I,25,306.235
2025-12-30,9:30:50.804956552,T,IBM,I,1,306.08
2025-12-30,9:31:39.297565059,T,IBM,,100,306.0
2025-12-30,9:31:39.297631220,T,IBM,F I,18,306.0
2025-12-30,9:31:39.416188410,T,IBM,,100,306.0
2025-12-30,9:31:51.126549243,T,IBM,,70,305.5
2025-12-30,9:31:51.126549243,T,IBM,I,37,305.49
2025-12-30,9:31:51.126567255,T,IBM,I,1,305.49
2025-12-30,9:31:51.126570759,T,IBM,,67,305.49
2025-12-30,9:31:51.126573147,T,IBM,I,2,305.49
2025-12-30,9:31:51.126618329,T,IBM,F,49,305.62
2025-12-30,9:31:51.126726581,T,IBM,I,10,305.74
2025-12-30,9:31:51.126869077,T,IBM,F I,13,305.62
2025-12-30,9:31:51.126879907,T,IBM,F I,4,305.49
2025-12-30,9:31:51.126889006,T,IBM,F I,10,305.62
2025-12-30,9:31:51.624703009,T,IBM,I,11,305.675
2025-12-30,9:31:51.626543472,T,IBM,I,30,305.57
2025-12-30,9:31:51.626690797,T,IBM,F I,4,305.47
2025-12-30,9:31:51.629301044,T,IBM,,40,305.54
2025-12-30,9:31:52.126718190,T,IBM,F I,10,305.55
2025-12-30,9:31:52.126904653,T,IBM,F I,5,305.55
2025-12-30,9:31:52.126907823,T,IBM,F I,2,305.55
2025-12-30,9:31:52.126907823,T,IBM,F I,3,305.56
2025-12-30,9:31:52.127088047,T,IBM,F I,7,305.56
2025-12-30,9:31:52.659379434,T,IBM,I,11,305.62
2025-12-30,9:31:53.126733881,T,IBM,F I,4,305.62
2025-12-30,9:31:53.126733881,T,IBM,F I,2,305.62
2025-12-30,9:31:53.126736932,T,IBM,F I,5,305.62
2025-12-30,9:31:53.126911292,T,IBM,F I,11,305.62
2025-12-30,9:31:53.127106819,T,IBM,F I,11,305.62
2025-12-30,9:31:54.231933928,T,IBM,I,11,305.62
2025-12-30,9:32:09.963305043,T,IBM,F,80,305.3
2025-12-30,9:32:09.964369642,T,IBM,F I,1,305.25
2025-12-30,9:32:30.637215594,T,IBM,F I,20,305.0
2025-12-30,9:32:30.637215594,T,IBM,F I,1,305.0
2025-12-30,9:32:30.637528311,T,IBM,F,80,304.88
2025-12-30,9:32:30.643681025,T,IBM,F I,25,304.88
2025-12-30,9:32:30.643735173,T,IBM,F I,5,304.88
2025-12-30,9:32:54.083840966,T,IBM,,40,304.62
2025-12-30,9:32:54.086676687,T,IBM,I,30,304.79
2025-12-30,9:32:58.401005812,T,IBM,F I,25,304.61
2025-12-30,9:32:58.401008413,T,IBM,F I,29,304.61
2025-12-30,9:32:58.401011398,T,IBM,F I,18,304.61
2025-12-30,9:32:58.401023493,T,IBM,F I,23,304.61
2025-12-30,9:32:59.219521502,T,IBM,F I,1,304.56
2025-12-30,9:32:59.219526985,T,IBM,F,50,304.51
2025-12-30,9:32:59.219599246,T,IBM,I,13,304.67
2025-12-30,9:32:59.219737689,T,IBM,,51,304.51
2025-12-30,9:33:03.907745357,T,IBM,F I,30,304.85
2025-12-30,9:33:03.907747838,T,IBM,F I,10,304.85
2025-12-30,9:33:04.746002356,T,IBM,I,17,304.8
2025-12-30,9:33:04.746032458,T,IBM,F I,30,304.8
2025-12-30,9:33:13.915924138,T,IBM,I,1,304.84
2025-12-30,9:33:16.967080621,T,IBM,F,51,304.68
2025-12-30,9:33:16.967540798,T,IBM,F I,18,304.68
2025-12-30,9:33:45.057564616,T,IBM,F I,17,304.38
2025-12-30,9:33:47.461661733,T,IBM,F I,18,304.36
2025-12-30,9:33:48.578282936,T,IBM,F I,1,304.54
2025-12-30,9:34:11.673635476,T,IBM,I,20,304.12
2025-12-30,9:34:11.677042544,T,IBM,I,20,304.12
2025-12-30,9:34:27.288097020,T,IBM,F I,1,304.36
2025-12-30,9:34:27.288115124,T,IBM,I,1,304.36
2025-12-30,9:34:27.288148149,T,IBM,F I,1,304.36
2025-12-30,9:34:27.290262168,T,IBM,F,40,304.24
2025-12-30,9:34:27.290283285,T,IBM,I,1,304.24
2025-12-30,9:34:27.290307360,T,IBM,F I,4,304.24
2025-12-30,9:34:27.290334990,T,IBM,F I,22,304.23
2025-12-30,9:34:27.290368093,T,IBM,,48,304.23
2025-12-30,9:34:27.290370427,T,IBM,I,10,304.23
2025-12-30,9:34:36.798074448,T,IBM,I,1,304.2
2025-12-30,9:34:36.798074448,T,IBM,I,1,304.2
2025-12-30,9:34:36.816556356,T,IBM,,40,304.12
2025-12-30,9:34:37.085255037,T,IBM,I,15,304.14
2025-12-30,9:34:38.070310280,T,IBM,I,25,304.1
2025-12-30,9:34:38.070310280,T,IBM,I,20,304.1
2025-12-30,9:34:38.070400203,T,IBM,F I,25,304.16
2025-12-30,9:34:38.070400203,T,IBM,F I,17,304.18
2025-12-30,9:34:38.070406229,T,IBM,I,30,304.09
2025-12-30,9:34:38.070424319,T,IBM,I,1,304.09
2025-12-30,9:34:38.070433306,T,IBM,I,9,304.14
2025-12-30,9:34:38.070451316,T,IBM,I,16,304.17
2025-12-30,9:34:43.748000382,T,IBM,F I,20,304.09
2025-12-30,9:34:46.674329813,T,IBM,I,4,304.08
2025-12-30,9:34:46.674368884,T,IBM,F I,4,304.08
2025-12-30,9:34:46.674591444,T,IBM,F I,4,304.08
2025-12-30,9:34:46.674813936,T,IBM,F I,4,304.08
2025-12-30,9:34:48.700760897,T,IBM,F,44,304.16
2025-12-30,9:34:48.700769999,T,IBM,F,76,304.16
2025-12-30,9:34:48.700772997,T,IBM,F,120,304.16
2025-12-30,9:34:48.700821095,T,IBM,,100,304.15
2025-12-30,9:34:51.996011500,T,IBM,F I,30,304.19
2025-12-30,9:34:51.996014538,T,IBM,F,40,304.15
2025-12-30,9:34:51.996318277,T,IBM,F I,30,304.17
2025-12-30,9:34:51.996321286,T,IBM,F,40,304.14
2025-12-30,9:34:51.996339384,T,IBM,I,1,304.14
2025-12-30,9:34:58.950896305,T,IBM,I,1,304.115
2025-12-30,9:34:58.995444396,T,IBM,F,83,304.01
2025-12-30,9:34:58.995468416,T,IBM,F I,13,304.06
2025-12-30,9:34:58.995492711,T,IBM,F,67,304.01
2025-12-30,9:34:58.995492711,T,IBM,F I,1,304.0
2025-12-30,9:34:58.995495444,T,IBM,F I,3,304.0
2025-12-30,9:34:58.995513493,T,IBM,F I,12,304.06
2025-12-30,9:34:58.995636807,T,IBM,F I,3,304.06
2025-12-30,9:34:58.995696964,T,IBM,,40,304.04
2025-12-30,9:34:58.995700005,T,IBM,,70,304.04
2025-12-30,9:34:58.995787175,T,IBM,I,4,304.03
2025-12-30,9:34:58.995922446,T,IBM,F I,5,304.08
2025-12-30,9:34:59.029542556,T,IBM,I,5,304.03
2025-12-30,9:34:59.029545656,T,IBM,I,6,304.03
2025-12-30,9:34:59.029548474,T,IBM,I,10,304.03
2025-12-30,9:35:01.239792240,T,IBM,F,67,304.0
2025-12-30,9:35:01.240926233,T,IBM,I,12,303.99
2025-12-30,9:35:01.240928912,T,IBM,I,12,303.99
2025-12-30,9:35:02.798231181,T,IBM,I,25,304.035
2025-12-30,9:35:03.626087052,T,IBM,I,16,304.11
2025-12-30,9:35:03.626089924,T,IBM,I,10,304.11
2025-12-30,9:35:03.626123087,T,IBM,F I,7,304.12
2025-12-30,9:35:14.019320944,T,IBM,I,25,304.035
2025-12-30,9:35:17.433970914,T,IBM,F I,15,304.035
2025-12-30,9:35:17.433973812,T,IBM,F I,10,304.035
2025-12-30,9:35:21.963798477,T,IBM,F I,11,304.0
2025-12-30,9:35:21.964355805,T,IBM,F I,11,304.03
2025-12-30,9:35:22.374404956,T,IBM,,70,303.94
2025-12-30,9:35:22.383263995,T,IBM,F,70,303.9
2025-12-30,9:35:29.536706218,T,IBM,F I,15,303.92
2025-12-30,9:35:29.536706218,T,IBM,F I,14,303.92
2025-12-30,9:35:29.536708390,T,IBM,F I,11,303.93
2025-12-30,9:35:29.536723495,T,IBM,F I,22,303.93
2025-12-30,9:35:29.536729417,T,IBM,F,127,303.93
2025-12-30,9:35:29.536732446,T,IBM,F I,19,303.93
2025-12-30,9:35:29.536741456,T,IBM,F I,3,303.93
2025-12-30,9:35:29.536741456,T,IBM,F I,6,303.93
2025-12-30,9:35:30.023841000,T,IBM,I,6,304.04
2025-12-30,9:35:30.038792619,T,IBM,I,9,304.05
2025-12-30,9:35:43.094775384,T,IBM,I,3,304.085
2025-12-30,9:35:49.435104946,T,IBM,I,2,304.085
2025-12-30,9:36:09.422751343,T,IBM,I,2,303.99
2025-12-30,9:36:28.674978999,T,IBM,I,1,303.995
2025-12-30,9:36:28.675006088,T,IBM,I,10,303.995
2025-12-30,9:36:31.121137271,T,IBM,,150,304.095
2025-12-30,9:36:31.121161346,T,IBM,F I,25,304.095
2025-12-30,9:36:31.121209470,T,IBM,F I,25,304.095
2025-12-30,9:36:31.214073699,T,IBM,F I,10,304.18
2025-12-30,9:36:31.214211837,T,IBM,F I,10,304.19
2025-12-30,9:36:31.214840315,T,IBM,F I,25,304.2
2025-12-30,9:36:31.214879504,T,IBM,F I,25,304.2
2025-12-30,9:36:31.214915524,T,IBM,F I,25,304.2
2025-12-30,9:36:31.214954634,T,IBM,F I,25,304.2
2025-12-30,9:36:31.214990725,T,IBM,F I,25,304.2
2025-12-30,9:36:31.215023835,T,IBM,F I,25,304.2
2025-12-30,9:36:31.215059884,T,IBM,F I,10,304.2
2025-12-30,9:36:31.215405652,T,IBM,,40,304.22
2025-12-30,9:36:31.215519926,T,IBM,,40,304.22
2025-12-30,9:36:31.215592139,T,IBM,,40,304.22
2025-12-30,9:36:31.216175582,T,IBM,F I,25,304.22
2025-12-30,9:36:31.221543289,T,IBM,I,15,304.22
2025-12-30,9:37:00.924526101,T,IBM,I,2,304.34
2025-12-30,9:37:17.916007639,T,IBM,I,8,304.275
2025-12-30,9:37:20.542553371,T,IBM,I,1,304.19
2025-12-30,9:37:24.551715582,T,IBM,I,1,304.275
2025-12-30,9:37:26.944364476,T,IBM,I,3,304.08
2025-12-30,9:37:34.390682186,T,IBM,F I,25,304.06
2025-12-30,9:37:34.390697745,T,IBM,I,1,304.06
2025-12-30,9:37:34.390700524,T,IBM,F I,14,304.06
2025-12-30,9:37:34.390703533,T,IBM,F I,1,304.06
2025-12-30,9:37:34.390733398,T,IBM,F I,25,304.06
2025-12-30,9:37:34.391040029,T,IBM,F,40,304.06
2025-12-30,9:37:34.393920943,T,IBM,I,15,304.06
2025-12-30,9:37:34.393920943,T,IBM,I,25,304.05
2025-12-30,9:37:35.843918828,T,IBM,F I,1,304.18
2025-12-30,9:37:59.165334763,T,IBM,I,1,304.22
2025-12-30,9:38:05.094799451,T,IBM,I,5,304.22
2025-12-30,9:38:06.423894467,T,IBM,F I,5,304.22
2025-12-30,9:38:15.950251917,T,IBM,I,2,304.22
2025-12-30,9:38:25.623241237,T,IBM,F I,7,304.31
2025-12-30,9:38:25.623301465,T,IBM,I,16,304.39
2025-12-30,9:38:25.623304373,T,IBM,I,11,304.39
2025-12-30,9:38:28.701973392,T,IBM,F,40,304.3
2025-12-30,9:38:28.701988449,T,IBM,I,1,304.3
2025-12-30,9:38:28.701991411,T,IBM,I,9,304.3
2025-12-30,9:38:28.701997524,T,IBM,F,40,304.3
2025-12-30,9:38:30.656371112,T,IBM,I,2,304.36
2025-12-30,9:38:45.300513188,T,IBM,I,10,304.34
2025-12-30,9:38:45.300513188,T,IBM,I,10,304.35
2025-12-30,9:38:45.300515810,T,IBM,I,4,304.355
2025-12-30,9:38:47.459000244,T,IBM,I,1,304.355
2025-12-30,9:38:59.767102891,T,IBM,,100,304.24
2025-12-30,9:38:59.767105940,T,IBM,,70,304.23
2025-12-30,9:38:59.767120875,T,IBM,,330,304.23
2025-12-30,9:38:59.767156948,T,IBM,I,15,304.235
2025-12-30,9:39:00.999421453,T,IBM,F,40,304.23
2025-12-30,9:39:01.881863460,T,IBM,I,10,304.305
2025-12-30,9:39:01.881863460,T,IBM,I,16,304.305
2025-12-30,9:39:01.986782969,T,IBM,I,5,304.305
2025-12-30,9:39:07.683123628,T,IBM,I,1,304.3
2025-12-30,9:39:08.302261509,T,IBM,I,28,304.23
2025-12-30,9:39:10.822991323,T,IBM,I,2,304.325
2025-12-30,9:39:16.311411131,T,IBM,F I,25,304.27
2025-12-30,9:39:16.311468194,T,IBM,F I,15,304.27
2025-12-30,9:39:20.937215330,T,IBM,F I,3,304.23
2025-12-30,9:39:26.566992642,T,IBM,F I,20,304.19
2025-12-30,9:39:26.674796289,T,IBM,F I,1,304.14
2025-12-30,9:39:26.674799278,T,IBM,F,99,304.1
2025-12-30,9:39:26.675232262,T,IBM,F,40,304.09
2025-12-30,9:39:26.675298532,T,IBM,F I,25,304.06
2025-12-30,9:39:31.524212847,T,IBM,F I,5,304.06
2025-12-30,9:39:33.910372314,T,IBM,I,2,304.13
2025-12-30,9:39:39.708718983,T,IBM,I,30,304.09
2025-12-30,9:39:40.596838243,T,IBM,I,1,304.06
2025-12-30,9:39:40.596841292,T,IBM,I,4,304.06
2025-12-30,9:39:40.916754811,T,IBM,I,37,304.15
2025-12-30,9:39:42.844506016,T,IBM,I,30,304.19
2025-12-30,9:39:42.844506016,T,IBM,I,14,304.2
2025-12-30,9:39:42.844521882,T,IBM,I,5,304.2
2025-12-30,9:39:42.844593183,T,IBM,I,14,304.2
2025-12-30,9:39:42.844596282,T,IBM,I,11,304.2
2025-12-30,9:39:47.425924553,T,IBM,I,11,304.18
2025-12-30,9:40:03.544689915,T,IBM,F I,10,304.29
2025-12-30,9:40:05.590962280,T,IBM,I,1,304.315
2025-12-30,9:40:09.429444159,T,IBM,F I,1,304.32
2025-12-30,9:40:16.129045218,T,IBM,I,11,304.32
2025-12-30,9:40:16.639793078,T,IBM,I,1,304.34
2025-12-30,9:40:16.639814054,T,IBM,F I,10,304.34
2025-12-30,9:40:17.265955660,T,IBM,I,1,304.345
2025-12-30,9:40:17.266039885,T,IBM,I,25,304.345
2025-12-30,9:40:19.477889449,T,IBM,I,30,304.32
2025-12-30,9:40:19.477913473,T,IBM,F I,25,304.32
2025-12-30,9:40:24.540880537,T,IBM,F I,30,304.19
2025-12-30,9:40:24.540883326,T,IBM,F I,10,304.18
2025-12-30,9:40:24.541286262,T,IBM,F I,32,304.2
2025-12-30,9:40:24.541358474,T,IBM,F I,2,304.17
2025-12-30,9:40:24.541358474,T,IBM,F I,30,304.16
2025-12-30,9:40:32.672854794,T,IBM,F,40,304.14
2025-12-30,9:40:32.672941977,T,IBM,F I,1,304.12
2025-12-30,9:40:32.672989752,T,IBM,F I,1,304.08
2025-12-30,9:40:32.673627829,T,IBM,I,10,304.1
2025-12-30,9:40:32.673630297,T,IBM,I,2,304.16
2025-12-30,9:40:42.528161942,T,IBM,I,6,304.23
2025-12-30,9:40:42.659644659,T,IBM,F I,25,304.16
2025-12-30,9:40:42.659644659,T,IBM,F I,10,304.16
2025-12-30,9:40:42.659646959,T,IBM,F I,30,304.13
2025-12-30,9:40:42.659650018,T,IBM,F,55,304.11
2025-12-30,9:40:54.154289268,T,IBM,I,5,304.23
2025-12-30,9:40:58.789262239,T,IBM,F,123,304.21
2025-12-30,9:40:58.789265257,T,IBM,F,70,304.21
2025-12-30,9:40:58.789295296,T,IBM,I,2,304.14
2025-12-30,9:41:01.150676277,T,IBM,F I,19,304.21
2025-12-30,9:41:01.150676277,T,IBM,F,40,304.21
2025-12-30,9:41:06.325921018,T,IBM,F,51,304.05
2025-12-30,9:41:06.326264276,T,IBM,I,12,304.1
2025-12-30,9:41:12.177957679,T,IBM,I,5,304.09
2025-12-30,9:41:12.177957679,T,IBM,I,4,304.09
2025-12-30,9:41:13.021110692,T,IBM,I,10,304.11
2025-12-30,9:41:14.286778783,T,IBM,I,21,304.22
2025-12-30,9:41:14.286784882,T,IBM,I,19,304.22
2025-12-30,9:41:14.511266260,T,IBM,I,10,304.165
2025-12-30,9:41:14.933318050,T,IBM,I,11,304.165
2025-12-30,9:41:16.156642239,T,IBM,I,7,304.23
2025-12-30,9:41:16.156669241,T,IBM,I,4,304.23
2025-12-30,9:41:55.138965647,T,IBM,F I,10,304.15
2025-12-30,9:41:55.138968695,T,IBM,F I,21,304.1
2025-12-30,9:41:55.548603801,T,IBM,I,5,304.165
2025-12-30,9:42:07.204935152,T,IBM,F I,11,304.33
2025-12-30,9:42:07.204935152,T,IBM,F I,1,304.33
2025-12-30,9:42:07.205608565,T,IBM,I,11,304.33
2025-12-30,9:42:07.205722763,T,IBM,F,48,304.34
2025-12-30,9:42:07.226824018,T,IBM,I,1,304.27
2025-12-30,9:42:13.160847363,T,IBM,I,2,304.275
2025-12-30,9:42:16.783580573,T,IBM,I,30,304.18
2025-12-30,9:42:16.783667764,T,IBM,I,1,304.17
2025-12-30,9:42:24.202325572,T,IBM,I,11,304.09
2025-12-30,9:42:31.000023121,T,IBM,F,100,304.14
2025-12-30,9:42:31.000128401,T,IBM,F I,16,304.13
2025-12-30,9:42:36.413330061,T,IBM,I,2,304.22
2025-12-30,9:42:58.566972970,T,IBM,,100,304.22
2025-12-30,9:42:58.611563197,T,IBM,I,1,304.22
2025-12-30,9:43:11.633836052,T,IBM,I,2,304.29
2025-12-30,9:43:15.584328738,T,IBM,,40,304.23
2025-12-30,9:43:16.032136690,T,IBM,F I,20,304.22
2025-12-30,9:43:16.032154814,T,IBM,F I,20,304.22
2025-12-30,9:43:16.032169820,T,IBM,F I,20,304.22
2025-12-30,9:43:16.032172969,T,IBM,F I,20,304.22
2025-12-30,9:43:16.032175815,T,IBM,I,5,304.22
2025-12-30,9:43:16.032217932,T,IBM,I,25,304.22
2025-12-30,9:43:22.007373177,T,IBM,F,40,304.15
2025-12-30,9:43:22.009805973,T,IBM,F I,25,304.05
2025-12-30,9:43:22.010380425,T,IBM,F I,15,304.05
2025-12-30,9:43:22.017955381,T,IBM,I,25,304.035
2025-12-30,9:43:22.346445423,T,IBM,,60,304.015
2025-12-30,9:43:26.675175416,T,IBM,I,5,304.015
2025-12-30,9:43:27.234073795,T,IBM,I,9,303.94
2025-12-30,9:43:27.234200479,T,IBM,F,45,303.91
2025-12-30,9:43:47.991044566,T,IBM,F I,25,303.89
2025-12-30,9:43:50.390547104,T,IBM,F I,7,303.95
2025-12-30,9:43:50.390550142,T,IBM,F I,2,303.95
2025-12-30,9:43:50.390832534,T,IBM,F I,8,303.95
2025-12-30,9:43:50.391482006,T,IBM,I,3,303.92
2025-12-30,9:43:50.394426077,T,IBM,I,9,303.93
2025-12-30,9:43:50.394477168,T,IBM,I,8,303.92
2025-12-30,9:43:51.133913500,T,IBM,F I,10,303.98
2025-12-30,9:43:51.251343089,T,IBM,,40,304.06
2025-12-30,9:43:51.251346076,T,IBM,I,11,304.06
2025-12-30,9:43:51.855754945,T,IBM,,54,304.03
2025-12-30,9:43:53.187141497,T,IBM,,89,304.11
2025-12-30,9:43:53.187346074,T,IBM,F I,4,304.11
2025-12-30,9:43:53.187547375,T,IBM,F I,4,304.11
2025-12-30,9:43:53.187944373,T,IBM,F I,4,304.13
2025-12-30,9:44:02.054567024,T,IBM,F I,4,304.11
2025-12-30,9:44:02.054582039,T,IBM,F I,1,304.11
2025-12-30,9:44:02.054591094,T,IBM,F I,4,304.14
2025-12-30,9:44:13.256077296,T,IBM,I,2,304.11
2025-12-30,9:44:16.947761629,T,IBM,F I,10,304.19
2025-12-30,9:44:16.947761629,T,IBM,F I,15,304.2
2025-12-30,9:44:16.947764756,T,IBM,F I,24,304.2
2025-12-30,9:44:16.947768502,T,IBM,F,52,304.2
2025-12-30,9:44:16.947768502,T,IBM,I,10,304.2
2025-12-30,9:44:33.742253409,T,IBM,I,1,304.205
2025-12-30,9:44:42.277920328,T,IBM,F I,3,304.02
2025-12-30,9:44:42.277932452,T,IBM,F,130,304.0
2025-12-30,9:44:42.278380453,T,IBM,F I,10,303.98
2025-12-30,9:44:42.281303397,T,IBM,I,14,303.95
2025-12-30,9:44:42.281901745,T,IBM,I,10,303.95
2025-12-30,9:45:00.065252922,T,IBM,F I,14,304.02
2025-12-30,9:45:00.065252922,T,IBM,F I,13,304.02
2025-12-30,9:45:00.065258724,T,IBM,F,42,304.02
2025-12-30,9:45:01.227453300,T,IBM,F I,7,303.84
2025-12-30,9:45:12.619070050,T,IBM,F I,15,303.8
2025-12-30,9:45:13.108479132,T,IBM,F,40,303.84
2025-12-30,9:45:13.108482242,T,IBM,,200,303.84
2025-12-30,9:45:22.833293919,T,IBM,F I,1,303.75
2025-12-30,9:45:22.848275695,T,IBM,,100,303.76
2025-12-30,9:45:28.216542235,T,IBM,F I,13,303.87
2025-12-30,9:45:28.216544667,T,IBM,F I,11,303.87
2025-12-30,9:45:28.216547372,T,IBM,F I,34,303.87
2025-12-30,9:45:29.916067085,T,IBM,F I,10,303.86
2025-12-30,9:45:29.916067085,T,IBM,F I,10,303.85
2025-12-30,9:45:42.750551668,T,IBM,F,40,303.65
2025-12-30,9:45:59.543353354,T,IBM,I,1,303.7
2025-12-30,9:46:01.040674900,T,IBM,,46,303.7
2025-12-30,9:46:01.601943664,T,IBM,F I,10,303.78
2025-12-30,9:46:01.601943664,T,IBM,F I,32,303.78
2025-12-30,9:46:01.601948926,T,IBM,F I,10,303.78
2025-12-30,9:46:01.666602924,T,IBM,,100,303.775
2025-12-30,9:46:03.315987415,T,IBM,,80,303.775
2025-12-30,9:46:07.540555340,T,IBM,I,10,303.81
2025-12-30,9:46:07.827606651,T,IBM,F I,10,303.82
2025-12-30,9:46:07.830704087,T,IBM,I,1,303.88
2025-12-30,9:46:07.832120391,T,IBM,I,2,303.92
2025-12-30,9:46:07.833218026,T,IBM,I,2,303.91
2025-12-30,9:46:25.498958797,T,IBM,F I,38,303.92
2025-12-30,9:46:25.498962062,T,IBM,F,52,303.92
2025-12-30,9:46:25.498976883,T,IBM,F I,6,303.92
2025-12-30,9:46:25.498976883,T,IBM,F I,11,303.92
2025-12-30,9:46:25.498979846,T,IBM,F,75,303.92
2025-12-30,9:46:28.061593437,T,IBM,I,17,303.84
2025-12-30,9:46:28.061596424,T,IBM,I,8,303.84
2025-12-30,9:46:28.353320817,T,IBM,I,17,303.84
2025-12-30,9:46:28.353320817,T,IBM,I,8,303.84
2025-12-30,9:46:30.281764367,T,IBM,I,17,303.84
2025-12-30,9:46:30.281766767,T,IBM,I,8,303.84
2025-12-30,9:46:30.281811957,T,IBM,F I,2,303.83
2025-12-30,9:46:30.281811957,T,IBM,F I,2,303.83
2025-12-30,9:46:30.283739479,T,IBM,F I,4,303.85
2025-12-30,9:46:30.284064233,T,IBM,I,10,303.92
2025-12-30,9:46:30.284199548,T,IBM,,80,303.92
2025-12-30,9:46:30.284220559,T,IBM,F,97,303.92
2025-12-30,9:46:30.286097016,T,IBM,I,12,303.85
2025-12-30,9:46:45.577198702,T,IBM,I,39,303.99
2025-12-30,9:46:45.577201772,T,IBM,I,23,303.99
2025-12-30,9:46:45.577806145,T,IBM,F I,27,303.99
2025-12-30,9:46:45.577812236,T,IBM,F I,23,304.02
2025-12-30,9:46:50.144943638,T,IBM,I,2,304.02
2025-12-30,9:46:54.143601819,T,IBM,F I,20,304.02
2025-12-30,9:46:54.150064525,T,IBM,F I,36,304.02
2025-12-30,9:46:54.158923230,T,IBM,F I,36,304.02
2025-12-30,9:46:54.169659267,T,IBM,F I,5,304.02
2025-12-30,9:46:54.169662328,T,IBM,F I,30,304.04
2025-12-30,9:46:54.169662328,T,IBM,F I,11,304.1
2025-12-30,9:46:54.169899577,T,IBM,F I,29,304.1
2025-12-30,9:46:54.169899577,T,IBM,F I,17,304.11
2025-12-30,9:46:54.169905469,T,IBM,I,3,304.11
2025-12-30,9:46:54.169908416,T,IBM,I,16,304.11
2025-12-30,9:46:54.169911454,T,IBM,I,10,304.11
2025-12-30,9:46:54.176560222,T,IBM,F I,21,304.14
2025-12-30,9:46:54.188486997,T,IBM,I,1,304.095
2025-12-30,9:46:54.188486997,T,IBM,I,1,304.095
2025-12-30,9:46:54.196121785,T,IBM,I,38,304.095
2025-12-30,9:46:54.220672255,T,IBM,,100,304.11
2025-12-30,9:46:54.220675328,T,IBM,,50,304.11
2025-12-30,9:46:54.300891207,T,IBM,,70,304.14
2025-12-30,9:46:55.586123913,T,IBM,F I,10,304.18
2025-12-30,9:46:55.586184092,T,IBM,F I,10,304.19
2025-12-30,9:46:55.586443271,T,IBM,F I,10,304.19
2025-12-30,9:47:09.726939209,T,IBM,I,2,304.1
2025-12-30,9:47:25.903306405,T,IBM,F I,3,304.0
2025-12-30,9:47:25.903312350,T,IBM,F I,19,304.0
2025-12-30,9:47:25.908087703,T,IBM,I,17,303.96
2025-12-30,9:47:29.417469042,T,IBM,I,1,303.995
2025-12-30,9:47:38.910049883,T,IBM,I,17,303.98
2025-12-30,9:47:38.910049883,T,IBM,I,6,303.98
2025-12-30,9:47:38.910359715,T,IBM,F I,22,304.0
2025-12-30,9:47:38.910362951,T,IBM,F I,10,304.0
2025-12-30,9:47:38.910362951,T,IBM,F I,8,304.0
2025-12-30,9:47:38.910365727,T,IBM,F I,22,304.0
2025-12-30,9:47:59.516073698,T,IBM,,100,303.945
2025-12-30,9:47:59.518999234,T,IBM,I,1,303.945
2025-12-30,9:48:02.881983223,T,IBM,F I,37,303.95
2025-12-30,9:48:02.881989473,T,IBM,F I,10,303.95
2025-12-30,9:48:02.881989473,T,IBM,F I,33,303.95
2025-12-30,9:48:02.881989473,T,IBM,F I,20,303.95
2025-12-30,9:48:03.200588630,T,IBM,I,20,304.09
2025-12-30,9:48:03.200591685,T,IBM,,40,304.09
2025-12-30,9:48:03.200606701,T,IBM,I,1,304.09
2025-12-30,9:48:03.200618711,T,IBM,F I,9,304.09
2025-12-30,9:48:04.087874917,T,IBM,F I,25,304.03
2025-12-30,9:48:04.087925959,T,IBM,F I,25,304.03
2025-12-30,9:48:13.204897654,T,IBM,,40,304.11
2025-12-30,9:48:13.205078078,T,IBM,,40,304.11
2025-12-30,9:48:13.207495788,T,IBM,,40,304.11
2025-12-30,9:48:13.914644550,T,IBM,F I,20,304.15
2025-12-30,9:48:17.600479735,T,IBM,F,40,304.19
2025-12-30,9:48:17.600482975,T,IBM,F I,23,304.19
2025-12-30,9:48:17.600482975,T,IBM,F I,6,304.2
2025-12-30,9:48:17.600942830,T,IBM,F I,6,304.21
2025-12-30,9:48:18.081883695,T,IBM,F I,6,304.22
2025-12-30,9:48:18.081919834,T,IBM,F I,6,304.23
2025-12-30,9:48:26.379557963,T,IBM,I,18,304.3
2025-12-30,9:48:26.379561022,T,IBM,I,35,304.3
2025-12-30,9:48:26.379603112,T,IBM,F I,20,304.32
2025-12-30,9:48:26.380586407,T,IBM,I,20,304.38
2025-12-30,9:48:26.944852678,T,IBM,I,20,304.43
2025-12-30,9:48:26.945147488,T,IBM,,100,304.43
2025-12-30,9:48:26.945150432,T,IBM,I,20,304.44
2025-12-30,9:48:26.945150432,T,IBM,I,18,304.44
2025-12-30,9:48:26.945171972,T,IBM,F,65,304.44
2025-12-30,9:48:26.945171972,T,IBM,F I,12,304.44
2025-12-30,9:48:26.945174386,T,IBM,F I,23,304.44
2025-12-30,9:48:26.945300742,T,IBM,F I,20,304.45
2025-12-30,9:48:26.945303890,T,IBM,F I,3,304.45
2025-12-30,9:48:26.945303890,T,IBM,F,77,304.44
2025-12-30,9:48:26.945309744,T,IBM,F I,23,304.44
2025-12-30,9:48:27.585581953,T,IBM,I,30,304.46
2025-12-30,9:48:27.682977901,T,IBM,I,10,304.54
2025-12-30,9:48:27.682995935,T,IBM,I,6,304.54
2025-12-30,9:48:28.378461599,T,IBM,F I,5,304.51
2025-12-30,9:48:30.380317922,T,IBM,F I,25,304.46
2025-12-30,9:48:38.818549823,T,IBM,I,20,304.59
2025-12-30,9:49:04.391777103,T,IBM,F I,16,304.485
2025-12-30,9:49:04.695635442,T,IBM,I,2,304.485
2025-12-30,9:49:20.571385888,T,IBM,I,15,304.4
2025-12-30,9:49:29.125408443,T,IBM,F I,25,304.38
2025-12-30,9:49:33.648436821,T,IBM,F I,10,304.42
2025-12-30,9:49:33.648511998,T,IBM,I,1,304.44
2025-12-30,9:49:50.634451225,T,IBM,I,1,304.405
2025-12-30,9:50:05.142572912,T,IBM,,40,304.28
2025-12-30,9:50:06.020326565,T,IBM,F I,10,304.37
2025-12-30,9:50:06.020329556,T,IBM,F I,5,304.39
2025-12-30,9:50:06.020329556,T,IBM,F I,14,304.405
2025-12-30,9:50:06.107627389,T,IBM,,40,304.28
2025-12-30,9:50:08.006206047,T,IBM,,40,304.28
2025-12-30,9:50:09.745937736,T,IBM,F,40,304.27
2025-12-30,9:50:09.745943700,T,IBM,F I,1,304.27
2025-12-30,9:50:09.745943700,T,IBM,F I,1,304.27
2025-12-30,9:50:09.745943700,T,IBM,F I,10,304.27
2025-12-30,9:50:09.745956382,T,IBM,F I,20,304.27
2025-12-30,9:50:09.745958870,T,IBM,F I,1,304.26
2025-12-30,9:50:09.746812819,T,IBM,I,2,304.23
2025-12-30,9:50:09.746830875,T,IBM,F I,1,304.23
2025-12-30,9:50:10.261948081,T,IBM,I,30,304.195
2025-12-30,9:50:24.892626249,T,IBM,F I,10,304.31
2025-12-30,9:50:24.892632613,T,IBM,F I,10,304.31
2025-12-30,9:50:24.892641327,T,IBM,I,10,304.31
2025-12-30,9:50:24.895362797,T,IBM,,40,304.31
2025-12-30,9:50:25.572051722,T,IBM,,60,304.34
2025-12-30,9:50:25.572051722,T,IBM,,40,304.34
2025-12-30,9:50:26.407160784,T,IBM,,100,304.34
2025-12-30,9:50:27.755495586,T,IBM,I,20,304.34
2025-12-30,9:50:52.625011728,T,IBM,I,20,304.34
2025-12-30,9:51:01.312116006,T,IBM,I,2,304.36
2025-12-30,9:51:11.559728341,T,IBM,I,1,304.36
2025-12-30,9:51:25.036069848,T,IBM,I,5,304.29
2025-12-30,9:51:28.419947414,T,IBM,I,2,304.29
2025-12-30,9:51:28.573992207,T,IBM,I,4,304.23
2025-12-30,9:51:28.574052263,T,IBM,F I,1,304.2
2025-12-30,9:51:28.574133517,T,IBM,F I,5,304.2
2025-12-30,9:51:28.574530492,T,IBM,I,32,304.25
2025-12-30,9:51:28.574611945,T,IBM,F I,8,304.22
2025-12-30,9:51:28.574771018,T,IBM,F I,1,304.16
2025-12-30,9:51:30.099033643,T,IBM,,100,304.24
2025-12-30,9:51:37.379202653,T,IBM,F I,25,304.21
2025-12-30,9:51:55.183137450,T,IBM,I,21,304.17
2025-12-30,9:51:55.183141182,T,IBM,,40,304.15
2025-12-30,9:51:55.183143707,T,IBM,I,1,304.15
2025-12-30,9:51:55.183143707,T,IBM,I,1,304.15
2025-12-30,9:51:55.183146481,T,IBM,I,19,304.15
2025-12-30,9:51:55.183152588,T,IBM,I,1,304.15
2025-12-30,9:51:55.183158750,T,IBM,I,20,304.15
2025-12-30,9:51:55.183158750,T,IBM,I,5,304.15
2025-12-30,9:51:55.183158750,T,IBM,I,3,304.15
2025-12-30,9:52:17.229908759,T,IBM,I,2,304.16
2025-12-30,9:52:25.992108068,T,IBM,F I,25,304.17
2025-12-30,9:52:25.992162144,T,IBM,F I,15,304.17
2025-12-30,9:52:36.717031856,T,IBM,F I,10,304.29
2025-12-30,9:52:36.717031856,T,IBM,F I,29,304.29
2025-12-30,9:52:36.733336595,T,IBM,I,30,304.35
2025-12-30,9:52:41.381601295,T,IBM,I,2,304.26
2025-12-30,9:52:45.974516273,T,IBM,F I,10,304.38
2025-12-30,9:52:45.974516273,T,IBM,F I,3,304.38
2025-12-30,9:52:45.974534164,T,IBM,F I,27,304.38
2025-12-30,9:52:45.974537711,T,IBM,F I,11,304.38
2025-12-30,9:53:08.526574763,T,IBM,F I,11,304.46
2025-12-30,9:53:08.526574763,T,IBM,F I,9,304.46
2025-12-30,9:53:08.526583815,T,IBM,F I,10,304.47
2025-12-30,9:53:08.526587244,T,IBM,F I,30,304.47
2025-12-30,9:53:08.526587244,T,IBM,F I,11,304.47
2025-12-30,9:53:08.526589517,T,IBM,F I,9,304.47
2025-12-30,9:53:08.526592600,T,IBM,F I,11,304.47
2025-12-30,9:53:08.526962438,T,IBM,F I,20,304.52
2025-12-30,9:53:08.527202991,T,IBM,,40,304.53
2025-12-30,9:53:08.527205973,T,IBM,I,6,304.53
2025-12-30,9:53:08.527205973,T,IBM,,40,304.53
2025-12-30,9:53:08.648900345,T,IBM,I,20,304.57
2025-12-30,9:53:08.828896179,T,IBM,I,3,304.57
2025-12-30,9:53:08.834961666,T,IBM,I,17,304.57
2025-12-30,9:53:08.978836136,T,IBM,F I,20,304.57
2025-12-30,9:53:08.978839139,T,IBM,F I,33,304.58
2025-12-30,9:53:08.978857162,T,IBM,I,1,304.58
2025-12-30,9:53:08.978860190,T,IBM,F I,10,304.58
2025-12-30,9:53:08.978956458,T,IBM,F I,20,304.59
2025-12-30,9:53:13.114462027,T,IBM,I,10,304.58
2025-12-30,9:53:13.114462027,T,IBM,I,30,304.56
2025-12-30,9:53:13.114467385,T,IBM,,60,304.54
2025-12-30,9:53:16.835185878,T,IBM,I,5,304.535
2025-12-30,9:53:17.615459376,T,IBM,I,16,304.43
2025-12-30,9:53:17.615459376,T,IBM,I,1,304.43
2025-12-30,9:53:17.615577156,T,IBM,I,1,304.42
2025-12-30,9:53:17.615579638,T,IBM,I,30,304.42
2025-12-30,9:53:17.615582724,T,IBM,I,9,304.41
2025-12-30,9:53:18.972313550,T,IBM,F I,21,304.41
2025-12-30,9:53:18.972454810,T,IBM,I,30,304.4
2025-12-30,9:53:26.506220629,T,IBM,I,5,304.425
2025-12-30,9:53:28.101777085,T,IBM,I,1,304.42
2025-12-30,9:53:28.104315064,T,IBM,I,1,304.42
2025-12-30,9:53:43.787264824,T,IBM,F I,4,304.26
2025-12-30,9:53:43.787267820,T,IBM,I,4,304.26
2025-12-30,9:53:43.793910650,T,IBM,I,30,304.23
2025-12-30,9:54:08.158552292,T,IBM,F I,17,304.22
2025-12-30,9:54:08.790669061,T,IBM,F I,1,304.18
2025-12-30,9:54:08.791156256,T,IBM,I,10,304.19
2025-12-30,9:54:08.791156256,T,IBM,I,21,304.21
2025-12-30,9:54:08.791159672,T,IBM,I,8,304.22
2025-12-30,9:54:08.791162274,T,IBM,I,1,304.22
2025-12-30,9:54:08.795492620,T,IBM,I,36,304.15
2025-12-30,9:54:17.074444469,T,IBM,F I,5,304.13
2025-12-30,9:54:24.250150919,T,IBM,I,12,304.17
2025-12-30,9:54:24.250153894,T,IBM,I,3,304.17
2025-12-30,9:54:24.250502768,T,IBM,F I,2,304.18
2025-12-30,9:54:26.027319272,T,IBM,I,14,304.25
2025-12-30,9:54:26.027321687,T,IBM,I,2,304.25
2025-12-30,9:54:26.221623708,T,IBM,I,15,304.25
2025-12-30,9:54:26.221626163,T,IBM,I,1,304.25
2025-12-30,9:54:27.365309645,T,IBM,I,15,304.25
2025-12-30,9:54:27.365311878,T,IBM,I,1,304.25
2025-12-30,9:54:27.866064003,T,IBM,F I,10,304.21
2025-12-30,9:54:31.196438249,T,IBM,F I,10,304.21
2025-12-30,9:54:33.044788399,T,IBM,F I,10,304.26
2025-12-30,9:54:33.044839503,T,IBM,I,14,304.31
2025-12-30,9:54:33.044845528,T,IBM,I,16,304.31
2025-12-30,9:54:33.062052536,T,IBM,,40,304.36
2025-12-30,9:54:33.071203292,T,IBM,F I,11,304.37
2025-12-30,9:54:33.071206276,T,IBM,F,56,304.37
2025-12-30,9:54:35.274662876,T,IBM,F I,25,304.415
2025-12-30,9:54:35.274720043,T,IBM,F I,25,304.415
2025-12-30,9:54:45.111485426,T,IBM,F I,5,304.45
2025-12-30,9:54:55.136487084,T,IBM,F I,20,304.37
2025-12-30,9:55:12.424454040,T,IBM,I,10,304.45
2025-12-30,9:55:12.424457053,T,IBM,,40,304.45
2025-12-30,9:55:32.440265673,T,IBM,F I,1,304.3
2025-12-30,9:55:32.440265673,T,IBM,F I,1,304.3
2025-12-30,9:55:32.440821953,T,IBM,F I,30,304.26
2025-12-30,9:56:00.005483742,T,IBM,F I,5,304.12
2025-12-30,9:56:01.245473744,T,IBM,F I,10,304.19
2025-12-30,9:56:01.245630026,T,IBM,F I,11,304.2
2025-12-30,9:56:06.247620820,T,IBM,I,4,304.25
2025-12-30,9:56:09.629540844,T,IBM,I,20,304.21
2025-12-30,9:56:09.629592000,T,IBM,I,2,304.3
2025-12-30,9:56:24.456981098,T,IBM,F I,1,304.18
2025-12-30,9:56:25.034978111,T,IBM,F I,5,304.11
2025-12-30,9:56:25.035032592,T,IBM,I,7,304.13
2025-12-30,9:56:25.035032592,T,IBM,I,3,304.15
2025-12-30,9:56:41.442875940,T,IBM,F I,5,304.18
2025-12-30,9:56:41.442879034,T,IBM,F I,10,304.19
2025-12-30,9:56:41.442879034,T,IBM,F I,4,304.2
2025-12-30,9:56:50.735532276,T,IBM,I,16,304.17
2025-12-30,9:56:50.853097160,T,IBM,I,10,304.19
2025-12-30,9:56:58.291307599,T,IBM,I,5,304.06
2025-12-30,9:56:58.291310571,T,IBM,I,30,304.06
2025-12-30,9:56:58.293061410,T,IBM,I,9,304.11
2025-12-30,9:56:58.294242560,T,IBM,F I,7,304.08
2025-12-30,9:57:09.296970833,T,IBM,F I,21,304.21
2025-12-30,9:57:09.297037630,T,IBM,F I,11,304.22
2025-12-30,9:57:09.297040014,T,IBM,F I,10,304.22
2025-12-30,9:57:09.297512052,T,IBM,F I,10,304.22
2025-12-30,9:57:21.144184149,T,IBM,I,25,304.195
2025-12-30,9:57:23.737822646,T,IBM,F I,3,304.24
2025-12-30,9:57:31.923026431,T,IBM,I,8,304.12
2025-12-30,9:57:31.923053492,T,IBM,I,13,304.12
2025-12-30,9:57:32.441078802,T,IBM,F I,5,304.05
2025-12-30,9:57:44.421151602,T,IBM,F I,9,304.13
2025-12-30,9:57:52.909221520,T,IBM,I,5,304.15
2025-12-30,9:57:52.914453891,T,IBM,I,5,304.15
2025-12-30,9:57:52.922245457,T,IBM,I,5,304.15
2025-12-30,9:57:52.930070161,T,IBM,I,5,304.15
2025-12-30,9:58:01.836321521,T,IBM,,40,304.15
2025-12-30,9:58:01.836465877,T,IBM,,40,304.15
2025-12-30,9:58:01.837061250,T,IBM,F I,25,304.15
2025-12-30,9:58:01.837641608,T,IBM,I,35,304.15
2025-12-30,9:58:05.057767474,T,IBM,F I,11,304.22
2025-12-30,9:58:05.058714661,T,IBM,I,4,304.23
2025-12-30,9:58:08.143169905,T,IBM,I,5,304.185
2025-12-30,9:58:08.143172680,T,IBM,I,5,304.185
2025-12-30,9:58:10.724129923,T,IBM,,100,304.205
2025-12-30,9:58:15.352436091,T,IBM,I,30,304.055
2025-12-30,9:58:26.289942098,T,IBM,,40,304.09
2025-12-30,9:58:26.297745677,T,IBM,F I,7,304.18
2025-12-30,9:58:26.297745677,T,IBM,F I,5,304.18
2025-12-30,9:58:26.297748609,T,IBM,F I,14,304.19
2025-12-30,9:58:26.297751681,T,IBM,F I,10,304.19
2025-12-30,9:58:26.297751681,T,IBM,F,62,304.24
2025-12-30,9:58:26.304115121,T,IBM,F I,8,304.11
2025-12-30,9:58:45.029007478,T,IBM,,47,304.135
2025-12-30,9:58:45.255079610,T,IBM,,40,304.135
2025-12-30,9:58:56.520663632,T,IBM,I,7,304.17
2025-12-30,9:59:00.839413039,T,IBM,I,5,304.13
2025-12-30,9:59:00.839413039,T,IBM,I,1,304.13
2025-12-30,9:59:04.138112834,T,IBM,F I,8,304.07
2025-12-30,9:59:30.069535579,T,IBM,F I,7,304.01
2025-12-30,9:59:30.069535579,T,IBM,F I,1,304.0
2025-12-30,9:59:30.069541484,T,IBM,F I,1,304.0
2025-12-30,9:59:30.069541484,T,IBM,F I,2,304.0
2025-12-30,9:59:30.069541484,T,IBM,F I,2,304.0
2025-12-30,9:59:30.069640763,T,IBM,F I,5,304.0
2025-12-30,9:59:30.069640763,T,IBM,F I,5,304.0
2025-12-30,9:59:30.069643714,T,IBM,F I,5,304.0
2025-12-30,9:59:30.069926464,T,IBM,F I,25,303.99
2025-12-30,9:59:30.069965523,T,IBM,F I,5,303.99
2025-12-30,9:59:35.352289585,T,IBM,F I,5,303.94
2025-12-30,9:59:37.386602596,T,IBM,F I,8,303.82
2025-12-30,9:59:37.386605553,T,IBM,F I,1,303.82
2025-12-30,9:59:45.103811252,T,IBM,F I,7,303.81
2025-12-30,9:59:45.104560019,T,IBM,F I,5,303.77
2025-12-30,9:59:45.160796905,T,IBM,F I,15,303.69
2025-12-30,9:59:45.160884232,T,IBM,F I,15,303.69
2025-12-30,9:59:45.160950267,T,IBM,F I,15,303.69
2025-12-30,9:59:45.160989382,T,IBM,I,15,303.69
2025-12-30,9:59:45.161016354,T,IBM,F I,15,303.68
2025-12-30,9:59:46.814490676,T,IBM,I,10,303.63
2025-12-30,9:59:54.396253927,T,IBM,F I,2,303.61
2025-12-30,9:59:55.012348512,T,IBM,F I,10,303.59
2025-12-30,9:59:55.012351831,T,IBM,F I,10,303.59
2025-12-30,9:59:55.012351831,T,IBM,F I,10,303.59
2025-12-30,9:59:55.012354645,T,IBM,F I,1,303.6
2025-12-30,9:59:55.012354645,T,IBM,F I,9,303.6
2025-12-30,10:00:00.573222871,T,IBM,F I,10,303.67
2025-12-30,10:00:11.398654922,T,IBM,,76,303.635
2025-12-30,10:00:11.398657918,T,IBM,I,24,303.635
2025-12-30,10:00:14.040624370,T,IBM,F,50,303.53
2025-12-30,10:00:14.734126336,T,IBM,,43,303.58
2025-12-30,10:00:20.261930965,T,IBM,F I,10,303.63
2025-12-30,10:00:20.261933794,T,IBM,F I,12,303.64
2025-12-30,10:00:20.261937596,T,IBM,F I,35,303.64
2025-12-30,10:00:20.261937596,T,IBM,F I,10,303.64
2025-12-30,10:00:20.261940114,T,IBM,F I,11,303.64
2025-12-30,10:00:20.261940114,T,IBM,F I,20,303.64
2025-12-30,10:00:20.261942968,T,IBM,F I,13,303.64
2025-12-30,10:00:20.261946250,T,IBM,F I,7,303.64
2025-12-30,10:00:20.261946250,T,IBM,F I,3,303.64
2025-12-30,10:00:29.776972681,T,IBM,F I,37,303.74
2025-12-30,10:00:29.776975615,T,IBM,F I,17,303.74
2025-12-30,10:00:29.776978457,T,IBM,F I,3,303.74
2025-12-30,10:00:29.777092773,T,IBM,F I,2,303.77
2025-12-30,10:00:29.916014635,T,IBM,F,40,303.84
2025-12-30,10:00:29.916017531,T,IBM,F I,35,303.84
2025-12-30,10:00:29.916021102,T,IBM,F I,17,303.84
2025-12-30,10:00:38.349910309,T,IBM,F I,4,303.92
2025-12-30,10:00:38.349931405,T,IBM,F I,25,303.92
2025-12-30,10:00:38.349964718,T,IBM,F I,27,303.93
2025-12-30,10:00:38.349964718,T,IBM,F I,12,303.93
2025-12-30,10:00:38.349982586,T,IBM,I,1,303.93
2025-12-30,10:00:38.349988467,T,IBM,F I,4,303.93
2025-12-30,10:00:38.349991474,T,IBM,F I,3,303.93
2025-12-30,10:00:38.349991474,T,IBM,F I,25,303.92
2025-12-30,10:00:38.350025632,T,IBM,F I,21,303.92
2025-12-30,10:00:40.572254834,T,IBM,F I,1,304.0
2025-12-30,10:00:40.572363116,T,IBM,I,24,304.0
2025-12-30,10:00:40.572363116,T,IBM,I,14,304.0
2025-12-30,10:00:40.573457761,T,IBM,I,20,304.03
2025-12-30,10:01:25.015359488,T,IBM,,100,303.955
2025-12-30,10:01:27.968263622,T,IBM,I,20,304.11
2025-12-30,10:01:27.968266628,T,IBM,I,3,304.11
2025-12-30,10:01:27.968266628,T,IBM,I,10,304.11
2025-12-30,10:01:27.968281472,T,IBM,I,1,304.11
2025-12-30,10:01:28.809001948,T,IBM,F I,14,304.16
2025-12-30,10:01:28.809019803,T,IBM,F I,6,304.16
2025-12-30,10:01:28.809070887,T,IBM,I,6,304.18
2025-12-30,10:01:36.695663787,T,IBM,I,20,304.28
2025-12-30,10:01:36.695964695,T,IBM,I,2,304.29
2025-12-30,10:01:36.696208055,T,IBM,F I,20,304.3
2025-12-30,10:01:36.696223053,T,IBM,F I,20,304.3
2025-12-30,10:01:36.696737291,T,IBM,F I,20,304.3
2025-12-30,10:01:36.696737291,T,IBM,F,60,304.31
2025-12-30,10:01:36.696770446,T,IBM,I,20,304.31
2025-12-30,10:01:38.742038367,T,IBM,F I,1,304.25
2025-12-30,10:01:38.758388300,T,IBM,,47,304.26
2025-12-30,10:02:01.347113533,T,IBM,I,20,303.99
2025-12-30,10:02:04.869840659,T,IBM,,100,304.06
2025-12-30,10:02:04.869864676,T,IBM,F I,25,304.06
2025-12-30,10:02:04.869912823,T,IBM,,56,304.06
2025-12-30,10:02:04.882912754,T,IBM,,66,304.06
2025-12-30,10:02:04.882936803,T,IBM,F I,25,304.06
2025-12-30,10:02:07.000960728,T,IBM,F I,25,304.06
2025-12-30,10:02:07.001011113,T,IBM,F I,25,304.06
2025-12-30,10:02:33.331910724,T,IBM,I,5,304.04
2025-12-30,10:02:33.897800847,T,IBM,F I,25,303.93
2025-12-30,10:02:33.897845950,T,IBM,F I,5,303.93
2025-12-30,10:02:50.420184163,T,IBM,F I,3,303.83
2025-12-30,10:02:50.420433778,T,IBM,I,17,303.84
2025-12-30,10:02:51.419237584,T,IBM,F I,1,303.64
2025-12-30,10:02:51.434222187,T,IBM,F I,1,303.62
2025-12-30,10:02:51.434288609,T,IBM,F I,1,303.61
2025-12-30,10:02:57.094077152,T,IBM,I,5,303.67
2025-12-30,10:03:09.246373047,T,IBM,F I,7,303.52
2025-12-30,10:03:09.246625717,T,IBM,F I,5,303.5
2025-12-30,10:03:09.246625717,T,IBM,F I,20,303.5
2025-12-30,10:03:09.246640704,T,IBM,F I,20,303.5
2025-12-30,10:03:09.255740388,T,IBM,I,20,303.46
2025-12-30,10:03:10.158125610,T,IBM,I,34,303.42
2025-12-30,10:03:10.254396739,T,IBM,I,31,303.49
2025-12-30,10:03:17.705017953,T,IBM,I,7,303.55
2025-12-30,10:03:17.705017953,T,IBM,I,4,303.55
2025-12-30,10:03:17.705020761,T,IBM,I,2,303.55
2025-12-30,10:03:17.705020761,T,IBM,F I,8,303.55
2025-12-30,10:03:17.705023832,T,IBM,F I,5,303.56
2025-12-30,10:03:17.705071915,T,IBM,F I,8,303.56
2025-12-30,10:03:22.581384380,T,IBM,F I,25,303.53
2025-12-30,10:03:26.321240493,T,IBM,F I,13,303.63
2025-12-30,10:03:26.335924391,T,IBM,I,2,303.64
2025-12-30,10:03:26.335924391,T,IBM,I,6,303.64
2025-12-30,10:03:26.373008696,T,IBM,I,2,303.65
2025-12-30,10:03:30.636236924,T,IBM,F,40,303.68
2025-12-30,10:03:30.636239865,T,IBM,F I,12,303.68
2025-12-30,10:03:30.782213390,T,IBM,F I,10,303.67
2025-12-30,10:03:30.782216338,T,IBM,F I,5,303.67
2025-12-30,10:04:25.269183645,T,IBM,F,40,303.42
2025-12-30,10:04:25.271087216,T,IBM,F I,1,303.41
2025-12-30,10:04:25.282027232,T,IBM,I,10,303.465
2025-12-30,10:04:25.477203905,T,IBM,I,11,303.515
2025-12-30,10:04:25.612847821,T,IBM,I,13,303.515
2025-12-30,10:04:29.115721671,T,IBM,I,6,303.6
2025-12-30,10:04:29.116028453,T,IBM,F I,20,303.53
2025-12-30,10:04:29.237096914,T,IBM,I,20,303.6
2025-12-30,10:04:29.237096914,T,IBM,I,1,303.6
2025-12-30,10:04:29.237099606,T,IBM,I,1,303.6
2025-12-30,10:04:29.237099606,T,IBM,I,4,303.6
2025-12-30,10:04:51.638998466,T,IBM,I,30,303.66
2025-12-30,10:04:54.241222357,T,IBM,I,30,303.66
2025-12-30,10:04:57.728666508,T,IBM,I,30,303.43
2025-12-30,10:05:36.034944097,T,IBM,F I,10,303.55
2025-12-30,10:05:36.260968472,T,IBM,I,5,303.54
2025-12-30,10:05:36.260968472,T,IBM,I,5,303.54
2025-12-30,10:05:36.260971286,T,IBM,I,5,303.54
2025-12-30,10:05:36.260974121,T,IBM,I,5,303.54
2025-12-30,10:05:36.428355613,T,IBM,I,1,303.54
2025-12-30,10:05:37.075685625,T,IBM,I,30,303.56
2025-12-30,10:05:37.075700673,T,IBM,I,1,303.55
2025-12-30,10:05:37.076347159,T,IBM,F I,10,303.58
2025-12-30,10:05:51.038462281,T,IBM,I,5,303.555
2025-12-30,10:05:51.038465311,T,IBM,I,10,303.53
2025-12-30,10:05:51.038468189,T,IBM,I,2,303.51
2025-12-30,10:05:54.805572430,T,IBM,I,11,303.67
2025-12-30,10:05:54.805575094,T,IBM,I,11,303.67
2025-12-30,10:05:54.805893907,T,IBM,F I,20,303.68
2025-12-30,10:05:54.806026253,T,IBM,F I,14,303.67
2025-12-30,10:05:54.806110439,T,IBM,F I,6,303.68
2025-12-30,10:05:54.806811136,T,IBM,F I,2,303.73
2025-12-30,10:05:54.905966150,T,IBM,F I,20,303.78
2025-12-30,10:05:54.931066935,T,IBM,I,14,303.82
2025-12-30,10:05:54.981569059,T,IBM,I,3,303.88
2025-12-30,10:05:54.981605184,T,IBM,F I,1,303.88
2025-12-30,10:05:55.604670592,T,IBM,I,12,303.89
2025-12-30,10:06:17.203131452,T,IBM,F I,25,303.81
2025-12-30,10:06:17.203188570,T,IBM,F I,25,303.81
2025-12-30,10:06:19.127950544,T,IBM,F I,25,303.81
2025-12-30,10:06:30.656958324,T,IBM,,100,303.81
2025-12-30,10:06:36.914476854,T,IBM,F I,25,303.81
2025-12-30,10:06:36.914527899,T,IBM,F I,25,303.81
2025-12-30,10:06:36.914563987,T,IBM,F I,25,303.81
2025-12-30,10:06:36.914597089,T,IBM,F I,25,303.81
2025-12-30,10:06:40.282464662,T,IBM,F I,25,303.81
2025-12-30,10:06:40.282530730,T,IBM,F I,25,303.81
2025-12-30,10:06:40.282566872,T,IBM,F I,25,303.81
2025-12-30,10:06:42.673107775,T,IBM,F I,25,303.81
2025-12-30,10:06:42.673152824,T,IBM,F I,25,303.81
2025-12-30,10:06:42.673188928,T,IBM,F I,25,303.81
2025-12-30,10:07:22.921306154,T,IBM,F I,2,303.79
2025-12-30,10:07:22.921348314,T,IBM,F I,15,303.79
2025-12-30,10:07:22.921381359,T,IBM,F I,2,303.8
2025-12-30,10:07:22.921417466,T,IBM,F I,2,303.8
2025-12-30,10:07:22.921432479,T,IBM,F I,4,303.8
2025-12-30,10:07:22.932387513,T,IBM,I,17,303.81
2025-12-30,10:07:22.932411561,T,IBM,F I,25,303.8
2025-12-30,10:07:22.932462698,T,IBM,F I,25,303.8
2025-12-30,10:07:28.294927503,T,IBM,I,5,303.81
2025-12-30,10:07:38.871468831,T,IBM,F I,4,303.79
2025-12-30,10:07:44.620438536,T,IBM,F I,5,303.69
2025-12-30,10:07:44.620440772,T,IBM,F I,4,303.68
2025-12-30,10:07:44.620459006,T,IBM,F I,4,303.68
2025-12-30,10:07:44.620461731,T,IBM,F I,1,303.68
2025-12-30,10:07:44.624220731,T,IBM,I,10,303.66
2025-12-30,10:07:44.624220731,T,IBM,I,18,303.66
2025-12-30,10:07:44.624644693,T,IBM,I,16,303.66
2025-12-30,10:07:53.492722968,T,IBM,,40,303.705
2025-12-30,10:07:53.626842208,T,IBM,,40,303.705
2025-12-30,10:07:53.648716352,T,IBM,,100,303.705
2025-12-30,10:07:54.987990581,T,IBM,F I,25,303.705
2025-12-30,10:07:54.988017647,T,IBM,F I,15,303.705
2025-12-30,10:08:00.477351571,T,IBM,I,11,303.79
2025-12-30,10:08:10.722687435,T,IBM,I,14,303.89
2025-12-30,10:08:10.723132455,T,IBM,I,9,303.93
2025-12-30,10:08:10.723631714,T,IBM,F I,15,303.93
2025-12-30,10:08:10.723845239,T,IBM,I,20,303.94
2025-12-30,10:08:10.723845239,T,IBM,I,6,303.94
2025-12-30,10:08:14.034357162,T,IBM,I,6,303.97
2025-12-30,10:08:18.467853456,T,IBM,F I,2,303.89
2025-12-30,10:08:18.467880549,T,IBM,F I,8,303.89
2025-12-30,10:08:18.468000862,T,IBM,F I,2,303.86
2025-12-30,10:08:48.644713526,T,IBM,F I,1,303.69
2025-12-30,10:08:59.122409666,T,IBM,,40,303.93
2025-12-30,10:08:59.122893827,T,IBM,F I,15,303.94
2025-12-30,10:08:59.124442577,T,IBM,I,14,303.94
2025-12-30,10:09:00.155943139,T,IBM,F I,5,303.86
2025-12-30,10:09:37.426071307,T,IBM,F I,10,303.87
2025-12-30,10:09:49.029118332,T,IBM,I,5,303.82
2025-12-30,10:09:52.802365782,T,IBM,F I,3,303.85
2025-12-30,10:10:08.201707640,T,IBM,F I,1,303.81
2025-12-30,10:10:08.203785484,T,IBM,I,14,303.81
2025-12-30,10:10:08.203788513,T,IBM,I,10,303.81
2025-12-30,10:10:08.203791656,T,IBM,I,1,303.81
2025-12-30,10:10:08.203794539,T,IBM,I,1,303.81
2025-12-30,10:10:08.205905613,T,IBM,I,17,303.82
2025-12-30,10:10:08.212004100,T,IBM,F I,1,303.75
2025-12-30,10:10:13.846899629,T,IBM,,76,303.795
2025-12-30,10:10:13.846902636,T,IBM,I,24,303.795
2025-12-30,10:10:21.200106616,T,IBM,,40,303.765
2025-12-30,10:10:24.945189124,T,IBM,I,11,303.83
2025-12-30,10:10:26.819022006,T,IBM,I,14,303.89
2025-12-30,10:10:31.404830943,T,IBM,I,5,303.87
2025-12-30,10:10:35.434847871,T,IBM,F I,10,303.85
2025-12-30,10:10:49.363319216,T,IBM,F I,25,303.87
2025-12-30,10:11:04.075519012,T,IBM,F I,10,303.75
2025-12-30,10:11:04.075519012,T,IBM,F I,10,303.75
2025-12-30,10:11:04.075540107,T,IBM,F I,5,303.75
2025-12-30,10:11:04.075543330,T,IBM,F I,5,303.75
2025-12-30,10:11:04.076192700,T,IBM,F I,12,303.73
2025-12-30,10:11:04.076340056,T,IBM,F I,10,303.73
2025-12-30,10:11:06.560809583,T,IBM,F I,10,303.7
2025-12-30,10:11:06.560827646,T,IBM,F I,1,303.7
2025-12-30,10:11:18.068205080,T,IBM,I,19,303.72
2025-12-30,10:11:22.033456744,T,IBM,F I,6,303.65
2025-12-30,10:11:25.997130098,T,IBM,,100,303.655
2025-12-30,10:11:28.845805439,T,IBM,F I,6,303.6
2025-12-30,10:11:28.845805439,T,IBM,F I,10,303.6
2025-12-30,10:11:28.845808236,T,IBM,F I,5,303.6
2025-12-30,10:11:28.845811293,T,IBM,F I,5,303.6
2025-12-30,10:11:37.094580228,T,IBM,F I,10,303.57
2025-12-30,10:11:37.094583231,T,IBM,F I,10,303.57
2025-12-30,10:11:37.094601232,T,IBM,F I,1,303.57
2025-12-30,10:11:37.094605095,T,IBM,I,4,303.57
2025-12-30,10:11:37.094605095,T,IBM,F I,15,303.57
2025-12-30,10:11:37.094607600,T,IBM,F I,20,303.57
2025-12-30,10:11:37.095349994,T,IBM,F I,4,303.52
2025-12-30,10:11:37.102383841,T,IBM,F I,1,303.5
2025-12-30,10:11:37.210064424,T,IBM,F I,3,303.43
2025-12-30,10:11:37.210064424,T,IBM,F I,10,303.42
2025-12-30,10:11:39.001918886,T,IBM,F I,16,303.36
2025-12-30,10:11:39.001927843,T,IBM,F I,20,303.34
2025-12-30,10:11:39.002297728,T,IBM,I,8,303.33
2025-12-30,10:11:39.002318790,T,IBM,F I,2,303.33
2025-12-30,10:11:39.002502265,T,IBM,I,6,303.35
2025-12-30,10:11:39.002502265,T,IBM,I,4,303.35
2025-12-30,10:11:39.002508261,T,IBM,I,7,303.36
2025-12-30,10:11:39.002508261,T,IBM,I,24,303.36
2025-12-30,10:11:42.000314925,T,IBM,F I,10,303.3
2025-12-30,10:11:42.000681709,T,IBM,,53,303.32
2025-12-30,10:11:42.012520970,T,IBM,F I,5,303.31
2025-12-30,10:11:42.412409925,T,IBM,F I,9,303.36
2025-12-30,10:11:42.412415948,T,IBM,F I,2,303.36
2025-12-30,10:11:42.412415948,T,IBM,F I,10,303.37
2025-12-30,10:11:42.412419020,T,IBM,F I,29,303.37
2025-12-30,10:11:42.412431005,T,IBM,F I,11,303.37
2025-12-30,10:11:43.444130055,T,IBM,F I,10,303.42
2025-12-30,10:11:43.444136001,T,IBM,F,40,303.43
2025-12-30,10:11:43.444142082,T,IBM,I,10,303.43
2025-12-30,10:11:44.756950324,T,IBM,,74,303.42
2025-12-30,10:11:45.601916926,T,IBM,I,10,303.42
2025-12-30,10:11:59.600187294,T,IBM,I,10,303.45
2025-12-30,10:12:27.453827893,T,IBM,I,10,303.31
2025-12-30,10:12:27.453827893,T,IBM,I,2,303.31
2025-12-30,10:12:27.453972743,T,IBM,F I,10,303.3
2025-12-30,10:12:27.453975164,T,IBM,F I,1,303.3
2025-12-30,10:12:27.453978188,T,IBM,F,300,303.3
2025-12-30,10:12:27.454796271,T,IBM,F I,10,303.25
2025-12-30,10:12:27.454823210,T,IBM,F I,1,303.25
2025-12-30,10:12:27.457725123,T,IBM,I,17,303.24
2025-12-30,10:12:27.460759306,T,IBM,I,7,303.28
2025-12-30,10:12:27.461023892,T,IBM,F,40,303.32
2025-12-30,10:12:27.466271533,T,IBM,F I,10,303.41
2025-12-30,10:12:27.466328547,T,IBM,F I,5,303.43
2025-12-30,10:12:27.502910645,T,IBM,,40,303.55
2025-12-30,10:12:27.502973848,T,IBM,F I,20,303.57
2025-12-30,10:12:27.502973848,T,IBM,F I,20,303.57
2025-12-30,10:12:27.503097068,T,IBM,F I,11,303.58
2025-12-30,10:12:27.503160537,T,IBM,F I,20,303.58
2025-12-30,10:12:27.503163287,T,IBM,I,9,303.58
2025-12-30,10:12:27.503166246,T,IBM,I,31,303.58
2025-12-30,10:12:27.503184336,T,IBM,I,1,303.58
2025-12-30,10:12:27.503464015,T,IBM,F I,1,303.59
2025-12-30,10:12:27.504225368,T,IBM,F I,9,303.6
2025-12-30,10:12:27.504227780,T,IBM,F I,2,303.6
2025-12-30,10:12:27.505499843,T,IBM,F I,10,303.6
2025-12-30,10:12:27.527480052,T,IBM,I,6,303.61
2025-12-30,10:12:27.527482148,T,IBM,I,4,303.61
2025-12-30,10:12:27.625431371,T,IBM,F I,34,303.63
2025-12-30,10:12:27.625506593,T,IBM,F I,10,303.64
2025-12-30,10:12:27.726775622,T,IBM,F I,20,303.66
2025-12-30,10:12:27.726775622,T,IBM,F I,10,303.66
2025-12-30,10:12:27.726793696,T,IBM,F I,18,303.66
2025-12-30,10:12:30.768372407,T,IBM,F,40,303.71
2025-12-30,10:12:30.768504996,T,IBM,F,40,303.73
2025-12-30,10:12:30.768504996,T,IBM,F I,20,303.73
2025-12-30,10:13:33.794242431,T,IBM,F I,10,303.68
2025-12-30,10:13:33.794245059,T,IBM,F I,1,303.68
2025-12-30,10:13:35.061624193,T,IBM,,100,303.685
2025-12-30,10:13:35.067638453,T,IBM,I,9,303.75
2025-12-30,10:13:35.067638453,T,IBM,I,22,303.75
2025-12-30,10:13:35.068002355,T,IBM,F I,10,303.77
2025-12-30,10:13:35.068005382,T,IBM,F I,21,303.77
2025-12-30,10:13:35.084911576,T,IBM,,40,303.85
2025-12-30,10:13:35.086622693,T,IBM,I,20,303.85
2025-12-30,10:13:35.187028638,T,IBM,I,20,303.85
2025-12-30,10:13:37.089537856,T,IBM,I,20,303.85
2025-12-30,10:13:37.089646041,T,IBM,F,40,303.86
2025-12-30,10:13:37.089646041,T,IBM,F I,34,303.86
2025-12-30,10:13:37.092334428,T,IBM,,40,303.87
2025-12-30,10:13:37.092451700,T,IBM,,40,303.91
2025-12-30,10:13:37.093095306,T,IBM,I,25,303.92
2025-12-30,10:13:37.093095306,T,IBM,I,15,303.92
2025-12-30,10:13:37.093116300,T,IBM,F I,16,303.92
2025-12-30,10:13:40.470131718,T,IBM,F I,10,303.79
2025-12-30,10:13:40.470633940,T,IBM,F I,10,303.77
2025-12-30,10:13:53.955693749,T,IBM,I,12,303.78
2025-12-30,10:13:54.936914733,T,IBM,I,29,303.78
2025-12-30,10:13:54.950991075,T,IBM,I,23,303.78
2025-12-30,10:13:55.982052662,T,IBM,I,32,303.775
2025-12-30,10:14:00.032975338,T,IBM,I,19,303.77
2025-12-30,10:14:19.799589860,T,IBM,F I,4,303.85
2025-12-30,10:15:14.908187619,T,IBM,F I,3,303.73
2025-12-30,10:15:20.731069511,T,IBM,F I,10,303.67
2025-12-30,10:15:20.731072624,T,IBM,F I,5,303.64
2025-12-30,10:15:20.731075614,T,IBM,F I,2,303.64
2025-12-30,10:15:31.177058280,T,IBM,I,21,303.63
2025-12-30,10:15:37.812802545,T,IBM,F I,10,303.62
2025-12-30,10:15:37.812802545,T,IBM,F I,7,303.62
2025-12-30,10:15:37.812805409,T,IBM,F I,2,303.61
2025-12-30,10:15:37.812962185,T,IBM,F I,4,303.6
2025-12-30,10:15:37.812979995,T,IBM,F I,1,303.6
2025-12-30,10:15:37.812979995,T,IBM,F I,1,303.6
2025-12-30,10:15:37.813569174,T,IBM,F I,1,303.59
2025-12-30,10:15:39.718947473,T,IBM,I,4,303.53
2025-12-30,10:15:39.718950193,T,IBM,I,10,303.53
2025-12-30,10:15:51.470987199,T,IBM,I,10,303.51
2025-12-30,10:16:01.339580309,T,IBM,,100,303.515
2025-12-30,10:16:23.184842253,T,IBM,F I,10,303.62
2025-12-30,10:16:23.184851576,T,IBM,F I,13,303.62
2025-12-30,10:16:23.184851576,T,IBM,F I,17,303.62
2025-12-30,10:16:23.197156561,T,IBM,,100,303.66
2025-12-30,10:16:23.407736065,T,IBM,,100,303.66
2025-12-30,10:16:23.976933895,T,IBM,F I,6,303.6
2025-12-30,10:16:34.354377505,T,IBM,F,60,303.52
2025-12-30,10:16:34.354380450,T,IBM,F I,10,303.51
2025-12-30,10:16:34.355273810,T,IBM,F I,1,303.5
2025-12-30,10:16:34.355273810,T,IBM,F I,10,303.49
2025-12-30,10:16:53.530985110,T,IBM,F I,12,303.43
2025-12-30,10:16:53.530985110,T,IBM,F I,20,303.42
2025-12-30,10:16:53.530990648,T,IBM,F,58,303.42
2025-12-30,10:16:53.531002612,T,IBM,I,1,303.42
2025-12-30,10:17:01.276875400,T,IBM,F I,14,303.59
2025-12-30,10:17:01.429795462,T,IBM,,100,303.595
2025-12-30,10:17:01.430294960,T,IBM,F I,4,303.68
2025-12-30,10:17:01.430315732,T,IBM,F,50,303.68
2025-12-30,10:17:01.430366814,T,IBM,F I,4,303.68
2025-12-30,10:17:01.430369958,T,IBM,F I,25,303.68
2025-12-30,10:17:01.430375841,T,IBM,I,6,303.64
2025-12-30,10:17:01.430433661,T,IBM,F I,17,303.68
2025-12-30,10:17:01.430847982,T,IBM,I,12,303.69
2025-12-30,10:17:01.430847982,T,IBM,I,4,303.67
2025-12-30,10:17:01.430917116,T,IBM,F,40,303.73
2025-12-30,10:17:01.431202878,T,IBM,F I,1,303.73
2025-12-30,10:17:01.431248256,T,IBM,I,25,303.73
2025-12-30,10:17:01.431248256,T,IBM,,75,303.73
2025-12-30,10:17:01.431266003,T,IBM,I,25,303.73
2025-12-30,10:17:52.595460745,T,IBM,F I,5,303.825
2025-12-30,10:17:59.194983559,T,IBM,I,10,303.825
2025-12-30,10:18:15.071209549,T,IBM,I,2,303.85
2025-12-30,10:18:26.523294547,T,IBM,I,3,303.71
2025-12-30,10:18:27.006701580,T,IBM,I,10,303.68
2025-12-30,10:18:27.006701580,T,IBM,I,5,303.68
2025-12-30,10:18:27.006704294,T,IBM,I,12,303.68
2025-12-30,10:18:27.006704294,T,IBM,I,1,303.68
2025-12-30,10:18:27.006707292,T,IBM,I,8,303.68
2025-12-30,10:18:29.003719391,T,IBM,I,10,303.66
2025-12-30,10:18:29.009024198,T,IBM,I,4,303.65
2025-12-30,10:18:29.009024198,T,IBM,I,30,303.62
2025-12-30,10:18:44.733911829,T,IBM,F I,4,303.55
2025-12-30,10:20:15.976289931,T,IBM,F I,2,303.74
2025-12-30,10:20:15.976311070,T,IBM,F I,8,303.74
2025-12-30,10:20:15.976314450,T,IBM,F I,10,303.74
2025-12-30,10:20:15.976317587,T,IBM,F I,5,303.74
2025-12-30,10:20:15.976317587,T,IBM,F I,8,303.74
2025-12-30,10:20:15.976320053,T,IBM,F I,31,303.74
2025-12-30,10:20:15.976731993,T,IBM,I,2,303.75
2025-12-30,10:20:48.019500897,T,IBM,F,40,303.74
2025-12-30,10:20:50.581588252,T,IBM,F I,3,303.82
2025-12-30,10:20:50.581588252,T,IBM,F I,1,303.82
2025-12-30,10:20:50.581591237,T,IBM,F I,4,303.82
2025-12-30,10:20:50.581891946,T,IBM,I,8,303.83
2025-12-30,10:20:50.581915960,T,IBM,F I,32,303.83
2025-12-30,10:20:50.581915960,T,IBM,F I,32,303.83
2025-12-30,10:20:50.581937062,T,IBM,I,8,303.83
2025-12-30,10:20:50.581940028,T,IBM,,40,303.83
2025-12-30,10:20:50.581940028,T,IBM,I,32,303.83
2025-12-30,10:20:50.581943115,T,IBM,I,32,303.83
2025-12-30,10:20:50.581946051,T,IBM,I,1,303.83
2025-12-30,10:20:50.582045237,T,IBM,F,40,303.82
2025-12-30,10:20:50.582045237,T,IBM,F I,1,303.82
2025-12-30,10:20:50.582144526,T,IBM,I,9,303.815
2025-12-30,10:20:50.582619707,T,IBM,I,1,303.82
2025-12-30,10:20:50.582619707,T,IBM,I,39,303.82
2025-12-30,10:20:54.352839207,T,IBM,F I,30,303.66
2025-12-30,10:20:54.352839207,T,IBM,F I,1,303.64
2025-12-30,10:20:54.352842116,T,IBM,F I,22,303.61
2025-12-30,10:20:56.345190003,T,IBM,F,40,303.6
2025-12-30,10:20:56.345193038,T,IBM,F I,20,303.6
2025-12-30,10:20:58.210885530,T,IBM,F I,1,303.56
2025-12-30,10:20:59.639908480,T,IBM,I,20,303.55
2025-12-30,10:20:59.639908480,T,IBM,I,1,303.55
2025-12-30,10:20:59.639953562,T,IBM,F I,17,303.54
2025-12-30,10:20:59.639975076,T,IBM,F I,23,303.54
2025-12-30,10:20:59.639978164,T,IBM,F I,4,303.54
2025-12-30,10:20:59.639980647,T,IBM,F I,1,303.54
2025-12-30,10:20:59.640007665,T,IBM,F I,8,303.54
2025-12-30,10:20:59.640212208,T,IBM,I,8,303.54
2025-12-30,10:20:59.642693688,T,IBM,,100,303.54
2025-12-30,10:21:03.527268734,T,IBM,F I,20,303.6
2025-12-30,10:21:16.306139025,T,IBM,I,12,303.55
2025-12-30,10:21:16.306139025,T,IBM,I,20,303.55
2025-12-30,10:21:45.673435776,T,IBM,F I,1,303.51
2025-12-30,10:21:55.181437486,T,IBM,F I,12,303.63
2025-12-30,10:21:55.872554730,T,IBM,F I,12,303.66
2025-12-30,10:22:26.740128866,T,IBM,F I,20,303.63
2025-12-30,10:22:28.120243364,T,IBM,F I,2,303.6
2025-12-30,10:22:28.120261424,T,IBM,I,2,303.6
2025-12-30,10:22:28.121617674,T,IBM,F I,1,303.58
2025-12-30,10:22:44.292644335,T,IBM,I,20,303.47
2025-12-30,10:22:49.063967891,T,IBM,F I,1,303.45
2025-12-30,10:22:56.722278916,T,IBM,I,8,303.49
2025-12-30,10:22:59.518923965,T,IBM,I,25,303.485
2025-12-30,10:22:59.519008117,T,IBM,F I,3,303.47
2025-12-30,10:22:59.519501279,T,IBM,F I,7,303.485
2025-12-30,10:22:59.519507492,T,IBM,F I,18,303.485
2025-12-30,10:22:59.519510404,T,IBM,F I,7,303.47
2025-12-30,10:23:12.306532912,T,IBM,,40,303.49
2025-12-30,10:23:15.915670794,T,IBM,F I,24,303.54
2025-12-30,10:23:21.047736117,T,IBM,F I,10,303.55
2025-12-30,10:23:21.047736117,T,IBM,F I,12,303.55
2025-12-30,10:23:21.047739087,T,IBM,F I,2,303.55
2025-12-30,10:23:21.048413028,T,IBM,I,2,303.56
2025-12-30,10:23:21.072268555,T,IBM,F I,2,303.57
2025-12-30,10:23:21.072301528,T,IBM,I,10,303.59
2025-12-30,10:23:45.555797790,T,IBM,F I,20,303.61
2025-12-30,10:23:45.555797790,T,IBM,F I,5,303.6
2025-12-30,10:23:48.544345283,T,IBM,F I,16,303.57
2025-12-30,10:23:48.544348313,T,IBM,F,60,303.56
2025-12-30,10:23:48.544363291,T,IBM,I,1,303.56
2025-12-30,10:23:49.547007164,T,IBM,F I,9,303.56
2025-12-30,10:23:49.547007164,T,IBM,F I,6,303.56
2025-12-30,10:23:49.547133488,T,IBM,F I,4,303.54
2025-12-30,10:23:53.304040131,T,IBM,F I,10,303.63
2025-12-30,10:23:53.304043089,T,IBM,F I,10,303.63
2025-12-30,10:23:54.406353312,T,IBM,F I,38,303.69
2025-12-30,10:23:54.406443521,T,IBM,F I,2,303.7
2025-12-30,10:23:58.102707652,T,IBM,F I,3,303.73
2025-12-30,10:23:58.102761796,T,IBM,F I,17,303.73
2025-12-30,10:23:58.103477572,T,IBM,F I,1,303.75
2025-12-30,10:23:58.103892528,T,IBM,,40,303.75
2025-12-30,10:23:58.112053881,T,IBM,,58,303.74
2025-12-30,10:24:01.937400539,T,IBM,,40,303.695
2025-12-30,10:24:04.314400205,T,IBM,F I,15,303.67
2025-12-30,10:24:04.314403108,T,IBM,F I,1,303.67
2025-12-30,10:24:04.314406203,T,IBM,F I,1,303.67
2025-12-30,10:24:04.314469341,T,IBM,F I,14,303.67
2025-12-30,10:24:21.151722866,T,IBM,I,20,303.64
2025-12-30,10:24:24.510535814,T,IBM,F I,1,303.59
2025-12-30,10:24:24.510535814,T,IBM,F I,2,303.59
2025-12-30,10:24:24.511753734,T,IBM,F I,9,303.59
2025-12-30,10:24:24.512135687,T,IBM,I,30,303.57
2025-12-30,10:24:25.300314989,T,IBM,F,64,303.63
2025-12-30,10:24:25.300318043,T,IBM,,40,303.63
2025-12-30,10:24:25.300320964,T,IBM,F,80,303.63
2025-12-30,10:24:25.300333078,T,IBM,I,1,303.63
2025-12-30,10:24:25.300333078,T,IBM,F,315,303.63
2025-12-30,10:24:39.595346681,T,IBM,I,1,303.53
2025-12-30,10:24:39.647782503,T,IBM,F,40,303.51
2025-12-30,10:24:39.647999018,T,IBM,I,2,303.5
2025-12-30,10:24:45.355093178,T,IBM,,40,303.5
2025-12-30,10:24:51.767453505,T,IBM,I,13,303.5
2025-12-30,10:24:51.767453505,T,IBM,I,27,303.5
2025-12-30,10:24:53.017842161,T,IBM,,40,303.5
2025-12-30,10:24:58.897066310,T,IBM,F,124,303.5
2025-12-30,10:24:58.897069503,T,IBM,F,100,303.5
2025-12-30,10:24:58.897069503,T,IBM,F,40,303.49
2025-12-30,10:24:58.897072352,T,IBM,F,393,303.49
2025-12-30,10:24:58.897084319,T,IBM,I,1,303.49
2025-12-30,10:25:31.513044681,T,IBM,I,30,303.55
2025-12-30,10:25:31.514067378,T,IBM,F I,10,303.61
2025-12-30,10:25:31.514067378,T,IBM,F I,10,303.61
2025-12-30,10:25:45.502356530,T,IBM,F I,10,303.59
2025-12-30,10:25:45.502398906,T,IBM,F I,4,303.59
2025-12-30,10:25:45.502398906,T,IBM,F I,3,303.59
2025-12-30,10:25:55.995638918,T,IBM,I,5,303.595
2025-12-30,10:26:32.087327861,T,IBM,,40,303.605
2025-12-30,10:26:44.074653575,T,IBM,I,20,303.59
2025-12-30,10:26:44.074852056,T,IBM,F I,8,303.54
2025-12-30,10:26:44.074858111,T,IBM,F,246,303.53
2025-12-30,10:26:44.074981435,T,IBM,F I,5,303.52
2025-12-30,10:26:44.074984716,T,IBM,F I,20,303.51
2025-12-30,10:26:44.075062571,T,IBM,F I,25,303.51
2025-12-30,10:26:44.075068615,T,IBM,F I,35,303.51
2025-12-30,10:26:44.075068615,T,IBM,F,121,303.5
2025-12-30,10:26:44.075829425,T,IBM,F I,3,303.51
2025-12-30,10:26:44.075832385,T,IBM,F I,34,303.5
2025-12-30,10:26:44.075832385,T,IBM,F I,1,303.5
2025-12-30,10:26:44.083602867,T,IBM,F I,3,303.53
2025-12-30,10:26:44.083608880,T,IBM,F I,10,303.55
2025-12-30,10:26:53.401230465,T,IBM,I,6,303.53
2025-12-30,10:26:54.712811810,T,IBM,F,106,303.49
2025-12-30,10:26:54.712853934,T,IBM,F,40,303.48
2025-12-30,10:26:54.719015671,T,IBM,,100,303.49
2025-12-30,10:27:35.481865863,T,IBM,F I,5,303.44
2025-12-30,10:27:35.481923181,T,IBM,F I,20,303.43
2025-12-30,10:27:35.481923181,T,IBM,F I,1,303.43
2025-12-30,10:27:35.481926024,T,IBM,F I,4,303.43
2025-12-30,10:27:35.482034282,T,IBM,F I,20,303.42
2025-12-30,10:27:35.482220803,T,IBM,F,50,303.42
2025-12-30,10:27:35.482569585,T,IBM,,50,303.42
2025-12-30,10:27:35.483423552,T,IBM,F I,1,303.4
2025-12-30,10:27:35.483426642,T,IBM,F I,1,303.4
2025-12-30,10:27:43.057599758,T,IBM,F I,8,303.3
2025-12-30,10:27:43.061063967,T,IBM,I,10,303.295
2025-12-30,10:27:54.852512817,T,IBM,I,2,303.32
2025-12-30,10:28:07.140744204,T,IBM,F I,18,303.32
2025-12-30,10:28:07.814010927,T,IBM,F I,13,303.3
2025-12-30,10:28:11.665092781,T,IBM,F I,8,303.27
2025-12-30,10:28:11.665096589,T,IBM,F I,21,303.26
2025-12-30,10:28:11.665096589,T,IBM,F I,9,303.26
2025-12-30,10:28:11.665098827,T,IBM,F I,36,303.25
2025-12-30,10:28:39.695533238,T,IBM,,81,303.29
2025-12-30,10:28:45.425030866,T,IBM,F I,9,303.24
2025-12-30,10:28:45.425030866,T,IBM,F I,38,303.22
2025-12-30,10:28:45.425397897,T,IBM,F,40,303.21
2025-12-30,10:28:45.425400875,T,IBM,F I,2,303.21
2025-12-30,10:28:45.425400875,T,IBM,F I,1,303.21
2025-12-30,10:28:45.425403732,T,IBM,F I,30,303.21
2025-12-30,10:28:45.427295217,T,IBM,I,11,303.21
2025-12-30,10:29:05.159008700,T,IBM,I,10,303.175
2025-12-30,10:29:05.632236320,T,IBM,I,25,303.2
2025-12-30,10:29:05.632239315,T,IBM,I,1,303.2
2025-12-30,10:29:06.894416059,T,IBM,I,4,303.22
2025-12-30,10:29:06.894416059,T,IBM,I,22,303.22
2025-12-30,10:29:06.894476347,T,IBM,I,19,303.23
2025-12-30,10:29:06.894476347,T,IBM,I,2,303.24
2025-12-30,10:29:06.894620993,T,IBM,F I,7,303.25
2025-12-30,10:29:06.894623974,T,IBM,F,40,303.25
2025-12-30,10:29:06.894626812,T,IBM,F I,10,303.25
2025-12-30,10:29:06.894626812,T,IBM,F I,10,303.25
2025-12-30,10:29:06.894629903,T,IBM,F I,10,303.25
2025-12-30,10:29:06.894632611,T,IBM,F I,26,303.25
2025-12-30,10:29:06.894632611,T,IBM,F I,5,303.25
2025-12-30,10:29:18.215518151,T,IBM,,58,303.25
2025-12-30,10:29:19.984130602,T,IBM,,40,303.25
2025-12-30,10:29:22.081052518,T,IBM,I,1,303.24
2025-12-30,10:29:24.974838516,T,IBM,I,1,303.25
2025-12-30,10:29:25.456056109,T,IBM,,40,303.25
2025-12-30,10:29:25.747645214,T,IBM,,80,303.25
2025-12-30,10:29:26.148072474,T,IBM,I,2,303.33
2025-12-30,10:29:26.156594752,T,IBM,,40,303.34
2025-12-30,10:29:26.349633292,T,IBM,I,7,303.28
2025-12-30,10:29:26.349636252,T,IBM,I,7,303.27
2025-12-30,10:29:28.213410290,T,IBM,F I,1,303.325
2025-12-30,10:30:00.361661583,T,IBM,I,1,303.22
2025-12-30,10:30:22.084820883,T,IBM,I,4,303.325
2025-12-30,10:30:27.585052857,T,IBM,F I,17,303.32
2025-12-30,10:30:27.585052857,T,IBM,F I,4,303.32
2025-12-30,10:30:27.585627195,T,IBM,F I,4,303.29
2025-12-30,10:30:35.387664808,T,IBM,I,5,303.305
2025-12-30,10:30:38.909474768,T,IBM,I,20,303.26
2025-12-30,10:30:51.054809041,T,IBM,I,20,303.24
2025-12-30,10:30:51.054812152,T,IBM,I,20,303.24
2025-12-30,10:30:51.217499462,T,IBM,I,5,303.24
2025-12-30,10:30:52.734499789,T,IBM,I,7,303.25
2025-12-30,10:30:52.742237293,T,IBM,I,28,303.23
2025-12-30,10:30:52.742258275,T,IBM,I,1,303.23
2025-12-30,10:31:08.754242698,T,IBM,F I,2,303.32
2025-12-30,10:31:08.754245695,T,IBM,F I,12,303.33
2025-12-30,10:31:08.754245695,T,IBM,F I,4,303.33
2025-12-30,10:31:08.754248586,T,IBM,F I,5,303.33
2025-12-30,10:31:08.754263623,T,IBM,F I,2,303.33
2025-12-30,10:31:08.763450489,T,IBM,F I,1,303.39
2025-12-30,10:31:08.763450489,T,IBM,F I,1,303.39
2025-12-30,10:31:15.998124507,T,IBM,F I,25,303.41
2025-12-30,10:31:15.998127496,T,IBM,F I,5,303.41
2025-12-30,10:31:21.609251263,T,IBM,I,20,303.445
2025-12-30,10:31:22.965615463,T,IBM,,40,303.42
2025-12-30,10:31:22.975235267,T,IBM,F I,1,303.42
2025-12-30,10:31:22.975542046,T,IBM,F I,1,303.41
2025-12-30,10:31:22.975623253,T,IBM,I,1,303.41
2025-12-30,10:31:22.976143482,T,IBM,F I,2,303.41
2025-12-30,10:31:28.837375642,T,IBM,F I,1,303.39
2025-12-30,10:32:06.284944573,T,IBM,,80,303.49
2025-12-30,10:32:06.285121890,T,IBM,F,73,303.5
2025-12-30,10:32:06.285179016,T,IBM,F I,27,303.5
2025-12-30,10:32:06.285182063,T,IBM,F I,13,303.5
2025-12-30,10:32:06.285317414,T,IBM,F I,38,303.5
2025-12-30,10:32:06.285338435,T,IBM,,478,303.5
2025-12-30,10:32:33.953286978,T,IBM,F I,2,303.49
2025-12-30,10:32:54.708953189,T,IBM,F,40,303.4
2025-12-30,10:32:54.718879756,T,IBM,F I,1,303.36
2025-12-30,10:33:04.637812814,T,IBM,F,80,303.35
2025-12-30,10:33:04.637815873,T,IBM,F I,3,303.35
2025-12-30,10:33:04.637972285,T,IBM,F I,1,303.34
2025-12-30,10:33:04.665842577,T,IBM,F,52,303.25
2025-12-30,10:33:04.665863650,T,IBM,F,48,303.25
2025-12-30,10:33:04.666194810,T,IBM,I,3,303.26
2025-12-30,10:33:04.666197476,T,IBM,F I,25,303.26
2025-12-30,10:33:04.666218408,T,IBM,I,22,303.26
2025-12-30,10:33:05.381979435,T,IBM,,40,303.36
2025-12-30,10:33:05.382030572,T,IBM,,40,303.36
2025-12-30,10:33:05.382238012,T,IBM,I,10,303.37
2025-12-30,10:33:05.382241022,T,IBM,I,10,303.37
2025-12-30,10:33:12.668866634,T,IBM,I,1,303.345
2025-12-30,10:34:10.300588357,T,IBM,I,8,303.38
2025-12-30,10:34:24.760475837,T,IBM,F I,3,303.42
2025-12-30,10:34:24.760479218,T,IBM,F I,12,303.42
2025-12-30,10:34:24.760963492,T,IBM,F I,25,303.43
2025-12-30,10:34:24.760965969,T,IBM,F I,10,303.43
2025-12-30,10:34:24.760987190,T,IBM,F I,5,303.45
2025-12-30,10:34:24.761287817,T,IBM,F I,10,303.45
2025-12-30,10:34:55.991651913,T,IBM,F I,12,303.46
2025-12-30,10:35:14.205125840,T,IBM,I,5,303.445
2025-12-30,10:35:14.298973751,T,IBM,I,10,303.53
2025-12-30,10:35:14.298976673,T,IBM,I,1,303.53
2025-12-30,10:35:14.298976673,T,IBM,I,2,303.53
2025-12-30,10:35:35.154868205,T,IBM,F I,1,303.44
2025-12-30,10:35:35.155631966,T,IBM,F I,3,303.44
2025-12-30,10:35:35.157421261,T,IBM,F I,36,303.43
2025-12-30,10:35:35.157424268,T,IBM,F I,5,303.42
2025-12-30,10:35:35.157427228,T,IBM,F,48,303.42
2025-12-30,10:35:35.157463433,T,IBM,I,1,303.42
2025-12-30,10:35:35.158005215,T,IBM,F I,31,303.42
2025-12-30,10:35:35.158007679,T,IBM,F I,4,303.42
2025-12-30,10:35:41.756826792,T,IBM,F I,9,303.445
2025-12-30,10:36:04.430597339,T,IBM,F,40,303.39
2025-12-30,10:36:04.430603266,T,IBM,F I,4,303.38
2025-12-30,10:36:04.430606375,T,IBM,F I,20,303.37
2025-12-30,10:36:04.430606375,T,IBM,F I,10,303.37
2025-12-30,10:36:04.431072520,T,IBM,F I,20,303.37
2025-12-30,10:36:04.431072520,T,IBM,F I,8,303.37
2025-12-30,10:36:04.431538726,T,IBM,I,7,303.35
2025-12-30,10:36:04.432401477,T,IBM,I,5,303.37
2025-12-30,10:36:14.928769193,T,IBM,,40,303.37
2025-12-30,10:36:14.928793224,T,IBM,F I,25,303.37
2025-12-30,10:36:14.928847397,T,IBM,F I,25,303.37
2025-12-30,10:36:20.181743441,T,IBM,I,3,303.34
2025-12-30,10:36:20.181993051,T,IBM,F I,3,303.34
2025-12-30,10:36:20.182140463,T,IBM,F I,3,303.33
2025-12-30,10:36:20.182227594,T,IBM,F I,3,303.33
2025-12-30,10:36:52.688733809,T,IBM,I,5,303.37
2025-12-30,10:37:04.402191888,T,IBM,I,3,303.46
2025-12-30,10:37:04.402230951,T,IBM,I,5,303.47
2025-12-30,10:37:04.402234334,T,IBM,I,10,303.47
2025-12-30,10:37:04.402236931,T,IBM,,40,303.47
2025-12-30,10:37:04.402255061,T,IBM,F I,9,303.47
2025-12-30,10:37:04.402257989,T,IBM,F I,5,303.47
2025-12-30,10:37:04.402273203,T,IBM,F I,4,303.48
2025-12-30,10:37:04.402273203,T,IBM,F,40,303.48
2025-12-30,10:37:04.402276064,T,IBM,F I,2,303.48
2025-12-30,10:37:04.402279146,T,IBM,F I,3,303.49
2025-12-30,10:37:04.402282042,T,IBM,F I,35,303.49
2025-12-30,10:37:04.402754223,T,IBM,I,2,303.52
2025-12-30,10:37:04.402772202,T,IBM,F I,6,303.52
2025-12-30,10:37:04.402820867,T,IBM,F I,10,303.47
2025-12-30,10:37:04.403521171,T,IBM,F I,2,303.55
2025-12-30,10:37:04.403523998,T,IBM,F I,9,303.56
2025-12-30,10:37:04.403957038,T,IBM,F I,11,303.56
2025-12-30,10:37:04.407872428,T,IBM,I,21,303.52
2025-12-30,10:37:04.407872428,T,IBM,I,31,303.52
2025-12-30,10:37:05.815156594,T,IBM,F I,1,303.51
2025-12-30,10:37:05.815174635,T,IBM,F I,20,303.51
2025-12-30,10:37:05.815177663,T,IBM,F I,19,303.51
2025-12-30,10:37:05.815709877,T,IBM,F I,25,303.5
2025-12-30,10:37:05.839803296,T,IBM,F I,10,303.53
2025-12-30,10:37:13.535655020,T,IBM,F I,2,303.54
2025-12-30,10:37:21.173856708,T,IBM,I,2,303.53
2025-12-30,10:37:21.173859685,T,IBM,,150,303.51
2025-12-30,10:37:21.173862553,T,IBM,,47,303.49
2025-12-30,10:37:21.173862553,T,IBM,,301,303.47
2025-12-30,10:37:21.173865990,T,IBM,I,1,303.47
2025-12-30,10:37:47.095165541,T,IBM,F I,1,303.51
2025-12-30,10:37:47.095171565,T,IBM,I,2,303.52
2025-12-30,10:37:47.095294937,T,IBM,F I,1,303.51
2025-12-30,10:38:04.877812895,T,IBM,F I,2,303.42
2025-12-30,10:38:10.184431869,T,IBM,I,5,303.46
2025-12-30,10:38:10.184434843,T,IBM,,95,303.46
2025-12-30,10:38:13.251427087,T,IBM,I,1,303.52
2025-12-30,10:38:24.219618163,T,IBM,F I,10,303.53
2025-12-30,10:38:24.219621331,T,IBM,F I,10,303.53
2025-12-30,10:38:24.219623910,T,IBM,F I,18,303.53
2025-12-30,10:38:24.219626808,T,IBM,F I,20,303.53
2025-12-30,10:38:24.219626808,T,IBM,F I,5,303.53
2025-12-30,10:38:24.220255364,T,IBM,I,10,303.53
2025-12-30,10:38:24.222444558,T,IBM,,100,303.565
2025-12-30,10:38:24.228383658,T,IBM,F I,25,303.56
2025-12-30,10:38:26.982938226,T,IBM,I,21,303.54
2025-12-30,10:38:27.464483875,T,IBM,F I,27,303.595
2025-12-30,10:38:27.464486542,T,IBM,F I,25,303.595
2025-12-30,10:38:27.464492622,T,IBM,,48,303.595
2025-12-30,10:38:27.464552674,T,IBM,F I,25,303.62
2025-12-30,10:38:27.464992173,T,IBM,I,3,303.62
2025-12-30,10:38:27.465039850,T,IBM,I,3,303.62
2025-12-30,10:38:27.465332900,T,IBM,I,3,303.63
2025-12-30,10:38:27.465337576,T,IBM,I,20,303.64
2025-12-30,10:38:29.187239793,T,IBM,F I,1,303.66
2025-12-30,10:38:29.187242762,T,IBM,F,100,303.66
2025-12-30,10:38:29.187248767,T,IBM,F,100,303.66
2025-12-30,10:38:29.187248767,T,IBM,F,100,303.66
2025-12-30,10:38:29.187615733,T,IBM,F I,20,303.68
2025-12-30,10:38:29.237576598,T,IBM,I,10,303.7
2025-12-30,10:38:39.403893621,T,IBM,F I,2,303.73
2025-12-30,10:38:39.403914622,T,IBM,F I,4,303.73
2025-12-30,10:38:39.403914622,T,IBM,F I,1,303.73
2025-12-30,10:39:39.173298081,T,IBM,F I,1,303.67
2025-12-30,10:39:57.352842335,T,IBM,I,3,303.62
2025-12-30,10:39:57.352863295,T,IBM,F I,17,303.62
2025-12-30,10:39:57.353079787,T,IBM,F,40,303.62
2025-12-30,10:39:57.361602033,T,IBM,,79,303.59
2025-12-30,10:40:17.335749530,T,IBM,F I,25,303.58
2025-12-30,10:40:34.736746449,T,IBM,F I,5,303.575
2025-12-30,10:40:34.736749443,T,IBM,F I,16,303.55
2025-12-30,10:40:34.736947921,T,IBM,F I,4,303.55
2025-12-30,10:40:34.736947921,T,IBM,F I,1,303.55
2025-12-30,10:40:48.240850294,T,IBM,I,2,303.53
2025-12-30,10:40:56.646785421,T,IBM,I,20,303.53
2025-12-30,10:40:56.646788337,T,IBM,I,6,303.53
2025-12-30,10:41:28.115024416,T,IBM,F I,25,303.36
2025-12-30,10:41:33.720395786,T,IBM,F I,12,303.32
2025-12-30,10:41:33.720482772,T,IBM,I,12,303.32
2025-12-30,10:41:34.289193594,T,IBM,F I,12,303.31
2025-12-30,10:41:34.289256702,T,IBM,F I,6,303.29
2025-12-30,10:41:41.839333456,T,IBM,I,22,303.32
2025-12-30,10:41:42.663661855,T,IBM,I,20,303.36
2025-12-30,10:41:42.663694893,T,IBM,F I,11,303.37
2025-12-30,10:41:42.663698584,T,IBM,F I,10,303.37
2025-12-30,10:41:42.664419635,T,IBM,F I,1,303.38
2025-12-30,10:41:42.664458760,T,IBM,I,1,303.38
2025-12-30,10:42:15.100633339,T,IBM,F I,12,303.18
2025-12-30,10:42:15.100654510,T,IBM,F I,8,303.18
2025-12-30,10:42:15.100687558,T,IBM,F I,1,303.17
2025-12-30,10:43:06.764031353,T,IBM,F I,10,303.05
2025-12-30,10:43:07.780852379,T,IBM,F I,1,303.0
2025-12-30,10:43:07.780857231,T,IBM,F I,10,303.0
2025-12-30,10:43:07.780857231,T,IBM,F I,20,303.0
2025-12-30,10:43:07.780860305,T,IBM,F I,5,303.0
2025-12-30,10:43:07.780863179,T,IBM,F I,5,302.99
2025-12-30,10:43:07.781416301,T,IBM,F I,20,302.98
2025-12-30,10:43:07.781422347,T,IBM,F,80,302.98
2025-12-30,10:43:07.781425281,T,IBM,F,80,302.98
2025-12-30,10:43:07.781440335,T,IBM,F,57,302.98
2025-12-30,10:43:07.781765309,T,IBM,I,15,302.955
2025-12-30,10:43:07.781771151,T,IBM,,59,302.955
2025-12-30,10:43:11.297642069,T,IBM,F I,1,302.87
2025-12-30,10:43:11.297645286,T,IBM,F,40,302.87
2025-12-30,10:43:11.297648112,T,IBM,F I,1,302.87
2025-12-30,10:43:11.297648112,T,IBM,F,40,302.87
2025-12-30,10:43:11.297822433,T,IBM,I,21,302.91
2025-12-30,10:43:11.297828541,T,IBM,I,19,302.91
2025-12-30,10:43:11.297861589,T,IBM,I,21,302.91
2025-12-30,10:43:11.297864685,T,IBM,I,19,302.92
2025-12-30,10:43:11.297864685,T,IBM,I,21,302.92
2025-12-30,10:43:11.297888808,T,IBM,I,10,302.885
2025-12-30,10:43:11.297888808,T,IBM,I,1,302.885
2025-12-30,10:43:11.299425249,T,IBM,I,17,302.88
2025-12-30,10:43:11.299611731,T,IBM,I,17,302.88
2025-12-30,10:43:11.299614803,T,IBM,I,4,302.87
2025-12-30,10:43:11.299614803,T,IBM,I,12,302.87
2025-12-30,10:43:16.012452218,T,IBM,I,2,302.82
2025-12-30,10:43:19.395740335,T,IBM,F I,26,302.88
2025-12-30,10:43:19.395743379,T,IBM,F I,10,302.89
2025-12-30,10:43:19.396233599,T,IBM,F,40,302.92
2025-12-30,10:43:49.611910229,T,IBM,F I,1,302.81
2025-12-30,10:43:49.611938321,T,IBM,F,40,302.8
2025-12-30,10:43:49.611979457,T,IBM,F I,3,302.81
2025-12-30,10:43:49.611991484,T,IBM,F I,1,302.79
2025-12-30,10:43:54.537248528,T,IBM,F,55,302.75
2025-12-30,10:43:54.537251588,T,IBM,I,25,302.75
2025-12-30,10:43:54.537266578,T,IBM,I,1,302.75
2025-12-30,10:44:00.463207115,T,IBM,I,1,302.72
2025-12-30,10:44:06.243336129,T,IBM,F I,10,302.74
2025-12-30,10:44:30.017867697,T,IBM,F I,1,302.74
2025-12-30,10:44:34.691094839,T,IBM,F I,1,302.74
2025-12-30,10:44:34.692138331,T,IBM,F I,1,302.8
2025-12-30,10:44:34.692165884,T,IBM,F I,3,302.81
2025-12-30,10:44:34.692168431,T,IBM,F,40,302.81
2025-12-30,10:44:34.692171942,T,IBM,F I,10,302.81
2025-12-30,10:44:34.692186368,T,IBM,I,1,302.81
2025-12-30,10:44:34.692189459,T,IBM,I,26,302.81
2025-12-30,10:44:34.692201471,T,IBM,F I,2,302.81
2025-12-30,10:44:34.692201471,T,IBM,F I,5,302.81
2025-12-30,10:44:34.693443364,T,IBM,F I,9,302.88
2025-12-30,10:44:35.115681983,T,IBM,I,25,302.88
2025-12-30,10:44:35.115699623,T,IBM,F I,6,302.88
2025-12-30,10:44:35.115702548,T,IBM,F I,2,302.88
2025-12-30,10:44:35.115702548,T,IBM,F I,22,302.88
2025-12-30,10:44:35.116448403,T,IBM,F I,1,302.9
2025-12-30,10:44:56.053010105,T,IBM,F I,15,302.94
2025-12-30,10:44:56.053025046,T,IBM,F I,25,302.94
2025-12-30,10:44:56.053031074,T,IBM,F I,10,302.94
2025-12-30,10:44:56.053031074,T,IBM,F I,5,302.94
2025-12-30,10:44:56.053034080,T,IBM,F I,10,302.94
2025-12-30,10:44:57.052953478,T,IBM,F I,10,302.97
2025-12-30,10:44:58.009428547,T,IBM,F I,6,303.01
2025-12-30,10:45:02.289340314,T,IBM,F I,11,303.02
2025-12-30,10:45:25.495206299,T,IBM,,120,303.02
2025-12-30,10:45:25.495663460,T,IBM,F I,2,303.02
2025-12-30,10:45:39.321530605,T,IBM,F I,1,303.0
2025-12-30,10:45:39.321614361,T,IBM,F I,1,303.0
2025-12-30,10:45:58.321923605,T,IBM,I,1,303.0
2025-12-30,10:45:58.321945027,T,IBM,F I,9,303.0
2025-12-30,10:45:58.321945027,T,IBM,F I,4,303.0
2025-12-30,10:46:06.502775935,T,IBM,F I,10,303.06
2025-12-30,10:46:06.519080922,T,IBM,F I,1,303.03
2025-12-30,10:46:34.779758283,T,IBM,F I,3,302.96
2025-12-30,10:46:34.779761268,T,IBM,F I,5,302.94
2025-12-30,10:46:34.781289458,T,IBM,I,2,302.94
2025-12-30,10:46:34.781292028,T,IBM,I,1,302.94
2025-12-30,10:46:34.781292028,T,IBM,I,37,302.94
2025-12-30,10:46:34.782603060,T,IBM,I,3,302.94
2025-12-30,10:47:11.960086898,T,IBM,F,100,302.95
2025-12-30,10:47:33.301035969,T,IBM,I,5,302.97
2025-12-30,10:47:36.209114983,T,IBM,F I,25,302.95
2025-12-30,10:47:54.406684107,T,IBM,I,4,302.98
2025-12-30,10:47:54.406687147,T,IBM,I,1,303.0
2025-12-30,10:47:57.547622435,T,IBM,F I,1,303.02
2025-12-30,10:47:57.547622435,T,IBM,F I,2,303.02
2025-12-30,10:47:57.547628438,T,IBM,F I,10,303.02
2025-12-30,10:47:57.547631461,T,IBM,F I,10,303.02
2025-12-30,10:47:57.547634494,T,IBM,F I,5,303.02
2025-12-30,10:47:57.547637692,T,IBM,F I,7,303.02
2025-12-30,10:47:57.547637692,T,IBM,F I,25,303.02
2025-12-30,10:47:57.547893077,T,IBM,F I,20,303.03
2025-12-30,10:48:40.066073036,T,IBM,F,40,303.1
2025-12-30,10:48:40.066073036,T,IBM,F I,5,303.1
2025-12-30,10:48:40.066075941,T,IBM,F I,23,303.1
2025-12-30,10:48:40.066075941,T,IBM,F I,5,303.1
2025-12-30,10:48:40.066734569,T,IBM,I,20,303.12
2025-12-30,10:48:40.083264973,T,IBM,I,2,303.09
2025-12-30,10:48:40.083264973,T,IBM,,40,303.09
2025-12-30,10:48:40.083267876,T,IBM,,58,303.08
2025-12-30,10:48:41.803438047,T,IBM,F I,1,303.1
2025-12-30,10:48:49.917964402,T,IBM,I,30,303.12
2025-12-30,10:48:49.917991465,T,IBM,I,2,303.13
2025-12-30,10:48:49.918433539,T,IBM,F I,4,303.14
2025-12-30,10:48:49.918451509,T,IBM,F I,6,303.14
2025-12-30,10:48:58.039927539,T,IBM,I,30,303.24
2025-12-30,10:49:04.774159049,T,IBM,F I,12,303.21
2025-12-30,10:49:04.774168037,T,IBM,I,12,303.21
2025-12-30,10:49:04.774171445,T,IBM,F I,6,303.21
2025-12-30,10:49:04.774174100,T,IBM,F I,2,303.23
2025-12-30,10:49:09.228037929,T,IBM,F I,25,303.27
2025-12-30,10:49:09.228040893,T,IBM,I,11,303.27
2025-12-30,10:49:09.479719184,T,IBM,I,13,303.27
2025-12-30,10:49:09.479740075,T,IBM,F,67,303.27
2025-12-30,10:49:09.479746156,T,IBM,F,67,303.27
2025-12-30,10:49:09.479758104,T,IBM,I,1,303.27
2025-12-30,10:49:09.479764169,T,IBM,,67,303.27
2025-12-30,10:49:09.479797501,T,IBM,F I,12,303.27
2025-12-30,10:49:09.479797501,T,IBM,F I,1,303.27
2025-12-30,10:49:09.479800373,T,IBM,I,12,303.27
2025-12-30,10:49:09.480726431,T,IBM,I,11,303.27
2025-12-30,10:49:09.481682764,T,IBM,,40,303.27
2025-12-30,10:49:09.481760942,T,IBM,I,1,303.27
2025-12-30,10:49:11.038594277,T,IBM,I,8,303.27
2025-12-30,10:49:11.038597850,T,IBM,I,11,303.27
2025-12-30,10:49:11.038597850,T,IBM,I,1,303.245
2025-12-30,10:49:13.903547491,T,IBM,I,10,303.25
2025-12-30,10:49:31.404830039,T,IBM,F I,4,303.27
2025-12-30,10:49:45.015324247,T,IBM,F,100,303.24
2025-12-30,10:49:56.304778984,T,IBM,F I,10,303.27
2025-12-30,10:49:57.458277098,T,IBM,I,1,303.28
2025-12-30,10:50:06.239096705,T,IBM,I,2,303.29
2025-12-30,10:50:08.901070390,T,IBM,F I,28,303.3
2025-12-30,10:50:08.901070390,T,IBM,F I,7,303.3
2025-12-30,10:50:08.901073326,T,IBM,F I,10,303.3
2025-12-30,10:50:08.901073326,T,IBM,F I,5,303.3
2025-12-30,10:50:08.901331443,T,IBM,I,2,303.31
2025-12-30,10:50:08.904807648,T,IBM,I,20,303.32
2025-12-30,10:50:08.904807648,T,IBM,I,2,303.32
2025-12-30,10:50:13.260217123,T,IBM,F I,10,303.37
2025-12-30,10:50:13.261417608,T,IBM,F I,11,303.34
2025-12-30,10:50:13.261420456,T,IBM,F I,4,303.34
2025-12-30,10:50:13.261423332,T,IBM,F I,20,303.34
2025-12-30,10:50:16.351206574,T,IBM,I,30,303.29
2025-12-30,10:50:35.102889792,T,IBM,F I,20,303.29
2025-12-30,10:50:47.079432111,T,IBM,F I,10,303.34
2025-12-30,10:50:47.079447145,T,IBM,I,10,303.34
2025-12-30,10:50:47.079805326,T,IBM,F I,12,303.3
2025-12-30,10:50:47.079805326,T,IBM,F I,6,303.3
2025-12-30,10:50:47.080045573,T,IBM,F I,12,303.32
2025-12-30,10:50:47.080066611,T,IBM,F I,6,303.3
2025-12-30,10:50:48.242826697,T,IBM,F I,1,303.31
2025-12-30,10:50:59.529015633,T,IBM,I,20,303.24
2025-12-30,10:51:25.230120014,T,IBM,I,2,303.28
2025-12-30,10:51:39.563553412,T,IBM,F I,6,303.32
2025-12-30,10:51:39.563661708,T,IBM,I,10,303.34
2025-12-30,10:51:39.563661708,T,IBM,I,19,303.34
2025-12-30,10:51:39.563694686,T,IBM,F I,4,303.34
2025-12-30,10:51:39.563730865,T,IBM,I,1,303.34
2025-12-30,10:51:39.563736794,T,IBM,I,1,303.34
2025-12-30,10:51:39.570030788,T,IBM,I,2,303.35
2025-12-30,10:51:39.602583347,T,IBM,I,2,303.36
2025-12-30,10:51:44.970148366,T,IBM,I,20,303.38
2025-12-30,10:52:11.329751252,T,IBM,I,3,303.45
2025-12-30,10:52:11.329805350,T,IBM,I,6,303.45
2025-12-30,10:52:11.593428064,T,IBM,F I,2,303.41
2025-12-30,10:52:11.593476380,T,IBM,F I,1,303.41
2025-12-30,10:52:11.593476380,T,IBM,F I,1,303.41
2025-12-30,10:52:11.593515296,T,IBM,F I,1,303.41
2025-12-30,10:52:11.593524377,T,IBM,F I,1,303.41
2025-12-30,10:52:11.593776794,T,IBM,F I,1,303.41
2025-12-30,10:52:11.610577833,T,IBM,F I,7,303.44
2025-12-30,10:52:11.610577833,T,IBM,F I,1,303.44
2025-12-30,10:52:11.610580921,T,IBM,F I,7,303.44
2025-12-30,10:52:11.610589800,T,IBM,F I,5,303.44
2025-12-30,10:52:11.611726509,T,IBM,I,22,303.43
2025-12-30,10:52:27.779890606,T,IBM,F I,10,303.47
2025-12-30,10:52:27.779893542,T,IBM,F I,5,303.47
2025-12-30,10:52:27.779899871,T,IBM,F,52,303.48
2025-12-30,10:52:27.780264004,T,IBM,I,17,303.49
2025-12-30,10:52:27.780783884,T,IBM,I,20,303.5
2025-12-30,10:52:27.780783884,T,IBM,I,10,303.5
2025-12-30,10:52:27.780786927,T,IBM,I,10,303.5
2025-12-30,10:52:27.780810685,T,IBM,I,1,303.5
2025-12-30,10:52:27.780810685,T,IBM,I,2,303.5
2025-12-30,10:52:27.781144497,T,IBM,I,9,303.53
2025-12-30,10:52:27.790983905,T,IBM,F I,10,303.49
2025-12-30,10:52:27.791001982,T,IBM,F I,21,303.47
2025-12-30,10:52:27.791001982,T,IBM,F I,2,303.47
2025-12-30,10:52:27.791007924,T,IBM,F I,3,303.47
2025-12-30,10:52:27.791007924,T,IBM,F I,4,303.46
2025-12-30,10:52:27.791023073,T,IBM,F I,3,303.46
2025-12-30,10:52:27.791025979,T,IBM,F I,4,303.46
2025-12-30,10:52:27.791056046,T,IBM,F I,7,303.45
2025-12-30,10:52:27.792664959,T,IBM,F I,9,303.48
2025-12-30,10:52:27.794463316,T,IBM,F I,10,303.51
2025-12-30,10:52:27.794463316,T,IBM,F I,5,303.51
2025-12-30,10:52:27.794469166,T,IBM,F I,33,303.52
2025-12-30,10:52:27.794562394,T,IBM,I,31,303.52
2025-12-30,10:52:30.915969197,T,IBM,I,3,303.44
2025-12-30,10:52:30.916020405,T,IBM,I,16,303.44
2025-12-30,10:52:31.854260542,T,IBM,I,5,303.47
2025-12-30,10:52:31.854262925,T,IBM,I,10,303.49
2025-12-30,10:52:31.854265975,T,IBM,,65,303.49
2025-12-30,10:52:37.945732311,T,IBM,F I,10,303.45
2025-12-30,10:52:52.457517233,T,IBM,F,40,303.39
2025-12-30,10:52:52.457520301,T,IBM,F I,21,303.39
2025-12-30,10:52:52.457520301,T,IBM,F I,5,303.39
2025-12-30,10:52:52.476035376,T,IBM,I,10,303.43
2025-12-30,10:53:29.976358792,T,IBM,I,12,303.46
2025-12-30,10:53:29.976406910,T,IBM,F I,1,303.46
2025-12-30,10:53:29.976416061,T,IBM,F,87,303.46
2025-12-30,10:53:29.976416061,T,IBM,F I,10,303.46
2025-12-30,10:53:29.978572483,T,IBM,I,2,303.47
2025-12-30,10:53:29.978572483,T,IBM,I,2,303.48
2025-12-30,10:53:29.978575083,T,IBM,I,32,303.49
2025-12-30,10:53:29.978635239,T,IBM,I,8,303.49
2025-12-30,10:53:29.981119163,T,IBM,F,67,303.52
2025-12-30,10:53:29.981994178,T,IBM,F I,5,303.53
2025-12-30,10:53:29.982006177,T,IBM,F I,30,303.53
2025-12-30,10:53:29.983801539,T,IBM,F I,21,303.52
2025-12-30,10:53:29.983801539,T,IBM,F,68,303.52
2025-12-30,10:53:29.988916702,T,IBM,F,99,303.52
2025-12-30,10:53:29.990035354,T,IBM,F I,4,303.53
2025-12-30,10:53:29.990038323,T,IBM,F I,36,303.53
2025-12-30,10:53:29.991343678,T,IBM,,49,303.53
2025-12-30,10:53:29.991346477,T,IBM,F I,24,303.53
2025-12-30,10:53:37.633036263,T,IBM,F I,6,303.55
2025-12-30,10:53:48.776523573,T,IBM,F I,1,303.55
2025-12-30,10:53:48.776535690,T,IBM,I,1,303.54
2025-12-30,10:53:57.941059745,T,IBM,F I,8,303.6
2025-12-30,10:53:57.941059745,T,IBM,F I,6,303.6
2025-12-30,10:53:57.941318440,T,IBM,,40,303.6
2025-12-30,10:54:12.830309437,T,IBM,I,15,303.555
2025-12-30,10:54:12.830312973,T,IBM,,57,303.555
2025-12-30,10:54:12.830315513,T,IBM,I,28,303.54
2025-12-30,10:54:12.841105197,T,IBM,,100,303.54
2025-12-30,10:54:49.232304699,T,IBM,F I,24,303.53
2025-12-30,10:54:49.232304699,T,IBM,F I,11,303.53
2025-12-30,10:54:49.305651676,T,IBM,F I,1,303.48
2025-12-30,10:54:49.305708815,T,IBM,F I,4,303.47
2025-12-30,10:54:49.305708815,T,IBM,F,40,303.47
2025-12-30,10:54:49.305853154,T,IBM,F I,4,303.47
2025-12-30,10:54:49.306138772,T,IBM,F,40,303.46
2025-12-30,10:54:49.306310544,T,IBM,F I,20,303.45
2025-12-30,10:54:49.306310544,T,IBM,F I,30,303.45
2025-12-30,10:54:49.306334924,T,IBM,F I,4,303.45
2025-12-30,10:54:49.306334924,T,IBM,F I,30,303.45
2025-12-30,10:54:49.306337289,T,IBM,F I,20,303.45
2025-12-30,10:54:49.306496626,T,IBM,F I,10,303.45
2025-12-30,10:54:57.343270329,T,IBM,F I,4,303.42
2025-12-30,10:55:14.991525110,T,IBM,F I,1,303.45
2025-12-30,10:55:14.991527949,T,IBM,F I,3,303.44
2025-12-30,10:55:14.991545914,T,IBM,F I,1,303.44
2025-12-30,10:55:15.684434414,T,IBM,F I,3,303.4
2025-12-30,10:55:15.684446522,T,IBM,F I,3,303.4
2025-12-30,10:55:15.684461647,T,IBM,F I,7,303.38
2025-12-30,10:55:17.414741572,T,IBM,,40,303.41
2025-12-30,10:55:18.894236664,T,IBM,I,39,303.41
2025-12-30,10:55:34.160433522,T,IBM,F I,1,303.4
2025-12-30,10:55:34.160448508,T,IBM,I,17,303.4
2025-12-30,10:55:34.160451583,T,IBM,,83,303.4
2025-12-30,10:55:34.160664997,T,IBM,F I,1,303.38
2025-12-30,10:55:34.161227369,T,IBM,F I,20,303.37
2025-12-30,10:55:34.161248425,T,IBM,I,1,303.37
2025-12-30,10:55:34.162123503,T,IBM,F I,4,303.37
2025-12-30,10:55:34.162677331,T,IBM,F I,20,303.34
2025-12-30,10:55:34.162677331,T,IBM,F,100,303.34
2025-12-30,10:55:34.162682869,T,IBM,F,100,303.34
2025-12-30,10:55:34.162682869,T,IBM,F,100,303.34
2025-12-30,10:55:34.162700898,T,IBM,F I,20,303.33
2025-12-30,10:55:34.162842273,T,IBM,I,21,303.34
2025-12-30,10:55:34.162842273,T,IBM,,59,303.35
2025-12-30,10:55:34.162863272,T,IBM,I,1,303.35
2025-12-30,10:55:34.162863272,T,IBM,F,40,303.35
2025-12-30,10:55:34.162926960,T,IBM,,59,303.35
2025-12-30,10:55:34.164210489,T,IBM,F I,20,303.35
2025-12-30,10:55:34.164742722,T,IBM,F I,20,303.35
2025-12-30,10:55:34.164742722,T,IBM,F I,1,303.35
2025-12-30,10:55:35.495314307,T,IBM,F I,12,303.42
2025-12-30,10:55:38.767824760,T,IBM,F I,4,303.46
2025-12-30,10:55:38.767830860,T,IBM,F I,10,303.46
2025-12-30,10:55:53.053516510,T,IBM,,79,303.55
2025-12-30,10:55:53.060360939,T,IBM,,100,303.55
2025-12-30,10:55:53.145947504,T,IBM,F I,7,303.57
2025-12-30,10:55:53.147538305,T,IBM,F I,27,303.59
2025-12-30,10:55:53.148031545,T,IBM,I,2,303.59
2025-12-30,10:55:53.148275135,T,IBM,F I,7,303.57
2025-12-30,10:56:00.283794201,T,IBM,I,13,303.62
2025-12-30,10:56:00.283797817,T,IBM,I,2,303.62
2025-12-30,10:56:00.284323241,T,IBM,I,1,303.63
2025-12-30,10:56:00.299247748,T,IBM,F I,2,303.64
2025-12-30,10:56:17.419023957,T,IBM,I,5,303.58
2025-12-30,10:56:22.988119926,T,IBM,F I,4,303.56
2025-12-30,10:56:22.988122822,T,IBM,F I,1,303.56
2025-12-30,10:56:45.019455706,T,IBM,F I,4,303.51
2025-12-30,10:56:45.019470807,T,IBM,F I,4,303.51
2025-12-30,10:56:45.019533948,T,IBM,I,10,303.5
2025-12-30,10:57:00.057253185,T,IBM,F I,10,303.57
2025-12-30,10:57:00.057256419,T,IBM,F I,1,303.58
2025-12-30,10:57:00.057262122,T,IBM,F I,4,303.59
2025-12-30,10:57:00.057271080,T,IBM,F I,6,303.59
2025-12-30,10:57:00.057274104,T,IBM,F I,10,303.59
2025-12-30,10:57:00.637598695,T,IBM,I,10,303.54
2025-12-30,10:57:17.661464733,T,IBM,,100,303.535
2025-12-30,10:57:39.897861793,T,IBM,I,1,303.5
2025-12-30,10:57:57.748254534,T,IBM,,40,303.48
2025-12-30,10:57:57.748254534,T,IBM,I,2,303.48
2025-12-30,10:57:57.748275576,T,IBM,I,4,303.48
2025-12-30,10:57:57.748278650,T,IBM,F,40,303.48
2025-12-30,10:57:57.748278650,T,IBM,F I,5,303.48
2025-12-30,10:57:57.748708583,T,IBM,F I,8,303.46
2025-12-30,10:57:57.749006344,T,IBM,F I,1,303.46
2025-12-30,10:57:57.749066467,T,IBM,F I,1,303.46
2025-12-30,10:57:57.749093484,T,IBM,F I,4,303.46
2025-12-30,10:57:57.749126624,T,IBM,F I,1,303.43
2025-12-30,10:57:57.749213804,T,IBM,F,40,303.43
2025-12-30,10:57:57.764285860,T,IBM,I,10,303.42
2025-12-30,10:57:57.764369896,T,IBM,,40,303.45
2025-12-30,10:58:07.422068065,T,IBM,F I,3,303.52
2025-12-30,10:58:29.938852792,T,IBM,F I,10,303.57
2025-12-30,10:58:29.938856504,T,IBM,F I,28,303.57
2025-12-30,10:58:29.938856504,T,IBM,F I,3,303.57
2025-12-30,10:58:29.938861762,T,IBM,F,79,303.57
2025-12-30,10:58:29.938870719,T,IBM,I,1,303.57
2025-12-30,10:58:29.938876744,T,IBM,F I,20,303.57
2025-12-30,10:58:29.938876744,T,IBM,F I,10,303.57
2025-12-30,10:58:29.939544572,T,IBM,F I,11,303.57
2025-12-30,10:58:31.653778228,T,IBM,I,10,303.52
2025-12-30,10:58:33.188821618,T,IBM,F I,2,303.52
2025-12-30,10:58:33.188914832,T,IBM,F I,2,303.52
2025-12-30,10:58:33.448769496,T,IBM,I,2,303.52
2025-12-30,10:58:33.449542354,T,IBM,F I,2,303.52
2025-12-30,10:58:33.449617539,T,IBM,F I,2,303.52
2025-12-30,10:58:35.116807458,T,IBM,F I,2,303.52
2025-12-30,10:58:35.116894618,T,IBM,F I,2,303.52
2025-12-30,10:58:35.116957721,T,IBM,F I,2,303.52
2025-12-30,10:58:35.117017896,T,IBM,F I,2,303.52
2025-12-30,10:58:35.117078020,T,IBM,F I,2,303.52
2025-12-30,10:58:35.117138153,T,IBM,F I,2,303.52
2025-12-30,10:58:35.117198342,T,IBM,F I,2,303.52
2025-12-30,10:58:35.117249458,T,IBM,F I,2,303.52
2025-12-30,10:58:35.117255419,T,IBM,F I,2,303.52
2025-12-30,10:58:35.117315641,T,IBM,F I,2,303.52
2025-12-30,10:58:35.117375754,T,IBM,F I,2,303.52
2025-12-30,10:58:35.117432914,T,IBM,F I,2,303.52
2025-12-30,10:58:35.117944106,T,IBM,F I,2,303.52
2025-12-30,10:58:35.118001202,T,IBM,F I,2,303.52
2025-12-30,10:58:35.118052327,T,IBM,F I,2,303.52
2025-12-30,10:58:35.118103531,T,IBM,F I,2,303.52
2025-12-30,10:58:35.118157591,T,IBM,F I,2,303.52
2025-12-30,10:58:35.118208763,T,IBM,F I,2,303.52
2025-12-30,10:58:35.118259885,T,IBM,F I,2,303.52
2025-12-30,10:58:35.118313983,T,IBM,F I,2,303.52
2025-12-30,10:58:35.118365142,T,IBM,F I,2,303.5
2025-12-30,10:58:35.118674829,T,IBM,F I,6,303.5
2025-12-30,10:58:35.118870260,T,IBM,I,3,303.5
2025-12-30,10:58:35.118954504,T,IBM,I,1,303.5
2025-12-30,10:58:48.456744557,T,IBM,,40,303.52
2025-12-30,10:58:54.018070022,T,IBM,F,40,303.47
2025-12-30,10:58:54.018836681,T,IBM,F I,1,303.46
2025-12-30,10:59:00.004770205,T,IBM,F I,21,303.5
2025-12-30,10:59:00.004772907,T,IBM,F I,4,303.5
2025-12-30,10:59:00.004947271,T,IBM,F I,10,303.51
2025-12-30,10:59:03.999028568,T,IBM,I,32,303.525
2025-12-30,10:59:10.380252805,T,IBM,I,11,303.57
2025-12-30,10:59:10.380255842,T,IBM,I,6,303.57
2025-12-30,10:59:10.380544472,T,IBM,F I,6,303.58
2025-12-30,10:59:23.185691631,T,IBM,F I,2,303.62
2025-12-30,10:59:23.276700257,T,IBM,I,17,303.61
2025-12-30,10:59:24.591800397,T,IBM,F I,8,303.6
2025-12-30,10:59:24.591836046,T,IBM,I,2,303.6
2025-12-30,10:59:29.799925540,T,IBM,F I,4,303.58
2025-12-30,10:59:29.799925540,T,IBM,F I,2,303.58
2025-12-30,10:59:29.800466746,T,IBM,F,40,303.57
2025-12-30,10:59:29.800502812,T,IBM,,40,303.57
2025-12-30,10:59:29.800559891,T,IBM,I,20,303.57
2025-12-30,10:59:29.800562915,T,IBM,I,17,303.56
2025-12-30,10:59:30.134700344,T,IBM,,60,303.59
2025-12-30,10:59:32.786807026,T,IBM,F I,23,303.56
2025-12-30,10:59:32.786807026,T,IBM,F I,2,303.56
2025-12-30,10:59:37.447897240,T,IBM,F I,2,303.52
2025-12-30,10:59:48.547985171,T,IBM,F,42,303.48
2025-12-30,10:59:48.548556505,T,IBM,F,40,303.47
2025-12-30,10:59:48.548560255,T,IBM,F I,2,303.47
2025-12-30,10:59:48.550126227,T,IBM,F I,2,303.46
2025-12-30,11:00:01.809026518,T,IBM,I,10,303.48
2025-12-30,11:00:10.589804030,T,IBM,I,12,303.55
2025-12-30,11:00:10.616727183,T,IBM,F,40,303.57
2025-12-30,11:00:10.616727183,T,IBM,F I,10,303.57
2025-12-30,11:00:10.616730030,T,IBM,F I,25,303.57
2025-12-30,11:00:22.540298348,T,IBM,I,2,303.6
2025-12-30,11:00:46.853875003,T,IBM,I,11,303.59
2025-12-30,11:00:46.854139657,T,IBM,F I,9,303.57
2025-12-30,11:00:46.854142675,T,IBM,F I,2,303.57
2025-12-30,11:00:46.854178795,T,IBM,F I,11,303.57
2025-12-30,11:00:46.854197058,T,IBM,F I,2,303.57
2025-12-30,11:00:46.854202776,T,IBM,F I,9,303.57
2025-12-30,11:00:46.854226846,T,IBM,F I,2,303.57
2025-12-30,11:00:46.854395288,T,IBM,F I,2,303.57
2025-12-30,11:00:51.406713417,T,IBM,I,6,303.57
2025-12-30,11:01:01.530770573,T,IBM,,40,303.6
2025-12-30,11:01:10.680093492,T,IBM,F I,2,303.61
2025-12-30,11:01:10.680234781,T,IBM,F I,16,303.61
2025-12-30,11:01:10.688453386,T,IBM,,40,303.6
2025-12-30,11:01:10.688934869,T,IBM,F I,20,303.63
2025-12-30,11:01:10.688937617,T,IBM,F I,10,303.63
2025-12-30,11:01:10.688940824,T,IBM,F I,10,303.63
2025-12-30,11:01:10.688943685,T,IBM,F I,20,303.63
2025-12-30,11:01:10.689075829,T,IBM,F I,8,303.61
2025-12-30,11:01:10.689123914,T,IBM,F I,20,303.61
2025-12-30,11:01:25.459795205,T,IBM,F I,3,303.58
2025-12-30,11:01:25.459797916,T,IBM,F I,2,303.58
2025-12-30,11:01:25.459855061,T,IBM,F I,1,303.58
2025-12-30,11:01:31.646010761,T,IBM,F I,3,303.62
2025-12-30,11:01:31.646016958,T,IBM,F I,1,303.64
2025-12-30,11:01:31.646016958,T,IBM,F I,6,303.65
2025-12-30,11:01:31.646016958,T,IBM,F I,5,303.65
2025-12-30,11:01:31.649889994,T,IBM,F I,3,303.59
2025-12-30,11:01:31.649893041,T,IBM,F I,20,303.59
2025-12-30,11:01:59.479903689,T,IBM,F I,19,303.64
2025-12-30,11:01:59.479903689,T,IBM,F I,10,303.64
2025-12-30,11:01:59.479905901,T,IBM,F I,4,303.65
2025-12-30,11:01:59.614867146,T,IBM,F I,3,303.66
2025-12-30,11:01:59.614867146,T,IBM,F I,29,303.66
2025-12-30,11:02:00.991121039,T,IBM,F I,10,303.65
2025-12-30,11:02:00.991123619,T,IBM,F I,2,303.64
2025-12-30,11:02:00.991126549,T,IBM,F I,5,303.63
2025-12-30,11:02:11.817553838,T,IBM,F I,2,303.64
2025-12-30,11:02:30.722812507,T,IBM,F I,10,303.61
2025-12-30,11:02:30.722818572,T,IBM,F,50,303.6
2025-12-30,11:02:30.722818572,T,IBM,F I,2,303.6
2025-12-30,11:02:34.728023253,T,IBM,F I,2,303.58
2025-12-30,11:02:34.728026319,T,IBM,F I,2,303.58
2025-12-30,11:02:34.728026319,T,IBM,F I,21,303.58
2025-12-30,11:02:34.730365846,T,IBM,F I,2,303.56
2025-12-30,11:02:34.736455301,T,IBM,I,3,303.58
2025-12-30,11:03:22.347951082,T,IBM,I,7,303.65
2025-12-30,11:03:22.347951082,T,IBM,I,1,303.66
2025-12-30,11:03:22.347962130,T,IBM,I,10,303.67
2025-12-30,11:03:22.347965160,T,IBM,I,26,303.67
2025-12-30,11:03:22.347968701,T,IBM,I,25,303.67
2025-12-30,11:03:22.347968701,T,IBM,I,20,303.67
2025-12-30,11:03:22.347971230,T,IBM,I,10,303.67
2025-12-30,11:03:22.424428225,T,IBM,F I,1,303.7
2025-12-30,11:03:25.696887790,T,IBM,F,80,303.76
2025-12-30,11:03:25.696890663,T,IBM,F I,25,303.76
2025-12-30,11:03:29.285754178,T,IBM,F I,2,303.785
2025-12-30,11:03:29.294183223,T,IBM,F I,25,303.78
2025-12-30,11:03:31.585851727,T,IBM,F I,2,303.79
2025-12-30,11:03:31.588062050,T,IBM,F I,2,303.78
2025-12-30,11:03:31.588062050,T,IBM,F I,2,303.78
2025-12-30,11:03:31.588083225,T,IBM,,44,303.78
2025-12-30,11:03:31.588305628,T,IBM,F I,12,303.79
2025-12-30,11:03:32.803525497,T,IBM,F I,2,303.77
2025-12-30,11:03:32.804544985,T,IBM,F I,15,303.78
2025-12-30,11:03:32.804559958,T,IBM,I,15,303.79
2025-12-30,11:03:32.804569498,T,IBM,F I,6,303.79
2025-12-30,11:03:32.804590104,T,IBM,I,4,303.78
2025-12-30,11:03:32.805299789,T,IBM,F,100,303.79
2025-12-30,11:03:32.805303069,T,IBM,F I,30,303.79
2025-12-30,11:03:32.805303069,T,IBM,F I,21,303.79
2025-12-30,11:03:32.805305764,T,IBM,F,332,303.78
2025-12-30,11:03:32.805320752,T,IBM,I,1,303.79
2025-12-30,11:03:35.809427381,T,IBM,F I,30,303.83
2025-12-30,11:03:35.809448418,T,IBM,F I,10,303.83
2025-12-30,11:03:35.809448418,T,IBM,F I,11,303.83
2025-12-30,11:03:35.809451443,T,IBM,I,1,303.83
2025-12-30,11:03:35.809761086,T,IBM,F I,2,303.81
2025-12-30,11:03:35.809782204,T,IBM,F,64,303.81
2025-12-30,11:03:35.809848403,T,IBM,I,2,303.79
2025-12-30,11:03:35.809896773,T,IBM,F I,1,303.82
2025-12-30,11:03:35.809900731,T,IBM,F I,4,303.82
2025-12-30,11:03:35.809902715,T,IBM,F I,2,303.82
2025-12-30,11:03:35.809932539,T,IBM,F I,8,303.8
2025-12-30,11:03:35.810287630,T,IBM,F I,1,303.79
2025-12-30,11:03:35.811463131,T,IBM,I,2,303.79
2025-12-30,11:04:01.603897541,T,IBM,F I,2,303.78
2025-12-30,11:04:01.603897541,T,IBM,F I,2,303.78
2025-12-30,11:04:01.603963738,T,IBM,F I,2,303.78
2025-12-30,11:04:01.603984725,T,IBM,F I,25,303.78
2025-12-30,11:04:01.604009418,T,IBM,F I,2,303.78
2025-12-30,11:04:01.604041845,T,IBM,F I,7,303.78
2025-12-30,11:04:01.604050886,T,IBM,F I,2,303.77
2025-12-30,11:04:01.604420711,T,IBM,I,13,303.78
2025-12-30,11:04:01.604465781,T,IBM,I,14,303.78
2025-12-30,11:04:01.605280762,T,IBM,F I,9,303.81
2025-12-30,11:04:01.605296266,T,IBM,F I,10,303.82
2025-12-30,11:04:01.605319898,T,IBM,F I,28,303.83
2025-12-30,11:04:01.605322963,T,IBM,F,40,303.83
2025-12-30,11:04:01.605341455,T,IBM,F,40,303.83
2025-12-30,11:04:01.605341455,T,IBM,I,1,303.83
2025-12-30,11:04:01.605352901,T,IBM,F,40,303.83
2025-12-30,11:04:01.605361974,T,IBM,,40,303.83
2025-12-30,11:04:01.605368022,T,IBM,F I,14,303.83
2025-12-30,11:04:01.605371363,T,IBM,F I,10,303.83
2025-12-30,11:04:01.605374030,T,IBM,I,6,303.83
2025-12-30,11:04:01.605374030,T,IBM,,183,303.83
2025-12-30,11:04:01.605581495,T,IBM,I,6,303.84
2025-12-30,11:04:01.605966765,T,IBM,I,15,303.845
2025-12-30,11:04:01.605966765,T,IBM,,85,303.84
2025-12-30,11:04:01.605987617,T,IBM,I,32,303.84
2025-12-30,11:04:01.605990516,T,IBM,I,1,303.84
2025-12-30,11:04:01.606426589,T,IBM,F I,6,303.86
2025-12-30,11:04:01.606426589,T,IBM,F,65,303.86
2025-12-30,11:04:01.606459590,T,IBM,I,4,303.87
2025-12-30,11:04:01.606510644,T,IBM,I,1,303.87
2025-12-30,11:04:01.606568421,T,IBM,I,1,303.88
2025-12-30,11:04:03.592158715,T,IBM,I,12,303.92
2025-12-30,11:04:03.596248479,T,IBM,I,2,303.92
2025-12-30,11:04:03.615521382,T,IBM,I,20,303.92
2025-12-30,11:04:11.065958827,T,IBM,I,2,303.9
2025-12-30,11:04:11.065970893,T,IBM,,98,303.9
2025-12-30,11:04:11.066064013,T,IBM,F I,2,303.86
2025-12-30,11:04:11.066199351,T,IBM,F I,25,303.86
2025-12-30,11:04:11.066268683,T,IBM,F I,15,303.86
2025-12-30,11:04:11.097389675,T,IBM,I,10,303.86
2025-12-30,11:04:11.097389675,T,IBM,I,11,303.89
2025-12-30,11:04:47.482940665,T,IBM,I,1,303.89
2025-12-30,11:04:47.482940665,T,IBM,I,1,303.94
2025-12-30,11:04:47.493417570,T,IBM,I,39,303.94
2025-12-30,11:04:47.493420615,T,IBM,I,10,303.94
2025-12-30,11:04:52.425726380,T,IBM,I,16,303.97
2025-12-30,11:04:52.425820578,T,IBM,I,1,304.0
2025-12-30,11:04:52.425822645,T,IBM,I,4,304.0
2025-12-30,11:04:53.108420645,T,IBM,I,1,304.0
2025-12-30,11:04:57.984931737,T,IBM,I,14,303.99
2025-12-30,11:05:02.097988241,T,IBM,I,6,304.06
2025-12-30,11:05:06.273701895,T,IBM,F I,2,304.11
2025-12-30,11:05:06.274107802,T,IBM,I,3,304.11
2025-12-30,11:05:06.799867372,T,IBM,F I,6,304.13
2025-12-30,11:05:06.799880222,T,IBM,F I,4,304.13
2025-12-30,11:05:06.799882435,T,IBM,F,40,304.12
2025-12-30,11:05:06.799885474,T,IBM,F I,6,304.11
2025-12-30,11:05:21.997007623,T,IBM,F,45,304.11
2025-12-30,11:05:21.997011632,T,IBM,F I,25,304.11
2025-12-30,11:05:21.997016707,T,IBM,F I,20,304.1
2025-12-30,11:05:21.997016707,T,IBM,F I,20,304.1
2025-12-30,11:05:21.997019611,T,IBM,F I,2,304.1
2025-12-30,11:05:21.997019611,T,IBM,F I,2,304.1
2025-12-30,11:05:21.997025842,T,IBM,F I,1,304.1
2025-12-30,11:05:21.997025842,T,IBM,F I,20,304.1
2025-12-30,11:05:21.997025842,T,IBM,F I,20,304.1
2025-12-30,11:05:21.997028978,T,IBM,F I,25,304.1
2025-12-30,11:05:21.997031653,T,IBM,F I,15,304.1
2025-12-30,11:05:21.997804434,T,IBM,F I,1,304.06
2025-12-30,11:05:21.997816511,T,IBM,F,40,304.04
2025-12-30,11:05:21.999265909,T,IBM,I,2,304.04
2025-12-30,11:05:24.831399116,T,IBM,,50,304.05
2025-12-30,11:05:28.160627652,T,IBM,F I,25,304.05
2025-12-30,11:05:28.160675825,T,IBM,F I,25,304.05
2025-12-30,11:05:39.461762200,T,IBM,I,25,304.035
2025-12-30,11:05:39.461807214,T,IBM,I,25,304.035
2025-12-30,11:05:54.913996691,T,IBM,I,1,304.08
2025-12-30,11:05:55.744234439,T,IBM,F I,15,304.1
2025-12-30,11:05:55.744234439,T,IBM,F I,10,304.1
2025-12-30,11:05:55.744237091,T,IBM,F I,25,304.1
2025-12-30,11:05:55.744730650,T,IBM,F I,8,304.11
2025-12-30,11:05:55.744730650,T,IBM,F I,4,304.11
2025-12-30,11:05:58.709407365,T,IBM,I,2,304.08
2025-12-30,11:05:58.711274459,T,IBM,F I,2,304.04
2025-12-30,11:06:15.286830192,T,IBM,I,2,304.05
2025-12-30,11:06:52.450390847,T,IBM,I,5,304.09
2025-12-30,11:06:52.450393728,T,IBM,I,13,304.11
2025-12-30,11:06:52.461703612,T,IBM,I,5,304.11
2025-12-30,11:07:07.191519550,T,IBM,F I,7,304.12
2025-12-30,11:07:07.191522491,T,IBM,F I,7,304.12
2025-12-30,11:07:07.191522491,T,IBM,F I,8,304.13
2025-12-30,11:07:11.168186448,T,IBM,F I,1,304.08
2025-12-30,11:07:11.168186448,T,IBM,F I,3,304.08
2025-12-30,11:08:09.117959836,T,IBM,F I,2,304.15
2025-12-30,11:08:09.117959836,T,IBM,F I,3,304.15
2025-12-30,11:08:09.629853391,T,IBM,F I,8,304.12
2025-12-30,11:08:09.629973642,T,IBM,F I,1,304.09
2025-12-30,11:08:10.070643389,T,IBM,F I,7,304.09
2025-12-30,11:08:10.070643389,T,IBM,F I,5,304.09
2025-12-30,11:08:10.070645760,T,IBM,F I,10,304.09
2025-12-30,11:08:13.255013431,T,IBM,I,1,304.12
2025-12-30,11:08:19.397541382,T,IBM,F I,10,304.12
2025-12-30,11:08:19.397541382,T,IBM,F I,15,304.15
2025-12-30,11:08:24.706207989,T,IBM,F I,10,304.14
2025-12-30,11:08:25.409164433,T,IBM,F I,5,304.11
2025-12-30,11:08:27.191321225,T,IBM,I,5,304.13
2025-12-30,11:08:27.191321225,T,IBM,I,5,304.14
2025-12-30,11:08:28.783136571,T,IBM,F I,1,304.13
2025-12-30,11:08:31.098429327,T,IBM,I,10,304.15
2025-12-30,11:08:31.098585791,T,IBM,F I,1,304.15
2025-12-30,11:08:31.099896838,T,IBM,I,5,304.15
2025-12-30,11:08:41.959475279,T,IBM,F I,1,304.14
2025-12-30,11:08:41.959478667,T,IBM,F I,3,304.17
2025-12-30,11:08:41.959481331,T,IBM,F I,39,304.17
2025-12-30,11:08:41.959496710,T,IBM,I,1,304.17
2025-12-30,11:09:04.767548502,T,IBM,F I,3,304.17
2025-12-30,11:09:35.452413841,T,IBM,,58,304.16
2025-12-30,11:09:35.452489169,T,IBM,F,42,304.16
2025-12-30,11:09:35.452492036,T,IBM,F I,8,304.15
2025-12-30,11:09:35.452495125,T,IBM,F I,8,304.15
2025-12-30,11:09:35.452513367,T,IBM,F I,32,304.15
2025-12-30,11:09:35.452513367,T,IBM,F I,10,304.15
2025-12-30,11:09:35.452591319,T,IBM,I,2,304.15
2025-12-30,11:09:53.182306779,T,IBM,I,1,304.16
2025-12-30,11:09:57.632345746,T,IBM,F I,1,304.1
2025-12-30,11:09:57.632390747,T,IBM,I,15,304.12
2025-12-30,11:10:01.352303413,T,IBM,F I,6,304.1
2025-12-30,11:10:01.352333536,T,IBM,I,9,304.1
2025-12-30,11:10:01.624234749,T,IBM,I,25,304.085
2025-12-30,11:10:01.860357038,T,IBM,I,1,304.085
2025-12-30,11:10:02.050932536,T,IBM,I,1,304.085
2025-12-30,11:10:02.281939502,T,IBM,I,1,304.085
2025-12-30,11:10:20.398902042,T,IBM,F I,1,304.05
2025-12-30,11:10:20.398920036,T,IBM,I,1,304.05
2025-12-30,11:10:20.398941118,T,IBM,F I,4,304.05
2025-12-30,11:10:20.398953127,T,IBM,F I,4,304.05
2025-12-30,11:10:20.399317000,T,IBM,I,8,304.05
2025-12-30,11:10:31.938585480,T,IBM,F I,1,304.05
2025-12-30,11:10:31.938615575,T,IBM,I,4,304.04
2025-12-30,11:10:31.940873993,T,IBM,F I,1,304.01
2025-12-30,11:10:31.941084410,T,IBM,F I,1,304.01
2025-12-30,11:10:31.941129586,T,IBM,F I,1,304.01
2025-12-30,11:10:31.941180760,T,IBM,F I,1,304.01
2025-12-30,11:10:36.000884448,T,IBM,,40,304.03
2025-12-30,11:10:37.285777162,T,IBM,I,15,304.05
2025-12-30,11:10:38.550636343,T,IBM,I,12,304.05
2025-12-30,11:10:38.550636343,T,IBM,I,3,304.05
2025-12-30,11:10:39.349984322,T,IBM,F I,15,304.05
2025-12-30,11:10:39.349987344,T,IBM,F I,15,304.06
2025-12-30,11:10:54.322053719,T,IBM,F I,8,304.1
2025-12-30,11:10:57.948801589,T,IBM,F I,10,304.07
2025-12-30,11:11:28.992604733,T,IBM,F I,3,304.09
2025-12-30,11:11:33.177237752,T,IBM,I,1,304.04
2025-12-30,11:11:33.177237752,T,IBM,I,10,304.04
2025-12-30,11:11:38.641841096,T,IBM,F I,30,304.04
2025-12-30,11:11:38.641841096,T,IBM,F I,25,304.04
2025-12-30,11:11:41.239063874,T,IBM,I,1,304.03
2025-12-30,11:12:00.339373213,T,IBM,F I,10,304.02
2025-12-30,11:12:00.339373213,T,IBM,F I,31,304.01
2025-12-30,11:12:00.339385272,T,IBM,I,9,304.01
2025-12-30,11:12:00.339389094,T,IBM,I,1,304.01
2025-12-30,11:12:00.339389094,T,IBM,I,31,304.01
2025-12-30,11:12:00.339391308,T,IBM,I,1,304.01
2025-12-30,11:12:00.339433337,T,IBM,F I,1,304.01
2025-12-30,11:12:00.339451747,T,IBM,I,15,304.065
2025-12-30,11:12:00.339451747,T,IBM,I,10,304.065
2025-12-30,11:12:00.339466671,T,IBM,I,4,304.06
2025-12-30,11:12:36.534950978,T,IBM,F I,2,304.02
2025-12-30,11:12:36.534950978,T,IBM,F I,1,304.02
2025-12-30,11:12:36.534950978,T,IBM,F I,3,304.02
2025-12-30,11:12:36.534956675,T,IBM,I,3,304.02
2025-12-30,11:12:36.534968992,T,IBM,I,3,304.02
2025-12-30,11:12:36.534968992,T,IBM,I,3,304.02
2025-12-30,11:12:36.534995841,T,IBM,F I,1,304.02
2025-12-30,11:12:36.535065021,T,IBM,F I,3,304.02
2025-12-30,11:12:36.535203265,T,IBM,F I,3,304.02
2025-12-30,11:12:37.072552461,T,IBM,,40,304.035
2025-12-30,11:12:40.664263824,T,IBM,F I,1,304.0
2025-12-30,11:13:04.738146203,T,IBM,F I,10,304.0
2025-12-30,11:13:04.738164263,T,IBM,I,1,304.0
2025-12-30,11:13:04.738167323,T,IBM,F I,1,304.0
2025-12-30,11:13:04.738597332,T,IBM,F I,3,304.0
2025-12-30,11:13:04.739075509,T,IBM,F I,15,304.02
2025-12-30,11:13:04.739123534,T,IBM,F I,11,304.02
2025-12-30,11:13:04.739827243,T,IBM,F I,1,304.015
