DATE,TIME_M,EX,SYM_ROOT,TR_SCOND,SIZE,PRICE
2025-12-26,9:30:01.091724879,T,IBM,I,10,304.54
2025-12-26,9:30:01.091727924,T,IBM,,70,304.54
2025-12-26,9:30:01.091736975,T,IBM,Q,10,304.54
2025-12-26,9:30:01.091748953,T,IBM,I,1,304.54
2025-12-26,9:30:01.091827142,T,IBM,,79,304.54
2025-12-26,9:30:01.091881280,T,IBM,,100,304.54
2025-12-26,9:30:02.112132233,T,IBM,I,7,304.73
2025-12-26,9:30:02.112886951,T,IBM,I,3,304.6
2025-12-26,9:30:04.595750725,T,IBM,I,1,304.48
2025-12-26,9:30:06.596683978,T,IBM,F,40,304.45
2025-12-26,9:30:06.596711039,T,IBM,F I,20,304.45
2025-12-26,9:30:11.129242216,T,IBM,I,5,304.52
2025-12-26,9:30:11.129245211,T,IBM,I,5,304.54
2025-12-26,9:30:11.138053172,T,IBM,I,5,304.58
2025-12-26,9:30:34.633587100,T,IBM,F,80,304.45
2025-12-26,9:30:34.633587100,T,IBM,F I,34,304.45
2025-12-26,9:30:34.633589976,T,IBM,F,40,304.44
2025-12-26,9:30:34.633604914,T,IBM,,239,304.44
2025-12-26,9:30:34.633659096,T,IBM,F I,37,304.44
2025-12-26,9:30:34.633683168,T,IBM,F,63,304.44
2025-12-26,9:30:34.633872578,T,IBM,F,40,304.44
2025-12-26,9:30:34.634053022,T,IBM,F I,37,304.44
2025-12-26,9:30:34.634071064,T,IBM,F I,3,304.44
2025-12-26,9:30:34.636461715,T,IBM,I,1,304.45
2025-12-26,9:30:34.643790238,T,IBM,,56,304.41
2025-12-26,9:30:34.747720661,T,IBM,I,1,304.45
2025-12-26,9:30:34.747744702,T,IBM,I,5,304.515
2025-12-26,9:30:58.206155073,T,IBM,F I,5,304.41
2025-12-26,9:30:58.206157997,T,IBM,F I,7,304.38
2025-12-26,9:30:58.207045157,T,IBM,,40,304.37
2025-12-26,9:30:58.207592401,T,IBM,I,33,304.37
2025-12-26,9:30:58.207607423,T,IBM,F I,37,304.36
2025-12-26,9:30:58.207613427,T,IBM,I,1,304.36
2025-12-26,9:30:58.216746169,T,IBM,I,5,304.41
2025-12-26,9:30:58.216779341,T,IBM,I,37,304.41
2025-12-26,9:30:58.257252682,T,IBM,I,2,304.51
2025-12-26,9:31:02.820282442,T,IBM,F I,2,304.51
2025-12-26,9:31:02.820294543,T,IBM,I,2,304.51
2025-12-26,9:31:02.820300758,T,IBM,I,2,304.53
2025-12-26,9:31:09.184386946,T,IBM,I,25,304.565
2025-12-26,9:31:23.248408842,T,IBM,F I,1,304.55
2025-12-26,9:31:39.833184677,T,IBM,I,1,304.51
2025-12-26,9:31:58.834398992,T,IBM,I,1,304.53
2025-12-26,9:32:00.851998087,T,IBM,F I,39,304.31
2025-12-26,9:32:00.851998087,T,IBM,F I,33,304.3
2025-12-26,9:32:00.852013569,T,IBM,F I,37,304.3
2025-12-26,9:32:00.852016076,T,IBM,F I,1,304.3
2025-12-26,9:32:00.852019109,T,IBM,F I,1,304.3
2025-12-26,9:32:00.852752840,T,IBM,F I,1,304.3
2025-12-26,9:32:33.840930920,T,IBM,,40,304.32
2025-12-26,9:32:33.840934297,T,IBM,I,20,304.37
2025-12-26,9:32:33.840934297,T,IBM,,60,304.38
2025-12-26,9:32:33.840937457,T,IBM,I,4,304.38
2025-12-26,9:32:33.840937457,T,IBM,I,2,304.38
2025-12-26,9:32:33.840940041,T,IBM,,40,304.38
2025-12-26,9:32:33.840940041,T,IBM,I,4,304.38
2025-12-26,9:32:33.840982269,T,IBM,F I,20,304.42
2025-12-26,9:32:33.840982269,T,IBM,F,100,304.4
2025-12-26,9:32:33.840985035,T,IBM,,100,304.38
2025-12-26,9:32:33.841015180,T,IBM,F I,20,304.42
2025-12-26,9:32:33.841294786,T,IBM,F I,9,304.43
2025-12-26,9:32:33.841294786,T,IBM,F I,9,304.43
2025-12-26,9:32:33.841297863,T,IBM,F,40,304.43
2025-12-26,9:32:33.841406080,T,IBM,F,40,304.43
2025-12-26,9:32:33.848903062,T,IBM,F I,34,304.31
2025-12-26,9:32:33.848923925,T,IBM,I,1,304.31
2025-12-26,9:32:33.848945067,T,IBM,F I,35,304.31
2025-12-26,9:32:34.835094687,T,IBM,I,1,304.34
2025-12-26,9:32:41.345019283,T,IBM,I,27,304.21
2025-12-26,9:32:41.345022180,T,IBM,I,14,304.21
2025-12-26,9:32:41.345061323,T,IBM,F,70,304.2
2025-12-26,9:32:52.253292377,T,IBM,I,5,304.32
2025-12-26,9:32:52.253295393,T,IBM,I,33,304.33
2025-12-26,9:33:05.620675641,T,IBM,F I,30,304.31
2025-12-26,9:33:05.620679010,T,IBM,F I,5,304.32
2025-12-26,9:33:05.620681560,T,IBM,F I,8,304.35
2025-12-26,9:33:05.620681560,T,IBM,F I,5,304.35
2025-12-26,9:33:09.165968379,T,IBM,F I,1,304.4
2025-12-26,9:33:22.554155511,T,IBM,I,1,304.26
2025-12-26,9:33:22.554155511,T,IBM,,99,304.19
2025-12-26,9:33:49.425843930,T,IBM,F I,4,304.41
2025-12-26,9:33:49.425861995,T,IBM,I,4,304.41
2025-12-26,9:33:54.645213204,T,IBM,F I,8,304.45
2025-12-26,9:33:54.662329911,T,IBM,I,17,304.54
2025-12-26,9:34:08.659857348,T,IBM,I,21,304.6
2025-12-26,9:34:28.489246164,T,IBM,F I,30,304.62
2025-12-26,9:34:28.490100547,T,IBM,F I,2,304.63
2025-12-26,9:34:28.490100547,T,IBM,F I,24,304.63
2025-12-26,9:34:28.490121752,T,IBM,I,1,304.63
2025-12-26,9:34:29.194223381,T,IBM,F I,4,304.64
2025-12-26,9:34:29.194277597,T,IBM,F I,25,304.64
2025-12-26,9:34:29.194686541,T,IBM,,88,304.61
2025-12-26,9:34:44.389950360,T,IBM,F I,20,304.79
2025-12-26,9:34:44.389953382,T,IBM,F I,20,304.8
2025-12-26,9:34:44.389971420,T,IBM,F I,20,304.8
2025-12-26,9:34:48.312235736,T,IBM,I,30,304.77
2025-12-26,9:34:51.262956151,T,IBM,I,30,304.72
2025-12-26,9:34:55.567550714,T,IBM,F I,1,304.62
2025-12-26,9:34:55.567554051,T,IBM,F I,4,304.62
2025-12-26,9:34:55.567568794,T,IBM,I,4,304.62
2025-12-26,9:34:55.567851531,T,IBM,,76,304.62
2025-12-26,9:34:55.568486034,T,IBM,F I,16,304.59
2025-12-26,9:34:55.568498297,T,IBM,,40,304.59
2025-12-26,9:34:55.570846764,T,IBM,,94,304.59
2025-12-26,9:34:55.570846764,T,IBM,,66,304.59
2025-12-26,9:34:55.584754765,T,IBM,,88,304.6
2025-12-26,9:34:55.585157709,T,IBM,,40,304.59
2025-12-26,9:34:55.585175754,T,IBM,I,1,304.59
2025-12-26,9:34:55.595222585,T,IBM,,69,304.6
2025-12-26,9:35:00.307512738,T,IBM,I,8,304.65
2025-12-26,9:35:00.308550211,T,IBM,I,8,304.63
2025-12-26,9:35:00.308574248,T,IBM,I,8,304.63
2025-12-26,9:35:00.308598307,T,IBM,I,8,304.63
2025-12-26,9:35:01.459726818,T,IBM,F,100,304.69
2025-12-26,9:35:01.459744868,T,IBM,F I,17,304.69
2025-12-26,9:35:01.459747800,T,IBM,I,1,304.69
2025-12-26,9:35:01.459844082,T,IBM,,100,304.69
2025-12-26,9:35:01.460087616,T,IBM,I,30,304.685
2025-12-26,9:35:01.465611759,T,IBM,F I,25,304.75
2025-12-26,9:35:02.535766343,T,IBM,I,33,304.69
2025-12-26,9:35:02.840114897,T,IBM,,70,304.68
2025-12-26,9:35:05.115824480,T,IBM,F I,1,304.59
2025-12-26,9:35:36.861462367,T,IBM,F I,1,304.66
2025-12-26,9:35:36.861462367,T,IBM,F I,39,304.66
2025-12-26,9:35:36.861483382,T,IBM,I,1,304.66
2025-12-26,9:35:36.887381105,T,IBM,I,15,304.61
2025-12-26,9:35:36.887381105,T,IBM,I,2,304.6
2025-12-26,9:35:36.896165022,T,IBM,I,17,304.6
2025-12-26,9:35:38.576577296,T,IBM,I,10,304.64
2025-12-26,9:35:38.576577296,T,IBM,I,1,304.63
2025-12-26,9:35:40.127170728,T,IBM,F,80,304.72
2025-12-26,9:35:40.136387661,T,IBM,I,7,304.68
2025-12-26,9:35:41.793747164,T,IBM,F I,25,304.76
2025-12-26,9:35:45.145535753,T,IBM,F,60,304.85
2025-12-26,9:35:45.145538482,T,IBM,F I,15,304.85
2025-12-26,9:35:45.145553559,T,IBM,I,1,304.85
2025-12-26,9:35:45.145562550,T,IBM,F I,24,304.85
2025-12-26,9:35:45.145614294,T,IBM,F,70,304.85
2025-12-26,9:35:45.145664888,T,IBM,I,4,304.89
2025-12-26,9:35:45.145740013,T,IBM,F I,30,304.89
2025-12-26,9:35:45.145740013,T,IBM,F I,30,304.89
2025-12-26,9:35:45.145743074,T,IBM,F I,6,304.9
2025-12-26,9:35:45.145785539,T,IBM,,54,304.9
2025-12-26,9:35:45.145785539,T,IBM,I,15,304.9
2025-12-26,9:35:45.145789032,T,IBM,I,1,304.9
2025-12-26,9:35:45.145789032,T,IBM,I,24,304.9
2025-12-26,9:35:45.145791100,T,IBM,,100,304.9
2025-12-26,9:35:45.145860400,T,IBM,F I,7,304.85
2025-12-26,9:35:45.145863266,T,IBM,F I,13,304.81
2025-12-26,9:35:45.146112943,T,IBM,F,100,304.89
2025-12-26,9:35:45.146112943,T,IBM,F I,25,304.89
2025-12-26,9:35:45.146115955,T,IBM,F I,7,304.9
2025-12-26,9:35:45.146551991,T,IBM,F I,1,304.9
2025-12-26,9:35:46.024961259,T,IBM,I,15,304.89
2025-12-26,9:35:46.024961259,T,IBM,,100,304.87
2025-12-26,9:35:46.025027283,T,IBM,F I,15,304.87
2025-12-26,9:35:46.025027283,T,IBM,F I,25,304.86
2025-12-26,9:35:46.025075412,T,IBM,F I,6,304.86
2025-12-26,9:35:46.025099378,T,IBM,F I,9,304.86
2025-12-26,9:35:58.680032994,T,IBM,F I,1,304.76
2025-12-26,9:36:01.875187348,T,IBM,F I,2,304.76
2025-12-26,9:36:01.875767784,T,IBM,F I,25,304.69
2025-12-26,9:36:03.274192842,T,IBM,F I,25,304.78
2025-12-26,9:36:11.483411866,T,IBM,F I,25,304.78
2025-12-26,9:36:16.006004378,T,IBM,,40,304.69
2025-12-26,9:36:23.751723985,T,IBM,F,40,304.52
2025-12-26,9:36:23.752484835,T,IBM,F I,25,304.51
2025-12-26,9:36:23.752502871,T,IBM,F,100,304.51
2025-12-26,9:36:23.752532995,T,IBM,F I,25,304.51
2025-12-26,9:36:51.814918875,T,IBM,F I,2,304.58
2025-12-26,9:36:51.815339811,T,IBM,F I,9,304.64
2025-12-26,9:36:51.815345865,T,IBM,F I,9,304.64
2025-12-26,9:36:51.815364630,T,IBM,I,1,304.64
2025-12-26,9:36:51.815364630,T,IBM,F I,9,304.64
2025-12-26,9:36:51.815384979,T,IBM,I,9,304.64
2025-12-26,9:36:58.135130757,T,IBM,F I,2,304.36
2025-12-26,9:37:23.894219039,T,IBM,F I,2,304.4
2025-12-26,9:37:25.175713801,T,IBM,F I,6,304.54
2025-12-26,9:37:26.652409269,T,IBM,,40,304.515
2025-12-26,9:37:33.828521761,T,IBM,F I,1,304.44
2025-12-26,9:37:33.828536799,T,IBM,F I,1,304.44
2025-12-26,9:37:33.828545832,T,IBM,F I,1,304.44
2025-12-26,9:37:33.828566921,T,IBM,F I,1,304.44
2025-12-26,9:37:33.828614991,T,IBM,F I,1,304.44
2025-12-26,9:37:33.828624086,T,IBM,F I,1,304.44
2025-12-26,9:37:33.828657156,T,IBM,I,1,304.44
2025-12-26,9:37:33.828717258,T,IBM,F I,1,304.44
2025-12-26,9:37:33.828717258,T,IBM,I,3,304.44
2025-12-26,9:37:33.828837670,T,IBM,F I,1,304.44
2025-12-26,9:37:33.828885663,T,IBM,F I,3,304.44
2025-12-26,9:37:33.828963872,T,IBM,F I,3,304.44
2025-12-26,9:37:33.829030003,T,IBM,F I,1,304.44
2025-12-26,9:37:33.832993416,T,IBM,I,3,304.44
2025-12-26,9:37:33.881252309,T,IBM,I,1,304.43
2025-12-26,9:37:33.881255348,T,IBM,I,2,304.43
2025-12-26,9:37:35.897750809,T,IBM,I,20,304.46
2025-12-26,9:37:41.322867044,T,IBM,I,26,304.46
2025-12-26,9:37:41.322870120,T,IBM,I,20,304.46
2025-12-26,9:37:41.322873080,T,IBM,I,6,304.47
2025-12-26,9:37:51.755212423,T,IBM,I,1,304.48
2025-12-26,9:38:15.605687212,T,IBM,F I,4,304.69
2025-12-26,9:39:28.554177265,T,IBM,F I,15,304.8
2025-12-26,9:39:28.604559122,T,IBM,I,1,304.86
2025-12-26,9:39:28.822181248,T,IBM,I,1,304.92
2025-12-26,9:39:28.822244374,T,IBM,F I,1,304.92
2025-12-26,9:39:30.641082402,T,IBM,I,7,305.09
2025-12-26,9:40:02.501479557,T,IBM,F I,20,305.09
2025-12-26,9:40:02.501482615,T,IBM,F I,30,305.1
2025-12-26,9:40:02.501494632,T,IBM,I,1,305.1
2025-12-26,9:40:02.501506592,T,IBM,I,19,305.1
2025-12-26,9:40:09.946811047,T,IBM,I,4,305.17
2025-12-26,9:40:09.946889038,T,IBM,I,4,305.17
2025-12-26,9:40:09.946941061,T,IBM,I,4,305.17
2025-12-26,9:40:09.946943167,T,IBM,F I,1,305.17
2025-12-26,9:40:09.946958756,T,IBM,I,1,305.17
2025-12-26,9:40:09.946961185,T,IBM,I,3,305.16
2025-12-26,9:40:14.167144819,T,IBM,F I,25,304.98
2025-12-26,9:40:14.167210968,T,IBM,F I,15,304.98
2025-12-26,9:40:19.132942104,T,IBM,F I,5,304.83
2025-12-26,9:40:19.132944439,T,IBM,F I,5,304.84
2025-12-26,9:40:19.484908321,T,IBM,F I,5,304.87
2025-12-26,9:40:22.310943165,T,IBM,F I,5,304.86
2025-12-26,9:40:22.310946227,T,IBM,F I,5,304.87
2025-12-26,9:40:35.419680992,T,IBM,I,25,304.775
2025-12-26,9:40:36.683989924,T,IBM,,100,304.78
2025-12-26,9:41:00.628345000,T,IBM,F I,25,304.6
2025-12-26,9:41:00.628453409,T,IBM,F I,15,304.6
2025-12-26,9:41:22.123306272,T,IBM,I,5,304.54
2025-12-26,9:41:22.123309157,T,IBM,,95,304.56
2025-12-26,9:41:22.131145770,T,IBM,,100,304.57
2025-12-26,9:41:34.165955050,T,IBM,I,10,304.58
2025-12-26,9:41:34.881803176,T,IBM,I,10,304.58
2025-12-26,9:41:53.312147722,T,IBM,,150,304.56
2025-12-26,9:42:30.831016734,T,IBM,F I,1,304.4
2025-12-26,9:42:33.029833212,T,IBM,F I,20,304.5
2025-12-26,9:42:33.029836490,T,IBM,F,150,304.5
2025-12-26,9:42:33.029836490,T,IBM,F I,22,304.51
2025-12-26,9:42:33.029839396,T,IBM,F I,2,304.51
2025-12-26,9:42:33.029842226,T,IBM,F,40,304.51
2025-12-26,9:42:33.029842226,T,IBM,F,80,304.51
2025-12-26,9:42:33.031054071,T,IBM,F I,6,304.475
2025-12-26,9:42:33.031102222,T,IBM,I,21,304.475
2025-12-26,9:42:33.031532248,T,IBM,F I,6,304.42
2025-12-26,9:42:33.067756403,T,IBM,F I,25,304.42
2025-12-26,9:42:33.083877880,T,IBM,I,9,304.42
2025-12-26,9:42:41.468402475,T,IBM,F I,8,304.5
2025-12-26,9:43:01.241205525,T,IBM,I,1,304.5
2025-12-26,9:43:18.975566962,T,IBM,F,80,304.37
2025-12-26,9:43:18.975582112,T,IBM,I,1,304.37
2025-12-26,9:43:18.975720360,T,IBM,F I,39,304.37
2025-12-26,9:43:18.977335179,T,IBM,I,5,304.26
2025-12-26,9:43:30.218705508,T,IBM,F I,3,304.255
2025-12-26,9:43:30.218714627,T,IBM,I,30,304.28
2025-12-26,9:43:30.218720591,T,IBM,,40,304.31
2025-12-26,9:43:30.218726511,T,IBM,I,22,304.35
2025-12-26,9:43:30.218726511,T,IBM,I,8,304.35
2025-12-26,9:43:30.218729539,T,IBM,I,2,304.25
2025-12-26,9:43:30.218732550,T,IBM,,46,304.25
2025-12-26,9:43:30.218843938,T,IBM,F I,23,304.31
2025-12-26,9:43:30.218849856,T,IBM,F I,23,304.31
2025-12-26,9:43:30.218865263,T,IBM,I,1,304.31
2025-12-26,9:43:30.218867908,T,IBM,F,48,304.31
2025-12-26,9:43:30.218898290,T,IBM,F I,5,304.31
2025-12-26,9:43:30.218898290,T,IBM,F,95,304.31
2025-12-26,9:43:30.218913002,T,IBM,F I,5,304.31
2025-12-26,9:43:30.218913002,T,IBM,F,95,304.31
2025-12-26,9:43:30.218927992,T,IBM,F I,5,304.31
2025-12-26,9:43:30.218927992,T,IBM,F I,37,304.31
2025-12-26,9:43:30.219078454,T,IBM,F I,19,304.24
2025-12-26,9:43:30.219102452,T,IBM,,63,304.24
2025-12-26,9:43:30.219135549,T,IBM,F I,5,304.25
2025-12-26,9:43:30.219147620,T,IBM,I,5,304.25
2025-12-26,9:43:30.219172258,T,IBM,F,200,304.28
2025-12-26,9:43:30.219361110,T,IBM,F I,2,304.24
2025-12-26,9:43:33.729217794,T,IBM,F I,5,304.33
2025-12-26,9:43:37.408103689,T,IBM,I,1,304.24
2025-12-26,9:43:37.408503626,T,IBM,F,40,304.24
2025-12-26,9:43:48.490650866,T,IBM,I,2,304.36
2025-12-26,9:43:59.982812223,T,IBM,F I,25,304.4
2025-12-26,9:44:30.810728521,T,IBM,,40,304.39
2025-12-26,9:44:30.862063690,T,IBM,,40,304.38
2025-12-26,9:44:30.908560401,T,IBM,,40,304.37
2025-12-26,9:45:20.347758866,T,IBM,I,10,304.515
2025-12-26,9:45:39.304362210,T,IBM,F I,6,304.71
2025-12-26,9:45:41.143751189,T,IBM,F I,10,304.76
2025-12-26,9:45:41.143751189,T,IBM,F I,26,304.76
2025-12-26,9:46:34.594908658,T,IBM,,60,304.89
2025-12-26,9:46:36.308622312,T,IBM,I,20,304.9
2025-12-26,9:46:41.110835599,T,IBM,F I,6,304.91
2025-12-26,9:46:41.110844596,T,IBM,F I,10,304.93
2025-12-26,9:46:52.122922051,T,IBM,F I,4,305.09
2025-12-26,9:46:54.448896300,T,IBM,I,3,305.25
2025-12-26,9:46:54.448899215,T,IBM,,47,305.25
2025-12-26,9:46:54.449747272,T,IBM,I,1,305.3
2025-12-26,9:46:55.455987684,T,IBM,F I,2,305.31
2025-12-26,9:46:55.456020825,T,IBM,F I,9,305.33
2025-12-26,9:47:32.174092614,T,IBM,,40,305.55
2025-12-26,9:47:44.131139595,T,IBM,F I,25,305.48
2025-12-26,9:47:44.132565067,T,IBM,I,4,305.4
2025-12-26,9:47:44.132586161,T,IBM,I,4,305.4
2025-12-26,9:47:44.132589065,T,IBM,I,4,305.4
2025-12-26,9:47:44.132844673,T,IBM,I,18,305.4
2025-12-26,9:47:52.371203077,T,IBM,,40,305.28
2025-12-26,9:47:52.384365378,T,IBM,F I,3,305.4
2025-12-26,9:47:52.384570145,T,IBM,I,20,305.4
2025-12-26,9:47:52.384570145,T,IBM,I,8,305.4
2025-12-26,9:47:52.384690109,T,IBM,F I,3,305.41
2025-12-26,9:48:02.303421826,T,IBM,I,1,305.5
2025-12-26,9:48:06.010719449,T,IBM,F I,2,305.53
2025-12-26,9:48:19.409110056,T,IBM,F I,20,305.59
2025-12-26,9:48:19.409112855,T,IBM,F I,32,305.59
2025-12-26,9:48:19.409115804,T,IBM,F I,30,305.6
2025-12-26,9:48:19.409127831,T,IBM,I,1,305.6
2025-12-26,9:48:19.409136882,T,IBM,F I,5,305.6
2025-12-26,9:48:19.409145922,T,IBM,F I,4,305.6
2025-12-26,9:48:19.409145922,T,IBM,F I,15,305.6
2025-12-26,9:48:22.077061179,T,IBM,F I,2,305.6
2025-12-26,9:48:53.160595564,T,IBM,I,2,305.64
2025-12-26,9:48:53.160595564,T,IBM,I,30,305.6
2025-12-26,9:48:53.160598140,T,IBM,I,18,305.57
2025-12-26,9:48:53.478434816,T,IBM,I,30,305.53
2025-12-26,9:48:53.478439826,T,IBM,,70,305.51
2025-12-26,9:49:02.494864426,T,IBM,F I,25,305.64
2025-12-26,9:49:07.139526669,T,IBM,,100,305.625
2025-12-26,9:49:27.654466786,T,IBM,,40,305.52
2025-12-26,9:49:29.141110174,T,IBM,F,40,305.48
2025-12-26,9:49:29.141113000,T,IBM,F,240,305.48
2025-12-26,9:49:29.141116070,T,IBM,F,100,305.48
2025-12-26,9:49:29.141116070,T,IBM,F,100,305.48
2025-12-26,9:49:29.141119746,T,IBM,F,40,305.48
2025-12-26,9:49:29.141119746,T,IBM,F I,25,305.48
2025-12-26,9:49:29.141122175,T,IBM,F I,15,305.48
2025-12-26,9:49:37.351817440,T,IBM,F I,20,305.55
2025-12-26,9:49:37.351817440,T,IBM,F I,20,305.55
2025-12-26,9:49:37.351835781,T,IBM,F I,10,305.55
2025-12-26,9:49:37.351838529,T,IBM,F I,5,305.55
2025-12-26,9:49:37.352007227,T,IBM,F I,10,305.55
2025-12-26,9:49:37.352040038,T,IBM,,40,305.56
2025-12-26,9:49:37.352040038,T,IBM,I,12,305.56
2025-12-26,9:49:37.352043341,T,IBM,I,2,305.56
2025-12-26,9:49:37.352043341,T,IBM,I,1,305.56
2025-12-26,9:49:54.822442479,T,IBM,F I,25,305.52
2025-12-26,9:49:54.822445251,T,IBM,F I,15,305.52
2025-12-26,9:49:54.822448178,T,IBM,F,40,305.5
2025-12-26,9:49:54.822463902,T,IBM,I,1,305.5
2025-12-26,9:49:54.822466437,T,IBM,F,119,305.5
2025-12-26,9:49:54.822469334,T,IBM,F I,1,305.5
2025-12-26,9:49:54.822469334,T,IBM,I,39,305.5
2025-12-26,9:50:07.883874384,T,IBM,F I,25,305.355
2025-12-26,9:50:22.841061710,T,IBM,F,40,305.23
2025-12-26,9:50:22.842727779,T,IBM,,40,305.24
2025-12-26,9:50:36.511178857,T,IBM,,55,305.01
2025-12-26,9:50:39.691853876,T,IBM,F I,15,305.0
2025-12-26,9:50:39.691856883,T,IBM,F,40,305.0
2025-12-26,9:50:39.691866156,T,IBM,I,1,305.0
2025-12-26,9:50:39.691866156,T,IBM,I,29,305.0
2025-12-26,9:50:39.692410202,T,IBM,F I,10,305.0
2025-12-26,9:50:39.692590569,T,IBM,F I,25,304.96
2025-12-26,9:50:39.692632716,T,IBM,F I,25,304.96
2025-12-26,9:50:39.692792042,T,IBM,F I,25,304.96
2025-12-26,9:50:39.702499147,T,IBM,I,2,304.96
2025-12-26,9:50:39.750403266,T,IBM,I,2,304.96
2025-12-26,9:50:45.343643573,T,IBM,,81,304.86
2025-12-26,9:51:01.442721336,T,IBM,F I,1,304.96
2025-12-26,9:51:01.442743128,T,IBM,F I,8,304.96
2025-12-26,9:51:01.442743128,T,IBM,F,60,304.96
2025-12-26,9:51:01.442748542,T,IBM,F I,28,304.96
2025-12-26,9:51:01.442748542,T,IBM,F I,4,304.96
2025-12-26,9:51:01.442748542,T,IBM,F I,20,304.96
2025-12-26,9:51:01.442841617,T,IBM,,100,304.96
2025-12-26,9:51:01.443485109,T,IBM,I,30,304.97
2025-12-26,9:51:01.443488192,T,IBM,I,1,304.96
2025-12-26,9:51:01.443506602,T,IBM,I,1,304.96
2025-12-26,9:51:01.443509900,T,IBM,F I,28,304.96
2025-12-26,9:51:01.443545272,T,IBM,F I,3,304.93
2025-12-26,9:51:01.443551479,T,IBM,F I,25,304.96
2025-12-26,9:51:01.443575327,T,IBM,F I,7,304.96
2025-12-26,9:51:01.443773784,T,IBM,F I,7,304.94
2025-12-26,9:51:01.443954285,T,IBM,F I,3,304.94
2025-12-26,9:51:01.444146774,T,IBM,I,30,304.94
2025-12-26,9:51:10.973730971,T,IBM,F,60,305.08
2025-12-26,9:51:10.973748871,T,IBM,I,1,305.08
2025-12-26,9:51:10.973748871,T,IBM,I,19,305.08
2025-12-26,9:51:10.975628286,T,IBM,F,60,305.09
2025-12-26,9:51:13.189580073,T,IBM,I,20,305.13
2025-12-26,9:51:13.189603944,T,IBM,F,60,305.14
2025-12-26,9:51:13.189628778,T,IBM,F I,10,305.14
2025-12-26,9:51:13.189628778,T,IBM,I,29,305.14
2025-12-26,9:51:13.189631773,T,IBM,I,1,305.14
2025-12-26,9:51:13.190070084,T,IBM,I,30,305.14
2025-12-26,9:51:13.190211472,T,IBM,,40,305.1
2025-12-26,9:51:28.651741088,T,IBM,,48,305.0
2025-12-26,9:51:28.651747403,T,IBM,I,32,305.0
2025-12-26,9:51:28.651750512,T,IBM,I,14,305.0
2025-12-26,9:51:28.651750512,T,IBM,I,34,305.0
2025-12-26,9:51:28.651759231,T,IBM,I,1,305.0
2025-12-26,9:51:28.651762249,T,IBM,F I,5,305.0
2025-12-26,9:52:01.398296997,T,IBM,,40,304.74
2025-12-26,9:52:01.398296997,T,IBM,,40,304.74
2025-12-26,9:52:01.398300115,T,IBM,,56,304.74
2025-12-26,9:52:01.398300115,T,IBM,I,1,304.74
2025-12-26,9:52:01.398314939,T,IBM,I,10,304.74
2025-12-26,9:52:01.398916442,T,IBM,F I,1,304.61
2025-12-26,9:52:01.406058374,T,IBM,F I,25,304.715
2025-12-26,9:52:13.660281817,T,IBM,I,1,304.71
2025-12-26,9:53:01.210542179,T,IBM,,60,304.715
2025-12-26,9:53:08.690534098,T,IBM,F I,14,304.74
2025-12-26,9:53:08.690573226,T,IBM,F I,14,304.74
2025-12-26,9:53:08.690594331,T,IBM,F I,14,304.74
2025-12-26,9:53:08.690609311,T,IBM,F I,14,304.74
2025-12-26,9:53:08.690609311,T,IBM,F I,14,304.74
2025-12-26,9:53:09.057735325,T,IBM,I,30,304.76
2025-12-26,9:53:43.431693219,T,IBM,F I,5,304.76
2025-12-26,9:53:43.431711093,T,IBM,I,18,304.82
2025-12-26,9:53:43.431711093,T,IBM,I,2,304.87
2025-12-26,9:53:43.431714221,T,IBM,I,34,304.87
2025-12-26,9:53:43.431714221,T,IBM,I,3,304.88
2025-12-26,9:53:43.431720294,T,IBM,,40,304.88
2025-12-26,9:53:43.431720294,T,IBM,I,9,304.88
2025-12-26,9:53:43.431733026,T,IBM,I,1,304.82
2025-12-26,9:53:43.432008966,T,IBM,F I,1,304.76
2025-12-26,9:53:43.432011848,T,IBM,F I,4,304.76
2025-12-26,9:53:43.433662803,T,IBM,F I,2,304.92
2025-12-26,9:53:43.433666180,T,IBM,F I,1,304.92
2025-12-26,9:53:43.447883591,T,IBM,,40,304.92
2025-12-26,9:53:43.447886663,T,IBM,,40,304.92
2025-12-26,9:54:07.161980370,T,IBM,F I,1,305.0
2025-12-26,9:54:07.162110029,T,IBM,I,2,305.0
2025-12-26,9:54:07.162110029,T,IBM,,98,305.0
2025-12-26,9:54:07.162125399,T,IBM,,100,305.0
2025-12-26,9:54:07.162131452,T,IBM,I,1,305.0
2025-12-26,9:54:07.162133709,T,IBM,F,301,305.0
2025-12-26,9:54:07.162401393,T,IBM,F I,7,304.96
2025-12-26,9:54:07.177355981,T,IBM,F I,17,304.96
2025-12-26,9:54:23.621688486,T,IBM,F,40,304.95
2025-12-26,9:54:48.714627963,T,IBM,F I,1,304.85
2025-12-26,9:54:48.714627963,T,IBM,F I,1,304.85
2025-12-26,9:54:53.140786803,T,IBM,F I,1,304.86
2025-12-26,9:54:53.211424968,T,IBM,F I,1,304.83
2025-12-26,9:55:36.999260627,T,IBM,,80,304.845
2025-12-26,9:56:02.014771727,T,IBM,I,3,304.74
2025-12-26,9:56:02.015364511,T,IBM,F I,19,304.73
2025-12-26,9:56:02.016527862,T,IBM,I,33,304.75
2025-12-26,9:56:02.019408720,T,IBM,,120,304.78
2025-12-26,9:56:02.314092275,T,IBM,F I,10,304.83
2025-12-26,9:56:02.314095216,T,IBM,F I,29,304.83
2025-12-26,9:56:02.314173432,T,IBM,,40,304.83
2025-12-26,9:56:02.314236724,T,IBM,,40,304.83
2025-12-26,9:56:02.314245589,T,IBM,,40,304.83
2025-12-26,9:56:05.128131299,T,IBM,F I,1,304.87
2025-12-26,9:56:05.128134379,T,IBM,F I,10,304.87
2025-12-26,9:56:09.769599880,T,IBM,,100,304.84
2025-12-26,9:56:15.884092025,T,IBM,I,26,304.74
2025-12-26,9:56:15.884092025,T,IBM,I,18,304.74
2025-12-26,9:56:15.884834917,T,IBM,F,101,304.73
2025-12-26,9:56:15.884859006,T,IBM,I,1,304.73
2025-12-26,9:56:15.884862077,T,IBM,I,29,304.73
2025-12-26,9:56:15.884862077,T,IBM,F I,10,304.73
2025-12-26,9:56:15.887460078,T,IBM,,150,304.75
2025-12-26,9:56:15.887532256,T,IBM,,40,304.76
2025-12-26,9:56:39.639892020,T,IBM,F I,20,304.755
2025-12-26,9:56:41.932580019,T,IBM,,52,304.755
2025-12-26,9:56:50.198086905,T,IBM,F,52,304.7
2025-12-26,9:56:50.198318492,T,IBM,F I,35,304.68
2025-12-26,9:56:50.198321624,T,IBM,F I,5,304.68
2025-12-26,9:56:50.198321624,T,IBM,F I,12,304.68
2025-12-26,9:56:50.198550572,T,IBM,F,40,304.67
2025-12-26,9:56:50.198553052,T,IBM,F I,12,304.67
2025-12-26,9:57:25.968749699,T,IBM,,40,304.57
2025-12-26,9:57:25.977807461,T,IBM,F I,25,304.495
2025-12-26,9:57:25.977855387,T,IBM,F I,25,304.495
2025-12-26,9:57:25.977888516,T,IBM,I,25,304.495
2025-12-26,9:57:29.737053675,T,IBM,I,39,304.43
2025-12-26,9:57:53.303084053,T,IBM,F,40,304.43
2025-12-26,9:57:53.303117039,T,IBM,,40,304.43
2025-12-26,9:57:53.303411798,T,IBM,,40,304.42
2025-12-26,9:57:54.153240933,T,IBM,I,2,304.42
2025-12-26,9:57:57.127182658,T,IBM,F I,2,304.42
2025-12-26,9:57:59.110425178,T,IBM,F I,2,304.48
2025-12-26,9:58:24.657198613,T,IBM,F I,5,304.57
2025-12-26,9:58:24.657201600,T,IBM,F I,35,304.57
2025-12-26,9:58:24.684921536,T,IBM,I,10,304.6
2025-12-26,9:58:26.673739195,T,IBM,F I,1,304.68
2025-12-26,9:58:26.673760299,T,IBM,F I,20,304.69
2025-12-26,9:58:26.673775343,T,IBM,F I,2,304.7
2025-12-26,9:58:27.083058579,T,IBM,F I,5,304.77
2025-12-26,9:58:27.085774125,T,IBM,I,14,304.85
2025-12-26,9:58:27.086258277,T,IBM,F,40,304.85
2025-12-26,9:58:27.092774890,T,IBM,F I,25,304.83
2025-12-26,9:58:27.092810850,T,IBM,F I,25,304.83
2025-12-26,9:58:27.092846937,T,IBM,F I,25,304.83
2025-12-26,9:58:27.092880008,T,IBM,F I,25,304.83
2025-12-26,9:58:29.081354732,T,IBM,I,1,304.82
2025-12-26,9:58:35.901988165,T,IBM,I,25,304.81
2025-12-26,9:58:47.070684238,T,IBM,F,40,304.88
2025-12-26,9:58:47.070687933,T,IBM,F I,8,304.89
2025-12-26,9:58:47.070687933,T,IBM,F,100,304.91
2025-12-26,9:58:47.070690348,T,IBM,F I,4,304.91
2025-12-26,9:59:15.697501516,T,IBM,F,40,304.71
2025-12-26,9:59:15.697504461,T,IBM,F I,1,304.71
2025-12-26,9:59:15.708844525,T,IBM,I,1,304.65
2025-12-26,9:59:22.707696954,T,IBM,F I,25,304.55
2025-12-26,9:59:32.736571922,T,IBM,F,61,304.505
2025-12-26,9:59:54.956574017,T,IBM,F I,33,304.61
2025-12-26,9:59:54.957302122,T,IBM,F I,13,304.66
2025-12-26,9:59:54.957882058,T,IBM,F I,25,304.67
2025-12-26,9:59:55.636642885,T,IBM,F I,25,304.68
2025-12-26,9:59:55.636688069,T,IBM,F I,25,304.68
2025-12-26,10:00:06.381374929,T,IBM,I,5,304.8
2025-12-26,10:00:20.587211448,T,IBM,F I,34,304.61
2025-12-26,10:00:20.587214628,T,IBM,F,40,304.61
2025-12-26,10:00:20.587214628,T,IBM,F,199,304.6
2025-12-26,10:00:20.587229476,T,IBM,F,74,304.6
2025-12-26,10:00:38.621861886,T,IBM,I,32,304.54
2025-12-26,10:00:38.644448709,T,IBM,I,1,304.56
2025-12-26,10:00:38.644767502,T,IBM,I,1,304.56
2025-12-26,10:00:38.645053188,T,IBM,I,1,304.56
2025-12-26,10:00:48.148472112,T,IBM,F I,1,304.56
2025-12-26,10:01:10.962622555,T,IBM,F I,25,304.68
2025-12-26,10:01:10.969794578,T,IBM,,50,304.71
2025-12-26,10:01:11.045818598,T,IBM,I,31,304.62
2025-12-26,10:01:25.067081699,T,IBM,F I,1,304.56
2025-12-26,10:01:25.067105837,T,IBM,F I,1,304.56
2025-12-26,10:01:25.067108986,T,IBM,F I,24,304.56
2025-12-26,10:01:25.067142010,T,IBM,F I,1,304.52
2025-12-26,10:01:25.087777062,T,IBM,F I,1,304.42
2025-12-26,10:01:30.910986913,T,IBM,F I,4,304.38
2025-12-26,10:01:37.841934663,T,IBM,F I,10,304.35
2025-12-26,10:01:51.647337938,T,IBM,F I,25,304.305
2025-12-26,10:03:02.622004253,T,IBM,I,30,304.03
2025-12-26,10:03:11.568184548,T,IBM,F I,1,304.2
2025-12-26,10:03:11.568187814,T,IBM,F I,20,304.21
2025-12-26,10:03:11.568187814,T,IBM,F I,11,304.22
2025-12-26,10:03:11.568193457,T,IBM,F,78,304.22
2025-12-26,10:03:11.568193457,T,IBM,F I,24,304.22
2025-12-26,10:03:11.568196551,T,IBM,F I,2,304.22
2025-12-26,10:03:11.568419036,T,IBM,F,40,304.22
2025-12-26,10:03:55.128384493,T,IBM,F,40,304.15
2025-12-26,10:04:20.181930862,T,IBM,F I,20,304.22
2025-12-26,10:04:20.181930862,T,IBM,F I,22,304.23
2025-12-26,10:04:20.181933761,T,IBM,F I,20,304.23
2025-12-26,10:04:20.181936250,T,IBM,F I,33,304.23
2025-12-26,10:04:20.181942263,T,IBM,F I,8,304.23
2025-12-26,10:04:20.181951235,T,IBM,I,1,304.23
2025-12-26,10:04:20.181951235,T,IBM,I,1,304.23
2025-12-26,10:04:20.181957402,T,IBM,I,9,304.23
2025-12-26,10:04:20.181960344,T,IBM,I,1,304.23
2025-12-26,10:04:20.193099288,T,IBM,F I,20,304.19
2025-12-26,10:04:20.193243086,T,IBM,F I,1,304.21
2025-12-26,10:04:20.193351387,T,IBM,F I,2,304.21
2025-12-26,10:04:33.793639417,T,IBM,F I,17,304.31
2025-12-26,10:04:33.793642417,T,IBM,F I,10,304.31
2025-12-26,10:04:41.749291842,T,IBM,F I,25,304.28
2025-12-26,10:04:41.749336849,T,IBM,F I,25,304.28
2025-12-26,10:04:41.749348937,T,IBM,,50,304.28
2025-12-26,10:05:12.687101620,T,IBM,I,10,304.3
2025-12-26,10:05:12.687105150,T,IBM,I,2,304.3
2025-12-26,10:05:12.687123317,T,IBM,F I,25,304.3
2025-12-26,10:05:12.687125686,T,IBM,F I,1,304.3
2025-12-26,10:05:12.687492534,T,IBM,F I,2,304.31
2025-12-26,10:06:38.389078652,T,IBM,F I,1,304.33
2025-12-26,10:06:38.389274084,T,IBM,F I,7,304.34
2025-12-26,10:06:41.821218131,T,IBM,,100,304.39
2025-12-26,10:06:41.821335438,T,IBM,F I,5,304.4
2025-12-26,10:06:41.821405059,T,IBM,I,2,304.41
2025-12-26,10:06:41.821419659,T,IBM,F I,2,304.395
2025-12-26,10:07:52.474385993,T,IBM,F,66,304.19
2025-12-26,10:07:52.487767193,T,IBM,,100,304.16
2025-12-26,10:08:16.358139822,T,IBM,I,21,304.1
2025-12-26,10:08:16.449641650,T,IBM,F I,21,304.09
2025-12-26,10:08:16.449641650,T,IBM,F I,19,304.09
2025-12-26,10:08:16.449659766,T,IBM,I,1,304.09
2025-12-26,10:08:16.450110808,T,IBM,F I,20,304.09
2025-12-26,10:08:16.450480696,T,IBM,I,1,304.08
2025-12-26,10:08:26.886076570,T,IBM,F I,1,304.01
2025-12-26,10:08:35.148912917,T,IBM,F I,2,304.1
2025-12-26,10:08:35.148916023,T,IBM,F I,8,304.11
2025-12-26,10:08:35.148919829,T,IBM,F I,6,304.11
2025-12-26,10:08:35.148919829,T,IBM,F I,27,304.11
2025-12-26,10:08:35.148924976,T,IBM,F I,2,304.11
2025-12-26,10:08:35.148924976,T,IBM,F I,30,304.11
2025-12-26,10:08:48.274295319,T,IBM,F I,35,304.01
2025-12-26,10:08:48.274298261,T,IBM,F I,1,304.01
2025-12-26,10:08:48.274301256,T,IBM,F,100,304.0
2025-12-26,10:08:51.660124376,T,IBM,F I,1,303.9
2025-12-26,10:08:57.850905100,T,IBM,F I,11,303.915
2025-12-26,10:09:13.353199674,T,IBM,F I,1,303.98
2025-12-26,10:09:37.248023811,T,IBM,F I,4,304.02
2025-12-26,10:09:37.248039165,T,IBM,I,20,304.02
2025-12-26,10:09:37.248042498,T,IBM,I,16,304.02
2025-12-26,10:09:37.248044937,T,IBM,F I,24,304.02
2025-12-26,10:09:37.248047915,T,IBM,F I,12,304.03
2025-12-26,10:09:37.248065949,T,IBM,F I,6,304.03
2025-12-26,10:09:37.248069006,T,IBM,F I,18,304.03
2025-12-26,10:09:37.248520035,T,IBM,F I,4,304.04
2025-12-26,10:09:37.265104529,T,IBM,F I,25,304.07
2025-12-26,10:09:37.265140529,T,IBM,F I,25,304.07
2025-12-26,10:09:42.486704923,T,IBM,,40,304.035
2025-12-26,10:10:24.668341220,T,IBM,F,71,303.93
2025-12-26,10:11:09.217336015,T,IBM,I,2,303.88
2025-12-26,10:11:09.220577809,T,IBM,I,1,303.84
2025-12-26,10:11:09.933060856,T,IBM,I,2,303.885
2025-12-26,10:11:24.877638910,T,IBM,F I,3,303.89
2025-12-26,10:11:48.815077412,T,IBM,F I,8,303.84
2025-12-26,10:11:48.815119581,T,IBM,F I,20,303.83
2025-12-26,10:11:48.815396152,T,IBM,F,64,303.81
2025-12-26,10:11:48.815411249,T,IBM,F,56,303.81
2025-12-26,10:11:48.815931517,T,IBM,F,80,303.78
2025-12-26,10:11:48.815952551,T,IBM,I,28,303.78
2025-12-26,10:11:48.815964548,T,IBM,F,40,303.78
2025-12-26,10:11:48.816003695,T,IBM,I,12,303.78
2025-12-26,10:11:48.816006671,T,IBM,,60,303.78
2025-12-26,10:11:48.816493839,T,IBM,I,2,303.78
2025-12-26,10:11:48.816517857,T,IBM,I,2,303.78
2025-12-26,10:11:48.816529939,T,IBM,I,2,303.78
2025-12-26,10:11:49.926799948,T,IBM,I,4,303.8
2025-12-26,10:11:56.141376281,T,IBM,I,4,303.78
2025-12-26,10:11:56.141376281,T,IBM,I,8,303.78
2025-12-26,10:11:57.343746826,T,IBM,I,2,303.76
2025-12-26,10:12:06.952025004,T,IBM,F I,25,303.78
2025-12-26,10:12:10.105987405,T,IBM,F I,15,303.8
2025-12-26,10:12:10.105987405,T,IBM,F I,10,303.8
2025-12-26,10:12:10.106005439,T,IBM,I,1,303.8
2025-12-26,10:12:10.106570724,T,IBM,F I,5,303.77
2025-12-26,10:12:10.106570724,T,IBM,I,5,303.77
2025-12-26,10:12:10.106787274,T,IBM,F I,2,303.77
2025-12-26,10:12:10.107196184,T,IBM,I,4,303.75
2025-12-26,10:12:10.107250331,T,IBM,I,16,303.74
2025-12-26,10:12:10.107268398,T,IBM,I,34,303.74
2025-12-26,10:12:10.117787381,T,IBM,,40,303.74
2025-12-26,10:12:10.117805445,T,IBM,F I,34,303.74
2025-12-26,10:12:10.249798675,T,IBM,F I,10,303.78
2025-12-26,10:12:10.249801695,T,IBM,F I,11,303.78
2025-12-26,10:12:15.412642454,T,IBM,F I,3,303.88
2025-12-26,10:12:15.412645374,T,IBM,F I,14,303.89
2025-12-26,10:12:38.985137956,T,IBM,I,30,303.83
2025-12-26,10:12:38.985146984,T,IBM,I,30,303.83
2025-12-26,10:12:38.985146984,T,IBM,I,30,303.83
2025-12-26,10:12:38.985543926,T,IBM,I,10,303.83
2025-12-26,10:13:05.868810321,T,IBM,F I,1,303.75
2025-12-26,10:13:05.868810321,T,IBM,F I,2,303.75
2025-12-26,10:13:05.868816096,T,IBM,F I,9,303.7
2025-12-26,10:13:11.078607400,T,IBM,,40,303.81
2025-12-26,10:13:13.968637409,T,IBM,F I,25,303.82
2025-12-26,10:13:13.968685606,T,IBM,F I,14,303.82
2025-12-26,10:13:26.527958457,T,IBM,F I,20,303.92
2025-12-26,10:13:26.527958457,T,IBM,F I,38,303.93
2025-12-26,10:13:26.527961521,T,IBM,F I,29,303.93
2025-12-26,10:13:26.527961521,T,IBM,F I,7,303.93
2025-12-26,10:13:26.527976410,T,IBM,I,1,303.93
2025-12-26,10:13:26.527979339,T,IBM,F I,2,303.93
2025-12-26,10:13:26.527982894,T,IBM,F I,1,303.93
2025-12-26,10:13:26.527982894,T,IBM,F I,1,303.93
2025-12-26,10:13:26.527988481,T,IBM,I,19,303.93
2025-12-26,10:13:26.527988481,T,IBM,I,10,303.93
2025-12-26,10:13:26.527988481,T,IBM,F I,4,303.93
2025-12-26,10:14:42.505344804,T,IBM,I,12,303.86
2025-12-26,10:14:42.505347868,T,IBM,I,3,303.86
2025-12-26,10:14:44.537567676,T,IBM,F I,27,303.93
2025-12-26,10:14:44.537570745,T,IBM,F I,10,303.93
2025-12-26,10:14:45.126447688,T,IBM,F I,2,303.99
2025-12-26,10:14:45.126447688,T,IBM,F I,15,303.99
2025-12-26,10:15:03.674347713,T,IBM,I,14,303.95
2025-12-26,10:15:03.674350670,T,IBM,I,20,303.95
2025-12-26,10:15:03.674407849,T,IBM,I,1,303.95
2025-12-26,10:15:03.845581334,T,IBM,I,29,303.95
2025-12-26,10:15:11.033169150,T,IBM,,100,303.955
2025-12-26,10:15:14.199798334,T,IBM,,80,303.92
2025-12-26,10:15:14.199801318,T,IBM,,70,303.92
2025-12-26,10:15:14.201659144,T,IBM,,40,303.86
2025-12-26,10:15:14.201704266,T,IBM,F I,27,303.86
2025-12-26,10:15:15.386918798,T,IBM,F I,6,303.87
2025-12-26,10:15:36.824091180,T,IBM,I,30,303.82
2025-12-26,10:15:36.824094385,T,IBM,,40,303.82
2025-12-26,10:15:36.824112290,T,IBM,I,4,303.83
2025-12-26,10:15:36.824130735,T,IBM,F I,36,303.83
2025-12-26,10:15:36.824134261,T,IBM,F I,34,303.83
2025-12-26,10:15:36.824134261,T,IBM,F I,21,303.83
2025-12-26,10:15:38.438926549,T,IBM,F I,6,303.8
2025-12-26,10:15:38.438926549,T,IBM,F I,17,303.8
2025-12-26,10:15:38.439473786,T,IBM,,60,303.77
2025-12-26,10:15:38.439747412,T,IBM,F I,1,303.75
2025-12-26,10:15:42.684244244,T,IBM,I,1,303.69
2025-12-26,10:15:42.684247034,T,IBM,I,2,303.69
2025-12-26,10:15:54.091741610,T,IBM,I,5,303.735
2025-12-26,10:15:54.094207489,T,IBM,,40,303.735
2025-12-26,10:16:15.155987433,T,IBM,F I,22,303.81
2025-12-26,10:16:15.155987433,T,IBM,F I,22,303.81
2025-12-26,10:16:15.155990586,T,IBM,F,40,303.81
2025-12-26,10:16:15.155993282,T,IBM,F I,23,303.81
2025-12-26,10:16:15.156005409,T,IBM,I,1,303.81
2025-12-26,10:16:15.156017321,T,IBM,F I,16,303.81
2025-12-26,10:17:07.646056607,T,IBM,I,2,303.86
2025-12-26,10:17:07.646273123,T,IBM,F I,34,303.94
2025-12-26,10:18:21.681451257,T,IBM,F,40,303.86
2025-12-26,10:18:25.153983130,T,IBM,F I,30,303.87
2025-12-26,10:18:25.153986701,T,IBM,F I,13,303.91
2025-12-26,10:18:25.153990341,T,IBM,I,1,303.91
2025-12-26,10:18:25.153990341,T,IBM,I,29,303.91
2025-12-26,10:18:25.153995207,T,IBM,I,1,303.91
2025-12-26,10:18:25.154010207,T,IBM,I,1,303.89
2025-12-26,10:18:25.154025273,T,IBM,I,22,303.89
2025-12-26,10:19:27.563319598,T,IBM,,100,303.845
2025-12-26,10:21:14.674869858,T,IBM,F I,1,303.95
2025-12-26,10:21:14.674873522,T,IBM,F I,10,303.96
2025-12-26,10:21:14.674873522,T,IBM,F I,29,303.96
2025-12-26,10:21:14.681963785,T,IBM,F I,20,304.0
2025-12-26,10:21:15.004929748,T,IBM,I,11,303.99
2025-12-26,10:21:15.004929748,T,IBM,I,5,303.99
2025-12-26,10:21:15.004965737,T,IBM,F I,2,303.98
2025-12-26,10:21:17.003045925,T,IBM,I,9,303.95
2025-12-26,10:21:17.003048332,T,IBM,I,7,303.95
2025-12-26,10:21:17.265191504,T,IBM,I,10,303.95
2025-12-26,10:21:17.265191504,T,IBM,I,6,303.95
2025-12-26,10:21:38.406603962,T,IBM,F I,2,304.04
2025-12-26,10:21:43.853161173,T,IBM,F I,29,304.1
2025-12-26,10:21:43.853164146,T,IBM,F I,26,304.1
2025-12-26,10:21:43.853182267,T,IBM,I,1,304.1
2025-12-26,10:21:43.853182267,T,IBM,I,29,304.1
2025-12-26,10:21:43.853600178,T,IBM,F I,1,304.12
2025-12-26,10:22:06.964425030,T,IBM,I,30,304.07
2025-12-26,10:22:06.964425030,T,IBM,I,10,304.04
2025-12-26,10:22:06.965381337,T,IBM,F,40,304.02
2025-12-26,10:22:06.965612864,T,IBM,,40,304.02
2025-12-26,10:22:06.966021815,T,IBM,I,5,303.98
2025-12-26,10:22:06.966075987,T,IBM,I,5,304.02
2025-12-26,10:22:06.966097057,T,IBM,I,1,304.02
2025-12-26,10:22:06.966124111,T,IBM,F I,7,304.02
2025-12-26,10:22:07.244547987,T,IBM,F I,9,304.0
2025-12-26,10:22:07.244562964,T,IBM,F I,1,304.0
2025-12-26,10:22:30.680525025,T,IBM,,40,303.98
2025-12-26,10:22:30.680687462,T,IBM,F,40,303.98
2025-12-26,10:22:30.680714499,T,IBM,F,40,303.97
2025-12-26,10:22:30.680813721,T,IBM,F I,38,303.96
2025-12-26,10:22:30.680994138,T,IBM,,68,303.97
2025-12-26,10:22:30.680997170,T,IBM,F I,2,303.97
2025-12-26,10:22:30.681460235,T,IBM,,42,303.96
2025-12-26,10:22:31.148225382,T,IBM,F I,38,303.95
2025-12-26,10:22:32.259220268,T,IBM,I,38,303.94
2025-12-26,10:22:32.259238474,T,IBM,I,1,303.94
2025-12-26,10:22:32.259238474,T,IBM,I,29,303.94
2025-12-26,10:22:32.469156065,T,IBM,I,2,303.94
2025-12-26,10:22:32.619529041,T,IBM,F I,8,303.94
2025-12-26,10:22:32.619544019,T,IBM,F I,35,303.92
2025-12-26,10:22:41.536903908,T,IBM,I,9,303.97
2025-12-26,10:22:42.796741123,T,IBM,,40,303.98
2025-12-26,10:22:46.260320503,T,IBM,,40,303.98
2025-12-26,10:22:46.268088089,T,IBM,,40,303.98
2025-12-26,10:23:28.384644180,T,IBM,,40,303.98
2025-12-26,10:23:43.278094799,T,IBM,F I,10,304.06
2025-12-26,10:24:15.305073320,T,IBM,,40,304.08
2025-12-26,10:24:41.420245256,T,IBM,F I,6,304.105
2025-12-26,10:24:53.535363488,T,IBM,F I,1,304.1
2025-12-26,10:24:53.535366479,T,IBM,F I,2,304.1
2025-12-26,10:25:00.417339744,T,IBM,F,80,304.06
2025-12-26,10:25:26.041902360,T,IBM,I,1,304.115
2025-12-26,10:25:28.589266628,T,IBM,I,30,304.04
2025-12-26,10:25:28.589362814,T,IBM,F I,25,304.04
2025-12-26,10:25:28.896032853,T,IBM,I,25,304.04
2025-12-26,10:25:44.715856387,T,IBM,F,40,303.97
2025-12-26,10:25:44.715859500,T,IBM,F,70,303.97
2025-12-26,10:25:44.715928615,T,IBM,F I,3,303.97
2025-12-26,10:25:46.266891879,T,IBM,,40,303.98
2025-12-26,10:25:49.112256528,T,IBM,,40,303.985
2025-12-26,10:25:51.391225746,T,IBM,I,11,304.06
2025-12-26,10:25:51.392440627,T,IBM,,40,303.995
2025-12-26,10:25:51.406014945,T,IBM,I,39,304.02
2025-12-26,10:25:51.406033031,T,IBM,I,1,304.02
2025-12-26,10:25:51.406069045,T,IBM,I,10,304.02
2025-12-26,10:25:51.406093125,T,IBM,F,59,304.02
2025-12-26,10:25:51.465358246,T,IBM,I,4,304.04
2025-12-26,10:25:51.466179184,T,IBM,I,2,304.02
2025-12-26,10:26:21.132288336,T,IBM,,40,304.02
2025-12-26,10:26:21.132291339,T,IBM,I,29,304.02
2025-12-26,10:26:21.394723038,T,IBM,F I,25,304.08
2025-12-26,10:26:21.395796655,T,IBM,I,3,304.09
2025-12-26,10:26:24.352594594,T,IBM,F,70,304.05
2025-12-26,10:26:44.698498686,T,IBM,F,40,303.97
2025-12-26,10:26:44.698501756,T,IBM,F,70,303.97
2025-12-26,10:26:44.699394813,T,IBM,F I,14,303.95
2025-12-26,10:26:47.560414734,T,IBM,F I,14,303.91
2025-12-26,10:26:47.560417802,T,IBM,F,40,303.91
2025-12-26,10:26:47.560504951,T,IBM,F I,19,303.91
2025-12-26,10:27:12.143501991,T,IBM,F I,1,303.85
2025-12-26,10:27:12.143507992,T,IBM,F I,1,303.84
2025-12-26,10:27:15.976844683,T,IBM,F I,19,303.9
2025-12-26,10:27:15.976847741,T,IBM,F I,8,303.9
2025-12-26,10:27:25.288737679,T,IBM,,69,303.86
2025-12-26,10:27:25.288749704,T,IBM,I,31,303.86
2025-12-26,10:27:25.288749704,T,IBM,I,38,303.85
2025-12-26,10:27:25.288770685,T,IBM,I,1,303.85
2025-12-26,10:27:25.505087704,T,IBM,I,1,303.95
2025-12-26,10:27:25.505102754,T,IBM,F I,3,303.96
2025-12-26,10:27:25.505126790,T,IBM,F I,3,303.96
2025-12-26,10:27:25.505129838,T,IBM,F I,4,303.96
2025-12-26,10:27:25.505132822,T,IBM,F I,10,303.96
2025-12-26,10:27:25.505135809,T,IBM,F,40,303.96
2025-12-26,10:27:25.505662112,T,IBM,F I,4,303.97
2025-12-26,10:27:25.505662112,T,IBM,F I,2,303.97
2025-12-26,10:27:25.505770271,T,IBM,F I,2,303.98
2025-12-26,10:27:35.199473163,T,IBM,I,9,304.01
2025-12-26,10:27:44.562451706,T,IBM,,40,304.015
2025-12-26,10:27:53.142976406,T,IBM,F I,6,304.0
2025-12-26,10:27:53.142976406,T,IBM,F I,4,304.0
2025-12-26,10:28:31.969892268,T,IBM,F I,1,304.05
2025-12-26,10:28:36.752715193,T,IBM,F I,2,304.13
2025-12-26,10:28:38.590158315,T,IBM,F I,13,304.13
2025-12-26,10:28:58.823185939,T,IBM,I,4,304.04
2025-12-26,10:29:24.829113718,T,IBM,F I,3,304.13
2025-12-26,10:29:24.829144086,T,IBM,,40,304.15
2025-12-26,10:29:24.829146843,T,IBM,I,32,304.15
2025-12-26,10:29:24.829146843,T,IBM,I,10,304.15
2025-12-26,10:30:33.895258285,T,IBM,I,2,304.12
2025-12-26,10:30:33.895258285,T,IBM,I,3,304.09
2025-12-26,10:30:43.415462929,T,IBM,,40,304.14
2025-12-26,10:31:05.192606678,T,IBM,,40,304.145
2025-12-26,10:31:05.211819407,T,IBM,,40,304.15
2025-12-26,10:31:19.756676786,T,IBM,I,29,304.25
2025-12-26,10:31:19.756679721,T,IBM,I,10,304.25
2025-12-26,10:31:19.756806018,T,IBM,F I,6,304.26
2025-12-26,10:31:19.780782113,T,IBM,F I,2,304.33
2025-12-26,10:31:19.780800187,T,IBM,I,2,304.33
2025-12-26,10:31:22.128386774,T,IBM,F I,1,304.22
2025-12-26,10:31:36.294023622,T,IBM,I,30,304.36
2025-12-26,10:32:24.409973363,T,IBM,I,3,304.285
2025-12-26,10:32:35.010084308,T,IBM,I,1,304.2
2025-12-26,10:32:41.609486846,T,IBM,,80,304.245
2025-12-26,10:32:41.787841444,T,IBM,I,20,304.245
2025-12-26,10:32:41.787841444,T,IBM,I,20,304.28
2025-12-26,10:32:42.349560684,T,IBM,F I,2,304.28
2025-12-26,10:32:42.349560684,T,IBM,F I,38,304.29
2025-12-26,10:32:42.349578671,T,IBM,F I,2,304.29
2025-12-26,10:32:42.349581890,T,IBM,F I,8,304.29
2025-12-26,10:32:42.349584732,T,IBM,I,1,304.29
2025-12-26,10:33:06.380431589,T,IBM,I,4,304.23
2025-12-26,10:33:39.179200417,T,IBM,F I,25,304.32
2025-12-26,10:33:57.719973732,T,IBM,F I,7,304.37
2025-12-26,10:33:57.719982757,T,IBM,F I,10,304.37
2025-12-26,10:33:57.719982757,T,IBM,F I,20,304.37
2025-12-26,10:33:57.725146136,T,IBM,I,18,304.43
2025-12-26,10:34:00.138376103,T,IBM,F I,30,304.39
2025-12-26,10:34:00.138376103,T,IBM,F I,1,304.39
2025-12-26,10:34:14.359570054,T,IBM,I,2,304.445
2025-12-26,10:34:38.182036042,T,IBM,I,2,304.39
2025-12-26,10:34:54.392865607,T,IBM,I,1,304.45
2025-12-26,10:35:14.218531705,T,IBM,F I,1,304.46
2025-12-26,10:35:27.626614003,T,IBM,I,6,304.46
2025-12-26,10:35:27.626677159,T,IBM,I,6,304.46
2025-12-26,10:35:46.816185048,T,IBM,,40,304.445
2025-12-26,10:36:12.883552315,T,IBM,F I,29,304.47
2025-12-26,10:36:12.883642581,T,IBM,I,10,304.5
2025-12-26,10:36:15.801889030,T,IBM,I,6,304.57
2025-12-26,10:36:15.801889030,T,IBM,I,9,304.57
2025-12-26,10:36:15.816407305,T,IBM,F I,1,304.58
2025-12-26,10:36:16.793640745,T,IBM,F I,2,304.59
2025-12-26,10:36:16.793640745,T,IBM,F I,31,304.59
2025-12-26,10:36:20.975985258,T,IBM,F I,1,304.57
2025-12-26,10:36:20.975991311,T,IBM,F I,7,304.57
2025-12-26,10:36:20.976030416,T,IBM,F I,4,304.55
2025-12-26,10:37:02.482030927,T,IBM,,40,304.575
2025-12-26,10:37:06.746395725,T,IBM,I,1,304.63
2025-12-26,10:37:54.011093880,T,IBM,I,13,304.56
2025-12-26,10:38:19.478108700,T,IBM,F I,15,304.52
2025-12-26,10:38:19.478475672,T,IBM,F I,15,304.5
2025-12-26,10:38:20.409645190,T,IBM,F I,10,304.53
2025-12-26,10:38:21.673942030,T,IBM,I,34,304.58
2025-12-26,10:38:30.373096153,T,IBM,I,11,304.62
2025-12-26,10:38:30.373469030,T,IBM,I,1,304.63
2025-12-26,10:38:30.373604311,T,IBM,F I,12,304.64
2025-12-26,10:39:38.229479781,T,IBM,F,80,304.56
2025-12-26,10:39:55.819641935,T,IBM,F I,29,304.41
2025-12-26,10:39:55.819641935,T,IBM,F I,1,304.41
2025-12-26,10:39:55.819644954,T,IBM,F I,10,304.41
2025-12-26,10:40:33.786830012,T,IBM,F I,1,304.33
2025-12-26,10:40:40.840394753,T,IBM,F I,13,304.35
2025-12-26,10:40:45.595615678,T,IBM,F I,10,304.4
2025-12-26,10:40:45.595618087,T,IBM,F I,5,304.4
2025-12-26,10:40:45.595621114,T,IBM,F I,19,304.41
2025-12-26,10:40:45.595633216,T,IBM,F I,21,304.41
2025-12-26,10:42:09.949404453,T,IBM,I,5,304.395
2025-12-26,10:42:51.942122471,T,IBM,F I,4,304.32
2025-12-26,10:42:51.942155512,T,IBM,F I,31,304.31
2025-12-26,10:42:51.981098261,T,IBM,I,2,304.32
2025-12-26,10:43:12.302001312,T,IBM,I,2,304.28
2025-12-26,10:43:38.424363515,T,IBM,F I,3,304.21
2025-12-26,10:43:38.424363515,T,IBM,I,3,304.21
2025-12-26,10:43:38.424369467,T,IBM,F,147,304.21
2025-12-26,10:43:43.657427248,T,IBM,I,6,304.15
2025-12-26,10:44:38.286410224,T,IBM,F,125,304.17
2025-12-26,10:45:43.650445571,T,IBM,I,1,304.21
2025-12-26,10:46:20.714981420,T,IBM,F,49,304.28
2025-12-26,10:46:20.714981420,T,IBM,F I,29,304.28
2025-12-26,10:46:20.714986533,T,IBM,F I,10,304.28
2025-12-26,10:46:20.714986533,T,IBM,F,50,304.28
2025-12-26,10:46:20.714989495,T,IBM,F I,1,304.28
2025-12-26,10:46:20.714992563,T,IBM,F I,28,304.28
2025-12-26,10:46:20.714998697,T,IBM,I,1,304.28
2025-12-26,10:46:20.715001635,T,IBM,F I,31,304.28
2025-12-26,10:47:09.319941734,T,IBM,,40,304.26
2025-12-26,10:47:24.884614014,T,IBM,F I,4,304.26
2025-12-26,10:47:40.236707537,T,IBM,F I,10,304.31
2025-12-26,10:47:40.319028527,T,IBM,I,13,304.36
2025-12-26,10:48:21.159436389,T,IBM,,40,304.34
2025-12-26,10:48:38.795400716,T,IBM,F I,2,304.31
2025-12-26,10:48:38.795578172,T,IBM,I,38,304.31
2025-12-26,10:48:38.796603613,T,IBM,F I,2,304.3
2025-12-26,10:48:48.479399653,T,IBM,I,30,304.23
2025-12-26,10:49:21.611103140,T,IBM,F I,4,304.21
2025-12-26,10:49:27.721782272,T,IBM,I,2,304.22
2025-12-26,10:50:16.775667170,T,IBM,F I,11,304.21
2025-12-26,10:50:27.805038716,T,IBM,F I,6,304.09
2025-12-26,10:50:27.805041771,T,IBM,F I,1,304.08
2025-12-26,10:50:27.806684279,T,IBM,F I,6,304.03
2025-12-26,10:50:35.307791729,T,IBM,F I,3,304.0
2025-12-26,10:50:41.649465812,T,IBM,F I,2,303.98
2025-12-26,10:50:41.650761880,T,IBM,F I,2,303.98
2025-12-26,10:50:42.691509557,T,IBM,F I,3,303.94
2025-12-26,10:50:50.236248664,T,IBM,F I,9,303.94
2025-12-26,10:50:50.236248664,T,IBM,F I,20,303.94
2025-12-26,10:51:05.563448655,T,IBM,,40,303.93
2025-12-26,10:51:05.563448655,T,IBM,I,5,303.93
2025-12-26,10:51:06.301189029,T,IBM,F I,29,303.95
2025-12-26,10:52:04.788925713,T,IBM,F I,1,303.99
2025-12-26,10:52:04.788925713,T,IBM,F I,38,303.98
2025-12-26,10:52:04.788940441,T,IBM,I,1,303.98
2025-12-26,10:52:15.976705037,T,IBM,,100,304.0
2025-12-26,10:52:16.132037040,T,IBM,F I,1,304.1
2025-12-26,10:52:16.132037040,T,IBM,F I,25,304.1
2025-12-26,10:52:16.132057872,T,IBM,I,1,304.1
2025-12-26,10:52:16.132060819,T,IBM,F I,14,304.1
2025-12-26,10:52:16.132169196,T,IBM,I,1,304.1
2025-12-26,10:52:16.132172175,T,IBM,I,2,304.09
2025-12-26,10:52:16.132184776,T,IBM,I,3,304.09
2025-12-26,10:52:16.132196130,T,IBM,I,37,304.09
2025-12-26,10:52:18.470662132,T,IBM,I,4,304.03
2025-12-26,10:52:18.470710257,T,IBM,F,40,304.02
2025-12-26,10:52:18.470710257,T,IBM,F I,16,304.01
2025-12-26,10:52:18.470728299,T,IBM,F I,34,304.01
2025-12-26,10:52:18.470984103,T,IBM,F I,2,304.0
2025-12-26,10:52:18.471004954,T,IBM,I,2,304.01
2025-12-26,10:52:18.471010976,T,IBM,F I,3,304.01
2025-12-26,10:52:32.098973898,T,IBM,I,2,303.97
2025-12-26,10:52:39.063033476,T,IBM,F I,8,303.91
2025-12-26,10:52:39.082604139,T,IBM,I,4,303.93
2025-12-26,10:52:39.082676291,T,IBM,F I,4,303.91
2025-12-26,10:52:39.082751394,T,IBM,F I,8,303.91
2025-12-26,10:52:40.154785884,T,IBM,I,4,303.93
2025-12-26,10:52:40.154788538,T,IBM,I,5,303.93
2025-12-26,10:52:40.154788538,T,IBM,I,16,303.94
2025-12-26,10:52:40.154806565,T,IBM,F I,17,303.94
2025-12-26,10:52:40.155326835,T,IBM,F I,1,303.91
2025-12-26,10:52:40.623484341,T,IBM,I,30,303.94
2025-12-26,10:52:45.526852464,T,IBM,F I,5,303.92
2025-12-26,10:52:45.526855949,T,IBM,F I,3,303.92
2025-12-26,10:52:45.526855949,T,IBM,F I,10,303.92
2025-12-26,10:52:45.526858343,T,IBM,F I,8,303.91
2025-12-26,10:52:53.508988601,T,IBM,F I,1,303.88
2025-12-26,10:52:53.508991613,T,IBM,F I,1,303.88
2025-12-26,10:53:01.227027303,T,IBM,F I,10,303.95
2025-12-26,10:53:23.965575311,T,IBM,I,5,304.01
2025-12-26,10:53:23.965604864,T,IBM,F I,5,304.01
2025-12-26,10:54:01.672313104,T,IBM,I,2,304.02
2025-12-26,10:54:01.672313104,T,IBM,I,4,304.02
2025-12-26,10:54:01.672315711,T,IBM,I,1,304.02
2025-12-26,10:54:01.672321835,T,IBM,I,9,304.01
2025-12-26,10:54:01.672403000,T,IBM,F I,1,304.01
2025-12-26,10:54:05.567383377,T,IBM,F I,1,304.06
2025-12-26,10:54:05.567389634,T,IBM,F I,10,304.06
2025-12-26,10:54:05.567395952,T,IBM,F I,2,304.09
2025-12-26,10:54:05.567401296,T,IBM,F,77,304.1
2025-12-26,10:54:05.567852560,T,IBM,F I,8,304.11
2025-12-26,10:54:05.567855843,T,IBM,F I,14,304.11
2025-12-26,10:54:05.567855843,T,IBM,F I,18,304.11
2025-12-26,10:54:05.567870711,T,IBM,I,1,304.11
2025-12-26,10:54:05.568300637,T,IBM,F I,3,304.11
2025-12-26,10:54:05.689564227,T,IBM,I,7,304.12
2025-12-26,10:54:08.721213449,T,IBM,F I,20,304.13
2025-12-26,10:54:08.721231528,T,IBM,I,1,304.13
2025-12-26,10:54:08.721261532,T,IBM,I,19,304.13
2025-12-26,10:54:08.721261532,T,IBM,I,1,304.13
2025-12-26,10:54:26.614500303,T,IBM,I,1,304.05
2025-12-26,10:54:27.759830947,T,IBM,F I,10,304.0
2025-12-26,10:54:27.759834023,T,IBM,F,70,304.0
2025-12-26,10:55:01.172532763,T,IBM,F I,3,304.09
2025-12-26,10:55:01.172559675,T,IBM,F I,1,304.09
2025-12-26,10:55:01.172559675,T,IBM,F I,25,304.09
2025-12-26,10:55:17.851110938,T,IBM,I,1,304.1
2025-12-26,10:55:18.416288274,T,IBM,I,3,304.1
2025-12-26,10:55:18.545409637,T,IBM,I,8,304.13
2025-12-26,10:55:18.545412681,T,IBM,I,20,304.13
2025-12-26,10:55:23.024831889,T,IBM,I,8,304.1
2025-12-26,10:55:23.024834288,T,IBM,I,4,304.1
2025-12-26,10:55:23.024837341,T,IBM,I,5,304.1
2025-12-26,10:55:33.980202667,T,IBM,F I,1,304.07
2025-12-26,10:55:33.980202667,T,IBM,F I,12,304.06
2025-12-26,10:55:33.980205711,T,IBM,F I,10,304.06
2025-12-26,10:55:33.980209232,T,IBM,F I,10,304.06
2025-12-26,10:55:33.980226761,T,IBM,I,1,304.06
2025-12-26,10:55:35.428627796,T,IBM,F I,13,304.02
2025-12-26,10:55:35.428630875,T,IBM,F I,32,304.02
2025-12-26,10:55:35.428630875,T,IBM,F I,10,304.02
2025-12-26,10:55:37.726740738,T,IBM,F I,10,303.98
2025-12-26,10:55:37.726815945,T,IBM,I,24,303.97
2025-12-26,10:55:37.726818909,T,IBM,I,13,303.97
2025-12-26,10:55:40.125999405,T,IBM,F I,1,304.02
2025-12-26,10:55:41.343604038,T,IBM,F I,20,303.96
2025-12-26,10:55:41.343604038,T,IBM,F I,20,303.96
2025-12-26,10:55:41.343631172,T,IBM,I,2,303.98
2025-12-26,10:55:41.343646193,T,IBM,,40,303.98
2025-12-26,10:55:41.343658200,T,IBM,I,34,303.98
2025-12-26,10:55:41.343661220,T,IBM,I,4,303.98
2025-12-26,10:55:43.351718574,T,IBM,F I,18,303.97
2025-12-26,10:55:43.351718574,T,IBM,F I,2,303.97
2025-12-26,10:55:43.351932106,T,IBM,F I,5,303.98
2025-12-26,10:55:44.096568588,T,IBM,I,17,304.02
2025-12-26,10:55:44.096570821,T,IBM,I,30,304.02
2025-12-26,10:55:50.036019741,T,IBM,I,9,303.99
2025-12-26,10:55:50.036022445,T,IBM,I,2,303.99
2025-12-26,10:55:50.036022445,T,IBM,I,14,303.96
2025-12-26,10:56:38.810744108,T,IBM,I,1,304.02
2025-12-26,10:56:38.810744108,T,IBM,I,2,304.02
2025-12-26,10:56:45.323251413,T,IBM,F I,1,303.98
2025-12-26,10:56:54.748707400,T,IBM,F I,4,303.95
2025-12-26,10:56:54.748710092,T,IBM,F I,2,303.95
2025-12-26,10:56:54.748712753,T,IBM,F I,12,303.94
2025-12-26,10:56:54.748745769,T,IBM,F I,2,303.94
2025-12-26,10:56:54.748772886,T,IBM,F I,2,303.94
2025-12-26,10:56:58.123875789,T,IBM,F I,25,303.94
2025-12-26,10:56:58.220068894,T,IBM,I,4,303.94
2025-12-26,10:56:58.220095789,T,IBM,F I,25,303.925
2025-12-26,10:57:39.947759750,T,IBM,I,2,303.95
2025-12-26,10:57:39.947762758,T,IBM,I,38,303.94
2025-12-26,10:58:03.550555700,T,IBM,F I,9,304.02
2025-12-26,10:58:03.550555700,T,IBM,F I,1,304.02
2025-12-26,10:58:18.328278696,T,IBM,F I,1,304.06
2025-12-26,10:58:18.328308755,T,IBM,I,10,304.07
2025-12-26,10:58:18.336479417,T,IBM,F I,1,304.11
2025-12-26,10:58:18.336482814,T,IBM,F I,1,304.12
2025-12-26,10:58:18.336488241,T,IBM,F,40,304.12
2025-12-26,10:58:18.336488241,T,IBM,F I,8,304.12
2025-12-26,10:58:20.460763292,T,IBM,,40,304.13
2025-12-26,10:58:20.479961023,T,IBM,I,17,304.12
2025-12-26,10:58:41.148413297,T,IBM,I,4,304.14
2025-12-26,10:59:26.037801298,T,IBM,I,2,304.15
2025-12-26,10:59:48.035117564,T,IBM,I,4,304.145
2025-12-26,11:00:05.141033796,T,IBM,I,5,304.2
2025-12-26,11:00:05.141037756,T,IBM,I,6,304.21
2025-12-26,11:00:05.141037756,T,IBM,I,10,304.21
2025-12-26,11:00:05.141039834,T,IBM,I,13,304.21
2025-12-26,11:00:05.711678310,T,IBM,F,100,304.2
2025-12-26,11:00:05.711678310,T,IBM,F I,16,304.21
2025-12-26,11:00:05.711684706,T,IBM,F,40,304.21
2025-12-26,11:00:05.711684706,T,IBM,F I,10,304.21
2025-12-26,11:00:05.712348917,T,IBM,I,1,304.23
2025-12-26,11:00:07.052633667,T,IBM,I,10,304.25
2025-12-26,11:00:10.428268598,T,IBM,I,15,304.23
2025-12-26,11:00:15.819737580,T,IBM,I,8,304.23
2025-12-26,11:00:15.819749714,T,IBM,F I,8,304.23
2025-12-26,11:00:15.819755804,T,IBM,I,8,304.23
2025-12-26,11:00:15.819758713,T,IBM,I,1,304.23
2025-12-26,11:00:15.819770683,T,IBM,I,2,304.23
2025-12-26,11:00:15.819800780,T,IBM,,150,304.23
2025-12-26,11:00:15.819924063,T,IBM,F I,8,304.23
2025-12-26,11:00:15.820074383,T,IBM,I,8,304.23
2025-12-26,11:00:32.180513282,T,IBM,I,1,304.29
2025-12-26,11:00:32.180516333,T,IBM,I,10,304.29
2025-12-26,11:00:32.180516333,T,IBM,I,1,304.29
2025-12-26,11:00:32.180520285,T,IBM,I,20,304.29
2025-12-26,11:01:13.751345192,T,IBM,F I,22,304.3
2025-12-26,11:01:15.173698249,T,IBM,I,5,304.32
2025-12-26,11:01:15.173719274,T,IBM,F I,1,304.32
2025-12-26,11:01:15.173743486,T,IBM,F I,6,304.33
2025-12-26,11:01:15.173750124,T,IBM,F,40,304.33
2025-12-26,11:01:15.173752684,T,IBM,I,1,304.33
2025-12-26,11:01:15.174263597,T,IBM,I,2,304.33
2025-12-26,11:01:19.271135644,T,IBM,I,7,304.355
2025-12-26,11:01:29.783549616,T,IBM,I,4,304.31
2025-12-26,11:02:42.282800058,T,IBM,F I,4,304.25
2025-12-26,11:02:42.282848154,T,IBM,F I,4,304.25
2025-12-26,11:02:42.282869175,T,IBM,F I,12,304.25
2025-12-26,11:02:42.283227032,T,IBM,F I,1,304.24
2025-12-26,11:02:42.283227032,T,IBM,F I,1,304.24
2025-12-26,11:02:42.656499592,T,IBM,F I,1,304.24
2025-12-26,11:02:42.656499592,T,IBM,I,15,304.24
2025-12-26,11:02:53.242642982,T,IBM,,40,304.295
2025-12-26,11:02:53.242667084,T,IBM,I,10,304.31
2025-12-26,11:02:53.242688401,T,IBM,F I,2,304.31
2025-12-26,11:02:53.249400030,T,IBM,,41,304.33
2025-12-26,11:02:53.496847126,T,IBM,,40,304.34
2025-12-26,11:02:54.920715746,T,IBM,,40,304.34
2025-12-26,11:03:09.196321421,T,IBM,F I,18,304.36
2025-12-26,11:03:09.196327465,T,IBM,F I,30,304.36
2025-12-26,11:03:09.196330467,T,IBM,F I,10,304.36
2025-12-26,11:03:09.196345480,T,IBM,F,40,304.36
2025-12-26,11:03:30.733791706,T,IBM,F I,1,304.38
2025-12-26,11:03:30.733815763,T,IBM,I,1,304.38
2025-12-26,11:03:38.997476577,T,IBM,I,9,304.395
2025-12-26,11:03:59.625413200,T,IBM,I,2,304.38
2025-12-26,11:04:10.072490610,T,IBM,I,1,304.42
2025-12-26,11:04:10.073248334,T,IBM,I,1,304.42
2025-12-26,11:04:15.487292089,T,IBM,,40,304.41
2025-12-26,11:04:15.795507769,T,IBM,I,1,304.4
2025-12-26,11:04:15.795640058,T,IBM,,40,304.4
2025-12-26,11:04:54.886074107,T,IBM,I,2,304.36
2025-12-26,11:04:54.888176075,T,IBM,F I,1,304.36
2025-12-26,11:05:10.165418253,T,IBM,I,1,304.39
2025-12-26,11:05:10.165451253,T,IBM,I,5,304.4
2025-12-26,11:05:10.165722712,T,IBM,I,20,304.42
2025-12-26,11:05:10.165724893,T,IBM,I,11,304.42
2025-12-26,11:05:10.165742957,T,IBM,I,1,304.42
2025-12-26,11:05:10.165748945,T,IBM,F I,17,304.42
2025-12-26,11:05:10.188260580,T,IBM,I,1,304.44
2025-12-26,11:05:25.122617401,T,IBM,F I,10,304.45
2025-12-26,11:05:35.416768722,T,IBM,F I,6,304.46
2025-12-26,11:05:35.416771699,T,IBM,F I,2,304.46
2025-12-26,11:05:35.418251228,T,IBM,F I,2,304.47
2025-12-26,11:06:03.605936064,T,IBM,I,2,304.49
2025-12-26,11:06:03.605936064,T,IBM,I,6,304.49
2025-12-26,11:06:03.605941954,T,IBM,F I,9,304.49
2025-12-26,11:06:08.614716836,T,IBM,I,1,304.51
2025-12-26,11:06:11.084574601,T,IBM,F I,1,304.52
2025-12-26,11:06:11.084965514,T,IBM,I,1,304.52
2025-12-26,11:06:13.548926286,T,IBM,I,2,304.54
2025-12-26,11:06:15.135885151,T,IBM,I,3,304.56
2025-12-26,11:06:36.362475272,T,IBM,F,80,304.54
2025-12-26,11:06:36.362478202,T,IBM,F I,9,304.53
2025-12-26,11:06:36.362478202,T,IBM,F I,1,304.51
2025-12-26,11:06:36.362589748,T,IBM,F,79,304.51
2025-12-26,11:06:36.362595510,T,IBM,F I,1,304.51
2025-12-26,11:06:36.363302206,T,IBM,F I,5,304.5
2025-12-26,11:06:36.363320216,T,IBM,I,16,304.5
2025-12-26,11:06:52.865459340,T,IBM,I,9,304.54
2025-12-26,11:06:52.865462383,T,IBM,I,32,304.54
2025-12-26,11:07:51.040553158,T,IBM,I,18,304.6
2025-12-26,11:07:56.196278834,T,IBM,I,2,304.61
2025-12-26,11:08:19.218227083,T,IBM,F I,1,304.6
2025-12-26,11:08:39.331091761,T,IBM,I,1,304.52
2025-12-26,11:08:39.331094975,T,IBM,,49,304.52
2025-12-26,11:08:39.331098024,T,IBM,,40,304.51
2025-12-26,11:08:39.331100765,T,IBM,I,1,304.51
2025-12-26,11:08:39.331100765,T,IBM,I,17,304.51
2025-12-26,11:08:39.331116259,T,IBM,I,1,304.51
2025-12-26,11:08:39.331118797,T,IBM,,49,304.51
2025-12-26,11:08:43.992067665,T,IBM,I,5,304.5
2025-12-26,11:08:52.309445490,T,IBM,F I,1,304.57
2025-12-26,11:08:52.309445490,T,IBM,F I,3,304.57
2025-12-26,11:09:08.563496676,T,IBM,F I,1,304.59
2025-12-26,11:09:22.917513777,T,IBM,F I,1,304.6
2025-12-26,11:09:34.956487734,T,IBM,F I,1,304.62
2025-12-26,11:09:34.956965787,T,IBM,I,2,304.62
2025-12-26,11:09:34.962706490,T,IBM,I,37,304.62
2025-12-26,11:09:34.986078164,T,IBM,I,1,304.63
2025-12-26,11:09:34.986078164,T,IBM,I,1,304.63
2025-12-26,11:09:36.002588028,T,IBM,I,1,304.64
2025-12-26,11:09:36.062301240,T,IBM,I,25,304.65
2025-12-26,11:09:36.062319287,T,IBM,I,1,304.65
2025-12-26,11:09:36.062607977,T,IBM,I,4,304.65
2025-12-26,11:09:36.116556381,T,IBM,I,3,304.67
2025-12-26,11:09:36.160232330,T,IBM,I,12,304.69
2025-12-26,11:09:40.969145338,T,IBM,I,1,304.68
2025-12-26,11:09:49.015770214,T,IBM,F I,5,304.655
2025-12-26,11:09:49.016702368,T,IBM,I,4,304.655
2025-12-26,11:09:57.437198392,T,IBM,F I,4,304.62
2025-12-26,11:09:57.437201228,T,IBM,F I,1,304.62
2025-12-26,11:09:57.437204264,T,IBM,F I,1,304.62
2025-12-26,11:09:57.437207309,T,IBM,F I,1,304.62
2025-12-26,11:09:57.437216253,T,IBM,I,6,304.62
2025-12-26,11:10:26.626507333,T,IBM,I,6,304.59
2025-12-26,11:10:26.626633576,T,IBM,I,2,304.59
2025-12-26,11:10:39.780481664,T,IBM,I,30,304.56
2025-12-26,11:10:39.780505777,T,IBM,,70,304.56
2025-12-26,11:10:43.762495302,T,IBM,,40,304.615
2025-12-26,11:10:59.129013995,T,IBM,F I,1,304.56
2025-12-26,11:10:59.129017059,T,IBM,F I,6,304.56
2025-12-26,11:10:59.130806329,T,IBM,F I,18,304.52
2025-12-26,11:10:59.583582144,T,IBM,F I,1,304.52
2025-12-26,11:10:59.583606179,T,IBM,I,18,304.52
2025-12-26,11:10:59.583768617,T,IBM,I,1,304.52
2025-12-26,11:11:04.039767541,T,IBM,I,1,304.55
2025-12-26,11:11:05.238111359,T,IBM,I,1,304.55
2025-12-26,11:11:16.516842562,T,IBM,I,1,304.535
2025-12-26,11:11:21.413618823,T,IBM,I,3,304.52
2025-12-26,11:11:21.413618823,T,IBM,I,14,304.51
2025-12-26,11:11:37.713219464,T,IBM,I,2,304.55
2025-12-26,11:11:38.987794805,T,IBM,I,2,304.55
2025-12-26,11:11:39.915849124,T,IBM,F I,3,304.51
2025-12-26,11:11:39.915852082,T,IBM,F I,1,304.51
2025-12-26,11:11:39.915855181,T,IBM,F I,1,304.51
2025-12-26,11:11:39.915870126,T,IBM,F I,3,304.51
2025-12-26,11:11:39.916384525,T,IBM,I,30,304.51
2025-12-26,11:11:40.463924999,T,IBM,F I,25,304.53
2025-12-26,11:12:03.309836987,T,IBM,F I,3,304.47
2025-12-26,11:12:08.817731078,T,IBM,F I,1,304.43
2025-12-26,11:12:08.817731078,T,IBM,F I,1,304.43
2025-12-26,11:12:18.562282068,T,IBM,F I,15,304.39
2025-12-26,11:12:22.770731718,T,IBM,I,11,304.34
2025-12-26,11:12:22.770825131,T,IBM,F I,6,304.32
2025-12-26,11:12:39.744630919,T,IBM,F I,10,304.26
2025-12-26,11:12:39.745256365,T,IBM,I,30,304.27
2025-12-26,11:12:45.934518567,T,IBM,,40,304.295
2025-12-26,11:12:58.839479036,T,IBM,I,2,304.3
2025-12-26,11:13:51.821458695,T,IBM,F I,4,304.31
2025-12-26,11:14:05.277673359,T,IBM,F I,25,304.25
2025-12-26,11:14:05.277715430,T,IBM,F I,25,304.25
2025-12-26,11:14:05.277748524,T,IBM,F I,25,304.25
2025-12-26,11:14:05.277784628,T,IBM,F I,5,304.25
2025-12-26,11:14:11.960004158,T,IBM,I,4,304.24
2025-12-26,11:14:11.960004158,T,IBM,I,26,304.24
2025-12-26,11:14:30.372720208,T,IBM,F I,25,304.21
2025-12-26,11:14:30.372786361,T,IBM,F I,25,304.21
2025-12-26,11:15:37.876585265,T,IBM,,40,304.14
2025-12-26,11:15:37.878753435,T,IBM,I,1,304.1
2025-12-26,11:15:37.880584726,T,IBM,I,16,304.07
2025-12-26,11:15:37.880587744,T,IBM,I,1,304.07
2025-12-26,11:15:37.880717060,T,IBM,I,1,304.07
2025-12-26,11:15:37.882172713,T,IBM,I,12,304.07
2025-12-26,11:15:37.882172713,T,IBM,I,2,304.05
2025-12-26,11:15:48.670574138,T,IBM,I,1,304.05
2025-12-26,11:15:48.670574138,T,IBM,I,6,304.05
2025-12-26,11:16:02.217328568,T,IBM,I,10,304.06
2025-12-26,11:16:02.263268956,T,IBM,F,43,304.09
2025-12-26,11:16:02.263268956,T,IBM,F I,10,304.09
2025-12-26,11:16:11.747026872,T,IBM,I,4,304.09
2025-12-26,11:16:12.820750814,T,IBM,F I,2,304.17
2025-12-26,11:16:13.461407956,T,IBM,I,3,304.19
2025-12-26,11:16:20.703323073,T,IBM,I,10,304.23
2025-12-26,11:16:20.703323073,T,IBM,I,1,304.23
2025-12-26,11:16:28.877728064,T,IBM,I,2,304.21
2025-12-26,11:16:28.877728064,T,IBM,I,30,304.23
2025-12-26,11:16:44.492622837,T,IBM,F I,2,304.25
2025-12-26,11:17:02.908758125,T,IBM,F I,2,304.2
2025-12-26,11:17:11.293907837,T,IBM,,80,304.17
2025-12-26,11:17:44.397349698,T,IBM,F I,7,304.19
2025-12-26,11:17:44.397352685,T,IBM,F I,10,304.21
2025-12-26,11:17:44.397352685,T,IBM,F I,2,304.21
2025-12-26,11:17:47.060997742,T,IBM,I,6,304.21
2025-12-26,11:18:37.192473707,T,IBM,I,1,304.18
2025-12-26,11:18:37.264173376,T,IBM,F I,1,304.14
2025-12-26,11:18:37.264176324,T,IBM,F I,20,304.14
2025-12-26,11:18:37.267998624,T,IBM,F I,1,304.11
2025-12-26,11:18:37.268001505,T,IBM,F I,1,304.11
2025-12-26,11:18:37.429131110,T,IBM,I,1,304.1
2025-12-26,11:18:43.533483239,T,IBM,F I,1,304.01
2025-12-26,11:18:43.645463584,T,IBM,F,40,303.96
2025-12-26,11:18:44.425403346,T,IBM,F,40,303.96
2025-12-26,11:18:44.425451479,T,IBM,F,40,303.95
2025-12-26,11:19:02.893364061,T,IBM,F I,2,303.96
2025-12-26,11:19:02.893457355,T,IBM,,80,303.92
2025-12-26,11:19:03.700497737,T,IBM,,80,303.95
2025-12-26,11:19:03.838258681,T,IBM,F I,1,303.99
2025-12-26,11:19:03.838279693,T,IBM,F I,5,304.0
2025-12-26,11:19:03.838304051,T,IBM,F I,17,304.0
2025-12-26,11:19:03.838307379,T,IBM,F I,12,304.0
2025-12-26,11:19:03.838310230,T,IBM,F I,2,304.0
2025-12-26,11:19:12.590212428,T,IBM,F I,5,304.06
2025-12-26,11:19:15.424715260,T,IBM,,40,304.08
2025-12-26,11:19:24.553162317,T,IBM,F I,1,304.09
2025-12-26,11:19:24.565485741,T,IBM,,40,304.095
2025-12-26,11:19:54.935439006,T,IBM,I,1,304.12
2025-12-26,11:19:54.936698593,T,IBM,F,119,304.09
2025-12-26,11:19:54.936719674,T,IBM,F I,3,304.08
2025-12-26,11:19:54.937176698,T,IBM,,150,304.065
2025-12-26,11:19:54.937176698,T,IBM,,50,304.08
2025-12-26,11:19:54.937194823,T,IBM,I,1,304.08
2025-12-26,11:19:54.937486474,T,IBM,F I,1,304.05
2025-12-26,11:19:54.937660884,T,IBM,I,10,304.05
2025-12-26,11:19:58.011488459,T,IBM,I,1,303.92
2025-12-26,11:20:03.583868141,T,IBM,,40,303.915
2025-12-26,11:20:05.099421942,T,IBM,,100,303.915
2025-12-26,11:20:05.099443185,T,IBM,F I,20,303.915
2025-12-26,11:20:05.305999035,T,IBM,F I,39,303.98
2025-12-26,11:20:05.306001805,T,IBM,F,49,303.98
2025-12-26,11:20:05.306016769,T,IBM,F,51,303.98
2025-12-26,11:20:05.306070958,T,IBM,F I,20,303.99
2025-12-26,11:20:05.307806083,T,IBM,I,1,304.05
2025-12-26,11:20:05.310305018,T,IBM,I,2,304.05
2025-12-26,11:20:43.531753597,T,IBM,F I,2,304.09
2025-12-26,11:20:44.927637682,T,IBM,I,30,304.07
2025-12-26,11:20:44.927640744,T,IBM,,50,304.07
2025-12-26,11:20:58.108282571,T,IBM,,100,304.075
2025-12-26,11:20:58.108390924,T,IBM,I,20,304.075
2025-12-26,11:20:58.108426948,T,IBM,I,2,304.12
2025-12-26,11:20:58.108429871,T,IBM,I,2,304.13
2025-12-26,11:20:58.108432928,T,IBM,I,10,304.13
2025-12-26,11:20:58.108432928,T,IBM,I,10,304.13
2025-12-26,11:20:58.108544212,T,IBM,I,1,304.13
2025-12-26,11:20:58.108571267,T,IBM,I,29,304.13
2025-12-26,11:20:58.108571267,T,IBM,I,23,304.13
2025-12-26,11:20:58.109140223,T,IBM,I,5,304.13
2025-12-26,11:20:58.109140223,T,IBM,,40,304.13
2025-12-26,11:21:14.213266156,T,IBM,F I,33,304.17
2025-12-26,11:21:14.238854200,T,IBM,I,2,304.18
2025-12-26,11:21:14.238854200,T,IBM,I,31,304.18
2025-12-26,11:21:14.242300187,T,IBM,I,6,304.2
2025-12-26,11:21:14.242303273,T,IBM,I,12,304.2
2025-12-26,11:21:24.781934876,T,IBM,F I,25,304.215
2025-12-26,11:21:25.140785155,T,IBM,I,1,304.22
2025-12-26,11:21:25.140785155,T,IBM,I,1,304.22
2025-12-26,11:21:25.140788179,T,IBM,I,23,304.24
2025-12-26,11:21:30.856383774,T,IBM,F,40,304.25
2025-12-26,11:21:30.856386791,T,IBM,F I,4,304.25
2025-12-26,11:21:40.977485004,T,IBM,F,40,304.25
2025-12-26,11:21:40.977502960,T,IBM,F I,6,304.25
2025-12-26,11:21:40.977506069,T,IBM,I,1,304.25
2025-12-26,11:21:40.978005210,T,IBM,I,34,304.25
2025-12-26,11:21:41.039303166,T,IBM,I,2,304.26
2025-12-26,11:21:52.354812319,T,IBM,,40,304.22
2025-12-26,11:21:52.355136889,T,IBM,F I,1,304.21
2025-12-26,11:21:52.355136889,T,IBM,F I,1,304.21
2025-12-26,11:21:55.619783365,T,IBM,F,40,304.18
2025-12-26,11:21:55.619789343,T,IBM,F,40,304.17
2025-12-26,11:22:02.408390216,T,IBM,,100,304.175
2025-12-26,11:22:06.011423624,T,IBM,I,15,304.2
2025-12-26,11:22:06.011450679,T,IBM,F I,15,304.2
2025-12-26,11:22:16.049091367,T,IBM,I,1,304.15
2025-12-26,11:22:17.990432020,T,IBM,I,2,304.15
2025-12-26,11:22:20.554846783,T,IBM,F I,25,304.17
2025-12-26,11:22:49.960171846,T,IBM,I,4,304.2
2025-12-26,11:22:50.054328953,T,IBM,I,4,304.21
2025-12-26,11:22:50.054332008,T,IBM,I,5,304.21
2025-12-26,11:22:50.054380149,T,IBM,F I,2,304.22
2025-12-26,11:23:08.936008572,T,IBM,F I,10,304.18
2025-12-26,11:23:09.545439335,T,IBM,F I,11,304.19
2025-12-26,11:23:09.545463398,T,IBM,F,76,304.2
2025-12-26,11:23:09.545479036,T,IBM,I,1,304.2
2025-12-26,11:23:09.545484498,T,IBM,F I,12,304.2
2025-12-26,11:23:09.545499512,T,IBM,I,11,304.2
2025-12-26,11:23:09.545980698,T,IBM,I,6,304.2
2025-12-26,11:23:09.546010649,T,IBM,F I,4,304.2
2025-12-26,11:23:09.546010649,T,IBM,F,78,304.2
2025-12-26,11:23:35.517981656,T,IBM,F I,5,304.17
2025-12-26,11:23:43.872265903,T,IBM,F I,5,304.18
2025-12-26,11:23:47.660645574,T,IBM,F I,14,304.18
2025-12-26,11:23:52.506152705,T,IBM,F I,5,304.17
2025-12-26,11:24:01.531661763,T,IBM,F I,5,304.17
2025-12-26,11:24:07.972818539,T,IBM,F I,5,304.19
2025-12-26,11:24:48.509454653,T,IBM,,100,304.215
2025-12-26,11:25:00.243006504,T,IBM,I,1,304.2
2025-12-26,11:25:00.277513639,T,IBM,I,1,304.2
2025-12-26,11:25:00.557612439,T,IBM,I,1,304.2
2025-12-26,11:25:03.395026207,T,IBM,I,5,304.25
2025-12-26,11:25:03.413237516,T,IBM,I,5,304.26
2025-12-26,11:25:03.870006947,T,IBM,I,8,304.24
2025-12-26,11:25:06.953018285,T,IBM,F I,1,304.21
2025-12-26,11:25:10.149134965,T,IBM,F I,1,304.27
2025-12-26,11:25:10.149137938,T,IBM,F I,2,304.27
2025-12-26,11:25:10.149240244,T,IBM,F,49,304.27
2025-12-26,11:25:10.149270314,T,IBM,I,14,304.27
2025-12-26,11:25:20.517301369,T,IBM,F I,5,304.32
2025-12-26,11:25:20.517523902,T,IBM,F I,1,304.33
2025-12-26,11:25:20.517617123,T,IBM,F I,5,304.34
2025-12-26,11:25:20.518321370,T,IBM,F I,35,304.34
2025-12-26,11:25:22.904444138,T,IBM,I,6,304.32
2025-12-26,11:25:49.234441552,T,IBM,,80,304.29
2025-12-26,11:25:50.229877377,T,IBM,F,40,304.27
2025-12-26,11:25:51.199758167,T,IBM,F I,1,304.27
2025-12-26,11:25:51.199911932,T,IBM,I,9,304.3
2025-12-26,11:25:51.199914548,T,IBM,I,30,304.3
2025-12-26,11:25:51.200410730,T,IBM,F I,8,304.33
2025-12-26,11:25:51.200717516,T,IBM,F I,5,304.33
2025-12-26,11:25:55.500509506,T,IBM,F I,7,304.36
2025-12-26,11:26:03.599720414,T,IBM,F I,5,304.37
2025-12-26,11:26:03.599720414,T,IBM,F I,1,304.37
2025-12-26,11:26:22.899903522,T,IBM,F I,7,304.325
2025-12-26,11:26:22.899906924,T,IBM,F,40,304.36
2025-12-26,11:26:22.899906924,T,IBM,F,40,304.37
2025-12-26,11:26:22.899909345,T,IBM,F I,4,304.37
2025-12-26,11:26:22.899912299,T,IBM,F I,33,304.37
2025-12-26,11:26:22.899921352,T,IBM,I,1,304.37
2025-12-26,11:26:22.899936377,T,IBM,,46,304.37
2025-12-26,11:26:22.899939376,T,IBM,I,1,304.37
2025-12-26,11:26:25.358763840,T,IBM,I,7,304.355
2025-12-26,11:26:30.123384412,T,IBM,I,9,304.33
2025-12-26,11:26:30.123402459,T,IBM,F I,31,304.33
2025-12-26,11:26:30.123405461,T,IBM,F I,11,304.33
2025-12-26,11:26:30.123423580,T,IBM,I,1,304.33
2025-12-26,11:26:30.123429564,T,IBM,I,28,304.33
2025-12-26,11:26:32.523846059,T,IBM,I,2,304.37
2025-12-26,11:26:53.518454546,T,IBM,F I,27,304.31
2025-12-26,11:26:55.144879430,T,IBM,F I,27,304.35
2025-12-26,11:27:02.177354956,T,IBM,F I,4,304.32
2025-12-26,11:27:05.101303213,T,IBM,F I,22,304.36
2025-12-26,11:27:05.101303213,T,IBM,F I,14,304.38
2025-12-26,11:27:05.101305730,T,IBM,F I,2,304.38
2025-12-26,11:27:05.101308753,T,IBM,F I,2,304.38
2025-12-26,11:27:10.278827346,T,IBM,,40,304.36
2025-12-26,11:27:10.278899458,T,IBM,,100,304.36
2025-12-26,11:27:25.474169317,T,IBM,F I,13,304.4
2025-12-26,11:27:25.474169317,T,IBM,F I,1,304.4
2025-12-26,11:27:31.163846079,T,IBM,I,7,304.41
2025-12-26,11:27:33.992265370,T,IBM,F,40,304.38
2025-12-26,11:27:33.992265370,T,IBM,F I,6,304.38
2025-12-26,11:27:33.992268445,T,IBM,F,40,304.38
2025-12-26,11:27:33.992280412,T,IBM,I,19,304.38
2025-12-26,11:27:33.992286417,T,IBM,I,1,304.38
2025-12-26,11:27:33.992358573,T,IBM,I,13,304.38
2025-12-26,11:27:38.240253168,T,IBM,F I,1,304.37
2025-12-26,11:27:40.384769503,T,IBM,I,30,304.34
2025-12-26,11:27:40.411154329,T,IBM,I,9,304.33
2025-12-26,11:27:40.411175375,T,IBM,F I,31,304.33
2025-12-26,11:27:40.411196410,T,IBM,I,1,304.33
2025-12-26,11:27:40.412760092,T,IBM,F I,25,304.33
2025-12-26,11:27:40.446963519,T,IBM,F I,3,304.33
2025-12-26,11:27:40.446963519,T,IBM,F I,5,304.33
2025-12-26,11:27:40.461355803,T,IBM,I,2,304.33
2025-12-26,11:27:45.798214479,T,IBM,F I,22,304.305
2025-12-26,11:27:45.798283638,T,IBM,F I,2,304.33
2025-12-26,11:27:46.178529929,T,IBM,,80,304.31
2025-12-26,11:27:46.514703147,T,IBM,,40,304.3
2025-12-26,11:27:46.652771028,T,IBM,I,15,304.3
2025-12-26,11:27:53.719846641,T,IBM,I,15,304.3
2025-12-26,11:27:53.721635904,T,IBM,I,8,304.28
2025-12-26,11:27:53.721651301,T,IBM,I,22,304.28
2025-12-26,11:27:53.721651301,T,IBM,I,7,304.27
2025-12-26,11:28:00.139755049,T,IBM,I,20,304.31
2025-12-26,11:28:00.139758182,T,IBM,I,30,304.31
2025-12-26,11:28:00.139758182,T,IBM,,75,304.32
2025-12-26,11:28:00.139887800,T,IBM,F I,30,304.32
2025-12-26,11:28:00.139887800,T,IBM,F I,30,304.33
2025-12-26,11:28:00.139890312,T,IBM,F,240,304.33
2025-12-26,11:28:00.140933811,T,IBM,,40,304.32
2025-12-26,11:28:00.140951784,T,IBM,I,1,304.32
2025-12-26,11:28:00.246596273,T,IBM,,40,304.28
2025-12-26,11:28:00.246951187,T,IBM,,110,304.28
2025-12-26,11:28:00.247588704,T,IBM,I,5,304.28
2025-12-26,11:28:01.584643611,T,IBM,F I,8,304.33
2025-12-26,11:28:01.656072631,T,IBM,F I,2,304.34
2025-12-26,11:28:01.656090731,T,IBM,F I,38,304.34
2025-12-26,11:28:01.656093717,T,IBM,F I,1,304.34
2025-12-26,11:28:13.291576160,T,IBM,I,2,304.41
2025-12-26,11:28:16.565334586,T,IBM,I,1,304.42
2025-12-26,11:29:03.208662691,T,IBM,F I,3,304.35
2025-12-26,11:29:11.380646874,T,IBM,F I,28,304.43
2025-12-26,11:29:14.917237060,T,IBM,F,40,304.41
2025-12-26,11:29:14.917240135,T,IBM,F,100,304.41
2025-12-26,11:29:14.917243213,T,IBM,F I,2,304.41
2025-12-26,11:29:14.917246779,T,IBM,F,40,304.41
2025-12-26,11:29:14.917246779,T,IBM,F I,2,304.41
2025-12-26,11:29:14.917249132,T,IBM,F I,16,304.41
2025-12-26,11:29:14.917255517,T,IBM,I,1,304.41
2025-12-26,11:29:14.917291212,T,IBM,I,38,304.41
2025-12-26,11:29:17.006141923,T,IBM,F I,3,304.39
2025-12-26,11:29:24.879367970,T,IBM,F I,3,304.4
2025-12-26,11:29:26.873066221,T,IBM,,80,304.41
2025-12-26,11:29:26.951553030,T,IBM,F I,1,304.47
2025-12-26,11:29:26.951553030,T,IBM,F I,1,304.48
2025-12-26,11:29:26.951604183,T,IBM,F I,25,304.48
2025-12-26,11:29:26.980599205,T,IBM,I,12,304.49
2025-12-26,11:29:26.980635305,T,IBM,F I,5,304.5
2025-12-26,11:29:26.980779674,T,IBM,I,1,304.52
2025-12-26,11:29:26.981363051,T,IBM,I,4,304.54
2025-12-26,11:29:26.981384082,T,IBM,F I,7,304.54
2025-12-26,11:29:26.981387096,T,IBM,F I,8,304.54
2025-12-26,11:29:26.981438758,T,IBM,I,3,304.56
2025-12-26,11:29:26.981441204,T,IBM,I,2,304.56
2025-12-26,11:29:26.981700081,T,IBM,I,1,304.56
2025-12-26,11:29:26.981702793,T,IBM,,40,304.56
2025-12-26,11:29:26.981705830,T,IBM,I,11,304.56
2025-12-26,11:29:26.982144886,T,IBM,I,30,304.55
2025-12-26,11:29:30.136510085,T,IBM,I,5,304.53
2025-12-26,11:29:30.136531146,T,IBM,F I,25,304.53
2025-12-26,11:29:30.136654581,T,IBM,,50,304.53
2025-12-26,11:29:32.404124370,T,IBM,,40,304.52
2025-12-26,11:29:32.405068581,T,IBM,,50,304.51
2025-12-26,11:29:32.405510677,T,IBM,I,34,304.51
2025-12-26,11:29:33.389753805,T,IBM,I,10,304.495
2025-12-26,11:29:33.390105647,T,IBM,,47,304.495
2025-12-26,11:29:36.403420174,T,IBM,F I,4,304.45
2025-12-26,11:29:40.480282543,T,IBM,I,25,304.45
2025-12-26,11:29:40.480285593,T,IBM,,40,304.42
2025-12-26,11:29:40.480288585,T,IBM,I,3,304.42
2025-12-26,11:29:40.480300622,T,IBM,I,1,304.42
2025-12-26,11:29:40.480333715,T,IBM,F I,24,304.42
2025-12-26,11:29:40.480333715,T,IBM,F I,14,304.41
2025-12-26,11:29:40.481052383,T,IBM,,80,304.42
2025-12-26,11:29:40.481070441,T,IBM,I,1,304.42
2025-12-26,11:29:40.481076405,T,IBM,F,119,304.42
2025-12-26,11:29:43.734687165,T,IBM,,100,304.425
2025-12-26,11:29:50.143095985,T,IBM,F I,4,304.42
2025-12-26,11:29:56.854190392,T,IBM,I,5,304.43
2025-12-26,11:30:21.246197077,T,IBM,F I,8,304.38
2025-12-26,11:30:50.244247895,T,IBM,I,10,304.44
2025-12-26,11:30:50.244247895,T,IBM,I,5,304.44
2025-12-26,11:30:51.304373712,T,IBM,I,15,304.44
2025-12-26,11:31:09.460615529,T,IBM,I,11,304.455
2025-12-26,11:31:09.507957179,T,IBM,F I,2,304.46
2025-12-26,11:31:11.043355385,T,IBM,I,5,304.52
2025-12-26,11:31:11.043355385,T,IBM,I,10,304.52
2025-12-26,11:31:16.055011095,T,IBM,I,5,304.51
2025-12-26,11:31:16.388285485,T,IBM,I,5,304.51
2025-12-26,11:31:16.743494171,T,IBM,I,10,304.5
2025-12-26,11:31:39.465742879,T,IBM,,40,304.42
2025-12-26,11:31:41.840493334,T,IBM,F I,4,304.4
2025-12-26,11:31:41.840508316,T,IBM,F I,36,304.4
2025-12-26,11:31:53.644851742,T,IBM,F I,9,304.43
2025-12-26,11:31:53.644851742,T,IBM,F I,21,304.43
2025-12-26,11:31:53.647263465,T,IBM,I,1,304.43
2025-12-26,11:31:53.952463027,T,IBM,F I,5,304.41
2025-12-26,11:31:53.952463027,T,IBM,F I,6,304.4
2025-12-26,11:31:54.477934011,T,IBM,F I,2,304.42
2025-12-26,11:32:10.988438899,T,IBM,F I,3,304.39
2025-12-26,11:32:10.988459927,T,IBM,F I,37,304.39
2025-12-26,11:32:10.988916951,T,IBM,F,40,304.38
2025-12-26,11:32:10.988932035,T,IBM,,40,304.37
2025-12-26,11:32:19.410323975,T,IBM,F I,3,304.4
2025-12-26,11:32:25.097962822,T,IBM,I,2,304.43
2025-12-26,11:32:25.097965542,T,IBM,I,15,304.43
2025-12-26,11:32:25.097968533,T,IBM,I,13,304.43
2025-12-26,11:32:25.098533453,T,IBM,I,22,304.44
2025-12-26,11:32:25.098548449,T,IBM,I,14,304.43
2025-12-26,11:32:26.471963062,T,IBM,F I,3,304.44
2025-12-26,11:32:26.480557510,T,IBM,I,14,304.44
2025-12-26,11:32:36.569855178,T,IBM,F I,3,304.45
2025-12-26,11:32:40.652590458,T,IBM,F I,3,304.46
2025-12-26,11:32:49.002562376,T,IBM,F I,1,304.44
2025-12-26,11:32:49.003468016,T,IBM,I,22,304.44
2025-12-26,11:32:49.003470543,T,IBM,I,26,304.44
2025-12-26,11:32:51.819921654,T,IBM,F I,2,304.45
2025-12-26,11:32:51.819921654,T,IBM,F I,12,304.45
2025-12-26,11:32:55.990974081,T,IBM,F I,4,304.455
2025-12-26,11:32:56.057417213,T,IBM,F I,1,304.49
2025-12-26,11:32:56.057495431,T,IBM,I,5,304.49
2025-12-26,11:32:58.033541646,T,IBM,F I,2,304.48
2025-12-26,11:33:04.442013702,T,IBM,F I,19,304.49
2025-12-26,11:33:04.442269367,T,IBM,F I,1,304.51
2025-12-26,11:33:04.442269367,T,IBM,F I,26,304.51
2025-12-26,11:33:24.032274248,T,IBM,I,9,304.51
2025-12-26,11:33:24.032712542,T,IBM,,94,304.51
2025-12-26,11:33:24.032715627,T,IBM,I,12,304.51
2025-12-26,11:33:24.296726160,T,IBM,I,1,304.52
2025-12-26,11:33:24.297207316,T,IBM,F,5000,304.53
2025-12-26,11:33:24.297712478,T,IBM,I,1,304.57
2025-12-26,11:33:24.297715484,T,IBM,I,1,304.57
2025-12-26,11:33:24.297718469,T,IBM,I,1,304.57
2025-12-26,11:33:24.297721539,T,IBM,I,2,304.57
2025-12-26,11:33:24.325585905,T,IBM,F I,1,304.57
2025-12-26,11:33:24.927856564,T,IBM,I,2,304.57
2025-12-26,11:33:24.927856564,T,IBM,I,18,304.57
2025-12-26,11:33:24.927874605,T,IBM,F I,5,304.57
2025-12-26,11:33:25.282436597,T,IBM,I,23,304.59
2025-12-26,11:33:25.282439686,T,IBM,I,6,304.6
2025-12-26,11:33:25.617419345,T,IBM,I,1,304.61
2025-12-26,11:33:25.792661346,T,IBM,I,6,304.62
2025-12-26,11:33:26.627439572,T,IBM,F I,18,304.65
2025-12-26,11:33:26.738665350,T,IBM,I,1,304.66
2025-12-26,11:33:27.601419310,T,IBM,I,15,304.645
2025-12-26,11:33:33.112131032,T,IBM,I,17,304.67
2025-12-26,11:33:33.116804233,T,IBM,I,5,304.69
2025-12-26,11:33:43.003720033,T,IBM,F I,2,304.7
2025-12-26,11:33:45.238724657,T,IBM,I,1,304.7
2025-12-26,11:33:45.684740409,T,IBM,F I,2,304.73
2025-12-26,11:33:45.684740409,T,IBM,F I,2,304.75
2025-12-26,11:33:46.440355287,T,IBM,I,8,304.79
2025-12-26,11:33:46.440373310,T,IBM,F,108,304.79
2025-12-26,11:33:46.548763274,T,IBM,I,1,304.83
2025-12-26,11:33:51.601956953,T,IBM,I,2,304.83
2025-12-26,11:33:51.601959840,T,IBM,I,2,304.83
2025-12-26,11:33:56.270095898,T,IBM,F I,3,304.8
2025-12-26,11:33:56.270095898,T,IBM,F I,1,304.77
2025-12-26,11:34:07.111505010,T,IBM,F I,4,304.77
2025-12-26,11:34:16.554263677,T,IBM,F,40,304.76
2025-12-26,11:34:16.554266515,T,IBM,F,73,304.76
2025-12-26,11:34:16.554293618,T,IBM,,40,304.75
2025-12-26,11:34:16.554353811,T,IBM,F I,12,304.74
2025-12-26,11:34:16.554789799,T,IBM,F I,3,304.74
2025-12-26,11:34:16.554789799,T,IBM,F I,17,304.73
2025-12-26,11:34:16.554792867,T,IBM,F I,17,304.73
2025-12-26,11:34:16.554810846,T,IBM,I,17,304.73
2025-12-26,11:34:16.554840963,T,IBM,I,29,304.73
2025-12-26,11:34:16.561748949,T,IBM,F I,15,304.71
2025-12-26,11:34:16.561751469,T,IBM,F I,1,304.71
2025-12-26,11:34:16.561754400,T,IBM,F I,1,304.71
2025-12-26,11:34:16.562427948,T,IBM,I,3,304.7
2025-12-26,11:34:16.565381731,T,IBM,F,40,304.69
2025-12-26,11:34:17.290052503,T,IBM,F I,25,304.68
2025-12-26,11:34:17.554363434,T,IBM,F I,14,304.65
2025-12-26,11:34:17.554520618,T,IBM,F I,11,304.65
2025-12-26,11:34:17.554522804,T,IBM,F I,3,304.64
2025-12-26,11:34:17.554907666,T,IBM,F I,11,304.64
2025-12-26,11:34:18.554385069,T,IBM,F I,1,304.63
2025-12-26,11:34:18.554385069,T,IBM,F I,3,304.63
2025-12-26,11:34:21.606290463,T,IBM,I,5,304.57
2025-12-26,11:34:36.322679232,T,IBM,F I,10,304.53
2025-12-26,11:34:41.568123585,T,IBM,F,80,304.49
2025-12-26,11:34:41.568123585,T,IBM,F I,5,304.49
2025-12-26,11:34:41.568141559,T,IBM,F,40,304.48
2025-12-26,11:34:41.568147892,T,IBM,F,40,304.48
2025-12-26,11:34:41.568153609,T,IBM,F I,11,304.48
2025-12-26,11:34:41.573232786,T,IBM,I,5,304.45
2025-12-26,11:34:41.600928724,T,IBM,I,10,304.39
2025-12-26,11:34:47.301858298,T,IBM,F,40,304.29
2025-12-26,11:34:47.301861386,T,IBM,F I,20,304.29
2025-12-26,11:34:54.538727459,T,IBM,I,20,304.2
2025-12-26,11:34:54.539310917,T,IBM,,40,304.19
2025-12-26,11:35:06.369825695,T,IBM,F,40,304.17
2025-12-26,11:35:06.370300871,T,IBM,I,6,304.16
2025-12-26,11:35:13.662799570,T,IBM,F I,39,304.13
2025-12-26,11:35:13.662805433,T,IBM,F I,1,304.13
2025-12-26,11:35:13.662808451,T,IBM,F I,26,304.17
2025-12-26,11:35:13.662811427,T,IBM,F I,2,304.17
2025-12-26,11:35:13.662811427,T,IBM,F I,10,304.17
2025-12-26,11:35:13.662829447,T,IBM,I,1,304.17
2025-12-26,11:35:18.749835699,T,IBM,F I,13,304.23
2025-12-26,11:35:46.039465456,T,IBM,F I,5,304.18
2025-12-26,11:35:46.039468475,T,IBM,F I,2,304.17
2025-12-26,11:35:46.039468475,T,IBM,F I,1,304.16
2025-12-26,11:35:46.039483573,T,IBM,F I,2,304.16
2025-12-26,11:35:46.039961723,T,IBM,I,31,304.16
2025-12-26,11:35:46.039967789,T,IBM,I,9,304.16
2025-12-26,11:35:46.039967789,T,IBM,I,31,304.15
2025-12-26,11:35:46.039988785,T,IBM,I,1,304.15
2025-12-26,11:35:46.043513142,T,IBM,F I,8,304.15
2025-12-26,11:35:46.044279948,T,IBM,F I,3,304.15
2025-12-26,11:35:46.044283026,T,IBM,F I,37,304.14
2025-12-26,11:35:46.044313032,T,IBM,I,3,304.14
2025-12-26,11:35:46.078552563,T,IBM,I,2,304.14
2025-12-26,11:35:46.081018437,T,IBM,I,2,304.14
2025-12-26,11:36:39.980206274,T,IBM,I,2,304.16
2025-12-26,11:36:39.980206274,T,IBM,I,1,304.13
2025-12-26,11:36:39.980209284,T,IBM,I,2,304.105
2025-12-26,11:36:39.986650538,T,IBM,F I,10,304.19
2025-12-26,11:36:45.628871491,T,IBM,F I,3,304.23
2025-12-26,11:36:46.820830902,T,IBM,I,2,304.19
2025-12-26,11:36:46.823293818,T,IBM,I,1,304.185
2025-12-26,11:37:10.365910392,T,IBM,F I,2,304.26
2025-12-26,11:37:10.365937713,T,IBM,F I,1,304.28
2025-12-26,11:38:38.040321287,T,IBM,I,3,304.24
2025-12-26,11:38:49.978820187,T,IBM,F I,30,304.18
2025-12-26,11:39:27.111689664,T,IBM,I,20,304.18
2025-12-26,11:39:27.111695706,T,IBM,,61,304.17
2025-12-26,11:39:27.111710787,T,IBM,I,1,304.17
2025-12-26,11:39:27.111710787,T,IBM,I,4,304.17
2025-12-26,11:39:27.111714576,T,IBM,F I,14,304.17
2025-12-26,11:39:27.111716735,T,IBM,F I,1,304.17
2025-12-26,11:39:27.112339209,T,IBM,F,120,304.16
2025-12-26,11:39:27.112366365,T,IBM,,40,304.14
2025-12-26,11:39:27.112414595,T,IBM,I,1,304.13
2025-12-26,11:39:29.547981545,T,IBM,I,1,304.11
2025-12-26,11:39:54.457989035,T,IBM,I,25,304.13
2025-12-26,11:40:06.306949624,T,IBM,I,1,304.13
2025-12-26,11:40:53.819689278,T,IBM,I,14,304.18
2025-12-26,11:41:22.854748874,T,IBM,I,5,304.16
2025-12-26,11:41:30.651331950,T,IBM,F I,2,304.14
2025-12-26,11:41:30.651334539,T,IBM,I,7,304.14
2025-12-26,11:41:30.651370452,T,IBM,I,6,304.14
2025-12-26,11:41:30.651460643,T,IBM,F,40,304.14
2025-12-26,11:41:30.953944721,T,IBM,I,2,304.145
2025-12-26,11:41:32.138753289,T,IBM,I,2,304.15
2025-12-26,11:41:37.511132865,T,IBM,,80,304.13
2025-12-26,11:41:40.237666648,T,IBM,I,5,304.155
2025-12-26,11:41:50.134719592,T,IBM,I,25,304.16
2025-12-26,11:41:50.837721577,T,IBM,F I,8,304.17
2025-12-26,11:41:50.837724315,T,IBM,F I,11,304.17
2025-12-26,11:41:50.837727597,T,IBM,F,40,304.17
2025-12-26,11:41:50.837730232,T,IBM,F I,18,304.17
2025-12-26,11:41:50.837730232,T,IBM,F,62,304.17
2025-12-26,11:41:51.720899563,T,IBM,I,4,304.16
2025-12-26,11:41:51.832296828,T,IBM,I,3,304.16
2025-12-26,11:42:15.177628530,T,IBM,,75,304.19
2025-12-26,11:42:17.821534655,T,IBM,I,4,304.175
2025-12-26,11:42:18.816627448,T,IBM,F I,4,304.2
2025-12-26,11:42:18.816627448,T,IBM,F I,4,304.2
2025-12-26,11:42:18.816633503,T,IBM,F I,32,304.2
2025-12-26,11:42:18.816633503,T,IBM,I,1,304.2
2025-12-26,11:42:18.816645820,T,IBM,I,1,304.2
2025-12-26,11:42:18.816649143,T,IBM,F I,6,304.2
2025-12-26,11:42:18.816649143,T,IBM,F I,16,304.2
2025-12-26,11:42:18.816651569,T,IBM,I,17,304.2
2025-12-26,11:42:18.816672867,T,IBM,I,23,304.2
2025-12-26,11:42:18.816672867,T,IBM,I,1,304.2
2025-12-26,11:42:22.372123568,T,IBM,F,80,304.19
2025-12-26,11:42:22.372123568,T,IBM,F I,3,304.19
2025-12-26,11:42:22.372144698,T,IBM,F I,5,304.18
2025-12-26,11:42:22.372153725,T,IBM,I,2,304.18
2025-12-26,11:42:22.372703950,T,IBM,F I,3,304.16
2025-12-26,11:42:22.372703950,T,IBM,F I,37,304.15
2025-12-26,11:42:22.372725074,T,IBM,F I,3,304.15
2025-12-26,11:42:22.372869378,T,IBM,I,1,304.14
2025-12-26,11:42:22.373004654,T,IBM,I,4,304.14
2025-12-26,11:42:23.072824684,T,IBM,I,5,304.17
2025-12-26,11:42:23.072827711,T,IBM,I,5,304.17
2025-12-26,11:42:23.272006887,T,IBM,I,4,304.21
2025-12-26,11:42:23.272009827,T,IBM,I,36,304.21
2025-12-26,11:42:23.272028972,T,IBM,I,1,304.21
2025-12-26,11:42:23.272028972,T,IBM,F I,3,304.21
2025-12-26,11:42:23.272030882,T,IBM,F I,1,304.21
2025-12-26,11:42:23.272067333,T,IBM,I,39,304.21
2025-12-26,11:42:23.272067333,T,IBM,,40,304.21
2025-12-26,11:42:38.774830751,T,IBM,F I,1,304.25
2025-12-26,11:42:38.774857956,T,IBM,I,1,304.25
2025-12-26,11:42:38.774878840,T,IBM,F I,39,304.25
2025-12-26,11:42:38.774878840,T,IBM,F I,1,304.25
2025-12-26,11:42:38.774897071,T,IBM,I,1,304.25
2025-12-26,11:42:38.774959996,T,IBM,F I,38,304.25
2025-12-26,11:42:38.774984136,T,IBM,F I,2,304.22
2025-12-26,11:42:38.775008162,T,IBM,I,38,304.22
2025-12-26,11:42:38.775098416,T,IBM,,40,304.21
2025-12-26,11:42:39.970014046,T,IBM,I,3,304.24
2025-12-26,11:43:04.644919188,T,IBM,I,1,304.27
2025-12-26,11:43:04.644922106,T,IBM,I,1,304.27
2025-12-26,11:43:04.644922106,T,IBM,I,3,304.28
2025-12-26,11:43:04.644939877,T,IBM,F I,2,304.28
2025-12-26,11:43:52.833775804,T,IBM,F I,2,304.28
2025-12-26,11:43:52.833778869,T,IBM,F I,1,304.29
2025-12-26,11:43:57.397380257,T,IBM,F I,2,304.3
2025-12-26,11:43:57.397380257,T,IBM,F I,1,304.3
2025-12-26,11:44:18.811556397,T,IBM,F I,1,304.26
2025-12-26,11:44:31.078906027,T,IBM,I,5,304.21
2025-12-26,11:44:46.117358421,T,IBM,I,26,304.26
2025-12-26,11:45:16.063346772,T,IBM,I,4,304.25
2025-12-26,11:45:20.263256225,T,IBM,I,9,304.25
2025-12-26,11:45:34.276300428,T,IBM,F I,5,304.21
2025-12-26,11:45:34.446547714,T,IBM,,40,304.2
2025-12-26,11:45:34.446737257,T,IBM,I,1,304.24
2025-12-26,11:45:39.864362508,T,IBM,I,5,304.23
2025-12-26,11:45:39.864383455,T,IBM,F I,5,304.23
2025-12-26,11:45:39.864386539,T,IBM,F I,1,304.23
2025-12-26,11:45:45.487713324,T,IBM,F I,18,304.27
2025-12-26,11:45:54.347536973,T,IBM,I,6,304.24
2025-12-26,11:45:54.444126993,T,IBM,I,2,304.24
2025-12-26,11:45:55.227918979,T,IBM,I,3,304.255
2025-12-26,11:45:55.280015069,T,IBM,I,2,304.28
2025-12-26,11:45:55.280015069,T,IBM,I,1,304.28
2025-12-26,11:45:55.280078175,T,IBM,I,7,304.28
2025-12-26,11:45:55.280078175,T,IBM,I,10,304.29
2025-12-26,11:45:55.280090198,T,IBM,I,7,304.29
2025-12-26,11:45:55.291562547,T,IBM,I,8,304.29
2025-12-26,11:46:13.596237622,T,IBM,F I,5,304.24
2025-12-26,11:46:13.600267252,T,IBM,F I,5,304.23
2025-12-26,11:46:13.600267252,T,IBM,F I,35,304.22
2025-12-26,11:46:13.600285221,T,IBM,F I,5,304.22
2025-12-26,11:46:13.836118610,T,IBM,I,1,304.24
2025-12-26,11:46:27.086911450,T,IBM,I,16,304.22
2025-12-26,11:46:40.339788222,T,IBM,F,40,304.2
2025-12-26,11:46:40.341312822,T,IBM,I,3,304.19
2025-12-26,11:46:40.842573162,T,IBM,I,4,304.18
2025-12-26,11:46:59.705626954,T,IBM,I,3,304.12
2025-12-26,11:46:59.705626954,T,IBM,I,37,304.11
2025-12-26,11:46:59.705644649,T,IBM,I,1,304.11
2025-12-26,11:46:59.705647690,T,IBM,I,2,304.11
2025-12-26,11:46:59.706519842,T,IBM,I,1,304.1
2025-12-26,11:47:00.573185903,T,IBM,I,4,304.1
2025-12-26,11:47:46.781207031,T,IBM,F,50,304.03
2025-12-26,11:47:46.781228753,T,IBM,F I,35,304.03
2025-12-26,11:48:38.678571132,T,IBM,F I,27,304.03
2025-12-26,11:48:41.720483597,T,IBM,F I,5,304.05
2025-12-26,11:48:41.720504609,T,IBM,F I,2,304.06
2025-12-26,11:49:57.923269457,T,IBM,I,1,304.06
2025-12-26,11:49:59.014826063,T,IBM,I,1,304.06
2025-12-26,11:50:40.181104682,T,IBM,F I,12,304.02
2025-12-26,11:50:40.181122733,T,IBM,F I,2,304.02
2025-12-26,11:50:40.181285226,T,IBM,F I,9,304.02
2025-12-26,11:50:40.181573890,T,IBM,I,9,304.02
2025-12-26,11:50:40.182163260,T,IBM,I,10,304.02
2025-12-26,11:50:41.092761045,T,IBM,F I,9,304.01
2025-12-26,11:50:41.181905226,T,IBM,I,13,303.96
2025-12-26,11:50:43.206892922,T,IBM,I,4,303.94
2025-12-26,11:50:58.867464352,T,IBM,F I,15,303.98
2025-12-26,11:50:58.867466595,T,IBM,F I,2,303.98
2025-12-26,11:51:01.192674042,T,IBM,F,40,304.02
2025-12-26,11:51:01.192674042,T,IBM,F I,11,304.02
2025-12-26,11:51:01.192677390,T,IBM,F I,1,304.02
2025-12-26,11:51:01.196550226,T,IBM,I,1,304.025
2025-12-26,11:51:02.973570690,T,IBM,F I,1,304.0
2025-12-26,11:51:57.579702353,T,IBM,I,1,304.06
2025-12-26,11:51:57.579720374,T,IBM,I,1,304.06
2025-12-26,11:51:57.579723400,T,IBM,F I,12,304.06
2025-12-26,11:51:57.579739015,T,IBM,F I,1,304.07
2025-12-26,11:51:57.579741384,T,IBM,F I,11,304.07
2025-12-26,11:51:57.579780500,T,IBM,I,2,304.08
2025-12-26,11:51:57.580045174,T,IBM,F I,17,304.09
2025-12-26,11:51:57.580045174,T,IBM,F I,1,304.09
2025-12-26,11:51:57.580048185,T,IBM,F I,2,304.09
2025-12-26,11:51:57.580321834,T,IBM,F I,10,304.1
2025-12-26,11:51:57.580321834,T,IBM,F I,10,304.1
2025-12-26,11:51:57.580324773,T,IBM,F I,11,304.1
2025-12-26,11:51:57.580327837,T,IBM,F I,4,304.1
2025-12-26,11:51:57.583310976,T,IBM,I,1,304.11
2025-12-26,11:52:03.050262526,T,IBM,I,6,304.08
2025-12-26,11:52:34.301379285,T,IBM,F I,1,303.97
2025-12-26,11:52:34.702567345,T,IBM,I,9,304.0
2025-12-26,11:52:34.703208073,T,IBM,I,5,304.0
2025-12-26,11:52:34.703210821,T,IBM,I,4,304.01
2025-12-26,11:52:34.744772788,T,IBM,I,8,304.015
2025-12-26,11:52:34.744881033,T,IBM,I,18,304.01
2025-12-26,11:52:36.586895220,T,IBM,F I,13,304.03
2025-12-26,11:52:36.586895220,T,IBM,F I,12,304.04
2025-12-26,11:52:36.586898212,T,IBM,F I,17,304.04
2025-12-26,11:52:43.353222151,T,IBM,I,7,304.07
2025-12-26,11:52:43.450630059,T,IBM,I,7,304.1
2025-12-26,11:52:43.450633087,T,IBM,I,8,304.1
2025-12-26,11:52:43.450654077,T,IBM,F I,12,304.1
2025-12-26,11:52:43.450657232,T,IBM,F I,1,304.1
2025-12-26,11:52:43.450657232,T,IBM,F I,19,304.1
2025-12-26,11:52:43.450660711,T,IBM,F I,1,304.1
2025-12-26,11:52:43.450666097,T,IBM,F I,18,304.1
2025-12-26,11:52:43.450666097,T,IBM,F I,22,304.1
2025-12-26,11:52:43.450699195,T,IBM,I,1,304.11
2025-12-26,11:52:43.450702187,T,IBM,,40,304.11
2025-12-26,11:52:43.451041985,T,IBM,F I,6,304.07
2025-12-26,11:52:43.451041985,T,IBM,F I,25,304.07
2025-12-26,11:52:43.451463153,T,IBM,F I,1,304.07
2025-12-26,11:52:43.451463153,T,IBM,F I,4,304.07
2025-12-26,11:52:43.451466078,T,IBM,F I,3,304.07
2025-12-26,11:52:43.451748749,T,IBM,I,12,304.07
2025-12-26,11:52:57.625432781,T,IBM,I,5,304.09
2025-12-26,11:52:57.856978006,T,IBM,I,11,304.1
2025-12-26,11:52:58.084024851,T,IBM,I,20,304.14
2025-12-26,11:52:58.084028576,T,IBM,I,4,304.14
2025-12-26,11:52:58.084028576,T,IBM,I,4,304.14
2025-12-26,11:52:58.084030571,T,IBM,I,11,304.14
2025-12-26,11:52:58.141545425,T,IBM,I,14,304.16
2025-12-26,11:52:58.141551450,T,IBM,F I,1,304.17
2025-12-26,11:52:58.228753026,T,IBM,F I,13,304.12
2025-12-26,11:53:26.519357884,T,IBM,F,40,304.16
2025-12-26,11:53:26.519379125,T,IBM,I,2,304.16
2025-12-26,11:53:26.519379125,T,IBM,I,1,304.16
2025-12-26,11:53:26.519382133,T,IBM,I,2,304.16
2025-12-26,11:53:26.519384881,T,IBM,I,1,304.16
2025-12-26,11:53:42.009073511,T,IBM,I,1,304.21
2025-12-26,11:53:42.009073511,T,IBM,I,1,304.21
2025-12-26,11:53:42.127360134,T,IBM,I,3,304.215
2025-12-26,11:53:43.121956800,T,IBM,I,2,304.18
2025-12-26,11:53:46.668431672,T,IBM,I,3,304.24
2025-12-26,11:54:30.131831107,T,IBM,F I,1,304.26
2025-12-26,11:54:30.131999490,T,IBM,I,12,304.27
2025-12-26,11:54:43.143816380,T,IBM,I,1,304.265
2025-12-26,11:54:46.530524015,T,IBM,F I,15,304.22
2025-12-26,11:54:50.174821291,T,IBM,F I,33,304.24
2025-12-26,11:54:50.174824690,T,IBM,F I,1,304.24
2025-12-26,11:54:50.174824690,T,IBM,F I,15,304.25
2025-12-26,11:54:50.174827372,T,IBM,F I,18,304.25
2025-12-26,11:54:50.174944616,T,IBM,I,6,304.25
2025-12-26,11:54:55.104565208,T,IBM,I,1,304.29
2025-12-26,11:54:55.104571180,T,IBM,,49,304.3
2025-12-26,11:54:55.104589147,T,IBM,F I,39,304.3
2025-12-26,11:54:55.104589147,T,IBM,F I,1,304.3
2025-12-26,11:54:55.104601190,T,IBM,I,1,304.3
2025-12-26,11:54:55.104601190,T,IBM,I,13,304.3
2025-12-26,11:55:01.445036404,T,IBM,F I,1,304.32
2025-12-26,11:55:03.380395692,T,IBM,I,10,304.355
2025-12-26,11:55:03.380395692,T,IBM,I,1,304.355
2025-12-26,11:55:13.101081876,T,IBM,I,11,304.355
2025-12-26,11:55:21.390330182,T,IBM,I,11,304.32
2025-12-26,11:55:21.390339179,T,IBM,I,19,304.32
2025-12-26,11:55:21.390351317,T,IBM,F I,10,304.32
2025-12-26,11:55:21.390351317,T,IBM,F I,5,304.32
2025-12-26,11:55:21.390354264,T,IBM,F I,5,304.32
2025-12-26,11:55:21.393872542,T,IBM,I,10,304.31
2025-12-26,11:55:22.692063094,T,IBM,I,9,304.33
2025-12-26,11:55:37.281033084,T,IBM,I,2,304.29
2025-12-26,11:55:37.281035514,T,IBM,I,2,304.28
2025-12-26,11:55:37.281050534,T,IBM,I,36,304.255
2025-12-26,11:56:23.641898321,T,IBM,F I,4,304.24
2025-12-26,11:56:32.649542351,T,IBM,I,20,304.28
2025-12-26,11:56:32.649542351,T,IBM,I,5,304.28
2025-12-26,11:56:41.997956727,T,IBM,F I,1,304.24
2025-12-26,11:56:59.948189986,T,IBM,I,5,304.24
2025-12-26,11:56:59.967411788,T,IBM,F I,4,304.23
2025-12-26,11:56:59.967727502,T,IBM,F I,10,304.22
2025-12-26,11:57:14.852213673,T,IBM,,57,304.265
2025-12-26,11:57:34.033306821,T,IBM,,100,304.265
2025-12-26,11:57:57.926915833,T,IBM,F I,1,304.24
2025-12-26,11:58:02.412057187,T,IBM,I,26,304.21
2025-12-26,11:58:02.417879063,T,IBM,I,5,304.2
2025-12-26,11:58:03.186192988,T,IBM,F I,1,304.19
2025-12-26,11:58:29.281556662,T,IBM,I,1,304.205
2025-12-26,11:58:29.281556662,T,IBM,I,3,304.205
2025-12-26,11:58:55.054537542,T,IBM,I,10,304.27
2025-12-26,11:58:55.054540632,T,IBM,I,13,304.27
2025-12-26,11:58:55.054555594,T,IBM,I,1,304.27
2025-12-26,11:58:55.054555594,T,IBM,I,1,304.27
2025-12-26,11:58:55.063348600,T,IBM,I,30,304.24
2025-12-26,11:58:55.091194820,T,IBM,F I,5,304.28
2025-12-26,11:58:56.057656623,T,IBM,I,1,304.26
2025-12-26,11:59:22.374803987,T,IBM,I,4,304.19
2025-12-26,11:59:22.374803987,T,IBM,I,1,304.18
2025-12-26,11:59:22.391436644,T,IBM,I,4,304.18
2025-12-26,11:59:25.931803870,T,IBM,F I,2,304.19
2025-12-26,11:59:25.931806623,T,IBM,F I,3,304.18
2025-12-26,11:59:30.982744977,T,IBM,F I,5,304.225
2025-12-26,11:59:42.299197704,T,IBM,I,5,304.225
2025-12-26,12:00:35.740153462,T,IBM,F I,1,304.16
2025-12-26,12:00:35.740153462,T,IBM,F I,5,304.16
2025-12-26,12:00:37.931689704,T,IBM,F I,12,304.14
2025-12-26,12:00:44.000533231,T,IBM,,40,304.155
2025-12-26,12:00:45.034619994,T,IBM,I,1,304.155
2025-12-26,12:01:35.771599296,T,IBM,I,28,304.15
2025-12-26,12:01:35.775126653,T,IBM,I,11,304.18
2025-12-26,12:01:36.002657474,T,IBM,I,1,304.2
2025-12-26,12:01:36.002660313,T,IBM,I,10,304.2
2025-12-26,12:01:36.003198521,T,IBM,F I,1,304.22
2025-12-26,12:01:36.090186662,T,IBM,I,3,304.26
2025-12-26,12:01:44.381578776,T,IBM,I,5,304.19
2025-12-26,12:01:50.272004506,T,IBM,I,2,304.2
2025-12-26,12:02:53.658305755,T,IBM,F I,12,304.11
2025-12-26,12:03:39.850508856,T,IBM,I,11,304.02
2025-12-26,12:03:50.130956445,T,IBM,I,3,303.97
2025-12-26,12:03:50.130986523,T,IBM,I,2,303.97
2025-12-26,12:04:01.935901274,T,IBM,F I,9,304.0
2025-12-26,12:04:01.935901274,T,IBM,F I,1,304.0
2025-12-26,12:04:01.936442645,T,IBM,I,6,304.01
2025-12-26,12:04:01.936475659,T,IBM,I,7,304.02
2025-12-26,12:04:07.188619893,T,IBM,I,11,304.02
2025-12-26,12:04:07.188619893,T,IBM,I,1,304.03
2025-12-26,12:04:07.188625938,T,IBM,I,3,304.03
2025-12-26,12:04:07.188628922,T,IBM,I,2,304.03
2025-12-26,12:04:07.188646977,T,IBM,F I,1,304.03
2025-12-26,12:04:07.188646977,T,IBM,F I,10,304.03
2025-12-26,12:04:07.188649981,T,IBM,F I,7,304.03
2025-12-26,12:04:07.188649981,T,IBM,F I,11,304.03
2025-12-26,12:04:07.188725093,T,IBM,F I,8,304.03
2025-12-26,12:04:07.456762190,T,IBM,I,2,304.04
2025-12-26,12:04:07.456798378,T,IBM,I,10,304.04
2025-12-26,12:04:08.090833706,T,IBM,F I,1,304.04
2025-12-26,12:04:08.091089299,T,IBM,F I,5,304.06
2025-12-26,12:04:54.265450844,T,IBM,I,7,304.07
2025-12-26,12:04:54.265874860,T,IBM,F I,1,304.09
2025-12-26,12:04:54.266503371,T,IBM,I,1,304.09
2025-12-26,12:04:57.015650965,T,IBM,I,10,304.11
2025-12-26,12:05:12.291705838,T,IBM,F I,1,304.06
2025-12-26,12:05:12.291816489,T,IBM,F I,4,304.06
2025-12-26,12:05:20.630445495,T,IBM,I,4,304.05
2025-12-26,12:05:45.860201272,T,IBM,F I,2,304.11
2025-12-26,12:06:00.870001792,T,IBM,I,2,304.08
2025-12-26,12:06:00.912592134,T,IBM,I,1,304.08
2025-12-26,12:06:00.928797681,T,IBM,I,1,304.08
2025-12-26,12:06:00.959639178,T,IBM,I,1,304.1
2025-12-26,12:06:06.621250328,T,IBM,I,3,304.11
2025-12-26,12:06:06.621325531,T,IBM,I,3,304.11
2025-12-26,12:06:06.621328504,T,IBM,I,2,304.11
2025-12-26,12:06:06.656921245,T,IBM,F I,1,304.14
2025-12-26,12:06:06.698561393,T,IBM,F I,1,304.14
2025-12-26,12:06:06.706506295,T,IBM,F I,1,304.15
2025-12-26,12:06:06.706533300,T,IBM,I,14,304.15
2025-12-26,12:06:06.770546778,T,IBM,F I,1,304.14
2025-12-26,12:06:08.586326558,T,IBM,,40,304.12
2025-12-26,12:07:41.426395956,T,IBM,F I,3,304.15
2025-12-26,12:07:41.426395956,T,IBM,F I,4,304.15
2025-12-26,12:07:41.426690073,T,IBM,F I,4,304.16
2025-12-26,12:07:41.484641039,T,IBM,I,5,304.12
2025-12-26,12:07:41.491145612,T,IBM,I,5,304.12
2025-12-26,12:07:45.069947305,T,IBM,I,3,304.145
2025-12-26,12:07:48.072649652,T,IBM,I,5,304.14
2025-12-26,12:08:04.623426255,T,IBM,F,40,304.12
2025-12-26,12:08:04.623549606,T,IBM,,40,304.12
2025-12-26,12:08:05.755492229,T,IBM,F,40,304.11
2025-12-26,12:08:34.096490945,T,IBM,F I,25,304.07
2025-12-26,12:08:34.096490945,T,IBM,F I,6,304.07
2025-12-26,12:08:34.125543060,T,IBM,I,3,304.03
2025-12-26,12:08:35.610366869,T,IBM,I,4,304.03
2025-12-26,12:08:35.610550313,T,IBM,I,3,304.02
2025-12-26,12:08:35.610550313,T,IBM,I,1,304.02
2025-12-26,12:08:35.610790828,T,IBM,I,4,304.03
2025-12-26,12:08:44.777684540,T,IBM,I,5,304.01
2025-12-26,12:08:44.777684540,T,IBM,I,1,304.0
2025-12-26,12:08:44.930313211,T,IBM,I,9,304.0
2025-12-26,12:08:44.930313211,T,IBM,I,3,304.0
2025-12-26,12:08:44.930318950,T,IBM,I,5,304.0
2025-12-26,12:08:44.930339899,T,IBM,I,12,304.0
2025-12-26,12:08:44.930755004,T,IBM,I,6,304.0
2025-12-26,12:08:44.931098350,T,IBM,I,5,304.0
2025-12-26,12:08:44.931100705,T,IBM,I,1,304.0
2025-12-26,12:08:44.931963823,T,IBM,I,11,303.99
2025-12-26,12:08:44.931984813,T,IBM,I,1,303.99
2025-12-26,12:08:44.932462958,T,IBM,I,7,304.02
2025-12-26,12:08:44.962180647,T,IBM,F I,1,303.99
2025-12-26,12:08:44.962180647,T,IBM,F I,5,303.99
2025-12-26,12:08:46.663805316,T,IBM,I,14,304.03
2025-12-26,12:08:46.663805316,T,IBM,I,1,304.03
2025-12-26,12:08:55.592624577,T,IBM,F I,7,304.0
2025-12-26,12:08:57.863134807,T,IBM,F I,10,303.99
2025-12-26,12:09:17.923864381,T,IBM,I,6,304.005
2025-12-26,12:09:32.374326994,T,IBM,F I,3,304.03
2025-12-26,12:09:32.374381123,T,IBM,I,2,304.03
2025-12-26,12:09:40.138284922,T,IBM,F,41,304.05
2025-12-26,12:09:40.138429454,T,IBM,,40,304.06
2025-12-26,12:09:40.138432186,T,IBM,I,1,304.06
2025-12-26,12:09:41.370744814,T,IBM,F I,1,304.06
2025-12-26,12:09:47.531072095,T,IBM,I,21,304.04
2025-12-26,12:10:01.591094349,T,IBM,F I,1,304.01
2025-12-26,12:10:01.591145805,T,IBM,F I,1,304.01
2025-12-26,12:10:01.591145805,T,IBM,I,1,304.01
2025-12-26,12:10:01.591939330,T,IBM,I,1,304.0
2025-12-26,12:10:27.844454530,T,IBM,F I,14,303.97
2025-12-26,12:10:27.844458143,T,IBM,F I,17,303.95
2025-12-26,12:10:27.844484129,T,IBM,I,14,303.95
2025-12-26,12:10:27.845064521,T,IBM,I,36,303.95
2025-12-26,12:10:42.651842550,T,IBM,F I,1,303.95
2025-12-26,12:10:42.651842550,T,IBM,F I,6,303.94
2025-12-26,12:10:42.651845458,T,IBM,F I,15,303.94
2025-12-26,12:10:42.652242337,T,IBM,I,15,303.94
2025-12-26,12:10:42.652266415,T,IBM,F I,1,303.94
2025-12-26,12:10:54.676198523,T,IBM,I,2,303.93
2025-12-26,12:10:58.812034280,T,IBM,I,1,303.93
2025-12-26,12:11:05.953167492,T,IBM,F I,22,303.89
2025-12-26,12:11:06.474244902,T,IBM,F I,1,303.93
2025-12-26,12:11:06.474251456,T,IBM,F I,4,303.93
2025-12-26,12:11:06.474253914,T,IBM,F I,2,303.94
2025-12-26,12:11:06.474265982,T,IBM,I,4,303.94
2025-12-26,12:11:10.073101367,T,IBM,,40,303.94
2025-12-26,12:11:19.919955909,T,IBM,,40,303.92
2025-12-26,12:11:55.239415199,T,IBM,F I,1,303.98
2025-12-26,12:11:55.239436702,T,IBM,F I,10,303.99
2025-12-26,12:11:55.239439223,T,IBM,F I,7,303.99
2025-12-26,12:11:55.239442286,T,IBM,F I,1,303.99
2025-12-26,12:11:55.239445696,T,IBM,F I,10,304.0
2025-12-26,12:11:55.239457314,T,IBM,F I,1,303.99
2025-12-26,12:11:55.239484785,T,IBM,I,1,304.01
2025-12-26,12:11:55.239484785,T,IBM,I,1,304.01
2025-12-26,12:11:55.239529568,T,IBM,I,1,304.02
2025-12-26,12:11:55.239529568,T,IBM,I,6,304.02
2025-12-26,12:11:55.239622693,T,IBM,I,15,303.99
2025-12-26,12:12:50.548475789,T,IBM,I,1,303.995
2025-12-26,12:12:54.229556939,T,IBM,I,4,304.0
2025-12-26,12:12:54.955951109,T,IBM,I,4,304.01
2025-12-26,12:13:01.916023223,T,IBM,I,2,304.04
2025-12-26,12:13:21.572422130,T,IBM,F I,4,303.99
2025-12-26,12:13:46.774175282,T,IBM,F I,1,304.05
2025-12-26,12:13:46.774175282,T,IBM,F I,1,304.05
2025-12-26,12:13:46.774199385,T,IBM,F,40,304.05
2025-12-26,12:13:56.009662243,T,IBM,I,1,304.07
2025-12-26,12:13:56.009668332,T,IBM,,40,304.07
2025-12-26,12:13:56.009668332,T,IBM,I,10,304.07
2025-12-26,12:13:56.009680312,T,IBM,I,1,304.07
2025-12-26,12:13:56.009701372,T,IBM,I,39,304.07
2025-12-26,12:13:56.019450536,T,IBM,I,1,304.075
2025-12-26,12:15:05.576074866,T,IBM,F I,7,304.01
2025-12-26,12:15:05.576074866,T,IBM,F I,1,304.01
2025-12-26,12:15:05.576086795,T,IBM,I,7,304.01
2025-12-26,12:15:05.576095877,T,IBM,I,7,304.01
2025-12-26,12:15:05.576321351,T,IBM,I,7,304.01
2025-12-26,12:15:11.735764616,T,IBM,I,10,304.04
2025-12-26,12:15:11.735768836,T,IBM,I,15,304.04
2025-12-26,12:15:11.735768836,T,IBM,I,5,304.05
2025-12-26,12:15:11.735770813,T,IBM,I,7,304.05
2025-12-26,12:15:11.735785665,T,IBM,F I,25,304.05
2025-12-26,12:15:23.325910971,T,IBM,I,5,304.055
2025-12-26,12:15:31.453572717,T,IBM,F I,2,304.08
2025-12-26,12:15:31.453578728,T,IBM,F I,2,304.09
2025-12-26,12:15:31.453813306,T,IBM,I,12,304.11
2025-12-26,12:15:51.207583934,T,IBM,I,20,304.095
2025-12-26,12:16:16.195107079,T,IBM,F I,1,304.05
2025-12-26,12:16:16.195131164,T,IBM,F I,7,304.05
2025-12-26,12:16:16.195131164,T,IBM,I,1,304.05
2025-12-26,12:16:16.195134368,T,IBM,F I,26,304.05
2025-12-26,12:16:16.195137097,T,IBM,F I,14,304.05
2025-12-26,12:16:16.195155213,T,IBM,,40,304.05
2025-12-26,12:16:16.195702520,T,IBM,F,40,304.05
2025-12-26,12:16:16.195726567,T,IBM,I,1,304.05
2025-12-26,12:16:16.195852808,T,IBM,F I,4,304.09
2025-12-26,12:16:16.196156944,T,IBM,I,2,304.09
2025-12-26,12:16:16.196159628,T,IBM,I,1,304.09
2025-12-26,12:16:16.196192635,T,IBM,I,1,304.09
2025-12-26,12:16:16.196397162,T,IBM,F I,1,304.09
2025-12-26,12:16:16.196400166,T,IBM,F I,39,304.09
2025-12-26,12:16:16.196646768,T,IBM,F I,34,304.06
2025-12-26,12:16:16.196646768,T,IBM,F I,6,304.05
2025-12-26,12:16:16.200294359,T,IBM,I,1,304.08
2025-12-26,12:16:16.200297430,T,IBM,I,3,304.08
2025-12-26,12:16:28.661314184,T,IBM,I,11,304.13
2025-12-26,12:16:33.648900563,T,IBM,I,5,304.14
2025-12-26,12:16:54.822730007,T,IBM,I,1,304.135
2025-12-26,12:17:01.163898754,T,IBM,I,30,304.08
2025-12-26,12:17:09.094257584,T,IBM,I,5,304.08
2025-12-26,12:17:09.094260596,T,IBM,I,10,304.08
2025-12-26,12:17:18.176505812,T,IBM,I,5,304.08
2025-12-26,12:17:18.995006350,T,IBM,F I,5,304.08
2025-12-26,12:17:18.995012206,T,IBM,F,40,304.07
2025-12-26,12:17:18.995012206,T,IBM,F I,35,304.07
2025-12-26,12:17:18.995018205,T,IBM,F I,5,304.07
2025-12-26,12:18:02.730116918,T,IBM,I,5,304.1
2025-12-26,12:18:02.730116918,T,IBM,I,1,304.12
2025-12-26,12:18:02.730159038,T,IBM,I,5,304.12
2025-12-26,12:18:29.737512681,T,IBM,F I,5,304.15
2025-12-26,12:18:29.737516288,T,IBM,F I,1,304.17
2025-12-26,12:18:29.737557729,T,IBM,F I,5,304.17
2025-12-26,12:18:55.353029913,T,IBM,I,3,304.16
2025-12-26,12:19:28.627119008,T,IBM,F I,3,304.16
2025-12-26,12:19:30.037329085,T,IBM,I,1,304.16
2025-12-26,12:19:42.058816573,T,IBM,F I,8,304.13
2025-12-26,12:19:44.367965706,T,IBM,I,3,304.165
2025-12-26,12:19:44.423574187,T,IBM,I,2,304.165
2025-12-26,12:19:46.479625694,T,IBM,I,1,304.165
