DATE,TIME_M,EX,SYM_ROOT,TR_SCOND,SIZE,PRICE
2025-11-10,9:30:00.652769685,T,IBM,TI,3,306.94
2025-11-10,9:30:00.652769685,T,IBM,TI,9,306.89
2025-11-10,9:30:00.652769685,T,IBM,T,50,306.82
2025-11-10,9:30:00.652772428,T,IBM,TI,18,306.6
2025-11-10,9:30:00.663327388,T,IBM,TI,30,306.6
2025-11-10,9:30:01.186601314,T,IBM,I,5,306.66
2025-11-10,9:30:01.186601314,T,IBM,I,32,306.6
2025-11-10,9:30:01.186606174,T,IBM,I,2,306.6
2025-11-10,9:30:01.186627533,T,IBM,,41,306.55
2025-11-10,9:30:01.186627533,T,IBM,Q,5,306.66
2025-11-10,9:30:01.187805993,T,IBM,F I,4,306.55
2025-11-10,9:30:01.198544611,T,IBM,I,39,306.55
2025-11-10,9:30:01.244978178,T,IBM,I,5,306.07
2025-11-10,9:30:01.244987095,T,IBM,I,3,306.07
2025-11-10,9:30:01.244990144,T,IBM,I,5,306.07
2025-11-10,9:30:01.244990144,T,IBM,F I,5,306.07
2025-11-10,9:30:01.244993285,T,IBM,F I,5,306.07
2025-11-10,9:30:01.244996133,T,IBM,F I,5,306.07
2025-11-10,9:30:01.245011242,T,IBM,I,5,306.07
2025-11-10,9:30:01.245011242,T,IBM,I,5,306.07
2025-11-10,9:30:01.245224731,T,IBM,I,5,306.0
2025-11-10,9:30:01.245338946,T,IBM,F I,5,306.03
2025-11-10,9:30:01.245402163,T,IBM,,100,306.04
2025-11-10,9:30:01.313117373,T,IBM,I,1,305.95
2025-11-10,9:30:01.321546418,T,IBM,F I,20,305.96
2025-11-10,9:30:01.524186851,T,IBM,,120,305.775
2025-11-10,9:30:01.712179520,T,IBM,I,5,305.8
2025-11-10,9:30:01.804589998,T,IBM,F,80,305.675
2025-11-10,9:30:01.804592704,T,IBM,F,40,305.77
2025-11-10,9:30:01.804592704,T,IBM,F,40,305.78
2025-11-10,9:30:01.816858639,T,IBM,I,1,305.59
2025-11-10,9:30:02.059809971,T,IBM,I,1,305.77
2025-11-10,9:30:02.059969328,T,IBM,I,39,305.77
2025-11-10,9:30:02.112143623,T,IBM,I,6,305.77
2025-11-10,9:30:02.200082012,T,IBM,I,5,305.78
2025-11-10,9:30:02.200084961,T,IBM,I,1,305.79
2025-11-10,9:30:02.424145397,T,IBM,F I,5,305.73
2025-11-10,9:30:02.424145397,T,IBM,F I,5,305.76
2025-11-10,9:30:02.424151440,T,IBM,F,42,305.8
2025-11-10,9:30:02.424164199,T,IBM,I,1,305.8
2025-11-10,9:30:02.424169446,T,IBM,F,194,305.8
2025-11-10,9:30:02.424214738,T,IBM,,100,305.8
2025-11-10,9:30:02.424849089,T,IBM,,84,305.79
2025-11-10,9:30:05.944906412,T,IBM,F I,3,305.825
2025-11-10,9:30:05.946461132,T,IBM,I,1,305.825
2025-11-10,9:30:06.053888822,T,IBM,I,11,305.825
2025-11-10,9:30:06.144148729,T,IBM,I,1,305.825
2025-11-10,9:30:06.242362562,T,IBM,,100,305.825
2025-11-10,9:30:06.407930894,T,IBM,I,5,306.01
2025-11-10,9:30:06.407933754,T,IBM,,40,306.05
2025-11-10,9:30:06.407933754,T,IBM,I,9,306.05
2025-11-10,9:30:06.407951741,T,IBM,I,1,306.05
2025-11-10,9:30:06.407951741,T,IBM,F,203,306.05
2025-11-10,9:30:06.408026917,T,IBM,,100,305.825
2025-11-10,9:30:06.416179386,T,IBM,I,5,306.27
2025-11-10,9:30:06.933567114,T,IBM,I,20,306.27
2025-11-10,9:30:06.933570123,T,IBM,,40,306.26
2025-11-10,9:30:06.933570123,T,IBM,,64,306.26
2025-11-10,9:30:06.933585213,T,IBM,I,1,306.26
2025-11-10,9:30:06.933585213,T,IBM,I,19,306.26
2025-11-10,9:30:06.933636264,T,IBM,F,73,306.26
2025-11-10,9:30:06.934616638,T,IBM,I,29,306.26
2025-11-10,9:30:09.444752533,T,IBM,,100,306.33
2025-11-10,9:30:09.444755516,T,IBM,I,32,306.32
2025-11-10,9:30:09.444776795,T,IBM,F I,8,306.32
2025-11-10,9:30:09.444779613,T,IBM,F I,20,306.32
2025-11-10,9:30:09.444782701,T,IBM,F,40,306.31
2025-11-10,9:30:09.444782701,T,IBM,F I,8,306.31
2025-11-10,9:30:09.444785568,T,IBM,F,56,306.31
2025-11-10,9:30:09.444797618,T,IBM,I,28,306.31
2025-11-10,9:30:18.047651621,T,IBM,,40,306.54
2025-11-10,9:30:18.047654710,T,IBM,,40,306.54
2025-11-10,9:30:18.047672765,T,IBM,F,40,306.54
2025-11-10,9:30:18.047672765,T,IBM,I,1,306.54
2025-11-10,9:30:18.047675749,T,IBM,,40,306.54
2025-11-10,9:30:18.047684796,T,IBM,F I,10,306.54
2025-11-10,9:30:18.052526228,T,IBM,F,40,306.7
2025-11-10,9:30:20.713681767,T,IBM,I,5,306.82
2025-11-10,9:30:20.713684750,T,IBM,I,7,306.87
2025-11-10,9:30:20.713705876,T,IBM,F I,5,306.87
2025-11-10,9:30:20.713994565,T,IBM,F I,1,306.98
2025-11-10,9:30:20.714048655,T,IBM,F I,1,306.98
2025-11-10,9:30:20.714069933,T,IBM,F I,1,306.98
2025-11-10,9:30:20.714069933,T,IBM,F I,1,306.98
2025-11-10,9:30:20.714283166,T,IBM,I,1,306.98
2025-11-10,9:30:20.714337319,T,IBM,F I,1,307.0
2025-11-10,9:30:20.715023329,T,IBM,,45,306.89
2025-11-10,9:30:22.247639786,T,IBM,I,1,307.0
2025-11-10,9:30:22.247642821,T,IBM,,54,307.0
2025-11-10,9:30:22.247642821,T,IBM,I,12,307.0
2025-11-10,9:30:39.669268073,T,IBM,I,2,306.69
2025-11-10,9:30:40.729926175,T,IBM,I,2,306.96
2025-11-10,9:30:41.243290452,T,IBM,F I,20,307.08
2025-11-10,9:30:41.243308508,T,IBM,I,1,307.08
2025-11-10,9:30:43.424987534,T,IBM,F,150,306.97
2025-11-10,9:30:47.551200895,T,IBM,I,2,306.79
2025-11-10,9:30:47.793517811,T,IBM,I,2,306.6
2025-11-10,9:30:54.585397423,T,IBM,F I,5,306.71
2025-11-10,9:30:56.268480730,T,IBM,,101,306.515
2025-11-10,9:31:05.797301940,T,IBM,I,3,306.21
2025-11-10,9:31:06.847801905,T,IBM,I,1,306.12
2025-11-10,9:31:06.847949177,T,IBM,I,4,306.12
2025-11-10,9:31:06.907896971,T,IBM,I,1,306.09
2025-11-10,9:31:07.158799328,T,IBM,I,1,306.08
2025-11-10,9:31:07.871002911,T,IBM,F I,5,306.2
2025-11-10,9:31:07.871005878,T,IBM,F I,5,306.27
2025-11-10,9:31:13.507685077,T,IBM,F I,23,306.43
2025-11-10,9:31:13.507697146,T,IBM,F,77,306.43
2025-11-10,9:31:13.507700870,T,IBM,F,100,306.46
2025-11-10,9:31:13.507700870,T,IBM,F I,21,306.47
2025-11-10,9:31:13.507703420,T,IBM,F I,2,306.47
2025-11-10,9:31:13.507706155,T,IBM,F I,9,306.47
2025-11-10,9:31:13.507719129,T,IBM,I,23,306.47
2025-11-10,9:31:13.507721259,T,IBM,I,1,306.47
2025-11-10,9:31:32.713093856,T,IBM,F,100,306.435
2025-11-10,9:31:33.699204501,T,IBM,I,5,306.435
2025-11-10,9:31:46.971205562,T,IBM,I,1,306.8
2025-11-10,9:31:46.971226756,T,IBM,F I,16,306.8
2025-11-10,9:31:46.971274981,T,IBM,F,83,306.8
2025-11-10,9:31:46.971274981,T,IBM,F,40,306.81
2025-11-10,9:31:46.971280748,T,IBM,F,40,306.81
2025-11-10,9:31:46.971280748,T,IBM,F,46,306.81
2025-11-10,9:31:46.971283670,T,IBM,F I,5,306.81
2025-11-10,9:31:46.971292772,T,IBM,F I,11,306.81
2025-11-10,9:31:46.971295752,T,IBM,I,1,306.81
2025-11-10,9:31:46.971307994,T,IBM,F I,17,306.81
2025-11-10,9:31:46.971311381,T,IBM,F I,9,306.81
2025-11-10,9:31:46.971313857,T,IBM,F,40,306.81
2025-11-10,9:31:46.971313857,T,IBM,F I,17,306.81
2025-11-10,9:31:46.971317482,T,IBM,I,33,306.81
2025-11-10,9:31:46.971322882,T,IBM,I,30,306.81
2025-11-10,9:31:46.971322882,T,IBM,,40,306.81
2025-11-10,9:31:46.971325803,T,IBM,,77,306.81
2025-11-10,9:31:46.971340827,T,IBM,I,3,306.81
2025-11-10,9:31:46.971340827,T,IBM,,40,306.81
2025-11-10,9:31:46.971617525,T,IBM,F I,15,306.8
2025-11-10,9:31:46.971647560,T,IBM,F I,28,306.8
2025-11-10,9:31:46.971993367,T,IBM,F,57,306.8
2025-11-10,9:31:46.972450489,T,IBM,I,6,306.81
2025-11-10,9:31:46.972459503,T,IBM,I,15,306.81
2025-11-10,9:31:46.979995489,T,IBM,F I,3,306.69
2025-11-10,9:32:01.463596209,T,IBM,F,100,306.61
2025-11-10,9:32:06.400554773,T,IBM,F I,5,306.45
2025-11-10,9:32:06.400554773,T,IBM,F I,1,306.39
2025-11-10,9:32:06.400560986,T,IBM,F I,3,306.39
2025-11-10,9:32:06.400587681,T,IBM,F I,2,306.39
2025-11-10,9:32:06.400653854,T,IBM,F I,3,306.37
2025-11-10,9:32:06.400702033,T,IBM,F I,2,306.36
2025-11-10,9:32:06.400704973,T,IBM,F I,1,306.36
2025-11-10,9:32:06.400711061,T,IBM,F I,10,306.33
2025-11-10,9:32:06.400711061,T,IBM,F I,2,306.33
2025-11-10,9:32:06.400717063,T,IBM,F I,14,306.33
2025-11-10,9:32:06.400717063,T,IBM,F I,1,306.33
2025-11-10,9:32:06.400719985,T,IBM,F I,1,306.33
2025-11-10,9:32:06.406129921,T,IBM,F I,30,306.25
2025-11-10,9:32:06.407977153,T,IBM,F I,20,306.01
2025-11-10,9:32:06.409531055,T,IBM,F I,30,305.99
2025-11-10,9:32:06.531642802,T,IBM,F I,14,306.11
2025-11-10,9:32:07.265994095,T,IBM,F,150,306.155
2025-11-10,9:32:07.266030382,T,IBM,F,50,306.155
2025-11-10,9:32:09.043270190,T,IBM,F I,3,305.77
2025-11-10,9:32:09.043378473,T,IBM,I,16,305.85
2025-11-10,9:32:11.089527844,T,IBM,F,40,305.66
2025-11-10,9:32:12.467215630,T,IBM,,120,305.74
2025-11-10,9:32:12.470300958,T,IBM,F,100,305.9
2025-11-10,9:32:12.470300958,T,IBM,F,40,305.91
2025-11-10,9:32:12.470306991,T,IBM,F I,9,305.91
2025-11-10,9:32:12.470306991,T,IBM,F I,35,305.91
2025-11-10,9:32:12.470310515,T,IBM,F,40,305.91
2025-11-10,9:32:12.470313083,T,IBM,F,40,305.91
2025-11-10,9:32:12.470313083,T,IBM,F,110,305.91
2025-11-10,9:32:12.470725012,T,IBM,F,40,305.95
2025-11-10,9:32:12.471841257,T,IBM,,40,305.96
2025-11-10,9:32:12.471841257,T,IBM,I,13,305.96
2025-11-10,9:32:12.472989466,T,IBM,F,40,305.81
2025-11-10,9:32:13.739499662,T,IBM,F I,4,305.86
2025-11-10,9:32:31.026010060,T,IBM,I,18,306.125
2025-11-10,9:32:37.199347082,T,IBM,F I,9,305.92
2025-11-10,9:32:37.206248505,T,IBM,F,100,306.02
2025-11-10,9:32:37.212581583,T,IBM,,100,306.02
2025-11-10,9:32:40.352028703,T,IBM,F,97,306.11
2025-11-10,9:32:52.648387096,T,IBM,I,2,306.1
2025-11-10,9:33:00.750729371,T,IBM,F,100,305.99
2025-11-10,9:33:02.878483966,T,IBM,F,97,306.06
2025-11-10,9:33:02.878505642,T,IBM,F I,3,306.06
2025-11-10,9:33:02.878505642,T,IBM,F,49,306.07
2025-11-10,9:33:02.878508275,T,IBM,F,40,306.07
2025-11-10,9:33:02.878508275,T,IBM,F I,8,306.07
2025-11-10,9:33:02.878541085,T,IBM,F,50,306.11
2025-11-10,9:33:02.878550340,T,IBM,I,30,305.98
2025-11-10,9:33:02.878553093,T,IBM,I,9,305.97
2025-11-10,9:33:02.878610228,T,IBM,F I,1,306.12
2025-11-10,9:33:02.878640304,T,IBM,F,40,306.16
2025-11-10,9:33:02.879205896,T,IBM,F I,4,306.06
2025-11-10,9:33:02.879341109,T,IBM,,96,306.06
2025-11-10,9:33:02.879617693,T,IBM,F I,5,306.02
2025-11-10,9:33:02.879620678,T,IBM,F I,28,306.01
2025-11-10,9:33:02.879638684,T,IBM,I,1,306.01
2025-11-10,9:33:02.879647719,T,IBM,F I,2,306.01
2025-11-10,9:33:02.879651714,T,IBM,F I,2,306.01
2025-11-10,9:33:02.880850658,T,IBM,I,15,305.96
2025-11-10,9:33:02.880850658,T,IBM,I,10,306.0
2025-11-10,9:33:02.884083253,T,IBM,I,25,305.97
2025-11-10,9:33:02.892876229,T,IBM,,51,306.0
2025-11-10,9:33:02.893345354,T,IBM,F I,25,306.0
2025-11-10,9:33:02.895763618,T,IBM,I,24,306.0
2025-11-10,9:33:02.895766158,T,IBM,I,11,306.01
2025-11-10,9:33:02.895769075,T,IBM,I,5,306.01
2025-11-10,9:33:02.895787425,T,IBM,F I,9,306.01
2025-11-10,9:33:02.895787425,T,IBM,F I,7,306.01
2025-11-10,9:33:02.895790287,T,IBM,I,22,306.01
2025-11-10,9:33:02.897089275,T,IBM,,100,306.0
2025-11-10,9:33:07.291754639,T,IBM,F,100,306.16
2025-11-10,9:33:07.291794583,T,IBM,F I,9,306.21
2025-11-10,9:33:07.291841868,T,IBM,F I,1,306.21
2025-11-10,9:33:07.291844901,T,IBM,I,9,306.21
2025-11-10,9:33:07.291887001,T,IBM,,90,306.21
2025-11-10,9:33:07.292253880,T,IBM,I,13,306.13
2025-11-10,9:33:07.292452360,T,IBM,F I,1,306.3
2025-11-10,9:33:07.298052734,T,IBM,I,2,306.3
2025-11-10,9:33:07.298054702,T,IBM,,98,306.3
2025-11-10,9:33:07.319570938,T,IBM,,75,306.3
2025-11-10,9:33:07.320794829,T,IBM,I,25,306.3
2025-11-10,9:33:08.870227517,T,IBM,I,20,306.21
2025-11-10,9:33:10.146914002,T,IBM,I,2,306.16
2025-11-10,9:33:10.242079055,T,IBM,I,2,306.12
2025-11-10,9:33:10.242081538,T,IBM,I,2,306.12
2025-11-10,9:33:16.658409048,T,IBM,F I,1,306.47
2025-11-10,9:33:16.658766846,T,IBM,F,100,306.47
2025-11-10,9:33:27.268634984,T,IBM,I,9,306.42
2025-11-10,9:33:27.268637969,T,IBM,,46,306.42
2025-11-10,9:33:32.762351023,T,IBM,F,40,306.425
2025-11-10,9:33:34.759210015,T,IBM,F,120,306.435
2025-11-10,9:33:36.024760946,T,IBM,I,6,306.435
2025-11-10,9:33:48.583981202,T,IBM,,40,306.49
2025-11-10,9:33:53.289725733,T,IBM,F I,5,306.37
2025-11-10,9:33:53.289725733,T,IBM,F I,5,306.36
2025-11-10,9:33:53.289728561,T,IBM,F,40,306.35
2025-11-10,9:33:53.289731302,T,IBM,F I,2,306.35
2025-11-10,9:33:53.289746357,T,IBM,F I,9,306.35
2025-11-10,9:33:53.289764370,T,IBM,F I,1,306.33
2025-11-10,9:33:53.290534169,T,IBM,I,20,306.26
2025-11-10,9:33:53.290537180,T,IBM,I,20,306.26
2025-11-10,9:33:53.290639421,T,IBM,F I,3,306.13
2025-11-10,9:33:54.036225528,T,IBM,F I,5,306.16
2025-11-10,9:33:54.036228464,T,IBM,F I,2,306.19
2025-11-10,9:33:54.379561863,T,IBM,I,5,306.22
2025-11-10,9:33:54.379561863,T,IBM,I,2,306.24
2025-11-10,9:33:57.348635401,T,IBM,I,7,306.26
2025-11-10,9:33:58.634316306,T,IBM,,45,306.225
2025-11-10,9:33:58.634322353,T,IBM,F,93,306.26
2025-11-10,9:33:58.634328378,T,IBM,I,3,306.37
2025-11-10,9:33:58.634698183,T,IBM,F,45,306.27
2025-11-10,9:33:58.634701168,T,IBM,F I,4,306.24
2025-11-10,9:33:58.634788407,T,IBM,,49,306.23
2025-11-10,9:33:58.634989966,T,IBM,,40,306.22
2025-11-10,9:33:58.634993229,T,IBM,I,9,306.22
2025-11-10,9:33:58.634993229,T,IBM,,40,306.22
2025-11-10,9:33:58.635010980,T,IBM,I,1,306.22
2025-11-10,9:33:58.651640500,T,IBM,I,4,306.37
2025-11-10,9:33:58.651661555,T,IBM,F,40,306.37
2025-11-10,9:33:58.651685685,T,IBM,I,16,306.29
2025-11-10,9:33:58.651685685,T,IBM,I,29,306.29
2025-11-10,9:33:58.651905727,T,IBM,F I,16,306.37
2025-11-10,9:33:58.651908285,T,IBM,F,40,306.37
2025-11-10,9:33:58.651911227,T,IBM,F I,16,306.37
2025-11-10,9:33:58.651920239,T,IBM,F I,4,306.37
2025-11-10,9:33:58.651920239,T,IBM,F I,36,306.41
2025-11-10,9:33:58.651926202,T,IBM,F I,3,306.41
2025-11-10,9:33:58.651941248,T,IBM,F I,1,306.41
2025-11-10,9:33:58.652211929,T,IBM,F I,3,306.42
2025-11-10,9:33:58.702413442,T,IBM,I,1,306.47
2025-11-10,9:34:16.931424484,T,IBM,I,3,306.525
2025-11-10,9:34:26.756806083,T,IBM,F,68,306.47
2025-11-10,9:34:26.756806083,T,IBM,F,52,306.47
2025-11-10,9:34:26.756881187,T,IBM,,48,306.47
2025-11-10,9:34:26.757209007,T,IBM,F,100,306.47
2025-11-10,9:34:29.157481380,T,IBM,F I,7,306.6
2025-11-10,9:34:29.157493476,T,IBM,F,110,306.6
2025-11-10,9:34:30.507731933,T,IBM,I,2,306.7
2025-11-10,9:34:30.507740984,T,IBM,F I,2,306.7
2025-11-10,9:34:30.507743974,T,IBM,F I,2,306.7
2025-11-10,9:34:30.507792127,T,IBM,F I,2,306.7
2025-11-10,9:34:30.507795151,T,IBM,F I,2,306.7
2025-11-10,9:34:30.507822330,T,IBM,F I,2,306.7
2025-11-10,9:34:30.507840252,T,IBM,F I,2,306.7
2025-11-10,9:34:30.507849313,T,IBM,F I,3,306.7
2025-11-10,9:34:30.507918462,T,IBM,F I,3,306.7
2025-11-10,9:34:30.507978505,T,IBM,F I,2,306.7
2025-11-10,9:34:30.508065956,T,IBM,F I,2,306.7
2025-11-10,9:34:30.508104855,T,IBM,F I,3,306.7
2025-11-10,9:34:30.508201390,T,IBM,F,123,306.7
2025-11-10,9:34:30.508204130,T,IBM,F I,3,306.78
2025-11-10,9:34:30.508246233,T,IBM,I,16,306.7
2025-11-10,9:34:30.508537835,T,IBM,I,9,306.64
2025-11-10,9:34:30.508574002,T,IBM,I,9,306.64
2025-11-10,9:34:30.508943830,T,IBM,F I,5,306.76
2025-11-10,9:34:30.508943830,T,IBM,F I,4,306.78
2025-11-10,9:34:30.508981022,T,IBM,F I,5,306.78
2025-11-10,9:34:30.508982953,T,IBM,F,51,306.78
2025-11-10,9:34:30.509064209,T,IBM,F I,4,306.82
2025-11-10,9:34:30.509064209,T,IBM,F I,2,306.82
2025-11-10,9:34:30.509070207,T,IBM,F I,4,306.82
2025-11-10,9:34:30.509070207,T,IBM,F I,4,306.82
2025-11-10,9:34:30.509073189,T,IBM,F,40,306.82
2025-11-10,9:34:30.509112236,T,IBM,F I,5,306.86
2025-11-10,9:34:30.516994034,T,IBM,F I,3,306.83
2025-11-10,9:34:30.517006003,T,IBM,F,100,306.83
2025-11-10,9:34:30.517024135,T,IBM,I,1,306.745
2025-11-10,9:34:30.682177261,T,IBM,I,5,306.76
2025-11-10,9:34:39.479215610,T,IBM,,40,306.78
2025-11-10,9:34:39.480027534,T,IBM,F I,24,306.88
2025-11-10,9:34:39.480048608,T,IBM,I,1,306.88
2025-11-10,9:34:39.486441799,T,IBM,I,6,306.98
2025-11-10,9:34:39.486445009,T,IBM,,40,306.98
2025-11-10,9:34:39.486445009,T,IBM,F,46,306.98
2025-11-10,9:34:39.486447859,T,IBM,F,54,306.98
2025-11-10,9:34:39.486459879,T,IBM,F,629,307.0
2025-11-10,9:34:39.486507971,T,IBM,F,371,307.0
2025-11-10,9:34:39.770567249,T,IBM,I,25,307.44
2025-11-10,9:34:41.941465554,T,IBM,F I,4,307.39
2025-11-10,9:34:41.941511318,T,IBM,I,5,307.44
2025-11-10,9:34:41.941682068,T,IBM,F I,11,307.42
2025-11-10,9:34:41.941916688,T,IBM,I,8,307.39
2025-11-10,9:34:44.701460311,T,IBM,I,11,307.45
2025-11-10,9:34:44.701580622,T,IBM,I,11,307.47
2025-11-10,9:34:44.701667804,T,IBM,F I,11,307.54
2025-11-10,9:34:44.701685837,T,IBM,I,11,307.54
2025-11-10,9:34:44.701730930,T,IBM,I,11,307.54
2025-11-10,9:34:44.701836693,T,IBM,F I,4,307.56
2025-11-10,9:34:44.701836693,T,IBM,I,7,307.56
2025-11-10,9:34:44.702512842,T,IBM,F I,13,307.53
2025-11-10,9:34:44.702518836,T,IBM,F I,13,307.53
2025-11-10,9:34:44.702527909,T,IBM,F I,13,307.53
2025-11-10,9:34:44.702536844,T,IBM,F I,13,307.53
2025-11-10,9:34:44.702539857,T,IBM,F,148,307.53
2025-11-10,9:34:44.702563913,T,IBM,F I,13,307.5
2025-11-10,9:34:44.702566958,T,IBM,F I,13,307.5
2025-11-10,9:34:47.522927547,T,IBM,F,80,307.44
2025-11-10,9:34:47.522930514,T,IBM,F,40,307.43
2025-11-10,9:34:47.522942529,T,IBM,F,80,307.43
2025-11-10,9:34:47.523062770,T,IBM,F,80,307.4
2025-11-10,9:34:47.523074778,T,IBM,F,160,307.4
2025-11-10,9:34:47.523886711,T,IBM,F,40,307.31
2025-11-10,9:34:51.161356410,T,IBM,F I,1,307.12
2025-11-10,9:34:51.161639246,T,IBM,I,1,307.07
2025-11-10,9:34:52.658737401,T,IBM,F I,30,307.05
2025-11-10,9:34:52.658743482,T,IBM,F,90,307.02
2025-11-10,9:34:52.658801527,T,IBM,F I,7,307.02
2025-11-10,9:34:52.658804347,T,IBM,F I,23,307.02
2025-11-10,9:34:59.483220596,T,IBM,I,3,306.93
2025-11-10,9:34:59.483256733,T,IBM,I,17,306.93
2025-11-10,9:34:59.483256733,T,IBM,I,23,306.92
2025-11-10,9:34:59.483277824,T,IBM,F I,17,306.92
2025-11-10,9:35:01.724062696,T,IBM,F I,20,306.79
2025-11-10,9:35:01.724062696,T,IBM,F I,21,306.78
2025-11-10,9:35:01.724066032,T,IBM,I,19,306.78
2025-11-10,9:35:01.724068412,T,IBM,I,1,306.78
2025-11-10,9:35:04.036429544,T,IBM,F,100,306.78
2025-11-10,9:35:04.036429544,T,IBM,F,50,306.78
2025-11-10,9:35:06.079544649,T,IBM,F I,1,306.74
2025-11-10,9:35:06.253391556,T,IBM,I,20,306.68
2025-11-10,9:35:06.253394881,T,IBM,I,20,306.67
2025-11-10,9:35:06.253409562,T,IBM,I,1,306.67
2025-11-10,9:35:06.253412616,T,IBM,I,13,306.67
2025-11-10,9:35:06.253412616,T,IBM,F I,6,306.67
2025-11-10,9:35:06.253430616,T,IBM,,40,306.66
2025-11-10,9:35:06.253430616,T,IBM,I,20,306.66
2025-11-10,9:35:06.253451686,T,IBM,I,20,306.66
2025-11-10,9:35:10.643877146,T,IBM,,40,306.615
2025-11-10,9:35:10.947380679,T,IBM,F I,30,306.66
2025-11-10,9:35:15.288705108,T,IBM,I,4,306.71
2025-11-10,9:35:16.573282406,T,IBM,I,2,306.71
2025-11-10,9:35:16.908033295,T,IBM,F I,4,306.71
2025-11-10,9:35:20.331353165,T,IBM,I,5,306.71
2025-11-10,9:35:20.331771196,T,IBM,I,1,306.71
2025-11-10,9:35:20.375823038,T,IBM,I,4,306.71
2025-11-10,9:35:20.533422218,T,IBM,F,47,306.71
2025-11-10,9:35:20.553901066,T,IBM,F I,4,306.75
2025-11-10,9:35:20.553913039,T,IBM,F,100,306.75
2025-11-10,9:35:33.947881404,T,IBM,F I,20,306.68
2025-11-10,9:35:33.947881404,T,IBM,F I,30,306.67
2025-11-10,9:35:33.947896515,T,IBM,F I,10,306.67
2025-11-10,9:35:33.947896515,T,IBM,F I,10,306.67
2025-11-10,9:35:34.206854952,T,IBM,I,4,306.39
2025-11-10,9:35:34.207642785,T,IBM,F I,1,306.33
2025-11-10,9:35:35.488662534,T,IBM,I,7,306.6
2025-11-10,9:35:38.169902777,T,IBM,I,5,306.57
2025-11-10,9:35:39.383790630,T,IBM,I,5,306.53
2025-11-10,9:35:39.889546684,T,IBM,I,5,306.54
2025-11-10,9:35:42.118880277,T,IBM,F I,20,306.29
2025-11-10,9:35:42.118883151,T,IBM,F I,20,306.28
2025-11-10,9:35:42.118901270,T,IBM,F I,20,306.28
2025-11-10,9:35:42.119834144,T,IBM,F I,39,306.22
2025-11-10,9:35:42.119834144,T,IBM,F,40,306.22
2025-11-10,9:35:42.119836577,T,IBM,F,86,306.22
2025-11-10,9:35:42.119839489,T,IBM,F,75,306.22
2025-11-10,9:35:42.119863523,T,IBM,I,13,306.31
2025-11-10,9:35:49.735785816,T,IBM,I,5,306.31
2025-11-10,9:35:53.675997438,T,IBM,F I,1,306.285
2025-11-10,9:35:53.675997438,T,IBM,F I,2,306.28
2025-11-10,9:35:56.374444582,T,IBM,F,40,306.04
2025-11-10,9:35:56.374447675,T,IBM,F I,14,306.04
2025-11-10,9:35:56.374465953,T,IBM,F,54,306.04
2025-11-10,9:35:56.374468723,T,IBM,F I,20,306.04
2025-11-10,9:35:56.374471705,T,IBM,F I,4,306.03
2025-11-10,9:35:56.374487073,T,IBM,,76,306.03
2025-11-10,9:35:56.374490113,T,IBM,I,2,306.03
2025-11-10,9:35:56.374490113,T,IBM,,50,306.03
2025-11-10,9:35:56.376176803,T,IBM,,80,306.01
2025-11-10,9:35:57.344623395,T,IBM,I,5,306.09
2025-11-10,9:35:58.738032697,T,IBM,I,1,306.11
2025-11-10,9:35:58.738053743,T,IBM,I,4,306.11
2025-11-10,9:36:06.879323832,T,IBM,F,40,306.17
2025-11-10,9:36:07.260625565,T,IBM,I,25,306.16
2025-11-10,9:36:07.667160325,T,IBM,F I,15,306.16
2025-11-10,9:36:07.667184443,T,IBM,F,85,306.16
2025-11-10,9:36:08.999506303,T,IBM,F I,7,306.41
2025-11-10,9:36:08.999524338,T,IBM,F I,1,306.41
2025-11-10,9:36:08.999524338,T,IBM,I,7,306.41
2025-11-10,9:36:08.999539337,T,IBM,F,40,306.41
2025-11-10,9:36:08.999551388,T,IBM,F,40,306.42
2025-11-10,9:36:08.999563393,T,IBM,F I,26,306.42
2025-11-10,9:36:08.999713828,T,IBM,F I,14,306.42
2025-11-10,9:36:08.999716812,T,IBM,F I,26,306.42
2025-11-10,9:36:08.999915995,T,IBM,F I,14,306.42
2025-11-10,9:36:08.999918287,T,IBM,F I,26,306.42
2025-11-10,9:36:08.999996567,T,IBM,F I,14,306.42
2025-11-10,9:36:09.000000021,T,IBM,F,40,306.42
2025-11-10,9:36:09.000044579,T,IBM,I,20,306.33
2025-11-10,9:36:09.000047620,T,IBM,I,10,306.33
2025-11-10,9:36:09.000089763,T,IBM,F,40,306.42
2025-11-10,9:36:09.000089763,T,IBM,F I,8,306.42
2025-11-10,9:36:09.000249099,T,IBM,F I,12,306.42
2025-11-10,9:36:09.000330218,T,IBM,I,5,306.33
2025-11-10,9:36:09.000453693,T,IBM,F I,6,306.33
2025-11-10,9:36:09.000568081,T,IBM,I,13,306.4
2025-11-10,9:36:09.000597901,T,IBM,I,13,306.4
2025-11-10,9:36:11.373099183,T,IBM,F I,1,306.47
2025-11-10,9:36:11.373099183,T,IBM,F I,1,306.47
2025-11-10,9:36:11.373108243,T,IBM,I,1,306.47
2025-11-10,9:36:11.373114273,T,IBM,I,1,306.47
2025-11-10,9:36:18.740353515,T,IBM,F I,30,306.43
2025-11-10,9:36:18.740699401,T,IBM,I,20,306.37
2025-11-10,9:36:18.740702486,T,IBM,,40,306.36
2025-11-10,9:36:18.740702486,T,IBM,,60,306.36
2025-11-10,9:36:18.740723426,T,IBM,F I,20,306.36
2025-11-10,9:36:18.740753581,T,IBM,F I,1,306.33
2025-11-10,9:36:18.747594773,T,IBM,F,40,306.36
2025-11-10,9:36:18.747633811,T,IBM,F I,13,306.36
2025-11-10,9:36:19.763139487,T,IBM,F,90,306.42
2025-11-10,9:36:20.099198536,T,IBM,F I,20,306.56
2025-11-10,9:36:20.115671829,T,IBM,I,3,306.47
2025-11-10,9:36:20.115671829,T,IBM,I,5,306.47
2025-11-10,9:36:22.748529839,T,IBM,,40,306.43
2025-11-10,9:36:22.750292121,T,IBM,F,40,306.36
2025-11-10,9:36:22.750322157,T,IBM,F,80,306.35
2025-11-10,9:36:22.750337209,T,IBM,,80,306.35
2025-11-10,9:36:22.750343136,T,IBM,,80,306.35
2025-11-10,9:36:22.750352247,T,IBM,F I,10,306.35
2025-11-10,9:36:22.750406303,T,IBM,I,8,306.35
2025-11-10,9:36:22.751191210,T,IBM,F I,13,306.32
2025-11-10,9:36:22.751723489,T,IBM,I,5,306.32
2025-11-10,9:36:22.752147429,T,IBM,F I,32,306.32
2025-11-10,9:36:22.752150502,T,IBM,F I,2,306.32
2025-11-10,9:36:22.752168473,T,IBM,I,1,306.32
2025-11-10,9:36:27.198996162,T,IBM,F,100,306.25
2025-11-10,9:36:31.288703012,T,IBM,F I,20,306.18
2025-11-10,9:36:31.288705534,T,IBM,F,40,306.17
2025-11-10,9:36:31.288708523,T,IBM,F I,9,306.17
2025-11-10,9:36:31.288723622,T,IBM,F,42,306.17
2025-11-10,9:36:31.288726608,T,IBM,F I,1,306.17
2025-11-10,9:36:31.289352082,T,IBM,I,1,306.18
2025-11-10,9:36:31.289394126,T,IBM,I,2,306.16
2025-11-10,9:36:31.298063791,T,IBM,I,3,306.175
2025-11-10,9:36:38.727701787,T,IBM,I,5,306.29
2025-11-10,9:36:38.727720040,T,IBM,I,2,306.29
2025-11-10,9:36:38.727722886,T,IBM,F I,2,306.29
2025-11-10,9:36:38.727725840,T,IBM,F I,2,306.29
2025-11-10,9:36:38.727731950,T,IBM,I,1,306.29
2025-11-10,9:36:38.728219056,T,IBM,F,40,306.3
2025-11-10,9:36:38.728225064,T,IBM,F,40,306.3
2025-11-10,9:36:38.728273197,T,IBM,F,40,306.3
2025-11-10,9:36:41.635784308,T,IBM,I,30,306.25
2025-11-10,9:36:41.635784308,T,IBM,I,10,306.22
2025-11-10,9:36:43.398752439,T,IBM,,40,306.16
2025-11-10,9:36:45.158689410,T,IBM,,40,306.01
2025-11-10,9:36:45.158713471,T,IBM,F,100,306.0
2025-11-10,9:36:45.159092339,T,IBM,F I,1,305.9
2025-11-10,9:36:45.159095331,T,IBM,F I,1,305.9
2025-11-10,9:36:45.159119365,T,IBM,F I,2,305.9
2025-11-10,9:36:46.615447487,T,IBM,I,2,305.94
2025-11-10,9:36:47.883304957,T,IBM,I,2,305.9
2025-11-10,9:36:47.883307922,T,IBM,I,26,305.89
2025-11-10,9:36:47.883307922,T,IBM,I,14,305.89
2025-11-10,9:36:47.883909348,T,IBM,,40,305.88
2025-11-10,9:36:47.883909348,T,IBM,I,2,305.88
2025-11-10,9:36:49.327484196,T,IBM,F I,1,305.88
2025-11-10,9:36:56.950073325,T,IBM,I,15,305.94
2025-11-10,9:36:58.062935821,T,IBM,I,8,306.17
2025-11-10,9:36:58.062944757,T,IBM,I,32,306.17
2025-11-10,9:37:00.714540473,T,IBM,F,100,306.085
2025-11-10,9:37:00.996942776,T,IBM,I,2,306.085
2025-11-10,9:37:06.576636420,T,IBM,F,40,306.08
2025-11-10,9:37:06.894279680,T,IBM,F I,9,306.21
2025-11-10,9:37:10.391861402,T,IBM,F,40,306.31
2025-11-10,9:37:24.579878915,T,IBM,I,6,306.315
2025-11-10,9:37:27.785540647,T,IBM,F I,13,306.29
2025-11-10,9:37:27.812782614,T,IBM,I,30,306.35
2025-11-10,9:37:27.812785543,T,IBM,I,10,306.36
2025-11-10,9:37:27.836584164,T,IBM,,40,306.38
2025-11-10,9:37:27.836602608,T,IBM,I,1,306.38
2025-11-10,9:37:27.836605338,T,IBM,F I,10,306.38
2025-11-10,9:37:27.836605338,T,IBM,,40,306.38
2025-11-10,9:37:27.846188990,T,IBM,F I,1,306.47
2025-11-10,9:37:30.342389763,T,IBM,I,10,306.48
2025-11-10,9:37:30.342392682,T,IBM,,100,306.48
2025-11-10,9:37:30.342519046,T,IBM,,100,306.48
2025-11-10,9:37:30.343003167,T,IBM,F I,2,306.57
2025-11-10,9:37:30.343222977,T,IBM,,80,306.53
2025-11-10,9:37:43.564964874,T,IBM,,160,306.51
2025-11-10,9:37:43.564967914,T,IBM,I,9,306.51
2025-11-10,9:37:43.565015969,T,IBM,,100,306.51
2025-11-10,9:37:43.565034388,T,IBM,F I,10,306.49
2025-11-10,9:37:43.565061095,T,IBM,F,78,306.47
2025-11-10,9:37:43.572795516,T,IBM,F I,6,306.52
2025-11-10,9:37:51.077925159,T,IBM,I,30,306.67
2025-11-10,9:37:51.077928165,T,IBM,I,10,306.68
2025-11-10,9:37:51.104953467,T,IBM,,40,306.69
2025-11-10,9:37:51.104974814,T,IBM,F I,11,306.69
2025-11-10,9:37:51.104977872,T,IBM,I,1,306.69
2025-11-10,9:37:51.104977872,T,IBM,F I,28,306.69
2025-11-10,9:37:51.104980728,T,IBM,F,80,306.69
2025-11-10,9:37:51.104983575,T,IBM,F I,6,306.7
2025-11-10,9:37:51.138781527,T,IBM,F I,3,306.79
2025-11-10,9:37:52.462604810,T,IBM,F I,14,307.04
2025-11-10,9:37:52.465705312,T,IBM,I,4,307.09
2025-11-10,9:37:53.983252895,T,IBM,F I,10,307.03
2025-11-10,9:37:53.983301070,T,IBM,F,40,307.0
2025-11-10,9:37:57.264481693,T,IBM,F,40,307.01
2025-11-10,9:37:57.264803456,T,IBM,,67,307.05
2025-11-10,9:37:57.264923702,T,IBM,I,27,307.1
2025-11-10,9:38:11.362443833,T,IBM,F I,5,307.1
2025-11-10,9:38:11.362473963,T,IBM,F I,2,307.07
2025-11-10,9:38:11.362494957,T,IBM,F I,38,307.07
2025-11-10,9:38:36.758158904,T,IBM,F I,15,307.18
2025-11-10,9:38:36.758270133,T,IBM,F I,1,307.18
2025-11-10,9:38:36.758682125,T,IBM,F I,4,307.2
2025-11-10,9:38:36.758703152,T,IBM,I,1,307.2
2025-11-10,9:38:38.860563029,T,IBM,F I,30,307.16
2025-11-10,9:38:42.645812682,T,IBM,F I,20,307.09
2025-11-10,9:38:42.645812682,T,IBM,F I,20,307.06
2025-11-10,9:38:42.645830713,T,IBM,F I,20,307.06
2025-11-10,9:38:42.646483319,T,IBM,F,80,307.04
2025-11-10,9:38:42.902747263,T,IBM,I,3,306.96
2025-11-10,9:38:42.902765406,T,IBM,I,37,306.96
2025-11-10,9:38:59.797941948,T,IBM,I,10,306.8
2025-11-10,9:38:59.797945023,T,IBM,I,9,306.82
2025-11-10,9:38:59.828281486,T,IBM,I,19,306.7
2025-11-10,9:38:59.828302221,T,IBM,F,61,306.7
2025-11-10,9:39:06.467607605,T,IBM,I,6,306.58
2025-11-10,9:39:12.942051371,T,IBM,I,11,306.74
2025-11-10,9:39:13.107848174,T,IBM,F,100,306.82
2025-11-10,9:39:29.687534812,T,IBM,F I,1,306.89
2025-11-10,9:39:29.687537712,T,IBM,F I,3,306.95
2025-11-10,9:39:29.687567797,T,IBM,F I,1,306.95
2025-11-10,9:39:29.687763202,T,IBM,I,19,306.88
2025-11-10,9:39:29.697777229,T,IBM,I,9,306.89
2025-11-10,9:39:31.520350092,T,IBM,,45,306.93
2025-11-10,9:39:35.013809257,T,IBM,F I,20,306.84
2025-11-10,9:39:35.013812008,T,IBM,F I,30,306.83
2025-11-10,9:39:35.013827066,T,IBM,F I,20,306.83
2025-11-10,9:39:35.014034551,T,IBM,F,40,306.82
2025-11-10,9:39:35.014467684,T,IBM,F I,2,306.79
2025-11-10,9:39:35.014470551,T,IBM,F I,5,306.79
2025-11-10,9:39:35.016816189,T,IBM,F I,1,306.69
2025-11-10,9:39:35.016819144,T,IBM,F I,6,306.69
2025-11-10,9:39:35.053680963,T,IBM,F I,35,306.62
2025-11-10,9:39:35.053701980,T,IBM,I,1,306.62
2025-11-10,9:39:35.053726001,T,IBM,F I,19,306.62
2025-11-10,9:39:35.053729015,T,IBM,F I,21,306.61
2025-11-10,9:39:35.053747019,T,IBM,F I,19,306.61
2025-11-10,9:39:35.054261270,T,IBM,F I,8,306.61
2025-11-10,9:39:37.678173098,T,IBM,F I,1,306.56
2025-11-10,9:39:37.678305346,T,IBM,I,11,306.62
2025-11-10,9:39:37.678362489,T,IBM,I,6,306.63
2025-11-10,9:39:37.678374704,T,IBM,F I,6,306.63
2025-11-10,9:39:37.678380538,T,IBM,F I,18,306.63
2025-11-10,9:39:37.678536910,T,IBM,I,6,306.67
2025-11-10,9:39:37.679039140,T,IBM,,100,306.67
2025-11-10,9:39:54.590956757,T,IBM,I,10,306.8
2025-11-10,9:39:54.590956757,T,IBM,,54,306.78
2025-11-10,9:39:54.590977629,T,IBM,F I,26,306.78
2025-11-10,9:39:54.590977629,T,IBM,F I,8,306.78
2025-11-10,9:39:54.590980667,T,IBM,I,1,306.78
2025-11-10,9:39:54.590980667,T,IBM,,54,306.78
2025-11-10,9:39:55.987030215,T,IBM,,40,306.67
2025-11-10,9:39:58.700913224,T,IBM,,100,306.76
2025-11-10,9:39:58.703361376,T,IBM,I,8,306.765
2025-11-10,9:39:58.703361376,T,IBM,I,2,306.765
2025-11-10,9:39:58.739468014,T,IBM,I,2,306.91
2025-11-10,9:39:58.833553069,T,IBM,I,2,306.94
2025-11-10,9:39:58.833568013,T,IBM,F I,2,306.96
2025-11-10,9:40:00.195221797,T,IBM,I,2,306.97
2025-11-10,9:40:00.195224811,T,IBM,I,3,306.93
2025-11-10,9:40:03.812996702,T,IBM,I,5,306.96
2025-11-10,9:40:03.812996702,T,IBM,I,2,306.94
2025-11-10,9:40:03.812999725,T,IBM,I,28,306.94
2025-11-10,9:40:03.813002693,T,IBM,,65,306.94
2025-11-10,9:40:03.841342164,T,IBM,I,5,306.97
2025-11-10,9:40:08.519231729,T,IBM,I,10,306.95
2025-11-10,9:40:08.519360175,T,IBM,I,5,307.0
2025-11-10,9:40:08.519471448,T,IBM,F I,2,307.05
2025-11-10,9:40:08.519489521,T,IBM,I,3,307.05
2025-11-10,9:40:10.597944616,T,IBM,I,1,307.05
2025-11-10,9:40:10.615704934,T,IBM,F,40,307.25
2025-11-10,9:40:17.231181482,T,IBM,I,10,307.59
2025-11-10,9:40:17.529681157,T,IBM,I,1,307.54
2025-11-10,9:40:21.478710204,T,IBM,I,20,307.35
2025-11-10,9:40:21.478710204,T,IBM,I,20,307.34
2025-11-10,9:40:21.478727618,T,IBM,I,1,307.34
2025-11-10,9:40:21.478757747,T,IBM,F I,19,307.34
2025-11-10,9:40:21.478757747,T,IBM,F I,1,307.34
2025-11-10,9:40:21.478775780,T,IBM,I,39,307.34
2025-11-10,9:40:32.989609800,T,IBM,F,100,307.5
2025-11-10,9:40:34.436083446,T,IBM,I,2,307.53
2025-11-10,9:40:34.438633465,T,IBM,,40,307.53
2025-11-10,9:40:39.640606837,T,IBM,I,1,307.625
2025-11-10,9:40:39.643830618,T,IBM,,40,307.625
2025-11-10,9:40:44.944486892,T,IBM,I,1,307.59
2025-11-10,9:40:45.541206646,T,IBM,F I,29,307.59
2025-11-10,9:40:50.567869152,T,IBM,F,40,307.5
2025-11-10,9:40:50.567871550,T,IBM,F I,1,307.5
2025-11-10,9:40:55.957720244,T,IBM,I,20,307.37
2025-11-10,9:40:55.957901324,T,IBM,F I,21,307.34
2025-11-10,9:40:57.929270923,T,IBM,F I,20,307.21
2025-11-10,9:41:02.660599894,T,IBM,F I,10,307.28
2025-11-10,9:41:02.902758099,T,IBM,I,5,307.38
2025-11-10,9:41:02.902758099,T,IBM,I,2,307.39
2025-11-10,9:41:02.902760291,T,IBM,I,8,307.39
2025-11-10,9:41:21.590215644,T,IBM,I,10,307.31
2025-11-10,9:41:21.590215644,T,IBM,I,30,307.28
2025-11-10,9:41:21.717998852,T,IBM,I,28,307.27
2025-11-10,9:41:21.821745853,T,IBM,I,16,307.3
2025-11-10,9:41:21.888585960,T,IBM,F I,15,307.365
2025-11-10,9:41:21.888613051,T,IBM,F,150,307.365
2025-11-10,9:41:21.888655144,T,IBM,F I,35,307.365
2025-11-10,9:41:21.888691415,T,IBM,I,7,307.4
2025-11-10,9:41:21.888691415,T,IBM,I,8,307.4
2025-11-10,9:41:21.888754391,T,IBM,,40,307.34
2025-11-10,9:41:21.888970967,T,IBM,I,4,307.45
2025-11-10,9:41:21.888980047,T,IBM,F I,4,307.45
2025-11-10,9:41:21.888998041,T,IBM,F I,4,307.47
2025-11-10,9:41:21.889100240,T,IBM,,53,307.5
2025-11-10,9:41:21.892952377,T,IBM,,73,307.52
2025-11-10,9:41:21.918338803,T,IBM,I,30,307.52
2025-11-10,9:41:21.918368899,T,IBM,,200,307.58
2025-11-10,9:41:21.918368899,T,IBM,I,1,307.59
2025-11-10,9:41:21.918389967,T,IBM,F,200,307.59
2025-11-10,9:41:21.919105685,T,IBM,F,45,307.73
2025-11-10,9:41:21.919108726,T,IBM,F I,31,307.74
2025-11-10,9:41:21.921535467,T,IBM,I,3,307.625
2025-11-10,9:41:21.928770684,T,IBM,I,1,307.62
2025-11-10,9:41:21.929323942,T,IBM,,45,307.66
2025-11-10,9:41:21.929381135,T,IBM,,45,307.665
2025-11-10,9:41:22.180301468,T,IBM,I,25,307.63
2025-11-10,9:41:22.341903213,T,IBM,I,5,307.63
2025-11-10,9:41:22.349249686,T,IBM,,40,307.63
2025-11-10,9:41:22.558274388,T,IBM,I,5,307.635
2025-11-10,9:41:22.593800971,T,IBM,,45,307.635
2025-11-10,9:41:27.573256719,T,IBM,I,11,307.6
2025-11-10,9:41:27.645239020,T,IBM,I,3,307.55
2025-11-10,9:41:27.645242080,T,IBM,I,37,307.54
2025-11-10,9:41:27.645242080,T,IBM,I,3,307.54
2025-11-10,9:41:27.669753409,T,IBM,F I,10,307.53
2025-11-10,9:41:27.669774472,T,IBM,F I,30,307.53
2025-11-10,9:41:27.669861603,T,IBM,,40,307.53
2025-11-10,9:41:27.669918803,T,IBM,I,1,307.54
2025-11-10,9:41:27.720830418,T,IBM,F I,1,307.5
2025-11-10,9:41:27.720832957,T,IBM,F I,6,307.5
2025-11-10,9:41:27.720836067,T,IBM,F I,6,307.5
2025-11-10,9:41:27.720908211,T,IBM,I,10,307.55
2025-11-10,9:41:27.720911204,T,IBM,I,22,307.56
2025-11-10,9:41:27.720995686,T,IBM,,41,307.56
2025-11-10,9:41:27.721052537,T,IBM,,41,307.57
2025-11-10,9:41:27.721172862,T,IBM,,40,307.58
2025-11-10,9:41:29.242202932,T,IBM,,40,307.54
2025-11-10,9:41:29.651323985,T,IBM,,40,307.52
2025-11-10,9:41:35.102687340,T,IBM,,40,307.34
2025-11-10,9:41:35.102705346,T,IBM,I,1,307.34
2025-11-10,9:41:35.102711357,T,IBM,,94,307.34
2025-11-10,9:41:35.102714362,T,IBM,I,7,307.34
2025-11-10,9:41:35.102714362,T,IBM,I,5,307.34
2025-11-10,9:41:35.104022614,T,IBM,I,4,307.34
2025-11-10,9:41:35.104025597,T,IBM,I,30,307.34
2025-11-10,9:41:35.104028459,T,IBM,,40,307.35
2025-11-10,9:41:36.725738355,T,IBM,,45,307.38
2025-11-10,9:41:52.716022335,T,IBM,,40,307.44
2025-11-10,9:41:52.716022335,T,IBM,I,4,307.45
2025-11-10,9:41:52.716024560,T,IBM,,40,307.45
2025-11-10,9:41:52.716042686,T,IBM,F,40,307.45
2025-11-10,9:41:52.716046391,T,IBM,I,1,307.45
2025-11-10,9:41:52.716046391,T,IBM,I,2,307.45
2025-11-10,9:41:52.716049029,T,IBM,F I,37,307.45
2025-11-10,9:41:52.716049029,T,IBM,F I,3,307.45
2025-11-10,9:41:52.726059515,T,IBM,I,2,307.59
2025-11-10,9:41:52.886202698,T,IBM,I,2,307.555
2025-11-10,9:41:56.438220491,T,IBM,F,80,307.45
2025-11-10,9:41:56.438304721,T,IBM,F I,19,307.44
2025-11-10,9:41:56.438304721,T,IBM,F I,5,307.44
2025-11-10,9:42:01.014914883,T,IBM,F I,4,307.3
2025-11-10,9:42:01.014978034,T,IBM,I,36,307.3
2025-11-10,9:42:01.014978034,T,IBM,I,2,307.29
2025-11-10,9:42:01.028756850,T,IBM,I,1,307.36
2025-11-10,9:42:01.753605488,T,IBM,,40,307.42
2025-11-10,9:42:01.753608465,T,IBM,I,4,307.42
2025-11-10,9:42:01.753621243,T,IBM,F I,11,307.42
2025-11-10,9:42:01.753623511,T,IBM,I,1,307.42
2025-11-10,9:42:01.753626527,T,IBM,,44,307.42
2025-11-10,9:42:01.757944845,T,IBM,F I,10,307.47
2025-11-10,9:42:16.278253347,T,IBM,I,4,307.4
2025-11-10,9:42:16.278277374,T,IBM,F I,5,307.4
2025-11-10,9:42:16.278277374,T,IBM,F I,5,307.4
2025-11-10,9:42:22.586515491,T,IBM,F,40,307.31
2025-11-10,9:42:22.587501900,T,IBM,F I,7,307.22
2025-11-10,9:42:22.587504803,T,IBM,F I,1,307.22
2025-11-10,9:42:22.587507881,T,IBM,F I,3,307.22
2025-11-10,9:42:22.587649210,T,IBM,I,10,307.26
2025-11-10,9:42:22.587820747,T,IBM,I,6,307.22
2025-11-10,9:42:22.588208496,T,IBM,F I,5,307.24
2025-11-10,9:42:22.588208496,T,IBM,F I,10,307.24
2025-11-10,9:42:22.588677645,T,IBM,F I,3,307.22
2025-11-10,9:42:22.588698905,T,IBM,I,2,307.22
2025-11-10,9:42:22.588698905,T,IBM,I,5,307.22
2025-11-10,9:42:22.598718599,T,IBM,F I,10,307.22
2025-11-10,9:42:22.598721507,T,IBM,F I,10,307.24
2025-11-10,9:42:30.149896694,T,IBM,,40,307.23
2025-11-10,9:42:30.416225781,T,IBM,F I,10,307.195
2025-11-10,9:42:30.716899596,T,IBM,F I,30,307.24
2025-11-10,9:42:42.119893839,T,IBM,F,150,307.2
2025-11-10,9:42:47.710903353,T,IBM,I,4,307.09
2025-11-10,9:42:47.711186082,T,IBM,F I,4,307.09
2025-11-10,9:42:47.732338474,T,IBM,I,12,307.03
2025-11-10,9:42:47.732362425,T,IBM,F I,3,307.05
2025-11-10,9:42:54.188173968,T,IBM,F I,3,307.21
2025-11-10,9:42:54.188173968,T,IBM,F I,1,307.21
2025-11-10,9:42:54.188191956,T,IBM,I,4,307.21
2025-11-10,9:42:54.188222000,T,IBM,I,5,307.21
2025-11-10,9:42:54.188324243,T,IBM,,194,307.2
2025-11-10,9:42:54.188772311,T,IBM,I,31,307.15
2025-11-10,9:42:54.188859533,T,IBM,I,9,307.14
2025-11-10,9:43:04.801371173,T,IBM,I,9,306.875
2025-11-10,9:43:04.801373904,T,IBM,I,3,306.875
2025-11-10,9:43:04.801376995,T,IBM,I,1,306.875
2025-11-10,9:43:04.832928018,T,IBM,F I,3,306.84
2025-11-10,9:43:04.833270881,T,IBM,F I,1,306.76
2025-11-10,9:43:04.833845481,T,IBM,F I,27,306.84
2025-11-10,9:43:04.833845481,T,IBM,F I,3,306.84
2025-11-10,9:43:04.833872359,T,IBM,I,27,306.86
2025-11-10,9:43:04.833935504,T,IBM,F I,1,306.87
2025-11-10,9:43:04.881394492,T,IBM,I,1,306.97
2025-11-10,9:43:05.878556393,T,IBM,I,1,306.82
2025-11-10,9:43:05.957993616,T,IBM,I,24,306.81
2025-11-10,9:43:12.160983996,T,IBM,,100,306.74
2025-11-10,9:43:12.171752648,T,IBM,F I,26,306.74
2025-11-10,9:43:12.719191870,T,IBM,F I,1,306.82
2025-11-10,9:43:12.719196867,T,IBM,F I,4,306.82
2025-11-10,9:43:12.719196867,T,IBM,F I,12,306.82
2025-11-10,9:43:12.719208918,T,IBM,F,50,306.82
2025-11-10,9:43:35.045029171,T,IBM,F I,5,306.67
2025-11-10,9:43:35.045206630,T,IBM,F,40,306.74
2025-11-10,9:43:35.045206630,T,IBM,F,40,306.74
2025-11-10,9:43:38.993254777,T,IBM,F I,1,306.86
2025-11-10,9:43:38.993326902,T,IBM,F I,2,306.86
2025-11-10,9:43:46.597070273,T,IBM,I,9,306.815
2025-11-10,9:43:46.597070273,T,IBM,I,3,306.815
2025-11-10,9:43:49.374320231,T,IBM,F,40,306.92
2025-11-10,9:43:49.374329204,T,IBM,F,40,306.92
2025-11-10,9:43:49.374338316,T,IBM,F I,5,306.92
2025-11-10,9:43:49.374362297,T,IBM,F I,35,306.92
2025-11-10,9:43:49.374717230,T,IBM,I,5,306.93
2025-11-10,9:43:49.384523556,T,IBM,I,7,306.835
2025-11-10,9:43:52.929871019,T,IBM,F I,1,306.93
2025-11-10,9:43:52.929871019,T,IBM,F I,15,306.91
2025-11-10,9:44:14.666414181,T,IBM,I,2,307.1
2025-11-10,9:44:14.666943509,T,IBM,I,1,307.1
2025-11-10,9:44:14.684469246,T,IBM,F I,2,307.1
2025-11-10,9:44:20.026943106,T,IBM,I,2,307.13
2025-11-10,9:44:36.123511433,T,IBM,F,40,307.135
2025-11-10,9:44:37.774297383,T,IBM,,40,307.135
2025-11-10,9:44:44.692306256,T,IBM,I,7,307.25
2025-11-10,9:44:44.692856567,T,IBM,F I,3,307.27
2025-11-10,9:44:44.692859519,T,IBM,F I,4,307.27
2025-11-10,9:44:44.692862501,T,IBM,F I,2,307.27
2025-11-10,9:44:44.692883635,T,IBM,I,6,307.27
2025-11-10,9:44:44.693629427,T,IBM,F I,1,307.21
2025-11-10,9:44:44.693641805,T,IBM,F I,1,307.21
2025-11-10,9:44:44.693713598,T,IBM,F,98,307.21
2025-11-10,9:44:44.725120343,T,IBM,F I,9,307.14
2025-11-10,9:44:50.506895027,T,IBM,F I,19,307.09
2025-11-10,9:44:50.506895027,T,IBM,F I,39,307.04
2025-11-10,9:44:50.506913791,T,IBM,I,1,307.04
2025-11-10,9:44:50.506916104,T,IBM,F I,18,307.04
2025-11-10,9:44:50.507707003,T,IBM,F I,30,307.04
2025-11-10,9:44:50.507728095,T,IBM,I,3,307.04
2025-11-10,9:44:56.515797703,T,IBM,I,3,307.08
2025-11-10,9:44:56.913933467,T,IBM,I,9,307.08
2025-11-10,9:44:59.505172482,T,IBM,,40,307.08
2025-11-10,9:45:10.730305251,T,IBM,I,20,307.09
2025-11-10,9:45:10.730305251,T,IBM,I,20,307.09
2025-11-10,9:45:24.623028855,T,IBM,I,6,307.18
2025-11-10,9:45:24.623070883,T,IBM,F I,3,307.1
2025-11-10,9:45:24.623070883,T,IBM,F,40,307.1
2025-11-10,9:45:24.623073861,T,IBM,F I,5,307.09
2025-11-10,9:45:24.623104020,T,IBM,F I,31,307.09
2025-11-10,9:45:24.623107041,T,IBM,F I,12,307.09
2025-11-10,9:45:24.623113018,T,IBM,F I,6,307.19
2025-11-10,9:45:24.623113018,T,IBM,F I,2,307.19
2025-11-10,9:45:24.623551998,T,IBM,,43,307.13
2025-11-10,9:45:24.967381701,T,IBM,F,43,307.25
2025-11-10,9:45:24.967475071,T,IBM,F,40,307.27
2025-11-10,9:45:24.967477874,T,IBM,F I,3,307.27
2025-11-10,9:45:24.967601813,T,IBM,I,1,307.27
2025-11-10,9:45:24.967625228,T,IBM,F I,31,307.26
2025-11-10,9:45:24.967667497,T,IBM,,40,307.26
2025-11-10,9:45:24.967685402,T,IBM,F I,2,307.28
2025-11-10,9:45:32.034897496,T,IBM,F,40,307.14
2025-11-10,9:45:32.034901096,T,IBM,F,40,307.14
2025-11-10,9:45:32.034901096,T,IBM,F I,5,307.14
2025-11-10,9:45:32.034903380,T,IBM,F I,1,307.14
2025-11-10,9:45:32.034906377,T,IBM,F I,5,307.14
2025-11-10,9:45:32.034909807,T,IBM,F,40,307.14
2025-11-10,9:45:32.034912443,T,IBM,F,41,307.14
2025-11-10,9:45:32.034930605,T,IBM,F I,5,307.13
2025-11-10,9:45:32.125894178,T,IBM,F I,10,307.13
2025-11-10,9:45:32.125894178,T,IBM,F I,5,307.17
2025-11-10,9:45:34.141289069,T,IBM,F,40,307.13
2025-11-10,9:45:37.871270101,T,IBM,I,2,307.13
2025-11-10,9:45:40.647494540,T,IBM,,45,307.13
2025-11-10,9:45:40.647587734,T,IBM,F,55,307.13
2025-11-10,9:45:42.353678910,T,IBM,I,10,307.22
2025-11-10,9:45:42.353681485,T,IBM,I,2,307.23
2025-11-10,9:45:42.353765631,T,IBM,F I,12,307.23
2025-11-10,9:45:42.353777734,T,IBM,I,12,307.23
2025-11-10,9:45:42.353819726,T,IBM,I,3,307.24
2025-11-10,9:45:42.353822778,T,IBM,I,9,307.24
2025-11-10,9:45:42.353828771,T,IBM,F I,2,307.18
2025-11-10,9:45:42.354691849,T,IBM,I,8,307.24
2025-11-10,9:45:42.354914416,T,IBM,I,12,307.22
2025-11-10,9:45:42.355783428,T,IBM,I,7,307.22
2025-11-10,9:45:42.715972173,T,IBM,I,1,307.31
2025-11-10,9:45:42.715972173,T,IBM,,99,307.31
2025-11-10,9:45:42.717346384,T,IBM,,40,307.22
2025-11-10,9:45:44.032049190,T,IBM,,45,307.33
2025-11-10,9:45:44.058428035,T,IBM,I,6,307.33
2025-11-10,9:45:44.058764737,T,IBM,F I,1,307.2
2025-11-10,9:45:45.079944856,T,IBM,I,5,307.2
2025-11-10,9:45:45.079965916,T,IBM,F,95,307.2
2025-11-10,9:45:45.100507854,T,IBM,I,6,307.145
2025-11-10,9:45:48.002545766,T,IBM,F I,9,307.215
2025-11-10,9:45:52.828353606,T,IBM,F I,30,307.22
2025-11-10,9:45:54.093300102,T,IBM,I,12,307.31
2025-11-10,9:45:54.100784883,T,IBM,F I,2,307.23
2025-11-10,9:45:55.099218873,T,IBM,F I,2,307.22
2025-11-10,9:45:55.104776161,T,IBM,F I,30,307.2
2025-11-10,9:45:55.104776161,T,IBM,F I,1,307.2
2025-11-10,9:45:56.104791827,T,IBM,F I,2,307.18
2025-11-10,9:45:57.104807777,T,IBM,F I,2,307.14
2025-11-10,9:46:03.033521198,T,IBM,I,1,307.08
2025-11-10,9:46:03.033542349,T,IBM,I,1,307.06
2025-11-10,9:46:12.184793689,T,IBM,I,2,307.2
2025-11-10,9:46:12.184820726,T,IBM,I,2,307.2
2025-11-10,9:46:12.184974101,T,IBM,F I,2,307.21
2025-11-10,9:46:12.209329112,T,IBM,F I,5,307.24
2025-11-10,9:46:12.993334549,T,IBM,F I,25,307.4
2025-11-10,9:46:13.044149589,T,IBM,,40,307.48
2025-11-10,9:46:13.044149589,T,IBM,I,2,307.48
2025-11-10,9:46:13.053718294,T,IBM,,40,307.44
2025-11-10,9:46:13.054250574,T,IBM,F I,1,307.43
2025-11-10,9:46:13.055643079,T,IBM,I,1,307.44
2025-11-10,9:46:13.055691165,T,IBM,I,4,307.42
2025-11-10,9:46:13.055691165,T,IBM,I,1,307.41
2025-11-10,9:46:13.055712099,T,IBM,F I,27,307.41
2025-11-10,9:46:13.055718065,T,IBM,I,1,307.44
2025-11-10,9:46:13.055772162,T,IBM,F I,10,307.41
2025-11-10,9:46:13.055955887,T,IBM,,80,307.46
2025-11-10,9:46:26.840827457,T,IBM,I,1,307.57
2025-11-10,9:46:26.956242271,T,IBM,F,40,307.47
2025-11-10,9:46:26.956648181,T,IBM,F,40,307.46
2025-11-10,9:46:26.956669312,T,IBM,I,4,307.46
2025-11-10,9:46:26.958013512,T,IBM,I,32,307.43
2025-11-10,9:46:26.958275106,T,IBM,F I,9,307.43
2025-11-10,9:46:30.243524662,T,IBM,I,5,307.5
2025-11-10,9:46:30.243527527,T,IBM,,60,307.5
2025-11-10,9:46:30.243530400,T,IBM,I,5,307.53
2025-11-10,9:46:30.243530400,T,IBM,I,2,307.54
2025-11-10,9:46:30.243533325,T,IBM,I,8,307.56
2025-11-10,9:46:35.652122786,T,IBM,F,43,307.43
2025-11-10,9:46:37.193006239,T,IBM,F,43,307.41
2025-11-10,9:46:37.193009292,T,IBM,F,40,307.41
2025-11-10,9:46:37.193033281,T,IBM,F,40,307.41
2025-11-10,9:46:37.193060390,T,IBM,I,20,307.44
2025-11-10,9:46:37.193081383,T,IBM,F,40,307.41
2025-11-10,9:46:37.193117568,T,IBM,I,9,307.45
2025-11-10,9:46:37.193117568,T,IBM,I,31,307.47
2025-11-10,9:46:37.193150636,T,IBM,,60,307.455
2025-11-10,9:46:37.193162636,T,IBM,F,40,307.41
2025-11-10,9:46:37.193189753,T,IBM,,40,307.45
2025-11-10,9:46:37.193198699,T,IBM,I,9,307.41
2025-11-10,9:46:37.193225904,T,IBM,I,1,307.41
2025-11-10,9:46:37.193258832,T,IBM,,40,307.45
2025-11-10,9:46:37.193318973,T,IBM,F I,39,307.41
2025-11-10,9:46:37.193318973,T,IBM,F,40,307.41
2025-11-10,9:46:37.193340198,T,IBM,I,36,307.41
2025-11-10,9:46:37.193364096,T,IBM,F I,4,307.41
2025-11-10,9:46:37.193379183,T,IBM,I,9,307.44
2025-11-10,9:46:37.193484451,T,IBM,I,8,307.48
2025-11-10,9:46:37.193550532,T,IBM,F I,11,307.43
2025-11-10,9:46:37.193584247,T,IBM,I,8,307.41
2025-11-10,9:46:37.193584247,T,IBM,I,6,307.41
2025-11-10,9:46:37.193586666,T,IBM,F I,6,307.41
2025-11-10,9:46:37.193604650,T,IBM,I,20,307.41
2025-11-10,9:46:37.193761014,T,IBM,,40,307.41
2025-11-10,9:46:37.194497839,T,IBM,F I,2,307.41
2025-11-10,9:46:47.426104291,T,IBM,I,5,307.5
2025-11-10,9:46:48.336666034,T,IBM,I,1,307.365
2025-11-10,9:46:49.022358524,T,IBM,F I,10,307.55
2025-11-10,9:46:49.022358524,T,IBM,F I,13,307.56
2025-11-10,9:46:49.022463750,T,IBM,F I,9,307.57
2025-11-10,9:46:49.022463750,T,IBM,F I,14,307.57
2025-11-10,9:46:49.022466748,T,IBM,F I,29,307.57
2025-11-10,9:46:49.022484791,T,IBM,I,1,307.57
2025-11-10,9:46:49.022926862,T,IBM,I,14,307.57
2025-11-10,9:46:49.023880147,T,IBM,F I,2,307.64
2025-11-10,9:46:49.023979379,T,IBM,F I,2,307.69
2025-11-10,9:46:49.023982348,T,IBM,F I,2,307.69
2025-11-10,9:46:49.024625955,T,IBM,F I,1,307.74
2025-11-10,9:46:52.629927190,T,IBM,,40,307.6
2025-11-10,9:46:56.194144548,T,IBM,I,2,307.57
2025-11-10,9:47:03.159693481,T,IBM,I,14,307.45
2025-11-10,9:47:03.159708550,T,IBM,F I,25,307.45
2025-11-10,9:47:03.159732582,T,IBM,I,1,307.45
2025-11-10,9:47:03.208391491,T,IBM,I,2,307.4
2025-11-10,9:47:03.208553772,T,IBM,I,15,307.4
2025-11-10,9:47:03.208553772,T,IBM,I,8,307.4
2025-11-10,9:47:03.208556823,T,IBM,I,9,307.4
2025-11-10,9:47:04.874041893,T,IBM,F,40,307.43
2025-11-10,9:47:04.900697337,T,IBM,F I,11,307.42
2025-11-10,9:47:04.901172470,T,IBM,I,5,307.54
2025-11-10,9:47:04.901229976,T,IBM,F I,2,307.54
2025-11-10,9:47:04.901229976,T,IBM,F I,3,307.55
2025-11-10,9:47:11.949661935,T,IBM,I,25,307.59
2025-11-10,9:47:24.937435055,T,IBM,I,3,307.42
2025-11-10,9:47:24.937543173,T,IBM,F,40,307.41
2025-11-10,9:47:24.937564215,T,IBM,I,1,307.41
2025-11-10,9:47:24.937564215,T,IBM,I,17,307.41
2025-11-10,9:47:24.937591278,T,IBM,I,4,307.41
2025-11-10,9:47:24.937621393,T,IBM,F I,36,307.41
2025-11-10,9:47:24.937654453,T,IBM,I,4,307.41
2025-11-10,9:47:24.937669966,T,IBM,F I,25,307.42
2025-11-10,9:47:24.937720640,T,IBM,F I,32,307.41
2025-11-10,9:47:24.937877115,T,IBM,I,1,307.45
2025-11-10,9:47:24.937879957,T,IBM,I,2,307.45
2025-11-10,9:47:24.938361203,T,IBM,F I,4,307.41
2025-11-10,9:47:24.938364140,T,IBM,F I,2,307.41
2025-11-10,9:47:27.031978536,T,IBM,F I,3,307.41
2025-11-10,9:47:30.697643604,T,IBM,F,40,307.56
2025-11-10,9:47:30.697643604,T,IBM,F I,5,307.56
2025-11-10,9:47:30.697648648,T,IBM,F I,4,307.56
2025-11-10,9:47:30.697648648,T,IBM,F I,1,307.56
2025-11-10,9:47:30.697648648,T,IBM,F I,10,307.56
2025-11-10,9:47:30.697723482,T,IBM,F I,1,307.56
2025-11-10,9:47:30.698710651,T,IBM,F I,3,307.64
2025-11-10,9:47:30.698812142,T,IBM,F,43,307.68
2025-11-10,9:47:30.698833152,T,IBM,F I,1,307.68
2025-11-10,9:47:30.698836166,T,IBM,F I,36,307.68
2025-11-10,9:47:30.698860212,T,IBM,F I,3,307.69
2025-11-10,9:47:34.154666953,T,IBM,F I,11,307.73
2025-11-10,9:47:34.154666953,T,IBM,F I,1,307.73
2025-11-10,9:47:34.154955279,T,IBM,F I,5,307.73
2025-11-10,9:47:34.154955279,T,IBM,F I,2,307.73
2025-11-10,9:47:34.154958234,T,IBM,F I,10,307.74
2025-11-10,9:47:34.154985257,T,IBM,F I,30,307.74
2025-11-10,9:47:34.155207984,T,IBM,F I,7,307.73
2025-11-10,9:47:34.155463455,T,IBM,F,40,307.75
2025-11-10,9:47:35.973586138,T,IBM,,200,307.7
2025-11-10,9:47:35.973586138,T,IBM,I,10,307.7
2025-11-10,9:47:35.973588813,T,IBM,I,30,307.68
2025-11-10,9:47:35.983268855,T,IBM,F I,2,307.44
2025-11-10,9:47:41.189214763,T,IBM,F,40,307.46
2025-11-10,9:47:41.189241835,T,IBM,F,40,307.44
2025-11-10,9:47:41.943635900,T,IBM,I,20,307.4
2025-11-10,9:47:41.943635900,T,IBM,,40,307.39
2025-11-10,9:47:41.943638811,T,IBM,,60,307.39
2025-11-10,9:47:41.943647840,T,IBM,F I,20,307.39
2025-11-10,9:47:41.943698931,T,IBM,I,26,307.4
2025-11-10,9:47:41.943750132,T,IBM,F,40,307.37
2025-11-10,9:47:41.943753786,T,IBM,F I,1,307.37
2025-11-10,9:47:41.943753786,T,IBM,F I,4,307.37
2025-11-10,9:47:41.944039116,T,IBM,F I,12,307.33
2025-11-10,9:47:41.944059845,T,IBM,I,2,307.33
2025-11-10,9:47:47.361204530,T,IBM,,54,307.36
2025-11-10,9:47:47.362184869,T,IBM,F,43,307.31
2025-11-10,9:47:49.722083161,T,IBM,I,3,307.205
2025-11-10,9:47:50.518829970,T,IBM,,100,307.205
2025-11-10,9:47:54.588977857,T,IBM,F,100,307.235
2025-11-10,9:47:58.583483584,T,IBM,I,1,307.32
2025-11-10,9:47:58.840111552,T,IBM,I,2,307.235
2025-11-10,9:47:59.685673616,T,IBM,F I,15,307.35
2025-11-10,9:47:59.685848337,T,IBM,F I,5,307.4
2025-11-10,9:47:59.685848337,T,IBM,F I,10,307.4
2025-11-10,9:47:59.685869479,T,IBM,I,10,307.4
2025-11-10,9:47:59.685869479,T,IBM,I,4,307.4
2025-11-10,9:47:59.685872206,T,IBM,I,4,307.4
2025-11-10,9:47:59.685875092,T,IBM,F I,15,307.41
2025-11-10,9:47:59.688987444,T,IBM,,45,307.45
2025-11-10,9:47:59.689011514,T,IBM,F,55,307.455
2025-11-10,9:48:01.013773470,T,IBM,,45,307.46
2025-11-10,9:48:01.013797629,T,IBM,F,55,307.46
2025-11-10,9:48:02.567109526,T,IBM,F I,2,307.44
2025-11-10,9:48:03.537564903,T,IBM,F I,2,307.45
2025-11-10,9:48:03.537567888,T,IBM,F I,5,307.43
2025-11-10,9:48:04.321456020,T,IBM,I,2,307.44
2025-11-10,9:48:04.321459192,T,IBM,I,2,307.44
2025-11-10,9:48:04.321696691,T,IBM,I,2,307.44
2025-11-10,9:48:04.321783892,T,IBM,I,2,307.44
2025-11-10,9:48:04.321892151,T,IBM,I,3,307.48
2025-11-10,9:48:04.321931145,T,IBM,F,100,307.435
2025-11-10,9:48:19.971362040,T,IBM,I,6,307.28
2025-11-10,9:48:21.013102736,T,IBM,F I,20,307.07
2025-11-10,9:48:21.013105017,T,IBM,F I,22,307.06
2025-11-10,9:48:21.013123072,T,IBM,I,1,307.06
2025-11-10,9:48:21.013123072,T,IBM,F I,17,307.06
2025-11-10,9:48:21.013156187,T,IBM,I,25,307.06
2025-11-10,9:48:33.797907083,T,IBM,I,2,306.84
2025-11-10,9:48:33.797910143,T,IBM,I,4,306.83
2025-11-10,9:48:33.797910143,T,IBM,I,5,306.82
2025-11-10,9:48:33.797912991,T,IBM,F I,6,306.82
2025-11-10,9:48:33.798760984,T,IBM,,147,306.8
2025-11-10,9:48:33.798785060,T,IBM,F,53,306.8
2025-11-10,9:48:34.010341976,T,IBM,F I,17,306.73
2025-11-10,9:48:34.010341976,T,IBM,F I,1,306.71
2025-11-10,9:48:35.712787784,T,IBM,I,1,306.755
2025-11-10,9:48:35.712790845,T,IBM,I,5,306.755
2025-11-10,9:48:36.300898327,T,IBM,F I,14,306.81
2025-11-10,9:48:36.300898327,T,IBM,F I,36,306.81
2025-11-10,9:48:36.300915962,T,IBM,I,14,306.81
2025-11-10,9:48:36.791750558,T,IBM,I,4,306.88
2025-11-10,9:48:36.791771570,T,IBM,I,4,306.88
2025-11-10,9:48:36.792631654,T,IBM,F I,12,306.95
2025-11-10,9:48:36.792640613,T,IBM,F I,28,306.95
2025-11-10,9:48:46.451726304,T,IBM,F I,12,306.92
2025-11-10,9:48:46.462046900,T,IBM,I,2,306.855
2025-11-10,9:48:55.841866698,T,IBM,I,1,307.04
2025-11-10,9:48:55.892516693,T,IBM,I,19,307.16
2025-11-10,9:48:55.892522215,T,IBM,,40,307.16
2025-11-10,9:48:55.892540257,T,IBM,F I,10,307.16
2025-11-10,9:49:01.061840862,T,IBM,I,3,307.125
2025-11-10,9:49:01.063759394,T,IBM,F I,2,307.125
2025-11-10,9:49:01.063864655,T,IBM,F I,10,307.125
2025-11-10,9:49:04.841064027,T,IBM,F I,17,307.3
2025-11-10,9:49:04.841064027,T,IBM,F I,2,307.3
2025-11-10,9:49:04.841199317,T,IBM,I,4,307.21
2025-11-10,9:49:08.250193210,T,IBM,F I,1,307.44
2025-11-10,9:49:08.260273229,T,IBM,I,2,307.47
2025-11-10,9:49:19.728586351,T,IBM,F I,2,307.44
2025-11-10,9:49:19.728589058,T,IBM,F I,2,307.42
2025-11-10,9:49:19.728592515,T,IBM,F I,4,307.4
2025-11-10,9:49:19.728592515,T,IBM,F I,2,307.39
2025-11-10,9:49:19.728595232,T,IBM,F I,10,307.38
2025-11-10,9:49:19.729848975,T,IBM,F I,10,307.37
2025-11-10,9:49:19.729869992,T,IBM,F I,10,307.37
2025-11-10,9:49:19.748427207,T,IBM,,40,307.165
2025-11-10,9:49:19.758967327,T,IBM,I,1,307.16
2025-11-10,9:49:19.758988320,T,IBM,F I,9,307.16
2025-11-10,9:49:20.142115398,T,IBM,,40,307.165
2025-11-10,9:49:20.875429155,T,IBM,I,2,307.17
2025-11-10,9:49:22.229032703,T,IBM,F I,34,307.17
2025-11-10,9:49:29.488702850,T,IBM,F I,2,306.96
2025-11-10,9:49:29.533356339,T,IBM,F I,2,306.83
2025-11-10,9:49:29.533356339,T,IBM,F I,2,306.83
2025-11-10,9:49:31.028930681,T,IBM,F I,12,306.74
2025-11-10,9:49:31.030323068,T,IBM,F I,13,306.74
2025-11-10,9:49:33.053244998,T,IBM,F I,2,306.84
2025-11-10,9:49:33.053247992,T,IBM,F I,2,306.85
2025-11-10,9:49:41.762329808,T,IBM,F,100,306.95
2025-11-10,9:49:41.848846258,T,IBM,F I,2,306.93
2025-11-10,9:49:41.848848862,T,IBM,F I,5,306.92
2025-11-10,9:49:42.240787501,T,IBM,I,2,306.91
2025-11-10,9:49:42.240789890,T,IBM,I,5,306.9
2025-11-10,9:49:42.240811043,T,IBM,F I,2,306.9
2025-11-10,9:49:42.240820979,T,IBM,I,4,306.89
2025-11-10,9:49:42.240820979,T,IBM,I,5,306.89
2025-11-10,9:49:42.240865083,T,IBM,I,17,306.96
2025-11-10,9:49:44.134428152,T,IBM,,40,306.97
2025-11-10,9:49:44.145608746,T,IBM,F I,2,306.96
2025-11-10,9:49:45.725627299,T,IBM,I,2,306.97
2025-11-10,9:49:46.366825817,T,IBM,F,58,306.97
2025-11-10,9:49:47.258541684,T,IBM,I,36,306.97
2025-11-10,9:49:48.559072167,T,IBM,F I,8,306.95
2025-11-10,9:49:48.559072167,T,IBM,F I,32,306.94
2025-11-10,9:49:49.355319633,T,IBM,F I,20,306.92
2025-11-10,9:49:49.355319633,T,IBM,F I,20,306.91
2025-11-10,9:49:49.355352661,T,IBM,I,1,306.91
2025-11-10,9:49:49.355364677,T,IBM,I,19,306.91
2025-11-10,9:49:56.388099602,T,IBM,F I,5,306.74
2025-11-10,9:49:56.388099602,T,IBM,F I,6,306.73
2025-11-10,9:50:11.265761111,T,IBM,F I,1,306.73
2025-11-10,9:50:11.265803121,T,IBM,I,39,306.73
2025-11-10,9:50:11.265806227,T,IBM,I,4,306.73
2025-11-10,9:50:11.265908388,T,IBM,F I,1,306.71
2025-11-10,9:50:11.266380513,T,IBM,F I,1,306.68
2025-11-10,9:50:11.267009108,T,IBM,F I,1,306.68
2025-11-10,9:50:11.267036442,T,IBM,F I,39,306.68
2025-11-10,9:50:11.267036442,T,IBM,F I,1,306.68
2025-11-10,9:50:11.267039084,T,IBM,F I,1,306.68
2025-11-10,9:50:11.267039084,T,IBM,I,1,306.68
2025-11-10,9:50:12.948104221,T,IBM,I,6,306.58
2025-11-10,9:50:13.078181914,T,IBM,I,6,306.57
2025-11-10,9:50:13.078242069,T,IBM,,40,306.56
2025-11-10,9:50:13.078272128,T,IBM,F I,13,306.54
2025-11-10,9:50:13.388313328,T,IBM,F,53,306.55
2025-11-10,9:50:13.388313328,T,IBM,F I,2,306.61
2025-11-10,9:50:13.394535125,T,IBM,I,38,306.645
2025-11-10,9:50:16.115382630,T,IBM,F I,13,306.64
2025-11-10,9:50:18.463062787,T,IBM,F I,33,306.67
2025-11-10,9:50:18.463089881,T,IBM,F,67,306.67
2025-11-10,9:50:18.463231213,T,IBM,F I,33,306.7
2025-11-10,9:50:18.463255958,T,IBM,F I,7,306.7
2025-11-10,9:50:18.463255958,T,IBM,F,100,306.7
2025-11-10,9:50:18.463258212,T,IBM,F I,33,306.71
2025-11-10,9:50:18.463258212,T,IBM,F I,10,306.71
2025-11-10,9:50:23.073365560,T,IBM,,80,306.71
2025-11-10,9:50:23.073365560,T,IBM,,40,306.71
2025-11-10,9:50:23.073368720,T,IBM,I,3,306.71
2025-11-10,9:50:23.073368720,T,IBM,,40,306.71
2025-11-10,9:50:23.073384958,T,IBM,I,1,306.71
2025-11-10,9:50:23.073386736,T,IBM,I,26,306.71
2025-11-10,9:50:23.073422735,T,IBM,F,73,306.71
2025-11-10,9:50:23.073425799,T,IBM,I,17,306.71
2025-11-10,9:50:23.073446830,T,IBM,F,83,306.71
2025-11-10,9:50:23.073459050,T,IBM,,42,306.73
2025-11-10,9:50:23.073459050,T,IBM,I,3,306.73
2025-11-10,9:50:23.073470920,T,IBM,I,15,306.73
2025-11-10,9:50:23.073534030,T,IBM,F,83,306.71
2025-11-10,9:50:23.073555677,T,IBM,F,100,306.71
2025-11-10,9:50:23.073558063,T,IBM,,40,306.71
2025-11-10,9:50:23.074442172,T,IBM,I,5,306.73
2025-11-10,9:50:23.074658654,T,IBM,I,3,306.73
2025-11-10,9:50:23.074766985,T,IBM,,83,306.71
2025-11-10,9:50:23.074766985,T,IBM,,40,306.71
2025-11-10,9:50:23.075717180,T,IBM,I,11,306.66
2025-11-10,9:50:23.075762300,T,IBM,I,25,306.66
2025-11-10,9:50:23.075780323,T,IBM,I,11,306.71
2025-11-10,9:50:23.147648464,T,IBM,I,5,306.65
2025-11-10,9:50:24.497111118,T,IBM,I,6,306.635
2025-11-10,9:50:24.497111118,T,IBM,I,2,306.635
2025-11-10,9:50:24.497114069,T,IBM,I,3,306.635
2025-11-10,9:50:44.206546685,T,IBM,F I,1,306.62
2025-11-10,9:50:47.487026609,T,IBM,I,1,306.62
2025-11-10,9:51:03.794736634,T,IBM,F I,6,306.55
2025-11-10,9:51:04.210034353,T,IBM,F I,5,306.54
2025-11-10,9:51:04.210037398,T,IBM,F I,1,306.54
2025-11-10,9:51:04.210936469,T,IBM,I,10,306.55
2025-11-10,9:51:04.210939535,T,IBM,F,40,306.5
2025-11-10,9:51:04.210942748,T,IBM,F I,2,306.5
2025-11-10,9:51:04.211090246,T,IBM,F,40,306.5
2025-11-10,9:51:04.211090246,T,IBM,F I,2,306.5
2025-11-10,9:51:04.211159137,T,IBM,F,40,306.5
2025-11-10,9:51:04.211159137,T,IBM,F I,2,306.5
2025-11-10,9:51:04.211291368,T,IBM,I,3,306.54
2025-11-10,9:51:04.211513955,T,IBM,,40,306.5
2025-11-10,9:51:04.211535003,T,IBM,I,19,306.5
2025-11-10,9:51:04.215946511,T,IBM,I,30,306.5
2025-11-10,9:51:04.215967549,T,IBM,I,10,306.51
2025-11-10,9:51:04.233619520,T,IBM,I,30,306.48
2025-11-10,9:51:04.881680358,T,IBM,,40,306.43
2025-11-10,9:51:04.881737709,T,IBM,F I,4,306.48
2025-11-10,9:51:04.881746528,T,IBM,F,100,306.51
2025-11-10,9:51:04.881776754,T,IBM,F I,4,306.52
2025-11-10,9:51:04.881780194,T,IBM,F I,34,306.52
2025-11-10,9:51:04.881818772,T,IBM,F I,4,306.52
2025-11-10,9:51:04.881821684,T,IBM,F I,34,306.52
2025-11-10,9:51:04.881842699,T,IBM,I,4,306.52
2025-11-10,9:51:04.881860791,T,IBM,F I,4,306.52
2025-11-10,9:51:04.881893827,T,IBM,F I,4,306.53
2025-11-10,9:51:04.881945195,T,IBM,,60,306.53
2025-11-10,9:51:04.881954259,T,IBM,F,140,306.53
2025-11-10,9:51:04.881954259,T,IBM,F I,10,306.57
2025-11-10,9:51:08.280013919,T,IBM,F,40,306.68
2025-11-10,9:51:08.280028967,T,IBM,F I,28,306.68
2025-11-10,9:51:08.280028967,T,IBM,F I,12,306.69
2025-11-10,9:51:08.280062014,T,IBM,I,28,306.69
2025-11-10,9:51:08.280064996,T,IBM,F I,28,306.69
2025-11-10,9:51:08.280083376,T,IBM,I,1,306.69
2025-11-10,9:51:08.280104071,T,IBM,F I,15,306.69
2025-11-10,9:51:08.281072420,T,IBM,I,28,306.7
2025-11-10,9:51:08.281577609,T,IBM,,45,306.71
2025-11-10,9:51:08.310488442,T,IBM,I,2,306.63
2025-11-10,9:51:08.310491428,T,IBM,I,5,306.62
2025-11-10,9:51:08.310494391,T,IBM,I,2,306.61
2025-11-10,9:51:08.310497679,T,IBM,I,2,306.61
2025-11-10,9:51:08.310497679,T,IBM,,89,306.59
2025-11-10,9:51:08.476029581,T,IBM,,40,306.575
2025-11-10,9:51:14.395715638,T,IBM,F,40,306.72
2025-11-10,9:51:16.060614315,T,IBM,,45,306.64
2025-11-10,9:51:30.195158674,T,IBM,F I,9,306.58
2025-11-10,9:51:30.195176814,T,IBM,I,9,306.56
2025-11-10,9:51:30.195242947,T,IBM,F I,7,306.56
2025-11-10,9:51:30.195242947,T,IBM,I,2,306.56
2025-11-10,9:51:30.195269991,T,IBM,F I,9,306.56
2025-11-10,9:51:30.195312123,T,IBM,I,9,306.56
2025-11-10,9:51:30.195318157,T,IBM,I,6,306.6
2025-11-10,9:51:31.172741332,T,IBM,I,30,306.635
2025-11-10,9:51:31.172741332,T,IBM,I,10,306.635
2025-11-10,9:51:31.195183580,T,IBM,F I,9,306.55
2025-11-10,9:51:31.195186465,T,IBM,F I,1,306.55
2025-11-10,9:51:31.195189461,T,IBM,F,40,306.55
2025-11-10,9:51:31.195204493,T,IBM,,40,306.55
2025-11-10,9:51:31.212417531,T,IBM,,42,306.53
2025-11-10,9:51:31.213299182,T,IBM,I,1,306.57
2025-11-10,9:51:31.213301834,T,IBM,I,2,306.57
2025-11-10,9:51:31.213304628,T,IBM,I,25,306.57
2025-11-10,9:51:36.001393673,T,IBM,F I,35,306.49
2025-11-10,9:51:36.195379443,T,IBM,,40,306.59
2025-11-10,9:51:38.053620349,T,IBM,F,40,306.48
2025-11-10,9:51:38.053800804,T,IBM,F,40,306.43
2025-11-10,9:51:38.053821806,T,IBM,I,7,306.5
2025-11-10,9:51:38.766398392,T,IBM,I,2,306.47
2025-11-10,9:51:38.766413234,T,IBM,I,28,306.47
2025-11-10,9:51:38.766497605,T,IBM,I,11,306.47
2025-11-10,9:51:38.766578730,T,IBM,I,10,306.52
2025-11-10,9:51:38.766582308,T,IBM,I,20,306.53
2025-11-10,9:51:38.766856154,T,IBM,,66,306.54
2025-11-10,9:51:38.767050785,T,IBM,,68,306.54
2025-11-10,9:51:38.767053806,T,IBM,I,12,306.6
2025-11-10,9:51:38.767334282,T,IBM,,68,306.59
2025-11-10,9:51:38.767334282,T,IBM,I,28,306.6
2025-11-10,9:51:38.767339518,T,IBM,,40,306.6
2025-11-10,9:51:38.767339518,T,IBM,,51,306.6
2025-11-10,9:51:38.767354882,T,IBM,I,1,306.6
2025-11-10,9:51:38.767547008,T,IBM,,73,306.55
2025-11-10,9:51:38.771826201,T,IBM,,45,306.56
2025-11-10,9:51:38.771859224,T,IBM,I,30,306.55
2025-11-10,9:51:38.771877279,T,IBM,I,25,306.55
2025-11-10,9:51:38.785418590,T,IBM,I,20,306.56
2025-11-10,9:51:38.785448634,T,IBM,I,30,306.55
2025-11-10,9:51:38.785460680,T,IBM,,45,306.55
2025-11-10,9:51:38.785499757,T,IBM,I,5,306.55
2025-11-10,9:51:38.992723067,T,IBM,I,15,306.6
2025-11-10,9:51:47.831350288,T,IBM,F,100,306.69
2025-11-10,9:51:47.831353299,T,IBM,F I,10,306.69
2025-11-10,9:51:47.831485595,T,IBM,F I,12,306.73
2025-11-10,9:51:56.293938303,T,IBM,I,1,306.805
2025-11-10,9:51:57.884112170,T,IBM,,45,306.81
2025-11-10,9:51:57.884172279,T,IBM,,45,306.805
2025-11-10,9:51:58.547563764,T,IBM,F I,11,306.73
2025-11-10,9:51:58.547563764,T,IBM,F I,2,306.73
2025-11-10,9:51:58.547566637,T,IBM,F I,11,306.73
2025-11-10,9:51:58.547578984,T,IBM,F I,11,306.73
2025-11-10,9:51:58.547581658,T,IBM,I,11,306.73
2025-11-10,9:51:58.547602723,T,IBM,F I,5,306.73
2025-11-10,9:51:58.941399243,T,IBM,I,18,306.815
2025-11-10,9:52:00.297306162,T,IBM,F,40,306.72
2025-11-10,9:52:00.297324261,T,IBM,I,3,306.72
2025-11-10,9:52:02.047536207,T,IBM,F I,1,306.54
2025-11-10,9:52:04.880538657,T,IBM,F I,1,306.58
2025-11-10,9:52:15.066108534,T,IBM,F I,1,306.59
2025-11-10,9:52:23.187790060,T,IBM,I,2,306.55
2025-11-10,9:52:25.887506254,T,IBM,F I,2,306.54
2025-11-10,9:52:27.412929889,T,IBM,I,11,306.62
2025-11-10,9:52:27.412929889,T,IBM,F I,11,306.62
2025-11-10,9:52:27.412996223,T,IBM,F I,1,306.63
2025-11-10,9:52:27.412996223,T,IBM,F I,10,306.63
2025-11-10,9:52:27.413414666,T,IBM,,40,306.63
2025-11-10,9:52:27.638659287,T,IBM,,40,306.71
2025-11-10,9:52:27.638677268,T,IBM,I,1,306.71
2025-11-10,9:52:27.638692366,T,IBM,I,39,306.71
2025-11-10,9:52:27.638692366,T,IBM,I,14,306.71
2025-11-10,9:52:27.638932874,T,IBM,F,80,306.72
2025-11-10,9:52:27.638966666,T,IBM,F,40,306.73
2025-11-10,9:52:27.638966666,T,IBM,F I,1,306.73
2025-11-10,9:52:27.654558151,T,IBM,I,3,306.74
2025-11-10,9:52:27.865937331,T,IBM,F I,14,306.8
2025-11-10,9:52:28.274297630,T,IBM,I,30,306.77
2025-11-10,9:52:28.274297630,T,IBM,I,11,306.73
2025-11-10,9:52:28.275374060,T,IBM,F I,1,306.72
2025-11-10,9:52:28.278182906,T,IBM,I,6,306.66
2025-11-10,9:52:28.278182906,T,IBM,I,1,306.66
2025-11-10,9:52:28.278215833,T,IBM,I,5,306.71
2025-11-10,9:52:29.002005981,T,IBM,I,2,306.77
2025-11-10,9:52:29.002162419,T,IBM,F I,21,306.82
2025-11-10,9:52:34.038149673,T,IBM,F,40,306.68
2025-11-10,9:52:34.038168268,T,IBM,I,1,306.68
2025-11-10,9:52:36.135162007,T,IBM,F I,2,306.69
2025-11-10,9:52:40.220733649,T,IBM,F I,2,306.67
2025-11-10,9:52:40.221659923,T,IBM,F I,1,306.62
2025-11-10,9:52:45.731389032,T,IBM,I,35,306.56
2025-11-10,9:52:45.731476335,T,IBM,F,40,306.56
2025-11-10,9:52:45.732155787,T,IBM,,70,306.56
2025-11-10,9:52:45.732170812,T,IBM,I,2,306.56
2025-11-10,9:52:45.732170812,T,IBM,,61,306.56
2025-11-10,9:52:45.732173907,T,IBM,I,19,306.56
2025-11-10,9:52:45.732234031,T,IBM,I,2,306.57
2025-11-10,9:52:45.732312213,T,IBM,F I,1,306.57
2025-11-10,9:52:45.732315278,T,IBM,F,40,306.56
2025-11-10,9:52:45.732315278,T,IBM,F I,2,306.56
2025-11-10,9:52:45.732372354,T,IBM,I,2,306.57
2025-11-10,9:52:45.732399411,T,IBM,I,1,306.57
2025-11-10,9:52:45.732432475,T,IBM,I,2,306.57
2025-11-10,9:52:45.736702773,T,IBM,F I,1,306.56
2025-11-10,9:52:45.736828959,T,IBM,I,11,306.56
2025-11-10,9:52:45.736831914,T,IBM,,69,306.55
2025-11-10,9:52:45.736852996,T,IBM,I,31,306.55
2025-11-10,9:52:45.736852996,T,IBM,I,2,306.55
2025-11-10,9:52:45.737830310,T,IBM,F I,6,306.51
2025-11-10,9:52:45.737833357,T,IBM,F I,2,306.51
2025-11-10,9:52:45.737845834,T,IBM,F I,1,306.5
2025-11-10,9:52:45.737848411,T,IBM,F,80,306.5
2025-11-10,9:52:45.737884468,T,IBM,I,4,306.53
2025-11-10,9:52:45.737908569,T,IBM,I,2,306.53
2025-11-10,9:52:45.737929579,T,IBM,F,80,306.5
2025-11-10,9:52:45.737950561,T,IBM,I,4,306.51
2025-11-10,9:52:45.738410712,T,IBM,,80,306.5
2025-11-10,9:52:45.738431790,T,IBM,I,1,306.5
2025-11-10,9:52:45.738461801,T,IBM,,79,306.5
2025-11-10,9:52:45.738461801,T,IBM,I,1,306.5
2025-11-10,9:52:45.738470870,T,IBM,,79,306.5
2025-11-10,9:52:45.738870807,T,IBM,F I,1,306.5
2025-11-10,9:52:45.738870807,T,IBM,F I,14,306.5
2025-11-10,9:52:45.738945984,T,IBM,F I,5,306.5
2025-11-10,9:52:45.739147480,T,IBM,I,4,306.52
2025-11-10,9:52:45.740001465,T,IBM,,40,306.5
2025-11-10,9:52:46.616326908,T,IBM,,80,306.51
2025-11-10,9:52:46.616347857,T,IBM,F I,20,306.51
2025-11-10,9:52:46.616347857,T,IBM,F,60,306.5
2025-11-10,9:52:46.629389926,T,IBM,F,102,306.55
2025-11-10,9:52:50.380195497,T,IBM,,40,306.57
2025-11-10,9:52:50.477212477,T,IBM,I,2,306.58
2025-11-10,9:52:53.179016007,T,IBM,I,1,306.55
2025-11-10,9:52:53.179016007,T,IBM,I,6,306.55
2025-11-10,9:52:53.179018668,T,IBM,,40,306.55
2025-11-10,9:52:53.179021728,T,IBM,I,3,306.55
2025-11-10,9:52:58.152926141,T,IBM,I,10,306.5
2025-11-10,9:52:58.153085936,T,IBM,I,10,306.55
2025-11-10,9:52:58.153085936,T,IBM,I,2,306.55
2025-11-10,9:52:58.153181756,T,IBM,I,10,306.5
2025-11-10,9:52:58.153202816,T,IBM,I,22,306.5
2025-11-10,9:52:58.153202816,T,IBM,I,10,306.5
2025-11-10,9:52:58.153236289,T,IBM,I,8,306.5
2025-11-10,9:52:58.153236289,T,IBM,F I,2,306.5
2025-11-10,9:52:58.160326814,T,IBM,F I,1,306.55
2025-11-10,9:52:58.160401981,T,IBM,,80,306.55
2025-11-10,9:52:58.160419987,T,IBM,I,1,306.55
2025-11-10,9:52:58.161057573,T,IBM,I,19,306.55
2025-11-10,9:52:58.161084586,T,IBM,F I,21,306.55
2025-11-10,9:52:58.162278421,T,IBM,I,20,306.55
2025-11-10,9:52:59.321003007,T,IBM,F,41,306.52
2025-11-10,9:53:01.827175673,T,IBM,F I,20,306.6
2025-11-10,9:53:01.827175673,T,IBM,F I,1,306.6
2025-11-10,9:53:08.308686126,T,IBM,,40,306.605
2025-11-10,9:53:08.908470050,T,IBM,,43,306.53
2025-11-10,9:53:09.423680890,T,IBM,F I,10,306.52
2025-11-10,9:53:09.423686702,T,IBM,F I,1,306.52
2025-11-10,9:53:09.423756291,T,IBM,F I,3,306.52
2025-11-10,9:53:09.423758877,T,IBM,F,40,306.51
2025-11-10,9:53:09.424038535,T,IBM,F I,1,306.5
2025-11-10,9:53:09.590993627,T,IBM,I,8,306.51
2025-11-10,9:53:09.590993627,T,IBM,,73,306.5
2025-11-10,9:53:09.591011006,T,IBM,I,1,306.5
2025-11-10,9:53:09.591011006,T,IBM,I,6,306.5
2025-11-10,9:53:09.591014421,T,IBM,I,1,306.5
2025-11-10,9:53:09.591014421,T,IBM,I,3,306.5
2025-11-10,9:53:10.159339993,T,IBM,,77,306.5
2025-11-10,9:53:10.237177384,T,IBM,I,18,306.5
2025-11-10,9:53:10.347690451,T,IBM,F,62,306.5
2025-11-10,9:53:10.348036307,T,IBM,F,80,306.5
2025-11-10,9:53:14.990732235,T,IBM,I,7,306.5
2025-11-10,9:53:14.990750265,T,IBM,F I,8,306.5
2025-11-10,9:53:15.071534516,T,IBM,,45,306.5
2025-11-10,9:53:15.071555661,T,IBM,I,1,306.5
2025-11-10,9:53:15.071564592,T,IBM,I,1,306.5
2025-11-10,9:53:15.071570605,T,IBM,I,11,306.55
2025-11-10,9:53:17.475469692,T,IBM,I,4,306.5
2025-11-10,9:53:17.475505825,T,IBM,F I,29,306.5
2025-11-10,9:53:17.475508838,T,IBM,F,80,306.5
2025-11-10,9:53:17.475527062,T,IBM,I,1,306.5
2025-11-10,9:53:17.475547867,T,IBM,,79,306.5
2025-11-10,9:53:17.475550932,T,IBM,I,1,306.5
2025-11-10,9:53:17.475568880,T,IBM,,79,306.5
2025-11-10,9:53:17.475571897,T,IBM,I,1,306.5
2025-11-10,9:53:17.475571897,T,IBM,I,4,306.5
2025-11-10,9:53:17.475590040,T,IBM,I,39,306.5
2025-11-10,9:53:17.475596844,T,IBM,I,1,306.5
2025-11-10,9:53:17.475605036,T,IBM,,100,306.51
2025-11-10,9:53:17.475623491,T,IBM,I,1,306.51
2025-11-10,9:53:17.475626101,T,IBM,F I,39,306.51
2025-11-10,9:53:17.475641161,T,IBM,I,14,306.5
2025-11-10,9:53:17.475812477,T,IBM,I,36,306.51
2025-11-10,9:53:17.475821524,T,IBM,I,4,306.51
2025-11-10,9:53:17.475866837,T,IBM,F I,1,306.5
2025-11-10,9:53:17.475869670,T,IBM,I,21,306.5
2025-11-10,9:53:17.476032088,T,IBM,F,40,306.51
2025-11-10,9:53:17.476176419,T,IBM,I,5,306.51
2025-11-10,9:53:17.476176419,T,IBM,,42,306.51
2025-11-10,9:53:17.476314668,T,IBM,I,1,306.51
2025-11-10,9:53:17.476889104,T,IBM,I,2,306.51
2025-11-10,9:53:17.476910111,T,IBM,I,30,306.51
2025-11-10,9:53:17.531920320,T,IBM,I,4,306.5
2025-11-10,9:53:17.531923125,T,IBM,I,1,306.5
2025-11-10,9:53:19.274680053,T,IBM,I,8,306.51
2025-11-10,9:53:30.352341746,T,IBM,F I,16,306.64
2025-11-10,9:53:30.352738917,T,IBM,F I,14,306.65
2025-11-10,9:53:30.406945754,T,IBM,F I,2,306.77
2025-11-10,9:53:30.407342802,T,IBM,F I,5,306.78
2025-11-10,9:53:30.409998042,T,IBM,I,2,306.745
2025-11-10,9:53:30.740848675,T,IBM,I,2,306.88
2025-11-10,9:53:30.740848675,T,IBM,I,7,306.91
2025-11-10,9:53:30.740920899,T,IBM,F I,2,306.91
2025-11-10,9:53:40.071107341,T,IBM,F I,1,306.99
2025-11-10,9:53:40.071110715,T,IBM,F I,12,306.99
2025-11-10,9:53:40.071110715,T,IBM,F I,1,306.99
2025-11-10,9:53:40.071116432,T,IBM,F I,10,307.0
2025-11-10,9:53:48.100922984,T,IBM,,40,306.985
2025-11-10,9:53:49.648133462,T,IBM,F I,32,306.91
2025-11-10,9:53:49.648139415,T,IBM,F I,32,306.91
2025-11-10,9:53:49.648149205,T,IBM,,41,306.91
2025-11-10,9:53:49.648152078,T,IBM,I,7,306.91
2025-11-10,9:53:49.648175475,T,IBM,F,40,306.9
2025-11-10,9:53:49.648205891,T,IBM,F I,1,306.89
2025-11-10,9:53:49.648205891,T,IBM,F,40,306.88
2025-11-10,9:53:51.005531983,T,IBM,I,3,306.88
2025-11-10,9:53:51.005535034,T,IBM,I,1,306.88
2025-11-10,9:53:51.005553023,T,IBM,I,36,306.88
2025-11-10,9:53:53.731112831,T,IBM,I,4,306.85
2025-11-10,9:54:04.246874950,T,IBM,F I,16,306.91
2025-11-10,9:54:04.247058384,T,IBM,F I,10,306.8
2025-11-10,9:54:04.247070336,T,IBM,F I,30,306.8
2025-11-10,9:54:04.247070336,T,IBM,F I,10,306.79
2025-11-10,9:54:04.247076564,T,IBM,F I,4,306.79
2025-11-10,9:54:04.247076564,T,IBM,F I,36,306.78
2025-11-10,9:54:04.247103418,T,IBM,F,44,306.78
2025-11-10,9:54:04.248700267,T,IBM,F I,1,306.8
2025-11-10,9:54:04.248733360,T,IBM,F I,1,306.8
2025-11-10,9:54:04.249743729,T,IBM,F,98,306.8
2025-11-10,9:54:04.249746727,T,IBM,F,40,306.8
2025-11-10,9:54:04.252585944,T,IBM,I,30,306.82
2025-11-10,9:54:04.252585944,T,IBM,I,11,306.85
2025-11-10,9:54:04.252588510,T,IBM,I,1,306.85
2025-11-10,9:54:04.252588510,T,IBM,I,10,306.85
2025-11-10,9:54:04.252603694,T,IBM,I,1,306.85
2025-11-10,9:54:04.252609956,T,IBM,F I,29,306.85
2025-11-10,9:54:04.252721532,T,IBM,F I,11,306.82
2025-11-10,9:54:04.252721532,T,IBM,F,68,306.8
2025-11-10,9:54:04.252723834,T,IBM,F I,1,306.78
2025-11-10,9:54:04.252753967,T,IBM,F I,11,306.78
2025-11-10,9:54:04.252838097,T,IBM,F,68,306.78
2025-11-10,9:54:04.252841184,T,IBM,F I,12,306.78
2025-11-10,9:54:04.252886292,T,IBM,I,14,306.83
2025-11-10,9:54:04.253280221,T,IBM,F,80,306.78
2025-11-10,9:54:04.253283145,T,IBM,F I,2,306.78
2025-11-10,9:54:04.253343321,T,IBM,I,10,306.81
2025-11-10,9:54:04.253743399,T,IBM,F I,1,306.81
2025-11-10,9:54:04.253761277,T,IBM,F I,18,306.81
2025-11-10,9:54:04.267600434,T,IBM,I,10,306.94
2025-11-10,9:54:04.505183877,T,IBM,,40,306.98
2025-11-10,9:54:04.505207914,T,IBM,F,40,306.98
2025-11-10,9:54:04.505210934,T,IBM,F I,22,306.98
2025-11-10,9:54:04.513895625,T,IBM,F,40,307.07
2025-11-10,9:54:04.713868657,T,IBM,,40,307.11
2025-11-10,9:54:05.877927980,T,IBM,F I,36,307.2
2025-11-10,9:54:05.878721927,T,IBM,,40,307.2
2025-11-10,9:54:05.878851166,T,IBM,I,1,307.26
2025-11-10,9:54:17.619332871,T,IBM,,89,307.39
2025-11-10,9:54:17.619396409,T,IBM,F,80,307.4
2025-11-10,9:54:17.619399035,T,IBM,F I,9,307.4
2025-11-10,9:54:29.130194042,T,IBM,F,49,307.64
2025-11-10,9:54:29.152636499,T,IBM,I,10,307.72
2025-11-10,9:54:29.176317920,T,IBM,F,100,307.64
2025-11-10,9:54:48.861353702,T,IBM,F I,19,307.77
2025-11-10,9:54:48.861353702,T,IBM,F,40,307.77
2025-11-10,9:54:48.861371755,T,IBM,F I,1,307.81
2025-11-10,9:54:48.861982211,T,IBM,F I,16,307.77
2025-11-10,9:54:49.433168029,T,IBM,,40,307.89
2025-11-10,9:54:51.069558740,T,IBM,F I,3,307.89
2025-11-10,9:54:51.069606765,T,IBM,I,10,307.89
2025-11-10,9:54:57.400164103,T,IBM,F I,1,307.89
2025-11-10,9:54:59.153052103,T,IBM,F I,1,307.84
2025-11-10,9:54:59.153076119,T,IBM,F I,1,307.84
2025-11-10,9:54:59.153082216,T,IBM,F I,38,307.84
2025-11-10,9:54:59.153085197,T,IBM,F I,1,307.83
2025-11-10,9:54:59.153133244,T,IBM,F I,1,307.81
2025-11-10,9:54:59.343011342,T,IBM,,40,307.74
2025-11-10,9:55:01.397995741,T,IBM,I,1,307.81
2025-11-10,9:55:04.038076951,T,IBM,F I,1,307.81
2025-11-10,9:55:04.044410070,T,IBM,F I,30,307.87
2025-11-10,9:55:04.044413092,T,IBM,F I,22,307.89
2025-11-10,9:55:04.044431103,T,IBM,I,1,307.89
2025-11-10,9:55:04.044434399,T,IBM,I,17,307.89
2025-11-10,9:55:04.044434399,T,IBM,I,4,307.89
2025-11-10,9:55:04.194311004,T,IBM,,100,307.95
2025-11-10,9:55:04.194311004,T,IBM,I,30,307.95
2025-11-10,9:55:04.194632684,T,IBM,I,3,307.99
2025-11-10,9:55:05.487651022,T,IBM,I,2,307.9
2025-11-10,9:55:05.487729148,T,IBM,I,1,307.9
2025-11-10,9:55:07.200886746,T,IBM,I,30,307.95
2025-11-10,9:55:07.854271092,T,IBM,I,18,307.98
2025-11-10,9:55:07.854432801,T,IBM,F,100,308.0
2025-11-10,9:55:07.854432801,T,IBM,F I,13,308.0
2025-11-10,9:55:07.854432801,T,IBM,F I,21,308.0
2025-11-10,9:55:07.854497080,T,IBM,,80,308.0
2025-11-10,9:55:07.854522930,T,IBM,F I,20,308.0
2025-11-10,9:55:07.854525920,T,IBM,F I,4,307.99
2025-11-10,9:55:07.854564921,T,IBM,F,40,308.0
2025-11-10,9:55:07.854570987,T,IBM,F I,3,308.01
2025-11-10,9:55:07.854673200,T,IBM,I,3,308.0
2025-11-10,9:55:07.854673200,T,IBM,I,37,308.0
2025-11-10,9:55:07.854748667,T,IBM,I,3,308.01
2025-11-10,9:55:07.854766929,T,IBM,I,1,308.01
2025-11-10,9:55:07.855166406,T,IBM,,40,308.02
2025-11-10,9:55:07.904745376,T,IBM,,40,308.02
2025-11-10,9:55:07.904787501,T,IBM,,40,308.02
2025-11-10,9:55:07.904817875,T,IBM,F I,20,308.02
2025-11-10,9:55:07.904817875,T,IBM,F I,20,308.01
2025-11-10,9:55:07.904829680,T,IBM,F I,3,308.01
2025-11-10,9:55:07.904838939,T,IBM,I,1,308.01
2025-11-10,9:55:07.913688660,T,IBM,,100,308.02
2025-11-10,9:55:25.301094817,T,IBM,F I,23,308.2
2025-11-10,9:55:25.301113073,T,IBM,I,1,308.2
2025-11-10,9:55:25.301113073,T,IBM,F I,2,308.2
2025-11-10,9:55:25.301118847,T,IBM,I,2,308.2
2025-11-10,9:55:25.301118847,T,IBM,I,2,308.2
2025-11-10,9:55:25.301148876,T,IBM,F I,19,308.21
2025-11-10,9:55:25.312410723,T,IBM,I,3,308.23
2025-11-10,9:55:25.449396485,T,IBM,F I,7,308.3
2025-11-10,9:55:25.449396485,T,IBM,F I,1,308.3
2025-11-10,9:55:25.449849936,T,IBM,F I,6,308.33
2025-11-10,9:55:25.449991312,T,IBM,,40,308.33
2025-11-10,9:55:31.986641094,T,IBM,I,35,308.31
2025-11-10,9:55:31.987026412,T,IBM,F,68,308.23
2025-11-10,9:55:31.987029045,T,IBM,F,40,308.22
2025-11-10,9:55:31.987032009,T,IBM,F I,12,308.22
2025-11-10,9:55:31.987032009,T,IBM,I,28,308.22
2025-11-10,9:55:31.987035258,T,IBM,,40,308.22
2025-11-10,9:55:31.987302651,T,IBM,F,50,308.2
2025-11-10,9:55:31.987450029,T,IBM,F,50,308.2
2025-11-10,9:55:31.988704042,T,IBM,F I,1,308.14
2025-11-10,9:55:40.376946085,T,IBM,I,2,308.26
2025-11-10,9:55:44.527544523,T,IBM,F I,1,308.3
2025-11-10,9:55:44.527580677,T,IBM,I,1,308.3
2025-11-10,9:55:44.527583658,T,IBM,I,1,308.3
2025-11-10,9:55:44.671635541,T,IBM,I,2,308.32
2025-11-10,9:55:44.671948795,T,IBM,F,44,308.36
2025-11-10,9:55:44.671948795,T,IBM,F I,5,308.36
2025-11-10,9:55:44.671951323,T,IBM,F I,2,308.36
2025-11-10,9:55:46.727579223,T,IBM,F I,5,308.32
2025-11-10,9:55:46.727627309,T,IBM,F I,10,308.3
2025-11-10,9:55:46.727630345,T,IBM,F,100,308.3
2025-11-10,9:55:46.727663440,T,IBM,F,40,308.27
2025-11-10,9:55:46.727723593,T,IBM,F,40,308.27
2025-11-10,9:55:46.733527423,T,IBM,,40,308.26
2025-11-10,9:55:46.902815376,T,IBM,F I,20,308.26
2025-11-10,9:55:54.153235583,T,IBM,I,1,308.33
2025-11-10,9:55:54.153235583,T,IBM,I,1,308.33
2025-11-10,9:56:02.759123842,T,IBM,F I,5,308.33
2025-11-10,9:56:02.759126802,T,IBM,F I,17,308.31
2025-11-10,9:56:02.759144915,T,IBM,F I,17,308.31
2025-11-10,9:56:02.759147923,T,IBM,I,17,308.31
2025-11-10,9:56:02.759187663,T,IBM,F,86,308.31
2025-11-10,9:56:02.759187663,T,IBM,F I,2,308.31
2025-11-10,9:56:02.759190034,T,IBM,F I,6,308.31
2025-11-10,9:56:02.759190034,T,IBM,F I,3,308.31
2025-11-10,9:56:06.866602710,T,IBM,F I,2,308.44
2025-11-10,9:56:06.866605533,T,IBM,F I,2,308.44
2025-11-10,9:56:06.866620658,T,IBM,F I,2,308.44
2025-11-10,9:56:06.866680800,T,IBM,F I,2,308.44
2025-11-10,9:56:06.866690142,T,IBM,F I,2,308.44
2025-11-10,9:56:06.866716806,T,IBM,F I,30,308.44
2025-11-10,9:56:06.866716806,T,IBM,F I,4,308.44
2025-11-10,9:56:06.866731882,T,IBM,F I,2,308.45
2025-11-10,9:56:06.866734843,T,IBM,F I,2,308.47
2025-11-10,9:56:06.866762705,T,IBM,F I,26,308.47
2025-11-10,9:56:06.866785972,T,IBM,F I,2,308.48
2025-11-10,9:56:06.867011589,T,IBM,I,4,308.49
2025-11-10,9:56:06.867068702,T,IBM,I,1,308.48
2025-11-10,9:56:06.867282742,T,IBM,F,326,308.5
2025-11-10,9:56:06.867282742,T,IBM,I,15,308.5
2025-11-10,9:56:06.867300481,T,IBM,F,79,308.5
2025-11-10,9:56:06.867300481,T,IBM,F,120,308.5
2025-11-10,9:56:06.875374535,T,IBM,F,100,308.495
2025-11-10,9:56:07.093832647,T,IBM,F,100,308.48
2025-11-10,9:56:07.093832647,T,IBM,F I,2,308.47
2025-11-10,9:56:07.093835887,T,IBM,F I,2,308.46
2025-11-10,9:56:07.093835887,T,IBM,F I,5,308.45
2025-11-10,9:56:09.790337217,T,IBM,,40,308.35
2025-11-10,9:56:12.675571001,T,IBM,,40,308.34
2025-11-10,9:56:12.875274047,T,IBM,I,20,308.35
2025-11-10,9:56:12.875276448,T,IBM,,50,308.37
2025-11-10,9:56:18.538944994,T,IBM,I,1,308.39
2025-11-10,9:56:18.538948700,T,IBM,I,28,308.39
2025-11-10,9:56:18.538966589,T,IBM,I,5,308.39
2025-11-10,9:56:18.539089398,T,IBM,I,3,308.39
2025-11-10,9:56:18.539110447,T,IBM,I,29,308.39
2025-11-10,9:56:18.539152551,T,IBM,F I,10,308.34
2025-11-10,9:56:18.539332924,T,IBM,F I,4,308.34
2025-11-10,9:56:18.539507340,T,IBM,F I,9,308.39
2025-11-10,9:56:18.539507340,T,IBM,F I,10,308.39
2025-11-10,9:56:26.891007766,T,IBM,,40,308.35
2025-11-10,9:56:33.229497865,T,IBM,F,100,308.41
2025-11-10,9:56:36.598201795,T,IBM,F I,4,308.47
2025-11-10,9:56:39.447560350,T,IBM,I,17,308.5
2025-11-10,9:56:39.447581335,T,IBM,F I,19,308.5
2025-11-10,9:56:39.447581335,T,IBM,F I,2,308.5
2025-11-10,9:56:39.447584399,T,IBM,F I,1,308.5
2025-11-10,9:56:39.447644465,T,IBM,F I,3,308.51
2025-11-10,9:56:39.447644465,T,IBM,F I,11,308.51
2025-11-10,9:56:39.447662506,T,IBM,I,1,308.51
2025-11-10,9:56:41.872316977,T,IBM,F I,1,308.435
2025-11-10,9:56:50.135130308,T,IBM,F,40,308.48
2025-11-10,9:56:52.256380465,T,IBM,I,15,308.3
2025-11-10,9:56:52.256458718,T,IBM,I,15,308.26
2025-11-10,9:56:52.258299005,T,IBM,I,5,308.25
2025-11-10,9:56:52.258301954,T,IBM,I,10,308.25
2025-11-10,9:56:52.258422319,T,IBM,F,100,308.25
2025-11-10,9:56:55.319993212,T,IBM,I,2,308.32
2025-11-10,9:56:55.319995978,T,IBM,I,11,308.355
2025-11-10,9:57:05.030594235,T,IBM,I,4,308.23
2025-11-10,9:57:05.030774662,T,IBM,F,200,308.2
2025-11-10,9:57:05.030831697,T,IBM,I,10,308.22
2025-11-10,9:57:05.030858872,T,IBM,F I,4,308.18
2025-11-10,9:57:10.341291919,T,IBM,F I,2,307.75
2025-11-10,9:57:10.347940146,T,IBM,I,3,307.815
2025-11-10,9:57:14.816495284,T,IBM,F I,2,307.92
2025-11-10,9:57:14.816495284,T,IBM,F I,5,307.93
2025-11-10,9:57:14.816506640,T,IBM,F I,5,307.94
2025-11-10,9:57:14.816506640,T,IBM,F I,23,307.96
2025-11-10,9:57:14.816575830,T,IBM,F I,34,307.97
2025-11-10,9:57:14.816575830,T,IBM,F I,1,307.97
2025-11-10,9:57:14.817147381,T,IBM,I,1,308.04
2025-11-10,9:57:14.817147381,T,IBM,I,1,308.04
2025-11-10,9:57:14.817426808,T,IBM,F,40,308.1
2025-11-10,9:57:14.824301196,T,IBM,I,2,308.015
2025-11-10,9:57:19.029263004,T,IBM,F I,1,308.02
2025-11-10,9:57:19.667063459,T,IBM,I,30,307.93
2025-11-10,9:57:19.667066484,T,IBM,I,10,307.92
2025-11-10,9:57:19.667613757,T,IBM,I,10,307.92
2025-11-10,9:57:19.667824687,T,IBM,I,30,307.92
2025-11-10,9:57:19.667827231,T,IBM,I,10,307.91
2025-11-10,9:57:19.668263333,T,IBM,I,5,307.91
2025-11-10,9:57:19.668293373,T,IBM,F I,25,307.91
2025-11-10,9:57:19.668293373,T,IBM,F I,19,307.9
2025-11-10,9:57:19.668344553,T,IBM,F,75,307.91
2025-11-10,9:57:19.668347539,T,IBM,,40,307.9
2025-11-10,9:57:19.668365604,T,IBM,,40,307.9
2025-11-10,9:57:32.548978672,T,IBM,F,70,308.06
2025-11-10,9:57:32.549074974,T,IBM,F I,10,308.11
2025-11-10,9:57:32.549077927,T,IBM,F I,1,308.11
2025-11-10,9:57:32.549095998,T,IBM,I,10,308.11
2025-11-10,9:57:32.549234270,T,IBM,F I,5,308.14
2025-11-10,9:57:32.549234270,T,IBM,F I,2,308.14
2025-11-10,9:57:32.549805684,T,IBM,F I,1,308.18
2025-11-10,9:57:32.550073279,T,IBM,F I,2,308.18
2025-11-10,9:57:32.591869832,T,IBM,F,100,308.14
2025-11-10,9:57:32.595791231,T,IBM,F I,2,308.11
2025-11-10,9:57:32.595791231,T,IBM,F I,2,308.1
2025-11-10,9:57:32.595794201,T,IBM,F I,5,308.06
2025-11-10,9:57:32.595794201,T,IBM,F I,31,308.04
2025-11-10,9:57:32.600271821,T,IBM,I,10,308.13
2025-11-10,9:57:32.812688465,T,IBM,,40,308.135
2025-11-10,9:57:50.559787258,T,IBM,I,1,308.185
2025-11-10,9:57:50.559790230,T,IBM,,40,308.185
2025-11-10,9:57:50.559793288,T,IBM,I,2,308.185
2025-11-10,9:58:07.154647631,T,IBM,,40,308.04
2025-11-10,9:58:07.163894651,T,IBM,,60,308.04
2025-11-10,9:58:08.504053142,T,IBM,F I,16,308.1
2025-11-10,9:58:08.504642570,T,IBM,I,2,308.135
2025-11-10,9:58:13.925468523,T,IBM,I,6,308.03
2025-11-10,9:58:13.925468523,T,IBM,,300,308.03
2025-11-10,9:58:13.925489163,T,IBM,I,1,308.03
2025-11-10,9:58:13.925522386,T,IBM,,45,308.03
2025-11-10,9:58:13.925522386,T,IBM,,55,308.03
2025-11-10,9:58:13.925525299,T,IBM,,40,308.03
2025-11-10,9:58:13.925537658,T,IBM,F,59,308.03
2025-11-10,9:58:13.925540228,T,IBM,,41,308.03
2025-11-10,9:58:17.997495454,T,IBM,I,2,308.13
2025-11-10,9:58:23.271517252,T,IBM,,79,308.01
2025-11-10,9:58:23.271749660,T,IBM,I,20,308.01
2025-11-10,9:58:23.271749660,T,IBM,,40,308.0
2025-11-10,9:58:23.271751791,T,IBM,I,13,308.0
2025-11-10,9:58:23.271770547,T,IBM,F I,27,308.0
2025-11-10,9:58:23.271770547,T,IBM,I,26,308.0
2025-11-10,9:58:23.271773143,T,IBM,I,1,308.0
2025-11-10,9:58:23.272106683,T,IBM,I,13,308.0
2025-11-10,9:58:23.272106683,T,IBM,I,14,308.0
2025-11-10,9:58:23.281041446,T,IBM,F I,26,308.0
2025-11-10,9:58:23.281191277,T,IBM,F I,23,307.99
2025-11-10,9:58:23.281203265,T,IBM,,45,308.0
2025-11-10,9:58:25.943104562,T,IBM,,40,308.02
2025-11-10,9:58:27.840472347,T,IBM,F I,20,308.02
2025-11-10,9:58:27.840474889,T,IBM,F I,20,308.01
2025-11-10,9:58:27.840489811,T,IBM,I,1,308.01
2025-11-10,9:58:27.840492611,T,IBM,F I,19,308.01
2025-11-10,9:58:27.840817401,T,IBM,F,40,308.0
2025-11-10,9:58:27.840820437,T,IBM,F,66,308.0
2025-11-10,9:58:37.385459421,T,IBM,,65,308.0
2025-11-10,9:58:43.105525027,T,IBM,I,30,308.13
2025-11-10,9:58:43.105527371,T,IBM,I,10,308.13
2025-11-10,9:58:43.105530295,T,IBM,I,10,308.13
2025-11-10,9:58:43.105530295,T,IBM,I,13,308.15
2025-11-10,9:58:43.105533334,T,IBM,I,17,308.19
2025-11-10,9:59:00.975324726,T,IBM,I,1,308.1
2025-11-10,9:59:00.975327706,T,IBM,I,2,308.1
2025-11-10,9:59:05.188264843,T,IBM,F,40,308.22
2025-11-10,9:59:05.188267482,T,IBM,F I,1,308.22
2025-11-10,9:59:05.188267482,T,IBM,F I,3,308.22
2025-11-10,9:59:05.190417644,T,IBM,F I,5,308.17
2025-11-10,9:59:05.190417644,T,IBM,F I,1,308.17
2025-11-10,9:59:05.190901798,T,IBM,F,40,308.12
2025-11-10,9:59:05.190901798,T,IBM,F I,4,308.11
2025-11-10,9:59:05.191146008,T,IBM,F I,16,308.11
2025-11-10,9:59:05.191146008,T,IBM,F I,1,308.1
2025-11-10,9:59:05.191148722,T,IBM,F I,3,308.1
2025-11-10,9:59:05.191151336,T,IBM,F I,1,308.1
2025-11-10,9:59:05.191202524,T,IBM,F I,39,308.1
2025-11-10,9:59:05.191271696,T,IBM,F,133,308.1
2025-11-10,9:59:10.208073223,T,IBM,,40,308.21
2025-11-10,9:59:13.053868135,T,IBM,F I,14,308.33
2025-11-10,9:59:13.053883247,T,IBM,F I,4,308.33
2025-11-10,9:59:13.054244124,T,IBM,I,15,308.28
2025-11-10,9:59:13.054346289,T,IBM,I,11,308.28
2025-11-10,9:59:19.538674816,T,IBM,F I,11,308.32
2025-11-10,9:59:19.538674816,T,IBM,F I,2,308.32
2025-11-10,9:59:23.722802737,T,IBM,F I,1,308.13
2025-11-10,9:59:25.506745742,T,IBM,I,2,308.2
2025-11-10,9:59:25.509743981,T,IBM,F I,11,308.28
2025-11-10,9:59:26.677420898,T,IBM,,45,308.27
2025-11-10,9:59:26.677420898,T,IBM,I,2,308.26
2025-11-10,9:59:26.677423836,T,IBM,I,17,308.23
2025-11-10,9:59:27.454906836,T,IBM,I,2,308.41
2025-11-10,9:59:44.509958943,T,IBM,F,40,308.14
2025-11-10,9:59:44.510373889,T,IBM,F,120,308.12
2025-11-10,9:59:44.510373889,T,IBM,F I,1,308.12
2025-11-10,9:59:50.274138713,T,IBM,I,5,308.05
2025-11-10,9:59:50.274138713,T,IBM,I,5,308.03
2025-11-10,9:59:50.274141748,T,IBM,I,1,308.02
2025-11-10,9:59:50.274141748,T,IBM,I,2,308.02
2025-11-10,9:59:50.274403374,T,IBM,F,40,308.0
2025-11-10,9:59:50.275464843,T,IBM,F,55,308.0
2025-11-10,9:59:50.466263154,T,IBM,I,6,307.97
2025-11-10,9:59:50.466398512,T,IBM,F,40,308.0
2025-11-10,9:59:50.466413503,T,IBM,,40,308.0
2025-11-10,9:59:50.466416427,T,IBM,I,39,307.97
2025-11-10,9:59:50.466458608,T,IBM,F,40,307.96
2025-11-10,9:59:51.295207595,T,IBM,F,40,307.77
2025-11-10,9:59:51.298524442,T,IBM,,121,307.79
2025-11-10,9:59:51.457961364,T,IBM,F,100,307.82
2025-11-10,9:59:51.457964098,T,IBM,F I,30,307.82
2025-11-10,9:59:51.458367018,T,IBM,F I,17,307.84
2025-11-10,9:59:51.458574540,T,IBM,,150,307.915
2025-11-10,9:59:51.458604777,T,IBM,,45,307.915
2025-11-10,9:59:51.458610680,T,IBM,F I,5,307.915
2025-11-10,9:59:51.458742899,T,IBM,F I,5,307.96
2025-11-10,9:59:51.458742899,T,IBM,F I,5,307.97
2025-11-10,9:59:51.458905333,T,IBM,I,2,307.99
2025-11-10,9:59:53.348778557,T,IBM,F I,2,307.96
2025-11-10,9:59:58.353073289,T,IBM,F,150,307.93
2025-11-10,10:00:00.070852888,T,IBM,,132,307.93
2025-11-10,10:00:02.195440931,T,IBM,,45,307.95
2025-11-10,10:00:02.195440931,T,IBM,,55,307.94
2025-11-10,10:00:02.195474355,T,IBM,I,4,307.94
2025-11-10,10:00:02.195807818,T,IBM,F,150,307.98
2025-11-10,10:00:02.195813859,T,IBM,,45,307.98
2025-11-10,10:00:02.412383610,T,IBM,F I,1,308.0
2025-11-10,10:00:02.412383610,T,IBM,,100,307.95
2025-11-10,10:00:02.412434570,T,IBM,I,6,307.97
2025-11-10,10:00:02.412434570,T,IBM,F I,6,307.97
2025-11-10,10:00:02.412440477,T,IBM,I,15,307.97
2025-11-10,10:00:02.412452514,T,IBM,,85,307.97
2025-11-10,10:00:02.412473607,T,IBM,F I,15,307.97
2025-11-10,10:00:02.412483133,T,IBM,F I,3,307.97
2025-11-10,10:00:02.413135222,T,IBM,F I,12,307.97
2025-11-10,10:00:02.413138349,T,IBM,F I,3,307.97
2025-11-10,10:00:02.413138349,T,IBM,F I,6,307.97
2025-11-10,10:00:02.413153209,T,IBM,I,1,307.96
2025-11-10,10:00:02.413408887,T,IBM,,100,307.94
2025-11-10,10:00:02.413659753,T,IBM,F I,6,307.97
2025-11-10,10:00:02.413664430,T,IBM,F I,3,307.97
2025-11-10,10:00:02.413664430,T,IBM,F I,6,307.97
2025-11-10,10:00:02.413664430,T,IBM,F I,4,307.97
2025-11-10,10:00:02.413668083,T,IBM,F I,6,307.97
2025-11-10,10:00:02.413668083,T,IBM,F I,6,307.97
2025-11-10,10:00:02.413670510,T,IBM,F I,3,307.97
2025-11-10,10:00:02.414151596,T,IBM,I,5,307.9
2025-11-10,10:00:02.414175711,T,IBM,I,6,307.97
2025-11-10,10:00:02.415026819,T,IBM,I,1,307.96
2025-11-10,10:00:02.415026819,T,IBM,I,5,307.97
2025-11-10,10:00:02.727714125,T,IBM,F I,34,307.89
2025-11-10,10:00:07.384718166,T,IBM,I,1,307.94
2025-11-10,10:00:15.530157041,T,IBM,F I,16,308.08
2025-11-10,10:00:15.530162274,T,IBM,F,40,308.08
2025-11-10,10:00:15.530162274,T,IBM,F I,9,308.08
2025-11-10,10:00:15.530249506,T,IBM,I,5,308.0
2025-11-10,10:00:15.530249506,T,IBM,I,29,308.0
2025-11-10,10:00:15.530264269,T,IBM,I,3,308.0
2025-11-10,10:00:15.530276542,T,IBM,I,28,308.0
2025-11-10,10:00:15.531214462,T,IBM,I,2,308.08
2025-11-10,10:00:15.531422097,T,IBM,I,9,308.08
2025-11-10,10:00:23.163173974,T,IBM,F I,11,308.21
2025-11-10,10:00:24.268600194,T,IBM,F I,7,308.25
2025-11-10,10:00:24.268602650,T,IBM,F I,7,308.26
2025-11-10,10:00:24.269029758,T,IBM,F I,2,308.28
2025-11-10,10:00:24.269062851,T,IBM,I,5,308.28
2025-11-10,10:00:34.371863552,T,IBM,I,28,308.2
2025-11-10,10:00:35.042953268,T,IBM,F I,28,308.2
2025-11-10,10:00:35.043404403,T,IBM,F I,2,308.2
2025-11-10,10:00:35.043641930,T,IBM,F I,26,308.2
2025-11-10,10:00:35.043648270,T,IBM,F I,2,308.2
2025-11-10,10:00:35.044258486,T,IBM,F I,14,308.2
2025-11-10,10:00:35.044258486,T,IBM,F I,14,308.14
2025-11-10,10:00:35.045022149,T,IBM,I,14,308.14
2025-11-10,10:00:35.047572297,T,IBM,,100,308.15
2025-11-10,10:00:35.047575273,T,IBM,,92,308.14
2025-11-10,10:00:35.047575273,T,IBM,I,8,308.13
2025-11-10,10:00:35.047590312,T,IBM,F,192,308.13
2025-11-10,10:00:35.047662435,T,IBM,F I,1,308.11
2025-11-10,10:00:35.433381767,T,IBM,,40,308.2
2025-11-10,10:00:35.433499095,T,IBM,,40,308.2
2025-11-10,10:00:43.792911466,T,IBM,F I,1,308.33
2025-11-10,10:00:43.792932408,T,IBM,F I,6,308.33
2025-11-10,10:00:43.792932408,T,IBM,F,80,308.33
2025-11-10,10:00:43.792947512,T,IBM,I,5,308.33
2025-11-10,10:00:43.792947512,T,IBM,I,2,308.33
2025-11-10,10:00:43.792953526,T,IBM,F I,13,308.34
2025-11-10,10:00:43.793079777,T,IBM,F,60,308.37
2025-11-10,10:00:43.793107377,T,IBM,I,4,308.33
2025-11-10,10:00:49.683349767,T,IBM,,40,308.32
2025-11-10,10:00:57.614356521,T,IBM,I,30,308.28
2025-11-10,10:00:57.614359305,T,IBM,I,10,308.26
2025-11-10,10:00:58.912571005,T,IBM,I,30,308.26
2025-11-10,10:00:58.912571005,T,IBM,I,15,308.25
2025-11-10,10:01:00.024588449,T,IBM,,100,308.335
2025-11-10,10:01:08.136556688,T,IBM,I,34,308.25
2025-11-10,10:01:08.136583790,T,IBM,F,56,308.25
2025-11-10,10:01:08.136632188,T,IBM,I,10,308.25
2025-11-10,10:01:08.136632188,T,IBM,,40,308.24
2025-11-10,10:01:08.136637847,T,IBM,I,5,308.24
2025-11-10,10:01:08.136637847,T,IBM,I,1,308.24
2025-11-10,10:01:08.136653436,T,IBM,I,1,308.24
2025-11-10,10:01:08.136655931,T,IBM,I,9,308.24
2025-11-10,10:01:09.858693658,T,IBM,F,68,308.32
2025-11-10,10:01:09.858693658,T,IBM,F I,6,308.33
2025-11-10,10:01:09.858696565,T,IBM,F,40,308.33
2025-11-10,10:01:09.858699676,T,IBM,F I,20,308.33
2025-11-10,10:01:09.858717830,T,IBM,F I,21,308.33
2025-11-10,10:01:09.858717830,T,IBM,F I,7,308.33
2025-11-10,10:01:09.858721254,T,IBM,F,40,308.33
2025-11-10,10:01:09.858723622,T,IBM,I,1,308.33
2025-11-10,10:01:09.858726665,T,IBM,F,68,308.33
2025-11-10,10:01:09.858730257,T,IBM,F I,11,308.33
2025-11-10,10:01:09.858733615,T,IBM,F I,20,308.33
2025-11-10,10:01:09.858733615,T,IBM,F,100,308.33
2025-11-10,10:01:09.859183719,T,IBM,F I,3,308.33
2025-11-10,10:01:09.859547599,T,IBM,F I,5,308.33
2025-11-10,10:01:09.859692029,T,IBM,I,8,308.33
2025-11-10,10:01:11.139427652,T,IBM,F I,1,308.35
2025-11-10,10:01:12.456524275,T,IBM,I,3,308.38
2025-11-10,10:01:12.456545376,T,IBM,F I,20,308.42
2025-11-10,10:01:12.456578710,T,IBM,F,48,308.42
2025-11-10,10:01:12.456581491,T,IBM,F,40,308.43
2025-11-10,10:01:12.456581491,T,IBM,F I,1,308.43
2025-11-10,10:01:12.456584422,T,IBM,F I,38,308.43
2025-11-10,10:01:12.456599871,T,IBM,I,1,308.43
2025-11-10,10:01:12.456602922,T,IBM,F I,1,308.43
2025-11-10,10:01:12.456602922,T,IBM,F I,26,308.43
2025-11-10,10:01:12.456605542,T,IBM,F,40,308.43
2025-11-10,10:01:12.456608714,T,IBM,F I,5,308.43
2025-11-10,10:01:12.456608714,T,IBM,F I,2,308.43
2025-11-10,10:01:12.456611616,T,IBM,F I,33,308.43
2025-11-10,10:01:12.456665674,T,IBM,,40,308.43
2025-11-10,10:01:12.456695795,T,IBM,I,7,308.43
2025-11-10,10:01:12.456698737,T,IBM,,40,308.41
2025-11-10,10:01:12.456999515,T,IBM,,40,308.41
2025-11-10,10:01:12.457092728,T,IBM,,40,308.41
2025-11-10,10:01:13.479914665,T,IBM,F I,30,308.44
2025-11-10,10:01:13.573696004,T,IBM,I,3,308.4
2025-11-10,10:01:15.209876223,T,IBM,F,80,308.4
2025-11-10,10:01:15.209879272,T,IBM,F I,5,308.4
2025-11-10,10:01:15.209879272,T,IBM,F I,5,308.4
2025-11-10,10:01:15.209906355,T,IBM,I,5,308.4
2025-11-10,10:01:15.209963391,T,IBM,I,2,308.4
2025-11-10,10:01:15.209966444,T,IBM,,78,308.39
2025-11-10,10:01:15.209984649,T,IBM,F I,2,308.39
2025-11-10,10:01:15.210056684,T,IBM,I,1,308.38
2025-11-10,10:01:15.210077758,T,IBM,F I,4,308.38
2025-11-10,10:01:17.872309698,T,IBM,,40,308.35
2025-11-10,10:01:27.231518261,T,IBM,I,3,308.48
2025-11-10,10:01:27.231521341,T,IBM,I,9,308.49
2025-11-10,10:01:27.231539401,T,IBM,F I,3,308.49
2025-11-10,10:01:28.995415601,T,IBM,F I,5,308.55
2025-11-10,10:01:28.995436719,T,IBM,F I,1,308.55
2025-11-10,10:01:28.995500035,T,IBM,I,4,308.55
2025-11-10,10:01:28.995502803,T,IBM,I,2,308.55
2025-11-10,10:01:28.995629550,T,IBM,F,40,308.56
2025-11-10,10:01:28.995629550,T,IBM,F I,2,308.56
2025-11-10,10:01:28.995704270,T,IBM,F I,4,308.57
2025-11-10,10:01:29.304175741,T,IBM,,40,308.66
2025-11-10,10:01:29.337440964,T,IBM,F I,3,308.69
2025-11-10,10:01:29.567079615,T,IBM,F,80,308.88
2025-11-10,10:01:29.567079615,T,IBM,F I,10,308.88
2025-11-10,10:01:30.512001194,T,IBM,F,80,309.0
2025-11-10,10:01:30.512286811,T,IBM,F I,7,308.97
2025-11-10,10:01:30.512389349,T,IBM,F I,7,308.97
2025-11-10,10:01:30.512392269,T,IBM,I,20,308.97
2025-11-10,10:01:30.512395095,T,IBM,F I,11,308.95
2025-11-10,10:01:30.512395095,T,IBM,I,1,308.97
2025-11-10,10:01:30.512407145,T,IBM,I,12,308.97
2025-11-10,10:01:30.512416856,T,IBM,I,8,308.97
2025-11-10,10:01:30.512419165,T,IBM,F,40,308.95
2025-11-10,10:01:30.512422189,T,IBM,I,1,308.97
2025-11-10,10:01:30.512431228,T,IBM,F I,1,308.97
2025-11-10,10:01:30.512446234,T,IBM,I,11,308.95
2025-11-10,10:01:30.512458280,T,IBM,F I,11,308.95
2025-11-10,10:01:30.512491623,T,IBM,F I,29,308.95
2025-11-10,10:01:30.512491623,T,IBM,F I,4,308.95
2025-11-10,10:01:30.512494505,T,IBM,F I,7,308.95
2025-11-10,10:01:30.512494505,T,IBM,I,31,308.95
2025-11-10,10:01:30.512548496,T,IBM,F I,9,309.0
2025-11-10,10:01:30.512554631,T,IBM,F I,9,309.0
2025-11-10,10:01:30.512560530,T,IBM,F I,3,308.94
2025-11-10,10:01:30.512569862,T,IBM,I,3,308.94
2025-11-10,10:01:30.512990578,T,IBM,I,19,308.94
2025-11-10,10:01:30.513003156,T,IBM,F I,1,308.97
2025-11-10,10:01:30.513014597,T,IBM,I,6,308.97
2025-11-10,10:01:39.115772378,T,IBM,,70,309.07
2025-11-10,10:01:39.115790462,T,IBM,I,3,309.05
2025-11-10,10:01:39.115815908,T,IBM,F I,37,309.05
2025-11-10,10:01:39.115820401,T,IBM,I,10,309.05
2025-11-10,10:01:39.116404373,T,IBM,F I,15,309.0
2025-11-10,10:01:39.116406815,T,IBM,F I,10,309.0
2025-11-10,10:01:39.117438248,T,IBM,,40,308.95
2025-11-10,10:01:39.119203646,T,IBM,F I,10,308.95
2025-11-10,10:01:39.119203646,T,IBM,F,40,308.95
2025-11-10,10:01:39.122409186,T,IBM,I,8,308.92
2025-11-10,10:01:39.127596430,T,IBM,I,34,308.92
2025-11-10,10:01:39.127614490,T,IBM,I,1,308.92
2025-11-10,10:01:40.115803153,T,IBM,,40,308.95
2025-11-10,10:01:43.802039169,T,IBM,F I,22,309.02
2025-11-10,10:01:54.230608085,T,IBM,,40,309.13
2025-11-10,10:01:54.230614090,T,IBM,F I,3,309.18
2025-11-10,10:01:54.230635150,T,IBM,I,2,309.18
2025-11-10,10:01:54.230788579,T,IBM,F I,10,309.13
2025-11-10,10:01:54.230926865,T,IBM,F,41,309.1
2025-11-10,10:01:54.230956992,T,IBM,F I,10,309.18
2025-11-10,10:01:54.230956992,T,IBM,F I,11,309.18
2025-11-10,10:01:54.231002039,T,IBM,F I,7,309.14
2025-11-10,10:02:02.373880799,T,IBM,F I,10,309.03
2025-11-10,10:02:02.373883828,T,IBM,F,100,309.01
2025-11-10,10:02:02.373887464,T,IBM,F I,2,309.0
2025-11-10,10:02:02.373887464,T,IBM,F I,5,308.97
2025-11-10,10:02:02.373889856,T,IBM,F,83,308.96
2025-11-10,10:02:02.374163559,T,IBM,F,160,308.95
2025-11-10,10:02:02.374163559,T,IBM,F,40,308.95
2025-11-10,10:02:02.377077502,T,IBM,F I,1,308.81
2025-11-10,10:02:02.377080522,T,IBM,F,60,308.81
2025-11-10,10:02:02.377092515,T,IBM,F,40,308.81
2025-11-10,10:02:02.377095521,T,IBM,F,100,308.81
2025-11-10,10:02:02.377098465,T,IBM,F,100,308.81
2025-11-10,10:02:02.443812289,T,IBM,,45,308.855
2025-11-10,10:02:02.443839401,T,IBM,F,55,308.855
2025-11-10,10:02:02.478996126,T,IBM,I,11,308.94
2025-11-10,10:02:19.224870709,T,IBM,I,2,308.96
2025-11-10,10:02:19.224873737,T,IBM,I,4,308.955
2025-11-10,10:02:21.312651085,T,IBM,I,23,309.09
2025-11-10,10:02:22.892429107,T,IBM,F I,1,309.11
2025-11-10,10:02:22.892432091,T,IBM,F I,22,309.11
2025-11-10,10:02:22.893319127,T,IBM,,70,309.07
2025-11-10,10:02:22.893334231,T,IBM,I,2,309.09
2025-11-10,10:02:22.893361304,T,IBM,F,78,309.09
2025-11-10,10:02:22.893361304,T,IBM,I,17,309.07
2025-11-10,10:02:22.893466528,T,IBM,I,7,309.04
2025-11-10,10:02:26.235355637,T,IBM,F I,10,309.2
2025-11-10,10:02:26.235359283,T,IBM,F I,20,309.2
2025-11-10,10:02:26.235361613,T,IBM,F I,1,309.2
2025-11-10,10:02:30.904824305,T,IBM,F,40,309.11
2025-11-10,10:02:30.904833559,T,IBM,F,40,309.11
2025-11-10,10:02:30.904836359,T,IBM,F I,28,309.11
2025-11-10,10:02:30.904840061,T,IBM,F I,12,309.11
2025-11-10,10:02:30.904840061,T,IBM,F I,7,309.11
2025-11-10,10:02:30.904842446,T,IBM,I,30,309.11
2025-11-10,10:02:30.904845415,T,IBM,I,1,309.11
2025-11-10,10:02:30.904866428,T,IBM,F,40,309.11
2025-11-10,10:02:30.904869405,T,IBM,I,10,309.11
2025-11-10,10:02:30.904896465,T,IBM,F,40,309.1
2025-11-10,10:02:31.892423516,T,IBM,I,34,309.01
2025-11-10,10:02:31.892442022,T,IBM,I,3,309.01
2025-11-10,10:02:31.892447554,T,IBM,I,3,309.01
2025-11-10,10:02:31.892447554,T,IBM,I,1,309.01
2025-11-10,10:02:31.892447554,T,IBM,I,3,309.01
2025-11-10,10:02:31.892973754,T,IBM,I,10,309.01
2025-11-10,10:02:31.892976819,T,IBM,I,4,309.02
2025-11-10,10:02:31.893033882,T,IBM,F,40,309.01
2025-11-10,10:02:31.927601180,T,IBM,I,1,309.06
2025-11-10,10:02:37.911114236,T,IBM,F I,29,309.11
2025-11-10,10:02:37.911114236,T,IBM,F I,15,309.11
2025-11-10,10:02:37.911796809,T,IBM,I,23,309.05
2025-11-10,10:02:40.795638464,T,IBM,,40,309.1
2025-11-10,10:02:41.154236160,T,IBM,F I,5,309.05
2025-11-10,10:02:41.154548840,T,IBM,I,5,309.03
2025-11-10,10:02:42.548171724,T,IBM,I,7,309.035
2025-11-10,10:02:45.280143347,T,IBM,F I,1,308.96
2025-11-10,10:02:45.280145839,T,IBM,F,40,308.96
2025-11-10,10:02:45.280145839,T,IBM,F,40,308.96
2025-11-10,10:02:45.284996326,T,IBM,I,26,308.87
2025-11-10,10:03:02.974911215,T,IBM,F I,5,308.83
2025-11-10,10:03:02.974913727,T,IBM,F I,5,308.83
2025-11-10,10:03:02.975531255,T,IBM,F I,3,308.81
2025-11-10,10:03:02.975531255,T,IBM,F I,1,308.8
2025-11-10,10:03:02.975533191,T,IBM,F I,1,308.8
2025-11-10,10:03:02.975554240,T,IBM,F I,3,308.8
2025-11-10,10:03:02.975557195,T,IBM,F I,2,308.8
2025-11-10,10:03:02.975629415,T,IBM,I,31,308.86
2025-11-10,10:03:02.975716670,T,IBM,I,30,308.87
2025-11-10,10:03:02.975887982,T,IBM,I,2,308.82
2025-11-10,10:03:02.975894048,T,IBM,I,1,308.81
2025-11-10,10:03:03.114557163,T,IBM,I,8,308.92
2025-11-10,10:03:03.422616856,T,IBM,F I,8,308.94
2025-11-10,10:03:05.092188303,T,IBM,F I,2,308.95
2025-11-10,10:03:05.092188303,T,IBM,F I,3,309.01
2025-11-10,10:03:05.092218339,T,IBM,F I,5,309.02
2025-11-10,10:03:05.092308648,T,IBM,F I,9,309.03
2025-11-10,10:03:05.092308648,T,IBM,F,40,309.03
2025-11-10,10:03:05.092798802,T,IBM,F,40,309.04
2025-11-10,10:03:05.092834906,T,IBM,,74,308.99
2025-11-10,10:03:13.201384010,T,IBM,F I,7,309.11
2025-11-10,10:03:13.201384010,T,IBM,F I,27,309.11
2025-11-10,10:03:15.176687623,T,IBM,I,9,309.13
2025-11-10,10:03:15.177535570,T,IBM,F I,1,309.16
2025-11-10,10:03:25.219997747,T,IBM,F I,2,309.06
2025-11-10,10:03:25.220051884,T,IBM,F I,3,309.06
2025-11-10,10:03:25.226078305,T,IBM,F I,38,309.07
2025-11-10,10:03:25.226096294,T,IBM,,42,309.07
2025-11-10,10:03:25.226655598,T,IBM,F,40,309.07
2025-11-10,10:03:25.226670754,T,IBM,,40,309.06
2025-11-10,10:03:25.226673690,T,IBM,I,2,309.06
2025-11-10,10:03:25.226673690,T,IBM,I,5,309.06
2025-11-10,10:03:25.226691981,T,IBM,I,1,309.07
2025-11-10,10:03:25.226691981,T,IBM,I,39,309.07
2025-11-10,10:03:25.228607281,T,IBM,I,32,309.07
2025-11-10,10:03:25.228628288,T,IBM,F I,8,309.07
2025-11-10,10:03:25.228631359,T,IBM,F I,2,309.07
2025-11-10,10:03:25.229512409,T,IBM,,40,309.07
2025-11-10,10:03:25.251443717,T,IBM,F I,2,309.07
2025-11-10,10:03:25.251446975,T,IBM,F,40,309.08
2025-11-10,10:03:25.251870626,T,IBM,I,36,309.06
2025-11-10,10:03:25.251870626,T,IBM,I,4,309.06
2025-11-10,10:03:25.251894873,T,IBM,I,12,309.07
2025-11-10,10:03:25.251894873,T,IBM,I,13,309.06
2025-11-10,10:03:25.262639365,T,IBM,I,23,309.07
2025-11-10,10:03:25.335677757,T,IBM,I,30,309.08
2025-11-10,10:03:25.335677757,T,IBM,,100,309.07
2025-11-10,10:03:25.335680207,T,IBM,I,4,309.07
2025-11-10,10:03:32.302299639,T,IBM,F I,1,309.0
2025-11-10,10:03:32.303072501,T,IBM,,53,308.97
2025-11-10,10:03:49.031580187,T,IBM,,71,308.92
2025-11-10,10:03:55.356511035,T,IBM,I,35,308.95
2025-11-10,10:03:57.392150366,T,IBM,,40,308.95
2025-11-10,10:04:01.134451744,T,IBM,I,30,308.89
2025-11-10,10:04:02.642890889,T,IBM,I,2,308.885
2025-11-10,10:04:04.637966633,T,IBM,F I,14,308.92
2025-11-10,10:04:04.637975698,T,IBM,F,54,308.92
2025-11-10,10:04:04.637987712,T,IBM,,40,308.92
2025-11-10,10:04:04.638189310,T,IBM,F I,30,308.92
2025-11-10,10:04:04.638453818,T,IBM,F I,25,308.89
2025-11-10,10:04:04.638544073,T,IBM,I,8,308.92
2025-11-10,10:04:04.638565007,T,IBM,F,40,308.89
2025-11-10,10:04:04.639443714,T,IBM,F,80,308.88
2025-11-10,10:04:04.639972466,T,IBM,,80,308.88
2025-11-10,10:04:04.641891340,T,IBM,F I,30,308.88
2025-11-10,10:04:04.641927588,T,IBM,I,32,308.88
2025-11-10,10:04:04.641948242,T,IBM,F I,18,308.88
2025-11-10,10:04:04.681997428,T,IBM,,40,308.88
2025-11-10,10:04:06.079502492,T,IBM,,45,308.725
2025-11-10,10:04:06.079505470,T,IBM,,55,308.725
2025-11-10,10:04:12.898133622,T,IBM,I,15,308.81
2025-11-10,10:04:12.898825299,T,IBM,,40,308.8
2025-11-10,10:04:12.898855425,T,IBM,F,40,308.88
2025-11-10,10:04:12.898855425,T,IBM,F I,10,308.88
2025-11-10,10:04:12.898859118,T,IBM,F I,12,308.88
2025-11-10,10:04:12.899312840,T,IBM,F,40,308.88
2025-11-10,10:04:12.899316072,T,IBM,F I,13,308.88
2025-11-10,10:04:12.899342501,T,IBM,F I,27,308.88
2025-11-10,10:04:12.900374443,T,IBM,F I,5,308.88
2025-11-10,10:04:12.900374443,T,IBM,F I,5,308.88
2025-11-10,10:04:12.900376975,T,IBM,F I,3,308.88
2025-11-10,10:04:16.503889134,T,IBM,F I,13,308.85
2025-11-10,10:04:16.503889134,T,IBM,F,100,308.845
2025-11-10,10:04:16.504171775,T,IBM,F,45,308.92
2025-11-10,10:04:16.832270761,T,IBM,F,45,308.91
2025-11-10,10:04:16.832291827,T,IBM,F,150,308.92
2025-11-10,10:04:16.874488242,T,IBM,I,2,308.88
2025-11-10,10:04:16.874491257,T,IBM,I,5,308.87
2025-11-10,10:04:18.511612764,T,IBM,,80,308.8
2025-11-10,10:04:24.665093464,T,IBM,F,45,308.7
2025-11-10,10:04:24.665279963,T,IBM,,47,308.7
2025-11-10,10:04:24.665310692,T,IBM,F,40,308.69
2025-11-10,10:04:24.665313020,T,IBM,F I,5,308.69
2025-11-10,10:04:24.665316048,T,IBM,F,40,308.69
2025-11-10,10:04:28.175482758,T,IBM,I,2,308.72
2025-11-10,10:04:36.665880957,T,IBM,F,40,308.66
2025-11-10,10:04:36.665899161,T,IBM,I,1,308.66
2025-11-10,10:04:36.665899161,T,IBM,F I,4,308.66
2025-11-10,10:04:36.665902130,T,IBM,I,35,308.66
2025-11-10,10:04:41.965929964,T,IBM,,40,308.415
2025-11-10,10:04:46.235867354,T,IBM,F,100,308.35
