DATE,TIME_M,EX,SYM_ROOT,TR_SCOND,SIZE,PRICE
2025-11-25,9:30:01.190182457,T,IBM,F I,1,304.34
2025-11-25,9:30:01.190194563,T,IBM,Q,1,304.34
2025-11-25,9:30:01.380671017,T,IBM,F I,10,304.48
2025-11-25,9:30:01.381173184,T,IBM,I,12,304.5
2025-11-25,9:30:01.381173184,T,IBM,I,1,304.5
2025-11-25,9:30:02.377027077,T,IBM,F I,9,304.88
2025-11-25,9:30:02.446946516,T,IBM,I,9,305.1
2025-11-25,9:30:02.534166096,T,IBM,F I,9,305.15
2025-11-25,9:30:02.547854718,T,IBM,I,6,305.36
2025-11-25,9:30:03.340433492,T,IBM,F,63,305.49
2025-11-25,9:30:03.340436560,T,IBM,F I,12,305.5
2025-11-25,9:30:04.447309022,T,IBM,I,21,305.235
2025-11-25,9:30:04.447311932,T,IBM,I,18,305.235
2025-11-25,9:30:04.447311932,T,IBM,I,1,305.235
2025-11-25,9:30:04.487875134,T,IBM,F I,5,305.06
2025-11-25,9:30:05.100544817,T,IBM,,99,305.235
2025-11-25,9:30:05.100544817,T,IBM,,57,305.235
2025-11-25,9:30:09.402445208,T,IBM,F I,13,305.5
2025-11-25,9:30:09.410522420,T,IBM,,40,305.46
2025-11-25,9:30:10.851141813,T,IBM,I,5,305.3
2025-11-25,9:30:10.851141813,T,IBM,I,12,305.29
2025-11-25,9:30:10.851147191,T,IBM,I,12,305.24
2025-11-25,9:30:10.851150852,T,IBM,F I,5,305.06
2025-11-25,9:30:10.851150852,T,IBM,F,40,304.95
2025-11-25,9:30:10.851153092,T,IBM,F I,33,304.94
2025-11-25,9:30:10.851156123,T,IBM,I,30,304.94
2025-11-25,9:30:10.851156123,T,IBM,I,8,304.93
2025-11-25,9:30:10.851201361,T,IBM,F I,5,305.03
2025-11-25,9:30:10.851201361,T,IBM,F I,12,305.03
2025-11-25,9:30:10.851208686,T,IBM,F I,12,305.03
2025-11-25,9:30:10.851208686,T,IBM,F I,9,305.03
2025-11-25,9:30:10.851208686,T,IBM,I,1,305.03
2025-11-25,9:30:10.851213274,T,IBM,I,39,304.92
2025-11-25,9:30:10.851213274,T,IBM,I,1,304.92
2025-11-25,9:30:24.086808558,T,IBM,F I,6,304.7
2025-11-25,9:30:24.087073232,T,IBM,,42,304.94
2025-11-25,9:30:24.087304751,T,IBM,I,21,304.94
2025-11-25,9:30:24.087304751,T,IBM,I,19,304.95
2025-11-25,9:30:30.602720824,T,IBM,,40,304.7
2025-11-25,9:30:34.457751423,T,IBM,I,30,304.72
2025-11-25,9:30:46.967256669,T,IBM,F,100,304.72
2025-11-25,9:30:47.579117244,T,IBM,I,11,304.66
2025-11-25,9:31:00.201814778,T,IBM,F,100,304.72
2025-11-25,9:31:09.137969734,T,IBM,I,12,304.82
2025-11-25,9:31:09.137969734,T,IBM,I,20,304.86
2025-11-25,9:31:09.138002979,T,IBM,F,40,304.87
2025-11-25,9:31:09.138038988,T,IBM,F,75,304.7
2025-11-25,9:31:09.138063057,T,IBM,F I,25,304.7
2025-11-25,9:31:09.138502184,T,IBM,F I,2,304.9
2025-11-25,9:31:09.138505099,T,IBM,F I,16,304.9
2025-11-25,9:31:09.138556223,T,IBM,I,5,304.65
2025-11-25,9:31:09.138559335,T,IBM,I,1,304.64
2025-11-25,9:31:09.138559335,T,IBM,I,2,304.63
2025-11-25,9:31:09.138670753,T,IBM,I,8,304.72
2025-11-25,9:31:09.138691480,T,IBM,F I,8,304.73
2025-11-25,9:31:09.139025335,T,IBM,I,8,304.62
2025-11-25,9:31:09.142315110,T,IBM,F I,12,304.38
2025-11-25,9:31:09.142381309,T,IBM,F I,1,304.38
2025-11-25,9:31:09.142450503,T,IBM,F I,20,304.36
2025-11-25,9:31:09.142477757,T,IBM,F,100,304.35
2025-11-25,9:31:09.142477757,T,IBM,F,100,304.35
2025-11-25,9:31:09.143786116,T,IBM,I,21,304.23
2025-11-25,9:31:09.143788658,T,IBM,I,11,304.23
2025-11-25,9:31:09.144278800,T,IBM,,160,304.22
2025-11-25,9:31:09.144278800,T,IBM,I,1,304.22
2025-11-25,9:31:09.144955367,T,IBM,F I,1,304.12
2025-11-25,9:31:09.145304231,T,IBM,F,80,304.12
2025-11-25,9:31:09.150897528,T,IBM,I,5,304.16
2025-11-25,9:31:09.152810230,T,IBM,F I,39,304.22
2025-11-25,9:31:09.156084927,T,IBM,F I,29,304.25
2025-11-25,9:31:17.996040900,T,IBM,F I,5,304.33
2025-11-25,9:31:17.996044392,T,IBM,F I,5,304.29
2025-11-25,9:31:17.996046927,T,IBM,F I,1,304.26
2025-11-25,9:31:33.563922788,T,IBM,,40,304.42
2025-11-25,9:31:33.564052228,T,IBM,,40,304.42
2025-11-25,9:32:11.418837668,T,IBM,F I,5,304.66
2025-11-25,9:32:11.418837668,T,IBM,F I,2,304.67
2025-11-25,9:32:11.419051253,T,IBM,,40,304.67
2025-11-25,9:32:11.419213608,T,IBM,I,11,304.67
2025-11-25,9:32:11.834760979,T,IBM,F I,1,304.73
2025-11-25,9:32:11.834760979,T,IBM,F I,5,304.73
2025-11-25,9:32:11.834781879,T,IBM,I,1,304.73
2025-11-25,9:32:11.834808981,T,IBM,F I,6,304.78
2025-11-25,9:32:11.834815018,T,IBM,I,8,304.79
2025-11-25,9:32:11.835055544,T,IBM,F I,3,304.83
2025-11-25,9:32:14.488897591,T,IBM,,45,304.94
2025-11-25,9:32:20.722046513,T,IBM,I,2,304.96
2025-11-25,9:32:20.722100632,T,IBM,I,2,304.96
2025-11-25,9:32:20.722151802,T,IBM,I,2,304.96
2025-11-25,9:32:20.722449464,T,IBM,I,2,304.96
2025-11-25,9:32:20.722554708,T,IBM,I,2,304.96
2025-11-25,9:32:20.722641969,T,IBM,I,2,304.96
2025-11-25,9:32:20.722699065,T,IBM,I,2,304.96
2025-11-25,9:32:20.722945682,T,IBM,I,2,304.96
2025-11-25,9:32:20.723059939,T,IBM,I,2,304.96
2025-11-25,9:32:20.723123095,T,IBM,I,2,304.96
2025-11-25,9:32:20.723276482,T,IBM,I,2,304.96
2025-11-25,9:32:20.723375657,T,IBM,I,2,304.96
2025-11-25,9:32:20.723465906,T,IBM,I,2,304.96
2025-11-25,9:32:20.723522984,T,IBM,I,2,304.96
2025-11-25,9:32:20.723634335,T,IBM,I,2,304.96
2025-11-25,9:32:20.723724438,T,IBM,I,2,304.96
2025-11-25,9:32:20.723989170,T,IBM,I,2,304.96
2025-11-25,9:32:20.724103365,T,IBM,I,2,304.96
2025-11-25,9:32:20.724163648,T,IBM,I,2,304.96
2025-11-25,9:32:20.724392125,T,IBM,I,2,304.96
2025-11-25,9:32:20.725225101,T,IBM,I,2,304.96
2025-11-25,9:32:20.726274518,T,IBM,I,2,304.96
2025-11-25,9:32:20.726373785,T,IBM,I,2,304.96
2025-11-25,9:32:20.726491101,T,IBM,I,2,304.96
2025-11-25,9:32:20.726746716,T,IBM,I,2,304.96
2025-11-25,9:32:20.731579197,T,IBM,I,2,304.96
2025-11-25,9:32:20.731997219,T,IBM,I,2,304.96
2025-11-25,9:32:20.732703859,T,IBM,I,2,304.96
2025-11-25,9:32:20.739277520,T,IBM,I,2,304.96
2025-11-25,9:32:20.740474398,T,IBM,I,2,304.96
2025-11-25,9:32:20.740633800,T,IBM,I,2,304.96
2025-11-25,9:32:20.746651057,T,IBM,I,2,304.96
2025-11-25,9:32:20.747020919,T,IBM,I,2,304.96
2025-11-25,9:32:20.749213229,T,IBM,I,2,304.96
2025-11-25,9:32:20.753420216,T,IBM,I,2,304.96
2025-11-25,9:32:20.760529101,T,IBM,I,2,304.96
2025-11-25,9:32:20.763614441,T,IBM,I,2,304.96
2025-11-25,9:32:20.771291797,T,IBM,I,2,304.96
2025-11-25,9:32:20.839289637,T,IBM,I,2,304.96
2025-11-25,9:32:20.840769123,T,IBM,I,2,304.96
2025-11-25,9:32:20.851637059,T,IBM,I,2,304.96
2025-11-25,9:32:20.852064019,T,IBM,I,2,304.96
2025-11-25,9:32:20.852280595,T,IBM,I,2,304.96
2025-11-25,9:32:20.853266877,T,IBM,I,2,304.96
2025-11-25,9:32:20.853354126,T,IBM,I,2,304.96
2025-11-25,9:32:20.861139645,T,IBM,I,2,304.96
2025-11-25,9:32:20.865127219,T,IBM,I,2,304.96
2025-11-25,9:32:20.871075321,T,IBM,I,2,304.96
2025-11-25,9:32:20.872332277,T,IBM,I,2,304.96
2025-11-25,9:32:20.884848150,T,IBM,I,2,304.96
2025-11-25,9:32:21.274588008,T,IBM,I,2,304.96
2025-11-25,9:32:21.274798437,T,IBM,I,2,304.96
2025-11-25,9:32:21.274900773,T,IBM,I,2,304.96
2025-11-25,9:32:21.275745743,T,IBM,I,2,304.96
2025-11-25,9:32:21.280136258,T,IBM,I,2,304.96
2025-11-25,9:32:21.281991641,T,IBM,I,2,304.96
2025-11-25,9:32:21.282280285,T,IBM,I,2,304.96
2025-11-25,9:32:21.282472790,T,IBM,I,2,304.96
2025-11-25,9:32:21.282767448,T,IBM,I,2,304.96
2025-11-25,9:32:21.282950925,T,IBM,I,2,304.96
2025-11-25,9:32:21.283269674,T,IBM,I,2,304.96
2025-11-25,9:32:21.283429039,T,IBM,I,2,304.96
2025-11-25,9:32:21.283774863,T,IBM,I,2,304.96
2025-11-25,9:32:21.283943207,T,IBM,I,2,304.96
2025-11-25,9:32:21.284289136,T,IBM,I,2,304.96
2025-11-25,9:32:21.284355196,T,IBM,I,2,304.96
2025-11-25,9:32:21.284424430,T,IBM,I,2,304.96
2025-11-25,9:32:21.284815360,T,IBM,I,2,304.96
2025-11-25,9:32:21.284902558,T,IBM,I,2,304.96
2025-11-25,9:32:21.285410765,T,IBM,I,2,304.96
2025-11-25,9:32:21.285522012,T,IBM,I,2,304.96
2025-11-25,9:32:21.285891880,T,IBM,I,2,304.96
2025-11-25,9:32:21.286054274,T,IBM,I,2,304.96
2025-11-25,9:32:21.286418166,T,IBM,I,2,304.96
2025-11-25,9:32:21.286619708,T,IBM,I,2,304.96
2025-11-25,9:32:21.286909106,T,IBM,I,2,304.96
2025-11-25,9:32:21.287169895,T,IBM,I,2,304.96
2025-11-25,9:32:21.287578917,T,IBM,I,2,304.96
2025-11-25,9:32:21.287717392,T,IBM,I,2,304.96
2025-11-25,9:32:21.288129254,T,IBM,I,2,304.96
2025-11-25,9:32:21.288276543,T,IBM,I,2,304.96
2025-11-25,9:32:21.288610330,T,IBM,I,2,304.96
2025-11-25,9:32:21.288700544,T,IBM,I,2,304.96
2025-11-25,9:32:21.289112513,T,IBM,I,2,304.96
2025-11-25,9:32:21.289476460,T,IBM,I,2,304.96
2025-11-25,9:32:21.289593758,T,IBM,I,2,304.96
2025-11-25,9:32:21.289816264,T,IBM,I,2,304.96
2025-11-25,9:32:21.289999630,T,IBM,I,2,304.96
2025-11-25,9:32:21.290068847,T,IBM,I,2,304.96
2025-11-25,9:32:21.290180158,T,IBM,I,2,304.96
2025-11-25,9:32:51.805452765,T,IBM,I,2,304.82
2025-11-25,9:32:51.805455901,T,IBM,I,10,304.82
2025-11-25,9:32:55.992921962,T,IBM,F,63,304.61
2025-11-25,9:32:55.992941154,T,IBM,F I,10,304.57
2025-11-25,9:32:55.992941154,T,IBM,F I,2,304.57
2025-11-25,9:32:55.992945905,T,IBM,F,40,304.57
2025-11-25,9:32:55.992948981,T,IBM,F I,2,304.57
2025-11-25,9:32:55.992948981,T,IBM,F I,10,304.56
2025-11-25,9:32:55.992964661,T,IBM,F I,10,304.55
2025-11-25,9:32:55.992967036,T,IBM,F,46,304.55
2025-11-25,9:32:55.993024107,T,IBM,F I,34,304.55
2025-11-25,9:32:55.993956304,T,IBM,F,40,304.53
2025-11-25,9:32:56.014378011,T,IBM,I,7,304.52
2025-11-25,9:32:56.014398966,T,IBM,F I,33,304.52
2025-11-25,9:32:56.016074000,T,IBM,I,1,304.43
2025-11-25,9:32:56.071940965,T,IBM,,44,304.325
2025-11-25,9:33:05.851144055,T,IBM,,40,304.345
2025-11-25,9:33:15.902882843,T,IBM,F,63,304.16
2025-11-25,9:33:15.902882843,T,IBM,F,162,304.15
2025-11-25,9:33:15.902900945,T,IBM,I,1,304.15
2025-11-25,9:33:15.902909903,T,IBM,I,14,304.15
2025-11-25,9:33:15.902909903,T,IBM,I,10,304.15
2025-11-25,9:33:15.902912933,T,IBM,I,18,304.15
2025-11-25,9:33:15.903953394,T,IBM,F,125,304.23
2025-11-25,9:33:15.903998510,T,IBM,F,75,304.23
2025-11-25,9:33:16.336587360,T,IBM,F I,10,304.0
2025-11-25,9:33:16.336927204,T,IBM,F I,4,303.96
2025-11-25,9:33:16.336930464,T,IBM,F I,8,303.96
2025-11-25,9:33:16.336933315,T,IBM,F I,12,303.96
2025-11-25,9:33:16.336933315,T,IBM,F I,15,303.96
2025-11-25,9:33:16.336960328,T,IBM,F I,3,304.05
2025-11-25,9:33:16.337252022,T,IBM,I,5,303.96
2025-11-25,9:33:16.337324126,T,IBM,I,10,303.96
2025-11-25,9:33:16.338142137,T,IBM,F,40,304.07
2025-11-25,9:33:16.392526607,T,IBM,I,10,303.76
2025-11-25,9:33:16.393116107,T,IBM,F,75,303.86
2025-11-25,9:33:16.393130967,T,IBM,F I,11,303.89
2025-11-25,9:33:16.393152142,T,IBM,F I,11,303.88
2025-11-25,9:33:16.393152142,T,IBM,F I,6,303.88
2025-11-25,9:33:16.393233275,T,IBM,F,83,303.88
2025-11-25,9:33:16.393350555,T,IBM,I,20,303.81
2025-11-25,9:33:16.393395686,T,IBM,I,10,303.81
2025-11-25,9:33:16.393888859,T,IBM,I,10,303.85
2025-11-25,9:33:26.048216508,T,IBM,I,24,303.97
2025-11-25,9:33:26.048240545,T,IBM,F,75,304.03
2025-11-25,9:33:26.048544348,T,IBM,I,10,303.9
2025-11-25,9:33:26.048544348,T,IBM,I,1,303.9
2025-11-25,9:33:26.048547754,T,IBM,I,2,303.9
2025-11-25,9:33:26.048550334,T,IBM,I,2,303.9
2025-11-25,9:33:26.048775963,T,IBM,I,11,303.92
2025-11-25,9:33:26.048784932,T,IBM,I,10,303.92
2025-11-25,9:33:27.709380204,T,IBM,F I,5,304.01
2025-11-25,9:33:27.709380204,T,IBM,F I,12,304.0
2025-11-25,9:33:28.814339799,T,IBM,F,100,303.97
2025-11-25,9:33:35.222721945,T,IBM,I,3,304.15
2025-11-25,9:33:51.004551215,T,IBM,I,10,304.27
2025-11-25,9:33:51.004857978,T,IBM,I,10,304.28
2025-11-25,9:33:51.559901362,T,IBM,,100,304.29
2025-11-25,9:34:16.027447053,T,IBM,I,4,304.31
2025-11-25,9:34:16.027447053,T,IBM,I,20,304.31
2025-11-25,9:34:16.027449436,T,IBM,I,3,304.31
2025-11-25,9:34:37.019927920,T,IBM,F I,10,304.2
2025-11-25,9:34:37.019930651,T,IBM,F I,2,304.2
2025-11-25,9:34:37.029704007,T,IBM,I,17,304.22
2025-11-25,9:34:38.720235732,T,IBM,F,63,304.06
2025-11-25,9:34:38.720235732,T,IBM,F I,12,304.06
2025-11-25,9:34:38.720256738,T,IBM,F I,1,304.05
2025-11-25,9:34:38.720259584,T,IBM,F I,10,304.05
2025-11-25,9:34:38.720311088,T,IBM,F I,8,304.04
2025-11-25,9:34:38.720311088,T,IBM,F I,20,304.04
2025-11-25,9:34:38.720873113,T,IBM,F,40,304.09
2025-11-25,9:34:41.004957697,T,IBM,F,100,303.86
2025-11-25,9:34:45.019066925,T,IBM,F I,29,303.86
2025-11-25,9:34:45.019066925,T,IBM,F I,10,303.86
2025-11-25,9:34:48.004141456,T,IBM,F,40,303.86
2025-11-25,9:34:48.004330846,T,IBM,F I,1,303.86
2025-11-25,9:34:48.004342881,T,IBM,I,25,303.86
2025-11-25,9:34:48.004351978,T,IBM,I,10,303.86
2025-11-25,9:34:48.740714995,T,IBM,F I,12,303.7
2025-11-25,9:34:48.742173429,T,IBM,F I,1,303.69
2025-11-25,9:34:50.802002245,T,IBM,I,11,303.8
2025-11-25,9:34:58.943891340,T,IBM,F,100,303.97
2025-11-25,9:34:58.944628046,T,IBM,F,40,304.07
2025-11-25,9:35:02.653727334,T,IBM,F I,2,304.17
2025-11-25,9:35:02.653727334,T,IBM,F,40,304.19
2025-11-25,9:35:03.003065954,T,IBM,F I,2,304.09
2025-11-25,9:35:03.020570603,T,IBM,F,40,304.0
2025-11-25,9:35:03.898847575,T,IBM,F I,2,304.13
2025-11-25,9:35:14.300697937,T,IBM,F I,1,304.05
2025-11-25,9:35:17.571383392,T,IBM,I,20,303.895
2025-11-25,9:35:17.571723118,T,IBM,I,8,303.895
2025-11-25,9:35:29.008475192,T,IBM,F I,1,304.08
2025-11-25,9:35:29.008511252,T,IBM,F I,2,304.09
2025-11-25,9:35:29.008544423,T,IBM,F I,38,304.09
2025-11-25,9:35:29.008565444,T,IBM,F I,2,304.11
2025-11-25,9:35:29.008800305,T,IBM,F I,20,304.14
2025-11-25,9:35:29.008800305,T,IBM,F I,2,304.15
2025-11-25,9:35:29.008803009,T,IBM,F I,20,304.15
2025-11-25,9:35:29.008824040,T,IBM,I,1,304.15
2025-11-25,9:35:29.008857071,T,IBM,F I,19,304.15
2025-11-25,9:35:29.009326255,T,IBM,I,2,304.25
2025-11-25,9:35:32.229313966,T,IBM,I,3,304.08
2025-11-25,9:35:40.442292372,T,IBM,I,2,304.2
2025-11-25,9:35:40.968247505,T,IBM,F I,2,304.32
2025-11-25,9:35:41.254252293,T,IBM,I,38,304.34
2025-11-25,9:35:41.254757497,T,IBM,I,11,304.32
2025-11-25,9:35:41.254757497,T,IBM,I,27,304.34
2025-11-25,9:35:41.258050356,T,IBM,I,36,304.35
2025-11-25,9:35:41.258970598,T,IBM,I,11,304.32
2025-11-25,9:35:41.258973620,T,IBM,I,8,304.32
2025-11-25,9:35:41.968266271,T,IBM,F I,5,304.43
2025-11-25,9:35:41.968266271,T,IBM,F I,20,304.49
2025-11-25,9:35:41.968269238,T,IBM,F I,2,304.49
2025-11-25,9:35:41.968275250,T,IBM,F,108,304.5
2025-11-25,9:35:41.968284177,T,IBM,I,1,304.5
2025-11-25,9:35:42.012745112,T,IBM,I,3,304.49
2025-11-25,9:35:42.012748103,T,IBM,I,23,304.5
2025-11-25,9:35:42.012766119,T,IBM,F I,3,304.5
2025-11-25,9:35:42.088480428,T,IBM,I,15,304.57
2025-11-25,9:35:42.088480428,T,IBM,I,1,304.57
2025-11-25,9:35:42.088483408,T,IBM,I,1,304.57
2025-11-25,9:35:42.968275921,T,IBM,F,40,304.68
2025-11-25,9:35:43.263606002,T,IBM,I,2,304.83
2025-11-25,9:35:49.797852896,T,IBM,F I,4,304.75
2025-11-25,9:35:54.708071406,T,IBM,F I,5,304.75
2025-11-25,9:35:54.912762744,T,IBM,,100,304.61
2025-11-25,9:35:56.050993543,T,IBM,F I,38,304.605
2025-11-25,9:35:57.051006257,T,IBM,F I,7,304.59
2025-11-25,9:35:58.051024914,T,IBM,F I,5,304.58
2025-11-25,9:35:59.051037613,T,IBM,F I,5,304.62
2025-11-25,9:36:00.762977259,T,IBM,F I,5,304.7
2025-11-25,9:36:02.658040841,T,IBM,F I,8,304.565
2025-11-25,9:36:04.238850036,T,IBM,F I,8,304.68
2025-11-25,9:36:06.725993164,T,IBM,F I,8,304.72
2025-11-25,9:36:06.726729849,T,IBM,F I,4,304.85
2025-11-25,9:36:08.871922900,T,IBM,F I,2,304.81
2025-11-25,9:36:22.299865421,T,IBM,F I,4,304.72
2025-11-25,9:36:32.299878171,T,IBM,F I,4,304.76
2025-11-25,9:36:36.673400031,T,IBM,F,40,304.5
2025-11-25,9:36:36.678485155,T,IBM,F,40,304.55
2025-11-25,9:36:36.678485155,T,IBM,F I,4,304.57
2025-11-25,9:36:36.707254676,T,IBM,I,1,304.43
2025-11-25,9:36:36.712454007,T,IBM,I,11,304.39
2025-11-25,9:36:37.678482824,T,IBM,F I,2,304.4
2025-11-25,9:36:45.035858538,T,IBM,F I,5,304.42
2025-11-25,9:36:47.471883098,T,IBM,F,45,304.36
2025-11-25,9:36:47.471883098,T,IBM,F,120,304.365
2025-11-25,9:36:48.471889443,T,IBM,F I,38,304.345
2025-11-25,9:36:49.471899178,T,IBM,F I,5,304.44
2025-11-25,9:36:50.471923902,T,IBM,F I,5,304.4
2025-11-25,9:36:50.955502510,T,IBM,I,20,304.21
2025-11-25,9:36:50.955505809,T,IBM,F I,10,304.21
2025-11-25,9:36:50.955541175,T,IBM,F I,10,304.23
2025-11-25,9:36:50.955583318,T,IBM,I,5,304.23
2025-11-25,9:36:50.955634467,T,IBM,I,17,304.17
2025-11-25,9:36:50.956052398,T,IBM,F I,10,304.17
2025-11-25,9:36:50.957721420,T,IBM,I,30,304.14
2025-11-25,9:36:50.959522667,T,IBM,F I,1,304.13
2025-11-25,9:36:50.959670049,T,IBM,I,6,304.13
2025-11-25,9:36:50.960015854,T,IBM,F I,26,304.25
2025-11-25,9:36:50.960082494,T,IBM,I,15,304.17
2025-11-25,9:36:50.960085220,T,IBM,I,10,304.17
2025-11-25,9:36:50.960085220,T,IBM,I,9,304.13
2025-11-25,9:36:50.960103287,T,IBM,I,1,304.18
2025-11-25,9:36:50.960133093,T,IBM,I,10,304.18
2025-11-25,9:36:50.987360009,T,IBM,I,10,304.17
2025-11-25,9:36:51.016183600,T,IBM,I,1,304.15
2025-11-25,9:36:51.065982151,T,IBM,I,1,304.15
2025-11-25,9:36:51.135940697,T,IBM,I,1,304.12
2025-11-25,9:37:03.867542423,T,IBM,I,13,304.29
2025-11-25,9:37:03.867960432,T,IBM,F I,33,304.31
2025-11-25,9:37:03.867999514,T,IBM,F,47,304.31
2025-11-25,9:37:03.868618927,T,IBM,,40,304.35
2025-11-25,9:37:03.869442909,T,IBM,F I,33,304.39
2025-11-25,9:37:03.869451991,T,IBM,F I,7,304.39
2025-11-25,9:37:03.869451991,T,IBM,F I,28,304.39
2025-11-25,9:37:04.103604388,T,IBM,F I,35,304.57
2025-11-25,9:37:05.082765389,T,IBM,F,100,304.42
2025-11-25,9:37:05.882227722,T,IBM,F I,2,304.39
2025-11-25,9:37:11.066374472,T,IBM,F I,10,304.15
2025-11-25,9:37:11.070497313,T,IBM,F I,4,304.08
2025-11-25,9:37:11.076821327,T,IBM,I,13,304.24
2025-11-25,9:37:11.108128842,T,IBM,I,2,304.29
2025-11-25,9:37:11.108462665,T,IBM,I,2,304.31
2025-11-25,9:37:11.136326930,T,IBM,I,2,304.32
2025-11-25,9:37:11.142858549,T,IBM,,40,304.33
2025-11-25,9:37:13.415410783,T,IBM,F I,25,304.38
2025-11-25,9:37:13.415410783,T,IBM,F I,2,304.41
2025-11-25,9:37:23.723485920,T,IBM,I,6,304.34
2025-11-25,9:37:31.227887487,T,IBM,F,63,304.14
2025-11-25,9:37:31.227893601,T,IBM,F I,23,304.1
2025-11-25,9:37:31.227893601,T,IBM,F I,10,304.1
2025-11-25,9:37:31.228437909,T,IBM,F I,26,304.1
2025-11-25,9:37:31.228473933,T,IBM,F I,10,304.1
2025-11-25,9:37:31.229382067,T,IBM,F I,8,304.06
2025-11-25,9:37:34.008126502,T,IBM,F I,6,304.04
2025-11-25,9:37:47.772883101,T,IBM,F I,1,304.1
2025-11-25,9:37:47.772886069,T,IBM,F I,24,304.1
2025-11-25,9:38:00.125372310,T,IBM,I,2,304.1
2025-11-25,9:38:06.218541298,T,IBM,I,1,304.09
2025-11-25,9:38:06.219040562,T,IBM,I,17,304.105
2025-11-25,9:38:06.219136535,T,IBM,I,6,304.09
2025-11-25,9:38:06.219169661,T,IBM,F I,2,304.105
2025-11-25,9:38:06.219175714,T,IBM,F I,7,304.105
2025-11-25,9:38:12.538624116,T,IBM,F I,1,304.05
2025-11-25,9:38:14.738412184,T,IBM,F I,1,303.96
2025-11-25,9:38:14.738421106,T,IBM,F I,1,303.96
2025-11-25,9:38:14.738433240,T,IBM,F I,6,303.96
2025-11-25,9:38:14.742865730,T,IBM,F,100,303.975
2025-11-25,9:38:15.159700061,T,IBM,I,9,304.02
2025-11-25,9:38:20.075046021,T,IBM,I,1,303.905
2025-11-25,9:38:20.177148044,T,IBM,I,2,303.905
2025-11-25,9:38:20.428844284,T,IBM,I,7,303.92
2025-11-25,9:38:20.428877442,T,IBM,I,7,303.92
2025-11-25,9:38:20.428913396,T,IBM,I,7,303.92
2025-11-25,9:38:20.429006791,T,IBM,I,7,303.92
2025-11-25,9:38:20.429313373,T,IBM,F I,7,303.92
2025-11-25,9:38:20.429337675,T,IBM,I,7,303.92
2025-11-25,9:38:20.429337675,T,IBM,I,7,303.92
2025-11-25,9:38:20.429376542,T,IBM,I,7,303.92
2025-11-25,9:38:20.429424589,T,IBM,I,7,303.92
2025-11-25,9:38:20.429466788,T,IBM,I,7,303.92
2025-11-25,9:38:20.429815533,T,IBM,I,7,303.92
2025-11-25,9:38:20.437104873,T,IBM,I,7,303.93
2025-11-25,9:38:25.573666395,T,IBM,F,120,304.0
2025-11-25,9:38:25.573669426,T,IBM,F I,2,304.0
2025-11-25,9:38:25.573708594,T,IBM,F I,2,304.05
2025-11-25,9:38:29.004386820,T,IBM,I,2,304.07
2025-11-25,9:38:29.004428985,T,IBM,I,2,304.06
2025-11-25,9:38:29.855849073,T,IBM,I,1,304.02
2025-11-25,9:38:32.003574012,T,IBM,I,2,304.07
2025-11-25,9:38:32.003576979,T,IBM,I,2,304.07
2025-11-25,9:38:32.031203794,T,IBM,I,2,304.07
2025-11-25,9:38:32.031321222,T,IBM,I,2,304.07
2025-11-25,9:38:32.032358521,T,IBM,I,2,304.07
2025-11-25,9:38:32.033029144,T,IBM,I,2,304.07
2025-11-25,9:38:32.033302791,T,IBM,I,2,304.07
2025-11-25,9:38:32.033438149,T,IBM,I,2,304.07
2025-11-25,9:38:32.033850110,T,IBM,I,2,304.07
2025-11-25,9:38:32.034051546,T,IBM,I,2,304.07
2025-11-25,9:38:32.035158258,T,IBM,I,2,304.07
2025-11-25,9:38:32.039602809,T,IBM,I,2,304.07
2025-11-25,9:38:32.042411537,T,IBM,I,2,304.07
2025-11-25,9:38:32.042841450,T,IBM,I,2,304.07
2025-11-25,9:38:32.047283076,T,IBM,I,2,304.07
2025-11-25,9:38:32.047583817,T,IBM,I,2,304.07
2025-11-25,9:38:32.049815102,T,IBM,I,2,304.07
2025-11-25,9:38:32.050446658,T,IBM,I,2,304.07
2025-11-25,9:38:32.050861583,T,IBM,I,2,304.07
2025-11-25,9:38:32.051021020,T,IBM,I,2,304.07
2025-11-25,9:38:32.051174326,T,IBM,I,2,304.07
2025-11-25,9:38:32.055558733,T,IBM,I,2,304.07
2025-11-25,9:38:32.056277655,T,IBM,I,2,304.07
2025-11-25,9:38:32.056572161,T,IBM,I,2,304.07
2025-11-25,9:38:32.056617350,T,IBM,I,20,304.07
2025-11-25,9:38:32.056641398,T,IBM,I,2,304.07
2025-11-25,9:38:32.071310307,T,IBM,I,2,304.07
2025-11-25,9:38:32.080891038,T,IBM,I,2,304.07
2025-11-25,9:38:32.083290776,T,IBM,I,2,304.07
2025-11-25,9:38:32.083384060,T,IBM,I,2,304.07
2025-11-25,9:38:32.083618629,T,IBM,I,2,304.07
2025-11-25,9:38:32.083916265,T,IBM,I,2,304.07
2025-11-25,9:38:32.085278496,T,IBM,I,2,304.07
2025-11-25,9:38:32.086953519,T,IBM,I,2,304.07
2025-11-25,9:38:32.091434128,T,IBM,I,2,304.07
2025-11-25,9:38:32.092204043,T,IBM,I,2,304.07
2025-11-25,9:38:32.099950403,T,IBM,I,2,304.07
2025-11-25,9:38:32.100154955,T,IBM,I,2,304.07
2025-11-25,9:38:32.107802130,T,IBM,I,2,304.07
2025-11-25,9:38:41.421425080,T,IBM,F I,37,303.91
2025-11-25,9:38:50.694297992,T,IBM,F,100,303.81
2025-11-25,9:38:50.694343739,T,IBM,F I,37,303.84
2025-11-25,9:38:50.694349018,T,IBM,I,37,303.84
2025-11-25,9:38:50.694379098,T,IBM,F I,26,303.84
2025-11-25,9:38:50.694379098,T,IBM,F I,2,303.85
2025-11-25,9:38:50.694460325,T,IBM,F I,16,303.87
2025-11-25,9:38:50.694460325,T,IBM,I,4,303.87
2025-11-25,9:38:50.694463347,T,IBM,I,31,303.88
2025-11-25,9:38:50.694481353,T,IBM,I,1,303.88
2025-11-25,9:38:50.694511424,T,IBM,I,3,303.88
2025-11-25,9:38:51.572830672,T,IBM,I,10,303.95
2025-11-25,9:38:51.572830672,T,IBM,I,17,303.95
2025-11-25,9:38:51.573185295,T,IBM,I,27,303.96
2025-11-25,9:38:53.881835595,T,IBM,I,27,303.96
2025-11-25,9:38:54.932416625,T,IBM,F I,5,304.06
2025-11-25,9:39:00.807810465,T,IBM,I,6,303.95
2025-11-25,9:39:25.226423876,T,IBM,I,10,303.85
2025-11-25,9:39:25.226426238,T,IBM,I,25,303.86
2025-11-25,9:39:25.226429133,T,IBM,I,14,303.89
2025-11-25,9:39:25.226432129,T,IBM,,42,303.9
2025-11-25,9:39:29.912316887,T,IBM,I,1,303.9
2025-11-25,9:39:43.396661658,T,IBM,,69,303.76
2025-11-25,9:39:43.396869122,T,IBM,F I,1,303.8
2025-11-25,9:39:43.396872188,T,IBM,F I,35,303.8
2025-11-25,9:39:43.397109745,T,IBM,I,23,303.8
2025-11-25,9:39:43.397143911,T,IBM,I,10,303.82
2025-11-25,9:39:43.397269126,T,IBM,I,5,303.83
2025-11-25,9:39:43.397939745,T,IBM,I,11,303.81
2025-11-25,9:39:43.397951775,T,IBM,I,11,303.81
2025-11-25,9:39:43.398042006,T,IBM,,40,303.89
2025-11-25,9:39:43.398078101,T,IBM,F I,2,303.9
2025-11-25,9:39:43.399707955,T,IBM,I,13,303.88
2025-11-25,9:39:46.518149875,T,IBM,F I,30,303.96
2025-11-25,9:39:48.066235252,T,IBM,F I,15,303.94
2025-11-25,9:39:55.251709480,T,IBM,F I,1,303.91
2025-11-25,9:39:55.252244705,T,IBM,I,2,303.93
2025-11-25,9:39:55.256532974,T,IBM,F I,2,303.97
2025-11-25,9:39:58.115060082,T,IBM,F I,4,303.88
2025-11-25,9:39:59.832445443,T,IBM,I,2,303.89
2025-11-25,9:39:59.832448578,T,IBM,I,10,303.86
2025-11-25,9:39:59.832448578,T,IBM,I,39,303.86
2025-11-25,9:39:59.832469539,T,IBM,I,1,303.86
2025-11-25,9:39:59.832668005,T,IBM,F I,8,303.85
2025-11-25,9:39:59.832671148,T,IBM,F I,10,303.85
2025-11-25,9:39:59.832671148,T,IBM,F I,10,303.84
2025-11-25,9:40:21.462372418,T,IBM,F,40,303.67
2025-11-25,9:40:21.462376397,T,IBM,F I,10,303.67
2025-11-25,9:40:21.470768508,T,IBM,F I,1,303.62
2025-11-25,9:40:21.470909752,T,IBM,I,9,303.62
2025-11-25,9:40:21.527370013,T,IBM,I,39,303.67
2025-11-25,9:40:21.527372335,T,IBM,I,2,303.67
2025-11-25,9:40:21.527375202,T,IBM,,40,303.67
2025-11-25,9:40:21.527399266,T,IBM,F I,25,303.68
2025-11-25,9:40:21.528427739,T,IBM,,40,303.67
2025-11-25,9:40:21.555020049,T,IBM,I,30,303.74
2025-11-25,9:40:25.793929696,T,IBM,F,100,303.67
2025-11-25,9:40:25.794705580,T,IBM,I,11,303.64
2025-11-25,9:40:28.055358557,T,IBM,F I,1,303.58
2025-11-25,9:40:28.055358557,T,IBM,F I,10,303.58
2025-11-25,9:40:28.055755497,T,IBM,I,22,303.63
2025-11-25,9:40:28.055770474,T,IBM,I,6,303.58
2025-11-25,9:40:28.060855597,T,IBM,F I,25,303.6
2025-11-25,9:40:28.060858615,T,IBM,F I,5,303.58
2025-11-25,9:40:28.287336858,T,IBM,F I,5,303.58
2025-11-25,9:40:28.287340190,T,IBM,F I,14,303.58
2025-11-25,9:40:28.287342852,T,IBM,F I,6,303.58
2025-11-25,9:40:29.793120804,T,IBM,I,10,303.56
2025-11-25,9:40:34.423066244,T,IBM,F I,2,303.62
2025-11-25,9:40:48.246128789,T,IBM,F I,1,303.66
2025-11-25,9:40:48.246210001,T,IBM,F I,1,303.66
2025-11-25,9:40:48.561567730,T,IBM,,100,303.635
2025-11-25,9:40:48.561570876,T,IBM,I,15,303.62
2025-11-25,9:40:48.561573725,T,IBM,,40,303.62
2025-11-25,9:40:48.561580519,T,IBM,,75,303.61
2025-11-25,9:40:48.561582701,T,IBM,I,5,303.6
2025-11-25,9:40:48.561589085,T,IBM,,100,303.6
2025-11-25,9:40:48.561592542,T,IBM,I,25,303.58
2025-11-25,9:40:48.561592542,T,IBM,I,10,303.57
2025-11-25,9:40:48.561594765,T,IBM,,100,303.57
2025-11-25,9:40:48.561598454,T,IBM,,100,303.56
2025-11-25,9:40:48.561601420,T,IBM,,100,303.56
2025-11-25,9:40:48.561607217,T,IBM,I,25,303.56
2025-11-25,9:40:48.561607217,T,IBM,I,2,303.55
2025-11-25,9:40:48.561607217,T,IBM,I,5,303.55
2025-11-25,9:40:48.561610042,T,IBM,,100,303.55
2025-11-25,9:40:48.561610042,T,IBM,,100,303.54
2025-11-25,9:40:48.561612923,T,IBM,,63,303.53
2025-11-25,9:40:48.561612923,T,IBM,I,33,303.52
2025-11-25,9:40:48.561615843,T,IBM,I,22,303.52
2025-11-25,9:40:48.561615843,T,IBM,I,1,303.52
2025-11-25,9:40:48.561619440,T,IBM,I,2,303.6
2025-11-25,9:40:48.561627880,T,IBM,I,5,303.6
2025-11-25,9:40:48.561634038,T,IBM,I,8,303.6
2025-11-25,9:40:48.561841384,T,IBM,I,22,303.6
2025-11-25,9:40:48.561910519,T,IBM,F I,1,303.62
2025-11-25,9:40:48.647346930,T,IBM,I,25,303.62
2025-11-25,9:40:48.647349985,T,IBM,,135,303.62
2025-11-25,9:40:48.647365081,T,IBM,F,212,303.62
2025-11-25,9:40:48.647365081,T,IBM,F,55,303.62
2025-11-25,9:40:48.647370973,T,IBM,F,200,303.62
2025-11-25,9:40:48.647370973,T,IBM,F,100,303.62
2025-11-25,9:40:48.647377274,T,IBM,F I,16,303.62
2025-11-25,9:40:48.647377274,T,IBM,F,79,303.62
2025-11-25,9:40:48.647380152,T,IBM,F,51,303.62
2025-11-25,9:40:48.647383782,T,IBM,F,40,303.62
2025-11-25,9:40:48.647383782,T,IBM,F I,2,303.62
2025-11-25,9:40:48.647386608,T,IBM,F I,3,303.62
2025-11-25,9:40:48.647386608,T,IBM,F I,9,303.62
2025-11-25,9:40:48.647389062,T,IBM,F I,13,303.62
2025-11-25,9:40:50.086435035,T,IBM,I,11,303.475
2025-11-25,9:40:54.782065593,T,IBM,F,100,303.37
2025-11-25,9:40:54.782312290,T,IBM,,100,303.38
2025-11-25,9:40:59.588714709,T,IBM,F I,10,303.23
2025-11-25,9:41:00.339473026,T,IBM,,40,303.24
2025-11-25,9:41:01.283308970,T,IBM,I,2,303.22
2025-11-25,9:41:01.283327075,T,IBM,I,2,303.22
2025-11-25,9:41:01.284042833,T,IBM,F I,2,303.31
2025-11-25,9:41:01.284102850,T,IBM,F I,7,303.25
2025-11-25,9:41:01.284286309,T,IBM,,100,303.25
2025-11-25,9:41:06.677403587,T,IBM,I,25,303.36
2025-11-25,9:41:06.677406459,T,IBM,I,15,303.36
2025-11-25,9:41:06.713865261,T,IBM,I,1,303.38
2025-11-25,9:41:08.699062380,T,IBM,I,2,303.47
2025-11-25,9:41:08.699134522,T,IBM,F I,5,303.47
2025-11-25,9:41:09.531651500,T,IBM,F,40,303.49
2025-11-25,9:41:29.502272961,T,IBM,F,100,303.275
2025-11-25,9:41:49.683353197,T,IBM,I,5,303.28
2025-11-25,9:41:49.752478795,T,IBM,F I,35,303.34
2025-11-25,9:41:49.803597396,T,IBM,,40,303.42
2025-11-25,9:41:54.213845893,T,IBM,F I,7,303.39
2025-11-25,9:41:54.213915121,T,IBM,I,7,303.41
2025-11-25,9:42:02.854186836,T,IBM,F I,5,303.33
2025-11-25,9:42:02.854190608,T,IBM,F I,5,303.33
2025-11-25,9:42:02.854192838,T,IBM,F,100,303.3
2025-11-25,9:42:02.858877938,T,IBM,I,1,303.25
2025-11-25,9:42:05.562500586,T,IBM,F I,11,303.01
2025-11-25,9:42:05.562500586,T,IBM,F I,10,303.01
2025-11-25,9:42:05.562701975,T,IBM,I,29,303.08
2025-11-25,9:42:08.119936007,T,IBM,F I,23,303.15
2025-11-25,9:42:15.506559609,T,IBM,F,40,303.0
2025-11-25,9:42:15.506559609,T,IBM,F I,8,303.0
2025-11-25,9:42:16.600699033,T,IBM,F I,5,302.82
2025-11-25,9:42:23.432994490,T,IBM,F I,1,302.64
2025-11-25,9:42:23.432994490,T,IBM,F I,10,302.64
2025-11-25,9:42:23.444443066,T,IBM,I,10,302.51
2025-11-25,9:42:23.444445761,T,IBM,I,10,302.51
2025-11-25,9:42:23.447305594,T,IBM,I,15,302.58
2025-11-25,9:42:23.447329624,T,IBM,F I,7,302.58
2025-11-25,9:42:23.447344658,T,IBM,F I,7,302.58
2025-11-25,9:42:23.447351223,T,IBM,F,71,302.58
2025-11-25,9:42:23.447353702,T,IBM,F I,7,302.59
2025-11-25,9:42:23.447353702,T,IBM,F I,5,302.61
2025-11-25,9:42:23.874677094,T,IBM,I,20,302.51
2025-11-25,9:42:23.874785229,T,IBM,I,10,302.5
2025-11-25,9:42:23.874785229,T,IBM,I,10,302.5
2025-11-25,9:42:24.333461620,T,IBM,F,45,302.54
2025-11-25,9:42:27.256492101,T,IBM,,50,302.57
2025-11-25,9:42:27.256495650,T,IBM,,70,302.57
2025-11-25,9:42:27.256510028,T,IBM,F I,5,302.57
2025-11-25,9:42:27.256516043,T,IBM,I,1,302.57
2025-11-25,9:42:27.256519312,T,IBM,F I,8,302.57
2025-11-25,9:42:27.256519312,T,IBM,I,5,302.57
2025-11-25,9:42:27.256522050,T,IBM,I,11,302.57
2025-11-25,9:42:27.256597303,T,IBM,F I,3,302.59
2025-11-25,9:42:27.257709928,T,IBM,F,54,302.59
2025-11-25,9:42:27.258299329,T,IBM,,40,302.59
2025-11-25,9:42:29.067734028,T,IBM,I,30,302.54
2025-11-25,9:42:29.067734028,T,IBM,I,10,302.58
2025-11-25,9:42:31.807093547,T,IBM,I,10,302.47
2025-11-25,9:42:31.807761063,T,IBM,F I,1,302.46
2025-11-25,9:42:31.809093329,T,IBM,F I,1,302.46
2025-11-25,9:42:31.810524630,T,IBM,F I,1,302.46
2025-11-25,9:42:31.813122835,T,IBM,I,1,302.45
2025-11-25,9:42:31.814641466,T,IBM,I,1,302.45
2025-11-25,9:42:31.815456378,T,IBM,I,1,302.45
2025-11-25,9:42:31.833264798,T,IBM,I,1,302.45
2025-11-25,9:42:33.934835977,T,IBM,F I,8,302.445
2025-11-25,9:42:33.935196862,T,IBM,F I,1,302.44
2025-11-25,9:42:33.935217930,T,IBM,I,1,302.46
2025-11-25,9:42:39.161714534,T,IBM,F I,2,302.29
2025-11-25,9:42:40.162184320,T,IBM,I,1,302.32
2025-11-25,9:42:40.200167651,T,IBM,I,1,302.32
2025-11-25,9:42:40.201124014,T,IBM,I,1,302.31
2025-11-25,9:42:40.287784240,T,IBM,F I,36,302.23
2025-11-25,9:42:40.287787229,T,IBM,F I,10,302.23
2025-11-25,9:42:40.288136072,T,IBM,I,9,302.23
2025-11-25,9:42:41.089474774,T,IBM,I,4,302.25
2025-11-25,9:42:41.288272098,T,IBM,F I,6,302.19
2025-11-25,9:42:41.288290144,T,IBM,F I,10,302.19
2025-11-25,9:42:41.288380415,T,IBM,I,12,302.23
2025-11-25,9:42:41.288380415,T,IBM,I,1,302.23
2025-11-25,9:42:41.288900591,T,IBM,F I,10,302.19
2025-11-25,9:42:41.289348732,T,IBM,I,20,302.23
2025-11-25,9:42:41.289370055,T,IBM,I,1,302.23
2025-11-25,9:42:41.289378727,T,IBM,I,8,302.19
2025-11-25,9:42:41.289402870,T,IBM,I,8,302.19
2025-11-25,9:42:42.370840399,T,IBM,F I,4,302.19
2025-11-25,9:42:45.174381628,T,IBM,F,81,302.02
2025-11-25,9:42:45.174384681,T,IBM,F I,10,302.02
2025-11-25,9:42:45.174399723,T,IBM,F I,20,302.03
2025-11-25,9:42:45.174808704,T,IBM,F I,10,302.01
2025-11-25,9:42:45.175130664,T,IBM,F,100,302.0
2025-11-25,9:42:45.175185097,T,IBM,,100,302.01
2025-11-25,9:42:45.175262771,T,IBM,I,1,302.02
2025-11-25,9:42:45.181213978,T,IBM,I,6,301.98
2025-11-25,9:42:45.181213978,T,IBM,I,1,302.0
2025-11-25,9:42:45.190809723,T,IBM,,63,301.91
2025-11-25,9:42:51.998566730,T,IBM,F,100,301.935
2025-11-25,9:42:54.468295361,T,IBM,F,80,301.87
2025-11-25,9:42:54.469134373,T,IBM,F,97,301.82
2025-11-25,9:42:54.469158430,T,IBM,F,100,301.9
2025-11-25,9:42:54.469209523,T,IBM,F,100,301.91
2025-11-25,9:42:54.469278675,T,IBM,F I,5,301.96
2025-11-25,9:42:54.469281774,T,IBM,F,40,301.96
2025-11-25,9:42:54.469291359,T,IBM,F I,25,301.99
2025-11-25,9:42:57.440475143,T,IBM,F,96,301.96
2025-11-25,9:42:57.452918765,T,IBM,I,14,301.9
2025-11-25,9:42:57.456828110,T,IBM,I,10,301.91
2025-11-25,9:43:04.385006761,T,IBM,F I,30,301.86
2025-11-25,9:43:14.031916023,T,IBM,I,4,301.6
2025-11-25,9:43:14.096699272,T,IBM,F I,25,301.58
2025-11-25,9:43:17.560263859,T,IBM,F I,5,301.45
2025-11-25,9:43:17.560263859,T,IBM,F I,10,301.42
2025-11-25,9:43:17.560270881,T,IBM,F I,6,301.42
2025-11-25,9:43:17.560270881,T,IBM,F I,5,301.42
2025-11-25,9:43:17.560270881,T,IBM,F I,3,301.42
2025-11-25,9:43:17.560273005,T,IBM,F I,5,301.41
2025-11-25,9:43:17.560717899,T,IBM,I,8,301.41
2025-11-25,9:43:17.565541478,T,IBM,I,10,301.4
2025-11-25,9:43:17.565553597,T,IBM,F I,9,301.4
2025-11-25,9:43:17.565556421,T,IBM,F I,1,301.41
2025-11-25,9:43:17.565565491,T,IBM,F I,7,301.41
2025-11-25,9:43:17.565568481,T,IBM,F I,2,301.41
2025-11-25,9:43:27.253092316,T,IBM,F I,11,301.29
2025-11-25,9:43:27.259293113,T,IBM,I,11,301.29
2025-11-25,9:43:34.275253738,T,IBM,F I,10,301.22
2025-11-25,9:43:34.275253738,T,IBM,F I,1,301.21
2025-11-25,9:43:34.275256692,T,IBM,F,100,301.21
2025-11-25,9:43:34.275259795,T,IBM,F I,8,301.2
2025-11-25,9:43:34.275554452,T,IBM,F I,7,301.2
2025-11-25,9:43:37.507203962,T,IBM,F I,19,301.16
2025-11-25,9:43:47.083006058,T,IBM,F,45,301.23
2025-11-25,9:43:47.083006058,T,IBM,F,80,301.23
2025-11-25,9:43:56.660094759,T,IBM,I,3,301.23
2025-11-25,9:43:56.707253160,T,IBM,F I,1,301.33
2025-11-25,9:43:57.224707167,T,IBM,F I,15,301.16
2025-11-25,9:43:57.224709926,T,IBM,F I,10,301.16
2025-11-25,9:43:57.224812191,T,IBM,F I,1,301.1
2025-11-25,9:43:57.225112921,T,IBM,F,46,301.08
2025-11-25,9:43:57.225115859,T,IBM,F,46,301.08
2025-11-25,9:43:57.234248610,T,IBM,F I,30,301.05
2025-11-25,9:43:57.234347895,T,IBM,F I,2,301.0
2025-11-25,9:43:58.242871405,T,IBM,F I,4,300.99
2025-11-25,9:43:58.242873894,T,IBM,F I,4,300.99
2025-11-25,9:43:58.242888868,T,IBM,F,92,300.99
2025-11-25,9:43:58.242891869,T,IBM,F I,4,301.0
2025-11-25,9:43:59.932641583,T,IBM,F I,5,300.99
2025-11-25,9:43:59.932645389,T,IBM,F I,10,300.91
2025-11-25,9:43:59.932645389,T,IBM,F I,24,300.91
2025-11-25,9:43:59.932689742,T,IBM,I,1,300.91
2025-11-25,9:43:59.932744625,T,IBM,F I,4,300.91
2025-11-25,9:44:00.944015527,T,IBM,F I,2,300.77
2025-11-25,9:44:00.944015527,T,IBM,F I,27,300.71
2025-11-25,9:44:00.944036622,T,IBM,I,2,300.71
2025-11-25,9:44:00.944036622,T,IBM,I,26,300.71
2025-11-25,9:44:04.912253471,T,IBM,F I,5,300.93
2025-11-25,9:44:04.912352639,T,IBM,F,80,300.95
2025-11-25,9:44:11.905275479,T,IBM,F I,1,300.71
2025-11-25,9:44:11.905326634,T,IBM,F I,1,300.71
2025-11-25,9:44:11.905326634,T,IBM,F I,10,300.71
2025-11-25,9:44:13.109501368,T,IBM,,40,300.47
2025-11-25,9:44:13.245091164,T,IBM,F I,1,300.49
2025-11-25,9:44:13.245091164,T,IBM,F,80,300.48
2025-11-25,9:44:13.245094068,T,IBM,F,80,300.47
2025-11-25,9:44:13.245097257,T,IBM,F I,10,300.47
2025-11-25,9:44:13.245100126,T,IBM,F,61,300.47
2025-11-25,9:44:13.245115159,T,IBM,I,1,300.47
2025-11-25,9:44:15.414867892,T,IBM,I,1,300.49
2025-11-25,9:44:15.414871372,T,IBM,I,8,300.47
2025-11-25,9:44:15.414873722,T,IBM,,64,300.47
2025-11-25,9:44:15.414873722,T,IBM,I,7,300.47
2025-11-25,9:44:15.414888644,T,IBM,I,1,300.47
2025-11-25,9:44:19.328441559,T,IBM,I,7,300.41
2025-11-25,9:44:31.796941209,T,IBM,I,1,300.22
2025-11-25,9:44:31.796959265,T,IBM,F I,10,300.22
2025-11-25,9:44:31.796983276,T,IBM,F I,2,300.22
2025-11-25,9:44:31.824002669,T,IBM,F,50,300.33
2025-11-25,9:44:31.824048062,T,IBM,F,100,300.35
2025-11-25,9:44:31.824050753,T,IBM,F I,25,300.355
2025-11-25,9:44:31.824249268,T,IBM,F I,8,300.36
2025-11-25,9:44:31.824453757,T,IBM,F I,8,300.36
2025-11-25,9:44:31.824510800,T,IBM,I,8,300.36
2025-11-25,9:44:35.396970755,T,IBM,F,50,300.23
2025-11-25,9:44:35.398038688,T,IBM,F I,20,300.22
2025-11-25,9:44:35.398038688,T,IBM,F,40,300.21
2025-11-25,9:44:35.398041302,T,IBM,F I,4,300.21
2025-11-25,9:44:35.408557359,T,IBM,I,20,300.21
2025-11-25,9:44:35.408557359,T,IBM,I,37,300.2
2025-11-25,9:44:35.408575362,T,IBM,F,43,300.2
2025-11-25,9:44:36.425085393,T,IBM,F I,1,300.06
2025-11-25,9:44:37.066319874,T,IBM,I,5,300.21
2025-11-25,9:44:37.066322976,T,IBM,I,25,300.22
2025-11-25,9:44:37.066325926,T,IBM,I,5,300.22
2025-11-25,9:44:37.066325926,T,IBM,I,5,300.23
2025-11-25,9:44:37.066352988,T,IBM,F,40,300.23
2025-11-25,9:44:37.066524381,T,IBM,F I,8,300.26
2025-11-25,9:44:41.613811884,T,IBM,F I,28,300.35
2025-11-25,9:44:41.613839026,T,IBM,F I,25,300.35
2025-11-25,9:44:41.613845049,T,IBM,F I,3,300.35
2025-11-25,9:44:41.613878112,T,IBM,F,44,300.35
2025-11-25,9:44:41.613884060,T,IBM,F I,25,300.36
2025-11-25,9:44:41.613887115,T,IBM,F I,3,300.37
2025-11-25,9:44:41.977533774,T,IBM,F I,1,300.34
2025-11-25,9:44:41.977533774,T,IBM,F I,10,300.34
2025-11-25,9:44:41.977587999,T,IBM,,50,300.33
2025-11-25,9:44:41.977590971,T,IBM,,50,300.34
2025-11-25,9:44:41.977611984,T,IBM,F,50,300.34
2025-11-25,9:44:42.376851405,T,IBM,F,80,300.33
2025-11-25,9:44:42.376855069,T,IBM,F I,5,300.33
2025-11-25,9:44:42.376855069,T,IBM,F,440,300.32
2025-11-25,9:44:42.376857487,T,IBM,F I,10,300.32
2025-11-25,9:44:42.376863472,T,IBM,F I,10,300.32
2025-11-25,9:44:42.376872515,T,IBM,F,40,300.32
2025-11-25,9:44:42.376875500,T,IBM,F I,25,300.32
2025-11-25,9:44:42.376893850,T,IBM,F I,25,300.31
2025-11-25,9:44:42.376893850,T,IBM,F I,25,300.31
2025-11-25,9:44:44.298203467,T,IBM,F,40,300.42
2025-11-25,9:44:44.298405155,T,IBM,I,15,300.42
2025-11-25,9:44:44.298423096,T,IBM,F I,10,300.42
2025-11-25,9:44:44.298450160,T,IBM,I,10,300.42
2025-11-25,9:44:46.660931344,T,IBM,,40,300.35
2025-11-25,9:44:46.680941679,T,IBM,F I,1,300.4
2025-11-25,9:44:46.680941679,T,IBM,F I,1,300.4
2025-11-25,9:44:46.680944039,T,IBM,F I,10,300.4
2025-11-25,9:44:46.681494341,T,IBM,F,290,300.4
2025-11-25,9:45:00.857587868,T,IBM,I,10,300.31
2025-11-25,9:45:00.857609009,T,IBM,,97,300.32
2025-11-25,9:45:00.858020978,T,IBM,I,1,300.33
2025-11-25,9:45:00.858045071,T,IBM,I,39,300.33
2025-11-25,9:45:00.858048060,T,IBM,I,2,300.33
2025-11-25,9:45:00.858048060,T,IBM,I,24,300.33
2025-11-25,9:45:00.859031394,T,IBM,I,1,300.33
2025-11-25,9:45:00.859031394,T,IBM,I,23,300.32
2025-11-25,9:45:00.859503451,T,IBM,I,1,300.32
2025-11-25,9:45:00.859909441,T,IBM,F I,23,300.32
2025-11-25,9:45:00.861609243,T,IBM,,80,300.4
2025-11-25,9:45:00.861609243,T,IBM,I,7,300.4
2025-11-25,9:45:00.861611514,T,IBM,,69,300.4
2025-11-25,9:45:00.864847149,T,IBM,I,5,300.39
2025-11-25,9:45:01.861675303,T,IBM,F I,13,300.01
2025-11-25,9:45:01.861699366,T,IBM,F I,1,300.0
2025-11-25,9:45:01.863137500,T,IBM,F I,9,300.0
2025-11-25,9:45:01.876759232,T,IBM,I,9,299.99
2025-11-25,9:45:06.070645574,T,IBM,F I,2,299.71
2025-11-25,9:45:06.070645574,T,IBM,F I,28,299.71
2025-11-25,9:45:13.730114244,T,IBM,F,50,299.795
2025-11-25,9:45:22.637638233,T,IBM,F I,2,299.68
2025-11-25,9:45:22.638278742,T,IBM,F,80,299.53
2025-11-25,9:45:22.638299794,T,IBM,F I,10,299.52
2025-11-25,9:45:22.638302823,T,IBM,F I,5,299.52
2025-11-25,9:45:22.638302823,T,IBM,F I,10,299.52
2025-11-25,9:45:23.917049044,T,IBM,I,1,299.23
2025-11-25,9:45:23.928395251,T,IBM,,45,299.16
2025-11-25,9:45:23.928398146,T,IBM,I,3,299.23
2025-11-25,9:45:23.928749996,T,IBM,F I,2,299.26
2025-11-25,9:45:23.928752917,T,IBM,F,46,299.27
2025-11-25,9:45:23.940950008,T,IBM,I,1,299.17
2025-11-25,9:45:23.940952940,T,IBM,I,20,299.16
2025-11-25,9:45:23.940956040,T,IBM,I,35,299.16
2025-11-25,9:45:23.973520535,T,IBM,I,6,299.19
2025-11-25,9:45:24.015906467,T,IBM,,80,299.19
2025-11-25,9:45:24.015906467,T,IBM,I,20,299.19
2025-11-25,9:45:24.015909399,T,IBM,,65,299.19
2025-11-25,9:45:24.068222032,T,IBM,I,5,299.19
2025-11-25,9:45:24.068224960,T,IBM,,80,299.19
2025-11-25,9:45:24.094062442,T,IBM,I,20,299.19
2025-11-25,9:45:24.094065493,T,IBM,,65,299.19
2025-11-25,9:45:24.172227909,T,IBM,F,80,299.19
2025-11-25,9:45:24.172227909,T,IBM,F I,5,299.19
2025-11-25,9:45:24.172549417,T,IBM,,70,299.18
2025-11-25,9:45:24.172549417,T,IBM,I,10,299.18
2025-11-25,9:45:24.172552390,T,IBM,I,5,299.18
2025-11-25,9:45:24.206524263,T,IBM,I,21,299.16
2025-11-25,9:45:24.319810385,T,IBM,I,2,299.24
2025-11-25,9:45:24.369644604,T,IBM,I,2,299.26
2025-11-25,9:45:24.369767836,T,IBM,F I,20,299.2
2025-11-25,9:45:24.369767836,T,IBM,F I,6,299.19
2025-11-25,9:45:24.380139809,T,IBM,I,5,299.22
2025-11-25,9:45:24.380143320,T,IBM,I,5,299.2
2025-11-25,9:45:24.380143320,T,IBM,I,4,299.19
2025-11-25,9:45:24.380145565,T,IBM,I,20,299.19
2025-11-25,9:45:24.380163557,T,IBM,I,1,299.19
2025-11-25,9:45:24.431628254,T,IBM,I,9,299.19
2025-11-25,9:45:24.431628254,T,IBM,I,10,299.19
2025-11-25,9:45:24.557638079,T,IBM,F I,20,299.16
2025-11-25,9:45:24.557640692,T,IBM,F I,10,299.15
2025-11-25,9:45:24.557643138,T,IBM,F,40,299.15
2025-11-25,9:45:24.559038476,T,IBM,F,80,298.96
2025-11-25,9:45:24.559038476,T,IBM,F I,39,298.84
2025-11-25,9:45:24.561874149,T,IBM,I,4,299.05
2025-11-25,9:45:24.563332636,T,IBM,I,1,299.09
2025-11-25,9:45:24.564995615,T,IBM,I,1,299.14
2025-11-25,9:45:24.758599515,T,IBM,F I,30,299.0
2025-11-25,9:45:24.758602720,T,IBM,F,100,298.89
2025-11-25,9:45:24.758605523,T,IBM,F,100,298.85
2025-11-25,9:45:24.758605523,T,IBM,F,85,298.79
2025-11-25,9:45:24.759032603,T,IBM,I,2,299.05
2025-11-25,9:45:24.759035670,T,IBM,I,5,299.07
2025-11-25,9:45:24.759038588,T,IBM,I,25,299.08
2025-11-25,9:45:25.176910351,T,IBM,F I,2,298.99
2025-11-25,9:45:25.176913369,T,IBM,F I,14,298.96
2025-11-25,9:45:30.964976018,T,IBM,F I,25,299.17
2025-11-25,9:45:31.220434465,T,IBM,F I,3,299.09
2025-11-25,9:45:31.220437154,T,IBM,F I,10,299.09
2025-11-25,9:45:32.504251411,T,IBM,F,40,299.0
2025-11-25,9:45:32.504251411,T,IBM,F I,2,298.99
2025-11-25,9:45:32.504254184,T,IBM,F I,21,298.93
2025-11-25,9:45:32.504257548,T,IBM,F I,5,298.92
2025-11-25,9:45:32.504259673,T,IBM,F I,3,298.92
2025-11-25,9:45:32.504259673,T,IBM,F I,20,298.84
2025-11-25,9:45:32.504262511,T,IBM,F,100,298.84
2025-11-25,9:45:32.504265891,T,IBM,F,40,298.84
2025-11-25,9:45:32.504268683,T,IBM,F,40,298.83
2025-11-25,9:45:32.504268683,T,IBM,F I,10,298.83
2025-11-25,9:45:32.504271565,T,IBM,F I,34,298.83
2025-11-25,9:45:32.504277587,T,IBM,I,1,298.83
2025-11-25,9:45:32.504608379,T,IBM,F I,5,299.01
2025-11-25,9:45:32.504623632,T,IBM,F,95,299.01
2025-11-25,9:45:32.504623632,T,IBM,F I,5,299.06
2025-11-25,9:45:32.504984208,T,IBM,F I,12,299.06
2025-11-25,9:45:32.548311998,T,IBM,F I,25,299.11
2025-11-25,9:45:32.548311998,T,IBM,F I,5,299.13
2025-11-25,9:45:32.548314448,T,IBM,F I,5,299.13
2025-11-25,9:45:32.586258986,T,IBM,I,2,299.17
2025-11-25,9:45:32.586258986,T,IBM,I,1,299.2
2025-11-25,9:45:33.372907490,T,IBM,,40,299.105
2025-11-25,9:45:33.372910555,T,IBM,,85,299.105
2025-11-25,9:45:35.849573695,T,IBM,F,51,299.11
2025-11-25,9:45:35.943944825,T,IBM,F I,2,299.2
2025-11-25,9:45:35.943947719,T,IBM,F I,8,299.21
2025-11-25,9:45:35.943950398,T,IBM,F I,29,299.21
2025-11-25,9:45:35.943953322,T,IBM,F,45,299.22
2025-11-25,9:45:35.943953322,T,IBM,F,100,299.26
2025-11-25,9:45:35.943956821,T,IBM,F,100,299.26
2025-11-25,9:45:35.943959382,T,IBM,F I,3,299.27
2025-11-25,9:45:35.944897658,T,IBM,,40,299.28
2025-11-25,9:45:35.944897658,T,IBM,,40,299.3
2025-11-25,9:45:35.944916417,T,IBM,F,40,299.3
2025-11-25,9:45:35.944918670,T,IBM,,40,299.3
2025-11-25,9:45:35.944954708,T,IBM,F,80,299.3
2025-11-25,9:45:36.274001129,T,IBM,F I,25,299.17
2025-11-25,9:45:36.274001129,T,IBM,F I,2,299.17
2025-11-25,9:45:36.274004308,T,IBM,F I,5,299.16
2025-11-25,9:45:36.274004308,T,IBM,F I,10,299.16
2025-11-25,9:45:36.274007127,T,IBM,F I,10,299.16
2025-11-25,9:45:36.274010110,T,IBM,F I,5,299.13
2025-11-25,9:45:38.222432720,T,IBM,F I,5,299.1
2025-11-25,9:45:38.223241590,T,IBM,I,2,299.2
2025-11-25,9:45:39.049627031,T,IBM,I,2,299.2
2025-11-25,9:45:39.049693103,T,IBM,F I,11,299.2
2025-11-25,9:45:39.994458281,T,IBM,F I,25,299.29
2025-11-25,9:45:39.994503422,T,IBM,F,40,299.295
2025-11-25,9:45:54.583025722,T,IBM,,45,299.32
2025-11-25,9:45:54.583076889,T,IBM,,45,299.32
2025-11-25,9:45:55.994237418,T,IBM,F I,5,299.36
2025-11-25,9:46:01.516914982,T,IBM,F I,13,299.38
2025-11-25,9:46:01.517266765,T,IBM,F I,3,299.37
2025-11-25,9:46:01.517269870,T,IBM,F I,10,299.37
2025-11-25,9:46:02.578493318,T,IBM,I,39,298.975
2025-11-25,9:46:04.808687015,T,IBM,I,2,299.02
2025-11-25,9:46:04.808689745,T,IBM,I,5,299.04
2025-11-25,9:46:04.808692778,T,IBM,I,7,299.05
2025-11-25,9:46:10.535514573,T,IBM,I,2,298.99
2025-11-25,9:46:10.535517585,T,IBM,I,5,299.01
2025-11-25,9:46:10.535517585,T,IBM,I,2,299.01
2025-11-25,9:46:14.887466164,T,IBM,I,2,298.99
2025-11-25,9:46:14.887469477,T,IBM,I,30,299.0
2025-11-25,9:46:14.887469477,T,IBM,I,5,299.01
2025-11-25,9:46:16.646314494,T,IBM,I,5,298.95
2025-11-25,9:46:16.646350578,T,IBM,F I,1,299.03
2025-11-25,9:46:16.646353645,T,IBM,F I,10,299.03
2025-11-25,9:46:16.646353645,T,IBM,F I,5,299.03
2025-11-25,9:46:16.646372173,T,IBM,F I,17,298.98
2025-11-25,9:46:16.646372173,T,IBM,I,13,298.98
2025-11-25,9:46:16.646374580,T,IBM,I,3,299.03
2025-11-25,9:46:16.646380550,T,IBM,,42,299.03
2025-11-25,9:46:16.646401656,T,IBM,F,58,299.03
2025-11-25,9:46:16.646461771,T,IBM,,80,299.02
2025-11-25,9:46:16.647276793,T,IBM,F,63,298.92
2025-11-25,9:46:16.647298770,T,IBM,F I,6,298.91
2025-11-25,9:46:16.647412567,T,IBM,,45,298.85
2025-11-25,9:46:16.647415120,T,IBM,,100,298.9
2025-11-25,9:46:16.647418359,T,IBM,,40,298.91
2025-11-25,9:46:16.647418359,T,IBM,,215,298.91
2025-11-25,9:46:16.647421103,T,IBM,,40,298.91
2025-11-25,9:46:16.647436089,T,IBM,F,105,298.91
2025-11-25,9:46:16.647463211,T,IBM,F,400,298.91
2025-11-25,9:46:16.647520321,T,IBM,I,5,298.91
2025-11-25,9:46:16.647553411,T,IBM,F,100,298.91
2025-11-25,9:46:16.647854481,T,IBM,I,5,298.91
2025-11-25,9:46:16.647884139,T,IBM,F I,5,298.91
2025-11-25,9:46:16.647884139,T,IBM,F,40,298.91
2025-11-25,9:46:16.647914193,T,IBM,F I,2,298.91
2025-11-25,9:46:16.648239017,T,IBM,I,5,298.87
2025-11-25,9:46:16.649508319,T,IBM,F I,20,298.86
2025-11-25,9:46:16.649508319,T,IBM,F,51,298.85
2025-11-25,9:46:16.649625332,T,IBM,F I,11,298.85
2025-11-25,9:46:16.649643368,T,IBM,I,8,298.85
2025-11-25,9:46:16.649643368,T,IBM,I,1,298.85
2025-11-25,9:46:16.651573935,T,IBM,F I,11,298.8
2025-11-25,9:46:16.653901568,T,IBM,,100,298.86
2025-11-25,9:46:16.654508937,T,IBM,,45,298.86
2025-11-25,9:46:16.654508937,T,IBM,I,1,298.9
2025-11-25,9:46:17.163551817,T,IBM,F I,5,298.62
2025-11-25,9:46:17.163554841,T,IBM,F I,25,298.66
2025-11-25,9:46:17.164553488,T,IBM,F I,11,298.7
2025-11-25,9:46:17.164556662,T,IBM,F,100,298.73
2025-11-25,9:46:17.164560065,T,IBM,F I,29,298.73
2025-11-25,9:46:17.164560065,T,IBM,F I,9,298.73
2025-11-25,9:46:17.164562499,T,IBM,F I,11,298.73
2025-11-25,9:46:17.597418869,T,IBM,F I,5,298.88
2025-11-25,9:46:17.597596251,T,IBM,,80,298.89
2025-11-25,9:46:17.597617393,T,IBM,I,1,298.89
2025-11-25,9:46:17.597617393,T,IBM,I,18,298.89
2025-11-25,9:46:17.597623423,T,IBM,F I,21,298.89
2025-11-25,9:46:17.597626356,T,IBM,F I,19,298.93
2025-11-25,9:46:17.597671517,T,IBM,F I,21,298.93
2025-11-25,9:46:17.597890984,T,IBM,,145,298.88
2025-11-25,9:46:19.124628649,T,IBM,F,40,298.99
2025-11-25,9:46:20.081690009,T,IBM,F,70,298.995
2025-11-25,9:46:22.095782920,T,IBM,,40,299.06
2025-11-25,9:46:22.103102333,T,IBM,,40,299.07
2025-11-25,9:46:22.317434582,T,IBM,F I,3,299.04
2025-11-25,9:46:22.317497745,T,IBM,F I,2,299.04
2025-11-25,9:46:29.454920677,T,IBM,F,80,298.89
2025-11-25,9:46:29.454923667,T,IBM,F,80,298.88
2025-11-25,9:46:29.454989820,T,IBM,,40,298.9
2025-11-25,9:46:29.455425872,T,IBM,F,40,298.88
2025-11-25,9:46:29.455473969,T,IBM,F I,4,298.87
2025-11-25,9:46:29.455570222,T,IBM,I,22,298.87
2025-11-25,9:46:29.455600262,T,IBM,I,14,298.87
2025-11-25,9:46:33.354745747,T,IBM,F I,5,298.77
2025-11-25,9:46:33.354745747,T,IBM,F I,1,298.75
2025-11-25,9:46:33.354748771,T,IBM,F I,7,298.75
2025-11-25,9:46:33.354824159,T,IBM,I,3,298.75
2025-11-25,9:46:33.354827397,T,IBM,I,2,298.75
2025-11-25,9:46:37.361953713,T,IBM,I,5,298.65
2025-11-25,9:46:37.361959985,T,IBM,,50,298.63
2025-11-25,9:46:37.361959985,T,IBM,I,25,298.63
2025-11-25,9:46:37.361962834,T,IBM,I,2,298.61
2025-11-25,9:46:37.361962834,T,IBM,I,10,298.61
2025-11-25,9:46:37.361977805,T,IBM,I,17,298.61
2025-11-25,9:46:37.367486816,T,IBM,F,63,298.61
2025-11-25,9:46:40.341717507,T,IBM,F I,10,298.55
2025-11-25,9:46:40.341720539,T,IBM,F,50,298.55
2025-11-25,9:46:41.600604540,T,IBM,F,50,298.53
2025-11-25,9:46:41.609502704,T,IBM,I,1,298.6
2025-11-25,9:46:41.609526832,T,IBM,F,119,298.6
2025-11-25,9:46:41.609526832,T,IBM,F I,6,298.6
2025-11-25,9:46:45.431042635,T,IBM,F I,10,298.55
2025-11-25,9:46:45.431042635,T,IBM,F I,20,298.55
2025-11-25,9:46:45.431162985,T,IBM,I,1,298.5
2025-11-25,9:46:47.266579447,T,IBM,F I,2,298.42
2025-11-25,9:46:47.433837691,T,IBM,F,50,298.48
2025-11-25,9:46:55.550701210,T,IBM,F I,3,298.42
2025-11-25,9:46:55.550701210,T,IBM,F I,10,298.42
2025-11-25,9:46:55.634522926,T,IBM,I,1,298.42
2025-11-25,9:46:55.634522926,T,IBM,I,7,298.42
2025-11-25,9:46:55.634597921,T,IBM,I,2,298.42
2025-11-25,9:46:59.393480637,T,IBM,F I,5,298.51
2025-11-25,9:46:59.393480637,T,IBM,F,40,298.51
2025-11-25,9:46:59.393501675,T,IBM,F I,30,298.53
2025-11-25,9:46:59.393507649,T,IBM,F I,10,298.53
2025-11-25,9:46:59.395266903,T,IBM,F,160,298.57
2025-11-25,9:46:59.395273150,T,IBM,F,100,298.57
2025-11-25,9:46:59.395275937,T,IBM,F,160,298.57
2025-11-25,9:46:59.395278944,T,IBM,F,160,298.57
2025-11-25,9:46:59.395278944,T,IBM,F,79,298.57
2025-11-25,9:46:59.395290928,T,IBM,F I,1,298.57
2025-11-25,9:46:59.395299974,T,IBM,F,80,298.6
2025-11-25,9:46:59.395302994,T,IBM,F I,20,298.6
2025-11-25,9:46:59.395305941,T,IBM,F,40,298.6
2025-11-25,9:46:59.395724003,T,IBM,F,163,298.6
2025-11-25,9:46:59.397955204,T,IBM,I,30,298.54
2025-11-25,9:46:59.407379677,T,IBM,F,120,298.66
2025-11-25,9:46:59.444295572,T,IBM,F,40,298.7
2025-11-25,9:46:59.444966197,T,IBM,F,320,298.76
2025-11-25,9:46:59.445236855,T,IBM,F I,23,298.76
2025-11-25,9:46:59.445300018,T,IBM,I,15,298.76
2025-11-25,9:46:59.448535692,T,IBM,I,3,298.76
2025-11-25,9:46:59.450643672,T,IBM,F I,5,298.73
2025-11-25,9:46:59.450643672,T,IBM,F I,10,298.73
2025-11-25,9:46:59.450646691,T,IBM,F,70,298.71
2025-11-25,9:46:59.451347328,T,IBM,F I,2,298.66
2025-11-25,9:46:59.451750288,T,IBM,F I,11,298.66
2025-11-25,9:46:59.454047875,T,IBM,I,16,298.73
2025-11-25,9:47:04.008218750,T,IBM,I,9,298.74
2025-11-25,9:47:04.012353535,T,IBM,I,9,298.75
2025-11-25,9:47:04.012723526,T,IBM,I,15,298.7
2025-11-25,9:47:04.924322684,T,IBM,I,1,298.73
2025-11-25,9:47:09.878960018,T,IBM,I,6,298.7
2025-11-25,9:47:09.879023187,T,IBM,F I,15,298.72
2025-11-25,9:47:12.497419708,T,IBM,F I,30,298.61
2025-11-25,9:47:14.885507021,T,IBM,F I,30,298.61
2025-11-25,9:47:29.313164698,T,IBM,I,5,298.54
2025-11-25,9:47:30.714374574,T,IBM,F,100,298.48
2025-11-25,9:47:32.193713403,T,IBM,,97,298.43
2025-11-25,9:47:32.193713403,T,IBM,I,2,298.48
2025-11-25,9:47:32.193716639,T,IBM,I,25,298.48
2025-11-25,9:47:32.193720148,T,IBM,I,5,298.5
2025-11-25,9:47:32.193720148,T,IBM,,40,298.51
2025-11-25,9:47:32.193726298,T,IBM,,100,298.52
2025-11-25,9:47:32.193726298,T,IBM,,45,298.53
2025-11-25,9:47:32.193726298,T,IBM,,50,298.53
2025-11-25,9:47:32.193728711,T,IBM,I,4,298.53
2025-11-25,9:47:32.193731375,T,IBM,,75,298.53
2025-11-25,9:47:32.193734390,T,IBM,F,57,298.53
2025-11-25,9:47:32.193782595,T,IBM,,80,298.53
2025-11-25,9:47:32.193815645,T,IBM,F I,4,298.53
2025-11-25,9:47:32.193839684,T,IBM,F,133,298.53
2025-11-25,9:47:32.194293787,T,IBM,I,20,298.53
2025-11-25,9:47:32.194477254,T,IBM,I,20,298.47
2025-11-25,9:47:32.194480232,T,IBM,,40,298.47
2025-11-25,9:47:32.194501431,T,IBM,I,10,298.47
2025-11-25,9:47:32.194501431,T,IBM,,70,298.45
2025-11-25,9:47:32.194519277,T,IBM,I,20,298.53
2025-11-25,9:47:32.194519277,T,IBM,I,17,298.54
2025-11-25,9:47:32.194744980,T,IBM,I,7,298.53
2025-11-25,9:47:33.257977041,T,IBM,I,30,298.48
2025-11-25,9:47:33.258082346,T,IBM,I,10,298.45
2025-11-25,9:47:33.270528973,T,IBM,F I,10,298.42
2025-11-25,9:47:33.270528973,T,IBM,F,50,298.42
2025-11-25,9:47:36.178036733,T,IBM,F I,30,298.49
2025-11-25,9:47:36.178039724,T,IBM,F I,10,298.5
2025-11-25,9:47:40.384598282,T,IBM,F I,7,298.49
2025-11-25,9:47:40.511289821,T,IBM,,90,298.45
2025-11-25,9:47:40.511320220,T,IBM,I,10,298.45
2025-11-25,9:47:40.511320220,T,IBM,I,10,298.44
2025-11-25,9:47:40.511322875,T,IBM,,70,298.44
2025-11-25,9:47:40.511340963,T,IBM,I,10,298.44
2025-11-25,9:47:40.840814504,T,IBM,F,414,298.44
2025-11-25,9:47:40.840817339,T,IBM,F,80,298.44
2025-11-25,9:47:59.579207736,T,IBM,I,6,298.4
2025-11-25,9:47:59.962392025,T,IBM,F I,3,298.39
2025-11-25,9:48:02.038697920,T,IBM,F I,8,298.31
2025-11-25,9:48:02.038697920,T,IBM,F I,10,298.3
2025-11-25,9:48:02.038703302,T,IBM,F I,8,298.29
2025-11-25,9:48:02.051531471,T,IBM,I,10,298.21
2025-11-25,9:48:02.056439200,T,IBM,I,3,298.19
2025-11-25,9:48:02.057741338,T,IBM,I,7,298.19
2025-11-25,9:48:02.057741338,T,IBM,I,3,298.19
2025-11-25,9:48:02.068046858,T,IBM,I,2,298.27
2025-11-25,9:48:02.071844924,T,IBM,F I,12,298.21
2025-11-25,9:48:02.072112543,T,IBM,I,10,298.21
2025-11-25,9:48:02.834340355,T,IBM,I,3,298.295
2025-11-25,9:48:03.440075367,T,IBM,F I,30,298.38
2025-11-25,9:48:03.440081294,T,IBM,F I,3,298.38
2025-11-25,9:48:03.440081294,T,IBM,F I,9,298.38
2025-11-25,9:48:03.440084313,T,IBM,F I,7,298.38
2025-11-25,9:48:03.440144492,T,IBM,F I,3,298.38
2025-11-25,9:48:03.490598990,T,IBM,I,2,298.38
2025-11-25,9:48:03.490604624,T,IBM,,132,298.38
2025-11-25,9:48:03.490622861,T,IBM,F,63,298.38
2025-11-25,9:48:03.490622861,T,IBM,F,205,298.38
2025-11-25,9:48:03.491121787,T,IBM,F I,2,298.38
2025-11-25,9:48:03.494399577,T,IBM,I,14,298.35
2025-11-25,9:48:03.494399577,T,IBM,I,26,298.34
2025-11-25,9:48:12.939754309,T,IBM,F I,5,298.47
2025-11-25,9:48:12.939756944,T,IBM,F I,5,298.47
2025-11-25,9:48:12.939759903,T,IBM,F I,2,298.48
2025-11-25,9:48:12.939763004,T,IBM,F,75,298.5
2025-11-25,9:48:12.939763004,T,IBM,F I,33,298.5
2025-11-25,9:48:12.939783879,T,IBM,F,67,298.5
2025-11-25,9:48:12.939790432,T,IBM,F,120,298.51
2025-11-25,9:48:12.939790432,T,IBM,F I,38,298.51
2025-11-25,9:48:12.939792956,T,IBM,F I,2,298.51
2025-11-25,9:48:12.939813984,T,IBM,,100,298.51
2025-11-25,9:48:12.939844029,T,IBM,I,10,298.51
2025-11-25,9:48:12.939895212,T,IBM,I,38,298.51
2025-11-25,9:48:12.939916244,T,IBM,,40,298.51
2025-11-25,9:48:12.939952294,T,IBM,I,2,298.51
2025-11-25,9:48:12.940764246,T,IBM,F I,2,298.51
2025-11-25,9:48:12.940767290,T,IBM,F,400,298.51
2025-11-25,9:48:12.946799588,T,IBM,,80,298.51
2025-11-25,9:48:12.946820694,T,IBM,I,1,298.51
2025-11-25,9:48:12.946841672,T,IBM,F I,39,298.51
2025-11-25,9:48:14.222355333,T,IBM,I,2,298.54
2025-11-25,9:48:14.222355333,T,IBM,,53,298.53
2025-11-25,9:48:17.658642011,T,IBM,F,100,298.47
2025-11-25,9:48:17.750092751,T,IBM,,40,298.43
2025-11-25,9:48:17.750110914,T,IBM,F,40,298.43
2025-11-25,9:48:17.750137898,T,IBM,F,50,298.42
2025-11-25,9:48:18.237508152,T,IBM,,100,298.315
2025-11-25,9:48:22.362220786,T,IBM,I,6,298.28
2025-11-25,9:48:22.362488569,T,IBM,F I,4,298.28
2025-11-25,9:48:22.801302107,T,IBM,,65,298.265
2025-11-25,9:48:22.829773874,T,IBM,,100,298.265
2025-11-25,9:48:23.277091739,T,IBM,,100,298.25
2025-11-25,9:48:24.670344636,T,IBM,I,9,298.2
2025-11-25,9:48:24.670347719,T,IBM,,46,298.15
2025-11-25,9:48:33.397647233,T,IBM,F I,20,298.15
2025-11-25,9:48:33.397647233,T,IBM,F I,10,298.15
2025-11-25,9:48:33.397649623,T,IBM,F I,10,298.14
2025-11-25,9:48:33.397652619,T,IBM,F,80,298.14
2025-11-25,9:48:33.397706721,T,IBM,I,27,298.18
2025-11-25,9:48:33.902088521,T,IBM,I,5,298.11
2025-11-25,9:48:33.902091472,T,IBM,I,6,298.11
2025-11-25,9:48:38.785928322,T,IBM,F I,10,298.01
2025-11-25,9:48:38.785928322,T,IBM,F I,13,298.01
2025-11-25,9:48:38.785931182,T,IBM,F I,10,298.01
2025-11-25,9:48:38.785934360,T,IBM,F I,20,298.01
2025-11-25,9:48:38.785934360,T,IBM,I,20,298.0
2025-11-25,9:48:38.785937181,T,IBM,,80,298.0
2025-11-25,9:48:38.786565690,T,IBM,I,1,297.86
2025-11-25,9:48:38.787064908,T,IBM,,45,297.83
2025-11-25,9:48:38.787115985,T,IBM,,45,297.83
2025-11-25,9:48:38.835507235,T,IBM,,45,297.83
2025-11-25,9:48:39.105002863,T,IBM,I,5,297.72
2025-11-25,9:48:39.105005856,T,IBM,I,2,297.73
2025-11-25,9:48:39.105008807,T,IBM,I,9,297.73
2025-11-25,9:48:39.105306543,T,IBM,F I,11,297.74
2025-11-25,9:48:39.105306543,T,IBM,F I,5,297.74
2025-11-25,9:48:41.587686190,T,IBM,I,3,297.7
2025-11-25,9:48:41.587761642,T,IBM,I,6,297.7
2025-11-25,9:48:41.587929879,T,IBM,I,1,297.7
2025-11-25,9:48:41.587935862,T,IBM,I,4,297.7
2025-11-25,9:48:41.588161508,T,IBM,I,36,297.7
2025-11-25,9:48:48.107640120,T,IBM,F I,18,297.65
2025-11-25,9:48:48.107673151,T,IBM,I,1,297.65
2025-11-25,9:48:48.107688225,T,IBM,I,1,297.65
2025-11-25,9:48:49.620644313,T,IBM,F I,30,297.68
2025-11-25,9:48:49.620648024,T,IBM,F I,20,297.72
2025-11-25,9:48:49.620649991,T,IBM,F I,9,297.72
2025-11-25,9:48:49.620653107,T,IBM,F,50,297.73
2025-11-25,9:48:49.620656038,T,IBM,F I,20,297.755
2025-11-25,9:48:49.620656038,T,IBM,F,45,297.77
2025-11-25,9:48:49.620659057,T,IBM,F I,3,297.8
2025-11-25,9:48:49.620719234,T,IBM,F I,30,297.75
2025-11-25,9:48:49.864717111,T,IBM,,40,297.87
2025-11-25,9:48:49.933935811,T,IBM,I,12,297.9
2025-11-25,9:48:59.813734452,T,IBM,I,8,297.58
2025-11-25,9:48:59.813860776,T,IBM,,45,297.56
2025-11-25,9:48:59.813860776,T,IBM,I,3,297.58
2025-11-25,9:48:59.848972354,T,IBM,F I,1,297.5
2025-11-25,9:48:59.848975908,T,IBM,F I,2,297.5
2025-11-25,9:49:07.925443899,T,IBM,F I,10,297.4
2025-11-25,9:49:07.925446916,T,IBM,F I,1,297.4
2025-11-25,9:49:07.970833923,T,IBM,F I,9,297.39
2025-11-25,9:49:07.979561158,T,IBM,I,3,297.39
2025-11-25,9:49:07.979563867,T,IBM,I,5,297.4
2025-11-25,9:49:07.979563867,T,IBM,I,1,297.4
2025-11-25,9:49:07.979602784,T,IBM,I,3,297.4
2025-11-25,9:49:08.866206523,T,IBM,I,1,297.46
2025-11-25,9:49:12.557725804,T,IBM,I,12,297.465
2025-11-25,9:49:14.161909833,T,IBM,I,1,297.41
2025-11-25,9:49:14.161909833,T,IBM,I,2,297.41
2025-11-25,9:49:14.161991116,T,IBM,I,1,297.41
2025-11-25,9:49:14.162039235,T,IBM,F I,3,297.41
2025-11-25,9:49:14.471839837,T,IBM,F I,1,297.32
2025-11-25,9:49:15.780071262,T,IBM,I,1,297.19
2025-11-25,9:49:16.052661189,T,IBM,I,1,297.21
2025-11-25,9:49:16.155746612,T,IBM,I,2,297.15
2025-11-25,9:49:16.155746612,T,IBM,I,38,297.15
2025-11-25,9:49:16.159622817,T,IBM,I,19,297.21
2025-11-25,9:49:16.162548760,T,IBM,I,14,297.16
2025-11-25,9:49:16.948033730,T,IBM,F I,7,297.27
2025-11-25,9:49:17.602081833,T,IBM,,40,297.33
2025-11-25,9:49:20.714885528,T,IBM,F I,18,297.31
2025-11-25,9:49:20.714888503,T,IBM,F,63,297.29
2025-11-25,9:49:21.447146728,T,IBM,F I,1,297.29
2025-11-25,9:49:21.447149826,T,IBM,F,80,297.28
2025-11-25,9:49:21.447152832,T,IBM,F I,10,297.28
2025-11-25,9:49:22.660860551,T,IBM,I,3,297.24
2025-11-25,9:49:22.662120503,T,IBM,F I,3,297.22
2025-11-25,9:49:22.662872076,T,IBM,I,1,297.22
2025-11-25,9:49:22.668173651,T,IBM,I,1,297.21
2025-11-25,9:49:22.675469241,T,IBM,I,2,297.21
2025-11-25,9:49:22.677688288,T,IBM,I,18,297.21
2025-11-25,9:49:22.700329184,T,IBM,F I,8,297.21
2025-11-25,9:49:22.997078698,T,IBM,F I,5,297.24
2025-11-25,9:49:23.617308256,T,IBM,F,40,297.29
2025-11-25,9:49:26.670831804,T,IBM,I,7,297.15
2025-11-25,9:49:26.680147978,T,IBM,I,22,297.14
2025-11-25,9:49:26.680541872,T,IBM,I,1,297.14
2025-11-25,9:49:26.680571984,T,IBM,,57,297.14
2025-11-25,9:49:35.654277764,T,IBM,,85,297.195
2025-11-25,9:49:36.489128275,T,IBM,F I,25,297.16
2025-11-25,9:49:36.583288492,T,IBM,,45,297.19
2025-11-25,9:49:36.583291430,T,IBM,,45,297.2
2025-11-25,9:49:37.079980946,T,IBM,F I,25,297.22
2025-11-25,9:49:37.534209312,T,IBM,F I,1,297.25
2025-11-25,9:49:37.534233355,T,IBM,F,49,297.25
2025-11-25,9:49:37.534233355,T,IBM,F I,1,297.28
2025-11-25,9:49:37.534236582,T,IBM,F,40,297.29
2025-11-25,9:49:37.534236582,T,IBM,F,75,297.29
2025-11-25,9:49:37.534311592,T,IBM,I,27,297.28
2025-11-25,9:49:37.534561196,T,IBM,F I,4,297.33
2025-11-25,9:49:37.534798739,T,IBM,F,61,297.34
2025-11-25,9:49:37.534820431,T,IBM,F I,19,297.34
2025-11-25,9:49:37.535601643,T,IBM,F I,12,297.39
2025-11-25,9:49:37.535619819,T,IBM,F I,20,297.39
2025-11-25,9:49:37.535619819,T,IBM,F I,20,297.39
2025-11-25,9:49:37.535622702,T,IBM,F I,12,297.39
2025-11-25,9:49:37.590981411,T,IBM,,40,297.39
2025-11-25,9:49:40.374158315,T,IBM,I,5,297.32
2025-11-25,9:49:43.057518502,T,IBM,,40,297.3
2025-11-25,9:49:43.584420932,T,IBM,F I,20,297.21
2025-11-25,9:49:47.893463496,T,IBM,,40,297.305
2025-11-25,9:49:47.893463496,T,IBM,I,30,297.33
2025-11-25,9:49:47.893466309,T,IBM,I,32,297.33
2025-11-25,9:49:47.896951668,T,IBM,F I,10,297.37
2025-11-25,9:49:47.944446677,T,IBM,I,25,297.4
2025-11-25,9:49:47.944449876,T,IBM,,45,297.4
2025-11-25,9:49:47.944452732,T,IBM,I,32,297.41
2025-11-25,9:49:47.944467780,T,IBM,I,1,297.41
2025-11-25,9:49:47.944474445,T,IBM,F I,17,297.41
2025-11-25,9:49:47.944474445,T,IBM,F I,1,297.41
2025-11-25,9:49:47.944477135,T,IBM,F I,1,297.41
2025-11-25,9:49:47.944477135,T,IBM,I,9,297.41
2025-11-25,9:49:47.944483373,T,IBM,I,10,297.41
2025-11-25,9:49:47.944483373,T,IBM,F I,10,297.41
2025-11-25,9:49:47.944483373,T,IBM,F I,10,297.41
2025-11-25,9:49:47.944486484,T,IBM,F I,9,297.41
2025-11-25,9:49:47.944488856,T,IBM,I,19,297.41
2025-11-25,9:49:47.944828643,T,IBM,,40,297.4
2025-11-25,9:49:49.340144368,T,IBM,F I,5,297.39
2025-11-25,9:49:57.735705509,T,IBM,I,4,297.35
2025-11-25,9:49:57.735973149,T,IBM,I,5,297.35
2025-11-25,9:49:57.736024348,T,IBM,I,5,297.33
2025-11-25,9:49:57.736045374,T,IBM,I,28,297.33
2025-11-25,9:49:57.736538730,T,IBM,,40,297.32
2025-11-25,9:49:57.739569710,T,IBM,,40,297.4
2025-11-25,9:50:02.020603578,T,IBM,I,6,297.32
2025-11-25,9:50:02.020958410,T,IBM,,40,297.355
2025-11-25,9:50:02.304990563,T,IBM,,40,297.31
2025-11-25,9:50:06.766126187,T,IBM,,40,297.19
2025-11-25,9:50:06.807480659,T,IBM,I,1,297.12
2025-11-25,9:50:06.807889554,T,IBM,I,1,297.1
2025-11-25,9:50:06.825213841,T,IBM,F I,1,297.1
2025-11-25,9:50:06.835970468,T,IBM,,100,297.16
2025-11-25,9:50:11.260268197,T,IBM,,100,297.09
2025-11-25,9:50:11.260268197,T,IBM,I,10,297.08
2025-11-25,9:50:11.260421611,T,IBM,I,20,297.13
2025-11-25,9:50:11.260421611,T,IBM,I,8,297.16
2025-11-25,9:50:11.260448631,T,IBM,I,30,297.16
2025-11-25,9:50:11.674859214,T,IBM,F I,28,297.11
2025-11-25,9:50:14.018229956,T,IBM,I,2,297.18
2025-11-25,9:50:14.018229956,T,IBM,I,14,297.18
2025-11-25,9:50:14.112417242,T,IBM,I,3,297.2
2025-11-25,9:50:19.244783719,T,IBM,F I,17,297.26
2025-11-25,9:50:19.244840756,T,IBM,F I,3,297.29
2025-11-25,9:50:19.244843778,T,IBM,F I,14,297.29
2025-11-25,9:50:19.244976083,T,IBM,F I,3,297.31
2025-11-25,9:50:19.261596728,T,IBM,I,2,297.42
2025-11-25,9:50:20.238715829,T,IBM,F I,5,297.45
2025-11-25,9:50:20.238718867,T,IBM,F I,5,297.45
2025-11-25,9:50:23.154343409,T,IBM,,40,297.57
2025-11-25,9:50:23.154346009,T,IBM,I,5,297.57
2025-11-25,9:50:23.154349052,T,IBM,,75,297.59
2025-11-25,9:50:23.154364039,T,IBM,F,45,297.59
2025-11-25,9:50:23.154367062,T,IBM,F I,10,297.59
2025-11-25,9:50:27.751257685,T,IBM,I,5,297.81
2025-11-25,9:50:27.751257685,T,IBM,I,35,297.84
2025-11-25,9:50:27.765111673,T,IBM,I,5,297.93
2025-11-25,9:50:34.025078745,T,IBM,F I,3,297.74
2025-11-25,9:50:36.316263370,T,IBM,F,40,297.78
2025-11-25,9:50:46.667629725,T,IBM,I,5,297.6
2025-11-25,9:50:54.916967676,T,IBM,I,10,297.615
2025-11-25,9:51:01.884224599,T,IBM,I,30,297.62
2025-11-25,9:51:01.884227578,T,IBM,I,11,297.615
2025-11-25,9:51:02.812059481,T,IBM,F I,25,297.73
2025-11-25,9:51:02.989902818,T,IBM,F I,6,297.81
2025-11-25,9:51:02.989905792,T,IBM,F,120,297.81
2025-11-25,9:51:02.989926895,T,IBM,F I,3,297.81
2025-11-25,9:51:02.989930199,T,IBM,F I,20,297.81
2025-11-25,9:51:02.989930199,T,IBM,F I,20,297.81
2025-11-25,9:51:02.990398962,T,IBM,F I,28,297.85
2025-11-25,9:51:03.001946450,T,IBM,F I,6,297.96
2025-11-25,9:51:03.023119904,T,IBM,F I,1,298.02
2025-11-25,9:51:03.023721331,T,IBM,F I,9,298.11
2025-11-25,9:51:03.731892260,T,IBM,I,5,298.32
2025-11-25,9:51:03.731955442,T,IBM,I,2,298.33
2025-11-25,9:51:03.732217060,T,IBM,F I,25,298.37
2025-11-25,9:51:03.732731214,T,IBM,F I,6,298.4
2025-11-25,9:51:03.742513507,T,IBM,I,5,298.38
2025-11-25,9:51:10.197428730,T,IBM,I,1,298.23
2025-11-25,9:51:11.695676555,T,IBM,F,100,298.28
2025-11-25,9:51:11.695679567,T,IBM,F I,5,298.29
2025-11-25,9:51:11.710835636,T,IBM,F I,1,298.33
2025-11-25,9:51:12.512805783,T,IBM,F,80,298.325
2025-11-25,9:51:12.512914984,T,IBM,F I,20,298.43
2025-11-25,9:51:12.512917403,T,IBM,F,60,298.43
2025-11-25,9:51:12.512920441,T,IBM,F,40,298.43
2025-11-25,9:51:12.512923551,T,IBM,F,55,298.43
2025-11-25,9:51:12.512926144,T,IBM,,45,298.43
2025-11-25,9:51:12.512926144,T,IBM,I,35,298.44
2025-11-25,9:51:12.512938170,T,IBM,I,1,298.44
2025-11-25,9:51:12.512953229,T,IBM,,44,298.44
2025-11-25,9:51:12.517385756,T,IBM,,40,298.32
2025-11-25,9:51:14.136557537,T,IBM,I,3,298.32
2025-11-25,9:51:14.136569546,T,IBM,I,10,298.32
2025-11-25,9:51:17.268077665,T,IBM,F I,25,298.36
2025-11-25,9:51:21.539807193,T,IBM,F I,8,298.47
2025-11-25,9:51:21.541524340,T,IBM,F I,5,298.35
2025-11-25,9:51:21.541527377,T,IBM,F I,5,298.35
2025-11-25,9:51:21.541530261,T,IBM,F I,2,298.33
2025-11-25,9:51:25.283814042,T,IBM,F I,5,298.44
2025-11-25,9:51:25.283814042,T,IBM,F I,5,298.44
2025-11-25,9:51:25.283816405,T,IBM,F I,30,298.45
2025-11-25,9:51:25.601922766,T,IBM,F I,2,298.39
2025-11-25,9:51:25.601928868,T,IBM,F I,25,298.45
2025-11-25,9:51:25.601934820,T,IBM,F,44,298.46
2025-11-25,9:51:25.602112251,T,IBM,F,40,298.48
2025-11-25,9:51:25.607188314,T,IBM,,120,298.44
2025-11-25,9:51:29.175943576,T,IBM,I,5,298.53
2025-11-25,9:51:29.175946340,T,IBM,,75,298.55
2025-11-25,9:51:34.539545722,T,IBM,F I,1,298.21
2025-11-25,9:51:34.598128021,T,IBM,F I,3,298.21
2025-11-25,9:51:36.164079023,T,IBM,I,25,298.12
2025-11-25,9:51:36.164082026,T,IBM,I,15,298.1
2025-11-25,9:51:36.617077391,T,IBM,F I,25,298.18
2025-11-25,9:51:36.617077391,T,IBM,F I,5,298.2
2025-11-25,9:51:37.975943422,T,IBM,I,4,298.26
2025-11-25,9:51:39.357101633,T,IBM,I,2,298.24
2025-11-25,9:51:39.357104742,T,IBM,I,5,298.2
2025-11-25,9:51:39.357104742,T,IBM,I,24,298.2
2025-11-25,9:51:39.359877225,T,IBM,F I,10,298.35
2025-11-25,9:51:39.402928144,T,IBM,F I,2,298.41
2025-11-25,9:51:39.403081014,T,IBM,F I,1,298.44
2025-11-25,9:51:43.600663112,T,IBM,I,20,298.435
2025-11-25,9:51:44.751202235,T,IBM,I,5,298.35
2025-11-25,9:51:44.751208214,T,IBM,I,5,298.35
2025-11-25,9:51:44.751211206,T,IBM,,63,298.26
2025-11-25,9:51:44.751211206,T,IBM,I,7,298.24
2025-11-25,9:51:45.132365672,T,IBM,I,3,298.22
2025-11-25,9:51:45.132365672,T,IBM,I,5,298.22
2025-11-25,9:51:55.187743270,T,IBM,F I,1,298.5
2025-11-25,9:51:55.187785299,T,IBM,F,40,298.57
2025-11-25,9:51:55.187839459,T,IBM,F,40,298.57
2025-11-25,9:51:55.187899811,T,IBM,F,40,298.57
2025-11-25,9:51:55.189773919,T,IBM,F I,20,298.64
2025-11-25,9:51:55.189773919,T,IBM,F I,20,298.65
2025-11-25,9:51:55.189776015,T,IBM,I,20,298.65
2025-11-25,9:51:55.194921337,T,IBM,I,12,298.68
2025-11-25,9:51:55.200201860,T,IBM,F I,12,298.68
2025-11-25,9:51:55.201711469,T,IBM,F I,2,298.63
2025-11-25,9:51:55.201714491,T,IBM,F I,25,298.63
2025-11-25,9:51:55.201714491,T,IBM,F I,13,298.62
2025-11-25,9:51:55.201726562,T,IBM,F I,2,298.62
2025-11-25,9:51:55.201732878,T,IBM,F I,5,298.62
2025-11-25,9:51:55.201732878,T,IBM,F I,3,298.62
2025-11-25,9:51:55.207028341,T,IBM,F I,11,298.61
2025-11-25,9:51:55.207031120,T,IBM,F I,16,298.6
2025-11-25,9:52:00.023871425,T,IBM,I,25,298.62
2025-11-25,9:52:00.862889860,T,IBM,,100,298.6
2025-11-25,9:52:08.910113817,T,IBM,F I,3,298.62
2025-11-25,9:52:08.911845858,T,IBM,F,40,298.73
2025-11-25,9:52:08.911845858,T,IBM,F I,1,298.73
2025-11-25,9:52:08.911848938,T,IBM,F,40,298.73
2025-11-25,9:52:08.911867566,T,IBM,F,40,298.73
2025-11-25,9:52:08.911870515,T,IBM,F I,14,298.73
2025-11-25,9:52:08.911873184,T,IBM,I,1,298.73
2025-11-25,9:52:08.911888499,T,IBM,F I,25,298.73
2025-11-25,9:52:08.911888499,T,IBM,F I,29,298.73
2025-11-25,9:52:08.911894018,T,IBM,I,11,298.73
2025-11-25,9:52:08.911894018,T,IBM,I,14,298.73
2025-11-25,9:52:08.911924318,T,IBM,I,25,298.73
2025-11-25,9:52:08.911945100,T,IBM,F I,1,298.73
2025-11-25,9:52:08.912321034,T,IBM,F I,3,298.73
2025-11-25,9:52:08.912429304,T,IBM,F I,3,298.73
2025-11-25,9:52:08.912853276,T,IBM,F I,2,298.73
2025-11-25,9:52:08.913325366,T,IBM,I,23,298.73
2025-11-25,9:52:13.719195603,T,IBM,F I,1,298.57
2025-11-25,9:52:15.509143870,T,IBM,F,120,298.36
2025-11-25,9:52:15.831760992,T,IBM,I,25,298.39
2025-11-25,9:52:15.831760992,T,IBM,,55,298.4
2025-11-25,9:52:15.832840534,T,IBM,F,80,298.44
2025-11-25,9:52:15.832858640,T,IBM,I,1,298.44
2025-11-25,9:52:15.832873584,T,IBM,F I,11,298.44
2025-11-25,9:52:15.832879582,T,IBM,F I,28,298.44
2025-11-25,9:52:25.747215637,T,IBM,I,10,298.62
2025-11-25,9:52:25.747215637,T,IBM,I,2,298.66
2025-11-25,9:52:25.747221528,T,IBM,I,10,298.68
2025-11-25,9:52:25.747224500,T,IBM,I,10,298.68
2025-11-25,9:52:25.747224500,T,IBM,I,8,298.68
2025-11-25,9:52:25.747233564,T,IBM,F I,1,298.68
2025-11-25,9:52:25.780820507,T,IBM,I,2,298.6
2025-11-25,9:52:26.757121841,T,IBM,I,9,298.51
2025-11-25,9:52:31.674524497,T,IBM,I,5,298.39
2025-11-25,9:52:31.674524497,T,IBM,I,2,298.36
2025-11-25,9:52:33.027222882,T,IBM,I,2,298.39
2025-11-25,9:52:33.450098574,T,IBM,F I,2,298.44
2025-11-25,9:52:33.450120327,T,IBM,F I,38,298.44
2025-11-25,9:52:33.450123696,T,IBM,F I,3,298.44
2025-11-25,9:52:33.450123696,T,IBM,F I,12,298.44
2025-11-25,9:52:33.450128818,T,IBM,I,28,298.44
2025-11-25,9:52:33.450128818,T,IBM,I,13,298.44
2025-11-25,9:52:33.450128818,T,IBM,I,27,298.44
2025-11-25,9:52:36.815500484,T,IBM,I,1,298.28
2025-11-25,9:52:36.825986501,T,IBM,I,23,298.31
2025-11-25,9:52:38.723242330,T,IBM,F I,20,298.27
2025-11-25,9:52:38.725428449,T,IBM,F,100,298.28
2025-11-25,9:52:38.737577452,T,IBM,F I,29,298.27
2025-11-25,9:52:38.739189235,T,IBM,I,1,298.27
2025-11-25,9:52:38.759030460,T,IBM,F I,1,298.27
2025-11-25,9:52:38.824505964,T,IBM,I,2,298.3
2025-11-25,9:52:38.824505964,T,IBM,,100,298.27
2025-11-25,9:52:38.824508330,T,IBM,I,18,298.27
2025-11-25,9:52:46.711528804,T,IBM,F I,1,298.43
2025-11-25,9:52:46.718228666,T,IBM,,60,298.44
2025-11-25,9:52:46.718231755,T,IBM,I,2,298.43
2025-11-25,9:52:57.106985854,T,IBM,I,28,298.34
2025-11-25,9:52:57.107012979,T,IBM,I,3,298.34
2025-11-25,9:53:03.401499070,T,IBM,F I,20,298.44
2025-11-25,9:53:06.905708382,T,IBM,F I,13,298.5
2025-11-25,9:53:06.905735411,T,IBM,F,62,298.5
2025-11-25,9:53:06.905753446,T,IBM,I,13,298.53
2025-11-25,9:53:06.906141328,T,IBM,F I,13,298.53
2025-11-25,9:53:06.906147407,T,IBM,F I,5,298.53
2025-11-25,9:53:06.906162553,T,IBM,F I,9,298.53
2025-11-25,9:53:06.906165480,T,IBM,F I,3,298.54
2025-11-25,9:53:06.906165480,T,IBM,F I,9,298.54
2025-11-25,9:53:06.906168496,T,IBM,F I,1,298.54
2025-11-25,9:53:06.906171779,T,IBM,F,53,298.54
2025-11-25,9:53:06.906171779,T,IBM,I,13,298.54
2025-11-25,9:53:06.906216959,T,IBM,I,14,298.54
2025-11-25,9:53:06.906219569,T,IBM,,40,298.54
2025-11-25,9:53:06.906228535,T,IBM,I,26,298.54
2025-11-25,9:53:06.906231868,T,IBM,F I,14,298.54
2025-11-25,9:53:06.907101371,T,IBM,F I,6,298.51
2025-11-25,9:53:06.907104277,T,IBM,F I,11,298.49
2025-11-25,9:53:06.907106644,T,IBM,F I,6,298.49
2025-11-25,9:53:06.907109694,T,IBM,F I,12,298.48
2025-11-25,9:53:06.907121743,T,IBM,F I,6,298.48
2025-11-25,9:53:11.135367667,T,IBM,I,30,298.49
2025-11-25,9:53:11.135367667,T,IBM,I,12,298.54
2025-11-25,9:53:11.135370950,T,IBM,I,7,298.54
2025-11-25,9:53:11.135370950,T,IBM,I,6,298.54
2025-11-25,9:53:11.135373612,T,IBM,I,2,298.54
2025-11-25,9:53:11.135376876,T,IBM,I,9,298.54
2025-11-25,9:53:11.135376876,T,IBM,I,10,298.54
2025-11-25,9:53:11.135386152,T,IBM,F I,30,298.52
2025-11-25,9:53:11.135388639,T,IBM,F I,30,298.54
2025-11-25,9:53:11.136278857,T,IBM,F,60,298.57
2025-11-25,9:53:11.136302829,T,IBM,F I,20,298.57
2025-11-25,9:53:11.136306148,T,IBM,F I,19,298.57
2025-11-25,9:53:11.136306148,T,IBM,I,4,298.57
2025-11-25,9:53:11.136306148,T,IBM,F I,17,298.57
2025-11-25,9:53:11.872669080,T,IBM,F I,8,298.55
2025-11-25,9:53:11.872671955,T,IBM,F,52,298.57
2025-11-25,9:53:11.872689980,T,IBM,F I,28,298.57
2025-11-25,9:53:11.872689980,T,IBM,F I,19,298.57
2025-11-25,9:53:11.872692969,T,IBM,I,1,298.57
2025-11-25,9:53:11.872695951,T,IBM,I,20,298.57
2025-11-25,9:53:21.380103028,T,IBM,,45,298.555
2025-11-25,9:53:25.585028755,T,IBM,F,80,298.57
2025-11-25,9:53:25.585046961,T,IBM,I,1,298.57
2025-11-25,9:53:25.585061916,T,IBM,F I,39,298.57
2025-11-25,9:53:37.987404316,T,IBM,,40,298.61
2025-11-25,9:53:37.987407368,T,IBM,I,3,298.67
2025-11-25,9:53:37.987687455,T,IBM,I,7,298.67
2025-11-25,9:53:37.987687455,T,IBM,,80,298.68
2025-11-25,9:53:37.987690119,T,IBM,I,2,298.68
2025-11-25,9:53:37.987693468,T,IBM,I,2,298.68
2025-11-25,9:53:37.987711068,T,IBM,I,1,298.68
2025-11-25,9:53:37.987711068,T,IBM,I,5,298.68
2025-11-25,9:53:37.987720766,T,IBM,I,1,298.68
2025-11-25,9:53:37.987873463,T,IBM,I,18,298.65
2025-11-25,9:53:37.987885478,T,IBM,I,18,298.63
2025-11-25,9:53:37.987900532,T,IBM,I,18,298.63
2025-11-25,9:53:37.988020882,T,IBM,I,9,298.63
2025-11-25,9:53:37.988261347,T,IBM,I,8,298.62
2025-11-25,9:53:48.051637911,T,IBM,F I,5,298.6
2025-11-25,9:53:48.051637911,T,IBM,F I,4,298.63
2025-11-25,9:53:48.451797627,T,IBM,F I,9,298.65
2025-11-25,9:53:50.031253731,T,IBM,,45,298.695
2025-11-25,9:53:56.774618479,T,IBM,F I,11,298.78
2025-11-25,9:54:00.123920294,T,IBM,I,29,298.78
2025-11-25,9:54:00.123922991,T,IBM,I,3,298.78
2025-11-25,9:54:00.876455618,T,IBM,I,2,298.9
2025-11-25,9:54:01.910070339,T,IBM,I,2,298.9
2025-11-25,9:54:01.910247685,T,IBM,I,36,298.9
2025-11-25,9:54:03.413517470,T,IBM,F,80,298.95
2025-11-25,9:54:03.413520884,T,IBM,F I,6,298.97
2025-11-25,9:54:03.413520884,T,IBM,F,42,298.97
2025-11-25,9:54:03.413842329,T,IBM,F I,2,298.99
2025-11-25,9:54:03.419505111,T,IBM,F,120,299.03
2025-11-25,9:54:03.419562220,T,IBM,,100,299.03
2025-11-25,9:54:04.680322726,T,IBM,F,60,298.97
2025-11-25,9:54:04.680326128,T,IBM,F I,25,298.99
2025-11-25,9:54:04.680326128,T,IBM,F I,5,299.01
2025-11-25,9:54:04.680328325,T,IBM,F I,30,299.02
2025-11-25,9:54:08.004580256,T,IBM,I,25,299.03
2025-11-25,9:54:08.004580256,T,IBM,I,10,299.03
2025-11-25,9:54:08.004595325,T,IBM,I,1,299.03
2025-11-25,9:54:08.004601234,T,IBM,F,44,299.03
2025-11-25,9:54:08.004604339,T,IBM,F,120,299.03
2025-11-25,9:54:08.004604339,T,IBM,F I,11,299.03
2025-11-25,9:54:08.004607245,T,IBM,F I,29,299.03
2025-11-25,9:54:09.810370177,T,IBM,I,11,299.1
2025-11-25,9:54:09.810442345,T,IBM,F I,11,299.1
2025-11-25,9:54:09.810505397,T,IBM,I,7,299.13
2025-11-25,9:54:11.458741313,T,IBM,F,51,299.15
2025-11-25,9:54:21.931049027,T,IBM,I,1,299.13
2025-11-25,9:54:21.992602574,T,IBM,F I,7,299.05
2025-11-25,9:54:21.993276154,T,IBM,F I,7,299.04
2025-11-25,9:54:21.993309285,T,IBM,F I,12,299.03
2025-11-25,9:54:21.993573942,T,IBM,I,3,299.07
2025-11-25,9:54:21.993579886,T,IBM,F I,27,299.07
2025-11-25,9:54:21.993582906,T,IBM,I,10,299.03
2025-11-25,9:54:21.994100133,T,IBM,I,10,299.04
2025-11-25,9:54:21.994136264,T,IBM,I,33,299.04
2025-11-25,9:54:21.995053441,T,IBM,I,5,299.13
2025-11-25,9:54:21.995056398,T,IBM,,40,299.13
2025-11-25,9:54:21.995113582,T,IBM,I,2,299.14
2025-11-25,9:54:29.488009900,T,IBM,F I,10,299.09
2025-11-25,9:54:33.286388518,T,IBM,F I,18,299.02
2025-11-25,9:54:33.286974939,T,IBM,F,80,299.02
2025-11-25,9:54:33.287603415,T,IBM,F I,4,298.98
2025-11-25,9:54:34.118256054,T,IBM,F I,3,299.03
2025-11-25,9:54:34.118280022,T,IBM,I,3,299.03
2025-11-25,9:54:34.118310244,T,IBM,I,17,299.03
2025-11-25,9:54:34.118310244,T,IBM,,40,299.03
2025-11-25,9:54:34.118421321,T,IBM,,383,299.02
2025-11-25,9:54:36.007356369,T,IBM,F I,35,299.09
2025-11-25,9:54:36.007374812,T,IBM,I,1,299.09
2025-11-25,9:54:36.007374812,T,IBM,I,2,299.09
2025-11-25,9:54:36.007377366,T,IBM,I,1,299.09
2025-11-25,9:54:38.393473840,T,IBM,F,100,299.08
2025-11-25,9:54:39.941577372,T,IBM,F,40,298.92
2025-11-25,9:54:39.941592423,T,IBM,I,1,298.92
2025-11-25,9:54:39.941595440,T,IBM,I,33,298.92
2025-11-25,9:54:39.942151743,T,IBM,,40,298.94
2025-11-25,9:54:39.962218591,T,IBM,F,40,298.9
2025-11-25,9:54:45.620594233,T,IBM,F I,1,298.83
2025-11-25,9:54:49.225308867,T,IBM,I,5,298.89
2025-11-25,9:54:49.225332880,T,IBM,F,95,298.9
2025-11-25,9:55:00.411576524,T,IBM,F I,6,299.07
2025-11-25,9:55:00.411627640,T,IBM,I,1,299.07
2025-11-25,9:55:00.950357096,T,IBM,,80,299.18
2025-11-25,9:55:00.950693960,T,IBM,F,40,299.22
2025-11-25,9:55:00.950919479,T,IBM,F,40,299.25
2025-11-25,9:55:00.951160061,T,IBM,F I,7,299.29
2025-11-25,9:55:00.951337415,T,IBM,I,39,299.24
2025-11-25,9:55:00.951488225,T,IBM,F I,13,299.29
2025-11-25,9:55:00.951493788,T,IBM,I,39,299.23
2025-11-25,9:55:00.960584432,T,IBM,F,40,299.35
2025-11-25,9:55:01.998658800,T,IBM,F I,25,299.35
2025-11-25,9:55:02.008266683,T,IBM,F I,1,299.4
2025-11-25,9:55:02.090190680,T,IBM,F I,5,299.42
2025-11-25,9:55:02.090226821,T,IBM,F I,5,299.42
2025-11-25,9:55:02.109448481,T,IBM,F I,5,299.42
2025-11-25,9:55:02.109508969,T,IBM,F I,5,299.42
2025-11-25,9:55:02.109511648,T,IBM,F I,1,299.42
2025-11-25,9:55:02.109863933,T,IBM,I,19,299.42
2025-11-25,9:55:02.109866530,T,IBM,I,21,299.42
2025-11-25,9:55:04.134418349,T,IBM,F I,5,299.25
2025-11-25,9:55:04.134421397,T,IBM,F I,28,299.21
2025-11-25,9:55:04.134436364,T,IBM,I,1,299.21
2025-11-25,9:55:04.134439401,T,IBM,F I,4,299.21
2025-11-25,9:55:04.135699529,T,IBM,F I,2,299.25
2025-11-25,9:55:04.135774536,T,IBM,F I,3,299.29
2025-11-25,9:55:04.135804685,T,IBM,F,72,299.29
2025-11-25,9:55:04.135807663,T,IBM,F I,3,299.32
2025-11-25,9:55:04.135876791,T,IBM,I,2,299.37
2025-11-25,9:55:04.135879751,T,IBM,I,25,299.38
2025-11-25,9:55:15.462272149,T,IBM,F,40,299.55
2025-11-25,9:55:15.462290141,T,IBM,I,1,299.55
2025-11-25,9:55:15.462308727,T,IBM,F I,39,299.55
2025-11-25,9:55:15.462344374,T,IBM,F,400,299.55
2025-11-25,9:55:15.479656952,T,IBM,I,11,299.55
2025-11-25,9:55:15.479656952,T,IBM,I,10,299.55
2025-11-25,9:55:31.087834727,T,IBM,F I,10,299.81
2025-11-25,9:55:31.379947160,T,IBM,F I,20,299.87
2025-11-25,9:55:31.379947160,T,IBM,F I,10,299.87
2025-11-25,9:55:33.260025961,T,IBM,F I,1,299.98
2025-11-25,9:55:33.322656146,T,IBM,,40,300.03
2025-11-25,9:55:33.332760144,T,IBM,I,15,300.0
2025-11-25,9:55:36.761032818,T,IBM,,125,300.025
2025-11-25,9:55:36.761360642,T,IBM,F I,10,300.09
2025-11-25,9:55:38.205443431,T,IBM,F I,10,300.15
2025-11-25,9:55:48.651847905,T,IBM,F I,24,300.19
2025-11-25,9:55:48.651847905,T,IBM,F I,11,300.2
2025-11-25,9:55:49.916649811,T,IBM,I,32,300.21
2025-11-25,9:55:55.656297220,T,IBM,F I,10,300.25
2025-11-25,9:55:55.656300009,T,IBM,F I,3,300.29
2025-11-25,9:55:55.656300009,T,IBM,F I,10,300.29
2025-11-25,9:55:55.656303059,T,IBM,F I,10,300.29
2025-11-25,9:55:55.656306026,T,IBM,F I,29,300.34
2025-11-25,9:55:55.656769130,T,IBM,I,13,300.2
2025-11-25,9:55:55.707575181,T,IBM,F I,25,300.22
2025-11-25,9:55:55.803160715,T,IBM,,40,300.27
2025-11-25,9:55:55.826033436,T,IBM,I,30,300.29
2025-11-25,9:55:55.826033436,T,IBM,I,10,300.3
2025-11-25,9:55:55.826535904,T,IBM,I,5,300.33
2025-11-25,9:55:55.826539017,T,IBM,I,5,300.33
2025-11-25,9:55:55.826539017,T,IBM,I,30,300.33
2025-11-25,9:55:55.826542160,T,IBM,I,25,300.34
2025-11-25,9:55:55.826544392,T,IBM,I,23,300.34
2025-11-25,9:55:55.826596224,T,IBM,F,75,300.34
2025-11-25,9:55:55.826598461,T,IBM,F I,2,300.34
2025-11-25,9:55:55.826601500,T,IBM,F I,29,300.35
2025-11-25,9:55:55.827287114,T,IBM,I,20,300.46
2025-11-25,9:55:55.827287114,T,IBM,I,20,300.47
2025-11-25,9:55:55.827323198,T,IBM,F I,1,300.47
2025-11-25,9:55:55.829999515,T,IBM,,40,300.355
2025-11-25,9:56:01.212886325,T,IBM,I,5,300.36
2025-11-25,9:56:01.212886325,T,IBM,I,5,300.36
2025-11-25,9:56:01.511295813,T,IBM,I,3,300.39
2025-11-25,9:56:06.620916132,T,IBM,I,14,300.3
2025-11-25,9:56:06.621171716,T,IBM,F I,11,300.19
2025-11-25,9:56:06.621319639,T,IBM,F I,29,300.19
2025-11-25,9:56:06.621321999,T,IBM,F,40,300.19
2025-11-25,9:56:06.731311863,T,IBM,I,6,300.2
2025-11-25,9:56:09.182702758,T,IBM,F,40,300.04
2025-11-25,9:56:09.182732808,T,IBM,I,6,300.06
2025-11-25,9:56:09.182736580,T,IBM,,40,300.06
2025-11-25,9:56:09.182736580,T,IBM,,40,300.06
2025-11-25,9:56:09.182937467,T,IBM,I,6,300.04
2025-11-25,9:56:09.182941022,T,IBM,I,6,300.04
2025-11-25,9:56:09.182943360,T,IBM,I,28,300.04
2025-11-25,9:56:09.182958289,T,IBM,I,2,300.04
2025-11-25,9:56:09.183325186,T,IBM,F,40,300.07
2025-11-25,9:56:09.183325186,T,IBM,F,40,300.07
2025-11-25,9:56:09.187240466,T,IBM,F I,18,300.27
2025-11-25,9:56:09.187303802,T,IBM,F I,3,300.28
2025-11-25,9:56:09.187306640,T,IBM,F,80,300.28
2025-11-25,9:56:09.187312702,T,IBM,,80,300.26
2025-11-25,9:56:09.187405891,T,IBM,,130,300.25
2025-11-25,9:56:09.187427000,T,IBM,F,190,300.25
2025-11-25,9:56:09.269799091,T,IBM,F,40,299.96
2025-11-25,9:56:09.270809626,T,IBM,F I,18,299.91
2025-11-25,9:56:09.270812469,T,IBM,F I,2,299.89
2025-11-25,9:56:09.270816526,T,IBM,F I,27,299.89
2025-11-25,9:56:09.270820147,T,IBM,F I,7,299.89
2025-11-25,9:56:09.270824527,T,IBM,F I,6,299.89
2025-11-25,9:56:09.270824527,T,IBM,F I,18,299.88
2025-11-25,9:56:09.270827564,T,IBM,F I,11,299.88
2025-11-25,9:56:09.270827564,T,IBM,F I,12,299.87
2025-11-25,9:56:09.270830596,T,IBM,F I,6,299.87
2025-11-25,9:56:09.270833561,T,IBM,F I,1,299.84
2025-11-25,9:56:09.270863575,T,IBM,F I,7,299.8
2025-11-25,9:56:09.270863575,T,IBM,F I,11,299.8
2025-11-25,9:56:09.270870160,T,IBM,,40,299.87
2025-11-25,9:56:09.270875632,T,IBM,I,24,299.87
2025-11-25,9:56:09.270878661,T,IBM,I,36,299.87
2025-11-25,9:56:09.271056058,T,IBM,,40,299.89
2025-11-25,9:56:09.271477088,T,IBM,F I,20,299.75
2025-11-25,9:56:09.271480020,T,IBM,F I,6,299.75
2025-11-25,9:56:09.271528207,T,IBM,I,23,299.82
2025-11-25,9:56:09.271573259,T,IBM,F I,8,299.75
2025-11-25,9:56:09.271594312,T,IBM,F I,5,299.78
2025-11-25,9:56:09.271603687,T,IBM,F I,12,299.75
2025-11-25,9:56:09.271612668,T,IBM,F I,12,299.78
2025-11-25,9:56:09.271636396,T,IBM,F I,15,299.78
2025-11-25,9:56:09.271681712,T,IBM,F I,10,299.75
2025-11-25,9:56:09.271714843,T,IBM,I,12,299.82
2025-11-25,9:56:09.271807906,T,IBM,F I,5,299.82
2025-11-25,9:56:09.271825915,T,IBM,I,5,299.82
2025-11-25,9:56:09.271825915,T,IBM,I,5,299.82
2025-11-25,9:56:09.271850233,T,IBM,F I,11,299.78
2025-11-25,9:56:09.271875014,T,IBM,F I,11,299.78
2025-11-25,9:56:09.272051466,T,IBM,I,11,299.82
2025-11-25,9:56:09.272051466,T,IBM,I,11,299.82
2025-11-25,9:56:09.272135641,T,IBM,I,7,299.82
2025-11-25,9:56:09.272138664,T,IBM,I,4,299.83
2025-11-25,9:56:09.272180802,T,IBM,F I,6,299.78
2025-11-25,9:56:09.272553627,T,IBM,F I,3,299.74
2025-11-25,9:56:09.276351698,T,IBM,F I,6,299.69
2025-11-25,9:56:09.276351698,T,IBM,F I,20,299.69
2025-11-25,9:56:09.276354720,T,IBM,F,60,299.68
2025-11-25,9:56:09.278934787,T,IBM,F I,6,299.59
2025-11-25,9:56:09.286362774,T,IBM,F,72,299.58
2025-11-25,9:56:09.286362774,T,IBM,F I,6,299.57
2025-11-25,9:56:09.286365532,T,IBM,F,51,299.57
2025-11-25,9:56:09.286383597,T,IBM,I,1,299.57
2025-11-25,9:56:09.286404542,T,IBM,F,73,299.57
2025-11-25,9:56:09.286780546,T,IBM,F I,2,299.57
2025-11-25,9:56:09.322343405,T,IBM,I,2,299.62
2025-11-25,9:56:09.322346687,T,IBM,I,5,299.64
2025-11-25,9:56:09.322346687,T,IBM,I,5,299.64
2025-11-25,9:56:09.322349150,T,IBM,I,33,299.65
2025-11-25,9:56:09.322409323,T,IBM,F,42,299.65
2025-11-25,9:56:09.426706582,T,IBM,F I,5,299.64
2025-11-25,9:56:09.426709929,T,IBM,F I,2,299.65
2025-11-25,9:56:09.426712584,T,IBM,F I,36,299.69
2025-11-25,9:56:09.426712584,T,IBM,F I,25,299.71
2025-11-25,9:56:09.426715609,T,IBM,F I,7,299.72
2025-11-25,9:56:09.426730682,T,IBM,F I,38,299.72
2025-11-25,9:56:09.426733678,T,IBM,F I,11,299.72
2025-11-25,9:56:09.426733678,T,IBM,F I,38,299.72
2025-11-25,9:56:09.426751883,T,IBM,I,1,299.72
2025-11-25,9:56:09.605133376,T,IBM,I,36,299.69
2025-11-25,9:56:23.676577685,T,IBM,F I,4,299.59
2025-11-25,9:56:23.676704002,T,IBM,I,5,299.59
2025-11-25,9:56:23.676842331,T,IBM,F I,1,299.59
2025-11-25,9:56:23.676860346,T,IBM,F I,4,299.59
2025-11-25,9:56:25.214300422,T,IBM,I,5,299.64
2025-11-25,9:56:25.223914394,T,IBM,,69,299.655
2025-11-25,9:56:27.169546604,T,IBM,F I,12,299.52
2025-11-25,9:56:27.169546604,T,IBM,F I,21,299.52
2025-11-25,9:56:27.169546604,T,IBM,F I,12,299.52
2025-11-25,9:56:27.169549222,T,IBM,I,12,299.52
2025-11-25,9:56:27.169597335,T,IBM,F,40,299.52
2025-11-25,9:56:27.169681512,T,IBM,,100,299.52
2025-11-25,9:56:27.169681512,T,IBM,I,1,299.51
2025-11-25,9:56:28.169546946,T,IBM,I,11,299.52
2025-11-25,9:56:28.332694328,T,IBM,F I,11,299.52
2025-11-25,9:56:29.169556595,T,IBM,I,11,299.52
2025-11-25,9:56:30.169569411,T,IBM,I,11,299.51
2025-11-25,9:56:30.169611471,T,IBM,F I,6,299.5
2025-11-25,9:56:30.324922213,T,IBM,,63,299.535
2025-11-25,9:56:31.170556371,T,IBM,I,6,299.43
2025-11-25,9:56:31.170556371,T,IBM,I,4,299.42
2025-11-25,9:56:32.170559977,T,IBM,I,10,299.4
2025-11-25,9:56:33.170578723,T,IBM,I,10,299.4
2025-11-25,9:56:37.319333492,T,IBM,I,35,299.62
2025-11-25,9:56:40.983971884,T,IBM,F,40,299.71
2025-11-25,9:56:40.983971884,T,IBM,F I,6,299.71
2025-11-25,9:56:40.983974791,T,IBM,F I,2,299.71
2025-11-25,9:56:40.983980821,T,IBM,F I,32,299.71
2025-11-25,9:56:40.983986858,T,IBM,F I,8,299.71
2025-11-25,9:56:40.984068111,T,IBM,F,83,299.72
2025-11-25,9:56:40.984089435,T,IBM,F,77,299.72
2025-11-25,9:56:40.984089435,T,IBM,F I,4,299.72
2025-11-25,9:56:40.984278560,T,IBM,F,186,299.72
2025-11-25,9:56:40.984350776,T,IBM,,45,299.7
2025-11-25,9:56:40.984350776,T,IBM,I,35,299.72
2025-11-25,9:56:40.984371807,T,IBM,I,3,299.72
2025-11-25,9:56:40.984371807,T,IBM,I,1,299.72
2025-11-25,9:56:40.984606353,T,IBM,I,34,299.72
2025-11-25,9:56:40.988542715,T,IBM,F,40,299.78
2025-11-25,9:56:40.988593821,T,IBM,F,40,299.81
2025-11-25,9:56:41.088687089,T,IBM,F,40,299.83
2025-11-25,9:56:45.022559315,T,IBM,F I,10,299.88
2025-11-25,9:56:48.277003223,T,IBM,F I,10,300.0
2025-11-25,9:56:53.175617079,T,IBM,,40,299.925
2025-11-25,9:56:53.178158089,T,IBM,,125,299.925
2025-11-25,9:56:53.178206223,T,IBM,F,40,299.925
2025-11-25,9:57:11.271915322,T,IBM,F I,25,300.04
2025-11-25,9:57:11.272661086,T,IBM,F I,5,300.06
2025-11-25,9:57:15.105059573,T,IBM,F,40,300.12
2025-11-25,9:57:15.105062552,T,IBM,F,40,300.12
2025-11-25,9:57:17.673017290,T,IBM,F I,20,300.21
2025-11-25,9:57:17.673017290,T,IBM,F I,3,300.24
2025-11-25,9:57:17.673019945,T,IBM,F I,17,300.24
2025-11-25,9:57:17.673034961,T,IBM,F I,23,300.24
2025-11-25,9:57:17.673038078,T,IBM,I,1,300.24
2025-11-25,9:57:20.221566248,T,IBM,F I,7,300.42
2025-11-25,9:57:20.222901354,T,IBM,F I,25,300.28
2025-11-25,9:57:20.222955542,T,IBM,F I,5,300.27
2025-11-25,9:57:21.248511061,T,IBM,F I,5,300.27
2025-11-25,9:57:21.248511061,T,IBM,F I,2,300.27
2025-11-25,9:57:25.025608413,T,IBM,F I,5,300.36
2025-11-25,9:57:25.025608413,T,IBM,F I,2,300.37
2025-11-25,9:57:27.669523426,T,IBM,F,40,300.43
2025-11-25,9:57:27.669571434,T,IBM,I,7,300.47
2025-11-25,9:57:27.840525359,T,IBM,F,40,300.43
2025-11-25,9:57:27.840528360,T,IBM,F I,25,300.46
2025-11-25,9:57:27.840532021,T,IBM,F I,33,300.47
2025-11-25,9:57:27.840532021,T,IBM,F,40,300.47
2025-11-25,9:57:27.840534643,T,IBM,F I,20,300.5
2025-11-25,9:57:27.840534643,T,IBM,F I,2,300.51
2025-11-25,9:57:34.648156253,T,IBM,F I,20,300.5
2025-11-25,9:57:34.648159222,T,IBM,F,60,300.51
2025-11-25,9:57:34.648184218,T,IBM,F,98,300.51
2025-11-25,9:57:34.648184218,T,IBM,F,215,300.51
2025-11-25,9:57:34.648186340,T,IBM,F I,7,300.51
2025-11-25,9:57:34.648189431,T,IBM,F I,2,300.51
2025-11-25,9:57:34.648192395,T,IBM,I,1,300.51
2025-11-25,9:57:35.308654745,T,IBM,F I,2,300.49
2025-11-25,9:57:35.308654745,T,IBM,F I,25,300.46
2025-11-25,9:57:42.608921253,T,IBM,I,25,300.46
2025-11-25,9:57:42.608921253,T,IBM,I,2,300.49
2025-11-25,9:57:42.608924458,T,IBM,I,5,300.54
2025-11-25,9:57:42.608927347,T,IBM,,45,300.56
2025-11-25,9:58:00.609700056,T,IBM,F I,2,300.63
2025-11-25,9:58:02.087652455,T,IBM,F I,2,300.58
2025-11-25,9:58:02.087652455,T,IBM,F I,3,300.58
2025-11-25,9:58:02.087661519,T,IBM,F I,2,300.58
2025-11-25,9:58:02.098397069,T,IBM,F I,2,300.71
2025-11-25,9:58:03.529729644,T,IBM,F I,22,300.76
2025-11-25,9:58:03.641385398,T,IBM,F I,31,300.85
2025-11-25,9:58:08.745264879,T,IBM,F I,9,300.85
2025-11-25,9:58:08.755648592,T,IBM,I,3,300.85
2025-11-25,9:58:13.134159456,T,IBM,F I,18,301.03
2025-11-25,9:58:19.464379555,T,IBM,F I,2,301.03
2025-11-25,9:58:19.464382630,T,IBM,F I,25,301.06
2025-11-25,9:58:19.464385553,T,IBM,F I,13,301.06
2025-11-25,9:58:24.614966405,T,IBM,F,40,301.02
2025-11-25,9:58:26.321294668,T,IBM,F I,25,301.09
2025-11-25,9:58:26.321298279,T,IBM,F I,5,301.11
2025-11-25,9:58:26.321298279,T,IBM,F,45,301.12
2025-11-25,9:58:26.321300653,T,IBM,F I,6,301.14
2025-11-25,9:58:32.209904480,T,IBM,F I,1,301.15
2025-11-25,9:58:35.606072682,T,IBM,F,45,301.02
2025-11-25,9:58:35.606072682,T,IBM,F I,10,301.03
2025-11-25,9:58:38.115555869,T,IBM,F I,7,300.76
2025-11-25,9:58:38.115558924,T,IBM,F I,1,300.76
2025-11-25,9:58:38.117203898,T,IBM,I,30,300.63
2025-11-25,9:58:38.118686352,T,IBM,F I,2,300.7
2025-11-25,9:58:38.118689378,T,IBM,F I,4,300.75
2025-11-25,9:58:58.859582674,T,IBM,,100,300.775
2025-11-25,9:59:10.342049255,T,IBM,F I,25,300.94
2025-11-25,9:59:10.532339213,T,IBM,F,75,300.91
2025-11-25,9:59:16.070570048,T,IBM,,100,300.81
2025-11-25,9:59:26.955400362,T,IBM,F I,7,300.58
2025-11-25,9:59:26.956768543,T,IBM,,40,300.65
2025-11-25,9:59:29.303612880,T,IBM,I,8,300.81
2025-11-25,9:59:29.303615775,T,IBM,I,32,300.815
2025-11-25,9:59:36.066987159,T,IBM,F I,8,300.7
2025-11-25,9:59:36.066987159,T,IBM,F I,2,300.7
2025-11-25,9:59:36.066990248,T,IBM,F I,5,300.69
2025-11-25,9:59:36.066993213,T,IBM,F I,1,300.69
2025-11-25,9:59:36.066993213,T,IBM,F I,10,300.68
2025-11-25,9:59:39.614054539,T,IBM,F I,1,300.63
2025-11-25,9:59:48.237760214,T,IBM,I,5,300.75
2025-11-25,9:59:48.237763645,T,IBM,I,5,300.75
2025-11-25,9:59:48.237763645,T,IBM,I,2,300.76
2025-11-25,9:59:48.237765911,T,IBM,I,25,300.79
2025-11-25,9:59:48.237768749,T,IBM,I,4,300.8
2025-11-25,9:59:50.292581452,T,IBM,F I,1,300.805
2025-11-25,9:59:50.930039152,T,IBM,F I,2,300.76
2025-11-25,9:59:59.027644948,T,IBM,F I,11,300.805
2025-11-25,9:59:59.652954083,T,IBM,F I,1,300.98
2025-11-25,9:59:59.652956486,T,IBM,F I,10,300.98
2025-11-25,9:59:59.652959509,T,IBM,F,40,301.0
2025-11-25,9:59:59.653022655,T,IBM,,400,300.98
2025-11-25,9:59:59.653912703,T,IBM,F I,6,300.81
2025-11-25,9:59:59.653912703,T,IBM,F I,4,300.8
2025-11-25,9:59:59.653927750,T,IBM,F,100,300.8
2025-11-25,9:59:59.654135245,T,IBM,F I,33,300.68
2025-11-25,9:59:59.654183393,T,IBM,F I,20,300.67
2025-11-25,9:59:59.654192359,T,IBM,I,20,300.68
2025-11-25,9:59:59.654195401,T,IBM,,100,300.68
2025-11-25,9:59:59.654213391,T,IBM,I,1,300.67
2025-11-25,9:59:59.654231574,T,IBM,I,19,300.67
2025-11-25,9:59:59.654285613,T,IBM,I,20,300.67
2025-11-25,9:59:59.654658786,T,IBM,F I,1,300.62
2025-11-25,9:59:59.654662379,T,IBM,F,45,300.62
2025-11-25,9:59:59.654664455,T,IBM,F I,3,300.61
2025-11-25,9:59:59.654676512,T,IBM,F,46,300.61
2025-11-25,9:59:59.657010077,T,IBM,F I,2,300.66
2025-11-25,9:59:59.657010077,T,IBM,F I,32,300.69
2025-11-25,10:00:00.218425576,T,IBM,F I,30,300.74
2025-11-25,10:00:00.218428680,T,IBM,F I,37,300.74
2025-11-25,10:00:00.218446681,T,IBM,I,30,300.74
2025-11-25,10:00:00.218627816,T,IBM,F I,5,300.66
2025-11-25,10:00:00.218630082,T,IBM,F I,26,300.65
2025-11-25,10:00:00.218642170,T,IBM,F I,5,300.65
2025-11-25,10:00:00.219709706,T,IBM,I,1,300.69
2025-11-25,10:00:00.219733759,T,IBM,F I,2,300.64
2025-11-25,10:00:00.290044148,T,IBM,F I,23,300.59
2025-11-25,10:00:00.290071245,T,IBM,F,57,300.59
2025-11-25,10:00:00.290113824,T,IBM,F I,23,300.56
2025-11-25,10:00:00.290669579,T,IBM,F I,12,300.54
2025-11-25,10:00:02.445004412,T,IBM,I,16,300.6
2025-11-25,10:00:02.452937443,T,IBM,I,2,300.63
2025-11-25,10:00:02.452940232,T,IBM,,40,300.63
2025-11-25,10:00:02.453271032,T,IBM,F I,3,300.66
2025-11-25,10:00:02.453271032,T,IBM,F I,4,300.66
2025-11-25,10:00:02.453274080,T,IBM,F I,36,300.66
2025-11-25,10:00:02.858813497,T,IBM,,46,300.63
2025-11-25,10:00:04.476322351,T,IBM,F I,3,300.7
2025-11-25,10:00:04.476325263,T,IBM,F I,1,300.72
2025-11-25,10:00:11.154488699,T,IBM,F,120,300.91
2025-11-25,10:00:11.154533781,T,IBM,F,49,300.91
2025-11-25,10:00:11.154720215,T,IBM,F I,13,300.94
2025-11-25,10:00:11.154720215,T,IBM,F I,20,300.94
2025-11-25,10:00:11.154726260,T,IBM,F I,20,300.94
2025-11-25,10:00:11.154759281,T,IBM,I,20,300.9
2025-11-25,10:00:11.155174322,T,IBM,F I,7,300.98
2025-11-25,10:00:11.155196247,T,IBM,F I,12,300.98
2025-11-25,10:00:11.155198495,T,IBM,F I,1,300.98
2025-11-25,10:00:11.155201372,T,IBM,F I,17,300.98
2025-11-25,10:00:11.155201372,T,IBM,F I,19,300.98
2025-11-25,10:00:11.155225428,T,IBM,F I,21,300.98
2025-11-25,10:00:11.155438934,T,IBM,F I,10,300.98
2025-11-25,10:00:18.224115763,T,IBM,F I,18,301.35
2025-11-25,10:00:18.224115763,T,IBM,F I,6,301.42
2025-11-25,10:00:18.224118066,T,IBM,F I,20,301.45
2025-11-25,10:00:18.224121103,T,IBM,F,50,301.45
2025-11-25,10:00:18.224124133,T,IBM,F,80,301.46
2025-11-25,10:00:18.224124133,T,IBM,F I,1,301.46
2025-11-25,10:00:19.289957301,T,IBM,I,5,301.17
2025-11-25,10:00:19.289957301,T,IBM,I,18,301.13
2025-11-25,10:00:19.921840193,T,IBM,I,23,301.09
2025-11-25,10:00:19.921840193,T,IBM,I,23,301.09
2025-11-25,10:00:19.921842710,T,IBM,I,1,301.09
2025-11-25,10:00:19.921845667,T,IBM,I,23,301.09
2025-11-25,10:00:20.018456992,T,IBM,I,25,301.21
2025-11-25,10:00:20.018456992,T,IBM,,63,301.23
2025-11-25,10:00:20.018459626,T,IBM,I,5,301.23
2025-11-25,10:00:20.018462764,T,IBM,I,2,301.24
2025-11-25,10:00:20.018462764,T,IBM,I,20,301.24
2025-11-25,10:00:20.018466142,T,IBM,I,18,301.25
2025-11-25,10:00:20.018480739,T,IBM,F,75,301.25
2025-11-25,10:00:20.018483663,T,IBM,F,40,301.25
2025-11-25,10:00:20.021896884,T,IBM,,64,301.35
2025-11-25,10:00:20.040436523,T,IBM,F I,2,301.33
2025-11-25,10:00:20.040438944,T,IBM,F I,5,301.32
2025-11-25,10:00:20.040441939,T,IBM,F I,7,301.27
2025-11-25,10:00:20.215473688,T,IBM,F I,28,301.26
2025-11-25,10:00:20.215663132,T,IBM,F I,2,301.26
2025-11-25,10:00:20.215666150,T,IBM,F I,10,301.26
2025-11-25,10:00:20.215696233,T,IBM,F,51,301.26
2025-11-25,10:00:20.215753348,T,IBM,I,39,301.26
2025-11-25,10:00:20.215753348,T,IBM,,41,301.25
2025-11-25,10:00:20.220258052,T,IBM,F I,31,301.25
2025-11-25,10:00:20.220288155,T,IBM,,88,301.25
2025-11-25,10:00:20.243647779,T,IBM,F I,28,301.28
2025-11-25,10:00:20.243686882,T,IBM,F I,2,301.28
2025-11-25,10:00:20.243689852,T,IBM,F,86,301.25
2025-11-25,10:00:20.244170932,T,IBM,F I,30,301.27
2025-11-25,10:00:20.244173946,T,IBM,F I,26,301.25
2025-11-25,10:00:20.316087203,T,IBM,I,6,301.28
2025-11-25,10:00:20.316087203,T,IBM,I,34,301.26
2025-11-25,10:00:20.518442001,T,IBM,F I,3,301.29
2025-11-25,10:00:20.518450962,T,IBM,F I,11,301.26
2025-11-25,10:00:20.518450962,T,IBM,F I,26,301.26
2025-11-25,10:00:20.541091923,T,IBM,F I,33,301.26
2025-11-25,10:00:20.596598142,T,IBM,I,3,301.28
2025-11-25,10:00:20.596601001,T,IBM,,82,301.25
2025-11-25,10:00:20.596637242,T,IBM,I,3,301.26
2025-11-25,10:00:20.596640163,T,IBM,I,37,301.25
2025-11-25,10:00:20.596658116,T,IBM,I,9,301.25
2025-11-25,10:00:20.596742406,T,IBM,F,40,301.25
2025-11-25,10:00:36.445992212,T,IBM,F I,16,301.49
2025-11-25,10:00:36.446539526,T,IBM,F,40,301.5
2025-11-25,10:00:36.449510648,T,IBM,F,160,301.58
2025-11-25,10:00:36.449531715,T,IBM,I,19,301.58
2025-11-25,10:00:36.449540660,T,IBM,F I,8,301.58
2025-11-25,10:00:36.449558707,T,IBM,F,100,301.58
2025-11-25,10:00:36.449576770,T,IBM,I,1,301.58
2025-11-25,10:00:36.449579833,T,IBM,F,299,301.58
2025-11-25,10:00:36.449582831,T,IBM,F I,1,301.58
2025-11-25,10:00:36.449630853,T,IBM,,100,301.57
2025-11-25,10:00:38.247428542,T,IBM,F I,9,301.59
2025-11-25,10:00:38.247431935,T,IBM,F I,1,301.59
2025-11-25,10:00:38.247512150,T,IBM,,400,301.59
2025-11-25,10:00:38.247728593,T,IBM,F I,1,301.58
2025-11-25,10:00:38.248050441,T,IBM,I,7,301.54
2025-11-25,10:00:38.248257908,T,IBM,I,13,301.5
2025-11-25,10:00:38.248288001,T,IBM,I,7,301.5
2025-11-25,10:00:38.264036417,T,IBM,I,23,301.5
2025-11-25,10:00:38.285297058,T,IBM,F I,25,301.57
2025-11-25,10:00:38.285297058,T,IBM,F,297,301.59
2025-11-25,10:00:38.285315554,T,IBM,I,1,301.59
2025-11-25,10:00:38.286305461,T,IBM,F I,20,301.58
2025-11-25,10:00:38.286305461,T,IBM,F,102,301.59
2025-11-25,10:00:38.286310432,T,IBM,F,400,301.59
2025-11-25,10:00:38.286310432,T,IBM,F,46,301.59
2025-11-25,10:00:45.127684477,T,IBM,I,12,301.59
2025-11-25,10:00:45.127684477,T,IBM,I,1,301.59
2025-11-25,10:00:57.354693824,T,IBM,I,5,301.77
2025-11-25,10:00:57.354697183,T,IBM,I,5,301.77
2025-11-25,10:00:57.354699845,T,IBM,I,25,301.75
2025-11-25,10:01:10.084220519,T,IBM,F I,2,301.59
2025-11-25,10:01:11.507298414,T,IBM,,100,301.6
2025-11-25,10:01:11.507302259,T,IBM,,301,301.59
2025-11-25,10:01:11.507302259,T,IBM,I,15,301.61
2025-11-25,10:01:11.507319445,T,IBM,F,100,301.59
2025-11-25,10:01:11.507334412,T,IBM,I,1,301.6
2025-11-25,10:01:11.507361541,T,IBM,,80,301.59
2025-11-25,10:01:11.507371266,T,IBM,I,20,301.59
2025-11-25,10:01:11.507371266,T,IBM,I,1,301.6
2025-11-25,10:01:11.507403611,T,IBM,F I,3,301.6
2025-11-25,10:01:12.002508254,T,IBM,F I,12,301.66
2025-11-25,10:01:12.592639351,T,IBM,I,17,301.58
2025-11-25,10:01:12.693851242,T,IBM,I,7,301.55
2025-11-25,10:01:13.294982258,T,IBM,I,3,301.55
2025-11-25,10:01:14.867780699,T,IBM,I,25,301.54
2025-11-25,10:01:14.867783513,T,IBM,I,2,301.51
2025-11-25,10:01:15.712034368,T,IBM,F,100,301.51
2025-11-25,10:01:15.712302728,T,IBM,F,100,301.5
2025-11-25,10:01:15.712341329,T,IBM,I,17,301.49
2025-11-25,10:01:15.712344105,T,IBM,I,5,301.49
2025-11-25,10:01:15.712359148,T,IBM,,100,301.5
2025-11-25,10:01:15.713041770,T,IBM,I,17,301.5
2025-11-25,10:01:15.713044878,T,IBM,I,5,301.5
2025-11-25,10:01:15.713044878,T,IBM,,100,301.5
2025-11-25,10:01:15.713105297,T,IBM,I,3,301.51
2025-11-25,10:01:15.713859762,T,IBM,F I,4,301.48
2025-11-25,10:01:15.713922856,T,IBM,I,13,301.53
2025-11-25,10:01:15.713925866,T,IBM,I,17,301.53
2025-11-25,10:01:15.714076285,T,IBM,I,3,301.51
2025-11-25,10:01:15.714109336,T,IBM,I,1,301.51
2025-11-25,10:01:15.733553698,T,IBM,I,5,301.51
2025-11-25,10:01:15.766070055,T,IBM,I,25,301.425
2025-11-25,10:01:16.291390769,T,IBM,F,75,301.46
2025-11-25,10:01:16.291417835,T,IBM,I,23,301.46
2025-11-25,10:01:16.291856944,T,IBM,I,5,301.51
2025-11-25,10:01:18.174516120,T,IBM,F I,10,301.5
2025-11-25,10:01:18.174516120,T,IBM,F,45,301.48
2025-11-25,10:01:18.174518799,T,IBM,F I,2,301.48
2025-11-25,10:01:18.174521840,T,IBM,F,100,301.47
2025-11-25,10:01:18.174524903,T,IBM,F I,37,301.46
2025-11-25,10:01:18.174528450,T,IBM,F,100,301.46
2025-11-25,10:01:18.174530799,T,IBM,F,129,301.45
2025-11-25,10:01:18.175066113,T,IBM,I,10,301.47
2025-11-25,10:01:18.175066113,T,IBM,,162,301.45
2025-11-25,10:01:18.175144325,T,IBM,,69,301.45
2025-11-25,10:01:18.175360764,T,IBM,F,100,301.46
2025-11-25,10:01:18.175364095,T,IBM,F,40,301.45
2025-11-25,10:01:18.175364095,T,IBM,F I,18,301.45
2025-11-25,10:01:18.175366760,T,IBM,F I,5,301.45
2025-11-25,10:01:18.176948601,T,IBM,F,160,301.45
2025-11-25,10:01:18.179011539,T,IBM,F I,18,301.45
2025-11-25,10:01:18.208881574,T,IBM,F,90,301.54
2025-11-25,10:01:23.398697071,T,IBM,F I,20,301.61
2025-11-25,10:01:23.398700174,T,IBM,F I,12,301.62
2025-11-25,10:01:23.398703259,T,IBM,F I,3,301.62
2025-11-25,10:01:23.398703259,T,IBM,F I,21,301.62
2025-11-25,10:01:23.398718046,T,IBM,F I,13,301.62
2025-11-25,10:01:23.398721145,T,IBM,I,1,301.62
2025-11-25,10:01:23.408822126,T,IBM,I,2,301.63
2025-11-25,10:01:27.247770291,T,IBM,,100,301.62
2025-11-25,10:01:29.674554054,T,IBM,F I,5,301.56
2025-11-25,10:01:29.674554054,T,IBM,F I,10,301.46
2025-11-25,10:01:29.675185209,T,IBM,I,5,301.46
2025-11-25,10:01:29.690518781,T,IBM,I,12,301.46
2025-11-25,10:01:29.691874966,T,IBM,F I,1,301.46
2025-11-25,10:01:29.713006220,T,IBM,I,4,301.46
2025-11-25,10:01:29.713096675,T,IBM,I,11,301.45
2025-11-25,10:01:29.713096675,T,IBM,I,33,301.45
2025-11-25,10:01:29.883373820,T,IBM,F I,5,301.56
2025-11-25,10:01:31.894068702,T,IBM,,100,301.51
2025-11-25,10:01:31.894071699,T,IBM,I,2,301.51
2025-11-25,10:01:31.894071699,T,IBM,I,25,301.47
2025-11-25,10:01:31.894285213,T,IBM,F I,20,301.47
2025-11-25,10:01:31.894288685,T,IBM,F,100,301.47
2025-11-25,10:01:31.894288685,T,IBM,F I,7,301.47
2025-11-25,10:01:31.934280443,T,IBM,F I,2,301.54
2025-11-25,10:01:31.934451856,T,IBM,F,100,301.5
2025-11-25,10:01:31.934542378,T,IBM,I,33,301.46
2025-11-25,10:01:31.934545150,T,IBM,,53,301.46
2025-11-25,10:01:31.934725511,T,IBM,I,14,301.46
2025-11-25,10:01:31.934728541,T,IBM,I,27,301.46
2025-11-25,10:01:31.935507433,T,IBM,I,20,301.46
2025-11-25,10:01:31.951270865,T,IBM,F I,5,301.49
2025-11-25,10:01:32.464412513,T,IBM,F,40,301.54
2025-11-25,10:01:46.891661344,T,IBM,F I,1,301.66
2025-11-25,10:01:46.891721479,T,IBM,F,48,301.66
2025-11-25,10:01:46.899254354,T,IBM,I,2,301.64
2025-11-25,10:01:50.105875269,T,IBM,F I,3,301.49
2025-11-25,10:01:55.364608569,T,IBM,F I,5,301.53
2025-11-25,10:01:55.364611637,T,IBM,F I,5,301.53
2025-11-25,10:02:08.180714482,T,IBM,F I,5,301.02
2025-11-25,10:02:08.180717403,T,IBM,F I,5,301.02
2025-11-25,10:02:08.180741583,T,IBM,F I,5,301.02
2025-11-25,10:02:08.180831661,T,IBM,F I,5,301.01
2025-11-25,10:02:08.181766905,T,IBM,,91,301.0
2025-11-25,10:02:08.181788013,T,IBM,F I,9,301.0
2025-11-25,10:02:17.470348800,T,IBM,F,133,300.8
2025-11-25,10:02:17.470354869,T,IBM,F,73,300.8
2025-11-25,10:02:17.470463143,T,IBM,F,75,300.8
2025-11-25,10:02:17.470484146,T,IBM,F,719,300.8
2025-11-25,10:02:17.470529248,T,IBM,F I,8,300.78
2025-11-25,10:02:17.473040210,T,IBM,I,1,300.68
2025-11-25,10:02:45.505774139,T,IBM,,100,300.74
2025-11-25,10:02:45.505777179,T,IBM,I,5,300.77
2025-11-25,10:02:45.505855550,T,IBM,I,10,300.77
2025-11-25,10:02:45.505858536,T,IBM,I,30,300.78
2025-11-25,10:02:45.505858536,T,IBM,,63,300.85
2025-11-25,10:02:45.505861369,T,IBM,I,2,300.86
2025-11-25,10:02:45.506273287,T,IBM,F I,20,300.85
