DATE,TIME_M,EX,SYM_ROOT,TR_SCOND,SIZE,PRICE
2025-11-26,9:30:03.951366115,T,IBM,I,32,305.01
2025-11-26,9:30:03.951375117,T,IBM,Q,32,305.01
2025-11-26,9:30:11.131087755,T,IBM,F,65,305.0
2025-11-26,9:30:11.131090864,T,IBM,F I,1,305.0
2025-11-26,9:30:11.131090864,T,IBM,F I,6,305.0
2025-11-26,9:30:11.131208060,T,IBM,F I,1,304.95
2025-11-26,9:30:11.132362832,T,IBM,F I,39,304.78
2025-11-26,9:30:11.132362832,T,IBM,F I,5,304.78
2025-11-26,9:30:11.227268748,T,IBM,I,5,304.855
2025-11-26,9:30:11.261069190,T,IBM,F I,1,304.84
2025-11-26,9:30:11.261072560,T,IBM,F,40,304.85
2025-11-26,9:30:11.261072560,T,IBM,F I,1,304.91
2025-11-26,9:30:11.261076062,T,IBM,F,40,304.91
2025-11-26,9:30:11.261076062,T,IBM,F I,10,304.92
2025-11-26,9:30:11.261078700,T,IBM,F I,25,304.96
2025-11-26,9:30:11.261081273,T,IBM,F I,15,304.99
2025-11-26,9:30:11.261262106,T,IBM,F I,25,304.99
2025-11-26,9:30:11.261265417,T,IBM,F,50,304.99
2025-11-26,9:30:11.261265417,T,IBM,F I,36,305.0
2025-11-26,9:30:11.261285702,T,IBM,F I,4,305.0
2025-11-26,9:30:11.261357889,T,IBM,,200,305.0
2025-11-26,9:30:11.261715777,T,IBM,F I,1,304.92
2025-11-26,9:30:27.104849466,T,IBM,F,40,304.55
2025-11-26,9:30:27.105304558,T,IBM,F I,1,304.5
2025-11-26,9:30:27.105580259,T,IBM,I,21,304.55
2025-11-26,9:30:35.794375711,T,IBM,I,1,304.49
2025-11-26,9:30:35.799764492,T,IBM,F,40,304.475
2025-11-26,9:30:35.802173300,T,IBM,I,1,304.48
2025-11-26,9:30:45.989357732,T,IBM,F,75,304.5
2025-11-26,9:30:57.883965341,T,IBM,F I,1,304.56
2025-11-26,9:31:11.741525988,T,IBM,F I,6,304.33
2025-11-26,9:31:11.741541050,T,IBM,F,44,304.33
2025-11-26,9:31:11.741541050,T,IBM,F I,6,304.32
2025-11-26,9:31:11.741586157,T,IBM,F,40,304.3
2025-11-26,9:31:11.757972123,T,IBM,F I,30,303.99
2025-11-26,9:31:13.763990921,T,IBM,I,21,303.86
2025-11-26,9:31:13.764008990,T,IBM,F I,4,303.86
2025-11-26,9:31:13.764012538,T,IBM,I,1,303.86
2025-11-26,9:31:13.764014964,T,IBM,I,2,303.86
2025-11-26,9:31:13.764420887,T,IBM,F I,21,303.86
2025-11-26,9:31:15.049307868,T,IBM,F I,10,303.75
2025-11-26,9:31:16.609485144,T,IBM,F I,22,303.9
2025-11-26,9:31:17.950931315,T,IBM,I,6,303.52
2025-11-26,9:31:17.950934061,T,IBM,I,1,303.5
2025-11-26,9:31:17.950934061,T,IBM,I,16,303.5
2025-11-26,9:31:17.950957822,T,IBM,F I,6,303.5
2025-11-26,9:31:17.951177284,T,IBM,F I,1,303.68
2025-11-26,9:31:17.951198581,T,IBM,F,49,303.68
2025-11-26,9:31:17.951201291,T,IBM,F,50,303.69
2025-11-26,9:31:17.951204478,T,IBM,F,40,303.69
2025-11-26,9:31:17.951207768,T,IBM,F I,1,303.7
2025-11-26,9:31:17.951348736,T,IBM,F I,19,303.65
2025-11-26,9:31:18.951433567,T,IBM,F I,5,303.74
2025-11-26,9:31:20.636510336,T,IBM,F,75,303.58
2025-11-26,9:31:31.088643662,T,IBM,F,60,303.34
2025-11-26,9:31:32.954170928,T,IBM,F I,5,303.63
2025-11-26,9:31:32.984209496,T,IBM,F I,8,303.63
2025-11-26,9:31:33.028375594,T,IBM,F I,3,303.63
2025-11-26,9:31:33.065507969,T,IBM,F I,2,303.63
2025-11-26,9:31:33.099912855,T,IBM,F I,3,303.63
2025-11-26,9:31:41.573161556,T,IBM,I,20,303.47
2025-11-26,9:31:41.573161556,T,IBM,I,6,303.46
2025-11-26,9:31:41.573164174,T,IBM,,48,303.46
2025-11-26,9:31:41.573167181,T,IBM,F I,20,303.46
2025-11-26,9:31:51.245556358,T,IBM,F I,1,303.25
2025-11-26,9:31:51.245574251,T,IBM,F I,34,303.25
2025-11-26,9:31:51.245874976,T,IBM,I,8,303.2
2025-11-26,9:31:56.306761718,T,IBM,F I,4,303.2
2025-11-26,9:31:56.306785406,T,IBM,F I,7,303.26
2025-11-26,9:31:56.306791976,T,IBM,I,4,303.2
2025-11-26,9:31:56.306794497,T,IBM,I,4,303.2
2025-11-26,9:31:56.312688526,T,IBM,F,79,303.36
2025-11-26,9:31:56.312718600,T,IBM,F I,12,303.41
2025-11-26,9:31:56.313070341,T,IBM,F I,12,303.41
2025-11-26,9:31:57.256419218,T,IBM,I,12,303.2
2025-11-26,9:31:57.364935565,T,IBM,I,16,303.2
2025-11-26,9:31:57.364938604,T,IBM,I,20,303.15
2025-11-26,9:31:57.364938604,T,IBM,I,19,303.14
2025-11-26,9:31:57.364956789,T,IBM,F I,30,303.14
2025-11-26,9:31:57.364956789,T,IBM,F I,6,303.14
2025-11-26,9:31:57.365768512,T,IBM,F I,4,303.09
2025-11-26,9:31:57.365789530,T,IBM,I,4,303.09
2025-11-26,9:31:57.365832000,T,IBM,F I,4,303.09
2025-11-26,9:31:57.365837729,T,IBM,F I,4,303.09
2025-11-26,9:31:57.370279243,T,IBM,F I,4,303.1
2025-11-26,9:31:57.370312980,T,IBM,F I,7,303.1
2025-11-26,9:31:57.370324486,T,IBM,I,24,303.09
2025-11-26,9:31:57.370342466,T,IBM,F I,4,303.1
2025-11-26,9:31:57.370507907,T,IBM,F I,7,303.11
2025-11-26,9:31:57.370622093,T,IBM,F,73,303.11
2025-11-26,9:32:00.526557451,T,IBM,I,4,303.0
2025-11-26,9:32:18.653204609,T,IBM,F I,16,303.52
2025-11-26,9:32:18.653204609,T,IBM,F I,2,303.52
2025-11-26,9:32:18.653282753,T,IBM,I,10,303.52
2025-11-26,9:32:18.653733884,T,IBM,F I,1,303.57
2025-11-26,9:32:18.653772949,T,IBM,F I,1,303.57
2025-11-26,9:32:18.654699143,T,IBM,F,40,303.38
2025-11-26,9:32:18.656175701,T,IBM,I,22,303.47
2025-11-26,9:32:18.656425255,T,IBM,F I,16,303.47
2025-11-26,9:32:18.656834251,T,IBM,I,7,303.47
2025-11-26,9:32:18.656837599,T,IBM,,100,303.52
2025-11-26,9:32:18.656840277,T,IBM,,100,303.52
2025-11-26,9:32:18.656840277,T,IBM,,93,303.52
2025-11-26,9:32:18.656855248,T,IBM,I,1,303.52
2025-11-26,9:32:18.656870492,T,IBM,I,6,303.52
2025-11-26,9:32:18.656870492,T,IBM,I,1,303.52
2025-11-26,9:32:18.656876333,T,IBM,I,7,303.52
2025-11-26,9:32:18.656885291,T,IBM,I,4,303.52
2025-11-26,9:32:39.008746169,T,IBM,F I,5,303.52
2025-11-26,9:32:39.008749241,T,IBM,F,315,303.52
2025-11-26,9:32:39.008767235,T,IBM,F,85,303.52
2025-11-26,9:32:39.008770183,T,IBM,F,60,303.52
2025-11-26,9:32:39.009780693,T,IBM,I,16,303.58
2025-11-26,9:32:39.009798694,T,IBM,I,8,303.58
2025-11-26,9:32:39.042423382,T,IBM,I,1,303.59
2025-11-26,9:32:46.440913093,T,IBM,F,40,303.59
2025-11-26,9:32:46.440915866,T,IBM,F I,11,303.58
2025-11-26,9:33:00.297808935,T,IBM,F,108,303.83
2025-11-26,9:33:00.297808935,T,IBM,F I,17,303.84
2025-11-26,9:33:00.320329734,T,IBM,F,48,303.77
2025-11-26,9:33:00.320356967,T,IBM,I,1,303.77
2025-11-26,9:33:00.320377676,T,IBM,F I,39,303.77
2025-11-26,9:33:06.019873457,T,IBM,,40,303.82
2025-11-26,9:33:06.028329517,T,IBM,,40,303.82
2025-11-26,9:33:06.028329517,T,IBM,I,6,303.81
2025-11-26,9:33:13.095571462,T,IBM,I,2,303.76
2025-11-26,9:33:13.095571462,T,IBM,I,31,303.76
2025-11-26,9:33:19.515357322,T,IBM,F,45,303.805
2025-11-26,9:33:19.515357322,T,IBM,F I,5,303.84
2025-11-26,9:33:19.515362998,T,IBM,F I,5,303.85
2025-11-26,9:33:19.515362998,T,IBM,F I,3,303.86
2025-11-26,9:33:23.250203462,T,IBM,F,58,303.99
2025-11-26,9:33:24.250216231,T,IBM,F,40,304.04
2025-11-26,9:33:28.428513513,T,IBM,F I,5,303.9
2025-11-26,9:33:30.954674527,T,IBM,F I,16,303.81
2025-11-26,9:33:37.164064233,T,IBM,F I,3,303.53
2025-11-26,9:33:39.706484982,T,IBM,F I,5,303.65
2025-11-26,9:33:39.706484982,T,IBM,F I,10,303.69
2025-11-26,9:33:41.479304475,T,IBM,F I,15,303.69
2025-11-26,9:33:41.480429171,T,IBM,I,20,303.69
2025-11-26,9:33:41.922836355,T,IBM,F I,2,303.55
2025-11-26,9:33:42.326364105,T,IBM,I,10,303.8
2025-11-26,9:33:42.735461231,T,IBM,F,45,303.94
2025-11-26,9:33:42.735461231,T,IBM,F I,10,303.97
2025-11-26,9:33:47.935419506,T,IBM,F I,1,303.69
2025-11-26,9:33:52.735471136,T,IBM,F,40,303.98
2025-11-26,9:33:52.735474153,T,IBM,F I,15,303.98
2025-11-26,9:33:52.735489724,T,IBM,F I,15,303.98
2025-11-26,9:33:52.735492213,T,IBM,I,1,303.98
2025-11-26,9:33:52.735970251,T,IBM,F I,1,304.01
2025-11-26,9:33:53.875978273,T,IBM,F I,1,304.37
2025-11-26,9:33:55.506859984,T,IBM,F I,15,304.48
2025-11-26,9:33:55.508282359,T,IBM,,40,304.555
2025-11-26,9:33:55.513752451,T,IBM,I,10,304.555
2025-11-26,9:33:55.593367171,T,IBM,F,70,304.555
2025-11-26,9:33:55.593367171,T,IBM,F I,10,304.555
2025-11-26,9:33:56.509428839,T,IBM,,80,304.585
2025-11-26,9:33:56.509428839,T,IBM,,40,304.585
2025-11-26,9:33:56.522921955,T,IBM,F I,15,304.76
2025-11-26,9:33:59.863127076,T,IBM,F I,25,304.76
2025-11-26,9:33:59.863127076,T,IBM,F I,15,304.8
2025-11-26,9:33:59.863131126,T,IBM,F I,10,304.8
2025-11-26,9:33:59.863133691,T,IBM,F,45,304.84
2025-11-26,9:33:59.863136350,T,IBM,F I,23,304.93
2025-11-26,9:34:00.045108782,T,IBM,F,77,304.93
2025-11-26,9:34:00.045111215,T,IBM,F I,20,304.93
2025-11-26,9:34:00.045111215,T,IBM,F I,23,304.93
2025-11-26,9:34:01.483146929,T,IBM,F I,5,304.75
2025-11-26,9:34:01.483227945,T,IBM,F,80,304.725
2025-11-26,9:34:06.203764226,T,IBM,F I,8,304.93
2025-11-26,9:34:09.435615822,T,IBM,F I,39,304.73
2025-11-26,9:34:09.435621259,T,IBM,F I,6,304.73
2025-11-26,9:34:09.435624262,T,IBM,F I,24,304.73
2025-11-26,9:34:09.435624262,T,IBM,F I,30,304.73
2025-11-26,9:34:09.435738469,T,IBM,F,40,304.68
2025-11-26,9:34:09.435741523,T,IBM,F I,8,304.68
2025-11-26,9:34:09.436066824,T,IBM,,45,304.78
2025-11-26,9:34:09.436066824,T,IBM,,44,304.78
2025-11-26,9:34:09.436201704,T,IBM,I,6,304.81
2025-11-26,9:34:09.436204615,T,IBM,I,8,304.82
2025-11-26,9:34:09.436451505,T,IBM,,40,304.68
2025-11-26,9:34:09.436472541,T,IBM,I,1,304.68
2025-11-26,9:34:09.436472541,T,IBM,I,7,304.68
2025-11-26,9:34:09.436496352,T,IBM,,51,304.73
2025-11-26,9:34:09.436502428,T,IBM,F I,13,304.68
2025-11-26,9:34:09.436505953,T,IBM,F,257,304.68
2025-11-26,9:34:09.436559757,T,IBM,F I,1,304.73
2025-11-26,9:34:09.436635221,T,IBM,I,4,304.74
2025-11-26,9:34:09.436758048,T,IBM,F I,1,304.74
2025-11-26,9:34:09.436788161,T,IBM,F I,4,304.72
2025-11-26,9:34:09.436872167,T,IBM,F,51,304.72
2025-11-26,9:34:09.436878157,T,IBM,F I,23,304.72
2025-11-26,9:34:09.436923447,T,IBM,F I,1,304.72
2025-11-26,9:34:09.437654094,T,IBM,F I,14,304.69
2025-11-26,9:34:09.437849508,T,IBM,I,14,304.69
2025-11-26,9:34:09.437894664,T,IBM,F I,1,304.69
2025-11-26,9:34:09.438539008,T,IBM,I,14,304.69
2025-11-26,9:34:09.439383162,T,IBM,F I,31,304.61
2025-11-26,9:34:09.439497461,T,IBM,I,3,304.69
2025-11-26,9:34:09.439626951,T,IBM,I,1,304.69
2025-11-26,9:34:09.439629818,T,IBM,I,11,304.69
2025-11-26,9:34:09.439783180,T,IBM,F I,21,304.6
2025-11-26,9:34:09.439918477,T,IBM,I,21,304.69
2025-11-26,9:34:09.439921426,T,IBM,I,18,304.69
2025-11-26,9:34:09.439924428,T,IBM,I,1,304.69
2025-11-26,9:34:09.440333430,T,IBM,F I,1,304.71
2025-11-26,9:34:15.515143809,T,IBM,F I,1,304.71
2025-11-26,9:34:30.304352371,T,IBM,I,1,304.87
2025-11-26,9:34:30.304352371,T,IBM,I,7,304.87
2025-11-26,9:34:30.304361525,T,IBM,,72,304.87
2025-11-26,9:34:30.304571861,T,IBM,F,80,304.91
2025-11-26,9:34:30.304571861,T,IBM,F,40,304.91
2025-11-26,9:34:30.304589892,T,IBM,I,1,304.91
2025-11-26,9:34:30.305016867,T,IBM,F I,6,304.79
2025-11-26,9:34:30.305290591,T,IBM,I,1,304.93
2025-11-26,9:34:30.305302864,T,IBM,I,1,304.93
2025-11-26,9:34:30.305302864,T,IBM,I,1,304.93
2025-11-26,9:34:30.355158342,T,IBM,F I,1,304.93
2025-11-26,9:34:34.950229845,T,IBM,I,5,304.74
2025-11-26,9:34:40.702528223,T,IBM,I,1,304.91
2025-11-26,9:34:57.559982859,T,IBM,F I,1,304.94
2025-11-26,9:35:00.017830187,T,IBM,I,2,305.06
2025-11-26,9:35:00.035274758,T,IBM,F I,13,304.94
2025-11-26,9:35:00.035307858,T,IBM,F I,20,304.99
2025-11-26,9:35:09.568155770,T,IBM,F I,20,305.15
2025-11-26,9:35:09.568158789,T,IBM,F,73,305.15
2025-11-26,9:35:18.458635234,T,IBM,F I,14,304.96
2025-11-26,9:35:18.459251636,T,IBM,F,40,304.91
2025-11-26,9:35:19.917940476,T,IBM,F I,13,305.01
2025-11-26,9:35:26.482875671,T,IBM,,40,305.1
2025-11-26,9:35:29.930643783,T,IBM,I,1,305.11
2025-11-26,9:35:35.662219890,T,IBM,F I,13,305.21
2025-11-26,9:35:51.188642533,T,IBM,F I,25,305.12
2025-11-26,9:35:51.787870109,T,IBM,F I,1,305.21
2025-11-26,9:36:05.856382966,T,IBM,F,40,305.38
2025-11-26,9:36:05.856382966,T,IBM,F I,37,305.38
2025-11-26,9:36:05.856401899,T,IBM,F I,3,305.38
2025-11-26,9:36:05.856401899,T,IBM,I,1,305.38
2025-11-26,9:36:05.856403872,T,IBM,F I,3,305.38
2025-11-26,9:36:06.062613721,T,IBM,I,9,305.43
2025-11-26,9:36:06.062673878,T,IBM,I,1,305.43
2025-11-26,9:36:06.062694901,T,IBM,F,40,305.43
2025-11-26,9:36:06.062697943,T,IBM,F,40,305.43
2025-11-26,9:36:14.736225827,T,IBM,F,56,305.49
2025-11-26,9:36:14.736247226,T,IBM,F,160,305.48
2025-11-26,9:36:14.736304647,T,IBM,,100,305.49
2025-11-26,9:36:18.959251714,T,IBM,F,40,305.47
2025-11-26,9:36:18.959257636,T,IBM,F,50,305.38
2025-11-26,9:36:31.354780169,T,IBM,I,2,305.47
2025-11-26,9:36:31.355269655,T,IBM,F I,4,305.47
2025-11-26,9:36:31.355332833,T,IBM,F I,10,305.45
2025-11-26,9:36:31.355338887,T,IBM,F I,11,305.45
2025-11-26,9:36:31.355338887,T,IBM,I,4,305.47
2025-11-26,9:36:31.355360259,T,IBM,I,11,305.45
2025-11-26,9:36:31.355365936,T,IBM,F,361,305.47
2025-11-26,9:36:31.355365936,T,IBM,I,35,305.47
2025-11-26,9:36:31.355374996,T,IBM,F,97,305.45
2025-11-26,9:36:31.355384067,T,IBM,I,1,305.46
2025-11-26,9:36:31.355390691,T,IBM,I,24,305.46
2025-11-26,9:36:31.355396631,T,IBM,I,1,305.46
2025-11-26,9:36:31.355396631,T,IBM,F I,2,305.46
2025-11-26,9:36:31.355465197,T,IBM,I,1,305.47
2025-11-26,9:36:31.355606505,T,IBM,I,2,305.47
2025-11-26,9:36:39.411867009,T,IBM,F I,3,305.71
2025-11-26,9:36:44.835425910,T,IBM,I,7,305.76
2025-11-26,9:36:45.977833716,T,IBM,F I,2,305.83
2025-11-26,9:36:48.465509056,T,IBM,F I,15,305.93
2025-11-26,9:36:52.860405900,T,IBM,F I,35,305.93
2025-11-26,9:36:52.860601652,T,IBM,I,5,305.93
2025-11-26,9:36:52.860604472,T,IBM,I,10,305.94
2025-11-26,9:36:52.860622424,T,IBM,I,5,305.94
2025-11-26,9:36:52.860841970,T,IBM,I,36,305.88
2025-11-26,9:36:52.861723040,T,IBM,F I,1,305.91
2025-11-26,9:36:52.862447761,T,IBM,F I,36,305.83
2025-11-26,9:36:52.862447761,T,IBM,F I,6,305.83
2025-11-26,9:37:05.947712729,T,IBM,F,75,305.8
2025-11-26,9:37:05.947715709,T,IBM,F I,11,305.81
2025-11-26,9:37:13.178937935,T,IBM,I,19,305.62
2025-11-26,9:37:16.014307161,T,IBM,F I,25,305.76
2025-11-26,9:37:16.014310103,T,IBM,F I,19,305.8
2025-11-26,9:37:16.014310103,T,IBM,F I,10,305.8
2025-11-26,9:37:16.014316443,T,IBM,F I,2,305.83
2025-11-26,9:37:16.014319167,T,IBM,F,100,305.84
2025-11-26,9:37:16.014322119,T,IBM,F I,10,305.84
2025-11-26,9:37:27.115695012,T,IBM,F I,35,305.85
2025-11-26,9:37:27.115716099,T,IBM,F I,1,305.86
2025-11-26,9:37:29.601316484,T,IBM,F I,2,305.98
2025-11-26,9:37:42.682013562,T,IBM,F I,13,305.9
2025-11-26,9:37:51.603395101,T,IBM,F I,6,305.72
2025-11-26,9:37:51.603397665,T,IBM,F I,10,305.72
2025-11-26,9:37:51.603400646,T,IBM,F I,5,305.72
2025-11-26,9:37:51.603421732,T,IBM,F,74,305.72
2025-11-26,9:37:51.609430064,T,IBM,I,10,305.57
2025-11-26,9:37:53.378367256,T,IBM,I,1,305.7
2025-11-26,9:37:57.688089356,T,IBM,F I,10,305.65
2025-11-26,9:37:57.688092459,T,IBM,F I,10,305.65
2025-11-26,9:37:57.688110425,T,IBM,F,45,305.65
2025-11-26,9:38:07.910589933,T,IBM,F I,4,305.565
2025-11-26,9:38:13.920595975,T,IBM,F I,10,305.5
2025-11-26,9:38:13.920743355,T,IBM,I,25,305.46
2025-11-26,9:38:13.921224420,T,IBM,F I,6,305.45
2025-11-26,9:38:13.922186722,T,IBM,,40,305.4
2025-11-26,9:38:14.174361047,T,IBM,I,25,305.36
2025-11-26,9:38:26.701761863,T,IBM,F I,3,305.4
2025-11-26,9:38:32.703077050,T,IBM,I,1,305.59
2025-11-26,9:38:48.266713158,T,IBM,F I,10,305.43
2025-11-26,9:38:54.712600716,T,IBM,I,1,305.63
2025-11-26,9:39:11.505452605,T,IBM,,50,305.46
2025-11-26,9:39:11.505455943,T,IBM,I,6,305.44
2025-11-26,9:39:11.505455943,T,IBM,,40,305.44
2025-11-26,9:39:11.505458808,T,IBM,,40,305.44
2025-11-26,9:39:11.505461650,T,IBM,,60,305.44
2025-11-26,9:39:11.505464714,T,IBM,F I,27,305.44
2025-11-26,9:39:11.505464714,T,IBM,F I,23,305.44
2025-11-26,9:39:11.505467583,T,IBM,F,40,305.44
2025-11-26,9:39:17.738045357,T,IBM,F I,20,305.3
2025-11-26,9:39:17.738063419,T,IBM,F,41,305.3
2025-11-26,9:39:21.194679002,T,IBM,F I,10,305.23
2025-11-26,9:39:21.194681595,T,IBM,F I,20,305.16
2025-11-26,9:39:21.194684612,T,IBM,F I,2,305.16
2025-11-26,9:39:21.194702560,T,IBM,F,80,305.15
2025-11-26,9:39:27.358789312,T,IBM,,41,305.3
2025-11-26,9:39:27.359908005,T,IBM,F,40,305.31
2025-11-26,9:39:27.359910982,T,IBM,F I,1,305.31
2025-11-26,9:39:29.471914201,T,IBM,,80,305.39
2025-11-26,9:39:44.225574924,T,IBM,F I,1,305.46
2025-11-26,9:39:48.681014944,T,IBM,F I,17,305.45
2025-11-26,9:39:54.628378637,T,IBM,I,2,305.46
2025-11-26,9:39:54.628378637,T,IBM,I,15,305.46
2025-11-26,9:39:54.629238744,T,IBM,F I,19,305.585
2025-11-26,9:39:54.640978615,T,IBM,F I,21,305.645
2025-11-26,9:39:54.640978615,T,IBM,F I,8,305.71
2025-11-26,9:39:54.641408886,T,IBM,F I,20,305.71
2025-11-26,9:39:55.629188265,T,IBM,F I,1,305.87
2025-11-26,9:40:02.758260428,T,IBM,F I,20,306.0
2025-11-26,9:40:02.758263634,T,IBM,F I,13,306.0
2025-11-26,9:40:02.758263634,T,IBM,F I,1,306.0
2025-11-26,9:40:02.758810728,T,IBM,I,6,306.0
2025-11-26,9:40:02.758891910,T,IBM,I,4,306.0
2025-11-26,9:40:02.758895469,T,IBM,I,2,305.99
2025-11-26,9:40:02.758931010,T,IBM,I,1,305.99
2025-11-26,9:40:02.758955026,T,IBM,I,3,305.99
2025-11-26,9:40:02.764025060,T,IBM,F I,22,306.06
2025-11-26,9:40:03.764043878,T,IBM,F,80,306.12
2025-11-26,9:40:03.764046868,T,IBM,F I,20,306.12
2025-11-26,9:40:03.768483341,T,IBM,,40,306.07
2025-11-26,9:40:03.768485751,T,IBM,I,12,306.06
2025-11-26,9:40:03.768587694,T,IBM,I,19,306.06
2025-11-26,9:40:07.174216339,T,IBM,F I,9,306.2
2025-11-26,9:40:07.174216339,T,IBM,I,7,306.2
2025-11-26,9:40:07.523380688,T,IBM,I,10,306.28
2025-11-26,9:40:16.230006193,T,IBM,I,25,306.21
2025-11-26,9:40:16.230008388,T,IBM,I,9,306.15
2025-11-26,9:40:19.287353983,T,IBM,,40,306.2
2025-11-26,9:40:19.287820044,T,IBM,F,41,306.14
2025-11-26,9:40:19.287823041,T,IBM,F,117,306.14
2025-11-26,9:40:19.288015525,T,IBM,F I,25,306.11
2025-11-26,9:40:19.288484640,T,IBM,F I,39,306.2
2025-11-26,9:40:20.288494781,T,IBM,F I,2,306.09
2025-11-26,9:40:20.288497359,T,IBM,F,54,306.14
2025-11-26,9:40:20.288515333,T,IBM,I,1,306.14
2025-11-26,9:40:20.475906533,T,IBM,I,1,306.14
2025-11-26,9:40:36.570420650,T,IBM,F I,5,306.32
2025-11-26,9:40:36.570423531,T,IBM,F I,10,306.33
2025-11-26,9:40:36.570426727,T,IBM,F,100,306.37
2025-11-26,9:40:36.570426727,T,IBM,F I,6,306.37
2025-11-26,9:40:45.025806379,T,IBM,,40,306.36
2025-11-26,9:40:45.025809328,T,IBM,,40,306.38
2025-11-26,9:40:45.025809328,T,IBM,I,27,306.38
2025-11-26,9:40:45.025824425,T,IBM,I,1,306.38
2025-11-26,9:40:45.025833404,T,IBM,F I,39,306.38
2025-11-26,9:40:45.025909008,T,IBM,I,35,306.29
2025-11-26,9:40:47.986928882,T,IBM,F,100,306.29
2025-11-26,9:40:47.986928882,T,IBM,F,71,306.33
2025-11-26,9:40:50.663447849,T,IBM,F I,6,306.22
2025-11-26,9:40:51.049402180,T,IBM,F,40,306.22
2025-11-26,9:40:51.049404781,T,IBM,F,51,306.22
2025-11-26,9:40:51.049404781,T,IBM,F I,10,306.22
2025-11-26,9:40:51.049407709,T,IBM,F I,1,306.22
2025-11-26,9:41:03.469952215,T,IBM,I,1,306.235
2025-11-26,9:41:25.362010316,T,IBM,I,1,306.25
2025-11-26,9:41:25.362034402,T,IBM,I,1,306.25
2025-11-26,9:41:26.346797812,T,IBM,I,33,306.4
2025-11-26,9:41:26.346815826,T,IBM,I,1,306.4
2025-11-26,9:41:26.346827860,T,IBM,I,1,306.4
2025-11-26,9:41:31.896281346,T,IBM,F I,6,306.25
2025-11-26,9:41:37.221506165,T,IBM,F I,10,306.12
2025-11-26,9:41:37.221557216,T,IBM,F I,10,306.12
2025-11-26,9:41:37.221560218,T,IBM,F I,16,306.11
2025-11-26,9:41:37.221582023,T,IBM,F,64,306.11
2025-11-26,9:41:37.221582023,T,IBM,F I,5,306.11
2025-11-26,9:41:37.221812776,T,IBM,F I,18,306.1
2025-11-26,9:41:37.221816169,T,IBM,F,40,306.1
2025-11-26,9:42:06.590468628,T,IBM,I,19,306.4
2025-11-26,9:42:11.978609094,T,IBM,F I,35,306.12
2025-11-26,9:42:11.979243703,T,IBM,I,8,306.11
2025-11-26,9:42:14.272286863,T,IBM,F I,6,306.17
2025-11-26,9:42:16.961961997,T,IBM,F I,30,305.92
2025-11-26,9:42:22.799522384,T,IBM,F I,6,305.83
2025-11-26,9:42:22.799525468,T,IBM,F,84,305.82
2025-11-26,9:42:22.887605162,T,IBM,F I,5,305.63
2025-11-26,9:42:22.915469426,T,IBM,F I,30,305.54
2025-11-26,9:42:35.939177891,T,IBM,I,5,305.53
2025-11-26,9:42:35.939316268,T,IBM,I,20,305.48
2025-11-26,9:42:40.390326844,T,IBM,F I,1,305.56
2025-11-26,9:42:40.390329772,T,IBM,F I,10,305.56
2025-11-26,9:42:40.390335736,T,IBM,F I,10,305.55
2025-11-26,9:42:42.364872624,T,IBM,F I,5,305.76
2025-11-26,9:43:01.677597287,T,IBM,F I,5,305.6
2025-11-26,9:43:06.156078112,T,IBM,I,5,305.54
2025-11-26,9:43:06.156078112,T,IBM,I,6,305.53
2025-11-26,9:43:06.156081859,T,IBM,I,12,305.53
2025-11-26,9:43:06.156084110,T,IBM,F I,5,305.53
2025-11-26,9:43:06.156363847,T,IBM,,40,305.52
2025-11-26,9:43:06.156493121,T,IBM,F I,9,305.53
2025-11-26,9:43:06.156811902,T,IBM,F I,11,305.53
2025-11-26,9:43:17.203529755,T,IBM,F I,3,305.75
2025-11-26,9:44:22.572222830,T,IBM,F,66,305.68
2025-11-26,9:44:23.798274642,T,IBM,F,40,305.83
2025-11-26,9:44:23.798277710,T,IBM,F,40,305.86
2025-11-26,9:44:23.798289993,T,IBM,F I,4,305.86
2025-11-26,9:44:23.798289993,T,IBM,F I,4,305.87
2025-11-26,9:44:23.798340851,T,IBM,F I,4,305.87
2025-11-26,9:44:23.798491098,T,IBM,F I,4,305.87
2025-11-26,9:44:24.342417117,T,IBM,F I,28,305.845
2025-11-26,9:44:26.419699525,T,IBM,F I,30,305.76
2025-11-26,9:44:26.419699525,T,IBM,F,50,305.76
2025-11-26,9:44:27.400631784,T,IBM,I,6,305.7
2025-11-26,9:44:27.403221276,T,IBM,I,12,305.775
2025-11-26,9:44:27.403224231,T,IBM,I,28,305.775
2025-11-26,9:44:27.403226953,T,IBM,,40,305.78
2025-11-26,9:44:27.403250961,T,IBM,F I,34,305.79
2025-11-26,9:44:27.403320299,T,IBM,,80,305.79
2025-11-26,9:44:27.403344700,T,IBM,I,1,305.79
2025-11-26,9:44:27.403362301,T,IBM,F I,34,305.79
2025-11-26,9:44:46.456521105,T,IBM,F I,6,305.75
2025-11-26,9:44:54.848095152,T,IBM,F,80,305.7
2025-11-26,9:45:00.629599254,T,IBM,I,20,306.09
2025-11-26,9:45:01.847279079,T,IBM,F I,5,306.23
2025-11-26,9:45:01.881644839,T,IBM,F I,20,306.26
2025-11-26,9:45:02.017285764,T,IBM,F I,10,306.23
2025-11-26,9:45:02.017288856,T,IBM,F,52,306.25
2025-11-26,9:45:02.017520370,T,IBM,F I,20,306.34
2025-11-26,9:45:02.118272326,T,IBM,F,80,306.35
2025-11-26,9:45:02.959891933,T,IBM,F I,10,306.38
2025-11-26,9:45:02.966609821,T,IBM,,40,306.315
2025-11-26,9:45:47.613696865,T,IBM,I,4,306.16
2025-11-26,9:45:47.613696865,T,IBM,I,6,306.16
2025-11-26,9:45:47.614334495,T,IBM,F,40,306.15
2025-11-26,9:46:02.212528402,T,IBM,I,1,306.11
2025-11-26,9:46:07.502635676,T,IBM,I,34,306.08
2025-11-26,9:46:07.502650711,T,IBM,I,1,306.08
2025-11-26,9:46:07.502653656,T,IBM,F I,5,306.08
2025-11-26,9:46:07.502728847,T,IBM,,40,306.16
2025-11-26,9:46:11.713491443,T,IBM,F I,5,306.15
2025-11-26,9:46:21.673521289,T,IBM,F,100,306.12
2025-11-26,9:46:21.702044205,T,IBM,I,1,306.11
2025-11-26,9:46:21.743864769,T,IBM,I,39,306.1
2025-11-26,9:46:21.743868332,T,IBM,I,1,306.1
2025-11-26,9:46:21.743870832,T,IBM,I,5,306.15
2025-11-26,9:46:21.743873827,T,IBM,I,35,306.17
2025-11-26,9:46:21.743880016,T,IBM,I,5,306.17
2025-11-26,9:46:21.743880016,T,IBM,,40,306.17
2025-11-26,9:46:21.743882935,T,IBM,I,35,306.17
2025-11-26,9:46:21.743885835,T,IBM,I,1,306.17
2025-11-26,9:46:26.727915243,T,IBM,F,40,306.42
2025-11-26,9:46:26.728170938,T,IBM,,40,306.45
2025-11-26,9:46:26.739345556,T,IBM,F,80,306.45
2025-11-26,9:46:26.739348470,T,IBM,F,40,306.46
2025-11-26,9:46:26.739351500,T,IBM,F,80,306.5
2025-11-26,9:46:26.739360547,T,IBM,F I,6,306.43
2025-11-26,9:46:26.739367104,T,IBM,F I,33,306.5
2025-11-26,9:46:26.739378605,T,IBM,F,87,306.5
2025-11-26,9:46:26.739384660,T,IBM,I,5,306.43
2025-11-26,9:46:26.740488243,T,IBM,I,7,306.5
2025-11-26,9:46:37.827297626,T,IBM,F I,1,306.5
2025-11-26,9:46:38.817031902,T,IBM,F I,6,306.59
2025-11-26,9:46:38.947230050,T,IBM,I,5,306.54
2025-11-26,9:46:38.947230050,T,IBM,I,1,306.5
2025-11-26,9:46:38.947705025,T,IBM,I,6,306.49
2025-11-26,9:47:00.280512933,T,IBM,F I,1,306.41
2025-11-26,9:47:00.280561005,T,IBM,F,40,306.38
2025-11-26,9:47:00.280753512,T,IBM,F,40,306.33
2025-11-26,9:47:00.280759502,T,IBM,F,40,306.31
2025-11-26,9:47:00.280783690,T,IBM,F,40,306.31
2025-11-26,9:47:00.280861684,T,IBM,F,40,306.3
2025-11-26,9:47:00.280982076,T,IBM,I,1,306.32
2025-11-26,9:47:00.281132401,T,IBM,F I,1,306.3
2025-11-26,9:47:00.281180498,T,IBM,F I,1,306.3
2025-11-26,9:47:00.281369925,T,IBM,F I,18,306.3
2025-11-26,9:47:00.281372895,T,IBM,F,40,306.29
2025-11-26,9:47:00.281372895,T,IBM,F I,22,306.29
2025-11-26,9:47:00.281397038,T,IBM,F I,18,306.29
2025-11-26,9:47:00.281661681,T,IBM,F,40,306.28
2025-11-26,9:47:00.281691777,T,IBM,F,40,306.28
2025-11-26,9:47:01.010344353,T,IBM,F I,8,306.12
2025-11-26,9:47:01.011177370,T,IBM,F I,1,305.9
2025-11-26,9:47:01.011532291,T,IBM,I,20,305.91
2025-11-26,9:47:01.011532291,T,IBM,I,30,305.9
2025-11-26,9:47:01.011553258,T,IBM,I,1,305.9
2025-11-26,9:47:50.188781265,T,IBM,I,1,306.04
2025-11-26,9:47:55.417620626,T,IBM,F I,6,305.89
2025-11-26,9:47:55.417624037,T,IBM,F I,5,305.88
2025-11-26,9:47:55.417626670,T,IBM,F I,20,305.88
2025-11-26,9:47:55.417626670,T,IBM,F I,20,305.87
2025-11-26,9:47:55.417644724,T,IBM,I,1,305.87
2025-11-26,9:47:55.417665567,T,IBM,F I,19,305.87
2025-11-26,9:47:55.417686618,T,IBM,F I,33,305.85
2025-11-26,9:47:55.417704629,T,IBM,F I,7,305.85
2025-11-26,9:47:55.417713602,T,IBM,F,40,305.83
2025-11-26,9:47:55.417716688,T,IBM,F,40,305.82
2025-11-26,9:47:55.418068427,T,IBM,F I,5,305.87
2025-11-26,9:47:55.418140679,T,IBM,I,20,305.85
2025-11-26,9:47:55.418150459,T,IBM,I,3,305.85
2025-11-26,9:47:55.418150459,T,IBM,I,17,305.85
2025-11-26,9:47:55.418158700,T,IBM,I,1,305.85
2025-11-26,9:47:55.529161953,T,IBM,,40,305.91
2025-11-26,9:47:56.010779489,T,IBM,F I,10,305.9
2025-11-26,9:48:40.804036291,T,IBM,,80,305.745
2025-11-26,9:48:54.827195010,T,IBM,I,1,305.86
2025-11-26,9:48:54.829158589,T,IBM,,40,305.9
2025-11-26,9:49:45.202820980,T,IBM,I,1,305.84
2025-11-26,9:49:45.202827008,T,IBM,F I,5,305.84
2025-11-26,9:49:45.202839065,T,IBM,F I,1,305.83
2025-11-26,9:49:45.202911263,T,IBM,F I,4,305.81
2025-11-26,9:49:45.202920191,T,IBM,F I,26,305.81
2025-11-26,9:49:45.202923419,T,IBM,F I,3,305.8
2025-11-26,9:49:45.202923419,T,IBM,F I,1,305.8
2025-11-26,9:49:45.202926298,T,IBM,F I,10,305.79
2025-11-26,9:49:45.204096013,T,IBM,I,30,305.79
2025-11-26,9:49:45.204643382,T,IBM,,40,305.81
2025-11-26,9:49:58.360880644,T,IBM,,40,305.89
2025-11-26,9:49:58.360880644,T,IBM,,45,305.9
2025-11-26,9:49:58.360883839,T,IBM,I,1,305.91
2025-11-26,9:49:58.360886674,T,IBM,I,2,305.91
2025-11-26,9:50:13.278293620,T,IBM,I,6,305.81
2025-11-26,9:50:13.278368871,T,IBM,I,12,305.81
2025-11-26,9:50:13.686539523,T,IBM,F,75,305.75
2025-11-26,9:50:32.105524437,T,IBM,F I,1,305.78
2025-11-26,9:50:49.546644514,T,IBM,,100,305.72
2025-11-26,9:50:49.546644514,T,IBM,,100,305.72
2025-11-26,9:50:50.784412253,T,IBM,F I,30,305.67
2025-11-26,9:50:50.892408305,T,IBM,F,40,305.59
2025-11-26,9:50:50.893915639,T,IBM,F,40,305.54
2025-11-26,9:50:50.893918373,T,IBM,F I,20,305.54
2025-11-26,9:50:50.906211144,T,IBM,F,40,305.52
2025-11-26,9:50:50.906226220,T,IBM,F I,5,305.52
2025-11-26,9:50:50.906229242,T,IBM,F I,5,305.57
2025-11-26,9:50:50.987178973,T,IBM,F I,36,305.47
2025-11-26,9:50:51.109627461,T,IBM,F I,20,305.39
2025-11-26,9:50:51.195012791,T,IBM,,40,305.45
2025-11-26,9:51:01.554134712,T,IBM,F I,6,305.33
2025-11-26,9:51:01.554134712,T,IBM,F,40,305.32
2025-11-26,9:51:01.988236525,T,IBM,F I,3,305.14
2025-11-26,9:51:01.988236525,T,IBM,F,40,305.13
2025-11-26,9:51:01.988239145,T,IBM,F I,1,305.11
2025-11-26,9:51:01.988242151,T,IBM,F I,25,305.1
2025-11-26,9:51:22.315083100,T,IBM,F I,1,305.0
2025-11-26,9:51:22.315086162,T,IBM,F I,39,305.0
2025-11-26,9:51:22.319434500,T,IBM,,40,304.98
2025-11-26,9:51:22.459038908,T,IBM,F I,20,304.89
2025-11-26,9:51:22.459038908,T,IBM,F,97,304.88
2025-11-26,9:51:22.459056931,T,IBM,I,1,304.88
2025-11-26,9:51:22.459249367,T,IBM,,229,304.88
2025-11-26,9:51:25.521665058,T,IBM,I,26,304.84
2025-11-26,9:51:26.790463673,T,IBM,F I,20,304.61
2025-11-26,9:51:32.485487707,T,IBM,F,43,304.64
2025-11-26,9:51:32.485514845,T,IBM,,43,304.65
2025-11-26,9:51:32.485941838,T,IBM,,272,304.64
2025-11-26,9:51:32.485995991,T,IBM,,300,304.64
2025-11-26,9:51:32.486062136,T,IBM,F I,8,304.63
2025-11-26,9:51:32.486083162,T,IBM,I,32,304.63
2025-11-26,9:51:32.486122366,T,IBM,F I,4,304.58
2025-11-26,9:51:32.486128336,T,IBM,F I,1,304.58
2025-11-26,9:51:32.486173364,T,IBM,I,8,304.61
2025-11-26,9:51:32.486299709,T,IBM,I,4,304.61
2025-11-26,9:51:32.486342419,T,IBM,I,9,304.61
2025-11-26,9:51:32.486344799,T,IBM,,100,304.61
2025-11-26,9:51:32.486368818,T,IBM,,100,304.61
2025-11-26,9:51:41.884044873,T,IBM,F,40,304.52
2025-11-26,9:51:41.884047897,T,IBM,F,101,304.51
2025-11-26,9:51:41.884047897,T,IBM,F I,1,304.51
2025-11-26,9:51:41.886525800,T,IBM,F,43,304.34
2025-11-26,9:51:41.901738943,T,IBM,I,5,304.35
2025-11-26,9:51:41.901742038,T,IBM,I,1,304.38
2025-11-26,9:51:42.301216513,T,IBM,F I,5,304.29
2025-11-26,9:51:42.301219102,T,IBM,F,40,304.28
2025-11-26,9:51:42.301222723,T,IBM,F I,20,304.27
2025-11-26,9:51:42.301222723,T,IBM,F,100,304.27
2025-11-26,9:51:42.301225085,T,IBM,F,43,304.26
2025-11-26,9:51:42.311723048,T,IBM,I,2,304.235
2025-11-26,9:51:42.311732485,T,IBM,,98,304.235
2025-11-26,9:51:44.061820531,T,IBM,F I,5,304.5
2025-11-26,9:51:44.107376037,T,IBM,I,7,304.52
2025-11-26,9:51:45.114789297,T,IBM,F I,20,304.73
2025-11-26,9:51:45.115062919,T,IBM,F I,7,304.76
2025-11-26,9:51:59.332926550,T,IBM,I,5,304.79
2025-11-26,9:51:59.332926550,T,IBM,I,1,304.77
2025-11-26,9:52:07.565845605,T,IBM,F,40,304.69
2025-11-26,9:52:07.565845605,T,IBM,F,40,304.69
2025-11-26,9:52:07.566404954,T,IBM,F I,1,304.6
2025-11-26,9:52:07.566444057,T,IBM,I,1,304.6
2025-11-26,9:52:07.566480141,T,IBM,F I,1,304.52
2025-11-26,9:52:30.576741510,T,IBM,F I,1,304.35
2025-11-26,9:52:30.576912818,T,IBM,,47,304.41
2025-11-26,9:52:30.577339923,T,IBM,I,4,304.37
2025-11-26,9:52:32.064696281,T,IBM,F I,30,304.32
2025-11-26,9:52:32.064696281,T,IBM,F I,20,304.3
2025-11-26,9:52:32.064698812,T,IBM,F I,8,304.29
2025-11-26,9:52:32.064717228,T,IBM,F I,37,304.29
2025-11-26,9:52:32.064717228,T,IBM,F I,6,304.29
2025-11-26,9:52:32.064719862,T,IBM,F I,7,304.29
2025-11-26,9:52:36.163751426,T,IBM,F I,6,304.35
2025-11-26,9:52:36.163766474,T,IBM,I,26,304.35
2025-11-26,9:52:36.163787850,T,IBM,I,1,304.35
2025-11-26,9:52:36.163787850,T,IBM,I,7,304.35
2025-11-26,9:52:39.912367643,T,IBM,F I,22,304.19
2025-11-26,9:52:39.912367643,T,IBM,F I,2,304.19
2025-11-26,9:52:39.912415864,T,IBM,F I,1,304.18
2025-11-26,9:52:39.912491079,T,IBM,,160,304.19
2025-11-26,9:52:40.190385572,T,IBM,F I,29,304.08
2025-11-26,9:52:40.190671382,T,IBM,F I,4,304.14
2025-11-26,9:52:40.190909782,T,IBM,,100,304.14
2025-11-26,9:52:40.190909782,T,IBM,I,21,304.14
2025-11-26,9:52:40.191988469,T,IBM,F I,20,304.03
2025-11-26,9:52:40.192052043,T,IBM,,41,304.17
2025-11-26,9:52:40.192072599,T,IBM,I,1,304.17
2025-11-26,9:52:40.193501037,T,IBM,F I,1,304.09
2025-11-26,9:52:40.193501037,T,IBM,F,51,304.09
2025-11-26,9:52:40.193615381,T,IBM,I,5,304.17
2025-11-26,9:52:40.193732589,T,IBM,F I,3,304.17
2025-11-26,9:52:40.195067778,T,IBM,F I,29,304.08
2025-11-26,9:52:40.195118879,T,IBM,F I,29,304.17
2025-11-26,9:52:40.195182054,T,IBM,F I,11,304.17
2025-11-26,9:52:40.196387849,T,IBM,F I,2,304.17
2025-11-26,9:52:40.196387849,T,IBM,F I,25,304.145
2025-11-26,9:52:40.196664608,T,IBM,I,4,304.16
2025-11-26,9:52:40.198231487,T,IBM,F I,20,304.11
2025-11-26,9:52:40.198231487,T,IBM,F,94,304.09
2025-11-26,9:52:40.198282681,T,IBM,I,22,304.18
2025-11-26,9:52:40.198622170,T,IBM,F I,22,304.11
2025-11-26,9:52:40.198625283,T,IBM,F I,12,304.11
2025-11-26,9:52:40.198739513,T,IBM,I,4,304.19
2025-11-26,9:52:40.201713742,T,IBM,F I,4,304.09
2025-11-26,9:52:40.202062388,T,IBM,I,39,304.19
2025-11-26,9:52:40.203322381,T,IBM,F I,26,304.11
2025-11-26,9:52:40.203629165,T,IBM,I,4,304.14
2025-11-26,9:52:40.203632107,T,IBM,F I,4,304.14
2025-11-26,9:52:40.203638155,T,IBM,I,4,304.14
2025-11-26,9:52:40.204817300,T,IBM,F I,23,304.07
2025-11-26,9:52:40.204819944,T,IBM,F I,1,304.07
2025-11-26,9:52:40.204819944,T,IBM,F I,9,304.07
2025-11-26,9:52:40.204823040,T,IBM,F I,9,304.07
2025-11-26,9:52:40.204825956,T,IBM,F I,3,304.07
2025-11-26,9:52:40.204825956,T,IBM,F I,16,304.07
2025-11-26,9:52:40.204856043,T,IBM,I,12,304.14
2025-11-26,9:52:40.204901178,T,IBM,I,23,304.14
2025-11-26,9:52:40.204901178,T,IBM,I,11,304.14
2025-11-26,9:52:47.301511130,T,IBM,F I,9,304.05
2025-11-26,9:52:47.301514208,T,IBM,F,45,304.05
2025-11-26,9:52:47.301531953,T,IBM,F,76,304.04
2025-11-26,9:52:47.301531953,T,IBM,F I,20,304.04
2025-11-26,9:52:47.301577053,T,IBM,I,20,304.05
2025-11-26,9:52:47.301595292,T,IBM,F I,36,303.99
2025-11-26,9:52:47.301943915,T,IBM,,43,304.05
2025-11-26,9:52:47.302046234,T,IBM,,43,304.04
2025-11-26,9:52:47.302103346,T,IBM,,43,304.04
2025-11-26,9:52:47.757177599,T,IBM,F,50,303.95
2025-11-26,9:52:47.757177599,T,IBM,F I,2,303.93
2025-11-26,9:52:47.757179818,T,IBM,F I,5,303.92
2025-11-26,9:52:47.757182733,T,IBM,F,40,303.9
2025-11-26,9:52:47.757188693,T,IBM,F,40,303.85
2025-11-26,9:52:47.757188693,T,IBM,F,43,303.83
2025-11-26,9:53:21.031139761,T,IBM,I,2,303.99
2025-11-26,9:53:21.031142707,T,IBM,,40,303.99
2025-11-26,9:53:21.031142707,T,IBM,I,6,303.99
2025-11-26,9:53:31.178723037,T,IBM,I,1,303.88
2025-11-26,9:53:33.119681770,T,IBM,F I,1,303.86
2025-11-26,9:53:33.119714874,T,IBM,F I,1,303.86
2025-11-26,9:53:33.119738916,T,IBM,F I,1,303.85
2025-11-26,9:53:33.119744917,T,IBM,F I,1,303.85
2025-11-26,9:53:33.119759973,T,IBM,F I,1,303.85
2025-11-26,9:53:33.119774970,T,IBM,F I,1,303.85
2025-11-26,9:53:33.119805110,T,IBM,F I,1,303.85
2025-11-26,9:53:33.119835077,T,IBM,F I,1,303.85
2025-11-26,9:53:33.119865206,T,IBM,F I,1,303.85
2025-11-26,9:53:33.119874206,T,IBM,F I,1,303.85
2025-11-26,9:53:33.119895245,T,IBM,F I,1,303.85
2025-11-26,9:53:33.119925294,T,IBM,F I,1,303.85
2025-11-26,9:53:33.119958437,T,IBM,F I,1,303.85
2025-11-26,9:53:33.119961403,T,IBM,F I,1,303.85
2025-11-26,9:53:33.119967496,T,IBM,F I,1,303.85
2025-11-26,9:53:33.119988556,T,IBM,F I,1,303.84
2025-11-26,9:53:33.123233267,T,IBM,,40,303.74
2025-11-26,9:53:52.341758670,T,IBM,I,1,303.7
2025-11-26,9:53:55.581494449,T,IBM,F,70,303.9
2025-11-26,9:53:55.581497459,T,IBM,F I,17,303.91
2025-11-26,9:53:55.581515730,T,IBM,F I,7,303.91
2025-11-26,9:53:55.581518802,T,IBM,F I,4,303.91
2025-11-26,9:53:55.581572627,T,IBM,F,58,303.96
2025-11-26,9:53:55.583367917,T,IBM,F I,11,303.93
2025-11-26,9:53:55.583382924,T,IBM,I,1,303.93
2025-11-26,9:53:55.592536764,T,IBM,F I,2,304.11
2025-11-26,9:53:55.592590835,T,IBM,I,18,304.05
2025-11-26,9:53:55.592906691,T,IBM,I,4,304.01
2025-11-26,9:53:55.593366765,T,IBM,I,15,304.06
2025-11-26,9:53:55.600941818,T,IBM,F I,15,304.05
2025-11-26,9:54:11.675928329,T,IBM,F I,21,304.06
2025-11-26,9:54:11.675928329,T,IBM,F I,24,304.06
2025-11-26,9:54:11.675933671,T,IBM,F,60,304.06
2025-11-26,9:54:20.163433062,T,IBM,F I,2,304.02
2025-11-26,9:54:20.163435880,T,IBM,F I,3,304.0
2025-11-26,9:54:33.996861131,T,IBM,I,1,304.04
2025-11-26,9:55:00.164248075,T,IBM,F I,6,303.92
2025-11-26,9:55:00.164248075,T,IBM,F I,2,303.92
2025-11-26,9:55:00.164431519,T,IBM,F I,8,303.92
2025-11-26,9:55:00.164618020,T,IBM,F I,8,303.92
2025-11-26,9:55:13.931239091,T,IBM,,40,303.87
2025-11-26,9:55:13.931239091,T,IBM,I,6,303.86
2025-11-26,9:55:13.931257114,T,IBM,F I,34,303.86
2025-11-26,9:55:13.931260040,T,IBM,F I,6,303.86
2025-11-26,9:55:13.931470627,T,IBM,F I,3,303.84
2025-11-26,9:55:13.931503681,T,IBM,F I,3,303.84
2025-11-26,9:55:13.931699179,T,IBM,F I,3,303.84
2025-11-26,9:55:13.931861454,T,IBM,F I,3,303.835
2025-11-26,9:55:13.931924642,T,IBM,F,140,303.835
2025-11-26,9:55:13.932023871,T,IBM,F I,3,303.82
2025-11-26,9:55:13.960700315,T,IBM,F I,6,303.825
2025-11-26,9:55:13.960730622,T,IBM,I,7,303.83
2025-11-26,9:55:14.099609898,T,IBM,,40,303.835
2025-11-26,9:55:27.855417328,T,IBM,I,1,304.0
2025-11-26,9:55:27.855429327,T,IBM,F I,1,304.0
2025-11-26,9:55:27.855432433,T,IBM,I,24,304.0
2025-11-26,9:55:27.855448029,T,IBM,F I,1,304.01
2025-11-26,9:55:27.855453470,T,IBM,F,73,304.02
2025-11-26,9:55:27.855453470,T,IBM,F I,1,304.02
2025-11-26,9:55:48.168768784,T,IBM,F I,2,304.06
2025-11-26,9:55:48.168849983,T,IBM,F I,5,304.06
2025-11-26,9:55:48.168858910,T,IBM,I,2,304.16
2025-11-26,9:55:48.169138651,T,IBM,I,8,304.19
2025-11-26,9:55:53.050082704,T,IBM,F I,11,304.27
2025-11-26,9:56:23.393611284,T,IBM,F I,2,304.14
2025-11-26,9:56:23.393614261,T,IBM,F I,8,304.13
2025-11-26,9:56:23.541196564,T,IBM,I,1,304.12
2025-11-26,9:56:24.058118311,T,IBM,F I,10,304.11
2025-11-26,9:56:24.058400899,T,IBM,F I,6,304.1
2025-11-26,9:56:24.059002312,T,IBM,F I,30,304.07
2025-11-26,9:56:30.595345098,T,IBM,F,40,304.01
2025-11-26,9:56:30.595363193,T,IBM,I,1,304.01
2025-11-26,9:56:30.595390151,T,IBM,I,39,304.01
2025-11-26,9:56:30.595390151,T,IBM,I,1,304.01
2025-11-26,9:56:30.595396273,T,IBM,I,39,304.01
2025-11-26,9:56:30.596999188,T,IBM,I,5,304.01
2025-11-26,9:56:30.596999188,T,IBM,I,16,304.01
2025-11-26,9:56:30.597282000,T,IBM,F I,2,304.0
2025-11-26,9:56:30.597282000,T,IBM,F,40,304.0
2025-11-26,9:56:30.600216742,T,IBM,,40,303.99
2025-11-26,9:56:54.603854096,T,IBM,F,40,304.27
2025-11-26,9:56:54.604587890,T,IBM,F I,9,304.35
2025-11-26,9:56:54.630437412,T,IBM,F,40,304.43
2025-11-26,9:57:03.323879640,T,IBM,I,20,304.53
2025-11-26,9:57:03.323984371,T,IBM,I,20,304.54
2025-11-26,9:57:03.324221934,T,IBM,I,14,304.41
2025-11-26,9:57:03.324246433,T,IBM,I,26,304.41
2025-11-26,9:57:03.324246433,T,IBM,I,14,304.41
2025-11-26,9:57:03.324612769,T,IBM,I,8,304.54
2025-11-26,9:57:03.324898470,T,IBM,F I,16,304.48
2025-11-26,9:57:03.324901484,T,IBM,F I,8,304.48
2025-11-26,9:57:03.324904563,T,IBM,I,4,304.48
2025-11-26,9:57:03.324916680,T,IBM,F I,5,304.5
2025-11-26,9:57:03.326059237,T,IBM,F I,16,304.47
2025-11-26,9:57:07.903514722,T,IBM,I,32,304.535
2025-11-26,9:57:16.920731059,T,IBM,F I,6,304.59
2025-11-26,9:57:16.920734044,T,IBM,F I,6,304.59
2025-11-26,9:57:16.920737529,T,IBM,F I,6,304.59
2025-11-26,9:57:16.920740057,T,IBM,I,6,304.59
2025-11-26,9:57:16.920782209,T,IBM,F I,6,304.59
2025-11-26,9:57:16.920794227,T,IBM,F I,6,304.59
2025-11-26,9:57:16.921146053,T,IBM,F I,4,304.59
2025-11-26,9:57:16.921146053,T,IBM,F I,3,304.59
2025-11-26,9:57:16.924802748,T,IBM,F I,6,304.59
2025-11-26,9:57:16.925148576,T,IBM,F I,6,304.59
2025-11-26,9:57:16.925311080,T,IBM,F I,6,304.59
2025-11-26,9:57:16.925428185,T,IBM,F I,6,304.59
2025-11-26,9:57:16.925515371,T,IBM,F I,6,304.59
2025-11-26,9:57:16.925668797,T,IBM,F I,6,304.59
2025-11-26,9:57:16.925755937,T,IBM,F I,1,304.59
2025-11-26,9:57:16.925758978,T,IBM,F I,5,304.61
2025-11-26,9:57:16.925795103,T,IBM,I,1,304.61
2025-11-26,9:57:38.512049399,T,IBM,F I,6,304.58
2025-11-26,9:57:53.679558534,T,IBM,F I,5,304.43
2025-11-26,9:57:53.679561562,T,IBM,F I,2,304.42
2025-11-26,9:57:53.679573620,T,IBM,F I,5,304.42
2025-11-26,9:57:53.680695200,T,IBM,I,23,304.49
2025-11-26,9:57:53.681023035,T,IBM,I,2,304.58
2025-11-26,9:57:53.681077409,T,IBM,I,1,304.52
2025-11-26,9:57:53.681080208,T,IBM,I,1,304.52
2025-11-26,9:57:53.681098224,T,IBM,F I,11,304.5
2025-11-26,9:57:59.858275117,T,IBM,F I,3,304.45
2025-11-26,9:57:59.858281198,T,IBM,F I,6,304.42
2025-11-26,9:57:59.858281198,T,IBM,F I,2,304.42
2025-11-26,9:57:59.858374442,T,IBM,F I,3,304.42
2025-11-26,9:58:01.720085565,T,IBM,F I,15,304.41
2025-11-26,9:58:04.371407482,T,IBM,,90,304.28
2025-11-26,9:58:04.371407482,T,IBM,I,10,304.28
2025-11-26,9:58:05.660318037,T,IBM,F I,9,304.27
2025-11-26,9:58:06.386721357,T,IBM,,80,304.215
2025-11-26,9:58:07.183904251,T,IBM,,40,304.215
2025-11-26,9:58:07.247806399,T,IBM,,40,304.215
2025-11-26,9:58:38.012977958,T,IBM,I,2,304.455
2025-11-26,9:58:50.702588089,T,IBM,F I,6,304.3
2025-11-26,9:58:50.702588089,T,IBM,F I,6,304.3
2025-11-26,9:58:50.703153384,T,IBM,F,40,304.29
2025-11-26,9:58:51.719446852,T,IBM,,40,304.2
2025-11-26,9:59:05.754736724,T,IBM,F I,1,304.18
2025-11-26,9:59:09.302944007,T,IBM,F I,20,304.09
2025-11-26,9:59:09.302989131,T,IBM,F,40,304.07
2025-11-26,9:59:09.303100409,T,IBM,F,40,304.07
2025-11-26,9:59:09.303112340,T,IBM,F,40,304.07
2025-11-26,9:59:09.303283765,T,IBM,F I,30,304.06
2025-11-26,9:59:09.304546800,T,IBM,I,20,304.03
2025-11-26,9:59:10.292266345,T,IBM,F I,10,304.11
2025-11-26,9:59:29.236238091,T,IBM,F I,8,304.23
2025-11-26,9:59:29.236238091,T,IBM,F I,20,304.24
2025-11-26,9:59:29.236241086,T,IBM,F I,11,304.25
2025-11-26,9:59:47.635023894,T,IBM,F,40,304.29
2025-11-26,9:59:47.635159169,T,IBM,F I,14,304.29
2025-11-26,9:59:47.635163196,T,IBM,F I,8,304.3
2025-11-26,9:59:47.635163196,T,IBM,F I,32,304.3
2025-11-26,9:59:47.635168172,T,IBM,F I,8,304.3
2025-11-26,9:59:47.635180190,T,IBM,F I,32,304.3
2025-11-26,9:59:47.635219905,T,IBM,F I,2,304.31
2025-11-26,9:59:47.635219905,T,IBM,F I,37,304.31
2025-11-26,9:59:47.635222346,T,IBM,F I,4,304.31
2025-11-26,9:59:47.635258457,T,IBM,F,40,304.31
2025-11-26,9:59:47.649527325,T,IBM,I,5,304.25
2025-11-26,9:59:59.066102033,T,IBM,F,40,304.44
2025-11-26,9:59:59.066104789,T,IBM,F I,7,304.47
2025-11-26,9:59:59.073520398,T,IBM,F I,7,304.53
2025-11-26,9:59:59.088294560,T,IBM,F,75,304.57
2025-11-26,9:59:59.088297603,T,IBM,F,40,304.59
2025-11-26,9:59:59.088297603,T,IBM,F I,37,304.61
2025-11-26,9:59:59.088414927,T,IBM,F I,20,304.54
2025-11-26,9:59:59.094047238,T,IBM,I,20,304.53
2025-11-26,9:59:59.094047238,T,IBM,,60,304.54
2025-11-26,9:59:59.094296939,T,IBM,F I,20,304.54
2025-11-26,9:59:59.094299883,T,IBM,F I,5,304.54
2025-11-26,9:59:59.100620895,T,IBM,F I,2,304.68
2025-11-26,9:59:59.100623883,T,IBM,F,80,304.7
2025-11-26,9:59:59.100627235,T,IBM,F I,20,304.7
2025-11-26,9:59:59.100627235,T,IBM,F,80,304.7
2025-11-26,9:59:59.100629934,T,IBM,F I,7,304.71
2025-11-26,9:59:59.100629934,T,IBM,F,160,304.71
2025-11-26,9:59:59.100672370,T,IBM,F,100,304.71
2025-11-26,9:59:59.100681059,T,IBM,I,8,304.72
2025-11-26,9:59:59.100738219,T,IBM,F,75,304.63
2025-11-26,9:59:59.100774321,T,IBM,I,5,304.52
2025-11-26,9:59:59.100945724,T,IBM,F I,5,304.63
2025-11-26,9:59:59.100948745,T,IBM,F I,34,304.65
2025-11-26,9:59:59.101014912,T,IBM,I,2,304.52
2025-11-26,9:59:59.101165208,T,IBM,F I,2,304.52
2025-11-26,9:59:59.103107989,T,IBM,F I,7,304.74
2025-11-26,9:59:59.103107989,T,IBM,F,40,304.78
2025-11-26,9:59:59.103114025,T,IBM,F I,7,304.83
2025-11-26,9:59:59.103186129,T,IBM,F I,4,304.62
2025-11-26,9:59:59.103363448,T,IBM,F I,4,304.54
2025-11-26,9:59:59.103456649,T,IBM,I,11,304.48
2025-11-26,9:59:59.105672969,T,IBM,I,4,304.42
2025-11-26,9:59:59.105676021,T,IBM,I,6,304.42
2025-11-26,9:59:59.105916567,T,IBM,F I,30,304.42
2025-11-26,9:59:59.105919608,T,IBM,F I,16,304.42
2025-11-26,9:59:59.105937620,T,IBM,F,54,304.42
2025-11-26,9:59:59.106003724,T,IBM,I,30,304.42
2025-11-26,9:59:59.107754035,T,IBM,F I,11,304.36
2025-11-26,9:59:59.107841078,T,IBM,,160,304.36
2025-11-26,9:59:59.108033589,T,IBM,I,30,304.32
2025-11-26,9:59:59.108225983,T,IBM,I,18,304.32
2025-11-26,9:59:59.111738417,T,IBM,I,6,304.31
2025-11-26,9:59:59.111750491,T,IBM,I,13,304.32
2025-11-26,9:59:59.112574406,T,IBM,I,15,304.24
2025-11-26,9:59:59.112646591,T,IBM,F,349,304.24
2025-11-26,9:59:59.113668961,T,IBM,I,2,304.2
2025-11-26,9:59:59.113671999,T,IBM,I,38,304.19
2025-11-26,9:59:59.114186336,T,IBM,F I,2,304.19
2025-11-26,9:59:59.114189213,T,IBM,F I,4,304.18
2025-11-26,9:59:59.114913937,T,IBM,F,100,304.24
2025-11-26,9:59:59.127931979,T,IBM,I,10,304.31
2025-11-26,9:59:59.128139508,T,IBM,,80,304.31
2025-11-26,9:59:59.128160535,T,IBM,F I,20,304.31
2025-11-26,9:59:59.154190477,T,IBM,I,6,304.31
2025-11-26,9:59:59.493245042,T,IBM,,48,304.63
2025-11-26,9:59:59.493247668,T,IBM,,40,304.64
2025-11-26,9:59:59.551914429,T,IBM,I,10,304.81
2025-11-26,9:59:59.551917463,T,IBM,,40,304.83
2025-11-26,9:59:59.551920363,T,IBM,,75,304.84
2025-11-26,9:59:59.551920363,T,IBM,,155,304.87
2025-11-26,9:59:59.555324499,T,IBM,I,15,304.71
2025-11-26,9:59:59.555348868,T,IBM,F,50,304.64
2025-11-26,9:59:59.555348868,T,IBM,F,75,304.63
2025-11-26,9:59:59.555652338,T,IBM,F I,4,304.57
2025-11-26,9:59:59.555721426,T,IBM,F I,5,304.55
2025-11-26,9:59:59.555721426,T,IBM,F I,11,304.54
2025-11-26,10:00:08.075394219,T,IBM,F I,4,304.28
2025-11-26,10:00:08.075716010,T,IBM,,40,304.355
2025-11-26,10:00:08.271767748,T,IBM,F,40,304.21
2025-11-26,10:00:08.271794759,T,IBM,F,40,304.18
2025-11-26,10:00:08.271794759,T,IBM,F I,1,304.18
2025-11-26,10:00:08.272411207,T,IBM,I,17,304.21
2025-11-26,10:00:08.272411207,T,IBM,,40,304.21
2025-11-26,10:00:08.272495446,T,IBM,,160,304.21
2025-11-26,10:00:08.272513518,T,IBM,F I,6,304.21
2025-11-26,10:00:09.008900609,T,IBM,I,5,304.25
2025-11-26,10:00:30.003547608,T,IBM,,40,304.535
2025-11-26,10:00:39.215498615,T,IBM,I,19,304.61
2025-11-26,10:00:43.161799211,T,IBM,F I,6,304.4
2025-11-26,10:00:43.162127009,T,IBM,,40,304.37
2025-11-26,10:00:43.271680752,T,IBM,I,27,304.39
2025-11-26,10:00:55.425730655,T,IBM,F I,1,304.46
2025-11-26,10:00:55.425757927,T,IBM,F I,8,304.46
2025-11-26,10:00:55.425760724,T,IBM,F I,10,304.46
2025-11-26,10:00:55.425760724,T,IBM,F I,2,304.46
2025-11-26,10:00:55.425788686,T,IBM,I,10,304.47
2025-11-26,10:01:18.537796604,T,IBM,F I,5,304.41
2025-11-26,10:01:22.889537665,T,IBM,F,125,304.32
2025-11-26,10:01:22.889591802,T,IBM,F,75,304.32
2025-11-26,10:01:30.893729074,T,IBM,I,1,304.18
2025-11-26,10:01:31.042547342,T,IBM,F I,12,304.09
2025-11-26,10:01:34.648431913,T,IBM,I,5,304.1
2025-11-26,10:01:47.198178876,T,IBM,I,5,304.19
2025-11-26,10:01:47.198202947,T,IBM,F I,35,304.215
2025-11-26,10:01:53.772649422,T,IBM,F I,1,304.19
2025-11-26,10:01:53.772670447,T,IBM,F I,10,304.19
2025-11-26,10:01:53.772697485,T,IBM,F I,10,304.2
2025-11-26,10:02:16.326973909,T,IBM,,40,304.37
2025-11-26,10:02:16.810368940,T,IBM,F,40,304.37
2025-11-26,10:02:16.810368940,T,IBM,F I,10,304.39
2025-11-26,10:02:22.221658465,T,IBM,I,2,304.39
2025-11-26,10:02:22.221658465,T,IBM,I,10,304.39
2025-11-26,10:02:48.156883801,T,IBM,I,6,304.33
2025-11-26,10:02:48.156940927,T,IBM,F,40,304.31
2025-11-26,10:02:48.156973988,T,IBM,F I,1,304.29
2025-11-26,10:02:48.157184592,T,IBM,I,25,304.32
2025-11-26,10:02:48.157184592,T,IBM,I,15,304.26
2025-11-26,10:02:48.157205590,T,IBM,F I,25,304.26
2025-11-26,10:02:50.849743701,T,IBM,F I,1,304.18
2025-11-26,10:02:50.849848937,T,IBM,F I,1,304.14
2025-11-26,10:03:04.899798465,T,IBM,I,5,304.21
2025-11-26,10:03:05.861614166,T,IBM,I,6,304.21
2025-11-26,10:03:05.908369542,T,IBM,I,5,304.21
2025-11-26,10:03:07.310995777,T,IBM,I,39,304.22
2025-11-26,10:03:09.627461453,T,IBM,F I,5,304.28
2025-11-26,10:03:10.981401757,T,IBM,I,36,304.3
2025-11-26,10:03:16.452777387,T,IBM,F I,18,304.24
2025-11-26,10:03:16.452795464,T,IBM,F I,2,304.24
2025-11-26,10:03:16.452798471,T,IBM,F I,6,304.23
2025-11-26,10:03:16.452802351,T,IBM,F,100,304.23
2025-11-26,10:03:16.452802351,T,IBM,F I,2,304.23
2025-11-26,10:03:16.452816439,T,IBM,F I,2,304.23
2025-11-26,10:03:16.453144303,T,IBM,F I,10,304.24
2025-11-26,10:03:25.374732701,T,IBM,F,40,304.315
2025-11-26,10:03:36.456531879,T,IBM,F I,30,304.34
2025-11-26,10:03:41.550908970,T,IBM,I,6,304.22
2025-11-26,10:03:41.550908970,T,IBM,I,18,304.22
2025-11-26,10:03:41.550978348,T,IBM,I,10,304.2
2025-11-26,10:03:41.550978348,T,IBM,I,33,304.19
2025-11-26,10:03:41.550999984,T,IBM,I,7,304.19
2025-11-26,10:03:41.551002228,T,IBM,I,3,304.19
2025-11-26,10:03:41.551044353,T,IBM,F I,1,304.18
2025-11-26,10:03:42.235344408,T,IBM,F I,3,304.27
2025-11-26,10:03:42.235362516,T,IBM,F,47,304.27
2025-11-26,10:03:42.235362516,T,IBM,F I,3,304.29
2025-11-26,10:03:42.235365526,T,IBM,F,50,304.29
2025-11-26,10:03:49.738347737,T,IBM,,40,304.41
2025-11-26,10:03:49.738353689,T,IBM,F,40,304.41
2025-11-26,10:03:49.738443988,T,IBM,F,40,304.42
2025-11-26,10:03:49.738651448,T,IBM,F I,6,304.42
2025-11-26,10:03:49.738753960,T,IBM,F I,34,304.42
2025-11-26,10:03:49.738753960,T,IBM,F I,6,304.44
2025-11-26,10:03:49.738756766,T,IBM,F I,34,304.44
2025-11-26,10:03:49.739087948,T,IBM,I,19,304.39
2025-11-26,10:03:58.504129196,T,IBM,I,5,304.4
2025-11-26,10:03:58.504129196,T,IBM,I,31,304.4
2025-11-26,10:04:00.303447854,T,IBM,F I,5,304.42
2025-11-26,10:04:00.305991803,T,IBM,,120,304.42
2025-11-26,10:04:05.445118414,T,IBM,F I,1,304.19
2025-11-26,10:04:15.445125288,T,IBM,F I,1,304.18
2025-11-26,10:04:15.445191392,T,IBM,F I,1,304.14
2025-11-26,10:04:15.445191392,T,IBM,F I,1,304.14
2025-11-26,10:04:15.445853023,T,IBM,F I,6,304.13
2025-11-26,10:04:24.437496170,T,IBM,F I,7,304.19
2025-11-26,10:04:31.396681648,T,IBM,,40,304.14
2025-11-26,10:04:35.648831657,T,IBM,F,40,304.12
2025-11-26,10:04:35.650353183,T,IBM,F I,19,304.1
2025-11-26,10:04:35.650383224,T,IBM,I,21,304.1
2025-11-26,10:04:35.650386210,T,IBM,I,5,304.1
2025-11-26,10:04:35.706932798,T,IBM,I,2,304.21
2025-11-26,10:04:35.706956894,T,IBM,,40,304.21
2025-11-26,10:04:35.706996051,T,IBM,,60,304.21
2025-11-26,10:04:35.872681504,T,IBM,F I,18,304.15
2025-11-26,10:04:43.444031178,T,IBM,F I,11,304.09
2025-11-26,10:04:43.446409955,T,IBM,I,5,304.08
2025-11-26,10:04:43.446409955,T,IBM,,126,304.08
2025-11-26,10:04:43.446674496,T,IBM,,100,304.08
2025-11-26,10:04:59.264192620,T,IBM,I,1,304.3
2025-11-26,10:05:02.736730799,T,IBM,F,40,304.04
2025-11-26,10:05:02.736788015,T,IBM,F I,20,304.03
2025-11-26,10:05:02.736812142,T,IBM,F I,15,304.02
2025-11-26,10:05:02.736947339,T,IBM,F,500,304.01
2025-11-26,10:05:02.736995451,T,IBM,,100,304.01
2025-11-26,10:05:02.737007534,T,IBM,F I,7,303.98
2025-11-26,10:05:02.737016504,T,IBM,I,1,304.01
2025-11-26,10:05:02.737497667,T,IBM,I,7,304.1
2025-11-26,10:05:02.737557753,T,IBM,I,7,304.11
2025-11-26,10:05:02.737768275,T,IBM,F I,5,304.1
2025-11-26,10:05:02.737768275,T,IBM,F I,2,304.11
2025-11-26,10:05:02.737777264,T,IBM,I,5,304.11
2025-11-26,10:05:08.473187639,T,IBM,,40,304.05
2025-11-26,10:05:19.395354799,T,IBM,F,40,304.03
2025-11-26,10:05:19.395354799,T,IBM,F I,5,304.02
2025-11-26,10:05:21.387074301,T,IBM,I,2,304.08
2025-11-26,10:05:21.387074301,T,IBM,,43,304.05
2025-11-26,10:05:22.875227147,T,IBM,F I,2,304.14
2025-11-26,10:05:22.875359375,T,IBM,F I,5,304.07
2025-11-26,10:05:22.875464642,T,IBM,F,45,304.01
2025-11-26,10:05:22.876099205,T,IBM,,40,303.98
2025-11-26,10:05:22.906639936,T,IBM,F I,2,303.93
2025-11-26,10:05:22.916268795,T,IBM,I,11,303.85
2025-11-26,10:05:29.349436088,T,IBM,F I,5,303.68
2025-11-26,10:05:29.545016374,T,IBM,F I,3,303.6
2025-11-26,10:05:29.545016374,T,IBM,F I,10,303.6
2025-11-26,10:05:30.615606578,T,IBM,F I,5,303.65
2025-11-26,10:05:30.615606578,T,IBM,F I,2,303.66
2025-11-26,10:05:35.931914838,T,IBM,F I,29,303.75
2025-11-26,10:05:35.931917880,T,IBM,F I,10,303.75
2025-11-26,10:05:42.387274831,T,IBM,I,28,303.78
2025-11-26,10:05:43.242033659,T,IBM,F,40,303.85
2025-11-26,10:05:43.242033659,T,IBM,F,48,303.85
2025-11-26,10:05:43.242035804,T,IBM,F I,10,303.85
2025-11-26,10:05:43.242038752,T,IBM,F I,1,303.85
2025-11-26,10:05:46.410941125,T,IBM,F I,3,304.0
2025-11-26,10:05:46.410943848,T,IBM,F I,4,304.0
2025-11-26,10:06:19.084012598,T,IBM,I,6,303.97
2025-11-26,10:06:22.502015631,T,IBM,I,1,304.05
2025-11-26,10:06:34.967889967,T,IBM,,40,303.86
2025-11-26,10:06:34.967901973,T,IBM,I,10,303.86
2025-11-26,10:06:34.968906405,T,IBM,F,40,303.89
2025-11-26,10:06:34.969225183,T,IBM,F,40,303.86
2025-11-26,10:06:34.969243206,T,IBM,I,5,303.86
2025-11-26,10:06:34.969246222,T,IBM,I,4,303.86
2025-11-26,10:06:34.969297354,T,IBM,F I,16,303.93
2025-11-26,10:06:34.969330425,T,IBM,F I,10,303.93
2025-11-26,10:06:34.969370191,T,IBM,F I,7,303.95
2025-11-26,10:06:34.969555988,T,IBM,F I,13,303.9
2025-11-26,10:06:34.969619034,T,IBM,F I,10,303.99
2025-11-26,10:06:34.969622047,T,IBM,F I,11,303.99
2025-11-26,10:06:34.969673161,T,IBM,F I,5,303.99
2025-11-26,10:06:34.969685255,T,IBM,F,95,303.99
2025-11-26,10:06:34.969688497,T,IBM,F I,5,303.99
2025-11-26,10:06:34.969691226,T,IBM,F I,21,303.99
2025-11-26,10:06:34.969886712,T,IBM,F I,11,303.9
2025-11-26,10:06:34.969889708,T,IBM,F I,37,303.9
2025-11-26,10:06:34.973908108,T,IBM,F,40,303.91
2025-11-26,10:06:34.980592253,T,IBM,,89,303.86
2025-11-26,10:06:35.009079009,T,IBM,,96,303.85
2025-11-26,10:06:35.013223359,T,IBM,F I,16,303.86
2025-11-26,10:06:35.013226519,T,IBM,F I,4,303.86
2025-11-26,10:06:35.013228889,T,IBM,F,76,303.85
2025-11-26,10:06:35.013249930,T,IBM,I,1,303.85
2025-11-26,10:06:35.013252980,T,IBM,F I,23,303.85
2025-11-26,10:06:35.013255921,T,IBM,F I,6,303.85
2025-11-26,10:07:02.289295719,T,IBM,F,40,303.9
2025-11-26,10:07:02.289295719,T,IBM,F,100,304.0
2025-11-26,10:07:02.289298347,T,IBM,F,41,304.0
2025-11-26,10:07:02.289313353,T,IBM,I,1,304.0
2025-11-26,10:07:02.289319454,T,IBM,F I,39,304.0
2025-11-26,10:07:02.289319454,T,IBM,F I,1,304.0
2025-11-26,10:07:02.289332063,T,IBM,I,14,304.0
2025-11-26,10:07:02.289334414,T,IBM,I,2,304.0
2025-11-26,10:07:02.289349447,T,IBM,I,6,304.0
2025-11-26,10:07:02.289538946,T,IBM,F I,1,304.01
2025-11-26,10:07:02.289890784,T,IBM,F I,15,303.95
2025-11-26,10:07:10.863680231,T,IBM,I,1,303.95
2025-11-26,10:07:23.972617351,T,IBM,F I,4,303.77
2025-11-26,10:07:26.371419020,T,IBM,F I,5,303.77
2025-11-26,10:07:27.532020059,T,IBM,F I,5,303.77
2025-11-26,10:07:52.859348342,T,IBM,F,50,303.99
2025-11-26,10:07:52.859351436,T,IBM,F I,1,303.99
2025-11-26,10:07:52.859411577,T,IBM,F,51,304.0
2025-11-26,10:07:52.893022565,T,IBM,I,2,303.96
2025-11-26,10:07:52.893022565,T,IBM,I,5,303.95
2025-11-26,10:08:11.596574648,T,IBM,F I,20,303.78
2025-11-26,10:08:11.596601780,T,IBM,F I,30,303.78
2025-11-26,10:08:11.596619801,T,IBM,F I,20,303.77
2025-11-26,10:08:11.596664915,T,IBM,F,160,303.76
2025-11-26,10:08:11.596707112,T,IBM,F I,2,303.72
2025-11-26,10:08:11.596710114,T,IBM,F I,1,303.72
2025-11-26,10:08:11.597080442,T,IBM,F I,20,303.71
2025-11-26,10:08:11.597080442,T,IBM,F,40,303.71
2025-11-26,10:08:11.597085855,T,IBM,F,40,303.71
2025-11-26,10:08:11.597085855,T,IBM,F,147,303.71
2025-11-26,10:08:11.597088893,T,IBM,F,40,303.71
2025-11-26,10:08:11.597100886,T,IBM,F,40,303.71
2025-11-26,10:08:11.598018072,T,IBM,,40,303.76
2025-11-26,10:08:15.208573646,T,IBM,I,7,303.58
2025-11-26,10:08:15.208597876,T,IBM,F I,20,303.56
2025-11-26,10:08:15.208597876,T,IBM,F,60,303.55
2025-11-26,10:08:15.208602722,T,IBM,F I,20,303.55
2025-11-26,10:08:15.208602722,T,IBM,F I,7,303.53
2025-11-26,10:08:15.208626724,T,IBM,F I,7,303.48
2025-11-26,10:08:15.208626724,T,IBM,F I,11,303.48
2025-11-26,10:08:15.208927412,T,IBM,F,40,303.56
2025-11-26,10:08:15.209041752,T,IBM,I,3,303.58
2025-11-26,10:08:15.209312501,T,IBM,I,7,303.58
2025-11-26,10:08:15.209315381,T,IBM,I,6,303.58
2025-11-26,10:08:15.209345429,T,IBM,I,13,303.58
2025-11-26,10:08:43.665938366,T,IBM,F I,1,303.55
2025-11-26,10:08:43.665938366,T,IBM,F I,6,303.55
2025-11-26,10:09:00.135177403,T,IBM,,125,303.555
2025-11-26,10:09:13.057974363,T,IBM,F,125,303.55
2025-11-26,10:09:18.940431827,T,IBM,F I,1,303.42
2025-11-26,10:09:25.006518541,T,IBM,I,26,303.465
2025-11-26,10:09:30.871296615,T,IBM,F,125,303.5
2025-11-26,10:09:30.871344748,T,IBM,F,125,303.5
2025-11-26,10:09:30.871392893,T,IBM,F I,6,303.465
2025-11-26,10:09:30.871401831,T,IBM,F,74,303.465
2025-11-26,10:09:30.871401831,T,IBM,F,40,303.45
2025-11-26,10:09:30.871416898,T,IBM,F I,2,303.42
2025-11-26,10:09:30.871416898,T,IBM,F I,4,303.42
2025-11-26,10:09:30.871462059,T,IBM,,40,303.46
2025-11-26,10:09:30.871468081,T,IBM,F,40,303.44
2025-11-26,10:09:34.582461657,T,IBM,F,125,303.5
2025-11-26,10:09:34.582551855,T,IBM,F,125,303.5
2025-11-26,10:09:34.582829249,T,IBM,F I,1,303.49
2025-11-26,10:09:34.582829249,T,IBM,F I,5,303.49
2025-11-26,10:09:34.582831841,T,IBM,F I,35,303.49
2025-11-26,10:09:34.582831841,T,IBM,F I,2,303.49
2025-11-26,10:09:34.582834569,T,IBM,F I,1,303.49
2025-11-26,10:09:34.582972836,T,IBM,F I,20,303.44
2025-11-26,10:09:34.582972836,T,IBM,F I,4,303.43
2025-11-26,10:09:34.582975950,T,IBM,F I,5,303.43
2025-11-26,10:09:34.582975950,T,IBM,F I,1,303.43
2025-11-26,10:09:34.583291629,T,IBM,,440,303.49
2025-11-26,10:09:41.646894821,T,IBM,I,20,303.565
2025-11-26,10:09:43.069726089,T,IBM,,40,303.565
2025-11-26,10:09:43.069726089,T,IBM,I,5,303.565
2025-11-26,10:09:43.069729130,T,IBM,I,15,303.565
2025-11-26,10:10:10.270044837,T,IBM,F I,1,303.45
2025-11-26,10:10:31.990532533,T,IBM,F,125,303.565
2025-11-26,10:10:35.072687340,T,IBM,F,40,303.68
2025-11-26,10:10:35.072765481,T,IBM,,200,303.625
2025-11-26,10:10:35.072804544,T,IBM,I,38,303.63
2025-11-26,10:10:35.072834640,T,IBM,F I,38,303.62
2025-11-26,10:10:35.072853270,T,IBM,F,70,303.62
2025-11-26,10:10:35.072949266,T,IBM,F I,35,303.625
2025-11-26,10:10:35.073042148,T,IBM,I,10,303.57
2025-11-26,10:10:35.073995664,T,IBM,F,40,303.48
2025-11-26,10:10:35.073999153,T,IBM,F I,20,303.48
2025-11-26,10:10:35.073999153,T,IBM,F,269,303.47
2025-11-26,10:10:35.074004720,T,IBM,F I,5,303.49
2025-11-26,10:10:35.074004720,T,IBM,F,75,303.47
2025-11-26,10:10:35.074016364,T,IBM,F,1056,303.47
2025-11-26,10:10:35.074073616,T,IBM,I,29,303.47
2025-11-26,10:10:35.074073616,T,IBM,,40,303.46
2025-11-26,10:10:35.074076514,T,IBM,I,33,303.46
2025-11-26,10:10:35.074079932,T,IBM,I,1,303.46
2025-11-26,10:10:35.074079932,T,IBM,I,11,303.46
2025-11-26,10:10:35.074107208,T,IBM,I,29,303.46
2025-11-26,10:10:35.074107208,T,IBM,I,11,303.46
2025-11-26,10:10:35.074112612,T,IBM,I,29,303.47
2025-11-26,10:10:35.074187786,T,IBM,F I,31,303.47
2025-11-26,10:10:35.074190918,T,IBM,F,49,303.47
2025-11-26,10:10:35.074208838,T,IBM,I,12,303.47
2025-11-26,10:10:35.074211904,T,IBM,I,28,303.47
2025-11-26,10:10:35.074750149,T,IBM,I,9,303.44
2025-11-26,10:10:35.074909909,T,IBM,F,1880,303.44
2025-11-26,10:10:35.074922265,T,IBM,F I,31,303.44
2025-11-26,10:10:35.074930532,T,IBM,F I,5,303.45
2025-11-26,10:10:35.074930532,T,IBM,F I,1,303.47
2025-11-26,10:10:35.074951613,T,IBM,F I,6,303.47
2025-11-26,10:10:35.075029817,T,IBM,I,1,303.44
2025-11-26,10:10:36.078004583,T,IBM,F I,1,303.49
2025-11-26,10:10:36.078013605,T,IBM,F I,2,303.48
2025-11-26,10:10:36.078035571,T,IBM,F I,2,303.48
2025-11-26,10:10:36.078038419,T,IBM,F,70,303.48
2025-11-26,10:10:39.319929601,T,IBM,F I,5,303.44
2025-11-26,10:10:39.319932577,T,IBM,F I,14,303.42
2025-11-26,10:10:39.538661328,T,IBM,F I,1,303.48
2025-11-26,10:10:41.521855787,T,IBM,F I,20,303.42
2025-11-26,10:10:43.166037951,T,IBM,F,40,303.5
2025-11-26,10:10:43.166037951,T,IBM,F I,2,303.5
2025-11-26,10:10:43.166040899,T,IBM,F I,18,303.5
2025-11-26,10:10:43.166040899,T,IBM,F I,20,303.5
2025-11-26,10:10:43.166043961,T,IBM,F I,20,303.5
2025-11-26,10:10:45.942776429,T,IBM,I,20,303.47
2025-11-26,10:10:47.441337048,T,IBM,F I,20,303.43
2025-11-26,10:10:47.441340014,T,IBM,F,50,303.43
2025-11-26,10:10:47.441343104,T,IBM,F,230,303.42
2025-11-26,10:10:47.441355056,T,IBM,,70,303.42
2025-11-26,10:10:55.184434887,T,IBM,F I,2,303.45
2025-11-26,10:10:55.184434887,T,IBM,F I,9,303.44
2025-11-26,10:10:55.988786792,T,IBM,F I,9,303.41
2025-11-26,10:10:55.988805313,T,IBM,F I,31,303.41
2025-11-26,10:10:55.988809096,T,IBM,F,40,303.41
2025-11-26,10:10:55.988810852,T,IBM,F I,20,303.41
2025-11-26,10:10:55.988813834,T,IBM,F,70,303.41
2025-11-26,10:10:55.988828895,T,IBM,I,1,303.41
2025-11-26,10:10:55.988855885,T,IBM,F I,22,303.41
2025-11-26,10:10:55.988861927,T,IBM,I,1,303.41
2025-11-26,10:10:55.988867973,T,IBM,I,12,303.41
2025-11-26,10:10:55.988874384,T,IBM,I,1,303.41
2025-11-26,10:10:55.988907092,T,IBM,I,2,303.4
2025-11-26,10:10:55.988907092,T,IBM,I,20,303.4
2025-11-26,10:10:55.988910091,T,IBM,,40,303.4
2025-11-26,10:10:55.988919111,T,IBM,,77,303.41
2025-11-26,10:10:55.988925232,T,IBM,,61,303.405
2025-11-26,10:10:55.989195697,T,IBM,I,5,303.41
2025-11-26,10:10:55.989195697,T,IBM,I,16,303.4
2025-11-26,10:10:56.670347281,T,IBM,F I,2,303.38
2025-11-26,10:10:57.479655051,T,IBM,F I,11,303.38
2025-11-26,10:11:03.085797637,T,IBM,F I,1,303.37
2025-11-26,10:11:03.085799600,T,IBM,F,200,303.37
2025-11-26,10:11:03.085802612,T,IBM,F I,5,303.37
2025-11-26,10:11:03.085802612,T,IBM,F,70,303.37
2025-11-26,10:11:03.087059497,T,IBM,I,5,303.37
2025-11-26,10:11:03.087062466,T,IBM,I,6,303.34
2025-11-26,10:11:03.088223196,T,IBM,I,14,303.34
2025-11-26,10:11:03.088331515,T,IBM,I,6,303.34
2025-11-26,10:11:26.655332084,T,IBM,F I,5,303.35
2025-11-26,10:11:28.460180765,T,IBM,F I,5,303.35
2025-11-26,10:11:28.460180765,T,IBM,F I,35,303.3
2025-11-26,10:11:48.523405052,T,IBM,,40,303.27
2025-11-26,10:11:48.523407951,T,IBM,,40,303.27
2025-11-26,10:11:48.523407951,T,IBM,,70,303.27
2025-11-26,10:11:48.523411534,T,IBM,I,6,303.27
2025-11-26,10:11:48.523411534,T,IBM,I,1,303.27
2025-11-26,10:11:48.523423034,T,IBM,F,40,303.26
2025-11-26,10:11:48.935027945,T,IBM,F I,20,303.2
2025-11-26,10:11:48.935157237,T,IBM,F I,4,303.19
2025-11-26,10:11:50.451180457,T,IBM,I,19,303.01
2025-11-26,10:11:52.451876391,T,IBM,,40,303.1
2025-11-26,10:11:52.465297583,T,IBM,F I,9,303.16
2025-11-26,10:11:52.465297583,T,IBM,F I,9,303.16
2025-11-26,10:11:52.465312495,T,IBM,I,9,303.16
2025-11-26,10:11:52.465312495,T,IBM,F I,9,303.16
2025-11-26,10:11:52.465318376,T,IBM,I,9,303.16
2025-11-26,10:11:52.465321467,T,IBM,F,84,303.16
2025-11-26,10:11:52.465366551,T,IBM,F I,2,303.16
2025-11-26,10:11:52.470373483,T,IBM,F I,4,303.29
2025-11-26,10:11:52.475142844,T,IBM,F,40,303.28
2025-11-26,10:11:52.475145805,T,IBM,F I,8,303.29
2025-11-26,10:11:52.480883431,T,IBM,F I,1,303.29
2025-11-26,10:11:52.480883431,T,IBM,F I,39,303.29
2025-11-26,10:11:54.978052501,T,IBM,F,40,303.25
2025-11-26,10:11:54.978055505,T,IBM,F,70,303.25
2025-11-26,10:11:54.978055505,T,IBM,F I,6,303.25
2025-11-26,10:11:54.978073449,T,IBM,F I,30,303.24
2025-11-26,10:11:54.978169773,T,IBM,I,10,303.2
2025-11-26,10:12:25.240282348,T,IBM,I,1,303.245
2025-11-26,10:12:25.668910780,T,IBM,I,1,303.245
2025-11-26,10:12:44.825322993,T,IBM,I,10,303.31
2025-11-26,10:12:44.825326041,T,IBM,I,36,303.34
2025-11-26,10:12:44.826204892,T,IBM,F I,6,303.35
2025-11-26,10:12:44.826204892,T,IBM,F I,20,303.35
2025-11-26,10:12:44.826208067,T,IBM,F I,20,303.35
2025-11-26,10:12:44.826219164,T,IBM,I,1,303.35
2025-11-26,10:12:44.826226220,T,IBM,F I,9,303.35
2025-11-26,10:12:44.826226220,T,IBM,F I,10,303.35
2025-11-26,10:12:44.826226220,T,IBM,F I,10,303.35
2025-11-26,10:12:44.826228310,T,IBM,F I,10,303.35
2025-11-26,10:12:44.826231231,T,IBM,F I,9,303.35
2025-11-26,10:12:44.826285370,T,IBM,I,4,303.35
2025-11-26,10:12:44.826309351,T,IBM,,176,303.35
2025-11-26,10:12:44.826333400,T,IBM,I,14,303.35
2025-11-26,10:12:44.826351484,T,IBM,F,56,303.35
2025-11-26,10:12:48.987153382,T,IBM,F I,20,303.29
2025-11-26,10:12:48.987153382,T,IBM,F,40,303.28
2025-11-26,10:12:48.987156006,T,IBM,F I,6,303.28
2025-11-26,10:12:48.987159137,T,IBM,F I,20,303.28
2025-11-26,10:12:48.987159137,T,IBM,F I,20,303.28
2025-11-26,10:12:48.987252273,T,IBM,F,40,303.25
2025-11-26,10:12:48.987255342,T,IBM,F I,20,303.25
2025-11-26,10:12:48.988287203,T,IBM,,70,303.24
2025-11-26,10:12:48.988287203,T,IBM,I,5,303.24
2025-11-26,10:12:48.988289796,T,IBM,I,5,303.24
2025-11-26,10:13:11.454078520,T,IBM,F I,2,303.25
2025-11-26,10:13:11.454084207,T,IBM,F I,20,303.25
2025-11-26,10:13:11.454087064,T,IBM,F,95,303.24
2025-11-26,10:13:11.454090036,T,IBM,F,53,303.24
2025-11-26,10:13:11.454090036,T,IBM,I,17,303.24
2025-11-26,10:13:11.454090036,T,IBM,I,5,303.24
2025-11-26,10:13:11.454216035,T,IBM,,100,303.24
2025-11-26,10:13:11.463523235,T,IBM,F,40,303.26
2025-11-26,10:13:11.463544277,T,IBM,I,1,303.26
2025-11-26,10:13:11.463553283,T,IBM,F I,39,303.26
2025-11-26,10:13:13.285793445,T,IBM,F I,20,303.22
2025-11-26,10:13:13.285795500,T,IBM,F,40,303.21
2025-11-26,10:13:13.285798509,T,IBM,F,70,303.21
2025-11-26,10:13:13.285801561,T,IBM,F I,5,303.21
2025-11-26,10:13:13.285885663,T,IBM,I,1,303.21
2025-11-26,10:13:13.285903740,T,IBM,F I,14,303.21
2025-11-26,10:13:13.285903740,T,IBM,F I,5,303.21
2025-11-26,10:13:13.286384860,T,IBM,F I,1,303.2
2025-11-26,10:13:13.286872150,T,IBM,F I,20,303.19
2025-11-26,10:13:38.380920196,T,IBM,F I,20,303.13
2025-11-26,10:13:38.381106984,T,IBM,F I,1,303.1
2025-11-26,10:13:38.381109595,T,IBM,F I,1,303.1
2025-11-26,10:13:38.381984748,T,IBM,I,20,303.09
2025-11-26,10:13:41.318896497,T,IBM,F I,30,303.17
2025-11-26,10:13:53.629087194,T,IBM,I,1,303.235
2025-11-26,10:14:19.767241914,T,IBM,F I,20,303.1
2025-11-26,10:14:19.767248805,T,IBM,F I,6,303.09
2025-11-26,10:14:19.767248805,T,IBM,F I,25,303.09
2025-11-26,10:14:19.767253939,T,IBM,F,40,303.09
2025-11-26,10:14:19.767259976,T,IBM,F I,5,303.09
2025-11-26,10:14:19.767259976,T,IBM,F I,5,303.09
2025-11-26,10:14:19.767263287,T,IBM,F,50,303.09
2025-11-26,10:14:19.767263287,T,IBM,F I,20,303.09
2025-11-26,10:14:19.767353264,T,IBM,F I,20,303.06
2025-11-26,10:14:19.767575780,T,IBM,,40,303.045
2025-11-26,10:14:19.767575780,T,IBM,,40,303.08
2025-11-26,10:14:19.767578721,T,IBM,I,20,303.09
2025-11-26,10:14:19.767590819,T,IBM,,80,303.09
2025-11-26,10:14:19.767594298,T,IBM,I,1,303.09
2025-11-26,10:14:19.767594298,T,IBM,I,19,303.09
2025-11-26,10:14:19.767596767,T,IBM,I,1,303.09
2025-11-26,10:14:19.767623849,T,IBM,F I,20,303.09
2025-11-26,10:14:19.767684001,T,IBM,,40,303.09
2025-11-26,10:14:19.768026790,T,IBM,,40,303.09
2025-11-26,10:14:19.768029771,T,IBM,,70,303.09
2025-11-26,10:14:28.474107300,T,IBM,F I,20,303.03
2025-11-26,10:14:28.474107300,T,IBM,F I,20,303.02
2025-11-26,10:14:28.474116339,T,IBM,I,20,303.02
2025-11-26,10:14:28.474275767,T,IBM,F I,20,303.01
2025-11-26,10:14:28.474543439,T,IBM,F,40,303.01
2025-11-26,10:14:28.474568342,T,IBM,F I,11,303.01
2025-11-26,10:14:28.474654674,T,IBM,F I,8,303.01
2025-11-26,10:14:29.434859141,T,IBM,,40,303.0
2025-11-26,10:14:29.434862255,T,IBM,I,7,303.0
2025-11-26,10:14:29.434862255,T,IBM,I,7,303.0
2025-11-26,10:14:29.434864587,T,IBM,,200,303.0
2025-11-26,10:14:29.435520141,T,IBM,I,3,303.02
2025-11-26,10:14:29.435586381,T,IBM,I,1,303.02
2025-11-26,10:14:30.332483575,T,IBM,I,10,303.0
2025-11-26,10:14:36.591151501,T,IBM,F I,1,302.98
2025-11-26,10:14:36.591293230,T,IBM,F I,1,302.98
2025-11-26,10:14:36.597722120,T,IBM,F I,39,302.98
2025-11-26,10:14:38.198129233,T,IBM,F,40,302.88
2025-11-26,10:14:48.718780621,T,IBM,I,6,302.8
2025-11-26,10:14:48.718780621,T,IBM,I,1,302.8
2025-11-26,10:14:48.718903896,T,IBM,I,11,302.83
2025-11-26,10:14:48.718930996,T,IBM,F I,11,302.84
2025-11-26,10:14:48.719030221,T,IBM,I,7,302.87
2025-11-26,10:14:48.719247035,T,IBM,I,11,302.88
2025-11-26,10:14:48.719247035,T,IBM,I,3,302.88
2025-11-26,10:14:48.719249746,T,IBM,I,11,302.88
2025-11-26,10:14:48.719273842,T,IBM,,40,302.85
2025-11-26,10:14:48.719276820,T,IBM,I,1,302.88
2025-11-26,10:14:48.719280624,T,IBM,F I,25,302.88
2025-11-26,10:14:48.719282794,T,IBM,F I,7,302.88
2025-11-26,10:14:48.719327975,T,IBM,I,7,302.89
2025-11-26,10:14:48.719427206,T,IBM,F I,7,302.88
2025-11-26,10:14:49.537314261,T,IBM,I,34,302.84
2025-11-26,10:14:53.071180303,T,IBM,F I,1,302.95
2025-11-26,10:15:01.779537087,T,IBM,F,75,302.95
2025-11-26,10:15:27.430574201,T,IBM,F I,11,302.895
2025-11-26,10:15:27.696768000,T,IBM,I,1,302.88
2025-11-26,10:15:27.696768000,T,IBM,I,10,302.88
2025-11-26,10:15:28.559948703,T,IBM,F I,9,302.84
2025-11-26,10:15:28.937963630,T,IBM,F I,20,302.78
2025-11-26,10:15:41.710150025,T,IBM,F I,20,302.72
2025-11-26,10:15:41.710155880,T,IBM,F,60,302.71
2025-11-26,10:15:41.710155880,T,IBM,F I,5,302.71
2025-11-26,10:15:41.710158900,T,IBM,F I,5,302.71
2025-11-26,10:15:41.818275294,T,IBM,F I,20,302.65
2025-11-26,10:15:45.905203060,T,IBM,F I,20,302.62
2025-11-26,10:15:45.905208938,T,IBM,F,40,302.61
2025-11-26,10:15:45.905208938,T,IBM,F,51,302.61
2025-11-26,10:15:45.905227058,T,IBM,F I,19,302.61
2025-11-26,10:15:45.905229982,T,IBM,F I,1,302.61
2025-11-26,10:15:45.905338253,T,IBM,I,20,302.6
2025-11-26,10:16:00.935200359,T,IBM,F I,1,302.66
2025-11-26,10:16:01.614448596,T,IBM,,40,302.54
2025-11-26,10:16:01.866150606,T,IBM,I,2,302.6
2025-11-26,10:16:01.866153672,T,IBM,I,5,302.61
2025-11-26,10:16:20.681848708,T,IBM,I,1,302.73
2025-11-26,10:16:20.681935869,T,IBM,F I,17,302.73
2025-11-26,10:16:20.681935869,T,IBM,F I,2,302.73
2025-11-26,10:16:20.687150302,T,IBM,I,37,302.74
2025-11-26,10:16:20.687171384,T,IBM,F I,7,302.74
2025-11-26,10:16:20.687171384,T,IBM,I,1,302.74
2025-11-26,10:16:20.687875046,T,IBM,F,42,302.75
2025-11-26,10:16:20.721022885,T,IBM,,42,302.75
2025-11-26,10:16:20.721158243,T,IBM,I,9,302.75
2025-11-26,10:16:20.721318030,T,IBM,F,40,302.79
2025-11-26,10:16:20.721318030,T,IBM,F I,2,302.79
2025-11-26,10:16:20.721320681,T,IBM,F I,7,302.79
2025-11-26,10:16:20.721332702,T,IBM,F I,31,302.79
2025-11-26,10:16:20.721359705,T,IBM,F,40,302.8
2025-11-26,10:16:20.722818236,T,IBM,F I,2,302.81
2025-11-26,10:16:20.752537940,T,IBM,,40,302.81
2025-11-26,10:16:21.303422479,T,IBM,I,20,302.92
2025-11-26,10:16:31.058399787,T,IBM,F I,11,302.99
2025-11-26,10:16:58.024452133,T,IBM,I,5,302.98
2025-11-26,10:17:00.096225586,T,IBM,F,40,302.88
2025-11-26,10:17:00.096228509,T,IBM,F I,22,302.88
2025-11-26,10:17:00.097253970,T,IBM,I,3,302.87
2025-11-26,10:17:00.097425350,T,IBM,F I,6,302.87
2025-11-26,10:17:00.517820250,T,IBM,I,3,302.88
2025-11-26,10:17:00.517820250,T,IBM,I,5,302.88
2025-11-26,10:17:12.575538491,T,IBM,I,26,302.875
2025-11-26,10:17:15.376298149,T,IBM,I,10,302.875
2025-11-26,10:17:31.372035686,T,IBM,F I,2,302.94
2025-11-26,10:17:31.372971164,T,IBM,F I,20,303.03
2025-11-26,10:17:31.372991991,T,IBM,I,1,303.03
2025-11-26,10:17:31.373079148,T,IBM,F I,2,303.05
2025-11-26,10:17:58.391579313,T,IBM,F,40,303.0
2025-11-26,10:17:58.391582698,T,IBM,F,40,303.03
2025-11-26,10:17:58.391585298,T,IBM,F,389,303.04
2025-11-26,10:17:58.391600311,T,IBM,F,192,303.04
2025-11-26,10:17:58.391871748,T,IBM,F,100,303.04
2025-11-26,10:17:58.391874169,T,IBM,F I,6,303.03
2025-11-26,10:17:58.665618729,T,IBM,,40,303.0
2025-11-26,10:17:58.665787086,T,IBM,I,18,303.05
2025-11-26,10:17:58.672331142,T,IBM,I,15,303.06
2025-11-26,10:17:58.672331142,T,IBM,I,20,303.08
2025-11-26,10:17:58.672333677,T,IBM,I,29,303.08
2025-11-26,10:17:58.672336666,T,IBM,,40,303.08
2025-11-26,10:17:58.672336666,T,IBM,,97,303.08
2025-11-26,10:17:58.672351730,T,IBM,F I,23,303.08
2025-11-26,10:17:58.681728216,T,IBM,F I,18,303.02
2025-11-26,10:17:58.681728216,T,IBM,F I,6,303.02
2025-11-26,10:17:58.681731028,T,IBM,F I,5,303.02
2025-11-26,10:17:58.702483505,T,IBM,,40,303.01
2025-11-26,10:17:58.702483505,T,IBM,,280,303.02
2025-11-26,10:17:58.702501540,T,IBM,F,40,303.02
2025-11-26,10:18:08.174015085,T,IBM,F I,2,302.92
2025-11-26,10:18:08.176474854,T,IBM,F,40,302.88
2025-11-26,10:18:08.176528984,T,IBM,I,20,302.93
2025-11-26,10:18:18.763112247,T,IBM,F I,6,302.77
2025-11-26,10:19:07.476280407,T,IBM,I,12,302.68
2025-11-26,10:19:07.476283349,T,IBM,I,5,302.68
2025-11-26,10:19:12.870690604,T,IBM,F I,10,302.65
2025-11-26,10:19:12.870690604,T,IBM,F I,5,302.69
2025-11-26,10:19:12.870693695,T,IBM,F I,30,302.7
2025-11-26,10:19:12.870705613,T,IBM,I,1,302.7
2025-11-26,10:19:12.870714596,T,IBM,F I,9,302.7
2025-11-26,10:19:12.870714596,T,IBM,F I,5,302.7
2025-11-26,10:19:12.870717607,T,IBM,F,40,302.7
2025-11-26,10:19:59.368048929,T,IBM,F I,1,302.795
2025-11-26,10:19:59.368048929,T,IBM,F I,1,302.88
2025-11-26,10:20:00.028270605,T,IBM,I,5,302.8
2025-11-26,10:20:14.521156422,T,IBM,F I,37,302.88
2025-11-26,10:20:14.521186690,T,IBM,F I,13,302.88
2025-11-26,10:20:14.521216614,T,IBM,F I,37,302.92
2025-11-26,10:20:15.533955659,T,IBM,I,2,302.94
2025-11-26,10:20:25.562903356,T,IBM,I,2,302.94
2025-11-26,10:20:26.011297714,T,IBM,I,2,302.94
2025-11-26,10:20:31.711271728,T,IBM,I,6,302.87
2025-11-26,10:20:31.711274517,T,IBM,I,5,302.87
2025-11-26,10:20:31.711298604,T,IBM,F I,1,302.86
2025-11-26,10:20:31.711524098,T,IBM,I,20,302.85
2025-11-26,10:20:31.711524098,T,IBM,I,1,302.84
2025-11-26,10:20:31.711548187,T,IBM,F I,39,302.84
2025-11-26,10:20:31.711785730,T,IBM,F I,2,302.84
2025-11-26,10:20:31.711789048,T,IBM,F I,9,302.86
2025-11-26,10:20:37.321851485,T,IBM,I,1,302.795
2025-11-26,10:20:37.981517000,T,IBM,,40,302.795
2025-11-26,10:21:18.474499071,T,IBM,I,5,302.71
2025-11-26,10:21:18.474502120,T,IBM,I,1,302.7
2025-11-26,10:21:18.475467423,T,IBM,I,5,302.7
2025-11-26,10:21:23.277921401,T,IBM,F I,6,302.67
2025-11-26,10:21:23.277921401,T,IBM,F I,1,302.67
2025-11-26,10:21:23.278595076,T,IBM,F,40,302.65
2025-11-26,10:22:13.527297284,T,IBM,F I,5,302.5
2025-11-26,10:22:13.527510743,T,IBM,,100,302.48
2025-11-26,10:22:13.527531840,T,IBM,F,200,302.48
2025-11-26,10:22:13.527534795,T,IBM,F I,20,302.48
2025-11-26,10:22:13.527562072,T,IBM,I,10,302.54
2025-11-26,10:22:13.527670153,T,IBM,I,10,302.48
2025-11-26,10:22:13.527769363,T,IBM,F I,22,302.51
2025-11-26,10:22:13.527955794,T,IBM,F I,3,302.53
2025-11-26,10:22:13.528154259,T,IBM,F I,1,302.52
2025-11-26,10:22:18.396462170,T,IBM,F,40,302.38
2025-11-26,10:22:18.396465110,T,IBM,F I,1,302.38
2025-11-26,10:22:24.027046124,T,IBM,I,2,302.44
2025-11-26,10:22:24.027048744,T,IBM,,40,302.46
2025-11-26,10:22:24.027051804,T,IBM,I,38,302.46
2025-11-26,10:22:24.027067511,T,IBM,F I,2,302.46
2025-11-26,10:22:24.027070123,T,IBM,F,40,302.46
2025-11-26,10:22:24.027072765,T,IBM,F I,8,302.46
2025-11-26,10:22:24.027111863,T,IBM,I,32,302.47
2025-11-26,10:22:24.027409671,T,IBM,F I,1,302.48
2025-11-26,10:22:24.027746376,T,IBM,I,14,302.48
2025-11-26,10:22:24.027773468,T,IBM,I,25,302.48
2025-11-26,10:23:20.617242251,T,IBM,I,6,302.32
2025-11-26,10:23:20.617690342,T,IBM,I,8,302.3
2025-11-26,10:23:38.891327098,T,IBM,F I,20,302.3
2025-11-26,10:23:38.891333024,T,IBM,F,50,302.29
2025-11-26,10:23:38.891336104,T,IBM,F,40,302.29
2025-11-26,10:23:38.891336104,T,IBM,F I,20,302.29
2025-11-26,10:23:38.891339046,T,IBM,F I,20,302.29
2025-11-26,10:23:38.891441303,T,IBM,I,10,302.27
2025-11-26,10:23:38.897380437,T,IBM,F,40,302.25
2025-11-26,10:23:38.951984428,T,IBM,F,40,302.29
2025-11-26,10:24:04.114309969,T,IBM,F I,6,302.15
2025-11-26,10:24:04.114313038,T,IBM,F I,3,302.15
2025-11-26,10:24:04.114313038,T,IBM,F I,20,302.15
2025-11-26,10:24:04.130281003,T,IBM,I,5,302.14
2025-11-26,10:24:04.811640172,T,IBM,I,15,302.1
2025-11-26,10:24:07.839476472,T,IBM,I,20,302.03
2025-11-26,10:24:07.839479463,T,IBM,,40,302.03
2025-11-26,10:24:07.839482461,T,IBM,,40,302.02
2025-11-26,10:24:07.842438471,T,IBM,,200,302.0
2025-11-26,10:24:07.842534759,T,IBM,,100,302.0
2025-11-26,10:24:07.847836303,T,IBM,I,10,301.99
2025-11-26,10:24:21.580398256,T,IBM,F I,10,301.955
2025-11-26,10:24:30.493834328,T,IBM,I,3,301.96
2025-11-26,10:24:31.517206622,T,IBM,,40,301.95
2025-11-26,10:24:34.858743783,T,IBM,F,40,302.03
2025-11-26,10:24:34.858743783,T,IBM,F,40,302.03
2025-11-26,10:24:34.858747678,T,IBM,F I,5,302.03
2025-11-26,10:24:34.858758769,T,IBM,I,6,302.03
2025-11-26,10:24:34.858761870,T,IBM,I,1,302.03
2025-11-26,10:24:34.858990416,T,IBM,F I,33,302.03
2025-11-26,10:24:34.860046326,T,IBM,I,2,302.04
2025-11-26,10:24:34.860046326,T,IBM,,40,302.04
2025-11-26,10:24:34.860048844,T,IBM,I,38,302.04
2025-11-26,10:24:34.860063942,T,IBM,F I,2,302.04
2025-11-26,10:24:38.632367513,T,IBM,F I,20,301.995
2025-11-26,10:24:52.140255509,T,IBM,F,40,301.88
2025-11-26,10:25:03.160916264,T,IBM,F I,20,301.72
2025-11-26,10:25:03.160922259,T,IBM,F,40,301.71
2025-11-26,10:25:03.160922259,T,IBM,F I,9,301.71
2025-11-26,10:25:06.237164717,T,IBM,F I,20,301.65
2025-11-26,10:25:06.237167921,T,IBM,F,70,301.64
2025-11-26,10:25:06.237185769,T,IBM,,44,301.64
2025-11-26,10:25:06.237185769,T,IBM,I,1,301.64
2025-11-26,10:25:06.237318095,T,IBM,F,79,301.64
2025-11-26,10:25:06.237417349,T,IBM,F,506,301.64
2025-11-26,10:25:08.390741703,T,IBM,I,5,301.72
2025-11-26,10:25:14.523266122,T,IBM,I,5,301.83
2025-11-26,10:25:14.523268340,T,IBM,I,2,301.84
2025-11-26,10:25:14.523271301,T,IBM,I,29,301.85
2025-11-26,10:25:14.523271301,T,IBM,I,4,301.87
2025-11-26,10:25:14.523343455,T,IBM,F I,36,301.87
2025-11-26,10:25:14.832416342,T,IBM,,44,301.89
2025-11-26,10:25:14.832416342,T,IBM,I,1,301.95
2025-11-26,10:25:15.911959326,T,IBM,I,24,301.94
2025-11-26,10:25:15.912094647,T,IBM,F I,39,301.95
2025-11-26,10:25:15.912097701,T,IBM,F I,5,301.95
2025-11-26,10:25:15.916178412,T,IBM,I,20,301.96
2025-11-26,10:25:15.981137338,T,IBM,F I,2,302.06
2025-11-26,10:25:15.981139162,T,IBM,F I,1,302.06
2025-11-26,10:25:15.982347843,T,IBM,F I,15,302.07
2025-11-26,10:25:15.982359986,T,IBM,I,1,302.08
2025-11-26,10:25:15.982362910,T,IBM,I,21,302.08
2025-11-26,10:25:15.982808574,T,IBM,F,40,302.09
2025-11-26,10:25:15.982832098,T,IBM,F I,3,302.1
2025-11-26,10:25:35.716041661,T,IBM,F I,17,302.1
2025-11-26,10:25:35.716769474,T,IBM,F I,20,302.14
2025-11-26,10:25:35.716772492,T,IBM,F,40,302.14
2025-11-26,10:25:40.398031923,T,IBM,F I,12,302.18
2025-11-26,10:25:43.181801262,T,IBM,I,20,302.26
2025-11-26,10:26:02.437248373,T,IBM,F I,14,302.14
2025-11-26,10:26:02.437248373,T,IBM,F I,6,302.14
2025-11-26,10:26:02.476386563,T,IBM,I,5,302.08
2025-11-26,10:26:02.972309134,T,IBM,F,40,302.02
2025-11-26,10:26:16.517007644,T,IBM,,40,302.005
2025-11-26,10:26:50.010689176,T,IBM,I,2,302.1
2025-11-26,10:26:50.010691713,T,IBM,I,5,302.13
2025-11-26,10:26:50.010694610,T,IBM,I,33,302.14
2025-11-26,10:27:01.914073845,T,IBM,F,40,302.15
2025-11-26,10:27:01.914073845,T,IBM,F,40,302.15
2025-11-26,10:27:01.914124775,T,IBM,F,40,302.16
2025-11-26,10:27:01.915237406,T,IBM,F I,20,302.19
2025-11-26,10:27:01.923859026,T,IBM,I,9,302.3
2025-11-26,10:27:23.733280321,T,IBM,F I,10,302.26
2025-11-26,10:27:23.733280321,T,IBM,F I,9,302.3
2025-11-26,10:27:29.643250108,T,IBM,F I,3,302.32
2025-11-26,10:27:29.643803437,T,IBM,F,40,302.33
2025-11-26,10:27:29.644431834,T,IBM,I,5,302.32
2025-11-26,10:27:39.821782983,T,IBM,F I,5,302.36
2025-11-26,10:27:39.821782983,T,IBM,F I,9,302.36
2025-11-26,10:27:39.821786415,T,IBM,F I,10,302.36
2025-11-26,10:27:39.821786415,T,IBM,F I,7,302.36
2025-11-26,10:27:39.821852141,T,IBM,I,2,302.36
2025-11-26,10:27:39.822008535,T,IBM,I,6,302.37
2025-11-26,10:27:39.822180440,T,IBM,F I,14,302.32
2025-11-26,10:27:39.822255170,T,IBM,F I,8,302.35
2025-11-26,10:27:39.822384512,T,IBM,F I,20,302.29
2025-11-26,10:27:39.826209801,T,IBM,I,14,302.37
2025-11-26,10:27:39.826209801,T,IBM,I,15,302.37
2025-11-26,10:27:43.059558221,T,IBM,F I,5,302.28
2025-11-26,10:27:43.060069446,T,IBM,F I,10,302.28
2025-11-26,10:27:43.060184612,T,IBM,F I,6,302.28
2025-11-26,10:27:43.060184612,T,IBM,F I,20,302.28
2025-11-26,10:27:43.060186763,T,IBM,F I,14,302.27
2025-11-26,10:27:43.060192714,T,IBM,F I,26,302.27
2025-11-26,10:27:50.291865997,T,IBM,F I,2,302.34
2025-11-26,10:27:50.291865997,T,IBM,F I,38,302.37
2025-11-26,10:27:50.291884043,T,IBM,I,1,302.37
2025-11-26,10:27:50.291887108,T,IBM,F I,1,302.37
2025-11-26,10:28:06.129658837,T,IBM,F I,5,302.36
2025-11-26,10:28:06.129664875,T,IBM,F,80,302.35
2025-11-26,10:28:06.129667857,T,IBM,F I,6,302.35
2025-11-26,10:28:06.129667857,T,IBM,F I,30,302.35
2025-11-26,10:28:06.129682929,T,IBM,F I,5,302.35
2025-11-26,10:28:40.103823947,T,IBM,F I,22,302.29
2025-11-26,10:28:40.104133608,T,IBM,I,22,302.28
2025-11-26,10:28:40.104151633,T,IBM,I,4,302.28
2025-11-26,10:28:40.104154787,T,IBM,I,1,302.28
2025-11-26,10:28:40.104157668,T,IBM,F I,12,302.28
2025-11-26,10:29:07.539324151,T,IBM,I,22,302.5
2025-11-26,10:29:09.093433075,T,IBM,,40,302.5
2025-11-26,10:29:09.093433075,T,IBM,I,10,302.51
2025-11-26,10:29:09.094190726,T,IBM,F I,30,302.53
2025-11-26,10:29:09.094208805,T,IBM,F I,10,302.53
2025-11-26,10:29:24.077150568,T,IBM,,47,302.62
2025-11-26,10:29:24.077183572,T,IBM,,40,302.62
2025-11-26,10:29:27.688279315,T,IBM,F I,6,302.53
2025-11-26,10:29:29.117558026,T,IBM,I,6,302.52
2025-11-26,10:29:29.129731019,T,IBM,F I,18,302.48
2025-11-26,10:29:29.129734099,T,IBM,F I,5,302.48
2025-11-26,10:29:29.129767136,T,IBM,I,1,302.48
2025-11-26,10:29:29.129767136,T,IBM,I,9,302.48
2025-11-26,10:29:29.129773061,T,IBM,I,6,302.48
2025-11-26,10:29:36.329865198,T,IBM,,40,302.47
2025-11-26,10:29:36.344254388,T,IBM,F I,18,302.54
2025-11-26,10:29:41.904227041,T,IBM,I,11,302.54
2025-11-26,10:29:42.609267481,T,IBM,F,40,302.61
2025-11-26,10:29:42.609270515,T,IBM,F I,6,302.61
2025-11-26,10:29:42.609282466,T,IBM,I,1,302.61
2025-11-26,10:29:42.609307203,T,IBM,F I,33,302.61
2025-11-26,10:29:42.609307203,T,IBM,F I,1,302.61
2025-11-26,10:29:42.897587906,T,IBM,F I,1,302.64
2025-11-26,10:29:42.898023847,T,IBM,I,11,302.6
2025-11-26,10:29:44.001930970,T,IBM,F I,8,302.63
2025-11-26,10:29:53.230541277,T,IBM,F I,20,302.55
2025-11-26,10:29:53.230541277,T,IBM,F I,3,302.54
2025-11-26,10:29:53.230544740,T,IBM,F I,21,302.54
2025-11-26,10:29:53.230544740,T,IBM,F I,19,302.54
2025-11-26,10:29:53.230550284,T,IBM,F I,1,302.54
2025-11-26,10:29:53.234537793,T,IBM,F,40,302.53
2025-11-26,10:29:53.234625007,T,IBM,,40,302.52
2025-11-26,10:29:53.318614936,T,IBM,I,2,302.59
2025-11-26,10:29:54.103489438,T,IBM,I,10,302.555
2025-11-26,10:30:07.786348917,T,IBM,F I,1,302.6
2025-11-26,10:30:15.923405629,T,IBM,I,1,302.61
2025-11-26,10:30:25.710144632,T,IBM,F,40,302.69
2025-11-26,10:30:25.710159586,T,IBM,I,1,302.69
2025-11-26,10:30:25.710282865,T,IBM,I,28,302.66
2025-11-26,10:30:25.710376190,T,IBM,F I,28,302.69
2025-11-26,10:30:25.710376190,T,IBM,F I,11,302.69
2025-11-26,10:30:25.710385196,T,IBM,F I,9,302.69
2025-11-26,10:30:25.710619767,T,IBM,F,40,302.69
2025-11-26,10:30:25.711792563,T,IBM,,110,302.68
2025-11-26,10:31:15.220742540,T,IBM,F,40,302.66
2025-11-26,10:31:15.220742540,T,IBM,F I,30,302.66
2025-11-26,10:31:15.220745517,T,IBM,F I,5,302.66
2025-11-26,10:31:15.221052202,T,IBM,F I,3,302.65
2025-11-26,10:31:15.221416080,T,IBM,F I,22,302.62
2025-11-26,10:31:15.224098465,T,IBM,I,18,302.62
2025-11-26,10:31:36.751694308,T,IBM,F,40,302.64
2025-11-26,10:32:01.446809391,T,IBM,I,1,302.52
2025-11-26,10:32:01.723856011,T,IBM,I,9,302.51
2025-11-26,10:32:02.312802004,T,IBM,,40,302.54
2025-11-26,10:32:02.312880211,T,IBM,F I,7,302.55
2025-11-26,10:32:02.667559889,T,IBM,F I,5,302.61
2025-11-26,10:32:02.667562619,T,IBM,F,70,302.65
2025-11-26,10:32:02.667580689,T,IBM,I,1,302.65
2025-11-26,10:32:02.667613710,T,IBM,F I,4,302.65
2025-11-26,10:32:02.990068333,T,IBM,F I,5,302.72
2025-11-26,10:32:03.689614689,T,IBM,F I,14,302.77
2025-11-26,10:32:03.689650808,T,IBM,F I,16,302.77
2025-11-26,10:32:03.689653837,T,IBM,F,40,302.77
2025-11-26,10:32:06.382796298,T,IBM,I,10,302.82
2025-11-26,10:32:06.382799293,T,IBM,I,2,302.82
2025-11-26,10:32:06.382874484,T,IBM,F I,4,302.87
2025-11-26,10:32:06.382877599,T,IBM,F I,36,302.88
2025-11-26,10:32:06.382892541,T,IBM,F I,4,302.88
2025-11-26,10:32:06.382895694,T,IBM,F I,12,302.88
2025-11-26,10:32:06.382898496,T,IBM,F I,4,302.9
2025-11-26,10:32:06.382940619,T,IBM,I,23,302.81
2025-11-26,10:32:06.385863528,T,IBM,F I,35,302.87
2025-11-26,10:32:06.385911905,T,IBM,F I,5,302.87
2025-11-26,10:32:06.385915301,T,IBM,F I,23,302.88
2025-11-26,10:32:06.385917773,T,IBM,F I,7,302.88
2025-11-26,10:32:06.424258975,T,IBM,I,5,302.91
2025-11-26,10:32:07.436522918,T,IBM,,40,303.0
2025-11-26,10:32:07.505768738,T,IBM,I,1,302.96
2025-11-26,10:32:18.136337691,T,IBM,F,40,303.0
2025-11-26,10:32:18.681710012,T,IBM,F I,5,303.01
2025-11-26,10:32:18.681710012,T,IBM,F I,12,303.02
2025-11-26,10:32:23.788657139,T,IBM,,40,303.0
2025-11-26,10:32:23.788657139,T,IBM,I,10,303.01
2025-11-26,10:32:28.366671686,T,IBM,F,40,302.975
2025-11-26,10:32:33.420166618,T,IBM,F,40,302.92
2025-11-26,10:32:33.420169619,T,IBM,F,100,302.92
2025-11-26,10:32:33.420169619,T,IBM,F,40,302.92
2025-11-26,10:32:33.420894147,T,IBM,F,40,302.92
2025-11-26,10:32:33.456168070,T,IBM,I,5,302.85
2025-11-26,10:32:33.532240214,T,IBM,,40,302.84
2025-11-26,10:32:33.532267293,T,IBM,I,5,302.83
2025-11-26,10:33:18.112536815,T,IBM,I,6,302.73
2025-11-26,10:33:18.112539923,T,IBM,I,23,302.73
2025-11-26,10:33:21.867883090,T,IBM,F I,11,302.63
2025-11-26,10:33:22.178961675,T,IBM,I,2,302.71
2025-11-26,10:33:22.189420615,T,IBM,I,6,302.75
2025-11-26,10:33:22.403307813,T,IBM,I,1,302.76
2025-11-26,10:33:25.709736384,T,IBM,F I,20,302.79
2025-11-26,10:33:25.709754390,T,IBM,F I,20,302.79
2025-11-26,10:33:25.709757435,T,IBM,F I,1,302.79
2025-11-26,10:34:22.793906059,T,IBM,,50,302.95
2025-11-26,10:34:22.793924074,T,IBM,F I,21,302.95
2025-11-26,10:34:22.793924074,T,IBM,F I,20,302.96
2025-11-26,10:34:22.793927072,T,IBM,F I,9,302.96
2025-11-26,10:34:22.793945274,T,IBM,I,1,302.96
2025-11-26,10:34:22.793945274,T,IBM,F I,10,302.96
2025-11-26,10:34:22.793948309,T,IBM,F I,10,302.96
2025-11-26,10:34:32.433910863,T,IBM,,44,302.97
2025-11-26,10:34:33.054320904,T,IBM,F I,8,303.06
2025-11-26,10:34:33.056531183,T,IBM,F I,26,303.05
2025-11-26,10:34:33.576920004,T,IBM,F I,2,303.02
2025-11-26,10:34:38.079903169,T,IBM,I,1,302.92
2025-11-26,10:34:42.003392038,T,IBM,I,2,302.98
2025-11-26,10:34:42.003394677,T,IBM,I,1,302.99
2025-11-26,10:34:42.003401076,T,IBM,,40,302.99
2025-11-26,10:34:42.003403780,T,IBM,,80,302.99
2025-11-26,10:34:42.003407128,T,IBM,,40,302.99
2025-11-26,10:34:42.003407128,T,IBM,I,20,302.99
2025-11-26,10:34:42.003409748,T,IBM,I,18,302.99
2025-11-26,10:34:42.003412791,T,IBM,F I,2,302.99
2025-11-26,10:35:00.987210905,T,IBM,I,4,303.06
2025-11-26,10:35:00.987679995,T,IBM,I,3,303.06
2025-11-26,10:35:10.799547025,T,IBM,I,20,303.02
2025-11-26,10:35:10.799547025,T,IBM,I,22,303.01
2025-11-26,10:35:10.799559046,T,IBM,F I,18,303.01
2025-11-26,10:35:10.799559046,T,IBM,F I,2,303.01
2025-11-26,10:35:10.800148340,T,IBM,F I,20,303.0
2025-11-26,10:35:33.175796663,T,IBM,F,40,303.07
2025-11-26,10:35:54.685217754,T,IBM,I,33,303.08
2025-11-26,10:35:54.685217754,T,IBM,I,33,303.08
2025-11-26,10:35:54.685226708,T,IBM,I,33,303.08
2025-11-26,10:35:54.685398218,T,IBM,I,5,303.07
2025-11-26,10:35:54.685401207,T,IBM,I,28,303.07
2025-11-26,10:35:54.685422202,T,IBM,I,1,303.07
2025-11-26,10:35:56.765603513,T,IBM,,40,303.03
2025-11-26,10:36:00.172152317,T,IBM,I,14,303.01
2025-11-26,10:36:00.172597407,T,IBM,I,14,302.99
2025-11-26,10:36:00.172609409,T,IBM,F I,14,302.99
2025-11-26,10:36:00.172648478,T,IBM,F I,2,302.99
2025-11-26,10:36:00.172648478,T,IBM,F I,12,302.98
2025-11-26,10:36:00.172790226,T,IBM,F I,14,302.98
2025-11-26,10:36:00.173809281,T,IBM,I,4,302.98
2025-11-26,10:36:00.187224196,T,IBM,I,20,302.98
2025-11-26,10:36:01.622805909,T,IBM,I,17,302.975
2025-11-26,10:36:01.979367669,T,IBM,I,4,302.96
2025-11-26,10:36:01.981295297,T,IBM,I,10,302.96
2025-11-26,10:36:15.184750418,T,IBM,F,100,303.0
2025-11-26,10:36:15.184904433,T,IBM,F,40,302.96
2025-11-26,10:36:15.184906843,T,IBM,F,57,302.96
2025-11-26,10:36:15.184924886,T,IBM,F I,6,302.96
2025-11-26,10:36:15.184939968,T,IBM,I,2,303.03
2025-11-26,10:36:15.184943248,T,IBM,I,2,303.04
2025-11-26,10:36:15.184943248,T,IBM,I,24,303.04
2025-11-26,10:36:15.186572793,T,IBM,I,5,303.0
2025-11-26,10:36:15.196436241,T,IBM,,40,303.0
2025-11-26,10:36:15.211063121,T,IBM,,40,303.0
2025-11-26,10:36:17.176692637,T,IBM,F,83,302.95
2025-11-26,10:36:17.176831107,T,IBM,I,17,302.95
2025-11-26,10:36:17.176930199,T,IBM,F,40,302.94
2025-11-26,10:36:17.176981315,T,IBM,I,2,302.93
2025-11-26,10:36:17.176996345,T,IBM,I,38,302.925
2025-11-26,10:36:19.065964372,T,IBM,I,2,302.925
2025-11-26,10:36:20.380697367,T,IBM,I,1,302.92
2025-11-26,10:36:20.395101978,T,IBM,I,5,302.9
2025-11-26,10:36:20.395122890,T,IBM,F I,15,302.9
2025-11-26,10:36:29.672728688,T,IBM,F I,10,303.0
2025-11-26,10:37:00.406664916,T,IBM,F I,20,302.89
2025-11-26,10:37:00.406667595,T,IBM,F I,24,302.88
2025-11-26,10:37:00.406688650,T,IBM,I,1,302.88
2025-11-26,10:37:00.406691674,T,IBM,I,15,302.88
2025-11-26,10:37:09.475239929,T,IBM,F I,10,303.03
2025-11-26,10:37:09.475456367,T,IBM,F I,10,303.03
2025-11-26,10:37:09.475477433,T,IBM,I,20,303.03
2025-11-26,10:37:09.475477433,T,IBM,I,4,303.06
2025-11-26,10:37:09.873411814,T,IBM,F I,2,302.97
2025-11-26,10:37:09.873411814,T,IBM,F I,28,302.96
2025-11-26,10:37:10.685558300,T,IBM,I,4,303.05
2025-11-26,10:37:10.685561267,T,IBM,I,2,303.05
2025-11-26,10:37:30.497615560,T,IBM,F,40,302.95
2025-11-26,10:37:30.497633922,T,IBM,F,460,302.95
2025-11-26,10:37:30.497633922,T,IBM,F I,2,302.95
2025-11-26,10:37:30.497636607,T,IBM,I,1,302.95
2025-11-26,10:37:30.497639686,T,IBM,F,89,302.95
2025-11-26,10:37:30.497690754,T,IBM,F,100,302.95
2025-11-26,10:37:30.497711867,T,IBM,I,1,302.945
2025-11-26,10:37:30.994828267,T,IBM,I,2,302.96
2025-11-26,10:37:36.141785512,T,IBM,I,1,302.99
2025-11-26,10:37:36.142203400,T,IBM,F,40,303.02
2025-11-26,10:37:36.142206515,T,IBM,F I,20,303.02
2025-11-26,10:37:37.840331193,T,IBM,I,1,302.995
2025-11-26,10:37:44.215033213,T,IBM,,40,303.03
2025-11-26,10:38:02.430105674,T,IBM,F,45,303.05
2025-11-26,10:38:02.430105674,T,IBM,F,120,303.08
2025-11-26,10:38:02.430117747,T,IBM,I,16,303.12
2025-11-26,10:38:02.430180903,T,IBM,F,40,303.13
2025-11-26,10:38:02.430268072,T,IBM,F I,9,303.13
2025-11-26,10:38:02.430313156,T,IBM,I,15,303.09
2025-11-26,10:38:02.431026753,T,IBM,I,11,303.11
2025-11-26,10:38:02.431026753,T,IBM,I,13,303.11
2025-11-26,10:38:02.431028838,T,IBM,I,16,303.11
2025-11-26,10:38:03.594038613,T,IBM,F I,24,303.05
2025-11-26,10:38:06.415526573,T,IBM,F I,24,303.06
2025-11-26,10:38:10.190305162,T,IBM,I,15,303.07
2025-11-26,10:39:08.536980877,T,IBM,F,40,303.13
2025-11-26,10:39:08.536980877,T,IBM,F I,17,303.13
2025-11-26,10:39:13.359155434,T,IBM,F I,2,303.02
2025-11-26,10:39:13.359300277,T,IBM,F,40,303.01
2025-11-26,10:39:13.359300277,T,IBM,F I,28,303.01
2025-11-26,10:39:13.359474251,T,IBM,F I,9,303.0
2025-11-26,10:39:13.359495233,T,IBM,F I,31,303.0
2025-11-26,10:39:13.359850140,T,IBM,F I,30,302.99
2025-11-26,10:39:13.373379292,T,IBM,F I,6,302.96
2025-11-26,10:39:13.373400322,T,IBM,I,6,302.96
2025-11-26,10:39:13.373412376,T,IBM,I,2,302.96
2025-11-26,10:39:13.373415415,T,IBM,I,21,302.95
2025-11-26,10:39:13.373433451,T,IBM,F,59,302.95
2025-11-26,10:39:20.048974671,T,IBM,I,20,302.86
2025-11-26,10:39:20.451714460,T,IBM,,50,302.92
2025-11-26,10:39:25.038962244,T,IBM,F,40,302.93
2025-11-26,10:39:25.038964243,T,IBM,F,40,302.93
2025-11-26,10:39:32.175475941,T,IBM,F I,10,302.9
2025-11-26,10:39:47.630201910,T,IBM,F,40,302.92
2025-11-26,10:40:03.613114414,T,IBM,F,60,303.05
2025-11-26,10:40:03.613138095,T,IBM,F I,11,303.05
2025-11-26,10:40:03.613141387,T,IBM,F I,20,303.06
2025-11-26,10:40:03.613141387,T,IBM,F I,29,303.06
2025-11-26,10:40:03.613174773,T,IBM,I,1,303.06
2025-11-26,10:40:03.613177261,T,IBM,I,6,303.06
2025-11-26,10:40:03.613396774,T,IBM,I,1,303.06
2025-11-26,10:40:03.613697506,T,IBM,F I,3,303.06
2025-11-26,10:40:03.614202670,T,IBM,F I,11,303.02
2025-11-26,10:40:03.900926222,T,IBM,F I,1,302.96
2025-11-26,10:40:03.901073615,T,IBM,I,10,302.98
2025-11-26,10:40:07.869134440,T,IBM,F I,10,302.92
2025-11-26,10:40:19.816619548,T,IBM,F I,30,302.9
2025-11-26,10:40:19.816619548,T,IBM,F I,9,302.9
2025-11-26,10:40:25.813189349,T,IBM,F I,1,302.86
2025-11-26,10:40:25.813986630,T,IBM,F I,1,302.85
2025-11-26,10:40:25.813986630,T,IBM,F I,1,302.85
2025-11-26,10:40:25.814641821,T,IBM,I,1,302.85
2025-11-26,10:40:26.904752091,T,IBM,F,40,302.85
2025-11-26,10:40:26.904770660,T,IBM,I,1,302.85
2025-11-26,10:40:39.501371553,T,IBM,I,1,302.85
2025-11-26,10:40:48.583650537,T,IBM,F I,8,302.85
2025-11-26,10:41:01.056372050,T,IBM,I,1,302.84
2025-11-26,10:41:01.059466632,T,IBM,I,2,302.8
2025-11-26,10:41:01.059466632,T,IBM,I,1,302.8
2025-11-26,10:41:01.059469499,T,IBM,I,2,302.8
2025-11-26,10:41:01.059538606,T,IBM,F I,8,302.83
2025-11-26,10:41:01.059556721,T,IBM,F I,10,302.83
2025-11-26,10:41:04.105096070,T,IBM,I,1,302.79
2025-11-26,10:41:04.105877896,T,IBM,,40,302.79
2025-11-26,10:41:04.289979411,T,IBM,F I,10,302.75
2025-11-26,10:41:06.778746190,T,IBM,F I,20,302.75
2025-11-26,10:41:06.778749152,T,IBM,F I,20,302.72
2025-11-26,10:41:06.778764264,T,IBM,I,1,302.72
2025-11-26,10:41:09.523717365,T,IBM,F I,19,302.72
2025-11-26,10:41:09.523999703,T,IBM,F I,1,302.71
2025-11-26,10:41:09.548520065,T,IBM,F I,30,302.68
2025-11-26,10:41:19.594822219,T,IBM,F I,20,302.58
2025-11-26,10:41:19.594825206,T,IBM,F,40,302.57
2025-11-26,10:41:19.594828159,T,IBM,F I,36,302.57
2025-11-26,10:41:19.594840845,T,IBM,F I,6,302.57
2025-11-26,10:41:19.594843182,T,IBM,I,1,302.57
2025-11-26,10:41:33.647418103,T,IBM,F I,8,302.66
2025-11-26,10:41:58.959154261,T,IBM,F I,10,302.52
2025-11-26,10:42:05.464914565,T,IBM,F I,20,302.52
2025-11-26,10:42:05.464914565,T,IBM,F I,19,302.52
2025-11-26,10:42:05.469097204,T,IBM,,40,302.51
2025-11-26,10:42:05.469100178,T,IBM,I,1,302.5
2025-11-26,10:42:05.475968551,T,IBM,I,35,302.55
2025-11-26,10:42:06.528636571,T,IBM,,40,302.51
2025-11-26,10:42:06.528781012,T,IBM,I,5,302.51
2025-11-26,10:42:07.877873692,T,IBM,F,40,302.49
2025-11-26,10:42:07.878369884,T,IBM,F I,4,302.47
2025-11-26,10:42:08.020882093,T,IBM,,100,302.43
2025-11-26,10:42:08.023188671,T,IBM,I,2,302.455
2025-11-26,10:42:08.023188671,T,IBM,I,2,302.48
2025-11-26,10:42:08.036507362,T,IBM,I,2,302.475
2025-11-26,10:42:08.036940378,T,IBM,I,3,302.475
2025-11-26,10:42:19.282437127,T,IBM,I,2,302.485
2025-11-26,10:42:19.283925593,T,IBM,I,5,302.485
2025-11-26,10:42:35.434992214,T,IBM,F I,1,302.55
2025-11-26,10:42:35.434995235,T,IBM,F,40,302.56
2025-11-26,10:42:35.434998177,T,IBM,F I,30,302.56
2025-11-26,10:42:35.435377103,T,IBM,F,40,302.57
2025-11-26,10:42:35.435380108,T,IBM,F,40,302.57
2025-11-26,10:42:35.440832083,T,IBM,,40,302.58
2025-11-26,10:42:35.440853279,T,IBM,F I,4,302.58
2025-11-26,10:42:35.440853279,T,IBM,I,1,302.58
2025-11-26,10:42:50.158001095,T,IBM,,40,302.57
2025-11-26,10:43:00.058882931,T,IBM,F I,35,302.58
2025-11-26,10:43:00.058882931,T,IBM,F,40,302.58
2025-11-26,10:43:06.940011671,T,IBM,F,40,302.45
2025-11-26,10:43:06.940026630,T,IBM,F I,8,302.45
2025-11-26,10:43:06.940032671,T,IBM,I,1,302.45
2025-11-26,10:43:06.940032671,T,IBM,I,16,302.45
2025-11-26,10:43:06.940610026,T,IBM,F I,5,302.45
2025-11-26,10:43:40.343967724,T,IBM,F I,1,302.39
2025-11-26,10:43:56.620525853,T,IBM,F,40,302.4
2025-11-26,10:43:56.620525853,T,IBM,F,40,302.4
2025-11-26,10:43:56.620528874,T,IBM,F,120,302.4
2025-11-26,10:43:56.620534912,T,IBM,F,40,302.4
2025-11-26,10:43:56.620547009,T,IBM,F I,29,302.4
2025-11-26,10:43:56.620550154,T,IBM,F I,1,302.4
2025-11-26,10:43:56.620552915,T,IBM,F I,10,302.4
2025-11-26,10:43:56.620559034,T,IBM,I,20,302.4
2025-11-26,10:43:56.620568084,T,IBM,F,160,302.39
2025-11-26,10:44:08.102803640,T,IBM,F,40,302.46
2025-11-26,10:44:08.102806236,T,IBM,F I,10,302.46
2025-11-26,10:44:08.102806236,T,IBM,F,40,302.46
2025-11-26,10:44:08.102809262,T,IBM,F,40,302.46
2025-11-26,10:44:08.103088971,T,IBM,F I,25,302.46
2025-11-26,10:44:08.109415970,T,IBM,I,10,302.47
2025-11-26,10:44:08.109419010,T,IBM,I,30,302.48
2025-11-26,10:44:08.109563334,T,IBM,I,10,302.48
2025-11-26,10:44:08.497553115,T,IBM,I,11,302.49
2025-11-26,10:44:09.022091832,T,IBM,I,1,302.52
2025-11-26,10:44:12.708474836,T,IBM,,40,302.45
2025-11-26,10:44:12.709079329,T,IBM,I,15,302.415
2025-11-26,10:44:12.725131571,T,IBM,,45,302.39
2025-11-26,10:44:24.903088356,T,IBM,F I,20,302.41
2025-11-26,10:44:24.903092695,T,IBM,F,40,302.4
2025-11-26,10:44:24.903092695,T,IBM,F,40,302.4
2025-11-26,10:44:24.903094516,T,IBM,F I,20,302.4
2025-11-26,10:44:24.903124466,T,IBM,F I,20,302.4
2025-11-26,10:44:24.903154499,T,IBM,I,12,302.46
2025-11-26,10:44:24.903704916,T,IBM,F I,6,302.365
2025-11-26,10:44:24.903704916,T,IBM,F I,24,302.4
2025-11-26,10:44:24.903746940,T,IBM,I,1,302.4
2025-11-26,10:44:24.966611580,T,IBM,,40,302.33
2025-11-26,10:44:25.398523837,T,IBM,I,10,302.33
2025-11-26,10:44:35.020945928,T,IBM,F,40,302.31
2025-11-26,10:44:35.020948928,T,IBM,F I,15,302.31
2025-11-26,10:44:35.037229711,T,IBM,F I,17,302.31
2025-11-26,10:44:35.037229711,T,IBM,F I,10,302.31
2025-11-26,10:45:03.218580601,T,IBM,F,40,302.28
2025-11-26,10:45:03.218580601,T,IBM,F I,9,302.28
2025-11-26,10:45:03.218616746,T,IBM,I,2,302.27
2025-11-26,10:45:12.556955116,T,IBM,,40,302.35
2025-11-26,10:45:12.564951379,T,IBM,F I,10,302.35
2025-11-26,10:45:12.564954144,T,IBM,F I,4,302.35
2025-11-26,10:45:19.085666374,T,IBM,F,40,302.36
2025-11-26,10:45:19.085666374,T,IBM,F,40,302.36
2025-11-26,10:45:19.085668781,T,IBM,F,40,302.36
2025-11-26,10:45:19.085686902,T,IBM,I,1,302.36
2025-11-26,10:45:19.085690242,T,IBM,I,14,302.36
2025-11-26,10:45:19.086132219,T,IBM,F,40,302.37
2025-11-26,10:45:19.086134876,T,IBM,F,40,302.37
2025-11-26,10:45:19.086170996,T,IBM,F,40,302.37
2025-11-26,10:45:19.086237148,T,IBM,I,9,302.37
2025-11-26,10:45:19.086922736,T,IBM,I,31,302.37
2025-11-26,10:45:19.086922736,T,IBM,,40,302.37
2025-11-26,10:45:19.086925814,T,IBM,I,4,302.37
2025-11-26,10:45:19.086925814,T,IBM,I,5,302.37
2025-11-26,10:45:19.136919797,T,IBM,I,11,302.37
2025-11-26,10:45:28.449580213,T,IBM,I,1,302.42
2025-11-26,10:46:03.474714409,T,IBM,I,1,302.435
2025-11-26,10:46:44.562933103,T,IBM,F I,16,302.36
2025-11-26,10:46:44.562936018,T,IBM,F,40,302.36
2025-11-26,10:46:44.562966136,T,IBM,I,11,302.36
2025-11-26,10:46:44.563185698,T,IBM,F I,11,302.36
2025-11-26,10:46:44.563471394,T,IBM,F,40,302.35
2025-11-26,10:46:44.563859312,T,IBM,F,40,302.34
2025-11-26,10:46:44.564078814,T,IBM,F I,4,302.32
2025-11-26,10:46:45.585857264,T,IBM,,40,302.32
2025-11-26,10:46:45.585860337,T,IBM,,40,302.31
2025-11-26,10:46:45.606317980,T,IBM,I,5,302.3
2025-11-26,10:46:45.607650142,T,IBM,I,5,302.3
2025-11-26,10:46:52.143292779,T,IBM,,40,302.31
2025-11-26,10:46:52.143295790,T,IBM,I,10,302.31
2025-11-26,10:46:52.143298548,T,IBM,I,22,302.31
2025-11-26,10:46:52.143346645,T,IBM,I,24,302.36
2025-11-26,10:46:56.535576156,T,IBM,,40,302.31
2025-11-26,10:46:56.535576156,T,IBM,I,37,302.31
2025-11-26,10:46:56.535594494,T,IBM,I,21,302.31
2025-11-26,10:46:56.535594494,T,IBM,I,1,302.31
2025-11-26,10:47:01.345713512,T,IBM,I,14,302.2
2025-11-26,10:47:01.348489146,T,IBM,I,1,302.17
2025-11-26,10:47:01.349400324,T,IBM,I,1,302.14
2025-11-26,10:47:01.352654039,T,IBM,I,5,302.17
2025-11-26,10:47:09.010529141,T,IBM,F,75,302.17
2025-11-26,10:47:09.010532110,T,IBM,F,50,302.17
2025-11-26,10:47:09.010568656,T,IBM,F I,25,302.16
2025-11-26,10:47:09.010568656,T,IBM,F,40,302.15
2025-11-26,10:47:09.010571199,T,IBM,F I,29,302.15
2025-11-26,10:47:09.010589298,T,IBM,I,1,302.15
2025-11-26,10:47:09.010589298,T,IBM,I,8,302.15
2025-11-26,10:47:09.010592268,T,IBM,F I,2,302.15
2025-11-26,10:47:09.015668340,T,IBM,F I,11,302.12
2025-11-26,10:47:09.306626027,T,IBM,I,34,302.08
2025-11-26,10:47:09.306629033,T,IBM,,206,302.06
2025-11-26,10:47:09.306644050,T,IBM,F I,34,302.06
2025-11-26,10:47:09.306800449,T,IBM,I,2,302.05
2025-11-26,10:47:10.970673693,T,IBM,I,4,302.08
2025-11-26,10:47:10.970673693,T,IBM,I,9,302.08
2025-11-26,10:47:10.971106638,T,IBM,I,2,302.09
2025-11-26,10:47:10.972026853,T,IBM,I,2,302.1
2025-11-26,10:47:28.427449292,T,IBM,F I,2,302.05
2025-11-26,10:47:30.142393002,T,IBM,F I,2,302.04
2025-11-26,10:47:30.143388347,T,IBM,I,1,302.02
2025-11-26,10:47:32.071154844,T,IBM,F I,1,302.05
2025-11-26,10:47:42.031268663,T,IBM,F I,20,302.2
2025-11-26,10:47:42.031268663,T,IBM,F I,20,302.2
2025-11-26,10:47:42.032029425,T,IBM,F I,14,302.2
2025-11-26,10:47:42.032294089,T,IBM,F I,16,302.2
2025-11-26,10:47:42.032309098,T,IBM,F I,14,302.2
2025-11-26,10:47:42.032324147,T,IBM,F I,5,302.2
2025-11-26,10:47:42.032763204,T,IBM,F I,14,302.2
2025-11-26,10:47:42.033006780,T,IBM,F I,13,302.2
2025-11-26,10:47:42.513659093,T,IBM,I,14,302.21
2025-11-26,10:47:42.584191930,T,IBM,F I,38,302.21
2025-11-26,10:47:42.584194998,T,IBM,F I,7,302.22
2025-11-26,10:47:42.584198001,T,IBM,F I,7,302.22
2025-11-26,10:47:42.584303215,T,IBM,I,3,302.23
2025-11-26,10:47:42.584303215,T,IBM,I,2,302.23
2025-11-26,10:47:42.585211345,T,IBM,,40,302.24
2025-11-26,10:47:44.738538774,T,IBM,I,6,302.24
2025-11-26,10:47:44.738595907,T,IBM,,40,302.24
2025-11-26,10:47:44.739001815,T,IBM,F I,13,302.24
2025-11-26,10:47:44.739079989,T,IBM,F I,13,302.24
2025-11-26,10:47:44.739419936,T,IBM,I,8,302.24
2025-11-26,10:47:44.739428821,T,IBM,F I,12,302.28
2025-11-26,10:47:44.739428821,T,IBM,F I,1,302.28
2025-11-26,10:47:44.753992515,T,IBM,F,40,302.3
2025-11-26,10:48:15.754576211,T,IBM,I,12,302.35
2025-11-26,10:48:22.253534156,T,IBM,F,40,302.26
2025-11-26,10:48:22.253537248,T,IBM,F,40,302.26
2025-11-26,10:48:22.254950534,T,IBM,F I,1,302.24
2025-11-26,10:48:25.728444818,T,IBM,F I,17,302.28
2025-11-26,10:48:33.861108609,T,IBM,F I,7,302.32
2025-11-26,10:48:33.861108609,T,IBM,F I,10,302.32
2025-11-26,10:48:59.586894620,T,IBM,F I,11,302.15
2025-11-26,10:48:59.587042294,T,IBM,F I,1,302.14
2025-11-26,10:48:59.587042294,T,IBM,F I,10,302.14
2025-11-26,10:49:10.666907608,T,IBM,I,1,302.23
2025-11-26,10:50:29.464565260,T,IBM,I,24,302.2
2025-11-26,10:50:34.862858185,T,IBM,F I,16,302.2
2025-11-26,10:50:34.862858185,T,IBM,F I,1,302.2
2025-11-26,10:50:37.135085492,T,IBM,I,5,302.25
2025-11-26,10:50:37.135368102,T,IBM,F I,5,302.26
2025-11-26,10:50:37.135720034,T,IBM,,45,302.27
2025-11-26,10:50:37.135897388,T,IBM,I,15,302.27
2025-11-26,10:50:52.937033072,T,IBM,F I,1,302.31
2025-11-26,10:51:10.171022939,T,IBM,I,38,302.285
2025-11-26,10:51:10.188611852,T,IBM,I,2,302.31
2025-11-26,10:51:24.256430019,T,IBM,I,24,302.37
2025-11-26,10:51:36.938058706,T,IBM,F I,1,302.29
2025-11-26,10:51:38.185461962,T,IBM,I,1,302.23
2025-11-26,10:51:38.185461962,T,IBM,,40,302.23
2025-11-26,10:51:38.185464618,T,IBM,I,9,302.23
2025-11-26,10:51:38.185467484,T,IBM,I,28,302.23
2025-11-26,10:51:38.185467484,T,IBM,I,31,302.23
2025-11-26,10:51:38.185479480,T,IBM,F I,9,302.23
2025-11-26,10:51:38.186147018,T,IBM,F I,5,302.23
2025-11-26,10:51:38.186162126,T,IBM,F I,8,302.21
2025-11-26,10:51:38.186216235,T,IBM,F I,1,302.21
2025-11-26,10:51:38.186240711,T,IBM,F I,1,302.21
2025-11-26,10:51:38.186291450,T,IBM,I,2,302.21
2025-11-26,10:51:38.186294371,T,IBM,F I,10,302.21
2025-11-26,10:51:38.186321415,T,IBM,I,18,302.21
2025-11-26,10:51:42.195730626,T,IBM,I,11,302.19
2025-11-26,10:52:09.953418109,T,IBM,F I,10,302.31
2025-11-26,10:52:09.953421082,T,IBM,F I,20,302.33
2025-11-26,10:52:09.953442029,T,IBM,F I,20,302.33
2025-11-26,10:52:09.953445281,T,IBM,F I,20,302.33
2025-11-26,10:52:09.953445281,T,IBM,F I,4,302.33
2025-11-26,10:52:09.953448156,T,IBM,F I,20,302.33
2025-11-26,10:52:16.249967174,T,IBM,F I,1,302.34
2025-11-26,10:52:17.298280906,T,IBM,I,3,302.35
2025-11-26,10:52:17.298374281,T,IBM,F I,21,302.35
2025-11-26,10:52:34.682412018,T,IBM,I,1,302.22
2025-11-26,10:53:02.210331372,T,IBM,F I,8,302.25
2025-11-26,10:53:02.210334326,T,IBM,F I,32,302.24
