DATE,TIME_M,EX,SYM_ROOT,TR_SCOND,SIZE,PRICE
2025-10-20,9:31:06.960320173,T,IBM,,100,281.88
2025-10-20,9:31:06.960323231,T,IBM,Q,100,281.88
2025-10-20,9:31:06.960915639,T,IBM,I,20,281.85
2025-10-20,9:31:06.960945659,T,IBM,I,20,281.85
2025-10-20,9:31:06.962440206,T,IBM,F,100,281.81
2025-10-20,9:31:06.962443319,T,IBM,F I,10,281.8
2025-10-20,9:31:06.962464318,T,IBM,I,20,281.8
2025-10-20,9:31:06.962566560,T,IBM,F I,73,281.8
2025-10-20,9:31:06.962566560,T,IBM,F I,9,281.8
2025-10-20,9:31:06.962590768,T,IBM,I,1,281.8
2025-10-20,9:31:06.962650760,T,IBM,I,1,281.8
2025-10-20,9:31:06.962786421,T,IBM,I,81,281.8
2025-10-20,9:31:06.962798093,T,IBM,I,8,281.8
2025-10-20,9:31:06.963068751,T,IBM,,100,281.79
2025-10-20,9:31:06.963522897,T,IBM,F,100,281.7
2025-10-20,9:31:06.963552961,T,IBM,,100,281.7
2025-10-20,9:31:06.995275446,T,IBM,,100,281.695
2025-10-20,9:31:07.001407045,T,IBM,,100,281.695
2025-10-20,9:31:07.043634009,T,IBM,F I,10,281.695
2025-10-20,9:31:07.043636612,T,IBM,F I,5,281.695
2025-10-20,9:31:07.099895008,T,IBM,F I,20,281.51
2025-10-20,9:31:07.099895008,T,IBM,F I,20,281.5
2025-10-20,9:31:07.099901357,T,IBM,F,200,281.5
2025-10-20,9:31:07.099901357,T,IBM,F,200,281.5
2025-10-20,9:31:07.099903636,T,IBM,F,200,281.5
2025-10-20,9:31:07.099903636,T,IBM,F,100,281.5
2025-10-20,9:31:07.099906536,T,IBM,F,180,281.5
2025-10-20,9:31:07.099958009,T,IBM,F I,20,281.5
2025-10-20,9:31:08.067565123,T,IBM,F,100,281.53
2025-10-20,9:31:23.253143640,T,IBM,F I,1,281.67
2025-10-20,9:31:25.231048241,T,IBM,F,100,281.6
2025-10-20,9:31:28.454927097,T,IBM,F I,82,281.45
2025-10-20,9:31:28.454930160,T,IBM,F,206,281.45
2025-10-20,9:31:28.454966701,T,IBM,F I,11,281.4
2025-10-20,9:31:28.454969228,T,IBM,F I,5,281.38
2025-10-20,9:31:28.455739122,T,IBM,I,3,281.3
2025-10-20,9:31:28.455802304,T,IBM,I,2,281.28
2025-10-20,9:31:28.455805176,T,IBM,I,6,281.28
2025-10-20,9:31:28.455805176,T,IBM,I,1,281.28
2025-10-20,9:31:28.456541961,T,IBM,F I,50,281.17
2025-10-20,9:31:28.456566166,T,IBM,F I,70,281.17
2025-10-20,9:31:28.456566166,T,IBM,F I,60,281.17
2025-10-20,9:31:28.456638168,T,IBM,F I,1,281.17
2025-10-20,9:31:28.456773563,T,IBM,I,19,281.17
2025-10-20,9:31:28.457938283,T,IBM,I,12,281.05
2025-10-20,9:31:28.458229155,T,IBM,F I,1,281.0
2025-10-20,9:31:28.458502664,T,IBM,I,9,281.15
2025-10-20,9:31:28.458725232,T,IBM,I,4,280.96
2025-10-20,9:31:28.469262386,T,IBM,I,12,280.97
2025-10-20,9:31:28.469265256,T,IBM,I,37,280.99
2025-10-20,9:31:28.470432074,T,IBM,F,100,280.96
2025-10-20,9:31:28.472897912,T,IBM,I,12,281.18
2025-10-20,9:31:28.472900992,T,IBM,I,11,281.21
2025-10-20,9:31:37.747751962,T,IBM,F I,1,281.155
2025-10-20,9:31:39.271864341,T,IBM,F I,12,281.13
2025-10-20,9:31:39.272107962,T,IBM,F I,12,281.1
2025-10-20,9:31:42.073051017,T,IBM,F I,1,281.2
2025-10-20,9:31:42.312228419,T,IBM,F,150,281.365
2025-10-20,9:31:49.330552430,T,IBM,F I,20,281.32
2025-10-20,9:31:50.243540981,T,IBM,I,1,281.21
2025-10-20,9:31:50.243540981,T,IBM,I,1,281.21
2025-10-20,9:31:55.475630767,T,IBM,F I,37,281.55
2025-10-20,9:31:55.475633748,T,IBM,F I,34,281.55
2025-10-20,9:32:00.215971814,T,IBM,F,100,281.6
2025-10-20,9:32:01.343905988,T,IBM,I,67,281.67
2025-10-20,9:32:08.591068856,T,IBM,F I,20,281.72
2025-10-20,9:32:08.591072051,T,IBM,F,100,281.72
2025-10-20,9:32:08.591072051,T,IBM,F I,1,281.73
2025-10-20,9:32:08.591074980,T,IBM,F I,39,281.73
2025-10-20,9:32:08.591090376,T,IBM,I,1,281.73
2025-10-20,9:32:08.591096258,T,IBM,F,160,281.73
2025-10-20,9:32:08.591096258,T,IBM,F I,2,281.73
2025-10-20,9:32:08.591096258,T,IBM,F I,4,281.73
2025-10-20,9:32:08.591962016,T,IBM,F I,1,281.9
2025-10-20,9:32:08.592398049,T,IBM,F I,83,281.94
2025-10-20,9:32:08.614088751,T,IBM,F I,88,281.99
2025-10-20,9:32:08.614148907,T,IBM,F I,12,281.99
2025-10-20,9:32:08.614148907,T,IBM,F I,43,282.0
2025-10-20,9:32:08.614221001,T,IBM,F I,45,282.0
2025-10-20,9:32:08.614753320,T,IBM,F I,1,282.01
2025-10-20,9:32:08.614798360,T,IBM,F I,1,281.99
2025-10-20,9:32:08.627028570,T,IBM,F I,1,282.08
2025-10-20,9:32:08.627076628,T,IBM,F I,8,282.12
2025-10-20,9:32:08.628066029,T,IBM,F I,10,282.12
2025-10-20,9:32:22.480459585,T,IBM,I,6,282.31
2025-10-20,9:32:28.826025095,T,IBM,I,6,282.32
2025-10-20,9:32:34.359949400,T,IBM,I,3,282.45
2025-10-20,9:32:34.359952426,T,IBM,I,5,282.45
2025-10-20,9:32:34.386523730,T,IBM,,100,282.46
2025-10-20,9:32:34.386986759,T,IBM,I,50,282.5
2025-10-20,9:32:34.950113411,T,IBM,F,100,282.37
2025-10-20,9:32:38.950362579,T,IBM,I,20,282.49
2025-10-20,9:32:44.510692722,T,IBM,I,20,282.59
2025-10-20,9:32:46.495730355,T,IBM,I,7,282.6
2025-10-20,9:32:46.496148395,T,IBM,I,13,282.6
2025-10-20,9:33:07.364842254,T,IBM,F I,2,282.8
2025-10-20,9:33:07.364845170,T,IBM,F I,2,282.8
2025-10-20,9:33:14.447510479,T,IBM,F I,25,282.88
2025-10-20,9:33:14.447552585,T,IBM,F I,1,282.88
2025-10-20,9:33:14.447576704,T,IBM,F I,74,282.88
2025-10-20,9:33:14.447582657,T,IBM,F I,25,282.9
2025-10-20,9:33:14.447630780,T,IBM,F I,65,282.96
2025-10-20,9:33:14.454911123,T,IBM,I,41,283.0
2025-10-20,9:33:14.454932167,T,IBM,I,1,283.0
2025-10-20,9:33:20.319878565,T,IBM,F,100,282.71
2025-10-20,9:33:20.319878565,T,IBM,F I,29,282.7
2025-10-20,9:33:45.687273189,T,IBM,I,20,282.52
2025-10-20,9:33:45.687273189,T,IBM,I,16,282.51
2025-10-20,9:33:45.687294348,T,IBM,F I,24,282.51
2025-10-20,9:33:45.687297298,T,IBM,F I,71,282.51
2025-10-20,9:33:46.060356317,T,IBM,I,22,282.375
2025-10-20,9:33:46.563908115,T,IBM,I,51,282.26
2025-10-20,9:33:46.564554686,T,IBM,F I,49,282.26
2025-10-20,9:33:46.759842574,T,IBM,F I,51,282.25
2025-10-20,9:34:06.347967904,T,IBM,I,5,281.81
2025-10-20,9:34:06.439915212,T,IBM,I,12,281.86
2025-10-20,9:34:06.439915212,T,IBM,I,12,281.89
2025-10-20,9:34:06.439915212,T,IBM,I,76,281.9
2025-10-20,9:34:26.724877127,T,IBM,,100,281.98
2025-10-20,9:34:27.603400546,T,IBM,I,37,281.91
2025-10-20,9:34:27.603400546,T,IBM,I,12,281.9
2025-10-20,9:34:29.689557031,T,IBM,F I,2,281.99
2025-10-20,9:34:29.689629278,T,IBM,F I,2,282.0
2025-10-20,9:34:40.272353978,T,IBM,I,10,281.93
2025-10-20,9:34:40.389389572,T,IBM,I,10,281.93
2025-10-20,9:34:41.697738166,T,IBM,I,6,281.98
2025-10-20,9:34:41.698384732,T,IBM,I,10,282.0
2025-10-20,9:34:54.808295841,T,IBM,I,16,281.82
2025-10-20,9:34:55.156897639,T,IBM,F,100,281.54
2025-10-20,9:34:55.156945829,T,IBM,I,90,281.54
2025-10-20,9:34:55.156951783,T,IBM,I,10,281.54
2025-10-20,9:34:55.157457029,T,IBM,F I,40,281.54
2025-10-20,9:34:55.157463012,T,IBM,F I,60,281.54
2025-10-20,9:34:55.158443315,T,IBM,F I,12,281.58
2025-10-20,9:34:55.158786155,T,IBM,F,100,281.58
2025-10-20,9:34:56.197347626,T,IBM,I,12,281.58
2025-10-20,9:34:56.197347626,T,IBM,I,13,281.56
2025-10-20,9:35:00.134945556,T,IBM,I,9,281.78
2025-10-20,9:35:00.223629698,T,IBM,I,7,281.82
2025-10-20,9:35:00.325286688,T,IBM,I,9,281.83
2025-10-20,9:35:13.787609614,T,IBM,I,10,281.765
2025-10-20,9:35:17.135693102,T,IBM,F I,4,281.88
2025-10-20,9:35:36.767861214,T,IBM,I,5,281.69
2025-10-20,9:35:42.385769420,T,IBM,F I,4,281.97
2025-10-20,9:35:42.385772473,T,IBM,F I,2,281.97
2025-10-20,9:35:59.942258193,T,IBM,F,100,282.17
2025-10-20,9:36:02.316879319,T,IBM,F I,4,282.38
2025-10-20,9:36:02.316969466,T,IBM,F I,1,282.4
2025-10-20,9:36:07.411809507,T,IBM,F I,3,282.5
2025-10-20,9:36:07.412236487,T,IBM,F,100,282.46
2025-10-20,9:36:07.415757849,T,IBM,F,100,282.46
2025-10-20,9:36:07.461995964,T,IBM,I,43,282.495
2025-10-20,9:36:30.197326719,T,IBM,I,2,282.5
2025-10-20,9:36:30.197356887,T,IBM,F,100,282.5
2025-10-20,9:36:30.197543316,T,IBM,I,30,282.6
2025-10-20,9:36:30.198102611,T,IBM,I,2,282.54
2025-10-20,9:36:30.198673991,T,IBM,I,25,282.54
2025-10-20,9:36:30.200138393,T,IBM,I,25,282.54
2025-10-20,9:36:30.200267770,T,IBM,I,25,282.54
2025-10-20,9:36:32.520423234,T,IBM,F I,2,282.7
2025-10-20,9:36:32.520450692,T,IBM,F I,13,282.7
2025-10-20,9:36:32.520453325,T,IBM,F I,6,282.7
2025-10-20,9:36:36.935366499,T,IBM,I,7,282.83
2025-10-20,9:36:36.935366499,T,IBM,I,2,282.83
2025-10-20,9:36:49.959957711,T,IBM,,100,282.97
2025-10-20,9:36:49.959957711,T,IBM,I,8,283.0
2025-10-20,9:36:49.959960737,T,IBM,I,2,283.0
2025-10-20,9:36:49.959963725,T,IBM,I,1,283.0
2025-10-20,9:36:49.960336855,T,IBM,I,9,283.0
2025-10-20,9:36:49.960336855,T,IBM,I,88,283.0
2025-10-20,9:36:49.960339611,T,IBM,I,3,283.0
2025-10-20,9:36:49.960381744,T,IBM,F I,58,283.01
2025-10-20,9:36:49.961244771,T,IBM,I,1,283.2
2025-10-20,9:36:49.961356014,T,IBM,F I,18,283.26
2025-10-20,9:36:49.961924334,T,IBM,F,100,283.3
2025-10-20,9:36:49.962468666,T,IBM,F,100,283.3
2025-10-20,9:36:49.962474666,T,IBM,I,88,283.31
2025-10-20,9:36:50.169379227,T,IBM,I,15,283.22
2025-10-20,9:36:50.858536512,T,IBM,F I,15,283.27
2025-10-20,9:36:50.858539222,T,IBM,F I,6,283.32
2025-10-20,9:36:50.858541825,T,IBM,F I,12,283.32
2025-10-20,9:36:53.163619435,T,IBM,I,1,283.26
2025-10-20,9:36:53.163622411,T,IBM,I,1,283.26
2025-10-20,9:36:53.163790797,T,IBM,,200,283.27
2025-10-20,9:36:53.163817830,T,IBM,I,10,283.32
2025-10-20,9:36:58.722903015,T,IBM,I,7,283.42
2025-10-20,9:36:58.723570610,T,IBM,F I,5,283.44
2025-10-20,9:36:58.724220191,T,IBM,F I,50,283.5
2025-10-20,9:36:58.736729952,T,IBM,,100,283.45
2025-10-20,9:37:00.156103000,T,IBM,F I,12,283.46
2025-10-20,9:37:00.156105920,T,IBM,F I,88,283.46
2025-10-20,9:37:00.156124665,T,IBM,F I,8,283.49
2025-10-20,9:37:00.156127011,T,IBM,F I,4,283.49
2025-10-20,9:37:00.156181149,T,IBM,I,33,283.49
2025-10-20,9:37:00.156229532,T,IBM,I,18,283.49
2025-10-20,9:37:00.156229532,T,IBM,F,169,283.49
2025-10-20,9:37:00.156232315,T,IBM,I,1,283.49
2025-10-20,9:37:00.156235632,T,IBM,I,33,283.49
2025-10-20,9:37:00.156235632,T,IBM,F I,89,283.49
2025-10-20,9:37:00.156238284,T,IBM,F I,57,283.49
2025-10-20,9:37:00.156313486,T,IBM,F I,12,283.48
2025-10-20,9:37:00.156563034,T,IBM,I,51,283.46
2025-10-20,9:37:00.156572118,T,IBM,I,32,283.51
2025-10-20,9:37:00.156581097,T,IBM,I,68,283.51
2025-10-20,9:37:00.156584861,T,IBM,I,49,283.46
2025-10-20,9:37:00.156590096,T,IBM,,100,283.42
2025-10-20,9:37:00.156590096,T,IBM,I,20,283.42
2025-10-20,9:37:00.156590096,T,IBM,I,32,283.41
2025-10-20,9:37:00.156593170,T,IBM,I,35,283.4
2025-10-20,9:37:00.477637441,T,IBM,F I,65,283.4
2025-10-20,9:37:00.477643559,T,IBM,F,200,283.4
2025-10-20,9:37:00.477646527,T,IBM,F,100,283.4
2025-10-20,9:37:00.477649575,T,IBM,F,100,283.4
2025-10-20,9:37:00.477658647,T,IBM,F I,25,283.4
2025-10-20,9:37:00.477986362,T,IBM,I,56,283.33
2025-10-20,9:37:00.478016407,T,IBM,F I,44,283.33
2025-10-20,9:37:00.478025380,T,IBM,,100,283.33
2025-10-20,9:37:00.478103626,T,IBM,F I,1,283.22
2025-10-20,9:37:11.098782483,T,IBM,F,100,283.12
2025-10-20,9:37:11.098782483,T,IBM,F,100,283.12
2025-10-20,9:37:11.098788137,T,IBM,F,400,283.12
2025-10-20,9:37:11.098788137,T,IBM,F,100,283.12
2025-10-20,9:37:11.098790545,T,IBM,F,400,283.12
2025-10-20,9:37:11.098794832,T,IBM,F,200,283.12
2025-10-20,9:37:11.098794832,T,IBM,F,100,283.12
2025-10-20,9:37:11.098796875,T,IBM,F I,1,283.12
2025-10-20,9:37:11.098796875,T,IBM,F I,4,283.12
2025-10-20,9:37:11.099452116,T,IBM,F I,3,283.05
2025-10-20,9:37:11.099470448,T,IBM,F I,97,283.05
2025-10-20,9:37:11.099473649,T,IBM,F I,3,283.03
2025-10-20,9:37:11.099476210,T,IBM,F,100,283.03
2025-10-20,9:37:11.099476210,T,IBM,F I,3,283.03
2025-10-20,9:37:11.099503467,T,IBM,F I,97,283.03
2025-10-20,9:37:11.099506245,T,IBM,F I,3,283.03
2025-10-20,9:37:11.099521341,T,IBM,F I,63,283.03
2025-10-20,9:37:11.099521341,T,IBM,F I,34,283.03
2025-10-20,9:37:17.918260426,T,IBM,I,13,283.23
2025-10-20,9:37:17.918263386,T,IBM,I,4,283.23
2025-10-20,9:37:17.918314498,T,IBM,F I,80,283.23
2025-10-20,9:37:17.918321303,T,IBM,I,20,283.23
2025-10-20,9:37:17.918323884,T,IBM,I,80,283.23
2025-10-20,9:37:17.918326557,T,IBM,F,100,283.23
2025-10-20,9:37:17.918329561,T,IBM,F I,20,283.23
2025-10-20,9:37:17.918329561,T,IBM,F,180,283.23
2025-10-20,9:37:17.918341703,T,IBM,F I,20,283.23
2025-10-20,9:37:17.918341703,T,IBM,F I,83,283.23
2025-10-20,9:37:17.918344592,T,IBM,I,1,283.23
2025-10-20,9:37:17.918350563,T,IBM,F,400,283.26
2025-10-20,9:37:17.918350563,T,IBM,F I,20,283.23
2025-10-20,9:37:17.918356577,T,IBM,F,296,283.23
2025-10-20,9:37:22.980042629,T,IBM,I,19,283.21
2025-10-20,9:37:23.010610526,T,IBM,I,1,283.25
2025-10-20,9:37:23.037037379,T,IBM,I,1,283.28
2025-10-20,9:37:25.042887573,T,IBM,I,25,283.34
2025-10-20,9:37:25.042890575,T,IBM,I,22,283.36
2025-10-20,9:37:30.662783587,T,IBM,I,11,283.37
2025-10-20,9:37:33.436418612,T,IBM,I,25,283.21
2025-10-20,9:37:33.436656117,T,IBM,I,20,283.21
2025-10-20,9:37:33.436656117,T,IBM,I,25,283.215
2025-10-20,9:37:42.034740171,T,IBM,I,17,283.22
2025-10-20,9:37:43.843891949,T,IBM,F I,69,283.1
2025-10-20,9:37:43.844033320,T,IBM,F,200,283.09
2025-10-20,9:37:43.844036343,T,IBM,F,1000,283.09
2025-10-20,9:37:43.844054300,T,IBM,I,1,283.13
2025-10-20,9:37:43.844069357,T,IBM,F I,99,283.13
2025-10-20,9:37:51.044507235,T,IBM,F I,11,283.13
2025-10-20,9:37:51.044579163,T,IBM,F,158,283.13
2025-10-20,9:37:51.044588080,T,IBM,,142,283.13
2025-10-20,9:37:51.044822652,T,IBM,I,8,283.07
2025-10-20,9:37:58.714843223,T,IBM,,100,283.27
2025-10-20,9:37:58.714885280,T,IBM,F I,17,283.29
2025-10-20,9:37:58.715126610,T,IBM,,100,283.27
2025-10-20,9:37:58.715128943,T,IBM,,100,283.27
2025-10-20,9:37:59.578592494,T,IBM,F I,90,283.33
2025-10-20,9:38:01.805754679,T,IBM,F I,21,283.38
2025-10-20,9:38:01.805787724,T,IBM,F I,3,283.4
2025-10-20,9:38:17.897525320,T,IBM,I,25,283.36
2025-10-20,9:38:23.905913140,T,IBM,F,100,283.41
2025-10-20,9:38:23.905913140,T,IBM,F I,50,283.4
2025-10-20,9:38:39.684136299,T,IBM,F I,61,283.24
2025-10-20,9:38:39.684142447,T,IBM,F I,24,283.24
2025-10-20,9:38:39.684157436,T,IBM,I,15,283.24
2025-10-20,9:38:39.684160443,T,IBM,I,11,283.25
2025-10-20,9:38:39.684160443,T,IBM,I,35,283.25
2025-10-20,9:38:39.684163732,T,IBM,F I,1,283.25
2025-10-20,9:38:39.684163732,T,IBM,F I,1,283.25
2025-10-20,9:38:39.684179160,T,IBM,I,1,283.25
2025-10-20,9:38:46.858935230,T,IBM,F,100,283.06
2025-10-20,9:38:46.858935230,T,IBM,F I,25,283.06
2025-10-20,9:38:46.858938001,T,IBM,F I,25,283.05
2025-10-20,9:38:46.869291653,T,IBM,I,15,282.92
2025-10-20,9:38:46.874376679,T,IBM,I,25,282.965
2025-10-20,9:38:52.164357190,T,IBM,F I,72,282.91
2025-10-20,9:39:04.123714182,T,IBM,,100,283.01
2025-10-20,9:39:11.003026194,T,IBM,F I,5,283.2
2025-10-20,9:39:11.003026194,T,IBM,F I,35,283.2
2025-10-20,9:39:24.371943809,T,IBM,I,51,282.975
2025-10-20,9:39:27.896980492,T,IBM,I,14,283.08
2025-10-20,9:39:27.897025634,T,IBM,I,81,283.11
2025-10-20,9:39:27.897025634,T,IBM,I,50,283.11
2025-10-20,9:39:27.897052646,T,IBM,I,1,283.11
2025-10-20,9:39:27.897079754,T,IBM,,100,283.11
2025-10-20,9:39:27.897534156,T,IBM,F I,10,283.11
2025-10-20,9:39:27.897534156,T,IBM,F I,10,283.11
2025-10-20,9:39:27.897579449,T,IBM,F I,50,283.11
2025-10-20,9:39:27.897582250,T,IBM,F I,36,283.11
2025-10-20,9:39:27.897582250,T,IBM,F I,14,283.11
2025-10-20,9:39:27.897587941,T,IBM,F I,5,283.11
2025-10-20,9:39:27.897587941,T,IBM,F I,45,283.11
2025-10-20,9:39:27.900024482,T,IBM,I,31,283.11
2025-10-20,9:39:27.900026733,T,IBM,I,13,283.11
2025-10-20,9:39:27.900030142,T,IBM,I,1,283.11
2025-10-20,9:39:27.900030142,T,IBM,I,3,283.11
2025-10-20,9:39:27.900032780,T,IBM,I,52,283.11
2025-10-20,9:39:43.264001818,T,IBM,F I,54,283.19
2025-10-20,9:39:43.264016836,T,IBM,F I,32,283.23
2025-10-20,9:39:43.264092012,T,IBM,F I,80,283.24
2025-10-20,9:39:43.264116058,T,IBM,F I,10,283.24
2025-10-20,9:39:43.264122142,T,IBM,F I,5,283.27
2025-10-20,9:39:43.264855808,T,IBM,F I,1,283.35
2025-10-20,9:39:43.265102417,T,IBM,F I,50,283.35
2025-10-20,9:39:55.744569217,T,IBM,F I,1,283.02
2025-10-20,9:39:55.744571408,T,IBM,F I,5,283.02
2025-10-20,9:39:55.744715854,T,IBM,I,7,282.89
2025-10-20,9:40:01.622424491,T,IBM,I,45,282.94
2025-10-20,9:40:25.369087146,T,IBM,F I,1,283.1
2025-10-20,9:40:25.369087146,T,IBM,F I,3,283.12
2025-10-20,9:40:25.369128800,T,IBM,F I,1,283.12
2025-10-20,9:40:25.369170872,T,IBM,F I,1,283.15
2025-10-20,9:40:25.369364076,T,IBM,I,21,283.12
2025-10-20,9:40:25.369528794,T,IBM,I,83,283.05
2025-10-20,9:40:26.759037845,T,IBM,F,100,283.07
2025-10-20,9:40:29.984774970,T,IBM,F I,79,283.07
2025-10-20,9:41:16.795964394,T,IBM,F,100,283.12
2025-10-20,9:41:31.057160084,T,IBM,,100,283.05
2025-10-20,9:41:31.286675406,T,IBM,I,29,283.02
2025-10-20,9:41:34.107104858,T,IBM,F I,4,283.14
2025-10-20,9:41:34.107104858,T,IBM,F I,40,283.14
2025-10-20,9:41:34.107107863,T,IBM,F I,51,283.14
2025-10-20,9:41:34.107122828,T,IBM,I,1,283.14
2025-10-20,9:41:34.107132298,T,IBM,I,5,283.14
2025-10-20,9:41:34.107132298,T,IBM,F I,94,283.14
2025-10-20,9:41:34.107138491,T,IBM,F I,1,283.14
2025-10-20,9:41:34.107138491,T,IBM,I,25,283.14
2025-10-20,9:41:34.169145504,T,IBM,F I,20,283.23
2025-10-20,9:41:34.169148808,T,IBM,F,100,283.23
2025-10-20,9:41:34.169152288,T,IBM,F I,1,283.24
2025-10-20,9:41:34.169172566,T,IBM,F I,19,283.24
2025-10-20,9:41:49.467724255,T,IBM,F I,1,283.25
2025-10-20,9:41:49.467724255,T,IBM,F I,12,283.25
2025-10-20,9:41:49.467727100,T,IBM,F I,15,283.25
2025-10-20,9:41:53.923614647,T,IBM,I,15,283.08
2025-10-20,9:42:09.371690804,T,IBM,F,100,283.27
2025-10-20,9:42:09.371690804,T,IBM,F,100,283.27
2025-10-20,9:42:09.372087842,T,IBM,F I,7,283.29
2025-10-20,9:42:09.372788440,T,IBM,F I,1,283.29
2025-10-20,9:42:09.375281436,T,IBM,I,8,283.29
2025-10-20,9:42:09.375284381,T,IBM,I,92,283.29
2025-10-20,9:42:09.375302425,T,IBM,I,1,283.29
2025-10-20,9:42:09.375323630,T,IBM,F I,7,283.29
2025-10-20,9:42:09.375697175,T,IBM,F I,2,283.29
2025-10-20,9:42:21.004428064,T,IBM,F I,7,283.32
2025-10-20,9:42:34.338997816,T,IBM,F I,32,282.94
2025-10-20,9:42:34.339000747,T,IBM,F I,68,282.93
2025-10-20,9:42:34.339217259,T,IBM,F I,5,282.93
2025-10-20,9:42:34.339226367,T,IBM,F I,27,282.93
2025-10-20,9:42:34.339572136,T,IBM,F I,2,282.91
2025-10-20,9:42:34.339632296,T,IBM,F,100,282.91
2025-10-20,9:42:34.339647346,T,IBM,F I,39,282.91
2025-10-20,9:42:34.339653314,T,IBM,F I,1,282.91
2025-10-20,9:42:34.339933005,T,IBM,F,100,282.88
2025-10-20,9:42:37.321338661,T,IBM,I,12,282.97
2025-10-20,9:42:38.285590214,T,IBM,F I,21,283.0
2025-10-20,9:42:40.414890232,T,IBM,I,25,282.975
2025-10-20,9:42:40.414917362,T,IBM,I,75,282.975
2025-10-20,9:42:40.417431387,T,IBM,,100,282.975
2025-10-20,9:43:12.366471316,T,IBM,F I,7,282.97
2025-10-20,9:43:12.366522444,T,IBM,F,100,282.97
2025-10-20,9:43:17.469662075,T,IBM,F,100,283.07
2025-10-20,9:43:17.807510352,T,IBM,F I,19,283.06
2025-10-20,9:43:31.232222682,T,IBM,F I,12,283.0
2025-10-20,9:43:31.234917057,T,IBM,F,100,283.015
2025-10-20,9:43:31.234920107,T,IBM,F I,50,283.03
2025-10-20,9:43:31.234962193,T,IBM,F I,50,283.03
2025-10-20,9:43:33.068917110,T,IBM,F I,4,283.11
2025-10-20,9:43:33.068968309,T,IBM,F,100,283.11
2025-10-20,9:43:33.069275541,T,IBM,I,18,283.1
2025-10-20,9:43:33.069404451,T,IBM,I,45,283.06
2025-10-20,9:43:33.069407300,T,IBM,I,10,283.05
2025-10-20,9:43:38.516550894,T,IBM,F I,12,283.18
2025-10-20,9:43:38.516560016,T,IBM,F I,19,283.2
2025-10-20,9:43:38.516680833,T,IBM,F I,12,283.2
2025-10-20,9:43:38.517185419,T,IBM,I,4,283.28
2025-10-20,9:43:38.517188498,T,IBM,I,7,283.28
2025-10-20,9:43:38.518123724,T,IBM,F,100,283.3
2025-10-20,9:43:38.518168822,T,IBM,I,1,283.3
2025-10-20,9:43:41.412974253,T,IBM,F,100,283.37
2025-10-20,9:43:41.413086082,T,IBM,,100,283.37
2025-10-20,9:43:41.413158312,T,IBM,,100,283.29
2025-10-20,9:43:41.413160777,T,IBM,I,2,283.28
2025-10-20,9:43:41.413221187,T,IBM,,100,283.32
2025-10-20,9:43:41.413223941,T,IBM,I,2,283.31
2025-10-20,9:43:41.413440370,T,IBM,,100,283.42
2025-10-20,9:43:41.413440370,T,IBM,I,34,283.36
2025-10-20,9:43:41.422031792,T,IBM,F I,22,283.41
2025-10-20,9:43:44.275828750,T,IBM,F I,13,283.38
2025-10-20,9:43:44.276171561,T,IBM,I,43,283.38
2025-10-20,9:44:02.342157102,T,IBM,F I,49,283.16
2025-10-20,9:44:02.342178121,T,IBM,F I,51,283.16
2025-10-20,9:44:02.342181557,T,IBM,F,100,283.16
2025-10-20,9:44:02.342181557,T,IBM,F I,95,283.16
2025-10-20,9:44:02.342184452,T,IBM,F I,5,283.16
2025-10-20,9:44:03.763112162,T,IBM,I,25,283.16
2025-10-20,9:44:03.763112162,T,IBM,I,75,283.17
2025-10-20,9:44:05.746486581,T,IBM,F I,25,283.06
2025-10-20,9:44:05.746892578,T,IBM,F,100,283.02
2025-10-20,9:44:05.769933429,T,IBM,I,4,282.92
2025-10-20,9:44:06.782401711,T,IBM,I,25,282.91
2025-10-20,9:44:06.782401711,T,IBM,I,75,282.92
2025-10-20,9:44:07.628144076,T,IBM,,100,283.05
2025-10-20,9:44:07.628147238,T,IBM,I,34,283.05
2025-10-20,9:44:07.628147238,T,IBM,,100,283.05
2025-10-20,9:44:07.637133190,T,IBM,F I,25,283.11
2025-10-20,9:44:07.637136229,T,IBM,F I,7,283.15
2025-10-20,9:44:07.637138574,T,IBM,F,100,283.15
2025-10-20,9:44:07.637138574,T,IBM,F I,13,283.15
2025-10-20,9:44:07.637156517,T,IBM,I,1,283.15
2025-10-20,9:44:07.637156517,T,IBM,I,1,283.15
2025-10-20,9:44:10.917254304,T,IBM,I,5,283.15
2025-10-20,9:44:33.345346546,T,IBM,F I,8,283.15
2025-10-20,9:44:33.345439580,T,IBM,F I,8,283.16
2025-10-20,9:44:42.695667997,T,IBM,F,100,283.01
2025-10-20,9:45:00.697090050,T,IBM,F I,13,283.09
2025-10-20,9:45:00.697090050,T,IBM,F I,2,283.09
2025-10-20,9:45:00.697092780,T,IBM,F I,17,283.09
2025-10-20,9:45:00.697092780,T,IBM,F I,99,283.09
2025-10-20,9:45:00.697095622,T,IBM,F I,1,283.09
2025-10-20,9:45:00.697429419,T,IBM,F,100,283.11
2025-10-20,9:45:02.401998367,T,IBM,F I,13,283.18
2025-10-20,9:45:20.254839372,T,IBM,I,45,283.0
2025-10-20,9:45:20.378938768,T,IBM,I,45,283.06
2025-10-20,9:45:20.378950806,T,IBM,F I,55,283.06
2025-10-20,9:45:22.487723983,T,IBM,F I,14,283.18
2025-10-20,9:45:22.487723983,T,IBM,F I,7,283.18
2025-10-20,9:45:22.488511860,T,IBM,F I,1,283.21
2025-10-20,9:45:26.585236655,T,IBM,F I,10,283.2
2025-10-20,9:45:26.585239788,T,IBM,F I,5,283.2
2025-10-20,9:45:26.585239788,T,IBM,F I,37,283.2
2025-10-20,9:45:26.585248713,T,IBM,F I,17,283.2
2025-10-20,9:45:26.585588913,T,IBM,I,3,283.24
2025-10-20,9:45:26.585588913,T,IBM,I,61,283.24
2025-10-20,9:45:32.719194366,T,IBM,F I,32,283.2
2025-10-20,9:45:32.719194366,T,IBM,F I,22,283.2
2025-10-20,9:45:34.573044730,T,IBM,I,6,283.24
2025-10-20,9:45:34.573095888,T,IBM,I,19,283.26
2025-10-20,9:45:37.428408516,T,IBM,F I,9,283.36
2025-10-20,9:45:37.428411344,T,IBM,F I,28,283.36
2025-10-20,9:45:37.428435631,T,IBM,I,1,283.36
2025-10-20,9:45:37.428441455,T,IBM,F I,7,283.36
2025-10-20,9:45:37.428444467,T,IBM,F I,80,283.37
2025-10-20,9:45:37.428504643,T,IBM,F I,20,283.37
2025-10-20,9:45:37.428534720,T,IBM,I,53,283.39
2025-10-20,9:45:37.428579994,T,IBM,F I,2,283.4
2025-10-20,9:45:37.428582943,T,IBM,F I,7,283.4
2025-10-20,9:45:37.428582943,T,IBM,F I,3,283.43
2025-10-20,9:45:37.429076004,T,IBM,I,18,283.36
2025-10-20,9:45:37.429334556,T,IBM,F I,1,283.41
2025-10-20,9:45:53.812691433,T,IBM,F I,6,283.36
2025-10-20,9:45:53.812694830,T,IBM,F I,11,283.36
2025-10-20,9:45:53.812697524,T,IBM,F I,17,283.36
2025-10-20,9:45:56.698216818,T,IBM,I,3,283.43
2025-10-20,9:45:59.340225466,T,IBM,F I,11,283.41
2025-10-20,9:46:03.999264996,T,IBM,I,7,283.5
2025-10-20,9:46:03.999264996,T,IBM,I,2,283.5
2025-10-20,9:46:03.999267928,T,IBM,I,12,283.5
2025-10-20,9:46:04.000097818,T,IBM,F I,1,283.61
2025-10-20,9:46:04.000188085,T,IBM,F I,1,283.61
2025-10-20,9:46:05.822695056,T,IBM,F I,21,283.55
2025-10-20,9:46:05.822698530,T,IBM,F I,21,283.55
2025-10-20,9:46:05.822703740,T,IBM,F I,79,283.55
2025-10-20,9:46:05.822758509,T,IBM,F I,32,283.61
2025-10-20,9:46:05.822761090,T,IBM,F I,45,283.61
2025-10-20,9:46:05.822761090,T,IBM,F I,2,283.61
2025-10-20,9:46:05.822782005,T,IBM,F I,16,283.61
2025-10-20,9:46:05.822782005,T,IBM,F I,8,283.61
2025-10-20,9:46:14.953992904,T,IBM,F,100,283.52
2025-10-20,9:46:15.749374423,T,IBM,I,14,283.47
2025-10-20,9:46:38.850718105,T,IBM,F,186,283.7
2025-10-20,9:46:38.850733191,T,IBM,F I,14,283.7
2025-10-20,9:46:38.850739151,T,IBM,F I,2,283.7
2025-10-20,9:46:38.850739151,T,IBM,F I,2,283.7
2025-10-20,9:46:38.850739151,T,IBM,F I,10,283.7
2025-10-20,9:46:38.850742148,T,IBM,F,103,283.7
2025-10-20,9:46:38.850796483,T,IBM,I,1,283.71
2025-10-20,9:46:38.850820342,T,IBM,F I,4,283.72
2025-10-20,9:46:38.850823573,T,IBM,F I,1,283.72
2025-10-20,9:46:44.151734912,T,IBM,F I,4,283.82
2025-10-20,9:46:44.151804081,T,IBM,F I,80,283.82
2025-10-20,9:46:44.151822114,T,IBM,I,1,283.83
2025-10-20,9:46:44.151825162,T,IBM,I,1,283.83
2025-10-20,9:46:44.151882284,T,IBM,F I,4,283.92
2025-10-20,9:46:44.151882284,T,IBM,F I,7,283.92
2025-10-20,9:46:44.151906337,T,IBM,F I,14,283.95
2025-10-20,9:46:44.151909489,T,IBM,F I,63,283.95
2025-10-20,9:46:44.151909489,T,IBM,F I,7,283.95
2025-10-20,9:46:44.151915313,T,IBM,F I,31,283.95
2025-10-20,9:46:44.151958008,T,IBM,I,18,283.95
2025-10-20,9:46:44.152002606,T,IBM,F I,3,283.96
2025-10-20,9:46:44.152006070,T,IBM,F I,7,283.96
2025-10-20,9:46:44.152011550,T,IBM,F I,6,283.97
2025-10-20,9:46:44.152015054,T,IBM,F I,7,283.97
2025-10-20,9:46:44.152026743,T,IBM,I,2,283.95
2025-10-20,9:46:44.152029651,T,IBM,I,98,283.95
2025-10-20,9:46:44.152321363,T,IBM,F I,7,283.98
2025-10-20,9:46:44.152381515,T,IBM,F I,7,283.99
2025-10-20,9:46:44.153136317,T,IBM,F I,1,284.07
2025-10-20,9:46:44.153163399,T,IBM,F I,15,284.07
2025-10-20,9:46:44.153190581,T,IBM,I,14,284.02
2025-10-20,9:46:44.153193351,T,IBM,I,20,284.07
2025-10-20,9:46:44.153728674,T,IBM,F I,4,284.12
2025-10-20,9:46:44.153830907,T,IBM,F,612,284.12
2025-10-20,9:46:44.153833907,T,IBM,F,306,284.12
2025-10-20,9:46:44.153852380,T,IBM,F I,84,284.12
2025-10-20,9:46:44.155740415,T,IBM,F I,32,284.05
2025-10-20,9:46:44.155740415,T,IBM,F I,5,284.04
2025-10-20,9:46:44.155743728,T,IBM,F I,72,284.0
2025-10-20,9:46:44.155806946,T,IBM,F I,73,284.04
2025-10-20,9:46:44.155812622,T,IBM,F I,83,284.01
2025-10-20,9:46:44.155815661,T,IBM,F,117,284.04
2025-10-20,9:46:44.155827708,T,IBM,F I,10,284.04
2025-10-20,9:46:44.156564558,T,IBM,F,100,284.05
2025-10-20,9:46:44.164022587,T,IBM,I,15,284.11
2025-10-20,9:46:44.164025287,T,IBM,I,5,284.11
2025-10-20,9:46:44.164025287,T,IBM,I,20,284.11
2025-10-20,9:46:44.164028164,T,IBM,I,20,284.1
2025-10-20,9:46:44.164031185,T,IBM,I,5,284.08
2025-10-20,9:46:44.177939312,T,IBM,I,20,284.11
2025-10-20,9:46:50.350173893,T,IBM,F I,50,284.01
2025-10-20,9:46:50.350178231,T,IBM,F,100,283.97
2025-10-20,9:46:50.350178231,T,IBM,F,100,283.97
2025-10-20,9:46:50.350181284,T,IBM,F I,70,283.97
2025-10-20,9:46:50.350190267,T,IBM,F I,30,283.97
2025-10-20,9:46:50.350193389,T,IBM,F I,20,283.97
2025-10-20,9:46:50.350193389,T,IBM,F I,32,283.97
2025-10-20,9:46:50.350260073,T,IBM,,100,283.98
2025-10-20,9:46:50.368061809,T,IBM,I,13,283.88
2025-10-20,9:46:52.167380192,T,IBM,F I,10,283.87
2025-10-20,9:46:52.167383568,T,IBM,F,100,283.86
2025-10-20,9:46:52.167386344,T,IBM,F,100,283.86
2025-10-20,9:46:52.167386344,T,IBM,F,991,283.86
2025-10-20,9:46:52.167389480,T,IBM,F I,9,283.86
2025-10-20,9:46:52.167389480,T,IBM,F I,1,283.86
2025-10-20,9:46:54.962366112,T,IBM,I,10,283.71
2025-10-20,9:46:54.962369135,T,IBM,I,3,283.7
2025-10-20,9:46:54.962390829,T,IBM,F I,97,283.7
2025-10-20,9:46:54.962390829,T,IBM,F,100,283.7
2025-10-20,9:46:54.962396482,T,IBM,F,100,283.7
2025-10-20,9:46:54.962396482,T,IBM,F,200,283.7
2025-10-20,9:46:54.962396482,T,IBM,F,200,283.7
2025-10-20,9:46:54.962399211,T,IBM,F,400,283.7
2025-10-20,9:46:54.962952734,T,IBM,F I,45,283.52
2025-10-20,9:46:54.962952734,T,IBM,F I,20,283.52
2025-10-20,9:46:54.962955781,T,IBM,F I,83,283.51
2025-10-20,9:46:54.962961621,T,IBM,F,100,283.54
2025-10-20,9:46:54.962964517,T,IBM,F,117,283.51
2025-10-20,9:46:54.962968127,T,IBM,F,185,283.51
2025-10-20,9:46:54.962970519,T,IBM,F I,15,283.51
2025-10-20,9:46:54.962970519,T,IBM,F I,2,283.51
2025-10-20,9:46:54.962985560,T,IBM,F,100,283.56
2025-10-20,9:46:54.962985560,T,IBM,F I,50,283.6
2025-10-20,9:46:54.963046252,T,IBM,F,100,283.58
2025-10-20,9:46:54.963048685,T,IBM,F I,50,283.6
2025-10-20,9:46:54.963154480,T,IBM,I,32,283.64
2025-10-20,9:46:54.963156991,T,IBM,I,32,283.64
2025-10-20,9:46:54.963430603,T,IBM,I,19,283.65
2025-10-20,9:46:55.010417797,T,IBM,I,20,283.68
2025-10-20,9:46:55.010420752,T,IBM,I,5,283.69
2025-10-20,9:46:55.010420752,T,IBM,I,15,283.69
2025-10-20,9:46:55.010423502,T,IBM,I,5,283.69
2025-10-20,9:46:57.973278025,T,IBM,F,100,283.71
2025-10-20,9:47:21.991200800,T,IBM,F,100,283.785
2025-10-20,9:47:32.402703741,T,IBM,F,100,283.77
2025-10-20,9:47:53.703833064,T,IBM,F I,20,283.72
2025-10-20,9:47:55.608922428,T,IBM,F,100,283.62
2025-10-20,9:47:55.608922428,T,IBM,F I,60,283.61
2025-10-20,9:47:55.608940353,T,IBM,I,1,283.61
2025-10-20,9:47:55.608946766,T,IBM,F I,39,283.61
2025-10-20,9:47:55.608949593,T,IBM,F I,2,283.61
2025-10-20,9:47:55.608953358,T,IBM,F I,39,283.61
2025-10-20,9:47:55.608956105,T,IBM,F I,70,283.61
2025-10-20,9:47:55.608958420,T,IBM,F,100,283.61
2025-10-20,9:47:55.608961855,T,IBM,F I,91,283.61
2025-10-20,9:47:55.608964455,T,IBM,F I,61,283.61
2025-10-20,9:47:55.608964455,T,IBM,F I,51,283.61
2025-10-20,9:47:55.609039679,T,IBM,F I,12,283.64
2025-10-20,9:47:55.609042713,T,IBM,I,12,283.64
2025-10-20,9:47:55.609051764,T,IBM,F I,8,283.64
2025-10-20,9:47:55.609055827,T,IBM,F I,4,283.65
2025-10-20,9:47:55.609060660,T,IBM,F I,8,283.65
2025-10-20,9:47:55.609060660,T,IBM,F I,4,283.69
2025-10-20,9:47:55.609060660,T,IBM,F I,37,283.69
2025-10-20,9:47:55.609072707,T,IBM,F I,32,283.61
2025-10-20,9:47:55.609099822,T,IBM,I,8,283.69
2025-10-20,9:47:55.609156920,T,IBM,I,76,283.69
2025-10-20,9:47:55.609400473,T,IBM,I,25,283.72
2025-10-20,9:47:55.609454605,T,IBM,,100,283.72
2025-10-20,9:47:55.609458629,T,IBM,I,20,283.71
2025-10-20,9:47:55.609460635,T,IBM,I,15,283.71
2025-10-20,9:47:55.609463672,T,IBM,,140,283.69
2025-10-20,9:47:55.609463672,T,IBM,I,84,283.69
2025-10-20,9:47:55.609463672,T,IBM,I,55,283.69
2025-10-20,9:47:55.609481670,T,IBM,,245,283.69
2025-10-20,9:47:55.609481670,T,IBM,,250,283.69
2025-10-20,9:47:55.609656164,T,IBM,F,120,283.69
2025-10-20,9:47:55.609668122,T,IBM,I,4,283.69
2025-10-20,9:47:55.609680226,T,IBM,,684,283.69
2025-10-20,9:47:55.609797553,T,IBM,I,45,283.71
2025-10-20,9:47:55.609800405,T,IBM,I,50,283.71
2025-10-20,9:47:55.609800405,T,IBM,I,25,283.69
2025-10-20,9:47:55.609809504,T,IBM,I,42,283.69
2025-10-20,9:47:55.609812456,T,IBM,I,99,283.69
2025-10-20,9:47:55.609821526,T,IBM,,158,283.69
2025-10-20,9:47:55.610119239,T,IBM,I,45,283.74
2025-10-20,9:47:55.610119239,T,IBM,I,55,283.7
2025-10-20,9:47:55.610245474,T,IBM,I,23,283.7
2025-10-20,9:47:55.612585117,T,IBM,F I,45,283.76
2025-10-20,9:47:55.612591318,T,IBM,F I,22,283.7
2025-10-20,9:47:55.612591318,T,IBM,F I,18,283.69
2025-10-20,9:47:55.612591318,T,IBM,F,300,283.69
2025-10-20,9:47:55.612594520,T,IBM,F,400,283.69
2025-10-20,9:47:55.612594520,T,IBM,F I,31,283.69
2025-10-20,9:47:56.294461373,T,IBM,F I,12,283.75
2025-10-20,9:47:57.378966193,T,IBM,I,45,283.71
2025-10-20,9:47:57.378969151,T,IBM,I,55,283.71
2025-10-20,9:47:58.935769308,T,IBM,F I,10,283.76
2025-10-20,9:47:58.935769308,T,IBM,F I,10,283.76
2025-10-20,9:47:58.935790354,T,IBM,F I,4,283.77
2025-10-20,9:47:58.935793370,T,IBM,F I,6,283.77
2025-10-20,9:47:58.936184342,T,IBM,F I,18,283.81
2025-10-20,9:48:02.858454836,T,IBM,F I,7,283.9
2025-10-20,9:48:02.858457850,T,IBM,F I,1,283.9
2025-10-20,9:48:02.858505967,T,IBM,F I,10,283.92
2025-10-20,9:48:02.858960074,T,IBM,F I,3,283.97
2025-10-20,9:48:15.487127056,T,IBM,,400,283.9
2025-10-20,9:48:15.487196250,T,IBM,F,100,283.89
2025-10-20,9:48:15.487325484,T,IBM,F I,24,283.86
2025-10-20,9:48:15.487448785,T,IBM,,100,283.9
2025-10-20,9:48:15.487905967,T,IBM,I,3,283.95
2025-10-20,9:48:15.497288395,T,IBM,F I,15,283.89
2025-10-20,9:48:15.497288395,T,IBM,F I,45,283.88
2025-10-20,9:48:15.497294233,T,IBM,F I,20,283.88
2025-10-20,9:48:15.497294233,T,IBM,F,300,283.87
2025-10-20,9:48:15.497297535,T,IBM,F I,4,283.87
2025-10-20,9:48:15.497300438,T,IBM,F,300,283.87
2025-10-20,9:48:15.497300438,T,IBM,F,1756,283.87
2025-10-20,9:48:15.497309257,T,IBM,I,1,283.87
2025-10-20,9:48:15.497315347,T,IBM,F I,5,283.87
2025-10-20,9:48:15.497333326,T,IBM,F I,38,283.87
2025-10-20,9:48:15.497348446,T,IBM,F I,1,283.86
2025-10-20,9:48:15.497351664,T,IBM,F I,4,283.86
2025-10-20,9:48:15.498003933,T,IBM,F,100,283.81
2025-10-20,9:48:15.498049041,T,IBM,F,100,283.78
2025-10-20,9:48:15.590416912,T,IBM,F I,2,283.59
2025-10-20,9:48:15.688239892,T,IBM,I,15,283.54
2025-10-20,9:48:32.185234092,T,IBM,F I,5,283.54
2025-10-20,9:48:32.185237606,T,IBM,F I,20,283.51
2025-10-20,9:48:32.185237606,T,IBM,F I,15,283.51
2025-10-20,9:48:32.185240199,T,IBM,F I,50,283.51
2025-10-20,9:48:32.185243115,T,IBM,F I,60,283.5
2025-10-20,9:48:32.185288270,T,IBM,F,100,283.47
2025-10-20,9:48:32.185291251,T,IBM,F I,7,283.44
2025-10-20,9:48:32.185528979,T,IBM,F I,93,283.44
2025-10-20,9:48:32.185528979,T,IBM,F I,7,283.44
2025-10-20,9:48:32.185652072,T,IBM,I,65,283.46
2025-10-20,9:48:32.186233296,T,IBM,F I,65,283.46
2025-10-20,9:48:32.186256580,T,IBM,I,65,283.49
2025-10-20,9:48:32.186283669,T,IBM,I,6,283.44
2025-10-20,9:48:32.186368212,T,IBM,F I,32,283.53
2025-10-20,9:48:32.186368212,T,IBM,F I,68,283.53
2025-10-20,9:48:32.186370824,T,IBM,I,6,283.53
2025-10-20,9:48:32.186385839,T,IBM,I,3,283.53
2025-10-20,9:48:32.186389164,T,IBM,I,30,283.53
2025-10-20,9:48:32.186391855,T,IBM,I,70,283.54
2025-10-20,9:48:32.186401763,T,IBM,F I,30,283.54
2025-10-20,9:48:32.186401763,T,IBM,F I,15,283.55
2025-10-20,9:48:32.186406945,T,IBM,F I,20,283.55
2025-10-20,9:48:32.186406945,T,IBM,F I,6,283.57
2025-10-20,9:48:32.186406945,T,IBM,F I,3,283.58
2025-10-20,9:48:32.186473019,T,IBM,,103,283.58
2025-10-20,9:48:32.186503479,T,IBM,I,1,283.59
2025-10-20,9:48:32.187065462,T,IBM,F I,47,283.71
2025-10-20,9:48:32.187065462,T,IBM,F I,23,283.71
2025-10-20,9:48:32.187068537,T,IBM,F I,17,283.71
2025-10-20,9:48:32.187101987,T,IBM,F I,1,283.73
2025-10-20,9:48:32.187131771,T,IBM,,100,283.73
2025-10-20,9:48:32.187898522,T,IBM,F I,1,283.84
2025-10-20,9:48:32.187962112,T,IBM,F I,96,283.84
2025-10-20,9:48:32.187962112,T,IBM,F,235,283.84
2025-10-20,9:48:32.187964744,T,IBM,F I,65,283.84
2025-10-20,9:48:32.187970650,T,IBM,F I,58,283.84
2025-10-20,9:48:32.187970650,T,IBM,F I,24,283.84
2025-10-20,9:48:32.187974031,T,IBM,F I,33,283.84
2025-10-20,9:48:32.187976657,T,IBM,F I,7,283.84
2025-10-20,9:48:32.967519476,T,IBM,F I,19,283.93
2025-10-20,9:48:32.967778061,T,IBM,I,12,283.99
2025-10-20,9:48:32.968157022,T,IBM,I,99,283.97
2025-10-20,9:48:32.968184025,T,IBM,F I,25,284.0
2025-10-20,9:48:32.968295273,T,IBM,I,66,283.87
2025-10-20,9:48:40.030325563,T,IBM,I,40,283.87
2025-10-20,9:48:40.030331805,T,IBM,,100,283.87
2025-10-20,9:48:40.030331805,T,IBM,I,99,283.87
2025-10-20,9:48:40.030334349,T,IBM,I,14,283.87
2025-10-20,9:48:40.030334349,T,IBM,I,50,283.87
2025-10-20,9:48:40.030382471,T,IBM,,100,283.87
2025-10-20,9:48:40.030442622,T,IBM,F,100,283.86
2025-10-20,9:48:45.302356129,T,IBM,F I,1,283.84
2025-10-20,9:48:45.808334758,T,IBM,F I,1,283.78
2025-10-20,9:48:45.808334758,T,IBM,F I,99,283.78
2025-10-20,9:48:51.816644348,T,IBM,F I,3,283.93
2025-10-20,9:48:51.816749627,T,IBM,F,100,283.93
2025-10-20,9:48:58.903805597,T,IBM,I,12,284.01
2025-10-20,9:48:58.903808575,T,IBM,I,8,284.01
2025-10-20,9:48:58.903808575,T,IBM,I,7,284.02
2025-10-20,9:48:58.903832756,T,IBM,F I,5,284.02
2025-10-20,9:48:58.903832756,T,IBM,F I,69,284.02
2025-10-20,9:48:58.903853493,T,IBM,I,1,284.02
2025-10-20,9:48:58.903886560,T,IBM,F I,11,284.02
2025-10-20,9:48:58.903889640,T,IBM,F I,3,284.02
2025-10-20,9:48:58.903889640,T,IBM,F I,31,284.02
2025-10-20,9:48:58.903916688,T,IBM,F I,1,284.03
2025-10-20,9:48:58.903967785,T,IBM,I,50,284.01
2025-10-20,9:48:58.904376738,T,IBM,F I,50,284.01
2025-10-20,9:49:06.897236910,T,IBM,F I,1,283.95
2025-10-20,9:49:06.897251866,T,IBM,F I,14,283.95
2025-10-20,9:49:06.897254888,T,IBM,F I,5,283.94
2025-10-20,9:49:06.897258433,T,IBM,F I,20,283.94
2025-10-20,9:49:06.897258433,T,IBM,F I,1,283.93
2025-10-20,9:49:06.897263899,T,IBM,F,100,283.93
2025-10-20,9:49:09.061092202,T,IBM,I,17,283.96
2025-10-20,9:49:10.430973841,T,IBM,F I,35,283.98
2025-10-20,9:49:10.430976414,T,IBM,F I,19,283.98
2025-10-20,9:49:10.430985454,T,IBM,I,35,283.98
2025-10-20,9:49:10.430991385,T,IBM,I,1,283.98
2025-10-20,9:49:10.430995463,T,IBM,F I,45,283.98
2025-10-20,9:49:10.430995463,T,IBM,F I,19,283.99
2025-10-20,9:49:10.819952455,T,IBM,I,11,284.0
2025-10-20,9:49:16.865857783,T,IBM,I,1,284.06
2025-10-20,9:49:16.865860541,T,IBM,I,17,284.06
2025-10-20,9:49:16.865860541,T,IBM,I,3,284.06
2025-10-20,9:49:16.865863689,T,IBM,,100,284.1
2025-10-20,9:49:16.866263640,T,IBM,F I,28,284.15
2025-10-20,9:49:16.866266644,T,IBM,F I,1,284.17
2025-10-20,9:49:16.866266644,T,IBM,F I,7,284.17
2025-10-20,9:49:16.866458954,T,IBM,F I,98,284.18
2025-10-20,9:49:16.866765647,T,IBM,F I,2,284.22
2025-10-20,9:49:16.866786826,T,IBM,F I,4,284.25
2025-10-20,9:49:16.866789775,T,IBM,F I,7,284.25
2025-10-20,9:49:16.866847140,T,IBM,I,27,284.25
2025-10-20,9:49:16.866861870,T,IBM,F,100,284.25
2025-10-20,9:49:16.866871032,T,IBM,I,61,284.25
2025-10-20,9:49:16.866871032,T,IBM,I,1,284.25
2025-10-20,9:49:16.866877309,T,IBM,I,1,284.25
2025-10-20,9:49:16.866877309,T,IBM,I,73,284.25
2025-10-20,9:49:16.866877309,T,IBM,I,39,284.25
2025-10-20,9:49:16.866913035,T,IBM,F I,70,284.25
2025-10-20,9:49:16.866937124,T,IBM,F I,28,284.25
2025-10-20,9:49:16.866937124,T,IBM,F,100,284.25
2025-10-20,9:49:16.867066433,T,IBM,F I,70,284.28
2025-10-20,9:49:18.056485090,T,IBM,I,45,284.29
2025-10-20,9:49:18.056557265,T,IBM,I,45,284.29
2025-10-20,9:49:21.091063237,T,IBM,F I,18,284.3
2025-10-20,9:49:21.091102407,T,IBM,F I,34,284.34
2025-10-20,9:49:21.091824140,T,IBM,F I,20,284.37
2025-10-20,9:49:21.091824140,T,IBM,F I,14,284.38
2025-10-20,9:49:26.088086368,T,IBM,I,18,284.36
2025-10-20,9:49:26.088116995,T,IBM,F I,20,284.38
2025-10-20,9:49:26.088624639,T,IBM,F I,2,284.4
2025-10-20,9:49:32.558133182,T,IBM,I,45,284.41
2025-10-20,9:49:32.558136332,T,IBM,I,35,284.4
2025-10-20,9:49:32.558136332,T,IBM,I,77,284.4
2025-10-20,9:49:37.714977715,T,IBM,,100,284.42
2025-10-20,9:49:38.036004009,T,IBM,F I,15,284.45
2025-10-20,9:49:44.556381629,T,IBM,F I,19,284.48
2025-10-20,9:49:44.556405846,T,IBM,F I,37,284.5
2025-10-20,9:49:44.556408698,T,IBM,F I,93,284.5
2025-10-20,9:49:44.556411707,T,IBM,F I,18,284.5
2025-10-20,9:49:44.556441879,T,IBM,F I,5,284.51
2025-10-20,9:49:44.556444753,T,IBM,F I,34,284.51
2025-10-20,9:49:44.557037127,T,IBM,F I,20,284.57
2025-10-20,9:49:44.557043246,T,IBM,F I,1,284.58
2025-10-20,9:49:44.557046211,T,IBM,F I,5,284.58
2025-10-20,9:49:44.557046211,T,IBM,F I,1,284.58
2025-10-20,9:49:44.557331837,T,IBM,F I,2,284.61
2025-10-20,9:49:45.246097537,T,IBM,F I,20,284.64
2025-10-20,9:49:46.667741121,T,IBM,F I,19,284.67
2025-10-20,9:49:49.054490144,T,IBM,F I,20,284.65
2025-10-20,9:49:49.054490144,T,IBM,F I,5,284.64
2025-10-20,9:49:49.054492894,T,IBM,F I,75,284.63
2025-10-20,9:49:49.054519972,T,IBM,F I,25,284.63
2025-10-20,9:49:49.054574092,T,IBM,F,100,284.62
2025-10-20,9:49:49.054574092,T,IBM,F,100,284.6
2025-10-20,9:49:57.621699246,T,IBM,I,8,284.34
2025-10-20,9:49:57.703635330,T,IBM,,100,284.29
2025-10-20,9:49:57.703638510,T,IBM,I,5,284.28
2025-10-20,9:49:57.703641799,T,IBM,I,28,284.26
2025-10-20,9:49:57.703641799,T,IBM,,100,284.26
2025-10-20,9:49:57.703644362,T,IBM,,199,284.26
2025-10-20,9:49:57.703659622,T,IBM,F,201,284.26
2025-10-20,9:49:57.703659622,T,IBM,F,100,284.26
2025-10-20,9:50:05.025342681,T,IBM,F I,23,284.01
2025-10-20,9:50:05.025361049,T,IBM,I,77,284.01
2025-10-20,9:50:05.025363987,T,IBM,I,23,284.01
2025-10-20,9:50:05.025366739,T,IBM,I,1,284.01
2025-10-20,9:50:05.025366739,T,IBM,F I,70,284.01
2025-10-20,9:50:05.025384765,T,IBM,F I,6,284.01
2025-10-20,9:50:05.025387788,T,IBM,,100,284.01
2025-10-20,9:50:05.026082473,T,IBM,F,100,284.0
2025-10-20,9:50:23.704094082,T,IBM,I,15,284.06
2025-10-20,9:50:23.704097300,T,IBM,I,50,284.06
2025-10-20,9:50:23.704097300,T,IBM,I,39,284.06
2025-10-20,9:50:23.704100111,T,IBM,I,51,284.06
2025-10-20,9:50:23.704127341,T,IBM,F,100,284.06
2025-10-20,9:50:23.704157231,T,IBM,,100,284.06
2025-10-20,9:50:23.704227007,T,IBM,F,100,284.06
2025-10-20,9:50:23.704232362,T,IBM,F,100,284.06
2025-10-20,9:50:23.704241645,T,IBM,F,100,284.1
2025-10-20,9:50:23.704244408,T,IBM,,100,284.06
2025-10-20,9:50:23.704244408,T,IBM,,100,284.06
2025-10-20,9:50:23.704403837,T,IBM,F I,3,284.12
2025-10-20,9:50:23.704921138,T,IBM,F I,2,284.18
2025-10-20,9:50:23.704924010,T,IBM,F I,7,284.18
2025-10-20,9:50:23.704930075,T,IBM,F I,9,284.17
2025-10-20,9:50:23.704972184,T,IBM,,100,284.18
2025-10-20,9:50:23.704972184,T,IBM,,100,284.18
2025-10-20,9:50:23.704990145,T,IBM,I,1,284.18
2025-10-20,9:50:23.704999222,T,IBM,F,100,284.18
2025-10-20,9:50:23.705008951,T,IBM,I,20,284.18
2025-10-20,9:50:23.705011201,T,IBM,F I,33,284.18
2025-10-20,9:50:23.705029274,T,IBM,F,146,284.18
2025-10-20,9:50:23.705474298,T,IBM,F I,4,284.09
2025-10-20,9:50:23.705498435,T,IBM,I,1,284.09
2025-10-20,9:50:35.246225820,T,IBM,F I,45,283.9
2025-10-20,9:50:35.246225820,T,IBM,F I,27,283.89
2025-10-20,9:50:35.246246730,T,IBM,I,1,283.89
2025-10-20,9:50:35.246246730,T,IBM,F I,72,283.89
2025-10-20,9:50:35.246255839,T,IBM,F,100,283.92
2025-10-20,9:50:35.246551008,T,IBM,F,100,283.96
2025-10-20,9:50:35.246551008,T,IBM,F I,32,283.97
2025-10-20,9:50:35.246553523,T,IBM,F I,3,283.98
2025-10-20,9:50:35.246568723,T,IBM,F I,32,283.98
2025-10-20,9:50:35.246571505,T,IBM,F,100,283.98
2025-10-20,9:50:35.246583574,T,IBM,,100,283.97
2025-10-20,9:50:35.246734164,T,IBM,,100,283.98
2025-10-20,9:50:35.246737240,T,IBM,F,100,283.98
2025-10-20,9:50:35.246740451,T,IBM,F,200,283.98
2025-10-20,9:50:35.246740451,T,IBM,F,133,283.98
2025-10-20,9:50:35.246746170,T,IBM,F I,9,283.98
2025-10-20,9:50:35.246746170,T,IBM,F,120,283.98
2025-10-20,9:50:35.246750734,T,IBM,I,3,283.98
2025-10-20,9:50:35.246750734,T,IBM,,135,283.98
2025-10-20,9:50:35.246754935,T,IBM,I,62,283.98
2025-10-20,9:50:35.246754935,T,IBM,,200,283.98
2025-10-20,9:50:35.246776204,T,IBM,I,4,284.0
2025-10-20,9:50:35.246797201,T,IBM,I,3,283.96
2025-10-20,9:50:35.246824107,T,IBM,F I,3,284.0
2025-10-20,9:50:35.246837205,T,IBM,F I,16,284.0
2025-10-20,9:50:35.246837205,T,IBM,,181,284.0
2025-10-20,9:50:35.246842178,T,IBM,I,19,284.0
2025-10-20,9:50:35.246842178,T,IBM,F I,4,284.0
2025-10-20,9:50:35.246842178,T,IBM,I,22,284.0
2025-10-20,9:50:35.246848941,T,IBM,I,42,284.0
2025-10-20,9:50:35.246857491,T,IBM,F,113,284.0
2025-10-20,9:50:35.246860188,T,IBM,F I,4,284.0
2025-10-20,9:50:35.246863283,T,IBM,F I,1,284.0
2025-10-20,9:50:35.247302233,T,IBM,I,44,283.97
2025-10-20,9:50:35.247314704,T,IBM,I,56,283.97
2025-10-20,9:50:35.247317264,T,IBM,I,15,283.97
2025-10-20,9:50:35.247317264,T,IBM,I,77,283.96
2025-10-20,9:50:35.247341961,T,IBM,I,23,283.96
2025-10-20,9:50:35.247344341,T,IBM,I,7,283.96
2025-10-20,9:50:35.259288760,T,IBM,I,10,283.96
2025-10-20,9:50:35.259313260,T,IBM,F I,40,283.96
2025-10-20,9:50:35.259313260,T,IBM,F I,30,283.96
2025-10-20,9:50:35.259318833,T,IBM,F,200,283.96
2025-10-20,9:50:35.259318833,T,IBM,F I,7,283.96
2025-10-20,9:50:35.259321878,T,IBM,F I,10,283.96
2025-10-20,9:50:35.384323447,T,IBM,I,20,283.94
2025-10-20,9:50:35.384323447,T,IBM,I,5,283.92
2025-10-20,9:50:35.384326600,T,IBM,I,1,283.91
2025-10-20,9:50:35.384344572,T,IBM,I,1,283.91
2025-10-20,9:50:35.867570935,T,IBM,F I,15,283.97
2025-10-20,9:50:37.435909598,T,IBM,I,24,283.91
2025-10-20,9:50:37.435909598,T,IBM,I,12,283.91
2025-10-20,9:50:37.435930578,T,IBM,I,1,283.91
2025-10-20,9:50:37.435952190,T,IBM,I,16,283.91
2025-10-20,9:50:37.435957818,T,IBM,I,56,283.91
2025-10-20,9:50:37.435999795,T,IBM,I,17,283.91
2025-10-20,9:50:37.436005775,T,IBM,I,11,283.91
2025-10-20,9:50:37.436005775,T,IBM,I,89,283.9
2025-10-20,9:50:37.436026836,T,IBM,I,1,283.9
2025-10-20,9:50:37.436032899,T,IBM,I,10,283.9
2025-10-20,9:50:37.454422132,T,IBM,F I,23,283.86
2025-10-20,9:50:37.454425057,T,IBM,F,200,283.86
2025-10-20,9:50:37.454427576,T,IBM,F,320,283.86
2025-10-20,9:50:37.454427576,T,IBM,F,100,283.86
2025-10-20,9:50:37.455350863,T,IBM,F I,4,283.73
2025-10-20,9:50:37.455350863,T,IBM,F I,7,283.73
2025-10-20,9:50:40.136545743,T,IBM,I,1,283.84
2025-10-20,9:50:40.136596867,T,IBM,I,93,283.84
2025-10-20,9:50:40.136621125,T,IBM,I,1,283.84
2025-10-20,9:50:40.136621125,T,IBM,F I,99,283.84
2025-10-20,9:50:40.387396936,T,IBM,F I,21,283.88
2025-10-20,9:50:40.387400254,T,IBM,F I,99,283.89
2025-10-20,9:50:40.387400254,T,IBM,I,1,283.89
2025-10-20,9:50:40.387406305,T,IBM,I,69,283.89
2025-10-20,9:50:41.666762618,T,IBM,I,25,283.91
2025-10-20,9:50:41.666783718,T,IBM,I,1,283.91
2025-10-20,9:50:41.666786728,T,IBM,F I,19,283.91
2025-10-20,9:50:41.666819801,T,IBM,I,50,283.94
2025-10-20,9:50:42.943539243,T,IBM,F I,40,283.93
2025-10-20,9:50:42.943641466,T,IBM,F I,5,283.95
2025-10-20,9:50:59.179470140,T,IBM,F I,25,283.96
2025-10-20,9:50:59.179581342,T,IBM,I,10,284.02
2025-10-20,9:50:59.179581342,T,IBM,I,12,284.03
2025-10-20,9:50:59.179584328,T,IBM,I,90,284.03
2025-10-20,9:50:59.179608429,T,IBM,F I,10,284.03
2025-10-20,9:51:00.789996151,T,IBM,F I,35,283.99
2025-10-20,9:51:00.790020801,T,IBM,F I,36,284.0
2025-10-20,9:51:00.790026226,T,IBM,,164,284.0
2025-10-20,9:51:00.790489352,T,IBM,F,100,284.02
2025-10-20,9:51:09.819751759,T,IBM,I,3,284.02
2025-10-20,9:51:16.628422696,T,IBM,F I,1,284.06
2025-10-20,9:51:16.628449820,T,IBM,I,15,284.06
2025-10-20,9:51:16.628452755,T,IBM,I,37,284.06
2025-10-20,9:51:16.628455805,T,IBM,I,6,284.07
2025-10-20,9:51:16.628476912,T,IBM,F I,47,284.07
2025-10-20,9:51:16.628476912,T,IBM,F I,5,284.07
2025-10-20,9:51:16.629264764,T,IBM,F I,1,284.15
2025-10-20,9:51:21.028810436,T,IBM,F I,1,284.005
2025-10-20,9:51:21.028810436,T,IBM,F I,15,283.99
2025-10-20,9:51:23.060874074,T,IBM,F I,20,283.96
2025-10-20,9:51:24.655194611,T,IBM,I,1,283.98
2025-10-20,9:51:26.342685863,T,IBM,F I,5,283.95
2025-10-20,9:51:26.343533935,T,IBM,I,45,283.86
2025-10-20,9:51:26.343560931,T,IBM,F I,12,283.86
2025-10-20,9:51:36.960762691,T,IBM,F I,1,283.76
2025-10-20,9:51:36.960762691,T,IBM,F I,20,283.76
2025-10-20,9:51:36.960769380,T,IBM,F I,2,283.75
2025-10-20,9:51:36.960772436,T,IBM,F,100,283.75
2025-10-20,9:51:36.960772436,T,IBM,F,400,283.75
2025-10-20,9:51:36.960774747,T,IBM,F,100,283.75
2025-10-20,9:51:36.961496719,T,IBM,F I,25,283.69
2025-10-20,9:51:36.961499725,T,IBM,F I,45,283.69
2025-10-20,9:51:36.961499725,T,IBM,F I,55,283.69
2025-10-20,9:51:36.961502462,T,IBM,F I,29,283.69
2025-10-20,9:51:36.961520485,T,IBM,I,45,283.69
2025-10-20,9:51:36.961527083,T,IBM,F I,26,283.69
2025-10-20,9:51:36.961529752,T,IBM,F,100,283.69
2025-10-20,9:51:36.961529752,T,IBM,F I,99,283.69
2025-10-20,9:51:36.961539068,T,IBM,F I,1,283.69
2025-10-20,9:51:36.961539068,T,IBM,F,400,283.69
2025-10-20,9:51:36.961547945,T,IBM,F,100,283.69
2025-10-20,9:51:36.961571562,T,IBM,,100,283.69
2025-10-20,9:51:36.961637717,T,IBM,I,50,283.68
2025-10-20,9:51:36.961637717,T,IBM,I,50,283.69
2025-10-20,9:51:36.961694834,T,IBM,I,50,283.69
2025-10-20,9:51:36.961815927,T,IBM,F I,72,283.69
2025-10-20,9:51:36.961839250,T,IBM,F I,28,283.69
2025-10-20,9:51:36.961839250,T,IBM,F,100,283.69
2025-10-20,9:51:36.962831543,T,IBM,F I,1,283.7
2025-10-20,9:51:36.965138096,T,IBM,F I,15,283.75
2025-10-20,9:51:36.965138096,T,IBM,F I,45,283.71
2025-10-20,9:51:36.965144101,T,IBM,F,200,283.7
2025-10-20,9:51:36.965144101,T,IBM,F,200,283.7
2025-10-20,9:51:36.965144101,T,IBM,F,404,283.7
2025-10-20,9:51:36.965147124,T,IBM,F,100,283.7
2025-10-20,9:51:52.178830380,T,IBM,F I,1,283.7
2025-10-20,9:51:52.193360987,T,IBM,I,15,283.7
2025-10-20,9:51:52.193385066,T,IBM,,144,283.7
2025-10-20,9:51:52.193400014,T,IBM,I,41,283.7
2025-10-20,9:51:52.193400014,T,IBM,,200,283.7
2025-10-20,9:51:58.957913854,T,IBM,F I,15,283.67
2025-10-20,9:51:58.957913854,T,IBM,F I,2,283.68
2025-10-20,9:51:58.957916888,T,IBM,F I,5,283.69
2025-10-20,9:51:58.957919950,T,IBM,F I,28,283.7
2025-10-20,9:51:58.957967987,T,IBM,I,49,283.68
2025-10-20,9:51:58.957971058,T,IBM,F I,80,283.68
2025-10-20,9:51:58.957989119,T,IBM,I,71,283.68
2025-10-20,9:52:14.550754887,T,IBM,F I,7,283.55
2025-10-20,9:52:14.550763896,T,IBM,F I,2,283.55
2025-10-20,9:52:14.550799907,T,IBM,I,7,283.55
2025-10-20,9:52:14.550845108,T,IBM,F I,7,283.55
2025-10-20,9:52:14.550857069,T,IBM,I,7,283.55
2025-10-20,9:52:14.550920217,T,IBM,I,7,283.55
2025-10-20,9:52:21.417337665,T,IBM,F I,16,283.54
2025-10-20,9:52:21.417358839,T,IBM,F I,2,283.56
2025-10-20,9:52:21.417400893,T,IBM,I,2,283.57
2025-10-20,9:52:21.417418866,T,IBM,F,100,283.56
2025-10-20,9:52:21.417439993,T,IBM,I,1,283.57
2025-10-20,9:52:21.417439993,T,IBM,I,88,283.57
2025-10-20,9:52:21.417445963,T,IBM,I,11,283.57
2025-10-20,9:52:21.417445963,T,IBM,I,89,283.57
2025-10-20,9:52:21.417454957,T,IBM,I,11,283.57
2025-10-20,9:52:21.417457980,T,IBM,,400,283.57
2025-10-20,9:52:21.806334693,T,IBM,I,3,283.59
2025-10-20,9:52:21.806430918,T,IBM,I,3,283.59
2025-10-20,9:52:21.806473410,T,IBM,I,3,283.59
2025-10-20,9:52:21.806515193,T,IBM,F I,3,283.59
2025-10-20,9:52:21.806575632,T,IBM,I,3,283.59
2025-10-20,9:52:21.806596338,T,IBM,F I,3,283.59
2025-10-20,9:52:21.806602437,T,IBM,F I,3,283.59
2025-10-20,9:52:21.806626470,T,IBM,I,3,283.59
2025-10-20,9:52:21.806650526,T,IBM,F I,3,283.59
2025-10-20,9:52:21.806719681,T,IBM,F I,3,283.59
2025-10-20,9:52:21.806731671,T,IBM,F I,32,283.59
2025-10-20,9:52:21.806731671,T,IBM,F I,48,283.59
2025-10-20,9:52:21.806737718,T,IBM,F I,1,283.6
2025-10-20,9:52:21.806737718,T,IBM,F I,2,283.6
2025-10-20,9:52:21.806761809,T,IBM,I,2,283.61
2025-10-20,9:52:21.806909455,T,IBM,I,10,283.61
2025-10-20,9:52:21.806912289,T,IBM,I,5,283.64
2025-10-20,9:52:21.806915092,T,IBM,I,35,283.64
2025-10-20,9:52:38.407349683,T,IBM,,100,283.51
2025-10-20,9:52:38.407349683,T,IBM,,100,283.48
2025-10-20,9:52:38.407349683,T,IBM,I,14,283.47
2025-10-20,9:52:38.407353527,T,IBM,F I,6,283.47
2025-10-20,9:52:38.407353527,T,IBM,F I,15,283.47
2025-10-20,9:52:38.407353527,T,IBM,F I,5,283.46
2025-10-20,9:52:38.407358761,T,IBM,F,100,283.45
2025-10-20,9:52:38.407358761,T,IBM,F I,24,283.43
2025-10-20,9:52:38.407358761,T,IBM,I,14,283.43
2025-10-20,9:52:38.407391844,T,IBM,,100,283.42
2025-10-20,9:52:38.407738024,T,IBM,F,300,283.42
2025-10-20,9:52:38.408122655,T,IBM,F,100,283.33
2025-10-20,9:52:38.408125565,T,IBM,F I,7,283.33
2025-10-20,9:52:38.408146641,T,IBM,F,100,283.32
2025-10-20,9:52:38.408185680,T,IBM,,100,283.38
2025-10-20,9:52:38.408219953,T,IBM,I,42,283.38
2025-10-20,9:52:38.408366178,T,IBM,F I,5,283.31
2025-10-20,9:52:38.408453299,T,IBM,F I,9,283.32
2025-10-20,9:52:38.408582632,T,IBM,,100,283.36
2025-10-20,9:52:38.408603685,T,IBM,I,1,283.32
2025-10-20,9:52:38.408892405,T,IBM,I,24,283.34
2025-10-20,9:52:38.408892405,T,IBM,I,15,283.36
2025-10-20,9:52:38.409927620,T,IBM,F I,78,283.17
2025-10-20,9:52:38.410008093,T,IBM,I,25,283.22
2025-10-20,9:52:38.410422988,T,IBM,I,2,283.22
2025-10-20,9:52:38.410422988,T,IBM,I,5,283.23
2025-10-20,9:52:38.410483196,T,IBM,I,7,283.22
2025-10-20,9:52:38.411761330,T,IBM,F I,14,283.17
2025-10-20,9:52:38.411843122,T,IBM,I,14,283.22
2025-10-20,9:52:38.411846045,T,IBM,I,14,283.22
2025-10-20,9:52:38.411866414,T,IBM,I,1,283.22
2025-10-20,9:52:38.411893470,T,IBM,I,14,283.22
2025-10-20,9:52:38.411896489,T,IBM,I,1,283.22
2025-10-20,9:52:38.412007799,T,IBM,F I,1,283.18
2025-10-20,9:52:38.412031914,T,IBM,F I,1,283.18
2025-10-20,9:52:38.412104019,T,IBM,F I,1,283.18
2025-10-20,9:52:38.412128181,T,IBM,F,100,283.25
2025-10-20,9:52:38.412128181,T,IBM,F I,25,283.255
2025-10-20,9:52:38.412131577,T,IBM,F,100,283.27
2025-10-20,9:52:38.412134141,T,IBM,F I,43,283.28
2025-10-20,9:52:38.412149424,T,IBM,F I,1,283.18
2025-10-20,9:52:38.412152327,T,IBM,F I,1,283.18
2025-10-20,9:52:38.412161463,T,IBM,F I,95,283.18
2025-10-20,9:52:38.412191272,T,IBM,I,17,283.21
2025-10-20,9:52:38.687454501,T,IBM,,100,283.02
2025-10-20,9:52:38.687481846,T,IBM,F I,5,283.08
2025-10-20,9:52:38.687484923,T,IBM,F I,20,283.09
2025-10-20,9:52:38.687484923,T,IBM,F I,5,283.09
2025-10-20,9:52:38.706334086,T,IBM,I,5,283.03
2025-10-20,9:52:38.706334086,T,IBM,I,15,283.03
2025-10-20,9:52:38.706336463,T,IBM,I,5,283.02
2025-10-20,9:52:38.706339475,T,IBM,I,20,283.02
2025-10-20,9:52:38.706339475,T,IBM,I,20,283.01
2025-10-20,9:52:38.874160024,T,IBM,I,5,283.01
2025-10-20,9:52:39.025191584,T,IBM,F I,5,283.08
2025-10-20,9:52:39.323083729,T,IBM,F I,15,283.11
2025-10-20,9:52:39.323164937,T,IBM,F I,5,283.13
2025-10-20,9:52:39.323194972,T,IBM,,100,283.22
2025-10-20,9:52:39.323243123,T,IBM,I,45,283.14
2025-10-20,9:52:39.323246148,T,IBM,I,55,283.11
2025-10-20,9:52:47.494593097,T,IBM,F I,20,283.2
2025-10-20,9:52:53.649026575,T,IBM,I,4,283.27
2025-10-20,9:52:56.395786677,T,IBM,F I,5,283.28
2025-10-20,9:52:56.402964842,T,IBM,I,50,283.23
2025-10-20,9:52:56.402964842,T,IBM,I,2,283.2
2025-10-20,9:52:59.541079463,T,IBM,I,20,283.16
2025-10-20,9:52:59.541082618,T,IBM,I,5,283.16
2025-10-20,9:52:59.541082618,T,IBM,I,75,283.15
2025-10-20,9:53:00.624026522,T,IBM,F,105,283.24
2025-10-20,9:53:00.624029923,T,IBM,F,100,283.26
2025-10-20,9:53:00.624029923,T,IBM,F I,69,283.27
2025-10-20,9:53:00.624033031,T,IBM,F,131,283.27
2025-10-20,9:53:00.624033031,T,IBM,F I,69,283.27
2025-10-20,9:53:00.624035737,T,IBM,F I,5,283.27
2025-10-20,9:53:00.624354326,T,IBM,F I,7,283.27
2025-10-20,9:53:11.213899780,T,IBM,F,100,283.24
2025-10-20,9:53:11.213899780,T,IBM,F I,6,283.25
2025-10-20,9:53:11.213902239,T,IBM,F I,1,283.25
2025-10-20,9:53:11.213902239,T,IBM,F I,2,283.25
2025-10-20,9:53:11.213908401,T,IBM,F I,98,283.25
2025-10-20,9:53:11.213908401,T,IBM,F I,2,283.25
2025-10-20,9:53:11.214392511,T,IBM,F I,6,283.27
2025-10-20,9:53:11.214392511,T,IBM,F I,1,283.27
2025-10-20,9:53:11.235040172,T,IBM,I,5,283.2
2025-10-20,9:53:11.235042972,T,IBM,I,20,283.19
2025-10-20,9:53:11.235045585,T,IBM,I,20,283.18
2025-10-20,9:53:11.235045585,T,IBM,I,15,283.17
2025-10-20,9:53:11.235099723,T,IBM,F,100,283.15
2025-10-20,9:53:11.261622843,T,IBM,,100,283.165
2025-10-20,9:53:11.656499007,T,IBM,F I,1,283.11
2025-10-20,9:53:11.657632626,T,IBM,I,45,283.13
2025-10-20,9:53:11.657909481,T,IBM,I,45,283.11
2025-10-20,9:53:18.317199674,T,IBM,I,10,283.13
2025-10-20,9:53:26.443637836,T,IBM,I,14,283.1
2025-10-20,9:53:26.443640840,T,IBM,I,5,283.1
2025-10-20,9:53:26.443640840,T,IBM,I,50,283.1
2025-10-20,9:53:26.443688826,T,IBM,F I,3,283.12
2025-10-20,9:53:26.443688826,T,IBM,F I,50,283.12
2025-10-20,9:53:48.280245973,T,IBM,F I,92,283.21
2025-10-20,9:53:48.280249710,T,IBM,F I,88,283.22
2025-10-20,9:53:48.280249710,T,IBM,F I,50,283.22
2025-10-20,9:53:48.280254706,T,IBM,F,100,283.22
2025-10-20,9:53:48.280254706,T,IBM,F I,39,283.22
2025-10-20,9:53:48.280266676,T,IBM,I,1,283.22
2025-10-20,9:53:48.280317801,T,IBM,F I,60,283.22
2025-10-20,9:53:48.280320855,T,IBM,F I,31,283.22
2025-10-20,9:54:02.380657619,T,IBM,F,100,283.21
2025-10-20,9:54:02.393438000,T,IBM,F I,5,283.15
2025-10-20,9:54:02.394096646,T,IBM,F I,20,283.14
2025-10-20,9:54:05.513999915,T,IBM,I,5,283.22
2025-10-20,9:54:05.514072132,T,IBM,F I,95,283.22
2025-10-20,9:54:10.652142980,T,IBM,I,12,283.22
2025-10-20,9:54:13.170777628,T,IBM,I,10,283.22
2025-10-20,9:54:13.170777628,T,IBM,I,1,283.22
2025-10-20,9:54:13.964384214,T,IBM,I,2,283.37
2025-10-20,9:54:13.964423523,T,IBM,F I,47,283.38
2025-10-20,9:54:13.964423523,T,IBM,F I,1,283.38
2025-10-20,9:54:39.765916256,T,IBM,I,5,283.37
2025-10-20,9:54:39.765916256,T,IBM,I,63,283.37
2025-10-20,9:54:40.351644815,T,IBM,F I,59,283.44
2025-10-20,9:54:40.351644815,T,IBM,F I,21,283.44
2025-10-20,9:54:40.351707817,T,IBM,F I,4,283.45
2025-10-20,9:54:40.351711214,T,IBM,F I,5,283.45
2025-10-20,9:54:40.351711214,T,IBM,F I,1,283.45
2025-10-20,9:54:40.351773961,T,IBM,F I,4,283.46
2025-10-20,9:54:40.351776961,T,IBM,F I,12,283.46
2025-10-20,9:54:40.351810631,T,IBM,F I,15,283.47
2025-10-20,9:54:40.351813137,T,IBM,F I,8,283.47
2025-10-20,9:54:43.618249294,T,IBM,F I,10,283.43
2025-10-20,9:54:43.618910858,T,IBM,I,8,283.43
2025-10-20,9:54:45.570220167,T,IBM,F I,10,283.43
2025-10-20,9:54:50.941508226,T,IBM,F I,10,283.45
2025-10-20,9:55:16.481730085,T,IBM,I,19,283.385
2025-10-20,9:55:16.482030878,T,IBM,F I,26,283.31
2025-10-20,9:55:16.681940766,T,IBM,I,5,283.385
2025-10-20,9:55:16.784223229,T,IBM,I,14,283.39
2025-10-20,9:55:17.801313520,T,IBM,F I,26,283.39
2025-10-20,9:55:24.938465568,T,IBM,F I,20,283.34
2025-10-20,9:55:24.938468548,T,IBM,F I,6,283.34
2025-10-20,9:55:31.147710441,T,IBM,F I,1,283.32
2025-10-20,9:55:32.432287540,T,IBM,I,1,283.29
2025-10-20,9:55:32.432570177,T,IBM,F I,1,283.29
2025-10-20,9:55:33.597038356,T,IBM,I,32,283.29
2025-10-20,9:55:42.886179626,T,IBM,F I,66,283.29
2025-10-20,9:55:45.335062442,T,IBM,F,100,283.25
2025-10-20,9:55:45.335333149,T,IBM,F,100,283.2
2025-10-20,9:55:45.338171909,T,IBM,I,24,283.14
2025-10-20,9:55:45.338174958,T,IBM,I,7,283.14
2025-10-20,9:55:45.338619979,T,IBM,F I,5,283.2
2025-10-20,9:55:45.338623259,T,IBM,F I,5,283.2
2025-10-20,9:55:45.338626054,T,IBM,F I,5,283.2
2025-10-20,9:55:45.338628997,T,IBM,F I,10,283.2
2025-10-20,9:55:45.338644019,T,IBM,F I,5,283.2
2025-10-20,9:55:45.338653030,T,IBM,F I,10,283.2
2025-10-20,9:55:45.338668092,T,IBM,F I,60,283.2
2025-10-20,9:55:45.338872585,T,IBM,I,60,283.2
2025-10-20,9:55:45.338878845,T,IBM,F I,20,283.16
2025-10-20,9:55:45.338878845,T,IBM,F I,1,283.15
2025-10-20,9:55:45.338896665,T,IBM,I,1,283.2
2025-10-20,9:55:46.335336817,T,IBM,F I,1,283.15
2025-10-20,9:55:48.692510371,T,IBM,F I,1,283.13
2025-10-20,9:55:48.692588612,T,IBM,F I,1,283.13
2025-10-20,9:55:48.692654674,T,IBM,F I,1,283.13
2025-10-20,9:55:48.692714866,T,IBM,F I,1,283.13
2025-10-20,9:55:48.692774997,T,IBM,F I,1,283.13
2025-10-20,9:55:48.692838162,T,IBM,F I,1,283.13
2025-10-20,9:55:48.692898214,T,IBM,F I,1,283.13
2025-10-20,9:55:48.692961495,T,IBM,F I,1,283.13
2025-10-20,9:55:48.693030633,T,IBM,F I,1,283.13
2025-10-20,9:55:48.693090758,T,IBM,F I,1,283.13
2025-10-20,9:55:48.693156875,T,IBM,F I,1,283.13
2025-10-20,9:55:48.693180995,T,IBM,F I,1,283.13
2025-10-20,9:55:48.693223020,T,IBM,F I,1,283.13
2025-10-20,9:55:48.693295248,T,IBM,F I,1,283.13
2025-10-20,9:55:48.693355366,T,IBM,F I,1,283.13
2025-10-20,9:55:48.693415535,T,IBM,F I,1,283.13
2025-10-20,9:55:48.693514789,T,IBM,F I,1,283.13
2025-10-20,9:55:48.693574836,T,IBM,F I,1,283.13
2025-10-20,9:55:48.693638017,T,IBM,F I,1,283.13
2025-10-20,9:55:48.693704185,T,IBM,F I,1,283.13
2025-10-20,9:55:48.693770311,T,IBM,F I,1,283.13
2025-10-20,9:55:48.693833496,T,IBM,F I,1,283.13
2025-10-20,9:55:49.963392827,T,IBM,I,1,283.13
2025-10-20,9:55:53.023469488,T,IBM,I,15,283.17
2025-10-20,9:55:53.023471719,T,IBM,I,20,283.17
2025-10-20,9:55:53.023474835,T,IBM,I,63,283.19
2025-10-20,9:55:53.023474835,T,IBM,I,22,283.19
2025-10-20,9:55:53.023477779,T,IBM,I,65,283.19
2025-10-20,9:55:53.023510816,T,IBM,F I,35,283.19
2025-10-20,9:55:53.023516831,T,IBM,I,1,283.19
2025-10-20,9:55:53.023522895,T,IBM,I,1,283.19
2025-10-20,9:55:53.023528915,T,IBM,F I,35,283.19
2025-10-20,9:55:53.023541286,T,IBM,I,27,283.19
2025-10-20,9:55:53.023543954,T,IBM,I,8,283.19
2025-10-20,9:55:53.023592003,T,IBM,I,4,283.19
2025-10-20,9:55:53.023706344,T,IBM,I,4,283.19
2025-10-20,9:55:53.023955975,T,IBM,I,1,283.15
2025-10-20,9:55:53.023964947,T,IBM,F I,4,283.19
2025-10-20,9:55:53.024040102,T,IBM,I,4,283.19
2025-10-20,9:55:53.024064599,T,IBM,I,10,283.15
2025-10-20,9:55:53.024064599,T,IBM,I,12,283.15
2025-10-20,9:55:53.024133356,T,IBM,F I,4,283.19
2025-10-20,9:55:53.024199506,T,IBM,I,1,283.15
2025-10-20,9:55:53.024205464,T,IBM,F I,2,283.19
2025-10-20,9:55:53.024310735,T,IBM,I,20,283.15
2025-10-20,9:55:53.024310735,T,IBM,I,15,283.15
2025-10-20,9:55:53.024313717,T,IBM,I,4,283.15
2025-10-20,9:55:53.024355897,T,IBM,F I,1,283.19
2025-10-20,9:55:53.024359559,T,IBM,I,32,283.19
2025-10-20,9:55:53.024361938,T,IBM,I,10,283.19
2025-10-20,9:55:53.024386195,T,IBM,F I,3,283.2
2025-10-20,9:55:53.024388909,T,IBM,F I,4,283.19
2025-10-20,9:55:53.024403981,T,IBM,F I,2,283.19
2025-10-20,9:55:53.024485162,T,IBM,I,1,283.19
2025-10-20,9:55:53.024509239,T,IBM,F I,1,283.15
2025-10-20,9:55:53.024614471,T,IBM,F I,3,283.19
2025-10-20,9:55:53.024629489,T,IBM,F I,2,283.19
2025-10-20,9:55:54.111588215,T,IBM,I,2,283.21
2025-10-20,9:55:59.273788458,T,IBM,F I,1,283.23
2025-10-20,9:56:12.766273163,T,IBM,F I,14,283.29
2025-10-20,9:56:12.766291304,T,IBM,F I,8,283.29
2025-10-20,9:56:12.766294173,T,IBM,F I,7,283.29
2025-10-20,9:56:16.950852122,T,IBM,F I,5,283.35
2025-10-20,9:56:40.653703046,T,IBM,F I,14,283.35
2025-10-20,9:56:50.349499123,T,IBM,I,14,283.28
2025-10-20,9:56:50.389346982,T,IBM,F I,1,283.3
2025-10-20,9:56:53.865977523,T,IBM,F I,5,283.41
2025-10-20,9:56:53.866005732,T,IBM,F I,63,283.41
2025-10-20,9:56:53.866007909,T,IBM,F I,11,283.41
2025-10-20,9:56:53.866010677,T,IBM,F I,13,283.41
2025-10-20,9:56:53.866022684,T,IBM,F I,5,283.42
2025-10-20,9:56:53.866326332,T,IBM,F I,5,283.44
2025-10-20,9:57:00.537449901,T,IBM,F I,14,283.42
2025-10-20,9:57:00.537464864,T,IBM,F,100,283.42
2025-10-20,9:57:02.001491161,T,IBM,F I,20,283.33
2025-10-20,9:57:02.001494261,T,IBM,F I,17,283.31
2025-10-20,9:57:20.540117867,T,IBM,F I,20,283.3
2025-10-20,9:57:20.540232540,T,IBM,F I,86,283.28
2025-10-20,9:57:20.540235114,T,IBM,F I,20,283.27
2025-10-20,9:57:20.541329725,T,IBM,F I,5,283.23
2025-10-20,9:57:20.541329725,T,IBM,F I,1,283.22
2025-10-20,9:57:20.541333103,T,IBM,F I,48,283.21
2025-10-20,9:57:20.541336310,T,IBM,F I,52,283.21
2025-10-20,9:57:20.541339031,T,IBM,F,107,283.21
2025-10-20,9:57:20.541347792,T,IBM,I,93,283.21
2025-10-20,9:57:20.541413919,T,IBM,F I,34,283.18
2025-10-20,9:57:20.541413919,T,IBM,F I,2,283.18
2025-10-20,9:57:20.541789814,T,IBM,F I,1,283.18
2025-10-20,9:57:20.541868012,T,IBM,F I,8,283.18
2025-10-20,9:57:20.541883060,T,IBM,F I,92,283.18
2025-10-20,9:57:21.297702394,T,IBM,F I,5,283.18
2025-10-20,9:57:55.328457228,T,IBM,F,100,283.32
2025-10-20,9:57:55.328745828,T,IBM,I,7,283.38
2025-10-20,9:57:55.328941341,T,IBM,I,11,283.35
2025-10-20,9:57:55.328977482,T,IBM,F I,1,283.39
2025-10-20,9:57:55.329001476,T,IBM,F I,51,283.41
2025-10-20,9:57:55.329004530,T,IBM,F I,20,283.41
2025-10-20,9:57:55.329007465,T,IBM,F I,29,283.41
2025-10-20,9:57:55.329375117,T,IBM,,100,283.42
2025-10-20,9:57:55.329377430,T,IBM,I,5,283.42
2025-10-20,9:57:55.329717148,T,IBM,I,17,283.42
2025-10-20,9:57:55.329738181,T,IBM,I,10,283.43
2025-10-20,9:57:55.329918941,T,IBM,F I,45,283.43
2025-10-20,9:57:55.329921617,T,IBM,F I,55,283.42
2025-10-20,9:57:55.330041988,T,IBM,F I,17,283.41
2025-10-20,9:58:00.024319230,T,IBM,F I,20,283.52
2025-10-20,9:58:00.024319230,T,IBM,F I,12,283.52
2025-10-20,9:58:00.024547866,T,IBM,F I,56,283.53
2025-10-20,9:58:00.024569609,T,IBM,I,1,283.53
2025-10-20,9:58:00.024572013,T,IBM,F I,43,283.53
2025-10-20,9:58:00.024572013,T,IBM,F I,27,283.53
2025-10-20,9:58:04.491974132,T,IBM,I,45,283.5
2025-10-20,9:58:44.286162834,T,IBM,I,20,283.58
2025-10-20,9:58:44.286166350,T,IBM,I,27,283.58
2025-10-20,9:58:44.286166350,T,IBM,I,25,283.58
2025-10-20,9:58:44.286169194,T,IBM,I,51,283.59
2025-10-20,9:58:44.286180745,T,IBM,I,1,283.59
2025-10-20,9:58:44.286406084,T,IBM,F I,48,283.59
2025-10-20,9:58:44.286409798,T,IBM,F I,10,283.59
2025-10-20,9:58:44.286409798,T,IBM,F I,5,283.59
2025-10-20,9:58:44.286412459,T,IBM,F I,7,283.59
2025-10-20,9:58:44.286415183,T,IBM,F I,1,283.59
2025-10-20,9:58:44.286433260,T,IBM,F I,16,283.6
2025-10-20,9:58:44.286433260,T,IBM,F I,1,283.6
2025-10-20,9:58:44.286436313,T,IBM,F I,10,283.61
2025-10-20,9:58:44.286436313,T,IBM,F I,7,283.61
2025-10-20,9:58:56.210840654,T,IBM,F I,4,283.67
2025-10-20,9:58:56.210843663,T,IBM,F I,10,283.67
2025-10-20,9:59:00.173025214,T,IBM,I,1,283.67
2025-10-20,9:59:01.085664853,T,IBM,I,18,283.73
2025-10-20,9:59:01.085667786,T,IBM,I,1,283.73
2025-10-20,9:59:20.149212346,T,IBM,I,2,283.76
2025-10-20,9:59:20.149212346,T,IBM,I,8,283.76
2025-10-20,9:59:20.149714197,T,IBM,I,34,283.77
2025-10-20,9:59:20.150369922,T,IBM,I,34,283.78
2025-10-20,9:59:20.249518838,T,IBM,I,14,283.765
2025-10-20,9:59:20.470280821,T,IBM,F I,5,283.73
2025-10-20,9:59:20.470280821,T,IBM,F I,20,283.72
2025-10-20,9:59:20.470283431,T,IBM,F I,5,283.72
2025-10-20,9:59:34.851600099,T,IBM,F I,5,283.7
2025-10-20,9:59:40.923228664,T,IBM,F I,5,283.61
2025-10-20,9:59:40.923228664,T,IBM,F I,20,283.6
2025-10-20,9:59:40.923231377,T,IBM,F I,15,283.59
2025-10-20,9:59:40.923234413,T,IBM,F I,50,283.59
2025-10-20,9:59:40.923240399,T,IBM,F I,1,283.58
2025-10-20,9:59:40.923243666,T,IBM,F I,1,283.58
2025-10-20,9:59:40.923291547,T,IBM,F I,1,283.57
2025-10-20,9:59:44.528914357,T,IBM,I,20,283.48
2025-10-20,9:59:44.528917498,T,IBM,I,5,283.5
2025-10-20,9:59:44.528917498,T,IBM,I,20,283.51
2025-10-20,9:59:44.528920257,T,IBM,I,66,283.51
2025-10-20,9:59:56.370285670,T,IBM,I,5,283.47
2025-10-20,9:59:56.370285670,T,IBM,I,25,283.56
2025-10-20,9:59:58.062762633,T,IBM,I,5,283.5
2025-10-20,10:00:08.754487457,T,IBM,I,35,283.55
2025-10-20,10:00:08.754755141,T,IBM,F I,11,283.56
2025-10-20,10:00:08.754758535,T,IBM,F I,39,283.56
2025-10-20,10:00:08.754758535,T,IBM,F I,5,283.57
2025-10-20,10:00:08.754761108,T,IBM,F I,6,283.57
2025-10-20,10:00:08.754768253,T,IBM,F,100,283.57
2025-10-20,10:00:08.754768253,T,IBM,F I,4,283.57
2025-10-20,10:00:08.754770150,T,IBM,F I,50,283.57
2025-10-20,10:00:08.786781364,T,IBM,F I,15,283.49
2025-10-20,10:00:08.786784330,T,IBM,F,100,283.485
2025-10-20,10:00:08.786784330,T,IBM,F I,20,283.48
2025-10-20,10:00:08.805840892,T,IBM,I,20,283.52
2025-10-20,10:00:08.805840892,T,IBM,I,15,283.55
2025-10-20,10:00:08.805843742,T,IBM,I,4,283.56
2025-10-20,10:00:08.805847805,T,IBM,I,5,283.57
2025-10-20,10:00:08.805852698,T,IBM,,100,283.59
2025-10-20,10:00:08.805852698,T,IBM,I,56,283.59
2025-10-20,10:00:08.805852698,T,IBM,I,17,283.6
2025-10-20,10:00:08.805912881,T,IBM,F I,49,283.48
2025-10-20,10:00:08.806039200,T,IBM,F I,20,283.56
2025-10-20,10:00:08.806309791,T,IBM,I,49,283.6
2025-10-20,10:00:08.806745877,T,IBM,F I,20,283.56
2025-10-20,10:00:08.809515456,T,IBM,,100,283.59
2025-10-20,10:00:33.771093814,T,IBM,I,2,283.64
2025-10-20,10:00:40.265889544,T,IBM,F I,1,283.62
2025-10-20,10:00:46.718810510,T,IBM,F I,1,283.65
2025-10-20,10:00:49.212848810,T,IBM,F I,20,283.6
2025-10-20,10:00:49.282386375,T,IBM,F I,5,283.54
2025-10-20,10:00:49.282389376,T,IBM,F,204,283.53
2025-10-20,10:00:49.282392411,T,IBM,F I,58,283.53
2025-10-20,10:00:49.282440510,T,IBM,I,1,283.53
2025-10-20,10:00:49.282440510,T,IBM,F I,4,283.53
2025-10-20,10:00:49.283093062,T,IBM,,100,283.53
2025-10-20,10:00:49.283093062,T,IBM,,100,283.54
2025-10-20,10:00:52.392375139,T,IBM,F I,15,283.47
2025-10-20,10:00:52.393439711,T,IBM,F I,7,283.29
2025-10-20,10:00:52.393484804,T,IBM,F,100,283.29
2025-10-20,10:00:52.393487765,T,IBM,F,356,283.29
2025-10-20,10:00:52.393505959,T,IBM,I,1,283.3
2025-10-20,10:00:52.393541927,T,IBM,F I,19,283.3
2025-10-20,10:00:52.393878693,T,IBM,I,25,283.36
2025-10-20,10:00:52.394116226,T,IBM,F I,10,283.29
2025-10-20,10:00:52.394287624,T,IBM,F I,5,283.36
2025-10-20,10:00:52.394609466,T,IBM,F,100,283.36
2025-10-20,10:01:15.360342466,T,IBM,F I,15,283.43
2025-10-20,10:01:30.242372231,T,IBM,F I,50,283.35
2025-10-20,10:01:30.242417293,T,IBM,F,100,283.33
2025-10-20,10:01:30.242456413,T,IBM,F I,32,283.29
2025-10-20,10:01:30.242555715,T,IBM,F I,51,283.28
2025-10-20,10:01:30.242612814,T,IBM,I,36,283.38
2025-10-20,10:01:30.242811335,T,IBM,I,36,283.28
2025-10-20,10:01:30.242862397,T,IBM,I,25,283.33
2025-10-20,10:01:30.243036997,T,IBM,I,4,283.39
2025-10-20,10:01:30.243069963,T,IBM,F I,10,283.32
2025-10-20,10:01:30.243097659,T,IBM,F I,25,283.33
2025-10-20,10:01:30.243133053,T,IBM,I,11,283.38
2025-10-20,10:01:30.243196146,T,IBM,I,11,283.38
2025-10-20,10:01:30.243340502,T,IBM,I,11,283.39
2025-10-20,10:01:30.243352589,T,IBM,F I,56,283.33
2025-10-20,10:01:30.243373564,T,IBM,F I,8,283.36
2025-10-20,10:01:43.816714658,T,IBM,F I,30,283.33
2025-10-20,10:01:43.816729680,T,IBM,I,1,283.33
2025-10-20,10:01:43.816735702,T,IBM,F,313,283.33
2025-10-20,10:01:45.876347868,T,IBM,F I,20,283.29
2025-10-20,10:01:46.168318958,T,IBM,F I,7,282.91
2025-10-20,10:01:46.168343073,T,IBM,F,100,282.9
2025-10-20,10:01:46.168343073,T,IBM,F I,7,282.9
2025-10-20,10:01:46.168376116,T,IBM,F I,4,282.85
2025-10-20,10:01:46.168379154,T,IBM,F I,7,282.85
2025-10-20,10:01:46.168448303,T,IBM,F I,93,282.85
2025-10-20,10:02:00.279244041,T,IBM,F I,9,282.93
2025-10-20,10:02:00.279505660,T,IBM,F I,8,282.93
2025-10-20,10:02:01.302096036,T,IBM,I,5,282.98
2025-10-20,10:02:01.302099110,T,IBM,I,10,282.99
2025-10-20,10:02:01.302102089,T,IBM,,100,283.01
2025-10-20,10:02:01.302102089,T,IBM,I,7,283.01
2025-10-20,10:02:01.302105479,T,IBM,I,1,283.01
2025-10-20,10:02:01.302105479,T,IBM,I,30,283.02
2025-10-20,10:02:01.302108229,T,IBM,I,21,283.03
2025-10-20,10:02:01.302108229,T,IBM,I,12,283.03
2025-10-20,10:02:01.302111176,T,IBM,I,55,283.04
2025-10-20,10:02:01.302114414,T,IBM,I,14,283.04
2025-10-20,10:02:01.302114414,T,IBM,I,20,283.04
2025-10-20,10:02:01.302288615,T,IBM,I,99,283.05
2025-10-20,10:02:01.302312574,T,IBM,I,1,283.05
2025-10-20,10:02:01.302312574,T,IBM,I,12,283.05
2025-10-20,10:02:01.302318888,T,IBM,I,13,283.05
2025-10-20,10:02:01.302318888,T,IBM,I,11,283.05
2025-10-20,10:02:01.302322024,T,IBM,I,5,283.05
2025-10-20,10:02:01.302322024,T,IBM,I,9,283.05
2025-10-20,10:02:01.302325303,T,IBM,I,18,283.05
2025-10-20,10:02:01.302325303,T,IBM,I,3,283.05
2025-10-20,10:02:01.302327799,T,IBM,I,28,283.05
2025-10-20,10:02:01.302327799,T,IBM,F I,72,283.05
2025-10-20,10:02:01.302474968,T,IBM,I,22,283.05
2025-10-20,10:02:01.302673931,T,IBM,F I,9,283.06
2025-10-20,10:02:01.302679643,T,IBM,F I,12,283.07
2025-10-20,10:02:01.302679643,T,IBM,F I,9,283.07
2025-10-20,10:02:01.302724605,T,IBM,F I,9,283.07
2025-10-20,10:02:02.378984024,T,IBM,I,20,283.14
2025-10-20,10:02:02.378984024,T,IBM,I,14,283.15
2025-10-20,10:02:02.379005504,T,IBM,F I,86,283.15
2025-10-20,10:02:02.379005504,T,IBM,F I,35,283.15
2025-10-20,10:02:02.379010786,T,IBM,F I,46,283.15
2025-10-20,10:02:02.379010786,T,IBM,F I,6,283.15
2025-10-20,10:02:02.379043877,T,IBM,F I,5,283.16
2025-10-20,10:02:03.111897542,T,IBM,F I,25,283.22
2025-10-20,10:02:03.111900712,T,IBM,F I,5,283.23
2025-10-20,10:02:03.111903510,T,IBM,F I,7,283.23
2025-10-20,10:02:03.111987739,T,IBM,I,3,283.24
2025-10-20,10:02:03.112423754,T,IBM,F I,7,283.26
2025-10-20,10:02:03.112607232,T,IBM,F I,47,283.28
2025-10-20,10:02:03.112694637,T,IBM,I,20,283.28
2025-10-20,10:02:03.112698229,T,IBM,I,11,283.28
2025-10-20,10:02:03.112698229,T,IBM,I,10,283.29
2025-10-20,10:02:03.112703738,T,IBM,I,34,283.29
2025-10-20,10:02:03.112703738,T,IBM,I,6,283.29
2025-10-20,10:02:03.112703738,T,IBM,I,19,283.29
2025-10-20,10:02:03.112715503,T,IBM,F I,46,283.29
2025-10-20,10:02:03.121460325,T,IBM,F I,7,283.29
2025-10-20,10:02:03.121487984,T,IBM,F,100,283.29
2025-10-20,10:02:08.565608813,T,IBM,F I,19,283.16
2025-10-20,10:02:13.998005318,T,IBM,I,20,283.28
2025-10-20,10:02:13.998008339,T,IBM,I,17,283.28
2025-10-20,10:02:13.998032556,T,IBM,F I,16,283.28
2025-10-20,10:02:13.998036266,T,IBM,F I,81,283.29
2025-10-20,10:02:13.998041524,T,IBM,F I,19,283.29
2025-10-20,10:02:13.998041524,T,IBM,F I,6,283.29
2025-10-20,10:02:13.998044443,T,IBM,F I,5,283.29
2025-10-20,10:02:15.846527048,T,IBM,F I,2,283.27
2025-10-20,10:02:29.616000979,T,IBM,F I,16,283.41
2025-10-20,10:02:29.616037555,T,IBM,I,18,283.43
2025-10-20,10:02:29.616040174,T,IBM,I,6,283.43
2025-10-20,10:02:29.616040174,T,IBM,I,7,283.43
2025-10-20,10:02:29.616043076,T,IBM,I,6,283.43
2025-10-20,10:02:29.616046072,T,IBM,I,5,283.43
2025-10-20,10:02:29.616268702,T,IBM,F I,1,283.45
2025-10-20,10:02:29.616268702,T,IBM,F I,5,283.45
2025-10-20,10:02:35.033993637,T,IBM,F I,6,283.5
2025-10-20,10:02:35.033993637,T,IBM,F I,47,283.5
2025-10-20,10:02:35.033996309,T,IBM,F I,1,283.5
2025-10-20,10:02:35.034200774,T,IBM,F I,10,283.53
2025-10-20,10:02:35.034200774,T,IBM,F I,5,283.53
2025-10-20,10:02:36.331934199,T,IBM,I,5,283.46
2025-10-20,10:02:36.331934199,T,IBM,I,45,283.46
2025-10-20,10:02:37.688915146,T,IBM,F I,20,283.54
2025-10-20,10:02:37.688917892,T,IBM,F I,38,283.54
2025-10-20,10:02:37.688917892,T,IBM,F I,6,283.54
2025-10-20,10:02:39.751073828,T,IBM,I,1,283.53
2025-10-20,10:02:41.239356136,T,IBM,I,22,283.54
2025-10-20,10:02:41.239358917,T,IBM,I,14,283.54
2025-10-20,10:02:41.239362041,T,IBM,I,20,283.54
2025-10-20,10:02:41.239367978,T,IBM,,100,283.55
2025-10-20,10:02:41.239367978,T,IBM,I,17,283.55
2025-10-20,10:02:41.239377042,T,IBM,I,1,283.55
2025-10-20,10:02:41.345737305,T,IBM,I,1,283.55
2025-10-20,10:02:41.345740234,T,IBM,I,10,283.56
2025-10-20,10:02:41.345746214,T,IBM,I,6,283.56
2025-10-20,10:02:41.345746214,T,IBM,I,6,283.63
2025-10-20,10:02:41.345746214,T,IBM,I,7,283.63
2025-10-20,10:02:41.453011586,T,IBM,F I,5,283.54
2025-10-20,10:02:41.453014617,T,IBM,F I,20,283.52
2025-10-20,10:02:41.453017836,T,IBM,F I,15,283.51
2025-10-20,10:02:41.453017836,T,IBM,F I,5,283.51
2025-10-20,10:02:41.453020597,T,IBM,F I,20,283.49
2025-10-20,10:02:41.453023640,T,IBM,F I,50,283.47
2025-10-20,10:02:41.491945253,T,IBM,F I,15,283.45
2025-10-20,10:02:42.291311239,T,IBM,I,5,283.64
2025-10-20,10:02:42.291335438,T,IBM,F I,2,283.65
2025-10-20,10:02:42.291372417,T,IBM,F I,8,283.65
2025-10-20,10:02:42.291377379,T,IBM,F I,5,283.68
2025-10-20,10:02:42.291428508,T,IBM,I,46,283.69
2025-10-20,10:02:42.291428508,T,IBM,I,14,283.69
2025-10-20,10:02:42.291786353,T,IBM,F I,5,283.69
2025-10-20,10:03:26.365333811,T,IBM,I,5,283.66
2025-10-20,10:03:26.365333811,T,IBM,I,4,283.66
2025-10-20,10:03:26.365336375,T,IBM,I,1,283.66
2025-10-20,10:03:36.106621831,T,IBM,I,1,283.7
2025-10-20,10:03:47.382631857,T,IBM,I,43,283.62
2025-10-20,10:03:51.532330803,T,IBM,F I,20,283.68
2025-10-20,10:03:56.613806966,T,IBM,F,100,283.72
2025-10-20,10:04:08.683096720,T,IBM,F I,15,283.73
2025-10-20,10:04:08.683096720,T,IBM,F I,2,283.72
2025-10-20,10:04:12.435075183,T,IBM,,100,283.77
2025-10-20,10:04:12.435075183,T,IBM,I,15,283.79
2025-10-20,10:04:12.435075183,T,IBM,I,3,283.81
2025-10-20,10:04:12.435077631,T,IBM,I,13,283.82
2025-10-20,10:04:12.435080594,T,IBM,I,5,283.82
2025-10-20,10:04:12.435080594,T,IBM,I,4,283.83
2025-10-20,10:04:49.554112475,T,IBM,I,1,283.675
2025-10-20,10:04:51.278540634,T,IBM,I,6,283.685
2025-10-20,10:04:51.279051971,T,IBM,I,26,283.67
2025-10-20,10:04:51.279051971,T,IBM,I,45,283.63
2025-10-20,10:04:51.279689471,T,IBM,F I,5,283.66
2025-10-20,10:04:51.279710420,T,IBM,F,100,283.66
2025-10-20,10:04:51.279767947,T,IBM,F I,5,283.7
2025-10-20,10:04:51.279770638,T,IBM,F I,5,283.71
2025-10-20,10:04:51.279803910,T,IBM,F I,6,283.72
2025-10-20,10:04:51.279806717,T,IBM,F I,4,283.72
2025-10-20,10:04:51.280284811,T,IBM,F I,2,283.77
2025-10-20,10:04:51.280284811,T,IBM,F I,36,283.83
2025-10-20,10:04:51.280287900,T,IBM,F I,3,283.83
2025-10-20,10:04:51.280302826,T,IBM,I,1,283.83
2025-10-20,10:04:51.280320948,T,IBM,F I,1,283.83
2025-10-20,10:04:51.280342270,T,IBM,I,1,283.87
2025-10-20,10:04:51.280342270,T,IBM,I,9,283.87
2025-10-20,10:04:51.280345525,T,IBM,I,36,283.87
2025-10-20,10:04:51.280348166,T,IBM,,100,283.87
2025-10-20,10:04:51.280348166,T,IBM,I,5,283.87
2025-10-20,10:04:51.280354007,T,IBM,I,7,283.87
2025-10-20,10:04:51.280369572,T,IBM,F I,4,283.88
2025-10-20,10:04:51.280369572,T,IBM,F I,7,283.88
2025-10-20,10:04:51.280375424,T,IBM,,100,283.87
2025-10-20,10:04:51.280375424,T,IBM,,100,283.83
2025-10-20,10:04:51.280402132,T,IBM,,200,283.88
2025-10-20,10:04:51.280402132,T,IBM,F I,80,283.88
2025-10-20,10:04:51.280477303,T,IBM,I,20,283.87
2025-10-20,10:04:51.280537443,T,IBM,,1060,283.87
2025-10-20,10:04:51.280621627,T,IBM,I,3,283.87
2025-10-20,10:04:51.280772117,T,IBM,F I,18,283.89
2025-10-20,10:04:51.280775045,T,IBM,F I,7,283.89
2025-10-20,10:04:51.280799154,T,IBM,F,337,283.87
2025-10-20,10:04:51.280826571,T,IBM,I,5,283.84
2025-10-20,10:04:51.280829169,T,IBM,I,95,283.81
2025-10-20,10:04:51.280847218,T,IBM,F I,13,283.87
2025-10-20,10:05:15.610396011,T,IBM,F I,20,283.77
2025-10-20,10:05:17.123685523,T,IBM,F I,5,283.71
2025-10-20,10:05:17.123688508,T,IBM,F I,20,283.71
2025-10-20,10:05:17.123691624,T,IBM,F I,15,283.71
2025-10-20,10:05:17.123691624,T,IBM,F I,13,283.7
2025-10-20,10:05:26.023574017,T,IBM,I,45,283.68
2025-10-20,10:05:32.018615910,T,IBM,F I,20,283.66
2025-10-20,10:05:32.018619273,T,IBM,F I,17,283.68
2025-10-20,10:05:32.018622215,T,IBM,F I,5,283.68
2025-10-20,10:05:32.018622215,T,IBM,F I,20,283.68
2025-10-20,10:05:32.018624885,T,IBM,F I,30,283.68
2025-10-20,10:05:32.018624885,T,IBM,F I,46,283.68
2025-10-20,10:05:32.018628096,T,IBM,F I,12,283.68
2025-10-20,10:05:32.018628096,T,IBM,F I,8,283.68
2025-10-20,10:05:38.703070110,T,IBM,F I,30,283.75
2025-10-20,10:05:38.703307725,T,IBM,I,20,283.8
2025-10-20,10:05:39.522389512,T,IBM,I,5,283.83
2025-10-20,10:05:50.191617183,T,IBM,F I,6,283.84
2025-10-20,10:05:50.191620350,T,IBM,F I,17,283.84
2025-10-20,10:05:50.191623138,T,IBM,F I,5,283.84
2025-10-20,10:05:50.191626224,T,IBM,F I,24,283.84
2025-10-20,10:05:50.191626224,T,IBM,F I,5,283.84
2025-10-20,10:05:50.191770568,T,IBM,F,100,283.86
2025-10-20,10:05:50.191773511,T,IBM,F I,1,283.86
2025-10-20,10:05:50.191809642,T,IBM,F I,12,283.89
2025-10-20,10:05:50.191809642,T,IBM,F I,10,283.9
2025-10-20,10:06:03.577059121,T,IBM,F I,85,283.82
2025-10-20,10:06:09.146747494,T,IBM,I,18,283.75
2025-10-20,10:06:17.963966030,T,IBM,I,6,283.81
2025-10-20,10:06:33.152729150,T,IBM,I,5,283.8
2025-10-20,10:06:33.152729150,T,IBM,I,5,283.79
2025-10-20,10:06:33.152731958,T,IBM,I,15,283.78
2025-10-20,10:06:33.152801130,T,IBM,F I,5,283.78
2025-10-20,10:06:33.152801130,T,IBM,F I,15,283.77
2025-10-20,10:06:33.152808202,T,IBM,F,100,283.765
2025-10-20,10:06:33.153297303,T,IBM,I,25,283.765
2025-10-20,10:06:33.153955886,T,IBM,,100,283.76
2025-10-20,10:06:37.759717480,T,IBM,I,17,283.69
2025-10-20,10:06:42.886216753,T,IBM,I,5,283.78
2025-10-20,10:06:51.128403531,T,IBM,I,5,283.88
2025-10-20,10:06:54.234431932,T,IBM,I,17,283.79
2025-10-20,10:06:57.412039691,T,IBM,F I,60,283.79
2025-10-20,10:07:00.973321743,T,IBM,F,100,283.81
2025-10-20,10:07:01.181928337,T,IBM,F I,30,283.8
2025-10-20,10:07:01.181946397,T,IBM,I,1,283.8
2025-10-20,10:07:01.181949570,T,IBM,F I,69,283.8
2025-10-20,10:07:01.181952966,T,IBM,F I,1,283.8
2025-10-20,10:07:01.181952966,T,IBM,F I,35,283.8
2025-10-20,10:07:01.181955391,T,IBM,I,13,283.8
2025-10-20,10:07:01.181964405,T,IBM,F I,36,283.8
2025-10-20,10:07:09.815562830,T,IBM,I,6,283.92
2025-10-20,10:07:09.816071050,T,IBM,I,94,283.92
2025-10-20,10:07:09.816074561,T,IBM,I,29,283.92
2025-10-20,10:07:09.816077033,T,IBM,I,5,283.92
2025-10-20,10:07:09.816080039,T,IBM,I,28,283.92
2025-10-20,10:07:09.816080039,T,IBM,I,5,283.92
2025-10-20,10:07:09.816113208,T,IBM,F I,12,283.93
2025-10-20,10:07:09.816122306,T,IBM,F I,2,283.93
2025-10-20,10:07:09.816125590,T,IBM,F I,6,283.94
2025-10-20,10:07:09.816350751,T,IBM,F I,88,283.93
2025-10-20,10:07:09.816371719,T,IBM,I,1,283.93
2025-10-20,10:07:09.816371719,T,IBM,I,11,283.93
2025-10-20,10:07:09.816374707,T,IBM,I,7,283.93
2025-10-20,10:07:09.816471013,T,IBM,F I,8,283.95
2025-10-20,10:07:09.816534107,T,IBM,,100,283.95
2025-10-20,10:07:09.816537171,T,IBM,I,93,283.95
2025-10-20,10:07:09.816570268,T,IBM,F,100,283.95
2025-10-20,10:07:09.816655437,T,IBM,F I,1,283.97
2025-10-20,10:07:09.816655437,T,IBM,F I,9,283.97
2025-10-20,10:07:09.816657460,T,IBM,F I,2,283.97
2025-10-20,10:07:09.816726621,T,IBM,I,56,283.97
2025-10-20,10:07:09.816762674,T,IBM,,412,283.96
2025-10-20,10:07:09.817240858,T,IBM,F I,4,284.0
2025-10-20,10:07:09.817508448,T,IBM,,411,284.0
2025-10-20,10:07:09.817550593,T,IBM,I,1,284.0
2025-10-20,10:07:10.826981664,T,IBM,I,17,283.93
2025-10-20,10:07:12.810127826,T,IBM,F,100,284.0
2025-10-20,10:07:12.810130895,T,IBM,F I,7,284.0
2025-10-20,10:07:12.810130895,T,IBM,F I,3,284.0
2025-10-20,10:07:12.812106513,T,IBM,F I,6,284.0
2025-10-20,10:07:25.120633707,T,IBM,F I,92,284.07
2025-10-20,10:07:25.120675820,T,IBM,F I,24,284.03
2025-10-20,10:07:25.120702843,T,IBM,F I,18,284.03
2025-10-20,10:07:25.120702843,T,IBM,F I,6,284.03
2025-10-20,10:07:25.120706017,T,IBM,F I,13,284.03
2025-10-20,10:07:25.120895968,T,IBM,F I,54,284.08
2025-10-20,10:07:25.120895968,T,IBM,F I,5,284.08
2025-10-20,10:07:25.120898276,T,IBM,F I,9,284.08
2025-10-20,10:07:25.120916421,T,IBM,F I,57,284.08
2025-10-20,10:07:26.887357658,T,IBM,,138,284.14
2025-10-20,10:07:26.887944037,T,IBM,F I,7,284.22
2025-10-20,10:07:26.890103201,T,IBM,I,17,284.16
2025-10-20,10:07:27.107968836,T,IBM,F,100,284.24
2025-10-20,10:07:27.107968836,T,IBM,F I,40,284.24
2025-10-20,10:07:27.107974873,T,IBM,F I,52,284.24
2025-10-20,10:07:28.209677645,T,IBM,I,6,284.33
2025-10-20,10:07:28.284622307,T,IBM,I,4,284.33
2025-10-20,10:07:28.284622307,T,IBM,I,64,284.39
2025-10-20,10:07:28.284624985,T,IBM,I,5,284.41
2025-10-20,10:07:28.284628458,T,IBM,I,7,284.41
2025-10-20,10:07:28.284631065,T,IBM,I,3,284.44
2025-10-20,10:07:28.284631065,T,IBM,I,7,284.44
2025-10-20,10:07:28.284670107,T,IBM,I,20,284.49
2025-10-20,10:07:28.284673578,T,IBM,,200,284.49
2025-10-20,10:07:28.284676160,T,IBM,I,5,284.5
2025-10-20,10:07:28.284676160,T,IBM,I,7,284.5
2025-10-20,10:07:28.284679205,T,IBM,I,87,284.5
2025-10-20,10:07:28.285052048,T,IBM,F I,31,284.4
2025-10-20,10:07:28.285310594,T,IBM,F I,1,284.55
2025-10-20,10:07:28.285392689,T,IBM,F I,1,284.54
2025-10-20,10:07:28.285394860,T,IBM,F I,1,284.57
2025-10-20,10:07:28.458009095,T,IBM,I,5,284.53
2025-10-20,10:07:28.458014855,T,IBM,,100,284.54
2025-10-20,10:07:28.458014855,T,IBM,I,3,284.55
2025-10-20,10:07:28.458017750,T,IBM,I,18,284.56
2025-10-20,10:07:28.458020800,T,IBM,I,4,284.56
2025-10-20,10:07:28.458020800,T,IBM,I,50,284.57
2025-10-20,10:07:28.458023846,T,IBM,,100,284.58
2025-10-20,10:07:28.458027673,T,IBM,,200,284.64
2025-10-20,10:07:28.458027673,T,IBM,,100,284.64
2025-10-20,10:07:28.458029884,T,IBM,I,20,284.64
2025-10-20,10:07:28.458033239,T,IBM,I,28,284.65
2025-10-20,10:07:28.458033239,T,IBM,I,72,284.65
2025-10-20,10:07:28.458249674,T,IBM,F I,7,284.68
2025-10-20,10:07:28.458252358,T,IBM,F I,7,284.68
2025-10-20,10:07:28.458393709,T,IBM,F I,80,284.69
2025-10-20,10:07:28.458414771,T,IBM,,120,284.69
2025-10-20,10:07:29.208758015,T,IBM,F I,55,284.7
2025-10-20,10:07:29.208758015,T,IBM,F I,32,284.7
2025-10-20,10:07:29.208776047,T,IBM,I,1,284.7
2025-10-20,10:07:29.208782090,T,IBM,I,29,284.7
2025-10-20,10:07:31.344337130,T,IBM,,200,284.71
2025-10-20,10:07:31.344340069,T,IBM,I,1,284.71
2025-10-20,10:07:31.344343077,T,IBM,I,72,284.71
2025-10-20,10:07:31.344364731,T,IBM,F I,2,284.72
2025-10-20,10:07:31.344368132,T,IBM,F I,8,284.72
2025-10-20,10:07:31.344370159,T,IBM,F I,1,284.72
2025-10-20,10:07:31.344370159,T,IBM,F I,1,284.74
2025-10-20,10:07:39.298125041,T,IBM,I,35,284.76
2025-10-20,10:07:39.310418931,T,IBM,F I,35,284.76
2025-10-20,10:07:39.310418931,T,IBM,F I,47,284.76
2025-10-20,10:07:39.310445300,T,IBM,,110,284.76
2025-10-20,10:07:47.706640483,T,IBM,F I,1,284.76
2025-10-20,10:07:47.706643539,T,IBM,F I,5,284.76
2025-10-20,10:07:53.029284767,T,IBM,F I,10,284.8
2025-10-20,10:07:55.282019704,T,IBM,F I,32,284.85
2025-10-20,10:07:55.282022805,T,IBM,F I,41,284.85
2025-10-20,10:08:01.278779544,T,IBM,I,1,284.89
2025-10-20,10:08:01.278779544,T,IBM,I,64,284.91
2025-10-20,10:08:01.278782627,T,IBM,I,5,284.91
2025-10-20,10:08:01.278785097,T,IBM,I,20,284.91
2025-10-20,10:08:01.278788024,T,IBM,I,5,284.91
2025-10-20,10:08:01.279540845,T,IBM,F I,50,285.0
2025-10-20,10:08:01.280499026,T,IBM,F I,20,284.98
2025-10-20,10:08:01.281347070,T,IBM,,100,285.01
2025-10-20,10:08:01.281347070,T,IBM,I,3,284.99
2025-10-20,10:08:01.281350059,T,IBM,I,97,284.99
2025-10-20,10:08:01.281368208,T,IBM,I,1,284.99
2025-10-20,10:08:01.281371171,T,IBM,I,1,284.99
2025-10-20,10:08:01.281386230,T,IBM,I,17,285.0
2025-10-20,10:08:01.281747006,T,IBM,F I,83,285.0
2025-10-20,10:08:01.281750076,T,IBM,F,118,284.99
2025-10-20,10:08:01.281759019,T,IBM,I,21,284.99
2025-10-20,10:08:01.281765105,T,IBM,F I,62,284.99
2025-10-20,10:08:01.282186054,T,IBM,F,100,284.96
2025-10-20,10:08:01.282189093,T,IBM,F I,30,284.92
2025-10-20,10:08:03.681887736,T,IBM,F,148,284.85
2025-10-20,10:08:03.681890012,T,IBM,F I,56,284.85
2025-10-20,10:08:03.681892889,T,IBM,F I,11,284.85
2025-10-20,10:08:03.681919953,T,IBM,,100,284.85
2025-10-20,10:08:03.681935623,T,IBM,I,1,284.87
2025-10-20,10:08:03.681962008,T,IBM,F I,6,284.85
2025-10-20,10:08:06.226547785,T,IBM,F I,1,284.85
2025-10-20,10:08:06.226550752,T,IBM,F I,51,284.85
2025-10-20,10:08:06.226565848,T,IBM,I,1,284.85
2025-10-20,10:08:06.226574974,T,IBM,F I,10,284.85
2025-10-20,10:08:06.226577919,T,IBM,F I,24,284.85
2025-10-20,10:08:15.016419398,T,IBM,I,3,284.89
2025-10-20,10:08:35.022263008,T,IBM,F I,30,284.83
2025-10-20,10:08:35.022263008,T,IBM,I,20,284.86
2025-10-20,10:08:35.165593163,T,IBM,I,92,284.91
2025-10-20,10:08:35.165596179,T,IBM,I,8,284.91
2025-10-20,10:08:35.165686397,T,IBM,F I,16,284.92
2025-10-20,10:08:35.165698400,T,IBM,F I,84,284.92
2025-10-20,10:08:35.165809638,T,IBM,F I,32,284.94
2025-10-20,10:08:35.876269072,T,IBM,F,100,284.98
2025-10-20,10:08:35.876293124,T,IBM,F I,7,284.99
2025-10-20,10:08:45.343226355,T,IBM,F I,30,285.0
2025-10-20,10:08:45.343229893,T,IBM,F I,19,285.0
2025-10-20,10:08:45.343232502,T,IBM,F I,60,285.0
2025-10-20,10:08:45.343232502,T,IBM,F I,16,285.0
2025-10-20,10:08:49.907792915,T,IBM,I,6,284.98
2025-10-20,10:08:50.524022959,T,IBM,F I,53,284.99
2025-10-20,10:08:53.839695362,T,IBM,I,3,284.98
2025-10-20,10:09:13.496398718,T,IBM,I,20,284.97
2025-10-20,10:09:13.496506987,T,IBM,F I,10,284.99
2025-10-20,10:09:13.496510066,T,IBM,F I,40,285.01
2025-10-20,10:09:13.496534132,T,IBM,I,1,285.01
2025-10-20,10:09:13.507002042,T,IBM,I,34,285.06
2025-10-20,10:09:13.507029046,T,IBM,F I,66,285.06
2025-10-20,10:09:13.507029046,T,IBM,F I,1,285.06
2025-10-20,10:09:13.507032022,T,IBM,F I,5,285.06
2025-10-20,10:09:13.507035095,T,IBM,F I,5,285.06
2025-10-20,10:09:13.716411534,T,IBM,F I,5,285.11
2025-10-20,10:09:13.717418890,T,IBM,I,1,285.14
2025-10-20,10:09:13.717430962,T,IBM,I,9,285.14
2025-10-20,10:09:13.717442981,T,IBM,F I,5,285.14
2025-10-20,10:09:13.717879074,T,IBM,F I,2,285.15
2025-10-20,10:09:14.502458980,T,IBM,I,35,285.14
2025-10-20,10:09:14.502458980,T,IBM,I,19,285.15
2025-10-20,10:09:14.502465269,T,IBM,I,12,285.15
2025-10-20,10:09:14.502465269,T,IBM,I,2,285.17
2025-10-20,10:09:14.502465269,T,IBM,I,14,285.2
2025-10-20,10:09:14.502467928,T,IBM,I,4,285.24
2025-10-20,10:09:19.503806195,T,IBM,F I,20,285.18
2025-10-20,10:09:19.591052906,T,IBM,I,95,285.15
2025-10-20,10:09:22.441355433,T,IBM,F I,30,285.19
2025-10-20,10:09:22.441355433,T,IBM,F I,10,285.19
2025-10-20,10:09:22.441355433,T,IBM,F I,30,285.2
2025-10-20,10:09:29.348805407,T,IBM,F I,1,285.18
2025-10-20,10:09:29.348838949,T,IBM,F I,4,285.18
2025-10-20,10:09:29.348838949,T,IBM,F I,5,285.17
2025-10-20,10:09:29.348844745,T,IBM,F,100,285.15
2025-10-20,10:09:29.348847844,T,IBM,F,100,285.13
2025-10-20,10:09:29.348847844,T,IBM,F I,1,285.11
2025-10-20,10:09:29.348850700,T,IBM,F I,90,285.11
2025-10-20,10:09:29.348850700,T,IBM,F I,1,285.11
2025-10-20,10:09:29.348910682,T,IBM,F I,9,285.11
2025-10-20,10:09:29.349286595,T,IBM,F I,14,285.11
2025-10-20,10:09:29.349301622,T,IBM,F I,14,285.11
2025-10-20,10:09:29.349322658,T,IBM,F I,6,285.11
2025-10-20,10:09:29.349331649,T,IBM,F I,25,285.11
2025-10-20,10:09:29.349331649,T,IBM,F,100,285.11
2025-10-20,10:09:29.350504532,T,IBM,F I,3,284.98
2025-10-20,10:09:29.350781098,T,IBM,F I,29,284.98
2025-10-20,10:09:29.350784205,T,IBM,F I,7,284.97
2025-10-20,10:09:29.350784205,T,IBM,F I,11,284.97
2025-10-20,10:09:29.350787414,T,IBM,F I,9,284.97
2025-10-20,10:09:29.350787414,T,IBM,F I,20,284.97
2025-10-20,10:09:29.351566529,T,IBM,I,3,285.01
2025-10-20,10:09:29.351569060,T,IBM,I,6,285.01
2025-10-20,10:09:29.351605051,T,IBM,I,10,285.02
2025-10-20,10:09:29.351947896,T,IBM,F I,4,285.01
2025-10-20,10:09:29.352690704,T,IBM,F I,7,284.92
2025-10-20,10:09:29.352901217,T,IBM,F I,19,284.95
2025-10-20,10:09:30.062214849,T,IBM,I,16,284.95
2025-10-20,10:09:30.062214849,T,IBM,I,20,284.96
2025-10-20,10:09:30.062217901,T,IBM,I,5,284.97
2025-10-20,10:09:30.062220819,T,IBM,,100,285.0
2025-10-20,10:09:30.062223898,T,IBM,I,59,285.0
2025-10-20,10:09:30.062236037,T,IBM,I,1,285.0
2025-10-20,10:09:30.062253926,T,IBM,I,40,285.0
2025-10-20,10:09:30.062256932,T,IBM,I,1,285.0
2025-10-20,10:09:30.513081701,T,IBM,I,3,285.1
2025-10-20,10:09:30.513085219,T,IBM,I,3,285.11
2025-10-20,10:09:30.513085219,T,IBM,I,5,285.11
2025-10-20,10:09:30.513087244,T,IBM,I,34,285.12
2025-10-20,10:09:38.717359567,T,IBM,I,2,285.11
2025-10-20,10:09:42.513898508,T,IBM,I,15,285.11
2025-10-20,10:09:42.513900756,T,IBM,I,20,285.16
2025-10-20,10:09:42.513903708,T,IBM,I,10,285.16
2025-10-20,10:09:59.971219439,T,IBM,I,13,285.09
2025-10-20,10:09:59.971243548,T,IBM,F I,5,285.09
2025-10-20,10:10:06.574233849,T,IBM,F I,2,285.08
2025-10-20,10:10:08.260952301,T,IBM,I,12,285.05
2025-10-20,10:10:08.260982272,T,IBM,I,11,285.05
2025-10-20,10:10:08.261009374,T,IBM,F I,6,285.05
2025-10-20,10:10:08.261264974,T,IBM,I,1,285.05
2025-10-20,10:10:08.911695469,T,IBM,F I,1,285.0
2025-10-20,10:10:09.364068404,T,IBM,F I,5,285.03
2025-10-20,10:10:12.518057814,T,IBM,F I,5,285.03
2025-10-20,10:10:17.091158716,T,IBM,F,100,284.85
2025-10-20,10:10:17.091161698,T,IBM,F I,5,284.85
2025-10-20,10:10:17.091161698,T,IBM,F I,5,284.84
2025-10-20,10:10:17.091164771,T,IBM,F I,40,284.84
2025-10-20,10:10:17.091203859,T,IBM,F I,1,284.83
2025-10-20,10:10:17.091203859,T,IBM,F I,1,284.8
2025-10-20,10:10:17.091369202,T,IBM,F I,1,284.8
2025-10-20,10:10:17.091600761,T,IBM,F I,4,284.76
2025-10-20,10:10:17.091600761,T,IBM,F I,4,284.76
2025-10-20,10:10:17.091633896,T,IBM,F I,2,284.75
2025-10-20,10:10:17.092232311,T,IBM,I,13,284.78
2025-10-20,10:10:17.092280387,T,IBM,F I,1,284.78
2025-10-20,10:10:17.092289424,T,IBM,F I,80,284.78
2025-10-20,10:10:17.092298986,T,IBM,I,1,284.78
2025-10-20,10:10:17.092304642,T,IBM,F I,19,284.78
2025-10-20,10:10:17.092304642,T,IBM,F I,37,284.78
2025-10-20,10:10:17.092307420,T,IBM,F,101,284.78
2025-10-20,10:10:17.092313504,T,IBM,F I,62,284.78
2025-10-20,10:10:17.092415694,T,IBM,I,5,284.75
2025-10-20,10:10:17.115375425,T,IBM,I,4,284.75
2025-10-20,10:10:17.665809248,T,IBM,I,5,284.83
2025-10-20,10:10:17.665809248,T,IBM,I,20,284.84
2025-10-20,10:10:17.665811848,T,IBM,I,5,284.84
2025-10-20,10:10:17.665811848,T,IBM,I,25,284.84
2025-10-20,10:10:17.676689238,T,IBM,I,7,284.89
2025-10-20,10:10:17.676689238,T,IBM,I,12,284.91
2025-10-20,10:10:17.676692388,T,IBM,I,14,284.92
2025-10-20,10:10:17.676695429,T,IBM,I,32,284.93
2025-10-20,10:10:17.676697678,T,IBM,,100,284.93
2025-10-20,10:10:17.676701082,T,IBM,I,30,284.94
2025-10-20,10:10:17.676701082,T,IBM,,100,284.94
2025-10-20,10:10:17.676701082,T,IBM,,100,284.95
2025-10-20,10:10:17.676705026,T,IBM,,100,284.97
2025-10-20,10:10:17.676705026,T,IBM,,100,285.0
2025-10-20,10:10:17.676709897,T,IBM,I,3,285.03
2025-10-20,10:10:17.676709897,T,IBM,I,8,285.04
2025-10-20,10:10:17.676709897,T,IBM,I,7,285.05
2025-10-20,10:10:17.676709897,T,IBM,I,20,285.07
2025-10-20,10:10:17.676962323,T,IBM,F I,4,285.08
2025-10-20,10:10:17.676965414,T,IBM,F I,22,285.08
2025-10-20,10:10:17.676965414,T,IBM,F I,44,285.08
2025-10-20,10:10:17.676983769,T,IBM,F I,56,285.08
2025-10-20,10:10:17.676986398,T,IBM,F I,44,285.08
2025-10-20,10:10:17.678496007,T,IBM,F I,7,284.93
2025-10-20,10:10:17.678526149,T,IBM,F I,93,284.93
2025-10-20,10:10:17.678529004,T,IBM,F I,5,284.92
2025-10-20,10:10:17.678529004,T,IBM,F I,5,284.91
2025-10-20,10:10:17.678532006,T,IBM,F I,15,284.91
2025-10-20,10:10:17.678535041,T,IBM,F I,20,284.91
2025-10-20,10:10:17.678535041,T,IBM,F I,12,284.91
2025-10-20,10:10:18.891496821,T,IBM,I,2,284.89
2025-10-20,10:10:24.523974677,T,IBM,F I,26,284.91
2025-10-20,10:10:27.986285047,T,IBM,F I,15,284.93
2025-10-20,10:10:28.519340002,T,IBM,I,3,284.98
2025-10-20,10:10:32.846497812,T,IBM,I,20,284.99
2025-10-20,10:10:32.846500434,T,IBM,I,3,285.0
2025-10-20,10:10:32.846500434,T,IBM,I,18,285.0
2025-10-20,10:10:33.517499981,T,IBM,I,6,285.07
2025-10-20,10:10:33.517503255,T,IBM,I,20,285.07
2025-10-20,10:10:33.517505865,T,IBM,I,56,285.08
2025-10-20,10:10:33.517505865,T,IBM,I,18,285.08
2025-10-20,10:10:33.517517865,T,IBM,I,1,285.08
2025-10-20,10:10:41.506847686,T,IBM,I,20,285.08
2025-10-20,10:10:41.506850549,T,IBM,I,80,285.09
2025-10-20,10:10:41.506868549,T,IBM,I,1,285.09
2025-10-20,10:10:45.484163954,T,IBM,I,10,285.02
2025-10-20,10:10:46.409060848,T,IBM,F,100,284.89
2025-10-20,10:10:50.022288648,T,IBM,F I,1,284.99
2025-10-20,10:10:59.387273546,T,IBM,I,15,284.94
2025-10-20,10:10:59.387276234,T,IBM,I,20,284.99
2025-10-20,10:10:59.387276234,T,IBM,I,65,285.0
2025-10-20,10:10:59.387297421,T,IBM,I,35,285.0
2025-10-20,10:11:02.499541410,T,IBM,I,1,284.955
2025-10-20,10:11:08.084588045,T,IBM,I,1,285.0
2025-10-20,10:11:08.084588045,T,IBM,I,83,285.0
2025-10-20,10:11:08.084590615,T,IBM,I,5,284.97
2025-10-20,10:11:08.084593455,T,IBM,I,3,284.97
2025-10-20,10:11:12.196417203,T,IBM,F I,19,284.99
2025-10-20,10:11:12.995828239,T,IBM,F,150,284.95
2025-10-20,10:11:13.007865906,T,IBM,I,20,284.95
2025-10-20,10:11:13.007874915,T,IBM,I,15,284.95
2025-10-20,10:11:15.769760970,T,IBM,F I,1,285.0
2025-10-20,10:11:15.769766967,T,IBM,F I,12,285.05
2025-10-20,10:11:15.769821084,T,IBM,F I,21,285.05
2025-10-20,10:11:15.769854400,T,IBM,F I,16,285.08
2025-10-20,10:11:15.769854400,T,IBM,F I,10,285.09
2025-10-20,10:11:15.769857374,T,IBM,F I,5,285.1
2025-10-20,10:11:15.769863186,T,IBM,F,100,285.12
2025-10-20,10:11:15.769866183,T,IBM,F,104,285.14
2025-10-20,10:11:15.769866183,T,IBM,I,17,285.05
2025-10-20,10:11:15.770082676,T,IBM,F I,62,285.08
2025-10-20,10:11:15.770082676,T,IBM,F,100,285.08
2025-10-20,10:11:15.770233079,T,IBM,F,100,285.01
2025-10-20,10:11:21.269235206,T,IBM,I,5,284.98
2025-10-20,10:11:23.820123925,T,IBM,I,20,285.03
2025-10-20,10:11:23.820123925,T,IBM,I,80,285.04
2025-10-20,10:11:23.820138953,T,IBM,I,1,285.04
2025-10-20,10:11:41.204885682,T,IBM,I,10,284.98
2025-10-20,10:11:41.208055300,T,IBM,F I,7,284.86
2025-10-20,10:11:49.839497618,T,IBM,I,13,284.91
2025-10-20,10:11:49.849523503,T,IBM,,100,284.99
2025-10-20,10:11:49.849523503,T,IBM,I,22,285.0
2025-10-20,10:11:49.849527058,T,IBM,I,5,285.04
2025-10-20,10:11:49.849527058,T,IBM,I,5,285.08
2025-10-20,10:11:49.849529763,T,IBM,I,7,285.11
2025-10-20,10:11:49.849529763,T,IBM,I,28,285.13
2025-10-20,10:11:49.849532485,T,IBM,I,20,285.13
2025-10-20,10:11:49.849577684,T,IBM,F,100,285.08
2025-10-20,10:11:49.849584565,T,IBM,F,100,285.08
2025-10-20,10:11:49.849589654,T,IBM,I,2,285.14
2025-10-20,10:11:49.849592832,T,IBM,I,1,285.14
2025-10-20,10:11:49.849596332,T,IBM,,100,285.14
2025-10-20,10:11:49.849596332,T,IBM,I,1,285.14
2025-10-20,10:11:49.849800932,T,IBM,F I,1,285.08
2025-10-20,10:11:49.849863357,T,IBM,F I,20,285.02
2025-10-20,10:11:49.849863357,T,IBM,F I,15,285.01
2025-10-20,10:11:49.849920397,T,IBM,F I,11,285.01
2025-10-20,10:11:49.849989556,T,IBM,I,4,285.0
2025-10-20,10:11:49.849996206,T,IBM,F I,4,285.02
2025-10-20,10:11:49.850218151,T,IBM,F I,1,285.0
2025-10-20,10:11:49.850461695,T,IBM,I,7,284.92
2025-10-20,10:11:49.850512857,T,IBM,I,19,284.92
2025-10-20,10:11:49.850536863,T,IBM,I,1,284.91
2025-10-20,10:11:49.850542916,T,IBM,F I,80,284.92
2025-10-20,10:11:49.850840669,T,IBM,F I,9,284.88
2025-10-20,10:11:49.851204744,T,IBM,I,22,284.83
2025-10-20,10:11:49.851207824,T,IBM,I,7,284.83
2025-10-20,10:11:49.851276672,T,IBM,F I,20,284.83
2025-10-20,10:11:49.851276672,T,IBM,F,100,284.83
2025-10-20,10:11:49.851324838,T,IBM,F I,49,284.82
2025-10-20,10:11:49.851571393,T,IBM,I,5,284.83
2025-10-20,10:11:49.851571393,T,IBM,I,6,284.83
2025-10-20,10:11:49.851574389,T,IBM,I,4,284.83
2025-10-20,10:11:54.483368926,T,IBM,I,11,284.92
2025-10-20,10:11:56.541474537,T,IBM,I,3,284.92
2025-10-20,10:11:58.323757460,T,IBM,F I,5,284.86
2025-10-20,10:11:58.323757460,T,IBM,F I,3,284.85
2025-10-20,10:12:05.491402101,T,IBM,I,11,284.91
2025-10-20,10:12:05.491405030,T,IBM,I,10,284.91
2025-10-20,10:12:05.491405030,T,IBM,I,11,284.91
2025-10-20,10:12:05.491501279,T,IBM,F I,21,284.92
2025-10-20,10:12:05.491501279,T,IBM,F I,15,284.92
2025-10-20,10:12:05.493083058,T,IBM,F I,1,285.04
2025-10-20,10:12:10.297587816,T,IBM,F I,4,284.885
2025-10-20,10:12:10.540367835,T,IBM,I,4,284.885
2025-10-20,10:12:13.548128115,T,IBM,I,10,284.95
2025-10-20,10:12:13.558731441,T,IBM,I,10,284.95
2025-10-20,10:12:13.977646731,T,IBM,I,24,284.95
2025-10-20,10:12:13.977652732,T,IBM,F I,4,284.95
2025-10-20,10:12:13.977652732,T,IBM,F I,6,284.96
2025-10-20,10:12:13.977655781,T,IBM,F I,4,284.96
2025-10-20,10:12:13.977667785,T,IBM,F I,1,285.01
2025-10-20,10:12:14.427424456,T,IBM,I,20,285.05
2025-10-20,10:12:22.517385691,T,IBM,I,35,285.04
2025-10-20,10:12:22.517388727,T,IBM,I,20,285.05
2025-10-20,10:12:22.517391703,T,IBM,I,69,285.06
2025-10-20,10:12:32.869278304,T,IBM,I,5,284.97
2025-10-20,10:12:32.869278304,T,IBM,I,9,285.01
2025-10-20,10:12:32.869283774,T,IBM,I,18,285.02
2025-10-20,10:12:32.869283774,T,IBM,I,31,285.06
2025-10-20,10:12:32.869283774,T,IBM,I,12,285.06
2025-10-20,10:12:32.869286734,T,IBM,I,1,285.06
2025-10-20,10:12:32.869289807,T,IBM,I,20,285.06
2025-10-20,10:12:32.869289807,T,IBM,I,4,285.07
2025-10-20,10:12:41.798088979,T,IBM,I,13,285.07
2025-10-20,10:12:41.798088979,T,IBM,I,1,285.07
2025-10-20,10:12:41.798091916,T,IBM,I,5,285.07
2025-10-20,10:12:41.798109954,T,IBM,I,32,285.11
2025-10-20,10:12:43.766343627,T,IBM,F I,5,285.1
2025-10-20,10:12:43.959493388,T,IBM,I,1,285.12
2025-10-20,10:12:43.959601659,T,IBM,I,99,285.12
2025-10-20,10:12:45.324686329,T,IBM,F I,35,285.12
2025-10-20,10:12:45.324791646,T,IBM,I,65,285.12
2025-10-20,10:12:45.324812943,T,IBM,F I,35,285.13
2025-10-20,10:12:50.357958002,T,IBM,,100,285.13
2025-10-20,10:12:50.357961087,T,IBM,F I,30,285.14
2025-10-20,10:12:50.357961087,T,IBM,F I,10,285.14
2025-10-20,10:12:50.357964091,T,IBM,F I,14,285.14
2025-10-20,10:12:50.357966729,T,IBM,F I,30,285.14
2025-10-20,10:12:50.357966729,T,IBM,F I,9,285.14
2025-10-20,10:12:50.357978787,T,IBM,I,1,285.14
2025-10-20,10:12:50.357978787,T,IBM,I,30,285.14
2025-10-20,10:12:50.357984797,T,IBM,F I,6,285.14
2025-10-20,10:12:50.358090064,T,IBM,F I,14,285.15
2025-10-20,10:12:50.358186230,T,IBM,F I,14,285.15
2025-10-20,10:12:50.358252902,T,IBM,F I,1,285.15
2025-10-20,10:12:50.358252902,T,IBM,F I,29,285.15
2025-10-20,10:12:50.358255474,T,IBM,F I,56,285.15
2025-10-20,10:12:54.590425947,T,IBM,F I,5,285.19
2025-10-20,10:12:54.590425947,T,IBM,F I,18,285.19
2025-10-20,10:12:54.591093311,T,IBM,F I,3,285.27
2025-10-20,10:12:54.591093311,T,IBM,F I,1,285.27
2025-10-20,10:12:55.515773567,T,IBM,I,10,285.33
2025-10-20,10:12:55.515773567,T,IBM,I,4,285.35
2025-10-20,10:12:58.577446598,T,IBM,I,15,285.25
2025-10-20,10:12:58.577446598,T,IBM,I,20,285.25
2025-10-20,10:12:58.577449301,T,IBM,I,19,285.25
2025-10-20,10:12:58.693093061,T,IBM,I,15,285.29
2025-10-20,10:12:58.693093061,T,IBM,I,20,285.31
2025-10-20,10:12:58.693096264,T,IBM,I,5,285.31
2025-10-20,10:12:58.693096264,T,IBM,I,20,285.32
2025-10-20,10:12:58.693098570,T,IBM,I,40,285.36
2025-10-20,10:13:07.113143620,T,IBM,,100,285.33
2025-10-20,10:13:07.113143620,T,IBM,I,8,285.39
2025-10-20,10:13:07.113146674,T,IBM,I,8,285.39
2025-10-20,10:13:10.484830431,T,IBM,I,3,285.225
2025-10-20,10:13:11.653493556,T,IBM,,100,285.16
2025-10-20,10:13:11.677932975,T,IBM,,100,285.23
2025-10-20,10:13:11.677932975,T,IBM,I,11,285.28
2025-10-20,10:13:11.677935865,T,IBM,,100,285.33
2025-10-20,10:13:11.677935865,T,IBM,I,14,285.34
2025-10-20,10:13:11.677941813,T,IBM,I,11,285.38
2025-10-20,10:13:11.677941813,T,IBM,I,20,285.43
2025-10-20,10:13:11.677944793,T,IBM,I,92,285.43
2025-10-20,10:13:11.677969303,T,IBM,,100,285.34
2025-10-20,10:13:11.677980913,T,IBM,F,100,285.34
2025-10-20,10:13:11.677992937,T,IBM,F,100,285.34
2025-10-20,10:13:11.677996920,T,IBM,,100,285.34
2025-10-20,10:13:11.677996920,T,IBM,I,85,285.34
2025-10-20,10:13:11.678002041,T,IBM,F,100,285.34
2025-10-20,10:13:11.678002041,T,IBM,F,115,285.34
2025-10-20,10:13:11.678083411,T,IBM,I,27,285.32
2025-10-20,10:13:11.678083411,T,IBM,F I,28,285.32
2025-10-20,10:13:11.678089976,T,IBM,I,8,285.28
2025-10-20,10:13:11.678101556,T,IBM,F I,45,285.32
2025-10-20,10:13:11.678101556,T,IBM,F I,55,285.34
2025-10-20,10:13:11.678122228,T,IBM,I,1,285.33
2025-10-20,10:13:11.678591321,T,IBM,F I,1,285.33
2025-10-20,10:13:11.678624384,T,IBM,F I,1,285.33
2025-10-20,10:13:11.678651464,T,IBM,F I,1,285.33
2025-10-20,10:13:11.678696622,T,IBM,I,7,285.25
2025-10-20,10:13:11.678747675,T,IBM,F I,1,285.33
2025-10-20,10:13:11.678780856,T,IBM,F I,1,285.33
2025-10-20,10:13:15.836105895,T,IBM,F I,1,285.22
2025-10-20,10:13:24.891037326,T,IBM,,250,285.35
2025-10-20,10:13:24.893554418,T,IBM,I,1,285.33
2025-10-20,10:13:32.213424256,T,IBM,I,26,285.32
2025-10-20,10:13:32.213427975,T,IBM,I,1,285.35
2025-10-20,10:13:32.213427975,T,IBM,I,20,285.44
2025-10-20,10:13:32.213430410,T,IBM,,500,285.45
2025-10-20,10:13:32.213433379,T,IBM,,100,285.45
2025-10-20,10:13:38.159209017,T,IBM,F I,14,285.42
2025-10-20,10:13:38.159822491,T,IBM,I,20,285.36
2025-10-20,10:13:38.161004344,T,IBM,I,36,285.33
2025-10-20,10:13:40.797299365,T,IBM,F I,1,285.48
2025-10-20,10:13:40.817290983,T,IBM,I,33,285.48
2025-10-20,10:13:40.817294428,T,IBM,I,5,285.48
2025-10-20,10:13:40.817296936,T,IBM,I,18,285.49
2025-10-20,10:13:40.817399273,T,IBM,I,5,285.39
2025-10-20,10:13:40.817399273,T,IBM,I,32,285.38
2025-10-20,10:13:40.817420242,T,IBM,I,1,285.39
2025-10-20,10:13:40.817435339,T,IBM,F I,5,285.39
2025-10-20,10:13:40.817462498,T,IBM,I,16,285.38
2025-10-20,10:13:40.817510439,T,IBM,I,22,285.4
