DATE,TIME_M,EX,SYM_ROOT,TR_SCOND,SIZE,PRICE
2025-10-30,9:30:00.095824213,T,IBM,O I,8,305.98
2025-10-30,9:30:00.095845227,T,IBM,Q,8,305.98
2025-10-30,9:30:01.076464783,T,IBM,I,4,305.98
2025-10-30,9:30:01.077084354,T,IBM,I,20,305.98
2025-10-30,9:30:01.078783342,T,IBM,I,25,306.57
2025-10-30,9:30:01.078807483,T,IBM,F I,25,306.57
2025-10-30,9:30:01.079029938,T,IBM,I,1,306.56
2025-10-30,9:30:01.081291283,T,IBM,,100,306.455
2025-10-30,9:30:01.084939089,T,IBM,I,13,306.01
2025-10-30,9:30:01.202275279,T,IBM,,100,306.195
2025-10-30,9:30:01.205369716,T,IBM,I,2,306.32
2025-10-30,9:30:01.733450918,T,IBM,F,100,306.195
2025-10-30,9:30:02.132419575,T,IBM,,100,306.195
2025-10-30,9:30:02.142517656,T,IBM,,100,306.195
2025-10-30,9:30:02.211462738,T,IBM,,100,306.195
2025-10-30,9:30:02.222351771,T,IBM,I,5,306.195
2025-10-30,9:30:02.222432967,T,IBM,I,5,306.195
2025-10-30,9:30:02.222607277,T,IBM,I,4,306.4
2025-10-30,9:30:02.640076132,T,IBM,,100,306.62
2025-10-30,9:30:02.700697665,T,IBM,I,5,306.39
2025-10-30,9:30:13.336159241,T,IBM,F,100,306.73
2025-10-30,9:30:13.336589278,T,IBM,I,36,306.73
2025-10-30,9:30:13.337217819,T,IBM,,100,306.75
2025-10-30,9:30:21.468571226,T,IBM,I,75,307.1
2025-10-30,9:30:21.468576477,T,IBM,I,5,307.12
2025-10-30,9:30:21.468579704,T,IBM,I,11,307.13
2025-10-30,9:30:21.468579704,T,IBM,I,20,307.24
2025-10-30,9:30:21.468585400,T,IBM,,100,307.24
2025-10-30,9:30:21.468585400,T,IBM,I,6,307.25
2025-10-30,9:30:21.468588181,T,IBM,I,11,307.25
2025-10-30,9:30:21.468588181,T,IBM,,100,307.25
2025-10-30,9:30:21.468591430,T,IBM,I,4,307.25
2025-10-30,9:30:21.468597107,T,IBM,I,1,307.25
2025-10-30,9:30:21.468597107,T,IBM,I,66,307.25
2025-10-30,9:30:21.468621133,T,IBM,F I,29,307.25
2025-10-30,9:30:21.468624688,T,IBM,F I,13,307.25
2025-10-30,9:30:21.468632476,T,IBM,F I,87,307.25
2025-10-30,9:30:21.468636232,T,IBM,F I,15,307.25
2025-10-30,9:30:21.468636232,T,IBM,F I,42,307.25
2025-10-30,9:30:21.468642263,T,IBM,,168,307.25
2025-10-30,9:30:21.468645950,T,IBM,,102,307.25
2025-10-30,9:30:21.468798562,T,IBM,F,100,307.25
2025-10-30,9:30:21.469448125,T,IBM,I,3,307.25
2025-10-30,9:30:21.469685709,T,IBM,F I,10,307.38
2025-10-30,9:30:21.470223962,T,IBM,I,7,307.5
2025-10-30,9:30:21.470939682,T,IBM,I,7,307.5
2025-10-30,9:30:21.471339740,T,IBM,F I,7,307.54
2025-10-30,9:30:27.262725923,T,IBM,I,5,307.07
2025-10-30,9:30:27.262728404,T,IBM,I,5,307.06
2025-10-30,9:30:27.262731423,T,IBM,I,12,307.02
2025-10-30,9:30:27.262731423,T,IBM,I,5,306.94
2025-10-30,9:30:27.262735167,T,IBM,I,10,306.93
2025-10-30,9:30:27.262735167,T,IBM,I,50,306.9
2025-10-30,9:30:27.262737322,T,IBM,I,63,306.82
2025-10-30,9:30:29.026625679,T,IBM,,100,306.86
2025-10-30,9:30:29.557846194,T,IBM,F I,12,306.9
2025-10-30,9:30:34.798410502,T,IBM,,100,306.68
2025-10-30,9:30:34.803053576,T,IBM,F,100,306.68
2025-10-30,9:30:34.805732946,T,IBM,,100,306.68
2025-10-30,9:30:34.812871967,T,IBM,,150,306.68
2025-10-30,9:30:34.820227428,T,IBM,,100,306.68
2025-10-30,9:30:34.844519264,T,IBM,,100,306.68
2025-10-30,9:30:59.369336561,T,IBM,,100,306.805
2025-10-30,9:30:59.371122897,T,IBM,,125,306.805
2025-10-30,9:31:02.442599181,T,IBM,F,100,307.17
2025-10-30,9:31:02.442602527,T,IBM,F I,50,307.2
2025-10-30,9:31:02.442602527,T,IBM,F I,20,307.2
2025-10-30,9:31:02.442605180,T,IBM,F I,11,307.21
2025-10-30,9:31:02.442905946,T,IBM,F I,1,306.79
2025-10-30,9:31:04.349297420,T,IBM,,100,306.805
2025-10-30,9:31:04.356854401,T,IBM,,100,306.805
2025-10-30,9:31:04.365427837,T,IBM,,100,306.805
2025-10-30,9:31:04.399697380,T,IBM,,100,306.805
2025-10-30,9:31:19.034500537,T,IBM,I,1,307.43
2025-10-30,9:31:19.034500537,T,IBM,I,22,307.45
2025-10-30,9:31:20.488308947,T,IBM,I,1,307.55
2025-10-30,9:31:20.493472643,T,IBM,I,6,307.75
2025-10-30,9:31:20.493472643,T,IBM,I,20,307.99
2025-10-30,9:31:20.493475866,T,IBM,,100,308.0
2025-10-30,9:31:20.493477831,T,IBM,I,10,308.0
2025-10-30,9:31:20.493477831,T,IBM,I,61,308.0
2025-10-30,9:31:20.493532041,T,IBM,F I,20,308.0
2025-10-30,9:31:20.499892181,T,IBM,I,5,307.9
2025-10-30,9:31:20.499892181,T,IBM,I,12,307.85
2025-10-30,9:31:20.499895516,T,IBM,I,5,307.85
2025-10-30,9:31:20.499895516,T,IBM,I,5,307.77
2025-10-30,9:31:20.499901118,T,IBM,I,50,307.73
2025-10-30,9:31:20.499901118,T,IBM,I,12,307.73
2025-10-30,9:31:20.499904171,T,IBM,I,1,307.72
2025-10-30,9:31:20.499904171,T,IBM,I,10,307.72
2025-10-30,9:31:20.499970365,T,IBM,I,10,307.72
2025-10-30,9:31:24.150634463,T,IBM,I,5,307.57
2025-10-30,9:31:24.150634463,T,IBM,I,95,307.46
2025-10-30,9:31:24.476568446,T,IBM,,100,307.46
2025-10-30,9:31:33.478006156,T,IBM,,125,307.405
2025-10-30,9:31:39.574705604,T,IBM,F I,12,307.32
2025-10-30,9:31:39.574705604,T,IBM,F I,5,307.32
2025-10-30,9:31:39.574708582,T,IBM,F I,12,307.32
2025-10-30,9:31:39.798017121,T,IBM,I,12,307.08
2025-10-30,9:31:39.798017121,T,IBM,I,5,307.07
2025-10-30,9:31:40.107462874,T,IBM,F I,1,307.48
2025-10-30,9:31:40.504741621,T,IBM,F I,5,307.27
2025-10-30,9:31:40.504745090,T,IBM,F I,12,307.24
2025-10-30,9:31:40.504745090,T,IBM,F I,5,307.22
2025-10-30,9:31:40.504747836,T,IBM,F I,79,307.18
2025-10-30,9:31:40.504885987,T,IBM,I,12,307.38
2025-10-30,9:31:40.504885987,T,IBM,I,5,307.43
2025-10-30,9:31:47.580187888,T,IBM,I,5,307.36
2025-10-30,9:31:47.580187888,T,IBM,I,12,307.38
2025-10-30,9:31:47.580190280,T,IBM,I,83,307.44
2025-10-30,9:31:47.580797718,T,IBM,F I,2,307.91
2025-10-30,9:31:47.581357142,T,IBM,F I,2,307.9
2025-10-30,9:31:47.593545223,T,IBM,I,12,307.5
2025-10-30,9:31:47.593551074,T,IBM,,100,307.47
2025-10-30,9:32:07.398304195,T,IBM,F I,8,307.54
2025-10-30,9:32:07.398929883,T,IBM,I,5,307.55
2025-10-30,9:32:07.398932797,T,IBM,I,11,307.59
2025-10-30,9:32:07.398939064,T,IBM,I,23,307.59
2025-10-30,9:32:07.398939064,T,IBM,F I,4,307.59
2025-10-30,9:32:07.398941751,T,IBM,F I,1,307.59
2025-10-30,9:32:07.398953722,T,IBM,I,1,307.58
2025-10-30,9:32:07.399140527,T,IBM,I,3,307.45
2025-10-30,9:32:07.399146186,T,IBM,I,5,307.41
2025-10-30,9:32:07.399582212,T,IBM,I,8,307.47
2025-10-30,9:32:07.399648349,T,IBM,F I,7,307.47
2025-10-30,9:32:07.399657462,T,IBM,I,10,307.59
2025-10-30,9:32:07.399912987,T,IBM,F I,1,307.32
2025-10-30,9:32:07.399943065,T,IBM,I,10,307.32
2025-10-30,9:32:07.400129483,T,IBM,I,10,307.31
2025-10-30,9:32:07.414738278,T,IBM,F I,5,307.35
2025-10-30,9:32:07.449816779,T,IBM,I,8,307.43
2025-10-30,9:32:07.449829103,T,IBM,I,2,307.43
2025-10-30,9:32:07.449831901,T,IBM,I,40,307.45
2025-10-30,9:32:07.449854004,T,IBM,F I,2,307.45
2025-10-30,9:32:07.449859720,T,IBM,F I,4,307.46
2025-10-30,9:32:07.450090463,T,IBM,F I,4,307.55
2025-10-30,9:32:17.541713622,T,IBM,F I,15,307.51
2025-10-30,9:32:17.547866355,T,IBM,F,100,307.61
2025-10-30,9:32:25.010886257,T,IBM,F I,6,307.74
2025-10-30,9:32:25.010913418,T,IBM,F I,3,307.89
2025-10-30,9:32:28.097786307,T,IBM,F I,2,308.03
2025-10-30,9:32:28.097786307,T,IBM,F I,1,308.03
2025-10-30,9:32:28.098874902,T,IBM,I,4,308.22
2025-10-30,9:32:28.098901919,T,IBM,F I,1,308.22
2025-10-30,9:32:28.098911007,T,IBM,F I,1,308.24
2025-10-30,9:32:28.098925948,T,IBM,F,199,308.24
2025-10-30,9:32:28.100983487,T,IBM,,100,308.6
2025-10-30,9:32:28.100983487,T,IBM,I,44,308.61
2025-10-30,9:32:28.100985955,T,IBM,I,10,308.61
2025-10-30,9:32:28.100988896,T,IBM,I,81,308.61
2025-10-30,9:32:28.101434012,T,IBM,F I,91,308.74
2025-10-30,9:32:28.101485047,T,IBM,F I,1,308.74
2025-10-30,9:32:28.101602523,T,IBM,I,8,308.74
2025-10-30,9:32:28.101602523,T,IBM,I,81,308.75
2025-10-30,9:32:28.101605347,T,IBM,I,2,308.75
2025-10-30,9:32:28.102074427,T,IBM,I,48,308.67
2025-10-30,9:32:28.102080547,T,IBM,I,52,308.67
2025-10-30,9:32:28.102107625,T,IBM,I,9,308.56
2025-10-30,9:32:28.102429870,T,IBM,F I,7,308.67
2025-10-30,9:32:28.102432364,T,IBM,F I,6,308.67
2025-10-30,9:32:28.102606786,T,IBM,I,1,308.67
2025-10-30,9:32:28.102693970,T,IBM,I,7,308.67
2025-10-30,9:32:28.102838337,T,IBM,F I,1,308.67
2025-10-30,9:32:28.103247316,T,IBM,I,18,308.67
2025-10-30,9:32:29.354402887,T,IBM,I,1,308.59
2025-10-30,9:32:32.115850141,T,IBM,F I,34,308.96
2025-10-30,9:32:32.115853039,T,IBM,F I,22,309.0
2025-10-30,9:32:32.116030517,T,IBM,F I,29,309.01
2025-10-30,9:32:37.924695165,T,IBM,F I,25,309.19
2025-10-30,9:32:37.924701113,T,IBM,F,100,309.21
2025-10-30,9:32:37.924728225,T,IBM,F I,36,309.34
2025-10-30,9:32:37.925486031,T,IBM,I,26,309.39
2025-10-30,9:32:37.925489030,T,IBM,I,1,309.39
2025-10-30,9:32:38.270232863,T,IBM,I,5,309.16
2025-10-30,9:32:38.270235716,T,IBM,I,5,309.12
2025-10-30,9:32:38.274187978,T,IBM,I,50,309.08
2025-10-30,9:32:38.274187978,T,IBM,I,15,309.07
2025-10-30,9:32:38.274190095,T,IBM,I,85,309.07
2025-10-30,9:32:43.272849432,T,IBM,F I,2,309.1
2025-10-30,9:32:52.012748587,T,IBM,,100,308.92
2025-10-30,9:32:57.480410235,T,IBM,I,2,309.05
2025-10-30,9:32:57.480446267,T,IBM,F I,1,309.05
2025-10-30,9:33:13.255578951,T,IBM,F I,25,308.91
2025-10-30,9:33:18.152644323,T,IBM,F I,9,308.73
2025-10-30,9:33:18.152653365,T,IBM,F I,60,308.73
2025-10-30,9:33:19.602416899,T,IBM,F I,60,308.48
2025-10-30,9:33:19.602504100,T,IBM,F I,10,308.37
2025-10-30,9:33:19.603722752,T,IBM,F I,3,308.16
2025-10-30,9:33:19.603722752,T,IBM,F I,6,308.15
2025-10-30,9:33:19.603725070,T,IBM,F I,3,308.14
2025-10-30,9:33:19.603727919,T,IBM,F I,1,308.13
2025-10-30,9:33:26.824999977,T,IBM,F I,11,307.62
2025-10-30,9:33:26.824999977,T,IBM,F I,5,307.6
2025-10-30,9:33:26.825002603,T,IBM,F I,14,307.57
2025-10-30,9:33:26.825300310,T,IBM,F I,7,307.47
2025-10-30,9:33:26.825303572,T,IBM,F I,10,307.47
2025-10-30,9:33:26.825303572,T,IBM,F I,13,307.47
2025-10-30,9:33:26.826145876,T,IBM,F I,84,307.4
2025-10-30,9:33:26.826145876,T,IBM,F I,50,307.4
2025-10-30,9:33:26.826148263,T,IBM,F I,66,307.4
2025-10-30,9:33:26.826163503,T,IBM,F I,1,307.4
2025-10-30,9:33:26.826194089,T,IBM,F I,3,307.26
2025-10-30,9:33:26.826194089,T,IBM,F I,10,307.26
2025-10-30,9:33:26.826199420,T,IBM,I,33,307.42
2025-10-30,9:33:26.826199420,T,IBM,I,67,307.42
2025-10-30,9:33:26.826214393,T,IBM,F I,10,307.4
2025-10-30,9:33:26.832821139,T,IBM,,100,307.325
2025-10-30,9:33:26.862610110,T,IBM,F,100,307.325
2025-10-30,9:33:26.974567368,T,IBM,I,12,307.69
2025-10-30,9:33:33.807093654,T,IBM,I,1,308.03
2025-10-30,9:33:53.654755601,T,IBM,I,23,307.75
2025-10-30,9:33:53.654969435,T,IBM,F I,12,307.71
2025-10-30,9:33:53.654972076,T,IBM,I,10,307.44
2025-10-30,9:33:53.655321506,T,IBM,F I,4,307.63
2025-10-30,9:33:53.655338955,T,IBM,F I,4,307.69
2025-10-30,9:33:53.655426247,T,IBM,F I,4,307.82
2025-10-30,9:33:53.655426247,T,IBM,I,2,307.59
2025-10-30,9:33:53.655432621,T,IBM,I,24,307.58
2025-10-30,9:33:53.655441289,T,IBM,F I,26,307.58
2025-10-30,9:33:53.655451024,T,IBM,F I,10,307.59
2025-10-30,9:33:53.655456228,T,IBM,F I,50,307.58
2025-10-30,9:33:53.655468940,T,IBM,F I,4,307.63
2025-10-30,9:33:53.655471404,T,IBM,F I,2,307.51
2025-10-30,9:33:53.655556507,T,IBM,I,4,307.55
2025-10-30,9:33:53.655556507,T,IBM,I,8,307.51
2025-10-30,9:33:53.655561732,T,IBM,I,6,307.51
2025-10-30,9:33:53.655582558,T,IBM,F I,18,307.52
2025-10-30,9:33:53.655619344,T,IBM,F I,32,307.52
2025-10-30,9:33:53.655621946,T,IBM,F I,4,307.51
2025-10-30,9:33:53.655727049,T,IBM,I,1,307.51
2025-10-30,9:33:53.655729965,T,IBM,I,10,307.51
2025-10-30,9:33:53.655747943,T,IBM,I,6,307.66
2025-10-30,9:33:53.655922363,T,IBM,I,14,307.41
2025-10-30,9:33:53.656045770,T,IBM,I,7,307.59
2025-10-30,9:33:53.656959882,T,IBM,F I,18,307.49
2025-10-30,9:33:53.657053617,T,IBM,F I,7,307.66
2025-10-30,9:33:53.657747723,T,IBM,F,100,307.58
2025-10-30,9:33:53.709931001,T,IBM,F,100,307.43
2025-10-30,9:33:53.736078682,T,IBM,I,5,307.55
2025-10-30,9:33:53.736081262,T,IBM,I,95,307.57
2025-10-30,9:33:55.066331073,T,IBM,F,100,307.5
2025-10-30,9:34:08.077852255,T,IBM,I,5,307.66
2025-10-30,9:34:08.077852255,T,IBM,I,25,307.67
2025-10-30,9:34:08.077854336,T,IBM,I,70,307.67
2025-10-30,9:34:08.352320933,T,IBM,,100,307.67
2025-10-30,9:34:30.548303202,T,IBM,F I,2,307.22
2025-10-30,9:34:30.548309267,T,IBM,F I,13,307.22
2025-10-30,9:34:30.548309267,T,IBM,F I,16,307.22
2025-10-30,9:34:30.548315281,T,IBM,F I,1,307.22
2025-10-30,9:34:30.548351514,T,IBM,F I,83,307.22
2025-10-30,9:34:30.548369355,T,IBM,F I,76,307.14
2025-10-30,9:34:30.548399513,T,IBM,F I,5,307.14
2025-10-30,9:34:30.548402535,T,IBM,F I,71,307.13
2025-10-30,9:34:30.548405884,T,IBM,I,5,307.13
2025-10-30,9:34:30.548679087,T,IBM,I,9,307.29
2025-10-30,9:34:30.548703178,T,IBM,I,10,307.25
2025-10-30,9:34:30.548739272,T,IBM,F I,1,307.14
2025-10-30,9:34:30.548754338,T,IBM,F I,1,307.14
2025-10-30,9:34:30.548763390,T,IBM,F I,98,307.14
2025-10-30,9:34:30.548871574,T,IBM,F I,15,307.13
2025-10-30,9:34:30.548877657,T,IBM,I,4,307.13
2025-10-30,9:34:30.548895614,T,IBM,F I,1,307.13
2025-10-30,9:34:30.870700831,T,IBM,I,20,306.9
2025-10-30,9:34:30.875548471,T,IBM,I,12,307.14
2025-10-30,9:34:30.875548471,T,IBM,I,5,307.18
2025-10-30,9:34:30.875551339,T,IBM,I,5,307.19
2025-10-30,9:34:33.609747462,T,IBM,F I,11,307.17
2025-10-30,9:34:34.252362432,T,IBM,I,1,307.3
2025-10-30,9:34:36.932944372,T,IBM,I,5,307.24
2025-10-30,9:34:36.932947362,T,IBM,I,12,307.25
2025-10-30,9:34:36.932947362,T,IBM,I,83,307.27
2025-10-30,9:34:38.223316016,T,IBM,,100,307.44
2025-10-30,9:34:38.223403159,T,IBM,F I,50,307.44
2025-10-30,9:34:38.225751782,T,IBM,,100,307.44
2025-10-30,9:35:16.199317386,T,IBM,I,20,307.02
2025-10-30,9:35:16.199317386,T,IBM,I,15,307.01
2025-10-30,9:35:16.199344481,T,IBM,F I,85,307.01
2025-10-30,9:35:16.199344481,T,IBM,F I,11,307.01
2025-10-30,9:35:16.199362466,T,IBM,I,1,307.01
2025-10-30,9:35:16.199368663,T,IBM,F I,1,307.01
2025-10-30,9:35:16.199371567,T,IBM,F I,26,307.01
2025-10-30,9:35:16.199377627,T,IBM,F I,10,307.01
2025-10-30,9:35:16.199377627,T,IBM,F I,81,307.01
2025-10-30,9:35:16.199380599,T,IBM,F I,70,307.01
2025-10-30,9:35:16.199443729,T,IBM,F I,25,307.0
2025-10-30,9:35:16.199443729,T,IBM,F I,75,307.01
2025-10-30,9:35:16.199465573,T,IBM,F I,1,306.94
2025-10-30,9:35:16.199471219,T,IBM,F I,24,307.01
2025-10-30,9:35:16.199471219,T,IBM,I,1,307.01
2025-10-30,9:35:16.199474015,T,IBM,,100,306.935
2025-10-30,9:35:16.199476779,T,IBM,I,10,307.01
2025-10-30,9:35:16.200105435,T,IBM,F I,50,307.01
2025-10-30,9:35:16.200123332,T,IBM,I,5,307.01
2025-10-30,9:35:16.200165448,T,IBM,F I,20,307.01
2025-10-30,9:35:16.200186504,T,IBM,I,25,307.01
2025-10-30,9:35:16.200216561,T,IBM,F I,2,307.01
2025-10-30,9:35:16.200231665,T,IBM,I,98,307.01
2025-10-30,9:35:16.200240606,T,IBM,F I,2,307.02
2025-10-30,9:35:16.206925524,T,IBM,I,10,307.2
2025-10-30,9:35:16.207208141,T,IBM,I,38,307.05
2025-10-30,9:35:16.207211518,T,IBM,I,70,307.05
2025-10-30,9:35:16.207250267,T,IBM,F I,43,307.05
2025-10-30,9:35:16.207265321,T,IBM,F I,56,307.05
2025-10-30,9:35:16.207554462,T,IBM,I,2,307.3
2025-10-30,9:35:16.207554462,T,IBM,I,10,307.31
2025-10-30,9:35:16.207557002,T,IBM,I,98,307.31
2025-10-30,9:35:16.207575059,T,IBM,F I,2,307.31
2025-10-30,9:35:16.207632205,T,IBM,I,2,307.18
2025-10-30,9:35:16.207632205,T,IBM,I,31,307.17
2025-10-30,9:35:16.207815620,T,IBM,I,70,307.17
2025-10-30,9:35:16.207881837,T,IBM,I,2,307.24
2025-10-30,9:35:16.207905822,T,IBM,F I,13,307.24
2025-10-30,9:35:16.207908877,T,IBM,F I,47,307.24
2025-10-30,9:35:16.223305537,T,IBM,F,100,307.4
2025-10-30,9:35:17.618447030,T,IBM,I,10,307.2
2025-10-30,9:35:17.618449913,T,IBM,I,88,307.18
2025-10-30,9:35:17.701823453,T,IBM,I,30,307.17
2025-10-30,9:35:17.701826405,T,IBM,I,10,307.17
2025-10-30,9:35:17.703522498,T,IBM,F I,2,307.36
2025-10-30,9:35:17.703564639,T,IBM,F,100,307.41
2025-10-30,9:35:17.742161489,T,IBM,F I,87,307.46
2025-10-30,9:35:18.926485853,T,IBM,F I,50,307.43
2025-10-30,9:35:23.804263319,T,IBM,F,100,307.46
2025-10-30,9:35:24.396911232,T,IBM,F I,5,307.505
2025-10-30,9:35:24.396914211,T,IBM,F I,1,307.505
2025-10-30,9:35:34.581262853,T,IBM,F I,50,307.26
2025-10-30,9:35:34.581266216,T,IBM,F,100,307.25
2025-10-30,9:35:34.581268852,T,IBM,F I,10,307.25
2025-10-30,9:35:34.581268852,T,IBM,F I,20,307.25
2025-10-30,9:35:34.581283797,T,IBM,F I,7,307.25
2025-10-30,9:35:34.581283797,T,IBM,I,1,307.25
2025-10-30,9:35:34.581307944,T,IBM,F I,42,307.25
2025-10-30,9:35:34.581325941,T,IBM,I,2,307.41
2025-10-30,9:35:34.581347104,T,IBM,F I,25,307.24
2025-10-30,9:35:34.581349955,T,IBM,I,11,307.38
2025-10-30,9:35:34.581359041,T,IBM,I,22,307.38
2025-10-30,9:35:34.581377453,T,IBM,I,5,307.24
2025-10-30,9:35:34.581386093,T,IBM,I,5,307.25
2025-10-30,9:35:34.581626696,T,IBM,I,17,307.25
2025-10-30,9:35:34.581629631,T,IBM,I,11,307.25
2025-10-30,9:35:34.584354585,T,IBM,F I,21,307.25
2025-10-30,9:35:34.584358383,T,IBM,F I,24,307.25
2025-10-30,9:35:34.584358383,T,IBM,F I,10,307.25
2025-10-30,9:35:34.691625590,T,IBM,F,100,307.43
2025-10-30,9:35:34.691938349,T,IBM,F,100,307.43
2025-10-30,9:35:35.940573898,T,IBM,I,1,307.32
2025-10-30,9:35:35.940576873,T,IBM,I,10,307.32
2025-10-30,9:35:37.007382626,T,IBM,F,100,307.21
2025-10-30,9:35:37.007385570,T,IBM,F I,11,307.21
2025-10-30,9:35:37.007387940,T,IBM,F I,13,307.21
2025-10-30,9:35:37.007387940,T,IBM,F I,10,307.21
2025-10-30,9:35:37.007441686,T,IBM,F I,82,307.21
2025-10-30,9:35:37.007465827,T,IBM,I,18,307.21
2025-10-30,9:35:37.007537971,T,IBM,F I,4,307.25
2025-10-30,9:35:37.007574005,T,IBM,,100,307.22
2025-10-30,9:35:37.007586068,T,IBM,I,13,307.33
2025-10-30,9:35:37.007634216,T,IBM,F I,70,307.22
2025-10-30,9:35:37.007967994,T,IBM,F I,11,307.21
2025-10-30,9:35:37.008061200,T,IBM,I,20,307.21
2025-10-30,9:35:37.008190528,T,IBM,F I,50,307.14
2025-10-30,9:35:37.008232729,T,IBM,I,8,307.18
2025-10-30,9:35:37.008289725,T,IBM,I,8,307.14
2025-10-30,9:35:37.008491273,T,IBM,F I,50,307.14
2025-10-30,9:35:37.008530253,T,IBM,I,8,307.18
2025-10-30,9:35:37.008584435,T,IBM,I,8,307.14
2025-10-30,9:35:37.008674636,T,IBM,F I,20,307.14
2025-10-30,9:35:37.008933502,T,IBM,I,4,307.16
2025-10-30,9:35:37.008933502,T,IBM,I,3,307.16
2025-10-30,9:35:37.008936282,T,IBM,I,23,307.21
2025-10-30,9:35:37.008987662,T,IBM,I,1,307.14
2025-10-30,9:35:37.008990401,T,IBM,I,3,307.14
2025-10-30,9:35:37.008999464,T,IBM,F I,2,307.14
2025-10-30,9:35:38.398803323,T,IBM,I,10,307.17
2025-10-30,9:35:38.398803323,T,IBM,I,45,307.2
2025-10-30,9:35:38.797603630,T,IBM,F I,10,307.02
2025-10-30,9:35:38.797603630,T,IBM,F I,14,307.02
2025-10-30,9:35:39.409443253,T,IBM,F I,25,307.09
2025-10-30,9:35:40.995593218,T,IBM,F I,1,307.2
2025-10-30,9:35:40.995635268,T,IBM,F I,99,307.2
2025-10-30,9:35:40.995638269,T,IBM,F I,1,307.21
2025-10-30,9:35:41.454371715,T,IBM,I,15,307.1
2025-10-30,9:35:41.454371715,T,IBM,I,45,307.09
2025-10-30,9:35:41.454389443,T,IBM,F I,15,307.09
2025-10-30,9:35:42.827861318,T,IBM,F I,9,306.86
2025-10-30,9:35:43.141920001,T,IBM,F,125,307.12
2025-10-30,9:35:43.141953481,T,IBM,F I,25,307.125
2025-10-30,9:35:43.141953481,T,IBM,F I,75,307.14
2025-10-30,9:35:43.141992150,T,IBM,F I,25,307.14
2025-10-30,9:35:44.767148085,T,IBM,F,100,307.14
2025-10-30,9:35:48.817153939,T,IBM,,100,306.98
2025-10-30,9:35:48.817153939,T,IBM,I,70,306.98
2025-10-30,9:35:48.817156786,T,IBM,I,1,306.98
2025-10-30,9:35:48.817198878,T,IBM,,100,306.97
2025-10-30,9:35:48.817202321,T,IBM,I,25,306.97
2025-10-30,9:35:48.817205736,T,IBM,I,75,306.98
2025-10-30,9:35:48.817205736,T,IBM,I,25,306.98
2025-10-30,9:35:48.817207883,T,IBM,I,75,306.98
2025-10-30,9:35:48.817220030,T,IBM,F I,3,306.93
2025-10-30,9:35:48.817225882,T,IBM,F I,7,306.93
2025-10-30,9:35:48.817225882,T,IBM,F I,25,306.98
2025-10-30,9:35:48.818026970,T,IBM,I,1,306.88
2025-10-30,9:35:48.818028800,T,IBM,I,15,306.78
2025-10-30,9:35:48.818053011,T,IBM,I,84,306.78
2025-10-30,9:35:48.818991060,T,IBM,I,46,306.97
2025-10-30,9:35:48.819366994,T,IBM,I,8,306.97
2025-10-30,9:35:48.819366994,T,IBM,I,46,307.05
2025-10-30,9:35:48.819369963,T,IBM,I,2,307.05
2025-10-30,9:35:48.819745864,T,IBM,I,87,306.91
2025-10-30,9:35:48.819751941,T,IBM,F I,70,306.88
2025-10-30,9:35:48.820010542,T,IBM,F I,25,306.92
2025-10-30,9:35:48.820118848,T,IBM,F,100,306.92
2025-10-30,9:35:48.820130819,T,IBM,F I,16,306.92
2025-10-30,9:35:48.820214966,T,IBM,I,10,307.1
2025-10-30,9:35:48.820239250,T,IBM,I,6,307.05
2025-10-30,9:35:48.820242595,T,IBM,I,4,307.1
2025-10-30,9:35:48.820299270,T,IBM,I,25,307.05
2025-10-30,9:35:48.820308592,T,IBM,F I,13,307.05
2025-10-30,9:35:48.820311358,T,IBM,F,100,307.05
2025-10-30,9:35:48.820314305,T,IBM,F I,25,307.05
2025-10-30,9:35:48.820317650,T,IBM,F I,13,307.05
2025-10-30,9:35:48.820338457,T,IBM,F I,37,307.05
2025-10-30,9:35:48.820338457,T,IBM,F I,1,307.05
2025-10-30,9:35:48.820341646,T,IBM,F I,28,307.05
2025-10-30,9:35:48.820341646,T,IBM,F I,5,307.05
2025-10-30,9:35:48.821240489,T,IBM,F I,1,307.01
2025-10-30,9:35:48.821240489,T,IBM,F I,7,307.01
2025-10-30,9:35:48.821838923,T,IBM,F,100,307.04
2025-10-30,9:35:48.822419262,T,IBM,F,100,307.01
2025-10-30,9:35:48.822948580,T,IBM,F I,70,306.97
2025-10-30,9:35:48.823255753,T,IBM,F,200,306.97
2025-10-30,9:35:48.823553216,T,IBM,F I,1,306.97
2025-10-30,9:35:48.823553216,T,IBM,F I,1,306.88
2025-10-30,9:35:48.823555994,T,IBM,F I,19,306.88
2025-10-30,9:35:48.824115316,T,IBM,F I,1,306.88
2025-10-30,9:35:48.824954260,T,IBM,F I,2,306.95
2025-10-30,9:35:48.824978551,T,IBM,F I,8,306.97
2025-10-30,9:35:48.825294161,T,IBM,F I,52,306.71
2025-10-30,9:35:48.826767593,T,IBM,I,8,306.95
2025-10-30,9:35:48.827101370,T,IBM,F I,10,306.81
2025-10-30,9:35:48.827681778,T,IBM,F I,1,306.81
2025-10-30,9:35:48.828123805,T,IBM,I,31,306.97
2025-10-30,9:35:48.828331412,T,IBM,I,3,306.87
2025-10-30,9:35:48.828331412,T,IBM,I,18,306.88
2025-10-30,9:35:48.828776400,T,IBM,I,8,306.97
2025-10-30,9:35:48.829155908,T,IBM,F I,30,306.84
2025-10-30,9:35:48.829155908,T,IBM,F I,1,306.84
2025-10-30,9:35:48.829159059,T,IBM,F I,14,306.84
2025-10-30,9:35:48.829161318,T,IBM,F I,1,306.84
2025-10-30,9:35:48.829176397,T,IBM,I,1,306.84
2025-10-30,9:35:48.829191368,T,IBM,I,11,306.95
2025-10-30,9:35:48.829744665,T,IBM,F I,1,306.97
2025-10-30,9:35:48.829747802,T,IBM,F I,10,306.89
2025-10-30,9:35:48.829747802,T,IBM,F I,1,306.89
2025-10-30,9:35:48.829970225,T,IBM,F I,16,307.04
2025-10-30,9:35:48.830282946,T,IBM,F I,10,307.01
2025-10-30,9:35:48.830412292,T,IBM,F I,1,307.04
2025-10-30,9:35:48.830508489,T,IBM,,100,307.04
2025-10-30,9:35:48.830550587,T,IBM,F I,1,307.04
2025-10-30,9:35:48.830577722,T,IBM,I,99,307.04
2025-10-30,9:35:48.830637869,T,IBM,F I,5,307.04
2025-10-30,9:35:48.830740412,T,IBM,F I,1,307.04
2025-10-30,9:35:48.831094903,T,IBM,F I,94,307.04
2025-10-30,9:35:48.831551986,T,IBM,F I,1,307.08
2025-10-30,9:35:48.832249676,T,IBM,F I,1,307.01
2025-10-30,9:35:48.832249676,T,IBM,F I,10,307.01
2025-10-30,9:35:48.833004475,T,IBM,F I,16,307.02
2025-10-30,9:35:48.833073617,T,IBM,I,6,306.95
2025-10-30,9:35:48.833672018,T,IBM,F I,1,306.92
2025-10-30,9:35:48.834240408,T,IBM,F I,9,306.92
2025-10-30,9:35:48.834240408,T,IBM,F I,1,306.92
2025-10-30,9:35:48.834835881,T,IBM,F I,1,306.91
2025-10-30,9:35:48.836979884,T,IBM,F I,10,306.77
2025-10-30,9:35:48.837575369,T,IBM,F I,10,306.72
2025-10-30,9:35:48.837873079,T,IBM,F I,40,306.89
2025-10-30,9:35:48.838712844,T,IBM,F I,20,306.7
2025-10-30,9:35:48.838712844,T,IBM,F I,10,306.69
2025-10-30,9:35:48.838715372,T,IBM,F I,70,306.69
2025-10-30,9:35:48.840251957,T,IBM,F I,8,306.78
2025-10-30,9:35:48.840251957,T,IBM,F I,30,306.78
2025-10-30,9:35:48.840254887,T,IBM,F I,20,306.78
2025-10-30,9:35:48.840257772,T,IBM,F,242,306.78
2025-10-30,9:35:48.840663707,T,IBM,F I,58,306.78
2025-10-30,9:35:48.841782359,T,IBM,F I,1,306.76
2025-10-30,9:35:48.843202245,T,IBM,F I,21,306.84
2025-10-30,9:35:48.843207738,T,IBM,F I,1,306.88
2025-10-30,9:35:48.843207738,T,IBM,F I,10,306.88
2025-10-30,9:35:49.841665721,T,IBM,F I,25,306.89
2025-10-30,9:35:49.841668746,T,IBM,F I,25,306.91
2025-10-30,9:35:49.864613472,T,IBM,F I,10,307.08
2025-10-30,9:35:49.864697627,T,IBM,F I,7,307.08
2025-10-30,9:35:49.864697627,T,IBM,F I,3,307.16
2025-10-30,9:35:49.885633412,T,IBM,F I,26,307.18
2025-10-30,9:35:49.885654493,T,IBM,F I,74,307.18
2025-10-30,9:35:49.987004810,T,IBM,F,100,307.2
2025-10-30,9:35:52.359770662,T,IBM,I,25,307.16
2025-10-30,9:35:52.359773538,T,IBM,I,25,307.16
2025-10-30,9:35:55.436572420,T,IBM,F,100,307.23
2025-10-30,9:35:56.418142246,T,IBM,F I,60,307.04
2025-10-30,9:35:56.418142246,T,IBM,F I,20,307.04
2025-10-30,9:35:56.418173126,T,IBM,F,100,307.03
2025-10-30,9:35:56.418175920,T,IBM,F I,70,307.03
2025-10-30,9:35:56.418175920,T,IBM,F I,30,307.03
2025-10-30,9:35:56.418178211,T,IBM,F I,25,307.03
2025-10-30,9:35:56.418181202,T,IBM,F I,25,307.03
2025-10-30,9:35:56.418191028,T,IBM,F I,20,307.03
2025-10-30,9:35:56.418193311,T,IBM,F,100,307.03
2025-10-30,9:35:56.418214269,T,IBM,I,68,307.03
2025-10-30,9:35:56.418244419,T,IBM,I,32,307.03
2025-10-30,9:35:56.418244419,T,IBM,I,68,307.03
2025-10-30,9:35:56.418248300,T,IBM,I,32,307.03
2025-10-30,9:35:56.418248300,T,IBM,I,25,307.03
2025-10-30,9:35:56.418254281,T,IBM,I,25,307.04
2025-10-30,9:35:56.418254281,T,IBM,I,18,307.04
2025-10-30,9:35:56.418361734,T,IBM,F I,10,307.02
2025-10-30,9:35:56.418472912,T,IBM,I,60,307.02
2025-10-30,9:35:56.423353555,T,IBM,F I,10,306.85
2025-10-30,9:35:56.423921916,T,IBM,F I,90,306.85
2025-10-30,9:35:56.423921916,T,IBM,F I,10,306.84
2025-10-30,9:35:56.424508329,T,IBM,F I,15,306.84
2025-10-30,9:35:56.424508329,T,IBM,F I,10,306.83
2025-10-30,9:35:57.649670019,T,IBM,,110,307.1
2025-10-30,9:35:58.346137040,T,IBM,,100,307.03
2025-10-30,9:35:58.346137040,T,IBM,I,5,306.95
2025-10-30,9:35:58.346140382,T,IBM,I,10,306.93
2025-10-30,9:35:58.346140382,T,IBM,I,85,306.92
2025-10-30,9:35:58.399983279,T,IBM,I,25,306.8
2025-10-30,9:35:58.399983279,T,IBM,I,25,306.8
2025-10-30,9:35:59.606918815,T,IBM,F I,25,306.79
2025-10-30,9:35:59.606918815,T,IBM,F I,25,306.79
2025-10-30,9:35:59.607824550,T,IBM,F I,25,306.86
2025-10-30,9:35:59.607824550,T,IBM,F I,25,306.8
2025-10-30,9:35:59.607827278,T,IBM,F I,20,306.8
2025-10-30,9:35:59.607827278,T,IBM,F I,70,306.79
2025-10-30,9:35:59.607829925,T,IBM,F,100,306.79
2025-10-30,9:35:59.607832923,T,IBM,F,100,306.79
2025-10-30,9:35:59.607872655,T,IBM,I,70,306.78
2025-10-30,9:35:59.607875036,T,IBM,I,50,306.78
2025-10-30,9:35:59.607878075,T,IBM,I,13,306.78
2025-10-30,9:35:59.609249285,T,IBM,F I,70,306.77
2025-10-30,9:35:59.609276625,T,IBM,I,5,306.77
2025-10-30,9:35:59.609520173,T,IBM,I,18,306.82
2025-10-30,9:35:59.609541561,T,IBM,,100,306.76
2025-10-30,9:35:59.609544142,T,IBM,I,70,306.76
2025-10-30,9:35:59.609544142,T,IBM,I,3,306.76
2025-10-30,9:35:59.609913952,T,IBM,I,1,306.78
2025-10-30,9:35:59.640133220,T,IBM,F I,2,306.78
2025-10-30,9:35:59.640133220,T,IBM,F I,10,306.78
2025-10-30,9:35:59.640135833,T,IBM,F I,32,306.78
2025-10-30,9:35:59.640181024,T,IBM,F I,3,306.75
2025-10-30,9:35:59.640181024,T,IBM,F I,10,306.75
2025-10-30,9:35:59.646246386,T,IBM,F I,1,306.58
2025-10-30,9:35:59.647172649,T,IBM,F I,10,306.57
2025-10-30,9:35:59.648736274,T,IBM,F I,61,306.47
2025-10-30,9:35:59.648739324,T,IBM,F I,10,306.47
2025-10-30,9:35:59.651599099,T,IBM,F I,1,306.57
2025-10-30,9:36:04.215311594,T,IBM,F,100,306.41
2025-10-30,9:36:04.215317738,T,IBM,F I,25,306.42
2025-10-30,9:36:04.215374737,T,IBM,F I,25,306.4
2025-10-30,9:36:04.839736123,T,IBM,I,25,306.42
2025-10-30,9:36:04.839739372,T,IBM,I,25,306.4
2025-10-30,9:36:04.839739372,T,IBM,I,25,306.37
2025-10-30,9:36:04.839745162,T,IBM,,100,306.33
2025-10-30,9:36:04.839745162,T,IBM,,100,306.24
2025-10-30,9:36:04.839745162,T,IBM,I,20,306.2
2025-10-30,9:36:04.840063875,T,IBM,F I,25,306.19
2025-10-30,9:36:04.840084909,T,IBM,I,1,306.19
2025-10-30,9:36:04.840100709,T,IBM,F I,25,306.19
2025-10-30,9:36:04.840205224,T,IBM,F I,49,306.19
2025-10-30,9:36:04.840208274,T,IBM,F I,51,306.19
2025-10-30,9:36:04.840232858,T,IBM,F I,1,306.19
2025-10-30,9:36:04.840235335,T,IBM,F I,23,306.19
2025-10-30,9:36:04.840238274,T,IBM,F I,1,306.19
2025-10-30,9:36:04.853587098,T,IBM,F I,20,306.49
2025-10-30,9:36:04.854146370,T,IBM,I,8,306.49
2025-10-30,9:36:04.863946877,T,IBM,F I,18,306.32
2025-10-30,9:36:04.863967860,T,IBM,F I,2,306.32
2025-10-30,9:36:04.864350010,T,IBM,,100,306.52
2025-10-30,9:36:04.864350010,T,IBM,I,14,306.53
2025-10-30,9:36:07.185220935,T,IBM,F,100,306.22
2025-10-30,9:36:07.190477409,T,IBM,,100,306.2
2025-10-30,9:36:07.190480447,T,IBM,I,70,306.2
2025-10-30,9:36:07.190543835,T,IBM,F I,25,306.19
2025-10-30,9:36:07.190600685,T,IBM,I,16,306.19
2025-10-30,9:36:07.190604419,T,IBM,I,52,306.19
2025-10-30,9:36:07.190604419,T,IBM,I,1,306.19
2025-10-30,9:36:07.190781102,T,IBM,I,37,306.16
2025-10-30,9:36:07.190847283,T,IBM,I,37,306.16
2025-10-30,9:36:09.877719938,T,IBM,I,25,306.24
2025-10-30,9:36:09.877728942,T,IBM,F I,12,306.19
2025-10-30,9:36:09.877747694,T,IBM,F I,25,306.24
2025-10-30,9:36:09.877749909,T,IBM,F I,25,306.24
2025-10-30,9:36:09.877780439,T,IBM,I,4,306.27
2025-10-30,9:36:09.878414501,T,IBM,F I,25,306.33
2025-10-30,9:36:09.878528887,T,IBM,F I,50,306.26
2025-10-30,9:36:09.878532046,T,IBM,F I,8,306.26
2025-10-30,9:36:09.878532046,T,IBM,F I,1,306.26
2025-10-30,9:36:09.878534768,T,IBM,F I,4,306.26
2025-10-30,9:36:09.879190419,T,IBM,I,20,306.21
2025-10-30,9:36:09.879193419,T,IBM,I,1,306.21
2025-10-30,9:36:09.879307815,T,IBM,I,6,306.33
2025-10-30,9:36:09.879373825,T,IBM,I,6,306.33
2025-10-30,9:36:09.879806896,T,IBM,F I,28,306.22
2025-10-30,9:36:09.879809898,T,IBM,F I,60,306.22
2025-10-30,9:36:09.880390177,T,IBM,F I,1,306.22
2025-10-30,9:36:09.880441350,T,IBM,I,13,306.29
2025-10-30,9:36:09.881205215,T,IBM,F I,1,306.28
2025-10-30,9:36:09.881761555,T,IBM,F I,37,306.28
2025-10-30,9:36:09.882302781,T,IBM,F I,1,306.27
2025-10-30,9:36:09.882925917,T,IBM,I,70,306.19
2025-10-30,9:36:09.882928561,T,IBM,I,1,306.19
2025-10-30,9:36:09.882931735,T,IBM,I,49,306.19
2025-10-30,9:36:09.882931735,T,IBM,I,2,306.19
2025-10-30,9:36:09.883520707,T,IBM,F I,50,306.19
2025-10-30,9:36:09.884906954,T,IBM,I,11,306.2
2025-10-30,9:36:09.885184228,T,IBM,F I,10,306.2
2025-10-30,9:36:09.885199159,T,IBM,F I,1,306.1
2025-10-30,9:36:09.885202349,T,IBM,F I,10,306.05
2025-10-30,9:36:09.885202349,T,IBM,F I,9,306.05
2025-10-30,9:36:09.885204731,T,IBM,I,1,306.2
2025-10-30,9:36:09.885225797,T,IBM,I,2,306.2
2025-10-30,9:36:09.889718473,T,IBM,,100,306.04
2025-10-30,9:36:09.890590551,T,IBM,I,27,306.14
2025-10-30,9:36:09.890645315,T,IBM,I,27,306.14
2025-10-30,9:36:09.890647798,T,IBM,I,27,306.14
2025-10-30,9:36:09.892464148,T,IBM,F I,25,306.04
2025-10-30,9:36:09.892464148,T,IBM,F I,1,306.04
2025-10-30,9:36:09.892467028,T,IBM,F I,25,306.04
2025-10-30,9:36:09.894857713,T,IBM,F I,2,305.89
2025-10-30,9:36:09.895152357,T,IBM,I,27,306.01
2025-10-30,9:36:09.895711749,T,IBM,F,100,305.9
2025-10-30,9:36:09.896265070,T,IBM,F I,27,305.89
2025-10-30,9:36:09.896268025,T,IBM,F I,25,305.89
2025-10-30,9:36:09.898255719,T,IBM,I,3,305.92
2025-10-30,9:36:09.898547452,T,IBM,F I,10,306.07
2025-10-30,9:36:13.825713720,T,IBM,F,100,306.07
2025-10-30,9:36:16.142014080,T,IBM,F,100,306.08
2025-10-30,9:36:16.600386451,T,IBM,I,25,306.02
2025-10-30,9:36:16.600389347,T,IBM,I,5,305.99
2025-10-30,9:36:16.600392325,T,IBM,I,20,305.96
2025-10-30,9:36:16.600395350,T,IBM,,100,305.96
2025-10-30,9:36:16.649273745,T,IBM,I,20,305.96
2025-10-30,9:36:28.499744765,T,IBM,I,5,306.17
2025-10-30,9:36:36.034242858,T,IBM,F I,2,305.97
2025-10-30,9:36:36.034242858,T,IBM,F I,10,305.97
2025-10-30,9:36:36.034244915,T,IBM,F I,2,305.97
2025-10-30,9:36:36.034248022,T,IBM,F,300,305.97
2025-10-30,9:36:36.034296557,T,IBM,I,27,305.97
2025-10-30,9:36:36.034299096,T,IBM,I,2,305.97
2025-10-30,9:36:36.034350225,T,IBM,I,25,306.07
2025-10-30,9:36:36.034353270,T,IBM,I,2,306.08
2025-10-30,9:36:36.034368528,T,IBM,F I,23,306.08
2025-10-30,9:36:36.034368528,T,IBM,F I,4,306.1
2025-10-30,9:36:36.034371379,T,IBM,I,34,306.1
2025-10-30,9:36:36.034383338,T,IBM,F,200,305.96
2025-10-30,9:36:36.034446410,T,IBM,I,10,306.01
2025-10-30,9:36:36.034449480,T,IBM,I,24,306.05
2025-10-30,9:36:36.034464423,T,IBM,F I,4,306.05
2025-10-30,9:36:36.034695989,T,IBM,F I,27,306.02
2025-10-30,9:36:36.034723129,T,IBM,I,27,306.02
2025-10-30,9:36:36.034753200,T,IBM,F I,28,306.04
2025-10-30,9:36:36.034873447,T,IBM,F I,10,305.96
2025-10-30,9:36:36.034876649,T,IBM,F I,80,305.96
2025-10-30,9:36:36.034876649,T,IBM,F I,25,305.96
2025-10-30,9:36:36.034942570,T,IBM,I,10,306.04
2025-10-30,9:36:36.035069117,T,IBM,I,28,306.01
2025-10-30,9:36:36.035219524,T,IBM,F I,10,306.04
2025-10-30,9:36:36.035474942,T,IBM,F I,22,306.13
2025-10-30,9:36:36.035700410,T,IBM,I,19,306.01
2025-10-30,9:36:37.664188321,T,IBM,I,1,306.13
2025-10-30,9:36:37.664209479,T,IBM,F I,1,306.14
2025-10-30,9:36:37.664528193,T,IBM,F I,1,306.22
2025-10-30,9:36:37.667009094,T,IBM,F I,38,306.51
2025-10-30,9:36:37.667033103,T,IBM,I,38,306.51
2025-10-30,9:36:38.410580249,T,IBM,I,38,306.43
2025-10-30,9:36:38.410604335,T,IBM,I,62,306.43
2025-10-30,9:36:39.027138061,T,IBM,I,38,306.52
2025-10-30,9:36:39.028091392,T,IBM,F,100,306.68
2025-10-30,9:36:39.028091392,T,IBM,F I,10,306.68
2025-10-30,9:36:39.028109453,T,IBM,I,66,306.68
2025-10-30,9:36:39.028121587,T,IBM,F I,34,306.68
2025-10-30,9:36:39.028121587,T,IBM,F I,66,306.68
2025-10-30,9:36:39.028139630,T,IBM,I,34,306.68
2025-10-30,9:36:39.028139630,T,IBM,I,90,306.68
2025-10-30,9:36:39.028142603,T,IBM,I,3,306.68
2025-10-30,9:36:39.028142603,T,IBM,F I,10,306.68
2025-10-30,9:36:39.028145819,T,IBM,I,34,306.68
2025-10-30,9:36:39.028145819,T,IBM,F I,34,306.68
2025-10-30,9:36:46.154077969,T,IBM,F I,48,306.64
2025-10-30,9:36:46.154081430,T,IBM,F,100,306.61
2025-10-30,9:36:46.154084030,T,IBM,F,318,306.61
2025-10-30,9:36:46.154084030,T,IBM,F I,39,306.61
2025-10-30,9:36:46.154087284,T,IBM,F I,9,306.61
2025-10-30,9:36:46.154087284,T,IBM,F I,1,306.61
2025-10-30,9:36:46.154090120,T,IBM,F I,9,306.61
2025-10-30,9:36:50.755010422,T,IBM,F I,34,306.3
2025-10-30,9:36:50.755010422,T,IBM,F I,66,306.3
2025-10-30,9:36:57.015819201,T,IBM,F,100,306.0
2025-10-30,9:36:57.015819201,T,IBM,F I,70,306.0
2025-10-30,9:36:57.015843214,T,IBM,F I,70,305.99
2025-10-30,9:36:57.015861198,T,IBM,F I,70,305.98
2025-10-30,9:36:57.015864178,T,IBM,,100,306.0
2025-10-30,9:36:57.015888305,T,IBM,I,1,305.99
2025-10-30,9:36:57.015903993,T,IBM,F I,99,305.99
2025-10-30,9:36:57.015903993,T,IBM,F I,1,305.99
2025-10-30,9:36:57.015906290,T,IBM,F I,99,305.99
2025-10-30,9:37:04.540209162,T,IBM,,100,305.905
2025-10-30,9:37:04.548099953,T,IBM,I,1,305.905
2025-10-30,9:37:04.556101980,T,IBM,,100,305.905
2025-10-30,9:37:11.449006738,T,IBM,I,5,305.89
2025-10-30,9:37:11.449006738,T,IBM,I,95,305.85
2025-10-30,9:37:11.451863492,T,IBM,,100,305.77
2025-10-30,9:37:11.451866535,T,IBM,I,25,305.77
2025-10-30,9:37:11.451872589,T,IBM,,100,305.76
2025-10-30,9:37:11.451872589,T,IBM,I,10,305.76
2025-10-30,9:37:11.451875520,T,IBM,I,20,305.73
2025-10-30,9:37:11.478061844,T,IBM,,100,305.71
2025-10-30,9:37:11.478119111,T,IBM,I,10,305.83
2025-10-30,9:37:11.478122004,T,IBM,I,54,305.85
2025-10-30,9:37:12.488515441,T,IBM,I,40,305.71
2025-10-30,9:37:12.488539525,T,IBM,I,1,305.72
2025-10-30,9:37:12.488566614,T,IBM,F I,25,305.72
2025-10-30,9:37:12.488587572,T,IBM,I,44,305.72
2025-10-30,9:37:12.488633142,T,IBM,I,60,305.71
2025-10-30,9:37:12.488637714,T,IBM,,100,305.71
2025-10-30,9:37:12.488641725,T,IBM,,100,305.71
2025-10-30,9:37:12.488641725,T,IBM,I,70,305.71
2025-10-30,9:37:13.836411335,T,IBM,I,60,305.59
2025-10-30,9:37:13.836450371,T,IBM,F I,60,305.58
2025-10-30,9:37:13.837385598,T,IBM,F I,2,305.5
2025-10-30,9:37:14.650966584,T,IBM,,100,305.5
2025-10-30,9:37:14.650966584,T,IBM,I,97,305.5
2025-10-30,9:37:14.650984841,T,IBM,I,1,305.5
2025-10-30,9:37:14.650987585,T,IBM,F I,2,305.5
2025-10-30,9:37:14.650990843,T,IBM,F I,70,305.5
2025-10-30,9:37:14.650990843,T,IBM,F I,2,305.5
2025-10-30,9:37:15.628199967,T,IBM,,100,305.5
2025-10-30,9:37:15.628545860,T,IBM,F I,70,305.51
2025-10-30,9:37:15.628596951,T,IBM,I,10,305.53
2025-10-30,9:37:15.628611926,T,IBM,I,24,305.53
2025-10-30,9:37:17.773504294,T,IBM,I,5,305.54
2025-10-30,9:37:17.773504294,T,IBM,I,10,305.55
2025-10-30,9:37:17.773507353,T,IBM,I,25,305.56
2025-10-30,9:37:17.773510368,T,IBM,I,75,305.56
2025-10-30,9:37:17.773510368,T,IBM,I,45,305.59
2025-10-30,9:37:17.773513258,T,IBM,I,40,305.62
2025-10-30,9:37:20.219527465,T,IBM,F I,20,305.47
2025-10-30,9:37:20.219530400,T,IBM,F I,1,305.47
2025-10-30,9:37:20.229568359,T,IBM,F,100,305.39
2025-10-30,9:37:20.383390519,T,IBM,F I,3,305.33
2025-10-30,9:37:22.113851138,T,IBM,I,25,305.25
2025-10-30,9:37:22.113854165,T,IBM,I,25,305.25
2025-10-30,9:37:22.113935361,T,IBM,F I,5,305.29
2025-10-30,9:37:22.113935361,T,IBM,F I,25,305.29
2025-10-30,9:37:22.139532343,T,IBM,F,100,305.39
2025-10-30,9:37:22.697150085,T,IBM,F I,25,305.36
2025-10-30,9:37:22.697150085,T,IBM,F,100,305.38
2025-10-30,9:37:27.121393392,T,IBM,I,70,305.44
2025-10-30,9:37:27.122145186,T,IBM,F,100,305.47
2025-10-30,9:37:27.122178290,T,IBM,,100,305.49
2025-10-30,9:37:27.122199283,T,IBM,I,34,305.49
2025-10-30,9:37:27.122199283,T,IBM,I,1,305.49
2025-10-30,9:37:27.122227181,T,IBM,F I,65,305.49
2025-10-30,9:37:27.122227181,T,IBM,F I,35,305.49
2025-10-30,9:37:27.122232350,T,IBM,I,65,305.49
2025-10-30,9:37:27.122232350,T,IBM,F I,65,305.49
2025-10-30,9:37:27.122235755,T,IBM,I,97,305.48
2025-10-30,9:37:27.122235755,T,IBM,F I,70,305.49
2025-10-30,9:37:27.122238616,T,IBM,I,3,305.48
2025-10-30,9:37:27.122238616,T,IBM,I,65,305.49
2025-10-30,9:37:27.122241373,T,IBM,I,16,305.48
2025-10-30,9:37:27.122590335,T,IBM,I,13,305.41
2025-10-30,9:37:27.122942191,T,IBM,F I,11,305.48
2025-10-30,9:37:31.127380721,T,IBM,F,100,305.36
2025-10-30,9:37:31.127383250,T,IBM,F,100,305.36
2025-10-30,9:37:31.127386309,T,IBM,F,100,305.36
2025-10-30,9:37:31.127389932,T,IBM,I,10,305.36
2025-10-30,9:37:31.127389932,T,IBM,I,10,305.36
2025-10-30,9:37:31.127389932,T,IBM,I,10,305.36
2025-10-30,9:37:31.127401389,T,IBM,F I,10,305.35
2025-10-30,9:37:32.393716007,T,IBM,I,70,305.44
2025-10-30,9:37:32.393785098,T,IBM,F,100,305.4
2025-10-30,9:37:32.393788546,T,IBM,F I,10,305.35
2025-10-30,9:37:32.393788546,T,IBM,F I,5,305.34
2025-10-30,9:37:32.393791196,T,IBM,F I,10,305.31
2025-10-30,9:37:36.960676453,T,IBM,I,25,305.19
2025-10-30,9:37:36.960679376,T,IBM,I,75,305.18
2025-10-30,9:37:36.968089000,T,IBM,I,40,305.16
2025-10-30,9:37:36.976584272,T,IBM,I,10,305.15
2025-10-30,9:37:36.976698618,T,IBM,I,10,305.15
2025-10-30,9:37:36.976701522,T,IBM,I,25,305.15
2025-10-30,9:37:40.011288801,T,IBM,I,10,305.15
2025-10-30,9:37:40.011370015,T,IBM,F I,90,305.17
2025-10-30,9:37:40.665875578,T,IBM,F,100,305.15
2025-10-30,9:37:40.665878566,T,IBM,F,100,305.14
2025-10-30,9:37:40.665881162,T,IBM,F I,70,305.14
2025-10-30,9:37:40.665881162,T,IBM,F,100,305.14
2025-10-30,9:37:40.665893241,T,IBM,I,1,305.14
2025-10-30,9:37:40.665923352,T,IBM,I,99,305.14
2025-10-30,9:37:40.666160891,T,IBM,I,23,305.18
2025-10-30,9:37:40.666467649,T,IBM,F I,6,305.23
2025-10-30,9:37:40.669023681,T,IBM,I,14,305.14
2025-10-30,9:37:43.730609261,T,IBM,F I,10,305.13
2025-10-30,9:37:43.730609261,T,IBM,F I,10,305.12
2025-10-30,9:37:43.730612280,T,IBM,F I,6,305.1
2025-10-30,9:37:43.730663434,T,IBM,F I,62,305.14
2025-10-30,9:37:43.730666696,T,IBM,F I,8,305.14
2025-10-30,9:37:43.730672388,T,IBM,F,100,305.02
2025-10-30,9:37:43.736978445,T,IBM,I,4,305.02
2025-10-30,9:37:43.736993499,T,IBM,I,7,305.15
2025-10-30,9:37:48.233493175,T,IBM,I,13,305.1
2025-10-30,9:37:48.233496441,T,IBM,I,7,305.1
2025-10-30,9:37:48.233496441,T,IBM,F I,3,305.1
2025-10-30,9:37:50.966005324,T,IBM,I,75,305.25
2025-10-30,9:37:50.966008296,T,IBM,I,23,305.27
2025-10-30,9:37:53.914416467,T,IBM,I,30,305.18
2025-10-30,9:37:54.307115347,T,IBM,I,45,305.23
2025-10-30,9:37:54.307118815,T,IBM,I,25,305.29
2025-10-30,9:37:54.307124376,T,IBM,,100,305.29
2025-10-30,9:37:54.307124376,T,IBM,I,25,305.3
2025-10-30,9:37:54.307124376,T,IBM,I,5,305.3
2025-10-30,9:37:54.307154432,T,IBM,F I,95,305.3
2025-10-30,9:37:54.307157521,T,IBM,F,105,305.31
2025-10-30,9:37:54.307172502,T,IBM,F I,95,305.31
2025-10-30,9:37:54.307491210,T,IBM,F,100,305.31
2025-10-30,9:37:54.308143887,T,IBM,F,100,305.36
2025-10-30,9:37:54.308149903,T,IBM,F,100,305.36
2025-10-30,9:37:54.308149903,T,IBM,F I,17,305.38
2025-10-30,9:37:54.308149903,T,IBM,I,28,305.38
2025-10-30,9:37:54.308152983,T,IBM,,224,305.38
2025-10-30,9:37:54.318446390,T,IBM,,100,305.5
2025-10-30,9:37:54.318446390,T,IBM,I,25,305.49
2025-10-30,9:37:54.329407445,T,IBM,,100,305.5
2025-10-30,9:37:54.442548826,T,IBM,F I,10,305.8
2025-10-30,9:37:54.445781459,T,IBM,F I,1,305.89
2025-10-30,9:37:54.452282956,T,IBM,F I,41,306.01
2025-10-30,9:37:54.452337100,T,IBM,I,30,305.88
2025-10-30,9:37:54.452358147,T,IBM,I,1,305.88
2025-10-30,9:37:54.452373170,T,IBM,F I,30,306.01
2025-10-30,9:37:54.452388180,T,IBM,I,59,305.89
2025-10-30,9:37:57.866816108,T,IBM,I,25,306.1
2025-10-30,9:37:57.866816108,T,IBM,I,10,306.095
2025-10-30,9:37:57.875301948,T,IBM,,100,306.095
2025-10-30,9:38:00.052921098,T,IBM,I,45,306.065
2025-10-30,9:38:14.767627017,T,IBM,,100,306.07
2025-10-30,9:38:14.767960750,T,IBM,F I,25,306.07
2025-10-30,9:38:14.768174265,T,IBM,I,25,306.08
2025-10-30,9:38:15.359411823,T,IBM,F I,25,306.11
2025-10-30,9:38:16.938456129,T,IBM,F I,25,306.18
2025-10-30,9:38:16.938456129,T,IBM,F,100,306.19
2025-10-30,9:38:16.938645498,T,IBM,F I,42,306.26
2025-10-30,9:38:16.938771904,T,IBM,I,42,306.28
2025-10-30,9:38:16.938835612,T,IBM,F I,42,306.3
2025-10-30,9:38:16.938925150,T,IBM,F I,42,306.3
2025-10-30,9:38:16.939270994,T,IBM,I,42,306.31
2025-10-30,9:38:16.939295060,T,IBM,I,1,306.31
2025-10-30,9:38:16.939325077,T,IBM,F I,1,306.31
2025-10-30,9:38:16.939379259,T,IBM,F I,1,306.31
2025-10-30,9:38:16.939490485,T,IBM,F I,13,306.31
2025-10-30,9:38:16.939839318,T,IBM,F I,1,306.33
2025-10-30,9:38:16.939953654,T,IBM,F I,82,306.31
2025-10-30,9:38:16.939959662,T,IBM,I,18,306.31
2025-10-30,9:38:16.940545964,T,IBM,I,5,306.38
2025-10-30,9:38:16.940687344,T,IBM,F I,95,306.38
2025-10-30,9:38:16.940690364,T,IBM,F I,30,306.38
2025-10-30,9:38:16.940738477,T,IBM,F I,70,306.38
2025-10-30,9:38:16.945736383,T,IBM,F,100,306.5
2025-10-30,9:38:16.945740217,T,IBM,F I,20,306.56
2025-10-30,9:38:16.945740217,T,IBM,F I,10,306.57
2025-10-30,9:38:16.945745384,T,IBM,F I,44,306.57
2025-10-30,9:38:16.945745384,T,IBM,F I,15,306.57
2025-10-30,9:38:16.945760379,T,IBM,,120,306.57
2025-10-30,9:38:16.945769425,T,IBM,,100,306.57
2025-10-30,9:38:16.945820578,T,IBM,,100,306.57
2025-10-30,9:38:16.945850677,T,IBM,F I,11,306.62
2025-10-30,9:38:16.946121291,T,IBM,F,100,306.56
2025-10-30,9:38:16.952469441,T,IBM,I,2,306.54
2025-10-30,9:38:21.737331655,T,IBM,F I,17,306.68
2025-10-30,9:38:21.738952498,T,IBM,I,1,306.83
2025-10-30,9:38:21.738955569,T,IBM,I,1,306.83
2025-10-30,9:38:21.738995326,T,IBM,F I,21,306.85
2025-10-30,9:38:22.824765447,T,IBM,,100,306.8
2025-10-30,9:38:29.689953206,T,IBM,I,1,307.13
2025-10-30,9:38:29.689956306,T,IBM,I,1,307.13
2025-10-30,9:38:29.690182768,T,IBM,I,25,306.98
2025-10-30,9:38:29.690185093,T,IBM,I,25,306.98
2025-10-30,9:38:29.690187804,T,IBM,I,50,306.97
2025-10-30,9:38:30.562411299,T,IBM,F I,25,306.98
2025-10-30,9:38:32.090331389,T,IBM,,100,306.88
2025-10-30,9:38:32.090331389,T,IBM,,115,306.88
2025-10-30,9:38:32.090352031,T,IBM,F I,85,306.88
2025-10-30,9:38:32.090354859,T,IBM,F I,50,306.88
2025-10-30,9:38:32.090396894,T,IBM,I,10,306.91
2025-10-30,9:38:32.090649493,T,IBM,I,22,306.91
2025-10-30,9:38:32.090676619,T,IBM,F I,3,306.91
2025-10-30,9:38:32.091067845,T,IBM,I,5,307.01
2025-10-30,9:38:32.091079593,T,IBM,F I,1,307.03
2025-10-30,9:38:32.091098247,T,IBM,F I,9,306.96
2025-10-30,9:38:32.091098247,T,IBM,F I,91,306.91
2025-10-30,9:38:32.091109590,T,IBM,F I,1,307.01
2025-10-30,9:38:32.091139678,T,IBM,I,9,306.96
2025-10-30,9:38:32.091154718,T,IBM,I,9,306.96
2025-10-30,9:38:32.091440459,T,IBM,I,2,306.91
2025-10-30,9:38:32.091659976,T,IBM,I,1,306.92
2025-10-30,9:38:35.030373031,T,IBM,F I,25,307.27
2025-10-30,9:38:35.030376011,T,IBM,F I,7,307.27
2025-10-30,9:38:35.030412094,T,IBM,I,1,307.29
2025-10-30,9:38:35.030451144,T,IBM,I,6,307.34
2025-10-30,9:38:35.030547356,T,IBM,F,400,307.34
2025-10-30,9:38:35.030556478,T,IBM,F I,4,307.34
2025-10-30,9:38:35.030559409,T,IBM,F,100,307.33
2025-10-30,9:38:35.030616546,T,IBM,I,28,307.4
2025-10-30,9:38:35.030724777,T,IBM,I,28,307.34
2025-10-30,9:38:35.030727798,T,IBM,I,11,307.34
2025-10-30,9:38:36.258779901,T,IBM,F I,6,307.19
2025-10-30,9:38:36.258782355,T,IBM,F I,24,307.16
2025-10-30,9:38:36.258932775,T,IBM,F I,30,307.15
2025-10-30,9:38:51.905217516,T,IBM,F I,25,307.04
2025-10-30,9:38:51.905223195,T,IBM,F,100,307.01
2025-10-30,9:38:51.905223195,T,IBM,F,100,307.01
2025-10-30,9:38:51.905226209,T,IBM,F I,75,307.01
2025-10-30,9:38:51.905226209,T,IBM,F I,25,307.01
2025-10-30,9:38:51.905280293,T,IBM,,100,307.01
2025-10-30,9:38:51.905355893,T,IBM,,100,307.03
2025-10-30,9:38:51.905358558,T,IBM,F,100,307.02
2025-10-30,9:38:51.905412606,T,IBM,I,15,307.01
2025-10-30,9:38:51.905433682,T,IBM,I,1,307.01
2025-10-30,9:38:51.905451710,T,IBM,I,1,307.01
2025-10-30,9:38:51.905493777,T,IBM,I,1,307.01
2025-10-30,9:38:51.905532886,T,IBM,I,1,307.02
2025-10-30,9:38:51.922439182,T,IBM,I,15,307.01
2025-10-30,9:38:51.922439182,T,IBM,I,25,307.0
2025-10-30,9:38:51.922460152,T,IBM,F I,41,307.0
2025-10-30,9:38:51.922466254,T,IBM,F,100,306.99
2025-10-30,9:38:51.922466254,T,IBM,F I,40,306.98
2025-10-30,9:38:51.922487315,T,IBM,I,3,306.99
2025-10-30,9:38:51.922490250,T,IBM,F I,1,307.0
2025-10-30,9:38:51.922562453,T,IBM,I,3,306.99
2025-10-30,9:38:51.923013908,T,IBM,F I,41,306.99
2025-10-30,9:38:51.923034581,T,IBM,F I,56,306.99
2025-10-30,9:38:51.923038032,T,IBM,F I,3,306.99
2025-10-30,9:38:51.923041231,T,IBM,F I,1,306.99
2025-10-30,9:38:51.923041231,T,IBM,F I,6,306.99
2025-10-30,9:38:51.923043515,T,IBM,I,16,306.99
2025-10-30,9:38:51.923416499,T,IBM,,100,306.99
2025-10-30,9:38:51.923545720,T,IBM,I,1,306.99
2025-10-30,9:39:05.007342616,T,IBM,F I,20,307.24
2025-10-30,9:39:05.007345608,T,IBM,F I,80,307.25
2025-10-30,9:39:05.007363690,T,IBM,I,1,307.25
2025-10-30,9:39:05.007366704,T,IBM,F I,19,307.25
2025-10-30,9:39:33.078619012,T,IBM,F,100,307.22
2025-10-30,9:39:33.078619012,T,IBM,F I,25,307.22
2025-10-30,9:39:33.078676078,T,IBM,F,100,307.22
2025-10-30,9:39:33.084879933,T,IBM,,100,307.225
2025-10-30,9:39:44.351962040,T,IBM,,100,307.32
2025-10-30,9:39:44.351962040,T,IBM,I,21,307.33
2025-10-30,9:39:44.352819581,T,IBM,I,45,307.44
2025-10-30,9:39:44.352819581,T,IBM,I,12,307.46
2025-10-30,9:39:44.352822131,T,IBM,I,43,307.46
2025-10-30,9:39:44.352921328,T,IBM,I,57,307.46
2025-10-30,9:39:44.352921328,T,IBM,I,43,307.48
2025-10-30,9:39:44.353240053,T,IBM,F I,9,307.48
2025-10-30,9:39:44.353252137,T,IBM,F I,2,307.48
2025-10-30,9:39:44.353258150,T,IBM,F I,9,307.48
2025-10-30,9:39:44.353333287,T,IBM,I,25,307.48
2025-10-30,9:39:44.353336266,T,IBM,I,9,307.5
2025-10-30,9:39:44.353655175,T,IBM,I,5,307.5
2025-10-30,9:39:44.353679095,T,IBM,F I,5,307.51
2025-10-30,9:39:44.353706215,T,IBM,I,18,307.52
2025-10-30,9:39:44.353712671,T,IBM,F I,1,307.55
2025-10-30,9:39:44.353715790,T,IBM,F I,18,307.55
2025-10-30,9:39:44.353730254,T,IBM,F I,1,307.51
2025-10-30,9:39:44.353730254,T,IBM,F I,17,307.52
2025-10-30,9:39:44.353757356,T,IBM,I,73,307.51
2025-10-30,9:39:44.353841550,T,IBM,F I,10,307.51
2025-10-30,9:39:44.353850507,T,IBM,F I,35,307.51
2025-10-30,9:39:44.354031037,T,IBM,I,45,307.53
2025-10-30,9:39:44.354034004,T,IBM,I,55,307.55
2025-10-30,9:39:44.354238418,T,IBM,F I,4,307.55
2025-10-30,9:39:44.356872762,T,IBM,,100,307.47
2025-10-30,9:39:50.008337969,T,IBM,F I,5,307.44
2025-10-30,9:39:52.019664214,T,IBM,F I,60,307.34
2025-10-30,9:39:52.019688256,T,IBM,F I,35,307.3
2025-10-30,9:39:52.019709668,T,IBM,F,200,307.27
2025-10-30,9:39:52.019712460,T,IBM,F,100,307.27
2025-10-30,9:39:52.019733356,T,IBM,F,100,307.26
2025-10-30,9:39:52.019766450,T,IBM,,100,307.27
2025-10-30,9:39:52.020154381,T,IBM,,200,307.27
2025-10-30,9:39:52.020755814,T,IBM,F I,8,307.39
2025-10-30,9:39:52.741794389,T,IBM,F I,1,307.4
2025-10-30,9:39:52.741839589,T,IBM,F I,13,307.4
2025-10-30,9:39:59.005132616,T,IBM,F,100,307.34
2025-10-30,9:39:59.005132616,T,IBM,F I,25,307.33
2025-10-30,9:39:59.007008699,T,IBM,F I,5,307.29
2025-10-30,9:39:59.007011732,T,IBM,F I,2,307.29
2025-10-30,9:39:59.007014700,T,IBM,F I,10,307.29
2025-10-30,9:40:04.516076002,T,IBM,F I,20,307.28
2025-10-30,9:40:04.516079029,T,IBM,F I,95,307.27
2025-10-30,9:40:04.603792112,T,IBM,F,100,307.16
2025-10-30,9:40:04.603792112,T,IBM,F I,5,307.16
2025-10-30,9:40:04.603797774,T,IBM,F I,10,307.16
2025-10-30,9:40:04.603797774,T,IBM,F I,10,307.16
2025-10-30,9:40:04.603800804,T,IBM,F I,10,307.16
2025-10-30,9:40:04.604444330,T,IBM,F,100,307.15
2025-10-30,9:40:08.996532425,T,IBM,I,3,307.05
2025-10-30,9:40:13.974751929,T,IBM,I,25,307.16
2025-10-30,9:40:13.974754892,T,IBM,I,25,307.16
2025-10-30,9:40:13.974754892,T,IBM,I,45,307.15
2025-10-30,9:40:15.903588837,T,IBM,F,100,307.08
2025-10-30,9:40:15.903603878,T,IBM,F,100,307.07
2025-10-30,9:40:15.903675971,T,IBM,F,100,307.03
2025-10-30,9:40:15.904109196,T,IBM,F,100,307.07
2025-10-30,9:40:15.904130090,T,IBM,I,1,307.07
2025-10-30,9:40:16.116949717,T,IBM,F I,25,306.95
2025-10-30,9:40:16.116961873,T,IBM,F I,10,306.95
2025-10-30,9:40:19.413102775,T,IBM,F,100,306.78
2025-10-30,9:40:20.434908354,T,IBM,F I,20,306.77
2025-10-30,9:40:23.178961965,T,IBM,F,100,306.83
2025-10-30,9:40:23.885334637,T,IBM,F I,10,306.77
2025-10-30,9:40:28.452279958,T,IBM,F,100,306.835
2025-10-30,9:40:36.099362198,T,IBM,F I,1,306.8
2025-10-30,9:40:36.287913958,T,IBM,F I,10,306.79
2025-10-30,9:40:36.982796223,T,IBM,F,400,306.74
2025-10-30,9:40:36.982841305,T,IBM,F,100,306.67
2025-10-30,9:40:36.982847307,T,IBM,F,100,306.66
2025-10-30,9:40:36.982856559,T,IBM,F I,22,306.65
2025-10-30,9:40:37.261656227,T,IBM,F I,1,306.42
2025-10-30,9:40:37.261659072,T,IBM,F I,1,306.42
2025-10-30,9:40:37.261671258,T,IBM,F I,98,306.42
2025-10-30,9:40:37.261671258,T,IBM,F I,1,306.41
2025-10-30,9:40:37.265541373,T,IBM,,100,306.43
2025-10-30,9:40:38.358998460,T,IBM,F,100,306.55
2025-10-30,9:40:41.056756910,T,IBM,F I,25,306.52
2025-10-30,9:40:42.057151553,T,IBM,F I,5,306.55
2025-10-30,9:40:42.057151553,T,IBM,F I,5,306.55
2025-10-30,9:41:09.669063198,T,IBM,F I,1,306.66
2025-10-30,9:41:09.669066436,T,IBM,F I,4,306.66
2025-10-30,9:41:09.669066436,T,IBM,F I,1,306.66
2025-10-30,9:41:09.669069199,T,IBM,F I,2,306.66
2025-10-30,9:41:29.613950085,T,IBM,F I,8,306.46
2025-10-30,9:41:29.613950085,T,IBM,F I,17,306.44
2025-10-30,9:41:29.613956296,T,IBM,F,100,306.44
2025-10-30,9:41:29.613956296,T,IBM,F I,14,306.44
2025-10-30,9:41:29.613956296,T,IBM,F I,91,306.44
2025-10-30,9:41:29.613970596,T,IBM,I,8,306.44
2025-10-30,9:41:29.613976499,T,IBM,F,100,306.43
2025-10-30,9:41:29.614087822,T,IBM,I,32,306.49
2025-10-30,9:41:29.614469712,T,IBM,F I,15,306.52
2025-10-30,9:41:29.614710312,T,IBM,F I,6,306.52
2025-10-30,9:41:29.619780523,T,IBM,I,5,306.63
2025-10-30,9:41:30.571606405,T,IBM,F I,5,306.67
2025-10-30,9:41:32.195207568,T,IBM,F I,5,306.82
2025-10-30,9:41:37.149336642,T,IBM,F I,25,306.91
2025-10-30,9:41:41.958719133,T,IBM,F,100,306.885
2025-10-30,9:41:51.719821896,T,IBM,I,31,306.75
2025-10-30,9:41:51.719840027,T,IBM,I,1,306.75
2025-10-30,9:41:51.720044432,T,IBM,F I,31,306.75
2025-10-30,9:41:51.720606776,T,IBM,I,68,306.75
2025-10-30,9:41:51.721307507,T,IBM,I,13,306.75
2025-10-30,9:41:51.910253219,T,IBM,F I,40,306.65
2025-10-30,9:41:51.910885422,T,IBM,F I,3,306.56
2025-10-30,9:41:51.910887794,T,IBM,F I,2,306.56
2025-10-30,9:41:53.634398922,T,IBM,F,100,306.46
2025-10-30,9:41:53.634398922,T,IBM,F I,30,306.46
2025-10-30,9:41:53.635454452,T,IBM,F I,70,306.27
2025-10-30,9:41:53.978577274,T,IBM,,100,306.31
2025-10-30,9:41:58.409466776,T,IBM,F I,15,306.2
2025-10-30,9:41:58.409473328,T,IBM,F I,10,306.2
2025-10-30,9:41:58.409476979,T,IBM,F I,5,306.19
2025-10-30,9:41:58.409479079,T,IBM,F,100,306.17
2025-10-30,9:41:58.409481772,T,IBM,F I,8,306.17
2025-10-30,9:41:58.409485142,T,IBM,F I,85,306.17
2025-10-30,9:41:58.409487761,T,IBM,F I,6,306.17
2025-10-30,9:41:58.409496817,T,IBM,F I,9,306.17
2025-10-30,9:41:58.409496817,T,IBM,F I,83,306.16
2025-10-30,9:41:58.409499873,T,IBM,F I,9,306.16
2025-10-30,9:41:58.420572940,T,IBM,I,10,305.93
2025-10-30,9:41:58.420575606,T,IBM,,100,305.93
2025-10-30,9:41:58.420575606,T,IBM,I,60,305.93
2025-10-30,9:41:58.420605958,T,IBM,,100,305.93
2025-10-30,9:41:58.420731517,T,IBM,I,12,306.13
2025-10-30,9:41:58.420734589,T,IBM,I,10,306.13
2025-10-30,9:41:58.420737622,T,IBM,I,5,306.13
2025-10-30,9:41:58.420755669,T,IBM,I,5,306.13
2025-10-30,9:41:58.421552508,T,IBM,F I,13,306.1
2025-10-30,9:41:58.421555517,T,IBM,F I,19,306.1
2025-10-30,9:41:58.421582566,T,IBM,I,1,306.1
2025-10-30,9:41:58.421585557,T,IBM,F I,67,306.1
2025-10-30,9:41:58.421723965,T,IBM,F I,12,306.01
2025-10-30,9:41:58.422313376,T,IBM,F I,17,306.0
2025-10-30,9:41:58.422779478,T,IBM,F I,7,306.0
2025-10-30,9:41:58.424379312,T,IBM,F I,29,305.89
2025-10-30,9:41:58.460913181,T,IBM,,100,305.915
2025-10-30,9:41:58.460940285,T,IBM,F,100,305.95
2025-10-30,9:41:58.999564560,T,IBM,F I,25,305.89
2025-10-30,9:41:58.999564560,T,IBM,F,100,305.9
2025-10-30,9:42:07.280282141,T,IBM,I,10,306.05
2025-10-30,9:42:07.280285454,T,IBM,I,10,306.04
2025-10-30,9:42:07.280285454,T,IBM,I,10,306.04
2025-10-30,9:42:07.280288122,T,IBM,I,50,306.0
2025-10-30,9:42:07.280291569,T,IBM,I,12,305.96
2025-10-30,9:42:07.280291569,T,IBM,I,25,305.95
2025-10-30,9:42:07.280294768,T,IBM,I,4,305.95
2025-10-30,9:42:07.280294768,T,IBM,I,3,305.95
2025-10-30,9:42:07.280297326,T,IBM,I,5,305.94
2025-10-30,9:42:07.280297326,T,IBM,I,71,305.93
2025-10-30,9:42:25.353395069,T,IBM,F I,12,306.04
2025-10-30,9:42:25.353395069,T,IBM,F I,6,306.04
2025-10-30,9:42:44.799492775,T,IBM,F I,70,306.27
2025-10-30,9:42:44.818380663,T,IBM,F,100,306.22
2025-10-30,9:42:44.818663683,T,IBM,F I,1,306.16
2025-10-30,9:42:44.818807875,T,IBM,F I,1,306.15
2025-10-30,9:42:44.818810894,T,IBM,F I,1,306.15
2025-10-30,9:42:44.818961078,T,IBM,F I,1,306.15
2025-10-30,9:42:44.818976096,T,IBM,I,98,306.15
2025-10-30,9:42:44.819451307,T,IBM,F I,17,306.2
2025-10-30,9:42:44.819583635,T,IBM,F I,2,306.2
2025-10-30,9:42:53.555293479,T,IBM,F I,22,306.5
2025-10-30,9:42:53.555296363,T,IBM,F,100,306.52
2025-10-30,9:42:53.568133996,T,IBM,I,29,306.6
2025-10-30,9:42:53.573372429,T,IBM,I,19,306.74
2025-10-30,9:42:53.573393486,T,IBM,F I,17,306.74
2025-10-30,9:42:53.573396473,T,IBM,F I,33,306.74
2025-10-30,9:43:03.291475921,T,IBM,F I,5,306.6
2025-10-30,9:43:04.303881083,T,IBM,F I,5,306.54
2025-10-30,9:43:04.304079600,T,IBM,I,5,306.54
2025-10-30,9:43:04.304112592,T,IBM,I,5,306.54
2025-10-30,9:43:04.304930859,T,IBM,I,15,306.54
2025-10-30,9:43:04.304933608,T,IBM,I,13,306.54
2025-10-30,9:43:04.304933608,T,IBM,I,22,306.54
2025-10-30,9:43:04.304955004,T,IBM,I,33,306.54
2025-10-30,9:43:04.305041972,T,IBM,I,1,306.54
2025-10-30,9:43:04.305162150,T,IBM,I,44,306.54
2025-10-30,9:43:05.946460529,T,IBM,F,100,306.52
2025-10-30,9:43:05.946463529,T,IBM,F,100,306.51
2025-10-30,9:43:14.555277203,T,IBM,F,125,306.57
2025-10-30,9:43:17.132505771,T,IBM,I,5,306.44
2025-10-30,9:44:10.021639557,T,IBM,F I,12,306.48
2025-10-30,9:44:10.021642551,T,IBM,F I,3,306.39
2025-10-30,9:44:10.024415159,T,IBM,F I,1,306.39
2025-10-30,9:44:10.024670782,T,IBM,F I,5,306.39
2025-10-30,9:44:10.024674233,T,IBM,F I,70,306.38
2025-10-30,9:44:10.024674233,T,IBM,F I,21,306.38
2025-10-30,9:44:10.024676829,T,IBM,F I,49,306.38
2025-10-30,9:44:10.024691798,T,IBM,I,1,306.38
2025-10-30,9:44:10.024691798,T,IBM,I,4,306.38
2025-10-30,9:44:10.024751929,T,IBM,F I,20,306.38
2025-10-30,9:44:10.024751929,T,IBM,F,100,306.38
2025-10-30,9:44:10.024754933,T,IBM,I,20,306.38
2025-10-30,9:44:10.024758466,T,IBM,I,10,306.38
2025-10-30,9:44:11.594597252,T,IBM,F I,5,306.61
2025-10-30,9:44:18.233396974,T,IBM,F I,5,306.59
2025-10-30,9:44:18.233396974,T,IBM,F I,10,306.53
2025-10-30,9:44:18.233403136,T,IBM,F I,70,306.53
2025-10-30,9:44:18.233442034,T,IBM,I,5,306.53
2025-10-30,9:45:02.781336510,T,IBM,,100,306.47
2025-10-30,9:45:02.781420843,T,IBM,I,5,306.53
2025-10-30,9:45:02.781423770,T,IBM,I,3,306.56
2025-10-30,9:45:02.781426804,T,IBM,I,11,306.56
2025-10-30,9:45:02.781429740,T,IBM,I,2,306.56
2025-10-30,9:45:02.781444749,T,IBM,I,11,306.56
2025-10-30,9:45:02.985378322,T,IBM,F,100,306.62
2025-10-30,9:45:12.336409909,T,IBM,F I,1,306.5
2025-10-30,9:45:14.753819955,T,IBM,I,10,306.71
2025-10-30,9:45:15.080785702,T,IBM,F I,1,306.84
2025-10-30,9:45:15.080788652,T,IBM,F,100,306.84
2025-10-30,9:45:15.080791312,T,IBM,F I,5,306.84
2025-10-30,9:45:15.080885305,T,IBM,F I,39,306.92
2025-10-30,9:45:15.080885305,T,IBM,F I,10,306.92
2025-10-30,9:45:15.080887693,T,IBM,F I,10,306.93
2025-10-30,9:45:15.080890593,T,IBM,F I,3,306.95
2025-10-30,9:45:15.081314609,T,IBM,F I,1,307.01
2025-10-30,9:45:15.081314609,T,IBM,F I,45,307.01
2025-10-30,9:45:15.081597203,T,IBM,F I,5,306.93
2025-10-30,9:45:15.082081387,T,IBM,F I,10,307.09
2025-10-30,9:45:15.096380415,T,IBM,F I,33,307.22
2025-10-30,9:45:15.096401444,T,IBM,I,1,307.22
2025-10-30,9:45:15.130869515,T,IBM,I,10,307.19
2025-10-30,9:45:15.130872781,T,IBM,,100,307.15
2025-10-30,9:45:15.130872781,T,IBM,I,6,307.14
2025-10-30,9:45:15.130905978,T,IBM,I,1,307.14
2025-10-30,9:45:15.130905978,T,IBM,I,9,307.14
2025-10-30,9:45:15.130908616,T,IBM,,100,307.14
2025-10-30,9:45:15.130911675,T,IBM,I,6,307.14
2025-10-30,9:45:15.130924387,T,IBM,I,1,307.14
2025-10-30,9:45:15.130926716,T,IBM,F I,83,307.14
2025-10-30,9:45:17.728348284,T,IBM,F I,4,307.34
2025-10-30,9:45:19.242966983,T,IBM,F I,26,307.38
2025-10-30,9:45:19.243427163,T,IBM,F I,26,307.38
2025-10-30,9:45:19.243451339,T,IBM,F I,26,307.38
2025-10-30,9:45:20.206737703,T,IBM,F I,6,307.42
2025-10-30,9:45:20.206737703,T,IBM,F I,10,307.42
2025-10-30,9:45:20.206740429,T,IBM,F I,10,307.42
2025-10-30,9:45:28.544447417,T,IBM,F,100,307.39
2025-10-30,9:45:28.544516026,T,IBM,F,100,307.45
2025-10-30,9:45:28.544516026,T,IBM,F I,86,307.45
2025-10-30,9:45:28.544554876,T,IBM,F I,4,307.48
2025-10-30,9:45:28.544912764,T,IBM,I,10,307.45
2025-10-30,9:45:34.022254901,T,IBM,F I,18,307.29
2025-10-30,9:45:34.022258130,T,IBM,F,100,307.29
2025-10-30,9:45:34.022263541,T,IBM,F,200,307.28
2025-10-30,9:45:34.022263541,T,IBM,F I,70,307.28
2025-10-30,9:45:34.022263541,T,IBM,F,100,307.28
2025-10-30,9:45:34.022266515,T,IBM,F,100,307.28
2025-10-30,9:45:34.040540979,T,IBM,F I,1,307.205
2025-10-30,9:45:34.041254014,T,IBM,F I,1,307.205
2025-10-30,9:45:34.041256935,T,IBM,F I,98,307.205
2025-10-30,9:45:34.041256935,T,IBM,F I,1,307.19
2025-10-30,9:45:34.050455641,T,IBM,I,40,307.19
2025-10-30,9:45:34.050476722,T,IBM,I,1,307.19
2025-10-30,9:45:34.050479754,T,IBM,I,59,307.19
2025-10-30,9:45:34.050479754,T,IBM,I,41,307.19
2025-10-30,9:45:34.050482627,T,IBM,I,59,307.19
2025-10-30,9:45:34.056599265,T,IBM,I,55,307.28
2025-10-30,9:45:43.135001730,T,IBM,F,100,307.32
2025-10-30,9:45:43.153348850,T,IBM,F I,10,307.2
2025-10-30,9:45:43.680176093,T,IBM,I,5,307.16
2025-10-30,9:45:43.680176093,T,IBM,I,10,307.16
2025-10-30,9:45:43.680178625,T,IBM,,100,307.16
2025-10-30,9:45:45.076095759,T,IBM,F I,24,307.2
2025-10-30,9:45:45.394418637,T,IBM,F I,6,307.2
2025-10-30,9:45:45.395949237,T,IBM,F I,7,307.15
2025-10-30,9:45:45.396643878,T,IBM,F,100,307.14
2025-10-30,9:45:55.034417167,T,IBM,F,100,307.12
2025-10-30,9:45:56.797409225,T,IBM,F,100,307.135
2025-10-30,9:46:01.980136438,T,IBM,F,100,307.135
2025-10-30,9:46:06.848272905,T,IBM,,100,307.15
2025-10-30,9:46:06.848790047,T,IBM,F,100,307.13
2025-10-30,9:46:06.848790047,T,IBM,F I,25,307.13
2025-10-30,9:46:06.850374818,T,IBM,,100,307.22
2025-10-30,9:46:08.142794678,T,IBM,I,10,307.29
2025-10-30,9:46:08.142797632,T,IBM,I,15,307.25
2025-10-30,9:46:10.174419241,T,IBM,,100,307.36
2025-10-30,9:46:12.177508900,T,IBM,F I,82,307.22
2025-10-30,9:46:12.177530211,T,IBM,I,1,307.22
2025-10-30,9:46:12.177533115,T,IBM,F I,17,307.22
2025-10-30,9:46:12.177535945,T,IBM,F I,2,307.22
2025-10-30,9:46:12.177541980,T,IBM,F I,3,307.22
2025-10-30,9:46:53.682927995,T,IBM,F I,7,307.49
2025-10-30,9:46:53.682927995,T,IBM,F I,5,307.5
2025-10-30,9:46:53.683926392,T,IBM,F I,3,307.58
2025-10-30,9:46:53.683933128,T,IBM,F I,33,307.58
2025-10-30,9:46:53.683983596,T,IBM,I,28,307.59
2025-10-30,9:46:53.683983596,T,IBM,I,5,307.59
2025-10-30,9:46:53.690755675,T,IBM,,100,307.51
2025-10-30,9:47:04.486372312,T,IBM,I,71,307.43
2025-10-30,9:47:09.502785659,T,IBM,F I,14,307.64
2025-10-30,9:47:09.503281758,T,IBM,F I,6,307.65
2025-10-30,9:47:11.355956389,T,IBM,F,100,307.79
2025-10-30,9:47:11.355959466,T,IBM,F I,33,307.8
2025-10-30,9:47:11.355968839,T,IBM,I,1,307.8
2025-10-30,9:47:11.355968839,T,IBM,F I,4,307.8
2025-10-30,9:47:13.925673014,T,IBM,F,100,307.68
2025-10-30,9:47:13.925676097,T,IBM,F,100,307.68
2025-10-30,9:47:13.925676097,T,IBM,F I,5,307.68
2025-10-30,9:47:13.925679059,T,IBM,F I,17,307.68
2025-10-30,9:47:13.925691441,T,IBM,I,1,307.68
2025-10-30,9:47:13.925691441,T,IBM,I,2,307.68
2025-10-30,9:47:17.231509733,T,IBM,F I,7,307.48
2025-10-30,9:47:17.231512163,T,IBM,F I,12,307.47
2025-10-30,9:47:17.231515116,T,IBM,F I,7,307.47
2025-10-30,9:47:24.914671827,T,IBM,I,25,307.68
2025-10-30,9:47:24.914671827,T,IBM,,100,307.69
2025-10-30,9:47:24.914675047,T,IBM,I,9,307.7
2025-10-30,9:47:24.914809471,T,IBM,F,100,307.71
2025-10-30,9:47:24.914839409,T,IBM,F,100,307.76
2025-10-30,9:47:24.914842442,T,IBM,F I,25,307.75
2025-10-30,9:47:24.914842442,T,IBM,F,100,307.78
2025-10-30,9:47:26.887406408,T,IBM,I,10,307.69
2025-10-30,9:47:28.727493080,T,IBM,F I,90,307.69
2025-10-30,9:47:34.167094897,T,IBM,,100,307.7
2025-10-30,9:47:36.205160783,T,IBM,F,100,307.71
2025-10-30,9:47:42.355964837,T,IBM,F I,19,307.86
2025-10-30,9:47:42.356027940,T,IBM,I,5,307.92
2025-10-30,9:47:42.356030962,T,IBM,I,18,307.92
2025-10-30,9:47:42.356864266,T,IBM,F I,5,308.0
2025-10-30,9:47:42.357221796,T,IBM,F I,21,308.05
2025-10-30,9:47:42.359807990,T,IBM,F I,3,308.02
2025-10-30,9:47:43.890063979,T,IBM,F I,4,308.15
2025-10-30,9:47:43.890073045,T,IBM,F I,22,308.15
2025-10-30,9:47:44.718197475,T,IBM,F I,1,308.22
2025-10-30,9:47:44.718200141,T,IBM,F I,8,308.23
2025-10-30,9:47:44.718202396,T,IBM,F I,5,308.23
2025-10-30,9:47:45.453778121,T,IBM,F I,25,308.2
2025-10-30,9:47:48.042685928,T,IBM,F,100,308.2
2025-10-30,9:47:49.456639953,T,IBM,F I,13,308.35
2025-10-30,9:47:49.457016389,T,IBM,F I,21,308.38
2025-10-30,9:47:49.457018927,T,IBM,F I,20,308.38
2025-10-30,9:47:49.457036947,T,IBM,I,1,308.38
2025-10-30,9:47:49.457045967,T,IBM,F I,19,308.38
2025-10-30,9:47:49.457045967,T,IBM,F I,81,308.39
2025-10-30,9:47:49.457048995,T,IBM,F I,19,308.39
2025-10-30,9:47:49.457109066,T,IBM,,100,308.39
2025-10-30,9:47:49.458164654,T,IBM,I,18,308.49
2025-10-30,9:47:49.458663753,T,IBM,I,6,308.53
2025-10-30,9:47:49.459012666,T,IBM,F I,6,308.59
2025-10-30,9:47:49.459012666,T,IBM,F I,20,308.6
2025-10-30,9:47:49.466028400,T,IBM,F I,81,308.7
2025-10-30,9:47:49.466031363,T,IBM,F I,19,308.7
2025-10-30,9:47:49.466798133,T,IBM,I,7,308.6
2025-10-30,9:47:49.466861324,T,IBM,F,100,308.68
2025-10-30,9:47:49.482935189,T,IBM,F I,81,308.74
2025-10-30,9:47:49.482937538,T,IBM,F I,10,308.74
2025-10-30,9:47:51.163659925,T,IBM,F I,20,308.88
2025-10-30,9:47:53.537087096,T,IBM,F I,90,308.81
2025-10-30,9:47:53.537090060,T,IBM,F I,25,308.8
2025-10-30,9:47:53.538268937,T,IBM,F I,25,308.92
2025-10-30,9:47:53.538290124,T,IBM,F I,6,308.93
2025-10-30,9:47:53.538292937,T,IBM,F I,80,308.94
2025-10-30,9:47:53.538298961,T,IBM,F I,20,308.95
2025-10-30,9:47:53.538332045,T,IBM,F I,20,308.96
2025-10-30,9:47:53.539153028,T,IBM,I,15,309.05
2025-10-30,9:47:53.539213393,T,IBM,I,12,309.08
2025-10-30,9:47:53.539216173,T,IBM,I,10,309.08
2025-10-30,9:47:53.549215029,T,IBM,I,25,309.12
2025-10-30,9:47:53.549215029,T,IBM,I,10,309.03
2025-10-30,9:47:53.549218104,T,IBM,I,10,309.03
2025-10-30,9:47:53.549221035,T,IBM,I,5,309.03
2025-10-30,9:47:53.552156535,T,IBM,F I,50,309.01
2025-10-30,9:47:53.552158994,T,IBM,F I,75,309.01
2025-10-30,9:47:53.552198224,T,IBM,F I,15,309.01
2025-10-30,9:48:12.066034221,T,IBM,F I,69,309.15
2025-10-30,9:48:12.066052182,T,IBM,F I,1,309.15
2025-10-30,9:48:12.066055655,T,IBM,F I,30,309.15
2025-10-30,9:48:12.066055655,T,IBM,F I,5,309.15
2025-10-30,9:48:12.695408495,T,IBM,I,10,309.23
2025-10-30,9:48:15.058070296,T,IBM,F I,10,309.31
2025-10-30,9:48:15.058118697,T,IBM,F I,20,309.25
2025-10-30,9:48:16.834417168,T,IBM,F I,20,309.26
2025-10-30,9:48:16.834417168,T,IBM,F I,10,309.23
2025-10-30,9:48:16.834420143,T,IBM,F I,10,309.22
2025-10-30,9:48:16.834420143,T,IBM,F I,85,309.22
2025-10-30,9:48:16.834483231,T,IBM,F I,15,309.22
2025-10-30,9:48:18.462300463,T,IBM,F,100,309.2
2025-10-30,9:48:18.462300463,T,IBM,F I,25,309.19
2025-10-30,9:48:18.462321810,T,IBM,F I,33,309.19
2025-10-30,9:48:18.462325220,T,IBM,F,100,309.18
2025-10-30,9:48:18.462327544,T,IBM,F I,5,309.18
2025-10-30,9:48:18.462327544,T,IBM,F I,56,309.18
2025-10-30,9:48:18.462330887,T,IBM,F I,19,309.18
2025-10-30,9:48:18.462330887,T,IBM,F,100,309.18
2025-10-30,9:48:18.462333927,T,IBM,F I,10,309.18
2025-10-30,9:48:18.462336597,T,IBM,F I,3,309.17
2025-10-30,9:48:18.462375688,T,IBM,F I,4,309.17
2025-10-30,9:48:18.462375688,T,IBM,F I,7,309.17
2025-10-30,9:48:18.462378727,T,IBM,F I,3,309.16
2025-10-30,9:48:18.462417791,T,IBM,,100,309.18
2025-10-30,9:48:27.058453975,T,IBM,F I,2,309.46
2025-10-30,9:48:36.881230762,T,IBM,F I,20,309.44
2025-10-30,9:48:36.881236696,T,IBM,F,1183,309.44
2025-10-30,9:48:36.881236696,T,IBM,F I,1,309.44
2025-10-30,9:48:39.505034023,T,IBM,F I,12,309.35
2025-10-30,9:48:40.617812201,T,IBM,F I,12,309.55
2025-10-30,9:48:40.617815151,T,IBM,F I,3,309.61
2025-10-30,9:48:40.618224112,T,IBM,I,45,309.57
2025-10-30,9:48:40.618227131,T,IBM,,355,309.565
2025-10-30,9:48:40.638354092,T,IBM,F I,12,309.61
2025-10-30,9:48:40.638423272,T,IBM,F,724,309.61
2025-10-30,9:48:40.638441690,T,IBM,I,1,309.61
2025-10-30,9:48:40.638444277,T,IBM,I,1,309.61
2025-10-30,9:48:40.638447288,T,IBM,F,100,309.61
2025-10-30,9:48:40.638465678,T,IBM,F,275,309.66
2025-10-30,9:48:40.638465678,T,IBM,F,170,309.66
2025-10-30,9:48:40.638468623,T,IBM,F,100,309.63
2025-10-30,9:48:40.638468623,T,IBM,F I,5,309.61
2025-10-30,9:48:40.638534562,T,IBM,F,139,309.61
2025-10-30,9:48:40.638750975,T,IBM,F I,1,309.71
2025-10-30,9:48:40.639310487,T,IBM,F I,30,309.71
2025-10-30,9:48:40.639424596,T,IBM,I,86,309.71
2025-10-30,9:48:40.639454752,T,IBM,F I,14,309.71
2025-10-30,9:48:40.639454752,T,IBM,F I,16,309.7
2025-10-30,9:48:40.639475716,T,IBM,I,1,309.7
2025-10-30,9:48:40.639490845,T,IBM,I,83,309.7
2025-10-30,9:48:40.639677249,T,IBM,I,12,309.7
2025-10-30,9:48:48.982360231,T,IBM,F I,6,309.73
2025-10-30,9:48:48.982922660,T,IBM,F I,2,309.7
2025-10-30,9:48:48.982922660,T,IBM,F I,2,309.7
2025-10-30,9:48:48.982925532,T,IBM,F I,2,309.7
2025-10-30,9:48:49.340383493,T,IBM,F,100,309.87
2025-10-30,9:48:49.342903536,T,IBM,I,17,309.81
2025-10-30,9:48:49.342906862,T,IBM,,200,309.81
2025-10-30,9:48:49.342906862,T,IBM,F I,39,309.81
2025-10-30,9:48:49.344019324,T,IBM,F I,18,309.9
2025-10-30,9:48:49.344019324,T,IBM,F I,60,309.9
2025-10-30,9:49:02.040647937,T,IBM,F I,8,309.62
2025-10-30,9:49:02.040665512,T,IBM,F I,4,309.62
2025-10-30,9:49:02.040725711,T,IBM,I,16,309.62
2025-10-30,9:49:02.040848956,T,IBM,F I,4,309.62
2025-10-30,9:49:02.041239874,T,IBM,F I,45,309.77
2025-10-30,9:49:02.041266972,T,IBM,I,55,309.78
2025-10-30,9:49:02.041291003,T,IBM,I,10,309.8
2025-10-30,9:49:02.041550029,T,IBM,F,100,309.7
2025-10-30,9:49:02.041550029,T,IBM,F,101,309.68
2025-10-30,9:49:02.041558669,T,IBM,F I,99,309.68
2025-10-30,9:49:02.387141301,T,IBM,F,100,309.65
2025-10-30,9:49:02.887776486,T,IBM,F,100,309.61
2025-10-30,9:49:02.887776486,T,IBM,F,100,309.57
2025-10-30,9:49:02.887782195,T,IBM,F I,18,309.57
2025-10-30,9:49:02.887782195,T,IBM,F,100,309.57
2025-10-30,9:49:02.887782195,T,IBM,F,100,309.57
2025-10-30,9:49:02.887785225,T,IBM,F,200,309.57
2025-10-30,9:49:02.887788249,T,IBM,F,100,309.57
2025-10-30,9:49:02.888660266,T,IBM,F I,5,309.49
2025-10-30,9:49:02.888660266,T,IBM,F I,10,309.49
2025-10-30,9:49:02.938459526,T,IBM,I,10,309.55
2025-10-30,9:49:02.938459526,T,IBM,I,10,309.55
2025-10-30,9:49:02.938461867,T,IBM,I,25,309.56
2025-10-30,9:49:07.428691579,T,IBM,F I,1,309.79
2025-10-30,9:49:10.959378897,T,IBM,I,20,309.98
2025-10-30,9:49:10.959378897,T,IBM,I,80,309.99
2025-10-30,9:49:10.959390929,T,IBM,I,1,309.99
2025-10-30,9:49:10.959393986,T,IBM,I,19,309.99
2025-10-30,9:49:10.959496734,T,IBM,,200,309.99
2025-10-30,9:49:10.959514766,T,IBM,I,1,309.99
2025-10-30,9:49:10.959517255,T,IBM,I,92,309.99
2025-10-30,9:49:10.960939789,T,IBM,F I,10,310.09
2025-10-30,9:49:10.960939789,T,IBM,F I,6,310.09
2025-10-30,9:49:10.960966689,T,IBM,F I,25,310.11
2025-10-30,9:49:10.961462838,T,IBM,F I,5,310.03
2025-10-30,9:49:10.961802660,T,IBM,,280,310.03
2025-10-30,9:49:10.974540991,T,IBM,I,3,310.1
2025-10-30,9:49:10.979511804,T,IBM,I,50,310.21
2025-10-30,9:49:11.707836750,T,IBM,F I,1,310.23
2025-10-30,9:49:11.707842697,T,IBM,F I,1,310.23
2025-10-30,9:49:11.707887860,T,IBM,F I,1,310.25
2025-10-30,9:49:11.711159607,T,IBM,I,25,310.295
2025-10-30,9:49:11.711165648,T,IBM,,100,310.295
2025-10-30,9:49:11.711165648,T,IBM,,100,310.33
2025-10-30,9:49:12.285599153,T,IBM,I,10,310.35
2025-10-30,9:49:12.285599153,T,IBM,I,12,310.35
2025-10-30,9:49:12.285602340,T,IBM,I,10,310.35
2025-10-30,9:49:12.285605142,T,IBM,I,2,310.38
2025-10-30,9:49:12.708399735,T,IBM,F I,50,310.24
2025-10-30,9:49:13.239079108,T,IBM,F I,15,310.16
2025-10-30,9:49:15.020282490,T,IBM,I,10,310.44
2025-10-30,9:49:15.023689611,T,IBM,F I,21,310.44
2025-10-30,9:49:15.023695577,T,IBM,F I,1,310.51
2025-10-30,9:49:15.023713730,T,IBM,F I,5,310.51
2025-10-30,9:49:15.023717026,T,IBM,F I,10,310.51
2025-10-30,9:49:15.023717026,T,IBM,F I,19,310.57
2025-10-30,9:49:15.027343309,T,IBM,F,100,310.45
2025-10-30,9:49:15.035312445,T,IBM,F I,10,310.43
2025-10-30,9:49:15.035312445,T,IBM,F I,10,310.43
2025-10-30,9:49:15.035315331,T,IBM,F I,12,310.43
2025-10-30,9:49:15.035405589,T,IBM,F I,10,310.42
2025-10-30,9:49:15.035444595,T,IBM,F I,25,310.4
2025-10-30,9:49:15.113275908,T,IBM,F I,40,310.32
2025-10-30,9:49:15.113278947,T,IBM,F I,13,310.29
2025-10-30,9:49:15.113282045,T,IBM,F I,5,310.29
2025-10-30,9:49:15.113284956,T,IBM,F I,12,310.29
2025-10-30,9:49:15.113814128,T,IBM,F,100,310.32
2025-10-30,9:49:19.469259984,T,IBM,F,100,310.15
2025-10-30,9:49:19.469259984,T,IBM,F I,25,310.13
2025-10-30,9:49:19.469277991,T,IBM,F I,30,310.13
2025-10-30,9:49:19.469290009,T,IBM,I,11,310.13
2025-10-30,9:49:19.469323210,T,IBM,F I,30,310.12
2025-10-30,9:49:20.540343827,T,IBM,I,40,310.04
2025-10-30,9:49:20.540376892,T,IBM,I,24,310.03
2025-10-30,9:49:20.540392664,T,IBM,F I,11,310.03
2025-10-30,9:49:20.540398114,T,IBM,F I,65,310.03
2025-10-30,9:49:20.540401004,T,IBM,F I,12,310.03
2025-10-30,9:49:43.289868607,T,IBM,F I,7,310.52
2025-10-30,9:49:43.289868607,T,IBM,F I,20,310.52
2025-10-30,9:49:43.290006908,T,IBM,I,68,310.45
2025-10-30,9:49:43.441044458,T,IBM,F I,36,310.65
2025-10-30,9:49:43.477764852,T,IBM,I,25,310.8
2025-10-30,9:49:43.497982018,T,IBM,F I,25,310.8
2025-10-30,9:49:43.525326179,T,IBM,F I,23,310.87
2025-10-30,9:49:43.525362241,T,IBM,I,50,310.75
2025-10-30,9:49:43.525365246,T,IBM,I,10,310.75
2025-10-30,9:49:43.525771167,T,IBM,F I,8,310.79
2025-10-30,9:49:43.679722676,T,IBM,F,100,310.75
2025-10-30,9:49:43.706621669,T,IBM,F,100,310.73
2025-10-30,9:49:43.706627683,T,IBM,F,185,310.75
2025-10-30,9:49:43.706627683,T,IBM,F,100,310.75
2025-10-30,9:49:43.706643062,T,IBM,I,1,310.75
2025-10-30,9:49:43.706645835,T,IBM,I,99,310.75
2025-10-30,9:49:43.706690920,T,IBM,F I,20,310.75
2025-10-30,9:49:43.708278607,T,IBM,,300,310.75
2025-10-30,9:49:43.726057819,T,IBM,I,5,310.905
2025-10-30,9:49:43.750712730,T,IBM,I,20,310.905
2025-10-30,9:49:43.750736693,T,IBM,F I,10,310.78
2025-10-30,9:49:43.756471714,T,IBM,I,25,310.84
2025-10-30,9:49:43.756471714,T,IBM,I,25,310.905
2025-10-30,9:49:43.756474443,T,IBM,I,50,310.905
2025-10-30,9:49:43.809851527,T,IBM,F I,50,310.92
2025-10-30,9:49:43.809851527,T,IBM,F I,26,310.97
2025-10-30,9:49:43.809908638,T,IBM,F I,3,310.79
2025-10-30,9:49:44.290344334,T,IBM,F I,10,310.66
2025-10-30,9:49:44.290365459,T,IBM,F I,50,310.64
2025-10-30,9:49:44.290378827,T,IBM,F I,50,310.64
2025-10-30,9:49:44.290383907,T,IBM,F I,10,310.63
2025-10-30,9:49:44.290383907,T,IBM,F I,50,310.63
2025-10-30,9:49:44.290386879,T,IBM,F I,12,310.63
2025-10-30,9:49:44.290386879,T,IBM,F I,50,310.62
2025-10-30,9:49:44.290389429,T,IBM,F I,10,310.61
2025-10-30,9:49:44.290389429,T,IBM,F I,33,310.61
2025-10-30,9:49:44.290415169,T,IBM,F I,67,310.61
2025-10-30,9:49:44.290415169,T,IBM,F I,7,310.61
2025-10-30,9:49:44.290419774,T,IBM,F I,64,310.61
2025-10-30,9:49:44.290419774,T,IBM,F I,30,310.61
2025-10-30,9:49:44.290425845,T,IBM,F I,51,310.61
2025-10-30,9:49:44.290440728,T,IBM,I,10,310.61
2025-10-30,9:49:44.292443312,T,IBM,I,2,310.485
2025-10-30,9:49:44.293369551,T,IBM,I,9,310.61
2025-10-30,9:49:45.024993818,T,IBM,I,25,310.68
2025-10-30,9:49:45.024993818,T,IBM,I,10,310.7
2025-10-30,9:49:45.024996543,T,IBM,I,10,310.71
2025-10-30,9:49:45.024996543,T,IBM,I,12,310.71
2025-10-30,9:49:45.024999336,T,IBM,I,3,310.75
2025-10-30,9:49:45.025003019,T,IBM,I,50,310.78
2025-10-30,9:49:45.025003019,T,IBM,I,20,310.78
2025-10-30,9:49:45.025008874,T,IBM,,100,310.79
2025-10-30,9:49:45.025047488,T,IBM,F I,36,310.79
2025-10-30,9:49:45.025050729,T,IBM,F I,64,310.79
2025-10-30,9:49:45.242651521,T,IBM,,100,310.91
2025-10-30,9:49:45.398999616,T,IBM,I,7,310.99
2025-10-30,9:49:45.398999616,T,IBM,I,7,311.06
2025-10-30,9:49:45.399006499,T,IBM,I,10,311.06
2025-10-30,9:49:45.399006499,T,IBM,I,8,311.13
2025-10-30,9:49:45.399006499,T,IBM,I,10,311.13
2025-10-30,9:49:45.399008739,T,IBM,I,58,311.16
2025-10-30,9:49:45.399859915,T,IBM,F I,1,310.94
2025-10-30,9:49:45.771752924,T,IBM,,100,310.99
2025-10-30,9:49:45.771752924,T,IBM,I,10,310.99
2025-10-30,9:49:45.771755350,T,IBM,I,20,311.19
2025-10-30,9:49:45.771758032,T,IBM,I,69,311.19
2025-10-30,9:49:46.137455657,T,IBM,I,20,311.19
2025-10-30,9:49:46.137455657,T,IBM,I,80,311.19
2025-10-30,9:49:47.223187449,T,IBM,I,10,311.19
2025-10-30,9:49:47.233992212,T,IBM,I,10,311.19
2025-10-30,9:49:47.908630205,T,IBM,I,90,311.19
2025-10-30,9:49:47.908633455,T,IBM,I,20,311.19
2025-10-30,9:49:47.908633455,T,IBM,I,7,311.2
2025-10-30,9:49:47.908636575,T,IBM,I,10,311.2
2025-10-30,9:49:47.908639260,T,IBM,,100,311.2
2025-10-30,9:49:47.908642270,T,IBM,I,34,311.2
2025-10-30,9:49:48.310425873,T,IBM,F I,10,311.02
2025-10-30,9:49:48.310425873,T,IBM,F I,50,310.94
2025-10-30,9:49:48.310428884,T,IBM,F I,5,310.93
2025-10-30,9:49:48.310431755,T,IBM,F I,19,310.93
2025-10-30,9:49:48.310446864,T,IBM,F I,60,310.93
2025-10-30,9:49:48.310885908,T,IBM,I,11,310.93
2025-10-30,9:49:48.310952033,T,IBM,F I,8,310.91
2025-10-30,9:49:48.313300595,T,IBM,I,10,310.9
2025-10-30,9:49:49.645881005,T,IBM,F I,12,310.67
2025-10-30,9:49:49.645881005,T,IBM,F I,10,310.67
2025-10-30,9:49:49.645890071,T,IBM,F I,10,310.67
2025-10-30,9:49:49.645890071,T,IBM,F I,59,310.66
2025-10-30,9:49:49.645893091,T,IBM,F I,8,310.66
2025-10-30,9:49:49.645896196,T,IBM,F I,32,310.66
2025-10-30,9:49:49.645956197,T,IBM,,100,310.66
2025-10-30,9:49:49.646497481,T,IBM,F I,6,310.66
2025-10-30,9:49:49.653134243,T,IBM,I,8,310.72
2025-10-30,9:49:49.653143342,T,IBM,F I,3,310.72
2025-10-30,9:49:49.653161558,T,IBM,F I,12,310.66
2025-10-30,9:49:49.653164326,T,IBM,F I,8,310.66
2025-10-30,9:49:49.653167328,T,IBM,F I,80,310.62
2025-10-30,9:49:49.656120440,T,IBM,I,3,310.66
2025-10-30,9:49:49.671207486,T,IBM,I,20,310.88
2025-10-30,9:49:49.671207486,T,IBM,,100,310.88
2025-10-30,9:49:49.671210274,T,IBM,I,59,310.89
2025-10-30,9:49:49.671228377,T,IBM,I,1,310.89
2025-10-30,9:49:49.671231688,T,IBM,I,19,310.89
2025-10-30,9:49:49.671231688,T,IBM,,100,310.89
2025-10-30,9:49:49.671279522,T,IBM,F I,13,310.9
2025-10-30,9:49:49.678755840,T,IBM,F I,17,310.98
2025-10-30,9:49:49.678758295,T,IBM,F I,10,310.98
2025-10-30,9:49:49.678758295,T,IBM,F I,73,310.98
2025-10-30,9:49:49.679895025,T,IBM,F I,27,310.98
2025-10-30,9:49:49.680490401,T,IBM,F,100,311.0
2025-10-30,9:49:49.681648247,T,IBM,F I,18,311.05
2025-10-30,9:49:49.681738466,T,IBM,I,10,310.98
2025-10-30,9:49:49.681741379,T,IBM,I,10,310.95
2025-10-30,9:49:49.681741379,T,IBM,I,12,310.94
2025-10-30,9:49:49.682811975,T,IBM,F I,8,311.06
2025-10-30,9:49:49.682833099,T,IBM,I,2,311.06
2025-10-30,9:49:49.682833099,T,IBM,I,6,311.03
2025-10-30,9:49:49.682836798,T,IBM,F I,4,311.03
2025-10-30,9:49:49.682839048,T,IBM,F I,21,311.02
2025-10-30,9:49:49.682884121,T,IBM,F I,8,311.02
2025-10-30,9:49:49.682905178,T,IBM,F I,17,311.02
2025-10-30,9:49:49.682929244,T,IBM,F I,8,311.02
2025-10-30,9:49:49.682953294,T,IBM,F I,6,311.02
2025-10-30,9:49:49.682953294,T,IBM,F I,11,311.0
2025-10-30,9:49:49.682971336,T,IBM,F I,8,311.0
2025-10-30,9:49:49.683395390,T,IBM,I,9,311.01
2025-10-30,9:49:49.685512338,T,IBM,I,17,311.05
2025-10-30,9:49:49.687031331,T,IBM,F I,20,311.18
2025-10-30,9:49:49.687031331,T,IBM,F I,50,311.18
2025-10-30,9:49:49.687034001,T,IBM,F I,30,311.19
2025-10-30,9:49:49.687045984,T,IBM,F I,10,311.19
2025-10-30,9:49:49.687629676,T,IBM,F I,60,311.19
2025-10-30,9:49:49.687632548,T,IBM,F I,10,311.19
2025-10-30,9:49:49.687635425,T,IBM,F I,20,311.19
2025-10-30,9:49:49.688005346,T,IBM,F I,8,311.02
2025-10-30,9:49:49.688050409,T,IBM,F,100,311.02
2025-10-30,9:49:49.688234711,T,IBM,F I,69,311.0
2025-10-30,9:49:49.688234711,T,IBM,F I,43,311.02
2025-10-30,9:49:49.688237015,T,IBM,F I,50,311.18
2025-10-30,9:49:49.689773543,T,IBM,F I,5,311.05
2025-10-30,9:49:49.689999078,T,IBM,F I,10,311.12
2025-10-30,9:49:49.690552429,T,IBM,F I,10,311.12
2025-10-30,9:49:49.693551295,T,IBM,F I,8,311.07
2025-10-30,9:49:53.605142729,T,IBM,I,21,310.83
2025-10-30,9:49:53.605163770,T,IBM,F I,79,310.83
2025-10-30,9:49:53.605205788,T,IBM,I,12,310.83
2025-10-30,9:49:53.605259961,T,IBM,F I,43,310.82
2025-10-30,9:49:53.605262915,T,IBM,F I,6,310.82
2025-10-30,9:49:53.606084246,T,IBM,I,7,310.67
2025-10-30,9:49:53.606084246,T,IBM,I,25,310.67
2025-10-30,9:49:53.608676103,T,IBM,I,10,310.88
2025-10-30,9:49:57.376977081,T,IBM,F I,88,310.88
2025-10-30,9:49:57.376977081,T,IBM,F I,14,310.88
2025-10-30,9:50:04.238156202,T,IBM,I,13,310.87
2025-10-30,9:50:07.773152758,T,IBM,,100,310.89
2025-10-30,9:50:18.018110491,T,IBM,,100,310.89
2025-10-30,9:50:20.647417538,T,IBM,I,9,310.76
2025-10-30,9:50:20.647423057,T,IBM,,100,310.75
2025-10-30,9:50:20.647423057,T,IBM,I,5,310.75
2025-10-30,9:50:20.647859116,T,IBM,F,100,310.76
2025-10-30,9:50:20.648331143,T,IBM,I,10,310.82
2025-10-30,9:50:21.112708586,T,IBM,I,10,310.89
2025-10-30,9:50:21.114296361,T,IBM,F I,1,310.97
2025-10-30,9:50:21.131271767,T,IBM,,100,311.0
2025-10-30,9:50:21.131275917,T,IBM,I,12,311.0
2025-10-30,9:50:21.131275917,T,IBM,I,5,311.02
2025-10-30,9:50:21.131278042,T,IBM,I,12,311.07
2025-10-30,9:50:21.131280825,T,IBM,I,5,311.07
2025-10-30,9:50:21.131846125,T,IBM,F I,5,311.1
2025-10-30,9:50:21.522427960,T,IBM,I,20,311.26
2025-10-30,9:50:21.522431032,T,IBM,I,20,311.3
2025-10-30,9:50:21.522431032,T,IBM,I,10,311.3
2025-10-30,9:50:21.522437420,T,IBM,,100,311.31
2025-10-30,9:50:21.522437420,T,IBM,I,3,311.33
2025-10-30,9:50:21.522437420,T,IBM,I,47,311.35
2025-10-30,9:50:23.641627064,T,IBM,F I,12,311.28
2025-10-30,9:50:23.641627064,T,IBM,F I,12,311.27
2025-10-30,9:50:23.641684248,T,IBM,F I,5,311.26
2025-10-30,9:50:25.278129137,T,IBM,F I,12,311.35
2025-10-30,9:50:25.278132059,T,IBM,F I,5,311.36
2025-10-30,9:50:25.278132059,T,IBM,F I,1,311.4
2025-10-30,9:50:28.877866797,T,IBM,,100,311.24
2025-10-30,9:50:28.882314366,T,IBM,,100,311.17
2025-10-30,9:50:28.889321373,T,IBM,I,45,311.12
2025-10-30,9:50:28.889323984,T,IBM,I,1,311.09
2025-10-30,9:50:28.889323984,T,IBM,I,54,311.09
2025-10-30,9:50:28.889342158,T,IBM,I,46,311.09
2025-10-30,9:50:28.890376783,T,IBM,I,45,311.1
2025-10-30,9:50:28.890740632,T,IBM,I,27,311.15
2025-10-30,9:50:28.890764431,T,IBM,F I,20,311.15
2025-10-30,9:50:28.890767756,T,IBM,F I,18,311.15
2025-10-30,9:50:28.890824596,T,IBM,I,62,311.15
2025-10-30,9:50:28.890824596,T,IBM,I,27,311.15
2025-10-30,9:50:28.893296503,T,IBM,,100,311.08
2025-10-30,9:50:28.893299748,T,IBM,,100,311.08
2025-10-30,9:50:28.893323839,T,IBM,F I,5,311.06
2025-10-30,9:50:28.893326625,T,IBM,F I,79,311.06
2025-10-30,9:50:28.893326625,T,IBM,I,21,311.06
2025-10-30,9:50:28.893798694,T,IBM,F I,7,311.07
2025-10-30,9:50:29.352086674,T,IBM,,100,311.23
2025-10-30,9:50:31.638871860,T,IBM,I,1,311.41
2025-10-30,9:50:31.638871860,T,IBM,I,5,311.41
2025-10-30,9:50:31.638931956,T,IBM,I,67,311.33
2025-10-30,9:50:31.639286799,T,IBM,I,17,311.2
2025-10-30,9:50:31.641488041,T,IBM,,100,311.11
2025-10-30,9:50:33.054882854,T,IBM,I,17,311.29
2025-10-30,9:50:33.054885963,T,IBM,I,37,311.31
2025-10-30,9:50:33.054885963,T,IBM,I,22,311.4
2025-10-30,9:50:47.486488520,T,IBM,I,12,311.43
2025-10-30,9:50:47.504411292,T,IBM,,100,311.55
2025-10-30,9:50:47.509905424,T,IBM,I,23,311.56
2025-10-30,9:50:47.509905424,T,IBM,I,5,311.56
2025-10-30,9:50:48.117967866,T,IBM,I,29,311.68
2025-10-30,9:50:48.128907902,T,IBM,I,5,311.51
2025-10-30,9:50:50.637657396,T,IBM,I,5,311.42
2025-10-30,9:50:50.637735563,T,IBM,,100,311.38
2025-10-30,9:50:50.637735563,T,IBM,I,92,311.38
2025-10-30,9:50:50.637762634,T,IBM,F I,6,311.37
2025-10-30,9:50:50.637849889,T,IBM,,100,311.38
2025-10-30,9:50:50.637910039,T,IBM,F I,80,311.38
2025-10-30,9:50:50.637912960,T,IBM,F I,20,311.38
2025-10-30,9:50:50.638211097,T,IBM,I,8,311.38
2025-10-30,9:50:58.034504751,T,IBM,F I,5,311.18
2025-10-30,9:51:02.008345212,T,IBM,,100,311.38
2025-10-30,9:51:02.722346948,T,IBM,F I,7,311.21
2025-10-30,9:51:02.722407091,T,IBM,F I,1,311.19
2025-10-30,9:51:02.722410293,T,IBM,F I,6,311.19
2025-10-30,9:51:02.722864183,T,IBM,F I,5,311.19
2025-10-30,9:51:02.911629612,T,IBM,F I,20,311.12
2025-10-30,9:51:02.911650797,T,IBM,I,54,311.12
2025-10-30,9:51:02.911650797,T,IBM,I,1,311.12
2025-10-30,9:51:02.911662685,T,IBM,I,25,311.12
2025-10-30,9:51:02.911666504,T,IBM,I,5,311.12
2025-10-30,9:51:02.911669603,T,IBM,I,1,311.12
2025-10-30,9:51:02.911669603,T,IBM,F I,19,311.12
2025-10-30,9:51:02.911672628,T,IBM,F I,1,311.11
2025-10-30,9:51:02.911675193,T,IBM,F,100,311.05
2025-10-30,9:51:02.911675193,T,IBM,F,100,311.05
2025-10-30,9:51:02.911677763,T,IBM,F I,66,311.05
2025-10-30,9:51:02.911704883,T,IBM,F I,34,311.05
2025-10-30,9:51:02.926545240,T,IBM,F I,2,311.0
2025-10-30,9:51:02.926545240,T,IBM,F I,10,311.0
2025-10-30,9:51:03.514745363,T,IBM,I,12,311.06
2025-10-30,9:51:04.793401472,T,IBM,F,100,311.0
2025-10-30,9:51:07.965749859,T,IBM,F,100,311.08
2025-10-30,9:51:19.655671697,T,IBM,F,100,310.93
2025-10-30,9:51:19.655674740,T,IBM,F I,5,310.93
2025-10-30,9:51:19.655692798,T,IBM,I,30,310.93
2025-10-30,9:51:19.905710960,T,IBM,F I,6,310.95
2025-10-30,9:51:19.960008226,T,IBM,I,5,310.93
2025-10-30,9:51:19.960044491,T,IBM,F I,1,310.92
2025-10-30,9:51:19.960044491,T,IBM,F I,1,310.9
2025-10-30,9:51:19.960180615,T,IBM,I,6,310.99
2025-10-30,9:51:19.960182764,T,IBM,I,94,311.0
2025-10-30,9:51:19.960227794,T,IBM,F,100,310.99
2025-10-30,9:51:20.318717239,T,IBM,,100,311.02
2025-10-30,9:51:20.318717239,T,IBM,I,75,311.01
2025-10-30,9:51:20.318720277,T,IBM,I,25,311.0
2025-10-30,9:51:20.708842773,T,IBM,F I,20,311.0
2025-10-30,9:51:20.708842773,T,IBM,F,100,311.0
2025-10-30,9:51:20.708845809,T,IBM,F,100,311.0
2025-10-30,9:51:20.708845809,T,IBM,F,574,310.99
2025-10-30,9:51:20.708863014,T,IBM,I,70,310.99
2025-10-30,9:51:20.708869307,T,IBM,I,1,310.99
2025-10-30,9:51:20.708869307,T,IBM,F,149,310.99
2025-10-30,9:51:20.709873414,T,IBM,F I,20,311.08
2025-10-30,9:51:20.789963096,T,IBM,F I,20,311.16
2025-10-30,9:51:20.789963096,T,IBM,F I,85,311.17
2025-10-30,9:51:20.789981086,T,IBM,I,1,311.17
2025-10-30,9:51:20.789984124,T,IBM,I,14,311.17
2025-10-30,9:51:20.789984124,T,IBM,I,5,311.17
2025-10-30,9:51:20.790041265,T,IBM,F,100,311.2
2025-10-30,9:51:20.790859279,T,IBM,F I,5,311.28
2025-10-30,9:51:20.949465876,T,IBM,F I,12,311.48
2025-10-30,9:51:20.949489883,T,IBM,F I,22,311.48
2025-10-30,9:51:35.111377545,T,IBM,F I,20,311.69
2025-10-30,9:51:35.111380585,T,IBM,F,100,311.69
2025-10-30,9:51:35.111383460,T,IBM,F,171,311.7
2025-10-30,9:51:35.111386470,T,IBM,F,809,311.7
2025-10-30,9:51:35.111386470,T,IBM,F I,6,311.7
2025-10-30,9:51:35.111401583,T,IBM,I,45,311.59
2025-10-30,9:51:35.111401583,T,IBM,I,55,311.59
2025-10-30,9:51:35.111404593,T,IBM,F I,14,311.7
2025-10-30,9:51:35.111408022,T,IBM,F I,81,311.7
2025-10-30,9:51:35.111408022,T,IBM,I,1,311.7
2025-10-30,9:51:35.111410622,T,IBM,I,18,311.7
2025-10-30,9:51:35.111413619,T,IBM,F I,1,311.76
2025-10-30,9:51:35.111413619,T,IBM,F I,5,311.76
2025-10-30,9:51:35.821232513,T,IBM,,100,311.69
2025-10-30,9:51:35.898041302,T,IBM,,100,311.69
2025-10-30,9:51:38.791589817,T,IBM,F,100,311.755
2025-10-30,9:51:39.155510630,T,IBM,F,100,311.59
2025-10-30,9:51:39.155513230,T,IBM,F I,20,311.59
2025-10-30,9:51:39.155516095,T,IBM,F,100,311.59
2025-10-30,9:51:39.155516095,T,IBM,F I,40,311.59
2025-10-30,9:51:39.155564271,T,IBM,F I,50,311.59
2025-10-30,9:51:39.155567258,T,IBM,F I,20,311.59
2025-10-30,9:51:39.155567258,T,IBM,F I,10,311.59
2025-10-30,9:51:39.155714578,T,IBM,F,100,311.59
2025-10-30,9:51:39.155880381,T,IBM,F,100,311.59
2025-10-30,9:51:39.155880381,T,IBM,F I,25,311.65
2025-10-30,9:51:44.253621902,T,IBM,F I,5,311.75
2025-10-30,9:51:49.305408391,T,IBM,F I,22,312.0
2025-10-30,9:51:49.305937673,T,IBM,F I,21,311.96
2025-10-30,9:51:51.892515956,T,IBM,F I,5,311.99
2025-10-30,9:51:51.892515956,T,IBM,F I,25,311.98
2025-10-30,9:51:51.892518470,T,IBM,F I,41,311.98
2025-10-30,9:51:51.892521571,T,IBM,F I,95,311.98
2025-10-30,9:51:51.892693232,T,IBM,F I,5,311.98
2025-10-30,9:51:51.892693232,T,IBM,I,1,311.98
2025-10-30,9:51:51.892695907,T,IBM,I,29,311.98
2025-10-30,9:51:51.892698962,T,IBM,I,20,311.98
2025-10-30,9:51:51.893501889,T,IBM,F I,5,311.98
2025-10-30,9:51:54.524889275,T,IBM,F I,31,312.08
2025-10-30,9:51:54.524904350,T,IBM,I,1,312.08
2025-10-30,9:51:56.392611750,T,IBM,F I,20,312.14
2025-10-30,9:51:56.392611750,T,IBM,F I,7,312.15
2025-10-30,9:51:56.392635845,T,IBM,F,493,312.15
2025-10-30,9:51:56.392680937,T,IBM,,100,312.15
2025-10-30,9:52:00.212464536,T,IBM,F I,2,312.27
2025-10-30,9:52:00.212819431,T,IBM,I,13,312.2
2025-10-30,9:52:00.213234755,T,IBM,F,120,312.2
2025-10-30,9:52:00.213238510,T,IBM,F I,60,312.2
2025-10-30,9:52:00.213241166,T,IBM,F I,20,312.2
2025-10-30,9:52:00.213288543,T,IBM,I,6,312.15
2025-10-30,9:52:00.221089204,T,IBM,I,22,312.15
2025-10-30,9:52:00.221089204,T,IBM,I,78,312.13
2025-10-30,9:52:00.766043598,T,IBM,F I,17,311.92
2025-10-30,9:52:00.766043598,T,IBM,F I,27,311.92
2025-10-30,9:52:00.766062322,T,IBM,F I,27,311.92
2025-10-30,9:52:00.766068169,T,IBM,I,1,311.92
2025-10-30,9:52:00.766068169,T,IBM,I,72,311.92
2025-10-30,9:52:00.766070679,T,IBM,I,20,311.92
2025-10-30,9:52:00.766392438,T,IBM,F,100,311.85
2025-10-30,9:52:00.766392438,T,IBM,F I,12,311.85
2025-10-30,9:52:00.766395469,T,IBM,F I,35,311.85
2025-10-30,9:52:00.766395469,T,IBM,F I,74,311.85
2025-10-30,9:52:01.955068230,T,IBM,,100,311.81
2025-10-30,9:52:04.058786376,T,IBM,I,10,312.005
2025-10-30,9:52:04.192932762,T,IBM,I,90,312.07
2025-10-30,9:52:04.691468641,T,IBM,,100,312.13
2025-10-30,9:52:04.700363781,T,IBM,I,1,312.2
2025-10-30,9:52:04.702354960,T,IBM,I,45,312.22
2025-10-30,9:52:04.702357604,T,IBM,I,10,312.31
2025-10-30,9:52:06.723454264,T,IBM,I,5,312.38
2025-10-30,9:52:06.723454264,T,IBM,I,1,312.38
2025-10-30,9:52:06.723926288,T,IBM,I,6,312.4
2025-10-30,9:52:06.723977332,T,IBM,I,21,312.4
2025-10-30,9:52:06.723986637,T,IBM,,107,312.4
2025-10-30,9:52:10.377353812,T,IBM,I,11,312.255
2025-10-30,9:52:10.965701686,T,IBM,F I,50,312.12
2025-10-30,9:52:10.965701686,T,IBM,F I,21,312.1
2025-10-30,9:52:10.965704493,T,IBM,F I,50,312.1
2025-10-30,9:52:10.965719487,T,IBM,F I,50,312.1
2025-10-30,9:52:10.965746529,T,IBM,F,100,312.09
2025-10-30,9:52:12.148549748,T,IBM,F,100,311.96
2025-10-30,9:52:12.148549748,T,IBM,F I,15,311.95
2025-10-30,9:52:12.148615561,T,IBM,F,100,311.95
2025-10-30,9:52:12.149033635,T,IBM,F I,5,311.96
2025-10-30,9:52:19.800094188,T,IBM,F I,1,312.16
2025-10-30,9:52:24.329681752,T,IBM,I,5,312.23
2025-10-30,9:52:30.328269344,T,IBM,F I,5,312.29
2025-10-30,9:52:33.883407976,T,IBM,F I,12,312.45
2025-10-30,9:52:33.883735716,T,IBM,F I,6,312.48
2025-10-30,9:52:33.883753829,T,IBM,F I,32,312.49
2025-10-30,9:52:34.310944767,T,IBM,I,1,312.64
2025-10-30,9:52:43.394285197,T,IBM,I,26,312.565
2025-10-30,9:52:43.469223602,T,IBM,F I,12,312.44
2025-10-30,9:52:43.469226652,T,IBM,F I,57,312.43
2025-10-30,9:52:43.469241629,T,IBM,I,1,312.43
2025-10-30,9:52:43.469247667,T,IBM,I,11,312.43
2025-10-30,9:52:43.469247667,T,IBM,I,89,312.43
2025-10-30,9:52:43.469250761,T,IBM,I,1,312.43
2025-10-30,9:52:44.703085073,T,IBM,F,100,312.51
2025-10-30,9:52:46.030112045,T,IBM,F I,42,312.28
2025-10-30,9:52:46.030115531,T,IBM,F I,7,312.15
2025-10-30,9:52:46.030117278,T,IBM,F I,17,312.11
2025-10-30,9:52:46.030120215,T,IBM,F I,10,312.11
2025-10-30,9:52:46.030977343,T,IBM,F I,12,312.11
2025-10-30,9:52:46.042425558,T,IBM,I,45,312.23
2025-10-30,9:52:48.219292952,T,IBM,F I,75,312.27
2025-10-30,9:52:48.219292952,T,IBM,F I,50,312.25
2025-10-30,9:52:48.812723189,T,IBM,I,5,312.41
2025-10-30,9:52:48.812725683,T,IBM,I,5,312.44
2025-10-30,9:52:48.812728679,T,IBM,I,90,312.45
2025-10-30,9:52:48.813357274,T,IBM,,100,312.37
2025-10-30,9:52:51.370428783,T,IBM,F I,75,312.33
2025-10-30,9:52:51.448705153,T,IBM,I,5,312.43
2025-10-30,9:52:51.668564492,T,IBM,I,75,312.33
2025-10-30,9:52:51.668567498,T,IBM,,100,312.32
2025-10-30,9:52:51.668567498,T,IBM,I,5,312.29
2025-10-30,9:52:51.668570511,T,IBM,,200,312.29
2025-10-30,9:52:51.668594600,T,IBM,I,10,312.26
2025-10-30,9:52:51.771021477,T,IBM,F I,12,312.17
2025-10-30,9:52:55.904304458,T,IBM,I,13,312.05
2025-10-30,9:52:55.904442686,T,IBM,F I,12,312.04
2025-10-30,9:52:55.904442686,T,IBM,F,100,312.04
2025-10-30,9:52:56.822811087,T,IBM,F I,10,311.89
2025-10-30,9:52:59.569535144,T,IBM,F,100,311.83
2025-10-30,9:52:59.715472566,T,IBM,F I,1,311.76
2025-10-30,9:52:59.715863382,T,IBM,I,10,311.75
2025-10-30,9:52:59.822095219,T,IBM,I,12,311.81
2025-10-30,9:52:59.822095219,T,IBM,I,12,311.82
2025-10-30,9:52:59.822097344,T,IBM,I,76,311.83
2025-10-30,9:53:00.800022506,T,IBM,F,100,311.72
2025-10-30,9:53:00.800025465,T,IBM,F I,10,311.71
2025-10-30,9:53:00.800046595,T,IBM,F I,90,311.71
2025-10-30,9:53:00.800046595,T,IBM,F I,10,311.71
2025-10-30,9:53:00.800981845,T,IBM,F,100,311.69
2025-10-30,9:53:00.800981845,T,IBM,F I,8,311.69
2025-10-30,9:53:00.801059921,T,IBM,I,92,311.69
2025-10-30,9:53:00.802190723,T,IBM,F I,6,311.69
2025-10-30,9:53:00.810935882,T,IBM,I,5,311.81
2025-10-30,9:53:00.810938496,T,IBM,I,10,311.825
2025-10-30,9:53:04.598121452,T,IBM,F I,5,311.72
2025-10-30,9:53:11.006073679,T,IBM,F,100,311.7
2025-10-30,9:53:11.006073679,T,IBM,F I,55,311.69
2025-10-30,9:53:11.006091938,T,IBM,I,45,311.69
2025-10-30,9:53:11.006094739,T,IBM,I,55,311.69
2025-10-30,9:53:11.006678742,T,IBM,F,100,311.59
2025-10-30,9:53:11.006714241,T,IBM,F I,7,311.56
2025-10-30,9:53:11.006714241,T,IBM,F I,12,311.54
2025-10-30,9:53:15.288274176,T,IBM,,100,311.645
2025-10-30,9:53:16.523557946,T,IBM,F I,20,311.59
2025-10-30,9:53:16.523804624,T,IBM,F I,20,311.59
2025-10-30,9:53:16.523804624,T,IBM,F I,5,311.59
2025-10-30,9:53:16.523807579,T,IBM,F I,15,311.55
2025-10-30,9:53:16.524021703,T,IBM,,100,311.51
2025-10-30,9:53:16.524021703,T,IBM,I,19,311.5
2025-10-30,9:53:16.524024175,T,IBM,I,1,311.5
2025-10-30,9:53:16.524024175,T,IBM,I,45,311.5
2025-10-30,9:53:16.525190890,T,IBM,F I,60,311.49
2025-10-30,9:53:16.525190890,T,IBM,F I,5,311.49
2025-10-30,9:53:16.848854345,T,IBM,F,100,311.49
2025-10-30,9:53:18.532252985,T,IBM,F,100,311.38
2025-10-30,9:53:22.863121373,T,IBM,I,5,311.65
2025-10-30,9:53:33.125460628,T,IBM,F,100,311.65
2025-10-30,9:53:35.346560365,T,IBM,F I,41,311.78
2025-10-30,9:53:35.347330463,T,IBM,F I,59,311.78
2025-10-30,9:53:35.347333547,T,IBM,F I,2,311.78
2025-10-30,9:53:35.347384268,T,IBM,F I,4,311.79
2025-10-30,9:53:35.347396343,T,IBM,,100,311.78
2025-10-30,9:53:35.347414339,T,IBM,F I,1,311.79
2025-10-30,9:53:35.347417447,T,IBM,F I,3,311.79
2025-10-30,9:53:35.361430753,T,IBM,F I,87,311.96
2025-10-30,9:53:47.716867048,T,IBM,F I,10,312.0
2025-10-30,9:53:51.108076423,T,IBM,F I,6,312.12
2025-10-30,9:54:13.635222485,T,IBM,F I,6,312.36
2025-10-30,9:54:13.635225528,T,IBM,F I,5,312.36
2025-10-30,9:54:15.217054447,T,IBM,I,4,312.34
2025-10-30,9:54:16.112589257,T,IBM,F,100,312.34
2025-10-30,9:54:25.771701442,T,IBM,I,5,312.31
2025-10-30,9:54:25.771704463,T,IBM,I,45,312.345
2025-10-30,9:54:25.771707476,T,IBM,I,25,312.345
2025-10-30,9:54:32.540148891,T,IBM,F I,10,312.12
2025-10-30,9:54:36.268121611,T,IBM,I,4,312.38
2025-10-30,9:54:36.268124096,T,IBM,I,5,312.39
2025-10-30,9:54:36.268126996,T,IBM,I,5,312.39
2025-10-30,9:54:36.268126996,T,IBM,I,10,312.4
2025-10-30,9:54:45.207235186,T,IBM,F I,5,312.4
2025-10-30,9:54:45.207310332,T,IBM,F I,5,312.45
2025-10-30,9:54:53.100204100,T,IBM,I,5,312.35
2025-10-30,9:54:53.100204100,T,IBM,I,5,312.31
2025-10-30,9:54:53.100208233,T,IBM,I,5,312.3
2025-10-30,9:54:53.100209798,T,IBM,I,12,312.28
2025-10-30,9:54:53.100212768,T,IBM,I,73,312.2
2025-10-30,9:54:54.250800032,T,IBM,F I,5,312.26
2025-10-30,9:54:54.657464165,T,IBM,,110,312.33
2025-10-30,9:54:54.659902867,T,IBM,I,41,312.36
2025-10-30,9:55:00.943984374,T,IBM,F I,1,312.31
2025-10-30,9:55:02.002841224,T,IBM,F I,1,312.28
2025-10-30,9:55:03.540177129,T,IBM,F,100,312.27
2025-10-30,9:55:03.540177129,T,IBM,F I,1,312.26
2025-10-30,9:55:03.540182057,T,IBM,F,100,312.26
2025-10-30,9:55:03.540182057,T,IBM,F,100,312.18
2025-10-30,9:55:03.540182057,T,IBM,F I,5,312.15
2025-10-30,9:55:03.540185848,T,IBM,F,100,312.15
2025-10-30,9:55:03.540185848,T,IBM,F,100,312.14
2025-10-30,9:55:03.540188006,T,IBM,F I,22,312.13
2025-10-30,9:55:03.540191075,T,IBM,F I,32,312.1
2025-10-30,9:55:04.045011921,T,IBM,F I,2,312.18
2025-10-30,9:55:04.045011921,T,IBM,F I,5,312.16
2025-10-30,9:55:04.045014956,T,IBM,F I,2,312.11
2025-10-30,9:55:04.045017949,T,IBM,F I,1,312.1
2025-10-30,9:55:10.325743322,T,IBM,,110,312.3
2025-10-30,9:55:14.090105058,T,IBM,F,100,312.47
2025-10-30,9:55:14.090105058,T,IBM,F I,25,312.5
2025-10-30,9:55:14.090926075,T,IBM,F I,5,312.54
2025-10-30,9:55:14.090929104,T,IBM,F I,2,312.54
2025-10-30,9:55:14.090944074,T,IBM,F I,2,312.54
2025-10-30,9:55:27.820441921,T,IBM,,100,312.6
2025-10-30,9:55:27.820444925,T,IBM,I,85,312.6
2025-10-30,9:55:34.244272168,T,IBM,F I,5,312.44
2025-10-30,9:55:34.244275124,T,IBM,F I,2,312.39
2025-10-30,9:55:34.244275124,T,IBM,F I,3,312.38
2025-10-30,9:55:37.905434355,T,IBM,,110,312.55
2025-10-30,9:55:37.905434355,T,IBM,I,45,312.56
2025-10-30,9:55:37.905437869,T,IBM,I,5,312.59
2025-10-30,9:55:37.905437869,T,IBM,I,5,312.6
2025-10-30,9:55:37.905440178,T,IBM,I,99,312.61
2025-10-30,9:55:55.855497849,T,IBM,F I,1,312.21
2025-10-30,9:55:55.855500506,T,IBM,F I,1,312.16
2025-10-30,9:55:55.855503354,T,IBM,F I,40,312.16
2025-10-30,9:55:55.855503354,T,IBM,F I,29,312.16
2025-10-30,9:55:55.855521427,T,IBM,I,1,312.16
2025-10-30,9:55:55.855978474,T,IBM,F,100,312.11
2025-10-30,9:55:55.856002615,T,IBM,F I,10,312.09
2025-10-30,9:55:55.856002615,T,IBM,F I,95,312.08
2025-10-30,9:55:55.856026574,T,IBM,F I,5,312.08
2025-10-30,9:55:55.856038771,T,IBM,,100,312.11
2025-10-30,9:55:55.856363459,T,IBM,I,5,312.12
2025-10-30,9:55:55.856643105,T,IBM,F I,95,312.12
2025-10-30,9:55:55.856652143,T,IBM,F,100,312.07
2025-10-30,9:55:55.856718567,T,IBM,F I,1,312.06
2025-10-30,9:55:55.857055053,T,IBM,I,8,312.18
2025-10-30,9:55:55.857427919,T,IBM,F I,2,312.17
2025-10-30,9:55:55.857434024,T,IBM,I,12,312.12
2025-10-30,9:55:55.857491356,T,IBM,I,2,312.18
2025-10-30,9:55:55.857515255,T,IBM,I,1,312.15
2025-10-30,9:55:55.857578306,T,IBM,I,5,312.18
2025-10-30,9:55:55.857578306,T,IBM,I,10,312.18
2025-10-30,9:55:57.089948157,T,IBM,F I,20,312.06
2025-10-30,9:55:57.089966155,T,IBM,F I,79,312.06
2025-10-30,9:55:57.113061167,T,IBM,I,20,311.95
2025-10-30,9:56:07.391765479,T,IBM,I,11,312.02
2025-10-30,9:56:34.912585062,T,IBM,F I,2,312.05
2025-10-30,9:56:36.092850009,T,IBM,I,2,312.13
2025-10-30,9:56:36.092853015,T,IBM,F I,2,312.13
2025-10-30,9:56:36.092865019,T,IBM,F I,2,312.13
2025-10-30,9:56:36.092865019,T,IBM,F I,2,312.13
2025-10-30,9:56:36.092952206,T,IBM,F I,5,312.14
2025-10-30,9:56:52.458600692,T,IBM,F I,29,312.25
2025-10-30,9:56:52.458630837,T,IBM,F I,29,312.25
2025-10-30,9:56:52.458633826,T,IBM,F I,42,312.25
2025-10-30,9:56:52.458633826,T,IBM,F I,29,312.28
2025-10-30,9:56:52.458639778,T,IBM,F,100,312.28
2025-10-30,9:57:01.604953261,T,IBM,I,22,312.46
2025-10-30,9:57:01.993709711,T,IBM,F I,22,312.47
2025-10-30,9:57:01.993719033,T,IBM,F,100,312.47
2025-10-30,9:57:03.062902067,T,IBM,F I,5,312.53
2025-10-30,9:57:03.062905089,T,IBM,I,3,312.53
2025-10-30,9:57:06.885335206,T,IBM,F I,5,312.55
2025-10-30,9:57:07.670543507,T,IBM,I,5,312.38
2025-10-30,9:57:07.670547190,T,IBM,I,2,312.38
2025-10-30,9:57:07.670547190,T,IBM,I,5,312.38
2025-10-30,9:57:07.670549465,T,IBM,I,75,312.36
2025-10-30,9:57:13.259222492,T,IBM,F,100,312.15
2025-10-30,9:57:13.259240622,T,IBM,I,1,312.15
2025-10-30,9:57:13.259261909,T,IBM,I,99,312.15
2025-10-30,9:57:14.846596797,T,IBM,F I,6,312.05
2025-10-30,9:57:14.846608508,T,IBM,F I,70,312.0
2025-10-30,9:57:20.919235413,T,IBM,,100,311.81
2025-10-30,9:57:20.919590651,T,IBM,F,100,311.76
2025-10-30,9:57:20.919590651,T,IBM,F I,69,311.75
2025-10-30,9:57:20.919656418,T,IBM,F I,31,311.75
2025-10-30,9:57:21.061428960,T,IBM,F I,5,311.72
2025-10-30,9:57:21.499788540,T,IBM,I,5,311.71
2025-10-30,9:57:22.365339159,T,IBM,F,100,311.63
2025-10-30,9:57:22.607174965,T,IBM,I,5,311.75
2025-10-30,9:57:27.405488126,T,IBM,I,2,311.76
2025-10-30,9:57:28.238254761,T,IBM,F,100,311.8
2025-10-30,9:57:28.239072684,T,IBM,F I,23,311.89
2025-10-30,9:57:28.239081666,T,IBM,F I,18,311.9
2025-10-30,9:57:38.353477948,T,IBM,F,100,312.06
2025-10-30,9:57:44.116517867,T,IBM,I,45,312.035
2025-10-30,9:57:44.116617169,T,IBM,I,13,312.035
2025-10-30,9:57:46.323195358,T,IBM,I,3,312.03
2025-10-30,9:57:46.795451689,T,IBM,F I,45,311.76
2025-10-30,9:57:46.795451689,T,IBM,F I,42,311.74
2025-10-30,9:58:06.078012174,T,IBM,I,5,311.99
2025-10-30,9:58:06.078023418,T,IBM,I,5,311.99
2025-10-30,9:58:06.078324135,T,IBM,F I,5,312.0
2025-10-30,9:58:18.513125452,T,IBM,I,1,312.09
2025-10-30,9:58:33.652793848,T,IBM,I,7,312.36
2025-10-30,9:58:33.859815873,T,IBM,F I,20,312.33
2025-10-30,9:58:33.859815873,T,IBM,F I,21,312.41
2025-10-30,9:58:33.859834257,T,IBM,I,1,312.41
2025-10-30,9:58:33.859836729,T,IBM,I,19,312.41
2025-10-30,9:58:33.859839773,T,IBM,I,1,312.41
2025-10-30,9:58:33.859860995,T,IBM,F I,5,312.42
2025-10-30,9:58:33.860269744,T,IBM,I,45,312.46
2025-10-30,9:58:33.860732856,T,IBM,F I,31,312.48
2025-10-30,9:59:00.924187212,T,IBM,I,1,312.195
2025-10-30,9:59:00.934453543,T,IBM,F I,24,312.08
2025-10-30,9:59:00.956228392,T,IBM,I,76,312.08
2025-10-30,9:59:20.345957202,T,IBM,F I,5,312.4
2025-10-30,9:59:20.626928084,T,IBM,F I,12,312.48
2025-10-30,9:59:20.626931139,T,IBM,F I,7,312.48
2025-10-30,9:59:20.626982276,T,IBM,F I,8,312.54
2025-10-30,9:59:20.627006231,T,IBM,I,26,312.48
2025-10-30,9:59:20.627015338,T,IBM,I,74,312.48
2025-10-30,9:59:20.959474786,T,IBM,I,5,312.49
2025-10-30,9:59:36.032607288,T,IBM,F I,1,312.6
2025-10-30,9:59:36.032610039,T,IBM,F I,4,312.6
2025-10-30,9:59:36.032634161,T,IBM,F I,96,312.6
2025-10-30,9:59:36.032637047,T,IBM,F I,14,312.6
2025-10-30,9:59:36.037737286,T,IBM,F I,20,312.74
2025-10-30,9:59:46.113205525,T,IBM,F,100,312.6
2025-10-30,9:59:46.405853145,T,IBM,F I,1,312.47
2025-10-30,9:59:46.405856191,T,IBM,F,100,312.45
2025-10-30,9:59:46.405856191,T,IBM,F I,3,312.45
2025-10-30,9:59:46.406030600,T,IBM,,100,312.45
2025-10-30,9:59:46.406033666,T,IBM,I,30,312.455
2025-10-30,9:59:46.705381458,T,IBM,F,100,312.27
2025-10-30,9:59:47.331519906,T,IBM,F I,10,312.16
2025-10-30,9:59:47.331982995,T,IBM,I,30,312.16
2025-10-30,9:59:47.373376574,T,IBM,F I,5,312.23
2025-10-30,10:00:00.120810823,T,IBM,I,45,312.285
2025-10-30,10:00:01.974740196,T,IBM,F I,30,312.13
2025-10-30,10:00:01.974740196,T,IBM,F,100,312.13
2025-10-30,10:00:03.005452231,T,IBM,F I,33,312.07
2025-10-30,10:00:03.624175807,T,IBM,I,45,312.19
2025-10-30,10:00:03.624175807,T,IBM,I,30,312.195
2025-10-30,10:00:03.624178182,T,IBM,I,25,312.195
2025-10-30,10:00:07.247125182,T,IBM,I,33,312.08
2025-10-30,10:00:10.103797097,T,IBM,I,33,312.07
2025-10-30,10:00:10.179908394,T,IBM,I,2,312.03
2025-10-30,10:00:10.179908394,T,IBM,I,31,312.03
2025-10-30,10:00:10.179932328,T,IBM,I,1,312.03
2025-10-30,10:00:10.180870553,T,IBM,I,10,312.01
2025-10-30,10:00:10.383087060,T,IBM,F I,2,311.91
2025-10-30,10:00:10.383089963,T,IBM,F,100,311.88
2025-10-30,10:00:10.383093007,T,IBM,F I,8,311.88
2025-10-30,10:00:10.383589311,T,IBM,I,10,311.87
2025-10-30,10:00:10.383592178,T,IBM,,100,311.87
2025-10-30,10:00:10.434777011,T,IBM,I,20,311.86
2025-10-30,10:00:10.441236590,T,IBM,I,18,311.95
2025-10-30,10:00:10.441240049,T,IBM,I,50,312.02
2025-10-30,10:00:10.441242510,T,IBM,I,7,312.03
2025-10-30,10:00:10.441242510,T,IBM,I,8,312.03
2025-10-30,10:00:10.441245447,T,IBM,I,17,312.05
2025-10-30,10:00:10.870066416,T,IBM,I,30,312.13
2025-10-30,10:00:10.870066416,T,IBM,I,45,312.13
2025-10-30,10:00:10.870093291,T,IBM,F I,25,312.13
2025-10-30,10:00:13.108953362,T,IBM,I,1,312.14
2025-10-30,10:00:13.113809946,T,IBM,F I,99,312.14
2025-10-30,10:00:17.727540661,T,IBM,I,30,312.13
2025-10-30,10:00:17.727564803,T,IBM,F I,70,312.14
