DATE,TIME_M,EX,SYM_ROOT,TR_SCOND,SIZE,PRICE
2025-12-17,9:30:01.249809602,T,IBM,F I,5,303.59
2025-12-17,9:30:01.249821697,T,IBM,Q,5,303.59
2025-12-17,9:30:01.344754854,T,IBM,I,1,303.675
2025-12-17,9:30:01.344754854,T,IBM,I,20,303.675
2025-12-17,9:30:01.344757634,T,IBM,I,5,303.675
2025-12-17,9:30:01.614418645,T,IBM,F I,5,303.58
2025-12-17,9:30:01.614532849,T,IBM,F I,5,303.56
2025-12-17,9:30:02.050282269,T,IBM,F I,2,303.28
2025-12-17,9:30:02.767865456,T,IBM,I,36,303.5
2025-12-17,9:30:05.273706841,T,IBM,I,1,303.5
2025-12-17,9:30:05.519265376,T,IBM,,40,303.38
2025-12-17,9:30:05.843298742,T,IBM,I,1,303.5
2025-12-17,9:30:05.906148348,T,IBM,,62,303.5
2025-12-17,9:30:12.108879608,T,IBM,,40,303.5
2025-12-17,9:30:16.358918213,T,IBM,I,5,303.54
2025-12-17,9:30:21.584527424,T,IBM,I,7,303.56
2025-12-17,9:30:21.584527424,T,IBM,I,5,303.73
2025-12-17,9:30:21.589558934,T,IBM,F I,7,303.8
2025-12-17,9:30:21.589585414,T,IBM,I,5,303.8
2025-12-17,9:30:21.589600455,T,IBM,F I,4,303.8
2025-12-17,9:30:21.601066777,T,IBM,I,5,304.13
2025-12-17,9:30:23.490858637,T,IBM,I,20,304.39
2025-12-17,9:30:26.952047498,T,IBM,F I,5,304.29
2025-12-17,9:30:44.315575645,T,IBM,I,2,303.94
2025-12-17,9:30:44.315584363,T,IBM,I,2,303.95
2025-12-17,9:30:44.315665514,T,IBM,I,1,303.9
2025-12-17,9:30:44.315668527,T,IBM,I,1,303.9
2025-12-17,9:30:44.315743704,T,IBM,F,56,303.9
2025-12-17,9:30:50.950444265,T,IBM,F I,16,303.69
2025-12-17,9:30:50.950462330,T,IBM,I,16,303.69
2025-12-17,9:31:01.776646097,T,IBM,I,15,303.95
2025-12-17,9:31:01.776671127,T,IBM,F I,20,303.95
2025-12-17,9:31:01.776673202,T,IBM,F I,1,303.95
2025-12-17,9:31:01.776676248,T,IBM,F,55,303.96
2025-12-17,9:31:01.776679175,T,IBM,F I,25,303.96
2025-12-17,9:31:01.776679175,T,IBM,F,123,303.96
2025-12-17,9:31:01.776730218,T,IBM,,100,303.96
2025-12-17,9:31:01.778140614,T,IBM,F I,12,303.96
2025-12-17,9:31:02.635995784,T,IBM,F I,35,304.18
2025-12-17,9:31:02.635995784,T,IBM,F I,2,304.18
2025-12-17,9:31:02.636002565,T,IBM,F,309,304.2
2025-12-17,9:31:02.636004801,T,IBM,F,40,304.2
2025-12-17,9:31:02.636007853,T,IBM,F,40,304.2
2025-12-17,9:31:02.636007853,T,IBM,F I,20,304.2
2025-12-17,9:31:02.636019846,T,IBM,F,591,304.2
2025-12-17,9:31:02.636043968,T,IBM,F I,2,304.21
2025-12-17,9:31:02.636052991,T,IBM,F I,20,304.22
2025-12-17,9:31:02.646656240,T,IBM,I,5,304.13
2025-12-17,9:31:02.646683251,T,IBM,F I,25,304.125
2025-12-17,9:31:02.646761616,T,IBM,I,28,304.11
2025-12-17,9:31:02.646761616,T,IBM,I,9,304.11
2025-12-17,9:31:02.933734692,T,IBM,F I,25,304.04
2025-12-17,9:31:02.933785680,T,IBM,F I,25,304.04
2025-12-17,9:31:02.933824821,T,IBM,F I,25,304.04
2025-12-17,9:31:02.933860929,T,IBM,F I,25,304.04
2025-12-17,9:31:12.951031708,T,IBM,F I,25,304.2
2025-12-17,9:31:47.086284534,T,IBM,F I,5,304.18
2025-12-17,9:31:47.086284534,T,IBM,F I,20,304.19
2025-12-17,9:31:47.086288107,T,IBM,F I,24,304.2
2025-12-17,9:31:47.086288107,T,IBM,F I,16,304.2
2025-12-17,9:31:47.086290501,T,IBM,F I,2,304.2
2025-12-17,9:31:47.362669486,T,IBM,,40,304.425
2025-12-17,9:31:54.629703276,T,IBM,I,5,304.385
2025-12-17,9:32:04.655134812,T,IBM,F I,5,304.24
2025-12-17,9:32:04.655134812,T,IBM,F I,2,304.23
2025-12-17,9:32:04.655243141,T,IBM,I,20,304.23
2025-12-17,9:32:04.655243141,T,IBM,I,15,304.23
2025-12-17,9:32:04.655483591,T,IBM,F I,7,304.22
2025-12-17,9:32:08.612146845,T,IBM,I,3,304.21
2025-12-17,9:32:08.674731819,T,IBM,F I,25,304.39
2025-12-17,9:32:08.674734807,T,IBM,F I,2,304.42
2025-12-17,9:32:08.674743961,T,IBM,F,40,304.44
2025-12-17,9:32:08.674746855,T,IBM,F I,4,304.44
2025-12-17,9:32:08.674746855,T,IBM,F,49,304.45
2025-12-17,9:32:08.674782936,T,IBM,,51,304.45
2025-12-17,9:32:08.674785936,T,IBM,,75,304.46
2025-12-17,9:32:08.674785936,T,IBM,,82,304.46
2025-12-17,9:32:08.674803949,T,IBM,F,51,304.46
2025-12-17,9:32:08.675230997,T,IBM,I,7,304.48
2025-12-17,9:32:08.679765782,T,IBM,I,25,304.525
2025-12-17,9:32:19.236201422,T,IBM,F I,18,304.56
2025-12-17,9:32:27.385439418,T,IBM,F I,1,304.4
2025-12-17,9:32:34.234532213,T,IBM,F I,18,304.38
2025-12-17,9:32:34.234577479,T,IBM,F,40,304.38
2025-12-17,9:32:56.303728100,T,IBM,F I,5,304.44
2025-12-17,9:33:01.377668064,T,IBM,I,5,304.355
2025-12-17,9:33:25.961137253,T,IBM,I,3,304.355
2025-12-17,9:33:40.456710629,T,IBM,F I,1,304.36
2025-12-17,9:33:47.240157150,T,IBM,F I,2,304.48
2025-12-17,9:33:48.421934538,T,IBM,I,32,304.31
2025-12-17,9:33:48.421934538,T,IBM,I,8,304.31
2025-12-17,9:33:48.421967533,T,IBM,I,3,304.305
2025-12-17,9:34:05.662769803,T,IBM,F I,5,304.29
2025-12-17,9:34:05.819154119,T,IBM,I,2,304.2
2025-12-17,9:34:23.923576448,T,IBM,I,3,304.2
2025-12-17,9:34:39.532156026,T,IBM,I,2,304.18
2025-12-17,9:34:44.678658832,T,IBM,,40,304.29
2025-12-17,9:34:44.678661794,T,IBM,,60,304.29
2025-12-17,9:34:50.677769391,T,IBM,I,7,304.18
2025-12-17,9:34:50.677805498,T,IBM,F I,25,304.18
2025-12-17,9:34:50.678364851,T,IBM,F I,1,304.16
2025-12-17,9:34:50.678545227,T,IBM,F I,16,304.16
2025-12-17,9:34:50.678549045,T,IBM,F,65,304.14
2025-12-17,9:34:50.678549045,T,IBM,F I,12,304.14
2025-12-17,9:34:50.678563325,T,IBM,I,1,304.14
2025-12-17,9:34:50.678581318,T,IBM,F I,2,304.14
2025-12-17,9:34:50.678867046,T,IBM,I,5,304.18
2025-12-17,9:34:50.678870078,T,IBM,F I,4,304.14
2025-12-17,9:34:59.906159205,T,IBM,I,3,304.19
2025-12-17,9:35:00.128295057,T,IBM,I,26,304.35
2025-12-17,9:35:17.738701433,T,IBM,F I,18,304.14
2025-12-17,9:35:17.738704383,T,IBM,F I,6,304.14
2025-12-17,9:35:17.738704383,T,IBM,F I,9,304.14
2025-12-17,9:35:17.738725364,T,IBM,I,24,304.14
2025-12-17,9:35:17.738732298,T,IBM,F I,7,304.14
2025-12-17,9:35:17.738732298,T,IBM,F I,2,304.14
2025-12-17,9:35:17.738732298,T,IBM,I,1,304.14
2025-12-17,9:35:17.738734512,T,IBM,F I,16,304.13
2025-12-17,9:35:17.964968870,T,IBM,F I,3,304.1
2025-12-17,9:35:17.964971884,T,IBM,F I,20,304.1
2025-12-17,9:35:17.965119143,T,IBM,F I,7,304.08
2025-12-17,9:35:17.965477022,T,IBM,I,8,304.08
2025-12-17,9:35:17.965477022,T,IBM,I,4,304.08
2025-12-17,9:35:19.517408529,T,IBM,F I,18,304.18
2025-12-17,9:35:19.517411542,T,IBM,F,40,304.21
2025-12-17,9:35:19.517414962,T,IBM,F I,5,304.23
2025-12-17,9:35:19.517414962,T,IBM,F,44,304.23
2025-12-17,9:35:19.517417961,T,IBM,F I,1,304.24
2025-12-17,9:35:19.517417961,T,IBM,F I,26,304.24
2025-12-17,9:35:19.517456874,T,IBM,F,40,304.25
2025-12-17,9:35:19.517459668,T,IBM,F,78,304.25
2025-12-17,9:35:19.517459668,T,IBM,F I,3,304.25
2025-12-17,9:35:19.517463000,T,IBM,F I,13,304.25
2025-12-17,9:35:19.517480704,T,IBM,I,1,304.25
2025-12-17,9:35:19.517486863,T,IBM,I,3,304.25
2025-12-17,9:35:19.517490577,T,IBM,I,2,304.25
2025-12-17,9:35:19.517490577,T,IBM,I,9,304.25
2025-12-17,9:35:19.517493385,T,IBM,I,2,304.25
2025-12-17,9:35:19.568639426,T,IBM,F,60,304.34
2025-12-17,9:35:19.568639426,T,IBM,F I,20,304.35
2025-12-17,9:35:19.568641888,T,IBM,F,80,304.36
2025-12-17,9:35:19.568641888,T,IBM,F,80,304.36
2025-12-17,9:35:19.568644643,T,IBM,,40,304.36
2025-12-17,9:35:19.568647658,T,IBM,,40,304.36
2025-12-17,9:35:19.568647658,T,IBM,I,5,304.36
2025-12-17,9:35:23.107006734,T,IBM,I,4,304.185
2025-12-17,9:35:25.152165568,T,IBM,F I,2,304.39
2025-12-17,9:35:25.152171645,T,IBM,F I,5,304.39
2025-12-17,9:35:25.152830154,T,IBM,F I,2,304.42
2025-12-17,9:35:25.152839351,T,IBM,F I,5,304.42
2025-12-17,9:35:25.152843113,T,IBM,F I,27,304.45
2025-12-17,9:35:25.152843113,T,IBM,F I,5,304.45
2025-12-17,9:35:25.152863569,T,IBM,I,1,304.45
2025-12-17,9:35:25.152863569,T,IBM,F I,7,304.45
2025-12-17,9:35:53.925641262,T,IBM,F I,5,304.42
2025-12-17,9:35:53.925641262,T,IBM,F I,13,304.42
2025-12-17,9:35:53.925644242,T,IBM,I,5,304.45
2025-12-17,9:36:03.287019787,T,IBM,I,17,304.38
2025-12-17,9:36:03.287025736,T,IBM,F I,18,304.38
2025-12-17,9:36:03.289717134,T,IBM,I,9,304.45
2025-12-17,9:36:06.406940896,T,IBM,F I,8,304.41
2025-12-17,9:36:06.406962055,T,IBM,F I,24,304.41
2025-12-17,9:36:06.406962055,T,IBM,F I,13,304.41
2025-12-17,9:36:06.406976985,T,IBM,F,40,304.4
2025-12-17,9:36:06.407010134,T,IBM,F I,1,304.4
2025-12-17,9:36:06.407019085,T,IBM,F,40,304.4
2025-12-17,9:36:06.407022129,T,IBM,F I,20,304.4
2025-12-17,9:36:06.407032048,T,IBM,F,59,304.4
2025-12-17,9:36:06.407034189,T,IBM,F,40,304.4
2025-12-17,9:36:06.407034189,T,IBM,F I,1,304.4
2025-12-17,9:36:22.275089451,T,IBM,F I,25,304.22
2025-12-17,9:36:26.314515680,T,IBM,F I,2,304.12
2025-12-17,9:36:26.314545698,T,IBM,F I,3,304.1
2025-12-17,9:36:26.315438880,T,IBM,F I,1,304.0
2025-12-17,9:36:28.130298965,T,IBM,F,44,304.11
2025-12-17,9:36:28.130301350,T,IBM,F I,20,304.11
2025-12-17,9:36:28.130305194,T,IBM,F I,3,304.12
2025-12-17,9:36:28.130305194,T,IBM,F I,1,304.12
2025-12-17,9:36:28.130307624,T,IBM,F I,8,304.12
2025-12-17,9:36:28.130307624,T,IBM,F,114,304.12
2025-12-17,9:36:28.130310419,T,IBM,F,40,304.12
2025-12-17,9:36:31.208597509,T,IBM,F I,25,304.22
2025-12-17,9:36:41.507325647,T,IBM,I,3,304.16
2025-12-17,9:36:54.255134713,T,IBM,I,27,304.17
2025-12-17,9:36:54.255276013,T,IBM,F I,7,304.17
2025-12-17,9:36:54.255733238,T,IBM,F I,6,304.17
2025-12-17,9:36:54.255733238,T,IBM,F I,1,304.23
2025-12-17,9:36:54.255751108,T,IBM,F I,7,304.23
2025-12-17,9:36:54.255766108,T,IBM,I,7,304.23
2025-12-17,9:36:57.147281768,T,IBM,F I,1,304.17
2025-12-17,9:36:57.178922998,T,IBM,F I,25,304.17
2025-12-17,9:37:01.075794703,T,IBM,I,17,304.22
2025-12-17,9:37:01.075797800,T,IBM,I,7,304.24
2025-12-17,9:37:01.075875888,T,IBM,F I,4,304.24
2025-12-17,9:37:14.012240080,T,IBM,,40,304.23
2025-12-17,9:37:29.011172357,T,IBM,F I,4,304.38
2025-12-17,9:37:29.011175214,T,IBM,F I,1,304.38
2025-12-17,9:37:29.011178706,T,IBM,F I,10,304.38
2025-12-17,9:37:29.011181920,T,IBM,F,40,304.38
2025-12-17,9:37:29.011196327,T,IBM,I,5,304.39
2025-12-17,9:37:29.011226522,T,IBM,F I,5,304.41
2025-12-17,9:37:29.011233451,T,IBM,F I,2,304.41
2025-12-17,9:37:29.011238377,T,IBM,I,5,304.38
2025-12-17,9:37:29.011262423,T,IBM,I,10,304.38
2025-12-17,9:37:29.011427813,T,IBM,F I,6,304.42
2025-12-17,9:37:29.011430780,T,IBM,F I,6,304.42
2025-12-17,9:37:29.012197662,T,IBM,I,20,304.51
2025-12-17,9:37:29.012976551,T,IBM,F,83,304.67
2025-12-17,9:37:29.013006609,T,IBM,F,40,304.67
2025-12-17,9:37:29.013437367,T,IBM,I,20,304.66
2025-12-17,9:37:29.013439747,T,IBM,,86,304.67
2025-12-17,9:37:29.013439747,T,IBM,,54,304.67
2025-12-17,9:37:29.022644494,T,IBM,I,1,304.6
2025-12-17,9:37:29.022683567,T,IBM,F I,10,304.6
2025-12-17,9:37:29.044184764,T,IBM,,80,304.56
2025-12-17,9:37:29.044184764,T,IBM,I,20,304.56
2025-12-17,9:37:43.724084481,T,IBM,F,100,304.57
2025-12-17,9:37:46.147033419,T,IBM,F,88,304.63
2025-12-17,9:37:46.147036370,T,IBM,F I,5,304.63
2025-12-17,9:37:46.147054422,T,IBM,F I,4,304.64
2025-12-17,9:37:50.024160211,T,IBM,I,1,304.6
2025-12-17,9:37:53.651491513,T,IBM,I,20,304.73
2025-12-17,9:37:53.651491513,T,IBM,I,20,304.74
2025-12-17,9:37:53.651509465,T,IBM,F I,20,304.74
2025-12-17,9:38:00.446626701,T,IBM,F I,25,304.81
2025-12-17,9:38:01.105119408,T,IBM,F I,25,304.86
2025-12-17,9:38:18.283604252,T,IBM,F I,9,304.77
2025-12-17,9:38:22.146940808,T,IBM,I,20,304.9
2025-12-17,9:38:22.146940808,T,IBM,I,33,304.91
2025-12-17,9:38:22.146946373,T,IBM,I,21,304.91
2025-12-17,9:38:22.146946373,T,IBM,F I,19,304.91
2025-12-17,9:38:22.146946373,T,IBM,F I,1,304.91
2025-12-17,9:38:22.146949084,T,IBM,F I,5,304.91
2025-12-17,9:38:22.147376145,T,IBM,F I,7,304.94
2025-12-17,9:38:22.148563910,T,IBM,F,78,304.99
2025-12-17,9:38:22.170028978,T,IBM,,40,304.95
2025-12-17,9:38:22.171292194,T,IBM,F I,8,304.88
2025-12-17,9:38:22.171295279,T,IBM,F I,13,304.88
2025-12-17,9:38:22.171295279,T,IBM,F I,1,304.88
2025-12-17,9:38:22.171310120,T,IBM,I,17,304.88
2025-12-17,9:38:22.171310120,T,IBM,I,1,304.88
2025-12-17,9:38:22.960671336,T,IBM,F I,25,304.9
2025-12-17,9:38:22.960749828,T,IBM,F I,25,304.9
2025-12-17,9:38:22.960770380,T,IBM,F I,25,304.9
2025-12-17,9:38:22.961880038,T,IBM,F I,18,304.87
2025-12-17,9:38:22.962267940,T,IBM,F I,18,304.78
2025-12-17,9:38:22.962307042,T,IBM,F I,25,304.76
2025-12-17,9:38:22.962343223,T,IBM,F I,15,304.76
2025-12-17,9:38:22.962346142,T,IBM,F I,10,304.75
2025-12-17,9:38:22.962382278,T,IBM,F I,25,304.75
2025-12-17,9:38:22.962415349,T,IBM,F I,5,304.75
2025-12-17,9:38:22.962418387,T,IBM,F I,20,304.74
2025-12-17,9:38:22.962451390,T,IBM,F I,25,304.73
2025-12-17,9:38:22.962484520,T,IBM,F I,15,304.73
2025-12-17,9:38:26.283443465,T,IBM,F I,18,304.75
2025-12-17,9:38:26.297165278,T,IBM,I,27,304.65
2025-12-17,9:38:26.297270408,T,IBM,I,17,304.65
2025-12-17,9:38:26.297652307,T,IBM,F,40,304.64
2025-12-17,9:38:26.297655220,T,IBM,F I,27,304.64
2025-12-17,9:38:26.297673372,T,IBM,I,1,304.65
2025-12-17,9:38:29.531824500,T,IBM,F I,1,304.73
2025-12-17,9:38:29.531827417,T,IBM,F I,1,304.73
2025-12-17,9:38:29.531857592,T,IBM,F I,37,304.73
2025-12-17,9:38:29.531860497,T,IBM,F I,1,304.73
2025-12-17,9:38:29.531890588,T,IBM,F I,1,304.74
2025-12-17,9:38:43.011218228,T,IBM,F I,8,304.84
2025-12-17,9:38:52.046488079,T,IBM,I,20,304.71
2025-12-17,9:38:53.926735189,T,IBM,F,40,304.65
2025-12-17,9:38:53.926795378,T,IBM,F,40,304.64
2025-12-17,9:38:56.075921408,T,IBM,F I,5,304.66
2025-12-17,9:38:58.639939251,T,IBM,I,1,304.66
2025-12-17,9:39:12.870172545,T,IBM,F I,2,304.8
2025-12-17,9:39:12.870241728,T,IBM,F I,2,304.8
2025-12-17,9:39:12.870259745,T,IBM,I,5,304.82
2025-12-17,9:39:18.026228921,T,IBM,I,3,304.765
2025-12-17,9:39:19.241214397,T,IBM,F I,5,304.78
2025-12-17,9:39:49.194710969,T,IBM,I,25,304.675
2025-12-17,9:39:51.197087759,T,IBM,F,60,304.66
2025-12-17,9:39:51.203327671,T,IBM,,90,304.66
2025-12-17,9:39:58.509719048,T,IBM,I,11,304.58
2025-12-17,9:40:00.016491994,T,IBM,F I,3,304.51
2025-12-17,9:40:00.016531019,T,IBM,F I,11,304.51
2025-12-17,9:40:00.016549151,T,IBM,F I,1,304.5
2025-12-17,9:40:00.016558122,T,IBM,F I,5,304.5
2025-12-17,9:40:00.016681444,T,IBM,F I,1,304.49
2025-12-17,9:40:00.017132455,T,IBM,I,2,304.49
2025-12-17,9:40:00.017484322,T,IBM,F I,2,304.48
2025-12-17,9:40:00.214835138,T,IBM,F,40,304.31
2025-12-17,9:40:01.152506454,T,IBM,I,1,304.25
2025-12-17,9:40:01.153946929,T,IBM,F I,14,304.33
2025-12-17,9:40:02.445668800,T,IBM,I,1,304.355
2025-12-17,9:40:11.151790334,T,IBM,I,1,304.35
2025-12-17,9:40:15.318608861,T,IBM,F I,25,304.35
2025-12-17,9:40:32.136832740,T,IBM,I,2,304.32
2025-12-17,9:40:32.639184544,T,IBM,F I,8,304.37
2025-12-17,9:40:32.639740850,T,IBM,F I,1,304.38
2025-12-17,9:40:32.639740850,T,IBM,F I,7,304.38
2025-12-17,9:40:35.231656105,T,IBM,F I,25,304.34
2025-12-17,9:40:36.263324999,T,IBM,I,20,304.27
2025-12-17,9:40:39.429770001,T,IBM,F I,16,304.17
2025-12-17,9:40:39.429773346,T,IBM,F I,29,304.17
2025-12-17,9:40:39.429773346,T,IBM,F I,1,304.16
2025-12-17,9:40:39.429778966,T,IBM,F,52,304.15
2025-12-17,9:40:39.429778966,T,IBM,F I,8,304.15
2025-12-17,9:40:39.429788010,T,IBM,F I,10,304.15
2025-12-17,9:40:39.429962421,T,IBM,F I,5,304.13
2025-12-17,9:40:39.429992479,T,IBM,F I,5,304.13
2025-12-17,9:40:54.233741934,T,IBM,F I,20,304.26
2025-12-17,9:40:54.233748536,T,IBM,F I,2,304.26
2025-12-17,9:40:54.233748536,T,IBM,F I,20,304.27
2025-12-17,9:40:54.233750904,T,IBM,F I,38,304.28
2025-12-17,9:40:54.233753932,T,IBM,F I,2,304.28
2025-12-17,9:40:57.878743024,T,IBM,I,5,304.34
2025-12-17,9:40:57.880691738,T,IBM,F I,1,304.42
2025-12-17,9:40:57.931365301,T,IBM,I,3,304.49
2025-12-17,9:40:59.065794940,T,IBM,,48,304.69
2025-12-17,9:40:59.065797959,T,IBM,F,52,304.69
2025-12-17,9:40:59.065797959,T,IBM,F I,7,304.7
2025-12-17,9:40:59.065809899,T,IBM,F I,23,304.7
2025-12-17,9:40:59.065830961,T,IBM,I,1,304.7
2025-12-17,9:41:00.349529930,T,IBM,F I,17,304.69
2025-12-17,9:41:00.392802920,T,IBM,I,17,304.7
2025-12-17,9:41:13.484802419,T,IBM,I,1,304.71
2025-12-17,9:41:39.515310987,T,IBM,F,100,304.855
2025-12-17,9:41:39.515313576,T,IBM,F I,15,304.855
2025-12-17,9:41:39.515313576,T,IBM,F I,5,304.855
2025-12-17,9:41:39.515316429,T,IBM,F I,5,304.855
2025-12-17,9:41:39.515319507,T,IBM,F I,35,304.855
2025-12-17,9:41:41.271139314,T,IBM,F I,5,304.72
2025-12-17,9:41:41.271536244,T,IBM,,57,304.72
2025-12-17,9:41:41.280957757,T,IBM,I,11,304.71
2025-12-17,9:41:41.280981737,T,IBM,F I,39,304.71
2025-12-17,9:41:41.280984778,T,IBM,F I,7,304.71
2025-12-17,9:41:41.281005824,T,IBM,I,1,304.71
2025-12-17,9:41:41.281005824,T,IBM,I,32,304.71
2025-12-17,9:41:41.281009205,T,IBM,F I,7,304.71
2025-12-17,9:41:41.281009205,T,IBM,F I,10,304.71
2025-12-17,9:41:41.281312589,T,IBM,I,10,304.71
2025-12-17,9:41:41.409047646,T,IBM,I,33,304.79
2025-12-17,9:41:41.409147518,T,IBM,F I,31,304.8
2025-12-17,9:41:41.409149964,T,IBM,F I,2,304.8
2025-12-17,9:41:55.257540540,T,IBM,F I,1,304.95
2025-12-17,9:41:55.258093379,T,IBM,F I,20,304.99
2025-12-17,9:41:55.258096326,T,IBM,F,60,305.0
2025-12-17,9:41:55.258114556,T,IBM,I,1,305.0
2025-12-17,9:41:55.258123426,T,IBM,I,19,305.0
2025-12-17,9:41:56.731270322,T,IBM,F,40,305.14
2025-12-17,9:41:57.342894061,T,IBM,I,5,305.06
2025-12-17,9:41:57.342896691,T,IBM,I,2,305.06
2025-12-17,9:41:57.342899370,T,IBM,,93,305.055
2025-12-17,9:41:57.753406604,T,IBM,I,18,305.17
2025-12-17,9:41:57.753406604,T,IBM,I,23,305.19
2025-12-17,9:41:57.753473530,T,IBM,F I,6,305.2
2025-12-17,9:41:57.753475767,T,IBM,F I,33,305.2
2025-12-17,9:41:57.753478823,T,IBM,F I,2,305.2
2025-12-17,9:41:57.798838801,T,IBM,I,11,305.22
2025-12-17,9:41:58.016048819,T,IBM,F I,18,305.3
2025-12-17,9:41:58.016505969,T,IBM,F I,24,305.37
2025-12-17,9:41:58.016538995,T,IBM,F I,36,305.37
2025-12-17,9:41:58.016566119,T,IBM,F,40,305.37
2025-12-17,9:42:01.371096879,T,IBM,I,8,305.2
2025-12-17,9:42:07.941125109,T,IBM,I,18,305.09
2025-12-17,9:42:08.211002627,T,IBM,,40,305.07
2025-12-17,9:42:08.211901750,T,IBM,I,11,305.07
2025-12-17,9:42:08.212166372,T,IBM,F I,12,305.07
2025-12-17,9:42:08.212178358,T,IBM,I,12,305.07
2025-12-17,9:42:08.212226580,T,IBM,,75,305.07
2025-12-17,9:42:08.212232577,T,IBM,I,11,305.06
2025-12-17,9:42:08.212235958,T,IBM,I,14,305.06
2025-12-17,9:42:08.212235958,T,IBM,F I,6,305.06
2025-12-17,9:42:08.212238532,T,IBM,F I,2,305.05
2025-12-17,9:42:08.212265596,T,IBM,I,11,305.08
2025-12-17,9:42:08.229277058,T,IBM,I,9,305.1
2025-12-17,9:42:08.229301186,T,IBM,F I,15,305.06
2025-12-17,9:42:17.364360461,T,IBM,F I,3,305.03
2025-12-17,9:42:21.663887810,T,IBM,F I,20,304.98
2025-12-17,9:42:40.711559500,T,IBM,F I,20,304.98
2025-12-17,9:42:40.711566156,T,IBM,,40,304.91
2025-12-17,9:42:40.711566156,T,IBM,I,10,304.91
2025-12-17,9:42:40.711583763,T,IBM,I,20,304.91
2025-12-17,9:42:40.711587581,T,IBM,F,42,304.9
2025-12-17,9:42:40.711589774,T,IBM,F I,34,304.9
2025-12-17,9:42:41.140172880,T,IBM,I,1,304.77
2025-12-17,9:42:41.140175865,T,IBM,I,4,304.77
2025-12-17,9:42:46.906586278,T,IBM,F I,5,304.9
2025-12-17,9:42:46.906691899,T,IBM,F I,5,304.9
2025-12-17,9:42:46.906694481,T,IBM,I,1,304.9
2025-12-17,9:42:46.906697479,T,IBM,I,10,304.9
2025-12-17,9:42:46.906700836,T,IBM,I,3,304.9
2025-12-17,9:42:46.906703501,T,IBM,F I,5,304.91
2025-12-17,9:43:03.728734642,T,IBM,F I,6,304.84
2025-12-17,9:43:05.734371252,T,IBM,,40,304.8
2025-12-17,9:43:05.734374245,T,IBM,I,1,304.8
2025-12-17,9:43:05.734377187,T,IBM,I,7,304.8
2025-12-17,9:43:05.734392196,T,IBM,F I,38,304.79
2025-12-17,9:43:06.021034722,T,IBM,,100,304.695
2025-12-17,9:43:06.042767341,T,IBM,I,3,304.695
2025-12-17,9:43:10.343521659,T,IBM,F I,18,304.71
2025-12-17,9:43:17.991532170,T,IBM,I,4,304.665
2025-12-17,9:43:25.821593205,T,IBM,I,20,304.7
2025-12-17,9:43:25.821593205,T,IBM,I,5,304.67
2025-12-17,9:43:25.821596174,T,IBM,I,15,304.65
2025-12-17,9:43:28.478249472,T,IBM,F I,20,304.63
2025-12-17,9:43:43.982582750,T,IBM,F I,1,304.55
2025-12-17,9:43:43.987039352,T,IBM,,60,304.485
2025-12-17,9:43:52.246582855,T,IBM,I,2,304.4
2025-12-17,9:43:52.246600878,T,IBM,F I,3,304.4
2025-12-17,9:43:52.246612905,T,IBM,I,12,304.39
2025-12-17,9:43:52.246627995,T,IBM,F I,28,304.39
2025-12-17,9:43:52.253589538,T,IBM,I,1,304.37
2025-12-17,9:43:52.265161077,T,IBM,I,18,304.37
2025-12-17,9:43:57.573767579,T,IBM,F I,14,304.25
2025-12-17,9:43:57.573770860,T,IBM,F I,20,304.25
2025-12-17,9:43:57.573773606,T,IBM,F,100,304.18
2025-12-17,9:43:57.573776662,T,IBM,F I,7,304.16
2025-12-17,9:43:57.573776662,T,IBM,F I,1,304.15
2025-12-17,9:43:57.573780857,T,IBM,F,100,304.14
2025-12-17,9:43:57.573780857,T,IBM,F I,20,304.14
2025-12-17,9:43:57.573782911,T,IBM,F,68,304.14
2025-12-17,9:43:58.108606270,T,IBM,F I,18,304.27
2025-12-17,9:44:00.043002789,T,IBM,F I,14,304.3
2025-12-17,9:44:00.043002789,T,IBM,F I,9,304.3
2025-12-17,9:44:05.051723465,T,IBM,I,15,304.3
2025-12-17,9:44:05.051726497,T,IBM,I,4,304.3
2025-12-17,9:44:05.051729328,T,IBM,I,8,304.31
2025-12-17,9:44:14.387336501,T,IBM,F I,5,304.37
2025-12-17,9:44:15.114244886,T,IBM,I,2,304.305
2025-12-17,9:44:45.335812003,T,IBM,F,40,304.39
2025-12-17,9:44:45.335839073,T,IBM,,40,304.4
2025-12-17,9:44:45.335863119,T,IBM,F I,20,304.41
2025-12-17,9:44:45.335923263,T,IBM,F,60,304.41
2025-12-17,9:44:45.335986806,T,IBM,F I,4,304.42
2025-12-17,9:44:45.335986806,T,IBM,F I,5,304.42
2025-12-17,9:44:46.613746196,T,IBM,F I,25,304.35
2025-12-17,9:44:46.938159275,T,IBM,F,40,304.31
2025-12-17,9:44:46.938162628,T,IBM,F I,8,304.31
2025-12-17,9:44:46.938164546,T,IBM,F I,22,304.31
2025-12-17,9:44:46.938167530,T,IBM,F I,18,304.31
2025-12-17,9:44:46.938167530,T,IBM,F I,1,304.31
2025-12-17,9:44:46.938167530,T,IBM,F,60,304.31
2025-12-17,9:44:57.453338814,T,IBM,F I,34,304.41
2025-12-17,9:44:57.738378354,T,IBM,F I,11,304.59
2025-12-17,9:45:01.400685763,T,IBM,I,35,304.875
2025-12-17,9:45:08.444534203,T,IBM,F I,5,304.88
2025-12-17,9:45:19.914905358,T,IBM,I,2,304.87
2025-12-17,9:45:36.338566423,T,IBM,F I,5,304.69
2025-12-17,9:45:36.338569542,T,IBM,F I,10,304.69
2025-12-17,9:45:36.338569542,T,IBM,F I,25,304.69
2025-12-17,9:45:36.338587337,T,IBM,I,1,304.69
2025-12-17,9:45:36.338587337,T,IBM,F I,2,304.69
2025-12-17,9:45:37.019594565,T,IBM,F I,5,304.78
2025-12-17,9:45:37.019636657,T,IBM,F I,2,304.78
2025-12-17,9:45:37.932366479,T,IBM,F I,5,304.73
2025-12-17,9:45:37.932369473,T,IBM,F I,2,304.73
2025-12-17,9:45:38.324469901,T,IBM,F I,2,304.67
2025-12-17,9:45:41.572459984,T,IBM,,40,304.675
2025-12-17,9:45:44.642375282,T,IBM,I,3,304.675
2025-12-17,9:45:51.643826045,T,IBM,F I,8,304.84
2025-12-17,9:45:51.643828772,T,IBM,F,40,304.84
2025-12-17,9:45:51.643831818,T,IBM,F I,17,304.84
2025-12-17,9:45:51.643831818,T,IBM,F I,5,304.84
2025-12-17,9:45:51.643843848,T,IBM,F,40,304.84
2025-12-17,9:45:51.644030324,T,IBM,I,20,304.87
2025-12-17,9:45:56.484740995,T,IBM,F I,6,304.8
2025-12-17,9:46:04.522849404,T,IBM,F I,18,304.72
2025-12-17,9:46:12.179863364,T,IBM,F I,6,304.89
2025-12-17,9:46:12.179872794,T,IBM,F I,12,304.89
2025-12-17,9:46:12.179872794,T,IBM,F I,6,304.88
2025-12-17,9:46:17.367546065,T,IBM,F I,15,304.61
2025-12-17,9:46:17.367549085,T,IBM,F I,5,304.61
2025-12-17,9:46:40.069875745,T,IBM,F I,10,304.52
2025-12-17,9:46:40.069875745,T,IBM,F I,8,304.52
2025-12-17,9:46:40.069887807,T,IBM,I,18,304.52
2025-12-17,9:46:41.187276410,T,IBM,I,2,304.66
2025-12-17,9:46:44.744633408,T,IBM,I,2,304.665
2025-12-17,9:46:46.590033581,T,IBM,I,1,304.79
2025-12-17,9:46:46.590033581,T,IBM,I,6,304.79
2025-12-17,9:47:23.350454040,T,IBM,I,20,304.75
2025-12-17,9:47:23.913866319,T,IBM,I,9,304.75
2025-12-17,9:47:24.353269361,T,IBM,I,1,304.72
2025-12-17,9:47:24.860360519,T,IBM,F I,25,304.72
2025-12-17,9:47:28.879139633,T,IBM,F I,15,304.76
2025-12-17,9:47:28.879143087,T,IBM,F I,3,304.76
2025-12-17,9:47:28.879146036,T,IBM,F I,12,304.75
2025-12-17,9:47:28.879146036,T,IBM,I,3,304.75
2025-12-17,9:47:28.879777097,T,IBM,F I,3,304.77
2025-12-17,9:47:28.879780180,T,IBM,F I,2,304.77
2025-12-17,9:47:28.879834282,T,IBM,F I,3,304.75
2025-12-17,9:47:28.879873345,T,IBM,I,3,304.75
2025-12-17,9:47:32.134362287,T,IBM,I,20,304.82
2025-12-17,9:47:32.134364963,T,IBM,I,20,304.83
2025-12-17,9:47:32.134383101,T,IBM,I,1,304.83
2025-12-17,9:47:32.134386000,T,IBM,F I,38,304.83
2025-12-17,9:47:32.134401063,T,IBM,I,21,304.83
2025-12-17,9:47:42.816951088,T,IBM,I,1,304.94
2025-12-17,9:47:42.816984206,T,IBM,I,31,304.94
2025-12-17,9:47:42.821744523,T,IBM,I,18,304.92
2025-12-17,9:47:43.360901062,T,IBM,F I,6,304.89
2025-12-17,9:47:43.366843122,T,IBM,I,30,304.92
2025-12-17,9:47:43.366867260,T,IBM,F I,25,304.92
2025-12-17,9:47:43.366912276,T,IBM,F I,25,304.92
2025-12-17,9:47:43.366924344,T,IBM,,50,304.92
2025-12-17,9:47:43.367366392,T,IBM,F I,11,304.94
2025-12-17,9:47:43.367775393,T,IBM,F I,6,304.99
2025-12-17,9:47:45.642690951,T,IBM,,40,305.17
2025-12-17,9:47:45.642706018,T,IBM,I,1,305.17
2025-12-17,9:47:45.642724074,T,IBM,F,51,305.17
2025-12-17,9:47:45.642724074,T,IBM,F I,8,305.17
2025-12-17,9:47:45.799481273,T,IBM,F I,6,305.22
2025-12-17,9:47:55.015737397,T,IBM,F I,25,305.09
2025-12-17,9:47:59.376613895,T,IBM,I,5,305.135
2025-12-17,9:48:04.951841399,T,IBM,,60,304.99
2025-12-17,9:48:04.951844355,T,IBM,I,2,304.97
2025-12-17,9:48:05.868185793,T,IBM,I,8,304.97
2025-12-17,9:48:08.786693628,T,IBM,I,2,305.06
2025-12-17,9:48:08.869207000,T,IBM,I,1,305.085
2025-12-17,9:48:23.448021337,T,IBM,I,1,305.085
2025-12-17,9:48:23.459767389,T,IBM,I,3,305.085
2025-12-17,9:48:32.489381197,T,IBM,I,1,304.96
2025-12-17,9:48:32.489411242,T,IBM,I,7,304.96
2025-12-17,9:48:32.489435609,T,IBM,F I,23,304.95
2025-12-17,9:48:32.489435609,T,IBM,F I,2,304.95
2025-12-17,9:48:32.489441418,T,IBM,F,40,304.95
2025-12-17,9:48:49.375392981,T,IBM,F I,5,304.91
2025-12-17,9:49:00.458111259,T,IBM,I,5,304.96
2025-12-17,9:49:09.356697775,T,IBM,F I,7,304.86
2025-12-17,9:49:09.356700326,T,IBM,F I,37,304.86
2025-12-17,9:49:09.356703341,T,IBM,F,40,304.86
2025-12-17,9:49:09.356703341,T,IBM,F,60,304.86
2025-12-17,9:49:09.356997751,T,IBM,F,40,304.85
2025-12-17,9:49:10.544645021,T,IBM,F I,18,304.9
2025-12-17,9:49:10.544648049,T,IBM,F I,19,304.94
2025-12-17,9:49:10.545120113,T,IBM,I,11,304.94
2025-12-17,9:49:10.545123197,T,IBM,I,1,304.94
2025-12-17,9:49:10.545123197,T,IBM,I,1,304.94
2025-12-17,9:49:10.546774080,T,IBM,F I,10,304.94
2025-12-17,9:49:10.566510032,T,IBM,F I,10,304.96
2025-12-17,9:49:10.569814921,T,IBM,F I,15,304.94
2025-12-17,9:49:10.569823944,T,IBM,F I,2,304.94
2025-12-17,9:49:10.569890179,T,IBM,,83,304.94
2025-12-17,9:49:10.581771394,T,IBM,I,1,304.96
2025-12-17,9:49:10.583497504,T,IBM,F I,39,304.96
2025-12-17,9:49:10.602018618,T,IBM,,100,304.96
2025-12-17,9:49:10.603140287,T,IBM,F,44,304.96
2025-12-17,9:49:10.604322099,T,IBM,I,6,304.96
2025-12-17,9:49:10.619033436,T,IBM,,100,304.96
2025-12-17,9:49:10.621565170,T,IBM,,68,304.96
2025-12-17,9:49:10.637605608,T,IBM,I,2,304.94
2025-12-17,9:49:10.637605608,T,IBM,I,3,304.94
2025-12-17,9:49:10.710068811,T,IBM,I,1,305.02
2025-12-17,9:49:10.711740817,T,IBM,I,34,305.03
2025-12-17,9:49:10.712023462,T,IBM,F I,6,305.03
2025-12-17,9:49:10.714137689,T,IBM,F,40,304.96
2025-12-17,9:49:10.714137689,T,IBM,F I,18,304.96
2025-12-17,9:49:10.737933300,T,IBM,F,40,304.98
2025-12-17,9:49:10.737936182,T,IBM,F I,18,304.98
2025-12-17,9:49:10.737942665,T,IBM,,42,304.98
2025-12-17,9:49:10.737945255,T,IBM,I,16,304.97
2025-12-17,9:49:10.737972297,T,IBM,F,58,304.96
2025-12-17,9:49:11.176220489,T,IBM,F I,1,305.08
2025-12-17,9:49:16.062937852,T,IBM,I,5,305.125
2025-12-17,9:49:19.859060894,T,IBM,I,4,305.31
2025-12-17,9:49:22.173725157,T,IBM,F I,6,305.4
2025-12-17,9:49:22.173773316,T,IBM,F I,12,305.4
2025-12-17,9:49:22.173773316,T,IBM,F I,6,305.41
2025-12-17,9:49:23.066607768,T,IBM,F,40,305.59
2025-12-17,9:49:23.066640890,T,IBM,F,40,305.59
2025-12-17,9:49:23.078645424,T,IBM,,40,305.59
2025-12-17,9:49:23.799323026,T,IBM,F I,16,305.6
2025-12-17,9:49:37.113575661,T,IBM,I,2,305.465
2025-12-17,9:49:48.558470124,T,IBM,F I,5,305.33
2025-12-17,9:49:48.558473421,T,IBM,F I,16,305.33
2025-12-17,9:49:48.558476249,T,IBM,F,40,305.33
2025-12-17,9:49:48.558491570,T,IBM,F,60,305.33
2025-12-17,9:50:11.809383036,T,IBM,I,1,305.48
2025-12-17,9:50:14.497608494,T,IBM,F I,1,305.57
2025-12-17,9:50:14.497743769,T,IBM,F I,4,305.61
2025-12-17,9:50:14.498029465,T,IBM,F I,1,305.67
2025-12-17,9:50:14.517736031,T,IBM,I,18,305.69
2025-12-17,9:50:14.517738736,T,IBM,I,4,305.64
2025-12-17,9:50:14.517741415,T,IBM,,78,305.6
2025-12-17,9:50:26.048261517,T,IBM,F I,5,305.78
2025-12-17,9:50:26.048261517,T,IBM,F I,20,305.79
2025-12-17,9:50:26.048264579,T,IBM,F,60,305.8
2025-12-17,9:50:26.048375784,T,IBM,F I,9,305.8
2025-12-17,9:50:26.048556306,T,IBM,F I,9,305.8
2025-12-17,9:50:26.048559216,T,IBM,F I,2,305.8
2025-12-17,9:50:26.434840944,T,IBM,I,1,305.73
2025-12-17,9:50:26.611532552,T,IBM,,40,305.7
2025-12-17,9:50:30.584906322,T,IBM,F I,25,305.86
2025-12-17,9:50:30.584960466,T,IBM,F I,15,305.86
2025-12-17,9:50:32.099107096,T,IBM,F I,1,305.98
2025-12-17,9:50:32.099179214,T,IBM,I,2,305.915
2025-12-17,9:50:32.099230360,T,IBM,I,6,306.0
2025-12-17,9:50:32.099756569,T,IBM,F,54,306.05
2025-12-17,9:50:32.099786650,T,IBM,F I,10,306.05
2025-12-17,9:50:39.305618759,T,IBM,F I,6,306.01
2025-12-17,9:50:39.305618759,T,IBM,F I,7,306.01
2025-12-17,9:50:39.305633582,T,IBM,I,7,306.01
2025-12-17,9:50:39.305636652,T,IBM,I,6,306.0
2025-12-17,9:50:39.305690796,T,IBM,F I,29,305.99
2025-12-17,9:51:06.609351062,T,IBM,I,18,305.8
2025-12-17,9:51:08.507193058,T,IBM,F,44,305.71
2025-12-17,9:51:08.507195960,T,IBM,F I,2,305.7
2025-12-17,9:51:08.507217004,T,IBM,F I,12,305.7
2025-12-17,9:51:08.507217004,T,IBM,F I,1,305.7
2025-12-17,9:51:08.507220068,T,IBM,F I,6,305.7
2025-12-17,9:51:08.507220068,T,IBM,F I,3,305.7
2025-12-17,9:51:08.507223077,T,IBM,F I,19,305.7
2025-12-17,9:51:08.518833743,T,IBM,I,1,305.66
2025-12-17,9:51:08.518869811,T,IBM,F I,1,305.65
2025-12-17,9:51:08.553388955,T,IBM,I,6,305.59
2025-12-17,9:51:10.112657909,T,IBM,F I,12,305.52
2025-12-17,9:51:10.113199199,T,IBM,F I,14,305.52
2025-12-17,9:51:23.275457913,T,IBM,F I,18,305.53
2025-12-17,9:51:23.683384932,T,IBM,I,2,305.48
2025-12-17,9:51:23.683399940,T,IBM,I,15,305.48
2025-12-17,9:51:23.683679637,T,IBM,F,40,305.44
2025-12-17,9:51:23.683691688,T,IBM,F I,21,305.44
2025-12-17,9:51:23.690487887,T,IBM,I,16,305.43
2025-12-17,9:51:27.856593631,T,IBM,F I,15,305.53
2025-12-17,9:51:34.603337704,T,IBM,F I,5,305.37
2025-12-17,9:51:34.603340919,T,IBM,I,8,305.37
2025-12-17,9:51:34.603343720,T,IBM,I,36,305.33
2025-12-17,9:51:34.603386013,T,IBM,F I,5,305.31
2025-12-17,9:51:34.603386013,T,IBM,F I,5,305.31
2025-12-17,9:51:35.081851767,T,IBM,I,5,305.5
2025-12-17,9:51:35.722142112,T,IBM,F I,5,305.39
2025-12-17,9:52:00.056777677,T,IBM,F I,23,305.31
2025-12-17,9:52:00.056810366,T,IBM,F I,17,305.31
2025-12-17,9:52:00.056813366,T,IBM,F I,23,305.3
2025-12-17,9:52:10.684942682,T,IBM,,40,305.24
2025-12-17,9:52:10.684946057,T,IBM,I,30,305.23
2025-12-17,9:52:10.684946057,T,IBM,I,9,305.21
2025-12-17,9:52:10.684948537,T,IBM,I,5,305.21
2025-12-17,9:52:10.684948537,T,IBM,I,2,305.2
2025-12-17,9:52:25.932692824,T,IBM,F I,3,305.16
2025-12-17,9:52:25.932692824,T,IBM,F I,3,305.16
2025-12-17,9:52:25.932695755,T,IBM,F I,39,305.16
2025-12-17,9:52:25.932726238,T,IBM,F I,6,305.15
2025-12-17,9:52:25.932726238,T,IBM,F I,22,305.15
2025-12-17,9:52:25.932731845,T,IBM,F I,34,305.15
2025-12-17,9:52:25.941867580,T,IBM,I,1,305.16
2025-12-17,9:52:29.156282730,T,IBM,F I,10,305.09
2025-12-17,9:52:29.157061529,T,IBM,F I,12,305.03
2025-12-17,9:52:30.060875175,T,IBM,F I,1,304.9
2025-12-17,9:52:30.060878226,T,IBM,F I,3,304.9
2025-12-17,9:52:40.038546815,T,IBM,I,4,304.945
2025-12-17,9:52:40.038549855,T,IBM,I,1,304.945
2025-12-17,9:53:09.709864059,T,IBM,I,3,304.95
2025-12-17,9:53:10.205311444,T,IBM,,56,304.95
2025-12-17,9:53:12.133161723,T,IBM,I,7,304.9
2025-12-17,9:53:12.137149252,T,IBM,F I,1,304.88
2025-12-17,9:53:12.137167257,T,IBM,F I,5,304.88
2025-12-17,9:53:17.359321004,T,IBM,F I,18,304.72
2025-12-17,9:53:17.405670267,T,IBM,I,6,304.72
2025-12-17,9:53:18.689847395,T,IBM,I,3,304.695
2025-12-17,9:53:20.673526353,T,IBM,F I,10,304.77
2025-12-17,9:53:20.673526353,T,IBM,F I,9,304.77
2025-12-17,9:53:20.673526353,T,IBM,F I,1,304.77
2025-12-17,9:53:20.673528765,T,IBM,F,57,304.77
2025-12-17,9:53:20.673531690,T,IBM,F I,1,304.77
2025-12-17,9:53:20.673544521,T,IBM,F I,22,304.77
2025-12-17,9:53:24.417318110,T,IBM,I,1,304.87
2025-12-17,9:53:26.846858954,T,IBM,F I,3,304.73
2025-12-17,9:53:26.846861794,T,IBM,F I,8,304.73
2025-12-17,9:53:26.847015240,T,IBM,I,9,304.77
2025-12-17,9:53:26.847054321,T,IBM,I,16,304.79
2025-12-17,9:53:42.317740519,T,IBM,I,7,304.81
2025-12-17,9:53:42.318534437,T,IBM,F I,2,304.7
2025-12-17,9:53:42.318621660,T,IBM,F,58,304.7
2025-12-17,9:53:42.318639741,T,IBM,I,1,304.7
2025-12-17,9:53:42.318841126,T,IBM,,41,304.7
2025-12-17,9:53:42.318844962,T,IBM,,100,304.7
2025-12-17,9:53:42.318847718,T,IBM,,100,304.7
2025-12-17,9:53:42.318847718,T,IBM,,50,304.7
2025-12-17,9:53:42.318853640,T,IBM,,100,304.7
2025-12-17,9:53:42.318853640,T,IBM,,100,304.7
2025-12-17,9:53:42.318853640,T,IBM,,50,304.7
2025-12-17,9:53:42.318856281,T,IBM,,1901,304.7
2025-12-17,9:53:42.318859583,T,IBM,,200,304.7
2025-12-17,9:53:42.318859583,T,IBM,I,8,304.75
2025-12-17,9:53:42.318862252,T,IBM,I,38,304.76
2025-12-17,9:53:42.318862252,T,IBM,I,27,304.8
2025-12-17,9:53:42.318865564,T,IBM,I,14,304.88
2025-12-17,9:53:42.318868334,T,IBM,,44,304.88
2025-12-17,9:53:42.318868334,T,IBM,I,8,304.89
2025-12-17,9:53:42.318871376,T,IBM,I,3,304.89
2025-12-17,9:53:42.319129840,T,IBM,F I,27,304.75
2025-12-17,9:53:42.319136001,T,IBM,F,123,304.75
2025-12-17,9:53:42.319138941,T,IBM,F I,21,304.72
2025-12-17,9:53:42.319168918,T,IBM,F I,17,304.76
2025-12-17,9:53:42.320717726,T,IBM,I,25,304.95
2025-12-17,9:53:42.321752172,T,IBM,,48,304.98
2025-12-17,9:53:42.321755328,T,IBM,,100,304.99
2025-12-17,9:53:42.321755328,T,IBM,I,20,304.99
2025-12-17,9:53:42.321758312,T,IBM,I,7,305.0
2025-12-17,9:53:42.321761128,T,IBM,,40,305.0
2025-12-17,9:53:42.321764891,T,IBM,,40,305.0
2025-12-17,9:53:42.321767364,T,IBM,I,3,305.0
2025-12-17,9:53:42.321767364,T,IBM,I,19,305.0
2025-12-17,9:53:42.321800516,T,IBM,F,100,305.0
2025-12-17,9:53:42.321803378,T,IBM,F I,19,304.99
2025-12-17,9:53:42.321827904,T,IBM,I,3,305.0
2025-12-17,9:53:42.321830288,T,IBM,I,37,305.0
2025-12-17,9:53:42.322287402,T,IBM,F,40,304.99
2025-12-17,9:53:42.322296364,T,IBM,F,40,304.99
2025-12-17,9:53:42.322326642,T,IBM,I,20,304.99
2025-12-17,9:53:42.322326642,T,IBM,,40,304.99
2025-12-17,9:53:42.322434716,T,IBM,I,13,304.94
2025-12-17,9:53:42.322449749,T,IBM,F I,26,305.01
2025-12-17,9:53:42.322473817,T,IBM,I,17,304.94
2025-12-17,9:53:42.322675317,T,IBM,,44,304.98
2025-12-17,9:53:42.322675317,T,IBM,I,16,304.99
2025-12-17,9:53:42.322699489,T,IBM,I,1,304.99
2025-12-17,9:53:42.323129383,T,IBM,,44,304.98
2025-12-17,9:53:42.323129383,T,IBM,I,23,304.99
2025-12-17,9:53:42.323132390,T,IBM,I,13,304.99
2025-12-17,9:53:42.324708145,T,IBM,I,1,305.02
2025-12-17,9:53:42.324756334,T,IBM,I,18,304.95
2025-12-17,9:53:42.324756334,T,IBM,I,14,304.95
2025-12-17,9:53:42.327964857,T,IBM,I,7,305.14
2025-12-17,9:53:42.328160396,T,IBM,I,13,305.14
2025-12-17,9:53:42.328265650,T,IBM,I,3,305.11
2025-12-17,9:53:42.328578872,T,IBM,I,8,305.14
2025-12-17,9:53:42.328581494,T,IBM,I,3,305.14
2025-12-17,9:53:42.328581494,T,IBM,I,20,305.14
2025-12-17,9:53:42.329300041,T,IBM,I,2,305.15
2025-12-17,9:53:42.330280400,T,IBM,F I,2,305.11
2025-12-17,9:53:42.330999845,T,IBM,,44,305.14
2025-12-17,9:53:42.331002208,T,IBM,I,3,305.15
2025-12-17,9:53:42.331005745,T,IBM,I,4,305.15
2025-12-17,9:53:42.331005745,T,IBM,I,9,305.21
2025-12-17,9:53:42.331008168,T,IBM,I,3,305.21
2025-12-17,9:53:42.331146431,T,IBM,I,4,305.11
2025-12-17,9:53:42.331146431,T,IBM,I,9,305.09
2025-12-17,9:53:42.331164605,T,IBM,I,3,305.15
2025-12-17,9:53:42.331200567,T,IBM,I,4,305.15
2025-12-17,9:53:42.331339168,T,IBM,,44,305.14
2025-12-17,9:53:42.331339168,T,IBM,I,3,305.15
2025-12-17,9:53:42.331339168,T,IBM,I,5,305.15
2025-12-17,9:53:42.331738888,T,IBM,I,3,305.15
2025-12-17,9:53:42.331895235,T,IBM,I,3,305.15
2025-12-17,9:53:42.332039555,T,IBM,I,10,305.15
2025-12-17,9:53:42.332595898,T,IBM,I,16,305.09
2025-12-17,9:53:42.333230468,T,IBM,I,16,305.15
2025-12-17,9:53:42.333237078,T,IBM,I,3,305.15
2025-12-17,9:53:42.333237078,T,IBM,F,44,305.04
2025-12-17,9:53:42.333239493,T,IBM,F I,3,305.03
2025-12-17,9:53:42.333266496,T,IBM,F I,1,305.09
2025-12-17,9:53:42.333585530,T,IBM,,44,305.14
2025-12-17,9:53:42.333588557,T,IBM,I,3,305.15
2025-12-17,9:53:42.333588557,T,IBM,I,1,305.15
2025-12-17,9:53:42.333591271,T,IBM,I,1,305.15
2025-12-17,9:53:42.334003292,T,IBM,I,9,305.14
2025-12-17,9:53:42.334177647,T,IBM,,45,305.14
2025-12-17,9:53:42.334304182,T,IBM,,46,305.14
2025-12-17,9:53:42.334304182,T,IBM,I,18,305.14
2025-12-17,9:53:42.334307022,T,IBM,I,3,305.15
2025-12-17,9:53:42.334307022,T,IBM,I,7,305.15
2025-12-17,9:53:42.335756485,T,IBM,I,3,305.11
2025-12-17,9:53:42.335930810,T,IBM,F,44,305.12
2025-12-17,9:53:42.335951907,T,IBM,F I,17,305.11
2025-12-17,9:53:42.335955509,T,IBM,I,3,305.11
2025-12-17,9:53:42.336036110,T,IBM,I,11,305.12
2025-12-17,9:53:42.336175291,T,IBM,F I,20,305.11
2025-12-17,9:53:42.336177460,T,IBM,F I,20,305.12
2025-12-17,9:53:42.336405953,T,IBM,I,9,305.12
2025-12-17,9:53:42.336405953,T,IBM,I,3,305.12
2025-12-17,9:53:42.336697687,T,IBM,I,3,305.12
2025-12-17,9:53:42.336814934,T,IBM,I,3,305.12
2025-12-17,9:53:42.338243372,T,IBM,F I,25,305.08
2025-12-17,9:53:42.338811671,T,IBM,F I,3,305.05
2025-12-17,9:53:42.339641639,T,IBM,I,18,305.09
2025-12-17,9:53:42.339644707,T,IBM,I,3,305.13
2025-12-17,9:53:42.340297524,T,IBM,I,5,305.15
2025-12-17,9:53:42.340300243,T,IBM,I,23,305.2
2025-12-17,9:53:42.340300243,T,IBM,I,19,305.21
2025-12-17,9:53:42.341394865,T,IBM,I,5,305.15
2025-12-17,9:53:42.341418890,T,IBM,F I,25,305.09
2025-12-17,9:53:42.341683683,T,IBM,F I,21,305.06
2025-12-17,9:53:42.341683683,T,IBM,F I,3,305.06
2025-12-17,9:53:42.341981224,T,IBM,F I,3,305.02
2025-12-17,9:53:42.342065518,T,IBM,F I,3,305.06
2025-12-17,9:53:42.342104947,T,IBM,,40,305.07
2025-12-17,9:53:42.342104947,T,IBM,I,5,305.08
2025-12-17,9:53:42.342254881,T,IBM,I,21,305.07
2025-12-17,9:53:42.342402232,T,IBM,I,10,305.07
2025-12-17,9:53:42.342402232,T,IBM,I,10,305.07
2025-12-17,9:53:42.342663923,T,IBM,,90,305.07
2025-12-17,9:53:42.344988478,T,IBM,,40,305.14
2025-12-17,9:53:42.344988478,T,IBM,I,3,305.14
2025-12-17,9:53:42.345517701,T,IBM,I,3,305.12
2025-12-17,9:53:42.345830419,T,IBM,I,9,305.08
2025-12-17,9:53:42.346437826,T,IBM,I,3,305.14
2025-12-17,9:53:42.346982218,T,IBM,I,3,305.08
2025-12-17,9:53:42.347120457,T,IBM,I,7,305.11
2025-12-17,9:53:42.347120457,T,IBM,I,3,305.11
2025-12-17,9:53:42.347183644,T,IBM,F I,3,305.14
2025-12-17,9:53:42.347219985,T,IBM,I,17,305.14
2025-12-17,9:53:42.349005998,T,IBM,I,18,305.21
2025-12-17,9:53:42.349011983,T,IBM,I,5,305.21
2025-12-17,9:53:42.349011983,T,IBM,I,1,305.24
2025-12-17,9:53:42.351291646,T,IBM,I,14,305.29
2025-12-17,9:53:42.351294415,T,IBM,I,3,305.29
2025-12-17,9:53:42.351294415,T,IBM,,40,305.29
2025-12-17,9:53:42.351348622,T,IBM,I,14,305.15
2025-12-17,9:53:42.351348622,T,IBM,I,26,305.14
2025-12-17,9:53:42.351366654,T,IBM,F I,14,305.15
2025-12-17,9:53:42.351369605,T,IBM,I,1,305.15
2025-12-17,9:53:42.351889835,T,IBM,I,6,305.21
2025-12-17,9:53:42.352007092,T,IBM,I,12,305.21
2025-12-17,9:53:42.352010133,T,IBM,I,10,305.28
2025-12-17,9:53:42.352130531,T,IBM,I,5,305.24
2025-12-17,9:53:42.352130531,T,IBM,,90,305.28
2025-12-17,9:53:42.352134143,T,IBM,I,26,305.29
2025-12-17,9:53:42.352136423,T,IBM,I,8,305.29
2025-12-17,9:53:42.352136423,T,IBM,I,2,305.29
2025-12-17,9:53:42.352139416,T,IBM,I,20,305.29
2025-12-17,9:53:42.352184580,T,IBM,I,11,305.18
2025-12-17,9:53:42.352416200,T,IBM,I,11,305.29
2025-12-17,9:53:42.352419151,T,IBM,I,8,305.29
2025-12-17,9:53:42.352545408,T,IBM,I,7,305.29
2025-12-17,9:53:42.352599567,T,IBM,I,27,305.19
2025-12-17,9:53:42.352665656,T,IBM,I,3,305.29
2025-12-17,9:53:42.352861949,T,IBM,I,24,305.29
2025-12-17,9:53:42.352864561,T,IBM,I,21,305.29
2025-12-17,9:53:42.352867169,T,IBM,I,7,305.29
2025-12-17,9:53:42.352867169,T,IBM,I,25,305.29
2025-12-17,9:53:42.353336315,T,IBM,I,15,305.29
2025-12-17,9:53:42.353387516,T,IBM,I,27,305.2
2025-12-17,9:53:42.353597993,T,IBM,I,2,305.24
2025-12-17,9:53:42.353600925,T,IBM,I,15,305.29
2025-12-17,9:53:42.353901681,T,IBM,I,3,305.13
2025-12-17,9:53:42.354178257,T,IBM,I,15,305.2
2025-12-17,9:53:42.354458016,T,IBM,I,12,305.18
2025-12-17,9:53:42.354460924,T,IBM,I,6,305.2
2025-12-17,9:53:42.354467246,T,IBM,I,24,305.2
2025-12-17,9:53:42.354467246,T,IBM,I,25,305.21
2025-12-17,9:53:42.354470036,T,IBM,,40,305.21
2025-12-17,9:53:42.354470036,T,IBM,I,5,305.21
2025-12-17,9:53:42.354596267,T,IBM,I,22,305.13
2025-12-17,9:53:42.355417246,T,IBM,I,4,305.21
2025-12-17,9:53:42.356873153,T,IBM,I,14,305.3
2025-12-17,9:53:42.356873153,T,IBM,I,3,305.3
2025-12-17,9:53:42.356875829,T,IBM,,40,305.3
2025-12-17,9:53:42.356875829,T,IBM,I,10,305.3
2025-12-17,9:53:42.359603579,T,IBM,F I,5,305.18
2025-12-17,9:53:42.359606244,T,IBM,F I,2,305.15
2025-12-17,9:53:42.359606244,T,IBM,F I,14,305.14
2025-12-17,9:53:42.359627865,T,IBM,F I,30,305.14
2025-12-17,9:53:42.359627865,T,IBM,F I,14,305.14
2025-12-17,9:53:42.359630800,T,IBM,F I,4,305.13
2025-12-17,9:53:42.359634094,T,IBM,F I,2,305.13
2025-12-17,9:53:42.359634094,T,IBM,F I,3,305.13
2025-12-17,9:53:42.359636260,T,IBM,F I,9,305.13
2025-12-17,9:53:42.359639291,T,IBM,F I,3,305.13
2025-12-17,9:53:42.359690390,T,IBM,I,14,305.1
2025-12-17,9:53:42.359819674,T,IBM,I,14,305.09
2025-12-17,9:53:42.359822685,T,IBM,I,3,305.09
2025-12-17,9:53:42.359852767,T,IBM,F I,14,305.08
2025-12-17,9:53:42.359852767,T,IBM,F I,3,305.08
2025-12-17,9:53:43.634376853,T,IBM,F I,30,305.18
2025-12-17,9:53:43.635483553,T,IBM,I,12,305.18
2025-12-17,9:53:43.635486501,T,IBM,I,20,305.21
2025-12-17,9:53:43.652405346,T,IBM,F,40,305.22
2025-12-17,9:53:43.652405346,T,IBM,F I,3,305.24
2025-12-17,9:53:43.652407869,T,IBM,F I,6,305.33
2025-12-17,9:53:43.652411412,T,IBM,F I,14,305.37
2025-12-17,9:53:43.652411412,T,IBM,F I,3,305.37
2025-12-17,9:53:43.652414420,T,IBM,F I,3,305.4
2025-12-17,9:53:43.652417568,T,IBM,F I,1,305.4
2025-12-17,9:53:43.652417568,T,IBM,F I,6,305.4
2025-12-17,9:53:43.652419845,T,IBM,F I,6,305.47
2025-12-17,9:53:43.652422815,T,IBM,F I,3,305.47
2025-12-17,9:53:43.652422815,T,IBM,F,160,305.49
2025-12-17,9:53:43.652422815,T,IBM,F I,6,305.54
2025-12-17,9:53:43.652428854,T,IBM,F I,3,305.54
2025-12-17,9:53:43.652428854,T,IBM,F I,3,305.61
2025-12-17,9:53:43.652467950,T,IBM,F I,38,305.44
2025-12-17,9:53:43.652690507,T,IBM,I,4,305.32
2025-12-17,9:53:43.652771678,T,IBM,F I,2,305.32
2025-12-17,9:53:43.652771678,T,IBM,F I,2,305.26
2025-12-17,9:53:43.652967257,T,IBM,F I,8,305.37
2025-12-17,9:53:43.652967257,T,IBM,F I,26,305.4
2025-12-17,9:53:43.653126575,T,IBM,F I,1,305.47
2025-12-17,9:53:43.653207734,T,IBM,F I,1,305.47
2025-12-17,9:53:43.653210696,T,IBM,F I,1,305.47
2025-12-17,9:53:43.653307019,T,IBM,,40,305.37
2025-12-17,9:53:43.861609843,T,IBM,I,14,305.36
2025-12-17,9:53:50.890738246,T,IBM,,40,305.12
2025-12-17,9:54:21.536906959,T,IBM,I,1,305.11
2025-12-17,9:54:21.536906959,T,IBM,I,39,305.07
2025-12-17,9:54:21.537120508,T,IBM,I,1,305.07
2025-12-17,9:54:21.537123574,T,IBM,I,20,305.06
2025-12-17,9:54:21.537126837,T,IBM,I,1,305.06
2025-12-17,9:54:21.537129555,T,IBM,I,3,305.06
2025-12-17,9:54:21.537129555,T,IBM,F I,1,305.06
2025-12-17,9:54:24.938568989,T,IBM,I,14,304.98
2025-12-17,9:54:24.938596019,T,IBM,I,1,304.98
2025-12-17,9:54:25.797566784,T,IBM,F I,1,305.16
2025-12-17,9:54:25.797566784,T,IBM,F I,1,305.16
2025-12-17,9:54:25.797593901,T,IBM,F I,13,305.16
2025-12-17,9:54:25.797593901,T,IBM,F I,5,305.16
2025-12-17,9:54:25.797596966,T,IBM,F I,32,305.16
2025-12-17,9:54:25.797602981,T,IBM,F I,1,305.16
2025-12-17,9:54:25.797801394,T,IBM,F I,1,305.17
2025-12-17,9:54:39.016032516,T,IBM,I,5,305.15
2025-12-17,9:54:39.016032516,T,IBM,I,9,305.15
2025-12-17,9:54:44.548904129,T,IBM,F I,25,305.28
2025-12-17,9:54:44.548952415,T,IBM,F I,6,305.28
2025-12-17,9:55:04.451480556,T,IBM,,40,305.15
2025-12-17,9:55:04.451483828,T,IBM,I,4,305.15
2025-12-17,9:55:04.451483828,T,IBM,I,1,305.15
2025-12-17,9:55:04.452109052,T,IBM,F,40,305.07
2025-12-17,9:55:04.452118096,T,IBM,F I,6,305.07
2025-12-17,9:55:05.225306735,T,IBM,,40,304.97
2025-12-17,9:55:05.225309728,T,IBM,I,21,304.97
2025-12-17,9:55:05.225896632,T,IBM,F I,11,304.97
2025-12-17,9:55:13.004682235,T,IBM,F I,20,304.98
2025-12-17,9:55:17.962166807,T,IBM,F,40,304.98
2025-12-17,9:55:17.962169847,T,IBM,F I,3,304.98
2025-12-17,9:55:17.962172883,T,IBM,F I,17,304.98
2025-12-17,9:55:17.965582974,T,IBM,F I,25,304.98
2025-12-17,9:55:17.965652316,T,IBM,F I,15,304.98
2025-12-17,9:55:17.965655105,T,IBM,F I,10,304.98
2025-12-17,9:55:19.627077288,T,IBM,,40,304.89
2025-12-17,9:55:52.057624610,T,IBM,F,40,304.79
2025-12-17,9:55:52.057627827,T,IBM,F I,12,304.79
2025-12-17,9:55:52.057630518,T,IBM,F I,2,304.79
2025-12-17,9:55:52.057678705,T,IBM,I,2,304.76
2025-12-17,9:55:55.434038347,T,IBM,I,1,304.83
2025-12-17,9:55:55.434038347,T,IBM,I,4,304.83
2025-12-17,9:55:55.526872405,T,IBM,I,1,304.86
2025-12-17,9:56:26.173518660,T,IBM,I,16,304.76
2025-12-17,9:56:26.173521518,T,IBM,I,2,304.76
2025-12-17,9:56:27.560480356,T,IBM,F I,15,304.72
2025-12-17,9:56:27.560483382,T,IBM,F I,3,304.72
2025-12-17,9:56:27.560483382,T,IBM,F I,22,304.71
2025-12-17,9:56:27.560501342,T,IBM,F I,18,304.71
2025-12-17,9:56:27.560564539,T,IBM,F I,2,304.72
2025-12-17,9:56:27.561078751,T,IBM,F I,2,304.71
2025-12-17,9:56:28.531197145,T,IBM,I,1,304.785
2025-12-17,9:56:30.179865982,T,IBM,I,9,304.84
2025-12-17,9:56:30.179898952,T,IBM,I,2,304.84
2025-12-17,9:56:30.378137093,T,IBM,F I,5,304.85
2025-12-17,9:56:30.378139881,T,IBM,F I,4,304.85
2025-12-17,9:56:46.603036364,T,IBM,F I,37,304.79
2025-12-17,9:56:46.603036364,T,IBM,F I,18,304.79
2025-12-17,9:56:46.603042993,T,IBM,F,64,304.79
2025-12-17,9:56:46.603042993,T,IBM,F I,18,304.79
2025-12-17,9:56:46.603045532,T,IBM,F I,8,304.78
2025-12-17,9:56:46.603048377,T,IBM,F I,1,304.78
2025-12-17,9:56:46.603084490,T,IBM,I,18,304.78
2025-12-17,9:56:46.603132545,T,IBM,F I,2,304.78
2025-12-17,9:56:46.603246862,T,IBM,F I,25,304.82
2025-12-17,9:56:46.603397167,T,IBM,I,11,304.78
2025-12-17,9:56:46.603397167,T,IBM,I,1,304.78
2025-12-17,9:56:46.603400312,T,IBM,I,13,304.78
2025-12-17,9:56:46.603403275,T,IBM,I,22,304.78
2025-12-17,9:56:46.603418275,T,IBM,I,1,304.78
2025-12-17,9:56:46.603505467,T,IBM,F,47,304.81
2025-12-17,9:56:46.607198219,T,IBM,,40,304.785
2025-12-17,9:57:00.852040180,T,IBM,F I,5,305.0
2025-12-17,9:57:11.288405515,T,IBM,I,4,305.12
2025-12-17,9:57:11.288438974,T,IBM,F I,1,305.13
2025-12-17,9:57:11.335924633,T,IBM,,80,305.17
2025-12-17,9:57:16.585705000,T,IBM,I,2,305.16
2025-12-17,9:57:31.836600890,T,IBM,I,1,305.27
2025-12-17,9:57:31.836621899,T,IBM,I,1,305.27
2025-12-17,9:57:31.836664155,T,IBM,F I,2,305.27
2025-12-17,9:57:31.836666988,T,IBM,I,2,305.27
2025-12-17,9:57:31.836685021,T,IBM,F I,2,305.28
2025-12-17,9:57:31.839024592,T,IBM,I,3,305.24
2025-12-17,9:57:31.839054712,T,IBM,F I,1,305.24
2025-12-17,9:57:31.839801210,T,IBM,I,14,305.17
2025-12-17,9:57:31.839803864,T,IBM,I,3,305.17
2025-12-17,9:57:31.839806550,T,IBM,I,18,305.17
2025-12-17,9:57:31.839806550,T,IBM,I,2,305.16
2025-12-17,9:57:31.839809467,T,IBM,I,23,305.16
2025-12-17,9:57:34.075704711,T,IBM,I,26,305.27
2025-12-17,9:57:34.075776432,T,IBM,F I,25,305.3
2025-12-17,9:57:34.075827568,T,IBM,F I,15,305.3
2025-12-17,9:57:47.242320320,T,IBM,F I,5,305.38
2025-12-17,9:57:47.242338396,T,IBM,I,5,305.38
2025-12-17,9:57:54.580488456,T,IBM,I,20,305.39
2025-12-17,9:58:15.763413972,T,IBM,I,2,305.375
2025-12-17,9:58:15.763413972,T,IBM,I,3,305.375
2025-12-17,9:58:17.524827086,T,IBM,I,25,305.46
2025-12-17,9:58:17.524932314,T,IBM,I,3,305.47
2025-12-17,9:58:17.524935276,T,IBM,I,22,305.47
2025-12-17,9:58:17.525822384,T,IBM,F I,2,305.49
2025-12-17,9:58:36.319223385,T,IBM,F I,1,305.54
2025-12-17,9:58:36.319716574,T,IBM,I,1,305.54
2025-12-17,9:58:36.319797805,T,IBM,F I,1,305.54
2025-12-17,9:58:36.319860931,T,IBM,F I,3,305.54
2025-12-17,9:58:36.319869964,T,IBM,F I,1,305.54
2025-12-17,9:58:36.320507509,T,IBM,F I,3,305.62
2025-12-17,9:58:36.320562181,T,IBM,I,13,305.61
2025-12-17,9:58:36.320736080,T,IBM,I,14,305.59
2025-12-17,9:58:36.905959197,T,IBM,,54,305.58
2025-12-17,9:58:37.408419404,T,IBM,I,15,305.58
2025-12-17,9:58:40.541253577,T,IBM,I,38,305.7
2025-12-17,9:58:40.541256363,T,IBM,I,2,305.65
2025-12-17,9:58:50.811193762,T,IBM,F I,2,305.57
2025-12-17,9:58:50.811196856,T,IBM,F,40,305.57
2025-12-17,9:58:50.811199797,T,IBM,F I,2,305.57
2025-12-17,9:59:01.793888257,T,IBM,F I,25,305.53
2025-12-17,9:59:01.793936468,T,IBM,,75,305.53
2025-12-17,9:59:13.527184351,T,IBM,F I,1,305.39
2025-12-17,9:59:13.527184351,T,IBM,F I,27,305.39
2025-12-17,9:59:13.527211378,T,IBM,F I,1,305.39
2025-12-17,9:59:19.867907933,T,IBM,F I,2,305.39
2025-12-17,9:59:29.257809335,T,IBM,F I,3,305.39
2025-12-17,9:59:29.257833405,T,IBM,F,40,305.39
2025-12-17,9:59:29.257852004,T,IBM,I,27,305.39
2025-12-17,9:59:29.257852004,T,IBM,I,14,305.38
2025-12-17,9:59:29.257890753,T,IBM,F I,26,305.38
2025-12-17,9:59:29.257890753,T,IBM,F I,1,305.38
2025-12-17,9:59:29.258540078,T,IBM,I,1,305.39
2025-12-17,9:59:30.022223097,T,IBM,I,4,305.38
2025-12-17,9:59:43.692000196,T,IBM,F I,20,305.51
2025-12-17,9:59:43.692012158,T,IBM,F I,25,305.52
2025-12-17,9:59:43.692015317,T,IBM,F I,10,305.52
2025-12-17,9:59:43.692018187,T,IBM,F I,7,305.52
2025-12-17,9:59:44.599497493,T,IBM,F I,16,305.39
2025-12-17,9:59:44.599500488,T,IBM,F I,1,305.39
2025-12-17,9:59:44.599503536,T,IBM,F I,8,305.38
2025-12-17,9:59:44.599518640,T,IBM,F I,17,305.38
2025-12-17,9:59:50.392097289,T,IBM,F I,5,305.42
2025-12-17,9:59:59.263853145,T,IBM,F,40,305.3
2025-12-17,9:59:59.263865276,T,IBM,F I,4,305.3
2025-12-17,9:59:59.263865276,T,IBM,F I,4,305.3
2025-12-17,9:59:59.263943443,T,IBM,F,40,305.3
2025-12-17,9:59:59.264036687,T,IBM,,40,305.3
2025-12-17,9:59:59.311321213,T,IBM,,40,305.29
2025-12-17,9:59:59.311321213,T,IBM,,40,305.29
2025-12-17,9:59:59.319440470,T,IBM,I,2,305.18
2025-12-17,9:59:59.731746034,T,IBM,F I,5,305.32
2025-12-17,9:59:59.959712674,T,IBM,I,2,305.38
2025-12-17,9:59:59.959733836,T,IBM,I,8,305.38
2025-12-17,9:59:59.968568753,T,IBM,I,18,305.31
2025-12-17,9:59:59.968571806,T,IBM,,50,305.28
2025-12-17,9:59:59.968749385,T,IBM,F I,18,305.31
2025-12-17,9:59:59.968785325,T,IBM,I,13,305.33
2025-12-17,9:59:59.969332581,T,IBM,I,10,305.46
2025-12-17,9:59:59.969429020,T,IBM,F I,25,305.46
2025-12-17,9:59:59.969471012,T,IBM,,40,305.46
2025-12-17,9:59:59.969473993,T,IBM,I,35,305.46
2025-12-17,9:59:59.970006676,T,IBM,F,40,305.43
2025-12-17,9:59:59.970006676,T,IBM,F,44,305.43
2025-12-17,9:59:59.970009398,T,IBM,F I,3,305.42
2025-12-17,9:59:59.970009398,T,IBM,F,46,305.42
2025-12-17,9:59:59.970030317,T,IBM,F,54,305.42
2025-12-17,9:59:59.970033337,T,IBM,F I,30,305.42
2025-12-17,9:59:59.970159556,T,IBM,F I,3,305.42
2025-12-17,9:59:59.997954733,T,IBM,F I,18,305.43
2025-12-17,10:00:00.001412994,T,IBM,F I,18,305.47
2025-12-17,10:00:00.142602305,T,IBM,I,5,305.45
2025-12-17,10:00:00.142605164,T,IBM,I,2,305.36
2025-12-17,10:00:00.142608272,T,IBM,I,38,305.36
2025-12-17,10:00:00.142608272,T,IBM,,44,305.35
2025-12-17,10:00:00.142611605,T,IBM,,100,305.35
2025-12-17,10:00:00.142611605,T,IBM,,40,305.34
2025-12-17,10:00:00.142614133,T,IBM,,40,305.33
2025-12-17,10:00:00.142614133,T,IBM,I,3,305.33
2025-12-17,10:00:00.166851852,T,IBM,,100,305.34
2025-12-17,10:00:00.166851852,T,IBM,,80,305.33
2025-12-17,10:00:00.540298916,T,IBM,F I,2,305.42
2025-12-17,10:00:22.363388650,T,IBM,I,1,305.28
2025-12-17,10:00:22.363388650,T,IBM,I,10,305.28
2025-12-17,10:00:22.366107139,T,IBM,F,40,305.26
2025-12-17,10:00:22.367060426,T,IBM,I,27,305.19
2025-12-17,10:00:37.021330286,T,IBM,F I,1,305.15
2025-12-17,10:00:44.413182492,T,IBM,,100,304.9
2025-12-17,10:00:44.413182492,T,IBM,I,5,304.88
2025-12-17,10:00:44.413185207,T,IBM,,100,304.84
2025-12-17,10:00:44.413189043,T,IBM,,40,304.84
2025-12-17,10:00:44.413189043,T,IBM,,40,304.83
2025-12-17,10:00:44.413191364,T,IBM,I,2,304.83
2025-12-17,10:00:44.413194197,T,IBM,I,2,304.83
2025-12-17,10:00:44.413194197,T,IBM,,40,304.83
2025-12-17,10:00:44.424832473,T,IBM,,100,304.79
2025-12-17,10:00:44.424832473,T,IBM,,80,304.79
2025-12-17,10:00:44.424834999,T,IBM,I,20,304.79
2025-12-17,10:00:44.424834999,T,IBM,,80,304.78
2025-12-17,10:00:44.424837960,T,IBM,I,30,304.78
2025-12-17,10:00:44.427641072,T,IBM,F I,5,304.85
2025-12-17,10:00:44.427646579,T,IBM,F I,2,304.88
2025-12-17,10:00:44.427649646,T,IBM,F I,14,304.89
2025-12-17,10:00:44.427649646,T,IBM,F I,3,304.89
2025-12-17,10:00:44.427653233,T,IBM,F I,5,304.9
2025-12-17,10:00:52.570392215,T,IBM,F I,2,304.82
2025-12-17,10:00:52.570392215,T,IBM,F I,28,304.8
2025-12-17,10:00:57.205193888,T,IBM,,40,304.8
2025-12-17,10:00:57.205891543,T,IBM,F,40,304.79
2025-12-17,10:00:57.205891543,T,IBM,F I,1,304.79
2025-12-17,10:00:57.578439599,T,IBM,F I,6,304.77
2025-12-17,10:00:57.578998937,T,IBM,F I,16,304.74
2025-12-17,10:01:18.013205412,T,IBM,F I,22,304.64
2025-12-17,10:01:18.013220387,T,IBM,I,18,304.64
2025-12-17,10:01:18.013220387,T,IBM,I,4,304.62
2025-12-17,10:01:18.013232373,T,IBM,F I,18,304.62
2025-12-17,10:01:23.001014220,T,IBM,,40,304.51
2025-12-17,10:01:23.001017207,T,IBM,I,1,304.51
2025-12-17,10:01:25.054750302,T,IBM,F I,18,304.53
2025-12-17,10:01:28.610189317,T,IBM,I,18,304.57
2025-12-17,10:01:28.610189317,T,IBM,I,5,304.58
2025-12-17,10:01:28.610195434,T,IBM,I,2,304.58
2025-12-17,10:01:28.610198395,T,IBM,I,25,304.59
2025-12-17,10:01:28.610204837,T,IBM,,80,304.64
2025-12-17,10:01:28.610207353,T,IBM,,150,304.66
2025-12-17,10:01:28.610207353,T,IBM,,100,304.66
2025-12-17,10:01:28.610210376,T,IBM,I,10,304.67
2025-12-17,10:01:28.610210376,T,IBM,,80,304.67
2025-12-17,10:01:28.621529383,T,IBM,,40,304.87
2025-12-17,10:01:28.623504985,T,IBM,,92,304.91
2025-12-17,10:01:28.660285570,T,IBM,I,2,304.85
2025-12-17,10:01:28.660288782,T,IBM,I,5,304.82
2025-12-17,10:01:28.660288782,T,IBM,I,18,304.8
2025-12-17,10:01:28.660291796,T,IBM,,44,304.79
2025-12-17,10:01:28.660294651,T,IBM,I,10,304.79
2025-12-17,10:01:28.660294651,T,IBM,I,10,304.78
2025-12-17,10:01:28.660311350,T,IBM,F I,20,304.78
2025-12-17,10:01:28.660318658,T,IBM,F,59,304.78
2025-12-17,10:01:28.660321659,T,IBM,F,49,304.78
2025-12-17,10:01:40.416739785,T,IBM,,40,304.6
2025-12-17,10:01:40.423090995,T,IBM,I,15,304.58
2025-12-17,10:01:40.423090995,T,IBM,I,4,304.58
2025-12-17,10:01:40.423090995,T,IBM,I,21,304.58
2025-12-17,10:01:40.423632568,T,IBM,F I,19,304.58
2025-12-17,10:01:40.423632568,T,IBM,F I,23,304.57
2025-12-17,10:01:40.423653244,T,IBM,I,1,304.57
2025-12-17,10:01:40.423662534,T,IBM,F I,16,304.57
2025-12-17,10:01:40.423662534,T,IBM,F I,2,304.57
2025-12-17,10:01:40.423729053,T,IBM,,50,304.56
2025-12-17,10:01:40.423729053,T,IBM,I,4,304.56
2025-12-17,10:01:40.423990056,T,IBM,I,10,304.58
2025-12-17,10:01:46.425795077,T,IBM,F I,15,304.68
2025-12-17,10:01:46.425797987,T,IBM,F I,3,304.68
2025-12-17,10:01:46.425797987,T,IBM,F I,15,304.69
2025-12-17,10:01:46.425810116,T,IBM,F I,18,304.69
2025-12-17,10:02:04.998137384,T,IBM,,80,304.54
2025-12-17,10:02:05.441729572,T,IBM,I,1,304.49
2025-12-17,10:02:14.629865656,T,IBM,I,5,304.4
2025-12-17,10:02:14.629865656,T,IBM,I,35,304.32
2025-12-17,10:02:58.109235609,T,IBM,F I,5,304.46
2025-12-17,10:02:58.109238598,T,IBM,F I,5,304.46
2025-12-17,10:03:05.188655782,T,IBM,,100,304.42
2025-12-17,10:03:05.191214962,T,IBM,I,25,304.42
2025-12-17,10:03:05.193437205,T,IBM,,40,304.32
2025-12-17,10:03:05.196071872,T,IBM,I,13,304.32
2025-12-17,10:03:05.196071872,T,IBM,I,4,304.32
2025-12-17,10:03:09.625745808,T,IBM,F I,2,304.31
2025-12-17,10:03:09.625745808,T,IBM,F I,34,304.31
2025-12-17,10:03:09.629234136,T,IBM,I,18,304.32
2025-12-17,10:03:09.629234136,T,IBM,I,22,304.3
2025-12-17,10:03:10.693127821,T,IBM,,41,304.45
2025-12-17,10:03:10.693166865,T,IBM,F I,2,304.46
2025-12-17,10:03:19.672886050,T,IBM,I,10,304.35
2025-12-17,10:03:20.853890516,T,IBM,F I,25,304.42
2025-12-17,10:03:21.218839303,T,IBM,I,10,304.35
2025-12-17,10:03:21.223519428,T,IBM,F I,5,304.35
2025-12-17,10:03:21.223519428,T,IBM,F,40,304.34
2025-12-17,10:03:21.223524478,T,IBM,F,63,304.34
2025-12-17,10:03:21.223524478,T,IBM,F I,35,304.34
2025-12-17,10:03:21.223527439,T,IBM,F I,5,304.34
2025-12-17,10:03:23.510489815,T,IBM,,50,304.28
2025-12-17,10:03:26.528513573,T,IBM,F I,37,304.24
2025-12-17,10:03:26.528531566,T,IBM,I,1,304.24
2025-12-17,10:03:26.528531566,T,IBM,F I,2,304.24
2025-12-17,10:03:26.528534847,T,IBM,F I,3,304.24
2025-12-17,10:03:26.528537554,T,IBM,F I,1,304.24
2025-12-17,10:03:26.528723993,T,IBM,,40,304.23
2025-12-17,10:03:26.528727094,T,IBM,I,1,304.23
2025-12-17,10:03:31.260566714,T,IBM,I,10,304.3
2025-12-17,10:03:47.074117461,T,IBM,F I,1,304.31
2025-12-17,10:04:06.536329192,T,IBM,F I,20,304.38
2025-12-17,10:04:07.039231473,T,IBM,I,25,304.38
2025-12-17,10:04:07.039262356,T,IBM,F I,22,304.39
2025-12-17,10:04:07.039268059,T,IBM,F I,10,304.39
2025-12-17,10:04:07.039268059,T,IBM,F I,3,304.39
2025-12-17,10:04:07.039273906,T,IBM,F I,5,304.39
2025-12-17,10:04:07.039277460,T,IBM,F I,26,304.39
2025-12-17,10:04:07.137121241,T,IBM,F I,2,304.47
2025-12-17,10:04:07.137123515,T,IBM,F,49,304.47
2025-12-17,10:04:07.137132486,T,IBM,,40,304.47
2025-12-17,10:04:07.137135561,T,IBM,I,9,304.48
2025-12-17,10:04:07.137142154,T,IBM,I,9,304.48
2025-12-17,10:04:07.141913945,T,IBM,I,22,304.445
2025-12-17,10:04:07.142698824,T,IBM,,100,304.445
2025-12-17,10:04:11.282813708,T,IBM,F I,1,304.445
2025-12-17,10:04:13.794422884,T,IBM,F I,15,304.28
2025-12-17,10:04:13.794426542,T,IBM,F I,4,304.28
2025-12-17,10:04:13.794426542,T,IBM,F I,21,304.27
2025-12-17,10:04:13.794447126,T,IBM,I,1,304.27
2025-12-17,10:04:13.794449931,T,IBM,F I,18,304.27
2025-12-17,10:04:13.794453070,T,IBM,F I,1,304.27
2025-12-17,10:04:13.794455930,T,IBM,F I,1,304.27
2025-12-17,10:04:13.794477681,T,IBM,F I,39,304.27
2025-12-17,10:04:13.794477681,T,IBM,F I,11,304.27
2025-12-17,10:04:30.595040098,T,IBM,F I,6,304.3
2025-12-17,10:04:37.235030029,T,IBM,I,18,304.24
2025-12-17,10:04:37.235033216,T,IBM,,40,304.23
2025-12-17,10:04:37.235033216,T,IBM,,40,304.23
2025-12-17,10:04:37.240033886,T,IBM,,160,304.22
2025-12-17,10:04:37.240088052,T,IBM,,100,304.22
2025-12-17,10:04:37.241937446,T,IBM,I,1,304.17
2025-12-17,10:04:37.245296409,T,IBM,,77,304.07
2025-12-17,10:04:37.245296409,T,IBM,,40,304.05
2025-12-17,10:04:37.245299440,T,IBM,,40,304.05
2025-12-17,10:04:37.249861309,T,IBM,F I,9,304.11
2025-12-17,10:04:37.249897470,T,IBM,F I,9,304.08
2025-12-17,10:04:37.910876909,T,IBM,,40,304.13
2025-12-17,10:04:37.910879894,T,IBM,,100,304.12
2025-12-17,10:04:37.910883641,T,IBM,,100,304.1
2025-12-17,10:04:37.910883641,T,IBM,I,2,304.1
2025-12-17,10:04:37.910886048,T,IBM,,100,304.09
2025-12-17,10:04:37.910886048,T,IBM,I,12,304.09
2025-12-17,10:04:37.910888908,T,IBM,,40,304.09
2025-12-17,10:04:37.911292015,T,IBM,I,18,304.2
2025-12-17,10:04:37.911295108,T,IBM,I,3,304.22
2025-12-17,10:04:37.911295108,T,IBM,I,18,304.22
2025-12-17,10:04:37.917718279,T,IBM,F I,5,304.22
2025-12-17,10:04:37.920752469,T,IBM,F I,9,304.18
2025-12-17,10:04:37.920752469,T,IBM,F I,3,304.15
2025-12-17,10:04:59.216780485,T,IBM,I,5,304.205
2025-12-17,10:05:12.204696650,T,IBM,F I,5,304.28
2025-12-17,10:05:12.204747801,T,IBM,F I,25,304.29
2025-12-17,10:05:12.217419873,T,IBM,F I,20,304.35
2025-12-17,10:05:21.728272402,T,IBM,F I,1,304.49
2025-12-17,10:05:21.728299596,T,IBM,F I,1,304.5
2025-12-17,10:05:21.728302964,T,IBM,F I,1,304.5
2025-12-17,10:05:21.728305400,T,IBM,F I,1,304.52
2025-12-17,10:05:21.728509941,T,IBM,F I,1,304.53
2025-12-17,10:05:21.746167939,T,IBM,I,5,304.52
2025-12-17,10:05:29.197636793,T,IBM,,40,304.515
2025-12-17,10:05:30.321111381,T,IBM,,40,304.515
2025-12-17,10:05:54.844160730,T,IBM,F I,1,304.69
2025-12-17,10:05:54.844163726,T,IBM,F I,1,304.69
2025-12-17,10:05:54.844178764,T,IBM,I,1,304.69
2025-12-17,10:05:54.844211845,T,IBM,F I,3,304.69
2025-12-17,10:05:54.844293739,T,IBM,F I,1,304.68
2025-12-17,10:05:54.844404745,T,IBM,F I,25,304.68
2025-12-17,10:05:54.844870486,T,IBM,F I,25,304.68
2025-12-17,10:06:00.134844591,T,IBM,I,1,304.75
2025-12-17,10:06:00.134877638,T,IBM,F I,1,304.78
2025-12-17,10:06:17.310854555,T,IBM,F,40,304.64
2025-12-17,10:06:17.310854555,T,IBM,F I,1,304.64
2025-12-17,10:06:17.310896367,T,IBM,F I,28,304.63
2025-12-17,10:06:17.310899353,T,IBM,F I,10,304.63
2025-12-17,10:06:17.310962421,T,IBM,F I,2,304.63
2025-12-17,10:06:22.977482014,T,IBM,I,5,304.66
2025-12-17,10:06:23.011389758,T,IBM,,80,304.77
2025-12-17,10:06:23.011392754,T,IBM,I,2,304.77
2025-12-17,10:06:23.957423910,T,IBM,I,15,304.83
2025-12-17,10:06:23.957426838,T,IBM,I,6,304.83
2025-12-17,10:06:31.650217341,T,IBM,F I,2,304.76
2025-12-17,10:06:49.124964247,T,IBM,I,7,304.7
2025-12-17,10:06:49.125126649,T,IBM,,133,304.76
2025-12-17,10:06:49.257716272,T,IBM,,150,304.79
2025-12-17,10:06:49.257718411,T,IBM,I,2,304.79
2025-12-17,10:06:49.257721233,T,IBM,,48,304.79
2025-12-17,10:06:49.259017308,T,IBM,F I,26,304.8
2025-12-17,10:06:49.259038406,T,IBM,F,74,304.8
2025-12-17,10:06:49.259038406,T,IBM,F,100,304.8
2025-12-17,10:06:49.259089520,T,IBM,I,6,304.86
2025-12-17,10:06:49.259089520,T,IBM,,40,304.86
2025-12-17,10:06:49.259119800,T,IBM,,40,304.86
2025-12-17,10:06:49.259122646,T,IBM,F I,5,304.86
2025-12-17,10:06:49.259125620,T,IBM,F I,35,304.86
2025-12-17,10:06:49.259140776,T,IBM,F I,5,304.86
2025-12-17,10:06:49.259143651,T,IBM,F I,35,304.86
2025-12-17,10:06:49.259149702,T,IBM,I,5,304.86
2025-12-17,10:06:49.259549576,T,IBM,F I,25,304.8
2025-12-17,10:06:49.259609961,T,IBM,,100,304.86
2025-12-17,10:06:49.259636777,T,IBM,F I,25,304.81
2025-12-17,10:06:49.259669921,T,IBM,F I,25,304.81
2025-12-17,10:06:49.259917175,T,IBM,,100,304.86
2025-12-17,10:06:49.259919471,T,IBM,,80,304.86
2025-12-17,10:06:49.362755342,T,IBM,F I,2,304.79
2025-12-17,10:06:56.974391387,T,IBM,F I,13,304.66
2025-12-17,10:06:56.974395071,T,IBM,F I,9,304.66
2025-12-17,10:06:56.974395071,T,IBM,F I,15,304.65
2025-12-17,10:06:56.974400472,T,IBM,F I,25,304.65
2025-12-17,10:06:56.974400472,T,IBM,F I,11,304.65
2025-12-17,10:06:56.974403810,T,IBM,F I,27,304.65
2025-12-17,10:06:56.974421449,T,IBM,F I,22,304.65
2025-12-17,10:06:56.974481656,T,IBM,,100,304.65
2025-12-17,10:06:57.026914379,T,IBM,I,6,304.64
2025-12-17,10:06:57.367060116,T,IBM,I,1,304.61
2025-12-17,10:06:57.367063303,T,IBM,I,33,304.6
2025-12-17,10:06:57.367126276,T,IBM,F I,7,304.6
2025-12-17,10:06:57.675720986,T,IBM,F I,13,304.69
2025-12-17,10:07:00.913950007,T,IBM,,40,304.61
2025-12-17,10:07:00.913950007,T,IBM,I,10,304.61
2025-12-17,10:07:00.913952860,T,IBM,I,7,304.61
2025-12-17,10:07:00.913970986,T,IBM,I,1,304.61
2025-12-17,10:07:00.913970986,T,IBM,I,22,304.61
2025-12-17,10:07:03.123092911,T,IBM,F I,31,304.71
2025-12-17,10:07:03.568961250,T,IBM,F I,5,304.82
2025-12-17,10:07:11.914461454,T,IBM,I,25,304.865
2025-12-17,10:07:16.167675586,T,IBM,,100,304.865
2025-12-17,10:07:16.185132054,T,IBM,F I,20,304.75
2025-12-17,10:07:16.185132054,T,IBM,F I,2,304.75
2025-12-17,10:07:16.185135924,T,IBM,F I,10,304.74
2025-12-17,10:07:16.185138073,T,IBM,F I,8,304.74
2025-12-17,10:07:16.185138073,T,IBM,F I,32,304.74
2025-12-17,10:07:17.394830849,T,IBM,I,16,304.68
2025-12-17,10:07:17.394830849,T,IBM,I,7,304.68
2025-12-17,10:07:32.146496300,T,IBM,,40,304.68
2025-12-17,10:07:45.927568163,T,IBM,I,4,304.68
2025-12-17,10:07:45.927592264,T,IBM,I,36,304.68
2025-12-17,10:07:45.927604198,T,IBM,F,40,304.67
2025-12-17,10:07:45.927604198,T,IBM,F,40,304.67
2025-12-17,10:08:03.238914980,T,IBM,F I,20,304.58
2025-12-17,10:08:30.092069846,T,IBM,I,5,304.58
2025-12-17,10:08:32.146013377,T,IBM,F I,5,304.58
2025-12-17,10:08:32.146016408,T,IBM,F I,3,304.57
2025-12-17,10:08:32.146034451,T,IBM,F,40,304.65
2025-12-17,10:08:32.146034451,T,IBM,F I,37,304.57
2025-12-17,10:08:32.146037470,T,IBM,F I,36,304.57
2025-12-17,10:08:32.146068165,T,IBM,F,46,304.56
2025-12-17,10:08:32.569006352,T,IBM,,40,304.56
2025-12-17,10:08:32.569033778,T,IBM,F I,4,304.56
2025-12-17,10:08:32.569036470,T,IBM,F I,18,304.56
2025-12-17,10:08:32.569039424,T,IBM,F,40,304.57
2025-12-17,10:08:32.569039424,T,IBM,F I,5,304.57
2025-12-17,10:08:32.569622778,T,IBM,F I,2,304.6
2025-12-17,10:08:44.100179188,T,IBM,I,25,304.56
2025-12-17,10:08:52.681713979,T,IBM,F,51,304.46
2025-12-17,10:08:52.681924790,T,IBM,,49,304.46
2025-12-17,10:08:52.681924790,T,IBM,I,2,304.45
2025-12-17,10:08:52.682282420,T,IBM,I,38,304.45
2025-12-17,10:08:52.682282420,T,IBM,I,11,304.45
2025-12-17,10:08:52.692097631,T,IBM,I,5,304.46
2025-12-17,10:08:57.267733354,T,IBM,F I,1,304.41
2025-12-17,10:09:18.600773559,T,IBM,I,2,304.37
2025-12-17,10:09:18.600773559,T,IBM,I,1,304.37
2025-12-17,10:09:18.600779142,T,IBM,,160,304.37
2025-12-17,10:09:18.600779142,T,IBM,I,35,304.37
2025-12-17,10:09:18.600800130,T,IBM,F,73,304.37
2025-12-17,10:09:18.600806096,T,IBM,I,7,304.37
2025-12-17,10:09:18.600809211,T,IBM,F I,3,304.34
2025-12-17,10:09:52.280277710,T,IBM,I,1,304.5
2025-12-17,10:09:52.280277710,T,IBM,I,1,304.5
2025-12-17,10:09:52.280280697,T,IBM,I,14,304.5
2025-12-17,10:09:52.280280697,T,IBM,I,21,304.5
2025-12-17,10:09:52.280298446,T,IBM,I,1,304.5
2025-12-17,10:09:54.801578494,T,IBM,I,11,304.51
2025-12-17,10:09:54.801644661,T,IBM,I,29,304.51
2025-12-17,10:09:54.801647738,T,IBM,I,1,304.51
2025-12-17,10:09:54.801653760,T,IBM,F I,30,304.51
2025-12-17,10:09:54.801656671,T,IBM,F I,30,304.51
2025-12-17,10:09:58.749482019,T,IBM,,40,304.49
2025-12-17,10:10:03.239948757,T,IBM,F,160,304.37
2025-12-17,10:10:03.240068937,T,IBM,I,1,304.37
2025-12-17,10:10:03.240087085,T,IBM,I,13,304.37
2025-12-17,10:10:03.241097746,T,IBM,I,15,304.36
2025-12-17,10:10:03.242760436,T,IBM,I,25,304.31
2025-12-17,10:10:03.242796462,T,IBM,F I,10,304.3
2025-12-17,10:10:03.243418954,T,IBM,I,30,304.3
2025-12-17,10:10:06.584588952,T,IBM,F,40,304.33
2025-12-17,10:10:06.584603847,T,IBM,F I,5,304.33
2025-12-17,10:10:08.010210597,T,IBM,I,1,304.74
2025-12-17,10:10:10.671146155,T,IBM,F,40,304.67
2025-12-17,10:10:10.671149327,T,IBM,F I,4,304.67
2025-12-17,10:10:10.671149327,T,IBM,F I,20,304.67
2025-12-17,10:10:10.671657410,T,IBM,,46,304.67
2025-12-17,10:10:30.376290635,T,IBM,F I,25,304.64
2025-12-17,10:10:36.623271827,T,IBM,,40,304.71
2025-12-17,10:10:59.070716425,T,IBM,I,5,304.82
2025-12-17,10:10:59.070770461,T,IBM,F I,10,304.83
2025-12-17,10:11:11.710622478,T,IBM,I,3,304.8
2025-12-17,10:11:11.710625547,T,IBM,I,12,304.8
2025-12-17,10:11:11.711157749,T,IBM,F I,7,304.8
2025-12-17,10:11:11.711305124,T,IBM,F,40,304.77
2025-12-17,10:11:23.297437182,T,IBM,F I,12,304.88
2025-12-17,10:11:23.297437182,T,IBM,F I,10,304.88
2025-12-17,10:11:23.297439864,T,IBM,F I,18,304.89
2025-12-17,10:11:23.297442885,T,IBM,F I,2,304.89
2025-12-17,10:11:23.297442885,T,IBM,F I,2,304.89
2025-12-17,10:11:23.297445890,T,IBM,F I,16,304.89
2025-12-17,10:11:23.297448936,T,IBM,F I,1,304.89
2025-12-17,10:11:23.297471535,T,IBM,F I,3,304.89
2025-12-17,10:11:23.297475975,T,IBM,F,40,304.9
2025-12-17,10:11:23.297475975,T,IBM,F I,20,304.9
2025-12-17,10:11:23.297478926,T,IBM,F I,5,304.9
2025-12-17,10:11:23.316129369,T,IBM,I,10,304.89
2025-12-17,10:11:27.910168777,T,IBM,F I,25,304.82
2025-12-17,10:11:28.493852392,T,IBM,F,40,304.77
2025-12-17,10:11:28.493852392,T,IBM,F I,1,304.77
2025-12-17,10:11:28.493894344,T,IBM,F I,34,304.77
2025-12-17,10:11:28.493924577,T,IBM,I,26,304.77
2025-12-17,10:11:28.493924577,T,IBM,I,4,304.77
2025-12-17,10:11:29.160993478,T,IBM,I,12,304.71
2025-12-17,10:11:29.162349620,T,IBM,F I,12,304.69
2025-12-17,10:12:15.728001229,T,IBM,I,1,304.43
2025-12-17,10:12:15.728004313,T,IBM,I,39,304.43
2025-12-17,10:12:24.592386623,T,IBM,I,5,304.52
2025-12-17,10:12:28.528994891,T,IBM,I,18,304.57
2025-12-17,10:12:28.528997897,T,IBM,I,12,304.57
2025-12-17,10:12:39.950030391,T,IBM,I,5,304.63
2025-12-17,10:12:51.708411912,T,IBM,I,13,304.65
2025-12-17,10:12:51.708415022,T,IBM,I,3,304.65
2025-12-17,10:12:52.085392415,T,IBM,I,5,304.67
2025-12-17,10:12:52.085702132,T,IBM,I,1,304.67
2025-12-17,10:12:53.910097823,T,IBM,I,34,304.57
2025-12-17,10:12:53.910113009,T,IBM,I,1,304.57
2025-12-17,10:12:53.910118646,T,IBM,F I,5,304.57
2025-12-17,10:12:53.910118646,T,IBM,F I,1,304.57
2025-12-17,10:12:57.605748264,T,IBM,I,7,304.57
2025-12-17,10:12:58.668237233,T,IBM,I,10,304.68
2025-12-17,10:13:06.370572171,T,IBM,I,4,304.8
2025-12-17,10:13:06.370572171,T,IBM,I,13,304.8
2025-12-17,10:13:07.908775843,T,IBM,F I,20,304.86
2025-12-17,10:13:07.908941269,T,IBM,F I,20,304.86
2025-12-17,10:13:09.828401749,T,IBM,F I,9,304.79
2025-12-17,10:13:09.828846823,T,IBM,F I,6,304.79
2025-12-17,10:13:09.828958019,T,IBM,I,3,304.78
2025-12-17,10:13:13.525555987,T,IBM,F I,16,304.72
2025-12-17,10:13:13.525574104,T,IBM,F I,24,304.72
2025-12-17,10:13:15.861044839,T,IBM,I,6,304.79
2025-12-17,10:13:18.741650305,T,IBM,I,2,304.77
2025-12-17,10:13:19.517687129,T,IBM,F I,20,304.87
2025-12-17,10:13:46.264268137,T,IBM,F I,2,305.05
2025-12-17,10:13:47.720914683,T,IBM,F I,2,305.05
2025-12-17,10:13:49.355128025,T,IBM,F I,2,305.05
2025-12-17,10:13:51.484298671,T,IBM,F I,5,305.05
2025-12-17,10:13:51.484310752,T,IBM,F I,1,305.06
2025-12-17,10:13:51.484334832,T,IBM,,99,305.06
2025-12-17,10:13:52.902159224,T,IBM,F I,16,305.15
2025-12-17,10:13:57.175000814,T,IBM,I,20,305.19
2025-12-17,10:13:57.175024940,T,IBM,F,50,305.2
2025-12-17,10:13:57.175045972,T,IBM,I,1,305.2
2025-12-17,10:13:57.175045972,T,IBM,I,4,305.2
2025-12-17,10:14:03.908435336,T,IBM,I,12,305.2
2025-12-17,10:14:10.296061494,T,IBM,,100,305.275
2025-12-17,10:14:11.110818432,T,IBM,F I,25,305.23
2025-12-17,10:14:11.825667880,T,IBM,I,20,305.18
2025-12-17,10:14:13.560013606,T,IBM,F I,1,305.17
2025-12-17,10:14:13.560013606,T,IBM,F,40,305.16
2025-12-17,10:14:13.560341374,T,IBM,F I,12,305.16
2025-12-17,10:14:13.560380475,T,IBM,,68,305.16
2025-12-17,10:14:13.560810494,T,IBM,F,40,305.16
2025-12-17,10:14:23.027941677,T,IBM,I,1,305.22
2025-12-17,10:14:23.122459722,T,IBM,I,4,305.22
2025-12-17,10:14:37.207110347,T,IBM,F I,5,305.3
2025-12-17,10:14:37.548149101,T,IBM,F I,3,305.25
2025-12-17,10:14:38.820664378,T,IBM,I,15,305.3
2025-12-17,10:14:38.820664378,T,IBM,I,5,305.3
2025-12-17,10:14:38.820691500,T,IBM,F,80,305.31
2025-12-17,10:14:48.109287766,T,IBM,F I,1,305.39
2025-12-17,10:14:51.955031930,T,IBM,I,5,305.385
2025-12-17,10:15:04.431757809,T,IBM,I,4,305.31
2025-12-17,10:15:04.431775834,T,IBM,F I,13,305.31
2025-12-17,10:15:04.431778890,T,IBM,F I,20,305.31
2025-12-17,10:15:05.032131079,T,IBM,I,5,305.34
2025-12-17,10:15:05.032134070,T,IBM,,96,305.34
2025-12-17,10:15:09.892972018,T,IBM,I,13,305.34
2025-12-17,10:15:09.892974905,T,IBM,I,15,305.38
2025-12-17,10:15:09.892977701,T,IBM,I,20,305.38
2025-12-17,10:15:11.787791466,T,IBM,F I,15,305.4
2025-12-17,10:15:11.787809499,T,IBM,F I,3,305.4
2025-12-17,10:15:11.787812555,T,IBM,F I,17,305.4
2025-12-17,10:15:12.496536710,T,IBM,F I,1,305.5
2025-12-17,10:15:12.496554763,T,IBM,I,1,305.5
2025-12-17,10:15:12.496554763,T,IBM,F I,1,305.5
2025-12-17,10:15:12.496560760,T,IBM,F I,1,305.5
2025-12-17,10:15:12.496591190,T,IBM,F I,1,305.5
2025-12-17,10:15:12.496999875,T,IBM,I,1,305.5
2025-12-17,10:15:20.921961173,T,IBM,F I,1,305.56
2025-12-17,10:15:22.655107085,T,IBM,I,18,305.47
2025-12-17,10:15:29.077595325,T,IBM,,40,305.46
2025-12-17,10:15:29.077616420,T,IBM,I,6,305.46
2025-12-17,10:15:29.077890013,T,IBM,F I,26,305.45
2025-12-17,10:15:29.078097487,T,IBM,I,14,305.45
2025-12-17,10:15:31.128976980,T,IBM,I,5,305.3
2025-12-17,10:15:34.198711668,T,IBM,F,160,305.26
2025-12-17,10:15:34.198771700,T,IBM,,100,305.26
2025-12-17,10:15:34.198846897,T,IBM,F I,3,305.27
2025-12-17,10:15:34.198973229,T,IBM,I,2,305.26
2025-12-17,10:15:34.199207838,T,IBM,I,3,305.25
2025-12-17,10:15:34.199331039,T,IBM,I,2,305.25
2025-12-17,10:15:34.199334074,T,IBM,I,2,305.26
2025-12-17,10:15:34.199370185,T,IBM,I,2,305.26
2025-12-17,10:15:45.973431345,T,IBM,I,38,305.32
2025-12-17,10:15:45.973431345,T,IBM,I,2,305.33
2025-12-17,10:15:51.930315184,T,IBM,I,1,305.24
2025-12-17,10:15:51.930390960,T,IBM,F I,1,305.23
2025-12-17,10:15:51.930393994,T,IBM,F,54,305.23
2025-12-17,10:15:51.930396812,T,IBM,F,66,305.23
2025-12-17,10:15:51.930399394,T,IBM,F,40,305.23
2025-12-17,10:15:51.930399394,T,IBM,F I,20,305.23
2025-12-17,10:15:51.930859493,T,IBM,F I,4,305.2
2025-12-17,10:15:51.931845884,T,IBM,F I,1,305.18
2025-12-17,10:15:51.931848894,T,IBM,F I,5,305.17
2025-12-17,10:15:51.951981809,T,IBM,I,20,305.135
2025-12-17,10:15:53.298936280,T,IBM,F I,18,305.15
2025-12-17,10:15:53.298936280,T,IBM,F I,30,305.16
2025-12-17,10:15:53.298939367,T,IBM,F I,10,305.17
2025-12-17,10:15:53.298963329,T,IBM,F I,10,305.17
2025-12-17,10:15:53.298963329,T,IBM,F I,30,305.18
2025-12-17,10:15:53.298984434,T,IBM,F I,28,305.18
2025-12-17,10:16:38.931332581,T,IBM,,40,305.04
2025-12-17,10:16:38.931335821,T,IBM,I,20,305.05
2025-12-17,10:16:38.931338465,T,IBM,,40,305.06
2025-12-17,10:16:38.931338465,T,IBM,I,1,305.06
2025-12-17,10:16:38.931341420,T,IBM,I,20,305.06
2025-12-17,10:16:38.931356895,T,IBM,I,24,305.06
2025-12-17,10:16:38.931359405,T,IBM,I,1,305.06
2025-12-17,10:16:38.931359405,T,IBM,F I,35,305.06
2025-12-17,10:16:39.700241905,T,IBM,,40,305.07
2025-12-17,10:16:39.700245216,T,IBM,I,26,305.07
2025-12-17,10:17:02.102017374,T,IBM,I,4,304.99
2025-12-17,10:17:02.102408337,T,IBM,I,6,304.99
2025-12-17,10:17:03.205740868,T,IBM,,40,304.93
2025-12-17,10:17:03.206288542,T,IBM,F I,18,304.97
2025-12-17,10:17:03.206288542,T,IBM,F I,7,304.97
2025-12-17,10:17:03.206309673,T,IBM,I,13,304.98
2025-12-17,10:17:03.206312225,T,IBM,,40,304.98
2025-12-17,10:17:03.206390394,T,IBM,F,40,304.95
2025-12-17,10:17:03.206399505,T,IBM,I,15,304.95
2025-12-17,10:17:03.206487212,T,IBM,F I,5,305.05
2025-12-17,10:17:03.206487212,T,IBM,F I,35,305.06
2025-12-17,10:17:03.206537783,T,IBM,F I,5,305.06
2025-12-17,10:17:03.206811481,T,IBM,F,40,305.15
2025-12-17,10:17:03.206811481,T,IBM,F I,20,305.15
2025-12-17,10:17:03.206976803,T,IBM,F I,39,305.14
2025-12-17,10:17:03.207004001,T,IBM,F I,39,305.14
2025-12-17,10:17:03.207009895,T,IBM,I,39,305.14
2025-12-17,10:17:03.207058051,T,IBM,,207,305.14
2025-12-17,10:17:03.207421880,T,IBM,I,11,305.15
2025-12-17,10:17:03.207464543,T,IBM,,89,305.15
2025-12-17,10:17:03.207464543,T,IBM,,84,305.15
2025-12-17,10:17:03.207466949,T,IBM,I,11,305.14
2025-12-17,10:17:03.208552593,T,IBM,I,15,305.03
2025-12-17,10:17:03.208552593,T,IBM,I,25,305.0
2025-12-17,10:17:03.215571558,T,IBM,I,20,305.13
2025-12-17,10:17:03.215571558,T,IBM,I,4,305.13
2025-12-17,10:17:03.215574255,T,IBM,,76,305.14
2025-12-17,10:17:03.215595307,T,IBM,I,1,305.14
2025-12-17,10:17:03.215682506,T,IBM,I,23,305.14
2025-12-17,10:17:03.215685525,T,IBM,,77,305.14
2025-12-17,10:17:03.215799840,T,IBM,I,23,305.14
2025-12-17,10:17:03.215799840,T,IBM,I,25,305.14
2025-12-17,10:17:03.215803462,T,IBM,I,2,305.14
2025-12-17,10:17:03.215803462,T,IBM,,50,305.14
2025-12-17,10:17:03.215856918,T,IBM,I,35,305.14
2025-12-17,10:17:03.215859979,T,IBM,,65,305.14
2025-12-17,10:17:03.215965720,T,IBM,,100,305.14
2025-12-17,10:17:03.216605750,T,IBM,I,11,305.13
2025-12-17,10:17:03.221994543,T,IBM,F,100,305.13
2025-12-17,10:17:03.221994543,T,IBM,F,40,305.13
2025-12-17,10:17:03.221998178,T,IBM,F,673,305.13
2025-12-17,10:17:03.222000546,T,IBM,F I,11,305.13
2025-12-17,10:17:03.222000546,T,IBM,F I,34,305.14
2025-12-17,10:17:03.225100973,T,IBM,I,1,305.14
2025-12-17,10:17:03.225158181,T,IBM,I,15,305.09
2025-12-17,10:17:03.225158181,T,IBM,I,6,305.08
2025-12-17,10:17:03.225161163,T,IBM,I,19,305.08
2025-12-17,10:17:03.225248266,T,IBM,I,6,305.14
2025-12-17,10:17:03.226911251,T,IBM,I,34,305.09
2025-12-17,10:17:03.229717135,T,IBM,,40,305.14
2025-12-17,10:17:03.239333825,T,IBM,,40,305.15
2025-12-17,10:17:03.239351893,T,IBM,F I,6,305.15
2025-12-17,10:17:03.239372908,T,IBM,I,34,305.15
2025-12-17,10:17:03.240642167,T,IBM,I,18,305.16
2025-12-17,10:17:03.240645005,T,IBM,I,22,305.14
2025-12-17,10:17:10.800792530,T,IBM,I,20,305.24
2025-12-17,10:17:10.800858859,T,IBM,I,20,305.25
2025-12-17,10:17:10.800861755,T,IBM,,40,305.25
2025-12-17,10:17:10.800891762,T,IBM,F I,6,305.26
2025-12-17,10:17:10.801448091,T,IBM,F I,2,305.29
2025-12-17,10:17:16.944355120,T,IBM,F I,5,305.39
2025-12-17,10:17:16.944357872,T,IBM,F,40,305.39
2025-12-17,10:17:16.944360914,T,IBM,F I,33,305.39
2025-12-17,10:17:16.944378901,T,IBM,F,40,305.4
2025-12-17,10:17:16.944382116,T,IBM,F,40,305.4
2025-12-17,10:17:16.944418060,T,IBM,F I,38,305.42
2025-12-17,10:17:16.946135188,T,IBM,I,2,305.42
2025-12-17,10:17:21.069509191,T,IBM,I,20,305.52
2025-12-17,10:17:21.079574140,T,IBM,I,33,305.57
2025-12-17,10:17:23.515598368,T,IBM,F I,33,305.57
2025-12-17,10:17:23.516181739,T,IBM,I,3,305.58
2025-12-17,10:17:23.528607326,T,IBM,I,10,305.63
2025-12-17,10:17:27.826778833,T,IBM,F,58,305.52
2025-12-17,10:17:27.826778833,T,IBM,,42,305.52
2025-12-17,10:17:27.826778833,T,IBM,I,16,305.51
2025-12-17,10:17:27.826787733,T,IBM,I,18,305.54
2025-12-17,10:17:27.826787733,T,IBM,I,24,305.51
2025-12-17,10:17:27.826793484,T,IBM,I,7,305.51
2025-12-17,10:17:27.826793484,T,IBM,I,9,305.51
2025-12-17,10:17:27.826805503,T,IBM,I,1,305.51
2025-12-17,10:17:27.826809692,T,IBM,I,1,305.51
2025-12-17,10:17:27.837932000,T,IBM,I,10,305.58
2025-12-17,10:17:27.848078167,T,IBM,,40,305.5
2025-12-17,10:17:27.848081214,T,IBM,,77,305.5
2025-12-17,10:17:27.848114386,T,IBM,I,23,305.5
2025-12-17,10:17:27.848114386,T,IBM,I,4,305.5
2025-12-17,10:17:27.848141317,T,IBM,F,96,305.5
2025-12-17,10:17:27.848144307,T,IBM,F I,10,305.5
2025-12-17,10:17:28.403166541,T,IBM,F I,16,305.5
2025-12-17,10:17:33.947949459,T,IBM,F I,4,305.5
2025-12-17,10:17:33.947955836,T,IBM,F,44,305.47
2025-12-17,10:17:33.947955836,T,IBM,F,40,305.46
2025-12-17,10:17:33.947958459,T,IBM,F,100,305.46
2025-12-17,10:17:33.947958459,T,IBM,F,100,305.46
2025-12-17,10:17:33.947962003,T,IBM,F,361,305.46
2025-12-17,10:17:33.947973828,T,IBM,F I,39,305.46
2025-12-17,10:17:33.947973828,T,IBM,F I,9,305.46
2025-12-17,10:17:44.260008440,T,IBM,I,1,305.405
2025-12-17,10:17:45.148948685,T,IBM,I,1,305.405
2025-12-17,10:17:46.537074320,T,IBM,,40,305.32
2025-12-17,10:17:46.544510924,T,IBM,F I,31,305.3
2025-12-17,10:17:46.544680069,T,IBM,F,40,305.38
2025-12-17,10:17:46.544680069,T,IBM,F I,20,305.38
2025-12-17,10:17:46.544682407,T,IBM,F I,32,305.39
2025-12-17,10:17:46.544709484,T,IBM,F I,37,305.4
2025-12-17,10:17:46.544760547,T,IBM,F I,20,305.39
2025-12-17,10:17:46.544799708,T,IBM,I,8,305.4
2025-12-17,10:17:46.544938339,T,IBM,F I,2,305.45
2025-12-17,10:17:46.545151539,T,IBM,F I,13,305.46
2025-12-17,10:17:46.545151539,T,IBM,F I,10,305.46
2025-12-17,10:17:46.545187561,T,IBM,I,1,305.46
2025-12-17,10:17:46.545310924,T,IBM,,89,305.46
2025-12-17,10:17:46.545313921,T,IBM,,100,305.46
2025-12-17,10:17:46.545316915,T,IBM,,221,305.46
2025-12-17,10:17:46.545331993,T,IBM,F,40,305.46
2025-12-17,10:17:46.545347022,T,IBM,,43,305.46
2025-12-17,10:17:46.545350007,T,IBM,,96,305.46
2025-12-17,10:17:46.545779968,T,IBM,F I,29,305.45
2025-12-17,10:17:46.546817498,T,IBM,,40,305.46
2025-12-17,10:17:57.998183593,T,IBM,,40,305.42
2025-12-17,10:17:58.910862397,T,IBM,F I,8,305.31
2025-12-17,10:18:00.215891577,T,IBM,F,40,305.3
2025-12-17,10:18:00.215894155,T,IBM,F,40,305.3
2025-12-17,10:18:00.215897184,T,IBM,F,43,305.3
2025-12-17,10:18:00.216636973,T,IBM,F I,1,305.29
2025-12-17,10:18:23.326327907,T,IBM,F I,2,305.4
2025-12-17,10:18:25.214745496,T,IBM,,40,305.41
2025-12-17,10:18:25.214772546,T,IBM,F I,25,305.41
2025-12-17,10:18:31.171656566,T,IBM,F I,20,305.34
2025-12-17,10:18:33.031854941,T,IBM,F I,3,305.3
2025-12-17,10:18:35.385485861,T,IBM,F I,2,305.3
2025-12-17,10:18:35.385503919,T,IBM,F I,35,305.3
2025-12-17,10:18:35.385820056,T,IBM,F I,10,305.28
2025-12-17,10:18:35.385822698,T,IBM,F,40,305.28
2025-12-17,10:18:35.385822698,T,IBM,F I,10,305.28
2025-12-17,10:18:45.093896678,T,IBM,F I,16,305.15
2025-12-17,10:18:47.236208769,T,IBM,I,26,305.25
2025-12-17,10:18:54.646873643,T,IBM,F,63,305.16
2025-12-17,10:18:54.646877165,T,IBM,F I,37,305.16
2025-12-17,10:18:54.646879669,T,IBM,F,44,305.15
2025-12-17,10:18:54.646900785,T,IBM,F I,20,305.15
2025-12-17,10:18:54.646903769,T,IBM,F,80,305.15
2025-12-17,10:18:54.712574088,T,IBM,I,29,305.13
2025-12-17,10:18:54.712592118,T,IBM,I,1,305.13
2025-12-17,10:18:55.678037483,T,IBM,I,3,305.04
2025-12-17,10:18:55.678389307,T,IBM,I,7,305.04
2025-12-17,10:18:56.236866777,T,IBM,F I,8,305.02
2025-12-17,10:19:07.683394380,T,IBM,I,20,305.11
2025-12-17,10:19:07.683394380,T,IBM,I,20,305.12
2025-12-17,10:19:07.683415470,T,IBM,F I,20,305.12
2025-12-17,10:19:07.849236190,T,IBM,I,15,305.12
2025-12-17,10:19:07.881383237,T,IBM,F,40,305.13
2025-12-17,10:19:07.881385854,T,IBM,F I,20,305.13
2025-12-17,10:19:07.881385854,T,IBM,F,40,305.14
2025-12-17,10:19:07.881388803,T,IBM,F I,6,305.14
2025-12-17,10:19:07.881391708,T,IBM,F I,20,305.14
2025-12-17,10:19:07.881403828,T,IBM,,60,305.14
2025-12-17,10:19:09.322614659,T,IBM,I,5,305.2
2025-12-17,10:19:09.603447188,T,IBM,F,40,305.23
2025-12-17,10:19:22.010139481,T,IBM,I,10,305.215
2025-12-17,10:19:32.590104197,T,IBM,F I,20,305.29
2025-12-17,10:19:32.590107278,T,IBM,F I,25,305.3
2025-12-17,10:19:32.590109705,T,IBM,F I,15,305.3
2025-12-17,10:19:32.590112647,T,IBM,F I,5,305.3
2025-12-17,10:19:32.596857857,T,IBM,I,18,305.33
2025-12-17,10:19:32.596857857,T,IBM,I,20,305.31
2025-12-17,10:19:32.596860713,T,IBM,I,9,305.31
2025-12-17,10:19:32.599320736,T,IBM,,40,305.305
2025-12-17,10:19:36.718379524,T,IBM,I,28,305.4
2025-12-17,10:19:36.718484770,T,IBM,I,4,305.41
2025-12-17,10:19:36.722776599,T,IBM,I,18,305.37
2025-12-17,10:19:36.722776599,T,IBM,I,12,305.35
2025-12-17,10:19:36.722779078,T,IBM,I,7,305.35
2025-12-17,10:19:36.722788062,T,IBM,I,18,305.36
2025-12-17,10:19:37.846052063,T,IBM,F I,1,305.37
2025-12-17,10:19:38.162507421,T,IBM,,100,305.37
2025-12-17,10:19:38.162507421,T,IBM,I,1,305.37
2025-12-17,10:19:52.790741453,T,IBM,I,4,305.4
2025-12-17,10:19:53.238579574,T,IBM,I,20,305.43
2025-12-17,10:19:54.651360823,T,IBM,,40,305.38
2025-12-17,10:19:57.026844914,T,IBM,F I,25,305.38
2025-12-17,10:19:59.464944053,T,IBM,I,20,305.43
2025-12-17,10:20:07.405927565,T,IBM,F I,20,305.44
2025-12-17,10:20:07.405927565,T,IBM,F I,8,305.44
2025-12-17,10:20:07.405936446,T,IBM,F I,12,305.44
2025-12-17,10:20:07.405939454,T,IBM,F,40,305.44
2025-12-17,10:20:13.822362057,T,IBM,I,18,305.45
2025-12-17,10:20:13.822365496,T,IBM,,40,305.43
2025-12-17,10:20:13.822365496,T,IBM,I,3,305.43
2025-12-17,10:20:13.822371772,T,IBM,,80,305.43
2025-12-17,10:20:13.822371772,T,IBM,I,8,305.43
2025-12-17,10:20:13.822371772,T,IBM,I,22,305.43
2025-12-17,10:20:13.822395144,T,IBM,I,18,305.43
2025-12-17,10:20:20.044913268,T,IBM,F I,8,305.42
2025-12-17,10:20:20.044913268,T,IBM,F I,20,305.39
2025-12-17,10:20:20.044916190,T,IBM,F I,31,305.38
2025-12-17,10:20:30.976648374,T,IBM,I,10,305.465
2025-12-17,10:20:38.812173732,T,IBM,I,37,305.465
2025-12-17,10:20:38.842413695,T,IBM,,50,305.39
2025-12-17,10:20:45.110081637,T,IBM,F I,7,305.5
2025-12-17,10:20:45.137152062,T,IBM,F I,16,305.5
2025-12-17,10:20:45.137173062,T,IBM,F,84,305.5
2025-12-17,10:20:45.137176085,T,IBM,F,40,305.5
2025-12-17,10:20:45.459089467,T,IBM,I,1,305.59
2025-12-17,10:20:45.459579550,T,IBM,F I,24,305.61
2025-12-17,10:20:45.459603688,T,IBM,I,1,305.61
2025-12-17,10:20:45.459615720,T,IBM,I,4,305.61
2025-12-17,10:20:45.462448426,T,IBM,F I,1,305.63
2025-12-17,10:20:45.705429918,T,IBM,I,3,305.65
2025-12-17,10:20:45.742144292,T,IBM,I,14,305.66
2025-12-17,10:20:49.296678195,T,IBM,F,40,305.63
2025-12-17,10:20:49.296684141,T,IBM,F,60,305.63
2025-12-17,10:20:49.296687149,T,IBM,F,100,305.63
2025-12-17,10:20:49.296987941,T,IBM,F,80,305.61
2025-12-17,10:20:49.297165371,T,IBM,I,34,305.59
2025-12-17,10:20:49.297207430,T,IBM,I,7,305.59
2025-12-17,10:20:49.297736616,T,IBM,F I,32,305.63
2025-12-17,10:20:55.306674556,T,IBM,F I,33,305.67
2025-12-17,10:20:55.449866359,T,IBM,F I,22,305.73
2025-12-17,10:21:05.007516377,T,IBM,F,40,305.65
2025-12-17,10:21:05.007531360,T,IBM,F,50,305.65
2025-12-17,10:21:05.007543426,T,IBM,F I,10,305.65
2025-12-17,10:21:05.007543426,T,IBM,F I,23,305.64
2025-12-17,10:21:05.007546365,T,IBM,F I,17,305.64
2025-12-17,10:21:05.008704146,T,IBM,,100,305.65
2025-12-17,10:21:05.331769213,T,IBM,I,34,305.59
2025-12-17,10:21:05.332223510,T,IBM,,40,305.58
2025-12-17,10:21:05.332244378,T,IBM,I,10,305.58
2025-12-17,10:21:05.333192518,T,IBM,F I,22,305.58
2025-12-17,10:21:05.333192518,T,IBM,F I,18,305.58
2025-12-17,10:21:05.333192518,T,IBM,F I,16,305.58
2025-12-17,10:21:05.333363056,T,IBM,,80,305.58
2025-12-17,10:21:05.333405113,T,IBM,I,10,305.58
2025-12-17,10:21:05.333465771,T,IBM,I,10,305.58
2025-12-17,10:21:05.337603141,T,IBM,F,90,305.58
2025-12-17,10:21:13.834162034,T,IBM,I,2,305.59
2025-12-17,10:21:13.834164993,T,IBM,I,2,305.57
2025-12-17,10:21:20.956560489,T,IBM,I,7,305.615
2025-12-17,10:21:20.956581440,T,IBM,F I,25,305.615
2025-12-17,10:21:35.463449363,T,IBM,I,20,305.71
2025-12-17,10:21:35.463452690,T,IBM,I,20,305.72
2025-12-17,10:21:35.463452690,T,IBM,,80,305.72
2025-12-17,10:21:35.463455760,T,IBM,I,26,305.72
2025-12-17,10:21:35.463455760,T,IBM,F I,14,305.72
2025-12-17,10:21:35.463458374,T,IBM,F I,6,305.72
2025-12-17,10:21:35.482839462,T,IBM,I,20,305.73
2025-12-17,10:21:35.533543271,T,IBM,F,80,305.74
2025-12-17,10:21:35.570711734,T,IBM,I,12,305.71
2025-12-17,10:21:38.350968309,T,IBM,,40,305.69
2025-12-17,10:21:38.350968309,T,IBM,I,8,305.69
2025-12-17,10:21:38.350983622,T,IBM,F I,18,305.69
2025-12-17,10:21:38.350983622,T,IBM,I,1,305.69
2025-12-17,10:21:38.350986489,T,IBM,I,1,305.69
2025-12-17,10:21:48.392774472,T,IBM,F,40,305.6
2025-12-17,10:21:48.392776773,T,IBM,F,100,305.6
2025-12-17,10:21:48.392779816,T,IBM,F,445,305.6
2025-12-17,10:22:04.259896902,T,IBM,F I,1,305.72
2025-12-17,10:22:04.260952812,T,IBM,I,34,305.77
2025-12-17,10:22:04.260982455,T,IBM,F I,10,305.78
2025-12-17,10:22:04.261021588,T,IBM,F I,4,305.78
2025-12-17,10:22:04.261048615,T,IBM,,40,305.77
2025-12-17,10:22:04.261253162,T,IBM,I,1,305.79
2025-12-17,10:22:05.527763184,T,IBM,I,19,305.8
2025-12-17,10:22:05.527799582,T,IBM,F I,25,305.8
2025-12-17,10:22:05.527802221,T,IBM,F,400,305.79
2025-12-17,10:22:05.527805612,T,IBM,F,100,305.79
2025-12-17,10:22:05.527805612,T,IBM,F,95,305.79
2025-12-17,10:22:05.527820309,T,IBM,I,1,305.79
2025-12-17,10:22:05.527823428,T,IBM,F I,4,305.79
2025-12-17,10:22:05.527823428,T,IBM,F I,20,305.79
2025-12-17,10:22:14.273726716,T,IBM,F I,10,305.79
2025-12-17,10:22:14.289276769,T,IBM,F I,18,305.71
2025-12-17,10:22:14.289300855,T,IBM,F,40,305.7
2025-12-17,10:22:14.289300855,T,IBM,F I,2,305.7
2025-12-17,10:22:14.289321827,T,IBM,F,40,305.69
2025-12-17,10:22:21.344769111,T,IBM,,40,305.59
2025-12-17,10:22:25.000403648,T,IBM,I,18,305.68
2025-12-17,10:22:27.924210006,T,IBM,I,30,305.68
2025-12-17,10:22:27.924210006,T,IBM,I,10,305.68
2025-12-17,10:22:27.989456338,T,IBM,F I,2,305.68
2025-12-17,10:22:27.989459310,T,IBM,F I,23,305.68
2025-12-17,10:22:57.696126377,T,IBM,I,21,305.95
2025-12-17,10:22:57.696321221,T,IBM,F I,1,305.96
2025-12-17,10:22:57.707360639,T,IBM,F I,16,305.96
2025-12-17,10:22:58.428624459,T,IBM,I,20,305.99
2025-12-17,10:23:03.202386783,T,IBM,I,18,306.0
2025-12-17,10:23:03.202386783,T,IBM,I,20,305.99
2025-12-17,10:23:06.498334981,T,IBM,F I,33,306.15
2025-12-17,10:23:11.617661991,T,IBM,I,20,306.16
2025-12-17,10:23:11.617664927,T,IBM,I,10,306.17
2025-12-17,10:23:11.617664927,T,IBM,I,17,306.17
2025-12-17,10:23:11.617725106,T,IBM,F I,20,306.17
2025-12-17,10:23:35.732044165,T,IBM,F I,6,306.2
2025-12-17,10:23:36.866094831,T,IBM,F I,6,306.15
2025-12-17,10:23:36.866136911,T,IBM,I,22,306.15
2025-12-17,10:23:46.604535311,T,IBM,F I,6,306.06
2025-12-17,10:23:46.604538159,T,IBM,F I,10,306.05
2025-12-17,10:23:56.513995359,T,IBM,F I,18,306.16
2025-12-17,10:23:59.530701841,T,IBM,I,10,306.14
2025-12-17,10:24:07.127494658,T,IBM,I,5,306.145
2025-12-17,10:24:17.762873928,T,IBM,F I,1,306.1
2025-12-17,10:24:32.536308350,T,IBM,F I,2,306.19
2025-12-17,10:24:32.536311220,T,IBM,F I,2,306.19
2025-12-17,10:24:32.536314199,T,IBM,F I,36,306.2
2025-12-17,10:24:45.131392480,T,IBM,F,40,306.04
2025-12-17,10:24:45.131395650,T,IBM,F,40,306.04
2025-12-17,10:24:45.131395650,T,IBM,F,40,306.04
2025-12-17,10:24:45.131398590,T,IBM,F I,10,306.04
2025-12-17,10:24:45.131410598,T,IBM,I,20,306.04
2025-12-17,10:24:45.131447259,T,IBM,F I,14,306.03
2025-12-17,10:24:45.131450074,T,IBM,F I,7,306.03
2025-12-17,10:24:45.131450074,T,IBM,F I,32,306.03
2025-12-17,10:24:45.131453006,T,IBM,F I,1,306.03
2025-12-17,10:24:45.131876851,T,IBM,F I,4,306.08
2025-12-17,10:24:45.131876851,T,IBM,F I,6,306.08
2025-12-17,10:24:45.131888724,T,IBM,F,44,306.11
2025-12-17,10:24:45.131892360,T,IBM,F I,6,306.11
2025-12-17,10:24:45.131946216,T,IBM,,100,306.08
2025-12-17,10:24:45.131949134,T,IBM,,100,306.08
2025-12-17,10:24:45.131951906,T,IBM,,100,306.08
2025-12-17,10:24:45.131955891,T,IBM,,100,306.08
2025-12-17,10:24:45.131955891,T,IBM,,40,306.08
2025-12-17,10:24:45.132388000,T,IBM,,150,306.1
2025-12-17,10:24:45.132391170,T,IBM,,44,306.09
2025-12-17,10:24:45.132391170,T,IBM,I,12,306.09
2025-12-17,10:24:45.132394242,T,IBM,,74,306.08
2025-12-17,10:24:45.132418013,T,IBM,I,1,306.08
2025-12-17,10:24:45.132790978,T,IBM,,40,306.14
2025-12-17,10:24:45.153110287,T,IBM,I,16,306.14
2025-12-17,10:24:45.283371356,T,IBM,,40,306.12
2025-12-17,10:24:46.027369547,T,IBM,,40,306.09
2025-12-17,10:24:46.685880192,T,IBM,F I,30,306.1
2025-12-17,10:24:46.685883186,T,IBM,F,40,306.09
2025-12-17,10:24:46.685886352,T,IBM,F,40,306.09
2025-12-17,10:24:46.685886352,T,IBM,F I,10,306.09
2025-12-17,10:24:46.685889229,T,IBM,F,295,306.09
2025-12-17,10:24:46.685895215,T,IBM,I,30,306.09
2025-12-17,10:24:49.017032615,T,IBM,I,17,306.15
2025-12-17,10:24:49.017035593,T,IBM,,80,306.15
2025-12-17,10:24:49.017829635,T,IBM,I,7,306.11
2025-12-17,10:24:49.017832525,T,IBM,I,5,306.11
2025-12-17,10:24:52.665101099,T,IBM,F I,1,306.09
2025-12-17,10:24:52.665122288,T,IBM,F I,39,306.09
2025-12-17,10:24:52.665122288,T,IBM,F I,10,306.09
2025-12-17,10:24:52.867771577,T,IBM,F I,25,306.07
2025-12-17,10:24:52.867813675,T,IBM,F I,25,306.07
2025-12-17,10:24:53.457105523,T,IBM,F,40,306.07
2025-12-17,10:24:54.305803935,T,IBM,I,24,306.07
2025-12-17,10:24:54.328129104,T,IBM,F I,16,306.07
2025-12-17,10:24:54.459854644,T,IBM,F I,25,306.07
2025-12-17,10:24:54.459878739,T,IBM,F I,39,306.07
2025-12-17,10:24:54.460014052,T,IBM,F I,6,306.07
2025-12-17,10:24:54.460080249,T,IBM,F,40,306.05
2025-12-17,10:24:54.460122770,T,IBM,I,10,306.04
2025-12-17,10:24:54.476445197,T,IBM,F I,10,306.01
2025-12-17,10:24:54.951167297,T,IBM,,40,306.01
2025-12-17,10:24:54.968143201,T,IBM,,50,306.01
2025-12-17,10:24:55.100451611,T,IBM,I,10,306.0
2025-12-17,10:24:55.100454600,T,IBM,,40,306.0
2025-12-17,10:25:00.088443864,T,IBM,,120,306.0
2025-12-17,10:25:00.120650574,T,IBM,F I,13,305.98
2025-12-17,10:25:00.120671590,T,IBM,F I,27,305.98
2025-12-17,10:25:00.391364086,T,IBM,I,5,305.95
2025-12-17,10:25:00.391685829,T,IBM,F I,2,305.94
2025-12-17,10:25:00.391920379,T,IBM,F I,4,305.93
2025-12-17,10:25:02.396143544,T,IBM,F I,5,305.88
2025-12-17,10:25:02.396802130,T,IBM,F I,18,305.92
2025-12-17,10:25:02.396922821,T,IBM,F I,25,305.92
2025-12-17,10:25:02.397069826,T,IBM,F I,25,305.92
2025-12-17,10:25:02.397193122,T,IBM,F I,25,305.92
2025-12-17,10:25:02.397274239,T,IBM,F I,25,305.92
2025-12-17,10:25:02.397418996,T,IBM,F I,14,305.96
2025-12-17,10:25:02.397475815,T,IBM,F I,8,305.97
2025-12-17,10:25:02.397686665,T,IBM,,400,305.97
2025-12-17,10:25:02.397689294,T,IBM,,45,305.96
2025-12-17,10:25:02.397744268,T,IBM,,89,305.96
2025-12-17,10:25:02.397773480,T,IBM,I,1,305.96
2025-12-17,10:25:02.398101279,T,IBM,,100,305.96
2025-12-17,10:25:02.398108096,T,IBM,,100,305.96
2025-12-17,10:25:02.398108096,T,IBM,,100,305.96
2025-12-17,10:25:02.398111028,T,IBM,,55,305.96
2025-12-17,10:25:02.398143353,T,IBM,,45,305.96
2025-12-17,10:25:02.398143353,T,IBM,,100,305.96
2025-12-17,10:25:02.398146311,T,IBM,,100,305.96
2025-12-17,10:25:14.399073367,T,IBM,F,100,305.88
2025-12-17,10:25:14.399091776,T,IBM,,40,305.87
2025-12-17,10:25:14.399091776,T,IBM,,40,305.87
2025-12-17,10:25:14.399091776,T,IBM,I,20,305.87
2025-12-17,10:25:15.147122188,T,IBM,F I,16,305.84
2025-12-17,10:25:15.147158297,T,IBM,I,4,305.84
2025-12-17,10:25:15.147164248,T,IBM,I,12,305.84
2025-12-17,10:25:15.148607723,T,IBM,I,1,305.83
2025-12-17,10:25:15.613186655,T,IBM,F I,39,305.83
2025-12-17,10:25:15.613198841,T,IBM,I,18,305.8
2025-12-17,10:25:15.613198841,T,IBM,I,2,305.79
2025-12-17,10:25:15.613201757,T,IBM,I,2,305.79
2025-12-17,10:25:15.613205712,T,IBM,,100,305.785
2025-12-17,10:25:15.613205712,T,IBM,,40,305.785
2025-12-17,10:25:15.613207948,T,IBM,,100,305.78
2025-12-17,10:25:15.613210796,T,IBM,,40,305.77
2025-12-17,10:25:15.613225718,T,IBM,I,1,305.8
2025-12-17,10:25:15.613231829,T,IBM,F I,6,305.81
2025-12-17,10:25:45.238845883,T,IBM,F I,2,305.71
2025-12-17,10:25:45.238845883,T,IBM,F,100,305.69
2025-12-17,10:25:45.238851907,T,IBM,F I,2,305.69
2025-12-17,10:25:45.238851907,T,IBM,F I,6,305.68
2025-12-17,10:26:02.436191338,T,IBM,I,25,305.765
2025-12-17,10:26:18.520037150,T,IBM,F I,18,305.82
2025-12-17,10:26:18.520091299,T,IBM,F I,1,305.83
2025-12-17,10:26:18.520091299,T,IBM,F I,17,305.83
2025-12-17,10:26:18.520094305,T,IBM,F I,2,305.83
2025-12-17,10:26:18.520112611,T,IBM,F I,6,305.83
2025-12-17,10:26:18.520115308,T,IBM,I,12,305.83
2025-12-17,10:26:18.520124359,T,IBM,F I,10,305.84
2025-12-17,10:26:18.520127337,T,IBM,F,80,305.84
2025-12-17,10:26:18.520184454,T,IBM,,82,305.84
2025-12-17,10:26:18.520912256,T,IBM,F I,1,305.86
2025-12-17,10:26:18.520912256,T,IBM,F I,1,305.86
2025-12-17,10:26:18.540690332,T,IBM,I,1,305.86
2025-12-17,10:26:18.599970493,T,IBM,I,1,305.87
2025-12-17,10:26:19.419733904,T,IBM,,80,305.85
2025-12-17,10:26:19.419748926,T,IBM,I,1,305.85
2025-12-17,10:26:19.421210482,T,IBM,F I,3,305.85
2025-12-17,10:26:21.318685493,T,IBM,F I,1,305.91
2025-12-17,10:26:21.318704063,T,IBM,F I,15,305.91
2025-12-17,10:26:21.318706555,T,IBM,F I,8,305.91
2025-12-17,10:26:28.678153227,T,IBM,I,6,305.88
2025-12-17,10:26:28.932916752,T,IBM,I,20,305.85
2025-12-17,10:26:28.932919801,T,IBM,I,22,305.83
2025-12-17,10:26:28.932919801,T,IBM,I,10,305.83
2025-12-17,10:26:28.932922798,T,IBM,I,11,305.83
2025-12-17,10:26:29.339174889,T,IBM,I,2,305.87
2025-12-17,10:26:29.339177962,T,IBM,I,3,305.88
2025-12-17,10:26:29.646813271,T,IBM,I,29,305.84
2025-12-17,10:26:29.646813271,T,IBM,I,3,305.84
2025-12-17,10:26:34.147970604,T,IBM,,40,305.83
2025-12-17,10:26:34.147973808,T,IBM,,100,305.83
2025-12-17,10:26:34.147976538,T,IBM,I,1,305.83
2025-12-17,10:26:34.147976538,T,IBM,,160,305.83
2025-12-17,10:26:34.148460736,T,IBM,F I,10,305.82
2025-12-17,10:26:46.584677026,T,IBM,F I,2,305.86
2025-12-17,10:26:49.732351349,T,IBM,I,2,305.87
2025-12-17,10:26:49.732351349,T,IBM,I,1,305.89
2025-12-17,10:26:49.732354370,T,IBM,I,31,305.89
2025-12-17,10:26:49.732369448,T,IBM,I,1,305.89
2025-12-17,10:27:05.031178251,T,IBM,F I,2,305.77
2025-12-17,10:27:05.062049772,T,IBM,F I,25,305.75
2025-12-17,10:27:05.062085870,T,IBM,F I,25,305.75
2025-12-17,10:27:05.062118955,T,IBM,F I,25,305.75
2025-12-17,10:27:05.062152005,T,IBM,F I,25,305.75
2025-12-17,10:27:05.101972846,T,IBM,F I,16,305.75
2025-12-17,10:27:05.750439941,T,IBM,F I,15,305.76
2025-12-17,10:27:05.750439941,T,IBM,F I,1,305.75
2025-12-17,10:27:06.081437556,T,IBM,I,2,305.83
2025-12-17,10:27:15.091910800,T,IBM,F I,5,305.92
2025-12-17,10:27:15.091916706,T,IBM,F I,10,305.92
2025-12-17,10:27:15.091916706,T,IBM,F I,5,305.92
2025-12-17,10:27:15.644939115,T,IBM,I,20,305.94
2025-12-17,10:27:19.742602008,T,IBM,F I,20,305.95
2025-12-17,10:27:22.040167558,T,IBM,F I,17,306.0
2025-12-17,10:27:31.594148391,T,IBM,F I,20,306.07
2025-12-17,10:27:31.594151412,T,IBM,F I,20,306.08
2025-12-17,10:27:31.594175488,T,IBM,I,1,306.08
2025-12-17,10:27:31.811247367,T,IBM,I,5,306.01
2025-12-17,10:27:31.811247367,T,IBM,I,38,306.01
2025-12-17,10:27:31.811523977,T,IBM,F,100,306.01
2025-12-17,10:27:31.811527145,T,IBM,F,40,306.0
2025-12-17,10:27:31.811527145,T,IBM,F,100,306.0
2025-12-17,10:27:31.811529947,T,IBM,F,300,306.0
2025-12-17,10:27:31.811542058,T,IBM,I,1,306.0
2025-12-17,10:27:31.811545032,T,IBM,F,99,306.0
2025-12-17,10:27:33.476870491,T,IBM,I,10,306.0
2025-12-17,10:27:33.488150216,T,IBM,,83,305.99
2025-12-17,10:27:33.488174788,T,IBM,F I,17,305.99
2025-12-17,10:27:33.488174788,T,IBM,F,100,305.99
2025-12-17,10:27:33.488177243,T,IBM,F I,10,305.99
2025-12-17,10:27:35.399244726,T,IBM,I,1,305.97
2025-12-17,10:27:35.399244726,T,IBM,I,20,305.95
2025-12-17,10:28:01.355935636,T,IBM,F,40,305.94
2025-12-17,10:28:01.355935636,T,IBM,F,100,305.94
2025-12-17,10:28:01.355938667,T,IBM,F,100,305.94
2025-12-17,10:28:01.355942241,T,IBM,F I,10,305.94
2025-12-17,10:28:01.355942241,T,IBM,F I,6,305.93
2025-12-17,10:28:01.355968746,T,IBM,I,38,305.93
2025-12-17,10:28:01.356486000,T,IBM,I,10,305.925
2025-12-17,10:28:11.454654368,T,IBM,I,10,305.84
2025-12-17,10:28:11.454657313,T,IBM,,160,305.84
2025-12-17,10:28:14.138444361,T,IBM,F,40,305.79
2025-12-17,10:28:14.138444361,T,IBM,F I,10,305.79
2025-12-17,10:28:14.138498406,T,IBM,F I,2,305.78
2025-12-17,10:28:16.557571558,T,IBM,,40,305.84
2025-12-17,10:28:16.557571558,T,IBM,I,23,305.85
2025-12-17,10:28:16.557571558,T,IBM,I,4,305.85
2025-12-17,10:28:16.557748591,T,IBM,F I,7,305.85
2025-12-17,10:28:16.557748591,T,IBM,F I,20,305.85
2025-12-17,10:28:16.557751649,T,IBM,F I,20,305.86
2025-12-17,10:28:16.557754647,T,IBM,F I,36,305.86
2025-12-17,10:28:16.557769659,T,IBM,I,1,305.86
2025-12-17,10:28:16.557772735,T,IBM,I,3,305.86
2025-12-17,10:28:16.557772735,T,IBM,I,3,305.86
2025-12-17,10:28:16.557950107,T,IBM,,40,305.84
2025-12-17,10:28:24.980247095,T,IBM,I,4,305.86
2025-12-17,10:28:28.861935651,T,IBM,F,40,305.92
2025-12-17,10:28:30.957465375,T,IBM,I,18,305.97
2025-12-17,10:28:30.957468536,T,IBM,I,1,306.0
2025-12-17,10:28:30.957468536,T,IBM,I,22,306.0
2025-12-17,10:28:30.957504363,T,IBM,I,1,306.0
2025-12-17,10:28:31.669563476,T,IBM,I,17,306.0
2025-12-17,10:28:36.577592363,T,IBM,I,1,306.0
2025-12-17,10:28:46.538345849,T,IBM,,40,306.05
2025-12-17,10:28:46.538426786,T,IBM,F I,1,306.06
2025-12-17,10:28:46.538426786,T,IBM,F I,9,306.06
2025-12-17,10:28:48.935183391,T,IBM,I,32,306.0
2025-12-17,10:28:48.935202086,T,IBM,F I,8,306.0
2025-12-17,10:28:48.935204773,T,IBM,F I,5,306.0
2025-12-17,10:28:48.935204773,T,IBM,I,1,306.0
2025-12-17,10:28:56.385067357,T,IBM,I,18,306.06
2025-12-17,10:28:56.385070470,T,IBM,,40,306.06
2025-12-17,10:29:00.740723661,T,IBM,,40,306.08
2025-12-17,10:29:00.740738461,T,IBM,I,1,306.08
2025-12-17,10:29:00.740744439,T,IBM,F I,5,306.08
2025-12-17,10:29:00.740748037,T,IBM,F I,1,306.08
2025-12-17,10:29:00.740748037,T,IBM,F I,20,306.08
2025-12-17,10:29:00.740750449,T,IBM,F I,6,306.08
2025-12-17,10:29:02.277144593,T,IBM,F I,2,306.01
2025-12-17,10:29:02.277146969,T,IBM,F I,32,306.0
2025-12-17,10:29:02.277164919,T,IBM,F I,8,306.0
2025-12-17,10:29:02.277192055,T,IBM,F I,6,305.99
2025-12-17,10:29:02.277201023,T,IBM,I,1,306.01
2025-12-17,10:29:02.277231176,T,IBM,I,4,305.99
2025-12-17,10:29:02.288968097,T,IBM,I,2,306.01
2025-12-17,10:29:02.738736810,T,IBM,F I,9,306.04
2025-12-17,10:29:02.739434676,T,IBM,F,400,306.04
2025-12-17,10:29:02.739434676,T,IBM,F,100,306.04
2025-12-17,10:29:02.739611859,T,IBM,I,1,306.04
2025-12-17,10:29:02.739639446,T,IBM,I,8,306.04
2025-12-17,10:29:02.739641985,T,IBM,,114,306.04
2025-12-17,10:29:09.887339545,T,IBM,,40,306.05
2025-12-17,10:29:09.887363569,T,IBM,F I,25,306.05
2025-12-17,10:29:09.887486858,T,IBM,I,15,306.05
2025-12-17,10:29:15.063495732,T,IBM,F I,13,306.09
2025-12-17,10:29:19.043996561,T,IBM,I,10,306.01
2025-12-17,10:29:24.024690507,T,IBM,F I,25,305.99
2025-12-17,10:29:24.055384600,T,IBM,F,40,305.94
2025-12-17,10:29:24.055387507,T,IBM,F I,10,305.94
2025-12-17,10:29:41.322667628,T,IBM,F,40,306.01
2025-12-17,10:29:41.322670554,T,IBM,F I,17,306.01
2025-12-17,10:29:41.322676643,T,IBM,,63,306.01
2025-12-17,10:29:41.322709666,T,IBM,F I,1,306.02
2025-12-17,10:29:41.327443003,T,IBM,I,5,306.09
2025-12-17,10:29:41.947236676,T,IBM,I,2,306.12
2025-12-17,10:29:41.947239401,T,IBM,,40,306.12
2025-12-17,10:29:41.947242432,T,IBM,I,22,306.12
2025-12-17,10:29:42.087303829,T,IBM,F I,6,306.16
2025-12-17,10:29:42.603663125,T,IBM,I,1,306.17
2025-12-17,10:29:42.603663125,T,IBM,,40,306.17
2025-12-17,10:29:47.812732639,T,IBM,I,1,306.04
2025-12-17,10:29:47.812802846,T,IBM,F,40,306.04
2025-12-17,10:29:47.812805072,T,IBM,F,40,306.03
2025-12-17,10:29:47.812813777,T,IBM,I,10,306.02
2025-12-17,10:29:48.133394942,T,IBM,I,5,305.99
2025-12-17,10:29:48.533368184,T,IBM,I,5,305.98
2025-12-17,10:29:49.644140369,T,IBM,I,1,306.01
2025-12-17,10:29:53.603759486,T,IBM,I,18,305.98
2025-12-17,10:29:58.574971809,T,IBM,I,18,305.98
2025-12-17,10:29:58.575140219,T,IBM,I,22,305.98
2025-12-17,10:29:59.609936610,T,IBM,F I,18,306.0
2025-12-17,10:30:00.568107686,T,IBM,F I,18,306.0
2025-12-17,10:30:00.587428750,T,IBM,I,10,306.02
2025-12-17,10:30:00.587431732,T,IBM,I,30,306.03
2025-12-17,10:30:00.587518856,T,IBM,I,1,306.03
2025-12-17,10:30:00.587558159,T,IBM,F I,9,306.03
2025-12-17,10:30:00.596215496,T,IBM,,40,306.085
2025-12-17,10:30:00.770176625,T,IBM,,80,306.13
2025-12-17,10:30:02.612671908,T,IBM,F I,19,306.07
2025-12-17,10:30:02.612674896,T,IBM,F,40,306.07
2025-12-17,10:30:02.612674896,T,IBM,F I,10,306.07
2025-12-17,10:30:02.612689916,T,IBM,F I,20,306.07
2025-12-17,10:30:02.612692881,T,IBM,F I,20,306.07
2025-12-17,10:30:02.612737997,T,IBM,F I,2,306.07
