DATE,TIME_M,EX,SYM_ROOT,TR_SCOND,SIZE,PRICE
2025-12-12,9:30:01.233740937,T,IBM,,80,310.42
2025-12-12,9:30:01.233744567,T,IBM,Q,80,310.42
2025-12-12,9:30:02.040161491,T,IBM,I,1,310.66
2025-12-12,9:30:02.137713706,T,IBM,I,1,310.64
2025-12-12,9:30:02.142071108,T,IBM,I,1,310.68
2025-12-12,9:30:04.468006178,T,IBM,I,1,310.45
2025-12-12,9:30:04.550218938,T,IBM,I,5,310.55
2025-12-12,9:30:26.719763965,T,IBM,I,9,310.11
2025-12-12,9:30:26.719763965,T,IBM,I,2,310.11
2025-12-12,9:30:26.719938465,T,IBM,I,3,310.11
2025-12-12,9:30:26.720224067,T,IBM,F I,20,310.01
2025-12-12,9:30:26.720227255,T,IBM,F I,15,310.0
2025-12-12,9:30:26.720230146,T,IBM,F I,5,310.0
2025-12-12,9:30:26.720230146,T,IBM,F I,35,310.0
2025-12-12,9:30:33.366478626,T,IBM,F I,10,309.84
2025-12-12,9:30:33.366481208,T,IBM,F I,4,309.84
2025-12-12,9:30:33.367004456,T,IBM,F I,8,309.69
2025-12-12,9:30:33.367028512,T,IBM,F,92,309.69
2025-12-12,9:30:33.367629937,T,IBM,F I,25,309.49
2025-12-12,9:30:33.367687094,T,IBM,F I,1,309.4
2025-12-12,9:30:33.367714166,T,IBM,I,6,309.4
2025-12-12,9:30:33.367717095,T,IBM,I,1,309.4
2025-12-12,9:30:33.369756011,T,IBM,I,19,309.39
2025-12-12,9:30:33.369780070,T,IBM,F I,25,309.41
2025-12-12,9:30:33.369822124,T,IBM,F I,25,309.41
2025-12-12,9:30:33.369855254,T,IBM,F I,25,309.41
2025-12-12,9:30:33.369891346,T,IBM,F I,25,309.41
2025-12-12,9:30:33.369924434,T,IBM,F I,25,309.41
2025-12-12,9:30:33.369960526,T,IBM,F I,25,309.41
2025-12-12,9:31:17.076041160,T,IBM,I,5,309.44
2025-12-12,9:31:17.076041160,T,IBM,I,5,309.44
2025-12-12,9:31:17.076043977,T,IBM,I,4,309.53
2025-12-12,9:31:38.502851085,T,IBM,F I,2,309.19
2025-12-12,9:31:38.502875293,T,IBM,F I,2,309.19
2025-12-12,9:31:38.502884681,T,IBM,F I,6,309.19
2025-12-12,9:31:38.502884681,T,IBM,F I,2,309.19
2025-12-12,9:31:38.502887294,T,IBM,F I,2,309.18
2025-12-12,9:31:38.502890326,T,IBM,F,40,309.18
2025-12-12,9:31:38.502899232,T,IBM,F I,2,309.18
2025-12-12,9:31:38.502905189,T,IBM,I,2,309.18
2025-12-12,9:31:38.502992537,T,IBM,F I,25,309.18
2025-12-12,9:31:38.503118768,T,IBM,F I,25,309.18
2025-12-12,9:31:38.503232955,T,IBM,F I,6,309.18
2025-12-12,9:31:38.503882510,T,IBM,F I,2,309.15
2025-12-12,9:31:38.505109512,T,IBM,I,2,309.06
2025-12-12,9:31:38.514627158,T,IBM,I,5,309.11
2025-12-12,9:31:38.523702780,T,IBM,F I,25,309.24
2025-12-12,9:31:38.548075739,T,IBM,,40,309.255
2025-12-12,9:31:39.937674906,T,IBM,F I,25,309.36
2025-12-12,9:31:41.909294469,T,IBM,I,17,309.25
2025-12-12,9:31:48.678529443,T,IBM,F I,5,309.1
2025-12-12,9:31:50.970321658,T,IBM,F I,7,308.99
2025-12-12,9:31:50.970324565,T,IBM,F I,3,308.99
2025-12-12,9:31:50.977430189,T,IBM,F I,20,309.22
2025-12-12,9:31:50.982761962,T,IBM,,40,309.23
2025-12-12,9:31:57.961144655,T,IBM,F I,1,309.05
2025-12-12,9:32:32.764711606,T,IBM,I,15,308.81
2025-12-12,9:32:32.764711606,T,IBM,I,4,308.81
2025-12-12,9:32:32.764714317,T,IBM,I,2,308.81
2025-12-12,9:32:32.764717382,T,IBM,I,25,308.77
2025-12-12,9:32:32.764720342,T,IBM,,54,308.77
2025-12-12,9:32:32.883328722,T,IBM,I,13,308.72
2025-12-12,9:32:32.883328722,T,IBM,I,8,308.72
2025-12-12,9:32:33.734279497,T,IBM,,40,308.835
2025-12-12,9:32:41.559586515,T,IBM,I,2,308.78
2025-12-12,9:32:41.559637588,T,IBM,F I,21,308.78
2025-12-12,9:32:41.559658650,T,IBM,I,1,308.78
2025-12-12,9:32:41.559664684,T,IBM,I,2,308.68
2025-12-12,9:32:41.559673649,T,IBM,F I,18,308.78
2025-12-12,9:32:41.560139741,T,IBM,F I,1,308.78
2025-12-12,9:32:45.109910394,T,IBM,I,25,308.835
2025-12-12,9:32:45.109970488,T,IBM,F I,25,308.835
2025-12-12,9:32:45.110003608,T,IBM,F I,25,308.835
2025-12-12,9:32:45.110211051,T,IBM,I,25,308.835
2025-12-12,9:32:45.112674002,T,IBM,,100,308.835
2025-12-12,9:32:53.367424392,T,IBM,F I,25,308.96
2025-12-12,9:32:53.367424392,T,IBM,F I,15,309.0
2025-12-12,9:32:53.367436364,T,IBM,F I,25,309.0
2025-12-12,9:32:53.367490510,T,IBM,F I,12,309.05
2025-12-12,9:32:53.367494139,T,IBM,F I,4,309.05
2025-12-12,9:32:53.367496470,T,IBM,F I,1,309.05
2025-12-12,9:32:54.383230562,T,IBM,F I,25,309.22
2025-12-12,9:33:05.242583585,T,IBM,F,80,309.46
2025-12-12,9:33:05.242583585,T,IBM,F,40,309.46
2025-12-12,9:33:05.243642083,T,IBM,I,19,309.64
2025-12-12,9:33:05.243644986,T,IBM,I,14,309.68
2025-12-12,9:33:05.243675146,T,IBM,F I,19,309.68
2025-12-12,9:33:05.267131003,T,IBM,F I,5,309.64
2025-12-12,9:33:07.285896761,T,IBM,F I,20,309.57
2025-12-12,9:33:07.285896761,T,IBM,F I,3,309.57
2025-12-12,9:33:07.285921145,T,IBM,F,40,309.56
2025-12-12,9:33:07.285921145,T,IBM,F,40,309.56
2025-12-12,9:33:07.285962978,T,IBM,F I,2,309.51
2025-12-12,9:33:07.286005061,T,IBM,I,25,309.52
2025-12-12,9:33:10.164836436,T,IBM,F I,25,309.44
2025-12-12,9:33:10.164884498,T,IBM,F I,25,309.44
2025-12-12,9:33:12.149486114,T,IBM,I,5,309.44
2025-12-12,9:33:17.979531089,T,IBM,F I,25,309.44
2025-12-12,9:33:17.979579276,T,IBM,F I,25,309.44
2025-12-12,9:33:42.143590256,T,IBM,I,4,309.42
2025-12-12,9:33:42.143592545,T,IBM,I,14,309.37
2025-12-12,9:33:42.143595570,T,IBM,,62,309.33
2025-12-12,9:34:07.318284767,T,IBM,I,2,309.55
2025-12-12,9:34:07.319421425,T,IBM,I,1,309.62
2025-12-12,9:34:07.319421425,T,IBM,I,1,309.625
2025-12-12,9:34:23.339218077,T,IBM,F I,7,309.31
2025-12-12,9:34:23.339774378,T,IBM,F I,9,309.46
2025-12-12,9:34:23.339777401,T,IBM,F,40,309.46
2025-12-12,9:34:26.809771245,T,IBM,F I,1,309.63
2025-12-12,9:35:03.407983097,T,IBM,F,40,309.49
2025-12-12,9:35:40.808057279,T,IBM,F,40,309.365
2025-12-12,9:35:52.750823178,T,IBM,,40,309.37
2025-12-12,9:36:04.896118131,T,IBM,I,23,309.38
2025-12-12,9:36:23.861592227,T,IBM,I,1,309.38
2025-12-12,9:36:23.861595346,T,IBM,I,2,309.48
2025-12-12,9:36:23.861595346,T,IBM,I,25,309.49
2025-12-12,9:36:23.861619244,T,IBM,F,52,309.49
2025-12-12,9:36:23.861646303,T,IBM,F,40,309.5
2025-12-12,9:36:23.861646303,T,IBM,F I,12,309.5
2025-12-12,9:36:23.861889889,T,IBM,F,40,309.51
2025-12-12,9:36:23.861907922,T,IBM,F,40,309.51
2025-12-12,9:36:23.862208669,T,IBM,F I,14,309.5
2025-12-12,9:36:25.939737479,T,IBM,I,14,309.59
2025-12-12,9:36:26.023544219,T,IBM,,40,309.63
2025-12-12,9:36:26.023544219,T,IBM,I,13,309.63
2025-12-12,9:36:26.023546979,T,IBM,,125,309.63
2025-12-12,9:36:34.360215262,T,IBM,F I,25,309.705
2025-12-12,9:36:34.360272384,T,IBM,F I,25,309.705
2025-12-12,9:36:56.425017618,T,IBM,I,25,309.705
2025-12-12,9:37:08.469211885,T,IBM,F I,2,309.75
2025-12-12,9:37:08.492679700,T,IBM,I,5,309.805
2025-12-12,9:37:08.492706724,T,IBM,F I,25,309.805
2025-12-12,9:38:00.801344620,T,IBM,F,45,309.7
2025-12-12,9:38:00.801344620,T,IBM,F I,1,309.71
2025-12-12,9:38:00.801347719,T,IBM,F I,34,309.75
2025-12-12,9:38:00.803494769,T,IBM,,80,309.705
2025-12-12,9:38:00.818157986,T,IBM,I,1,309.8
2025-12-12,9:38:00.818193774,T,IBM,,299,309.8
2025-12-12,9:38:00.818224015,T,IBM,I,26,309.81
2025-12-12,9:38:00.818227424,T,IBM,F I,10,309.81
2025-12-12,9:38:00.818229850,T,IBM,F I,10,309.81
2025-12-12,9:38:00.818235854,T,IBM,I,31,309.81
2025-12-12,9:38:00.818247902,T,IBM,I,3,309.81
2025-12-12,9:38:00.818247902,T,IBM,,74,309.81
2025-12-12,9:38:09.935213661,T,IBM,F I,25,309.98
2025-12-12,9:38:19.041897827,T,IBM,I,1,310.02
2025-12-12,9:38:56.250084135,T,IBM,I,2,310.33
2025-12-12,9:38:56.250087068,T,IBM,I,2,310.33
2025-12-12,9:38:56.250105075,T,IBM,I,2,310.33
2025-12-12,9:38:56.250508100,T,IBM,F I,2,310.36
2025-12-12,9:38:56.250508100,T,IBM,F I,6,310.38
2025-12-12,9:38:56.250514296,T,IBM,F I,14,310.38
2025-12-12,9:38:56.250514296,T,IBM,F I,2,310.38
2025-12-12,9:38:56.250514296,T,IBM,F I,2,310.38
2025-12-12,9:38:56.250526094,T,IBM,F I,2,310.38
2025-12-12,9:38:56.250571264,T,IBM,F I,20,310.38
2025-12-12,9:38:56.250989232,T,IBM,F I,6,310.4
2025-12-12,9:38:56.250989232,T,IBM,F I,29,310.4
2025-12-12,9:38:56.251079404,T,IBM,F I,37,310.4
2025-12-12,9:39:24.722107454,T,IBM,I,1,310.225
2025-12-12,9:39:27.147793011,T,IBM,,40,310.225
2025-12-12,9:39:48.216618257,T,IBM,F I,1,310.23
2025-12-12,9:39:57.844650694,T,IBM,F I,2,310.35
2025-12-12,9:39:57.844662792,T,IBM,I,2,310.4
2025-12-12,9:40:11.655601817,T,IBM,F I,7,310.325
2025-12-12,9:40:26.920935475,T,IBM,F I,4,310.2
2025-12-12,9:40:26.920938418,T,IBM,F I,3,310.19
2025-12-12,9:40:37.027957188,T,IBM,I,25,310.225
2025-12-12,9:40:49.541698421,T,IBM,I,1,310.21
2025-12-12,9:40:59.593595863,T,IBM,I,7,310.21
2025-12-12,9:41:07.208302596,T,IBM,I,10,310.21
2025-12-12,9:41:07.208305396,T,IBM,I,10,310.21
2025-12-12,9:41:07.208305396,T,IBM,I,15,310.21
2025-12-12,9:41:07.208308546,T,IBM,I,1,310.21
2025-12-12,9:41:07.208308546,T,IBM,I,4,310.16
2025-12-12,9:41:07.211691462,T,IBM,F I,1,310.24
2025-12-12,9:41:07.218707213,T,IBM,F I,1,310.23
2025-12-12,9:41:07.221422956,T,IBM,I,5,310.32
2025-12-12,9:41:07.221428672,T,IBM,,95,310.36
2025-12-12,9:41:07.225752909,T,IBM,I,5,310.19
2025-12-12,9:41:07.225759690,T,IBM,I,19,310.15
2025-12-12,9:41:07.225759690,T,IBM,I,4,310.13
2025-12-12,9:41:07.225762010,T,IBM,I,12,310.1
2025-12-12,9:41:07.245161143,T,IBM,I,4,310.34
2025-12-12,9:41:07.245164155,T,IBM,I,4,310.35
2025-12-12,9:41:07.245164155,T,IBM,I,32,310.35
2025-12-12,9:41:07.252396432,T,IBM,I,8,310.35
2025-12-12,9:41:14.266711696,T,IBM,F,43,310.11
2025-12-12,9:41:14.266732904,T,IBM,F,117,310.11
2025-12-12,9:41:14.266735766,T,IBM,F,40,310.11
2025-12-12,9:41:14.266738747,T,IBM,F I,10,310.11
2025-12-12,9:41:14.784261848,T,IBM,I,5,310.03
2025-12-12,9:41:16.688869947,T,IBM,F I,2,310.07
2025-12-12,9:41:16.688882006,T,IBM,F I,17,310.07
2025-12-12,9:41:16.688882006,T,IBM,F I,2,310.1
2025-12-12,9:41:24.377420465,T,IBM,F I,1,310.19
2025-12-12,9:41:29.358096682,T,IBM,F I,1,310.39
2025-12-12,9:41:29.358096682,T,IBM,F I,1,310.39
2025-12-12,9:41:29.358099410,T,IBM,F I,12,310.42
2025-12-12,9:41:29.358111500,T,IBM,I,2,310.42
2025-12-12,9:41:29.358177613,T,IBM,F I,3,310.44
2025-12-12,9:41:29.358315983,T,IBM,F I,6,310.46
2025-12-12,9:41:29.358318916,T,IBM,F I,6,310.47
2025-12-12,9:41:29.358370553,T,IBM,F I,6,310.47
2025-12-12,9:41:29.369169051,T,IBM,F I,5,310.48
2025-12-12,9:41:29.369171804,T,IBM,F I,1,310.48
2025-12-12,9:41:29.374662806,T,IBM,,84,310.48
2025-12-12,9:41:29.374683933,T,IBM,F I,16,310.48
2025-12-12,9:42:16.131114094,T,IBM,F I,25,310.41
2025-12-12,9:42:16.131168139,T,IBM,F I,25,310.41
2025-12-12,9:42:16.131216273,T,IBM,F I,25,310.41
2025-12-12,9:42:18.949865415,T,IBM,I,1,310.51
2025-12-12,9:42:30.598293800,T,IBM,F I,1,310.41
2025-12-12,9:42:30.598293800,T,IBM,F I,19,310.41
2025-12-12,9:42:30.598299825,T,IBM,F I,5,310.41
2025-12-12,9:42:30.598516353,T,IBM,F I,2,310.4
2025-12-12,9:42:31.619350497,T,IBM,,100,310.405
2025-12-12,9:42:31.622093068,T,IBM,I,20,310.405
2025-12-12,9:42:31.622117117,T,IBM,F I,25,310.405
2025-12-12,9:42:31.622171425,T,IBM,F I,25,310.405
2025-12-12,9:42:31.622213390,T,IBM,F I,25,310.405
2025-12-12,9:42:31.622249472,T,IBM,F I,25,310.405
2025-12-12,9:42:38.407259848,T,IBM,I,25,310.405
2025-12-12,9:42:38.409867045,T,IBM,,40,310.405
2025-12-12,9:42:45.504329249,T,IBM,I,1,310.41
2025-12-12,9:42:54.219385395,T,IBM,I,5,310.41
2025-12-12,9:43:03.042076638,T,IBM,F I,1,310.49
2025-12-12,9:43:12.092470858,T,IBM,F I,5,310.52
2025-12-12,9:43:12.092470858,T,IBM,F I,1,310.55
2025-12-12,9:43:12.092472947,T,IBM,F I,34,310.55
2025-12-12,9:43:12.092490966,T,IBM,I,3,310.55
2025-12-12,9:43:12.092490966,T,IBM,I,1,310.55
2025-12-12,9:43:12.092635297,T,IBM,F I,1,310.55
2025-12-12,9:43:12.096261917,T,IBM,F,40,310.55
2025-12-12,9:43:40.720053769,T,IBM,I,2,310.48
2025-12-12,9:43:40.720053769,T,IBM,I,2,310.48
2025-12-12,9:43:40.720057707,T,IBM,I,10,310.48
2025-12-12,9:43:40.720060347,T,IBM,I,5,310.48
2025-12-12,9:43:40.720062828,T,IBM,I,5,310.48
2025-12-12,9:43:40.720062828,T,IBM,I,10,310.48
2025-12-12,9:44:26.504615720,T,IBM,,45,310.51
2025-12-12,9:44:38.339211223,T,IBM,F,40,310.53
2025-12-12,9:44:38.339232994,T,IBM,I,1,310.53
2025-12-12,9:44:38.339235287,T,IBM,I,3,310.53
2025-12-12,9:44:38.339256371,T,IBM,I,8,310.53
2025-12-12,9:44:38.339265311,T,IBM,F I,28,310.53
2025-12-12,9:44:38.414573592,T,IBM,F I,1,310.505
2025-12-12,9:44:38.414573592,T,IBM,F I,1,310.505
2025-12-12,9:44:38.414577218,T,IBM,F I,4,310.505
2025-12-12,9:44:38.414579571,T,IBM,F I,5,310.505
2025-12-12,9:44:38.414582634,T,IBM,F I,14,310.49
2025-12-12,9:44:38.599201117,T,IBM,I,3,310.5
2025-12-12,9:44:38.599297338,T,IBM,I,3,310.5
2025-12-12,9:44:39.987486054,T,IBM,F I,25,310.41
2025-12-12,9:44:42.224310900,T,IBM,,44,310.48
2025-12-12,9:44:42.224310900,T,IBM,I,36,310.54
2025-12-12,9:44:51.312422237,T,IBM,F I,1,310.6
2025-12-12,9:44:51.313291241,T,IBM,F I,20,310.65
2025-12-12,9:44:51.313294336,T,IBM,F I,3,310.65
2025-12-12,9:44:51.313294336,T,IBM,F I,3,310.65
2025-12-12,9:44:52.662405032,T,IBM,I,1,310.61
2025-12-12,9:44:52.874105925,T,IBM,F I,4,310.68
2025-12-12,9:44:52.874109007,T,IBM,F,111,310.68
2025-12-12,9:44:55.519566723,T,IBM,F I,1,310.64
2025-12-12,9:44:58.200890959,T,IBM,,80,310.54
2025-12-12,9:44:58.200893893,T,IBM,I,15,310.64
2025-12-12,9:45:11.869212613,T,IBM,F I,25,310.54
2025-12-12,9:45:11.871636412,T,IBM,,40,310.59
2025-12-12,9:45:11.877019209,T,IBM,I,10,310.59
2025-12-12,9:45:14.337771292,T,IBM,I,15,310.59
2025-12-12,9:45:15.710232666,T,IBM,F I,10,310.49
2025-12-12,9:45:19.601664564,T,IBM,F I,4,310.44
2025-12-12,9:45:19.602118657,T,IBM,F I,4,310.4
2025-12-12,9:45:19.602666524,T,IBM,F I,14,310.46
2025-12-12,9:45:36.810173156,T,IBM,F I,5,310.545
2025-12-12,9:45:36.810179152,T,IBM,F,100,310.545
2025-12-12,9:45:36.810179152,T,IBM,F I,10,310.47
2025-12-12,9:45:36.810179152,T,IBM,F I,20,310.43
2025-12-12,9:45:36.810600557,T,IBM,I,9,310.43
2025-12-12,9:45:36.810603583,T,IBM,I,10,310.43
2025-12-12,9:45:36.810603583,T,IBM,I,18,310.42
2025-12-12,9:45:36.811616594,T,IBM,I,9,310.45
2025-12-12,9:45:36.811616594,T,IBM,I,22,310.45
2025-12-12,9:45:36.812933757,T,IBM,I,9,310.42
2025-12-12,9:45:36.812942788,T,IBM,I,22,310.42
2025-12-12,9:45:36.815270311,T,IBM,I,9,310.42
2025-12-12,9:45:36.815270311,T,IBM,I,28,310.42
2025-12-12,9:45:36.815865989,T,IBM,I,9,310.44
2025-12-12,9:45:36.815865989,T,IBM,I,10,310.44
2025-12-12,9:45:36.815871695,T,IBM,I,14,310.42
2025-12-12,9:45:36.815871695,T,IBM,I,4,310.41
2025-12-12,9:45:36.816220632,T,IBM,I,5,310.43
2025-12-12,9:45:36.822397647,T,IBM,I,14,310.43
2025-12-12,9:45:36.822400417,T,IBM,I,5,310.41
2025-12-12,9:45:36.822400417,T,IBM,I,6,310.41
2025-12-12,9:45:36.822403334,T,IBM,I,5,310.41
2025-12-12,9:45:36.823383668,T,IBM,I,6,310.41
2025-12-12,9:45:36.823386967,T,IBM,I,19,310.41
2025-12-12,9:45:36.823390005,T,IBM,I,6,310.41
2025-12-12,9:45:36.823524982,T,IBM,F I,5,310.48
2025-12-12,9:45:36.824860169,T,IBM,F I,5,310.41
2025-12-12,9:45:36.824863208,T,IBM,F,45,310.41
2025-12-12,9:45:38.249414436,T,IBM,I,2,310.515
2025-12-12,9:45:47.360994428,T,IBM,I,20,310.36
2025-12-12,9:45:47.360994428,T,IBM,I,30,310.35
2025-12-12,9:45:47.361012450,T,IBM,F I,20,310.35
2025-12-12,9:45:47.361015518,T,IBM,F I,6,310.35
2025-12-12,9:45:47.361015518,T,IBM,I,1,310.35
2025-12-12,9:45:47.361018499,T,IBM,I,20,310.35
2025-12-12,9:45:47.361030537,T,IBM,F I,23,310.35
2025-12-12,9:45:47.361274070,T,IBM,I,12,310.43
2025-12-12,9:45:47.371994606,T,IBM,I,5,310.34
2025-12-12,9:45:48.264708863,T,IBM,,100,310.365
2025-12-12,9:45:48.267304054,T,IBM,,40,310.365
2025-12-12,9:45:49.417557361,T,IBM,F I,10,310.32
2025-12-12,9:46:06.001424669,T,IBM,I,6,310.32
2025-12-12,9:46:08.447889697,T,IBM,F I,6,310.25
2025-12-12,9:46:08.447889697,T,IBM,F I,3,310.25
2025-12-12,9:46:08.447892642,T,IBM,F I,6,310.25
2025-12-12,9:46:08.447926522,T,IBM,F I,10,310.24
2025-12-12,9:46:08.447928829,T,IBM,I,15,310.24
2025-12-12,9:46:15.583817469,T,IBM,I,15,310.275
2025-12-12,9:46:17.614061602,T,IBM,I,7,310.4
2025-12-12,9:46:18.738540553,T,IBM,I,15,310.365
2025-12-12,9:46:20.876862084,T,IBM,I,17,310.365
2025-12-12,9:46:20.879397134,T,IBM,I,23,310.365
2025-12-12,9:46:23.706360968,T,IBM,I,7,310.41
2025-12-12,9:46:39.118374824,T,IBM,F I,1,310.46
2025-12-12,9:46:45.259329970,T,IBM,F,40,310.52
2025-12-12,9:46:45.259348097,T,IBM,I,1,310.52
2025-12-12,9:46:45.259351286,T,IBM,I,3,310.52
2025-12-12,9:46:45.259351286,T,IBM,F I,5,310.52
2025-12-12,9:46:45.259354107,T,IBM,F I,31,310.52
2025-12-12,9:46:47.778481167,T,IBM,,40,310.515
2025-12-12,9:46:47.778481167,T,IBM,I,34,310.515
2025-12-12,9:46:47.778484086,T,IBM,I,2,310.515
2025-12-12,9:46:47.778487063,T,IBM,,111,310.515
2025-12-12,9:46:58.548046541,T,IBM,F,40,310.64
2025-12-12,9:46:58.548049214,T,IBM,F,40,310.64
2025-12-12,9:46:58.548049214,T,IBM,F I,1,310.64
2025-12-12,9:46:59.705182656,T,IBM,I,5,310.65
2025-12-12,9:46:59.717515002,T,IBM,,40,310.65
2025-12-12,9:47:00.275457217,T,IBM,F I,11,310.6
2025-12-12,9:47:00.275649652,T,IBM,F I,11,310.57
2025-12-12,9:47:00.275670814,T,IBM,F I,1,310.57
2025-12-12,9:47:00.275682799,T,IBM,F I,10,310.57
2025-12-12,9:47:00.275704671,T,IBM,F,53,310.56
2025-12-12,9:47:36.546393632,T,IBM,I,5,310.55
2025-12-12,9:47:39.457636204,T,IBM,,100,310.55
2025-12-12,9:47:43.495570824,T,IBM,F I,10,310.55
2025-12-12,9:47:50.893846161,T,IBM,I,10,310.55
2025-12-12,9:47:50.896303001,T,IBM,,87,310.555
2025-12-12,9:48:00.107642575,T,IBM,I,2,310.555
2025-12-12,9:48:01.269626775,T,IBM,,50,310.45
2025-12-12,9:48:01.269626775,T,IBM,I,2,310.44
2025-12-12,9:48:01.270180040,T,IBM,F I,5,310.43
2025-12-12,9:48:01.271873426,T,IBM,F I,5,310.42
2025-12-12,9:48:01.274793020,T,IBM,F I,10,310.41
2025-12-12,9:48:15.361422616,T,IBM,F I,20,310.3
2025-12-12,9:48:15.361440628,T,IBM,F,40,310.29
2025-12-12,9:48:15.361443633,T,IBM,F I,10,310.29
2025-12-12,9:48:15.361462054,T,IBM,F I,19,310.29
2025-12-12,9:48:15.361462054,T,IBM,I,1,310.29
2025-12-12,9:48:15.361462054,T,IBM,I,30,310.29
2025-12-12,9:48:15.361467693,T,IBM,I,10,310.29
2025-12-12,9:48:23.244187153,T,IBM,,40,310.395
2025-12-12,9:48:39.198424816,T,IBM,F I,25,310.54
2025-12-12,9:48:39.198446566,T,IBM,F I,5,310.54
2025-12-12,9:48:39.198488014,T,IBM,F I,5,310.55
2025-12-12,9:48:39.198511991,T,IBM,F I,1,310.56
2025-12-12,9:48:39.198536101,T,IBM,F I,5,310.58
2025-12-12,9:48:39.198536101,T,IBM,F,40,310.58
2025-12-12,9:48:39.198557143,T,IBM,I,1,310.58
2025-12-12,9:48:39.198557143,T,IBM,I,3,310.58
2025-12-12,9:48:39.198572192,T,IBM,F I,34,310.58
2025-12-12,9:48:39.198575203,T,IBM,F I,2,310.58
2025-12-12,9:48:39.199104787,T,IBM,F,80,310.62
2025-12-12,9:48:39.199104787,T,IBM,F,40,310.62
2025-12-12,9:48:39.199892289,T,IBM,F I,38,310.62
2025-12-12,9:48:39.234182999,T,IBM,,40,310.64
2025-12-12,9:48:57.058623723,T,IBM,I,23,310.515
2025-12-12,9:48:57.975151627,T,IBM,F I,10,310.62
2025-12-12,9:49:21.190054017,T,IBM,F I,6,310.7
2025-12-12,9:49:21.190601541,T,IBM,F I,37,310.74
2025-12-12,9:49:21.190604463,T,IBM,F I,14,310.74
2025-12-12,9:49:22.184798064,T,IBM,I,30,310.77
2025-12-12,9:49:22.188499995,T,IBM,F I,39,310.83
2025-12-12,9:49:22.188503044,T,IBM,F,48,310.83
2025-12-12,9:49:22.188506086,T,IBM,F I,4,310.83
2025-12-12,9:49:22.188506086,T,IBM,F I,28,310.83
2025-12-12,9:49:22.190683101,T,IBM,I,25,310.9
2025-12-12,9:49:22.202356936,T,IBM,I,10,310.89
2025-12-12,9:49:22.202383996,T,IBM,F I,1,310.89
2025-12-12,9:49:22.202994477,T,IBM,F I,14,310.86
2025-12-12,9:49:23.195341846,T,IBM,F I,1,310.9
2025-12-12,9:49:26.424143280,T,IBM,F I,5,310.98
2025-12-12,9:49:26.424281619,T,IBM,F I,10,311.0
2025-12-12,9:49:26.424284639,T,IBM,F I,10,311.0
2025-12-12,9:49:26.995596850,T,IBM,I,1,311.04
2025-12-12,9:49:26.995662891,T,IBM,F I,5,311.04
2025-12-12,9:49:27.140208000,T,IBM,I,23,311.04
2025-12-12,9:49:29.175480535,T,IBM,I,10,310.95
2025-12-12,9:49:29.175480535,T,IBM,I,20,310.92
2025-12-12,9:49:29.653834931,T,IBM,F I,3,310.91
2025-12-12,9:49:34.306336705,T,IBM,F I,25,310.84
2025-12-12,9:49:34.319372979,T,IBM,I,10,310.78
2025-12-12,9:49:34.319372979,T,IBM,I,3,310.78
2025-12-12,9:49:57.297085447,T,IBM,I,8,310.84
2025-12-12,9:49:57.297088451,T,IBM,I,10,310.84
2025-12-12,9:50:03.499464724,T,IBM,F I,26,310.63
2025-12-12,9:50:03.499483093,T,IBM,I,1,310.63
2025-12-12,9:50:03.499486580,T,IBM,F I,6,310.63
2025-12-12,9:50:03.499486580,T,IBM,I,3,310.63
2025-12-12,9:50:03.499488870,T,IBM,I,10,310.63
2025-12-12,9:50:03.499491773,T,IBM,I,8,310.63
2025-12-12,9:50:03.599107561,T,IBM,,56,310.46
2025-12-12,9:50:03.599110348,T,IBM,F I,21,310.46
2025-12-12,9:50:03.599110348,T,IBM,I,3,310.46
2025-12-12,9:50:03.599136961,T,IBM,F I,10,310.46
2025-12-12,9:50:03.599179596,T,IBM,I,31,310.46
2025-12-12,9:50:03.599609119,T,IBM,F,40,310.46
2025-12-12,9:50:03.600162519,T,IBM,F I,30,310.46
2025-12-12,9:50:03.600162519,T,IBM,F I,33,310.46
2025-12-12,9:50:03.600168487,T,IBM,I,17,310.46
2025-12-12,9:50:03.600706683,T,IBM,F,40,310.46
2025-12-12,9:50:03.600763878,T,IBM,,40,310.46
2025-12-12,9:50:23.495260517,T,IBM,F I,25,310.58
2025-12-12,9:50:39.519964929,T,IBM,F I,5,310.49
2025-12-12,9:50:39.519967986,T,IBM,F I,10,310.47
2025-12-12,9:50:43.099118852,T,IBM,F I,3,310.39
2025-12-12,9:50:43.099148504,T,IBM,F,57,310.38
2025-12-12,9:50:43.099172647,T,IBM,F,63,310.38
2025-12-12,9:50:43.112746902,T,IBM,,45,310.39
2025-12-12,9:50:45.194449719,T,IBM,,40,310.395
2025-12-12,9:50:50.326710552,T,IBM,I,25,310.48
2025-12-12,9:50:50.333257050,T,IBM,I,20,310.56
2025-12-12,9:50:50.511528024,T,IBM,F,40,310.59
2025-12-12,9:50:50.511548544,T,IBM,F I,4,310.59
2025-12-12,9:50:50.511551773,T,IBM,I,3,310.59
2025-12-12,9:50:50.511551773,T,IBM,I,13,310.59
2025-12-12,9:50:51.023691759,T,IBM,I,21,310.79
2025-12-12,9:50:51.040874613,T,IBM,,40,310.795
2025-12-12,9:50:51.293966121,T,IBM,F I,23,310.72
2025-12-12,9:50:51.293969255,T,IBM,F I,10,310.71
2025-12-12,9:50:51.293969255,T,IBM,F I,7,310.7
2025-12-12,9:50:51.293993901,T,IBM,F I,13,310.7
2025-12-12,9:50:51.293993901,T,IBM,F I,27,310.69
2025-12-12,9:50:51.293993901,T,IBM,F I,13,310.69
2025-12-12,9:50:58.727978540,T,IBM,F I,20,310.55
2025-12-12,9:50:58.727981599,T,IBM,F,60,310.54
2025-12-12,9:50:58.727999620,T,IBM,F I,20,310.54
2025-12-12,9:51:31.322931127,T,IBM,I,10,310.49
2025-12-12,9:51:50.491704187,T,IBM,F I,8,310.5
2025-12-12,9:51:51.881800117,T,IBM,I,5,310.56
2025-12-12,9:51:51.881802415,T,IBM,I,20,310.59
2025-12-12,9:51:51.881817493,T,IBM,I,1,310.59
2025-12-12,9:51:51.881820516,T,IBM,I,3,310.59
2025-12-12,9:51:51.881835571,T,IBM,F I,1,310.59
2025-12-12,9:51:56.216474578,T,IBM,I,8,310.65
2025-12-12,9:51:56.216483599,T,IBM,F I,3,310.65
2025-12-12,9:51:56.216504656,T,IBM,F I,22,310.65
2025-12-12,9:51:56.216510646,T,IBM,I,7,310.65
2025-12-12,9:51:56.230030800,T,IBM,I,23,310.59
2025-12-12,9:52:32.430172795,T,IBM,F I,10,310.62
2025-12-12,9:52:32.459047599,T,IBM,F I,20,310.49
2025-12-12,9:52:32.459050538,T,IBM,F,57,310.48
2025-12-12,9:52:32.459068580,T,IBM,F I,20,310.48
2025-12-12,9:52:32.459074612,T,IBM,F I,9,310.47
2025-12-12,9:52:32.459080638,T,IBM,F I,5,310.47
2025-12-12,9:52:32.473869963,T,IBM,I,8,310.48
2025-12-12,9:52:32.523039921,T,IBM,I,19,310.55
2025-12-12,9:52:41.392567757,T,IBM,F I,30,310.52
2025-12-12,9:52:44.401777728,T,IBM,I,5,310.46
2025-12-12,9:52:44.401780503,T,IBM,I,10,310.45
2025-12-12,9:52:52.031231259,T,IBM,I,14,310.39
2025-12-12,9:52:53.932321007,T,IBM,F,40,310.34
2025-12-12,9:52:53.932543598,T,IBM,I,9,310.27
2025-12-12,9:52:53.932546623,T,IBM,I,6,310.27
2025-12-12,9:53:08.145768575,T,IBM,I,5,310.365
2025-12-12,9:53:08.146147461,T,IBM,I,5,310.365
2025-12-12,9:53:08.151728862,T,IBM,,40,310.365
2025-12-12,9:53:09.133870413,T,IBM,F I,35,310.365
2025-12-12,9:53:09.133870413,T,IBM,F,100,310.365
2025-12-12,9:53:09.133873126,T,IBM,F I,2,310.31
2025-12-12,9:53:09.133878804,T,IBM,F I,6,310.28
2025-12-12,9:53:14.281169543,T,IBM,I,1,310.365
2025-12-12,9:53:33.495023123,T,IBM,,40,310.54
2025-12-12,9:53:33.509274024,T,IBM,I,29,310.505
2025-12-12,9:53:37.563047471,T,IBM,I,5,310.6
2025-12-12,9:53:51.954176313,T,IBM,I,19,310.45
2025-12-12,9:53:51.954176313,T,IBM,I,18,310.42
2025-12-12,9:53:51.954176313,T,IBM,I,20,310.42
2025-12-12,9:53:51.961724043,T,IBM,I,15,310.515
2025-12-12,9:53:51.964262170,T,IBM,I,11,310.515
2025-12-12,9:54:07.022865641,T,IBM,I,20,310.42
2025-12-12,9:54:07.022865641,T,IBM,I,20,310.41
2025-12-12,9:54:07.022883680,T,IBM,I,1,310.41
2025-12-12,9:54:07.022887010,T,IBM,F I,19,310.41
2025-12-12,9:54:07.022890072,T,IBM,F I,10,310.41
2025-12-12,9:54:07.022890072,T,IBM,F I,39,310.41
2025-12-12,9:54:07.024233887,T,IBM,F I,27,310.48
2025-12-12,9:54:07.024243636,T,IBM,F I,17,310.48
2025-12-12,9:54:07.024246245,T,IBM,F I,10,310.49
2025-12-12,9:54:07.024275985,T,IBM,F I,1,310.49
2025-12-12,9:54:11.191690013,T,IBM,,40,310.45
2025-12-12,9:54:16.431300388,T,IBM,I,1,310.45
2025-12-12,9:54:26.348254752,T,IBM,I,1,310.47
2025-12-12,9:54:30.767870180,T,IBM,F I,5,310.57
2025-12-12,9:54:30.768333256,T,IBM,,40,310.52
2025-12-12,9:54:30.768778306,T,IBM,I,11,310.57
2025-12-12,9:54:30.769764703,T,IBM,F I,10,310.525
2025-12-12,9:54:30.777345738,T,IBM,I,18,310.525
2025-12-12,9:54:30.777369816,T,IBM,F I,25,310.525
2025-12-12,9:54:32.455866550,T,IBM,,40,310.5
2025-12-12,9:54:32.455980855,T,IBM,,40,310.47
2025-12-12,9:54:40.382686155,T,IBM,I,20,310.46
2025-12-12,9:54:40.382686155,T,IBM,I,1,310.46
2025-12-12,9:54:44.820765545,T,IBM,I,20,310.46
2025-12-12,9:54:44.820765545,T,IBM,I,5,310.46
2025-12-12,9:54:48.976998799,T,IBM,F I,10,310.485
2025-12-12,9:54:49.069751661,T,IBM,,40,310.485
2025-12-12,9:54:49.372016221,T,IBM,F I,5,310.49
2025-12-12,9:54:49.372650794,T,IBM,F I,12,310.52
2025-12-12,9:54:50.105017240,T,IBM,F,40,310.58
2025-12-12,9:54:50.105405128,T,IBM,,40,310.57
2025-12-12,9:54:51.400329760,T,IBM,F,40,310.62
2025-12-12,9:54:51.400347854,T,IBM,F I,4,310.62
2025-12-12,9:54:51.400350817,T,IBM,I,3,310.62
2025-12-12,9:54:51.400350817,T,IBM,I,1,310.62
2025-12-12,9:54:51.400353918,T,IBM,I,28,310.62
2025-12-12,9:54:51.400774837,T,IBM,I,4,310.62
2025-12-12,9:54:51.401484526,T,IBM,,40,310.585
2025-12-12,9:54:53.584582694,T,IBM,F,40,310.65
2025-12-12,9:54:53.584660891,T,IBM,F I,30,310.67
2025-12-12,9:54:53.584708929,T,IBM,,80,310.61
2025-12-12,9:54:55.087813212,T,IBM,F I,30,310.92
2025-12-12,9:54:55.087816272,T,IBM,F I,10,310.92
2025-12-12,9:54:55.087837282,T,IBM,F I,9,310.93
2025-12-12,9:54:55.088607093,T,IBM,F I,10,310.965
2025-12-12,9:54:55.089130346,T,IBM,F I,10,310.965
2025-12-12,9:54:55.092399090,T,IBM,I,20,310.965
2025-12-12,9:54:55.096642831,T,IBM,F I,10,310.97
2025-12-12,9:54:55.096645228,T,IBM,F,45,311.03
2025-12-12,9:54:55.096648643,T,IBM,F I,2,311.04
2025-12-12,9:54:55.096651903,T,IBM,F,100,311.04
2025-12-12,9:54:55.096651903,T,IBM,F,100,311.04
2025-12-12,9:54:55.096654248,T,IBM,F,40,311.05
2025-12-12,9:54:55.096657228,T,IBM,F I,4,311.1
2025-12-12,9:54:57.097311000,T,IBM,F I,25,310.89
2025-12-12,9:54:57.314430830,T,IBM,F,58,310.82
2025-12-12,9:55:06.443299516,T,IBM,I,11,310.67
2025-12-12,9:55:06.443301897,T,IBM,,40,310.67
2025-12-12,9:55:06.443320121,T,IBM,I,1,310.67
2025-12-12,9:55:06.443322976,T,IBM,I,19,310.67
2025-12-12,9:55:06.443326183,T,IBM,,50,310.67
2025-12-12,9:55:06.443536471,T,IBM,F I,25,310.67
2025-12-12,9:55:06.443740944,T,IBM,F I,25,310.67
2025-12-12,9:55:06.444134854,T,IBM,,45,310.67
2025-12-12,9:55:08.171660446,T,IBM,,40,310.67
2025-12-12,9:55:09.062383893,T,IBM,F I,29,310.67
2025-12-12,9:55:09.062432001,T,IBM,I,29,310.67
2025-12-12,9:55:09.062450121,T,IBM,F I,17,310.67
2025-12-12,9:55:09.062450121,T,IBM,F I,12,310.64
2025-12-12,9:55:09.062468138,T,IBM,F I,17,310.64
2025-12-12,9:55:18.312338591,T,IBM,F I,2,310.76
2025-12-12,9:55:18.312654385,T,IBM,I,25,310.785
2025-12-12,9:55:18.313039362,T,IBM,I,15,310.785
2025-12-12,9:55:18.313042284,T,IBM,I,18,310.785
2025-12-12,9:55:20.632809884,T,IBM,F I,4,310.7
2025-12-12,9:55:23.503067928,T,IBM,I,15,310.7
2025-12-12,9:55:25.318342472,T,IBM,F I,14,310.7
2025-12-12,9:55:38.559491589,T,IBM,F I,25,310.71
2025-12-12,9:55:39.917290065,T,IBM,F I,4,310.79
2025-12-12,9:55:39.917314119,T,IBM,F I,29,310.79
2025-12-12,9:55:39.917317036,T,IBM,F,40,310.79
2025-12-12,9:55:49.978687169,T,IBM,I,20,310.815
2025-12-12,9:55:52.670274866,T,IBM,I,28,310.815
2025-12-12,9:55:52.670344705,T,IBM,I,17,310.815
2025-12-12,9:55:52.670346998,T,IBM,I,1,310.815
2025-12-12,9:55:52.670401130,T,IBM,,120,310.815
2025-12-12,9:55:52.670497350,T,IBM,F I,25,310.825
2025-12-12,9:55:52.670500420,T,IBM,,100,310.825
2025-12-12,9:55:52.670557578,T,IBM,I,25,310.825
2025-12-12,9:55:52.670563544,T,IBM,F I,25,310.825
2025-12-12,9:55:52.670596605,T,IBM,I,4,310.825
2025-12-12,9:55:52.670602590,T,IBM,F I,25,310.89
2025-12-12,9:55:52.670638701,T,IBM,F I,25,310.89
2025-12-12,9:55:52.670674830,T,IBM,F I,25,310.89
2025-12-12,9:55:52.670713852,T,IBM,F I,25,310.89
2025-12-12,9:55:52.672193563,T,IBM,I,18,310.95
2025-12-12,9:55:52.672467132,T,IBM,F I,11,310.96
2025-12-12,9:55:52.672578324,T,IBM,I,5,310.94
2025-12-12,9:55:52.672623542,T,IBM,,75,310.94
2025-12-12,9:55:52.672626765,T,IBM,I,1,310.94
2025-12-12,9:55:52.672632445,T,IBM,F I,1,310.94
2025-12-12,9:55:52.672885066,T,IBM,F I,15,310.95
2025-12-12,9:55:52.672903098,T,IBM,F I,25,310.95
2025-12-12,9:55:52.672903098,T,IBM,F I,2,310.95
2025-12-12,9:55:52.674394868,T,IBM,F,40,310.97
2025-12-12,9:55:52.674809864,T,IBM,,40,310.98
2025-12-12,9:55:52.675239639,T,IBM,,40,310.98
2025-12-12,9:55:52.675453168,T,IBM,F I,25,310.99
2025-12-12,9:55:52.675453168,T,IBM,F I,5,310.99
2025-12-12,9:55:52.675456157,T,IBM,F I,20,310.99
2025-12-12,9:56:08.743352117,T,IBM,F I,19,310.69
2025-12-12,9:56:08.743388184,T,IBM,F I,25,310.69
2025-12-12,9:56:08.743415303,T,IBM,F I,19,310.68
2025-12-12,9:57:20.405229161,T,IBM,,40,310.78
2025-12-12,9:57:26.087628572,T,IBM,,40,310.78
2025-12-12,9:57:28.663757145,T,IBM,F I,2,310.67
2025-12-12,9:57:28.663760094,T,IBM,F I,17,310.66
2025-12-12,9:57:28.663762770,T,IBM,F,44,310.65
2025-12-12,9:57:28.663765685,T,IBM,F,71,310.62
2025-12-12,9:57:51.522788716,T,IBM,I,13,310.74
2025-12-12,9:57:51.652755159,T,IBM,I,13,310.74
2025-12-12,9:57:51.861581268,T,IBM,I,13,310.75
2025-12-12,9:57:51.863229319,T,IBM,I,13,310.76
2025-12-12,9:58:00.883532771,T,IBM,I,1,310.76
2025-12-12,9:58:00.883830537,T,IBM,I,1,310.76
2025-12-12,9:58:00.884028920,T,IBM,F I,6,310.76
2025-12-12,9:58:00.884052955,T,IBM,I,6,310.76
2025-12-12,9:58:04.826326901,T,IBM,I,34,310.66
2025-12-12,9:58:18.803766458,T,IBM,I,5,310.47
2025-12-12,9:58:28.485630318,T,IBM,F I,5,310.48
2025-12-12,9:58:33.653637726,T,IBM,I,2,310.56
2025-12-12,9:58:33.653640289,T,IBM,,113,310.57
2025-12-12,9:58:33.653640289,T,IBM,I,6,310.57
2025-12-12,9:58:33.653658319,T,IBM,F I,2,310.57
2025-12-12,9:58:33.653688458,T,IBM,F I,8,310.58
2025-12-12,9:58:33.654470305,T,IBM,F I,6,310.59
2025-12-12,9:58:39.454585071,T,IBM,F I,2,310.53
2025-12-12,9:59:04.609447746,T,IBM,F I,36,310.43
2025-12-12,9:59:04.609513755,T,IBM,F I,10,310.42
2025-12-12,9:59:04.609534789,T,IBM,F I,26,310.42
2025-12-12,9:59:04.635245906,T,IBM,I,12,310.28
2025-12-12,9:59:06.483232356,T,IBM,I,20,310.05
2025-12-12,9:59:06.483277392,T,IBM,I,2,310.21
2025-12-12,9:59:09.080768075,T,IBM,I,29,310.26
2025-12-12,9:59:09.113579251,T,IBM,,40,310.26
2025-12-12,9:59:09.199604995,T,IBM,,40,310.26
2025-12-12,9:59:09.920327672,T,IBM,I,1,310.26
2025-12-12,9:59:26.986134331,T,IBM,F I,6,310.52
2025-12-12,9:59:31.021609169,T,IBM,F I,1,310.52
2025-12-12,9:59:37.386862191,T,IBM,F I,8,310.63
2025-12-12,9:59:38.226854912,T,IBM,F I,5,310.49
2025-12-12,9:59:38.234622350,T,IBM,F I,27,310.55
2025-12-12,9:59:45.022059518,T,IBM,F I,12,310.4
2025-12-12,9:59:53.930965924,T,IBM,I,25,310.545
2025-12-12,9:59:55.401497350,T,IBM,F,49,310.555
2025-12-12,10:00:00.256250854,T,IBM,,43,310.545
2025-12-12,10:00:08.776638440,T,IBM,F I,5,310.49
2025-12-12,10:00:09.116465424,T,IBM,,40,310.545
2025-12-12,10:00:09.470007988,T,IBM,,40,310.545
2025-12-12,10:00:15.423590252,T,IBM,I,2,310.37
2025-12-12,10:00:15.423593294,T,IBM,I,32,310.36
2025-12-12,10:00:15.424020327,T,IBM,F I,4,310.36
2025-12-12,10:00:15.425238180,T,IBM,F I,38,310.36
2025-12-12,10:00:15.425767435,T,IBM,I,26,310.36
2025-12-12,10:00:15.425771067,T,IBM,I,9,310.35
2025-12-12,10:00:15.425771067,T,IBM,I,5,310.35
2025-12-12,10:00:15.425791517,T,IBM,F I,24,310.35
2025-12-12,10:00:15.425809538,T,IBM,I,1,310.35
2025-12-12,10:00:15.444432918,T,IBM,I,5,310.32
2025-12-12,10:00:19.172152034,T,IBM,I,1,310.4
2025-12-12,10:00:53.232120150,T,IBM,,40,310.36
2025-12-12,10:00:53.232168258,T,IBM,F I,25,310.36
2025-12-12,10:00:53.232505078,T,IBM,I,21,310.44
2025-12-12,10:01:01.570538619,T,IBM,F I,21,310.17
2025-12-12,10:01:01.571813661,T,IBM,I,21,310.17
2025-12-12,10:01:01.571813661,T,IBM,I,1,310.17
2025-12-12,10:01:01.571831710,T,IBM,I,1,310.17
2025-12-12,10:01:02.889565648,T,IBM,,44,310.14
2025-12-12,10:01:05.944222462,T,IBM,I,1,310.28
2025-12-12,10:01:05.944309756,T,IBM,F I,1,310.29
2025-12-12,10:01:05.944330723,T,IBM,F,40,310.3
2025-12-12,10:01:05.944334193,T,IBM,F I,11,310.3
2025-12-12,10:01:40.846742529,T,IBM,I,30,310.44
2025-12-12,10:01:40.846770429,T,IBM,F I,14,310.44
2025-12-12,10:01:40.846772708,T,IBM,F I,6,310.45
2025-12-12,10:01:40.846775679,T,IBM,F I,4,310.45
2025-12-12,10:01:40.846793780,T,IBM,F I,10,310.45
2025-12-12,10:01:40.846793780,T,IBM,F I,10,310.45
2025-12-12,10:01:40.847434233,T,IBM,,45,310.36
2025-12-12,10:01:41.861851175,T,IBM,I,5,310.49
2025-12-12,10:01:41.861854231,T,IBM,I,35,310.57
2025-12-12,10:01:41.863490036,T,IBM,I,1,310.57
2025-12-12,10:01:41.863493105,T,IBM,,100,310.57
2025-12-12,10:01:41.863517181,T,IBM,F I,25,310.52
2025-12-12,10:01:41.863808843,T,IBM,I,20,310.58
2025-12-12,10:01:41.863808843,T,IBM,I,20,310.58
2025-12-12,10:01:41.863811802,T,IBM,,40,310.58
2025-12-12,10:01:41.863829915,T,IBM,I,1,310.58
2025-12-12,10:01:41.863845083,T,IBM,F I,10,310.58
2025-12-12,10:01:41.864551626,T,IBM,F I,29,310.58
2025-12-12,10:01:41.964115761,T,IBM,F I,2,310.47
2025-12-12,10:01:41.964115761,T,IBM,F I,5,310.46
2025-12-12,10:02:08.721754642,T,IBM,F I,37,310.28
2025-12-12,10:02:11.786368878,T,IBM,I,2,310.41
2025-12-12,10:02:11.786371498,T,IBM,I,5,310.43
2025-12-12,10:02:11.786374247,T,IBM,,70,310.44
2025-12-12,10:02:26.032019387,T,IBM,,40,310.385
2025-12-12,10:02:37.864584835,T,IBM,F I,25,310.425
2025-12-12,10:02:42.243756878,T,IBM,F I,2,310.44
2025-12-12,10:02:42.243756878,T,IBM,F I,23,310.425
2025-12-12,10:02:42.243819997,T,IBM,F I,25,310.425
2025-12-12,10:03:01.054067481,T,IBM,F I,5,310.37
2025-12-12,10:03:13.987914586,T,IBM,,40,310.395
2025-12-12,10:03:25.009855522,T,IBM,I,1,310.53
2025-12-12,10:03:25.010035927,T,IBM,I,19,310.51
2025-12-12,10:03:27.609054159,T,IBM,I,3,310.435
2025-12-12,10:03:29.057605614,T,IBM,I,1,310.53
2025-12-12,10:03:29.308823754,T,IBM,I,14,310.445
2025-12-12,10:03:29.309140126,T,IBM,I,13,310.51
2025-12-12,10:03:29.309140126,T,IBM,I,2,310.53
2025-12-12,10:03:29.309142417,T,IBM,I,5,310.55
2025-12-12,10:03:29.309142417,T,IBM,I,5,310.56
2025-12-12,10:03:33.712064858,T,IBM,F I,8,310.45
2025-12-12,10:03:53.988675462,T,IBM,I,1,310.57
2025-12-12,10:03:53.988677859,T,IBM,I,2,310.57
2025-12-12,10:03:53.988680852,T,IBM,I,2,310.57
2025-12-12,10:03:53.988701962,T,IBM,F I,25,310.57
2025-12-12,10:04:06.518497989,T,IBM,,40,310.43
2025-12-12,10:04:08.481174215,T,IBM,I,5,310.4
2025-12-12,10:04:08.481219282,T,IBM,I,1,310.4
2025-12-12,10:04:20.464401373,T,IBM,I,1,310.4
2025-12-12,10:04:39.574134590,T,IBM,I,2,310.26
2025-12-12,10:04:59.060556660,T,IBM,I,2,310.34
2025-12-12,10:05:00.008491277,T,IBM,I,2,310.35
2025-12-12,10:05:00.008539359,T,IBM,,100,310.34
2025-12-12,10:05:00.100795975,T,IBM,F I,27,310.23
2025-12-12,10:05:00.101129783,T,IBM,,40,310.23
2025-12-12,10:05:00.101132773,T,IBM,,50,310.23
2025-12-12,10:05:03.818020125,T,IBM,F I,30,310.13
2025-12-12,10:05:03.818110388,T,IBM,F I,14,310.11
2025-12-12,10:05:03.818140415,T,IBM,F I,16,310.11
2025-12-12,10:05:03.819388420,T,IBM,I,25,310.03
2025-12-12,10:05:34.811380257,T,IBM,,40,310.06
2025-12-12,10:05:34.915903128,T,IBM,,40,310.06
2025-12-12,10:06:02.521280848,T,IBM,I,30,309.86
2025-12-12,10:06:02.532214839,T,IBM,,100,309.865
2025-12-12,10:06:37.820056200,T,IBM,F I,12,309.865
2025-12-12,10:07:04.619855197,T,IBM,,40,309.85
2025-12-12,10:07:08.453420223,T,IBM,F I,25,309.85
2025-12-12,10:07:09.100600005,T,IBM,,40,309.85
2025-12-12,10:07:14.007922148,T,IBM,,40,309.85
2025-12-12,10:07:16.225999494,T,IBM,F I,2,309.8
2025-12-12,10:07:18.144124729,T,IBM,I,1,309.72
2025-12-12,10:07:18.144476474,T,IBM,I,1,309.72
2025-12-12,10:07:25.831114287,T,IBM,F I,6,309.69
2025-12-12,10:07:25.831117143,T,IBM,F I,14,309.69
2025-12-12,10:07:25.831117143,T,IBM,F I,10,309.69
2025-12-12,10:07:25.831132161,T,IBM,I,1,309.69
2025-12-12,10:07:25.831162271,T,IBM,I,1,309.69
2025-12-12,10:07:25.832485437,T,IBM,,40,309.725
2025-12-12,10:07:28.386760056,T,IBM,F,40,309.79
2025-12-12,10:07:31.048342168,T,IBM,F I,25,309.62
2025-12-12,10:07:58.645609501,T,IBM,F I,1,309.84
2025-12-12,10:07:58.676339614,T,IBM,I,12,309.85
2025-12-12,10:07:58.676339614,T,IBM,I,1,309.86
2025-12-12,10:07:58.676342665,T,IBM,I,28,309.86
2025-12-12,10:07:58.676357701,T,IBM,F I,12,309.86
2025-12-12,10:08:01.662264930,T,IBM,F I,25,309.9
2025-12-12,10:08:01.663130878,T,IBM,I,27,309.91
2025-12-12,10:08:01.663693291,T,IBM,F,40,309.92
2025-12-12,10:08:01.663696291,T,IBM,F,40,309.93
2025-12-12,10:08:07.149189861,T,IBM,F I,13,309.88
2025-12-12,10:08:07.149192864,T,IBM,F I,3,309.88
2025-12-12,10:08:07.149201883,T,IBM,F I,10,309.88
2025-12-12,10:08:08.590710551,T,IBM,F I,1,309.92
2025-12-12,10:08:18.166685800,T,IBM,,40,309.88
2025-12-12,10:08:32.224810352,T,IBM,F I,8,309.75
2025-12-12,10:08:35.677028813,T,IBM,I,11,309.69
2025-12-12,10:08:40.289661555,T,IBM,I,18,309.685
2025-12-12,10:08:40.293447439,T,IBM,I,23,309.685
2025-12-12,10:08:56.706655951,T,IBM,I,10,309.61
2025-12-12,10:08:56.706658346,T,IBM,I,10,309.61
2025-12-12,10:08:56.706661246,T,IBM,,44,309.61
2025-12-12,10:08:56.706685257,T,IBM,F,56,309.61
2025-12-12,10:08:56.706688267,T,IBM,F I,8,309.61
2025-12-12,10:08:56.706706379,T,IBM,,64,309.61
2025-12-12,10:08:56.707749798,T,IBM,I,19,309.62
2025-12-12,10:08:56.707749798,T,IBM,I,21,309.61
2025-12-12,10:08:56.708026446,T,IBM,I,4,309.6
2025-12-12,10:08:56.708029437,T,IBM,I,36,309.6
2025-12-12,10:08:56.708050487,T,IBM,F I,24,309.6
2025-12-12,10:08:56.709009859,T,IBM,F I,24,309.6
2025-12-12,10:09:02.245889573,T,IBM,I,17,309.7
2025-12-12,10:09:09.144624561,T,IBM,F I,12,309.65
2025-12-12,10:09:09.144624561,T,IBM,F I,5,309.65
2025-12-12,10:09:09.144636585,T,IBM,F I,20,309.65
2025-12-12,10:09:09.423297894,T,IBM,,40,309.635
2025-12-12,10:09:15.871795178,T,IBM,I,1,309.53
2025-12-12,10:09:17.165123013,T,IBM,F I,8,309.51
2025-12-12,10:09:17.165141030,T,IBM,F I,2,309.51
2025-12-12,10:09:17.165628173,T,IBM,I,1,309.51
2025-12-12,10:09:20.524684812,T,IBM,F I,15,309.57
2025-12-12,10:09:20.524684812,T,IBM,F I,12,309.57
2025-12-12,10:09:21.787787711,T,IBM,F,40,309.7
2025-12-12,10:09:36.318096438,T,IBM,F,80,309.76
2025-12-12,10:09:36.318096438,T,IBM,F,40,309.76
2025-12-12,10:09:36.318117374,T,IBM,I,1,309.76
2025-12-12,10:09:36.318123328,T,IBM,F I,39,309.76
2025-12-12,10:09:36.318535336,T,IBM,F,40,309.77
2025-12-12,10:09:36.318571436,T,IBM,F,40,309.77
2025-12-12,10:09:36.344021083,T,IBM,I,1,309.79
2025-12-12,10:09:36.344048038,T,IBM,F I,4,309.79
2025-12-12,10:09:36.740740497,T,IBM,I,4,309.8
2025-12-12,10:09:41.738069932,T,IBM,I,1,309.9
2025-12-12,10:09:41.849175510,T,IBM,I,20,309.92
2025-12-12,10:09:41.854194375,T,IBM,I,19,309.87
2025-12-12,10:09:51.750693711,T,IBM,I,11,309.82
2025-12-12,10:10:00.462291396,T,IBM,F,40,310.04
2025-12-12,10:10:00.994083380,T,IBM,F I,20,310.16
2025-12-12,10:10:04.315947187,T,IBM,,100,310.095
2025-12-12,10:10:16.605125377,T,IBM,I,2,310.155
2025-12-12,10:10:24.783953722,T,IBM,F I,20,310.32
2025-12-12,10:10:28.338686011,T,IBM,,40,310.225
2025-12-12,10:10:46.523128558,T,IBM,,40,310.17
2025-12-12,10:10:48.211329491,T,IBM,F I,25,310.17
2025-12-12,10:10:48.211383632,T,IBM,F I,25,310.17
2025-12-12,10:11:20.903304999,T,IBM,F,80,310.3
2025-12-12,10:11:20.903307973,T,IBM,F,80,310.3
2025-12-12,10:11:20.903307973,T,IBM,F I,2,310.3
2025-12-12,10:11:20.903310197,T,IBM,F,40,310.3
2025-12-12,10:11:49.344642128,T,IBM,I,2,310.35
2025-12-12,10:11:50.052247540,T,IBM,F I,1,310.27
2025-12-12,10:11:50.052269056,T,IBM,F I,12,310.26
2025-12-12,10:11:52.645573280,T,IBM,F I,20,310.22
2025-12-12,10:11:52.645573280,T,IBM,F I,20,310.21
2025-12-12,10:11:52.645594297,T,IBM,F I,20,310.21
2025-12-12,10:11:52.645594297,T,IBM,F I,5,310.21
2025-12-12,10:11:52.645597533,T,IBM,I,1,310.21
2025-12-12,10:11:52.645600310,T,IBM,F I,2,310.21
2025-12-12,10:11:52.645916011,T,IBM,F I,25,310.2
2025-12-12,10:11:52.645973203,T,IBM,F I,15,310.2
2025-12-12,10:12:05.387211885,T,IBM,F I,2,310.14
2025-12-12,10:12:07.011008437,T,IBM,F I,2,309.87
2025-12-12,10:12:07.011026522,T,IBM,I,4,309.87
2025-12-12,10:12:08.447362759,T,IBM,F I,25,309.815
2025-12-12,10:12:08.645324025,T,IBM,F I,9,309.7
2025-12-12,10:12:14.891108732,T,IBM,F I,1,309.64
2025-12-12,10:12:41.550494930,T,IBM,F I,11,309.58
2025-12-12,10:12:41.550528002,T,IBM,F I,10,309.56
2025-12-12,10:12:41.550542976,T,IBM,F I,19,309.56
2025-12-12,10:12:41.550844023,T,IBM,F I,1,309.54
2025-12-12,10:12:41.550847326,T,IBM,F I,20,309.54
2025-12-12,10:12:41.550847326,T,IBM,F I,15,309.53
2025-12-12,10:12:41.550849688,T,IBM,F I,31,309.53
2025-12-12,10:12:41.550856040,T,IBM,I,38,309.54
2025-12-12,10:12:41.550867817,T,IBM,I,1,309.54
2025-12-12,10:12:41.551523346,T,IBM,I,9,309.56
2025-12-12,10:12:41.551923328,T,IBM,F I,2,309.62
2025-12-12,10:12:53.665011787,T,IBM,,40,309.64
2025-12-12,10:12:53.668006901,T,IBM,,40,309.64
2025-12-12,10:12:54.625014074,T,IBM,F I,11,309.71
2025-12-12,10:12:54.625323791,T,IBM,,45,309.7
2025-12-12,10:12:54.625326830,T,IBM,,100,309.71
2025-12-12,10:12:54.625329873,T,IBM,,80,309.71
2025-12-12,10:12:54.625332868,T,IBM,,80,309.71
2025-12-12,10:12:54.625332868,T,IBM,,555,309.71
2025-12-12,10:12:54.625341794,T,IBM,I,1,309.71
2025-12-12,10:12:54.626589805,T,IBM,F,44,309.71
2025-12-12,10:12:54.626592853,T,IBM,F I,20,309.71
2025-12-12,10:12:54.634880564,T,IBM,I,2,309.66
2025-12-12,10:12:54.645613155,T,IBM,F I,7,309.63
2025-12-12,10:12:54.645616134,T,IBM,F I,3,309.62
2025-12-12,10:12:54.645640294,T,IBM,F I,2,309.62
2025-12-12,10:12:54.645922812,T,IBM,F I,10,309.61
2025-12-12,10:12:55.849002803,T,IBM,F I,5,309.57
2025-12-12,10:12:57.423154276,T,IBM,F I,23,309.62
2025-12-12,10:13:03.367326946,T,IBM,F I,1,309.57
2025-12-12,10:13:03.367345245,T,IBM,F I,3,309.57
2025-12-12,10:13:03.367348028,T,IBM,F,100,309.57
2025-12-12,10:13:10.143382076,T,IBM,I,1,309.6
2025-12-12,10:13:11.174900798,T,IBM,F,100,309.68
2025-12-12,10:13:11.174900798,T,IBM,F I,28,309.69
2025-12-12,10:13:11.174904801,T,IBM,F I,20,309.69
2025-12-12,10:13:11.174907005,T,IBM,F,40,309.69
2025-12-12,10:13:11.174907005,T,IBM,F I,12,309.69
2025-12-12,10:13:13.697022875,T,IBM,F I,5,309.56
2025-12-12,10:13:13.697025876,T,IBM,F I,8,309.55
2025-12-12,10:13:13.697071304,T,IBM,F I,3,309.55
2025-12-12,10:13:13.697143126,T,IBM,I,5,309.55
2025-12-12,10:13:13.697161590,T,IBM,F,95,309.55
2025-12-12,10:13:13.697176218,T,IBM,I,12,309.55
2025-12-12,10:13:13.697182237,T,IBM,I,1,309.55
2025-12-12,10:13:13.697212325,T,IBM,I,6,309.55
2025-12-12,10:13:13.697251421,T,IBM,I,2,309.55
2025-12-12,10:13:13.697299568,T,IBM,I,15,309.53
2025-12-12,10:13:13.697311498,T,IBM,F I,1,309.51
2025-12-12,10:13:13.697897945,T,IBM,F I,10,309.46
2025-12-12,10:13:13.697937149,T,IBM,F I,10,309.46
2025-12-12,10:13:19.331957442,T,IBM,I,11,309.38
2025-12-12,10:13:19.331960438,T,IBM,I,1,309.37
2025-12-12,10:13:19.332023685,T,IBM,,44,309.36
2025-12-12,10:13:36.441491583,T,IBM,F,45,309.29
2025-12-12,10:13:36.441491583,T,IBM,F I,5,309.32
2025-12-12,10:13:36.441494375,T,IBM,F I,29,309.33
2025-12-12,10:13:39.035713167,T,IBM,F I,5,309.35
2025-12-12,10:13:39.035716228,T,IBM,F I,5,309.35
2025-12-12,10:13:39.035719293,T,IBM,F I,5,309.36
2025-12-12,10:13:39.035740335,T,IBM,F,574,309.36
2025-12-12,10:13:39.035740335,T,IBM,F,40,309.36
2025-12-12,10:13:39.035743260,T,IBM,F I,20,309.36
2025-12-12,10:13:39.035752294,T,IBM,,40,309.36
2025-12-12,10:13:39.051067782,T,IBM,F I,5,309.3
2025-12-12,10:13:39.051215174,T,IBM,I,10,309.31
2025-12-12,10:14:02.410857821,T,IBM,I,35,309.36
2025-12-12,10:14:02.410876566,T,IBM,I,1,309.36
2025-12-12,10:14:02.410881928,T,IBM,F I,30,309.36
2025-12-12,10:14:02.410893928,T,IBM,I,14,309.36
2025-12-12,10:14:02.410899911,T,IBM,I,28,309.35
2025-12-12,10:14:02.410915037,T,IBM,I,12,309.35
2025-12-12,10:14:02.421262576,T,IBM,,40,309.315
2025-12-12,10:14:04.805112467,T,IBM,F,100,309.325
2025-12-12,10:14:04.805115504,T,IBM,F I,18,309.29
2025-12-12,10:14:04.805166682,T,IBM,,40,309.29
2025-12-12,10:14:04.806453697,T,IBM,F I,4,309.29
2025-12-12,10:14:04.807006998,T,IBM,I,36,309.29
2025-12-12,10:14:04.807028045,T,IBM,I,4,309.29
2025-12-12,10:14:36.969672292,T,IBM,F I,1,309.24
2025-12-12,10:14:36.969674959,T,IBM,F I,4,309.24
2025-12-12,10:14:36.974408239,T,IBM,,40,309.175
2025-12-12,10:14:36.974408239,T,IBM,,40,309.175
2025-12-12,10:15:01.636785524,T,IBM,F I,35,309.17
2025-12-12,10:15:09.081879278,T,IBM,F I,25,309.175
2025-12-12,10:15:09.081927480,T,IBM,F I,25,309.175
2025-12-12,10:15:16.220829293,T,IBM,,100,309.17
2025-12-12,10:15:16.231228104,T,IBM,,40,309.17
2025-12-12,10:15:16.231228104,T,IBM,,40,309.17
2025-12-12,10:15:32.370800012,T,IBM,I,20,309.29
2025-12-12,10:15:32.370814961,T,IBM,I,1,309.29
2025-12-12,10:15:32.371257069,T,IBM,F I,25,309.2
2025-12-12,10:15:39.228755072,T,IBM,F I,1,309.11
2025-12-12,10:15:39.228757975,T,IBM,F I,1,309.1
2025-12-12,10:15:39.228779165,T,IBM,F I,1,309.1
2025-12-12,10:15:39.242178893,T,IBM,F I,1,309.06
2025-12-12,10:15:39.242185027,T,IBM,F I,11,309.06
2025-12-12,10:15:39.242187957,T,IBM,F I,1,309.06
2025-12-12,10:15:39.242278198,T,IBM,F I,19,309.05
2025-12-12,10:15:39.242287170,T,IBM,F,81,309.05
2025-12-12,10:15:39.278210779,T,IBM,I,7,309.02
2025-12-12,10:15:39.278355126,T,IBM,I,3,309.02
2025-12-12,10:15:39.338507320,T,IBM,F I,11,309.0
2025-12-12,10:15:47.365107217,T,IBM,F I,36,308.9
2025-12-12,10:16:01.213224101,T,IBM,,55,308.81
2025-12-12,10:16:02.112464469,T,IBM,F I,2,308.8
2025-12-12,10:16:02.112466881,T,IBM,F I,34,308.8
2025-12-12,10:16:02.112469902,T,IBM,F,68,308.8
2025-12-12,10:16:02.112475940,T,IBM,F I,10,308.8
2025-12-12,10:16:09.377645455,T,IBM,F I,25,308.81
2025-12-12,10:16:16.761275946,T,IBM,,100,308.775
2025-12-12,10:16:16.774366118,T,IBM,I,37,308.775
2025-12-12,10:16:17.636244960,T,IBM,F I,1,308.74
2025-12-12,10:16:22.501918353,T,IBM,F I,14,308.87
2025-12-12,10:16:22.501918353,T,IBM,F I,26,308.87
2025-12-12,10:16:22.501924313,T,IBM,F,40,308.87
2025-12-12,10:16:22.501924313,T,IBM,F I,5,308.87
2025-12-12,10:16:22.501927258,T,IBM,F,80,308.87
2025-12-12,10:16:22.502504915,T,IBM,F I,7,308.82
2025-12-12,10:16:22.502507698,T,IBM,F I,2,308.82
2025-12-12,10:16:33.057550963,T,IBM,F I,6,308.8
2025-12-12,10:16:33.057677183,T,IBM,F I,2,308.79
2025-12-12,10:16:33.057692279,T,IBM,F I,3,308.79
2025-12-12,10:16:35.247273731,T,IBM,,80,308.79
2025-12-12,10:16:35.344053211,T,IBM,,40,308.88
2025-12-12,10:16:35.345649980,T,IBM,F I,5,308.89
2025-12-12,10:16:35.345680055,T,IBM,F I,1,308.94
2025-12-12,10:16:35.366522707,T,IBM,F I,2,308.96
2025-12-12,10:16:35.366522707,T,IBM,F,123,308.96
2025-12-12,10:16:35.366543717,T,IBM,F I,37,308.96
2025-12-12,10:16:35.366546679,T,IBM,F,40,308.96
2025-12-12,10:16:35.366573800,T,IBM,F I,10,308.97
2025-12-12,10:16:35.366588811,T,IBM,F I,10,308.97
2025-12-12,10:16:35.366640008,T,IBM,F I,2,308.97
2025-12-12,10:16:35.734496716,T,IBM,F I,25,308.98
2025-12-12,10:16:35.734538824,T,IBM,F I,15,308.98
2025-12-12,10:16:37.166845483,T,IBM,F,40,309.05
2025-12-12,10:16:43.500782033,T,IBM,F I,20,309.12
2025-12-12,10:16:43.501419556,T,IBM,F I,20,309.15
2025-12-12,10:16:44.618819701,T,IBM,F I,25,309.12
2025-12-12,10:16:57.314481965,T,IBM,I,20,309.17
2025-12-12,10:16:57.330654453,T,IBM,,100,309.14
2025-12-12,10:17:01.979213815,T,IBM,F I,10,309.02
2025-12-12,10:17:01.979270949,T,IBM,I,22,309.02
2025-12-12,10:17:12.471822422,T,IBM,F I,18,309.02
2025-12-12,10:17:12.471826225,T,IBM,F,50,309.02
2025-12-12,10:17:32.163119540,T,IBM,F I,2,309.16
2025-12-12,10:18:12.048152811,T,IBM,F,40,309.33
2025-12-12,10:18:12.048155892,T,IBM,F I,20,309.33
2025-12-12,10:18:12.048174017,T,IBM,I,1,309.33
2025-12-12,10:18:12.048174017,T,IBM,F I,11,309.33
2025-12-12,10:18:12.048182885,T,IBM,F I,10,309.33
2025-12-12,10:18:12.048189055,T,IBM,F I,8,309.33
2025-12-12,10:18:12.048203999,T,IBM,F I,10,309.33
2025-12-12,10:18:12.048225021,T,IBM,I,20,309.33
2025-12-12,10:18:12.060650568,T,IBM,I,2,309.27
2025-12-12,10:18:15.374031307,T,IBM,F I,20,309.12
2025-12-12,10:18:15.374085506,T,IBM,,40,309.12
2025-12-12,10:18:15.374103676,T,IBM,F I,1,309.06
2025-12-12,10:18:15.374103676,T,IBM,F I,9,309.06
2025-12-12,10:18:42.573350125,T,IBM,F I,2,309.11
2025-12-12,10:18:42.573352929,T,IBM,F I,2,309.1
2025-12-12,10:18:42.573358840,T,IBM,F,100,309.08
2025-12-12,10:18:42.573358840,T,IBM,F,40,309.07
2025-12-12,10:18:42.573361940,T,IBM,F I,19,309.06
2025-12-12,10:18:42.573364947,T,IBM,F I,4,309.02
2025-12-12,10:18:42.573368727,T,IBM,F,44,309.02
2025-12-12,10:18:42.573368727,T,IBM,F I,4,309.01
2025-12-12,10:18:42.573368727,T,IBM,F,100,309.01
2025-12-12,10:18:42.573370885,T,IBM,F I,18,309.0
2025-12-12,10:18:42.573373973,T,IBM,F I,8,309.0
2025-12-12,10:18:42.573377726,T,IBM,F,100,309.0
2025-12-12,10:18:42.573377726,T,IBM,F I,27,309.0
2025-12-12,10:18:42.577526856,T,IBM,,40,309.0
2025-12-12,10:18:42.577529851,T,IBM,,127,309.0
2025-12-12,10:18:42.577529851,T,IBM,F I,21,309.0
2025-12-12,10:18:42.577532758,T,IBM,F,40,309.0
2025-12-12,10:18:42.577550866,T,IBM,I,1,309.0
2025-12-12,10:18:42.577554039,T,IBM,I,39,309.0
2025-12-12,10:18:42.577554039,T,IBM,,61,309.0
2025-12-12,10:18:42.577556947,T,IBM,,40,309.0
2025-12-12,10:18:42.577568934,T,IBM,I,2,309.0
2025-12-12,10:18:42.577577888,T,IBM,I,2,309.0
2025-12-12,10:18:42.577623803,T,IBM,I,36,309.0
2025-12-12,10:18:42.577625981,T,IBM,,40,309.0
2025-12-12,10:18:42.577662115,T,IBM,I,11,309.0
2025-12-12,10:18:42.577692275,T,IBM,F I,10,309.0
2025-12-12,10:18:42.577752302,T,IBM,F I,19,309.0
2025-12-12,10:18:42.577752302,T,IBM,F I,21,309.0
2025-12-12,10:18:42.577759092,T,IBM,F I,19,309.0
2025-12-12,10:18:42.577761447,T,IBM,F I,21,309.0
2025-12-12,10:18:42.577764309,T,IBM,F,40,309.0
2025-12-12,10:18:42.577770520,T,IBM,F I,29,309.0
2025-12-12,10:18:42.577780040,T,IBM,F I,11,309.0
2025-12-12,10:18:42.577782382,T,IBM,F I,4,309.0
2025-12-12,10:18:42.577911700,T,IBM,F I,36,309.0
2025-12-12,10:18:42.577915152,T,IBM,F I,4,309.0
2025-12-12,10:18:42.577932717,T,IBM,F I,36,309.0
2025-12-12,10:18:42.577935788,T,IBM,F I,4,309.0
2025-12-12,10:18:42.577935788,T,IBM,I,16,309.0
2025-12-12,10:18:42.577941760,T,IBM,F I,20,309.0
2025-12-12,10:18:42.577944817,T,IBM,F I,20,309.0
2025-12-12,10:18:42.577956851,T,IBM,F,40,309.0
2025-12-12,10:18:42.578001936,T,IBM,F,40,309.0
2025-12-12,10:18:42.578047084,T,IBM,I,24,309.0
2025-12-12,10:18:42.579752095,T,IBM,,45,309.07
2025-12-12,10:18:42.626077413,T,IBM,I,2,309.12
2025-12-12,10:18:43.445413863,T,IBM,F I,2,309.12
2025-12-12,10:18:51.763215209,T,IBM,F I,2,309.06
2025-12-12,10:19:01.348492927,T,IBM,F I,4,308.92
2025-12-12,10:19:01.348693293,T,IBM,F I,10,308.92
2025-12-12,10:19:01.348696354,T,IBM,F I,5,308.92
2025-12-12,10:19:01.348696354,T,IBM,F I,5,308.92
2025-12-12,10:19:01.348880170,T,IBM,I,1,308.92
2025-12-12,10:19:01.349339917,T,IBM,F I,1,308.92
2025-12-12,10:19:01.350527811,T,IBM,I,33,308.92
2025-12-12,10:19:01.350527811,T,IBM,,40,308.92
2025-12-12,10:19:01.350530661,T,IBM,I,3,308.92
2025-12-12,10:19:01.351129066,T,IBM,I,2,308.92
2025-12-12,10:19:01.352052257,T,IBM,I,3,308.92
2025-12-12,10:19:01.353522765,T,IBM,I,3,308.92
2025-12-12,10:19:16.361789307,T,IBM,F I,2,309.22
2025-12-12,10:19:16.362838817,T,IBM,,80,309.26
2025-12-12,10:19:19.324051437,T,IBM,I,2,309.09
2025-12-12,10:19:19.324054443,T,IBM,I,2,309.08
2025-12-12,10:19:35.373926242,T,IBM,I,25,309.075
2025-12-12,10:19:36.543088576,T,IBM,F I,25,309.02
2025-12-12,10:19:36.543211760,T,IBM,,40,309.02
2025-12-12,10:19:50.105428750,T,IBM,F I,35,309.02
2025-12-12,10:19:50.105452891,T,IBM,F,80,309.0
2025-12-12,10:19:50.105467949,T,IBM,,125,309.0
2025-12-12,10:19:50.105467949,T,IBM,F I,20,309.0
2025-12-12,10:19:50.105470916,T,IBM,I,20,309.0
2025-12-12,10:19:50.105477186,T,IBM,F I,10,309.0
2025-12-12,10:19:50.105477186,T,IBM,I,1,309.0
2025-12-12,10:19:50.105477186,T,IBM,F I,10,309.0
2025-12-12,10:19:50.105480682,T,IBM,F I,10,308.99
2025-12-12,10:19:50.105482984,T,IBM,I,34,308.99
2025-12-12,10:19:50.105600492,T,IBM,I,15,308.94
2025-12-12,10:19:50.105669392,T,IBM,,85,308.94
2025-12-12,10:19:50.105693471,T,IBM,F I,15,308.945
2025-12-12,10:19:50.105808099,T,IBM,F I,1,308.92
2025-12-12,10:19:50.105808099,T,IBM,F I,9,308.91
2025-12-12,10:19:50.105810861,T,IBM,F I,1,308.91
2025-12-12,10:19:50.105813827,T,IBM,F I,1,308.91
2025-12-12,10:19:50.105813827,T,IBM,F I,23,308.91
2025-12-12,10:19:50.105819779,T,IBM,F I,9,308.91
2025-12-12,10:19:50.105834837,T,IBM,F I,1,308.91
2025-12-12,10:19:50.105834837,T,IBM,,40,308.91
2025-12-12,10:19:50.105837807,T,IBM,F I,11,308.91
2025-12-12,10:19:50.105847118,T,IBM,I,1,308.91
2025-12-12,10:19:50.105850285,T,IBM,F I,15,308.91
2025-12-12,10:19:50.105850285,T,IBM,F I,9,308.89
2025-12-12,10:19:50.105852801,T,IBM,F I,9,308.89
2025-12-12,10:19:50.105876877,T,IBM,F I,15,308.89
2025-12-12,10:19:50.106045255,T,IBM,,100,308.89
2025-12-12,10:19:50.106279893,T,IBM,F I,1,308.85
2025-12-12,10:19:50.106436165,T,IBM,F I,9,308.89
2025-12-12,10:19:50.106457296,T,IBM,I,23,308.89
2025-12-12,10:19:50.106466236,T,IBM,I,1,308.89
2025-12-12,10:19:50.106469257,T,IBM,,44,308.89
2025-12-12,10:19:50.106502314,T,IBM,I,9,308.89
2025-12-12,10:19:50.106872282,T,IBM,F I,9,308.89
2025-12-12,10:19:50.114038272,T,IBM,I,29,308.85
2025-12-12,10:19:51.931321496,T,IBM,F I,8,308.81
2025-12-12,10:19:51.931504928,T,IBM,F,40,308.81
2025-12-12,10:19:51.931622259,T,IBM,,40,308.81
2025-12-12,10:19:55.440940487,T,IBM,F,51,308.9
2025-12-12,10:19:55.440955620,T,IBM,I,1,308.9
2025-12-12,10:19:55.440958590,T,IBM,F,177,308.9
2025-12-12,10:19:55.440961582,T,IBM,F,111,308.9
2025-12-12,10:19:55.450304844,T,IBM,F I,12,308.86
2025-12-12,10:19:55.450322872,T,IBM,F I,25,308.86
2025-12-12,10:19:55.450355943,T,IBM,F I,12,308.86
2025-12-12,10:19:55.450422103,T,IBM,,88,308.86
2025-12-12,10:20:01.731748371,T,IBM,F I,16,308.81
2025-12-12,10:20:01.731772505,T,IBM,F I,10,308.81
2025-12-12,10:20:01.731776225,T,IBM,,40,308.81
2025-12-12,10:20:01.731779214,T,IBM,F I,10,308.81
2025-12-12,10:20:01.748937358,T,IBM,I,15,308.81
2025-12-12,10:20:01.749141742,T,IBM,I,9,308.81
2025-12-12,10:20:01.788346107,T,IBM,F,40,308.8
2025-12-12,10:20:01.788367186,T,IBM,F I,1,308.8
2025-12-12,10:20:01.788370330,T,IBM,F I,3,308.8
2025-12-12,10:20:01.788370330,T,IBM,I,1,308.8
2025-12-12,10:20:01.788373289,T,IBM,I,16,308.8
2025-12-12,10:20:01.788376161,T,IBM,I,21,308.8
2025-12-12,10:20:01.788379185,T,IBM,,43,308.8
2025-12-12,10:20:01.882749822,T,IBM,F I,1,308.78
2025-12-12,10:20:01.882773884,T,IBM,I,16,308.78
2025-12-12,10:20:03.126092707,T,IBM,F I,25,308.78
2025-12-12,10:20:19.056925314,T,IBM,F I,25,308.78
2025-12-12,10:20:30.217469099,T,IBM,I,24,308.89
2025-12-12,10:20:30.217487206,T,IBM,I,2,308.89
2025-12-12,10:20:30.217487206,T,IBM,I,30,308.89
2025-12-12,10:20:30.217490137,T,IBM,I,1,308.89
2025-12-12,10:20:30.218906859,T,IBM,F,151,309.0
2025-12-12,10:20:30.218924572,T,IBM,F I,2,309.0
2025-12-12,10:20:30.218972666,T,IBM,F,6927,309.0
2025-12-12,10:20:30.218984894,T,IBM,F,2619,309.0
2025-12-12,10:20:30.219513989,T,IBM,I,20,309.01
2025-12-12,10:20:30.219658309,T,IBM,F I,20,309.08
2025-12-12,10:20:30.219679671,T,IBM,F,120,309.08
2025-12-12,10:20:30.219682356,T,IBM,F,74,309.08
2025-12-12,10:20:30.219682356,T,IBM,F I,28,309.08
2025-12-12,10:20:30.225780967,T,IBM,,45,308.98
2025-12-12,10:20:30.225807933,T,IBM,F I,25,308.98
2025-12-12,10:20:30.270043375,T,IBM,F I,13,309.08
2025-12-12,10:20:30.270046457,T,IBM,F,87,309.08
2025-12-12,10:20:30.270046457,T,IBM,F I,15,309.08
2025-12-12,10:20:30.270076416,T,IBM,I,1,309.1
2025-12-12,10:20:30.281840442,T,IBM,,45,309.2
2025-12-12,10:20:30.281897534,T,IBM,,45,309.2
2025-12-12,10:20:30.281942670,T,IBM,I,10,309.2
2025-12-12,10:20:31.486276694,T,IBM,F I,10,309.13
2025-12-12,10:20:31.486279813,T,IBM,F I,2,309.12
2025-12-12,10:20:31.486279813,T,IBM,F I,2,309.11
2025-12-12,10:20:31.486282885,T,IBM,F,100,309.1
2025-12-12,10:20:31.486285777,T,IBM,F,44,309.09
2025-12-12,10:20:31.486285777,T,IBM,F,100,309.08
2025-12-12,10:20:31.486288769,T,IBM,F I,22,309.06
2025-12-12,10:20:31.486294786,T,IBM,F,78,309.06
2025-12-12,10:20:31.486294786,T,IBM,F I,2,309.06
2025-12-12,10:20:31.494345132,T,IBM,F,40,309.06
2025-12-12,10:20:31.494348420,T,IBM,F,100,309.03
2025-12-12,10:20:31.494348420,T,IBM,F,100,309.01
2025-12-12,10:20:31.494351647,T,IBM,F I,20,309.01
2025-12-12,10:20:31.494351647,T,IBM,F I,20,309.01
2025-12-12,10:20:31.494353940,T,IBM,F,40,309.01
2025-12-12,10:20:32.681784617,T,IBM,I,22,309.32
2025-12-12,10:20:32.919629890,T,IBM,,40,309.21
2025-12-12,10:20:42.915639471,T,IBM,,50,309.21
2025-12-12,10:20:42.915813868,T,IBM,I,10,309.21
2025-12-12,10:20:44.165619162,T,IBM,,40,309.21
2025-12-12,10:20:44.339667431,T,IBM,I,34,309.21
2025-12-12,10:20:44.339688566,T,IBM,I,1,309.21
2025-12-12,10:20:44.339691565,T,IBM,F I,6,309.21
2025-12-12,10:20:44.339697584,T,IBM,F I,10,309.21
2025-12-12,10:20:44.339697584,T,IBM,F I,7,309.21
2025-12-12,10:20:44.339847925,T,IBM,F I,7,309.21
2025-12-12,10:20:44.339893031,T,IBM,F I,7,309.21
2025-12-12,10:20:44.340079400,T,IBM,F I,29,309.21
2025-12-12,10:20:44.340082468,T,IBM,F I,2,309.2
2025-12-12,10:20:44.340082468,T,IBM,F I,18,309.2
2025-12-12,10:20:44.340154766,T,IBM,F I,22,309.2
2025-12-12,10:20:44.340154766,T,IBM,F I,12,309.2
2025-12-12,10:20:44.340223732,T,IBM,F I,37,309.21
2025-12-12,10:20:44.340232819,T,IBM,F I,5,309.21
2025-12-12,10:20:51.062667226,T,IBM,F I,1,309.17
2025-12-12,10:21:24.266368011,T,IBM,I,2,309.08
2025-12-12,10:21:24.266458223,T,IBM,F I,25,309.08
2025-12-12,10:22:01.084303761,T,IBM,I,5,308.9
2025-12-12,10:23:10.309271655,T,IBM,I,5,308.86
2025-12-12,10:23:37.476208965,T,IBM,,40,308.85
2025-12-12,10:23:52.876630031,T,IBM,I,2,308.89
2025-12-12,10:23:56.714928394,T,IBM,F I,25,308.81
2025-12-12,10:23:56.714973451,T,IBM,F I,25,308.81
2025-12-12,10:23:56.715072712,T,IBM,,40,308.81
2025-12-12,10:23:56.715162878,T,IBM,F I,5,308.81
2025-12-12,10:23:56.715235047,T,IBM,F I,5,308.81
2025-12-12,10:23:56.715256158,T,IBM,F I,5,308.79
2025-12-12,10:23:56.715262173,T,IBM,I,1,308.79
2025-12-12,10:23:56.769222629,T,IBM,I,24,308.83
2025-12-12,10:23:56.769270741,T,IBM,I,8,308.79
2025-12-12,10:23:56.769754826,T,IBM,F I,25,308.79
2025-12-12,10:23:56.769787976,T,IBM,I,1,308.79
2025-12-12,10:23:56.769799928,T,IBM,F I,25,308.79
2025-12-12,10:23:56.769833000,T,IBM,F I,25,308.79
2025-12-12,10:23:56.769869190,T,IBM,F I,24,308.79
2025-12-12,10:23:56.982153594,T,IBM,F I,6,308.69
2025-12-12,10:23:56.982156495,T,IBM,F I,2,308.69
2025-12-12,10:23:56.982427179,T,IBM,F,40,308.69
2025-12-12,10:23:56.982682821,T,IBM,F,40,308.69
2025-12-12,10:23:56.982701618,T,IBM,F I,20,308.69
2025-12-12,10:23:56.982701618,T,IBM,F I,27,308.68
2025-12-12,10:23:56.982718859,T,IBM,I,1,308.68
2025-12-12,10:23:56.982793997,T,IBM,I,12,308.68
2025-12-12,10:23:56.983160907,T,IBM,,100,308.68
2025-12-12,10:24:07.325994638,T,IBM,F I,14,308.62
2025-12-12,10:24:14.473524516,T,IBM,F I,4,308.54
2025-12-12,10:24:14.473526839,T,IBM,F I,1,308.54
2025-12-12,10:24:14.473526839,T,IBM,F I,3,308.54
2025-12-12,10:24:14.473577943,T,IBM,F,40,308.54
2025-12-12,10:24:14.473577943,T,IBM,,40,308.54
2025-12-12,10:24:14.473683219,T,IBM,I,3,308.5
2025-12-12,10:24:14.650744758,T,IBM,I,1,308.5
2025-12-12,10:24:23.963272565,T,IBM,F I,12,308.47
2025-12-12,10:24:29.066165203,T,IBM,,100,308.525
2025-12-12,10:24:37.083389007,T,IBM,I,24,308.44
2025-12-12,10:24:37.083692800,T,IBM,F I,29,308.44
2025-12-12,10:24:37.083692800,T,IBM,I,24,308.44
2025-12-12,10:24:37.083773905,T,IBM,F I,23,308.44
2025-12-12,10:24:37.083776911,T,IBM,F I,1,308.43
2025-12-12,10:24:37.083795566,T,IBM,I,1,308.43
2025-12-12,10:24:37.083795566,T,IBM,I,7,308.43
2025-12-12,10:24:37.084134737,T,IBM,I,15,308.43
2025-12-12,10:24:37.084134737,T,IBM,I,8,308.43
2025-12-12,10:24:39.160180937,T,IBM,,100,308.44
2025-12-12,10:24:39.160183989,T,IBM,I,22,308.43
2025-12-12,10:24:39.160186963,T,IBM,I,28,308.43
2025-12-12,10:24:39.160250501,T,IBM,F,102,308.43
2025-12-12,10:24:39.160253059,T,IBM,F I,22,308.4
2025-12-12,10:24:39.160256123,T,IBM,F I,13,308.4
2025-12-12,10:24:39.160274205,T,IBM,F,87,308.4
2025-12-12,10:24:39.160388493,T,IBM,F,100,308.41
2025-12-12,10:24:40.955124336,T,IBM,F I,9,308.37
2025-12-12,10:24:40.955124336,T,IBM,F,40,308.37
2025-12-12,10:24:41.204014442,T,IBM,I,7,308.27
2025-12-12,10:24:41.204014442,T,IBM,I,22,308.27
2025-12-12,10:24:41.204035557,T,IBM,I,18,308.27
2025-12-12,10:24:41.204035557,T,IBM,I,2,308.27
2025-12-12,10:24:41.204041542,T,IBM,I,28,308.27
2025-12-12,10:24:41.204044491,T,IBM,F I,32,308.27
2025-12-12,10:25:01.578086533,T,IBM,,40,308.185
2025-12-12,10:25:01.869543361,T,IBM,,100,308.185
2025-12-12,10:25:02.107142020,T,IBM,F I,22,308.1
2025-12-12,10:25:05.941503966,T,IBM,I,29,307.86
2025-12-12,10:25:05.960293530,T,IBM,I,19,307.9
2025-12-12,10:25:05.960364848,T,IBM,I,11,307.91
2025-12-12,10:25:05.960364848,T,IBM,I,19,307.91
2025-12-12,10:25:07.498343237,T,IBM,F I,2,307.87
2025-12-12,10:25:07.498343237,T,IBM,F I,3,307.86
2025-12-12,10:25:07.498361165,T,IBM,I,8,307.86
2025-12-12,10:25:07.498364174,T,IBM,I,2,307.86
2025-12-12,10:25:10.817332264,T,IBM,I,3,307.95
2025-12-12,10:25:10.817338226,T,IBM,I,5,307.95
2025-12-12,10:25:10.817341302,T,IBM,I,6,307.93
2025-12-12,10:25:10.817663000,T,IBM,F I,3,307.93
2025-12-12,10:25:11.381120314,T,IBM,I,1,307.9
2025-12-12,10:25:15.808788764,T,IBM,F,50,307.9
2025-12-12,10:25:17.196547422,T,IBM,I,2,307.86
2025-12-12,10:25:17.196550381,T,IBM,I,14,307.85
2025-12-12,10:25:20.276722931,T,IBM,F I,10,307.93
2025-12-12,10:25:25.227113722,T,IBM,F I,13,307.98
2025-12-12,10:25:25.239491265,T,IBM,F I,1,308.05
2025-12-12,10:25:25.239512419,T,IBM,I,1,308.05
2025-12-12,10:25:25.239560427,T,IBM,F I,37,308.05
2025-12-12,10:25:25.239566436,T,IBM,F,50,308.05
2025-12-12,10:25:25.239689733,T,IBM,I,1,308.05
2025-12-12,10:25:25.346961063,T,IBM,I,2,308.0
2025-12-12,10:25:25.347571532,T,IBM,F I,37,307.95
2025-12-12,10:25:28.848367434,T,IBM,F I,4,307.97
2025-12-12,10:25:48.252664052,T,IBM,F I,19,307.95
2025-12-12,10:25:48.301834099,T,IBM,,40,307.95
2025-12-12,10:25:50.347516898,T,IBM,F,40,308.06
2025-12-12,10:25:50.347516898,T,IBM,F I,3,308.06
2025-12-12,10:25:50.347520013,T,IBM,F I,15,308.06
2025-12-12,10:25:50.347520013,T,IBM,F,40,308.06
2025-12-12,10:25:50.347526001,T,IBM,F I,18,308.06
2025-12-12,10:25:50.347526001,T,IBM,F I,8,308.06
2025-12-12,10:25:50.347526001,T,IBM,F I,10,308.06
2025-12-12,10:25:53.222412043,T,IBM,I,16,308.01
2025-12-12,10:26:04.595098570,T,IBM,I,2,308.1
2025-12-12,10:26:04.595098570,T,IBM,I,13,308.1
2025-12-12,10:26:05.676532959,T,IBM,F I,3,308.01
2025-12-12,10:26:05.676560040,T,IBM,F I,3,308.01
2025-12-12,10:26:05.676641253,T,IBM,F I,3,308.01
2025-12-12,10:26:05.676689309,T,IBM,I,3,308.0
2025-12-12,10:26:08.637802529,T,IBM,F,40,308.0
2025-12-12,10:26:08.637820583,T,IBM,F I,2,308.0
2025-12-12,10:26:08.637820583,T,IBM,I,33,308.01
2025-12-12,10:26:24.502330392,T,IBM,,40,307.995
2025-12-12,10:26:25.202484169,T,IBM,F I,15,308.09
2025-12-12,10:26:25.203922021,T,IBM,F I,2,308.1
2025-12-12,10:26:25.203924619,T,IBM,F,80,308.11
2025-12-12,10:26:25.203927666,T,IBM,F I,23,308.11
2025-12-12,10:26:25.203927666,T,IBM,F I,38,308.11
2025-12-12,10:26:25.203933604,T,IBM,F I,2,308.11
2025-12-12,10:26:25.203936688,T,IBM,F,40,308.11
2025-12-12,10:26:25.206149959,T,IBM,F,40,308.12
2025-12-12,10:26:25.206174009,T,IBM,I,7,308.12
2025-12-12,10:26:25.206207024,T,IBM,F I,25,308.12
2025-12-12,10:26:25.206207024,T,IBM,F I,8,308.12
2025-12-12,10:26:28.063997428,T,IBM,F,40,308.18
2025-12-12,10:26:28.064000540,T,IBM,F I,31,308.18
2025-12-12,10:26:28.064000540,T,IBM,F,47,308.18
2025-12-12,10:26:28.064003351,T,IBM,F I,5,308.18
2025-12-12,10:26:28.064021486,T,IBM,F I,34,308.18
2025-12-12,10:26:28.064021486,T,IBM,F I,16,308.18
2025-12-12,10:26:28.076356864,T,IBM,F I,21,308.28
2025-12-12,10:26:28.077403311,T,IBM,I,6,308.28
2025-12-12,10:26:28.077403311,T,IBM,I,16,308.28
2025-12-12,10:26:28.077424412,T,IBM,F I,2,308.28
2025-12-12,10:26:28.084653510,T,IBM,F,142,308.28
2025-12-12,10:26:37.156693266,T,IBM,F I,5,308.25
2025-12-12,10:26:37.156693266,T,IBM,F I,11,308.24
2025-12-12,10:26:37.156722757,T,IBM,I,8,308.24
2025-12-12,10:26:40.879387343,T,IBM,,40,308.28
2025-12-12,10:26:52.790036221,T,IBM,F I,10,308.32
2025-12-12,10:26:52.790039277,T,IBM,I,7,308.32
2025-12-12,10:26:52.790057297,T,IBM,F I,3,308.32
2025-12-12,10:26:55.018073220,T,IBM,F I,1,308.29
2025-12-12,10:26:55.018247753,T,IBM,,40,308.29
2025-12-12,10:26:55.051049747,T,IBM,F I,25,308.29
2025-12-12,10:26:55.423233800,T,IBM,I,23,308.35
2025-12-12,10:26:55.423254848,T,IBM,,77,308.35
2025-12-12,10:27:00.175227445,T,IBM,I,19,308.36
2025-12-12,10:27:00.175251412,T,IBM,F I,25,308.355
2025-12-12,10:27:11.551243644,T,IBM,F I,19,308.39
2025-12-12,10:27:11.551246548,T,IBM,F I,6,308.37
2025-12-12,10:27:11.551248917,T,IBM,F I,7,308.38
2025-12-12,10:27:11.551285285,T,IBM,I,12,308.38
2025-12-12,10:27:11.551288071,T,IBM,I,34,308.37
2025-12-12,10:27:11.551291051,T,IBM,,54,308.37
2025-12-12,10:27:11.551312206,T,IBM,F I,25,308.37
2025-12-12,10:27:11.551336206,T,IBM,I,21,308.37
2025-12-12,10:27:11.551471493,T,IBM,F I,3,308.33
2025-12-12,10:27:11.551471493,T,IBM,F I,4,308.33
2025-12-12,10:27:11.551496001,T,IBM,F,50,308.33
2025-12-12,10:27:11.551552626,T,IBM,F I,25,308.33
2025-12-12,10:27:11.551634183,T,IBM,F I,21,308.33
2025-12-12,10:27:11.551805322,T,IBM,I,3,308.365
2025-12-12,10:27:11.551892537,T,IBM,F I,12,308.29
2025-12-12,10:27:11.551904459,T,IBM,F I,13,308.29
2025-12-12,10:27:11.551922593,T,IBM,F I,37,308.29
2025-12-12,10:27:11.551964621,T,IBM,F I,8,308.29
2025-12-12,10:27:11.551967659,T,IBM,F I,6,308.27
2025-12-12,10:27:11.551967659,T,IBM,F,80,308.27
2025-12-12,10:27:11.552235254,T,IBM,I,10,308.35
2025-12-12,10:27:11.553859165,T,IBM,,45,308.29
2025-12-12,10:27:11.553862306,T,IBM,I,20,308.27
2025-12-12,10:27:11.553865193,T,IBM,,100,308.27
2025-12-12,10:27:11.553865193,T,IBM,,70,308.27
2025-12-12,10:27:11.569276834,T,IBM,F I,15,308.25
2025-12-12,10:27:11.672909574,T,IBM,I,12,308.24
2025-12-12,10:27:11.672909574,T,IBM,,50,308.23
2025-12-12,10:27:11.862974077,T,IBM,F,40,308.1
2025-12-12,10:27:11.862976991,T,IBM,F I,8,308.09
2025-12-12,10:27:11.863010378,T,IBM,F I,32,308.09
2025-12-12,10:27:11.863834068,T,IBM,I,21,308.01
2025-12-12,10:27:11.863852137,T,IBM,,40,308.045
2025-12-12,10:27:11.864652066,T,IBM,F I,19,308.05
2025-12-12,10:27:11.864658070,T,IBM,F I,19,308.05
2025-12-12,10:27:11.864661069,T,IBM,I,2,308.05
2025-12-12,10:27:11.864697129,T,IBM,F I,19,308.08
2025-12-12,10:27:11.897881292,T,IBM,I,25,308.135
2025-12-12,10:27:11.897920173,T,IBM,F I,15,308.135
2025-12-12,10:27:12.088962098,T,IBM,F I,2,308.16
2025-12-12,10:27:12.088965079,T,IBM,F I,5,308.18
2025-12-12,10:27:17.430268364,T,IBM,I,25,308.195
2025-12-12,10:27:40.545447213,T,IBM,F I,2,308.08
2025-12-12,10:27:45.335297910,T,IBM,F I,12,308.13
2025-12-12,10:27:45.335297910,T,IBM,F I,20,308.13
2025-12-12,10:27:58.758767554,T,IBM,F I,25,308.06
2025-12-12,10:28:04.856969839,T,IBM,I,5,308.0
2025-12-12,10:28:04.861946764,T,IBM,F I,3,307.95
2025-12-12,10:28:04.861976781,T,IBM,F I,3,307.94
2025-12-12,10:28:04.862575173,T,IBM,I,3,307.92
2025-12-12,10:28:06.717905052,T,IBM,I,19,307.88
2025-12-12,10:28:06.717910992,T,IBM,,44,307.9
2025-12-12,10:28:06.717910992,T,IBM,I,5,307.91
2025-12-12,10:28:06.717914772,T,IBM,I,7,307.91
2025-12-12,10:28:06.717914772,T,IBM,I,10,307.91
2025-12-12,10:28:18.502359129,T,IBM,I,1,307.92
2025-12-12,10:28:18.502431339,T,IBM,,40,307.92
2025-12-12,10:28:18.508590038,T,IBM,,52,307.92
2025-12-12,10:28:19.578531314,T,IBM,F I,4,307.85
2025-12-12,10:28:19.578612313,T,IBM,F I,7,307.85
2025-12-12,10:28:19.578621287,T,IBM,F I,8,307.85
2025-12-12,10:28:29.039705310,T,IBM,F I,6,307.67
2025-12-12,10:28:29.039705310,T,IBM,F I,1,307.67
2025-12-12,10:28:31.138891597,T,IBM,I,5,307.61
2025-12-12,10:28:39.764484819,T,IBM,I,1,307.6
2025-12-12,10:28:39.764487853,T,IBM,I,39,307.6
2025-12-12,10:28:49.627412424,T,IBM,F I,2,307.56
2025-12-12,10:28:49.627430457,T,IBM,I,2,307.56
2025-12-12,10:28:50.105601757,T,IBM,F I,1,307.51
2025-12-12,10:28:50.105625850,T,IBM,F I,12,307.5
2025-12-12,10:28:50.106179101,T,IBM,F I,1,307.48
2025-12-12,10:28:50.128850378,T,IBM,,100,307.45
2025-12-12,10:28:50.128850378,T,IBM,I,25,307.41
2025-12-12,10:28:53.313936556,T,IBM,F I,1,307.36
2025-12-12,10:29:01.156098509,T,IBM,F I,12,307.41
2025-12-12,10:29:01.156101530,T,IBM,F,40,307.41
2025-12-12,10:29:01.175612002,T,IBM,I,15,307.41
2025-12-12,10:29:01.202923108,T,IBM,I,15,307.41
2025-12-12,10:29:01.308185617,T,IBM,I,15,307.41
2025-12-12,10:29:02.134525822,T,IBM,F I,16,307.35
2025-12-12,10:29:21.888663429,T,IBM,I,15,307.15
2025-12-12,10:29:22.885046420,T,IBM,F I,1,307.08
2025-12-12,10:29:23.071511268,T,IBM,F I,1,307.08
2025-12-12,10:29:33.573027171,T,IBM,F,80,307.2
2025-12-12,10:29:33.573315836,T,IBM,I,31,307.18
2025-12-12,10:29:41.291360320,T,IBM,F I,2,307.3
2025-12-12,10:29:41.291360320,T,IBM,F I,38,307.31
2025-12-12,10:29:41.291378366,T,IBM,F I,2,307.31
2025-12-12,10:29:41.296204836,T,IBM,I,17,307.23
2025-12-12,10:29:41.296222835,T,IBM,F I,2,307.23
2025-12-12,10:29:45.139904149,T,IBM,I,18,307.03
2025-12-12,10:29:45.139904149,T,IBM,I,1,307.03
2025-12-12,10:29:45.463604451,T,IBM,F I,5,307.05
2025-12-12,10:29:45.463606771,T,IBM,F I,13,307.08
2025-12-12,10:29:45.862852153,T,IBM,F I,18,307.1
2025-12-12,10:29:51.399723315,T,IBM,F I,2,307.1
2025-12-12,10:29:55.008491319,T,IBM,F I,2,307.05
2025-12-12,10:29:55.008509321,T,IBM,F,50,307.05
2025-12-12,10:29:55.008701775,T,IBM,F I,5,307.01
2025-12-12,10:29:55.008704780,T,IBM,F I,4,307.01
2025-12-12,10:29:59.076660013,T,IBM,I,20,306.88
2025-12-12,10:30:00.012917850,T,IBM,I,36,306.87
2025-12-12,10:30:03.155967281,T,IBM,F,40,306.88
2025-12-12,10:30:03.155970204,T,IBM,F I,1,306.88
2025-12-12,10:30:03.157164027,T,IBM,F,47,306.87
2025-12-12,10:30:03.157176066,T,IBM,F I,7,306.87
2025-12-12,10:30:03.157182052,T,IBM,F,46,306.87
2025-12-12,10:30:03.157182052,T,IBM,F I,2,306.88
2025-12-12,10:30:03.157185140,T,IBM,F I,2,306.88
2025-12-12,10:30:03.157206135,T,IBM,F I,3,306.86
2025-12-12,10:30:03.157228040,T,IBM,F I,3,306.88
2025-12-12,10:30:03.157230265,T,IBM,F I,4,306.88
2025-12-12,10:30:03.157242219,T,IBM,F I,15,306.88
2025-12-12,10:30:03.157242219,T,IBM,F I,25,306.89
2025-12-12,10:30:03.157263324,T,IBM,I,1,306.89
2025-12-12,10:30:03.157281383,T,IBM,I,14,306.89
2025-12-12,10:30:03.157828738,T,IBM,F I,8,306.85
2025-12-12,10:30:03.157828738,T,IBM,F I,17,306.85
2025-12-12,10:30:03.215424788,T,IBM,F I,5,306.85
2025-12-12,10:30:03.875838862,T,IBM,F I,25,306.78
2025-12-12,10:30:07.930331049,T,IBM,I,2,306.85
2025-12-12,10:30:11.061411819,T,IBM,F I,12,306.88
2025-12-12,10:30:11.061655372,T,IBM,F I,8,306.89
2025-12-12,10:30:11.061754614,T,IBM,I,20,306.89
2025-12-12,10:30:11.915060100,T,IBM,I,2,306.97
2025-12-12,10:30:13.705546471,T,IBM,I,5,306.97
2025-12-12,10:30:13.778788773,T,IBM,F I,2,307.03
2025-12-12,10:30:13.779525566,T,IBM,,40,307.025
2025-12-12,10:30:15.979033823,T,IBM,F,67,307.14
2025-12-12,10:30:15.979036756,T,IBM,F I,1,307.14
2025-12-12,10:30:15.979054845,T,IBM,F,40,307.15
2025-12-12,10:30:15.979108963,T,IBM,F,40,307.15
2025-12-12,10:30:19.147770322,T,IBM,F I,5,307.17
2025-12-12,10:30:24.067337670,T,IBM,F I,25,307.06
2025-12-12,10:30:24.711182335,T,IBM,F I,25,307.01
2025-12-12,10:30:24.711204087,T,IBM,F,50,307.01
2025-12-12,10:30:24.711204087,T,IBM,F I,5,307.01
2025-12-12,10:30:24.711206391,T,IBM,I,1,307.01
2025-12-12,10:30:24.741843331,T,IBM,I,2,307.02
2025-12-12,10:30:37.238979047,T,IBM,F,100,307.095
2025-12-12,10:30:42.215447943,T,IBM,,40,307.06
2025-12-12,10:30:51.278122758,T,IBM,I,8,307.135
2025-12-12,10:30:52.090729201,T,IBM,,40,307.06
2025-12-12,10:30:54.788701087,T,IBM,F I,10,307.06
2025-12-12,10:30:59.687158190,T,IBM,F I,20,307.11
2025-12-12,10:30:59.687158190,T,IBM,F I,7,307.06
2025-12-12,10:30:59.687236433,T,IBM,F I,20,307.06
2025-12-12,10:31:01.607454700,T,IBM,F,80,307.01
2025-12-12,10:31:01.607791578,T,IBM,F,43,306.99
2025-12-12,10:31:01.607833920,T,IBM,F I,20,306.99
2025-12-12,10:31:01.607965983,T,IBM,I,17,306.99
2025-12-12,10:31:01.608047131,T,IBM,F I,30,306.99
2025-12-12,10:31:07.879350380,T,IBM,,100,306.795
2025-12-12,10:31:07.879419589,T,IBM,,40,306.795
2025-12-12,10:31:11.233126242,T,IBM,F I,8,306.76
2025-12-12,10:31:11.233198475,T,IBM,I,10,306.76
2025-12-12,10:31:11.234025426,T,IBM,F I,1,306.75
2025-12-12,10:31:11.234696041,T,IBM,I,11,306.69
2025-12-12,10:31:11.691703048,T,IBM,F I,8,306.69
2025-12-12,10:31:11.692250252,T,IBM,F I,2,306.68
2025-12-12,10:31:11.692274360,T,IBM,I,6,306.68
2025-12-12,10:31:11.692274360,T,IBM,I,1,306.68
2025-12-12,10:31:12.349389673,T,IBM,I,14,306.7
2025-12-12,10:31:12.349392840,T,IBM,I,20,306.7
2025-12-12,10:31:12.353395153,T,IBM,,49,306.705
2025-12-12,10:31:12.426523264,T,IBM,I,11,306.68
2025-12-12,10:31:12.763087450,T,IBM,F I,2,306.67
2025-12-12,10:31:12.763147754,T,IBM,F I,3,306.66
2025-12-12,10:31:12.763150614,T,IBM,F I,14,306.66
2025-12-12,10:31:12.763288983,T,IBM,,40,306.66
2025-12-12,10:31:12.763484475,T,IBM,F I,2,306.65
2025-12-12,10:31:12.764347514,T,IBM,I,23,306.58
2025-12-12,10:31:12.764365588,T,IBM,I,1,306.58
2025-12-12,10:31:12.764371559,T,IBM,F,46,306.58
2025-12-12,10:31:12.764392649,T,IBM,I,10,306.58
2025-12-12,10:31:13.763662421,T,IBM,,49,306.58
2025-12-12,10:31:14.421196428,T,IBM,F I,19,306.56
2025-12-12,10:31:14.421196428,T,IBM,F I,9,306.54
2025-12-12,10:31:14.421196428,T,IBM,F I,20,306.54
2025-12-12,10:31:14.421201809,T,IBM,F,100,306.53
2025-12-12,10:31:14.421201809,T,IBM,F I,18,306.52
2025-12-12,10:31:14.767097215,T,IBM,I,9,306.58
2025-12-12,10:31:16.449731951,T,IBM,F I,19,306.5
2025-12-12,10:31:16.449734927,T,IBM,F I,11,306.5
2025-12-12,10:31:20.581604314,T,IBM,F I,25,306.61
2025-12-12,10:31:20.581631333,T,IBM,F I,5,306.61
2025-12-12,10:31:25.054380362,T,IBM,F I,9,306.53
2025-12-12,10:31:25.054383287,T,IBM,F I,11,306.51
2025-12-12,10:31:25.054386284,T,IBM,F I,5,306.49
2025-12-12,10:31:26.555382828,T,IBM,F I,39,306.67
2025-12-12,10:31:26.555382828,T,IBM,F I,14,306.67
2025-12-12,10:31:26.555388534,T,IBM,F I,30,306.68
2025-12-12,10:31:26.555403642,T,IBM,I,27,306.61
2025-12-12,10:31:35.084734662,T,IBM,,40,306.67
2025-12-12,10:31:35.269894459,T,IBM,,40,306.67
2025-12-12,10:31:37.645769558,T,IBM,I,11,306.73
2025-12-12,10:31:46.447434790,T,IBM,F I,20,306.75
2025-12-12,10:31:46.447479987,T,IBM,I,12,306.78
2025-12-12,10:31:46.448033202,T,IBM,F I,22,306.79
2025-12-12,10:31:46.448418130,T,IBM,F I,1,306.82
2025-12-12,10:31:46.448481278,T,IBM,F I,25,306.82
2025-12-12,10:31:46.448553461,T,IBM,F I,14,306.82
2025-12-12,10:31:46.448848163,T,IBM,F I,1,306.86
2025-12-12,10:31:46.449491670,T,IBM,F I,12,306.83
2025-12-12,10:31:50.279018211,T,IBM,F I,2,306.79
2025-12-12,10:31:50.288099926,T,IBM,F I,1,306.76
2025-12-12,10:31:51.929094405,T,IBM,F I,2,306.66
2025-12-12,10:31:54.815467733,T,IBM,F,72,306.86
2025-12-12,10:31:54.816616477,T,IBM,I,20,306.86
2025-12-12,10:31:54.818393610,T,IBM,I,1,306.86
2025-12-12,10:31:54.818947815,T,IBM,F I,7,306.86
2025-12-12,10:31:54.818947815,T,IBM,F I,10,306.87
2025-12-12,10:31:54.818950084,T,IBM,F,80,306.87
2025-12-12,10:31:54.834190280,T,IBM,F I,11,306.87
2025-12-12,10:31:54.834193286,T,IBM,F I,11,306.94
2025-12-12,10:31:55.846962302,T,IBM,F I,20,306.86
2025-12-12,10:31:55.972327731,T,IBM,I,19,306.91
2025-12-12,10:31:55.972330694,T,IBM,I,21,306.92
2025-12-12,10:31:55.983562430,T,IBM,I,11,306.94
2025-12-12,10:31:55.983595925,T,IBM,F,45,306.95
2025-12-12,10:31:55.983598509,T,IBM,F,40,306.96
2025-12-12,10:31:55.983601843,T,IBM,F,40,306.96
2025-12-12,10:31:55.983601843,T,IBM,F I,8,306.96
2025-12-12,10:31:55.983607590,T,IBM,F I,10,306.96
2025-12-12,10:31:55.983628664,T,IBM,F I,10,306.96
2025-12-12,10:31:55.983664859,T,IBM,I,12,306.96
2025-12-12,10:31:55.983664859,T,IBM,I,1,306.96
2025-12-12,10:31:55.983668231,T,IBM,I,12,306.96
2025-12-12,10:31:55.983670719,T,IBM,,40,306.96
2025-12-12,10:31:55.984172941,T,IBM,I,12,306.96
2025-12-12,10:31:55.984618008,T,IBM,I,17,306.95
2025-12-12,10:31:55.984623932,T,IBM,F,80,306.95
2025-12-12,10:31:55.985330630,T,IBM,,80,306.96
2025-12-12,10:31:55.985384909,T,IBM,I,20,306.96
2025-12-12,10:31:55.986025377,T,IBM,F I,3,306.93
2025-12-12,10:31:55.986112470,T,IBM,F I,25,306.93
2025-12-12,10:31:55.989146761,T,IBM,I,19,306.94
2025-12-12,10:31:56.616187948,T,IBM,F I,5,306.86
2025-12-12,10:31:56.616190708,T,IBM,F,40,306.85
2025-12-12,10:31:56.616193549,T,IBM,F I,14,306.85
2025-12-12,10:31:56.616313778,T,IBM,,100,306.85
2025-12-12,10:31:56.616397977,T,IBM,,100,306.86
2025-12-12,10:31:57.616657172,T,IBM,I,6,306.86
2025-12-12,10:32:00.128687316,T,IBM,I,6,306.89
2025-12-12,10:32:00.128705280,T,IBM,I,34,306.89
2025-12-12,10:32:00.128720547,T,IBM,I,1,306.9
2025-12-12,10:32:00.128771511,T,IBM,F I,7,306.89
2025-12-12,10:32:00.128774520,T,IBM,F I,9,306.89
2025-12-12,10:32:01.277883001,T,IBM,F I,9,306.77
2025-12-12,10:32:03.027516135,T,IBM,F I,5,306.97
2025-12-12,10:32:03.028069474,T,IBM,F I,33,307.02
2025-12-12,10:32:03.028102506,T,IBM,F I,20,307.04
2025-12-12,10:32:03.429263534,T,IBM,F I,2,307.17
2025-12-12,10:32:03.443733996,T,IBM,I,5,307.16
2025-12-12,10:32:09.586369841,T,IBM,I,5,307.12
2025-12-12,10:32:11.171076436,T,IBM,F I,5,307.07
2025-12-12,10:32:11.171079400,T,IBM,F,95,307.04
2025-12-12,10:32:11.171094457,T,IBM,I,1,307.04
2025-12-12,10:32:11.171094457,T,IBM,F I,4,307.04
2025-12-12,10:32:25.541115661,T,IBM,,40,306.995
2025-12-12,10:32:25.579604347,T,IBM,,40,306.995
2025-12-12,10:32:25.975280256,T,IBM,,40,306.995
2025-12-12,10:32:31.012499975,T,IBM,,40,307.005
2025-12-12,10:32:31.012566162,T,IBM,I,25,307.005
2025-12-12,10:32:48.819529364,T,IBM,F I,1,307.04
2025-12-12,10:32:48.819598473,T,IBM,F I,2,307.04
2025-12-12,10:32:59.032592573,T,IBM,F I,25,307.05
2025-12-12,10:33:03.368567034,T,IBM,F I,5,307.1
2025-12-12,10:33:03.368569786,T,IBM,F I,7,307.11
2025-12-12,10:33:03.368753200,T,IBM,I,2,307.16
2025-12-12,10:33:03.368753200,T,IBM,I,1,307.17
2025-12-12,10:33:03.368789232,T,IBM,I,9,307.17
2025-12-12,10:33:03.368813725,T,IBM,F I,2,307.17
2025-12-12,10:33:03.368817307,T,IBM,F,40,307.18
2025-12-12,10:33:03.368817307,T,IBM,F,80,307.18
2025-12-12,10:33:03.368822735,T,IBM,F I,5,307.18
2025-12-12,10:33:03.368822735,T,IBM,F I,28,307.18
2025-12-12,10:33:03.368822735,T,IBM,I,2,307.18
2025-12-12,10:33:03.368906498,T,IBM,F I,2,307.19
2025-12-12,10:33:03.368912548,T,IBM,F,40,307.19
2025-12-12,10:33:03.368915519,T,IBM,F,40,307.19
2025-12-12,10:33:03.368915519,T,IBM,F,40,307.19
2025-12-12,10:33:03.368954849,T,IBM,F,40,307.19
2025-12-12,10:33:03.368954849,T,IBM,F I,10,307.19
2025-12-12,10:33:03.368969725,T,IBM,F I,30,307.19
2025-12-12,10:33:03.369519971,T,IBM,F I,25,307.2
2025-12-12,10:33:03.369577191,T,IBM,F I,5,307.2
2025-12-12,10:33:03.449360119,T,IBM,I,7,307.31
2025-12-12,10:33:03.705834908,T,IBM,F I,15,307.42
2025-12-12,10:33:03.705834908,T,IBM,F I,11,307.42
2025-12-12,10:33:03.705846622,T,IBM,F I,10,307.42
2025-12-12,10:33:04.594702693,T,IBM,F I,4,307.46
2025-12-12,10:33:04.595225911,T,IBM,F I,11,307.49
2025-12-12,10:33:06.036779675,T,IBM,F I,5,307.48
2025-12-12,10:33:06.072543845,T,IBM,F I,5,307.45
2025-12-12,10:33:13.110131300,T,IBM,I,10,307.31
2025-12-12,10:33:37.296911757,T,IBM,F I,25,307.29
2025-12-12,10:33:37.297110229,T,IBM,I,15,307.29
2025-12-12,10:33:44.109079852,T,IBM,F I,20,307.21
2025-12-12,10:33:44.109082766,T,IBM,F I,10,307.21
2025-12-12,10:33:44.110385030,T,IBM,F,40,307.18
2025-12-12,10:33:51.626594844,T,IBM,F I,15,307.3
2025-12-12,10:33:51.626594844,T,IBM,F I,10,307.3
2025-12-12,10:33:51.626615920,T,IBM,F I,10,307.3
2025-12-12,10:33:51.626625352,T,IBM,F I,2,307.31
2025-12-12,10:33:51.626628197,T,IBM,F I,2,307.34
2025-12-12,10:33:51.626630957,T,IBM,F I,4,307.34
2025-12-12,10:33:53.782261616,T,IBM,F I,7,307.38
2025-12-12,10:33:53.782342840,T,IBM,I,6,307.39
2025-12-12,10:33:53.782360860,T,IBM,F I,18,307.39
2025-12-12,10:33:53.782836029,T,IBM,F I,1,307.41
2025-12-12,10:33:53.782896193,T,IBM,F I,10,307.41
2025-12-12,10:33:53.784453925,T,IBM,F I,9,307.35
2025-12-12,10:33:53.784456842,T,IBM,F I,10,307.35
2025-12-12,10:33:53.784922986,T,IBM,,100,307.35
2025-12-12,10:33:53.784925981,T,IBM,,200,307.35
2025-12-12,10:34:07.979557758,T,IBM,F,50,307.49
2025-12-12,10:34:07.979581800,T,IBM,F,50,307.49
2025-12-12,10:34:07.979581800,T,IBM,F I,25,307.5
2025-12-12,10:34:07.979600510,T,IBM,I,1,307.5
2025-12-12,10:34:07.979663029,T,IBM,,99,307.5
2025-12-12,10:34:08.888098602,T,IBM,F,40,307.51
2025-12-12,10:34:08.888098602,T,IBM,F I,10,307.51
2025-12-12,10:34:08.888107601,T,IBM,F I,23,307.51
2025-12-12,10:34:08.888117028,T,IBM,I,5,307.49
2025-12-12,10:34:08.888117028,T,IBM,I,5,307.48
2025-12-12,10:34:08.888119693,T,IBM,I,17,307.455
2025-12-12,10:34:18.185963165,T,IBM,F I,18,307.45
2025-12-12,10:34:18.186011278,T,IBM,F I,10,307.44
2025-12-12,10:34:18.186026317,T,IBM,F,40,307.44
2025-12-12,10:34:18.186056324,T,IBM,I,27,307.44
2025-12-12,10:34:18.186167602,T,IBM,I,3,307.44
2025-12-12,10:34:18.186167602,T,IBM,I,37,307.42
2025-12-12,10:34:18.186188656,T,IBM,I,1,307.42
2025-12-12,10:34:18.186191683,T,IBM,F I,2,307.42
2025-12-12,10:34:21.189158481,T,IBM,,40,307.395
2025-12-12,10:34:21.449575411,T,IBM,,80,307.29
2025-12-12,10:34:21.449674647,T,IBM,,40,307.28
2025-12-12,10:34:21.449677604,T,IBM,,40,307.28
2025-12-12,10:34:21.449698731,T,IBM,I,1,307.28
2025-12-12,10:35:00.540805554,T,IBM,I,2,307.3
2025-12-12,10:35:00.544215731,T,IBM,I,3,307.3
2025-12-12,10:35:30.810214007,T,IBM,I,35,307.47
2025-12-12,10:35:45.550666056,T,IBM,I,20,307.13
2025-12-12,10:35:45.551535131,T,IBM,F I,25,307.13
2025-12-12,10:35:45.551559150,T,IBM,I,20,307.13
2025-12-12,10:35:48.781229657,T,IBM,I,20,307.15
2025-12-12,10:35:50.996585536,T,IBM,F I,20,307.1
2025-12-12,10:36:11.503282499,T,IBM,F I,8,307.14
2025-12-12,10:36:11.858554325,T,IBM,F I,1,307.2
2025-12-12,10:36:11.858563835,T,IBM,F I,29,307.21
2025-12-12,10:36:11.858563835,T,IBM,F I,28,307.21
2025-12-12,10:36:11.858566399,T,IBM,F I,1,307.21
2025-12-12,10:36:11.858581481,T,IBM,F,51,307.21
2025-12-12,10:36:11.858584903,T,IBM,F I,10,307.21
2025-12-12,10:36:11.929246653,T,IBM,F I,1,307.24
2025-12-12,10:36:11.929523340,T,IBM,F I,39,307.3
2025-12-12,10:36:12.298703137,T,IBM,F I,5,307.42
2025-12-12,10:36:12.298721191,T,IBM,F I,25,307.42
2025-12-12,10:36:12.298904945,T,IBM,F I,20,307.45
2025-12-12,10:36:12.298904945,T,IBM,F I,28,307.45
2025-12-12,10:36:17.058777040,T,IBM,F,40,307.53
2025-12-12,10:36:34.632483770,T,IBM,F,40,307.51
2025-12-12,10:36:34.632877729,T,IBM,F I,34,307.49
2025-12-12,10:36:38.043095057,T,IBM,F I,34,307.6
2025-12-12,10:36:38.043134501,T,IBM,F I,6,307.6
2025-12-12,10:36:53.025629429,T,IBM,F I,8,307.545
2025-12-12,10:36:57.310100829,T,IBM,F I,1,307.7
2025-12-12,10:36:57.310100829,T,IBM,F I,11,307.7
2025-12-12,10:36:57.310103239,T,IBM,F I,10,307.7
2025-12-12,10:36:57.310106110,T,IBM,F I,15,307.7
2025-12-12,10:37:01.760568926,T,IBM,F I,21,307.77
2025-12-12,10:37:01.764042133,T,IBM,F I,1,307.78
2025-12-12,10:37:02.526684698,T,IBM,I,2,307.65
2025-12-12,10:37:02.526687732,T,IBM,I,25,307.65
2025-12-12,10:37:02.527156890,T,IBM,F I,27,307.65
2025-12-12,10:37:02.527181017,T,IBM,F I,27,307.65
2025-12-12,10:37:02.527192933,T,IBM,F I,21,307.65
2025-12-12,10:37:02.527192933,T,IBM,F I,6,307.64
2025-12-12,10:37:02.527195945,T,IBM,I,21,307.64
2025-12-12,10:37:02.527262115,T,IBM,I,3,307.64
2025-12-12,10:37:04.268370965,T,IBM,I,11,307.63
2025-12-12,10:37:09.985821969,T,IBM,F I,33,307.71
2025-12-12,10:37:24.206679199,T,IBM,I,27,307.66
2025-12-12,10:37:31.073935391,T,IBM,,73,307.66
2025-12-12,10:37:35.894317751,T,IBM,,40,307.625
2025-12-12,10:37:40.743280167,T,IBM,,100,307.625
2025-12-12,10:37:42.970872198,T,IBM,,100,307.625
2025-12-12,10:37:51.181967340,T,IBM,,45,307.625
2025-12-12,10:37:52.359264113,T,IBM,,100,307.6
2025-12-12,10:37:52.359267076,T,IBM,I,30,307.6
2025-12-12,10:37:56.943398070,T,IBM,,45,307.68
2025-12-12,10:37:56.943401743,T,IBM,I,2,307.68
2025-12-12,10:37:56.943401743,T,IBM,,100,307.7
2025-12-12,10:37:56.943404910,T,IBM,,40,307.71
2025-12-12,10:37:56.943407015,T,IBM,I,5,307.73
2025-12-12,10:37:56.943407015,T,IBM,,88,307.74
2025-12-12,10:37:56.948290653,T,IBM,,45,307.74
2025-12-12,10:37:56.948293660,T,IBM,,100,307.76
2025-12-12,10:37:56.948297233,T,IBM,,100,307.77
2025-12-12,10:37:56.948297233,T,IBM,,100,307.77
2025-12-12,10:37:56.948299655,T,IBM,,55,307.78
2025-12-12,10:37:57.030022221,T,IBM,F I,2,307.62
2025-12-12,10:37:57.030022221,T,IBM,F I,23,307.61
2025-12-12,10:37:57.030076349,T,IBM,F I,25,307.61
2025-12-12,10:37:57.030112456,T,IBM,F I,25,307.61
2025-12-12,10:37:57.030145664,T,IBM,F I,25,307.61
2025-12-12,10:37:57.032680543,T,IBM,,40,307.61
2025-12-12,10:37:59.112413543,T,IBM,F I,12,307.46
2025-12-12,10:37:59.112420460,T,IBM,F I,12,307.46
2025-12-12,10:37:59.112422580,T,IBM,F I,12,307.46
2025-12-12,10:37:59.112470753,T,IBM,F I,14,307.46
2025-12-12,10:37:59.112504425,T,IBM,F I,11,307.46
2025-12-12,10:37:59.112504425,T,IBM,F I,1,307.46
2025-12-12,10:37:59.112524850,T,IBM,I,12,307.46
2025-12-12,10:37:59.112533922,T,IBM,F I,12,307.46
2025-12-12,10:37:59.112548911,T,IBM,F I,8,307.46
2025-12-12,10:37:59.112624070,T,IBM,F I,4,307.46
2025-12-12,10:37:59.112642108,T,IBM,F I,2,307.46
2025-12-12,10:37:59.112645152,T,IBM,F I,9,307.45
2025-12-12,10:37:59.112994001,T,IBM,I,3,307.45
2025-12-12,10:38:00.973417830,T,IBM,F I,20,307.4
2025-12-12,10:38:00.973469018,T,IBM,F I,4,307.39
2025-12-12,10:38:00.973517087,T,IBM,I,7,307.39
2025-12-12,10:38:05.617472409,T,IBM,F I,10,307.49
2025-12-12,10:38:05.617478582,T,IBM,F I,10,307.49
2025-12-12,10:38:05.617484914,T,IBM,I,20,307.49
2025-12-12,10:38:05.617487471,T,IBM,I,4,307.49
2025-12-12,10:38:05.617490478,T,IBM,F I,19,307.49
2025-12-12,10:38:07.897199467,T,IBM,I,7,307.49
2025-12-12,10:38:07.903177809,T,IBM,,100,307.465
2025-12-12,10:38:10.121396369,T,IBM,F I,25,307.445
2025-12-12,10:38:10.121453501,T,IBM,F I,25,307.445
2025-12-12,10:38:16.834150741,T,IBM,F I,19,307.4
2025-12-12,10:38:34.483825243,T,IBM,F I,25,307.33
2025-12-12,10:38:38.478610466,T,IBM,F I,3,307.25
2025-12-12,10:38:38.478634322,T,IBM,I,3,307.25
2025-12-12,10:38:55.423366880,T,IBM,F I,1,307.13
2025-12-12,10:39:10.191989927,T,IBM,F I,10,307.31
2025-12-12,10:39:10.191992916,T,IBM,F I,19,307.31
2025-12-12,10:39:34.262624473,T,IBM,,100,307.24
2025-12-12,10:39:37.348775423,T,IBM,I,15,307.24
2025-12-12,10:39:37.349094168,T,IBM,I,15,307.22
2025-12-12,10:39:42.606182221,T,IBM,F I,2,307.15
2025-12-12,10:39:42.614142227,T,IBM,I,19,307.12
2025-12-12,10:39:44.681666175,T,IBM,F I,12,307.15
2025-12-12,10:39:44.681669118,T,IBM,F,40,307.16
2025-12-12,10:40:02.473401504,T,IBM,F,56,307.13
2025-12-12,10:40:02.473401504,T,IBM,F,40,307.13
2025-12-12,10:40:02.473419372,T,IBM,I,1,307.13
2025-12-12,10:40:03.125521743,T,IBM,F I,2,307.04
2025-12-12,10:40:03.125524806,T,IBM,F I,2,307.04
2025-12-12,10:40:04.294449664,T,IBM,F I,8,307.0
2025-12-12,10:40:04.294449664,T,IBM,F I,2,307.0
2025-12-12,10:40:04.294467564,T,IBM,I,5,307.0
2025-12-12,10:40:04.294470605,T,IBM,I,9,307.0
2025-12-12,10:40:13.002959241,T,IBM,I,3,307.04
2025-12-12,10:40:15.262030083,T,IBM,F I,1,306.93
2025-12-12,10:40:15.262276709,T,IBM,F I,1,306.93
2025-12-12,10:40:15.262586500,T,IBM,F I,1,306.91
2025-12-12,10:40:15.262586500,T,IBM,F I,18,306.91
2025-12-12,10:40:15.262607430,T,IBM,I,19,306.91
2025-12-12,10:40:16.320186154,T,IBM,F I,16,306.95
2025-12-12,10:40:16.320192190,T,IBM,F I,24,306.96
2025-12-12,10:40:17.386963693,T,IBM,F I,25,306.925
2025-12-12,10:40:19.295580446,T,IBM,I,3,306.925
2025-12-12,10:40:23.980881289,T,IBM,I,3,306.89
2025-12-12,10:40:25.953553399,T,IBM,F I,1,306.8
2025-12-12,10:40:27.223353348,T,IBM,F I,12,306.85
2025-12-12,10:40:27.224011929,T,IBM,I,2,306.85
2025-12-12,10:40:27.224011929,T,IBM,I,1,306.85
2025-12-12,10:40:27.224054060,T,IBM,F I,1,306.85
2025-12-12,10:40:28.503801638,T,IBM,,40,306.9
2025-12-12,10:40:37.175510822,T,IBM,F,44,306.81
2025-12-12,10:40:37.175510822,T,IBM,F I,1,306.8
2025-12-12,10:40:37.175512622,T,IBM,F I,2,306.8
2025-12-12,10:40:37.175515634,T,IBM,F I,1,306.8
2025-12-12,10:40:37.175515634,T,IBM,F I,20,306.8
2025-12-12,10:40:37.175518849,T,IBM,F I,10,306.8
2025-12-12,10:40:37.175521537,T,IBM,F,50,306.8
2025-12-12,10:40:37.175521537,T,IBM,F,94,306.79
2025-12-12,10:40:37.175876396,T,IBM,F I,1,306.76
2025-12-12,10:40:37.176625222,T,IBM,F,50,306.76
2025-12-12,10:40:49.357221448,T,IBM,I,15,306.78
2025-12-12,10:40:49.974356516,T,IBM,F I,4,306.76
2025-12-12,10:40:49.974404623,T,IBM,F I,1,306.75
2025-12-12,10:40:49.974404623,T,IBM,F I,1,306.75
2025-12-12,10:40:49.974407657,T,IBM,I,4,306.78
2025-12-12,10:40:49.974449763,T,IBM,F I,18,306.77
2025-12-12,10:40:49.974618191,T,IBM,F,70,306.75
2025-12-12,10:40:49.974618191,T,IBM,F I,18,306.75
2025-12-12,10:40:49.975481256,T,IBM,F,40,306.72
2025-12-12,10:40:50.374919120,T,IBM,,80,306.695
2025-12-12,10:40:56.455144643,T,IBM,F I,1,306.65
2025-12-12,10:40:56.455144643,T,IBM,F I,4,306.65
2025-12-12,10:41:07.872394708,T,IBM,F,100,306.74
2025-12-12,10:41:07.872394708,T,IBM,F,51,306.75
2025-12-12,10:41:07.872397515,T,IBM,I,11,306.75
2025-12-12,10:41:07.872397515,T,IBM,I,1,306.75
2025-12-12,10:41:07.872400286,T,IBM,I,33,306.75
2025-12-12,10:41:07.872400286,T,IBM,I,22,306.75
2025-12-12,10:41:10.720257882,T,IBM,,40,306.83
2025-12-12,10:41:10.720257882,T,IBM,,40,306.83
2025-12-12,10:41:11.780419663,T,IBM,F I,19,306.8
2025-12-12,10:41:11.979893505,T,IBM,,40,306.79
2025-12-12,10:41:21.354278468,T,IBM,F,40,306.91
2025-12-12,10:41:21.354281355,T,IBM,F,80,306.91
2025-12-12,10:41:21.354281355,T,IBM,F,40,306.91
2025-12-12,10:41:21.354296419,T,IBM,F,40,306.91
2025-12-12,10:41:21.354344366,T,IBM,F,40,306.92
2025-12-12,10:41:21.354362423,T,IBM,F,40,306.92
2025-12-12,10:41:21.354368500,T,IBM,F I,30,306.93
2025-12-12,10:41:21.355343133,T,IBM,F I,20,306.95
2025-12-12,10:41:21.355345818,T,IBM,F I,20,306.95
2025-12-12,10:41:21.355345818,T,IBM,F I,1,306.95
2025-12-12,10:41:25.234433335,T,IBM,I,4,307.02
2025-12-12,10:41:25.234458389,T,IBM,F I,36,307.02
2025-12-12,10:41:25.234458389,T,IBM,F,160,307.02
2025-12-12,10:41:25.234463429,T,IBM,F,80,307.02
2025-12-12,10:41:25.234463429,T,IBM,F I,21,307.02
2025-12-12,10:41:25.234487462,T,IBM,F I,35,307.03
2025-12-12,10:41:26.370149971,T,IBM,F I,18,307.1
2025-12-12,10:41:26.510322726,T,IBM,F I,1,307.14
2025-12-12,10:41:26.513188487,T,IBM,I,19,307.115
2025-12-12,10:41:38.198156545,T,IBM,F I,33,307.145
2025-12-12,10:41:38.935322522,T,IBM,I,30,307.145
2025-12-12,10:41:54.075591446,T,IBM,F I,30,307.19
2025-12-12,10:41:54.075633492,T,IBM,F I,1,307.22
2025-12-12,10:41:54.075636500,T,IBM,F I,2,307.22
2025-12-12,10:41:54.075898131,T,IBM,F I,2,307.25
2025-12-12,10:41:54.075901175,T,IBM,F I,30,307.25
2025-12-12,10:41:54.445114182,T,IBM,F I,35,307.26
2025-12-12,10:41:54.450202291,T,IBM,F,40,307.32
2025-12-12,10:41:54.450557032,T,IBM,F I,29,307.32
2025-12-12,10:41:54.512688008,T,IBM,F I,31,307.32
2025-12-12,10:41:54.512690966,T,IBM,F I,9,307.33
2025-12-12,10:41:54.512733147,T,IBM,I,31,307.33
2025-12-12,10:41:55.069517568,T,IBM,F,40,307.26
2025-12-12,10:41:55.069520635,T,IBM,F I,7,307.26
2025-12-12,10:41:55.069541693,T,IBM,F I,10,307.26
2025-12-12,10:41:55.069545615,T,IBM,F I,8,307.26
2025-12-12,10:41:55.069545615,T,IBM,I,1,307.26
2025-12-12,10:41:55.103182791,T,IBM,F I,10,307.3
2025-12-12,10:41:55.104114981,T,IBM,F I,10,307.24
2025-12-12,10:41:55.104117969,T,IBM,F I,1,307.24
2025-12-12,10:41:55.104136133,T,IBM,I,10,307.24
2025-12-12,10:41:55.104139011,T,IBM,I,30,307.24
2025-12-12,10:41:55.104542049,T,IBM,F I,10,307.24
2025-12-12,10:41:55.104542049,T,IBM,F I,5,307.24
2025-12-12,10:41:56.619317047,T,IBM,F I,17,307.3
2025-12-12,10:42:05.704175583,T,IBM,I,1,307.37
2025-12-12,10:42:05.704175583,T,IBM,I,11,307.37
2025-12-12,10:42:05.704181278,T,IBM,,89,307.37
2025-12-12,10:42:05.704181278,T,IBM,I,10,307.38
2025-12-12,10:42:05.704184637,T,IBM,I,1,307.38
2025-12-12,10:42:05.704184637,T,IBM,F,79,307.38
2025-12-12,10:42:05.704187336,T,IBM,F I,10,307.38
2025-12-12,10:42:05.710550452,T,IBM,F I,25,307.395
2025-12-12,10:42:05.710607535,T,IBM,F I,25,307.395
2025-12-12,10:42:06.763230505,T,IBM,I,27,307.44
2025-12-12,10:42:06.763248600,T,IBM,I,1,307.44
2025-12-12,10:42:06.763263567,T,IBM,F I,12,307.44
2025-12-12,10:42:06.773003726,T,IBM,I,20,307.44
2025-12-12,10:42:06.773003726,T,IBM,I,19,307.43
2025-12-12,10:42:06.773163215,T,IBM,,100,307.43
2025-12-12,10:42:09.994101291,T,IBM,F I,11,307.39
2025-12-12,10:42:09.994101291,T,IBM,F I,2,307.39
2025-12-12,10:42:09.994103963,T,IBM,F,40,307.39
2025-12-12,10:42:09.994106903,T,IBM,F I,38,307.39
2025-12-12,10:42:09.994122000,T,IBM,F,80,307.39
2025-12-12,10:42:16.484153948,T,IBM,F I,23,307.35
2025-12-12,10:42:17.406984855,T,IBM,F I,23,307.35
2025-12-12,10:42:27.328362633,T,IBM,F I,20,307.28
2025-12-12,10:42:27.328365481,T,IBM,F I,20,307.27
2025-12-12,10:42:27.328386548,T,IBM,F I,20,307.27
2025-12-12,10:42:27.328386548,T,IBM,F I,9,307.27
2025-12-12,10:42:27.328390222,T,IBM,I,17,307.27
2025-12-12,10:42:27.328390222,T,IBM,I,1,307.27
2025-12-12,10:42:27.328395612,T,IBM,I,20,307.27
2025-12-12,10:42:27.329002988,T,IBM,I,30,307.27
2025-12-12,10:42:27.329006021,T,IBM,F I,10,307.27
2025-12-12,10:42:27.329012081,T,IBM,I,15,307.27
2025-12-12,10:42:27.329478130,T,IBM,I,8,307.27
2025-12-12,10:42:28.811027180,T,IBM,I,9,307.31
2025-12-12,10:42:29.589790997,T,IBM,F,80,307.33
2025-12-12,10:42:29.589821139,T,IBM,F I,23,307.34
2025-12-12,10:42:31.301068998,T,IBM,,40,307.425
2025-12-12,10:42:34.214578722,T,IBM,F I,12,307.49
2025-12-12,10:42:34.214590808,T,IBM,F I,4,307.51
2025-12-12,10:42:34.214608823,T,IBM,F I,1,307.52
2025-12-12,10:42:34.219357138,T,IBM,I,19,307.44
2025-12-12,10:42:34.219357138,T,IBM,,81,307.43
2025-12-12,10:42:38.696553457,T,IBM,F I,31,307.48
2025-12-12,10:42:42.452834532,T,IBM,F I,2,307.56
2025-12-12,10:42:42.452837593,T,IBM,F,40,307.56
2025-12-12,10:42:42.452837593,T,IBM,F I,10,307.56
2025-12-12,10:42:42.452840570,T,IBM,F I,10,307.56
2025-12-12,10:42:42.453288675,T,IBM,F I,36,307.59
2025-12-12,10:42:42.453300663,T,IBM,F I,2,307.6
2025-12-12,10:42:57.632021898,T,IBM,I,1,307.62
2025-12-12,10:42:57.632106039,T,IBM,F I,1,307.59
2025-12-12,10:42:57.632127109,T,IBM,I,1,307.59
2025-12-12,10:43:01.642335761,T,IBM,F I,1,307.62
2025-12-12,10:43:07.411461656,T,IBM,I,3,307.44
2025-12-12,10:43:07.412746395,T,IBM,I,31,307.41
2025-12-12,10:43:07.412770072,T,IBM,F I,9,307.41
2025-12-12,10:43:07.412772931,T,IBM,F I,7,307.41
2025-12-12,10:43:07.412772931,T,IBM,I,1,307.41
2025-12-12,10:43:07.452398127,T,IBM,I,5,307.465
2025-12-12,10:43:08.999280580,T,IBM,F I,10,307.45
2025-12-12,10:43:08.999280580,T,IBM,F I,10,307.42
2025-12-12,10:43:08.999310644,T,IBM,I,10,307.42
2025-12-12,10:43:09.007255664,T,IBM,,100,307.385
2025-12-12,10:43:09.007279700,T,IBM,I,19,307.385
2025-12-12,10:43:09.128188562,T,IBM,I,1,307.39
2025-12-12,10:43:21.260606804,T,IBM,F I,10,307.54
2025-12-12,10:43:45.462933699,T,IBM,F I,1,307.78
2025-12-12,10:43:54.946760596,T,IBM,F,48,307.78
2025-12-12,10:43:54.946769618,T,IBM,,52,307.78
2025-12-12,10:43:54.946769618,T,IBM,I,7,307.79
2025-12-12,10:43:54.946781578,T,IBM,I,5,307.79
2025-12-12,10:43:54.946811671,T,IBM,I,8,307.79
2025-12-12,10:43:54.946814758,T,IBM,I,10,307.79
2025-12-12,10:43:54.946842390,T,IBM,F I,18,307.79
2025-12-12,10:43:54.946844833,T,IBM,F I,1,307.79
2025-12-12,10:43:56.014118556,T,IBM,F I,13,307.8
2025-12-12,10:43:56.014145874,T,IBM,F I,11,307.8
2025-12-12,10:43:56.014145874,T,IBM,F I,16,307.8
2025-12-12,10:43:56.014148606,T,IBM,F I,19,307.8
2025-12-12,10:44:30.422859409,T,IBM,F I,5,307.81
2025-12-12,10:44:30.423298437,T,IBM,F I,6,307.82
2025-12-12,10:44:30.423298437,T,IBM,F I,12,307.82
2025-12-12,10:44:30.423301432,T,IBM,F I,11,307.82
2025-12-12,10:44:30.423326549,T,IBM,F I,1,307.82
2025-12-12,10:44:30.423328464,T,IBM,F I,10,307.82
2025-12-12,10:44:30.520769523,T,IBM,I,2,307.83
2025-12-12,10:44:33.659019310,T,IBM,I,11,307.77
2025-12-12,10:44:33.662038582,T,IBM,,40,307.795
2025-12-12,10:44:33.703576487,T,IBM,I,1,307.84
2025-12-12,10:44:33.703576487,T,IBM,I,28,307.84
2025-12-12,10:44:33.703582432,T,IBM,,40,307.84
2025-12-12,10:44:33.703582432,T,IBM,I,25,307.84
2025-12-12,10:44:33.704153758,T,IBM,F I,1,307.87
2025-12-12,10:44:33.704719107,T,IBM,,80,307.87
2025-12-12,10:44:33.704719107,T,IBM,,80,307.87
2025-12-12,10:44:33.716056195,T,IBM,F,40,307.85
2025-12-12,10:44:49.306815472,T,IBM,F I,10,307.73
2025-12-12,10:44:49.306836602,T,IBM,F I,1,307.73
2025-12-12,10:44:49.306849110,T,IBM,F I,9,307.73
2025-12-12,10:44:49.306851572,T,IBM,F I,1,307.73
2025-12-12,10:44:49.306855198,T,IBM,F I,5,307.73
2025-12-12,10:44:49.306857565,T,IBM,F I,34,307.73
2025-12-12,10:44:49.307522156,T,IBM,F I,4,307.73
2025-12-12,10:44:49.307525213,T,IBM,F,80,307.73
2025-12-12,10:45:02.311553383,T,IBM,F I,25,307.79
2025-12-12,10:45:02.311569326,T,IBM,F I,10,307.79
2025-12-12,10:45:02.311569326,T,IBM,F,40,307.8
2025-12-12,10:45:02.311571461,T,IBM,F I,16,307.81
2025-12-12,10:45:02.311592461,T,IBM,F I,23,307.81
2025-12-12,10:45:02.311598694,T,IBM,F I,1,307.81
2025-12-12,10:45:02.311602124,T,IBM,F I,9,307.81
2025-12-12,10:45:02.311604476,T,IBM,F I,10,307.81
2025-12-12,10:45:02.311619832,T,IBM,F I,7,307.81
2025-12-12,10:45:02.311667589,T,IBM,F I,10,307.82
2025-12-12,10:45:02.311724821,T,IBM,F I,3,307.82
2025-12-12,10:45:02.311724821,T,IBM,F I,10,307.82
2025-12-12,10:45:19.127450108,T,IBM,F,40,307.87
2025-12-12,10:45:19.127453097,T,IBM,F I,22,307.87
2025-12-12,10:45:19.127471101,T,IBM,F I,17,307.87
2025-12-12,10:45:19.436198059,T,IBM,,40,308.0
2025-12-12,10:45:19.436201336,T,IBM,I,24,308.0
2025-12-12,10:45:19.436201336,T,IBM,F I,6,308.0
2025-12-12,10:45:19.436204033,T,IBM,F I,2,308.0
2025-12-12,10:45:19.436946850,T,IBM,F I,2,308.07
2025-12-12,10:45:23.440867547,T,IBM,F I,9,308.14
2025-12-12,10:45:23.440882573,T,IBM,F I,13,308.14
2025-12-12,10:45:23.440888561,T,IBM,F I,18,308.14
2025-12-12,10:45:23.440888561,T,IBM,F,40,308.14
2025-12-12,10:45:27.560828536,T,IBM,F I,2,308.19
2025-12-12,10:45:34.496458421,T,IBM,F I,4,308.07
2025-12-12,10:45:34.496458421,T,IBM,F I,4,308.07
2025-12-12,10:45:34.496461443,T,IBM,F I,20,308.07
2025-12-12,10:45:34.496494436,T,IBM,F I,1,308.06
2025-12-12,10:46:19.894046308,T,IBM,,40,308.035
2025-12-12,10:46:38.939775581,T,IBM,I,30,308.13
2025-12-12,10:46:53.972923522,T,IBM,F I,9,307.93
2025-12-12,10:46:58.451268696,T,IBM,F I,10,307.9
2025-12-12,10:46:59.702679706,T,IBM,I,9,307.89
2025-12-12,10:46:59.702703762,T,IBM,I,9,307.89
2025-12-12,10:47:05.218184776,T,IBM,F I,1,307.88
2025-12-12,10:47:05.218184776,T,IBM,F I,3,307.88
2025-12-12,10:47:13.465693657,T,IBM,F I,36,307.98
2025-12-12,10:47:18.704591765,T,IBM,F I,20,308.01
2025-12-12,10:47:18.704597411,T,IBM,F,40,308.02
2025-12-12,10:47:18.704597411,T,IBM,F I,13,308.02
2025-12-12,10:47:18.704597411,T,IBM,F,60,308.02
2025-12-12,10:47:18.704612379,T,IBM,F I,20,308.02
2025-12-12,10:47:18.704648458,T,IBM,F I,1,308.03
2025-12-12,10:47:18.704669642,T,IBM,F I,9,308.03
2025-12-12,10:47:18.705156757,T,IBM,I,30,308.02
2025-12-12,10:47:23.018408803,T,IBM,F I,2,308.09
2025-12-12,10:47:23.018408803,T,IBM,F I,27,308.12
2025-12-12,10:47:36.903480465,T,IBM,F I,27,308.19
2025-12-12,10:47:36.904421674,T,IBM,F I,9,308.25
2025-12-12,10:47:36.904434028,T,IBM,F I,20,308.26
2025-12-12,10:47:36.904445909,T,IBM,F I,5,308.27
2025-12-12,10:47:36.904448720,T,IBM,F I,9,308.27
2025-12-12,10:47:37.167914996,T,IBM,F I,11,308.34
2025-12-12,10:47:37.683901267,T,IBM,,40,308.205
2025-12-12,10:47:40.683882068,T,IBM,,100,308.18
2025-12-12,10:47:47.123078102,T,IBM,,40,308.18
2025-12-12,10:48:28.175652493,T,IBM,F I,6,308.2
2025-12-12,10:48:28.175655544,T,IBM,F I,10,308.2
2025-12-12,10:48:28.175655544,T,IBM,F I,19,308.2
2025-12-12,10:48:28.175730686,T,IBM,F I,1,308.2
2025-12-12,10:48:33.962571945,T,IBM,F I,20,308.3
2025-12-12,10:48:34.565140441,T,IBM,,45,308.245
2025-12-12,10:48:34.565149504,T,IBM,F I,18,308.245
2025-12-12,10:48:34.565167484,T,IBM,F I,37,308.245
2025-12-12,10:48:34.565170510,T,IBM,F I,13,308.23
2025-12-12,10:48:34.565170510,T,IBM,I,5,308.23
2025-12-12,10:48:34.565203577,T,IBM,,40,308.24
2025-12-12,10:48:35.429713568,T,IBM,F,40,308.16
2025-12-12,10:48:35.429713568,T,IBM,F,40,308.16
2025-12-12,10:48:35.429749675,T,IBM,I,5,308.2
2025-12-12,10:48:35.429782726,T,IBM,F I,1,308.16
2025-12-12,10:48:35.429785783,T,IBM,F I,4,308.16
2025-12-12,10:48:48.399656068,T,IBM,F I,5,308.06
2025-12-12,10:48:48.399656068,T,IBM,F I,4,308.04
2025-12-12,10:48:48.399680089,T,IBM,I,2,308.04
2025-12-12,10:48:48.399682998,T,IBM,I,3,308.04
2025-12-12,10:48:48.399682998,T,IBM,I,3,308.04
2025-12-12,10:48:48.400942796,T,IBM,F I,9,308.01
2025-12-12,10:48:48.400966887,T,IBM,F I,9,308.01
2025-12-12,10:48:48.400972922,T,IBM,I,9,308.01
2025-12-12,10:48:48.402326194,T,IBM,F I,3,308.01
