DATE,TIME_M,EX,SYM_ROOT,TR_SCOND,SIZE,PRICE
2025-12-15,9:30:01.194620681,T,IBM,,50,309.0
2025-12-15,9:30:01.194623709,T,IBM,Q,50,309.0
2025-12-15,9:30:01.212342104,T,IBM,I,5,308.6
2025-12-15,9:30:01.212345335,T,IBM,I,5,308.6
2025-12-15,9:30:01.217393885,T,IBM,,50,308.96
2025-12-15,9:30:01.217424049,T,IBM,F,113,309.0
2025-12-15,9:30:01.218738196,T,IBM,F,40,309.0
2025-12-15,9:30:01.218822303,T,IBM,,40,309.01
2025-12-15,9:30:01.218843440,T,IBM,I,1,309.01
2025-12-15,9:30:01.218969693,T,IBM,I,39,309.01
2025-12-15,9:30:01.221119797,T,IBM,,100,309.01
2025-12-15,9:30:01.230986729,T,IBM,F I,5,309.0
2025-12-15,9:30:01.811220539,T,IBM,,120,308.7
2025-12-15,9:30:01.811220539,T,IBM,,80,308.7
2025-12-15,9:30:02.012435489,T,IBM,I,1,308.58
2025-12-15,9:30:02.013442893,T,IBM,,40,308.38
2025-12-15,9:30:02.013785800,T,IBM,,40,308.59
2025-12-15,9:30:02.052184177,T,IBM,I,6,308.58
2025-12-15,9:30:02.271758523,T,IBM,I,5,308.68
2025-12-15,9:30:02.271758523,T,IBM,I,5,308.68
2025-12-15,9:30:02.271760913,T,IBM,I,20,308.74
2025-12-15,9:30:02.271763893,T,IBM,I,10,308.75
2025-12-15,9:30:02.271778939,T,IBM,I,30,308.75
2025-12-15,9:30:02.271796998,T,IBM,,80,308.38
2025-12-15,9:30:02.496034735,T,IBM,I,5,308.55
2025-12-15,9:30:02.685182039,T,IBM,F,44,308.39
2025-12-15,9:30:02.685184992,T,IBM,F I,3,308.37
2025-12-15,9:30:03.743930477,T,IBM,I,5,308.585
2025-12-15,9:30:03.743930477,T,IBM,I,10,308.585
2025-12-15,9:30:04.461429527,T,IBM,I,6,308.92
2025-12-15,9:30:04.461483710,T,IBM,I,8,308.9
2025-12-15,9:30:04.468652750,T,IBM,,168,308.85
2025-12-15,9:30:04.468809077,T,IBM,,40,308.85
2025-12-15,9:30:04.588042929,T,IBM,I,5,309.0
2025-12-15,9:30:11.753037496,T,IBM,,40,308.765
2025-12-15,9:30:14.767732295,T,IBM,F I,2,309.25
2025-12-15,9:30:14.767744223,T,IBM,F I,8,309.25
2025-12-15,9:30:14.768023810,T,IBM,F,45,309.34
2025-12-15,9:30:14.768044905,T,IBM,F I,10,309.34
2025-12-15,9:30:14.768047891,T,IBM,F,40,309.34
2025-12-15,9:30:14.768056942,T,IBM,F,205,309.34
2025-12-15,9:30:14.768153089,T,IBM,,40,309.34
2025-12-15,9:30:14.778909789,T,IBM,I,5,309.4
2025-12-15,9:30:14.778933830,T,IBM,I,35,309.39
2025-12-15,9:30:15.104726420,T,IBM,,100,309.5
2025-12-15,9:30:16.453340866,T,IBM,I,1,309.38
2025-12-15,9:30:25.291079697,T,IBM,F I,25,309.24
2025-12-15,9:30:32.129003807,T,IBM,,200,309.24
2025-12-15,9:30:32.158864923,T,IBM,,45,309.24
2025-12-15,9:30:53.828186172,T,IBM,I,2,309.06
2025-12-15,9:30:54.759662573,T,IBM,F I,1,309.085
2025-12-15,9:30:54.759665698,T,IBM,F I,1,309.085
2025-12-15,9:30:54.759683678,T,IBM,F I,1,309.085
2025-12-15,9:30:54.759692629,T,IBM,F I,1,309.085
2025-12-15,9:30:57.864725917,T,IBM,F I,19,309.31
2025-12-15,9:30:57.864725917,T,IBM,F I,20,309.34
2025-12-15,9:30:57.864728423,T,IBM,F I,1,309.35
2025-12-15,9:30:57.864743431,T,IBM,F I,39,309.35
2025-12-15,9:31:27.682156913,T,IBM,,100,309.46
2025-12-15,9:31:27.682156913,T,IBM,I,19,309.57
2025-12-15,9:31:27.682160063,T,IBM,I,5,309.58
2025-12-15,9:31:27.682160063,T,IBM,I,5,309.58
2025-12-15,9:31:27.682328151,T,IBM,,40,309.62
2025-12-15,9:31:27.682466487,T,IBM,F I,4,309.62
2025-12-15,9:31:27.682469926,T,IBM,F I,20,309.62
2025-12-15,9:31:27.682473107,T,IBM,F,40,309.63
2025-12-15,9:31:27.682476095,T,IBM,F,80,309.63
2025-12-15,9:31:27.682476095,T,IBM,F I,16,309.63
2025-12-15,9:31:27.682478581,T,IBM,I,24,309.63
2025-12-15,9:31:27.682481538,T,IBM,,40,309.63
2025-12-15,9:31:27.682533207,T,IBM,F,100,309.63
2025-12-15,9:31:27.682737140,T,IBM,I,10,309.62
2025-12-15,9:31:27.682767174,T,IBM,F I,7,309.62
2025-12-15,9:31:27.682785224,T,IBM,I,23,309.62
2025-12-15,9:31:27.683100910,T,IBM,F I,10,309.51
2025-12-15,9:31:27.685548804,T,IBM,I,5,309.55
2025-12-15,9:31:27.685696106,T,IBM,F I,8,309.55
2025-12-15,9:31:27.685699099,T,IBM,F I,2,309.55
2025-12-15,9:31:27.685717238,T,IBM,F I,10,309.56
2025-12-15,9:31:27.685816465,T,IBM,I,2,309.55
2025-12-15,9:31:27.726957321,T,IBM,I,6,309.68
2025-12-15,9:31:51.513113819,T,IBM,I,3,309.57
2025-12-15,9:31:52.593354408,T,IBM,I,20,309.79
2025-12-15,9:31:52.593357421,T,IBM,I,20,309.8
2025-12-15,9:31:52.593369435,T,IBM,I,1,309.8
2025-12-15,9:31:52.593372423,T,IBM,F I,19,309.8
2025-12-15,9:31:52.593655059,T,IBM,I,8,309.79
2025-12-15,9:31:52.594238523,T,IBM,,55,309.79
2025-12-15,9:32:02.185456803,T,IBM,F I,1,309.57
2025-12-15,9:32:02.247320121,T,IBM,I,8,309.67
2025-12-15,9:32:02.249118327,T,IBM,F I,8,309.79
2025-12-15,9:32:02.249145405,T,IBM,F I,8,309.79
2025-12-15,9:32:02.249235631,T,IBM,I,19,309.81
2025-12-15,9:32:02.249659634,T,IBM,F I,19,309.76
2025-12-15,9:32:02.249662670,T,IBM,F I,9,309.72
2025-12-15,9:32:02.249704905,T,IBM,I,9,309.81
2025-12-15,9:32:02.249704905,T,IBM,I,22,309.81
2025-12-15,9:32:05.496783587,T,IBM,I,11,309.9
2025-12-15,9:32:05.496792529,T,IBM,F I,11,309.9
2025-12-15,9:32:05.497036152,T,IBM,F I,11,309.9
2025-12-15,9:32:05.497375902,T,IBM,I,36,309.9
2025-12-15,9:32:05.504265313,T,IBM,I,11,310.1
2025-12-15,9:32:05.504385688,T,IBM,F I,12,310.11
2025-12-15,9:32:05.504388642,T,IBM,F,40,310.11
2025-12-15,9:32:06.693593620,T,IBM,I,1,310.07
2025-12-15,9:32:07.114623097,T,IBM,I,20,310.24
2025-12-15,9:32:07.114623097,T,IBM,I,6,310.24
2025-12-15,9:32:07.114641214,T,IBM,,94,310.24
2025-12-15,9:32:07.114641214,T,IBM,I,32,310.25
2025-12-15,9:32:07.114659020,T,IBM,F I,8,310.25
2025-12-15,9:32:07.114662916,T,IBM,I,1,310.25
2025-12-15,9:32:07.114664931,T,IBM,F I,39,310.25
2025-12-15,9:32:07.114668193,T,IBM,F,41,310.25
2025-12-15,9:32:07.114670993,T,IBM,I,5,310.25
2025-12-15,9:32:12.004816207,T,IBM,F I,1,310.39
2025-12-15,9:32:12.006422144,T,IBM,F I,10,310.5
2025-12-15,9:32:12.023187027,T,IBM,F I,19,310.45
2025-12-15,9:32:20.705452756,T,IBM,F I,25,310.45
2025-12-15,9:32:21.980722607,T,IBM,F I,25,310.51
2025-12-15,9:32:22.632416066,T,IBM,F I,10,310.7
2025-12-15,9:32:22.632424995,T,IBM,I,25,310.63
2025-12-15,9:32:22.632428081,T,IBM,I,2,310.62
2025-12-15,9:32:23.087970487,T,IBM,I,7,310.74
2025-12-15,9:32:23.087985565,T,IBM,F I,12,310.74
2025-12-15,9:32:23.088048772,T,IBM,F I,19,310.73
2025-12-15,9:32:23.089825914,T,IBM,I,7,310.73
2025-12-15,9:32:23.089838002,T,IBM,F I,1,310.73
2025-12-15,9:32:23.089850054,T,IBM,F I,25,310.73
2025-12-15,9:32:23.089861964,T,IBM,F I,23,310.66
2025-12-15,9:32:23.089886054,T,IBM,F I,1,310.73
2025-12-15,9:32:23.089886054,T,IBM,F I,1,310.73
2025-12-15,9:32:23.091834705,T,IBM,F I,11,310.67
2025-12-15,9:32:23.091837720,T,IBM,F I,1,310.67
2025-12-15,9:32:23.091859451,T,IBM,I,19,310.65
2025-12-15,9:32:23.092006162,T,IBM,F I,8,310.69
2025-12-15,9:32:25.550827592,T,IBM,F I,25,310.61
2025-12-15,9:32:25.550869607,T,IBM,F I,25,310.61
2025-12-15,9:32:25.550905666,T,IBM,F I,25,310.61
2025-12-15,9:32:25.550929740,T,IBM,I,25,310.61
2025-12-15,9:32:25.550944764,T,IBM,,40,310.61
2025-12-15,9:32:44.928381162,T,IBM,F I,1,310.98
2025-12-15,9:32:44.928507542,T,IBM,F I,1,310.99
2025-12-15,9:32:44.928510628,T,IBM,F I,20,310.99
2025-12-15,9:32:44.928510628,T,IBM,F I,10,311.0
2025-12-15,9:32:44.928516502,T,IBM,F I,10,311.0
2025-12-15,9:32:44.928516502,T,IBM,F I,20,311.0
2025-12-15,9:32:44.928516502,T,IBM,F I,1,311.0
2025-12-15,9:32:44.928519490,T,IBM,F I,12,311.0
2025-12-15,9:32:44.928540624,T,IBM,I,6,311.0
2025-12-15,9:32:44.928547031,T,IBM,I,12,311.0
2025-12-15,9:32:44.928547031,T,IBM,,40,311.0
2025-12-15,9:32:44.928820353,T,IBM,,120,311.0
2025-12-15,9:32:44.928865860,T,IBM,F I,1,311.0
2025-12-15,9:32:44.928892421,T,IBM,F I,1,310.99
2025-12-15,9:32:44.929006703,T,IBM,,79,310.99
2025-12-15,9:32:44.929009692,T,IBM,I,21,311.0
2025-12-15,9:32:44.929109225,T,IBM,I,19,310.98
2025-12-15,9:32:44.929109225,T,IBM,I,19,311.0
2025-12-15,9:32:44.929178165,T,IBM,F I,3,310.95
2025-12-15,9:32:44.929232240,T,IBM,,100,310.92
2025-12-15,9:32:44.931454488,T,IBM,F I,25,310.72
2025-12-15,9:32:44.935604448,T,IBM,,100,310.77
2025-12-15,9:32:44.936154718,T,IBM,,100,310.78
2025-12-15,9:32:44.940794811,T,IBM,F I,4,310.8
2025-12-15,9:32:44.940854865,T,IBM,,40,310.8
2025-12-15,9:32:45.659451601,T,IBM,I,30,310.82
2025-12-15,9:32:45.659457930,T,IBM,,80,310.83
2025-12-15,9:32:45.659460787,T,IBM,,100,310.83
2025-12-15,9:32:45.659460787,T,IBM,I,20,310.83
2025-12-15,9:32:45.659463550,T,IBM,I,16,310.84
2025-12-15,9:32:45.659463550,T,IBM,,75,310.84
2025-12-15,9:32:45.659470029,T,IBM,I,1,310.84
2025-12-15,9:32:45.659475554,T,IBM,F,1244,310.84
2025-12-15,9:32:45.659475554,T,IBM,F,40,310.84
2025-12-15,9:32:46.827961088,T,IBM,I,20,310.84
2025-12-15,9:32:46.827979135,T,IBM,I,1,310.82
2025-12-15,9:32:46.828063290,T,IBM,,40,310.82
2025-12-15,9:32:46.828084458,T,IBM,F I,25,310.82
2025-12-15,9:32:46.828174627,T,IBM,F I,20,310.82
2025-12-15,9:32:46.828228829,T,IBM,F I,14,310.82
2025-12-15,9:32:49.276344655,T,IBM,F I,24,310.87
2025-12-15,9:32:52.340997117,T,IBM,F,100,311.0
2025-12-15,9:32:52.341000202,T,IBM,F I,17,311.01
2025-12-15,9:32:52.341003694,T,IBM,F,280,311.01
2025-12-15,9:32:52.341003694,T,IBM,F,167,311.01
2025-12-15,9:32:52.341015533,T,IBM,I,1,311.01
2025-12-15,9:32:52.341018337,T,IBM,F I,32,311.01
2025-12-15,9:32:52.341021413,T,IBM,F I,20,311.01
2025-12-15,9:32:52.341024161,T,IBM,F I,1,311.01
2025-12-15,9:32:52.341030175,T,IBM,F I,19,311.01
2025-12-15,9:32:52.341225742,T,IBM,F I,4,311.02
2025-12-15,9:33:02.939652939,T,IBM,F I,1,310.76
2025-12-15,9:33:02.939656347,T,IBM,F I,22,310.75
2025-12-15,9:33:02.939656347,T,IBM,F I,3,310.75
2025-12-15,9:33:02.939716126,T,IBM,F I,3,310.76
2025-12-15,9:33:02.939740286,T,IBM,F,400,310.76
2025-12-15,9:33:09.272497598,T,IBM,F I,2,310.49
2025-12-15,9:33:20.270287455,T,IBM,F I,2,310.23
2025-12-15,9:33:34.425359514,T,IBM,,40,310.275
2025-12-15,9:33:37.293322909,T,IBM,I,5,310.275
2025-12-15,9:33:48.935092730,T,IBM,F I,25,310.23
2025-12-15,9:33:48.935149926,T,IBM,I,13,310.23
2025-12-15,9:33:51.328977460,T,IBM,I,8,310.2
2025-12-15,9:34:04.955754857,T,IBM,F I,2,310.1
2025-12-15,9:34:07.718961036,T,IBM,F I,3,309.94
2025-12-15,9:34:07.718961036,T,IBM,F I,1,309.94
2025-12-15,9:34:19.847030542,T,IBM,,40,309.91
2025-12-15,9:34:24.413262773,T,IBM,F I,1,309.98
2025-12-15,9:34:24.413268799,T,IBM,F I,20,309.98
2025-12-15,9:34:24.413268799,T,IBM,F I,21,309.98
2025-12-15,9:34:24.413280850,T,IBM,I,1,309.98
2025-12-15,9:34:24.413283806,T,IBM,F I,28,309.98
2025-12-15,9:34:24.413286872,T,IBM,F I,1,309.97
2025-12-15,9:34:24.413289787,T,IBM,F I,12,309.97
2025-12-15,9:34:24.413289787,T,IBM,F I,28,309.97
2025-12-15,9:34:24.413533482,T,IBM,F I,1,309.91
2025-12-15,9:34:24.414474636,T,IBM,,40,309.98
2025-12-15,9:34:29.706734195,T,IBM,F I,2,309.86
2025-12-15,9:34:30.184421327,T,IBM,F I,1,309.89
2025-12-15,9:34:33.399567414,T,IBM,I,1,310.11
2025-12-15,9:34:37.575656589,T,IBM,F I,9,309.9
2025-12-15,9:34:39.307163490,T,IBM,F I,1,309.99
2025-12-15,9:34:45.415965865,T,IBM,F I,2,309.85
2025-12-15,9:34:45.415980865,T,IBM,F,50,309.85
2025-12-15,9:34:45.415996134,T,IBM,F I,1,309.84
2025-12-15,9:34:45.415999563,T,IBM,F I,3,309.84
2025-12-15,9:34:45.416468056,T,IBM,F I,1,309.81
2025-12-15,9:34:45.416552173,T,IBM,F I,2,309.79
2025-12-15,9:34:45.416555218,T,IBM,F I,8,309.79
2025-12-15,9:34:45.416558260,T,IBM,F I,10,309.79
2025-12-15,9:34:45.416561345,T,IBM,F I,15,309.79
2025-12-15,9:34:45.416588309,T,IBM,F I,7,309.79
2025-12-15,9:34:45.557918864,T,IBM,I,33,309.81
2025-12-15,9:34:46.127402912,T,IBM,F I,1,309.82
2025-12-15,9:34:46.127402912,T,IBM,F I,39,309.86
2025-12-15,9:34:48.228895084,T,IBM,F I,14,309.87
2025-12-15,9:34:49.473549108,T,IBM,F I,25,309.85
2025-12-15,9:34:49.473591226,T,IBM,F I,25,309.85
2025-12-15,9:34:49.473627244,T,IBM,F I,25,309.85
2025-12-15,9:34:50.443736665,T,IBM,F I,14,310.08
2025-12-15,9:34:50.443739624,T,IBM,I,12,310.08
2025-12-15,9:34:50.443802788,T,IBM,F I,12,310.09
2025-12-15,9:34:50.443862960,T,IBM,I,6,310.14
2025-12-15,9:34:58.799412614,T,IBM,I,15,310.34
2025-12-15,9:34:58.952353731,T,IBM,F I,1,310.37
2025-12-15,9:34:58.966096418,T,IBM,F I,25,310.46
2025-12-15,9:34:59.006921635,T,IBM,I,15,310.46
2025-12-15,9:34:59.188875800,T,IBM,F I,19,310.6
2025-12-15,9:35:00.146989724,T,IBM,F I,19,310.7
2025-12-15,9:35:06.248027491,T,IBM,F I,2,310.48
2025-12-15,9:35:06.366945682,T,IBM,F I,27,310.48
2025-12-15,9:35:17.123892283,T,IBM,I,25,310.565
2025-12-15,9:35:17.670512534,T,IBM,F I,2,310.45
2025-12-15,9:35:17.670528037,T,IBM,F I,11,310.45
2025-12-15,9:35:17.670530526,T,IBM,F I,2,310.44
2025-12-15,9:35:17.670536581,T,IBM,F,50,310.44
2025-12-15,9:35:18.104803335,T,IBM,F I,25,310.51
2025-12-15,9:35:20.415465100,T,IBM,I,17,310.53
2025-12-15,9:35:23.801603958,T,IBM,F I,25,310.51
2025-12-15,9:35:23.802346705,T,IBM,F I,13,310.56
2025-12-15,9:35:23.803546545,T,IBM,F I,15,310.69
2025-12-15,9:35:23.813951459,T,IBM,I,1,310.8
2025-12-15,9:35:26.361183129,T,IBM,F I,20,310.91
2025-12-15,9:35:26.362088322,T,IBM,F I,20,311.0
2025-12-15,9:35:26.362091374,T,IBM,F I,21,311.0
2025-12-15,9:35:26.363504670,T,IBM,F I,27,310.93
2025-12-15,9:35:26.363531919,T,IBM,F I,25,310.93
2025-12-15,9:35:31.015904976,T,IBM,F,200,311.055
2025-12-15,9:35:31.015904976,T,IBM,F I,15,311.055
2025-12-15,9:35:31.015904976,T,IBM,F I,1,311.06
2025-12-15,9:35:31.015910353,T,IBM,F,100,311.08
2025-12-15,9:35:31.015910353,T,IBM,F,150,311.15
2025-12-15,9:35:31.015910353,T,IBM,F,100,311.18
2025-12-15,9:35:31.015914031,T,IBM,F I,12,311.19
2025-12-15,9:35:31.052630557,T,IBM,F I,20,311.19
2025-12-15,9:35:31.052634259,T,IBM,F,100,311.19
2025-12-15,9:35:31.052634259,T,IBM,F,400,311.2
2025-12-15,9:35:31.052636538,T,IBM,F I,10,311.2
2025-12-15,9:35:31.052639553,T,IBM,F I,1,311.2
2025-12-15,9:35:31.135844613,T,IBM,I,25,311.21
2025-12-15,9:35:31.135868653,T,IBM,F I,25,311.185
2025-12-15,9:35:31.135910773,T,IBM,I,25,311.185
2025-12-15,9:35:33.969297785,T,IBM,F I,2,310.99
2025-12-15,9:35:33.969319504,T,IBM,F I,2,310.99
2025-12-15,9:35:34.260841854,T,IBM,F I,25,311.0
2025-12-15,9:35:34.260841854,T,IBM,F I,15,311.05
2025-12-15,9:35:38.417285322,T,IBM,I,1,311.035
2025-12-15,9:35:53.020754727,T,IBM,F I,25,310.925
2025-12-15,9:35:53.020760739,T,IBM,F I,25,310.925
2025-12-15,9:36:00.562179588,T,IBM,F I,2,310.89
2025-12-15,9:36:03.089452975,T,IBM,F I,25,310.94
2025-12-15,9:36:03.090526495,T,IBM,,40,310.99
2025-12-15,9:36:03.090574619,T,IBM,F I,7,311.03
2025-12-15,9:36:03.090628863,T,IBM,F I,1,311.05
2025-12-15,9:36:03.090631842,T,IBM,F I,3,311.05
2025-12-15,9:36:09.997969943,T,IBM,F I,13,310.95
2025-12-15,9:36:09.997972924,T,IBM,F I,19,310.93
2025-12-15,9:36:10.057105778,T,IBM,F I,1,310.89
2025-12-15,9:36:27.465030336,T,IBM,I,1,311.04
2025-12-15,9:36:29.836313591,T,IBM,F I,3,311.2
2025-12-15,9:36:29.836316406,T,IBM,F I,5,311.2
2025-12-15,9:36:29.836319384,T,IBM,F I,1,311.2
2025-12-15,9:36:29.836331309,T,IBM,I,9,311.2
2025-12-15,9:36:29.837480048,T,IBM,F I,10,311.15
2025-12-15,9:36:29.837483093,T,IBM,F I,5,311.15
2025-12-15,9:36:29.837534203,T,IBM,F I,5,311.15
2025-12-15,9:36:29.837558281,T,IBM,F I,14,311.15
2025-12-15,9:36:29.837585369,T,IBM,,135,311.15
2025-12-15,9:36:29.837603832,T,IBM,I,1,311.15
2025-12-15,9:36:29.837606395,T,IBM,I,6,311.15
2025-12-15,9:36:29.837856030,T,IBM,F I,10,311.09
2025-12-15,9:36:29.837858985,T,IBM,F I,27,311.09
2025-12-15,9:36:29.837880112,T,IBM,I,1,311.09
2025-12-15,9:36:29.837880112,T,IBM,F I,12,311.09
2025-12-15,9:36:29.837964198,T,IBM,F I,10,311.09
2025-12-15,9:36:29.837976308,T,IBM,F,229,311.09
2025-12-15,9:36:29.838045460,T,IBM,F,70,311.09
2025-12-15,9:36:30.958666115,T,IBM,F I,10,310.99
2025-12-15,9:36:30.958696320,T,IBM,F I,5,310.99
2025-12-15,9:36:30.958696320,T,IBM,F,40,310.99
2025-12-15,9:36:31.078787044,T,IBM,I,8,310.91
2025-12-15,9:36:31.079277296,T,IBM,F I,6,310.83
2025-12-15,9:36:31.079566001,T,IBM,F I,3,310.83
2025-12-15,9:36:32.434026456,T,IBM,I,10,310.93
2025-12-15,9:36:33.488643067,T,IBM,F I,2,310.89
2025-12-15,9:36:52.669672425,T,IBM,I,10,310.8
2025-12-15,9:37:06.191328511,T,IBM,F I,14,310.72
2025-12-15,9:37:06.191996040,T,IBM,F I,1,310.64
2025-12-15,9:37:14.455875751,T,IBM,I,1,310.68
2025-12-15,9:37:21.232736348,T,IBM,I,10,310.68
2025-12-15,9:37:21.232808545,T,IBM,,40,310.68
2025-12-15,9:37:21.464804783,T,IBM,I,14,310.68
2025-12-15,9:37:21.464859015,T,IBM,,40,310.68
2025-12-15,9:37:22.151086550,T,IBM,F I,20,310.57
2025-12-15,9:37:22.151152844,T,IBM,F I,10,310.54
2025-12-15,9:37:22.151189000,T,IBM,F,40,310.54
2025-12-15,9:37:22.279116389,T,IBM,F I,25,310.42
2025-12-15,9:37:22.279152446,T,IBM,F I,25,310.42
2025-12-15,9:37:22.279176466,T,IBM,F I,25,310.42
2025-12-15,9:37:22.279188475,T,IBM,F I,25,310.42
2025-12-15,9:37:23.458770571,T,IBM,,40,310.42
2025-12-15,9:37:25.657009649,T,IBM,F,100,310.51
2025-12-15,9:37:25.657012585,T,IBM,F,61,310.51
2025-12-15,9:37:36.889213596,T,IBM,F I,4,310.51
2025-12-15,9:37:36.889237657,T,IBM,F I,25,310.51
2025-12-15,9:37:51.024354054,T,IBM,F I,7,310.44
2025-12-15,9:37:51.024357047,T,IBM,F I,5,310.44
2025-12-15,9:37:51.024372071,T,IBM,F I,5,310.44
2025-12-15,9:37:51.024375119,T,IBM,F I,2,310.44
2025-12-15,9:37:51.025148012,T,IBM,F I,20,310.39
2025-12-15,9:37:51.865657775,T,IBM,I,14,310.33
2025-12-15,9:37:52.259454294,T,IBM,,80,310.27
2025-12-15,9:37:52.989249687,T,IBM,I,10,310.26
2025-12-15,9:37:57.395236239,T,IBM,I,14,310.26
2025-12-15,9:37:57.395263337,T,IBM,F I,10,310.28
2025-12-15,9:37:57.395290409,T,IBM,F I,5,310.28
2025-12-15,9:37:57.395576149,T,IBM,F I,3,310.34
2025-12-15,9:37:57.395594309,T,IBM,F,77,310.34
2025-12-15,9:37:59.585316989,T,IBM,F I,23,310.43
2025-12-15,9:38:11.411548800,T,IBM,F I,1,310.58
2025-12-15,9:38:11.411572974,T,IBM,F I,1,310.61
2025-12-15,9:38:20.437541755,T,IBM,F I,25,310.58
2025-12-15,9:38:20.437544803,T,IBM,I,8,310.58
2025-12-15,9:38:20.653287299,T,IBM,F I,25,310.51
2025-12-15,9:38:20.671607018,T,IBM,F I,25,310.46
2025-12-15,9:38:24.189444383,T,IBM,,40,310.32
2025-12-15,9:38:24.202468367,T,IBM,I,10,310.32
2025-12-15,9:38:29.892662237,T,IBM,F I,25,310.34
2025-12-15,9:38:36.393944022,T,IBM,F I,11,310.12
2025-12-15,9:38:36.393944022,T,IBM,F I,25,310.12
2025-12-15,9:38:36.393968316,T,IBM,F I,8,310.12
2025-12-15,9:38:36.393968316,T,IBM,F I,1,310.1
2025-12-15,9:38:36.393971235,T,IBM,F I,1,310.1
2025-12-15,9:38:36.393971235,T,IBM,F I,1,310.1
2025-12-15,9:38:49.604410227,T,IBM,,40,310.21
2025-12-15,9:38:49.604413210,T,IBM,I,1,310.21
2025-12-15,9:38:50.193359173,T,IBM,F I,1,310.14
2025-12-15,9:38:50.193359173,T,IBM,F I,10,310.14
2025-12-15,9:38:50.193374963,T,IBM,F I,10,310.14
2025-12-15,9:38:50.193605789,T,IBM,F I,3,310.14
2025-12-15,9:38:50.194192175,T,IBM,F I,5,310.13
2025-12-15,9:38:50.194628272,T,IBM,F I,2,310.11
2025-12-15,9:38:50.195629646,T,IBM,F I,5,310.11
2025-12-15,9:38:50.195767895,T,IBM,I,5,310.14
2025-12-15,9:38:50.196799414,T,IBM,,80,310.14
2025-12-15,9:38:50.196817475,T,IBM,I,1,310.14
2025-12-15,9:38:50.196829524,T,IBM,F I,13,310.14
2025-12-15,9:38:50.197033985,T,IBM,F I,1,310.14
2025-12-15,9:38:50.197205325,T,IBM,F I,5,310.14
2025-12-15,9:38:52.235310154,T,IBM,I,1,310.13
2025-12-15,9:38:54.252692665,T,IBM,I,15,310.01
2025-12-15,9:38:54.253209937,T,IBM,F I,25,310.09
2025-12-15,9:38:54.253254989,T,IBM,F I,25,310.1
2025-12-15,9:38:54.253465573,T,IBM,F I,19,310.12
2025-12-15,9:38:54.253504610,T,IBM,F I,25,310.15
2025-12-15,9:38:58.368263049,T,IBM,F I,25,310.33
2025-12-15,9:39:04.069673602,T,IBM,F I,10,310.16
2025-12-15,9:39:12.745197393,T,IBM,F I,1,310.0
2025-12-15,9:39:12.745548997,T,IBM,I,2,309.98
2025-12-15,9:39:12.745582000,T,IBM,F I,3,309.96
2025-12-15,9:39:12.773166684,T,IBM,,40,309.945
2025-12-15,9:39:41.392735059,T,IBM,F I,9,309.81
2025-12-15,9:39:41.392738159,T,IBM,F I,1,309.81
2025-12-15,9:39:41.392741215,T,IBM,F I,10,309.81
2025-12-15,9:39:41.445772327,T,IBM,,100,309.79
2025-12-15,9:39:41.445811521,T,IBM,,40,309.79
2025-12-15,9:39:41.446036944,T,IBM,I,10,309.79
2025-12-15,9:39:41.446036944,T,IBM,I,30,309.79
2025-12-15,9:39:41.446070056,T,IBM,F I,10,309.74
2025-12-15,9:39:41.446073099,T,IBM,F I,15,309.73
2025-12-15,9:39:41.446118256,T,IBM,F I,25,309.73
2025-12-15,9:39:41.450668030,T,IBM,,100,309.74
2025-12-15,9:39:46.764329573,T,IBM,,100,309.765
2025-12-15,9:39:53.051889521,T,IBM,I,2,309.7
2025-12-15,9:39:53.052051803,T,IBM,I,4,309.7
2025-12-15,9:39:53.052051803,T,IBM,I,36,309.7
2025-12-15,9:39:57.114750791,T,IBM,F I,9,309.57
2025-12-15,9:39:57.114759234,T,IBM,F I,9,309.57
2025-12-15,9:40:36.165043285,T,IBM,F I,4,309.66
2025-12-15,9:40:36.165048659,T,IBM,F I,10,309.66
2025-12-15,9:40:36.165144885,T,IBM,F I,1,309.66
2025-12-15,9:40:36.165162891,T,IBM,F I,10,309.66
2025-12-15,9:40:40.590879505,T,IBM,,40,309.65
2025-12-15,9:40:40.590879505,T,IBM,,40,309.65
2025-12-15,9:40:40.590882596,T,IBM,I,1,309.65
2025-12-15,9:40:43.973280630,T,IBM,F I,25,309.74
2025-12-15,9:40:43.973400839,T,IBM,I,25,309.76
2025-12-15,9:40:43.973421960,T,IBM,I,1,309.76
2025-12-15,9:40:43.973424920,T,IBM,I,6,309.76
2025-12-15,9:40:43.973484991,T,IBM,F I,3,309.76
2025-12-15,9:40:43.973593359,T,IBM,F I,25,309.76
2025-12-15,9:40:43.973839869,T,IBM,F I,4,309.79
2025-12-15,9:40:43.973855317,T,IBM,,146,309.79
2025-12-15,9:40:43.973858283,T,IBM,I,3,309.8
2025-12-15,9:40:43.973860862,T,IBM,,54,309.8
2025-12-15,9:40:43.973860862,T,IBM,,146,309.8
2025-12-15,9:40:43.974185657,T,IBM,,44,309.77
2025-12-15,9:40:43.975093917,T,IBM,F I,19,309.81
2025-12-15,9:40:44.023124142,T,IBM,F,40,309.9
2025-12-15,9:40:44.023124142,T,IBM,F I,39,309.91
2025-12-15,9:40:44.023130152,T,IBM,F I,25,309.91
2025-12-15,9:40:44.023154312,T,IBM,F,44,309.94
2025-12-15,9:40:44.023154312,T,IBM,F I,13,309.95
2025-12-15,9:40:44.061808282,T,IBM,I,5,309.87
2025-12-15,9:40:44.061931526,T,IBM,,40,309.9
2025-12-15,9:40:44.184716890,T,IBM,F I,20,309.81
2025-12-15,9:40:44.184750111,T,IBM,F I,20,309.81
2025-12-15,9:40:44.184756117,T,IBM,,176,309.81
2025-12-15,9:40:44.905668186,T,IBM,F I,1,309.78
2025-12-15,9:40:44.905671118,T,IBM,F I,1,309.78
2025-12-15,9:40:44.905689150,T,IBM,F,49,309.78
2025-12-15,9:40:44.905689150,T,IBM,F I,1,309.76
2025-12-15,9:40:45.156768977,T,IBM,F I,1,309.73
2025-12-15,9:40:57.816799674,T,IBM,F I,7,309.6
2025-12-15,9:40:57.816799674,T,IBM,F I,3,309.6
2025-12-15,9:40:57.816801853,T,IBM,F I,5,309.6
2025-12-15,9:40:57.816804769,T,IBM,F I,15,309.6
2025-12-15,9:40:57.817315990,T,IBM,F I,1,309.51
2025-12-15,9:40:57.822660281,T,IBM,,40,309.5
2025-12-15,9:40:57.822660281,T,IBM,,50,309.45
2025-12-15,9:40:57.822662807,T,IBM,,100,309.43
2025-12-15,9:40:57.822662807,T,IBM,,55,309.39
2025-12-15,9:41:01.956384233,T,IBM,F I,1,309.37
2025-12-15,9:41:01.956384233,T,IBM,F I,20,309.37
2025-12-15,9:41:01.956471431,T,IBM,F I,1,309.34
2025-12-15,9:41:01.956474521,T,IBM,F I,8,309.33
2025-12-15,9:41:01.956498496,T,IBM,F I,12,309.33
2025-12-15,9:41:01.967694342,T,IBM,,100,309.33
2025-12-15,9:41:03.766107484,T,IBM,,40,309.41
2025-12-15,9:41:03.766107484,T,IBM,,40,309.41
2025-12-15,9:41:03.766110414,T,IBM,I,25,309.41
2025-12-15,9:41:03.766125517,T,IBM,I,1,309.41
2025-12-15,9:41:03.766128532,T,IBM,F I,24,309.41
2025-12-15,9:41:03.766802100,T,IBM,F,40,309.44
2025-12-15,9:41:23.510861730,T,IBM,F I,1,309.38
2025-12-15,9:41:23.510864874,T,IBM,F I,2,309.38
2025-12-15,9:41:26.917395284,T,IBM,I,5,309.37
2025-12-15,9:41:46.326132793,T,IBM,I,19,309.49
2025-12-15,9:41:46.326135823,T,IBM,I,19,309.5
2025-12-15,9:41:48.097956747,T,IBM,I,19,309.47
2025-12-15,9:41:48.097959695,T,IBM,,40,309.51
2025-12-15,9:41:52.192690372,T,IBM,,40,309.7
2025-12-15,9:41:53.590366593,T,IBM,F,100,309.78
2025-12-15,9:41:53.590390738,T,IBM,F,40,309.8
2025-12-15,9:41:53.590394591,T,IBM,F,400,309.8
2025-12-15,9:41:56.801146121,T,IBM,F I,19,309.72
2025-12-15,9:41:56.910131665,T,IBM,F I,25,309.83
2025-12-15,9:42:00.598110977,T,IBM,F I,25,309.75
2025-12-15,9:42:06.235760772,T,IBM,F I,25,309.67
2025-12-15,9:42:06.235760772,T,IBM,F I,27,309.67
2025-12-15,9:42:06.235763618,T,IBM,F I,24,309.67
2025-12-15,9:42:06.235776988,T,IBM,F I,24,309.67
2025-12-15,9:42:06.235778817,T,IBM,F I,27,309.65
2025-12-15,9:42:06.235950665,T,IBM,F I,2,309.61
2025-12-15,9:42:06.235953277,T,IBM,F I,1,309.61
2025-12-15,9:42:06.235956195,T,IBM,F,40,309.61
2025-12-15,9:42:06.235956195,T,IBM,F I,8,309.61
2025-12-15,9:42:06.236166656,T,IBM,I,5,309.62
2025-12-15,9:42:06.236172603,T,IBM,F,395,309.62
2025-12-15,9:42:06.239546679,T,IBM,F I,1,309.59
2025-12-15,9:42:06.479412685,T,IBM,F I,1,309.53
2025-12-15,9:42:07.992155045,T,IBM,F I,10,309.62
2025-12-15,9:42:07.992203035,T,IBM,F I,5,309.65
2025-12-15,9:42:07.992227109,T,IBM,F,40,309.67
2025-12-15,9:42:07.992233117,T,IBM,F I,28,309.68
2025-12-15,9:42:07.998951033,T,IBM,F I,25,309.7
2025-12-15,9:42:07.998957164,T,IBM,,75,309.7
2025-12-15,9:42:19.268380625,T,IBM,F I,25,309.86
2025-12-15,9:42:30.053350800,T,IBM,,80,309.82
2025-12-15,9:42:44.068828155,T,IBM,I,19,309.69
2025-12-15,9:42:44.068828155,T,IBM,I,10,309.65
2025-12-15,9:42:44.068830431,T,IBM,I,5,309.65
2025-12-15,9:42:44.068833246,T,IBM,,46,309.65
2025-12-15,9:42:44.089086638,T,IBM,F I,20,309.64
2025-12-15,9:42:44.089086638,T,IBM,F I,10,309.64
2025-12-15,9:42:44.089089910,T,IBM,F I,1,309.64
2025-12-15,9:42:44.089089910,T,IBM,F,50,309.64
2025-12-15,9:42:44.089176771,T,IBM,I,1,309.64
2025-12-15,9:42:44.089218811,T,IBM,F I,10,309.64
2025-12-15,9:42:44.089609770,T,IBM,I,11,309.62
2025-12-15,9:42:44.089630848,T,IBM,F I,9,309.62
2025-12-15,9:42:44.089630848,T,IBM,F I,1,309.61
2025-12-15,9:42:55.746986841,T,IBM,F I,15,309.61
2025-12-15,9:42:55.747005010,T,IBM,F I,24,309.61
2025-12-15,9:42:55.747007855,T,IBM,F I,5,309.59
2025-12-15,9:42:55.747011440,T,IBM,F I,10,309.59
2025-12-15,9:42:55.747011440,T,IBM,F I,10,309.59
2025-12-15,9:42:55.747014006,T,IBM,F I,1,309.59
2025-12-15,9:42:55.747077111,T,IBM,F I,1,309.59
2025-12-15,9:42:55.747095191,T,IBM,F I,1,309.59
2025-12-15,9:42:55.747122203,T,IBM,F I,9,309.59
2025-12-15,9:42:59.421082272,T,IBM,F I,2,309.46
2025-12-15,9:42:59.421082272,T,IBM,F I,10,309.46
2025-12-15,9:42:59.421088258,T,IBM,F I,1,309.46
2025-12-15,9:42:59.421091292,T,IBM,F I,12,309.46
2025-12-15,9:42:59.645792217,T,IBM,I,7,309.43
2025-12-15,9:43:05.465777918,T,IBM,I,5,309.41
2025-12-15,9:43:05.465781016,T,IBM,I,20,309.415
2025-12-15,9:43:05.468992604,T,IBM,,40,309.37
2025-12-15,9:43:16.639534723,T,IBM,,100,309.38
2025-12-15,9:43:16.639537809,T,IBM,,40,309.37
2025-12-15,9:43:16.649055385,T,IBM,F I,25,309.49
2025-12-15,9:43:16.649103465,T,IBM,F I,5,309.53
2025-12-15,9:43:16.649109631,T,IBM,F I,20,309.53
2025-12-15,9:43:16.649127546,T,IBM,F I,20,309.53
2025-12-15,9:43:16.649130639,T,IBM,F,40,309.54
2025-12-15,9:43:16.649134339,T,IBM,F I,20,309.54
2025-12-15,9:43:16.649148791,T,IBM,I,6,309.54
2025-12-15,9:43:16.649148791,T,IBM,I,1,309.54
2025-12-15,9:43:16.649154750,T,IBM,I,13,309.54
2025-12-15,9:43:16.649158211,T,IBM,I,17,309.54
2025-12-15,9:43:16.649158211,T,IBM,I,20,309.54
2025-12-15,9:43:16.649163647,T,IBM,F I,3,309.54
2025-12-15,9:43:16.649572709,T,IBM,F,50,309.54
2025-12-15,9:43:16.676817482,T,IBM,I,10,309.53
2025-12-15,9:43:16.676817482,T,IBM,I,2,309.51
2025-12-15,9:43:20.272278722,T,IBM,F I,25,309.38
2025-12-15,9:43:38.723384717,T,IBM,F I,4,309.3
2025-12-15,9:43:38.723384717,T,IBM,F I,10,309.3
2025-12-15,9:43:38.723387085,T,IBM,F I,10,309.3
2025-12-15,9:43:38.723389777,T,IBM,F I,7,309.3
2025-12-15,9:43:38.723405368,T,IBM,I,1,309.3
2025-12-15,9:43:38.723407915,T,IBM,I,2,309.3
2025-12-15,9:43:38.723411284,T,IBM,I,10,309.3
2025-12-15,9:43:38.723411284,T,IBM,I,10,309.3
2025-12-15,9:43:38.723413908,T,IBM,I,2,309.3
2025-12-15,9:43:45.709678082,T,IBM,F I,25,309.31
2025-12-15,9:43:48.528922326,T,IBM,F I,1,309.34
2025-12-15,9:43:48.528934345,T,IBM,F I,1,309.34
2025-12-15,9:43:48.528955408,T,IBM,F I,9,309.34
2025-12-15,9:44:03.250684373,T,IBM,F I,14,309.26
2025-12-15,9:44:16.074382443,T,IBM,F I,25,309.25
2025-12-15,9:44:16.074403180,T,IBM,F I,10,309.23
2025-12-15,9:44:16.074403180,T,IBM,F I,10,309.23
2025-12-15,9:44:16.074405990,T,IBM,F I,1,309.23
2025-12-15,9:44:16.074427006,T,IBM,I,1,309.23
2025-12-15,9:44:16.074427006,T,IBM,I,21,309.23
2025-12-15,9:44:16.075058480,T,IBM,F I,19,309.28
2025-12-15,9:44:16.075232969,T,IBM,F I,25,309.31
2025-12-15,9:44:16.081304383,T,IBM,I,10,309.32
2025-12-15,9:44:16.081307350,T,IBM,I,35,309.34
2025-12-15,9:44:16.081325552,T,IBM,I,6,309.34
2025-12-15,9:44:16.081328431,T,IBM,I,1,309.34
2025-12-15,9:44:16.081364486,T,IBM,I,3,309.34
2025-12-15,9:44:16.087974322,T,IBM,F I,1,309.39
2025-12-15,9:44:16.087977491,T,IBM,F I,6,309.39
2025-12-15,9:44:16.087980343,T,IBM,F I,1,309.44
2025-12-15,9:44:16.089414738,T,IBM,F I,2,309.42
2025-12-15,9:44:16.089420887,T,IBM,F I,7,309.42
2025-12-15,9:44:16.089420887,T,IBM,F I,10,309.42
2025-12-15,9:44:16.089423670,T,IBM,F I,4,309.42
2025-12-15,9:44:16.089472553,T,IBM,,100,309.44
2025-12-15,9:44:16.089472553,T,IBM,I,1,309.42
2025-12-15,9:44:16.089474820,T,IBM,F I,25,309.42
2025-12-15,9:44:16.089492849,T,IBM,F,220,309.42
2025-12-15,9:44:16.089498930,T,IBM,F I,17,309.42
2025-12-15,9:44:16.089685318,T,IBM,,433,309.42
2025-12-15,9:44:16.089688323,T,IBM,I,7,309.42
2025-12-15,9:44:16.089709395,T,IBM,F I,4,309.42
2025-12-15,9:44:16.091215994,T,IBM,F I,3,309.59
2025-12-15,9:44:16.092304547,T,IBM,F I,6,309.59
2025-12-15,9:44:16.092689491,T,IBM,F I,6,309.59
2025-12-15,9:44:16.093916489,T,IBM,I,1,309.59
2025-12-15,9:44:16.163231961,T,IBM,F I,5,309.59
2025-12-15,9:44:16.163231961,T,IBM,F I,5,309.56
2025-12-15,9:44:16.163234483,T,IBM,F I,3,309.55
2025-12-15,9:44:17.101904149,T,IBM,F I,20,309.74
2025-12-15,9:44:17.101904149,T,IBM,F I,20,309.74
2025-12-15,9:44:31.172023774,T,IBM,F I,5,309.74
2025-12-15,9:44:31.172023774,T,IBM,F I,20,309.73
2025-12-15,9:44:51.196847058,T,IBM,F I,25,309.67
2025-12-15,9:44:51.241151664,T,IBM,F I,5,309.74
2025-12-15,9:44:51.241154535,T,IBM,F I,5,309.74
2025-12-15,9:44:51.241154535,T,IBM,F I,1,309.78
2025-12-15,9:44:53.700884052,T,IBM,F I,25,309.61
2025-12-15,9:44:56.160303900,T,IBM,F I,1,309.56
2025-12-15,9:44:56.160331605,T,IBM,F,50,309.56
2025-12-15,9:44:57.845690021,T,IBM,F I,25,309.36
2025-12-15,9:44:57.845735152,T,IBM,F I,15,309.36
2025-12-15,9:44:58.253998987,T,IBM,F I,25,309.28
2025-12-15,9:45:01.854611597,T,IBM,F I,5,309.38
2025-12-15,9:45:06.593752825,T,IBM,F I,3,309.23
2025-12-15,9:45:06.593755449,T,IBM,F I,10,309.23
2025-12-15,9:45:06.593758412,T,IBM,F I,1,309.23
2025-12-15,9:45:13.698838997,T,IBM,F I,5,309.29
2025-12-15,9:45:13.698838997,T,IBM,F I,5,309.26
2025-12-15,9:45:13.698841425,T,IBM,F I,19,309.26
2025-12-15,9:45:13.698844400,T,IBM,F I,11,309.25
2025-12-15,9:45:14.630682166,T,IBM,I,12,309.43
2025-12-15,9:45:14.630684828,T,IBM,,88,309.43
2025-12-15,9:45:14.630699745,T,IBM,F I,3,309.43
2025-12-15,9:45:15.488726421,T,IBM,F I,19,309.38
2025-12-15,9:45:15.488729466,T,IBM,F,54,309.37
2025-12-15,9:45:15.826598687,T,IBM,I,1,309.49
2025-12-15,9:45:16.967956740,T,IBM,F I,15,309.61
2025-12-15,9:45:16.968221366,T,IBM,F I,3,309.64
2025-12-15,9:45:16.968224494,T,IBM,F I,12,309.64
2025-12-15,9:45:16.986297417,T,IBM,I,17,309.78
2025-12-15,9:45:16.986300578,T,IBM,I,12,309.79
2025-12-15,9:45:16.986315471,T,IBM,F I,28,309.79
2025-12-15,9:45:22.701074870,T,IBM,F I,26,309.73
2025-12-15,9:45:30.683694899,T,IBM,F I,7,309.72
2025-12-15,9:45:30.683694899,T,IBM,F I,10,309.72
2025-12-15,9:45:30.684167086,T,IBM,F I,1,309.66
2025-12-15,9:45:31.673119977,T,IBM,I,5,309.71
2025-12-15,9:45:31.673119977,T,IBM,I,5,309.74
2025-12-15,9:45:31.673122418,T,IBM,I,7,309.75
2025-12-15,9:45:31.674150877,T,IBM,I,1,309.78
2025-12-15,9:45:31.674153822,T,IBM,I,16,309.78
2025-12-15,9:45:31.677052715,T,IBM,F I,6,309.74
2025-12-15,9:45:33.900876621,T,IBM,F I,5,309.74
2025-12-15,9:45:36.419179669,T,IBM,F,40,309.65
2025-12-15,9:45:39.554903401,T,IBM,F I,2,309.65
2025-12-15,9:45:40.575966122,T,IBM,F I,5,309.71
2025-12-15,9:45:57.499617880,T,IBM,I,7,309.88
2025-12-15,9:45:57.505813006,T,IBM,F I,7,309.89
2025-12-15,9:45:57.506420102,T,IBM,I,19,309.83
2025-12-15,9:45:57.506438572,T,IBM,I,9,309.825
2025-12-15,9:45:57.506438572,T,IBM,I,4,309.825
2025-12-15,9:45:57.506441240,T,IBM,I,2,309.825
2025-12-15,9:45:57.506444171,T,IBM,I,17,309.83
2025-12-15,9:45:57.506459371,T,IBM,F I,3,309.78
2025-12-15,9:45:57.506483295,T,IBM,F I,1,309.78
2025-12-15,9:45:57.506504238,T,IBM,F I,28,309.77
2025-12-15,9:45:57.506522321,T,IBM,F I,7,309.77
2025-12-15,9:45:57.506648787,T,IBM,,100,309.77
2025-12-15,9:45:57.506648787,T,IBM,I,36,309.77
2025-12-15,9:45:57.506651581,T,IBM,F I,12,309.77
2025-12-15,9:45:57.506670057,T,IBM,I,6,309.77
2025-12-15,9:45:57.506670057,T,IBM,,100,309.77
2025-12-15,9:45:57.506672717,T,IBM,I,1,309.77
2025-12-15,9:45:57.506681665,T,IBM,F I,3,309.68
2025-12-15,9:45:57.506883202,T,IBM,F,431,309.77
2025-12-15,9:45:57.506886150,T,IBM,F,56,309.77
2025-12-15,9:45:57.506889210,T,IBM,F,44,309.77
2025-12-15,9:45:57.506889210,T,IBM,F I,22,309.77
2025-12-15,9:45:57.506964867,T,IBM,F I,20,309.77
2025-12-15,9:45:57.506964867,T,IBM,I,7,309.8
2025-12-15,9:45:57.506973398,T,IBM,F I,4,309.77
2025-12-15,9:45:57.506977181,T,IBM,F I,20,309.77
2025-12-15,9:45:57.506982396,T,IBM,I,24,309.77
2025-12-15,9:45:57.506997489,T,IBM,F I,7,309.82
2025-12-15,9:45:57.507000414,T,IBM,F I,32,309.77
2025-12-15,9:45:57.507007058,T,IBM,F I,32,309.77
2025-12-15,9:45:57.507009547,T,IBM,F I,10,309.77
2025-12-15,9:45:57.507009547,T,IBM,F I,32,309.77
2025-12-15,9:45:57.507027807,T,IBM,I,7,309.82
2025-12-15,9:45:57.507031024,T,IBM,F I,16,309.77
2025-12-15,9:45:57.507033558,T,IBM,I,10,309.77
2025-12-15,9:45:58.313800115,T,IBM,F I,25,309.84
2025-12-15,9:45:58.313818222,T,IBM,F I,25,309.84
2025-12-15,9:45:58.313821172,T,IBM,F,71,309.86
2025-12-15,9:45:58.313848216,T,IBM,F I,16,309.86
2025-12-15,9:45:58.331392083,T,IBM,I,13,309.86
2025-12-15,9:45:58.331422159,T,IBM,F I,10,309.87
2025-12-15,9:45:58.331425130,T,IBM,F I,10,309.87
2025-12-15,9:45:58.331431164,T,IBM,F I,10,309.87
2025-12-15,9:45:58.331443162,T,IBM,F I,3,309.87
2025-12-15,9:45:58.331443162,T,IBM,I,7,309.87
2025-12-15,9:45:59.139484779,T,IBM,I,16,309.99
2025-12-15,9:46:09.156520011,T,IBM,F I,1,309.86
2025-12-15,9:46:09.156628124,T,IBM,F I,10,309.86
2025-12-15,9:46:09.156745459,T,IBM,F I,1,309.84
2025-12-15,9:46:09.156856684,T,IBM,F I,25,309.84
2025-12-15,9:46:09.157247674,T,IBM,F I,14,309.84
2025-12-15,9:46:09.217441962,T,IBM,F I,35,309.86
2025-12-15,9:46:09.217459954,T,IBM,I,1,309.86
2025-12-15,9:46:09.217459954,T,IBM,I,6,309.86
2025-12-15,9:46:13.980919537,T,IBM,I,30,309.86
2025-12-15,9:46:13.980937609,T,IBM,I,1,309.86
2025-12-15,9:46:13.980937609,T,IBM,I,6,309.86
2025-12-15,9:46:13.980940549,T,IBM,F I,21,309.86
2025-12-15,9:46:14.657972258,T,IBM,,100,309.82
2025-12-15,9:46:15.732150566,T,IBM,,100,309.82
2025-12-15,9:46:15.732150566,T,IBM,,54,309.78
2025-12-15,9:46:16.884987136,T,IBM,F I,10,309.76
2025-12-15,9:46:18.269530833,T,IBM,I,10,309.815
2025-12-15,9:46:21.173285449,T,IBM,I,10,309.82
2025-12-15,9:46:22.356148251,T,IBM,F I,10,309.76
2025-12-15,9:46:28.281721547,T,IBM,F I,25,309.85
2025-12-15,9:46:31.817496601,T,IBM,,40,309.79
2025-12-15,9:46:46.170120903,T,IBM,F I,1,309.81
2025-12-15,9:46:46.172661988,T,IBM,I,1,309.81
2025-12-15,9:46:49.790929451,T,IBM,,100,309.81
2025-12-15,9:46:53.228511960,T,IBM,I,1,309.75
2025-12-15,9:46:53.228530043,T,IBM,F I,5,309.75
2025-12-15,9:46:53.228530043,T,IBM,F I,10,309.75
2025-12-15,9:46:53.228551007,T,IBM,I,11,309.75
2025-12-15,9:46:53.228578153,T,IBM,I,1,309.75
2025-12-15,9:46:53.228614152,T,IBM,I,28,309.75
2025-12-15,9:46:53.228632180,T,IBM,F,371,309.75
2025-12-15,9:46:53.228866707,T,IBM,I,15,309.75
2025-12-15,9:46:53.228980985,T,IBM,F,111,309.75
2025-12-15,9:46:53.228999116,T,IBM,I,1,309.75
2025-12-15,9:46:53.229050279,T,IBM,I,19,309.8
2025-12-15,9:46:53.229137371,T,IBM,F I,6,309.75
2025-12-15,9:46:53.229146948,T,IBM,,266,309.75
2025-12-15,9:46:53.229149488,T,IBM,I,15,309.75
2025-12-15,9:46:53.229774980,T,IBM,,100,309.77
2025-12-15,9:46:53.229774980,T,IBM,,44,309.76
2025-12-15,9:46:53.229777930,T,IBM,,252,309.75
2025-12-15,9:46:53.230391415,T,IBM,,104,309.75
2025-12-15,9:46:53.230394444,T,IBM,I,2,309.75
2025-12-15,9:46:53.235308110,T,IBM,,40,309.76
2025-12-15,9:46:53.960499483,T,IBM,I,7,309.72
2025-12-15,9:46:55.687351719,T,IBM,F I,9,309.79
2025-12-15,9:46:59.851300957,T,IBM,F I,4,309.83
2025-12-15,9:46:59.851331367,T,IBM,I,5,309.83
2025-12-15,9:46:59.851334177,T,IBM,I,1,309.84
2025-12-15,9:46:59.851336964,T,IBM,I,35,309.84
2025-12-15,9:46:59.857624969,T,IBM,I,8,309.8
2025-12-15,9:46:59.857694360,T,IBM,F,50,309.8
2025-12-15,9:46:59.857694360,T,IBM,F,100,309.8
2025-12-15,9:46:59.857697131,T,IBM,F,50,309.8
2025-12-15,9:46:59.857718970,T,IBM,F I,1,309.8
2025-12-15,9:46:59.857718970,T,IBM,I,1,309.8
2025-12-15,9:46:59.857725026,T,IBM,I,6,309.8
2025-12-15,9:46:59.857725026,T,IBM,,160,309.8
2025-12-15,9:46:59.857727260,T,IBM,I,32,309.8
2025-12-15,9:46:59.857730812,T,IBM,,318,309.8
2025-12-15,9:47:00.097118161,T,IBM,I,30,309.83
2025-12-15,9:47:00.098762985,T,IBM,I,30,309.83
2025-12-15,9:47:00.983652525,T,IBM,F I,30,309.83
2025-12-15,9:47:01.639369563,T,IBM,I,12,309.83
2025-12-15,9:47:01.639399551,T,IBM,F I,10,309.83
2025-12-15,9:47:01.646694934,T,IBM,I,30,309.84
2025-12-15,9:47:03.483284136,T,IBM,F I,11,309.93
2025-12-15,9:47:08.834038892,T,IBM,,100,309.88
2025-12-15,9:47:20.892177067,T,IBM,F I,2,309.81
2025-12-15,9:47:20.892214544,T,IBM,F I,4,309.81
2025-12-15,9:47:33.803425048,T,IBM,F I,2,309.73
2025-12-15,9:47:33.803446128,T,IBM,I,2,309.73
2025-12-15,9:47:34.840951925,T,IBM,F I,7,309.775
2025-12-15,9:47:45.989824519,T,IBM,I,5,309.74
2025-12-15,9:47:45.989824519,T,IBM,I,24,309.7
2025-12-15,9:47:50.402523351,T,IBM,I,25,309.65
2025-12-15,9:47:50.402526364,T,IBM,I,15,309.65
2025-12-15,9:47:50.402547882,T,IBM,F I,3,309.65
2025-12-15,9:47:50.402550698,T,IBM,I,1,309.65
2025-12-15,9:47:50.402550698,T,IBM,I,13,309.65
2025-12-15,9:47:50.402787900,T,IBM,I,23,309.65
2025-12-15,9:47:50.402787900,T,IBM,I,1,309.62
2025-12-15,9:47:50.403413397,T,IBM,F,40,309.6
2025-12-15,9:47:50.403413397,T,IBM,F I,23,309.6
2025-12-15,9:47:50.403431542,T,IBM,F I,17,309.6
2025-12-15,9:47:50.403434706,T,IBM,F,40,309.6
2025-12-15,9:47:50.403437405,T,IBM,F I,1,309.6
2025-12-15,9:47:50.403437405,T,IBM,F I,1,309.6
2025-12-15,9:47:50.403440556,T,IBM,F,40,309.6
2025-12-15,9:47:53.033282095,T,IBM,F I,20,309.54
2025-12-15,9:47:53.033285142,T,IBM,F I,33,309.54
2025-12-15,9:47:53.033303578,T,IBM,F I,2,309.54
2025-12-15,9:47:53.033306239,T,IBM,I,1,309.54
2025-12-15,9:47:53.033772289,T,IBM,F I,13,309.48
2025-12-15,9:47:53.033805342,T,IBM,F I,6,309.48
2025-12-15,9:47:53.034127134,T,IBM,I,1,309.48
2025-12-15,9:47:53.034130060,T,IBM,I,20,309.48
2025-12-15,9:47:57.687654037,T,IBM,F I,1,309.41
2025-12-15,9:47:59.475340827,T,IBM,I,20,309.38
2025-12-15,9:47:59.475364871,T,IBM,I,6,309.36
2025-12-15,9:48:06.639084627,T,IBM,,44,309.39
2025-12-15,9:48:06.639084627,T,IBM,I,26,309.38
2025-12-15,9:48:06.639102569,T,IBM,I,1,309.38
2025-12-15,9:48:06.639168635,T,IBM,F I,3,309.43
2025-12-15,9:48:06.639310161,T,IBM,F I,7,309.39
2025-12-15,9:48:06.639313045,T,IBM,F I,6,309.39
2025-12-15,9:48:06.647405577,T,IBM,F,40,309.38
2025-12-15,9:48:06.647405577,T,IBM,F I,8,309.38
2025-12-15,9:48:06.647546679,T,IBM,,80,309.38
2025-12-15,9:48:06.647564681,T,IBM,I,1,309.37
2025-12-15,9:48:06.647570742,T,IBM,I,6,309.38
2025-12-15,9:48:06.647570742,T,IBM,F,116,309.38
2025-12-15,9:48:06.647573979,T,IBM,I,1,309.38
2025-12-15,9:48:06.647573979,T,IBM,F,90,309.38
2025-12-15,9:48:06.647579675,T,IBM,I,32,309.38
2025-12-15,9:48:06.647621755,T,IBM,F I,16,309.38
2025-12-15,9:48:06.647651861,T,IBM,F I,10,309.38
2025-12-15,9:48:06.647663872,T,IBM,F I,16,309.38
2025-12-15,9:48:06.648923857,T,IBM,,160,309.38
2025-12-15,9:48:06.653233165,T,IBM,F,131,309.38
2025-12-15,9:48:06.653260233,T,IBM,,233,309.38
2025-12-15,9:48:06.653299340,T,IBM,,55,309.38
2025-12-15,9:48:06.653398513,T,IBM,F I,1,309.45
2025-12-15,9:48:08.758547953,T,IBM,F I,23,309.35
2025-12-15,9:48:08.758571995,T,IBM,F I,3,309.35
2025-12-15,9:48:08.758974941,T,IBM,I,3,309.34
2025-12-15,9:48:08.817265758,T,IBM,F I,25,309.3
2025-12-15,9:48:08.817770948,T,IBM,I,15,309.3
2025-12-15,9:48:08.844519526,T,IBM,I,20,309.27
2025-12-15,9:48:09.373292397,T,IBM,I,25,309.235
2025-12-15,9:48:09.375920634,T,IBM,,40,309.235
2025-12-15,9:48:10.382392633,T,IBM,I,19,309.26
2025-12-15,9:48:10.382395692,T,IBM,,81,309.27
2025-12-15,9:48:10.382413654,T,IBM,I,6,309.27
2025-12-15,9:48:10.382413654,T,IBM,I,13,309.27
2025-12-15,9:48:10.382723373,T,IBM,F I,5,309.27
2025-12-15,9:48:10.382753494,T,IBM,I,3,309.27
2025-12-15,9:48:10.382903866,T,IBM,I,4,309.27
2025-12-15,9:48:16.131740213,T,IBM,F I,11,309.23
2025-12-15,9:48:16.131743339,T,IBM,F,44,309.22
2025-12-15,9:48:16.131743339,T,IBM,F I,17,309.22
2025-12-15,9:48:16.132046944,T,IBM,F,40,309.2
2025-12-15,9:48:16.132049946,T,IBM,F,40,309.2
2025-12-15,9:48:16.132332684,T,IBM,F I,20,309.19
2025-12-15,9:48:16.132428930,T,IBM,F I,3,309.17
2025-12-15,9:48:16.133000323,T,IBM,I,20,309.1
2025-12-15,9:48:16.133003283,T,IBM,,60,309.1
2025-12-15,9:48:16.133006692,T,IBM,,100,309.02
2025-12-15,9:48:16.133006692,T,IBM,I,1,309.02
2025-12-15,9:48:16.133009608,T,IBM,,100,309.01
2025-12-15,9:48:16.133009608,T,IBM,I,20,309.01
2025-12-15,9:48:16.133012285,T,IBM,,272,309.0
2025-12-15,9:48:16.133123534,T,IBM,F I,10,309.0
2025-12-15,9:48:16.133144565,T,IBM,,228,309.0
2025-12-15,9:48:16.133144565,T,IBM,I,3,309.0
2025-12-15,9:48:16.133433234,T,IBM,F I,7,309.11
2025-12-15,9:48:16.133595625,T,IBM,I,1,309.05
2025-12-15,9:48:16.133751970,T,IBM,I,1,309.01
2025-12-15,9:48:20.707595492,T,IBM,I,32,309.07
2025-12-15,9:48:20.707595492,T,IBM,,68,309.07
2025-12-15,9:48:20.715573442,T,IBM,I,32,309.07
2025-12-15,9:48:20.892830362,T,IBM,F I,4,309.07
2025-12-15,9:48:26.155779250,T,IBM,F I,1,309.34
2025-12-15,9:48:26.155824180,T,IBM,F I,4,309.34
2025-12-15,9:48:26.156362457,T,IBM,F I,10,309.34
2025-12-15,9:48:26.156468137,T,IBM,F I,9,309.34
2025-12-15,9:48:26.627942147,T,IBM,I,20,309.27
2025-12-15,9:48:27.117781415,T,IBM,F I,25,309.25
2025-12-15,9:48:40.621042630,T,IBM,I,10,309.22
2025-12-15,9:48:56.091502948,T,IBM,F,44,309.18
2025-12-15,9:48:56.091506058,T,IBM,F I,3,309.17
2025-12-15,9:48:56.091506058,T,IBM,F,40,309.17
2025-12-15,9:48:56.091521071,T,IBM,I,1,309.17
2025-12-15,9:48:56.091587220,T,IBM,,80,309.17
2025-12-15,9:48:56.091608231,T,IBM,I,6,309.17
2025-12-15,9:48:56.091608231,T,IBM,I,1,309.17
2025-12-15,9:48:56.091614322,T,IBM,I,31,309.17
2025-12-15,9:48:56.091671556,T,IBM,,182,309.17
2025-12-15,9:48:56.091674364,T,IBM,F I,10,309.17
2025-12-15,9:48:56.091677359,T,IBM,F,208,309.17
2025-12-15,9:48:56.091701509,T,IBM,F I,7,309.21
2025-12-15,9:48:56.091710444,T,IBM,I,7,309.17
2025-12-15,9:48:56.091737822,T,IBM,F I,7,309.15
2025-12-15,9:48:56.091740965,T,IBM,F I,7,309.15
2025-12-15,9:48:56.135034673,T,IBM,I,3,309.08
2025-12-15,9:48:56.135542868,T,IBM,I,2,309.03
2025-12-15,9:48:56.135599976,T,IBM,F I,1,309.0
2025-12-15,9:48:56.135630060,T,IBM,I,1,309.0
2025-12-15,9:48:56.135654192,T,IBM,F I,1,309.0
2025-12-15,9:48:56.135660119,T,IBM,,93,309.03
2025-12-15,9:48:56.135954786,T,IBM,I,2,309.0
2025-12-15,9:48:56.135978895,T,IBM,I,6,309.0
2025-12-15,9:48:58.887986193,T,IBM,F I,20,308.97
2025-12-15,9:48:58.887989462,T,IBM,F I,17,308.96
2025-12-15,9:48:58.889168066,T,IBM,I,19,308.99
2025-12-15,9:49:05.432904808,T,IBM,F I,36,309.24
2025-12-15,9:49:05.432907791,T,IBM,F,400,309.24
2025-12-15,9:49:25.153118026,T,IBM,,40,309.315
2025-12-15,9:49:25.918268492,T,IBM,I,20,309.38
2025-12-15,9:49:25.918461392,T,IBM,F,40,309.39
2025-12-15,9:49:25.918464465,T,IBM,F,100,309.39
2025-12-15,9:49:25.918467014,T,IBM,F,297,309.39
2025-12-15,9:49:25.918469999,T,IBM,F,100,309.39
2025-12-15,9:49:25.918473032,T,IBM,F,40,309.39
2025-12-15,9:49:26.622945365,T,IBM,I,5,309.41
2025-12-15,9:49:26.622945365,T,IBM,I,9,309.39
2025-12-15,9:49:30.787420819,T,IBM,F I,22,309.45
2025-12-15,9:49:32.088329991,T,IBM,F,80,309.52
2025-12-15,9:49:32.097567761,T,IBM,I,19,309.53
2025-12-15,9:49:32.097600715,T,IBM,I,19,309.51
2025-12-15,9:49:37.048914709,T,IBM,,80,309.51
2025-12-15,9:49:57.732856217,T,IBM,F I,25,309.63
2025-12-15,9:49:57.732910292,T,IBM,F I,15,309.63
2025-12-15,9:49:59.063938991,T,IBM,I,2,309.71
2025-12-15,9:49:59.064444153,T,IBM,F I,4,309.72
2025-12-15,9:50:05.768667566,T,IBM,I,7,309.9
2025-12-15,9:50:05.768678996,T,IBM,F I,9,309.86
2025-12-15,9:50:05.768678996,T,IBM,F I,3,309.83
2025-12-15,9:50:05.768681959,T,IBM,F I,3,309.83
2025-12-15,9:50:05.768685064,T,IBM,F I,10,309.83
2025-12-15,9:50:05.768685064,T,IBM,F I,10,309.83
2025-12-15,9:50:06.774880348,T,IBM,,60,309.93
2025-12-15,9:50:09.297934530,T,IBM,F I,10,309.84
2025-12-15,9:50:09.355948654,T,IBM,F I,9,309.845
2025-12-15,9:50:12.635213052,T,IBM,F I,9,309.83
2025-12-15,9:50:12.635682187,T,IBM,F I,9,309.85
2025-12-15,9:50:22.469470091,T,IBM,F I,4,309.93
2025-12-15,9:50:22.477815011,T,IBM,F I,2,309.93
2025-12-15,9:50:22.805156337,T,IBM,,60,309.93
2025-12-15,9:50:24.028432250,T,IBM,F I,6,309.925
2025-12-15,9:50:24.553767997,T,IBM,I,10,309.925
2025-12-15,9:50:25.028950083,T,IBM,,50,309.925
2025-12-15,9:50:34.357742777,T,IBM,F I,10,309.85
2025-12-15,9:50:34.590953985,T,IBM,F I,1,309.84
2025-12-15,9:50:34.590996133,T,IBM,I,1,309.84
2025-12-15,9:50:34.680690580,T,IBM,F I,1,309.85
2025-12-15,9:50:34.681060471,T,IBM,F I,2,309.78
2025-12-15,9:50:34.681063482,T,IBM,F I,26,309.78
2025-12-15,9:50:34.681075482,T,IBM,F I,7,309.81
2025-12-15,9:50:34.681078485,T,IBM,F I,8,309.81
2025-12-15,9:50:34.681084509,T,IBM,I,1,309.78
2025-12-15,9:50:34.681087547,T,IBM,F I,2,309.78
2025-12-15,9:50:34.681090616,T,IBM,F I,10,309.78
2025-12-15,9:50:34.681144720,T,IBM,F I,5,309.81
2025-12-15,9:50:34.681198846,T,IBM,F I,2,309.77
2025-12-15,9:50:34.681355173,T,IBM,,805,309.77
2025-12-15,9:50:34.681376296,T,IBM,I,1,309.76
2025-12-15,9:50:34.681376296,T,IBM,I,6,309.76
2025-12-15,9:50:34.681379250,T,IBM,F I,25,309.75
2025-12-15,9:50:34.681499591,T,IBM,F I,15,309.75
2025-12-15,9:50:34.681659324,T,IBM,F I,12,309.72
2025-12-15,9:50:34.681659324,T,IBM,F,100,309.72
2025-12-15,9:50:34.681683005,T,IBM,,100,309.72
2025-12-15,9:50:34.682056002,T,IBM,F I,17,309.72
2025-12-15,9:50:34.682056002,T,IBM,F,300,309.72
2025-12-15,9:50:34.682058826,T,IBM,F,139,309.72
2025-12-15,9:50:34.682061931,T,IBM,F,50,309.72
2025-12-15,9:50:34.682206270,T,IBM,F I,20,309.69
2025-12-15,9:50:34.682227288,T,IBM,F I,20,309.69
2025-12-15,9:50:34.682260322,T,IBM,I,20,309.68
2025-12-15,9:50:39.276447253,T,IBM,I,7,309.58
2025-12-15,9:50:39.276450192,T,IBM,I,6,309.58
2025-12-15,9:50:39.874736465,T,IBM,F I,5,309.72
2025-12-15,9:50:56.273985000,T,IBM,F I,25,309.6
2025-12-15,9:51:00.036136049,T,IBM,I,2,309.61
2025-12-15,9:51:00.036238199,T,IBM,I,2,309.63
2025-12-15,9:51:04.254770661,T,IBM,F I,3,309.63
2025-12-15,9:51:04.254773628,T,IBM,F I,17,309.63
2025-12-15,9:51:04.254794654,T,IBM,I,1,309.63
2025-12-15,9:51:04.254797747,T,IBM,I,6,309.63
2025-12-15,9:51:04.254797747,T,IBM,I,19,309.63
2025-12-15,9:51:07.268292557,T,IBM,F I,3,309.57
2025-12-15,9:51:14.715400840,T,IBM,F I,20,309.46
2025-12-15,9:51:15.306704415,T,IBM,F I,20,309.41
2025-12-15,9:51:15.306707503,T,IBM,F I,1,309.41
2025-12-15,9:51:15.307050598,T,IBM,,40,309.4
2025-12-15,9:51:15.307263779,T,IBM,F I,1,309.43
2025-12-15,9:51:20.650684169,T,IBM,,40,309.4
2025-12-15,9:51:29.624012629,T,IBM,I,20,309.34
2025-12-15,9:51:29.624028336,T,IBM,I,1,309.34
2025-12-15,9:51:31.315458197,T,IBM,F,40,309.335
2025-12-15,9:51:31.315461172,T,IBM,F I,9,309.38
2025-12-15,9:51:33.037991755,T,IBM,F I,25,309.33
2025-12-15,9:51:33.038006808,T,IBM,F I,24,309.33
2025-12-15,9:51:35.445174308,T,IBM,I,25,309.335
2025-12-15,9:51:37.536473091,T,IBM,F I,19,309.39
2025-12-15,9:51:37.536473091,T,IBM,F I,21,309.41
2025-12-15,9:51:37.536566079,T,IBM,,40,309.42
2025-12-15,9:51:42.042772207,T,IBM,I,3,309.37
2025-12-15,9:51:48.397272167,T,IBM,I,10,309.29
2025-12-15,9:51:48.397275697,T,IBM,I,5,309.29
2025-12-15,9:51:48.397280751,T,IBM,I,20,309.28
2025-12-15,9:51:48.397280751,T,IBM,,40,309.28
2025-12-15,9:51:48.397283631,T,IBM,I,25,309.28
2025-12-15,9:51:48.397286607,T,IBM,I,25,309.28
2025-12-15,9:51:48.397782781,T,IBM,F I,2,309.21
2025-12-15,9:51:48.398606805,T,IBM,F I,28,309.17
2025-12-15,9:51:48.399021843,T,IBM,I,19,309.2
2025-12-15,9:51:48.399021843,T,IBM,I,1,309.22
2025-12-15,9:51:48.399024715,T,IBM,I,20,309.22
2025-12-15,9:51:48.399036776,T,IBM,I,10,309.22
2025-12-15,9:51:48.399448708,T,IBM,F I,15,309.23
2025-12-15,9:51:49.548757796,T,IBM,I,3,309.15
2025-12-15,9:51:49.548757796,T,IBM,I,10,309.15
2025-12-15,9:51:49.548760780,T,IBM,I,10,309.15
2025-12-15,9:51:49.550556016,T,IBM,I,20,309.12
2025-12-15,9:51:58.588213956,T,IBM,F,40,309.11
2025-12-15,9:51:58.588216970,T,IBM,F I,24,309.11
2025-12-15,9:51:58.588243942,T,IBM,F I,10,309.08
2025-12-15,9:51:58.588301086,T,IBM,F I,10,309.08
2025-12-15,9:51:58.588322194,T,IBM,F I,15,309.08
2025-12-15,9:51:58.588352285,T,IBM,,40,309.15
2025-12-15,9:52:00.401759062,T,IBM,,80,309.11
2025-12-15,9:52:00.401762081,T,IBM,I,3,309.11
2025-12-15,9:52:05.229391658,T,IBM,F I,10,309.05
2025-12-15,9:52:05.229391658,T,IBM,F I,3,309.05
2025-12-15,9:52:12.692672470,T,IBM,F I,20,308.94
2025-12-15,9:52:12.692675321,T,IBM,F I,22,308.94
2025-12-15,9:52:12.692693367,T,IBM,F I,3,308.94
2025-12-15,9:52:12.692696358,T,IBM,I,1,308.94
2025-12-15,9:52:12.693490265,T,IBM,F I,1,308.91
2025-12-15,9:52:12.794248095,T,IBM,,40,308.75
2025-12-15,9:52:15.506380442,T,IBM,F I,5,308.87
2025-12-15,9:52:17.258438363,T,IBM,I,10,308.87
2025-12-15,9:52:18.630469558,T,IBM,F I,1,308.79
2025-12-15,9:52:19.305568190,T,IBM,F I,20,308.78
2025-12-15,9:52:19.305570679,T,IBM,F,75,308.77
2025-12-15,9:52:19.305588745,T,IBM,F I,15,308.77
2025-12-15,9:52:19.305591780,T,IBM,F I,5,308.77
2025-12-15,9:52:19.305703006,T,IBM,F I,30,308.77
2025-12-15,9:52:19.666526044,T,IBM,I,4,308.72
2025-12-15,9:52:19.896017329,T,IBM,I,18,308.7
2025-12-15,9:52:25.313344605,T,IBM,F I,2,308.705
2025-12-15,9:52:35.730088327,T,IBM,F I,19,308.79
2025-12-15,9:52:35.730103626,T,IBM,F,40,308.81
2025-12-15,9:52:35.730103626,T,IBM,F I,3,308.82
2025-12-15,9:52:35.730109455,T,IBM,F,40,308.82
2025-12-15,9:52:35.730109455,T,IBM,F I,35,308.82
2025-12-15,9:52:35.730127429,T,IBM,I,5,308.82
2025-12-15,9:52:35.730145538,T,IBM,I,2,308.75
2025-12-15,9:52:37.437195287,T,IBM,F I,25,308.77
2025-12-15,9:52:43.068677396,T,IBM,F I,25,308.62
2025-12-15,9:52:43.069450266,T,IBM,F I,1,308.59
2025-12-15,9:52:43.069549442,T,IBM,F I,2,308.55
2025-12-15,9:52:43.202279441,T,IBM,,40,308.49
2025-12-15,9:52:49.615066437,T,IBM,F I,10,308.66
2025-12-15,9:52:49.615069458,T,IBM,F I,3,308.66
2025-12-15,9:52:49.615073743,T,IBM,F,44,308.67
2025-12-15,9:52:49.615073743,T,IBM,F,40,308.68
2025-12-15,9:52:49.615075562,T,IBM,F I,1,308.68
2025-12-15,9:52:54.053518530,T,IBM,F I,5,308.79
2025-12-15,9:52:54.054516799,T,IBM,F I,38,308.83
2025-12-15,9:52:54.054516799,T,IBM,F I,2,308.89
2025-12-15,9:52:54.054553000,T,IBM,F I,38,308.89
2025-12-15,9:52:54.091971094,T,IBM,F I,19,308.94
2025-12-15,9:52:54.091974056,T,IBM,F I,21,308.95
2025-12-15,9:52:54.814850091,T,IBM,I,5,308.9
2025-12-15,9:52:54.814852969,T,IBM,I,10,308.9
2025-12-15,9:53:01.434403264,T,IBM,,40,308.83
2025-12-15,9:53:04.055196129,T,IBM,F,40,308.96
2025-12-15,9:53:04.055196129,T,IBM,F I,4,308.96
2025-12-15,9:53:04.055202819,T,IBM,F I,8,308.97
2025-12-15,9:53:04.055205918,T,IBM,F,40,308.97
2025-12-15,9:53:04.055205918,T,IBM,F I,7,308.97
2025-12-15,9:53:04.055208173,T,IBM,F I,6,308.97
2025-12-15,9:53:04.055217097,T,IBM,F I,7,308.97
2025-12-15,9:53:04.055223182,T,IBM,F I,20,308.97
2025-12-15,9:53:04.055223182,T,IBM,F I,4,308.97
2025-12-15,9:53:04.056456159,T,IBM,F I,3,309.08
2025-12-15,9:53:04.056973293,T,IBM,I,3,309.07
2025-12-15,9:53:04.058034840,T,IBM,F I,9,309.06
2025-12-15,9:53:04.058062300,T,IBM,F I,11,309.06
2025-12-15,9:53:16.794943038,T,IBM,I,17,308.9
2025-12-15,9:53:17.782541924,T,IBM,F I,3,309.06
2025-12-15,9:53:19.042637700,T,IBM,F I,3,309.07
2025-12-15,9:53:20.705319925,T,IBM,I,19,309.04
2025-12-15,9:53:20.712101027,T,IBM,I,37,308.99
2025-12-15,9:53:20.712103992,T,IBM,I,1,308.99
2025-12-15,9:53:20.712122121,T,IBM,F I,8,308.99
2025-12-15,9:53:20.712122121,T,IBM,I,1,308.99
2025-12-15,9:53:22.251420367,T,IBM,F I,2,309.02
2025-12-15,9:53:22.254036610,T,IBM,F I,10,309.05
2025-12-15,9:53:22.254036610,T,IBM,F I,27,309.07
2025-12-15,9:53:22.254054665,T,IBM,I,1,309.07
2025-12-15,9:53:22.254066654,T,IBM,I,9,309.07
2025-12-15,9:53:29.787447578,T,IBM,F I,3,309.14
2025-12-15,9:53:29.787447578,T,IBM,F I,4,309.14
2025-12-15,9:53:29.787465394,T,IBM,I,3,309.14
2025-12-15,9:53:35.857953498,T,IBM,F I,6,309.09
2025-12-15,9:53:38.749243410,T,IBM,F I,17,309.14
2025-12-15,9:53:52.326992245,T,IBM,F I,4,309.15
2025-12-15,9:53:53.354881180,T,IBM,F,100,309.095
2025-12-15,9:53:59.976184641,T,IBM,F I,5,309.02
2025-12-15,9:53:59.976188046,T,IBM,F I,4,309.02
2025-12-15,9:53:59.976188046,T,IBM,F I,10,309.02
2025-12-15,9:53:59.976190608,T,IBM,,40,309.02
2025-12-15,9:53:59.976205782,T,IBM,F I,1,309.01
2025-12-15,9:53:59.976205782,T,IBM,F I,20,309.0
2025-12-15,9:53:59.976205782,T,IBM,F I,20,309.0
2025-12-15,9:53:59.976241704,T,IBM,F I,4,309.02
2025-12-15,9:53:59.976391986,T,IBM,F I,11,309.04
2025-12-15,9:53:59.976512281,T,IBM,I,33,309.05
2025-12-15,9:54:00.289759011,T,IBM,F I,16,309.0
2025-12-15,9:54:00.289912770,T,IBM,F I,10,308.99
2025-12-15,9:54:00.289912770,T,IBM,F I,6,308.99
2025-12-15,9:54:00.976407603,T,IBM,F I,6,309.02
2025-12-15,9:54:04.613737493,T,IBM,F I,4,309.16
2025-12-15,9:54:04.614245769,T,IBM,F I,4,309.16
2025-12-15,9:54:07.307706683,T,IBM,I,4,309.17
2025-12-15,9:54:07.308187782,T,IBM,F,40,309.19
2025-12-15,9:54:07.308888412,T,IBM,F I,34,309.19
2025-12-15,9:54:07.308891427,T,IBM,F,40,309.19
2025-12-15,9:54:07.308897957,T,IBM,I,2,309.19
2025-12-15,9:54:07.308903479,T,IBM,F I,8,309.19
2025-12-15,9:54:07.308906452,T,IBM,F,40,309.17
2025-12-15,9:54:23.083144071,T,IBM,F I,9,309.31
2025-12-15,9:54:27.995608458,T,IBM,F I,1,309.09
2025-12-15,9:54:29.514554447,T,IBM,F I,5,309.11
2025-12-15,9:54:29.924959404,T,IBM,F I,2,309.14
2025-12-15,9:54:29.925017185,T,IBM,F I,19,309.16
2025-12-15,9:54:29.925022566,T,IBM,F I,13,309.16
2025-12-15,9:54:29.925578901,T,IBM,F I,13,309.21
2025-12-15,9:54:31.017953380,T,IBM,F I,2,309.2
2025-12-15,9:54:31.017956298,T,IBM,F I,11,309.21
2025-12-15,9:54:33.228341529,T,IBM,F I,10,309.12
2025-12-15,9:54:33.228341529,T,IBM,F I,16,309.12
2025-12-15,9:54:34.949139676,T,IBM,F I,21,309.11
2025-12-15,9:54:38.424104063,T,IBM,I,20,308.99
2025-12-15,9:54:38.424107059,T,IBM,I,2,308.99
2025-12-15,9:54:38.424122169,T,IBM,I,1,308.99
2025-12-15,9:54:38.424582199,T,IBM,F I,1,308.91
2025-12-15,9:54:41.589496644,T,IBM,F I,30,309.07
2025-12-15,9:54:41.590669342,T,IBM,,100,308.98
2025-12-15,9:54:43.081275731,T,IBM,F I,19,309.02
2025-12-15,9:54:43.081275731,T,IBM,F I,32,309.06
2025-12-15,9:54:44.137317742,T,IBM,I,3,309.07
2025-12-15,9:54:44.137338734,T,IBM,F I,37,309.07
2025-12-15,9:54:44.137338734,T,IBM,F I,11,309.07
2025-12-15,9:54:44.342141317,T,IBM,F,40,309.25
2025-12-15,9:54:44.480642128,T,IBM,I,20,309.26
2025-12-15,9:54:44.480642128,T,IBM,I,20,309.27
2025-12-15,9:54:44.480660174,T,IBM,F I,20,309.27
2025-12-15,9:54:44.647882172,T,IBM,I,1,309.3
2025-12-15,9:54:44.787450413,T,IBM,I,2,309.2
2025-12-15,9:54:44.787453493,T,IBM,,50,309.2
2025-12-15,9:54:58.251675771,T,IBM,F I,5,309.08
2025-12-15,9:55:12.419374708,T,IBM,F I,2,309.02
2025-12-15,9:55:12.419416835,T,IBM,I,10,309.02
2025-12-15,9:55:12.419419902,T,IBM,,54,309.02
2025-12-15,9:55:12.419648531,T,IBM,F I,14,309.02
2025-12-15,9:55:12.419654713,T,IBM,F I,16,309.02
2025-12-15,9:55:12.420024377,T,IBM,F I,10,309.01
2025-12-15,9:55:12.420024377,T,IBM,F I,1,309.01
2025-12-15,9:55:12.420027258,T,IBM,F I,1,309.01
2025-12-15,9:55:12.420063318,T,IBM,F I,2,309.01
2025-12-15,9:55:17.447142687,T,IBM,F I,32,309.09
2025-12-15,9:55:28.417383966,T,IBM,,40,309.11
2025-12-15,9:55:28.423689974,T,IBM,F I,1,309.11
2025-12-15,9:55:28.711652464,T,IBM,F I,1,309.06
2025-12-15,9:55:28.711658482,T,IBM,F I,10,309.06
2025-12-15,9:55:28.711661550,T,IBM,F,50,309.06
2025-12-15,9:55:28.711806343,T,IBM,I,15,309.11
2025-12-15,9:55:36.186294358,T,IBM,F I,25,308.96
2025-12-15,9:55:36.186342477,T,IBM,F I,25,308.96
2025-12-15,9:55:36.186495849,T,IBM,F I,25,308.95
2025-12-15,9:55:36.186531860,T,IBM,F I,15,308.95
2025-12-15,9:55:36.187599396,T,IBM,I,13,308.83
2025-12-15,9:55:36.187650564,T,IBM,F I,3,308.81
2025-12-15,9:55:36.187653639,T,IBM,F I,10,308.81
2025-12-15,9:55:36.628767948,T,IBM,I,1,308.73
2025-12-15,9:55:36.628767948,T,IBM,I,10,308.73
2025-12-15,9:55:36.628770664,T,IBM,I,3,308.73
2025-12-15,9:55:36.726259765,T,IBM,I,5,308.75
2025-12-15,9:55:36.726259765,T,IBM,I,2,308.78
2025-12-15,9:55:42.638451077,T,IBM,F I,19,308.79
2025-12-15,9:55:46.311109502,T,IBM,I,1,308.72
2025-12-15,9:55:46.311109502,T,IBM,I,11,308.72
2025-12-15,9:55:46.311112106,T,IBM,I,10,308.72
2025-12-15,9:55:46.311115048,T,IBM,I,2,308.7
2025-12-15,9:55:46.311854804,T,IBM,I,8,308.73
2025-12-15,9:55:46.311854804,T,IBM,I,9,308.73
2025-12-15,9:55:50.803605718,T,IBM,,100,308.74
2025-12-15,9:56:01.097921791,T,IBM,I,15,308.74
2025-12-15,9:56:11.624474965,T,IBM,F I,2,308.75
2025-12-15,9:56:11.624478021,T,IBM,F I,2,308.75
2025-12-15,9:56:20.099228561,T,IBM,,70,308.74
2025-12-15,9:56:21.273686356,T,IBM,F I,1,308.69
2025-12-15,9:56:21.343909683,T,IBM,F I,5,308.69
2025-12-15,9:56:21.344084111,T,IBM,I,4,308.69
2025-12-15,9:56:21.491870847,T,IBM,I,1,308.61
2025-12-15,9:56:21.491874553,T,IBM,I,1,308.61
2025-12-15,9:56:21.582783320,T,IBM,F I,20,308.53
2025-12-15,9:56:21.582786393,T,IBM,F I,2,308.52
2025-12-15,9:56:23.638948937,T,IBM,F I,2,308.54
2025-12-15,9:56:25.758764871,T,IBM,I,2,308.58
2025-12-15,9:56:33.114175722,T,IBM,F I,10,308.86
2025-12-15,9:56:33.114178476,T,IBM,F,40,308.87
2025-12-15,9:56:33.114178476,T,IBM,F I,7,308.87
2025-12-15,9:56:33.114193748,T,IBM,I,6,308.87
2025-12-15,9:56:33.114196445,T,IBM,I,1,308.87
2025-12-15,9:56:33.114211397,T,IBM,I,3,308.87
2025-12-15,9:56:33.114316942,T,IBM,F,40,308.88
2025-12-15,9:56:33.114316942,T,IBM,F I,33,308.88
2025-12-15,9:56:33.114340895,T,IBM,F I,7,308.88
2025-12-15,9:56:33.114340895,T,IBM,F,40,308.88
2025-12-15,9:56:33.848887264,T,IBM,I,19,308.94
2025-12-15,9:56:33.848974452,T,IBM,F I,3,309.01
2025-12-15,9:56:44.157310060,T,IBM,F I,5,309.01
2025-12-15,9:56:44.157761736,T,IBM,I,1,309.05
2025-12-15,9:56:44.157764147,T,IBM,I,1,309.05
2025-12-15,9:56:44.157851248,T,IBM,F I,10,309.05
2025-12-15,9:56:44.157857340,T,IBM,,90,309.05
2025-12-15,9:56:44.157887548,T,IBM,F I,2,309.07
2025-12-15,9:56:44.158275263,T,IBM,F I,6,309.02
2025-12-15,9:56:44.158437748,T,IBM,F I,4,309.0
2025-12-15,9:56:44.158756546,T,IBM,F I,8,308.94
2025-12-15,9:56:44.159108691,T,IBM,F,100,308.95
2025-12-15,9:56:44.159111341,T,IBM,F,50,308.95
2025-12-15,9:56:44.159114976,T,IBM,F I,2,308.99
2025-12-15,9:56:44.159114976,T,IBM,F,100,309.02
2025-12-15,9:56:44.159117420,T,IBM,F,44,309.03
2025-12-15,9:56:44.159120601,T,IBM,F,40,309.03
2025-12-15,9:56:44.159120601,T,IBM,F I,5,309.04
2025-12-15,9:56:44.159120601,T,IBM,F,720,309.04
2025-12-15,9:56:44.159153345,T,IBM,F I,15,308.955
2025-12-15,9:56:44.159321811,T,IBM,F I,3,308.91
2025-12-15,9:56:44.159739920,T,IBM,I,30,308.91
2025-12-15,9:56:44.159742757,T,IBM,I,3,308.91
2025-12-15,9:56:44.159742757,T,IBM,I,8,308.91
2025-12-15,9:56:45.158528974,T,IBM,F I,3,309.19
2025-12-15,9:56:45.169276011,T,IBM,,100,309.125
2025-12-15,9:56:46.447026954,T,IBM,I,5,309.08
2025-12-15,9:56:46.453435114,T,IBM,F I,8,309.06
2025-12-15,9:56:46.453438179,T,IBM,F I,5,309.06
2025-12-15,9:56:46.453459246,T,IBM,F I,3,309.06
2025-12-15,9:56:46.453462337,T,IBM,F,92,309.06
2025-12-15,9:56:46.454328771,T,IBM,I,14,308.94
2025-12-15,9:57:01.408020491,T,IBM,I,16,308.985
2025-12-15,9:57:01.648166091,T,IBM,I,3,308.99
2025-12-15,9:57:33.864735431,T,IBM,F I,3,308.93
2025-12-15,9:57:53.145975382,T,IBM,I,2,308.99
2025-12-15,9:57:53.145978497,T,IBM,,40,308.99
2025-12-15,9:57:53.146381355,T,IBM,I,14,308.95
2025-12-15,9:57:53.955800536,T,IBM,F I,33,309.02
2025-12-15,9:57:53.955800536,T,IBM,F I,4,309.02
2025-12-15,9:57:53.955803223,T,IBM,F I,37,309.02
2025-12-15,9:57:53.955806365,T,IBM,F I,13,309.02
2025-12-15,9:57:58.986861072,T,IBM,F I,1,308.99
2025-12-15,9:58:10.516912171,T,IBM,F I,5,309.02
2025-12-15,9:58:11.098487723,T,IBM,F I,4,309.07
2025-12-15,9:58:16.169002347,T,IBM,F I,5,309.02
2025-12-15,9:58:21.453181690,T,IBM,F I,2,309.11
2025-12-15,9:58:21.453181690,T,IBM,F I,2,309.13
2025-12-15,9:58:23.952301944,T,IBM,F I,4,309.02
2025-12-15,9:58:34.538808735,T,IBM,F I,2,309.08
2025-12-15,9:58:34.538811696,T,IBM,F I,2,309.12
2025-12-15,9:58:47.114039824,T,IBM,F I,4,309.07
2025-12-15,9:58:52.596869147,T,IBM,I,2,309.07
2025-12-15,9:58:53.412988016,T,IBM,I,2,309.075
2025-12-15,9:59:03.535469170,T,IBM,F,63,309.02
2025-12-15,9:59:03.535472131,T,IBM,F I,3,309.02
2025-12-15,9:59:03.535775936,T,IBM,F I,2,309.01
2025-12-15,9:59:03.535778881,T,IBM,F I,8,309.0
2025-12-15,9:59:03.535782442,T,IBM,F I,10,309.0
2025-12-15,9:59:03.535782442,T,IBM,F,40,309.0
2025-12-15,9:59:03.535785062,T,IBM,F I,1,309.0
2025-12-15,9:59:03.535787947,T,IBM,F I,2,309.0
2025-12-15,9:59:03.535800267,T,IBM,I,1,309.0
2025-12-15,9:59:03.535802947,T,IBM,I,1,309.0
2025-12-15,9:59:03.535896192,T,IBM,F,44,309.0
2025-12-15,9:59:03.536717157,T,IBM,F I,2,309.06
2025-12-15,9:59:03.536723109,T,IBM,F I,20,309.09
2025-12-15,9:59:03.536735713,T,IBM,F I,4,309.1
2025-12-15,9:59:06.945936067,T,IBM,F I,25,309.095
2025-12-15,9:59:07.155691354,T,IBM,F I,26,309.02
2025-12-15,9:59:07.155712604,T,IBM,I,1,309.02
2025-12-15,9:59:07.155712604,T,IBM,F I,2,309.02
2025-12-15,9:59:07.155715327,T,IBM,I,26,309.02
2025-12-15,9:59:10.102300988,T,IBM,F I,9,308.975
2025-12-15,9:59:10.102304532,T,IBM,F,741,308.975
2025-12-15,9:59:10.102309995,T,IBM,F I,14,309.07
2025-12-15,9:59:10.102415327,T,IBM,F,162,308.87
2025-12-15,9:59:10.102418266,T,IBM,F,40,308.87
2025-12-15,9:59:10.102421333,T,IBM,F I,20,308.81
2025-12-15,9:59:10.102433700,T,IBM,I,1,309.01
2025-12-15,9:59:10.102436883,T,IBM,I,2,309.01
2025-12-15,9:59:10.102440084,T,IBM,I,2,308.96
2025-12-15,9:59:10.102445715,T,IBM,I,5,308.96
2025-12-15,9:59:10.102445715,T,IBM,I,13,308.95
2025-12-15,9:59:10.102445715,T,IBM,I,37,308.95
2025-12-15,9:59:10.102449393,T,IBM,,63,308.94
2025-12-15,9:59:10.102449393,T,IBM,I,9,308.94
2025-12-15,9:59:10.102460626,T,IBM,F I,12,308.92
2025-12-15,9:59:10.102562712,T,IBM,F I,2,308.92
2025-12-15,9:59:10.102562712,T,IBM,F I,1,308.92
2025-12-15,9:59:10.102583576,T,IBM,I,4,308.95
2025-12-15,9:59:10.102592675,T,IBM,F I,2,308.92
2025-12-15,9:59:10.102640767,T,IBM,I,2,308.91
2025-12-15,9:59:10.105972742,T,IBM,F I,37,308.93
2025-12-15,9:59:10.105975662,T,IBM,F,148,308.84
2025-12-15,9:59:10.106002716,T,IBM,,63,308.93
2025-12-15,9:59:10.106041866,T,IBM,F,87,308.84
2025-12-15,9:59:10.106056922,T,IBM,F,87,308.84
2025-12-15,9:59:10.106255382,T,IBM,F,434,308.84
2025-12-15,9:59:10.106330536,T,IBM,F I,1,308.77
2025-12-15,9:59:10.106348599,T,IBM,F I,19,308.77
2025-12-15,9:59:10.106399670,T,IBM,,40,308.87
2025-12-15,9:59:10.106685516,T,IBM,I,9,308.77
2025-12-15,9:59:10.106685516,T,IBM,I,10,308.77
2025-12-15,9:59:11.316167711,T,IBM,F I,5,308.87
2025-12-15,9:59:11.316167711,T,IBM,F I,9,308.89
2025-12-15,9:59:12.198786806,T,IBM,F I,5,308.93
2025-12-15,9:59:12.198786806,T,IBM,F I,2,308.93
2025-12-15,9:59:12.198789874,T,IBM,F I,7,308.94
2025-12-15,9:59:12.199060425,T,IBM,F I,14,308.96
2025-12-15,9:59:12.435504353,T,IBM,I,5,308.9
2025-12-15,9:59:12.435507269,T,IBM,I,35,308.92
2025-12-15,9:59:12.629532270,T,IBM,F I,14,308.895
2025-12-15,9:59:12.749223280,T,IBM,F I,14,308.895
2025-12-15,9:59:12.749644123,T,IBM,F I,14,308.895
2025-12-15,9:59:13.743522191,T,IBM,F I,13,308.95
2025-12-15,9:59:13.743522191,T,IBM,F I,1,308.95
2025-12-15,9:59:13.743705632,T,IBM,I,14,308.97
2025-12-15,9:59:13.743898017,T,IBM,,80,308.99
2025-12-15,9:59:13.744030296,T,IBM,F I,20,308.99
2025-12-15,9:59:13.744033296,T,IBM,F,60,309.0
2025-12-15,9:59:13.744156738,T,IBM,F I,4,309.0
2025-12-15,9:59:13.744156738,T,IBM,F I,16,309.0
2025-12-15,9:59:13.744282936,T,IBM,F I,4,308.97
2025-12-15,9:59:13.744367191,T,IBM,F I,22,308.97
2025-12-15,9:59:13.744370220,T,IBM,F I,14,308.97
2025-12-15,9:59:13.744373154,T,IBM,F,40,308.97
2025-12-15,9:59:13.744382249,T,IBM,,80,308.99
2025-12-15,9:59:13.744659154,T,IBM,F I,15,308.97
2025-12-15,9:59:13.744661852,T,IBM,,220,308.97
2025-12-15,9:59:13.744848381,T,IBM,I,14,308.97
2025-12-15,9:59:13.744878339,T,IBM,,84,308.97
2025-12-15,9:59:13.744909043,T,IBM,F,59,308.97
2025-12-15,9:59:13.744959516,T,IBM,I,15,308.97
2025-12-15,9:59:13.744983648,T,IBM,,65,309.0
2025-12-15,9:59:13.756272532,T,IBM,I,3,309.0
2025-12-15,9:59:13.756272532,T,IBM,I,1,309.0
2025-12-15,9:59:15.829735561,T,IBM,F I,2,309.08
2025-12-15,9:59:15.829738494,T,IBM,F,40,309.085
2025-12-15,9:59:16.354298296,T,IBM,I,3,309.02
2025-12-15,9:59:16.354298296,T,IBM,I,15,309.02
2025-12-15,9:59:16.354316748,T,IBM,F,53,309.02
2025-12-15,9:59:38.572757617,T,IBM,F I,5,308.81
2025-12-15,9:59:38.572760729,T,IBM,F I,1,308.79
2025-12-15,9:59:38.572997137,T,IBM,F I,5,308.79
2025-12-15,9:59:38.573532482,T,IBM,I,9,308.8
2025-12-15,9:59:38.573535404,T,IBM,I,31,308.81
2025-12-15,9:59:38.573550507,T,IBM,I,10,308.81
2025-12-15,9:59:38.573719208,T,IBM,F I,2,308.73
2025-12-15,9:59:38.578723524,T,IBM,F I,3,308.82
2025-12-15,9:59:38.578723524,T,IBM,F I,8,308.82
2025-12-15,9:59:40.025878891,T,IBM,F I,35,308.89
2025-12-15,9:59:40.026152507,T,IBM,F I,2,308.91
2025-12-15,9:59:40.026152507,T,IBM,F I,12,308.91
2025-12-15,9:59:40.026155509,T,IBM,F I,6,308.91
2025-12-15,9:59:40.026170610,T,IBM,I,1,308.91
2025-12-15,9:59:40.026176601,T,IBM,F I,14,308.91
2025-12-15,9:59:40.512088351,T,IBM,I,3,308.885
2025-12-15,9:59:47.570178578,T,IBM,F I,1,308.83
2025-12-15,9:59:47.570530486,T,IBM,I,1,308.83
2025-12-15,9:59:57.982507945,T,IBM,I,20,308.74
2025-12-15,10:00:00.082668549,T,IBM,I,1,308.815
2025-12-15,10:00:00.082746711,T,IBM,,40,308.815
2025-12-15,10:00:01.103574848,T,IBM,F I,18,308.815
2025-12-15,10:00:05.150825592,T,IBM,,70,308.81
2025-12-15,10:00:06.495495240,T,IBM,F I,2,308.73
2025-12-15,10:00:06.495497814,T,IBM,F,91,308.73
2025-12-15,10:00:06.495500880,T,IBM,F I,4,308.73
2025-12-15,10:00:06.495536927,T,IBM,F I,2,308.72
2025-12-15,10:00:06.495654220,T,IBM,,50,308.75
2025-12-15,10:00:06.495657306,T,IBM,I,20,308.79
2025-12-15,10:00:06.495666214,T,IBM,F I,2,308.71
2025-12-15,10:00:06.495759418,T,IBM,,40,308.79
2025-12-15,10:00:06.495783528,T,IBM,,40,308.79
2025-12-15,10:00:07.568476036,T,IBM,F I,23,308.73
2025-12-15,10:00:15.728293128,T,IBM,F,100,308.73
2025-12-15,10:00:15.728293128,T,IBM,F,97,308.77
2025-12-15,10:00:17.018358904,T,IBM,,100,308.77
2025-12-15,10:00:17.018361039,T,IBM,,57,308.79
2025-12-15,10:00:17.018427210,T,IBM,F I,10,308.79
2025-12-15,10:00:17.018466282,T,IBM,F I,33,308.79
2025-12-15,10:00:17.018466282,T,IBM,F,40,308.8
2025-12-15,10:00:17.018469305,T,IBM,F I,7,308.8
2025-12-15,10:00:17.018487347,T,IBM,I,1,308.8
2025-12-15,10:00:17.018511420,T,IBM,I,10,308.8
2025-12-15,10:00:17.018514468,T,IBM,I,19,308.8
2025-12-15,10:00:17.018514468,T,IBM,I,21,308.8
2025-12-15,10:00:17.018517471,T,IBM,,59,308.8
2025-12-15,10:00:17.018968456,T,IBM,,40,308.8
2025-12-15,10:00:17.019064797,T,IBM,I,1,308.8
2025-12-15,10:00:17.019140386,T,IBM,F,69,308.8
2025-12-15,10:00:17.020051091,T,IBM,F I,5,308.9
2025-12-15,10:00:18.804839567,T,IBM,F,100,308.89
2025-12-15,10:00:18.804839567,T,IBM,F,400,308.9
2025-12-15,10:00:18.804842062,T,IBM,F,400,308.9
2025-12-15,10:00:18.804845027,T,IBM,F,40,308.91
2025-12-15,10:00:18.806553132,T,IBM,F,100,308.91
2025-12-15,10:00:18.820091329,T,IBM,F,342,308.91
2025-12-15,10:00:18.820121329,T,IBM,I,1,308.91
2025-12-15,10:00:18.820133461,T,IBM,,57,308.91
2025-12-15,10:00:18.820133461,T,IBM,,183,308.91
2025-12-15,10:00:18.820151457,T,IBM,F,217,308.91
2025-12-15,10:00:55.853374571,T,IBM,,40,308.93
2025-12-15,10:00:55.853374571,T,IBM,I,2,308.93
2025-12-15,10:00:55.853377334,T,IBM,I,5,308.93
2025-12-15,10:00:55.853377334,T,IBM,I,33,308.94
2025-12-15,10:00:55.853392411,T,IBM,I,1,308.94
2025-12-15,10:00:56.066128008,T,IBM,F,100,308.87
2025-12-15,10:00:56.066128008,T,IBM,F I,2,308.93
2025-12-15,10:00:56.066134224,T,IBM,F I,5,308.93
2025-12-15,10:00:56.066134224,T,IBM,F,100,308.93
2025-12-15,10:00:56.066137437,T,IBM,F,166,308.94
2025-12-15,10:00:56.066137437,T,IBM,F,40,308.94
2025-12-15,10:00:56.066140268,T,IBM,F,400,308.94
2025-12-15,10:00:56.066140268,T,IBM,F,100,308.94
2025-12-15,10:00:56.066144189,T,IBM,F,100,308.94
2025-12-15,10:00:56.066144189,T,IBM,F,400,308.94
2025-12-15,10:00:56.066149694,T,IBM,F,40,308.94
2025-12-15,10:00:56.066149694,T,IBM,F,100,308.94
2025-12-15,10:00:56.066155139,T,IBM,F I,4,308.95
2025-12-15,10:00:56.066158691,T,IBM,F I,6,308.95
2025-12-15,10:00:56.068320102,T,IBM,F,40,308.89
2025-12-15,10:00:56.068398203,T,IBM,,80,308.89
2025-12-15,10:00:56.068425402,T,IBM,I,1,308.89
2025-12-15,10:00:56.194461299,T,IBM,I,19,308.89
2025-12-15,10:00:56.194461299,T,IBM,I,15,308.89
2025-12-15,10:00:56.382252353,T,IBM,F I,16,308.89
2025-12-15,10:00:56.382252353,T,IBM,F I,9,308.89
2025-12-15,10:00:56.384351357,T,IBM,,40,308.84
2025-12-15,10:00:56.384378465,T,IBM,I,4,308.84
2025-12-15,10:00:56.384378465,T,IBM,I,6,308.84
2025-12-15,10:01:00.357229109,T,IBM,F I,7,308.9
2025-12-15,10:01:00.357238163,T,IBM,F I,10,308.9
2025-12-15,10:01:00.357268233,T,IBM,F I,2,308.91
2025-12-15,10:01:00.357301305,T,IBM,F,40,308.92
2025-12-15,10:01:01.063102595,T,IBM,F,40,308.8
2025-12-15,10:01:01.063195902,T,IBM,,40,308.78
2025-12-15,10:01:01.063388348,T,IBM,,400,308.78
2025-12-15,10:01:01.064383649,T,IBM,F I,3,308.69
2025-12-15,10:01:01.295276292,T,IBM,F,40,308.75
2025-12-15,10:01:03.146829127,T,IBM,F I,1,308.67
2025-12-15,10:01:03.146832205,T,IBM,F I,5,308.67
2025-12-15,10:01:03.146952496,T,IBM,F I,4,308.67
2025-12-15,10:01:03.146997594,T,IBM,F I,8,308.67
2025-12-15,10:01:03.147099735,T,IBM,F I,4,308.66
2025-12-15,10:01:03.147147928,T,IBM,F I,1,308.64
2025-12-15,10:01:03.147878699,T,IBM,I,1,308.615
2025-12-15,10:01:03.147878699,T,IBM,I,10,308.61
2025-12-15,10:01:03.147902777,T,IBM,F I,1,308.61
2025-12-15,10:01:03.148395904,T,IBM,F,200,308.61
2025-12-15,10:01:03.148395904,T,IBM,F I,3,308.61
2025-12-15,10:01:03.148419919,T,IBM,F I,25,308.61
2025-12-15,10:01:05.466578237,T,IBM,F I,14,308.61
2025-12-15,10:01:05.466581191,T,IBM,F I,14,308.61
2025-12-15,10:01:05.466593248,T,IBM,F,50,308.61
2025-12-15,10:01:05.466596252,T,IBM,I,1,308.61
2025-12-15,10:01:19.509306055,T,IBM,F I,24,308.64
2025-12-15,10:01:19.509308920,T,IBM,F I,10,308.64
2025-12-15,10:01:20.293182003,T,IBM,F I,1,308.58
2025-12-15,10:01:20.293843642,T,IBM,F I,1,308.52
2025-12-15,10:01:20.293906926,T,IBM,F I,11,308.52
2025-12-15,10:01:20.293951851,T,IBM,F I,10,308.52
2025-12-15,10:01:20.293957812,T,IBM,F I,5,308.52
2025-12-15,10:01:20.294237571,T,IBM,F I,2,308.52
2025-12-15,10:01:28.438724530,T,IBM,F,40,308.61
2025-12-15,10:01:28.438727327,T,IBM,F I,6,308.62
2025-12-15,10:01:28.438727327,T,IBM,F I,39,308.62
2025-12-15,10:01:28.438730421,T,IBM,F I,16,308.62
2025-12-15,10:01:28.438732991,T,IBM,F I,6,308.62
2025-12-15,10:01:28.438751094,T,IBM,I,18,308.62
2025-12-15,10:01:28.438754114,T,IBM,I,16,308.62
2025-12-15,10:01:33.535440167,T,IBM,F I,10,308.53
2025-12-15,10:01:33.535485132,T,IBM,F I,12,308.52
2025-12-15,10:01:44.323871749,T,IBM,F I,2,308.56
2025-12-15,10:01:44.323871749,T,IBM,F I,35,308.56
2025-12-15,10:01:44.323934751,T,IBM,,80,308.56
2025-12-15,10:01:44.323977196,T,IBM,I,12,308.56
2025-12-15,10:01:44.323977196,T,IBM,I,9,308.56
2025-12-15,10:01:44.323982877,T,IBM,,80,308.56
2025-12-15,10:01:44.324094193,T,IBM,,80,308.57
2025-12-15,10:01:44.324497235,T,IBM,I,15,308.57
2025-12-15,10:01:44.324536209,T,IBM,,65,308.57
2025-12-15,10:01:44.324891068,T,IBM,,96,308.57
2025-12-15,10:01:44.324915198,T,IBM,I,4,308.57
2025-12-15,10:01:44.325035419,T,IBM,I,4,308.57
2025-12-15,10:01:44.325089592,T,IBM,I,39,308.57
2025-12-15,10:01:44.325113571,T,IBM,I,1,308.57
2025-12-15,10:01:44.325122647,T,IBM,F,60,308.57
2025-12-15,10:01:44.327164536,T,IBM,F I,3,308.62
2025-12-15,10:01:44.400764772,T,IBM,F,80,308.57
2025-12-15,10:01:44.524524328,T,IBM,F I,30,308.56
2025-12-15,10:01:44.896428650,T,IBM,F I,1,308.49
2025-12-15,10:01:44.896482815,T,IBM,I,17,308.49
2025-12-15,10:01:46.340255789,T,IBM,I,25,308.545
2025-12-15,10:01:46.340297897,T,IBM,F I,25,308.545
2025-12-15,10:01:46.340625609,T,IBM,I,25,308.545
2025-12-15,10:01:49.435004354,T,IBM,I,10,308.47
2025-12-15,10:01:49.435130422,T,IBM,I,1,308.43
2025-12-15,10:01:49.435130422,T,IBM,I,10,308.43
2025-12-15,10:01:49.435133589,T,IBM,I,10,308.43
2025-12-15,10:01:49.435133589,T,IBM,I,10,308.43
2025-12-15,10:01:49.435151434,T,IBM,F,44,308.42
2025-12-15,10:01:49.435172380,T,IBM,I,1,308.42
2025-12-15,10:01:49.435215029,T,IBM,F I,2,308.42
2025-12-15,10:01:49.435217478,T,IBM,F I,18,308.42
2025-12-15,10:01:49.435235636,T,IBM,F I,9,308.42
2025-12-15,10:01:49.491743880,T,IBM,F I,20,308.42
2025-12-15,10:01:49.491743880,T,IBM,F I,20,308.41
2025-12-15,10:01:49.491746097,T,IBM,F I,38,308.41
2025-12-15,10:01:49.491842433,T,IBM,I,9,308.41
2025-12-15,10:01:49.491920782,T,IBM,F I,5,308.41
2025-12-15,10:01:49.491920782,T,IBM,F I,2,308.41
2025-12-15,10:01:49.491923505,T,IBM,F I,4,308.41
2025-12-15,10:01:49.491944641,T,IBM,F I,28,308.4
2025-12-15,10:01:49.491947542,T,IBM,F I,16,308.4
2025-12-15,10:01:49.492019849,T,IBM,F,40,308.4
2025-12-15,10:01:49.492344651,T,IBM,I,5,308.44
2025-12-15,10:01:49.492365586,T,IBM,,65,308.44
2025-12-15,10:01:49.492440728,T,IBM,F I,2,308.48
2025-12-15,10:01:49.492774655,T,IBM,I,16,308.44
2025-12-15,10:01:49.492777615,T,IBM,I,33,308.44
2025-12-15,10:01:53.378098823,T,IBM,,40,308.53
2025-12-15,10:01:57.492496486,T,IBM,F,40,308.63
2025-12-15,10:01:57.492499642,T,IBM,F,40,308.66
2025-12-15,10:01:57.492499642,T,IBM,F I,4,308.66
2025-12-15,10:01:57.492502490,T,IBM,F I,4,308.66
2025-12-15,10:01:57.492511531,T,IBM,I,1,308.66
2025-12-15,10:01:57.492541628,T,IBM,F I,5,308.66
2025-12-15,10:01:57.492671265,T,IBM,F I,6,308.66
2025-12-15,10:01:57.492671265,T,IBM,F I,1,308.66
2025-12-15,10:01:57.492674475,T,IBM,F I,39,308.66
2025-12-15,10:02:00.411178664,T,IBM,F I,3,308.67
2025-12-15,10:02:02.625999183,T,IBM,F I,18,308.59
2025-12-15,10:02:02.625999183,T,IBM,F I,1,308.59
2025-12-15,10:02:02.626005129,T,IBM,F I,3,308.59
2025-12-15,10:02:02.626008175,T,IBM,F I,19,308.59
2025-12-15,10:02:02.626606596,T,IBM,,56,308.59
2025-12-15,10:02:15.503660221,T,IBM,I,10,308.5
2025-12-15,10:02:21.468633298,T,IBM,F I,5,308.61
2025-12-15,10:02:21.468636302,T,IBM,F I,2,308.63
2025-12-15,10:02:21.468636302,T,IBM,F I,22,308.64
2025-12-15,10:02:27.241731466,T,IBM,F I,29,308.67
2025-12-15,10:02:27.241752775,T,IBM,F I,11,308.67
2025-12-15,10:02:27.241752775,T,IBM,F I,6,308.67
2025-12-15,10:02:27.242053670,T,IBM,F I,1,308.69
2025-12-15,10:02:27.245616799,T,IBM,F I,10,308.67
2025-12-15,10:02:27.245619814,T,IBM,F I,4,308.67
2025-12-15,10:02:27.245661880,T,IBM,I,3,308.67
2025-12-15,10:02:42.951161927,T,IBM,F I,2,308.7
2025-12-15,10:02:42.951161927,T,IBM,F I,17,308.7
2025-12-15,10:02:42.951640310,T,IBM,I,3,308.73
2025-12-15,10:02:42.952040021,T,IBM,I,7,308.74
2025-12-15,10:02:42.964077640,T,IBM,I,5,308.69
2025-12-15,10:03:00.935300604,T,IBM,F I,23,308.64
2025-12-15,10:03:00.935303616,T,IBM,F I,3,308.64
2025-12-15,10:03:00.935303616,T,IBM,F I,1,308.64
2025-12-15,10:03:00.935306761,T,IBM,F I,4,308.64
2025-12-15,10:03:00.935306761,T,IBM,F I,27,308.64
2025-12-15,10:03:00.935321514,T,IBM,I,19,308.64
2025-12-15,10:03:00.935321514,T,IBM,I,1,308.64
2025-12-15,10:03:00.935378603,T,IBM,I,5,308.64
2025-12-15,10:03:00.935580149,T,IBM,F I,25,308.63
2025-12-15,10:03:00.935634223,T,IBM,F I,15,308.63
2025-12-15,10:03:00.942117716,T,IBM,I,16,308.62
2025-12-15,10:03:11.963811640,T,IBM,F I,1,308.67
2025-12-15,10:03:12.285382294,T,IBM,F I,3,308.72
2025-12-15,10:03:12.285385101,T,IBM,F I,3,308.72
2025-12-15,10:03:17.369783916,T,IBM,,150,308.77
2025-12-15,10:03:19.846206334,T,IBM,,100,308.77
2025-12-15,10:03:19.880893892,T,IBM,F,40,308.86
2025-12-15,10:03:19.880896849,T,IBM,F I,4,308.86
2025-12-15,10:03:19.880899892,T,IBM,F I,7,308.86
2025-12-15,10:03:19.880899892,T,IBM,F I,6,308.86
2025-12-15,10:03:19.880912290,T,IBM,F I,20,308.86
2025-12-15,10:03:19.880914827,T,IBM,I,1,308.86
2025-12-15,10:03:19.880941923,T,IBM,F I,10,308.86
2025-12-15,10:03:19.880951064,T,IBM,I,3,308.86
2025-12-15,10:03:20.842471931,T,IBM,F I,25,308.88
2025-12-15,10:03:20.842511193,T,IBM,F I,25,308.88
2025-12-15,10:03:20.842547104,T,IBM,F I,20,308.88
2025-12-15,10:03:20.915377485,T,IBM,I,3,308.83
2025-12-15,10:03:20.915380479,T,IBM,I,37,308.83
2025-12-15,10:03:20.915428570,T,IBM,F I,3,308.83
2025-12-15,10:03:20.915584960,T,IBM,F I,3,308.83
2025-12-15,10:03:20.915699295,T,IBM,I,3,308.83
2025-12-15,10:03:20.915738584,T,IBM,F I,3,308.83
2025-12-15,10:03:20.916309722,T,IBM,I,31,308.83
2025-12-15,10:03:33.466037249,T,IBM,F I,21,308.77
2025-12-15,10:03:38.059806885,T,IBM,F I,10,308.72
2025-12-15,10:03:38.059806885,T,IBM,F I,1,308.71
2025-12-15,10:03:38.059811925,T,IBM,F I,10,308.71
2025-12-15,10:03:38.059814913,T,IBM,F,40,308.71
2025-12-15,10:03:38.059830010,T,IBM,F I,10,308.71
2025-12-15,10:03:38.060909588,T,IBM,F,56,308.7
2025-12-15,10:03:38.061234430,T,IBM,,40,308.7
2025-12-15,10:03:38.061321523,T,IBM,,40,308.7
2025-12-15,10:03:38.187469119,T,IBM,,40,308.69
2025-12-15,10:03:38.187469119,T,IBM,I,10,308.69
2025-12-15,10:03:38.187505583,T,IBM,I,1,308.69
2025-12-15,10:03:38.187507979,T,IBM,I,5,308.69
2025-12-15,10:03:38.187652235,T,IBM,I,19,308.69
2025-12-15,10:03:38.641522959,T,IBM,I,26,308.75
2025-12-15,10:03:38.641525827,T,IBM,I,15,308.75
2025-12-15,10:03:38.641525827,T,IBM,I,29,308.75
2025-12-15,10:03:38.641540782,T,IBM,I,1,308.75
2025-12-15,10:03:38.641552827,T,IBM,F I,10,308.75
2025-12-15,10:03:44.817748542,T,IBM,I,2,308.68
2025-12-15,10:03:44.817751593,T,IBM,I,2,308.68
2025-12-15,10:03:44.818040320,T,IBM,I,4,308.67
2025-12-15,10:03:44.818064341,T,IBM,I,4,308.66
2025-12-15,10:03:44.833668503,T,IBM,F I,6,308.66
2025-12-15,10:03:52.378509570,T,IBM,F I,14,308.78
2025-12-15,10:03:52.378512611,T,IBM,F I,12,308.78
2025-12-15,10:03:52.441148709,T,IBM,F I,2,308.83
2025-12-15,10:04:18.703075098,T,IBM,F I,25,308.66
2025-12-15,10:04:18.703123248,T,IBM,F I,15,308.66
2025-12-15,10:04:20.390292548,T,IBM,F I,25,308.76
2025-12-15,10:04:20.390334763,T,IBM,F I,15,308.76
2025-12-15,10:04:23.846399171,T,IBM,F,40,308.8
2025-12-15,10:04:23.846402156,T,IBM,F I,4,308.8
2025-12-15,10:04:23.846510410,T,IBM,F I,8,308.82
2025-12-15,10:04:23.846534467,T,IBM,F I,2,308.83
2025-12-15,10:04:25.769868038,T,IBM,F I,5,308.87
2025-12-15,10:04:25.769988312,T,IBM,,40,308.88
2025-12-15,10:04:25.770319283,T,IBM,,40,308.88
2025-12-15,10:04:25.770406455,T,IBM,,40,308.9
2025-12-15,10:04:32.754782123,T,IBM,I,5,308.81
2025-12-15,10:04:32.754785210,T,IBM,I,5,308.82
2025-12-15,10:04:44.885419926,T,IBM,I,1,308.83
2025-12-15,10:04:47.411126497,T,IBM,F I,1,308.82
2025-12-15,10:04:50.511804963,T,IBM,F I,10,308.94
2025-12-15,10:04:50.512027472,T,IBM,F,40,308.95
2025-12-15,10:04:50.512030493,T,IBM,F I,2,308.95
2025-12-15,10:04:50.512030493,T,IBM,F I,14,308.95
2025-12-15,10:04:50.512168891,T,IBM,I,18,308.9
2025-12-15,10:04:54.527489604,T,IBM,I,17,308.9
2025-12-15,10:04:54.527510675,T,IBM,F I,25,308.9
2025-12-15,10:04:54.527555706,T,IBM,F I,25,308.9
2025-12-15,10:04:55.731531845,T,IBM,F I,5,308.83
2025-12-15,10:04:55.731577007,T,IBM,F,82,308.83
2025-12-15,10:04:55.731580239,T,IBM,F I,18,308.83
2025-12-15,10:04:55.731592154,T,IBM,F,100,308.83
2025-12-15,10:04:55.731598726,T,IBM,I,1,308.83
2025-12-15,10:04:55.731601460,T,IBM,,40,308.83
2025-12-15,10:04:55.731601460,T,IBM,F I,10,308.83
2025-12-15,10:04:55.731604109,T,IBM,F,82,308.83
2025-12-15,10:04:55.731607070,T,IBM,F,50,308.83
2025-12-15,10:04:55.731616191,T,IBM,F I,18,308.83
2025-12-15,10:04:55.731622118,T,IBM,F,199,308.83
2025-12-15,10:04:55.731983050,T,IBM,F I,23,308.84
2025-12-15,10:04:55.732007040,T,IBM,I,11,308.84
2025-12-15,10:04:55.732031143,T,IBM,F I,8,308.84
2025-12-15,10:04:55.732656664,T,IBM,,40,308.83
2025-12-15,10:04:55.732671605,T,IBM,I,1,308.83
2025-12-15,10:04:55.756677749,T,IBM,,40,308.84
2025-12-15,10:04:55.757516758,T,IBM,,60,308.84
2025-12-15,10:04:55.763931065,T,IBM,F I,1,308.83
2025-12-15,10:04:55.763931065,T,IBM,F I,14,308.83
2025-12-15,10:04:59.072422847,T,IBM,F I,8,308.94
2025-12-15,10:04:59.072443262,T,IBM,F I,8,308.94
2025-12-15,10:04:59.072503465,T,IBM,F I,8,308.95
2025-12-15,10:04:59.073429592,T,IBM,F I,17,308.88
2025-12-15,10:04:59.073432506,T,IBM,F I,2,308.88
2025-12-15,10:04:59.073441638,T,IBM,F I,19,308.88
2025-12-15,10:04:59.073498731,T,IBM,F I,19,308.88
2025-12-15,10:04:59.073634087,T,IBM,I,20,308.88
2025-12-15,10:04:59.073637070,T,IBM,I,20,308.88
2025-12-15,10:04:59.073655158,T,IBM,I,1,308.88
2025-12-15,10:04:59.073718256,T,IBM,,40,308.86
2025-12-15,10:04:59.073739218,T,IBM,F I,37,308.87
2025-12-15,10:04:59.073823702,T,IBM,F,49,308.86
2025-12-15,10:04:59.073826453,T,IBM,F I,1,308.83
2025-12-15,10:04:59.073835519,T,IBM,F I,18,308.83
2025-12-15,10:04:59.073850711,T,IBM,I,7,308.86
2025-12-15,10:04:59.074003929,T,IBM,I,11,308.85
2025-12-15,10:04:59.074051999,T,IBM,F I,1,308.82
2025-12-15,10:04:59.103510102,T,IBM,I,19,308.81
2025-12-15,10:04:59.103513249,T,IBM,I,21,308.81
2025-12-15,10:04:59.105176091,T,IBM,F,105,308.795
2025-12-15,10:04:59.752987301,T,IBM,F I,20,308.7
2025-12-15,10:04:59.752999290,T,IBM,F,50,308.7
2025-12-15,10:04:59.753015166,T,IBM,F I,5,308.7
2025-12-15,10:04:59.753015166,T,IBM,I,1,308.7
2025-12-15,10:04:59.753504451,T,IBM,,100,308.7
2025-12-15,10:04:59.771406163,T,IBM,I,19,308.7
2025-12-15,10:04:59.771436356,T,IBM,F I,10,308.7
2025-12-15,10:04:59.771505346,T,IBM,,43,308.7
2025-12-15,10:05:00.040501681,T,IBM,I,15,308.65
2025-12-15,10:05:00.084367124,T,IBM,I,10,308.65
2025-12-15,10:05:02.177040107,T,IBM,I,4,308.73
2025-12-15,10:05:02.201903257,T,IBM,F I,5,308.73
2025-12-15,10:05:04.198803792,T,IBM,F I,16,308.73
2025-12-15,10:05:04.198827831,T,IBM,F I,24,308.73
2025-12-15,10:05:04.198830929,T,IBM,F I,12,308.73
2025-12-15,10:05:04.198864066,T,IBM,F I,16,308.74
2025-12-15,10:05:04.497089882,T,IBM,I,8,308.81
2025-12-15,10:05:04.546690022,T,IBM,F,40,308.86
2025-12-15,10:05:08.793391124,T,IBM,F I,7,308.9
2025-12-15,10:05:10.238125964,T,IBM,F I,10,308.84
2025-12-15,10:05:10.238128816,T,IBM,F I,4,308.84
2025-12-15,10:05:10.238152895,T,IBM,,56,308.84
2025-12-15,10:05:10.281290594,T,IBM,,44,308.84
2025-12-15,10:05:10.281293701,T,IBM,I,1,308.84
2025-12-15,10:05:10.281311704,T,IBM,F I,5,308.84
2025-12-15,10:05:14.328737015,T,IBM,F,40,309.0
2025-12-15,10:05:14.328737015,T,IBM,F I,1,309.0
2025-12-15,10:05:14.328739922,T,IBM,F I,30,309.0
2025-12-15,10:05:16.058069697,T,IBM,F I,20,309.15
2025-12-15,10:05:16.058073530,T,IBM,F,80,309.15
2025-12-15,10:05:16.058076027,T,IBM,F I,3,309.16
2025-12-15,10:05:16.058078777,T,IBM,F,200,309.16
2025-12-15,10:05:16.058078777,T,IBM,F,100,309.16
2025-12-15,10:05:16.058081725,T,IBM,F,100,309.16
2025-12-15,10:05:16.839985145,T,IBM,F I,25,309.12
2025-12-15,10:05:17.937790625,T,IBM,F I,22,309.07
2025-12-15,10:05:19.468244910,T,IBM,,40,309.0
2025-12-15,10:05:19.469670248,T,IBM,,60,309.0
2025-12-15,10:05:21.518093636,T,IBM,F,100,309.07
2025-12-15,10:05:21.518095596,T,IBM,F,100,309.07
2025-12-15,10:05:23.035120060,T,IBM,F I,25,309.04
2025-12-15,10:05:31.090002146,T,IBM,F I,16,309.16
2025-12-15,10:05:31.093102612,T,IBM,F,558,309.16
2025-12-15,10:05:31.093106077,T,IBM,F,900,309.16
2025-12-15,10:05:31.093106077,T,IBM,F,50,309.16
2025-12-15,10:05:31.093126608,T,IBM,I,1,309.15
2025-12-15,10:05:31.232535460,T,IBM,,40,309.12
2025-12-15,10:05:31.232538434,T,IBM,,40,309.12
2025-12-15,10:05:31.232538434,T,IBM,,40,309.12
2025-12-15,10:05:31.232553574,T,IBM,I,1,309.12
2025-12-15,10:05:38.115028720,T,IBM,F I,1,309.16
2025-12-15,10:05:38.195844112,T,IBM,F I,14,309.2
2025-12-15,10:05:38.196008577,T,IBM,F I,4,309.21
2025-12-15,10:05:38.196008577,T,IBM,F I,4,309.21
2025-12-15,10:05:38.196011499,T,IBM,F I,12,309.21
2025-12-15,10:05:38.196032505,T,IBM,F I,1,309.21
2025-12-15,10:05:38.196038614,T,IBM,F I,10,309.21
2025-12-15,10:05:38.196132037,T,IBM,F I,17,309.21
2025-12-15,10:05:38.196327298,T,IBM,F I,4,309.22
2025-12-15,10:05:38.196565863,T,IBM,I,19,309.2
2025-12-15,10:05:38.196565863,T,IBM,I,3,309.19
2025-12-15,10:05:38.196570794,T,IBM,I,11,309.19
2025-12-15,10:05:38.196691139,T,IBM,,100,309.21
2025-12-15,10:05:38.196694266,T,IBM,I,12,309.23
2025-12-15,10:05:38.196694266,T,IBM,I,23,309.23
2025-12-15,10:05:38.196694266,T,IBM,,65,309.23
2025-12-15,10:05:38.196715811,T,IBM,F,335,309.23
2025-12-15,10:05:38.196718151,T,IBM,F,200,309.23
2025-12-15,10:05:38.196742189,T,IBM,F I,2,309.25
2025-12-15,10:05:38.196871529,T,IBM,,45,309.21
2025-12-15,10:05:38.196892755,T,IBM,I,1,309.21
2025-12-15,10:05:38.196892755,T,IBM,F,54,309.21
2025-12-15,10:05:38.196895602,T,IBM,F I,1,309.21
2025-12-15,10:05:38.196949763,T,IBM,I,2,309.21
2025-12-15,10:05:38.197000843,T,IBM,I,7,309.21
2025-12-15,10:05:38.197037677,T,IBM,I,2,309.21
2025-12-15,10:05:38.197037677,T,IBM,I,19,309.21
2025-12-15,10:05:38.197046058,T,IBM,I,2,309.21
2025-12-15,10:05:38.197921289,T,IBM,I,7,309.21
2025-12-15,10:05:38.197924651,T,IBM,,45,309.21
2025-12-15,10:05:38.197924651,T,IBM,I,3,309.21
2025-12-15,10:05:38.197927071,T,IBM,,54,309.21
2025-12-15,10:05:38.197927071,T,IBM,I,1,309.21
2025-12-15,10:05:38.197930033,T,IBM,I,10,309.21
2025-12-15,10:05:38.198877417,T,IBM,F,80,309.21
2025-12-15,10:05:38.198880374,T,IBM,F,40,309.21
2025-12-15,10:05:38.199012660,T,IBM,F,62,309.22
2025-12-15,10:05:38.954898124,T,IBM,I,19,309.18
2025-12-15,10:05:48.617608788,T,IBM,I,10,309.25
2025-12-15,10:06:04.222321500,T,IBM,F I,1,309.14
2025-12-15,10:06:04.222321500,T,IBM,F I,1,309.14
2025-12-15,10:06:04.222324126,T,IBM,F I,1,309.14
2025-12-15,10:06:04.222339052,T,IBM,F I,2,309.14
2025-12-15,10:06:04.223313309,T,IBM,,78,309.14
2025-12-15,10:06:04.356587580,T,IBM,I,1,309.07
2025-12-15,10:06:04.725785607,T,IBM,,90,309.07
2025-12-15,10:06:06.124553438,T,IBM,,90,309.07
2025-12-15,10:06:06.366864164,T,IBM,I,30,309.07
2025-12-15,10:06:21.257328183,T,IBM,F,40,308.92
2025-12-15,10:06:21.341967660,T,IBM,F I,25,309.04
2025-12-15,10:06:22.108044335,T,IBM,,150,308.915
2025-12-15,10:06:22.108131467,T,IBM,,50,308.915
2025-12-15,10:06:30.280410428,T,IBM,F,44,308.99
2025-12-15,10:06:30.280410428,T,IBM,F I,9,309.0
2025-12-15,10:06:30.280416144,T,IBM,F I,31,309.0
2025-12-15,10:06:30.280416144,T,IBM,F,63,309.0
2025-12-15,10:06:30.280434182,T,IBM,I,1,309.0
2025-12-15,10:06:30.280467221,T,IBM,F,650,309.0
2025-12-15,10:06:30.280470692,T,IBM,F I,6,309.0
2025-12-15,10:06:30.280533383,T,IBM,I,3,309.0
2025-12-15,10:06:30.280545722,T,IBM,,50,309.0
2025-12-15,10:06:30.280551379,T,IBM,I,3,309.0
2025-12-15,10:06:30.280560499,T,IBM,,102,309.0
2025-12-15,10:06:30.280608509,T,IBM,F I,1,309.01
2025-12-15,10:06:30.280641702,T,IBM,F I,1,309.0
2025-12-15,10:06:30.280686817,T,IBM,,240,309.0
2025-12-15,10:06:30.280716845,T,IBM,F,435,309.0
2025-12-15,10:06:30.280758927,T,IBM,F I,12,309.0
2025-12-15,10:06:30.280762013,T,IBM,F,135,309.0
2025-12-15,10:06:30.280879252,T,IBM,I,22,309.0
2025-12-15,10:06:30.280945515,T,IBM,F,100,309.0
2025-12-15,10:06:40.348660304,T,IBM,,50,308.97
2025-12-15,10:06:40.348660304,T,IBM,I,10,308.97
2025-12-15,10:06:48.776685740,T,IBM,I,5,308.96
2025-12-15,10:06:55.244551963,T,IBM,I,20,308.96
2025-12-15,10:06:55.247051016,T,IBM,I,10,308.96
2025-12-15,10:06:58.121633041,T,IBM,I,10,308.96
2025-12-15,10:07:02.622177742,T,IBM,F I,10,308.91
2025-12-15,10:07:23.298877315,T,IBM,F,150,309.02
2025-12-15,10:07:23.298877315,T,IBM,F,40,309.03
2025-12-15,10:07:23.298880403,T,IBM,F,82,309.03
2025-12-15,10:07:23.298886418,T,IBM,,118,309.03
2025-12-15,10:07:23.298889261,T,IBM,I,2,309.03
2025-12-15,10:07:23.299036636,T,IBM,F I,3,308.99
2025-12-15,10:07:23.299042706,T,IBM,F I,6,308.99
2025-12-15,10:07:23.299042706,T,IBM,F I,1,308.99
2025-12-15,10:07:23.299093874,T,IBM,I,29,308.99
2025-12-15,10:07:23.299129785,T,IBM,F I,38,308.95
2025-12-15,10:07:23.299132867,T,IBM,F I,4,308.95
2025-12-15,10:07:23.299135860,T,IBM,F,40,308.95
2025-12-15,10:07:23.299154323,T,IBM,I,1,308.95
2025-12-15,10:07:23.299154323,T,IBM,I,39,308.95
2025-12-15,10:07:23.299202802,T,IBM,F I,20,308.94
2025-12-15,10:07:23.299204963,T,IBM,F I,20,308.94
2025-12-15,10:07:23.299292829,T,IBM,,132,308.94
2025-12-15,10:07:23.299295198,T,IBM,,402,308.94
2025-12-15,10:07:23.299298265,T,IBM,,843,308.94
2025-12-15,10:07:23.299301282,T,IBM,I,9,308.94
2025-12-15,10:07:23.299304317,T,IBM,,200,308.94
2025-12-15,10:07:23.299304317,T,IBM,I,2,308.95
2025-12-15,10:07:23.299307340,T,IBM,F,50,308.95
2025-12-15,10:07:23.299322223,T,IBM,F I,10,308.95
2025-12-15,10:07:23.299325239,T,IBM,F I,10,308.95
2025-12-15,10:07:23.299343317,T,IBM,F I,1,308.95
2025-12-15,10:07:23.299352387,T,IBM,F I,25,308.95
2025-12-15,10:07:23.299370422,T,IBM,F,52,308.95
2025-12-15,10:07:23.299373396,T,IBM,,100,308.95
2025-12-15,10:07:23.299379439,T,IBM,F I,10,308.95
2025-12-15,10:07:23.299388547,T,IBM,F,563,308.95
2025-12-15,10:07:23.299614074,T,IBM,F I,3,308.905
2025-12-15,10:07:23.299626057,T,IBM,,59,308.905
2025-12-15,10:07:23.299680185,T,IBM,,91,308.9
2025-12-15,10:07:23.299683424,T,IBM,I,9,308.94
2025-12-15,10:07:23.300200992,T,IBM,F I,15,308.945
2025-12-15,10:07:23.300203849,T,IBM,F,100,308.95
2025-12-15,10:07:23.300207177,T,IBM,F I,18,308.95
2025-12-15,10:07:23.300207177,T,IBM,F,200,308.95
2025-12-15,10:07:23.300210371,T,IBM,F,200,308.95
2025-12-15,10:07:23.300210371,T,IBM,F,200,308.95
2025-12-15,10:07:23.300212518,T,IBM,F I,2,308.95
2025-12-15,10:07:23.340451209,T,IBM,I,1,308.915
2025-12-15,10:07:25.102360639,T,IBM,F I,19,308.97
2025-12-15,10:07:25.102363549,T,IBM,F I,1,308.98
2025-12-15,10:07:29.583628465,T,IBM,F I,19,309.01
2025-12-15,10:07:29.583631687,T,IBM,F,40,309.02
2025-12-15,10:07:29.583637608,T,IBM,F,400,309.02
2025-12-15,10:07:29.583637608,T,IBM,F,100,309.02
2025-12-15,10:07:29.583640607,T,IBM,F,200,309.02
2025-12-15,10:07:29.583674069,T,IBM,F,40,309.04
2025-12-15,10:07:29.583674069,T,IBM,F I,4,309.04
2025-12-15,10:07:29.583676699,T,IBM,F I,4,309.04
2025-12-15,10:07:29.585529046,T,IBM,F I,4,309.1
2025-12-15,10:07:29.585529046,T,IBM,F,64,309.1
2025-12-15,10:07:29.585553148,T,IBM,F,236,309.1
2025-12-15,10:07:29.586016307,T,IBM,F I,18,309.1
2025-12-15,10:07:29.586034249,T,IBM,F I,10,309.1
2025-12-15,10:07:29.586040324,T,IBM,F,80,309.1
2025-12-15,10:07:29.586043382,T,IBM,F I,10,309.1
2025-12-15,10:07:29.586043382,T,IBM,F,700,309.1
2025-12-15,10:07:29.586349999,T,IBM,F I,20,309.14
2025-12-15,10:07:33.773857644,T,IBM,F I,20,309.2
2025-12-15,10:07:33.773875626,T,IBM,I,1,309.2
2025-12-15,10:07:34.416779341,T,IBM,I,19,309.13
2025-12-15,10:07:34.416929639,T,IBM,I,19,309.105
2025-12-15,10:07:34.427914753,T,IBM,,100,309.105
2025-12-15,10:07:36.046602144,T,IBM,I,19,309.12
2025-12-15,10:07:43.194068109,T,IBM,I,10,309.075
2025-12-15,10:07:43.222470678,T,IBM,I,11,309.03
2025-12-15,10:07:45.338737965,T,IBM,F,100,309.08
2025-12-15,10:07:45.338737965,T,IBM,F I,19,309.08
2025-12-15,10:07:45.338740713,T,IBM,F,200,309.09
2025-12-15,10:07:45.338740713,T,IBM,F,181,309.09
2025-12-15,10:07:45.338755716,T,IBM,I,1,309.09
2025-12-15,10:07:45.338761649,T,IBM,F I,20,309.09
2025-12-15,10:07:45.338767711,T,IBM,I,1,309.09
2025-12-15,10:07:45.338777137,T,IBM,,60,309.09
2025-12-15,10:07:45.338779754,T,IBM,I,15,309.09
2025-12-15,10:07:45.338782780,T,IBM,I,22,309.09
2025-12-15,10:07:45.339050432,T,IBM,I,6,309.08
2025-12-15,10:07:45.789721303,T,IBM,F,45,309.13
2025-12-15,10:07:46.173127982,T,IBM,F,45,309.13
2025-12-15,10:07:46.439499098,T,IBM,F,45,309.11
2025-12-15,10:07:46.573269576,T,IBM,F,40,309.13
2025-12-15,10:07:48.588592139,T,IBM,,40,309.14
2025-12-15,10:07:48.588595148,T,IBM,I,2,309.14
2025-12-15,10:07:48.595800346,T,IBM,I,6,309.11
2025-12-15,10:07:48.596119048,T,IBM,,120,309.11
2025-12-15,10:07:48.596122030,T,IBM,I,6,309.11
2025-12-15,10:08:08.062305643,T,IBM,F I,6,309.03
2025-12-15,10:08:08.062314622,T,IBM,F I,25,309.03
2025-12-15,10:08:08.062335755,T,IBM,F I,10,309.03
2025-12-15,10:08:08.062341732,T,IBM,I,6,309.03
2025-12-15,10:08:08.062362803,T,IBM,F I,4,309.03
2025-12-15,10:08:08.062362803,T,IBM,F I,14,309.03
2025-12-15,10:08:08.062383796,T,IBM,I,4,309.03
2025-12-15,10:08:08.062387047,T,IBM,I,10,309.02
2025-12-15,10:08:08.062408005,T,IBM,F I,1,309.02
2025-12-15,10:08:08.062411078,T,IBM,F I,2,309.02
2025-12-15,10:08:08.062413862,T,IBM,F I,1,309.02
2025-12-15,10:08:08.062825846,T,IBM,F I,6,309.01
2025-12-15,10:08:08.062843971,T,IBM,F I,9,309.01
2025-12-15,10:08:08.062847012,T,IBM,F I,1,309.0
2025-12-15,10:08:08.062879986,T,IBM,F I,1,308.99
2025-12-15,10:08:08.062994315,T,IBM,I,4,308.99
2025-12-15,10:08:08.062997343,T,IBM,I,4,308.99
2025-12-15,10:08:09.703841401,T,IBM,F I,4,308.86
2025-12-15,10:08:09.703844404,T,IBM,F,57,308.86
2025-12-15,10:08:09.704106054,T,IBM,F I,2,308.85
2025-12-15,10:08:20.603760439,T,IBM,F I,1,308.87
2025-12-15,10:08:20.603913757,T,IBM,I,8,308.87
2025-12-15,10:08:20.603913757,T,IBM,I,1,308.84
2025-12-15,10:08:20.603916943,T,IBM,I,1,308.83
2025-12-15,10:08:20.603916943,T,IBM,I,30,308.83
2025-12-15,10:08:20.607540484,T,IBM,,40,308.82
2025-12-15,10:08:20.607540484,T,IBM,,40,308.82
2025-12-15,10:08:24.023609729,T,IBM,F I,14,308.86
2025-12-15,10:08:25.448530727,T,IBM,F I,4,308.9
2025-12-15,10:08:25.448534260,T,IBM,F I,10,308.9
2025-12-15,10:08:25.448537430,T,IBM,F I,7,308.9
2025-12-15,10:08:25.448537430,T,IBM,F I,6,308.9
2025-12-15,10:08:25.448542846,T,IBM,F I,4,308.9
2025-12-15,10:08:25.448551910,T,IBM,I,1,308.9
2025-12-15,10:08:25.450238815,T,IBM,F I,2,308.86
2025-12-15,10:08:25.450271936,T,IBM,F I,2,308.85
2025-12-15,10:08:31.450762666,T,IBM,F,40,308.84
2025-12-15,10:08:31.634524138,T,IBM,I,10,308.785
2025-12-15,10:08:39.756983064,T,IBM,F I,7,308.76
2025-12-15,10:08:39.757004036,T,IBM,F I,13,308.76
2025-12-15,10:08:42.236866938,T,IBM,,80,308.76
2025-12-15,10:08:42.236866938,T,IBM,I,6,308.76
2025-12-15,10:08:42.236869582,T,IBM,I,8,308.76
2025-12-15,10:08:56.483229989,T,IBM,F I,2,308.66
2025-12-15,10:08:56.483233054,T,IBM,F I,3,308.66
2025-12-15,10:08:56.483747224,T,IBM,F I,20,308.63
2025-12-15,10:08:56.483750407,T,IBM,F,686,308.62
2025-12-15,10:08:56.483783619,T,IBM,F I,15,308.62
2025-12-15,10:08:56.483783619,T,IBM,I,3,308.62
2025-12-15,10:08:56.483786259,T,IBM,I,1,308.62
2025-12-15,10:08:56.483789296,T,IBM,F I,15,308.62
2025-12-15,10:09:02.095084467,T,IBM,,40,308.56
2025-12-15,10:09:02.194365832,T,IBM,F,81,308.53
2025-12-15,10:09:04.188478778,T,IBM,F I,10,308.5
2025-12-15,10:09:04.188587093,T,IBM,F,66,308.47
2025-12-15,10:09:04.188587093,T,IBM,F I,1,308.47
2025-12-15,10:09:04.188617139,T,IBM,F I,10,308.46
2025-12-15,10:09:04.188740439,T,IBM,I,6,308.46
2025-12-15,10:09:06.060907260,T,IBM,F,87,308.5
2025-12-15,10:09:06.060922443,T,IBM,F I,13,308.5
2025-12-15,10:09:06.060922443,T,IBM,F I,30,308.5
2025-12-15,10:09:06.060988530,T,IBM,F,40,308.51
2025-12-15,10:09:06.060988530,T,IBM,F I,7,308.51
2025-12-15,10:09:09.473575344,T,IBM,F I,17,308.56
2025-12-15,10:09:10.203572181,T,IBM,F,50,308.56
2025-12-15,10:09:14.368225520,T,IBM,F I,1,308.51
2025-12-15,10:09:14.368297707,T,IBM,F I,4,308.5
2025-12-15,10:09:14.592108511,T,IBM,I,7,308.46
2025-12-15,10:09:15.617823231,T,IBM,F I,15,308.46
2025-12-15,10:09:16.861141994,T,IBM,I,10,308.44
2025-12-15,10:09:18.052149392,T,IBM,F I,10,308.41
2025-12-15,10:09:18.052149392,T,IBM,F I,20,308.41
2025-12-15,10:09:18.052154307,T,IBM,F I,10,308.41
2025-12-15,10:09:18.052154307,T,IBM,F I,9,308.41
2025-12-15,10:09:18.052172925,T,IBM,I,1,308.41
2025-12-15,10:09:18.052175384,T,IBM,I,5,308.41
2025-12-15,10:09:18.052175384,T,IBM,I,5,308.41
2025-12-15,10:09:18.052298710,T,IBM,I,9,308.4
2025-12-15,10:09:18.373628586,T,IBM,F I,13,308.4
2025-12-15,10:09:18.373628586,T,IBM,F I,10,308.4
2025-12-15,10:09:18.373631565,T,IBM,F I,2,308.4
2025-12-15,10:09:34.541377102,T,IBM,F I,11,308.52
2025-12-15,10:09:34.541422087,T,IBM,I,28,308.52
2025-12-15,10:09:34.541449752,T,IBM,,61,308.52
2025-12-15,10:09:34.541449752,T,IBM,,100,308.52
2025-12-15,10:09:34.541455383,T,IBM,,48,308.52
2025-12-15,10:09:34.541470169,T,IBM,I,1,308.52
2025-12-15,10:09:34.541906278,T,IBM,,51,308.52
2025-12-15,10:09:34.541906278,T,IBM,I,1,308.52
2025-12-15,10:09:34.543557216,T,IBM,F I,6,308.51
2025-12-15,10:09:34.705754335,T,IBM,F I,8,308.43
2025-12-15,10:09:34.705754335,T,IBM,F I,12,308.43
2025-12-15,10:09:34.705772289,T,IBM,F I,2,308.43
2025-12-15,10:09:34.705781394,T,IBM,I,30,308.43
2025-12-15,10:09:34.705784567,T,IBM,I,10,308.43
2025-12-15,10:09:34.705787452,T,IBM,I,1,308.43
2025-12-15,10:09:34.705787452,T,IBM,,60,308.43
2025-12-15,10:09:34.705790440,T,IBM,I,6,308.43
2025-12-15,10:09:35.035185522,T,IBM,F,49,308.385
2025-12-15,10:09:35.035245605,T,IBM,F,49,308.385
2025-12-15,10:09:35.035248839,T,IBM,F I,2,308.385
2025-12-15,10:09:35.035251771,T,IBM,F I,13,308.42
2025-12-15,10:09:35.035272693,T,IBM,F I,3,308.41
2025-12-15,10:09:35.035558377,T,IBM,I,2,308.38
2025-12-15,10:09:35.036024522,T,IBM,I,6,308.36
2025-12-15,10:09:35.036048647,T,IBM,F I,1,308.35
2025-12-15,10:09:35.036051538,T,IBM,F I,1,308.35
2025-12-15,10:09:35.036051538,T,IBM,F I,1,308.35
2025-12-15,10:09:35.036102742,T,IBM,F I,12,308.34
2025-12-15,10:09:35.036123728,T,IBM,F I,23,308.34
2025-12-15,10:09:35.036159890,T,IBM,,80,308.34
2025-12-15,10:09:35.036692311,T,IBM,I,20,308.34
2025-12-15,10:09:35.036692311,T,IBM,I,20,308.34
2025-12-15,10:09:36.482988177,T,IBM,F I,35,308.31
2025-12-15,10:09:36.483003219,T,IBM,I,1,308.31
2025-12-15,10:09:36.483015188,T,IBM,I,4,308.31
2025-12-15,10:09:36.483018241,T,IBM,I,29,308.31
2025-12-15,10:09:36.483021552,T,IBM,I,23,308.31
2025-12-15,10:09:36.483021552,T,IBM,I,1,308.31
2025-12-15,10:09:36.483024221,T,IBM,I,12,308.31
2025-12-15,10:09:49.175853310,T,IBM,I,7,308.415
2025-12-15,10:09:52.009616772,T,IBM,F I,1,308.3
2025-12-15,10:09:52.009619661,T,IBM,F I,39,308.3
2025-12-15,10:09:52.009619661,T,IBM,F I,1,308.3
2025-12-15,10:09:52.043079985,T,IBM,F,44,308.36
2025-12-15,10:09:52.043079985,T,IBM,F I,18,308.37
2025-12-15,10:09:52.043095272,T,IBM,F,40,308.37
2025-12-15,10:09:52.043095272,T,IBM,F I,4,308.37
2025-12-15,10:09:52.056630252,T,IBM,I,1,308.36
2025-12-15,10:09:52.057069319,T,IBM,I,1,308.36
2025-12-15,10:09:57.564316696,T,IBM,F I,1,308.25
2025-12-15,10:09:57.564340643,T,IBM,I,2,308.22
2025-12-15,10:10:02.872853881,T,IBM,F I,5,308.27
2025-12-15,10:10:03.008660176,T,IBM,F I,16,308.3
2025-12-15,10:10:03.009165578,T,IBM,I,16,308.31
2025-12-15,10:10:03.009511256,T,IBM,F I,4,308.27
2025-12-15,10:10:03.009514407,T,IBM,F I,5,308.27
2025-12-15,10:10:03.009517296,T,IBM,F I,3,308.27
2025-12-15,10:10:05.323309395,T,IBM,I,25,308.255
2025-12-15,10:10:05.323318426,T,IBM,,75,308.255
2025-12-15,10:10:06.037714120,T,IBM,I,8,308.255
2025-12-15,10:10:06.801553436,T,IBM,F I,14,308.23
2025-12-15,10:10:06.801556382,T,IBM,F I,1,308.23
2025-12-15,10:10:06.801586583,T,IBM,F I,1,308.2
2025-12-15,10:10:06.802145919,T,IBM,F,40,308.2
2025-12-15,10:10:13.665381173,T,IBM,F I,28,308.15
2025-12-15,10:10:13.665381173,T,IBM,F I,28,308.15
2025-12-15,10:10:13.665528429,T,IBM,F I,8,308.14
2025-12-15,10:10:13.665531921,T,IBM,I,17,308.14
2025-12-15,10:10:13.665549536,T,IBM,I,1,308.14
2025-12-15,10:10:13.665549536,T,IBM,F I,2,308.14
2025-12-15,10:10:13.666601983,T,IBM,F I,10,308.11
2025-12-15,10:10:13.666770463,T,IBM,I,20,308.11
2025-12-15,10:10:13.666770463,T,IBM,I,20,308.11
2025-12-15,10:10:13.667726764,T,IBM,I,20,308.11
2025-12-15,10:10:13.688244538,T,IBM,I,20,308.1
2025-12-15,10:10:15.001579211,T,IBM,F,40,308.13
2025-12-15,10:10:15.001597621,T,IBM,I,1,308.13
2025-12-15,10:10:15.001600081,T,IBM,I,4,308.13
2025-12-15,10:10:15.001603003,T,IBM,I,15,308.13
2025-12-15,10:10:18.828675721,T,IBM,F I,19,308.13
2025-12-15,10:10:18.828675721,T,IBM,F I,21,308.14
2025-12-15,10:10:18.828697235,T,IBM,F I,19,308.14
2025-12-15,10:10:18.828700014,T,IBM,F I,18,308.14
2025-12-15,10:10:18.828700014,T,IBM,F I,1,308.14
2025-12-15,10:10:18.828703205,T,IBM,F,40,308.14
2025-12-15,10:10:18.828706014,T,IBM,F I,22,308.14
2025-12-15,10:10:18.828706014,T,IBM,I,1,308.14
2025-12-15,10:10:18.828708766,T,IBM,I,17,308.14
2025-12-15,10:10:18.828723710,T,IBM,F I,4,308.15
2025-12-15,10:10:18.828726760,T,IBM,F I,4,308.15
2025-12-15,10:10:19.393723887,T,IBM,F I,2,308.19
2025-12-15,10:10:21.080763907,T,IBM,F I,16,308.145
2025-12-15,10:10:24.617543471,T,IBM,F I,6,308.11
2025-12-15,10:10:27.585482857,T,IBM,I,4,308.1
2025-12-15,10:10:39.628411083,T,IBM,F I,6,308.08
2025-12-15,10:10:39.628411083,T,IBM,F I,10,308.08
2025-12-15,10:10:39.628426128,T,IBM,F,50,308.08
2025-12-15,10:10:39.628431945,T,IBM,I,6,308.08
2025-12-15,10:10:39.628973134,T,IBM,I,1,308.05
2025-12-15,10:10:39.629150579,T,IBM,I,30,308.03
2025-12-15,10:10:39.629171651,T,IBM,I,1,308.03
2025-12-15,10:10:39.630182083,T,IBM,F I,9,308.03
2025-12-15,10:10:39.630184997,T,IBM,F I,7,308.03
2025-12-15,10:10:39.630188099,T,IBM,F I,24,308.03
2025-12-15,10:10:39.630233176,T,IBM,I,13,308.03
2025-12-15,10:10:39.639570392,T,IBM,F I,3,308.03
2025-12-15,10:10:39.639588446,T,IBM,I,5,308.01
2025-12-15,10:10:39.639588446,T,IBM,I,2,308.01
