DATE,TIME_M,EX,SYM_ROOT,TR_SCOND,SIZE,PRICE
2025-12-09,9:30:01.160717932,T,IBM,I,5,309.6
2025-12-09,9:30:01.160835244,T,IBM,Q,5,309.6
2025-12-09,9:30:01.735800954,T,IBM,,40,309.78
2025-12-09,9:30:01.911392051,T,IBM,F I,20,309.94
2025-12-09,9:30:01.947384675,T,IBM,I,20,309.785
2025-12-09,9:30:02.143619816,T,IBM,F I,2,309.785
2025-12-09,9:30:02.143619816,T,IBM,F I,4,309.785
2025-12-09,9:30:02.144101025,T,IBM,I,1,309.82
2025-12-09,9:30:02.323748635,T,IBM,F I,6,309.68
2025-12-09,9:30:03.199189563,T,IBM,F I,6,309.94
2025-12-09,9:30:03.199307098,T,IBM,F I,20,309.99
2025-12-09,9:30:04.288346547,T,IBM,I,10,310.09
2025-12-09,9:30:04.288947883,T,IBM,I,30,310.09
2025-12-09,9:30:05.139203939,T,IBM,,40,310.275
2025-12-09,9:30:30.198974708,T,IBM,F I,22,310.35
2025-12-09,9:30:30.269582807,T,IBM,I,26,310.27
2025-12-09,9:30:30.269609824,T,IBM,F I,25,310.27
2025-12-09,9:30:43.584677846,T,IBM,F I,25,310.27
2025-12-09,9:30:43.585459636,T,IBM,I,2,310.45
2025-12-09,9:30:43.585477689,T,IBM,F I,24,310.45
2025-12-09,9:30:43.585495813,T,IBM,I,20,310.49
2025-12-09,9:30:43.585499116,T,IBM,I,20,310.53
2025-12-09,9:30:43.585499116,T,IBM,I,3,310.53
2025-12-09,9:30:43.585964839,T,IBM,I,19,310.54
2025-12-09,9:30:43.586000928,T,IBM,I,26,310.44
2025-12-09,9:30:43.586018982,T,IBM,I,1,310.44
2025-12-09,9:30:43.586464076,T,IBM,F I,1,310.54
2025-12-09,9:30:43.586467100,T,IBM,F I,11,310.55
2025-12-09,9:30:43.586527271,T,IBM,F I,1,310.55
2025-12-09,9:30:43.586566373,T,IBM,I,27,310.38
2025-12-09,9:30:43.586752747,T,IBM,I,27,310.55
2025-12-09,9:30:49.444132801,T,IBM,I,4,310.72
2025-12-09,9:30:50.731311140,T,IBM,I,8,310.76
2025-12-09,9:30:50.731605803,T,IBM,F I,29,310.8
2025-12-09,9:30:50.734237034,T,IBM,,40,311.0
2025-12-09,9:30:50.887385707,T,IBM,F I,25,310.98
2025-12-09,9:30:50.892512842,T,IBM,F I,25,311.04
2025-12-09,9:30:50.892551982,T,IBM,F I,15,311.04
2025-12-09,9:30:50.892551982,T,IBM,F I,10,311.04
2025-12-09,9:30:50.892591025,T,IBM,F I,25,311.04
2025-12-09,9:30:50.892627107,T,IBM,F I,5,311.04
2025-12-09,9:30:50.892630166,T,IBM,F I,20,311.04
2025-12-09,9:30:51.733506950,T,IBM,F I,25,310.96
2025-12-09,9:30:51.733564152,T,IBM,F I,25,310.96
2025-12-09,9:31:03.226233666,T,IBM,I,5,310.73
2025-12-09,9:31:03.226381087,T,IBM,,120,310.72
2025-12-09,9:31:03.226552474,T,IBM,I,32,310.72
2025-12-09,9:31:03.226555505,T,IBM,I,1,310.69
2025-12-09,9:31:07.089563753,T,IBM,I,1,310.68
2025-12-09,9:31:07.089563753,T,IBM,I,1,310.67
2025-12-09,9:31:07.089569753,T,IBM,I,6,310.67
2025-12-09,9:31:07.089587805,T,IBM,F,40,310.67
2025-12-09,9:31:07.089590882,T,IBM,F,40,310.67
2025-12-09,9:31:07.089594122,T,IBM,F I,6,310.67
2025-12-09,9:31:07.089602934,T,IBM,F,54,310.67
2025-12-09,9:31:07.089602934,T,IBM,F I,20,310.67
2025-12-09,9:31:07.090056892,T,IBM,F I,5,310.62
2025-12-09,9:31:07.090607341,T,IBM,I,1,310.43
2025-12-09,9:31:11.132085113,T,IBM,I,1,310.35
2025-12-09,9:31:11.132087522,T,IBM,I,1,310.35
2025-12-09,9:31:11.196618032,T,IBM,I,1,310.33
2025-12-09,9:31:11.196642093,T,IBM,F I,25,310.44
2025-12-09,9:31:11.373736705,T,IBM,I,1,310.35
2025-12-09,9:31:11.379519516,T,IBM,F I,25,310.51
2025-12-09,9:31:13.152456172,T,IBM,F I,25,310.58
2025-12-09,9:31:13.152474195,T,IBM,F I,19,310.58
2025-12-09,9:31:13.152510281,T,IBM,F I,19,310.59
2025-12-09,9:31:32.477373239,T,IBM,I,5,310.64
2025-12-09,9:31:32.477373239,T,IBM,I,35,310.59
2025-12-09,9:31:36.185864598,T,IBM,I,5,310.58
2025-12-09,9:31:36.185888714,T,IBM,F,80,310.58
2025-12-09,9:31:36.185894701,T,IBM,I,2,310.57
2025-12-09,9:31:36.185897722,T,IBM,I,1,310.57
2025-12-09,9:31:36.185900750,T,IBM,,77,310.56
2025-12-09,9:31:36.185900750,T,IBM,I,3,310.56
2025-12-09,9:31:36.186387860,T,IBM,F,40,310.5
2025-12-09,9:31:36.205110429,T,IBM,,40,310.45
2025-12-09,9:31:36.205113412,T,IBM,,40,310.45
2025-12-09,9:31:36.208848460,T,IBM,F I,20,310.5
2025-12-09,9:31:36.208852317,T,IBM,F I,13,310.51
2025-12-09,9:31:36.208854425,T,IBM,F,40,310.51
2025-12-09,9:31:36.208857518,T,IBM,F,44,310.51
2025-12-09,9:31:36.208872453,T,IBM,F I,20,310.51
2025-12-09,9:31:36.208887517,T,IBM,F,40,310.57
2025-12-09,9:31:36.208914445,T,IBM,F I,13,310.45
2025-12-09,9:31:36.208938594,T,IBM,I,1,310.46
2025-12-09,9:31:36.209100941,T,IBM,F,40,310.63
2025-12-09,9:31:50.743986908,T,IBM,F I,5,310.56
2025-12-09,9:31:51.059146047,T,IBM,I,23,310.47
2025-12-09,9:31:52.002585296,T,IBM,I,1,310.46
2025-12-09,9:31:52.002588316,T,IBM,I,12,310.45
2025-12-09,9:31:52.002609326,T,IBM,F I,16,310.45
2025-12-09,9:31:52.002612341,T,IBM,F I,12,310.45
2025-12-09,9:31:52.002612341,T,IBM,F I,1,310.45
2025-12-09,9:31:52.002615369,T,IBM,F,40,310.45
2025-12-09,9:31:52.002894991,T,IBM,I,20,310.45
2025-12-09,9:31:52.002894991,T,IBM,,40,310.46
2025-12-09,9:31:52.002916085,T,IBM,I,1,310.45
2025-12-09,9:31:54.535941892,T,IBM,F I,3,310.56
2025-12-09,9:31:54.624415577,T,IBM,F I,37,310.63
2025-12-09,9:31:54.624418622,T,IBM,F I,37,310.63
2025-12-09,9:31:54.624418622,T,IBM,F I,23,310.64
2025-12-09,9:31:54.624437045,T,IBM,F I,32,310.64
2025-12-09,9:31:54.624439617,T,IBM,F,40,310.64
2025-12-09,9:31:54.624439617,T,IBM,F I,2,310.64
2025-12-09,9:31:54.624791410,T,IBM,,40,310.69
2025-12-09,9:31:54.624791410,T,IBM,,40,310.69
2025-12-09,9:32:12.014547399,T,IBM,F I,20,310.88
2025-12-09,9:32:47.346231294,T,IBM,I,38,310.89
2025-12-09,9:33:01.582271729,T,IBM,I,2,310.9
2025-12-09,9:33:04.036675497,T,IBM,I,1,310.99
2025-12-09,9:33:04.036705578,T,IBM,I,1,310.99
2025-12-09,9:33:04.036711709,T,IBM,,40,310.99
2025-12-09,9:33:04.036711709,T,IBM,,114,311.0
2025-12-09,9:33:04.036715172,T,IBM,I,1,311.0
2025-12-09,9:33:04.036721239,T,IBM,I,39,311.0
2025-12-09,9:33:04.036724050,T,IBM,I,2,311.0
2025-12-09,9:33:04.036726672,T,IBM,I,1,311.0
2025-12-09,9:33:04.036831867,T,IBM,F I,2,311.02
2025-12-09,9:33:04.036891998,T,IBM,F I,2,311.05
2025-12-09,9:33:04.037183788,T,IBM,F I,1,310.99
2025-12-09,9:33:04.037727986,T,IBM,F I,1,311.2
2025-12-09,9:33:04.037920631,T,IBM,F I,25,311.045
2025-12-09,9:33:04.037920631,T,IBM,F I,5,311.045
2025-12-09,9:33:04.038179126,T,IBM,F I,1,311.17
2025-12-09,9:33:04.063144525,T,IBM,I,17,311.2
2025-12-09,9:33:04.063168563,T,IBM,F,45,311.2
2025-12-09,9:33:04.063171600,T,IBM,F,80,311.2
2025-12-09,9:33:04.063980508,T,IBM,F I,25,311.26
2025-12-09,9:33:04.091020864,T,IBM,,100,311.295
2025-12-09,9:33:05.170287257,T,IBM,,75,311.3
2025-12-09,9:33:05.170287257,T,IBM,I,2,311.39
2025-12-09,9:33:05.170290465,T,IBM,,40,311.39
2025-12-09,9:33:05.170290465,T,IBM,,43,311.39
2025-12-09,9:33:05.170308178,T,IBM,F,164,311.39
2025-12-09,9:33:05.170326279,T,IBM,,45,311.36
2025-12-09,9:33:05.170368377,T,IBM,F,55,311.39
2025-12-09,9:33:05.171538152,T,IBM,F,40,311.24
2025-12-09,9:33:05.171565489,T,IBM,F I,23,311.24
2025-12-09,9:33:05.171565489,T,IBM,F I,2,311.24
2025-12-09,9:33:05.171667439,T,IBM,F I,1,311.22
2025-12-09,9:33:05.171667439,T,IBM,F I,39,311.21
2025-12-09,9:33:05.171688484,T,IBM,F I,1,311.21
2025-12-09,9:33:25.196581831,T,IBM,I,1,311.28
2025-12-09,9:33:25.196599935,T,IBM,F,58,311.28
2025-12-09,9:33:26.836905938,T,IBM,I,19,311.31
2025-12-09,9:33:26.836908859,T,IBM,,81,311.31
2025-12-09,9:33:26.836920899,T,IBM,I,1,311.31
2025-12-09,9:33:26.836929945,T,IBM,F I,39,311.31
2025-12-09,9:33:26.836935961,T,IBM,F,42,311.31
2025-12-09,9:33:26.836941938,T,IBM,,237,311.31
2025-12-09,9:33:32.666584025,T,IBM,I,19,311.4
2025-12-09,9:33:32.666584025,T,IBM,I,7,311.4
2025-12-09,9:33:32.666605301,T,IBM,I,26,311.4
2025-12-09,9:33:32.666611631,T,IBM,I,1,311.4
2025-12-09,9:33:35.403300050,T,IBM,F I,14,311.3
2025-12-09,9:33:35.403300050,T,IBM,F I,24,311.3
2025-12-09,9:33:35.403333187,T,IBM,F I,6,311.29
2025-12-09,9:33:35.403336196,T,IBM,F I,30,311.29
2025-12-09,9:33:35.404809675,T,IBM,F I,19,311.32
2025-12-09,9:33:48.796394652,T,IBM,F I,20,311.33
2025-12-09,9:33:48.808197723,T,IBM,,100,311.28
2025-12-09,9:33:51.085651418,T,IBM,F,40,311.29
2025-12-09,9:33:51.085651418,T,IBM,F I,10,311.29
2025-12-09,9:33:51.085783782,T,IBM,F,160,311.26
2025-12-09,9:33:51.085789748,T,IBM,F,46,311.25
2025-12-09,9:33:51.086592745,T,IBM,,53,311.18
2025-12-09,9:33:51.093025019,T,IBM,,47,311.18
2025-12-09,9:33:51.093028005,T,IBM,I,25,311.185
2025-12-09,9:33:51.160144821,T,IBM,F I,25,311.23
2025-12-09,9:33:56.572618761,T,IBM,,100,311.145
2025-12-09,9:34:00.701856945,T,IBM,I,8,311.18
2025-12-09,9:34:00.702389269,T,IBM,I,8,311.2
2025-12-09,9:34:00.702410223,T,IBM,,40,311.21
2025-12-09,9:34:00.702909650,T,IBM,,45,311.15
2025-12-09,9:34:00.702909650,T,IBM,,100,311.2
2025-12-09,9:34:00.702909650,T,IBM,,295,311.21
2025-12-09,9:34:00.702927528,T,IBM,I,1,311.21
2025-12-09,9:34:00.702954565,T,IBM,,45,311.14
2025-12-09,9:34:00.702957757,T,IBM,,184,311.21
2025-12-09,9:34:00.703053851,T,IBM,,44,311.2
2025-12-09,9:34:00.703153066,T,IBM,F I,1,311.11
2025-12-09,9:34:02.818268236,T,IBM,,44,311.16
2025-12-09,9:34:05.142071272,T,IBM,F,44,311.21
2025-12-09,9:34:05.142101804,T,IBM,F I,2,311.23
2025-12-09,9:34:05.142119330,T,IBM,F I,20,311.23
2025-12-09,9:34:05.142122355,T,IBM,F I,18,311.23
2025-12-09,9:34:11.650723714,T,IBM,F I,25,311.25
2025-12-09,9:34:12.475942406,T,IBM,F I,9,311.4
2025-12-09,9:34:12.576579985,T,IBM,F I,1,311.49
2025-12-09,9:34:12.576868707,T,IBM,F I,1,311.53
2025-12-09,9:34:16.082825456,T,IBM,F,161,311.67
2025-12-09,9:34:16.082836845,T,IBM,F,239,311.67
2025-12-09,9:34:16.082839883,T,IBM,F I,20,311.67
2025-12-09,9:34:43.461325247,T,IBM,F I,6,311.64
2025-12-09,9:34:43.461328205,T,IBM,F I,39,311.64
2025-12-09,9:34:43.462007872,T,IBM,I,20,311.6
2025-12-09,9:34:43.462134167,T,IBM,I,12,311.57
2025-12-09,9:34:43.462143216,T,IBM,,45,311.61
2025-12-09,9:34:43.462146187,T,IBM,I,37,311.63
2025-12-09,9:34:43.462152163,T,IBM,F I,1,311.51
2025-12-09,9:34:43.463234719,T,IBM,F I,25,311.59
2025-12-09,9:34:43.463255875,T,IBM,F I,15,311.59
2025-12-09,9:34:43.463259026,T,IBM,F I,20,311.59
2025-12-09,9:34:43.463261863,T,IBM,F I,32,311.59
2025-12-09,9:34:43.463264945,T,IBM,F I,6,311.59
2025-12-09,9:34:43.463270808,T,IBM,F,44,311.59
2025-12-09,9:34:43.463306918,T,IBM,F I,6,311.59
2025-12-09,9:34:43.463315981,T,IBM,I,6,311.57
2025-12-09,9:34:43.463325332,T,IBM,F I,12,311.59
2025-12-09,9:34:43.463325332,T,IBM,F,40,311.6
2025-12-09,9:34:43.463327977,T,IBM,F I,19,311.6
2025-12-09,9:34:43.463327977,T,IBM,F I,9,311.65
2025-12-09,9:34:43.463436190,T,IBM,F I,31,311.65
2025-12-09,9:34:43.463436190,T,IBM,F,40,311.65
2025-12-09,9:34:43.463439223,T,IBM,F I,15,311.65
2025-12-09,9:34:44.991099998,T,IBM,I,7,311.57
2025-12-09,9:34:44.991103000,T,IBM,I,2,311.57
2025-12-09,9:34:44.991475884,T,IBM,,45,311.52
2025-12-09,9:34:44.991478971,T,IBM,,95,311.56
2025-12-09,9:34:44.991815772,T,IBM,F I,20,311.47
2025-12-09,9:34:44.993358450,T,IBM,,90,311.47
2025-12-09,9:34:44.993379520,T,IBM,I,1,311.47
2025-12-09,9:34:44.993391496,T,IBM,I,9,311.47
2025-12-09,9:34:44.993391496,T,IBM,,40,311.47
2025-12-09,9:34:44.994056034,T,IBM,,48,311.375
2025-12-09,9:34:45.897346402,T,IBM,F I,1,311.57
2025-12-09,9:34:47.749900561,T,IBM,F I,25,311.66
2025-12-09,9:34:57.258242245,T,IBM,I,3,311.6
2025-12-09,9:35:02.674243533,T,IBM,F I,1,311.63
2025-12-09,9:35:02.674264573,T,IBM,F I,1,311.63
2025-12-09,9:35:03.601311513,T,IBM,F I,4,311.71
2025-12-09,9:35:03.776292056,T,IBM,I,8,311.8
2025-12-09,9:35:05.555062539,T,IBM,,45,311.74
2025-12-09,9:35:05.555062539,T,IBM,I,7,311.75
2025-12-09,9:35:05.555080635,T,IBM,,52,311.75
2025-12-09,9:35:05.555230940,T,IBM,F,52,311.76
2025-12-09,9:35:05.555561744,T,IBM,I,12,311.76
2025-12-09,9:35:05.555802345,T,IBM,F,52,311.76
2025-12-09,9:35:05.556220313,T,IBM,I,1,311.76
2025-12-09,9:35:06.140099297,T,IBM,F I,8,311.81
2025-12-09,9:35:10.067280309,T,IBM,F I,10,311.87
2025-12-09,9:35:10.861693481,T,IBM,F I,25,311.99
2025-12-09,9:35:10.862445441,T,IBM,F I,24,312.02
2025-12-09,9:35:12.166129880,T,IBM,,100,312.15
2025-12-09,9:35:13.412735526,T,IBM,F I,25,312.11
2025-12-09,9:35:13.412828775,T,IBM,F I,25,312.1
2025-12-09,9:35:13.412864799,T,IBM,F I,25,312.08
2025-12-09,9:35:20.613810479,T,IBM,F,195,312.2
2025-12-09,9:35:20.613831527,T,IBM,I,1,312.2
2025-12-09,9:35:20.613834604,T,IBM,I,9,312.2
2025-12-09,9:35:23.370130112,T,IBM,,40,312.56
2025-12-09,9:35:28.057379575,T,IBM,,80,312.56
2025-12-09,9:35:28.057707312,T,IBM,,45,312.58
2025-12-09,9:35:28.057707312,T,IBM,I,23,312.585
2025-12-09,9:35:28.058206515,T,IBM,F,50,312.6
2025-12-09,9:35:28.058239651,T,IBM,,50,312.6
2025-12-09,9:35:28.058272672,T,IBM,I,10,312.56
2025-12-09,9:35:28.060299488,T,IBM,F,122,312.61
2025-12-09,9:35:28.060302517,T,IBM,F,40,312.61
2025-12-09,9:35:28.067796413,T,IBM,F I,1,312.66
2025-12-09,9:35:28.067799449,T,IBM,F,40,312.66
2025-12-09,9:35:30.077044604,T,IBM,I,31,312.82
2025-12-09,9:35:46.949172236,T,IBM,I,16,312.85
2025-12-09,9:35:46.949500117,T,IBM,I,2,312.86
2025-12-09,9:35:46.949503022,T,IBM,,80,312.86
2025-12-09,9:35:46.949524244,T,IBM,F,40,312.88
2025-12-09,9:35:46.949831058,T,IBM,F I,36,312.85
2025-12-09,9:35:46.949833839,T,IBM,,64,312.85
2025-12-09,9:35:48.460212533,T,IBM,I,20,312.78
2025-12-09,9:35:48.460215487,T,IBM,I,14,312.78
2025-12-09,9:35:51.224248775,T,IBM,F I,20,312.88
2025-12-09,9:35:51.224248775,T,IBM,F I,19,312.88
2025-12-09,9:35:51.224266603,T,IBM,I,1,312.88
2025-12-09,9:35:52.740782812,T,IBM,,45,312.86
2025-12-09,9:35:52.740866957,T,IBM,I,25,312.86
2025-12-09,9:35:52.740869985,T,IBM,I,30,312.86
2025-12-09,9:35:52.753993288,T,IBM,,45,312.86
2025-12-09,9:35:55.635588150,T,IBM,I,27,312.88
2025-12-09,9:36:00.873749842,T,IBM,F I,15,312.91
2025-12-09,9:36:00.873752235,T,IBM,F I,25,312.91
2025-12-09,9:36:00.873755171,T,IBM,F I,20,312.91
2025-12-09,9:36:05.364549905,T,IBM,F,40,312.87
2025-12-09,9:36:05.364549905,T,IBM,F I,10,312.87
2025-12-09,9:36:05.364964883,T,IBM,F,40,312.86
2025-12-09,9:36:05.365070151,T,IBM,I,6,312.9
2025-12-09,9:36:05.365133283,T,IBM,F I,6,312.86
2025-12-09,9:36:05.365229551,T,IBM,I,2,312.88
2025-12-09,9:36:05.365650526,T,IBM,F I,4,312.86
2025-12-09,9:36:05.365903181,T,IBM,I,3,312.9
2025-12-09,9:36:08.362738461,T,IBM,F I,3,312.86
2025-12-09,9:36:15.070729416,T,IBM,I,3,312.86
2025-12-09,9:36:15.070786700,T,IBM,I,6,312.9
2025-12-09,9:36:15.070930991,T,IBM,I,6,312.86
2025-12-09,9:36:15.073544119,T,IBM,I,1,312.9
2025-12-09,9:36:17.092310015,T,IBM,,80,312.93
2025-12-09,9:36:17.092328110,T,IBM,F I,2,312.93
2025-12-09,9:36:17.092938579,T,IBM,F I,3,312.98
2025-12-09,9:36:17.092965592,T,IBM,F I,2,312.98
2025-12-09,9:36:17.189417304,T,IBM,I,35,312.97
2025-12-09,9:36:17.240340483,T,IBM,I,35,312.97
2025-12-09,9:36:21.293440426,T,IBM,F I,6,312.89
2025-12-09,9:36:24.155428443,T,IBM,F I,23,312.88
2025-12-09,9:36:24.155452474,T,IBM,,53,312.88
2025-12-09,9:36:24.155846478,T,IBM,F I,13,312.89
2025-12-09,9:36:24.155846478,T,IBM,F,40,312.89
2025-12-09,9:36:25.595268152,T,IBM,F,40,312.77
2025-12-09,9:36:25.595271191,T,IBM,F,40,312.77
2025-12-09,9:36:25.595271191,T,IBM,F,40,312.77
2025-12-09,9:36:26.595969410,T,IBM,I,13,312.83
2025-12-09,9:36:26.595972419,T,IBM,I,2,312.83
2025-12-09,9:36:43.251515553,T,IBM,I,3,312.85
2025-12-09,9:36:46.386220136,T,IBM,F I,9,312.75
2025-12-09,9:36:46.386397457,T,IBM,F I,16,312.72
2025-12-09,9:36:46.386430601,T,IBM,F I,4,312.72
2025-12-09,9:36:48.182973400,T,IBM,I,1,312.57
2025-12-09,9:36:59.453395697,T,IBM,F I,1,312.51
2025-12-09,9:36:59.454977540,T,IBM,F I,21,312.35
2025-12-09,9:37:02.510488412,T,IBM,F,40,312.37
2025-12-09,9:37:02.511189073,T,IBM,I,5,312.39
2025-12-09,9:37:02.511285400,T,IBM,I,6,312.43
2025-12-09,9:37:02.511480875,T,IBM,F I,3,312.4
2025-12-09,9:37:02.511510909,T,IBM,F I,3,312.4
2025-12-09,9:37:02.669561643,T,IBM,,40,312.43
2025-12-09,9:37:02.669756665,T,IBM,F,40,312.46
2025-12-09,9:37:02.670012253,T,IBM,,40,312.47
2025-12-09,9:37:02.682070868,T,IBM,,40,312.47
2025-12-09,9:37:02.682088977,T,IBM,,40,312.47
2025-12-09,9:37:02.682088977,T,IBM,I,29,312.47
2025-12-09,9:37:02.682098010,T,IBM,F I,2,312.47
2025-12-09,9:37:02.682146593,T,IBM,F,40,312.47
2025-12-09,9:37:02.682152152,T,IBM,F I,28,312.47
2025-12-09,9:37:02.682236269,T,IBM,,40,312.47
2025-12-09,9:37:02.682389694,T,IBM,F I,18,312.47
2025-12-09,9:37:02.690283451,T,IBM,F,40,312.47
2025-12-09,9:37:02.841850249,T,IBM,,80,312.47
2025-12-09,9:37:03.583466711,T,IBM,F I,7,312.42
2025-12-09,9:37:03.583466711,T,IBM,F I,6,312.42
2025-12-09,9:37:09.291249627,T,IBM,I,5,312.395
2025-12-09,9:37:10.442754404,T,IBM,I,1,312.46
2025-12-09,9:37:10.442757030,T,IBM,I,6,312.46
2025-12-09,9:37:10.442759961,T,IBM,I,7,312.46
2025-12-09,9:37:10.442759961,T,IBM,I,2,312.46
2025-12-09,9:37:11.685206784,T,IBM,F I,1,312.36
2025-12-09,9:37:11.685210025,T,IBM,F I,24,312.35
2025-12-09,9:37:13.268115014,T,IBM,F I,1,312.24
2025-12-09,9:37:13.268117987,T,IBM,F I,10,312.24
2025-12-09,9:37:13.268999022,T,IBM,F,40,312.16
2025-12-09,9:37:15.432024274,T,IBM,,100,312.15
2025-12-09,9:37:16.321791444,T,IBM,I,2,312.15
2025-12-09,9:37:16.321795036,T,IBM,I,15,312.14
2025-12-09,9:37:16.321797857,T,IBM,,100,312.13
2025-12-09,9:37:16.321797857,T,IBM,,40,312.12
2025-12-09,9:37:16.321801526,T,IBM,I,11,312.11
2025-12-09,9:37:16.321801526,T,IBM,,100,312.09
2025-12-09,9:37:16.321806437,T,IBM,,50,312.08
2025-12-09,9:37:16.321806437,T,IBM,I,1,312.08
2025-12-09,9:37:16.321810222,T,IBM,,100,312.08
2025-12-09,9:37:16.321810222,T,IBM,I,20,312.07
2025-12-09,9:37:16.321813257,T,IBM,I,1,312.07
2025-12-09,9:37:16.321815510,T,IBM,,100,312.07
2025-12-09,9:37:16.321815510,T,IBM,,100,312.07
2025-12-09,9:37:16.321818463,T,IBM,I,20,312.07
2025-12-09,9:37:16.327053951,T,IBM,F,40,312.0
2025-12-09,9:37:16.327053951,T,IBM,F,40,312.0
2025-12-09,9:37:17.384028128,T,IBM,F I,25,311.95
2025-12-09,9:37:17.384055234,T,IBM,,40,312.0
2025-12-09,9:37:19.507644653,T,IBM,I,20,312.01
2025-12-09,9:37:19.584694004,T,IBM,I,2,312.0
2025-12-09,9:37:19.853113037,T,IBM,I,20,312.0
2025-12-09,9:37:19.881049563,T,IBM,F,40,311.97
2025-12-09,9:37:19.881082688,T,IBM,F I,16,311.97
2025-12-09,9:37:19.881104121,T,IBM,F I,24,311.97
2025-12-09,9:37:44.273985138,T,IBM,F I,1,312.13
2025-12-09,9:37:44.273988174,T,IBM,F I,20,312.15
2025-12-09,9:37:44.274012159,T,IBM,F I,19,312.15
2025-12-09,9:37:44.274039293,T,IBM,F I,1,312.13
2025-12-09,9:37:44.274054320,T,IBM,F I,1,312.13
2025-12-09,9:37:44.274460190,T,IBM,F I,1,312.13
2025-12-09,9:37:44.274478310,T,IBM,I,1,312.09
2025-12-09,9:37:44.274613563,T,IBM,I,1,312.15
2025-12-09,9:37:44.281346640,T,IBM,F I,11,312.09
2025-12-09,9:37:44.281346640,T,IBM,F I,1,312.09
2025-12-09,9:37:44.374343023,T,IBM,I,2,312.04
2025-12-09,9:37:44.374364021,T,IBM,F I,2,312.04
2025-12-09,9:38:02.716508537,T,IBM,F I,1,311.95
2025-12-09,9:38:02.716511369,T,IBM,F,40,311.94
2025-12-09,9:38:02.716511369,T,IBM,F I,3,311.94
2025-12-09,9:38:02.716514445,T,IBM,F I,19,311.94
2025-12-09,9:38:02.716517637,T,IBM,F I,1,311.94
2025-12-09,9:38:02.716520629,T,IBM,F I,1,311.93
2025-12-09,9:38:02.716523464,T,IBM,F I,2,311.92
2025-12-09,9:38:02.716523464,T,IBM,F I,14,311.91
2025-12-09,9:38:02.716523464,T,IBM,F I,23,311.91
2025-12-09,9:38:02.716781897,T,IBM,I,2,311.91
2025-12-09,9:38:02.725544791,T,IBM,,100,311.94
2025-12-09,9:38:02.725547803,T,IBM,I,20,311.94
2025-12-09,9:38:02.859113739,T,IBM,F,44,312.0
2025-12-09,9:38:02.859132507,T,IBM,I,1,312.0
2025-12-09,9:38:02.859179837,T,IBM,F,44,312.0
2025-12-09,9:38:02.861580561,T,IBM,F I,20,312.1
2025-12-09,9:38:02.861580561,T,IBM,F I,8,312.1
2025-12-09,9:38:02.861651788,T,IBM,,76,312.09
2025-12-09,9:38:04.154750897,T,IBM,F I,10,312.13
2025-12-09,9:38:04.219816844,T,IBM,F I,15,312.13
2025-12-09,9:38:05.479840434,T,IBM,,120,312.13
2025-12-09,9:38:22.252620571,T,IBM,F I,1,312.04
2025-12-09,9:38:22.252623623,T,IBM,F I,24,312.015
2025-12-09,9:38:26.455576054,T,IBM,F I,25,311.98
2025-12-09,9:38:26.455624191,T,IBM,F I,25,311.98
2025-12-09,9:38:26.455660298,T,IBM,F I,25,311.98
2025-12-09,9:38:26.455696317,T,IBM,F I,25,311.98
2025-12-09,9:38:32.762138349,T,IBM,F I,1,311.99
2025-12-09,9:38:33.735471439,T,IBM,F I,10,312.1
2025-12-09,9:38:33.735471439,T,IBM,F I,17,312.1
2025-12-09,9:38:33.735477519,T,IBM,F I,2,312.11
2025-12-09,9:38:33.736127018,T,IBM,I,17,312.18
2025-12-09,9:38:33.759138137,T,IBM,I,4,312.17
2025-12-09,9:38:33.759140754,T,IBM,I,5,312.165
2025-12-09,9:38:33.759143763,T,IBM,,91,312.165
2025-12-09,9:38:33.773051859,T,IBM,,45,312.235
2025-12-09,9:38:33.773070029,T,IBM,,100,312.235
2025-12-09,9:38:33.773103070,T,IBM,I,5,312.235
2025-12-09,9:38:33.773175226,T,IBM,,40,312.24
2025-12-09,9:38:33.773178232,T,IBM,I,16,312.24
2025-12-09,9:38:36.417390914,T,IBM,F I,25,312.24
2025-12-09,9:38:42.369950497,T,IBM,I,1,312.34
2025-12-09,9:38:43.668528914,T,IBM,I,10,312.48
2025-12-09,9:38:43.668531923,T,IBM,I,19,312.48
2025-12-09,9:38:43.668550125,T,IBM,I,1,312.48
2025-12-09,9:38:43.668550125,T,IBM,I,7,312.48
2025-12-09,9:38:43.676576051,T,IBM,,40,312.515
2025-12-09,9:38:55.250023743,T,IBM,F I,10,312.59
2025-12-09,9:38:55.336341183,T,IBM,I,15,312.605
2025-12-09,9:38:55.807890796,T,IBM,F I,30,312.57
2025-12-09,9:38:55.808110261,T,IBM,F I,1,312.52
2025-12-09,9:38:55.808140306,T,IBM,I,30,312.51
2025-12-09,9:38:55.808161415,T,IBM,I,1,312.51
2025-12-09,9:38:55.808164595,T,IBM,F I,2,312.5
2025-12-09,9:38:55.808176439,T,IBM,F I,3,312.49
2025-12-09,9:38:55.818734611,T,IBM,F I,15,312.39
2025-12-09,9:38:56.703254172,T,IBM,F I,1,312.27
2025-12-09,9:38:56.853861762,T,IBM,F I,1,312.27
2025-12-09,9:38:56.853861762,T,IBM,F I,4,312.26
2025-12-09,9:38:58.729282340,T,IBM,I,1,312.27
2025-12-09,9:38:58.729282340,T,IBM,I,1,312.26
2025-12-09,9:38:59.003300656,T,IBM,F I,25,312.12
2025-12-09,9:38:59.003634477,T,IBM,,45,312.12
2025-12-09,9:38:59.004302048,T,IBM,I,10,312.12
2025-12-09,9:39:01.581567066,T,IBM,I,15,312.17
2025-12-09,9:39:01.581567066,T,IBM,I,15,312.17
2025-12-09,9:39:01.581569535,T,IBM,,55,312.18
2025-12-09,9:39:01.581641723,T,IBM,F I,10,312.23
2025-12-09,9:39:25.144883928,T,IBM,F I,3,312.21
2025-12-09,9:39:25.144883928,T,IBM,F I,20,312.21
2025-12-09,9:39:25.144905458,T,IBM,F I,20,312.21
2025-12-09,9:39:25.144905458,T,IBM,I,23,312.21
2025-12-09,9:39:25.144907845,T,IBM,I,1,312.21
2025-12-09,9:39:25.144910925,T,IBM,I,1,312.21
2025-12-09,9:39:25.144956069,T,IBM,F I,23,312.21
2025-12-09,9:39:25.145161332,T,IBM,F I,23,312.21
2025-12-09,9:39:25.145244666,T,IBM,F I,2,312.21
2025-12-09,9:39:25.146330306,T,IBM,I,7,312.21
2025-12-09,9:39:33.073543637,T,IBM,F I,25,312.29
2025-12-09,9:39:34.304548239,T,IBM,I,2,312.29
2025-12-09,9:39:34.304869916,T,IBM,F I,25,312.29
2025-12-09,9:39:34.304887949,T,IBM,I,10,312.29
2025-12-09,9:39:34.304902965,T,IBM,,45,312.29
2025-12-09,9:39:34.304905972,T,IBM,I,18,312.29
2025-12-09,9:39:36.082951850,T,IBM,I,11,312.29
2025-12-09,9:39:43.662083498,T,IBM,I,2,312.38
2025-12-09,9:39:43.662859356,T,IBM,I,10,312.46
2025-12-09,9:39:43.662862409,T,IBM,I,15,312.46
2025-12-09,9:39:43.721457087,T,IBM,F I,13,312.61
2025-12-09,9:39:43.721457087,T,IBM,F I,10,312.61
2025-12-09,9:39:43.721460460,T,IBM,F I,2,312.61
2025-12-09,9:39:43.721465873,T,IBM,F I,2,312.61
2025-12-09,9:39:43.721474887,T,IBM,I,1,312.61
2025-12-09,9:39:43.721811729,T,IBM,F I,1,312.625
2025-12-09,9:39:43.721884235,T,IBM,I,34,312.625
2025-12-09,9:39:43.721884235,T,IBM,I,18,312.625
2025-12-09,9:39:43.725928555,T,IBM,I,37,312.625
2025-12-09,9:39:45.710220302,T,IBM,F I,3,312.65
2025-12-09,9:39:49.039199204,T,IBM,I,1,312.61
2025-12-09,9:39:49.039202273,T,IBM,I,2,312.6
2025-12-09,9:39:49.039220313,T,IBM,F I,1,312.6
2025-12-09,9:39:49.358619631,T,IBM,I,1,312.54
2025-12-09,9:40:00.270792964,T,IBM,F,45,312.48
2025-12-09,9:40:05.792501900,T,IBM,,40,312.43
2025-12-09,9:40:06.365915961,T,IBM,F I,1,312.5
2025-12-09,9:40:06.366710414,T,IBM,I,5,312.51
2025-12-09,9:40:06.366710414,T,IBM,I,4,312.51
2025-12-09,9:40:06.367079757,T,IBM,I,7,312.51
2025-12-09,9:40:06.367100789,T,IBM,F I,2,312.5
2025-12-09,9:40:10.500768303,T,IBM,F I,1,312.55
2025-12-09,9:40:12.547783426,T,IBM,F I,1,312.51
2025-12-09,9:40:16.596110961,T,IBM,F I,1,312.49
2025-12-09,9:40:16.596321293,T,IBM,F I,25,312.43
2025-12-09,9:40:16.596613018,T,IBM,F I,25,312.43
2025-12-09,9:40:18.570436878,T,IBM,I,2,312.54
2025-12-09,9:40:18.570440408,T,IBM,I,37,312.54
2025-12-09,9:40:18.570443286,T,IBM,,78,312.54
2025-12-09,9:40:18.570454917,T,IBM,F I,30,312.54
2025-12-09,9:40:18.581058075,T,IBM,F,40,312.62
2025-12-09,9:40:18.581079136,T,IBM,I,4,312.62
2025-12-09,9:40:18.581079136,T,IBM,I,1,312.62
2025-12-09,9:40:18.590720065,T,IBM,I,5,312.62
2025-12-09,9:40:19.710577071,T,IBM,I,15,312.71
2025-12-09,9:40:22.170020910,T,IBM,F,70,312.75
2025-12-09,9:40:22.170020910,T,IBM,F,52,312.75
2025-12-09,9:40:25.944892406,T,IBM,F I,15,312.74
2025-12-09,9:40:25.944895348,T,IBM,F I,5,312.73
2025-12-09,9:40:30.874876809,T,IBM,I,5,312.83
2025-12-09,9:40:30.945963097,T,IBM,,40,312.9
2025-12-09,9:40:30.955688273,T,IBM,F I,1,312.81
2025-12-09,9:40:30.955688273,T,IBM,F I,39,312.81
2025-12-09,9:40:34.108180132,T,IBM,I,20,313.0
2025-12-09,9:40:34.108182767,T,IBM,I,10,313.0
2025-12-09,9:40:34.108185821,T,IBM,,88,313.0
2025-12-09,9:40:35.682114659,T,IBM,I,2,313.14
2025-12-09,9:40:35.862650098,T,IBM,F I,15,313.13
2025-12-09,9:40:35.862650098,T,IBM,F I,10,313.1
2025-12-09,9:40:41.645190334,T,IBM,F,40,313.13
2025-12-09,9:40:42.801388671,T,IBM,F,40,313.13
2025-12-09,9:40:45.636784852,T,IBM,F I,4,313.11
2025-12-09,9:40:45.636784852,T,IBM,F I,5,313.11
2025-12-09,9:40:45.636787609,T,IBM,F I,20,313.11
2025-12-09,9:40:51.154956967,T,IBM,F I,3,313.12
2025-12-09,9:40:52.583381517,T,IBM,F I,15,313.1
2025-12-09,9:40:52.583381517,T,IBM,F I,15,313.1
2025-12-09,9:40:52.583384469,T,IBM,F I,5,313.09
2025-12-09,9:40:53.056230117,T,IBM,F I,35,313.07
2025-12-09,9:40:53.056230117,T,IBM,F I,4,313.06
2025-12-09,9:40:53.057797130,T,IBM,F I,11,313.06
2025-12-09,9:40:53.057797130,T,IBM,F I,24,313.06
2025-12-09,9:40:53.074691025,T,IBM,I,23,313.05
2025-12-09,9:40:53.078044386,T,IBM,,80,313.06
2025-12-09,9:40:53.078044386,T,IBM,I,6,313.06
2025-12-09,9:40:53.078047423,T,IBM,I,2,313.06
2025-12-09,9:40:53.078047423,T,IBM,I,1,313.06
2025-12-09,9:40:53.078480091,T,IBM,I,1,313.04
2025-12-09,9:40:53.083820760,T,IBM,I,39,313.04
2025-12-09,9:40:53.083820760,T,IBM,I,1,313.05
2025-12-09,9:40:53.093894772,T,IBM,F I,22,313.0
2025-12-09,9:40:53.095555257,T,IBM,F I,39,313.05
2025-12-09,9:40:53.177382528,T,IBM,I,7,313.12
2025-12-09,9:40:53.177424602,T,IBM,I,12,313.12
2025-12-09,9:40:54.078468674,T,IBM,F,50,313.0
2025-12-09,9:40:54.078472264,T,IBM,F I,2,313.05
2025-12-09,9:40:54.078472264,T,IBM,F,68,313.07
2025-12-09,9:40:54.108961263,T,IBM,F I,2,313.02
2025-12-09,9:40:54.108964258,T,IBM,F I,38,313.04
2025-12-09,9:40:56.163806968,T,IBM,I,7,312.95
2025-12-09,9:41:05.993581220,T,IBM,F I,36,313.07
2025-12-09,9:41:05.993583726,T,IBM,F I,29,313.07
2025-12-09,9:41:05.993583726,T,IBM,F I,1,313.07
2025-12-09,9:41:05.993587372,T,IBM,F I,2,313.07
2025-12-09,9:41:05.993607830,T,IBM,F I,32,313.07
2025-12-09,9:41:05.993610854,T,IBM,I,1,313.07
2025-12-09,9:41:05.994389707,T,IBM,F I,25,313.05
2025-12-09,9:41:05.994446868,T,IBM,F I,25,313.05
2025-12-09,9:41:05.994528054,T,IBM,F I,29,312.98
2025-12-09,9:41:05.994528054,T,IBM,F I,7,312.98
2025-12-09,9:41:05.994564877,T,IBM,F I,3,312.94
2025-12-09,9:41:05.994567449,T,IBM,F I,7,312.94
2025-12-09,9:41:05.994570165,T,IBM,F I,10,312.93
2025-12-09,9:41:05.994768599,T,IBM,,100,312.97
2025-12-09,9:41:05.995640658,T,IBM,F I,25,312.9
2025-12-09,9:41:05.997075103,T,IBM,I,21,312.81
2025-12-09,9:41:05.997078072,T,IBM,,40,312.81
2025-12-09,9:41:05.997088106,T,IBM,I,20,312.9
2025-12-09,9:41:05.999053780,T,IBM,F,100,312.74
2025-12-09,9:41:05.999056821,T,IBM,F I,26,312.74
2025-12-09,9:41:05.999074864,T,IBM,F,159,312.74
2025-12-09,9:41:05.999077887,T,IBM,F,100,312.74
2025-12-09,9:41:06.016723993,T,IBM,F,40,312.69
2025-12-09,9:41:06.452972782,T,IBM,I,1,312.58
2025-12-09,9:41:06.452975436,T,IBM,I,23,312.57
2025-12-09,9:41:06.452978306,T,IBM,F I,1,312.57
2025-12-09,9:41:06.453050466,T,IBM,F I,20,312.52
2025-12-09,9:41:06.453570777,T,IBM,F I,1,312.36
2025-12-09,9:41:06.453603796,T,IBM,I,1,312.36
2025-12-09,9:41:06.453606857,T,IBM,I,2,312.36
2025-12-09,9:41:12.698387106,T,IBM,F I,1,312.25
2025-12-09,9:41:12.698390149,T,IBM,F I,1,312.24
2025-12-09,9:41:12.698411115,T,IBM,F I,1,312.24
2025-12-09,9:41:12.699349358,T,IBM,F,160,312.06
2025-12-09,9:41:12.699385446,T,IBM,F I,2,312.05
2025-12-09,9:41:12.699397528,T,IBM,F I,6,312.03
2025-12-09,9:41:14.381433733,T,IBM,F I,1,311.91
2025-12-09,9:41:14.381433733,T,IBM,F I,35,311.91
2025-12-09,9:41:14.381451708,T,IBM,F I,4,311.91
2025-12-09,9:41:14.381484819,T,IBM,,40,311.91
2025-12-09,9:41:14.381692361,T,IBM,F I,21,311.91
2025-12-09,9:41:14.381692361,T,IBM,F I,19,311.9
2025-12-09,9:41:14.381695360,T,IBM,F I,21,311.9
2025-12-09,9:41:14.438259913,T,IBM,I,2,311.88
2025-12-09,9:41:14.438284013,T,IBM,F I,15,311.9
2025-12-09,9:41:21.092094972,T,IBM,F I,25,312.06
2025-12-09,9:41:24.852757524,T,IBM,I,5,312.12
2025-12-09,9:41:33.268348537,T,IBM,I,2,312.06
2025-12-09,9:41:37.111933540,T,IBM,I,2,312.09
2025-12-09,9:41:37.111936515,T,IBM,I,38,312.1
2025-12-09,9:41:39.784287311,T,IBM,F I,1,311.93
2025-12-09,9:41:39.784317382,T,IBM,I,6,311.92
2025-12-09,9:41:47.828515449,T,IBM,I,10,312.13
2025-12-09,9:41:47.828533860,T,IBM,I,10,312.13
2025-12-09,9:42:03.587657173,T,IBM,I,8,312.27
2025-12-09,9:42:07.387963041,T,IBM,F I,2,312.15
2025-12-09,9:42:07.387963041,T,IBM,F I,15,312.14
2025-12-09,9:42:07.389262088,T,IBM,F I,2,312.21
2025-12-09,9:42:07.389265848,T,IBM,F,44,312.21
2025-12-09,9:42:07.389271828,T,IBM,F I,2,312.21
2025-12-09,9:42:07.389271828,T,IBM,F I,6,312.22
2025-12-09,9:42:07.389274357,T,IBM,F I,9,312.22
2025-12-09,9:42:07.389274357,T,IBM,F,57,312.22
2025-12-09,9:42:07.389283557,T,IBM,F,63,312.22
2025-12-09,9:42:07.389287203,T,IBM,F I,3,312.22
2025-12-09,9:42:07.389287203,T,IBM,F,66,312.22
2025-12-09,9:42:07.389292635,T,IBM,F,47,312.22
2025-12-09,9:42:07.389292635,T,IBM,F I,10,312.26
2025-12-09,9:42:07.389298408,T,IBM,F I,15,312.26
2025-12-09,9:42:07.389302148,T,IBM,F I,5,312.27
2025-12-09,9:42:07.389302148,T,IBM,F I,4,312.29
2025-12-09,9:42:07.389304820,T,IBM,F I,4,312.29
2025-12-09,9:42:07.389743244,T,IBM,I,12,312.29
2025-12-09,9:42:07.389746266,T,IBM,,100,312.29
2025-12-09,9:42:07.389749252,T,IBM,I,28,312.29
2025-12-09,9:42:07.393294697,T,IBM,,45,312.31
2025-12-09,9:42:07.393297760,T,IBM,,75,312.27
2025-12-09,9:42:08.134288678,T,IBM,F,40,312.33
2025-12-09,9:42:08.134312708,T,IBM,F I,25,312.33
2025-12-09,9:42:08.134682679,T,IBM,I,20,312.37
2025-12-09,9:42:08.134757861,T,IBM,F,40,312.38
2025-12-09,9:42:08.380502843,T,IBM,F I,15,312.38
2025-12-09,9:42:08.380521072,T,IBM,I,15,312.35
2025-12-09,9:42:08.380521072,T,IBM,I,4,312.33
2025-12-09,9:42:08.593917861,T,IBM,F I,1,312.32
2025-12-09,9:42:08.593917861,T,IBM,F I,18,312.31
2025-12-09,9:42:08.593932962,T,IBM,F I,1,312.31
2025-12-09,9:42:08.594453156,T,IBM,F I,1,312.24
2025-12-09,9:42:08.594459922,T,IBM,F I,1,312.15
2025-12-09,9:42:27.710498529,T,IBM,,40,312.205
2025-12-09,9:42:29.384433413,T,IBM,F I,1,312.13
2025-12-09,9:42:29.384445479,T,IBM,F I,1,312.12
2025-12-09,9:42:37.113150331,T,IBM,I,2,312.18
2025-12-09,9:42:37.113153342,T,IBM,I,38,312.2
2025-12-09,9:42:58.259196290,T,IBM,I,1,312.06
2025-12-09,9:42:58.259196290,T,IBM,I,1,312.05
2025-12-09,9:42:58.259211297,T,IBM,,40,312.17
2025-12-09,9:42:58.259259452,T,IBM,F I,1,312.05
2025-12-09,9:42:58.259280453,T,IBM,,100,312.05
2025-12-09,9:42:58.259599601,T,IBM,F I,2,312.05
2025-12-09,9:42:58.261196095,T,IBM,F,40,312.12
2025-12-09,9:43:21.171289480,T,IBM,F I,1,312.05
2025-12-09,9:43:21.171295506,T,IBM,F I,1,312.05
2025-12-09,9:43:21.171301614,T,IBM,F I,25,312.05
2025-12-09,9:43:21.171343667,T,IBM,F I,1,312.04
2025-12-09,9:43:21.172155652,T,IBM,I,13,312.01
2025-12-09,9:43:21.172176640,T,IBM,F I,27,312.01
2025-12-09,9:43:23.294959971,T,IBM,I,25,311.895
2025-12-09,9:43:39.500965788,T,IBM,I,20,312.13
2025-12-09,9:43:39.500998965,T,IBM,I,22,312.14
2025-12-09,9:43:39.501002174,T,IBM,,240,312.14
2025-12-09,9:43:39.501059125,T,IBM,,100,312.13
2025-12-09,9:43:39.501633425,T,IBM,F I,26,312.14
2025-12-09,9:43:39.501633425,T,IBM,F I,14,312.15
2025-12-09,9:43:40.357218157,T,IBM,F,45,312.28
2025-12-09,9:43:40.357218157,T,IBM,F I,35,312.28
2025-12-09,9:43:53.301849348,T,IBM,F I,5,312.13
2025-12-09,9:43:53.301849348,T,IBM,F I,5,312.13
2025-12-09,9:43:53.301855232,T,IBM,I,5,312.13
2025-12-09,9:43:53.301855232,T,IBM,I,25,312.13
2025-12-09,9:43:53.301864040,T,IBM,I,5,312.06
2025-12-09,9:43:53.301870006,T,IBM,F I,5,312.04
2025-12-09,9:43:53.301924313,T,IBM,F I,10,311.92
2025-12-09,9:43:53.301927189,T,IBM,F I,1,311.92
2025-12-09,9:43:53.301927189,T,IBM,F I,7,311.83
2025-12-09,9:43:53.301930318,T,IBM,F I,10,311.83
2025-12-09,9:43:53.301933207,T,IBM,F,80,311.79
2025-12-09,9:43:53.301933207,T,IBM,F I,3,311.79
2025-12-09,9:43:53.301939202,T,IBM,F I,10,311.79
2025-12-09,9:43:53.302128705,T,IBM,F I,16,312.06
2025-12-09,9:43:53.302360687,T,IBM,,50,311.92
2025-12-09,9:43:53.302363247,T,IBM,I,16,311.92
2025-12-09,9:43:53.302363247,T,IBM,I,34,311.9
2025-12-09,9:43:53.302381402,T,IBM,I,1,311.9
2025-12-09,9:43:53.302402277,T,IBM,,80,311.9
2025-12-09,9:43:53.303250315,T,IBM,F I,20,311.95
2025-12-09,9:43:53.304718002,T,IBM,F I,22,312.01
2025-12-09,9:43:53.304718002,T,IBM,F I,33,312.01
2025-12-09,9:43:53.304771985,T,IBM,I,20,312.01
2025-12-09,9:43:53.305223015,T,IBM,F I,14,312.01
2025-12-09,9:43:53.306873966,T,IBM,F I,25,312.06
2025-12-09,9:43:53.306910085,T,IBM,F I,25,312.06
2025-12-09,9:43:59.311511512,T,IBM,I,39,312.105
2025-12-09,9:44:00.585539504,T,IBM,F I,29,312.19
2025-12-09,9:44:00.585584545,T,IBM,I,29,312.2
2025-12-09,9:44:00.585587609,T,IBM,I,28,312.2
2025-12-09,9:44:00.585650766,T,IBM,I,14,312.2
2025-12-09,9:44:00.585698831,T,IBM,,66,312.2
2025-12-09,9:44:00.586174054,T,IBM,F I,6,312.2
2025-12-09,9:44:00.586176969,T,IBM,F I,15,312.2
2025-12-09,9:44:03.004452902,T,IBM,F,100,312.15
2025-12-09,9:44:03.004452902,T,IBM,F I,10,312.14
2025-12-09,9:44:03.006551855,T,IBM,F I,23,312.12
2025-12-09,9:44:07.590959404,T,IBM,I,1,312.28
2025-12-09,9:44:21.132823812,T,IBM,,40,312.225
2025-12-09,9:44:22.633805149,T,IBM,F I,23,312.16
2025-12-09,9:44:22.633973382,T,IBM,I,23,312.15
2025-12-09,9:44:22.633994474,T,IBM,I,1,312.15
2025-12-09,9:44:22.633994474,T,IBM,I,1,312.15
2025-12-09,9:44:22.894486607,T,IBM,F I,5,312.15
2025-12-09,9:44:22.894507648,T,IBM,I,5,312.15
2025-12-09,9:44:22.894916635,T,IBM,I,22,312.15
2025-12-09,9:44:26.353819763,T,IBM,F I,3,312.14
2025-12-09,9:44:26.353822807,T,IBM,F I,19,312.14
2025-12-09,9:44:26.353840789,T,IBM,I,1,312.14
2025-12-09,9:44:26.353844133,T,IBM,I,22,312.14
2025-12-09,9:44:26.353846968,T,IBM,I,17,312.14
2025-12-09,9:44:26.353850107,T,IBM,I,4,312.14
2025-12-09,9:44:26.353850107,T,IBM,I,1,312.14
2025-12-09,9:44:26.354003257,T,IBM,F I,25,312.14
2025-12-09,9:44:26.609671844,T,IBM,F I,3,312.19
2025-12-09,9:44:26.609704892,T,IBM,F I,3,312.19
2025-12-09,9:44:26.609720157,T,IBM,F I,9,312.19
2025-12-09,9:44:28.185026053,T,IBM,F I,39,312.17
2025-12-09,9:44:44.141269368,T,IBM,F,240,312.23
2025-12-09,9:44:44.141272372,T,IBM,F I,3,312.23
2025-12-09,9:44:44.141569979,T,IBM,F I,5,312.25
2025-12-09,9:44:44.141573463,T,IBM,F,80,312.25
2025-12-09,9:44:44.141573463,T,IBM,F I,15,312.25
2025-12-09,9:44:44.142526296,T,IBM,F I,26,312.37
2025-12-09,9:44:44.142535297,T,IBM,F I,14,312.37
2025-12-09,9:44:44.142538311,T,IBM,F I,2,312.37
2025-12-09,9:44:44.142556360,T,IBM,I,6,312.37
2025-12-09,9:44:44.142595763,T,IBM,I,22,312.37
2025-12-09,9:44:44.142640933,T,IBM,I,10,312.36
2025-12-09,9:44:44.142640933,T,IBM,I,10,312.36
2025-12-09,9:44:44.142745792,T,IBM,F I,10,312.37
2025-12-09,9:44:52.742513303,T,IBM,F I,25,312.32
2025-12-09,9:44:52.814312295,T,IBM,F I,25,312.32
2025-12-09,9:44:54.944201661,T,IBM,F I,2,312.32
2025-12-09,9:44:56.930499234,T,IBM,F I,2,312.31
2025-12-09,9:44:56.930556376,T,IBM,F I,12,312.31
2025-12-09,9:44:56.939713140,T,IBM,F I,20,312.25
2025-12-09,9:45:00.000681950,T,IBM,I,17,312.29
2025-12-09,9:45:00.464801029,T,IBM,I,14,312.37
2025-12-09,9:45:00.464804036,T,IBM,I,3,312.37
2025-12-09,9:45:00.464822012,T,IBM,I,14,312.37
2025-12-09,9:45:01.010218383,T,IBM,F I,2,312.33
2025-12-09,9:45:01.010221410,T,IBM,F,52,312.32
2025-12-09,9:45:01.010513057,T,IBM,F,54,312.32
2025-12-09,9:45:01.010531061,T,IBM,F,54,312.32
2025-12-09,9:45:01.010546178,T,IBM,F I,25,312.32
2025-12-09,9:45:01.010546178,T,IBM,F I,14,312.31
2025-12-09,9:45:01.010549127,T,IBM,F I,11,312.31
2025-12-09,9:45:01.010570381,T,IBM,I,1,312.31
2025-12-09,9:45:01.010570381,T,IBM,I,1,312.31
2025-12-09,9:45:01.010573259,T,IBM,I,2,312.31
2025-12-09,9:45:01.010576837,T,IBM,I,20,312.31
2025-12-09,9:45:01.010576837,T,IBM,I,5,312.31
2025-12-09,9:45:01.019026277,T,IBM,I,20,312.31
2025-12-09,9:45:02.010224879,T,IBM,F I,5,312.24
2025-12-09,9:45:02.010781232,T,IBM,I,4,312.17
2025-12-09,9:45:02.010781232,T,IBM,I,23,312.17
2025-12-09,9:45:02.010784269,T,IBM,I,1,312.17
2025-12-09,9:45:20.822228402,T,IBM,I,5,312.17
2025-12-09,9:45:20.822631389,T,IBM,F,44,312.09
2025-12-09,9:45:20.822631389,T,IBM,F,44,312.09
2025-12-09,9:45:20.822640641,T,IBM,F I,12,312.09
2025-12-09,9:45:20.822640641,T,IBM,F I,15,312.08
2025-12-09,9:45:20.822644081,T,IBM,F I,17,312.06
2025-12-09,9:45:20.822646422,T,IBM,F I,4,312.06
2025-12-09,9:45:20.822646422,T,IBM,F I,23,312.06
2025-12-09,9:45:20.823635748,T,IBM,F,80,312.01
2025-12-09,9:45:20.851695539,T,IBM,,45,311.92
2025-12-09,9:45:45.532585389,T,IBM,F I,25,311.96
2025-12-09,9:45:45.532608625,T,IBM,F,46,311.96
2025-12-09,9:45:51.866172210,T,IBM,I,2,311.93
2025-12-09,9:45:52.584868079,T,IBM,F,100,311.87
2025-12-09,9:45:52.584871180,T,IBM,F I,30,311.84
2025-12-09,9:45:52.584871180,T,IBM,F I,13,311.84
2025-12-09,9:45:52.584874096,T,IBM,F I,10,311.83
2025-12-09,9:45:52.584943281,T,IBM,I,6,311.83
2025-12-09,9:45:52.584976566,T,IBM,,111,311.83
2025-12-09,9:45:52.584976566,T,IBM,I,5,311.83
2025-12-09,9:45:52.584979377,T,IBM,I,21,311.83
2025-12-09,9:45:52.585126714,T,IBM,I,20,311.84
2025-12-09,9:45:52.585277055,T,IBM,I,12,311.84
2025-12-09,9:45:52.585289142,T,IBM,I,12,311.84
2025-12-09,9:45:52.585301436,T,IBM,F,56,311.84
2025-12-09,9:45:52.585301436,T,IBM,F I,12,311.83
2025-12-09,9:45:52.585304193,T,IBM,F I,32,311.83
2025-12-09,9:45:52.585337208,T,IBM,F I,21,311.83
2025-12-09,9:45:52.585346262,T,IBM,F I,27,311.83
2025-12-09,9:45:52.585349265,T,IBM,F,93,311.83
2025-12-09,9:45:52.585872797,T,IBM,F I,6,311.88
2025-12-09,9:45:52.585872797,T,IBM,F I,8,311.88
2025-12-09,9:45:52.585893601,T,IBM,F I,32,311.88
2025-12-09,9:45:52.585923677,T,IBM,F I,8,311.89
2025-12-09,9:45:52.585977817,T,IBM,F I,24,311.89
2025-12-09,9:45:52.586007839,T,IBM,I,1,311.89
2025-12-09,9:45:52.586369385,T,IBM,,91,311.89
2025-12-09,9:45:52.586446848,T,IBM,F I,20,311.89
2025-12-09,9:45:52.586461885,T,IBM,I,1,311.89
2025-12-09,9:45:52.586504068,T,IBM,,66,311.89
2025-12-09,9:45:52.586564145,T,IBM,I,1,311.89
2025-12-09,9:45:53.584970885,T,IBM,F I,20,311.82
2025-12-09,9:45:53.585027993,T,IBM,I,8,311.86
2025-12-09,9:45:53.585076097,T,IBM,F I,8,311.82
2025-12-09,9:45:53.585361772,T,IBM,F,40,311.8
2025-12-09,9:45:53.644933643,T,IBM,I,10,311.805
2025-12-09,9:45:53.832796796,T,IBM,F I,2,311.82
2025-12-09,9:45:53.852779430,T,IBM,F I,6,311.89
2025-12-09,9:45:55.279113936,T,IBM,F I,20,312.0
2025-12-09,9:45:55.279117015,T,IBM,F,220,312.01
2025-12-09,9:45:55.279131965,T,IBM,F I,20,312.01
2025-12-09,9:45:55.279294350,T,IBM,F I,3,312.03
2025-12-09,9:45:55.280503188,T,IBM,F I,25,312.05
2025-12-09,9:46:01.523443069,T,IBM,F I,3,312.15
2025-12-09,9:46:01.523455137,T,IBM,I,3,312.17
2025-12-09,9:46:01.523476195,T,IBM,F,40,312.18
2025-12-09,9:46:02.439799584,T,IBM,F,80,312.24
2025-12-09,9:46:02.440019108,T,IBM,F I,29,312.29
2025-12-09,9:46:03.075979072,T,IBM,I,20,312.29
2025-12-09,9:46:03.075982066,T,IBM,,40,312.3
2025-12-09,9:46:03.075985108,T,IBM,,40,312.3
2025-12-09,9:46:03.076267691,T,IBM,F I,25,312.29
2025-12-09,9:46:03.076318882,T,IBM,F I,25,312.29
2025-12-09,9:46:03.076373011,T,IBM,F I,25,312.29
2025-12-09,9:46:03.990498001,T,IBM,F I,1,312.33
2025-12-09,9:46:14.759864487,T,IBM,I,15,312.35
2025-12-09,9:46:14.759864487,T,IBM,I,2,312.35
2025-12-09,9:46:15.260968421,T,IBM,I,2,312.36
2025-12-09,9:46:23.085541462,T,IBM,I,1,312.39
2025-12-09,9:46:25.792784317,T,IBM,F I,5,312.21
2025-12-09,9:46:25.792787297,T,IBM,F I,19,312.21
2025-12-09,9:46:25.792859484,T,IBM,F I,3,312.2
2025-12-09,9:46:25.792862526,T,IBM,F I,37,312.2
2025-12-09,9:46:35.511978719,T,IBM,F I,2,312.02
2025-12-09,9:46:43.598039259,T,IBM,,45,311.97
2025-12-09,9:46:43.598039259,T,IBM,,75,311.97
2025-12-09,9:46:48.016542059,T,IBM,I,15,311.99
2025-12-09,9:46:48.016542059,T,IBM,I,25,312.0
2025-12-09,9:46:59.604138187,T,IBM,F,80,311.85
2025-12-09,9:46:59.604153314,T,IBM,F I,20,311.85
2025-12-09,9:46:59.604156274,T,IBM,F I,17,311.82
2025-12-09,9:46:59.604526102,T,IBM,,95,311.82
2025-12-09,9:46:59.607256647,T,IBM,I,3,311.885
2025-12-09,9:46:59.612831890,T,IBM,F I,15,311.93
2025-12-09,9:46:59.612834897,T,IBM,F,46,311.94
2025-12-09,9:46:59.612855974,T,IBM,F,51,311.95
2025-12-09,9:46:59.612859199,T,IBM,F I,10,311.95
2025-12-09,9:46:59.615252733,T,IBM,,70,311.94
2025-12-09,9:47:11.765789029,T,IBM,F I,30,311.99
2025-12-09,9:47:11.765804051,T,IBM,F,43,312.0
2025-12-09,9:47:12.539419704,T,IBM,F I,15,312.02
2025-12-09,9:47:12.539422706,T,IBM,F I,1,312.0
2025-12-09,9:47:20.023825998,T,IBM,I,2,311.79
2025-12-09,9:47:20.023828969,T,IBM,I,17,311.8
2025-12-09,9:47:30.068467082,T,IBM,I,11,311.69
2025-12-09,9:47:37.872089303,T,IBM,I,1,311.78
2025-12-09,9:47:43.228224094,T,IBM,F I,30,311.9
2025-12-09,9:47:43.228224094,T,IBM,F I,13,311.9
2025-12-09,9:47:43.228242258,T,IBM,F I,13,311.9
2025-12-09,9:47:43.228245065,T,IBM,I,2,311.9
2025-12-09,9:47:43.228251134,T,IBM,I,1,311.9
2025-12-09,9:47:43.228771338,T,IBM,F I,10,311.99
2025-12-09,9:47:43.228798435,T,IBM,F I,1,312.0
2025-12-09,9:47:43.229019034,T,IBM,I,15,312.0
2025-12-09,9:47:43.229019034,T,IBM,I,15,311.9
2025-12-09,9:47:44.502447806,T,IBM,F I,2,311.91
2025-12-09,9:47:44.502447806,T,IBM,F I,2,311.91
2025-12-09,9:47:45.679503517,T,IBM,F I,2,311.88
2025-12-09,9:47:57.085470510,T,IBM,I,2,311.98
2025-12-09,9:47:57.241584180,T,IBM,I,30,312.0
2025-12-09,9:48:13.363100763,T,IBM,I,1,312.025
2025-12-09,9:48:17.092897876,T,IBM,F I,30,312.07
2025-12-09,9:48:17.092916928,T,IBM,I,1,312.07
2025-12-09,9:48:17.092916928,T,IBM,I,9,312.07
2025-12-09,9:48:17.092922577,T,IBM,I,8,312.07
2025-12-09,9:48:17.214711958,T,IBM,I,30,312.11
2025-12-09,9:48:17.215250148,T,IBM,I,1,312.15
2025-12-09,9:48:17.215253250,T,IBM,I,12,312.15
2025-12-09,9:48:17.215397502,T,IBM,I,30,312.13
2025-12-09,9:48:19.558979021,T,IBM,I,1,312.17
2025-12-09,9:48:19.558979021,T,IBM,I,1,312.17
2025-12-09,9:48:19.558981925,T,IBM,I,1,312.17
2025-12-09,9:48:19.558981925,T,IBM,I,10,312.17
2025-12-09,9:48:28.274762207,T,IBM,F I,1,312.2
2025-12-09,9:48:28.274795340,T,IBM,I,2,312.2
2025-12-09,9:48:34.647564639,T,IBM,F I,5,312.04
2025-12-09,9:48:34.648188702,T,IBM,I,33,312.08
2025-12-09,9:48:34.648281892,T,IBM,I,27,312.09
2025-12-09,9:48:39.306148400,T,IBM,,45,312.14
2025-12-09,9:48:44.944856829,T,IBM,F I,3,312.19
2025-12-09,9:48:44.944895897,T,IBM,F I,25,312.19
2025-12-09,9:48:44.945313912,T,IBM,I,3,312.22
2025-12-09,9:48:44.945389076,T,IBM,I,20,312.23
2025-12-09,9:48:44.945392340,T,IBM,,40,312.24
2025-12-09,9:48:44.945392340,T,IBM,I,20,312.24
2025-12-09,9:48:44.945395025,T,IBM,I,20,312.24
2025-12-09,9:48:44.945861212,T,IBM,F,40,312.23
2025-12-09,9:48:44.945861212,T,IBM,I,10,312.23
2025-12-09,9:48:47.623706014,T,IBM,F I,1,312.42
2025-12-09,9:48:47.623709765,T,IBM,F I,1,312.43
2025-12-09,9:48:47.623766253,T,IBM,I,13,312.48
2025-12-09,9:48:47.623790243,T,IBM,F,100,312.5
2025-12-09,9:48:47.623790243,T,IBM,F I,3,312.5
2025-12-09,9:48:47.623793390,T,IBM,F I,10,312.5
2025-12-09,9:48:47.623796300,T,IBM,I,20,312.49
2025-12-09,9:48:47.623994784,T,IBM,I,4,312.49
2025-12-09,9:48:47.624009794,T,IBM,F I,36,312.49
2025-12-09,9:48:48.129663467,T,IBM,F I,15,312.51
2025-12-09,9:48:48.425369506,T,IBM,F I,15,312.47
2025-12-09,9:49:36.759995356,T,IBM,F I,1,312.41
2025-12-09,9:49:36.760019546,T,IBM,F,99,312.41
2025-12-09,9:49:36.760019546,T,IBM,F I,20,312.4
2025-12-09,9:49:36.760022427,T,IBM,F I,5,312.4
2025-12-09,9:49:36.760022427,T,IBM,F I,11,312.4
2025-12-09,9:49:36.760037466,T,IBM,F I,19,312.4
2025-12-09,9:49:36.760037466,T,IBM,F,80,312.4
2025-12-09,9:49:36.760163761,T,IBM,F,40,312.43
2025-12-09,9:49:36.760440432,T,IBM,F I,3,312.43
2025-12-09,9:50:03.477359254,T,IBM,F I,2,312.41
2025-12-09,9:50:04.662907653,T,IBM,F,80,312.4
2025-12-09,9:50:04.663981697,T,IBM,F I,17,312.45
2025-12-09,9:50:04.663981697,T,IBM,F I,3,312.45
2025-12-09,9:50:04.663984047,T,IBM,F I,10,312.45
2025-12-09,9:50:05.844297028,T,IBM,F I,19,312.57
2025-12-09,9:50:05.845058160,T,IBM,F I,1,312.55
2025-12-09,9:50:05.845060713,T,IBM,F I,18,312.55
2025-12-09,9:50:05.845105822,T,IBM,F I,25,312.55
2025-12-09,9:50:05.863001485,T,IBM,,40,312.44
2025-12-09,9:50:05.863031511,T,IBM,F I,15,312.41
2025-12-09,9:50:05.863031511,T,IBM,F I,31,312.4
2025-12-09,9:50:05.863034548,T,IBM,F,105,312.39
2025-12-09,9:50:05.863112658,T,IBM,F I,15,312.39
2025-12-09,9:50:05.863151766,T,IBM,F,40,312.38
2025-12-09,9:50:05.863852470,T,IBM,,40,312.38
2025-12-09,9:50:05.863852470,T,IBM,,60,312.38
2025-12-09,9:50:05.863864528,T,IBM,,40,312.38
2025-12-09,9:50:05.863894624,T,IBM,,360,312.38
2025-12-09,9:50:12.617765804,T,IBM,I,1,312.515
2025-12-09,9:50:12.617768800,T,IBM,I,2,312.515
2025-12-09,9:50:23.711078291,T,IBM,F I,2,312.51
2025-12-09,9:50:23.711078291,T,IBM,F,498,312.5
2025-12-09,9:50:23.711099408,T,IBM,I,1,312.5
2025-12-09,9:50:23.711099408,T,IBM,I,1,312.5
2025-12-09,9:50:23.711264806,T,IBM,,45,312.51
2025-12-09,9:50:23.711321871,T,IBM,,45,312.51
2025-12-09,9:50:23.711366985,T,IBM,I,10,312.51
2025-12-09,9:50:40.206012177,T,IBM,F,100,312.45
2025-12-09,9:50:40.206015025,T,IBM,F,40,312.44
2025-12-09,9:50:40.206020993,T,IBM,F I,1,312.42
2025-12-09,9:50:40.206024036,T,IBM,F,46,312.41
2025-12-09,9:50:40.206024036,T,IBM,F,63,312.41
2025-12-09,9:50:40.206614134,T,IBM,F,40,312.4
2025-12-09,9:50:40.206616409,T,IBM,F,120,312.4
2025-12-09,9:50:40.206619436,T,IBM,F,40,312.4
2025-12-09,9:50:40.206688691,T,IBM,I,13,312.4
2025-12-09,9:50:40.206715753,T,IBM,F I,25,312.4
2025-12-09,9:50:42.577595690,T,IBM,F I,10,312.38
2025-12-09,9:50:42.578019675,T,IBM,,70,312.38
2025-12-09,9:50:50.039794224,T,IBM,I,4,312.36
2025-12-09,9:50:50.039818551,T,IBM,F I,36,312.36
2025-12-09,9:50:50.039818551,T,IBM,F,40,312.36
2025-12-09,9:50:50.039821147,T,IBM,F I,10,312.36
2025-12-09,9:50:50.338516315,T,IBM,F I,20,312.3
2025-12-09,9:50:51.362811640,T,IBM,F I,2,312.33
2025-12-09,9:50:51.362853787,T,IBM,F I,13,312.35
2025-12-09,9:50:51.363016180,T,IBM,F I,5,312.36
2025-12-09,9:50:51.363091375,T,IBM,F I,10,312.32
2025-12-09,9:50:53.084966402,T,IBM,I,2,312.405
2025-12-09,9:50:58.742538785,T,IBM,I,3,312.405
2025-12-09,9:51:02.376311305,T,IBM,I,14,312.49
2025-12-09,9:51:02.388454267,T,IBM,I,15,312.53
2025-12-09,9:51:02.388454267,T,IBM,I,2,312.51
2025-12-09,9:51:02.388457160,T,IBM,I,23,312.49
2025-12-09,9:51:02.388466200,T,IBM,F I,17,312.49
2025-12-09,9:51:06.339939711,T,IBM,F I,10,312.41
2025-12-09,9:51:06.340266829,T,IBM,F I,5,312.4
2025-12-09,9:51:26.400560081,T,IBM,,46,312.39
2025-12-09,9:51:26.400564136,T,IBM,,76,312.38
2025-12-09,9:51:26.400578219,T,IBM,I,1,312.38
2025-12-09,9:51:26.400578219,T,IBM,I,1,312.38
2025-12-09,9:51:26.400584162,T,IBM,F,42,312.38
2025-12-09,9:51:26.400584162,T,IBM,F I,2,312.38
2025-12-09,9:51:26.401005152,T,IBM,F I,5,312.36
2025-12-09,9:51:26.401474249,T,IBM,F I,20,312.34
2025-12-09,9:51:26.401805122,T,IBM,F I,5,312.32
2025-12-09,9:51:26.402782369,T,IBM,F I,2,312.24
2025-12-09,9:51:26.402806473,T,IBM,I,38,312.24
2025-12-09,9:51:26.402809487,T,IBM,I,10,312.24
2025-12-09,9:51:28.024428761,T,IBM,F I,5,312.19
2025-12-09,9:51:28.024967054,T,IBM,F I,10,312.12
2025-12-09,9:51:28.024973000,T,IBM,F I,20,312.12
2025-12-09,9:51:28.024997310,T,IBM,F I,20,312.1
2025-12-09,9:51:28.025258712,T,IBM,F I,10,312.06
2025-12-09,9:51:28.025258712,T,IBM,F I,20,312.06
2025-12-09,9:51:30.203542262,T,IBM,F I,5,311.99
2025-12-09,9:51:30.203542262,T,IBM,F I,5,311.99
2025-12-09,9:51:30.211950319,T,IBM,F I,20,311.98
2025-12-09,9:51:30.997135591,T,IBM,F I,2,312.0
2025-12-09,9:51:30.997137526,T,IBM,F I,15,312.02
2025-12-09,9:51:30.997140612,T,IBM,F I,8,312.02
2025-12-09,9:51:31.841815377,T,IBM,F I,15,312.02
2025-12-09,9:51:31.842019934,T,IBM,F I,3,312.06
2025-12-09,9:51:49.797362199,T,IBM,F,80,312.04
2025-12-09,9:52:13.046049482,T,IBM,F I,25,312.03
2025-12-09,9:52:13.046067545,T,IBM,I,1,312.03
2025-12-09,9:52:13.046067545,T,IBM,I,1,312.03
2025-12-09,9:52:13.046154721,T,IBM,F,80,312.02
2025-12-09,9:52:20.927079064,T,IBM,F I,1,312.13
2025-12-09,9:52:20.927121143,T,IBM,I,31,312.13
2025-12-09,9:52:20.927142805,T,IBM,I,24,312.13
2025-12-09,9:52:20.927142805,T,IBM,I,1,312.13
2025-12-09,9:52:20.927406878,T,IBM,F,66,312.15
2025-12-09,9:52:20.927406878,T,IBM,F I,14,312.15
2025-12-09,9:52:20.927415891,T,IBM,I,1,312.15
2025-12-09,9:52:20.927418930,T,IBM,I,3,312.15
2025-12-09,9:52:20.927418930,T,IBM,I,20,312.15
2025-12-09,9:52:24.953376081,T,IBM,F,40,312.0
2025-12-09,9:52:24.953379009,T,IBM,F,80,312.0
2025-12-09,9:52:24.983847590,T,IBM,I,7,311.92
2025-12-09,9:52:24.983865599,T,IBM,F I,13,311.92
2025-12-09,9:52:24.983925791,T,IBM,F I,20,311.9
2025-12-09,9:52:24.984963267,T,IBM,I,24,311.87
2025-12-09,9:52:27.909488315,T,IBM,F I,35,311.86
2025-12-09,9:52:27.909671805,T,IBM,F I,24,311.85
2025-12-09,9:52:27.909671805,T,IBM,F I,20,311.85
2025-12-09,9:52:30.927866903,T,IBM,I,20,311.76
2025-12-09,9:52:30.977121018,T,IBM,,40,311.68
2025-12-09,9:52:33.256851109,T,IBM,F I,2,311.68
2025-12-09,9:52:33.256851109,T,IBM,F I,23,311.68
2025-12-09,9:52:34.259016993,T,IBM,F I,2,311.64
2025-12-09,9:52:34.259098175,T,IBM,F I,33,311.59
2025-12-09,9:52:34.259108061,T,IBM,F,47,311.59
2025-12-09,9:52:34.259108061,T,IBM,F I,14,311.59
2025-12-09,9:52:34.259110281,T,IBM,F I,6,311.59
2025-12-09,9:52:34.259113241,T,IBM,F,55,311.58
2025-12-09,9:52:34.259128463,T,IBM,F I,25,311.58
2025-12-09,9:52:34.259128463,T,IBM,F I,14,311.58
2025-12-09,9:52:40.989621598,T,IBM,F I,25,311.635
2025-12-09,9:52:40.989681725,T,IBM,I,25,311.635
2025-12-09,9:52:40.989750891,T,IBM,F I,15,311.57
2025-12-09,9:52:54.179546467,T,IBM,F I,4,311.6
2025-12-09,9:52:54.179546467,T,IBM,F I,27,311.6
2025-12-09,9:52:54.179567438,T,IBM,I,1,311.6
2025-12-09,9:52:54.179567438,T,IBM,I,1,311.6
2025-12-09,9:52:57.924782159,T,IBM,F,40,311.66
2025-12-09,9:52:57.924785444,T,IBM,F I,16,311.7
2025-12-09,9:52:57.924785444,T,IBM,F I,24,311.7
2025-12-09,9:52:57.924788572,T,IBM,F I,16,311.7
2025-12-09,9:52:57.924791219,T,IBM,F I,16,311.7
2025-12-09,9:52:57.924791219,T,IBM,F I,4,311.7
2025-12-09,9:52:57.930138347,T,IBM,I,1,311.66
2025-12-09,9:52:57.930141265,T,IBM,I,2,311.66
2025-12-09,9:52:57.930141265,T,IBM,I,1,311.66
2025-12-09,9:52:57.930143984,T,IBM,I,2,311.66
2025-12-09,9:53:06.631965269,T,IBM,I,2,311.665
2025-12-09,9:53:09.156956230,T,IBM,I,2,311.75
2025-12-09,9:53:09.157022409,T,IBM,F I,2,311.76
2025-12-09,9:53:10.561798551,T,IBM,F I,2,311.78
2025-12-09,9:53:12.177698312,T,IBM,F I,2,311.78
2025-12-09,9:53:21.273818380,T,IBM,,40,311.845
2025-12-09,9:53:26.285314805,T,IBM,,80,311.825
2025-12-09,9:53:28.041675808,T,IBM,F I,2,311.8
2025-12-09,9:53:44.830186224,T,IBM,,40,311.775
2025-12-09,9:53:47.573629178,T,IBM,I,2,311.775
2025-12-09,9:53:54.177755936,T,IBM,F,40,311.775
2025-12-09,9:53:54.177776990,T,IBM,F I,5,311.69
2025-12-09,9:53:54.177776990,T,IBM,F I,5,311.69
2025-12-09,9:53:54.178155980,T,IBM,I,35,311.73
2025-12-09,9:54:10.005451993,T,IBM,F,40,311.82
2025-12-09,9:54:10.022923565,T,IBM,I,2,311.88
2025-12-09,9:54:12.134072675,T,IBM,I,14,312.0
2025-12-09,9:54:12.134072675,T,IBM,F I,7,312.0
2025-12-09,9:54:12.134075320,T,IBM,F I,14,312.0
2025-12-09,9:54:12.146702391,T,IBM,I,8,312.05
2025-12-09,9:54:14.569651399,T,IBM,F,40,311.93
2025-12-09,9:54:47.827826027,T,IBM,,40,311.995
2025-12-09,9:54:57.267935008,T,IBM,F,40,311.89
2025-12-09,9:55:07.720749568,T,IBM,F I,20,311.83
2025-12-09,9:55:07.720752615,T,IBM,F,40,311.83
2025-12-09,9:55:07.720752615,T,IBM,F,40,311.83
2025-12-09,9:55:07.720767687,T,IBM,I,1,311.83
2025-12-09,9:55:07.720770696,T,IBM,I,29,311.83
2025-12-09,9:55:07.720785748,T,IBM,F I,10,311.83
2025-12-09,9:55:07.720921009,T,IBM,F,40,311.82
2025-12-09,9:55:07.721041359,T,IBM,F,40,311.82
2025-12-09,9:55:07.726580522,T,IBM,F I,1,311.79
2025-12-09,9:55:07.726878195,T,IBM,F I,1,311.76
2025-12-09,9:55:10.661338987,T,IBM,I,2,311.7
2025-12-09,9:55:29.058540873,T,IBM,F I,15,311.67
2025-12-09,9:55:30.884578069,T,IBM,F,40,311.55
2025-12-09,9:55:30.884581345,T,IBM,F,40,311.55
2025-12-09,9:55:30.884836616,T,IBM,F I,31,311.54
2025-12-09,9:55:30.884857740,T,IBM,F I,6,311.54
2025-12-09,9:55:30.884870306,T,IBM,I,3,311.54
2025-12-09,9:55:30.884870306,T,IBM,I,6,311.54
2025-12-09,9:55:30.884890804,T,IBM,I,9,311.54
2025-12-09,9:55:30.884917870,T,IBM,I,13,311.54
2025-12-09,9:55:30.886737132,T,IBM,F I,12,311.54
2025-12-09,9:55:41.437236333,T,IBM,I,28,311.62
2025-12-09,9:55:49.821212990,T,IBM,I,28,311.63
2025-12-09,9:56:02.094910443,T,IBM,F I,10,311.77
2025-12-09,9:56:02.094919448,T,IBM,I,10,311.78
2025-12-09,9:56:02.097635637,T,IBM,I,2,311.78
2025-12-09,9:56:02.097635637,T,IBM,I,2,311.78
2025-12-09,9:56:02.097640941,T,IBM,I,4,311.78
2025-12-09,9:56:11.617165890,T,IBM,F I,2,311.86
2025-12-09,9:56:17.421722095,T,IBM,F I,15,311.89
2025-12-09,9:56:35.371973103,T,IBM,I,2,311.92
2025-12-09,9:56:35.371976172,T,IBM,I,38,311.93
2025-12-09,9:56:36.171477471,T,IBM,F I,2,311.84
2025-12-09,9:56:57.776063949,T,IBM,,40,311.93
2025-12-09,9:56:58.823833256,T,IBM,F I,15,311.87
2025-12-09,9:56:58.823833256,T,IBM,F I,2,311.86
2025-12-09,9:57:05.256419549,T,IBM,I,2,311.94
2025-12-09,9:57:05.299199429,T,IBM,F I,2,311.9
2025-12-09,9:57:13.045730631,T,IBM,I,5,311.98
2025-12-09,9:57:13.045763707,T,IBM,I,10,312.0
2025-12-09,9:57:22.997441364,T,IBM,,40,311.985
2025-12-09,9:57:23.003293368,T,IBM,,40,311.915
2025-12-09,9:57:23.998509645,T,IBM,F I,1,311.81
2025-12-09,9:57:23.998629850,T,IBM,F I,1,311.81
2025-12-09,9:57:23.998641848,T,IBM,I,1,311.81
2025-12-09,9:57:23.998735031,T,IBM,F I,8,311.81
2025-12-09,9:57:23.999246316,T,IBM,I,10,311.81
2025-12-09,9:57:23.999249332,T,IBM,I,7,311.81
2025-12-09,9:57:23.999309479,T,IBM,F I,1,311.78
2025-12-09,9:57:23.999586082,T,IBM,F I,1,311.77
2025-12-09,9:57:23.999610198,T,IBM,I,9,311.76
2025-12-09,9:57:23.999980096,T,IBM,F,40,311.8
2025-12-09,9:57:23.999983597,T,IBM,F I,5,311.81
2025-12-09,9:57:24.002487975,T,IBM,F I,4,311.79
2025-12-09,9:57:30.567416520,T,IBM,F I,9,311.78
2025-12-09,9:57:30.567729238,T,IBM,I,4,311.76
2025-12-09,9:57:30.567796016,T,IBM,F,40,311.74
2025-12-09,9:57:30.569235925,T,IBM,F,100,311.67
2025-12-09,9:57:30.569235925,T,IBM,F,45,311.64
2025-12-09,9:57:30.569238815,T,IBM,F I,22,311.63
2025-12-09,9:57:31.625313870,T,IBM,,80,311.8
2025-12-09,9:58:06.889390298,T,IBM,F I,10,311.82
2025-12-09,9:58:18.150457151,T,IBM,F I,20,311.85
2025-12-09,9:58:18.150457151,T,IBM,F I,14,311.9
2025-12-09,9:58:18.150460136,T,IBM,F I,20,311.9
2025-12-09,9:58:18.150460136,T,IBM,F I,10,311.9
2025-12-09,9:58:21.206894314,T,IBM,F,40,311.83
2025-12-09,9:58:21.206894314,T,IBM,F I,35,311.79
2025-12-09,9:58:30.542612774,T,IBM,,40,311.885
2025-12-09,9:58:55.384800022,T,IBM,I,7,311.89
2025-12-09,9:59:03.401169875,T,IBM,,40,311.89
2025-12-09,9:59:19.737127180,T,IBM,F,40,311.83
2025-12-09,9:59:19.737127180,T,IBM,F I,28,311.83
2025-12-09,9:59:19.737217348,T,IBM,F I,4,311.8
2025-12-09,9:59:19.737220575,T,IBM,F I,3,311.8
2025-12-09,9:59:19.737223381,T,IBM,F,40,311.8
2025-12-09,9:59:19.737223381,T,IBM,F I,16,311.8
2025-12-09,9:59:19.737226363,T,IBM,F I,5,311.8
2025-12-09,9:59:19.737244484,T,IBM,I,1,311.8
2025-12-09,9:59:23.671910457,T,IBM,F I,18,311.9
2025-12-09,9:59:25.025688242,T,IBM,F I,28,311.84
2025-12-09,9:59:25.025703373,T,IBM,I,9,311.84
2025-12-09,9:59:25.025709274,T,IBM,I,1,311.84
2025-12-09,9:59:25.025709274,T,IBM,I,1,311.84
2025-12-09,9:59:25.025721316,T,IBM,F I,25,311.84
2025-12-09,9:59:25.025853661,T,IBM,F I,25,311.84
2025-12-09,9:59:25.025886685,T,IBM,F I,25,311.84
2025-12-09,9:59:25.026160316,T,IBM,,74,311.84
2025-12-09,9:59:25.026518205,T,IBM,F,40,311.79
2025-12-09,9:59:46.556996596,T,IBM,I,20,311.61
2025-12-09,10:00:01.062575100,T,IBM,I,20,311.63
2025-12-09,10:00:01.062575100,T,IBM,,94,311.62
2025-12-09,10:00:01.062577576,T,IBM,F I,20,311.62
2025-12-09,10:00:01.063413530,T,IBM,,40,311.6
2025-12-09,10:00:01.065076440,T,IBM,I,1,311.67
2025-12-09,10:00:01.065446312,T,IBM,I,1,311.67
2025-12-09,10:00:01.065744061,T,IBM,I,13,311.67
2025-12-09,10:00:01.068519695,T,IBM,,40,311.6
2025-12-09,10:00:01.068796389,T,IBM,I,17,311.6
2025-12-09,10:00:01.071012651,T,IBM,F,57,311.6
2025-12-09,10:00:01.079640165,T,IBM,F I,15,311.61
2025-12-09,10:00:01.085648479,T,IBM,F I,2,311.64
2025-12-09,10:00:03.311216644,T,IBM,F I,25,311.82
2025-12-09,10:00:03.311267740,T,IBM,F I,25,311.82
2025-12-09,10:00:15.022455499,T,IBM,I,1,311.76
2025-12-09,10:00:15.022491573,T,IBM,I,28,311.76
2025-12-09,10:00:18.398198773,T,IBM,F I,15,311.73
2025-12-09,10:00:18.398201798,T,IBM,F I,10,311.7
2025-12-09,10:00:18.398258958,T,IBM,F I,25,311.7
2025-12-09,10:00:36.079120286,T,IBM,F,40,311.5
2025-12-09,10:00:36.079307788,T,IBM,F,40,311.5
2025-12-09,10:00:36.079307788,T,IBM,F I,15,311.5
2025-12-09,10:00:36.079307788,T,IBM,F I,12,311.5
2025-12-09,10:00:36.081730481,T,IBM,F I,12,311.48
2025-12-09,10:00:36.742012279,T,IBM,F I,18,311.39
2025-12-09,10:00:36.742012279,T,IBM,F I,10,311.39
2025-12-09,10:00:36.745678062,T,IBM,F I,20,311.36
2025-12-09,10:00:36.745678062,T,IBM,F I,20,311.35
2025-12-09,10:00:38.493177114,T,IBM,F I,4,311.35
2025-12-09,10:00:38.493219267,T,IBM,F I,4,311.34
2025-12-09,10:00:38.493222248,T,IBM,F I,5,311.34
2025-12-09,10:00:38.493763532,T,IBM,F I,15,311.41
2025-12-09,10:00:38.493763532,T,IBM,F I,10,311.41
2025-12-09,10:00:39.495427116,T,IBM,F I,7,311.37
2025-12-09,10:00:46.979812463,T,IBM,,45,311.375
2025-12-09,10:00:46.979833574,T,IBM,F I,25,311.375
2025-12-09,10:00:46.982356661,T,IBM,I,25,311.375
2025-12-09,10:00:47.690743896,T,IBM,,45,311.37
2025-12-09,10:00:50.002458259,T,IBM,F I,7,311.37
2025-12-09,10:00:52.424829903,T,IBM,F I,7,311.34
2025-12-09,10:00:53.424839594,T,IBM,F I,24,311.33
2025-12-09,10:00:53.425465056,T,IBM,,75,311.32
2025-12-09,10:00:53.425468062,T,IBM,I,11,311.32
2025-12-09,10:00:53.425549509,T,IBM,F,40,311.31
2025-12-09,10:00:53.425552202,T,IBM,I,17,311.31
2025-12-09,10:00:53.425570766,T,IBM,I,23,311.31
2025-12-09,10:00:53.426091016,T,IBM,F,40,311.3
2025-12-09,10:00:53.426093541,T,IBM,F,40,311.3
2025-12-09,10:00:57.810600357,T,IBM,F I,3,311.18
2025-12-09,10:01:04.085960582,T,IBM,I,3,311.14
2025-12-09,10:01:15.346982670,T,IBM,F I,1,311.13
2025-12-09,10:01:15.346982670,T,IBM,F,47,311.13
2025-12-09,10:01:17.074514271,T,IBM,I,26,311.0
2025-12-09,10:01:17.093691026,T,IBM,F I,2,310.84
2025-12-09,10:01:17.111670778,T,IBM,I,24,310.74
2025-12-09,10:01:19.384625627,T,IBM,F I,20,310.66
2025-12-09,10:01:19.384625627,T,IBM,F,80,310.65
2025-12-09,10:01:19.384629309,T,IBM,F,186,310.65
2025-12-09,10:01:19.384640702,T,IBM,F I,20,310.65
2025-12-09,10:01:19.385380432,T,IBM,F I,3,310.53
2025-12-09,10:01:29.165623483,T,IBM,I,2,310.585
2025-12-09,10:01:30.405616436,T,IBM,F I,2,310.64
2025-12-09,10:01:30.405673542,T,IBM,F I,3,310.63
2025-12-09,10:01:30.405700591,T,IBM,F I,3,310.63
2025-12-09,10:01:30.405721674,T,IBM,F I,25,310.63
2025-12-09,10:01:33.089523741,T,IBM,F I,9,310.75
2025-12-09,10:01:33.089559830,T,IBM,,40,310.76
2025-12-09,10:01:33.089563090,T,IBM,I,14,310.76
2025-12-09,10:01:33.089563090,T,IBM,,40,310.76
2025-12-09,10:01:33.089920681,T,IBM,F,80,310.77
2025-12-09,10:01:33.089947852,T,IBM,F I,2,310.78
2025-12-09,10:01:33.089962752,T,IBM,F I,1,310.78
2025-12-09,10:01:33.090080457,T,IBM,I,9,310.76
2025-12-09,10:01:33.090107126,T,IBM,I,6,310.76
2025-12-09,10:01:33.090158291,T,IBM,,40,310.745
2025-12-09,10:01:33.090465047,T,IBM,F I,9,310.75
2025-12-09,10:01:33.090465047,T,IBM,F I,1,310.75
2025-12-09,10:02:04.522676016,T,IBM,I,2,310.7
2025-12-09,10:02:04.534467135,T,IBM,F I,19,310.6
2025-12-09,10:02:09.371647533,T,IBM,I,3,310.69
2025-12-09,10:02:09.371656502,T,IBM,F,40,310.74
2025-12-09,10:02:10.300008583,T,IBM,F,40,310.8
2025-12-09,10:02:10.300444631,T,IBM,F I,2,310.85
2025-12-09,10:02:10.300453746,T,IBM,F I,2,310.86
2025-12-09,10:02:15.771588394,T,IBM,I,2,310.82
2025-12-09,10:02:15.771591310,T,IBM,I,3,310.81
2025-12-09,10:02:15.771627384,T,IBM,I,27,310.81
2025-12-09,10:02:17.538224978,T,IBM,F I,15,310.77
2025-12-09,10:02:17.538224978,T,IBM,F I,10,310.77
2025-12-09,10:02:24.885438940,T,IBM,F I,18,310.88
2025-12-09,10:02:24.885472058,T,IBM,,64,310.89
2025-12-09,10:02:24.905854730,T,IBM,,40,310.97
2025-12-09,10:02:24.905854730,T,IBM,,40,310.97
2025-12-09,10:02:34.277605296,T,IBM,F I,2,311.07
2025-12-09,10:02:34.277653420,T,IBM,F I,2,311.09
2025-12-09,10:02:34.277725525,T,IBM,F I,21,311.14
2025-12-09,10:02:34.277749611,T,IBM,F I,2,311.15
2025-12-09,10:02:34.341453299,T,IBM,,48,311.21
2025-12-09,10:02:36.872200072,T,IBM,I,10,311.23
2025-12-09,10:02:42.253700432,T,IBM,F I,2,311.29
2025-12-09,10:02:42.273562683,T,IBM,F I,5,311.295
2025-12-09,10:02:43.516175057,T,IBM,F I,2,311.3
2025-12-09,10:02:43.516175057,T,IBM,F I,2,311.34
2025-12-09,10:02:43.516177861,T,IBM,F I,10,311.36
2025-12-09,10:03:01.402909374,T,IBM,,70,311.365
2025-12-09,10:03:01.402951408,T,IBM,I,8,311.365
2025-12-09,10:03:03.082119165,T,IBM,I,10,311.41
2025-12-09,10:03:04.024279924,T,IBM,F I,10,311.52
2025-12-09,10:03:05.074097032,T,IBM,,40,311.57
2025-12-09,10:03:11.853279776,T,IBM,I,2,311.57
2025-12-09,10:03:16.331766373,T,IBM,,40,311.57
2025-12-09,10:03:16.333179729,T,IBM,F I,2,311.58
2025-12-09,10:03:28.185051642,T,IBM,I,3,311.59
2025-12-09,10:03:28.185075690,T,IBM,F I,10,311.59
2025-12-09,10:03:28.185093654,T,IBM,I,8,311.59
2025-12-09,10:03:30.324963925,T,IBM,,40,311.63
2025-12-09,10:03:41.208780283,T,IBM,,100,311.51
2025-12-09,10:03:46.585670638,T,IBM,F,45,311.44
2025-12-09,10:03:46.585670638,T,IBM,F I,35,311.43
2025-12-09,10:03:46.585692305,T,IBM,I,1,311.43
2025-12-09,10:03:46.585695460,T,IBM,F I,4,311.43
2025-12-09,10:03:46.585695460,T,IBM,F,40,311.43
2025-12-09,10:03:46.585698557,T,IBM,F I,2,311.43
2025-12-09,10:03:46.585700967,T,IBM,F I,22,311.43
2025-12-09,10:03:46.585700967,T,IBM,F I,1,311.43
2025-12-09,10:03:46.585703670,T,IBM,I,7,311.43
2025-12-09,10:03:46.585712753,T,IBM,I,26,311.43
2025-12-09,10:03:46.586130707,T,IBM,F I,6,311.43
2025-12-09,10:03:46.586993759,T,IBM,,45,311.495
2025-12-09,10:03:46.587014844,T,IBM,,100,311.46
2025-12-09,10:03:46.587041898,T,IBM,,45,311.495
2025-12-09,10:03:46.587096181,T,IBM,I,10,311.495
2025-12-09,10:03:46.587096181,T,IBM,I,13,311.495
2025-12-09,10:03:46.587258415,T,IBM,F I,7,311.495
2025-12-09,10:03:46.587258415,T,IBM,F I,15,311.51
2025-12-09,10:03:46.599043458,T,IBM,,40,311.495
2025-12-09,10:03:46.751780023,T,IBM,I,18,311.44
2025-12-09,10:03:51.502429585,T,IBM,F I,15,311.43
2025-12-09,10:03:51.502432624,T,IBM,F I,9,311.43
2025-12-09,10:03:51.502435632,T,IBM,F I,10,311.43
2025-12-09,10:03:51.502510817,T,IBM,F,40,311.41
2025-12-09,10:03:51.502529057,T,IBM,F,40,311.4
2025-12-09,10:03:51.502529057,T,IBM,F I,10,311.4
2025-12-09,10:03:51.502531833,T,IBM,F I,24,311.4
2025-12-09,10:03:51.502549915,T,IBM,I,6,311.4
2025-12-09,10:03:51.503226489,T,IBM,I,25,311.42
2025-12-09,10:03:51.503229486,T,IBM,I,18,311.43
2025-12-09,10:04:13.153718441,T,IBM,I,3,311.44
2025-12-09,10:04:15.097016632,T,IBM,,40,311.385
2025-12-09,10:04:15.097016632,T,IBM,I,25,311.385
2025-12-09,10:04:38.907640971,T,IBM,I,13,311.39
2025-12-09,10:04:44.987938976,T,IBM,I,14,311.38
2025-12-09,10:05:06.585700377,T,IBM,I,4,311.38
2025-12-09,10:05:07.564789125,T,IBM,I,15,311.48
2025-12-09,10:05:07.565089799,T,IBM,F I,15,311.48
2025-12-09,10:05:07.565110893,T,IBM,I,15,311.5
2025-12-09,10:05:07.565411591,T,IBM,F I,2,311.55
2025-12-09,10:05:07.565414600,T,IBM,F I,4,311.55
2025-12-09,10:05:07.565793456,T,IBM,F I,12,311.55
2025-12-09,10:05:07.565793456,T,IBM,F I,1,311.55
2025-12-09,10:05:12.249663229,T,IBM,I,25,311.45
2025-12-09,10:05:12.249675125,T,IBM,I,3,311.45
2025-12-09,10:05:12.294547855,T,IBM,I,5,311.48
2025-12-09,10:05:12.807518100,T,IBM,I,5,311.525
2025-12-09,10:05:19.870618770,T,IBM,F,45,311.525
2025-12-09,10:05:19.870618770,T,IBM,F I,30,311.48
2025-12-09,10:05:19.882836897,T,IBM,I,34,311.48
2025-12-09,10:05:19.884232976,T,IBM,F I,36,311.48
2025-12-09,10:05:19.884232976,T,IBM,F I,33,311.44
2025-12-09,10:05:19.885017047,T,IBM,F,41,311.44
2025-12-09,10:05:19.885591355,T,IBM,I,26,311.44
2025-12-09,10:05:19.885591355,T,IBM,I,8,311.42
2025-12-09,10:05:25.964653495,T,IBM,I,10,311.54
2025-12-09,10:05:25.964659555,T,IBM,I,3,311.54
2025-12-09,10:05:25.964662523,T,IBM,,40,311.54
2025-12-09,10:05:25.964674560,T,IBM,F I,1,311.56
2025-12-09,10:05:29.421361637,T,IBM,,40,311.575
2025-12-09,10:05:31.865400175,T,IBM,F I,5,311.54
2025-12-09,10:05:31.865400175,T,IBM,F I,4,311.5
2025-12-09,10:05:31.865406038,T,IBM,F,50,311.49
2025-12-09,10:05:31.865406038,T,IBM,F I,16,311.49
2025-12-09,10:05:31.865421083,T,IBM,I,9,311.49
2025-12-09,10:05:31.946292722,T,IBM,F I,12,311.43
2025-12-09,10:05:45.962350706,T,IBM,I,20,311.56
2025-12-09,10:05:55.015426863,T,IBM,F I,2,311.46
2025-12-09,10:05:55.015429821,T,IBM,F I,21,311.45
2025-12-09,10:06:10.444074212,T,IBM,F I,15,311.45
2025-12-09,10:06:10.444074212,T,IBM,F I,5,311.44
2025-12-09,10:06:10.444077288,T,IBM,F I,1,311.4
2025-12-09,10:06:10.444079896,T,IBM,F I,11,311.4
2025-12-09,10:06:10.444079896,T,IBM,F I,11,311.4
2025-12-09,10:06:10.444275685,T,IBM,F I,21,311.39
2025-12-09,10:06:10.445126539,T,IBM,F,44,311.39
2025-12-09,10:06:10.445337231,T,IBM,,80,311.47
2025-12-09,10:06:10.445339845,T,IBM,I,35,311.39
2025-12-09,10:06:10.445339845,T,IBM,I,21,311.38
2025-12-09,10:06:10.445342895,T,IBM,,40,311.38
2025-12-09,10:06:10.456349111,T,IBM,I,23,311.38
2025-12-09,10:06:10.459527685,T,IBM,F,60,311.38
2025-12-09,10:06:34.254163479,T,IBM,F I,10,311.53
2025-12-09,10:06:34.254163479,T,IBM,F I,1,311.55
2025-12-09,10:06:34.254166191,T,IBM,F I,10,311.55
2025-12-09,10:06:34.254169141,T,IBM,F I,1,311.55
2025-12-09,10:06:34.254172210,T,IBM,F I,19,311.55
2025-12-09,10:06:34.254172210,T,IBM,F I,1,311.56
2025-12-09,10:06:34.254172210,T,IBM,F I,7,311.56
2025-12-09,10:06:34.254210968,T,IBM,,73,311.56
2025-12-09,10:06:34.254213990,T,IBM,,50,311.56
2025-12-09,10:06:34.254406392,T,IBM,F I,15,311.56
2025-12-09,10:06:34.254409428,T,IBM,F I,25,311.56
2025-12-09,10:06:34.254409428,T,IBM,F I,5,311.56
2025-12-09,10:06:34.254412410,T,IBM,F I,10,311.56
2025-12-09,10:06:34.254415353,T,IBM,F I,5,311.56
2025-12-09,10:06:34.254418385,T,IBM,F I,5,311.56
2025-12-09,10:06:34.254424403,T,IBM,F I,5,311.56
2025-12-09,10:06:34.254571762,T,IBM,F I,4,311.57
2025-12-09,10:06:34.254619913,T,IBM,F,40,311.56
2025-12-09,10:06:34.254619913,T,IBM,F I,15,311.56
2025-12-09,10:06:34.254623064,T,IBM,F I,5,311.56
2025-12-09,10:06:34.254623064,T,IBM,F I,30,311.56
2025-12-09,10:06:34.254695140,T,IBM,F I,1,311.59
2025-12-09,10:06:34.254749182,T,IBM,F I,1,311.59
2025-12-09,10:06:34.255040944,T,IBM,F I,12,311.55
2025-12-09,10:06:34.273005618,T,IBM,F I,5,311.55
2025-12-09,10:06:34.273005618,T,IBM,F I,15,311.55
2025-12-09,10:06:34.273008684,T,IBM,F I,5,311.55
2025-12-09,10:06:34.273008684,T,IBM,F I,25,311.55
2025-12-09,10:06:48.694446816,T,IBM,F I,2,311.44
2025-12-09,10:06:48.694452736,T,IBM,F,40,311.42
2025-12-09,10:06:48.694452736,T,IBM,F I,25,311.42
2025-12-09,10:06:48.694455688,T,IBM,F I,1,311.42
2025-12-09,10:06:48.694491790,T,IBM,F I,2,311.42
2025-12-09,10:06:48.695851145,T,IBM,F I,1,311.4
2025-12-09,10:06:49.513623869,T,IBM,F I,5,311.46
2025-12-09,10:06:49.513623869,T,IBM,F I,2,311.46
2025-12-09,10:06:58.601654972,T,IBM,F I,15,311.45
2025-12-09,10:06:58.601657970,T,IBM,F I,5,311.46
2025-12-09,10:07:01.025909358,T,IBM,,40,311.46
2025-12-09,10:07:01.025931034,T,IBM,F I,1,311.47
2025-12-09,10:07:01.026198003,T,IBM,F I,10,311.51
2025-12-09,10:07:01.026201086,T,IBM,F I,14,311.51
2025-12-09,10:07:01.026204570,T,IBM,F I,1,311.51
2025-12-09,10:07:01.026372492,T,IBM,F I,8,311.51
2025-12-09,10:07:01.026601029,T,IBM,F I,32,311.5
2025-12-09,10:07:10.673711025,T,IBM,F I,24,311.505
2025-12-09,10:07:13.602055303,T,IBM,I,3,311.505
2025-12-09,10:07:13.602055303,T,IBM,I,1,311.505
2025-12-09,10:07:19.488478817,T,IBM,F I,24,311.6
2025-12-09,10:07:19.488478817,T,IBM,F I,16,311.6
2025-12-09,10:07:19.488502522,T,IBM,F I,5,311.6
2025-12-09,10:07:19.488502522,T,IBM,F I,10,311.6
2025-12-09,10:07:19.488506517,T,IBM,F I,16,311.6
2025-12-09,10:07:19.488508830,T,IBM,I,25,311.6
2025-12-09,10:07:19.488508830,T,IBM,I,1,311.6
2025-12-09,10:07:19.488998811,T,IBM,F I,2,311.61
2025-12-09,10:07:19.489001802,T,IBM,F I,1,311.61
2025-12-09,10:07:19.501595921,T,IBM,F I,1,311.55
2025-12-09,10:07:19.501598719,T,IBM,F I,7,311.54
2025-12-09,10:07:19.501661865,T,IBM,F I,1,311.54
2025-12-09,10:07:19.504648047,T,IBM,I,1,311.565
2025-12-09,10:07:23.145944644,T,IBM,F I,15,311.47
2025-12-09,10:07:23.145953621,T,IBM,F,85,311.46
2025-12-09,10:07:23.145962795,T,IBM,I,1,311.46
2025-12-09,10:07:23.145962795,T,IBM,I,1,311.46
2025-12-09,10:07:23.145968570,T,IBM,F I,8,311.46
2025-12-09,10:07:23.145968570,T,IBM,F I,5,311.46
2025-12-09,10:07:23.153495487,T,IBM,,40,311.525
2025-12-09,10:07:24.145942116,T,IBM,F,40,311.44
2025-12-09,10:07:27.495345784,T,IBM,F I,15,311.47
2025-12-09,10:07:29.873921263,T,IBM,F I,15,311.49
2025-12-09,10:07:32.296227576,T,IBM,F,56,311.54
2025-12-09,10:07:32.296227576,T,IBM,F I,20,311.54
2025-12-09,10:07:32.296229920,T,IBM,F I,10,311.54
2025-12-09,10:07:32.296275063,T,IBM,I,23,311.54
2025-12-09,10:07:32.296281710,T,IBM,I,17,311.54
2025-12-09,10:07:34.014697937,T,IBM,,40,311.515
2025-12-09,10:07:41.079879359,T,IBM,I,38,311.515
2025-12-09,10:08:00.744981492,T,IBM,F,80,311.41
2025-12-09,10:08:00.745264440,T,IBM,F,120,311.4
2025-12-09,10:08:00.745264440,T,IBM,F,120,311.4
2025-12-09,10:08:00.756234951,T,IBM,F I,26,311.34
2025-12-09,10:08:00.756688332,T,IBM,I,25,311.34
2025-12-09,10:08:00.758017639,T,IBM,I,32,311.36
2025-12-09,10:08:00.758083714,T,IBM,I,18,311.36
2025-12-09,10:08:00.759539137,T,IBM,F I,35,311.35
2025-12-09,10:08:00.761166083,T,IBM,F,125,311.34
2025-12-09,10:08:00.762332778,T,IBM,I,15,311.35
2025-12-09,10:08:00.762353822,T,IBM,F I,11,311.34
2025-12-09,10:08:01.004372953,T,IBM,,45,311.3
2025-12-09,10:08:01.004376061,T,IBM,,50,311.28
2025-12-09,10:08:03.224726813,T,IBM,I,15,311.21
2025-12-09,10:08:03.224750786,T,IBM,F I,25,311.21
2025-12-09,10:08:05.888374758,T,IBM,F I,27,311.13
2025-12-09,10:08:08.532963489,T,IBM,F,40,311.06
2025-12-09,10:08:28.783899624,T,IBM,I,1,311.05
2025-12-09,10:08:28.783902546,T,IBM,I,2,311.05
2025-12-09,10:08:28.783902546,T,IBM,I,4,311.05
2025-12-09,10:08:29.628968137,T,IBM,I,22,311.13
2025-12-09,10:08:29.628970954,T,IBM,I,30,311.13
2025-12-09,10:08:29.629019053,T,IBM,,100,311.13
2025-12-09,10:08:36.448431599,T,IBM,F,46,311.19
2025-12-09,10:08:36.448434525,T,IBM,F I,18,311.2
2025-12-09,10:08:36.448437580,T,IBM,F I,15,311.2
2025-12-09,10:08:36.448440549,T,IBM,F I,31,311.2
2025-12-09,10:08:36.448521716,T,IBM,F I,4,311.21
2025-12-09,10:09:04.355155003,T,IBM,F I,15,311.15
2025-12-09,10:09:04.355157969,T,IBM,F I,11,311.14
2025-12-09,10:09:04.355182824,T,IBM,F I,20,311.14
2025-12-09,10:09:04.355188598,T,IBM,F I,4,311.14
2025-12-09,10:09:04.355191461,T,IBM,F I,25,311.14
2025-12-09,10:09:04.355191461,T,IBM,F I,37,311.13
2025-12-09,10:09:04.355193990,T,IBM,F I,3,311.13
2025-12-09,10:09:04.355193990,T,IBM,F I,17,311.13
2025-12-09,10:09:04.355206068,T,IBM,I,1,311.13
2025-12-09,10:09:04.355209057,T,IBM,F,62,311.13
2025-12-09,10:09:04.355209057,T,IBM,F I,2,311.13
2025-12-09,10:09:04.355858588,T,IBM,F I,1,311.12
2025-12-09,10:09:04.355870671,T,IBM,F I,9,311.12
2025-12-09,10:09:04.356138220,T,IBM,F I,6,311.12
2025-12-09,10:09:04.356141246,T,IBM,F I,34,311.1
2025-12-09,10:09:04.356159338,T,IBM,I,6,311.1
2025-12-09,10:09:04.356162295,T,IBM,I,33,311.1
2025-12-09,10:09:04.356180331,T,IBM,F I,6,311.1
2025-12-09,10:09:04.356183403,T,IBM,I,1,311.1
2025-12-09,10:09:21.106311360,T,IBM,I,1,311.105
2025-12-09,10:09:22.126811724,T,IBM,I,16,311.18
2025-12-09,10:09:22.126877760,T,IBM,I,34,311.2
2025-12-09,10:09:22.126880769,T,IBM,,57,311.2
2025-12-09,10:09:22.126910848,T,IBM,,50,311.2
2025-12-09,10:09:22.127340877,T,IBM,F I,1,311.21
2025-12-09,10:09:22.127350390,T,IBM,F I,2,311.21
2025-12-09,10:09:24.174906708,T,IBM,F,80,311.19
2025-12-09,10:09:24.174906708,T,IBM,F I,21,311.19
2025-12-09,10:09:25.750059273,T,IBM,I,1,311.16
2025-12-09,10:09:25.750107296,T,IBM,I,30,311.16
2025-12-09,10:09:30.047117914,T,IBM,,100,311.16
2025-12-09,10:09:32.568370953,T,IBM,I,2,311.16
2025-12-09,10:09:46.797468182,T,IBM,F I,2,311.13
2025-12-09,10:09:46.797471181,T,IBM,F I,2,311.06
2025-12-09,10:09:46.797474232,T,IBM,F,40,311.05
2025-12-09,10:09:46.797474232,T,IBM,F I,1,311.04
2025-12-09,10:09:46.797477226,T,IBM,F I,2,311.04
2025-12-09,10:10:04.088496739,T,IBM,I,22,311.01
2025-12-09,10:10:04.088499718,T,IBM,I,4,311.0
2025-12-09,10:10:04.088502899,T,IBM,I,3,311.0
2025-12-09,10:10:04.088506762,T,IBM,,80,311.0
2025-12-09,10:10:04.088509109,T,IBM,I,3,311.0
2025-12-09,10:10:04.088518154,T,IBM,I,1,311.0
2025-12-09,10:10:04.088521662,T,IBM,F I,18,311.0
2025-12-09,10:10:04.088523803,T,IBM,F I,3,311.0
2025-12-09,10:10:04.088526781,T,IBM,F I,21,311.0
2025-12-09,10:10:04.089065021,T,IBM,F I,1,310.99
2025-12-09,10:10:08.858855119,T,IBM,F,40,310.98
2025-12-09,10:10:08.858873199,T,IBM,F I,23,310.98
2025-12-09,10:10:08.858876161,T,IBM,F I,3,310.98
2025-12-09,10:10:08.858879313,T,IBM,I,1,310.98
2025-12-09,10:10:08.858879313,T,IBM,I,2,310.98
2025-12-09,10:10:08.858882169,T,IBM,I,16,310.98
2025-12-09,10:10:08.859462611,T,IBM,F I,6,310.98
2025-12-09,10:10:08.859480610,T,IBM,I,4,310.98
2025-12-09,10:10:08.859513732,T,IBM,I,1,310.98
2025-12-09,10:10:10.704020710,T,IBM,I,1,310.96
2025-12-09,10:10:10.704059848,T,IBM,I,3,310.94
2025-12-09,10:10:15.488765429,T,IBM,F I,1,310.94
2025-12-09,10:10:18.406626822,T,IBM,I,4,310.94
2025-12-09,10:10:19.638569621,T,IBM,I,1,310.97
2025-12-09,10:10:19.641660952,T,IBM,,100,310.94
2025-12-09,10:10:23.549936183,T,IBM,I,1,310.945
2025-12-09,10:10:23.549984203,T,IBM,,57,310.945
2025-12-09,10:10:32.026931135,T,IBM,F I,1,311.11
2025-12-09,10:10:32.026931135,T,IBM,F I,16,311.11
2025-12-09,10:10:33.963862924,T,IBM,F I,2,311.19
2025-12-09,10:10:33.963965124,T,IBM,I,1,311.2
2025-12-09,10:10:33.963968128,T,IBM,I,39,311.2
2025-12-09,10:10:33.963986178,T,IBM,I,1,311.2
2025-12-09,10:10:33.963989170,T,IBM,I,8,311.2
2025-12-09,10:10:33.963989170,T,IBM,F I,7,311.2
2025-12-09,10:10:40.336164970,T,IBM,I,1,311.19
2025-12-09,10:10:45.504683392,T,IBM,F,45,311.27
2025-12-09,10:10:45.504683392,T,IBM,F,75,311.25
2025-12-09,10:10:57.859791377,T,IBM,I,2,311.31
2025-12-09,10:10:57.859794405,T,IBM,I,16,311.31
2025-12-09,10:10:57.860200303,T,IBM,F I,2,311.34
2025-12-09,10:10:57.860206316,T,IBM,F I,1,311.35
2025-12-09,10:11:00.412643798,T,IBM,F I,2,311.38
2025-12-09,10:11:00.412670805,T,IBM,F I,19,311.4
2025-12-09,10:11:00.412673845,T,IBM,F I,19,311.4
2025-12-09,10:11:00.412673845,T,IBM,F I,1,311.4
2025-12-09,10:11:00.413570023,T,IBM,F I,2,311.45
2025-12-09,10:11:00.413684327,T,IBM,F I,10,311.49
2025-12-09,10:11:00.416141082,T,IBM,F I,27,311.49
2025-12-09,10:11:00.416231359,T,IBM,F I,10,311.5
2025-12-09,10:11:00.416826750,T,IBM,F I,1,311.58
2025-12-09,10:11:00.417548469,T,IBM,F I,1,311.6
2025-12-09,10:11:00.417969504,T,IBM,,40,311.6
2025-12-09,10:11:00.422092415,T,IBM,,45,311.49
2025-12-09,10:11:00.422092415,T,IBM,,55,311.48
2025-12-09,10:11:01.541633490,T,IBM,I,20,311.47
2025-12-09,10:11:13.972705273,T,IBM,F,50,311.53
2025-12-09,10:11:13.972708323,T,IBM,F I,4,311.54
2025-12-09,10:11:13.972711271,T,IBM,F I,2,311.54
2025-12-09,10:11:13.972714256,T,IBM,F I,20,311.55
2025-12-09,10:11:13.972714256,T,IBM,F I,1,311.55
2025-12-09,10:11:13.973517159,T,IBM,F I,10,311.55
2025-12-09,10:11:13.973974330,T,IBM,F I,20,311.59
2025-12-09,10:11:13.973977314,T,IBM,F,57,311.59
2025-12-09,10:11:13.973983296,T,IBM,F,43,311.59
2025-12-09,10:11:13.973986972,T,IBM,F I,2,311.6
2025-12-09,10:11:13.973986972,T,IBM,F I,32,311.6
2025-12-09,10:11:13.973989884,T,IBM,F I,8,311.6
2025-12-09,10:11:13.973989884,T,IBM,F I,13,311.6
2025-12-09,10:11:13.973995386,T,IBM,F I,3,311.6
2025-12-09,10:11:13.973995386,T,IBM,F I,4,311.6
2025-12-09,10:11:13.973998313,T,IBM,F I,10,311.6
2025-12-09,10:11:13.973998313,T,IBM,F I,5,311.6
2025-12-09,10:11:13.974001319,T,IBM,F I,8,311.61
2025-12-09,10:11:13.974031933,T,IBM,F I,6,311.61
2025-12-09,10:11:13.974031933,T,IBM,F I,2,311.61
2025-12-09,10:11:13.974034620,T,IBM,F I,1,311.61
2025-12-09,10:11:13.974034620,T,IBM,F I,4,311.61
2025-12-09,10:11:13.974052484,T,IBM,F I,2,311.62
2025-12-09,10:11:13.974055903,T,IBM,F I,6,311.62
2025-12-09,10:11:19.541846322,T,IBM,F I,10,311.75
2025-12-09,10:11:19.541846322,T,IBM,F I,5,311.75
2025-12-09,10:11:19.541849348,T,IBM,F I,10,311.75
2025-12-09,10:11:19.542453816,T,IBM,I,5,311.75
2025-12-09,10:11:28.290297141,T,IBM,F,41,311.88
2025-12-09,10:11:28.290303210,T,IBM,F I,11,311.88
2025-12-09,10:11:28.290351317,T,IBM,F I,26,311.89
2025-12-09,10:11:28.290351317,T,IBM,F I,3,311.89
2025-12-09,10:11:28.290370021,T,IBM,I,1,311.89
2025-12-09,10:11:28.290372476,T,IBM,F I,1,311.89
2025-12-09,10:11:28.290375923,T,IBM,F I,10,311.89
2025-12-09,10:11:29.815570278,T,IBM,,59,311.895
2025-12-09,10:11:33.412243667,T,IBM,F I,15,311.85
2025-12-09,10:11:33.412243667,T,IBM,F I,8,311.85
2025-12-09,10:11:33.412718847,T,IBM,I,23,311.81
2025-12-09,10:11:33.412742859,T,IBM,I,1,311.81
2025-12-09,10:11:33.412742859,T,IBM,I,23,311.81
2025-12-09,10:11:33.412791317,T,IBM,F,56,311.81
2025-12-09,10:11:33.412821083,T,IBM,F I,2,311.8
2025-12-09,10:11:33.412881174,T,IBM,F I,18,311.8
2025-12-09,10:11:48.118953044,T,IBM,I,31,311.725
2025-12-09,10:11:59.976824209,T,IBM,F I,3,311.8
2025-12-09,10:12:02.204930604,T,IBM,F I,20,311.83
2025-12-09,10:12:02.204930604,T,IBM,F I,33,311.84
2025-12-09,10:12:02.204933635,T,IBM,F I,18,311.84
2025-12-09,10:12:02.204936599,T,IBM,F I,13,311.84
2025-12-09,10:12:02.204972609,T,IBM,I,1,311.84
2025-12-09,10:12:02.210578057,T,IBM,I,2,311.8
2025-12-09,10:12:02.210578057,T,IBM,I,38,311.8
2025-12-09,10:12:02.216063853,T,IBM,F I,23,311.84
2025-12-09,10:12:03.227040108,T,IBM,F I,26,311.89
2025-12-09,10:12:03.227040108,T,IBM,F I,4,311.89
2025-12-09,10:12:03.227042780,T,IBM,F I,1,311.89
2025-12-09,10:12:03.227099981,T,IBM,F I,7,311.93
2025-12-09,10:12:03.227623117,T,IBM,F I,1,312.0
2025-12-09,10:12:03.227626218,T,IBM,F I,12,312.0
2025-12-09,10:12:03.227629426,T,IBM,F I,3,312.0
2025-12-09,10:12:03.227689275,T,IBM,,40,312.0
2025-12-09,10:12:03.227695312,T,IBM,F I,3,312.0
2025-12-09,10:12:03.227695312,T,IBM,F I,7,312.0
2025-12-09,10:12:03.227713333,T,IBM,F I,6,312.05
2025-12-09,10:12:03.227719344,T,IBM,I,4,311.99
2025-12-09,10:12:03.227725388,T,IBM,I,25,311.99
2025-12-09,10:12:03.227737470,T,IBM,F I,10,312.05
2025-12-09,10:12:03.227830643,T,IBM,F,40,311.99
2025-12-09,10:12:03.228011090,T,IBM,F I,6,311.99
2025-12-09,10:12:19.109981334,T,IBM,I,1,312.02
2025-12-09,10:12:20.396227327,T,IBM,I,1,311.95
2025-12-09,10:12:26.060569047,T,IBM,F I,15,311.95
2025-12-09,10:12:26.061164456,T,IBM,F I,23,311.91
2025-12-09,10:12:26.061447092,T,IBM,F I,15,311.91
2025-12-09,10:12:28.689265104,T,IBM,,40,311.87
2025-12-09,10:12:28.689267981,T,IBM,I,11,311.87
2025-12-09,10:12:28.689267981,T,IBM,F I,4,311.87
2025-12-09,10:12:28.689271117,T,IBM,F I,15,311.87
2025-12-09,10:12:28.689274061,T,IBM,F I,2,311.87
2025-12-09,10:12:28.689274061,T,IBM,F,83,311.87
2025-12-09,10:12:28.689277323,T,IBM,F I,2,311.87
2025-12-09,10:12:28.689277323,T,IBM,F I,20,311.87
2025-12-09,10:12:28.689279988,T,IBM,F I,11,311.87
2025-12-09,10:12:28.689279988,T,IBM,I,1,311.87
2025-12-09,10:12:28.689283067,T,IBM,F I,28,311.87
2025-12-09,10:12:28.689517573,T,IBM,F,40,311.86
2025-12-09,10:12:28.689529626,T,IBM,F,40,311.86
2025-12-09,10:12:57.637957368,T,IBM,F I,1,311.84
2025-12-09,10:13:01.903910012,T,IBM,F,100,311.845
2025-12-09,10:13:01.904397113,T,IBM,F I,2,311.8
2025-12-09,10:13:05.609138832,T,IBM,F I,4,311.82
2025-12-09,10:13:13.196543632,T,IBM,I,1,311.845
2025-12-09,10:13:13.196543632,T,IBM,I,4,311.845
2025-12-09,10:13:13.853989767,T,IBM,F I,15,311.91
2025-12-09,10:13:13.854013920,T,IBM,F,83,311.93
2025-12-09,10:13:13.854070906,T,IBM,F I,3,311.94
2025-12-09,10:13:13.854073911,T,IBM,F I,20,311.94
2025-12-09,10:13:13.854076993,T,IBM,F I,2,311.94
2025-12-09,10:13:13.854080142,T,IBM,F I,10,311.95
2025-12-09,10:13:13.854080142,T,IBM,F I,13,311.95
2025-12-09,10:13:13.854083012,T,IBM,F I,2,311.95
2025-12-09,10:13:13.854097969,T,IBM,F I,38,311.95
2025-12-09,10:13:13.854100991,T,IBM,F I,2,311.95
2025-12-09,10:13:13.854104002,T,IBM,F I,15,311.95
2025-12-09,10:13:13.854122911,T,IBM,F I,4,311.96
2025-12-09,10:13:13.854122911,T,IBM,F I,4,311.96
2025-12-09,10:13:13.854684343,T,IBM,,40,311.94
2025-12-09,10:13:13.860948280,T,IBM,F I,15,312.03
2025-12-09,10:13:13.860948280,T,IBM,F I,27,312.05
2025-12-09,10:13:13.860951320,T,IBM,F I,3,312.05
2025-12-09,10:13:13.860969407,T,IBM,I,1,312.05
2025-12-09,10:13:13.861155927,T,IBM,F,45,312.05
2025-12-09,10:13:13.861155927,T,IBM,F I,1,312.06
2025-12-09,10:13:13.928441004,T,IBM,F I,1,312.08
2025-12-09,10:13:49.762249285,T,IBM,I,21,312.04
2025-12-09,10:13:49.762249285,T,IBM,I,12,312.04
2025-12-09,10:13:49.762276385,T,IBM,I,1,312.04
2025-12-09,10:13:49.762279334,T,IBM,F I,2,312.04
2025-12-09,10:13:50.034430224,T,IBM,F,46,312.14
2025-12-09,10:13:50.034430224,T,IBM,F I,11,312.14
2025-12-09,10:13:50.034454250,T,IBM,F I,9,312.14
2025-12-09,10:13:50.034454250,T,IBM,F I,2,312.15
2025-12-09,10:13:50.034457256,T,IBM,F I,2,312.15
2025-12-09,10:13:50.034508368,T,IBM,F I,1,312.15
2025-12-09,10:13:50.034559751,T,IBM,F I,8,312.15
2025-12-09,10:13:50.034574582,T,IBM,,66,312.15
2025-12-09,10:13:50.034574582,T,IBM,I,10,312.15
2025-12-09,10:13:50.034577558,T,IBM,I,19,312.15
2025-12-09,10:13:50.034742924,T,IBM,I,7,312.12
2025-12-09,10:13:50.034764402,T,IBM,I,3,312.12
2025-12-09,10:13:50.034764402,T,IBM,F I,16,312.1
2025-12-09,10:13:50.034843158,T,IBM,F I,2,312.1
2025-12-09,10:13:50.034983574,T,IBM,F I,2,312.06
2025-12-09,10:13:50.035489058,T,IBM,F I,1,312.02
2025-12-09,10:13:50.035489058,T,IBM,F,100,312.02
2025-12-09,10:13:50.035491844,T,IBM,F,80,312.02
2025-12-09,10:13:50.035575964,T,IBM,,40,312.0
2025-12-09,10:13:50.035578914,T,IBM,I,23,312.0
2025-12-09,10:13:50.035606033,T,IBM,F,40,311.99
2025-12-09,10:13:50.035660107,T,IBM,F,40,311.99
2025-12-09,10:13:50.036935132,T,IBM,F I,2,311.98
2025-12-09,10:13:50.036935132,T,IBM,F,366,311.99
2025-12-09,10:13:50.036938443,T,IBM,F,276,311.99
2025-12-09,10:13:50.036941521,T,IBM,F I,24,311.99
2025-12-09,10:13:50.036944445,T,IBM,F I,6,311.99
2025-12-09,10:13:50.036944445,T,IBM,F I,1,311.99
2025-12-09,10:13:50.036944445,T,IBM,F I,2,311.99
2025-12-09,10:13:50.037172769,T,IBM,F,40,312.0
2025-12-09,10:13:50.042732961,T,IBM,I,16,311.98
2025-12-09,10:13:58.411358484,T,IBM,F I,15,311.99
2025-12-09,10:13:58.481548557,T,IBM,F I,1,311.95
2025-12-09,10:13:58.485689429,T,IBM,F I,20,311.94
2025-12-09,10:13:58.564591708,T,IBM,F I,3,311.9
2025-12-09,10:13:58.564594436,T,IBM,F,40,311.9
2025-12-09,10:13:58.564594436,T,IBM,F I,19,311.9
2025-12-09,10:13:58.564870942,T,IBM,F I,1,311.87
2025-12-09,10:13:58.564873994,T,IBM,F I,39,311.85
2025-12-09,10:13:58.564886008,T,IBM,F I,1,311.85
2025-12-09,10:13:58.564889582,T,IBM,F I,39,311.85
2025-12-09,10:13:58.564895001,T,IBM,F I,1,311.85
2025-12-09,10:13:59.620245366,T,IBM,F I,19,311.74
2025-12-09,10:13:59.620401777,T,IBM,F I,20,311.71
2025-12-09,10:14:01.073855035,T,IBM,F,40,311.66
2025-12-09,10:14:01.073855035,T,IBM,F I,5,311.66
2025-12-09,10:14:01.073858170,T,IBM,F I,18,311.66
2025-12-09,10:14:01.073858170,T,IBM,F,40,311.66
2025-12-09,10:14:01.073876161,T,IBM,F,40,311.66
2025-12-09,10:14:01.073879148,T,IBM,F,40,311.65
2025-12-09,10:14:01.073885108,T,IBM,F,40,311.65
2025-12-09,10:14:04.121210551,T,IBM,I,2,311.58
2025-12-09,10:14:04.121213519,T,IBM,I,15,311.57
2025-12-09,10:14:04.121231671,T,IBM,I,4,311.56
2025-12-09,10:14:04.121234588,T,IBM,I,10,311.56
2025-12-09,10:14:04.121252789,T,IBM,I,7,311.56
2025-12-09,10:14:04.121252789,T,IBM,I,13,311.56
2025-12-09,10:14:04.133786513,T,IBM,F I,35,311.52
2025-12-09,10:14:04.134683042,T,IBM,I,20,311.48
2025-12-09,10:14:04.134689208,T,IBM,I,17,311.48
2025-12-09,10:14:04.134727737,T,IBM,I,23,311.48
2025-12-09,10:14:04.135350316,T,IBM,I,24,311.46
2025-12-09,10:14:04.135350316,T,IBM,I,7,311.46
2025-12-09,10:14:04.135377227,T,IBM,I,1,311.46
2025-12-09,10:14:04.135966640,T,IBM,F I,13,311.46
2025-12-09,10:14:04.135990760,T,IBM,I,27,311.46
2025-12-09,10:14:04.136393646,T,IBM,F I,15,311.43
2025-12-09,10:14:04.136393646,T,IBM,F I,24,311.42
2025-12-09,10:14:04.136420797,T,IBM,I,12,311.42
2025-12-09,10:14:04.178472820,T,IBM,F I,2,311.5
2025-12-09,10:14:04.361133709,T,IBM,,40,311.53
2025-12-09,10:14:05.024488937,T,IBM,I,20,311.53
2025-12-09,10:14:09.896438275,T,IBM,F I,25,311.62
2025-12-09,10:14:09.896471366,T,IBM,F,45,311.62
2025-12-09,10:14:09.896483983,T,IBM,F I,25,311.62
2025-12-09,10:14:09.896552554,T,IBM,F I,5,311.62
2025-12-09,10:14:09.896727001,T,IBM,F I,28,311.65
2025-12-09,10:14:09.896727001,T,IBM,F I,17,311.67
2025-12-09,10:14:09.896729904,T,IBM,F,45,311.66
2025-12-09,10:14:09.896745547,T,IBM,I,29,311.66
2025-12-09,10:14:09.896754862,T,IBM,I,26,311.66
2025-12-09,10:14:09.896754862,T,IBM,I,15,311.67
2025-12-09,10:14:09.896757132,T,IBM,I,4,311.67
2025-12-09,10:14:09.896769013,T,IBM,F I,9,311.67
2025-12-09,10:14:09.897259157,T,IBM,I,2,311.68
2025-12-09,10:14:09.897259157,T,IBM,,100,311.67
2025-12-09,10:14:09.897262280,T,IBM,F I,9,311.68
2025-12-09,10:14:09.897499817,T,IBM,I,1,311.7
2025-12-09,10:14:09.909005140,T,IBM,F I,22,311.66
2025-12-09,10:14:13.211900161,T,IBM,I,1,311.71
2025-12-09,10:14:13.999808904,T,IBM,I,2,311.75
2025-12-09,10:14:13.999881042,T,IBM,I,2,311.76
2025-12-09,10:14:14.001065921,T,IBM,F I,2,311.77
2025-12-09,10:14:14.001351671,T,IBM,F I,2,311.8
2025-12-09,10:14:14.001354554,T,IBM,F I,10,311.8
2025-12-09,10:14:14.001387585,T,IBM,F,50,311.8
2025-12-09,10:14:20.318616772,T,IBM,F I,25,311.89
2025-12-09,10:14:20.318667730,T,IBM,F I,25,311.89
2025-12-09,10:14:25.800583199,T,IBM,F I,1,311.91
2025-12-09,10:14:27.323655169,T,IBM,I,15,311.85
2025-12-09,10:14:27.323655169,T,IBM,I,2,311.84
2025-12-09,10:14:27.323658126,T,IBM,I,15,311.83
2025-12-09,10:14:29.891843992,T,IBM,I,13,311.91
2025-12-09,10:14:36.702259048,T,IBM,F I,18,311.87
2025-12-09,10:14:46.020101198,T,IBM,F I,1,311.74
2025-12-09,10:14:46.020103704,T,IBM,F I,1,311.74
2025-12-09,10:14:46.020109761,T,IBM,F,78,311.73
2025-12-09,10:14:46.020109761,T,IBM,F I,2,311.73
2025-12-09,10:14:46.020112485,T,IBM,F,46,311.73
2025-12-09,10:14:46.023212886,T,IBM,,40,311.72
2025-12-09,10:14:46.023315125,T,IBM,F,40,311.72
2025-12-09,10:15:04.306769354,T,IBM,F I,8,311.75
2025-12-09,10:15:04.306775025,T,IBM,F I,15,311.75
2025-12-09,10:15:04.306778055,T,IBM,F I,31,311.76
2025-12-09,10:15:04.318367624,T,IBM,F I,3,311.77
2025-12-09,10:15:04.318367624,T,IBM,F I,20,311.77
2025-12-09,10:15:04.318370660,T,IBM,F I,3,311.77
2025-12-09,10:15:04.318440344,T,IBM,F I,3,311.77
2025-12-09,10:15:06.597406224,T,IBM,F I,2,311.78
2025-12-09,10:15:13.217017043,T,IBM,F I,15,311.75
2025-12-09,10:15:16.062787798,T,IBM,I,3,311.65
2025-12-09,10:15:16.071012420,T,IBM,,40,311.62
2025-12-09,10:15:16.071030468,T,IBM,I,1,311.62
2025-12-09,10:15:16.071033394,T,IBM,I,22,311.62
2025-12-09,10:15:16.071046043,T,IBM,F I,17,311.62
2025-12-09,10:15:52.680462928,T,IBM,F I,5,311.56
2025-12-09,10:15:52.855190922,T,IBM,I,1,311.56
2025-12-09,10:16:09.154259934,T,IBM,I,1,311.555
2025-12-09,10:16:09.154305011,T,IBM,I,24,311.555
2025-12-09,10:16:14.173767569,T,IBM,F I,25,311.6
2025-12-09,10:16:14.173830717,T,IBM,F I,25,311.6
2025-12-09,10:16:54.708928615,T,IBM,F I,3,311.6
2025-12-09,10:16:54.708931599,T,IBM,F I,2,311.6
2025-12-09,10:16:54.708934673,T,IBM,F I,3,311.6
2025-12-09,10:16:54.708934673,T,IBM,F I,5,311.6
2025-12-09,10:16:54.708937624,T,IBM,F I,26,311.6
2025-12-09,10:16:54.708985806,T,IBM,,40,311.665
2025-12-09,10:16:55.501296932,T,IBM,I,5,311.59
2025-12-09,10:16:58.740590507,T,IBM,I,1,311.59
2025-12-09,10:17:00.108781640,T,IBM,F I,10,311.64
2025-12-09,10:17:01.404127632,T,IBM,I,2,311.66
2025-12-09,10:17:01.404130509,T,IBM,I,3,311.67
2025-12-09,10:17:01.404178663,T,IBM,I,2,311.67
2025-12-09,10:17:01.405600961,T,IBM,F,40,311.73
2025-12-09,10:17:01.405600961,T,IBM,F I,5,311.73
2025-12-09,10:17:01.405604028,T,IBM,F I,5,311.73
2025-12-09,10:17:01.405622061,T,IBM,I,1,311.73
2025-12-09,10:17:01.405625044,T,IBM,I,9,311.73
2025-12-09,10:17:08.493119687,T,IBM,F I,2,311.76
2025-12-09,10:17:08.493122774,T,IBM,F I,1,311.76
2025-12-09,10:17:08.970731757,T,IBM,F I,1,311.68
2025-12-09,10:18:20.955623821,T,IBM,I,3,311.78
2025-12-09,10:18:20.955626822,T,IBM,I,2,311.78
2025-12-09,10:18:33.717498245,T,IBM,I,2,311.77
2025-12-09,10:18:35.002454234,T,IBM,,40,311.8
2025-12-09,10:18:36.814360770,T,IBM,F I,25,311.77
2025-12-09,10:18:37.514965610,T,IBM,F I,25,311.8
2025-12-09,10:18:37.515164074,T,IBM,I,15,311.805
2025-12-09,10:18:49.892371511,T,IBM,I,3,311.8
2025-12-09,10:18:57.065188377,T,IBM,F I,6,311.8
2025-12-09,10:19:05.781540732,T,IBM,I,15,311.81
2025-12-09,10:19:05.781558738,T,IBM,I,25,311.805
2025-12-09,10:19:10.771818725,T,IBM,I,1,311.805
2025-12-09,10:19:10.772949514,T,IBM,I,2,311.805
2025-12-09,10:19:15.079703734,T,IBM,F I,2,311.8
2025-12-09,10:19:15.079703734,T,IBM,F I,4,311.8
2025-12-09,10:19:15.079706220,T,IBM,F I,4,311.8
2025-12-09,10:19:15.079709290,T,IBM,F I,5,311.8
2025-12-09,10:19:15.082563085,T,IBM,F I,5,311.72
2025-12-09,10:19:15.082593201,T,IBM,F,40,311.71
2025-12-09,10:19:15.082632255,T,IBM,F,40,311.71
2025-12-09,10:19:17.708119719,T,IBM,,40,311.65
2025-12-09,10:19:17.708119719,T,IBM,I,5,311.65
2025-12-09,10:19:36.241570946,T,IBM,F I,15,311.63
2025-12-09,10:19:36.241573902,T,IBM,F I,32,311.62
2025-12-09,10:19:36.241595041,T,IBM,F I,8,311.62
2025-12-09,10:19:36.241598024,T,IBM,F I,5,311.62
2025-12-09,10:19:36.241601475,T,IBM,F I,2,311.62
2025-12-09,10:19:36.254573898,T,IBM,I,5,311.575
2025-12-09,10:19:36.254576903,T,IBM,I,4,311.575
2025-12-09,10:19:36.254600956,T,IBM,F I,25,311.58
2025-12-09,10:19:37.449023463,T,IBM,I,14,311.58
2025-12-09,10:19:46.836672983,T,IBM,I,5,311.57
2025-12-09,10:19:59.582173188,T,IBM,F I,5,311.63
2025-12-09,10:20:29.615000227,T,IBM,F I,9,311.55
2025-12-09,10:20:29.615006798,T,IBM,F I,37,311.55
2025-12-09,10:20:29.615009650,T,IBM,F I,9,311.54
2025-12-09,10:20:29.615012835,T,IBM,F I,3,311.53
2025-12-09,10:20:29.615021357,T,IBM,F I,6,311.53
2025-12-09,10:20:29.615027350,T,IBM,F I,9,311.53
2025-12-09,10:20:29.615034107,T,IBM,F I,22,311.53
2025-12-09,10:20:29.615036715,T,IBM,F I,4,311.53
2025-12-09,10:20:29.615039427,T,IBM,F I,5,311.53
2025-12-09,10:20:29.615039427,T,IBM,F I,18,311.53
2025-12-09,10:20:29.615042356,T,IBM,F I,22,311.53
2025-12-09,10:20:29.615141614,T,IBM,F,40,311.52
2025-12-09,10:20:29.615141614,T,IBM,F I,20,311.51
2025-12-09,10:20:29.615406372,T,IBM,F,40,311.51
2025-12-09,10:20:29.615848377,T,IBM,I,10,311.46
2025-12-09,10:20:29.615878328,T,IBM,I,10,311.46
2025-12-09,10:20:29.615944548,T,IBM,F I,1,311.4
2025-12-09,10:20:29.615968601,T,IBM,F I,1,311.4
2025-12-09,10:20:30.619160041,T,IBM,F,80,311.36
2025-12-09,10:20:30.619160041,T,IBM,F,65,311.36
2025-12-09,10:20:30.619162895,T,IBM,F I,14,311.35
2025-12-09,10:20:30.619497118,T,IBM,F,106,311.35
2025-12-09,10:20:30.619500564,T,IBM,F,280,311.35
2025-12-09,10:20:30.619500564,T,IBM,F,40,311.35
2025-12-09,10:20:30.619520709,T,IBM,I,1,311.35
2025-12-09,10:20:30.619601876,T,IBM,I,39,311.35
2025-12-09,10:20:30.637635841,T,IBM,I,5,311.32
2025-12-09,10:20:30.637635841,T,IBM,I,4,311.32
2025-12-09,10:20:30.637662845,T,IBM,F I,2,311.36
2025-12-09,10:20:50.162586524,T,IBM,F I,25,311.43
2025-12-09,10:20:50.162604586,T,IBM,F I,5,311.43
2025-12-09,10:20:50.162646681,T,IBM,F,50,311.43
2025-12-09,10:21:01.987818356,T,IBM,I,2,311.42
2025-12-09,10:21:01.987818356,T,IBM,I,3,311.43
2025-12-09,10:21:12.949351448,T,IBM,I,11,311.32
2025-12-09,10:21:25.899880184,T,IBM,F I,6,311.42
2025-12-09,10:21:25.899883140,T,IBM,F I,6,311.42
2025-12-09,10:21:25.899886142,T,IBM,F I,6,311.42
2025-12-09,10:21:25.899889202,T,IBM,F I,6,311.42
2025-12-09,10:21:25.899889202,T,IBM,F I,6,311.42
2025-12-09,10:21:25.899895158,T,IBM,F I,11,311.42
2025-12-09,10:21:25.899898208,T,IBM,I,6,311.42
2025-12-09,10:21:25.899916261,T,IBM,I,11,311.42
2025-12-09,10:21:25.899925250,T,IBM,F I,17,311.42
2025-12-09,10:21:25.899937263,T,IBM,F I,17,311.42
2025-12-09,10:21:25.899943310,T,IBM,F I,11,311.42
2025-12-09,10:21:25.899952305,T,IBM,I,3,311.42
2025-12-09,10:21:25.899958313,T,IBM,I,5,311.43
2025-12-09,10:21:25.899961315,T,IBM,I,3,311.43
2025-12-09,10:21:25.899976423,T,IBM,F I,3,311.43
2025-12-09,10:21:25.900262120,T,IBM,F I,1,311.44
2025-12-09,10:21:25.900262120,T,IBM,F I,34,311.44
2025-12-09,10:21:27.545953891,T,IBM,F I,7,311.31
2025-12-09,10:21:28.905661775,T,IBM,,45,311.315
2025-12-09,10:21:34.881352658,T,IBM,F I,2,311.34
2025-12-09,10:21:34.881436834,T,IBM,F I,17,311.39
2025-12-09,10:21:40.131235641,T,IBM,F I,3,311.43
2025-12-09,10:21:40.131238607,T,IBM,F I,37,311.43
2025-12-09,10:21:40.131241684,T,IBM,F I,10,311.43
2025-12-09,10:21:40.131476167,T,IBM,F I,2,311.44
2025-12-09,10:21:40.131488321,T,IBM,F I,3,311.44
2025-12-09,10:21:40.131497256,T,IBM,F I,2,311.45
2025-12-09,10:21:40.132360355,T,IBM,F I,1,311.5
2025-12-09,10:21:59.580905361,T,IBM,F I,25,311.49
2025-12-09,10:21:59.580965454,T,IBM,F I,11,311.49
2025-12-09,10:22:05.108607956,T,IBM,F I,25,311.52
2025-12-09,10:22:05.108656097,T,IBM,F I,25,311.52
2025-12-09,10:22:05.108668122,T,IBM,I,2,311.405
2025-12-09,10:22:05.108710158,T,IBM,I,21,311.405
2025-12-09,10:22:12.250300808,T,IBM,I,3,311.36
2025-12-09,10:22:22.877633733,T,IBM,F I,18,311.31
2025-12-09,10:22:22.877648867,T,IBM,F I,28,311.31
2025-12-09,10:22:22.877651778,T,IBM,F I,1,311.32
2025-12-09,10:22:22.877654756,T,IBM,F I,17,311.32
2025-12-09,10:22:22.877823231,T,IBM,I,20,311.42
2025-12-09,10:22:22.878436681,T,IBM,F I,2,311.47
2025-12-09,10:22:22.878442719,T,IBM,F I,5,311.48
2025-12-09,10:22:22.878442719,T,IBM,F I,4,311.48
2025-12-09,10:22:22.878448729,T,IBM,F I,12,311.48
2025-12-09,10:22:22.878481974,T,IBM,F I,12,311.49
2025-12-09,10:22:22.878521486,T,IBM,F,100,311.47
2025-12-09,10:22:22.878524258,T,IBM,F,60,311.47
2025-12-09,10:22:22.878524258,T,IBM,F,100,311.47
2025-12-09,10:22:22.878524258,T,IBM,F,100,311.47
2025-12-09,10:22:22.878596461,T,IBM,,100,311.47
2025-12-09,10:22:22.878599235,T,IBM,I,25,311.465
2025-12-09,10:22:22.878602099,T,IBM,,75,311.46
2025-12-09,10:22:22.878620093,T,IBM,I,1,311.46
2025-12-09,10:22:22.878638093,T,IBM,,264,311.46
2025-12-09,10:22:22.878833605,T,IBM,,45,311.41
2025-12-09,10:22:22.879050171,T,IBM,F I,5,311.43
2025-12-09,10:22:22.879233622,T,IBM,,45,311.43
2025-12-09,10:22:22.950726487,T,IBM,F,55,311.43
2025-12-09,10:22:22.950728994,T,IBM,F,100,311.43
2025-12-09,10:22:22.950732413,T,IBM,F,100,311.43
2025-12-09,10:22:22.950735073,T,IBM,F,215,311.43
2025-12-09,10:22:22.950737754,T,IBM,F,185,311.43
2025-12-09,10:22:22.950737754,T,IBM,F I,1,311.43
2025-12-09,10:22:23.947338001,T,IBM,F I,15,311.4
2025-12-09,10:22:24.045470010,T,IBM,I,6,311.43
2025-12-09,10:22:29.126831866,T,IBM,F I,21,311.41
2025-12-09,10:22:35.379776832,T,IBM,I,1,311.465
2025-12-09,10:22:46.147546872,T,IBM,F I,20,311.55
2025-12-09,10:22:46.147550103,T,IBM,F I,1,311.56
2025-12-09,10:22:46.147550103,T,IBM,F I,4,311.56
2025-12-09,10:22:46.147552822,T,IBM,F I,25,311.56
2025-12-09,10:22:46.147558890,T,IBM,F I,15,311.56
2025-12-09,10:22:46.147558890,T,IBM,F I,5,311.56
2025-12-09,10:22:46.147856575,T,IBM,F I,3,311.57
2025-12-09,10:22:46.148136254,T,IBM,F I,32,311.56
2025-12-09,10:23:05.556505527,T,IBM,I,30,311.55
2025-12-09,10:23:06.661753688,T,IBM,F I,1,311.61
2025-12-09,10:23:06.661756694,T,IBM,F I,1,311.61
2025-12-09,10:23:06.661765863,T,IBM,F I,7,311.62
2025-12-09,10:23:06.661765863,T,IBM,F I,20,311.62
2025-12-09,10:23:06.661831866,T,IBM,F I,27,311.64
2025-12-09,10:23:06.662511554,T,IBM,I,20,311.65
2025-12-09,10:23:15.370326738,T,IBM,F I,20,311.65
2025-12-09,10:23:15.370329933,T,IBM,F I,5,311.66
2025-12-09,10:23:15.370333589,T,IBM,F I,39,311.66
2025-12-09,10:23:15.370333589,T,IBM,F I,7,311.66
2025-12-09,10:23:15.370337130,T,IBM,F I,7,311.66
2025-12-09,10:23:15.370337130,T,IBM,F I,6,311.66
2025-12-09,10:23:15.370383932,T,IBM,F I,2,311.67
2025-12-09,10:23:15.371165742,T,IBM,,100,311.675
2025-12-09,10:23:15.440159059,T,IBM,F I,25,311.68
2025-12-09,10:23:15.979619213,T,IBM,I,15,311.68
2025-12-09,10:23:16.785757390,T,IBM,F I,10,311.68
2025-12-09,10:23:16.791107188,T,IBM,F I,31,311.71
2025-12-09,10:23:16.791131655,T,IBM,F I,2,311.72
2025-12-09,10:23:16.791747684,T,IBM,F I,2,311.76
2025-12-09,10:23:16.791747684,T,IBM,F I,2,311.76
2025-12-09,10:23:16.791753630,T,IBM,F I,8,311.76
2025-12-09,10:23:16.791910147,T,IBM,I,7,311.76
2025-12-09,10:23:16.792162680,T,IBM,F I,25,311.76
2025-12-09,10:23:37.289048307,T,IBM,F I,12,311.84
2025-12-09,10:23:37.289066289,T,IBM,I,10,311.84
2025-12-09,10:23:37.289120346,T,IBM,F I,10,311.85
2025-12-09,10:23:37.289899232,T,IBM,F I,8,311.93
2025-12-09,10:23:37.297323912,T,IBM,,100,311.93
2025-12-09,10:23:37.675278625,T,IBM,,100,311.91
2025-12-09,10:23:37.675281665,T,IBM,I,20,311.91
2025-12-09,10:23:37.675302707,T,IBM,F I,25,311.91
2025-12-09,10:23:37.675332792,T,IBM,I,17,311.91
2025-12-09,10:23:37.675471132,T,IBM,,42,311.91
2025-12-09,10:23:37.675630493,T,IBM,,100,311.91
2025-12-09,10:23:38.189990098,T,IBM,F I,2,311.84
2025-12-09,10:23:38.189993076,T,IBM,F I,2,311.84
2025-12-09,10:23:38.189993076,T,IBM,F I,13,311.83
2025-12-09,10:23:38.190077204,T,IBM,F I,4,311.83
2025-12-09,10:23:45.486013370,T,IBM,F I,5,311.77
2025-12-09,10:23:45.486013370,T,IBM,F I,1,311.77
2025-12-09,10:23:45.486744050,T,IBM,F,77,311.71
2025-12-09,10:23:45.486744050,T,IBM,F,40,311.7
2025-12-09,10:23:45.486747041,T,IBM,F I,3,311.7
2025-12-09,10:23:45.486762930,T,IBM,I,1,311.7
2025-12-09,10:23:45.486768071,T,IBM,F I,36,311.7
2025-12-09,10:23:45.486771090,T,IBM,F,40,311.7
2025-12-09,10:23:47.676370696,T,IBM,I,20,311.715
2025-12-09,10:24:11.304947852,T,IBM,F I,5,311.87
2025-12-09,10:24:11.304950870,T,IBM,F I,18,311.87
2025-12-09,10:24:11.304953708,T,IBM,F I,3,311.87
2025-12-09,10:24:11.304953708,T,IBM,F I,26,311.87
2025-12-09,10:24:11.305792712,T,IBM,I,30,311.845
2025-12-09,10:24:11.305864961,T,IBM,F I,2,311.8
2025-12-09,10:24:11.305867883,T,IBM,F I,2,311.8
2025-12-09,10:24:11.305925094,T,IBM,I,22,311.77
2025-12-09,10:24:11.306700921,T,IBM,F I,18,311.69
2025-12-09,10:24:11.308255571,T,IBM,F I,3,311.67
2025-12-09,10:24:11.308673573,T,IBM,,100,311.665
2025-12-09,10:24:11.308676605,T,IBM,I,20,311.71
2025-12-09,10:24:12.251562284,T,IBM,,100,311.68
2025-12-09,10:24:12.401117379,T,IBM,F I,2,311.72
2025-12-09,10:24:12.401120375,T,IBM,F I,2,311.72
2025-12-09,10:24:12.401177467,T,IBM,F I,22,311.75
2025-12-09,10:24:12.401177467,T,IBM,F I,15,311.75
2025-12-09,10:24:12.401523472,T,IBM,,100,311.75
2025-12-09,10:24:12.401568412,T,IBM,I,1,311.75
2025-12-09,10:24:12.401613556,T,IBM,I,6,311.75
2025-12-09,10:24:12.402163971,T,IBM,F I,2,311.75
2025-12-09,10:24:30.742976712,T,IBM,F I,25,311.8
2025-12-09,10:24:38.662245473,T,IBM,F I,5,311.88
2025-12-09,10:24:38.662759778,T,IBM,,100,311.86
2025-12-09,10:24:38.663316021,T,IBM,I,2,311.85
2025-12-09,10:24:38.663316021,T,IBM,,40,311.85
2025-12-09,10:24:38.663331495,T,IBM,I,1,311.85
2025-12-09,10:24:38.663334418,T,IBM,,80,311.86
2025-12-09,10:24:38.663334418,T,IBM,I,20,311.86
2025-12-09,10:24:38.663337135,T,IBM,,80,311.85
2025-12-09,10:24:38.663382204,T,IBM,F,80,311.85
2025-12-09,10:24:38.664446720,T,IBM,F,120,311.86
2025-12-09,10:24:38.664452899,T,IBM,F I,11,311.94
2025-12-09,10:24:38.664515882,T,IBM,F I,1,311.94
2025-12-09,10:24:38.664681346,T,IBM,F I,11,311.95
2025-12-09,10:24:38.665190352,T,IBM,F,109,311.95
2025-12-09,10:24:38.665192659,T,IBM,F I,1,311.96
2025-12-09,10:24:38.665601606,T,IBM,F I,1,311.99
2025-12-09,10:24:38.665601606,T,IBM,F I,1,311.99
2025-12-09,10:24:38.665634629,T,IBM,F I,2,312.0
2025-12-09,10:24:38.666085621,T,IBM,,100,311.94
2025-12-09,10:24:38.688642388,T,IBM,I,29,311.955
2025-12-09,10:24:54.030535798,T,IBM,F I,18,311.97
2025-12-09,10:24:54.030538851,T,IBM,F,100,311.97
2025-12-09,10:24:54.031453080,T,IBM,F I,1,312.01
2025-12-09,10:24:54.031498107,T,IBM,F I,1,312.01
2025-12-09,10:24:54.031522151,T,IBM,F I,1,312.01
2025-12-09,10:24:54.031600375,T,IBM,F I,1,312.01
2025-12-09,10:24:54.031702644,T,IBM,F I,1,312.01
2025-12-09,10:24:54.031844107,T,IBM,F I,1,312.01
2025-12-09,10:24:54.291830849,T,IBM,F I,25,311.93
2025-12-09,10:24:54.291845939,T,IBM,I,21,311.93
2025-12-09,10:24:54.291849589,T,IBM,I,13,311.92
2025-12-09,10:24:54.291852094,T,IBM,I,2,311.92
