DATE,TIME_M,EX,SYM_ROOT,TR_SCOND,SIZE,PRICE
2025-10-22,9:30:01.123388075,T,IBM,,100,281.79
2025-10-22,9:30:01.123388075,T,IBM,Q,100,281.79
2025-10-22,9:30:01.123394155,T,IBM,I,1,281.79
2025-10-22,9:30:01.123400106,T,IBM,I,25,281.79
2025-10-22,9:30:01.123541445,T,IBM,,114,281.79
2025-10-22,9:30:01.123559518,T,IBM,I,86,281.79
2025-10-22,9:30:01.171845479,T,IBM,F I,2,281.695
2025-10-22,9:30:01.171848445,T,IBM,F I,78,281.6
2025-10-22,9:30:01.171872537,T,IBM,F I,2,281.6
2025-10-22,9:30:01.200777705,T,IBM,F I,49,281.5
2025-10-22,9:30:01.200864571,T,IBM,F I,51,281.5
2025-10-22,9:30:02.144047791,T,IBM,I,32,281.41
2025-10-22,9:30:02.144050828,T,IBM,,100,281.41
2025-10-22,9:30:02.144053871,T,IBM,I,68,281.4
2025-10-22,9:30:02.144062809,T,IBM,I,32,281.4
2025-10-22,9:30:02.144065856,T,IBM,,100,281.4
2025-10-22,9:30:02.253027321,T,IBM,I,12,281.58
2025-10-22,9:30:02.253027321,T,IBM,I,37,281.6
2025-10-22,9:30:02.253030318,T,IBM,,100,281.6
2025-10-22,9:30:02.253033668,T,IBM,I,32,281.62
2025-10-22,9:30:02.253033668,T,IBM,I,37,281.62
2025-10-22,9:30:02.253036385,T,IBM,I,33,281.63
2025-10-22,9:30:02.253036385,T,IBM,,349,281.63
2025-10-22,9:30:02.253054299,T,IBM,F I,63,281.63
2025-10-22,9:30:02.253132481,T,IBM,,100,281.63
2025-10-22,9:30:04.175103986,T,IBM,I,4,281.55
2025-10-22,9:30:09.700094354,T,IBM,I,1,281.76
2025-10-22,9:30:15.493882574,T,IBM,F I,10,281.76
2025-10-22,9:30:15.495142519,T,IBM,I,14,281.87
2025-10-22,9:30:15.495262796,T,IBM,I,31,281.87
2025-10-22,9:30:15.495283886,T,IBM,I,1,281.87
2025-10-22,9:30:15.495301853,T,IBM,I,51,281.87
2025-10-22,9:30:15.495383134,T,IBM,F,100,281.86
2025-10-22,9:30:15.504558623,T,IBM,I,37,281.77
2025-10-22,9:30:15.504561096,T,IBM,I,12,281.76
2025-10-22,9:30:15.504561096,T,IBM,I,51,281.75
2025-10-22,9:30:15.589483073,T,IBM,,100,281.88
2025-10-22,9:30:22.583464675,T,IBM,F I,1,282.45
2025-10-22,9:30:22.584066059,T,IBM,F I,12,282.65
2025-10-22,9:30:22.584475021,T,IBM,F I,17,282.64
2025-10-22,9:30:22.584499030,T,IBM,F I,17,282.64
2025-10-22,9:30:22.584508126,T,IBM,F I,66,282.64
2025-10-22,9:30:22.584508126,T,IBM,F I,34,282.65
2025-10-22,9:30:22.584526505,T,IBM,F I,50,282.65
2025-10-22,9:30:22.584529115,T,IBM,I,1,282.65
2025-10-22,9:30:22.585187737,T,IBM,I,1,282.425
2025-10-22,9:30:22.597243430,T,IBM,,100,282.425
2025-10-22,9:30:23.740243476,T,IBM,I,1,282.57
2025-10-22,9:30:24.600838216,T,IBM,I,2,282.57
2025-10-22,9:30:25.498625641,T,IBM,I,2,282.56
2025-10-22,9:30:39.606616224,T,IBM,F,100,282.35
2025-10-22,9:30:45.962180843,T,IBM,F,100,282.14
2025-10-22,9:31:16.170431949,T,IBM,F,100,282.12
2025-10-22,9:31:16.170435245,T,IBM,F I,8,282.19
2025-10-22,9:31:16.170435245,T,IBM,F I,15,282.19
2025-10-22,9:31:16.170437963,T,IBM,F I,26,282.19
2025-10-22,9:31:16.170455942,T,IBM,I,1,282.19
2025-10-22,9:31:16.170534516,T,IBM,I,57,282.19
2025-10-22,9:31:16.170534516,T,IBM,I,42,282.19
2025-10-22,9:31:16.170603361,T,IBM,F,225,282.19
2025-10-22,9:31:16.170615339,T,IBM,I,75,282.19
2025-10-22,9:31:16.170786835,T,IBM,F,300,282.225
2025-10-22,9:31:37.416822980,T,IBM,F,100,282.18
2025-10-22,9:32:09.116655167,T,IBM,F I,1,282.31
2025-10-22,9:32:28.662097825,T,IBM,F I,12,282.5
2025-10-22,9:32:28.662097825,T,IBM,F I,1,282.48
2025-10-22,9:32:40.929475377,T,IBM,F I,1,282.87
2025-10-22,9:32:40.929493437,T,IBM,F I,1,282.87
2025-10-22,9:32:41.257406315,T,IBM,F I,57,283.18
2025-10-22,9:32:41.257409113,T,IBM,F,127,283.18
2025-10-22,9:32:41.257409113,T,IBM,F I,73,283.18
2025-10-22,9:32:41.257412194,T,IBM,F I,32,283.18
2025-10-22,9:32:41.257412194,T,IBM,F,168,283.18
2025-10-22,9:32:42.921083762,T,IBM,F,100,283.42
2025-10-22,9:32:43.689464026,T,IBM,I,50,283.5
2025-10-22,9:32:51.588564159,T,IBM,I,5,283.405
2025-10-22,9:33:06.079447308,T,IBM,I,54,283.27
2025-10-22,9:33:18.415229699,T,IBM,I,3,283.5
2025-10-22,9:33:33.885228149,T,IBM,I,18,283.64
2025-10-22,9:33:33.885510777,T,IBM,F I,18,283.65
2025-10-22,9:33:33.885625042,T,IBM,F I,10,283.67
2025-10-22,9:33:33.885628145,T,IBM,F I,3,283.68
2025-10-22,9:33:33.885686123,T,IBM,F I,4,283.69
2025-10-22,9:33:37.158695205,T,IBM,I,24,283.51
2025-10-22,9:33:37.385161370,T,IBM,I,13,283.51
2025-10-22,9:33:45.487467334,T,IBM,F I,69,283.8
2025-10-22,9:34:01.975022925,T,IBM,F I,39,283.69
2025-10-22,9:34:01.975705703,T,IBM,I,39,283.6
2025-10-22,9:34:01.975943132,T,IBM,F I,42,283.6
2025-10-22,9:34:01.975946191,T,IBM,F I,19,283.6
2025-10-22,9:34:01.975946191,T,IBM,F I,20,283.59
2025-10-22,9:34:01.975958114,T,IBM,F I,18,283.59
2025-10-22,9:34:01.975961216,T,IBM,F I,1,283.59
2025-10-22,9:34:01.976042633,T,IBM,F I,9,283.7
2025-10-22,9:34:01.976042633,T,IBM,F I,15,283.7
2025-10-22,9:34:01.976045346,T,IBM,F I,23,283.7
2025-10-22,9:34:01.976048631,T,IBM,F I,5,283.7
2025-10-22,9:34:01.976127343,T,IBM,I,3,283.8
2025-10-22,9:34:01.976237844,T,IBM,F I,60,283.7
2025-10-22,9:34:01.976258905,T,IBM,I,1,283.7
2025-10-22,9:34:01.976309971,T,IBM,F I,97,283.7
2025-10-22,9:34:01.976337121,T,IBM,F,450,283.7
2025-10-22,9:34:01.976337121,T,IBM,F I,10,283.7
2025-10-22,9:34:01.976529556,T,IBM,I,50,283.63
2025-10-22,9:34:01.976574636,T,IBM,F I,1,283.7
2025-10-22,9:34:01.976725034,T,IBM,I,62,283.7
2025-10-22,9:34:01.976731089,T,IBM,I,16,283.7
2025-10-22,9:34:01.976734046,T,IBM,I,93,283.7
2025-10-22,9:34:01.976737032,T,IBM,I,75,283.7
2025-10-22,9:34:01.976746104,T,IBM,I,1,283.7
2025-10-22,9:34:01.977572987,T,IBM,I,4,283.75
2025-10-22,9:34:01.995191986,T,IBM,I,7,283.78
2025-10-22,9:34:02.026691966,T,IBM,I,4,283.78
2025-10-22,9:34:02.419264496,T,IBM,I,54,283.78
2025-10-22,9:34:02.419351821,T,IBM,F I,35,283.78
2025-10-22,9:34:02.419354745,T,IBM,F I,3,283.77
2025-10-22,9:34:02.419357842,T,IBM,F,131,283.77
2025-10-22,9:34:02.419360817,T,IBM,F I,69,283.77
2025-10-22,9:34:02.419360817,T,IBM,F I,35,283.77
2025-10-22,9:34:02.419457525,T,IBM,F,100,283.77
2025-10-22,9:34:02.419475674,T,IBM,,100,283.77
2025-10-22,9:34:02.420191235,T,IBM,F I,83,283.7
2025-10-22,9:34:02.420191235,T,IBM,F I,61,283.7
2025-10-22,9:34:02.420196819,T,IBM,F I,39,283.7
2025-10-22,9:34:04.622531982,T,IBM,,100,283.77
2025-10-22,9:34:06.050833181,T,IBM,,100,283.77
2025-10-22,9:34:06.487024778,T,IBM,F,100,283.59
2025-10-22,9:34:06.487024778,T,IBM,F I,50,283.58
2025-10-22,9:34:06.487045620,T,IBM,F I,50,283.58
2025-10-22,9:34:06.487045620,T,IBM,F I,50,283.58
2025-10-22,9:34:06.487926724,T,IBM,I,9,283.54
2025-10-22,9:34:12.341227235,T,IBM,I,31,283.43
2025-10-22,9:34:12.341259697,T,IBM,F I,69,283.43
2025-10-22,9:34:12.341262732,T,IBM,F I,32,283.43
2025-10-22,9:34:12.341266052,T,IBM,F,199,283.42
2025-10-22,9:34:12.341278445,T,IBM,I,1,283.42
2025-10-22,9:34:12.341283862,T,IBM,F,100,283.42
2025-10-22,9:34:12.341506781,T,IBM,,100,283.42
2025-10-22,9:34:12.342802473,T,IBM,F,100,283.37
2025-10-22,9:34:12.342802473,T,IBM,F I,18,283.37
2025-10-22,9:34:12.342805481,T,IBM,F I,10,283.4
2025-10-22,9:34:12.342832505,T,IBM,I,1,283.4
2025-10-22,9:34:12.342848055,T,IBM,I,34,283.4
2025-10-22,9:34:12.342850564,T,IBM,I,28,283.37
2025-10-22,9:34:12.342853702,T,IBM,I,16,283.37
2025-10-22,9:34:12.342853702,T,IBM,I,19,283.46
2025-10-22,9:34:12.342871586,T,IBM,,356,283.37
2025-10-22,9:34:12.359278703,T,IBM,I,34,283.42
2025-10-22,9:34:12.916718763,T,IBM,I,12,283.44
2025-10-22,9:34:12.916769859,T,IBM,I,10,283.4
2025-10-22,9:34:13.360599512,T,IBM,F,100,283.49
2025-10-22,9:34:14.281109045,T,IBM,I,16,283.39
2025-10-22,9:34:14.612242276,T,IBM,I,7,283.38
2025-10-22,9:34:14.764696174,T,IBM,I,16,283.38
2025-10-22,9:34:20.496251252,T,IBM,I,35,283.53
2025-10-22,9:34:21.447611125,T,IBM,,100,283.64
2025-10-22,9:34:29.416910437,T,IBM,F,100,283.89
2025-10-22,9:34:34.237380420,T,IBM,,100,283.74
2025-10-22,9:34:34.244898427,T,IBM,F I,26,283.67
2025-10-22,9:34:34.244925405,T,IBM,F I,39,283.67
2025-10-22,9:34:34.244925405,T,IBM,F I,26,283.63
2025-10-22,9:34:34.247244054,T,IBM,I,25,283.46
2025-10-22,9:34:34.247246945,T,IBM,I,4,283.45
2025-10-22,9:34:34.249015215,T,IBM,I,6,283.39
2025-10-22,9:34:35.175776454,T,IBM,I,21,283.45
2025-10-22,9:34:35.261678978,T,IBM,I,5,283.44
2025-10-22,9:34:35.487838403,T,IBM,,100,283.675
2025-10-22,9:34:50.031815975,T,IBM,F I,2,283.64
2025-10-22,9:34:50.031818951,T,IBM,F I,15,283.62
2025-10-22,9:34:56.091154380,T,IBM,F I,50,284.0
2025-10-22,9:34:56.091157359,T,IBM,F I,30,284.0
2025-10-22,9:34:59.393574323,T,IBM,F I,37,284.08
2025-10-22,9:34:59.393652473,T,IBM,F I,34,284.04
2025-10-22,9:34:59.894912828,T,IBM,,100,284.16
2025-10-22,9:35:02.377815949,T,IBM,I,15,284.16
2025-10-22,9:35:11.079743337,T,IBM,I,12,284.0
2025-10-22,9:35:11.079770745,T,IBM,F,150,284.0
2025-10-22,9:35:11.079803490,T,IBM,F I,1,283.97
2025-10-22,9:35:11.080257624,T,IBM,F I,1,283.96
2025-10-22,9:35:11.080783879,T,IBM,I,32,284.07
2025-10-22,9:35:11.080783879,T,IBM,I,28,284.08
2025-10-22,9:35:11.080801917,T,IBM,I,1,284.08
2025-10-22,9:35:11.081265012,T,IBM,I,34,283.98
2025-10-22,9:35:11.081265012,T,IBM,I,32,283.97
2025-10-22,9:35:11.081267994,T,IBM,I,14,283.96
2025-10-22,9:35:11.081286059,T,IBM,I,1,283.96
2025-10-22,9:35:11.081472474,T,IBM,F I,13,283.96
2025-10-22,9:35:11.081472474,T,IBM,F I,33,283.96
2025-10-22,9:35:11.081478496,T,IBM,F I,1,283.96
2025-10-22,9:35:11.088975381,T,IBM,I,3,283.98
2025-10-22,9:35:16.186076870,T,IBM,F I,1,283.86
2025-10-22,9:35:27.534358424,T,IBM,I,1,283.855
2025-10-22,9:35:30.981705459,T,IBM,F I,37,283.73
2025-10-22,9:35:30.981708545,T,IBM,F,113,283.73
2025-10-22,9:35:30.981741746,T,IBM,F I,87,283.73
2025-10-22,9:35:30.981741746,T,IBM,F I,13,283.63
2025-10-22,9:35:30.981795885,T,IBM,F I,87,283.63
2025-10-22,9:35:30.981795885,T,IBM,F I,13,283.62
2025-10-22,9:35:30.981819815,T,IBM,F I,80,283.62
2025-10-22,9:35:30.981841144,T,IBM,F I,7,283.62
2025-10-22,9:35:30.981841144,T,IBM,F I,93,283.61
2025-10-22,9:35:30.981861820,T,IBM,F I,7,283.61
2025-10-22,9:35:30.982180617,T,IBM,F,200,283.62
2025-10-22,9:35:34.158369137,T,IBM,I,88,283.03
2025-10-22,9:35:34.158450465,T,IBM,F I,20,283.01
2025-10-22,9:35:34.158453343,T,IBM,F I,13,283.0
2025-10-22,9:35:34.158474844,T,IBM,F I,14,283.0
2025-10-22,9:35:34.158477449,T,IBM,F I,6,283.0
2025-10-22,9:35:34.158727062,T,IBM,F,100,283.0
2025-10-22,9:35:34.159217830,T,IBM,F I,57,283.01
2025-10-22,9:35:34.159223170,T,IBM,F I,57,283.01
2025-10-22,9:35:34.159223170,T,IBM,F I,43,283.01
2025-10-22,9:35:34.159511950,T,IBM,I,57,283.02
2025-10-22,9:35:34.973318307,T,IBM,F I,25,282.96
2025-10-22,9:35:35.203811121,T,IBM,F,100,282.94
2025-10-22,9:35:35.210129081,T,IBM,I,25,282.985
2025-10-22,9:35:42.215682250,T,IBM,I,19,282.83
2025-10-22,9:35:45.329457159,T,IBM,F I,34,282.84
2025-10-22,9:36:05.508673321,T,IBM,F I,10,283.01
2025-10-22,9:36:05.537999179,T,IBM,I,30,283.05
2025-10-22,9:36:05.538215728,T,IBM,F I,25,283.06
2025-10-22,9:36:05.538215728,T,IBM,F I,25,283.06
2025-10-22,9:36:05.538245793,T,IBM,F I,30,283.07
2025-10-22,9:36:05.557981693,T,IBM,,100,283.14
2025-10-22,9:36:05.557981693,T,IBM,I,20,283.15
2025-10-22,9:36:05.557999746,T,IBM,F I,80,283.15
2025-10-22,9:36:05.558020855,T,IBM,F I,65,283.16
2025-10-22,9:36:05.558023818,T,IBM,F I,2,283.16
2025-10-22,9:36:17.852607094,T,IBM,I,4,283.0
2025-10-22,9:36:17.852607094,T,IBM,I,20,283.05
2025-10-22,9:36:17.852772439,T,IBM,F I,4,282.93
2025-10-22,9:36:34.836025108,T,IBM,F I,14,283.14
2025-10-22,9:36:34.836482233,T,IBM,F I,1,283.19
2025-10-22,9:36:34.836485624,T,IBM,F I,4,283.19
2025-10-22,9:36:34.836485624,T,IBM,F I,4,283.19
2025-10-22,9:36:34.836488306,T,IBM,F I,1,283.19
2025-10-22,9:36:34.836494162,T,IBM,F I,4,283.19
2025-10-22,9:36:39.517007960,T,IBM,F,100,283.27
2025-10-22,9:36:39.517050081,T,IBM,F,100,283.31
2025-10-22,9:36:39.517059145,T,IBM,,100,283.26
2025-10-22,9:36:46.155606359,T,IBM,F I,45,283.39
2025-10-22,9:36:46.155606359,T,IBM,F I,55,283.34
2025-10-22,9:36:48.099151210,T,IBM,I,1,283.49
2025-10-22,9:36:49.644118317,T,IBM,I,2,283.49
2025-10-22,9:36:49.644142311,T,IBM,F I,32,283.49
2025-10-22,9:36:49.769363476,T,IBM,I,1,283.56
2025-10-22,9:36:49.769384542,T,IBM,F I,52,283.56
2025-10-22,9:36:49.769405579,T,IBM,I,1,283.56
2025-10-22,9:36:49.769414545,T,IBM,I,3,283.56
2025-10-22,9:37:05.199108701,T,IBM,F I,26,283.71
2025-10-22,9:37:09.712207877,T,IBM,F I,19,283.72
2025-10-22,9:37:09.712240999,T,IBM,F I,6,283.72
2025-10-22,9:37:10.489856257,T,IBM,I,12,283.71
2025-10-22,9:37:10.489868355,T,IBM,I,12,283.71
2025-10-22,9:37:10.489875108,T,IBM,I,15,283.75
2025-10-22,9:37:10.489877288,T,IBM,I,85,283.77
2025-10-22,9:37:10.489898341,T,IBM,I,1,283.77
2025-10-22,9:37:15.077887939,T,IBM,F I,8,283.71
2025-10-22,9:37:15.078000141,T,IBM,I,14,283.76
2025-10-22,9:37:15.078188778,T,IBM,I,14,283.76
2025-10-22,9:37:15.078405162,T,IBM,I,7,283.7
2025-10-22,9:37:15.078459240,T,IBM,F I,14,283.77
2025-10-22,9:37:15.078462281,T,IBM,F I,66,283.77
2025-10-22,9:37:15.078474250,T,IBM,F I,14,283.77
2025-10-22,9:37:15.078495387,T,IBM,I,9,283.71
2025-10-22,9:37:15.078513539,T,IBM,F I,17,283.77
2025-10-22,9:37:15.078540807,T,IBM,F I,3,283.71
2025-10-22,9:37:16.107806767,T,IBM,I,18,283.77
2025-10-22,9:37:18.819861355,T,IBM,F,100,283.66
2025-10-22,9:37:21.825432583,T,IBM,F I,25,283.69
2025-10-22,9:37:21.825435628,T,IBM,F I,99,283.69
2025-10-22,9:37:21.825444610,T,IBM,F I,1,283.69
2025-10-22,9:37:21.825453753,T,IBM,F I,32,283.7
2025-10-22,9:37:21.825456882,T,IBM,F,100,283.7
2025-10-22,9:37:21.825459649,T,IBM,F I,24,283.71
2025-10-22,9:37:21.825459649,T,IBM,F I,18,283.71
2025-10-22,9:37:21.825796447,T,IBM,I,14,283.7
2025-10-22,9:37:21.825811737,T,IBM,I,30,283.7
2025-10-22,9:37:21.825838526,T,IBM,I,14,283.65
2025-10-22,9:37:21.825868594,T,IBM,F I,82,283.71
2025-10-22,9:37:21.826046046,T,IBM,I,11,283.67
2025-10-22,9:37:21.826169360,T,IBM,F,100,283.63
2025-10-22,9:37:22.781405486,T,IBM,F I,32,283.7
2025-10-22,9:37:22.781408608,T,IBM,F I,11,283.71
2025-10-22,9:37:22.781408608,T,IBM,F I,4,283.71
2025-10-22,9:37:22.781411445,T,IBM,F I,6,283.71
2025-10-22,9:37:22.781411445,T,IBM,F I,83,283.71
2025-10-22,9:37:22.781438496,T,IBM,F I,17,283.71
2025-10-22,9:37:22.781441525,T,IBM,F I,33,283.71
2025-10-22,9:37:22.781628015,T,IBM,I,2,283.67
2025-10-22,9:37:22.781760579,T,IBM,I,2,283.63
2025-10-22,9:37:22.781763338,T,IBM,I,48,283.63
2025-10-22,9:37:22.781808439,T,IBM,F,100,283.72
2025-10-22,9:37:22.782031002,T,IBM,I,40,283.67
2025-10-22,9:37:23.157348416,T,IBM,F I,1,283.51
2025-10-22,9:37:23.157363476,T,IBM,F I,17,283.48
2025-10-22,9:37:23.157387541,T,IBM,F I,17,283.48
2025-10-22,9:37:23.158004082,T,IBM,F I,1,283.43
2025-10-22,9:37:23.158184460,T,IBM,F I,34,283.41
2025-10-22,9:37:24.151912752,T,IBM,F,100,283.01
2025-10-22,9:37:24.151915903,T,IBM,F I,45,283.01
2025-10-22,9:37:24.151918259,T,IBM,F I,40,283.0
2025-10-22,9:37:24.151921154,T,IBM,F I,61,282.97
2025-10-22,9:37:24.151957431,T,IBM,F I,3,282.95
2025-10-22,9:37:24.151960284,T,IBM,F I,94,282.95
2025-10-22,9:37:24.151981403,T,IBM,F,106,282.95
2025-10-22,9:37:24.151999433,T,IBM,F I,45,282.96
2025-10-22,9:37:24.152417534,T,IBM,I,3,283.1
2025-10-22,9:37:24.153051920,T,IBM,F,100,283.19
2025-10-22,9:37:24.153078943,T,IBM,I,40,283.2
2025-10-22,9:37:24.153109087,T,IBM,F I,69,283.23
2025-10-22,9:37:24.153148193,T,IBM,,100,283.23
2025-10-22,9:37:24.153148193,T,IBM,,100,283.23
2025-10-22,9:37:24.153151144,T,IBM,,100,283.23
2025-10-22,9:37:24.153178173,T,IBM,F,150,283.23
2025-10-22,9:37:24.153181181,T,IBM,F I,50,283.23
2025-10-22,9:37:24.153304449,T,IBM,F I,25,283.22
2025-10-22,9:37:24.157562780,T,IBM,F,100,283.15
2025-10-22,9:37:24.372099501,T,IBM,,152,283.16
2025-10-22,9:37:24.372102686,T,IBM,I,20,283.16
2025-10-22,9:37:24.372105519,T,IBM,,100,283.16
2025-10-22,9:37:25.251897899,T,IBM,F I,25,283.21
2025-10-22,9:37:25.251900903,T,IBM,F I,40,283.22
2025-10-22,9:37:33.421678561,T,IBM,,100,283.13
2025-10-22,9:37:34.252258853,T,IBM,I,40,283.22
2025-10-22,9:37:34.252270852,T,IBM,I,40,283.2
2025-10-22,9:37:36.619759107,T,IBM,I,16,283.29
2025-10-22,9:37:36.619777104,T,IBM,I,19,283.29
2025-10-22,9:38:03.554416640,T,IBM,F,100,283.36
2025-10-22,9:38:03.868553515,T,IBM,I,10,283.43
2025-10-22,9:38:03.868577601,T,IBM,F I,40,283.44
2025-10-22,9:38:03.868809197,T,IBM,F,100,283.47
2025-10-22,9:38:03.869991487,T,IBM,I,97,283.49
2025-10-22,9:38:03.869993931,T,IBM,I,3,283.47
2025-10-22,9:38:07.993314317,T,IBM,I,11,283.49
2025-10-22,9:38:07.993332413,T,IBM,I,14,283.49
2025-10-22,9:38:07.993335402,T,IBM,I,10,283.45
2025-10-22,9:38:07.993335402,T,IBM,I,18,283.45
2025-10-22,9:38:08.001647131,T,IBM,,100,283.55
2025-10-22,9:38:40.652670539,T,IBM,I,4,283.56
2025-10-22,9:38:51.864051305,T,IBM,F,100,283.555
2025-10-22,9:38:51.864430170,T,IBM,F I,10,283.49
2025-10-22,9:38:52.882161205,T,IBM,I,1,283.555
2025-10-22,9:38:52.884696228,T,IBM,,100,283.555
2025-10-22,9:38:56.076185013,T,IBM,F,100,283.555
2025-10-22,9:38:56.961898518,T,IBM,I,7,283.74
2025-10-22,9:38:56.961916579,T,IBM,F I,23,283.74
2025-10-22,9:38:57.455364385,T,IBM,F I,5,283.76
2025-10-22,9:38:57.455364385,T,IBM,F I,25,283.76
2025-10-22,9:38:57.464954218,T,IBM,F I,28,283.77
2025-10-22,9:38:57.464975189,T,IBM,I,1,283.77
2025-10-22,9:38:57.464978276,T,IBM,F,171,283.77
2025-10-22,9:38:57.464978276,T,IBM,F I,1,283.77
2025-10-22,9:38:57.464990254,T,IBM,I,30,283.77
2025-10-22,9:38:57.465008262,T,IBM,F,146,283.77
2025-10-22,9:38:57.829996310,T,IBM,,200,283.77
2025-10-22,9:38:57.830000121,T,IBM,,100,283.77
2025-10-22,9:38:57.830023297,T,IBM,F I,77,283.77
2025-10-22,9:38:58.186894873,T,IBM,I,25,283.76
2025-10-22,9:38:58.192825702,T,IBM,F,102,283.77
2025-10-22,9:38:58.192828977,T,IBM,F I,98,283.77
2025-10-22,9:38:58.192828977,T,IBM,F I,2,283.77
2025-10-22,9:38:58.192852055,T,IBM,F,175,283.77
2025-10-22,9:38:58.197913082,T,IBM,I,20,283.77
2025-10-22,9:38:59.425161817,T,IBM,F I,5,283.75
2025-10-22,9:39:02.652950103,T,IBM,I,40,283.77
2025-10-22,9:39:02.653022251,T,IBM,I,15,283.71
2025-10-22,9:39:04.338171086,T,IBM,F I,15,283.77
2025-10-22,9:39:04.398714212,T,IBM,,100,283.85
2025-10-22,9:39:04.400380163,T,IBM,,100,284.0
2025-10-22,9:39:17.115851760,T,IBM,,100,284.2
2025-10-22,9:39:17.116826069,T,IBM,I,19,284.24
2025-10-22,9:39:17.116838103,T,IBM,I,19,284.24
2025-10-22,9:39:17.116868163,T,IBM,F I,62,284.24
2025-10-22,9:39:39.628638431,T,IBM,F,100,284.2
2025-10-22,9:39:42.034621377,T,IBM,F I,66,284.3
2025-10-22,9:39:42.036016679,T,IBM,I,43,284.43
2025-10-22,9:39:42.069269828,T,IBM,I,50,284.5
2025-10-22,9:39:42.069272848,T,IBM,,100,284.5
2025-10-22,9:39:42.069330006,T,IBM,I,72,284.38
2025-10-22,9:39:42.069657783,T,IBM,F I,1,284.58
2025-10-22,9:39:45.445780383,T,IBM,I,20,284.67
2025-10-22,9:39:45.445783947,T,IBM,,100,284.67
2025-10-22,9:39:45.446234805,T,IBM,I,4,284.68
2025-10-22,9:39:45.446249500,T,IBM,I,4,284.74
2025-10-22,9:39:45.446285542,T,IBM,I,4,284.64
2025-10-22,9:39:45.446298858,T,IBM,I,4,284.59
2025-10-22,9:39:45.446324623,T,IBM,I,43,284.64
2025-10-22,9:39:45.446481010,T,IBM,F I,1,284.77
2025-10-22,9:39:45.723602882,T,IBM,,100,284.59
2025-10-22,9:39:46.149954842,T,IBM,I,75,284.53
2025-10-22,9:39:46.161908241,T,IBM,,100,284.525
2025-10-22,9:40:02.923707507,T,IBM,I,1,284.54
2025-10-22,9:40:02.926949155,T,IBM,,150,284.54
2025-10-22,9:40:04.605328829,T,IBM,,100,284.63
2025-10-22,9:40:04.605331883,T,IBM,I,16,284.65
2025-10-22,9:40:04.605331883,T,IBM,I,96,284.66
2025-10-22,9:40:09.995730943,T,IBM,F,100,284.79
2025-10-22,9:40:09.995730943,T,IBM,F I,92,284.79
2025-10-22,9:40:09.995739679,T,IBM,F I,1,284.8
2025-10-22,9:40:09.995817847,T,IBM,I,17,284.69
2025-10-22,9:40:09.995980270,T,IBM,I,64,284.77
2025-10-22,9:40:09.996001279,T,IBM,I,36,284.77
2025-10-22,9:40:09.996004350,T,IBM,I,45,284.77
2025-10-22,9:40:09.996031339,T,IBM,I,14,284.74
2025-10-22,9:40:11.385032183,T,IBM,,100,284.755
2025-10-22,9:40:11.387567282,T,IBM,I,37,284.755
2025-10-22,9:40:11.634256537,T,IBM,F,100,284.69
2025-10-22,9:40:12.004299546,T,IBM,F,104,284.67
2025-10-22,9:40:13.471071384,T,IBM,,100,284.5
2025-10-22,9:40:13.512287541,T,IBM,F,100,284.745
2025-10-22,9:40:13.512291692,T,IBM,F I,25,284.69
2025-10-22,9:40:13.512291692,T,IBM,F,100,284.68
2025-10-22,9:40:13.512296566,T,IBM,F I,45,284.65
2025-10-22,9:40:13.512303260,T,IBM,F I,12,284.64
2025-10-22,9:40:13.512303260,T,IBM,F,100,284.62
2025-10-22,9:40:13.512305832,T,IBM,F I,4,284.61
2025-10-22,9:40:13.512305832,T,IBM,F,624,284.61
2025-10-22,9:40:13.512311622,T,IBM,F,382,284.61
2025-10-22,9:40:13.512314956,T,IBM,I,1,284.61
2025-10-22,9:40:13.512314956,T,IBM,I,1,284.61
2025-10-22,9:40:13.512380733,T,IBM,I,3,284.54
2025-10-22,9:40:13.512476915,T,IBM,,100,284.54
2025-10-22,9:40:13.512522104,T,IBM,F I,3,284.55
2025-10-22,9:40:13.513207968,T,IBM,F I,98,284.55
2025-10-22,9:40:13.513228778,T,IBM,I,1,284.55
2025-10-22,9:40:13.513231883,T,IBM,I,1,284.55
2025-10-22,9:40:13.513235621,T,IBM,I,25,284.55
2025-10-22,9:40:13.513240787,T,IBM,I,29,284.55
2025-10-22,9:40:13.513240787,T,IBM,I,18,284.55
2025-10-22,9:40:13.513249767,T,IBM,I,38,284.55
2025-10-22,9:40:13.513258850,T,IBM,F I,12,284.55
2025-10-22,9:40:13.513261928,T,IBM,F I,32,284.55
2025-10-22,9:40:13.513261928,T,IBM,F I,38,284.55
2025-10-22,9:40:13.513273866,T,IBM,F I,48,284.55
2025-10-22,9:40:13.513283357,T,IBM,I,11,284.55
2025-10-22,9:40:13.513285996,T,IBM,I,44,284.55
2025-10-22,9:40:13.513306936,T,IBM,F,256,284.55
2025-10-22,9:40:15.985904406,T,IBM,F I,32,284.65
2025-10-22,9:40:17.883743546,T,IBM,I,15,284.6
2025-10-22,9:40:17.883761556,T,IBM,,185,284.6
2025-10-22,9:40:17.883761556,T,IBM,I,15,284.59
2025-10-22,9:40:18.659335084,T,IBM,F I,96,284.6
2025-10-22,9:40:18.659337976,T,IBM,F,100,284.58
2025-10-22,9:40:18.659341002,T,IBM,F I,4,284.58
2025-10-22,9:40:18.659401738,T,IBM,F I,96,284.58
2025-10-22,9:40:18.659404099,T,IBM,F,104,284.57
2025-10-22,9:40:18.659428222,T,IBM,I,1,284.57
2025-10-22,9:40:18.659428222,T,IBM,F I,95,284.57
2025-10-22,9:40:18.659518394,T,IBM,I,2,284.47
2025-10-22,9:40:33.031922428,T,IBM,F,100,284.47
2025-10-22,9:40:43.369630220,T,IBM,F I,32,284.7
2025-10-22,9:40:43.369906804,T,IBM,F,113,284.72
2025-10-22,9:40:43.369967121,T,IBM,,100,284.72
2025-10-22,9:40:43.369967121,T,IBM,I,12,284.72
2025-10-22,9:40:43.369982259,T,IBM,F I,10,284.75
2025-10-22,9:40:43.369982259,T,IBM,I,82,284.72
2025-10-22,9:40:43.370003324,T,IBM,F,100,284.76
2025-10-22,9:40:43.370237647,T,IBM,F,100,284.78
2025-10-22,9:40:43.370240628,T,IBM,F I,1,284.78
2025-10-22,9:40:43.370243655,T,IBM,F,199,284.78
2025-10-22,9:40:43.370243655,T,IBM,F I,1,284.78
2025-10-22,9:40:43.370252628,T,IBM,F,100,284.78
2025-10-22,9:40:43.370751809,T,IBM,F I,1,284.84
2025-10-22,9:40:43.370998451,T,IBM,F I,1,284.84
2025-10-22,9:40:43.371025544,T,IBM,F I,2,284.84
2025-10-22,9:40:43.371031486,T,IBM,F I,1,284.84
2025-10-22,9:40:43.371082676,T,IBM,F I,1,284.84
2025-10-22,9:40:43.371091740,T,IBM,I,94,284.84
2025-10-22,9:40:43.371094712,T,IBM,I,1,284.88
2025-10-22,9:40:43.371229945,T,IBM,I,21,284.88
2025-10-22,9:40:43.373386369,T,IBM,I,45,284.95
2025-10-22,9:40:43.373389674,T,IBM,,100,284.9
2025-10-22,9:40:43.373389674,T,IBM,I,32,284.89
2025-10-22,9:40:43.373392167,T,IBM,I,23,284.89
2025-10-22,9:40:44.301573793,T,IBM,F,100,284.89
2025-10-22,9:40:44.301573793,T,IBM,F,100,284.89
2025-10-22,9:40:44.301578966,T,IBM,F I,85,284.88
2025-10-22,9:40:44.301593886,T,IBM,F,200,284.88
2025-10-22,9:40:49.917553765,T,IBM,I,3,284.84
2025-10-22,9:40:53.817698292,T,IBM,F I,97,284.94
2025-10-22,9:40:53.817788121,T,IBM,I,9,285.0
2025-10-22,9:40:53.817839705,T,IBM,I,41,285.0
2025-10-22,9:40:53.817842152,T,IBM,I,8,285.0
2025-10-22,9:40:53.817845942,T,IBM,I,1,285.0
2025-10-22,9:40:53.819117157,T,IBM,F I,3,284.91
2025-10-22,9:40:53.819207470,T,IBM,F I,3,284.91
2025-10-22,9:40:53.819454010,T,IBM,F I,3,284.9
2025-10-22,9:40:53.819604364,T,IBM,F I,97,284.9
2025-10-22,9:40:57.073936895,T,IBM,I,4,284.88
2025-10-22,9:41:01.516373864,T,IBM,I,19,284.99
2025-10-22,9:41:03.657555205,T,IBM,F I,1,285.0
2025-10-22,9:41:03.657558222,T,IBM,F I,1,285.0
2025-10-22,9:41:03.657600404,T,IBM,I,52,285.0
2025-10-22,9:41:03.657852934,T,IBM,F I,8,285.08
2025-10-22,9:41:04.074407699,T,IBM,I,78,285.12
2025-10-22,9:41:04.074425684,T,IBM,I,1,285.12
2025-10-22,9:41:04.074434669,T,IBM,F I,33,285.12
2025-10-22,9:41:04.074437703,T,IBM,F I,1,285.12
2025-10-22,9:41:05.208226861,T,IBM,I,11,285.19
2025-10-22,9:41:08.962866384,T,IBM,F I,25,285.25
2025-10-22,9:41:13.157624745,T,IBM,F I,6,285.16
2025-10-22,9:41:13.237506909,T,IBM,I,34,285.16
2025-10-22,9:41:13.237509874,T,IBM,I,66,285.15
2025-10-22,9:41:13.265332162,T,IBM,I,34,285.15
2025-10-22,9:41:13.267794937,T,IBM,,200,285.145
2025-10-22,9:41:13.276957761,T,IBM,,100,285.145
2025-10-22,9:41:13.290544078,T,IBM,,100,285.145
2025-10-22,9:41:13.310253080,T,IBM,,100,285.145
2025-10-22,9:41:14.718863479,T,IBM,I,45,285.15
2025-10-22,9:41:14.720499426,T,IBM,I,6,285.13
2025-10-22,9:41:14.735655412,T,IBM,F I,6,285.07
2025-10-22,9:41:15.072261807,T,IBM,,100,285.155
2025-10-22,9:41:17.252761818,T,IBM,I,6,285.0
2025-10-22,9:41:17.905459784,T,IBM,I,6,284.98
2025-10-22,9:41:17.905480728,T,IBM,F I,1,284.98
2025-10-22,9:41:17.905493265,T,IBM,F I,2,284.98
2025-10-22,9:41:17.905739370,T,IBM,I,97,284.98
2025-10-22,9:41:17.905742436,T,IBM,I,2,284.96
2025-10-22,9:41:17.905745388,T,IBM,,303,284.96
2025-10-22,9:41:17.905763488,T,IBM,F I,97,284.96
2025-10-22,9:41:17.905763488,T,IBM,I,1,284.96
2025-10-22,9:41:17.905787470,T,IBM,F I,35,284.99
2025-10-22,9:41:17.905986207,T,IBM,F I,45,284.99
2025-10-22,9:41:17.905988952,T,IBM,F,244,284.96
2025-10-22,9:41:17.906028037,T,IBM,F I,43,284.99
2025-10-22,9:41:17.906040104,T,IBM,F I,2,284.99
2025-10-22,9:41:17.906040104,T,IBM,F I,34,284.96
2025-10-22,9:41:17.906193499,T,IBM,,121,284.96
2025-10-22,9:41:17.906197257,T,IBM,I,79,284.96
2025-10-22,9:41:17.906197257,T,IBM,,100,284.96
2025-10-22,9:41:17.906211460,T,IBM,I,1,284.99
2025-10-22,9:41:17.906391974,T,IBM,F I,32,285.06
2025-10-22,9:41:17.906391974,T,IBM,F I,5,285.07
2025-10-22,9:41:17.906395406,T,IBM,F I,11,285.07
2025-10-22,9:41:17.906398172,T,IBM,F I,5,285.07
2025-10-22,9:41:17.906402393,T,IBM,F I,16,285.07
2025-10-22,9:41:17.906404457,T,IBM,F I,37,285.07
2025-10-22,9:41:17.906404457,T,IBM,F I,16,285.07
2025-10-22,9:41:17.906407926,T,IBM,F I,16,285.07
2025-10-22,9:41:17.906572385,T,IBM,I,34,285.1
2025-10-22,9:41:19.771516213,T,IBM,I,11,285.29
2025-10-22,9:41:19.771606400,T,IBM,,100,285.3
2025-10-22,9:41:22.389070790,T,IBM,,100,285.375
2025-10-22,9:41:22.812689881,T,IBM,F,100,285.31
2025-10-22,9:41:22.812689881,T,IBM,F,100,285.3
2025-10-22,9:41:22.812692775,T,IBM,F I,2,285.3
2025-10-22,9:41:22.812692775,T,IBM,F I,32,285.3
2025-10-22,9:41:22.812695289,T,IBM,F,653,285.29
2025-10-22,9:41:22.812698527,T,IBM,F,172,285.29
2025-10-22,9:41:22.812698527,T,IBM,F I,3,285.29
2025-10-22,9:41:22.812701284,T,IBM,F I,59,285.29
2025-10-22,9:41:22.812740410,T,IBM,,100,285.29
2025-10-22,9:41:22.812971977,T,IBM,,100,285.29
2025-10-22,9:41:23.187850401,T,IBM,,168,285.215
2025-10-22,9:41:23.872075306,T,IBM,I,4,285.215
2025-10-22,9:41:25.078112070,T,IBM,F I,75,285.09
2025-10-22,9:41:25.078114640,T,IBM,F I,75,285.08
2025-10-22,9:41:25.078168745,T,IBM,F I,25,285.08
2025-10-22,9:41:27.203589710,T,IBM,,100,285.17
2025-10-22,9:41:27.203610693,T,IBM,I,1,285.17
2025-10-22,9:41:27.203616726,T,IBM,F I,99,285.17
2025-10-22,9:41:27.203619778,T,IBM,F I,1,285.17
2025-10-22,9:41:27.203628780,T,IBM,F I,99,285.17
2025-10-22,9:41:32.541279164,T,IBM,I,26,285.22
2025-10-22,9:41:32.541297259,T,IBM,I,1,285.22
2025-10-22,9:41:32.541303207,T,IBM,F I,23,285.22
2025-10-22,9:41:34.222419470,T,IBM,F,100,285.12
2025-10-22,9:41:39.343644510,T,IBM,F,100,285.07
2025-10-22,9:41:40.156287309,T,IBM,F I,1,285.01
2025-10-22,9:41:40.156332124,T,IBM,F I,99,285.01
2025-10-22,9:41:40.156521920,T,IBM,F I,1,285.0
2025-10-22,9:41:40.156524752,T,IBM,F I,1,285.0
2025-10-22,9:41:40.156524752,T,IBM,F I,1,285.0
2025-10-22,9:41:40.156530604,T,IBM,F I,1,285.0
2025-10-22,9:41:40.156536691,T,IBM,F I,1,285.0
2025-10-22,9:41:40.156678032,T,IBM,F I,1,285.0
2025-10-22,9:41:40.156711089,T,IBM,I,30,285.0
2025-10-22,9:41:40.156732074,T,IBM,I,1,285.03
2025-10-22,9:41:40.156735161,T,IBM,I,1,285.03
2025-10-22,9:41:40.157153136,T,IBM,F I,23,285.09
2025-10-22,9:41:40.157153136,T,IBM,F I,1,285.09
2025-10-22,9:41:40.157162162,T,IBM,F I,8,285.09
2025-10-22,9:41:40.157177137,T,IBM,F I,20,285.1
2025-10-22,9:41:40.157180227,T,IBM,F I,3,285.1
2025-10-22,9:41:40.157285434,T,IBM,,100,285.1
2025-10-22,9:41:40.157309458,T,IBM,F,1000,285.125
2025-10-22,9:41:40.157309458,T,IBM,F,244,285.1
2025-10-22,9:41:40.158277864,T,IBM,F I,66,285.29
2025-10-22,9:41:40.158328880,T,IBM,F I,8,285.31
2025-10-22,9:41:40.158367958,T,IBM,F I,18,285.38
2025-10-22,9:41:40.158395061,T,IBM,F I,3,285.39
2025-10-22,9:41:40.158443186,T,IBM,,473,285.38
2025-10-22,9:41:40.158464364,T,IBM,I,80,285.39
2025-10-22,9:41:40.158479270,T,IBM,F I,80,285.39
2025-10-22,9:41:40.158485232,T,IBM,F I,3,285.39
2025-10-22,9:41:40.158503301,T,IBM,F,310,285.39
2025-10-22,9:41:40.158503301,T,IBM,F I,80,285.39
2025-10-22,9:41:44.694129175,T,IBM,I,17,285.14
2025-10-22,9:41:48.195247255,T,IBM,F,100,285.29
2025-10-22,9:41:48.195400552,T,IBM,I,19,285.29
2025-10-22,9:41:48.200037633,T,IBM,I,35,285.32
2025-10-22,9:41:48.200061815,T,IBM,I,13,285.32
2025-10-22,9:41:48.200064811,T,IBM,I,1,285.32
2025-10-22,9:41:48.200067718,T,IBM,F I,51,285.32
2025-10-22,9:41:48.200070772,T,IBM,F I,20,285.32
2025-10-22,9:41:48.200070772,T,IBM,F I,33,285.32
2025-10-22,9:41:48.200106755,T,IBM,I,47,285.32
2025-10-22,9:41:48.200106755,T,IBM,I,53,285.32
2025-10-22,9:41:48.200130838,T,IBM,F I,10,285.32
2025-10-22,9:41:48.201748682,T,IBM,I,32,285.32
2025-10-22,9:41:58.191074033,T,IBM,I,5,285.32
2025-10-22,9:42:01.071379132,T,IBM,,100,285.39
2025-10-22,9:42:01.071397180,T,IBM,I,1,285.39
2025-10-22,9:42:01.071409131,T,IBM,F I,99,285.39
2025-10-22,9:42:01.071445333,T,IBM,I,19,285.38
2025-10-22,9:42:05.801426840,T,IBM,F I,21,285.35
2025-10-22,9:42:05.844351057,T,IBM,I,7,285.46
2025-10-22,9:42:05.844372065,T,IBM,I,10,285.46
2025-10-22,9:42:05.844570591,T,IBM,F I,1,285.46
2025-10-22,9:42:07.894899777,T,IBM,F I,30,285.31
2025-10-22,9:42:07.894920802,T,IBM,F I,30,285.31
2025-10-22,9:42:07.894927390,T,IBM,F I,30,285.31
2025-10-22,9:42:07.894930099,T,IBM,F I,10,285.31
2025-10-22,9:42:07.894933132,T,IBM,F I,30,285.3
2025-10-22,9:42:07.894936084,T,IBM,F I,88,285.3
2025-10-22,9:42:11.125830440,T,IBM,I,17,285.31
2025-10-22,9:42:11.127493371,T,IBM,F I,2,285.36
2025-10-22,9:42:17.481307520,T,IBM,F,100,285.43
2025-10-22,9:42:17.481325592,T,IBM,I,1,285.43
2025-10-22,9:42:17.481328559,T,IBM,F I,9,285.43
2025-10-22,9:42:17.481388786,T,IBM,F I,52,285.46
2025-10-22,9:42:17.481412738,T,IBM,F I,30,285.46
2025-10-22,9:42:17.481415841,T,IBM,F I,3,285.46
2025-10-22,9:42:17.481918061,T,IBM,F I,9,285.48
2025-10-22,9:42:17.481918061,T,IBM,F I,3,285.48
2025-10-22,9:42:17.545359966,T,IBM,,100,285.38
2025-10-22,9:42:17.545414086,T,IBM,F,100,285.38
2025-10-22,9:42:19.278671539,T,IBM,F I,75,285.31
2025-10-22,9:42:19.278680519,T,IBM,F I,1,285.26
2025-10-22,9:42:19.279146660,T,IBM,,100,285.28
2025-10-22,9:42:21.135303966,T,IBM,F I,25,285.12
2025-10-22,9:42:21.135307155,T,IBM,F,100,285.11
2025-10-22,9:42:21.135312615,T,IBM,F,100,285.08
2025-10-22,9:42:21.135312615,T,IBM,F I,59,285.08
2025-10-22,9:42:21.135324662,T,IBM,I,1,285.16
2025-10-22,9:42:21.135334424,T,IBM,F I,99,285.16
2025-10-22,9:42:21.135337133,T,IBM,F,341,285.08
2025-10-22,9:42:21.135340613,T,IBM,F,200,285.08
2025-10-22,9:42:21.135342706,T,IBM,F,200,285.08
2025-10-22,9:42:21.135342706,T,IBM,F,100,285.08
2025-10-22,9:42:21.135472557,T,IBM,F I,28,285.08
2025-10-22,9:42:21.135492974,T,IBM,I,8,285.08
2025-10-22,9:42:21.135571216,T,IBM,F I,64,285.08
2025-10-22,9:42:21.137134948,T,IBM,F,100,285.08
2025-10-22,9:42:21.137158995,T,IBM,I,1,285.08
2025-10-22,9:42:21.138566327,T,IBM,I,99,285.08
2025-10-22,9:42:21.138960255,T,IBM,F,100,285.04
2025-10-22,9:42:25.461871799,T,IBM,F I,25,284.98
2025-10-22,9:42:25.461989048,T,IBM,F I,75,284.98
2025-10-22,9:42:26.169901416,T,IBM,F I,25,284.92
2025-10-22,9:42:26.169907381,T,IBM,F,100,284.92
2025-10-22,9:42:26.169907381,T,IBM,F,100,284.91
2025-10-22,9:42:26.169910685,T,IBM,F,100,284.91
2025-10-22,9:42:26.169910685,T,IBM,F I,75,284.91
2025-10-22,9:42:26.169919416,T,IBM,I,24,284.91
2025-10-22,9:42:26.169922378,T,IBM,I,1,284.91
2025-10-22,9:42:26.169928370,T,IBM,F,100,284.91
2025-10-22,9:42:33.356034203,T,IBM,F,100,284.94
2025-10-22,9:42:39.386422719,T,IBM,F,100,284.75
2025-10-22,9:42:48.096379196,T,IBM,F I,1,284.82
2025-10-22,9:42:48.096715992,T,IBM,I,3,284.82
2025-10-22,9:42:50.530241333,T,IBM,F I,30,284.82
2025-10-22,9:42:51.032539250,T,IBM,F,100,284.78
2025-10-22,9:42:51.032557236,T,IBM,I,1,284.78
2025-10-22,9:42:51.032566255,T,IBM,F I,99,284.78
2025-10-22,9:42:51.032882121,T,IBM,,100,284.78
2025-10-22,9:42:52.217765750,T,IBM,I,16,284.82
2025-10-22,9:42:53.523856192,T,IBM,I,40,284.82
2025-10-22,9:42:53.524337318,T,IBM,F I,40,284.82
2025-10-22,9:42:53.524373564,T,IBM,I,4,284.82
2025-10-22,9:42:53.524373564,T,IBM,I,5,284.83
2025-10-22,9:42:53.524394465,T,IBM,F I,35,284.83
2025-10-22,9:42:54.673207402,T,IBM,F I,1,284.9
2025-10-22,9:43:04.116264650,T,IBM,F,100,284.83
2025-10-22,9:43:04.116264650,T,IBM,F I,32,284.83
2025-10-22,9:43:04.116892778,T,IBM,,100,284.85
2025-10-22,9:43:04.456298837,T,IBM,I,15,284.8
2025-10-22,9:43:06.240596594,T,IBM,F I,85,284.8
2025-10-22,9:43:06.240617936,T,IBM,F,100,284.81
2025-10-22,9:43:06.240617936,T,IBM,F I,87,284.81
2025-10-22,9:43:06.240620686,T,IBM,F I,3,284.81
2025-10-22,9:43:06.240649026,T,IBM,F,100,284.81
2025-10-22,9:43:06.240653813,T,IBM,F,100,284.81
2025-10-22,9:43:06.240942459,T,IBM,I,27,284.78
2025-10-22,9:43:06.241408577,T,IBM,F,100,284.8
2025-10-22,9:43:06.241850604,T,IBM,F I,60,284.85
2025-10-22,9:43:06.241970935,T,IBM,I,6,284.85
2025-10-22,9:43:06.658098625,T,IBM,F,100,284.86
2025-10-22,9:43:06.658101584,T,IBM,F,100,284.86
2025-10-22,9:43:06.658113585,T,IBM,F,100,284.86
2025-10-22,9:43:06.658180243,T,IBM,F,100,284.9
2025-10-22,9:43:06.658182848,T,IBM,F I,4,284.91
2025-10-22,9:43:06.658218904,T,IBM,,100,284.86
2025-10-22,9:43:06.658239978,T,IBM,I,1,284.87
2025-10-22,9:43:06.658727125,T,IBM,I,96,284.91
2025-10-22,9:43:06.658727125,T,IBM,,100,284.91
2025-10-22,9:43:06.658778219,T,IBM,I,4,284.9
2025-10-22,9:43:06.658931544,T,IBM,F I,96,284.9
2025-10-22,9:43:06.956757656,T,IBM,I,4,284.92
2025-10-22,9:43:07.015439996,T,IBM,I,2,284.95
2025-10-22,9:43:07.259933381,T,IBM,F,100,284.97
2025-10-22,9:43:07.259936378,T,IBM,F I,50,284.96
2025-10-22,9:43:08.057943191,T,IBM,F I,25,284.96
2025-10-22,9:43:17.389807327,T,IBM,I,19,284.99
2025-10-22,9:43:24.376974440,T,IBM,F I,5,285.08
2025-10-22,9:43:26.965762578,T,IBM,F I,35,285.08
2025-10-22,9:43:26.965762578,T,IBM,F I,52,285.09
2025-10-22,9:43:26.966087242,T,IBM,F I,30,285.14
2025-10-22,9:43:26.966120395,T,IBM,F,200,285.14
2025-10-22,9:43:27.673304941,T,IBM,,270,285.14
2025-10-22,9:43:27.955373440,T,IBM,I,29,285.12
2025-10-22,9:43:27.955430596,T,IBM,I,5,285.06
2025-10-22,9:43:27.955722198,T,IBM,F I,11,285.06
2025-10-22,9:43:27.955743399,T,IBM,I,1,285.06
2025-10-22,9:43:27.955749711,T,IBM,I,9,285.06
2025-10-22,9:43:27.955749711,T,IBM,I,1,285.06
2025-10-22,9:43:27.955752345,T,IBM,I,10,285.06
2025-10-22,9:43:27.955801858,T,IBM,F,1500,285.16
2025-10-22,9:43:27.955806421,T,IBM,F I,9,285.06
2025-10-22,9:43:27.955806421,T,IBM,F,100,285.06
2025-10-22,9:43:27.955810239,T,IBM,F I,20,285.06
2025-10-22,9:43:27.955810239,T,IBM,F,100,285.06
2025-10-22,9:43:27.955818608,T,IBM,,129,285.06
2025-10-22,9:43:27.955821773,T,IBM,I,10,285.09
2025-10-22,9:43:27.955821773,T,IBM,I,1,285.09
2025-10-22,9:43:27.955827797,T,IBM,F I,34,285.09
2025-10-22,9:43:27.955830546,T,IBM,F I,50,285.06
2025-10-22,9:43:27.955920733,T,IBM,F I,45,285.12
2025-10-22,9:43:27.955953777,T,IBM,I,45,285.1
2025-10-22,9:43:27.956278589,T,IBM,F I,25,285.2
2025-10-22,9:43:27.956296663,T,IBM,I,1,285.2
2025-10-22,9:43:27.956314650,T,IBM,F I,4,285.2
2025-10-22,9:43:27.956360443,T,IBM,F,100,285.2
2025-10-22,9:43:27.956360443,T,IBM,F,100,285.2
2025-10-22,9:43:27.956416835,T,IBM,F,1320,285.2
2025-10-22,9:43:27.956431969,T,IBM,F I,10,285.2
2025-10-22,9:43:27.956431969,T,IBM,I,14,285.25
2025-10-22,9:43:27.956434990,T,IBM,F I,86,285.25
2025-10-22,9:43:27.956434990,T,IBM,F I,64,285.2
2025-10-22,9:43:27.956444153,T,IBM,,100,285.2
2025-10-22,9:43:27.956444153,T,IBM,F,506,285.2
2025-10-22,9:43:27.956446911,T,IBM,F,912,285.2
2025-10-22,9:43:27.956468474,T,IBM,F,100,285.2
2025-10-22,9:43:27.956480385,T,IBM,I,43,285.2
2025-10-22,9:43:27.956495038,T,IBM,,546,285.2
2025-10-22,9:43:27.956693578,T,IBM,I,14,285.21
2025-10-22,9:43:27.956720639,T,IBM,F I,11,285.21
2025-10-22,9:43:27.956720639,T,IBM,F,320,285.2
2025-10-22,9:43:29.833596888,T,IBM,F I,7,285.26
2025-10-22,9:43:31.783038792,T,IBM,F I,56,285.26
2025-10-22,9:43:31.783042151,T,IBM,F,100,285.26
2025-10-22,9:43:32.333382124,T,IBM,I,1,285.28
2025-10-22,9:43:32.898466310,T,IBM,F,400,285.29
2025-10-22,9:43:32.901046419,T,IBM,,100,285.29
2025-10-22,9:43:36.955159944,T,IBM,I,2,285.225
2025-10-22,9:43:36.955280164,T,IBM,I,2,285.29
2025-10-22,9:43:36.956489064,T,IBM,F,1800,285.14
2025-10-22,9:43:36.956654482,T,IBM,I,65,285.22
2025-10-22,9:43:36.957096537,T,IBM,I,6,285.22
2025-10-22,9:43:36.957186719,T,IBM,I,9,285.2
2025-10-22,9:43:36.957234826,T,IBM,I,25,285.185
2025-10-22,9:43:36.957325019,T,IBM,F,375,285.2
2025-10-22,9:43:40.286045661,T,IBM,I,5,285.17
2025-10-22,9:43:45.802297230,T,IBM,,100,285.24
2025-10-22,9:43:45.802297230,T,IBM,I,50,285.24
2025-10-22,9:43:45.802300034,T,IBM,,100,285.24
2025-10-22,9:43:47.822157681,T,IBM,I,35,285.29
2025-10-22,9:43:47.822184733,T,IBM,F,100,285.3
2025-10-22,9:43:48.023730559,T,IBM,I,15,285.35
2025-10-22,9:43:50.924857056,T,IBM,F,100,285.31
2025-10-22,9:43:50.924875537,T,IBM,I,1,285.31
2025-10-22,9:43:50.924884675,T,IBM,F I,99,285.31
2025-10-22,9:43:50.924887147,T,IBM,F I,1,285.31
2025-10-22,9:43:50.924890210,T,IBM,I,99,285.31
2025-10-22,9:43:52.004096383,T,IBM,F I,10,285.37
2025-10-22,9:43:54.278597249,T,IBM,I,41,285.32
2025-10-22,9:43:59.137727247,T,IBM,F I,30,285.39
2025-10-22,9:44:01.248650760,T,IBM,I,31,285.49
2025-10-22,9:44:01.248921371,T,IBM,I,50,285.5
2025-10-22,9:44:01.248966495,T,IBM,F I,5,285.5
2025-10-22,9:44:01.454120845,T,IBM,I,1,285.54
2025-10-22,9:44:03.032798169,T,IBM,I,1,285.56
2025-10-22,9:44:04.018009627,T,IBM,I,44,285.54
2025-10-22,9:44:04.020063488,T,IBM,I,45,285.49
2025-10-22,9:44:04.020063488,T,IBM,I,77,285.48
2025-10-22,9:44:05.347062708,T,IBM,F I,35,285.58
2025-10-22,9:44:05.350021794,T,IBM,I,50,285.65
2025-10-22,9:44:05.350078786,T,IBM,F I,8,285.66
2025-10-22,9:44:09.173230547,T,IBM,I,1,285.66
2025-10-22,9:44:09.499513305,T,IBM,I,5,285.62
2025-10-22,9:44:28.015331390,T,IBM,I,8,285.7
2025-10-22,9:44:30.904002406,T,IBM,F,400,285.68
2025-10-22,9:44:30.904119834,T,IBM,,400,285.68
2025-10-22,9:44:30.904345256,T,IBM,I,32,285.67
2025-10-22,9:44:30.904349031,T,IBM,I,13,285.68
2025-10-22,9:44:30.904351517,T,IBM,I,55,285.68
2025-10-22,9:44:30.904366721,T,IBM,I,1,285.68
2025-10-22,9:44:31.288007538,T,IBM,F I,12,285.76
2025-10-22,9:44:31.288010564,T,IBM,F I,9,285.76
2025-10-22,9:44:31.288014108,T,IBM,F I,12,285.76
2025-10-22,9:44:31.288016935,T,IBM,F I,6,285.76
2025-10-22,9:44:31.288104328,T,IBM,I,45,285.78
2025-10-22,9:44:31.288104328,T,IBM,I,55,285.77
2025-10-22,9:44:31.288109814,T,IBM,F I,85,285.81
2025-10-22,9:44:31.288109814,T,IBM,F,300,285.81
2025-10-22,9:44:31.289036628,T,IBM,,100,285.9
2025-10-22,9:44:34.450534460,T,IBM,I,4,285.905
2025-10-22,9:44:34.450534460,T,IBM,I,96,285.905
2025-10-22,9:44:35.435592555,T,IBM,,100,285.905
2025-10-22,9:44:36.214717439,T,IBM,I,36,285.905
2025-10-22,9:44:36.574220354,T,IBM,,100,285.905
2025-10-22,9:44:37.671959681,T,IBM,I,33,285.85
2025-10-22,9:44:38.153850907,T,IBM,I,24,285.84
2025-10-22,9:44:38.153917052,T,IBM,I,24,285.82
2025-10-22,9:44:38.153944068,T,IBM,F,366,285.82
2025-10-22,9:44:38.153947131,T,IBM,F,100,285.82
2025-10-22,9:44:38.154277914,T,IBM,F I,45,285.76
2025-10-22,9:44:38.229432853,T,IBM,F I,45,285.74
2025-10-22,9:44:38.229432853,T,IBM,F I,55,285.74
2025-10-22,9:44:43.118433280,T,IBM,I,1,285.77
2025-10-22,9:44:43.118433280,T,IBM,I,99,285.78
2025-10-22,9:44:43.118451073,T,IBM,I,1,285.78
2025-10-22,9:44:43.118517304,T,IBM,,100,285.78
2025-10-22,9:44:43.118532548,T,IBM,F,100,285.78
2025-10-22,9:44:43.118547346,T,IBM,I,50,285.81
2025-10-22,9:44:43.118547346,T,IBM,,100,285.81
2025-10-22,9:44:43.130999926,T,IBM,I,30,285.91
2025-10-22,9:44:43.131004319,T,IBM,I,21,285.91
2025-10-22,9:44:43.131009020,T,IBM,I,20,285.91
2025-10-22,9:44:43.131009020,T,IBM,I,29,285.92
2025-10-22,9:44:43.708275340,T,IBM,I,26,285.95
2025-10-22,9:44:43.708314410,T,IBM,I,74,285.95
2025-10-22,9:44:43.708564019,T,IBM,,100,285.95
2025-10-22,9:44:43.708591054,T,IBM,F,100,285.95
2025-10-22,9:44:43.708627180,T,IBM,F,100,285.94
2025-10-22,9:44:43.708648136,T,IBM,I,1,285.96
2025-10-22,9:44:43.708666270,T,IBM,F,100,285.945
2025-10-22,9:44:46.829174082,T,IBM,I,27,285.73
2025-10-22,9:45:00.155453533,T,IBM,I,29,285.71
2025-10-22,9:45:00.155618820,T,IBM,F I,90,285.75
2025-10-22,9:45:00.318676060,T,IBM,I,45,285.74
2025-10-22,9:45:05.921936610,T,IBM,I,5,285.75
2025-10-22,9:45:05.937068556,T,IBM,F I,6,285.7
2025-10-22,9:45:09.464336910,T,IBM,I,19,285.85
2025-10-22,9:45:12.897652455,T,IBM,F I,15,285.85
2025-10-22,9:45:12.903979494,T,IBM,I,17,285.85
2025-10-22,9:45:12.903979494,T,IBM,I,8,285.85
2025-10-22,9:45:12.903997660,T,IBM,I,1,285.85
2025-10-22,9:45:12.927871513,T,IBM,I,1,285.85
2025-10-22,9:45:12.927874354,T,IBM,I,12,285.85
2025-10-22,9:45:13.285574281,T,IBM,F I,25,285.76
2025-10-22,9:45:13.285574281,T,IBM,F I,36,285.76
2025-10-22,9:45:13.285576140,T,IBM,F I,39,285.75
2025-10-22,9:45:13.289322871,T,IBM,F,100,285.75
2025-10-22,9:45:13.292011248,T,IBM,F I,25,285.7
2025-10-22,9:45:13.292014225,T,IBM,F I,5,285.69
2025-10-22,9:45:13.292014225,T,IBM,F I,70,285.69
2025-10-22,9:45:13.292032803,T,IBM,I,1,285.69
2025-10-22,9:45:13.292032803,T,IBM,I,15,285.69
2025-10-22,9:45:13.292035354,T,IBM,I,1,285.69
2025-10-22,9:45:13.292062367,T,IBM,I,13,285.69
2025-10-22,9:45:13.292453278,T,IBM,F,512,285.755
2025-10-22,9:45:14.724865525,T,IBM,F I,12,285.9
2025-10-22,9:45:14.725554198,T,IBM,F,484,285.915
2025-10-22,9:45:14.725557235,T,IBM,F,1116,285.915
2025-10-22,9:45:14.725560465,T,IBM,F,196,285.9
2025-10-22,9:45:14.725560465,T,IBM,F,604,285.9
2025-10-22,9:45:14.725563183,T,IBM,F,224,285.9
2025-10-22,9:45:14.725575450,T,IBM,F,288,285.9
2025-10-22,9:45:14.725578233,T,IBM,F,200,285.9
2025-10-22,9:45:14.753102723,T,IBM,F I,4,285.84
2025-10-22,9:45:15.485721806,T,IBM,F I,7,285.76
2025-10-22,9:45:15.485775982,T,IBM,F I,7,285.74
2025-10-22,9:45:18.710737550,T,IBM,,606,285.635
2025-10-22,9:45:18.710812670,T,IBM,,100,285.56
2025-10-22,9:45:18.710824753,T,IBM,F,368,285.61
2025-10-22,9:45:18.710857877,T,IBM,F I,1,285.58
2025-10-22,9:45:18.710870615,T,IBM,F I,3,285.49
2025-10-22,9:45:18.710873524,T,IBM,F I,4,285.49
2025-10-22,9:45:18.710875855,T,IBM,F I,8,285.49
2025-10-22,9:45:18.711002159,T,IBM,F,591,285.535
2025-10-22,9:45:18.711005191,T,IBM,,591,285.535
2025-10-22,9:45:18.711182617,T,IBM,,100,285.6
2025-10-22,9:45:18.711333529,T,IBM,F,605,285.615
2025-10-22,9:45:18.711477468,T,IBM,F I,80,285.6
2025-10-22,9:45:18.711501782,T,IBM,F,439,285.605
2025-10-22,9:45:18.711501782,T,IBM,F I,72,285.6
2025-10-22,9:45:18.711504492,T,IBM,I,1,285.6
2025-10-22,9:45:18.711507351,T,IBM,I,1,285.6
2025-10-22,9:45:18.711699849,T,IBM,F,437,285.6
2025-10-22,9:45:18.711699849,T,IBM,F I,24,285.6
2025-10-22,9:45:18.711702978,T,IBM,F I,37,285.6
2025-10-22,9:45:18.711705803,T,IBM,F I,2,285.6
2025-10-22,9:45:18.711756970,T,IBM,F I,1,285.6
2025-10-22,9:45:18.721124320,T,IBM,I,5,285.6
2025-10-22,9:45:20.479819025,T,IBM,I,15,285.55
2025-10-22,9:45:21.626773637,T,IBM,I,15,285.49
2025-10-22,9:45:22.984054852,T,IBM,I,11,285.49
2025-10-22,9:45:22.984081904,T,IBM,F I,15,285.49
2025-10-22,9:45:23.071184293,T,IBM,I,15,285.49
2025-10-22,9:45:24.153890884,T,IBM,F I,75,285.55
2025-10-22,9:45:24.528213214,T,IBM,I,6,285.49
2025-10-22,9:45:24.528216018,T,IBM,I,1,285.49
2025-10-22,9:45:25.041739527,T,IBM,I,5,285.49
2025-10-22,9:45:26.650503429,T,IBM,I,3,285.51
2025-10-22,9:45:26.650530536,T,IBM,I,15,285.51
2025-10-22,9:45:30.983431735,T,IBM,F,100,285.69
2025-10-22,9:45:30.983431735,T,IBM,F I,50,285.69
2025-10-22,9:45:30.983446940,T,IBM,F I,72,285.69
2025-10-22,9:45:30.983446940,T,IBM,I,1,285.69
2025-10-22,9:45:30.983455903,T,IBM,F I,27,285.69
2025-10-22,9:45:30.983600195,T,IBM,F,100,285.73
2025-10-22,9:45:30.983603185,T,IBM,F I,10,285.74
2025-10-22,9:45:30.983627246,T,IBM,F I,90,285.74
2025-10-22,9:45:30.983681289,T,IBM,F I,10,285.74
2025-10-22,9:45:30.983681289,T,IBM,F,100,285.74
2025-10-22,9:45:30.984264679,T,IBM,,100,285.83
2025-10-22,9:45:30.984294780,T,IBM,F,100,285.83
2025-10-22,9:45:30.984574471,T,IBM,F I,1,285.86
2025-10-22,9:45:30.984772921,T,IBM,I,13,285.86
2025-10-22,9:45:30.984848117,T,IBM,,100,285.88
2025-10-22,9:45:34.309214315,T,IBM,,100,285.91
2025-10-22,9:45:34.310693881,T,IBM,,100,285.91
2025-10-22,9:45:34.951561543,T,IBM,F I,25,285.92
2025-10-22,9:45:39.177383860,T,IBM,I,30,285.93
2025-10-22,9:45:39.177401909,T,IBM,I,1,285.93
2025-10-22,9:45:39.177404920,T,IBM,I,99,285.93
2025-10-22,9:45:39.177437971,T,IBM,,101,285.93
2025-10-22,9:45:39.191132670,T,IBM,,100,285.875
2025-10-22,9:45:39.207085625,T,IBM,,100,285.875
2025-10-22,9:45:39.449540845,T,IBM,,100,285.875
2025-10-22,9:45:39.452099856,T,IBM,,100,285.875
2025-10-22,9:45:44.562613369,T,IBM,I,47,285.86
2025-10-22,9:45:44.617701525,T,IBM,F I,4,285.85
2025-10-22,9:45:44.618011313,T,IBM,F I,14,285.85
2025-10-22,9:45:44.618011313,T,IBM,F I,4,285.85
2025-10-22,9:45:44.618339060,T,IBM,,400,285.87
2025-10-22,9:45:44.618510511,T,IBM,F I,10,285.77
2025-10-22,9:45:44.618513517,T,IBM,F I,65,285.77
2025-10-22,9:45:44.618531608,T,IBM,I,1,285.77
2025-10-22,9:45:44.618534500,T,IBM,I,1,285.77
2025-10-22,9:45:44.750906657,T,IBM,I,45,285.78
2025-10-22,9:45:44.750906657,T,IBM,,100,285.78
2025-10-22,9:45:44.750912629,T,IBM,I,80,285.77
2025-10-22,9:45:44.750915632,T,IBM,I,67,285.77
2025-10-22,9:45:44.750915632,T,IBM,I,46,285.77
2025-10-22,9:45:44.750942855,T,IBM,F,145,285.77
2025-10-22,9:45:44.751192387,T,IBM,,100,285.77
2025-10-22,9:45:44.754422075,T,IBM,F I,1,285.69
2025-10-22,9:45:44.754425042,T,IBM,F I,1,285.69
2025-10-22,9:45:44.754446117,T,IBM,F,199,285.69
2025-10-22,9:45:44.754449455,T,IBM,F I,1,285.69
2025-10-22,9:45:44.754449455,T,IBM,I,1,285.69
2025-10-22,9:45:44.754452066,T,IBM,,200,285.69
2025-10-22,9:45:45.127664561,T,IBM,F I,83,285.7
2025-10-22,9:45:45.127673920,T,IBM,F I,17,285.7
2025-10-22,9:45:45.127676650,T,IBM,F,1081,285.69
2025-10-22,9:45:45.127697604,T,IBM,F I,17,285.69
2025-10-22,9:45:45.128061527,T,IBM,F,300,285.7
2025-10-22,9:45:45.128067526,T,IBM,F,107,285.7
2025-10-22,9:45:45.128100587,T,IBM,F I,1,285.7
2025-10-22,9:45:45.128115591,T,IBM,I,92,285.7
2025-10-22,9:45:45.128350224,T,IBM,I,7,285.7
2025-10-22,9:45:46.885932477,T,IBM,F I,25,285.64
2025-10-22,9:46:03.514183896,T,IBM,I,67,285.73
2025-10-22,9:46:03.514186929,T,IBM,,100,285.73
2025-10-22,9:46:03.521085329,T,IBM,I,76,285.79
2025-10-22,9:46:03.541029405,T,IBM,I,24,285.79
2025-10-22,9:46:03.541035099,T,IBM,,100,285.8
2025-10-22,9:46:03.541035099,T,IBM,I,64,285.8
2025-10-22,9:46:03.541109926,T,IBM,I,45,285.8
2025-10-22,9:46:03.541118947,T,IBM,F I,55,285.8
2025-10-22,9:46:03.541239263,T,IBM,F,100,285.8
2025-10-22,9:46:03.551707201,T,IBM,I,27,285.83
2025-10-22,9:46:03.580822479,T,IBM,I,12,285.86
2025-10-22,9:46:03.580853428,T,IBM,I,29,285.85
2025-10-22,9:46:03.580880278,T,IBM,F I,15,285.83
2025-10-22,9:46:03.580882652,T,IBM,F I,14,285.83
2025-10-22,9:46:03.580924878,T,IBM,,100,285.88
2025-10-22,9:46:03.580924878,T,IBM,I,15,285.89
2025-10-22,9:46:03.580927714,T,IBM,,100,285.9
2025-10-22,9:46:03.580927714,T,IBM,I,1,285.9
2025-10-22,9:46:03.580930758,T,IBM,I,27,285.91
2025-10-22,9:46:03.580933749,T,IBM,I,21,285.91
2025-10-22,9:46:03.580936802,T,IBM,,100,285.93
2025-10-22,9:46:03.580976064,T,IBM,I,26,285.83
2025-10-22,9:46:03.581099124,T,IBM,I,13,285.81
2025-10-22,9:46:03.590478477,T,IBM,I,11,285.84
2025-10-22,9:46:03.593064706,T,IBM,I,82,285.9
2025-10-22,9:46:03.972192364,T,IBM,F I,1,285.73
2025-10-22,9:46:14.061683017,T,IBM,,100,285.675
2025-10-22,9:46:20.967662890,T,IBM,I,3,285.62
2025-10-22,9:46:21.841684936,T,IBM,F,200,285.5
2025-10-22,9:46:21.841688206,T,IBM,F I,75,285.49
2025-10-22,9:46:21.841690725,T,IBM,F I,4,285.48
2025-10-22,9:46:21.841690725,T,IBM,F,521,285.47
2025-10-22,9:46:21.841708819,T,IBM,F,279,285.47
2025-10-22,9:46:21.841970385,T,IBM,I,6,285.43
2025-10-22,9:46:21.841988534,T,IBM,I,4,285.43
2025-10-22,9:46:21.842153973,T,IBM,F,200,285.48
2025-10-22,9:46:21.843019903,T,IBM,I,25,285.455
2025-10-22,9:46:21.843047133,T,IBM,I,75,285.455
2025-10-22,9:46:21.850243095,T,IBM,I,3,285.47
2025-10-22,9:46:21.854462108,T,IBM,I,3,285.46
2025-10-22,9:46:27.627106820,T,IBM,,100,285.42
2025-10-22,9:46:30.043527603,T,IBM,F I,45,285.38
2025-10-22,9:46:30.043530632,T,IBM,F I,15,285.35
2025-10-22,9:46:30.043533574,T,IBM,F I,20,285.34
2025-10-22,9:46:30.043536744,T,IBM,F,100,285.34
2025-10-22,9:46:30.043540008,T,IBM,F I,75,285.34
2025-10-22,9:46:30.043542706,T,IBM,F I,25,285.34
2025-10-22,9:46:30.043546262,T,IBM,F,526,285.33
2025-10-22,9:46:30.043549091,T,IBM,I,1,285.33
2025-10-22,9:46:30.043551774,T,IBM,F,273,285.33
2025-10-22,9:46:30.043554696,T,IBM,F I,6,285.33
2025-10-22,9:46:30.054383504,T,IBM,,100,285.41
2025-10-22,9:46:31.294175047,T,IBM,F I,25,285.43
2025-10-22,9:46:31.302646101,T,IBM,I,31,285.49
2025-10-22,9:46:31.310106889,T,IBM,F I,20,285.49
2025-10-22,9:46:39.296844726,T,IBM,F I,22,285.52
2025-10-22,9:46:39.296868818,T,IBM,F I,10,285.53
2025-10-22,9:46:39.296901843,T,IBM,I,44,285.56
2025-10-22,9:46:39.296922890,T,IBM,F I,56,285.56
2025-10-22,9:46:40.271419868,T,IBM,F,100,285.65
2025-10-22,9:46:50.843222840,T,IBM,,500,285.565
2025-10-22,9:46:51.070092156,T,IBM,I,20,285.46
2025-10-22,9:46:51.070095275,T,IBM,I,25,285.46
2025-10-22,9:46:51.070095275,T,IBM,I,65,285.46
2025-10-22,9:46:51.070158043,T,IBM,F,100,285.45
2025-10-22,9:46:51.070158043,T,IBM,F I,10,285.45
2025-10-22,9:46:51.070480576,T,IBM,F,674,285.5
2025-10-22,9:46:51.070491877,T,IBM,,126,285.5
2025-10-22,9:46:51.070491877,T,IBM,,548,285.46
2025-10-22,9:46:51.070496241,T,IBM,,126,285.46
2025-10-22,9:46:51.070498276,T,IBM,,200,285.46
2025-10-22,9:46:51.070498276,T,IBM,I,3,285.46
2025-10-22,9:46:51.070512925,T,IBM,I,1,285.46
2025-10-22,9:46:51.070663342,T,IBM,F,196,285.46
2025-10-22,9:46:51.070663342,T,IBM,F,284,285.46
2025-10-22,9:46:51.070693335,T,IBM,,116,285.46
2025-10-22,9:46:51.071812020,T,IBM,I,45,285.46
2025-10-22,9:46:51.071833014,T,IBM,F I,55,285.46
2025-10-22,9:46:51.071932342,T,IBM,I,45,285.46
2025-10-22,9:46:51.072100729,T,IBM,I,8,285.46
2025-10-22,9:46:51.072112684,T,IBM,I,8,285.46
2025-10-22,9:46:51.072157824,T,IBM,I,8,285.46
2025-10-22,9:46:52.728855879,T,IBM,I,3,285.62
2025-10-22,9:46:52.728855879,T,IBM,I,1,285.67
2025-10-22,9:46:58.659171990,T,IBM,I,88,285.56
2025-10-22,9:46:58.659175040,T,IBM,I,12,285.55
2025-10-22,9:47:00.280854719,T,IBM,I,20,285.64
2025-10-22,9:47:00.280857697,T,IBM,I,11,285.65
2025-10-22,9:47:00.280875694,T,IBM,F I,89,285.65
2025-10-22,9:47:00.281603502,T,IBM,F,100,285.68
2025-10-22,9:47:00.281618565,T,IBM,F I,1,285.69
2025-10-22,9:47:00.285389481,T,IBM,I,98,285.7
2025-10-22,9:47:10.809538024,T,IBM,,100,285.67
2025-10-22,9:47:12.733569443,T,IBM,,100,285.645
2025-10-22,9:47:12.746818987,T,IBM,,100,285.645
2025-10-22,9:47:12.756649418,T,IBM,,100,285.64
2025-10-22,9:47:13.880932953,T,IBM,,100,285.645
2025-10-22,9:47:14.497896798,T,IBM,I,11,285.64
2025-10-22,9:47:16.893348487,T,IBM,F,100,285.7
2025-10-22,9:47:18.164381403,T,IBM,I,29,285.73
2025-10-22,9:47:20.115399207,T,IBM,I,16,285.74
2025-10-22,9:47:21.148036971,T,IBM,F I,84,285.74
2025-10-22,9:47:21.148036971,T,IBM,F I,56,285.74
2025-10-22,9:47:21.148039753,T,IBM,F I,1,285.74
2025-10-22,9:47:21.148039753,T,IBM,F I,1,285.75
2025-10-22,9:47:21.148226025,T,IBM,I,10,285.74
2025-10-22,9:47:21.148259093,T,IBM,I,90,285.74
2025-10-22,9:47:21.148280437,T,IBM,I,1,285.74
2025-10-22,9:47:21.148283123,T,IBM,I,1,285.74
2025-10-22,9:47:21.148400379,T,IBM,F I,51,285.74
2025-10-22,9:47:21.148430760,T,IBM,I,47,285.74
2025-10-22,9:47:24.358873437,T,IBM,F I,31,285.74
2025-10-22,9:47:24.358873437,T,IBM,F I,15,285.8
2025-10-22,9:47:24.358876450,T,IBM,F I,31,285.82
2025-10-22,9:47:24.573308040,T,IBM,F I,1,285.86
2025-10-22,9:47:25.334705574,T,IBM,F,100,285.9
2025-10-22,9:47:29.204375028,T,IBM,F I,4,285.94
2025-10-22,9:47:29.204378034,T,IBM,F I,65,285.94
2025-10-22,9:47:29.204396100,T,IBM,I,1,285.94
2025-10-22,9:47:32.392123008,T,IBM,F I,21,285.91
2025-10-22,9:47:32.392126058,T,IBM,F I,1,285.93
2025-10-22,9:47:32.392129092,T,IBM,F I,34,285.94
2025-10-22,9:47:32.965709008,T,IBM,F I,66,285.94
2025-10-22,9:47:32.966346049,T,IBM,F I,4,285.99
2025-10-22,9:47:32.966430958,T,IBM,I,26,285.96
2025-10-22,9:47:32.966715969,T,IBM,I,19,285.9
2025-10-22,9:47:32.967010640,T,IBM,F I,6,285.9
2025-10-22,9:47:32.967028736,T,IBM,I,1,285.9
2025-10-22,9:47:33.770514517,T,IBM,F I,50,286.0
2025-10-22,9:47:33.770517479,T,IBM,F I,24,286.0
2025-10-22,9:47:33.770727965,T,IBM,I,79,285.96
2025-10-22,9:47:33.770815272,T,IBM,I,66,285.95
2025-10-22,9:47:33.770965609,T,IBM,F I,27,285.95
2025-10-22,9:47:33.770971614,T,IBM,I,14,285.95
2025-10-22,9:47:33.771269317,T,IBM,I,1,286.0
2025-10-22,9:47:33.771293336,T,IBM,F I,26,286.0
2025-10-22,9:47:35.456066301,T,IBM,I,26,285.96
2025-10-22,9:47:43.080002372,T,IBM,I,45,285.9
2025-10-22,9:47:43.080005368,T,IBM,,100,285.9
2025-10-22,9:47:43.080005368,T,IBM,I,25,285.89
2025-10-22,9:47:44.234859577,T,IBM,F,100,285.95
2025-10-22,9:47:44.235232497,T,IBM,I,7,286.0
2025-10-22,9:47:44.235253597,T,IBM,I,7,286.0
2025-10-22,9:47:54.721051767,T,IBM,F I,2,285.92
2025-10-22,9:47:54.721072806,T,IBM,I,1,285.92
2025-10-22,9:47:54.721205136,T,IBM,F I,77,285.92
2025-10-22,9:47:54.724982560,T,IBM,I,1,285.885
2025-10-22,9:47:55.954356918,T,IBM,I,22,285.885
2025-10-22,9:47:55.972054007,T,IBM,F I,20,285.81
2025-10-22,9:47:55.974035701,T,IBM,,100,285.77
2025-10-22,9:47:55.974102784,T,IBM,F I,10,285.77
2025-10-22,9:47:55.974104907,T,IBM,F,101,285.77
2025-10-22,9:47:55.974111067,T,IBM,F I,89,285.77
2025-10-22,9:47:58.096522198,T,IBM,F I,20,285.73
2025-10-22,9:47:58.096524685,T,IBM,F I,80,285.72
2025-10-22,9:47:58.096542692,T,IBM,I,20,285.72
2025-10-22,9:47:58.096909549,T,IBM,F,402,285.73
2025-10-22,9:47:58.096913172,T,IBM,F,100,285.73
2025-10-22,9:48:18.248995070,T,IBM,I,26,285.81
2025-10-22,9:48:18.249016137,T,IBM,I,1,285.81
2025-10-22,9:48:18.249025109,T,IBM,I,1,285.81
2025-10-22,9:48:18.249034148,T,IBM,F I,24,285.81
2025-10-22,9:48:18.254299683,T,IBM,I,2,285.84
2025-10-22,9:48:18.254368841,T,IBM,I,1,285.84
2025-10-22,9:48:19.551326630,T,IBM,F I,15,285.83
2025-10-22,9:48:19.551329516,T,IBM,F I,20,285.82
2025-10-22,9:48:28.634498412,T,IBM,F I,25,285.69
2025-10-22,9:48:28.634597664,T,IBM,I,1,285.68
2025-10-22,9:48:28.639529477,T,IBM,F I,20,285.72
2025-10-22,9:48:28.639532484,T,IBM,F I,5,285.73
2025-10-22,9:48:28.639532484,T,IBM,F I,77,285.73
2025-10-22,9:48:28.639535478,T,IBM,F I,18,285.73
2025-10-22,9:48:29.171303678,T,IBM,F I,45,285.7
2025-10-22,9:48:29.171306958,T,IBM,F,100,285.68
2025-10-22,9:48:29.171309427,T,IBM,F I,20,285.68
2025-10-22,9:48:29.171309427,T,IBM,F I,9,285.67
2025-10-22,9:48:29.582048266,T,IBM,,300,285.725
2025-10-22,9:48:31.155435970,T,IBM,F I,20,285.78
2025-10-22,9:48:31.155438919,T,IBM,F I,16,285.78
2025-10-22,9:48:35.192989000,T,IBM,F I,15,285.77
2025-10-22,9:48:35.192992106,T,IBM,F,100,285.79
2025-10-22,9:48:35.192995081,T,IBM,F I,7,285.79
2025-10-22,9:48:35.193007095,T,IBM,I,1,285.79
2025-10-22,9:48:35.193022262,T,IBM,F I,14,285.79
2025-10-22,9:48:35.193025088,T,IBM,F,100,285.79
2025-10-22,9:48:35.193178537,T,IBM,I,11,285.79
2025-10-22,9:48:35.193608493,T,IBM,I,23,285.84
2025-10-22,9:48:35.211964224,T,IBM,F I,30,285.89
2025-10-22,9:48:35.211994272,T,IBM,F,100,285.9
2025-10-22,9:48:35.212030426,T,IBM,F I,13,285.9
2025-10-22,9:48:35.213533958,T,IBM,I,3,285.9
2025-10-22,9:48:41.636699414,T,IBM,I,22,285.9
2025-10-22,9:48:41.636807704,T,IBM,I,36,285.94
2025-10-22,9:48:41.636837687,T,IBM,F I,2,285.94
2025-10-22,9:48:52.379823196,T,IBM,F,100,285.87
2025-10-22,9:48:52.379871256,T,IBM,F,150,285.85
2025-10-22,9:48:52.380078772,T,IBM,F I,8,285.84
2025-10-22,9:48:52.380923781,T,IBM,F I,11,285.79
2025-10-22,9:48:52.385657010,T,IBM,F,100,285.67
2025-10-22,9:48:53.341061645,T,IBM,F,100,285.51
2025-10-22,9:48:54.154362808,T,IBM,I,45,285.44
2025-10-22,9:48:54.154365925,T,IBM,,100,285.44
2025-10-22,9:48:54.154368805,T,IBM,I,25,285.44
2025-10-22,9:48:54.154368805,T,IBM,I,30,285.44
2025-10-22,9:48:57.174515794,T,IBM,F I,1,285.61
2025-10-22,9:48:57.174672108,T,IBM,I,11,285.61
2025-10-22,9:49:01.961940240,T,IBM,F,100,285.51
2025-10-22,9:49:19.941013383,T,IBM,I,16,285.64
2025-10-22,9:49:20.037281457,T,IBM,F I,3,285.66
2025-10-22,9:49:20.037867821,T,IBM,F I,1,285.76
2025-10-22,9:49:21.322129193,T,IBM,F I,99,285.76
2025-10-22,9:49:21.325701696,T,IBM,I,10,285.77
2025-10-22,9:49:27.764032245,T,IBM,F I,13,285.77
2025-10-22,9:49:28.759772354,T,IBM,F I,20,285.78
2025-10-22,9:49:28.759775157,T,IBM,F I,20,285.77
2025-10-22,9:49:28.759775157,T,IBM,F I,40,285.77
2025-10-22,9:49:28.759795924,T,IBM,F I,20,285.77
2025-10-22,9:49:31.167276231,T,IBM,F,100,285.81
2025-10-22,9:49:31.167279246,T,IBM,F I,15,285.81
2025-10-22,9:49:31.167282188,T,IBM,F I,25,285.82
2025-10-22,9:49:31.552565386,T,IBM,F I,26,285.82
2025-10-22,9:49:31.559157108,T,IBM,,100,285.85
2025-10-22,9:49:31.559160087,T,IBM,I,50,285.85
2025-10-22,9:49:31.559181740,T,IBM,I,1,285.85
2025-10-22,9:49:31.559184636,T,IBM,F I,13,285.85
2025-10-22,9:49:31.559208261,T,IBM,F I,80,285.85
2025-10-22,9:49:31.559211245,T,IBM,F I,6,285.85
2025-10-22,9:49:31.559220244,T,IBM,I,50,285.85
2025-10-22,9:49:31.559226307,T,IBM,,100,285.84
2025-10-22,9:49:31.559238285,T,IBM,I,17,285.84
2025-10-22,9:49:31.559247286,T,IBM,I,1,285.84
2025-10-22,9:49:31.559385716,T,IBM,I,4,285.84
2025-10-22,9:49:31.653203067,T,IBM,F,100,285.89
2025-10-22,9:49:33.539217947,T,IBM,F I,28,285.9
2025-10-22,9:49:33.539221007,T,IBM,F I,13,285.9
2025-10-22,9:49:33.539473986,T,IBM,F I,44,285.96
2025-10-22,9:49:33.677529277,T,IBM,F I,22,285.97
2025-10-22,9:49:33.677580360,T,IBM,F I,22,285.98
2025-10-22,9:49:33.698164433,T,IBM,I,13,286.03
2025-10-22,9:49:33.698200446,T,IBM,I,6,286.03
2025-10-22,9:49:33.735708817,T,IBM,F I,27,286.03
2025-10-22,9:49:37.720823065,T,IBM,F,100,286.07
2025-10-22,9:49:37.720826104,T,IBM,F,100,286.07
2025-10-22,9:49:42.750080224,T,IBM,F I,24,286.16
2025-10-22,9:49:42.750080224,T,IBM,F I,53,286.16
2025-10-22,9:49:42.768222364,T,IBM,I,36,286.27
2025-10-22,9:49:42.947040128,T,IBM,I,64,286.27
2025-10-22,9:49:42.947043155,T,IBM,I,36,286.285
2025-10-22,9:50:00.119181313,T,IBM,F,100,286.19
2025-10-22,9:50:00.119184358,T,IBM,F I,50,286.19
2025-10-22,9:50:00.119193406,T,IBM,F,100,286.2
2025-10-22,9:50:01.159670520,T,IBM,,100,286.07
2025-10-22,9:50:04.787362785,T,IBM,F I,75,286.06
2025-10-22,9:50:04.788697894,T,IBM,F I,1,286.07
2025-10-22,9:50:04.789001674,T,IBM,I,15,286.07
2025-10-22,9:50:05.792731117,T,IBM,F I,70,285.96
2025-10-22,9:50:05.792734145,T,IBM,F I,30,285.96
2025-10-22,9:50:05.793329552,T,IBM,,100,285.95
2025-10-22,9:50:09.945548710,T,IBM,F I,20,285.94
2025-10-22,9:50:09.945548710,T,IBM,F I,3,285.93
2025-10-22,9:50:09.945569805,T,IBM,F I,20,285.93
2025-10-22,9:50:09.945572987,T,IBM,F I,5,285.93
2025-10-22,9:50:09.945572987,T,IBM,I,22,285.93
2025-10-22,9:50:09.945575668,T,IBM,I,17,285.93
2025-10-22,9:50:10.977362255,T,IBM,F I,25,286.0
2025-10-22,9:50:10.977365244,T,IBM,F,100,286.0
2025-10-22,9:50:15.953798676,T,IBM,I,45,285.94
2025-10-22,9:50:15.953798676,T,IBM,I,20,285.94
2025-10-22,9:50:15.953801262,T,IBM,I,35,285.93
2025-10-22,9:50:15.953816344,T,IBM,I,1,285.93
2025-10-22,9:50:15.953819393,T,IBM,I,20,285.93
2025-10-22,9:50:18.446249045,T,IBM,,100,285.91
2025-10-22,9:50:22.411368621,T,IBM,F I,9,285.82
2025-10-22,9:50:22.411429499,T,IBM,I,16,285.82
2025-10-22,9:50:25.095318217,T,IBM,I,46,285.96
2025-10-22,9:50:25.095336350,T,IBM,I,1,285.96
2025-10-22,9:50:26.704818968,T,IBM,F I,12,285.96
2025-10-22,9:50:29.642323142,T,IBM,I,41,285.96
2025-10-22,9:50:29.642323142,T,IBM,I,59,285.96
2025-10-22,9:50:29.642341229,T,IBM,I,1,285.96
2025-10-22,9:50:29.642356323,T,IBM,F I,36,285.96
2025-10-22,9:50:29.642359290,T,IBM,F I,19,285.96
2025-10-22,9:50:29.642428418,T,IBM,F I,25,285.97
2025-10-22,9:50:30.505552307,T,IBM,F,100,286.05
2025-10-22,9:50:30.664170917,T,IBM,F I,20,285.98
2025-10-22,9:50:30.664174305,T,IBM,F I,75,285.98
2025-10-22,9:50:30.664174305,T,IBM,F I,5,285.98
2025-10-22,9:50:30.664177438,T,IBM,F I,32,285.98
2025-10-22,9:50:30.664180038,T,IBM,F I,6,285.98
2025-10-22,9:50:30.664183593,T,IBM,F,100,285.98
2025-10-22,9:50:30.664183593,T,IBM,F,364,285.97
2025-10-22,9:50:30.664197970,T,IBM,F,238,285.97
2025-10-22,9:50:30.664197970,T,IBM,F,200,285.97
2025-10-22,9:50:30.664655047,T,IBM,F I,2,285.96
2025-10-22,9:50:32.459755219,T,IBM,F I,1,285.78
2025-10-22,9:50:32.459758283,T,IBM,F I,1,285.78
2025-10-22,9:50:32.459761213,T,IBM,I,23,285.78
2025-10-22,9:50:32.459761213,T,IBM,I,40,285.78
2025-10-22,9:50:32.459763676,T,IBM,I,20,285.78
2025-10-22,9:50:32.459914001,T,IBM,F I,4,285.71
2025-10-22,9:50:32.460437174,T,IBM,I,20,285.79
2025-10-22,9:50:32.460879268,T,IBM,F I,80,285.79
2025-10-22,9:50:32.460903364,T,IBM,I,1,285.79
2025-10-22,9:50:32.461315311,T,IBM,,419,285.79
2025-10-22,9:50:32.461318350,T,IBM,I,1,285.79
2025-10-22,9:50:36.999328868,T,IBM,F I,75,285.8
2025-10-22,9:50:37.389101697,T,IBM,F I,1,285.81
2025-10-22,9:50:37.389333270,T,IBM,F,100,285.83
2025-10-22,9:50:37.389543829,T,IBM,,100,285.89
2025-10-22,9:50:37.389546859,T,IBM,I,1,285.85
2025-10-22,9:50:37.389832434,T,IBM,I,24,285.84
2025-10-22,9:50:40.528524657,T,IBM,I,26,285.84
2025-10-22,9:50:40.662643931,T,IBM,I,23,285.84
2025-10-22,9:51:01.779218531,T,IBM,F I,25,285.7
2025-10-22,9:51:01.779221731,T,IBM,F I,25,285.7
2025-10-22,9:51:01.779224621,T,IBM,F I,20,285.69
2025-10-22,9:51:01.779224621,T,IBM,F I,15,285.69
2025-10-22,9:51:01.780430409,T,IBM,F I,42,285.62
2025-10-22,9:51:01.780460512,T,IBM,I,42,285.61
2025-10-22,9:51:01.781034863,T,IBM,F I,1,285.58
2025-10-22,9:51:01.781077264,T,IBM,F I,1,285.56
2025-10-22,9:51:01.781077264,T,IBM,F I,1,285.56
2025-10-22,9:51:01.781753607,T,IBM,F,100,285.55
2025-10-22,9:51:01.782181216,T,IBM,F I,38,285.46
2025-10-22,9:51:01.782457217,T,IBM,F I,28,285.46
2025-10-22,9:51:01.782466319,T,IBM,,200,285.42
2025-10-22,9:51:01.788715176,T,IBM,I,7,285.5
2025-10-22,9:51:02.818156291,T,IBM,F I,15,285.49
2025-10-22,9:51:02.818156291,T,IBM,F I,25,285.5
2025-10-22,9:51:02.818158975,T,IBM,F I,5,285.5
2025-10-22,9:51:02.818158975,T,IBM,F I,25,285.5
2025-10-22,9:51:02.818215997,T,IBM,F,340,285.55
2025-10-22,9:51:02.818279202,T,IBM,,100,285.55
2025-10-22,9:51:02.818294164,T,IBM,I,1,285.55
2025-10-22,9:51:02.818384432,T,IBM,,399,285.55
2025-10-22,9:51:02.960791472,T,IBM,I,2,285.48
2025-10-22,9:51:03.043587469,T,IBM,I,1,285.46
2025-10-22,9:51:03.043626573,T,IBM,F I,1,285.45
2025-10-22,9:51:10.163586770,T,IBM,I,1,285.49
2025-10-22,9:51:10.163589804,T,IBM,I,99,285.5
2025-10-22,9:51:10.163607795,T,IBM,I,1,285.5
2025-10-22,9:51:10.163631938,T,IBM,F I,31,285.51
2025-10-22,9:51:10.163635350,T,IBM,F I,73,285.51
2025-10-22,9:51:10.163637907,T,IBM,F I,19,285.51
2025-10-22,9:51:19.236315035,T,IBM,I,25,285.54
2025-10-22,9:51:20.414510849,T,IBM,I,45,285.51
2025-10-22,9:51:20.414513793,T,IBM,,100,285.51
2025-10-22,9:51:20.414516876,T,IBM,,100,285.505
2025-10-22,9:51:23.120421768,T,IBM,F,100,285.55
2025-10-22,9:51:23.120424802,T,IBM,F I,3,285.56
2025-10-22,9:51:23.120436879,T,IBM,F,100,285.56
2025-10-22,9:51:23.120845837,T,IBM,F I,4,285.54
2025-10-22,9:51:29.583712634,T,IBM,I,45,285.45
2025-10-22,9:51:29.583715275,T,IBM,,100,285.45
2025-10-22,9:51:29.583718037,T,IBM,,100,285.45
2025-10-22,9:51:29.946829463,T,IBM,I,44,285.53
2025-10-22,9:51:29.946847460,T,IBM,I,1,285.53
2025-10-22,9:51:29.946970810,T,IBM,I,14,285.53
2025-10-22,9:51:31.557175232,T,IBM,F I,41,285.53
2025-10-22,9:51:31.557181286,T,IBM,F I,12,285.54
2025-10-22,9:51:36.146800605,T,IBM,F I,32,285.58
2025-10-22,9:51:36.146800605,T,IBM,F I,68,285.58
2025-10-22,9:51:43.290529388,T,IBM,I,25,285.5
2025-10-22,9:51:43.290532476,T,IBM,,100,285.48
2025-10-22,9:51:43.290535504,T,IBM,I,5,285.48
2025-10-22,9:51:43.290535504,T,IBM,,170,285.48
2025-10-22,9:51:43.637302996,T,IBM,F I,68,285.59
2025-10-22,9:51:43.637327097,T,IBM,I,1,285.59
2025-10-22,9:51:43.637354122,T,IBM,F I,38,285.59
2025-10-22,9:51:43.637375182,T,IBM,F I,38,285.59
2025-10-22,9:51:43.637396235,T,IBM,F I,23,285.59
2025-10-22,9:51:43.637411585,T,IBM,,100,285.58
2025-10-22,9:51:43.637411585,T,IBM,I,18,285.6
2025-10-22,9:51:43.672113898,T,IBM,F I,14,285.6
2025-10-22,9:51:43.672113898,T,IBM,F I,6,285.6
2025-10-22,9:51:43.679412273,T,IBM,F I,15,285.65
2025-10-22,9:51:43.679421285,T,IBM,F I,15,285.65
2025-10-22,9:51:43.679421285,T,IBM,F I,4,285.65
2025-10-22,9:51:43.679700957,T,IBM,F I,14,285.65
2025-10-22,9:51:45.436702787,T,IBM,F I,35,285.66
2025-10-22,9:51:45.436717958,T,IBM,F I,35,285.66
2025-10-22,9:51:45.436717958,T,IBM,I,1,285.66
2025-10-22,9:51:45.436732767,T,IBM,F I,62,285.66
2025-10-22,9:51:45.462284615,T,IBM,I,2,285.66
2025-10-22,9:51:46.402163161,T,IBM,F,100,285.7
2025-10-22,9:51:46.402286460,T,IBM,F I,81,285.7
2025-10-22,9:51:46.402286460,T,IBM,F I,19,285.7
2025-10-22,9:51:46.406502517,T,IBM,I,81,285.7
2025-10-22,9:51:46.406505624,T,IBM,,100,285.71
2025-10-22,9:51:46.406505624,T,IBM,,100,285.71
2025-10-22,9:51:47.695397930,T,IBM,I,26,285.84
2025-10-22,9:51:47.695412974,T,IBM,F I,74,285.84
2025-10-22,9:51:47.695515255,T,IBM,F I,3,285.85
2025-10-22,9:51:47.695536486,T,IBM,F,100,285.86
2025-10-22,9:51:47.695539238,T,IBM,F I,55,285.86
2025-10-22,9:51:47.695560306,T,IBM,F I,50,285.87
2025-10-22,9:51:47.695563248,T,IBM,F I,50,285.87
2025-10-22,9:51:57.585992123,T,IBM,F,100,285.85
2025-10-22,9:51:57.586010511,T,IBM,F I,24,285.86
2025-10-22,9:51:57.586247752,T,IBM,I,8,285.83
2025-10-22,9:52:00.489840283,T,IBM,F I,20,285.76
2025-10-22,9:52:00.489840283,T,IBM,F,130,285.75
2025-10-22,9:52:00.489858405,T,IBM,F I,20,285.75
2025-10-22,9:52:00.490216546,T,IBM,F I,96,285.76
2025-10-22,9:52:00.490216546,T,IBM,F I,4,285.71
2025-10-22,9:52:00.490228315,T,IBM,F I,96,285.71
2025-10-22,9:52:10.613859306,T,IBM,F I,1,285.61
2025-10-22,9:52:10.613859306,T,IBM,F I,2,285.58
2025-10-22,9:52:21.548698520,T,IBM,F I,1,285.57
2025-10-22,9:52:21.548758645,T,IBM,F,100,285.56
2025-10-22,9:52:21.549624684,T,IBM,F I,6,285.49
2025-10-22,9:52:21.549769094,T,IBM,F,100,285.47
2025-10-22,9:52:22.039181406,T,IBM,I,20,285.38
2025-10-22,9:52:22.039521003,T,IBM,F I,3,285.29
2025-10-22,9:52:22.039842703,T,IBM,F I,4,285.23
2025-10-22,9:52:22.039845727,T,IBM,F I,3,285.23
2025-10-22,9:52:22.039990102,T,IBM,F I,7,285.245
2025-10-22,9:52:22.040062302,T,IBM,F I,7,285.245
2025-10-22,9:52:22.040305846,T,IBM,I,86,285.25
2025-10-22,9:52:22.084944482,T,IBM,I,25,285.26
2025-10-22,9:52:22.084947064,T,IBM,I,5,285.27
2025-10-22,9:52:22.084950123,T,IBM,,100,285.27
2025-10-22,9:52:22.661590877,T,IBM,I,28,285.22
2025-10-22,9:52:22.661609021,T,IBM,I,1,285.22
2025-10-22,9:52:22.661654127,T,IBM,I,39,285.22
2025-10-22,9:52:22.713016387,T,IBM,I,40,285.29
2025-10-22,9:52:22.713019316,T,IBM,I,29,285.29
2025-10-22,9:52:22.713037442,T,IBM,F I,44,285.29
2025-10-22,9:52:23.865789776,T,IBM,,100,285.285
2025-10-22,9:52:23.874570634,T,IBM,F I,30,285.42
2025-10-22,9:52:23.874573782,T,IBM,F,100,285.43
2025-10-22,9:52:23.874573782,T,IBM,F I,58,285.43
2025-10-22,9:52:32.792183591,T,IBM,I,17,285.26
2025-10-22,9:52:32.792469205,T,IBM,F I,5,285.26
2025-10-22,9:52:41.002491597,T,IBM,I,33,285.12
2025-10-22,9:52:44.218085891,T,IBM,F I,20,285.07
2025-10-22,9:52:44.218326575,T,IBM,F I,1,285.0
2025-10-22,9:52:44.218519085,T,IBM,F,100,284.97
2025-10-22,9:52:44.234601246,T,IBM,I,4,284.86
2025-10-22,9:52:44.238618825,T,IBM,,100,284.86
2025-10-22,9:52:44.693842541,T,IBM,,100,284.83
2025-10-22,9:52:44.715794751,T,IBM,F,100,284.8
2025-10-22,9:52:44.768832081,T,IBM,I,25,284.74
2025-10-22,9:52:45.096035118,T,IBM,I,5,284.6
2025-10-22,9:52:45.096038611,T,IBM,I,25,284.6
2025-10-22,9:52:45.096038611,T,IBM,I,15,284.59
2025-10-22,9:52:45.096041150,T,IBM,I,45,284.55
2025-10-22,9:52:45.096044038,T,IBM,I,20,284.54
2025-10-22,9:52:45.096044038,T,IBM,,100,284.53
2025-10-22,9:52:45.096047023,T,IBM,,100,284.53
2025-10-22,9:52:45.096050048,T,IBM,I,32,284.52
2025-10-22,9:52:45.096050048,T,IBM,I,58,284.52
2025-10-22,9:52:45.189555152,T,IBM,I,25,284.58
2025-10-22,9:52:45.189557623,T,IBM,I,5,284.58
2025-10-22,9:52:45.189560598,T,IBM,I,15,284.59
2025-10-22,9:52:45.189585102,T,IBM,F I,10,284.59
2025-10-22,9:52:45.189585102,T,IBM,F I,9,284.63
2025-10-22,9:52:45.189587709,T,IBM,F I,75,284.65
2025-10-22,9:52:45.189647820,T,IBM,F,100,284.68
2025-10-22,9:52:45.308770433,T,IBM,,100,284.645
2025-10-22,9:52:45.310893522,T,IBM,I,25,284.6
2025-10-22,9:52:45.310896681,T,IBM,I,45,284.59
2025-10-22,9:52:45.310896681,T,IBM,I,30,284.59
2025-10-22,9:52:46.140848435,T,IBM,F I,30,284.66
2025-10-22,9:52:46.539714886,T,IBM,I,25,284.58
2025-10-22,9:52:46.539714886,T,IBM,I,56,284.58
2025-10-22,9:52:46.540905745,T,IBM,F I,25,284.64
2025-10-22,9:52:46.796330824,T,IBM,F I,30,284.67
2025-10-22,9:52:46.796351949,T,IBM,I,1,284.67
2025-10-22,9:52:46.796355083,T,IBM,I,19,284.67
2025-10-22,9:52:46.796357953,T,IBM,I,1,284.67
2025-10-22,9:52:49.357446988,T,IBM,F I,25,284.56
2025-10-22,9:52:53.102611027,T,IBM,I,25,284.52
2025-10-22,9:52:53.102613953,T,IBM,I,5,284.52
2025-10-22,9:52:53.102617055,T,IBM,I,20,284.49
2025-10-22,9:52:53.102617055,T,IBM,I,19,284.47
2025-10-22,9:52:53.449589699,T,IBM,F I,5,284.56
2025-10-22,9:52:53.449592031,T,IBM,F I,75,284.56
2025-10-22,9:52:53.806839427,T,IBM,I,26,284.47
2025-10-22,9:52:53.806845484,T,IBM,,100,284.47
2025-10-22,9:52:53.806845484,T,IBM,I,25,284.46
2025-10-22,9:52:53.807266487,T,IBM,I,45,284.47
2025-10-22,9:52:53.807663419,T,IBM,I,4,284.47
2025-10-22,9:52:54.584854654,T,IBM,F I,25,284.54
2025-10-22,9:52:54.584857670,T,IBM,F,100,284.55
2025-10-22,9:53:04.863134736,T,IBM,F I,25,284.32
2025-10-22,9:53:04.863137792,T,IBM,F I,5,284.32
2025-10-22,9:53:06.550460749,T,IBM,I,8,284.2
2025-10-22,9:53:06.570891350,T,IBM,I,5,284.2
2025-10-22,9:53:06.618383394,T,IBM,F I,70,284.2
2025-10-22,9:53:09.078600423,T,IBM,F,150,284.21
2025-10-22,9:53:09.165236676,T,IBM,,100,284.21
2025-10-22,9:53:09.165299839,T,IBM,,182,284.21
2025-10-22,9:53:09.167825825,T,IBM,,170,284.21
2025-10-22,9:53:10.978108551,T,IBM,I,23,284.15
2025-10-22,9:53:11.020653922,T,IBM,F,150,284.155
2025-10-22,9:53:11.020681317,T,IBM,F,100,284.155
2025-10-22,9:53:11.020683983,T,IBM,F,117,284.155
2025-10-22,9:53:11.020696000,T,IBM,F I,1,284.155
2025-10-22,9:53:11.020710985,T,IBM,F I,28,284.27
2025-10-22,9:53:11.020714015,T,IBM,F I,32,284.27
2025-10-22,9:53:11.020717039,T,IBM,F I,40,284.28
2025-10-22,9:53:11.020735035,T,IBM,I,1,284.28
2025-10-22,9:53:11.020741096,T,IBM,F I,59,284.28
2025-10-22,9:53:11.021021132,T,IBM,F,200,284.28
2025-10-22,9:53:11.021030029,T,IBM,,100,284.28
2025-10-22,9:53:11.021030029,T,IBM,,100,284.28
2025-10-22,9:53:11.026463651,T,IBM,I,25,284.25
2025-10-22,9:53:12.091025162,T,IBM,F,100,284.28
2025-10-22,9:53:12.091025162,T,IBM,F I,35,284.29
2025-10-22,9:53:12.091028157,T,IBM,F,100,284.29
2025-10-22,9:53:12.091031026,T,IBM,F,100,284.29
2025-10-22,9:53:12.091046057,T,IBM,F,100,284.29
2025-10-22,9:53:12.374404711,T,IBM,I,1,284.3
2025-10-22,9:53:13.340604916,T,IBM,F I,43,284.36
2025-10-22,9:53:13.340611100,T,IBM,F I,57,284.36
2025-10-22,9:53:13.340613957,T,IBM,F I,43,284.36
2025-10-22,9:53:13.340626001,T,IBM,F I,57,284.36
2025-10-22,9:53:13.340637978,T,IBM,F,100,284.38
2025-10-22,9:53:13.341314542,T,IBM,I,1,284.37
2025-10-22,9:53:13.341317721,T,IBM,I,13,284.37
2025-10-22,9:53:13.341585214,T,IBM,I,65,284.45
2025-10-22,9:53:13.341591263,T,IBM,F I,35,284.45
2025-10-22,9:53:13.341594301,T,IBM,F I,36,284.46
2025-10-22,9:53:13.341618909,T,IBM,I,8,284.46
2025-10-22,9:53:13.341643270,T,IBM,F I,13,284.46
2025-10-22,9:53:13.341643270,T,IBM,I,8,284.46
2025-10-22,9:53:13.341648356,T,IBM,I,13,284.46
2025-10-22,9:53:13.354470909,T,IBM,F I,1,284.42
2025-10-22,9:53:14.295630426,T,IBM,I,1,284.38
2025-10-22,9:53:14.295651506,T,IBM,F I,1,284.36
2025-10-22,9:53:14.295702665,T,IBM,F I,75,284.34
2025-10-22,9:53:14.980228318,T,IBM,I,2,284.235
2025-10-22,9:53:18.687291621,T,IBM,I,7,284.28
2025-10-22,9:53:18.688888464,T,IBM,I,29,284.3
2025-10-22,9:53:18.688936527,T,IBM,I,5,284.32
2025-10-22,9:53:18.789222245,T,IBM,I,40,284.34
2025-10-22,9:53:18.905491069,T,IBM,I,24,284.34
2025-10-22,9:53:22.040902456,T,IBM,F I,1,284.3
2025-10-22,9:53:24.701627898,T,IBM,I,40,284.32
2025-10-22,9:53:24.998753175,T,IBM,I,8,284.34
2025-10-22,9:53:29.516507316,T,IBM,I,45,284.28
2025-10-22,9:53:29.516507316,T,IBM,I,17,284.33
2025-10-22,9:53:30.013082520,T,IBM,F,100,284.34
2025-10-22,9:53:30.102927386,T,IBM,,100,284.45
2025-10-22,9:53:30.652109746,T,IBM,F,100,284.45
2025-10-22,9:53:30.652124875,T,IBM,F,100,284.47
2025-10-22,9:53:30.652148950,T,IBM,I,2,284.48
2025-10-22,9:53:30.652155346,T,IBM,I,2,284.48
2025-10-22,9:53:30.652181911,T,IBM,,100,284.48
2025-10-22,9:53:30.652206049,T,IBM,F I,2,284.48
2025-10-22,9:53:30.652227582,T,IBM,I,94,284.48
2025-10-22,9:53:30.652449602,T,IBM,F I,2,284.53
2025-10-22,9:53:30.679252471,T,IBM,,100,284.575
2025-10-22,9:53:31.972384994,T,IBM,F I,87,284.63
2025-10-22,9:53:31.972418448,T,IBM,F I,2,284.65
2025-10-22,9:53:31.972421096,T,IBM,F I,2,284.69
2025-10-22,9:53:31.972472114,T,IBM,F I,57,284.69
2025-10-22,9:53:31.972532326,T,IBM,I,14,284.675
2025-10-22,9:53:34.911756574,T,IBM,F I,40,284.7
2025-10-22,9:53:35.031288215,T,IBM,I,27,284.75
2025-10-22,9:53:35.241007394,T,IBM,I,73,284.75
2025-10-22,9:53:36.914326042,T,IBM,F I,40,284.76
2025-10-22,9:53:36.914332050,T,IBM,F,100,284.77
2025-10-22,9:53:36.914605681,T,IBM,F I,25,284.85
2025-10-22,9:53:42.966618721,T,IBM,I,21,284.94
2025-10-22,9:53:42.966658247,T,IBM,F I,29,284.94
2025-10-22,9:53:42.966658247,T,IBM,F I,50,284.94
2025-10-22,9:53:42.966660762,T,IBM,F I,17,284.94
2025-10-22,9:53:42.969899468,T,IBM,I,3,284.89
2025-10-22,9:53:47.246699150,T,IBM,I,26,284.91
2025-10-22,9:53:52.662400204,T,IBM,F I,50,284.9
2025-10-22,9:54:03.179358516,T,IBM,,100,284.98
2025-10-22,9:54:07.878363885,T,IBM,F,100,285.02
2025-10-22,9:54:07.878366215,T,IBM,F I,3,285.02
2025-10-22,9:54:07.878372301,T,IBM,F I,57,285.03
2025-10-22,9:54:07.878372301,T,IBM,F I,7,285.03
2025-10-22,9:54:07.878390291,T,IBM,F I,20,285.04
2025-10-22,9:54:07.878421148,T,IBM,F I,20,285.04
2025-10-22,9:54:07.878421148,T,IBM,F I,36,285.04
2025-10-22,9:54:07.878421148,T,IBM,F I,20,285.05
2025-10-22,9:54:07.878441671,T,IBM,,100,285.01
2025-10-22,9:54:07.896703879,T,IBM,I,15,285.0
2025-10-22,9:54:07.896703879,T,IBM,I,85,285.0
2025-10-22,9:54:07.902931796,T,IBM,I,25,284.96
2025-10-22,9:54:07.902934791,T,IBM,I,75,284.94
2025-10-22,9:54:09.973213498,T,IBM,F I,25,284.92
2025-10-22,9:54:09.982541612,T,IBM,,100,284.895
2025-10-22,9:54:09.996798625,T,IBM,,100,284.895
2025-10-22,9:54:11.985351608,T,IBM,I,25,284.88
2025-10-22,9:54:13.646365070,T,IBM,F I,15,284.81
2025-10-22,9:54:22.029205726,T,IBM,F I,15,284.75
2025-10-22,9:54:22.029208749,T,IBM,F I,5,284.74
2025-10-22,9:54:22.029208749,T,IBM,F I,10,284.73
2025-10-22,9:54:22.029262988,T,IBM,F I,10,284.73
2025-10-22,9:54:22.029265916,T,IBM,F I,47,284.72
2025-10-22,9:54:22.029286917,T,IBM,I,1,284.72
2025-10-22,9:54:22.029301981,T,IBM,F I,41,284.72
2025-10-22,9:54:22.029326078,T,IBM,F,100,284.7
2025-10-22,9:54:22.029329036,T,IBM,F I,8,284.7
2025-10-22,9:54:22.029347105,T,IBM,F I,2,284.7
2025-10-22,9:54:24.959950224,T,IBM,I,15,284.675
2025-10-22,9:54:24.959950224,T,IBM,I,50,284.675
2025-10-22,9:54:24.959952892,T,IBM,I,25,284.675
2025-10-22,9:54:24.960142515,T,IBM,I,38,284.75
2025-10-22,9:54:26.975567990,T,IBM,I,5,284.76
2025-10-22,9:54:26.975567990,T,IBM,I,59,284.8
2025-10-22,9:54:26.975570535,T,IBM,I,17,284.83
2025-10-22,9:54:27.634342822,T,IBM,F I,15,284.77
2025-10-22,9:54:27.634393943,T,IBM,F I,75,284.76
2025-10-22,9:54:31.367255640,T,IBM,I,14,284.84
2025-10-22,9:54:31.367255640,T,IBM,I,5,284.84
2025-10-22,9:54:31.367258557,T,IBM,I,63,284.84
2025-10-22,9:54:31.521610049,T,IBM,F I,5,284.8
2025-10-22,9:54:31.521610049,T,IBM,F I,75,284.8
2025-10-22,9:54:31.644976412,T,IBM,F,100,284.85
2025-10-22,9:54:31.644979021,T,IBM,F I,15,284.85
2025-10-22,9:54:31.644979021,T,IBM,F I,30,284.85
2025-10-22,9:54:31.644981814,T,IBM,I,55,284.85
2025-10-22,9:54:31.735761886,T,IBM,I,23,284.94
2025-10-22,9:54:33.351478367,T,IBM,F I,8,284.95
2025-10-22,9:54:33.351499411,T,IBM,F I,92,284.95
2025-10-22,9:54:33.353712649,T,IBM,F I,25,284.86
2025-10-22,9:54:35.366813254,T,IBM,F I,1,284.83
2025-10-22,9:54:36.680722095,T,IBM,F,100,284.64
2025-10-22,9:54:36.680725112,T,IBM,F I,3,284.64
2025-10-22,9:54:36.680725112,T,IBM,F I,2,284.64
2025-10-22,9:54:36.680728433,T,IBM,F I,2,284.64
2025-10-22,9:54:36.680731188,T,IBM,F I,2,284.64
2025-10-22,9:54:45.366991925,T,IBM,F I,20,284.5
2025-10-22,9:54:45.366994236,T,IBM,F I,8,284.49
2025-10-22,9:54:45.367012347,T,IBM,F I,8,284.49
2025-10-22,9:54:45.367015319,T,IBM,F I,12,284.49
2025-10-22,9:54:45.370993809,T,IBM,F,100,284.53
2025-10-22,9:54:45.371021201,T,IBM,I,7,284.57
2025-10-22,9:54:45.388739021,T,IBM,I,3,284.65
2025-10-22,9:54:47.419654029,T,IBM,I,75,284.7
2025-10-22,9:54:47.419654029,T,IBM,I,25,284.7
2025-10-22,9:54:47.578729744,T,IBM,I,12,284.73
2025-10-22,9:54:47.578729744,T,IBM,I,5,284.74
2025-10-22,9:54:48.474129388,T,IBM,I,29,284.77
2025-10-22,9:54:48.474150829,T,IBM,F I,71,284.77
2025-10-22,9:54:48.474150829,T,IBM,F I,11,284.77
2025-10-22,9:54:48.474153427,T,IBM,I,1,284.77
2025-10-22,9:54:48.474177491,T,IBM,I,41,284.77
2025-10-22,9:54:48.474294771,T,IBM,F I,47,284.77
2025-10-22,9:54:53.251777339,T,IBM,I,10,284.77
2025-10-22,9:54:56.376862340,T,IBM,F I,20,284.59
2025-10-22,9:54:56.376862340,T,IBM,F I,15,284.59
2025-10-22,9:54:56.376865215,T,IBM,F,100,284.58
2025-10-22,9:54:56.377322267,T,IBM,F I,84,284.53
2025-10-22,9:54:56.377343280,T,IBM,I,1,284.53
2025-10-22,9:54:56.377343280,T,IBM,I,15,284.53
2025-10-22,9:54:56.398745450,T,IBM,F I,45,284.5
2025-10-22,9:54:56.398748320,T,IBM,F I,55,284.48
2025-10-22,9:54:57.227226634,T,IBM,,100,284.585
2025-10-22,9:54:58.914179651,T,IBM,,100,284.585
2025-10-22,9:55:01.950282659,T,IBM,I,1,284.58
2025-10-22,9:55:12.969000507,T,IBM,I,37,284.64
2025-10-22,9:55:21.200018873,T,IBM,F I,14,284.68
2025-10-22,9:55:21.200024925,T,IBM,F,100,284.68
2025-10-22,9:55:21.200024925,T,IBM,F,486,284.69
2025-10-22,9:55:21.200028496,T,IBM,F,114,284.69
2025-10-22,9:55:21.200028496,T,IBM,F,100,284.69
2025-10-22,9:55:21.200052544,T,IBM,F I,1,284.7
2025-10-22,9:55:21.200052544,T,IBM,F I,36,284.7
2025-10-22,9:55:21.200054895,T,IBM,F,100,284.7
2025-10-22,9:55:21.200421878,T,IBM,I,61,284.77
2025-10-22,9:55:21.200427952,T,IBM,F,139,284.77
2025-10-22,9:55:21.200427952,T,IBM,F I,3,284.77
2025-10-22,9:55:21.210180221,T,IBM,I,75,284.78
2025-10-22,9:55:21.210183043,T,IBM,I,25,284.78
2025-10-22,9:55:21.210282281,T,IBM,I,3,284.77
2025-10-22,9:55:39.702028187,T,IBM,F,100,284.61
2025-10-22,9:55:48.069962435,T,IBM,F I,20,284.53
2025-10-22,9:55:48.069971594,T,IBM,F I,2,284.5
2025-10-22,9:55:48.070542829,T,IBM,,100,284.49
2025-10-22,9:55:48.070551814,T,IBM,F I,6,284.47
2025-10-22,9:55:56.998440201,T,IBM,F I,4,284.38
2025-10-22,9:55:56.999056579,T,IBM,F,100,284.34
2025-10-22,9:55:59.063850265,T,IBM,I,18,284.315
2025-10-22,9:56:05.625609601,T,IBM,I,2,284.07
2025-10-22,9:56:05.626271126,T,IBM,F I,1,284.06
2025-10-22,9:56:05.637867107,T,IBM,I,75,284.06
2025-10-22,9:56:05.637867107,T,IBM,I,5,284.06
2025-10-22,9:56:05.637869766,T,IBM,I,20,284.06
2025-10-22,9:56:05.646407077,T,IBM,I,3,284.1
2025-10-22,9:56:39.684464590,T,IBM,I,21,284.29
2025-10-22,9:56:40.559304339,T,IBM,F I,3,284.19
2025-10-22,9:56:42.835375297,T,IBM,I,15,284.23
2025-10-22,9:56:42.835377953,T,IBM,I,19,284.28
2025-10-22,9:56:43.762448990,T,IBM,F I,40,284.29
2025-10-22,9:56:43.762467036,T,IBM,F I,39,284.29
2025-10-22,9:56:43.762476476,T,IBM,F,100,284.29
2025-10-22,9:56:43.762479192,T,IBM,F I,2,284.29
2025-10-22,9:56:43.762479192,T,IBM,F I,40,284.3
2025-10-22,9:56:51.781161888,T,IBM,F I,50,284.18
2025-10-22,9:56:51.781164931,T,IBM,F,100,284.16
2025-10-22,9:57:01.024564408,T,IBM,F I,15,284.25
2025-10-22,9:57:05.950008268,T,IBM,I,50,284.22
2025-10-22,9:57:05.950008268,T,IBM,I,50,284.24
2025-10-22,9:57:05.950865352,T,IBM,F,100,284.26
2025-10-22,9:57:05.950916417,T,IBM,F,100,284.33
2025-10-22,9:57:05.950916417,T,IBM,F I,15,284.33
2025-10-22,9:57:05.955935422,T,IBM,I,2,284.34
2025-10-22,9:57:05.958945989,T,IBM,I,13,284.39
2025-10-22,9:57:05.958951760,T,IBM,I,77,284.39
2025-10-22,9:57:05.958951760,T,IBM,I,19,284.39
2025-10-22,9:57:05.958957625,T,IBM,,100,284.39
2025-10-22,9:57:05.959378574,T,IBM,F,100,284.39
2025-10-22,9:57:05.959510944,T,IBM,F I,36,284.41
2025-10-22,9:57:05.959670321,T,IBM,F,364,284.41
2025-10-22,9:57:05.960319821,T,IBM,I,64,284.5
2025-10-22,9:57:05.960352855,T,IBM,,136,284.5
2025-10-22,9:57:06.591156323,T,IBM,F,100,284.42
2025-10-22,9:57:06.591156323,T,IBM,F I,75,284.48
2025-10-22,9:57:06.591159857,T,IBM,F I,25,284.48
2025-10-22,9:57:06.591159857,T,IBM,F,200,284.5
2025-10-22,9:57:06.591164653,T,IBM,F I,15,284.5
2025-10-22,9:57:06.591176643,T,IBM,I,1,284.5
2025-10-22,9:57:06.591185708,T,IBM,F,199,284.5
2025-10-22,9:57:06.591188734,T,IBM,F I,69,284.5
2025-10-22,9:57:06.591291017,T,IBM,I,42,284.5
2025-10-22,9:57:06.591351117,T,IBM,I,14,284.5
2025-10-22,9:57:06.591372153,T,IBM,I,3,284.5
2025-10-22,9:57:07.240073717,T,IBM,F,100,284.49
2025-10-22,9:57:07.519333510,T,IBM,F I,16,284.49
2025-10-22,9:57:11.866398949,T,IBM,F I,25,284.58
2025-10-22,9:57:11.866401298,T,IBM,F I,65,284.59
2025-10-22,9:57:11.866419313,T,IBM,I,1,284.59
2025-10-22,9:57:11.866422344,T,IBM,F I,34,284.59
2025-10-22,9:57:11.866443391,T,IBM,F,100,284.6
2025-10-22,9:57:12.242163884,T,IBM,F I,77,284.69
2025-10-22,9:57:12.334267118,T,IBM,I,23,284.69
2025-10-22,9:57:12.334267118,T,IBM,I,26,284.73
2025-10-22,9:57:12.334288669,T,IBM,F I,74,284.73
2025-10-22,9:57:12.334288669,T,IBM,F I,43,284.73
2025-10-22,9:57:12.334339325,T,IBM,F I,34,284.74
2025-10-22,9:57:12.334339325,T,IBM,F I,43,284.74
2025-10-22,9:57:12.334357360,T,IBM,F I,87,284.8
2025-10-22,9:57:13.634938515,T,IBM,F I,25,284.78
2025-10-22,9:57:15.228257740,T,IBM,F I,20,284.78
2025-10-22,9:57:15.296384871,T,IBM,F I,50,284.72
2025-10-22,9:57:23.005402505,T,IBM,I,5,284.8
2025-10-22,9:57:23.061278513,T,IBM,I,5,284.83
2025-10-22,9:57:23.268095967,T,IBM,I,5,284.84
2025-10-22,9:57:28.729253101,T,IBM,,100,284.86
2025-10-22,9:57:31.611945729,T,IBM,F I,84,284.82
2025-10-22,9:57:52.185226569,T,IBM,F I,25,284.76
2025-10-22,9:57:52.185226569,T,IBM,F I,50,284.76
2025-10-22,9:58:00.078886529,T,IBM,F I,22,284.85
2025-10-22,9:58:00.078892670,T,IBM,F,100,284.85
2025-10-22,9:58:00.078892670,T,IBM,F,100,284.86
2025-10-22,9:58:00.078925539,T,IBM,F,100,284.87
2025-10-22,9:58:00.078961887,T,IBM,F I,13,284.88
2025-10-22,9:58:00.078974045,T,IBM,F I,1,284.89
2025-10-22,9:58:00.078974045,T,IBM,F I,4,284.89
2025-10-22,9:58:00.080492344,T,IBM,F I,11,284.9
2025-10-22,9:58:00.080510948,T,IBM,F I,2,284.9
2025-10-22,9:58:00.080513344,T,IBM,F I,9,284.93
2025-10-22,9:58:00.080874157,T,IBM,I,32,284.83
2025-10-22,9:58:00.080874157,T,IBM,I,31,284.83
2025-10-22,9:58:00.099789288,T,IBM,F,100,284.99
2025-10-22,9:58:00.099831323,T,IBM,F I,12,284.99
2025-10-22,9:58:00.099843422,T,IBM,I,22,284.95
2025-10-22,9:58:00.099849350,T,IBM,F I,25,284.99
2025-10-22,9:58:00.099852533,T,IBM,F I,40,285.0
2025-10-22,9:58:00.099873464,T,IBM,F I,60,285.0
2025-10-22,9:58:00.099912556,T,IBM,I,63,285.0
2025-10-22,9:58:00.100129656,T,IBM,F I,3,285.0
2025-10-22,9:58:00.100144074,T,IBM,I,9,284.97
2025-10-22,9:58:00.100177139,T,IBM,F I,5,284.98
2025-10-22,9:58:00.100306427,T,IBM,I,3,284.93
2025-10-22,9:58:00.179118137,T,IBM,I,80,285.05
2025-10-22,9:58:00.179791739,T,IBM,F,100,285.14
2025-10-22,9:58:01.599994822,T,IBM,I,15,285.08
2025-10-22,9:58:01.599994822,T,IBM,I,25,285.07
2025-10-22,9:58:01.599997761,T,IBM,I,60,285.07
2025-10-22,9:58:09.079292528,T,IBM,I,16,285.16
2025-10-22,9:58:09.079292528,T,IBM,I,4,285.18
2025-10-22,9:58:09.079295442,T,IBM,I,26,285.18
2025-10-22,9:58:10.916534374,T,IBM,F I,15,284.875
2025-10-22,9:58:10.916784091,T,IBM,I,2,284.94
2025-10-22,9:58:10.916841138,T,IBM,I,12,285.01
2025-10-22,9:58:10.917129817,T,IBM,I,2,285.04
2025-10-22,9:58:10.917174865,T,IBM,I,2,285.05
2025-10-22,9:58:10.918074163,T,IBM,F I,2,285.02
2025-10-22,9:58:10.918074163,T,IBM,F I,11,285.01
2025-10-22,9:58:10.918077037,T,IBM,F I,30,285.0
2025-10-22,9:58:10.918080069,T,IBM,F I,3,285.0
2025-10-22,9:58:10.918083014,T,IBM,F I,2,285.0
2025-10-22,9:58:10.918086078,T,IBM,F I,2,285.0
2025-10-22,9:58:10.918086078,T,IBM,F I,3,285.0
2025-10-22,9:58:10.918128135,T,IBM,I,29,285.04
2025-10-22,9:58:10.918173399,T,IBM,I,16,285.04
2025-10-22,9:58:10.918197356,T,IBM,I,29,285.05
2025-10-22,9:58:10.918197356,T,IBM,I,12,285.05
2025-10-22,9:58:10.918203307,T,IBM,I,13,285.05
2025-10-22,9:58:10.918218390,T,IBM,I,1,285.04
2025-10-22,9:58:10.918483074,T,IBM,F I,3,285.01
2025-10-22,9:58:10.925417451,T,IBM,F I,45,285.03
2025-10-22,9:58:10.925417451,T,IBM,F I,55,285.035
2025-10-22,9:58:10.931570186,T,IBM,F I,45,285.03
2025-10-22,9:58:10.931570186,T,IBM,F I,55,285.03
2025-10-22,9:58:10.931603235,T,IBM,,100,285.035
2025-10-22,9:58:10.931606255,T,IBM,I,72,285.035
2025-10-22,9:58:10.937551358,T,IBM,F I,45,285.03
2025-10-22,9:58:10.937551358,T,IBM,F I,55,285.035
2025-10-22,9:58:12.176585121,T,IBM,,100,285.02
2025-10-22,9:58:12.233922615,T,IBM,,100,285.02
2025-10-22,9:58:51.603303220,T,IBM,F I,15,285.01
2025-10-22,9:58:51.661308269,T,IBM,F I,25,284.98
2025-10-22,9:58:51.661308269,T,IBM,F,100,284.98
2025-10-22,9:58:55.134249167,T,IBM,I,75,285.02
2025-10-22,9:58:55.933603190,T,IBM,I,25,285.06
2025-10-22,9:58:55.933603190,T,IBM,I,20,285.06
2025-10-22,9:58:59.285343649,T,IBM,,100,285.1
2025-10-22,9:58:59.285343649,T,IBM,,100,285.11
2025-10-22,9:58:59.287824463,T,IBM,I,13,285.16
2025-10-22,9:58:59.290958000,T,IBM,I,11,285.17
2025-10-22,9:58:59.686369374,T,IBM,F I,89,285.17
2025-10-22,9:58:59.686369374,T,IBM,F I,11,285.17
2025-10-22,9:58:59.686387358,T,IBM,I,1,285.17
2025-10-22,9:58:59.686979789,T,IBM,F I,36,285.17
2025-10-22,9:59:00.213518343,T,IBM,I,45,285.09
2025-10-22,9:59:01.099989661,T,IBM,I,14,285.11
2025-10-22,9:59:01.099992723,T,IBM,I,11,285.12
2025-10-22,9:59:01.366932156,T,IBM,,100,285.12
2025-10-22,9:59:01.366935220,T,IBM,,100,285.12
2025-10-22,9:59:01.367001377,T,IBM,F,160,285.12
2025-10-22,9:59:01.367004362,T,IBM,F,241,285.12
2025-10-22,9:59:03.498193013,T,IBM,I,69,285.12
2025-10-22,9:59:03.498193013,T,IBM,I,31,285.14
2025-10-22,9:59:08.244738619,T,IBM,I,11,285.14
2025-10-22,9:59:08.244741725,T,IBM,I,5,285.14
2025-10-22,9:59:08.244741725,T,IBM,I,20,285.14
2025-10-22,9:59:08.244743974,T,IBM,I,1,285.15
2025-10-22,9:59:08.271182899,T,IBM,I,45,285.05
2025-10-22,9:59:10.646961797,T,IBM,I,4,285.045
2025-10-22,9:59:10.722564869,T,IBM,F,100,284.97
2025-10-22,9:59:10.722745341,T,IBM,F,100,284.96
2025-10-22,9:59:10.722754247,T,IBM,F I,20,284.95
2025-10-22,9:59:10.722754247,T,IBM,F I,50,284.95
2025-10-22,9:59:10.722757229,T,IBM,F I,41,284.95
2025-10-22,9:59:10.722772361,T,IBM,I,59,284.95
2025-10-22,9:59:10.722775307,T,IBM,I,41,284.94
2025-10-22,9:59:10.722775307,T,IBM,F I,59,284.94
2025-10-22,9:59:10.722862490,T,IBM,I,8,284.94
2025-10-22,9:59:10.722973738,T,IBM,I,89,284.94
2025-10-22,9:59:10.722997891,T,IBM,F I,3,284.94
2025-10-22,9:59:12.566112628,T,IBM,F I,77,284.83
2025-10-22,9:59:12.566131095,T,IBM,I,1,284.83
2025-10-22,9:59:12.566134120,T,IBM,I,22,284.83
2025-10-22,9:59:12.566136662,T,IBM,,100,284.83
2025-10-22,9:59:12.592425317,T,IBM,F I,70,284.73
2025-10-22,9:59:12.592458478,T,IBM,F I,30,284.73
2025-10-22,9:59:12.592777156,T,IBM,F I,13,284.78
2025-10-22,9:59:12.593844664,T,IBM,F I,13,284.73
2025-10-22,9:59:12.593848206,T,IBM,F I,13,284.73
2025-10-22,9:59:12.593848206,T,IBM,F I,12,284.73
2025-10-22,9:59:12.593850702,T,IBM,F I,71,284.73
2025-10-22,9:59:12.778066295,T,IBM,F I,15,284.77
2025-10-22,9:59:12.778102339,T,IBM,,100,284.805
2025-10-22,9:59:26.335881813,T,IBM,I,8,284.71
2025-10-22,9:59:26.335890901,T,IBM,F I,9,284.75
2025-10-22,9:59:26.336940386,T,IBM,F I,9,284.8
2025-10-22,9:59:26.338110235,T,IBM,,600,284.8
2025-10-22,9:59:26.338131186,T,IBM,I,1,284.8
2025-10-22,9:59:26.338149281,T,IBM,,200,284.8
2025-10-22,9:59:26.341105364,T,IBM,I,25,284.84
2025-10-22,9:59:26.341105364,T,IBM,I,15,284.85
2025-10-22,9:59:26.380938057,T,IBM,F,100,284.92
2025-10-22,9:59:26.381043296,T,IBM,F,100,284.93
2025-10-22,9:59:26.381064811,T,IBM,I,1,284.92
2025-10-22,9:59:26.381067423,T,IBM,I,89,284.92
2025-10-22,9:59:26.381311014,T,IBM,F I,25,284.95
2025-10-22,9:59:26.381332297,T,IBM,F I,37,284.95
2025-10-22,9:59:26.381335359,T,IBM,F I,63,284.96
2025-10-22,9:59:26.381335359,T,IBM,F I,37,284.96
2025-10-22,9:59:26.911939223,T,IBM,F I,20,284.97
2025-10-22,9:59:26.911939223,T,IBM,F,299,284.96
2025-10-22,9:59:26.911942343,T,IBM,F,280,284.96
2025-10-22,9:59:26.911957303,T,IBM,F I,20,284.96
2025-10-22,9:59:29.109029787,T,IBM,,100,284.885
2025-10-22,9:59:29.121070375,T,IBM,,100,284.885
2025-10-22,9:59:36.096855465,T,IBM,F I,5,284.76
2025-10-22,9:59:36.096933670,T,IBM,F I,20,284.76
2025-10-22,9:59:36.096936657,T,IBM,F I,80,284.76
2025-10-22,9:59:36.097014883,T,IBM,F I,5,284.76
2025-10-22,9:59:38.319693372,T,IBM,F I,25,284.76
2025-10-22,9:59:46.694631623,T,IBM,F I,3,284.72
2025-10-22,9:59:46.713254962,T,IBM,I,11,284.79
2025-10-22,9:59:49.326325819,T,IBM,I,75,284.88
2025-10-22,9:59:51.760261239,T,IBM,F,100,284.88
2025-10-22,9:59:51.760263331,T,IBM,,100,284.89
2025-10-22,9:59:51.760479764,T,IBM,,100,284.92
2025-10-22,9:59:51.760819529,T,IBM,F I,20,284.93
2025-10-22,9:59:51.760840544,T,IBM,F I,80,284.93
2025-10-22,9:59:51.760852613,T,IBM,F I,6,284.94
2025-10-22,9:59:51.760879623,T,IBM,F I,11,284.95
2025-10-22,9:59:51.760879623,T,IBM,F I,3,284.97
2025-10-22,9:59:51.760882713,T,IBM,F,100,284.97
2025-10-22,9:59:51.774971920,T,IBM,I,25,285.02
2025-10-22,9:59:51.774974314,T,IBM,I,15,285.01
2025-10-22,9:59:51.774974314,T,IBM,I,60,285.0
2025-10-22,9:59:51.829915068,T,IBM,I,4,284.98
2025-10-22,9:59:52.176063106,T,IBM,F,100,285.06
2025-10-22,9:59:52.180920265,T,IBM,F,100,285.07
2025-10-22,9:59:52.180961763,T,IBM,I,45,285.08
2025-10-22,9:59:52.180961763,T,IBM,I,14,285.08
2025-10-22,9:59:52.181239109,T,IBM,F I,6,285.08
2025-10-22,9:59:52.817394214,T,IBM,I,1,285.08
2025-10-22,9:59:52.817397011,T,IBM,I,1,285.08
2025-10-22,9:59:52.817399883,T,IBM,I,17,285.08
2025-10-22,9:59:53.332039046,T,IBM,I,50,285.14
2025-10-22,9:59:53.681949086,T,IBM,,200,285.05
2025-10-22,9:59:53.681952105,T,IBM,I,15,285.05
2025-10-22,9:59:53.681955144,T,IBM,I,5,285.04
2025-10-22,9:59:54.881095860,T,IBM,I,15,285.03
2025-10-22,9:59:54.881098833,T,IBM,I,45,285.04
2025-10-22,9:59:55.035633738,T,IBM,,100,284.96
2025-10-22,9:59:59.757556131,T,IBM,F I,5,285.02
2025-10-22,9:59:59.757556131,T,IBM,F I,10,285.0
2025-10-22,9:59:59.757577683,T,IBM,F I,15,284.95
2025-10-22,9:59:59.758076300,T,IBM,I,4,284.94
2025-10-22,9:59:59.758076300,T,IBM,I,5,284.94
2025-10-22,9:59:59.758079358,T,IBM,I,6,284.94
2025-10-22,9:59:59.758151528,T,IBM,F I,3,284.94
2025-10-22,10:00:00.140833578,T,IBM,I,1,284.98
2025-10-22,10:00:00.533123549,T,IBM,F I,2,284.97
2025-10-22,10:00:02.901739456,T,IBM,F,100,285.07
2025-10-22,10:00:02.901742330,T,IBM,F I,28,285.07
2025-10-22,10:00:02.901742330,T,IBM,F I,10,285.07
2025-10-22,10:00:02.901763461,T,IBM,I,1,285.07
2025-10-22,10:00:02.901763461,T,IBM,I,32,285.07
2025-10-22,10:00:02.901766414,T,IBM,F I,47,285.07
2025-10-22,10:00:02.901769522,T,IBM,F I,10,285.07
2025-10-22,10:00:02.901769522,T,IBM,F I,10,285.08
2025-10-22,10:00:02.901793469,T,IBM,I,10,285.08
2025-10-22,10:00:02.901811523,T,IBM,F I,18,285.08
2025-10-22,10:00:02.901829547,T,IBM,F I,15,285.08
2025-10-22,10:00:02.901838619,T,IBM,I,4,285.08
2025-10-22,10:00:03.597036574,T,IBM,F I,1,285.14
2025-10-22,10:00:03.597078744,T,IBM,I,1,285.14
2025-10-22,10:00:04.703478660,T,IBM,I,3,285.2
2025-10-22,10:00:04.703478660,T,IBM,I,3,285.24
2025-10-22,10:00:04.704050106,T,IBM,F I,1,285.21
2025-10-22,10:00:05.860047154,T,IBM,I,2,285.21
2025-10-22,10:00:05.941366752,T,IBM,I,2,285.21
2025-10-22,10:00:09.066731140,T,IBM,I,2,285.21
2025-10-22,10:00:09.066794264,T,IBM,F I,38,285.21
2025-10-22,10:00:09.077605095,T,IBM,I,1,285.24
2025-10-22,10:00:09.077605095,T,IBM,I,1,285.24
2025-10-22,10:00:09.833496626,T,IBM,F,100,285.29
2025-10-22,10:00:09.833905504,T,IBM,F I,17,285.3
2025-10-22,10:00:10.090951491,T,IBM,F I,18,285.36
2025-10-22,10:00:11.123838479,T,IBM,I,65,285.38
2025-10-22,10:00:15.133704566,T,IBM,F,100,285.39
2025-10-22,10:00:15.133704566,T,IBM,F I,1,285.39
2025-10-22,10:00:15.133707567,T,IBM,F I,20,285.39
2025-10-22,10:00:15.133707567,T,IBM,F,100,285.4
2025-10-22,10:00:15.134405221,T,IBM,F,150,285.4
2025-10-22,10:00:16.170810637,T,IBM,F,100,285.38
2025-10-22,10:00:18.578627811,T,IBM,,100,285.395
2025-10-22,10:00:20.178283030,T,IBM,F I,96,285.32
2025-10-22,10:00:20.178286259,T,IBM,F,100,285.32
2025-10-22,10:00:20.178286259,T,IBM,F I,25,285.32
2025-10-22,10:00:20.178289686,T,IBM,F I,15,285.32
2025-10-22,10:00:20.178292255,T,IBM,F I,60,285.32
2025-10-22,10:00:20.178295433,T,IBM,F,100,285.31
2025-10-22,10:00:20.178295433,T,IBM,F,240,285.31
2025-10-22,10:00:20.178298072,T,IBM,F I,60,285.31
2025-10-22,10:00:20.178995641,T,IBM,I,26,285.28
2025-10-22,10:00:20.183295977,T,IBM,F,100,285.21
2025-10-22,10:00:20.184790534,T,IBM,I,1,285.22
2025-10-22,10:00:20.751059557,T,IBM,F I,14,285.22
2025-10-22,10:00:22.117973515,T,IBM,I,75,285.28
2025-10-22,10:00:22.117973515,T,IBM,,100,285.3
2025-10-22,10:00:22.117975699,T,IBM,I,25,285.3
2025-10-22,10:00:22.117979453,T,IBM,,193,285.31
2025-10-22,10:00:22.117982513,T,IBM,I,25,285.32
2025-10-22,10:00:22.117991710,T,IBM,I,45,285.33
2025-10-22,10:00:22.117996806,T,IBM,I,5,285.34
2025-10-22,10:00:22.117996806,T,IBM,I,34,285.35
2025-10-22,10:00:22.118054146,T,IBM,F,100,285.38
2025-10-22,10:00:22.118056961,T,IBM,F I,19,285.39
2025-10-22,10:00:22.118141469,T,IBM,F I,24,285.45
2025-10-22,10:00:22.118619281,T,IBM,F I,20,285.47
2025-10-22,10:00:22.118658903,T,IBM,F,100,285.48
2025-10-22,10:00:22.118664523,T,IBM,F,100,285.49
2025-10-22,10:00:22.119055296,T,IBM,F,100,285.54
2025-10-22,10:00:22.119055296,T,IBM,F,100,285.54
2025-10-22,10:00:22.190180911,T,IBM,I,75,285.52
2025-10-22,10:00:22.190183665,T,IBM,I,15,285.47
2025-10-22,10:00:22.190186646,T,IBM,I,10,285.46
2025-10-22,10:00:23.323377443,T,IBM,,100,285.47
2025-10-22,10:00:23.323383401,T,IBM,I,25,285.44
2025-10-22,10:00:23.323390387,T,IBM,I,5,285.44
2025-10-22,10:00:23.323395488,T,IBM,I,75,285.44
2025-10-22,10:00:23.323395488,T,IBM,,100,285.44
2025-10-22,10:00:23.323399019,T,IBM,I,25,285.43
2025-10-22,10:00:23.323401384,T,IBM,,100,285.41
2025-10-22,10:00:23.323401384,T,IBM,I,3,285.39
2025-10-22,10:00:23.323437503,T,IBM,F I,67,285.36
2025-10-22,10:00:23.323479571,T,IBM,,100,285.38
2025-10-22,10:00:23.323506607,T,IBM,F I,10,285.29
2025-10-22,10:00:23.323506607,T,IBM,F I,18,285.29
2025-10-22,10:00:23.323509646,T,IBM,F I,5,285.29
2025-10-22,10:00:23.323560743,T,IBM,F I,1,285.29
2025-10-22,10:00:23.323569837,T,IBM,F I,20,285.29
2025-10-22,10:00:23.323948679,T,IBM,F I,12,285.3
2025-10-22,10:00:23.323948679,T,IBM,F I,30,285.29
2025-10-22,10:00:23.323990861,T,IBM,F I,5,285.29
2025-10-22,10:00:23.324063134,T,IBM,F I,19,285.23
2025-10-22,10:00:23.324117075,T,IBM,F I,4,285.3
2025-10-22,10:00:23.324135155,T,IBM,F I,12,285.3
2025-10-22,10:00:23.794671393,T,IBM,I,1,285.3
2025-10-22,10:00:23.794725491,T,IBM,I,34,285.3
2025-10-22,10:00:23.794737872,T,IBM,I,1,285.3
2025-10-22,10:00:23.794740517,T,IBM,I,11,285.3
2025-10-22,10:00:23.810855915,T,IBM,I,5,285.3
2025-10-22,10:00:23.851452509,T,IBM,I,7,285.42
2025-10-22,10:00:26.662959756,T,IBM,I,19,285.44
2025-10-22,10:00:26.882190611,T,IBM,I,25,285.44
2025-10-22,10:00:26.982861320,T,IBM,I,5,285.44
2025-10-22,10:00:26.982864297,T,IBM,I,15,285.48
2025-10-22,10:00:27.083604169,T,IBM,I,20,285.45
2025-10-22,10:00:29.343679665,T,IBM,I,30,285.47
2025-10-22,10:00:29.503450080,T,IBM,I,2,285.49
2025-10-22,10:00:33.266220929,T,IBM,I,5,285.45
2025-10-22,10:00:35.165049311,T,IBM,I,30,285.49
2025-10-22,10:00:35.243794879,T,IBM,F,100,285.37
2025-10-22,10:00:35.243815938,T,IBM,F,100,285.35
2025-10-22,10:00:35.244077539,T,IBM,F I,1,285.35
2025-10-22,10:00:35.244167753,T,IBM,,100,285.35
2025-10-22,10:00:35.244715080,T,IBM,F,100,285.34
2025-10-22,10:00:35.244718196,T,IBM,F I,2,285.34
2025-10-22,10:00:35.244718196,T,IBM,F,200,285.34
2025-10-22,10:00:35.245734849,T,IBM,I,13,285.39
2025-10-22,10:00:35.245734849,T,IBM,I,4,285.41
2025-10-22,10:00:35.247899560,T,IBM,I,4,285.34
2025-10-22,10:00:35.251604388,T,IBM,I,4,285.34
2025-10-22,10:00:35.558238393,T,IBM,I,14,285.34
2025-10-22,10:00:36.052564237,T,IBM,I,1,285.41
2025-10-22,10:00:36.052564237,T,IBM,I,10,285.48
2025-10-22,10:00:41.019723509,T,IBM,F I,45,285.52
2025-10-22,10:00:41.019726511,T,IBM,F I,20,285.52
2025-10-22,10:00:41.019726511,T,IBM,F I,35,285.52
2025-10-22,10:00:46.260834899,T,IBM,F I,3,285.37
2025-10-22,10:00:46.271323800,T,IBM,F I,30,285.39
2025-10-22,10:00:46.271323800,T,IBM,F I,81,285.38
2025-10-22,10:00:46.271353927,T,IBM,I,19,285.38
2025-10-22,10:00:46.271356857,T,IBM,,181,285.37
2025-10-22,10:00:46.271374894,T,IBM,I,1,285.37
2025-10-22,10:00:46.271374894,T,IBM,I,1,285.37
2025-10-22,10:00:46.271377955,T,IBM,I,17,285.37
2025-10-22,10:00:46.278489914,T,IBM,I,12,285.42
2025-10-22,10:00:46.944879340,T,IBM,I,10,285.45
2025-10-22,10:00:46.944903400,T,IBM,I,10,285.45
2025-10-22,10:00:46.949591506,T,IBM,F I,20,285.52
2025-10-22,10:00:46.960197848,T,IBM,F,100,285.53
2025-10-22,10:00:46.960255021,T,IBM,,100,285.53
2025-10-22,10:00:46.964510126,T,IBM,F,100,285.51
2025-10-22,10:00:52.360826903,T,IBM,I,15,285.47
2025-10-22,10:00:52.360826903,T,IBM,I,11,285.46
2025-10-22,10:00:57.942038985,T,IBM,I,1,285.64
2025-10-22,10:00:57.942078005,T,IBM,F I,82,285.64
2025-10-22,10:00:57.942111160,T,IBM,F I,17,285.64
2025-10-22,10:00:57.942111160,T,IBM,F I,1,285.65
2025-10-22,10:00:57.942749148,T,IBM,I,32,285.58
2025-10-22,10:00:57.942749148,T,IBM,I,25,285.57
2025-10-22,10:00:57.942751623,T,IBM,I,43,285.57
2025-10-22,10:00:57.942773581,T,IBM,I,1,285.57
2025-10-22,10:00:57.942773581,T,IBM,I,1,285.57
2025-10-22,10:00:57.942781716,T,IBM,I,55,285.57
2025-10-22,10:00:57.942920148,T,IBM,,100,285.6
2025-10-22,10:00:57.942920148,T,IBM,I,17,285.62
2025-10-22,10:00:58.552134340,T,IBM,I,29,285.61
2025-10-22,10:00:58.552155388,T,IBM,F I,5,285.6
2025-10-22,10:00:59.371834857,T,IBM,I,70,285.62
2025-10-22,10:00:59.371852807,T,IBM,I,1,285.62
2025-10-22,10:01:00.903832176,T,IBM,I,29,285.62
2025-10-22,10:01:00.903832176,T,IBM,I,7,285.62
2025-10-22,10:01:03.656723744,T,IBM,F I,1,285.62
2025-10-22,10:01:03.656780832,T,IBM,F,100,285.66
2025-10-22,10:01:03.656780832,T,IBM,F I,1,285.67
2025-10-22,10:01:03.657764208,T,IBM,F I,21,285.74
2025-10-22,10:01:03.657986674,T,IBM,I,11,285.7
2025-10-22,10:01:03.658001695,T,IBM,F I,1,285.76
2025-10-22,10:01:05.979651793,T,IBM,F I,76,285.73
2025-10-22,10:01:07.104765380,T,IBM,I,24,285.73
2025-10-22,10:01:07.104768360,T,IBM,I,76,285.75
2025-10-22,10:01:07.104786376,T,IBM,F I,24,285.75
2025-10-22,10:01:07.732852639,T,IBM,I,6,285.76
2025-10-22,10:01:07.787606946,T,IBM,I,22,285.8
2025-10-22,10:01:07.787624989,T,IBM,I,1,285.8
2025-10-22,10:01:10.978271853,T,IBM,F I,10,285.84
2025-10-22,10:01:12.563381451,T,IBM,I,3,285.86
2025-10-22,10:01:18.169267265,T,IBM,F I,2,285.825
2025-10-22,10:01:18.169270321,T,IBM,F I,75,285.8
2025-10-22,10:01:20.316700509,T,IBM,F I,7,285.86
2025-10-22,10:01:20.317013333,T,IBM,,100,285.81
2025-10-22,10:01:20.317013333,T,IBM,I,20,285.8
2025-10-22,10:01:20.317043589,T,IBM,F I,10,285.8
2025-10-22,10:01:20.317043589,T,IBM,F I,20,285.79
2025-10-22,10:01:20.317046421,T,IBM,F I,90,285.79
2025-10-22,10:01:20.317064387,T,IBM,I,1,285.79
2025-10-22,10:01:20.317064387,T,IBM,I,1,285.79
2025-10-22,10:01:20.317076426,T,IBM,I,8,285.79
2025-10-22,10:01:20.321346633,T,IBM,I,91,285.73
2025-10-22,10:01:20.321422667,T,IBM,I,9,285.73
2025-10-22,10:01:20.321422667,T,IBM,,100,285.72
2025-10-22,10:01:20.321424938,T,IBM,I,3,285.72
2025-10-22,10:01:20.321427826,T,IBM,I,14,285.72
2025-10-22,10:01:20.321451867,T,IBM,I,1,285.72
2025-10-22,10:01:20.321451867,T,IBM,I,8,285.72
2025-10-22,10:01:20.328987792,T,IBM,I,9,285.74
2025-10-22,10:01:21.424189069,T,IBM,I,8,285.77
2025-10-22,10:01:21.424189069,T,IBM,I,92,285.77
2025-10-22,10:01:21.654486373,T,IBM,I,4,285.765
2025-10-22,10:01:24.541647702,T,IBM,F,100,285.85
2025-10-22,10:01:29.474195016,T,IBM,F I,23,285.92
