DATE,TIME_M,EX,SYM_ROOT,TR_SCOND,SIZE,PRICE
2025-11-13,9:30:00.754919663,T,IBM,FT,100,313.275
2025-11-13,9:30:02.097871799,T,IBM,F I,15,312.465
2025-11-13,9:30:02.097877774,T,IBM,Q,15,312.465
2025-11-13,9:30:02.684270742,T,IBM,I,29,312.465
2025-11-13,9:30:02.812447856,T,IBM,F I,1,312.26
2025-11-13,9:30:04.107204387,T,IBM,F I,19,312.11
2025-11-13,9:30:04.107204387,T,IBM,F I,19,312.11
2025-11-13,9:30:04.107240286,T,IBM,F I,19,312.11
2025-11-13,9:30:04.107261266,T,IBM,F I,19,312.11
2025-11-13,9:30:04.322543788,T,IBM,I,1,312.1
2025-11-13,9:30:04.322568555,T,IBM,I,9,312.1
2025-11-13,9:30:04.322568555,T,IBM,I,9,312.1
2025-11-13,9:30:10.723768844,T,IBM,I,5,311.7
2025-11-13,9:30:10.727392462,T,IBM,F I,1,311.49
2025-11-13,9:30:10.727396052,T,IBM,F,40,311.48
2025-11-13,9:30:10.727398396,T,IBM,F,240,311.48
2025-11-13,9:30:10.727756345,T,IBM,F I,21,311.43
2025-11-13,9:30:10.727888648,T,IBM,I,19,311.43
2025-11-13,9:30:10.740617959,T,IBM,F,40,311.28
2025-11-13,9:30:10.740638977,T,IBM,F I,6,311.41
2025-11-13,9:30:10.740831444,T,IBM,,40,311.28
2025-11-13,9:30:11.030041935,T,IBM,,100,311.385
2025-11-13,9:30:11.113785318,T,IBM,,100,311.385
2025-11-13,9:30:11.528815362,T,IBM,F I,3,311.24
2025-11-13,9:30:12.318266710,T,IBM,F,80,311.385
2025-11-13,9:30:12.440216063,T,IBM,F,80,311.385
2025-11-13,9:30:12.557546376,T,IBM,F,80,311.385
2025-11-13,9:30:12.677096011,T,IBM,F,80,311.385
2025-11-13,9:30:12.774320492,T,IBM,F,80,311.385
2025-11-13,9:30:13.910876195,T,IBM,F,40,311.54
2025-11-13,9:30:13.910954306,T,IBM,F,40,311.385
2025-11-13,9:30:13.911041515,T,IBM,I,1,311.385
2025-11-13,9:30:13.911065694,T,IBM,F,59,311.385
2025-11-13,9:30:13.911069832,T,IBM,I,6,311.54
2025-11-13,9:30:13.911233981,T,IBM,I,20,311.38
2025-11-13,9:30:13.911258600,T,IBM,I,1,311.38
2025-11-13,9:30:13.911303147,T,IBM,F,40,311.55
2025-11-13,9:30:13.911339226,T,IBM,,40,311.55
2025-11-13,9:30:13.911363562,T,IBM,F,60,311.55
2025-11-13,9:30:13.911435556,T,IBM,F I,5,311.55
2025-11-13,9:30:21.529531310,T,IBM,F I,5,311.46
2025-11-13,9:30:21.529531310,T,IBM,F,55,311.39
2025-11-13,9:30:21.541015699,T,IBM,I,5,311.64
2025-11-13,9:30:21.541042725,T,IBM,F,95,311.67
2025-11-13,9:30:21.541099839,T,IBM,F I,25,311.66
2025-11-13,9:30:22.431285024,T,IBM,,40,311.675
2025-11-13,9:30:24.991071929,T,IBM,I,16,312.09
2025-11-13,9:30:24.991074939,T,IBM,,57,312.09
2025-11-13,9:30:24.991129187,T,IBM,I,3,312.09
2025-11-13,9:30:24.991135127,T,IBM,,40,312.1
2025-11-13,9:30:24.991135127,T,IBM,I,30,312.1
2025-11-13,9:30:24.991150100,T,IBM,F I,3,312.1
2025-11-13,9:30:24.991655324,T,IBM,,100,311.88
2025-11-13,9:30:24.991658270,T,IBM,I,12,311.85
2025-11-13,9:30:24.991745515,T,IBM,,100,311.995
2025-11-13,9:30:24.991748497,T,IBM,I,32,312.1
2025-11-13,9:30:24.991772584,T,IBM,I,1,312.1
2025-11-13,9:30:24.991778814,T,IBM,I,33,312.1
2025-11-13,9:30:24.991778814,T,IBM,,66,312.1
2025-11-13,9:30:24.991782035,T,IBM,I,23,312.1
2025-11-13,9:30:24.991784715,T,IBM,I,1,312.1
2025-11-13,9:30:24.991805730,T,IBM,F,114,312.1
2025-11-13,9:30:24.993053935,T,IBM,,195,312.1
2025-11-13,9:30:24.993056661,T,IBM,,40,312.1
2025-11-13,9:30:24.993080721,T,IBM,F,60,312.14
2025-11-13,9:30:24.993327252,T,IBM,F,90,312.15
2025-11-13,9:30:31.314645948,T,IBM,,40,311.97
2025-11-13,9:30:31.314961718,T,IBM,,40,311.97
2025-11-13,9:30:31.485536788,T,IBM,I,20,311.97
2025-11-13,9:30:31.485539719,T,IBM,I,6,311.86
2025-11-13,9:30:31.485814185,T,IBM,F,100,311.86
2025-11-13,9:30:31.485814185,T,IBM,F,102,311.85
2025-11-13,9:30:31.485816991,T,IBM,F,158,311.85
2025-11-13,9:30:31.485819450,T,IBM,F,82,311.85
2025-11-13,9:30:31.485822678,T,IBM,F I,18,311.85
2025-11-13,9:30:31.485822678,T,IBM,F,100,311.85
2025-11-13,9:30:31.485825452,T,IBM,F I,14,311.85
2025-11-13,9:30:31.486074976,T,IBM,,40,311.84
2025-11-13,9:30:31.490152703,T,IBM,,80,311.6
2025-11-13,9:30:35.897992153,T,IBM,F I,16,311.6
2025-11-13,9:30:35.897992153,T,IBM,F I,12,311.59
2025-11-13,9:30:35.898010942,T,IBM,F I,13,311.59
2025-11-13,9:30:35.898013630,T,IBM,F,120,311.59
2025-11-13,9:30:39.175551819,T,IBM,,40,311.59
2025-11-13,9:30:39.199888727,T,IBM,,61,311.26
2025-11-13,9:30:39.200586340,T,IBM,I,39,311.26
2025-11-13,9:30:39.200589355,T,IBM,I,16,311.24
2025-11-13,9:30:39.214431339,T,IBM,I,30,311.3
2025-11-13,9:30:39.214434351,T,IBM,,100,311.26
2025-11-13,9:30:39.214434351,T,IBM,I,28,311.24
2025-11-13,9:30:39.215195164,T,IBM,,72,311.24
2025-11-13,9:30:39.226330633,T,IBM,I,9,311.34
2025-11-13,9:30:39.226330633,T,IBM,,100,311.24
2025-11-13,9:30:39.236566991,T,IBM,I,16,311.24
2025-11-13,9:30:39.243528644,T,IBM,,40,311.24
2025-11-13,9:30:39.244114975,T,IBM,,60,311.24
2025-11-13,9:30:39.256874363,T,IBM,I,16,311.24
2025-11-13,9:30:39.551115794,T,IBM,F,40,311.3
2025-11-13,9:30:39.563845194,T,IBM,F,46,311.24
2025-11-13,9:30:39.969673308,T,IBM,F I,5,311.52
2025-11-13,9:30:53.619552564,T,IBM,F,40,311.61
2025-11-13,9:30:53.619555475,T,IBM,F I,1,311.52
2025-11-13,9:30:56.996526064,T,IBM,F I,1,311.44
2025-11-13,9:30:56.996528734,T,IBM,F I,25,311.29
2025-11-13,9:30:56.996531796,T,IBM,F,54,311.24
2025-11-13,9:30:56.996531796,T,IBM,F I,34,311.23
2025-11-13,9:30:56.996546872,T,IBM,I,1,311.23
2025-11-13,9:30:59.028829923,T,IBM,F I,25,311.41
2025-11-13,9:30:59.028829923,T,IBM,F I,5,311.46
2025-11-13,9:30:59.383569461,T,IBM,F,150,311.62
2025-11-13,9:31:06.952368924,T,IBM,I,5,311.425
2025-11-13,9:31:10.512610528,T,IBM,F,40,311.61
2025-11-13,9:31:10.512631700,T,IBM,F I,30,311.65
2025-11-13,9:31:10.512634640,T,IBM,F I,10,311.65
2025-11-13,9:31:10.512914219,T,IBM,F I,4,311.65
2025-11-13,9:31:10.513187939,T,IBM,I,3,311.65
2025-11-13,9:31:11.745617979,T,IBM,,40,311.79
2025-11-13,9:31:11.745620859,T,IBM,I,5,311.79
2025-11-13,9:31:12.084169848,T,IBM,F,40,311.99
2025-11-13,9:31:15.291187603,T,IBM,I,15,312.22
2025-11-13,9:31:15.545448841,T,IBM,I,15,312.22
2025-11-13,9:31:15.631676123,T,IBM,I,10,312.22
2025-11-13,9:31:15.631676123,T,IBM,I,5,312.22
2025-11-13,9:31:15.968938539,T,IBM,I,10,312.22
2025-11-13,9:31:15.968940956,T,IBM,I,5,312.22
2025-11-13,9:31:16.785844714,T,IBM,I,10,312.22
2025-11-13,9:31:16.785847737,T,IBM,I,5,312.22
2025-11-13,9:31:16.970099429,T,IBM,I,10,312.18
2025-11-13,9:31:16.970099429,T,IBM,I,5,312.18
2025-11-13,9:31:18.264741477,T,IBM,I,15,312.22
2025-11-13,9:31:21.173722756,T,IBM,,100,312.175
2025-11-13,9:31:27.455488133,T,IBM,F I,1,312.12
2025-11-13,9:31:31.257670847,T,IBM,F I,15,312.33
2025-11-13,9:31:37.106468514,T,IBM,F I,30,312.36
2025-11-13,9:31:37.816019619,T,IBM,I,38,312.465
2025-11-13,9:31:37.816028733,T,IBM,F,62,312.465
2025-11-13,9:31:38.005284290,T,IBM,I,5,312.21
2025-11-13,9:31:38.005287255,T,IBM,I,5,312.2
2025-11-13,9:31:38.005287255,T,IBM,I,30,312.18
2025-11-13,9:31:39.946257977,T,IBM,,40,312.4
2025-11-13,9:31:39.946261009,T,IBM,I,20,312.4
2025-11-13,9:31:40.651572020,T,IBM,I,10,312.13
2025-11-13,9:31:40.651602051,T,IBM,I,1,312.13
2025-11-13,9:31:40.651623133,T,IBM,F I,29,312.13
2025-11-13,9:31:40.651623133,T,IBM,F I,9,312.13
2025-11-13,9:31:40.651830609,T,IBM,F,40,312.06
2025-11-13,9:31:40.651848673,T,IBM,I,38,312.06
2025-11-13,9:31:40.651860696,T,IBM,F I,2,312.06
2025-11-13,9:31:40.651863752,T,IBM,F I,38,312.06
2025-11-13,9:31:40.651872893,T,IBM,F I,2,312.06
2025-11-13,9:31:40.651872893,T,IBM,F I,38,312.06
2025-11-13,9:31:40.651878781,T,IBM,F I,2,312.06
2025-11-13,9:31:40.651878781,T,IBM,F I,2,312.06
2025-11-13,9:31:40.651878781,T,IBM,F I,13,312.06
2025-11-13,9:31:40.651959903,T,IBM,,75,312.12
2025-11-13,9:31:40.652041356,T,IBM,F,40,312.13
2025-11-13,9:31:40.652242614,T,IBM,F,40,312.13
2025-11-13,9:31:42.562035107,T,IBM,F I,10,311.94
2025-11-13,9:31:42.562284725,T,IBM,F I,8,311.79
2025-11-13,9:31:42.562302735,T,IBM,F I,24,311.79
2025-11-13,9:31:42.562324273,T,IBM,F I,8,311.79
2025-11-13,9:31:42.562703227,T,IBM,F,64,311.79
2025-11-13,9:31:42.563042582,T,IBM,F I,1,311.7
2025-11-13,9:31:42.563054507,T,IBM,F I,1,311.7
2025-11-13,9:31:42.584167744,T,IBM,F,100,311.6
2025-11-13,9:31:51.169687642,T,IBM,F,100,311.71
2025-11-13,9:31:51.169690695,T,IBM,F I,5,311.7
2025-11-13,9:32:00.699259971,T,IBM,F I,5,311.8
2025-11-13,9:32:00.699262904,T,IBM,F,68,311.85
2025-11-13,9:32:06.917195391,T,IBM,F I,30,311.54
2025-11-13,9:32:08.258638131,T,IBM,I,25,311.38
2025-11-13,9:32:08.258638131,T,IBM,I,15,311.37
2025-11-13,9:32:13.745596235,T,IBM,F,103,311.3
2025-11-13,9:32:15.300312437,T,IBM,I,2,311.26
2025-11-13,9:32:15.327018954,T,IBM,F,40,311.19
2025-11-13,9:32:15.328179848,T,IBM,I,15,311.01
2025-11-13,9:32:15.328240174,T,IBM,I,21,310.92
2025-11-13,9:32:15.330050254,T,IBM,,51,310.71
2025-11-13,9:32:15.330660727,T,IBM,I,20,310.84
2025-11-13,9:32:15.330682352,T,IBM,F I,25,310.84
2025-11-13,9:32:15.330685103,T,IBM,F I,10,310.84
2025-11-13,9:32:15.340361795,T,IBM,F I,30,310.88
2025-11-13,9:32:15.340662435,T,IBM,F I,25,310.91
2025-11-13,9:32:15.343366031,T,IBM,F,44,310.98
2025-11-13,9:32:17.023309244,T,IBM,F I,5,311.01
2025-11-13,9:32:17.046395515,T,IBM,F I,10,311.15
2025-11-13,9:32:17.046398137,T,IBM,F I,5,311.15
2025-11-13,9:32:17.073345633,T,IBM,F I,5,311.3
2025-11-13,9:32:17.073348347,T,IBM,F I,20,311.33
2025-11-13,9:32:17.073360338,T,IBM,F I,4,311.31
2025-11-13,9:32:17.073363409,T,IBM,F I,5,311.33
2025-11-13,9:32:17.073396448,T,IBM,F I,3,311.37
2025-11-13,9:32:18.714625646,T,IBM,,100,311.51
2025-11-13,9:32:18.714833034,T,IBM,F I,6,311.67
2025-11-13,9:32:19.321816072,T,IBM,F I,10,311.9
2025-11-13,9:32:19.739775054,T,IBM,F I,5,311.8
2025-11-13,9:32:19.739865302,T,IBM,F I,10,311.91
2025-11-13,9:32:19.740397522,T,IBM,F I,5,311.91
2025-11-13,9:32:19.740397522,T,IBM,F I,3,311.89
2025-11-13,9:32:19.740695245,T,IBM,F,100,311.9
2025-11-13,9:32:20.548695499,T,IBM,I,5,311.95
2025-11-13,9:32:20.548695499,T,IBM,I,5,311.95
2025-11-13,9:32:20.548695499,T,IBM,I,5,311.91
2025-11-13,9:32:20.549317218,T,IBM,F,120,311.89
2025-11-13,9:32:20.549317218,T,IBM,F,83,311.89
2025-11-13,9:32:23.760990081,T,IBM,I,30,311.79
2025-11-13,9:32:23.760993032,T,IBM,,50,311.74
2025-11-13,9:32:23.761005009,T,IBM,I,1,311.74
2025-11-13,9:32:23.761032278,T,IBM,F I,29,311.74
2025-11-13,9:32:23.761032278,T,IBM,F I,1,311.74
2025-11-13,9:32:23.761038229,T,IBM,F,79,311.74
2025-11-13,9:32:23.761041106,T,IBM,F I,30,311.74
2025-11-13,9:32:23.761044188,T,IBM,F I,9,311.74
2025-11-13,9:32:23.761092308,T,IBM,I,19,311.74
2025-11-13,9:32:23.761113359,T,IBM,I,1,311.74
2025-11-13,9:32:23.813507106,T,IBM,I,6,311.71
2025-11-13,9:32:23.813552163,T,IBM,I,6,311.74
2025-11-13,9:32:24.086111984,T,IBM,F I,25,311.84
2025-11-13,9:32:24.191197476,T,IBM,F I,37,311.68
2025-11-13,9:32:24.191200206,T,IBM,F I,32,311.68
2025-11-13,9:32:24.191416741,T,IBM,F,40,311.68
2025-11-13,9:32:24.191419755,T,IBM,F I,10,311.68
2025-11-13,9:32:24.199078956,T,IBM,,100,311.5
2025-11-13,9:32:24.199112026,T,IBM,F,150,311.495
2025-11-13,9:32:24.199151126,T,IBM,I,30,311.495
2025-11-13,9:32:24.200952441,T,IBM,,40,311.495
2025-11-13,9:32:24.202579304,T,IBM,F,80,311.35
2025-11-13,9:32:24.202648464,T,IBM,,79,311.495
2025-11-13,9:32:24.206226959,T,IBM,F,80,311.25
2025-11-13,9:32:24.209829571,T,IBM,F,40,311.24
2025-11-13,9:32:24.211191792,T,IBM,,40,311.495
2025-11-13,9:32:24.213429266,T,IBM,F,40,311.19
2025-11-13,9:32:24.217121862,T,IBM,F,40,311.26
2025-11-13,9:32:24.221289836,T,IBM,F,40,311.19
2025-11-13,9:32:24.225496899,T,IBM,F I,20,311.19
2025-11-13,9:32:24.225496899,T,IBM,F I,20,311.15
2025-11-13,9:32:24.229409133,T,IBM,F,40,311.19
2025-11-13,9:32:24.233234300,T,IBM,F I,9,311.51
2025-11-13,9:32:24.233237281,T,IBM,F,100,311.23
2025-11-13,9:32:24.233237281,T,IBM,F I,11,311.2
2025-11-13,9:32:24.238301334,T,IBM,F I,7,311.52
2025-11-13,9:32:24.238304535,T,IBM,F,60,311.19
2025-11-13,9:32:24.238307337,T,IBM,F,53,311.18
2025-11-13,9:32:24.238313333,T,IBM,F,40,311.16
2025-11-13,9:32:24.243440612,T,IBM,F I,25,311.45
2025-11-13,9:32:24.243440612,T,IBM,F,95,311.22
2025-11-13,9:32:24.243455586,T,IBM,F I,5,311.22
2025-11-13,9:32:24.243455586,T,IBM,F I,35,311.22
2025-11-13,9:32:24.248448171,T,IBM,F,100,311.19
2025-11-13,9:32:24.248448171,T,IBM,F I,7,311.15
2025-11-13,9:32:24.248448171,T,IBM,F I,13,311.15
2025-11-13,9:32:24.248459493,T,IBM,F,40,311.15
2025-11-13,9:32:24.248489555,T,IBM,F,78,311.5
2025-11-13,9:32:24.248778276,T,IBM,F,78,311.46
2025-11-13,9:32:24.248874482,T,IBM,F,78,311.46
2025-11-13,9:32:24.253463440,T,IBM,F I,11,311.27
2025-11-13,9:32:24.253469387,T,IBM,F,100,311.24
2025-11-13,9:32:24.253469387,T,IBM,F,60,311.24
2025-11-13,9:32:24.253472932,T,IBM,F,40,311.23
2025-11-13,9:32:24.253472932,T,IBM,F,100,311.23
2025-11-13,9:32:24.253475460,T,IBM,F I,9,311.23
2025-11-13,9:32:24.260722734,T,IBM,F,150,311.47
2025-11-13,9:32:24.260758772,T,IBM,F,150,311.47
2025-11-13,9:32:24.360635539,T,IBM,,40,311.53
2025-11-13,9:32:24.360635539,T,IBM,,60,311.53
2025-11-13,9:32:27.314844491,T,IBM,I,7,311.25
2025-11-13,9:32:27.317752414,T,IBM,F I,12,311.25
2025-11-13,9:32:37.564959066,T,IBM,F I,10,311.5
2025-11-13,9:32:37.564959066,T,IBM,F I,25,311.45
2025-11-13,9:32:42.670288263,T,IBM,F,120,311.31
2025-11-13,9:32:42.670290945,T,IBM,F I,20,311.31
2025-11-13,9:32:42.670294013,T,IBM,F I,20,311.31
2025-11-13,9:32:42.670297127,T,IBM,F I,20,311.31
2025-11-13,9:32:42.670297127,T,IBM,F,100,311.31
2025-11-13,9:32:42.670299902,T,IBM,F I,20,311.31
2025-11-13,9:32:42.670302989,T,IBM,F,40,311.31
2025-11-13,9:32:42.670302989,T,IBM,F,440,311.31
2025-11-13,9:32:42.670305934,T,IBM,F,52,311.31
2025-11-13,9:32:42.670345138,T,IBM,,100,311.31
2025-11-13,9:32:42.670348425,T,IBM,F,101,311.25
2025-11-13,9:32:42.670363270,T,IBM,F,82,311.25
2025-11-13,9:32:42.670732965,T,IBM,I,2,311.35
2025-11-13,9:32:42.670799130,T,IBM,I,2,311.41
2025-11-13,9:32:42.671314013,T,IBM,,80,311.31
2025-11-13,9:32:42.671316390,T,IBM,,145,311.31
2025-11-13,9:32:42.671370562,T,IBM,I,25,311.44
2025-11-13,9:32:42.671373504,T,IBM,I,27,311.44
2025-11-13,9:32:50.345116698,T,IBM,I,10,311.12
2025-11-13,9:32:51.063830945,T,IBM,F,150,311.335
2025-11-13,9:32:51.063875753,T,IBM,F,150,311.335
2025-11-13,9:32:51.063932887,T,IBM,,150,311.335
2025-11-13,9:32:53.773746981,T,IBM,,40,311.275
2025-11-13,9:32:54.791471731,T,IBM,,150,311.275
2025-11-13,9:33:00.253828560,T,IBM,,48,311.15
2025-11-13,9:33:00.253840529,T,IBM,F I,7,311.18
2025-11-13,9:33:00.254195415,T,IBM,,200,311.15
2025-11-13,9:33:00.508979888,T,IBM,F,40,311.11
2025-11-13,9:33:16.097126821,T,IBM,F I,25,310.93
2025-11-13,9:33:16.097129576,T,IBM,F I,5,310.95
2025-11-13,9:33:16.097129576,T,IBM,F I,10,310.95
2025-11-13,9:33:16.097132293,T,IBM,F I,4,311.0
2025-11-13,9:33:16.097165364,T,IBM,F,44,311.02
2025-11-13,9:33:16.097258659,T,IBM,F I,16,311.03
2025-11-13,9:33:16.097258659,T,IBM,F I,4,311.04
2025-11-13,9:33:16.097261596,T,IBM,F I,24,311.04
2025-11-13,9:33:16.097276817,T,IBM,F I,16,311.04
2025-11-13,9:33:16.097282623,T,IBM,F I,12,311.04
2025-11-13,9:33:16.097282623,T,IBM,F I,1,311.04
2025-11-13,9:33:16.097285842,T,IBM,F I,3,311.04
2025-11-13,9:33:16.097288708,T,IBM,I,1,311.04
2025-11-13,9:33:16.097300735,T,IBM,I,37,311.04
2025-11-13,9:33:16.097303701,T,IBM,I,1,311.04
2025-11-13,9:33:16.097793940,T,IBM,F I,6,311.04
2025-11-13,9:33:16.097793940,T,IBM,F I,4,311.04
2025-11-13,9:33:18.226249310,T,IBM,F I,10,311.09
2025-11-13,9:33:18.226249310,T,IBM,I,1,311.09
2025-11-13,9:33:18.226254960,T,IBM,F I,25,311.09
2025-11-13,9:33:18.226369249,T,IBM,F I,4,311.09
2025-11-13,9:33:18.948181330,T,IBM,F I,5,311.2
2025-11-13,9:33:18.948183522,T,IBM,F I,25,311.18
2025-11-13,9:33:25.887927480,T,IBM,F,40,311.14
2025-11-13,9:33:25.887933442,T,IBM,F,40,311.14
2025-11-13,9:33:25.887936437,T,IBM,F,91,311.14
2025-11-13,9:33:25.887972748,T,IBM,I,15,311.14
2025-11-13,9:33:25.887972748,T,IBM,I,15,311.14
2025-11-13,9:33:25.896738446,T,IBM,,53,311.045
2025-11-13,9:33:25.958649831,T,IBM,,80,310.95
2025-11-13,9:33:25.958668495,T,IBM,I,16,310.95
2025-11-13,9:33:25.958670856,T,IBM,I,1,310.95
2025-11-13,9:33:25.958677188,T,IBM,F,63,310.95
2025-11-13,9:33:25.958680146,T,IBM,F I,17,310.95
2025-11-13,9:33:25.958682916,T,IBM,F,80,310.95
2025-11-13,9:33:25.958685935,T,IBM,F I,3,310.95
2025-11-13,9:33:25.958685935,T,IBM,F I,11,310.95
2025-11-13,9:33:25.958944718,T,IBM,,135,310.95
2025-11-13,9:33:25.969505680,T,IBM,,40,310.845
2025-11-13,9:33:28.186861293,T,IBM,,100,310.84
2025-11-13,9:33:33.846075736,T,IBM,I,19,310.62
2025-11-13,9:33:34.511623061,T,IBM,F I,25,310.62
2025-11-13,9:33:40.514068538,T,IBM,F I,5,310.6
2025-11-13,9:33:40.514071669,T,IBM,F I,5,310.55
2025-11-13,9:33:40.514071669,T,IBM,F I,18,310.55
2025-11-13,9:33:40.515496940,T,IBM,F I,10,310.5
2025-11-13,9:33:40.515500026,T,IBM,F I,11,310.5
2025-11-13,9:33:40.515551179,T,IBM,I,32,310.5
2025-11-13,9:33:40.515830803,T,IBM,F I,23,310.5
2025-11-13,9:33:40.515836823,T,IBM,F I,23,310.47
2025-11-13,9:33:40.516011150,T,IBM,F,54,310.47
2025-11-13,9:33:40.516041224,T,IBM,I,23,310.46
2025-11-13,9:33:40.516263760,T,IBM,,40,310.46
2025-11-13,9:33:46.757700482,T,IBM,I,29,310.505
2025-11-13,9:33:46.757706181,T,IBM,F I,29,310.56
2025-11-13,9:33:46.757733318,T,IBM,I,1,310.505
2025-11-13,9:33:46.757757318,T,IBM,,99,310.505
2025-11-13,9:33:46.757760391,T,IBM,I,1,310.49
2025-11-13,9:33:46.757769371,T,IBM,F I,29,310.66
2025-11-13,9:33:46.757785164,T,IBM,F I,23,310.58
2025-11-13,9:33:46.757785164,T,IBM,F I,6,310.66
2025-11-13,9:33:46.757793441,T,IBM,I,1,310.66
2025-11-13,9:33:46.758039966,T,IBM,I,10,310.53
2025-11-13,9:33:46.758039966,T,IBM,I,7,310.49
2025-11-13,9:33:46.760241263,T,IBM,,40,310.59
2025-11-13,9:33:46.922304183,T,IBM,F I,10,310.49
2025-11-13,9:33:46.922306261,T,IBM,F,100,310.49
2025-11-13,9:33:49.711184267,T,IBM,I,12,310.36
2025-11-13,9:33:49.711208777,T,IBM,F,108,310.36
2025-11-13,9:33:49.711215060,T,IBM,I,21,310.36
2025-11-13,9:33:49.711220384,T,IBM,F,64,310.36
2025-11-13,9:33:49.711256533,T,IBM,F,40,310.35
2025-11-13,9:33:49.711269410,T,IBM,,100,310.36
2025-11-13,9:33:49.711269410,T,IBM,,100,310.36
2025-11-13,9:33:49.712717923,T,IBM,F I,18,310.31
2025-11-13,9:34:00.443289295,T,IBM,F,100,310.2
2025-11-13,9:34:00.444158415,T,IBM,F,80,310.315
2025-11-13,9:34:02.206350527,T,IBM,F I,9,310.14
2025-11-13,9:34:03.716275077,T,IBM,F,59,310.38
2025-11-13,9:34:03.716335232,T,IBM,F I,16,310.47
2025-11-13,9:34:03.716338202,T,IBM,F,43,310.47
2025-11-13,9:34:03.716365566,T,IBM,F I,32,310.47
2025-11-13,9:34:03.716368671,T,IBM,F I,27,310.48
2025-11-13,9:34:03.716389363,T,IBM,F I,30,310.48
2025-11-13,9:34:03.716389363,T,IBM,F I,2,310.48
2025-11-13,9:34:03.716536965,T,IBM,I,10,310.41
2025-11-13,9:34:03.716536965,T,IBM,I,25,310.4
2025-11-13,9:34:03.716539754,T,IBM,I,25,310.34
2025-11-13,9:34:03.716539754,T,IBM,I,14,310.32
2025-11-13,9:34:03.717150161,T,IBM,F,80,310.49
2025-11-13,9:34:03.717157112,T,IBM,I,20,310.5
2025-11-13,9:34:03.717159621,T,IBM,I,29,310.32
2025-11-13,9:34:03.723664013,T,IBM,F,40,310.49
2025-11-13,9:34:03.723664013,T,IBM,F I,25,310.52
2025-11-13,9:34:03.723666673,T,IBM,F,65,310.55
2025-11-13,9:34:03.727206126,T,IBM,F,40,310.49
2025-11-13,9:34:03.727206126,T,IBM,F I,35,310.55
2025-11-13,9:34:03.727212261,T,IBM,F I,16,310.55
2025-11-13,9:34:03.727212261,T,IBM,F I,5,310.55
2025-11-13,9:34:03.727212261,T,IBM,F,100,310.56
2025-11-13,9:34:03.727215140,T,IBM,F I,18,310.56
2025-11-13,9:34:03.727227121,T,IBM,I,1,310.56
2025-11-13,9:34:03.727239238,T,IBM,I,1,310.56
2025-11-13,9:34:03.728508165,T,IBM,F,40,310.49
2025-11-13,9:34:03.728511217,T,IBM,F,80,310.56
2025-11-13,9:34:03.728532327,T,IBM,,40,310.56
2025-11-13,9:34:03.728535227,T,IBM,I,8,310.56
2025-11-13,9:34:03.733821812,T,IBM,,40,310.555
2025-11-13,9:34:08.062257321,T,IBM,F,100,310.56
2025-11-13,9:34:08.883704758,T,IBM,F I,10,310.47
2025-11-13,9:34:11.616282976,T,IBM,I,20,310.46
2025-11-13,9:34:11.616282976,T,IBM,I,20,310.46
2025-11-13,9:34:11.626958478,T,IBM,I,10,310.29
2025-11-13,9:34:11.626958478,T,IBM,I,25,310.21
2025-11-13,9:34:11.626961458,T,IBM,I,2,310.2
2025-11-13,9:34:11.626964700,T,IBM,I,4,310.2
2025-11-13,9:34:11.626967471,T,IBM,,100,310.18
2025-11-13,9:34:11.626967471,T,IBM,,60,310.18
2025-11-13,9:34:11.626970368,T,IBM,,100,310.18
2025-11-13,9:34:11.626973426,T,IBM,,100,310.17
2025-11-13,9:34:11.626973426,T,IBM,,40,310.16
2025-11-13,9:34:11.626976366,T,IBM,I,25,310.16
2025-11-13,9:34:19.290023096,T,IBM,F I,10,310.42
2025-11-13,9:34:19.290023096,T,IBM,F,50,310.45
2025-11-13,9:34:19.290047409,T,IBM,I,10,310.45
2025-11-13,9:34:19.290047409,T,IBM,,40,310.45
2025-11-13,9:34:19.309443392,T,IBM,,100,310.49
2025-11-13,9:34:31.816223231,T,IBM,I,5,310.46
2025-11-13,9:34:31.820397227,T,IBM,F I,10,310.41
2025-11-13,9:34:41.866626359,T,IBM,,45,310.46
2025-11-13,9:34:47.376622568,T,IBM,,40,310.37
2025-11-13,9:34:47.376643684,T,IBM,F,60,310.37
2025-11-13,9:34:47.376647394,T,IBM,F I,20,310.36
2025-11-13,9:34:47.376647394,T,IBM,F,60,310.36
2025-11-13,9:34:47.376668025,T,IBM,F,80,310.36
2025-11-13,9:34:47.376668025,T,IBM,I,1,310.36
2025-11-13,9:34:47.376668025,T,IBM,I,6,310.36
2025-11-13,9:34:47.377052648,T,IBM,I,3,310.38
2025-11-13,9:34:47.407665450,T,IBM,I,26,310.425
2025-11-13,9:34:47.586083303,T,IBM,I,4,310.425
2025-11-13,9:34:52.273356957,T,IBM,F I,1,310.3
2025-11-13,9:34:52.273395975,T,IBM,F,100,310.3
2025-11-13,9:34:52.273570426,T,IBM,I,12,310.35
2025-11-13,9:34:52.273759834,T,IBM,I,12,310.36
2025-11-13,9:34:52.273814054,T,IBM,I,12,310.3
2025-11-13,9:34:52.273850088,T,IBM,I,12,310.3
2025-11-13,9:34:52.273853065,T,IBM,I,1,310.3
2025-11-13,9:34:52.274171835,T,IBM,I,1,310.3
2025-11-13,9:34:59.596817960,T,IBM,F I,6,310.31
2025-11-13,9:34:59.596820333,T,IBM,F I,20,310.41
2025-11-13,9:34:59.596841320,T,IBM,I,1,310.41
2025-11-13,9:34:59.596889471,T,IBM,F I,5,310.41
2025-11-13,9:34:59.596934548,T,IBM,F I,2,310.46
2025-11-13,9:34:59.596964661,T,IBM,F I,28,310.48
2025-11-13,9:34:59.596982639,T,IBM,F I,16,310.48
2025-11-13,9:34:59.596982639,T,IBM,F I,12,310.49
2025-11-13,9:34:59.597190154,T,IBM,F I,14,310.46
2025-11-13,9:34:59.599436480,T,IBM,F I,1,310.44
2025-11-13,9:35:00.170483953,T,IBM,I,12,310.49
2025-11-13,9:35:00.170483953,T,IBM,I,39,310.49
2025-11-13,9:35:00.170947072,T,IBM,F I,25,310.5
2025-11-13,9:35:00.171307909,T,IBM,F I,14,310.54
2025-11-13,9:35:00.171356013,T,IBM,F I,3,310.54
2025-11-13,9:35:00.175421696,T,IBM,I,24,310.59
2025-11-13,9:35:02.322891116,T,IBM,I,2,310.74
2025-11-13,9:35:02.322918194,T,IBM,I,2,310.75
2025-11-13,9:35:02.323002315,T,IBM,I,29,310.79
2025-11-13,9:35:02.993737064,T,IBM,F I,16,311.08
2025-11-13,9:35:02.993740065,T,IBM,F I,2,311.09
2025-11-13,9:35:02.993743079,T,IBM,F I,34,311.09
2025-11-13,9:35:02.993746121,T,IBM,F I,6,311.09
2025-11-13,9:35:02.993746121,T,IBM,F I,10,311.09
2025-11-13,9:35:02.994564053,T,IBM,I,10,311.13
2025-11-13,9:35:03.276395023,T,IBM,F I,1,311.09
2025-11-13,9:35:03.431480186,T,IBM,I,10,311.1
2025-11-13,9:35:03.431543289,T,IBM,I,10,311.17
2025-11-13,9:35:03.431603582,T,IBM,I,13,311.09
2025-11-13,9:35:03.431708760,T,IBM,,40,311.17
2025-11-13,9:35:03.431789895,T,IBM,F,304,311.17
2025-11-13,9:35:03.431813926,T,IBM,I,1,311.17
2025-11-13,9:35:03.432139081,T,IBM,I,10,311.31
2025-11-13,9:35:03.432156726,T,IBM,F,55,311.17
2025-11-13,9:35:03.682256110,T,IBM,,40,311.18
2025-11-13,9:35:05.507782014,T,IBM,F I,5,311.21
2025-11-13,9:35:05.507831113,T,IBM,I,13,311.19
2025-11-13,9:35:05.507836139,T,IBM,I,13,311.19
2025-11-13,9:35:05.507854194,T,IBM,I,1,311.19
2025-11-13,9:35:05.507863271,T,IBM,I,30,311.27
2025-11-13,9:35:05.507863271,T,IBM,I,25,311.3
2025-11-13,9:35:05.507878214,T,IBM,F I,39,311.305
2025-11-13,9:35:05.514809845,T,IBM,F,100,311.25
2025-11-13,9:35:10.113666903,T,IBM,,40,310.98
2025-11-13,9:35:19.939631707,T,IBM,F I,10,311.28
2025-11-13,9:35:19.939631707,T,IBM,F I,10,311.28
2025-11-13,9:35:19.939636892,T,IBM,F I,10,311.28
2025-11-13,9:35:19.939636892,T,IBM,F I,10,311.28
2025-11-13,9:35:19.940328540,T,IBM,,80,311.31
2025-11-13,9:35:19.940352573,T,IBM,I,38,311.31
2025-11-13,9:35:19.940352573,T,IBM,I,1,311.31
2025-11-13,9:35:19.940358518,T,IBM,F I,3,311.31
2025-11-13,9:35:19.943404759,T,IBM,I,10,311.42
2025-11-13,9:35:19.943407836,T,IBM,I,1,311.42
2025-11-13,9:35:19.943792796,T,IBM,I,7,311.36
2025-11-13,9:35:19.944093411,T,IBM,,40,311.43
2025-11-13,9:35:19.950201157,T,IBM,I,6,311.36
2025-11-13,9:35:19.950201157,T,IBM,,94,311.32
2025-11-13,9:35:19.968923524,T,IBM,,100,311.205
2025-11-13,9:35:22.075603826,T,IBM,F,60,311.03
2025-11-13,9:35:22.075603826,T,IBM,F,153,311.0
2025-11-13,9:35:22.075624860,T,IBM,F,60,311.0
2025-11-13,9:35:22.075958662,T,IBM,F,40,310.95
2025-11-13,9:35:22.076001493,T,IBM,I,15,311.07
2025-11-13,9:35:22.076042867,T,IBM,I,3,311.01
2025-11-13,9:35:22.076124012,T,IBM,I,3,310.95
2025-11-13,9:35:22.076163153,T,IBM,,97,310.95
2025-11-13,9:35:22.076178154,T,IBM,F I,3,310.96
2025-11-13,9:35:27.724557814,T,IBM,F I,5,310.62
2025-11-13,9:35:27.724560935,T,IBM,F I,4,310.62
2025-11-13,9:35:27.724563845,T,IBM,F I,4,310.6
2025-11-13,9:35:27.724651071,T,IBM,I,10,310.65
2025-11-13,9:35:27.724651071,T,IBM,I,26,310.66
2025-11-13,9:35:27.731783999,T,IBM,F,100,310.4
2025-11-13,9:35:27.731787069,T,IBM,F,40,310.4
2025-11-13,9:35:27.731832148,T,IBM,,100,310.49
2025-11-13,9:35:27.731868300,T,IBM,,71,310.49
2025-11-13,9:35:27.782632050,T,IBM,F I,9,310.27
2025-11-13,9:35:28.552404654,T,IBM,I,38,310.14
2025-11-13,9:35:29.020474883,T,IBM,,42,310.14
2025-11-13,9:35:29.026724225,T,IBM,F I,12,310.27
2025-11-13,9:35:29.026726829,T,IBM,F,80,310.27
2025-11-13,9:35:29.026729834,T,IBM,,92,310.27
2025-11-13,9:35:29.027604868,T,IBM,F,40,310.42
2025-11-13,9:35:31.464579497,T,IBM,,100,310.405
2025-11-13,9:35:36.379083034,T,IBM,F I,1,310.36
2025-11-13,9:35:36.379107119,T,IBM,F I,25,310.41
2025-11-13,9:35:36.379146940,T,IBM,I,1,310.34
2025-11-13,9:35:36.379176187,T,IBM,I,15,310.45
2025-11-13,9:35:36.379200301,T,IBM,I,14,310.4
2025-11-13,9:35:36.379212474,T,IBM,I,14,310.4
2025-11-13,9:35:36.379230482,T,IBM,F,60,310.43
2025-11-13,9:35:36.379308512,T,IBM,F I,15,310.34
2025-11-13,9:35:36.379311588,T,IBM,F I,17,310.34
2025-11-13,9:35:36.379486119,T,IBM,F I,16,310.34
2025-11-13,9:35:37.176972455,T,IBM,F I,2,310.48
2025-11-13,9:35:39.275446201,T,IBM,F I,10,310.55
2025-11-13,9:35:39.275461188,T,IBM,F I,10,310.57
2025-11-13,9:35:39.488967113,T,IBM,F I,25,310.68
2025-11-13,9:35:39.488967113,T,IBM,F I,16,310.74
2025-11-13,9:35:39.488987496,T,IBM,F,40,310.75
2025-11-13,9:35:47.077471920,T,IBM,I,35,310.65
2025-11-13,9:35:47.087819429,T,IBM,I,5,310.65
2025-11-13,9:35:47.152314039,T,IBM,I,30,310.67
2025-11-13,9:35:47.152314039,T,IBM,I,10,310.66
2025-11-13,9:35:47.265864272,T,IBM,F I,25,310.82
2025-11-13,9:35:52.266868858,T,IBM,F I,4,310.92
2025-11-13,9:35:52.266901916,T,IBM,F I,16,310.92
2025-11-13,9:35:52.266944056,T,IBM,F I,16,310.98
2025-11-13,9:35:52.266944056,T,IBM,F I,34,310.99
2025-11-13,9:35:52.266965091,T,IBM,I,1,310.99
2025-11-13,9:35:52.266974194,T,IBM,I,5,310.99
2025-11-13,9:35:52.266974194,T,IBM,I,10,310.99
2025-11-13,9:35:52.268044616,T,IBM,F I,12,310.93
2025-11-13,9:35:52.268044616,T,IBM,F I,2,310.93
2025-11-13,9:35:52.268231091,T,IBM,F I,6,310.92
2025-11-13,9:35:52.268237465,T,IBM,F I,2,310.92
2025-11-13,9:35:52.268249130,T,IBM,F,52,310.92
2025-11-13,9:35:52.268249130,T,IBM,F I,2,310.91
2025-11-13,9:35:59.321284861,T,IBM,I,20,310.76
2025-11-13,9:35:59.321594550,T,IBM,I,28,310.74
2025-11-13,9:35:59.321693789,T,IBM,I,28,310.83
2025-11-13,9:35:59.321739044,T,IBM,I,10,310.83
2025-11-13,9:35:59.321739044,T,IBM,I,18,310.86
2025-11-13,9:35:59.321814517,T,IBM,I,27,310.86
2025-11-13,9:35:59.321817110,T,IBM,I,5,310.86
2025-11-13,9:35:59.331094179,T,IBM,I,10,310.69
2025-11-13,9:35:59.332492596,T,IBM,F,40,310.64
2025-11-13,9:35:59.332754132,T,IBM,I,16,310.71
2025-11-13,9:35:59.332796221,T,IBM,F I,16,310.64
2025-11-13,9:35:59.341423932,T,IBM,I,10,310.53
2025-11-13,9:35:59.341423932,T,IBM,I,26,310.55
2025-11-13,9:35:59.341709933,T,IBM,I,10,310.65
2025-11-13,9:35:59.341922941,T,IBM,,60,310.51
2025-11-13,9:35:59.342025268,T,IBM,I,20,310.58
2025-11-13,9:35:59.366419276,T,IBM,,100,310.38
2025-11-13,9:36:00.885990802,T,IBM,I,2,310.12
2025-11-13,9:36:00.887013208,T,IBM,F I,3,310.0
2025-11-13,9:36:00.887037279,T,IBM,F I,6,310.0
2025-11-13,9:36:00.887067342,T,IBM,F I,1,310.0
2025-11-13,9:36:00.887371070,T,IBM,I,13,310.05
2025-11-13,9:36:00.887681621,T,IBM,F,40,310.11
2025-11-13,9:36:01.041966095,T,IBM,F I,10,310.17
2025-11-13,9:36:01.119247545,T,IBM,F I,16,310.21
2025-11-13,9:36:01.119247545,T,IBM,F I,1,310.22
2025-11-13,9:36:01.119250765,T,IBM,F I,19,310.22
2025-11-13,9:36:01.119250765,T,IBM,F I,24,310.22
2025-11-13,9:36:01.119268195,T,IBM,I,1,310.22
2025-11-13,9:36:01.119268195,T,IBM,F I,15,310.22
2025-11-13,9:36:01.522705527,T,IBM,F,100,310.225
2025-11-13,9:36:06.323072466,T,IBM,F I,22,310.47
2025-11-13,9:36:06.323081475,T,IBM,F I,24,310.48
2025-11-13,9:36:06.323914482,T,IBM,I,13,310.54
2025-11-13,9:36:07.977388759,T,IBM,I,30,310.44
2025-11-13,9:36:07.978281949,T,IBM,,40,310.4
2025-11-13,9:36:07.978339063,T,IBM,,40,310.4
2025-11-13,9:36:19.602644135,T,IBM,F I,5,310.53
2025-11-13,9:36:19.629991261,T,IBM,F I,2,310.72
2025-11-13,9:36:19.629994211,T,IBM,F I,16,310.75
2025-11-13,9:36:19.629997261,T,IBM,F,43,310.75
2025-11-13,9:36:19.630000563,T,IBM,F,57,310.75
2025-11-13,9:36:19.630000563,T,IBM,F I,4,310.76
2025-11-13,9:36:19.630003955,T,IBM,F I,15,310.76
2025-11-13,9:36:19.630003955,T,IBM,F I,2,310.76
2025-11-13,9:36:19.630009290,T,IBM,F,40,310.76
2025-11-13,9:36:19.630821180,T,IBM,I,19,310.81
2025-11-13,9:36:19.633942680,T,IBM,I,20,310.99
2025-11-13,9:36:20.751526162,T,IBM,F I,25,311.08
2025-11-13,9:36:20.751529161,T,IBM,F I,5,311.08
2025-11-13,9:36:20.752122100,T,IBM,F I,33,311.14
2025-11-13,9:36:21.071217234,T,IBM,I,34,311.175
2025-11-13,9:36:21.257026601,T,IBM,I,17,311.175
2025-11-13,9:36:21.676997365,T,IBM,,45,311.175
2025-11-13,9:36:21.731153278,T,IBM,I,24,311.175
2025-11-13,9:36:24.592907064,T,IBM,I,1,311.32
2025-11-13,9:36:24.626464314,T,IBM,F I,3,311.54
2025-11-13,9:36:24.626466990,T,IBM,F I,8,311.54
2025-11-13,9:36:24.626470640,T,IBM,F,40,311.54
2025-11-13,9:36:35.832160479,T,IBM,F I,1,311.79
2025-11-13,9:36:35.832437198,T,IBM,I,10,311.8
2025-11-13,9:36:35.832437198,T,IBM,,40,311.8
2025-11-13,9:36:35.832440201,T,IBM,I,1,311.8
2025-11-13,9:36:35.833041581,T,IBM,I,16,311.8
2025-11-13,9:36:36.116809305,T,IBM,F,40,311.75
2025-11-13,9:36:36.116812114,T,IBM,F,100,311.75
2025-11-13,9:36:36.117500866,T,IBM,I,5,311.765
2025-11-13,9:36:36.117945886,T,IBM,,40,311.765
2025-11-13,9:36:36.195509490,T,IBM,I,10,311.59
2025-11-13,9:36:36.195557668,T,IBM,I,10,311.58
2025-11-13,9:36:36.195584701,T,IBM,F,100,311.58
2025-11-13,9:36:36.195792195,T,IBM,I,1,311.69
2025-11-13,9:36:36.223800846,T,IBM,I,1,311.8
2025-11-13,9:36:36.223882014,T,IBM,F,204,311.8
2025-11-13,9:36:36.223885066,T,IBM,F,196,311.8
2025-11-13,9:36:36.223897068,T,IBM,F,92,311.8
2025-11-13,9:36:38.726220303,T,IBM,,40,311.7
2025-11-13,9:36:38.726412722,T,IBM,,40,311.7
2025-11-13,9:36:38.726698369,T,IBM,F I,20,311.7
2025-11-13,9:36:41.708482979,T,IBM,I,1,311.72
2025-11-13,9:36:43.714345207,T,IBM,F,100,311.5
2025-11-13,9:36:43.714345207,T,IBM,F,50,311.5
2025-11-13,9:36:43.714372737,T,IBM,F I,10,311.5
2025-11-13,9:36:43.714372737,T,IBM,F I,23,311.49
2025-11-13,9:36:43.714375279,T,IBM,F I,17,311.49
2025-11-13,9:36:43.714390372,T,IBM,F I,10,311.49
2025-11-13,9:36:43.714390372,T,IBM,F,40,311.49
2025-11-13,9:36:43.714393576,T,IBM,F I,35,311.49
2025-11-13,9:36:43.714396577,T,IBM,I,1,311.49
2025-11-13,9:36:43.714399600,T,IBM,I,8,311.49
2025-11-13,9:36:43.714399600,T,IBM,I,38,311.49
2025-11-13,9:36:43.714411575,T,IBM,F I,27,311.49
2025-11-13,9:36:43.714411575,T,IBM,I,13,311.49
2025-11-13,9:36:43.714414266,T,IBM,I,3,311.49
2025-11-13,9:36:43.716549452,T,IBM,,40,311.46
2025-11-13,9:36:43.716708827,T,IBM,I,5,311.46
2025-11-13,9:36:43.716784242,T,IBM,,40,311.46
2025-11-13,9:36:44.842153082,T,IBM,I,25,311.46
2025-11-13,9:36:44.842156086,T,IBM,I,2,311.48
2025-11-13,9:36:44.893593826,T,IBM,I,10,311.41
2025-11-13,9:36:44.893593826,T,IBM,I,2,311.4
2025-11-13,9:36:44.893596660,T,IBM,I,10,311.39
2025-11-13,9:36:44.893599491,T,IBM,,100,311.34
2025-11-13,9:36:44.893602573,T,IBM,I,38,311.33
2025-11-13,9:36:44.893630143,T,IBM,I,2,311.33
2025-11-13,9:36:44.928266051,T,IBM,I,2,311.36
2025-11-13,9:36:44.928266051,T,IBM,I,8,311.33
2025-11-13,9:36:45.662169265,T,IBM,I,3,311.49
2025-11-13,9:36:52.001160919,T,IBM,I,3,311.64
2025-11-13,9:36:52.001185033,T,IBM,F I,16,311.64
2025-11-13,9:36:52.001187972,T,IBM,F I,24,311.65
2025-11-13,9:36:52.001190984,T,IBM,F,40,311.65
2025-11-13,9:36:52.001190984,T,IBM,F,64,311.65
2025-11-13,9:36:52.001206030,T,IBM,I,1,311.65
2025-11-13,9:36:52.001209416,T,IBM,F I,15,311.65
2025-11-13,9:36:52.001212117,T,IBM,F I,1,311.65
2025-11-13,9:36:52.011385347,T,IBM,F I,16,311.76
2025-11-13,9:36:52.011397343,T,IBM,I,2,311.76
2025-11-13,9:36:52.011397343,T,IBM,F I,1,311.76
2025-11-13,9:36:52.011460471,T,IBM,F I,16,311.8
2025-11-13,9:36:52.011508559,T,IBM,,250,311.8
2025-11-13,9:36:52.011529697,T,IBM,F,150,311.8
2025-11-13,9:36:52.022577928,T,IBM,F I,2,311.68
2025-11-13,9:36:53.607341736,T,IBM,F I,10,311.49
2025-11-13,9:36:53.607356731,T,IBM,F,100,311.49
2025-11-13,9:36:53.612132114,T,IBM,,45,311.58
2025-11-13,9:36:53.612189197,T,IBM,I,24,311.575
2025-11-13,9:36:59.804930829,T,IBM,F I,25,311.57
2025-11-13,9:37:00.678715062,T,IBM,,95,311.575
2025-11-13,9:37:01.854011988,T,IBM,F I,17,311.59
2025-11-13,9:37:10.153680379,T,IBM,I,5,311.7
2025-11-13,9:37:10.156889074,T,IBM,F I,1,311.8
2025-11-13,9:37:10.156892017,T,IBM,F I,37,311.81
2025-11-13,9:37:10.156988242,T,IBM,F I,18,311.9
2025-11-13,9:37:10.157120659,T,IBM,F I,3,311.9
2025-11-13,9:37:10.157577666,T,IBM,F I,3,311.9
2025-11-13,9:37:10.157577666,T,IBM,F I,8,311.9
2025-11-13,9:37:10.157580661,T,IBM,F I,1,311.9
2025-11-13,9:37:10.157697956,T,IBM,F I,16,311.9
2025-11-13,9:37:10.158049742,T,IBM,I,20,311.9
2025-11-13,9:37:12.151405273,T,IBM,F I,30,311.82
2025-11-13,9:37:36.037301738,T,IBM,F I,10,311.38
2025-11-13,9:37:36.037500276,T,IBM,F I,6,311.33
2025-11-13,9:37:36.037521262,T,IBM,I,4,311.33
2025-11-13,9:37:36.037599535,T,IBM,F,200,311.38
2025-11-13,9:37:36.037656602,T,IBM,,46,311.45
2025-11-13,9:37:36.037707761,T,IBM,,160,311.45
2025-11-13,9:37:36.037927261,T,IBM,F I,33,311.43
2025-11-13,9:37:36.037927261,T,IBM,F I,2,311.38
2025-11-13,9:37:36.037966427,T,IBM,F I,10,311.43
2025-11-13,9:37:36.037972395,T,IBM,F I,25,311.43
2025-11-13,9:37:36.054878664,T,IBM,I,19,311.43
2025-11-13,9:37:36.054902659,T,IBM,F,237,311.43
2025-11-13,9:37:36.054906197,T,IBM,F,100,311.43
2025-11-13,9:37:36.054908763,T,IBM,F I,13,311.43
2025-11-13,9:37:36.054912925,T,IBM,F,57,311.43
2025-11-13,9:37:36.054917725,T,IBM,F,43,311.43
2025-11-13,9:37:36.054917725,T,IBM,F,80,311.43
2025-11-13,9:37:36.054917725,T,IBM,F,100,311.43
2025-11-13,9:37:36.054917725,T,IBM,F,273,311.43
2025-11-13,9:37:36.055176304,T,IBM,F I,8,311.43
2025-11-13,9:37:36.055179306,T,IBM,F I,15,311.43
2025-11-13,9:37:36.055188327,T,IBM,F I,16,311.43
2025-11-13,9:37:36.055296687,T,IBM,F I,6,311.43
2025-11-13,9:37:36.055564321,T,IBM,F I,9,311.43
2025-11-13,9:37:36.055681490,T,IBM,F I,1,311.43
2025-11-13,9:37:36.055955237,T,IBM,I,11,311.43
2025-11-13,9:37:36.088065674,T,IBM,F,45,311.32
2025-11-13,9:37:36.088068681,T,IBM,F,115,311.31
2025-11-13,9:37:36.088086670,T,IBM,F,45,311.31
2025-11-13,9:37:36.088086670,T,IBM,I,1,311.31
2025-11-13,9:37:36.088090271,T,IBM,F,45,311.31
2025-11-13,9:37:36.088099107,T,IBM,F I,17,311.31
2025-11-13,9:37:36.094874548,T,IBM,,100,311.31
2025-11-13,9:37:36.094876906,T,IBM,I,30,311.34
2025-11-13,9:37:36.094880020,T,IBM,,79,311.36
2025-11-13,9:37:36.094961431,T,IBM,F I,16,311.38
2025-11-13,9:37:36.094964415,T,IBM,F,40,311.39
2025-11-13,9:37:36.094970029,T,IBM,F,40,311.39
2025-11-13,9:37:36.094970029,T,IBM,F I,24,311.39
2025-11-13,9:37:36.094985144,T,IBM,I,1,311.39
2025-11-13,9:37:36.095009649,T,IBM,I,15,311.39
2025-11-13,9:37:36.095063708,T,IBM,F,99,311.39
2025-11-13,9:37:36.095067177,T,IBM,F,40,311.39
2025-11-13,9:37:36.095067177,T,IBM,F I,30,311.39
2025-11-13,9:37:36.095069385,T,IBM,F,40,311.39
2025-11-13,9:37:36.095072268,T,IBM,F,40,311.39
2025-11-13,9:37:36.182773112,T,IBM,,45,311.555
2025-11-13,9:37:49.208757137,T,IBM,F I,30,311.53
2025-11-13,9:37:51.197235011,T,IBM,F I,30,311.56
2025-11-13,9:37:53.012019373,T,IBM,F I,30,311.53
2025-11-13,9:37:53.905948451,T,IBM,,57,311.63
2025-11-13,9:37:53.906363451,T,IBM,,97,311.59
2025-11-13,9:37:53.906396779,T,IBM,I,3,311.59
2025-11-13,9:37:53.906399548,T,IBM,,97,311.62
2025-11-13,9:37:53.914145996,T,IBM,,52,311.49
2025-11-13,9:37:53.914257225,T,IBM,,52,311.53
2025-11-13,9:38:00.020612311,T,IBM,,40,311.385
2025-11-13,9:38:02.333664712,T,IBM,F I,2,311.32
2025-11-13,9:38:02.334178967,T,IBM,,100,311.365
2025-11-13,9:38:21.292268372,T,IBM,I,2,311.175
2025-11-13,9:38:21.292271076,T,IBM,I,2,311.175
2025-11-13,9:38:21.292310325,T,IBM,I,1,311.175
2025-11-13,9:38:21.292313203,T,IBM,,41,311.175
2025-11-13,9:38:21.292433521,T,IBM,I,2,311.19
2025-11-13,9:38:21.292473094,T,IBM,,40,311.175
2025-11-13,9:38:21.306609470,T,IBM,,63,311.18
2025-11-13,9:38:21.306613406,T,IBM,F,63,311.18
2025-11-13,9:38:21.306615270,T,IBM,I,2,311.18
2025-11-13,9:38:21.306618290,T,IBM,F I,10,311.18
2025-11-13,9:38:24.972477321,T,IBM,F I,2,311.13
2025-11-13,9:38:24.972531507,T,IBM,F I,2,311.14
2025-11-13,9:38:32.260516456,T,IBM,F I,10,311.25
2025-11-13,9:38:32.260516456,T,IBM,F I,4,311.27
2025-11-13,9:38:32.260534943,T,IBM,F I,7,311.27
2025-11-13,9:38:32.260537699,T,IBM,F I,3,311.27
2025-11-13,9:38:32.260537699,T,IBM,F I,10,311.27
2025-11-13,9:38:32.260549579,T,IBM,I,10,311.27
2025-11-13,9:38:32.260567675,T,IBM,F I,10,311.27
2025-11-13,9:38:32.260570671,T,IBM,F,50,311.27
2025-11-13,9:38:32.261367570,T,IBM,F I,25,311.24
2025-11-13,9:38:32.279287150,T,IBM,F I,10,311.18
2025-11-13,9:38:46.641932922,T,IBM,I,3,311.21
2025-11-13,9:38:46.642010574,T,IBM,F I,4,311.41
2025-11-13,9:38:46.642014293,T,IBM,F,40,311.41
2025-11-13,9:38:46.642016492,T,IBM,F,54,311.42
2025-11-13,9:38:46.761487950,T,IBM,F I,1,311.59
2025-11-13,9:38:46.761487950,T,IBM,F,80,311.59
2025-11-13,9:38:46.762107406,T,IBM,F,40,311.62
2025-11-13,9:38:46.762269834,T,IBM,F I,1,311.59
2025-11-13,9:38:49.876844449,T,IBM,F I,30,311.73
2025-11-13,9:38:50.003776609,T,IBM,F I,7,311.63
2025-11-13,9:38:50.003776609,T,IBM,F I,25,311.6
2025-11-13,9:38:50.004047642,T,IBM,I,25,311.69
2025-11-13,9:38:50.674727898,T,IBM,,45,311.575
2025-11-13,9:38:52.096519350,T,IBM,F I,10,311.43
2025-11-13,9:38:52.096519350,T,IBM,F I,2,311.4
2025-11-13,9:38:52.096522077,T,IBM,F I,2,311.4
2025-11-13,9:38:52.096522077,T,IBM,F I,26,311.39
2025-11-13,9:38:52.096795385,T,IBM,F,40,311.35
2025-11-13,9:39:10.031247761,T,IBM,F I,7,311.45
2025-11-13,9:39:10.031479601,T,IBM,F,40,311.51
2025-11-13,9:39:10.031479601,T,IBM,F I,10,311.51
2025-11-13,9:39:10.031620658,T,IBM,I,38,311.42
2025-11-13,9:39:10.031746879,T,IBM,,78,311.46
2025-11-13,9:39:10.343301142,T,IBM,F I,1,311.63
2025-11-13,9:39:12.330274887,T,IBM,F I,10,311.61
2025-11-13,9:39:14.033099639,T,IBM,F I,15,311.74
2025-11-13,9:39:17.858211854,T,IBM,F I,10,311.64
2025-11-13,9:39:17.858211854,T,IBM,F I,10,311.64
2025-11-13,9:39:27.104266327,T,IBM,I,18,311.5
2025-11-13,9:39:27.104275381,T,IBM,F I,3,311.5
2025-11-13,9:39:27.104275381,T,IBM,F I,19,311.5
2025-11-13,9:39:29.473336330,T,IBM,I,1,311.45
2025-11-13,9:39:30.991067521,T,IBM,,100,311.45
2025-11-13,9:39:30.991067521,T,IBM,I,20,311.33
2025-11-13,9:39:38.708823633,T,IBM,F I,25,311.67
2025-11-13,9:39:38.708823633,T,IBM,F I,15,311.72
2025-11-13,9:39:46.359847895,T,IBM,F I,1,311.69
2025-11-13,9:39:46.360004234,T,IBM,F,40,311.69
2025-11-13,9:39:46.360022234,T,IBM,I,5,311.69
2025-11-13,9:39:46.360079422,T,IBM,F I,12,311.68
2025-11-13,9:39:46.360227456,T,IBM,F,80,311.73
2025-11-13,9:39:46.360229763,T,IBM,F I,5,311.73
2025-11-13,9:39:46.360534210,T,IBM,F I,4,311.73
2025-11-13,9:39:48.389298182,T,IBM,F I,1,311.9
2025-11-13,9:40:00.415170346,T,IBM,I,12,311.93
2025-11-13,9:40:02.582745646,T,IBM,,45,311.93
2025-11-13,9:40:04.209002055,T,IBM,I,5,311.91
2025-11-13,9:40:04.209023116,T,IBM,F,96,311.91
2025-11-13,9:40:04.209026126,T,IBM,F,70,311.91
2025-11-13,9:40:04.209029218,T,IBM,F I,26,311.91
2025-11-13,9:40:04.209041741,T,IBM,I,34,311.91
2025-11-13,9:40:04.210222969,T,IBM,,120,311.8
2025-11-13,9:40:04.210241001,T,IBM,F I,14,311.8
2025-11-13,9:40:04.210280203,T,IBM,F I,7,311.8
2025-11-13,9:40:04.210307173,T,IBM,F I,4,311.8
2025-11-13,9:40:04.210331275,T,IBM,F I,25,311.8
2025-11-13,9:40:04.229369561,T,IBM,I,1,311.775
2025-11-13,9:40:05.689841420,T,IBM,I,1,311.91
2025-11-13,9:40:24.004124935,T,IBM,,100,311.92
2025-11-13,9:40:24.004155048,T,IBM,F I,30,311.94
2025-11-13,9:40:24.004985013,T,IBM,F I,1,312.0
2025-11-13,9:40:25.131653123,T,IBM,F I,7,312.18
2025-11-13,9:40:25.131983989,T,IBM,I,6,312.15
2025-11-13,9:40:25.132141745,T,IBM,I,4,312.15
2025-11-13,9:40:25.889291809,T,IBM,I,5,312.12
2025-11-13,9:40:26.130541219,T,IBM,F I,4,312.34
2025-11-13,9:40:26.131043614,T,IBM,F I,16,312.35
2025-11-13,9:40:26.131043614,T,IBM,F,40,312.36
2025-11-13,9:40:26.131524453,T,IBM,F I,21,312.37
2025-11-13,9:40:26.156186197,T,IBM,I,1,312.36
2025-11-13,9:40:26.174247235,T,IBM,I,30,312.33
2025-11-13,9:40:26.174247235,T,IBM,I,2,312.32
2025-11-13,9:40:26.174250201,T,IBM,I,1,312.285
2025-11-13,9:40:28.519939440,T,IBM,I,6,312.39
2025-11-13,9:40:30.931226850,T,IBM,I,2,312.09
2025-11-13,9:40:30.932649250,T,IBM,I,25,312.2
2025-11-13,9:40:30.935521058,T,IBM,F,157,312.22
2025-11-13,9:40:40.138344445,T,IBM,F I,1,312.23
2025-11-13,9:40:40.138347494,T,IBM,F I,3,312.23
2025-11-13,9:40:40.245468471,T,IBM,F I,30,312.19
2025-11-13,9:40:47.888364322,T,IBM,F I,1,312.07
2025-11-13,9:40:47.888433554,T,IBM,F,120,312.06
2025-11-13,9:40:47.888440049,T,IBM,F,40,312.06
2025-11-13,9:40:47.888448503,T,IBM,F I,39,312.06
2025-11-13,9:40:47.888454568,T,IBM,F,40,312.04
2025-11-13,9:40:47.888686461,T,IBM,F,100,312.07
2025-11-13,9:40:47.889089085,T,IBM,I,1,312.11
2025-11-13,9:40:47.889092177,T,IBM,F,60,312.07
2025-11-13,9:40:47.889095123,T,IBM,F I,3,312.07
2025-11-13,9:40:47.889116139,T,IBM,F,157,312.07
2025-11-13,9:40:47.891723374,T,IBM,F I,14,312.13
2025-11-13,9:40:47.892102285,T,IBM,F I,1,312.21
2025-11-13,9:40:54.364338208,T,IBM,F I,1,312.32
2025-11-13,9:40:54.381154275,T,IBM,F,100,312.33
2025-11-13,9:40:54.381223414,T,IBM,F I,30,312.29
2025-11-13,9:40:54.571089492,T,IBM,F,41,312.33
2025-11-13,9:40:58.602291206,T,IBM,I,1,312.43
2025-11-13,9:40:58.602291206,T,IBM,I,3,312.43
2025-11-13,9:41:01.233167451,T,IBM,F,41,312.6
2025-11-13,9:41:01.450167017,T,IBM,F I,8,312.72
2025-11-13,9:41:01.450224086,T,IBM,I,4,312.61
2025-11-13,9:41:02.400492391,T,IBM,F I,3,312.8
2025-11-13,9:41:04.383812846,T,IBM,,80,312.98
2025-11-13,9:41:07.057565070,T,IBM,F I,5,313.15
2025-11-13,9:41:07.107544096,T,IBM,I,3,313.21
2025-11-13,9:41:11.104644597,T,IBM,F,49,313.5
2025-11-13,9:41:21.627084644,T,IBM,F,120,313.45
2025-11-13,9:41:21.627087650,T,IBM,F,41,313.45
2025-11-13,9:41:21.627093600,T,IBM,F,50,313.45
2025-11-13,9:41:22.059808806,T,IBM,I,30,313.45
2025-11-13,9:41:22.180516071,T,IBM,,40,313.38
2025-11-13,9:41:22.180543169,T,IBM,F,40,313.39
2025-11-13,9:41:22.180988242,T,IBM,,40,313.32
2025-11-13,9:41:22.181544699,T,IBM,,40,313.31
2025-11-13,9:41:22.181553569,T,IBM,,40,313.31
2025-11-13,9:41:22.181565888,T,IBM,I,33,313.31
2025-11-13,9:41:22.181568635,T,IBM,I,1,313.31
2025-11-13,9:41:22.181571716,T,IBM,I,6,313.31
2025-11-13,9:41:22.181574591,T,IBM,,94,313.31
2025-11-13,9:41:22.181596582,T,IBM,F I,4,313.32
2025-11-13,9:41:22.181598722,T,IBM,I,6,313.32
2025-11-13,9:41:22.181797144,T,IBM,F I,6,313.32
2025-11-13,9:41:22.181803164,T,IBM,I,4,313.31
2025-11-13,9:41:22.181809723,T,IBM,F I,34,313.32
2025-11-13,9:41:22.181809723,T,IBM,F I,6,313.33
2025-11-13,9:41:22.181836247,T,IBM,F,40,313.31
2025-11-13,9:41:22.181884341,T,IBM,F I,1,313.31
2025-11-13,9:41:22.181920401,T,IBM,I,3,313.31
2025-11-13,9:41:22.181935498,T,IBM,F I,2,313.33
2025-11-13,9:41:22.182233135,T,IBM,,40,313.31
2025-11-13,9:41:22.182371583,T,IBM,I,5,313.31
2025-11-13,9:41:22.182578974,T,IBM,F I,30,313.3
2025-11-13,9:41:22.182578974,T,IBM,F I,5,313.31
2025-11-13,9:41:22.182581996,T,IBM,F I,16,313.31
2025-11-13,9:41:22.182594017,T,IBM,F I,14,313.31
2025-11-13,9:41:22.182594017,T,IBM,F I,15,313.31
2025-11-13,9:41:22.182597025,T,IBM,F I,1,313.31
2025-11-13,9:41:22.182867695,T,IBM,F I,1,313.33
2025-11-13,9:41:22.185330532,T,IBM,F I,5,313.23
2025-11-13,9:41:31.794168548,T,IBM,I,4,313.33
2025-11-13,9:41:31.794168548,T,IBM,I,25,313.33
2025-11-13,9:41:31.794670728,T,IBM,F I,1,313.36
2025-11-13,9:41:39.130246966,T,IBM,F I,30,313.33
2025-11-13,9:41:39.136282783,T,IBM,I,6,313.26
2025-11-13,9:41:39.136342434,T,IBM,I,6,313.27
2025-11-13,9:41:39.136540977,T,IBM,I,6,313.27
2025-11-13,9:41:39.186826682,T,IBM,I,30,313.25
2025-11-13,9:41:39.186826682,T,IBM,I,11,313.28
2025-11-13,9:41:39.393096843,T,IBM,F,89,313.28
2025-11-13,9:41:39.879107669,T,IBM,F,41,313.31
2025-11-13,9:41:39.879122735,T,IBM,F,59,313.31
2025-11-13,9:41:39.879122735,T,IBM,F I,16,313.31
2025-11-13,9:41:39.879125893,T,IBM,F I,1,313.32
2025-11-13,9:41:39.879125893,T,IBM,F,40,313.32
2025-11-13,9:41:39.879128696,T,IBM,F,100,313.32
2025-11-13,9:41:39.982556964,T,IBM,F,75,313.46
2025-11-13,9:41:39.982893785,T,IBM,F,40,313.41
2025-11-13,9:41:39.983020116,T,IBM,F I,1,313.46
2025-11-13,9:41:39.983131335,T,IBM,F I,24,313.46
2025-11-13,9:41:43.743324856,T,IBM,F I,16,313.55
2025-11-13,9:41:43.743324856,T,IBM,F I,27,313.56
2025-11-13,9:41:43.743327933,T,IBM,F I,16,313.56
2025-11-13,9:41:43.743330908,T,IBM,F I,27,313.56
2025-11-13,9:41:43.743333899,T,IBM,F,43,313.56
2025-11-13,9:41:43.743346216,T,IBM,I,1,313.56
2025-11-13,9:41:43.743349047,T,IBM,I,29,313.56
2025-11-13,9:41:44.273643370,T,IBM,,45,313.53
2025-11-13,9:41:44.273667468,T,IBM,F,55,313.525
2025-11-13,9:42:04.403122936,T,IBM,F,160,313.45
2025-11-13,9:42:04.403174055,T,IBM,F I,33,313.45
2025-11-13,9:42:04.403420733,T,IBM,F I,12,313.45
2025-11-13,9:42:04.403474790,T,IBM,I,6,313.5
2025-11-13,9:42:04.403478169,T,IBM,I,8,313.5
2025-11-13,9:42:04.403481071,T,IBM,I,16,313.5
2025-11-13,9:42:04.403486864,T,IBM,,160,313.45
2025-11-13,9:42:04.403691733,T,IBM,I,3,313.5
2025-11-13,9:42:04.403694948,T,IBM,I,3,313.505
2025-11-13,9:42:04.403697326,T,IBM,I,3,313.51
2025-11-13,9:42:18.492495278,T,IBM,F,100,313.14
2025-11-13,9:42:18.492498360,T,IBM,F,60,313.13
2025-11-13,9:42:18.492513417,T,IBM,I,1,313.13
2025-11-13,9:42:18.492522364,T,IBM,,99,313.13
2025-11-13,9:42:27.438420087,T,IBM,F I,2,313.01
2025-11-13,9:42:27.438423262,T,IBM,F I,38,312.965
2025-11-13,9:42:29.583688659,T,IBM,F I,2,312.88
2025-11-13,9:42:44.899202344,T,IBM,F I,25,313.14
2025-11-13,9:42:44.899205315,T,IBM,F I,2,313.25
2025-11-13,9:42:44.899208366,T,IBM,F,100,313.26
2025-11-13,9:42:44.899208366,T,IBM,F,99,313.27
2025-11-13,9:42:44.899572230,T,IBM,I,5,313.3
2025-11-13,9:42:44.899572230,T,IBM,,80,313.3
2025-11-13,9:42:44.899575194,T,IBM,I,11,313.3
2025-11-13,9:42:44.899575194,T,IBM,I,4,313.3
2025-11-13,9:42:44.899590528,T,IBM,I,1,313.3
2025-11-13,9:42:44.899611298,T,IBM,I,29,313.3
2025-11-13,9:42:44.899614322,T,IBM,F I,16,313.3
2025-11-13,9:42:44.899939130,T,IBM,F,80,313.31
2025-11-13,9:42:44.900119495,T,IBM,I,5,313.3
2025-11-13,9:42:44.900588644,T,IBM,F I,4,313.26
2025-11-13,9:42:44.900591626,T,IBM,F I,1,313.26
2025-11-13,9:42:48.712036244,T,IBM,F I,2,313.12
2025-11-13,9:42:48.712400027,T,IBM,,52,313.19
2025-11-13,9:42:48.713407513,T,IBM,I,30,313.21
2025-11-13,9:42:48.713407513,T,IBM,,60,313.23
2025-11-13,9:42:48.713413497,T,IBM,I,5,313.24
2025-11-13,9:42:48.713413497,T,IBM,I,3,313.24
2025-11-13,9:42:55.349289824,T,IBM,F I,30,313.08
2025-11-13,9:42:55.349292922,T,IBM,F I,2,313.08
2025-11-13,9:42:55.349292922,T,IBM,F I,2,313.09
2025-11-13,9:42:55.349349971,T,IBM,F I,30,313.04
2025-11-13,9:42:55.353560010,T,IBM,F I,2,313.12
2025-11-13,9:42:55.876556665,T,IBM,F I,38,313.17
2025-11-13,9:42:55.876565444,T,IBM,F,62,313.17
2025-11-13,9:43:01.387574523,T,IBM,I,22,313.06
2025-11-13,9:43:03.832006740,T,IBM,,45,313.13
2025-11-13,9:43:03.832006740,T,IBM,,53,313.12
2025-11-13,9:43:03.832069790,T,IBM,F I,14,313.1
2025-11-13,9:43:05.103544897,T,IBM,I,25,313.16
2025-11-13,9:43:05.103547715,T,IBM,I,2,313.21
2025-11-13,9:43:05.103547715,T,IBM,I,18,313.23
2025-11-13,9:43:31.341836015,T,IBM,I,9,313.17
2025-11-13,9:43:31.342569782,T,IBM,I,9,313.18
2025-11-13,9:43:31.342653968,T,IBM,,80,313.18
2025-11-13,9:43:31.342668971,T,IBM,I,1,313.18
2025-11-13,9:43:31.342672602,T,IBM,F I,19,313.18
2025-11-13,9:43:31.342674964,T,IBM,F,420,313.18
2025-11-13,9:43:31.342678035,T,IBM,,100,313.18
2025-11-13,9:43:31.342891446,T,IBM,F,118,313.18
2025-11-13,9:43:31.365983528,T,IBM,,100,313.12
2025-11-13,9:43:31.366058619,T,IBM,F I,20,313.05
2025-11-13,9:43:31.366058619,T,IBM,F,40,313.05
2025-11-13,9:43:31.366064786,T,IBM,F I,20,313.04
2025-11-13,9:43:31.366114343,T,IBM,I,13,313.08
2025-11-13,9:43:31.366114343,T,IBM,I,5,313.12
2025-11-13,9:43:31.366136943,T,IBM,F,40,313.08
2025-11-13,9:43:31.366239032,T,IBM,I,22,313.12
2025-11-13,9:43:31.366284146,T,IBM,I,3,313.14
2025-11-13,9:43:31.366287232,T,IBM,I,3,313.11
2025-11-13,9:43:31.366308259,T,IBM,F I,18,313.04
2025-11-13,9:43:31.366338299,T,IBM,,200,313.14
2025-11-13,9:43:31.366431935,T,IBM,F I,25,313.16
2025-11-13,9:43:31.366473617,T,IBM,F I,22,313.16
2025-11-13,9:43:31.366521759,T,IBM,F I,1,313.15
2025-11-13,9:43:31.367066160,T,IBM,I,18,313.12
2025-11-13,9:43:31.367066160,T,IBM,I,1,313.12
2025-11-13,9:43:31.374785396,T,IBM,F,40,313.12
2025-11-13,9:43:31.374785396,T,IBM,F I,35,313.12
2025-11-13,9:43:34.763958673,T,IBM,F I,8,313.45
2025-11-13,9:43:35.144698070,T,IBM,I,12,313.53
2025-11-13,9:43:35.145194269,T,IBM,I,5,313.58
2025-11-13,9:43:35.145678428,T,IBM,F I,5,313.59
2025-11-13,9:43:35.146057307,T,IBM,I,6,313.59
2025-11-13,9:43:35.336906692,T,IBM,F I,7,313.62
2025-11-13,9:43:35.336906692,T,IBM,F I,5,313.65
2025-11-13,9:43:35.336922380,T,IBM,F I,7,313.65
2025-11-13,9:43:36.277933861,T,IBM,F,100,313.8
2025-11-13,9:43:45.329331974,T,IBM,F I,25,313.75
2025-11-13,9:43:45.329334559,T,IBM,F,100,313.74
2025-11-13,9:43:45.329659346,T,IBM,F I,13,313.69
2025-11-13,9:43:46.506899058,T,IBM,F,100,313.565
2025-11-13,9:43:48.220696869,T,IBM,I,10,313.545
2025-11-13,9:43:48.220720913,T,IBM,F,100,313.545
2025-11-13,9:43:48.223234801,T,IBM,,145,313.545
2025-11-13,9:43:53.287885762,T,IBM,F I,5,313.6
2025-11-13,9:44:02.017295030,T,IBM,,40,313.75
2025-11-13,9:44:02.017297924,T,IBM,I,7,313.75
2025-11-13,9:44:02.017346084,T,IBM,F I,2,313.76
2025-11-13,9:44:02.017373175,T,IBM,F I,7,313.87
2025-11-13,9:44:02.018124971,T,IBM,F I,5,313.89
2025-11-13,9:44:02.018127895,T,IBM,F I,1,313.89
2025-11-13,9:44:02.067547560,T,IBM,,100,314.08
2025-11-13,9:44:08.250094770,T,IBM,F,75,313.98
2025-11-13,9:44:08.250657162,T,IBM,F I,2,313.87
2025-11-13,9:44:08.250663134,T,IBM,F,40,313.86
2025-11-13,9:44:08.250693140,T,IBM,F I,1,313.83
2025-11-13,9:44:08.250696346,T,IBM,F,79,313.83
2025-11-13,9:44:08.250696346,T,IBM,F I,1,313.83
2025-11-13,9:44:08.250705934,T,IBM,F,80,313.83
2025-11-13,9:44:08.250720278,T,IBM,F,67,313.83
2025-11-13,9:44:08.251589376,T,IBM,I,12,313.74
2025-11-13,9:44:18.747272048,T,IBM,F,40,313.9
2025-11-13,9:44:18.747274364,T,IBM,F,40,313.9
2025-11-13,9:44:18.747277332,T,IBM,F,80,313.9
2025-11-13,9:44:18.747277332,T,IBM,F I,5,313.9
2025-11-13,9:44:18.747280446,T,IBM,F I,11,313.9
2025-11-13,9:44:18.931486912,T,IBM,,40,313.86
2025-11-13,9:44:18.941690153,T,IBM,,45,313.76
2025-11-13,9:44:18.941690153,T,IBM,,75,313.73
2025-11-13,9:44:22.440760213,T,IBM,F I,2,313.88
2025-11-13,9:44:22.440763163,T,IBM,F,100,313.86
2025-11-13,9:44:22.440820177,T,IBM,F,100,313.83
2025-11-13,9:44:24.960915498,T,IBM,F I,5,314.0
2025-11-13,9:44:24.969419779,T,IBM,F,100,314.025
2025-11-13,9:44:28.135837707,T,IBM,I,14,314.05
2025-11-13,9:44:28.923253384,T,IBM,F I,10,314.1
2025-11-13,9:44:28.923277412,T,IBM,F I,5,314.12
2025-11-13,9:44:29.424480532,T,IBM,F I,30,314.11
2025-11-13,9:44:30.104086389,T,IBM,F I,37,314.15
2025-11-13,9:44:34.198946620,T,IBM,I,4,314.15
2025-11-13,9:44:34.198961614,T,IBM,I,16,314.26
2025-11-13,9:44:34.198964702,T,IBM,,50,314.27
2025-11-13,9:44:34.198964702,T,IBM,I,24,314.15
2025-11-13,9:44:34.198982723,T,IBM,I,1,314.27
2025-11-13,9:44:34.199109046,T,IBM,I,10,314.27
2025-11-13,9:44:34.199112023,T,IBM,I,5,314.27
2025-11-13,9:44:34.237014652,T,IBM,F I,16,314.2
2025-11-13,9:44:34.237017454,T,IBM,F,144,314.2
2025-11-13,9:44:34.237029243,T,IBM,F I,17,314.2
2025-11-13,9:44:34.237038348,T,IBM,,100,314.2
2025-11-13,9:44:34.237041305,T,IBM,,71,314.2
2025-11-13,9:44:34.237588572,T,IBM,I,9,314.27
2025-11-13,9:44:38.742724487,T,IBM,F I,1,314.29
2025-11-13,9:44:38.742841830,T,IBM,F I,11,314.29
2025-11-13,9:44:38.742901972,T,IBM,I,11,314.29
2025-11-13,9:44:38.743073424,T,IBM,F I,13,314.19
2025-11-13,9:44:38.743127561,T,IBM,I,1,314.29
2025-11-13,9:44:38.743130496,T,IBM,I,38,314.3
2025-11-13,9:44:43.051318545,T,IBM,,120,314.3
2025-11-13,9:44:43.051321559,T,IBM,F,56,314.3
2025-11-13,9:44:43.051324584,T,IBM,F,64,314.3
2025-11-13,9:44:43.051336551,T,IBM,,96,314.3
2025-11-13,9:44:43.051619215,T,IBM,I,14,314.36
2025-11-13,9:44:45.862985045,T,IBM,F I,10,314.24
2025-11-13,9:44:45.863192530,T,IBM,F I,16,314.35
2025-11-13,9:44:45.863529303,T,IBM,F,100,314.39
2025-11-13,9:44:45.863556477,T,IBM,F,45,314.31
2025-11-13,9:44:45.863556477,T,IBM,F I,10,314.3
2025-11-13,9:44:45.863559931,T,IBM,F,100,314.3
2025-11-13,9:44:45.863563038,T,IBM,F,275,314.3
2025-11-13,9:44:45.863577384,T,IBM,I,4,314.3
2025-11-13,9:44:45.863577384,T,IBM,I,1,314.3
2025-11-13,9:44:45.863583548,T,IBM,,40,314.3
2025-11-13,9:44:45.863583548,T,IBM,,60,314.3
2025-11-13,9:44:45.864220976,T,IBM,I,20,314.41
2025-11-13,9:44:45.870208170,T,IBM,F,140,314.24
2025-11-13,9:44:46.118761943,T,IBM,F,40,314.2
2025-11-13,9:44:59.008256607,T,IBM,I,7,314.06
2025-11-13,9:45:00.050543922,T,IBM,F I,3,314.08
2025-11-13,9:45:02.853606953,T,IBM,F I,16,314.15
2025-11-13,9:45:02.853655025,T,IBM,F I,16,314.19
2025-11-13,9:45:02.853657981,T,IBM,F,99,314.2
2025-11-13,9:45:02.853676055,T,IBM,F I,16,314.2
2025-11-13,9:45:02.854373861,T,IBM,F I,10,314.15
2025-11-13,9:45:02.854377342,T,IBM,F,47,314.11
2025-11-13,9:45:02.854418861,T,IBM,F I,3,314.1
2025-11-13,9:45:02.854422076,T,IBM,F I,1,314.06
2025-11-13,9:45:02.854427848,T,IBM,I,24,314.15
2025-11-13,9:45:02.854427848,T,IBM,I,36,314.15
2025-11-13,9:45:02.854433996,T,IBM,I,3,314.15
2025-11-13,9:45:02.854436825,T,IBM,I,3,314.15
2025-11-13,9:45:02.854448862,T,IBM,F I,5,314.1
2025-11-13,9:45:02.854487965,T,IBM,F,95,314.1
2025-11-13,9:45:02.854671411,T,IBM,F,75,314.11
2025-11-13,9:45:02.854725906,T,IBM,,43,314.12
2025-11-13,9:45:02.854725906,T,IBM,F,189,314.11
2025-11-13,9:45:02.854731584,T,IBM,,43,314.12
2025-11-13,9:45:02.854737559,T,IBM,F I,25,314.11
2025-11-13,9:45:02.854749654,T,IBM,F I,2,314.12
2025-11-13,9:45:02.854887925,T,IBM,F I,1,314.1
2025-11-13,9:45:02.862475058,T,IBM,I,1,313.91
2025-11-13,9:45:02.862664442,T,IBM,,44,313.92
2025-11-13,9:45:02.862992360,T,IBM,,40,313.92
2025-11-13,9:45:02.863013727,T,IBM,,60,313.92
2025-11-13,9:45:02.863016456,T,IBM,,40,313.92
2025-11-13,9:45:02.863019292,T,IBM,I,1,313.92
2025-11-13,9:45:02.863028370,T,IBM,I,1,313.92
2025-11-13,9:45:02.866002467,T,IBM,F,558,313.92
2025-11-13,9:45:02.866005397,T,IBM,F I,5,313.92
2025-11-13,9:45:02.866005397,T,IBM,F I,37,313.92
2025-11-13,9:45:02.867199315,T,IBM,I,3,313.92
2025-11-13,9:45:02.911729269,T,IBM,,100,314.01
2025-11-13,9:45:03.622729912,T,IBM,F,150,314.02
2025-11-13,9:45:05.225461607,T,IBM,I,2,314.12
2025-11-13,9:45:05.225461607,T,IBM,I,2,314.13
2025-11-13,9:45:10.027857920,T,IBM,F,57,314.2
2025-11-13,9:45:10.027882051,T,IBM,F I,36,314.21
2025-11-13,9:45:11.226947498,T,IBM,F I,2,314.16
2025-11-13,9:45:11.226950462,T,IBM,F I,1,314.16
2025-11-13,9:45:15.932805277,T,IBM,F,100,314.1
2025-11-13,9:45:16.006853500,T,IBM,I,5,314.1
2025-11-13,9:45:17.333251185,T,IBM,F I,2,313.97
2025-11-13,9:45:17.333251185,T,IBM,F I,1,313.96
2025-11-13,9:45:17.415355659,T,IBM,F I,34,313.86
2025-11-13,9:45:17.415448861,T,IBM,F,67,313.85
2025-11-13,9:45:18.025321879,T,IBM,I,20,314.16
2025-11-13,9:45:18.025321879,T,IBM,I,2,314.17
2025-11-13,9:45:18.025327751,T,IBM,I,16,314.19
2025-11-13,9:45:18.025327751,T,IBM,,59,314.19
2025-11-13,9:45:18.025387834,T,IBM,I,3,314.2
2025-11-13,9:45:18.025391139,T,IBM,I,3,314.2
2025-11-13,9:45:18.025394095,T,IBM,,40,314.2
2025-11-13,9:45:18.025394095,T,IBM,,50,314.2
2025-11-13,9:45:18.025396861,T,IBM,I,1,314.2
2025-11-13,9:45:18.025974281,T,IBM,I,31,314.2
2025-11-13,9:45:18.165774084,T,IBM,I,2,314.21
2025-11-13,9:45:18.165831191,T,IBM,I,2,314.2
2025-11-13,9:45:18.165831191,T,IBM,I,1,314.2
2025-11-13,9:45:18.378605757,T,IBM,I,2,314.21
2025-11-13,9:45:18.378650810,T,IBM,I,3,314.21
2025-11-13,9:45:18.716435971,T,IBM,,48,314.21
2025-11-13,9:45:22.677604491,T,IBM,I,16,314.45
2025-11-13,9:45:22.677606973,T,IBM,I,15,314.46
2025-11-13,9:45:22.677610469,T,IBM,,54,314.46
2025-11-13,9:45:22.677610469,T,IBM,F I,16,314.46
2025-11-13,9:45:22.677615965,T,IBM,F,40,314.46
2025-11-13,9:45:22.677615965,T,IBM,F I,10,314.46
2025-11-13,9:45:22.677619394,T,IBM,F I,34,314.46
2025-11-13,9:45:25.070848975,T,IBM,I,10,314.57
2025-11-13,9:45:25.070872382,T,IBM,I,21,314.57
2025-11-13,9:45:25.070872382,T,IBM,F I,21,314.57
2025-11-13,9:45:26.331437708,T,IBM,,100,314.53
2025-11-13,9:45:26.331440261,T,IBM,I,2,314.52
2025-11-13,9:45:26.331440261,T,IBM,I,18,314.5
2025-11-13,9:45:26.331951404,T,IBM,F,60,314.45
2025-11-13,9:45:26.331972542,T,IBM,I,1,314.45
2025-11-13,9:45:26.331975485,T,IBM,F,99,314.45
2025-11-13,9:45:26.332017605,T,IBM,I,3,314.45
2025-11-13,9:45:26.332023571,T,IBM,,67,314.45
2025-11-13,9:45:26.332029605,T,IBM,I,30,314.45
2025-11-13,9:45:26.332116845,T,IBM,,70,314.46
2025-11-13,9:45:26.332492795,T,IBM,I,8,314.54
2025-11-13,9:45:26.332492795,T,IBM,I,32,314.6
2025-11-13,9:45:29.288497642,T,IBM,F,45,314.34
2025-11-13,9:45:29.288499907,T,IBM,F I,2,314.33
2025-11-13,9:45:29.288502840,T,IBM,F,117,314.33
2025-11-13,9:45:29.288527239,T,IBM,F,43,314.33
2025-11-13,9:45:29.288527239,T,IBM,F I,2,314.33
2025-11-13,9:45:30.392076086,T,IBM,F,48,314.05
2025-11-13,9:45:30.866599781,T,IBM,,80,314.035
2025-11-13,9:45:36.448638296,T,IBM,,55,313.99
2025-11-13,9:45:36.936994845,T,IBM,,100,313.99
2025-11-13,9:45:36.990083147,T,IBM,I,2,313.88
2025-11-13,9:45:36.998686672,T,IBM,I,3,313.87
2025-11-13,9:45:36.998719735,T,IBM,I,30,313.89
2025-11-13,9:45:36.999495709,T,IBM,F,50,313.89
2025-11-13,9:45:43.707282345,T,IBM,I,20,313.6
2025-11-13,9:45:43.722444324,T,IBM,F I,3,313.6
2025-11-13,9:45:43.722555662,T,IBM,I,11,313.55
2025-11-13,9:45:43.722597736,T,IBM,F I,11,313.6
2025-11-13,9:45:43.722802192,T,IBM,F I,27,313.6
2025-11-13,9:45:43.722943547,T,IBM,I,7,313.6
2025-11-13,9:45:43.723274319,T,IBM,F I,1,313.57
2025-11-13,9:45:43.723280726,T,IBM,F I,1,313.55
2025-11-13,9:45:43.723280726,T,IBM,F I,20,313.51
2025-11-13,9:45:43.723283439,T,IBM,F I,1,313.51
2025-11-13,9:45:43.723905868,T,IBM,F,40,313.31
2025-11-13,9:45:43.725168850,T,IBM,F,80,313.23
2025-11-13,9:45:43.725180900,T,IBM,F,80,313.23
2025-11-13,9:45:43.725183891,T,IBM,F,44,313.23
2025-11-13,9:45:43.725902646,T,IBM,I,1,313.255
2025-11-13,9:45:43.731384711,T,IBM,,100,313.255
2025-11-13,9:45:46.451576341,T,IBM,I,1,313.33
2025-11-13,9:45:48.009383857,T,IBM,I,5,313.33
2025-11-13,9:45:48.246651732,T,IBM,,50,313.16
2025-11-13,9:45:49.657643709,T,IBM,F I,21,313.39
2025-11-13,9:45:49.657664844,T,IBM,F I,2,313.4
2025-11-13,9:45:49.657667885,T,IBM,F I,10,313.4
2025-11-13,9:46:00.011995317,T,IBM,F,100,313.51
2025-11-13,9:46:00.012019750,T,IBM,F,60,313.54
2025-11-13,9:46:00.012019750,T,IBM,F I,5,313.55
2025-11-13,9:46:00.012025757,T,IBM,F I,10,313.55
2025-11-13,9:46:00.012025757,T,IBM,F I,2,313.55
2025-11-13,9:46:00.012028505,T,IBM,F I,13,313.55
2025-11-13,9:46:00.012028505,T,IBM,F I,10,313.55
2025-11-13,9:46:00.012046420,T,IBM,F I,6,313.55
2025-11-13,9:46:00.012067483,T,IBM,F,40,313.56
2025-11-13,9:46:00.012067483,T,IBM,F I,30,313.58
2025-11-13,9:46:00.013300457,T,IBM,F,40,313.75
2025-11-13,9:46:00.013303445,T,IBM,F,100,313.75
2025-11-13,9:46:00.013346113,T,IBM,F,63,313.82
2025-11-13,9:46:00.013346113,T,IBM,F,40,313.82
2025-11-13,9:46:00.013348772,T,IBM,F I,7,313.83
2025-11-13,9:46:00.013351588,T,IBM,,100,313.7
2025-11-13,9:46:00.013384616,T,IBM,F I,7,313.81
2025-11-13,9:46:00.014205561,T,IBM,F I,22,313.82
2025-11-13,9:46:00.014209120,T,IBM,F,40,313.82
2025-11-13,9:46:00.023440644,T,IBM,I,20,313.865
2025-11-13,9:46:00.023464648,T,IBM,F,80,313.865
2025-11-13,9:46:00.053632514,T,IBM,,40,313.875
2025-11-13,9:46:01.499850421,T,IBM,F I,14,314.04
2025-11-13,9:46:01.499916523,T,IBM,,91,313.96
2025-11-13,9:46:01.499952573,T,IBM,I,9,313.96
2025-11-13,9:46:01.499955571,T,IBM,,45,313.96
2025-11-13,9:46:01.499970714,T,IBM,F,46,313.95
2025-11-13,9:46:01.500319586,T,IBM,F I,16,314.05
2025-11-13,9:46:01.500322531,T,IBM,F,79,314.06
2025-11-13,9:46:01.500340571,T,IBM,I,1,314.06
2025-11-13,9:46:01.500340571,T,IBM,I,5,314.06
2025-11-13,9:46:04.013149489,T,IBM,F,100,313.86
2025-11-13,9:46:06.025356831,T,IBM,F I,2,313.85
2025-11-13,9:46:06.025892009,T,IBM,F I,2,313.76
2025-11-13,9:46:07.756822525,T,IBM,F,100,313.62
2025-11-13,9:46:07.756875838,T,IBM,F,100,313.59
2025-11-13,9:46:07.757480314,T,IBM,F,100,313.68
2025-11-13,9:46:13.696994864,T,IBM,F I,30,313.62
2025-11-13,9:46:13.697015930,T,IBM,F I,5,313.59
2025-11-13,9:46:13.697027943,T,IBM,F I,5,313.59
2025-11-13,9:46:13.697052323,T,IBM,F I,5,313.59
2025-11-13,9:46:13.697067042,T,IBM,F I,5,313.58
2025-11-13,9:46:17.951987144,T,IBM,F I,2,313.6
2025-11-13,9:46:17.951987144,T,IBM,F I,2,313.61
2025-11-13,9:46:17.951989167,T,IBM,F I,16,313.64
2025-11-13,9:46:17.951992348,T,IBM,F I,6,313.65
2025-11-13,9:46:17.951992348,T,IBM,F I,17,313.65
2025-11-13,9:46:17.951995212,T,IBM,F I,10,313.65
2025-11-13,9:46:17.952007211,T,IBM,F I,20,313.65
2025-11-13,9:46:17.952082394,T,IBM,,60,313.71
2025-11-13,9:46:17.952094493,T,IBM,I,10,313.71
2025-11-13,9:46:17.952176112,T,IBM,I,30,313.71
2025-11-13,9:46:17.952813689,T,IBM,I,6,313.71
2025-11-13,9:46:17.952870295,T,IBM,I,6,313.71
2025-11-13,9:46:17.954909136,T,IBM,F,60,313.53
2025-11-13,9:46:17.954909136,T,IBM,F I,2,313.52
2025-11-13,9:46:17.954912167,T,IBM,F I,1,313.52
2025-11-13,9:46:17.955453534,T,IBM,F I,24,313.38
2025-11-13,9:46:17.955456443,T,IBM,F,40,313.38
2025-11-13,9:46:17.955468499,T,IBM,F I,7,313.38
2025-11-13,9:46:17.955519649,T,IBM,F,55,313.38
2025-11-13,9:46:17.955543702,T,IBM,F I,38,313.38
2025-11-13,9:46:17.955543702,T,IBM,F I,9,313.38
2025-11-13,9:46:17.955555930,T,IBM,F,91,313.38
2025-11-13,9:46:17.955580124,T,IBM,F,100,313.38
2025-11-13,9:46:17.955751972,T,IBM,F I,4,313.33
2025-11-13,9:46:17.955758506,T,IBM,F,40,313.33
2025-11-13,9:46:17.955758506,T,IBM,F I,11,313.33
2025-11-13,9:46:17.955758506,T,IBM,F I,4,313.33
2025-11-13,9:46:17.955760198,T,IBM,F I,15,313.33
2025-11-13,9:46:17.955778448,T,IBM,I,5,313.48
2025-11-13,9:46:17.955781751,T,IBM,F I,25,313.33
2025-11-13,9:46:17.955784567,T,IBM,F,60,313.33
2025-11-13,9:46:17.955784567,T,IBM,F I,15,313.33
2025-11-13,9:46:17.971174874,T,IBM,F,77,313.24
2025-11-13,9:46:17.971225965,T,IBM,F I,12,313.21
2025-11-13,9:46:17.971225965,T,IBM,F I,25,313.21
2025-11-13,9:46:21.497787325,T,IBM,F I,2,313.36
2025-11-13,9:46:21.497787325,T,IBM,F I,2,313.36
2025-11-13,9:46:21.534131764,T,IBM,,45,313.33
2025-11-13,9:46:21.534155812,T,IBM,F,55,313.33
2025-11-13,9:46:21.536672904,T,IBM,,100,313.33
2025-11-13,9:46:24.649942241,T,IBM,F I,10,313.44
2025-11-13,9:46:24.657733941,T,IBM,F I,33,313.48
2025-11-13,9:46:24.657733941,T,IBM,F I,8,313.52
2025-11-13,9:46:24.657757924,T,IBM,F I,16,313.52
2025-11-13,9:46:24.657757924,T,IBM,F I,17,313.52
2025-11-13,9:46:24.794261858,T,IBM,I,7,313.6
2025-11-13,9:46:25.677750045,T,IBM,I,7,313.6
2025-11-13,9:46:26.587782515,T,IBM,F,100,313.52
2025-11-13,9:46:26.587785549,T,IBM,F I,1,313.52
2025-11-13,9:46:26.587827621,T,IBM,F I,1,313.51
2025-11-13,9:46:26.909398159,T,IBM,F,75,313.53
2025-11-13,9:46:26.909518474,T,IBM,I,5,313.59
2025-11-13,9:46:26.909549147,T,IBM,F I,25,313.59
2025-11-13,9:46:26.910047654,T,IBM,I,1,313.57
2025-11-13,9:46:26.910077744,T,IBM,I,7,313.62
2025-11-13,9:46:26.910417600,T,IBM,I,7,313.67
2025-11-13,9:46:26.910703229,T,IBM,I,10,313.72
2025-11-13,9:46:26.910703229,T,IBM,I,11,313.72
2025-11-13,9:46:26.910889728,T,IBM,I,6,313.72
2025-11-13,9:46:26.915451571,T,IBM,I,29,313.62
2025-11-13,9:46:26.915454726,T,IBM,I,1,313.62
2025-11-13,9:46:26.915454726,T,IBM,,45,313.59
2025-11-13,9:46:26.915532800,T,IBM,,80,313.62
2025-11-13,9:46:30.826823985,T,IBM,F I,2,313.6
2025-11-13,9:46:34.804173576,T,IBM,I,7,313.665
2025-11-13,9:46:34.804233690,T,IBM,,75,313.665
2025-11-13,9:46:39.476002346,T,IBM,I,7,313.73
2025-11-13,9:46:39.476155705,T,IBM,F I,7,313.75
2025-11-13,9:46:40.671486359,T,IBM,F I,7,313.84
2025-11-13,9:46:40.671489386,T,IBM,F I,10,313.84
2025-11-13,9:46:40.734459300,T,IBM,,100,313.82
2025-11-13,9:46:45.153073374,T,IBM,I,30,313.77
2025-11-13,9:46:45.153076472,T,IBM,,100,313.82
2025-11-13,9:46:45.153076472,T,IBM,I,12,313.82
2025-11-13,9:46:47.241337897,T,IBM,F I,10,313.74
2025-11-13,9:46:48.252492034,T,IBM,F I,3,313.6
2025-11-13,9:46:48.252501302,T,IBM,F I,5,313.6
2025-11-13,9:46:48.252504023,T,IBM,F I,8,313.6
2025-11-13,9:46:48.252562047,T,IBM,F I,10,313.6
2025-11-13,9:46:48.252564606,T,IBM,F,52,313.6
2025-11-13,9:46:48.252567206,T,IBM,F I,38,313.6
2025-11-13,9:46:48.252786721,T,IBM,F I,5,313.58
2025-11-13,9:46:48.255736785,T,IBM,,45,313.54
2025-11-13,9:46:48.255739804,T,IBM,,100,313.545
2025-11-13,9:46:48.256434456,T,IBM,,45,313.54
2025-11-13,9:46:50.311039796,T,IBM,F I,2,313.53
2025-11-13,9:46:50.646491290,T,IBM,F I,31,313.62
2025-11-13,9:46:50.646509318,T,IBM,I,1,313.62
2025-11-13,9:46:50.646584946,T,IBM,F,84,313.63
2025-11-13,9:46:50.646605632,T,IBM,F,81,313.64
2025-11-13,9:46:50.646630034,T,IBM,F I,17,313.65
2025-11-13,9:46:50.646630034,T,IBM,F I,7,313.65
2025-11-13,9:46:50.646632792,T,IBM,F I,10,313.65
2025-11-13,9:46:50.646635642,T,IBM,F,92,313.66
2025-11-13,9:46:50.859395163,T,IBM,F I,5,313.63
2025-11-13,9:46:52.226621302,T,IBM,F I,10,313.79
2025-11-13,9:46:52.226624073,T,IBM,F I,11,313.79
2025-11-13,9:46:52.226642058,T,IBM,I,1,313.79
2025-11-13,9:46:52.231372288,T,IBM,F,100,313.72
2025-11-13,9:46:52.231372288,T,IBM,F,87,313.65
2025-11-13,9:46:52.231451268,T,IBM,I,30,313.66
2025-11-13,9:46:52.231451268,T,IBM,,47,313.64
2025-11-13,9:46:52.231453566,T,IBM,I,10,313.64
2025-11-13,9:46:52.231469401,T,IBM,I,1,313.64
2025-11-13,9:46:59.053701641,T,IBM,F I,39,313.71
2025-11-13,9:46:59.053824913,T,IBM,F,60,313.78
2025-11-13,9:46:59.053827944,T,IBM,F I,8,313.79
2025-11-13,9:46:59.053848936,T,IBM,F I,12,313.79
2025-11-13,9:46:59.053906422,T,IBM,F,80,313.81
2025-11-13,9:46:59.053957171,T,IBM,F I,14,313.81
2025-11-13,9:46:59.053984231,T,IBM,F,51,313.81
2025-11-13,9:46:59.054083478,T,IBM,F,80,313.8
2025-11-13,9:47:12.320483895,T,IBM,F I,6,313.92
2025-11-13,9:47:12.320483895,T,IBM,F I,11,313.94
2025-11-13,9:47:12.320486741,T,IBM,F I,1,313.94
2025-11-13,9:47:12.320535024,T,IBM,F I,16,313.99
2025-11-13,9:47:12.320535024,T,IBM,F I,7,314.0
2025-11-13,9:47:12.320559104,T,IBM,F I,11,314.0
2025-11-13,9:47:12.320559104,T,IBM,F I,5,314.0
2025-11-13,9:47:12.386629252,T,IBM,F I,6,314.15
2025-11-13,9:47:12.386629252,T,IBM,F I,5,314.15
2025-11-13,9:47:13.142069592,T,IBM,F I,2,314.16
2025-11-13,9:47:13.529544955,T,IBM,F I,2,314.09
2025-11-13,9:47:14.980803027,T,IBM,F,40,314.07
2025-11-13,9:47:20.337133223,T,IBM,F I,2,313.84
2025-11-13,9:47:20.337133223,T,IBM,F I,12,313.83
2025-11-13,9:47:20.337647395,T,IBM,F I,3,313.8
2025-11-13,9:47:20.337647395,T,IBM,F I,11,313.8
2025-11-13,9:47:24.140232859,T,IBM,I,2,313.88
2025-11-13,9:47:35.127900840,T,IBM,I,28,313.96
2025-11-13,9:47:40.042554593,T,IBM,F I,20,313.82
2025-11-13,9:47:47.203811380,T,IBM,F I,2,313.84
2025-11-13,9:47:47.203815405,T,IBM,F I,2,313.83
2025-11-13,9:47:47.203815405,T,IBM,F I,20,313.76
2025-11-13,9:47:47.203820419,T,IBM,F,40,313.76
2025-11-13,9:47:47.203820419,T,IBM,F I,36,313.76
2025-11-13,9:47:47.203835451,T,IBM,I,1,313.76
2025-11-13,9:47:47.203865614,T,IBM,F I,20,313.76
2025-11-13,9:47:47.203868631,T,IBM,F,40,313.75
2025-11-13,9:47:47.204000829,T,IBM,F,120,313.71
2025-11-13,9:47:47.204046039,T,IBM,F,61,313.71
2025-11-13,9:47:47.204097381,T,IBM,I,28,313.81
2025-11-13,9:47:47.204118697,T,IBM,I,1,313.8
2025-11-13,9:47:47.204328692,T,IBM,I,28,313.71
2025-11-13,9:47:47.206154066,T,IBM,I,22,313.71
2025-11-13,9:47:47.206556926,T,IBM,F I,1,313.62
2025-11-13,9:47:47.206587038,T,IBM,I,21,313.62
2025-11-13,9:47:55.638873835,T,IBM,F I,1,313.4
2025-11-13,9:47:58.492872013,T,IBM,F I,2,313.45
2025-11-13,9:47:58.492971244,T,IBM,F I,9,313.49
2025-11-13,9:47:58.492986619,T,IBM,F I,13,313.49
2025-11-13,9:47:58.492986619,T,IBM,F I,9,313.5
2025-11-13,9:47:58.492992313,T,IBM,F,50,313.5
2025-11-13,9:47:59.519940714,T,IBM,F I,2,313.53
2025-11-13,9:47:59.519943264,T,IBM,F,100,313.53
2025-11-13,9:47:59.519943264,T,IBM,F I,2,313.54
2025-11-13,9:47:59.520006225,T,IBM,F,100,313.55
2025-11-13,9:48:09.981334760,T,IBM,I,30,313.54
2025-11-13,9:48:25.094482494,T,IBM,F,100,313.37
2025-11-13,9:48:25.094632841,T,IBM,F I,12,313.31
2025-11-13,9:48:25.094660049,T,IBM,F I,12,313.31
2025-11-13,9:48:25.094674936,T,IBM,F I,12,313.31
2025-11-13,9:48:25.094708107,T,IBM,F I,11,313.31
2025-11-13,9:48:25.094783221,T,IBM,I,30,313.38
2025-11-13,9:48:29.656622264,T,IBM,I,30,313.4
2025-11-13,9:48:29.656625506,T,IBM,I,2,313.42
2025-11-13,9:48:29.656625506,T,IBM,,48,313.45
2025-11-13,9:48:30.581452845,T,IBM,F I,1,313.62
2025-11-13,9:48:30.581455810,T,IBM,F I,5,313.62
2025-11-13,9:48:30.581480313,T,IBM,F I,13,313.66
2025-11-13,9:48:30.582120463,T,IBM,F I,2,313.84
2025-11-13,9:48:30.582153467,T,IBM,F I,3,313.84
2025-11-13,9:48:30.582153467,T,IBM,F I,1,313.87
2025-11-13,9:48:30.582156513,T,IBM,F I,1,313.87
2025-11-13,9:48:30.582210622,T,IBM,I,5,313.69
2025-11-13,9:48:30.582625607,T,IBM,I,1,313.68
2025-11-13,9:48:30.582667758,T,IBM,F,100,313.68
2025-11-13,9:48:30.582674381,T,IBM,I,38,313.68
2025-11-13,9:48:30.582683061,T,IBM,I,5,313.61
2025-11-13,9:48:30.582683061,T,IBM,F,300,313.68
2025-11-13,9:48:30.582688864,T,IBM,I,1,313.68
2025-11-13,9:48:30.582706831,T,IBM,,61,313.68
2025-11-13,9:48:30.582748922,T,IBM,,165,313.61
2025-11-13,9:48:30.582757929,T,IBM,I,5,313.61
2025-11-13,9:48:30.584526530,T,IBM,F I,16,313.61
2025-11-13,9:48:30.584526530,T,IBM,F,40,313.6
2025-11-13,9:48:30.584571277,T,IBM,F I,12,313.53
2025-11-13,9:48:30.586992058,T,IBM,F I,13,313.53
2025-11-13,9:48:30.586995015,T,IBM,F,100,313.53
2025-11-13,9:48:30.620001630,T,IBM,F I,11,313.59
2025-11-13,9:48:36.236712991,T,IBM,I,10,313.69
2025-11-13,9:48:36.236788109,T,IBM,F I,12,313.72
2025-11-13,9:48:36.236803118,T,IBM,F I,7,313.72
2025-11-13,9:48:36.236806314,T,IBM,F I,3,313.72
2025-11-13,9:48:36.236821191,T,IBM,F I,16,313.72
2025-11-13,9:48:36.236821191,T,IBM,F I,10,313.74
2025-11-13,9:48:36.236926493,T,IBM,I,5,313.78
2025-11-13,9:48:39.997234417,T,IBM,F I,8,313.84
2025-11-13,9:48:39.997252961,T,IBM,F,92,313.84
2025-11-13,9:48:39.997255419,T,IBM,F I,2,313.86
2025-11-13,9:48:39.997258461,T,IBM,F I,2,313.87
2025-11-13,9:48:39.997258461,T,IBM,F I,8,313.88
2025-11-13,9:48:40.416914430,T,IBM,I,2,313.81
2025-11-13,9:48:40.416916663,T,IBM,I,2,313.8
2025-11-13,9:48:40.416919486,T,IBM,I,4,313.77
2025-11-13,9:48:43.338302215,T,IBM,F I,8,313.86
2025-11-13,9:48:43.338302215,T,IBM,F I,2,313.91
2025-11-13,9:48:43.338554837,T,IBM,F I,19,313.83
2025-11-13,9:48:43.338554837,T,IBM,F I,8,313.83
2025-11-13,9:48:43.340046493,T,IBM,,45,313.73
2025-11-13,9:48:43.340049453,T,IBM,,80,313.74
2025-11-13,9:48:43.340049453,T,IBM,I,16,313.74
2025-11-13,9:48:43.340052412,T,IBM,,100,313.75
2025-11-13,9:48:43.340052412,T,IBM,,100,313.75
2025-11-13,9:48:43.340055377,T,IBM,,363,313.75
2025-11-13,9:48:43.340064364,T,IBM,I,1,313.74
2025-11-13,9:48:53.830944067,T,IBM,F I,1,313.71
2025-11-13,9:49:04.267752456,T,IBM,F I,12,313.73
2025-11-13,9:49:04.267754834,T,IBM,F I,28,313.73
2025-11-13,9:49:04.267776171,T,IBM,F I,26,313.73
2025-11-13,9:49:04.267779211,T,IBM,F,537,313.73
2025-11-13,9:49:04.267781887,T,IBM,F I,13,313.73
2025-11-13,9:49:04.267781887,T,IBM,F I,5,313.73
2025-11-13,9:49:04.275236844,T,IBM,F I,22,313.83
2025-11-13,9:49:04.275239645,T,IBM,F I,19,313.89
2025-11-13,9:49:05.582244131,T,IBM,I,15,314.085
2025-11-13,9:49:19.210766339,T,IBM,F,80,314.34
2025-11-13,9:49:19.210880631,T,IBM,I,16,314.34
2025-11-13,9:49:19.211055271,T,IBM,F,58,314.35
2025-11-13,9:49:19.211057857,T,IBM,F,1442,314.35
2025-11-13,9:49:19.211060905,T,IBM,F,40,314.35
2025-11-13,9:49:19.211121094,T,IBM,I,11,314.38
2025-11-13,9:49:19.211385896,T,IBM,F I,4,314.38
2025-11-13,9:49:19.211385896,T,IBM,F I,7,314.38
2025-11-13,9:49:19.211391666,T,IBM,I,4,314.38
2025-11-13,9:49:19.211394737,T,IBM,F I,1,314.38
2025-11-13,9:49:30.674997014,T,IBM,F I,29,314.18
2025-11-13,9:49:30.675017920,T,IBM,F I,11,314.18
2025-11-13,9:49:30.675021219,T,IBM,I,1,314.18
2025-11-13,9:49:30.675021219,T,IBM,F I,5,314.18
2025-11-13,9:49:30.675023961,T,IBM,F I,6,314.18
2025-11-13,9:49:39.146124466,T,IBM,,95,314.11
2025-11-13,9:49:39.146145630,T,IBM,F I,5,314.11
2025-11-13,9:49:39.146145630,T,IBM,F I,20,314.11
2025-11-13,9:49:39.146148720,T,IBM,F I,20,314.11
2025-11-13,9:49:39.146151490,T,IBM,I,1,314.11
2025-11-13,9:49:39.146154537,T,IBM,F I,39,314.11
2025-11-13,9:49:40.386357895,T,IBM,F I,12,313.84
2025-11-13,9:49:40.386688757,T,IBM,F I,12,313.77
2025-11-13,9:50:04.382228702,T,IBM,F I,7,313.85
2025-11-13,9:50:04.382276743,T,IBM,F I,5,313.85
2025-11-13,9:50:04.382285851,T,IBM,F,68,313.85
2025-11-13,9:50:04.382312915,T,IBM,I,5,313.9
2025-11-13,9:50:05.007732701,T,IBM,F I,30,313.86
2025-11-13,9:50:05.007783843,T,IBM,F I,2,313.83
2025-11-13,9:50:15.990354849,T,IBM,I,1,313.69
2025-11-13,9:50:21.953596044,T,IBM,F I,5,313.69
2025-11-13,9:50:28.756640826,T,IBM,F I,2,313.8
2025-11-13,9:50:41.602869222,T,IBM,I,7,313.49
2025-11-13,9:50:41.603085104,T,IBM,F I,11,313.47
2025-11-13,9:50:41.603085104,T,IBM,F I,4,313.47
2025-11-13,9:50:41.603088090,T,IBM,F,40,313.47
2025-11-13,9:50:41.603091081,T,IBM,F,40,313.47
2025-11-13,9:50:41.604143569,T,IBM,F,40,313.45
2025-11-13,9:50:41.604146533,T,IBM,F,40,313.45
2025-11-13,9:50:41.604152534,T,IBM,F,175,313.45
2025-11-13,9:50:43.055927773,T,IBM,F,90,313.48
2025-11-13,9:50:52.958835567,T,IBM,F I,19,313.64
2025-11-13,9:50:52.958848098,T,IBM,F I,16,313.64
2025-11-13,9:50:52.958851316,T,IBM,F I,5,313.65
2025-11-13,9:50:52.958851316,T,IBM,F I,1,313.65
2025-11-13,9:50:52.958857007,T,IBM,F,40,313.65
2025-11-13,9:50:52.958857007,T,IBM,F I,16,313.65
2025-11-13,9:50:52.958859593,T,IBM,F I,5,313.65
2025-11-13,9:50:56.012818938,T,IBM,F,100,313.74
2025-11-13,9:50:56.012818938,T,IBM,F I,2,313.74
2025-11-13,9:51:00.564073054,T,IBM,F,100,313.745
2025-11-13,9:51:00.564256463,T,IBM,,40,313.74
2025-11-13,9:51:00.583057258,T,IBM,I,6,313.62
2025-11-13,9:51:00.602296972,T,IBM,I,16,313.58
2025-11-13,9:51:06.069588348,T,IBM,F,40,313.83
2025-11-13,9:51:06.069588348,T,IBM,F I,12,313.83
2025-11-13,9:51:06.132473947,T,IBM,F I,2,313.75
2025-11-13,9:51:18.126193532,T,IBM,F I,1,313.51
2025-11-13,9:51:18.143677287,T,IBM,F I,11,313.47
2025-11-13,9:51:18.143680248,T,IBM,F I,2,313.47
2025-11-13,9:51:23.130337579,T,IBM,I,1,313.21
2025-11-13,9:51:23.131071300,T,IBM,F,40,313.13
2025-11-13,9:51:23.164537970,T,IBM,F,40,312.97
2025-11-13,9:51:24.260316640,T,IBM,F I,2,312.97
2025-11-13,9:51:25.558275594,T,IBM,F,100,312.955
2025-11-13,9:51:25.558324010,T,IBM,F I,2,312.99
2025-11-13,9:51:28.548062118,T,IBM,F,100,312.99
2025-11-13,9:51:29.275866709,T,IBM,I,25,312.84
2025-11-13,9:51:31.105710950,T,IBM,F I,9,312.7
2025-11-13,9:51:31.105789580,T,IBM,,64,312.75
2025-11-13,9:51:31.106225133,T,IBM,I,12,312.7
2025-11-13,9:51:31.106246182,T,IBM,I,12,312.7
2025-11-13,9:51:31.106267201,T,IBM,F I,5,312.7
2025-11-13,9:51:33.388668011,T,IBM,F I,2,312.72
2025-11-13,9:51:33.388668011,T,IBM,F I,2,312.72
2025-11-13,9:51:33.823837043,T,IBM,I,1,312.79
2025-11-13,9:51:33.823839737,T,IBM,I,1,312.79
2025-11-13,9:51:33.824077233,T,IBM,F I,2,312.79
2025-11-13,9:51:33.829285661,T,IBM,I,18,312.81
2025-11-13,9:51:33.885907470,T,IBM,F I,2,312.83
2025-11-13,9:51:33.885922457,T,IBM,F I,11,312.83
2025-11-13,9:51:33.885922457,T,IBM,F I,1,312.79
2025-11-13,9:51:33.885925545,T,IBM,F I,1,312.79
2025-11-13,9:51:38.713023037,T,IBM,I,1,312.74
2025-11-13,9:51:48.538466813,T,IBM,,45,312.72
2025-11-13,9:51:48.538466813,T,IBM,,40,312.725
2025-11-13,9:51:48.538470508,T,IBM,I,2,312.75
2025-11-13,9:51:48.538470508,T,IBM,I,2,312.75
2025-11-13,9:51:48.538472672,T,IBM,I,30,312.77
2025-11-13,9:51:48.538472672,T,IBM,I,2,312.79
2025-11-13,9:51:48.538475728,T,IBM,,100,312.8
2025-11-13,9:51:48.538478722,T,IBM,,75,312.81
2025-11-13,9:51:48.538478722,T,IBM,I,31,312.83
2025-11-13,9:51:48.539299679,T,IBM,I,10,312.85
2025-11-13,9:51:48.539323681,T,IBM,I,5,312.85
2025-11-13,9:51:48.623497064,T,IBM,I,5,312.85
2025-11-13,9:51:48.624492393,T,IBM,F I,1,312.84
2025-11-13,9:51:48.624495887,T,IBM,F I,7,312.82
2025-11-13,9:51:48.624498778,T,IBM,F I,1,312.82
2025-11-13,9:51:48.624501467,T,IBM,F I,1,312.82
2025-11-13,9:51:48.625099863,T,IBM,,40,312.85
2025-11-13,9:51:48.628422737,T,IBM,F I,1,312.84
2025-11-13,9:51:48.628446771,T,IBM,F I,8,312.84
2025-11-13,9:51:48.628512970,T,IBM,F I,1,312.84
2025-11-13,9:51:48.628519030,T,IBM,F I,1,312.84
2025-11-13,9:51:48.639137307,T,IBM,F I,1,312.83
2025-11-13,9:51:48.640529608,T,IBM,F I,1,312.82
2025-11-13,9:51:48.640583722,T,IBM,I,5,312.84
2025-11-13,9:51:48.640776256,T,IBM,F,40,312.85
2025-11-13,9:51:48.640845378,T,IBM,I,5,312.83
2025-11-13,9:51:48.640887426,T,IBM,F I,1,312.83
2025-11-13,9:51:48.640929514,T,IBM,I,27,312.85
2025-11-13,9:51:48.640935583,T,IBM,F I,1,312.82
2025-11-13,9:51:48.640954497,T,IBM,I,13,312.85
2025-11-13,9:51:48.640954497,T,IBM,I,5,312.85
2025-11-13,9:51:48.641266344,T,IBM,,40,312.84
2025-11-13,9:51:48.641287364,T,IBM,I,1,312.84
2025-11-13,9:51:48.641438552,T,IBM,F I,1,312.83
2025-11-13,9:51:48.641438552,T,IBM,F I,1,312.83
2025-11-13,9:51:48.641443785,T,IBM,F I,1,312.82
2025-11-13,9:51:48.641443785,T,IBM,F I,2,312.82
2025-11-13,9:51:48.641462663,T,IBM,F I,38,312.82
2025-11-13,9:51:48.641720376,T,IBM,F I,24,312.81
2025-11-13,9:51:48.641723625,T,IBM,I,16,312.81
2025-11-13,9:51:48.641726400,T,IBM,I,1,312.81
2025-11-13,9:51:48.641726400,T,IBM,I,19,312.81
2025-11-13,9:51:48.907658495,T,IBM,F I,1,312.79
2025-11-13,9:51:48.907706594,T,IBM,I,5,312.81
2025-11-13,9:51:48.907739757,T,IBM,F I,1,312.78
2025-11-13,9:51:48.944255636,T,IBM,F I,1,312.79
2025-11-13,9:51:48.944258619,T,IBM,F I,1,312.75
2025-11-13,9:51:48.944258619,T,IBM,F,40,312.75
2025-11-13,9:51:49.374318409,T,IBM,F I,1,312.66
2025-11-13,9:51:49.374595087,T,IBM,I,16,312.61
2025-11-13,9:51:49.682164307,T,IBM,F,40,312.54
2025-11-13,9:51:49.682164307,T,IBM,F,51,312.54
2025-11-13,9:51:53.136653177,T,IBM,,40,312.62
2025-11-13,9:51:53.136728278,T,IBM,F,52,312.62
2025-11-13,9:51:53.136734371,T,IBM,F I,8,312.62
2025-11-13,9:51:53.140469197,T,IBM,F,80,312.57
2025-11-13,9:51:53.143476463,T,IBM,F I,20,312.57
2025-11-13,9:51:53.143476463,T,IBM,F I,11,312.55
2025-11-13,9:51:53.143479359,T,IBM,F,49,312.53
2025-11-13,9:51:53.146862380,T,IBM,F,51,312.53
2025-11-13,9:51:53.146865403,T,IBM,F I,29,312.47
2025-11-13,9:51:53.414851431,T,IBM,I,8,312.54
2025-11-13,9:51:53.414881615,T,IBM,I,8,312.49
2025-11-13,9:51:54.253911860,T,IBM,F I,25,312.45
2025-11-13,9:51:58.739934983,T,IBM,I,16,312.32
2025-11-13,9:51:58.739934983,T,IBM,,80,312.32
2025-11-13,9:51:58.739937452,T,IBM,,60,312.32
2025-11-13,9:51:58.740007302,T,IBM,F,40,312.31
2025-11-13,9:51:58.740007302,T,IBM,F,40,312.31
2025-11-13,9:51:58.740009587,T,IBM,F I,24,312.31
2025-11-13,9:51:58.740012668,T,IBM,F,80,312.31
2025-11-13,9:51:58.740015700,T,IBM,F I,3,312.31
2025-11-13,9:51:58.740027623,T,IBM,I,1,312.31
2025-11-13,9:51:58.740051704,T,IBM,F,75,312.31
2025-11-13,9:51:58.740055180,T,IBM,F I,4,312.31
2025-11-13,9:51:58.740057665,T,IBM,F I,32,312.31
2025-11-13,9:51:58.748170981,T,IBM,F I,1,312.22
2025-11-13,9:51:58.748189083,T,IBM,F I,39,312.22
2025-11-13,9:51:58.753998904,T,IBM,,40,312.22
2025-11-13,9:51:58.754011190,T,IBM,,40,312.22
2025-11-13,9:51:58.754013911,T,IBM,,84,312.22
2025-11-13,9:51:58.756482760,T,IBM,,100,312.28
2025-11-13,9:51:58.758413425,T,IBM,F I,1,312.29
2025-11-13,9:51:58.758744220,T,IBM,F I,12,312.29
2025-11-13,9:51:58.759565148,T,IBM,,40,312.31
2025-11-13,9:51:58.759577182,T,IBM,,40,312.31
2025-11-13,9:51:58.759580793,T,IBM,I,15,312.31
2025-11-13,9:51:58.769572991,T,IBM,,51,312.17
2025-11-13,9:52:01.114302873,T,IBM,F,150,312.155
2025-11-13,9:52:01.114350997,T,IBM,F,100,312.155
2025-11-13,9:52:05.796909401,T,IBM,,40,312.02
2025-11-13,9:52:05.797173982,T,IBM,F,40,312.0
2025-11-13,9:52:05.797177058,T,IBM,F,51,312.0
2025-11-13,9:52:06.012980201,T,IBM,I,16,311.95
2025-11-13,9:52:06.012982881,T,IBM,,40,311.94
2025-11-13,9:52:06.012985779,T,IBM,I,7,311.94
2025-11-13,9:52:06.012997927,T,IBM,I,1,311.94
2025-11-13,9:52:06.813626824,T,IBM,I,6,311.94
2025-11-13,9:52:06.813674942,T,IBM,I,30,312.0
2025-11-13,9:52:06.814087312,T,IBM,F I,12,311.93
2025-11-13,9:52:06.829706067,T,IBM,,40,311.81
2025-11-13,9:52:08.120685465,T,IBM,F,80,311.86
2025-11-13,9:52:08.120688793,T,IBM,I,25,311.86
2025-11-13,9:52:08.120692097,T,IBM,,80,311.86
2025-11-13,9:52:08.120694503,T,IBM,,65,311.86
2025-11-13,9:52:08.120701692,T,IBM,I,15,311.86
2025-11-13,9:52:08.120701692,T,IBM,,65,311.86
2025-11-13,9:52:08.120706841,T,IBM,I,1,311.86
2025-11-13,9:52:08.120706841,T,IBM,,79,311.86
2025-11-13,9:52:08.120710096,T,IBM,I,21,311.86
2025-11-13,9:52:08.120727544,T,IBM,I,2,311.86
2025-11-13,9:52:09.920070528,T,IBM,I,30,311.83
2025-11-13,9:52:09.920073117,T,IBM,I,17,311.83
2025-11-13,9:52:10.252941578,T,IBM,I,13,311.81
2025-11-13,9:52:10.692942988,T,IBM,I,2,311.77
2025-11-13,9:52:10.692942988,T,IBM,I,11,311.81
2025-11-13,9:52:13.934137049,T,IBM,,40,311.63
2025-11-13,9:52:13.934140209,T,IBM,,40,311.63
2025-11-13,9:52:13.934140209,T,IBM,F,40,311.63
2025-11-13,9:52:13.934143332,T,IBM,I,7,311.63
2025-11-13,9:52:13.934143332,T,IBM,I,26,311.63
2025-11-13,9:52:13.934146131,T,IBM,I,15,311.63
2025-11-13,9:52:14.551127893,T,IBM,,120,311.63
2025-11-13,9:52:14.551134769,T,IBM,,48,311.63
2025-11-13,9:52:14.551134769,T,IBM,,68,311.63
2025-11-13,9:52:14.551479747,T,IBM,I,9,311.63
2025-11-13,9:52:16.864691693,T,IBM,I,4,311.78
2025-11-13,9:52:16.864706663,T,IBM,I,16,311.78
2025-11-13,9:52:16.864710033,T,IBM,F I,20,311.78
2025-11-13,9:52:16.864712699,T,IBM,F I,5,311.78
2025-11-13,9:52:16.915572798,T,IBM,F I,18,311.86
2025-11-13,9:52:16.915587736,T,IBM,F I,1,311.86
2025-11-13,9:52:23.429517997,T,IBM,F,40,311.79
2025-11-13,9:52:24.308435327,T,IBM,F,80,311.72
2025-11-13,9:52:24.308453441,T,IBM,I,1,311.72
2025-11-13,9:52:24.308453441,T,IBM,F I,15,311.72
2025-11-13,9:52:24.308462552,T,IBM,F,64,311.72
2025-11-13,9:52:24.308462552,T,IBM,F,40,311.72
2025-11-13,9:52:27.854384538,T,IBM,,45,311.58
2025-11-13,9:52:27.854387233,T,IBM,I,6,311.6
2025-11-13,9:52:27.854389980,T,IBM,I,4,311.63
2025-11-13,9:52:30.134453999,T,IBM,F,100,311.605
2025-11-13,9:52:36.510502921,T,IBM,F I,30,311.6
2025-11-13,9:52:36.510502921,T,IBM,F I,10,311.62
2025-11-13,9:52:36.529763777,T,IBM,I,3,311.63
2025-11-13,9:52:36.529784845,T,IBM,F I,37,311.63
2025-11-13,9:52:36.529799865,T,IBM,I,1,311.63
2025-11-13,9:52:36.529806053,T,IBM,I,1,311.63
2025-11-13,9:52:36.529806053,T,IBM,I,38,311.63
2025-11-13,9:52:36.529808836,T,IBM,,62,311.63
2025-11-13,9:52:36.540096706,T,IBM,I,35,311.63
2025-11-13,9:52:36.540099544,T,IBM,,80,311.63
2025-11-13,9:52:36.540099544,T,IBM,,80,311.63
2025-11-13,9:52:36.540117881,T,IBM,I,38,311.63
2025-11-13,9:52:36.540129510,T,IBM,F,42,311.63
2025-11-13,9:52:36.540129510,T,IBM,F I,38,311.63
2025-11-13,9:52:36.540321861,T,IBM,F,42,311.63
2025-11-13,9:52:36.540324932,T,IBM,F,80,311.63
2025-11-13,9:52:36.540328167,T,IBM,F I,38,311.63
2025-11-13,9:52:36.540343003,T,IBM,I,35,311.63
2025-11-13,9:52:36.540345940,T,IBM,I,3,311.63
2025-11-13,9:52:36.540373073,T,IBM,I,35,311.63
2025-11-13,9:52:36.540394114,T,IBM,F,42,311.63
2025-11-13,9:52:36.540412142,T,IBM,I,38,311.63
2025-11-13,9:52:36.540424361,T,IBM,F,42,311.63
2025-11-13,9:52:36.540427217,T,IBM,F I,38,311.63
2025-11-13,9:52:36.541148899,T,IBM,,80,311.63
2025-11-13,9:52:36.541161187,T,IBM,I,21,311.63
2025-11-13,9:52:36.541163880,T,IBM,,59,311.63
2025-11-13,9:52:36.541163880,T,IBM,I,21,311.63
2025-11-13,9:52:36.541166893,T,IBM,I,38,311.63
2025-11-13,9:52:36.541187994,T,IBM,F,59,311.63
2025-11-13,9:52:36.541202958,T,IBM,I,21,311.63
2025-11-13,9:52:36.541209051,T,IBM,,59,311.63
2025-11-13,9:52:36.541209051,T,IBM,I,21,311.63
2025-11-13,9:52:36.541212027,T,IBM,,59,311.63
2025-11-13,9:52:36.832560659,T,IBM,I,13,311.56
2025-11-13,9:52:36.832560659,T,IBM,I,7,311.53
2025-11-13,9:52:37.886873536,T,IBM,I,9,311.53
2025-11-13,9:52:39.669781984,T,IBM,I,15,311.51
2025-11-13,9:52:39.669839178,T,IBM,I,2,311.48
2025-11-13,9:52:39.669983524,T,IBM,I,3,311.56
2025-11-13,9:52:40.360144461,T,IBM,F I,30,311.52
2025-11-13,9:52:40.397355117,T,IBM,F,80,311.51
2025-11-13,9:52:44.006423939,T,IBM,I,7,311.375
2025-11-13,9:52:44.006802874,T,IBM,I,2,311.5
2025-11-13,9:52:44.006805800,T,IBM,I,3,311.51
2025-11-13,9:52:45.612854300,T,IBM,,80,311.53
2025-11-13,9:52:45.612863228,T,IBM,F I,10,311.53
2025-11-13,9:52:45.613509844,T,IBM,I,3,311.53
2025-11-13,9:52:45.613570143,T,IBM,F I,7,311.52
2025-11-13,9:52:45.613825549,T,IBM,,80,311.53
2025-11-13,9:52:45.623876059,T,IBM,I,2,311.465
2025-11-13,9:52:47.473188102,T,IBM,F I,1,311.53
2025-11-13,9:52:47.473188102,T,IBM,,79,311.53
2025-11-13,9:52:47.488031453,T,IBM,,48,311.42
2025-11-13,9:52:47.488046439,T,IBM,,56,311.41
2025-11-13,9:52:47.488572727,T,IBM,F I,3,311.41
2025-11-13,9:52:47.488602870,T,IBM,F I,8,311.4
2025-11-13,9:52:47.488792191,T,IBM,I,1,311.39
2025-11-13,9:52:47.496908485,T,IBM,F I,3,311.26
2025-11-13,9:52:47.519814069,T,IBM,I,11,311.2
2025-11-13,9:52:48.524535900,T,IBM,I,11,311.25
2025-11-13,9:52:51.935499193,T,IBM,I,2,311.31
2025-11-13,9:52:51.935499193,T,IBM,I,5,311.34
2025-11-13,9:52:53.826641237,T,IBM,I,2,311.34
2025-11-13,9:53:00.015476559,T,IBM,F I,30,311.3
2025-11-13,9:53:00.087873915,T,IBM,F I,1,311.31
2025-11-13,9:53:00.532479390,T,IBM,,120,311.27
2025-11-13,9:53:00.532482740,T,IBM,,62,311.27
2025-11-13,9:53:01.268517667,T,IBM,I,3,311.46
2025-11-13,9:53:01.269016821,T,IBM,I,9,311.5
2025-11-13,9:53:01.269044366,T,IBM,I,9,311.5
2025-11-13,9:53:01.269049938,T,IBM,,40,311.5
2025-11-13,9:53:12.485758638,T,IBM,,80,311.42
2025-11-13,9:53:12.485780563,T,IBM,I,1,311.42
2025-11-13,9:53:12.485780563,T,IBM,I,16,311.42
2025-11-13,9:53:12.485783753,T,IBM,I,28,311.42
2025-11-13,9:53:12.485785701,T,IBM,I,17,311.42
2025-11-13,9:53:12.485803749,T,IBM,F I,35,311.42
2025-11-13,9:53:12.485803749,T,IBM,F I,17,311.42
2025-11-13,9:53:12.485806755,T,IBM,,52,311.42
2025-11-13,9:53:12.486510476,T,IBM,I,14,311.41
2025-11-13,9:53:12.486660776,T,IBM,F I,13,311.35
2025-11-13,9:53:12.486663833,T,IBM,F I,2,311.35
2025-11-13,9:53:12.486787072,T,IBM,I,38,311.35
2025-11-13,9:53:12.486862260,T,IBM,,40,311.34
2025-11-13,9:53:12.486881006,T,IBM,F,120,311.31
2025-11-13,9:53:12.486910659,T,IBM,F,79,311.31
2025-11-13,9:53:15.411288231,T,IBM,I,4,311.31
2025-11-13,9:53:20.446210818,T,IBM,F I,11,311.42
2025-11-13,9:53:20.446210818,T,IBM,F I,14,311.42
2025-11-13,9:53:20.446231605,T,IBM,I,10,311.42
2025-11-13,9:53:22.272431071,T,IBM,F I,20,311.45
2025-11-13,9:53:28.016889482,T,IBM,F I,30,311.39
2025-11-13,9:53:28.044564357,T,IBM,F,100,311.46
2025-11-13,9:53:28.045619890,T,IBM,F,105,311.55
2025-11-13,9:53:28.045641543,T,IBM,I,1,311.55
2025-11-13,9:53:28.046134181,T,IBM,F I,17,311.59
2025-11-13,9:53:28.046134181,T,IBM,F,80,311.59
2025-11-13,9:53:28.046137095,T,IBM,F I,5,311.59
2025-11-13,9:53:28.046173152,T,IBM,F I,1,311.61
2025-11-13,9:53:28.304100189,T,IBM,F I,8,311.7
2025-11-13,9:53:28.376458491,T,IBM,F I,20,311.73
2025-11-13,9:53:41.045047676,T,IBM,F I,4,311.62
2025-11-13,9:53:41.045051354,T,IBM,F,40,311.62
2025-11-13,9:53:41.045053678,T,IBM,F,40,311.62
2025-11-13,9:53:41.045241382,T,IBM,F,40,311.61
2025-11-13,9:53:41.045241382,T,IBM,F,40,311.61
2025-11-13,9:53:41.045270237,T,IBM,F,40,311.59
2025-11-13,9:53:41.045525804,T,IBM,F,40,311.59
2025-11-13,9:53:41.045525804,T,IBM,F,80,311.59
2025-11-13,9:53:41.045555948,T,IBM,F,40,311.59
2025-11-13,9:53:41.045555948,T,IBM,F,48,311.59
2025-11-13,9:53:41.045567907,T,IBM,F I,12,311.58
2025-11-13,9:53:41.045709267,T,IBM,I,28,311.59
2025-11-13,9:53:41.045982903,T,IBM,F I,2,311.46
2025-11-13,9:53:41.047071942,T,IBM,F I,20,311.48
2025-11-13,9:53:41.047074589,T,IBM,F,100,311.48
2025-11-13,9:53:41.057244806,T,IBM,F I,1,311.75
2025-11-13,9:53:41.063526748,T,IBM,I,25,311.85
2025-11-13,9:53:41.063544802,T,IBM,F I,3,311.85
2025-11-13,9:53:41.063544802,T,IBM,I,1,311.85
2025-11-13,9:53:41.064284461,T,IBM,I,11,311.67
2025-11-13,9:53:41.066512770,T,IBM,F I,14,311.63
2025-11-13,9:53:41.066515825,T,IBM,F I,25,311.61
2025-11-13,9:53:41.066515825,T,IBM,F,40,311.61
2025-11-13,9:53:41.067120245,T,IBM,F I,2,311.59
2025-11-13,9:53:41.067123291,T,IBM,F I,2,311.55
2025-11-13,9:53:41.067126332,T,IBM,F,100,311.53
2025-11-13,9:53:41.067129249,T,IBM,F I,2,311.52
2025-11-13,9:53:41.067852017,T,IBM,F I,2,311.7
2025-11-13,9:53:41.067852017,T,IBM,F I,35,311.71
2025-11-13,9:53:41.067853961,T,IBM,F,219,311.73
2025-11-13,9:53:41.067859972,T,IBM,F I,37,311.73
2025-11-13,9:53:41.073020262,T,IBM,F I,2,311.82
2025-11-13,9:53:41.073693937,T,IBM,F I,2,311.86
2025-11-13,9:53:41.074126950,T,IBM,I,13,311.78
2025-11-13,9:53:41.074144966,T,IBM,I,15,311.86
2025-11-13,9:53:41.074208118,T,IBM,,40,311.78
2025-11-13,9:53:41.074262298,T,IBM,I,9,311.82
2025-11-13,9:53:41.075128325,T,IBM,I,7,311.86
2025-11-13,9:53:41.075149351,T,IBM,,40,311.86
2025-11-13,9:53:41.121489709,T,IBM,F,40,311.94
2025-11-13,9:53:41.121492699,T,IBM,F,100,311.94
2025-11-13,9:53:41.272401381,T,IBM,F I,16,312.1
2025-11-13,9:53:41.272404631,T,IBM,F,100,312.11
2025-11-13,9:53:41.272406924,T,IBM,F,50,312.11
2025-11-13,9:53:41.272406924,T,IBM,F I,35,312.11
2025-11-13,9:53:41.272409954,T,IBM,F I,16,312.11
2025-11-13,9:53:42.450822299,T,IBM,I,1,312.04
2025-11-13,9:53:42.450822299,T,IBM,I,4,312.03
2025-11-13,9:53:47.251213312,T,IBM,F I,2,312.21
2025-11-13,9:53:47.251216448,T,IBM,F,75,312.21
2025-11-13,9:53:50.002604287,T,IBM,,100,312.245
2025-11-13,9:53:50.804096371,T,IBM,F,100,312.38
2025-11-13,9:53:51.366233543,T,IBM,F I,10,312.4
2025-11-13,9:53:51.692985972,T,IBM,F I,16,312.47
2025-11-13,9:53:51.692988917,T,IBM,F I,1,312.48
2025-11-13,9:53:51.692991459,T,IBM,F,51,312.48
2025-11-13,9:53:51.692991459,T,IBM,F,64,312.48
2025-11-13,9:53:51.692997519,T,IBM,F I,16,312.48
2025-11-13,9:53:51.693484673,T,IBM,I,7,312.52
2025-11-13,9:54:18.882053798,T,IBM,F,40,312.49
2025-11-13,9:54:18.882053798,T,IBM,F,80,312.49
2025-11-13,9:54:18.882086585,T,IBM,F,110,312.49
2025-11-13,9:54:18.896600099,T,IBM,F,40,312.23
2025-11-13,9:54:18.987583738,T,IBM,F,60,312.17
2025-11-13,9:54:36.349740569,T,IBM,F,60,312.06
2025-11-13,9:54:36.349743633,T,IBM,F I,1,312.05
2025-11-13,9:54:36.349743633,T,IBM,F,40,312.05
2025-11-13,9:54:36.349803808,T,IBM,F,60,312.05
2025-11-13,9:54:36.350285065,T,IBM,F,40,312.01
2025-11-13,9:54:36.352062271,T,IBM,F I,2,311.98
2025-11-13,9:54:36.352062271,T,IBM,F I,1,311.98
2025-11-13,9:54:36.352065803,T,IBM,F,80,311.98
2025-11-13,9:54:36.352068139,T,IBM,F I,1,311.98
2025-11-13,9:54:36.354717686,T,IBM,I,5,312.0
2025-11-13,9:54:36.354720432,T,IBM,I,32,312.04
2025-11-13,9:54:36.771446508,T,IBM,F,40,311.91
2025-11-13,9:54:50.027902274,T,IBM,,45,312.01
2025-11-13,9:54:50.030819215,T,IBM,I,20,312.06
2025-11-13,9:54:50.031129189,T,IBM,F I,20,312.07
2025-11-13,9:54:50.031131997,T,IBM,F I,10,312.09
2025-11-13,9:54:50.031134919,T,IBM,I,10,312.09
2025-11-13,9:54:50.031174031,T,IBM,F I,10,312.1
2025-11-13,9:54:50.071169272,T,IBM,F,100,312.13
2025-11-13,9:54:50.084987154,T,IBM,F I,2,312.06
2025-11-13,9:54:50.084987154,T,IBM,F I,2,312.04
2025-11-13,9:54:52.320048995,T,IBM,I,5,312.02
2025-11-13,9:54:52.322584112,T,IBM,I,1,312.02
2025-11-13,9:55:01.647814054,T,IBM,,80,312.02
2025-11-13,9:55:01.651747350,T,IBM,I,2,312.07
2025-11-13,9:55:01.651747350,T,IBM,I,2,312.09
2025-11-13,9:55:01.651750517,T,IBM,I,10,312.1
2025-11-13,9:55:01.651753364,T,IBM,,66,312.11
2025-11-13,9:55:01.658769107,T,IBM,,80,312.11
2025-11-13,9:55:01.665685633,T,IBM,I,20,312.11
2025-11-13,9:55:01.665688564,T,IBM,,60,312.12
2025-11-13,9:55:01.665706644,T,IBM,F I,20,312.12
2025-11-13,9:55:01.665709640,T,IBM,I,1,312.12
2025-11-13,9:55:01.665712698,T,IBM,I,16,312.12
2025-11-13,9:55:01.665715671,T,IBM,I,13,312.12
2025-11-13,9:55:11.923546702,T,IBM,F I,2,311.85
2025-11-13,9:55:11.923546702,T,IBM,F I,2,311.85
2025-11-13,9:55:11.923949780,T,IBM,F I,1,311.83
2025-11-13,9:55:11.923953344,T,IBM,F,120,311.82
2025-11-13,9:55:11.923992033,T,IBM,I,15,311.88
2025-11-13,9:55:11.923995112,T,IBM,F,74,311.82
2025-11-13,9:55:11.924060948,T,IBM,,40,311.92
2025-11-13,9:55:15.740557671,T,IBM,F I,29,311.92
2025-11-13,9:55:17.852325937,T,IBM,I,15,311.93
2025-11-13,9:55:17.861795505,T,IBM,I,2,311.92
2025-11-13,9:55:17.861801535,T,IBM,I,1,311.92
2025-11-13,9:55:19.282747289,T,IBM,,100,311.87
2025-11-13,9:55:19.282750242,T,IBM,I,11,311.86
2025-11-13,9:55:19.282753646,T,IBM,,60,311.83
2025-11-13,9:55:19.282753646,T,IBM,,80,311.82
2025-11-13,9:55:19.282756469,T,IBM,,40,311.82
2025-11-13,9:55:19.282756469,T,IBM,I,3,311.82
2025-11-13,9:55:19.282759315,T,IBM,,113,311.82
2025-11-13,9:55:19.282759315,T,IBM,I,10,311.82
2025-11-13,9:55:19.283832922,T,IBM,F,40,311.8
2025-11-13,9:55:19.283877956,T,IBM,F I,6,311.8
2025-11-13,9:55:19.284545590,T,IBM,F I,34,311.8
2025-11-13,9:55:19.284545590,T,IBM,F I,6,311.8
2025-11-13,9:55:19.284635809,T,IBM,F I,34,311.8
2025-11-13,9:55:19.285047720,T,IBM,F I,8,311.8
2025-11-13,9:55:19.301734543,T,IBM,F I,15,311.85
2025-11-13,9:55:19.301737552,T,IBM,F I,2,311.87
2025-11-13,9:55:19.301755507,T,IBM,F I,15,311.87
2025-11-13,9:55:19.307866083,T,IBM,,100,311.87
2025-11-13,9:55:19.633481227,T,IBM,,40,311.98
2025-11-13,9:55:19.928531629,T,IBM,F I,30,311.995
2025-11-13,9:55:28.550474361,T,IBM,F I,10,312.04
2025-11-13,9:55:28.550769117,T,IBM,,45,312.05
2025-11-13,9:55:28.550793061,T,IBM,F,55,312.06
2025-11-13,9:55:36.500635714,T,IBM,I,2,311.97
2025-11-13,9:55:36.500635714,T,IBM,I,35,311.93
2025-11-13,9:55:36.506743180,T,IBM,I,3,311.92
2025-11-13,9:55:36.506755286,T,IBM,I,31,311.92
2025-11-13,9:55:36.530334326,T,IBM,,100,311.88
2025-11-13,9:55:54.598442958,T,IBM,F,52,311.8
2025-11-13,9:55:54.598872978,T,IBM,,43,311.86
2025-11-13,9:55:54.602325213,T,IBM,I,3,311.9
2025-11-13,9:55:55.242516318,T,IBM,F I,28,311.8
2025-11-13,9:55:55.242522259,T,IBM,F,40,311.8
2025-11-13,9:55:55.242528305,T,IBM,F,80,311.8
2025-11-13,9:55:55.242567445,T,IBM,I,1,311.8
2025-11-13,9:55:55.242814021,T,IBM,I,39,311.8
2025-11-13,9:55:55.242814021,T,IBM,I,12,311.8
2025-11-13,9:55:55.780863871,T,IBM,I,32,311.615
2025-11-13,9:55:56.644706366,T,IBM,I,6,311.61
2025-11-13,9:55:59.919788232,T,IBM,I,5,311.615
2025-11-13,9:55:59.997276684,T,IBM,F I,10,311.67
2025-11-13,9:56:04.679720769,T,IBM,F I,3,311.72
2025-11-13,9:56:04.679720769,T,IBM,F I,27,311.72
2025-11-13,9:56:04.679739236,T,IBM,I,1,311.72
2025-11-13,9:56:04.679741938,T,IBM,F I,39,311.72
2025-11-13,9:56:04.679741938,T,IBM,F I,1,311.73
2025-11-13,9:56:04.679774958,T,IBM,F I,39,311.73
2025-11-13,9:56:15.091894375,T,IBM,F I,1,311.84
2025-11-13,9:56:15.091954457,T,IBM,F I,1,311.85
2025-11-13,9:56:15.091981565,T,IBM,F I,1,311.85
2025-11-13,9:56:15.092002617,T,IBM,F I,1,311.85
2025-11-13,9:56:15.092005613,T,IBM,F I,1,311.85
2025-11-13,9:56:15.092035652,T,IBM,F I,1,311.85
2025-11-13,9:56:15.092080782,T,IBM,F I,1,311.85
2025-11-13,9:56:15.735796272,T,IBM,F,40,311.76
2025-11-13,9:56:15.736331578,T,IBM,I,8,311.74
2025-11-13,9:56:15.736358951,T,IBM,I,37,311.74
2025-11-13,9:56:25.701454872,T,IBM,F,40,311.61
2025-11-13,9:56:25.703962819,T,IBM,F,40,311.59
2025-11-13,9:56:25.735682393,T,IBM,F,50,311.7
2025-11-13,9:56:30.854257836,T,IBM,F I,5,311.58
2025-11-13,9:56:38.857306277,T,IBM,I,5,311.73
2025-11-13,9:56:52.116387279,T,IBM,I,2,311.61
2025-11-13,9:56:52.874034931,T,IBM,I,2,311.65
2025-11-13,9:56:52.874037958,T,IBM,I,38,311.65
2025-11-13,9:56:53.707276636,T,IBM,I,23,311.69
2025-11-13,9:57:18.738693417,T,IBM,F,120,311.59
2025-11-13,9:57:18.738943028,T,IBM,,100,311.65
2025-11-13,9:57:18.739057223,T,IBM,F I,13,311.59
2025-11-13,9:57:18.739084302,T,IBM,I,29,311.61
2025-11-13,9:57:18.739102950,T,IBM,I,2,311.59
2025-11-13,9:57:18.739270780,T,IBM,I,31,311.66
2025-11-13,9:57:18.739387981,T,IBM,I,2,311.67
2025-11-13,9:57:18.739815003,T,IBM,I,1,311.64
2025-11-13,9:57:18.739818015,T,IBM,,40,311.59
2025-11-13,9:57:19.440464976,T,IBM,I,1,311.59
2025-11-13,9:57:25.283393013,T,IBM,I,28,311.52
2025-11-13,9:57:27.160975769,T,IBM,F I,4,311.6
2025-11-13,9:57:27.161559166,T,IBM,I,4,311.6
2025-11-13,9:57:27.161562084,T,IBM,I,36,311.59
2025-11-13,9:57:27.161922996,T,IBM,F,40,311.7
2025-11-13,9:57:27.161940976,T,IBM,I,1,311.7
2025-11-13,9:57:27.162304925,T,IBM,F I,1,311.7
2025-11-13,9:57:27.162322944,T,IBM,F I,1,311.7
2025-11-13,9:57:27.162428179,T,IBM,F I,1,311.7
2025-11-13,9:57:27.162870398,T,IBM,F I,1,311.71
2025-11-13,9:57:27.547910534,T,IBM,I,1,311.75
2025-11-13,9:57:27.548337176,T,IBM,F,40,311.78
2025-11-13,9:57:27.548339957,T,IBM,F I,20,311.78
2025-11-13,9:57:27.548342964,T,IBM,F,40,311.78
2025-11-13,9:57:27.548766955,T,IBM,F I,3,311.81
2025-11-13,9:57:27.548790971,T,IBM,F I,12,311.81
2025-11-13,9:57:27.548842370,T,IBM,F I,2,311.82
2025-11-13,9:57:29.174539347,T,IBM,I,35,311.845
2025-11-13,9:57:29.179257634,T,IBM,,65,311.845
2025-11-13,9:57:29.919941842,T,IBM,I,2,311.85
2025-11-13,9:57:32.216930332,T,IBM,F,57,311.81
2025-11-13,9:57:32.933981211,T,IBM,I,9,311.875
2025-11-13,9:57:35.668763628,T,IBM,I,10,311.91
2025-11-13,9:57:35.669338159,T,IBM,,40,311.91
2025-11-13,9:57:36.479752315,T,IBM,,100,311.83
2025-11-13,9:57:36.479756132,T,IBM,,40,311.82
2025-11-13,9:57:36.479756132,T,IBM,,40,311.82
2025-11-13,9:57:36.479758413,T,IBM,,133,311.82
2025-11-13,9:57:36.480299693,T,IBM,I,20,311.9
2025-11-13,9:57:36.480459042,T,IBM,F I,7,311.9
2025-11-13,9:57:36.480492066,T,IBM,I,1,311.9
2025-11-13,9:57:36.480609428,T,IBM,F,49,311.9
2025-11-13,9:57:36.480609428,T,IBM,F,40,311.9
2025-11-13,9:57:36.481694968,T,IBM,I,1,311.94
2025-11-13,9:57:36.491056705,T,IBM,,40,311.82
2025-11-13,9:57:36.491056705,T,IBM,,163,311.82
2025-11-13,9:57:36.500697262,T,IBM,I,20,311.86
2025-11-13,9:57:36.500757321,T,IBM,F I,20,311.9
2025-11-13,9:57:36.501133190,T,IBM,I,2,311.83
2025-11-13,9:57:36.501136261,T,IBM,I,5,311.83
2025-11-13,9:57:36.501205398,T,IBM,F,40,311.82
2025-11-13,9:57:36.501223559,T,IBM,I,1,311.82
2025-11-13,9:57:36.501701567,T,IBM,I,15,311.94
2025-11-13,9:57:36.501704544,T,IBM,,40,311.94
2025-11-13,9:57:36.501729280,T,IBM,F I,4,311.97
2025-11-13,9:57:36.501779796,T,IBM,F I,5,311.97
2025-11-13,9:57:36.501999320,T,IBM,I,26,311.97
2025-11-13,9:57:36.502029354,T,IBM,I,5,311.96
2025-11-13,9:57:36.502287983,T,IBM,F,82,311.96
2025-11-13,9:57:36.502318651,T,IBM,F I,13,311.96
2025-11-13,9:57:36.502321952,T,IBM,,62,311.96
2025-11-13,9:57:36.502321952,T,IBM,I,30,311.96
2025-11-13,9:57:36.502327086,T,IBM,,200,311.96
2025-11-13,9:57:36.502327086,T,IBM,I,20,311.96
2025-11-13,9:57:36.502384202,T,IBM,I,30,311.96
2025-11-13,9:57:36.502702973,T,IBM,F I,2,311.89
2025-11-13,9:57:38.520813305,T,IBM,,40,311.845
2025-11-13,9:57:45.844054290,T,IBM,I,5,311.845
2025-11-13,9:57:47.059716394,T,IBM,,44,311.92
2025-11-13,9:58:09.776649057,T,IBM,I,1,311.87
2025-11-13,9:58:09.957237936,T,IBM,,40,311.72
2025-11-13,9:58:09.957256057,T,IBM,I,1,311.72
2025-11-13,9:58:09.957268088,T,IBM,F I,39,311.72
2025-11-13,9:58:09.957268088,T,IBM,F I,1,311.72
2025-11-13,9:58:09.957277106,T,IBM,F I,39,311.72
2025-11-13,9:58:09.957283027,T,IBM,F I,20,311.72
2025-11-13,9:58:09.957316148,T,IBM,I,4,311.75
2025-11-13,9:58:09.957316148,T,IBM,I,1,311.75
2025-11-13,9:58:09.957337155,T,IBM,I,6,311.75
2025-11-13,9:58:09.957457444,T,IBM,F I,20,311.73
2025-11-13,9:58:09.957604836,T,IBM,F I,20,311.73
2025-11-13,9:58:09.957701491,T,IBM,F I,20,311.72
2025-11-13,9:58:09.957704031,T,IBM,F,40,311.72
2025-11-13,9:58:09.957731132,T,IBM,F I,7,311.72
2025-11-13,9:58:20.833241729,T,IBM,F,75,311.81
2025-11-13,9:58:20.833569503,T,IBM,F I,5,311.87
2025-11-13,9:58:20.833569503,T,IBM,F I,30,311.87
2025-11-13,9:58:20.833659672,T,IBM,F,41,311.91
2025-11-13,9:58:20.833888286,T,IBM,F,40,311.81
2025-11-13,9:58:20.833900307,T,IBM,F I,7,311.81
2025-11-13,9:58:20.833906255,T,IBM,F,53,311.81
2025-11-13,9:58:20.833909656,T,IBM,F,40,311.95
2025-11-13,9:58:20.834198500,T,IBM,F I,14,311.95
2025-11-13,9:58:20.834240114,T,IBM,F,100,311.95
2025-11-13,9:58:20.834270141,T,IBM,F I,5,311.95
2025-11-13,9:58:20.839388451,T,IBM,F I,16,311.99
2025-11-13,9:58:20.839388451,T,IBM,F,84,311.99
2025-11-13,9:58:20.839391376,T,IBM,F I,16,311.99
