DATE,TIME_M,EX,SYM_ROOT,TR_SCOND,SIZE,PRICE
2025-12-02,9:30:01.054546244,T,IBM,,100,307.49
2025-12-02,9:30:01.054588444,T,IBM,Q,100,307.49
2025-12-02,9:30:01.057448179,T,IBM,,40,306.975
2025-12-02,9:30:01.062948318,T,IBM,,40,307.35
2025-12-02,9:30:01.063056589,T,IBM,,60,307.24
2025-12-02,9:30:01.213549818,T,IBM,,120,307.45
2025-12-02,9:30:01.282088982,T,IBM,,80,307.57
2025-12-02,9:30:02.341724554,T,IBM,,100,307.705
2025-12-02,9:30:03.695917288,T,IBM,I,4,307.705
2025-12-02,9:30:03.695926395,T,IBM,I,1,307.705
2025-12-02,9:30:03.695959400,T,IBM,I,2,307.705
2025-12-02,9:30:04.270095224,T,IBM,I,1,307.61
2025-12-02,9:30:04.848573392,T,IBM,,100,307.71
2025-12-02,9:30:04.859236694,T,IBM,,100,307.71
2025-12-02,9:30:05.585982917,T,IBM,F I,1,307.89
2025-12-02,9:30:05.597199678,T,IBM,I,37,308.1
2025-12-02,9:30:05.597199678,T,IBM,I,12,308.09
2025-12-02,9:30:05.597205791,T,IBM,I,37,308.07
2025-12-02,9:30:05.597205791,T,IBM,I,5,308.03
2025-12-02,9:30:05.597208585,T,IBM,,100,307.94
2025-12-02,9:30:05.597208585,T,IBM,,42,307.92
2025-12-02,9:30:07.787953994,T,IBM,F I,5,308.59
2025-12-02,9:30:07.787953994,T,IBM,F I,35,308.56
2025-12-02,9:30:10.549617792,T,IBM,I,37,308.88
2025-12-02,9:30:10.549617792,T,IBM,I,12,308.83
2025-12-02,9:30:10.549620457,T,IBM,I,5,308.79
2025-12-02,9:30:10.549620457,T,IBM,I,34,308.77
2025-12-02,9:30:10.552781055,T,IBM,F I,2,308.76
2025-12-02,9:30:24.028509759,T,IBM,F I,12,308.96
2025-12-02,9:30:24.028509759,T,IBM,F I,39,308.98
2025-12-02,9:30:24.028714290,T,IBM,I,20,308.98
2025-12-02,9:30:24.028747412,T,IBM,,40,308.99
2025-12-02,9:30:24.028747412,T,IBM,I,11,308.99
2025-12-02,9:30:24.028786482,T,IBM,I,1,309.0
2025-12-02,9:30:24.028786482,T,IBM,,50,309.0
2025-12-02,9:30:24.081111025,T,IBM,I,2,309.24
2025-12-02,9:30:24.081141083,T,IBM,F I,37,309.15
2025-12-02,9:30:24.081144118,T,IBM,F I,5,309.14
2025-12-02,9:30:24.081207248,T,IBM,F I,12,309.11
2025-12-02,9:30:24.086698341,T,IBM,I,10,309.09
2025-12-02,9:30:24.086701343,T,IBM,I,28,309.03
2025-12-02,9:30:24.128957893,T,IBM,I,2,309.0
2025-12-02,9:30:25.773016893,T,IBM,,80,308.56
2025-12-02,9:30:25.773016893,T,IBM,I,20,308.49
2025-12-02,9:30:25.773020152,T,IBM,I,10,308.48
2025-12-02,9:30:25.773034866,T,IBM,F I,30,308.48
2025-12-02,9:30:25.773034866,T,IBM,F I,1,308.48
2025-12-02,9:30:25.773037961,T,IBM,F I,1,308.48
2025-12-02,9:30:25.773040924,T,IBM,F I,8,308.48
2025-12-02,9:30:25.773049856,T,IBM,I,1,308.48
2025-12-02,9:30:25.773055894,T,IBM,I,1,308.48
2025-12-02,9:30:25.773347590,T,IBM,F I,3,308.48
2025-12-02,9:30:25.774475333,T,IBM,,40,308.43
2025-12-02,9:30:25.775353398,T,IBM,F I,1,308.29
2025-12-02,9:30:25.775389491,T,IBM,F,40,308.29
2025-12-02,9:30:25.775416539,T,IBM,F,40,308.29
2025-12-02,9:30:25.775753345,T,IBM,I,14,308.29
2025-12-02,9:30:25.775762370,T,IBM,F I,14,308.29
2025-12-02,9:30:25.775771444,T,IBM,F I,12,308.29
2025-12-02,9:30:25.775993898,T,IBM,I,24,308.36
2025-12-02,9:30:25.776005991,T,IBM,I,24,308.37
2025-12-02,9:30:25.776020935,T,IBM,F,40,308.31
2025-12-02,9:30:25.776036073,T,IBM,I,24,308.29
2025-12-02,9:30:25.776069620,T,IBM,F I,24,308.31
2025-12-02,9:30:25.776072066,T,IBM,F I,13,308.31
2025-12-02,9:30:25.776090137,T,IBM,I,13,308.31
2025-12-02,9:30:25.778171150,T,IBM,F I,5,308.37
2025-12-02,9:30:25.778171150,T,IBM,F I,19,308.37
2025-12-02,9:30:25.778207201,T,IBM,I,2,308.37
2025-12-02,9:30:26.044479145,T,IBM,F,100,308.17
2025-12-02,9:30:27.124316847,T,IBM,F I,20,308.01
2025-12-02,9:30:27.124322782,T,IBM,F I,25,308.0
2025-12-02,9:30:27.124322782,T,IBM,I,15,308.0
2025-12-02,9:30:28.234893744,T,IBM,F I,12,308.15
2025-12-02,9:30:28.234893744,T,IBM,F,100,308.12
2025-12-02,9:30:30.256907532,T,IBM,F,100,308.135
2025-12-02,9:30:32.673692094,T,IBM,F,100,308.04
2025-12-02,9:30:32.971800711,T,IBM,,95,308.135
2025-12-02,9:30:36.466691390,T,IBM,F I,37,308.15
2025-12-02,9:30:36.466691390,T,IBM,F I,37,308.15
2025-12-02,9:30:36.466693948,T,IBM,F I,5,308.14
2025-12-02,9:30:36.466696939,T,IBM,F,46,308.13
2025-12-02,9:30:40.148722277,T,IBM,F I,1,308.12
2025-12-02,9:31:05.530734391,T,IBM,F,75,308.04
2025-12-02,9:31:10.602798138,T,IBM,,40,307.91
2025-12-02,9:31:10.612790929,T,IBM,I,30,308.09
2025-12-02,9:31:10.651595359,T,IBM,I,31,308.23
2025-12-02,9:31:10.651613342,T,IBM,I,1,308.23
2025-12-02,9:31:10.651619742,T,IBM,F I,8,308.23
2025-12-02,9:31:10.651619742,T,IBM,F I,1,308.23
2025-12-02,9:31:10.651622381,T,IBM,I,9,308.23
2025-12-02,9:31:10.651641194,T,IBM,F I,8,308.23
2025-12-02,9:31:10.651643405,T,IBM,I,9,308.23
2025-12-02,9:31:10.651649437,T,IBM,I,9,308.23
2025-12-02,9:31:10.652130600,T,IBM,,40,308.23
2025-12-02,9:31:21.439317907,T,IBM,F,100,308.08
2025-12-02,9:31:21.439351523,T,IBM,I,20,308.08
2025-12-02,9:31:21.439354439,T,IBM,I,2,308.07
2025-12-02,9:31:21.439357017,T,IBM,,40,308.07
2025-12-02,9:31:21.439357017,T,IBM,I,38,308.07
2025-12-02,9:31:21.439369183,T,IBM,I,19,308.07
2025-12-02,9:31:21.439372024,T,IBM,I,1,308.07
2025-12-02,9:31:21.439714860,T,IBM,F,99,308.07
2025-12-02,9:31:21.439760021,T,IBM,,100,308.08
2025-12-02,9:31:21.440078719,T,IBM,I,36,308.17
2025-12-02,9:31:21.440135944,T,IBM,I,39,308.17
2025-12-02,9:31:21.440135944,T,IBM,,60,308.14
2025-12-02,9:31:21.440316322,T,IBM,,40,308.14
2025-12-02,9:31:21.440316322,T,IBM,,40,308.08
2025-12-02,9:31:21.440337379,T,IBM,,68,308.08
2025-12-02,9:31:21.440340376,T,IBM,,100,308.08
2025-12-02,9:31:21.440346438,T,IBM,,53,308.08
2025-12-02,9:31:21.440346438,T,IBM,I,21,308.08
2025-12-02,9:31:21.440349377,T,IBM,,79,308.08
2025-12-02,9:31:21.440349377,T,IBM,,100,308.08
2025-12-02,9:31:21.440686172,T,IBM,I,38,308.09
2025-12-02,9:31:21.440890715,T,IBM,,40,308.29
2025-12-02,9:31:21.440938852,T,IBM,F I,9,308.36
2025-12-02,9:31:21.440968917,T,IBM,I,38,308.26
2025-12-02,9:31:21.440971927,T,IBM,,64,308.4
2025-12-02,9:31:21.440974863,T,IBM,I,36,308.41
2025-12-02,9:31:21.441026053,T,IBM,F I,22,308.41
2025-12-02,9:31:21.441047044,T,IBM,F,42,308.41
2025-12-02,9:31:21.442521140,T,IBM,F I,36,308.21
2025-12-02,9:31:21.442523606,T,IBM,F,66,308.19
2025-12-02,9:31:21.443888783,T,IBM,F I,4,308.21
2025-12-02,9:31:21.810058564,T,IBM,,45,308.34
2025-12-02,9:31:24.857925377,T,IBM,,45,308.34
2025-12-02,9:31:27.071813800,T,IBM,,40,308.34
2025-12-02,9:31:28.890047333,T,IBM,,45,308.34
2025-12-02,9:31:29.789431428,T,IBM,I,34,308.34
2025-12-02,9:31:37.679789538,T,IBM,F,40,308.48
2025-12-02,9:31:37.679792473,T,IBM,F,85,308.48
2025-12-02,9:31:37.679792473,T,IBM,F I,12,308.48
2025-12-02,9:31:37.679820225,T,IBM,I,5,308.5
2025-12-02,9:31:37.679834644,T,IBM,F I,35,308.5
2025-12-02,9:31:37.679838132,T,IBM,F I,32,308.5
2025-12-02,9:31:37.679841165,T,IBM,F I,2,308.5
2025-12-02,9:31:37.679841165,T,IBM,,100,308.48
2025-12-02,9:31:37.679852728,T,IBM,,60,308.48
2025-12-02,9:31:37.680613518,T,IBM,I,15,308.5
2025-12-02,9:31:40.016036260,T,IBM,I,37,308.54
2025-12-02,9:31:40.683983402,T,IBM,F I,3,308.54
2025-12-02,9:31:44.527084486,T,IBM,F I,1,308.47
2025-12-02,9:32:07.425755459,T,IBM,I,5,308.38
2025-12-02,9:32:07.425758091,T,IBM,I,30,308.34
2025-12-02,9:32:07.425758091,T,IBM,I,1,308.33
2025-12-02,9:32:07.425761155,T,IBM,I,4,308.24
2025-12-02,9:32:13.943739099,T,IBM,F I,30,308.31
2025-12-02,9:32:13.943739099,T,IBM,F I,5,308.29
2025-12-02,9:32:13.943742105,T,IBM,F I,24,308.27
2025-12-02,9:32:18.727272039,T,IBM,I,12,308.43
2025-12-02,9:32:25.303862419,T,IBM,F,40,308.45
2025-12-02,9:32:25.303862419,T,IBM,F I,1,308.45
2025-12-02,9:32:25.303898499,T,IBM,F,40,308.49
2025-12-02,9:32:25.303901498,T,IBM,F I,10,308.49
2025-12-02,9:32:25.304539502,T,IBM,F I,5,308.5
2025-12-02,9:32:25.305063237,T,IBM,F I,30,308.47
2025-12-02,9:32:25.305063237,T,IBM,F I,5,308.43
2025-12-02,9:32:25.305063237,T,IBM,F I,15,308.4
2025-12-02,9:32:25.305266916,T,IBM,F I,3,308.41
2025-12-02,9:32:25.305269746,T,IBM,F I,1,308.4
2025-12-02,9:32:25.305281794,T,IBM,F I,3,308.4
2025-12-02,9:32:25.305386994,T,IBM,,46,308.43
2025-12-02,9:32:25.322037669,T,IBM,I,2,308.32
2025-12-02,9:32:25.322121924,T,IBM,I,19,308.32
2025-12-02,9:32:25.422949309,T,IBM,F I,12,308.48
2025-12-02,9:32:25.422951898,T,IBM,F I,10,308.53
2025-12-02,9:32:25.422954935,T,IBM,F,58,308.53
2025-12-02,9:32:25.423691621,T,IBM,I,30,308.57
2025-12-02,9:32:33.523540539,T,IBM,,40,308.57
2025-12-02,9:32:33.528069337,T,IBM,I,3,308.48
2025-12-02,9:32:33.528126495,T,IBM,,46,308.55
2025-12-02,9:32:33.528168561,T,IBM,,100,308.52
2025-12-02,9:32:33.528189551,T,IBM,I,4,308.48
2025-12-02,9:32:33.528189551,T,IBM,I,12,308.48
2025-12-02,9:32:33.529097742,T,IBM,I,25,308.43
2025-12-02,9:32:33.529097742,T,IBM,I,10,308.43
2025-12-02,9:32:33.529100785,T,IBM,I,23,308.43
2025-12-02,9:32:33.529100785,T,IBM,I,1,308.43
2025-12-02,9:32:33.529191032,T,IBM,I,12,308.48
2025-12-02,9:32:33.551513066,T,IBM,,40,308.48
2025-12-02,9:32:33.551513066,T,IBM,I,17,308.48
2025-12-02,9:32:33.551534158,T,IBM,F I,3,308.48
2025-12-02,9:32:57.132991771,T,IBM,F I,2,308.62
2025-12-02,9:33:05.727346581,T,IBM,F,100,308.5
2025-12-02,9:33:05.727373687,T,IBM,I,2,308.57
2025-12-02,9:33:09.635183005,T,IBM,I,30,308.6
2025-12-02,9:33:09.635183005,T,IBM,,70,308.62
2025-12-02,9:33:15.394565795,T,IBM,F I,35,308.455
2025-12-02,9:33:15.506558341,T,IBM,F I,5,308.455
2025-12-02,9:33:20.237919912,T,IBM,F I,5,308.51
2025-12-02,9:33:20.237947118,T,IBM,I,5,308.51
2025-12-02,9:33:28.423193045,T,IBM,F I,1,308.46
2025-12-02,9:33:32.272747474,T,IBM,I,1,308.47
2025-12-02,9:33:32.584376391,T,IBM,I,1,308.46
2025-12-02,9:33:33.784154594,T,IBM,I,1,308.46
2025-12-02,9:33:34.127388715,T,IBM,I,1,308.46
2025-12-02,9:33:34.351166514,T,IBM,I,1,308.46
2025-12-02,9:33:34.602279335,T,IBM,I,1,308.46
2025-12-02,9:33:34.807244209,T,IBM,I,1,308.46
2025-12-02,9:33:35.271666857,T,IBM,I,1,308.46
2025-12-02,9:33:35.474496700,T,IBM,I,1,308.46
2025-12-02,9:33:35.606965090,T,IBM,I,1,308.46
2025-12-02,9:33:36.025829235,T,IBM,I,1,308.46
2025-12-02,9:33:36.297838867,T,IBM,I,1,308.46
2025-12-02,9:33:36.509536826,T,IBM,I,1,308.46
2025-12-02,9:33:36.509578884,T,IBM,F I,1,308.46
2025-12-02,9:33:36.950034547,T,IBM,I,1,308.46
2025-12-02,9:33:39.155719499,T,IBM,F I,1,308.46
2025-12-02,9:33:41.127880531,T,IBM,F I,30,308.55
2025-12-02,9:33:41.127883485,T,IBM,F I,37,308.56
2025-12-02,9:33:41.127889549,T,IBM,F,58,308.59
2025-12-02,9:33:41.845975100,T,IBM,F I,1,308.46
2025-12-02,9:33:41.846056193,T,IBM,F I,1,308.46
2025-12-02,9:33:41.846080322,T,IBM,F I,1,308.46
2025-12-02,9:33:41.846095397,T,IBM,F,99,308.46
2025-12-02,9:33:41.846098348,T,IBM,F I,26,308.455
2025-12-02,9:33:41.849391242,T,IBM,I,1,308.47
2025-12-02,9:33:41.849619777,T,IBM,F I,1,308.45
2025-12-02,9:33:41.850121943,T,IBM,I,2,308.45
2025-12-02,9:33:41.850272427,T,IBM,I,2,308.45
2025-12-02,9:33:41.850278251,T,IBM,F,94,308.45
2025-12-02,9:33:41.850323721,T,IBM,I,2,308.31
2025-12-02,9:33:41.850326715,T,IBM,I,2,308.31
2025-12-02,9:33:45.026647226,T,IBM,,70,308.47
2025-12-02,9:33:58.553828516,T,IBM,F I,2,308.59
2025-12-02,9:33:58.553831546,T,IBM,F,105,308.59
2025-12-02,9:33:58.553834640,T,IBM,F I,37,308.59
2025-12-02,9:33:58.553903761,T,IBM,,700,308.59
2025-12-02,9:33:58.553927782,T,IBM,F,40,308.6
2025-12-02,9:33:58.554520307,T,IBM,F I,2,308.61
2025-12-02,9:33:58.554559349,T,IBM,F I,1,308.61
2025-12-02,9:33:58.554589372,T,IBM,F I,37,308.61
2025-12-02,9:33:58.554787893,T,IBM,F,125,308.65
2025-12-02,9:33:58.554817927,T,IBM,I,1,308.65
2025-12-02,9:33:58.554823871,T,IBM,I,1,308.65
2025-12-02,9:33:58.554965223,T,IBM,,40,308.6
2025-12-02,9:33:58.554968226,T,IBM,I,2,308.57
2025-12-02,9:33:58.554989340,T,IBM,I,30,308.6
2025-12-02,9:33:58.554989340,T,IBM,I,11,308.57
2025-12-02,9:33:58.555013421,T,IBM,F I,29,308.57
2025-12-02,9:34:00.100142880,T,IBM,F,71,308.57
2025-12-02,9:34:00.909336149,T,IBM,F,125,308.65
2025-12-02,9:34:00.909904457,T,IBM,F I,1,308.71
2025-12-02,9:34:01.723798083,T,IBM,F I,20,308.64
2025-12-02,9:34:18.726328750,T,IBM,I,1,308.42
2025-12-02,9:34:23.529543502,T,IBM,I,20,308.5
2025-12-02,9:34:50.195029043,T,IBM,,44,308.17
2025-12-02,9:34:53.310929901,T,IBM,I,10,308.14
2025-12-02,9:34:53.310953969,T,IBM,I,5,308.14
2025-12-02,9:34:53.340309866,T,IBM,I,5,308.11
2025-12-02,9:34:54.046607322,T,IBM,F I,5,308.11
2025-12-02,9:34:55.547110473,T,IBM,I,5,308.12
2025-12-02,9:34:55.547627766,T,IBM,I,5,308.11
2025-12-02,9:34:56.811166638,T,IBM,I,5,308.13
2025-12-02,9:34:56.840997751,T,IBM,I,5,308.13
2025-12-02,9:34:57.723616954,T,IBM,I,5,308.12
2025-12-02,9:34:57.821081917,T,IBM,I,3,308.12
2025-12-02,9:34:57.821108981,T,IBM,I,5,308.12
2025-12-02,9:34:58.406061580,T,IBM,I,1,308.11
2025-12-02,9:34:58.406088663,T,IBM,I,5,308.11
2025-12-02,9:34:58.436057958,T,IBM,I,5,308.09
2025-12-02,9:34:58.467733299,T,IBM,I,15,308.08
2025-12-02,9:34:58.467768456,T,IBM,I,30,308.09
2025-12-02,9:34:58.467777466,T,IBM,,70,308.1
2025-12-02,9:34:58.467801569,T,IBM,I,15,308.12
2025-12-02,9:35:01.051405318,T,IBM,I,10,308.07
2025-12-02,9:35:01.051408205,T,IBM,I,29,308.06
2025-12-02,9:35:01.051486450,T,IBM,F I,1,308.18
2025-12-02,9:35:01.051489468,T,IBM,F I,30,308.18
2025-12-02,9:35:01.052253287,T,IBM,F I,23,308.18
2025-12-02,9:35:01.052271313,T,IBM,F I,7,308.18
2025-12-02,9:35:01.058998259,T,IBM,F I,5,308.19
2025-12-02,9:35:01.059241823,T,IBM,F,95,308.19
2025-12-02,9:35:02.412271055,T,IBM,I,12,308.09
2025-12-02,9:35:02.512397340,T,IBM,F I,3,308.09
2025-12-02,9:35:04.329948353,T,IBM,F,40,308.23
2025-12-02,9:35:04.329951837,T,IBM,F I,30,308.23
2025-12-02,9:35:04.329954262,T,IBM,F I,16,308.23
2025-12-02,9:35:04.329957201,T,IBM,F,70,308.23
2025-12-02,9:35:04.329957201,T,IBM,F I,14,308.23
2025-12-02,9:35:04.330092522,T,IBM,F I,30,308.27
2025-12-02,9:35:04.330116641,T,IBM,F,70,308.28
2025-12-02,9:35:09.115601432,T,IBM,F I,5,308.28
2025-12-02,9:35:12.455481098,T,IBM,,100,308.34
2025-12-02,9:35:12.455481098,T,IBM,I,10,308.36
2025-12-02,9:35:12.455484180,T,IBM,,52,308.38
2025-12-02,9:35:14.372289359,T,IBM,F,40,308.46
2025-12-02,9:35:16.857955856,T,IBM,F I,5,308.48
2025-12-02,9:35:26.857986430,T,IBM,F I,13,308.425
2025-12-02,9:35:35.415088777,T,IBM,F I,30,308.66
2025-12-02,9:35:35.415136939,T,IBM,F I,19,308.67
2025-12-02,9:35:35.415145986,T,IBM,F I,11,308.67
2025-12-02,9:35:37.475548915,T,IBM,F I,30,308.9
2025-12-02,9:35:37.477019423,T,IBM,F I,12,308.8
2025-12-02,9:35:37.552258584,T,IBM,F I,3,308.8
2025-12-02,9:35:37.627539749,T,IBM,I,5,308.8
2025-12-02,9:35:39.792276435,T,IBM,I,10,308.8
2025-12-02,9:35:39.792279905,T,IBM,I,15,308.8
2025-12-02,9:35:39.792339430,T,IBM,I,10,308.74
2025-12-02,9:35:39.792339430,T,IBM,I,3,308.74
2025-12-02,9:35:39.792342453,T,IBM,I,2,308.74
2025-12-02,9:35:39.792793536,T,IBM,I,8,308.74
2025-12-02,9:35:39.792832552,T,IBM,F I,8,308.74
2025-12-02,9:35:39.792832552,T,IBM,F I,2,308.74
2025-12-02,9:35:39.792883653,T,IBM,F I,1,308.74
2025-12-02,9:35:39.841307977,T,IBM,F I,11,308.64
2025-12-02,9:35:40.092853826,T,IBM,I,1,308.54
2025-12-02,9:35:40.092853826,T,IBM,I,10,308.54
2025-12-02,9:35:42.079797951,T,IBM,F,100,308.535
2025-12-02,9:35:45.352152962,T,IBM,F I,5,308.43
2025-12-02,9:35:45.352155300,T,IBM,F I,35,308.41
2025-12-02,9:35:46.768088242,T,IBM,,100,308.46
2025-12-02,9:35:47.649582604,T,IBM,F I,5,308.39
2025-12-02,9:35:47.649582604,T,IBM,F I,13,308.36
2025-12-02,9:35:48.607741658,T,IBM,F I,5,308.35
2025-12-02,9:35:57.645318820,T,IBM,I,23,308.5
2025-12-02,9:35:57.645321809,T,IBM,I,1,308.5
2025-12-02,9:36:14.327130221,T,IBM,I,4,308.79
2025-12-02,9:36:14.327130221,T,IBM,I,36,308.8
2025-12-02,9:36:14.327136195,T,IBM,F I,4,308.8
2025-12-02,9:36:14.329439724,T,IBM,I,4,308.89
2025-12-02,9:36:14.329505813,T,IBM,F I,9,308.78
2025-12-02,9:36:15.377566898,T,IBM,F I,2,308.71
2025-12-02,9:36:19.185448071,T,IBM,F I,2,308.57
2025-12-02,9:36:21.850786556,T,IBM,I,2,308.76
2025-12-02,9:36:21.850789312,T,IBM,I,38,308.76
2025-12-02,9:36:23.688686650,T,IBM,,40,308.79
2025-12-02,9:36:23.688704998,T,IBM,F I,16,308.79
2025-12-02,9:36:23.688708296,T,IBM,F I,20,308.79
2025-12-02,9:36:23.688710776,T,IBM,F,120,308.79
2025-12-02,9:36:23.688710776,T,IBM,F I,10,308.79
2025-12-02,9:36:23.698853856,T,IBM,F I,13,308.72
2025-12-02,9:36:23.699329151,T,IBM,,105,308.72
2025-12-02,9:36:23.699331969,T,IBM,I,10,308.72
2025-12-02,9:36:23.699383589,T,IBM,I,30,308.81
2025-12-02,9:36:23.699386167,T,IBM,I,21,308.84
2025-12-02,9:36:23.699407278,T,IBM,F I,30,308.84
2025-12-02,9:36:23.699407278,T,IBM,I,1,308.84
2025-12-02,9:36:24.698869656,T,IBM,F I,21,308.72
2025-12-02,9:36:24.698872836,T,IBM,F I,18,308.72
2025-12-02,9:36:24.698875976,T,IBM,F I,30,308.72
2025-12-02,9:36:24.698875976,T,IBM,F I,10,308.72
2025-12-02,9:36:24.698881607,T,IBM,F,100,308.72
2025-12-02,9:36:24.698885119,T,IBM,F I,1,308.72
2025-12-02,9:36:24.698887617,T,IBM,F I,13,308.72
2025-12-02,9:36:24.698929665,T,IBM,,100,308.72
2025-12-02,9:36:24.698944709,T,IBM,F I,2,308.72
2025-12-02,9:36:24.699570290,T,IBM,I,4,308.79
2025-12-02,9:36:25.698894256,T,IBM,F,45,308.73
2025-12-02,9:36:25.698897347,T,IBM,F I,2,308.72
2025-12-02,9:36:25.698897347,T,IBM,F,55,308.72
2025-12-02,9:36:25.698906322,T,IBM,,40,308.72
2025-12-02,9:36:25.698915296,T,IBM,F I,5,308.72
2025-12-02,9:36:25.698918331,T,IBM,F I,2,308.72
2025-12-02,9:36:25.699438629,T,IBM,F I,11,308.77
2025-12-02,9:36:25.699438629,T,IBM,F I,9,308.79
2025-12-02,9:36:25.699463018,T,IBM,I,11,308.79
2025-12-02,9:36:25.699483786,T,IBM,I,9,308.72
2025-12-02,9:36:25.699483786,T,IBM,I,3,308.72
2025-12-02,9:36:25.699531836,T,IBM,F,192,308.79
2025-12-02,9:36:25.699552840,T,IBM,F I,8,308.79
2025-12-02,9:36:25.699576865,T,IBM,I,1,308.79
2025-12-02,9:36:25.699718292,T,IBM,I,32,308.79
2025-12-02,9:36:25.699718292,T,IBM,I,1,308.79
2025-12-02,9:36:26.724386640,T,IBM,F,45,308.73
2025-12-02,9:36:26.724386640,T,IBM,F I,3,308.72
2025-12-02,9:36:31.664772940,T,IBM,I,16,308.92
2025-12-02,9:36:31.665251076,T,IBM,F I,2,308.98
2025-12-02,9:36:31.665284173,T,IBM,F I,20,309.0
2025-12-02,9:36:31.665924636,T,IBM,I,11,309.07
2025-12-02,9:36:33.417766476,T,IBM,,40,309.15
2025-12-02,9:36:33.417769219,T,IBM,,120,309.15
2025-12-02,9:36:33.417787253,T,IBM,I,1,309.15
2025-12-02,9:36:33.417803182,T,IBM,I,39,309.15
2025-12-02,9:36:33.417803182,T,IBM,I,1,309.15
2025-12-02,9:36:33.417806482,T,IBM,F I,39,309.15
2025-12-02,9:36:33.417811327,T,IBM,,100,309.14
2025-12-02,9:36:33.417820291,T,IBM,I,39,309.15
2025-12-02,9:36:33.417824013,T,IBM,I,1,309.15
2025-12-02,9:36:33.417824013,T,IBM,I,39,309.15
2025-12-02,9:36:33.417826867,T,IBM,I,1,309.14
2025-12-02,9:36:33.417829885,T,IBM,I,39,309.15
2025-12-02,9:36:33.417832424,T,IBM,I,25,309.15
2025-12-02,9:36:33.417847526,T,IBM,F I,15,309.15
2025-12-02,9:36:33.417847526,T,IBM,F I,2,309.15
2025-12-02,9:36:33.417850435,T,IBM,F I,8,309.15
2025-12-02,9:36:33.417901572,T,IBM,F,40,309.14
2025-12-02,9:36:33.417973677,T,IBM,F I,13,309.03
2025-12-02,9:36:33.455051924,T,IBM,F I,8,309.1
2025-12-02,9:36:33.803193782,T,IBM,,80,309.14
2025-12-02,9:36:40.062276460,T,IBM,F,75,309.25
2025-12-02,9:36:40.062291519,T,IBM,I,1,309.25
2025-12-02,9:36:40.062294521,T,IBM,F,424,309.25
2025-12-02,9:36:40.062351661,T,IBM,F,100,309.26
2025-12-02,9:36:40.062393710,T,IBM,F,100,309.25
2025-12-02,9:36:57.748797984,T,IBM,F,100,309.275
2025-12-02,9:37:01.398824434,T,IBM,F I,2,309.2
2025-12-02,9:37:01.717986194,T,IBM,,100,309.27
2025-12-02,9:37:17.242765900,T,IBM,F I,2,309.42
2025-12-02,9:37:24.300492645,T,IBM,I,39,309.53
2025-12-02,9:37:26.439388508,T,IBM,F,113,309.72
2025-12-02,9:37:26.439409651,T,IBM,F I,7,309.72
2025-12-02,9:37:26.444443552,T,IBM,F,68,309.695
2025-12-02,9:37:29.019281264,T,IBM,F I,10,309.63
2025-12-02,9:37:29.019284363,T,IBM,F,43,309.61
2025-12-02,9:37:37.826786695,T,IBM,I,12,309.56
2025-12-02,9:37:37.827132869,T,IBM,I,10,309.55
2025-12-02,9:37:37.827171623,T,IBM,I,1,309.6
2025-12-02,9:37:37.827228889,T,IBM,F I,2,309.6
2025-12-02,9:37:37.827235122,T,IBM,I,4,309.63
2025-12-02,9:37:37.827276861,T,IBM,F I,5,309.6
2025-12-02,9:37:37.827282839,T,IBM,F I,11,309.6
2025-12-02,9:37:37.827295046,T,IBM,F I,10,309.63
2025-12-02,9:37:37.827297923,T,IBM,F I,4,309.65
2025-12-02,9:37:37.827300864,T,IBM,F,110,309.65
2025-12-02,9:37:37.827300864,T,IBM,F I,10,309.65
2025-12-02,9:37:37.827306934,T,IBM,I,1,309.61
2025-12-02,9:37:37.827327987,T,IBM,F I,10,309.61
2025-12-02,9:37:37.827424219,T,IBM,F I,12,309.61
2025-12-02,9:37:37.827424219,T,IBM,I,25,309.74
2025-12-02,9:37:37.827487582,T,IBM,I,2,309.61
2025-12-02,9:37:37.827490639,T,IBM,I,20,309.61
2025-12-02,9:37:37.827490639,T,IBM,I,10,309.59
2025-12-02,9:37:37.827493408,T,IBM,I,10,309.59
2025-12-02,9:37:37.827511386,T,IBM,I,1,309.59
2025-12-02,9:37:37.827559476,T,IBM,I,2,309.59
2025-12-02,9:37:37.827628664,T,IBM,I,13,309.73
2025-12-02,9:37:37.827742987,T,IBM,,40,309.63
2025-12-02,9:37:37.827746176,T,IBM,I,27,309.59
2025-12-02,9:37:37.827746176,T,IBM,,215,309.59
2025-12-02,9:37:38.066773091,T,IBM,F I,30,309.63
2025-12-02,9:37:38.066779029,T,IBM,F I,12,309.6
2025-12-02,9:37:38.066920373,T,IBM,F I,33,309.6
2025-12-02,9:37:38.066923400,T,IBM,F I,9,309.59
2025-12-02,9:37:38.067124921,T,IBM,F I,31,309.59
2025-12-02,9:37:38.067127951,T,IBM,F I,2,309.59
2025-12-02,9:37:38.069263026,T,IBM,I,8,309.64
2025-12-02,9:37:38.069293894,T,IBM,F I,8,309.65
2025-12-02,9:37:38.069744121,T,IBM,I,12,309.6
2025-12-02,9:37:38.088884674,T,IBM,F I,1,309.55
2025-12-02,9:37:38.088884674,T,IBM,F I,10,309.55
2025-12-02,9:37:38.590975003,T,IBM,F I,2,309.5
2025-12-02,9:37:38.590978046,T,IBM,F I,1,309.5
2025-12-02,9:37:38.591143443,T,IBM,F I,13,309.48
2025-12-02,9:37:39.248953298,T,IBM,F I,1,309.43
2025-12-02,9:37:40.248989982,T,IBM,F,100,309.52
2025-12-02,9:37:40.248993445,T,IBM,F,100,309.5
2025-12-02,9:37:40.248993445,T,IBM,F,45,309.46
2025-12-02,9:37:40.248996030,T,IBM,F,100,309.44
2025-12-02,9:37:40.248999013,T,IBM,F,100,309.44
2025-12-02,9:37:40.248999013,T,IBM,F I,21,309.43
2025-12-02,9:37:40.249008215,T,IBM,,83,309.43
2025-12-02,9:37:40.249059216,T,IBM,I,13,309.43
2025-12-02,9:37:40.499703238,T,IBM,I,1,309.7
2025-12-02,9:37:40.499705888,T,IBM,,120,309.7
2025-12-02,9:37:40.499778596,T,IBM,I,2,309.75
2025-12-02,9:37:40.499778596,T,IBM,,60,309.75
2025-12-02,9:37:40.499802089,T,IBM,F,60,309.75
2025-12-02,9:37:40.499958435,T,IBM,,100,309.75
2025-12-02,9:37:40.500178061,T,IBM,,100,309.75
2025-12-02,9:37:40.500178061,T,IBM,,148,309.75
2025-12-02,9:37:40.500496773,T,IBM,I,1,309.74
2025-12-02,9:37:40.500692189,T,IBM,I,14,309.75
2025-12-02,9:37:42.373051710,T,IBM,I,3,309.75
2025-12-02,9:37:42.378124809,T,IBM,F I,3,309.74
2025-12-02,9:38:02.222586096,T,IBM,F I,2,309.5
2025-12-02,9:38:11.616237821,T,IBM,F I,1,309.75
2025-12-02,9:38:11.616343091,T,IBM,F I,1,309.76
2025-12-02,9:38:17.110657013,T,IBM,,40,309.64
2025-12-02,9:38:21.618460541,T,IBM,F,120,309.735
2025-12-02,9:38:26.376285056,T,IBM,F I,5,309.8
2025-12-02,9:38:26.376288139,T,IBM,F I,15,309.81
2025-12-02,9:38:26.376600849,T,IBM,F I,1,309.86
2025-12-02,9:38:27.435373382,T,IBM,,40,309.88
2025-12-02,9:38:37.114675141,T,IBM,F,40,310.0
2025-12-02,9:38:37.115808834,T,IBM,,100,309.98
2025-12-02,9:38:37.116004248,T,IBM,F I,1,310.02
2025-12-02,9:38:59.695611766,T,IBM,I,5,310.27
2025-12-02,9:38:59.696062872,T,IBM,I,1,310.29
2025-12-02,9:38:59.703237893,T,IBM,I,12,310.24
2025-12-02,9:38:59.955096454,T,IBM,I,12,310.22
2025-12-02,9:38:59.955210791,T,IBM,I,2,310.18
2025-12-02,9:39:09.663176803,T,IBM,I,1,310.32
2025-12-02,9:39:30.241823594,T,IBM,F,80,310.075
2025-12-02,9:39:31.806349701,T,IBM,F I,15,309.96
2025-12-02,9:39:31.806352168,T,IBM,F I,9,309.95
2025-12-02,9:39:31.806355348,T,IBM,F,40,309.95
2025-12-02,9:39:31.806355348,T,IBM,F I,16,309.94
2025-12-02,9:39:35.239824058,T,IBM,F,296,309.86
2025-12-02,9:39:35.239827057,T,IBM,F I,1,309.86
2025-12-02,9:39:35.239848182,T,IBM,F,40,309.85
2025-12-02,9:39:35.239851210,T,IBM,F,40,309.85
2025-12-02,9:39:35.239854335,T,IBM,F I,18,309.85
2025-12-02,9:39:35.239854335,T,IBM,F I,18,309.85
2025-12-02,9:39:35.239860174,T,IBM,F I,3,309.85
2025-12-02,9:39:35.239860174,T,IBM,F I,18,309.84
2025-12-02,9:39:35.239864182,T,IBM,F I,18,309.84
2025-12-02,9:39:35.239864182,T,IBM,F,81,309.84
2025-12-02,9:39:35.239864182,T,IBM,F I,8,309.84
2025-12-02,9:39:35.239869116,T,IBM,F I,30,309.84
2025-12-02,9:39:35.239911250,T,IBM,F I,8,309.83
2025-12-02,9:39:35.239917452,T,IBM,F I,18,309.83
2025-12-02,9:39:35.239917452,T,IBM,F I,3,309.83
2025-12-02,9:39:35.239920180,T,IBM,F I,1,309.83
2025-12-02,9:39:35.239950316,T,IBM,F I,30,309.82
2025-12-02,9:39:35.239968376,T,IBM,F,40,309.75
2025-12-02,9:39:35.246175123,T,IBM,F,125,309.76
2025-12-02,9:39:39.051343820,T,IBM,F I,2,309.62
2025-12-02,9:39:39.051343820,T,IBM,F I,1,309.62
2025-12-02,9:39:39.051361768,T,IBM,F I,1,309.62
2025-12-02,9:39:39.850300702,T,IBM,F I,1,309.5
2025-12-02,9:39:40.467276449,T,IBM,F,935,309.6
2025-12-02,9:39:40.467279411,T,IBM,F,187,309.6
2025-12-02,9:39:40.467294514,T,IBM,I,1,309.6
2025-12-02,9:39:40.467297492,T,IBM,I,39,309.6
2025-12-02,9:39:40.467306842,T,IBM,F I,7,309.6
2025-12-02,9:39:40.467306842,T,IBM,I,1,309.6
2025-12-02,9:39:40.467309596,T,IBM,F,330,309.6
2025-12-02,9:39:40.467315515,T,IBM,,40,309.59
2025-12-02,9:39:47.135603190,T,IBM,,100,309.655
2025-12-02,9:39:47.138138142,T,IBM,,45,309.655
2025-12-02,9:39:48.194685398,T,IBM,,100,309.655
2025-12-02,9:39:48.197220388,T,IBM,,125,309.655
2025-12-02,9:39:55.410113574,T,IBM,I,30,309.61
2025-12-02,9:40:03.390653498,T,IBM,F I,10,309.57
2025-12-02,9:40:03.390653498,T,IBM,F,40,309.54
2025-12-02,9:40:08.121795048,T,IBM,,48,309.55
2025-12-02,9:40:08.121801109,T,IBM,,52,309.55
2025-12-02,9:40:08.121804104,T,IBM,I,1,309.55
2025-12-02,9:40:12.297920831,T,IBM,I,10,309.59
2025-12-02,9:40:12.297923846,T,IBM,I,15,309.63
2025-12-02,9:40:12.297926858,T,IBM,I,15,309.65
2025-12-02,9:40:19.543811410,T,IBM,F I,1,309.44
2025-12-02,9:40:25.109707793,T,IBM,F I,1,309.25
2025-12-02,9:40:25.110474628,T,IBM,F,40,309.25
2025-12-02,9:40:25.112062413,T,IBM,,40,309.29
2025-12-02,9:40:26.230608204,T,IBM,,40,309.34
2025-12-02,9:40:26.230755623,T,IBM,F,125,309.34
2025-12-02,9:40:26.231146508,T,IBM,,40,309.34
2025-12-02,9:40:26.231257809,T,IBM,,40,309.34
2025-12-02,9:40:26.242621858,T,IBM,I,15,309.34
2025-12-02,9:40:30.562769713,T,IBM,I,1,309.25
2025-12-02,9:40:52.624619474,T,IBM,F I,1,309.35
2025-12-02,9:41:00.863958102,T,IBM,F I,30,309.44
2025-12-02,9:41:00.863958102,T,IBM,F,40,309.44
2025-12-02,9:41:00.863994310,T,IBM,I,10,309.5
2025-12-02,9:41:00.863998082,T,IBM,I,30,309.5
2025-12-02,9:41:00.864000526,T,IBM,,40,309.5
2025-12-02,9:41:00.864003242,T,IBM,,120,309.5
2025-12-02,9:41:00.864920420,T,IBM,F,40,309.56
2025-12-02,9:41:01.169250809,T,IBM,F I,1,309.5
2025-12-02,9:41:01.831971456,T,IBM,F I,10,309.59
2025-12-02,9:41:11.675611202,T,IBM,F I,1,309.48
2025-12-02,9:41:11.991594366,T,IBM,F I,1,309.39
2025-12-02,9:41:12.721747578,T,IBM,F,40,309.33
2025-12-02,9:41:15.079035310,T,IBM,F I,12,309.23
2025-12-02,9:41:15.079035310,T,IBM,F I,30,309.2
2025-12-02,9:41:42.581680606,T,IBM,F I,2,309.2
2025-12-02,9:41:42.581680606,T,IBM,F I,2,309.2
2025-12-02,9:41:42.581683587,T,IBM,F I,1,309.2
2025-12-02,9:41:42.581797899,T,IBM,F,40,309.19
2025-12-02,9:41:42.591447775,T,IBM,F I,20,309.0
2025-12-02,9:41:42.604240305,T,IBM,I,15,309.0
2025-12-02,9:41:45.862530105,T,IBM,F,100,308.92
2025-12-02,9:41:55.552447032,T,IBM,I,1,308.87
2025-12-02,9:42:02.610540585,T,IBM,F I,2,308.79
2025-12-02,9:42:04.264577176,T,IBM,F,100,308.92
2025-12-02,9:42:04.264580215,T,IBM,F I,10,308.93
2025-12-02,9:42:04.264583238,T,IBM,F I,15,308.93
2025-12-02,9:42:04.265491414,T,IBM,F I,9,308.86
2025-12-02,9:42:04.265497414,T,IBM,F I,9,308.86
2025-12-02,9:42:04.265509396,T,IBM,F I,3,308.86
2025-12-02,9:42:06.280065611,T,IBM,F I,1,308.93
2025-12-02,9:42:06.280065611,T,IBM,F I,1,308.93
2025-12-02,9:42:11.939138329,T,IBM,F I,1,308.75
2025-12-02,9:42:28.347724850,T,IBM,F I,2,308.6
2025-12-02,9:42:28.347724850,T,IBM,F I,1,308.6
2025-12-02,9:42:28.348251114,T,IBM,F I,1,308.56
2025-12-02,9:42:28.351781518,T,IBM,F I,1,308.51
2025-12-02,9:42:28.351802617,T,IBM,F I,5,308.5
2025-12-02,9:42:34.400375029,T,IBM,F I,1,308.31
2025-12-02,9:42:37.519048375,T,IBM,I,3,308.31
2025-12-02,9:42:38.611814022,T,IBM,I,20,308.31
2025-12-02,9:42:38.611816834,T,IBM,I,3,308.3
2025-12-02,9:42:38.611819807,T,IBM,I,21,308.3
2025-12-02,9:42:38.611834876,T,IBM,F I,20,308.3
2025-12-02,9:42:39.511655091,T,IBM,F I,1,308.17
2025-12-02,9:42:39.516099569,T,IBM,I,1,308.14
2025-12-02,9:42:40.183069459,T,IBM,F I,15,308.19
2025-12-02,9:42:40.183118154,T,IBM,F I,30,308.21
2025-12-02,9:42:42.446699275,T,IBM,F I,20,308.13
2025-12-02,9:42:42.446705263,T,IBM,F,45,308.12
2025-12-02,9:42:42.446717579,T,IBM,I,1,308.12
2025-12-02,9:42:42.446717579,T,IBM,I,19,308.12
2025-12-02,9:42:42.446750365,T,IBM,I,1,308.12
2025-12-02,9:42:42.451631046,T,IBM,F I,15,308.17
2025-12-02,9:42:42.452076071,T,IBM,I,1,308.09
2025-12-02,9:42:42.452076071,T,IBM,I,14,308.09
2025-12-02,9:42:42.452136254,T,IBM,F I,18,308.15
2025-12-02,9:42:59.836963938,T,IBM,I,4,308.14
2025-12-02,9:42:59.837005968,T,IBM,I,1,308.14
2025-12-02,9:42:59.837159367,T,IBM,F I,2,308.14
2025-12-02,9:42:59.837526247,T,IBM,,62,308.1
2025-12-02,9:42:59.837559355,T,IBM,I,12,308.1
2025-12-02,9:42:59.839652675,T,IBM,F I,20,308.1
2025-12-02,9:42:59.839652675,T,IBM,F I,30,308.1
2025-12-02,9:42:59.839655388,T,IBM,F I,30,308.09
2025-12-02,9:42:59.839670364,T,IBM,I,1,308.09
2025-12-02,9:43:01.029043819,T,IBM,F I,7,308.09
2025-12-02,9:43:01.029065536,T,IBM,F I,15,308.09
2025-12-02,9:43:01.029374614,T,IBM,,40,308.09
2025-12-02,9:43:04.192403544,T,IBM,F I,10,308.22
2025-12-02,9:43:04.192445633,T,IBM,F I,10,308.23
2025-12-02,9:43:16.830307751,T,IBM,F I,2,308.13
2025-12-02,9:43:17.425412122,T,IBM,F I,1,308.04
2025-12-02,9:43:17.425676777,T,IBM,F I,1,308.0
2025-12-02,9:43:20.845544113,T,IBM,F,40,308.06
2025-12-02,9:43:20.845547049,T,IBM,F I,1,308.06
2025-12-02,9:43:25.329233215,T,IBM,F I,20,307.95
2025-12-02,9:43:25.329236360,T,IBM,F,70,307.94
2025-12-02,9:43:25.329236360,T,IBM,F,45,307.94
2025-12-02,9:43:25.329263266,T,IBM,F I,19,307.94
2025-12-02,9:43:25.329266523,T,IBM,F I,1,307.94
2025-12-02,9:43:25.329269382,T,IBM,F,76,307.94
2025-12-02,9:43:25.329269382,T,IBM,I,1,307.94
2025-12-02,9:43:25.329275207,T,IBM,F I,20,307.94
2025-12-02,9:43:25.329275207,T,IBM,I,3,307.94
2025-12-02,9:43:25.329524837,T,IBM,I,22,307.98
2025-12-02,9:43:40.691148388,T,IBM,F I,20,307.79
2025-12-02,9:43:40.691151742,T,IBM,F I,2,307.78
2025-12-02,9:43:40.691154343,T,IBM,F,46,307.78
2025-12-02,9:43:40.691154343,T,IBM,F I,20,307.78
2025-12-02,9:43:40.691169558,T,IBM,I,1,307.78
2025-12-02,9:43:40.691172016,T,IBM,F I,19,307.78
2025-12-02,9:43:40.691208139,T,IBM,F,40,307.75
2025-12-02,9:43:40.692777862,T,IBM,F I,3,307.74
2025-12-02,9:43:45.668398888,T,IBM,F I,1,307.74
2025-12-02,9:43:45.671015150,T,IBM,I,3,307.82
2025-12-02,9:43:45.671060446,T,IBM,I,1,307.82
2025-12-02,9:43:45.671745878,T,IBM,,41,307.93
2025-12-02,9:43:45.671809471,T,IBM,F I,4,307.93
2025-12-02,9:43:45.671812607,T,IBM,F I,9,307.93
2025-12-02,9:43:45.671815068,T,IBM,F,40,307.94
2025-12-02,9:43:45.671818101,T,IBM,F I,1,307.94
2025-12-02,9:43:45.675495867,T,IBM,,100,307.98
2025-12-02,9:43:48.089910686,T,IBM,F,40,308.12
2025-12-02,9:43:48.089943935,T,IBM,I,3,308.13
2025-12-02,9:43:48.090331588,T,IBM,,45,308.09
2025-12-02,9:44:01.486262969,T,IBM,I,15,308.04
2025-12-02,9:44:01.486265246,T,IBM,I,35,308.03
2025-12-02,9:44:01.486271198,T,IBM,F I,1,308.03
2025-12-02,9:44:01.486758651,T,IBM,F I,1,308.01
2025-12-02,9:44:01.487341794,T,IBM,F,94,307.89
2025-12-02,9:44:01.489540052,T,IBM,F,46,307.84
2025-12-02,9:44:01.499022097,T,IBM,I,1,307.89
2025-12-02,9:44:01.499024763,T,IBM,I,30,307.89
2025-12-02,9:44:01.500492078,T,IBM,F,40,307.84
2025-12-02,9:44:01.501746042,T,IBM,I,1,307.82
2025-12-02,9:44:01.501767668,T,IBM,I,32,307.82
2025-12-02,9:44:01.502467856,T,IBM,F I,30,307.81
2025-12-02,9:44:01.502470807,T,IBM,F,66,307.78
2025-12-02,9:44:01.504040552,T,IBM,I,31,307.8
2025-12-02,9:44:09.653380896,T,IBM,I,17,307.83
2025-12-02,9:44:17.050585902,T,IBM,I,15,307.92
2025-12-02,9:44:26.426982562,T,IBM,I,2,307.8
2025-12-02,9:44:26.426985576,T,IBM,I,3,307.8
2025-12-02,9:44:26.427508798,T,IBM,I,27,307.8
2025-12-02,9:44:26.427517857,T,IBM,I,11,307.86
2025-12-02,9:44:26.427529846,T,IBM,I,1,307.8
2025-12-02,9:44:26.427529846,T,IBM,F I,1,307.8
2025-12-02,9:44:26.427629187,T,IBM,I,10,307.83
2025-12-02,9:44:26.433150302,T,IBM,F,79,307.8
2025-12-02,9:44:26.437919592,T,IBM,F,40,307.78
2025-12-02,9:44:32.362558038,T,IBM,F I,5,307.88
2025-12-02,9:44:32.362558038,T,IBM,F I,10,307.88
2025-12-02,9:44:32.425272220,T,IBM,F I,8,307.81
2025-12-02,9:44:32.425383518,T,IBM,F I,30,307.8
2025-12-02,9:44:37.670785801,T,IBM,I,4,307.83
2025-12-02,9:44:46.747501010,T,IBM,F I,2,307.76
2025-12-02,9:44:52.466997413,T,IBM,F I,1,307.73
2025-12-02,9:44:52.466999986,T,IBM,F I,1,307.72
2025-12-02,9:44:52.467165528,T,IBM,F I,1,307.7
2025-12-02,9:44:52.467165528,T,IBM,F I,2,307.7
2025-12-02,9:44:52.467186474,T,IBM,F I,2,307.7
2025-12-02,9:44:52.467291718,T,IBM,,68,307.7
2025-12-02,9:44:52.467294661,T,IBM,I,1,307.7
2025-12-02,9:44:52.467890143,T,IBM,,40,307.69
2025-12-02,9:44:53.464017493,T,IBM,I,5,307.73
2025-12-02,9:44:53.464110724,T,IBM,,45,307.765
2025-12-02,9:44:56.337027089,T,IBM,F I,15,307.62
2025-12-02,9:44:56.337030357,T,IBM,F I,5,307.61
2025-12-02,9:44:56.337030357,T,IBM,F I,20,307.59
2025-12-02,9:44:56.337207473,T,IBM,F I,20,307.57
2025-12-02,9:44:56.337213513,T,IBM,F I,8,307.56
2025-12-02,9:44:56.337213513,T,IBM,F,80,307.56
2025-12-02,9:44:56.337216532,T,IBM,F I,3,307.56
2025-12-02,9:44:56.337219454,T,IBM,F,53,307.56
2025-12-02,9:44:56.337231490,T,IBM,I,1,307.56
2025-12-02,9:44:56.337234484,T,IBM,F I,17,307.56
2025-12-02,9:44:56.337234484,T,IBM,F I,2,307.56
2025-12-02,9:44:58.657254566,T,IBM,F I,38,307.53
2025-12-02,9:44:58.657474183,T,IBM,F,70,307.51
2025-12-02,9:44:58.663963746,T,IBM,F I,10,307.4
2025-12-02,9:45:00.681196041,T,IBM,I,36,307.45
2025-12-02,9:45:00.681316303,T,IBM,I,35,307.47
2025-12-02,9:45:00.681319368,T,IBM,I,1,307.47
2025-12-02,9:45:00.716319702,T,IBM,,40,307.625
2025-12-02,9:45:19.916851518,T,IBM,I,2,307.66
2025-12-02,9:45:20.234452573,T,IBM,I,5,307.52
2025-12-02,9:45:20.234455658,T,IBM,,66,307.51
2025-12-02,9:45:20.234584893,T,IBM,F I,15,307.52
2025-12-02,9:45:23.014258350,T,IBM,I,1,307.43
2025-12-02,9:45:23.014288723,T,IBM,I,2,307.43
2025-12-02,9:45:23.014291327,T,IBM,I,1,307.43
2025-12-02,9:45:23.014342622,T,IBM,F,60,307.42
2025-12-02,9:45:23.014363513,T,IBM,F,70,307.41
2025-12-02,9:45:23.014366539,T,IBM,F,80,307.41
2025-12-02,9:45:23.014387659,T,IBM,F,60,307.4
2025-12-02,9:45:23.014393580,T,IBM,F I,7,307.39
2025-12-02,9:45:23.014411679,T,IBM,F,63,307.39
2025-12-02,9:45:25.256835047,T,IBM,F I,21,307.39
2025-12-02,9:45:26.107160370,T,IBM,I,20,307.31
2025-12-02,9:45:26.107163424,T,IBM,I,28,307.31
2025-12-02,9:45:28.287720465,T,IBM,F I,10,307.35
2025-12-02,9:45:28.287723442,T,IBM,F I,8,307.34
2025-12-02,9:45:30.746505954,T,IBM,F,100,307.37
2025-12-02,9:45:35.233830468,T,IBM,F I,5,307.44
2025-12-02,9:45:35.238662935,T,IBM,I,30,307.47
2025-12-02,9:45:35.238726154,T,IBM,F I,11,307.47
2025-12-02,9:45:35.276565363,T,IBM,F I,15,307.68
2025-12-02,9:45:46.576641650,T,IBM,I,20,307.775
2025-12-02,9:45:54.689096108,T,IBM,F,40,307.95
2025-12-02,9:45:54.689114146,T,IBM,I,1,307.95
2025-12-02,9:45:54.689132359,T,IBM,I,9,307.98
2025-12-02,9:45:54.948785331,T,IBM,F I,30,308.09
2025-12-02,9:45:54.948785331,T,IBM,F I,15,308.12
2025-12-02,9:45:55.864146568,T,IBM,F I,30,308.12
2025-12-02,9:45:55.864149516,T,IBM,F I,15,308.14
2025-12-02,9:45:55.864167516,T,IBM,F I,30,308.14
2025-12-02,9:45:59.825976031,T,IBM,F I,2,308.08
2025-12-02,9:46:04.570163252,T,IBM,F I,2,307.92
2025-12-02,9:46:04.570166312,T,IBM,F I,1,307.92
2025-12-02,9:46:13.112064421,T,IBM,F I,6,307.89
2025-12-02,9:46:13.112067251,T,IBM,F I,9,307.9
2025-12-02,9:46:13.112100334,T,IBM,F I,3,307.9
2025-12-02,9:46:13.112118382,T,IBM,I,3,307.9
2025-12-02,9:46:13.127451863,T,IBM,I,5,307.91
2025-12-02,9:46:13.127454969,T,IBM,I,15,307.89
2025-12-02,9:46:13.127454969,T,IBM,I,11,307.89
2025-12-02,9:46:13.127608243,T,IBM,I,31,307.82
2025-12-02,9:46:17.196514021,T,IBM,I,35,308.02
2025-12-02,9:46:17.196514021,T,IBM,I,3,308.02
2025-12-02,9:46:17.196531800,T,IBM,I,1,308.02
2025-12-02,9:46:17.196555829,T,IBM,F,40,308.04
2025-12-02,9:46:17.299385637,T,IBM,,45,308.12
2025-12-02,9:46:38.612422746,T,IBM,F I,3,307.99
2025-12-02,9:46:55.831394146,T,IBM,F I,3,308.1
2025-12-02,9:46:56.395100554,T,IBM,I,2,308.01
2025-12-02,9:47:02.613923294,T,IBM,F I,30,307.87
2025-12-02,9:47:02.613923294,T,IBM,F I,12,307.83
2025-12-02,9:47:02.613959428,T,IBM,F I,28,307.83
2025-12-02,9:47:02.613962787,T,IBM,F I,1,307.83
2025-12-02,9:47:02.613962787,T,IBM,F I,1,307.83
2025-12-02,9:47:02.613965391,T,IBM,I,1,307.83
2025-12-02,9:47:02.613968342,T,IBM,F,42,307.83
2025-12-02,9:47:02.613974391,T,IBM,F I,37,307.83
2025-12-02,9:47:02.613974391,T,IBM,F,40,307.83
2025-12-02,9:47:02.614744267,T,IBM,F I,1,307.73
2025-12-02,9:47:02.615132181,T,IBM,,40,307.72
2025-12-02,9:47:04.726187917,T,IBM,I,5,307.82
2025-12-02,9:47:04.726190838,T,IBM,,95,307.82
2025-12-02,9:47:21.988296506,T,IBM,F I,1,307.84
2025-12-02,9:47:26.429031106,T,IBM,F I,1,307.77
2025-12-02,9:47:32.886886671,T,IBM,F,100,307.83
2025-12-02,9:47:54.319494634,T,IBM,,42,307.85
2025-12-02,9:47:54.322988943,T,IBM,,58,307.85
2025-12-02,9:48:03.527800088,T,IBM,F I,15,307.83
2025-12-02,9:48:03.527800088,T,IBM,F I,15,307.83
2025-12-02,9:48:09.966638562,T,IBM,F I,5,307.73
2025-12-02,9:48:10.801858974,T,IBM,F I,2,307.65
2025-12-02,9:48:10.830772741,T,IBM,F I,1,307.64
2025-12-02,9:48:10.830799767,T,IBM,I,11,307.59
2025-12-02,9:48:12.883450433,T,IBM,F,40,307.58
2025-12-02,9:48:13.091521700,T,IBM,I,25,307.46
2025-12-02,9:48:13.091521700,T,IBM,I,10,307.48
2025-12-02,9:48:13.091557858,T,IBM,I,30,307.5
2025-12-02,9:48:13.091560793,T,IBM,I,5,307.53
2025-12-02,9:48:26.080036512,T,IBM,F I,1,307.22
2025-12-02,9:48:26.080204934,T,IBM,I,13,307.33
2025-12-02,9:48:26.080959724,T,IBM,F I,3,307.22
2025-12-02,9:48:26.080959724,T,IBM,F I,13,307.22
2025-12-02,9:48:26.080962687,T,IBM,F I,1,307.22
2025-12-02,9:48:26.081013867,T,IBM,I,15,307.28
2025-12-02,9:48:26.081194236,T,IBM,F I,10,307.22
2025-12-02,9:48:26.081197263,T,IBM,I,3,307.22
2025-12-02,9:48:26.081266463,T,IBM,F I,13,307.22
2025-12-02,9:48:26.081299751,T,IBM,F I,19,307.22
2025-12-02,9:48:26.081299751,T,IBM,I,1,307.22
2025-12-02,9:48:26.081317532,T,IBM,F I,1,307.22
2025-12-02,9:48:26.081317532,T,IBM,I,1,307.22
2025-12-02,9:48:26.081353600,T,IBM,F I,4,307.22
2025-12-02,9:48:26.081353600,T,IBM,F I,2,307.22
2025-12-02,9:48:26.081374964,T,IBM,F I,3,307.22
2025-12-02,9:48:26.081443872,T,IBM,I,1,307.28
2025-12-02,9:48:26.081446826,T,IBM,I,3,307.28
2025-12-02,9:48:26.081492166,T,IBM,I,16,307.28
2025-12-02,9:48:26.081555145,T,IBM,F I,1,307.22
2025-12-02,9:48:26.081624332,T,IBM,F I,1,307.22
2025-12-02,9:48:26.081648329,T,IBM,F I,18,307.22
2025-12-02,9:48:26.081732605,T,IBM,F I,23,307.26
2025-12-02,9:48:26.081885928,T,IBM,I,1,307.28
2025-12-02,9:48:26.081888884,T,IBM,I,4,307.28
2025-12-02,9:48:26.081936986,T,IBM,F I,4,307.28
2025-12-02,9:48:26.086562079,T,IBM,,100,307.25
2025-12-02,9:48:26.086637182,T,IBM,F I,16,307.25
2025-12-02,9:48:26.181729629,T,IBM,F I,12,307.24
2025-12-02,9:48:26.238318375,T,IBM,I,18,307.24
2025-12-02,9:48:26.238318375,T,IBM,I,5,307.24
2025-12-02,9:48:26.277468496,T,IBM,I,30,307.21
2025-12-02,9:48:26.277471525,T,IBM,I,10,307.24
2025-12-02,9:48:26.911440782,T,IBM,F I,1,307.14
2025-12-02,9:48:26.911464935,T,IBM,F I,3,307.13
2025-12-02,9:48:27.445076175,T,IBM,F I,10,307.06
2025-12-02,9:48:29.158104259,T,IBM,F I,14,307.09
2025-12-02,9:48:29.158865021,T,IBM,F I,35,307.17
2025-12-02,9:48:29.158868421,T,IBM,F I,1,307.17
2025-12-02,9:48:29.158868421,T,IBM,F I,4,307.17
2025-12-02,9:48:29.158883035,T,IBM,F I,15,307.17
2025-12-02,9:48:29.158886048,T,IBM,F,100,307.18
2025-12-02,9:48:32.321421916,T,IBM,F,75,307.1
2025-12-02,9:48:32.321421916,T,IBM,F,50,307.13
2025-12-02,9:48:52.238229367,T,IBM,I,1,307.09
2025-12-02,9:48:52.240524025,T,IBM,F I,10,307.01
2025-12-02,9:48:52.240526952,T,IBM,F I,1,307.01
2025-12-02,9:48:55.662018092,T,IBM,F I,20,307.01
2025-12-02,9:48:55.662021212,T,IBM,F I,10,307.01
2025-12-02,9:48:55.719623353,T,IBM,F I,15,307.11
2025-12-02,9:48:57.966785867,T,IBM,F I,30,307.02
2025-12-02,9:48:58.336227355,T,IBM,F I,3,307.08
2025-12-02,9:49:01.989095427,T,IBM,F,44,307.02
2025-12-02,9:49:04.819710082,T,IBM,F I,35,307.14
2025-12-02,9:49:04.819713049,T,IBM,F I,1,307.14
2025-12-02,9:49:04.819716040,T,IBM,F I,6,307.14
2025-12-02,9:49:04.819719150,T,IBM,F I,10,307.14
2025-12-02,9:49:04.820401676,T,IBM,I,30,307.15
2025-12-02,9:49:04.823357739,T,IBM,F I,30,307.17
2025-12-02,9:49:04.823360732,T,IBM,F I,10,307.19
2025-12-02,9:49:04.823378819,T,IBM,F I,30,307.19
2025-12-02,9:49:04.823399853,T,IBM,I,29,307.19
2025-12-02,9:49:04.823544222,T,IBM,I,1,307.19
2025-12-02,9:49:05.030112106,T,IBM,I,9,307.25
2025-12-02,9:49:05.030117946,T,IBM,I,15,307.26
2025-12-02,9:49:05.030117946,T,IBM,I,6,307.27
2025-12-02,9:49:05.030211154,T,IBM,I,24,307.27
2025-12-02,9:49:05.905712989,T,IBM,F I,4,307.35
2025-12-02,9:49:05.905715385,T,IBM,F I,4,307.35
2025-12-02,9:49:05.905718405,T,IBM,F I,2,307.35
2025-12-02,9:49:05.906160507,T,IBM,I,16,307.35
2025-12-02,9:49:05.906187523,T,IBM,I,7,307.35
2025-12-02,9:49:05.906187523,T,IBM,I,9,307.35
2025-12-02,9:49:05.944979963,T,IBM,F,50,307.27
2025-12-02,9:49:16.210548385,T,IBM,F I,20,307.06
2025-12-02,9:49:16.210548385,T,IBM,F I,1,307.05
2025-12-02,9:49:16.210551382,T,IBM,F I,1,307.05
2025-12-02,9:49:16.210554436,T,IBM,F I,30,307.05
2025-12-02,9:49:16.210572446,T,IBM,I,1,307.05
2025-12-02,9:49:20.704100852,T,IBM,F I,30,307.05
2025-12-02,9:49:20.704185045,T,IBM,,40,307.09
2025-12-02,9:49:31.777789646,T,IBM,F I,10,307.02
2025-12-02,9:49:31.777789646,T,IBM,F I,1,307.02
2025-12-02,9:49:31.777792141,T,IBM,F I,20,307.02
2025-12-02,9:49:31.777807177,T,IBM,I,1,307.02
2025-12-02,9:49:31.777810205,T,IBM,I,20,307.02
2025-12-02,9:49:31.777813267,T,IBM,F I,28,307.02
2025-12-02,9:49:31.777870566,T,IBM,F I,1,307.01
2025-12-02,9:49:31.777873315,T,IBM,F I,2,307.01
2025-12-02,9:49:31.788049606,T,IBM,F I,2,307.09
2025-12-02,9:49:31.788067637,T,IBM,I,2,307.09
2025-12-02,9:49:34.061154989,T,IBM,I,10,307.09
2025-12-02,9:49:34.061170042,T,IBM,,50,307.09
2025-12-02,9:49:34.061173102,T,IBM,F I,20,307.05
2025-12-02,9:49:34.061774529,T,IBM,I,6,307.09
2025-12-02,9:49:34.062048126,T,IBM,F I,3,307.08
2025-12-02,9:49:34.062048126,T,IBM,F I,6,307.08
2025-12-02,9:49:34.062054194,T,IBM,F I,10,307.07
2025-12-02,9:49:34.062057591,T,IBM,F,40,307.06
2025-12-02,9:49:34.062060198,T,IBM,F,70,307.06
2025-12-02,9:49:34.062063130,T,IBM,F I,6,307.06
2025-12-02,9:49:34.149760991,T,IBM,I,6,307.06
2025-12-02,9:49:34.150001955,T,IBM,I,3,307.09
2025-12-02,9:49:34.150004795,T,IBM,I,3,307.09
2025-12-02,9:49:35.366797286,T,IBM,F,40,307.15
2025-12-02,9:49:35.366836372,T,IBM,,45,307.18
2025-12-02,9:49:35.366839351,T,IBM,I,4,307.18
2025-12-02,9:49:35.366857502,T,IBM,I,20,307.18
2025-12-02,9:49:35.366860452,T,IBM,I,2,307.18
2025-12-02,9:49:35.366860452,T,IBM,I,1,307.18
2025-12-02,9:49:35.792622975,T,IBM,F,50,307.11
2025-12-02,9:49:37.034182636,T,IBM,F I,1,307.05
2025-12-02,9:49:44.861979553,T,IBM,F,80,307.19
2025-12-02,9:49:44.862686280,T,IBM,F I,30,307.14
2025-12-02,9:49:44.862686280,T,IBM,F I,19,307.13
2025-12-02,9:49:44.862689231,T,IBM,F I,10,307.13
2025-12-02,9:49:44.862710345,T,IBM,I,1,307.13
2025-12-02,9:49:44.862710345,T,IBM,F I,29,307.13
2025-12-02,9:49:44.862926764,T,IBM,F I,11,307.12
2025-12-02,9:49:44.862944913,T,IBM,I,25,307.13
2025-12-02,9:49:44.862944913,T,IBM,I,15,307.13
2025-12-02,9:49:44.863062124,T,IBM,F I,20,307.12
2025-12-02,9:49:44.863359878,T,IBM,F I,15,307.13
2025-12-02,9:49:44.873256364,T,IBM,F I,30,307.08
2025-12-02,9:49:48.298220832,T,IBM,I,3,307.07
2025-12-02,9:49:48.301465507,T,IBM,I,7,307.07
2025-12-02,9:49:56.208826096,T,IBM,F I,20,307.02
2025-12-02,9:49:56.208831750,T,IBM,F I,10,307.01
2025-12-02,9:49:56.208831750,T,IBM,F I,10,307.01
2025-12-02,9:49:56.208843771,T,IBM,I,1,307.01
2025-12-02,9:49:56.208843771,T,IBM,I,13,307.01
2025-12-02,9:49:56.208849786,T,IBM,F I,7,307.01
2025-12-02,9:49:56.209397133,T,IBM,F I,20,307.0
2025-12-02,9:49:56.209674036,T,IBM,F,80,307.0
2025-12-02,9:49:56.209674036,T,IBM,F,100,307.0
2025-12-02,9:49:56.209676770,T,IBM,F I,9,307.0
2025-12-02,9:49:56.209679812,T,IBM,F,70,307.0
2025-12-02,9:49:56.209706845,T,IBM,F I,1,306.99
2025-12-02,9:49:56.209727867,T,IBM,I,39,306.99
2025-12-02,9:49:57.053404595,T,IBM,F I,1,306.9
2025-12-02,9:50:04.284325923,T,IBM,F I,1,306.89
2025-12-02,9:50:04.284325923,T,IBM,F I,2,306.89
2025-12-02,9:50:04.285469000,T,IBM,I,10,306.855
2025-12-02,9:50:04.285471361,T,IBM,I,30,306.88
2025-12-02,9:50:04.285510505,T,IBM,,50,306.89
2025-12-02,9:50:18.106221096,T,IBM,F I,2,306.99
2025-12-02,9:50:18.106269195,T,IBM,F I,2,306.99
2025-12-02,9:50:18.117639532,T,IBM,F I,6,307.1
2025-12-02,9:50:18.117642273,T,IBM,F I,14,307.1
2025-12-02,9:50:18.136527355,T,IBM,F I,15,307.02
2025-12-02,9:50:18.136530291,T,IBM,F I,15,306.99
2025-12-02,9:50:18.136548309,T,IBM,F I,15,306.99
2025-12-02,9:50:18.136876428,T,IBM,F I,20,306.98
2025-12-02,9:50:18.136876428,T,IBM,F I,39,306.97
2025-12-02,9:50:18.136900237,T,IBM,F I,1,306.97
2025-12-02,9:50:18.136900237,T,IBM,F I,2,306.97
2025-12-02,9:50:18.136903230,T,IBM,F I,2,306.97
2025-12-02,9:50:19.530721818,T,IBM,I,20,306.92
2025-12-02,9:50:19.530724608,T,IBM,,40,306.91
2025-12-02,9:50:19.530724608,T,IBM,,60,306.91
2025-12-02,9:50:19.530740015,T,IBM,I,9,306.91
2025-12-02,9:50:19.530742346,T,IBM,I,1,306.91
2025-12-02,9:50:19.530766420,T,IBM,F I,1,306.91
2025-12-02,9:50:19.531274654,T,IBM,F I,14,306.91
2025-12-02,9:50:19.983211530,T,IBM,F,60,306.9
2025-12-02,9:50:25.469090449,T,IBM,F I,35,306.98
2025-12-02,9:50:25.469132454,T,IBM,I,35,307.0
2025-12-02,9:50:29.802087616,T,IBM,,40,307.03
2025-12-02,9:50:29.802198919,T,IBM,F,75,307.03
2025-12-02,9:50:29.802283151,T,IBM,F,45,307.03
2025-12-02,9:50:29.809307857,T,IBM,I,20,307.1
2025-12-02,9:50:31.133167395,T,IBM,F I,2,307.05
2025-12-02,9:50:41.581724868,T,IBM,F I,21,306.9
2025-12-02,9:50:41.581727644,T,IBM,F,70,306.9
2025-12-02,9:50:41.581727644,T,IBM,F I,2,306.9
2025-12-02,9:50:41.581799729,T,IBM,I,20,306.91
2025-12-02,9:50:45.202308099,T,IBM,F,40,306.99
2025-12-02,9:50:45.202310873,T,IBM,F,40,307.0
2025-12-02,9:50:45.203808413,T,IBM,F I,2,306.99
2025-12-02,9:50:48.106675993,T,IBM,,57,307.0
2025-12-02,9:50:48.765406227,T,IBM,F,45,306.99
2025-12-02,9:50:49.542741703,T,IBM,F I,30,306.95
2025-12-02,9:50:49.542744649,T,IBM,F I,20,306.92
2025-12-02,9:50:49.542744649,T,IBM,F I,38,306.92
2025-12-02,9:50:52.202272961,T,IBM,F I,1,307.0
2025-12-02,9:50:52.202272961,T,IBM,F I,6,307.05
2025-12-02,9:50:57.416382532,T,IBM,F,100,306.995
2025-12-02,9:50:57.697305246,T,IBM,F I,3,306.95
2025-12-02,9:50:57.697308293,T,IBM,F I,6,306.95
2025-12-02,9:50:57.697515744,T,IBM,F I,1,306.92
2025-12-02,9:50:58.040677648,T,IBM,I,15,306.91
2025-12-02,9:51:00.558292164,T,IBM,F I,20,306.93
2025-12-02,9:51:00.558292164,T,IBM,F I,4,306.92
2025-12-02,9:51:00.558304605,T,IBM,F I,36,306.92
2025-12-02,9:51:00.558304605,T,IBM,F I,8,306.92
2025-12-02,9:51:00.558307269,T,IBM,F I,21,306.92
2025-12-02,9:51:00.558329302,T,IBM,F I,1,306.91
2025-12-02,9:51:10.496549415,T,IBM,F I,6,306.83
2025-12-02,9:51:10.496687771,T,IBM,F I,6,306.82
2025-12-02,9:51:10.496808042,T,IBM,I,16,306.82
2025-12-02,9:51:10.496811194,T,IBM,,70,306.82
2025-12-02,9:51:10.496814369,T,IBM,I,12,306.82
2025-12-02,9:51:10.496814369,T,IBM,I,2,306.82
2025-12-02,9:51:10.496816999,T,IBM,I,1,306.82
2025-12-02,9:51:10.496868116,T,IBM,,80,306.82
2025-12-02,9:51:10.496889213,T,IBM,I,1,306.82
2025-12-02,9:51:10.496892274,T,IBM,F I,19,306.82
2025-12-02,9:51:24.388995723,T,IBM,F I,11,306.9
2025-12-02,9:51:24.388998317,T,IBM,F I,8,306.9
2025-12-02,9:51:24.389001171,T,IBM,F I,20,306.9
2025-12-02,9:51:24.405197798,T,IBM,F I,1,306.79
2025-12-02,9:51:25.059029307,T,IBM,F I,30,306.79
2025-12-02,9:51:25.059029307,T,IBM,F I,15,306.78
2025-12-02,9:51:25.059032311,T,IBM,F I,1,306.77
2025-12-02,9:51:25.059035337,T,IBM,F I,20,306.77
2025-12-02,9:51:25.059038548,T,IBM,F,45,306.77
2025-12-02,9:51:25.059038548,T,IBM,F,40,306.76
2025-12-02,9:51:25.059041404,T,IBM,F I,21,306.76
2025-12-02,9:51:25.339973104,T,IBM,F I,12,306.71
2025-12-02,9:51:25.340523415,T,IBM,F I,23,306.72
2025-12-02,9:51:25.340550500,T,IBM,F,77,306.71
2025-12-02,9:51:25.479580521,T,IBM,F,40,306.65
2025-12-02,9:51:25.479580521,T,IBM,F I,20,306.64
2025-12-02,9:51:25.479583496,T,IBM,F,100,306.61
2025-12-02,9:51:25.479586774,T,IBM,F I,16,306.57
2025-12-02,9:51:25.479586774,T,IBM,F I,20,306.56
2025-12-02,9:51:25.479589495,T,IBM,F,52,306.56
2025-12-02,9:51:25.480004525,T,IBM,F I,5,306.73
2025-12-02,9:51:25.480100799,T,IBM,F I,5,306.74
2025-12-02,9:51:25.480172915,T,IBM,F I,11,306.74
2025-12-02,9:51:25.480172915,T,IBM,F I,5,306.75
2025-12-02,9:51:25.480175913,T,IBM,F,40,306.78
2025-12-02,9:51:30.316409733,T,IBM,F,75,306.7
2025-12-02,9:51:30.316412151,T,IBM,F I,5,306.69
2025-12-02,9:51:30.594646639,T,IBM,I,1,306.82
2025-12-02,9:51:31.477774017,T,IBM,F I,15,306.75
2025-12-02,9:51:40.361988980,T,IBM,F I,5,306.73
2025-12-02,9:51:40.361992505,T,IBM,F,40,306.71
2025-12-02,9:51:40.361994970,T,IBM,F,70,306.71
2025-12-02,9:51:40.361997947,T,IBM,F I,11,306.71
2025-12-02,9:51:40.361997947,T,IBM,F I,36,306.71
2025-12-02,9:51:40.362040093,T,IBM,I,1,306.71
2025-12-02,9:51:40.362046080,T,IBM,F I,4,306.71
2025-12-02,9:51:43.114814514,T,IBM,F I,34,306.61
2025-12-02,9:51:48.253754335,T,IBM,F I,4,306.78
2025-12-02,9:51:54.645407665,T,IBM,F,77,306.93
2025-12-02,9:51:54.645407665,T,IBM,F I,16,306.93
2025-12-02,9:51:54.648074922,T,IBM,F,40,306.95
2025-12-02,9:51:54.650465504,T,IBM,F I,1,306.97
2025-12-02,9:51:54.650468562,T,IBM,F I,39,307.01
2025-12-02,9:51:54.656179108,T,IBM,I,3,306.945
2025-12-02,9:51:54.664797630,T,IBM,,40,306.93
2025-12-02,9:51:54.668210850,T,IBM,I,6,306.93
2025-12-02,9:52:01.637131031,T,IBM,F I,20,306.93
2025-12-02,9:52:01.637136665,T,IBM,F,80,306.92
2025-12-02,9:52:01.637136665,T,IBM,F,70,306.92
2025-12-02,9:52:01.637136665,T,IBM,F I,20,306.92
2025-12-02,9:52:01.637151607,T,IBM,I,1,306.92
2025-12-02,9:52:01.637154373,T,IBM,F I,19,306.92
2025-12-02,9:52:01.637226547,T,IBM,,68,306.91
2025-12-02,9:52:27.629211136,T,IBM,I,15,306.855
2025-12-02,9:52:27.629214036,T,IBM,I,4,306.855
2025-12-02,9:53:01.372896221,T,IBM,I,10,306.91
2025-12-02,9:53:01.537008922,T,IBM,I,10,306.91
2025-12-02,9:53:01.861650382,T,IBM,F,40,306.82
2025-12-02,9:53:01.861650382,T,IBM,F,70,306.82
2025-12-02,9:53:01.861653103,T,IBM,F I,1,306.82
2025-12-02,9:53:01.861655714,T,IBM,F I,10,306.82
2025-12-02,9:53:01.862197060,T,IBM,I,38,306.82
2025-12-02,9:53:02.920825414,T,IBM,F,45,306.73
2025-12-02,9:53:02.920828291,T,IBM,F,77,306.73
2025-12-02,9:53:03.720726459,T,IBM,I,34,306.8
2025-12-02,9:53:04.029345151,T,IBM,F I,15,306.84
2025-12-02,9:53:04.029366223,T,IBM,F I,4,306.86
2025-12-02,9:53:04.029387254,T,IBM,F I,1,306.87
2025-12-02,9:53:04.029387254,T,IBM,F I,3,306.87
2025-12-02,9:53:04.029390278,T,IBM,F I,4,306.87
2025-12-02,9:53:04.029399309,T,IBM,F I,4,306.87
2025-12-02,9:53:04.029910953,T,IBM,F,40,306.91
2025-12-02,9:53:04.029910953,T,IBM,F,40,306.91
2025-12-02,9:53:04.029913592,T,IBM,F I,9,306.91
2025-12-02,9:53:04.030734492,T,IBM,F,43,307.0
2025-12-02,9:53:04.030734492,T,IBM,F I,3,307.0
2025-12-02,9:53:04.030737541,T,IBM,F I,13,307.0
2025-12-02,9:53:04.066847514,T,IBM,I,8,306.98
2025-12-02,9:53:04.109083027,T,IBM,I,6,306.97
2025-12-02,9:53:04.130581221,T,IBM,I,17,306.97
2025-12-02,9:53:04.369006776,T,IBM,F I,20,306.97
2025-12-02,9:53:04.643803976,T,IBM,F I,15,306.96
2025-12-02,9:53:04.643807051,T,IBM,F I,2,306.95
2025-12-02,9:53:04.643807051,T,IBM,F I,3,306.95
2025-12-02,9:53:04.682028025,T,IBM,F I,20,306.93
2025-12-02,9:53:04.682984264,T,IBM,F I,20,306.93
2025-12-02,9:53:04.686060545,T,IBM,F I,10,306.93
2025-12-02,9:53:04.686060545,T,IBM,F I,10,306.91
2025-12-02,9:53:04.686463551,T,IBM,F I,10,306.92
2025-12-02,9:53:20.761346069,T,IBM,I,2,306.92
2025-12-02,9:53:20.761349137,T,IBM,I,30,306.9
2025-12-02,9:53:20.761349137,T,IBM,I,15,306.9
2025-12-02,9:53:30.392680806,T,IBM,F I,16,306.86
2025-12-02,9:53:30.392683738,T,IBM,F I,20,306.85
2025-12-02,9:53:30.392686695,T,IBM,F,40,306.85
2025-12-02,9:53:30.392689800,T,IBM,F I,18,306.84
2025-12-02,9:53:30.392762275,T,IBM,F,52,306.84
2025-12-02,9:53:30.392762275,T,IBM,F I,2,306.84
2025-12-02,9:53:30.392764917,T,IBM,F I,1,306.84
2025-12-02,9:53:30.392768364,T,IBM,F I,21,306.84
2025-12-02,9:53:30.392768364,T,IBM,F I,17,306.84
2025-12-02,9:53:30.392897238,T,IBM,F I,3,306.83
2025-12-02,9:53:30.393790368,T,IBM,F I,1,306.84
2025-12-02,9:53:30.393857276,T,IBM,I,37,306.83
2025-12-02,9:53:30.393859820,T,IBM,,70,306.83
2025-12-02,9:53:30.393859820,T,IBM,I,20,306.83
2025-12-02,9:53:30.393916725,T,IBM,,100,306.83
2025-12-02,9:53:30.394906075,T,IBM,F I,34,306.83
2025-12-02,9:53:30.693471820,T,IBM,F,40,306.82
2025-12-02,9:53:30.693513907,T,IBM,F,50,306.81
2025-12-02,9:53:30.693534909,T,IBM,F,40,306.81
2025-12-02,9:53:32.024711007,T,IBM,F,40,306.71
2025-12-02,9:53:32.024711007,T,IBM,F I,6,306.71
2025-12-02,9:53:32.024713932,T,IBM,F I,1,306.71
2025-12-02,9:53:36.788065806,T,IBM,F I,20,306.69
2025-12-02,9:53:42.443184483,T,IBM,F,62,306.72
2025-12-02,9:53:44.001220582,T,IBM,F,100,306.72
2025-12-02,9:53:44.001220582,T,IBM,F I,12,306.7
2025-12-02,9:53:44.902929247,T,IBM,F I,10,306.78
2025-12-02,9:53:44.902968357,T,IBM,F,85,306.83
2025-12-02,9:53:44.902992847,T,IBM,F I,15,306.83
2025-12-02,9:53:44.902995379,T,IBM,F I,1,306.83
2025-12-02,9:53:45.777275704,T,IBM,F I,4,306.84
2025-12-02,9:53:46.317295314,T,IBM,I,20,306.905
2025-12-02,9:53:46.375146993,T,IBM,I,5,306.905
2025-12-02,9:54:02.951720184,T,IBM,F I,20,306.77
2025-12-02,9:54:02.951722636,T,IBM,F,80,306.77
2025-12-02,9:54:02.951722636,T,IBM,F,51,306.77
2025-12-02,9:54:10.289277589,T,IBM,F I,1,307.01
2025-12-02,9:54:21.796021393,T,IBM,F I,1,307.015
2025-12-02,9:54:26.195398709,T,IBM,I,4,307.05
2025-12-02,9:54:27.865466407,T,IBM,I,7,306.94
2025-12-02,9:54:27.865466407,T,IBM,I,27,306.93
2025-12-02,9:54:27.865484553,T,IBM,I,1,306.93
2025-12-02,9:54:27.865502479,T,IBM,I,12,306.93
2025-12-02,9:54:27.865506405,T,IBM,I,2,306.93
2025-12-02,9:54:27.865506405,T,IBM,I,1,306.93
2025-12-02,9:54:27.865508870,T,IBM,I,1,306.93
2025-12-02,9:54:27.865508870,T,IBM,I,18,306.93
2025-12-02,9:54:27.866158320,T,IBM,I,7,306.93
2025-12-02,9:54:30.141474545,T,IBM,F I,3,306.92
2025-12-02,9:54:30.141474545,T,IBM,F I,4,306.91
2025-12-02,9:54:30.141477220,T,IBM,F I,2,306.87
2025-12-02,9:54:30.141480180,T,IBM,F I,10,306.87
2025-12-02,9:54:30.141480180,T,IBM,F I,8,306.87
2025-12-02,9:54:30.141482987,T,IBM,I,7,306.87
2025-12-02,9:54:30.141533932,T,IBM,I,27,306.87
2025-12-02,9:54:30.141555038,T,IBM,I,1,306.87
2025-12-02,9:54:48.160727895,T,IBM,I,2,306.89
2025-12-02,9:55:00.368085049,T,IBM,F I,20,306.79
2025-12-02,9:55:00.368085049,T,IBM,F I,25,306.78
2025-12-02,9:55:00.368106137,T,IBM,I,1,306.78
2025-12-02,9:55:00.368115781,T,IBM,I,14,306.78
2025-12-02,9:55:00.368118183,T,IBM,I,2,306.78
2025-12-02,9:55:00.368118183,T,IBM,I,3,306.78
2025-12-02,9:55:00.368145182,T,IBM,F I,10,306.77
2025-12-02,9:55:00.368145182,T,IBM,F I,20,306.76
2025-12-02,9:55:01.076930150,T,IBM,F I,30,306.84
2025-12-02,9:55:01.076932644,T,IBM,F I,15,306.84
2025-12-02,9:55:01.087914793,T,IBM,,100,306.83
2025-12-02,9:55:01.318266206,T,IBM,F I,10,306.89
2025-12-02,9:55:18.238773480,T,IBM,F I,18,306.95
2025-12-02,9:55:18.238956995,T,IBM,I,20,306.91
2025-12-02,9:55:18.238956995,T,IBM,,60,306.9
2025-12-02,9:55:18.238977925,T,IBM,F I,20,306.9
2025-12-02,9:55:18.335661170,T,IBM,F I,15,306.92
2025-12-02,9:55:19.811397346,T,IBM,F I,5,306.86
2025-12-02,9:55:22.530593790,T,IBM,F I,1,306.91
2025-12-02,9:55:22.538725112,T,IBM,I,13,306.92
2025-12-02,9:55:22.538860700,T,IBM,,65,306.92
2025-12-02,9:55:22.538863504,T,IBM,I,1,306.92
2025-12-02,9:55:22.538881579,T,IBM,I,11,306.87
2025-12-02,9:55:22.539046945,T,IBM,I,10,306.87
2025-12-02,9:55:22.542595408,T,IBM,,80,306.87
2025-12-02,9:55:22.542607360,T,IBM,I,8,306.87
2025-12-02,9:55:22.542616376,T,IBM,I,1,306.87
2025-12-02,9:55:22.542634443,T,IBM,I,11,306.87
2025-12-02,9:55:22.542637446,T,IBM,I,30,306.87
2025-12-02,9:55:23.789688185,T,IBM,I,30,306.93
2025-12-02,9:55:26.433786856,T,IBM,F I,3,306.96
2025-12-02,9:55:27.017906520,T,IBM,F I,15,306.93
2025-12-02,9:55:42.426955711,T,IBM,I,20,306.83
2025-12-02,9:55:42.426958677,T,IBM,I,22,306.82
2025-12-02,9:55:42.426977329,T,IBM,F I,18,306.82
2025-12-02,9:55:42.426979895,T,IBM,F I,2,306.82
2025-12-02,9:55:42.426983058,T,IBM,F I,12,306.82
2025-12-02,9:55:42.426983058,T,IBM,I,1,306.82
2025-12-02,9:55:42.426985745,T,IBM,I,20,306.82
2025-12-02,9:55:42.426992055,T,IBM,I,7,306.82
2025-12-02,9:55:42.428961508,T,IBM,F I,5,306.79
2025-12-02,9:55:49.717376866,T,IBM,F I,1,306.92
2025-12-02,9:55:49.717376866,T,IBM,F I,1,306.92
2025-12-02,9:55:49.717881800,T,IBM,F I,6,306.93
2025-12-02,9:55:49.717884818,T,IBM,F I,5,306.93
2025-12-02,9:55:53.210570732,T,IBM,F I,15,306.87
2025-12-02,9:55:53.210573542,T,IBM,F I,5,306.86
2025-12-02,9:55:53.210576600,T,IBM,F I,30,306.85
2025-12-02,9:56:08.338841399,T,IBM,I,1,306.925
2025-12-02,9:56:12.605314236,T,IBM,F I,10,307.02
2025-12-02,9:56:12.605937463,T,IBM,F I,3,307.03
2025-12-02,9:56:12.605937463,T,IBM,F I,2,307.03
2025-12-02,9:56:12.658078223,T,IBM,F,40,307.1
2025-12-02,9:56:12.658468899,T,IBM,F I,4,307.1
2025-12-02,9:56:12.658468899,T,IBM,I,1,307.1
2025-12-02,9:56:12.705383402,T,IBM,I,4,307.07
2025-12-02,9:56:13.073898899,T,IBM,F I,4,307.1
2025-12-02,9:56:13.073898899,T,IBM,F I,2,307.1
2025-12-02,9:56:13.156616656,T,IBM,I,3,307.1
2025-12-02,9:56:14.134962700,T,IBM,I,1,307.13
2025-12-02,9:56:14.135043878,T,IBM,I,3,307.09
2025-12-02,9:56:14.135046896,T,IBM,I,5,307.09
2025-12-02,9:56:14.135049905,T,IBM,I,33,307.07
2025-12-02,9:56:20.305433289,T,IBM,I,15,307.06
2025-12-02,9:56:25.133330508,T,IBM,F I,30,307.03
2025-12-02,9:56:25.133336505,T,IBM,F I,20,307.0
2025-12-02,9:56:25.133339535,T,IBM,F,74,307.0
2025-12-02,9:56:30.254735594,T,IBM,F,40,306.99
2025-12-02,9:56:43.592901983,T,IBM,F,40,306.87
2025-12-02,9:56:43.592904944,T,IBM,F I,1,306.87
2025-12-02,9:56:43.592904944,T,IBM,F I,1,306.87
2025-12-02,9:56:43.592907855,T,IBM,F I,2,306.87
2025-12-02,9:56:43.592922885,T,IBM,I,1,306.87
2025-12-02,9:56:43.592926195,T,IBM,I,3,306.87
2025-12-02,9:56:43.592926195,T,IBM,I,20,306.87
2025-12-02,9:56:43.593533376,T,IBM,I,6,306.88
2025-12-02,9:56:43.593620876,T,IBM,F I,4,306.86
2025-12-02,9:56:43.594161840,T,IBM,I,3,306.84
2025-12-02,9:56:43.594182889,T,IBM,I,15,306.83
2025-12-02,9:56:43.601887353,T,IBM,I,20,306.84
2025-12-02,9:56:43.601887353,T,IBM,I,20,306.83
2025-12-02,9:56:43.601908282,T,IBM,F I,20,306.83
2025-12-02,9:56:43.606641928,T,IBM,F I,4,306.84
2025-12-02,9:56:43.606641928,T,IBM,F I,3,306.84
2025-12-02,9:56:43.606644950,T,IBM,F I,7,306.84
2025-12-02,9:56:43.606656634,T,IBM,F I,3,306.84
2025-12-02,9:56:44.693741578,T,IBM,F,80,306.94
2025-12-02,9:56:55.633873204,T,IBM,F I,6,307.08
2025-12-02,9:56:55.633882929,T,IBM,F I,6,307.08
2025-12-02,9:56:55.633885513,T,IBM,I,33,307.08
2025-12-02,9:56:55.633885513,T,IBM,I,6,307.09
2025-12-02,9:56:55.633888222,T,IBM,I,2,307.09
2025-12-02,9:56:55.633903182,T,IBM,I,3,307.09
2025-12-02,9:56:55.698659418,T,IBM,F I,15,307.04
2025-12-02,9:57:00.012359803,T,IBM,F I,4,307.04
2025-12-02,9:57:18.935202000,T,IBM,,45,307.18
2025-12-02,9:57:18.936311673,T,IBM,I,5,307.195
2025-12-02,9:57:18.944331708,T,IBM,I,1,307.195
2025-12-02,9:57:18.996172218,T,IBM,F I,2,307.11
2025-12-02,9:57:18.996187362,T,IBM,F,78,307.11
2025-12-02,9:57:18.996187362,T,IBM,F I,2,307.1
2025-12-02,9:57:21.219394880,T,IBM,F I,30,307.09
2025-12-02,9:57:30.789575877,T,IBM,F I,30,307.08
2025-12-02,9:57:30.789578884,T,IBM,F I,15,307.08
2025-12-02,9:57:53.423020547,T,IBM,F I,16,307.09
2025-12-02,9:57:53.423023716,T,IBM,F,100,307.07
2025-12-02,9:57:53.423023716,T,IBM,F I,4,307.07
2025-12-02,9:58:07.743387798,T,IBM,F,75,307.18
2025-12-02,9:58:09.725322100,T,IBM,F I,8,307.11
2025-12-02,9:58:09.725322100,T,IBM,F I,5,307.09
2025-12-02,9:58:09.725325696,T,IBM,F I,20,307.09
2025-12-02,9:58:09.725328316,T,IBM,F I,2,307.09
2025-12-02,9:58:09.725328316,T,IBM,F,87,307.08
2025-12-02,9:58:09.725343324,T,IBM,F I,33,307.08
2025-12-02,9:58:09.725346229,T,IBM,F I,2,307.08
2025-12-02,9:58:30.002288357,T,IBM,F I,2,307.29
2025-12-02,9:58:30.002291117,T,IBM,F I,5,307.29
2025-12-02,9:58:30.002291117,T,IBM,F I,1,307.29
2025-12-02,9:58:30.002308980,T,IBM,F,100,307.3
2025-12-02,9:58:34.471912395,T,IBM,F,100,307.345
2025-12-02,9:58:34.471912395,T,IBM,F I,25,307.345
2025-12-02,9:58:57.199301016,T,IBM,,75,307.345
2025-12-02,9:59:04.221681753,T,IBM,,100,307.345
2025-12-02,9:59:08.915562021,T,IBM,I,4,307.37
2025-12-02,9:59:14.996900566,T,IBM,I,4,307.38
2025-12-02,9:59:15.418873985,T,IBM,F,100,307.52
2025-12-02,9:59:54.334811958,T,IBM,I,1,307.4
2025-12-02,10:00:00.152263202,T,IBM,I,20,307.36
2025-12-02,10:00:00.152266308,T,IBM,I,13,307.36
2025-12-02,10:00:00.152269617,T,IBM,I,10,307.36
2025-12-02,10:00:00.152269617,T,IBM,I,1,307.35
2025-12-02,10:00:00.152272155,T,IBM,I,2,307.35
2025-12-02,10:00:00.152272155,T,IBM,,466,307.35
2025-12-02,10:00:00.152281315,T,IBM,F I,3,307.35
2025-12-02,10:00:00.152281315,T,IBM,F,80,307.35
2025-12-02,10:00:00.154362148,T,IBM,F,40,307.33
2025-12-02,10:00:11.588846390,T,IBM,F I,15,307.26
2025-12-02,10:00:11.588846390,T,IBM,F I,20,307.25
2025-12-02,10:00:16.235180580,T,IBM,F,40,307.25
2025-12-02,10:00:16.235180580,T,IBM,F I,2,307.25
2025-12-02,10:00:16.235183625,T,IBM,F I,9,307.25
2025-12-02,10:00:20.956901423,T,IBM,F I,20,307.24
2025-12-02,10:00:20.956901423,T,IBM,F I,5,307.24
2025-12-02,10:00:20.956904114,T,IBM,F,40,307.23
2025-12-02,10:00:20.956907194,T,IBM,F,64,307.23
2025-12-02,10:00:20.956919215,T,IBM,I,1,307.23
2025-12-02,10:00:20.957036470,T,IBM,I,15,307.23
2025-12-02,10:00:20.957039520,T,IBM,I,9,307.23
2025-12-02,10:00:20.957072513,T,IBM,F I,25,307.23
2025-12-02,10:00:20.957093555,T,IBM,I,24,307.23
2025-12-02,10:00:27.554842559,T,IBM,F I,9,307.22
2025-12-02,10:00:27.554845659,T,IBM,F,151,307.21
2025-12-02,10:00:27.554863464,T,IBM,I,9,307.21
2025-12-02,10:00:27.554962768,T,IBM,F,56,307.2
2025-12-02,10:00:27.565349437,T,IBM,I,15,307.26
2025-12-02,10:00:27.565349437,T,IBM,I,1,307.26
2025-12-02,10:00:30.365760218,T,IBM,I,15,307.3
2025-12-02,10:00:30.365763473,T,IBM,I,10,307.31
2025-12-02,10:00:30.365763473,T,IBM,I,25,307.33
2025-12-02,10:00:30.365766265,T,IBM,I,11,307.34
2025-12-02,10:00:38.785170667,T,IBM,I,5,307.315
2025-12-02,10:00:42.650392713,T,IBM,I,25,307.35
2025-12-02,10:00:42.650392713,T,IBM,I,15,307.34
2025-12-02,10:00:42.650395495,T,IBM,,100,307.32
2025-12-02,10:00:42.650398922,T,IBM,I,15,307.32
2025-12-02,10:00:42.650398922,T,IBM,I,10,307.31
2025-12-02,10:00:42.650401405,T,IBM,I,22,307.3
2025-12-02,10:00:45.574093558,T,IBM,F,100,307.32
2025-12-02,10:00:45.574093558,T,IBM,F,47,307.25
2025-12-02,10:00:50.960080647,T,IBM,F I,15,307.26
2025-12-02,10:00:50.960083620,T,IBM,F I,10,307.25
2025-12-02,10:00:50.960083620,T,IBM,F I,15,307.24
2025-12-02,10:00:59.730913577,T,IBM,F I,6,307.44
2025-12-02,10:00:59.730913577,T,IBM,F I,4,307.44
2025-12-02,10:00:59.731075968,T,IBM,,80,307.44
2025-12-02,10:00:59.731382747,T,IBM,F I,1,307.45
2025-12-02,10:00:59.731415866,T,IBM,I,1,307.45
2025-12-02,10:00:59.731572224,T,IBM,F I,5,307.45
2025-12-02,10:00:59.735986699,T,IBM,F I,34,307.45
2025-12-02,10:00:59.736007746,T,IBM,I,1,307.45
2025-12-02,10:00:59.778023752,T,IBM,F I,16,307.45
2025-12-02,10:00:59.778044842,T,IBM,F I,23,307.45
2025-12-02,10:00:59.778087165,T,IBM,,40,307.46
2025-12-02,10:00:59.778089975,T,IBM,,80,307.48
2025-12-02,10:00:59.778092977,T,IBM,I,18,307.5
2025-12-02,10:00:59.778183367,T,IBM,F,102,307.5
2025-12-02,10:00:59.778186172,T,IBM,F I,18,307.5
2025-12-02,10:00:59.873167579,T,IBM,F I,20,307.47
2025-12-02,10:00:59.873170335,T,IBM,F I,22,307.47
2025-12-02,10:01:06.366456695,T,IBM,F I,13,307.67
2025-12-02,10:01:06.366456695,T,IBM,F I,2,307.67
2025-12-02,10:01:06.366456695,T,IBM,F I,2,307.67
2025-12-02,10:01:08.443585091,T,IBM,F I,7,307.75
2025-12-02,10:01:08.443618177,T,IBM,I,2,307.75
2025-12-02,10:01:08.444845065,T,IBM,F I,3,307.76
2025-12-02,10:01:08.444848151,T,IBM,F I,4,307.76
2025-12-02,10:01:09.534116713,T,IBM,,100,307.75
2025-12-02,10:01:09.534116713,T,IBM,I,10,307.76
2025-12-02,10:01:09.534119216,T,IBM,I,12,307.76
2025-12-02,10:01:09.534119216,T,IBM,I,10,307.76
2025-12-02,10:01:09.534516211,T,IBM,F I,10,307.75
2025-12-02,10:01:09.539895934,T,IBM,F I,8,307.7
2025-12-02,10:01:09.539898996,T,IBM,F,80,307.7
2025-12-02,10:01:09.539898996,T,IBM,F I,2,307.7
2025-12-02,10:01:11.995487837,T,IBM,F I,22,307.715
2025-12-02,10:01:15.143352548,T,IBM,F,40,307.64
2025-12-02,10:01:15.143355757,T,IBM,F I,1,307.64
2025-12-02,10:01:15.143355757,T,IBM,F I,2,307.64
2025-12-02,10:01:15.143847925,T,IBM,I,16,307.68
2025-12-02,10:01:17.382349964,T,IBM,F I,24,307.73
2025-12-02,10:01:17.382349964,T,IBM,F I,4,307.73
2025-12-02,10:01:23.607418761,T,IBM,F I,1,307.84
2025-12-02,10:01:23.607418761,T,IBM,F I,1,307.84
2025-12-02,10:01:23.607424526,T,IBM,F I,4,307.84
2025-12-02,10:01:23.607424526,T,IBM,F I,1,307.84
2025-12-02,10:01:23.607427521,T,IBM,F I,6,307.84
2025-12-02,10:01:23.607427521,T,IBM,F I,3,307.84
2025-12-02,10:01:23.607776324,T,IBM,F I,6,307.88
2025-12-02,10:01:23.736345188,T,IBM,I,1,308.0
2025-12-02,10:01:23.736383499,T,IBM,F I,1,308.0
2025-12-02,10:01:23.736389481,T,IBM,F,80,308.0
2025-12-02,10:01:26.122945951,T,IBM,F I,2,307.89
2025-12-02,10:01:27.619593888,T,IBM,I,2,307.88
2025-12-02,10:01:43.289210357,T,IBM,I,2,307.92
2025-12-02,10:01:50.399153570,T,IBM,F I,5,307.99
2025-12-02,10:01:55.851220714,T,IBM,F I,4,308.04
2025-12-02,10:01:55.851222895,T,IBM,F I,1,308.04
2025-12-02,10:01:55.851292001,T,IBM,F I,1,308.05
2025-12-02,10:01:55.854897590,T,IBM,F,40,308.1
2025-12-02,10:01:55.854918698,T,IBM,I,1,308.1
2025-12-02,10:01:55.855562515,T,IBM,I,30,308.09
2025-12-02,10:01:55.855562515,T,IBM,I,39,308.1
2025-12-02,10:01:55.855562515,T,IBM,I,10,308.1
2025-12-02,10:01:55.859489530,T,IBM,F I,10,308.09
2025-12-02,10:01:56.091585120,T,IBM,F I,30,308.1
2025-12-02,10:01:56.091588066,T,IBM,F,40,308.1
2025-12-02,10:01:56.091621334,T,IBM,,40,308.1
2025-12-02,10:01:56.091828633,T,IBM,F,40,308.1
2025-12-02,10:01:56.091900821,T,IBM,I,1,308.1
2025-12-02,10:01:56.091906980,T,IBM,I,39,308.1
2025-12-02,10:01:56.091906980,T,IBM,I,1,308.1
2025-12-02,10:01:56.091951991,T,IBM,,40,308.1
2025-12-02,10:01:56.091979149,T,IBM,F I,19,308.1
2025-12-02,10:02:31.093468843,T,IBM,,40,308.11
2025-12-02,10:02:31.093468843,T,IBM,I,1,308.11
2025-12-02,10:02:31.093471567,T,IBM,,40,308.11
2025-12-02,10:02:31.093471567,T,IBM,I,2,308.11
2025-12-02,10:02:31.110320493,T,IBM,F,40,308.07
2025-12-02,10:02:31.119901359,T,IBM,I,12,308.01
2025-12-02,10:02:31.119904336,T,IBM,I,8,307.98
2025-12-02,10:02:31.119919404,T,IBM,F I,12,307.98
2025-12-02,10:02:31.585589982,T,IBM,I,8,307.98
2025-12-02,10:02:31.585589982,T,IBM,I,1,307.98
2025-12-02,10:02:31.586035012,T,IBM,I,9,307.99
2025-12-02,10:02:31.586038067,T,IBM,,41,307.98
2025-12-02,10:02:31.586056117,T,IBM,I,1,307.98
2025-12-02,10:02:31.735623132,T,IBM,F,40,308.03
2025-12-02,10:02:39.222038711,T,IBM,F I,8,307.98
2025-12-02,10:02:39.222038711,T,IBM,F I,28,307.98
2025-12-02,10:02:39.229090212,T,IBM,I,4,307.95
2025-12-02,10:02:41.896722978,T,IBM,F I,1,308.03
2025-12-02,10:02:42.029928075,T,IBM,I,15,308.08
2025-12-02,10:02:44.809715552,T,IBM,F I,4,308.11
2025-12-02,10:02:44.809718806,T,IBM,F I,15,308.11
2025-12-02,10:02:44.809718806,T,IBM,F I,15,308.11
2025-12-02,10:02:51.545844782,T,IBM,F,40,308.2
2025-12-02,10:02:51.678376270,T,IBM,I,2,308.17
2025-12-02,10:03:26.625417651,T,IBM,F I,2,308.05
2025-12-02,10:03:27.082698182,T,IBM,I,12,308.03
2025-12-02,10:03:27.407597726,T,IBM,F I,28,308.0
2025-12-02,10:03:27.407600685,T,IBM,F I,6,308.0
2025-12-02,10:03:33.396375821,T,IBM,F,40,308.03
2025-12-02,10:04:00.959399158,T,IBM,,100,308.09
2025-12-02,10:04:44.716147310,T,IBM,I,15,308.06
2025-12-02,10:04:44.716147310,T,IBM,I,26,308.06
2025-12-02,10:04:55.082458610,T,IBM,F I,15,307.98
2025-12-02,10:04:55.082461584,T,IBM,F I,15,307.96
2025-12-02,10:04:55.082464555,T,IBM,F I,10,307.94
2025-12-02,10:04:55.082819788,T,IBM,I,30,307.94
2025-12-02,10:04:55.082822763,T,IBM,I,8,307.94
2025-12-02,10:04:55.082825613,T,IBM,I,2,307.94
2025-12-02,10:04:55.082825613,T,IBM,I,2,307.94
2025-12-02,10:04:55.083348827,T,IBM,I,7,307.94
2025-12-02,10:04:55.083351692,T,IBM,F I,7,307.93
2025-12-02,10:04:55.083412628,T,IBM,I,9,307.92
2025-12-02,10:04:55.083415419,T,IBM,,40,307.92
2025-12-02,10:04:55.083417893,T,IBM,I,30,307.98
2025-12-02,10:04:55.083438835,T,IBM,I,1,307.98
2025-12-02,10:04:55.083457104,T,IBM,F I,1,307.97
2025-12-02,10:04:55.153009732,T,IBM,F I,7,307.95
2025-12-02,10:04:55.153009732,T,IBM,F I,22,307.95
2025-12-02,10:04:55.374739586,T,IBM,F I,20,307.91
2025-12-02,10:04:55.374742409,T,IBM,F I,20,307.9
2025-12-02,10:04:55.374760678,T,IBM,F I,20,307.9
2025-12-02,10:04:55.374760678,T,IBM,F I,8,307.9
2025-12-02,10:04:55.958898099,T,IBM,I,6,307.92
2025-12-02,10:04:56.190325955,T,IBM,F I,7,307.88
2025-12-02,10:04:56.190380083,T,IBM,I,11,307.92
2025-12-02,10:04:56.190440321,T,IBM,I,5,307.92
2025-12-02,10:04:56.192449063,T,IBM,F I,1,307.96
2025-12-02,10:04:56.192452084,T,IBM,F I,19,307.99
2025-12-02,10:04:56.192626466,T,IBM,F I,17,307.99
2025-12-02,10:04:56.192924149,T,IBM,,40,308.0
2025-12-02,10:04:56.193456428,T,IBM,F,40,308.0
2025-12-02,10:05:01.163547526,T,IBM,F I,5,308.09
2025-12-02,10:05:01.163550485,T,IBM,F I,28,308.09
2025-12-02,10:05:04.005637302,T,IBM,F I,6,308.23
2025-12-02,10:05:09.545182465,T,IBM,F I,6,308.24
2025-12-02,10:05:09.545184853,T,IBM,F I,2,308.24
2025-12-02,10:05:09.545831503,T,IBM,F,40,308.29
2025-12-02,10:05:34.214503292,T,IBM,F,44,308.24
2025-12-02,10:05:34.214530352,T,IBM,F,56,308.24
2025-12-02,10:05:34.214581499,T,IBM,F,100,308.26
2025-12-02,10:05:34.214813012,T,IBM,F,44,308.27
2025-12-02,10:05:34.214816049,T,IBM,F,44,308.27
2025-12-02,10:05:34.214837297,T,IBM,I,3,308.3
2025-12-02,10:05:34.214837297,T,IBM,I,7,308.3
2025-12-02,10:05:34.214843128,T,IBM,I,31,308.3
2025-12-02,10:05:34.214846050,T,IBM,I,3,308.3
2025-12-02,10:05:39.034759500,T,IBM,F I,3,308.3
2025-12-02,10:05:40.949216140,T,IBM,,45,308.36
2025-12-02,10:05:50.821815073,T,IBM,F,40,308.31
2025-12-02,10:05:59.365722023,T,IBM,F I,3,308.42
2025-12-02,10:06:04.134210109,T,IBM,F I,20,308.26
2025-12-02,10:06:04.134210109,T,IBM,F I,10,308.26
2025-12-02,10:06:04.134212942,T,IBM,F I,23,308.26
2025-12-02,10:06:04.134227981,T,IBM,,40,308.26
2025-12-02,10:06:04.134483515,T,IBM,F I,10,308.26
2025-12-02,10:06:04.134487364,T,IBM,F,40,308.25
2025-12-02,10:06:04.134490345,T,IBM,F I,1,308.25
2025-12-02,10:06:04.134492943,T,IBM,F I,2,308.25
2025-12-02,10:06:04.134492943,T,IBM,F I,8,308.25
2025-12-02,10:06:04.134495892,T,IBM,F I,1,308.25
2025-12-02,10:06:04.134499280,T,IBM,F I,1,308.25
2025-12-02,10:06:04.135187197,T,IBM,I,7,308.25
2025-12-02,10:06:17.172219432,T,IBM,F I,20,308.17
2025-12-02,10:06:17.172222560,T,IBM,F I,32,308.16
2025-12-02,10:06:17.172222560,T,IBM,F I,3,308.16
2025-12-02,10:06:17.172226157,T,IBM,F I,5,308.16
2025-12-02,10:06:17.172228506,T,IBM,F I,2,308.16
2025-12-02,10:06:17.172237505,T,IBM,F I,4,308.16
2025-12-02,10:06:35.642863266,T,IBM,F,40,308.21
2025-12-02,10:06:36.953247793,T,IBM,,40,308.25
2025-12-02,10:06:36.953771108,T,IBM,F,80,308.31
2025-12-02,10:06:37.255503357,T,IBM,I,15,308.32
2025-12-02,10:06:46.897134481,T,IBM,F I,2,308.3
2025-12-02,10:06:46.897137494,T,IBM,F,50,308.3
2025-12-02,10:06:46.897137494,T,IBM,F I,5,308.3
2025-12-02,10:06:47.005199743,T,IBM,F I,2,308.24
2025-12-02,10:07:02.087043041,T,IBM,F I,20,308.17
2025-12-02,10:07:02.087043041,T,IBM,F I,22,308.16
2025-12-02,10:07:02.087064365,T,IBM,F I,18,308.16
2025-12-02,10:07:02.087064365,T,IBM,F I,2,308.16
2025-12-02,10:07:13.217686994,T,IBM,F,42,308.09
2025-12-02,10:07:23.000774690,T,IBM,F I,7,308.14
2025-12-02,10:07:23.000997290,T,IBM,F I,2,308.09
2025-12-02,10:07:23.001000241,T,IBM,F I,5,308.09
2025-12-02,10:07:23.120225350,T,IBM,F I,20,308.09
2025-12-02,10:07:23.120228102,T,IBM,F,40,308.08
2025-12-02,10:07:32.618977111,T,IBM,F,100,308.085
2025-12-02,10:07:48.525578977,T,IBM,I,19,308.04
2025-12-02,10:07:48.525984998,T,IBM,F I,20,307.98
2025-12-02,10:07:48.525984998,T,IBM,F I,2,307.97
2025-12-02,10:07:48.525987974,T,IBM,F I,28,307.97
2025-12-02,10:07:48.526300824,T,IBM,I,11,308.03
2025-12-02,10:07:48.548686036,T,IBM,I,3,307.96
2025-12-02,10:07:51.215999826,T,IBM,F I,2,307.95
2025-12-02,10:07:51.217199709,T,IBM,F,40,307.93
2025-12-02,10:08:06.148654789,T,IBM,F I,9,307.82
2025-12-02,10:08:06.148657851,T,IBM,F I,11,307.81
2025-12-02,10:08:06.148961601,T,IBM,I,18,307.86
2025-12-02,10:08:06.149018726,T,IBM,I,18,307.87
2025-12-02,10:08:06.149337523,T,IBM,F I,6,307.81
2025-12-02,10:08:06.149337523,T,IBM,F I,18,307.81
2025-12-02,10:08:06.149355474,T,IBM,I,1,307.81
2025-12-02,10:08:06.150591478,T,IBM,I,4,307.81
2025-12-02,10:08:06.151824357,T,IBM,I,7,307.81
2025-12-02,10:08:06.151824357,T,IBM,I,5,307.8
2025-12-02,10:08:10.150218192,T,IBM,F I,5,307.8
2025-12-02,10:08:14.395899535,T,IBM,F I,15,307.88
2025-12-02,10:08:14.395902556,T,IBM,F I,1,307.88
2025-12-02,10:08:14.396248291,T,IBM,F I,23,307.89
2025-12-02,10:08:16.126687820,T,IBM,,100,307.875
2025-12-02,10:08:16.126687820,T,IBM,,100,307.93
2025-12-02,10:08:16.159435835,T,IBM,F,80,307.89
2025-12-02,10:08:25.409619117,T,IBM,F I,15,307.84
2025-12-02,10:08:25.409619117,T,IBM,F I,13,307.82
2025-12-02,10:08:25.409622169,T,IBM,F I,9,307.81
2025-12-02,10:08:25.409622169,T,IBM,F,43,307.81
2025-12-02,10:08:26.304309133,T,IBM,,45,307.9
2025-12-02,10:08:26.304309133,T,IBM,,100,307.93
2025-12-02,10:08:26.304318010,T,IBM,,40,307.94
2025-12-02,10:08:26.304318010,T,IBM,I,19,307.95
2025-12-02,10:08:26.304949534,T,IBM,F,100,307.98
2025-12-02,10:08:26.304952500,T,IBM,F,100,307.98
2025-12-02,10:08:26.320192793,T,IBM,I,1,307.94
2025-12-02,10:08:26.320214342,T,IBM,F I,1,307.94
2025-12-02,10:08:26.320214342,T,IBM,F,50,307.94
2025-12-02,10:08:26.320274625,T,IBM,,100,307.94
2025-12-02,10:08:26.320276977,T,IBM,,100,307.94
2025-12-02,10:08:42.729257697,T,IBM,F I,20,307.84
2025-12-02,10:08:42.729260725,T,IBM,F I,10,307.84
2025-12-02,10:08:42.729260725,T,IBM,F I,10,307.83
2025-12-02,10:09:02.391386046,T,IBM,I,25,307.91
2025-12-02,10:09:02.391503371,T,IBM,F,100,307.95
2025-12-02,10:09:02.392844500,T,IBM,,40,308.0
2025-12-02,10:09:02.392847509,T,IBM,,40,308.0
2025-12-02,10:09:02.392847509,T,IBM,I,8,308.0
2025-12-02,10:09:02.392851130,T,IBM,I,2,308.0
2025-12-02,10:09:02.392853567,T,IBM,I,2,308.0
2025-12-02,10:09:02.392853567,T,IBM,,100,308.0
2025-12-02,10:09:02.392865994,T,IBM,I,1,308.0
2025-12-02,10:09:02.392865994,T,IBM,F I,39,308.0
2025-12-02,10:09:02.392868643,T,IBM,F,65,308.0
2025-12-02,10:09:02.393058099,T,IBM,F I,4,308.0
2025-12-02,10:09:02.393058099,T,IBM,F,60,308.0
2025-12-02,10:09:02.528780135,T,IBM,F I,8,307.97
2025-12-02,10:09:02.530262694,T,IBM,F I,15,307.92
2025-12-02,10:09:02.530265935,T,IBM,F,40,307.9
2025-12-02,10:09:02.530268688,T,IBM,F I,21,307.89
2025-12-02,10:09:02.539663109,T,IBM,I,3,308.0
2025-12-02,10:09:04.033472292,T,IBM,F,40,308.02
2025-12-02,10:09:04.033472292,T,IBM,F,85,308.06
2025-12-02,10:09:28.323873812,T,IBM,F I,2,308.01
2025-12-02,10:09:34.227831957,T,IBM,F I,2,307.96
2025-12-02,10:09:34.227841166,T,IBM,F,100,307.96
2025-12-02,10:09:34.227857225,T,IBM,F,40,307.94
2025-12-02,10:09:34.227862233,T,IBM,F I,5,307.94
2025-12-02,10:09:34.227862233,T,IBM,F I,16,307.94
2025-12-02,10:09:34.227862233,T,IBM,F I,7,307.94
2025-12-02,10:09:36.253631529,T,IBM,F I,4,307.9
2025-12-02,10:09:36.254753380,T,IBM,I,26,307.9
2025-12-02,10:09:36.257832506,T,IBM,I,26,307.89
2025-12-02,10:09:37.043103915,T,IBM,I,10,307.97
2025-12-02,10:09:37.045678138,T,IBM,I,11,308.06
2025-12-02,10:09:37.045681529,T,IBM,,100,308.06
2025-12-02,10:09:37.045684160,T,IBM,,40,308.07
2025-12-02,10:09:37.045684160,T,IBM,,47,308.08
2025-12-02,10:09:37.055183985,T,IBM,,45,308.09
2025-12-02,10:09:37.055186782,T,IBM,,75,308.09
2025-12-02,10:09:37.055367123,T,IBM,F I,25,308.09
2025-12-02,10:09:37.055391177,T,IBM,F,50,308.09
2025-12-02,10:09:37.056194110,T,IBM,,45,308.09
2025-12-02,10:09:37.263528733,T,IBM,F,100,307.97
2025-12-02,10:09:39.254472424,T,IBM,F I,25,308.07
2025-12-02,10:09:39.254472424,T,IBM,F,50,308.1
2025-12-02,10:09:39.254490422,T,IBM,I,1,308.1
2025-12-02,10:09:39.254676861,T,IBM,F,49,308.1
2025-12-02,10:09:39.254679880,T,IBM,F,80,308.1
2025-12-02,10:09:39.254679880,T,IBM,F I,1,308.1
2025-12-02,10:09:49.309602854,T,IBM,I,1,308.14
2025-12-02,10:09:57.703765636,T,IBM,F I,20,308.09
2025-12-02,10:09:57.703765636,T,IBM,F I,9,308.08
2025-12-02,10:09:57.703768291,T,IBM,F,60,308.08
2025-12-02,10:09:57.703888557,T,IBM,I,1,308.08
2025-12-02,10:09:57.703888557,T,IBM,I,3,308.08
2025-12-02,10:09:57.703897615,T,IBM,F I,16,308.08
2025-12-02,10:10:04.223321963,T,IBM,F I,1,308.17
2025-12-02,10:10:04.439079577,T,IBM,,45,308.16
2025-12-02,10:10:04.439082706,T,IBM,I,9,308.17
2025-12-02,10:10:04.439082706,T,IBM,,100,308.17
2025-12-02,10:10:04.439085557,T,IBM,,100,308.17
2025-12-02,10:10:04.439085557,T,IBM,,355,308.17
2025-12-02,10:10:04.439097542,T,IBM,I,1,308.17
2025-12-02,10:10:04.439118665,T,IBM,,44,308.17
2025-12-02,10:10:04.439662884,T,IBM,I,20,308.17
2025-12-02,10:10:11.202333412,T,IBM,F,100,308.12
2025-12-02,10:10:11.202336346,T,IBM,F,43,308.11
2025-12-02,10:10:11.202363495,T,IBM,I,1,308.11
2025-12-02,10:10:11.202913796,T,IBM,I,36,308.11
2025-12-02,10:10:11.202916820,T,IBM,I,8,308.11
2025-12-02,10:10:11.202943781,T,IBM,I,1,308.11
2025-12-02,10:10:14.148537207,T,IBM,F I,5,308.1
2025-12-02,10:10:15.383730734,T,IBM,F,58,308.04
2025-12-02,10:10:15.383944198,T,IBM,,40,308.03
2025-12-02,10:10:15.383944198,T,IBM,I,18,308.03
2025-12-02,10:10:15.384611750,T,IBM,I,9,308.05
2025-12-02,10:10:15.384683994,T,IBM,I,9,308.08
2025-12-02,10:10:15.384810289,T,IBM,I,34,308.08
2025-12-02,10:10:15.402994559,T,IBM,F I,4,308.15
2025-12-02,10:10:15.404462146,T,IBM,F I,4,308.2
2025-12-02,10:10:15.404462146,T,IBM,F,100,308.2
2025-12-02,10:10:15.406200145,T,IBM,I,8,308.19
2025-12-02,10:10:15.406224236,T,IBM,F I,2,308.19
2025-12-02,10:10:18.348633041,T,IBM,F,40,308.32
2025-12-02,10:10:18.357519187,T,IBM,F,40,308.32
2025-12-02,10:10:26.802770262,T,IBM,F I,2,308.24
2025-12-02,10:10:27.910123519,T,IBM,F I,30,308.22
2025-12-02,10:10:27.910123519,T,IBM,F,51,308.12
2025-12-02,10:10:27.913235790,T,IBM,,40,308.15
2025-12-02,10:10:27.927865631,T,IBM,I,10,308.13
2025-12-02,10:10:27.927868732,T,IBM,I,2,308.12
2025-12-02,10:10:27.931435217,T,IBM,F,40,308.12
2025-12-02,10:10:27.931537903,T,IBM,F,58,308.12
2025-12-02,10:10:27.931540468,T,IBM,F I,20,308.12
2025-12-02,10:10:27.931540468,T,IBM,F I,25,308.11
2025-12-02,10:10:27.931546477,T,IBM,I,15,308.11
2025-12-02,10:10:27.931546477,T,IBM,,40,308.11
2025-12-02,10:10:27.931546477,T,IBM,I,23,308.11
2025-12-02,10:10:27.931549474,T,IBM,,80,308.11
2025-12-02,10:10:27.931564439,T,IBM,,163,308.11
2025-12-02,10:10:28.276873581,T,IBM,F,80,308.14
2025-12-02,10:10:31.624954256,T,IBM,F,100,308.12
2025-12-02,10:10:31.624954256,T,IBM,F I,17,308.11
2025-12-02,10:10:33.271608597,T,IBM,F I,15,308.18
2025-12-02,10:10:33.271608597,T,IBM,F I,10,308.19
2025-12-02,10:10:33.271611144,T,IBM,F I,25,308.19
2025-12-02,10:10:33.271614241,T,IBM,F,75,308.2
2025-12-02,10:10:38.815561236,T,IBM,F I,3,308.39
2025-12-02,10:10:38.852922173,T,IBM,,66,308.43
2025-12-02,10:11:00.647553843,T,IBM,F I,20,308.48
2025-12-02,10:11:00.647556539,T,IBM,F,40,308.47
2025-12-02,10:11:00.647559428,T,IBM,F I,11,308.47
2025-12-02,10:11:00.647559428,T,IBM,F,100,308.47
2025-12-02,10:11:00.647562065,T,IBM,F I,20,308.47
2025-12-02,10:11:00.655443887,T,IBM,F,102,308.47
2025-12-02,10:11:06.123144816,T,IBM,F I,20,308.39
2025-12-02,10:11:06.123147683,T,IBM,F,40,308.38
2025-12-02,10:11:06.123150811,T,IBM,F I,24,308.38
2025-12-02,10:11:06.123150811,T,IBM,F,40,308.38
2025-12-02,10:11:06.123153366,T,IBM,F I,6,308.38
2025-12-02,10:11:06.123153366,T,IBM,F I,39,308.38
2025-12-02,10:11:06.123171445,T,IBM,F I,20,308.38
2025-12-02,10:11:06.123171445,T,IBM,F I,1,308.38
2025-12-02,10:11:06.260505364,T,IBM,I,20,308.33
2025-12-02,10:11:06.260508361,T,IBM,I,14,308.32
2025-12-02,10:11:06.260541464,T,IBM,I,6,308.32
2025-12-02,10:11:06.260866223,T,IBM,I,20,308.32
2025-12-02,10:11:06.260866223,T,IBM,I,29,308.32
2025-12-02,10:11:06.260887340,T,IBM,I,1,308.32
2025-12-02,10:11:06.260887340,T,IBM,I,10,308.32
2025-12-02,10:11:06.349487268,T,IBM,I,5,308.29
2025-12-02,10:11:06.349514299,T,IBM,F I,35,308.29
2025-12-02,10:11:06.349953358,T,IBM,I,1,308.29
2025-12-02,10:11:06.350461567,T,IBM,I,13,308.28
2025-12-02,10:11:06.350464578,T,IBM,I,5,308.28
2025-12-02,10:11:06.351547145,T,IBM,F I,5,308.27
2025-12-02,10:11:06.351580190,T,IBM,I,1,308.27
2025-12-02,10:11:06.351586205,T,IBM,I,12,308.27
2025-12-02,10:11:06.792964935,T,IBM,F,66,308.28
2025-12-02,10:11:07.835928911,T,IBM,I,26,308.28
2025-12-02,10:11:07.854299667,T,IBM,I,28,308.28
2025-12-02,10:11:09.322052207,T,IBM,F I,9,308.27
2025-12-02,10:11:09.322052207,T,IBM,F I,4,308.27
2025-12-02,10:11:09.322054907,T,IBM,F I,13,308.27
2025-12-02,10:11:09.322097110,T,IBM,I,26,308.27
2025-12-02,10:11:09.322097110,T,IBM,I,1,308.27
2025-12-02,10:11:09.322145069,T,IBM,F,40,308.27
2025-12-02,10:11:09.322247312,T,IBM,I,21,308.3
2025-12-02,10:11:09.322484838,T,IBM,I,2,308.27
2025-12-02,10:11:09.322484838,T,IBM,I,33,308.27
2025-12-02,10:11:09.322526949,T,IBM,I,5,308.27
2025-12-02,10:11:09.323991484,T,IBM,F,40,308.28
2025-12-02,10:11:09.324087650,T,IBM,,40,308.28
2025-12-02,10:11:10.350665578,T,IBM,F I,22,308.27
2025-12-02,10:11:10.350683569,T,IBM,I,4,308.27
2025-12-02,10:11:10.350692591,T,IBM,F I,16,308.27
2025-12-02,10:11:10.350695886,T,IBM,F,64,308.27
2025-12-02,10:11:10.350695886,T,IBM,I,36,308.27
2025-12-02,10:11:10.350699081,T,IBM,,40,308.26
2025-12-02,10:11:10.350702410,T,IBM,I,4,308.26
2025-12-02,10:11:10.350707658,T,IBM,I,25,308.26
2025-12-02,10:11:10.350728845,T,IBM,I,11,308.26
2025-12-02,10:11:10.351796396,T,IBM,,40,308.25
2025-12-02,10:11:12.146829734,T,IBM,F I,20,308.24
2025-12-02,10:11:12.146829734,T,IBM,F I,20,308.23
2025-12-02,10:11:12.146952962,T,IBM,I,1,308.23
2025-12-02,10:11:12.147031105,T,IBM,I,19,308.23
2025-12-02,10:11:12.220495953,T,IBM,I,33,308.27
2025-12-02,10:11:12.263341999,T,IBM,I,33,308.28
2025-12-02,10:11:12.264574927,T,IBM,F I,13,308.32
2025-12-02,10:11:12.264577981,T,IBM,F I,1,308.32
2025-12-02,10:11:12.395356262,T,IBM,F,40,308.37
2025-12-02,10:11:12.395560839,T,IBM,,79,308.35
2025-12-02,10:11:12.395678071,T,IBM,,96,308.33
2025-12-02,10:11:15.666742182,T,IBM,F I,33,308.32
2025-12-02,10:11:15.667557161,T,IBM,I,10,308.33
2025-12-02,10:11:26.764120936,T,IBM,F,45,308.34
2025-12-02,10:11:29.127483272,T,IBM,F I,7,308.32
2025-12-02,10:11:30.636944693,T,IBM,,75,308.32
2025-12-02,10:11:30.636947632,T,IBM,I,5,308.33
2025-12-02,10:11:35.629435971,T,IBM,F,80,308.35
2025-12-02,10:11:35.629743368,T,IBM,F,80,308.39
2025-12-02,10:11:46.412320001,T,IBM,F I,11,308.34
2025-12-02,10:11:46.412527543,T,IBM,I,39,308.34
2025-12-02,10:11:46.412602829,T,IBM,,85,308.33
2025-12-02,10:11:46.412608684,T,IBM,I,1,308.33
2025-12-02,10:11:46.412618109,T,IBM,I,14,308.33
2025-12-02,10:11:46.412618109,T,IBM,,46,308.34
2025-12-02,10:11:47.354480963,T,IBM,I,1,308.35
2025-12-02,10:11:48.320368416,T,IBM,I,5,308.4
2025-12-02,10:12:14.375172247,T,IBM,F I,2,308.52
2025-12-02,10:12:14.375996110,T,IBM,F I,2,308.55
2025-12-02,10:12:18.488595686,T,IBM,F I,11,308.55
2025-12-02,10:12:18.488629450,T,IBM,F I,29,308.55
2025-12-02,10:12:18.488629450,T,IBM,F,84,308.5
2025-12-02,10:12:18.488634912,T,IBM,F I,5,308.49
2025-12-02,10:12:18.488637844,T,IBM,F I,6,308.49
2025-12-02,10:12:18.488637844,T,IBM,F I,30,308.49
2025-12-02,10:12:23.504524603,T,IBM,I,5,308.55
2025-12-02,10:12:23.504572825,T,IBM,F I,27,308.56
2025-12-02,10:12:23.525881492,T,IBM,I,16,308.555
2025-12-02,10:12:53.214599306,T,IBM,,40,308.62
2025-12-02,10:12:53.215002175,T,IBM,I,13,308.62
2025-12-02,10:12:53.215050304,T,IBM,,45,308.6
2025-12-02,10:12:53.215050304,T,IBM,I,33,308.62
2025-12-02,10:12:53.215068382,T,IBM,I,1,308.62
2025-12-02,10:12:53.215119457,T,IBM,I,10,308.62
2025-12-02,10:12:53.215125516,T,IBM,I,15,308.62
2025-12-02,10:12:53.215131569,T,IBM,I,19,308.62
2025-12-02,10:12:53.215170652,T,IBM,I,19,308.61
2025-12-02,10:12:53.215305893,T,IBM,,80,308.65
2025-12-02,10:12:53.215305893,T,IBM,,40,308.65
2025-12-02,10:12:53.215333014,T,IBM,I,18,308.65
2025-12-02,10:12:53.216569422,T,IBM,I,6,308.65
2025-12-02,10:12:53.216569422,T,IBM,,100,308.65
2025-12-02,10:12:53.216572040,T,IBM,,100,308.65
2025-12-02,10:12:53.216572040,T,IBM,,43,308.65
2025-12-02,10:12:53.227478961,T,IBM,F I,1,308.61
2025-12-02,10:12:53.227490904,T,IBM,F I,9,308.61
2025-12-02,10:12:53.227502970,T,IBM,F I,10,308.6
2025-12-02,10:12:54.259571972,T,IBM,F I,10,308.65
2025-12-02,10:12:54.259574963,T,IBM,F I,2,308.65
2025-12-02,10:12:54.421200787,T,IBM,F,40,308.64
2025-12-02,10:12:54.839938594,T,IBM,F,40,308.64
2025-12-02,10:12:54.840326579,T,IBM,F,40,308.65
2025-12-02,10:12:54.847958735,T,IBM,I,6,308.63
2025-12-02,10:12:54.848394825,T,IBM,F I,3,308.61
2025-12-02,10:12:54.848397725,T,IBM,F I,1,308.61
2025-12-02,10:12:54.971655212,T,IBM,F,40,308.57
2025-12-02,10:12:54.971658169,T,IBM,F,40,308.57
2025-12-02,10:12:54.971661166,T,IBM,F,80,308.56
2025-12-02,10:12:54.971724388,T,IBM,I,20,308.56
2025-12-02,10:12:56.531624905,T,IBM,F I,8,308.5
2025-12-02,10:12:56.531627953,T,IBM,F I,5,308.5
2025-12-02,10:12:56.531630984,T,IBM,F I,1,308.5
2025-12-02,10:13:02.834612467,T,IBM,F,40,308.395
2025-12-02,10:13:02.834614994,T,IBM,I,2,308.36
2025-12-02,10:13:02.834777672,T,IBM,,45,308.4
2025-12-02,10:13:02.834777672,T,IBM,I,7,308.42
2025-12-02,10:13:02.834852594,T,IBM,I,11,308.36
2025-12-02,10:13:02.834880279,T,IBM,I,6,308.42
2025-12-02,10:13:02.834882697,T,IBM,I,38,308.42
2025-12-02,10:13:02.834885814,T,IBM,I,1,308.42
2025-12-02,10:13:02.952549737,T,IBM,F,40,308.38
2025-12-02,10:13:04.903155338,T,IBM,I,1,308.38
2025-12-02,10:13:04.903398988,T,IBM,F,40,308.37
2025-12-02,10:13:04.903402676,T,IBM,F I,9,308.37
2025-12-02,10:13:04.904800297,T,IBM,I,5,308.37
2025-12-02,10:13:13.685283404,T,IBM,F I,20,308.34
2025-12-02,10:13:13.685283404,T,IBM,F I,20,308.33
2025-12-02,10:13:13.685322374,T,IBM,I,1,308.33
2025-12-02,10:13:16.359742169,T,IBM,F I,5,308.39
2025-12-02,10:13:17.869393601,T,IBM,F I,8,308.36
2025-12-02,10:13:17.869393601,T,IBM,F I,1,308.36
2025-12-02,10:13:17.869396086,T,IBM,F I,2,308.36
2025-12-02,10:13:19.059187504,T,IBM,F I,19,308.33
2025-12-02,10:13:19.059205653,T,IBM,I,3,308.33
2025-12-02,10:13:19.059220594,T,IBM,I,3,308.33
2025-12-02,10:13:19.067126429,T,IBM,I,8,308.36
2025-12-02,10:13:20.059203164,T,IBM,F I,1,308.33
2025-12-02,10:13:20.059206532,T,IBM,F I,6,308.33
2025-12-02,10:13:20.059209172,T,IBM,F I,6,308.33
2025-12-02,10:13:20.059212228,T,IBM,F,40,308.33
2025-12-02,10:13:22.637998318,T,IBM,F,40,308.32
2025-12-02,10:13:46.944785485,T,IBM,F,84,308.36
2025-12-02,10:13:47.230463347,T,IBM,F,45,308.39
2025-12-02,10:13:47.230465666,T,IBM,F,99,308.4
2025-12-02,10:13:49.121926654,T,IBM,,100,308.38
2025-12-02,10:13:49.121929374,T,IBM,I,11,308.39
2025-12-02,10:13:50.681270622,T,IBM,,120,308.41
2025-12-02,10:13:50.681273615,T,IBM,I,1,308.41
2025-12-02,10:13:50.681288650,T,IBM,I,1,308.41
2025-12-02,10:13:50.681291575,T,IBM,I,18,308.41
2025-12-02,10:13:50.681297654,T,IBM,,61,308.41
2025-12-02,10:13:50.685372347,T,IBM,,40,308.42
2025-12-02,10:13:50.696390531,T,IBM,,45,308.465
2025-12-02,10:13:50.696390531,T,IBM,,40,308.465
2025-12-02,10:13:50.696417622,T,IBM,F I,15,308.465
2025-12-02,10:13:50.696862721,T,IBM,F I,5,308.49
2025-12-02,10:13:50.696862721,T,IBM,F I,1,308.49
2025-12-02,10:13:50.696865756,T,IBM,F I,17,308.49
2025-12-02,10:13:51.072748490,T,IBM,I,29,308.49
2025-12-02,10:13:59.099297751,T,IBM,I,30,308.49
2025-12-02,10:14:00.146838541,T,IBM,F,60,308.58
2025-12-02,10:14:00.255866089,T,IBM,I,25,308.61
2025-12-02,10:14:30.719790462,T,IBM,I,30,308.585
2025-12-02,10:14:41.282096153,T,IBM,F I,20,308.5
2025-12-02,10:14:41.282169950,T,IBM,F,40,308.49
2025-12-02,10:14:41.282169950,T,IBM,F I,1,308.49
2025-12-02,10:14:41.282174357,T,IBM,F I,5,308.49
2025-12-02,10:14:41.282225450,T,IBM,F I,7,308.49
2025-12-02,10:14:41.282225450,T,IBM,F,85,308.49
2025-12-02,10:14:41.282246466,T,IBM,F,78,308.49
2025-12-02,10:14:41.282256408,T,IBM,I,9,308.49
2025-12-02,10:14:41.282261562,T,IBM,I,1,308.49
2025-12-02,10:14:41.282264565,T,IBM,F I,30,308.49
2025-12-02,10:15:02.635471434,T,IBM,F I,17,308.62
2025-12-02,10:15:02.635486445,T,IBM,F I,5,308.62
2025-12-02,10:15:02.641209349,T,IBM,F I,1,308.67
2025-12-02,10:15:02.641209349,T,IBM,F I,1,308.67
2025-12-02,10:15:02.775293005,T,IBM,I,21,308.58
2025-12-02,10:15:02.775295321,T,IBM,I,1,308.58
2025-12-02,10:15:02.879361083,T,IBM,I,1,308.57
2025-12-02,10:15:04.539463149,T,IBM,F I,24,308.55
2025-12-02,10:15:04.539481184,T,IBM,I,1,308.55
2025-12-02,10:15:21.929240493,T,IBM,F I,3,308.59
2025-12-02,10:15:34.084976768,T,IBM,F I,20,308.58
2025-12-02,10:15:34.084983630,T,IBM,F,40,308.57
2025-12-02,10:15:34.084983630,T,IBM,F I,2,308.57
2025-12-02,10:15:34.084983630,T,IBM,F I,5,308.57
2025-12-02,10:15:34.084985821,T,IBM,F I,12,308.57
2025-12-02,10:15:34.084988736,T,IBM,F I,17,308.57
2025-12-02,10:15:34.084997861,T,IBM,F I,19,308.57
2025-12-02,10:15:34.084997861,T,IBM,F I,1,308.57
2025-12-02,10:15:34.084997861,T,IBM,F I,30,308.57
2025-12-02,10:15:34.259268633,T,IBM,I,15,308.55
2025-12-02,10:15:34.259289763,T,IBM,I,15,308.55
2025-12-02,10:15:34.260651977,T,IBM,,100,308.57
2025-12-02,10:15:40.536830068,T,IBM,F,40,308.62
2025-12-02,10:15:40.541824986,T,IBM,F I,11,308.62
2025-12-02,10:15:40.541824986,T,IBM,F I,20,308.62
2025-12-02,10:15:40.541861033,T,IBM,I,3,308.62
2025-12-02,10:15:40.546434958,T,IBM,F I,6,308.605
2025-12-02,10:15:40.546501066,T,IBM,F I,4,308.605
2025-12-02,10:15:40.546540265,T,IBM,F I,20,308.6
2025-12-02,10:15:40.546552198,T,IBM,F,40,308.59
2025-12-02,10:15:40.719079422,T,IBM,,40,308.56
2025-12-02,10:15:40.719081947,T,IBM,I,16,308.56
2025-12-02,10:15:40.719761641,T,IBM,I,25,308.54
2025-12-02,10:15:47.297990874,T,IBM,I,1,308.54
2025-12-02,10:15:47.298252527,T,IBM,F I,1,308.51
2025-12-02,10:15:47.298369805,T,IBM,I,1,308.5
2025-12-02,10:15:47.299034426,T,IBM,I,15,308.5
2025-12-02,10:15:47.299283947,T,IBM,I,24,308.5
2025-12-02,10:15:54.042612255,T,IBM,,45,308.52
2025-12-02,10:16:00.314096215,T,IBM,F I,1,308.58
2025-12-02,10:16:00.314099190,T,IBM,F,80,308.58
2025-12-02,10:16:00.314099190,T,IBM,F I,1,308.58
2025-12-02,10:16:00.318534748,T,IBM,,40,308.58
2025-12-02,10:16:00.318534748,T,IBM,,45,308.58
2025-12-02,10:16:00.318673092,T,IBM,,40,308.57
2025-12-02,10:16:00.319061038,T,IBM,I,15,308.58
2025-12-02,10:16:16.576971166,T,IBM,,80,308.53
2025-12-02,10:16:16.576977318,T,IBM,I,2,308.53
2025-12-02,10:16:16.576977318,T,IBM,,44,308.53
2025-12-02,10:16:16.576989180,T,IBM,F,66,308.53
2025-12-02,10:16:16.576992210,T,IBM,I,1,308.53
2025-12-02,10:16:23.327805216,T,IBM,I,2,308.5
2025-12-02,10:16:24.655141165,T,IBM,F I,36,308.5
2025-12-02,10:16:27.772945562,T,IBM,I,30,308.54
2025-12-02,10:16:27.772945562,T,IBM,I,14,308.55
2025-12-02,10:16:27.772948418,T,IBM,I,1,308.55
2025-12-02,10:16:27.772990571,T,IBM,I,30,308.55
2025-12-02,10:16:27.772990571,T,IBM,I,10,308.55
2025-12-02,10:16:27.772993582,T,IBM,,120,308.55
2025-12-02,10:16:36.826201851,T,IBM,F I,30,308.59
2025-12-02,10:16:36.826222777,T,IBM,F I,4,308.59
2025-12-02,10:16:36.826225768,T,IBM,I,4,308.59
2025-12-02,10:16:36.826225768,T,IBM,I,1,308.59
2025-12-02,10:16:36.826294905,T,IBM,F I,20,308.6
2025-12-02,10:16:55.285021161,T,IBM,I,1,308.56
2025-12-02,10:16:58.218919691,T,IBM,F I,20,308.54
2025-12-02,10:16:58.218922727,T,IBM,F I,20,308.53
2025-12-02,10:16:58.218937835,T,IBM,I,1,308.53
2025-12-02,10:16:58.218940868,T,IBM,F I,19,308.53
2025-12-02,10:16:58.218940868,T,IBM,F I,6,308.53
2025-12-02,10:16:58.218943789,T,IBM,F I,20,308.53
2025-12-02,10:16:58.218961805,T,IBM,I,14,308.53
2025-12-02,10:16:58.381907715,T,IBM,F I,1,308.57
2025-12-02,10:17:04.157598441,T,IBM,I,20,308.54
2025-12-02,10:17:22.571557170,T,IBM,I,20,308.54
2025-12-02,10:17:22.571560180,T,IBM,,53,308.54
2025-12-02,10:17:24.992551985,T,IBM,F I,20,308.55
2025-12-02,10:17:24.992554576,T,IBM,F I,25,308.55
2025-12-02,10:17:24.992557509,T,IBM,F,40,308.54
2025-12-02,10:17:24.992557509,T,IBM,F I,19,308.54
2025-12-02,10:17:24.992572513,T,IBM,I,1,308.54
2025-12-02,10:17:24.999552192,T,IBM,F I,10,308.54
2025-12-02,10:17:24.999555200,T,IBM,F I,7,308.54
2025-12-02,10:17:24.999558218,T,IBM,F I,25,308.54
2025-12-02,10:17:26.990077949,T,IBM,I,20,308.53
2025-12-02,10:17:26.990077949,T,IBM,I,9,308.52
2025-12-02,10:17:26.990080861,T,IBM,I,27,308.52
2025-12-02,10:17:26.990129980,T,IBM,F I,13,308.52
2025-12-02,10:17:26.990132025,T,IBM,F I,5,308.52
2025-12-02,10:17:26.990138038,T,IBM,F I,2,308.52
2025-12-02,10:17:29.433860598,T,IBM,F,200,308.48
2025-12-02,10:17:29.433890622,T,IBM,I,2,308.47
2025-12-02,10:17:29.450634512,T,IBM,F I,28,308.3
2025-12-02,10:17:29.451668984,T,IBM,F I,11,308.27
2025-12-02,10:17:29.460362727,T,IBM,F I,3,308.34
2025-12-02,10:17:40.945691828,T,IBM,I,10,308.335
2025-12-02,10:17:40.945694760,T,IBM,I,5,308.335
2025-12-02,10:18:11.009435055,T,IBM,,45,308.26
2025-12-02,10:18:11.009435055,T,IBM,I,16,308.265
2025-12-02,10:18:16.182422081,T,IBM,F,100,308.265
2025-12-02,10:18:57.082047269,T,IBM,F I,6,308.22
2025-12-02,10:19:10.521819243,T,IBM,F I,4,308.16
2025-12-02,10:19:10.521846533,T,IBM,F I,2,308.15
2025-12-02,10:19:10.521846533,T,IBM,F I,5,308.15
2025-12-02,10:19:10.521849292,T,IBM,F I,7,308.15
2025-12-02,10:19:10.521864319,T,IBM,I,3,308.15
2025-12-02,10:19:10.522219136,T,IBM,F I,20,308.13
2025-12-02,10:19:10.522222198,T,IBM,F I,9,308.13
2025-12-02,10:19:10.522369732,T,IBM,F I,9,308.13
2025-12-02,10:19:10.522598171,T,IBM,F I,4,308.12
2025-12-02,10:19:10.522598171,T,IBM,F I,16,308.1
2025-12-02,10:19:10.522931926,T,IBM,I,2,308.14
2025-12-02,10:19:11.509051473,T,IBM,F I,1,308.05
2025-12-02,10:19:11.513571528,T,IBM,I,25,308.11
2025-12-02,10:19:11.513574240,T,IBM,I,4,308.11
2025-12-02,10:19:24.964845395,T,IBM,F,80,308.07
2025-12-02,10:19:25.313134570,T,IBM,,80,308.05
2025-12-02,10:19:29.364944381,T,IBM,,82,308.06
2025-12-02,10:19:30.410512405,T,IBM,I,30,308.03
2025-12-02,10:19:30.410512405,T,IBM,I,25,308.03
2025-12-02,10:19:30.410515441,T,IBM,I,20,308.02
2025-12-02,10:19:30.414277448,T,IBM,F,40,308.01
2025-12-02,10:19:30.414277448,T,IBM,F,40,308.01
2025-12-02,10:19:30.414316513,T,IBM,F I,1,308.0
2025-12-02,10:19:30.414319766,T,IBM,F I,4,308.0
2025-12-02,10:19:30.414319766,T,IBM,F I,10,308.0
2025-12-02,10:19:30.415808164,T,IBM,F I,1,307.955
2025-12-02,10:19:30.416376379,T,IBM,F I,1,307.955
2025-12-02,10:19:30.416382414,T,IBM,F I,1,307.955
2025-12-02,10:19:30.416538752,T,IBM,F I,1,307.955
2025-12-02,10:19:30.416583857,T,IBM,F I,1,307.955
2025-12-02,10:19:30.416629012,T,IBM,F I,1,307.955
2025-12-02,10:19:30.416677099,T,IBM,F I,1,307.955
2025-12-02,10:19:30.416719221,T,IBM,F I,1,307.955
2025-12-02,10:19:30.416767299,T,IBM,F I,1,307.94
2025-12-02,10:19:30.429000499,T,IBM,I,32,307.95
2025-12-02,10:19:32.350015611,T,IBM,F I,10,307.93
2025-12-02,10:19:32.350018609,T,IBM,F,75,307.93
2025-12-02,10:19:37.918624393,T,IBM,,40,307.99
2025-12-02,10:19:37.918624393,T,IBM,,44,307.99
2025-12-02,10:19:40.671049841,T,IBM,F I,1,308.0
2025-12-02,10:19:40.671052852,T,IBM,F I,1,308.0
2025-12-02,10:19:40.671070852,T,IBM,I,2,308.0
2025-12-02,10:19:40.671311442,T,IBM,F I,2,308.03
2025-12-02,10:19:40.671311442,T,IBM,F,80,308.03
2025-12-02,10:19:40.672123453,T,IBM,I,3,308.03
2025-12-02,10:19:40.672123453,T,IBM,I,3,308.03
2025-12-02,10:19:40.672168479,T,IBM,,40,308.03
2025-12-02,10:19:40.672529301,T,IBM,I,4,308.03
2025-12-02,10:19:43.139987401,T,IBM,F I,20,308.03
2025-12-02,10:19:43.139990511,T,IBM,F,40,308.02
2025-12-02,10:19:43.139990511,T,IBM,F I,3,308.02
2025-12-02,10:19:43.139993357,T,IBM,F I,1,308.02
2025-12-02,10:19:43.139993357,T,IBM,F I,2,308.02
2025-12-02,10:19:43.139999394,T,IBM,F I,2,308.02
2025-12-02,10:19:43.140002458,T,IBM,F I,5,308.02
2025-12-02,10:19:43.140002458,T,IBM,F I,11,308.02
2025-12-02,10:20:01.054550105,T,IBM,F I,2,307.94
2025-12-02,10:20:01.054556101,T,IBM,F I,3,307.93
2025-12-02,10:20:01.054562184,T,IBM,F,40,307.93
2025-12-02,10:20:01.054562184,T,IBM,F I,2,307.93
2025-12-02,10:20:01.054754648,T,IBM,I,2,307.93
2025-12-02,10:20:01.055840602,T,IBM,F I,11,307.93
2025-12-02,10:20:01.055918370,T,IBM,F,40,307.92
2025-12-02,10:20:02.370353543,T,IBM,I,19,307.85
2025-12-02,10:20:02.370945890,T,IBM,F I,7,307.84
2025-12-02,10:20:04.356230126,T,IBM,F,80,307.81
2025-12-02,10:20:04.356233174,T,IBM,F I,24,307.81
2025-12-02,10:20:08.672288149,T,IBM,I,15,307.75
2025-12-02,10:20:12.161329285,T,IBM,I,2,307.78
2025-12-02,10:20:12.161485576,T,IBM,,40,307.78
2025-12-02,10:20:55.886288391,T,IBM,I,15,307.68
2025-12-02,10:21:23.979975744,T,IBM,F I,2,307.62
2025-12-02,10:21:23.979975744,T,IBM,F I,10,307.6
2025-12-02,10:21:25.277667003,T,IBM,F I,12,307.58
2025-12-02,10:21:25.277916625,T,IBM,F I,1,307.56
2025-12-02,10:21:25.277925669,T,IBM,I,4,307.56
2025-12-02,10:21:26.431219331,T,IBM,I,4,307.56
2025-12-02,10:21:26.431348534,T,IBM,I,4,307.56
2025-12-02,10:21:26.431728059,T,IBM,F I,4,307.56
2025-12-02,10:21:27.064677258,T,IBM,F I,20,307.56
2025-12-02,10:21:27.064683245,T,IBM,F I,3,307.55
2025-12-02,10:21:27.064683245,T,IBM,F,40,307.55
2025-12-02,10:21:27.064686285,T,IBM,F I,4,307.55
2025-12-02,10:21:27.064698796,T,IBM,F I,5,307.55
2025-12-02,10:21:27.064701310,T,IBM,F I,5,307.55
2025-12-02,10:21:27.064704312,T,IBM,F I,10,307.55
2025-12-02,10:21:27.077316401,T,IBM,F I,8,307.49
2025-12-02,10:22:00.804179341,T,IBM,F,40,307.45
2025-12-02,10:22:12.026682921,T,IBM,F I,15,307.54
2025-12-02,10:22:29.562475811,T,IBM,I,30,307.53
2025-12-02,10:22:36.027446528,T,IBM,F I,3,307.5
2025-12-02,10:22:36.027450279,T,IBM,F I,5,307.5
2025-12-02,10:22:36.027453115,T,IBM,F I,5,307.5
2025-12-02,10:22:36.027455758,T,IBM,F I,6,307.5
2025-12-02,10:22:36.027458543,T,IBM,F I,1,307.5
2025-12-02,10:22:36.027593926,T,IBM,F I,9,307.5
2025-12-02,10:22:44.404961659,T,IBM,F I,3,307.43
2025-12-02,10:22:44.404961659,T,IBM,F I,6,307.43
2025-12-02,10:22:44.405042470,T,IBM,F I,20,307.43
2025-12-02,10:22:44.405045551,T,IBM,F,40,307.42
2025-12-02,10:22:44.405051497,T,IBM,F I,4,307.42
2025-12-02,10:22:44.405090676,T,IBM,I,1,307.42
2025-12-02,10:22:44.405111731,T,IBM,F I,8,307.42
2025-12-02,10:22:44.405114716,T,IBM,F I,5,307.42
2025-12-02,10:22:46.171661683,T,IBM,F I,20,307.35
2025-12-02,10:22:46.171664715,T,IBM,F,40,307.34
2025-12-02,10:22:46.171667334,T,IBM,F,70,307.34
2025-12-02,10:22:46.171667334,T,IBM,F I,21,307.34
2025-12-02,10:22:46.171712164,T,IBM,F I,20,307.34
2025-12-02,10:22:46.171715153,T,IBM,F I,20,307.33
2025-12-02,10:22:46.172346638,T,IBM,F I,1,307.3
2025-12-02,10:22:46.172349721,T,IBM,F I,16,307.3
2025-12-02,10:22:46.172500083,T,IBM,F I,2,307.3
2025-12-02,10:23:04.962002268,T,IBM,,40,307.4
2025-12-02,10:23:04.962005057,T,IBM,,45,307.41
2025-12-02,10:23:04.962005057,T,IBM,I,7,307.41
2025-12-02,10:23:04.962028795,T,IBM,F I,29,307.41
2025-12-02,10:23:04.962064948,T,IBM,F I,1,307.42
2025-12-02,10:23:04.962263659,T,IBM,I,14,307.35
2025-12-02,10:23:04.962263659,T,IBM,I,30,307.35
2025-12-02,10:23:04.962266812,T,IBM,I,13,307.35
2025-12-02,10:23:04.962326461,T,IBM,I,13,307.35
2025-12-02,10:23:04.962997075,T,IBM,F I,13,307.28
2025-12-02,10:23:04.963000145,T,IBM,F I,13,307.28
2025-12-02,10:23:04.963003111,T,IBM,F I,1,307.28
2025-12-02,10:23:04.963066407,T,IBM,,46,307.28
2025-12-02,10:23:04.963069392,T,IBM,,100,307.28
2025-12-02,10:23:04.963072307,T,IBM,I,14,307.28
2025-12-02,10:23:04.963087405,T,IBM,I,20,307.27
2025-12-02,10:23:04.963090320,T,IBM,I,1,307.27
2025-12-02,10:23:04.963114387,T,IBM,,80,307.26
2025-12-02,10:23:04.963385023,T,IBM,F,86,307.26
2025-12-02,10:23:04.963388228,T,IBM,F,400,307.26
2025-12-02,10:23:04.963391066,T,IBM,F I,1,307.28
2025-12-02,10:23:04.963391066,T,IBM,F I,30,307.3
2025-12-02,10:23:04.963394067,T,IBM,F I,25,307.31
2025-12-02,10:23:04.963397470,T,IBM,F I,10,307.32
2025-12-02,10:23:04.963397470,T,IBM,F I,10,307.33
2025-12-02,10:23:04.963400431,T,IBM,F I,15,307.34
2025-12-02,10:23:04.963403087,T,IBM,F,100,307.34
2025-12-02,10:23:04.963403087,T,IBM,F,84,307.34
2025-12-02,10:23:04.963808981,T,IBM,,45,307.29
2025-12-02,10:23:04.963812453,T,IBM,,100,307.3
2025-12-02,10:23:04.963812453,T,IBM,,40,307.31
2025-12-02,10:23:04.963815055,T,IBM,,80,307.33
2025-12-02,10:23:04.963818051,T,IBM,,100,307.34
2025-12-02,10:23:04.963818051,T,IBM,I,35,307.34
2025-12-02,10:23:04.965635094,T,IBM,I,10,307.25
2025-12-02,10:23:04.965637388,T,IBM,I,15,307.24
2025-12-02,10:23:25.062435422,T,IBM,F I,10,307.25
2025-12-02,10:23:25.062438293,T,IBM,F I,11,307.24
