DATE,TIME_M,EX,SYM_ROOT,TR_SCOND,SIZE,PRICE
2025-11-07,9:30:01.411885131,T,IBM,O I,5,310.46
2025-11-07,9:30:01.411903088,T,IBM,Q,5,310.46
2025-11-07,9:30:01.600217480,T,IBM,,80,309.69
2025-11-07,9:30:01.601477392,T,IBM,F,80,309.69
2025-11-07,9:30:01.602054788,T,IBM,F,40,309.7
2025-11-07,9:30:01.602493839,T,IBM,,40,309.69
2025-11-07,9:30:01.602996034,T,IBM,F,40,309.69
2025-11-07,9:30:01.792696682,T,IBM,I,1,310.07
2025-11-07,9:30:01.964836202,T,IBM,I,3,309.54
2025-11-07,9:30:01.964838422,T,IBM,I,23,309.5
2025-11-07,9:30:01.964853532,T,IBM,I,1,309.5
2025-11-07,9:30:01.965307658,T,IBM,F I,2,309.56
2025-11-07,9:30:01.965310595,T,IBM,I,2,309.56
2025-11-07,9:30:01.965385727,T,IBM,I,21,309.56
2025-11-07,9:30:01.965388777,T,IBM,F I,2,309.5
2025-11-07,9:30:02.030009615,T,IBM,F I,1,309.21
2025-11-07,9:30:03.183264103,T,IBM,F I,4,309.11
2025-11-07,9:30:03.183844620,T,IBM,F,90,309.0
2025-11-07,9:30:03.183871479,T,IBM,F,70,309.0
2025-11-07,9:30:03.345581633,T,IBM,F I,1,308.9
2025-11-07,9:30:04.177181205,T,IBM,I,5,309.11
2025-11-07,9:30:04.177184240,T,IBM,I,5,309.0
2025-11-07,9:30:04.322210583,T,IBM,F I,39,308.9
2025-11-07,9:30:04.322210583,T,IBM,F I,5,308.82
2025-11-07,9:30:04.322213476,T,IBM,F I,12,308.76
2025-11-07,9:30:04.322493174,T,IBM,,56,308.76
2025-11-07,9:30:04.322685590,T,IBM,F I,32,308.76
2025-11-07,9:30:04.322688563,T,IBM,F I,24,308.75
2025-11-07,9:30:04.322712889,T,IBM,I,26,308.75
2025-11-07,9:30:04.322712889,T,IBM,I,6,308.75
2025-11-07,9:30:04.322712889,T,IBM,I,1,308.75
2025-11-07,9:30:05.633936116,T,IBM,F,41,308.5
2025-11-07,9:30:05.634005339,T,IBM,,41,308.5
2025-11-07,9:30:05.634275974,T,IBM,F,40,308.49
2025-11-07,9:30:05.634275974,T,IBM,F I,1,308.49
2025-11-07,9:30:05.649504169,T,IBM,F I,2,308.3
2025-11-07,9:30:05.649525371,T,IBM,I,18,308.3
2025-11-07,9:30:05.649525371,T,IBM,F I,18,308.3
2025-11-07,9:30:05.649540312,T,IBM,I,18,308.3
2025-11-07,9:30:10.644918619,T,IBM,F I,30,308.42
2025-11-07,9:30:15.310679141,T,IBM,F,100,308.25
2025-11-07,9:30:17.978775023,T,IBM,F I,3,308.4
2025-11-07,9:30:25.114092948,T,IBM,F,100,308.57
2025-11-07,9:30:25.114092948,T,IBM,F,40,308.59
2025-11-07,9:30:25.114098728,T,IBM,F,180,308.61
2025-11-07,9:30:25.114101954,T,IBM,F,60,308.61
2025-11-07,9:30:25.114105154,T,IBM,F,80,308.61
2025-11-07,9:30:25.114158766,T,IBM,,100,308.61
2025-11-07,9:30:25.114243027,T,IBM,F,40,308.66
2025-11-07,9:30:25.114245972,T,IBM,F,40,308.66
2025-11-07,9:30:25.114245972,T,IBM,F,40,308.66
2025-11-07,9:30:30.126379908,T,IBM,F I,1,308.65
2025-11-07,9:30:30.126449092,T,IBM,F,91,308.65
2025-11-07,9:30:33.046427441,T,IBM,F I,30,308.74
2025-11-07,9:30:33.046427441,T,IBM,F I,10,308.83
2025-11-07,9:30:33.046472534,T,IBM,F I,10,308.83
2025-11-07,9:30:33.046475572,T,IBM,F I,30,308.84
2025-11-07,9:30:33.046496616,T,IBM,I,1,308.84
2025-11-07,9:30:33.046541654,T,IBM,I,9,308.84
2025-11-07,9:30:33.052342728,T,IBM,F,100,308.81
2025-11-07,9:30:33.052342728,T,IBM,F,100,308.82
2025-11-07,9:30:33.052733488,T,IBM,I,30,308.85
2025-11-07,9:30:33.052757535,T,IBM,F,150,308.85
2025-11-07,9:30:33.052802634,T,IBM,F,150,308.85
2025-11-07,9:30:33.052838681,T,IBM,F,150,308.85
2025-11-07,9:30:33.052871731,T,IBM,F I,39,308.85
2025-11-07,9:30:37.264442954,T,IBM,F I,5,308.57
2025-11-07,9:30:37.264445909,T,IBM,F I,14,308.54
2025-11-07,9:30:49.726707944,T,IBM,F I,1,308.55
2025-11-07,9:30:54.853784610,T,IBM,F I,6,308.32
2025-11-07,9:30:55.711850365,T,IBM,F I,5,308.43
2025-11-07,9:30:55.746985998,T,IBM,F I,1,308.28
2025-11-07,9:30:55.767582026,T,IBM,F I,1,308.18
2025-11-07,9:30:55.767612025,T,IBM,F I,5,308.36
2025-11-07,9:31:07.038248332,T,IBM,F I,5,308.37
2025-11-07,9:31:07.038251490,T,IBM,F I,5,308.36
2025-11-07,9:31:07.038254277,T,IBM,F I,20,308.33
2025-11-07,9:31:08.485885969,T,IBM,F I,5,308.37
2025-11-07,9:31:08.485885969,T,IBM,F I,5,308.37
2025-11-07,9:31:08.521180759,T,IBM,F I,5,308.37
2025-11-07,9:31:08.521183647,T,IBM,F I,5,308.42
2025-11-07,9:31:08.568696815,T,IBM,F,100,308.46
2025-11-07,9:31:09.098332600,T,IBM,F I,9,308.32
2025-11-07,9:31:09.098470993,T,IBM,I,4,308.2
2025-11-07,9:31:11.771248925,T,IBM,I,10,308.29
2025-11-07,9:31:12.204433097,T,IBM,I,5,308.01
2025-11-07,9:31:12.259265792,T,IBM,I,3,308.0
2025-11-07,9:31:12.260682068,T,IBM,F,40,307.99
2025-11-07,9:31:12.904896708,T,IBM,F I,5,308.01
2025-11-07,9:31:12.958108321,T,IBM,F I,2,307.96
2025-11-07,9:31:13.189175445,T,IBM,F I,3,307.78
2025-11-07,9:31:13.205681711,T,IBM,F I,1,307.75
2025-11-07,9:31:13.205684746,T,IBM,F I,2,307.75
2025-11-07,9:31:13.245578088,T,IBM,F I,1,307.96
2025-11-07,9:31:13.253035405,T,IBM,F I,2,307.85
2025-11-07,9:31:13.530157227,T,IBM,F I,1,307.83
2025-11-07,9:31:13.541461106,T,IBM,F I,19,307.85
2025-11-07,9:31:13.551625320,T,IBM,F I,19,307.83
2025-11-07,9:31:14.461621648,T,IBM,F I,2,307.85
2025-11-07,9:31:14.461636643,T,IBM,F I,2,307.86
2025-11-07,9:31:14.461642884,T,IBM,F I,1,307.86
2025-11-07,9:31:14.461642884,T,IBM,F I,2,307.92
2025-11-07,9:31:14.461648723,T,IBM,F,100,307.93
2025-11-07,9:31:16.605452283,T,IBM,,52,308.17
2025-11-07,9:31:16.606071746,T,IBM,F I,9,308.21
2025-11-07,9:31:21.064861487,T,IBM,F I,11,308.21
2025-11-07,9:31:21.064864704,T,IBM,F I,9,308.21
2025-11-07,9:31:21.064864704,T,IBM,F I,20,308.22
2025-11-07,9:31:21.064885600,T,IBM,F I,20,308.22
2025-11-07,9:31:21.075705426,T,IBM,I,8,308.32
2025-11-07,9:31:21.291201602,T,IBM,I,10,308.38
2025-11-07,9:31:21.291204378,T,IBM,I,20,308.39
2025-11-07,9:31:21.291207699,T,IBM,I,1,308.4
2025-11-07,9:31:21.291207699,T,IBM,I,10,308.4
2025-11-07,9:31:23.188048035,T,IBM,F,100,308.17
2025-11-07,9:31:24.503093737,T,IBM,F,100,308.235
2025-11-07,9:31:26.753347728,T,IBM,F I,6,308.2
2025-11-07,9:31:46.250253749,T,IBM,F I,20,307.99
2025-11-07,9:31:46.250259823,T,IBM,F,120,308.0
2025-11-07,9:31:46.250259823,T,IBM,F,40,308.0
2025-11-07,9:31:46.251330914,T,IBM,F,98,308.18
2025-11-07,9:31:46.251330914,T,IBM,F,40,308.18
2025-11-07,9:31:46.251336477,T,IBM,F,80,308.18
2025-11-07,9:31:46.251336477,T,IBM,F,40,308.18
2025-11-07,9:31:46.251339377,T,IBM,F,56,308.18
2025-11-07,9:31:46.284391186,T,IBM,F I,20,308.22
2025-11-07,9:31:46.284391186,T,IBM,F I,20,308.23
2025-11-07,9:31:46.284412102,T,IBM,I,1,308.23
2025-11-07,9:31:46.284421126,T,IBM,I,19,308.23
2025-11-07,9:32:09.148385796,T,IBM,I,10,308.19
2025-11-07,9:32:09.148391839,T,IBM,F I,10,308.19
2025-11-07,9:32:09.149074692,T,IBM,I,7,308.34
2025-11-07,9:32:09.149074692,T,IBM,I,36,308.35
2025-11-07,9:32:09.149096124,T,IBM,F I,7,308.35
2025-11-07,9:32:09.172398002,T,IBM,I,4,308.41
2025-11-07,9:32:11.310415849,T,IBM,F,40,308.26
2025-11-07,9:32:11.312130017,T,IBM,I,35,308.25
2025-11-07,9:32:11.312151037,T,IBM,F,46,308.25
2025-11-07,9:32:22.084561216,T,IBM,F I,2,308.0
2025-11-07,9:32:22.880805643,T,IBM,I,2,307.84
2025-11-07,9:32:22.880832727,T,IBM,F I,5,307.83
2025-11-07,9:32:22.880941159,T,IBM,I,25,307.84
2025-11-07,9:32:22.880941159,T,IBM,,95,307.84
2025-11-07,9:32:26.996737197,T,IBM,I,2,307.81
2025-11-07,9:32:26.996761204,T,IBM,,100,307.81
2025-11-07,9:32:27.501990941,T,IBM,F,80,307.57
2025-11-07,9:32:27.502757802,T,IBM,I,1,307.55
2025-11-07,9:32:37.705485805,T,IBM,,100,307.57
2025-11-07,9:32:54.820282769,T,IBM,I,25,307.4
2025-11-07,9:32:54.820282769,T,IBM,I,18,307.38
2025-11-07,9:32:54.820457791,T,IBM,F I,1,307.35
2025-11-07,9:32:54.820460150,T,IBM,F,40,307.35
2025-11-07,9:32:54.820463093,T,IBM,F I,2,307.35
2025-11-07,9:32:54.820803020,T,IBM,,40,307.25
2025-11-07,9:32:54.820854493,T,IBM,I,23,307.27
2025-11-07,9:32:54.821094805,T,IBM,I,23,307.36
2025-11-07,9:32:54.821112648,T,IBM,I,14,307.36
2025-11-07,9:32:54.822535130,T,IBM,,40,307.52
2025-11-07,9:32:54.823206432,T,IBM,I,20,307.52
2025-11-07,9:32:54.823208700,T,IBM,I,32,307.52
2025-11-07,9:32:54.824652109,T,IBM,F,40,307.53
2025-11-07,9:32:54.825109305,T,IBM,I,39,307.72
2025-11-07,9:32:54.825109305,T,IBM,I,12,307.72
2025-11-07,9:32:54.858172911,T,IBM,F,100,307.99
2025-11-07,9:32:56.219345411,T,IBM,F,50,308.05
2025-11-07,9:32:56.997243264,T,IBM,F I,5,308.31
2025-11-07,9:32:56.997243264,T,IBM,F I,15,308.31
2025-11-07,9:32:56.997333422,T,IBM,,840,308.3
2025-11-07,9:32:56.997339517,T,IBM,,80,308.3
2025-11-07,9:32:56.997369533,T,IBM,I,3,308.29
2025-11-07,9:32:56.997450742,T,IBM,I,14,308.29
2025-11-07,9:32:56.997562220,T,IBM,,1158,308.29
2025-11-07,9:32:56.997564944,T,IBM,,40,308.29
2025-11-07,9:32:56.997568010,T,IBM,,44,308.29
2025-11-07,9:32:56.998307799,T,IBM,I,28,308.3
2025-11-07,9:32:57.007263090,T,IBM,I,3,308.3
2025-11-07,9:32:57.007266109,T,IBM,I,14,308.29
2025-11-07,9:32:57.007275090,T,IBM,I,7,308.29
2025-11-07,9:32:57.007278076,T,IBM,I,14,308.29
2025-11-07,9:32:57.007284180,T,IBM,I,20,308.29
2025-11-07,9:32:57.016654412,T,IBM,,45,308.275
2025-11-07,9:32:58.955866009,T,IBM,,80,308.37
2025-11-07,9:33:01.039845215,T,IBM,F I,23,308.27
2025-11-07,9:33:01.039848109,T,IBM,F I,4,308.27
2025-11-07,9:33:02.974783460,T,IBM,I,5,308.41
2025-11-07,9:33:02.974786477,T,IBM,,75,308.46
2025-11-07,9:33:02.975267581,T,IBM,F I,20,308.49
2025-11-07,9:33:02.975267581,T,IBM,F I,14,308.5
2025-11-07,9:33:02.975288616,T,IBM,F,66,308.5
2025-11-07,9:33:02.980614391,T,IBM,I,10,308.35
2025-11-07,9:33:02.980617321,T,IBM,,47,308.34
2025-11-07,9:33:02.990204135,T,IBM,I,5,308.35
2025-11-07,9:33:05.788951895,T,IBM,I,5,308.15
2025-11-07,9:33:05.788981885,T,IBM,F,95,308.15
2025-11-07,9:33:05.837078486,T,IBM,I,5,308.06
2025-11-07,9:33:07.162417531,T,IBM,F,40,307.87
2025-11-07,9:33:07.162465658,T,IBM,I,31,307.87
2025-11-07,9:33:07.162498800,T,IBM,I,32,307.8
2025-11-07,9:33:07.162498800,T,IBM,F I,8,307.8
2025-11-07,9:33:07.162501709,T,IBM,F I,32,307.8
2025-11-07,9:33:07.162504773,T,IBM,F I,28,307.8
2025-11-07,9:33:07.173724445,T,IBM,I,9,307.72
2025-11-07,9:33:07.173751487,T,IBM,F,91,307.72
2025-11-07,9:33:07.604839975,T,IBM,F,100,307.72
2025-11-07,9:33:08.746074683,T,IBM,F I,1,307.65
2025-11-07,9:33:08.746074683,T,IBM,F I,29,307.6
2025-11-07,9:33:08.812599088,T,IBM,I,20,307.6
2025-11-07,9:33:32.591672702,T,IBM,F I,8,307.5
2025-11-07,9:33:38.702580660,T,IBM,F I,3,307.3
2025-11-07,9:33:39.687388974,T,IBM,F I,5,307.33
2025-11-07,9:33:39.688495672,T,IBM,F,100,307.43
2025-11-07,9:33:39.688531901,T,IBM,F I,20,307.47
2025-11-07,9:33:39.688534702,T,IBM,F,78,307.48
2025-11-07,9:33:39.688537743,T,IBM,F,60,307.48
2025-11-07,9:33:39.688552723,T,IBM,I,1,307.48
2025-11-07,9:33:39.688558741,T,IBM,F I,19,307.48
2025-11-07,9:33:39.689187267,T,IBM,,40,307.49
2025-11-07,9:33:39.689187267,T,IBM,,59,307.49
2025-11-07,9:33:40.792165052,T,IBM,,54,307.67
2025-11-07,9:33:41.345722834,T,IBM,I,32,307.85
2025-11-07,9:33:41.418718623,T,IBM,I,8,307.85
2025-11-07,9:33:41.418721697,T,IBM,I,24,307.86
2025-11-07,9:33:41.418736726,T,IBM,I,1,307.86
2025-11-07,9:33:41.418748776,T,IBM,I,1,307.86
2025-11-07,9:33:41.492460161,T,IBM,I,6,307.86
2025-11-07,9:33:44.068001611,T,IBM,F I,3,307.65
2025-11-07,9:33:47.138930312,T,IBM,F I,10,307.63
2025-11-07,9:33:47.138933397,T,IBM,F I,20,307.61
2025-11-07,9:33:49.552885100,T,IBM,I,5,307.85
2025-11-07,9:33:49.552885100,T,IBM,I,1,307.87
2025-11-07,9:33:52.714996918,T,IBM,,50,307.79
2025-11-07,9:34:06.079923845,T,IBM,F I,1,307.42
2025-11-07,9:34:12.939271265,T,IBM,F I,25,307.44
2025-11-07,9:34:13.143902529,T,IBM,,40,307.57
2025-11-07,9:34:28.424681033,T,IBM,F I,37,307.85
2025-11-07,9:34:28.424867558,T,IBM,F,40,307.86
2025-11-07,9:34:28.424873563,T,IBM,F,168,307.89
2025-11-07,9:34:28.424927627,T,IBM,I,19,307.77
2025-11-07,9:34:28.429679013,T,IBM,F I,8,307.76
2025-11-07,9:34:28.429684980,T,IBM,F I,32,307.76
2025-11-07,9:34:28.429687987,T,IBM,F I,2,307.76
2025-11-07,9:34:28.429760293,T,IBM,F,40,307.7
2025-11-07,9:34:28.429784284,T,IBM,F,40,307.68
2025-11-07,9:34:28.429833076,T,IBM,I,34,307.68
2025-11-07,9:34:33.577992269,T,IBM,F I,25,307.79
2025-11-07,9:34:33.578040354,T,IBM,I,10,307.83
2025-11-07,9:34:33.857173857,T,IBM,I,12,307.87
2025-11-07,9:34:34.884726057,T,IBM,F I,37,307.87
2025-11-07,9:34:36.384537601,T,IBM,I,25,307.95
2025-11-07,9:34:36.384597770,T,IBM,I,25,307.95
2025-11-07,9:34:36.636200674,T,IBM,I,25,308.02
2025-11-07,9:34:36.636245768,T,IBM,F,100,308.02
2025-11-07,9:34:36.636248817,T,IBM,F,100,308.02
2025-11-07,9:34:36.637544894,T,IBM,F I,13,308.0
2025-11-07,9:34:36.930264744,T,IBM,I,8,308.02
2025-11-07,9:34:39.521395231,T,IBM,I,6,308.11
2025-11-07,9:34:39.521605747,T,IBM,F I,6,308.12
2025-11-07,9:34:39.521885409,T,IBM,F,44,308.12
2025-11-07,9:34:39.522345557,T,IBM,F I,6,308.13
2025-11-07,9:34:39.549052177,T,IBM,,86,308.11
2025-11-07,9:34:42.078635169,T,IBM,F I,2,308.04
2025-11-07,9:34:42.688174156,T,IBM,I,6,308.04
2025-11-07,9:35:12.062012628,T,IBM,F,100,308.42
2025-11-07,9:35:12.062046023,T,IBM,F,40,308.46
2025-11-07,9:35:12.062057721,T,IBM,F I,16,308.46
2025-11-07,9:35:12.062063662,T,IBM,F I,24,308.46
2025-11-07,9:35:12.062076846,T,IBM,F,56,308.46
2025-11-07,9:35:12.062079545,T,IBM,F I,20,308.46
2025-11-07,9:35:12.062082772,T,IBM,F,40,308.47
2025-11-07,9:35:12.062085258,T,IBM,F,92,308.48
2025-11-07,9:35:12.062088666,T,IBM,F,84,308.48
2025-11-07,9:35:12.062093782,T,IBM,F,116,308.48
2025-11-07,9:35:12.062129826,T,IBM,F I,1,308.5
2025-11-07,9:35:12.065076908,T,IBM,F I,30,308.58
2025-11-07,9:35:12.086764516,T,IBM,F,45,308.73
2025-11-07,9:35:12.516622852,T,IBM,,100,308.66
2025-11-07,9:35:18.654387619,T,IBM,F I,6,308.73
2025-11-07,9:35:18.657689476,T,IBM,F I,10,308.735
2025-11-07,9:35:31.943600653,T,IBM,I,3,308.6
2025-11-07,9:35:31.943609722,T,IBM,I,3,308.6
2025-11-07,9:35:31.943648734,T,IBM,I,13,308.67
2025-11-07,9:35:31.943961549,T,IBM,I,20,308.72
2025-11-07,9:35:31.943964531,T,IBM,I,20,308.73
2025-11-07,9:35:31.943979780,T,IBM,I,1,308.73
2025-11-07,9:35:31.943982621,T,IBM,I,19,308.73
2025-11-07,9:35:31.944099818,T,IBM,F I,13,308.66
2025-11-07,9:35:31.944111850,T,IBM,F I,37,308.66
2025-11-07,9:35:31.944126956,T,IBM,F I,24,308.66
2025-11-07,9:35:31.944133094,T,IBM,I,1,308.66
2025-11-07,9:35:31.944133094,T,IBM,I,10,308.66
2025-11-07,9:35:31.944214277,T,IBM,I,26,308.73
2025-11-07,9:35:31.944214277,T,IBM,I,24,308.73
2025-11-07,9:35:31.944400943,T,IBM,I,1,308.73
2025-11-07,9:35:31.944400943,T,IBM,I,10,308.73
2025-11-07,9:35:31.944403605,T,IBM,I,14,308.73
2025-11-07,9:35:31.944418579,T,IBM,I,24,308.72
2025-11-07,9:35:31.944878709,T,IBM,F I,4,308.61
2025-11-07,9:35:31.945543258,T,IBM,I,8,308.72
2025-11-07,9:35:44.298576685,T,IBM,F,80,308.48
2025-11-07,9:35:56.003317175,T,IBM,I,18,308.15
2025-11-07,9:36:03.840286047,T,IBM,,100,308.18
2025-11-07,9:36:03.840313148,T,IBM,F I,20,308.18
2025-11-07,9:36:14.279923887,T,IBM,F,100,307.99
2025-11-07,9:36:14.279923887,T,IBM,I,24,307.95
2025-11-07,9:36:14.279926891,T,IBM,I,26,307.95
2025-11-07,9:36:14.279929811,T,IBM,,52,307.92
2025-11-07,9:36:14.280014212,T,IBM,F I,8,307.96
2025-11-07,9:36:14.280014212,T,IBM,F I,4,307.92
2025-11-07,9:36:14.280020264,T,IBM,F I,7,307.91
2025-11-07,9:36:14.280020264,T,IBM,F,59,307.91
2025-11-07,9:36:14.280020264,T,IBM,I,1,307.91
2025-11-07,9:36:14.280023080,T,IBM,F I,11,307.91
2025-11-07,9:36:14.281298085,T,IBM,F I,7,307.8
2025-11-07,9:36:14.281586845,T,IBM,I,18,307.84
2025-11-07,9:36:14.281670984,T,IBM,I,18,307.88
2025-11-07,9:36:19.583427503,T,IBM,I,13,307.78
2025-11-07,9:36:22.091674638,T,IBM,I,18,308.0
2025-11-07,9:36:24.390858116,T,IBM,F,150,307.91
2025-11-07,9:36:24.390903168,T,IBM,F I,10,307.91
2025-11-07,9:36:28.217702379,T,IBM,F,150,307.91
2025-11-07,9:36:28.337297160,T,IBM,I,6,308.03
2025-11-07,9:36:28.339020212,T,IBM,F I,1,308.03
2025-11-07,9:36:28.340619963,T,IBM,F,140,307.915
2025-11-07,9:36:33.868394702,T,IBM,I,1,307.8
2025-11-07,9:36:33.868394702,T,IBM,I,4,307.8
2025-11-07,9:36:33.868415737,T,IBM,F,96,307.8
2025-11-07,9:36:33.868419080,T,IBM,F,86,307.8
2025-11-07,9:36:33.868419080,T,IBM,F,146,307.8
2025-11-07,9:36:33.868421767,T,IBM,F,51,307.8
2025-11-07,9:36:33.868427739,T,IBM,F I,5,307.8
2025-11-07,9:36:33.868472831,T,IBM,,100,307.8
2025-11-07,9:36:33.868494844,T,IBM,I,1,307.8
2025-11-07,9:36:33.868508986,T,IBM,I,19,307.8
2025-11-07,9:36:33.868926937,T,IBM,F,73,307.8
2025-11-07,9:36:36.698783814,T,IBM,F,40,307.68
2025-11-07,9:36:36.698786910,T,IBM,F I,6,307.68
2025-11-07,9:36:36.698789883,T,IBM,F,40,307.68
2025-11-07,9:36:36.698789883,T,IBM,F I,14,307.68
2025-11-07,9:36:36.710911778,T,IBM,F,100,307.32
2025-11-07,9:36:40.546678286,T,IBM,,150,307.305
2025-11-07,9:36:40.546723363,T,IBM,F,81,307.305
2025-11-07,9:36:40.546726371,T,IBM,F,69,307.305
2025-11-07,9:36:42.155646597,T,IBM,F I,2,307.45
2025-11-07,9:36:42.155710122,T,IBM,F,40,307.31
2025-11-07,9:36:42.155731589,T,IBM,I,2,307.46
2025-11-07,9:36:42.156816432,T,IBM,F,40,307.46
2025-11-07,9:36:42.156816432,T,IBM,F I,30,307.46
2025-11-07,9:36:42.156858544,T,IBM,F,100,307.46
2025-11-07,9:36:42.160554347,T,IBM,F I,20,307.46
2025-11-07,9:36:42.160554347,T,IBM,F I,20,307.46
2025-11-07,9:36:42.161366176,T,IBM,,130,307.59
2025-11-07,9:36:42.161369232,T,IBM,,80,307.59
2025-11-07,9:36:42.161411287,T,IBM,F,40,307.6
2025-11-07,9:36:42.161414344,T,IBM,F,40,307.6
2025-11-07,9:36:42.161435385,T,IBM,F,51,307.6
2025-11-07,9:36:42.161462409,T,IBM,,63,307.6
2025-11-07,9:36:42.161480949,T,IBM,,46,307.6
2025-11-07,9:36:42.161657886,T,IBM,,100,307.59
2025-11-07,9:36:42.161678986,T,IBM,I,1,307.59
2025-11-07,9:36:42.161919601,T,IBM,F I,1,307.58
2025-11-07,9:36:42.161997731,T,IBM,,80,307.58
2025-11-07,9:36:42.162033793,T,IBM,I,20,307.58
2025-11-07,9:36:42.206419478,T,IBM,,40,307.46
2025-11-07,9:36:51.157450661,T,IBM,F,40,307.58
2025-11-07,9:36:51.157480812,T,IBM,,73,307.59
2025-11-07,9:36:51.158019096,T,IBM,F I,20,307.64
2025-11-07,9:36:51.158040140,T,IBM,F I,20,307.64
2025-11-07,9:37:00.443160655,T,IBM,F I,1,307.84
2025-11-07,9:37:00.443175616,T,IBM,F,99,307.84
2025-11-07,9:37:00.443190660,T,IBM,F I,1,307.85
2025-11-07,9:37:00.443211711,T,IBM,F I,1,307.85
2025-11-07,9:37:00.444525821,T,IBM,I,25,307.82
2025-11-07,9:37:00.444528879,T,IBM,,95,307.81
2025-11-07,9:37:00.454840357,T,IBM,I,2,307.76
2025-11-07,9:37:00.543479592,T,IBM,I,3,307.71
2025-11-07,9:37:00.543479592,T,IBM,I,10,307.71
2025-11-07,9:37:04.553887460,T,IBM,,100,307.21
2025-11-07,9:37:04.553934829,T,IBM,,100,307.27
2025-11-07,9:37:04.554223550,T,IBM,I,10,307.29
2025-11-07,9:37:04.554358936,T,IBM,I,3,307.34
2025-11-07,9:37:04.554400953,T,IBM,F I,1,307.34
2025-11-07,9:37:04.554407381,T,IBM,F I,3,307.34
2025-11-07,9:37:04.554410348,T,IBM,I,3,307.34
2025-11-07,9:37:04.554413929,T,IBM,,100,307.33
2025-11-07,9:37:04.554419084,T,IBM,,389,307.29
2025-11-07,9:37:04.554422086,T,IBM,,45,307.34
2025-11-07,9:37:04.554436155,T,IBM,I,1,307.29
2025-11-07,9:37:04.554440122,T,IBM,,99,307.29
2025-11-07,9:37:04.554440122,T,IBM,,400,307.29
2025-11-07,9:37:04.554545334,T,IBM,,45,307.34
2025-11-07,9:37:04.554834244,T,IBM,,45,307.31
2025-11-07,9:37:11.247660284,T,IBM,I,2,307.34
2025-11-07,9:37:14.003080766,T,IBM,F I,1,307.33
2025-11-07,9:37:17.005100441,T,IBM,F I,1,307.33
2025-11-07,9:37:17.977552535,T,IBM,I,22,307.33
2025-11-07,9:37:20.710365306,T,IBM,I,2,307.18
2025-11-07,9:37:20.711806343,T,IBM,F I,17,307.21
2025-11-07,9:37:20.711809187,T,IBM,F I,7,307.21
2025-11-07,9:37:20.711884722,T,IBM,,100,307.21
2025-11-07,9:37:20.711890119,T,IBM,,100,307.21
2025-11-07,9:37:20.711890119,T,IBM,,100,307.21
2025-11-07,9:37:20.711890119,T,IBM,,100,307.21
2025-11-07,9:37:20.711899058,T,IBM,,400,307.21
2025-11-07,9:37:20.711901973,T,IBM,I,1,307.21
2025-11-07,9:37:20.712061354,T,IBM,,52,307.21
2025-11-07,9:37:20.712100438,T,IBM,I,22,307.21
2025-11-07,9:37:20.712121665,T,IBM,F,178,307.21
2025-11-07,9:37:20.712142597,T,IBM,I,12,307.21
2025-11-07,9:37:20.712160667,T,IBM,F I,1,307.21
2025-11-07,9:37:20.712184658,T,IBM,,394,307.21
2025-11-07,9:37:20.712196728,T,IBM,,151,307.21
2025-11-07,9:37:20.712199989,T,IBM,,215,307.21
2025-11-07,9:37:20.712208689,T,IBM,I,2,307.21
2025-11-07,9:37:20.712220786,T,IBM,I,3,307.21
2025-11-07,9:37:20.712301926,T,IBM,I,7,307.25
2025-11-07,9:37:20.738656731,T,IBM,I,7,307.21
2025-11-07,9:37:23.307185404,T,IBM,F I,5,307.0
2025-11-07,9:37:23.307185404,T,IBM,F,171,307.0
2025-11-07,9:37:23.307308757,T,IBM,,69,307.0
2025-11-07,9:37:23.307311977,T,IBM,,100,307.0
2025-11-07,9:37:23.307315135,T,IBM,,200,307.0
2025-11-07,9:37:23.307319215,T,IBM,,180,307.0
2025-11-07,9:37:23.307319215,T,IBM,,100,307.0
2025-11-07,9:37:23.307323803,T,IBM,,400,307.0
2025-11-07,9:37:23.307323803,T,IBM,,160,307.0
2025-11-07,9:37:23.307326704,T,IBM,,200,307.0
2025-11-07,9:37:23.307329714,T,IBM,,100,307.0
2025-11-07,9:37:23.307329714,T,IBM,,100,307.0
2025-11-07,9:37:23.307735685,T,IBM,F I,7,306.91
2025-11-07,9:37:23.307735685,T,IBM,F I,12,306.91
2025-11-07,9:37:23.308027596,T,IBM,,100,307.0
2025-11-07,9:37:23.308039456,T,IBM,F,100,307.0
2025-11-07,9:37:23.308075882,T,IBM,F,100,307.0
2025-11-07,9:37:23.308078655,T,IBM,F,580,307.0
2025-11-07,9:37:23.308081533,T,IBM,F,100,307.0
2025-11-07,9:37:23.308085065,T,IBM,F,300,307.0
2025-11-07,9:37:23.308087549,T,IBM,F,100,307.0
2025-11-07,9:37:23.675078181,T,IBM,F I,2,306.97
2025-11-07,9:37:25.489952720,T,IBM,F,98,306.97
2025-11-07,9:37:25.779430860,T,IBM,F I,1,306.87
2025-11-07,9:37:25.779430860,T,IBM,F,299,306.87
2025-11-07,9:37:25.779448998,T,IBM,F,401,306.87
2025-11-07,9:37:25.779451960,T,IBM,I,1,306.87
2025-11-07,9:37:25.779451960,T,IBM,F,79,306.87
2025-11-07,9:37:25.779482152,T,IBM,F,40,306.86
2025-11-07,9:37:25.779656434,T,IBM,F I,1,306.85
2025-11-07,9:37:25.779930095,T,IBM,F I,24,306.87
2025-11-07,9:37:25.780014250,T,IBM,F I,1,306.91
2025-11-07,9:37:25.780032691,T,IBM,F,100,306.92
2025-11-07,9:37:25.780068425,T,IBM,F I,15,306.92
2025-11-07,9:37:25.780116529,T,IBM,F I,25,306.92
2025-11-07,9:37:25.780591621,T,IBM,F,52,307.01
2025-11-07,9:37:25.780612815,T,IBM,F,40,307.01
2025-11-07,9:37:25.781469724,T,IBM,,40,307.045
2025-11-07,9:37:25.781680265,T,IBM,,48,307.13
2025-11-07,9:37:25.781725330,T,IBM,F,300,307.13
2025-11-07,9:37:25.781734871,T,IBM,F,200,307.13
2025-11-07,9:37:25.781737966,T,IBM,F,164,307.13
2025-11-07,9:37:25.781737966,T,IBM,F,200,307.13
2025-11-07,9:37:25.781743396,T,IBM,F,190,307.13
2025-11-07,9:37:25.781743396,T,IBM,F I,10,307.13
2025-11-07,9:37:25.781746917,T,IBM,F,290,307.13
2025-11-07,9:37:25.781749953,T,IBM,F I,10,307.13
2025-11-07,9:37:25.781749953,T,IBM,F,280,307.13
2025-11-07,9:37:25.781754129,T,IBM,F,87,307.13
2025-11-07,9:37:25.781754129,T,IBM,F,213,307.13
2025-11-07,9:37:25.781758423,T,IBM,F,56,307.13
2025-11-07,9:37:25.781758423,T,IBM,F I,31,307.13
2025-11-07,9:37:25.781758423,T,IBM,I,13,307.13
2025-11-07,9:37:25.781762344,T,IBM,F,364,307.13
2025-11-07,9:37:25.781762344,T,IBM,F,200,307.13
2025-11-07,9:37:25.781764889,T,IBM,F,500,307.13
2025-11-07,9:37:25.781767406,T,IBM,F,280,307.13
2025-11-07,9:37:25.781788500,T,IBM,F,56,307.12
2025-11-07,9:37:25.781794543,T,IBM,F,400,307.12
2025-11-07,9:37:25.781971944,T,IBM,F,99,307.12
2025-11-07,9:37:25.781993016,T,IBM,F I,2,307.12
2025-11-07,9:37:25.781993016,T,IBM,F,144,307.12
2025-11-07,9:37:25.781999250,T,IBM,F,612,307.12
2025-11-07,9:37:25.781999250,T,IBM,F,111,307.14
2025-11-07,9:37:25.782002143,T,IBM,F,80,307.14
2025-11-07,9:37:25.782002143,T,IBM,F,40,307.14
2025-11-07,9:37:25.782023171,T,IBM,,100,307.13
2025-11-07,9:37:25.782023171,T,IBM,I,2,307.13
2025-11-07,9:37:25.782089249,T,IBM,I,18,307.13
2025-11-07,9:37:25.782173471,T,IBM,I,10,307.13
2025-11-07,9:37:25.782435059,T,IBM,F I,18,307.13
2025-11-07,9:37:25.782456526,T,IBM,I,22,307.13
2025-11-07,9:37:25.782594408,T,IBM,I,1,307.13
2025-11-07,9:37:25.908116274,T,IBM,F I,1,307.07
2025-11-07,9:37:25.908591712,T,IBM,F I,5,307.08
2025-11-07,9:37:25.908594436,T,IBM,I,3,307.08
2025-11-07,9:37:25.908597447,T,IBM,I,2,307.07
2025-11-07,9:37:25.908628063,T,IBM,I,3,307.07
2025-11-07,9:37:25.908630454,T,IBM,I,4,307.07
2025-11-07,9:37:34.498772399,T,IBM,,80,307.07
2025-11-07,9:37:34.498772399,T,IBM,I,20,307.09
2025-11-07,9:37:34.498994944,T,IBM,F,72,307.1
2025-11-07,9:37:34.500158704,T,IBM,,99,307.12
2025-11-07,9:37:34.630085986,T,IBM,I,20,307.14
2025-11-07,9:37:34.630089077,T,IBM,I,20,307.15
2025-11-07,9:37:34.630107092,T,IBM,I,6,307.15
2025-11-07,9:37:34.630107092,T,IBM,I,1,307.15
2025-11-07,9:37:34.630368738,T,IBM,F I,13,307.15
2025-11-07,9:37:34.630876899,T,IBM,I,11,307.09
2025-11-07,9:37:34.630879918,T,IBM,I,8,307.09
2025-11-07,9:37:34.630888937,T,IBM,I,19,307.09
2025-11-07,9:37:34.630928035,T,IBM,F I,19,307.09
2025-11-07,9:37:37.636499267,T,IBM,F I,2,306.88
2025-11-07,9:37:37.637086293,T,IBM,F I,2,306.88
2025-11-07,9:37:37.637091674,T,IBM,I,2,306.88
2025-11-07,9:37:37.637130670,T,IBM,F I,2,306.88
2025-11-07,9:37:37.637693087,T,IBM,F,100,306.93
2025-11-07,9:37:37.637693087,T,IBM,F I,25,306.92
2025-11-07,9:37:37.637696042,T,IBM,F I,25,306.91
2025-11-07,9:37:37.637699092,T,IBM,F,100,306.9
2025-11-07,9:37:37.637699092,T,IBM,F I,13,306.9
2025-11-07,9:37:37.637919283,T,IBM,F,48,306.9
2025-11-07,9:37:37.637919283,T,IBM,F,505,306.88
2025-11-07,9:37:37.637921762,T,IBM,F I,2,306.88
2025-11-07,9:37:37.637921762,T,IBM,F,372,306.88
2025-11-07,9:37:37.637936677,T,IBM,I,1,306.88
2025-11-07,9:37:37.638201256,T,IBM,F,206,306.88
2025-11-07,9:37:37.638417803,T,IBM,F I,6,306.8
2025-11-07,9:37:37.638442472,T,IBM,F I,30,306.8
2025-11-07,9:37:37.638486922,T,IBM,F I,14,306.79
2025-11-07,9:37:37.638508020,T,IBM,I,1,306.79
2025-11-07,9:37:37.638562158,T,IBM,F,76,306.79
2025-11-07,9:37:37.638814684,T,IBM,I,15,306.87
2025-11-07,9:37:37.638893764,T,IBM,F I,25,306.87
2025-11-07,9:37:37.638895925,T,IBM,F I,25,306.87
2025-11-07,9:37:37.638998150,T,IBM,F I,1,306.87
2025-11-07,9:37:37.639026125,T,IBM,F I,33,306.87
2025-11-07,9:37:37.639028954,T,IBM,F,400,306.87
2025-11-07,9:37:37.639031273,T,IBM,F,200,306.87
2025-11-07,9:37:37.639034238,T,IBM,F,200,306.87
2025-11-07,9:37:37.639034238,T,IBM,F,1400,306.87
2025-11-07,9:37:43.561158746,T,IBM,,45,306.81
2025-11-07,9:37:43.561164752,T,IBM,I,1,306.8
2025-11-07,9:37:43.561170740,T,IBM,,154,306.8
2025-11-07,9:37:43.561176704,T,IBM,I,1,306.8
2025-11-07,9:37:46.240071190,T,IBM,,45,306.8
2025-11-07,9:37:46.240071190,T,IBM,I,1,306.8
2025-11-07,9:37:46.240444236,T,IBM,F,100,306.84
2025-11-07,9:37:54.091156006,T,IBM,F I,7,306.75
2025-11-07,9:37:54.091158764,T,IBM,F,161,306.75
2025-11-07,9:37:54.091161962,T,IBM,F,200,306.75
2025-11-07,9:37:54.091161962,T,IBM,F,192,306.75
2025-11-07,9:37:54.091174178,T,IBM,F,108,306.75
2025-11-07,9:37:54.091176784,T,IBM,F,200,306.75
2025-11-07,9:37:54.091180521,T,IBM,F,300,306.75
2025-11-07,9:37:54.091183760,T,IBM,F,92,306.75
2025-11-07,9:37:54.091183760,T,IBM,F,208,306.75
2025-11-07,9:37:54.091186018,T,IBM,F,200,306.75
2025-11-07,9:37:54.091189386,T,IBM,F I,10,306.75
2025-11-07,9:37:54.091189386,T,IBM,,61,306.74
2025-11-07,9:37:54.091227847,T,IBM,,100,306.75
2025-11-07,9:37:54.091236935,T,IBM,F I,2,306.7
2025-11-07,9:37:54.091254989,T,IBM,I,1,306.75
2025-11-07,9:37:54.091263992,T,IBM,I,1,306.75
2025-11-07,9:37:54.092015909,T,IBM,F,100,306.67
2025-11-07,9:37:55.238516087,T,IBM,I,30,306.68
2025-11-07,9:37:55.238519565,T,IBM,I,2,306.69
2025-11-07,9:37:55.238519565,T,IBM,I,10,306.69
2025-11-07,9:37:55.238522189,T,IBM,,40,306.7
2025-11-07,9:37:55.238525157,T,IBM,I,38,306.72
2025-11-07,9:37:55.239297963,T,IBM,I,3,306.73
2025-11-07,9:37:57.689684409,T,IBM,I,3,306.73
2025-11-07,9:38:00.488642747,T,IBM,F,120,306.645
2025-11-07,9:38:00.685578538,T,IBM,F,100,306.68
2025-11-07,9:38:00.864760142,T,IBM,F I,20,306.74
2025-11-07,9:38:00.864760142,T,IBM,F,126,306.75
2025-11-07,9:38:00.864763036,T,IBM,F,80,306.75
2025-11-07,9:38:00.864766057,T,IBM,F I,20,306.75
2025-11-07,9:38:00.864775116,T,IBM,F I,20,306.75
2025-11-07,9:38:00.864994680,T,IBM,I,35,306.75
2025-11-07,9:38:00.865779485,T,IBM,I,35,306.75
2025-11-07,9:38:00.865797530,T,IBM,I,1,306.78
2025-11-07,9:38:00.865806628,T,IBM,I,1,306.78
2025-11-07,9:38:03.679295570,T,IBM,F I,10,306.85
2025-11-07,9:38:03.679470109,T,IBM,F I,25,306.91
2025-11-07,9:38:03.696842072,T,IBM,F I,20,306.94
2025-11-07,9:38:03.696884206,T,IBM,F,40,306.95
2025-11-07,9:38:03.698474944,T,IBM,I,18,306.96
2025-11-07,9:38:04.962705898,T,IBM,I,30,307.05
2025-11-07,9:38:04.962705898,T,IBM,I,10,307.09
2025-11-07,9:38:04.962729649,T,IBM,I,30,307.09
2025-11-07,9:38:04.962804811,T,IBM,,110,307.09
2025-11-07,9:38:04.962804811,T,IBM,,200,307.09
2025-11-07,9:38:04.962807790,T,IBM,,160,307.09
2025-11-07,9:38:04.962820158,T,IBM,,400,307.09
2025-11-07,9:38:04.962820158,T,IBM,I,2,307.09
2025-11-07,9:38:04.972788601,T,IBM,F,100,307.14
2025-11-07,9:38:04.974619941,T,IBM,,45,307.11
2025-11-07,9:38:05.807175975,T,IBM,F,80,307.15
2025-11-07,9:38:05.807184989,T,IBM,F,40,307.15
2025-11-07,9:38:06.130207942,T,IBM,I,1,307.08
2025-11-07,9:38:06.770883207,T,IBM,F,100,307.38
2025-11-07,9:38:06.773758034,T,IBM,F I,10,307.31
2025-11-07,9:38:18.060256778,T,IBM,I,27,307.35
2025-11-07,9:38:23.208885727,T,IBM,I,25,307.26
2025-11-07,9:38:23.208889610,T,IBM,I,30,307.25
2025-11-07,9:38:23.208891709,T,IBM,I,7,307.22
2025-11-07,9:38:23.208918873,T,IBM,F I,3,307.22
2025-11-07,9:38:23.208921815,T,IBM,F I,10,307.2
2025-11-07,9:38:23.208924861,T,IBM,F,49,307.2
2025-11-07,9:38:24.302607667,T,IBM,F I,30,307.34
2025-11-07,9:38:24.302610534,T,IBM,F,62,307.24
2025-11-07,9:38:24.302613471,T,IBM,F,210,307.24
2025-11-07,9:38:24.302628572,T,IBM,F I,30,307.24
2025-11-07,9:38:24.302941345,T,IBM,F,40,307.18
2025-11-07,9:38:24.302944246,T,IBM,F,80,307.17
2025-11-07,9:38:26.051480913,T,IBM,F I,1,307.26
2025-11-07,9:38:26.052801062,T,IBM,F I,1,307.26
2025-11-07,9:38:27.760305017,T,IBM,F I,10,307.11
2025-11-07,9:38:38.344349692,T,IBM,I,1,306.7
2025-11-07,9:38:38.344349692,T,IBM,I,11,306.61
2025-11-07,9:38:38.344617328,T,IBM,F I,2,306.61
2025-11-07,9:38:38.721059434,T,IBM,F I,3,306.7
2025-11-07,9:38:39.416522086,T,IBM,,100,306.72
2025-11-07,9:38:41.150074145,T,IBM,I,1,306.675
2025-11-07,9:38:52.114410320,T,IBM,F I,25,306.7
2025-11-07,9:38:52.114410320,T,IBM,F I,20,306.73
2025-11-07,9:38:52.114413008,T,IBM,F I,35,306.73
2025-11-07,9:38:52.114422600,T,IBM,F,65,306.73
2025-11-07,9:38:52.114425339,T,IBM,F I,15,306.74
2025-11-07,9:38:52.114428050,T,IBM,F,65,306.74
2025-11-07,9:38:52.114428050,T,IBM,F I,15,306.74
2025-11-07,9:38:52.114434123,T,IBM,F I,25,306.74
2025-11-07,9:38:52.114912191,T,IBM,I,10,306.74
2025-11-07,9:38:52.114939249,T,IBM,F,90,306.74
2025-11-07,9:38:52.116244371,T,IBM,,80,306.83
2025-11-07,9:38:52.116307647,T,IBM,F I,20,306.83
2025-11-07,9:38:52.116307647,T,IBM,F,41,306.84
2025-11-07,9:38:52.116313535,T,IBM,I,39,306.84
2025-11-07,9:38:52.116313535,T,IBM,,120,306.84
2025-11-07,9:38:52.116349595,T,IBM,,100,306.84
2025-11-07,9:38:52.116358701,T,IBM,F,40,306.85
2025-11-07,9:38:52.116436827,T,IBM,,100,306.84
2025-11-07,9:38:52.116551729,T,IBM,I,7,306.83
2025-11-07,9:38:52.116743511,T,IBM,F I,9,306.83
2025-11-07,9:38:52.157481554,T,IBM,I,1,306.86
2025-11-07,9:39:01.161405430,T,IBM,F I,1,306.9
2025-11-07,9:39:01.162148232,T,IBM,F I,25,306.86
2025-11-07,9:39:01.198504817,T,IBM,I,8,306.93
2025-11-07,9:39:01.274814577,T,IBM,F I,10,306.75
2025-11-07,9:39:01.275024957,T,IBM,F I,20,306.75
2025-11-07,9:39:01.275024957,T,IBM,F I,10,306.75
2025-11-07,9:39:01.276176621,T,IBM,F I,1,306.68
2025-11-07,9:39:01.281688857,T,IBM,F I,13,306.6
2025-11-07,9:39:01.281688857,T,IBM,F I,1,306.6
2025-11-07,9:39:01.282813736,T,IBM,I,11,306.68
2025-11-07,9:39:01.282870655,T,IBM,I,11,306.68
2025-11-07,9:39:04.984087758,T,IBM,,89,306.68
2025-11-07,9:39:07.480772377,T,IBM,I,30,306.61
2025-11-07,9:39:07.483454907,T,IBM,I,25,306.56
2025-11-07,9:39:07.483457817,T,IBM,I,25,306.61
2025-11-07,9:39:07.483457817,T,IBM,I,16,306.645
2025-11-07,9:39:07.483695722,T,IBM,F I,10,306.5
2025-11-07,9:39:07.483698415,T,IBM,F,40,306.5
2025-11-07,9:39:07.487325035,T,IBM,F I,23,306.38
2025-11-07,9:39:14.441840115,T,IBM,I,34,306.265
2025-11-07,9:39:22.990462150,T,IBM,I,1,306.17
2025-11-07,9:39:22.991021514,T,IBM,F I,30,306.18
2025-11-07,9:39:22.991057578,T,IBM,I,1,306.15
2025-11-07,9:39:24.255264134,T,IBM,,45,306.155
2025-11-07,9:39:24.255291199,T,IBM,,55,306.155
2025-11-07,9:39:27.229001460,T,IBM,I,1,306.04
2025-11-07,9:39:27.229049568,T,IBM,F I,1,306.04
2025-11-07,9:39:27.229103679,T,IBM,I,1,306.03
2025-11-07,9:39:27.229879635,T,IBM,F I,1,306.01
2025-11-07,9:39:27.229918653,T,IBM,F I,12,305.92
2025-11-07,9:39:27.229969829,T,IBM,I,10,305.98
2025-11-07,9:39:27.229972830,T,IBM,F I,10,305.9
2025-11-07,9:39:27.230029922,T,IBM,F I,10,305.945
2025-11-07,9:39:27.230174754,T,IBM,,40,305.98
2025-11-07,9:39:27.230225442,T,IBM,F I,5,305.95
2025-11-07,9:39:27.230340366,T,IBM,F I,3,305.9
2025-11-07,9:39:27.230505065,T,IBM,I,6,305.97
2025-11-07,9:39:27.230721565,T,IBM,I,3,305.97
2025-11-07,9:39:27.236236717,T,IBM,I,30,305.94
2025-11-07,9:39:27.236240479,T,IBM,,90,305.97
2025-11-07,9:39:27.236281875,T,IBM,F I,1,305.97
2025-11-07,9:39:27.236284850,T,IBM,F I,13,305.99
2025-11-07,9:39:27.325158764,T,IBM,,100,305.98
2025-11-07,9:39:27.325161356,T,IBM,I,20,305.98
2025-11-07,9:39:32.020521232,T,IBM,I,13,305.66
2025-11-07,9:39:32.027170153,T,IBM,,45,305.79
2025-11-07,9:39:32.027173155,T,IBM,,92,305.8
2025-11-07,9:39:35.100672895,T,IBM,I,2,305.72
2025-11-07,9:39:35.100684980,T,IBM,I,13,305.69
2025-11-07,9:39:35.100844319,T,IBM,F I,27,305.73
2025-11-07,9:39:35.101006766,T,IBM,,100,305.72
2025-11-07,9:39:37.216470807,T,IBM,I,12,305.7
2025-11-07,9:39:37.216470807,T,IBM,I,1,305.69
2025-11-07,9:39:41.872830893,T,IBM,I,3,305.72
2025-11-07,9:39:41.872842871,T,IBM,I,2,305.72
2025-11-07,9:39:41.872846820,T,IBM,I,13,305.65
2025-11-07,9:39:41.872848874,T,IBM,I,1,305.65
2025-11-07,9:39:41.873128603,T,IBM,,48,305.72
2025-11-07,9:39:41.873308945,T,IBM,I,2,305.68
2025-11-07,9:39:41.873630816,T,IBM,I,2,305.65
2025-11-07,9:39:41.874000646,T,IBM,I,6,305.65
2025-11-07,9:39:41.883740873,T,IBM,,100,305.655
2025-11-07,9:39:43.910147898,T,IBM,F I,12,305.6
2025-11-07,9:39:43.910316299,T,IBM,F,90,305.54
2025-11-07,9:39:43.917918460,T,IBM,F,100,305.56
2025-11-07,9:39:46.377205995,T,IBM,F I,14,305.32
2025-11-07,9:39:49.361736420,T,IBM,I,20,305.39
2025-11-07,9:39:49.361736420,T,IBM,I,20,305.4
2025-11-07,9:39:49.361760065,T,IBM,F I,16,305.4
2025-11-07,9:39:49.361850583,T,IBM,F I,16,305.4
2025-11-07,9:39:49.361850583,T,IBM,F I,16,305.4
2025-11-07,9:39:49.361880524,T,IBM,I,32,305.4
2025-11-07,9:39:49.361943555,T,IBM,F I,16,305.41
2025-11-07,9:39:49.957126427,T,IBM,F,100,305.43
2025-11-07,9:39:50.852586218,T,IBM,F I,30,305.49
2025-11-07,9:39:50.852592215,T,IBM,,70,305.49
2025-11-07,9:39:53.826203203,T,IBM,I,3,305.56
2025-11-07,9:39:53.826233385,T,IBM,,40,305.4
2025-11-07,9:39:53.826795676,T,IBM,I,2,305.59
2025-11-07,9:39:53.826997081,T,IBM,I,2,305.59
2025-11-07,9:39:53.827012116,T,IBM,F I,2,305.59
2025-11-07,9:39:53.828263169,T,IBM,,94,305.59
2025-11-07,9:40:00.096156619,T,IBM,F I,2,305.69
2025-11-07,9:40:00.096165958,T,IBM,F I,20,305.69
2025-11-07,9:40:00.096165958,T,IBM,F,95,305.69
2025-11-07,9:40:00.096174737,T,IBM,F I,5,305.69
2025-11-07,9:40:00.096174737,T,IBM,F,40,305.7
2025-11-07,9:40:00.096180867,T,IBM,F I,35,305.7
2025-11-07,9:40:00.096180867,T,IBM,F I,35,305.7
2025-11-07,9:40:00.096183623,T,IBM,F I,5,305.7
2025-11-07,9:40:00.096192765,T,IBM,F,42,305.73
2025-11-07,9:40:00.096481380,T,IBM,F I,6,305.73
2025-11-07,9:40:00.096667799,T,IBM,F,100,305.73
2025-11-07,9:40:00.097080323,T,IBM,,52,305.83
2025-11-07,9:40:00.097082741,T,IBM,I,20,305.83
2025-11-07,9:40:00.097377525,T,IBM,I,23,305.77
2025-11-07,9:40:00.097681212,T,IBM,,80,305.79
2025-11-07,9:40:00.099154713,T,IBM,,100,305.82
2025-11-07,9:40:00.762503845,T,IBM,F I,3,305.76
2025-11-07,9:40:09.307932174,T,IBM,I,20,305.68
2025-11-07,9:40:09.307950222,T,IBM,F I,2,305.68
2025-11-07,9:40:09.307953258,T,IBM,I,1,305.68
2025-11-07,9:40:10.842151584,T,IBM,,40,305.605
2025-11-07,9:40:11.972921548,T,IBM,F,100,305.71
2025-11-07,9:40:11.972969600,T,IBM,F,100,305.76
2025-11-07,9:40:13.634779690,T,IBM,F I,20,305.73
2025-11-07,9:40:15.589778720,T,IBM,F I,10,305.86
2025-11-07,9:40:15.590795180,T,IBM,F,100,305.91
2025-11-07,9:40:15.591441700,T,IBM,F I,1,305.99
2025-11-07,9:40:15.591495801,T,IBM,F I,2,306.02
2025-11-07,9:40:15.591525959,T,IBM,F I,38,306.02
2025-11-07,9:40:15.591829635,T,IBM,I,5,305.99
2025-11-07,9:40:15.591842125,T,IBM,F I,10,305.99
2025-11-07,9:40:15.591844618,T,IBM,F I,5,305.99
2025-11-07,9:40:15.591850698,T,IBM,F I,5,305.99
2025-11-07,9:40:15.591877708,T,IBM,I,5,305.99
2025-11-07,9:40:15.591880748,T,IBM,I,10,305.99
2025-11-07,9:40:15.592227285,T,IBM,I,10,305.99
2025-11-07,9:40:15.592229618,T,IBM,,100,305.99
2025-11-07,9:40:15.592280706,T,IBM,I,5,305.99
2025-11-07,9:40:15.593273042,T,IBM,F I,3,305.99
2025-11-07,9:40:15.593303715,T,IBM,,82,305.99
2025-11-07,9:40:15.593306173,T,IBM,I,5,305.99
2025-11-07,9:40:15.637712842,T,IBM,I,10,305.98
2025-11-07,9:40:16.511527043,T,IBM,F I,12,305.83
2025-11-07,9:40:16.511575289,T,IBM,F I,10,305.83
2025-11-07,9:40:16.511575289,T,IBM,F I,12,305.83
2025-11-07,9:40:16.512540459,T,IBM,F I,1,305.82
2025-11-07,9:40:16.513893671,T,IBM,F,40,305.78
2025-11-07,9:40:16.514624415,T,IBM,F,60,305.78
2025-11-07,9:40:20.284504053,T,IBM,,100,305.58
2025-11-07,9:40:22.847601886,T,IBM,F I,1,305.53
2025-11-07,9:40:24.646523385,T,IBM,F,100,305.56
2025-11-07,9:40:25.415310365,T,IBM,F I,20,305.69
2025-11-07,9:40:25.415310365,T,IBM,F,100,305.69
2025-11-07,9:40:25.415312626,T,IBM,,80,305.7
2025-11-07,9:40:25.415394310,T,IBM,F,43,305.7
2025-11-07,9:40:25.415447905,T,IBM,F I,23,305.69
2025-11-07,9:40:26.318759370,T,IBM,,40,305.78
2025-11-07,9:40:26.328984035,T,IBM,F I,2,305.69
2025-11-07,9:40:26.328984035,T,IBM,F I,38,305.6
2025-11-07,9:40:30.059385653,T,IBM,F I,25,305.6
2025-11-07,9:40:30.059385653,T,IBM,F I,7,305.53
2025-11-07,9:40:36.004487670,T,IBM,,100,305.67
2025-11-07,9:40:36.031898019,T,IBM,F,40,305.595
2025-11-07,9:40:37.301460287,T,IBM,I,1,305.595
2025-11-07,9:40:42.736334841,T,IBM,F I,2,305.72
2025-11-07,9:40:42.736341419,T,IBM,I,10,305.78
2025-11-07,9:40:42.736344354,T,IBM,,50,305.78
2025-11-07,9:40:42.736346975,T,IBM,I,2,305.81
2025-11-07,9:40:42.736346975,T,IBM,I,4,305.84
2025-11-07,9:40:46.563143053,T,IBM,F,40,305.88
2025-11-07,9:40:46.565314188,T,IBM,F I,1,306.0
2025-11-07,9:40:46.593698801,T,IBM,F I,10,306.1
2025-11-07,9:40:46.593701962,T,IBM,F I,2,306.09
2025-11-07,9:40:46.593701962,T,IBM,F I,2,306.08
2025-11-07,9:40:46.593705640,T,IBM,F I,5,306.06
2025-11-07,9:40:46.593705640,T,IBM,F I,4,306.02
2025-11-07,9:40:46.593707853,T,IBM,F I,16,306.02
2025-11-07,9:40:46.669939298,T,IBM,I,2,306.08
2025-11-07,9:40:49.588606562,T,IBM,,100,306.02
2025-11-07,9:40:51.646757269,T,IBM,F I,2,305.85
2025-11-07,9:40:51.646757269,T,IBM,F I,1,305.85
2025-11-07,9:40:51.646760683,T,IBM,F I,22,305.85
2025-11-07,9:40:51.646958761,T,IBM,F I,1,305.85
2025-11-07,9:40:51.647918129,T,IBM,,77,305.85
2025-11-07,9:40:52.501545157,T,IBM,F I,2,305.96
2025-11-07,9:40:55.378909059,T,IBM,I,6,306.14
2025-11-07,9:40:59.673928898,T,IBM,F I,7,306.0
2025-11-07,9:41:00.897767300,T,IBM,,100,305.85
2025-11-07,9:41:00.897812463,T,IBM,F I,18,305.84
2025-11-07,9:41:13.302866082,T,IBM,F I,11,305.52
2025-11-07,9:41:13.303461502,T,IBM,F I,11,305.51
2025-11-07,9:41:13.303515689,T,IBM,,40,305.51
2025-11-07,9:41:18.413764043,T,IBM,F,40,305.37
2025-11-07,9:41:18.413812463,T,IBM,F,60,305.37
2025-11-07,9:41:18.413815190,T,IBM,F,70,305.37
2025-11-07,9:41:30.855411842,T,IBM,I,1,305.53
2025-11-07,9:41:33.886955647,T,IBM,,100,305.53
2025-11-07,9:41:33.886955647,T,IBM,I,9,305.53
2025-11-07,9:41:33.886958693,T,IBM,,45,305.5
2025-11-07,9:41:37.249314161,T,IBM,F,40,305.52
2025-11-07,9:41:41.363342472,T,IBM,F I,20,305.67
2025-11-07,9:41:41.363342472,T,IBM,F I,30,305.68
2025-11-07,9:41:41.363345100,T,IBM,F I,10,305.68
2025-11-07,9:41:41.363348367,T,IBM,F I,6,305.68
2025-11-07,9:41:41.363351176,T,IBM,F I,26,305.68
2025-11-07,9:41:41.363363212,T,IBM,F I,14,305.68
2025-11-07,9:41:41.363636829,T,IBM,F I,4,305.69
2025-11-07,9:41:41.363664489,T,IBM,F,40,305.7
2025-11-07,9:41:41.363664489,T,IBM,F I,2,305.7
2025-11-07,9:41:41.363667209,T,IBM,F,42,305.7
2025-11-07,9:41:41.363670322,T,IBM,I,38,305.7
2025-11-07,9:41:41.363684916,T,IBM,F I,30,305.71
2025-11-07,9:41:41.363684916,T,IBM,F I,10,305.72
2025-11-07,9:41:41.363687957,T,IBM,F I,30,305.72
2025-11-07,9:41:41.380055895,T,IBM,F I,11,305.72
2025-11-07,9:41:42.119335807,T,IBM,F I,30,305.74
2025-11-07,9:41:44.743280551,T,IBM,I,10,305.91
2025-11-07,9:41:45.976517003,T,IBM,F I,10,305.82
2025-11-07,9:41:45.976519311,T,IBM,F I,10,305.82
2025-11-07,9:41:45.976525393,T,IBM,F,80,305.82
2025-11-07,9:41:45.976534392,T,IBM,I,7,305.81
2025-11-07,9:41:45.976537407,T,IBM,F I,3,305.81
2025-11-07,9:42:02.573041273,T,IBM,F,120,305.72
2025-11-07,9:42:03.201384157,T,IBM,F I,8,305.67
2025-11-07,9:42:03.201534545,T,IBM,F I,5,305.69
2025-11-07,9:42:03.201546496,T,IBM,F I,14,305.69
2025-11-07,9:42:03.201546496,T,IBM,F I,5,305.65
2025-11-07,9:42:03.201639792,T,IBM,F I,1,305.65
2025-11-07,9:42:03.267601880,T,IBM,F,40,305.92
2025-11-07,9:42:03.267604859,T,IBM,F,40,305.93
2025-11-07,9:42:03.272647837,T,IBM,I,16,306.0
2025-11-07,9:42:03.272780122,T,IBM,I,16,306.03
2025-11-07,9:42:03.272918497,T,IBM,F I,16,306.03
2025-11-07,9:42:03.272957576,T,IBM,I,7,306.03
2025-11-07,9:42:03.273171364,T,IBM,F I,1,306.03
2025-11-07,9:42:03.273171364,T,IBM,F I,4,306.06
2025-11-07,9:42:05.964839926,T,IBM,,46,306.51
2025-11-07,9:42:05.965071470,T,IBM,,46,306.52
2025-11-07,9:42:05.965173677,T,IBM,F I,23,306.52
2025-11-07,9:42:05.965173677,T,IBM,F I,23,306.53
2025-11-07,9:42:05.966256292,T,IBM,F I,3,306.53
2025-11-07,9:42:06.046995499,T,IBM,I,14,306.53
2025-11-07,9:42:06.046998497,T,IBM,I,6,306.53
2025-11-07,9:42:06.047017689,T,IBM,I,1,306.53
2025-11-07,9:42:06.047019582,T,IBM,F I,6,306.53
2025-11-07,9:42:06.047023265,T,IBM,I,20,306.53
2025-11-07,9:42:06.306227583,T,IBM,I,2,306.58
2025-11-07,9:42:07.927630525,T,IBM,F I,10,306.64
2025-11-07,9:42:17.645742843,T,IBM,I,30,306.84
2025-11-07,9:42:17.645742843,T,IBM,I,2,306.81
2025-11-07,9:42:18.278942256,T,IBM,F I,2,306.81
2025-11-07,9:42:18.278942256,T,IBM,F I,25,306.8
2025-11-07,9:42:21.356610141,T,IBM,F I,1,306.78
2025-11-07,9:42:21.356613714,T,IBM,F I,1,306.78
2025-11-07,9:42:21.356613714,T,IBM,F I,3,306.77
2025-11-07,9:42:23.528630023,T,IBM,F I,25,306.77
2025-11-07,9:42:25.673272595,T,IBM,F I,5,306.86
2025-11-07,9:42:26.448259577,T,IBM,F I,1,306.85
2025-11-07,9:42:26.448704652,T,IBM,I,30,306.85
2025-11-07,9:42:27.220913059,T,IBM,I,1,306.72
2025-11-07,9:42:27.221021214,T,IBM,F I,4,306.72
2025-11-07,9:42:27.221051291,T,IBM,F I,2,306.72
2025-11-07,9:42:29.548992348,T,IBM,I,3,306.64
2025-11-07,9:42:38.964828073,T,IBM,,40,306.61
2025-11-07,9:42:38.969979335,T,IBM,F,41,306.49
2025-11-07,9:42:38.969988346,T,IBM,F,69,306.49
2025-11-07,9:42:38.970000470,T,IBM,F,40,306.48
2025-11-07,9:42:38.970000470,T,IBM,F,40,306.48
2025-11-07,9:42:38.970015419,T,IBM,F,80,306.48
2025-11-07,9:42:38.970018467,T,IBM,I,1,306.48
2025-11-07,9:42:38.970036419,T,IBM,F I,19,306.48
2025-11-07,9:42:38.970475448,T,IBM,F I,1,306.34
2025-11-07,9:42:39.011276671,T,IBM,I,2,306.36
2025-11-07,9:42:39.011279936,T,IBM,I,5,306.38
2025-11-07,9:42:39.011288666,T,IBM,I,2,306.41
2025-11-07,9:42:39.011291693,T,IBM,I,30,306.42
2025-11-07,9:42:39.011294718,T,IBM,I,25,306.44
2025-11-07,9:42:39.011297614,T,IBM,I,17,306.44
2025-11-07,9:42:53.004209431,T,IBM,F I,1,306.17
2025-11-07,9:42:53.871664058,T,IBM,I,6,306.03
2025-11-07,9:42:53.871702602,T,IBM,,100,306.06
2025-11-07,9:42:53.871747874,T,IBM,I,6,306.07
2025-11-07,9:42:53.871843885,T,IBM,I,11,306.09
2025-11-07,9:42:53.871937108,T,IBM,I,25,306.06
2025-11-07,9:42:53.872048646,T,IBM,I,2,306.06
2025-11-07,9:42:53.872511502,T,IBM,F,120,306.01
2025-11-07,9:42:53.873257246,T,IBM,I,15,306.01
2025-11-07,9:42:53.873323410,T,IBM,I,15,306.01
2025-11-07,9:42:53.873344494,T,IBM,I,10,306.01
2025-11-07,9:42:53.873374735,T,IBM,I,15,306.06
2025-11-07,9:42:53.873374735,T,IBM,I,10,306.07
2025-11-07,9:42:53.874000035,T,IBM,,40,306.09
2025-11-07,9:42:53.875615008,T,IBM,F I,21,306.06
2025-11-07,9:42:53.875756175,T,IBM,I,25,306.09
2025-11-07,9:42:53.876327574,T,IBM,I,6,306.1
2025-11-07,9:42:53.876432762,T,IBM,F I,3,306.06
2025-11-07,9:42:54.202667407,T,IBM,I,3,305.92
2025-11-07,9:42:54.204014670,T,IBM,F I,11,306.06
2025-11-07,9:42:54.222132835,T,IBM,I,4,306.01
2025-11-07,9:42:54.537147799,T,IBM,I,10,306.01
2025-11-07,9:43:05.464179538,T,IBM,F I,10,306.27
2025-11-07,9:43:05.464219551,T,IBM,F,87,306.31
2025-11-07,9:43:05.464233653,T,IBM,F I,13,306.31
2025-11-07,9:43:05.464245698,T,IBM,I,20,306.36
2025-11-07,9:43:05.464248725,T,IBM,I,7,306.37
2025-11-07,9:43:05.464251791,T,IBM,I,13,306.37
2025-11-07,9:43:05.464260829,T,IBM,F,67,306.37
2025-11-07,9:43:05.464264179,T,IBM,F I,13,306.37
2025-11-07,9:43:05.464269840,T,IBM,F I,31,306.37
2025-11-07,9:43:05.464471317,T,IBM,F I,1,306.38
2025-11-07,9:43:05.464474301,T,IBM,F I,35,306.38
2025-11-07,9:43:05.464477263,T,IBM,F I,4,306.38
2025-11-07,9:43:05.464853267,T,IBM,I,14,306.46
2025-11-07,9:43:05.464856168,T,IBM,I,10,306.46
2025-11-07,9:43:05.465217068,T,IBM,I,25,306.54
2025-11-07,9:43:05.465487651,T,IBM,I,11,306.55
2025-11-07,9:43:05.475513712,T,IBM,,40,306.56
2025-11-07,9:43:05.475513712,T,IBM,I,17,306.56
2025-11-07,9:43:05.475534637,T,IBM,F I,23,306.56
2025-11-07,9:43:05.475534637,T,IBM,F I,35,306.56
2025-11-07,9:43:05.475618759,T,IBM,F,40,306.59
2025-11-07,9:43:10.018888898,T,IBM,F I,30,306.73
2025-11-07,9:43:10.018897532,T,IBM,F,70,306.73
2025-11-07,9:43:10.018900570,T,IBM,F I,30,306.75
2025-11-07,9:43:10.018930638,T,IBM,F I,2,306.78
2025-11-07,9:43:10.292353506,T,IBM,F I,10,306.87
2025-11-07,9:43:21.324897738,T,IBM,I,15,306.78
2025-11-07,9:43:30.131513302,T,IBM,F I,30,306.81
2025-11-07,9:43:30.232201968,T,IBM,F I,10,306.98
2025-11-07,9:43:39.806710603,T,IBM,,45,307.17
2025-11-07,9:43:47.555945750,T,IBM,F I,2,307.2
2025-11-07,9:43:47.559966338,T,IBM,I,3,307.2
2025-11-07,9:44:06.317249549,T,IBM,F,100,307.09
2025-11-07,9:44:08.190264463,T,IBM,,41,306.94
2025-11-07,9:44:08.190748661,T,IBM,,40,306.94
2025-11-07,9:44:08.726170230,T,IBM,F I,10,306.94
2025-11-07,9:44:20.250709981,T,IBM,F I,4,307.19
2025-11-07,9:44:20.250719050,T,IBM,F I,4,307.19
2025-11-07,9:44:20.250719050,T,IBM,F I,4,307.19
2025-11-07,9:44:20.250728315,T,IBM,F I,17,307.19
2025-11-07,9:44:20.250814922,T,IBM,F,80,307.29
2025-11-07,9:44:20.250817910,T,IBM,F I,20,307.29
2025-11-07,9:44:20.250817910,T,IBM,F,80,307.29
2025-11-07,9:44:20.250821350,T,IBM,F I,20,307.3
2025-11-07,9:44:20.250823939,T,IBM,F I,27,307.3
2025-11-07,9:44:20.250844962,T,IBM,I,9,307.3
2025-11-07,9:44:20.250902077,T,IBM,F I,9,307.31
2025-11-07,9:44:20.251215977,T,IBM,F I,2,307.29
2025-11-07,9:44:20.251215977,T,IBM,F,109,307.31
2025-11-07,9:44:20.251497602,T,IBM,F I,2,307.31
2025-11-07,9:44:20.251497602,T,IBM,F,100,307.31
2025-11-07,9:44:20.251554628,T,IBM,F I,15,307.31
2025-11-07,9:44:20.251780196,T,IBM,F I,25,307.37
2025-11-07,9:44:20.252036022,T,IBM,F I,15,307.37
2025-11-07,9:44:20.252036022,T,IBM,F I,29,307.39
2025-11-07,9:44:20.252038815,T,IBM,F I,3,307.39
2025-11-07,9:44:29.607442355,T,IBM,F I,5,307.3
2025-11-07,9:44:35.877858904,T,IBM,F I,6,307.46
2025-11-07,9:44:35.877868075,T,IBM,F I,12,307.47
2025-11-07,9:44:35.879115854,T,IBM,F,100,307.385
2025-11-07,9:44:35.879115854,T,IBM,F,50,307.38
2025-11-07,9:44:35.879136909,T,IBM,F I,22,307.38
2025-11-07,9:44:35.879179189,T,IBM,F I,22,307.38
2025-11-07,9:44:35.879188111,T,IBM,F I,6,307.38
2025-11-07,9:44:35.879188111,T,IBM,F,100,307.37
2025-11-07,9:44:35.879191024,T,IBM,F,100,307.37
2025-11-07,9:44:35.879191024,T,IBM,F I,22,307.36
2025-11-07,9:44:35.879194081,T,IBM,F,72,307.36
2025-11-07,9:44:35.879209104,T,IBM,I,1,307.36
2025-11-07,9:44:35.879386575,T,IBM,,45,307.37
2025-11-07,9:44:35.879675154,T,IBM,I,1,307.4
2025-11-07,9:44:35.879849614,T,IBM,F I,12,307.28
2025-11-07,9:44:35.880342768,T,IBM,F I,12,307.28
2025-11-07,9:44:35.894786184,T,IBM,I,32,307.28
2025-11-07,9:44:37.324308256,T,IBM,,44,307.28
2025-11-07,9:44:37.798260605,T,IBM,,100,307.265
2025-11-07,9:44:37.798320764,T,IBM,,100,307.265
2025-11-07,9:44:37.952825610,T,IBM,,100,307.265
2025-11-07,9:44:37.952891670,T,IBM,,100,307.265
2025-11-07,9:44:37.962319224,T,IBM,,100,307.265
2025-11-07,9:44:37.966986244,T,IBM,F I,14,307.18
2025-11-07,9:44:37.967008064,T,IBM,F I,14,307.18
2025-11-07,9:44:37.967010367,T,IBM,F I,26,307.18
2025-11-07,9:44:37.967046372,T,IBM,F I,2,307.18
2025-11-07,9:44:37.967049891,T,IBM,F I,10,307.18
2025-11-07,9:44:37.967055444,T,IBM,F,88,307.18
2025-11-07,9:44:37.967187764,T,IBM,F,240,307.18
2025-11-07,9:44:37.967238836,T,IBM,F,40,307.19
2025-11-07,9:44:37.967247847,T,IBM,F,160,307.18
2025-11-07,9:44:37.967250912,T,IBM,I,14,307.18
2025-11-07,9:44:37.967256950,T,IBM,F I,26,307.18
2025-11-07,9:44:37.967259890,T,IBM,F,40,307.19
2025-11-07,9:44:37.968225273,T,IBM,,42,307.18
2025-11-07,9:44:37.969539325,T,IBM,F I,1,307.17
2025-11-07,9:44:37.970342203,T,IBM,,45,307.17
2025-11-07,9:44:37.970345729,T,IBM,,56,307.17
2025-11-07,9:44:37.970345729,T,IBM,,40,307.18
2025-11-07,9:44:37.970348286,T,IBM,,139,307.18
2025-11-07,9:44:37.971118071,T,IBM,,61,307.18
2025-11-07,9:44:37.971593219,T,IBM,,200,307.18
2025-11-07,9:44:38.161450238,T,IBM,F I,1,307.22
2025-11-07,9:44:39.224983105,T,IBM,F I,12,307.095
2025-11-07,9:44:40.869462916,T,IBM,F I,25,307.21
2025-11-07,9:44:48.018481032,T,IBM,F I,20,307.28
2025-11-07,9:44:48.018481032,T,IBM,F I,20,307.29
2025-11-07,9:44:48.018487091,T,IBM,F I,20,307.29
2025-11-07,9:45:02.025607736,T,IBM,,56,307.38
2025-11-07,9:45:02.025631718,T,IBM,F,44,307.37
2025-11-07,9:45:02.297054939,T,IBM,,100,307.36
2025-11-07,9:45:02.297115023,T,IBM,,100,307.36
2025-11-07,9:45:04.292825075,T,IBM,F I,2,307.36
2025-11-07,9:45:05.104938393,T,IBM,F,101,307.41
2025-11-07,9:45:05.409136652,T,IBM,I,30,307.41
2025-11-07,9:45:05.433602862,T,IBM,I,22,307.41
2025-11-07,9:45:06.806710654,T,IBM,I,8,307.43
2025-11-07,9:45:06.806752755,T,IBM,I,30,307.41
2025-11-07,9:45:06.806840068,T,IBM,,60,307.41
2025-11-07,9:45:17.302922296,T,IBM,,40,307.81
2025-11-07,9:45:17.302943425,T,IBM,I,1,307.81
2025-11-07,9:45:17.302943425,T,IBM,I,7,307.81
2025-11-07,9:45:19.024256176,T,IBM,F I,10,307.84
2025-11-07,9:45:31.139964604,T,IBM,F I,1,307.805
2025-11-07,9:45:33.775162224,T,IBM,I,3,307.75
2025-11-07,9:45:35.853313417,T,IBM,F I,5,307.92
2025-11-07,9:45:35.853313417,T,IBM,F I,3,307.92
2025-11-07,9:45:35.853993383,T,IBM,I,7,307.92
2025-11-07,9:45:35.853993383,T,IBM,I,6,307.92
2025-11-07,9:45:35.854233699,T,IBM,F I,13,307.88
2025-11-07,9:45:35.854260695,T,IBM,F I,37,307.88
2025-11-07,9:45:35.854293784,T,IBM,F I,12,307.8
2025-11-07,9:45:35.854293784,T,IBM,F I,1,307.8
2025-11-07,9:45:35.854318621,T,IBM,I,10,307.8
2025-11-07,9:45:40.436515430,T,IBM,,40,307.755
2025-11-07,9:45:41.355322877,T,IBM,F I,3,307.67
2025-11-07,9:45:41.355353031,T,IBM,F,90,307.67
2025-11-07,9:45:41.355355874,T,IBM,F I,30,307.66
2025-11-07,9:45:41.355361957,T,IBM,F I,10,307.66
2025-11-07,9:45:41.355361957,T,IBM,F,80,307.66
2025-11-07,9:45:41.355780716,T,IBM,F I,1,307.59
2025-11-07,9:45:41.355876185,T,IBM,F,50,307.59
2025-11-07,9:45:41.355888125,T,IBM,,53,307.7
2025-11-07,9:45:41.357939005,T,IBM,,43,307.49
2025-11-07,9:45:41.558152829,T,IBM,F I,2,307.5
2025-11-07,9:45:41.558155905,T,IBM,F,50,307.52
2025-11-07,9:45:41.558158660,T,IBM,F I,7,307.52
2025-11-07,9:45:43.125790581,T,IBM,F I,5,307.46
2025-11-07,9:45:43.125790581,T,IBM,F I,3,307.49
2025-11-07,9:45:43.125812074,T,IBM,F I,1,307.49
2025-11-07,9:45:43.125814679,T,IBM,F I,4,307.49
2025-11-07,9:45:43.125817748,T,IBM,F I,20,307.49
2025-11-07,9:45:43.125817748,T,IBM,F I,20,307.5
2025-11-07,9:45:43.125832594,T,IBM,F I,20,307.5
2025-11-07,9:45:43.126151369,T,IBM,F,40,307.53
2025-11-07,9:45:43.126151369,T,IBM,F I,5,307.53
2025-11-07,9:45:43.126178482,T,IBM,F,40,307.54
2025-11-07,9:45:43.190988843,T,IBM,I,10,307.6
2025-11-07,9:45:43.190988843,T,IBM,I,5,307.6
2025-11-07,9:45:43.190988843,T,IBM,I,5,307.61
2025-11-07,9:45:47.929131460,T,IBM,I,7,307.75
2025-11-07,9:45:47.929170478,T,IBM,F I,10,307.77
2025-11-07,9:45:54.402516266,T,IBM,F I,20,307.76
2025-11-07,9:45:54.402519705,T,IBM,F I,5,307.77
2025-11-07,9:45:54.402519705,T,IBM,F I,20,307.77
2025-11-07,9:45:54.403018210,T,IBM,F I,5,307.77
2025-11-07,9:45:54.403042276,T,IBM,F I,5,307.77
2025-11-07,9:45:54.403054308,T,IBM,F I,35,307.77
2025-11-07,9:45:54.411032241,T,IBM,F I,17,307.85
2025-11-07,9:45:54.411053278,T,IBM,I,9,307.85
2025-11-07,9:45:54.411056312,T,IBM,F,54,307.85
2025-11-07,9:45:54.415555029,T,IBM,I,4,307.83
2025-11-07,9:45:54.420468751,T,IBM,I,7,307.82
2025-11-07,9:45:54.427956494,T,IBM,I,8,307.83
2025-11-07,9:45:54.862376677,T,IBM,I,5,307.83
2025-11-07,9:45:56.032149483,T,IBM,F I,10,307.94
2025-11-07,9:45:56.032152429,T,IBM,F I,5,307.94
2025-11-07,9:45:56.032414147,T,IBM,F I,15,307.94
2025-11-07,9:45:56.032555453,T,IBM,I,15,307.94
2025-11-07,9:45:56.032564445,T,IBM,F I,15,307.94
2025-11-07,9:45:56.048664816,T,IBM,I,5,307.95
2025-11-07,9:45:56.056107531,T,IBM,,40,307.95
2025-11-07,9:45:56.056125501,T,IBM,I,1,307.94
2025-11-07,9:45:56.064969573,T,IBM,F I,4,307.95
2025-11-07,9:45:56.075196898,T,IBM,I,9,307.95
2025-11-07,9:45:56.080895509,T,IBM,F I,8,307.95
2025-11-07,9:45:56.092082080,T,IBM,,40,307.95
2025-11-07,9:45:56.280324239,T,IBM,I,3,308.07
2025-11-07,9:45:56.280456632,T,IBM,F I,7,308.07
2025-11-07,9:45:57.482736707,T,IBM,F I,10,308.13
2025-11-07,9:45:59.234626251,T,IBM,F,100,308.17
2025-11-07,9:46:02.078517442,T,IBM,F,100,308.17
2025-11-07,9:46:04.727911579,T,IBM,I,39,308.0
2025-11-07,9:46:06.836856128,T,IBM,I,20,307.97
2025-11-07,9:46:06.836874131,T,IBM,F,40,307.97
2025-11-07,9:46:06.836889214,T,IBM,F,40,307.97
2025-11-07,9:46:06.836907188,T,IBM,F,40,307.94
2025-11-07,9:46:06.837211639,T,IBM,F I,10,308.03
2025-11-07,9:46:06.837213969,T,IBM,,47,308.03
2025-11-07,9:46:06.837241037,T,IBM,,43,308.03
2025-11-07,9:46:06.916599959,T,IBM,I,1,308.02
2025-11-07,9:46:14.288872608,T,IBM,,45,307.91
2025-11-07,9:46:16.863785539,T,IBM,F I,1,308.0
2025-11-07,9:46:18.522083424,T,IBM,F I,30,308.04
2025-11-07,9:46:21.343225456,T,IBM,F I,17,308.09
2025-11-07,9:46:21.343225456,T,IBM,F I,5,308.12
2025-11-07,9:46:21.455528076,T,IBM,I,7,308.21
2025-11-07,9:46:21.455528076,T,IBM,I,2,308.23
2025-11-07,9:46:21.455530807,T,IBM,I,11,308.23
2025-11-07,9:46:22.173084071,T,IBM,I,2,308.11
2025-11-07,9:46:22.173084071,T,IBM,I,3,308.08
2025-11-07,9:46:31.370527742,T,IBM,I,1,307.98
2025-11-07,9:46:31.370696217,T,IBM,I,1,307.98
2025-11-07,9:46:31.370741313,T,IBM,I,1,307.98
2025-11-07,9:46:31.370753611,T,IBM,F I,1,307.98
2025-11-07,9:46:31.370756271,T,IBM,F I,1,307.98
2025-11-07,9:46:31.370906611,T,IBM,I,1,307.98
2025-11-07,9:46:31.371044957,T,IBM,I,1,307.98
2025-11-07,9:46:31.371054043,T,IBM,,93,307.98
2025-11-07,9:46:31.371195411,T,IBM,I,1,307.97
2025-11-07,9:46:31.827123679,T,IBM,F I,2,308.07
2025-11-07,9:46:31.827130109,T,IBM,F,50,308.08
2025-11-07,9:46:31.827130109,T,IBM,F I,2,308.08
2025-11-07,9:46:31.827135200,T,IBM,F I,2,308.08
2025-11-07,9:46:31.827135200,T,IBM,F I,2,308.08
2025-11-07,9:46:31.827138518,T,IBM,F,42,308.09
2025-11-07,9:46:31.827141676,T,IBM,F I,14,308.09
2025-11-07,9:46:31.827141676,T,IBM,F I,20,308.09
2025-11-07,9:46:31.827147360,T,IBM,F,40,308.1
2025-11-07,9:46:31.827147360,T,IBM,F,40,308.1
2025-11-07,9:46:31.827147360,T,IBM,F I,4,308.1
2025-11-07,9:46:31.827149931,T,IBM,F I,1,308.1
2025-11-07,9:46:31.827152764,T,IBM,F I,15,308.1
2025-11-07,9:46:31.827366749,T,IBM,I,10,308.07
2025-11-07,9:46:31.827369363,T,IBM,I,16,308.0
2025-11-07,9:46:31.828244384,T,IBM,F I,10,308.0
2025-11-07,9:46:31.828442918,T,IBM,I,26,308.0
2025-11-07,9:46:31.844401876,T,IBM,I,26,307.995
2025-11-07,9:46:32.264547036,T,IBM,I,28,307.995
2025-11-07,9:46:32.264550139,T,IBM,I,17,307.99
2025-11-07,9:46:32.264619249,T,IBM,,45,307.99
2025-11-07,9:46:32.264751617,T,IBM,F I,1,307.99
2025-11-07,9:46:32.264820739,T,IBM,I,17,307.99
2025-11-07,9:46:32.266793472,T,IBM,I,20,307.995
2025-11-07,9:46:33.292839084,T,IBM,I,2,307.99
2025-11-07,9:46:33.294474981,T,IBM,I,20,307.995
2025-11-07,9:46:33.305216592,T,IBM,I,20,308.08
2025-11-07,9:46:33.312061269,T,IBM,F I,2,307.98
2025-11-07,9:46:33.312063841,T,IBM,F,100,307.98
2025-11-07,9:46:33.312069858,T,IBM,F I,1,307.97
2025-11-07,9:46:33.312114913,T,IBM,F,70,307.97
2025-11-07,9:46:33.315516061,T,IBM,,45,307.93
2025-11-07,9:46:33.315573153,T,IBM,,45,307.935
2025-11-07,9:46:33.317022755,T,IBM,F I,2,307.89
2025-11-07,9:46:33.317118963,T,IBM,F,40,307.77
2025-11-07,9:46:33.317125137,T,IBM,F,40,307.77
2025-11-07,9:46:33.317125137,T,IBM,F I,12,307.77
2025-11-07,9:46:33.317128667,T,IBM,F,100,307.77
2025-11-07,9:46:33.317128667,T,IBM,F I,20,307.77
2025-11-07,9:46:33.317287294,T,IBM,,100,307.77
2025-11-07,9:46:33.318593578,T,IBM,F I,4,307.71
2025-11-07,9:46:33.318593578,T,IBM,F I,22,307.71
2025-11-07,9:46:33.318598815,T,IBM,F,100,307.71
2025-11-07,9:46:33.318619468,T,IBM,F I,3,307.7
2025-11-07,9:46:33.318619468,T,IBM,F I,1,307.69
2025-11-07,9:46:33.318640466,T,IBM,I,3,307.69
2025-11-07,9:46:33.318683326,T,IBM,F I,4,307.63
2025-11-07,9:46:33.318823886,T,IBM,I,11,307.69
2025-11-07,9:46:33.319094593,T,IBM,I,12,307.68
2025-11-07,9:46:33.320110962,T,IBM,F I,7,307.58
2025-11-07,9:46:33.320355635,T,IBM,F,190,307.45
2025-11-07,9:46:33.320355635,T,IBM,F,200,307.45
2025-11-07,9:46:33.324311992,T,IBM,I,22,307.61
2025-11-07,9:46:33.328658012,T,IBM,F I,12,307.43
2025-11-07,9:46:33.328658012,T,IBM,F,100,307.43
2025-11-07,9:46:33.328660357,T,IBM,F,46,307.43
2025-11-07,9:46:33.330314258,T,IBM,I,20,307.54
2025-11-07,9:46:34.469648666,T,IBM,F I,1,307.37
2025-11-07,9:46:43.546613474,T,IBM,F,40,307.13
2025-11-07,9:46:43.546658630,T,IBM,F,46,307.13
2025-11-07,9:46:43.547076585,T,IBM,F I,1,307.11
2025-11-07,9:46:43.547548696,T,IBM,I,3,307.11
2025-11-07,9:46:43.547576207,T,IBM,F,40,307.1
2025-11-07,9:46:43.547578820,T,IBM,F I,2,307.1
2025-11-07,9:46:43.548977175,T,IBM,F I,30,307.14
2025-11-07,9:46:50.990546749,T,IBM,F I,2,307.24
2025-11-07,9:46:52.939555524,T,IBM,F I,2,307.21
2025-11-07,9:46:52.939558512,T,IBM,F I,2,307.23
2025-11-07,9:46:52.951503002,T,IBM,I,20,307.39
2025-11-07,9:46:57.874020662,T,IBM,F I,2,307.36
2025-11-07,9:46:57.874023633,T,IBM,F,56,307.39
2025-11-07,9:46:57.874023633,T,IBM,F I,20,307.39
2025-11-07,9:46:57.874027559,T,IBM,F I,2,307.39
2025-11-07,9:46:57.874027559,T,IBM,F I,2,307.39
2025-11-07,9:46:57.874032631,T,IBM,F,40,307.4
2025-11-07,9:46:57.874032631,T,IBM,F I,38,307.4
2025-11-07,9:46:57.874047697,T,IBM,F I,2,307.4
2025-11-07,9:46:57.881036405,T,IBM,F I,5,307.51
2025-11-07,9:46:57.881800261,T,IBM,I,2,307.59
2025-11-07,9:46:57.881803155,T,IBM,,45,307.59
2025-11-07,9:47:07.704128410,T,IBM,F I,2,307.56
2025-11-07,9:47:09.047555971,T,IBM,F I,20,307.25
2025-11-07,9:47:09.047558599,T,IBM,F,40,307.25
2025-11-07,9:47:11.489218257,T,IBM,F I,30,307.2
2025-11-07,9:47:14.444690134,T,IBM,F I,10,307.2
2025-11-07,9:47:14.926127612,T,IBM,I,2,307.27
2025-11-07,9:47:14.926130329,T,IBM,I,2,307.27
2025-11-07,9:47:14.926130329,T,IBM,I,2,307.27
2025-11-07,9:47:31.264638138,T,IBM,F I,16,307.36
2025-11-07,9:47:43.530532591,T,IBM,F,50,307.3
2025-11-07,9:47:43.530584061,T,IBM,F,100,307.36
2025-11-07,9:47:43.530640789,T,IBM,F I,13,307.2
2025-11-07,9:47:45.420709410,T,IBM,F I,2,307.39
2025-11-07,9:48:01.747964360,T,IBM,I,1,307.21
2025-11-07,9:48:01.747994480,T,IBM,F I,1,307.2
2025-11-07,9:48:03.341238380,T,IBM,,40,307.205
2025-11-07,9:48:03.341289500,T,IBM,F I,2,307.21
2025-11-07,9:48:04.174705552,T,IBM,F I,2,307.26
2025-11-07,9:48:08.014588692,T,IBM,F I,5,307.38
2025-11-07,9:48:08.014594721,T,IBM,F I,10,307.4
2025-11-07,9:48:08.014624793,T,IBM,F I,20,307.4
2025-11-07,9:48:08.014628109,T,IBM,F I,25,307.41
2025-11-07,9:48:08.014630809,T,IBM,F,40,307.41
2025-11-07,9:48:08.014630809,T,IBM,F,40,307.41
2025-11-07,9:48:08.014633914,T,IBM,F,60,307.41
2025-11-07,9:48:08.014643457,T,IBM,I,1,307.41
2025-11-07,9:48:08.014646484,T,IBM,F I,19,307.41
2025-11-07,9:48:08.338646249,T,IBM,I,1,307.42
2025-11-07,9:48:08.338844679,T,IBM,I,1,307.41
2025-11-07,9:48:11.325106848,T,IBM,,40,307.39
2025-11-07,9:48:26.451609377,T,IBM,F I,5,307.5
2025-11-07,9:48:26.451609377,T,IBM,F I,1,307.5
2025-11-07,9:48:26.451630392,T,IBM,F,300,307.5
2025-11-07,9:48:32.314068683,T,IBM,F I,2,307.44
2025-11-07,9:48:34.140135932,T,IBM,I,1,307.5
2025-11-07,9:48:34.140310313,T,IBM,,44,307.5
2025-11-07,9:48:43.665498238,T,IBM,F I,10,307.4
2025-11-07,9:48:49.211808869,T,IBM,I,1,307.4
2025-11-07,9:48:58.521852682,T,IBM,I,2,307.5
2025-11-07,9:49:00.930271126,T,IBM,I,20,307.41
2025-11-07,9:49:01.107846864,T,IBM,F I,1,307.32
2025-11-07,9:49:01.107849874,T,IBM,F I,1,307.32
2025-11-07,9:49:01.107919069,T,IBM,F I,39,307.32
2025-11-07,9:49:01.107925103,T,IBM,F,100,307.32
2025-11-07,9:49:01.107925103,T,IBM,F I,10,307.32
2025-11-07,9:49:04.006779139,T,IBM,F I,10,307.53
2025-11-07,9:49:04.006781146,T,IBM,F I,2,307.54
2025-11-07,9:49:04.010263475,T,IBM,I,20,307.62
2025-11-07,9:49:05.475140855,T,IBM,F,198,307.53
2025-11-07,9:49:10.048873114,T,IBM,F I,2,307.42
2025-11-07,9:49:10.048888131,T,IBM,I,1,307.41
2025-11-07,9:49:10.048888131,T,IBM,I,1,307.41
2025-11-07,9:49:10.048909168,T,IBM,F I,2,307.41
2025-11-07,9:49:10.048939313,T,IBM,F I,2,307.41
2025-11-07,9:49:10.048963300,T,IBM,F I,2,307.41
2025-11-07,9:49:10.049147004,T,IBM,F I,1,307.34
2025-11-07,9:49:10.049149794,T,IBM,F I,3,307.34
2025-11-07,9:49:10.049459837,T,IBM,F I,1,307.27
2025-11-07,9:49:10.049486582,T,IBM,F I,1,307.27
2025-11-07,9:49:10.964585969,T,IBM,I,5,307.35
2025-11-07,9:49:12.953935886,T,IBM,F I,2,307.39
2025-11-07,9:49:18.746556825,T,IBM,F,100,307.35
2025-11-07,9:49:18.746559829,T,IBM,F I,2,307.36
2025-11-07,9:49:18.821826078,T,IBM,F I,11,307.23
2025-11-07,9:49:48.496777465,T,IBM,,200,307.34
2025-11-07,9:49:57.434150055,T,IBM,F I,30,307.33
2025-11-07,9:49:57.434153072,T,IBM,F,100,307.335
2025-11-07,9:49:57.434183240,T,IBM,F I,4,307.38
2025-11-07,9:49:57.434246608,T,IBM,F I,30,307.33
2025-11-07,9:49:57.434246608,T,IBM,F I,4,307.39
2025-11-07,9:49:57.434306521,T,IBM,I,14,307.32
2025-11-07,9:49:57.435022268,T,IBM,F I,1,307.26
2025-11-07,9:49:57.435028218,T,IBM,F I,1,307.26
2025-11-07,9:49:57.435031157,T,IBM,F,79,307.26
2025-11-07,9:49:57.435160584,T,IBM,F I,10,307.17
2025-11-07,9:49:57.435160584,T,IBM,F I,2,307.16
2025-11-07,9:49:57.435166538,T,IBM,F I,16,307.16
2025-11-07,9:49:57.435181522,T,IBM,F I,10,307.16
2025-11-07,9:49:57.435880066,T,IBM,F,45,307.01
2025-11-07,9:49:57.435882360,T,IBM,F I,10,307.0
2025-11-07,9:49:57.435885295,T,IBM,F,100,307.0
2025-11-07,9:49:57.435885295,T,IBM,F,55,307.0
2025-11-07,9:49:57.435894277,T,IBM,F,45,307.0
2025-11-07,9:49:57.436011487,T,IBM,F,240,307.0
2025-11-07,9:49:57.656469364,T,IBM,,100,306.82
2025-11-07,9:49:57.656724928,T,IBM,F I,22,306.8
2025-11-07,9:49:57.656779142,T,IBM,F I,32,306.8
2025-11-07,9:49:57.656785131,T,IBM,F I,12,306.8
2025-11-07,9:49:57.656800129,T,IBM,F I,11,306.8
2025-11-07,9:49:57.657082857,T,IBM,I,22,306.73
2025-11-07,9:49:57.940140677,T,IBM,F,40,306.61
2025-11-07,9:49:57.940152744,T,IBM,F,60,306.61
2025-11-07,9:49:57.940152744,T,IBM,F,40,306.6
2025-11-07,9:49:57.940155768,T,IBM,F I,12,306.55
2025-11-07,9:49:57.940188860,T,IBM,F I,8,306.55
2025-11-07,9:49:57.940188860,T,IBM,F,80,306.55
2025-11-07,9:49:57.940715000,T,IBM,F I,12,306.43
2025-11-07,9:49:57.957786659,T,IBM,I,2,306.57
2025-11-07,9:49:57.957790376,T,IBM,I,2,306.62
2025-11-07,9:49:57.957790376,T,IBM,I,2,306.63
2025-11-07,9:49:57.957792803,T,IBM,I,10,306.69
2025-11-07,9:49:57.957795689,T,IBM,I,4,306.69
2025-11-07,9:49:58.271869416,T,IBM,,40,306.69
2025-11-07,9:49:58.282701206,T,IBM,I,12,306.69
2025-11-07,9:49:58.282704155,T,IBM,I,5,306.69
2025-11-07,9:49:58.282704155,T,IBM,I,3,306.69
2025-11-07,9:49:59.720826892,T,IBM,I,2,306.61
2025-11-07,9:49:59.720826892,T,IBM,I,2,306.64
2025-11-07,9:49:59.720829848,T,IBM,I,16,306.66
2025-11-07,9:50:00.842557251,T,IBM,F I,34,306.63
2025-11-07,9:50:01.445465582,T,IBM,F I,34,306.65
2025-11-07,9:50:01.445487185,T,IBM,I,1,306.65
2025-11-07,9:50:01.445487185,T,IBM,F I,5,306.65
2025-11-07,9:50:01.445493707,T,IBM,F,58,306.65
2025-11-07,9:50:01.445493707,T,IBM,F I,5,306.65
2025-11-07,9:50:01.445498546,T,IBM,F I,1,306.65
2025-11-07,9:50:01.445498546,T,IBM,F,72,306.65
2025-11-07,9:50:01.445501640,T,IBM,F I,2,306.65
2025-11-07,9:50:01.445504598,T,IBM,F I,1,306.65
2025-11-07,9:50:01.445504598,T,IBM,F I,1,306.65
2025-11-07,9:50:01.445504598,T,IBM,F I,1,306.65
2025-11-07,9:50:01.445507617,T,IBM,F I,17,306.65
2025-11-07,9:50:01.445555878,T,IBM,F,40,306.67
2025-11-07,9:50:01.445615826,T,IBM,F,300,306.67
2025-11-07,9:50:01.446281054,T,IBM,F,100,306.67
2025-11-07,9:50:02.264164547,T,IBM,F,40,306.67
2025-11-07,9:50:02.264684711,T,IBM,F,40,306.67
2025-11-07,9:50:02.264753863,T,IBM,F,40,306.67
2025-11-07,9:50:02.264895246,T,IBM,F,40,306.67
2025-11-07,9:50:02.265021582,T,IBM,F,100,306.67
2025-11-07,9:50:02.265129823,T,IBM,F,50,306.67
2025-11-07,9:50:02.265623358,T,IBM,,40,306.67
2025-11-07,9:50:02.265623358,T,IBM,F,40,306.67
2025-11-07,9:50:02.268988022,T,IBM,F,40,306.67
2025-11-07,9:50:02.272707799,T,IBM,I,20,306.67
2025-11-07,9:50:02.451721034,T,IBM,F,40,306.67
2025-11-07,9:50:02.451883362,T,IBM,,120,306.67
2025-11-07,9:50:02.467652909,T,IBM,F,40,306.67
2025-11-07,9:50:02.489054870,T,IBM,F I,22,306.67
2025-11-07,9:50:02.495968354,T,IBM,F,40,306.67
2025-11-07,9:50:02.516853021,T,IBM,F,40,306.67
2025-11-07,9:50:02.517063590,T,IBM,F,40,306.67
2025-11-07,9:50:02.517301111,T,IBM,F,150,306.67
2025-11-07,9:50:02.517364614,T,IBM,F I,18,306.67
2025-11-07,9:50:02.517364614,T,IBM,F I,20,306.75
2025-11-07,9:50:02.517367301,T,IBM,F I,2,306.76
2025-11-07,9:50:02.739175329,T,IBM,I,10,306.72
2025-11-07,9:50:15.033330700,T,IBM,F I,2,306.58
2025-11-07,9:50:15.033454047,T,IBM,I,28,306.58
2025-11-07,9:50:15.033577313,T,IBM,F I,30,306.54
2025-11-07,9:50:15.033793824,T,IBM,F I,2,306.49
2025-11-07,9:50:15.046375728,T,IBM,F,100,306.19
2025-11-07,9:50:15.127015753,T,IBM,F I,12,306.22
2025-11-07,9:50:15.127027846,T,IBM,F I,12,306.18
2025-11-07,9:50:15.137137862,T,IBM,I,2,306.24
2025-11-07,9:50:15.141922304,T,IBM,I,2,306.29
2025-11-07,9:50:15.252745056,T,IBM,I,2,306.39
2025-11-07,9:50:15.252745056,T,IBM,I,23,306.4
2025-11-07,9:50:15.252769179,T,IBM,F I,27,306.4
2025-11-07,9:50:16.156666921,T,IBM,F I,30,306.47
2025-11-07,9:50:16.156718101,T,IBM,I,12,306.5
2025-11-07,9:50:16.176673525,T,IBM,,100,306.56
2025-11-07,9:50:16.212867692,T,IBM,I,31,306.56
2025-11-07,9:50:17.480875341,T,IBM,F,80,306.565
2025-11-07,9:50:18.912425023,T,IBM,F I,2,306.51
2025-11-07,9:50:18.912427509,T,IBM,F I,2,306.49
2025-11-07,9:50:18.912430722,T,IBM,F I,2,306.49
2025-11-07,9:50:18.912430722,T,IBM,F I,2,306.49
2025-11-07,9:50:18.912433293,T,IBM,F,100,306.45
2025-11-07,9:50:18.912436362,T,IBM,F I,12,306.45
2025-11-07,9:50:23.659155804,T,IBM,F I,9,306.75
2025-11-07,9:50:23.659158526,T,IBM,F,40,306.75
2025-11-07,9:50:23.659179948,T,IBM,I,7,306.75
2025-11-07,9:50:23.659182540,T,IBM,I,9,306.77
2025-11-07,9:50:23.659188925,T,IBM,F,40,306.79
2025-11-07,9:50:23.659648631,T,IBM,F I,9,306.78
2025-11-07,9:50:23.913579186,T,IBM,I,5,306.88
2025-11-07,9:50:25.408639335,T,IBM,,60,306.87
2025-11-07,9:50:34.700056930,T,IBM,F I,2,306.84
2025-11-07,9:50:39.606002632,T,IBM,I,2,306.82
2025-11-07,9:50:39.606005560,T,IBM,I,2,306.79
2025-11-07,9:50:39.606005560,T,IBM,I,1,306.79
2025-11-07,9:50:42.419118633,T,IBM,F I,1,306.97
2025-11-07,9:50:42.419121138,T,IBM,F I,4,306.97
2025-11-07,9:50:42.419391794,T,IBM,F I,23,307.0
2025-11-07,9:50:42.419506083,T,IBM,F I,12,307.01
2025-11-07,9:50:42.419506083,T,IBM,F I,5,307.01
2025-11-07,9:50:42.420312011,T,IBM,F I,1,307.08
2025-11-07,9:50:42.420323957,T,IBM,F I,1,307.08
2025-11-07,9:50:42.420618738,T,IBM,F I,5,307.01
2025-11-07,9:50:47.006629255,T,IBM,F,70,306.91
2025-11-07,9:50:47.013786243,T,IBM,F,80,306.87
2025-11-07,9:50:54.540002280,T,IBM,F I,2,306.85
2025-11-07,9:50:54.540002280,T,IBM,F I,38,306.83
2025-11-07,9:50:54.540004543,T,IBM,F I,2,306.83
2025-11-07,9:50:54.540008348,T,IBM,F,80,306.83
2025-11-07,9:50:54.540008348,T,IBM,F I,10,306.83
2025-11-07,9:50:54.540010525,T,IBM,F I,10,306.83
2025-11-07,9:50:54.540013410,T,IBM,F I,18,306.8
2025-11-07,9:50:54.540043758,T,IBM,F,62,306.8
2025-11-07,9:50:54.540043758,T,IBM,F,40,306.8
2025-11-07,9:50:54.540043758,T,IBM,F,56,306.76
2025-11-07,9:50:58.767835439,T,IBM,I,5,306.845
2025-11-07,9:50:59.123525021,T,IBM,I,5,306.845
2025-11-07,9:51:24.638087138,T,IBM,I,16,307.08
2025-11-07,9:51:26.734945630,T,IBM,F I,2,307.24
2025-11-07,9:51:26.734987831,T,IBM,F I,20,307.25
2025-11-07,9:51:26.734993662,T,IBM,F,40,307.26
2025-11-07,9:51:26.734993662,T,IBM,F I,5,307.26
2025-11-07,9:51:26.735015800,T,IBM,I,1,307.26
2025-11-07,9:51:26.735345587,T,IBM,I,19,307.26
2025-11-07,9:51:26.736788961,T,IBM,F I,10,307.17
2025-11-07,9:51:26.736810398,T,IBM,F I,32,307.16
2025-11-07,9:51:26.736819745,T,IBM,F I,24,307.16
2025-11-07,9:51:26.736823503,T,IBM,F I,20,307.15
2025-11-07,9:51:26.736829181,T,IBM,F I,12,307.15
2025-11-07,9:51:26.736829181,T,IBM,F I,12,307.14
2025-11-07,9:51:26.736834083,T,IBM,F I,24,307.14
2025-11-07,9:51:27.911649847,T,IBM,F I,2,306.94
2025-11-07,9:51:27.911652912,T,IBM,F I,1,306.93
2025-11-07,9:51:27.911665265,T,IBM,F I,2,306.93
2025-11-07,9:51:27.911667990,T,IBM,F,100,306.93
2025-11-07,9:51:29.310775650,T,IBM,F I,12,306.98
2025-11-07,9:51:29.609930971,T,IBM,I,5,307.025
2025-11-07,9:51:33.434910734,T,IBM,,100,307.03
2025-11-07,9:51:34.346561048,T,IBM,I,1,307.0
2025-11-07,9:51:48.873015475,T,IBM,F I,10,306.84
2025-11-07,9:51:48.873018947,T,IBM,F I,10,306.84
2025-11-07,9:51:48.873024381,T,IBM,F,40,306.84
2025-11-07,9:51:48.873024381,T,IBM,F I,10,306.84
2025-11-07,9:51:48.873691900,T,IBM,F I,2,306.79
2025-11-07,9:51:48.924293305,T,IBM,,50,306.8
2025-11-07,9:51:48.930746671,T,IBM,F,100,306.85
2025-11-07,9:51:50.505689014,T,IBM,F I,1,306.7
2025-11-07,9:51:50.505743177,T,IBM,F I,5,306.69
2025-11-07,9:51:52.254854281,T,IBM,F,100,306.61
2025-11-07,9:52:16.344723142,T,IBM,F I,20,306.81
2025-11-07,9:52:16.344726115,T,IBM,F,60,306.81
2025-11-07,9:52:16.344729076,T,IBM,F,40,306.81
2025-11-07,9:52:16.344738073,T,IBM,F,80,306.82
2025-11-07,9:52:16.347522772,T,IBM,F,80,306.86
2025-11-07,9:52:22.523358167,T,IBM,F I,20,306.835
2025-11-07,9:52:28.739874492,T,IBM,F I,10,306.75
2025-11-07,9:52:28.739877477,T,IBM,F I,2,306.72
2025-11-07,9:52:28.739880670,T,IBM,F I,2,306.7
2025-11-07,9:52:28.739883509,T,IBM,F,70,306.68
2025-11-07,9:52:28.739886783,T,IBM,F I,30,306.68
2025-11-07,9:52:28.739889476,T,IBM,F,54,306.68
2025-11-07,9:52:28.740100002,T,IBM,I,1,306.67
2025-11-07,9:52:28.740102955,T,IBM,I,13,306.67
2025-11-07,9:52:28.740136052,T,IBM,F,40,306.67
2025-11-07,9:52:28.740184190,T,IBM,F,80,306.67
2025-11-07,9:52:42.407655528,T,IBM,F I,1,306.63
2025-11-07,9:52:42.407655528,T,IBM,F I,20,306.63
2025-11-07,9:52:42.407658889,T,IBM,F I,10,306.63
2025-11-07,9:52:42.407658889,T,IBM,F I,10,306.63
2025-11-07,9:52:42.407661700,T,IBM,F I,10,306.63
2025-11-07,9:52:42.407664552,T,IBM,F I,10,306.63
2025-11-07,9:52:42.407664552,T,IBM,F I,10,306.63
2025-11-07,9:52:42.407667441,T,IBM,F I,9,306.63
2025-11-07,9:52:42.953358565,T,IBM,F,40,306.6
2025-11-07,9:52:42.953361515,T,IBM,F I,2,306.59
2025-11-07,9:52:45.719577933,T,IBM,I,16,306.43
2025-11-07,9:52:47.090956701,T,IBM,,40,306.5
2025-11-07,9:52:59.663052230,T,IBM,F I,10,306.38
2025-11-07,9:53:05.632999438,T,IBM,F I,10,306.38
2025-11-07,9:53:07.620677408,T,IBM,F I,5,306.31
2025-11-07,9:53:07.621113743,T,IBM,F I,21,306.31
2025-11-07,9:53:07.621116586,T,IBM,F,74,306.31
2025-11-07,9:53:07.621119395,T,IBM,F I,8,306.3
2025-11-07,9:53:07.621167507,T,IBM,F I,4,306.3
2025-11-07,9:53:07.621197677,T,IBM,I,1,306.3
2025-11-07,9:53:07.621219321,T,IBM,F,47,306.3
2025-11-07,9:53:07.621221943,T,IBM,F I,2,306.3
2025-11-07,9:53:07.621221943,T,IBM,F I,20,306.3
2025-11-07,9:53:07.621320917,T,IBM,I,25,306.3
2025-11-07,9:53:07.621332966,T,IBM,F,70,306.3
2025-11-07,9:53:07.621351017,T,IBM,I,10,306.35
2025-11-07,9:53:07.622063718,T,IBM,F I,1,306.3
2025-11-07,9:53:07.637000287,T,IBM,F I,1,306.35
2025-11-07,9:53:11.348664844,T,IBM,F I,20,306.48
2025-11-07,9:53:11.348664844,T,IBM,F,40,306.49
2025-11-07,9:53:11.348667308,T,IBM,F I,20,306.49
2025-11-07,9:53:11.348670399,T,IBM,F I,20,306.49
2025-11-07,9:53:11.348676335,T,IBM,F,80,306.5
2025-11-07,9:53:11.354531273,T,IBM,I,25,306.55
2025-11-07,9:53:11.362711474,T,IBM,F,56,306.46
2025-11-07,9:53:11.362711474,T,IBM,F I,2,306.46
2025-11-07,9:53:11.362779913,T,IBM,F,150,306.445
2025-11-07,9:53:18.852731702,T,IBM,F I,9,306.55
2025-11-07,9:53:18.852846021,T,IBM,F I,20,306.57
2025-11-07,9:53:18.852848925,T,IBM,F I,10,306.58
2025-11-07,9:53:18.852851958,T,IBM,F,60,306.58
2025-11-07,9:53:18.852867614,T,IBM,I,1,306.58
2025-11-07,9:53:18.852891073,T,IBM,I,19,306.58
2025-11-07,9:53:18.852930705,T,IBM,F,40,306.59
2025-11-07,9:53:21.461457265,T,IBM,F I,12,306.86
2025-11-07,9:53:22.941009431,T,IBM,F I,16,306.91
2025-11-07,9:53:22.941030523,T,IBM,F I,24,306.91
2025-11-07,9:53:22.941054547,T,IBM,I,1,306.91
2025-11-07,9:53:22.941054547,T,IBM,I,11,306.91
2025-11-07,9:53:22.941060523,T,IBM,F I,35,306.92
2025-11-07,9:53:22.941063984,T,IBM,F I,29,306.92
2025-11-07,9:53:25.587868652,T,IBM,I,2,306.85
2025-11-07,9:53:25.587871650,T,IBM,I,8,306.84
2025-11-07,9:53:32.647592304,T,IBM,I,10,306.83
2025-11-07,9:53:50.557912395,T,IBM,F I,30,306.83
2025-11-07,9:53:50.557972585,T,IBM,F I,12,306.88
2025-11-07,9:53:52.748474304,T,IBM,,40,306.835
2025-11-07,9:53:56.235257070,T,IBM,,45,306.99
2025-11-07,9:53:56.235927721,T,IBM,F,120,307.0
2025-11-07,9:53:56.235951721,T,IBM,I,1,307.0
2025-11-07,9:53:56.235955316,T,IBM,I,7,307.0
2025-11-07,9:53:56.236020927,T,IBM,F I,10,307.05
2025-11-07,9:53:56.236363785,T,IBM,F I,12,307.0
2025-11-07,9:53:57.498366158,T,IBM,F I,10,307.35
2025-11-07,9:53:57.498369137,T,IBM,F I,2,307.36
2025-11-07,9:53:57.498369137,T,IBM,F I,14,307.36
2025-11-07,9:53:57.498399205,T,IBM,F,150,307.36
2025-11-07,9:53:57.498681829,T,IBM,F I,20,307.36
2025-11-07,9:53:57.498681829,T,IBM,F I,20,307.37
2025-11-07,9:53:57.498702950,T,IBM,F I,16,307.37
2025-11-07,9:53:57.498717944,T,IBM,F I,4,307.37
2025-11-07,9:53:57.498720953,T,IBM,F I,19,307.42
2025-11-07,9:53:58.973747414,T,IBM,F I,2,307.36
2025-11-07,9:54:00.565529909,T,IBM,I,1,307.46
2025-11-07,9:54:16.580106758,T,IBM,I,1,307.47
2025-11-07,9:54:24.206682860,T,IBM,,40,307.325
2025-11-07,9:54:24.206682860,T,IBM,I,5,307.325
2025-11-07,9:54:24.766179741,T,IBM,F,100,307.29
2025-11-07,9:54:25.434710246,T,IBM,,45,307.325
2025-11-07,9:54:25.434767461,T,IBM,I,23,307.325
2025-11-07,9:54:34.976915716,T,IBM,,100,307.31
2025-11-07,9:54:47.331205867,T,IBM,,40,307.42
2025-11-07,9:54:48.589095051,T,IBM,F,100,307.415
2025-11-07,9:54:48.589097532,T,IBM,F,50,307.32
2025-11-07,9:55:00.030224784,T,IBM,F I,2,307.45
2025-11-07,9:55:00.030227629,T,IBM,F I,2,307.45
2025-11-07,9:55:00.030230613,T,IBM,F I,2,307.45
2025-11-07,9:55:00.030233699,T,IBM,F,50,307.46
2025-11-07,9:55:00.030254704,T,IBM,F,56,307.47
2025-11-07,9:55:00.030258325,T,IBM,F I,20,307.47
2025-11-07,9:55:00.030258325,T,IBM,F,50,307.48
2025-11-07,9:55:00.030263749,T,IBM,F I,4,307.48
2025-11-07,9:55:00.030278886,T,IBM,F,76,307.48
2025-11-07,9:55:00.030350982,T,IBM,,129,307.48
2025-11-07,9:55:00.031018485,T,IBM,F I,27,307.5
2025-11-07,9:55:00.031027542,T,IBM,F,40,307.52
2025-11-07,9:55:00.031592920,T,IBM,F,50,307.46
2025-11-07,9:55:00.031592920,T,IBM,F,100,307.46
2025-11-07,9:55:00.031617451,T,IBM,F,79,307.44
2025-11-07,9:55:00.031628998,T,IBM,F I,21,307.44
2025-11-07,9:55:00.031632044,T,IBM,F,58,307.44
2025-11-07,9:55:00.031653385,T,IBM,F,42,307.44
2025-11-07,9:55:00.031656970,T,IBM,F I,13,307.43
2025-11-07,9:55:00.031663123,T,IBM,F I,24,307.43
2025-11-07,9:55:00.031663123,T,IBM,F I,2,307.43
2025-11-07,9:55:00.031668330,T,IBM,F,110,307.43
2025-11-07,9:55:00.031668330,T,IBM,F I,38,307.43
2025-11-07,9:55:00.031674112,T,IBM,F,62,307.43
2025-11-07,9:55:00.031680666,T,IBM,F,40,307.43
2025-11-07,9:55:00.031680666,T,IBM,F I,20,307.37
2025-11-07,9:55:00.031689072,T,IBM,F I,36,307.37
2025-11-07,9:55:00.031689072,T,IBM,F I,10,307.36
2025-11-07,9:55:00.031794400,T,IBM,F I,20,307.36
2025-11-07,9:55:00.031818412,T,IBM,F I,9,307.43
2025-11-07,9:55:00.031824460,T,IBM,,100,307.43
2025-11-07,9:55:00.036353273,T,IBM,I,14,307.43
2025-11-07,9:55:00.037805731,T,IBM,I,4,307.43
2025-11-07,9:55:00.044815368,T,IBM,I,30,307.4
2025-11-07,9:55:02.910186763,T,IBM,F I,30,307.41
2025-11-07,9:55:02.910189734,T,IBM,F I,31,307.36
2025-11-07,9:55:02.910713421,T,IBM,F I,30,307.37
2025-11-07,9:55:02.910716011,T,IBM,F,69,307.36
2025-11-07,9:55:02.910716011,T,IBM,F I,2,307.36
2025-11-07,9:55:02.910734102,T,IBM,F,98,307.36
2025-11-07,9:55:03.377454115,T,IBM,I,4,307.35
2025-11-07,9:55:03.377637535,T,IBM,F I,4,307.33
2025-11-07,9:55:03.377643580,T,IBM,I,4,307.33
2025-11-07,9:55:05.157036725,T,IBM,F,40,307.15
2025-11-07,9:55:05.157036725,T,IBM,F,40,307.15
2025-11-07,9:55:05.157704259,T,IBM,F I,5,307.06
2025-11-07,9:55:05.161629013,T,IBM,,45,306.88
2025-11-07,9:55:05.161631655,T,IBM,,51,306.86
2025-11-07,9:55:05.162642023,T,IBM,,100,306.83
2025-11-07,9:55:05.163565237,T,IBM,I,14,306.84
2025-11-07,9:55:05.166759431,T,IBM,F,43,306.79
2025-11-07,9:55:05.172325067,T,IBM,I,2,306.75
2025-11-07,9:55:05.173212134,T,IBM,I,2,306.81
2025-11-07,9:55:05.173236220,T,IBM,F,100,306.91
2025-11-07,9:55:05.173257240,T,IBM,F I,1,306.93
2025-11-07,9:55:05.174469559,T,IBM,I,1,306.95
2025-11-07,9:55:05.174469559,T,IBM,I,1,306.93
2025-11-07,9:55:05.174499208,T,IBM,I,1,306.93
2025-11-07,9:55:05.175470591,T,IBM,I,2,306.78
2025-11-07,9:55:05.176330649,T,IBM,I,2,306.77
2025-11-07,9:55:05.177283870,T,IBM,I,2,306.82
2025-11-07,9:55:05.178110891,T,IBM,I,2,306.82
2025-11-07,9:55:05.179025065,T,IBM,I,2,306.82
2025-11-07,9:55:05.180763453,T,IBM,I,10,306.82
2025-11-07,9:55:05.180763453,T,IBM,I,2,306.76
2025-11-07,9:55:05.180766730,T,IBM,I,2,306.75
2025-11-07,9:55:05.180769453,T,IBM,,56,306.75
2025-11-07,9:55:05.180772181,T,IBM,I,4,306.75
2025-11-07,9:55:05.182708843,T,IBM,I,14,306.8
2025-11-07,9:55:05.182708843,T,IBM,,60,306.75
2025-11-07,9:55:05.185220146,T,IBM,,40,306.75
2025-11-07,9:55:05.185220146,T,IBM,I,34,306.74
2025-11-07,9:55:05.185237846,T,IBM,I,1,306.74
2025-11-07,9:55:05.186554917,T,IBM,I,10,306.74
2025-11-07,9:55:05.209887522,T,IBM,F I,2,306.87
2025-11-07,9:55:05.209887522,T,IBM,F I,10,306.91
2025-11-07,9:55:05.209900571,T,IBM,F I,25,306.91
2025-11-07,9:55:05.209906836,T,IBM,F I,10,306.91
2025-11-07,9:55:05.209906836,T,IBM,F,56,306.91
2025-11-07,9:55:05.209908830,T,IBM,F,100,306.91
2025-11-07,9:55:05.209911670,T,IBM,F I,12,306.92
2025-11-07,9:55:05.221747706,T,IBM,I,2,306.9
2025-11-07,9:55:05.221771829,T,IBM,F,98,306.895
2025-11-07,9:55:29.338449768,T,IBM,I,30,306.83
2025-11-07,9:55:35.164808181,T,IBM,F,52,307.0
2025-11-07,9:55:35.164808181,T,IBM,F I,4,307.0
2025-11-07,9:55:36.497499865,T,IBM,F,80,307.13
2025-11-07,9:55:36.497499865,T,IBM,F,58,307.13
2025-11-07,9:55:36.497842637,T,IBM,F I,13,307.2
2025-11-07,9:55:36.497842637,T,IBM,F I,12,307.2
2025-11-07,9:55:36.498020137,T,IBM,F I,20,307.26
2025-11-07,9:55:36.498020137,T,IBM,F I,6,307.27
2025-11-07,9:55:36.498047188,T,IBM,I,1,307.27
2025-11-07,9:55:36.498083254,T,IBM,F I,19,307.27
2025-11-07,9:55:42.024011449,T,IBM,F,100,307.38
2025-11-07,9:55:51.851915423,T,IBM,,40,307.44
2025-11-07,9:55:51.852212924,T,IBM,F I,20,307.45
2025-11-07,9:55:51.852212924,T,IBM,F I,20,307.46
2025-11-07,9:55:51.852215910,T,IBM,F I,20,307.46
2025-11-07,9:55:51.852417590,T,IBM,F I,1,307.53
2025-11-07,9:55:51.853247329,T,IBM,F I,5,307.7
2025-11-07,9:55:51.877885017,T,IBM,F I,1,307.74
2025-11-07,9:55:51.982311654,T,IBM,F I,2,307.68
2025-11-07,9:55:51.982311654,T,IBM,F I,4,307.64
2025-11-07,9:55:51.982321291,T,IBM,F,52,307.64
2025-11-07,9:55:51.982321291,T,IBM,F I,6,307.63
2025-11-07,9:56:00.148558494,T,IBM,F I,2,307.47
2025-11-07,9:56:00.148636756,T,IBM,F,40,307.43
2025-11-07,9:56:07.729115973,T,IBM,F I,2,307.41
2025-11-07,9:56:09.277883982,T,IBM,F I,2,307.47
2025-11-07,9:56:18.471950481,T,IBM,F I,29,307.59
2025-11-07,9:56:18.471959684,T,IBM,F I,20,307.61
2025-11-07,9:56:18.471962432,T,IBM,F I,20,307.62
2025-11-07,9:56:18.471980497,T,IBM,F I,20,307.62
2025-11-07,9:56:18.641963194,T,IBM,I,20,307.615
2025-11-07,9:56:19.965251496,T,IBM,F I,10,307.54
2025-11-07,9:56:30.074084024,T,IBM,F I,3,307.4
2025-11-07,9:56:30.081854993,T,IBM,,45,307.33
2025-11-07,9:56:30.081884616,T,IBM,F,55,307.34
2025-11-07,9:56:31.766431851,T,IBM,F I,2,307.36
2025-11-07,9:56:32.903363563,T,IBM,F I,2,307.36
2025-11-07,9:56:38.858245021,T,IBM,,40,307.28
2025-11-07,9:56:45.149832147,T,IBM,F I,2,307.39
2025-11-07,9:56:46.394272570,T,IBM,I,2,307.33
2025-11-07,9:56:46.394272570,T,IBM,I,38,307.32
2025-11-07,9:56:50.044079517,T,IBM,F I,2,307.41
2025-11-07,9:56:59.296244769,T,IBM,F I,2,307.47
2025-11-07,9:56:59.296244769,T,IBM,F I,2,307.48
2025-11-07,9:56:59.296247805,T,IBM,F I,1,307.5
2025-11-07,9:56:59.296762515,T,IBM,F I,1,307.5
2025-11-07,9:56:59.296765009,T,IBM,F I,20,307.5
2025-11-07,9:56:59.296768117,T,IBM,F I,33,307.51
2025-11-07,9:56:59.296795172,T,IBM,I,20,307.51
2025-11-07,9:56:59.296813118,T,IBM,I,1,307.51
2025-11-07,9:56:59.297032652,T,IBM,I,39,307.51
2025-11-07,9:56:59.297032652,T,IBM,I,1,307.57
2025-11-07,9:56:59.297053745,T,IBM,I,8,307.57
2025-11-07,9:56:59.297072033,T,IBM,F I,31,307.57
2025-11-07,9:56:59.299285105,T,IBM,I,1,307.51
2025-11-07,9:56:59.299288105,T,IBM,I,2,307.56
2025-11-07,9:57:01.667007811,T,IBM,F I,30,307.47
2025-11-07,9:57:03.348526993,T,IBM,F I,1,307.4
2025-11-07,9:57:03.348686267,T,IBM,,99,307.4
2025-11-07,9:57:12.861138884,T,IBM,,40,307.51
2025-11-07,9:57:21.352245784,T,IBM,I,15,307.46
2025-11-07,9:57:21.352925413,T,IBM,F I,15,307.45
2025-11-07,9:57:21.362193396,T,IBM,I,1,307.4
2025-11-07,9:57:22.602451011,T,IBM,F,50,307.31
2025-11-07,9:57:22.602511206,T,IBM,F,50,307.31
2025-11-07,9:57:22.602514093,T,IBM,F I,30,307.3
2025-11-07,9:57:22.602535142,T,IBM,F,50,307.3
2025-11-07,9:57:22.702568640,T,IBM,F,100,307.24
2025-11-07,9:57:22.702568640,T,IBM,F I,20,307.21
2025-11-07,9:57:22.702637550,T,IBM,I,1,307.21
2025-11-07,9:57:22.702643471,T,IBM,I,1,307.21
2025-11-07,9:57:22.715790758,T,IBM,,58,307.21
2025-11-07,9:57:22.715793774,T,IBM,,40,307.21
2025-11-07,9:57:42.413334506,T,IBM,I,36,307.325
2025-11-07,9:57:48.480335004,T,IBM,I,5,307.31
2025-11-07,9:57:48.480335004,T,IBM,I,35,307.31
2025-11-07,9:57:56.287863496,T,IBM,I,28,307.5
2025-11-07,9:57:56.287863496,T,IBM,,40,307.51
2025-11-07,9:57:56.287866527,T,IBM,,40,307.51
2025-11-07,9:57:56.508288168,T,IBM,I,34,307.64
2025-11-07,9:57:56.508597973,T,IBM,F,46,307.64
2025-11-07,9:58:23.508990803,T,IBM,F,40,307.78
2025-11-07,9:58:23.508993818,T,IBM,F,80,307.78
2025-11-07,9:58:23.509014881,T,IBM,F I,4,307.78
2025-11-07,9:58:23.509062992,T,IBM,,100,307.78
2025-11-07,9:58:23.509871830,T,IBM,F,40,307.91
2025-11-07,9:58:23.509886906,T,IBM,F I,15,307.91
2025-11-07,9:58:23.509889895,T,IBM,F I,1,307.93
2025-11-07,9:58:23.509898977,T,IBM,F I,5,307.94
2025-11-07,9:58:23.510001165,T,IBM,I,3,307.9
2025-11-07,9:58:23.510004211,T,IBM,I,3,307.9
2025-11-07,9:58:23.510007228,T,IBM,F I,14,307.9
2025-11-07,9:58:23.510016227,T,IBM,F I,3,307.96
2025-11-07,9:58:23.563357253,T,IBM,F I,4,308.05
2025-11-07,9:58:23.563357253,T,IBM,F I,17,308.05
2025-11-07,9:58:23.563375249,T,IBM,F I,23,308.05
2025-11-07,9:58:23.564078959,T,IBM,,102,308.0
2025-11-07,9:58:23.564130106,T,IBM,F,150,308.0
2025-11-07,9:58:23.564166145,T,IBM,F,65,308.0
2025-11-07,9:58:23.654822948,T,IBM,I,10,308.05
2025-11-07,9:58:23.654849973,T,IBM,I,1,308.05
2025-11-07,9:58:23.654856030,T,IBM,I,3,308.05
2025-11-07,9:58:23.654856030,T,IBM,I,16,308.05
2025-11-07,9:58:30.858069509,T,IBM,F I,2,308.13
2025-11-07,9:58:30.858078483,T,IBM,F I,2,308.13
2025-11-07,9:58:30.858084536,T,IBM,F I,8,308.13
2025-11-07,9:58:31.397078660,T,IBM,F I,20,308.26
2025-11-07,9:58:31.397081670,T,IBM,F,60,308.27
2025-11-07,9:58:31.397081670,T,IBM,F I,20,308.27
2025-11-07,9:58:31.397442505,T,IBM,F,80,308.33
2025-11-07,9:58:31.397442505,T,IBM,F I,12,308.33
2025-11-07,9:58:31.397523671,T,IBM,F,40,308.33
2025-11-07,9:58:31.397565821,T,IBM,F I,9,308.33
2025-11-07,9:58:31.397674217,T,IBM,I,14,308.26
2025-11-07,9:58:31.397680109,T,IBM,,40,308.26
2025-11-07,9:58:31.575337006,T,IBM,I,2,308.14
2025-11-07,9:58:32.890403754,T,IBM,F I,1,308.12
2025-11-07,9:58:39.372374982,T,IBM,F I,2,307.96
2025-11-07,9:58:39.372377481,T,IBM,F I,2,307.93
2025-11-07,9:58:39.372383357,T,IBM,F,40,307.92
2025-11-07,9:58:39.372401412,T,IBM,F,40,307.92
2025-11-07,9:58:39.372404348,T,IBM,F I,20,307.92
2025-11-07,9:58:39.372408001,T,IBM,F I,20,307.9
2025-11-07,9:58:39.372408001,T,IBM,F I,4,307.9
2025-11-07,9:58:39.372410729,T,IBM,F I,1,307.89
2025-11-07,9:58:39.372422420,T,IBM,F I,4,307.89
2025-11-07,9:58:39.394013834,T,IBM,I,5,307.85
2025-11-07,9:58:42.027497322,T,IBM,I,12,307.945
2025-11-07,9:58:42.030035297,T,IBM,I,6,307.96
2025-11-07,9:58:42.032086199,T,IBM,I,2,307.99
2025-11-07,9:58:42.032086199,T,IBM,I,2,307.99
2025-11-07,9:58:42.032089262,T,IBM,I,5,308.01
2025-11-07,9:59:07.213932747,T,IBM,,100,307.8
2025-11-07,9:59:07.261969047,T,IBM,F,40,307.79
2025-11-07,9:59:08.393253239,T,IBM,F,40,307.68
2025-11-07,9:59:08.393271266,T,IBM,F,40,307.67
2025-11-07,9:59:08.393379524,T,IBM,F,40,307.62
2025-11-07,9:59:08.655877468,T,IBM,I,1,307.49
2025-11-07,9:59:17.640293920,T,IBM,I,1,307.72
2025-11-07,9:59:21.647727607,T,IBM,I,2,307.83
2025-11-07,9:59:21.647730033,T,IBM,I,2,307.84
2025-11-07,9:59:21.647733083,T,IBM,I,3,307.9
2025-11-07,9:59:21.647733083,T,IBM,I,15,307.92
2025-11-07,9:59:27.939729429,T,IBM,F I,2,307.73
2025-11-07,9:59:27.939731981,T,IBM,F I,38,307.73
2025-11-07,9:59:27.942360204,T,IBM,F I,3,307.72
2025-11-07,9:59:27.942378294,T,IBM,F I,37,307.72
2025-11-07,9:59:27.942384423,T,IBM,I,1,307.72
2025-11-07,9:59:27.942405369,T,IBM,I,39,307.72
2025-11-07,9:59:28.489675280,T,IBM,I,2,307.75
2025-11-07,9:59:28.489675280,T,IBM,I,2,307.75
2025-11-07,9:59:32.574943131,T,IBM,F I,2,307.83
2025-11-07,9:59:32.574945861,T,IBM,F I,2,307.87
2025-11-07,9:59:32.574945861,T,IBM,F I,36,307.89
2025-11-07,9:59:32.574949348,T,IBM,F I,4,307.89
2025-11-07,9:59:32.582746359,T,IBM,I,15,307.84
2025-11-07,9:59:32.582770425,T,IBM,F,85,307.84
2025-11-07,9:59:32.585284412,T,IBM,,100,307.84
2025-11-07,9:59:32.920868321,T,IBM,,50,307.835
2025-11-07,9:59:33.495671798,T,IBM,F I,12,307.76
2025-11-07,9:59:33.861595083,T,IBM,I,2,307.87
2025-11-07,9:59:33.861595083,T,IBM,I,2,307.87
2025-11-07,9:59:33.861598531,T,IBM,I,30,307.89
2025-11-07,9:59:33.861601001,T,IBM,I,2,307.89
2025-11-07,9:59:33.861603995,T,IBM,I,2,307.96
2025-11-07,9:59:33.861603995,T,IBM,I,12,308.0
2025-11-07,9:59:47.333417447,T,IBM,,40,307.835
2025-11-07,10:00:00.039295457,T,IBM,F I,2,307.9
2025-11-07,10:00:00.039298384,T,IBM,F I,2,307.87
2025-11-07,10:00:00.345631621,T,IBM,F I,2,308.02
2025-11-07,10:00:00.345631621,T,IBM,F I,6,308.03
2025-11-07,10:00:00.345634634,T,IBM,F,43,308.05
2025-11-07,10:00:00.345644379,T,IBM,F I,37,308.05
2025-11-07,10:00:00.417854618,T,IBM,F I,18,308.13
2025-11-07,10:00:00.445846071,T,IBM,F I,5,308.19
2025-11-07,10:00:00.445846071,T,IBM,F I,8,308.27
2025-11-07,10:00:00.445851733,T,IBM,F I,12,308.27
2025-11-07,10:00:00.445851733,T,IBM,F I,6,308.37
2025-11-07,10:00:00.445854358,T,IBM,F I,12,308.37
2025-11-07,10:00:00.445854358,T,IBM,F I,2,308.5
2025-11-07,10:00:00.445857422,T,IBM,F I,12,308.5
2025-11-07,10:00:00.445857422,T,IBM,F I,1,308.54
2025-11-07,10:00:00.445899388,T,IBM,F I,4,308.54
2025-11-07,10:00:00.445905390,T,IBM,F I,12,308.54
2025-11-07,10:00:00.464357300,T,IBM,F I,2,308.26
2025-11-07,10:00:00.562856759,T,IBM,F I,2,308.22
2025-11-07,10:00:15.039939426,T,IBM,I,30,308.17
2025-11-07,10:00:15.039942275,T,IBM,I,2,308.16
2025-11-07,10:00:15.042675695,T,IBM,,40,308.13
2025-11-07,10:00:15.042675695,T,IBM,I,4,308.13
2025-11-07,10:00:15.042703126,T,IBM,F I,5,308.12
2025-11-07,10:00:15.042705819,T,IBM,F,44,308.12
2025-11-07,10:00:15.042720849,T,IBM,I,5,308.12
2025-11-07,10:00:24.045724602,T,IBM,F,40,307.76
2025-11-07,10:00:24.045724602,T,IBM,F,40,307.76
2025-11-07,10:00:25.457718076,T,IBM,I,5,307.7
2025-11-07,10:00:27.220505569,T,IBM,F I,2,307.78
2025-11-07,10:00:28.271979798,T,IBM,F I,2,307.81
2025-11-07,10:00:29.378918541,T,IBM,I,30,307.74
2025-11-07,10:00:29.378921029,T,IBM,I,5,307.7
2025-11-07,10:00:29.378948033,T,IBM,I,23,307.7
2025-11-07,10:00:29.378966049,T,IBM,I,1,307.7
2025-11-07,10:00:29.379029231,T,IBM,I,6,307.7
2025-11-07,10:00:29.648870666,T,IBM,,160,307.605
2025-11-07,10:00:29.704442953,T,IBM,F I,30,307.7
2025-11-07,10:00:32.005394622,T,IBM,F,40,307.83
2025-11-07,10:00:32.005413242,T,IBM,I,1,307.83
2025-11-07,10:00:32.005427706,T,IBM,I,39,307.83
2025-11-07,10:00:32.005445738,T,IBM,F,100,307.84
2025-11-07,10:00:32.005473187,T,IBM,F,80,307.85
2025-11-07,10:00:32.005475828,T,IBM,F,200,307.85
2025-11-07,10:00:32.005698383,T,IBM,F,93,307.82
2025-11-07,10:00:32.005776503,T,IBM,F,40,307.82
2025-11-07,10:00:32.005833690,T,IBM,F I,4,307.82
2025-11-07,10:00:32.042413485,T,IBM,I,12,307.96
2025-11-07,10:00:32.042413485,T,IBM,,40,307.96
2025-11-07,10:00:32.042418789,T,IBM,,50,307.96
2025-11-07,10:00:32.042436865,T,IBM,F,40,307.96
2025-11-07,10:00:37.136714383,T,IBM,I,20,308.17
2025-11-07,10:00:37.136717945,T,IBM,I,1,308.17
2025-11-07,10:00:37.136717945,T,IBM,I,13,308.17
2025-11-07,10:00:37.136735767,T,IBM,F I,12,308.17
2025-11-07,10:00:37.136738897,T,IBM,F,68,308.18
2025-11-07,10:00:37.136757068,T,IBM,I,1,308.18
2025-11-07,10:00:37.136759809,T,IBM,F I,11,308.18
2025-11-07,10:00:37.136759809,T,IBM,F,50,308.18
2025-11-07,10:00:37.136762471,T,IBM,F I,1,308.18
2025-11-07,10:00:37.136997035,T,IBM,,80,308.2
2025-11-07,10:00:43.045914162,T,IBM,F I,2,308.11
2025-11-07,10:00:43.045919443,T,IBM,F I,2,308.11
2025-11-07,10:00:43.045923402,T,IBM,F I,2,308.11
2025-11-07,10:00:43.045923402,T,IBM,F I,2,308.1
2025-11-07,10:00:53.585260250,T,IBM,F I,16,307.99
2025-11-07,10:00:54.436316501,T,IBM,I,2,308.01
2025-11-07,10:00:54.436316501,T,IBM,I,2,308.02
2025-11-07,10:00:56.578396878,T,IBM,I,21,308.2
2025-11-07,10:00:59.393584791,T,IBM,F I,1,308.27
2025-11-07,10:01:00.236957496,T,IBM,I,7,308.38
2025-11-07,10:01:00.236987607,T,IBM,F I,20,308.38
2025-11-07,10:01:00.236994247,T,IBM,F I,10,308.38
2025-11-07,10:01:00.236996634,T,IBM,F I,10,308.39
2025-11-07,10:01:00.237017663,T,IBM,I,30,308.39
2025-11-07,10:01:00.247275060,T,IBM,I,2,308.39
2025-11-07,10:01:00.247302152,T,IBM,F I,2,308.38
2025-11-07,10:01:00.247302152,T,IBM,F I,2,308.38
2025-11-07,10:01:00.287925889,T,IBM,,56,308.27
2025-11-07,10:01:00.287928843,T,IBM,,70,308.26
2025-11-07,10:01:00.287931830,T,IBM,I,6,308.25
2025-11-07,10:01:00.287950194,T,IBM,F I,6,308.25
2025-11-07,10:01:00.287953278,T,IBM,F,120,308.25
2025-11-07,10:01:00.288004006,T,IBM,,100,308.31
2025-11-07,10:01:00.288073216,T,IBM,I,34,308.32
2025-11-07,10:01:00.495612246,T,IBM,F,100,308.1
2025-11-07,10:01:14.882224606,T,IBM,F,40,308.0
2025-11-07,10:01:14.882227461,T,IBM,F,40,308.0
2025-11-07,10:01:14.882230761,T,IBM,F I,5,308.0
2025-11-07,10:01:15.502598434,T,IBM,I,13,307.86
2025-11-07,10:01:18.880242239,T,IBM,F I,2,307.87
2025-11-07,10:01:21.402605022,T,IBM,F,40,307.68
2025-11-07,10:01:21.402692299,T,IBM,F,40,307.68
2025-11-07,10:01:21.402749436,T,IBM,I,16,307.76
2025-11-07,10:01:21.402884769,T,IBM,I,4,307.82
2025-11-07,10:01:21.404147717,T,IBM,F I,16,307.82
2025-11-07,10:01:24.735352130,T,IBM,F I,2,307.93
2025-11-07,10:01:24.735370582,T,IBM,F I,1,307.95
2025-11-07,10:01:24.735370582,T,IBM,F,40,307.96
2025-11-07,10:01:24.735373108,T,IBM,F I,15,307.97
2025-11-07,10:01:24.735403256,T,IBM,F I,1,307.97
2025-11-07,10:01:24.735502407,T,IBM,F,150,308.0
2025-11-07,10:01:24.985204854,T,IBM,F,50,307.94
2025-11-07,10:01:24.985207879,T,IBM,F I,2,307.93
2025-11-07,10:01:37.407766390,T,IBM,I,5,307.96
2025-11-07,10:01:37.407925705,T,IBM,,40,307.96
2025-11-07,10:01:38.565543596,T,IBM,I,25,308.0
2025-11-07,10:01:38.566057849,T,IBM,F,100,307.925
2025-11-07,10:01:38.566392101,T,IBM,F,100,307.85
2025-11-07,10:01:38.566392101,T,IBM,F I,2,307.84
2025-11-07,10:01:38.566394630,T,IBM,F I,2,307.84
2025-11-07,10:01:38.568547733,T,IBM,,100,307.925
2025-11-07,10:01:45.503435066,T,IBM,F I,1,307.81
2025-11-07,10:01:52.068202135,T,IBM,F,40,307.7
2025-11-07,10:01:52.068204476,T,IBM,F,40,307.7
2025-11-07,10:01:52.068559133,T,IBM,,49,307.81
2025-11-07,10:01:52.068821103,T,IBM,I,2,307.75
2025-11-07,10:01:52.068823784,T,IBM,I,2,307.74
2025-11-07,10:01:52.068823784,T,IBM,,45,307.73
2025-11-07,10:01:54.688350960,T,IBM,,120,308.0
2025-11-07,10:01:54.688567414,T,IBM,,40,308.0
2025-11-07,10:01:56.223301046,T,IBM,F,56,308.03
2025-11-07,10:01:56.223304112,T,IBM,F,47,308.03
2025-11-07,10:01:56.223310613,T,IBM,F,53,308.03
2025-11-07,10:01:56.223313762,T,IBM,F I,1,308.03
2025-11-07,10:01:56.223316057,T,IBM,F,40,308.04
2025-11-07,10:01:56.223316057,T,IBM,F I,15,308.04
2025-11-07,10:01:56.223322157,T,IBM,F,48,308.04
2025-11-07,10:01:56.223361597,T,IBM,F I,6,308.06
2025-11-07,10:01:56.223364222,T,IBM,F I,7,308.11
2025-11-07,10:01:56.223445401,T,IBM,F I,12,308.13
2025-11-07,10:01:56.223460436,T,IBM,F,80,308.14
2025-11-07,10:01:56.223460436,T,IBM,F I,12,308.14
2025-11-07,10:01:56.223535760,T,IBM,F I,2,308.19
2025-11-07,10:01:56.223535760,T,IBM,F I,12,308.19
2025-11-07,10:01:56.223809298,T,IBM,F I,12,308.22
2025-11-07,10:01:56.223866400,T,IBM,F I,7,308.25
2025-11-07,10:01:56.223866400,T,IBM,F I,12,308.25
2025-11-07,10:01:56.223902545,T,IBM,F I,20,308.27
2025-11-07,10:01:56.223902545,T,IBM,F I,21,308.3
2025-11-07,10:01:56.223914559,T,IBM,I,9,308.12
2025-11-07,10:01:56.223923673,T,IBM,F,139,308.3
2025-11-07,10:01:56.223950838,T,IBM,F I,7,308.32
2025-11-07,10:01:56.223950838,T,IBM,F I,12,308.32
2025-11-07,10:01:56.225535406,T,IBM,I,16,308.165
2025-11-07,10:02:01.060084752,T,IBM,,110,308.28
2025-11-07,10:02:01.060084752,T,IBM,I,10,308.29
2025-11-07,10:02:02.986885937,T,IBM,F I,20,308.28
2025-11-07,10:02:02.986889032,T,IBM,F,40,308.29
2025-11-07,10:02:02.986891662,T,IBM,F I,30,308.29
2025-11-07,10:02:02.986891662,T,IBM,F,80,308.29
2025-11-07,10:02:02.986897675,T,IBM,F I,20,308.29
2025-11-07,10:02:02.986918682,T,IBM,F I,10,308.3
2025-11-07,10:02:02.986921715,T,IBM,F I,16,308.3
2025-11-07,10:02:28.533599887,T,IBM,F I,1,308.38
2025-11-07,10:02:28.533599887,T,IBM,F I,39,308.38
2025-11-07,10:02:28.533621164,T,IBM,F I,11,308.38
2025-11-07,10:02:28.533621164,T,IBM,F I,10,308.38
2025-11-07,10:02:28.533621164,T,IBM,F I,2,308.38
2025-11-07,10:02:28.533692972,T,IBM,F I,14,308.43
2025-11-07,10:02:28.533714241,T,IBM,F,80,308.44
2025-11-07,10:02:28.533832060,T,IBM,F I,15,308.48
2025-11-07,10:02:28.534580417,T,IBM,F I,12,308.44
2025-11-07,10:02:28.534580417,T,IBM,F I,16,308.44
2025-11-07,10:02:28.534586090,T,IBM,F I,1,308.44
2025-11-07,10:02:28.732508331,T,IBM,F I,15,308.54
2025-11-07,10:02:28.732568439,T,IBM,F I,1,308.57
2025-11-07,10:02:30.605222575,T,IBM,I,9,308.67
2025-11-07,10:02:30.605222575,T,IBM,I,11,308.67
2025-11-07,10:02:30.605240600,T,IBM,I,1,308.67
2025-11-07,10:02:30.605646498,T,IBM,I,1,308.67
2025-11-07,10:02:30.613375094,T,IBM,,45,308.695
2025-11-07,10:02:30.613402018,T,IBM,F,150,308.695
2025-11-07,10:02:30.613441099,T,IBM,I,5,308.695
2025-11-07,10:02:37.543192542,T,IBM,I,20,308.77
2025-11-07,10:02:37.543192542,T,IBM,,40,308.78
2025-11-07,10:02:37.543195448,T,IBM,I,29,308.78
2025-11-07,10:02:37.543210282,T,IBM,I,1,308.78
2025-11-07,10:02:37.543210282,T,IBM,F I,19,308.78
2025-11-07,10:02:37.543246359,T,IBM,I,12,308.79
2025-11-07,10:02:37.543249312,T,IBM,I,18,308.79
2025-11-07,10:02:37.543886980,T,IBM,F I,1,308.84
2025-11-07,10:02:37.543889937,T,IBM,F I,9,308.84
2025-11-07,10:02:37.544043306,T,IBM,F I,4,308.84
2025-11-07,10:02:37.544055221,T,IBM,I,1,308.84
2025-11-07,10:02:40.897308326,T,IBM,,100,308.75
2025-11-07,10:02:40.897311175,T,IBM,I,10,308.71
2025-11-07,10:02:40.897311175,T,IBM,I,10,308.69
2025-11-07,10:02:42.552015379,T,IBM,F I,3,308.51
2025-11-07,10:02:42.552583692,T,IBM,F,95,308.5
2025-11-07,10:02:42.552659427,T,IBM,F I,5,308.5
2025-11-07,10:02:42.552661840,T,IBM,F I,20,308.49
2025-11-07,10:02:42.552833342,T,IBM,I,10,308.48
2025-11-07,10:02:42.552833342,T,IBM,I,5,308.48
2025-11-07,10:02:42.553317445,T,IBM,I,23,308.52
2025-11-07,10:02:42.553341444,T,IBM,F,77,308.52
2025-11-07,10:02:50.388250499,T,IBM,,45,308.48
2025-11-07,10:02:50.825010317,T,IBM,F I,2,308.54
2025-11-07,10:02:50.825010317,T,IBM,F I,2,308.56
2025-11-07,10:02:51.528189190,T,IBM,I,3,308.65
2025-11-07,10:02:56.864028773,T,IBM,F I,2,308.62
2025-11-07,10:02:57.123697014,T,IBM,F I,2,308.65
2025-11-07,10:02:58.616381469,T,IBM,F I,2,308.65
2025-11-07,10:02:58.616381469,T,IBM,F I,20,308.69
2025-11-07,10:02:58.616384493,T,IBM,F I,18,308.7
2025-11-07,10:02:58.616394058,T,IBM,F I,22,308.7
2025-11-07,10:02:58.616396563,T,IBM,F I,20,308.7
2025-11-07,10:03:00.200564807,T,IBM,,100,308.57
2025-11-07,10:03:04.758299052,T,IBM,,56,308.56
2025-11-07,10:03:04.758425314,T,IBM,I,2,308.55
2025-11-07,10:03:04.758449384,T,IBM,F,40,308.55
2025-11-07,10:03:04.758476491,T,IBM,,40,308.55
2025-11-07,10:03:04.758482433,T,IBM,I,19,308.64
2025-11-07,10:03:04.758813703,T,IBM,I,2,308.69
2025-11-07,10:03:04.758813703,T,IBM,I,5,308.73
2025-11-07,10:03:04.758816343,T,IBM,I,5,308.73
2025-11-07,10:03:04.758816343,T,IBM,I,2,308.73
2025-11-07,10:03:04.759092956,T,IBM,I,2,308.73
2025-11-07,10:03:06.862775253,T,IBM,F,40,308.64
2025-11-07,10:03:06.862775253,T,IBM,F I,5,308.57
2025-11-07,10:03:06.862778282,T,IBM,F,56,308.55
2025-11-07,10:03:06.862780997,T,IBM,F I,2,308.55
2025-11-07,10:03:06.862780997,T,IBM,F,137,308.54
2025-11-07,10:03:06.862802606,T,IBM,I,1,308.54
2025-11-07,10:03:06.862838119,T,IBM,F,40,308.54
2025-11-07,10:03:06.862841055,T,IBM,F,62,308.54
2025-11-07,10:03:06.862871339,T,IBM,F I,4,308.5
2025-11-07,10:03:06.862871339,T,IBM,F I,12,308.5
2025-11-07,10:03:06.863295211,T,IBM,I,12,308.53
2025-11-07,10:03:06.863349826,T,IBM,I,12,308.61
2025-11-07,10:03:06.863505943,T,IBM,F I,4,308.55
2025-11-07,10:03:06.863665039,T,IBM,F I,1,308.53
2025-11-07,10:03:06.863686156,T,IBM,I,12,308.53
2025-11-07,10:03:06.863695091,T,IBM,F I,1,308.53
2025-11-07,10:03:06.870251077,T,IBM,I,6,308.53
2025-11-07,10:03:12.526121182,T,IBM,F I,1,308.45
2025-11-07,10:03:12.526139143,T,IBM,F I,1,308.42
2025-11-07,10:03:12.963813321,T,IBM,I,13,308.4
2025-11-07,10:03:15.998975201,T,IBM,I,2,308.31
2025-11-07,10:03:15.998978077,T,IBM,I,2,308.3
2025-11-07,10:03:15.998980612,T,IBM,,100,308.29
2025-11-07,10:03:15.998983700,T,IBM,I,10,308.26
2025-11-07,10:03:15.998986689,T,IBM,,70,308.25
2025-11-07,10:03:16.005340755,T,IBM,I,4,308.17
2025-11-07,10:03:16.005343851,T,IBM,,40,308.17
2025-11-07,10:03:16.005343851,T,IBM,,76,308.17
2025-11-07,10:03:16.005362554,T,IBM,I,1,308.17
2025-11-07,10:03:16.016368083,T,IBM,I,5,308.12
2025-11-07,10:03:16.890798649,T,IBM,F I,2,308.28
2025-11-07,10:03:16.890802374,T,IBM,F I,2,308.29
2025-11-07,10:03:16.890804680,T,IBM,F,100,308.29
2025-11-07,10:03:16.916804660,T,IBM,F,100,308.32
2025-11-07,10:03:16.916807612,T,IBM,F I,2,308.34
2025-11-07,10:03:31.761088188,T,IBM,,45,308.335
2025-11-07,10:03:31.761112323,T,IBM,F,55,308.335
2025-11-07,10:03:37.689250968,T,IBM,,41,308.12
2025-11-07,10:03:37.690132028,T,IBM,I,6,308.12
2025-11-07,10:03:39.688665950,T,IBM,F,56,308.11
2025-11-07,10:03:39.688665950,T,IBM,F,100,308.11
2025-11-07,10:03:39.688669751,T,IBM,F I,1,308.1
2025-11-07,10:03:39.688669751,T,IBM,F,40,308.1
2025-11-07,10:03:39.688672093,T,IBM,F I,24,308.1
2025-11-07,10:03:39.688684697,T,IBM,I,1,308.1
2025-11-07,10:03:39.688684697,T,IBM,F I,7,308.1
2025-11-07,10:03:39.688689869,T,IBM,F I,28,308.1
2025-11-07,10:03:39.688792633,T,IBM,F,40,308.09
2025-11-07,10:03:39.688792633,T,IBM,F,40,308.09
2025-11-07,10:03:39.688837937,T,IBM,F I,7,308.08
2025-11-07,10:03:39.688837937,T,IBM,F I,33,308.07
2025-11-07,10:03:39.688870238,T,IBM,F I,3,308.07
2025-11-07,10:03:39.688879277,T,IBM,F I,4,308.07
2025-11-07,10:03:39.688882337,T,IBM,F I,3,308.07
2025-11-07,10:03:39.690530265,T,IBM,F I,1,308.03
2025-11-07,10:03:39.690557243,T,IBM,I,1,308.03
2025-11-07,10:03:39.690599315,T,IBM,F I,1,308.03
2025-11-07,10:03:39.713577063,T,IBM,I,4,308.03
2025-11-07,10:03:39.713577063,T,IBM,I,2,308.02
2025-11-07,10:03:47.083898028,T,IBM,F,100,308.13
2025-11-07,10:03:54.806227953,T,IBM,I,11,307.98
2025-11-07,10:03:54.806360341,T,IBM,I,4,307.98
2025-11-07,10:03:54.806444474,T,IBM,F I,12,308.04
2025-11-07,10:03:54.806730213,T,IBM,I,2,307.98
2025-11-07,10:04:02.959721357,T,IBM,F,100,308.03
2025-11-07,10:04:09.487265023,T,IBM,I,3,307.84
2025-11-07,10:04:09.487265023,T,IBM,I,5,307.84
2025-11-07,10:04:09.525979096,T,IBM,I,2,307.82
2025-11-07,10:04:09.525982188,T,IBM,I,9,307.82
2025-11-07,10:04:09.526442255,T,IBM,,40,307.81
2025-11-07,10:04:09.625657490,T,IBM,I,2,307.69
2025-11-07,10:04:09.989262034,T,IBM,F I,13,307.66
2025-11-07,10:04:09.989289061,T,IBM,I,13,307.66
2025-11-07,10:04:10.673069016,T,IBM,,57,307.57
2025-11-07,10:04:13.282516091,T,IBM,F I,2,307.63
2025-11-07,10:04:27.317236498,T,IBM,F I,21,307.54
2025-11-07,10:04:27.317263614,T,IBM,F,100,307.57
2025-11-07,10:04:27.317374847,T,IBM,F I,20,307.54
