DATE,TIME_M,EX,SYM_ROOT,TR_SCOND,SIZE,PRICE
2025-12-03,9:30:01.360006541,T,IBM,F I,4,302.71
2025-12-03,9:30:01.360018184,T,IBM,Q,4,302.71
2025-12-03,9:30:01.718685247,T,IBM,I,2,302.74
2025-12-03,9:30:02.259315596,T,IBM,F,40,302.34
2025-12-03,9:30:02.259315596,T,IBM,F,40,302.34
2025-12-03,9:30:02.259318269,T,IBM,F,40,302.34
2025-12-03,9:30:02.259336318,T,IBM,I,1,302.34
2025-12-03,9:30:02.259357347,T,IBM,I,13,302.34
2025-12-03,9:30:02.259369428,T,IBM,,100,302.34
2025-12-03,9:30:02.259387420,T,IBM,F,79,302.34
2025-12-03,9:30:02.259408496,T,IBM,,100,302.34
2025-12-03,9:30:02.260214449,T,IBM,,52,302.35
2025-12-03,9:30:02.260830867,T,IBM,F I,11,302.35
2025-12-03,9:30:02.260881975,T,IBM,,40,302.35
2025-12-03,9:30:02.334070212,T,IBM,F I,16,302.35
2025-12-03,9:30:11.242562519,T,IBM,I,1,302.48
2025-12-03,9:30:22.246861354,T,IBM,F,42,302.01
2025-12-03,9:30:22.246957637,T,IBM,F,42,302.01
2025-12-03,9:30:22.247150379,T,IBM,F I,2,302.0
2025-12-03,9:30:22.247153044,T,IBM,F,40,302.0
2025-12-03,9:30:22.247420751,T,IBM,,40,302.05
2025-12-03,9:30:25.957241860,T,IBM,I,1,302.085
2025-12-03,9:30:25.957241860,T,IBM,I,39,302.085
2025-12-03,9:30:30.678532617,T,IBM,F I,30,302.1
2025-12-03,9:30:31.217436661,T,IBM,F I,30,302.1
2025-12-03,9:30:32.985898792,T,IBM,F I,30,301.95
2025-12-03,9:30:32.986352912,T,IBM,F I,1,301.82
2025-12-03,9:30:32.987522673,T,IBM,I,25,301.86
2025-12-03,9:30:33.701527446,T,IBM,F,40,301.36
2025-12-03,9:30:35.453549450,T,IBM,F I,1,301.37
2025-12-03,9:30:35.453549450,T,IBM,F I,2,301.37
2025-12-03,9:30:43.988140695,T,IBM,F I,30,301.34
2025-12-03,9:30:43.994335530,T,IBM,I,15,301.27
2025-12-03,9:30:47.328418234,T,IBM,F,100,301.46
2025-12-03,9:30:47.328438915,T,IBM,I,2,301.52
2025-12-03,9:30:47.328917084,T,IBM,I,2,301.53
2025-12-03,9:30:47.328917084,T,IBM,I,2,301.53
2025-12-03,9:30:47.328926071,T,IBM,F I,2,301.53
2025-12-03,9:30:47.329010340,T,IBM,I,2,301.53
2025-12-03,9:30:47.329046350,T,IBM,F I,2,301.53
2025-12-03,9:30:47.329052388,T,IBM,I,3,301.52
2025-12-03,9:30:51.869706389,T,IBM,F,80,301.4
2025-12-03,9:30:51.994951562,T,IBM,I,2,301.54
2025-12-03,9:30:51.995580045,T,IBM,F,57,301.58
2025-12-03,9:30:51.995583088,T,IBM,,43,301.58
2025-12-03,9:30:51.995586323,T,IBM,I,14,301.58
2025-12-03,9:30:51.995589906,T,IBM,F I,6,301.58
2025-12-03,9:30:51.995589906,T,IBM,F,40,301.59
2025-12-03,9:30:51.995592286,T,IBM,F I,11,301.59
2025-12-03,9:30:51.995595067,T,IBM,F I,6,301.59
2025-12-03,9:30:51.995610108,T,IBM,F,40,301.6
2025-12-03,9:30:52.166483015,T,IBM,,40,301.59
2025-12-03,9:30:52.166483015,T,IBM,,40,301.59
2025-12-03,9:31:06.432283095,T,IBM,F I,30,301.59
2025-12-03,9:31:06.432286242,T,IBM,F,40,301.61
2025-12-03,9:31:06.432286242,T,IBM,F,50,301.61
2025-12-03,9:31:09.901810942,T,IBM,I,12,301.61
2025-12-03,9:31:11.393828482,T,IBM,F I,38,301.61
2025-12-03,9:31:11.393830958,T,IBM,F I,2,301.7
2025-12-03,9:31:11.403372663,T,IBM,,40,301.61
2025-12-03,9:31:18.896037281,T,IBM,F I,1,301.37
2025-12-03,9:31:18.934174039,T,IBM,F,80,301.405
2025-12-03,9:31:19.397066054,T,IBM,I,13,301.335
2025-12-03,9:31:20.200855619,T,IBM,F I,27,301.32
2025-12-03,9:31:20.705604174,T,IBM,,49,301.31
2025-12-03,9:31:25.909959254,T,IBM,I,12,301.54
2025-12-03,9:31:26.836988468,T,IBM,I,31,301.58
2025-12-03,9:31:26.836991155,T,IBM,I,2,301.58
2025-12-03,9:31:26.836994211,T,IBM,,53,301.58
2025-12-03,9:31:51.629120876,T,IBM,F I,7,301.37
2025-12-03,9:31:51.629123612,T,IBM,F I,20,301.37
2025-12-03,9:31:51.629307281,T,IBM,F,40,301.37
2025-12-03,9:31:51.629307281,T,IBM,F I,9,301.37
2025-12-03,9:31:51.629370182,T,IBM,F I,31,301.37
2025-12-03,9:31:51.695079676,T,IBM,,40,301.385
2025-12-03,9:31:52.324781827,T,IBM,F,80,301.33
2025-12-03,9:32:03.054583990,T,IBM,,40,301.19
2025-12-03,9:32:03.054583990,T,IBM,,40,301.19
2025-12-03,9:32:30.288453992,T,IBM,F,100,301.14
2025-12-03,9:32:31.365501125,T,IBM,I,30,301.04
2025-12-03,9:32:31.366108963,T,IBM,F I,30,301.01
2025-12-03,9:32:31.366111594,T,IBM,F,50,301.0
2025-12-03,9:32:31.366114592,T,IBM,F,40,301.0
2025-12-03,9:32:31.366394853,T,IBM,,40,301.0
2025-12-03,9:32:31.366433364,T,IBM,F,40,301.0
2025-12-03,9:32:31.366454429,T,IBM,F I,30,301.0
2025-12-03,9:32:31.366854313,T,IBM,,40,300.97
2025-12-03,9:32:32.607779650,T,IBM,F,40,300.93
2025-12-03,9:32:34.481005164,T,IBM,I,30,300.94
2025-12-03,9:32:34.481212691,T,IBM,I,30,300.94
2025-12-03,9:32:34.481212691,T,IBM,,50,300.89
2025-12-03,9:32:34.481233715,T,IBM,,50,300.89
2025-12-03,9:32:34.481236765,T,IBM,,44,300.89
2025-12-03,9:32:42.450517946,T,IBM,F,40,301.02
2025-12-03,9:32:46.762450819,T,IBM,,45,301.15
2025-12-03,9:32:56.418606478,T,IBM,,40,301.125
2025-12-03,9:33:12.581067175,T,IBM,I,11,301.04
2025-12-03,9:33:12.581097353,T,IBM,F,40,301.04
2025-12-03,9:33:12.581533279,T,IBM,I,5,300.95
2025-12-03,9:33:25.712732828,T,IBM,I,20,301.01
2025-12-03,9:33:25.712736260,T,IBM,,40,301.0
2025-12-03,9:33:25.712739058,T,IBM,I,23,301.0
2025-12-03,9:33:25.712739058,T,IBM,,50,301.0
2025-12-03,9:33:25.712775296,T,IBM,F I,20,301.0
2025-12-03,9:33:25.714540036,T,IBM,,80,300.98
2025-12-03,9:33:25.733235535,T,IBM,F I,6,300.95
2025-12-03,9:33:39.388338827,T,IBM,F,40,301.18
2025-12-03,9:33:39.388338827,T,IBM,F I,1,301.18
2025-12-03,9:33:39.388344818,T,IBM,F I,4,301.21
2025-12-03,9:33:43.914040979,T,IBM,I,30,301.09
2025-12-03,9:33:44.041830266,T,IBM,I,2,301.03
2025-12-03,9:33:44.041848278,T,IBM,F I,28,301.03
2025-12-03,9:33:44.042299346,T,IBM,,40,301.105
2025-12-03,9:33:44.601005521,T,IBM,I,1,301.1
2025-12-03,9:33:46.940085036,T,IBM,F,70,301.02
2025-12-03,9:33:46.940088118,T,IBM,F I,10,301.02
2025-12-03,9:33:46.940803808,T,IBM,,40,300.98
2025-12-03,9:33:47.044625950,T,IBM,I,3,300.85
2025-12-03,9:33:47.044652985,T,IBM,F I,37,300.84
2025-12-03,9:34:05.646076051,T,IBM,I,10,300.73
2025-12-03,9:34:07.404575641,T,IBM,I,10,300.73
2025-12-03,9:34:07.406169551,T,IBM,F I,10,300.74
2025-12-03,9:34:08.764936047,T,IBM,F,100,300.92
2025-12-03,9:34:09.459643976,T,IBM,F I,1,300.97
2025-12-03,9:34:16.154007099,T,IBM,I,5,300.925
2025-12-03,9:34:16.207787055,T,IBM,,40,301.04
2025-12-03,9:34:19.473207073,T,IBM,F I,10,300.92
2025-12-03,9:34:27.518139424,T,IBM,I,31,301.05
2025-12-03,9:34:49.598211173,T,IBM,I,3,301.1
2025-12-03,9:34:53.189273250,T,IBM,F I,10,301.05
2025-12-03,9:34:53.189504862,T,IBM,F I,5,301.04
2025-12-03,9:34:53.196869408,T,IBM,,100,301.15
2025-12-03,9:34:53.196869408,T,IBM,I,10,301.15
2025-12-03,9:34:53.196893398,T,IBM,F,90,301.15
2025-12-03,9:34:53.223882672,T,IBM,I,12,301.18
2025-12-03,9:34:53.223906698,T,IBM,,45,301.18
2025-12-03,9:34:53.223906698,T,IBM,,40,301.18
2025-12-03,9:35:08.193331170,T,IBM,,80,301.165
2025-12-03,9:35:08.443550840,T,IBM,I,20,301.165
2025-12-03,9:35:09.069809701,T,IBM,,86,301.29
2025-12-03,9:35:09.070179644,T,IBM,F I,18,301.3
2025-12-03,9:35:09.070203890,T,IBM,F I,34,301.3
2025-12-03,9:35:09.070203890,T,IBM,F I,30,301.3
2025-12-03,9:35:09.070206794,T,IBM,F I,2,301.3
2025-12-03,9:35:09.070209667,T,IBM,F I,2,301.3
2025-12-03,9:35:20.304913907,T,IBM,I,20,301.47
2025-12-03,9:35:20.355334996,T,IBM,,51,301.55
2025-12-03,9:35:20.355614580,T,IBM,F I,20,301.58
2025-12-03,9:35:21.209311033,T,IBM,I,2,301.69
2025-12-03,9:35:28.318860564,T,IBM,,40,301.59
2025-12-03,9:35:28.322974297,T,IBM,I,2,301.58
2025-12-03,9:35:28.322974297,T,IBM,I,26,301.58
2025-12-03,9:35:28.322995398,T,IBM,I,1,301.58
2025-12-03,9:35:28.323010387,T,IBM,I,1,301.58
2025-12-03,9:35:29.829001722,T,IBM,I,6,301.79
2025-12-03,9:35:36.584010201,T,IBM,F,40,301.68
2025-12-03,9:35:36.584590501,T,IBM,,55,301.68
2025-12-03,9:35:36.584924364,T,IBM,I,11,301.68
2025-12-03,9:36:10.263259761,T,IBM,,47,301.78
2025-12-03,9:36:21.048637387,T,IBM,,75,301.835
2025-12-03,9:36:35.660146892,T,IBM,F I,21,301.51
2025-12-03,9:36:35.660149846,T,IBM,F I,1,301.51
2025-12-03,9:36:35.660519789,T,IBM,,45,301.56
2025-12-03,9:36:35.660519789,T,IBM,I,2,301.57
2025-12-03,9:36:35.660787368,T,IBM,,100,301.57
2025-12-03,9:36:35.661027956,T,IBM,I,5,301.51
2025-12-03,9:36:35.661046015,T,IBM,I,24,301.51
2025-12-03,9:37:07.938851523,T,IBM,F,40,301.69
2025-12-03,9:37:11.263900306,T,IBM,F,40,301.9
2025-12-03,9:37:11.265094233,T,IBM,F I,1,302.08
2025-12-03,9:37:11.278359284,T,IBM,F,80,302.18
2025-12-03,9:37:11.278359284,T,IBM,F,45,302.23
2025-12-03,9:37:11.278361780,T,IBM,F I,22,302.28
2025-12-03,9:37:24.825264574,T,IBM,F I,7,302.11
2025-12-03,9:37:24.825267603,T,IBM,F I,19,302.11
2025-12-03,9:37:24.825285797,T,IBM,F I,19,302.11
2025-12-03,9:37:24.825285797,T,IBM,I,26,302.11
2025-12-03,9:37:24.825289168,T,IBM,I,1,302.11
2025-12-03,9:37:24.826130685,T,IBM,I,1,302.08
2025-12-03,9:37:29.461798794,T,IBM,I,6,302.08
2025-12-03,9:37:29.541804219,T,IBM,I,6,302.12
2025-12-03,9:37:29.541825351,T,IBM,I,1,302.12
2025-12-03,9:37:29.668468799,T,IBM,I,2,302.32
2025-12-03,9:37:29.668835766,T,IBM,F I,4,302.36
2025-12-03,9:37:30.546081243,T,IBM,I,27,302.51
2025-12-03,9:37:31.841342974,T,IBM,I,27,302.56
2025-12-03,9:37:36.983918610,T,IBM,F,100,302.47
2025-12-03,9:37:49.382967833,T,IBM,,40,302.41
2025-12-03,9:37:55.006647019,T,IBM,I,2,302.3
2025-12-03,9:37:55.007275452,T,IBM,F I,20,302.35
2025-12-03,9:37:55.007293449,T,IBM,F,43,302.35
2025-12-03,9:37:55.007308561,T,IBM,F I,10,302.37
2025-12-03,9:37:55.007522791,T,IBM,I,20,302.42
2025-12-03,9:37:55.007522791,T,IBM,I,1,302.43
2025-12-03,9:37:55.007525046,T,IBM,,40,302.43
2025-12-03,9:37:55.007528066,T,IBM,I,2,302.43
2025-12-03,9:37:55.014339606,T,IBM,F I,21,302.36
2025-12-03,9:37:55.014441531,T,IBM,I,37,302.29
2025-12-03,9:37:55.014465542,T,IBM,F I,37,302.29
2025-12-03,9:37:55.014469287,T,IBM,I,26,302.29
2025-12-03,9:37:55.014469287,T,IBM,I,11,302.28
2025-12-03,9:37:55.014501687,T,IBM,F I,26,302.28
2025-12-03,9:37:55.014501687,T,IBM,I,1,302.28
2025-12-03,9:37:55.014522740,T,IBM,I,13,302.28
2025-12-03,9:37:55.014585840,T,IBM,,140,302.28
2025-12-03,9:37:55.015051905,T,IBM,I,17,302.28
2025-12-03,9:37:55.015166250,T,IBM,F I,10,302.28
2025-12-03,9:37:55.015253491,T,IBM,F I,10,302.28
2025-12-03,9:37:55.015280496,T,IBM,I,2,302.28
2025-12-03,9:37:55.015686417,T,IBM,F I,30,302.27
2025-12-03,9:37:55.015686417,T,IBM,F I,10,302.27
2025-12-03,9:37:55.104689378,T,IBM,I,10,302.25
2025-12-03,9:37:55.104692363,T,IBM,I,14,302.26
2025-12-03,9:37:55.216351718,T,IBM,I,10,302.25
2025-12-03,9:37:55.216354145,T,IBM,I,17,302.28
2025-12-03,9:37:55.216372230,T,IBM,F I,1,302.28
2025-12-03,9:37:55.216375294,T,IBM,F I,15,302.28
2025-12-03,9:38:07.697017789,T,IBM,I,9,302.3
2025-12-03,9:38:13.594785088,T,IBM,I,5,302.43
2025-12-03,9:38:13.594841709,T,IBM,I,9,302.36
2025-12-03,9:38:13.595199623,T,IBM,F,40,302.52
2025-12-03,9:38:19.434877171,T,IBM,I,1,302.64
2025-12-03,9:38:19.434880248,T,IBM,I,1,302.64
2025-12-03,9:38:19.435090754,T,IBM,F I,1,302.67
2025-12-03,9:38:19.891980455,T,IBM,I,15,302.58
2025-12-03,9:38:31.989863011,T,IBM,F,80,302.52
2025-12-03,9:38:32.631401326,T,IBM,F I,1,302.44
2025-12-03,9:38:32.631434446,T,IBM,F I,1,302.44
2025-12-03,9:38:32.631488587,T,IBM,F I,1,302.44
2025-12-03,9:38:32.631627275,T,IBM,I,37,302.44
2025-12-03,9:38:32.631629889,T,IBM,I,1,302.43
2025-12-03,9:38:32.631632856,T,IBM,,40,302.43
2025-12-03,9:38:32.631647920,T,IBM,I,1,302.43
2025-12-03,9:38:32.631975693,T,IBM,I,30,302.43
2025-12-03,9:38:55.519797485,T,IBM,F I,1,302.47
2025-12-03,9:38:55.519797485,T,IBM,F I,29,302.47
2025-12-03,9:38:55.519800371,T,IBM,F I,1,302.43
2025-12-03,9:38:55.531077292,T,IBM,F I,20,302.26
2025-12-03,9:38:56.989191546,T,IBM,I,25,302.03
2025-12-03,9:38:56.989209623,T,IBM,I,1,302.03
2025-12-03,9:38:56.989233649,T,IBM,F I,3,302.03
2025-12-03,9:38:56.989245633,T,IBM,I,4,302.03
2025-12-03,9:38:56.990662017,T,IBM,F,40,302.05
2025-12-03,9:38:57.534139786,T,IBM,I,4,302.02
2025-12-03,9:38:58.333785569,T,IBM,F,40,302.01
2025-12-03,9:39:01.069680752,T,IBM,,40,301.97
2025-12-03,9:39:01.070020563,T,IBM,,40,301.97
2025-12-03,9:39:01.070282210,T,IBM,,40,301.96
2025-12-03,9:39:01.076218325,T,IBM,F,40,301.94
2025-12-03,9:39:04.789334956,T,IBM,,100,301.81
2025-12-03,9:39:07.328032773,T,IBM,F I,2,301.72
2025-12-03,9:39:07.365889926,T,IBM,I,16,301.725
2025-12-03,9:39:09.172317321,T,IBM,F,40,301.805
2025-12-03,9:39:11.546144681,T,IBM,I,15,301.77
2025-12-03,9:39:11.548679701,T,IBM,,125,301.765
2025-12-03,9:39:19.505703923,T,IBM,,100,301.93
2025-12-03,9:39:40.391034735,T,IBM,F,52,301.99
2025-12-03,9:39:40.391124727,T,IBM,F I,20,301.9
2025-12-03,9:39:40.391127684,T,IBM,F I,20,301.89
2025-12-03,9:39:40.391152035,T,IBM,I,1,301.89
2025-12-03,9:39:40.391152035,T,IBM,I,19,301.89
2025-12-03,9:39:40.391326219,T,IBM,F,40,301.87
2025-12-03,9:39:40.391329165,T,IBM,F I,12,301.87
2025-12-03,9:39:41.840193544,T,IBM,,150,301.85
2025-12-03,9:39:47.992624574,T,IBM,I,9,301.77
2025-12-03,9:39:53.057318087,T,IBM,I,1,301.91
2025-12-03,9:40:02.556142643,T,IBM,F I,30,301.98
2025-12-03,9:40:02.556172739,T,IBM,F I,10,301.98
2025-12-03,9:40:02.556584737,T,IBM,,80,302.04
2025-12-03,9:40:02.556647918,T,IBM,F I,34,302.04
2025-12-03,9:40:02.556695951,T,IBM,I,36,302.04
2025-12-03,9:40:02.566944434,T,IBM,F I,1,302.14
2025-12-03,9:40:02.566944434,T,IBM,F I,1,302.15
2025-12-03,9:40:04.788937435,T,IBM,,70,302.1
2025-12-03,9:40:04.788937435,T,IBM,I,3,302.08
2025-12-03,9:40:04.788940189,T,IBM,I,7,302.08
2025-12-03,9:40:04.789583779,T,IBM,F,70,302.03
2025-12-03,9:40:04.789583779,T,IBM,F I,1,302.03
2025-12-03,9:40:17.825507032,T,IBM,F I,30,301.85
2025-12-03,9:40:17.825528237,T,IBM,F I,17,301.85
2025-12-03,9:40:17.825534851,T,IBM,F I,17,301.85
2025-12-03,9:40:17.825534851,T,IBM,I,1,301.85
2025-12-03,9:40:17.825540145,T,IBM,,52,301.85
2025-12-03,9:40:21.341492636,T,IBM,F I,12,301.53
2025-12-03,9:40:31.166026024,T,IBM,F,80,301.23
2025-12-03,9:40:40.039385841,T,IBM,I,5,301.36
2025-12-03,9:40:40.039385841,T,IBM,I,5,301.25
2025-12-03,9:40:58.330701334,T,IBM,I,4,301.17
2025-12-03,9:40:58.330704466,T,IBM,I,10,301.16
2025-12-03,9:40:58.330704466,T,IBM,I,1,301.16
2025-12-03,9:40:58.330707335,T,IBM,I,25,301.15
2025-12-03,9:41:20.251615568,T,IBM,I,20,301.58
2025-12-03,9:41:20.251618545,T,IBM,I,1,301.59
2025-12-03,9:41:20.251618545,T,IBM,I,19,301.6
2025-12-03,9:41:25.997571997,T,IBM,F I,5,301.54
2025-12-03,9:41:25.997574845,T,IBM,F I,5,301.53
2025-12-03,9:41:56.706520673,T,IBM,I,2,301.57
2025-12-03,9:42:00.668699274,T,IBM,F I,30,301.6
2025-12-03,9:42:03.218255896,T,IBM,F I,2,301.58
2025-12-03,9:42:07.710981788,T,IBM,F I,5,301.41
2025-12-03,9:42:11.424471414,T,IBM,F,125,301.515
2025-12-03,9:42:12.035102142,T,IBM,I,1,301.58
2025-12-03,9:42:12.362960649,T,IBM,F I,1,301.67
2025-12-03,9:42:12.363123033,T,IBM,F I,1,301.68
2025-12-03,9:42:12.363420723,T,IBM,F,76,301.69
2025-12-03,9:42:16.050453315,T,IBM,,60,301.71
2025-12-03,9:42:16.050453315,T,IBM,I,15,301.81
2025-12-03,9:42:16.050471290,T,IBM,F,65,301.81
2025-12-03,9:42:20.513308779,T,IBM,F,80,301.96
2025-12-03,9:42:20.513329894,T,IBM,I,1,301.96
2025-12-03,9:42:20.513332802,T,IBM,I,1,301.96
2025-12-03,9:42:20.513332802,T,IBM,F I,38,301.96
2025-12-03,9:42:26.942662919,T,IBM,F,125,301.985
2025-12-03,9:42:26.942714043,T,IBM,F,125,301.985
2025-12-03,9:43:00.804915881,T,IBM,F,125,302.01
2025-12-03,9:43:01.998195646,T,IBM,F,125,302.01
2025-12-03,9:43:23.767729599,T,IBM,F I,3,302.09
2025-12-03,9:43:30.488531483,T,IBM,F I,8,302.07
2025-12-03,9:43:30.492407619,T,IBM,I,12,302.07
2025-12-03,9:43:30.492407619,T,IBM,I,8,302.07
2025-12-03,9:43:31.035160819,T,IBM,F I,1,302.07
2025-12-03,9:43:31.035302814,T,IBM,I,19,302.07
2025-12-03,9:43:33.303545084,T,IBM,F I,20,302.07
2025-12-03,9:43:33.303545084,T,IBM,F I,1,302.08
2025-12-03,9:43:33.303548043,T,IBM,F,59,302.08
2025-12-03,9:43:33.303566004,T,IBM,F I,13,302.08
2025-12-03,9:43:33.303570083,T,IBM,F,59,302.08
2025-12-03,9:43:33.303570083,T,IBM,F I,11,302.08
2025-12-03,9:43:33.303575415,T,IBM,F,40,302.09
2025-12-03,9:43:33.303575415,T,IBM,F,80,302.09
2025-12-03,9:43:33.303575415,T,IBM,F I,1,302.1
2025-12-03,9:43:33.303626201,T,IBM,,100,302.09
2025-12-03,9:43:33.304020075,T,IBM,,53,301.99
2025-12-03,9:43:33.673005079,T,IBM,F I,20,302.08
2025-12-03,9:43:33.673005079,T,IBM,F,72,302.09
2025-12-03,9:43:33.673007534,T,IBM,F I,30,302.09
2025-12-03,9:43:33.799082713,T,IBM,F,120,302.08
2025-12-03,9:43:45.192537720,T,IBM,,125,302.015
2025-12-03,9:43:53.253798934,T,IBM,I,20,302.15
2025-12-03,9:43:53.253804960,T,IBM,,40,302.16
2025-12-03,9:43:53.253804960,T,IBM,,52,302.16
2025-12-03,9:43:53.253823275,T,IBM,F I,20,302.16
2025-12-03,9:43:53.254565768,T,IBM,,72,302.17
2025-12-03,9:44:09.623726007,T,IBM,,40,302.095
2025-12-03,9:44:10.876334098,T,IBM,F,125,302.06
2025-12-03,9:44:13.119280765,T,IBM,F,125,302.06
2025-12-03,9:44:17.715843616,T,IBM,F I,2,301.94
2025-12-03,9:44:17.716348893,T,IBM,,186,302.01
2025-12-03,9:44:17.719527371,T,IBM,,50,302.01
2025-12-03,9:44:17.723496868,T,IBM,I,3,302.01
2025-12-03,9:44:17.723553990,T,IBM,,40,302.09
2025-12-03,9:44:17.723626231,T,IBM,I,20,302.09
2025-12-03,9:44:17.723629281,T,IBM,I,20,302.1
2025-12-03,9:44:17.723644999,T,IBM,I,1,302.1
2025-12-03,9:44:17.723647247,T,IBM,I,1,302.1
2025-12-03,9:44:17.723752534,T,IBM,I,18,302.1
2025-12-03,9:44:17.889606334,T,IBM,,40,302.04
2025-12-03,9:44:17.889609320,T,IBM,I,21,302.02
2025-12-03,9:44:17.889699583,T,IBM,,40,302.01
2025-12-03,9:44:17.889903975,T,IBM,I,25,302.02
2025-12-03,9:44:17.890210711,T,IBM,,40,301.92
2025-12-03,9:44:17.890213785,T,IBM,,40,301.92
2025-12-03,9:44:18.123653841,T,IBM,I,25,301.74
2025-12-03,9:44:18.123653841,T,IBM,I,22,301.73
2025-12-03,9:44:18.123659454,T,IBM,,75,301.73
2025-12-03,9:44:18.123659454,T,IBM,F I,25,301.73
2025-12-03,9:44:18.123662533,T,IBM,F,97,301.73
2025-12-03,9:44:18.123674526,T,IBM,I,1,301.73
2025-12-03,9:44:18.123684490,T,IBM,F,122,301.74
2025-12-03,9:44:18.123969245,T,IBM,,100,301.76
2025-12-03,9:44:20.841677207,T,IBM,F,72,301.8
2025-12-03,9:44:20.841680147,T,IBM,F,72,301.81
2025-12-03,9:44:40.634647537,T,IBM,I,1,301.89
2025-12-03,9:44:46.392211281,T,IBM,F,40,301.87
2025-12-03,9:44:46.392232325,T,IBM,I,13,301.79
2025-12-03,9:44:46.393606643,T,IBM,F I,2,301.84
2025-12-03,9:44:46.510254227,T,IBM,F I,21,301.77
2025-12-03,9:44:47.733698866,T,IBM,,40,301.71
2025-12-03,9:44:47.734531900,T,IBM,F I,37,301.68
2025-12-03,9:44:47.957100906,T,IBM,F,40,301.57
2025-12-03,9:44:47.957121884,T,IBM,I,30,301.57
2025-12-03,9:44:47.957121884,T,IBM,I,1,301.57
2025-12-03,9:44:47.957134564,T,IBM,F I,9,301.57
2025-12-03,9:44:47.957134564,T,IBM,F I,8,301.57
2025-12-03,9:44:49.138541304,T,IBM,I,30,301.5
2025-12-03,9:44:49.138541304,T,IBM,,41,301.57
2025-12-03,9:44:49.138596148,T,IBM,F I,1,301.58
2025-12-03,9:44:49.138596148,T,IBM,F I,21,301.58
2025-12-03,9:44:49.138598504,T,IBM,F I,8,301.58
2025-12-03,9:44:49.138601526,T,IBM,F,41,301.58
2025-12-03,9:45:06.344768287,T,IBM,I,5,301.465
2025-12-03,9:45:10.027678485,T,IBM,F I,20,301.6
2025-12-03,9:45:10.027680905,T,IBM,F I,31,301.61
2025-12-03,9:45:10.027699001,T,IBM,I,1,301.61
2025-12-03,9:45:10.027702159,T,IBM,I,1,301.61
2025-12-03,9:45:10.027726536,T,IBM,F I,7,301.61
2025-12-03,9:45:10.027729028,T,IBM,F I,11,301.61
2025-12-03,9:45:16.035530497,T,IBM,I,5,301.55
2025-12-03,9:45:16.084760710,T,IBM,F,57,301.5
2025-12-03,9:45:16.085554615,T,IBM,F I,1,301.38
2025-12-03,9:45:16.085942503,T,IBM,F,100,301.34
2025-12-03,9:45:16.085942503,T,IBM,F I,25,301.36
2025-12-03,9:45:17.776449992,T,IBM,F,40,301.29
2025-12-03,9:45:25.105221347,T,IBM,I,1,301.19
2025-12-03,9:45:47.570608678,T,IBM,I,6,301.335
2025-12-03,9:45:52.047615843,T,IBM,,40,301.445
2025-12-03,9:45:52.047658022,T,IBM,,40,301.445
2025-12-03,9:46:03.128621018,T,IBM,I,4,301.45
2025-12-03,9:46:05.025106705,T,IBM,,40,301.34
2025-12-03,9:46:05.030477561,T,IBM,F I,25,301.49
2025-12-03,9:46:21.003595011,T,IBM,I,1,301.37
2025-12-03,9:46:21.003609952,T,IBM,F I,19,301.37
2025-12-03,9:46:26.444219221,T,IBM,,40,301.41
2025-12-03,9:46:26.444219221,T,IBM,I,10,301.41
2025-12-03,9:46:46.186172746,T,IBM,I,1,301.27
2025-12-03,9:46:54.422742213,T,IBM,F I,3,301.33
2025-12-03,9:46:55.828576917,T,IBM,I,6,301.27
2025-12-03,9:46:55.828598058,T,IBM,F I,5,301.27
2025-12-03,9:46:55.829431005,T,IBM,F I,1,301.27
2025-12-03,9:46:55.844021689,T,IBM,,40,301.22
2025-12-03,9:46:55.899630115,T,IBM,F,40,301.19
2025-12-03,9:46:55.899633267,T,IBM,F,40,301.19
2025-12-03,9:46:55.899636137,T,IBM,F I,1,301.19
2025-12-03,9:46:56.754845114,T,IBM,F I,1,301.145
2025-12-03,9:46:58.091292775,T,IBM,,72,301.125
2025-12-03,9:46:58.091292775,T,IBM,I,1,301.15
2025-12-03,9:46:58.091298753,T,IBM,I,3,301.15
2025-12-03,9:46:58.091298753,T,IBM,I,29,301.15
2025-12-03,9:46:58.091313763,T,IBM,F,91,301.15
2025-12-03,9:46:58.092092691,T,IBM,F,80,301.19
2025-12-03,9:46:58.092110764,T,IBM,I,16,301.19
2025-12-03,9:46:58.092306114,T,IBM,I,10,301.18
2025-12-03,9:47:00.732621902,T,IBM,I,4,301.15
2025-12-03,9:47:03.768240601,T,IBM,F I,20,301.13
2025-12-03,9:47:03.768264647,T,IBM,F,40,301.12
2025-12-03,9:47:03.768270759,T,IBM,F,58,301.12
2025-12-03,9:47:03.768270759,T,IBM,F I,37,301.12
2025-12-03,9:47:03.768511292,T,IBM,F I,18,301.11
2025-12-03,9:47:04.641700065,T,IBM,F,120,301.03
2025-12-03,9:47:05.347167538,T,IBM,F I,2,301.0
2025-12-03,9:47:10.536143797,T,IBM,F I,17,301.005
2025-12-03,9:47:12.945043492,T,IBM,F I,30,301.07
2025-12-03,9:47:12.945100661,T,IBM,F,40,301.1
2025-12-03,9:47:12.945103583,T,IBM,F,40,301.1
2025-12-03,9:47:12.945115684,T,IBM,,80,301.1
2025-12-03,9:47:12.946336521,T,IBM,F,74,301.02
2025-12-03,9:47:12.946348576,T,IBM,F I,10,301.02
2025-12-03,9:47:12.946369853,T,IBM,F I,34,301.01
2025-12-03,9:47:12.946369853,T,IBM,F,40,301.0
2025-12-03,9:47:12.946369853,T,IBM,F I,11,301.0
2025-12-03,9:47:12.946838766,T,IBM,F I,2,300.92
2025-12-03,9:47:12.946968062,T,IBM,F I,2,300.91
2025-12-03,9:47:12.946977115,T,IBM,,80,300.94
2025-12-03,9:47:12.983008837,T,IBM,F I,17,300.92
2025-12-03,9:47:13.186671723,T,IBM,I,1,300.81
2025-12-03,9:47:16.277607209,T,IBM,I,2,300.8
2025-12-03,9:47:16.277625272,T,IBM,F,98,300.8
2025-12-03,9:47:16.277625272,T,IBM,F,133,300.8
2025-12-03,9:47:16.277628250,T,IBM,F,41,300.8
2025-12-03,9:47:18.809440266,T,IBM,F,100,300.81
2025-12-03,9:47:26.287880109,T,IBM,F I,17,300.67
2025-12-03,9:47:26.287934277,T,IBM,F I,23,300.67
2025-12-03,9:47:26.287940248,T,IBM,F I,17,300.66
2025-12-03,9:47:29.607410751,T,IBM,F I,25,300.51
2025-12-03,9:47:29.607413739,T,IBM,F,65,300.5
2025-12-03,9:47:29.607431838,T,IBM,F I,1,300.5
2025-12-03,9:47:29.607434832,T,IBM,F I,24,300.5
2025-12-03,9:47:29.607988146,T,IBM,F I,26,300.49
2025-12-03,9:47:29.659717331,T,IBM,I,20,300.36
2025-12-03,9:47:34.675616408,T,IBM,I,3,300.36
2025-12-03,9:47:42.167162149,T,IBM,F I,30,300.36
2025-12-03,9:47:42.167189127,T,IBM,F,47,300.35
2025-12-03,9:47:42.167189127,T,IBM,F I,2,300.35
2025-12-03,9:47:42.167426678,T,IBM,I,38,300.39
2025-12-03,9:47:42.167580075,T,IBM,,44,300.4
2025-12-03,9:47:44.106508949,T,IBM,,120,300.3
2025-12-03,9:47:44.106508949,T,IBM,,100,300.3
2025-12-03,9:47:44.106512068,T,IBM,,40,300.28
2025-12-03,9:47:44.106515032,T,IBM,,45,300.28
2025-12-03,9:47:44.106515032,T,IBM,I,1,300.27
2025-12-03,9:47:44.793662823,T,IBM,I,2,300.23
2025-12-03,9:47:54.439660411,T,IBM,I,3,300.21
2025-12-03,9:47:55.034843277,T,IBM,F,79,300.21
2025-12-03,9:47:55.035186228,T,IBM,F I,21,300.21
2025-12-03,9:47:55.035186228,T,IBM,F I,25,300.2
2025-12-03,9:47:55.035189163,T,IBM,F I,25,300.2
2025-12-03,9:47:55.035204132,T,IBM,I,1,300.2
2025-12-03,9:47:55.035207211,T,IBM,I,1,300.2
2025-12-03,9:47:55.038016024,T,IBM,I,10,300.2
2025-12-03,9:47:55.038016024,T,IBM,I,9,300.2
2025-12-03,9:48:00.236951738,T,IBM,F I,17,300.15
2025-12-03,9:48:00.236951738,T,IBM,F I,5,300.15
2025-12-03,9:48:02.084962359,T,IBM,F,40,300.06
2025-12-03,9:48:02.084962359,T,IBM,F I,13,300.05
2025-12-03,9:48:02.085638900,T,IBM,F I,20,300.11
2025-12-03,9:48:02.085641943,T,IBM,F I,7,300.11
2025-12-03,9:48:02.085654325,T,IBM,F I,10,300.12
2025-12-03,9:48:02.085656972,T,IBM,F,100,300.12
2025-12-03,9:48:02.085864448,T,IBM,F I,15,300.12
2025-12-03,9:48:02.085945903,T,IBM,F I,10,300.13
2025-12-03,9:48:02.086117057,T,IBM,F I,10,300.13
2025-12-03,9:48:02.086625292,T,IBM,,40,300.07
2025-12-03,9:48:02.086649277,T,IBM,,100,300.06
2025-12-03,9:48:02.086652346,T,IBM,I,20,300.05
2025-12-03,9:48:02.237810135,T,IBM,,40,300.1
2025-12-03,9:48:13.542551160,T,IBM,I,25,300.09
2025-12-03,9:48:13.542551160,T,IBM,I,15,300.09
2025-12-03,9:48:16.543518440,T,IBM,I,28,300.09
2025-12-03,9:48:17.237146779,T,IBM,I,30,300.15
2025-12-03,9:48:17.468764120,T,IBM,,58,300.17
2025-12-03,9:48:17.479968911,T,IBM,,40,300.17
2025-12-03,9:48:17.568923684,T,IBM,I,11,300.17
2025-12-03,9:48:23.226370231,T,IBM,F I,1,300.04
2025-12-03,9:48:23.933230878,T,IBM,F I,20,300.01
2025-12-03,9:48:23.933230878,T,IBM,F I,5,300.0
2025-12-03,9:48:23.933233058,T,IBM,F I,21,300.0
2025-12-03,9:48:23.933245093,T,IBM,F,79,300.0
2025-12-03,9:48:23.933248126,T,IBM,F I,37,300.0
2025-12-03,9:48:23.933251168,T,IBM,I,1,300.0
2025-12-03,9:48:23.933263233,T,IBM,I,1,300.0
2025-12-03,9:48:26.196490203,T,IBM,I,33,300.09
2025-12-03,9:48:28.459645391,T,IBM,I,8,300.12
2025-12-03,9:48:28.459645391,T,IBM,F I,1,300.09
2025-12-03,9:48:28.459810441,T,IBM,F I,5,300.12
2025-12-03,9:48:28.459834494,T,IBM,F I,1,300.12
2025-12-03,9:48:28.460048069,T,IBM,F I,34,300.12
2025-12-03,9:48:28.460066036,T,IBM,I,1,300.12
2025-12-03,9:48:28.460102171,T,IBM,I,7,300.15
2025-12-03,9:48:28.817184237,T,IBM,F,70,300.09
2025-12-03,9:48:31.283860616,T,IBM,I,2,300.06
2025-12-03,9:48:31.430576968,T,IBM,F I,25,300.01
2025-12-03,9:48:31.430576968,T,IBM,F I,8,300.0
2025-12-03,9:48:34.930519186,T,IBM,F,77,299.86
2025-12-03,9:48:34.930519186,T,IBM,F I,1,299.86
2025-12-03,9:48:34.930774725,T,IBM,,52,299.92
2025-12-03,9:48:34.930840850,T,IBM,I,24,299.93
2025-12-03,9:48:34.930840850,T,IBM,I,28,299.93
2025-12-03,9:48:34.930843961,T,IBM,,40,299.93
2025-12-03,9:48:34.935132083,T,IBM,I,12,299.87
2025-12-03,9:48:43.930675627,T,IBM,F I,17,299.87
2025-12-03,9:48:54.169513856,T,IBM,I,26,299.97
2025-12-03,9:48:59.812258372,T,IBM,I,6,300.04
2025-12-03,9:49:01.122630938,T,IBM,I,2,299.92
2025-12-03,9:49:17.309439973,T,IBM,F I,11,299.95
2025-12-03,9:49:17.309788803,T,IBM,F I,31,299.85
2025-12-03,9:49:17.309876071,T,IBM,F I,31,299.84
2025-12-03,9:49:17.318738127,T,IBM,F I,1,299.73
2025-12-03,9:49:17.318738127,T,IBM,F I,8,299.73
2025-12-03,9:49:17.337731341,T,IBM,I,4,299.63
2025-12-03,9:49:17.338185471,T,IBM,I,15,299.69
2025-12-03,9:49:17.338329853,T,IBM,I,15,299.69
2025-12-03,9:49:17.338329853,T,IBM,I,15,299.71
2025-12-03,9:49:18.338637095,T,IBM,I,1,299.67
2025-12-03,9:49:19.341993971,T,IBM,I,10,299.64
2025-12-03,9:49:19.341996968,T,IBM,,53,299.62
2025-12-03,9:49:19.342508190,T,IBM,F I,30,299.61
2025-12-03,9:49:20.298565097,T,IBM,F I,20,299.52
2025-12-03,9:49:20.298568133,T,IBM,F I,22,299.51
2025-12-03,9:49:20.298586174,T,IBM,F I,20,299.51
2025-12-03,9:49:20.298658306,T,IBM,F I,1,299.51
2025-12-03,9:49:20.301731612,T,IBM,F I,20,299.38
2025-12-03,9:49:20.301734643,T,IBM,F,80,299.37
2025-12-03,9:49:20.302510598,T,IBM,F,100,299.27
2025-12-03,9:49:20.302513766,T,IBM,F,100,299.23
2025-12-03,9:49:20.302513766,T,IBM,F,160,299.22
2025-12-03,9:49:20.303638167,T,IBM,F I,23,299.3
2025-12-03,9:49:20.303653205,T,IBM,F,40,299.33
2025-12-03,9:49:20.303962973,T,IBM,F I,30,299.31
2025-12-03,9:49:20.303968983,T,IBM,F,54,299.31
2025-12-03,9:49:20.303968983,T,IBM,F I,20,299.3
2025-12-03,9:49:20.303971951,T,IBM,F I,4,299.3
2025-12-03,9:49:20.303974964,T,IBM,F,53,299.3
2025-12-03,9:49:20.304029098,T,IBM,,47,299.3
2025-12-03,9:49:20.304032229,T,IBM,,53,299.3
2025-12-03,9:49:20.304450045,T,IBM,F I,30,299.3
2025-12-03,9:49:20.304471198,T,IBM,I,1,299.3
2025-12-03,9:49:20.305042490,T,IBM,F I,20,299.31
2025-12-03,9:49:20.305048510,T,IBM,F I,16,299.3
2025-12-03,9:49:20.305048510,T,IBM,F,100,299.3
2025-12-03,9:49:20.305048510,T,IBM,F I,20,299.3
2025-12-03,9:49:20.305556823,T,IBM,F I,30,299.22
2025-12-03,9:49:20.305560010,T,IBM,F,100,299.21
2025-12-03,9:49:20.305560010,T,IBM,F,40,299.16
2025-12-03,9:49:20.305563068,T,IBM,F,100,299.15
2025-12-03,9:49:20.305565704,T,IBM,F,75,299.15
2025-12-03,9:49:20.305565704,T,IBM,F,40,299.14
2025-12-03,9:49:20.305821356,T,IBM,F I,29,299.29
2025-12-03,9:49:20.305938635,T,IBM,I,21,299.35
2025-12-03,9:49:20.305968834,T,IBM,F I,19,299.35
2025-12-03,9:49:20.305971680,T,IBM,F I,21,299.35
2025-12-03,9:49:20.305976574,T,IBM,F I,2,299.35
2025-12-03,9:49:20.305976574,T,IBM,F I,33,299.35
2025-12-03,9:49:20.305981053,T,IBM,F,67,299.35
2025-12-03,9:49:20.305981053,T,IBM,F I,33,299.35
2025-12-03,9:49:20.305983893,T,IBM,F,67,299.35
2025-12-03,9:49:20.305983893,T,IBM,F I,20,299.35
2025-12-03,9:49:20.306014077,T,IBM,F I,13,299.36
2025-12-03,9:49:20.306017049,T,IBM,F I,20,299.35
2025-12-03,9:49:20.306017049,T,IBM,F I,30,299.35
2025-12-03,9:49:20.306019874,T,IBM,F I,24,299.35
2025-12-03,9:49:20.306038383,T,IBM,F I,4,299.36
2025-12-03,9:49:20.306040889,T,IBM,F,68,299.36
2025-12-03,9:49:20.306188296,T,IBM,F I,32,299.36
2025-12-03,9:49:20.306194619,T,IBM,F I,8,299.36
2025-12-03,9:49:20.306194619,T,IBM,F I,1,299.36
2025-12-03,9:49:20.306197549,T,IBM,F I,1,299.35
2025-12-03,9:49:20.306201501,T,IBM,F I,14,299.19
2025-12-03,9:49:20.306201501,T,IBM,F I,12,299.18
2025-12-03,9:49:20.306207006,T,IBM,F I,12,299.18
2025-12-03,9:49:20.306207006,T,IBM,F,40,299.15
2025-12-03,9:49:20.306207006,T,IBM,F I,21,299.14
2025-12-03,9:49:20.306209673,T,IBM,F,40,299.13
2025-12-03,9:49:20.306209673,T,IBM,F I,20,299.13
2025-12-03,9:49:20.306212744,T,IBM,F I,21,299.05
2025-12-03,9:49:20.306212744,T,IBM,F I,21,299.04
2025-12-03,9:49:20.306245786,T,IBM,F I,9,299.25
2025-12-03,9:49:20.306284411,T,IBM,,42,299.24
2025-12-03,9:49:20.306308559,T,IBM,F I,18,299.25
2025-12-03,9:49:20.306329577,T,IBM,I,1,299.25
2025-12-03,9:49:20.306374666,T,IBM,F I,14,299.26
2025-12-03,9:49:20.306437847,T,IBM,F I,13,299.25
2025-12-03,9:49:20.306465165,T,IBM,F I,9,299.27
2025-12-03,9:49:20.306813706,T,IBM,I,4,299.24
2025-12-03,9:49:20.306940060,T,IBM,,40,299.32
2025-12-03,9:49:20.307397156,T,IBM,,45,299.3
2025-12-03,9:49:20.307860615,T,IBM,F,84,299.35
2025-12-03,9:49:20.307860615,T,IBM,F I,1,299.34
2025-12-03,9:49:20.307863938,T,IBM,F,83,299.34
2025-12-03,9:49:20.307863938,T,IBM,F I,8,299.34
2025-12-03,9:49:20.307867475,T,IBM,F I,1,299.34
2025-12-03,9:49:20.307867475,T,IBM,F I,5,299.34
2025-12-03,9:49:20.307869306,T,IBM,F I,1,299.23
2025-12-03,9:49:20.307873023,T,IBM,F I,13,299.23
2025-12-03,9:49:20.307873023,T,IBM,F I,14,299.23
2025-12-03,9:49:20.307876236,T,IBM,F I,9,299.22
2025-12-03,9:49:20.307878617,T,IBM,F I,1,299.0
2025-12-03,9:49:20.307878617,T,IBM,F I,13,299.0
2025-12-03,9:49:20.307881572,T,IBM,F,120,299.0
2025-12-03,9:49:20.307881572,T,IBM,F I,2,299.0
2025-12-03,9:49:20.307881572,T,IBM,F I,8,299.0
2025-12-03,9:49:20.307908357,T,IBM,I,9,299.23
2025-12-03,9:49:20.307947387,T,IBM,F I,9,299.36
2025-12-03,9:49:20.307995514,T,IBM,F I,10,299.28
2025-12-03,9:49:20.307998683,T,IBM,F I,3,299.35
2025-12-03,9:49:20.308017227,T,IBM,F,40,299.35
2025-12-03,9:49:20.308028580,T,IBM,F I,13,299.35
2025-12-03,9:49:20.308058758,T,IBM,F I,13,299.35
2025-12-03,9:49:20.308058758,T,IBM,F I,13,299.35
2025-12-03,9:49:20.308079725,T,IBM,F I,2,299.35
2025-12-03,9:49:20.308079725,T,IBM,F I,13,299.36
2025-12-03,9:49:20.308082779,T,IBM,F I,25,299.39
2025-12-03,9:49:20.308112758,T,IBM,F I,13,299.31
2025-12-03,9:49:20.308125006,T,IBM,F I,26,299.23
2025-12-03,9:49:20.308125006,T,IBM,F I,1,299.22
2025-12-03,9:49:20.308136901,T,IBM,I,10,299.29
2025-12-03,9:49:20.308142910,T,IBM,F I,3,299.29
2025-12-03,9:49:20.308151883,T,IBM,F,47,299.3
2025-12-03,9:49:20.308175989,T,IBM,F I,30,299.29
2025-12-03,9:49:20.308175989,T,IBM,I,10,299.29
2025-12-03,9:49:20.308203631,T,IBM,I,1,299.3
2025-12-03,9:49:20.308230054,T,IBM,F I,12,299.27
2025-12-03,9:49:20.308323314,T,IBM,F I,1,299.3
2025-12-03,9:49:20.308323314,T,IBM,F I,12,299.3
2025-12-03,9:49:20.308335365,T,IBM,F I,2,299.31
2025-12-03,9:49:20.308440629,T,IBM,I,2,299.29
2025-12-03,9:49:20.308657138,T,IBM,F I,13,299.39
2025-12-03,9:49:20.309348710,T,IBM,I,11,299.33
2025-12-03,9:49:20.310035414,T,IBM,F I,4,299.32
2025-12-03,9:49:20.310035414,T,IBM,F I,7,299.32
2025-12-03,9:49:20.310038022,T,IBM,F I,3,299.32
2025-12-03,9:49:20.310038022,T,IBM,F I,4,299.32
2025-12-03,9:49:20.310040972,T,IBM,F I,1,299.32
2025-12-03,9:49:20.310040972,T,IBM,F I,1,299.31
2025-12-03,9:49:20.310043646,T,IBM,F I,1,299.29
2025-12-03,9:49:20.310043646,T,IBM,F I,1,299.26
2025-12-03,9:49:20.310047529,T,IBM,F I,13,299.26
2025-12-03,9:49:20.310047529,T,IBM,F I,10,299.16
2025-12-03,9:49:20.310052403,T,IBM,F,100,299.11
2025-12-03,9:49:20.310052403,T,IBM,F,80,299.1
2025-12-03,9:49:20.310052403,T,IBM,F I,7,299.09
2025-12-03,9:49:20.311860385,T,IBM,F,40,299.2
2025-12-03,9:49:20.311862953,T,IBM,F,84,299.16
2025-12-03,9:49:20.311866311,T,IBM,F I,4,299.15
2025-12-03,9:49:20.311866311,T,IBM,F,40,299.15
2025-12-03,9:49:20.311869257,T,IBM,F I,14,299.15
2025-12-03,9:49:20.311869257,T,IBM,F I,13,299.15
2025-12-03,9:49:20.311871948,T,IBM,F I,14,299.09
2025-12-03,9:49:20.311871948,T,IBM,F I,13,299.09
2025-12-03,9:49:20.312010065,T,IBM,I,9,299.25
2025-12-03,9:49:20.312124303,T,IBM,I,24,299.24
2025-12-03,9:49:20.312233433,T,IBM,F I,1,299.24
2025-12-03,9:49:20.312235667,T,IBM,F I,23,299.25
2025-12-03,9:49:20.312241688,T,IBM,I,1,299.25
2025-12-03,9:49:20.312295779,T,IBM,F I,9,299.26
2025-12-03,9:49:20.312542348,T,IBM,F I,33,299.26
2025-12-03,9:49:20.312545526,T,IBM,F I,9,299.26
2025-12-03,9:49:20.312545526,T,IBM,F I,1,299.26
2025-12-03,9:49:20.312548367,T,IBM,F I,3,299.25
2025-12-03,9:49:20.312548367,T,IBM,F I,1,299.16
2025-12-03,9:49:20.313396341,T,IBM,F,40,299.08
2025-12-03,9:49:20.313399345,T,IBM,F I,13,299.08
2025-12-03,9:49:20.314914984,T,IBM,F I,5,299.14
2025-12-03,9:49:20.314942785,T,IBM,F I,6,299.19
2025-12-03,9:49:20.366517988,T,IBM,F,40,299.235
2025-12-03,9:49:20.496144491,T,IBM,,75,299.2
2025-12-03,9:49:20.904896128,T,IBM,F,75,299.15
2025-12-03,9:49:20.904896128,T,IBM,F,50,299.19
2025-12-03,9:49:20.976953149,T,IBM,F,98,299.19
2025-12-03,9:49:20.976962108,T,IBM,F I,2,299.19
2025-12-03,9:49:20.976977147,T,IBM,F I,18,299.15
2025-12-03,9:49:20.976980186,T,IBM,F,80,299.15
2025-12-03,9:49:20.977028227,T,IBM,,43,299.17
2025-12-03,9:49:21.069992181,T,IBM,I,4,299.15
2025-12-03,9:49:21.069992181,T,IBM,I,14,299.15
2025-12-03,9:49:21.084666580,T,IBM,I,30,299.2
2025-12-03,9:49:21.084666580,T,IBM,I,7,299.21
2025-12-03,9:49:21.084705666,T,IBM,I,38,299.21
2025-12-03,9:49:21.084705666,T,IBM,I,19,299.25
2025-12-03,9:49:26.583572486,T,IBM,,40,299.335
2025-12-03,9:49:26.583731884,T,IBM,I,10,299.43
2025-12-03,9:49:27.475634105,T,IBM,I,3,299.395
2025-12-03,9:49:28.031790178,T,IBM,I,37,299.395
2025-12-03,9:49:33.593762390,T,IBM,,40,299.325
2025-12-03,9:49:34.595287745,T,IBM,,40,299.325
2025-12-03,9:49:37.415624028,T,IBM,I,3,299.34
2025-12-03,9:49:42.183369519,T,IBM,,84,299.48
2025-12-03,9:49:42.183369519,T,IBM,,45,299.48
2025-12-03,9:49:42.183441920,T,IBM,F,80,299.49
2025-12-03,9:49:42.183441920,T,IBM,F,80,299.49
2025-12-03,9:49:42.183444636,T,IBM,F,80,299.49
2025-12-03,9:49:42.183531896,T,IBM,,45,299.49
2025-12-03,9:49:42.186093930,T,IBM,,80,299.48
2025-12-03,9:49:42.186097104,T,IBM,I,30,299.46
2025-12-03,9:49:59.932019343,T,IBM,F I,25,299.34
2025-12-03,9:49:59.932019343,T,IBM,F I,2,299.33
2025-12-03,9:49:59.932025749,T,IBM,F,41,299.33
2025-12-03,9:49:59.932025749,T,IBM,F I,2,299.32
2025-12-03,9:49:59.932028262,T,IBM,F I,15,299.32
2025-12-03,9:50:03.050284819,T,IBM,F,65,299.32
2025-12-03,9:50:03.050284819,T,IBM,F I,1,299.32
2025-12-03,9:50:03.050286930,T,IBM,F,44,299.32
2025-12-03,9:50:03.050780109,T,IBM,F I,1,299.18
2025-12-03,9:50:03.050810624,T,IBM,F I,1,299.18
2025-12-03,9:50:09.218252913,T,IBM,F I,30,299.22
2025-12-03,9:50:09.735706757,T,IBM,I,3,299.19
2025-12-03,9:50:16.582012750,T,IBM,F I,1,299.2
2025-12-03,9:50:16.598125083,T,IBM,F I,1,299.17
2025-12-03,9:50:16.598128114,T,IBM,F I,3,299.17
2025-12-03,9:50:16.598284508,T,IBM,F I,5,299.16
2025-12-03,9:50:19.837894645,T,IBM,F I,25,299.0
2025-12-03,9:50:19.837896927,T,IBM,F I,24,298.98
2025-12-03,9:50:19.838179672,T,IBM,F I,5,298.98
2025-12-03,9:50:19.838182756,T,IBM,F,52,298.98
2025-12-03,9:50:19.838811194,T,IBM,,40,298.92
2025-12-03,9:50:19.839448642,T,IBM,I,25,298.9
2025-12-03,9:50:23.370575292,T,IBM,I,30,298.92
2025-12-03,9:50:23.370578229,T,IBM,I,10,298.91
2025-12-03,9:50:23.652541650,T,IBM,I,1,299.0
2025-12-03,9:50:23.653115868,T,IBM,F,120,299.04
2025-12-03,9:50:23.653142931,T,IBM,F,45,299.03
2025-12-03,9:50:23.653142931,T,IBM,F I,35,299.05
2025-12-03,9:50:23.653606037,T,IBM,,45,299.01
2025-12-03,9:50:23.653627106,T,IBM,,62,299.03
2025-12-03,9:50:23.653666127,T,IBM,,45,299.0
2025-12-03,9:50:23.653720435,T,IBM,F,74,298.98
2025-12-03,9:50:23.653730205,T,IBM,F I,10,298.98
2025-12-03,9:50:23.653732756,T,IBM,F I,14,298.97
2025-12-03,9:50:23.653732756,T,IBM,F I,10,298.97
2025-12-03,9:50:23.653735292,T,IBM,F I,28,298.95
2025-12-03,9:50:23.671213241,T,IBM,I,14,299.04
2025-12-03,9:50:23.671213241,T,IBM,I,5,299.04
2025-12-03,9:50:23.671217151,T,IBM,I,10,299.04
2025-12-03,9:50:23.671219178,T,IBM,I,10,299.04
2025-12-03,9:50:23.671222027,T,IBM,I,2,299.04
2025-12-03,9:50:23.671222027,T,IBM,I,11,299.04
2025-12-03,9:50:23.671603859,T,IBM,F,45,299.05
2025-12-03,9:50:25.810740573,T,IBM,,40,299.01
2025-12-03,9:50:27.576393953,T,IBM,,40,299.1
2025-12-03,9:50:27.576415417,T,IBM,I,1,299.1
2025-12-03,9:50:27.576415417,T,IBM,I,1,299.1
2025-12-03,9:50:27.576418483,T,IBM,I,30,299.1
2025-12-03,9:50:27.597717653,T,IBM,F I,2,299.23
2025-12-03,9:50:27.598289084,T,IBM,I,10,299.22
2025-12-03,9:50:27.598292737,T,IBM,I,35,299.22
2025-12-03,9:50:27.944761847,T,IBM,F,40,299.215
2025-12-03,9:50:29.320164487,T,IBM,F I,3,299.38
2025-12-03,9:50:29.966709386,T,IBM,F I,17,299.43
2025-12-03,9:50:29.966733735,T,IBM,,83,299.43
2025-12-03,9:50:29.966733735,T,IBM,I,37,299.44
2025-12-03,9:50:29.966751547,T,IBM,I,1,299.44
2025-12-03,9:50:29.966754474,T,IBM,F,82,299.44
2025-12-03,9:50:41.709656629,T,IBM,I,3,299.43
2025-12-03,9:50:43.974423279,T,IBM,F I,1,299.54
2025-12-03,9:50:54.645128828,T,IBM,F I,2,299.57
2025-12-03,9:50:54.645155836,T,IBM,I,2,299.57
2025-12-03,9:50:56.806530392,T,IBM,F,40,299.49
2025-12-03,9:50:56.806533381,T,IBM,F I,3,299.49
2025-12-03,9:50:56.808253467,T,IBM,I,11,299.5
2025-12-03,9:50:57.594451074,T,IBM,F I,30,299.44
2025-12-03,9:50:57.594466169,T,IBM,I,1,299.44
2025-12-03,9:50:57.594523250,T,IBM,F I,37,299.44
2025-12-03,9:50:57.594763863,T,IBM,F,80,299.43
2025-12-03,9:51:03.170196277,T,IBM,F,40,299.42
2025-12-03,9:51:03.178080977,T,IBM,,40,299.35
2025-12-03,9:51:11.650938091,T,IBM,F I,14,299.32
2025-12-03,9:51:11.650938091,T,IBM,F I,26,299.32
2025-12-03,9:51:18.119806442,T,IBM,I,20,299.24
2025-12-03,9:51:18.119806442,T,IBM,I,1,299.24
2025-12-03,9:51:18.119809514,T,IBM,I,2,299.24
2025-12-03,9:51:18.119812556,T,IBM,I,4,299.24
2025-12-03,9:51:18.119812556,T,IBM,I,15,299.24
2025-12-03,9:51:18.120308651,T,IBM,I,3,299.24
2025-12-03,9:51:19.486710605,T,IBM,I,3,299.24
2025-12-03,9:51:22.425553028,T,IBM,I,4,299.22
2025-12-03,9:51:25.415463126,T,IBM,,45,299.26
2025-12-03,9:51:25.415463126,T,IBM,F,40,299.22
2025-12-03,9:51:25.415505160,T,IBM,,73,299.21
2025-12-03,9:51:25.415520258,T,IBM,F I,5,299.2
2025-12-03,9:51:25.445835637,T,IBM,F I,5,299.31
2025-12-03,9:51:25.445838416,T,IBM,F I,21,299.32
2025-12-03,9:51:25.445841446,T,IBM,F I,5,299.32
2025-12-03,9:51:25.445949646,T,IBM,F,80,299.38
2025-12-03,9:51:25.446788699,T,IBM,F I,1,299.44
2025-12-03,9:51:25.446806715,T,IBM,F I,39,299.44
2025-12-03,9:51:25.446821709,T,IBM,F I,1,299.5
2025-12-03,9:51:27.418585898,T,IBM,,40,299.415
2025-12-03,9:51:27.418649114,T,IBM,,40,299.415
2025-12-03,9:51:30.739009926,T,IBM,F I,39,299.5
2025-12-03,9:51:30.739244480,T,IBM,F I,16,299.52
2025-12-03,9:51:30.739259512,T,IBM,F,40,299.56
2025-12-03,9:51:30.740149630,T,IBM,,40,299.69
2025-12-03,9:51:30.740152634,T,IBM,I,1,299.69
2025-12-03,9:51:30.740324030,T,IBM,,43,299.63
2025-12-03,9:51:30.740339086,T,IBM,I,3,299.57
2025-12-03,9:51:30.740339086,T,IBM,,40,299.57
2025-12-03,9:51:30.740633773,T,IBM,F I,1,299.65
2025-12-03,9:51:33.014145188,T,IBM,F I,5,299.74
2025-12-03,9:51:33.014145188,T,IBM,F I,35,299.75
2025-12-03,9:51:37.263670013,T,IBM,I,2,299.68
2025-12-03,9:51:40.341635676,T,IBM,F,40,299.77
2025-12-03,9:51:40.341635676,T,IBM,F,40,299.77
2025-12-03,9:51:40.341638868,T,IBM,F I,20,299.77
2025-12-03,9:51:40.341641642,T,IBM,F I,20,299.78
2025-12-03,9:51:40.341656737,T,IBM,I,20,299.78
2025-12-03,9:51:52.616699564,T,IBM,I,1,299.72
2025-12-03,9:51:57.852698930,T,IBM,I,2,299.68
2025-12-03,9:51:59.806296775,T,IBM,F,40,299.57
2025-12-03,9:51:59.806299876,T,IBM,F,80,299.55
2025-12-03,9:52:04.390680754,T,IBM,I,2,299.64
2025-12-03,9:52:09.819042024,T,IBM,I,6,299.74
2025-12-03,9:52:09.819132174,T,IBM,,57,299.64
2025-12-03,9:52:19.250707896,T,IBM,I,2,299.65
2025-12-03,9:52:49.171357907,T,IBM,I,2,299.67
2025-12-03,9:52:52.550081432,T,IBM,I,12,299.65
2025-12-03,9:52:52.550511440,T,IBM,,45,299.65
2025-12-03,9:52:58.429534638,T,IBM,I,14,299.51
2025-12-03,9:52:58.430358574,T,IBM,F,80,299.42
2025-12-03,9:52:58.430575028,T,IBM,,40,299.43
2025-12-03,9:52:58.430578081,T,IBM,I,14,299.4
2025-12-03,9:52:58.430587902,T,IBM,I,13,299.4
2025-12-03,9:52:58.430590087,T,IBM,I,27,299.4
2025-12-03,9:52:58.431263742,T,IBM,,40,299.41
2025-12-03,9:52:58.436072869,T,IBM,I,30,299.46
2025-12-03,9:52:58.436075218,T,IBM,I,10,299.48
2025-12-03,9:52:58.438862783,T,IBM,F I,12,299.35
2025-12-03,9:52:58.438865952,T,IBM,F,40,299.33
2025-12-03,9:52:58.438865952,T,IBM,F I,20,299.32
2025-12-03,9:52:58.438868777,T,IBM,F,51,299.32
2025-12-03,9:52:58.531176595,T,IBM,F I,13,299.31
2025-12-03,9:52:58.531179601,T,IBM,F,110,299.31
2025-12-03,9:53:01.344701783,T,IBM,I,2,299.34
2025-12-03,9:53:11.682683195,T,IBM,I,3,299.38
2025-12-03,9:53:17.191401865,T,IBM,F I,10,299.49
2025-12-03,9:53:40.969854182,T,IBM,F I,6,299.56
2025-12-03,9:53:40.969856831,T,IBM,F I,10,299.56
2025-12-03,9:53:40.969859858,T,IBM,F I,10,299.56
2025-12-03,9:53:40.969859858,T,IBM,F I,20,299.56
2025-12-03,9:53:40.969898925,T,IBM,F,40,299.57
2025-12-03,9:53:41.396602701,T,IBM,I,6,299.64
2025-12-03,9:53:41.923351710,T,IBM,F I,4,299.73
2025-12-03,9:53:50.714423556,T,IBM,F I,1,299.78
2025-12-03,9:53:52.791967548,T,IBM,,40,299.78
2025-12-03,9:54:01.870881696,T,IBM,F I,8,300.04
2025-12-03,9:54:02.955645080,T,IBM,I,1,300.06
2025-12-03,9:54:02.989418457,T,IBM,,40,300.12
2025-12-03,9:54:03.222073374,T,IBM,,40,300.245
2025-12-03,9:54:03.222097331,T,IBM,F,40,300.245
2025-12-03,9:54:03.227871183,T,IBM,,40,300.225
2025-12-03,9:54:03.227937243,T,IBM,F,40,300.225
2025-12-03,9:54:03.239920832,T,IBM,,40,300.225
2025-12-03,9:54:03.254827353,T,IBM,,40,300.225
2025-12-03,9:54:03.254848324,T,IBM,F,80,300.225
2025-12-03,9:54:03.259551523,T,IBM,,40,300.225
2025-12-03,9:54:03.266861924,T,IBM,,40,300.225
2025-12-03,9:54:18.737838542,T,IBM,I,2,300.23
2025-12-03,9:54:20.054015091,T,IBM,I,34,300.06
2025-12-03,9:54:20.054228553,T,IBM,F I,27,300.05
2025-12-03,9:54:20.055311174,T,IBM,F,80,300.02
2025-12-03,9:54:20.154775972,T,IBM,,120,300.105
2025-12-03,9:54:20.167463132,T,IBM,,40,300.105
2025-12-03,9:54:20.200755347,T,IBM,,40,300.105
2025-12-03,9:54:20.200776641,T,IBM,F,80,300.105
2025-12-03,9:54:20.212790075,T,IBM,,40,300.105
2025-12-03,9:54:21.013596554,T,IBM,,40,300.105
2025-12-03,9:54:21.017734371,T,IBM,,40,300.105
2025-12-03,9:54:21.071766944,T,IBM,,80,300.105
2025-12-03,9:54:26.521668783,T,IBM,I,1,300.05
2025-12-03,9:54:45.080302955,T,IBM,F,40,300.29
2025-12-03,9:54:45.080302955,T,IBM,F,40,300.3
2025-12-03,9:54:45.080305890,T,IBM,F I,8,300.3
2025-12-03,9:54:45.080321004,T,IBM,I,1,300.3
2025-12-03,9:54:45.080324019,T,IBM,I,1,300.3
2025-12-03,9:54:45.080326927,T,IBM,I,30,300.3
2025-12-03,9:54:45.361412109,T,IBM,F I,26,300.22
2025-12-03,9:54:45.361427147,T,IBM,I,1,300.22
2025-12-03,9:54:45.758495565,T,IBM,F I,23,300.16
2025-12-03,9:54:48.210466716,T,IBM,I,10,300.3
2025-12-03,9:54:50.673170682,T,IBM,I,1,300.28
2025-12-03,9:54:53.297148495,T,IBM,F,40,300.28
2025-12-03,9:54:54.148929384,T,IBM,F I,27,300.35
2025-12-03,9:54:54.149157925,T,IBM,I,6,300.35
2025-12-03,9:54:54.149163929,T,IBM,I,6,300.35
2025-12-03,9:54:54.149196966,T,IBM,I,4,300.35
2025-12-03,9:54:54.149199936,T,IBM,F I,6,300.35
2025-12-03,9:54:54.149205949,T,IBM,I,6,300.35
2025-12-03,9:54:54.167886421,T,IBM,F I,6,300.37
2025-12-03,9:54:55.084080647,T,IBM,I,12,300.41
2025-12-03,9:54:55.084104690,T,IBM,I,8,300.41
2025-12-03,9:54:55.084107730,T,IBM,I,32,300.42
2025-12-03,9:54:55.084111222,T,IBM,I,8,300.42
2025-12-03,9:55:01.661931435,T,IBM,F I,30,300.38
2025-12-03,9:55:01.661937410,T,IBM,F I,5,300.36
2025-12-03,9:55:01.661940631,T,IBM,F,45,300.35
2025-12-03,9:55:01.661940631,T,IBM,F I,23,300.34
2025-12-03,9:55:01.661955686,T,IBM,F I,3,300.34
2025-12-03,9:55:01.661955686,T,IBM,F I,18,300.34
2025-12-03,9:55:01.661955686,T,IBM,F,59,300.34
2025-12-03,9:55:01.661973799,T,IBM,I,29,300.36
2025-12-03,9:55:01.725977752,T,IBM,F I,20,300.41
2025-12-03,9:55:01.726341626,T,IBM,,40,300.44
2025-12-03,9:55:01.807823677,T,IBM,I,5,300.44
2025-12-03,9:55:32.159819980,T,IBM,,45,300.435
2025-12-03,9:55:34.090509469,T,IBM,F I,1,300.44
2025-12-03,9:55:34.090575670,T,IBM,F I,1,300.44
2025-12-03,9:55:34.090593561,T,IBM,F I,9,300.41
2025-12-03,9:55:56.087060045,T,IBM,F I,15,300.43
2025-12-03,9:55:56.087062933,T,IBM,F I,4,300.43
2025-12-03,9:55:59.206082303,T,IBM,F,40,300.56
2025-12-03,9:55:59.206100965,T,IBM,I,30,300.56
2025-12-03,9:55:59.206103402,T,IBM,I,1,300.56
2025-12-03,9:55:59.206106354,T,IBM,F I,6,300.56
2025-12-03,9:55:59.206130669,T,IBM,F I,6,300.58
2025-12-03,9:56:04.980907232,T,IBM,F I,5,300.6
2025-12-03,9:56:04.980907232,T,IBM,F I,11,300.59
2025-12-03,9:56:04.980913230,T,IBM,F I,5,300.59
2025-12-03,9:56:04.980916347,T,IBM,F I,35,300.58
2025-12-03,9:56:04.980916347,T,IBM,F I,35,300.58
2025-12-03,9:56:04.980955425,T,IBM,F I,5,300.58
2025-12-03,9:56:05.027412941,T,IBM,I,2,300.59
2025-12-03,9:56:05.027485143,T,IBM,F I,5,300.6
2025-12-03,9:56:06.254186545,T,IBM,F I,20,300.75
2025-12-03,9:56:06.254213625,T,IBM,F,80,300.78
2025-12-03,9:56:06.254234881,T,IBM,F I,8,300.82
2025-12-03,9:56:06.254366946,T,IBM,F I,13,300.86
2025-12-03,9:56:06.254800076,T,IBM,F I,20,300.87
2025-12-03,9:56:06.254800076,T,IBM,F I,1,300.87
2025-12-03,9:56:06.254857313,T,IBM,F I,7,300.93
2025-12-03,9:56:06.254857313,T,IBM,F I,12,300.93
2025-12-03,9:56:06.254944349,T,IBM,F I,13,300.92
2025-12-03,9:56:13.669025900,T,IBM,F I,1,301.0
2025-12-03,9:56:13.669025900,T,IBM,F I,7,301.0
2025-12-03,9:56:13.676766244,T,IBM,I,15,300.98
2025-12-03,9:56:13.676793382,T,IBM,F I,25,300.98
2025-12-03,9:56:31.574237411,T,IBM,F I,8,301.1
2025-12-03,9:56:31.574237411,T,IBM,F I,2,301.11
2025-12-03,9:56:31.574282433,T,IBM,F I,2,301.13
2025-12-03,9:56:31.574285525,T,IBM,F I,2,301.13
2025-12-03,9:56:31.575280909,T,IBM,I,7,301.15
2025-12-03,9:56:41.232901387,T,IBM,F,100,301.04
2025-12-03,9:57:11.826513544,T,IBM,F I,14,301.07
2025-12-03,9:57:11.826558664,T,IBM,F I,4,301.08
2025-12-03,9:57:11.826561650,T,IBM,F,40,301.08
2025-12-03,9:57:11.826841292,T,IBM,F I,1,301.09
2025-12-03,9:57:11.826841292,T,IBM,F I,1,301.09
2025-12-03,9:57:11.826868410,T,IBM,F,80,301.09
2025-12-03,9:57:11.838427921,T,IBM,I,2,301.11
2025-12-03,9:57:11.839672956,T,IBM,I,3,301.085
2025-12-03,9:57:14.342152418,T,IBM,F,40,301.04
2025-12-03,9:57:47.337507199,T,IBM,,40,301.03
2025-12-03,9:57:47.338514578,T,IBM,,40,301.01
2025-12-03,9:57:47.345539376,T,IBM,F I,35,300.95
2025-12-03,9:57:47.346844800,T,IBM,,45,300.91
2025-12-03,9:57:47.357071825,T,IBM,F I,2,301.02
2025-12-03,9:57:56.804067881,T,IBM,F I,1,301.13
2025-12-03,9:57:56.804076979,T,IBM,F,60,301.13
2025-12-03,9:57:56.804149758,T,IBM,F I,2,301.13
2025-12-03,9:57:56.804639292,T,IBM,F I,11,301.17
2025-12-03,9:57:56.804672386,T,IBM,I,20,301.19
2025-12-03,9:57:56.804672386,T,IBM,I,20,301.2
2025-12-03,9:57:56.804690802,T,IBM,I,1,301.2
2025-12-03,9:57:56.804690802,T,IBM,I,1,301.2
2025-12-03,9:57:56.804747554,T,IBM,F I,18,301.2
2025-12-03,9:57:56.808641762,T,IBM,I,10,301.16
2025-12-03,9:57:56.815964171,T,IBM,I,1,301.16
2025-12-03,9:58:08.510844725,T,IBM,I,4,301.07
2025-12-03,9:58:30.176661348,T,IBM,,40,301.07
2025-12-03,9:58:54.787773868,T,IBM,,40,301.0
2025-12-03,9:58:54.787773868,T,IBM,I,2,301.02
2025-12-03,9:58:54.787776812,T,IBM,I,1,301.02
2025-12-03,9:58:58.538443922,T,IBM,F I,22,300.91
2025-12-03,9:58:58.538712182,T,IBM,F I,5,300.9
2025-12-03,9:58:58.538714618,T,IBM,F I,7,300.9
2025-12-03,9:58:58.538732659,T,IBM,F I,7,300.9
2025-12-03,9:58:58.538747655,T,IBM,F I,7,300.9
2025-12-03,9:58:58.538828835,T,IBM,F I,7,300.9
2025-12-03,9:58:58.538840836,T,IBM,F I,19,300.9
2025-12-03,9:58:58.538840836,T,IBM,F I,7,300.89
2025-12-03,9:59:20.280062197,T,IBM,F I,8,300.98
2025-12-03,9:59:20.280083311,T,IBM,F I,8,300.98
2025-12-03,9:59:20.280269737,T,IBM,F I,8,300.98
2025-12-03,9:59:20.280282111,T,IBM,I,8,300.98
2025-12-03,9:59:20.280335809,T,IBM,I,8,300.98
2025-12-03,9:59:20.280390290,T,IBM,I,3,300.99
2025-12-03,9:59:20.280393006,T,IBM,I,5,300.99
2025-12-03,9:59:24.948180398,T,IBM,I,13,300.94
2025-12-03,9:59:24.948183341,T,IBM,I,7,300.94
2025-12-03,9:59:24.948183341,T,IBM,I,1,300.94
2025-12-03,9:59:24.957923529,T,IBM,I,3,300.925
2025-12-03,9:59:42.580963843,T,IBM,I,2,300.915
2025-12-03,9:59:47.633057073,T,IBM,,40,300.915
2025-12-03,9:59:48.216304612,T,IBM,I,17,300.84
2025-12-03,9:59:51.409965209,T,IBM,F I,25,300.82
2025-12-03,9:59:51.410469831,T,IBM,F I,5,300.8
2025-12-03,9:59:51.416198803,T,IBM,F I,5,300.78
2025-12-03,9:59:51.416198803,T,IBM,F,63,300.75
2025-12-03,9:59:51.416427018,T,IBM,F I,20,300.74
2025-12-03,9:59:51.421172342,T,IBM,F I,15,300.65
2025-12-03,9:59:56.898916867,T,IBM,F I,1,300.64
2025-12-03,9:59:59.105699470,T,IBM,F I,2,300.75
2025-12-03,9:59:59.105702421,T,IBM,F I,15,300.78
2025-12-03,10:00:27.497035982,T,IBM,F I,21,300.58
2025-12-03,10:00:27.497060014,T,IBM,F I,3,300.57
2025-12-03,10:00:27.497075150,T,IBM,I,18,300.64
2025-12-03,10:00:27.497258526,T,IBM,F I,3,300.57
2025-12-03,10:00:27.497466071,T,IBM,I,15,300.57
2025-12-03,10:00:27.514056499,T,IBM,F I,17,300.66
2025-12-03,10:00:30.153286623,T,IBM,F I,11,300.59
2025-12-03,10:00:30.153289657,T,IBM,F I,6,300.59
2025-12-03,10:00:30.155313475,T,IBM,F I,22,300.56
2025-12-03,10:00:30.229662373,T,IBM,,40,300.68
2025-12-03,10:00:31.441069347,T,IBM,F,40,300.7
2025-12-03,10:01:15.744429597,T,IBM,I,32,300.92
2025-12-03,10:01:15.744450650,T,IBM,I,1,300.92
2025-12-03,10:01:15.744450650,T,IBM,F,47,300.92
2025-12-03,10:01:25.070808487,T,IBM,,40,300.88
2025-12-03,10:01:34.122687771,T,IBM,F I,20,301.0
2025-12-03,10:01:34.122687771,T,IBM,F I,16,301.03
2025-12-03,10:01:34.122708967,T,IBM,F I,24,301.03
2025-12-03,10:01:34.122708967,T,IBM,F I,12,301.03
2025-12-03,10:01:34.122820058,T,IBM,F I,8,301.04
2025-12-03,10:01:34.122853181,T,IBM,I,37,300.97
2025-12-03,10:01:34.123006503,T,IBM,F I,7,300.98
2025-12-03,10:01:34.123045701,T,IBM,I,7,301.01
2025-12-03,10:01:34.123048571,T,IBM,I,29,301.02
2025-12-03,10:01:34.123105739,T,IBM,I,1,301.02
2025-12-03,10:01:34.123310200,T,IBM,F I,2,301.04
2025-12-03,10:01:34.125129557,T,IBM,F I,17,301.04
2025-12-03,10:01:34.482346999,T,IBM,,62,300.91
2025-12-03,10:01:41.875526131,T,IBM,F I,1,300.78
2025-12-03,10:01:41.875526131,T,IBM,F I,1,300.78
2025-12-03,10:01:41.875528402,T,IBM,F,40,300.78
2025-12-03,10:01:41.922073205,T,IBM,,80,300.685
2025-12-03,10:02:28.357833555,T,IBM,F I,2,300.99
2025-12-03,10:02:29.361379677,T,IBM,F,40,301.05
2025-12-03,10:02:29.361382689,T,IBM,F,80,301.05
2025-12-03,10:02:29.361433874,T,IBM,,100,301.04
2025-12-03,10:02:33.495468419,T,IBM,F I,14,300.96
2025-12-03,10:02:33.495471479,T,IBM,F I,15,300.96
2025-12-03,10:02:33.495535118,T,IBM,F I,4,300.95
2025-12-03,10:02:33.495790210,T,IBM,F I,9,300.94
2025-12-03,10:02:33.495790210,T,IBM,F I,14,300.94
2025-12-03,10:03:04.720393944,T,IBM,I,6,300.955
2025-12-03,10:03:34.061454251,T,IBM,F,65,300.87
2025-12-03,10:03:34.061646774,T,IBM,F I,2,300.85
2025-12-03,10:03:34.071886086,T,IBM,F I,20,300.81
2025-12-03,10:03:34.071889121,T,IBM,F,59,300.8
2025-12-03,10:03:34.071907077,T,IBM,I,1,300.8
2025-12-03,10:03:34.071910194,T,IBM,F I,19,300.8
2025-12-03,10:03:34.095315025,T,IBM,I,17,300.8
2025-12-03,10:03:34.095368969,T,IBM,F I,23,300.8
2025-12-03,10:03:34.095371977,T,IBM,F,40,300.8
2025-12-03,10:03:34.854920256,T,IBM,I,2,300.73
2025-12-03,10:03:34.855284094,T,IBM,I,2,300.72
2025-12-03,10:03:41.148564083,T,IBM,,40,300.78
2025-12-03,10:03:41.196312044,T,IBM,F,80,300.89
2025-12-03,10:03:41.196312044,T,IBM,F,40,300.89
2025-12-03,10:03:41.196314749,T,IBM,F,40,300.89
2025-12-03,10:03:53.481987555,T,IBM,I,15,300.96
2025-12-03,10:03:53.481990555,T,IBM,,43,300.96
2025-12-03,10:03:54.492227486,T,IBM,F,80,301.14
2025-12-03,10:03:54.492230553,T,IBM,F,40,301.15
2025-12-03,10:03:54.492678575,T,IBM,F,40,301.14
2025-12-03,10:03:54.492705705,T,IBM,I,31,301.14
2025-12-03,10:03:54.493394265,T,IBM,F,40,301.13
2025-12-03,10:03:54.493439500,T,IBM,F,40,301.15
2025-12-03,10:03:54.497273502,T,IBM,F,40,301.04
2025-12-03,10:03:54.497330626,T,IBM,F I,30,301.13
2025-12-03,10:03:54.497330626,T,IBM,F I,10,301.14
2025-12-03,10:03:54.497378813,T,IBM,F,40,301.15
2025-12-03,10:03:54.497400359,T,IBM,I,1,301.15
2025-12-03,10:03:54.497400359,T,IBM,I,1,301.15
2025-12-03,10:03:54.497420844,T,IBM,I,4,301.15
2025-12-03,10:03:54.497423855,T,IBM,F I,34,301.15
2025-12-03,10:03:54.497426952,T,IBM,F I,3,301.15
2025-12-03,10:03:54.497835866,T,IBM,F I,31,301.15
2025-12-03,10:03:54.502469899,T,IBM,F I,3,301.15
2025-12-03,10:04:30.441583262,T,IBM,F I,1,301.18
2025-12-03,10:04:30.441601244,T,IBM,I,1,301.18
2025-12-03,10:04:30.442473315,T,IBM,I,12,301.15
2025-12-03,10:04:30.442635745,T,IBM,I,12,301.12
2025-12-03,10:04:30.442704834,T,IBM,F,40,301.12
2025-12-03,10:04:30.442732019,T,IBM,,40,301.1
2025-12-03,10:04:35.187821429,T,IBM,,40,301.1
2025-12-03,10:04:35.187821429,T,IBM,,135,301.1
2025-12-03,10:04:38.151427679,T,IBM,F I,1,301.09
2025-12-03,10:04:38.151430676,T,IBM,F I,4,301.09
2025-12-03,10:04:38.151529949,T,IBM,I,4,301.1
2025-12-03,10:04:38.152465153,T,IBM,F I,6,301.05
2025-12-03,10:04:38.155111659,T,IBM,F,64,301.01
2025-12-03,10:04:38.155111659,T,IBM,F,73,301.01
2025-12-03,10:04:38.155445210,T,IBM,F,40,301.0
2025-12-03,10:04:38.163769241,T,IBM,I,6,300.93
2025-12-03,10:04:38.168060220,T,IBM,I,6,300.94
2025-12-03,10:04:50.434216544,T,IBM,F,60,301.0
2025-12-03,10:04:54.712979726,T,IBM,I,4,300.955
2025-12-03,10:05:16.313252376,T,IBM,I,5,300.96
2025-12-03,10:05:17.710474545,T,IBM,F I,5,300.97
2025-12-03,10:05:18.496982169,T,IBM,,40,301.04
2025-12-03,10:05:21.451239082,T,IBM,F I,30,301.04
2025-12-03,10:05:21.451242077,T,IBM,F I,18,301.06
2025-12-03,10:05:21.451290204,T,IBM,F I,22,301.06
2025-12-03,10:05:21.458645615,T,IBM,,79,301.02
2025-12-03,10:05:21.458693802,T,IBM,,100,301.02
2025-12-03,10:05:30.533517816,T,IBM,I,1,300.99
2025-12-03,10:05:36.112282012,T,IBM,F I,10,300.87
2025-12-03,10:05:36.112297259,T,IBM,F I,1,300.87
2025-12-03,10:05:36.113151006,T,IBM,F I,16,300.86
2025-12-03,10:05:38.003418288,T,IBM,F I,18,300.82
2025-12-03,10:05:38.003418288,T,IBM,F I,2,300.82
2025-12-03,10:05:40.380111475,T,IBM,F I,9,300.79
2025-12-03,10:05:40.380111475,T,IBM,F I,10,300.79
2025-12-03,10:05:48.345058996,T,IBM,F I,3,300.82
2025-12-03,10:05:49.192007290,T,IBM,F I,2,300.82
2025-12-03,10:05:55.710183783,T,IBM,F I,12,300.79
2025-12-03,10:05:55.710186748,T,IBM,F I,21,300.8
2025-12-03,10:05:56.750513468,T,IBM,F,45,300.87
2025-12-03,10:05:56.750516471,T,IBM,F I,35,300.9
2025-12-03,10:06:03.511103052,T,IBM,F I,4,300.7
2025-12-03,10:06:03.511157145,T,IBM,F I,3,300.68
2025-12-03,10:06:03.511617301,T,IBM,I,7,300.67
2025-12-03,10:06:03.511617301,T,IBM,I,2,300.67
2025-12-03,10:06:03.511641316,T,IBM,F I,12,300.66
2025-12-03,10:06:03.512486331,T,IBM,I,2,300.68
2025-12-03,10:06:07.299849687,T,IBM,F I,2,300.78
2025-12-03,10:06:07.299852735,T,IBM,F,84,300.8
2025-12-03,10:06:07.300586415,T,IBM,F,40,300.84
2025-12-03,10:06:07.300590182,T,IBM,F,40,300.84
2025-12-03,10:06:07.300590182,T,IBM,F I,5,300.84
2025-12-03,10:06:07.300592626,T,IBM,F I,1,300.84
2025-12-03,10:06:07.309051612,T,IBM,,100,300.79
2025-12-03,10:06:07.313348902,T,IBM,,45,300.78
2025-12-03,10:06:13.187455061,T,IBM,,100,300.735
2025-12-03,10:06:18.103248875,T,IBM,F I,4,300.61
2025-12-03,10:06:18.103772154,T,IBM,F I,16,300.59
2025-12-03,10:06:18.104296029,T,IBM,F I,6,300.59
2025-12-03,10:06:18.104298374,T,IBM,F I,4,300.59
2025-12-03,10:06:18.110868977,T,IBM,F I,8,300.57
2025-12-03,10:06:18.110992367,T,IBM,I,17,300.58
2025-12-03,10:06:18.121637646,T,IBM,F I,6,300.55
2025-12-03,10:06:18.121637646,T,IBM,F I,2,300.55
2025-12-03,10:06:18.121709803,T,IBM,F I,2,300.54
2025-12-03,10:06:18.212661294,T,IBM,F,41,300.6
2025-12-03,10:06:29.862801419,T,IBM,F I,28,300.56
2025-12-03,10:06:29.862855512,T,IBM,F I,28,300.51
2025-12-03,10:06:34.042599304,T,IBM,I,4,300.46
2025-12-03,10:06:43.716458482,T,IBM,F I,20,300.45
2025-12-03,10:06:43.716458482,T,IBM,F I,19,300.44
2025-12-03,10:06:43.716476533,T,IBM,F I,21,300.44
2025-12-03,10:06:45.609759905,T,IBM,I,36,300.35
2025-12-03,10:06:53.971709778,T,IBM,F I,20,300.14
2025-12-03,10:06:53.971712792,T,IBM,F I,10,300.14
2025-12-03,10:06:53.971715752,T,IBM,F,40,300.13
2025-12-03,10:06:53.971730803,T,IBM,F I,30,300.13
2025-12-03,10:06:53.973914073,T,IBM,,40,300.14
2025-12-03,10:07:01.256008183,T,IBM,,100,300.11
2025-12-03,10:07:01.256011194,T,IBM,I,20,300.11
2025-12-03,10:07:02.214064988,T,IBM,F I,1,300.1
2025-12-03,10:07:02.334567899,T,IBM,I,26,300.105
2025-12-03,10:07:08.160198604,T,IBM,F I,2,300.12
2025-12-03,10:07:08.160201625,T,IBM,F,75,300.13
2025-12-03,10:07:08.160204596,T,IBM,F I,11,300.13
2025-12-03,10:07:08.181008213,T,IBM,,40,300.105
2025-12-03,10:07:08.189617682,T,IBM,,40,300.105
2025-12-03,10:07:08.288796782,T,IBM,F,40,300.2
2025-12-03,10:07:08.288838902,T,IBM,F,40,300.21
2025-12-03,10:07:08.289320383,T,IBM,I,3,300.22
2025-12-03,10:07:08.289338051,T,IBM,I,2,300.22
2025-12-03,10:07:08.289467402,T,IBM,,40,300.22
2025-12-03,10:07:08.289503585,T,IBM,F I,30,300.22
2025-12-03,10:07:08.289506543,T,IBM,F I,10,300.21
2025-12-03,10:07:08.289536707,T,IBM,F I,30,300.21
2025-12-03,10:07:08.289539530,T,IBM,F,70,300.21
2025-12-03,10:07:08.289545568,T,IBM,I,1,300.22
2025-12-03,10:07:08.289587682,T,IBM,I,31,300.22
2025-12-03,10:07:08.289614747,T,IBM,F I,10,300.19
2025-12-03,10:07:08.290110916,T,IBM,,45,300.22
2025-12-03,10:07:08.290131950,T,IBM,I,10,300.22
2025-12-03,10:07:08.290147115,T,IBM,F I,15,300.22
2025-12-03,10:07:08.295944954,T,IBM,F I,10,300.19
2025-12-03,10:07:08.306382685,T,IBM,I,22,300.21
2025-12-03,10:07:08.306545011,T,IBM,I,22,300.22
2025-12-03,10:07:08.307522364,T,IBM,F,40,300.22
2025-12-03,10:07:11.090654179,T,IBM,F,40,300.25
2025-12-03,10:07:14.695052862,T,IBM,F,40,300.225
2025-12-03,10:07:14.695088899,T,IBM,I,5,300.225
2025-12-03,10:07:14.885535339,T,IBM,F,52,300.15
2025-12-03,10:07:14.885535339,T,IBM,F,70,300.15
2025-12-03,10:07:14.885574386,T,IBM,,40,300.17
2025-12-03,10:07:14.885595493,T,IBM,I,6,300.18
2025-12-03,10:07:14.885598510,T,IBM,I,34,300.2
2025-12-03,10:07:14.885619884,T,IBM,I,10,300.22
2025-12-03,10:07:14.885622955,T,IBM,I,10,300.22
2025-12-03,10:07:17.807227872,T,IBM,F I,1,300.15
2025-12-03,10:07:20.642699089,T,IBM,,40,300.18
2025-12-03,10:07:20.831269010,T,IBM,,40,300.19
2025-12-03,10:07:21.003152227,T,IBM,I,1,300.21
2025-12-03,10:07:21.425928649,T,IBM,F,100,300.25
2025-12-03,10:07:30.830995755,T,IBM,I,3,300.38
2025-12-03,10:08:01.781112693,T,IBM,I,2,300.23
2025-12-03,10:08:01.781175891,T,IBM,I,3,300.225
2025-12-03,10:08:05.689694607,T,IBM,F I,5,300.255
2025-12-03,10:08:05.819354325,T,IBM,,40,300.33
2025-12-03,10:08:07.820792952,T,IBM,I,1,300.33
2025-12-03,10:08:20.982929410,T,IBM,I,5,300.285
2025-12-03,10:08:20.982932435,T,IBM,I,35,300.285
2025-12-03,10:08:20.982998655,T,IBM,,43,300.285
2025-12-03,10:08:21.269830488,T,IBM,,40,300.285
2025-12-03,10:08:21.919364918,T,IBM,I,2,300.42
2025-12-03,10:08:38.505675287,T,IBM,I,3,300.31
2025-12-03,10:08:38.505708295,T,IBM,I,3,300.31
2025-12-03,10:08:38.505984953,T,IBM,I,3,300.3
2025-12-03,10:08:46.023662965,T,IBM,F I,2,300.29
2025-12-03,10:08:46.023662965,T,IBM,F I,1,300.29
2025-12-03,10:08:46.023708059,T,IBM,F I,2,300.29
2025-12-03,10:08:46.024345509,T,IBM,F I,1,300.245
2025-12-03,10:08:46.024375665,T,IBM,I,4,300.245
2025-12-03,10:08:46.045921883,T,IBM,F I,2,300.28
2025-12-03,10:08:46.045921883,T,IBM,F I,15,300.29
2025-12-03,10:08:46.045946051,T,IBM,I,30,300.29
2025-12-03,10:09:09.099524349,T,IBM,F I,5,300.22
2025-12-03,10:09:14.060049729,T,IBM,F,40,300.42
2025-12-03,10:10:15.067784790,T,IBM,I,8,300.45
2025-12-03,10:10:18.388229780,T,IBM,I,2,300.25
2025-12-03,10:10:18.388229780,T,IBM,I,1,300.2
2025-12-03,10:10:18.390048938,T,IBM,F I,27,300.19
2025-12-03,10:10:18.394836326,T,IBM,F I,3,300.19
2025-12-03,10:10:18.394836326,T,IBM,F I,20,300.18
2025-12-03,10:10:18.394839367,T,IBM,F I,17,300.17
2025-12-03,10:10:18.394866463,T,IBM,I,23,300.17
2025-12-03,10:10:45.390532806,T,IBM,I,5,300.15
2025-12-03,10:10:47.145670297,T,IBM,F I,30,300.2
2025-12-03,10:10:48.119704559,T,IBM,F I,1,300.25
2025-12-03,10:11:12.010286400,T,IBM,F I,1,300.07
2025-12-03,10:11:12.010448742,T,IBM,F I,22,300.04
2025-12-03,10:11:12.010466807,T,IBM,F I,18,300.04
2025-12-03,10:11:18.928710034,T,IBM,F,40,300.17
2025-12-03,10:11:18.928710034,T,IBM,F I,5,300.17
2025-12-03,10:11:18.928712649,T,IBM,F I,9,300.17
2025-12-03,10:11:18.928730901,T,IBM,F I,14,300.17
2025-12-03,10:11:18.928733822,T,IBM,I,1,300.17
2025-12-03,10:11:18.928736727,T,IBM,I,1,300.17
2025-12-03,10:11:18.928736727,T,IBM,I,9,300.17
2025-12-03,10:11:18.929485467,T,IBM,F I,9,300.17
2025-12-03,10:11:19.896100722,T,IBM,F I,11,300.13
2025-12-03,10:11:23.032925607,T,IBM,F I,20,300.01
2025-12-03,10:11:23.032928396,T,IBM,F I,20,300.0
2025-12-03,10:11:23.032943446,T,IBM,I,1,300.0
2025-12-03,10:11:23.032982480,T,IBM,I,19,300.0
2025-12-03,10:11:23.033162928,T,IBM,F I,4,299.99
2025-12-03,10:11:23.033162928,T,IBM,F I,4,299.99
2025-12-03,10:11:23.033165969,T,IBM,F I,6,299.99
2025-12-03,10:11:23.033253132,T,IBM,F I,25,300.005
2025-12-03,10:11:23.047864973,T,IBM,,80,299.96
2025-12-03,10:11:23.758321292,T,IBM,F I,2,299.9
2025-12-03,10:11:28.947773450,T,IBM,I,1,299.97
2025-12-03,10:11:28.947844809,T,IBM,I,1,299.97
2025-12-03,10:11:28.947893264,T,IBM,I,5,299.98
2025-12-03,10:11:32.134034967,T,IBM,I,9,300.045
2025-12-03,10:11:37.560609642,T,IBM,I,8,300.045
2025-12-03,10:11:37.563661971,T,IBM,I,10,300.045
2025-12-03,10:11:38.380186837,T,IBM,I,9,300.08
2025-12-03,10:11:42.382589077,T,IBM,I,12,300.06
2025-12-03,10:11:45.462181622,T,IBM,F,100,300.04
2025-12-03,10:11:45.628219394,T,IBM,F I,2,300.04
2025-12-03,10:11:45.628221807,T,IBM,F I,5,300.05
2025-12-03,10:11:49.305132301,T,IBM,F I,1,300.205
2025-12-03,10:12:15.493370363,T,IBM,F,40,300.03
2025-12-03,10:12:16.312243844,T,IBM,I,10,299.95
2025-12-03,10:12:16.312812182,T,IBM,F,100,299.95
2025-12-03,10:12:16.526230257,T,IBM,I,5,299.95
2025-12-03,10:12:19.381347216,T,IBM,I,23,299.82
2025-12-03,10:12:19.388901275,T,IBM,I,10,299.81
2025-12-03,10:12:19.388904232,T,IBM,I,10,299.81
2025-12-03,10:12:19.389455242,T,IBM,I,36,299.8
2025-12-03,10:12:20.033106827,T,IBM,,40,299.845
2025-12-03,10:12:20.042377890,T,IBM,I,5,299.845
2025-12-03,10:12:33.047865509,T,IBM,I,1,299.85
2025-12-03,10:12:33.066762499,T,IBM,I,1,299.85
2025-12-03,10:12:33.084468595,T,IBM,I,1,299.85
2025-12-03,10:12:33.101699723,T,IBM,I,1,299.85
2025-12-03,10:12:33.118419490,T,IBM,I,1,299.85
2025-12-03,10:12:37.230763596,T,IBM,I,2,299.94
2025-12-03,10:12:41.621348705,T,IBM,F I,5,299.99
2025-12-03,10:12:45.209727826,T,IBM,F I,9,300.06
2025-12-03,10:12:45.210678091,T,IBM,F I,4,300.15
2025-12-03,10:12:45.210711178,T,IBM,F I,13,300.15
2025-12-03,10:12:45.210744156,T,IBM,I,13,300.15
2025-12-03,10:13:14.891039899,T,IBM,I,5,300.35
2025-12-03,10:13:17.018980740,T,IBM,I,10,300.27
2025-12-03,10:13:17.018980740,T,IBM,I,30,300.27
2025-12-03,10:13:17.019308603,T,IBM,F,65,300.27
2025-12-03,10:13:57.087179307,T,IBM,F I,27,300.22
2025-12-03,10:13:57.087940126,T,IBM,F,40,300.16
2025-12-03,10:13:57.088189689,T,IBM,F I,23,300.22
2025-12-03,10:13:57.088216915,T,IBM,F I,17,300.22
2025-12-03,10:13:57.088216915,T,IBM,I,1,300.22
2025-12-03,10:14:14.734733931,T,IBM,F I,1,300.23
2025-12-03,10:14:14.735395578,T,IBM,F I,4,300.27
2025-12-03,10:14:54.410230614,T,IBM,F I,20,300.2
2025-12-03,10:14:54.410384088,T,IBM,F I,20,300.17
2025-12-03,10:14:54.410384088,T,IBM,F,51,300.17
2025-12-03,10:14:54.410859134,T,IBM,I,28,300.15
2025-12-03,10:14:54.410880189,T,IBM,F I,26,300.14
2025-12-03,10:14:54.411120655,T,IBM,F I,26,300.14
2025-12-03,10:14:54.411228944,T,IBM,F I,28,300.14
2025-12-03,10:14:56.586827441,T,IBM,F I,26,300.13
2025-12-03,10:15:04.019601305,T,IBM,F I,1,300.18
2025-12-03,10:15:04.019607786,T,IBM,F I,4,300.18
2025-12-03,10:15:04.019607786,T,IBM,F I,1,300.18
2025-12-03,10:15:04.019616323,T,IBM,F I,4,300.18
2025-12-03,10:15:04.019658411,T,IBM,F I,35,300.18
2025-12-03,10:15:10.412716168,T,IBM,F,40,300.05
2025-12-03,10:15:10.412719293,T,IBM,F I,4,300.03
2025-12-03,10:15:10.412719293,T,IBM,F I,38,300.03
2025-12-03,10:15:10.665516013,T,IBM,I,1,300.02
2025-12-03,10:15:10.667708240,T,IBM,F I,3,300.0
2025-12-03,10:15:10.667711540,T,IBM,F,70,300.0
2025-12-03,10:15:10.667831524,T,IBM,F I,2,299.99
2025-12-03,10:15:10.667834581,T,IBM,F I,1,299.99
2025-12-03,10:15:10.673379797,T,IBM,I,26,299.99
2025-12-03,10:15:17.482116867,T,IBM,I,30,299.94
2025-12-03,10:15:17.560591688,T,IBM,F I,34,299.91
2025-12-03,10:15:17.560591688,T,IBM,F I,28,299.91
2025-12-03,10:15:17.560609778,T,IBM,F,42,299.91
2025-12-03,10:15:28.742511027,T,IBM,F,40,299.81
2025-12-03,10:15:28.822705995,T,IBM,I,5,299.85
2025-12-03,10:15:32.710556695,T,IBM,F I,28,299.71
2025-12-03,10:15:32.710559616,T,IBM,F I,29,299.71
2025-12-03,10:15:32.710574717,T,IBM,I,1,299.71
2025-12-03,10:15:32.710622765,T,IBM,I,30,299.71
2025-12-03,10:15:32.710622765,T,IBM,I,9,299.71
2025-12-03,10:15:32.710710045,T,IBM,F I,5,299.7
2025-12-03,10:15:32.710731004,T,IBM,F I,19,299.7
2025-12-03,10:15:34.793553089,T,IBM,F,40,299.69
2025-12-03,10:15:53.197690378,T,IBM,F,100,299.87
2025-12-03,10:15:53.197708447,T,IBM,F,43,299.89
2025-12-03,10:15:53.197732579,T,IBM,F,40,299.92
2025-12-03,10:15:53.197732579,T,IBM,F I,3,299.93
2025-12-03,10:15:53.197756559,T,IBM,F I,2,299.93
2025-12-03,10:15:53.197756559,T,IBM,F I,5,299.93
2025-12-03,10:15:53.197760094,T,IBM,F I,7,299.93
2025-12-03,10:15:53.197765637,T,IBM,F,250,299.94
2025-12-03,10:15:53.274036201,T,IBM,F I,30,299.94
2025-12-03,10:15:53.274234684,T,IBM,F I,20,300.04
2025-12-03,10:16:00.229264267,T,IBM,F,100,299.99
2025-12-03,10:16:00.229333333,T,IBM,F,40,299.96
2025-12-03,10:16:00.229360473,T,IBM,F,70,299.95
2025-12-03,10:16:00.229381556,T,IBM,I,27,300.04
2025-12-03,10:16:07.020358508,T,IBM,,40,299.98
2025-12-03,10:16:14.351259478,T,IBM,I,2,299.92
2025-12-03,10:16:14.351261972,T,IBM,,100,299.89
2025-12-03,10:16:14.351264944,T,IBM,,51,299.89
2025-12-03,10:16:19.658473589,T,IBM,F I,5,300.01
2025-12-03,10:16:19.658476599,T,IBM,F I,5,300.01
2025-12-03,10:16:19.658480180,T,IBM,F I,5,300.01
2025-12-03,10:16:19.658560878,T,IBM,F,40,300.02
2025-12-03,10:16:19.658564351,T,IBM,F,40,300.02
2025-12-03,10:16:19.659390795,T,IBM,F I,1,300.14
2025-12-03,10:16:19.659390795,T,IBM,F I,1,300.14
2025-12-03,10:16:25.836766591,T,IBM,F I,5,300.05
2025-12-03,10:16:25.836772171,T,IBM,F,100,300.03
2025-12-03,10:16:25.836772171,T,IBM,F,100,300.02
2025-12-03,10:16:25.836772171,T,IBM,F,100,300.02
2025-12-03,10:16:25.836775221,T,IBM,F,75,300.01
2025-12-03,10:16:25.836778430,T,IBM,F,40,300.01
2025-12-03,10:16:25.836781033,T,IBM,F,40,300.01
2025-12-03,10:16:25.836781033,T,IBM,F I,13,300.0
2025-12-03,10:16:25.836784538,T,IBM,F I,12,299.98
2025-12-03,10:16:25.836784538,T,IBM,F I,12,299.98
2025-12-03,10:16:25.836787066,T,IBM,F,91,299.95
2025-12-03,10:16:25.836871904,T,IBM,I,27,299.99
2025-12-03,10:16:25.918455503,T,IBM,F I,1,299.89
2025-12-03,10:16:25.998030913,T,IBM,F,40,299.84
2025-12-03,10:16:25.998030913,T,IBM,F I,20,299.83
2025-12-03,10:16:25.998034187,T,IBM,F,100,299.82
2025-12-03,10:16:25.998034187,T,IBM,F I,9,299.82
2025-12-03,10:16:25.998036981,T,IBM,F I,10,299.82
2025-12-03,10:16:25.998073256,T,IBM,F,100,299.83
2025-12-03,10:16:25.998112134,T,IBM,I,10,299.87
2025-12-03,10:16:25.998115264,T,IBM,I,15,299.88
2025-12-03,10:16:25.998118151,T,IBM,I,31,299.89
2025-12-03,10:16:26.020903305,T,IBM,,40,299.935
2025-12-03,10:16:26.020948759,T,IBM,I,29,299.935
2025-12-03,10:16:26.020948759,T,IBM,I,11,299.935
2025-12-03,10:16:26.301838128,T,IBM,F I,2,300.04
2025-12-03,10:16:32.765949077,T,IBM,F I,1,300.18
2025-12-03,10:16:32.765949077,T,IBM,F I,1,300.18
2025-12-03,10:17:05.043516141,T,IBM,I,5,300.41
2025-12-03,10:17:05.043780773,T,IBM,F I,5,300.41
2025-12-03,10:17:07.339969387,T,IBM,F I,8,300.515
2025-12-03,10:17:07.339972496,T,IBM,F I,11,300.515
2025-12-03,10:17:07.339975874,T,IBM,F I,1,300.515
2025-12-03,10:17:07.339996355,T,IBM,I,1,300.515
2025-12-03,10:17:07.340065452,T,IBM,I,4,300.49
2025-12-03,10:17:07.340420317,T,IBM,F I,8,300.49
2025-12-03,10:17:07.340489469,T,IBM,I,12,300.49
2025-12-03,10:17:07.340498547,T,IBM,I,2,300.42
2025-12-03,10:17:07.340517061,T,IBM,F I,1,300.42
2025-12-03,10:17:07.340519748,T,IBM,F,80,300.49
2025-12-03,10:17:07.340523030,T,IBM,F,240,300.49
2025-12-03,10:17:07.340525615,T,IBM,F,80,300.49
2025-12-03,10:17:07.340525615,T,IBM,F,40,300.49
2025-12-03,10:17:07.340528715,T,IBM,F I,35,300.49
2025-12-03,10:17:07.340540583,T,IBM,I,1,300.49
2025-12-03,10:17:07.340543558,T,IBM,I,1,300.49
2025-12-03,10:17:07.340546602,T,IBM,I,3,300.49
2025-12-03,10:17:13.291849624,T,IBM,F I,2,300.48
2025-12-03,10:17:30.369917781,T,IBM,F I,1,300.58
2025-12-03,10:17:30.418221781,T,IBM,I,20,300.67
2025-12-03,10:17:34.794462130,T,IBM,F I,10,300.68
2025-12-03,10:17:57.460448179,T,IBM,F,40,300.58
2025-12-03,10:17:57.460502306,T,IBM,F I,2,300.57
2025-12-03,10:17:57.460505347,T,IBM,F I,1,300.57
2025-12-03,10:17:57.463323003,T,IBM,F,80,300.55
2025-12-03,10:17:57.463323003,T,IBM,F I,20,300.55
2025-12-03,10:17:57.463344081,T,IBM,F,60,300.55
2025-12-03,10:18:28.599913809,T,IBM,F I,5,300.75
2025-12-03,10:18:28.599913809,T,IBM,F I,3,300.75
2025-12-03,10:18:31.567817376,T,IBM,I,16,300.77
2025-12-03,10:18:35.805472673,T,IBM,F I,1,300.77
2025-12-03,10:18:55.861506547,T,IBM,,44,300.78
2025-12-03,10:18:59.845183283,T,IBM,F I,1,300.82
2025-12-03,10:18:59.845186364,T,IBM,F I,1,300.82
2025-12-03,10:18:59.851666978,T,IBM,F I,1,300.87
2025-12-03,10:18:59.851666978,T,IBM,F I,5,300.88
2025-12-03,10:18:59.851666978,T,IBM,F I,5,300.88
2025-12-03,10:18:59.856300772,T,IBM,F I,24,300.91
2025-12-03,10:18:59.869402964,T,IBM,I,30,300.95
2025-12-03,10:18:59.869430029,T,IBM,F,70,300.97
2025-12-03,10:18:59.974358792,T,IBM,,40,300.97
2025-12-03,10:18:59.979774685,T,IBM,,40,300.97
2025-12-03,10:19:00.918089636,T,IBM,,40,300.97
2025-12-03,10:19:18.402984300,T,IBM,I,31,300.97
2025-12-03,10:19:27.313436973,T,IBM,F I,1,300.9
2025-12-03,10:19:27.313617452,T,IBM,F I,1,300.88
2025-12-03,10:19:27.314236939,T,IBM,F I,6,300.86
2025-12-03,10:19:27.314342112,T,IBM,F I,1,300.86
2025-12-03,10:19:27.314381269,T,IBM,F I,1,300.86
2025-12-03,10:19:27.316128345,T,IBM,F I,1,300.86
2025-12-03,10:19:32.625709709,T,IBM,F,45,300.875
2025-12-03,10:19:50.621616929,T,IBM,I,27,300.93
2025-12-03,10:19:50.622371766,T,IBM,F I,27,300.94
2025-12-03,10:20:11.725152222,T,IBM,F I,20,301.0
2025-12-03,10:20:11.725152222,T,IBM,F I,19,301.0
2025-12-03,10:20:11.725230449,T,IBM,I,1,301.0
2025-12-03,10:20:11.725236496,T,IBM,I,1,301.0
2025-12-03,10:20:11.725236496,T,IBM,I,22,301.01
2025-12-03,10:20:11.725236496,T,IBM,I,5,301.01
2025-12-03,10:20:11.725750749,T,IBM,F,125,301.04
2025-12-03,10:20:11.725864912,T,IBM,F I,20,301.04
2025-12-03,10:20:11.725889307,T,IBM,F I,15,301.04
2025-12-03,10:20:11.725889307,T,IBM,F I,5,301.06
2025-12-03,10:20:11.725913070,T,IBM,F I,15,301.06
2025-12-03,10:20:11.727275309,T,IBM,F I,8,301.11
2025-12-03,10:20:11.728021150,T,IBM,I,8,301.12
2025-12-03,10:20:11.729323146,T,IBM,I,15,301.085
2025-12-03,10:20:25.049395738,T,IBM,I,4,301.135
2025-12-03,10:20:28.704666621,T,IBM,F,100,301.1
2025-12-03,10:20:28.704669902,T,IBM,F I,30,301.07
2025-12-03,10:20:28.704673418,T,IBM,F,75,301.07
2025-12-03,10:20:28.704673418,T,IBM,F I,5,301.07
2025-12-03,10:20:28.704673418,T,IBM,F,40,301.05
2025-12-03,10:20:28.704675962,T,IBM,F I,2,301.05
2025-12-03,10:20:50.464391569,T,IBM,F,40,301.18
2025-12-03,10:20:50.464391569,T,IBM,F,40,301.18
2025-12-03,10:20:50.464395569,T,IBM,F I,19,301.18
2025-12-03,10:20:50.464395569,T,IBM,F I,6,301.18
2025-12-03,10:20:50.464397502,T,IBM,F,80,301.18
2025-12-03,10:20:50.464412455,T,IBM,F,40,301.18
2025-12-03,10:20:50.464869571,T,IBM,F I,32,301.24
2025-12-03,10:20:52.516792504,T,IBM,F I,12,301.23
2025-12-03,10:20:52.522247575,T,IBM,I,28,301.23
2025-12-03,10:20:52.525783942,T,IBM,F I,12,301.21
2025-12-03,10:20:52.526207981,T,IBM,F I,10,301.2
2025-12-03,10:20:52.526207981,T,IBM,F I,2,301.2
2025-12-03,10:20:59.555306897,T,IBM,I,35,301.23
2025-12-03,10:21:00.558768926,T,IBM,F,40,301.16
2025-12-03,10:21:00.559668035,T,IBM,I,19,301.19
2025-12-03,10:21:03.051953242,T,IBM,F I,35,301.29
2025-12-03,10:21:03.051977357,T,IBM,F I,3,301.3
2025-12-03,10:21:03.051986420,T,IBM,F I,1,301.3
2025-12-03,10:21:07.632469939,T,IBM,F I,16,301.38
2025-12-03,10:21:07.634259325,T,IBM,I,5,301.47
2025-12-03,10:21:07.634262143,T,IBM,I,34,301.48
2025-12-03,10:21:07.634590021,T,IBM,F I,6,301.49
2025-12-03,10:21:07.635158273,T,IBM,F I,6,301.52
2025-12-03,10:21:07.635622135,T,IBM,F I,20,301.54
2025-12-03,10:21:07.635622135,T,IBM,F I,3,301.55
2025-12-03,10:21:07.636776225,T,IBM,F I,1,301.55
2025-12-03,10:21:07.636797610,T,IBM,F I,39,301.55
2025-12-03,10:21:20.392679203,T,IBM,F I,9,301.43
2025-12-03,10:21:20.392681693,T,IBM,F,40,301.43
2025-12-03,10:21:20.392823042,T,IBM,F,40,301.42
2025-12-03,10:21:20.393183876,T,IBM,,40,301.365
2025-12-03,10:21:20.398103623,T,IBM,,40,301.365
2025-12-03,10:21:32.009144541,T,IBM,,83,301.5
2025-12-03,10:21:32.009144541,T,IBM,I,1,301.5
2025-12-03,10:21:33.977585719,T,IBM,F I,20,301.68
2025-12-03,10:21:33.977589655,T,IBM,F,53,301.69
2025-12-03,10:21:33.977589655,T,IBM,F I,20,301.69
2025-12-03,10:22:00.196385998,T,IBM,I,2,301.64
2025-12-03,10:22:00.683428906,T,IBM,F,40,301.52
2025-12-03,10:22:00.683428906,T,IBM,F I,1,301.52
2025-12-03,10:22:00.683431518,T,IBM,F I,1,301.52
2025-12-03,10:22:00.683431518,T,IBM,F I,13,301.52
2025-12-03,10:22:00.684069030,T,IBM,I,29,301.52
2025-12-03,10:22:00.684159362,T,IBM,,41,301.52
2025-12-03,10:22:00.700903130,T,IBM,F I,20,301.52
2025-12-03,10:22:00.700924116,T,IBM,I,1,301.52
2025-12-03,10:22:00.700924116,T,IBM,I,1,301.52
2025-12-03,10:22:00.701426364,T,IBM,F I,18,301.52
2025-12-03,10:22:00.701426364,T,IBM,F I,14,301.52
2025-12-03,10:22:06.248558165,T,IBM,I,20,301.4
2025-12-03,10:22:06.248579851,T,IBM,I,1,301.4
2025-12-03,10:22:06.248582802,T,IBM,I,20,301.4
2025-12-03,10:22:06.248591778,T,IBM,F,47,301.4
2025-12-03,10:22:06.248594210,T,IBM,I,17,301.4
2025-12-03,10:22:07.617898059,T,IBM,F I,1,301.43
2025-12-03,10:22:35.682811087,T,IBM,I,2,301.61
2025-12-03,10:22:40.518196638,T,IBM,I,20,301.61
2025-12-03,10:22:59.291770412,T,IBM,,40,301.58
2025-12-03,10:23:09.389187992,T,IBM,I,1,301.7
2025-12-03,10:23:09.389572964,T,IBM,F I,1,301.72
2025-12-03,10:23:09.389819477,T,IBM,F I,5,301.73
2025-12-03,10:23:15.830014485,T,IBM,F I,1,301.86
2025-12-03,10:23:55.978928849,T,IBM,F I,5,301.95
2025-12-03,10:23:55.978931885,T,IBM,F I,5,301.95
2025-12-03,10:23:55.980600892,T,IBM,F I,1,302.05
2025-12-03,10:24:12.580476858,T,IBM,F I,2,302.15
2025-12-03,10:24:26.000035511,T,IBM,F I,2,302.1
2025-12-03,10:24:26.000035511,T,IBM,F I,21,302.1
2025-12-03,10:24:26.000053548,T,IBM,I,2,302.1
2025-12-03,10:24:26.002321031,T,IBM,F I,1,302.07
2025-12-03,10:24:26.002321031,T,IBM,F,61,302.06
2025-12-03,10:24:26.002323996,T,IBM,F I,30,302.06
2025-12-03,10:24:31.093564627,T,IBM,I,3,302.15
2025-12-03,10:24:32.604893850,T,IBM,I,5,302.07
2025-12-03,10:24:32.604893850,T,IBM,I,2,302.06
2025-12-03,10:24:32.604896726,T,IBM,,73,302.06
2025-12-03,10:24:32.604935755,T,IBM,I,30,302.09
2025-12-03,10:24:32.604935755,T,IBM,,100,302.06
2025-12-03,10:24:32.604938694,T,IBM,I,6,302.05
2025-12-03,10:24:32.604956730,T,IBM,F,74,302.05
2025-12-03,10:24:32.605317627,T,IBM,I,14,302.09
2025-12-03,10:24:37.712201389,T,IBM,F I,1,302.12
2025-12-03,10:24:37.887314313,T,IBM,F,40,302.12
2025-12-03,10:24:37.887317304,T,IBM,F,40,302.14
2025-12-03,10:24:37.887320387,T,IBM,F I,24,302.15
2025-12-03,10:24:37.888580316,T,IBM,F,100,302.14
2025-12-03,10:24:37.888583379,T,IBM,F,100,302.15
2025-12-03,10:24:37.888590344,T,IBM,F I,2,302.16
2025-12-03,10:24:37.888590344,T,IBM,F I,5,302.17
2025-12-03,10:24:37.888590344,T,IBM,F,84,302.18
2025-12-03,10:24:37.888595754,T,IBM,F I,30,302.18
2025-12-03,10:24:37.888595754,T,IBM,F I,5,302.19
2025-12-03,10:24:37.888595754,T,IBM,F,80,302.19
2025-12-03,10:24:37.888598953,T,IBM,F,100,302.19
2025-12-03,10:24:37.888598953,T,IBM,F,40,302.19
2025-12-03,10:24:37.888601495,T,IBM,F,40,302.19
2025-12-03,10:24:37.888601495,T,IBM,F,40,302.19
2025-12-03,10:24:37.888607437,T,IBM,F,40,302.19
2025-12-03,10:24:37.888607437,T,IBM,F,40,302.19
2025-12-03,10:24:37.888610383,T,IBM,F,40,302.19
2025-12-03,10:24:37.888610383,T,IBM,F I,17,302.19
2025-12-03,10:24:37.888709641,T,IBM,F I,23,302.19
2025-12-03,10:24:37.888712915,T,IBM,F,40,302.19
2025-12-03,10:24:37.888712915,T,IBM,F I,37,302.19
2025-12-03,10:24:37.888712915,T,IBM,F I,3,302.19
2025-12-03,10:24:39.904928668,T,IBM,F I,2,302.18
2025-12-03,10:24:47.314132500,T,IBM,F I,8,302.13
2025-12-03,10:24:47.314135530,T,IBM,F I,1,302.13
2025-12-03,10:24:47.314138529,T,IBM,F I,6,302.12
2025-12-03,10:24:47.314177598,T,IBM,I,14,302.13
2025-12-03,10:24:47.314204621,T,IBM,I,26,302.13
2025-12-03,10:24:47.515970039,T,IBM,I,12,302.1
2025-12-03,10:24:47.516270734,T,IBM,F I,12,302.1
2025-12-03,10:24:47.516279731,T,IBM,F,56,302.1
2025-12-03,10:25:10.586642192,T,IBM,I,1,302.09
2025-12-03,10:25:14.499223805,T,IBM,F I,12,302.05
2025-12-03,10:25:14.499275163,T,IBM,I,10,302.04
2025-12-03,10:25:14.499275163,T,IBM,,40,302.04
2025-12-03,10:25:15.269233734,T,IBM,F I,5,302.03
2025-12-03,10:25:15.269233734,T,IBM,F I,8,302.03
2025-12-03,10:25:15.825471001,T,IBM,F I,23,301.97
2025-12-03,10:25:15.825570179,T,IBM,I,34,302.04
2025-12-03,10:25:15.826231883,T,IBM,F I,10,302.0
2025-12-03,10:25:15.826502342,T,IBM,F I,10,301.98
2025-12-03,10:25:15.826577516,T,IBM,I,16,302.03
2025-12-03,10:25:15.826646767,T,IBM,I,2,302.05
2025-12-03,10:25:15.826770025,T,IBM,F I,5,301.98
2025-12-03,10:25:15.826824135,T,IBM,,80,302.05
2025-12-03,10:25:15.826845248,T,IBM,I,1,302.05
2025-12-03,10:25:15.827449594,T,IBM,F I,10,301.99
2025-12-03,10:25:49.466911498,T,IBM,F I,9,302.22
2025-12-03,10:25:49.467269379,T,IBM,F I,1,302.23
2025-12-03,10:25:49.467272455,T,IBM,F I,8,302.23
2025-12-03,10:25:50.742677831,T,IBM,F I,1,302.3
2025-12-03,10:25:51.303684475,T,IBM,F I,20,302.33
2025-12-03,10:25:52.354100122,T,IBM,I,11,302.38
2025-12-03,10:25:52.354121169,T,IBM,F I,4,302.38
2025-12-03,10:25:52.354121169,T,IBM,F I,8,302.38
2025-12-03,10:25:53.328194435,T,IBM,F I,15,302.355
2025-12-03,10:25:53.328194435,T,IBM,F I,2,302.34
2025-12-03,10:25:53.328200083,T,IBM,F,100,302.33
2025-12-03,10:25:53.328203225,T,IBM,F,100,302.33
2025-12-03,10:25:53.328203225,T,IBM,F,100,302.32
2025-12-03,10:25:53.328206450,T,IBM,F,100,302.32
2025-12-03,10:25:53.328206450,T,IBM,F,100,302.32
2025-12-03,10:25:53.328209112,T,IBM,F,79,302.31
2025-12-03,10:25:53.328212147,T,IBM,F I,26,302.3
2025-12-03,10:25:53.334001140,T,IBM,,100,302.32
2025-12-03,10:25:53.334001140,T,IBM,I,8,302.31
2025-12-03,10:25:53.334004164,T,IBM,I,20,302.31
2025-12-03,10:25:53.334007804,T,IBM,I,20,302.31
2025-12-03,10:25:53.334007804,T,IBM,I,20,302.31
2025-12-03,10:25:53.334010049,T,IBM,,80,302.31
2025-12-03,10:25:53.334012942,T,IBM,I,31,302.31
2025-12-03,10:25:53.334021991,T,IBM,I,1,302.31
2025-12-03,10:25:53.334046103,T,IBM,,70,302.31
2025-12-03,10:25:53.334046103,T,IBM,I,29,302.31
2025-12-03,10:25:53.334049085,T,IBM,I,8,302.31
2025-12-03,10:26:17.211977890,T,IBM,F I,1,302.42
2025-12-03,10:26:25.555773854,T,IBM,F I,1,302.43
2025-12-03,10:26:25.555776787,T,IBM,F I,1,302.43
2025-12-03,10:26:25.555785819,T,IBM,F,50,302.43
2025-12-03,10:26:25.556113629,T,IBM,F I,1,302.46
2025-12-03,10:26:25.556627839,T,IBM,F I,5,302.48
2025-12-03,10:26:25.556627839,T,IBM,F I,5,302.48
2025-12-03,10:26:25.580754231,T,IBM,I,26,302.55
2025-12-03,10:26:35.583939881,T,IBM,I,1,302.46
2025-12-03,10:26:35.589451813,T,IBM,I,17,302.45
2025-12-03,10:27:17.002784071,T,IBM,I,1,302.57
2025-12-03,10:27:17.711234622,T,IBM,I,11,302.57
2025-12-03,10:27:19.349812014,T,IBM,I,22,302.57
2025-12-03,10:27:19.349841656,T,IBM,I,2,302.57
2025-12-03,10:27:19.349844671,T,IBM,,49,302.59
2025-12-03,10:27:19.349847770,T,IBM,I,3,302.59
2025-12-03,10:27:19.349853712,T,IBM,F I,2,302.59
2025-12-03,10:27:32.366029085,T,IBM,F,40,302.6
2025-12-03,10:27:47.509357514,T,IBM,F I,1,302.66
2025-12-03,10:27:47.509574000,T,IBM,F I,1,302.67
2025-12-03,10:27:47.514310569,T,IBM,F I,17,302.64
2025-12-03,10:27:47.514310569,T,IBM,F I,6,302.64
2025-12-03,10:27:47.514313294,T,IBM,F I,19,302.64
2025-12-03,10:27:47.514328300,T,IBM,F I,21,302.64
2025-12-03,10:27:47.514409815,T,IBM,F,51,302.63
2025-12-03,10:27:49.035099803,T,IBM,F I,2,302.62
2025-12-03,10:27:49.035102855,T,IBM,F I,20,302.63
2025-12-03,10:27:49.350343669,T,IBM,F I,10,302.56
2025-12-03,10:27:49.350343669,T,IBM,F I,15,302.55
2025-12-03,10:27:49.350346284,T,IBM,F I,30,302.55
2025-12-03,10:27:49.350361367,T,IBM,I,1,302.55
2025-12-03,10:27:49.350364397,T,IBM,I,9,302.55
2025-12-03,10:28:02.048186821,T,IBM,F,51,302.63
2025-12-03,10:28:02.048487597,T,IBM,F,40,302.64
2025-12-03,10:28:02.048487597,T,IBM,F I,11,302.64
2025-12-03,10:28:02.048490551,T,IBM,F I,1,302.64
2025-12-03,10:28:04.531718416,T,IBM,F I,1,302.69
2025-12-03,10:28:04.532515196,T,IBM,F I,5,302.75
2025-12-03,10:28:17.338911348,T,IBM,I,19,302.73
2025-12-03,10:28:17.970685500,T,IBM,F I,29,302.66
2025-12-03,10:28:22.916532680,T,IBM,I,22,302.68
2025-12-03,10:28:25.503177311,T,IBM,F I,10,302.7
2025-12-03,10:28:25.503179608,T,IBM,F I,8,302.7
2025-12-03,10:28:25.503197666,T,IBM,F I,8,302.7
2025-12-03,10:28:28.912549224,T,IBM,I,20,302.79
2025-12-03,10:28:28.912552230,T,IBM,I,4,302.79
2025-12-03,10:28:28.912552230,T,IBM,I,6,302.79
2025-12-03,10:28:28.912567293,T,IBM,I,1,302.79
2025-12-03,10:28:28.912570272,T,IBM,I,1,302.79
2025-12-03,10:28:28.912970434,T,IBM,F I,32,302.79
2025-12-03,10:28:28.912970434,T,IBM,F I,5,302.79
2025-12-03,10:28:50.969038822,T,IBM,I,21,302.63
2025-12-03,10:28:52.293996100,T,IBM,F,40,302.63
2025-12-03,10:28:52.294263787,T,IBM,F I,1,302.6
2025-12-03,10:28:52.301658378,T,IBM,F,80,302.58
2025-12-03,10:28:52.302115465,T,IBM,,40,302.55
2025-12-03,10:28:52.302115465,T,IBM,I,18,302.54
2025-12-03,10:29:11.510993869,T,IBM,F I,10,302.55
2025-12-03,10:29:11.510993869,T,IBM,F I,22,302.54
2025-12-03,10:29:11.510996664,T,IBM,F I,15,302.54
2025-12-03,10:29:11.510999710,T,IBM,F I,10,302.54
2025-12-03,10:29:11.511035745,T,IBM,F I,20,302.53
2025-12-03,10:29:11.511039027,T,IBM,F I,20,302.53
2025-12-03,10:29:11.511039027,T,IBM,F I,10,302.53
2025-12-03,10:29:11.511041813,T,IBM,F I,2,302.53
2025-12-03,10:29:11.511087690,T,IBM,F I,2,302.52
2025-12-03,10:29:11.511399659,T,IBM,F I,22,302.51
2025-12-03,10:29:11.511429796,T,IBM,I,8,302.51
2025-12-03,10:29:11.511429796,T,IBM,I,14,302.51
2025-12-03,10:29:11.511435995,T,IBM,F I,22,302.51
2025-12-03,10:29:11.511516960,T,IBM,I,30,302.54
2025-12-03,10:29:11.533261864,T,IBM,F I,4,302.51
2025-12-03,10:29:11.533261864,T,IBM,F I,18,302.5
2025-12-03,10:29:11.533282777,T,IBM,F I,4,302.5
2025-12-03,10:29:11.611099055,T,IBM,F,40,302.38
2025-12-03,10:29:11.612010153,T,IBM,F I,3,302.34
2025-12-03,10:29:11.612317275,T,IBM,I,20,302.33
2025-12-03,10:29:11.612317275,T,IBM,I,20,302.33
2025-12-03,10:29:15.627479253,T,IBM,I,14,302.32
2025-12-03,10:29:15.627482130,T,IBM,I,28,302.31
2025-12-03,10:29:15.627484804,T,IBM,I,19,302.31
2025-12-03,10:29:15.627484804,T,IBM,I,39,302.31
2025-12-03,10:29:15.627674257,T,IBM,I,1,302.31
2025-12-03,10:29:15.627677182,T,IBM,F I,13,302.31
2025-12-03,10:29:18.079916319,T,IBM,F I,19,302.28
2025-12-03,10:29:19.167972573,T,IBM,F,40,302.23
2025-12-03,10:29:19.168393617,T,IBM,F I,30,302.26
2025-12-03,10:29:19.168402533,T,IBM,,48,302.29
2025-12-03,10:29:19.168712322,T,IBM,I,13,302.3
2025-12-03,10:29:29.851479643,T,IBM,F I,5,302.28
2025-12-03,10:29:29.851482514,T,IBM,F I,6,302.31
2025-12-03,10:30:00.811081475,T,IBM,I,1,302.25
2025-12-03,10:30:04.284283996,T,IBM,F,80,302.25
2025-12-03,10:30:24.176878949,T,IBM,F,40,302.3
2025-12-03,10:30:36.377025455,T,IBM,F,40,302.3
2025-12-03,10:30:36.421471282,T,IBM,,40,302.3
2025-12-03,10:30:36.422869692,T,IBM,I,2,302.3
2025-12-03,10:30:43.550702838,T,IBM,,60,302.295
2025-12-03,10:30:43.550705830,T,IBM,I,20,302.295
2025-12-03,10:30:43.560310737,T,IBM,I,3,302.295
2025-12-03,10:30:46.705489470,T,IBM,,40,302.295
2025-12-03,10:31:09.300044082,T,IBM,F,100,302.34
2025-12-03,10:31:15.376923740,T,IBM,F I,10,302.39
2025-12-03,10:31:15.376926335,T,IBM,F,80,302.39
2025-12-03,10:31:15.376929203,T,IBM,F,40,302.39
2025-12-03,10:31:15.378489860,T,IBM,F I,20,302.44
2025-12-03,10:31:15.378661173,T,IBM,F I,5,302.44
2025-12-03,10:31:15.378745435,T,IBM,F I,4,302.44
2025-12-03,10:31:22.337879887,T,IBM,I,19,302.48
2025-12-03,10:31:26.491695824,T,IBM,I,4,302.46
2025-12-03,10:31:33.158690814,T,IBM,F I,20,302.49
2025-12-03,10:31:33.158922295,T,IBM,F,40,302.5
2025-12-03,10:31:34.181151928,T,IBM,F I,6,302.56
2025-12-03,10:31:36.861883910,T,IBM,F I,6,302.55
2025-12-03,10:31:55.073753425,T,IBM,F I,10,302.53
2025-12-03,10:32:00.069264007,T,IBM,F I,10,302.44
2025-12-03,10:32:00.069264007,T,IBM,F I,12,302.44
2025-12-03,10:32:00.115866511,T,IBM,I,23,302.4
2025-12-03,10:32:06.176265500,T,IBM,F I,8,302.5
2025-12-03,10:32:06.178313360,T,IBM,I,20,302.54
2025-12-03,10:32:06.178313360,T,IBM,I,26,302.54
2025-12-03,10:32:06.178362187,T,IBM,F,45,302.54
2025-12-03,10:32:06.178362187,T,IBM,F,40,302.55
2025-12-03,10:32:06.178364737,T,IBM,F I,6,302.55
2025-12-03,10:32:06.178367546,T,IBM,F I,9,302.55
2025-12-03,10:32:06.178385686,T,IBM,I,1,302.55
2025-12-03,10:32:06.178385686,T,IBM,I,1,302.55
2025-12-03,10:32:06.178406547,T,IBM,F,69,302.55
2025-12-03,10:32:07.974221755,T,IBM,,100,302.51
2025-12-03,10:32:07.974221755,T,IBM,I,20,302.51
2025-12-03,10:32:08.465381288,T,IBM,F I,23,302.5
2025-12-03,10:32:08.465381288,T,IBM,F,79,302.5
2025-12-03,10:32:09.504226043,T,IBM,,40,302.44
2025-12-03,10:32:09.504228217,T,IBM,I,26,302.44
2025-12-03,10:32:09.504231180,T,IBM,I,14,302.44
2025-12-03,10:32:09.504246281,T,IBM,I,1,302.44
2025-12-03,10:32:09.504267283,T,IBM,I,8,302.44
2025-12-03,10:32:59.877237339,T,IBM,F,75,302.53
2025-12-03,10:32:59.881128568,T,IBM,I,6,302.57
2025-12-03,10:32:59.882950896,T,IBM,I,12,302.57
2025-12-03,10:32:59.883943261,T,IBM,I,1,302.57
2025-12-03,10:32:59.884758215,T,IBM,I,4,302.57
2025-12-03,10:32:59.898419785,T,IBM,,42,302.55
2025-12-03,10:32:59.898503994,T,IBM,F I,6,302.55
2025-12-03,10:32:59.898858787,T,IBM,F I,32,302.55
2025-12-03,10:32:59.898879914,T,IBM,F I,8,302.55
2025-12-03,10:32:59.902335098,T,IBM,I,24,302.55
2025-12-03,10:32:59.902362180,T,IBM,F I,6,302.55
2025-12-03,10:32:59.948404780,T,IBM,I,5,302.58
2025-12-03,10:32:59.950741302,T,IBM,I,17,302.55
2025-12-03,10:33:01.291107365,T,IBM,F I,30,302.56
2025-12-03,10:33:01.291110395,T,IBM,F,40,302.57
2025-12-03,10:33:01.291113307,T,IBM,F I,10,302.58
2025-12-03,10:33:01.291140349,T,IBM,,70,302.58
2025-12-03,10:33:01.291161420,T,IBM,I,1,302.57
2025-12-03,10:33:01.291164513,T,IBM,I,1,302.57
2025-12-03,10:33:01.291167476,T,IBM,I,5,302.57
2025-12-03,10:33:01.291200584,T,IBM,F I,23,302.57
2025-12-03,10:33:01.291510279,T,IBM,F,80,302.58
2025-12-03,10:33:01.291627521,T,IBM,I,34,302.58
2025-12-03,10:33:02.287959502,T,IBM,F I,1,302.55
2025-12-03,10:33:02.303753050,T,IBM,I,11,302.57
2025-12-03,10:33:02.706919864,T,IBM,F I,1,302.58
2025-12-03,10:33:03.130890226,T,IBM,I,2,302.58
2025-12-03,10:33:03.153588294,T,IBM,F I,8,302.61
2025-12-03,10:33:03.153591221,T,IBM,F I,2,302.61
2025-12-03,10:33:03.153594267,T,IBM,F I,1,302.61
2025-12-03,10:33:03.430989637,T,IBM,F I,8,302.75
2025-12-03,10:33:03.435873227,T,IBM,I,1,302.71
2025-12-03,10:33:04.892394255,T,IBM,F I,5,302.62
2025-12-03,10:33:04.892394255,T,IBM,F I,5,302.61
2025-12-03,10:33:04.892399900,T,IBM,F,40,302.61
2025-12-03,10:33:04.892399900,T,IBM,F I,14,302.61
2025-12-03,10:33:04.892411827,T,IBM,F I,5,302.61
2025-12-03,10:33:04.892478065,T,IBM,F I,11,302.61
2025-12-03,10:33:08.214682028,T,IBM,I,10,302.66
2025-12-03,10:33:08.214685084,T,IBM,I,30,302.68
2025-12-03,10:33:11.121179421,T,IBM,F I,2,302.54
2025-12-03,10:33:16.328634662,T,IBM,F I,18,302.63
2025-12-03,10:33:24.566353307,T,IBM,F,40,302.55
2025-12-03,10:33:24.566353307,T,IBM,F I,11,302.54
2025-12-03,10:33:24.566355921,T,IBM,F I,15,302.53
2025-12-03,10:33:24.566358969,T,IBM,F I,8,302.52
2025-12-03,10:33:24.566358969,T,IBM,F,57,302.52
2025-12-03,10:33:24.681753121,T,IBM,F I,1,302.51
2025-12-03,10:33:24.681755902,T,IBM,F I,17,302.51
2025-12-03,10:33:24.681758692,T,IBM,F,73,302.51
2025-12-03,10:33:28.986233499,T,IBM,F,40,302.52
2025-12-03,10:33:28.986233499,T,IBM,F I,12,302.51
2025-12-03,10:33:29.610859297,T,IBM,F,40,302.51
2025-12-03,10:33:29.610916375,T,IBM,F I,33,302.5
2025-12-03,10:33:29.625753624,T,IBM,F I,3,302.48
2025-12-03,10:33:35.191710513,T,IBM,,40,302.53
2025-12-03,10:33:35.209130935,T,IBM,F I,7,302.54
2025-12-03,10:33:35.209134058,T,IBM,F I,7,302.54
2025-12-03,10:33:35.209142994,T,IBM,,86,302.54
2025-12-03,10:33:35.209449723,T,IBM,I,7,302.57
2025-12-03,10:34:21.438148049,T,IBM,F I,30,302.53
2025-12-03,10:34:21.438148049,T,IBM,F I,2,302.52
2025-12-03,10:34:21.438151073,T,IBM,F I,14,302.51
2025-12-03,10:34:21.439065208,T,IBM,F,46,302.51
2025-12-03,10:34:21.439083200,T,IBM,,40,302.51
2025-12-03,10:34:21.439086250,T,IBM,I,6,302.5
2025-12-03,10:34:22.882952553,T,IBM,I,17,302.58
2025-12-03,10:34:26.205851352,T,IBM,,40,302.59
2025-12-03,10:34:26.205977566,T,IBM,F I,5,302.6
2025-12-03,10:34:26.210443278,T,IBM,F I,2,302.58
2025-12-03,10:34:26.210443278,T,IBM,F,58,302.57
2025-12-03,10:34:26.211934816,T,IBM,F I,6,302.56
2025-12-03,10:34:26.948839325,T,IBM,F,42,302.56
2025-12-03,10:34:26.948839325,T,IBM,F I,9,302.55
2025-12-03,10:34:26.948890210,T,IBM,F I,1,302.55
2025-12-03,10:34:26.948893167,T,IBM,F I,36,302.55
2025-12-03,10:34:26.948893167,T,IBM,F I,5,302.55
2025-12-03,10:34:28.022533284,T,IBM,F I,5,302.53
2025-12-03,10:34:28.023003060,T,IBM,I,5,302.57
2025-12-03,10:34:28.023005391,T,IBM,I,9,302.58
2025-12-03,10:34:28.023200861,T,IBM,I,2,302.58
2025-12-03,10:34:29.395662221,T,IBM,F I,27,302.54
2025-12-03,10:34:39.164956622,T,IBM,F I,5,302.63
2025-12-03,10:34:42.823427323,T,IBM,F I,1,302.7
2025-12-03,10:34:42.837194079,T,IBM,F I,5,302.64
2025-12-03,10:34:43.089545798,T,IBM,F I,1,302.59
2025-12-03,10:34:43.089563867,T,IBM,F I,10,302.59
2025-12-03,10:34:43.089566846,T,IBM,F,100,302.59
2025-12-03,10:34:43.094841497,T,IBM,I,30,302.58
2025-12-03,10:34:43.094919673,T,IBM,I,10,302.58
2025-12-03,10:34:43.321214286,T,IBM,I,1,302.51
2025-12-03,10:34:43.321217340,T,IBM,I,5,302.51
2025-12-03,10:34:43.357390507,T,IBM,F I,10,302.46
2025-12-03,10:34:43.357390507,T,IBM,F I,2,302.46
2025-12-03,10:34:43.358061068,T,IBM,F,40,302.44
2025-12-03,10:34:43.385471347,T,IBM,F,80,302.42
2025-12-03,10:34:44.375136334,T,IBM,,40,302.51
2025-12-03,10:35:05.374374691,T,IBM,F I,4,302.7
2025-12-03,10:35:05.374393312,T,IBM,I,4,302.7
2025-12-03,10:35:05.375463313,T,IBM,I,1,302.73
2025-12-03,10:35:05.380644570,T,IBM,I,20,302.77
2025-12-03,10:35:26.648753114,T,IBM,I,30,302.71
2025-12-03,10:35:30.151110374,T,IBM,F I,10,302.63
2025-12-03,10:35:30.151110374,T,IBM,F I,5,302.63
2025-12-03,10:35:33.333424128,T,IBM,F I,5,302.6
2025-12-03,10:35:33.343576353,T,IBM,I,5,302.6
2025-12-03,10:35:42.944421803,T,IBM,I,9,302.6
2025-12-03,10:35:42.945510372,T,IBM,F I,30,302.59
2025-12-03,10:35:47.922003953,T,IBM,I,1,302.64
2025-12-03,10:35:47.922848771,T,IBM,I,16,302.68
2025-12-03,10:35:57.006489865,T,IBM,I,5,302.72
2025-12-03,10:36:24.618960932,T,IBM,F I,4,302.64
2025-12-03,10:36:24.619229105,T,IBM,F I,10,302.63
2025-12-03,10:36:24.619229105,T,IBM,F I,5,302.63
2025-12-03,10:36:24.619231560,T,IBM,F I,6,302.63
2025-12-03,10:36:25.539527475,T,IBM,F I,5,302.57
2025-12-03,10:36:25.548431604,T,IBM,I,6,302.53
2025-12-03,10:36:25.548431604,T,IBM,I,5,302.53
2025-12-03,10:36:25.549144329,T,IBM,F I,20,302.44
2025-12-03,10:36:25.549231586,T,IBM,F I,1,302.44
2025-12-03,10:36:25.549721752,T,IBM,F I,6,302.39
2025-12-03,10:36:25.549902347,T,IBM,F I,20,302.37
2025-12-03,10:36:25.549905205,T,IBM,F,160,302.37
2025-12-03,10:36:49.875118596,T,IBM,I,2,302.64
2025-12-03,10:36:49.875118596,T,IBM,I,2,302.64
2025-12-03,10:37:01.089834416,T,IBM,F I,10,302.57
2025-12-03,10:37:01.089834416,T,IBM,F I,5,302.57
2025-12-03,10:37:01.089837955,T,IBM,F,40,302.57
2025-12-03,10:37:01.090291480,T,IBM,,40,302.57
2025-12-03,10:37:01.095677360,T,IBM,,40,302.535
2025-12-03,10:37:04.396437388,T,IBM,,40,302.54
2025-12-03,10:37:04.396485507,T,IBM,I,4,302.54
2025-12-03,10:37:07.330477405,T,IBM,I,1,302.54
2025-12-03,10:37:27.997580848,T,IBM,F I,5,302.43
2025-12-03,10:37:27.997583982,T,IBM,F I,2,302.42
2025-12-03,10:37:27.997586966,T,IBM,F,40,302.42
2025-12-03,10:37:27.997586966,T,IBM,F I,20,302.4
2025-12-03,10:37:27.997589831,T,IBM,F I,13,302.4
2025-12-03,10:37:36.158297666,T,IBM,I,8,302.4
2025-12-03,10:37:36.158297666,T,IBM,I,5,302.4
2025-12-03,10:37:36.158330732,T,IBM,I,18,302.39
2025-12-03,10:37:36.158351846,T,IBM,F I,22,302.39
2025-12-03,10:37:36.160489914,T,IBM,F I,12,302.38
2025-12-03,10:37:36.285951622,T,IBM,I,5,302.32
2025-12-03,10:37:39.411078568,T,IBM,F I,2,302.34
2025-12-03,10:37:39.411078568,T,IBM,F I,10,302.36
2025-12-03,10:37:39.411099602,T,IBM,F I,12,302.36
2025-12-03,10:37:39.411099602,T,IBM,F I,2,302.36
2025-12-03,10:37:39.411102951,T,IBM,F I,14,302.36
2025-12-03,10:37:39.411105457,T,IBM,I,1,302.36
2025-12-03,10:37:39.411183702,T,IBM,I,10,302.32
2025-12-03,10:37:39.411246832,T,IBM,I,20,302.32
2025-12-03,10:37:43.213606989,T,IBM,F I,2,302.36
2025-12-03,10:37:43.213606989,T,IBM,F I,7,302.36
2025-12-03,10:37:43.213610641,T,IBM,F,100,302.36
2025-12-03,10:37:43.213613543,T,IBM,F I,5,302.36
2025-12-03,10:37:43.213613543,T,IBM,F I,18,302.36
2025-12-03,10:37:43.213627935,T,IBM,F,52,302.36
2025-12-03,10:37:43.213627935,T,IBM,F I,2,302.36
2025-12-03,10:37:43.214244517,T,IBM,,40,302.36
2025-12-03,10:37:43.214295612,T,IBM,F,40,302.355
2025-12-03,10:37:43.214298543,T,IBM,F I,30,302.35
2025-12-03,10:37:43.214316602,T,IBM,I,1,302.35
2025-12-03,10:37:43.214403843,T,IBM,F I,33,302.35
2025-12-03,10:37:43.214990246,T,IBM,F I,22,302.35
2025-12-03,10:37:44.885238581,T,IBM,F,78,302.35
2025-12-03,10:37:44.885241555,T,IBM,F,100,302.35
2025-12-03,10:37:44.885256612,T,IBM,I,1,302.35
2025-12-03,10:37:44.885259617,T,IBM,I,4,302.35
2025-12-03,10:38:00.757051074,T,IBM,F I,2,302.38
2025-12-03,10:38:00.757051074,T,IBM,F I,2,302.38
2025-12-03,10:38:08.091593186,T,IBM,F,80,302.46
2025-12-03,10:38:08.091596451,T,IBM,F I,5,302.46
2025-12-03,10:38:08.091596451,T,IBM,F I,2,302.46
2025-12-03,10:38:08.091611188,T,IBM,I,1,302.46
2025-12-03,10:38:12.155338608,T,IBM,F,100,302.5
2025-12-03,10:38:12.155338608,T,IBM,F,41,302.5
2025-12-03,10:38:12.155360041,T,IBM,F,59,302.5
2025-12-03,10:38:12.155363474,T,IBM,F,120,302.51
2025-12-03,10:38:12.155363474,T,IBM,F I,21,302.51
2025-12-03,10:38:12.155365683,T,IBM,F,50,302.51
2025-12-03,10:38:27.904958287,T,IBM,F I,14,302.5
2025-12-03,10:38:27.904979367,T,IBM,F,56,302.5
2025-12-03,10:38:27.904982367,T,IBM,F I,12,302.5
2025-12-03,10:38:27.905090638,T,IBM,F I,3,302.49
2025-12-03,10:38:27.905147915,T,IBM,F I,30,302.48
2025-12-03,10:38:31.487023149,T,IBM,I,11,302.36
2025-12-03,10:38:49.171972061,T,IBM,F I,11,302.35
2025-12-03,10:38:49.171972061,T,IBM,F I,18,302.35
2025-12-03,10:38:49.171978446,T,IBM,F I,5,302.35
2025-12-03,10:38:49.171978446,T,IBM,F I,1,302.35
2025-12-03,10:38:49.171978446,T,IBM,F,40,302.34
2025-12-03,10:38:49.173980835,T,IBM,I,12,302.31
2025-12-03,10:38:49.174681523,T,IBM,F,68,302.31
2025-12-03,10:38:49.187889018,T,IBM,F,40,302.31
2025-12-03,10:38:50.072667365,T,IBM,I,10,302.31
2025-12-03,10:38:56.272346785,T,IBM,F,40,302.31
2025-12-03,10:39:04.944642347,T,IBM,F I,5,302.35
2025-12-03,10:39:04.944642347,T,IBM,F I,11,302.35
2025-12-03,10:39:04.944644955,T,IBM,F I,2,302.35
2025-12-03,10:39:04.944648011,T,IBM,F,52,302.35
2025-12-03,10:39:04.944648011,T,IBM,F I,30,302.35
2025-12-03,10:39:18.025383789,T,IBM,F I,5,302.48
2025-12-03,10:39:18.025383789,T,IBM,F I,1,302.48
2025-12-03,10:39:18.025465619,T,IBM,F I,10,302.49
2025-12-03,10:39:18.025468513,T,IBM,F I,32,302.49
2025-12-03,10:39:18.026096462,T,IBM,F I,16,302.49
2025-12-03,10:39:18.295125923,T,IBM,I,30,302.51
2025-12-03,10:39:20.143782923,T,IBM,I,25,302.49
2025-12-03,10:39:20.143798320,T,IBM,I,1,302.49
2025-12-03,10:39:20.143800964,T,IBM,F,44,302.49
2025-12-03,10:39:44.062470289,T,IBM,F I,11,302.4
2025-12-03,10:39:44.062473276,T,IBM,F I,6,302.4
2025-12-03,10:39:44.694175122,T,IBM,,40,302.37
2025-12-03,10:39:59.606105731,T,IBM,,40,302.25
2025-12-03,10:39:59.606433423,T,IBM,F I,27,302.22
2025-12-03,10:39:59.606442512,T,IBM,F I,10,302.21
2025-12-03,10:39:59.606872506,T,IBM,F I,28,302.15
2025-12-03,10:39:59.606950675,T,IBM,I,2,302.15
2025-12-03,10:39:59.606989812,T,IBM,I,3,302.17
2025-12-03,10:39:59.607395774,T,IBM,F I,1,302.11
2025-12-03,10:39:59.607765644,T,IBM,F I,1,302.14
2025-12-03,10:39:59.620049843,T,IBM,F I,10,302.11
2025-12-03,10:39:59.620049843,T,IBM,F I,10,302.11
2025-12-03,10:40:11.644677592,T,IBM,I,20,302.22
2025-12-03,10:40:11.644680480,T,IBM,I,2,302.24
2025-12-03,10:40:11.644695587,T,IBM,I,20,302.24
2025-12-03,10:40:11.644707554,T,IBM,I,5,302.24
2025-12-03,10:40:27.938872644,T,IBM,F I,26,302.3
2025-12-03,10:40:28.043236674,T,IBM,F,40,302.21
2025-12-03,10:40:28.043236674,T,IBM,F I,4,302.2
2025-12-03,10:40:28.043239105,T,IBM,F,68,302.2
2025-12-03,10:40:32.988725679,T,IBM,F I,3,302.2
2025-12-03,10:40:32.988728774,T,IBM,F,100,302.2
2025-12-03,10:40:32.988731742,T,IBM,F,41,302.19
2025-12-03,10:40:33.838434520,T,IBM,F I,29,302.19
2025-12-03,10:40:33.838780324,T,IBM,,40,302.17
2025-12-03,10:40:33.841101893,T,IBM,I,7,302.16
2025-12-03,10:40:33.841131942,T,IBM,I,26,302.16
2025-12-03,10:40:50.208347983,T,IBM,F I,1,302.12
2025-12-03,10:40:50.208347983,T,IBM,F,40,302.12
2025-12-03,10:40:50.208350038,T,IBM,F I,19,302.12
2025-12-03,10:40:50.208365054,T,IBM,I,1,302.12
2025-12-03,10:41:03.250104078,T,IBM,F I,8,302.1
2025-12-03,10:41:03.250107118,T,IBM,F,40,302.1
2025-12-03,10:41:03.250480039,T,IBM,F I,23,302.09
2025-12-03,10:41:03.250837848,T,IBM,,40,302.08
2025-12-03,10:41:05.141390621,T,IBM,F,80,302.06
2025-12-03,10:41:05.141390621,T,IBM,F,45,302.06
2025-12-03,10:41:22.552204085,T,IBM,F I,1,302.14
2025-12-03,10:41:22.552207296,T,IBM,F,80,302.14
2025-12-03,10:41:22.552210137,T,IBM,F,40,302.14
2025-12-03,10:41:22.552210137,T,IBM,F I,5,302.14
2025-12-03,10:41:22.552225400,T,IBM,I,1,302.14
2025-12-03,10:41:22.552228184,T,IBM,I,2,302.14
2025-12-03,10:41:22.754167849,T,IBM,F I,1,302.18
2025-12-03,10:41:31.274020817,T,IBM,F I,1,302.2
2025-12-03,10:41:31.274035829,T,IBM,F I,6,302.22
2025-12-03,10:41:31.274056886,T,IBM,F I,34,302.22
2025-12-03,10:41:31.275199627,T,IBM,F,80,302.25
2025-12-03,10:41:31.417215731,T,IBM,F,80,302.25
2025-12-03,10:41:31.417218700,T,IBM,F,100,302.25
2025-12-03,10:41:31.417218700,T,IBM,F,45,302.25
2025-12-03,10:41:31.417233787,T,IBM,F I,4,302.25
2025-12-03,10:41:31.417296923,T,IBM,F I,21,302.27
2025-12-03,10:41:31.417657727,T,IBM,F I,8,302.31
2025-12-03,10:41:32.315995396,T,IBM,I,8,302.335
2025-12-03,10:41:33.513770884,T,IBM,F I,7,302.33
2025-12-03,10:41:33.513927337,T,IBM,I,7,302.33
2025-12-03,10:41:33.514234039,T,IBM,F I,30,302.33
2025-12-03,10:41:33.514234039,T,IBM,F I,7,302.34
2025-12-03,10:41:37.740065828,T,IBM,,45,302.33
2025-12-03,10:41:42.114348203,T,IBM,I,8,302.26
2025-12-03,10:41:42.114736156,T,IBM,F I,32,302.26
2025-12-03,10:41:42.114739175,T,IBM,F,40,302.26
2025-12-03,10:42:01.005709576,T,IBM,F I,16,302.22
2025-12-03,10:42:01.005709576,T,IBM,F,70,302.22
2025-12-03,10:42:01.404843490,T,IBM,I,6,302.26
2025-12-03,10:42:18.809230577,T,IBM,F I,30,302.29
2025-12-03,10:42:18.809871121,T,IBM,F I,10,302.35
2025-12-03,10:42:18.809874165,T,IBM,F I,5,302.35
2025-12-03,10:42:18.810544729,T,IBM,F,43,302.33
2025-12-03,10:42:18.810554206,T,IBM,F I,32,302.33
2025-12-03,10:42:18.810554206,T,IBM,F,75,302.32
2025-12-03,10:42:18.810559860,T,IBM,F,100,302.32
2025-12-03,10:42:18.810562831,T,IBM,F I,10,302.31
2025-12-03,10:42:18.810562831,T,IBM,F I,33,302.31
2025-12-03,10:42:18.821202138,T,IBM,,40,302.26
2025-12-03,10:42:27.257901210,T,IBM,,40,302.37
2025-12-03,10:42:27.257904218,T,IBM,I,10,302.37
2025-12-03,10:42:27.257904218,T,IBM,I,13,302.38
