DATE,TIME_M,EX,SYM_ROOT,TR_SCOND,SIZE,PRICE
2025-12-01,9:30:01.321813254,T,IBM,F I,2,305.86
2025-12-01,9:30:01.321831255,T,IBM,Q,2,305.86
2025-12-01,9:30:02.502210239,T,IBM,I,4,305.66
2025-12-01,9:30:02.621525243,T,IBM,I,4,305.66
2025-12-01,9:30:02.637454255,T,IBM,,70,305.54
2025-12-01,9:30:02.637487288,T,IBM,I,30,305.54
2025-12-01,9:30:02.637520357,T,IBM,,70,305.51
2025-12-01,9:30:02.637598575,T,IBM,,52,305.41
2025-12-01,9:30:02.637649662,T,IBM,,80,305.365
2025-12-01,9:30:03.410026333,T,IBM,F,62,305.52
2025-12-01,9:30:04.533073731,T,IBM,F I,19,305.51
2025-12-01,9:30:04.533080724,T,IBM,F,61,305.51
2025-12-01,9:30:04.533097951,T,IBM,,40,305.51
2025-12-01,9:30:04.533097951,T,IBM,I,4,305.51
2025-12-01,9:30:04.533103874,T,IBM,,100,305.51
2025-12-01,9:30:04.533103874,T,IBM,,1770,305.51
2025-12-01,9:30:04.533107087,T,IBM,,150,305.51
2025-12-01,9:30:04.533107087,T,IBM,,100,305.51
2025-12-01,9:30:04.533110248,T,IBM,I,6,305.51
2025-12-01,9:30:04.535167299,T,IBM,I,6,305.375
2025-12-01,9:30:04.535170061,T,IBM,I,15,305.375
2025-12-01,9:30:04.535172780,T,IBM,,139,305.375
2025-12-01,9:30:05.124263134,T,IBM,,160,305.55
2025-12-01,9:30:05.165313828,T,IBM,,100,305.55
2025-12-01,9:30:05.165389040,T,IBM,,40,305.55
2025-12-01,9:30:05.171463699,T,IBM,,100,305.55
2025-12-01,9:30:05.342405432,T,IBM,,100,305.55
2025-12-01,9:30:05.342462523,T,IBM,,48,305.55
2025-12-01,9:30:05.381176715,T,IBM,,160,305.55
2025-12-01,9:30:05.381224801,T,IBM,,89,305.55
2025-12-01,9:30:05.600145964,T,IBM,,160,305.55
2025-12-01,9:30:05.600197110,T,IBM,,102,305.55
2025-12-01,9:30:05.673466572,T,IBM,,40,305.55
2025-12-01,9:30:05.673899597,T,IBM,I,2,305.55
2025-12-01,9:30:05.871319505,T,IBM,,100,305.55
2025-12-01,9:30:05.871370686,T,IBM,,77,305.55
2025-12-01,9:30:07.171666240,T,IBM,I,7,305.55
2025-12-01,9:30:08.473305818,T,IBM,,250,305.55
2025-12-01,9:30:08.473362951,T,IBM,,138,305.55
2025-12-01,9:30:08.625588421,T,IBM,I,1,305.55
2025-12-01,9:30:12.641687934,T,IBM,,40,305.55
2025-12-01,9:30:13.937502717,T,IBM,I,1,305.55
2025-12-01,9:30:16.895214811,T,IBM,I,3,305.55
2025-12-01,9:30:17.991068504,T,IBM,I,1,305.55
2025-12-01,9:30:25.510090087,T,IBM,I,5,305.49
2025-12-01,9:30:25.510108152,T,IBM,I,5,305.52
2025-12-01,9:30:25.510111054,T,IBM,,70,305.52
2025-12-01,9:30:26.579447758,T,IBM,F,125,305.555
2025-12-01,9:30:26.579489868,T,IBM,,89,305.555
2025-12-01,9:30:28.226736209,T,IBM,,140,305.555
2025-12-01,9:30:28.228098490,T,IBM,,40,305.555
2025-12-01,9:30:30.825032722,T,IBM,F,125,305.555
2025-12-01,9:30:30.825080775,T,IBM,F,125,305.555
2025-12-01,9:30:30.825162048,T,IBM,F,125,305.555
2025-12-01,9:30:30.825270316,T,IBM,,125,305.555
2025-12-01,9:30:30.858297885,T,IBM,,230,305.555
2025-12-01,9:30:30.858328144,T,IBM,I,1,305.555
2025-12-01,9:30:30.858379107,T,IBM,F,125,305.555
2025-12-01,9:30:30.858577572,T,IBM,I,30,305.555
2025-12-01,9:30:30.859669202,T,IBM,F,125,305.555
2025-12-01,9:30:30.859699203,T,IBM,I,1,305.555
2025-12-01,9:30:30.859702183,T,IBM,I,30,305.555
2025-12-01,9:30:30.859705281,T,IBM,F,125,305.555
2025-12-01,9:30:30.859735364,T,IBM,F,125,305.555
2025-12-01,9:30:30.859768377,T,IBM,F,125,305.555
2025-12-01,9:30:30.859801433,T,IBM,F,125,305.555
2025-12-01,9:30:30.859834594,T,IBM,F,125,305.555
2025-12-01,9:30:30.859867581,T,IBM,F,125,305.555
2025-12-01,9:30:30.859900782,T,IBM,,125,305.555
2025-12-01,9:30:30.859945962,T,IBM,I,1,305.555
2025-12-01,9:30:30.859948837,T,IBM,I,1,305.555
2025-12-01,9:30:30.860132266,T,IBM,,100,305.56
2025-12-01,9:30:30.860228549,T,IBM,I,1,305.56
2025-12-01,9:30:30.860237907,T,IBM,,70,305.56
2025-12-01,9:30:30.860237907,T,IBM,F I,1,305.56
2025-12-01,9:30:30.860327675,T,IBM,I,1,305.63
2025-12-01,9:30:30.860375883,T,IBM,I,9,305.72
2025-12-01,9:30:30.860402862,T,IBM,F I,5,305.72
2025-12-01,9:30:30.860402862,T,IBM,F I,4,305.72
2025-12-01,9:30:30.860405870,T,IBM,F I,1,305.76
2025-12-01,9:30:30.860420931,T,IBM,F,189,305.76
2025-12-01,9:30:30.860469026,T,IBM,I,19,305.75
2025-12-01,9:30:30.860493629,T,IBM,I,1,305.78
2025-12-01,9:30:30.860496128,T,IBM,F,80,305.75
2025-12-01,9:30:30.860499477,T,IBM,I,1,305.75
2025-12-01,9:30:30.860514168,T,IBM,I,1,305.74
2025-12-01,9:30:30.860520162,T,IBM,I,1,305.74
2025-12-01,9:30:30.860535218,T,IBM,F I,1,305.74
2025-12-01,9:30:30.860544269,T,IBM,I,1,305.84
2025-12-01,9:30:30.860547218,T,IBM,I,1,305.84
2025-12-01,9:30:30.860592326,T,IBM,,40,305.74
2025-12-01,9:30:30.860676817,T,IBM,,70,305.64
2025-12-01,9:30:30.860676817,T,IBM,,100,305.64
2025-12-01,9:30:30.860679567,T,IBM,,80,305.57
2025-12-01,9:30:30.860703589,T,IBM,I,1,305.585
2025-12-01,9:30:30.860709627,T,IBM,I,1,305.585
2025-12-01,9:30:30.860715701,T,IBM,I,1,305.585
2025-12-01,9:30:30.860730725,T,IBM,,100,305.585
2025-12-01,9:30:30.860745695,T,IBM,I,1,305.585
2025-12-01,9:30:30.860814917,T,IBM,I,1,305.585
2025-12-01,9:30:30.860841912,T,IBM,I,30,305.585
2025-12-01,9:30:30.860866146,T,IBM,I,1,305.585
2025-12-01,9:30:30.860905138,T,IBM,I,1,305.585
2025-12-01,9:30:30.860953188,T,IBM,F I,8,305.585
2025-12-01,9:30:30.860974235,T,IBM,,50,305.56
2025-12-01,9:30:30.861091571,T,IBM,I,23,305.82
2025-12-01,9:30:30.861545984,T,IBM,I,1,305.88
2025-12-01,9:30:30.861545984,T,IBM,I,7,305.88
2025-12-01,9:30:30.861963566,T,IBM,F I,4,305.93
2025-12-01,9:30:30.861966661,T,IBM,F I,4,305.93
2025-12-01,9:30:31.470471145,T,IBM,F I,8,306.17
2025-12-01,9:30:31.470471145,T,IBM,F I,8,306.17
2025-12-01,9:30:31.478473216,T,IBM,I,5,306.0
2025-12-01,9:30:31.478473216,T,IBM,I,14,305.99
2025-12-01,9:30:31.478509239,T,IBM,,65,305.99
2025-12-01,9:30:51.783254275,T,IBM,,70,305.69
2025-12-01,9:30:51.783257330,T,IBM,,80,305.69
2025-12-01,9:31:01.767295497,T,IBM,,80,305.69
2025-12-01,9:31:01.767349130,T,IBM,F,194,305.68
2025-12-01,9:31:01.767367167,T,IBM,I,1,305.68
2025-12-01,9:31:01.767373110,T,IBM,F,40,305.68
2025-12-01,9:31:01.767391230,T,IBM,,71,305.68
2025-12-01,9:31:01.767409214,T,IBM,,229,305.68
2025-12-01,9:31:01.767442334,T,IBM,F,1265,305.68
2025-12-01,9:31:01.767442334,T,IBM,F I,2,305.68
2025-12-01,9:31:01.767484362,T,IBM,F I,8,305.67
2025-12-01,9:31:01.767610673,T,IBM,I,10,305.63
2025-12-01,9:31:32.823302475,T,IBM,,110,305.99
2025-12-01,9:31:32.823305499,T,IBM,,50,306.0
2025-12-01,9:31:45.849144354,T,IBM,I,5,306.13
2025-12-01,9:31:45.849168232,T,IBM,F,42,306.13
2025-12-01,9:31:45.849171178,T,IBM,F,69,306.18
2025-12-01,9:31:45.849192274,T,IBM,I,1,306.18
2025-12-01,9:31:45.849195955,T,IBM,F,40,306.18
2025-12-01,9:31:45.849195955,T,IBM,F I,1,306.18
2025-12-01,9:31:45.849216351,T,IBM,F,40,306.2
2025-12-01,9:31:45.852563258,T,IBM,F I,1,306.31
2025-12-01,9:32:01.831317579,T,IBM,,100,306.515
2025-12-01,9:32:08.748645713,T,IBM,I,2,306.71
2025-12-01,9:32:13.853222383,T,IBM,F,324,306.16
2025-12-01,9:32:13.853222383,T,IBM,F I,1,306.16
2025-12-01,9:32:13.853577137,T,IBM,I,30,306.2
2025-12-01,9:32:13.853580142,T,IBM,I,11,306.25
2025-12-01,9:32:13.853655527,T,IBM,,41,306.19
2025-12-01,9:32:13.853673395,T,IBM,F I,4,306.19
2025-12-01,9:32:13.853676373,T,IBM,F I,37,306.25
2025-12-01,9:32:13.853908108,T,IBM,F,47,306.16
2025-12-01,9:32:14.394898789,T,IBM,F I,6,305.94
2025-12-01,9:32:23.707389690,T,IBM,F I,27,305.9
2025-12-01,9:32:56.403480122,T,IBM,I,2,306.15
2025-12-01,9:33:05.923474094,T,IBM,,70,306.48
2025-12-01,9:33:28.804399990,T,IBM,,100,306.25
2025-12-01,9:34:09.901845539,T,IBM,I,1,306.25
2025-12-01,9:34:09.901848227,T,IBM,,40,306.25
2025-12-01,9:34:09.901851600,T,IBM,,62,306.25
2025-12-01,9:34:09.901866301,T,IBM,I,25,306.25
2025-12-01,9:34:09.901866301,T,IBM,I,5,306.25
2025-12-01,9:34:09.901869215,T,IBM,I,1,306.25
2025-12-01,9:34:11.606182405,T,IBM,I,6,306.14
2025-12-01,9:34:12.784423330,T,IBM,I,1,306.11
2025-12-01,9:34:12.784429399,T,IBM,,40,306.11
2025-12-01,9:34:12.784429399,T,IBM,I,28,306.11
2025-12-01,9:34:24.823438651,T,IBM,F I,1,305.91
2025-12-01,9:34:24.836177026,T,IBM,,100,305.925
2025-12-01,9:35:02.658426662,T,IBM,F,40,306.05
2025-12-01,9:35:02.658426662,T,IBM,F I,1,306.05
2025-12-01,9:35:02.658525626,T,IBM,F I,1,306.1
2025-12-01,9:35:02.661728316,T,IBM,I,11,306.12
2025-12-01,9:35:02.661728316,T,IBM,,47,306.1
2025-12-01,9:35:02.892996900,T,IBM,,58,306.09
2025-12-01,9:35:02.892996900,T,IBM,I,3,306.09
2025-12-01,9:35:02.893017897,T,IBM,,76,306.09
2025-12-01,9:35:05.847371183,T,IBM,F,110,305.85
2025-12-01,9:35:20.664573792,T,IBM,,80,305.7
2025-12-01,9:35:20.664670079,T,IBM,F,40,305.69
2025-12-01,9:35:20.664691131,T,IBM,I,1,305.69
2025-12-01,9:35:20.664712118,T,IBM,F,40,305.68
2025-12-01,9:35:20.664724142,T,IBM,F I,1,305.68
2025-12-01,9:35:20.664724142,T,IBM,F I,39,305.67
2025-12-01,9:35:20.664745998,T,IBM,F I,25,305.66
2025-12-01,9:35:20.664748248,T,IBM,F I,20,305.65
2025-12-01,9:35:20.664751177,T,IBM,I,36,305.79
2025-12-01,9:35:20.664784266,T,IBM,I,36,305.79
2025-12-01,9:35:20.664847834,T,IBM,I,10,305.675
2025-12-01,9:35:20.664847834,T,IBM,I,9,305.78
2025-12-01,9:35:20.664931696,T,IBM,I,15,305.75
2025-12-01,9:35:20.664994815,T,IBM,I,15,305.75
2025-12-01,9:35:23.014391666,T,IBM,F I,35,305.78
2025-12-01,9:35:23.014496841,T,IBM,F I,1,305.84
2025-12-01,9:35:23.014554003,T,IBM,F I,1,305.84
2025-12-01,9:35:23.929358680,T,IBM,I,3,305.91
2025-12-01,9:35:40.666888090,T,IBM,I,20,306.17
2025-12-01,9:35:40.666897163,T,IBM,,40,306.18
2025-12-01,9:35:40.666900059,T,IBM,I,20,306.18
2025-12-01,9:35:40.666900059,T,IBM,F I,20,306.18
2025-12-01,9:35:41.343658238,T,IBM,,100,306.06
2025-12-01,9:35:41.343721376,T,IBM,F,100,306.06
2025-12-01,9:35:47.634237114,T,IBM,,80,305.96
2025-12-01,9:35:47.635250600,T,IBM,F I,1,305.86
2025-12-01,9:35:47.635298695,T,IBM,,40,305.85
2025-12-01,9:35:47.635323482,T,IBM,I,1,305.85
2025-12-01,9:35:47.635325705,T,IBM,F I,39,305.85
2025-12-01,9:35:56.467167533,T,IBM,I,1,305.92
2025-12-01,9:36:09.760898641,T,IBM,F I,8,305.97
2025-12-01,9:36:09.761184388,T,IBM,F,40,305.91
2025-12-01,9:36:09.761184388,T,IBM,F,80,305.91
2025-12-01,9:36:09.761187913,T,IBM,F I,1,305.9
2025-12-01,9:36:09.761190231,T,IBM,F,40,305.9
2025-12-01,9:36:48.479317376,T,IBM,F,100,305.83
2025-12-01,9:36:49.097369722,T,IBM,I,7,305.99
2025-12-01,9:36:49.097811786,T,IBM,I,7,305.99
2025-12-01,9:36:49.098611677,T,IBM,I,7,306.0
2025-12-01,9:36:49.417093920,T,IBM,I,30,306.04
2025-12-01,9:36:49.417180944,T,IBM,,40,305.97
2025-12-01,9:36:49.417259139,T,IBM,F I,19,306.04
2025-12-01,9:36:49.417262149,T,IBM,I,19,306.04
2025-12-01,9:36:49.417274183,T,IBM,F I,19,306.04
2025-12-01,9:36:49.417274183,T,IBM,F I,2,306.04
2025-12-01,9:36:49.418398867,T,IBM,F,100,306.01
2025-12-01,9:37:31.554108149,T,IBM,F I,1,305.9
2025-12-01,9:37:31.554108149,T,IBM,F,50,305.9
2025-12-01,9:37:35.424946529,T,IBM,I,2,305.77
2025-12-01,9:37:36.273918733,T,IBM,,80,305.76
2025-12-01,9:37:36.273918733,T,IBM,I,20,305.76
2025-12-01,9:37:46.678798681,T,IBM,I,3,305.79
2025-12-01,9:37:47.613757329,T,IBM,I,7,305.79
2025-12-01,9:37:47.614091097,T,IBM,F I,7,305.7
2025-12-01,9:37:47.614999283,T,IBM,I,7,305.7
2025-12-01,9:37:48.615270594,T,IBM,F,40,305.83
2025-12-01,9:37:48.615273532,T,IBM,F I,10,305.83
2025-12-01,9:37:48.615854170,T,IBM,F I,10,305.83
2025-12-01,9:37:48.615854170,T,IBM,F I,10,305.84
2025-12-01,9:37:48.615860014,T,IBM,F I,30,305.84
2025-12-01,9:37:48.615869026,T,IBM,I,10,305.84
2025-12-01,9:37:50.593012722,T,IBM,F,40,305.93
2025-12-01,9:37:50.593042753,T,IBM,,40,305.93
2025-12-01,9:37:50.593063838,T,IBM,F I,4,305.94
2025-12-01,9:37:50.593069837,T,IBM,F I,1,305.94
2025-12-01,9:37:50.593069837,T,IBM,F,40,305.94
2025-12-01,9:37:50.596464990,T,IBM,,100,306.03
2025-12-01,9:37:50.596467952,T,IBM,,45,306.03
2025-12-01,9:37:50.596467952,T,IBM,I,30,306.03
2025-12-01,9:37:50.596494939,T,IBM,F,75,306.03
2025-12-01,9:37:57.208752653,T,IBM,F,100,306.01
2025-12-01,9:38:04.535472359,T,IBM,F,100,306.0
2025-12-01,9:38:11.773811653,T,IBM,F I,1,306.12
2025-12-01,9:38:11.774112250,T,IBM,F I,1,306.12
2025-12-01,9:38:17.211220467,T,IBM,I,1,306.085
2025-12-01,9:38:20.907995747,T,IBM,F I,1,306.11
2025-12-01,9:38:48.588788914,T,IBM,F I,31,306.01
2025-12-01,9:38:48.588788914,T,IBM,F I,1,306.01
2025-12-01,9:38:48.588791923,T,IBM,F I,10,306.01
2025-12-01,9:38:48.588794889,T,IBM,F I,22,306.01
2025-12-01,9:38:48.588797954,T,IBM,F I,32,306.01
2025-12-01,9:38:48.588806866,T,IBM,F I,1,306.01
2025-12-01,9:38:48.588810349,T,IBM,I,1,306.01
2025-12-01,9:38:48.588810349,T,IBM,I,1,306.01
2025-12-01,9:38:48.588815957,T,IBM,F,43,306.01
2025-12-01,9:38:48.644812270,T,IBM,,45,305.975
2025-12-01,9:38:53.263128494,T,IBM,I,3,305.86
2025-12-01,9:38:53.263447223,T,IBM,F I,22,305.85
2025-12-01,9:39:00.068250267,T,IBM,F,43,305.72
2025-12-01,9:39:00.068253285,T,IBM,F,300,305.7
2025-12-01,9:39:00.068749605,T,IBM,F I,1,305.66
2025-12-01,9:39:00.383791467,T,IBM,F I,30,305.54
2025-12-01,9:39:00.398785143,T,IBM,,40,305.465
2025-12-01,9:39:00.603121646,T,IBM,,40,305.46
2025-12-01,9:39:00.621068301,T,IBM,,40,305.46
2025-12-01,9:39:07.126066778,T,IBM,I,13,305.35
2025-12-01,9:39:07.126069820,T,IBM,,46,305.35
2025-12-01,9:39:07.126599076,T,IBM,F I,37,305.35
2025-12-01,9:39:07.397980339,T,IBM,F,45,305.23
2025-12-01,9:39:07.397980339,T,IBM,F I,3,305.23
2025-12-01,9:39:07.398019165,T,IBM,,40,305.25
2025-12-01,9:39:09.851478790,T,IBM,I,2,305.18
2025-12-01,9:39:10.679316832,T,IBM,F I,36,305.18
2025-12-01,9:39:10.734675361,T,IBM,F I,35,305.26
2025-12-01,9:39:10.734720704,T,IBM,,100,305.23
2025-12-01,9:39:10.734723405,T,IBM,,60,305.22
2025-12-01,9:39:10.734729410,T,IBM,F I,5,305.26
2025-12-01,9:39:10.734991578,T,IBM,I,35,305.31
2025-12-01,9:39:10.735240685,T,IBM,I,25,305.31
2025-12-01,9:39:10.735261665,T,IBM,F I,20,305.31
2025-12-01,9:39:11.736841019,T,IBM,,40,305.345
2025-12-01,9:39:14.569855129,T,IBM,,40,305.325
2025-12-01,9:39:14.571987235,T,IBM,F,45,305.4
2025-12-01,9:39:14.572008537,T,IBM,I,30,305.4
2025-12-01,9:39:14.572008537,T,IBM,I,1,305.4
2025-12-01,9:39:14.572011249,T,IBM,I,1,305.4
2025-12-01,9:39:14.859988798,T,IBM,F I,25,305.51
2025-12-01,9:39:16.867053737,T,IBM,F I,1,305.56
2025-12-01,9:39:16.965941096,T,IBM,F,100,305.48
2025-12-01,9:39:22.168521088,T,IBM,,40,305.56
2025-12-01,9:39:44.124378824,T,IBM,,40,305.56
2025-12-01,9:39:44.230492425,T,IBM,,40,305.565
2025-12-01,9:39:46.698927594,T,IBM,F I,4,305.56
2025-12-01,9:39:47.679592059,T,IBM,F I,1,305.57
2025-12-01,9:39:53.331381339,T,IBM,F I,1,305.7
2025-12-01,9:39:53.331450599,T,IBM,F I,1,305.7
2025-12-01,9:39:53.331501713,T,IBM,F I,1,305.7
2025-12-01,9:39:53.331567900,T,IBM,F I,1,305.7
2025-12-01,9:39:53.331633947,T,IBM,F I,1,305.7
2025-12-01,9:39:53.331700106,T,IBM,F I,1,305.7
2025-12-01,9:39:58.242483930,T,IBM,F I,1,305.53
2025-12-01,9:39:58.242486561,T,IBM,F I,1,305.53
2025-12-01,9:39:58.249902540,T,IBM,,80,305.52
2025-12-01,9:39:58.249902540,T,IBM,,146,305.52
2025-12-01,9:39:58.257910221,T,IBM,,40,305.56
2025-12-01,9:40:00.402892281,T,IBM,,40,305.56
2025-12-01,9:40:00.920628811,T,IBM,,40,305.56
2025-12-01,9:40:02.108315113,T,IBM,F I,20,305.57
2025-12-01,9:40:02.109334500,T,IBM,F I,1,305.71
2025-12-01,9:40:02.109830654,T,IBM,F I,13,305.75
2025-12-01,9:40:02.109830654,T,IBM,F I,13,305.75
2025-12-01,9:40:02.109851792,T,IBM,F I,13,305.75
2025-12-01,9:40:02.109947996,T,IBM,F I,12,305.76
2025-12-01,9:40:02.109950944,T,IBM,F I,1,305.76
2025-12-01,9:40:03.112585748,T,IBM,,40,305.67
2025-12-01,9:40:04.320706514,T,IBM,F,55,305.82
2025-12-01,9:40:04.320706514,T,IBM,F I,25,305.82
2025-12-01,9:40:04.320709486,T,IBM,F I,20,305.82
2025-12-01,9:40:04.320709486,T,IBM,F I,10,305.83
2025-12-01,9:40:04.320711799,T,IBM,F,45,305.83
2025-12-01,9:40:05.582106574,T,IBM,,40,305.78
2025-12-01,9:40:17.213732996,T,IBM,F I,1,305.74
2025-12-01,9:40:17.474261197,T,IBM,F,48,305.67
2025-12-01,9:40:17.474273254,T,IBM,F I,10,305.67
2025-12-01,9:40:17.475359095,T,IBM,I,31,305.58
2025-12-01,9:40:17.475359095,T,IBM,,40,305.58
2025-12-01,9:40:17.475385921,T,IBM,F I,29,305.58
2025-12-01,9:40:22.084644492,T,IBM,F,44,305.37
2025-12-01,9:40:22.084647427,T,IBM,F I,1,305.37
2025-12-01,9:40:22.087889121,T,IBM,,40,305.33
2025-12-01,9:40:24.546590200,T,IBM,,40,305.325
2025-12-01,9:40:24.647206717,T,IBM,,40,305.325
2025-12-01,9:40:24.690458676,T,IBM,,40,305.325
2025-12-01,9:40:31.022136786,T,IBM,I,20,305.325
2025-12-01,9:40:37.619626164,T,IBM,I,8,305.45
2025-12-01,9:40:38.930858593,T,IBM,I,1,305.49
2025-12-01,9:40:40.834970393,T,IBM,I,25,305.34
2025-12-01,9:40:40.834982486,T,IBM,F I,25,305.32
2025-12-01,9:40:40.927506673,T,IBM,I,23,305.31
2025-12-01,9:40:40.946033792,T,IBM,I,2,305.31
2025-12-01,9:40:41.023404972,T,IBM,F,75,305.31
2025-12-01,9:40:41.023408007,T,IBM,F,50,305.31
2025-12-01,9:40:41.023459134,T,IBM,F,50,305.31
2025-12-01,9:40:41.023561514,T,IBM,F I,25,305.32
2025-12-01,9:40:41.023561514,T,IBM,F I,1,305.32
2025-12-01,9:40:41.042482464,T,IBM,I,1,305.4
2025-12-01,9:40:41.060483305,T,IBM,I,10,305.41
2025-12-01,9:40:41.843742866,T,IBM,,40,305.35
2025-12-01,9:40:49.044215877,T,IBM,F,40,305.33
2025-12-01,9:40:49.044215877,T,IBM,F I,5,305.33
2025-12-01,9:40:49.044218763,T,IBM,F I,26,305.33
2025-12-01,9:40:50.472423721,T,IBM,I,1,305.295
2025-12-01,9:41:04.689689374,T,IBM,I,1,305.22
2025-12-01,9:41:04.689689374,T,IBM,I,39,305.22
2025-12-01,9:41:09.910173963,T,IBM,F I,1,305.11
2025-12-01,9:41:09.912176720,T,IBM,I,34,305.05
2025-12-01,9:41:09.912198411,T,IBM,I,1,305.05
2025-12-01,9:41:09.912200834,T,IBM,F I,5,305.05
2025-12-01,9:41:09.939884691,T,IBM,F I,3,305.01
2025-12-01,9:41:09.939890994,T,IBM,F,50,305.0
2025-12-01,9:41:38.482286139,T,IBM,I,5,304.97
2025-12-01,9:41:38.682442561,T,IBM,I,5,304.97
2025-12-01,9:41:42.951161370,T,IBM,I,5,304.97
2025-12-01,9:41:46.039618974,T,IBM,I,2,305.03
2025-12-01,9:41:46.039621818,T,IBM,I,1,305.03
2025-12-01,9:41:46.039627475,T,IBM,I,9,305.05
2025-12-01,9:41:46.039633757,T,IBM,,40,305.07
2025-12-01,9:41:46.039636838,T,IBM,,40,305.07
2025-12-01,9:41:46.039636838,T,IBM,I,30,305.07
2025-12-01,9:41:46.039696727,T,IBM,I,1,305.07
2025-12-01,9:41:46.039702673,T,IBM,I,9,305.07
2025-12-01,9:41:46.039705755,T,IBM,I,2,305.07
2025-12-01,9:41:46.040277055,T,IBM,F I,9,305.07
2025-12-01,9:41:46.043094840,T,IBM,I,1,305.07
2025-12-01,9:41:46.043215027,T,IBM,I,4,305.03
2025-12-01,9:41:48.005446158,T,IBM,I,5,305.07
2025-12-01,9:41:55.006739924,T,IBM,F I,5,305.12
2025-12-01,9:42:06.438913480,T,IBM,I,35,305.07
2025-12-01,9:42:13.925956857,T,IBM,F,80,305.22
2025-12-01,9:42:13.925959866,T,IBM,F I,20,305.22
2025-12-01,9:42:13.925962832,T,IBM,F I,2,305.23
2025-12-01,9:42:13.925962832,T,IBM,F I,10,305.23
2025-12-01,9:42:13.926044311,T,IBM,F I,25,305.23
2025-12-01,9:42:13.926140402,T,IBM,I,1,305.23
2025-12-01,9:42:13.926140402,T,IBM,F I,5,305.23
2025-12-01,9:42:13.926438001,T,IBM,F I,38,305.23
2025-12-01,9:42:13.926576338,T,IBM,I,31,305.23
2025-12-01,9:42:13.926660502,T,IBM,F,100,305.23
2025-12-01,9:42:13.929141455,T,IBM,F,100,305.1
2025-12-01,9:42:13.929141455,T,IBM,F I,25,305.09
2025-12-01,9:42:13.929147409,T,IBM,,40,305.09
2025-12-01,9:42:13.929201905,T,IBM,F I,35,305.09
2025-12-01,9:42:26.109721945,T,IBM,F,40,305.05
2025-12-01,9:42:31.877398352,T,IBM,F,40,304.92
2025-12-01,9:42:31.877401137,T,IBM,F I,1,304.92
2025-12-01,9:42:31.877401137,T,IBM,F I,10,304.92
2025-12-01,9:42:31.877440774,T,IBM,I,10,304.95
2025-12-01,9:42:31.877440774,T,IBM,I,5,304.99
2025-12-01,9:42:31.877467255,T,IBM,I,25,305.0
2025-12-01,9:42:31.877470348,T,IBM,,70,305.0
2025-12-01,9:42:31.877567203,T,IBM,,73,304.96
2025-12-01,9:42:31.877569507,T,IBM,I,27,304.96
2025-12-01,9:42:31.877596602,T,IBM,F I,4,304.99
2025-12-01,9:42:31.877653808,T,IBM,I,18,304.97
2025-12-01,9:42:31.877653808,T,IBM,I,22,304.97
2025-12-01,9:42:31.877798147,T,IBM,F,40,304.97
2025-12-01,9:42:31.878131965,T,IBM,,40,305.01
2025-12-01,9:42:35.861997752,T,IBM,I,4,304.87
2025-12-01,9:42:35.862000675,T,IBM,I,4,304.87
2025-12-01,9:42:35.862578809,T,IBM,F I,1,304.85
2025-12-01,9:42:35.863233622,T,IBM,F I,1,304.82
2025-12-01,9:42:35.864574803,T,IBM,I,5,304.845
2025-12-01,9:42:35.864574803,T,IBM,I,3,304.85
2025-12-01,9:42:42.074646436,T,IBM,F I,23,304.75
2025-12-01,9:42:42.074649168,T,IBM,F I,3,304.75
2025-12-01,9:42:47.788623411,T,IBM,I,5,304.62
2025-12-01,9:42:47.788698625,T,IBM,,80,304.72
2025-12-01,9:42:47.788701589,T,IBM,,40,304.72
2025-12-01,9:42:47.788704644,T,IBM,I,1,304.72
2025-12-01,9:42:47.788704644,T,IBM,I,25,304.72
2025-12-01,9:42:53.813970928,T,IBM,F I,39,304.93
2025-12-01,9:43:28.019684999,T,IBM,I,10,304.75
2025-12-01,9:43:28.019687921,T,IBM,I,1,304.75
2025-12-01,9:43:28.019690762,T,IBM,F I,11,304.75
2025-12-01,9:43:28.019693727,T,IBM,F I,11,304.75
2025-12-01,9:43:33.645780800,T,IBM,I,1,304.72
2025-12-01,9:43:43.324952498,T,IBM,I,10,304.78
2025-12-01,9:43:51.294431213,T,IBM,F,40,304.87
2025-12-01,9:43:51.294434284,T,IBM,F I,30,304.88
2025-12-01,9:43:51.294446234,T,IBM,I,1,304.88
2025-12-01,9:43:51.294458258,T,IBM,I,39,304.88
2025-12-01,9:44:04.844053672,T,IBM,F,125,304.785
2025-12-01,9:44:04.844098808,T,IBM,F,125,304.785
2025-12-01,9:44:04.871785726,T,IBM,F I,10,304.91
2025-12-01,9:44:08.810505000,T,IBM,F,80,304.98
2025-12-01,9:44:09.612553338,T,IBM,F I,12,305.03
2025-12-01,9:44:09.612610524,T,IBM,I,28,305.03
2025-12-01,9:44:09.612613441,T,IBM,,70,305.03
2025-12-01,9:44:09.613594628,T,IBM,F I,6,305.09
2025-12-01,9:44:09.613596857,T,IBM,F I,5,305.09
2025-12-01,9:44:09.620411059,T,IBM,I,7,305.14
2025-12-01,9:44:49.173286605,T,IBM,I,7,305.02
2025-12-01,9:44:49.173340699,T,IBM,I,10,305.02
2025-12-01,9:44:49.297987410,T,IBM,F I,1,305.02
2025-12-01,9:44:49.297991162,T,IBM,F I,3,305.01
2025-12-01,9:44:49.297993473,T,IBM,F,40,305.01
2025-12-01,9:44:49.297996406,T,IBM,F,80,305.01
2025-12-01,9:44:49.297996406,T,IBM,F I,25,305.0
2025-12-01,9:44:51.450078570,T,IBM,F I,3,304.89
2025-12-01,9:44:52.371625377,T,IBM,F I,30,304.84
2025-12-01,9:44:55.920168790,T,IBM,F I,1,304.85
2025-12-01,9:44:55.920445383,T,IBM,F,40,304.83
2025-12-01,9:44:55.920734108,T,IBM,F,40,304.81
2025-12-01,9:45:02.437845328,T,IBM,I,24,304.72
2025-12-01,9:45:13.728183366,T,IBM,I,30,304.67
2025-12-01,9:45:19.389815319,T,IBM,I,8,304.55
2025-12-01,9:45:19.390146081,T,IBM,F,100,304.51
2025-12-01,9:45:19.390149097,T,IBM,F I,1,304.5
2025-12-01,9:45:19.390227301,T,IBM,F I,23,304.48
2025-12-01,9:45:19.440816695,T,IBM,,70,304.49
2025-12-01,9:45:19.440903941,T,IBM,,70,304.5
2025-12-01,9:45:26.615644802,T,IBM,F,70,304.51
2025-12-01,9:45:26.615647910,T,IBM,F I,1,304.51
2025-12-01,9:45:26.692363365,T,IBM,I,1,304.48
2025-12-01,9:45:34.286073823,T,IBM,I,1,304.505
2025-12-01,9:45:39.995865414,T,IBM,I,11,304.45
2025-12-01,9:45:40.250932698,T,IBM,F,100,304.49
2025-12-01,9:45:40.250980749,T,IBM,F,40,304.5
2025-12-01,9:45:40.251134250,T,IBM,F,40,304.51
2025-12-01,9:45:40.251158753,T,IBM,I,1,304.51
2025-12-01,9:45:40.251158753,T,IBM,I,1,304.51
2025-12-01,9:45:40.251161192,T,IBM,I,10,304.51
2025-12-01,9:45:41.898037609,T,IBM,,70,304.38
2025-12-01,9:45:43.048901398,T,IBM,I,1,304.31
2025-12-01,9:45:43.048904593,T,IBM,I,1,304.26
2025-12-01,9:45:43.095211656,T,IBM,I,2,304.21
2025-12-01,9:45:43.137642688,T,IBM,F I,2,304.17
2025-12-01,9:45:49.502838397,T,IBM,F,40,304.33
2025-12-01,9:45:49.502856375,T,IBM,F,60,304.33
2025-12-01,9:45:50.391757641,T,IBM,F I,35,304.4
2025-12-01,9:45:54.914262558,T,IBM,F I,38,304.37
2025-12-01,9:45:54.914280584,T,IBM,I,1,304.37
2025-12-01,9:45:54.914328729,T,IBM,F,42,304.37
2025-12-01,9:45:54.914349792,T,IBM,F I,28,304.37
2025-12-01,9:46:02.944168609,T,IBM,F,40,304.48
2025-12-01,9:46:02.944168609,T,IBM,F I,28,304.48
2025-12-01,9:46:02.944173218,T,IBM,F I,32,304.48
2025-12-01,9:46:02.944173218,T,IBM,F I,8,304.48
2025-12-01,9:46:02.944183205,T,IBM,F I,8,304.48
2025-12-01,9:46:02.944183205,T,IBM,F I,8,304.48
2025-12-01,9:46:02.944188530,T,IBM,I,1,304.48
2025-12-01,9:46:02.944188530,T,IBM,I,22,304.48
2025-12-01,9:46:02.944191312,T,IBM,F I,31,304.48
2025-12-01,9:46:02.944194396,T,IBM,F I,20,304.52
2025-12-01,9:46:02.958589660,T,IBM,F I,20,304.49
2025-12-01,9:46:03.209121890,T,IBM,I,1,304.43
2025-12-01,9:46:03.209121890,T,IBM,I,35,304.43
2025-12-01,9:46:04.961955520,T,IBM,,100,304.265
2025-12-01,9:46:14.078409883,T,IBM,,100,304.265
2025-12-01,9:46:30.569700765,T,IBM,F,100,304.18
2025-12-01,9:46:57.558201883,T,IBM,F I,1,304.17
2025-12-01,9:46:59.384353173,T,IBM,I,5,304.26
2025-12-01,9:46:59.384356093,T,IBM,,76,304.28
2025-12-01,9:46:59.384371143,T,IBM,I,24,304.28
2025-12-01,9:46:59.384374149,T,IBM,I,1,304.29
2025-12-01,9:46:59.384377151,T,IBM,,56,304.29
2025-12-01,9:46:59.384395242,T,IBM,I,24,304.29
2025-12-01,9:46:59.503692295,T,IBM,F I,5,304.29
2025-12-01,9:46:59.503695217,T,IBM,F,63,304.26
2025-12-01,9:46:59.503710252,T,IBM,I,1,304.26
2025-12-01,9:46:59.503725264,T,IBM,F I,4,304.26
2025-12-01,9:46:59.503728369,T,IBM,F,70,304.26
2025-12-01,9:46:59.503797543,T,IBM,F I,5,304.26
2025-12-01,9:46:59.503899687,T,IBM,F I,32,304.26
2025-12-01,9:47:01.650280448,T,IBM,F I,1,304.15
2025-12-01,9:47:01.650283769,T,IBM,F,66,304.15
2025-12-01,9:47:01.650415665,T,IBM,I,35,304.15
2025-12-01,9:47:01.650418693,T,IBM,,40,304.15
2025-12-01,9:47:07.998987891,T,IBM,I,2,304.23
2025-12-01,9:47:07.998987891,T,IBM,I,30,304.24
2025-12-01,9:47:07.998993685,T,IBM,I,9,304.25
2025-12-01,9:47:07.999053926,T,IBM,F,41,304.24
2025-12-01,9:47:07.999432961,T,IBM,,40,304.26
2025-12-01,9:47:07.999432961,T,IBM,I,1,304.26
2025-12-01,9:47:07.999646331,T,IBM,F I,12,304.22
2025-12-01,9:47:07.999661359,T,IBM,F,100,304.21
2025-12-01,9:47:07.999664297,T,IBM,F,100,304.21
2025-12-01,9:47:07.999694424,T,IBM,F,40,304.18
2025-12-01,9:47:08.000241711,T,IBM,F I,17,304.18
2025-12-01,9:47:08.000313910,T,IBM,I,2,304.18
2025-12-01,9:47:14.645729605,T,IBM,F I,14,304.26
2025-12-01,9:47:14.645731907,T,IBM,F I,1,304.26
2025-12-01,9:47:14.646014345,T,IBM,I,3,304.27
2025-12-01,9:47:14.646017365,T,IBM,,40,304.27
2025-12-01,9:47:27.979743758,T,IBM,F I,25,304.22
2025-12-01,9:47:27.979746818,T,IBM,F I,1,304.22
2025-12-01,9:47:27.979749808,T,IBM,F,40,304.22
2025-12-01,9:47:27.987763941,T,IBM,I,1,304.13
2025-12-01,9:47:27.987763941,T,IBM,I,20,304.12
2025-12-01,9:47:27.987766878,T,IBM,,40,304.11
2025-12-01,9:47:27.987769915,T,IBM,I,4,304.11
2025-12-01,9:47:27.987784982,T,IBM,F I,21,304.11
2025-12-01,9:47:33.771032144,T,IBM,I,2,304.14
2025-12-01,9:47:33.771032144,T,IBM,I,12,304.15
2025-12-01,9:47:33.771633604,T,IBM,F I,7,304.16
2025-12-01,9:47:33.772379411,T,IBM,F I,7,304.17
2025-12-01,9:47:47.250582121,T,IBM,F I,10,304.25
2025-12-01,9:47:47.250624200,T,IBM,I,10,304.27
2025-12-01,9:47:47.250877644,T,IBM,,40,304.28
2025-12-01,9:47:47.250877644,T,IBM,I,27,304.28
2025-12-01,9:47:49.410753526,T,IBM,I,1,304.275
2025-12-01,9:47:51.744609314,T,IBM,,100,304.275
2025-12-01,9:48:01.882433066,T,IBM,F I,4,304.39
2025-12-01,9:48:01.882439027,T,IBM,I,36,304.39
2025-12-01,9:48:01.882439027,T,IBM,,40,304.39
2025-12-01,9:48:01.886564874,T,IBM,I,34,304.39
2025-12-01,9:48:10.511769600,T,IBM,F I,2,304.32
2025-12-01,9:48:11.756782388,T,IBM,I,10,304.35
2025-12-01,9:48:11.756782388,T,IBM,,50,304.37
2025-12-01,9:48:11.756784677,T,IBM,,100,304.37
2025-12-01,9:48:11.756787438,T,IBM,I,6,304.39
2025-12-01,9:48:11.757422152,T,IBM,I,24,304.39
2025-12-01,9:48:11.757424962,T,IBM,I,24,304.4
2025-12-01,9:48:11.757424962,T,IBM,I,9,304.4
2025-12-01,9:48:11.757428402,T,IBM,I,10,304.4
2025-12-01,9:48:11.757430957,T,IBM,I,16,304.4
2025-12-01,9:48:11.757461023,T,IBM,I,5,304.4
2025-12-01,9:48:11.757584308,T,IBM,I,1,304.4
2025-12-01,9:48:11.757659483,T,IBM,I,18,304.4
2025-12-01,9:48:11.757662452,T,IBM,I,6,304.4
2025-12-01,9:48:11.757954204,T,IBM,F I,5,304.4
2025-12-01,9:48:11.758035354,T,IBM,I,19,304.4
2025-12-01,9:48:11.759018664,T,IBM,I,10,304.43
2025-12-01,9:48:15.815408145,T,IBM,F I,12,304.46
2025-12-01,9:48:33.134218562,T,IBM,I,10,304.405
2025-12-01,9:48:33.134516244,T,IBM,F I,10,304.42
2025-12-01,9:48:36.585940545,T,IBM,I,24,304.32
2025-12-01,9:48:36.585940545,T,IBM,I,18,304.32
2025-12-01,9:48:36.585943633,T,IBM,I,1,304.32
2025-12-01,9:48:36.586024822,T,IBM,I,10,304.32
2025-12-01,9:48:49.353208702,T,IBM,F I,2,304.25
2025-12-01,9:48:49.382321300,T,IBM,F I,10,304.19
2025-12-01,9:48:49.382324062,T,IBM,F I,1,304.18
2025-12-01,9:48:49.382326989,T,IBM,F,52,304.17
2025-12-01,9:48:51.305413979,T,IBM,I,1,304.14
2025-12-01,9:48:51.305413979,T,IBM,I,5,304.14
2025-12-01,9:49:04.164060666,T,IBM,F I,14,304.2
2025-12-01,9:49:04.164382621,T,IBM,F,40,304.24
2025-12-01,9:49:04.164382621,T,IBM,F,40,304.24
2025-12-01,9:49:04.165011235,T,IBM,F I,2,304.28
2025-12-01,9:49:26.421846275,T,IBM,I,9,304.28
2025-12-01,9:49:26.421861311,T,IBM,I,1,304.28
2025-12-01,9:49:26.421876416,T,IBM,F,89,304.28
2025-12-01,9:49:26.421879895,T,IBM,F I,30,304.28
2025-12-01,9:49:26.422399584,T,IBM,,40,304.3
2025-12-01,9:49:26.522953071,T,IBM,F,120,304.43
2025-12-01,9:49:26.523199524,T,IBM,F I,9,304.42
2025-12-01,9:49:26.523449651,T,IBM,F I,2,304.46
2025-12-01,9:49:26.523518321,T,IBM,F I,1,304.47
2025-12-01,9:49:26.785071913,T,IBM,F I,10,304.49
2025-12-01,9:49:26.785074929,T,IBM,F I,8,304.49
2025-12-01,9:49:26.785074929,T,IBM,F,40,304.49
2025-12-01,9:49:31.649021876,T,IBM,F I,8,304.5
2025-12-01,9:49:45.520699044,T,IBM,F I,1,304.39
2025-12-01,9:49:45.520699044,T,IBM,F I,10,304.39
2025-12-01,9:49:45.578869489,T,IBM,F I,1,304.3
2025-12-01,9:49:45.578875572,T,IBM,F,40,304.28
2025-12-01,9:50:01.725729980,T,IBM,F I,5,304.22
2025-12-01,9:50:08.581747968,T,IBM,I,1,304.29
2025-12-01,9:50:15.810265812,T,IBM,F,40,304.39
2025-12-01,9:50:15.810347052,T,IBM,F,80,304.4
2025-12-01,9:50:17.239444948,T,IBM,I,3,304.29
2025-12-01,9:50:17.309956811,T,IBM,I,3,304.24
2025-12-01,9:50:17.309959733,T,IBM,I,1,304.21
2025-12-01,9:50:22.612260218,T,IBM,I,9,304.42
2025-12-01,9:50:22.612317946,T,IBM,,40,304.42
2025-12-01,9:50:22.612323247,T,IBM,F I,10,304.43
2025-12-01,9:50:22.612339430,T,IBM,I,1,304.42
2025-12-01,9:50:22.612339430,T,IBM,F I,29,304.42
2025-12-01,9:50:22.612341504,T,IBM,F I,1,304.42
2025-12-01,9:50:22.612347313,T,IBM,F I,29,304.44
2025-12-01,9:50:22.612347313,T,IBM,F,99,304.44
2025-12-01,9:50:22.612356356,T,IBM,I,7,304.42
2025-12-01,9:50:22.612368399,T,IBM,F I,21,304.44
2025-12-01,9:50:22.612440531,T,IBM,I,32,304.42
2025-12-01,9:50:23.356799535,T,IBM,F I,5,304.46
2025-12-01,9:50:23.356802620,T,IBM,F,100,304.45
2025-12-01,9:50:39.936365950,T,IBM,F I,2,304.48
2025-12-01,9:50:39.936384103,T,IBM,F,50,304.49
2025-12-01,9:50:49.991589421,T,IBM,F I,5,304.54
2025-12-01,9:50:49.991589421,T,IBM,F I,16,304.55
2025-12-01,9:50:49.991592319,T,IBM,F I,10,304.55
2025-12-01,9:50:49.991595887,T,IBM,F,80,304.55
2025-12-01,9:50:49.991595887,T,IBM,F,40,304.55
2025-12-01,9:50:52.669124041,T,IBM,F I,11,304.59
2025-12-01,9:50:52.679591884,T,IBM,I,2,304.68
2025-12-01,9:50:52.679610020,T,IBM,I,2,304.68
2025-12-01,9:50:52.680130221,T,IBM,F I,3,304.68
2025-12-01,9:50:54.865321194,T,IBM,F I,5,304.66
2025-12-01,9:50:54.980092367,T,IBM,I,3,304.62
2025-12-01,9:50:58.841031598,T,IBM,I,4,304.69
2025-12-01,9:50:58.841034726,T,IBM,I,4,304.7
2025-12-01,9:50:58.841037486,T,IBM,I,1,304.72
2025-12-01,9:50:58.841275050,T,IBM,I,1,304.75
2025-12-01,9:51:02.990263895,T,IBM,F I,4,304.76
2025-12-01,9:51:11.830140595,T,IBM,I,3,304.7
2025-12-01,9:51:25.763506553,T,IBM,F I,4,304.81
2025-12-01,9:51:27.460449266,T,IBM,F I,4,304.83
2025-12-01,9:51:27.460452282,T,IBM,F I,5,304.92
2025-12-01,9:51:48.457670425,T,IBM,F I,10,304.81
2025-12-01,9:51:48.457721157,T,IBM,F,120,304.8
2025-12-01,9:51:48.457889572,T,IBM,,100,304.7
2025-12-01,9:51:48.457919614,T,IBM,F,50,304.73
2025-12-01,9:51:48.457919614,T,IBM,F,75,304.75
2025-12-01,9:51:48.457970768,T,IBM,F I,25,304.75
2025-12-01,9:51:48.458172225,T,IBM,F I,3,304.685
2025-12-01,9:51:48.458313537,T,IBM,F I,4,304.69
2025-12-01,9:51:48.459224757,T,IBM,F I,14,304.75
2025-12-01,9:51:48.459233737,T,IBM,F I,7,304.77
2025-12-01,9:51:48.459296984,T,IBM,I,3,304.75
2025-12-01,9:51:48.459354037,T,IBM,I,33,304.75
2025-12-01,9:51:48.459375088,T,IBM,I,1,304.75
2025-12-01,9:51:48.466610999,T,IBM,,40,304.82
2025-12-01,9:51:48.466613298,T,IBM,,60,304.82
2025-12-01,9:51:50.744782575,T,IBM,F I,1,304.78
2025-12-01,9:51:50.744785591,T,IBM,F I,4,304.81
2025-12-01,9:51:50.744824732,T,IBM,I,1,304.81
2025-12-01,9:51:50.745164532,T,IBM,I,23,304.78
2025-12-01,9:51:50.949426730,T,IBM,F I,16,304.88
2025-12-01,9:51:50.949428727,T,IBM,F I,32,304.89
2025-12-01,9:51:50.949879871,T,IBM,,40,304.91
2025-12-01,9:51:54.701971882,T,IBM,F,40,305.0
2025-12-01,9:51:54.701975308,T,IBM,F,100,305.0
2025-12-01,9:51:54.701975308,T,IBM,F I,12,305.0
2025-12-01,9:52:05.470086928,T,IBM,F I,10,305.02
2025-12-01,9:52:05.470104904,T,IBM,F,40,305.0
2025-12-01,9:52:25.254123762,T,IBM,F I,19,304.86
2025-12-01,9:52:25.254126749,T,IBM,F I,1,304.86
2025-12-01,9:52:25.254129681,T,IBM,F I,2,304.86
2025-12-01,9:52:34.855506245,T,IBM,F I,10,304.92
2025-12-01,9:52:34.855509222,T,IBM,F I,7,304.92
2025-12-01,9:52:34.855527290,T,IBM,F I,9,304.92
2025-12-01,9:52:43.338177637,T,IBM,F I,8,304.95
2025-12-01,9:52:43.338195674,T,IBM,F I,32,304.95
2025-12-01,9:52:48.229363294,T,IBM,F,48,305.09
2025-12-01,9:53:28.956059018,T,IBM,F I,10,305.13
2025-12-01,9:53:28.956061951,T,IBM,F I,10,305.13
2025-12-01,9:53:28.956077026,T,IBM,I,1,305.13
2025-12-01,9:53:28.956080075,T,IBM,I,1,305.13
2025-12-01,9:53:28.956080075,T,IBM,I,19,305.13
2025-12-01,9:53:34.354471069,T,IBM,I,1,305.12
2025-12-01,9:53:41.125870827,T,IBM,I,28,305.3
2025-12-01,9:53:41.125885812,T,IBM,I,1,305.3
2025-12-01,9:53:41.126084335,T,IBM,F,91,305.3
2025-12-01,9:54:03.159081793,T,IBM,I,10,305.39
2025-12-01,9:54:03.159289286,T,IBM,F I,9,305.39
2025-12-01,9:54:06.019488211,T,IBM,F I,5,305.46
2025-12-01,9:54:06.019491188,T,IBM,F I,6,305.49
2025-12-01,9:54:06.019491188,T,IBM,F I,29,305.49
2025-12-01,9:54:06.019506188,T,IBM,I,1,305.49
2025-12-01,9:54:06.020065470,T,IBM,F,40,305.49
2025-12-01,9:54:09.139030349,T,IBM,F I,2,305.55
2025-12-01,9:54:09.139034313,T,IBM,F I,14,305.66
2025-12-01,9:54:09.139036477,T,IBM,F I,4,305.69
2025-12-01,9:54:09.145973816,T,IBM,,40,305.575
2025-12-01,9:54:10.440702985,T,IBM,F I,5,305.54
2025-12-01,9:54:16.586382122,T,IBM,F I,5,305.58
2025-12-01,9:54:16.586382122,T,IBM,F,50,305.57
2025-12-01,9:54:32.049534676,T,IBM,,40,305.555
2025-12-01,9:54:35.163291235,T,IBM,F I,10,305.59
2025-12-01,9:55:01.457733123,T,IBM,I,3,305.61
2025-12-01,9:55:11.300996402,T,IBM,F I,5,305.62
2025-12-01,9:55:22.314417307,T,IBM,F I,17,305.68
2025-12-01,9:55:22.327140596,T,IBM,I,1,305.64
2025-12-01,9:55:26.865884316,T,IBM,I,1,305.62
2025-12-01,9:55:29.932620846,T,IBM,F I,1,305.64
2025-12-01,9:55:32.300848561,T,IBM,I,10,305.545
2025-12-01,9:55:32.308510722,T,IBM,,100,305.56
2025-12-01,9:55:41.445326214,T,IBM,I,1,305.56
2025-12-01,9:55:54.096990121,T,IBM,F I,1,305.65
2025-12-01,9:55:54.096993123,T,IBM,F I,19,305.65
2025-12-01,9:55:54.096999268,T,IBM,F I,30,305.65
2025-12-01,9:55:54.096999268,T,IBM,F I,1,305.66
2025-12-01,9:55:54.097002066,T,IBM,F I,26,305.66
2025-12-01,9:55:54.097005138,T,IBM,I,4,305.66
2025-12-01,9:55:54.097059658,T,IBM,F I,11,305.68
2025-12-01,9:55:54.097062206,T,IBM,F I,8,305.68
2025-12-01,9:55:54.097086563,T,IBM,F,40,305.69
2025-12-01,9:55:54.097089339,T,IBM,F I,17,305.69
2025-12-01,9:55:54.097380938,T,IBM,F I,4,305.7
2025-12-01,9:55:54.183422548,T,IBM,F I,4,305.75
2025-12-01,9:55:54.183424824,T,IBM,F I,4,305.75
2025-12-01,9:56:02.943813226,T,IBM,F I,1,305.81
2025-12-01,9:56:03.945584920,T,IBM,F,40,305.89
2025-12-01,9:56:03.946228573,T,IBM,F I,20,305.93
2025-12-01,9:56:08.163804654,T,IBM,F I,24,306.02
2025-12-01,9:56:18.893515199,T,IBM,F I,3,306.09
2025-12-01,9:56:18.893518243,T,IBM,F I,1,306.09
2025-12-01,9:56:20.512620565,T,IBM,I,29,306.25
2025-12-01,9:56:44.873947012,T,IBM,F I,1,306.46
2025-12-01,9:56:52.666361297,T,IBM,,48,306.43
2025-12-01,9:56:52.666361297,T,IBM,,48,306.43
2025-12-01,9:56:52.864388589,T,IBM,F I,12,306.43
2025-12-01,9:56:58.269008346,T,IBM,F I,5,306.35
2025-12-01,9:56:58.269010467,T,IBM,F,40,306.35
2025-12-01,9:56:58.269017075,T,IBM,F I,1,306.35
2025-12-01,9:56:58.269022589,T,IBM,F I,2,306.35
2025-12-01,9:56:58.269022589,T,IBM,F,80,306.35
2025-12-01,9:57:01.410935730,T,IBM,,80,306.25
2025-12-01,9:57:01.410935730,T,IBM,,40,306.25
2025-12-01,9:57:01.410941333,T,IBM,I,4,306.25
2025-12-01,9:57:01.410947538,T,IBM,I,4,306.25
2025-12-01,9:57:01.410950153,T,IBM,F,64,306.25
2025-12-01,9:57:01.410956256,T,IBM,I,16,306.25
2025-12-01,9:57:01.410956256,T,IBM,I,14,306.25
2025-12-01,9:57:01.410962130,T,IBM,I,1,306.25
2025-12-01,9:57:01.410965034,T,IBM,F I,1,306.25
2025-12-01,9:57:01.418513059,T,IBM,I,3,306.17
2025-12-01,9:57:04.921657389,T,IBM,F I,3,306.15
2025-12-01,9:57:04.921714611,T,IBM,F I,4,306.14
2025-12-01,9:57:04.921735663,T,IBM,F I,3,306.15
2025-12-01,9:57:14.142808759,T,IBM,F I,29,306.09
2025-12-01,9:57:15.972090468,T,IBM,I,30,306.1
2025-12-01,9:57:27.853819488,T,IBM,I,10,306.14
2025-12-01,9:57:31.061167813,T,IBM,I,30,306.1
2025-12-01,9:57:31.062307937,T,IBM,F I,20,306.05
2025-12-01,9:57:31.062307937,T,IBM,F I,1,306.04
2025-12-01,9:57:31.062313613,T,IBM,F,40,306.04
2025-12-01,9:57:31.062328665,T,IBM,F I,20,306.04
2025-12-01,9:57:31.062328665,T,IBM,I,1,306.04
2025-12-01,9:57:31.062701548,T,IBM,F I,1,306.04
2025-12-01,9:57:33.847387578,T,IBM,,48,306.04
2025-12-01,9:57:33.847400391,T,IBM,I,10,306.06
2025-12-01,9:57:33.847400391,T,IBM,I,15,306.07
2025-12-01,9:57:33.847402577,T,IBM,I,23,306.07
2025-12-01,9:57:33.847420697,T,IBM,I,1,306.07
2025-12-01,9:57:33.847423669,T,IBM,I,1,306.07
2025-12-01,9:57:33.848629534,T,IBM,I,30,306.02
2025-12-01,9:57:42.187871529,T,IBM,F I,20,306.0
2025-12-01,9:57:51.346059044,T,IBM,I,1,306.0
2025-12-01,9:58:01.842251693,T,IBM,I,2,306.07
2025-12-01,9:58:07.085714899,T,IBM,F,40,306.18
2025-12-01,9:58:07.085714899,T,IBM,F I,37,306.18
2025-12-01,9:58:07.085717179,T,IBM,F,120,306.18
2025-12-01,9:58:07.085771176,T,IBM,,100,306.18
2025-12-01,9:58:12.845890544,T,IBM,,40,306.08
2025-12-01,9:58:45.291247444,T,IBM,I,20,305.97
2025-12-01,9:58:45.296386748,T,IBM,F I,2,305.89
2025-12-01,9:58:45.296729841,T,IBM,F I,1,305.89
2025-12-01,9:58:45.296729841,T,IBM,F I,1,305.89
2025-12-01,9:58:45.319517823,T,IBM,I,2,305.8
2025-12-01,9:58:45.346669433,T,IBM,,94,305.8
2025-12-01,9:58:45.346678392,T,IBM,I,6,305.8
2025-12-01,9:58:45.346681491,T,IBM,I,30,305.83
2025-12-01,9:58:45.346684486,T,IBM,,58,305.84
2025-12-01,9:58:46.751075720,T,IBM,F I,1,305.8
2025-12-01,9:58:48.012729184,T,IBM,I,14,305.77
2025-12-01,9:58:49.178258792,T,IBM,F,40,305.85
2025-12-01,9:58:49.178261984,T,IBM,F,80,305.85
2025-12-01,9:58:49.178286565,T,IBM,F,50,305.85
2025-12-01,9:58:49.178289227,T,IBM,F I,30,305.85
2025-12-01,9:58:49.178291931,T,IBM,I,1,305.85
2025-12-01,9:58:49.178291931,T,IBM,I,9,305.85
2025-12-01,9:58:49.178788092,T,IBM,F,49,305.85
2025-12-01,9:58:55.727859607,T,IBM,F I,4,305.78
2025-12-01,9:58:55.769656008,T,IBM,F I,3,305.76
2025-12-01,9:58:56.809642833,T,IBM,F I,2,305.77
2025-12-01,9:59:08.494715757,T,IBM,F I,2,305.78
2025-12-01,9:59:10.220942200,T,IBM,F I,30,305.78
2025-12-01,9:59:10.220945176,T,IBM,F,100,305.76
2025-12-01,9:59:10.220948192,T,IBM,F I,10,305.75
2025-12-01,9:59:10.221122625,T,IBM,,90,305.75
2025-12-01,9:59:10.221128756,T,IBM,,40,305.75
2025-12-01,9:59:10.221143640,T,IBM,F I,2,305.75
2025-12-01,9:59:10.221471426,T,IBM,F I,1,305.745
2025-12-01,9:59:10.223284716,T,IBM,F,100,305.73
2025-12-01,9:59:10.223287753,T,IBM,F I,20,305.72
2025-12-01,9:59:14.148384534,T,IBM,I,1,305.825
2025-12-01,9:59:19.904014175,T,IBM,,100,305.825
2025-12-01,9:59:28.847611025,T,IBM,F,200,305.76
2025-12-01,9:59:28.847611025,T,IBM,F I,10,305.76
2025-12-01,9:59:41.972998853,T,IBM,F I,6,305.67
2025-12-01,9:59:41.973004834,T,IBM,I,27,305.67
2025-12-01,9:59:52.828207151,T,IBM,I,5,305.62
2025-12-01,10:00:01.179944038,T,IBM,F I,23,305.71
2025-12-01,10:00:01.180238829,T,IBM,F I,17,305.71
2025-12-01,10:00:01.182653581,T,IBM,F I,30,305.72
2025-12-01,10:00:01.182788797,T,IBM,I,10,305.72
2025-12-01,10:00:01.182791823,T,IBM,,40,305.72
2025-12-01,10:00:05.023192122,T,IBM,F I,2,305.685
2025-12-01,10:00:15.049119514,T,IBM,I,1,305.685
2025-12-01,10:00:15.515042675,T,IBM,F I,1,305.76
2025-12-01,10:00:20.459449102,T,IBM,F I,15,305.77
2025-12-01,10:00:20.459476238,T,IBM,F,40,305.8
2025-12-01,10:00:20.459476238,T,IBM,F,80,305.8
2025-12-01,10:00:20.459479211,T,IBM,F I,23,305.8
2025-12-01,10:00:20.459497260,T,IBM,F I,17,305.8
2025-12-01,10:00:20.460291160,T,IBM,F I,20,305.83
2025-12-01,10:00:20.531327181,T,IBM,F I,18,305.92
2025-12-01,10:00:20.531327181,T,IBM,F I,2,305.92
2025-12-01,10:00:20.531329270,T,IBM,F I,18,305.92
2025-12-01,10:00:20.845267565,T,IBM,F I,22,305.92
2025-12-01,10:01:02.349203388,T,IBM,,100,305.885
2025-12-01,10:01:20.288652446,T,IBM,I,1,305.91
2025-12-01,10:01:20.288676492,T,IBM,F,89,305.91
2025-12-01,10:01:24.097675968,T,IBM,F I,10,305.94
2025-12-01,10:01:24.097679464,T,IBM,F I,28,305.95
2025-12-01,10:01:24.097709085,T,IBM,F,72,305.95
2025-12-01,10:01:24.097709085,T,IBM,F I,13,305.96
2025-12-01,10:01:24.097712164,T,IBM,F I,25,305.96
2025-12-01,10:01:24.097718077,T,IBM,F,90,305.96
2025-12-01,10:01:24.097865449,T,IBM,F,40,305.97
2025-12-01,10:01:24.098238723,T,IBM,F I,7,305.95
2025-12-01,10:01:24.098241634,T,IBM,F I,29,305.95
2025-12-01,10:01:24.098244483,T,IBM,F I,30,305.93
2025-12-01,10:01:24.098397979,T,IBM,I,14,305.94
2025-12-01,10:01:24.098397979,T,IBM,I,12,305.98
2025-12-01,10:01:24.098436887,T,IBM,,40,305.94
2025-12-01,10:01:24.098524071,T,IBM,I,14,305.94
2025-12-01,10:01:24.098533140,T,IBM,F I,5,305.96
2025-12-01,10:01:24.098533140,T,IBM,F I,13,305.98
2025-12-01,10:01:24.098563198,T,IBM,F I,15,305.98
2025-12-01,10:01:24.098581138,T,IBM,I,5,305.94
2025-12-01,10:01:24.098590160,T,IBM,F I,5,305.96
2025-12-01,10:01:24.098620337,T,IBM,F I,5,305.96
2025-12-01,10:01:24.098638336,T,IBM,F I,35,305.96
2025-12-01,10:01:24.098896888,T,IBM,I,14,305.94
2025-12-01,10:01:24.098909456,T,IBM,F I,6,305.96
2025-12-01,10:01:24.101302670,T,IBM,F I,34,305.96
2025-12-01,10:01:24.101302670,T,IBM,F,50,305.96
2025-12-01,10:01:25.113948376,T,IBM,F I,5,305.92
2025-12-01,10:01:25.113948376,T,IBM,F I,5,305.9
2025-12-01,10:01:25.292902215,T,IBM,I,5,305.88
2025-12-01,10:01:25.292902215,T,IBM,I,5,305.88
2025-12-01,10:01:25.844038643,T,IBM,F,50,305.95
2025-12-01,10:01:25.844038643,T,IBM,F I,2,305.97
2025-12-01,10:01:25.844308998,T,IBM,F I,38,305.97
2025-12-01,10:01:25.844372234,T,IBM,F I,12,305.98
2025-12-01,10:01:25.848690399,T,IBM,I,5,305.94
2025-12-01,10:01:25.886304008,T,IBM,F,70,305.92
2025-12-01,10:01:25.886306960,T,IBM,F I,10,305.92
2025-12-01,10:01:26.267022248,T,IBM,F I,18,305.91
2025-12-01,10:01:28.133824346,T,IBM,F I,31,305.915
2025-12-01,10:01:28.137670445,T,IBM,I,31,305.9
2025-12-01,10:01:28.362401488,T,IBM,I,10,305.94
2025-12-01,10:01:28.363754754,T,IBM,F,40,305.98
2025-12-01,10:01:28.364145791,T,IBM,I,5,305.99
2025-12-01,10:01:28.696974911,T,IBM,F I,2,306.01
2025-12-01,10:01:28.696993020,T,IBM,F I,28,306.01
2025-12-01,10:01:28.697017090,T,IBM,I,9,306.01
2025-12-01,10:01:28.697017090,T,IBM,I,1,306.01
2025-12-01,10:01:29.879952362,T,IBM,F I,21,305.96
2025-12-01,10:01:34.481259797,T,IBM,,40,306.05
2025-12-01,10:01:34.481262785,T,IBM,I,10,306.05
2025-12-01,10:01:34.481470437,T,IBM,I,21,306.06
2025-12-01,10:01:34.481470437,T,IBM,,40,306.06
2025-12-01,10:01:45.134270557,T,IBM,F,40,306.0
2025-12-01,10:01:45.134273049,T,IBM,F I,3,306.0
2025-12-01,10:01:45.134290988,T,IBM,I,27,306.0
2025-12-01,10:01:45.134294090,T,IBM,I,1,306.0
2025-12-01,10:01:45.134303104,T,IBM,I,12,306.0
2025-12-01,10:01:45.134525528,T,IBM,F I,2,306.0
2025-12-01,10:01:45.135036810,T,IBM,,40,305.99
2025-12-01,10:01:45.135067162,T,IBM,F I,7,306.03
2025-12-01,10:01:45.135106168,T,IBM,I,1,306.01
2025-12-01,10:01:45.135106168,T,IBM,I,1,306.01
2025-12-01,10:01:45.135184119,T,IBM,I,2,306.0
2025-12-01,10:01:45.135331479,T,IBM,I,16,306.0
2025-12-01,10:01:45.156237243,T,IBM,I,10,306.04
2025-12-01,10:01:45.156240271,T,IBM,I,10,306.05
2025-12-01,10:01:45.192623908,T,IBM,,80,306.08
2025-12-01,10:01:45.293366705,T,IBM,,40,306.14
2025-12-01,10:01:50.192295824,T,IBM,F,80,306.16
2025-12-01,10:01:50.192725874,T,IBM,F I,2,306.18
2025-12-01,10:01:50.192725874,T,IBM,F,40,306.18
2025-12-01,10:01:50.192864259,T,IBM,I,16,306.16
2025-12-01,10:01:50.193315316,T,IBM,,100,306.195
2025-12-01,10:01:50.200174632,T,IBM,F I,16,306.195
2025-12-01,10:01:51.200184231,T,IBM,F I,20,306.16
2025-12-01,10:02:01.200210770,T,IBM,F I,20,306.13
2025-12-01,10:02:01.200231904,T,IBM,I,1,306.13
2025-12-01,10:02:01.200231904,T,IBM,I,20,306.13
2025-12-01,10:02:10.086698538,T,IBM,I,2,306.18
2025-12-01,10:02:11.749792782,T,IBM,F,100,306.1
2025-12-01,10:02:13.288700092,T,IBM,I,1,306.17
2025-12-01,10:02:13.391316518,T,IBM,I,5,306.18
2025-12-01,10:02:13.391316518,T,IBM,I,6,306.18
2025-12-01,10:02:21.326651881,T,IBM,I,1,306.18
2025-12-01,10:02:40.663569467,T,IBM,F I,2,306.16
2025-12-01,10:02:42.447100174,T,IBM,F I,10,306.11
2025-12-01,10:02:42.447794889,T,IBM,,120,306.09
2025-12-01,10:02:42.447815854,T,IBM,I,1,306.09
2025-12-01,10:02:42.447839959,T,IBM,,83,306.09
2025-12-01,10:02:42.556909567,T,IBM,I,4,306.0
2025-12-01,10:02:43.209303850,T,IBM,I,3,305.99
2025-12-01,10:02:43.209306844,T,IBM,I,9,305.99
2025-12-01,10:02:43.209327918,T,IBM,I,24,305.915
2025-12-01,10:02:44.258294246,T,IBM,I,5,305.94
2025-12-01,10:02:44.258296879,T,IBM,I,35,305.92
2025-12-01,10:02:45.871199208,T,IBM,F I,5,305.86
2025-12-01,10:02:45.871201492,T,IBM,F I,6,305.86
2025-12-01,10:02:54.018884424,T,IBM,F,70,305.98
2025-12-01,10:02:54.018929549,T,IBM,F,80,306.0
2025-12-01,10:02:54.019338557,T,IBM,F I,6,306.0
2025-12-01,10:02:54.019392627,T,IBM,I,34,306.0
2025-12-01,10:03:02.330773649,T,IBM,F I,12,305.81
2025-12-01,10:03:02.330788365,T,IBM,F I,12,305.81
2025-12-01,10:03:02.330797306,T,IBM,F I,2,305.8
2025-12-01,10:03:02.330797306,T,IBM,F I,10,305.8
2025-12-01,10:03:02.331441366,T,IBM,F,82,305.79
2025-12-01,10:03:02.331443828,T,IBM,F I,18,305.79
2025-12-01,10:03:03.330788888,T,IBM,F I,12,305.8
2025-12-01,10:03:07.105332424,T,IBM,I,5,305.78
2025-12-01,10:03:07.105332424,T,IBM,I,8,305.77
2025-12-01,10:03:13.604250447,T,IBM,F I,5,305.78
2025-12-01,10:03:29.025567818,T,IBM,I,10,305.78
2025-12-01,10:03:45.878373766,T,IBM,I,5,305.78
2025-12-01,10:03:46.190823677,T,IBM,F I,4,305.77
2025-12-01,10:03:46.190826563,T,IBM,F I,1,305.77
2025-12-01,10:03:47.495486115,T,IBM,F I,12,305.83
2025-12-01,10:03:47.495491404,T,IBM,I,28,305.83
2025-12-01,10:03:47.495494445,T,IBM,,40,305.83
2025-12-01,10:03:47.495533682,T,IBM,I,10,305.84
2025-12-01,10:03:47.495533682,T,IBM,I,10,305.84
2025-12-01,10:03:58.643596935,T,IBM,I,25,305.85
2025-12-01,10:04:08.670844271,T,IBM,F I,15,305.85
2025-12-01,10:04:15.452221447,T,IBM,F I,5,305.86
2025-12-01,10:04:15.452308660,T,IBM,F,50,305.83
2025-12-01,10:04:15.452308660,T,IBM,F,75,305.82
2025-12-01,10:04:15.452353703,T,IBM,F I,25,305.82
2025-12-01,10:04:15.452422919,T,IBM,,100,305.82
2025-12-01,10:04:15.452422919,T,IBM,,60,305.86
2025-12-01,10:04:15.452446926,T,IBM,F,40,305.86
2025-12-01,10:04:15.453463338,T,IBM,F,81,305.9
2025-12-01,10:04:15.453469376,T,IBM,F I,10,305.9
2025-12-01,10:04:15.453487411,T,IBM,F I,2,305.9
2025-12-01,10:04:15.453490435,T,IBM,F I,1,305.9
2025-12-01,10:04:15.707270530,T,IBM,I,17,305.93
2025-12-01,10:04:15.707460037,T,IBM,I,23,305.93
2025-12-01,10:04:16.769558456,T,IBM,F,40,305.96
2025-12-01,10:04:16.769588474,T,IBM,I,17,305.97
2025-12-01,10:04:20.847085139,T,IBM,F,40,305.98
2025-12-01,10:04:30.039695690,T,IBM,F,100,305.93
2025-12-01,10:04:37.168243519,T,IBM,I,10,305.86
2025-12-01,10:04:43.491967615,T,IBM,F I,1,305.84
2025-12-01,10:04:43.491970416,T,IBM,F I,2,305.84
2025-12-01,10:04:43.491973391,T,IBM,F I,3,305.84
2025-12-01,10:04:43.491973391,T,IBM,F,68,305.84
2025-12-01,10:04:43.491976392,T,IBM,F,80,305.84
2025-12-01,10:04:43.492607859,T,IBM,,76,305.84
2025-12-01,10:04:43.492613918,T,IBM,F I,10,305.84
2025-12-01,10:04:43.504189008,T,IBM,I,15,305.8
2025-12-01,10:04:43.504191684,T,IBM,I,17,305.8
2025-12-01,10:04:43.504194521,T,IBM,,40,305.8
2025-12-01,10:04:43.504209540,T,IBM,I,1,305.8
2025-12-01,10:04:43.504212559,T,IBM,F I,23,305.8
2025-12-01,10:04:43.504216494,T,IBM,F I,1,305.8
2025-12-01,10:04:43.504216494,T,IBM,F I,8,305.8
2025-12-01,10:04:43.504218622,T,IBM,F I,3,305.8
2025-12-01,10:04:47.401261724,T,IBM,,40,305.805
2025-12-01,10:04:48.558828365,T,IBM,F,40,305.87
2025-12-01,10:04:48.558849380,T,IBM,F I,10,305.88
2025-12-01,10:04:50.252466190,T,IBM,F I,10,305.92
2025-12-01,10:04:50.252487182,T,IBM,F I,8,305.92
2025-12-01,10:05:16.133249527,T,IBM,F I,1,305.94
2025-12-01,10:05:17.520472816,T,IBM,I,10,305.86
2025-12-01,10:05:17.520475912,T,IBM,,75,305.845
2025-12-01,10:05:19.417475788,T,IBM,F I,20,305.91
2025-12-01,10:05:19.417562982,T,IBM,F,119,305.94
2025-12-01,10:05:19.417562982,T,IBM,F,40,305.94
2025-12-01,10:05:19.417590120,T,IBM,F I,2,305.95
2025-12-01,10:05:19.417593058,T,IBM,F,40,305.95
2025-12-01,10:05:19.418456484,T,IBM,F,40,305.96
2025-12-01,10:05:19.418459121,T,IBM,F I,10,305.97
2025-12-01,10:05:20.273649928,T,IBM,F I,6,305.97
2025-12-01,10:05:20.273649928,T,IBM,F I,14,306.01
2025-12-01,10:05:27.387255195,T,IBM,F I,10,305.9
2025-12-01,10:06:02.945399926,T,IBM,F I,5,305.9
2025-12-01,10:06:03.552028079,T,IBM,F I,10,305.88
2025-12-01,10:06:16.914027820,T,IBM,F I,5,305.95
2025-12-01,10:06:16.914030887,T,IBM,F I,2,305.95
2025-12-01,10:06:16.914048891,T,IBM,I,7,305.95
2025-12-01,10:06:16.914304525,T,IBM,F I,1,305.96
2025-12-01,10:06:43.023271011,T,IBM,,40,305.935
2025-12-01,10:06:43.206202425,T,IBM,I,30,305.9
2025-12-01,10:06:43.206202425,T,IBM,I,39,305.88
2025-12-01,10:06:44.033778784,T,IBM,I,20,305.89
2025-12-01,10:06:44.033778784,T,IBM,I,20,305.87
2025-12-01,10:06:44.033781723,T,IBM,I,20,305.87
2025-12-01,10:06:44.033781723,T,IBM,I,9,305.87
2025-12-01,10:06:44.033784616,T,IBM,F I,20,305.87
2025-12-01,10:06:44.033883841,T,IBM,I,6,305.88
2025-12-01,10:06:44.034127400,T,IBM,I,11,305.89
2025-12-01,10:06:44.034154472,T,IBM,F I,6,305.89
2025-12-01,10:06:44.034389041,T,IBM,F I,6,305.87
2025-12-01,10:06:44.034392156,T,IBM,F I,7,305.87
2025-12-01,10:06:44.034392156,T,IBM,F I,4,305.87
2025-12-01,10:06:44.034395069,T,IBM,F I,20,305.87
2025-12-01,10:06:44.034734839,T,IBM,I,6,305.88
2025-12-01,10:06:44.034834044,T,IBM,I,11,305.87
2025-12-01,10:06:44.039447105,T,IBM,I,3,305.86
2025-12-01,10:06:44.039447105,T,IBM,I,12,305.86
2025-12-01,10:06:44.199548222,T,IBM,,47,305.9
2025-12-01,10:06:44.201969121,T,IBM,F,45,305.87
2025-12-01,10:06:44.201972133,T,IBM,F I,25,305.86
2025-12-01,10:06:44.201975011,T,IBM,F I,5,305.86
2025-12-01,10:06:44.201990015,T,IBM,I,1,305.86
2025-12-01,10:06:44.202020119,T,IBM,I,6,305.86
2025-12-01,10:06:44.202050226,T,IBM,,253,305.86
2025-12-01,10:06:44.202050226,T,IBM,I,8,305.86
2025-12-01,10:06:53.366919500,T,IBM,F,40,305.9
2025-12-01,10:06:53.367987050,T,IBM,F I,17,305.91
2025-12-01,10:06:53.368008088,T,IBM,F I,23,305.91
2025-12-01,10:06:53.380220164,T,IBM,F,40,305.93
2025-12-01,10:06:58.558712753,T,IBM,F I,1,306.0
2025-12-01,10:06:58.558716029,T,IBM,F,120,306.0
2025-12-01,10:06:58.558716029,T,IBM,F I,25,306.0
2025-12-01,10:06:58.558778942,T,IBM,,40,305.99
2025-12-01,10:06:58.558799920,T,IBM,I,1,305.99
2025-12-01,10:06:58.558824007,T,IBM,,40,305.995
2025-12-01,10:06:58.558827021,T,IBM,,59,305.99
2025-12-01,10:07:00.264986748,T,IBM,F,54,305.9
2025-12-01,10:07:00.264986748,T,IBM,F I,18,305.9
2025-12-01,10:07:06.552654668,T,IBM,,100,306.01
2025-12-01,10:07:06.552681788,T,IBM,,40,306.02
2025-12-01,10:07:06.553514673,T,IBM,F,40,306.06
2025-12-01,10:07:06.553788860,T,IBM,F I,1,306.11
2025-12-01,10:07:06.556326438,T,IBM,F I,3,306.13
2025-12-01,10:07:19.833746823,T,IBM,F I,11,306.19
2025-12-01,10:07:19.834092659,T,IBM,F I,10,306.2
2025-12-01,10:07:19.834095633,T,IBM,F I,30,306.2
2025-12-01,10:07:19.835021890,T,IBM,,40,306.24
2025-12-01,10:07:53.045847613,T,IBM,I,5,306.17
2025-12-01,10:07:58.986615831,T,IBM,F I,1,306.17
2025-12-01,10:07:58.986832420,T,IBM,,74,306.17
2025-12-01,10:07:59.053443952,T,IBM,F I,5,306.19
2025-12-01,10:07:59.053576322,T,IBM,F I,10,306.19
2025-12-01,10:07:59.053579492,T,IBM,F I,10,306.19
2025-12-01,10:07:59.053597304,T,IBM,F I,7,306.2
2025-12-01,10:07:59.053982214,T,IBM,I,12,306.15
2025-12-01,10:07:59.053982214,T,IBM,I,22,306.15
2025-12-01,10:08:04.416828675,T,IBM,F I,9,306.17
2025-12-01,10:08:04.416927979,T,IBM,F I,9,306.1
2025-12-01,10:08:04.417315886,T,IBM,,63,306.165
2025-12-01,10:08:04.417562907,T,IBM,I,21,306.17
2025-12-01,10:08:04.418103802,T,IBM,I,4,306.17
2025-12-01,10:08:04.418131412,T,IBM,I,36,306.17
2025-12-01,10:08:04.418131412,T,IBM,I,10,306.17
2025-12-01,10:08:04.418136882,T,IBM,,90,306.17
2025-12-01,10:08:04.418136882,T,IBM,I,7,306.17
2025-12-01,10:08:04.418154863,T,IBM,F I,3,306.17
2025-12-01,10:08:04.420244938,T,IBM,F I,1,306.18
2025-12-01,10:08:04.420377174,T,IBM,F I,1,306.18
2025-12-01,10:08:04.420446466,T,IBM,F I,1,306.18
2025-12-01,10:08:04.420509625,T,IBM,F I,1,306.18
2025-12-01,10:08:04.420575680,T,IBM,F I,1,306.18
2025-12-01,10:08:04.420647846,T,IBM,F I,1,306.18
2025-12-01,10:08:04.420728990,T,IBM,F I,1,306.18
2025-12-01,10:08:04.420792410,T,IBM,F I,1,306.18
2025-12-01,10:08:04.420858338,T,IBM,F I,1,306.18
2025-12-01,10:08:04.420921411,T,IBM,F I,1,306.18
2025-12-01,10:08:04.421026767,T,IBM,F I,1,306.18
2025-12-01,10:08:05.667328517,T,IBM,F I,21,306.1
2025-12-01,10:08:05.667406745,T,IBM,I,1,306.1
2025-12-01,10:08:05.667424788,T,IBM,I,10,306.1
2025-12-01,10:08:17.054710718,T,IBM,I,7,306.16
2025-12-01,10:08:17.054714135,T,IBM,,40,306.16
2025-12-01,10:08:17.054731692,T,IBM,F I,10,306.16
2025-12-01,10:08:17.054782892,T,IBM,F I,20,306.18
2025-12-01,10:08:30.945098350,T,IBM,F I,10,306.16
2025-12-01,10:08:30.945101304,T,IBM,F I,10,306.16
2025-12-01,10:08:30.945101304,T,IBM,F I,3,306.15
2025-12-01,10:08:35.080308329,T,IBM,F I,1,306.22
2025-12-01,10:08:35.080359387,T,IBM,,40,306.21
2025-12-01,10:08:35.080419607,T,IBM,,40,306.225
2025-12-01,10:08:35.083544041,T,IBM,,125,306.225
2025-12-01,10:08:49.235464419,T,IBM,,80,306.195
2025-12-01,10:08:49.278764504,T,IBM,,40,306.195
2025-12-01,10:08:51.952561577,T,IBM,F I,1,306.16
2025-12-01,10:09:05.504496472,T,IBM,F,116,306.16
2025-12-01,10:09:05.504496472,T,IBM,F I,9,306.16
2025-12-01,10:09:05.504514676,T,IBM,F I,12,306.16
2025-12-01,10:09:05.504538626,T,IBM,F I,12,306.16
2025-12-01,10:09:05.504565861,T,IBM,F,210,306.16
2025-12-01,10:09:05.504565861,T,IBM,F I,1,306.16
2025-12-01,10:09:05.504568652,T,IBM,F I,1,306.14
2025-12-01,10:09:05.504571875,T,IBM,F I,2,306.14
2025-12-01,10:09:05.504571875,T,IBM,F I,9,306.14
2025-12-01,10:09:11.046699022,T,IBM,I,11,306.11
2025-12-01,10:09:11.046699022,T,IBM,I,29,306.085
2025-12-01,10:09:15.260753589,T,IBM,F,120,306.08
2025-12-01,10:09:15.260961173,T,IBM,F I,20,306.08
2025-12-01,10:09:15.261036337,T,IBM,,40,306.08
2025-12-01,10:09:15.389941192,T,IBM,F I,8,306.02
2025-12-01,10:09:15.389941192,T,IBM,F I,7,306.0
2025-12-01,10:09:15.389944166,T,IBM,F I,2,306.0
2025-12-01,10:09:15.947678849,T,IBM,F,80,306.0
2025-12-01,10:09:15.947696936,T,IBM,I,1,306.0
2025-12-01,10:09:15.947811129,T,IBM,F,40,306.0
2025-12-01,10:09:15.947832175,T,IBM,,79,306.0
2025-12-01,10:09:19.221356018,T,IBM,F I,10,305.94
2025-12-01,10:09:19.221362587,T,IBM,F I,11,305.92
2025-12-01,10:09:19.221963480,T,IBM,I,9,305.92
2025-12-01,10:09:19.221966423,T,IBM,,45,305.92
2025-12-01,10:09:19.226077252,T,IBM,F I,21,305.91
2025-12-01,10:09:22.403465190,T,IBM,F I,10,305.97
2025-12-01,10:09:22.403468131,T,IBM,F I,16,305.97
2025-12-01,10:09:22.403471114,T,IBM,F I,1,305.97
2025-12-01,10:09:22.403471114,T,IBM,F I,4,305.97
2025-12-01,10:09:22.403819973,T,IBM,F,40,305.98
2025-12-01,10:09:22.543436418,T,IBM,F I,4,306.03
2025-12-01,10:09:31.101800817,T,IBM,F I,10,305.98
2025-12-01,10:09:40.803856905,T,IBM,F,50,306.0
2025-12-01,10:09:50.483125007,T,IBM,,40,306.09
2025-12-01,10:09:50.483148899,T,IBM,F I,4,306.1
2025-12-01,10:09:50.483194126,T,IBM,F I,4,306.1
2025-12-01,10:09:50.483245064,T,IBM,F I,1,306.1
2025-12-01,10:09:50.483521769,T,IBM,F,40,306.12
2025-12-01,10:09:50.484087086,T,IBM,F I,1,306.14
2025-12-01,10:09:50.484114174,T,IBM,F,40,306.16
2025-12-01,10:09:50.518696489,T,IBM,I,4,306.26
2025-12-01,10:09:51.019626012,T,IBM,I,10,306.24
2025-12-01,10:09:51.019653065,T,IBM,F,90,306.24
2025-12-01,10:09:51.958554360,T,IBM,F I,20,306.15
2025-12-01,10:09:51.958554360,T,IBM,F I,17,306.14
2025-12-01,10:09:51.958560134,T,IBM,F,53,306.14
2025-12-01,10:09:51.958560134,T,IBM,F I,20,306.14
2025-12-01,10:09:51.958566186,T,IBM,F I,20,306.14
2025-12-01,10:09:54.852300784,T,IBM,F I,14,305.97
2025-12-01,10:10:04.200249013,T,IBM,F I,10,305.9
2025-12-01,10:10:04.200270747,T,IBM,F I,3,305.9
2025-12-01,10:10:04.200273035,T,IBM,F I,22,305.9
2025-12-01,10:10:04.204886043,T,IBM,F I,20,305.81
2025-12-01,10:10:05.204901532,T,IBM,F I,10,305.78
2025-12-01,10:10:05.791676718,T,IBM,F I,1,305.77
2025-12-01,10:10:05.792161013,T,IBM,F I,1,305.77
2025-12-01,10:10:05.856201094,T,IBM,F I,1,305.77
2025-12-01,10:10:05.856423511,T,IBM,F I,1,305.78
2025-12-01,10:10:06.204908562,T,IBM,F I,1,305.76
2025-12-01,10:10:06.704890359,T,IBM,F I,2,305.76
2025-12-01,10:10:07.204929876,T,IBM,F I,1,305.77
2025-12-01,10:10:07.875743783,T,IBM,F I,3,305.8
2025-12-01,10:10:07.875748624,T,IBM,F,40,305.8
2025-12-01,10:10:07.875748624,T,IBM,F,40,305.8
2025-12-01,10:10:07.875751613,T,IBM,F,120,305.8
2025-12-01,10:10:20.820072244,T,IBM,F I,1,305.75
2025-12-01,10:10:20.820072244,T,IBM,F I,1,305.75
2025-12-01,10:10:20.820075782,T,IBM,F I,11,305.75
2025-12-01,10:10:20.820075782,T,IBM,F I,1,305.75
2025-12-01,10:10:22.081866922,T,IBM,F I,1,305.79
2025-12-01,10:10:22.081893994,T,IBM,I,10,305.79
2025-12-01,10:10:22.258363051,T,IBM,F I,30,305.79
2025-12-01,10:10:23.703185518,T,IBM,F I,1,305.84
2025-12-01,10:10:23.703251671,T,IBM,F I,2,305.84
2025-12-01,10:10:23.986592191,T,IBM,F I,8,305.81
2025-12-01,10:10:26.825828110,T,IBM,F I,1,305.77
2025-12-01,10:10:36.828861691,T,IBM,F I,1,305.8
2025-12-01,10:10:38.200652508,T,IBM,F I,4,305.85
2025-12-01,10:10:38.200923243,T,IBM,F,70,305.8
2025-12-01,10:10:38.200925903,T,IBM,F I,15,305.8
2025-12-01,10:10:38.200950009,T,IBM,I,1,305.84
2025-12-01,10:10:38.200956017,T,IBM,F I,1,305.86
2025-12-01,10:10:38.200995110,T,IBM,F I,4,305.85
2025-12-01,10:10:38.201148506,T,IBM,F I,10,305.84
2025-12-01,10:10:38.218415696,T,IBM,F I,28,305.79
2025-12-01,10:10:38.607571956,T,IBM,F,40,305.73
2025-12-01,10:10:38.607632173,T,IBM,F,40,305.73
2025-12-01,10:10:39.201422656,T,IBM,F I,10,305.7
2025-12-01,10:10:42.514863516,T,IBM,F,80,305.68
2025-12-01,10:10:42.514896522,T,IBM,F I,10,305.66
2025-12-01,10:10:42.514905559,T,IBM,F I,10,305.66
2025-12-01,10:10:42.514962745,T,IBM,F,48,305.64
2025-12-01,10:10:42.515070974,T,IBM,F I,2,305.64
2025-12-01,10:10:42.515780687,T,IBM,F,50,305.62
2025-12-01,10:10:42.515831817,T,IBM,I,4,305.61
2025-12-01,10:10:42.535008429,T,IBM,I,5,305.61
2025-12-01,10:10:42.535047482,T,IBM,,91,305.61
2025-12-01,10:10:46.824795449,T,IBM,F I,10,305.63
2025-12-01,10:10:56.190612179,T,IBM,F I,10,305.66
2025-12-01,10:10:56.215685946,T,IBM,I,22,305.69
2025-12-01,10:10:56.215688759,T,IBM,,120,305.69
2025-12-01,10:10:56.215875241,T,IBM,F,40,305.7
2025-12-01,10:10:56.216013566,T,IBM,F,40,305.7
2025-12-01,10:10:56.231115524,T,IBM,F,40,305.72
2025-12-01,10:11:19.848840385,T,IBM,F I,30,305.77
2025-12-01,10:11:20.889293173,T,IBM,F I,30,305.78
2025-12-01,10:11:28.031854709,T,IBM,F,40,305.78
2025-12-01,10:11:28.031854709,T,IBM,F I,10,305.8
2025-12-01,10:11:28.031860379,T,IBM,F,100,305.8
2025-12-01,10:11:28.031860379,T,IBM,F I,14,305.81
2025-12-01,10:11:28.031869383,T,IBM,I,26,305.81
2025-12-01,10:11:28.031875417,T,IBM,,120,305.81
2025-12-01,10:11:28.031875417,T,IBM,I,4,305.81
2025-12-01,10:11:28.031923576,T,IBM,F,40,305.82
2025-12-01,10:11:28.031923576,T,IBM,F I,4,305.82
2025-12-01,10:11:33.282197647,T,IBM,F,100,305.79
2025-12-01,10:11:33.282750471,T,IBM,,49,305.69
2025-12-01,10:11:33.298559413,T,IBM,I,22,305.71
2025-12-01,10:11:39.074246318,T,IBM,F I,3,305.77
2025-12-01,10:11:46.899231819,T,IBM,F,45,305.8
2025-12-01,10:11:46.899234198,T,IBM,F I,9,305.78
2025-12-01,10:11:55.322658789,T,IBM,F I,10,305.84
2025-12-01,10:11:55.322661774,T,IBM,F I,30,305.86
2025-12-01,10:11:55.322664751,T,IBM,F I,9,305.88
2025-12-01,10:11:55.322664751,T,IBM,F,100,305.88
2025-12-01,10:11:55.322667248,T,IBM,F I,3,305.89
2025-12-01,10:11:55.322688347,T,IBM,I,1,305.89
2025-12-01,10:11:55.322688347,T,IBM,I,1,305.89
2025-12-01,10:11:55.322691561,T,IBM,,120,305.89
2025-12-01,10:11:55.322691561,T,IBM,I,27,305.89
2025-12-01,10:11:55.322694327,T,IBM,I,3,305.89
2025-12-01,10:11:55.322709451,T,IBM,I,1,305.89
2025-12-01,10:11:55.322712501,T,IBM,I,14,305.89
2025-12-01,10:11:55.322715463,T,IBM,F I,14,305.89
2025-12-01,10:11:55.562846784,T,IBM,F I,10,305.86
2025-12-01,10:11:55.562849034,T,IBM,F I,10,305.86
2025-12-01,10:11:55.562852121,T,IBM,F I,14,305.81
2025-12-01,10:11:57.219679281,T,IBM,F I,5,305.82
2025-12-01,10:11:59.377925977,T,IBM,F I,5,305.82
2025-12-01,10:12:00.575764530,T,IBM,F I,8,305.89
2025-12-01,10:12:00.575767538,T,IBM,F,40,305.9
2025-12-01,10:12:00.575770538,T,IBM,F I,2,305.9
2025-12-01,10:12:00.575785599,T,IBM,I,1,305.9
2025-12-01,10:12:00.575785599,T,IBM,I,7,305.9
2025-12-01,10:12:00.830119087,T,IBM,F I,17,305.84
2025-12-01,10:12:01.905828378,T,IBM,F I,10,305.84
2025-12-01,10:12:01.905831136,T,IBM,F I,10,305.82
2025-12-01,10:12:01.905833785,T,IBM,F I,25,305.8
2025-12-01,10:12:07.623970256,T,IBM,I,5,305.79
2025-12-01,10:12:07.623973003,T,IBM,,40,305.79
2025-12-01,10:12:07.623976042,T,IBM,F,80,305.78
2025-12-01,10:12:07.623979354,T,IBM,F,80,305.78
2025-12-01,10:12:07.623985387,T,IBM,F,80,305.77
2025-12-01,10:12:07.623988144,T,IBM,F I,1,305.77
2025-12-01,10:12:07.623991090,T,IBM,F I,1,305.77
2025-12-01,10:12:07.624240718,T,IBM,,40,305.78
2025-12-01,10:12:07.624345945,T,IBM,,40,305.79
2025-12-01,10:12:07.624366952,T,IBM,I,1,305.79
2025-12-01,10:12:07.820839687,T,IBM,F,120,305.74
2025-12-01,10:12:08.612285535,T,IBM,F,120,305.73
2025-12-01,10:12:08.612285535,T,IBM,F I,20,305.67
2025-12-01,10:12:08.612287891,T,IBM,F I,10,305.66
2025-12-01,10:12:08.612290773,T,IBM,F I,17,305.65
2025-12-01,10:12:08.612290773,T,IBM,F,50,305.65
2025-12-01,10:12:08.612302859,T,IBM,I,1,305.65
2025-12-01,10:12:08.620272127,T,IBM,,100,305.68
2025-12-01,10:12:08.620272127,T,IBM,,45,305.66
2025-12-01,10:12:08.620277853,T,IBM,I,4,305.66
2025-12-01,10:12:17.851000831,T,IBM,F I,10,305.79
2025-12-01,10:12:18.616214523,T,IBM,F,40,305.82
2025-12-01,10:12:18.616214523,T,IBM,F I,16,305.82
2025-12-01,10:12:18.616235528,T,IBM,I,10,305.82
2025-12-01,10:12:18.616734763,T,IBM,F I,10,305.83
2025-12-01,10:12:22.851454905,T,IBM,F I,10,305.9
2025-12-01,10:12:22.851458564,T,IBM,F I,14,305.89
2025-12-01,10:12:22.851458564,T,IBM,F I,10,305.88
2025-12-01,10:12:22.851461182,T,IBM,F,100,305.88
2025-12-01,10:12:22.851463846,T,IBM,F,100,305.85
2025-12-01,10:12:22.851466725,T,IBM,F,90,305.85
2025-12-01,10:12:33.404175864,T,IBM,F I,1,305.9
2025-12-01,10:12:34.805758423,T,IBM,F I,10,305.84
2025-12-01,10:12:34.805764474,T,IBM,F,120,305.83
2025-12-01,10:12:34.805767788,T,IBM,F I,29,305.83
2025-12-01,10:12:34.805767788,T,IBM,F,50,305.83
2025-12-01,10:12:34.805773714,T,IBM,F I,29,305.83
2025-12-01,10:12:34.805773714,T,IBM,F,40,305.83
2025-12-01,10:12:34.805776554,T,IBM,F I,12,305.83
2025-12-01,10:12:34.805788844,T,IBM,F I,8,305.83
2025-12-01,10:12:34.805788844,T,IBM,F I,2,305.83
2025-12-01,10:12:34.806311874,T,IBM,F I,8,305.82
2025-12-01,10:12:34.806738982,T,IBM,F,80,305.81
2025-12-01,10:12:34.806862099,T,IBM,I,10,305.81
2025-12-01,10:12:49.555796388,T,IBM,F,40,305.8
2025-12-01,10:13:03.475266133,T,IBM,F I,8,305.88
2025-12-01,10:13:03.475416704,T,IBM,F,40,305.89
2025-12-01,10:13:03.475416704,T,IBM,F,40,305.89
2025-12-01,10:13:03.475419401,T,IBM,F I,11,305.89
2025-12-01,10:13:18.086938937,T,IBM,,40,305.94
2025-12-01,10:13:38.571640992,T,IBM,F I,20,305.96
2025-12-01,10:13:38.571644107,T,IBM,F I,2,305.98
2025-12-01,10:13:38.571644107,T,IBM,F I,20,305.98
2025-12-01,10:13:38.571646932,T,IBM,F I,10,305.98
2025-12-01,10:13:38.571649939,T,IBM,F I,10,305.98
2025-12-01,10:13:38.571649939,T,IBM,F I,10,305.98
2025-12-01,10:13:38.571764301,T,IBM,F I,12,305.99
2025-12-01,10:13:38.571764301,T,IBM,F I,12,305.99
2025-12-01,10:13:38.572793107,T,IBM,F I,12,305.99
2025-12-01,10:13:38.957727122,T,IBM,I,16,305.99
2025-12-01,10:13:40.718256076,T,IBM,,40,306.05
2025-12-01,10:14:16.185641765,T,IBM,I,4,306.04
2025-12-01,10:14:16.186892795,T,IBM,,80,306.04
2025-12-01,10:14:16.186913837,T,IBM,F,90,306.04
2025-12-01,10:14:22.722020222,T,IBM,F I,27,306.11
2025-12-01,10:14:22.722023063,T,IBM,F I,14,306.11
2025-12-01,10:14:22.722038392,T,IBM,I,1,306.11
2025-12-01,10:14:23.239455854,T,IBM,F,47,306.02
2025-12-01,10:14:23.408587459,T,IBM,F I,11,306.01
2025-12-01,10:14:23.408587459,T,IBM,F I,36,306.01
2025-12-01,10:14:24.211486783,T,IBM,F I,3,305.92
2025-12-01,10:14:24.211486783,T,IBM,F I,5,305.92
2025-12-01,10:14:24.239486393,T,IBM,F I,1,305.93
2025-12-01,10:14:24.622721819,T,IBM,I,2,305.94
2025-12-01,10:14:37.230796920,T,IBM,F I,1,305.93
2025-12-01,10:14:37.248767667,T,IBM,I,1,305.91
2025-12-01,10:14:38.296942911,T,IBM,F I,1,305.9
2025-12-01,10:14:39.332650408,T,IBM,I,36,305.92
2025-12-01,10:15:05.248699306,T,IBM,F I,10,305.78
2025-12-01,10:15:05.248701868,T,IBM,F I,10,305.78
2025-12-01,10:15:05.248960506,T,IBM,F I,20,305.77
2025-12-01,10:15:05.249075304,T,IBM,F I,1,305.76
2025-12-01,10:15:05.249077711,T,IBM,F I,1,305.76
2025-12-01,10:15:05.249556059,T,IBM,F I,1,305.75
2025-12-01,10:15:05.249559090,T,IBM,F I,5,305.75
2025-12-01,10:15:05.249652274,T,IBM,F,100,305.74
2025-12-01,10:15:07.024477934,T,IBM,F I,1,305.76
2025-12-01,10:15:08.001554204,T,IBM,F,120,305.82
2025-12-01,10:15:08.001557778,T,IBM,F,40,305.82
2025-12-01,10:15:08.001560161,T,IBM,F I,16,305.82
2025-12-01,10:15:08.794418563,T,IBM,,40,305.875
2025-12-01,10:15:25.473248551,T,IBM,F I,10,305.89
2025-12-01,10:15:29.923993705,T,IBM,F I,11,305.94
2025-12-01,10:15:29.923996946,T,IBM,F I,1,305.94
2025-12-01,10:15:29.923999993,T,IBM,F,120,305.94
2025-12-01,10:15:29.923999993,T,IBM,F I,9,305.94
2025-12-01,10:15:29.924009013,T,IBM,F,40,305.95
2025-12-01,10:15:29.924059852,T,IBM,I,3,305.94
2025-12-01,10:15:29.924141100,T,IBM,F,40,305.96
2025-12-01,10:15:29.926158882,T,IBM,F I,22,305.94
2025-12-01,10:15:54.126710671,T,IBM,I,10,305.86
2025-12-01,10:15:54.126713718,T,IBM,I,10,305.86
2025-12-01,10:15:54.126713718,T,IBM,I,10,305.86
2025-12-01,10:16:08.543225042,T,IBM,F I,10,305.86
2025-12-01,10:16:08.543228042,T,IBM,F,70,305.9
2025-12-01,10:16:24.475136976,T,IBM,,45,305.855
2025-12-01,10:16:24.493279403,T,IBM,I,7,305.8
2025-12-01,10:16:24.493282133,T,IBM,I,4,305.78
2025-12-01,10:16:24.493285215,T,IBM,,86,305.78
2025-12-01,10:16:24.870401530,T,IBM,F I,1,305.77
2025-12-01,10:16:24.870401530,T,IBM,F,55,305.77
2025-12-01,10:16:24.870406927,T,IBM,F I,15,305.77
2025-12-01,10:16:24.870406927,T,IBM,F,40,305.76
2025-12-01,10:16:24.872322523,T,IBM,I,4,305.77
2025-12-01,10:16:24.872581160,T,IBM,F I,29,305.75
2025-12-01,10:16:24.903687218,T,IBM,I,1,305.71
2025-12-01,10:16:24.904366842,T,IBM,F,147,305.7
2025-12-01,10:16:25.021044537,T,IBM,F I,12,305.65
2025-12-01,10:16:32.203516899,T,IBM,I,9,305.61
2025-12-01,10:16:32.203552826,T,IBM,F I,8,305.59
2025-12-01,10:16:32.203573908,T,IBM,F I,3,305.59
2025-12-01,10:16:32.203576962,T,IBM,F I,1,305.59
2025-12-01,10:16:32.208463588,T,IBM,I,6,305.59
2025-12-01,10:16:32.208490625,T,IBM,I,10,305.58
2025-12-01,10:16:32.208511989,T,IBM,F I,10,305.58
2025-12-01,10:16:32.208511989,T,IBM,F I,3,305.58
2025-12-01,10:16:32.792089945,T,IBM,I,15,305.61
2025-12-01,10:16:33.126167282,T,IBM,I,1,305.58
2025-12-01,10:16:42.859452923,T,IBM,F I,18,305.65
2025-12-01,10:16:42.859459011,T,IBM,F I,18,305.65
2025-12-01,10:16:42.859549207,T,IBM,F I,18,305.68
2025-12-01,10:16:42.859552140,T,IBM,F I,1,305.68
2025-12-01,10:16:42.859582289,T,IBM,F I,1,305.69
2025-12-01,10:16:42.859606394,T,IBM,F,40,305.7
2025-12-01,10:16:42.859606394,T,IBM,F I,10,305.7
2025-12-01,10:16:42.859609293,T,IBM,F,120,305.7
2025-12-01,10:16:42.859642391,T,IBM,I,8,305.65
2025-12-01,10:16:42.859642391,T,IBM,I,3,305.65
2025-12-01,10:16:46.036104111,T,IBM,F,40,305.78
2025-12-01,10:16:46.036107151,T,IBM,F I,1,305.78
2025-12-01,10:16:46.036293619,T,IBM,F I,22,305.78
2025-12-01,10:16:50.341405170,T,IBM,F I,1,305.72
2025-12-01,10:17:03.277444341,T,IBM,F I,10,305.76
2025-12-01,10:17:03.277447768,T,IBM,F I,10,305.76
2025-12-01,10:17:03.277447768,T,IBM,F I,1,305.78
2025-12-01,10:17:03.277450245,T,IBM,F I,36,305.78
2025-12-01,10:17:03.277462240,T,IBM,I,1,305.78
2025-12-01,10:17:03.277555423,T,IBM,F I,1,305.78
2025-12-01,10:17:03.277585509,T,IBM,,40,305.74
2025-12-01,10:17:03.277661590,T,IBM,I,1,305.78
2025-12-01,10:17:03.277756990,T,IBM,F I,1,305.78
2025-12-01,10:17:03.277765973,T,IBM,F,40,305.78
2025-12-01,10:17:03.277777996,T,IBM,F I,1,305.78
2025-12-01,10:17:03.277883249,T,IBM,F,40,305.79
2025-12-01,10:17:03.323435634,T,IBM,,40,305.82
2025-12-01,10:17:33.748613775,T,IBM,F I,8,305.7
2025-12-01,10:17:45.436511008,T,IBM,F I,4,305.58
2025-12-01,10:17:45.436513701,T,IBM,F,80,305.58
2025-12-01,10:17:45.436516421,T,IBM,F I,5,305.58
2025-12-01,10:17:45.436534490,T,IBM,F,40,305.57
2025-12-01,10:17:45.436540636,T,IBM,F I,1,305.57
2025-12-01,10:17:45.436588611,T,IBM,F I,39,305.57
2025-12-01,10:17:45.436612729,T,IBM,F I,4,305.57
2025-12-01,10:17:45.436615660,T,IBM,F,98,305.56
2025-12-01,10:17:45.436997641,T,IBM,,48,305.56
2025-12-01,10:17:45.437481708,T,IBM,I,4,305.56
2025-12-01,10:17:48.841681612,T,IBM,F I,1,305.61
2025-12-01,10:17:53.739940197,T,IBM,F I,2,305.64
2025-12-01,10:17:53.747458083,T,IBM,F I,10,305.6
2025-12-01,10:18:11.895435555,T,IBM,F I,10,305.52
2025-12-01,10:18:11.895588870,T,IBM,F I,9,305.51
2025-12-01,10:18:11.895588870,T,IBM,F I,12,305.51
2025-12-01,10:18:11.949335805,T,IBM,,40,305.49
2025-12-01,10:18:11.949335805,T,IBM,I,12,305.49
2025-12-01,10:18:11.950875463,T,IBM,F I,6,305.43
2025-12-01,10:18:17.328848095,T,IBM,F I,14,305.5
2025-12-01,10:18:21.484046764,T,IBM,F I,10,305.5
2025-12-01,10:18:24.568555627,T,IBM,F,125,305.5
2025-12-01,10:18:27.385565607,T,IBM,F I,11,305.46
2025-12-01,10:18:27.385565607,T,IBM,F I,3,305.44
2025-12-01,10:18:30.890652677,T,IBM,I,30,305.5
2025-12-01,10:18:39.793322069,T,IBM,F I,8,305.48
2025-12-01,10:18:39.793324884,T,IBM,F I,6,305.44
2025-12-01,10:18:42.941475170,T,IBM,F,40,305.58
2025-12-01,10:18:42.941475170,T,IBM,F I,6,305.58
2025-12-01,10:18:42.941480449,T,IBM,F,40,305.58
2025-12-01,10:18:42.941480449,T,IBM,F,40,305.58
2025-12-01,10:18:42.941483326,T,IBM,F,40,305.58
2025-12-01,10:18:42.941964418,T,IBM,F,40,305.59
2025-12-01,10:18:45.160817464,T,IBM,I,36,305.65
2025-12-01,10:18:45.161007163,T,IBM,I,4,305.65
2025-12-01,10:18:45.161097145,T,IBM,F,40,305.69
2025-12-01,10:18:45.161100143,T,IBM,F I,30,305.69
2025-12-01,10:18:45.161202437,T,IBM,F I,23,305.7
2025-12-01,10:18:46.042357114,T,IBM,,45,305.67
2025-12-01,10:18:46.042360092,T,IBM,,61,305.66
2025-12-01,10:18:46.507272865,T,IBM,I,17,305.7
2025-12-01,10:18:47.194000155,T,IBM,F I,10,305.66
2025-12-01,10:18:47.194002658,T,IBM,F I,7,305.66
2025-12-01,10:18:49.243603788,T,IBM,F I,7,305.62
2025-12-01,10:18:59.322475141,T,IBM,F I,7,305.62
2025-12-01,10:19:02.062679312,T,IBM,F I,1,305.73
2025-12-01,10:19:02.062709412,T,IBM,F I,1,305.73
2025-12-01,10:19:02.062709412,T,IBM,F I,1,305.73
2025-12-01,10:19:02.062716554,T,IBM,F I,8,305.73
2025-12-01,10:19:02.062995088,T,IBM,,40,305.69
2025-12-01,10:19:02.063049289,T,IBM,I,3,305.69
2025-12-01,10:19:02.100831161,T,IBM,F I,15,305.71
2025-12-01,10:19:26.983908495,T,IBM,,45,305.66
2025-12-01,10:19:38.197898017,T,IBM,F I,1,305.61
2025-12-01,10:19:38.198093568,T,IBM,I,6,305.61
2025-12-01,10:19:38.320659265,T,IBM,F I,1,305.63
2025-12-01,10:19:40.330974906,T,IBM,F I,1,305.57
2025-12-01,10:20:00.252559305,T,IBM,F,40,305.59
2025-12-01,10:20:00.326045281,T,IBM,F I,2,305.5
2025-12-01,10:20:00.326045281,T,IBM,F I,20,305.49
2025-12-01,10:20:00.327377495,T,IBM,F I,2,305.44
2025-12-01,10:20:04.122805612,T,IBM,F I,14,305.43
2025-12-01,10:20:04.123358958,T,IBM,I,13,305.48
2025-12-01,10:20:04.123358958,T,IBM,,40,305.48
2025-12-01,10:20:04.123361977,T,IBM,I,16,305.48
2025-12-01,10:20:04.123395053,T,IBM,I,30,305.48
2025-12-01,10:20:04.123404096,T,IBM,F I,20,305.48
2025-12-01,10:20:08.292549828,T,IBM,I,16,305.43
2025-12-01,10:20:08.292949755,T,IBM,F I,10,305.4
2025-12-01,10:20:08.307011220,T,IBM,I,20,305.38
2025-12-01,10:20:08.307636669,T,IBM,I,1,305.38
2025-12-01,10:20:09.307053864,T,IBM,F I,5,305.34
2025-12-01,10:20:10.147085662,T,IBM,F I,1,305.33
2025-12-01,10:20:15.225232327,T,IBM,F I,5,305.34
2025-12-01,10:20:15.990809935,T,IBM,F I,2,305.39
2025-12-01,10:20:32.403671660,T,IBM,,80,305.42
2025-12-01,10:20:32.403671660,T,IBM,,40,305.42
2025-12-01,10:20:32.403677687,T,IBM,I,20,305.42
2025-12-01,10:20:32.403677687,T,IBM,I,36,305.42
2025-12-01,10:20:32.403687091,T,IBM,I,1,305.42
2025-12-01,10:20:32.403689330,T,IBM,F I,3,305.42
2025-12-01,10:20:32.403692418,T,IBM,F,80,305.42
2025-12-01,10:20:32.403692418,T,IBM,F I,1,305.42
2025-12-01,10:20:32.403695387,T,IBM,I,20,305.42
2025-12-01,10:20:32.403927083,T,IBM,F,40,305.43
2025-12-01,10:20:47.291831248,T,IBM,I,1,305.43
2025-12-01,10:20:47.291846259,T,IBM,I,9,305.43
2025-12-01,10:20:59.637883746,T,IBM,F I,1,305.34
2025-12-01,10:20:59.637883746,T,IBM,F I,24,305.34
2025-12-01,10:20:59.638103216,T,IBM,I,17,305.32
2025-12-01,10:20:59.638124316,T,IBM,F,103,305.32
2025-12-01,10:21:01.298346569,T,IBM,F I,23,305.24
2025-12-01,10:21:02.101877516,T,IBM,F I,12,305.21
2025-12-01,10:21:02.298359284,T,IBM,F I,12,305.16
2025-12-01,10:21:05.619411146,T,IBM,F I,12,305.15
2025-12-01,10:21:05.619420138,T,IBM,F,100,305.15
2025-12-01,10:21:18.378872582,T,IBM,I,10,305.19
2025-12-01,10:21:30.425721561,T,IBM,I,10,305.125
2025-12-01,10:21:33.345970363,T,IBM,F I,1,305.14
2025-12-01,10:21:33.346036510,T,IBM,F I,1,305.14
2025-12-01,10:21:33.346105737,T,IBM,F I,1,305.14
2025-12-01,10:21:33.346162777,T,IBM,F I,1,305.14
2025-12-01,10:21:37.750567672,T,IBM,F I,4,305.09
2025-12-01,10:21:58.584822719,T,IBM,F I,30,305.19
2025-12-01,10:21:58.584822719,T,IBM,F I,10,305.19
2025-12-01,10:21:58.584824460,T,IBM,F I,30,305.19
2025-12-01,10:21:58.585101003,T,IBM,I,10,305.22
2025-12-01,10:21:58.585272459,T,IBM,F,40,305.23
2025-12-01,10:21:58.585272459,T,IBM,F,80,305.24
2025-12-01,10:21:58.585275447,T,IBM,F I,5,305.24
2025-12-01,10:21:58.585492024,T,IBM,F I,35,305.24
2025-12-01,10:22:52.031714206,T,IBM,F,70,305.2
2025-12-01,10:22:52.846408255,T,IBM,F I,1,305.25
2025-12-01,10:22:52.846408255,T,IBM,F I,1,305.25
2025-12-01,10:22:52.846410872,T,IBM,F I,4,305.25
2025-12-01,10:22:52.846410872,T,IBM,F I,20,305.25
2025-12-01,10:22:52.846414409,T,IBM,F I,10,305.25
2025-12-01,10:22:52.846414409,T,IBM,F I,12,305.25
2025-12-01,10:22:52.846416600,T,IBM,F,40,305.25
2025-12-01,10:22:52.846509785,T,IBM,F I,4,305.27
2025-12-01,10:22:52.846512830,T,IBM,F,40,305.27
2025-12-01,10:22:52.846792517,T,IBM,F I,8,305.28
2025-12-01,10:22:52.846804488,T,IBM,F,40,305.28
2025-12-01,10:22:52.846807565,T,IBM,F,40,305.3
2025-12-01,10:22:52.846807565,T,IBM,F I,10,305.3
2025-12-01,10:22:56.251464480,T,IBM,F I,3,305.36
2025-12-01,10:22:56.251479740,T,IBM,F I,37,305.36
2025-12-01,10:22:56.251482452,T,IBM,F I,30,305.36
2025-12-01,10:22:56.251512594,T,IBM,F I,10,305.37
2025-12-01,10:22:56.251530606,T,IBM,F I,30,305.37
2025-12-01,10:23:01.146785073,T,IBM,F I,5,305.28
2025-12-01,10:23:01.158034818,T,IBM,F,100,305.33
2025-12-01,10:23:01.158037774,T,IBM,F I,30,305.34
2025-12-01,10:23:01.158037774,T,IBM,F I,10,305.34
2025-12-01,10:23:01.158040767,T,IBM,F I,24,305.36
2025-12-01,10:23:05.946387793,T,IBM,,94,305.33
2025-12-01,10:23:10.227304008,T,IBM,F I,5,305.26
2025-12-01,10:23:10.227306677,T,IBM,F I,1,305.26
2025-12-01,10:23:15.563371501,T,IBM,I,13,305.25
2025-12-01,10:23:16.570986081,T,IBM,I,2,305.23
2025-12-01,10:23:16.570992068,T,IBM,F I,2,305.2
2025-12-01,10:23:16.571713846,T,IBM,I,3,305.19
2025-12-01,10:23:28.253475863,T,IBM,I,10,305.16
2025-12-01,10:23:43.571716435,T,IBM,I,1,305.05
2025-12-01,10:23:43.572341881,T,IBM,F,40,305.04
2025-12-01,10:23:43.572344847,T,IBM,F,50,305.04
2025-12-01,10:23:45.069380659,T,IBM,F,120,305.03
2025-12-01,10:23:45.069494893,T,IBM,F I,3,305.02
2025-12-01,10:23:45.069539945,T,IBM,I,3,305.03
2025-12-01,10:23:45.069579218,T,IBM,F I,1,305.03
2025-12-01,10:23:45.069585038,T,IBM,I,3,305.03
2025-12-01,10:23:45.071380732,T,IBM,F I,1,305.01
2025-12-01,10:23:45.071384142,T,IBM,F,50,305.0
2025-12-01,10:23:45.071419470,T,IBM,F I,11,305.0
2025-12-01,10:23:45.092827389,T,IBM,,40,305.01
2025-12-01,10:23:45.093073974,T,IBM,F I,3,305.02
2025-12-01,10:23:45.093086078,T,IBM,F,50,305.02
2025-12-01,10:23:47.869285805,T,IBM,F I,14,305.05
2025-12-01,10:23:47.869291816,T,IBM,F I,8,305.05
2025-12-01,10:23:47.869318895,T,IBM,F,78,305.05
2025-12-01,10:23:47.869358424,T,IBM,F I,3,305.08
2025-12-01,10:23:47.869360989,T,IBM,F I,11,305.08
2025-12-01,10:23:47.869986505,T,IBM,I,8,305.09
2025-12-01,10:23:47.879988382,T,IBM,F,40,305.16
2025-12-01,10:23:55.359104783,T,IBM,F I,7,305.06
2025-12-01,10:24:22.495899994,T,IBM,F,50,304.94
2025-12-01,10:24:22.497193093,T,IBM,F,50,304.87
2025-12-01,10:24:22.497322433,T,IBM,,120,304.86
2025-12-01,10:24:22.497370488,T,IBM,F I,30,304.86
2025-12-01,10:24:22.497466834,T,IBM,,40,304.86
2025-12-01,10:24:22.497487866,T,IBM,I,1,304.86
2025-12-01,10:24:22.503153277,T,IBM,,45,304.82
2025-12-01,10:24:22.682217563,T,IBM,I,5,304.79
2025-12-01,10:24:32.894128427,T,IBM,I,8,304.72
2025-12-01,10:24:33.074052764,T,IBM,F,50,304.71
2025-12-01,10:24:33.078623684,T,IBM,F I,20,304.7
2025-12-01,10:24:33.090655346,T,IBM,,80,304.67
2025-12-01,10:24:33.129219073,T,IBM,,100,304.66
2025-12-01,10:24:39.008878865,T,IBM,F I,20,304.61
2025-12-01,10:24:47.715364010,T,IBM,F I,10,304.52
2025-12-01,10:24:47.715367042,T,IBM,F I,24,304.52
2025-12-01,10:24:47.715370095,T,IBM,F I,5,304.52
2025-12-01,10:24:47.715917318,T,IBM,F I,20,304.47
2025-12-01,10:24:47.717249565,T,IBM,F I,3,304.42
2025-12-01,10:24:47.717607406,T,IBM,,47,304.42
2025-12-01,10:24:47.730625718,T,IBM,F I,15,304.38
2025-12-01,10:24:47.730625718,T,IBM,F I,7,304.38
2025-12-01,10:24:47.730628448,T,IBM,F I,6,304.38
2025-12-01,10:25:02.663694174,T,IBM,F I,20,304.26
2025-12-01,10:25:02.663697192,T,IBM,F I,36,304.26
2025-12-01,10:25:02.663703265,T,IBM,F,58,304.26
2025-12-01,10:25:03.924968780,T,IBM,I,10,304.32
2025-12-01,10:25:09.086573194,T,IBM,I,10,304.36
2025-12-01,10:25:09.099212238,T,IBM,F I,1,304.35
2025-12-01,10:25:09.922054991,T,IBM,F I,5,304.4
2025-12-01,10:25:09.922058587,T,IBM,F I,5,304.4
2025-12-01,10:25:09.922061024,T,IBM,F I,17,304.4
2025-12-01,10:25:09.922503619,T,IBM,I,9,304.38
2025-12-01,10:25:09.922506059,T,IBM,I,10,304.36
2025-12-01,10:25:09.922509144,T,IBM,I,30,304.36
2025-12-01,10:25:09.922524575,T,IBM,I,1,304.36
2025-12-01,10:25:13.103027424,T,IBM,I,1,304.32
2025-12-01,10:25:13.103030643,T,IBM,I,17,304.32
2025-12-01,10:25:13.103331222,T,IBM,F,53,304.32
2025-12-01,10:25:13.103331222,T,IBM,F,50,304.32
2025-12-01,10:25:13.103334240,T,IBM,F I,6,304.32
2025-12-01,10:25:13.108139599,T,IBM,,100,304.25
2025-12-01,10:25:13.108146197,T,IBM,,40,304.25
2025-12-01,10:25:13.108146197,T,IBM,I,1,304.25
2025-12-01,10:25:13.109832733,T,IBM,,120,304.3
2025-12-01,10:25:13.109832733,T,IBM,I,32,304.3
2025-12-01,10:25:13.110085208,T,IBM,,120,304.3
2025-12-01,10:25:13.110091252,T,IBM,F I,10,304.3
2025-12-01,10:25:13.110187464,T,IBM,F,120,304.3
2025-12-01,10:25:13.110530282,T,IBM,F,77,304.3
2025-12-01,10:25:13.124444406,T,IBM,F,40,304.25
2025-12-01,10:25:13.124685066,T,IBM,F I,27,304.25
2025-12-01,10:25:13.124784235,T,IBM,F I,9,304.25
2025-12-01,10:25:13.124895539,T,IBM,I,1,304.25
2025-12-01,10:25:13.125145136,T,IBM,I,10,304.26
2025-12-01,10:25:13.125490900,T,IBM,F I,10,304.25
2025-12-01,10:25:13.125502998,T,IBM,F I,20,304.25
2025-12-01,10:25:13.151899825,T,IBM,I,1,304.25
2025-12-01,10:25:25.474467061,T,IBM,I,12,304.33
2025-12-01,10:25:25.474467061,T,IBM,,40,304.33
2025-12-01,10:25:25.474469278,T,IBM,I,27,304.34
2025-12-01,10:25:25.474494434,T,IBM,F I,13,304.34
2025-12-01,10:25:25.474496572,T,IBM,F I,27,304.34
2025-12-01,10:25:25.474514477,T,IBM,I,1,304.34
2025-12-01,10:25:25.474727798,T,IBM,F I,3,304.33
2025-12-01,10:25:25.474730780,T,IBM,F I,39,304.34
2025-12-01,10:25:25.474730780,T,IBM,F,40,304.34
2025-12-01,10:25:25.481713591,T,IBM,F,120,304.34
2025-12-01,10:25:25.482546416,T,IBM,I,3,304.32
2025-12-01,10:25:25.482588530,T,IBM,I,3,304.34
2025-12-01,10:25:29.431378856,T,IBM,F I,30,304.37
2025-12-01,10:25:29.431381762,T,IBM,F I,2,304.38
2025-12-01,10:25:29.431399806,T,IBM,F I,38,304.38
2025-12-01,10:25:29.435925558,T,IBM,,70,304.36
2025-12-01,10:25:29.435925558,T,IBM,I,5,304.36
2025-12-01,10:25:30.648601522,T,IBM,F I,20,304.34
2025-12-01,10:25:37.836742133,T,IBM,F I,10,304.34
2025-12-01,10:25:52.204756907,T,IBM,F I,24,304.3
2025-12-01,10:25:52.204777778,T,IBM,I,1,304.3
2025-12-01,10:25:52.204819923,T,IBM,F,119,304.3
2025-12-01,10:25:52.204822944,T,IBM,F,70,304.3
2025-12-01,10:25:52.204822944,T,IBM,F I,7,304.3
2025-12-01,10:25:52.205243908,T,IBM,F,70,304.28
2025-12-01,10:25:52.243531025,T,IBM,,40,304.26
2025-12-01,10:25:52.243558123,T,IBM,F I,10,304.25
2025-12-01,10:25:52.243594271,T,IBM,I,10,304.25
2025-12-01,10:25:52.243594271,T,IBM,I,1,304.25
2025-12-01,10:25:52.250985860,T,IBM,,40,304.23
2025-12-01,10:25:53.288629997,T,IBM,F,59,304.22
2025-12-01,10:25:53.288651367,T,IBM,F,41,304.22
2025-12-01,10:25:53.288654446,T,IBM,F,80,304.22
2025-12-01,10:25:53.288654446,T,IBM,F I,9,304.22
2025-12-01,10:25:53.288657114,T,IBM,I,1,304.22
2025-12-01,10:25:53.288714126,T,IBM,,80,304.22
2025-12-01,10:25:53.288720137,T,IBM,F I,6,304.22
2025-12-01,10:25:53.289453948,T,IBM,F I,17,304.2
2025-12-01,10:25:53.289490033,T,IBM,I,9,304.2
2025-12-01,10:25:53.289514054,T,IBM,F I,21,304.2
2025-12-01,10:25:53.315207197,T,IBM,I,4,304.14
2025-12-01,10:25:53.315285427,T,IBM,F I,1,304.14
2025-12-01,10:25:53.401413501,T,IBM,I,17,304.13
2025-12-01,10:25:53.401413501,T,IBM,I,3,304.12
2025-12-01,10:25:53.401768306,T,IBM,I,17,304.12
2025-12-01,10:25:53.522839656,T,IBM,I,5,304.11
2025-12-01,10:26:01.107203345,T,IBM,F I,10,304.06
2025-12-01,10:26:01.108779117,T,IBM,F I,6,304.01
2025-12-01,10:26:01.108782154,T,IBM,F I,24,304.01
2025-12-01,10:26:01.108785312,T,IBM,F,70,304.01
2025-12-01,10:26:01.108785312,T,IBM,F I,18,304.01
2025-12-01,10:26:01.277955817,T,IBM,F I,10,304.0
2025-12-01,10:26:01.277958839,T,IBM,F I,4,304.0
2025-12-01,10:26:01.278963274,T,IBM,F I,33,303.99
2025-12-01,10:26:01.279008881,T,IBM,F I,7,303.99
2025-12-01,10:26:01.293987055,T,IBM,I,5,303.89
2025-12-01,10:26:01.294720807,T,IBM,I,14,303.89
2025-12-01,10:26:01.295060603,T,IBM,F I,17,303.89
2025-12-01,10:26:01.295649981,T,IBM,I,3,303.89
2025-12-01,10:26:01.295794363,T,IBM,I,5,303.89
2025-12-01,10:26:01.296404830,T,IBM,I,1,303.89
2025-12-01,10:26:01.296404830,T,IBM,I,9,303.89
2025-12-01,10:26:01.297556471,T,IBM,,45,303.89
2025-12-01,10:26:01.298001552,T,IBM,I,34,303.89
2025-12-01,10:26:16.431167060,T,IBM,F I,9,303.97
2025-12-01,10:26:16.431483245,T,IBM,F I,4,303.99
2025-12-01,10:26:16.431485560,T,IBM,F I,5,304.0
2025-12-01,10:26:16.431518453,T,IBM,I,3,304.0
2025-12-01,10:26:16.431521436,T,IBM,I,1,304.0
2025-12-01,10:26:16.432979910,T,IBM,,40,304.01
2025-12-01,10:26:22.207205770,T,IBM,F,100,304.09
2025-12-01,10:26:23.593662309,T,IBM,F,80,304.2
2025-12-01,10:26:23.593665267,T,IBM,F I,18,304.2
2025-12-01,10:26:23.593683348,T,IBM,F I,22,304.2
2025-12-01,10:26:23.594110372,T,IBM,,82,304.18
2025-12-01,10:26:23.834698135,T,IBM,F I,20,304.3
2025-12-01,10:26:28.241385330,T,IBM,,45,304.285
2025-12-01,10:26:28.262369282,T,IBM,I,8,304.26
2025-12-01,10:26:30.459456627,T,IBM,F,40,304.35
2025-12-01,10:26:30.459513741,T,IBM,F I,8,304.37
2025-12-01,10:26:30.460052554,T,IBM,F I,20,304.41
2025-12-01,10:26:30.655144467,T,IBM,F,40,304.42
2025-12-01,10:26:42.133231476,T,IBM,I,4,304.435
2025-12-01,10:26:53.377033782,T,IBM,F I,1,304.49
2025-12-01,10:26:53.377036800,T,IBM,F I,10,304.49
2025-12-01,10:26:53.377040303,T,IBM,F I,10,304.49
2025-12-01,10:26:53.377042828,T,IBM,F I,10,304.49
2025-12-01,10:26:56.499868777,T,IBM,F I,2,304.44
2025-12-01,10:26:56.499998258,T,IBM,F,153,304.44
2025-12-01,10:26:56.499998258,T,IBM,F I,23,304.44
2025-12-01,10:26:56.553123083,T,IBM,,45,304.34
2025-12-01,10:26:56.553129239,T,IBM,I,25,304.33
2025-12-01,10:26:56.553129239,T,IBM,I,1,304.33
2025-12-01,10:26:56.553129239,T,IBM,I,1,304.33
2025-12-01,10:26:56.553131687,T,IBM,,112,304.33
2025-12-01,10:26:56.553131687,T,IBM,,56,304.33
2025-12-01,10:26:56.553146781,T,IBM,I,1,304.33
2025-12-01,10:27:00.384182694,T,IBM,F I,33,304.33
2025-12-01,10:27:00.384222507,T,IBM,F,40,304.32
2025-12-01,10:27:00.384222507,T,IBM,F I,26,304.32
2025-12-01,10:27:00.384383987,T,IBM,F I,20,304.32
2025-12-01,10:27:00.384429135,T,IBM,F,50,304.32
2025-12-01,10:27:00.451933815,T,IBM,F I,1,304.37
2025-12-01,10:27:10.137095829,T,IBM,I,10,304.48
2025-12-01,10:27:11.052778578,T,IBM,F I,12,304.4
2025-12-01,10:27:45.716040905,T,IBM,F I,20,304.31
2025-12-01,10:27:45.716040905,T,IBM,F I,12,304.3
2025-12-01,10:27:45.716046990,T,IBM,F,60,304.3
2025-12-01,10:27:45.716756662,T,IBM,I,1,304.3
2025-12-01,10:27:45.717027234,T,IBM,F I,19,304.3
2025-12-01,10:27:45.722789508,T,IBM,I,4,304.3
2025-12-01,10:27:45.723098712,T,IBM,F I,4,304.3
2025-12-01,10:27:45.727901185,T,IBM,I,1,304.3
2025-12-01,10:27:45.728457464,T,IBM,F I,4,304.29
2025-12-01,10:27:45.728608583,T,IBM,I,4,304.29
2025-12-01,10:27:45.731708195,T,IBM,,43,304.25
2025-12-01,10:27:45.757326173,T,IBM,,50,304.26
2025-12-01,10:27:45.803558289,T,IBM,,50,304.25
2025-12-01,10:27:52.796507654,T,IBM,F I,5,304.3
2025-12-01,10:27:52.796507654,T,IBM,F I,4,304.3
2025-12-01,10:27:59.409477634,T,IBM,F I,2,304.33
2025-12-01,10:27:59.409486709,T,IBM,F,40,304.34
2025-12-01,10:27:59.409501783,T,IBM,,40,304.34
2025-12-01,10:27:59.409805471,T,IBM,F,40,304.35
2025-12-01,10:27:59.409808479,T,IBM,F I,5,304.35
2025-12-01,10:28:02.256712787,T,IBM,F,80,304.36
2025-12-01,10:28:02.518064801,T,IBM,I,10,304.4
2025-12-01,10:28:02.518085907,T,IBM,I,10,304.37
2025-12-01,10:28:04.271578064,T,IBM,I,26,304.31
2025-12-01,10:28:04.271590111,T,IBM,F I,19,304.31
2025-12-01,10:28:04.271590111,T,IBM,F I,7,304.31
2025-12-01,10:28:11.306476938,T,IBM,F I,20,304.31
2025-12-01,10:28:11.306482987,T,IBM,F I,15,304.3
2025-12-01,10:28:11.306482987,T,IBM,F I,2,304.3
2025-12-01,10:28:11.306486069,T,IBM,F,70,304.3
2025-12-01,10:28:11.306489022,T,IBM,F I,14,304.3
2025-12-01,10:28:21.182608754,T,IBM,I,1,304.41
2025-12-01,10:28:21.182627195,T,IBM,I,1,304.4
2025-12-01,10:28:21.205694602,T,IBM,,100,304.325
2025-12-01,10:28:34.836381124,T,IBM,F,50,304.31
2025-12-01,10:28:50.033697865,T,IBM,I,10,304.24
2025-12-01,10:28:55.408023449,T,IBM,,74,304.32
2025-12-01,10:28:55.408023449,T,IBM,,80,304.32
2025-12-01,10:28:55.408028782,T,IBM,I,10,304.32
2025-12-01,10:28:55.408028782,T,IBM,I,20,304.32
2025-12-01,10:28:55.408064844,T,IBM,F,40,304.33
2025-12-01,10:28:55.408076889,T,IBM,I,11,304.34
2025-12-01,10:28:55.408125040,T,IBM,F I,2,304.36
2025-12-01,10:28:55.408155006,T,IBM,F I,38,304.36
2025-12-01,10:28:59.107651856,T,IBM,I,10,304.32
2025-12-01,10:28:59.107655291,T,IBM,I,10,304.32
2025-12-01,10:28:59.107657864,T,IBM,,70,304.31
2025-12-01,10:28:59.107661541,T,IBM,I,33,304.31
2025-12-01,10:28:59.107661541,T,IBM,I,4,304.31
2025-12-01,10:28:59.107664268,T,IBM,F I,19,304.31
2025-12-01,10:28:59.107666863,T,IBM,F I,1,304.31
2025-12-01,10:28:59.261170250,T,IBM,I,5,304.265
2025-12-01,10:29:05.008966351,T,IBM,F I,10,304.22
2025-12-01,10:29:05.008969166,T,IBM,F I,3,304.17
2025-12-01,10:29:20.618937508,T,IBM,F I,1,304.18
2025-12-01,10:29:20.936589679,T,IBM,F I,1,304.16
2025-12-01,10:29:20.940072589,T,IBM,,44,304.14
2025-12-01,10:29:21.078578694,T,IBM,I,10,304.2
2025-12-01,10:29:25.042314530,T,IBM,F I,20,304.12
2025-12-01,10:29:25.042318010,T,IBM,F I,2,304.12
2025-12-01,10:29:25.042321871,T,IBM,F I,1,304.12
2025-12-01,10:29:25.042324059,T,IBM,F I,1,304.12
2025-12-01,10:29:25.042326771,T,IBM,F I,12,304.12
2025-12-01,10:29:25.042326771,T,IBM,F I,8,304.12
2025-12-01,10:29:25.042879911,T,IBM,F I,5,304.12
2025-12-01,10:29:25.052042704,T,IBM,I,1,304.08
2025-12-01,10:29:25.070834412,T,IBM,I,1,304.08
2025-12-01,10:29:27.018123189,T,IBM,F I,20,303.97
2025-12-01,10:29:27.018965009,T,IBM,I,1,303.97
2025-12-01,10:29:39.021175937,T,IBM,F I,4,303.97
2025-12-01,10:29:39.021175937,T,IBM,F I,20,303.96
2025-12-01,10:29:39.021178898,T,IBM,F I,3,303.96
2025-12-01,10:29:39.021193951,T,IBM,I,1,303.96
2025-12-01,10:29:39.021533742,T,IBM,I,9,303.96
2025-12-01,10:29:50.006991114,T,IBM,F I,19,304.08
2025-12-01,10:29:50.006997156,T,IBM,F I,21,304.08
2025-12-01,10:29:50.007000149,T,IBM,F,67,304.08
2025-12-01,10:29:50.007006215,T,IBM,I,5,304.08
2025-12-01,10:29:50.007012198,T,IBM,F I,8,304.08
2025-12-01,10:29:50.007015626,T,IBM,F,40,304.08
2025-12-01,10:29:50.007018397,T,IBM,F,40,304.08
2025-12-01,10:29:50.007018397,T,IBM,F I,4,304.08
2025-12-01,10:29:51.322941866,T,IBM,I,15,304.03
2025-12-01,10:29:56.014716872,T,IBM,F I,1,304.06
2025-12-01,10:30:00.900559015,T,IBM,F,100,303.89
2025-12-01,10:30:00.900562003,T,IBM,F I,9,303.89
2025-12-01,10:30:00.900562003,T,IBM,F I,9,303.89
2025-12-01,10:30:00.900646074,T,IBM,I,10,303.88
2025-12-01,10:30:00.900649050,T,IBM,I,4,303.88
2025-12-01,10:30:12.749645095,T,IBM,F,100,303.81
2025-12-01,10:30:12.749648169,T,IBM,F I,13,303.81
2025-12-01,10:30:12.749648169,T,IBM,F I,2,303.81
2025-12-01,10:30:12.749675184,T,IBM,F,40,303.8
2025-12-01,10:30:12.749726359,T,IBM,F I,1,303.8
2025-12-01,10:30:13.404084022,T,IBM,I,1,303.82
2025-12-01,10:31:03.617436625,T,IBM,I,19,303.835
2025-12-01,10:31:04.529231217,T,IBM,F I,4,303.76
2025-12-01,10:31:04.529345508,T,IBM,F I,1,303.75
2025-12-01,10:31:04.529351471,T,IBM,F,49,303.75
2025-12-01,10:31:04.529354546,T,IBM,F I,6,303.75
2025-12-01,10:31:12.942250899,T,IBM,I,10,303.87
2025-12-01,10:31:13.032255118,T,IBM,I,11,303.82
2025-12-01,10:31:13.032255118,T,IBM,I,29,303.82
2025-12-01,10:31:20.078106298,T,IBM,I,9,303.8
2025-12-01,10:31:20.078109271,T,IBM,,88,303.8
2025-12-01,10:31:23.400243715,T,IBM,F I,10,303.9
2025-12-01,10:31:23.400243715,T,IBM,F I,30,303.92
2025-12-01,10:31:23.400370146,T,IBM,I,10,303.92
2025-12-01,10:31:23.400373076,T,IBM,I,30,303.92
2025-12-01,10:31:23.400418125,T,IBM,I,10,303.92
2025-12-01,10:31:24.465108834,T,IBM,F I,10,303.9
2025-12-01,10:31:24.465108834,T,IBM,F I,10,303.9
2025-12-01,10:31:55.477380154,T,IBM,I,9,303.78
2025-12-01,10:31:55.477383107,T,IBM,,45,303.78
2025-12-01,10:32:00.106455902,T,IBM,F I,37,303.77
2025-12-01,10:32:00.106459021,T,IBM,F,91,303.76
2025-12-01,10:32:00.106459021,T,IBM,F I,1,303.76
2025-12-01,10:32:00.106461924,T,IBM,F I,14,303.76
2025-12-01,10:32:00.106479991,T,IBM,I,1,303.76
2025-12-01,10:32:00.106687443,T,IBM,F I,35,303.76
2025-12-01,10:32:00.106687443,T,IBM,F I,1,303.76
2025-12-01,10:32:00.106690414,T,IBM,F I,20,303.76
2025-12-01,10:32:13.390083578,T,IBM,F,100,303.85
2025-12-01,10:32:26.934308498,T,IBM,F I,1,303.76
2025-12-01,10:32:27.332167756,T,IBM,F I,10,303.8
2025-12-01,10:32:27.332170623,T,IBM,F I,10,303.8
2025-12-01,10:32:47.994682944,T,IBM,I,6,303.72
2025-12-01,10:32:47.994707046,T,IBM,F,44,303.72
2025-12-01,10:32:47.994710306,T,IBM,F I,3,303.72
2025-12-01,10:32:47.994713041,T,IBM,F,43,303.72
2025-12-01,10:32:47.994715951,T,IBM,F I,32,303.72
2025-12-01,10:32:47.994718976,T,IBM,F I,4,303.72
2025-12-01,10:32:47.994770123,T,IBM,,80,303.73
2025-12-01,10:32:47.994791130,T,IBM,I,1,303.73
2025-12-01,10:32:47.994791130,T,IBM,I,19,303.73
2025-12-01,10:32:48.015534556,T,IBM,I,1,303.71
2025-12-01,10:32:53.238960154,T,IBM,I,6,303.7
2025-12-01,10:32:53.238963079,T,IBM,I,20,303.7
2025-12-01,10:32:53.804648787,T,IBM,F I,14,303.75
2025-12-01,10:32:58.873157705,T,IBM,F I,6,303.67
2025-12-01,10:32:58.980771798,T,IBM,F I,10,303.68
2025-12-01,10:32:58.980771798,T,IBM,F I,10,303.67
2025-12-01,10:32:58.981126715,T,IBM,I,10,303.67
2025-12-01,10:33:00.014497593,T,IBM,F I,1,303.65
2025-12-01,10:33:00.061436382,T,IBM,I,13,303.61
2025-12-01,10:33:00.061716000,T,IBM,F I,20,303.6
2025-12-01,10:33:01.170491656,T,IBM,F I,1,303.58
2025-12-01,10:33:03.786476046,T,IBM,I,5,303.655
2025-12-01,10:33:11.039454206,T,IBM,F,40,303.68
2025-12-01,10:33:13.345953931,T,IBM,I,5,303.615
2025-12-01,10:33:17.383187878,T,IBM,I,20,303.67
2025-12-01,10:33:21.946094168,T,IBM,I,5,303.645
2025-12-01,10:33:26.084521926,T,IBM,F I,32,303.645
2025-12-01,10:33:27.576087737,T,IBM,F I,13,303.61
2025-12-01,10:33:27.576445609,T,IBM,I,19,303.61
2025-12-01,10:33:27.576511731,T,IBM,F I,1,303.55
2025-12-01,10:33:47.081222851,T,IBM,F I,1,303.63
2025-12-01,10:33:55.043126701,T,IBM,F I,2,303.55
2025-12-01,10:33:56.065232929,T,IBM,I,2,303.52
2025-12-01,10:33:58.830348486,T,IBM,F I,15,303.47
2025-12-01,10:33:58.830355045,T,IBM,F,100,303.47
2025-12-01,10:33:58.830355045,T,IBM,F I,1,303.46
2025-12-01,10:33:58.830357813,T,IBM,F I,2,303.46
2025-12-01,10:33:58.830357813,T,IBM,F I,6,303.46
2025-12-01,10:34:01.006220256,T,IBM,F I,20,303.52
2025-12-01,10:34:01.006343579,T,IBM,,80,303.55
2025-12-01,10:34:01.007227664,T,IBM,F I,5,303.56
2025-12-01,10:34:01.007255413,T,IBM,F I,25,303.56
2025-12-01,10:34:01.007257707,T,IBM,F I,5,303.58
2025-12-01,10:34:01.007323827,T,IBM,F I,1,303.59
2025-12-01,10:34:01.008051600,T,IBM,,100,303.58
2025-12-01,10:34:01.013413427,T,IBM,I,10,303.59
2025-12-01,10:34:01.013422441,T,IBM,F I,29,303.59
2025-12-01,10:34:01.013425731,T,IBM,F I,36,303.64
2025-12-01,10:34:01.013425731,T,IBM,F I,5,303.64
2025-12-01,10:34:01.013428377,T,IBM,F,40,303.64
2025-12-01,10:34:01.013434469,T,IBM,I,10,303.57
2025-12-01,10:34:01.013638872,T,IBM,I,32,303.605
2025-12-01,10:34:01.013663269,T,IBM,,68,303.605
2025-12-01,10:34:01.013665983,T,IBM,I,9,303.6
2025-12-01,10:34:01.013689991,T,IBM,I,11,303.6
2025-12-01,10:34:01.014859847,T,IBM,F,100,303.57
2025-12-01,10:34:01.015960400,T,IBM,F I,6,303.56
2025-12-01,10:34:01.025520243,T,IBM,I,25,303.66
2025-12-01,10:34:01.661952371,T,IBM,F,100,303.655
2025-12-01,10:34:03.527398002,T,IBM,I,6,303.615
2025-12-01,10:34:03.725257014,T,IBM,I,1,303.615
2025-12-01,10:34:03.812636251,T,IBM,I,19,303.615
2025-12-01,10:34:03.812825484,T,IBM,,80,303.615
2025-12-01,10:34:03.813123152,T,IBM,I,25,303.55
2025-12-01,10:34:03.813219973,T,IBM,I,5,303.55
2025-12-01,10:34:03.813222436,T,IBM,I,20,303.54
2025-12-01,10:34:03.813586358,T,IBM,I,12,303.54
2025-12-01,10:34:03.819875064,T,IBM,F,100,303.6
2025-12-01,10:34:03.819875064,T,IBM,F,100,303.57
2025-12-01,10:34:03.819877306,T,IBM,F,64,303.56
2025-12-01,10:34:03.862368417,T,IBM,F,40,303.67
2025-12-01,10:34:08.926267503,T,IBM,I,2,303.58
2025-12-01,10:34:08.930624991,T,IBM,,250,303.55
2025-12-01,10:34:08.930631076,T,IBM,I,4,303.55
2025-12-01,10:34:08.930648939,T,IBM,I,1,303.55
2025-12-01,10:34:08.930692155,T,IBM,I,10,303.54
2025-12-01,10:34:08.930694070,T,IBM,I,1,303.54
2025-12-01,10:34:09.089496045,T,IBM,F I,5,303.56
2025-12-01,10:34:09.089499093,T,IBM,F I,35,303.56
2025-12-01,10:34:09.932098883,T,IBM,I,7,303.53
2025-12-01,10:34:09.932101842,T,IBM,I,5,303.53
2025-12-01,10:34:10.178704153,T,IBM,F I,7,303.56
2025-12-01,10:34:10.178706821,T,IBM,F I,10,303.56
2025-12-01,10:34:10.179753360,T,IBM,I,23,303.62
2025-12-01,10:34:10.180165307,T,IBM,F,51,303.62
2025-12-01,10:34:16.040534518,T,IBM,F I,10,303.5
2025-12-01,10:34:16.040534518,T,IBM,F I,10,303.49
2025-12-01,10:34:17.291253937,T,IBM,I,20,303.45
2025-12-01,10:34:17.291900494,T,IBM,I,2,303.49
2025-12-01,10:34:21.696964152,T,IBM,I,7,303.44
2025-12-01,10:34:34.217916045,T,IBM,I,10,303.44
2025-12-01,10:34:34.217916045,T,IBM,I,10,303.42
2025-12-01,10:34:34.217919506,T,IBM,I,20,303.41
2025-12-01,10:34:34.217922541,T,IBM,,70,303.41
2025-12-01,10:34:34.217922541,T,IBM,I,29,303.41
2025-12-01,10:34:34.217931439,T,IBM,I,1,303.41
2025-12-01,10:34:34.218103101,T,IBM,F,50,303.41
2025-12-01,10:34:34.218105528,T,IBM,F,75,303.41
2025-12-01,10:34:34.218108551,T,IBM,F,40,303.41
2025-12-01,10:34:34.218108551,T,IBM,F,46,303.41
2025-12-01,10:34:35.082218618,T,IBM,F I,10,303.4
2025-12-01,10:34:35.082221622,T,IBM,F I,30,303.36
2025-12-01,10:34:35.087445138,T,IBM,F I,20,303.36
2025-12-01,10:34:35.087448165,T,IBM,F I,32,303.33
2025-12-01,10:34:35.087451114,T,IBM,F,68,303.33
2025-12-01,10:34:39.878230903,T,IBM,I,7,303.34
2025-12-01,10:34:39.919982256,T,IBM,F I,5,303.46
2025-12-01,10:34:57.099738647,T,IBM,I,7,303.54
2025-12-01,10:35:02.041646125,T,IBM,F,40,303.59
2025-12-01,10:35:03.059677599,T,IBM,,100,303.61
2025-12-01,10:35:03.059677599,T,IBM,I,14,303.605
2025-12-01,10:35:28.101106179,T,IBM,,45,303.61
2025-12-01,10:35:29.424668031,T,IBM,F I,5,303.53
2025-12-01,10:35:29.504291654,T,IBM,F I,8,303.52
2025-12-01,10:35:29.564591146,T,IBM,F I,4,303.52
2025-12-01,10:35:32.116225503,T,IBM,F I,10,303.6
2025-12-01,10:35:32.116225503,T,IBM,F I,17,303.61
2025-12-01,10:35:40.483590484,T,IBM,F I,2,303.61
2025-12-01,10:35:40.483590484,T,IBM,F I,5,303.62
2025-12-01,10:35:40.483680642,T,IBM,I,2,303.62
2025-12-01,10:35:40.483680642,T,IBM,,40,303.63
2025-12-01,10:35:40.484050760,T,IBM,F I,7,303.59
2025-12-01,10:35:40.484691706,T,IBM,I,12,303.62
2025-12-01,10:35:40.484694399,T,IBM,I,9,303.62
2025-12-01,10:35:40.484694399,T,IBM,I,3,303.62
2025-12-01,10:35:41.149703051,T,IBM,I,3,303.59
2025-12-01,10:35:41.149706132,T,IBM,I,2,303.59
2025-12-01,10:35:42.555664121,T,IBM,F I,1,303.62
2025-12-01,10:36:01.426673682,T,IBM,F I,2,303.61
2025-12-01,10:36:04.503730759,T,IBM,F I,6,303.64
2025-12-01,10:36:04.503742835,T,IBM,F I,4,303.64
2025-12-01,10:36:04.514087447,T,IBM,I,9,303.64
2025-12-01,10:36:09.226656926,T,IBM,F I,1,303.68
2025-12-01,10:36:10.564430657,T,IBM,F,71,303.68
2025-12-01,10:36:12.740594114,T,IBM,F,50,303.7
2025-12-01,10:36:12.740648322,T,IBM,F I,4,303.7
2025-12-01,10:36:12.740651426,T,IBM,F,40,303.7
2025-12-01,10:36:12.740654285,T,IBM,F I,10,303.7
2025-12-01,10:36:12.741337127,T,IBM,F I,18,303.71
2025-12-01,10:36:12.741339833,T,IBM,F,40,303.71
2025-12-01,10:36:12.744337945,T,IBM,F,40,303.72
2025-12-01,10:36:12.744368025,T,IBM,,40,303.72
2025-12-01,10:36:16.115332874,T,IBM,F I,1,303.78
2025-12-01,10:36:21.628158419,T,IBM,F I,9,303.78
2025-12-01,10:36:21.628411540,T,IBM,F I,4,303.81
2025-12-01,10:36:21.628413980,T,IBM,F I,8,303.82
2025-12-01,10:36:21.628417001,T,IBM,F I,3,303.82
2025-12-01,10:36:21.628417001,T,IBM,F I,1,303.82
2025-12-01,10:36:26.196032553,T,IBM,I,7,303.81
2025-12-01,10:36:26.196056583,T,IBM,I,7,303.8
2025-12-01,10:36:35.236249085,T,IBM,F I,4,303.85
2025-12-01,10:36:35.236252154,T,IBM,F,76,303.86
2025-12-01,10:36:35.236267153,T,IBM,I,1,303.86
2025-12-01,10:36:35.236294193,T,IBM,I,3,303.86
2025-12-01,10:36:49.746538630,T,IBM,I,1,303.76
2025-12-01,10:36:49.746571673,T,IBM,F I,20,303.76
2025-12-01,10:36:50.878776054,T,IBM,F,100,303.8
2025-12-01,10:37:00.034179015,T,IBM,I,1,303.76
2025-12-01,10:37:00.034179015,T,IBM,I,7,303.75
2025-12-01,10:37:00.034200344,T,IBM,F,63,303.75
2025-12-01,10:37:00.034200344,T,IBM,F I,37,303.75
2025-12-01,10:37:00.034206076,T,IBM,F I,36,303.75
2025-12-01,10:37:00.034221098,T,IBM,F I,1,303.76
2025-12-01,10:37:34.868146135,T,IBM,I,13,303.81
2025-12-01,10:37:43.050594839,T,IBM,I,12,303.69
2025-12-01,10:37:51.230379329,T,IBM,I,29,303.68
2025-12-01,10:37:51.230379329,T,IBM,I,1,303.68
2025-12-01,10:37:51.230382210,T,IBM,I,10,303.68
2025-12-01,10:37:51.231013811,T,IBM,F I,5,303.67
2025-12-01,10:37:51.231016765,T,IBM,F,40,303.67
2025-12-01,10:37:51.260787674,T,IBM,I,11,303.59
2025-12-01,10:37:51.851552990,T,IBM,I,12,303.52
2025-12-01,10:37:52.726594122,T,IBM,I,20,303.51
2025-12-01,10:37:52.726597042,T,IBM,,80,303.51
2025-12-01,10:37:55.411514654,T,IBM,,50,303.45
2025-12-01,10:37:55.411547804,T,IBM,F I,10,303.44
2025-12-01,10:37:55.411598847,T,IBM,F,40,303.44
2025-12-01,10:38:21.917122410,T,IBM,I,20,303.38
2025-12-01,10:38:22.002024215,T,IBM,I,20,303.38
2025-12-01,10:38:22.002026635,T,IBM,I,20,303.37
2025-12-01,10:38:22.002029487,T,IBM,I,21,303.37
2025-12-01,10:38:22.002047554,T,IBM,I,1,303.37
2025-12-01,10:38:22.002273081,T,IBM,F,48,303.37
2025-12-01,10:38:32.248727476,T,IBM,I,16,303.4
2025-12-01,10:38:38.570451757,T,IBM,F,40,303.46
2025-12-01,10:38:38.570454758,T,IBM,F I,8,303.47
2025-12-01,10:38:46.621556751,T,IBM,I,16,303.44
2025-12-01,10:38:55.914780660,T,IBM,F I,1,303.35
2025-12-01,10:38:55.914780660,T,IBM,F I,4,303.34
2025-12-01,10:39:03.305790662,T,IBM,I,4,303.33
2025-12-01,10:39:08.699833319,T,IBM,F I,2,303.46
2025-12-01,10:39:08.701015177,T,IBM,F I,2,303.5
2025-12-01,10:39:08.701024154,T,IBM,F,40,303.5
2025-12-01,10:39:08.701183553,T,IBM,F,42,303.5
2025-12-01,10:39:08.701463194,T,IBM,I,2,303.5
2025-12-01,10:39:08.701544747,T,IBM,F I,10,303.5
2025-12-01,10:39:08.702645048,T,IBM,F,40,303.5
2025-12-01,10:39:08.703866060,T,IBM,,40,303.5
2025-12-01,10:39:08.749860399,T,IBM,F I,7,303.4
2025-12-01,10:39:08.749863448,T,IBM,F,80,303.4
2025-12-01,10:39:08.749965624,T,IBM,,40,303.41
2025-12-01,10:39:12.400536053,T,IBM,,40,303.375
2025-12-01,10:39:12.404186697,T,IBM,,40,303.375
2025-12-01,10:39:12.410237069,T,IBM,,40,303.4
