DATE,TIME_M,EX,SYM_ROOT,TR_SCOND,SIZE,PRICE
2025-12-22,9:30:00.006150710,T,IBM,TI,4,300.87
2025-12-22,9:30:00.006728105,T,IBM,TI,1,300.87
2025-12-22,9:30:00.029537344,T,IBM,TI,1,300.87
2025-12-22,9:30:01.219136322,T,IBM,F I,5,301.01
2025-12-22,9:30:01.219145366,T,IBM,Q,5,301.01
2025-12-22,9:30:01.982608980,T,IBM,I,14,300.96
2025-12-22,9:30:01.993957944,T,IBM,I,1,301.0
2025-12-22,9:30:02.179475939,T,IBM,F I,5,300.84
2025-12-22,9:30:02.179475939,T,IBM,F I,5,300.93
2025-12-22,9:30:02.179478637,T,IBM,F I,4,301.0
2025-12-22,9:30:02.179514670,T,IBM,F I,14,301.0
2025-12-22,9:30:02.783755293,T,IBM,I,15,301.0
2025-12-22,9:30:02.805328653,T,IBM,F I,8,301.0
2025-12-22,9:30:02.904844562,T,IBM,F I,14,301.0
2025-12-22,9:30:03.324249861,T,IBM,I,14,301.01
2025-12-22,9:30:03.731560600,T,IBM,I,5,300.94
2025-12-22,9:30:03.731560600,T,IBM,I,5,300.98
2025-12-22,9:30:04.044220704,T,IBM,I,5,300.73
2025-12-22,9:30:04.830469451,T,IBM,I,2,300.72
2025-12-22,9:30:05.610174724,T,IBM,I,9,300.72
2025-12-22,9:30:05.610174724,T,IBM,I,2,300.72
2025-12-22,9:30:05.790089812,T,IBM,I,11,300.73
2025-12-22,9:30:05.790089812,T,IBM,I,1,300.73
2025-12-22,9:30:12.800020433,T,IBM,I,10,300.51
2025-12-22,9:30:12.800134666,T,IBM,F I,2,300.51
2025-12-22,9:30:12.800137726,T,IBM,F I,8,300.48
2025-12-22,9:30:12.800239943,T,IBM,F I,2,300.48
2025-12-22,9:30:12.800321124,T,IBM,I,11,300.62
2025-12-22,9:30:12.800496443,T,IBM,F I,3,300.6
2025-12-22,9:30:12.800688787,T,IBM,I,5,300.73
2025-12-22,9:30:12.800691567,T,IBM,I,5,300.74
2025-12-22,9:30:12.800694086,T,IBM,I,30,300.75
2025-12-22,9:30:12.877755472,T,IBM,F I,1,300.78
2025-12-22,9:30:18.323265848,T,IBM,I,5,300.68
2025-12-22,9:30:18.323268920,T,IBM,I,5,300.69
2025-12-22,9:30:18.337673147,T,IBM,,80,300.71
2025-12-22,9:30:35.643399560,T,IBM,F I,18,300.72
2025-12-22,9:30:39.115450058,T,IBM,I,3,300.72
2025-12-22,9:30:46.754514318,T,IBM,F I,1,300.68
2025-12-22,9:30:46.754646679,T,IBM,F I,1,300.72
2025-12-22,9:30:46.755130803,T,IBM,F I,1,300.72
2025-12-22,9:30:46.772157396,T,IBM,F I,1,300.72
2025-12-22,9:30:46.772590372,T,IBM,F I,1,300.72
2025-12-22,9:30:46.781115641,T,IBM,I,15,300.72
2025-12-22,9:30:47.423144013,T,IBM,I,1,300.74
2025-12-22,9:30:59.151442114,T,IBM,I,18,300.82
2025-12-22,9:30:59.151469198,T,IBM,F I,1,300.81
2025-12-22,9:30:59.174732517,T,IBM,I,6,300.82
2025-12-22,9:30:59.175968444,T,IBM,I,6,300.82
2025-12-22,9:31:01.517427042,T,IBM,F I,18,300.82
2025-12-22,9:31:01.517429552,T,IBM,F I,9,300.82
2025-12-22,9:31:07.378586409,T,IBM,,80,300.82
2025-12-22,9:31:10.197136263,T,IBM,,100,301.05
2025-12-22,9:31:10.197214694,T,IBM,I,4,301.06
2025-12-22,9:31:10.197214694,T,IBM,I,2,301.06
2025-12-22,9:31:10.197220977,T,IBM,F I,38,301.06
2025-12-22,9:31:10.197223454,T,IBM,F I,2,301.07
2025-12-22,9:31:10.197223454,T,IBM,F I,2,301.07
2025-12-22,9:31:10.197391837,T,IBM,I,6,301.07
2025-12-22,9:31:10.197398622,T,IBM,I,32,301.07
2025-12-22,9:31:10.197398622,T,IBM,I,4,301.07
2025-12-22,9:31:10.197421966,T,IBM,F I,6,301.07
2025-12-22,9:31:10.197476069,T,IBM,F I,10,301.06
2025-12-22,9:31:10.197551225,T,IBM,F,40,301.07
2025-12-22,9:31:10.197686605,T,IBM,,40,301.07
2025-12-22,9:31:10.198612759,T,IBM,,40,301.07
2025-12-22,9:31:10.198633831,T,IBM,,40,301.07
2025-12-22,9:31:10.198651879,T,IBM,F I,30,301.07
2025-12-22,9:31:10.214075585,T,IBM,F,44,301.06
2025-12-22,9:31:10.214084582,T,IBM,I,17,301.08
2025-12-22,9:31:10.214087608,T,IBM,I,6,301.06
2025-12-22,9:31:10.214099566,T,IBM,F I,6,301.06
2025-12-22,9:31:10.214102791,T,IBM,F I,6,301.06
2025-12-22,9:31:10.214102791,T,IBM,F I,6,301.06
2025-12-22,9:31:10.214108665,T,IBM,F I,3,301.06
2025-12-22,9:31:10.214168841,T,IBM,F I,13,301.06
2025-12-22,9:31:10.214192791,T,IBM,F I,34,301.06
2025-12-22,9:31:10.214210849,T,IBM,I,2,301.06
2025-12-22,9:31:10.214213843,T,IBM,I,34,301.06
2025-12-22,9:31:10.214231931,T,IBM,I,6,301.06
2025-12-22,9:31:11.217907377,T,IBM,I,5,300.88
2025-12-22,9:31:11.217907377,T,IBM,I,35,300.83
2025-12-22,9:31:13.880466569,T,IBM,I,14,300.81
2025-12-22,9:31:13.880466569,T,IBM,I,35,300.81
2025-12-22,9:31:13.880469465,T,IBM,I,20,300.81
2025-12-22,9:31:13.880475499,T,IBM,I,10,300.8
2025-12-22,9:31:13.880475499,T,IBM,I,11,300.8
2025-12-22,9:31:13.880490559,T,IBM,F I,29,300.8
2025-12-22,9:31:13.880493533,T,IBM,F,40,300.8
2025-12-22,9:31:13.880496604,T,IBM,F I,20,300.8
2025-12-22,9:31:13.880980864,T,IBM,F I,39,300.96
2025-12-22,9:31:13.881206306,T,IBM,F I,18,300.95
2025-12-22,9:31:13.881230325,T,IBM,F I,18,300.95
2025-12-22,9:31:13.881248354,T,IBM,F I,18,300.95
2025-12-22,9:31:13.881284399,T,IBM,F I,18,300.95
2025-12-22,9:31:13.881961104,T,IBM,I,39,300.96
2025-12-22,9:31:13.883251152,T,IBM,I,34,300.96
2025-12-22,9:31:13.883251152,T,IBM,,70,300.96
2025-12-22,9:31:16.962545725,T,IBM,F I,1,301.08
2025-12-22,9:31:16.962581693,T,IBM,F I,1,301.08
2025-12-22,9:31:16.962599669,T,IBM,F I,1,301.08
2025-12-22,9:31:16.962647870,T,IBM,F I,1,301.1
2025-12-22,9:31:16.962698912,T,IBM,F I,1,301.1
2025-12-22,9:31:16.971076874,T,IBM,F I,1,301.11
2025-12-22,9:31:28.516900469,T,IBM,F I,20,301.5
2025-12-22,9:31:28.516906457,T,IBM,F,60,301.5
2025-12-22,9:31:28.516909937,T,IBM,I,2,301.5
2025-12-22,9:31:28.516909937,T,IBM,,50,301.5
2025-12-22,9:31:28.516912485,T,IBM,I,30,301.5
2025-12-22,9:31:28.516915455,T,IBM,F I,2,301.5
2025-12-22,9:31:28.516918489,T,IBM,F,48,301.5
2025-12-22,9:31:28.517399635,T,IBM,I,3,301.48
2025-12-22,9:31:30.145682913,T,IBM,I,5,301.39
2025-12-22,9:31:30.145685993,T,IBM,I,3,301.31
2025-12-22,9:31:30.145791117,T,IBM,F I,36,301.3
2025-12-22,9:31:30.145812177,T,IBM,I,1,301.3
2025-12-22,9:31:30.145821295,T,IBM,F I,20,301.3
2025-12-22,9:31:30.145830266,T,IBM,F I,3,301.3
2025-12-22,9:31:30.145830266,T,IBM,F I,17,301.3
2025-12-22,9:31:30.145833896,T,IBM,F I,23,301.3
2025-12-22,9:31:30.145836326,T,IBM,F I,1,301.3
2025-12-22,9:31:30.146124965,T,IBM,I,1,301.29
2025-12-22,9:31:30.153155715,T,IBM,,40,301.11
2025-12-22,9:31:30.153558690,T,IBM,,40,301.11
2025-12-22,9:31:30.776738263,T,IBM,F I,5,301.24
2025-12-22,9:31:31.146532028,T,IBM,F I,20,301.11
2025-12-22,9:31:31.146532028,T,IBM,F I,11,301.11
2025-12-22,9:31:31.146534726,T,IBM,F I,5,301.11
2025-12-22,9:31:31.146538172,T,IBM,F I,4,301.1
2025-12-22,9:31:31.146540732,T,IBM,F I,36,301.1
2025-12-22,9:31:31.146540732,T,IBM,F I,4,301.1
2025-12-22,9:31:31.147963125,T,IBM,F I,7,301.18
2025-12-22,9:31:31.147990199,T,IBM,F I,25,301.18
2025-12-22,9:31:31.148059364,T,IBM,F I,7,301.21
2025-12-22,9:31:31.148083397,T,IBM,F I,18,301.21
2025-12-22,9:31:31.148224713,T,IBM,F I,25,301.21
2025-12-22,9:31:31.148299888,T,IBM,F I,25,301.21
2025-12-22,9:31:31.148332944,T,IBM,F I,18,301.21
2025-12-22,9:31:31.149382465,T,IBM,I,35,301.11
2025-12-22,9:31:31.149386176,T,IBM,I,9,301.1
2025-12-22,9:31:31.149386176,T,IBM,I,10,301.1
2025-12-22,9:31:31.149389205,T,IBM,I,20,301.1
2025-12-22,9:31:31.149389205,T,IBM,I,26,301.1
2025-12-22,9:31:31.149406562,T,IBM,I,20,301.1
2025-12-22,9:31:31.439810872,T,IBM,F I,30,301.28
2025-12-22,9:31:31.439856050,T,IBM,F I,30,301.28
2025-12-22,9:31:31.439901137,T,IBM,F I,30,301.28
2025-12-22,9:31:31.439946242,T,IBM,F I,30,301.28
2025-12-22,9:31:31.439976322,T,IBM,F I,10,301.28
2025-12-22,9:31:32.159823882,T,IBM,I,9,301.06
2025-12-22,9:31:32.159826891,T,IBM,I,6,301.06
2025-12-22,9:31:34.065968618,T,IBM,I,9,301.06
2025-12-22,9:31:34.065968618,T,IBM,I,6,301.06
2025-12-22,9:31:34.908391130,T,IBM,I,10,301.06
2025-12-22,9:31:34.908393886,T,IBM,I,5,301.06
2025-12-22,9:31:35.161798145,T,IBM,,100,301.055
2025-12-22,9:31:35.812956237,T,IBM,I,10,300.93
2025-12-22,9:31:35.812956237,T,IBM,I,6,300.93
2025-12-22,9:31:37.129451701,T,IBM,I,10,300.93
2025-12-22,9:31:37.129451701,T,IBM,I,6,300.93
2025-12-22,9:31:37.129454495,T,IBM,I,10,300.93
2025-12-22,9:31:37.129454495,T,IBM,I,6,300.93
2025-12-22,9:31:39.116031456,T,IBM,I,3,300.93
2025-12-22,9:31:39.116031456,T,IBM,I,1,300.93
2025-12-22,9:31:39.706887000,T,IBM,,40,300.92
2025-12-22,9:31:39.706887000,T,IBM,F,40,300.92
2025-12-22,9:31:39.706890072,T,IBM,F I,20,300.92
2025-12-22,9:31:47.181441791,T,IBM,I,1,300.98
2025-12-22,9:31:52.148306143,T,IBM,F I,14,301.14
2025-12-22,9:31:52.148308900,T,IBM,F I,2,301.14
2025-12-22,9:31:52.148311756,T,IBM,F I,24,301.15
2025-12-22,9:31:52.148326766,T,IBM,F I,16,301.15
2025-12-22,9:31:52.148326766,T,IBM,I,1,301.15
2025-12-22,9:31:52.148699710,T,IBM,F,40,301.17
2025-12-22,9:31:52.148922264,T,IBM,F,40,301.17
2025-12-22,9:31:52.151463257,T,IBM,,40,301.17
2025-12-22,9:31:52.212178738,T,IBM,F I,35,301.06
2025-12-22,9:31:52.212178738,T,IBM,F I,10,301.05
2025-12-22,9:31:52.212180893,T,IBM,F I,5,301.05
2025-12-22,9:31:52.212180893,T,IBM,F I,35,301.05
2025-12-22,9:32:00.382507751,T,IBM,F I,8,300.97
2025-12-22,9:32:00.382528787,T,IBM,F I,10,300.94
2025-12-22,9:32:00.382537849,T,IBM,F I,20,300.94
2025-12-22,9:32:00.382556184,T,IBM,F I,30,300.94
2025-12-22,9:32:00.382556184,T,IBM,F,40,300.94
2025-12-22,9:32:00.382558942,T,IBM,F I,10,300.94
2025-12-22,9:32:00.382754394,T,IBM,I,38,300.92
2025-12-22,9:32:00.382754394,T,IBM,I,2,300.95
2025-12-22,9:32:05.707220798,T,IBM,F I,1,300.9
2025-12-22,9:32:11.613734609,T,IBM,F I,16,301.0
2025-12-22,9:32:11.613755728,T,IBM,F,40,300.935
2025-12-22,9:32:11.613755728,T,IBM,F I,10,301.03
2025-12-22,9:32:11.613758728,T,IBM,F,40,301.06
2025-12-22,9:32:11.613758728,T,IBM,F,70,301.06
2025-12-22,9:32:11.613774123,T,IBM,I,1,301.06
2025-12-22,9:32:11.614426252,T,IBM,F I,1,300.93
2025-12-22,9:32:12.033714454,T,IBM,F,40,300.81
2025-12-22,9:32:12.034048283,T,IBM,,40,300.73
2025-12-22,9:32:12.034069899,T,IBM,F I,8,300.71
2025-12-22,9:32:12.034069899,T,IBM,F I,32,300.71
2025-12-22,9:32:12.034072281,T,IBM,F,40,300.71
2025-12-22,9:32:12.072951833,T,IBM,I,20,300.7
2025-12-22,9:32:12.072951833,T,IBM,I,4,300.71
2025-12-22,9:32:12.072987976,T,IBM,F I,36,300.71
2025-12-22,9:32:12.072991024,T,IBM,F I,20,300.71
2025-12-22,9:32:12.072991024,T,IBM,F,40,300.71
2025-12-22,9:32:12.073397419,T,IBM,,40,300.72
2025-12-22,9:32:14.579710418,T,IBM,F I,1,300.72
2025-12-22,9:32:23.171009917,T,IBM,F,40,300.53
2025-12-22,9:32:23.171009917,T,IBM,F I,1,300.53
2025-12-22,9:32:26.244175428,T,IBM,I,17,300.55
2025-12-22,9:32:26.244434048,T,IBM,I,20,300.44
2025-12-22,9:32:26.244434048,T,IBM,I,3,300.44
2025-12-22,9:32:26.244876096,T,IBM,F I,1,300.34
2025-12-22,9:32:26.245038393,T,IBM,F I,1,300.34
2025-12-22,9:32:26.245050476,T,IBM,F I,1,300.34
2025-12-22,9:32:26.245056513,T,IBM,F I,1,300.34
2025-12-22,9:32:26.245072002,T,IBM,F I,16,300.34
2025-12-22,9:32:26.245074472,T,IBM,F I,1,300.34
2025-12-22,9:32:26.306045810,T,IBM,F I,18,300.19
2025-12-22,9:32:26.306123760,T,IBM,F,64,300.19
2025-12-22,9:32:26.306835565,T,IBM,I,3,300.18
2025-12-22,9:32:26.306925753,T,IBM,F I,3,300.18
2025-12-22,9:32:26.377726254,T,IBM,I,4,300.14
2025-12-22,9:32:27.127408000,T,IBM,,100,300.14
2025-12-22,9:32:27.165238071,T,IBM,,40,300.155
2025-12-22,9:32:32.260263983,T,IBM,,40,300.28
2025-12-22,9:32:32.303455879,T,IBM,,40,300.29
2025-12-22,9:32:32.305088752,T,IBM,,40,300.33
2025-12-22,9:32:32.745090175,T,IBM,F I,33,300.21
2025-12-22,9:32:32.745093571,T,IBM,F I,1,300.21
2025-12-22,9:32:32.745096347,T,IBM,F,40,300.21
2025-12-22,9:32:32.745096347,T,IBM,F,70,300.21
2025-12-22,9:32:32.745111465,T,IBM,I,1,300.21
2025-12-22,9:32:32.745114206,T,IBM,I,4,300.21
2025-12-22,9:32:32.745225486,T,IBM,F,100,300.21
2025-12-22,9:32:32.745572225,T,IBM,F,40,300.22
2025-12-22,9:32:32.745977256,T,IBM,I,19,300.22
2025-12-22,9:32:32.745998355,T,IBM,F,150,300.22
2025-12-22,9:32:32.746001290,T,IBM,F I,1,300.22
2025-12-22,9:32:32.746022356,T,IBM,F I,1,300.21
2025-12-22,9:32:32.746034465,T,IBM,I,9,300.26
2025-12-22,9:32:32.746037426,T,IBM,I,7,300.28
2025-12-22,9:32:32.746037426,T,IBM,I,15,300.29
2025-12-22,9:32:33.486947227,T,IBM,F I,1,300.19
2025-12-22,9:32:33.486950233,T,IBM,F I,19,300.13
2025-12-22,9:32:33.486968238,T,IBM,F I,21,300.13
2025-12-22,9:32:33.662147299,T,IBM,F I,2,300.0
2025-12-22,9:32:33.662147299,T,IBM,F I,1,300.0
2025-12-22,9:32:33.662240492,T,IBM,I,17,300.06
2025-12-22,9:32:33.662505147,T,IBM,F I,3,300.0
2025-12-22,9:32:33.662802858,T,IBM,I,35,300.0
2025-12-22,9:32:33.662829813,T,IBM,,43,300.0
2025-12-22,9:32:33.662832871,T,IBM,I,1,300.0
2025-12-22,9:32:33.662886954,T,IBM,I,10,299.99
2025-12-22,9:32:33.662941118,T,IBM,I,2,300.03
2025-12-22,9:32:33.663055455,T,IBM,F I,6,299.99
2025-12-22,9:32:33.663148679,T,IBM,F I,7,299.99
2025-12-22,9:32:33.663407285,T,IBM,I,10,300.13
2025-12-22,9:32:33.663588117,T,IBM,I,1,300.06
2025-12-22,9:32:33.663590638,T,IBM,I,35,300.01
2025-12-22,9:32:33.663593746,T,IBM,I,1,300.0
2025-12-22,9:32:33.663593746,T,IBM,I,3,300.0
2025-12-22,9:32:33.664186103,T,IBM,,40,300.07
2025-12-22,9:32:39.158235065,T,IBM,,40,299.815
2025-12-22,9:32:41.449867335,T,IBM,F I,25,299.88
2025-12-22,9:32:41.861108281,T,IBM,F I,20,299.92
2025-12-22,9:32:41.874075203,T,IBM,,40,300.01
2025-12-22,9:32:43.338293844,T,IBM,F I,1,299.93
2025-12-22,9:32:47.138990641,T,IBM,F I,20,299.93
2025-12-22,9:32:57.600733474,T,IBM,I,7,299.75
2025-12-22,9:32:59.595066095,T,IBM,I,20,300.0
2025-12-22,9:32:59.595069137,T,IBM,I,20,300.0
2025-12-22,9:33:12.934365350,T,IBM,F I,21,299.75
2025-12-22,9:33:12.934386439,T,IBM,F,46,299.75
2025-12-22,9:33:12.934386439,T,IBM,F I,1,299.75
2025-12-22,9:33:12.935008872,T,IBM,F I,1,299.7
2025-12-22,9:33:14.993159352,T,IBM,F I,4,299.93
2025-12-22,9:33:14.993808856,T,IBM,F I,35,299.83
2025-12-22,9:33:14.993808856,T,IBM,F I,1,299.82
2025-12-22,9:33:14.993814878,T,IBM,F I,35,299.82
2025-12-22,9:33:16.857456502,T,IBM,F I,2,299.76
2025-12-22,9:33:25.408158844,T,IBM,F I,1,299.88
2025-12-22,9:33:25.408180503,T,IBM,F I,35,299.89
2025-12-22,9:33:25.408185912,T,IBM,F,40,299.9
2025-12-22,9:33:25.408188991,T,IBM,F I,5,299.9
2025-12-22,9:33:25.408204036,T,IBM,F I,35,299.9
2025-12-22,9:33:25.408204036,T,IBM,F,40,299.9
2025-12-22,9:33:25.408207323,T,IBM,F I,5,299.9
2025-12-22,9:33:25.408207323,T,IBM,I,1,299.9
2025-12-22,9:33:25.408246151,T,IBM,F I,20,299.9
2025-12-22,9:33:25.408255139,T,IBM,F I,20,299.9
2025-12-22,9:33:25.408258109,T,IBM,F I,20,299.9
2025-12-22,9:33:25.408279168,T,IBM,I,20,299.9
2025-12-22,9:33:25.408285151,T,IBM,F I,11,299.9
2025-12-22,9:33:25.408646072,T,IBM,F,40,299.9
2025-12-22,9:33:25.409208390,T,IBM,F I,20,300.0
2025-12-22,9:33:31.149799306,T,IBM,,100,300.2
2025-12-22,9:33:35.333147933,T,IBM,F I,4,300.03
2025-12-22,9:33:35.333189981,T,IBM,F I,4,300.03
2025-12-22,9:33:38.461459438,T,IBM,F I,10,299.85
2025-12-22,9:33:38.461483055,T,IBM,F I,10,299.85
2025-12-22,9:33:38.461777690,T,IBM,F I,10,299.83
2025-12-22,9:33:38.464757844,T,IBM,I,39,299.9
2025-12-22,9:33:38.465082646,T,IBM,I,11,299.84
2025-12-22,9:33:38.465082646,T,IBM,,45,299.82
2025-12-22,9:33:38.465112618,T,IBM,I,11,299.81
2025-12-22,9:33:38.515064591,T,IBM,I,2,299.78
2025-12-22,9:33:38.515064591,T,IBM,I,4,299.78
2025-12-22,9:33:38.515067557,T,IBM,I,10,299.78
2025-12-22,9:33:47.348208464,T,IBM,I,16,299.68
2025-12-22,9:33:47.348208464,T,IBM,I,5,299.68
2025-12-22,9:34:00.195827908,T,IBM,I,25,299.92
2025-12-22,9:34:04.381465022,T,IBM,F,80,299.98
2025-12-22,9:34:04.381468016,T,IBM,F,40,300.05
2025-12-22,9:34:04.381483093,T,IBM,I,1,300.05
2025-12-22,9:34:04.381525230,T,IBM,F I,32,300.05
2025-12-22,9:34:04.382180728,T,IBM,F I,7,300.05
2025-12-22,9:34:04.382180728,T,IBM,F,40,300.05
2025-12-22,9:34:04.382183718,T,IBM,F,53,300.05
2025-12-22,9:34:04.382201780,T,IBM,I,6,300.03
2025-12-22,9:34:05.108105854,T,IBM,F I,18,300.0
2025-12-22,9:34:05.108108823,T,IBM,F I,5,300.0
2025-12-22,9:34:05.108202147,T,IBM,F I,20,299.99
2025-12-22,9:34:05.108226139,T,IBM,F I,3,299.99
2025-12-22,9:34:07.563357756,T,IBM,I,1,300.08
2025-12-22,9:34:15.163482196,T,IBM,F I,1,299.91
2025-12-22,9:34:19.528195650,T,IBM,I,1,299.88
2025-12-22,9:34:19.537295250,T,IBM,F,40,300.18
2025-12-22,9:34:55.037603797,T,IBM,F I,1,300.05
2025-12-22,9:34:55.037603797,T,IBM,F,80,300.05
2025-12-22,9:34:55.037615581,T,IBM,F,63,300.05
2025-12-22,9:34:55.037768966,T,IBM,F,40,300.05
2025-12-22,9:34:55.044577207,T,IBM,,80,300.05
2025-12-22,9:35:00.284764745,T,IBM,F,100,300.4
2025-12-22,9:35:00.285246197,T,IBM,I,24,300.43
2025-12-22,9:35:00.292225485,T,IBM,I,3,300.39
2025-12-22,9:35:01.164768009,T,IBM,I,12,300.29
2025-12-22,9:35:01.164834073,T,IBM,F,40,300.25
2025-12-22,9:35:01.165276394,T,IBM,F I,30,300.32
2025-12-22,9:35:01.172243732,T,IBM,,40,300.25
2025-12-22,9:35:01.201894332,T,IBM,F I,10,300.32
2025-12-22,9:35:01.596971727,T,IBM,F I,25,300.365
2025-12-22,9:35:01.596974770,T,IBM,,100,300.365
2025-12-22,9:35:01.991760451,T,IBM,F I,10,300.32
2025-12-22,9:35:05.432337892,T,IBM,I,2,300.5
2025-12-22,9:35:05.446609863,T,IBM,I,25,300.515
2025-12-22,9:35:05.577878348,T,IBM,I,20,300.4
2025-12-22,9:35:05.779926338,T,IBM,I,20,300.39
2025-12-22,9:35:05.779926338,T,IBM,I,1,300.39
2025-12-22,9:35:06.558846487,T,IBM,F I,10,300.5
2025-12-22,9:35:06.564569103,T,IBM,I,15,300.515
2025-12-22,9:35:14.930947819,T,IBM,F I,10,300.46
2025-12-22,9:35:14.930974917,T,IBM,F I,25,300.47
2025-12-22,9:35:15.565542550,T,IBM,F I,2,300.55
2025-12-22,9:35:31.859408245,T,IBM,,40,300.44
2025-12-22,9:35:32.139513003,T,IBM,,40,300.44
2025-12-22,9:35:32.144586241,T,IBM,I,20,300.44
2025-12-22,9:35:32.144586241,T,IBM,I,13,300.43
2025-12-22,9:35:32.144610785,T,IBM,F I,7,300.43
2025-12-22,9:35:32.144613685,T,IBM,F I,20,300.43
2025-12-22,9:35:32.144613685,T,IBM,F I,20,300.43
2025-12-22,9:35:32.144616396,T,IBM,F I,20,300.43
2025-12-22,9:35:32.144619197,T,IBM,F I,10,300.43
2025-12-22,9:35:32.145166508,T,IBM,F I,20,300.41
2025-12-22,9:35:32.146540710,T,IBM,I,12,300.39
2025-12-22,9:35:33.144709898,T,IBM,F I,1,300.38
2025-12-22,9:35:46.811178928,T,IBM,I,20,299.91
2025-12-22,9:35:46.817626256,T,IBM,F I,20,299.97
2025-12-22,9:35:46.817626256,T,IBM,F I,1,299.97
2025-12-22,9:35:46.817629240,T,IBM,F I,18,299.97
2025-12-22,9:35:46.817647214,T,IBM,I,1,299.97
2025-12-22,9:35:47.778928116,T,IBM,F I,8,299.91
2025-12-22,9:35:47.778928116,T,IBM,F I,9,299.91
2025-12-22,9:35:47.778930674,T,IBM,F I,9,299.91
2025-12-22,9:35:49.410254183,T,IBM,I,30,299.65
2025-12-22,9:35:49.411339782,T,IBM,I,20,299.62
2025-12-22,9:35:49.411339782,T,IBM,I,20,299.62
2025-12-22,9:35:49.427638503,T,IBM,F,80,299.61
2025-12-22,9:35:49.427641596,T,IBM,F I,20,299.58
2025-12-22,9:35:49.428029417,T,IBM,I,13,299.66
2025-12-22,9:36:00.780122921,T,IBM,F I,2,299.58
2025-12-22,9:36:00.780140932,T,IBM,F I,2,299.6
2025-12-22,9:36:00.780964888,T,IBM,F I,1,299.6
2025-12-22,9:36:02.125570799,T,IBM,F I,2,299.63
2025-12-22,9:36:02.125573941,T,IBM,F,100,299.66
2025-12-22,9:36:02.125573941,T,IBM,F I,10,299.67
2025-12-22,9:36:02.125576978,T,IBM,F,100,299.68
2025-12-22,9:36:02.125579823,T,IBM,F,100,299.7
2025-12-22,9:36:02.125579823,T,IBM,F I,17,299.72
2025-12-22,9:36:02.125835439,T,IBM,I,20,299.72
2025-12-22,9:36:02.125841474,T,IBM,I,4,299.73
2025-12-22,9:36:02.125847546,T,IBM,F I,36,299.73
2025-12-22,9:36:02.125850489,T,IBM,F I,9,299.73
2025-12-22,9:36:02.125850489,T,IBM,F I,4,299.73
2025-12-22,9:36:02.125862520,T,IBM,F,76,299.73
2025-12-22,9:36:02.125865583,T,IBM,F,44,299.74
2025-12-22,9:36:02.125907594,T,IBM,I,30,299.66
2025-12-22,9:36:02.125919644,T,IBM,F,76,299.74
2025-12-22,9:36:02.125949926,T,IBM,F I,17,299.7
2025-12-22,9:36:02.125952741,T,IBM,F I,13,299.73
2025-12-22,9:36:02.125964759,T,IBM,I,13,299.73
2025-12-22,9:36:02.125976756,T,IBM,F I,30,299.74
2025-12-22,9:36:02.125988947,T,IBM,F I,25,299.74
2025-12-22,9:36:02.125988947,T,IBM,F I,5,299.74
2025-12-22,9:36:02.126015861,T,IBM,F I,26,299.74
2025-12-22,9:36:02.126295550,T,IBM,F,40,299.74
2025-12-22,9:36:04.033333464,T,IBM,F I,19,299.73
2025-12-22,9:36:04.033333464,T,IBM,F I,2,299.73
2025-12-22,9:36:04.033336607,T,IBM,F I,16,299.74
2025-12-22,9:36:04.033339717,T,IBM,F,40,299.74
2025-12-22,9:36:04.033339717,T,IBM,F I,28,299.74
2025-12-22,9:36:04.033354437,T,IBM,F I,12,299.74
2025-12-22,9:36:04.033357483,T,IBM,F I,9,299.74
2025-12-22,9:36:04.190478477,T,IBM,,40,299.9
2025-12-22,9:36:07.676410002,T,IBM,F I,18,299.65
2025-12-22,9:36:07.676485136,T,IBM,F I,22,299.65
2025-12-22,9:36:07.676647586,T,IBM,F I,18,299.62
2025-12-22,9:36:07.676837045,T,IBM,I,20,299.67
2025-12-22,9:36:07.676839967,T,IBM,I,24,299.67
2025-12-22,9:36:08.676227263,T,IBM,F I,15,299.62
2025-12-22,9:36:08.676236807,T,IBM,F I,5,299.62
2025-12-22,9:36:08.676239162,T,IBM,F I,10,299.6
2025-12-22,9:36:08.676290224,T,IBM,F I,15,299.6
2025-12-22,9:36:08.676356418,T,IBM,I,15,299.59
2025-12-22,9:36:08.676473701,T,IBM,F I,15,299.59
2025-12-22,9:36:08.676633043,T,IBM,I,15,299.59
2025-12-22,9:36:08.676816428,T,IBM,I,16,299.59
2025-12-22,9:36:11.865836141,T,IBM,,95,299.735
2025-12-22,9:36:13.053185695,T,IBM,F I,25,299.82
2025-12-22,9:36:18.568708767,T,IBM,I,9,299.73
2025-12-22,9:36:18.587437294,T,IBM,F I,6,299.79
2025-12-22,9:36:20.400188619,T,IBM,F I,1,299.71
2025-12-22,9:36:20.400233780,T,IBM,F I,1,299.7
2025-12-22,9:36:20.400239711,T,IBM,F I,1,299.7
2025-12-22,9:36:20.400245799,T,IBM,F I,1,299.7
2025-12-22,9:36:20.400254767,T,IBM,I,1,299.7
2025-12-22,9:36:20.400269820,T,IBM,F I,1,299.7
2025-12-22,9:36:20.400402190,T,IBM,F I,25,299.7
2025-12-22,9:36:20.400820187,T,IBM,I,20,299.7
2025-12-22,9:36:22.747239907,T,IBM,I,1,299.57
2025-12-22,9:36:22.747260952,T,IBM,I,1,299.57
2025-12-22,9:36:22.747315150,T,IBM,I,3,299.64
2025-12-22,9:36:22.747330127,T,IBM,I,28,299.64
2025-12-22,9:36:22.756216368,T,IBM,I,3,299.66
2025-12-22,9:36:22.756285448,T,IBM,F I,3,299.68
2025-12-22,9:36:23.600067149,T,IBM,I,16,299.665
2025-12-22,9:36:23.600821943,T,IBM,I,20,299.8
2025-12-22,9:36:24.283997767,T,IBM,F I,2,299.71
2025-12-22,9:36:24.284057407,T,IBM,I,14,299.7
2025-12-22,9:36:28.137915033,T,IBM,F I,16,299.81
2025-12-22,9:36:28.137915033,T,IBM,F I,16,299.81
2025-12-22,9:36:28.137921281,T,IBM,F I,13,299.81
2025-12-22,9:36:28.137923938,T,IBM,I,10,299.82
2025-12-22,9:36:28.137929835,T,IBM,F I,6,299.82
2025-12-22,9:36:28.137929835,T,IBM,F I,10,299.82
2025-12-22,9:36:28.245165135,T,IBM,F I,10,299.97
2025-12-22,9:36:28.245165135,T,IBM,F I,2,299.97
2025-12-22,9:36:28.245189118,T,IBM,F I,25,299.96
2025-12-22,9:36:28.245450836,T,IBM,I,7,299.97
2025-12-22,9:36:28.245450836,T,IBM,I,1,299.97
2025-12-22,9:36:28.358462992,T,IBM,I,19,299.97
2025-12-22,9:36:28.358465819,T,IBM,I,1,299.97
2025-12-22,9:36:29.790838611,T,IBM,I,19,299.97
2025-12-22,9:36:32.695059393,T,IBM,F I,11,299.97
2025-12-22,9:36:32.695062509,T,IBM,F I,9,299.97
2025-12-22,9:36:32.695062509,T,IBM,F I,2,299.97
2025-12-22,9:36:32.695248926,T,IBM,F I,8,299.97
2025-12-22,9:36:32.695251868,T,IBM,F I,3,299.98
2025-12-22,9:36:32.695297397,T,IBM,F I,7,299.98
2025-12-22,9:36:32.695299981,T,IBM,F I,1,299.98
2025-12-22,9:36:32.695832527,T,IBM,F I,18,300.0
2025-12-22,9:36:32.695835275,T,IBM,F I,37,300.0
2025-12-22,9:36:32.695838242,T,IBM,F I,22,300.0
2025-12-22,9:36:32.696454737,T,IBM,I,2,299.95
2025-12-22,9:36:32.696457715,T,IBM,,43,299.94
2025-12-22,9:36:32.697804864,T,IBM,I,14,299.91
2025-12-22,9:36:33.035650144,T,IBM,F I,16,299.97
2025-12-22,9:36:37.879352872,T,IBM,F,40,300.05
2025-12-22,9:36:37.879352872,T,IBM,F I,2,300.05
2025-12-22,9:36:37.879371429,T,IBM,F I,10,300.05
2025-12-22,9:36:37.879373918,T,IBM,I,1,300.05
2025-12-22,9:36:37.879379928,T,IBM,F I,27,300.05
2025-12-22,9:36:37.879389389,T,IBM,F I,2,300.05
2025-12-22,9:36:37.879389389,T,IBM,F I,8,300.05
2025-12-22,9:36:37.879398024,T,IBM,F I,13,300.05
2025-12-22,9:36:37.879400925,T,IBM,F I,19,300.05
2025-12-22,9:36:37.879404182,T,IBM,F I,6,300.05
2025-12-22,9:36:37.879407044,T,IBM,F I,9,300.05
2025-12-22,9:36:37.880682068,T,IBM,F I,9,300.19
2025-12-22,9:36:37.880736206,T,IBM,F I,9,300.2
2025-12-22,9:36:37.880784243,T,IBM,F I,13,300.26
2025-12-22,9:36:37.880823402,T,IBM,F,79,300.26
2025-12-22,9:36:37.880853486,T,IBM,F I,27,300.26
2025-12-22,9:36:45.804250650,T,IBM,F I,25,300.03
2025-12-22,9:36:45.804301668,T,IBM,F I,16,299.98
2025-12-22,9:36:45.804304747,T,IBM,F I,4,299.98
2025-12-22,9:36:45.804304747,T,IBM,F I,20,299.97
2025-12-22,9:36:45.804319781,T,IBM,F I,20,299.97
2025-12-22,9:36:45.804322839,T,IBM,F I,13,299.97
2025-12-22,9:36:45.804322839,T,IBM,F I,7,299.97
2025-12-22,9:37:13.928768961,T,IBM,F I,1,299.86
2025-12-22,9:37:17.881742314,T,IBM,I,9,300.03
2025-12-22,9:37:17.881814825,T,IBM,F I,7,300.03
2025-12-22,9:37:17.881817415,T,IBM,F I,5,300.03
2025-12-22,9:37:17.881820438,T,IBM,F I,10,300.04
2025-12-22,9:37:17.881895628,T,IBM,F I,1,300.05
2025-12-22,9:37:17.881907653,T,IBM,F,119,300.05
2025-12-22,9:37:17.881913705,T,IBM,F I,1,300.05
2025-12-22,9:37:17.881937730,T,IBM,F I,21,300.05
2025-12-22,9:37:17.881946766,T,IBM,F I,1,300.09
2025-12-22,9:37:17.881967811,T,IBM,F I,4,300.04
2025-12-22,9:37:17.881979837,T,IBM,F I,1,300.09
2025-12-22,9:37:17.882172249,T,IBM,F I,25,300.09
2025-12-22,9:37:17.882391862,T,IBM,F I,25,300.09
2025-12-22,9:37:17.882433948,T,IBM,F I,25,300.09
2025-12-22,9:37:17.882479080,T,IBM,F I,4,300.09
2025-12-22,9:37:17.904686921,T,IBM,,45,300.03
2025-12-22,9:37:17.904713951,T,IBM,F I,25,300.03
2025-12-22,9:37:17.909654708,T,IBM,I,3,300.03
2025-12-22,9:37:17.909654708,T,IBM,I,22,300.03
2025-12-22,9:37:17.909723832,T,IBM,F,70,300.03
2025-12-22,9:37:17.909747898,T,IBM,I,1,300.025
2025-12-22,9:37:22.410563054,T,IBM,I,11,300.01
2025-12-22,9:37:22.410565468,T,IBM,I,8,300.01
2025-12-22,9:37:24.159192088,T,IBM,I,11,300.01
2025-12-22,9:37:24.159195135,T,IBM,I,8,300.01
2025-12-22,9:37:33.451953269,T,IBM,F I,19,300.04
2025-12-22,9:37:33.451956249,T,IBM,F I,21,300.02
2025-12-22,9:37:33.452175745,T,IBM,F,40,300.01
2025-12-22,9:37:34.452038069,T,IBM,I,14,300.05
2025-12-22,9:37:38.110691585,T,IBM,F,120,299.94
2025-12-22,9:37:38.111010492,T,IBM,F I,20,299.93
2025-12-22,9:37:38.111013418,T,IBM,F,100,299.94
2025-12-22,9:37:38.111031397,T,IBM,I,1,299.94
2025-12-22,9:37:38.111151702,T,IBM,F I,19,299.94
2025-12-22,9:37:38.111226877,T,IBM,,40,299.94
2025-12-22,9:37:38.111253971,T,IBM,F,40,299.94
2025-12-22,9:37:38.111269144,T,IBM,I,20,299.94
2025-12-22,9:37:38.793729358,T,IBM,F,40,299.83
2025-12-22,9:37:38.793731800,T,IBM,F,40,299.82
2025-12-22,9:37:38.793734715,T,IBM,F I,1,299.57
2025-12-22,9:37:38.793737684,T,IBM,F I,3,299.49
2025-12-22,9:37:38.793737684,T,IBM,F I,1,299.49
2025-12-22,9:37:38.793740819,T,IBM,F I,20,299.42
2025-12-22,9:37:38.793740819,T,IBM,F I,3,299.42
2025-12-22,9:37:38.793744363,T,IBM,F I,6,299.41
2025-12-22,9:37:38.793744363,T,IBM,F I,3,299.41
2025-12-22,9:37:38.793747180,T,IBM,F,160,299.4
2025-12-22,9:37:38.793749643,T,IBM,F I,6,299.29
2025-12-22,9:37:38.793749643,T,IBM,F I,3,299.29
2025-12-22,9:37:38.793755673,T,IBM,F I,1,299.23
2025-12-22,9:37:38.793755673,T,IBM,F,61,299.23
2025-12-22,9:37:38.793761703,T,IBM,,100,299.65
2025-12-22,9:37:38.793807381,T,IBM,F I,7,299.68
2025-12-22,9:37:38.793833918,T,IBM,F I,1,299.68
2025-12-22,9:37:38.793842909,T,IBM,F I,1,299.65
2025-12-22,9:37:38.793854932,T,IBM,F I,6,299.65
2025-12-22,9:37:38.793879047,T,IBM,F I,1,299.65
2025-12-22,9:37:38.793987247,T,IBM,F I,25,299.66
2025-12-22,9:37:38.793993241,T,IBM,F I,1,299.66
2025-12-22,9:37:38.793999240,T,IBM,F I,14,299.66
2025-12-22,9:37:38.794128637,T,IBM,I,7,299.79
2025-12-22,9:37:38.794158733,T,IBM,F I,1,299.63
2025-12-22,9:37:38.794161729,T,IBM,F I,20,299.63
2025-12-22,9:37:38.794164657,T,IBM,F I,20,299.63
2025-12-22,9:37:38.794180014,T,IBM,F,60,299.63
2025-12-22,9:37:38.794180014,T,IBM,F I,18,299.63
2025-12-22,9:37:38.794185864,T,IBM,F I,2,299.63
2025-12-22,9:37:38.794185864,T,IBM,F I,18,299.63
2025-12-22,9:37:38.794203960,T,IBM,F,62,299.63
2025-12-22,9:37:38.794206783,T,IBM,F I,18,299.63
2025-12-22,9:37:38.794230835,T,IBM,I,7,299.69
2025-12-22,9:37:38.794249292,T,IBM,F I,2,299.63
2025-12-22,9:37:38.794249292,T,IBM,F I,1,299.63
2025-12-22,9:37:38.794435521,T,IBM,F I,3,299.69
2025-12-22,9:37:38.794525525,T,IBM,F I,1,299.55
2025-12-22,9:37:38.794528591,T,IBM,F I,1,299.55
2025-12-22,9:37:38.794546618,T,IBM,F I,1,299.55
2025-12-22,9:37:38.794549620,T,IBM,F I,10,299.69
2025-12-22,9:37:38.794558630,T,IBM,F I,1,299.55
2025-12-22,9:37:38.794666860,T,IBM,F I,1,299.51
2025-12-22,9:37:38.794717973,T,IBM,F I,1,299.63
2025-12-22,9:37:38.794745043,T,IBM,I,30,299.63
2025-12-22,9:37:38.795403673,T,IBM,I,3,299.74
2025-12-22,9:37:38.802419292,T,IBM,I,19,299.71
2025-12-22,9:37:38.805727158,T,IBM,I,11,299.705
2025-12-22,9:37:38.808388539,T,IBM,F,44,299.64
2025-12-22,9:37:39.002621022,T,IBM,I,37,299.64
2025-12-22,9:37:39.002623887,T,IBM,I,13,299.61
2025-12-22,9:37:39.013762486,T,IBM,I,2,299.61
2025-12-22,9:37:39.013762486,T,IBM,I,23,299.61
2025-12-22,9:37:45.200892363,T,IBM,F I,1,299.59
2025-12-22,9:37:45.200946419,T,IBM,F I,1,299.61
2025-12-22,9:37:45.201169417,T,IBM,I,4,299.61
2025-12-22,9:37:52.421874287,T,IBM,F I,25,299.55
2025-12-22,9:37:52.421922426,T,IBM,F I,25,299.55
2025-12-22,9:37:52.421955596,T,IBM,F I,14,299.55
2025-12-22,9:38:02.624689124,T,IBM,F I,25,299.585
2025-12-22,9:38:02.624733992,T,IBM,F I,25,299.585
2025-12-22,9:38:07.694798153,T,IBM,F I,20,299.43
2025-12-22,9:38:07.694803523,T,IBM,F,40,299.42
2025-12-22,9:38:07.694803523,T,IBM,F I,19,299.42
2025-12-22,9:38:07.694806428,T,IBM,,145,299.42
2025-12-22,9:38:07.694812487,T,IBM,I,12,299.42
2025-12-22,9:38:07.694881610,T,IBM,F I,1,299.41
2025-12-22,9:38:08.209078713,T,IBM,I,20,299.27
2025-12-22,9:38:10.703613123,T,IBM,F,40,299.27
2025-12-22,9:38:10.703670307,T,IBM,F I,9,299.31
2025-12-22,9:38:10.703793551,T,IBM,F I,28,299.4
2025-12-22,9:38:10.703814583,T,IBM,I,1,299.4
2025-12-22,9:38:17.054991076,T,IBM,F,40,299.35
2025-12-22,9:38:17.054991076,T,IBM,F,56,299.35
2025-12-22,9:38:17.055024083,T,IBM,I,9,299.4
2025-12-22,9:38:17.055069205,T,IBM,F I,9,299.35
2025-12-22,9:38:19.589027432,T,IBM,,40,299.26
2025-12-22,9:38:19.589042469,T,IBM,I,3,299.26
2025-12-22,9:38:19.589640915,T,IBM,I,8,299.23
2025-12-22,9:38:19.589640915,T,IBM,I,1,299.23
2025-12-22,9:38:19.590101048,T,IBM,I,18,299.21
2025-12-22,9:38:19.590458895,T,IBM,I,20,299.22
2025-12-22,9:38:19.590461922,T,IBM,,62,299.21
2025-12-22,9:38:19.590488905,T,IBM,I,20,299.21
2025-12-22,9:38:23.898631787,T,IBM,F,40,299.21
2025-12-22,9:38:23.898686067,T,IBM,I,20,299.25
2025-12-22,9:38:23.898688866,T,IBM,,40,299.25
2025-12-22,9:38:23.898701003,T,IBM,I,5,299.25
2025-12-22,9:38:28.299524548,T,IBM,F I,25,299.295
2025-12-22,9:38:28.299569480,T,IBM,,45,299.295
2025-12-22,9:38:28.299575502,T,IBM,I,25,299.295
2025-12-22,9:38:28.299611639,T,IBM,F I,5,299.295
2025-12-22,9:38:28.930387264,T,IBM,F,40,299.3
2025-12-22,9:38:29.154327324,T,IBM,F,40,299.3
2025-12-22,9:38:30.180664617,T,IBM,F,40,299.25
2025-12-22,9:38:37.833023655,T,IBM,F I,10,299.32
2025-12-22,9:38:37.851168847,T,IBM,,45,299.34
2025-12-22,9:38:39.037249363,T,IBM,F,40,299.21
2025-12-22,9:38:39.037303418,T,IBM,I,20,299.28
2025-12-22,9:38:39.037303418,T,IBM,I,19,299.29
2025-12-22,9:38:43.393783467,T,IBM,I,10,299.22
2025-12-22,9:38:43.393783467,T,IBM,I,15,299.2
2025-12-22,9:38:43.393840551,T,IBM,F I,25,299.2
2025-12-22,9:38:44.404796107,T,IBM,F,40,299.06
2025-12-22,9:38:44.405189985,T,IBM,F I,1,299.06
2025-12-22,9:38:44.405945693,T,IBM,F I,20,299.0
2025-12-22,9:38:44.405948026,T,IBM,F I,2,299.0
2025-12-22,9:38:44.405950796,T,IBM,F I,1,299.0
2025-12-22,9:38:44.405950796,T,IBM,F I,1,299.0
2025-12-22,9:38:44.406844013,T,IBM,F,40,298.98
2025-12-22,9:38:44.406865112,T,IBM,F I,20,298.94
2025-12-22,9:38:44.406868001,T,IBM,F I,3,298.94
2025-12-22,9:38:44.624902064,T,IBM,F I,34,299.0
2025-12-22,9:38:44.624923101,T,IBM,I,1,299.0
2025-12-22,9:38:44.624923101,T,IBM,I,8,299.0
2025-12-22,9:39:06.542488193,T,IBM,F,40,298.94
2025-12-22,9:39:06.542491173,T,IBM,F I,12,298.94
2025-12-22,9:39:06.543288146,T,IBM,I,4,299.01
2025-12-22,9:39:07.841289180,T,IBM,I,3,298.96
2025-12-22,9:39:07.841313229,T,IBM,I,7,298.96
2025-12-22,9:39:07.841463549,T,IBM,I,3,298.97
2025-12-22,9:39:07.841607873,T,IBM,F,40,298.91
2025-12-22,9:39:07.841878618,T,IBM,I,8,298.85
2025-12-22,9:39:14.158980764,T,IBM,F I,25,298.98
2025-12-22,9:39:14.985276451,T,IBM,I,15,299.06
2025-12-22,9:39:14.985279425,T,IBM,I,8,299.06
2025-12-22,9:39:14.985282529,T,IBM,,45,299.06
2025-12-22,9:39:14.985282529,T,IBM,I,11,299.07
2025-12-22,9:39:14.985284904,T,IBM,I,12,299.07
2025-12-22,9:39:14.985287832,T,IBM,F,68,299.07
2025-12-22,9:39:14.985290945,T,IBM,F I,23,299.07
2025-12-22,9:39:14.985290945,T,IBM,F,65,299.07
2025-12-22,9:39:14.989173126,T,IBM,,45,299.075
2025-12-22,9:39:14.990024066,T,IBM,F I,34,299.07
2025-12-22,9:39:15.014219683,T,IBM,F I,10,299.06
2025-12-22,9:39:15.014219683,T,IBM,F I,35,299.04
2025-12-22,9:39:15.014228711,T,IBM,F I,25,299.04
2025-12-22,9:39:15.014255820,T,IBM,F I,12,299.04
2025-12-22,9:39:15.014610663,T,IBM,F I,14,299.02
2025-12-22,9:39:15.021145141,T,IBM,,100,299.1
2025-12-22,9:39:18.819138536,T,IBM,F I,10,299.15
2025-12-22,9:39:18.819240873,T,IBM,F,45,299.2
2025-12-22,9:39:19.950254723,T,IBM,F I,15,299.3
2025-12-22,9:39:19.950254723,T,IBM,F I,5,299.3
2025-12-22,9:39:19.950257209,T,IBM,F I,3,299.3
2025-12-22,9:39:19.950263296,T,IBM,F I,7,299.31
2025-12-22,9:39:19.950263296,T,IBM,I,8,299.31
2025-12-22,9:39:19.950266272,T,IBM,,45,299.31
2025-12-22,9:39:19.950377538,T,IBM,F I,1,299.36
2025-12-22,9:39:34.171546840,T,IBM,F,40,299.15
2025-12-22,9:39:34.171694176,T,IBM,,80,299.2
2025-12-22,9:39:34.171715170,T,IBM,I,1,299.2
2025-12-22,9:39:34.171715170,T,IBM,I,10,299.2
2025-12-22,9:39:34.171728320,T,IBM,I,9,299.2
2025-12-22,9:39:34.172677494,T,IBM,F I,10,299.26
2025-12-22,9:39:34.172915129,T,IBM,F,40,299.2
2025-12-22,9:39:34.172921132,T,IBM,I,3,299.17
2025-12-22,9:39:34.173594891,T,IBM,I,6,299.17
2025-12-22,9:39:34.173594891,T,IBM,I,3,299.17
2025-12-22,9:39:34.173597694,T,IBM,,80,299.2
2025-12-22,9:39:34.174157089,T,IBM,F,80,299.2
2025-12-22,9:39:34.174659228,T,IBM,,80,299.2
2025-12-22,9:39:34.175062511,T,IBM,I,3,299.17
2025-12-22,9:39:34.175065260,T,IBM,I,4,299.17
2025-12-22,9:39:34.175765831,T,IBM,F I,13,299.23
2025-12-22,9:39:34.176469493,T,IBM,,40,299.2
2025-12-22,9:39:34.177128142,T,IBM,,54,299.2
2025-12-22,9:39:34.177128142,T,IBM,I,26,299.2
2025-12-22,9:39:34.178253401,T,IBM,I,8,299.2
2025-12-22,9:39:34.178255739,T,IBM,F,72,299.2
2025-12-22,9:39:34.179188232,T,IBM,I,20,299.2
2025-12-22,9:39:34.179190986,T,IBM,F I,20,299.2
2025-12-22,9:39:35.545198972,T,IBM,F I,25,299.26
2025-12-22,9:39:38.388690024,T,IBM,F,40,299.21
2025-12-22,9:39:38.388692989,T,IBM,F,50,299.21
2025-12-22,9:39:49.708200906,T,IBM,F I,25,299.36
2025-12-22,9:39:49.708243014,T,IBM,F I,25,299.36
2025-12-22,9:40:00.178429853,T,IBM,I,25,299.415
2025-12-22,9:40:01.648752919,T,IBM,I,25,299.415
2025-12-22,9:40:01.648801089,T,IBM,I,25,299.415
2025-12-22,9:40:04.176438809,T,IBM,F,40,299.22
2025-12-22,9:40:04.176438809,T,IBM,F I,6,299.22
2025-12-22,9:40:04.176459470,T,IBM,F I,6,299.22
2025-12-22,9:40:04.176459470,T,IBM,I,1,299.22
2025-12-22,9:40:04.176486319,T,IBM,F I,25,299.22
2025-12-22,9:40:05.026983053,T,IBM,I,20,299.25
2025-12-22,9:40:20.210006817,T,IBM,F I,2,299.33
2025-12-22,9:40:24.319316191,T,IBM,I,25,299.43
2025-12-22,9:40:24.319788339,T,IBM,F,56,299.45
2025-12-22,9:40:24.319911698,T,IBM,F,40,299.49
2025-12-22,9:40:24.319914652,T,IBM,F I,20,299.44
2025-12-22,9:40:24.320564165,T,IBM,F,40,299.49
2025-12-22,9:40:24.320597339,T,IBM,F,40,299.49
2025-12-22,9:40:24.320606264,T,IBM,I,19,299.49
2025-12-22,9:40:24.327276149,T,IBM,,80,299.52
2025-12-22,9:40:24.327294272,T,IBM,I,1,299.52
2025-12-22,9:40:24.327303643,T,IBM,F,77,299.52
2025-12-22,9:40:38.959572118,T,IBM,I,17,299.5
2025-12-22,9:40:38.959572118,T,IBM,,83,299.46
2025-12-22,9:40:41.204644471,T,IBM,I,1,299.6
2025-12-22,9:40:41.212090155,T,IBM,I,26,299.47
2025-12-22,9:40:41.212117537,T,IBM,F I,8,299.47
2025-12-22,9:40:41.212117537,T,IBM,F I,17,299.48
2025-12-22,9:40:41.212129248,T,IBM,F I,23,299.45
2025-12-22,9:40:41.212129248,T,IBM,F I,3,299.45
2025-12-22,9:40:54.269350634,T,IBM,F,80,299.44
2025-12-22,9:40:54.269371682,T,IBM,I,1,299.44
2025-12-22,9:40:54.269374714,T,IBM,F I,6,299.44
2025-12-22,9:40:54.546024272,T,IBM,I,2,299.48
2025-12-22,9:40:54.546024272,T,IBM,I,20,299.48
2025-12-22,9:40:54.546090505,T,IBM,F,41,299.48
2025-12-22,9:40:54.546111488,T,IBM,I,1,299.48
2025-12-22,9:40:54.546117512,T,IBM,F,158,299.48
2025-12-22,9:40:54.546318951,T,IBM,F I,9,299.48
2025-12-22,9:40:54.546566240,T,IBM,I,2,299.48
2025-12-22,9:40:54.546625662,T,IBM,F,40,299.55
2025-12-22,9:40:54.546637733,T,IBM,F I,11,299.55
2025-12-22,9:40:54.547972958,T,IBM,F I,25,299.57
2025-12-22,9:40:54.548009028,T,IBM,F I,25,299.57
2025-12-22,9:40:54.851124609,T,IBM,F I,38,299.59
2025-12-22,9:40:54.851386149,T,IBM,,40,299.59
2025-12-22,9:40:54.851602742,T,IBM,F I,2,299.59
2025-12-22,9:41:16.582194647,T,IBM,I,27,299.52
2025-12-22,9:41:16.582194647,T,IBM,I,13,299.52
2025-12-22,9:41:16.582215777,T,IBM,F I,20,299.52
2025-12-22,9:41:16.582218715,T,IBM,F I,7,299.52
2025-12-22,9:41:16.582221695,T,IBM,F,40,299.51
2025-12-22,9:41:16.582225145,T,IBM,F I,5,299.51
2025-12-22,9:41:16.582225145,T,IBM,F I,3,299.51
2025-12-22,9:41:16.582242883,T,IBM,F I,7,299.51
2025-12-22,9:41:25.800844156,T,IBM,F I,34,299.52
2025-12-22,9:41:25.809604142,T,IBM,,100,299.52
2025-12-22,9:41:27.533803598,T,IBM,I,20,299.525
2025-12-22,9:41:29.890258303,T,IBM,,200,299.525
2025-12-22,9:41:29.890258303,T,IBM,,40,299.525
2025-12-22,9:41:29.994263871,T,IBM,,200,299.525
2025-12-22,9:41:30.015302005,T,IBM,,100,299.525
2025-12-22,9:41:31.484091508,T,IBM,F I,10,299.59
2025-12-22,9:41:43.881421848,T,IBM,F,40,299.61
2025-12-22,9:41:43.881424951,T,IBM,F I,1,299.61
2025-12-22,9:41:44.136519197,T,IBM,,40,299.23
2025-12-22,9:41:44.165778817,T,IBM,I,35,299.33
2025-12-22,9:41:44.165778817,T,IBM,,63,299.34
2025-12-22,9:41:44.165794034,T,IBM,F I,35,299.34
2025-12-22,9:41:44.165847950,T,IBM,,100,299.34
2025-12-22,9:41:44.165868976,T,IBM,I,1,299.36
2025-12-22,9:41:45.026202162,T,IBM,I,13,299.37
2025-12-22,9:41:45.428806701,T,IBM,I,4,299.39
2025-12-22,9:41:45.568835037,T,IBM,I,3,299.38
2025-12-22,9:41:51.239004028,T,IBM,I,33,299.41
2025-12-22,9:41:51.239076171,T,IBM,,80,299.41
2025-12-22,9:41:51.239097247,T,IBM,I,1,299.41
2025-12-22,9:41:51.239127344,T,IBM,I,4,299.41
2025-12-22,9:41:51.239190486,T,IBM,,45,299.5
2025-12-22,9:41:51.239193446,T,IBM,I,10,299.52
2025-12-22,9:41:51.239241584,T,IBM,I,6,299.41
2025-12-22,9:41:51.239371034,T,IBM,,40,299.38
2025-12-22,9:41:51.239394941,T,IBM,F I,25,299.37
2025-12-22,9:41:51.239415967,T,IBM,F I,15,299.37
2025-12-22,9:41:51.239461128,T,IBM,F I,4,299.38
2025-12-22,9:41:58.829151246,T,IBM,F I,15,299.36
2025-12-22,9:41:58.829153870,T,IBM,F I,10,299.36
2025-12-22,9:41:58.829208000,T,IBM,F I,3,299.36
2025-12-22,9:41:59.126258205,T,IBM,F,70,299.31
2025-12-22,9:41:59.128636837,T,IBM,I,30,299.31
2025-12-22,9:42:00.967911211,T,IBM,I,20,299.3
2025-12-22,9:42:00.968452542,T,IBM,,40,299.305
2025-12-22,9:42:00.968993738,T,IBM,I,35,299.305
2025-12-22,9:42:02.595983884,T,IBM,F I,20,299.21
2025-12-22,9:42:02.596004973,T,IBM,F I,20,299.21
2025-12-22,9:42:02.596007949,T,IBM,F I,4,299.21
2025-12-22,9:42:05.842641694,T,IBM,F I,23,299.1
2025-12-22,9:42:05.842644619,T,IBM,F I,12,299.1
2025-12-22,9:42:05.842647646,T,IBM,F I,11,299.07
2025-12-22,9:42:05.842744052,T,IBM,F I,9,299.07
2025-12-22,9:42:09.199211121,T,IBM,F I,3,299.11
2025-12-22,9:42:15.083222280,T,IBM,I,9,299.11
2025-12-22,9:42:24.665801306,T,IBM,I,20,299.15
2025-12-22,9:42:24.665804229,T,IBM,I,5,299.21
2025-12-22,9:42:24.665837279,T,IBM,F I,20,299.21
2025-12-22,9:42:27.354179944,T,IBM,I,2,299.21
2025-12-22,9:42:29.098293009,T,IBM,F I,20,299.35
2025-12-22,9:42:29.098326019,T,IBM,F I,20,299.36
2025-12-22,9:42:29.098344122,T,IBM,I,1,299.36
2025-12-22,9:42:29.098353175,T,IBM,F,40,299.36
2025-12-22,9:42:29.098605745,T,IBM,F I,12,299.39
2025-12-22,9:42:29.099400070,T,IBM,F I,11,299.31
2025-12-22,9:42:29.099400070,T,IBM,F I,11,299.31
2025-12-22,9:42:29.099402577,T,IBM,F I,13,299.31
2025-12-22,9:42:29.200957395,T,IBM,I,25,299.225
2025-12-22,9:42:29.201005491,T,IBM,I,25,299.225
2025-12-22,9:42:41.201318894,T,IBM,,120,299.09
2025-12-22,9:42:41.208220326,T,IBM,,40,299.02
2025-12-22,9:42:44.549483304,T,IBM,F I,1,299.01
2025-12-22,9:42:44.550084719,T,IBM,F I,3,298.93
2025-12-22,9:42:44.550090710,T,IBM,F I,3,298.93
2025-12-22,9:42:44.557428420,T,IBM,,45,298.97
2025-12-22,9:42:44.557428420,T,IBM,,55,298.98
2025-12-22,9:43:09.110840116,T,IBM,F,40,298.9
2025-12-22,9:43:09.110840116,T,IBM,F I,4,298.89
2025-12-22,9:43:14.006951695,T,IBM,I,3,299.11
2025-12-22,9:43:14.007090016,T,IBM,I,18,299.12
2025-12-22,9:43:14.007090016,T,IBM,I,13,299.12
2025-12-22,9:43:14.007114005,T,IBM,F I,3,299.13
2025-12-22,9:43:14.007613448,T,IBM,F I,6,299.14
2025-12-22,9:43:14.007631207,T,IBM,F I,34,299.14
2025-12-22,9:43:14.007634302,T,IBM,F I,24,299.14
2025-12-22,9:43:14.007652346,T,IBM,I,1,299.14
2025-12-22,9:43:14.007805629,T,IBM,F I,39,299.14
2025-12-22,9:43:14.007808987,T,IBM,F,40,299.14
2025-12-22,9:43:14.007808987,T,IBM,F I,11,299.14
2025-12-22,9:43:18.234770236,T,IBM,I,20,299.13
2025-12-22,9:43:18.234773654,T,IBM,I,20,299.14
2025-12-22,9:43:18.234791429,T,IBM,F I,20,299.14
2025-12-22,9:43:18.234791429,T,IBM,I,1,299.14
2025-12-22,9:43:18.234794292,T,IBM,F I,20,299.14
2025-12-22,9:43:18.234812330,T,IBM,I,8,299.14
2025-12-22,9:43:26.388668941,T,IBM,I,35,299.02
2025-12-22,9:43:26.388990805,T,IBM,I,13,299.05
2025-12-22,9:43:26.389002901,T,IBM,I,3,299.05
2025-12-22,9:43:26.414214820,T,IBM,F I,19,299.01
2025-12-22,9:43:26.414244861,T,IBM,I,21,299.01
2025-12-22,9:43:34.142889433,T,IBM,F I,1,299.08
2025-12-22,9:43:34.142895451,T,IBM,F I,1,299.08
2025-12-22,9:43:34.142901452,T,IBM,F I,1,299.08
2025-12-22,9:43:34.142904453,T,IBM,F I,1,299.08
2025-12-22,9:43:34.142910529,T,IBM,F I,3,299.08
2025-12-22,9:43:34.142913540,T,IBM,F I,1,299.08
2025-12-22,9:43:34.142916659,T,IBM,F I,25,299.08
2025-12-22,9:43:34.142922442,T,IBM,I,1,299.08
2025-12-22,9:43:34.142937487,T,IBM,,65,299.08
2025-12-22,9:43:34.142973613,T,IBM,F I,1,299.08
2025-12-22,9:43:34.143001718,T,IBM,,100,299.1
2025-12-22,9:43:34.143001718,T,IBM,I,1,299.11
2025-12-22,9:43:34.143015696,T,IBM,,100,299.11
2025-12-22,9:43:34.143033794,T,IBM,I,1,299.11
2025-12-22,9:43:34.143445797,T,IBM,F I,8,299.05
2025-12-22,9:43:34.143755468,T,IBM,I,14,298.99
2025-12-22,9:43:34.143812592,T,IBM,F I,8,299.04
2025-12-22,9:43:34.144011118,T,IBM,F I,26,298.99
2025-12-22,9:43:34.144011118,T,IBM,F,54,298.98
2025-12-22,9:43:34.144263743,T,IBM,F I,26,298.98
2025-12-22,9:43:34.144290698,T,IBM,F I,1,298.99
2025-12-22,9:43:34.144344911,T,IBM,F,99,298.99
2025-12-22,9:43:34.144344911,T,IBM,F I,1,298.99
2025-12-22,9:43:34.153567863,T,IBM,F,504,299.0
2025-12-22,9:43:34.153570840,T,IBM,F I,10,299.0
2025-12-22,9:43:37.910964509,T,IBM,F I,25,299.12
2025-12-22,9:43:37.911009628,T,IBM,F I,25,299.12
2025-12-22,9:43:39.832139018,T,IBM,F I,25,299.18
2025-12-22,9:43:39.833074266,T,IBM,F I,14,299.24
2025-12-22,9:43:39.833074266,T,IBM,F,80,299.24
2025-12-22,9:43:39.833077531,T,IBM,F I,3,299.24
2025-12-22,9:43:39.833077531,T,IBM,F I,23,299.24
2025-12-22,9:43:39.833182519,T,IBM,F I,1,299.24
2025-12-22,9:43:39.833194522,T,IBM,F,47,299.24
2025-12-22,9:43:39.833248678,T,IBM,I,6,299.21
2025-12-22,9:43:46.581177484,T,IBM,,40,299.155
2025-12-22,9:43:46.581228689,T,IBM,F,40,299.07
2025-12-22,9:43:46.581228689,T,IBM,F I,3,299.06
2025-12-22,9:43:46.581568486,T,IBM,I,37,299.06
2025-12-22,9:43:46.581619590,T,IBM,I,21,299.13
2025-12-22,9:43:46.582405038,T,IBM,F I,2,299.01
2025-12-22,9:43:46.582407492,T,IBM,F I,9,299.01
2025-12-22,9:43:46.582536729,T,IBM,F,91,299.01
2025-12-22,9:43:50.822804923,T,IBM,,40,299.01
2025-12-22,9:44:00.083560830,T,IBM,F I,11,299.0
2025-12-22,9:44:00.092543224,T,IBM,I,16,299.08
2025-12-22,9:44:02.342643782,T,IBM,F I,2,299.11
2025-12-22,9:44:02.342643782,T,IBM,F I,17,299.13
2025-12-22,9:44:02.342647344,T,IBM,F I,2,299.13
2025-12-22,9:44:02.342649695,T,IBM,F,74,299.14
2025-12-22,9:44:02.342667712,T,IBM,F I,6,299.14
2025-12-22,9:44:02.342671028,T,IBM,F,74,299.14
2025-12-22,9:44:02.342671028,T,IBM,F I,2,299.14
2025-12-22,9:44:02.656750434,T,IBM,F I,25,299.17
2025-12-22,9:44:02.656843611,T,IBM,F I,25,299.17
2025-12-22,9:44:09.205403948,T,IBM,,80,299.01
2025-12-22,9:44:22.141319691,T,IBM,F I,9,298.91
2025-12-22,9:44:22.141322668,T,IBM,F I,1,298.91
2025-12-22,9:44:22.141382883,T,IBM,F I,4,298.9
2025-12-22,9:44:22.141954165,T,IBM,F I,7,298.88
2025-12-22,9:44:27.151919710,T,IBM,F,40,298.85
2025-12-22,9:44:27.152824887,T,IBM,I,20,298.79
2025-12-22,9:44:28.904257303,T,IBM,I,6,298.82
2025-12-22,9:44:30.093366512,T,IBM,F,40,298.76
2025-12-22,9:44:30.093366512,T,IBM,F,40,298.76
2025-12-22,9:44:30.093369123,T,IBM,F I,20,298.75
2025-12-22,9:44:30.093372098,T,IBM,F,40,298.74
2025-12-22,9:44:30.094752354,T,IBM,F I,25,298.66
2025-12-22,9:44:44.642914191,T,IBM,F I,25,298.59
2025-12-22,9:44:50.026236565,T,IBM,F I,5,298.64
2025-12-22,9:44:50.026236565,T,IBM,F I,5,298.65
2025-12-22,9:44:53.967208267,T,IBM,I,24,298.66
2025-12-22,9:44:53.967211271,T,IBM,I,6,298.66
2025-12-22,9:44:53.967211271,T,IBM,I,1,298.67
2025-12-22,9:44:53.967235391,T,IBM,I,3,298.67
2025-12-22,9:44:53.967304522,T,IBM,F I,1,298.67
2025-12-22,9:44:53.979655180,T,IBM,F I,1,298.61
2025-12-22,9:44:56.728775361,T,IBM,,40,298.56
2025-12-22,9:44:56.728805463,T,IBM,F I,30,298.55
2025-12-22,9:44:56.728820541,T,IBM,F,70,298.55
2025-12-22,9:45:00.017524478,T,IBM,F I,5,298.55
2025-12-22,9:45:00.021124057,T,IBM,,100,298.57
2025-12-22,9:45:02.348977624,T,IBM,F,48,298.71
2025-12-22,9:45:02.348980980,T,IBM,F,52,298.71
2025-12-22,9:45:02.348980980,T,IBM,F I,2,298.74
2025-12-22,9:45:02.349041503,T,IBM,F I,38,298.74
2025-12-22,9:45:02.349043918,T,IBM,F I,1,298.74
2025-12-22,9:45:02.349047349,T,IBM,F I,13,298.74
2025-12-22,9:45:02.349047349,T,IBM,F,40,298.74
2025-12-22,9:45:02.349050744,T,IBM,F I,12,298.74
2025-12-22,9:45:02.349050744,T,IBM,F I,6,298.74
2025-12-22,9:45:02.349106945,T,IBM,I,5,298.74
2025-12-22,9:45:02.349110041,T,IBM,F I,35,298.74
2025-12-22,9:45:02.378544090,T,IBM,F I,25,298.715
2025-12-22,9:45:02.378589147,T,IBM,F I,25,298.715
2025-12-22,9:45:02.378625220,T,IBM,F I,25,298.715
2025-12-22,9:45:02.378628262,T,IBM,I,25,298.715
2025-12-22,9:45:02.379263164,T,IBM,F I,2,298.64
2025-12-22,9:45:02.379263164,T,IBM,F I,30,298.61
2025-12-22,9:45:02.379263164,T,IBM,F I,4,298.61
2025-12-22,9:45:02.379265758,T,IBM,F I,21,298.6
2025-12-22,9:45:02.379407155,T,IBM,I,3,298.61
2025-12-22,9:45:04.651667422,T,IBM,I,24,298.72
2025-12-22,9:45:13.535875945,T,IBM,I,20,298.48
2025-12-22,9:45:13.535878913,T,IBM,,61,298.47
2025-12-22,9:45:13.535896969,T,IBM,I,1,298.48
2025-12-22,9:45:13.536185590,T,IBM,I,7,298.48
2025-12-22,9:45:13.536185590,T,IBM,I,13,298.47
2025-12-22,9:45:13.536266855,T,IBM,I,6,298.47
2025-12-22,9:45:13.536269806,T,IBM,I,1,298.47
2025-12-22,9:45:14.022100975,T,IBM,F,47,298.57
2025-12-22,9:45:14.022103810,T,IBM,F I,1,298.57
2025-12-22,9:45:14.022106418,T,IBM,F I,10,298.57
2025-12-22,9:45:14.022163470,T,IBM,F I,1,298.57
2025-12-22,9:45:14.022758894,T,IBM,F I,3,298.57
2025-12-22,9:45:14.022761993,T,IBM,F I,3,298.57
2025-12-22,9:45:15.133507162,T,IBM,I,4,298.66
2025-12-22,9:45:22.449954503,T,IBM,F I,1,298.64
2025-12-22,9:45:22.449972496,T,IBM,I,5,298.64
2025-12-22,9:45:22.449987575,T,IBM,F I,5,298.64
2025-12-22,9:45:22.450486772,T,IBM,,40,298.62
2025-12-22,9:45:22.450549976,T,IBM,I,5,298.62
2025-12-22,9:45:22.450549976,T,IBM,I,4,298.64
2025-12-22,9:45:24.664916433,T,IBM,F I,36,298.63
2025-12-22,9:45:24.665066766,T,IBM,F I,36,298.63
2025-12-22,9:45:24.665331345,T,IBM,F I,28,298.63
2025-12-22,9:45:24.665331345,T,IBM,F I,8,298.64
2025-12-22,9:45:24.665376534,T,IBM,I,28,298.64
2025-12-22,9:45:26.563618479,T,IBM,F,40,298.58
2025-12-22,9:45:26.563621418,T,IBM,F I,25,298.58
2025-12-22,9:45:26.563637266,T,IBM,I,1,298.58
2025-12-22,9:45:26.563657470,T,IBM,F I,5,298.58
2025-12-22,9:45:26.564000301,T,IBM,F I,9,298.58
2025-12-22,9:45:34.088074628,T,IBM,I,13,298.45
2025-12-22,9:45:34.089060273,T,IBM,F I,1,298.36
2025-12-22,9:45:36.276407449,T,IBM,F I,1,298.44
2025-12-22,9:45:36.277126099,T,IBM,F I,1,298.45
2025-12-22,9:45:36.357555857,T,IBM,F I,25,298.59
2025-12-22,9:45:36.357558668,T,IBM,F I,10,298.59
2025-12-22,9:45:36.357558668,T,IBM,F I,2,298.59
2025-12-22,9:45:36.357570595,T,IBM,F I,12,298.59
2025-12-22,9:45:36.357676412,T,IBM,I,6,298.59
2025-12-22,9:45:36.357678856,T,IBM,I,6,298.59
2025-12-22,9:45:36.358379494,T,IBM,F I,1,298.6
2025-12-22,9:45:36.566294493,T,IBM,F I,25,298.68
2025-12-22,9:45:36.566343577,T,IBM,F I,5,298.68
2025-12-22,9:45:36.566348922,T,IBM,F I,19,298.7
2025-12-22,9:45:36.566348922,T,IBM,F I,1,298.7
2025-12-22,9:45:44.250637663,T,IBM,F I,12,298.56
2025-12-22,9:45:44.250775905,T,IBM,I,18,298.56
2025-12-22,9:45:44.250797047,T,IBM,I,21,298.56
2025-12-22,9:45:44.250806081,T,IBM,,149,298.56
2025-12-22,9:45:44.250875161,T,IBM,F,309,298.56
2025-12-22,9:45:44.250893271,T,IBM,I,1,298.56
2025-12-22,9:45:44.250893271,T,IBM,F I,33,298.56
2025-12-22,9:45:55.236450117,T,IBM,F I,25,298.5
2025-12-22,9:45:55.236483200,T,IBM,I,13,298.5
2025-12-22,9:46:08.246225137,T,IBM,F I,3,298.71
2025-12-22,9:46:08.246227947,T,IBM,F I,3,298.71
2025-12-22,9:46:08.246237077,T,IBM,F I,23,298.71
2025-12-22,9:46:08.246239990,T,IBM,F I,3,298.73
2025-12-22,9:46:08.246378306,T,IBM,F I,11,298.78
2025-12-22,9:46:08.246411615,T,IBM,F I,37,298.78
2025-12-22,9:46:08.246417686,T,IBM,F,43,298.78
2025-12-22,9:46:08.246417686,T,IBM,F I,37,298.78
2025-12-22,9:46:08.246429433,T,IBM,I,1,298.78
2025-12-22,9:46:08.246435515,T,IBM,F,42,298.78
2025-12-22,9:46:08.246438969,T,IBM,F I,38,298.78
2025-12-22,9:46:08.246525664,T,IBM,F I,11,298.78
2025-12-22,9:46:08.246634101,T,IBM,,100,298.77
2025-12-22,9:46:08.246634101,T,IBM,I,11,298.78
2025-12-22,9:46:08.246652834,T,IBM,I,20,298.78
2025-12-22,9:46:08.246652834,T,IBM,,80,298.78
2025-12-22,9:46:08.246655347,T,IBM,I,11,298.78
2025-12-22,9:46:08.246657992,T,IBM,F I,30,298.78
2025-12-22,9:46:08.258434119,T,IBM,F I,25,298.68
2025-12-22,9:46:08.258476181,T,IBM,F I,15,298.68
2025-12-22,9:46:08.261447872,T,IBM,F I,39,298.78
2025-12-22,9:46:08.261450275,T,IBM,F,400,298.78
2025-12-22,9:46:08.263107152,T,IBM,F I,25,298.79
2025-12-22,9:46:08.263143290,T,IBM,F I,15,298.79
2025-12-22,9:46:08.267293423,T,IBM,F,80,298.82
2025-12-22,9:46:08.267296165,T,IBM,F,50,298.82
2025-12-22,9:46:08.267314208,T,IBM,I,19,298.82
2025-12-22,9:46:18.244874500,T,IBM,F I,22,299.04
2025-12-22,9:46:18.244877388,T,IBM,F I,3,299.04
2025-12-22,9:46:18.249944458,T,IBM,I,18,299.14
2025-12-22,9:46:18.249950654,T,IBM,F I,2,299.14
2025-12-22,9:46:18.249950654,T,IBM,F I,23,299.14
2025-12-22,9:46:18.249956546,T,IBM,F I,18,299.14
2025-12-22,9:46:18.250007685,T,IBM,F I,25,299.14
2025-12-22,9:46:18.250013703,T,IBM,F I,18,299.14
2025-12-22,9:46:18.250059000,T,IBM,F I,16,299.14
2025-12-22,9:46:18.250059000,T,IBM,F I,2,299.15
2025-12-22,9:46:18.250061804,T,IBM,F I,16,299.15
2025-12-22,9:46:18.259477177,T,IBM,I,24,299.13
2025-12-22,9:46:18.259753905,T,IBM,F I,16,299.13
2025-12-22,9:46:18.611113382,T,IBM,F I,16,299.14
2025-12-22,9:46:18.611161398,T,IBM,F I,16,299.14
2025-12-22,9:46:18.611203463,T,IBM,F I,16,299.14
2025-12-22,9:46:18.611245618,T,IBM,F I,16,299.14
2025-12-22,9:46:18.611293713,T,IBM,F I,16,299.14
2025-12-22,9:46:18.611335770,T,IBM,F I,16,299.14
2025-12-22,9:46:18.611381445,T,IBM,F I,4,299.14
2025-12-22,9:46:18.611383911,T,IBM,F I,12,299.15
2025-12-22,9:46:18.611401948,T,IBM,F I,4,299.15
2025-12-22,9:46:19.796222539,T,IBM,F,40,299.23
2025-12-22,9:46:19.796246537,T,IBM,F I,2,299.24
2025-12-22,9:46:19.796246537,T,IBM,F I,2,299.24
2025-12-22,9:46:19.796250032,T,IBM,F I,16,299.27
2025-12-22,9:46:19.796252545,T,IBM,F I,16,299.27
2025-12-22,9:46:19.796255583,T,IBM,F I,3,299.27
2025-12-22,9:46:19.796255583,T,IBM,F I,6,299.27
2025-12-22,9:46:19.796273914,T,IBM,F I,4,299.27
2025-12-22,9:46:21.451341711,T,IBM,I,10,299.375
2025-12-22,9:46:24.125436568,T,IBM,I,8,299.34
2025-12-22,9:46:25.130705962,T,IBM,I,20,299.38
2025-12-22,9:46:25.130705962,T,IBM,I,1,299.38
2025-12-22,9:46:25.130708746,T,IBM,I,4,299.38
2025-12-22,9:46:26.537929720,T,IBM,F,40,299.28
2025-12-22,9:46:26.796449109,T,IBM,F I,25,299.21
2025-12-22,9:46:26.796503253,T,IBM,F I,25,299.21
2025-12-22,9:46:29.530792378,T,IBM,,40,299.12
2025-12-22,9:46:29.548736130,T,IBM,,40,299.04
2025-12-22,9:46:34.736890981,T,IBM,I,13,299.04
2025-12-22,9:46:34.736987155,T,IBM,I,27,299.04
2025-12-22,9:46:34.737008229,T,IBM,I,1,299.04
2025-12-22,9:46:50.544027181,T,IBM,F I,23,299.04
2025-12-22,9:46:50.547608764,T,IBM,I,34,299.0
2025-12-22,9:46:51.514401131,T,IBM,I,21,298.99
2025-12-22,9:46:51.515210026,T,IBM,I,20,298.97
2025-12-22,9:46:51.725374335,T,IBM,F I,30,298.94
2025-12-22,9:46:51.725404430,T,IBM,F I,1,298.93
2025-12-22,9:46:51.729103264,T,IBM,,200,298.83
2025-12-22,9:46:51.729238606,T,IBM,F,40,298.82
2025-12-22,9:46:51.729238606,T,IBM,F I,30,298.82
2025-12-22,9:46:51.729608505,T,IBM,F I,1,298.75
2025-12-22,9:46:51.730245936,T,IBM,F I,9,298.75
2025-12-22,9:46:51.730330131,T,IBM,F I,19,298.81
2025-12-22,9:47:04.856188227,T,IBM,F I,20,298.99
2025-12-22,9:47:04.856190377,T,IBM,F I,1,299.0
2025-12-22,9:47:05.052377350,T,IBM,I,10,299.0
2025-12-22,9:47:06.157014985,T,IBM,I,28,298.93
2025-12-22,9:47:06.157018025,T,IBM,I,2,298.93
2025-12-22,9:47:06.409622311,T,IBM,F I,25,299.0
2025-12-22,9:47:06.409667401,T,IBM,F I,25,299.045
2025-12-22,9:47:06.409754636,T,IBM,F I,25,299.045
2025-12-22,9:47:06.409766681,T,IBM,F I,31,299.045
2025-12-22,9:47:06.409805769,T,IBM,I,15,299.045
2025-12-22,9:47:06.409805769,T,IBM,F I,4,299.045
2025-12-22,9:47:06.414842715,T,IBM,F I,20,299.06
2025-12-22,9:47:06.414845773,T,IBM,F I,17,299.03
2025-12-22,9:47:06.414867191,T,IBM,F I,6,299.03
2025-12-22,9:47:06.414870038,T,IBM,F I,6,299.03
2025-12-22,9:47:06.414870038,T,IBM,F I,1,299.02
2025-12-22,9:47:06.414876003,T,IBM,I,17,298.98
2025-12-22,9:47:06.414876003,T,IBM,I,12,298.98
2025-12-22,9:47:06.414878835,T,IBM,I,2,298.97
2025-12-22,9:47:06.414969008,T,IBM,I,20,299.02
2025-12-22,9:47:14.151483601,T,IBM,F I,20,298.94
2025-12-22,9:47:14.151483601,T,IBM,F I,5,298.94
2025-12-22,9:47:14.151552664,T,IBM,F I,3,298.94
2025-12-22,9:47:14.151576717,T,IBM,I,9,298.96
2025-12-22,9:47:14.151597772,T,IBM,I,36,299.0
2025-12-22,9:47:19.944763070,T,IBM,F I,20,298.91
2025-12-22,9:47:19.944763070,T,IBM,F I,5,298.91
2025-12-22,9:47:24.488715376,T,IBM,I,4,298.76
2025-12-22,9:47:24.488760258,T,IBM,F I,4,298.76
2025-12-22,9:47:24.488787327,T,IBM,F I,18,298.76
2025-12-22,9:47:24.488787327,T,IBM,F I,3,298.76
2025-12-22,9:47:24.488790244,T,IBM,I,4,298.75
2025-12-22,9:47:24.906235296,T,IBM,,100,298.67
2025-12-22,9:47:24.906298198,T,IBM,,45,298.67
2025-12-22,9:47:34.603766488,T,IBM,I,19,298.82
2025-12-22,9:47:34.603766488,T,IBM,I,11,298.83
2025-12-22,9:47:34.603769041,T,IBM,I,20,298.83
2025-12-22,9:47:34.603771839,T,IBM,I,2,298.83
2025-12-22,9:47:34.603786867,T,IBM,F I,19,298.83
2025-12-22,9:47:35.864598793,T,IBM,I,30,298.88
2025-12-22,9:47:35.864601406,T,IBM,I,12,298.9
2025-12-22,9:47:35.864604459,T,IBM,,40,298.9
2025-12-22,9:47:35.864604459,T,IBM,,80,298.9
2025-12-22,9:47:35.864608226,T,IBM,I,10,298.9
2025-12-22,9:47:35.864608226,T,IBM,I,3,298.9
2025-12-22,9:47:35.864610478,T,IBM,I,20,298.9
2025-12-22,9:47:38.635553864,T,IBM,I,21,299.0
2025-12-22,9:47:38.635553864,T,IBM,I,27,299.0
2025-12-22,9:47:55.489448814,T,IBM,F I,1,299.13
2025-12-22,9:47:55.489448814,T,IBM,F I,39,299.14
2025-12-22,9:47:55.489487955,T,IBM,F I,1,299.14
2025-12-22,9:47:55.489487955,T,IBM,F I,39,299.14
2025-12-22,9:47:55.489496994,T,IBM,F I,1,299.14
2025-12-22,9:47:55.489496994,T,IBM,F I,5,299.14
2025-12-22,9:47:55.489515050,T,IBM,F I,1,299.14
2025-12-22,9:47:55.489515050,T,IBM,F I,39,299.14
2025-12-22,9:47:55.489518012,T,IBM,F I,2,299.14
2025-12-22,9:47:55.489533095,T,IBM,F I,34,299.14
2025-12-22,9:47:55.489536048,T,IBM,F I,6,299.14
2025-12-22,9:47:55.489563067,T,IBM,F I,34,299.14
2025-12-22,9:48:11.503122707,T,IBM,I,1,299.265
2025-12-22,9:48:18.196516997,T,IBM,I,7,299.36
2025-12-22,9:48:19.951570111,T,IBM,F I,2,299.37
2025-12-22,9:48:23.382729302,T,IBM,F I,19,299.41
2025-12-22,9:48:23.382753397,T,IBM,F I,25,299.41
2025-12-22,9:48:37.853802973,T,IBM,F I,1,299.44
2025-12-22,9:48:37.854347248,T,IBM,F,40,299.38
2025-12-22,9:48:48.517218181,T,IBM,I,6,299.51
2025-12-22,9:48:48.517254137,T,IBM,F I,20,299.53
2025-12-22,9:48:48.517275205,T,IBM,F I,1,299.53
2025-12-22,9:48:50.259129941,T,IBM,F I,18,299.62
2025-12-22,9:48:50.259129941,T,IBM,F I,10,299.62
2025-12-22,9:48:53.676652213,T,IBM,I,22,299.62
2025-12-22,9:48:53.676654551,T,IBM,I,6,299.62
2025-12-22,9:48:53.676654551,T,IBM,I,12,299.62
2025-12-22,9:48:53.676682405,T,IBM,F I,10,299.62
2025-12-22,9:48:53.676685182,T,IBM,F I,6,299.62
2025-12-22,9:48:55.421804923,T,IBM,I,22,299.62
2025-12-22,9:48:55.421807909,T,IBM,I,5,299.62
2025-12-22,9:48:56.031765121,T,IBM,I,25,299.62
2025-12-22,9:48:56.031765121,T,IBM,I,3,299.62
2025-12-22,9:48:57.334174489,T,IBM,I,25,299.62
2025-12-22,9:48:57.334174489,T,IBM,I,3,299.62
2025-12-22,9:48:58.391536555,T,IBM,I,24,299.62
2025-12-22,9:48:58.391539645,T,IBM,I,4,299.62
2025-12-22,9:48:59.692998834,T,IBM,I,25,299.62
2025-12-22,9:48:59.693001929,T,IBM,I,3,299.62
2025-12-22,9:49:01.187523754,T,IBM,I,25,299.62
2025-12-22,9:49:01.187523754,T,IBM,I,3,299.62
2025-12-22,9:49:04.722063156,T,IBM,F,80,299.61
2025-12-22,9:49:12.427838378,T,IBM,F,40,299.66
2025-12-22,9:49:15.032549179,T,IBM,I,2,299.61
2025-12-22,9:49:33.560592516,T,IBM,F I,10,299.54
2025-12-22,9:49:33.560595505,T,IBM,F I,30,299.53
2025-12-22,9:49:33.560601551,T,IBM,I,10,299.53
2025-12-22,9:49:33.800476639,T,IBM,F,40,299.57
2025-12-22,9:49:33.800488816,T,IBM,F I,5,299.57
2025-12-22,9:49:33.800488816,T,IBM,F I,2,299.57
2025-12-22,9:49:33.800491678,T,IBM,F I,3,299.58
2025-12-22,9:49:50.279863287,T,IBM,F I,7,299.64
2025-12-22,9:49:50.279932668,T,IBM,F I,7,299.64
2025-12-22,9:49:50.279935425,T,IBM,F,40,299.64
2025-12-22,9:49:50.279977667,T,IBM,F I,21,299.64
2025-12-22,9:49:50.280136926,T,IBM,I,19,299.64
2025-12-22,9:49:50.280136926,T,IBM,I,23,299.64
2025-12-22,9:49:50.280612300,T,IBM,I,17,299.64
2025-12-22,9:49:50.280612300,T,IBM,I,23,299.64
2025-12-22,9:49:50.280684324,T,IBM,F I,17,299.64
2025-12-22,9:49:50.280687360,T,IBM,F I,3,299.64
2025-12-22,9:49:50.280690251,T,IBM,F I,20,299.64
2025-12-22,9:49:56.034118768,T,IBM,F I,2,299.61
2025-12-22,9:49:56.034145816,T,IBM,F I,38,299.61
2025-12-22,9:49:56.034200049,T,IBM,F,100,299.59
2025-12-22,9:49:58.576572391,T,IBM,,40,299.52
2025-12-22,9:49:58.577369336,T,IBM,I,20,299.45
2025-12-22,9:49:58.577910659,T,IBM,F I,9,299.38
2025-12-22,9:49:58.690080720,T,IBM,,40,299.36
2025-12-22,9:50:05.531258517,T,IBM,F I,2,299.09
2025-12-22,9:50:05.531261583,T,IBM,F I,1,299.06
2025-12-22,9:50:21.093894680,T,IBM,I,2,299.21
2025-12-22,9:50:21.093906668,T,IBM,I,18,299.2
2025-12-22,9:50:21.094093147,T,IBM,F I,26,299.21
2025-12-22,9:50:26.875337919,T,IBM,F I,2,299.26
2025-12-22,9:50:26.875395056,T,IBM,F I,2,299.29
2025-12-22,9:50:26.875566469,T,IBM,F I,2,299.29
2025-12-22,9:50:31.839182971,T,IBM,,40,299.12
2025-12-22,9:50:31.839303184,T,IBM,I,3,299.15
2025-12-22,9:50:38.718999778,T,IBM,F I,3,299.23
2025-12-22,9:50:44.662976953,T,IBM,F I,37,299.33
2025-12-22,9:50:44.662985962,T,IBM,F I,25,299.33
2025-12-22,9:50:44.662985962,T,IBM,F I,37,299.33
2025-12-22,9:50:44.663019432,T,IBM,F I,1,299.33
2025-12-22,9:50:44.663019432,T,IBM,F I,24,299.34
2025-12-22,9:50:44.663022458,T,IBM,F I,3,299.34
2025-12-22,9:50:44.663022458,T,IBM,F I,9,299.36
2025-12-22,9:50:44.663024983,T,IBM,F I,28,299.36
2025-12-22,9:50:44.663121249,T,IBM,F I,25,299.39
2025-12-22,9:50:44.663157298,T,IBM,F I,15,299.39
2025-12-22,9:50:46.696850750,T,IBM,,100,299.36
2025-12-22,9:50:46.696862759,T,IBM,F I,25,299.36
2025-12-22,9:50:46.696913825,T,IBM,F I,25,299.36
2025-12-22,9:50:46.696949908,T,IBM,F I,25,299.36
2025-12-22,9:50:46.696985968,T,IBM,F I,25,299.36
2025-12-22,9:50:46.700179656,T,IBM,,41,299.36
2025-12-22,9:50:46.711874410,T,IBM,,40,299.25
2025-12-22,9:50:46.877024608,T,IBM,F I,9,299.48
2025-12-22,9:50:46.877046340,T,IBM,F I,1,299.48
2025-12-22,9:50:46.877048653,T,IBM,F,40,299.48
2025-12-22,9:50:46.877331845,T,IBM,F,80,299.49
2025-12-22,9:50:46.877334363,T,IBM,F I,20,299.49
2025-12-22,9:50:46.877343379,T,IBM,F,80,299.49
2025-12-22,9:50:46.877367473,T,IBM,F I,19,299.49
2025-12-22,9:50:46.877391612,T,IBM,F,80,299.49
2025-12-22,9:50:46.877608019,T,IBM,I,1,299.49
2025-12-22,9:50:46.877608019,T,IBM,,52,299.49
2025-12-22,9:50:46.921359376,T,IBM,I,20,299.45
2025-12-22,9:50:46.921362649,T,IBM,I,35,299.41
2025-12-22,9:50:46.921365183,T,IBM,I,2,299.41
2025-12-22,9:50:46.921365183,T,IBM,,139,299.4
2025-12-22,9:50:46.921380261,T,IBM,I,1,299.4
2025-12-22,9:50:46.921386263,T,IBM,F,56,299.4
2025-12-22,9:50:46.921386263,T,IBM,F I,37,299.38
2025-12-22,9:50:47.702291232,T,IBM,F,40,299.24
2025-12-22,9:51:10.905784181,T,IBM,F I,7,299.32
2025-12-22,9:51:10.905784181,T,IBM,F I,16,299.32
2025-12-22,9:51:11.906341012,T,IBM,I,10,299.42
2025-12-22,9:51:11.907579913,T,IBM,F I,20,299.44
2025-12-22,9:51:11.907597966,T,IBM,I,1,299.44
2025-12-22,9:51:14.037517417,T,IBM,I,39,299.44
2025-12-22,9:51:20.082297677,T,IBM,F I,30,299.6
2025-12-22,9:51:20.082297677,T,IBM,F I,8,299.6
2025-12-22,9:51:20.082300496,T,IBM,F I,11,299.6
2025-12-22,9:51:20.085012989,T,IBM,I,20,299.64
2025-12-22,9:51:20.085021971,T,IBM,F,40,299.68
2025-12-22,9:51:24.007436649,T,IBM,I,2,299.735
2025-12-22,9:51:27.675653179,T,IBM,I,3,299.75
2025-12-22,9:51:27.675680160,T,IBM,F I,2,299.78
2025-12-22,9:51:27.675758422,T,IBM,F I,2,299.81
2025-12-22,9:51:27.675779464,T,IBM,F I,14,299.82
2025-12-22,9:51:27.676050128,T,IBM,I,7,299.78
2025-12-22,9:51:27.676053067,T,IBM,I,4,299.78
2025-12-22,9:51:30.723170981,T,IBM,F I,17,299.94
2025-12-22,9:51:30.723173975,T,IBM,F I,3,299.95
2025-12-22,9:51:30.729729589,T,IBM,F I,5,299.94
2025-12-22,9:51:30.791091377,T,IBM,I,15,299.87
2025-12-22,9:51:30.791091377,T,IBM,I,10,299.87
2025-12-22,9:51:30.791093700,T,IBM,I,10,299.86
2025-12-22,9:51:30.791108752,T,IBM,F I,25,299.86
2025-12-22,9:51:30.791466642,T,IBM,F I,4,299.86
2025-12-22,9:51:30.791625962,T,IBM,I,4,299.86
2025-12-22,9:51:38.548616132,T,IBM,F I,5,299.95
2025-12-22,9:51:48.583778678,T,IBM,I,7,299.945
2025-12-22,9:51:54.353274568,T,IBM,I,25,299.85
2025-12-22,9:51:58.577060666,T,IBM,F I,20,299.82
2025-12-22,9:51:58.577060666,T,IBM,F I,5,299.82
2025-12-22,9:52:08.526753615,T,IBM,F,120,299.79
2025-12-22,9:52:08.526753615,T,IBM,F I,1,299.79
2025-12-22,9:52:31.894070453,T,IBM,F I,5,299.7
2025-12-22,9:52:38.730439945,T,IBM,,40,299.655
2025-12-22,9:52:41.826087401,T,IBM,F I,10,299.655
2025-12-22,9:52:41.826093410,T,IBM,F I,9,299.655
2025-12-22,9:52:41.826093410,T,IBM,F I,2,299.655
2025-12-22,9:52:41.826120496,T,IBM,I,19,299.68
2025-12-22,9:52:44.381745387,T,IBM,F I,5,299.67
2025-12-22,9:52:44.381754372,T,IBM,F I,14,299.69
2025-12-22,9:52:44.381754372,T,IBM,F I,9,299.69
2025-12-22,9:52:44.381757620,T,IBM,F,45,299.69
2025-12-22,9:52:44.381757620,T,IBM,F,77,299.69
2025-12-22,9:52:44.381793687,T,IBM,I,19,299.7
2025-12-22,9:52:44.381793687,T,IBM,,40,299.7
2025-12-22,9:52:44.381796632,T,IBM,I,20,299.7
2025-12-22,9:52:44.381799470,T,IBM,I,10,299.7
2025-12-22,9:52:44.561853042,T,IBM,F I,15,299.71
2025-12-22,9:52:47.290849785,T,IBM,I,10,299.73
2025-12-22,9:52:57.284986096,T,IBM,F I,37,299.72
2025-12-22,9:52:58.182959280,T,IBM,F I,1,299.75
2025-12-22,9:53:00.735246306,T,IBM,F,44,299.76
2025-12-22,9:53:00.735498954,T,IBM,F I,11,299.76
2025-12-22,9:53:00.735498954,T,IBM,F I,1,299.77
2025-12-22,9:53:00.735502000,T,IBM,F I,32,299.77
2025-12-22,9:53:00.735505380,T,IBM,F I,8,299.77
2025-12-22,9:53:00.735507945,T,IBM,F I,3,299.77
2025-12-22,9:53:00.735511052,T,IBM,F I,33,299.77
2025-12-22,9:53:00.735511052,T,IBM,F I,2,299.77
2025-12-22,9:53:00.735520050,T,IBM,I,11,299.77
2025-12-22,9:53:00.735520050,T,IBM,I,1,299.77
2025-12-22,9:53:00.735523042,T,IBM,I,8,299.77
2025-12-22,9:53:01.248204406,T,IBM,,40,299.79
2025-12-22,9:53:01.248261595,T,IBM,F,120,299.81
2025-12-22,9:53:01.248291624,T,IBM,F I,36,299.81
2025-12-22,9:53:02.726451401,T,IBM,F I,25,299.89
2025-12-22,9:53:02.726463422,T,IBM,F I,15,299.89
2025-12-22,9:53:02.726466488,T,IBM,F I,5,299.91
2025-12-22,9:53:02.726469519,T,IBM,F I,7,299.94
2025-12-22,9:53:02.726478485,T,IBM,F I,27,299.94
2025-12-22,9:53:02.726487468,T,IBM,I,6,299.94
2025-12-22,9:53:02.726487468,T,IBM,I,21,299.95
2025-12-22,9:53:02.726505599,T,IBM,F I,6,299.95
2025-12-22,9:53:02.726565681,T,IBM,I,21,299.89
2025-12-22,9:53:02.726586760,T,IBM,I,1,299.89
2025-12-22,9:53:02.726623267,T,IBM,F I,21,299.95
2025-12-22,9:53:02.727149073,T,IBM,I,13,299.97
2025-12-22,9:53:02.734868490,T,IBM,F I,27,300.02
2025-12-22,9:53:02.821255139,T,IBM,I,5,299.99
2025-12-22,9:53:02.821258093,T,IBM,I,20,299.98
2025-12-22,9:53:02.821258093,T,IBM,I,3,299.95
2025-12-22,9:53:04.478395107,T,IBM,F I,25,299.875
2025-12-22,9:53:04.478443245,T,IBM,F I,25,299.875
2025-12-22,9:53:04.478476260,T,IBM,F I,25,299.875
2025-12-22,9:53:04.478512300,T,IBM,F I,25,299.875
2025-12-22,9:53:06.760245173,T,IBM,F I,20,299.97
2025-12-22,9:53:06.760248210,T,IBM,F,167,299.98
2025-12-22,9:53:06.760263178,T,IBM,F I,9,299.98
2025-12-22,9:53:06.760263178,T,IBM,F I,11,299.98
2025-12-22,9:53:07.800442426,T,IBM,F,40,300.03
2025-12-22,9:53:10.598618755,T,IBM,I,11,300.1
2025-12-22,9:53:13.228860927,T,IBM,I,2,299.95
2025-12-22,9:53:13.228860927,T,IBM,I,34,299.93
2025-12-22,9:53:13.228863295,T,IBM,I,4,299.92
2025-12-22,9:53:14.067271217,T,IBM,F I,34,300.05
2025-12-22,9:53:14.067271217,T,IBM,F I,13,300.06
2025-12-22,9:53:14.067274159,T,IBM,F I,3,300.07
2025-12-22,9:53:14.067277574,T,IBM,F I,2,300.07
2025-12-22,9:53:14.067280170,T,IBM,F I,20,300.08
2025-12-22,9:53:14.067280170,T,IBM,F I,8,300.08
2025-12-22,9:53:14.068176309,T,IBM,I,27,300.09
2025-12-22,9:53:14.068176309,T,IBM,I,13,300.09
2025-12-22,9:53:14.422861681,T,IBM,I,20,299.92
2025-12-22,9:53:14.422864668,T,IBM,I,6,299.92
2025-12-22,9:53:14.422954930,T,IBM,F,40,299.91
2025-12-22,9:53:14.422954930,T,IBM,I,19,299.91
2025-12-22,9:53:14.422958081,T,IBM,F I,1,299.91
2025-12-22,9:53:14.422960931,T,IBM,F I,6,299.91
2025-12-22,9:53:20.126780282,T,IBM,I,18,299.94
2025-12-22,9:53:20.126783330,T,IBM,I,8,299.94
2025-12-22,9:53:56.275147429,T,IBM,F I,25,300.09
2025-12-22,9:53:56.275535391,T,IBM,F I,25,300.1
2025-12-22,9:53:56.275574777,T,IBM,F I,15,300.1
2025-12-22,9:53:56.275574777,T,IBM,F I,10,300.1
2025-12-22,9:53:56.275715845,T,IBM,F I,25,300.1
2025-12-22,9:53:56.618748460,T,IBM,I,5,300.1
2025-12-22,9:53:58.473933967,T,IBM,F I,25,300.11
2025-12-22,9:53:58.474000137,T,IBM,F I,15,300.11
2025-12-22,9:53:58.474000137,T,IBM,F I,10,300.11
2025-12-22,9:53:59.098138880,T,IBM,I,20,300.11
2025-12-22,9:53:59.100719029,T,IBM,F I,10,300.11
2025-12-22,9:53:59.100719029,T,IBM,F I,15,300.11
2025-12-22,9:53:59.100722088,T,IBM,I,20,300.11
2025-12-22,9:53:59.174514702,T,IBM,I,5,300.11
2025-12-22,9:53:59.174517697,T,IBM,I,12,300.11
2025-12-22,9:53:59.920127684,T,IBM,I,12,300.11
2025-12-22,9:53:59.920269003,T,IBM,F I,16,300.11
2025-12-22,9:53:59.920575709,T,IBM,I,9,300.14
2025-12-22,9:54:10.784508247,T,IBM,F I,10,300.29
2025-12-22,9:54:10.784526317,T,IBM,F I,10,300.29
2025-12-22,9:54:10.784568459,T,IBM,I,10,300.29
2025-12-22,9:54:10.784592442,T,IBM,F I,10,300.29
2025-12-22,9:54:10.784658648,T,IBM,F I,10,300.29
2025-12-22,9:54:10.784724788,T,IBM,F I,10,300.29
2025-12-22,9:54:10.784790908,T,IBM,F I,10,300.29
2025-12-22,9:54:10.784857096,T,IBM,F I,10,300.29
2025-12-22,9:54:10.784893153,T,IBM,I,10,300.29
2025-12-22,9:54:10.784926233,T,IBM,F I,10,300.29
2025-12-22,9:54:10.784998423,T,IBM,F I,10,300.29
2025-12-22,9:54:10.785061549,T,IBM,F I,10,300.29
2025-12-22,9:54:10.785124728,T,IBM,F I,10,300.29
2025-12-22,9:54:10.785193919,T,IBM,F I,10,300.29
2025-12-22,9:54:10.785266052,T,IBM,F I,10,300.29
2025-12-22,9:54:10.785296130,T,IBM,I,2,300.24
2025-12-22,9:54:10.785332222,T,IBM,F I,10,300.29
2025-12-22,9:54:22.099313105,T,IBM,I,4,300.35
2025-12-22,9:54:22.099520552,T,IBM,F I,3,300.43
2025-12-22,9:54:22.099523635,T,IBM,F I,10,300.43
2025-12-22,9:54:22.099583780,T,IBM,I,27,300.36
2025-12-22,9:54:22.099595755,T,IBM,I,10,300.36
2025-12-22,9:54:23.012268434,T,IBM,I,20,300.29
2025-12-22,9:54:23.012578140,T,IBM,F I,25,300.25
2025-12-22,9:54:23.012626245,T,IBM,F I,25,300.25
2025-12-22,9:54:23.012662400,T,IBM,F I,25,300.25
2025-12-22,9:54:23.012698499,T,IBM,F I,25,300.25
2025-12-22,9:54:23.012755575,T,IBM,I,27,300.25
2025-12-22,9:54:23.012797735,T,IBM,I,27,300.25
2025-12-22,9:54:23.013083333,T,IBM,F I,27,300.25
2025-12-22,9:54:23.013095365,T,IBM,F I,19,300.25
2025-12-22,9:54:23.013095365,T,IBM,F I,20,300.23
2025-12-22,9:54:23.013098344,T,IBM,F I,7,300.23
2025-12-22,9:54:23.014436620,T,IBM,F,40,300.2
2025-12-22,9:54:25.226809263,T,IBM,I,20,300.23
2025-12-22,9:54:25.226809263,T,IBM,I,5,300.26
2025-12-22,9:54:30.157722738,T,IBM,I,17,300.22
2025-12-22,9:54:30.157722738,T,IBM,I,8,300.25
2025-12-22,9:54:34.527310890,T,IBM,,40,300.19
2025-12-22,9:54:34.527368130,T,IBM,F,40,300.19
2025-12-22,9:54:34.527479273,T,IBM,F,40,300.18
2025-12-22,9:54:43.038117786,T,IBM,I,33,300.11
2025-12-22,9:54:43.038788329,T,IBM,F I,25,300.0
2025-12-22,9:54:43.038791337,T,IBM,F I,15,300.0
2025-12-22,9:54:43.038791337,T,IBM,F I,25,299.96
2025-12-22,9:54:43.039058999,T,IBM,I,8,299.96
2025-12-22,9:54:43.039089445,T,IBM,F I,20,299.96
2025-12-22,9:54:43.039091956,T,IBM,F I,20,299.96
2025-12-22,9:54:43.039164425,T,IBM,F I,27,299.96
2025-12-22,9:54:43.039167752,T,IBM,F I,13,299.95
2025-12-22,9:54:43.039182211,T,IBM,F I,27,299.95
2025-12-22,9:54:43.039540093,T,IBM,F I,1,299.94
2025-12-22,9:54:43.039570192,T,IBM,F I,1,299.94
2025-12-22,9:54:45.123738570,T,IBM,I,15,300.0
2025-12-22,9:54:45.123738570,T,IBM,I,10,300.0
2025-12-22,9:54:45.123756557,T,IBM,F I,30,300.0
2025-12-22,9:54:50.390780285,T,IBM,I,24,300.14
2025-12-22,9:54:50.390783247,T,IBM,I,2,300.14
2025-12-22,9:54:50.390804330,T,IBM,F I,23,300.15
2025-12-22,9:54:50.390817090,T,IBM,I,18,300.15
2025-12-22,9:54:50.390817090,T,IBM,I,10,300.15
2025-12-22,9:54:50.390819335,T,IBM,I,1,300.15
2025-12-22,9:54:50.391610196,T,IBM,F I,23,300.23
2025-12-22,9:54:51.884676570,T,IBM,F I,11,300.42
2025-12-22,9:55:01.350490887,T,IBM,F,40,300.35
2025-12-22,9:55:01.350514699,T,IBM,I,30,300.35
2025-12-22,9:55:01.350514699,T,IBM,I,1,300.35
2025-12-22,9:55:17.457705169,T,IBM,F I,2,300.2
2025-12-22,9:55:30.959595518,T,IBM,I,9,300.23
2025-12-22,9:55:30.959598555,T,IBM,I,5,300.25
2025-12-22,9:55:30.959598555,T,IBM,I,1,300.32
2025-12-22,9:55:30.959601462,T,IBM,I,35,300.34
2025-12-22,9:55:34.752272289,T,IBM,F I,21,300.2
2025-12-22,9:55:38.827255026,T,IBM,F I,1,300.11
2025-12-22,9:55:38.827255026,T,IBM,F I,7,300.06
2025-12-22,9:55:40.034689433,T,IBM,,73,300.06
2025-12-22,9:55:41.434284333,T,IBM,F,40,300.01
2025-12-22,9:55:41.445669406,T,IBM,F I,25,299.78
2025-12-22,9:55:41.445708496,T,IBM,F I,25,299.78
2025-12-22,9:56:11.122811204,T,IBM,I,15,299.95
2025-12-22,9:56:11.122847283,T,IBM,I,1,299.95
2025-12-22,9:56:11.122850303,T,IBM,I,12,299.95
2025-12-22,9:56:11.122850303,T,IBM,I,22,299.96
2025-12-22,9:56:11.122865417,T,IBM,I,1,299.96
2025-12-22,9:56:11.122868403,T,IBM,F I,12,299.96
2025-12-22,9:56:11.122868403,T,IBM,F I,1,299.96
2025-12-22,9:56:11.122889356,T,IBM,I,14,299.96
2025-12-22,9:56:11.123250819,T,IBM,,40,299.96
2025-12-22,9:56:11.123280373,T,IBM,,40,299.96
2025-12-22,9:56:11.123322441,T,IBM,F,40,299.96
2025-12-22,9:56:11.123379628,T,IBM,I,4,299.96
2025-12-22,9:56:11.349322486,T,IBM,I,16,299.91
2025-12-22,9:56:20.690092952,T,IBM,F I,25,299.8
2025-12-22,9:56:20.690113973,T,IBM,F I,39,299.79
2025-12-22,9:56:20.690117229,T,IBM,F I,1,299.79
2025-12-22,9:56:20.690117229,T,IBM,F I,1,299.79
2025-12-22,9:56:20.690180122,T,IBM,I,20,299.77
2025-12-22,9:56:20.690808627,T,IBM,F I,1,299.76
2025-12-22,9:56:23.741832877,T,IBM,I,20,299.69
2025-12-22,9:56:23.741835766,T,IBM,,480,299.68
2025-12-22,9:56:23.741856984,T,IBM,F I,20,299.68
2025-12-22,9:56:23.741856984,T,IBM,I,1,299.68
2025-12-22,9:56:25.848401639,T,IBM,F I,20,299.63
2025-12-22,9:56:25.848404709,T,IBM,F I,20,299.62
2025-12-22,9:56:25.848422879,T,IBM,I,1,299.62
2025-12-22,9:56:25.848422879,T,IBM,F I,19,299.62
2025-12-22,9:56:25.860424340,T,IBM,,80,299.61
2025-12-22,9:56:25.883143350,T,IBM,,100,299.61
2025-12-22,9:56:25.883158434,T,IBM,,100,299.61
2025-12-22,9:56:25.961116032,T,IBM,,40,299.61
2025-12-22,9:56:31.545397785,T,IBM,,50,299.615
2025-12-22,9:56:31.804569773,T,IBM,I,10,299.615
2025-12-22,9:56:33.870319439,T,IBM,F I,20,299.54
2025-12-22,9:56:33.870322491,T,IBM,F I,20,299.53
2025-12-22,9:56:33.870329750,T,IBM,F I,20,299.53
2025-12-22,9:56:33.870329750,T,IBM,F I,3,299.52
2025-12-22,9:56:33.870329750,T,IBM,F I,20,299.52
2025-12-22,9:56:33.870334478,T,IBM,F I,6,299.52
2025-12-22,9:56:33.870337524,T,IBM,F I,14,299.52
2025-12-22,9:56:33.870370905,T,IBM,I,20,299.6
2025-12-22,9:56:33.870388595,T,IBM,I,17,299.6
2025-12-22,9:56:33.870445825,T,IBM,F I,6,299.5
2025-12-22,9:56:33.870590123,T,IBM,I,11,299.53
2025-12-22,9:56:33.870818620,T,IBM,F I,1,299.47
2025-12-22,9:56:33.886197266,T,IBM,F I,3,299.45
2025-12-22,9:56:33.948526666,T,IBM,,40,299.445
2025-12-22,9:56:34.070680451,T,IBM,I,2,299.49
2025-12-22,9:56:35.113996088,T,IBM,,40,299.44
2025-12-22,9:56:35.114423104,T,IBM,F,40,299.43
2025-12-22,9:56:41.677610439,T,IBM,F I,20,299.26
2025-12-22,9:56:41.677616555,T,IBM,F I,14,299.26
2025-12-22,9:56:41.677616555,T,IBM,F I,26,299.26
2025-12-22,9:56:41.677616555,T,IBM,F I,3,299.25
2025-12-22,9:56:41.677619430,T,IBM,F I,16,299.25
2025-12-22,9:56:41.677637514,T,IBM,I,9,299.25
2025-12-22,9:56:41.677649503,T,IBM,F I,17,299.25
2025-12-22,9:56:42.933454180,T,IBM,F,40,299.22
2025-12-22,9:56:42.933463204,T,IBM,F I,20,299.22
2025-12-22,9:56:42.933466181,T,IBM,F I,32,299.22
2025-12-22,9:56:43.072541203,T,IBM,F I,25,299.315
2025-12-22,9:56:43.072583346,T,IBM,F I,15,299.315
2025-12-22,9:56:50.805931304,T,IBM,I,2,299.41
2025-12-22,9:56:50.805934789,T,IBM,I,29,299.42
2025-12-22,9:56:50.805949186,T,IBM,I,1,299.42
2025-12-22,9:56:50.805955369,T,IBM,F I,10,299.42
2025-12-22,9:56:50.805958232,T,IBM,F I,32,299.42
2025-12-22,9:56:50.805958232,T,IBM,F I,1,299.42
2025-12-22,9:56:50.805970335,T,IBM,I,39,299.42
2025-12-22,9:56:50.865418863,T,IBM,F I,34,299.44
2025-12-22,9:56:50.918714719,T,IBM,F I,6,299.44
2025-12-22,9:57:00.131235944,T,IBM,F I,22,299.37
2025-12-22,9:57:00.131238795,T,IBM,F I,3,299.37
2025-12-22,9:57:00.131292965,T,IBM,F I,4,299.37
2025-12-22,9:57:00.131518441,T,IBM,F I,39,299.35
2025-12-22,9:57:00.131539511,T,IBM,I,1,299.35
2025-12-22,9:57:02.415612056,T,IBM,I,2,299.27
2025-12-22,9:57:02.415612056,T,IBM,I,8,299.23
2025-12-22,9:57:21.758015102,T,IBM,,40,299.37
2025-12-22,9:57:24.757241090,T,IBM,F I,2,299.47
2025-12-22,9:57:24.757241090,T,IBM,F I,2,299.47
2025-12-22,9:57:24.757310283,T,IBM,I,10,299.5
2025-12-22,9:57:24.757310283,T,IBM,I,9,299.5
2025-12-22,9:57:24.757331373,T,IBM,F I,3,299.5
2025-12-22,9:57:24.757812449,T,IBM,F I,25,299.54
2025-12-22,9:57:24.757854610,T,IBM,F I,5,299.54
2025-12-22,9:57:24.765366501,T,IBM,F I,10,299.625
2025-12-22,9:57:24.765372523,T,IBM,,90,299.625
2025-12-22,9:57:24.765435641,T,IBM,F I,10,299.65
2025-12-22,9:57:24.765510777,T,IBM,,45,299.64
2025-12-22,9:57:24.765558956,T,IBM,F I,10,299.64
2025-12-22,9:57:26.326569039,T,IBM,F I,20,299.63
2025-12-22,9:57:26.326572603,T,IBM,F I,20,299.62
2025-12-22,9:57:26.326572603,T,IBM,F I,11,299.62
2025-12-22,9:57:26.326575187,T,IBM,I,9,299.62
2025-12-22,9:57:26.326578020,T,IBM,I,2,299.61
2025-12-22,9:57:26.326590106,T,IBM,F I,9,299.61
2025-12-22,9:57:29.355995756,T,IBM,,40,299.625
2025-12-22,9:57:29.518253076,T,IBM,F I,2,299.65
2025-12-22,9:57:29.518253076,T,IBM,F I,9,299.65
2025-12-22,9:57:29.786888494,T,IBM,,40,299.63
2025-12-22,9:57:30.110973078,T,IBM,,40,299.7
2025-12-22,9:57:30.111093338,T,IBM,F I,25,299.71
2025-12-22,9:57:30.111181383,T,IBM,I,15,299.71
2025-12-22,9:57:30.111183798,T,IBM,I,25,299.71
2025-12-22,9:57:30.111349138,T,IBM,F I,15,299.71
2025-12-22,9:57:30.111354969,T,IBM,F I,35,299.75
2025-12-22,9:57:30.111369963,T,IBM,I,1,299.75
2025-12-22,9:57:30.111376074,T,IBM,F I,4,299.75
2025-12-22,9:57:30.111376074,T,IBM,F I,10,299.75
2025-12-22,9:57:30.111661658,T,IBM,F I,1,299.76
2025-12-22,9:57:30.112157910,T,IBM,F I,5,299.83
2025-12-22,9:57:30.117261056,T,IBM,F I,7,299.71
2025-12-22,9:57:30.117303148,T,IBM,F I,25,299.69
2025-12-22,9:57:30.117324219,T,IBM,F I,3,299.69
2025-12-22,9:57:30.117351285,T,IBM,F I,3,299.68
2025-12-22,9:57:49.571428369,T,IBM,I,30,299.56
2025-12-22,9:57:52.065499756,T,IBM,,40,299.66
2025-12-22,9:58:16.369182665,T,IBM,F I,4,299.54
2025-12-22,9:58:16.369182665,T,IBM,F I,10,299.54
2025-12-22,9:58:16.369188601,T,IBM,F,40,299.53
2025-12-22,9:58:16.369188601,T,IBM,F I,20,299.53
2025-12-22,9:58:16.369191706,T,IBM,F I,7,299.53
2025-12-22,9:58:16.369200734,T,IBM,I,1,299.53
2025-12-22,9:58:16.369203787,T,IBM,F I,12,299.53
2025-12-22,9:58:16.369206719,T,IBM,F I,1,299.53
2025-12-22,9:58:24.001240405,T,IBM,F I,25,299.485
2025-12-22,9:58:24.001456957,T,IBM,F I,25,299.41
2025-12-22,9:58:24.001493032,T,IBM,F I,15,299.41
2025-12-22,9:58:24.013852385,T,IBM,I,5,299.48
2025-12-22,9:58:24.032232240,T,IBM,,53,299.485
2025-12-22,9:58:24.125000035,T,IBM,,40,299.485
2025-12-22,9:58:24.208316366,T,IBM,,45,299.54
2025-12-22,9:58:24.208337371,T,IBM,F I,25,299.54
2025-12-22,9:58:27.763445708,T,IBM,,40,299.475
2025-12-22,9:58:27.770088779,T,IBM,F I,1,299.4
2025-12-22,9:58:27.770091547,T,IBM,F I,39,299.39
2025-12-22,9:58:27.770115555,T,IBM,I,1,299.39
2025-12-22,9:58:27.770118723,T,IBM,I,35,299.39
2025-12-22,9:58:27.770118723,T,IBM,I,4,299.39
2025-12-22,9:58:27.770122657,T,IBM,F I,1,299.39
2025-12-22,9:58:27.770122657,T,IBM,I,1,299.39
2025-12-22,9:58:27.770124585,T,IBM,F I,14,299.39
2025-12-22,9:58:27.855347989,T,IBM,F I,1,299.29
2025-12-22,9:58:27.855350498,T,IBM,F I,20,299.29
2025-12-22,9:58:27.855353451,T,IBM,F I,24,299.28
2025-12-22,9:58:27.855933870,T,IBM,F I,5,299.28
2025-12-22,9:58:27.855957935,T,IBM,F I,16,299.28
2025-12-22,9:58:27.856249590,T,IBM,I,34,299.29
2025-12-22,9:58:29.350007776,T,IBM,I,20,299.22
2025-12-22,9:58:29.350010587,T,IBM,I,20,299.21
2025-12-22,9:58:29.350025973,T,IBM,I,1,299.21
2025-12-22,9:58:29.350076758,T,IBM,F I,19,299.21
2025-12-22,9:58:30.646697529,T,IBM,F I,25,299.22
2025-12-22,9:58:30.646772729,T,IBM,F I,15,299.22
2025-12-22,9:58:38.059398195,T,IBM,F I,6,299.12
2025-12-22,9:58:38.059419274,T,IBM,F I,12,299.12
2025-12-22,9:58:39.711636378,T,IBM,I,21,299.18
2025-12-22,9:58:39.711636378,T,IBM,I,5,299.18
2025-12-22,9:58:39.711855909,T,IBM,I,4,299.185
2025-12-22,9:58:40.055501883,T,IBM,I,36,299.185
2025-12-22,9:58:41.455824565,T,IBM,F I,8,299.11
2025-12-22,9:58:43.748118436,T,IBM,F I,10,299.24
2025-12-22,9:58:43.748143198,T,IBM,F I,10,299.27
2025-12-22,9:58:43.748166554,T,IBM,F I,5,299.27
2025-12-22,9:58:43.748184795,T,IBM,F I,6,299.27
2025-12-22,9:58:43.748184795,T,IBM,F I,4,299.27
2025-12-22,9:58:43.748187788,T,IBM,F I,1,299.27
2025-12-22,9:58:43.748191036,T,IBM,F I,10,299.27
2025-12-22,9:58:43.748191036,T,IBM,F I,10,299.27
2025-12-22,9:58:43.748208727,T,IBM,I,10,299.28
2025-12-22,9:58:43.826585039,T,IBM,I,2,299.35
2025-12-22,9:58:43.826587258,T,IBM,I,2,299.35
2025-12-22,9:58:43.826590351,T,IBM,I,36,299.3
2025-12-22,9:58:43.931308636,T,IBM,I,18,299.38
2025-12-22,9:58:43.931314591,T,IBM,I,22,299.38
2025-12-22,9:58:44.008923332,T,IBM,,40,299.38
2025-12-22,9:58:57.406278957,T,IBM,F I,25,299.3
2025-12-22,9:58:57.406300478,T,IBM,F I,25,299.3
2025-12-22,9:58:57.406300478,T,IBM,F I,25,299.3
2025-12-22,9:58:57.406303045,T,IBM,F,40,299.3
2025-12-22,9:58:57.406348052,T,IBM,F I,14,299.3
2025-12-22,9:58:57.406348052,T,IBM,F I,5,299.3
2025-12-22,9:58:57.406351073,T,IBM,F I,31,299.29
2025-12-22,9:58:57.406366162,T,IBM,I,1,299.29
2025-12-22,9:58:57.406369102,T,IBM,F I,8,299.29
2025-12-22,9:58:57.406453379,T,IBM,,69,299.29
2025-12-22,9:58:57.407557019,T,IBM,,40,299.27
2025-12-22,9:58:57.419453264,T,IBM,I,2,299.29
2025-12-22,9:59:06.123148116,T,IBM,F I,25,299.33
2025-12-22,9:59:06.124282489,T,IBM,I,15,299.32
2025-12-22,9:59:06.235197851,T,IBM,I,6,299.31
2025-12-22,9:59:11.188791381,T,IBM,I,20,299.22
2025-12-22,9:59:11.188794404,T,IBM,I,1,299.22
2025-12-22,9:59:11.188794404,T,IBM,I,19,299.22
2025-12-22,9:59:11.194294627,T,IBM,I,17,299.22
2025-12-22,9:59:11.194294627,T,IBM,I,23,299.22
2025-12-22,9:59:19.470305130,T,IBM,I,24,299.37
2025-12-22,9:59:23.241092836,T,IBM,,40,299.22
2025-12-22,9:59:23.246277474,T,IBM,I,16,299.22
2025-12-22,9:59:23.246280216,T,IBM,I,25,299.22
2025-12-22,9:59:23.246280216,T,IBM,I,2,299.21
2025-12-22,9:59:23.246566518,T,IBM,F I,38,299.21
2025-12-22,9:59:23.246566518,T,IBM,F I,2,299.21
2025-12-22,9:59:23.246571914,T,IBM,F I,1,299.21
2025-12-22,9:59:23.246752530,T,IBM,I,25,299.22
2025-12-22,9:59:23.246752530,T,IBM,I,15,299.22
2025-12-22,9:59:23.249876684,T,IBM,I,18,299.21
2025-12-22,9:59:23.360705543,T,IBM,I,10,299.22
2025-12-22,9:59:23.360729623,T,IBM,F I,25,299.22
2025-12-22,9:59:25.922816848,T,IBM,I,7,299.24
2025-12-22,9:59:25.922816848,T,IBM,I,33,299.21
2025-12-22,9:59:25.922834895,T,IBM,I,1,299.21
2025-12-22,9:59:25.923021323,T,IBM,F I,6,299.21
2025-12-22,9:59:35.913283986,T,IBM,F I,20,299.13
2025-12-22,9:59:35.913287024,T,IBM,F I,20,299.13
2025-12-22,9:59:43.636978954,T,IBM,I,2,299.17
2025-12-22,9:59:43.637355217,T,IBM,I,7,299.14
2025-12-22,9:59:43.637357829,T,IBM,I,9,299.14
2025-12-22,9:59:47.537366176,T,IBM,I,7,299.17
2025-12-22,9:59:47.537387213,T,IBM,I,7,299.17
2025-12-22,9:59:53.312662777,T,IBM,I,1,299.14
2025-12-22,9:59:53.312722892,T,IBM,I,1,299.17
2025-12-22,9:59:53.314476086,T,IBM,I,1,299.14
2025-12-22,9:59:53.318508583,T,IBM,I,20,299.13
2025-12-22,9:59:53.318511635,T,IBM,I,15,299.12
2025-12-22,9:59:53.318860435,T,IBM,I,25,299.12
2025-12-22,9:59:55.051624464,T,IBM,F I,8,299.15
2025-12-22,9:59:58.322989291,T,IBM,I,2,299.12
2025-12-22,9:59:58.326528724,T,IBM,I,23,299.12
2025-12-22,9:59:58.326531681,T,IBM,I,17,299.12
2025-12-22,9:59:59.626544938,T,IBM,I,20,299.13
2025-12-22,9:59:59.626547557,T,IBM,I,20,299.13
2025-12-22,10:00:00.040729729,T,IBM,I,5,299.13
2025-12-22,10:00:00.040732514,T,IBM,I,35,299.12
2025-12-22,10:00:00.040750507,T,IBM,F I,5,299.12
2025-12-22,10:00:00.041502403,T,IBM,I,10,299.185
2025-12-22,10:00:00.041514401,T,IBM,F I,1,299.12
2025-12-22,10:00:01.471433403,T,IBM,F I,25,299.185
2025-12-22,10:00:01.471481464,T,IBM,F I,15,299.185
2025-12-22,10:00:01.471592736,T,IBM,I,26,299.26
2025-12-22,10:00:01.471860392,T,IBM,I,38,299.2
2025-12-22,10:00:01.471866450,T,IBM,,45,299.2
2025-12-22,10:00:01.593945000,T,IBM,I,2,299.17
2025-12-22,10:00:01.594014163,T,IBM,I,8,299.17
2025-12-22,10:00:04.907283685,T,IBM,F I,1,299.13
2025-12-22,10:00:04.907304722,T,IBM,F,79,299.13
2025-12-22,10:00:04.907307716,T,IBM,F I,1,299.13
2025-12-22,10:00:04.907325799,T,IBM,I,1,299.13
2025-12-22,10:00:04.918082351,T,IBM,,40,299.19
2025-12-22,10:00:04.918118430,T,IBM,I,29,299.2
2025-12-22,10:00:04.932955744,T,IBM,F I,14,299.27
2025-12-22,10:00:05.260330059,T,IBM,I,20,299.24
2025-12-22,10:00:10.699453352,T,IBM,,40,299.22
2025-12-22,10:00:12.942432935,T,IBM,I,2,299.27
2025-12-22,10:00:12.942432935,T,IBM,I,15,299.28
2025-12-22,10:00:13.206016400,T,IBM,I,32,299.32
2025-12-22,10:00:24.046668031,T,IBM,F I,7,299.12
2025-12-22,10:00:24.046670753,T,IBM,F I,3,299.12
2025-12-22,10:00:24.046673501,T,IBM,F,50,299.12
2025-12-22,10:00:24.046676441,T,IBM,F,63,299.11
2025-12-22,10:00:24.046868960,T,IBM,I,17,299.11
2025-12-22,10:00:24.046868960,T,IBM,I,33,299.11
2025-12-22,10:00:24.054636392,T,IBM,,100,299.1
2025-12-22,10:00:24.064298413,T,IBM,F I,1,299.0
2025-12-22,10:00:34.460801056,T,IBM,F,40,298.96
2025-12-22,10:00:34.638752762,T,IBM,I,25,299.005
2025-12-22,10:00:40.907304430,T,IBM,F I,3,298.9
2025-12-22,10:00:40.911727920,T,IBM,,40,298.84
2025-12-22,10:00:40.911727920,T,IBM,,60,298.84
2025-12-22,10:00:44.632443524,T,IBM,F I,20,298.81
2025-12-22,10:00:44.632464585,T,IBM,F I,28,298.81
2025-12-22,10:00:44.632509616,T,IBM,F I,32,298.81
2025-12-22,10:00:51.803804574,T,IBM,I,15,298.825
2025-12-22,10:00:51.803804574,T,IBM,I,25,298.825
2025-12-22,10:00:51.807124474,T,IBM,I,26,298.87
2025-12-22,10:00:51.807124474,T,IBM,I,4,298.88
2025-12-22,10:00:51.807145803,T,IBM,F I,26,298.88
2025-12-22,10:00:52.470612066,T,IBM,F I,25,298.89
2025-12-22,10:00:52.470678137,T,IBM,F I,15,298.89
2025-12-22,10:00:53.996709069,T,IBM,F I,31,298.82
2025-12-22,10:00:53.996727104,T,IBM,I,1,298.82
2025-12-22,10:00:54.692541474,T,IBM,F I,8,298.82
2025-12-22,10:00:54.693104153,T,IBM,I,20,298.82
2025-12-22,10:00:54.693104153,T,IBM,,60,298.87
2025-12-22,10:00:54.693651125,T,IBM,I,3,298.88
2025-12-22,10:01:00.802928860,T,IBM,F,40,298.71
2025-12-22,10:01:00.802931906,T,IBM,F I,1,298.71
2025-12-22,10:01:04.869422596,T,IBM,I,7,298.72
2025-12-22,10:01:04.869425570,T,IBM,F I,7,298.72
2025-12-22,10:01:04.869434613,T,IBM,F I,7,298.72
2025-12-22,10:01:04.869609002,T,IBM,I,38,298.72
2025-12-22,10:01:04.869609002,T,IBM,I,2,298.71
2025-12-22,10:01:04.870084090,T,IBM,F I,21,298.78
2025-12-22,10:01:04.871368199,T,IBM,I,26,298.75
2025-12-22,10:01:04.874032546,T,IBM,I,38,298.82
2025-12-22,10:01:04.874164779,T,IBM,,40,298.82
2025-12-22,10:01:04.900708955,T,IBM,I,2,298.82
2025-12-22,10:01:05.151472955,T,IBM,F I,12,298.89
2025-12-22,10:01:10.752766333,T,IBM,F I,1,298.97
2025-12-22,10:01:10.752799386,T,IBM,F I,13,298.99
2025-12-22,10:01:10.753617375,T,IBM,F,40,299.09
2025-12-22,10:01:10.753719540,T,IBM,F I,11,299.09
2025-12-22,10:01:10.753764675,T,IBM,F,50,299.09
2025-12-22,10:01:10.753767774,T,IBM,F I,27,299.09
2025-12-22,10:01:10.804475449,T,IBM,F I,3,299.26
2025-12-22,10:01:10.804475449,T,IBM,F I,6,299.26
2025-12-22,10:01:10.804477714,T,IBM,F I,3,299.27
2025-12-22,10:01:10.804480731,T,IBM,F I,6,299.28
2025-12-22,10:01:10.882961309,T,IBM,,40,299.255
2025-12-22,10:01:10.970855317,T,IBM,I,22,299.09
2025-12-22,10:01:10.970855317,T,IBM,I,3,299.09
2025-12-22,10:01:10.970857531,T,IBM,I,15,299.09
2025-12-22,10:01:10.971344967,T,IBM,,79,299.08
2025-12-22,10:01:10.971350733,T,IBM,I,25,299.08
2025-12-22,10:01:10.971353664,T,IBM,I,25,299.08
2025-12-22,10:01:10.971444501,T,IBM,F I,25,299.06
2025-12-22,10:01:10.971482980,T,IBM,F I,25,299.06
2025-12-22,10:01:10.971525094,T,IBM,F I,21,299.06
2025-12-22,10:01:32.444079508,T,IBM,I,20,298.88
2025-12-22,10:01:32.444082775,T,IBM,I,6,298.88
2025-12-22,10:01:32.444082775,T,IBM,I,14,298.88
2025-12-22,10:01:37.858405684,T,IBM,I,26,298.87
2025-12-22,10:01:37.858628204,T,IBM,F,120,298.86
2025-12-22,10:01:37.858676368,T,IBM,,100,298.86
2025-12-22,10:01:37.858700713,T,IBM,I,1,298.845
2025-12-22,10:01:37.858805637,T,IBM,F I,25,298.85
2025-12-22,10:01:39.197228770,T,IBM,I,27,298.84
2025-12-22,10:01:40.363040982,T,IBM,I,14,298.84
2025-12-22,10:01:40.363040982,T,IBM,I,13,298.84
2025-12-22,10:01:44.085419447,T,IBM,F I,2,298.84
2025-12-22,10:01:44.085524615,T,IBM,I,3,298.87
2025-12-22,10:01:44.085539720,T,IBM,I,25,298.87
2025-12-22,10:01:45.157973925,T,IBM,,40,298.885
2025-12-22,10:01:45.157973925,T,IBM,,45,298.93
2025-12-22,10:01:46.260557586,T,IBM,,40,298.945
2025-12-22,10:02:04.157789311,T,IBM,F I,25,299.02
2025-12-22,10:02:04.157837395,T,IBM,F I,15,299.02
2025-12-22,10:02:04.157882852,T,IBM,I,15,299.04
2025-12-22,10:02:04.157882852,T,IBM,I,12,299.04
2025-12-22,10:02:04.161292619,T,IBM,,40,299.015
2025-12-22,10:02:05.945836909,T,IBM,I,10,299.025
2025-12-22,10:02:06.169314381,T,IBM,I,24,299.0
2025-12-22,10:02:06.169316858,T,IBM,I,3,299.0
2025-12-22,10:02:06.169319946,T,IBM,I,2,299.0
2025-12-22,10:02:11.188111565,T,IBM,I,17,298.88
2025-12-22,10:02:11.188115110,T,IBM,I,9,298.88
2025-12-22,10:02:11.188115110,T,IBM,I,5,298.88
2025-12-22,10:02:11.188117627,T,IBM,I,2,298.88
2025-12-22,10:02:11.188373181,T,IBM,F,77,298.88
2025-12-22,10:02:11.188373181,T,IBM,F I,3,298.87
2025-12-22,10:02:11.188379711,T,IBM,F,77,298.87
2025-12-22,10:02:11.188379711,T,IBM,F I,3,298.87
2025-12-22,10:02:11.188382172,T,IBM,F I,33,298.87
2025-12-22,10:02:11.188394215,T,IBM,F I,2,298.87
2025-12-22,10:02:11.188397226,T,IBM,I,2,298.87
2025-12-22,10:02:11.188583670,T,IBM,F I,1,298.83
2025-12-22,10:02:11.188625778,T,IBM,F I,1,298.83
2025-12-22,10:02:11.200362745,T,IBM,,40,298.825
2025-12-22,10:02:15.079197560,T,IBM,F,40,298.88
2025-12-22,10:02:15.079197560,T,IBM,F I,15,298.97
2025-12-22,10:02:15.079239659,T,IBM,F,55,298.97
2025-12-22,10:02:15.079275800,T,IBM,I,23,298.97
2025-12-22,10:02:15.079366023,T,IBM,F I,20,298.97
2025-12-22,10:02:15.079531386,T,IBM,F I,20,298.98
2025-12-22,10:02:15.089349712,T,IBM,I,2,298.99
2025-12-22,10:02:15.089443097,T,IBM,I,37,298.99
2025-12-22,10:02:23.071666408,T,IBM,I,5,299.065
2025-12-22,10:02:28.490840761,T,IBM,I,20,299.06
2025-12-22,10:02:28.490843255,T,IBM,I,2,299.09
2025-12-22,10:02:28.490846145,T,IBM,I,35,299.09
2025-12-22,10:02:38.294069675,T,IBM,,40,299.09
2025-12-22,10:02:42.289585388,T,IBM,,40,299.16
2025-12-22,10:02:42.289600461,T,IBM,F,40,299.17
2025-12-22,10:02:42.289922178,T,IBM,F I,34,299.18
2025-12-22,10:03:11.556307302,T,IBM,I,2,299.33
2025-12-22,10:03:11.556307302,T,IBM,I,30,299.35
2025-12-22,10:03:11.556310303,T,IBM,I,2,299.35
2025-12-22,10:03:11.556313376,T,IBM,I,6,299.36
2025-12-22,10:03:17.318011797,T,IBM,,40,299.38
2025-12-22,10:03:17.318011797,T,IBM,I,1,299.38
2025-12-22,10:03:17.318324327,T,IBM,F I,25,299.41
2025-12-22,10:03:17.318381479,T,IBM,F I,25,299.41
2025-12-22,10:03:17.318474665,T,IBM,F I,25,299.41
2025-12-22,10:03:17.318495779,T,IBM,F I,3,299.41
2025-12-22,10:03:17.318516819,T,IBM,F I,25,299.41
2025-12-22,10:03:17.318552906,T,IBM,F I,25,299.41
2025-12-22,10:03:17.318625028,T,IBM,F I,25,299.41
2025-12-22,10:03:17.321154026,T,IBM,F I,11,299.4
2025-12-22,10:03:17.335579476,T,IBM,F I,2,299.39
2025-12-22,10:03:17.335765899,T,IBM,I,2,299.37
2025-12-22,10:03:17.353652485,T,IBM,,40,299.39
2025-12-22,10:03:18.942914834,T,IBM,I,7,299.41
2025-12-22,10:03:18.942917829,T,IBM,,67,299.41
2025-12-22,10:03:18.943236630,T,IBM,F I,33,299.41
2025-12-22,10:03:18.943236630,T,IBM,F,41,299.42
2025-12-22,10:03:18.943254625,T,IBM,F I,33,299.42
2025-12-22,10:03:19.026661934,T,IBM,F I,2,299.45
2025-12-22,10:03:19.026664129,T,IBM,F I,2,299.43
2025-12-22,10:03:19.026679164,T,IBM,F,40,299.43
2025-12-22,10:03:19.026685293,T,IBM,,60,299.43
2025-12-22,10:03:19.026688470,T,IBM,I,2,299.42
2025-12-22,10:03:19.026691715,T,IBM,I,38,299.39
2025-12-22,10:03:19.026703339,T,IBM,F,50,299.39
2025-12-22,10:03:19.026730390,T,IBM,I,15,299.39
2025-12-22,10:03:19.026733360,T,IBM,F I,2,299.39
2025-12-22,10:03:19.026821394,T,IBM,,95,299.39
2025-12-22,10:03:19.026838828,T,IBM,F I,35,299.3
2025-12-22,10:03:19.026841561,T,IBM,F I,15,299.29
2025-12-22,10:03:19.026853585,T,IBM,F I,5,299.38
2025-12-22,10:03:19.026856641,T,IBM,F I,2,299.39
2025-12-22,10:03:19.029040055,T,IBM,I,2,299.41
2025-12-22,10:03:19.029042834,T,IBM,I,2,299.41
2025-12-22,10:03:19.105451794,T,IBM,I,2,299.37
2025-12-22,10:03:19.105454746,T,IBM,I,2,299.35
2025-12-22,10:03:19.229515131,T,IBM,I,36,299.35
2025-12-22,10:03:19.306678842,T,IBM,I,2,299.37
2025-12-22,10:03:19.306678842,T,IBM,I,38,299.36
2025-12-22,10:03:19.384651401,T,IBM,I,26,299.36
2025-12-22,10:03:19.384651401,T,IBM,I,14,299.36
2025-12-22,10:03:19.842458258,T,IBM,F I,1,299.42
2025-12-22,10:03:19.842981538,T,IBM,F I,1,299.5
2025-12-22,10:03:19.842984531,T,IBM,F I,1,299.51
2025-12-22,10:03:19.923383899,T,IBM,F I,6,299.61
2025-12-22,10:03:20.001597040,T,IBM,I,2,299.65
2025-12-22,10:03:20.001597040,T,IBM,I,38,299.6
2025-12-22,10:03:20.889761429,T,IBM,I,1,299.74
2025-12-22,10:03:20.908087126,T,IBM,I,1,299.74
2025-12-22,10:03:37.831730267,T,IBM,F I,25,299.775
2025-12-22,10:03:37.831781624,T,IBM,I,15,299.775
2025-12-22,10:03:37.831781624,T,IBM,I,10,299.775
2025-12-22,10:03:41.392272430,T,IBM,I,1,299.62
2025-12-22,10:03:41.393640708,T,IBM,F,40,299.61
2025-12-22,10:03:41.394789412,T,IBM,I,28,299.6
2025-12-22,10:03:41.651387354,T,IBM,F I,21,299.64
2025-12-22,10:03:41.651387354,T,IBM,F I,4,299.64
2025-12-22,10:03:41.651444412,T,IBM,F I,9,299.64
2025-12-22,10:03:41.915629408,T,IBM,I,22,299.64
2025-12-22,10:03:44.597888709,T,IBM,I,11,299.7
2025-12-22,10:03:44.949088776,T,IBM,F I,1,299.71
2025-12-22,10:03:51.023107535,T,IBM,F I,20,299.61
2025-12-22,10:03:51.023107535,T,IBM,F I,20,299.61
2025-12-22,10:03:51.023287904,T,IBM,F I,14,299.59
2025-12-22,10:03:51.023287904,T,IBM,F I,20,299.59
2025-12-22,10:03:51.023293913,T,IBM,F I,20,299.59
2025-12-22,10:03:51.023308935,T,IBM,F,146,299.59
2025-12-22,10:03:51.023329959,T,IBM,F I,2,299.58
2025-12-22,10:03:51.023369075,T,IBM,F I,1,299.58
2025-12-22,10:03:51.023393202,T,IBM,F,48,299.58
2025-12-22,10:03:51.023411201,T,IBM,F I,20,299.56
2025-12-22,10:03:51.023847261,T,IBM,F I,2,299.56
2025-12-22,10:03:51.023982529,T,IBM,F,40,299.565
2025-12-22,10:03:51.023982529,T,IBM,F I,1,299.57
2025-12-22,10:03:51.023985573,T,IBM,F,309,299.57
2025-12-22,10:03:51.024000586,T,IBM,I,1,299.57
2025-12-22,10:03:51.024012636,T,IBM,I,1,299.56
2025-12-22,10:03:51.024054736,T,IBM,F I,37,299.57
2025-12-22,10:03:51.024054736,T,IBM,F I,20,299.57
2025-12-22,10:03:51.024096850,T,IBM,F I,1,299.62
2025-12-22,10:03:55.473937063,T,IBM,F,40,299.58
2025-12-22,10:03:59.563462592,T,IBM,F I,25,299.66
2025-12-22,10:03:59.563516660,T,IBM,F I,15,299.66
2025-12-22,10:04:22.515097036,T,IBM,F I,7,299.67
2025-12-22,10:04:26.893048126,T,IBM,I,2,299.65
2025-12-22,10:04:27.588739330,T,IBM,F I,6,299.71
2025-12-22,10:04:27.594019904,T,IBM,I,25,299.65
2025-12-22,10:04:33.095989882,T,IBM,,40,299.64
2025-12-22,10:04:33.096007923,T,IBM,I,1,299.64
2025-12-22,10:04:33.096010923,T,IBM,F I,39,299.64
2025-12-22,10:04:33.117854967,T,IBM,F I,21,299.6
2025-12-22,10:04:33.117939189,T,IBM,F I,1,299.57
2025-12-22,10:04:33.167915167,T,IBM,I,20,299.55
2025-12-22,10:04:33.194477417,T,IBM,I,19,299.51
2025-12-22,10:04:33.195280280,T,IBM,F I,11,299.47
2025-12-22,10:04:39.590818199,T,IBM,I,10,299.41
2025-12-22,10:04:39.590821317,T,IBM,I,30,299.4
2025-12-22,10:04:39.590839342,T,IBM,F I,10,299.4
2025-12-22,10:04:46.718713855,T,IBM,F I,8,299.23
2025-12-22,10:04:47.185605460,T,IBM,I,2,299.23
2025-12-22,10:04:47.632030127,T,IBM,F I,5,299.23
2025-12-22,10:04:47.638173886,T,IBM,F,40,299.22
2025-12-22,10:04:47.638245919,T,IBM,F I,12,299.21
2025-12-22,10:04:55.144556323,T,IBM,I,8,299.195
2025-12-22,10:04:59.347869651,T,IBM,F I,20,299.195
2025-12-22,10:04:59.348209398,T,IBM,I,12,299.195
2025-12-22,10:04:59.348213663,T,IBM,I,29,299.195
2025-12-22,10:04:59.348215719,T,IBM,I,4,299.22
2025-12-22,10:05:00.195843306,T,IBM,I,25,299.2
2025-12-22,10:05:10.162827665,T,IBM,I,15,299.205
2025-12-22,10:05:10.162827665,T,IBM,I,10,299.205
2025-12-22,10:05:13.087737927,T,IBM,I,5,299.26
2025-12-22,10:05:13.087737927,T,IBM,I,30,299.26
2025-12-22,10:05:13.087758652,T,IBM,I,10,299.26
2025-12-22,10:05:13.088294066,T,IBM,F,80,299.27
2025-12-22,10:05:13.088294066,T,IBM,F,40,299.28
2025-12-22,10:05:13.088315329,T,IBM,F,40,299.28
2025-12-22,10:05:13.088315329,T,IBM,F,40,299.28
2025-12-22,10:05:13.088775012,T,IBM,F I,3,299.31
2025-12-22,10:05:13.230217118,T,IBM,I,20,299.3
2025-12-22,10:05:13.230217118,T,IBM,I,20,299.28
2025-12-22,10:05:13.493490712,T,IBM,,40,299.39
2025-12-22,10:05:13.493791168,T,IBM,,50,299.39
2025-12-22,10:05:13.493827279,T,IBM,I,10,299.39
2025-12-22,10:05:13.493827279,T,IBM,,40,299.4
2025-12-22,10:05:13.493830343,T,IBM,I,10,299.4
2025-12-22,10:05:13.493914515,T,IBM,F I,2,299.42
2025-12-22,10:05:13.494188093,T,IBM,F I,9,299.43
2025-12-22,10:05:13.587939329,T,IBM,,40,299.42
2025-12-22,10:05:13.759503797,T,IBM,,40,299.42
2025-12-22,10:05:15.046306037,T,IBM,,40,299.42
2025-12-22,10:05:15.123190275,T,IBM,I,24,299.42
2025-12-22,10:05:27.187983318,T,IBM,I,2,299.26
2025-12-22,10:05:27.188034492,T,IBM,F,40,299.25
2025-12-22,10:05:27.188052553,T,IBM,I,1,299.25
2025-12-22,10:05:27.188061617,T,IBM,F I,25,299.25
2025-12-22,10:05:27.188124684,T,IBM,F I,14,299.25
2025-12-22,10:05:37.399329488,T,IBM,F,40,299.25
2025-12-22,10:05:37.399332421,T,IBM,F,80,299.25
2025-12-22,10:05:37.399350811,T,IBM,F,40,299.25
2025-12-22,10:05:37.399657360,T,IBM,I,39,299.255
2025-12-22,10:05:37.399660139,T,IBM,I,10,299.26
2025-12-22,10:05:37.399660139,T,IBM,I,1,299.26
2025-12-22,10:05:37.399774872,T,IBM,F,45,299.25
2025-12-22,10:05:37.399774872,T,IBM,F I,5,299.25
2025-12-22,10:05:37.400012078,T,IBM,F,79,299.25
2025-12-22,10:05:37.400033137,T,IBM,F,40,299.22
2025-12-22,10:05:37.400084179,T,IBM,F,40,299.22
2025-12-22,10:05:37.400150753,T,IBM,F I,20,299.22
2025-12-22,10:05:37.400153400,T,IBM,F I,20,299.25
2025-12-22,10:05:37.400216566,T,IBM,F I,1,299.25
2025-12-22,10:05:37.400219502,T,IBM,F I,39,299.26
2025-12-22,10:05:37.400237537,T,IBM,I,1,299.26
2025-12-22,10:05:43.061171856,T,IBM,F,40,299.21
2025-12-22,10:05:43.061171856,T,IBM,F,80,299.21
2025-12-22,10:05:43.061869540,T,IBM,F I,1,299.14
2025-12-22,10:05:43.070800769,T,IBM,,40,299.155
2025-12-22,10:05:43.071393138,T,IBM,I,2,299.17
2025-12-22,10:05:43.071438269,T,IBM,I,2,299.19
2025-12-22,10:05:43.071486356,T,IBM,F I,10,299.21
2025-12-22,10:05:43.071519423,T,IBM,F I,10,299.21
2025-12-22,10:05:43.071552605,T,IBM,F I,10,299.23
2025-12-22,10:05:43.071718305,T,IBM,F I,10,299.22
2025-12-22,10:05:43.071748078,T,IBM,F I,10,299.22
2025-12-22,10:05:43.492293158,T,IBM,,40,299.25
2025-12-22,10:05:43.573778189,T,IBM,,40,299.265
2025-12-22,10:05:43.573781181,T,IBM,,40,299.265
2025-12-22,10:05:54.173312099,T,IBM,,40,299.17
2025-12-22,10:05:58.925137203,T,IBM,I,20,299.17
2025-12-22,10:06:02.915718094,T,IBM,I,2,299.25
2025-12-22,10:06:06.623752654,T,IBM,F I,20,299.17
2025-12-22,10:06:06.623755487,T,IBM,F,60,299.16
2025-12-22,10:06:06.623755487,T,IBM,I,20,299.16
2025-12-22,10:06:06.623758666,T,IBM,,40,299.16
2025-12-22,10:06:06.623758666,T,IBM,I,1,299.16
2025-12-22,10:06:06.952182296,T,IBM,F I,11,299.05
2025-12-22,10:06:07.593573127,T,IBM,I,20,299.02
2025-12-22,10:06:25.793033183,T,IBM,F I,2,299.07
2025-12-22,10:06:25.793033183,T,IBM,F I,2,299.07
2025-12-22,10:06:33.555983541,T,IBM,F I,2,299.05
2025-12-22,10:06:33.555983541,T,IBM,F I,2,299.05
2025-12-22,10:06:33.798059738,T,IBM,F I,2,299.05
2025-12-22,10:06:33.798062782,T,IBM,F I,2,299.07
2025-12-22,10:06:33.798062782,T,IBM,F I,21,299.1
2025-12-22,10:06:33.798595680,T,IBM,I,20,299.04
2025-12-22,10:06:33.798595680,T,IBM,I,2,299.03
2025-12-22,10:06:35.983695892,T,IBM,F I,2,299.07
2025-12-22,10:06:37.787470798,T,IBM,F I,2,299.11
2025-12-22,10:06:37.787473798,T,IBM,F I,13,299.15
2025-12-22,10:06:37.787479791,T,IBM,I,15,299.15
2025-12-22,10:06:37.787570086,T,IBM,F I,15,299.16
2025-12-22,10:06:37.787621213,T,IBM,F I,13,299.16
2025-12-22,10:06:37.787624183,T,IBM,F I,2,299.17
2025-12-22,10:06:37.787642335,T,IBM,I,3,299.17
2025-12-22,10:07:00.243774503,T,IBM,F I,25,299.28
2025-12-22,10:07:00.243822569,T,IBM,F I,15,299.28
2025-12-22,10:07:00.243822569,T,IBM,F I,10,299.3
2025-12-22,10:07:34.257515434,T,IBM,F I,25,299.285
2025-12-22,10:07:34.257563493,T,IBM,F I,8,299.285
2025-12-22,10:07:34.258889660,T,IBM,I,29,299.38
2025-12-22,10:07:34.258919805,T,IBM,,40,299.38
2025-12-22,10:07:34.258964853,T,IBM,F I,29,299.38
2025-12-22,10:07:34.258970938,T,IBM,F I,2,299.38
2025-12-22,10:07:34.258970938,T,IBM,F I,5,299.39
2025-12-22,10:07:34.258973870,T,IBM,F I,22,299.39
2025-12-22,10:07:34.258997988,T,IBM,I,2,299.39
2025-12-22,10:07:34.259001331,T,IBM,I,7,299.39
2025-12-22,10:07:34.259001331,T,IBM,I,28,299.39
2025-12-22,10:07:34.259004317,T,IBM,I,1,299.39
2025-12-22,10:07:34.259006998,T,IBM,I,4,299.39
2025-12-22,10:07:34.259006998,T,IBM,I,21,299.39
2025-12-22,10:07:34.261632177,T,IBM,I,11,299.39
2025-12-22,10:07:34.261635550,T,IBM,I,20,299.39
2025-12-22,10:07:34.261635550,T,IBM,,64,299.39
2025-12-22,10:07:34.262174342,T,IBM,F I,2,299.35
2025-12-22,10:07:34.262179480,T,IBM,F I,6,299.31
2025-12-22,10:07:35.300082408,T,IBM,I,18,299.31
2025-12-22,10:07:35.300103444,T,IBM,F I,22,299.31
2025-12-22,10:07:35.300106398,T,IBM,F I,1,299.31
2025-12-22,10:07:38.829121490,T,IBM,I,2,299.29
2025-12-22,10:07:38.829124801,T,IBM,I,20,299.34
2025-12-22,10:07:38.829124801,T,IBM,I,6,299.34
2025-12-22,10:07:38.829127615,T,IBM,,45,299.35
2025-12-22,10:07:38.829130564,T,IBM,I,27,299.355
2025-12-22,10:07:38.829226722,T,IBM,F I,13,299.355
2025-12-22,10:07:38.906988944,T,IBM,I,2,299.37
2025-12-22,10:07:38.906988944,T,IBM,I,13,299.365
2025-12-22,10:07:38.907040039,T,IBM,F I,25,299.365
2025-12-22,10:07:59.990936476,T,IBM,F,40,299.24
2025-12-22,10:07:59.990957589,T,IBM,I,1,299.24
2025-12-22,10:07:59.990957589,T,IBM,I,20,299.24
2025-12-22,10:07:59.990981581,T,IBM,F,40,299.24
2025-12-22,10:08:00.014996826,T,IBM,,40,299.295
2025-12-22,10:08:00.017612958,T,IBM,,57,299.295
2025-12-22,10:08:00.020151022,T,IBM,I,23,299.295
2025-12-22,10:08:06.333987651,T,IBM,I,33,299.325
2025-12-22,10:08:06.374063973,T,IBM,,40,299.325
2025-12-22,10:08:07.766270192,T,IBM,F I,20,299.3
2025-12-22,10:08:19.188770295,T,IBM,F I,7,299.25
2025-12-22,10:08:19.189389774,T,IBM,I,7,299.25
2025-12-22,10:08:19.189879919,T,IBM,I,7,299.25
2025-12-22,10:08:19.336590235,T,IBM,,40,299.3
2025-12-22,10:08:20.228327002,T,IBM,,40,299.36
2025-12-22,10:08:20.304134625,T,IBM,I,2,299.34
2025-12-22,10:08:20.304134625,T,IBM,I,2,299.33
2025-12-22,10:08:20.304143578,T,IBM,F I,5,299.33
