DATE,TIME_M,EX,SYM_ROOT,TR_SCOND,SIZE,PRICE
2025-11-05,9:30:00.314977779,T,IBM,FTI,1,301.31
2025-11-05,9:30:00.315907356,T,IBM,FTI,2,301.03
2025-11-05,9:30:00.966078968,T,IBM,FT,69,301.1
2025-11-05,9:30:01.702914249,T,IBM,,40,301.0
2025-11-05,9:30:01.702917242,T,IBM,Q,40,301.0
2025-11-05,9:30:01.702923302,T,IBM,I,1,301.0
2025-11-05,9:30:02.156652334,T,IBM,F I,28,301.0
2025-11-05,9:30:19.686106954,T,IBM,,40,300.87
2025-11-05,9:30:19.686164044,T,IBM,F I,10,300.87
2025-11-05,9:30:19.686173045,T,IBM,I,7,300.87
2025-11-05,9:30:19.686173045,T,IBM,I,3,300.85
2025-11-05,9:30:19.686194125,T,IBM,F I,7,300.85
2025-11-05,9:30:29.345216316,T,IBM,F I,22,300.64
2025-11-05,9:30:29.345234317,T,IBM,F I,3,300.64
2025-11-05,9:30:29.345237251,T,IBM,I,1,300.64
2025-11-05,9:30:29.345817732,T,IBM,F I,1,300.59
2025-11-05,9:30:29.345817732,T,IBM,F I,1,300.59
2025-11-05,9:30:29.346401068,T,IBM,,100,300.5
2025-11-05,9:30:29.346452213,T,IBM,,100,300.5
2025-11-05,9:30:29.346635588,T,IBM,I,8,300.38
2025-11-05,9:30:29.346660212,T,IBM,I,22,300.33
2025-11-05,9:30:29.346660212,T,IBM,I,13,300.33
2025-11-05,9:30:29.348809845,T,IBM,F I,1,300.59
2025-11-05,9:30:29.356935111,T,IBM,F I,5,300.63
2025-11-05,9:30:30.015136144,T,IBM,I,5,300.72
2025-11-05,9:30:31.805391104,T,IBM,F I,15,300.85
2025-11-05,9:30:34.454436688,T,IBM,F I,1,301.11
2025-11-05,9:30:36.055953595,T,IBM,F I,1,301.35
2025-11-05,9:30:36.057030788,T,IBM,I,7,301.39
2025-11-05,9:30:36.057030788,T,IBM,I,8,301.46
2025-11-05,9:30:36.057033080,T,IBM,I,6,301.47
2025-11-05,9:30:36.057081186,T,IBM,F I,7,301.47
2025-11-05,9:30:36.057123272,T,IBM,F I,8,301.48
2025-11-05,9:30:36.057153335,T,IBM,I,16,301.49
2025-11-05,9:30:37.212663141,T,IBM,F I,15,301.7
2025-11-05,9:30:37.213387827,T,IBM,F I,12,301.49
2025-11-05,9:30:37.213390831,T,IBM,F I,5,301.47
2025-11-05,9:30:37.616804259,T,IBM,F I,3,301.61
2025-11-05,9:30:59.328706187,T,IBM,F I,12,301.55
2025-11-05,9:30:59.328709145,T,IBM,F I,16,301.58
2025-11-05,9:31:04.229196598,T,IBM,F I,36,301.71
2025-11-05,9:31:04.229214567,T,IBM,I,1,301.71
2025-11-05,9:31:04.229238689,T,IBM,F I,2,301.71
2025-11-05,9:31:04.229238689,T,IBM,F I,1,301.72
2025-11-05,9:31:04.229244654,T,IBM,F,199,301.76
2025-11-05,9:31:04.252002827,T,IBM,F I,3,301.64
2025-11-05,9:31:04.252156253,T,IBM,F I,19,301.64
2025-11-05,9:31:04.252204301,T,IBM,I,10,301.7
2025-11-05,9:31:04.252207275,T,IBM,I,30,301.75
2025-11-05,9:31:04.252700445,T,IBM,,80,301.76
2025-11-05,9:31:04.252763677,T,IBM,F,80,301.77
2025-11-05,9:31:04.253262887,T,IBM,F,120,301.76
2025-11-05,9:31:04.253906380,T,IBM,F,80,301.76
2025-11-05,9:31:04.257000685,T,IBM,I,5,301.67
2025-11-05,9:31:04.257000685,T,IBM,I,35,301.72
2025-11-05,9:31:06.463548764,T,IBM,,40,301.63
2025-11-05,9:31:06.463666054,T,IBM,I,8,301.63
2025-11-05,9:31:06.585179270,T,IBM,,40,301.79
2025-11-05,9:31:06.585206308,T,IBM,F I,25,301.78
2025-11-05,9:31:06.585534167,T,IBM,,80,301.86
2025-11-05,9:31:06.585537355,T,IBM,I,7,301.87
2025-11-05,9:31:06.585540178,T,IBM,F I,32,301.87
2025-11-05,9:31:06.585543466,T,IBM,F I,4,301.87
2025-11-05,9:31:06.585546322,T,IBM,F I,4,301.87
2025-11-05,9:31:06.585546322,T,IBM,F,40,301.87
2025-11-05,9:31:06.585717553,T,IBM,F,120,301.9
2025-11-05,9:31:06.586328075,T,IBM,,75,301.91
2025-11-05,9:31:06.586343004,T,IBM,F I,5,301.91
2025-11-05,9:31:06.586956470,T,IBM,F,70,301.91
2025-11-05,9:31:06.586974521,T,IBM,F I,10,301.91
2025-11-05,9:31:06.587290358,T,IBM,F,80,301.91
2025-11-05,9:31:06.587756460,T,IBM,,80,301.91
2025-11-05,9:31:06.587774420,T,IBM,F,40,301.91
2025-11-05,9:31:10.406355114,T,IBM,F,100,301.82
2025-11-05,9:31:10.406358144,T,IBM,F I,5,301.82
2025-11-05,9:31:18.452393846,T,IBM,F I,5,301.83
2025-11-05,9:31:18.452396831,T,IBM,F I,4,302.04
2025-11-05,9:31:18.452399874,T,IBM,F I,1,302.09
2025-11-05,9:31:18.452448000,T,IBM,I,12,302.12
2025-11-05,9:31:18.473098168,T,IBM,F,100,301.86
2025-11-05,9:31:20.421662523,T,IBM,F I,5,301.83
2025-11-05,9:31:20.421664961,T,IBM,F I,5,301.99
2025-11-05,9:31:20.421716089,T,IBM,I,2,302.0
2025-11-05,9:31:20.422729519,T,IBM,I,18,301.95
2025-11-05,9:31:21.454236150,T,IBM,F I,5,301.89
2025-11-05,9:31:21.454239203,T,IBM,F I,6,302.0
2025-11-05,9:31:21.454290302,T,IBM,I,12,302.0
2025-11-05,9:31:21.454290302,T,IBM,I,7,302.0
2025-11-05,9:31:43.884758897,T,IBM,F,100,301.82
2025-11-05,9:32:01.642592380,T,IBM,I,24,302.12
2025-11-05,9:32:01.642938329,T,IBM,F I,16,302.12
2025-11-05,9:32:01.642938329,T,IBM,F I,8,302.13
2025-11-05,9:32:01.642998422,T,IBM,I,4,302.13
2025-11-05,9:32:01.642998422,T,IBM,I,2,302.13
2025-11-05,9:32:01.643001566,T,IBM,I,10,302.13
2025-11-05,9:32:01.658124387,T,IBM,F I,30,302.01
2025-11-05,9:32:05.014171060,T,IBM,F,40,302.17
2025-11-05,9:32:05.014174004,T,IBM,F,88,302.3
2025-11-05,9:32:06.686825128,T,IBM,I,1,302.22
2025-11-05,9:32:13.928307590,T,IBM,F I,12,301.97
2025-11-05,9:32:13.928307590,T,IBM,F I,5,301.91
2025-11-05,9:32:13.928310567,T,IBM,F,68,301.87
2025-11-05,9:32:50.430542152,T,IBM,F I,1,302.12
2025-11-05,9:32:51.010027681,T,IBM,F I,5,301.91
2025-11-05,9:32:51.010027681,T,IBM,F I,12,301.9
2025-11-05,9:32:51.010034270,T,IBM,F I,5,301.87
2025-11-05,9:32:51.010040090,T,IBM,F,100,301.87
2025-11-05,9:32:51.010040090,T,IBM,F I,1,301.86
2025-11-05,9:32:51.010040090,T,IBM,F I,4,301.86
2025-11-05,9:32:51.010517915,T,IBM,I,14,302.09
2025-11-05,9:32:51.010520855,T,IBM,I,22,302.09
2025-11-05,9:32:51.010580995,T,IBM,I,10,302.09
2025-11-05,9:32:51.010725523,T,IBM,F I,26,301.86
2025-11-05,9:32:51.010737996,T,IBM,F I,26,301.86
2025-11-05,9:32:56.894547782,T,IBM,I,1,302.13
2025-11-05,9:33:08.928130732,T,IBM,I,10,302.075
2025-11-05,9:33:09.874225064,T,IBM,F I,20,302.07
2025-11-05,9:33:18.476272673,T,IBM,I,5,302.1
2025-11-05,9:33:18.704564132,T,IBM,I,20,302.1
2025-11-05,9:33:18.704585774,T,IBM,F I,10,302.1
2025-11-05,9:33:19.107731335,T,IBM,F I,17,302.19
2025-11-05,9:33:19.107734034,T,IBM,F I,4,302.19
2025-11-05,9:33:19.178970651,T,IBM,F I,13,302.33
2025-11-05,9:33:19.178973578,T,IBM,F I,1,302.33
2025-11-05,9:33:19.852237384,T,IBM,,40,302.45
2025-11-05,9:33:19.853972499,T,IBM,F,40,302.51
2025-11-05,9:33:21.113235500,T,IBM,F,56,302.8
2025-11-05,9:33:22.912569050,T,IBM,F,80,302.94
2025-11-05,9:33:22.912572033,T,IBM,F,56,302.94
2025-11-05,9:33:22.912629192,T,IBM,F,100,302.94
2025-11-05,9:33:22.912857752,T,IBM,F,80,302.98
2025-11-05,9:33:25.613391888,T,IBM,F,80,302.97
2025-11-05,9:33:25.613629369,T,IBM,F I,11,302.97
2025-11-05,9:33:25.613653493,T,IBM,F,50,302.91
2025-11-05,9:33:25.615034138,T,IBM,I,22,303.14
2025-11-05,9:33:25.615036751,T,IBM,I,8,303.17
2025-11-05,9:33:25.615058215,T,IBM,F I,22,303.17
2025-11-05,9:33:25.615078864,T,IBM,I,1,303.17
2025-11-05,9:33:25.615836715,T,IBM,I,30,303.09
2025-11-05,9:33:25.837217759,T,IBM,I,10,303.03
2025-11-05,9:33:25.837220703,T,IBM,I,25,303.02
2025-11-05,9:33:25.837220703,T,IBM,I,5,302.99
2025-11-05,9:33:34.930623001,T,IBM,I,3,302.88
2025-11-05,9:33:49.190053874,T,IBM,F I,30,303.16
2025-11-05,9:33:57.308847901,T,IBM,F I,13,303.24
2025-11-05,9:33:57.309747077,T,IBM,I,1,303.38
2025-11-05,9:33:58.436132674,T,IBM,I,5,303.09
2025-11-05,9:33:58.436135834,T,IBM,I,5,303.09
2025-11-05,9:33:58.436139144,T,IBM,I,25,303.06
2025-11-05,9:33:58.436141633,T,IBM,,50,303.04
2025-11-05,9:33:58.436144922,T,IBM,I,30,303.03
2025-11-05,9:33:58.436144922,T,IBM,,75,303.02
2025-11-05,9:33:58.436148993,T,IBM,I,10,303.02
2025-11-05,9:33:58.436148993,T,IBM,I,5,303.0
2025-11-05,9:33:58.436148993,T,IBM,,57,303.0
2025-11-05,9:33:58.436151814,T,IBM,I,27,302.99
2025-11-05,9:33:58.436153699,T,IBM,,100,302.94
2025-11-05,9:33:58.436156755,T,IBM,,100,302.88
2025-11-05,9:33:58.436156755,T,IBM,F,511,302.85
2025-11-05,9:33:58.436168759,T,IBM,F I,20,302.82
2025-11-05,9:33:58.436171819,T,IBM,F,40,302.79
2025-11-05,9:33:58.436174698,T,IBM,F I,20,302.77
2025-11-05,9:33:58.436198772,T,IBM,F,50,302.96
2025-11-05,9:34:12.724059410,T,IBM,I,8,303.12
2025-11-05,9:34:20.686706900,T,IBM,I,7,303.155
2025-11-05,9:34:28.023462319,T,IBM,F I,4,303.195
2025-11-05,9:34:28.023462319,T,IBM,F I,30,303.13
2025-11-05,9:34:28.023465316,T,IBM,F I,3,303.09
2025-11-05,9:34:28.023495358,T,IBM,F I,2,303.09
2025-11-05,9:34:28.023985553,T,IBM,F,44,303.01
2025-11-05,9:34:28.024069704,T,IBM,F,44,303.01
2025-11-05,9:34:33.718242934,T,IBM,I,4,303.0
2025-11-05,9:34:33.718248644,T,IBM,I,4,303.0
2025-11-05,9:34:33.718248644,T,IBM,I,4,303.0
2025-11-05,9:34:33.718477154,T,IBM,F I,16,302.95
2025-11-05,9:34:43.217425684,T,IBM,I,3,302.72
2025-11-05,9:34:43.217428421,T,IBM,I,1,302.72
2025-11-05,9:34:43.217431058,T,IBM,F I,13,302.72
2025-11-05,9:34:43.218119777,T,IBM,I,5,302.685
2025-11-05,9:34:43.218119777,T,IBM,I,10,302.685
2025-11-05,9:34:50.280195132,T,IBM,I,3,302.6
2025-11-05,9:35:12.988098074,T,IBM,F I,12,302.58
2025-11-05,9:35:19.028557288,T,IBM,F I,9,302.56
2025-11-05,9:35:19.028918187,T,IBM,F,100,302.63
2025-11-05,9:35:19.179880588,T,IBM,I,6,302.665
2025-11-05,9:35:21.901861663,T,IBM,I,29,302.765
2025-11-05,9:35:23.298855507,T,IBM,I,6,302.66
2025-11-05,9:35:29.170967941,T,IBM,I,3,302.47
2025-11-05,9:35:44.688882808,T,IBM,I,24,302.23
2025-11-05,9:35:46.419033751,T,IBM,,40,302.16
2025-11-05,9:35:47.296811485,T,IBM,,66,302.11
2025-11-05,9:35:47.296820548,T,IBM,I,34,302.11
2025-11-05,9:35:47.296856555,T,IBM,F I,8,302.1
2025-11-05,9:35:47.297015935,T,IBM,F I,21,302.1
2025-11-05,9:35:47.297018973,T,IBM,F I,37,302.1
2025-11-05,9:35:48.588284022,T,IBM,F I,25,302.11
2025-11-05,9:35:58.543835711,T,IBM,I,8,302.1
2025-11-05,9:35:58.543862831,T,IBM,F I,25,302.15
2025-11-05,9:35:58.857879376,T,IBM,I,8,302.1
2025-11-05,9:36:00.094648742,T,IBM,F I,30,302.22
2025-11-05,9:36:05.954618322,T,IBM,F I,30,302.31
2025-11-05,9:36:05.954621328,T,IBM,F I,17,302.28
2025-11-05,9:36:05.954780708,T,IBM,,40,302.28
2025-11-05,9:36:13.271773092,T,IBM,F I,25,302.23
2025-11-05,9:36:14.515260391,T,IBM,I,4,302.56
2025-11-05,9:36:14.515362608,T,IBM,,100,302.64
2025-11-05,9:36:14.515389647,T,IBM,F,50,302.6
2025-11-05,9:36:14.515564104,T,IBM,I,4,302.65
2025-11-05,9:36:14.532894386,T,IBM,F I,2,302.67
2025-11-05,9:36:16.620945427,T,IBM,I,25,302.71
2025-11-05,9:36:16.620945427,T,IBM,I,25,302.67
2025-11-05,9:36:24.013468805,T,IBM,F I,22,302.67
2025-11-05,9:36:24.013468805,T,IBM,F I,24,302.67
2025-11-05,9:36:27.558596329,T,IBM,F,53,302.51
2025-11-05,9:36:27.558683825,T,IBM,F I,15,302.5
2025-11-05,9:36:27.558686607,T,IBM,F I,21,302.5
2025-11-05,9:36:27.558686607,T,IBM,F I,17,302.5
2025-11-05,9:36:43.790786577,T,IBM,I,10,302.6
2025-11-05,9:36:43.790789777,T,IBM,I,2,302.62
2025-11-05,9:36:43.790789777,T,IBM,,88,302.62
2025-11-05,9:36:56.752603840,T,IBM,F I,12,302.37
2025-11-05,9:36:56.752609977,T,IBM,F I,20,302.37
2025-11-05,9:36:56.752621956,T,IBM,I,20,302.37
2025-11-05,9:36:56.752630985,T,IBM,I,17,302.37
2025-11-05,9:36:56.752634068,T,IBM,I,3,302.37
2025-11-05,9:36:56.752652095,T,IBM,F I,15,302.36
2025-11-05,9:36:56.752652095,T,IBM,F I,1,302.36
2025-11-05,9:36:56.752655194,T,IBM,F I,4,302.36
2025-11-05,9:36:56.753674427,T,IBM,I,26,302.21
2025-11-05,9:37:06.537078249,T,IBM,F,40,302.42
2025-11-05,9:37:08.110992477,T,IBM,F,40,302.5
2025-11-05,9:37:08.110992477,T,IBM,F I,10,302.5
2025-11-05,9:37:08.112240083,T,IBM,F I,1,302.62
2025-11-05,9:37:08.112408541,T,IBM,I,1,302.62
2025-11-05,9:37:08.112615978,T,IBM,F I,1,302.62
2025-11-05,9:37:08.112703233,T,IBM,F I,1,302.62
2025-11-05,9:37:08.112769279,T,IBM,F I,1,302.62
2025-11-05,9:37:08.112838474,T,IBM,F I,1,302.63
2025-11-05,9:37:11.489291704,T,IBM,I,4,302.73
2025-11-05,9:37:16.893367138,T,IBM,I,19,302.81
2025-11-05,9:37:18.993494752,T,IBM,I,19,302.91
2025-11-05,9:37:32.459775766,T,IBM,F,40,302.96
2025-11-05,9:37:32.459835885,T,IBM,F I,4,303.0
2025-11-05,9:37:50.579926533,T,IBM,I,5,303.11
2025-11-05,9:37:50.581367005,T,IBM,F I,5,303.12
2025-11-05,9:37:57.612084268,T,IBM,I,5,302.98
2025-11-05,9:37:57.612087647,T,IBM,I,10,302.97
2025-11-05,9:37:57.612090410,T,IBM,I,11,302.97
2025-11-05,9:38:11.096524624,T,IBM,I,11,302.83
2025-11-05,9:38:11.096527707,T,IBM,I,25,302.83
2025-11-05,9:38:11.096531029,T,IBM,I,4,302.82
2025-11-05,9:38:11.096549081,T,IBM,F,63,302.82
2025-11-05,9:38:11.096551736,T,IBM,F I,15,302.82
2025-11-05,9:38:11.096551736,T,IBM,F I,11,302.82
2025-11-05,9:38:11.096569772,T,IBM,I,1,302.82
2025-11-05,9:38:12.383615733,T,IBM,I,5,302.75
2025-11-05,9:38:12.390565281,T,IBM,F I,3,302.755
2025-11-05,9:38:23.164013089,T,IBM,F I,25,302.78
2025-11-05,9:38:30.070019935,T,IBM,F I,6,302.68
2025-11-05,9:38:30.070023482,T,IBM,F I,14,302.68
2025-11-05,9:38:30.070023482,T,IBM,F I,10,302.68
2025-11-05,9:38:33.547630670,T,IBM,F I,3,302.47
2025-11-05,9:38:37.626826724,T,IBM,F I,2,302.25
2025-11-05,9:38:37.626841707,T,IBM,F I,8,302.25
2025-11-05,9:38:47.914810596,T,IBM,I,25,302.18
2025-11-05,9:38:48.356926095,T,IBM,,50,302.28
2025-11-05,9:38:48.356929306,T,IBM,I,30,302.28
2025-11-05,9:38:48.356929306,T,IBM,I,20,302.29
2025-11-05,9:38:48.623940783,T,IBM,I,5,302.405
2025-11-05,9:38:54.097376151,T,IBM,I,1,302.53
2025-11-05,9:39:01.319167779,T,IBM,I,13,302.5
2025-11-05,9:39:05.245762683,T,IBM,,40,302.5
2025-11-05,9:39:09.626020585,T,IBM,I,3,302.5
2025-11-05,9:39:09.627403967,T,IBM,F I,10,302.5
2025-11-05,9:39:11.210600965,T,IBM,I,3,302.445
2025-11-05,9:39:11.210603981,T,IBM,I,5,302.445
2025-11-05,9:39:12.035395550,T,IBM,I,3,302.5
2025-11-05,9:39:12.035419548,T,IBM,I,3,302.5
2025-11-05,9:39:12.889061820,T,IBM,I,3,302.5
2025-11-05,9:39:12.889082893,T,IBM,I,3,302.5
2025-11-05,9:39:12.897758565,T,IBM,I,24,302.5
2025-11-05,9:39:12.897821678,T,IBM,F I,3,302.53
2025-11-05,9:39:12.897854728,T,IBM,F I,10,302.54
2025-11-05,9:39:36.098568107,T,IBM,I,30,302.87
2025-11-05,9:39:36.455698269,T,IBM,F,40,302.92
2025-11-05,9:39:43.315160346,T,IBM,F I,4,303.07
2025-11-05,9:39:47.885966571,T,IBM,I,18,303.08
2025-11-05,9:39:47.885996625,T,IBM,F I,10,303.07
2025-11-05,9:39:48.425901883,T,IBM,F I,14,302.89
2025-11-05,9:39:52.562080772,T,IBM,I,18,302.72
2025-11-05,9:40:00.755157474,T,IBM,F I,14,302.55
2025-11-05,9:40:00.756170906,T,IBM,F I,4,302.41
2025-11-05,9:40:01.481073671,T,IBM,I,1,302.46
2025-11-05,9:40:17.159191688,T,IBM,,40,302.82
2025-11-05,9:40:17.191028484,T,IBM,,45,302.83
2025-11-05,9:40:17.688328415,T,IBM,I,33,302.83
2025-11-05,9:40:17.835321333,T,IBM,F I,10,302.82
2025-11-05,9:40:22.905917639,T,IBM,I,5,302.92
2025-11-05,9:40:22.905920621,T,IBM,I,2,302.94
2025-11-05,9:40:22.905920621,T,IBM,I,18,302.95
2025-11-05,9:40:23.062181874,T,IBM,F I,5,302.84
2025-11-05,9:40:23.062181874,T,IBM,F I,2,302.82
2025-11-05,9:40:26.937570431,T,IBM,F I,20,302.79
2025-11-05,9:40:34.540432080,T,IBM,F I,5,302.77
2025-11-05,9:40:34.540435306,T,IBM,F,50,302.77
2025-11-05,9:40:34.540435306,T,IBM,F,50,302.77
2025-11-05,9:40:34.540475047,T,IBM,F,111,302.75
2025-11-05,9:40:34.540480189,T,IBM,,100,302.77
2025-11-05,9:40:54.929057417,T,IBM,I,2,302.5
2025-11-05,9:40:58.182153781,T,IBM,I,3,302.43
2025-11-05,9:40:58.182153781,T,IBM,I,4,302.43
2025-11-05,9:41:01.997694308,T,IBM,I,6,302.43
2025-11-05,9:41:02.000256396,T,IBM,F I,1,302.43
2025-11-05,9:41:02.600268734,T,IBM,F,100,302.49
2025-11-05,9:41:02.663308018,T,IBM,,100,302.43
2025-11-05,9:41:02.663310848,T,IBM,,100,302.55
2025-11-05,9:41:02.663310848,T,IBM,I,1,302.57
2025-11-05,9:41:03.378909380,T,IBM,,100,302.55
2025-11-05,9:41:03.378909380,T,IBM,,100,302.57
2025-11-05,9:41:03.378924401,T,IBM,,100,302.57
2025-11-05,9:41:03.380004033,T,IBM,,45,302.6
2025-11-05,9:41:25.584180409,T,IBM,,86,302.44
2025-11-05,9:41:25.584261612,T,IBM,F,58,302.43
2025-11-05,9:41:25.584881125,T,IBM,,45,302.44
2025-11-05,9:41:38.801212550,T,IBM,F I,15,302.38
2025-11-05,9:41:40.772937631,T,IBM,I,1,302.43
2025-11-05,9:41:40.786424663,T,IBM,F,100,302.41
2025-11-05,9:41:40.790848202,T,IBM,I,5,302.335
2025-11-05,9:41:47.746112220,T,IBM,F I,2,302.51
2025-11-05,9:41:47.746280667,T,IBM,F,40,302.52
2025-11-05,9:41:56.825708516,T,IBM,F I,14,302.84
2025-11-05,9:41:56.825708516,T,IBM,F I,8,302.84
2025-11-05,9:41:56.837821265,T,IBM,,43,302.83
2025-11-05,9:42:02.492624341,T,IBM,F I,10,302.7
2025-11-05,9:42:02.492982227,T,IBM,,40,302.7
2025-11-05,9:42:02.492982227,T,IBM,I,3,302.7
2025-11-05,9:42:33.353828048,T,IBM,F I,18,302.58
2025-11-05,9:42:33.469627735,T,IBM,I,1,302.47
2025-11-05,9:42:34.210053562,T,IBM,I,5,302.6
2025-11-05,9:42:34.210056451,T,IBM,,100,302.61
2025-11-05,9:42:34.210059400,T,IBM,,57,302.63
2025-11-05,9:42:34.210059400,T,IBM,I,12,302.63
2025-11-05,9:42:34.210062369,T,IBM,I,22,302.64
2025-11-05,9:42:34.210077510,T,IBM,I,1,302.64
2025-11-05,9:42:34.210107485,T,IBM,I,39,302.64
2025-11-05,9:42:34.210110581,T,IBM,I,18,302.64
2025-11-05,9:42:42.746015522,T,IBM,F I,5,302.68
2025-11-05,9:42:42.746015522,T,IBM,F I,12,302.67
2025-11-05,9:42:52.702478555,T,IBM,F I,11,302.63
2025-11-05,9:42:52.702481184,T,IBM,F I,30,302.63
2025-11-05,9:42:52.702484580,T,IBM,F,80,302.62
2025-11-05,9:42:52.702484580,T,IBM,F,45,302.62
2025-11-05,9:42:52.702502299,T,IBM,F I,36,302.62
2025-11-05,9:42:52.702502299,T,IBM,F I,5,302.62
2025-11-05,9:42:52.703248043,T,IBM,I,17,302.63
2025-11-05,9:42:52.703317180,T,IBM,F I,8,302.54
2025-11-05,9:42:52.703377407,T,IBM,F I,8,302.54
2025-11-05,9:42:52.703587821,T,IBM,F I,5,302.58
2025-11-05,9:42:56.414882076,T,IBM,F,150,302.54
2025-11-05,9:43:06.176042030,T,IBM,F I,10,302.49
2025-11-05,9:43:06.669077795,T,IBM,F,100,302.49
2025-11-05,9:43:07.731323752,T,IBM,I,6,302.49
2025-11-05,9:43:07.731323752,T,IBM,I,1,302.49
2025-11-05,9:43:07.731326685,T,IBM,I,1,302.49
2025-11-05,9:43:07.819589827,T,IBM,I,30,302.53
2025-11-05,9:43:07.819589827,T,IBM,I,10,302.59
2025-11-05,9:43:07.819628922,T,IBM,,40,302.61
2025-11-05,9:43:09.302224471,T,IBM,F I,1,302.71
2025-11-05,9:43:09.302227582,T,IBM,I,1,302.71
2025-11-05,9:43:09.302230433,T,IBM,F I,1,302.71
2025-11-05,9:43:09.302245429,T,IBM,F I,1,302.71
2025-11-05,9:43:09.302266692,T,IBM,F I,1,302.71
2025-11-05,9:43:09.302290545,T,IBM,F I,35,302.71
2025-11-05,9:43:09.302293586,T,IBM,F I,1,302.72
2025-11-05,9:43:09.579926583,T,IBM,F,40,302.8
2025-11-05,9:43:09.746706612,T,IBM,F I,1,302.78
2025-11-05,9:43:46.018436041,T,IBM,F I,12,303.11
2025-11-05,9:43:46.373879498,T,IBM,F,40,303.05
2025-11-05,9:43:46.373882249,T,IBM,F I,33,303.05
2025-11-05,9:43:46.373900246,T,IBM,I,1,303.05
2025-11-05,9:43:46.373900246,T,IBM,F I,16,303.05
2025-11-05,9:43:46.474781397,T,IBM,I,10,302.95
2025-11-05,9:43:46.474784434,T,IBM,I,30,302.98
2025-11-05,9:43:47.026005655,T,IBM,I,1,303.045
2025-11-05,9:43:47.026005655,T,IBM,I,3,303.045
2025-11-05,9:44:02.263070530,T,IBM,I,1,302.91
2025-11-05,9:44:02.263073103,T,IBM,I,37,302.91
2025-11-05,9:44:02.263075785,T,IBM,,80,302.91
2025-11-05,9:44:02.263123897,T,IBM,,100,302.91
2025-11-05,9:44:02.330369950,T,IBM,I,2,302.88
2025-11-05,9:44:03.928696097,T,IBM,F I,1,302.88
2025-11-05,9:44:18.327562848,T,IBM,I,1,302.88
2025-11-05,9:44:21.739605628,T,IBM,I,5,302.88
2025-11-05,9:44:24.433024739,T,IBM,I,24,302.88
2025-11-05,9:44:27.703992936,T,IBM,I,10,302.88
2025-11-05,9:44:43.193318200,T,IBM,F I,21,302.79
2025-11-05,9:44:43.193342215,T,IBM,F I,9,302.79
2025-11-05,9:44:43.193345170,T,IBM,F I,12,302.76
2025-11-05,9:44:43.193348175,T,IBM,F I,9,302.76
2025-11-05,9:44:43.193351267,T,IBM,F I,5,302.76
2025-11-05,9:44:43.373477030,T,IBM,I,10,302.56
2025-11-05,9:44:43.471125492,T,IBM,I,10,302.56
2025-11-05,9:44:49.016985393,T,IBM,I,12,302.57
2025-11-05,9:44:49.016985393,T,IBM,I,6,302.56
2025-11-05,9:44:49.017003398,T,IBM,F I,12,302.56
2025-11-05,9:44:49.017442462,T,IBM,F I,10,302.55
2025-11-05,9:44:49.018305489,T,IBM,,40,302.585
2025-11-05,9:44:49.108787919,T,IBM,I,5,302.585
2025-11-05,9:44:51.711011782,T,IBM,F,100,302.64
2025-11-05,9:44:51.711032952,T,IBM,F I,12,302.66
2025-11-05,9:44:51.711032952,T,IBM,F I,39,302.67
2025-11-05,9:44:51.711035879,T,IBM,F I,28,302.67
2025-11-05,9:44:51.711053880,T,IBM,I,12,302.67
2025-11-05,9:44:58.432393982,T,IBM,I,4,302.675
2025-11-05,9:44:59.443854898,T,IBM,I,5,302.675
2025-11-05,9:44:59.443854898,T,IBM,I,5,302.675
2025-11-05,9:45:05.189366025,T,IBM,F I,1,302.7
2025-11-05,9:45:05.189369054,T,IBM,F I,1,302.7
2025-11-05,9:45:05.189696782,T,IBM,F I,29,302.77
2025-11-05,9:45:05.189733071,T,IBM,F,40,302.78
2025-11-05,9:45:05.189790015,T,IBM,F,40,302.78
2025-11-05,9:45:05.189802105,T,IBM,F,40,302.78
2025-11-05,9:45:07.104054406,T,IBM,I,5,302.81
2025-11-05,9:45:10.890088556,T,IBM,F I,25,302.85
2025-11-05,9:45:10.890091532,T,IBM,F,40,302.85
2025-11-05,9:45:10.890756185,T,IBM,F I,8,302.81
2025-11-05,9:45:10.890759200,T,IBM,F I,2,302.78
2025-11-05,9:45:10.890777550,T,IBM,F I,38,302.78
2025-11-05,9:45:10.890783207,T,IBM,F I,8,302.78
2025-11-05,9:45:10.890783207,T,IBM,F I,2,302.78
2025-11-05,9:45:17.475035991,T,IBM,F I,6,302.85
2025-11-05,9:45:17.475035991,T,IBM,F I,9,302.85
2025-11-05,9:45:17.475038978,T,IBM,F I,8,302.85
2025-11-05,9:45:19.216138888,T,IBM,F I,12,303.0
2025-11-05,9:45:19.216803447,T,IBM,I,1,303.04
2025-11-05,9:45:19.216833514,T,IBM,I,8,303.04
2025-11-05,9:45:19.228790251,T,IBM,I,2,303.09
2025-11-05,9:45:19.228793269,T,IBM,I,37,303.1
2025-11-05,9:45:19.228814308,T,IBM,I,1,303.1
2025-11-05,9:45:19.228817067,T,IBM,I,1,303.1
2025-11-05,9:45:21.166086005,T,IBM,F I,2,303.09
2025-11-05,9:45:21.166119414,T,IBM,I,10,303.05
2025-11-05,9:45:21.166122478,T,IBM,I,21,303.05
2025-11-05,9:45:21.166161244,T,IBM,I,30,303.03
2025-11-05,9:45:21.166164267,T,IBM,I,1,303.01
2025-11-05,9:45:21.166185287,T,IBM,F I,19,303.01
2025-11-05,9:45:21.166188900,T,IBM,F I,11,303.01
2025-11-05,9:45:21.167177997,T,IBM,F,57,303.1
2025-11-05,9:45:21.167181009,T,IBM,F I,6,303.11
2025-11-05,9:45:21.167192832,T,IBM,F I,10,303.11
2025-11-05,9:45:21.167192832,T,IBM,F I,8,303.11
2025-11-05,9:45:21.167195890,T,IBM,F I,8,303.11
2025-11-05,9:45:21.167199162,T,IBM,F I,30,303.12
2025-11-05,9:45:21.167277301,T,IBM,F,40,303.11
2025-11-05,9:45:21.167285914,T,IBM,,653,303.11
2025-11-05,9:45:21.167288884,T,IBM,,507,303.11
2025-11-05,9:45:21.167300963,T,IBM,I,19,303.13
2025-11-05,9:45:21.169261655,T,IBM,F I,18,303.24
2025-11-05,9:45:21.169261655,T,IBM,F I,8,303.24
2025-11-05,9:45:21.169264565,T,IBM,F,50,303.24
2025-11-05,9:45:21.169322209,T,IBM,I,22,303.19
2025-11-05,9:45:21.169378844,T,IBM,,40,303.19
2025-11-05,9:45:21.169469051,T,IBM,,40,303.21
2025-11-05,9:45:21.169613480,T,IBM,,100,303.22
2025-11-05,9:45:21.169613480,T,IBM,,40,303.2
2025-11-05,9:45:21.169791252,T,IBM,I,18,303.27
2025-11-05,9:45:21.169794079,T,IBM,,100,303.27
2025-11-05,9:45:21.169794079,T,IBM,,100,303.27
2025-11-05,9:45:21.169796869,T,IBM,,100,303.27
2025-11-05,9:45:21.169869076,T,IBM,,350,303.27
2025-11-05,9:45:21.171059815,T,IBM,F I,10,303.36
2025-11-05,9:45:21.171062855,T,IBM,F I,8,303.36
2025-11-05,9:45:21.171065949,T,IBM,F,200,303.36
2025-11-05,9:45:21.171065949,T,IBM,F,200,303.36
2025-11-05,9:45:21.171168097,T,IBM,,100,303.3
2025-11-05,9:45:21.171180174,T,IBM,,100,303.3
2025-11-05,9:45:21.173427269,T,IBM,F,160,303.46
2025-11-05,9:45:21.173427269,T,IBM,F I,8,303.46
2025-11-05,9:45:21.173429794,T,IBM,F I,8,303.46
2025-11-05,9:45:21.173432496,T,IBM,F,100,303.46
2025-11-05,9:45:21.173435658,T,IBM,F,40,303.46
2025-11-05,9:45:21.173435658,T,IBM,F I,33,303.46
2025-11-05,9:45:21.173997867,T,IBM,,45,303.44
2025-11-05,9:45:21.174001351,T,IBM,I,11,303.43
2025-11-05,9:45:21.287301626,T,IBM,F I,34,303.47
2025-11-05,9:45:21.299868536,T,IBM,I,20,303.59
2025-11-05,9:45:22.021156703,T,IBM,I,3,303.6
2025-11-05,9:45:22.021159689,T,IBM,I,27,303.6
2025-11-05,9:45:22.021174746,T,IBM,I,1,303.6
2025-11-05,9:45:22.021181024,T,IBM,,72,303.6
2025-11-05,9:45:22.021181024,T,IBM,I,39,303.6
2025-11-05,9:45:22.021280516,T,IBM,F I,39,303.62
2025-11-05,9:46:04.997801191,T,IBM,I,3,303.79
2025-11-05,9:46:06.404069083,T,IBM,I,2,303.77
2025-11-05,9:46:11.203924871,T,IBM,F I,4,303.65
2025-11-05,9:46:11.203957930,T,IBM,I,13,303.65
2025-11-05,9:46:11.203973012,T,IBM,I,8,303.65
2025-11-05,9:46:11.203973012,T,IBM,I,5,303.64
2025-11-05,9:46:11.203982019,T,IBM,F I,8,303.64
2025-11-05,9:46:11.203982019,T,IBM,F I,5,303.64
2025-11-05,9:46:11.203985014,T,IBM,F I,9,303.64
2025-11-05,9:46:11.204009046,T,IBM,I,1,303.64
2025-11-05,9:46:13.248651529,T,IBM,I,1,303.71
2025-11-05,9:46:25.617959642,T,IBM,F,40,303.82
2025-11-05,9:46:25.617962630,T,IBM,F,40,303.82
2025-11-05,9:46:25.618010800,T,IBM,F I,1,303.83
2025-11-05,9:46:25.618924922,T,IBM,F I,12,303.84
2025-11-05,9:46:25.626732304,T,IBM,I,5,303.83
2025-11-05,9:46:25.626740771,T,IBM,F,95,303.835
2025-11-05,9:46:25.626740771,T,IBM,F,55,303.8
2025-11-05,9:46:25.626788673,T,IBM,F,45,303.8
2025-11-05,9:46:25.626830749,T,IBM,I,6,303.83
2025-11-05,9:46:25.626833723,T,IBM,F I,12,303.77
2025-11-05,9:46:25.626836744,T,IBM,F I,9,303.77
2025-11-05,9:46:25.626840180,T,IBM,F,40,303.77
2025-11-05,9:46:25.626840180,T,IBM,F I,5,303.77
2025-11-05,9:46:25.626843727,T,IBM,F I,5,303.77
2025-11-05,9:46:25.626846078,T,IBM,F I,6,303.77
2025-11-05,9:46:25.626848775,T,IBM,F I,20,303.75
2025-11-05,9:46:26.490628212,T,IBM,,45,303.825
2025-11-05,9:46:26.843410064,T,IBM,I,20,303.89
2025-11-05,9:46:26.843479165,T,IBM,I,25,303.89
2025-11-05,9:46:26.843482204,T,IBM,,55,303.89
2025-11-05,9:46:26.843497223,T,IBM,F I,20,303.89
2025-11-05,9:46:26.843500213,T,IBM,I,1,303.89
2025-11-05,9:46:27.039272278,T,IBM,,40,303.9
2025-11-05,9:46:27.559652139,T,IBM,I,10,303.86
2025-11-05,9:46:31.916655633,T,IBM,F,40,303.83
2025-11-05,9:46:31.916659175,T,IBM,F I,17,303.83
2025-11-05,9:46:31.916662618,T,IBM,F I,18,303.83
2025-11-05,9:46:31.916662618,T,IBM,F,40,303.83
2025-11-05,9:46:31.916664594,T,IBM,F I,1,303.83
2025-11-05,9:46:31.916667627,T,IBM,F I,30,303.83
2025-11-05,9:46:31.916811937,T,IBM,,40,303.83
2025-11-05,9:46:31.916829982,T,IBM,I,1,303.83
2025-11-05,9:46:31.916980306,T,IBM,,59,303.83
2025-11-05,9:46:39.125453128,T,IBM,F I,18,303.74
2025-11-05,9:46:39.125456104,T,IBM,F I,18,303.74
2025-11-05,9:46:39.125456104,T,IBM,F I,20,303.74
2025-11-05,9:46:39.125471209,T,IBM,I,1,303.74
2025-11-05,9:46:39.128634697,T,IBM,I,12,303.7
2025-11-05,9:46:39.128652737,T,IBM,I,12,303.7
2025-11-05,9:46:39.128667770,T,IBM,I,10,303.7
2025-11-05,9:46:39.128667770,T,IBM,I,4,303.67
2025-11-05,9:46:39.128718894,T,IBM,I,10,303.67
2025-11-05,9:46:41.090604483,T,IBM,F,100,303.74
2025-11-05,9:46:53.835299196,T,IBM,F I,12,303.68
2025-11-05,9:47:00.459085005,T,IBM,I,10,303.73
2025-11-05,9:47:00.459087138,T,IBM,I,10,303.73
2025-11-05,9:47:00.459090208,T,IBM,I,9,303.73
2025-11-05,9:47:00.463387358,T,IBM,I,16,303.73
2025-11-05,9:47:00.463531757,T,IBM,I,18,303.73
2025-11-05,9:47:01.440076528,T,IBM,F,66,303.73
2025-11-05,9:47:06.259827701,T,IBM,I,3,303.82
2025-11-05,9:47:06.260681741,T,IBM,F I,1,303.82
2025-11-05,9:47:06.260759965,T,IBM,F,99,303.82
2025-11-05,9:47:06.260793070,T,IBM,I,12,303.82
2025-11-05,9:47:06.260814574,T,IBM,I,3,303.83
2025-11-05,9:47:06.260814574,T,IBM,I,1,303.83
2025-11-05,9:47:06.450601932,T,IBM,I,30,303.88
2025-11-05,9:47:06.450601932,T,IBM,I,10,303.91
2025-11-05,9:47:06.450620089,T,IBM,F I,30,303.91
2025-11-05,9:47:13.306154654,T,IBM,F I,10,303.88
2025-11-05,9:47:13.306154654,T,IBM,F I,22,303.87
2025-11-05,9:47:13.306157615,T,IBM,F I,8,303.87
2025-11-05,9:47:13.306169718,T,IBM,F I,10,303.87
2025-11-05,9:47:13.306804523,T,IBM,F I,18,303.76
2025-11-05,9:47:13.306969936,T,IBM,F I,29,303.77
2025-11-05,9:47:16.521430164,T,IBM,,100,303.84
2025-11-05,9:47:17.094158695,T,IBM,,40,303.85
2025-11-05,9:47:30.703589054,T,IBM,I,9,303.84
2025-11-05,9:47:30.703592443,T,IBM,I,14,303.84
2025-11-05,9:47:30.703610105,T,IBM,I,1,303.84
2025-11-05,9:47:30.704043771,T,IBM,I,5,303.84
2025-11-05,9:47:30.704049197,T,IBM,F,40,303.82
2025-11-05,9:47:40.474053185,T,IBM,I,17,303.92
2025-11-05,9:47:46.307671188,T,IBM,F I,10,303.81
2025-11-05,9:47:46.307677009,T,IBM,F I,1,303.8
2025-11-05,9:47:46.307677009,T,IBM,F I,7,303.8
2025-11-05,9:47:46.307679978,T,IBM,F I,38,303.79
2025-11-05,9:47:46.307679978,T,IBM,F I,5,303.79
2025-11-05,9:47:46.307689058,T,IBM,I,2,303.79
2025-11-05,9:47:46.307710213,T,IBM,F I,3,303.79
2025-11-05,9:47:46.307710213,T,IBM,F I,5,303.79
2025-11-05,9:47:46.563333990,T,IBM,F I,34,303.7
2025-11-05,9:47:46.563333990,T,IBM,F I,5,303.7
2025-11-05,9:47:58.040468619,T,IBM,F,100,303.76
2025-11-05,9:47:58.040471741,T,IBM,F I,30,303.76
2025-11-05,9:47:58.040474724,T,IBM,F,57,303.73
2025-11-05,9:47:58.040474724,T,IBM,F I,9,303.72
2025-11-05,9:47:58.040477735,T,IBM,F I,7,303.72
2025-11-05,9:48:01.605203211,T,IBM,F I,10,303.88
2025-11-05,9:48:01.740820016,T,IBM,F I,1,303.9
2025-11-05,9:48:01.740823020,T,IBM,F I,9,303.9
2025-11-05,9:48:06.194834509,T,IBM,F,40,303.99
2025-11-05,9:48:06.194921642,T,IBM,F,60,303.99
2025-11-05,9:48:06.194942850,T,IBM,F,40,304.0
2025-11-05,9:48:06.194963881,T,IBM,F,40,304.0
2025-11-05,9:48:06.194963881,T,IBM,F,160,304.0
2025-11-05,9:48:06.194966690,T,IBM,F,40,304.0
2025-11-05,9:48:06.197210090,T,IBM,F I,37,303.96
2025-11-05,9:48:15.766705599,T,IBM,F,40,304.09
2025-11-05,9:48:15.766786766,T,IBM,F,40,304.09
2025-11-05,9:48:15.766798844,T,IBM,F I,20,304.09
2025-11-05,9:48:15.766801804,T,IBM,F,40,304.1
2025-11-05,9:48:32.911478285,T,IBM,F I,30,304.07
2025-11-05,9:48:32.911523399,T,IBM,F,100,304.05
2025-11-05,9:48:47.495324347,T,IBM,F,40,304.01
2025-11-05,9:48:47.495324347,T,IBM,F I,17,304.01
2025-11-05,9:48:47.495342400,T,IBM,I,1,304.01
2025-11-05,9:48:47.495352190,T,IBM,F I,39,304.01
2025-11-05,9:48:47.507611641,T,IBM,,100,304.11
2025-11-05,9:48:47.513613884,T,IBM,F,100,304.18
2025-11-05,9:48:47.513947650,T,IBM,I,28,304.24
2025-11-05,9:48:47.514091975,T,IBM,F I,15,304.16
2025-11-05,9:48:47.549218616,T,IBM,,40,304.23
2025-11-05,9:48:47.549290856,T,IBM,F I,20,304.25
2025-11-05,9:48:53.229498869,T,IBM,F,80,304.3
2025-11-05,9:49:07.656668797,T,IBM,F,80,304.26
2025-11-05,9:49:07.657444640,T,IBM,F,80,304.26
2025-11-05,9:49:07.658010035,T,IBM,,40,304.26
2025-11-05,9:49:07.711483554,T,IBM,I,15,304.26
2025-11-05,9:49:07.711504329,T,IBM,,65,304.26
2025-11-05,9:49:07.711976467,T,IBM,I,13,304.26
2025-11-05,9:49:07.711976467,T,IBM,F I,1,304.28
2025-11-05,9:49:07.712012572,T,IBM,I,3,304.27
2025-11-05,9:49:07.712015529,T,IBM,I,24,304.26
2025-11-05,9:49:07.712022020,T,IBM,I,3,304.26
2025-11-05,9:49:22.930950541,T,IBM,,50,304.24
2025-11-05,9:49:22.930952767,T,IBM,I,36,304.27
2025-11-05,9:49:22.930965096,T,IBM,F I,14,304.27
2025-11-05,9:49:22.930967653,T,IBM,F I,36,304.27
2025-11-05,9:49:23.081145181,T,IBM,F I,11,304.27
2025-11-05,9:49:26.777737419,T,IBM,F I,1,304.305
2025-11-05,9:49:27.033246712,T,IBM,F,83,304.32
2025-11-05,9:49:30.929490466,T,IBM,F I,2,304.36
2025-11-05,9:49:33.128075403,T,IBM,F,50,304.27
2025-11-05,9:49:34.442390274,T,IBM,I,36,304.3
2025-11-05,9:49:41.490659754,T,IBM,F,40,304.43
2025-11-05,9:49:41.491152978,T,IBM,F I,12,304.45
2025-11-05,9:49:41.492963245,T,IBM,F I,1,304.42
2025-11-05,9:49:42.509043190,T,IBM,F I,2,304.48
2025-11-05,9:49:42.509343921,T,IBM,F,70,304.49
2025-11-05,9:49:42.510784302,T,IBM,F I,13,304.57
2025-11-05,9:49:51.793387636,T,IBM,F I,1,304.57
2025-11-05,9:49:53.476383113,T,IBM,I,5,304.52
2025-11-05,9:49:57.338684891,T,IBM,F,100,304.46
2025-11-05,9:50:01.720329189,T,IBM,I,1,304.495
2025-11-05,9:50:04.620324986,T,IBM,I,1,304.49
2025-11-05,9:50:08.530164124,T,IBM,I,1,304.49
2025-11-05,9:50:09.300288450,T,IBM,I,6,304.51
2025-11-05,9:50:09.300324596,T,IBM,F I,10,304.52
2025-11-05,9:50:11.574642046,T,IBM,F,50,304.6
2025-11-05,9:50:11.574753329,T,IBM,F I,20,304.6
2025-11-05,9:50:15.428121115,T,IBM,I,1,304.595
2025-11-05,9:50:15.428124000,T,IBM,,99,304.56
2025-11-05,9:50:15.428126986,T,IBM,F I,1,304.56
2025-11-05,9:50:15.428130061,T,IBM,F I,8,304.54
2025-11-05,9:50:15.428466927,T,IBM,I,1,304.54
2025-11-05,9:50:16.356482103,T,IBM,I,1,304.52
2025-11-05,9:50:20.430343798,T,IBM,,80,304.52
2025-11-05,9:50:20.553983128,T,IBM,I,1,304.52
2025-11-05,9:50:21.190986637,T,IBM,F,100,304.52
2025-11-05,9:50:22.891243342,T,IBM,F I,21,304.46
2025-11-05,9:50:22.891273988,T,IBM,F I,21,304.46
2025-11-05,9:50:22.891283204,T,IBM,F I,15,304.46
2025-11-05,9:50:22.891285471,T,IBM,F I,6,304.45
2025-11-05,9:50:22.891288454,T,IBM,I,13,304.45
2025-11-05,9:50:22.891291481,T,IBM,I,1,304.45
2025-11-05,9:50:22.891294475,T,IBM,I,1,304.45
2025-11-05,9:50:22.891405872,T,IBM,F I,13,304.44
2025-11-05,9:50:24.461515647,T,IBM,I,1,304.48
2025-11-05,9:50:35.572282358,T,IBM,F,40,304.55
2025-11-05,9:50:37.228306815,T,IBM,F I,20,304.62
2025-11-05,9:50:37.228309794,T,IBM,F,40,304.62
2025-11-05,9:50:37.228418060,T,IBM,F I,13,304.67
2025-11-05,9:50:37.228848086,T,IBM,F I,14,304.6
2025-11-05,9:50:37.228851106,T,IBM,F I,16,304.6
2025-11-05,9:50:37.228866165,T,IBM,I,1,304.6
2025-11-05,9:50:37.533151468,T,IBM,F I,14,304.66
2025-11-05,9:50:37.930306999,T,IBM,F I,14,304.67
2025-11-05,9:50:57.847006781,T,IBM,I,2,304.71
2025-11-05,9:50:57.847460754,T,IBM,I,2,304.72
2025-11-05,9:50:57.847496913,T,IBM,F I,13,304.74
2025-11-05,9:50:57.890631552,T,IBM,I,12,304.79
2025-11-05,9:50:57.891936650,T,IBM,F I,5,304.88
2025-11-05,9:50:57.949644066,T,IBM,F I,5,304.97
2025-11-05,9:50:57.949647043,T,IBM,F,76,304.97
2025-11-05,9:50:57.949659125,T,IBM,F,40,304.98
2025-11-05,9:50:57.949659125,T,IBM,F I,1,305.0
2025-11-05,9:50:57.949662090,T,IBM,F I,14,305.0
2025-11-05,9:50:57.949665135,T,IBM,,66,305.0
2025-11-05,9:50:57.949971825,T,IBM,I,10,305.0
2025-11-05,9:50:58.200594518,T,IBM,I,10,305.14
2025-11-05,9:50:58.200678678,T,IBM,F I,10,305.15
2025-11-05,9:50:58.301186893,T,IBM,,45,305.27
2025-11-05,9:50:58.301189905,T,IBM,,100,305.27
2025-11-05,9:50:58.301192920,T,IBM,I,5,305.29
2025-11-05,9:50:58.301192920,T,IBM,I,25,305.29
2025-11-05,9:50:58.301208009,T,IBM,I,15,305.31
2025-11-05,9:50:59.211402829,T,IBM,I,30,305.27
2025-11-05,9:50:59.211583247,T,IBM,I,15,305.27
2025-11-05,9:51:02.160000370,T,IBM,I,5,305.185
2025-11-05,9:51:04.008374855,T,IBM,,70,305.28
2025-11-05,9:51:04.008377789,T,IBM,I,13,305.28
2025-11-05,9:51:04.008486028,T,IBM,F I,5,305.28
2025-11-05,9:51:04.008489048,T,IBM,F I,2,305.28
2025-11-05,9:51:04.008597370,T,IBM,,70,305.29
2025-11-05,9:51:04.008600340,T,IBM,I,13,305.29
2025-11-05,9:51:04.009189749,T,IBM,F I,2,305.3
2025-11-05,9:51:09.333794730,T,IBM,F I,3,305.34
2025-11-05,9:51:17.390045856,T,IBM,F,120,305.21
2025-11-05,9:51:17.390049310,T,IBM,F I,14,305.21
2025-11-05,9:51:17.390063848,T,IBM,I,1,305.21
2025-11-05,9:51:17.390066945,T,IBM,I,27,305.21
2025-11-05,9:51:17.390271366,T,IBM,F I,31,305.21
2025-11-05,9:51:17.579418701,T,IBM,I,10,305.11
2025-11-05,9:51:18.936991561,T,IBM,F I,20,305.17
2025-11-05,9:51:18.936994655,T,IBM,F,40,305.17
2025-11-05,9:51:18.937012668,T,IBM,F,40,305.17
2025-11-05,9:51:18.938492195,T,IBM,I,27,305.18
2025-11-05,9:51:18.941824104,T,IBM,I,27,305.18
2025-11-05,9:51:18.946367952,T,IBM,I,27,305.17
2025-11-05,9:51:19.077176362,T,IBM,I,5,305.17
2025-11-05,9:51:19.372455222,T,IBM,F I,1,305.2
2025-11-05,9:51:19.372482338,T,IBM,F I,10,305.22
2025-11-05,9:51:25.306945221,T,IBM,F,50,305.29
2025-11-05,9:51:25.306948238,T,IBM,F,40,305.29
2025-11-05,9:51:25.306948238,T,IBM,F,40,305.29
2025-11-05,9:51:25.306954193,T,IBM,F I,30,305.29
2025-11-05,9:51:25.307005293,T,IBM,,80,305.29
2025-11-05,9:51:25.307023365,T,IBM,I,1,305.31
2025-11-05,9:51:25.307200914,T,IBM,I,20,305.29
2025-11-05,9:51:25.307203772,T,IBM,I,1,305.29
2025-11-05,9:51:26.703124030,T,IBM,I,3,305.275
2025-11-05,9:51:28.766504242,T,IBM,I,5,305.27
2025-11-05,9:51:32.601305556,T,IBM,,40,305.33
2025-11-05,9:51:34.077796560,T,IBM,,70,305.34
2025-11-05,9:51:34.077811630,T,IBM,F,70,305.35
2025-11-05,9:51:34.077811630,T,IBM,F I,4,305.36
2025-11-05,9:51:34.077856698,T,IBM,F,66,305.36
2025-11-05,9:51:34.078334855,T,IBM,F I,2,305.34
2025-11-05,9:51:34.727348960,T,IBM,I,30,305.37
2025-11-05,9:51:35.182133626,T,IBM,,46,305.39
2025-11-05,9:51:35.182151678,T,IBM,I,1,305.39
2025-11-05,9:51:35.182232828,T,IBM,I,2,305.39
2025-11-05,9:51:35.182266112,T,IBM,I,2,305.39
2025-11-05,9:51:35.182287013,T,IBM,I,19,305.39
2025-11-05,9:51:51.049212634,T,IBM,,40,305.32
2025-11-05,9:51:51.472527385,T,IBM,I,10,305.39
2025-11-05,9:51:58.184864264,T,IBM,I,5,305.385
2025-11-05,9:52:00.370142630,T,IBM,I,10,305.46
2025-11-05,9:52:00.370145894,T,IBM,,40,305.47
2025-11-05,9:52:00.370148618,T,IBM,F I,1,305.47
2025-11-05,9:52:00.370148618,T,IBM,F I,9,305.47
2025-11-05,9:52:00.370151623,T,IBM,F,51,305.47
2025-11-05,9:52:00.370154688,T,IBM,I,29,305.47
2025-11-05,9:52:00.370238827,T,IBM,F I,1,305.5
2025-11-05,9:52:00.370861356,T,IBM,F I,10,305.535
2025-11-05,9:52:00.370945495,T,IBM,I,10,305.535
2025-11-05,9:52:02.567891748,T,IBM,I,12,305.62
2025-11-05,9:52:02.568018077,T,IBM,I,27,305.6
2025-11-05,9:52:03.689387638,T,IBM,F I,5,305.62
2025-11-05,9:52:04.375696659,T,IBM,I,10,305.72
2025-11-05,9:52:04.375699482,T,IBM,I,4,305.72
2025-11-05,9:52:05.136907737,T,IBM,,40,305.57
2025-11-05,9:52:06.403324636,T,IBM,I,5,305.635
2025-11-05,9:52:10.877625238,T,IBM,I,5,305.635
2025-11-05,9:52:12.115347891,T,IBM,,40,305.63
2025-11-05,9:52:14.324515651,T,IBM,F I,18,305.53
2025-11-05,9:52:14.324522043,T,IBM,F I,2,305.53
2025-11-05,9:52:14.324522043,T,IBM,F I,30,305.53
2025-11-05,9:52:14.324524294,T,IBM,F I,30,305.52
2025-11-05,9:52:14.324527230,T,IBM,F,50,305.52
2025-11-05,9:52:14.324527230,T,IBM,F I,11,305.52
2025-11-05,9:52:14.324530188,T,IBM,F,40,305.5
2025-11-05,9:52:14.325260908,T,IBM,I,8,305.42
2025-11-05,9:52:14.452665178,T,IBM,F I,5,305.43
2025-11-05,9:52:14.452668264,T,IBM,F,50,305.44
2025-11-05,9:52:15.009957999,T,IBM,F I,30,305.49
2025-11-05,9:52:15.009960966,T,IBM,F I,21,305.55
2025-11-05,9:52:15.437473741,T,IBM,I,4,305.56
2025-11-05,9:52:19.902683830,T,IBM,I,5,305.41
2025-11-05,9:52:19.902683830,T,IBM,I,35,305.41
2025-11-05,9:52:32.469841884,T,IBM,I,10,305.41
2025-11-05,9:52:34.606251038,T,IBM,I,5,305.41
2025-11-05,9:52:34.606251038,T,IBM,I,35,305.41
2025-11-05,9:52:35.277142207,T,IBM,F I,9,305.41
2025-11-05,9:52:39.955033615,T,IBM,I,5,305.3
2025-11-05,9:52:39.976544595,T,IBM,I,2,305.37
2025-11-05,9:52:39.976549785,T,IBM,,100,305.375
2025-11-05,9:52:49.210229926,T,IBM,I,22,305.425
2025-11-05,9:52:50.346872935,T,IBM,F,40,305.33
2025-11-05,9:52:57.364237657,T,IBM,,40,305.33
2025-11-05,9:53:01.284571817,T,IBM,F,40,305.175
2025-11-05,9:53:01.284571817,T,IBM,F,460,305.21
2025-11-05,9:53:01.284574644,T,IBM,F I,4,305.21
2025-11-05,9:53:01.284580734,T,IBM,F,56,305.21
2025-11-05,9:53:01.621066808,T,IBM,I,5,305.19
2025-11-05,9:53:01.621286443,T,IBM,F I,2,305.17
2025-11-05,9:53:01.621286443,T,IBM,F I,3,305.14
2025-11-05,9:53:01.621340434,T,IBM,F I,2,305.14
2025-11-05,9:53:01.635149524,T,IBM,F,40,305.18
2025-11-05,9:53:01.635153023,T,IBM,F I,2,305.18
2025-11-05,9:53:01.635153023,T,IBM,F I,2,305.19
2025-11-05,9:53:01.635156026,T,IBM,F I,30,305.23
2025-11-05,9:53:01.635158333,T,IBM,F I,24,305.24
2025-11-05,9:53:01.635158333,T,IBM,F I,6,305.24
2025-11-05,9:53:01.635170281,T,IBM,I,1,305.24
2025-11-05,9:53:01.635182400,T,IBM,I,33,305.24
2025-11-05,9:53:01.635185578,T,IBM,,40,305.24
2025-11-05,9:53:01.659976426,T,IBM,I,19,305.22
2025-11-05,9:53:05.032646558,T,IBM,F,89,305.27
2025-11-05,9:53:05.032667883,T,IBM,F I,11,305.27
2025-11-05,9:53:05.032670603,T,IBM,F,40,305.27
2025-11-05,9:53:05.032673637,T,IBM,F,40,305.27
2025-11-05,9:53:05.032673637,T,IBM,F I,17,305.27
2025-11-05,9:53:05.033351054,T,IBM,F I,14,305.24
2025-11-05,9:53:05.033392806,T,IBM,,43,305.24
2025-11-05,9:53:05.033392806,T,IBM,I,9,305.23
2025-11-05,9:53:05.033395389,T,IBM,I,23,305.23
2025-11-05,9:53:12.282320571,T,IBM,I,5,305.235
2025-11-05,9:53:19.534358221,T,IBM,,40,305.26
2025-11-05,9:53:20.877189915,T,IBM,I,11,305.26
2025-11-05,9:53:20.877337322,T,IBM,I,34,305.26
2025-11-05,9:53:22.623302837,T,IBM,F I,1,305.13
2025-11-05,9:53:22.656101860,T,IBM,F,51,305.05
2025-11-05,9:53:25.007850748,T,IBM,F I,4,304.85
2025-11-05,9:53:31.200529127,T,IBM,I,29,304.65
2025-11-05,9:53:41.579594019,T,IBM,F I,36,304.62
2025-11-05,9:53:48.405189397,T,IBM,I,15,304.71
2025-11-05,9:53:48.405189397,T,IBM,I,34,304.71
2025-11-05,9:53:50.356134949,T,IBM,I,17,304.79
2025-11-05,9:53:50.356134949,T,IBM,I,23,304.79
2025-11-05,9:53:55.614465180,T,IBM,F I,1,304.85
2025-11-05,9:54:04.323913384,T,IBM,,40,304.815
2025-11-05,9:54:05.054812420,T,IBM,,40,304.815
2025-11-05,9:54:12.195013626,T,IBM,I,5,304.815
2025-11-05,9:54:17.274231503,T,IBM,F,40,304.9
2025-11-05,9:54:17.274378845,T,IBM,,40,304.9
2025-11-05,9:54:24.708142446,T,IBM,,40,304.91
2025-11-05,9:54:24.708145642,T,IBM,,40,304.91
2025-11-05,9:54:24.708145642,T,IBM,I,10,304.91
2025-11-05,9:54:24.708149237,T,IBM,,40,304.91
2025-11-05,9:54:24.708149237,T,IBM,F,40,304.91
2025-11-05,9:54:24.708154113,T,IBM,F,40,304.91
2025-11-05,9:54:24.708154113,T,IBM,F,40,304.91
2025-11-05,9:54:24.708154113,T,IBM,F I,10,304.91
2025-11-05,9:54:24.708157196,T,IBM,F I,30,304.91
2025-11-05,9:54:24.708160167,T,IBM,F,100,304.91
2025-11-05,9:54:24.708602213,T,IBM,,40,304.93
2025-11-05,9:54:24.709513337,T,IBM,I,2,304.96
2025-11-05,9:54:24.709516357,T,IBM,,40,304.965
2025-11-05,9:54:24.968610979,T,IBM,F I,10,305.06
2025-11-05,9:54:24.968661266,T,IBM,F I,10,305.06
2025-11-05,9:54:24.968709361,T,IBM,F I,10,305.06
2025-11-05,9:54:24.968865742,T,IBM,F I,10,305.06
2025-11-05,9:54:24.968910804,T,IBM,F I,10,305.07
2025-11-05,9:54:25.730663221,T,IBM,F I,26,305.01
2025-11-05,9:54:27.458417381,T,IBM,F I,4,304.91
2025-11-05,9:54:27.629924725,T,IBM,I,30,304.92
2025-11-05,9:54:33.394747555,T,IBM,I,5,305.05
2025-11-05,9:54:33.394747555,T,IBM,I,1,305.09
2025-11-05,9:54:33.394750571,T,IBM,,94,305.11
2025-11-05,9:54:39.483919737,T,IBM,I,14,305.3
2025-11-05,9:54:39.484560235,T,IBM,F,48,305.3
2025-11-05,9:54:39.492469067,T,IBM,F I,5,305.23
2025-11-05,9:54:39.492469067,T,IBM,F I,35,305.22
2025-11-05,9:54:39.493127606,T,IBM,F,40,305.11
2025-11-05,9:54:39.493175876,T,IBM,,40,305.11
2025-11-05,9:54:39.693696590,T,IBM,I,2,305.2
2025-11-05,9:54:39.693699107,T,IBM,I,21,305.23
2025-11-05,9:54:42.663719614,T,IBM,F I,2,305.23
2025-11-05,9:54:42.663981248,T,IBM,,40,305.27
2025-11-05,9:54:44.526398976,T,IBM,I,5,305.31
2025-11-05,9:54:44.526401976,T,IBM,I,2,305.34
2025-11-05,9:54:55.180819122,T,IBM,F I,1,305.2
2025-11-05,9:54:55.180819122,T,IBM,F,120,305.2
2025-11-05,9:54:55.180823787,T,IBM,F,40,305.19
2025-11-05,9:54:55.180823787,T,IBM,F,94,305.19
2025-11-05,9:54:55.180826719,T,IBM,F I,26,305.19
2025-11-05,9:55:08.254152737,T,IBM,F,40,304.91
2025-11-05,9:55:08.265429567,T,IBM,I,5,304.91
2025-11-05,9:55:08.265432776,T,IBM,I,5,304.93
2025-11-05,9:55:08.265435534,T,IBM,I,2,304.93
2025-11-05,9:55:08.265435534,T,IBM,I,25,304.935
2025-11-05,9:55:08.464705251,T,IBM,I,2,304.96
2025-11-05,9:55:08.464705251,T,IBM,I,1,305.01
2025-11-05,9:55:15.688147299,T,IBM,F I,16,305.025
2025-11-05,9:55:15.689524643,T,IBM,I,10,305.025
2025-11-05,9:55:17.746463402,T,IBM,F I,5,304.97
2025-11-05,9:55:17.746466487,T,IBM,F I,2,304.96
2025-11-05,9:55:18.372535888,T,IBM,F I,2,304.93
2025-11-05,9:55:21.628167430,T,IBM,F I,8,304.88
2025-11-05,9:55:28.007614564,T,IBM,F I,2,304.91
2025-11-05,9:55:35.686226673,T,IBM,F I,2,304.91
2025-11-05,9:55:37.099789842,T,IBM,F I,2,304.89
2025-11-05,9:55:44.305114067,T,IBM,F I,2,304.9
2025-11-05,9:55:44.305114067,T,IBM,F I,2,304.89
2025-11-05,9:55:44.305117027,T,IBM,F I,5,304.89
2025-11-05,9:55:44.305174238,T,IBM,F I,25,304.87
2025-11-05,9:55:44.624922527,T,IBM,F,54,304.87
2025-11-05,9:55:44.624941316,T,IBM,F,46,304.87
2025-11-05,9:55:44.624943513,T,IBM,F,40,304.86
2025-11-05,9:55:44.624946455,T,IBM,F I,14,304.86
2025-11-05,9:55:44.626026002,T,IBM,I,5,304.83
2025-11-05,9:55:44.626029004,T,IBM,I,30,304.87
2025-11-05,9:55:57.454055010,T,IBM,I,10,304.815
2025-11-05,9:56:04.509740127,T,IBM,F,40,304.72
2025-11-05,9:56:04.509743125,T,IBM,F I,19,304.72
2025-11-05,9:56:04.509743125,T,IBM,F I,5,304.72
2025-11-05,9:56:04.509749136,T,IBM,F I,1,304.72
2025-11-05,9:56:04.511132465,T,IBM,,40,304.66
2025-11-05,9:56:04.512903609,T,IBM,I,5,304.67
2025-11-05,9:56:20.637846232,T,IBM,F I,5,304.67
2025-11-05,9:56:20.637849257,T,IBM,F I,10,304.64
2025-11-05,9:56:20.637852274,T,IBM,F,40,304.63
2025-11-05,9:56:20.637852274,T,IBM,F I,21,304.63
2025-11-05,9:56:20.637891400,T,IBM,F I,15,304.63
2025-11-05,9:56:20.638427022,T,IBM,F I,4,304.54
2025-11-05,9:56:20.638427022,T,IBM,F I,1,304.54
2025-11-05,9:56:20.733085936,T,IBM,,100,304.6
2025-11-05,9:56:20.733143169,T,IBM,I,16,304.61
2025-11-05,9:56:34.589695729,T,IBM,F I,5,304.69
2025-11-05,9:56:34.589695729,T,IBM,F I,15,304.69
2025-11-05,9:56:34.589698646,T,IBM,F I,20,304.69
2025-11-05,9:56:34.589707569,T,IBM,F I,8,304.69
2025-11-05,9:56:34.589710675,T,IBM,F I,4,304.69
2025-11-05,9:56:34.589719696,T,IBM,F I,8,304.69
2025-11-05,9:56:34.589725648,T,IBM,F I,20,304.69
2025-11-05,9:56:34.589728694,T,IBM,F I,8,304.69
2025-11-05,9:56:34.589746740,T,IBM,F I,17,304.69
2025-11-05,9:56:34.589749686,T,IBM,F I,8,304.7
2025-11-05,9:56:34.589800828,T,IBM,F I,12,304.71
2025-11-05,9:56:54.728967021,T,IBM,F I,2,304.89
2025-11-05,9:56:54.728997039,T,IBM,I,9,304.91
2025-11-05,9:56:54.729000314,T,IBM,I,4,304.91
2025-11-05,9:56:54.729003108,T,IBM,,40,304.91
2025-11-05,9:56:54.729006065,T,IBM,I,8,304.91
2025-11-05,9:56:54.729006065,T,IBM,I,11,304.91
2025-11-05,9:56:54.729018086,T,IBM,I,19,304.91
2025-11-05,9:56:54.729021205,T,IBM,I,1,304.91
2025-11-05,9:56:54.729246633,T,IBM,I,20,304.91
2025-11-05,9:56:54.729258647,T,IBM,I,20,304.91
2025-11-05,9:56:54.729424129,T,IBM,I,3,304.91
2025-11-05,9:56:54.729565420,T,IBM,I,3,304.91
2025-11-05,9:56:54.729625543,T,IBM,I,3,304.91
2025-11-05,9:56:54.729790979,T,IBM,I,3,304.91
2025-11-05,9:56:54.731520063,T,IBM,F I,8,304.91
2025-11-05,9:56:54.731553127,T,IBM,I,3,304.91
2025-11-05,9:56:54.731634360,T,IBM,I,37,304.91
2025-11-05,9:57:07.014423514,T,IBM,F I,5,304.89
2025-11-05,9:57:07.014423514,T,IBM,F I,5,304.89
2025-11-05,9:57:22.312860533,T,IBM,I,5,304.89
2025-11-05,9:57:29.482447739,T,IBM,F,40,304.8
2025-11-05,9:57:29.482998061,T,IBM,I,17,304.86
2025-11-05,9:57:30.172933607,T,IBM,F I,5,304.81
2025-11-05,9:57:30.172933607,T,IBM,F I,2,304.8
2025-11-05,9:57:49.238793514,T,IBM,I,5,304.81
2025-11-05,9:57:49.238796993,T,IBM,I,10,304.82
2025-11-05,9:57:49.238796993,T,IBM,I,5,304.83
2025-11-05,9:57:49.238799468,T,IBM,I,20,304.83
2025-11-05,9:57:49.320395749,T,IBM,F I,20,304.87
2025-11-05,9:57:49.320399136,T,IBM,F I,1,304.87
2025-11-05,9:57:49.320648364,T,IBM,F I,28,304.9
2025-11-05,9:57:49.476461242,T,IBM,F I,3,304.93
2025-11-05,9:57:50.135988439,T,IBM,I,5,304.93
2025-11-05,9:57:50.135988439,T,IBM,I,30,304.93
2025-11-05,9:57:50.135991336,T,IBM,I,5,304.93
2025-11-05,9:57:50.878413763,T,IBM,F I,15,304.98
2025-11-05,9:57:50.879018175,T,IBM,F,57,304.95
2025-11-05,9:57:50.879018175,T,IBM,F I,8,304.94
2025-11-05,9:57:50.879021175,T,IBM,F I,2,304.94
2025-11-05,9:57:50.879087325,T,IBM,I,8,304.98
2025-11-05,9:57:50.879466328,T,IBM,F I,9,304.98
2025-11-05,9:57:50.879634686,T,IBM,I,8,304.98
2025-11-05,9:57:50.880010529,T,IBM,I,8,304.98
2025-11-05,9:57:50.880175918,T,IBM,I,8,304.98
2025-11-05,9:57:55.340935386,T,IBM,F I,10,304.92
2025-11-05,9:57:55.340938405,T,IBM,F I,30,304.91
2025-11-05,9:57:55.341052712,T,IBM,F I,10,304.91
2025-11-05,9:58:09.027953441,T,IBM,F,45,304.89
2025-11-05,9:58:19.200809470,T,IBM,F,40,304.88
2025-11-05,9:58:31.827348902,T,IBM,F I,5,304.79
2025-11-05,9:58:37.874811812,T,IBM,F I,26,304.8
2025-11-05,9:58:47.448532519,T,IBM,,40,304.74
2025-11-05,9:58:47.448532519,T,IBM,I,1,304.74
2025-11-05,9:58:51.144938331,T,IBM,F I,4,304.76
2025-11-05,9:58:51.145007438,T,IBM,I,4,304.81
2025-11-05,9:58:54.969440166,T,IBM,F I,30,304.79
2025-11-05,9:58:57.046175045,T,IBM,,46,304.83
2025-11-05,9:59:06.309196120,T,IBM,F,40,304.71
2025-11-05,9:59:06.309247254,T,IBM,F I,1,304.71
2025-11-05,9:59:12.142095245,T,IBM,F I,16,304.64
2025-11-05,9:59:12.583209388,T,IBM,F I,4,304.56
2025-11-05,9:59:12.583230397,T,IBM,F,560,304.55
2025-11-05,9:59:12.583291490,T,IBM,,100,304.55
2025-11-05,9:59:12.583648437,T,IBM,I,20,304.61
2025-11-05,9:59:12.583648437,T,IBM,I,28,304.65
2025-11-05,9:59:12.583916077,T,IBM,F I,11,304.58
2025-11-05,9:59:12.584048785,T,IBM,F I,34,304.51
2025-11-05,9:59:12.584099585,T,IBM,I,12,304.58
2025-11-05,9:59:14.793615400,T,IBM,I,11,304.58
2025-11-05,9:59:14.793615400,T,IBM,I,1,304.58
2025-11-05,9:59:24.565946973,T,IBM,I,12,304.635
2025-11-05,9:59:29.420473061,T,IBM,F I,4,304.635
2025-11-05,9:59:29.420524024,T,IBM,F I,4,304.635
2025-11-05,9:59:29.600884486,T,IBM,,100,304.635
2025-11-05,9:59:29.699654612,T,IBM,F I,4,304.64
2025-11-05,9:59:29.699654612,T,IBM,F I,2,304.66
2025-11-05,9:59:30.407566955,T,IBM,I,30,304.67
2025-11-05,9:59:30.407591040,T,IBM,F,70,304.67
2025-11-05,9:59:30.709004579,T,IBM,,40,304.67
2025-11-05,9:59:34.411274768,T,IBM,I,1,304.63
2025-11-05,9:59:34.411277422,T,IBM,I,27,304.63
2025-11-05,9:59:34.411298541,T,IBM,F I,13,304.63
2025-11-05,9:59:34.411298541,T,IBM,F,69,304.63
2025-11-05,9:59:43.892838147,T,IBM,F,40,304.56
2025-11-05,9:59:46.375052356,T,IBM,,40,304.61
2025-11-05,9:59:54.926946636,T,IBM,,40,304.62
2025-11-05,10:00:00.014367886,T,IBM,F,40,304.51
2025-11-05,10:00:00.014367886,T,IBM,F I,7,304.51
2025-11-05,10:00:00.014573255,T,IBM,F I,25,304.5
2025-11-05,10:00:00.015384911,T,IBM,I,2,304.58
2025-11-05,10:00:00.015384911,T,IBM,I,5,304.71
2025-11-05,10:00:00.015387378,T,IBM,I,3,304.71
2025-11-05,10:00:00.015393370,T,IBM,,40,304.73
2025-11-05,10:00:00.015396370,T,IBM,,40,304.73
2025-11-05,10:00:00.015396370,T,IBM,I,30,304.73
2025-11-05,10:00:00.015604005,T,IBM,I,1,304.55
2025-11-05,10:00:00.017468277,T,IBM,I,2,304.58
2025-11-05,10:00:00.017471292,T,IBM,I,5,304.53
2025-11-05,10:00:00.027043091,T,IBM,I,30,304.67
2025-11-05,10:00:00.027046752,T,IBM,I,5,304.67
2025-11-05,10:00:00.073160934,T,IBM,I,2,304.58
2025-11-05,10:00:00.073190967,T,IBM,F,98,304.58
2025-11-05,10:00:00.371606414,T,IBM,I,30,304.65
2025-11-05,10:00:00.371609456,T,IBM,I,5,304.67
2025-11-05,10:00:00.966545901,T,IBM,I,30,304.67
2025-11-05,10:00:03.137165262,T,IBM,I,5,304.57
2025-11-05,10:00:03.137167503,T,IBM,I,5,304.57
2025-11-05,10:00:03.137171826,T,IBM,,40,304.56
2025-11-05,10:00:03.137174013,T,IBM,I,5,304.56
2025-11-05,10:00:03.137174013,T,IBM,I,1,304.56
2025-11-05,10:00:03.137188570,T,IBM,I,1,304.56
2025-11-05,10:00:03.137194536,T,IBM,F I,9,304.56
2025-11-05,10:00:05.499474343,T,IBM,F I,5,304.57
2025-11-05,10:00:05.499739161,T,IBM,F I,5,304.55
2025-11-05,10:00:10.183716998,T,IBM,F I,10,304.4
2025-11-05,10:00:10.183716998,T,IBM,F I,28,304.4
2025-11-05,10:00:10.183752944,T,IBM,F I,18,304.38
2025-11-05,10:00:10.250908878,T,IBM,F I,19,304.31
2025-11-05,10:00:14.304303611,T,IBM,F I,5,304.06
2025-11-05,10:00:14.304322059,T,IBM,F I,35,304.06
2025-11-05,10:00:14.304324917,T,IBM,F I,25,304.06
2025-11-05,10:00:14.304327669,T,IBM,F I,5,304.06
2025-11-05,10:00:17.846382062,T,IBM,F I,1,304.0
2025-11-05,10:00:18.843465862,T,IBM,F I,1,303.77
2025-11-05,10:00:24.797412066,T,IBM,F I,1,303.77
2025-11-05,10:00:27.722695060,T,IBM,F I,5,303.77
2025-11-05,10:00:27.722695060,T,IBM,F I,5,303.77
2025-11-05,10:00:27.722699033,T,IBM,F I,2,303.76
2025-11-05,10:00:27.722699033,T,IBM,F I,3,303.73
2025-11-05,10:00:27.722701199,T,IBM,F I,10,303.71
2025-11-05,10:00:27.722704055,T,IBM,F I,15,303.7
2025-11-05,10:00:27.722716107,T,IBM,F I,25,303.7
2025-11-05,10:00:27.722719186,T,IBM,F,61,303.7
2025-11-05,10:00:28.942588983,T,IBM,I,5,303.77
2025-11-05,10:00:28.942591443,T,IBM,I,5,303.77
2025-11-05,10:00:28.942594219,T,IBM,I,2,303.78
2025-11-05,10:00:31.001346344,T,IBM,F I,5,303.75
2025-11-05,10:00:31.001349302,T,IBM,F I,5,303.75
2025-11-05,10:00:31.854902079,T,IBM,F I,2,303.74
2025-11-05,10:00:31.854902079,T,IBM,F I,5,303.73
2025-11-05,10:00:31.854904376,T,IBM,F I,5,303.73
2025-11-05,10:00:31.854907390,T,IBM,F I,5,303.73
2025-11-05,10:00:35.389200279,T,IBM,F I,5,303.75
2025-11-05,10:00:35.480145785,T,IBM,F I,5,303.73
2025-11-05,10:00:35.971112628,T,IBM,I,5,303.71
2025-11-05,10:00:35.971115587,T,IBM,I,5,303.71
2025-11-05,10:00:35.971118640,T,IBM,,40,303.69
2025-11-05,10:00:35.971121624,T,IBM,I,3,303.69
2025-11-05,10:00:35.971127610,T,IBM,F I,2,303.69
2025-11-05,10:00:35.971127610,T,IBM,F I,2,303.69
2025-11-05,10:00:35.971130809,T,IBM,F I,3,303.69
2025-11-05,10:00:35.971130809,T,IBM,F I,1,303.69
2025-11-05,10:00:35.971133666,T,IBM,F I,2,303.69
2025-11-05,10:00:35.971172806,T,IBM,F I,1,303.67
2025-11-05,10:00:35.971605781,T,IBM,F I,3,303.61
2025-11-05,10:00:36.018508497,T,IBM,I,3,303.52
2025-11-05,10:00:36.018529528,T,IBM,F I,17,303.52
2025-11-05,10:00:36.018785713,T,IBM,F,80,303.51
2025-11-05,10:00:44.129971101,T,IBM,F,57,303.42
2025-11-05,10:00:44.129971101,T,IBM,F,40,303.41
2025-11-05,10:00:44.129977170,T,IBM,F I,18,303.41
2025-11-05,10:00:44.130281007,T,IBM,,57,303.41
2025-11-05,10:00:44.151962504,T,IBM,I,2,303.43
2025-11-05,10:00:44.624155553,T,IBM,,45,303.475
2025-11-05,10:00:44.642799973,T,IBM,I,3,303.57
2025-11-05,10:00:50.196295143,T,IBM,,45,303.48
2025-11-05,10:00:50.196295143,T,IBM,I,18,303.48
2025-11-05,10:00:50.651332340,T,IBM,F I,5,303.47
2025-11-05,10:00:50.651332340,T,IBM,F,40,303.48
2025-11-05,10:00:52.327191943,T,IBM,,40,303.57
2025-11-05,10:00:52.327222120,T,IBM,F,60,303.57
2025-11-05,10:00:52.327222120,T,IBM,F I,17,303.58
2025-11-05,10:00:52.327228116,T,IBM,F I,3,303.58
2025-11-05,10:00:52.327246229,T,IBM,F I,37,303.58
2025-11-05,10:00:52.327249344,T,IBM,F,80,303.58
2025-11-05,10:00:52.327252131,T,IBM,F I,4,303.58
2025-11-05,10:00:52.327252131,T,IBM,F,40,303.58
2025-11-05,10:00:52.327820529,T,IBM,,100,303.58
2025-11-05,10:00:52.328301669,T,IBM,F I,16,303.63
2025-11-05,10:00:52.328301669,T,IBM,F I,16,303.63
2025-11-05,10:00:52.328304663,T,IBM,F I,8,303.64
2025-11-05,10:00:54.060461420,T,IBM,F I,2,303.54
2025-11-05,10:00:54.060465067,T,IBM,F I,5,303.53
2025-11-05,10:00:54.060467365,T,IBM,F I,5,303.53
2025-11-05,10:00:56.356144529,T,IBM,F I,5,303.51
2025-11-05,10:01:09.008203986,T,IBM,F,40,303.4
2025-11-05,10:01:09.008207162,T,IBM,F I,14,303.4
2025-11-05,10:01:09.008372445,T,IBM,F I,4,303.38
2025-11-05,10:01:09.008408441,T,IBM,I,36,303.38
2025-11-05,10:01:09.008778354,T,IBM,I,1,303.38
2025-11-05,10:01:09.008814484,T,IBM,,99,303.38
2025-11-05,10:01:09.008817988,T,IBM,,79,303.38
2025-11-05,10:01:09.008817988,T,IBM,I,22,303.38
2025-11-05,10:01:09.008838545,T,IBM,I,1,303.38
2025-11-05,10:01:09.175777986,T,IBM,I,1,303.35
2025-11-05,10:01:11.121692852,T,IBM,F I,1,303.38
2025-11-05,10:01:11.121695468,T,IBM,F,40,303.4
2025-11-05,10:01:21.200180084,T,IBM,F I,5,303.39
2025-11-05,10:01:21.200180084,T,IBM,F I,5,303.39
2025-11-05,10:01:21.200183006,T,IBM,F I,27,303.38
2025-11-05,10:01:23.321859988,T,IBM,F,40,303.34
2025-11-05,10:01:23.321899214,T,IBM,F I,5,303.31
2025-11-05,10:01:23.321902062,T,IBM,F I,1,303.31
2025-11-05,10:01:23.322675509,T,IBM,I,5,303.27
2025-11-05,10:01:27.463138951,T,IBM,F,40,303.03
2025-11-05,10:01:27.463181072,T,IBM,F,71,303.01
2025-11-05,10:01:27.463262316,T,IBM,,67,303.03
2025-11-05,10:01:27.463277366,T,IBM,I,33,303.03
2025-11-05,10:01:27.524012906,T,IBM,I,4,302.89
2025-11-05,10:01:27.524012906,T,IBM,I,21,302.88
2025-11-05,10:01:27.524064031,T,IBM,I,2,302.97
2025-11-05,10:01:30.615757255,T,IBM,F,40,302.87
2025-11-05,10:01:30.615760234,T,IBM,F I,16,302.87
2025-11-05,10:01:30.615856450,T,IBM,,100,302.89
2025-11-05,10:01:30.615871490,T,IBM,I,7,302.91
2025-11-05,10:01:32.495270693,T,IBM,I,2,302.94
2025-11-05,10:01:32.495273734,T,IBM,I,5,302.95
2025-11-05,10:01:32.495273734,T,IBM,I,33,302.96
2025-11-05,10:01:32.495327820,T,IBM,,40,302.98
2025-11-05,10:01:32.496001596,T,IBM,F I,17,302.9
2025-11-05,10:01:32.496001596,T,IBM,F I,1,302.9
2025-11-05,10:01:32.496007422,T,IBM,F,50,302.9
2025-11-05,10:01:32.496055506,T,IBM,F,100,302.9
2025-11-05,10:01:32.496082688,T,IBM,F I,17,302.9
2025-11-05,10:01:32.496082688,T,IBM,F,80,302.9
2025-11-05,10:01:32.496085636,T,IBM,F I,13,302.9
2025-11-05,10:01:32.496115739,T,IBM,F I,13,302.9
2025-11-05,10:01:32.496119055,T,IBM,F I,5,302.9
2025-11-05,10:01:32.497038867,T,IBM,F I,12,302.9
2025-11-05,10:01:32.497038867,T,IBM,F I,1,302.9
2025-11-05,10:01:32.497041995,T,IBM,F I,8,302.86
2025-11-05,10:01:32.497045799,T,IBM,F I,1,302.86
2025-11-05,10:01:32.497120041,T,IBM,,40,302.86
2025-11-05,10:01:32.497141576,T,IBM,,360,302.86
2025-11-05,10:01:32.497144159,T,IBM,I,10,302.86
2025-11-05,10:01:32.497162347,T,IBM,I,8,302.83
2025-11-05,10:01:32.497495977,T,IBM,F I,6,302.83
2025-11-05,10:01:32.499492846,T,IBM,,40,302.86
2025-11-05,10:01:40.034083179,T,IBM,I,5,302.81
2025-11-05,10:01:40.502529312,T,IBM,I,5,302.77
2025-11-05,10:01:41.644979149,T,IBM,I,5,302.72
2025-11-05,10:01:41.645000204,T,IBM,F I,35,302.72
2025-11-05,10:01:41.645003202,T,IBM,F I,21,302.72
2025-11-05,10:01:41.645646667,T,IBM,F I,14,302.69
2025-11-05,10:01:41.716053305,T,IBM,I,26,302.645
2025-11-05,10:01:41.716053305,T,IBM,I,14,302.645
2025-11-05,10:01:41.728133035,T,IBM,I,7,302.645
2025-11-05,10:01:43.760308028,T,IBM,F,40,302.71
2025-11-05,10:01:43.760311012,T,IBM,F,40,302.71
2025-11-05,10:01:43.760314001,T,IBM,F,40,302.71
2025-11-05,10:01:43.760326052,T,IBM,I,1,302.71
2025-11-05,10:01:43.762088236,T,IBM,,40,302.71
2025-11-05,10:01:44.167188690,T,IBM,I,5,302.71
2025-11-05,10:01:44.167218756,T,IBM,F,400,302.71
2025-11-05,10:01:49.116563563,T,IBM,F I,19,302.85
2025-11-05,10:01:49.116578510,T,IBM,F,70,302.85
2025-11-05,10:01:53.456811156,T,IBM,F I,11,302.96
2025-11-05,10:01:53.456986283,T,IBM,F I,10,302.91
2025-11-05,10:01:53.456988513,T,IBM,F I,5,302.91
2025-11-05,10:01:53.456991559,T,IBM,F,57,302.87
2025-11-05,10:01:53.456991559,T,IBM,F I,17,302.87
2025-11-05,10:01:56.727090584,T,IBM,I,30,302.88
2025-11-05,10:01:56.727090584,T,IBM,I,10,302.87
2025-11-05,10:01:56.727108645,T,IBM,F,70,302.87
2025-11-05,10:01:56.727111618,T,IBM,F I,12,302.87
2025-11-05,10:02:02.446833403,T,IBM,F I,11,302.82
2025-11-05,10:02:03.389313152,T,IBM,I,27,302.885
2025-11-05,10:02:06.147819272,T,IBM,F I,1,302.92
2025-11-05,10:02:14.409814694,T,IBM,I,1,302.87
2025-11-05,10:02:14.409818041,T,IBM,I,30,302.87
2025-11-05,10:02:14.409820553,T,IBM,I,8,302.82
2025-11-05,10:02:14.409820553,T,IBM,I,35,302.82
2025-11-05,10:02:14.797304727,T,IBM,F,50,302.92
2025-11-05,10:02:17.756168810,T,IBM,F,100,302.93
2025-11-05,10:02:17.756171879,T,IBM,F I,6,302.92
2025-11-05,10:02:19.308741118,T,IBM,,40,303.0
2025-11-05,10:02:19.309153190,T,IBM,F I,6,303.02
2025-11-05,10:02:19.309156148,T,IBM,F I,21,303.02
2025-11-05,10:02:20.020866374,T,IBM,I,5,303.0
2025-11-05,10:02:20.606077619,T,IBM,F I,5,302.91
2025-11-05,10:02:20.606101626,T,IBM,F,40,302.89
2025-11-05,10:02:20.606101626,T,IBM,F I,6,302.89
2025-11-05,10:02:20.606155733,T,IBM,I,28,302.95
2025-11-05,10:02:24.599482519,T,IBM,F I,5,302.81
2025-11-05,10:02:24.599485924,T,IBM,F I,5,302.81
2025-11-05,10:02:24.599488546,T,IBM,F I,2,302.81
2025-11-05,10:02:24.599557658,T,IBM,F,40,302.8
2025-11-05,10:02:25.849633737,T,IBM,F,40,302.73
2025-11-05,10:02:25.849675837,T,IBM,F I,1,302.72
2025-11-05,10:02:25.849699850,T,IBM,F I,5,302.72
2025-11-05,10:02:27.155119678,T,IBM,F I,13,302.65
2025-11-05,10:02:27.155119678,T,IBM,F I,2,302.65
2025-11-05,10:02:27.156277496,T,IBM,F I,14,302.57
2025-11-05,10:02:28.178119163,T,IBM,F,120,302.51
2025-11-05,10:02:28.178173223,T,IBM,,100,302.51
2025-11-05,10:02:28.178194236,T,IBM,I,1,302.51
2025-11-05,10:02:28.178206305,T,IBM,I,13,302.51
2025-11-05,10:02:38.983472786,T,IBM,F I,14,302.43
2025-11-05,10:02:38.983475756,T,IBM,F I,14,302.43
2025-11-05,10:02:52.306970628,T,IBM,F I,22,302.43
2025-11-05,10:02:53.252789084,T,IBM,F I,14,302.36
2025-11-05,10:03:06.644305051,T,IBM,F I,2,302.3
2025-11-05,10:03:06.644305051,T,IBM,F I,5,302.31
2025-11-05,10:03:06.644308097,T,IBM,F I,5,302.31
2025-11-05,10:03:06.644311104,T,IBM,F I,2,302.31
2025-11-05,10:03:07.584162573,T,IBM,F,150,302.34
2025-11-05,10:03:07.584201727,T,IBM,F,50,302.34
2025-11-05,10:03:07.584204679,T,IBM,F I,20,302.34
2025-11-05,10:03:11.002716681,T,IBM,F I,2,302.3
2025-11-05,10:03:11.002716681,T,IBM,F I,5,302.31
2025-11-05,10:03:11.002719082,T,IBM,F I,2,302.31
2025-11-05,10:03:11.002721969,T,IBM,F I,5,302.31
2025-11-05,10:03:11.002721969,T,IBM,F,54,302.34
2025-11-05,10:03:31.434199415,T,IBM,F I,30,302.28
2025-11-05,10:03:32.007282690,T,IBM,I,5,302.19
2025-11-05,10:03:32.008040491,T,IBM,F I,5,302.31
2025-11-05,10:03:32.008043461,T,IBM,F,52,302.31
2025-11-05,10:03:52.849204186,T,IBM,F I,2,302.31
2025-11-05,10:03:52.849204186,T,IBM,F I,5,302.31
2025-11-05,10:03:52.849207216,T,IBM,F I,3,302.32
2025-11-05,10:03:55.007219733,T,IBM,,56,302.33
2025-11-05,10:03:55.007219733,T,IBM,I,21,302.36
2025-11-05,10:03:55.008371425,T,IBM,,40,302.33
2025-11-05,10:03:55.009342763,T,IBM,I,5,302.33
2025-11-05,10:04:06.897872299,T,IBM,,72,302.5
2025-11-05,10:04:06.897908344,T,IBM,F I,7,302.5
2025-11-05,10:04:06.897911378,T,IBM,F,100,302.5
2025-11-05,10:04:06.898474492,T,IBM,F I,1,302.51
2025-11-05,10:04:06.898474492,T,IBM,F I,2,302.51
2025-11-05,10:04:06.898476744,T,IBM,F I,20,302.51
2025-11-05,10:04:06.898476744,T,IBM,F I,10,302.51
2025-11-05,10:04:06.898576025,T,IBM,F,40,302.51
2025-11-05,10:04:06.898639081,T,IBM,F I,1,302.52
2025-11-05,10:04:09.161766943,T,IBM,F I,2,302.49
2025-11-05,10:04:09.161766943,T,IBM,F I,5,302.49
2025-11-05,10:04:09.161769854,T,IBM,F I,5,302.49
2025-11-05,10:04:12.618625371,T,IBM,,80,302.53
2025-11-05,10:04:12.620574320,T,IBM,,80,302.54
2025-11-05,10:04:12.620574320,T,IBM,I,15,302.54
2025-11-05,10:04:12.620576961,T,IBM,I,1,302.54
2025-11-05,10:04:12.621163336,T,IBM,F I,1,302.55
2025-11-05,10:04:12.621214537,T,IBM,F I,22,302.57
2025-11-05,10:04:12.621217516,T,IBM,F I,16,302.57
2025-11-05,10:04:12.621743757,T,IBM,F I,13,302.59
2025-11-05,10:04:17.132193543,T,IBM,F I,24,302.7
2025-11-05,10:04:17.132650726,T,IBM,F I,10,302.73
2025-11-05,10:04:17.149689240,T,IBM,I,5,302.69
2025-11-05,10:04:17.149692480,T,IBM,I,2,302.69
2025-11-05,10:04:17.149692480,T,IBM,I,30,302.69
2025-11-05,10:04:17.149722255,T,IBM,I,30,302.66
2025-11-05,10:04:36.397095114,T,IBM,F I,10,302.76
2025-11-05,10:04:36.397095114,T,IBM,F I,30,302.76
2025-11-05,10:04:36.397558227,T,IBM,F,40,302.73
2025-11-05,10:04:36.397561352,T,IBM,F,40,302.73
2025-11-05,10:04:36.397561352,T,IBM,F I,20,302.73
2025-11-05,10:04:36.397564230,T,IBM,F I,20,302.73
2025-11-05,10:04:48.243903870,T,IBM,F I,1,302.8
2025-11-05,10:04:48.243903870,T,IBM,F I,5,302.8
2025-11-05,10:04:48.243906457,T,IBM,F I,11,302.8
2025-11-05,10:04:48.243915481,T,IBM,F,40,302.8
2025-11-05,10:04:56.056427529,T,IBM,I,30,302.9
2025-11-05,10:04:56.056427529,T,IBM,I,4,302.89
2025-11-05,10:05:02.212391675,T,IBM,F I,15,302.9
2025-11-05,10:05:04.109876121,T,IBM,,120,302.83
2025-11-05,10:05:04.109876121,T,IBM,I,13,302.83
2025-11-05,10:05:04.109881960,T,IBM,I,19,302.83
2025-11-05,10:05:04.109884984,T,IBM,I,5,302.83
2025-11-05,10:05:04.109887935,T,IBM,I,13,302.83
2025-11-05,10:05:04.109930199,T,IBM,,100,302.83
2025-11-05,10:05:09.372053090,T,IBM,F I,11,302.73
2025-11-05,10:05:09.372070861,T,IBM,F I,4,302.73
2025-11-05,10:05:09.372073502,T,IBM,F I,3,302.73
2025-11-05,10:05:09.372076476,T,IBM,I,14,302.73
2025-11-05,10:05:09.372076476,T,IBM,F I,4,302.73
2025-11-05,10:05:09.372277954,T,IBM,F,99,302.73
2025-11-05,10:05:25.341732361,T,IBM,F I,1,302.81
2025-11-05,10:05:39.988890827,T,IBM,,100,302.935
2025-11-05,10:05:47.845619980,T,IBM,I,3,302.935
2025-11-05,10:06:01.228346522,T,IBM,,100,302.935
2025-11-05,10:06:01.229642656,T,IBM,,40,302.93
2025-11-05,10:06:09.429058716,T,IBM,I,5,302.935
2025-11-05,10:06:11.006085008,T,IBM,I,1,303.07
2025-11-05,10:06:11.006088079,T,IBM,I,7,303.07
2025-11-05,10:06:11.006130364,T,IBM,F I,3,303.07
2025-11-05,10:06:11.006133864,T,IBM,F I,4,303.07
2025-11-05,10:06:11.006151215,T,IBM,F I,4,303.07
2025-11-05,10:06:11.006166235,T,IBM,F I,4,303.07
2025-11-05,10:06:11.006491079,T,IBM,F I,14,303.07
2025-11-05,10:06:11.008638222,T,IBM,F I,34,303.0
2025-11-05,10:06:11.008662313,T,IBM,F I,5,302.97
2025-11-05,10:06:20.889528211,T,IBM,I,1,302.97
2025-11-05,10:06:38.965888939,T,IBM,F I,10,303.03
2025-11-05,10:06:38.965888939,T,IBM,F,40,303.08
2025-11-05,10:06:38.965891488,T,IBM,F,100,303.09
2025-11-05,10:06:38.965964739,T,IBM,F I,4,303.11
2025-11-05,10:06:38.965966620,T,IBM,F I,17,303.11
2025-11-05,10:06:38.965969719,T,IBM,F I,1,303.11
2025-11-05,10:06:38.965969719,T,IBM,F I,12,303.11
2025-11-05,10:06:38.966279403,T,IBM,F I,20,303.11
2025-11-05,10:06:38.966531966,T,IBM,I,34,303.11
2025-11-05,10:06:38.966922988,T,IBM,I,10,303.11
2025-11-05,10:06:39.067500357,T,IBM,,72,303.13
2025-11-05,10:06:40.282521954,T,IBM,F I,5,303.05
2025-11-05,10:06:40.282527885,T,IBM,F I,35,303.05
2025-11-05,10:06:40.282558011,T,IBM,F I,5,303.02
2025-11-05,10:06:40.283180709,T,IBM,I,5,303.025
2025-11-05,10:06:40.283183486,T,IBM,,48,303.06
2025-11-05,10:06:40.283363881,T,IBM,,40,303.09
2025-11-05,10:06:40.283424041,T,IBM,,40,303.09
2025-11-05,10:06:40.883532681,T,IBM,I,20,303.09
2025-11-05,10:06:40.883532681,T,IBM,I,1,303.1
2025-11-05,10:06:43.696110651,T,IBM,F,42,303.125
2025-11-05,10:06:43.790036098,T,IBM,F I,5,303.05
2025-11-05,10:06:43.790039684,T,IBM,F I,30,303.03
2025-11-05,10:06:43.790042111,T,IBM,F I,5,303.03
2025-11-05,10:06:52.075838625,T,IBM,,80,302.97
2025-11-05,10:07:08.329165966,T,IBM,F I,1,302.8
2025-11-05,10:07:08.329635120,T,IBM,F I,3,302.73
2025-11-05,10:07:09.102105030,T,IBM,F,40,302.62
2025-11-05,10:07:09.102108071,T,IBM,F I,1,302.61
2025-11-05,10:07:09.103181579,T,IBM,F,51,302.52
2025-11-05,10:07:15.385530679,T,IBM,F,40,302.36
2025-11-05,10:07:33.863355765,T,IBM,F,200,302.36
2025-11-05,10:07:33.863358810,T,IBM,F I,4,302.35
2025-11-05,10:07:33.863406963,T,IBM,,100,302.36
2025-11-05,10:07:36.934762739,T,IBM,F,50,302.22
2025-11-05,10:07:49.132470600,T,IBM,F,40,302.18
2025-11-05,10:07:49.132485312,T,IBM,I,1,302.18
2025-11-05,10:07:49.132488304,T,IBM,F I,39,302.18
2025-11-05,10:07:49.137910200,T,IBM,,59,302.175
2025-11-05,10:07:50.653431128,T,IBM,F I,1,302.19
2025-11-05,10:07:51.745746149,T,IBM,F I,13,302.25
2025-11-05,10:07:54.484157824,T,IBM,F I,9,302.33
2025-11-05,10:07:54.484172883,T,IBM,F,40,302.33
2025-11-05,10:07:54.484233050,T,IBM,F I,1,302.36
2025-11-05,10:08:06.556166298,T,IBM,I,5,302.41
2025-11-05,10:08:06.556169173,T,IBM,I,5,302.41
2025-11-05,10:08:06.556187217,T,IBM,F,990,302.42
2025-11-05,10:08:15.848870992,T,IBM,I,5,302.355
2025-11-05,10:08:23.483888613,T,IBM,F I,18,302.4
2025-11-05,10:08:23.692813693,T,IBM,F I,2,302.47
2025-11-05,10:08:35.549536441,T,IBM,F I,5,302.41
2025-11-05,10:08:35.549539419,T,IBM,F,40,302.39
2025-11-05,10:08:35.549542443,T,IBM,F I,35,302.39
2025-11-05,10:08:35.549554475,T,IBM,F I,5,302.39
2025-11-05,10:08:35.549569445,T,IBM,F,40,302.38
2025-11-05,10:08:35.567889151,T,IBM,I,5,302.39
2025-11-05,10:08:35.567889151,T,IBM,I,5,302.39
2025-11-05,10:08:42.112402283,T,IBM,I,8,302.445
2025-11-05,10:08:42.115367283,T,IBM,I,7,302.445
2025-11-05,10:08:43.382169160,T,IBM,I,1,302.44
2025-11-05,10:08:43.621472775,T,IBM,I,23,302.44
2025-11-05,10:08:49.497440477,T,IBM,,40,302.47
2025-11-05,10:08:52.253862601,T,IBM,I,23,302.45
2025-11-05,10:09:01.298768536,T,IBM,I,23,302.475
2025-11-05,10:09:07.365237143,T,IBM,F I,5,302.45
2025-11-05,10:09:07.365239931,T,IBM,F I,3,302.44
2025-11-05,10:09:07.365285274,T,IBM,F I,5,302.44
2025-11-05,10:09:08.654315731,T,IBM,F,40,302.37
2025-11-05,10:09:08.654315731,T,IBM,F I,2,302.37
2025-11-05,10:09:08.654318557,T,IBM,F I,5,302.37
2025-11-05,10:09:08.667583093,T,IBM,F,100,302.375
2025-11-05,10:09:10.240360378,T,IBM,I,5,302.31
2025-11-05,10:09:10.240363378,T,IBM,I,18,302.3
2025-11-05,10:09:10.335341552,T,IBM,F,40,302.39
2025-11-05,10:09:14.311250844,T,IBM,F,150,302.39
2025-11-05,10:09:18.795264752,T,IBM,I,23,302.39
2025-11-05,10:09:22.085346700,T,IBM,F,80,302.39
2025-11-05,10:09:26.849465101,T,IBM,F,80,302.39
2025-11-05,10:09:27.203801714,T,IBM,I,23,302.39
2025-11-05,10:09:30.594788499,T,IBM,F I,2,302.49
2025-11-05,10:09:30.594878727,T,IBM,F I,10,302.5
2025-11-05,10:09:30.594884795,T,IBM,F,40,302.51
2025-11-05,10:09:30.594887759,T,IBM,F I,6,302.51
2025-11-05,10:09:31.098881640,T,IBM,F I,13,302.58
2025-11-05,10:09:31.098888481,T,IBM,F I,27,302.58
2025-11-05,10:09:31.098888481,T,IBM,F I,15,302.58
2025-11-05,10:09:31.098893705,T,IBM,F I,15,302.58
2025-11-05,10:09:31.098893705,T,IBM,F I,13,302.58
2025-11-05,10:09:31.098902766,T,IBM,F I,27,302.58
2025-11-05,10:09:31.098905690,T,IBM,F I,30,302.58
2025-11-05,10:09:31.098912235,T,IBM,I,1,302.58
2025-11-05,10:09:31.098971899,T,IBM,F I,8,302.58
2025-11-05,10:09:31.099104259,T,IBM,F I,1,302.58
2025-11-05,10:09:31.099107216,T,IBM,F I,7,302.58
2025-11-05,10:09:31.099170428,T,IBM,I,17,302.58
2025-11-05,10:09:31.099200481,T,IBM,F I,9,302.58
2025-11-05,10:09:31.099225194,T,IBM,F I,7,302.58
2025-11-05,10:09:31.099227565,T,IBM,F I,2,302.59
2025-11-05,10:09:31.099258275,T,IBM,F I,6,302.59
2025-11-05,10:09:31.099260637,T,IBM,F I,1,302.59
2025-11-05,10:09:31.099696591,T,IBM,F,75,302.56
2025-11-05,10:09:31.099696591,T,IBM,F,100,302.56
2025-11-05,10:09:31.099699593,T,IBM,F,50,302.55
2025-11-05,10:09:31.099699593,T,IBM,F,42,302.55
2025-11-05,10:09:31.100081586,T,IBM,I,7,302.67
2025-11-05,10:09:31.100845354,T,IBM,I,1,302.58
2025-11-05,10:09:31.100848383,T,IBM,I,21,302.58
2025-11-05,10:09:44.106077759,T,IBM,I,5,302.53
2025-11-05,10:09:44.106077759,T,IBM,I,5,302.53
2025-11-05,10:09:44.106080389,T,IBM,I,12,302.5
2025-11-05,10:09:44.107090805,T,IBM,F,68,302.5
2025-11-05,10:09:44.684308940,T,IBM,F,40,302.45
2025-11-05,10:10:00.065340996,T,IBM,F I,5,302.45
2025-11-05,10:10:00.071586865,T,IBM,F,150,302.44
2025-11-05,10:10:00.238060169,T,IBM,I,3,302.44
2025-11-05,10:10:00.498886184,T,IBM,I,5,302.37
2025-11-05,10:10:00.498889107,T,IBM,I,2,302.34
2025-11-05,10:10:00.498895335,T,IBM,I,3,302.33
2025-11-05,10:10:00.498898209,T,IBM,I,1,302.33
2025-11-05,10:10:00.498898209,T,IBM,,42,302.31
2025-11-05,10:10:00.498904239,T,IBM,I,31,302.31
2025-11-05,10:10:00.498919233,T,IBM,I,2,302.31
2025-11-05,10:10:00.498919233,T,IBM,I,2,302.3
2025-11-05,10:10:00.498931476,T,IBM,,100,302.3
2025-11-05,10:10:00.498931476,T,IBM,I,20,302.25
2025-11-05,10:10:00.499463746,T,IBM,F I,10,302.25
2025-11-05,10:10:00.499463746,T,IBM,F I,31,302.25
2025-11-05,10:10:00.499830407,T,IBM,I,9,302.25
2025-11-05,10:10:00.500167211,T,IBM,F,40,302.24
2025-11-05,10:10:00.500170177,T,IBM,F I,1,302.24
2025-11-05,10:10:00.878374695,T,IBM,,75,302.23
2025-11-05,10:10:00.878389697,T,IBM,I,1,302.23
2025-11-05,10:10:01.108145698,T,IBM,F I,1,302.23
2025-11-05,10:10:01.136376854,T,IBM,I,3,302.23
2025-11-05,10:10:01.818758402,T,IBM,F I,1,302.11
2025-11-05,10:10:01.819567329,T,IBM,F I,4,302.09
2025-11-05,10:10:03.027452953,T,IBM,F I,5,302.05
2025-11-05,10:10:03.027459491,T,IBM,F I,4,302.05
2025-11-05,10:10:03.027473713,T,IBM,F I,4,302.05
2025-11-05,10:10:03.027699269,T,IBM,F I,2,302.0
2025-11-05,10:10:03.027699269,T,IBM,F,40,302.0
2025-11-05,10:10:03.027990972,T,IBM,I,3,302.04
2025-11-05,10:10:03.028033132,T,IBM,F I,1,302.01
2025-11-05,10:10:03.028036053,T,IBM,F I,5,302.04
2025-11-05,10:10:03.028096150,T,IBM,F I,1,301.97
2025-11-05,10:10:03.028099150,T,IBM,I,35,302.04
2025-11-05,10:10:03.028120210,T,IBM,F I,39,301.97
2025-11-05,10:10:03.028420943,T,IBM,I,3,302.02
2025-11-05,10:10:04.760271048,T,IBM,F,40,301.9
2025-11-05,10:10:04.760298924,T,IBM,F I,12,301.89
2025-11-05,10:10:04.760667961,T,IBM,F,80,301.88
2025-11-05,10:10:04.760872379,T,IBM,I,23,301.93
2025-11-05,10:10:04.761058918,T,IBM,I,13,301.94
2025-11-05,10:10:10.555538410,T,IBM,F I,1,301.88
2025-11-05,10:10:16.082044029,T,IBM,,100,301.895
2025-11-05,10:10:16.082044029,T,IBM,I,10,301.895
2025-11-05,10:10:34.468328470,T,IBM,F I,24,301.73
2025-11-05,10:10:34.468352535,T,IBM,F,56,301.73
2025-11-05,10:10:34.468352535,T,IBM,F,40,301.73
2025-11-05,10:10:34.468361558,T,IBM,F,80,301.69
2025-11-05,10:10:34.471161155,T,IBM,I,2,301.62
2025-11-05,10:10:57.730480275,T,IBM,F I,7,301.66
2025-11-05,10:11:00.471454655,T,IBM,F,40,301.58
2025-11-05,10:11:00.471454655,T,IBM,F I,5,301.58
2025-11-05,10:11:00.471475823,T,IBM,,40,301.57
2025-11-05,10:11:00.475995499,T,IBM,F I,1,301.52
2025-11-05,10:11:05.088367276,T,IBM,I,5,301.43
2025-11-05,10:11:05.088367276,T,IBM,I,2,301.42
2025-11-05,10:11:05.088369787,T,IBM,I,2,301.42
2025-11-05,10:11:05.088369787,T,IBM,I,2,301.41
2025-11-05,10:11:12.056826359,T,IBM,F I,6,301.45
2025-11-05,10:11:19.367650962,T,IBM,I,25,301.4
2025-11-05,10:11:19.370601031,T,IBM,I,3,301.4
2025-11-05,10:11:24.946899350,T,IBM,F,80,301.37
2025-11-05,10:11:24.946902336,T,IBM,F,40,301.37
2025-11-05,10:11:24.947392657,T,IBM,F I,20,301.37
2025-11-05,10:11:24.947416540,T,IBM,I,1,301.37
2025-11-05,10:11:24.947452620,T,IBM,,79,301.37
2025-11-05,10:11:24.958164370,T,IBM,I,5,301.34
2025-11-05,10:11:24.958167912,T,IBM,I,2,301.36
2025-11-05,10:11:24.958170897,T,IBM,I,2,301.36
2025-11-05,10:11:24.958170897,T,IBM,I,3,301.37
2025-11-05,10:11:24.958173161,T,IBM,I,13,301.37
2025-11-05,10:11:24.958173161,T,IBM,,40,301.37
2025-11-05,10:11:24.990352731,T,IBM,F,40,301.3
2025-11-05,10:11:24.990352731,T,IBM,F I,5,301.3
2025-11-05,10:11:25.545137467,T,IBM,F I,1,301.3
2025-11-05,10:11:29.277391725,T,IBM,F,80,301.28
2025-11-05,10:11:29.277394803,T,IBM,F,51,301.28
2025-11-05,10:11:29.277824869,T,IBM,F I,1,301.22
2025-11-05,10:11:29.279111879,T,IBM,I,6,301.26
2025-11-05,10:11:30.038981814,T,IBM,,100,301.21
2025-11-05,10:11:30.038981814,T,IBM,,42,301.24
2025-11-05,10:11:30.670921480,T,IBM,F,40,301.11
2025-11-05,10:11:30.670921480,T,IBM,F I,14,301.11
2025-11-05,10:11:30.670924505,T,IBM,F I,16,301.11
2025-11-05,10:11:30.746449249,T,IBM,,43,301.2
2025-11-05,10:11:30.746452254,T,IBM,,40,301.2
2025-11-05,10:11:30.746467348,T,IBM,I,1,301.2
2025-11-05,10:11:30.746476370,T,IBM,F,99,301.2
2025-11-05,10:11:31.420912833,T,IBM,,40,301.11
2025-11-05,10:11:31.420930900,T,IBM,I,1,301.11
2025-11-05,10:11:31.420930900,T,IBM,I,2,301.11
2025-11-05,10:11:31.421024119,T,IBM,F I,17,301.2
2025-11-05,10:11:31.717475938,T,IBM,F I,2,301.18
2025-11-05,10:11:31.717475938,T,IBM,F I,2,301.18
2025-11-05,10:11:31.717479492,T,IBM,F I,2,301.17
2025-11-05,10:11:31.717479492,T,IBM,F I,5,301.16
2025-11-05,10:11:31.717481929,T,IBM,F I,22,301.14
2025-11-05,10:11:31.718393569,T,IBM,I,16,301.11
2025-11-05,10:11:31.718396361,T,IBM,I,17,301.11
2025-11-05,10:11:31.805898511,T,IBM,F I,10,301.17
2025-11-05,10:11:31.806178070,T,IBM,I,10,301.11
2025-11-05,10:11:31.806220086,T,IBM,F I,15,301.18
2025-11-05,10:11:31.806313324,T,IBM,I,2,301.23
2025-11-05,10:11:31.806662203,T,IBM,I,1,301.18
2025-11-05,10:11:31.806686622,T,IBM,F I,1,301.18
2025-11-05,10:11:31.806689719,T,IBM,F I,2,301.2
2025-11-05,10:11:31.806770425,T,IBM,I,2,301.24
2025-11-05,10:11:31.806851580,T,IBM,F I,1,301.18
2025-11-05,10:11:31.806854600,T,IBM,F I,1,301.18
2025-11-05,10:11:31.806869717,T,IBM,F I,1,301.18
2025-11-05,10:11:31.806869717,T,IBM,F I,2,301.18
2025-11-05,10:11:31.807216048,T,IBM,I,12,301.28
2025-11-05,10:11:31.807218557,T,IBM,I,8,301.28
2025-11-05,10:11:31.807221581,T,IBM,I,16,301.28
2025-11-05,10:11:31.807221581,T,IBM,,40,301.28
2025-11-05,10:11:37.659345502,T,IBM,I,2,301.21
2025-11-05,10:11:37.659447966,T,IBM,I,10,301.21
2025-11-05,10:11:37.659447966,T,IBM,I,5,301.16
2025-11-05,10:11:37.659453789,T,IBM,I,2,301.15
2025-11-05,10:11:37.659453789,T,IBM,I,19,301.14
2025-11-05,10:11:41.529862684,T,IBM,I,5,301.25
2025-11-05,10:11:41.529865726,T,IBM,I,1,301.26
2025-11-05,10:11:44.288876861,T,IBM,I,5,301.29
2025-11-05,10:11:55.024858585,T,IBM,F I,5,301.31
2025-11-05,10:12:03.469472156,T,IBM,I,10,301.41
2025-11-05,10:12:03.469472156,T,IBM,I,3,301.41
2025-11-05,10:12:03.469490255,T,IBM,F I,5,301.41
2025-11-05,10:12:03.469502282,T,IBM,F I,4,301.41
2025-11-05,10:12:03.469538336,T,IBM,F I,4,301.41
2025-11-05,10:12:03.469541406,T,IBM,I,4,301.41
2025-11-05,10:12:03.469550424,T,IBM,F,83,301.41
2025-11-05,10:12:03.469553369,T,IBM,F I,4,301.42
2025-11-05,10:12:03.469586510,T,IBM,I,24,301.32
2025-11-05,10:12:03.820566967,T,IBM,I,3,301.31
2025-11-05,10:12:07.401955390,T,IBM,,40,301.22
2025-11-05,10:12:07.401955390,T,IBM,I,1,301.22
2025-11-05,10:12:07.402027162,T,IBM,,40,301.22
2025-11-05,10:12:07.402033245,T,IBM,I,2,301.21
2025-11-05,10:12:26.327101014,T,IBM,I,2,301.32
2025-11-05,10:12:31.228625610,T,IBM,I,6,301.31
2025-11-05,10:12:31.228688793,T,IBM,F,40,301.21
2025-11-05,10:12:31.229215024,T,IBM,F I,2,301.19
2025-11-05,10:12:33.041783067,T,IBM,,40,301.235
2025-11-05,10:12:40.862221768,T,IBM,I,1,301.26
2025-11-05,10:12:45.013742972,T,IBM,F,40,301.12
2025-11-05,10:12:45.061096751,T,IBM,,45,301.1
2025-11-05,10:12:45.061099720,T,IBM,,55,301.1
2025-11-05,10:12:45.104995198,T,IBM,I,10,301.125
2025-11-05,10:12:47.036746000,T,IBM,I,2,301.18
2025-11-05,10:12:47.036749069,T,IBM,I,5,301.2
2025-11-05,10:12:48.979737478,T,IBM,F I,2,301.09
2025-11-05,10:12:48.979740592,T,IBM,F I,2,301.09
2025-11-05,10:13:01.291275016,T,IBM,,40,301.01
2025-11-05,10:13:01.291275016,T,IBM,I,2,301.01
2025-11-05,10:13:01.291311155,T,IBM,F,100,301.0
2025-11-05,10:13:01.291456052,T,IBM,,100,301.0
2025-11-05,10:13:01.291981972,T,IBM,I,5,300.92
2025-11-05,10:13:05.359720520,T,IBM,I,8,300.74
2025-11-05,10:13:06.867440865,T,IBM,,80,300.72
2025-11-05,10:13:06.868054328,T,IBM,,40,300.85
2025-11-05,10:13:06.868150543,T,IBM,I,10,300.85
2025-11-05,10:13:23.239927050,T,IBM,I,5,300.86
2025-11-05,10:13:23.239929952,T,IBM,,95,300.86
2025-11-05,10:13:36.697107889,T,IBM,I,10,300.86
2025-11-05,10:13:36.705759476,T,IBM,I,16,300.86
2025-11-05,10:13:53.098706186,T,IBM,I,5,300.845
2025-11-05,10:13:53.098709460,T,IBM,I,2,300.87
2025-11-05,10:13:53.098712250,T,IBM,I,2,300.88
2025-11-05,10:13:53.098712250,T,IBM,I,1,300.89
2025-11-05,10:13:53.098778603,T,IBM,F I,2,300.91
2025-11-05,10:13:53.098778603,T,IBM,F I,8,300.92
2025-11-05,10:13:53.098790853,T,IBM,I,8,300.93
2025-11-05,10:13:53.098793409,T,IBM,I,2,300.93
2025-11-05,10:13:53.098826451,T,IBM,F I,10,300.93
2025-11-05,10:13:53.098835542,T,IBM,I,20,300.93
2025-11-05,10:13:53.098838429,T,IBM,I,7,300.93
2025-11-05,10:13:53.098841470,T,IBM,F I,10,300.93
2025-11-05,10:13:53.098856551,T,IBM,F I,7,300.93
2025-11-05,10:13:53.098865588,T,IBM,F,46,300.93
2025-11-05,10:13:53.098886583,T,IBM,F I,7,300.94
2025-11-05,10:13:53.098892673,T,IBM,F I,16,300.95
2025-11-05,10:13:53.104266537,T,IBM,F I,2,301.0
2025-11-05,10:13:53.104266537,T,IBM,F I,2,301.0
2025-11-05,10:13:53.198210081,T,IBM,I,11,300.97
2025-11-05,10:14:12.291218361,T,IBM,I,5,300.79
2025-11-05,10:14:12.291221360,T,IBM,,40,300.79
2025-11-05,10:14:12.295341236,T,IBM,F,73,300.76
2025-11-05,10:14:12.295344179,T,IBM,F,40,300.76
2025-11-05,10:14:12.295368568,T,IBM,F,127,300.76
2025-11-05,10:14:12.295368568,T,IBM,F I,2,300.76
2025-11-05,10:14:12.333920198,T,IBM,F I,30,300.8
2025-11-05,10:14:12.333923236,T,IBM,F I,35,300.8
2025-11-05,10:14:15.989380338,T,IBM,F I,11,300.68
2025-11-05,10:14:15.989380338,T,IBM,F I,5,300.68
2025-11-05,10:14:15.989383370,T,IBM,F I,2,300.67
2025-11-05,10:14:15.989386415,T,IBM,F I,2,300.66
2025-11-05,10:14:15.989389375,T,IBM,F I,31,300.65
2025-11-05,10:14:20.441782938,T,IBM,F I,25,300.725
2025-11-05,10:14:20.441785948,T,IBM,F I,2,300.78
2025-11-05,10:14:20.441785948,T,IBM,F I,30,300.78
2025-11-05,10:14:20.441788905,T,IBM,F,93,300.78
2025-11-05,10:14:20.441843402,T,IBM,F I,1,300.8
2025-11-05,10:14:20.441843402,T,IBM,F I,2,300.8
2025-11-05,10:14:20.441846535,T,IBM,F I,13,300.8
2025-11-05,10:14:20.441849646,T,IBM,F I,8,300.8
2025-11-05,10:14:21.542739900,T,IBM,I,2,300.825
2025-11-05,10:14:27.827401439,T,IBM,F I,10,300.8
2025-11-05,10:14:28.759383461,T,IBM,,40,300.73
2025-11-05,10:14:28.759386108,T,IBM,,40,300.73
2025-11-05,10:14:28.759389125,T,IBM,I,1,300.72
2025-11-05,10:14:28.759389125,T,IBM,,40,300.72
2025-11-05,10:14:28.763680361,T,IBM,F I,10,300.65
2025-11-05,10:14:28.770161251,T,IBM,I,1,300.52
2025-11-05,10:14:35.048967401,T,IBM,,43,300.68
2025-11-05,10:14:35.049006463,T,IBM,,40,300.68
2025-11-05,10:14:35.049018502,T,IBM,I,17,300.68
2025-11-05,10:14:35.049021874,T,IBM,I,26,300.69
2025-11-05,10:14:35.049042632,T,IBM,F I,14,300.69
2025-11-05,10:14:35.049042632,T,IBM,F I,3,300.69
2025-11-05,10:15:01.517213956,T,IBM,F,40,300.53
2025-11-05,10:15:01.517213956,T,IBM,F I,33,300.53
2025-11-05,10:15:01.517217366,T,IBM,F I,10,300.53
2025-11-05,10:15:01.517220037,T,IBM,F I,2,300.53
2025-11-05,10:15:01.517220037,T,IBM,F I,7,300.53
2025-11-05,10:15:01.517232121,T,IBM,I,1,300.53
2025-11-05,10:15:01.518007987,T,IBM,F I,2,300.5
2025-11-05,10:15:01.518314596,T,IBM,F I,4,300.49
2025-11-05,10:15:01.526725578,T,IBM,I,5,300.48
2025-11-05,10:15:01.531864812,T,IBM,I,30,300.45
2025-11-05,10:15:01.531867810,T,IBM,I,2,300.42
2025-11-05,10:15:01.531867810,T,IBM,I,8,300.41
2025-11-05,10:15:01.547959187,T,IBM,F I,1,300.43
2025-11-05,10:15:25.578779949,T,IBM,F,40,300.38
2025-11-05,10:15:25.578779949,T,IBM,F I,2,300.38
2025-11-05,10:15:25.578797766,T,IBM,F I,33,300.38
2025-11-05,10:15:25.586881055,T,IBM,I,25,300.29
2025-11-05,10:15:25.586911126,T,IBM,F I,30,300.31
2025-11-05,10:15:25.586914850,T,IBM,F I,6,300.32
2025-11-05,10:15:25.586917181,T,IBM,F I,2,300.32
2025-11-05,10:15:25.586917181,T,IBM,F I,13,300.33
2025-11-05,10:15:25.698200049,T,IBM,,40,300.26
2025-11-05,10:15:25.698251212,T,IBM,I,8,300.3
2025-11-05,10:15:25.698978880,T,IBM,F I,8,300.26
2025-11-05,10:15:28.898942208,T,IBM,I,30,300.25
2025-11-05,10:15:28.898945468,T,IBM,I,2,300.22
2025-11-05,10:15:28.898945468,T,IBM,I,8,300.21
2025-11-05,10:15:28.898962945,T,IBM,F I,32,300.21
2025-11-05,10:15:28.898966143,T,IBM,F,51,300.21
2025-11-05,10:15:28.899017067,T,IBM,I,13,300.27
2025-11-05,10:15:28.899597975,T,IBM,F I,13,300.21
2025-11-05,10:15:28.899600502,T,IBM,F I,15,300.21
2025-11-05,10:15:28.899603550,T,IBM,F I,9,300.21
2025-11-05,10:15:28.899681685,T,IBM,I,4,300.21
2025-11-05,10:15:28.900120757,T,IBM,I,12,300.27
2025-11-05,10:15:28.900638321,T,IBM,F I,12,300.21
2025-11-05,10:15:28.900640991,T,IBM,F I,13,300.21
2025-11-05,10:15:29.471742530,T,IBM,I,5,300.27
2025-11-05,10:15:29.883254174,T,IBM,F I,1,300.32
2025-11-05,10:15:29.996347422,T,IBM,I,3,300.32
2025-11-05,10:15:32.162016063,T,IBM,I,3,300.32
2025-11-05,10:15:32.450712321,T,IBM,I,1,300.32
2025-11-05,10:15:35.282995997,T,IBM,I,3,300.32
2025-11-05,10:15:35.401493083,T,IBM,I,3,300.32
2025-11-05,10:15:35.560123718,T,IBM,I,3,300.33
2025-11-05,10:15:38.509346758,T,IBM,F,40,300.29
2025-11-05,10:15:38.509349761,T,IBM,F,80,300.28
2025-11-05,10:15:38.509352755,T,IBM,F I,11,300.28
2025-11-05,10:15:38.509358854,T,IBM,F,40,300.28
2025-11-05,10:15:42.256354157,T,IBM,F I,10,300.22
2025-11-05,10:15:42.256354157,T,IBM,F I,10,300.22
2025-11-05,10:15:42.856516762,T,IBM,I,3,300.27
2025-11-05,10:15:43.790576363,T,IBM,F I,3,300.27
2025-11-05,10:15:43.793126401,T,IBM,F I,3,300.27
2025-11-05,10:15:47.166740742,T,IBM,F I,3,300.27
2025-11-05,10:15:48.831016753,T,IBM,F I,1,300.22
2025-11-05,10:15:48.831019680,T,IBM,F,40,300.21
2025-11-05,10:15:48.831073893,T,IBM,I,6,300.24
2025-11-05,10:15:48.831485822,T,IBM,F I,6,300.25
2025-11-05,10:15:48.831485822,T,IBM,F I,12,300.25
2025-11-05,10:15:48.831530950,T,IBM,I,18,300.25
2025-11-05,10:15:48.838197972,T,IBM,,82,300.25
2025-11-05,10:15:48.838197972,T,IBM,I,3,300.25
2025-11-05,10:15:54.358099838,T,IBM,F,40,300.39
2025-11-05,10:16:00.757553490,T,IBM,I,2,300.31
2025-11-05,10:16:00.757553490,T,IBM,I,11,300.3
2025-11-05,10:16:01.286073873,T,IBM,I,2,300.37
2025-11-05,10:16:01.286076756,T,IBM,I,2,300.37
2025-11-05,10:16:01.286079796,T,IBM,,45,300.375
2025-11-05,10:16:01.286082764,T,IBM,,50,300.4
2025-11-05,10:16:01.286082764,T,IBM,,44,300.41
2025-11-05,10:16:01.287580395,T,IBM,F,100,300.46
2025-11-05,10:16:01.287583265,T,IBM,F I,15,300.47
2025-11-05,10:16:01.287586605,T,IBM,F I,5,300.47
2025-11-05,10:16:01.287586605,T,IBM,F I,18,300.47
2025-11-05,10:16:01.287589371,T,IBM,F I,3,300.47
2025-11-05,10:16:01.287589371,T,IBM,F,74,300.47
2025-11-05,10:16:01.288167029,T,IBM,F,100,300.47
2025-11-05,10:16:01.288167029,T,IBM,F I,13,300.47
2025-11-05,10:16:12.887350499,T,IBM,F I,2,300.57
2025-11-05,10:16:12.887350499,T,IBM,F I,3,300.59
2025-11-05,10:16:12.887353119,T,IBM,F I,12,300.59
2025-11-05,10:16:12.887356481,T,IBM,F I,3,300.59
2025-11-05,10:16:12.887359323,T,IBM,F I,2,300.59
2025-11-05,10:16:12.887359323,T,IBM,F I,22,300.59
2025-11-05,10:16:12.893743415,T,IBM,F,100,300.61
2025-11-05,10:16:13.028079168,T,IBM,F I,14,300.68
2025-11-05,10:16:13.028079168,T,IBM,F,80,300.68
2025-11-05,10:16:15.072938275,T,IBM,F,40,300.64
2025-11-05,10:16:17.011804053,T,IBM,,40,300.6
2025-11-05,10:16:31.688345613,T,IBM,I,7,300.64
2025-11-05,10:16:31.691878923,T,IBM,I,10,300.54
2025-11-05,10:16:31.691882023,T,IBM,I,20,300.54
2025-11-05,10:16:31.691897021,T,IBM,I,1,300.54
2025-11-05,10:16:35.983437735,T,IBM,F,50,300.54
2025-11-05,10:16:40.402806603,T,IBM,F I,10,300.4
2025-11-05,10:16:40.402870138,T,IBM,F I,2,300.36
2025-11-05,10:16:40.402875680,T,IBM,F,40,300.35
2025-11-05,10:16:40.402875680,T,IBM,F I,1,300.35
2025-11-05,10:16:40.402893662,T,IBM,F I,2,300.35
2025-11-05,10:16:54.972377172,T,IBM,F I,8,300.34
2025-11-05,10:16:54.972443322,T,IBM,F,50,300.36
2025-11-05,10:16:54.972482423,T,IBM,F I,2,300.34
2025-11-05,10:16:54.972482423,T,IBM,F I,5,300.33
2025-11-05,10:16:54.972485382,T,IBM,F,40,300.33
2025-11-05,10:16:54.972503441,T,IBM,F I,3,300.33
2025-11-05,10:16:54.972557639,T,IBM,F I,3,300.34
2025-11-05,10:16:58.399991344,T,IBM,F,50,300.36
2025-11-05,10:16:58.399991344,T,IBM,F,100,300.375
2025-11-05,10:16:58.400039299,T,IBM,F,100,300.375
2025-11-05,10:17:10.266456767,T,IBM,,40,300.435
2025-11-05,10:17:10.266937823,T,IBM,I,3,300.49
2025-11-05,10:17:10.268841414,T,IBM,F I,13,300.49
2025-11-05,10:17:10.270558542,T,IBM,I,3,300.5
2025-11-05,10:17:10.271256105,T,IBM,F I,11,300.45
2025-11-05,10:17:10.271607998,T,IBM,I,8,300.5
2025-11-05,10:17:10.271607998,T,IBM,I,2,300.54
2025-11-05,10:17:16.695233324,T,IBM,I,5,300.5
2025-11-05,10:17:39.059119935,T,IBM,F I,2,300.39
2025-11-05,10:17:39.059119935,T,IBM,F I,28,300.39
2025-11-05,10:17:39.059462496,T,IBM,F I,5,300.38
2025-11-05,10:17:39.059817353,T,IBM,I,35,300.38
2025-11-05,10:17:42.001306097,T,IBM,I,18,300.25
2025-11-05,10:17:42.002800639,T,IBM,F I,1,300.25
2025-11-05,10:17:44.384593866,T,IBM,,40,300.32
2025-11-05,10:17:45.005379805,T,IBM,I,8,300.27
2025-11-05,10:17:45.005698571,T,IBM,F I,2,300.26
2025-11-05,10:17:45.005752768,T,IBM,F I,10,300.21
2025-11-05,10:17:45.005752768,T,IBM,F I,10,300.21
2025-11-05,10:17:45.006856258,T,IBM,F I,3,300.16
2025-11-05,10:17:45.006859311,T,IBM,F,51,300.16
2025-11-05,10:17:45.007671220,T,IBM,F,97,300.15
2025-11-05,10:17:45.007674186,T,IBM,F,51,300.15
2025-11-05,10:17:45.041393524,T,IBM,,40,300.11
2025-11-05,10:17:46.170098122,T,IBM,I,5,300.14
2025-11-05,10:17:46.170098122,T,IBM,I,2,300.16
2025-11-05,10:17:46.170100491,T,IBM,I,22,300.16
2025-11-05,10:17:47.002578333,T,IBM,I,4,300.07
2025-11-05,10:17:49.967171696,T,IBM,F I,36,300.07
2025-11-05,10:17:49.967174107,T,IBM,F,51,300.07
2025-11-05,10:17:49.967174107,T,IBM,F I,1,300.07
2025-11-05,10:17:49.967228179,T,IBM,I,12,300.08
2025-11-05,10:17:51.967590272,T,IBM,I,14,300.09
2025-11-05,10:17:52.688640820,T,IBM,F I,29,300.09
2025-11-05,10:18:01.265659488,T,IBM,I,7,300.09
2025-11-05,10:18:04.012058668,T,IBM,,40,300.01
2025-11-05,10:18:04.012062835,T,IBM,I,2,300.01
2025-11-05,10:18:04.012119151,T,IBM,F I,1,300.0
2025-11-05,10:18:04.012122197,T,IBM,F,50,300.0
2025-11-05,10:18:04.012125020,T,IBM,F I,2,300.0
2025-11-05,10:18:04.012125020,T,IBM,F I,12,300.0
2025-11-05,10:18:04.012127782,T,IBM,F I,2,300.0
2025-11-05,10:18:04.012130794,T,IBM,I,8,300.04
2025-11-05,10:18:04.012392455,T,IBM,I,1,300.01
2025-11-05,10:18:04.012398513,T,IBM,I,1,300.01
2025-11-05,10:18:04.014034342,T,IBM,F,100,299.94
2025-11-05,10:18:04.014037627,T,IBM,F I,9,299.94
2025-11-05,10:18:04.014037627,T,IBM,F I,20,299.94
2025-11-05,10:18:04.014109902,T,IBM,F I,1,299.91
2025-11-05,10:18:04.014109902,T,IBM,F I,1,299.91
2025-11-05,10:18:04.115862943,T,IBM,F,78,300.04
2025-11-05,10:18:04.115865846,T,IBM,I,22,300.04
2025-11-05,10:18:04.115865846,T,IBM,I,10,300.04
2025-11-05,10:18:04.115905264,T,IBM,F,100,300.03
2025-11-05,10:18:04.115905264,T,IBM,F I,8,300.06
2025-11-05,10:18:04.115908182,T,IBM,F I,5,300.06
2025-11-05,10:18:04.115908182,T,IBM,F I,19,300.06
2025-11-05,10:18:04.115910953,T,IBM,F,40,300.06
2025-11-05,10:18:04.115913935,T,IBM,F I,8,300.06
2025-11-05,10:18:04.115916971,T,IBM,F,46,300.06
2025-11-05,10:18:04.115925884,T,IBM,I,1,300.06
2025-11-05,10:18:04.115932452,T,IBM,I,26,300.06
2025-11-05,10:18:04.115935015,T,IBM,I,4,300.06
2025-11-05,10:18:04.115986088,T,IBM,F I,6,300.07
2025-11-05,10:18:04.116431137,T,IBM,,40,300.17
2025-11-05,10:18:04.117543845,T,IBM,,80,300.17
2025-11-05,10:18:04.117567823,T,IBM,I,20,300.17
2025-11-05,10:18:04.117655070,T,IBM,I,6,300.18
2025-11-05,10:18:04.117916644,T,IBM,I,4,300.18
2025-11-05,10:18:04.154661128,T,IBM,F I,13,300.14
2025-11-05,10:18:04.154661128,T,IBM,F I,21,300.11
2025-11-05,10:18:04.240140013,T,IBM,,50,300.2
2025-11-05,10:18:04.240142990,T,IBM,,100,300.21
2025-11-05,10:18:04.240142990,T,IBM,,45,300.22
2025-11-05,10:18:04.240145649,T,IBM,I,2,300.24
2025-11-05,10:18:04.240148952,T,IBM,I,2,300.25
2025-11-05,10:18:04.240148952,T,IBM,I,2,300.25
2025-11-05,10:18:04.240151865,T,IBM,I,5,300.25
2025-11-05,10:18:04.240154830,T,IBM,I,20,300.25
2025-11-05,10:18:04.240154830,T,IBM,,100,300.25
2025-11-05,10:18:04.240157668,T,IBM,I,1,300.26
2025-11-05,10:18:04.241045281,T,IBM,F I,39,300.26
2025-11-05,10:18:04.241048404,T,IBM,F I,7,300.26
2025-11-05,10:18:04.241050975,T,IBM,F,80,300.26
2025-11-05,10:18:04.241050975,T,IBM,F,178,300.26
2025-11-05,10:18:04.241958964,T,IBM,,40,300.165
2025-11-05,10:18:06.103282088,T,IBM,I,2,300.23
2025-11-05,10:18:06.103285466,T,IBM,I,2,300.24
2025-11-05,10:18:06.103291148,T,IBM,I,22,300.26
2025-11-05,10:18:06.103291148,T,IBM,,174,300.26
2025-11-05,10:18:06.103300188,T,IBM,F I,27,300.26
2025-11-05,10:18:15.153618721,T,IBM,F I,10,300.32
2025-11-05,10:18:38.911324078,T,IBM,F I,13,300.43
2025-11-05,10:18:38.911324078,T,IBM,F I,2,300.43
2025-11-05,10:18:38.911326005,T,IBM,F I,17,300.43
2025-11-05,10:18:38.911329103,T,IBM,F I,14,300.48
2025-11-05,10:18:38.911332015,T,IBM,F,40,300.43
2025-11-05,10:18:38.911335032,T,IBM,F I,4,300.54
2025-11-05,10:18:38.911343995,T,IBM,F I,8,300.54
2025-11-05,10:18:38.911374262,T,IBM,F I,17,300.54
2025-11-05,10:18:38.911377223,T,IBM,F I,15,300.54
2025-11-05,10:18:38.911386230,T,IBM,F I,8,300.57
2025-11-05,10:18:38.911401157,T,IBM,F I,31,300.6
2025-11-05,10:18:38.911434234,T,IBM,F I,7,300.63
2025-11-05,10:18:38.912029626,T,IBM,I,1,300.68
2025-11-05,10:18:38.912056730,T,IBM,F,42,300.68
2025-11-05,10:18:38.912128897,T,IBM,I,22,300.59
2025-11-05,10:18:38.912721269,T,IBM,F I,1,300.76
2025-11-05,10:18:38.912802451,T,IBM,,100,300.67
2025-11-05,10:18:40.277950402,T,IBM,I,2,300.72
2025-11-05,10:18:40.277950402,T,IBM,I,5,300.73
2025-11-05,10:18:43.280553418,T,IBM,F I,2,300.69
2025-11-05,10:18:49.599794353,T,IBM,F I,9,300.89
2025-11-05,10:18:52.060287958,T,IBM,,40,300.8
2025-11-05,10:18:52.062278647,T,IBM,I,7,300.83
2025-11-05,10:18:55.165389997,T,IBM,,40,300.85
2025-11-05,10:18:56.060501006,T,IBM,F I,1,300.87
2025-11-05,10:19:01.689595867,T,IBM,F I,12,300.88
2025-11-05,10:19:04.334350123,T,IBM,I,7,300.85
2025-11-05,10:19:07.528346769,T,IBM,I,7,300.85
2025-11-05,10:19:07.528470153,T,IBM,I,30,300.85
2025-11-05,10:19:07.707173534,T,IBM,F I,1,300.8
2025-11-05,10:19:16.244597063,T,IBM,I,6,300.84
2025-11-05,10:19:17.460954021,T,IBM,F,45,300.85
2025-11-05,10:19:17.460954021,T,IBM,F I,2,300.85
2025-11-05,10:19:17.460956777,T,IBM,F I,10,300.85
2025-11-05,10:19:17.461010899,T,IBM,F I,2,300.86
2025-11-05,10:19:33.207111693,T,IBM,F I,6,300.81
2025-11-05,10:19:40.169616863,T,IBM,F I,6,300.74
2025-11-05,10:19:40.169710122,T,IBM,F,40,300.73
2025-11-05,10:19:40.169710122,T,IBM,F I,10,300.73
2025-11-05,10:19:40.169713138,T,IBM,F I,20,300.73
2025-11-05,10:19:40.169716106,T,IBM,F I,10,300.73
2025-11-05,10:19:45.584322459,T,IBM,F I,2,300.61
2025-11-05,10:19:45.584325376,T,IBM,F I,5,300.61
2025-11-05,10:19:45.584325376,T,IBM,F I,2,300.59
2025-11-05,10:19:45.584328845,T,IBM,F I,1,300.58
2025-11-05,10:19:45.584331440,T,IBM,F I,30,300.57
2025-11-05,10:19:45.584343394,T,IBM,I,1,300.57
2025-11-05,10:19:45.585765792,T,IBM,F I,9,300.57
2025-11-05,10:19:53.509620673,T,IBM,F I,3,300.45
2025-11-05,10:20:01.270770063,T,IBM,F I,2,300.53
2025-11-05,10:20:01.270770063,T,IBM,F I,2,300.53
2025-11-05,10:20:01.270773266,T,IBM,F I,2,300.54
2025-11-05,10:20:01.270773266,T,IBM,F I,4,300.55
2025-11-05,10:20:01.664440317,T,IBM,,40,300.58
2025-11-05,10:20:01.664602693,T,IBM,,40,300.58
2025-11-05,10:20:01.664897690,T,IBM,F I,1,300.6
2025-11-05,10:20:01.664897690,T,IBM,F I,12,300.6
2025-11-05,10:20:01.664900597,T,IBM,I,13,300.6
2025-11-05,10:20:01.664900597,T,IBM,F I,13,300.6
2025-11-05,10:20:04.201318812,T,IBM,I,5,300.73
2025-11-05,10:20:04.201318812,T,IBM,I,1,300.74
2025-11-05,10:20:04.201340090,T,IBM,F I,2,300.75
2025-11-05,10:20:33.984621155,T,IBM,F I,2,300.64
2025-11-05,10:20:33.984621155,T,IBM,F I,1,300.63
2025-11-05,10:20:33.984626925,T,IBM,F,40,300.62
2025-11-05,10:20:33.984639119,T,IBM,I,1,300.62
2025-11-05,10:20:33.984642027,T,IBM,F I,2,300.62
2025-11-05,10:20:33.984642027,T,IBM,F I,7,300.62
2025-11-05,10:20:34.600417991,T,IBM,I,2,300.67
2025-11-05,10:20:34.600417991,T,IBM,I,3,300.67
2025-11-05,10:20:35.645321498,T,IBM,F I,11,300.61
2025-11-05,10:20:35.645339530,T,IBM,F,69,300.61
2025-11-05,10:21:12.941986563,T,IBM,F I,13,300.685
2025-11-05,10:21:16.709559788,T,IBM,F I,3,300.54
2025-11-05,10:21:16.709842488,T,IBM,I,3,300.51
2025-11-05,10:21:16.709893626,T,IBM,I,5,300.5
2025-11-05,10:21:19.327866053,T,IBM,F,57,300.565
2025-11-05,10:21:19.328016492,T,IBM,F I,2,300.69
2025-11-05,10:21:19.328016492,T,IBM,F I,1,300.69
2025-11-05,10:21:19.328022521,T,IBM,I,4,300.69
2025-11-05,10:21:19.328022521,T,IBM,I,10,300.69
2025-11-05,10:21:19.328026241,T,IBM,I,13,300.69
2025-11-05,10:21:22.150490682,T,IBM,F I,1,300.65
2025-11-05,10:21:22.150526772,T,IBM,F,40,300.65
2025-11-05,10:21:25.904839069,T,IBM,I,1,300.57
2025-11-05,10:21:25.906269901,T,IBM,I,2,300.57
2025-11-05,10:21:25.906874284,T,IBM,I,1,300.57
2025-11-05,10:21:25.906964529,T,IBM,F I,36,300.57
2025-11-05,10:21:25.906967555,T,IBM,F I,3,300.57
2025-11-05,10:21:34.409883946,T,IBM,I,2,300.69
2025-11-05,10:21:34.409883946,T,IBM,I,2,300.7
2025-11-05,10:21:37.640799596,T,IBM,F I,1,300.69
2025-11-05,10:21:37.671412847,T,IBM,I,30,300.66
2025-11-05,10:21:37.671412847,T,IBM,I,2,300.64
2025-11-05,10:21:37.671415534,T,IBM,I,2,300.61
2025-11-05,10:22:10.342733892,T,IBM,I,2,300.76
2025-11-05,10:22:10.342733892,T,IBM,I,2,300.76
2025-11-05,10:22:10.342736360,T,IBM,I,4,300.77
2025-11-05,10:22:18.812703211,T,IBM,I,8,300.78
2025-11-05,10:22:18.813762866,T,IBM,F,65,300.78
2025-11-05,10:22:18.813762866,T,IBM,F I,14,300.79
2025-11-05,10:22:18.813767851,T,IBM,F I,25,300.79
2025-11-05,10:22:18.813767851,T,IBM,F,49,300.79
2025-11-05,10:22:18.813767851,T,IBM,F I,1,300.79
2025-11-05,10:22:18.813767851,T,IBM,F I,5,300.79
2025-11-05,10:22:18.813770769,T,IBM,F I,10,300.79
2025-11-05,10:22:18.814056375,T,IBM,F,100,300.79
2025-11-05,10:22:20.088301030,T,IBM,F I,1,300.72
2025-11-05,10:22:20.088301030,T,IBM,F,79,300.72
2025-11-05,10:22:20.126594182,T,IBM,I,1,300.76
2025-11-05,10:22:20.146703046,T,IBM,F,47,300.76
2025-11-05,10:22:20.146880644,T,IBM,I,3,300.76
2025-11-05,10:22:20.146880644,T,IBM,,49,300.76
2025-11-05,10:22:20.147021847,T,IBM,I,1,300.76
2025-11-05,10:22:20.147641253,T,IBM,F,50,300.76
2025-11-05,10:22:25.576405278,T,IBM,F,80,300.71
2025-11-05,10:22:25.576408230,T,IBM,F I,3,300.71
2025-11-05,10:22:26.624069331,T,IBM,I,2,300.68
2025-11-05,10:22:26.624069331,T,IBM,I,5,300.71
2025-11-05,10:22:26.624072337,T,IBM,I,1,300.71
2025-11-05,10:22:34.915113600,T,IBM,F I,5,300.67
2025-11-05,10:22:35.326772629,T,IBM,I,8,300.72
2025-11-05,10:22:43.748925952,T,IBM,F I,2,300.87
2025-11-05,10:22:43.748925952,T,IBM,F I,3,300.87
2025-11-05,10:22:43.748956060,T,IBM,F,40,300.79
2025-11-05,10:22:43.748956060,T,IBM,F I,1,300.87
2025-11-05,10:22:43.748958956,T,IBM,F,40,300.87
2025-11-05,10:22:43.748963188,T,IBM,F I,22,300.87
2025-11-05,10:22:43.748965189,T,IBM,F I,18,300.87
2025-11-05,10:22:43.748965189,T,IBM,F I,1,300.87
2025-11-05,10:22:43.748983802,T,IBM,F I,4,300.88
2025-11-05,10:22:43.748986571,T,IBM,F I,1,300.88
2025-11-05,10:22:52.836085173,T,IBM,F I,22,301.01
2025-11-05,10:22:53.372027495,T,IBM,F I,2,301.05
2025-11-05,10:22:53.372027495,T,IBM,F I,1,301.07
2025-11-05,10:22:53.429208187,T,IBM,F I,1,301.06
2025-11-05,10:22:53.863213407,T,IBM,F I,2,301.07
2025-11-05,10:22:58.077289713,T,IBM,F I,10,301.17
2025-11-05,10:22:58.077951664,T,IBM,F,40,301.07
2025-11-05,10:23:01.836409871,T,IBM,I,1,301.22
2025-11-05,10:23:08.434471437,T,IBM,F I,10,301.07
2025-11-05,10:23:08.434471437,T,IBM,F I,3,301.07
2025-11-05,10:23:09.917241461,T,IBM,F I,1,301.02
2025-11-05,10:23:09.917247519,T,IBM,F I,1,301.01
2025-11-05,10:23:09.917247519,T,IBM,F I,39,301.01
2025-11-05,10:23:09.917262557,T,IBM,I,1,301.01
2025-11-05,10:23:09.917608358,T,IBM,F I,3,300.94
2025-11-05,10:23:09.917740668,T,IBM,F I,37,300.94
2025-11-05,10:23:09.918032361,T,IBM,F I,1,300.86
2025-11-05,10:23:09.918074520,T,IBM,F I,1,300.86
2025-11-05,10:23:39.509279940,T,IBM,F I,6,301.0
2025-11-05,10:24:02.059860392,T,IBM,F,40,300.89
2025-11-05,10:24:02.060470814,T,IBM,F I,5,300.85
2025-11-05,10:24:04.335819631,T,IBM,I,13,300.89
2025-11-05,10:24:06.434344657,T,IBM,I,19,300.86
2025-11-05,10:24:14.012391308,T,IBM,I,1,300.815
2025-11-05,10:24:14.012457428,T,IBM,,62,300.815
2025-11-05,10:24:15.226324302,T,IBM,I,10,300.71
2025-11-05,10:24:19.253580684,T,IBM,I,2,300.68
2025-11-05,10:24:19.254073858,T,IBM,F I,3,300.72
2025-11-05,10:24:33.780008820,T,IBM,F I,39,300.85
2025-11-05,10:24:33.780008820,T,IBM,F I,22,300.85
2025-11-05,10:24:33.780011204,T,IBM,F I,5,300.85
2025-11-05,10:24:33.781066634,T,IBM,I,1,300.85
2025-11-05,10:24:33.781087750,T,IBM,I,8,300.85
2025-11-05,10:24:33.781093763,T,IBM,I,7,300.85
2025-11-05,10:24:33.781096813,T,IBM,I,10,300.85
2025-11-05,10:24:34.805016364,T,IBM,F I,8,301.03
2025-11-05,10:25:02.658616134,T,IBM,I,1,300.93
2025-11-05,10:25:02.659112265,T,IBM,F,99,300.93
2025-11-05,10:25:04.498537296,T,IBM,I,5,300.89
2025-11-05,10:25:04.498537296,T,IBM,I,2,300.87
2025-11-05,10:25:04.498540366,T,IBM,I,33,300.87
2025-11-05,10:25:05.003334647,T,IBM,I,2,300.97
2025-11-05,10:25:05.003334647,T,IBM,I,5,300.97
2025-11-05,10:25:05.003337120,T,IBM,I,2,301.0
2025-11-05,10:25:05.720138505,T,IBM,F I,2,300.96
2025-11-05,10:25:18.287354077,T,IBM,F I,1,300.82
2025-11-05,10:25:18.289528131,T,IBM,F,40,300.79
2025-11-05,10:25:29.774629315,T,IBM,I,10,300.87
2025-11-05,10:25:38.169877629,T,IBM,,40,300.68
2025-11-05,10:25:38.170277691,T,IBM,I,16,300.68
2025-11-05,10:25:40.651932413,T,IBM,F I,5,300.75
2025-11-05,10:25:45.523683339,T,IBM,I,11,300.67
2025-11-05,10:25:51.109974704,T,IBM,I,3,300.67
2025-11-05,10:25:55.721963935,T,IBM,I,10,300.67
2025-11-05,10:25:55.722000027,T,IBM,F I,16,300.67
2025-11-05,10:25:55.722003059,T,IBM,F I,5,300.65
2025-11-05,10:26:01.501750831,T,IBM,F I,3,300.61
2025-11-05,10:26:08.202557873,T,IBM,,100,300.65
2025-11-05,10:26:11.863512897,T,IBM,F I,12,300.77
2025-11-05,10:26:11.863515452,T,IBM,F I,16,300.77
2025-11-05,10:26:11.863515452,T,IBM,F I,12,300.77
2025-11-05,10:26:11.863563530,T,IBM,F,40,300.77
2025-11-05,10:26:11.865175390,T,IBM,I,3,300.68
2025-11-05,10:26:20.360249328,T,IBM,F I,15,300.83
2025-11-05,10:26:20.360249328,T,IBM,F I,17,300.83
2025-11-05,10:26:20.360252082,T,IBM,F I,5,300.83
2025-11-05,10:26:20.360718268,T,IBM,I,3,300.84
2025-11-05,10:26:20.360733398,T,IBM,I,18,300.84
2025-11-05,10:26:20.360736260,T,IBM,I,10,300.84
2025-11-05,10:26:20.362348169,T,IBM,I,2,300.84
2025-11-05,10:26:20.362378237,T,IBM,I,38,300.84
2025-11-05,10:26:20.362411239,T,IBM,I,7,300.83
2025-11-05,10:26:20.362432306,T,IBM,I,30,300.83
2025-11-05,10:26:21.892231346,T,IBM,I,5,300.87
2025-11-05,10:26:21.892231346,T,IBM,I,2,300.88
2025-11-05,10:26:21.892234169,T,IBM,,100,300.88
2025-11-05,10:26:21.892237249,T,IBM,I,5,300.89
2025-11-05,10:26:21.892237249,T,IBM,I,8,300.89
2025-11-05,10:26:45.277003267,T,IBM,F I,14,300.7
2025-11-05,10:26:45.277240810,T,IBM,I,14,300.7
2025-11-05,10:26:45.277496449,T,IBM,F I,1,300.7
2025-11-05,10:27:01.043360406,T,IBM,,40,300.82
2025-11-05,10:27:01.043778371,T,IBM,,40,300.755
2025-11-05,10:27:07.959291701,T,IBM,I,2,300.74
2025-11-05,10:27:07.959296872,T,IBM,,98,300.71
2025-11-05,10:27:09.520189776,T,IBM,F I,17,300.86
2025-11-05,10:27:09.520193489,T,IBM,F I,1,300.86
2025-11-05,10:27:09.520196734,T,IBM,F,40,300.86
2025-11-05,10:27:09.520202207,T,IBM,F I,20,300.87
2025-11-05,10:27:09.520202207,T,IBM,F I,13,300.87
2025-11-05,10:27:09.520202207,T,IBM,F I,8,300.87
2025-11-05,10:27:09.520340124,T,IBM,F I,27,300.89
2025-11-05,10:27:09.520340124,T,IBM,F I,1,300.89
2025-11-05,10:27:09.520635074,T,IBM,F I,1,300.89
2025-11-05,10:27:09.520635074,T,IBM,F I,1,300.89
2025-11-05,10:27:09.520637838,T,IBM,F I,1,300.89
2025-11-05,10:27:09.522646778,T,IBM,I,25,300.865
2025-11-05,10:27:09.522649666,T,IBM,I,15,300.865
2025-11-05,10:27:20.762736709,T,IBM,F I,30,300.95
2025-11-05,10:27:20.762739512,T,IBM,F I,1,300.96
2025-11-05,10:27:20.762757535,T,IBM,F I,30,300.96
