DATE,TIME_M,EX,SYM_ROOT,TR_SCOND,SIZE,PRICE
2025-10-31,9:30:00.368816492,T,IBM,I,25,311.8
2025-10-31,9:30:00.368825602,T,IBM,Q,25,311.8
2025-10-31,9:30:00.368849643,T,IBM,F I,75,311.8
2025-10-31,9:30:01.067451818,T,IBM,I,3,311.175
2025-10-31,9:30:01.067481856,T,IBM,I,13,311.175
2025-10-31,9:30:02.697307998,T,IBM,I,7,311.21
2025-10-31,9:30:10.095054897,T,IBM,I,16,311.07
2025-10-31,9:30:10.233916465,T,IBM,F I,5,311.24
2025-10-31,9:30:14.297854495,T,IBM,F I,1,311.33
2025-10-31,9:30:24.595816765,T,IBM,F I,12,311.39
2025-10-31,9:30:24.596201721,T,IBM,F I,1,311.56
2025-10-31,9:30:24.596252790,T,IBM,F I,1,311.51
2025-10-31,9:30:24.596255831,T,IBM,F I,74,311.25
2025-10-31,9:30:24.596740008,T,IBM,F I,2,311.64
2025-10-31,9:30:24.596754955,T,IBM,F I,2,311.64
2025-10-31,9:30:24.596758754,T,IBM,F I,1,311.64
2025-10-31,9:30:24.596758754,T,IBM,F I,22,311.64
2025-10-31,9:30:24.596761000,T,IBM,F I,11,311.64
2025-10-31,9:30:24.596764303,T,IBM,F I,5,311.61
2025-10-31,9:30:24.596764303,T,IBM,F I,9,311.53
2025-10-31,9:30:24.597888694,T,IBM,F I,2,311.53
2025-10-31,9:30:25.675501230,T,IBM,F I,10,311.84
2025-10-31,9:30:25.675501230,T,IBM,F I,5,311.84
2025-10-31,9:30:28.732837846,T,IBM,I,15,312.09
2025-10-31,9:30:28.732955085,T,IBM,F I,15,312.09
2025-10-31,9:30:28.733012228,T,IBM,F I,15,312.09
2025-10-31,9:30:28.733018236,T,IBM,F I,25,312.09
2025-10-31,9:30:28.733069303,T,IBM,F I,1,312.09
2025-10-31,9:30:28.733117415,T,IBM,I,15,312.09
2025-10-31,9:30:30.016927756,T,IBM,I,5,311.94
2025-10-31,9:30:30.016931852,T,IBM,I,12,311.94
2025-10-31,9:30:30.016931852,T,IBM,I,12,311.93
2025-10-31,9:30:30.016931852,T,IBM,I,5,311.93
2025-10-31,9:30:30.016936815,T,IBM,I,25,311.84
2025-10-31,9:30:30.016936815,T,IBM,I,3,311.755
2025-10-31,9:30:30.016939774,T,IBM,I,1,311.755
2025-10-31,9:30:43.608653578,T,IBM,I,5,311.83
2025-10-31,9:30:43.608653578,T,IBM,I,12,311.79
2025-10-31,9:30:43.608656905,T,IBM,I,5,311.79
2025-10-31,9:30:43.608658782,T,IBM,I,5,311.78
2025-10-31,9:30:43.608658782,T,IBM,I,2,311.755
2025-10-31,9:30:49.610894298,T,IBM,F I,5,311.98
2025-10-31,9:31:01.662890411,T,IBM,F I,25,311.93
2025-10-31,9:31:15.533607496,T,IBM,I,75,312.22
2025-10-31,9:31:15.533628807,T,IBM,,128,312.25
2025-10-31,9:31:15.533664918,T,IBM,I,1,312.12
2025-10-31,9:31:15.533682616,T,IBM,F I,74,312.12
2025-10-31,9:31:15.533682616,T,IBM,F I,51,312.1
2025-10-31,9:31:15.533885021,T,IBM,F I,25,312.33
2025-10-31,9:31:15.533887773,T,IBM,F I,20,312.33
2025-10-31,9:31:15.533890068,T,IBM,F,155,312.34
2025-10-31,9:31:15.533893121,T,IBM,F I,45,312.34
2025-10-31,9:31:15.533893121,T,IBM,F I,20,312.34
2025-10-31,9:31:15.536677780,T,IBM,I,73,312.34
2025-10-31,9:31:31.199547420,T,IBM,,100,312.01
2025-10-31,9:31:31.203207103,T,IBM,,100,312.01
2025-10-31,9:31:31.951448454,T,IBM,F,100,312.09
2025-10-31,9:31:37.549834550,T,IBM,I,5,312.01
2025-10-31,9:31:54.532393035,T,IBM,F,100,312.01
2025-10-31,9:32:19.014237956,T,IBM,F I,39,312.5
2025-10-31,9:32:19.030356434,T,IBM,F I,30,312.5
2025-10-31,9:32:19.044643445,T,IBM,F I,1,312.46
2025-10-31,9:32:19.044652521,T,IBM,F I,4,312.46
2025-10-31,9:32:19.044652521,T,IBM,F I,1,312.41
2025-10-31,9:32:19.044658564,T,IBM,F I,5,312.4
2025-10-31,9:32:19.044658564,T,IBM,F I,12,312.4
2025-10-31,9:32:28.573918727,T,IBM,F I,8,312.7
2025-10-31,9:32:28.573918727,T,IBM,F I,80,312.7
2025-10-31,9:32:29.877044164,T,IBM,I,10,312.67
2025-10-31,9:32:29.877071267,T,IBM,I,43,312.67
2025-10-31,9:32:29.878003478,T,IBM,I,43,312.665
2025-10-31,9:32:29.878108713,T,IBM,I,43,312.665
2025-10-31,9:32:29.878352219,T,IBM,I,10,312.62
2025-10-31,9:32:29.878595818,T,IBM,I,43,312.62
2025-10-31,9:32:29.878598833,T,IBM,I,10,312.81
2025-10-31,9:32:29.878674029,T,IBM,F I,2,312.72
2025-10-31,9:32:29.878716159,T,IBM,F I,1,312.72
2025-10-31,9:32:29.879681476,T,IBM,I,19,312.48
2025-10-31,9:32:29.887211459,T,IBM,F,100,312.655
2025-10-31,9:32:29.893971586,T,IBM,I,20,312.62
2025-10-31,9:32:29.894007515,T,IBM,F I,1,312.62
2025-10-31,9:32:38.354942469,T,IBM,I,12,312.64
2025-10-31,9:32:38.354942469,T,IBM,I,12,312.64
2025-10-31,9:32:38.354944645,T,IBM,I,10,312.57
2025-10-31,9:32:38.354947461,T,IBM,I,5,312.51
2025-10-31,9:32:38.354947461,T,IBM,I,61,312.46
2025-10-31,9:32:38.421303492,T,IBM,I,80,312.5
2025-10-31,9:32:43.652873273,T,IBM,F I,12,312.64
2025-10-31,9:32:43.652876213,T,IBM,F I,48,312.57
2025-10-31,9:32:45.924358638,T,IBM,F I,12,312.52
2025-10-31,9:32:45.924360951,T,IBM,F I,5,312.52
2025-10-31,9:32:45.924363953,T,IBM,F I,40,312.52
2025-10-31,9:33:02.131099261,T,IBM,I,16,313.0
2025-10-31,9:33:02.133074906,T,IBM,I,30,312.99
2025-10-31,9:33:22.714637370,T,IBM,F I,17,313.095
2025-10-31,9:33:37.256315109,T,IBM,F I,38,313.34
2025-10-31,9:33:37.256386884,T,IBM,F I,41,313.34
2025-10-31,9:33:37.256389904,T,IBM,F I,10,313.34
2025-10-31,9:33:37.256393082,T,IBM,F I,11,313.34
2025-10-31,9:33:37.256393082,T,IBM,F I,10,313.35
2025-10-31,9:33:37.256398889,T,IBM,F I,11,313.35
2025-10-31,9:33:37.256398889,T,IBM,I,17,313.35
2025-10-31,9:33:40.858031273,T,IBM,,300,313.35
2025-10-31,9:33:56.347895793,T,IBM,F I,30,313.31
2025-10-31,9:34:05.434118043,T,IBM,I,88,313.15
2025-10-31,9:34:05.434141614,T,IBM,F I,60,313.11
2025-10-31,9:34:05.434141614,T,IBM,F I,15,313.1
2025-10-31,9:34:05.434144441,T,IBM,F I,12,313.1
2025-10-31,9:34:05.434154357,T,IBM,F I,88,313.1
2025-10-31,9:34:05.434154357,T,IBM,F,300,313.1
2025-10-31,9:34:05.434157618,T,IBM,F,100,313.1
2025-10-31,9:34:05.434159492,T,IBM,F I,27,313.1
2025-10-31,9:34:05.434165491,T,IBM,F I,73,313.1
2025-10-31,9:34:05.434258759,T,IBM,I,15,313.1
2025-10-31,9:34:05.434303825,T,IBM,I,35,313.1
2025-10-31,9:34:17.543024258,T,IBM,I,10,312.875
2025-10-31,9:34:17.543024258,T,IBM,I,25,312.9
2025-10-31,9:34:17.543026884,T,IBM,I,5,312.93
2025-10-31,9:34:17.543029902,T,IBM,I,24,312.93
2025-10-31,9:34:50.049213945,T,IBM,F I,7,312.79
2025-10-31,9:34:57.146560363,T,IBM,I,10,312.69
2025-10-31,9:34:57.146563886,T,IBM,I,10,312.69
2025-10-31,9:34:57.146566473,T,IBM,I,10,312.69
2025-10-31,9:34:57.146566473,T,IBM,I,10,312.69
2025-10-31,9:34:57.146569469,T,IBM,I,4,312.69
2025-10-31,9:35:06.354661951,T,IBM,I,5,312.78
2025-10-31,9:35:19.503886192,T,IBM,I,18,312.81
2025-10-31,9:35:19.503889498,T,IBM,I,25,312.795
2025-10-31,9:35:19.503889498,T,IBM,I,57,312.795
2025-10-31,9:35:20.262448096,T,IBM,F I,60,313.07
2025-10-31,9:35:20.262451162,T,IBM,F I,21,313.07
2025-10-31,9:35:20.262562373,T,IBM,I,19,313.07
2025-10-31,9:35:20.262562373,T,IBM,I,34,313.07
2025-10-31,9:35:20.262625518,T,IBM,I,10,313.07
2025-10-31,9:35:20.262625518,T,IBM,I,1,313.07
2025-10-31,9:35:20.262634617,T,IBM,I,61,313.08
2025-10-31,9:35:20.262634617,T,IBM,I,1,313.08
2025-10-31,9:35:20.262638968,T,IBM,I,10,313.08
2025-10-31,9:35:20.262638968,T,IBM,I,2,313.08
2025-10-31,9:35:20.262643657,T,IBM,I,15,313.08
2025-10-31,9:35:20.262667691,T,IBM,F I,3,313.08
2025-10-31,9:35:20.262689093,T,IBM,F I,35,313.08
2025-10-31,9:35:20.262691661,T,IBM,F I,3,313.11
2025-10-31,9:35:20.262694689,T,IBM,F I,19,313.11
2025-10-31,9:35:20.262709804,T,IBM,I,1,313.11
2025-10-31,9:35:20.262724751,T,IBM,F I,2,313.06
2025-10-31,9:35:20.262724751,T,IBM,F I,30,313.11
2025-10-31,9:35:20.262769948,T,IBM,F I,4,313.12
2025-10-31,9:35:20.262866143,T,IBM,F I,24,313.06
2025-10-31,9:35:20.263055588,T,IBM,F I,16,313.06
2025-10-31,9:35:20.263058551,T,IBM,F I,8,313.06
2025-10-31,9:35:20.263208900,T,IBM,I,22,313.08
2025-10-31,9:35:20.264535097,T,IBM,F I,10,312.93
2025-10-31,9:35:23.694813701,T,IBM,F I,20,312.68
2025-10-31,9:35:23.694813701,T,IBM,F I,5,312.68
2025-10-31,9:35:23.694837602,T,IBM,F I,64,312.68
2025-10-31,9:35:23.694858590,T,IBM,F I,31,312.67
2025-10-31,9:35:23.694861573,T,IBM,F I,69,312.67
2025-10-31,9:35:24.756064052,T,IBM,F I,13,312.55
2025-10-31,9:35:24.756205713,T,IBM,F,100,312.52
2025-10-31,9:35:24.756205713,T,IBM,I,81,312.51
2025-10-31,9:35:24.756220344,T,IBM,F I,19,312.51
2025-10-31,9:35:24.756229443,T,IBM,F,100,312.5
2025-10-31,9:35:24.756271566,T,IBM,F I,16,312.48
2025-10-31,9:35:24.756274488,T,IBM,F I,18,312.48
2025-10-31,9:35:24.756277537,T,IBM,F I,19,312.46
2025-10-31,9:35:24.756316610,T,IBM,F I,81,312.46
2025-10-31,9:35:24.756566292,T,IBM,,100,312.51
2025-10-31,9:35:24.756569138,T,IBM,I,10,312.51
2025-10-31,9:35:24.756572218,T,IBM,I,75,312.51
2025-10-31,9:35:24.756572218,T,IBM,I,15,312.51
2025-10-31,9:35:24.756594157,T,IBM,F I,35,312.51
2025-10-31,9:35:24.756596228,T,IBM,F I,25,312.515
2025-10-31,9:35:24.756599217,T,IBM,F I,25,312.52
2025-10-31,9:35:24.756617522,T,IBM,I,1,312.52
2025-10-31,9:35:24.756617522,T,IBM,I,1,312.52
2025-10-31,9:35:28.482373325,T,IBM,I,25,312.55
2025-10-31,9:35:28.482373325,T,IBM,I,25,312.54
2025-10-31,9:35:28.482376402,T,IBM,I,25,312.5
2025-10-31,9:35:28.482379171,T,IBM,I,10,312.5
2025-10-31,9:35:28.482379171,T,IBM,I,15,312.5
2025-10-31,9:35:28.482595696,T,IBM,F I,25,312.41
2025-10-31,9:35:28.482619665,T,IBM,F,239,312.41
2025-10-31,9:35:28.482622682,T,IBM,F I,1,312.41
2025-10-31,9:35:28.482644440,T,IBM,F I,1,312.4
2025-10-31,9:35:30.180988071,T,IBM,F I,25,312.38
2025-10-31,9:35:36.023188559,T,IBM,I,40,312.445
2025-10-31,9:35:37.490826300,T,IBM,F,100,312.55
2025-10-31,9:35:44.320394352,T,IBM,F I,25,312.56
2025-10-31,9:35:46.061428292,T,IBM,F I,16,312.5
2025-10-31,9:35:56.029992260,T,IBM,I,16,312.44
2025-10-31,9:36:08.020452733,T,IBM,I,16,312.39
2025-10-31,9:36:08.855249169,T,IBM,F I,25,312.34
2025-10-31,9:36:13.051830905,T,IBM,I,25,312.29
2025-10-31,9:36:13.051830905,T,IBM,I,25,312.27
2025-10-31,9:36:13.051833141,T,IBM,I,25,312.23
2025-10-31,9:36:13.051835809,T,IBM,I,25,312.23
2025-10-31,9:36:13.051980130,T,IBM,F I,4,312.21
2025-10-31,9:36:13.052001191,T,IBM,F I,12,312.21
2025-10-31,9:36:13.987570533,T,IBM,F I,25,312.28
2025-10-31,9:36:20.567267666,T,IBM,I,25,312.2
2025-10-31,9:36:20.567270739,T,IBM,I,75,312.15
2025-10-31,9:36:20.567881162,T,IBM,I,25,312.06
2025-10-31,9:36:20.567914213,T,IBM,F,100,312.08
2025-10-31,9:36:20.568010470,T,IBM,F,103,312.07
2025-10-31,9:36:20.568016629,T,IBM,F I,72,312.07
2025-10-31,9:36:20.568016629,T,IBM,F I,31,312.05
2025-10-31,9:36:20.568076622,T,IBM,F I,72,312.05
2025-10-31,9:36:20.568098109,T,IBM,F I,1,312.05
2025-10-31,9:36:20.568166877,T,IBM,F I,23,312.16
2025-10-31,9:36:20.568371348,T,IBM,I,72,312.08
2025-10-31,9:36:20.572031033,T,IBM,,100,312.08
2025-10-31,9:36:20.572031033,T,IBM,I,25,312.08
2025-10-31,9:36:20.572033997,T,IBM,I,43,312.06
2025-10-31,9:36:20.575023113,T,IBM,I,57,312.06
2025-10-31,9:36:20.594127643,T,IBM,I,18,312.05
2025-10-31,9:36:20.594154767,T,IBM,I,5,312.05
2025-10-31,9:36:20.594157899,T,IBM,I,22,312.05
2025-10-31,9:36:20.594157899,T,IBM,I,36,312.05
2025-10-31,9:36:20.594160712,T,IBM,I,5,312.05
2025-10-31,9:36:22.460996138,T,IBM,F I,25,312.27
2025-10-31,9:36:26.797226323,T,IBM,,100,312.22
2025-10-31,9:36:26.801523483,T,IBM,I,1,312.14
2025-10-31,9:36:26.804043505,T,IBM,I,34,312.02
2025-10-31,9:36:31.168450687,T,IBM,F I,25,312.27
2025-10-31,9:36:31.168489850,T,IBM,F I,50,312.27
2025-10-31,9:36:31.168504858,T,IBM,F I,4,312.37
2025-10-31,9:36:31.168682264,T,IBM,F I,50,312.38
2025-10-31,9:36:31.168908050,T,IBM,I,50,312.37
2025-10-31,9:36:31.169115355,T,IBM,F I,4,312.37
2025-10-31,9:36:31.169214487,T,IBM,F I,4,312.37
2025-10-31,9:36:31.169350184,T,IBM,F I,42,312.37
2025-10-31,9:36:37.442013069,T,IBM,F I,3,312.44
2025-10-31,9:36:37.442106274,T,IBM,,125,312.455
2025-10-31,9:36:43.762643410,T,IBM,F I,10,312.535
2025-10-31,9:36:43.762646466,T,IBM,F,115,312.535
2025-10-31,9:36:43.762700523,T,IBM,F I,35,312.535
2025-10-31,9:36:43.762700523,T,IBM,F I,3,312.54
2025-10-31,9:36:47.204947462,T,IBM,I,62,312.615
2025-10-31,9:36:48.750666365,T,IBM,I,14,312.91
2025-10-31,9:36:48.751909347,T,IBM,F I,20,312.94
2025-10-31,9:36:48.751909347,T,IBM,F I,10,313.0
2025-10-31,9:36:48.751914437,T,IBM,F I,5,313.0
2025-10-31,9:36:48.751914437,T,IBM,F I,4,313.0
2025-10-31,9:36:48.751917313,T,IBM,I,20,313.0
2025-10-31,9:36:48.751917313,T,IBM,I,19,313.0
2025-10-31,9:36:48.751932294,T,IBM,F I,36,313.0
2025-10-31,9:36:48.751932294,T,IBM,I,1,313.0
2025-10-31,9:36:49.471717766,T,IBM,I,11,313.08
2025-10-31,9:36:49.471723365,T,IBM,I,25,313.04
2025-10-31,9:36:49.471723365,T,IBM,I,5,313.03
2025-10-31,9:36:49.471726047,T,IBM,I,25,313.01
2025-10-31,9:36:49.471726047,T,IBM,I,34,312.99
2025-10-31,9:36:49.471906303,T,IBM,F I,11,313.06
2025-10-31,9:36:49.472023601,T,IBM,F I,25,312.99
2025-10-31,9:36:49.472050710,T,IBM,F I,25,312.99
2025-10-31,9:36:57.352428327,T,IBM,I,25,312.85
2025-10-31,9:36:58.518655855,T,IBM,,100,312.945
2025-10-31,9:37:12.177443176,T,IBM,,100,312.97
2025-10-31,9:37:12.177497249,T,IBM,,100,312.97
2025-10-31,9:37:14.671018488,T,IBM,I,75,312.86
2025-10-31,9:37:14.671021526,T,IBM,I,10,312.83
2025-10-31,9:37:14.671021526,T,IBM,I,25,312.83
2025-10-31,9:37:14.671024496,T,IBM,I,90,312.82
2025-10-31,9:37:14.671189933,T,IBM,F,116,312.78
2025-10-31,9:37:30.750219963,T,IBM,F I,27,312.54
2025-10-31,9:37:32.487230324,T,IBM,F I,10,312.62
2025-10-31,9:37:32.487230324,T,IBM,F I,25,312.63
2025-10-31,9:37:40.889208821,T,IBM,I,20,312.86
2025-10-31,9:37:40.889208821,T,IBM,I,10,312.87
2025-10-31,9:37:40.889560581,T,IBM,I,10,312.9
2025-10-31,9:37:40.889563488,T,IBM,I,10,312.9
2025-10-31,9:37:40.889659703,T,IBM,F I,9,312.9
2025-10-31,9:37:40.889714255,T,IBM,F I,11,312.9
2025-10-31,9:37:40.889714255,T,IBM,F I,20,312.9
2025-10-31,9:37:40.889719954,T,IBM,F,400,312.9
2025-10-31,9:37:41.490393889,T,IBM,F I,15,312.95
2025-10-31,9:37:48.481286981,T,IBM,F I,17,313.05
2025-10-31,9:37:51.346183404,T,IBM,I,45,313.02
2025-10-31,9:37:51.346324851,T,IBM,F I,45,313.01
2025-10-31,9:37:51.346328153,T,IBM,F I,87,313.0
2025-10-31,9:37:51.346351856,T,IBM,I,13,313.0
2025-10-31,9:37:51.346351856,T,IBM,I,32,313.0
2025-10-31,9:37:53.443472348,T,IBM,,100,312.96
2025-10-31,9:37:53.449985866,T,IBM,,100,312.96
2025-10-31,9:38:03.338487251,T,IBM,F I,10,312.97
2025-10-31,9:38:05.772057780,T,IBM,F I,2,313.08
2025-10-31,9:38:05.772060853,T,IBM,F I,25,313.14
2025-10-31,9:38:05.772060853,T,IBM,F I,53,313.16
2025-10-31,9:38:14.005292490,T,IBM,I,25,313.04
2025-10-31,9:38:14.005292490,T,IBM,I,2,313.03
2025-10-31,9:38:20.838324759,T,IBM,I,75,313.015
2025-10-31,9:38:21.227983417,T,IBM,F I,2,313.13
2025-10-31,9:38:21.227986399,T,IBM,F I,3,313.14
2025-10-31,9:38:22.629704355,T,IBM,I,2,312.98
2025-10-31,9:38:22.629708137,T,IBM,I,13,312.94
2025-10-31,9:38:22.629708137,T,IBM,I,19,312.93
2025-10-31,9:38:22.629749545,T,IBM,I,34,312.9
2025-10-31,9:38:22.629752499,T,IBM,I,66,312.74
2025-10-31,9:38:22.629809954,T,IBM,I,10,313.02
2025-10-31,9:38:22.629809954,T,IBM,I,45,313.03
2025-10-31,9:38:22.629809954,T,IBM,I,13,313.04
2025-10-31,9:38:22.630038142,T,IBM,I,10,313.05
2025-10-31,9:38:22.630080317,T,IBM,I,10,312.91
2025-10-31,9:38:22.630173881,T,IBM,I,7,313.03
2025-10-31,9:38:22.630799082,T,IBM,I,3,313.03
2025-10-31,9:38:22.630952529,T,IBM,I,25,312.97
2025-10-31,9:38:22.630988494,T,IBM,,100,312.97
2025-10-31,9:38:22.631307260,T,IBM,I,6,313.03
2025-10-31,9:38:22.631430492,T,IBM,,100,312.97
2025-10-31,9:38:22.631520723,T,IBM,F I,19,312.97
2025-10-31,9:38:22.631628965,T,IBM,F I,15,312.97
2025-10-31,9:38:22.631677522,T,IBM,I,11,313.09
2025-10-31,9:38:22.632031936,T,IBM,F I,11,312.98
2025-10-31,9:38:22.636275515,T,IBM,F I,13,313.03
2025-10-31,9:38:22.636278291,T,IBM,F I,7,313.0
2025-10-31,9:38:22.636281050,T,IBM,F I,19,313.0
2025-10-31,9:38:22.636299050,T,IBM,F I,13,313.0
2025-10-31,9:38:22.636356358,T,IBM,I,3,313.08
2025-10-31,9:38:22.636356358,T,IBM,I,10,313.08
2025-10-31,9:38:22.636479566,T,IBM,I,23,313.08
2025-10-31,9:38:22.642406614,T,IBM,I,4,313.0
2025-10-31,9:38:22.642406614,T,IBM,I,60,312.95
2025-10-31,9:38:22.696114486,T,IBM,,100,312.94
2025-10-31,9:38:22.696150704,T,IBM,,100,312.94
2025-10-31,9:38:22.730191650,T,IBM,,100,312.94
2025-10-31,9:38:22.730227701,T,IBM,,100,312.94
2025-10-31,9:38:24.718356789,T,IBM,F,100,312.8
2025-10-31,9:38:24.718356789,T,IBM,F I,10,312.75
2025-10-31,9:38:26.649749836,T,IBM,,100,312.61
2025-10-31,9:38:26.659183298,T,IBM,,100,312.61
2025-10-31,9:38:27.390987541,T,IBM,,100,312.605
2025-10-31,9:38:33.720248553,T,IBM,I,10,312.51
2025-10-31,9:38:33.722795602,T,IBM,I,2,312.4
2025-10-31,9:38:33.729519709,T,IBM,F I,2,312.73
2025-10-31,9:38:33.729579786,T,IBM,F I,2,312.73
2025-10-31,9:38:33.729627959,T,IBM,F I,2,312.73
2025-10-31,9:38:33.729654973,T,IBM,F I,2,312.73
2025-10-31,9:38:37.761199702,T,IBM,I,25,312.68
2025-10-31,9:38:37.761202635,T,IBM,I,2,312.68
2025-10-31,9:38:37.761217720,T,IBM,I,41,312.72
2025-10-31,9:38:37.761233318,T,IBM,I,41,312.72
2025-10-31,9:38:37.761235747,T,IBM,I,1,312.72
2025-10-31,9:38:39.165618109,T,IBM,F I,25,312.58
2025-10-31,9:38:41.332922864,T,IBM,F I,2,312.58
2025-10-31,9:38:51.867166281,T,IBM,,150,312.54
2025-10-31,9:38:51.867196396,T,IBM,,150,312.54
2025-10-31,9:38:51.869701379,T,IBM,,125,312.54
2025-10-31,9:38:51.872293535,T,IBM,,121,312.54
2025-10-31,9:38:51.918188781,T,IBM,,100,312.585
2025-10-31,9:38:51.920723855,T,IBM,,125,312.585
2025-10-31,9:38:57.309552761,T,IBM,F,100,312.36
2025-10-31,9:38:57.312105917,T,IBM,I,10,312.4
2025-10-31,9:38:57.312202292,T,IBM,F I,25,312.46
2025-10-31,9:38:57.312223131,T,IBM,F I,75,312.45
2025-10-31,9:38:57.312229113,T,IBM,F I,5,312.46
2025-10-31,9:38:57.312265367,T,IBM,F I,20,312.51
2025-10-31,9:38:57.312265367,T,IBM,F I,25,312.48
2025-10-31,9:39:02.450023565,T,IBM,F I,25,312.51
2025-10-31,9:39:02.450026652,T,IBM,F I,2,312.54
2025-10-31,9:39:15.380020168,T,IBM,F I,2,312.48
2025-10-31,9:39:15.380020168,T,IBM,F I,8,312.56
2025-10-31,9:39:16.117143781,T,IBM,I,25,312.41
2025-10-31,9:39:16.117150546,T,IBM,I,25,312.4
2025-10-31,9:39:16.117150546,T,IBM,I,25,312.39
2025-10-31,9:39:16.117152877,T,IBM,I,2,312.38
2025-10-31,9:39:16.117155864,T,IBM,I,23,312.38
2025-10-31,9:39:16.117336234,T,IBM,F I,25,312.29
2025-10-31,9:39:16.117345259,T,IBM,F I,25,312.29
2025-10-31,9:39:16.117360282,T,IBM,F I,25,312.33
2025-10-31,9:39:16.117378447,T,IBM,F I,25,312.28
2025-10-31,9:39:16.117417515,T,IBM,F,100,312.36
2025-10-31,9:39:16.117420456,T,IBM,F I,25,312.37
2025-10-31,9:39:16.123416701,T,IBM,I,95,312.43
2025-10-31,9:39:20.362233067,T,IBM,I,25,312.62
2025-10-31,9:39:20.362263158,T,IBM,F I,5,312.61
2025-10-31,9:39:20.362263158,T,IBM,F I,20,312.64
2025-10-31,9:39:21.753931154,T,IBM,F,100,312.63
2025-10-31,9:39:22.112180072,T,IBM,,100,312.59
2025-10-31,9:39:22.114796353,T,IBM,,155,312.59
2025-10-31,9:39:22.120783537,T,IBM,,100,312.59
2025-10-31,9:39:22.127137764,T,IBM,,100,312.59
2025-10-31,9:39:22.134706720,T,IBM,,100,312.59
2025-10-31,9:39:22.168804870,T,IBM,,150,312.59
2025-10-31,9:39:22.168831961,T,IBM,,100,312.59
2025-10-31,9:39:22.171421102,T,IBM,,141,312.59
2025-10-31,9:39:22.184117400,T,IBM,,100,312.59
2025-10-31,9:39:22.184150539,T,IBM,I,54,312.59
2025-10-31,9:39:22.265202397,T,IBM,,100,312.59
2025-10-31,9:39:22.268705735,T,IBM,,100,312.59
2025-10-31,9:39:22.271935431,T,IBM,,190,312.59
2025-10-31,9:39:22.285236155,T,IBM,,100,312.59
2025-10-31,9:39:22.285272231,T,IBM,,100,312.59
2025-10-31,9:39:25.432923427,T,IBM,F I,10,312.66
2025-10-31,9:39:25.433058014,T,IBM,F I,10,312.69
2025-10-31,9:39:25.433106493,T,IBM,F I,10,312.69
2025-10-31,9:39:25.433157310,T,IBM,F I,10,312.7
2025-10-31,9:39:25.433250559,T,IBM,F I,10,312.71
2025-10-31,9:39:25.433319636,T,IBM,F,600,312.71
2025-10-31,9:39:25.433566310,T,IBM,I,10,312.76
2025-10-31,9:39:25.433677541,T,IBM,F I,17,312.67
2025-10-31,9:39:31.413338144,T,IBM,,100,312.38
2025-10-31,9:39:31.414462882,T,IBM,,100,312.38
2025-10-31,9:39:31.428849069,T,IBM,I,2,312.4
2025-10-31,9:39:31.428948261,T,IBM,I,2,312.5
2025-10-31,9:39:31.775806093,T,IBM,I,32,312.2
2025-10-31,9:39:34.570112436,T,IBM,,100,312.345
2025-10-31,9:39:37.307079205,T,IBM,F I,30,312.43
2025-10-31,9:39:37.307081446,T,IBM,F I,45,312.45
2025-10-31,9:39:37.307081446,T,IBM,F I,94,312.5
2025-10-31,9:39:43.547973891,T,IBM,F I,2,312.43
2025-10-31,9:39:43.547973891,T,IBM,F I,10,312.43
2025-10-31,9:39:43.547979986,T,IBM,F I,25,312.49
2025-10-31,9:39:43.547979986,T,IBM,F I,25,312.53
2025-10-31,9:39:43.547983036,T,IBM,F I,14,312.55
2025-10-31,9:39:43.547985785,T,IBM,F I,45,312.56
2025-10-31,9:39:43.547985785,T,IBM,F I,36,312.57
2025-10-31,9:39:50.905277163,T,IBM,I,10,312.38
2025-10-31,9:39:50.905281037,T,IBM,I,2,312.38
2025-10-31,9:39:50.905283348,T,IBM,I,25,312.38
2025-10-31,9:39:50.905286223,T,IBM,I,30,312.37
2025-10-31,9:39:50.905286223,T,IBM,I,33,312.345
2025-10-31,9:39:50.914779863,T,IBM,I,40,312.3
2025-10-31,9:39:55.670442551,T,IBM,I,10,312.39
2025-10-31,9:39:55.670445519,T,IBM,I,90,312.36
2025-10-31,9:39:59.464693845,T,IBM,F I,10,312.53
2025-10-31,9:39:59.464693845,T,IBM,F I,25,312.55
2025-10-31,9:39:59.464698485,T,IBM,F,100,312.57
2025-10-31,9:39:59.464701391,T,IBM,F I,10,312.59
2025-10-31,9:39:59.464701391,T,IBM,F I,5,312.59
2025-10-31,9:39:59.686981611,T,IBM,I,10,312.44
2025-10-31,9:39:59.686981611,T,IBM,I,10,312.43
2025-10-31,9:39:59.686987664,T,IBM,I,25,312.41
2025-10-31,9:39:59.686987664,T,IBM,I,25,312.39
2025-10-31,9:39:59.686987664,T,IBM,I,25,312.38
2025-10-31,9:39:59.686990662,T,IBM,I,5,312.36
2025-10-31,9:39:59.687453746,T,IBM,F I,1,312.345
2025-10-31,9:39:59.696445086,T,IBM,I,40,312.19
2025-10-31,9:40:00.696764631,T,IBM,,100,312.345
2025-10-31,9:40:00.696809741,T,IBM,,100,312.345
2025-10-31,9:40:00.700307029,T,IBM,,152,312.345
2025-10-31,9:40:00.845853542,T,IBM,I,75,312.3
2025-10-31,9:40:00.845856623,T,IBM,I,25,312.29
2025-10-31,9:40:06.286135731,T,IBM,I,10,312.18
2025-10-31,9:40:06.286138674,T,IBM,I,25,312.14
2025-10-31,9:40:06.286141019,T,IBM,I,10,312.14
2025-10-31,9:40:06.286141019,T,IBM,I,55,312.11
2025-10-31,9:40:06.286177200,T,IBM,I,40,312.11
2025-10-31,9:40:06.286390597,T,IBM,F I,24,312.1
2025-10-31,9:40:06.286408808,T,IBM,I,1,312.1
2025-10-31,9:40:06.286522929,T,IBM,F I,1,312.1
2025-10-31,9:40:06.286748489,T,IBM,I,14,312.1
2025-10-31,9:40:06.286751465,T,IBM,I,2,312.1
2025-10-31,9:40:06.286814710,T,IBM,F I,56,312.3
2025-10-31,9:40:06.286863078,T,IBM,I,10,312.34
2025-10-31,9:40:06.286863078,T,IBM,I,10,312.38
2025-10-31,9:40:06.286865821,T,IBM,I,7,312.42
2025-10-31,9:40:06.299423699,T,IBM,,100,312.375
2025-10-31,9:40:06.299447778,T,IBM,,100,312.375
2025-10-31,9:40:06.416017265,T,IBM,I,6,312.375
2025-10-31,9:40:08.116520733,T,IBM,F I,10,312.4
2025-10-31,9:40:12.219196789,T,IBM,,100,312.375
2025-10-31,9:40:14.127323453,T,IBM,,200,312.45
2025-10-31,9:40:14.127323453,T,IBM,F I,26,312.45
2025-10-31,9:40:14.127326419,T,IBM,F I,32,312.45
2025-10-31,9:40:14.127329682,T,IBM,F,200,312.45
2025-10-31,9:40:14.127332429,T,IBM,I,69,312.45
2025-10-31,9:40:14.127335990,T,IBM,,131,312.45
2025-10-31,9:40:14.127338522,T,IBM,I,69,312.45
2025-10-31,9:40:14.127341534,T,IBM,,131,312.45
2025-10-31,9:40:14.127344514,T,IBM,,200,312.45
2025-10-31,9:40:14.127344514,T,IBM,I,1,312.45
2025-10-31,9:40:14.127354669,T,IBM,,100,312.45
2025-10-31,9:40:14.127356781,T,IBM,,100,312.45
2025-10-31,9:40:14.127359593,T,IBM,,100,312.45
2025-10-31,9:40:14.127359593,T,IBM,,200,312.45
2025-10-31,9:40:14.127363156,T,IBM,,200,312.45
2025-10-31,9:40:14.127363156,T,IBM,F,200,312.45
2025-10-31,9:40:14.127366237,T,IBM,F I,69,312.45
2025-10-31,9:40:14.127366237,T,IBM,,100,312.45
2025-10-31,9:40:14.127369334,T,IBM,F I,48,312.45
2025-10-31,9:40:14.127369334,T,IBM,,100,312.45
2025-10-31,9:40:14.127374536,T,IBM,I,10,312.48
2025-10-31,9:40:14.127374536,T,IBM,F I,10,312.48
2025-10-31,9:40:14.127377652,T,IBM,,200,312.45
2025-10-31,9:40:14.127380558,T,IBM,F,200,312.45
2025-10-31,9:40:14.127392539,T,IBM,,200,312.45
2025-10-31,9:40:14.127396106,T,IBM,,200,312.45
2025-10-31,9:40:14.127414032,T,IBM,F,100,312.48
2025-10-31,9:40:14.127425679,T,IBM,I,28,312.45
2025-10-31,9:40:14.127443888,T,IBM,I,10,312.49
2025-10-31,9:40:14.127497953,T,IBM,F I,4,312.47
2025-10-31,9:40:14.127527981,T,IBM,I,3,312.47
2025-10-31,9:40:14.127527981,T,IBM,I,4,312.46
2025-10-31,9:40:14.127531446,T,IBM,,172,312.45
2025-10-31,9:40:14.127531446,T,IBM,I,21,312.45
2025-10-31,9:40:14.127615138,T,IBM,F,200,312.45
2025-10-31,9:40:14.127654253,T,IBM,F,120,312.45
2025-10-31,9:40:14.127678226,T,IBM,I,80,312.45
2025-10-31,9:40:14.127711294,T,IBM,,200,312.45
2025-10-31,9:40:14.127711294,T,IBM,,577,312.45
2025-10-31,9:40:14.127732395,T,IBM,F I,1,312.45
2025-10-31,9:40:14.127774628,T,IBM,,199,312.45
2025-10-31,9:40:14.127774628,T,IBM,I,30,312.45
2025-10-31,9:40:14.127777550,T,IBM,I,1,312.45
2025-10-31,9:40:14.127925586,T,IBM,,200,312.45
2025-10-31,9:40:14.127927870,T,IBM,,117,312.45
2025-10-31,9:40:14.127936884,T,IBM,I,17,312.46
2025-10-31,9:40:14.127945860,T,IBM,I,40,312.46
2025-10-31,9:40:14.127948925,T,IBM,I,1,312.46
2025-10-31,9:40:14.127997038,T,IBM,F I,42,312.46
2025-10-31,9:40:14.128000071,T,IBM,F,471,312.45
2025-10-31,9:40:14.128000071,T,IBM,F I,45,312.45
2025-10-31,9:40:14.128027074,T,IBM,,155,312.45
2025-10-31,9:40:14.128060207,T,IBM,I,10,312.57
2025-10-31,9:40:14.128069245,T,IBM,I,10,312.57
2025-10-31,9:40:14.128111325,T,IBM,I,10,312.64
2025-10-31,9:40:14.129972791,T,IBM,I,20,312.6
2025-10-31,9:40:14.130183239,T,IBM,F,100,312.65
2025-10-31,9:40:14.130183239,T,IBM,F I,45,312.65
2025-10-31,9:40:14.130189200,T,IBM,F I,20,312.68
2025-10-31,9:40:14.130189200,T,IBM,F I,41,312.69
2025-10-31,9:40:14.130208022,T,IBM,F I,59,312.69
2025-10-31,9:40:14.130208022,T,IBM,F I,1,312.69
2025-10-31,9:40:14.130211005,T,IBM,F I,5,312.69
2025-10-31,9:40:14.130211005,T,IBM,F I,55,312.69
2025-10-31,9:40:14.130213347,T,IBM,F I,45,312.69
2025-10-31,9:40:14.130264424,T,IBM,I,3,312.72
2025-10-31,9:40:14.130267457,T,IBM,I,4,312.72
2025-10-31,9:40:14.131031309,T,IBM,I,8,312.69
2025-10-31,9:40:14.131139734,T,IBM,I,45,312.65
2025-10-31,9:40:14.131139734,T,IBM,,100,312.71
2025-10-31,9:40:14.131142514,T,IBM,I,59,312.72
2025-10-31,9:40:14.131142514,T,IBM,I,65,312.72
2025-10-31,9:40:14.131208645,T,IBM,I,40,312.7
2025-10-31,9:40:14.131211946,T,IBM,I,45,312.71
2025-10-31,9:40:14.131214744,T,IBM,I,35,312.72
2025-10-31,9:40:14.131214744,T,IBM,I,17,312.72
2025-10-31,9:40:14.131235787,T,IBM,I,85,312.72
2025-10-31,9:40:14.131551440,T,IBM,F I,30,312.68
2025-10-31,9:40:14.131554473,T,IBM,F I,10,312.66
2025-10-31,9:40:14.131554473,T,IBM,F I,4,312.66
2025-10-31,9:40:14.131575515,T,IBM,I,1,312.66
2025-10-31,9:40:14.131584552,T,IBM,I,23,312.66
2025-10-31,9:40:14.131587584,T,IBM,I,7,312.66
2025-10-31,9:40:14.216404499,T,IBM,I,10,312.96
2025-10-31,9:40:14.216551864,T,IBM,F I,90,312.96
2025-10-31,9:40:14.217207425,T,IBM,F I,1,313.14
2025-10-31,9:40:17.224697359,T,IBM,F I,2,313.28
2025-10-31,9:40:17.224697359,T,IBM,F I,9,313.28
2025-10-31,9:40:17.224700508,T,IBM,F I,25,313.28
2025-10-31,9:40:17.224700508,T,IBM,F I,4,313.29
2025-10-31,9:40:17.224721727,T,IBM,F,100,313.33
2025-10-31,9:40:17.224739426,T,IBM,I,1,313.29
2025-10-31,9:40:17.224751507,T,IBM,F I,99,313.29
2025-10-31,9:40:17.225076387,T,IBM,F I,1,313.48
2025-10-31,9:40:17.225109941,T,IBM,F,199,313.48
2025-10-31,9:40:17.240003767,T,IBM,F I,48,313.44
2025-10-31,9:40:17.240024840,T,IBM,I,1,313.44
2025-10-31,9:40:17.240028415,T,IBM,I,1,313.44
2025-10-31,9:40:17.240070040,T,IBM,F I,24,313.44
2025-10-31,9:40:17.240072919,T,IBM,F I,64,313.44
2025-10-31,9:40:17.776065983,T,IBM,I,25,313.3
2025-10-31,9:40:17.776069341,T,IBM,I,25,313.28
2025-10-31,9:40:17.776069341,T,IBM,I,10,313.26
2025-10-31,9:40:17.776072437,T,IBM,I,25,313.25
2025-10-31,9:40:17.776074968,T,IBM,I,10,313.24
2025-10-31,9:40:17.776074968,T,IBM,I,5,313.23
2025-10-31,9:40:17.776369626,T,IBM,F I,25,313.17
2025-10-31,9:40:17.776526026,T,IBM,I,5,313.17
2025-10-31,9:40:17.788635839,T,IBM,I,60,313.01
2025-10-31,9:40:17.788789982,T,IBM,F I,25,313.04
2025-10-31,9:40:17.788789982,T,IBM,F I,5,313.04
2025-10-31,9:40:17.788795878,T,IBM,F I,20,313.0
2025-10-31,9:40:17.788810318,T,IBM,F I,80,313.0
2025-10-31,9:40:17.788816312,T,IBM,F I,25,313.06
2025-10-31,9:40:17.788816312,T,IBM,F I,25,313.07
2025-10-31,9:40:17.788879901,T,IBM,F,212,313.0
2025-10-31,9:40:17.788921541,T,IBM,F I,10,313.02
2025-10-31,9:40:17.814202683,T,IBM,I,48,312.97
2025-10-31,9:40:17.823365561,T,IBM,I,20,312.89
2025-10-31,9:40:17.856952481,T,IBM,I,54,313.145
2025-10-31,9:40:25.353189680,T,IBM,I,25,313.06
2025-10-31,9:40:25.353189680,T,IBM,I,25,313.04
2025-10-31,9:40:25.353195759,T,IBM,I,25,313.0
2025-10-31,9:40:25.353195759,T,IBM,I,25,312.99
2025-10-31,9:40:33.760463943,T,IBM,I,10,312.97
2025-10-31,9:40:33.760463943,T,IBM,I,25,312.97
2025-10-31,9:40:33.760469694,T,IBM,I,25,312.96
2025-10-31,9:40:33.760469694,T,IBM,I,40,312.93
2025-10-31,9:40:33.760514858,T,IBM,I,7,312.86
2025-10-31,9:40:37.027327001,T,IBM,F I,2,312.93
2025-10-31,9:40:38.890944639,T,IBM,,200,313.0
2025-10-31,9:40:41.861074469,T,IBM,I,10,312.94
2025-10-31,9:40:41.861074469,T,IBM,I,25,312.93
2025-10-31,9:40:41.861076578,T,IBM,I,65,312.86
2025-10-31,9:40:46.692378351,T,IBM,I,75,312.78
2025-10-31,9:40:46.692381591,T,IBM,I,10,312.78
2025-10-31,9:40:46.692381591,T,IBM,I,15,312.77
2025-10-31,9:40:51.673087930,T,IBM,I,10,312.89
2025-10-31,9:40:51.673087930,T,IBM,I,25,312.845
2025-10-31,9:40:53.245230678,T,IBM,,100,312.845
2025-10-31,9:40:57.567005783,T,IBM,I,1,312.83
2025-10-31,9:40:57.567008381,T,IBM,I,75,312.78
2025-10-31,9:40:57.567011428,T,IBM,I,24,312.76
2025-10-31,9:40:57.567188794,T,IBM,F I,25,312.76
2025-10-31,9:40:57.567212872,T,IBM,F I,5,312.76
2025-10-31,9:40:57.567216116,T,IBM,F I,20,312.74
2025-10-31,9:40:57.567267553,T,IBM,F I,25,312.86
2025-10-31,9:40:57.567273015,T,IBM,F I,75,312.86
2025-10-31,9:40:57.567420444,T,IBM,F I,25,313.05
2025-10-31,9:40:57.567438464,T,IBM,I,25,313.01
2025-10-31,9:40:57.822307206,T,IBM,F I,10,312.98
2025-10-31,9:40:57.822523738,T,IBM,I,10,313.08
2025-10-31,9:40:57.822800383,T,IBM,I,10,313.1
2025-10-31,9:40:57.822971768,T,IBM,F I,25,313.14
2025-10-31,9:40:57.823001905,T,IBM,F I,25,313.13
2025-10-31,9:40:57.823062330,T,IBM,I,25,313.1
2025-10-31,9:40:57.823062330,T,IBM,I,2,313.04
2025-10-31,9:40:57.823083026,T,IBM,F I,25,313.05
2025-10-31,9:40:57.823085984,T,IBM,I,1,313.05
2025-10-31,9:40:58.605927700,T,IBM,F I,25,312.99
2025-10-31,9:41:06.932321835,T,IBM,I,25,313.03
2025-10-31,9:41:06.932321835,T,IBM,I,10,312.98
2025-10-31,9:41:06.932324154,T,IBM,I,25,312.95
2025-10-31,9:41:06.932327135,T,IBM,I,10,312.94
2025-10-31,9:41:06.932330137,T,IBM,I,2,312.93
2025-10-31,9:41:06.932330137,T,IBM,I,25,312.93
2025-10-31,9:41:06.932333099,T,IBM,I,3,312.92
2025-10-31,9:41:06.932642910,T,IBM,F,200,312.85
2025-10-31,9:41:06.932697550,T,IBM,I,68,312.85
2025-10-31,9:41:06.932722029,T,IBM,F I,32,312.85
2025-10-31,9:41:06.932958669,T,IBM,I,9,312.83
2025-10-31,9:41:06.932958669,T,IBM,I,25,312.85
2025-10-31,9:41:12.189295179,T,IBM,I,25,312.99
2025-10-31,9:41:12.192693248,T,IBM,I,10,312.88
2025-10-31,9:41:12.192735426,T,IBM,,100,312.86
2025-10-31,9:41:17.734162847,T,IBM,I,25,312.74
2025-10-31,9:41:17.734162847,T,IBM,I,22,312.69
2025-10-31,9:41:22.606560427,T,IBM,I,15,312.63
2025-10-31,9:41:22.606897791,T,IBM,I,25,312.72
2025-10-31,9:41:22.606897791,T,IBM,,100,312.72
2025-10-31,9:41:22.606903208,T,IBM,I,25,312.74
2025-10-31,9:41:22.606903208,T,IBM,I,17,312.78
2025-10-31,9:41:22.607086610,T,IBM,I,3,312.77
2025-10-31,9:41:22.607757340,T,IBM,I,3,312.79
2025-10-31,9:41:22.607757340,T,IBM,I,3,312.79
2025-10-31,9:41:22.607862525,T,IBM,I,50,312.79
2025-10-31,9:41:22.608127211,T,IBM,,100,312.85
2025-10-31,9:41:22.608127211,T,IBM,I,29,312.89
2025-10-31,9:41:22.608253405,T,IBM,I,16,312.89
2025-10-31,9:41:22.608253405,T,IBM,,100,312.91
2025-10-31,9:41:22.608256419,T,IBM,I,10,312.93
2025-10-31,9:41:22.608259750,T,IBM,I,3,312.94
2025-10-31,9:41:22.608263147,T,IBM,I,17,312.94
2025-10-31,9:41:22.608263147,T,IBM,I,20,312.94
2025-10-31,9:41:22.608266208,T,IBM,I,19,312.95
2025-10-31,9:41:22.608266208,T,IBM,I,10,312.95
2025-10-31,9:41:22.608271428,T,IBM,I,63,312.95
2025-10-31,9:41:22.608403896,T,IBM,I,37,312.95
2025-10-31,9:41:22.608887895,T,IBM,I,19,312.85
2025-10-31,9:41:22.608891206,T,IBM,I,29,312.82
2025-10-31,9:41:22.608891206,T,IBM,I,8,312.82
2025-10-31,9:41:22.608893896,T,IBM,I,25,312.82
2025-10-31,9:41:22.608896921,T,IBM,I,10,312.78
2025-10-31,9:41:22.608896921,T,IBM,I,75,312.78
2025-10-31,9:41:22.608936379,T,IBM,F I,3,312.82
2025-10-31,9:41:22.608939458,T,IBM,F I,16,312.82
2025-10-31,9:41:22.608942687,T,IBM,F I,81,312.82
2025-10-31,9:41:22.609062356,T,IBM,I,26,312.82
2025-10-31,9:41:22.609071336,T,IBM,I,29,312.82
2025-10-31,9:41:22.609633732,T,IBM,I,25,312.73
2025-10-31,9:41:22.609636719,T,IBM,I,76,312.65
2025-10-31,9:41:22.609862235,T,IBM,F I,11,312.82
2025-10-31,9:41:22.609916378,T,IBM,F I,11,312.82
2025-10-31,9:41:22.610704305,T,IBM,I,10,312.7
2025-10-31,9:41:22.610707203,T,IBM,I,23,312.68
2025-10-31,9:41:22.610758417,T,IBM,I,23,312.79
2025-10-31,9:41:22.611041266,T,IBM,I,23,312.82
2025-10-31,9:41:22.611044008,T,IBM,I,22,312.82
2025-10-31,9:41:22.611047069,T,IBM,I,26,312.82
2025-10-31,9:41:23.279743160,T,IBM,I,25,312.65
2025-10-31,9:41:23.279743160,T,IBM,I,75,312.65
2025-10-31,9:41:32.546586436,T,IBM,F I,10,312.69
2025-10-31,9:41:36.049156892,T,IBM,,100,312.765
2025-10-31,9:41:36.054560774,T,IBM,I,10,312.63
2025-10-31,9:41:36.054563808,T,IBM,I,25,312.61
2025-10-31,9:41:36.054563808,T,IBM,I,65,312.6
2025-10-31,9:41:47.465725061,T,IBM,,100,312.77
2025-10-31,9:41:52.561512399,T,IBM,I,10,312.63
2025-10-31,9:41:52.561515412,T,IBM,I,26,312.59
2025-10-31,9:41:52.561530401,T,IBM,,100,312.59
2025-10-31,9:41:52.561533401,T,IBM,I,1,312.59
2025-10-31,9:41:52.561551915,T,IBM,I,66,312.59
2025-10-31,9:41:52.561560480,T,IBM,F I,7,312.59
2025-10-31,9:41:52.562612948,T,IBM,I,11,312.68
2025-10-31,9:41:52.562703417,T,IBM,F I,2,312.63
2025-10-31,9:41:52.575913661,T,IBM,,100,312.765
2025-10-31,9:41:52.598286898,T,IBM,,100,312.765
2025-10-31,9:42:07.991444091,T,IBM,I,9,312.59
2025-10-31,9:42:08.795254639,T,IBM,I,75,312.57
2025-10-31,9:42:18.719544173,T,IBM,I,25,312.56
2025-10-31,9:42:25.932804636,T,IBM,I,25,312.44
2025-10-31,9:42:25.932807612,T,IBM,I,21,312.43
2025-10-31,9:42:25.932846683,T,IBM,,100,312.4
2025-10-31,9:42:25.933222607,T,IBM,F I,46,312.39
2025-10-31,9:42:25.933689041,T,IBM,I,10,312.55
2025-10-31,9:42:25.933689041,T,IBM,I,60,312.62
2025-10-31,9:42:25.933691809,T,IBM,I,25,312.62
2025-10-31,9:42:25.933694732,T,IBM,I,29,312.62
2025-10-31,9:42:25.933890193,T,IBM,F I,6,312.39
2025-10-31,9:42:25.934034515,T,IBM,F I,10,312.51
2025-10-31,9:42:25.934040606,T,IBM,F I,10,312.51
2025-10-31,9:42:25.934046563,T,IBM,F I,30,312.51
2025-10-31,9:42:25.934106819,T,IBM,I,62,312.62
2025-10-31,9:42:25.934380313,T,IBM,F I,5,312.47
2025-10-31,9:42:31.222993322,T,IBM,I,25,312.44
2025-10-31,9:42:31.222995855,T,IBM,I,2,312.44
2025-10-31,9:42:31.222998760,T,IBM,I,10,312.42
2025-10-31,9:42:31.223001792,T,IBM,I,25,312.4
2025-10-31,9:42:31.223061953,T,IBM,F I,18,312.39
2025-10-31,9:42:31.223085962,T,IBM,F I,16,312.39
2025-10-31,9:42:31.223110065,T,IBM,F I,66,312.39
2025-10-31,9:42:31.223113095,T,IBM,F,400,312.39
2025-10-31,9:42:31.223116114,T,IBM,F I,1,312.39
2025-10-31,9:42:36.984826787,T,IBM,,100,312.2
2025-10-31,9:42:36.985214677,T,IBM,I,9,312.35
2025-10-31,9:42:36.985265823,T,IBM,I,13,312.4
2025-10-31,9:42:36.985304875,T,IBM,F I,25,312.4
2025-10-31,9:42:36.985548534,T,IBM,F I,10,312.42
2025-10-31,9:42:40.762747742,T,IBM,,100,312.52
2025-10-31,9:42:46.128899817,T,IBM,,100,312.44
2025-10-31,9:42:46.129122333,T,IBM,F,100,312.36
2025-10-31,9:42:52.424973698,T,IBM,,100,312.5
2025-10-31,9:42:57.223623808,T,IBM,F,100,312.73
2025-10-31,9:43:00.015539439,T,IBM,F,100,312.755
2025-10-31,9:43:00.389648077,T,IBM,F I,8,312.89
2025-10-31,9:43:00.389651047,T,IBM,F I,8,312.89
2025-10-31,9:43:00.389705154,T,IBM,F I,84,312.89
2025-10-31,9:43:00.389708215,T,IBM,F,100,312.9
2025-10-31,9:43:00.389708215,T,IBM,F I,10,312.91
2025-10-31,9:43:00.389711211,T,IBM,F I,16,312.91
2025-10-31,9:43:00.389726245,T,IBM,I,1,312.91
2025-10-31,9:43:00.389744306,T,IBM,F I,64,312.91
2025-10-31,9:43:00.389897702,T,IBM,,100,312.9
2025-10-31,9:43:00.389936838,T,IBM,I,19,312.91
2025-10-31,9:43:00.389936838,T,IBM,I,81,312.91
2025-10-31,9:43:00.389999868,T,IBM,F I,19,312.91
2025-10-31,9:43:00.389999868,T,IBM,F I,1,312.91
2025-10-31,9:43:00.390033087,T,IBM,F I,25,312.91
2025-10-31,9:43:00.390045027,T,IBM,I,4,312.91
2025-10-31,9:43:00.390069076,T,IBM,F,396,312.91
2025-10-31,9:43:01.444806068,T,IBM,I,25,312.8
2025-10-31,9:43:01.449292713,T,IBM,F I,71,312.6
2025-10-31,9:43:01.449855055,T,IBM,I,2,312.63
2025-10-31,9:43:03.248566145,T,IBM,I,17,312.38
2025-10-31,9:43:03.248635373,T,IBM,,100,312.23
2025-10-31,9:43:04.961410929,T,IBM,F I,25,312.18
2025-10-31,9:43:04.961431937,T,IBM,I,26,312.18
2025-10-31,9:43:04.961486078,T,IBM,I,25,312.2
2025-10-31,9:43:04.961489318,T,IBM,I,25,312.2
2025-10-31,9:43:04.961489318,T,IBM,I,7,312.24
2025-10-31,9:43:04.963296457,T,IBM,I,18,312.2
2025-10-31,9:43:13.897211115,T,IBM,I,75,312.15
2025-10-31,9:43:13.897214136,T,IBM,I,10,312.14
2025-10-31,9:43:13.897217140,T,IBM,I,15,312.05
2025-10-31,9:43:13.904317024,T,IBM,,100,312.33
2025-10-31,9:43:13.904344149,T,IBM,I,17,312.33
2025-10-31,9:43:17.786835952,T,IBM,I,66,312.32
2025-10-31,9:43:17.891848989,T,IBM,,100,312.37
2025-10-31,9:43:18.078082320,T,IBM,I,33,312.345
2025-10-31,9:43:22.753808895,T,IBM,,100,312.21
2025-10-31,9:43:22.760397540,T,IBM,I,65,312.2
2025-10-31,9:43:29.500331251,T,IBM,I,25,312.34
2025-10-31,9:43:29.500334427,T,IBM,I,5,312.34
2025-10-31,9:43:29.500337081,T,IBM,I,45,312.345
2025-10-31,9:43:29.500337081,T,IBM,I,25,312.345
2025-10-31,9:43:31.614721746,T,IBM,I,75,312.21
2025-10-31,9:43:31.614742778,T,IBM,I,25,312.21
2025-10-31,9:43:31.614784817,T,IBM,I,28,312.21
2025-10-31,9:43:31.615287080,T,IBM,I,4,312.2
2025-10-31,9:43:31.620970529,T,IBM,I,49,312.08
2025-10-31,9:43:37.890795017,T,IBM,I,25,312.02
2025-10-31,9:43:37.890795017,T,IBM,I,75,312.01
2025-10-31,9:43:37.891020529,T,IBM,F I,25,312.01
2025-10-31,9:43:37.891023494,T,IBM,F I,39,312.0
2025-10-31,9:43:37.891047715,T,IBM,I,61,312.0
2025-10-31,9:43:37.891047715,T,IBM,I,1,312.0
2025-10-31,9:43:37.891050601,T,IBM,I,12,312.0
2025-10-31,9:43:37.891053584,T,IBM,I,1,312.0
2025-10-31,9:43:37.891071686,T,IBM,F I,32,312.0
2025-10-31,9:43:37.891125761,T,IBM,I,28,312.12
2025-10-31,9:43:37.891324188,T,IBM,F I,23,312.12
2025-10-31,9:43:37.891565015,T,IBM,I,9,312.05
2025-10-31,9:43:38.088233164,T,IBM,I,75,312.03
2025-10-31,9:43:38.088233164,T,IBM,I,25,312.02
2025-10-31,9:43:38.088236826,T,IBM,I,25,312.01
2025-10-31,9:43:38.088236826,T,IBM,I,75,312.01
2025-10-31,9:43:38.088732258,T,IBM,F I,20,312.0
2025-10-31,9:43:40.199866240,T,IBM,,100,312.02
2025-10-31,9:43:40.199866240,T,IBM,,100,312.01
2025-10-31,9:43:40.200082601,T,IBM,F I,13,312.0
2025-10-31,9:43:40.200103738,T,IBM,F I,10,312.0
2025-10-31,9:43:40.205612784,T,IBM,I,67,312.14
2025-10-31,9:43:40.205898602,T,IBM,F I,45,312.17
2025-10-31,9:43:40.205898602,T,IBM,F I,25,312.2
2025-10-31,9:43:40.205902142,T,IBM,I,35,312.2
2025-10-31,9:43:40.205902142,T,IBM,I,32,312.21
2025-10-31,9:43:42.102970817,T,IBM,I,10,312.03
2025-10-31,9:43:42.102974093,T,IBM,I,60,312.01
2025-10-31,9:43:42.102976972,T,IBM,,100,312.01
2025-10-31,9:43:42.102976972,T,IBM,I,26,312.0
2025-10-31,9:43:42.102980347,T,IBM,I,4,312.0
2025-10-31,9:43:42.102991901,T,IBM,I,1,312.0
2025-10-31,9:43:42.102994923,T,IBM,I,27,312.0
2025-10-31,9:43:44.911386735,T,IBM,F I,9,311.99
2025-10-31,9:43:44.911479930,T,IBM,I,26,312.0
2025-10-31,9:43:44.924061978,T,IBM,F I,75,312.0
2025-10-31,9:43:49.579757653,T,IBM,F I,99,312.0
2025-10-31,9:43:49.579757653,T,IBM,F I,26,312.0
2025-10-31,9:43:49.579907917,T,IBM,F,125,312.0
2025-10-31,9:43:50.506663237,T,IBM,I,49,312.0
2025-10-31,9:43:53.343385525,T,IBM,I,25,312.2
2025-10-31,9:43:53.343388601,T,IBM,I,10,312.23
2025-10-31,9:43:54.721455356,T,IBM,I,1,312.48
2025-10-31,9:43:54.722567896,T,IBM,F I,1,312.54
2025-10-31,9:43:54.722616046,T,IBM,F I,9,312.54
2025-10-31,9:43:55.293630429,T,IBM,I,10,312.47
2025-10-31,9:43:55.293630429,T,IBM,I,25,312.47
2025-10-31,9:44:06.904864003,T,IBM,,100,312.4
2025-10-31,9:44:06.911557957,T,IBM,I,10,312.36
2025-10-31,9:44:06.911557957,T,IBM,I,46,312.29
2025-10-31,9:44:14.047810877,T,IBM,,100,312.4
2025-10-31,9:44:18.778748768,T,IBM,F I,39,312.45
2025-10-31,9:44:23.347624752,T,IBM,I,25,312.27
2025-10-31,9:44:23.347628095,T,IBM,I,10,312.27
2025-10-31,9:44:23.347628095,T,IBM,I,5,312.26
2025-10-31,9:44:23.347631241,T,IBM,I,10,312.23
2025-10-31,9:44:23.347633755,T,IBM,I,50,312.22
2025-10-31,9:44:23.348018653,T,IBM,F I,12,312.21
2025-10-31,9:44:23.390603005,T,IBM,F I,10,312.01
2025-10-31,9:44:27.382044533,T,IBM,,100,312.08
2025-10-31,9:44:27.382044533,T,IBM,,100,312.08
2025-10-31,9:44:27.382197796,T,IBM,F I,2,312.0
2025-10-31,9:44:27.382333212,T,IBM,F I,8,312.0
2025-10-31,9:44:27.382336076,T,IBM,F I,17,311.985
2025-10-31,9:44:27.382621757,T,IBM,F I,25,312.19
2025-10-31,9:44:27.382684951,T,IBM,F I,25,312.19
2025-10-31,9:44:27.382694144,T,IBM,I,25,312.13
2025-10-31,9:44:27.382694144,T,IBM,I,25,312.09
2025-10-31,9:44:27.382697510,T,IBM,I,25,312.06
2025-10-31,9:44:27.382703060,T,IBM,I,25,312.02
2025-10-31,9:44:27.382703060,T,IBM,I,65,312.19
2025-10-31,9:44:27.383030700,T,IBM,I,10,312.19
2025-10-31,9:44:27.383511822,T,IBM,I,1,312.24
2025-10-31,9:44:27.383560003,T,IBM,F I,6,312.24
2025-10-31,9:44:33.180965679,T,IBM,I,10,312.14
2025-10-31,9:44:33.180965679,T,IBM,I,25,312.1
2025-10-31,9:44:33.180968713,T,IBM,I,25,312.09
2025-10-31,9:44:33.180974785,T,IBM,,100,312.08
2025-10-31,9:44:33.180974785,T,IBM,I,6,312.07
2025-10-31,9:44:33.180974785,T,IBM,I,5,312.06
2025-10-31,9:44:33.180977798,T,IBM,I,29,312.06
2025-10-31,9:44:33.181079961,T,IBM,I,12,312.06
2025-10-31,9:44:33.181254375,T,IBM,F I,59,312.06
2025-10-31,9:44:33.435873547,T,IBM,F,100,311.98
2025-10-31,9:44:33.435879625,T,IBM,F,100,311.98
2025-10-31,9:44:33.435888612,T,IBM,F,100,311.97
2025-10-31,9:44:33.435912625,T,IBM,I,73,311.98
2025-10-31,9:44:33.435915728,T,IBM,I,1,311.98
2025-10-31,9:44:33.435921724,T,IBM,I,12,312.09
2025-10-31,9:44:33.435963745,T,IBM,I,32,312.09
2025-10-31,9:44:33.435984843,T,IBM,I,1,312.09
2025-10-31,9:44:33.436153197,T,IBM,F I,38,312.01
2025-10-31,9:44:33.436165411,T,IBM,F I,6,312.09
2025-10-31,9:44:33.436493042,T,IBM,F I,6,312.04
2025-10-31,9:44:33.436929046,T,IBM,F I,14,312.04
2025-10-31,9:44:39.146122899,T,IBM,F I,75,312.0
2025-10-31,9:44:45.178363745,T,IBM,F,125,312.0
2025-10-31,9:44:52.778645527,T,IBM,F I,10,311.69
2025-10-31,9:44:52.778693619,T,IBM,F I,1,311.68
2025-10-31,9:44:52.778726826,T,IBM,F I,8,311.68
2025-10-31,9:44:52.778729665,T,IBM,F I,7,311.68
2025-10-31,9:44:52.782491612,T,IBM,,100,311.69
2025-10-31,9:44:52.787411523,T,IBM,F I,85,311.68
2025-10-31,9:44:52.787414326,T,IBM,F I,23,311.68
2025-10-31,9:44:52.798883823,T,IBM,I,75,311.66
2025-10-31,9:44:52.798883823,T,IBM,I,46,311.65
2025-10-31,9:44:52.798886914,T,IBM,,100,311.52
2025-10-31,9:44:52.798886914,T,IBM,I,10,311.52
2025-10-31,9:44:52.799433922,T,IBM,I,12,311.72
2025-10-31,9:44:52.802243130,T,IBM,F I,10,311.65
2025-10-31,9:44:52.802245642,T,IBM,F I,13,311.65
2025-10-31,9:44:52.802248703,T,IBM,F I,4,311.65
2025-10-31,9:44:52.802398987,T,IBM,I,3,311.7
2025-10-31,9:44:58.619032469,T,IBM,F I,10,311.66
2025-10-31,9:44:58.620665333,T,IBM,F I,5,311.66
2025-10-31,9:45:15.030374461,T,IBM,,100,311.92
2025-10-31,9:45:15.445092310,T,IBM,F I,3,311.99
2025-10-31,9:45:15.445092310,T,IBM,,100,311.99
2025-10-31,9:45:15.445161289,T,IBM,F I,70,312.0
2025-10-31,9:45:15.445164106,T,IBM,F I,3,312.0
2025-10-31,9:45:15.445175949,T,IBM,F I,8,312.0
2025-10-31,9:45:15.445179526,T,IBM,F I,8,312.0
2025-10-31,9:45:15.445362443,T,IBM,F I,15,311.96
2025-10-31,9:45:22.044290216,T,IBM,I,3,311.98
2025-10-31,9:45:22.044293955,T,IBM,I,2,311.98
2025-10-31,9:45:22.044315017,T,IBM,F I,5,311.99
2025-10-31,9:45:22.385386287,T,IBM,F I,1,312.08
2025-10-31,9:45:22.385416507,T,IBM,F I,30,312.08
2025-10-31,9:45:25.769059764,T,IBM,I,15,312.01
2025-10-31,9:45:25.774454552,T,IBM,I,7,312.02
2025-10-31,9:45:25.774568842,T,IBM,I,2,312.02
2025-10-31,9:45:32.359026424,T,IBM,I,10,311.83
2025-10-31,9:45:32.359026424,T,IBM,I,5,311.82
2025-10-31,9:45:32.359029253,T,IBM,I,25,311.78
2025-10-31,9:45:32.359029253,T,IBM,I,44,311.67
2025-10-31,9:45:32.365548775,T,IBM,F I,3,311.56
2025-10-31,9:45:32.365630074,T,IBM,F I,3,311.52
2025-10-31,9:45:32.365696179,T,IBM,F I,3,311.52
2025-10-31,9:45:32.365756390,T,IBM,F I,3,311.52
2025-10-31,9:45:32.383676085,T,IBM,I,91,311.52
2025-10-31,9:45:32.383676085,T,IBM,I,3,311.51
2025-10-31,9:45:32.383678983,T,IBM,I,75,311.35
2025-10-31,9:45:32.383943531,T,IBM,I,42,311.65
2025-10-31,9:45:32.383964641,T,IBM,I,29,311.51
2025-10-31,9:45:32.386027563,T,IBM,I,3,311.45
2025-10-31,9:45:36.784316421,T,IBM,F,100,311.66
2025-10-31,9:45:38.273948703,T,IBM,I,6,311.5
2025-10-31,9:45:38.273981945,T,IBM,I,94,311.5
2025-10-31,9:45:38.273981945,T,IBM,I,6,311.49
2025-10-31,9:45:38.274256199,T,IBM,F I,6,311.44
2025-10-31,9:45:38.274315566,T,IBM,I,10,311.49
2025-10-31,9:45:38.274315566,T,IBM,I,34,311.63
2025-10-31,9:45:38.274333813,T,IBM,I,1,311.62
2025-10-31,9:45:38.274336694,T,IBM,I,1,311.62
2025-10-31,9:45:38.274631372,T,IBM,I,13,311.53
2025-10-31,9:45:38.275353014,T,IBM,F I,1,311.53
2025-10-31,9:45:38.275356119,T,IBM,F I,36,311.53
2025-10-31,9:45:40.858087782,T,IBM,F I,60,311.74
2025-10-31,9:45:40.858090920,T,IBM,F I,45,311.79
2025-10-31,9:45:40.858093779,T,IBM,F I,20,311.8
2025-10-31,9:45:40.858093779,T,IBM,F I,10,311.81
2025-10-31,9:45:40.858103262,T,IBM,F,100,311.81
2025-10-31,9:45:40.858106235,T,IBM,F,100,311.82
2025-10-31,9:45:40.874819917,T,IBM,,200,312.0
2025-10-31,9:45:40.874819917,T,IBM,F,200,312.0
2025-10-31,9:45:40.874825721,T,IBM,F I,26,312.0
2025-10-31,9:45:40.874835109,T,IBM,F,200,312.0
2025-10-31,9:45:40.874837855,T,IBM,F I,50,312.0
2025-10-31,9:45:40.874837855,T,IBM,I,29,312.0
2025-10-31,9:45:40.874841789,T,IBM,I,1,312.0
2025-10-31,9:45:40.874844366,T,IBM,,100,312.0
2025-10-31,9:45:40.874844366,T,IBM,,200,312.0
2025-10-31,9:45:40.874849828,T,IBM,F,200,312.0
2025-10-31,9:45:40.874849828,T,IBM,F,200,312.0
2025-10-31,9:45:40.874852678,T,IBM,I,1,312.0
2025-10-31,9:45:40.874858628,T,IBM,I,4,312.02
2025-10-31,9:45:40.874858628,T,IBM,I,6,312.03
2025-10-31,9:45:40.874861707,T,IBM,F,200,312.0
2025-10-31,9:45:40.874864709,T,IBM,F,200,312.0
2025-10-31,9:45:40.874874211,T,IBM,F,200,312.0
2025-10-31,9:45:40.874876704,T,IBM,F,200,312.0
2025-10-31,9:45:40.874888755,T,IBM,F,200,312.0
2025-10-31,9:45:40.874906793,T,IBM,F I,4,312.0
2025-10-31,9:45:40.874906793,T,IBM,F,196,312.0
2025-10-31,9:45:40.874912803,T,IBM,F I,4,312.0
2025-10-31,9:45:40.874912803,T,IBM,F,121,312.0
2025-10-31,9:45:40.874915828,T,IBM,F I,4,312.0
2025-10-31,9:45:40.874918741,T,IBM,F,200,312.0
2025-10-31,9:45:40.874927828,T,IBM,F I,4,312.0
2025-10-31,9:45:40.874939868,T,IBM,F,196,312.0
2025-10-31,9:45:40.874939868,T,IBM,F I,4,312.0
2025-10-31,9:45:40.874951848,T,IBM,F,200,312.0
2025-10-31,9:45:40.874951848,T,IBM,F I,8,312.0
2025-10-31,9:45:40.874966950,T,IBM,,200,312.0
2025-10-31,9:45:40.874966950,T,IBM,F,200,312.0
2025-10-31,9:45:40.874981976,T,IBM,F,101,312.0
2025-10-31,9:45:40.874994002,T,IBM,F I,4,312.0
2025-10-31,9:45:40.875000252,T,IBM,F I,95,312.0
2025-10-31,9:45:40.875000252,T,IBM,F I,21,312.0
2025-10-31,9:45:40.875003009,T,IBM,F I,19,312.0
2025-10-31,9:45:40.875024105,T,IBM,F,160,312.0
2025-10-31,9:45:40.875024105,T,IBM,F I,17,312.0
2025-10-31,9:45:40.875045103,T,IBM,I,6,312.0
2025-10-31,9:45:40.875048146,T,IBM,F,125,312.0
2025-10-31,9:45:40.875102340,T,IBM,F I,69,312.0
2025-10-31,9:45:40.875102340,T,IBM,F,131,312.0
2025-10-31,9:45:40.875111205,T,IBM,I,6,312.03
2025-10-31,9:45:40.875129516,T,IBM,F I,69,312.0
2025-10-31,9:45:40.875129516,T,IBM,F,131,312.0
2025-10-31,9:45:40.875141324,T,IBM,F I,34,312.0
2025-10-31,9:45:40.875144269,T,IBM,F I,10,312.0
2025-10-31,9:45:40.875165355,T,IBM,F I,4,312.0
2025-10-31,9:45:40.875183398,T,IBM,F I,21,312.0
2025-10-31,9:45:40.875490514,T,IBM,F I,78,312.0
2025-10-31,9:45:40.875490514,T,IBM,F,122,312.0
2025-10-31,9:45:40.875493210,T,IBM,F I,74,312.0
2025-10-31,9:45:40.875493210,T,IBM,F I,65,312.0
2025-10-31,9:45:45.910950959,T,IBM,I,10,311.75
2025-10-31,9:45:45.910953889,T,IBM,I,45,311.73
2025-10-31,9:45:46.928438246,T,IBM,F I,10,311.71
2025-10-31,9:45:50.748035496,T,IBM,I,35,311.52
2025-10-31,9:45:50.748077515,T,IBM,,100,311.46
2025-10-31,9:45:57.446647689,T,IBM,I,8,311.47
2025-10-31,9:45:57.446707793,T,IBM,,100,311.42
2025-10-31,9:45:57.446999567,T,IBM,F I,1,311.41
2025-10-31,9:45:57.460827089,T,IBM,F I,5,311.46
2025-10-31,9:45:57.460829445,T,IBM,F I,25,311.47
2025-10-31,9:45:57.460832484,T,IBM,F I,10,311.54
2025-10-31,9:45:57.460832484,T,IBM,F I,10,311.55
2025-10-31,9:46:02.153353747,T,IBM,F I,45,311.58
2025-10-31,9:46:05.968744218,T,IBM,I,10,311.44
2025-10-31,9:46:05.968744218,T,IBM,I,25,311.43
2025-10-31,9:46:05.968747563,T,IBM,I,5,311.42
2025-10-31,9:46:05.968750031,T,IBM,I,10,311.39
2025-10-31,9:46:05.968750031,T,IBM,I,50,311.39
2025-10-31,9:46:05.969462552,T,IBM,I,9,311.36
2025-10-31,9:46:05.969627991,T,IBM,I,33,311.3
2025-10-31,9:46:05.969627991,T,IBM,,100,311.3
2025-10-31,9:46:05.969667309,T,IBM,F I,1,311.3
2025-10-31,9:46:05.969676180,T,IBM,F I,8,311.3
2025-10-31,9:46:05.969679133,T,IBM,F I,16,311.3
2025-10-31,9:46:05.969688128,T,IBM,I,37,311.3
2025-10-31,9:46:05.969691372,T,IBM,I,1,311.3
2025-10-31,9:46:05.969691372,T,IBM,F I,8,311.3
2025-10-31,9:46:05.969694156,T,IBM,F I,29,311.3
2025-10-31,9:46:05.969754257,T,IBM,I,9,311.24
2025-10-31,9:46:05.969781341,T,IBM,F I,31,311.29
2025-10-31,9:46:05.970879017,T,IBM,F I,5,311.11
2025-10-31,9:46:05.971516536,T,IBM,F I,10,311.11
2025-10-31,9:46:05.991853962,T,IBM,F I,24,311.22
2025-10-31,9:46:05.998376393,T,IBM,,100,311.03
2025-10-31,9:46:05.998376393,T,IBM,I,56,311.03
2025-10-31,9:46:07.809880001,T,IBM,F,100,311.12
2025-10-31,9:46:07.809928112,T,IBM,F I,5,311.14
2025-10-31,9:46:07.809931061,T,IBM,F I,25,311.14
2025-10-31,9:46:10.048700858,T,IBM,F I,1,311.01
2025-10-31,9:46:10.048704531,T,IBM,F,499,311.0
2025-10-31,9:46:10.048718912,T,IBM,I,1,311.0
2025-10-31,9:46:18.330943200,T,IBM,F,100,310.91
2025-10-31,9:46:18.330946201,T,IBM,F,303,310.9
2025-10-31,9:46:18.330961271,T,IBM,I,97,310.9
2025-10-31,9:46:18.330964822,T,IBM,I,3,310.9
2025-10-31,9:46:18.330967273,T,IBM,F,100,310.94
2025-10-31,9:46:27.866975265,T,IBM,F I,3,311.0
2025-10-31,9:46:27.866978246,T,IBM,I,3,311.0
2025-10-31,9:46:27.867029398,T,IBM,,100,311.0
2025-10-31,9:46:27.867083579,T,IBM,F I,16,310.94
2025-10-31,9:46:27.867101528,T,IBM,I,10,311.0
2025-10-31,9:46:27.867140730,T,IBM,I,16,310.92
2025-10-31,9:46:27.868096904,T,IBM,F I,10,310.87
2025-10-31,9:46:27.868508913,T,IBM,F I,10,310.83
2025-10-31,9:46:27.868508913,T,IBM,F I,10,310.79
2025-10-31,9:46:27.868511992,T,IBM,F I,12,310.78
2025-10-31,9:46:27.869240249,T,IBM,F I,4,310.69
2025-10-31,9:46:27.869240249,T,IBM,F I,18,310.69
2025-10-31,9:46:27.869832044,T,IBM,F,100,310.55
2025-10-31,9:46:27.872084469,T,IBM,I,29,310.57
2025-10-31,9:46:27.872499416,T,IBM,F I,28,310.55
2025-10-31,9:46:28.275398668,T,IBM,I,7,310.455
2025-10-31,9:46:28.275714395,T,IBM,I,7,310.51
2025-10-31,9:46:32.361192548,T,IBM,I,25,310.62
2025-10-31,9:46:32.361195656,T,IBM,,100,310.625
2025-10-31,9:46:55.674121691,T,IBM,F I,18,310.41
2025-10-31,9:46:55.674121691,T,IBM,F I,30,310.41
2025-10-31,9:46:55.674124060,T,IBM,F I,2,310.41
2025-10-31,9:46:55.674124060,T,IBM,F I,1,310.4
2025-10-31,9:46:55.674328390,T,IBM,F,100,310.42
2025-10-31,9:46:55.681795173,T,IBM,I,23,310.29
2025-10-31,9:46:55.681858392,T,IBM,F I,31,310.29
2025-10-31,9:46:55.682038785,T,IBM,F I,10,310.21
2025-10-31,9:46:55.789641666,T,IBM,F I,30,310.21
2025-10-31,9:46:55.789641666,T,IBM,F I,75,310.27
2025-10-31,9:46:55.789644153,T,IBM,F I,10,310.27
2025-10-31,9:46:55.789644153,T,IBM,F I,10,310.28
2025-10-31,9:46:55.789698090,T,IBM,F I,90,310.28
2025-10-31,9:46:56.431687533,T,IBM,I,25,310.38
2025-10-31,9:46:56.431690425,T,IBM,I,45,310.39
2025-10-31,9:47:00.441213753,T,IBM,I,25,310.42
2025-10-31,9:47:04.694404205,T,IBM,,100,310.42
2025-10-31,9:47:04.699895279,T,IBM,I,10,310.36
2025-10-31,9:47:13.527455739,T,IBM,F I,1,310.52
2025-10-31,9:47:13.527467708,T,IBM,F I,29,310.52
2025-10-31,9:47:13.527470709,T,IBM,F I,1,310.5
2025-10-31,9:47:15.286231767,T,IBM,F I,10,310.34
2025-10-31,9:47:17.475254999,T,IBM,F I,25,310.22
2025-10-31,9:47:17.475254999,T,IBM,F I,10,310.18
2025-10-31,9:47:17.475260181,T,IBM,F I,10,310.18
2025-10-31,9:47:17.476060090,T,IBM,F I,10,310.11
2025-10-31,9:47:17.476063035,T,IBM,F I,12,310.11
2025-10-31,9:47:17.476309639,T,IBM,I,35,310.19
2025-10-31,9:47:17.476790904,T,IBM,F I,1,310.19
2025-10-31,9:47:17.649934020,T,IBM,F I,30,310.17
2025-10-31,9:47:17.649937039,T,IBM,I,20,310.27
2025-10-31,9:47:17.649937039,T,IBM,I,3,310.36
2025-10-31,9:47:17.804393654,T,IBM,I,1,310.14
2025-10-31,9:47:30.556144118,T,IBM,F I,7,310.11
2025-10-31,9:47:30.556147663,T,IBM,I,75,310.11
2025-10-31,9:47:30.556221535,T,IBM,F I,10,310.06
2025-10-31,9:47:30.556435046,T,IBM,F I,1,310.07
2025-10-31,9:47:30.556687687,T,IBM,I,13,310.0
2025-10-31,9:47:30.558437810,T,IBM,F I,30,309.84
2025-10-31,9:47:30.563357562,T,IBM,F I,32,309.76
2025-10-31,9:47:30.573010514,T,IBM,F I,10,309.67
2025-10-31,9:47:30.582501252,T,IBM,I,18,309.69
2025-10-31,9:47:30.582504098,T,IBM,I,2,309.75
2025-10-31,9:47:30.628402374,T,IBM,I,8,309.73
2025-10-31,9:47:30.628465872,T,IBM,F I,3,309.73
2025-10-31,9:47:30.628468696,T,IBM,F I,2,309.73
2025-10-31,9:47:30.628471511,T,IBM,I,8,309.83
2025-10-31,9:47:30.628877510,T,IBM,I,3,309.8
2025-10-31,9:47:32.877501816,T,IBM,F I,25,309.86
2025-10-31,9:47:37.419905836,T,IBM,I,11,309.81
2025-10-31,9:47:46.435479782,T,IBM,F I,25,309.98
2025-10-31,9:47:46.435479782,T,IBM,F I,60,309.99
2025-10-31,9:47:46.435482840,T,IBM,F I,10,309.99
2025-10-31,9:47:46.435500875,T,IBM,F I,35,310.0
2025-10-31,9:47:51.694122853,T,IBM,F I,2,310.19
2025-10-31,9:47:52.189116261,T,IBM,I,10,310.2
2025-10-31,9:47:54.001931702,T,IBM,I,75,310.21
2025-10-31,9:47:54.001934059,T,IBM,I,10,310.2
2025-10-31,9:47:54.001934059,T,IBM,I,15,310.18
2025-10-31,9:47:54.045591953,T,IBM,,100,310.07
2025-10-31,9:47:54.070731757,T,IBM,I,1,309.91
2025-10-31,9:47:54.071315206,T,IBM,I,10,309.9
2025-10-31,9:47:54.107680815,T,IBM,F I,23,309.81
2025-10-31,9:47:54.201663685,T,IBM,I,23,309.77
2025-10-31,9:47:54.201663685,T,IBM,I,7,309.69
2025-10-31,9:47:54.201669581,T,IBM,,170,309.62
2025-10-31,9:47:54.204216553,T,IBM,I,30,309.62
2025-10-31,9:47:56.952832170,T,IBM,F I,64,309.64
2025-10-31,9:47:56.953214036,T,IBM,F I,45,309.63
2025-10-31,9:47:56.953343360,T,IBM,F,100,309.62
2025-10-31,9:47:56.953343360,T,IBM,F,125,309.61
2025-10-31,9:47:56.953370471,T,IBM,I,75,309.61
2025-10-31,9:47:56.953370471,T,IBM,I,18,309.61
2025-10-31,9:48:01.407303780,T,IBM,F I,36,309.44
2025-10-31,9:48:01.407303780,T,IBM,F I,1,309.44
2025-10-31,9:48:01.737893156,T,IBM,F,250,309.41
2025-10-31,9:48:01.737893156,T,IBM,F I,1,309.41
2025-10-31,9:48:01.739345257,T,IBM,I,8,309.33
2025-10-31,9:48:05.091656999,T,IBM,F I,6,309.41
2025-10-31,9:48:05.091696096,T,IBM,F I,1,309.41
2025-10-31,9:48:09.684298475,T,IBM,,100,309.34
2025-10-31,9:48:09.684358628,T,IBM,I,2,309.26
2025-10-31,9:48:09.684358628,T,IBM,I,7,309.26
2025-10-31,9:48:16.890970714,T,IBM,I,10,309.38
2025-10-31,9:48:16.890970714,T,IBM,I,10,309.38
2025-10-31,9:48:16.890973212,T,IBM,I,80,309.35
2025-10-31,9:48:16.898145259,T,IBM,I,30,309.34
2025-10-31,9:48:16.898145259,T,IBM,I,6,309.23
2025-10-31,9:48:17.813942671,T,IBM,F I,36,309.28
2025-10-31,9:48:17.814775499,T,IBM,F I,25,309.22
2025-10-31,9:48:17.814778519,T,IBM,F I,10,309.22
2025-10-31,9:48:17.831080339,T,IBM,F I,13,309.22
2025-10-31,9:48:18.462779170,T,IBM,F I,15,309.2
2025-10-31,9:48:18.462806232,T,IBM,F,125,309.2
2025-10-31,9:48:18.463552012,T,IBM,F,106,309.2
2025-10-31,9:48:18.463552012,T,IBM,F I,15,309.1
2025-10-31,9:48:18.464330927,T,IBM,F I,40,309.1
2025-10-31,9:48:18.474925061,T,IBM,F I,1,309.14
2025-10-31,9:48:18.474976173,T,IBM,F I,2,309.14
2025-10-31,9:48:18.475006416,T,IBM,F I,1,309.14
2025-10-31,9:48:18.475150664,T,IBM,F I,2,309.14
2025-10-31,9:48:18.477466140,T,IBM,F I,5,309.07
2025-10-31,9:48:18.902128148,T,IBM,F I,1,309.02
2025-10-31,9:48:18.902780679,T,IBM,F I,1,309.01
2025-10-31,9:48:18.902961574,T,IBM,I,10,309.12
2025-10-31,9:48:18.902964134,T,IBM,I,6,309.12
2025-10-31,9:48:18.903132552,T,IBM,I,6,309.12
2025-10-31,9:48:18.903229008,T,IBM,I,29,309.19
2025-10-31,9:48:19.023554196,T,IBM,F I,70,309.19
2025-10-31,9:48:19.023554196,T,IBM,F I,70,309.19
2025-10-31,9:48:19.023557143,T,IBM,F I,1,309.19
2025-10-31,9:48:19.023557143,T,IBM,F I,2,309.19
2025-10-31,9:48:19.023623332,T,IBM,F I,3,309.19
2025-10-31,9:48:19.023644478,T,IBM,F I,14,309.19
2025-10-31,9:48:19.023755648,T,IBM,F I,3,309.19
2025-10-31,9:48:19.412608420,T,IBM,I,70,309.27
2025-10-31,9:48:21.941463752,T,IBM,I,60,309.13
2025-10-31,9:48:21.941466751,T,IBM,I,40,309.13
2025-10-31,9:48:21.941508919,T,IBM,I,60,309.13
2025-10-31,9:48:21.941508919,T,IBM,I,11,309.12
2025-10-31,9:48:21.941656144,T,IBM,F I,8,309.12
2025-10-31,9:48:22.173703922,T,IBM,F I,51,309.12
2025-10-31,9:48:22.173703922,T,IBM,F I,1,309.12
2025-10-31,9:48:26.273799639,T,IBM,I,37,309.08
2025-10-31,9:48:26.273853779,T,IBM,I,63,309.08
2025-10-31,9:48:26.273853779,T,IBM,I,7,309.0
2025-10-31,9:48:26.273856760,T,IBM,I,30,309.0
2025-10-31,9:48:26.273875002,T,IBM,I,1,309.0
2025-10-31,9:48:26.273875002,T,IBM,I,49,309.0
2025-10-31,9:48:26.273877847,T,IBM,I,10,309.0
2025-10-31,9:48:26.273880765,T,IBM,I,10,309.0
2025-10-31,9:48:26.273925905,T,IBM,F I,8,309.09
2025-10-31,9:48:26.273943949,T,IBM,F I,12,309.09
2025-10-31,9:48:26.274001106,T,IBM,I,19,309.18
2025-10-31,9:48:26.274061230,T,IBM,I,10,309.22
2025-10-31,9:48:26.274061230,T,IBM,I,8,309.23
2025-10-31,9:48:26.274338550,T,IBM,I,6,309.17
2025-10-31,9:48:26.274521375,T,IBM,F I,12,309.15
2025-10-31,9:48:28.276672760,T,IBM,F I,7,309.13
2025-10-31,9:48:28.277102820,T,IBM,F I,7,309.13
2025-10-31,9:48:30.067613426,T,IBM,F I,1,309.12
2025-10-31,9:48:30.067658581,T,IBM,F I,1,309.12
2025-10-31,9:48:30.067770128,T,IBM,F I,4,309.12
2025-10-31,9:48:30.067770128,T,IBM,F I,1,309.12
2025-10-31,9:48:30.068741137,T,IBM,F I,10,308.98
2025-10-31,9:48:30.068744066,T,IBM,F I,68,308.95
2025-10-31,9:48:31.855411623,T,IBM,F I,2,308.89
2025-10-31,9:48:32.379406100,T,IBM,I,30,308.86
2025-10-31,9:48:32.379478230,T,IBM,I,30,308.85
2025-10-31,9:48:32.379478230,T,IBM,I,70,308.71
2025-10-31,9:48:32.379704320,T,IBM,F I,1,308.83
2025-10-31,9:48:32.379730842,T,IBM,F I,69,308.83
2025-10-31,9:48:32.379983451,T,IBM,F I,1,308.83
2025-10-31,9:48:32.577319211,T,IBM,I,25,308.75
2025-10-31,9:48:32.577319211,T,IBM,I,10,308.75
2025-10-31,9:48:32.577322277,T,IBM,I,10,308.74
2025-10-31,9:48:32.577322277,T,IBM,I,7,308.71
2025-10-31,9:48:32.577325259,T,IBM,I,48,308.71
2025-10-31,9:48:33.340295566,T,IBM,I,15,308.98
2025-10-31,9:48:33.340377001,T,IBM,F I,10,308.98
2025-10-31,9:48:33.340656419,T,IBM,F I,10,309.02
2025-10-31,9:48:33.340659488,T,IBM,F I,10,309.03
2025-10-31,9:48:35.607783805,T,IBM,F I,10,309.15
2025-10-31,9:48:38.818635760,T,IBM,F I,75,309.15
2025-10-31,9:48:38.864115998,T,IBM,I,30,309.11
2025-10-31,9:48:38.867923170,T,IBM,I,30,309.11
2025-10-31,9:48:38.867923170,T,IBM,I,10,309.03
2025-10-31,9:48:38.867926045,T,IBM,I,25,309.03
2025-10-31,9:48:38.867929430,T,IBM,I,10,309.02
2025-10-31,9:48:38.867929430,T,IBM,I,10,309.02
2025-10-31,9:48:38.867932173,T,IBM,I,15,309.02
2025-10-31,9:48:38.867986590,T,IBM,I,30,309.07
2025-10-31,9:48:38.867986590,T,IBM,I,45,309.01
2025-10-31,9:48:38.868007343,T,IBM,I,5,309.01
2025-10-31,9:48:38.876406257,T,IBM,I,47,308.89
2025-10-31,9:48:39.389511781,T,IBM,F I,20,308.95
2025-10-31,9:48:44.024215303,T,IBM,I,20,308.84
2025-10-31,9:48:44.024262655,T,IBM,,100,308.79
2025-10-31,9:48:45.236358370,T,IBM,F I,3,308.74
2025-10-31,9:48:45.236385336,T,IBM,F,100,308.84
2025-10-31,9:48:45.236388366,T,IBM,F I,25,308.86
2025-10-31,9:48:45.236442503,T,IBM,F I,10,308.86
2025-10-31,9:48:47.391228747,T,IBM,F I,20,308.73
2025-10-31,9:48:47.391231378,T,IBM,F I,10,308.73
2025-10-31,9:48:47.391231378,T,IBM,F I,18,308.71
2025-10-31,9:48:47.391234342,T,IBM,F I,50,308.71
2025-10-31,9:48:47.391262012,T,IBM,I,29,308.85
2025-10-31,9:48:47.391262012,T,IBM,I,3,308.86
2025-10-31,9:48:47.391321472,T,IBM,F I,11,308.85
2025-10-31,9:48:47.391324625,T,IBM,F I,29,308.73
2025-10-31,9:48:47.391324625,T,IBM,F I,10,308.71
2025-10-31,9:48:47.392491283,T,IBM,F I,20,308.73
2025-10-31,9:48:48.324449029,T,IBM,I,15,308.56
2025-10-31,9:48:48.324470056,T,IBM,I,85,308.56
2025-10-31,9:48:48.324473478,T,IBM,I,5,308.55
2025-10-31,9:48:48.324473478,T,IBM,I,10,308.55
2025-10-31,9:48:48.325134739,T,IBM,I,1,308.7
2025-10-31,9:48:48.325156178,T,IBM,I,31,308.7
2025-10-31,9:48:48.325176909,T,IBM,I,26,308.7
2025-10-31,9:48:48.325176909,T,IBM,I,1,308.7
2025-10-31,9:48:48.325194794,T,IBM,F I,33,308.7
2025-10-31,9:48:53.357127965,T,IBM,F I,10,308.67
2025-10-31,9:48:53.357127965,T,IBM,F I,25,308.67
2025-10-31,9:48:55.960624091,T,IBM,F I,4,308.55
2025-10-31,9:48:56.940861691,T,IBM,F I,75,308.67
2025-10-31,9:49:03.305104707,T,IBM,,100,308.64
2025-10-31,9:49:04.413985662,T,IBM,F I,75,308.67
2025-10-31,9:49:05.657457860,T,IBM,F I,5,308.71
2025-10-31,9:49:06.236098462,T,IBM,F I,4,308.59
2025-10-31,9:49:06.236952583,T,IBM,F I,4,308.56
2025-10-31,9:49:06.758778835,T,IBM,F,100,308.5
2025-10-31,9:49:06.758778835,T,IBM,F I,26,308.5
2025-10-31,9:49:06.773730397,T,IBM,F I,10,308.38
2025-10-31,9:49:06.773733571,T,IBM,F I,10,308.38
2025-10-31,9:49:06.773733571,T,IBM,F I,31,308.38
2025-10-31,9:49:06.776569146,T,IBM,I,10,308.34
2025-10-31,9:49:06.786132060,T,IBM,F I,10,308.25
2025-10-31,9:49:12.163200658,T,IBM,I,10,308.38
2025-10-31,9:49:12.163200658,T,IBM,I,10,308.35
2025-10-31,9:49:12.163203588,T,IBM,I,10,308.31
2025-10-31,9:49:12.163206556,T,IBM,I,7,308.26
2025-10-31,9:49:12.163209028,T,IBM,I,63,308.25
2025-10-31,9:49:12.163236041,T,IBM,I,12,308.25
2025-10-31,9:49:12.163239075,T,IBM,I,20,308.22
2025-10-31,9:49:14.238125206,T,IBM,F I,10,308.38
2025-10-31,9:49:14.238127732,T,IBM,F I,25,308.39
2025-10-31,9:49:14.238127732,T,IBM,F I,10,308.39
2025-10-31,9:49:15.016933988,T,IBM,I,25,308.46
2025-10-31,9:49:15.016933988,T,IBM,I,10,308.46
2025-10-31,9:49:15.016937340,T,IBM,I,10,308.46
2025-10-31,9:49:15.016939901,T,IBM,I,10,308.47
2025-10-31,9:49:15.016939901,T,IBM,I,10,308.49
2025-10-31,9:49:15.016942838,T,IBM,,100,308.54
2025-10-31,9:49:15.016946101,T,IBM,I,75,308.55
2025-10-31,9:49:15.016946101,T,IBM,I,45,308.59
2025-10-31,9:49:15.016949636,T,IBM,,100,308.62
2025-10-31,9:49:15.016949636,T,IBM,,100,308.62
2025-10-31,9:49:15.016951756,T,IBM,I,10,308.64
2025-10-31,9:49:15.016954769,T,IBM,,100,308.66
2025-10-31,9:49:15.016957784,T,IBM,I,5,308.66
2025-10-31,9:49:15.016990899,T,IBM,F I,2,308.66
2025-10-31,9:49:15.025161346,T,IBM,,100,308.54
2025-10-31,9:49:15.419736702,T,IBM,I,12,308.39
2025-10-31,9:49:18.222433317,T,IBM,I,10,308.25
2025-10-31,9:49:18.222435948,T,IBM,I,75,308.25
2025-10-31,9:49:18.222435948,T,IBM,I,15,308.22
2025-10-31,9:49:18.259818029,T,IBM,I,1,308.12
2025-10-31,9:49:19.536712001,T,IBM,F,100,308.12
2025-10-31,9:49:19.536714830,T,IBM,F I,13,308.11
2025-10-31,9:49:19.536732883,T,IBM,F I,8,308.11
2025-10-31,9:49:19.536754366,T,IBM,F I,79,308.11
2025-10-31,9:49:19.536756986,T,IBM,F I,13,308.11
2025-10-31,9:49:19.543023928,T,IBM,F I,30,308.1
2025-10-31,9:49:19.543023928,T,IBM,F I,20,308.07
2025-10-31,9:49:19.543288516,T,IBM,I,7,308.13
2025-10-31,9:49:19.543420820,T,IBM,F I,7,308.18
2025-10-31,9:49:19.543444857,T,IBM,I,1,308.18
2025-10-31,9:49:19.543447935,T,IBM,I,5,308.18
2025-10-31,9:49:19.543923979,T,IBM,F I,33,308.13
2025-10-31,9:49:19.543923979,T,IBM,F,100,308.12
2025-10-31,9:49:19.543929015,T,IBM,F I,5,308.12
2025-10-31,9:49:19.543929015,T,IBM,F I,10,308.12
2025-10-31,9:49:19.543932098,T,IBM,F I,6,308.12
2025-10-31,9:49:19.544698884,T,IBM,I,40,308.24
2025-10-31,9:49:21.422901216,T,IBM,F I,16,308.06
2025-10-31,9:49:21.422973440,T,IBM,F I,1,308.06
2025-10-31,9:49:21.422976469,T,IBM,F I,10,308.03
2025-10-31,9:49:21.422979418,T,IBM,F I,10,308.03
2025-10-31,9:49:23.405794896,T,IBM,,100,308.04
2025-10-31,9:49:23.406008373,T,IBM,I,68,308.03
2025-10-31,9:49:23.406029431,T,IBM,F I,6,308.03
2025-10-31,9:49:23.406032406,T,IBM,I,26,308.03
2025-10-31,9:49:23.406078111,T,IBM,F I,60,308.06
2025-10-31,9:49:23.604883877,T,IBM,,100,308.01
2025-10-31,9:49:23.604905060,T,IBM,F,100,308.0
2025-10-31,9:49:23.604992106,T,IBM,I,4,308.13
2025-10-31,9:49:23.605322912,T,IBM,I,10,308.12
2025-10-31,9:49:23.606327779,T,IBM,F I,10,307.88
2025-10-31,9:49:23.606327779,T,IBM,F I,10,307.88
2025-10-31,9:49:23.606378356,T,IBM,I,7,308.08
2025-10-31,9:49:23.606399436,T,IBM,F I,55,308.09
2025-10-31,9:49:23.606399436,T,IBM,F I,43,308.09
2025-10-31,9:49:23.606555845,T,IBM,I,12,308.11
2025-10-31,9:49:23.606667127,T,IBM,F I,5,308.02
2025-10-31,9:49:23.606775360,T,IBM,I,4,308.05
2025-10-31,9:49:23.606901632,T,IBM,I,10,308.14
2025-10-31,9:49:23.607157836,T,IBM,F,100,308.14
2025-10-31,9:49:23.607163266,T,IBM,F I,7,308.2
2025-10-31,9:49:23.607163266,T,IBM,F I,10,308.2
2025-10-31,9:49:23.607713547,T,IBM,F I,16,308.27
2025-10-31,9:49:23.607783284,T,IBM,F,200,308.27
2025-10-31,9:49:23.607804175,T,IBM,F I,41,308.27
2025-10-31,9:49:23.607804175,T,IBM,F I,70,308.27
2025-10-31,9:49:23.607821957,T,IBM,F I,41,308.29
2025-10-31,9:49:23.607843475,T,IBM,F I,3,308.29
2025-10-31,9:49:23.781903237,T,IBM,F I,25,308.15
2025-10-31,9:49:23.781906265,T,IBM,F I,10,308.15
2025-10-31,9:49:23.781909337,T,IBM,F I,36,308.14
2025-10-31,9:49:25.203489583,T,IBM,I,70,308.05
2025-10-31,9:49:25.203489583,T,IBM,I,10,308.05
2025-10-31,9:49:25.203492569,T,IBM,,100,308.05
2025-10-31,9:49:25.203522652,T,IBM,I,20,308.05
2025-10-31,9:49:25.203525777,T,IBM,,100,308.05
2025-10-31,9:49:25.203529071,T,IBM,I,20,308.05
2025-10-31,9:49:25.203531856,T,IBM,I,18,308.1
2025-10-31,9:49:25.204256465,T,IBM,F I,2,308.14
2025-10-31,9:49:25.204322622,T,IBM,F I,10,308.1
2025-10-31,9:49:25.204325600,T,IBM,F I,25,308.02
2025-10-31,9:49:30.532954374,T,IBM,F I,70,308.0
2025-10-31,9:49:30.533435893,T,IBM,I,10,308.1
2025-10-31,9:49:30.533435893,T,IBM,I,1,308.11
2025-10-31,9:49:30.533688263,T,IBM,I,9,308.17
2025-10-31,9:49:30.533766854,T,IBM,I,7,308.21
2025-10-31,9:49:30.533835466,T,IBM,F,100,308.21
2025-10-31,9:49:30.534521070,T,IBM,I,9,308.16
2025-10-31,9:49:30.534539155,T,IBM,F I,1,308.24
2025-10-31,9:49:34.928413420,T,IBM,F I,7,307.86
2025-10-31,9:49:34.928416372,T,IBM,F I,8,307.84
2025-10-31,9:49:35.448949692,T,IBM,F I,40,307.82
2025-10-31,9:49:35.449512210,T,IBM,F I,5,307.81
2025-10-31,9:49:35.449512210,T,IBM,F I,10,307.81
2025-10-31,9:49:40.371542719,T,IBM,F I,10,307.65
2025-10-31,9:49:40.371545736,T,IBM,F I,1,307.62
2025-10-31,9:49:40.372796662,T,IBM,F I,1,307.55
2025-10-31,9:49:40.425142329,T,IBM,I,10,307.65
2025-10-31,9:49:40.425172440,T,IBM,I,17,307.65
2025-10-31,9:49:40.804760125,T,IBM,F I,10,307.8
2025-10-31,9:49:41.044403565,T,IBM,F I,10,307.9
2025-10-31,9:49:41.044406636,T,IBM,F I,37,307.92
2025-10-31,9:49:41.044544960,T,IBM,F I,28,307.98
2025-10-31,9:49:41.044563009,T,IBM,F I,32,307.98
2025-10-31,9:49:41.044566058,T,IBM,F I,28,307.99
2025-10-31,9:49:41.045001982,T,IBM,F I,7,308.04
2025-10-31,9:49:41.045005104,T,IBM,F I,23,308.04
2025-10-31,9:49:41.045023073,T,IBM,F I,38,308.04
2025-10-31,9:49:41.045026134,T,IBM,F I,62,308.04
2025-10-31,9:49:41.045308760,T,IBM,F I,12,308.11
2025-10-31,9:49:41.045332774,T,IBM,F I,19,308.11
2025-10-31,9:49:41.045582444,T,IBM,F I,7,308.14
2025-10-31,9:49:41.045588435,T,IBM,I,7,308.14
2025-10-31,9:49:41.045603429,T,IBM,I,1,308.14
2025-10-31,9:49:41.045613038,T,IBM,F I,38,308.14
2025-10-31,9:49:41.045645618,T,IBM,,100,308.14
2025-10-31,9:49:41.045663563,T,IBM,F,100,308.14
2025-10-31,9:49:41.509367549,T,IBM,I,75,308.01
2025-10-31,9:49:47.357311578,T,IBM,I,25,307.985
2025-10-31,9:49:47.367559920,T,IBM,I,10,307.98
2025-10-31,9:49:47.367587001,T,IBM,F,125,307.98
2025-10-31,9:49:47.367629141,T,IBM,F I,15,307.98
2025-10-31,9:49:49.785926637,T,IBM,I,75,308.01
2025-10-31,9:49:49.785929357,T,IBM,I,10,307.89
2025-10-31,9:49:49.785929357,T,IBM,I,15,307.88
2025-10-31,9:49:50.955308210,T,IBM,F I,1,307.94
2025-10-31,9:49:52.747662494,T,IBM,I,75,307.71
2025-10-31,9:49:52.747665406,T,IBM,I,33,307.7
2025-10-31,9:49:52.747665406,T,IBM,I,70,307.7
2025-10-31,9:49:52.747668193,T,IBM,,100,307.7
2025-10-31,9:49:52.748125298,T,IBM,I,14,307.75
2025-10-31,9:49:52.748341812,T,IBM,I,11,307.77
2025-10-31,9:49:52.748341812,T,IBM,I,3,307.82
2025-10-31,9:49:52.748447103,T,IBM,F I,68,307.77
2025-10-31,9:49:52.748502360,T,IBM,I,1,307.77
2025-10-31,9:49:52.748790153,T,IBM,F,331,307.77
2025-10-31,9:49:52.748790153,T,IBM,F I,70,307.77
2025-10-31,9:49:52.748792896,T,IBM,F I,1,307.77
2025-10-31,9:49:52.748813921,T,IBM,F,199,307.77
2025-10-31,9:49:52.748862614,T,IBM,I,25,307.87
2025-10-31,9:49:52.749445472,T,IBM,F I,3,307.93
2025-10-31,9:49:52.749454897,T,IBM,F I,37,307.93
2025-10-31,9:49:52.749457478,T,IBM,F I,3,307.93
2025-10-31,9:49:52.749460480,T,IBM,F I,3,307.93
2025-10-31,9:49:52.749580729,T,IBM,F I,6,307.88
2025-10-31,9:49:52.749607850,T,IBM,F I,4,307.88
2025-10-31,9:49:52.749722299,T,IBM,I,6,307.87
2025-10-31,9:49:52.749725517,T,IBM,I,8,307.87
2025-10-31,9:49:52.749752214,T,IBM,I,3,307.87
2025-10-31,9:49:52.749761192,T,IBM,I,1,307.87
2025-10-31,9:49:52.749803247,T,IBM,I,6,307.87
2025-10-31,9:49:52.749866414,T,IBM,F I,4,307.88
2025-10-31,9:49:52.749884427,T,IBM,I,16,307.94
2025-10-31,9:49:52.749893487,T,IBM,F I,26,307.88
2025-10-31,9:49:52.749923502,T,IBM,I,16,307.955
2025-10-31,9:49:52.749929604,T,IBM,F I,8,307.93
2025-10-31,9:49:52.750004853,T,IBM,F I,7,307.92
2025-10-31,9:49:52.750007718,T,IBM,F I,6,307.95
2025-10-31,9:49:52.750016809,T,IBM,I,94,307.95
2025-10-31,9:49:52.750016809,T,IBM,I,6,307.95
2025-10-31,9:49:52.750019778,T,IBM,F I,10,307.93
2025-10-31,9:49:52.750038634,T,IBM,F I,14,307.93
2025-10-31,9:49:52.750038634,T,IBM,F I,60,307.8
2025-10-31,9:49:52.750041201,T,IBM,F I,20,307.79
2025-10-31,9:49:52.750041201,T,IBM,F I,18,307.79
2025-10-31,9:49:52.750043887,T,IBM,F I,50,307.77
2025-10-31,9:49:52.750082983,T,IBM,I,10,307.95
2025-10-31,9:49:52.750112980,T,IBM,F I,23,307.93
2025-10-31,9:49:52.750122001,T,IBM,F I,8,307.93
2025-10-31,9:49:52.750131034,T,IBM,F I,1,307.93
2025-10-31,9:49:52.750131034,T,IBM,F I,6,307.93
2025-10-31,9:49:52.750140571,T,IBM,F I,1,307.93
2025-10-31,9:49:52.750176119,T,IBM,I,10,307.97
2025-10-31,9:49:52.750233265,T,IBM,F I,3,307.9
2025-10-31,9:49:52.750260398,T,IBM,I,2,307.9
2025-10-31,9:49:52.750374815,T,IBM,I,22,307.95
2025-10-31,9:49:52.750398734,T,IBM,I,60,307.94
2025-10-31,9:49:52.750414511,T,IBM,I,25,307.95
2025-10-31,9:49:52.750414511,T,IBM,F I,1,307.95
2025-10-31,9:49:52.750422748,T,IBM,F I,8,307.95
2025-10-31,9:49:52.750425728,T,IBM,F I,6,307.95
2025-10-31,9:49:52.750500953,T,IBM,I,10,307.95
2025-10-31,9:49:52.750642245,T,IBM,I,2,307.92
2025-10-31,9:49:52.750771557,T,IBM,I,7,307.99
2025-10-31,9:49:52.750939956,T,IBM,I,3,307.92
2025-10-31,9:49:52.751204864,T,IBM,I,13,307.95
2025-10-31,9:49:52.751288860,T,IBM,F I,1,307.87
2025-10-31,9:49:52.751331676,T,IBM,I,10,307.91
2025-10-31,9:49:52.751403123,T,IBM,I,27,307.91
2025-10-31,9:49:52.751451168,T,IBM,F I,11,307.91
2025-10-31,9:49:52.751451168,T,IBM,I,10,307.91
2025-10-31,9:49:52.751532429,T,IBM,I,27,307.91
2025-10-31,9:49:52.751652743,T,IBM,I,10,307.91
2025-10-31,9:49:52.751751920,T,IBM,F I,11,307.87
2025-10-31,9:49:52.751757981,T,IBM,F I,3,307.87
2025-10-31,9:49:52.751788053,T,IBM,I,5,307.91
2025-10-31,9:49:52.751884565,T,IBM,I,10,307.82
2025-10-31,9:49:52.752001831,T,IBM,F I,3,307.87
2025-10-31,9:49:52.752239094,T,IBM,I,2,307.92
2025-10-31,9:49:52.757465523,T,IBM,I,45,307.72
2025-10-31,9:49:52.757469026,T,IBM,I,10,307.69
2025-10-31,9:49:52.757474548,T,IBM,I,5,307.69
2025-10-31,9:49:52.757474548,T,IBM,I,17,307.65
2025-10-31,9:49:52.757478483,T,IBM,I,17,307.64
2025-10-31,9:49:52.757478483,T,IBM,I,10,307.64
2025-10-31,9:49:52.757483630,T,IBM,I,17,307.63
2025-10-31,9:49:52.757483630,T,IBM,I,10,307.57
2025-10-31,9:49:52.757483630,T,IBM,I,10,307.55
2025-10-31,9:49:52.757483630,T,IBM,I,7,307.53
2025-10-31,9:49:52.757489739,T,IBM,,100,307.53
2025-10-31,9:49:52.757489739,T,IBM,,100,307.5
2025-10-31,9:49:52.757562238,T,IBM,I,7,307.77
2025-10-31,9:49:52.757745558,T,IBM,I,10,307.74
2025-10-31,9:49:52.757790279,T,IBM,I,6,307.73
2025-10-31,9:49:52.757830098,T,IBM,I,12,307.7
2025-10-31,9:49:52.757850457,T,IBM,I,1,307.7
2025-10-31,9:49:52.757871905,T,IBM,I,32,307.71
2025-10-31,9:49:52.757898564,T,IBM,I,10,307.71
2025-10-31,9:49:52.758096988,T,IBM,I,6,307.73
2025-10-31,9:49:52.758100006,T,IBM,I,4,307.75
2025-10-31,9:49:52.758151146,T,IBM,I,6,307.75
2025-10-31,9:49:52.758196215,T,IBM,F I,10,307.75
2025-10-31,9:49:52.758199240,T,IBM,F I,90,307.75
2025-10-31,9:49:52.758226686,T,IBM,I,7,307.8
2025-10-31,9:49:52.758229336,T,IBM,I,10,307.8
2025-10-31,9:49:52.758340774,T,IBM,I,10,307.74
2025-10-31,9:49:52.758346678,T,IBM,I,7,307.74
2025-10-31,9:49:52.766011933,T,IBM,I,20,307.8
2025-10-31,9:49:52.766703973,T,IBM,F I,5,307.68
2025-10-31,9:49:54.443528476,T,IBM,I,10,307.79
2025-10-31,9:49:54.443531440,T,IBM,I,90,307.72
2025-10-31,9:49:54.449320700,T,IBM,I,25,307.63
2025-10-31,9:49:54.449323214,T,IBM,I,25,307.62
2025-10-31,9:49:54.449326225,T,IBM,I,10,307.58
2025-10-31,9:49:54.497428800,T,IBM,F I,10,307.7
2025-10-31,9:49:57.699647204,T,IBM,F,100,307.88
2025-10-31,9:50:00.648088516,T,IBM,I,10,307.83
2025-10-31,9:50:00.648091425,T,IBM,I,75,307.83
2025-10-31,9:50:00.648094501,T,IBM,I,15,307.82
2025-10-31,9:50:01.699328222,T,IBM,F I,10,307.75
2025-10-31,9:50:01.699328222,T,IBM,F I,25,307.86
2025-10-31,9:50:01.699331338,T,IBM,F I,10,307.87
2025-10-31,9:50:01.699334150,T,IBM,F I,10,307.93
2025-10-31,9:50:01.699334150,T,IBM,F I,10,307.94
2025-10-31,9:50:01.699337740,T,IBM,F I,6,307.97
2025-10-31,9:50:01.699340188,T,IBM,F I,1,307.97
2025-10-31,9:50:01.699445506,T,IBM,F I,3,307.97
2025-10-31,9:50:01.699457438,T,IBM,F I,3,307.98
2025-10-31,9:50:01.699484533,T,IBM,I,34,308.05
2025-10-31,9:50:01.699484533,T,IBM,I,10,308.05
2025-10-31,9:50:01.699553638,T,IBM,F I,34,308.05
2025-10-31,9:50:01.699563264,T,IBM,F,566,308.05
2025-10-31,9:50:01.700053155,T,IBM,F I,40,308.05
2025-10-31,9:50:01.711739300,T,IBM,I,10,307.99
2025-10-31,9:50:01.711739300,T,IBM,I,25,307.99
2025-10-31,9:50:01.711739300,T,IBM,I,10,307.98
2025-10-31,9:50:01.711741921,T,IBM,I,20,307.965
2025-10-31,9:50:01.711741921,T,IBM,I,1,307.965
2025-10-31,9:50:05.040669770,T,IBM,F I,7,308.09
2025-10-31,9:50:05.040675760,T,IBM,F I,75,308.09
2025-10-31,9:50:05.040684806,T,IBM,I,7,308.09
2025-10-31,9:50:05.040746123,T,IBM,F I,7,308.09
2025-10-31,9:50:05.040751132,T,IBM,I,4,308.09
2025-10-31,9:50:05.040751132,T,IBM,I,5,308.11
2025-10-31,9:50:05.040754095,T,IBM,I,32,308.11
2025-10-31,9:50:05.040754095,T,IBM,I,7,308.14
2025-10-31,9:50:05.065102876,T,IBM,F I,4,308.25
2025-10-31,9:50:07.273566510,T,IBM,I,75,308.21
2025-10-31,9:50:07.273566510,T,IBM,I,25,308.21
2025-10-31,9:50:07.273780033,T,IBM,F I,30,308.21
2025-10-31,9:50:11.198444346,T,IBM,F I,40,308.38
2025-10-31,9:50:11.198444346,T,IBM,F I,2,308.39
2025-10-31,9:50:11.199157013,T,IBM,F I,8,308.38
2025-10-31,9:50:11.316189713,T,IBM,I,32,308.38
2025-10-31,9:50:11.316189713,T,IBM,I,10,308.41
2025-10-31,9:50:11.717305842,T,IBM,I,75,308.31
2025-10-31,9:50:11.717305842,T,IBM,I,10,308.3
2025-10-31,9:50:11.717308655,T,IBM,I,10,308.3
2025-10-31,9:50:11.717311639,T,IBM,I,5,308.255
2025-10-31,9:50:11.718018336,T,IBM,F I,9,308.255
2025-10-31,9:50:11.786707768,T,IBM,F I,9,308.23
2025-10-31,9:50:12.308498216,T,IBM,I,75,308.11
2025-10-31,9:50:12.308498216,T,IBM,I,25,308.1
2025-10-31,9:50:12.341120098,T,IBM,F I,10,308.05
2025-10-31,9:50:12.341120098,T,IBM,F I,52,308.05
2025-10-31,9:50:17.778640575,T,IBM,I,75,308.16
2025-10-31,9:50:17.778643629,T,IBM,I,10,308.08
2025-10-31,9:50:17.778643629,T,IBM,I,15,308.05
2025-10-31,9:50:17.782913723,T,IBM,I,60,307.99
2025-10-31,9:50:17.800872711,T,IBM,I,17,307.98
2025-10-31,9:50:17.800872711,T,IBM,I,8,307.98
2025-10-31,9:50:17.800896542,T,IBM,,100,307.98
2025-10-31,9:50:17.800896542,T,IBM,I,1,307.98
2025-10-31,9:50:17.800917614,T,IBM,,100,307.98
2025-10-31,9:50:18.052286084,T,IBM,,100,307.99
2025-10-31,9:50:18.052319072,T,IBM,F,189,307.98
2025-10-31,9:50:18.052328254,T,IBM,F,202,307.98
2025-10-31,9:50:18.052361166,T,IBM,F I,70,307.98
2025-10-31,9:50:18.052370369,T,IBM,F I,20,307.97
2025-10-31,9:50:18.052373217,T,IBM,F I,26,307.99
2025-10-31,9:50:18.052376852,T,IBM,F I,74,307.99
2025-10-31,9:50:18.052379294,T,IBM,F I,21,307.97
2025-10-31,9:50:18.052424652,T,IBM,F I,20,307.93
2025-10-31,9:50:18.052431001,T,IBM,I,75,307.98
2025-10-31,9:50:18.052445449,T,IBM,I,25,307.98
2025-10-31,9:50:18.052794269,T,IBM,F I,8,307.93
2025-10-31,9:50:18.052794269,T,IBM,F I,1,307.85
2025-10-31,9:50:18.052797289,T,IBM,F I,2,307.85
2025-10-31,9:50:18.052800575,T,IBM,F I,8,307.85
2025-10-31,9:50:18.052800575,T,IBM,F I,9,307.85
2025-10-31,9:50:18.052806237,T,IBM,F I,8,307.93
2025-10-31,9:50:18.052806237,T,IBM,F I,10,307.93
2025-10-31,9:50:18.052809267,T,IBM,F I,73,307.93
2025-10-31,9:50:18.052812322,T,IBM,F I,1,307.93
2025-10-31,9:50:18.052824257,T,IBM,F I,20,307.93
2025-10-31,9:50:18.053164794,T,IBM,F I,1,307.82
2025-10-31,9:50:18.053170105,T,IBM,F I,1,307.82
2025-10-31,9:50:18.053197529,T,IBM,F I,53,307.82
2025-10-31,9:50:18.053197529,T,IBM,F I,36,307.82
2025-10-31,9:50:18.053218268,T,IBM,I,1,307.82
2025-10-31,9:50:18.053416714,T,IBM,F I,2,307.82
2025-10-31,9:50:18.053416714,T,IBM,F I,49,307.82
2025-10-31,9:50:18.053437754,T,IBM,F I,21,307.82
2025-10-31,9:50:18.053600126,T,IBM,F I,5,307.79
2025-10-31,9:50:18.053918971,T,IBM,F I,12,307.88
2025-10-31,9:50:18.054700737,T,IBM,F I,1,307.74
2025-10-31,9:50:24.613338742,T,IBM,I,10,307.78
2025-10-31,9:50:24.613341726,T,IBM,I,17,307.71
2025-10-31,9:50:24.613383890,T,IBM,I,58,307.71
2025-10-31,9:50:24.613383890,T,IBM,I,10,307.63
2025-10-31,9:50:24.613386873,T,IBM,I,26,307.55
2025-10-31,9:50:24.613389856,T,IBM,I,6,307.54
2025-10-31,9:50:29.619167232,T,IBM,I,27,307.64
2025-10-31,9:50:29.619236957,T,IBM,I,7,307.53
2025-10-31,9:50:29.619242465,T,IBM,I,10,307.53
2025-10-31,9:50:29.619242465,T,IBM,I,10,307.53
2025-10-31,9:50:29.619242465,T,IBM,I,73,307.53
2025-10-31,9:50:29.619260411,T,IBM,,100,307.53
2025-10-31,9:50:29.619263444,T,IBM,I,1,307.53
2025-10-31,9:50:35.522473910,T,IBM,I,75,307.53
2025-10-31,9:50:35.522473910,T,IBM,I,10,307.55
2025-10-31,9:50:35.522476032,T,IBM,I,25,307.55
2025-10-31,9:50:35.522479133,T,IBM,I,10,307.58
2025-10-31,9:50:35.522479133,T,IBM,I,25,307.58
2025-10-31,9:50:35.522482046,T,IBM,I,5,307.58
2025-10-31,9:50:35.524920823,T,IBM,I,25,307.64
2025-10-31,9:50:35.866985129,T,IBM,,100,307.64
2025-10-31,9:50:35.867261816,T,IBM,F I,50,307.64
2025-10-31,9:50:36.325369497,T,IBM,F I,10,307.54
2025-10-31,9:50:36.735939868,T,IBM,I,6,307.38
2025-10-31,9:50:36.735939868,T,IBM,,100,307.38
2025-10-31,9:50:36.735943318,T,IBM,I,75,307.35
2025-10-31,9:50:36.735943318,T,IBM,I,6,307.35
2025-10-31,9:50:36.735946411,T,IBM,I,10,307.35
2025-10-31,9:50:36.735949119,T,IBM,I,5,307.34
2025-10-31,9:50:36.735952219,T,IBM,,100,307.34
2025-10-31,9:50:36.735952219,T,IBM,I,93,307.3
2025-10-31,9:50:36.736057768,T,IBM,F I,7,307.3
2025-10-31,9:50:36.736057768,T,IBM,F I,2,307.29
2025-10-31,9:50:36.736060184,T,IBM,F I,10,307.29
2025-10-31,9:50:36.736063148,T,IBM,F I,20,307.29
2025-10-31,9:50:36.736078253,T,IBM,I,7,307.29
2025-10-31,9:50:36.736292147,T,IBM,F I,82,307.27
2025-10-31,9:50:36.736294750,T,IBM,F I,56,307.26
2025-10-31,9:50:36.736297733,T,IBM,F,218,307.26
2025-10-31,9:50:36.736574364,T,IBM,I,98,307.49
2025-10-31,9:50:36.736703714,T,IBM,I,15,307.42
2025-10-31,9:50:36.736811911,T,IBM,F I,10,307.26
2025-10-31,9:50:36.737067602,T,IBM,I,16,307.49
2025-10-31,9:50:36.737097588,T,IBM,F I,1,307.49
2025-10-31,9:50:36.737167084,T,IBM,I,16,307.47
2025-10-31,9:50:36.737167084,T,IBM,F I,20,307.34
2025-10-31,9:50:36.737172808,T,IBM,F I,10,307.34
2025-10-31,9:50:36.737302224,T,IBM,I,2,307.43
2025-10-31,9:50:36.737329146,T,IBM,F I,8,307.43
2025-10-31,9:50:36.737335151,T,IBM,F I,11,307.43
2025-10-31,9:50:36.737506561,T,IBM,I,16,307.51
2025-10-31,9:50:36.737551704,T,IBM,F I,8,307.51
2025-10-31,9:50:36.737572716,T,IBM,F I,73,307.51
2025-10-31,9:50:36.737575758,T,IBM,F I,8,307.51
2025-10-31,9:50:36.737578752,T,IBM,F I,62,307.51
2025-10-31,9:50:36.737590836,T,IBM,I,41,307.54
2025-10-31,9:50:36.737599843,T,IBM,I,21,307.51
2025-10-31,9:50:36.737765164,T,IBM,F I,40,307.51
2025-10-31,9:50:36.737822295,T,IBM,I,6,307.54
2025-10-31,9:50:36.737993797,T,IBM,F I,41,307.56
2025-10-31,9:50:36.737999961,T,IBM,F I,6,307.51
2025-10-31,9:50:36.738020847,T,IBM,I,16,307.57
2025-10-31,9:50:36.738068948,T,IBM,F I,6,307.53
2025-10-31,9:50:36.738095991,T,IBM,F I,4,307.53
2025-10-31,9:50:36.738099039,T,IBM,F I,6,307.53
2025-10-31,9:50:36.738207266,T,IBM,F I,10,307.51
2025-10-31,9:50:36.738210252,T,IBM,F I,7,307.47
2025-10-31,9:50:36.739088311,T,IBM,F I,3,307.47
2025-10-31,9:50:36.739091372,T,IBM,F I,5,307.43
2025-10-31,9:50:36.739136493,T,IBM,I,20,307.47
2025-10-31,9:50:36.749920153,T,IBM,F I,65,307.46
2025-10-31,9:50:36.750028356,T,IBM,F I,34,307.46
2025-10-31,9:50:36.750031438,T,IBM,F I,31,307.43
2025-10-31,9:50:36.764174134,T,IBM,F I,34,307.43
2025-10-31,9:50:41.583744933,T,IBM,,100,307.26
2025-10-31,9:50:41.583747944,T,IBM,I,10,307.25
2025-10-31,9:50:41.583747944,T,IBM,I,1,307.25
2025-10-31,9:50:41.583780999,T,IBM,I,19,307.25
2025-10-31,9:50:41.583784109,T,IBM,I,1,307.24
2025-10-31,9:50:41.583784109,T,IBM,I,2,307.22
2025-10-31,9:50:41.583787343,T,IBM,I,5,307.18
2025-10-31,9:50:41.583790481,T,IBM,I,10,307.18
2025-10-31,9:50:41.583790481,T,IBM,I,12,307.17
2025-10-31,9:50:41.583793914,T,IBM,I,7,307.13
2025-10-31,9:50:41.583793914,T,IBM,I,13,307.1
2025-10-31,9:50:41.583799844,T,IBM,I,10,307.1
2025-10-31,9:50:41.583799844,T,IBM,I,21,307.1
2025-10-31,9:50:41.589491789,T,IBM,I,10,307.06
2025-10-31,9:50:41.852533966,T,IBM,I,10,307.26
2025-10-31,9:50:41.852533966,T,IBM,I,10,307.26
2025-10-31,9:50:41.852540333,T,IBM,I,25,307.26
2025-10-31,9:50:41.852540333,T,IBM,I,25,307.27
2025-10-31,9:50:41.852543017,T,IBM,I,10,307.27
2025-10-31,9:50:41.852543017,T,IBM,I,20,307.28
2025-10-31,9:50:42.590818511,T,IBM,F I,75,307.35
2025-10-31,9:50:45.343178008,T,IBM,F I,10,307.34
2025-10-31,9:50:46.024654322,T,IBM,F I,10,307.43
2025-10-31,9:50:46.024657844,T,IBM,F I,5,307.47
2025-10-31,9:50:46.024804713,T,IBM,F I,15,307.49
2025-10-31,9:50:46.030873100,T,IBM,F I,5,307.52
2025-10-31,9:50:46.082253428,T,IBM,I,10,307.43
2025-10-31,9:50:49.876542415,T,IBM,,100,307.24
2025-10-31,9:50:49.879315036,T,IBM,F I,10,307.0
2025-10-31,9:50:49.879315036,T,IBM,F I,1,307.0
2025-10-31,9:50:49.899391004,T,IBM,I,10,306.82
2025-10-31,9:50:49.899391004,T,IBM,I,10,306.74
2025-10-31,9:50:49.899397508,T,IBM,I,7,306.66
2025-10-31,9:50:49.899397508,T,IBM,I,5,306.66
2025-10-31,9:50:49.899400134,T,IBM,I,10,306.66
2025-10-31,9:50:49.899402987,T,IBM,,100,306.65
2025-10-31,9:50:49.899402987,T,IBM,I,41,306.61
2025-10-31,9:50:49.899421302,T,IBM,I,49,306.61
2025-10-31,9:50:49.899544262,T,IBM,I,27,306.89
2025-10-31,9:50:49.900022342,T,IBM,I,10,306.89
2025-10-31,9:50:49.900148672,T,IBM,F I,17,306.9
2025-10-31,9:50:55.675773872,T,IBM,I,34,306.92
2025-10-31,9:50:55.675773872,T,IBM,I,25,306.91
2025-10-31,9:50:55.675777048,T,IBM,I,8,306.9
2025-10-31,9:50:55.675777048,T,IBM,I,25,306.9
2025-10-31,9:50:55.675779696,T,IBM,I,8,306.88
2025-10-31,9:50:55.675851865,T,IBM,I,12,306.88
2025-10-31,9:50:55.705652765,T,IBM,I,18,306.74
2025-10-31,9:50:55.705655811,T,IBM,I,20,306.73
2025-10-31,9:50:59.390008927,T,IBM,F I,20,306.67
2025-10-31,9:50:59.390012008,T,IBM,F I,4,306.67
2025-10-31,9:51:00.797221108,T,IBM,I,20,306.57
2025-10-31,9:51:00.797221108,T,IBM,I,80,306.57
2025-10-31,9:51:00.797290244,T,IBM,F I,20,306.57
2025-10-31,9:51:00.797314260,T,IBM,F I,80,306.55
2025-10-31,9:51:00.831313307,T,IBM,F I,10,306.62
2025-10-31,9:51:00.831313307,T,IBM,F I,12,306.62
2025-10-31,9:51:00.831316286,T,IBM,F I,10,306.63
2025-10-31,9:51:00.831397403,T,IBM,F I,10,306.66
2025-10-31,9:51:01.517237394,T,IBM,F I,10,306.54
2025-10-31,9:51:01.517237394,T,IBM,F I,45,306.48
2025-10-31,9:51:01.517510872,T,IBM,F I,1,306.48
2025-10-31,9:51:01.517510872,T,IBM,F I,27,306.47
2025-10-31,9:51:01.517531935,T,IBM,I,28,306.47
2025-10-31,9:51:01.517601247,T,IBM,F I,70,306.47
2025-10-31,9:51:01.518022081,T,IBM,I,58,306.6
2025-10-31,9:51:01.518115320,T,IBM,I,70,306.47
2025-10-31,9:51:01.518130778,T,IBM,I,12,306.57
2025-10-31,9:51:01.518343808,T,IBM,F I,1,306.56
2025-10-31,9:51:01.518382969,T,IBM,F I,1,306.57
2025-10-31,9:51:01.538732514,T,IBM,F I,40,306.48
2025-10-31,9:51:01.538738424,T,IBM,F I,40,306.47
2025-10-31,9:51:01.539174407,T,IBM,F I,70,306.39
2025-10-31,9:51:05.446108585,T,IBM,,100,306.56
2025-10-31,9:51:05.515868671,T,IBM,F I,6,306.79
2025-10-31,9:51:05.515880731,T,IBM,I,6,306.83
2025-10-31,9:51:05.875563978,T,IBM,F I,12,307.0
2025-10-31,9:51:06.074105703,T,IBM,I,25,306.99
2025-10-31,9:51:06.074105703,T,IBM,I,10,306.99
2025-10-31,9:51:06.074108933,T,IBM,I,10,306.98
2025-10-31,9:51:06.074115621,T,IBM,I,12,306.98
2025-10-31,9:51:06.074117801,T,IBM,I,43,306.98
2025-10-31,9:51:06.082158903,T,IBM,I,30,306.96
2025-10-31,9:51:06.082158903,T,IBM,I,10,306.9
2025-10-31,9:51:06.082161891,T,IBM,I,10,306.88
2025-10-31,9:51:06.082161891,T,IBM,I,97,306.86
2025-10-31,9:51:13.486128000,T,IBM,I,2,306.64
2025-10-31,9:51:13.486128000,T,IBM,I,2,306.64
2025-10-31,9:51:13.486130527,T,IBM,I,2,306.64
2025-10-31,9:51:13.486133743,T,IBM,I,30,306.64
2025-10-31,9:51:13.486133743,T,IBM,I,64,306.55
2025-10-31,9:51:13.486160681,T,IBM,I,20,306.55
2025-10-31,9:51:13.486292721,T,IBM,F I,16,306.55
2025-10-31,9:51:13.486560394,T,IBM,F I,1,306.5
2025-10-31,9:51:13.486644625,T,IBM,I,10,306.53
2025-10-31,9:51:13.486644625,T,IBM,I,97,306.55
2025-10-31,9:51:13.486809988,T,IBM,F I,6,306.5
2025-10-31,9:51:13.516454492,T,IBM,I,1,306.44
2025-10-31,9:51:16.341936131,T,IBM,F I,30,306.71
2025-10-31,9:51:16.341975248,T,IBM,F I,6,306.78
2025-10-31,9:51:18.331833374,T,IBM,F I,6,306.86
2025-10-31,9:51:18.332037929,T,IBM,F I,7,306.95
2025-10-31,9:51:18.332089039,T,IBM,F I,1,307.08
2025-10-31,9:51:18.332101359,T,IBM,F I,1,307.08
2025-10-31,9:51:18.332164213,T,IBM,F I,10,307.17
2025-10-31,9:51:18.332164213,T,IBM,F I,7,307.17
2025-10-31,9:51:18.332230507,T,IBM,F I,17,307.17
2025-10-31,9:51:18.332275941,T,IBM,I,8,307.09
2025-10-31,9:51:18.332341658,T,IBM,F I,32,307.09
2025-10-31,9:51:18.332347601,T,IBM,F I,57,307.09
2025-10-31,9:51:18.343029104,T,IBM,F I,20,307.01
2025-10-31,9:51:18.343077726,T,IBM,F I,8,307.01
2025-10-31,9:51:18.343077726,T,IBM,F I,92,307.01
2025-10-31,9:51:18.343083232,T,IBM,F I,23,307.02
2025-10-31,9:51:18.343083232,T,IBM,F I,64,307.01
2025-10-31,9:51:18.343095368,T,IBM,,100,307.01
2025-10-31,9:51:18.343098209,T,IBM,F I,36,307.01
2025-10-31,9:51:18.343224516,T,IBM,F I,8,306.94
2025-10-31,9:51:18.343341922,T,IBM,F,100,307.0
2025-10-31,9:51:19.792473706,T,IBM,I,19,306.87
2025-10-31,9:51:19.792473706,T,IBM,I,20,306.79
2025-10-31,9:51:19.792476668,T,IBM,I,61,306.73
2025-10-31,9:51:19.794518598,T,IBM,F I,23,306.72
2025-10-31,9:51:19.794921501,T,IBM,I,17,306.86
2025-10-31,9:51:19.794972644,T,IBM,I,17,306.87
2025-10-31,9:51:19.795685327,T,IBM,F I,17,306.73
2025-10-31,9:51:19.795685327,T,IBM,F I,15,306.72
2025-10-31,9:51:19.795986074,T,IBM,I,17,306.89
2025-10-31,9:51:19.796109850,T,IBM,F I,20,306.8
2025-10-31,9:51:19.796112564,T,IBM,F I,12,306.74
2025-10-31,9:51:19.796112564,T,IBM,F I,9,306.72
2025-10-31,9:51:19.796250759,T,IBM,I,3,306.89
2025-10-31,9:51:19.812790131,T,IBM,I,3,306.8
2025-10-31,9:51:19.813147947,T,IBM,I,14,306.8
2025-10-31,9:51:20.076075860,T,IBM,I,10,306.9
2025-10-31,9:51:20.076079228,T,IBM,I,12,306.94
2025-10-31,9:51:20.076079228,T,IBM,I,25,306.95
2025-10-31,9:51:20.076081881,T,IBM,I,10,306.99
2025-10-31,9:51:22.592114811,T,IBM,I,5,307.05
2025-10-31,9:51:22.592141838,T,IBM,I,4,307.05
2025-10-31,9:51:22.601975328,T,IBM,I,26,307.0
2025-10-31,9:51:22.602059535,T,IBM,F I,5,307.18
2025-10-31,9:51:22.602080537,T,IBM,I,5,307.19
2025-10-31,9:51:22.602107580,T,IBM,I,5,307.2
2025-10-31,9:51:23.871985855,T,IBM,F I,1,307.36
2025-10-31,9:51:24.930184062,T,IBM,I,25,307.39
2025-10-31,9:51:24.930187018,T,IBM,I,75,307.35
2025-10-31,9:51:24.938279360,T,IBM,I,19,307.3
2025-10-31,9:51:24.938282586,T,IBM,I,10,307.29
2025-10-31,9:51:24.938285806,T,IBM,I,12,307.26
2025-10-31,9:51:24.938285806,T,IBM,I,10,307.25
2025-10-31,9:51:24.938288389,T,IBM,I,10,307.22
2025-10-31,9:51:24.938288389,T,IBM,I,21,307.15
2025-10-31,9:51:30.183922473,T,IBM,I,10,307.09
2025-10-31,9:51:30.183925852,T,IBM,I,10,307.05
2025-10-31,9:51:30.183925852,T,IBM,I,2,307.02
2025-10-31,9:51:30.183928553,T,IBM,I,78,306.99
2025-10-31,9:51:30.183961652,T,IBM,I,17,306.99
2025-10-31,9:51:30.221875923,T,IBM,I,88,306.94
2025-10-31,9:51:30.221893951,T,IBM,I,1,306.94
2025-10-31,9:51:33.465235347,T,IBM,F I,23,306.89
2025-10-31,9:51:33.465238835,T,IBM,F I,10,306.89
2025-10-31,9:51:35.764160214,T,IBM,,100,306.67
2025-10-31,9:51:35.768057520,T,IBM,I,14,306.71
2025-10-31,9:51:35.780840941,T,IBM,I,10,306.73
2025-10-31,9:51:35.780840941,T,IBM,I,7,306.66
2025-10-31,9:51:35.780843970,T,IBM,I,5,306.66
2025-10-31,9:51:35.780850626,T,IBM,I,23,306.66
2025-10-31,9:51:35.780850626,T,IBM,I,10,306.66
2025-10-31,9:51:35.780853169,T,IBM,I,7,306.66
2025-10-31,9:51:35.780859181,T,IBM,I,38,306.66
2025-10-31,9:51:35.780865044,T,IBM,I,32,306.66
2025-10-31,9:51:35.780922129,T,IBM,I,48,306.86
2025-10-31,9:51:35.780955177,T,IBM,F I,10,306.86
2025-10-31,9:51:35.780958208,T,IBM,F I,10,306.86
2025-10-31,9:51:35.780964264,T,IBM,F I,12,306.86
2025-10-31,9:51:35.780967301,T,IBM,F I,16,306.87
2025-10-31,9:51:35.780976317,T,IBM,I,32,306.87
2025-10-31,9:51:35.780979649,T,IBM,I,10,306.87
2025-10-31,9:51:35.780979649,T,IBM,I,6,306.87
2025-10-31,9:51:35.781000373,T,IBM,I,1,306.87
2025-10-31,9:51:35.781562784,T,IBM,F I,14,306.99
2025-10-31,9:51:35.782019706,T,IBM,F I,14,306.84
2025-10-31,9:51:35.782023002,T,IBM,F I,48,306.82
2025-10-31,9:51:35.782023002,T,IBM,F I,49,306.82
2025-10-31,9:51:35.782026021,T,IBM,F I,10,306.82
2025-10-31,9:51:35.782029191,T,IBM,F I,61,306.82
2025-10-31,9:51:35.782038111,T,IBM,I,34,307.06
2025-10-31,9:51:35.782038111,T,IBM,I,10,307.06
2025-10-31,9:51:35.782052780,T,IBM,I,44,306.99
2025-10-31,9:51:35.782070833,T,IBM,F I,4,306.99
2025-10-31,9:51:35.793032007,T,IBM,F I,10,307.02
2025-10-31,9:51:35.793032007,T,IBM,F I,12,307.02
2025-10-31,9:51:35.793034971,T,IBM,F I,19,306.97
2025-10-31,9:51:35.976968434,T,IBM,F I,12,307.02
2025-10-31,9:51:35.976968434,T,IBM,F I,10,307.02
2025-10-31,9:51:35.976970916,T,IBM,F I,28,306.97
2025-10-31,9:51:39.564926866,T,IBM,F I,15,307.05
2025-10-31,9:51:39.564929801,T,IBM,F I,10,307.02
2025-10-31,9:51:39.564929801,T,IBM,F I,55,307.01
2025-10-31,9:51:39.564947737,T,IBM,F I,15,307.01
2025-10-31,9:51:39.564950655,T,IBM,F I,10,307.01
2025-10-31,9:51:43.045683175,T,IBM,I,10,306.7
2025-10-31,9:51:43.045686138,T,IBM,I,90,306.65
2025-10-31,9:51:44.083429661,T,IBM,F I,1,306.95
2025-10-31,9:51:44.083450820,T,IBM,I,24,306.95
2025-10-31,9:51:44.083453769,T,IBM,I,42,306.99
2025-10-31,9:51:44.083459833,T,IBM,I,3,306.99
2025-10-31,9:51:44.083459833,T,IBM,I,76,306.99
2025-10-31,9:51:44.083474843,T,IBM,F I,6,306.99
2025-10-31,9:51:44.083498906,T,IBM,F I,10,307.0
2025-10-31,9:51:44.083504937,T,IBM,F I,10,307.0
2025-10-31,9:51:44.083522902,T,IBM,F I,31,306.93
2025-10-31,9:51:44.083546977,T,IBM,I,60,306.93
2025-10-31,9:51:44.083598488,T,IBM,F I,8,306.93
2025-10-31,9:51:44.083601106,T,IBM,F I,62,306.93
2025-10-31,9:51:44.083613104,T,IBM,I,79,306.91
2025-10-31,9:51:44.083616234,T,IBM,I,21,306.93
2025-10-31,9:51:44.083616234,T,IBM,I,9,306.93
2025-10-31,9:51:44.083619891,T,IBM,I,91,306.93
2025-10-31,9:51:44.083625234,T,IBM,I,9,306.93
2025-10-31,9:51:44.083637812,T,IBM,,100,306.93
2025-10-31,9:51:44.083643207,T,IBM,F I,90,306.93
2025-10-31,9:51:44.083643207,T,IBM,I,67,306.93
2025-10-31,9:51:44.083661224,T,IBM,F,253,306.93
2025-10-31,9:51:44.083670337,T,IBM,,100,306.93
2025-10-31,9:51:44.083673280,T,IBM,,100,306.93
2025-10-31,9:51:44.084280745,T,IBM,F I,38,306.94
2025-10-31,9:51:44.084311249,T,IBM,F I,2,306.94
2025-10-31,9:51:44.084332015,T,IBM,F I,44,306.94
2025-10-31,9:51:44.084391988,T,IBM,F I,75,306.86
2025-10-31,9:51:44.084391988,T,IBM,F I,55,306.94
2025-10-31,9:51:44.084419097,T,IBM,I,75,306.94
2025-10-31,9:51:44.084810052,T,IBM,,100,306.93
2025-10-31,9:51:44.084810052,T,IBM,I,11,306.94
2025-10-31,9:51:44.568502528,T,IBM,F,100,306.74
2025-10-31,9:51:44.569001727,T,IBM,I,10,306.8
2025-10-31,9:51:44.569001727,T,IBM,I,26,306.82
2025-10-31,9:51:44.681544924,T,IBM,I,8,306.42
2025-10-31,9:51:44.681547705,T,IBM,,100,306.41
2025-10-31,9:51:44.681551045,T,IBM,I,92,306.41
2025-10-31,9:51:44.681553657,T,IBM,I,55,306.62
2025-10-31,9:51:44.681568727,T,IBM,I,8,306.41
2025-10-31,9:51:44.682049847,T,IBM,I,20,306.55
2025-10-31,9:51:44.682085912,T,IBM,F I,36,306.55
2025-10-31,9:51:44.682112982,T,IBM,F I,4,306.55
2025-10-31,9:51:44.682185228,T,IBM,I,11,306.61
2025-10-31,9:51:44.682648443,T,IBM,F I,10,306.55
2025-10-31,9:51:44.682651268,T,IBM,F I,40,306.55
2025-10-31,9:51:44.682654314,T,IBM,F I,16,306.35
2025-10-31,9:51:44.682847504,T,IBM,I,6,306.55
2025-10-31,9:51:44.682897815,T,IBM,F I,10,306.55
2025-10-31,9:51:44.682970072,T,IBM,I,4,306.59
2025-10-31,9:51:44.682991111,T,IBM,I,28,306.61
2025-10-31,9:51:44.683075814,T,IBM,F I,60,306.61
2025-10-31,9:51:44.684933746,T,IBM,I,25,306.405
2025-10-31,9:51:44.684936769,T,IBM,I,38,306.34
2025-10-31,9:51:49.393080429,T,IBM,I,10,306.66
2025-10-31,9:51:49.393080429,T,IBM,I,2,306.6
2025-10-31,9:51:49.393402084,T,IBM,,100,306.75
2025-10-31,9:51:49.393402084,T,IBM,I,3,306.77
2025-10-31,9:51:49.393474271,T,IBM,F I,3,306.6
2025-10-31,9:51:49.397461756,T,IBM,I,13,306.46
2025-10-31,9:51:49.397464758,T,IBM,I,5,306.43
2025-10-31,9:51:49.397468699,T,IBM,I,12,306.42
2025-10-31,9:51:49.397468699,T,IBM,I,10,306.42
2025-10-31,9:51:49.397470803,T,IBM,I,4,306.38
2025-10-31,9:51:51.842718189,T,IBM,I,77,306.51
2025-10-31,9:51:51.844661532,T,IBM,I,70,306.5
2025-10-31,9:51:51.844661532,T,IBM,I,10,306.5
2025-10-31,9:51:51.844664187,T,IBM,I,7,306.42
2025-10-31,9:51:51.844666759,T,IBM,I,13,306.42
2025-10-31,9:51:52.716162602,T,IBM,I,23,306.575
2025-10-31,9:51:55.295282579,T,IBM,F I,10,306.78
2025-10-31,9:51:55.295282579,T,IBM,F I,7,306.81
2025-10-31,9:51:55.295496109,T,IBM,F I,7,306.93
2025-10-31,9:51:58.440774029,T,IBM,I,25,307.08
2025-10-31,9:51:59.863963216,T,IBM,F I,10,306.96
2025-10-31,9:51:59.863966221,T,IBM,F I,21,306.91
2025-10-31,9:52:02.703993445,T,IBM,F I,20,306.97
2025-10-31,9:52:03.960733356,T,IBM,I,5,306.91
2025-10-31,9:52:03.960733356,T,IBM,I,25,306.87
2025-10-31,9:52:03.960736419,T,IBM,I,9,306.86
2025-10-31,9:52:03.960775693,T,IBM,I,21,306.86
2025-10-31,9:52:03.960775693,T,IBM,I,1,306.86
2025-10-31,9:52:03.960778511,T,IBM,I,8,306.83
2025-10-31,9:52:03.960844648,T,IBM,F I,4,306.86
2025-10-31,9:52:04.854807231,T,IBM,F I,10,306.6
2025-10-31,9:52:04.854809895,T,IBM,F I,7,306.54
2025-10-31,9:52:04.855185805,T,IBM,F I,7,306.5
2025-10-31,9:52:04.855185805,T,IBM,F I,10,306.5
2025-10-31,9:52:04.855411278,T,IBM,F I,8,306.42
2025-10-31,9:52:04.863747229,T,IBM,I,7,306.26
2025-10-31,9:52:04.863747229,T,IBM,I,10,306.25
2025-10-31,9:52:04.863750367,T,IBM,,200,306.24
2025-10-31,9:52:04.918444372,T,IBM,F I,5,306.34
2025-10-31,9:52:10.380988005,T,IBM,I,11,306.48
2025-10-31,9:52:10.380991008,T,IBM,I,19,306.47
2025-10-31,9:52:10.381060161,T,IBM,I,20,306.44
2025-10-31,9:52:10.381060161,T,IBM,I,3,306.44
2025-10-31,9:52:10.381063165,T,IBM,I,40,306.44
2025-10-31,9:52:10.381066384,T,IBM,I,10,306.44
2025-10-31,9:52:10.381066384,T,IBM,I,10,306.38
2025-10-31,9:52:10.381069200,T,IBM,I,17,306.28
2025-10-31,9:52:10.383102031,T,IBM,F I,21,306.33
2025-10-31,9:52:10.383258625,T,IBM,I,10,306.4
2025-10-31,9:52:10.384536606,T,IBM,I,10,306.52
2025-10-31,9:52:10.415251525,T,IBM,I,45,306.525
2025-10-31,9:52:10.415254931,T,IBM,I,30,306.46
2025-10-31,9:52:10.415254931,T,IBM,I,10,306.39
2025-10-31,9:52:10.415257555,T,IBM,I,75,306.35
2025-10-31,9:52:10.415717721,T,IBM,I,45,306.53
2025-10-31,9:52:10.415756824,T,IBM,I,45,306.525
2025-10-31,9:52:10.501148105,T,IBM,I,45,306.57
2025-10-31,9:52:10.501202208,T,IBM,I,45,306.57
2025-10-31,9:52:10.501241320,T,IBM,I,8,306.57
2025-10-31,9:52:14.757980391,T,IBM,F I,75,306.57
2025-10-31,9:52:14.757980391,T,IBM,F I,11,306.54
2025-10-31,9:52:14.757986508,T,IBM,F,100,306.5
2025-10-31,9:52:14.757986508,T,IBM,F I,5,306.5
2025-10-31,9:52:14.757986508,T,IBM,F I,9,306.48
2025-10-31,9:52:14.758569697,T,IBM,F I,58,306.48
2025-10-31,9:52:14.758593750,T,IBM,I,1,306.48
2025-10-31,9:52:14.758593750,T,IBM,I,8,306.48
2025-10-31,9:52:14.759577147,T,IBM,I,85,306.48
2025-10-31,9:52:14.759898828,T,IBM,F I,39,306.48
2025-10-31,9:52:15.928297471,T,IBM,I,7,306.33
2025-10-31,9:52:15.928354658,T,IBM,I,7,306.18
2025-10-31,9:52:15.928357655,T,IBM,I,93,306.14
2025-10-31,9:52:15.949898012,T,IBM,I,87,306.11
2025-10-31,9:52:16.497465502,T,IBM,F I,20,306.1
2025-10-31,9:52:16.497468939,T,IBM,F I,20,306.1
2025-10-31,9:52:16.497468939,T,IBM,F I,20,306.1
2025-10-31,9:52:16.497712115,T,IBM,I,45,306.19
2025-10-31,9:52:16.497715088,T,IBM,I,10,306.2
2025-10-31,9:52:16.498623196,T,IBM,F I,10,306.06
2025-10-31,9:52:16.498623196,T,IBM,F I,10,306.02
2025-10-31,9:52:16.498674403,T,IBM,I,54,306.2
2025-10-31,9:52:16.498981030,T,IBM,I,11,306.25
2025-10-31,9:52:16.499510374,T,IBM,F I,12,306.1
2025-10-31,9:52:16.499510374,T,IBM,F I,10,306.06
2025-10-31,9:52:16.499513313,T,IBM,F I,54,306.02
2025-10-31,9:52:16.499513313,T,IBM,F I,16,306.02
2025-10-31,9:52:16.499516323,T,IBM,F I,2,306.02
2025-10-31,9:52:16.499585491,T,IBM,I,11,306.18
2025-10-31,9:52:19.331328116,T,IBM,I,10,306.18
2025-10-31,9:52:19.331331083,T,IBM,I,12,306.18
2025-10-31,9:52:19.331334066,T,IBM,I,10,306.18
2025-10-31,9:52:19.331334066,T,IBM,I,68,306.21
2025-10-31,9:52:19.857884574,T,IBM,F I,5,306.34
2025-10-31,9:52:19.858007852,T,IBM,F I,5,306.38
2025-10-31,9:52:21.376740561,T,IBM,I,25,306.53
2025-10-31,9:52:21.376740561,T,IBM,I,1,306.53
2025-10-31,9:52:21.376752582,T,IBM,F I,26,306.53
2025-10-31,9:52:21.376809718,T,IBM,I,26,306.53
2025-10-31,9:52:21.376923919,T,IBM,I,26,306.53
2025-10-31,9:52:21.376993089,T,IBM,I,26,306.53
2025-10-31,9:52:21.377014138,T,IBM,F I,26,306.53
2025-10-31,9:52:21.377041277,T,IBM,I,26,306.53
2025-10-31,9:52:21.377122359,T,IBM,I,26,306.53
2025-10-31,9:52:21.377218644,T,IBM,I,26,306.53
2025-10-31,9:52:21.377230680,T,IBM,F I,28,306.53
2025-10-31,9:52:21.377245774,T,IBM,I,24,306.53
2025-10-31,9:52:21.377245774,T,IBM,I,2,306.58
2025-10-31,9:52:21.377263724,T,IBM,I,24,306.58
2025-10-31,9:52:21.377299854,T,IBM,F I,2,306.61
2025-10-31,9:52:21.543670939,T,IBM,I,10,306.62
2025-10-31,9:52:21.543676958,T,IBM,I,10,306.62
2025-10-31,9:52:21.543676958,T,IBM,I,80,306.6
2025-10-31,9:52:21.543722018,T,IBM,I,20,306.6
2025-10-31,9:52:21.543722018,T,IBM,I,25,306.59
2025-10-31,9:52:21.543725560,T,IBM,I,26,306.58
2025-10-31,9:52:21.543725560,T,IBM,I,14,306.58
2025-10-31,9:52:21.543728642,T,IBM,I,10,306.58
2025-10-31,9:52:21.543731138,T,IBM,I,3,306.58
2025-10-31,9:52:21.543731138,T,IBM,I,2,306.57
2025-10-31,9:52:21.544464824,T,IBM,F I,1,306.45
2025-10-31,9:52:21.544479845,T,IBM,F I,1,306.45
2025-10-31,9:52:21.593683042,T,IBM,I,30,306.46
2025-10-31,9:52:26.232024610,T,IBM,F I,12,306.5
2025-10-31,9:52:26.232024610,T,IBM,F I,19,306.45
2025-10-31,9:52:26.718886535,T,IBM,I,20,306.43
2025-10-31,9:52:26.718886535,T,IBM,I,10,306.43
2025-10-31,9:52:26.718889925,T,IBM,I,1,306.43
2025-10-31,9:52:26.718892642,T,IBM,I,7,306.34
2025-10-31,9:52:26.718892642,T,IBM,I,8,306.26
2025-10-31,9:52:26.718895540,T,IBM,I,54,306.26
2025-10-31,9:52:26.718982702,T,IBM,F I,10,306.39
2025-10-31,9:52:26.718982702,T,IBM,F I,10,306.39
2025-10-31,9:52:26.719533029,T,IBM,F I,1,306.1
2025-10-31,9:52:26.719626215,T,IBM,F I,10,306.33
2025-10-31,9:52:26.745298506,T,IBM,I,10,306.21
2025-10-31,9:52:26.745298506,T,IBM,I,36,306.15
2025-10-31,9:52:31.011206572,T,IBM,F I,10,306.26
2025-10-31,9:52:31.011206572,T,IBM,F I,13,306.23
2025-10-31,9:52:33.002087864,T,IBM,F I,25,306.39
2025-10-31,9:52:33.002087864,T,IBM,F I,10,306.34
2025-10-31,9:52:33.002092842,T,IBM,F I,12,306.34
2025-10-31,9:52:33.002092842,T,IBM,F I,1,306.34
2025-10-31,9:52:33.148779077,T,IBM,I,12,306.3
2025-10-31,9:52:33.148782043,T,IBM,I,10,306.3
2025-10-31,9:52:33.148785120,T,IBM,I,12,306.27
2025-10-31,9:52:33.148842167,T,IBM,,100,306.24
2025-10-31,9:52:33.149154888,T,IBM,F I,1,306.18
2025-10-31,9:52:33.484633635,T,IBM,F I,6,306.18
2025-10-31,9:52:33.484636653,T,IBM,F I,5,306.18
2025-10-31,9:52:38.159975306,T,IBM,I,10,306.54
2025-10-31,9:52:38.364736047,T,IBM,I,5,306.71
2025-10-31,9:52:38.364736047,T,IBM,I,2,306.77
2025-10-31,9:52:38.365709989,T,IBM,I,1,306.78
2025-10-31,9:52:38.366663213,T,IBM,F I,20,306.8
2025-10-31,9:52:38.366666353,T,IBM,F I,2,306.84
2025-10-31,9:52:38.366666353,T,IBM,F I,3,306.84
2025-10-31,9:52:38.366669298,T,IBM,F I,11,306.84
