DATE,TIME_M,EX,SYM_ROOT,TR_SCOND,SIZE,PRICE
2025-10-17,9:30:01.352566222,T,IBM,F I,17,276.27
2025-10-17,9:30:01.352572155,T,IBM,Q,17,276.27
2025-10-17,9:30:01.353570797,T,IBM,F I,2,276.3
2025-10-17,9:30:01.505913366,T,IBM,I,1,276.28
2025-10-17,9:30:01.517439769,T,IBM,F I,60,276.3
2025-10-17,9:30:01.517460779,T,IBM,,100,276.28
2025-10-17,9:30:01.517469885,T,IBM,I,40,276.3
2025-10-17,9:30:02.375451662,T,IBM,I,5,276.35
2025-10-17,9:30:04.273230579,T,IBM,F I,4,276.39
2025-10-17,9:30:05.976473429,T,IBM,F I,4,276.45
2025-10-17,9:30:06.558924061,T,IBM,F I,3,276.55
2025-10-17,9:30:10.571039817,T,IBM,I,1,276.83
2025-10-17,9:30:10.571070625,T,IBM,F I,2,276.87
2025-10-17,9:30:10.571096943,T,IBM,F I,2,276.87
2025-10-17,9:30:10.571123988,T,IBM,F I,2,276.87
2025-10-17,9:30:10.571151018,T,IBM,F I,2,276.88
2025-10-17,9:30:10.571160046,T,IBM,F,100,276.8
2025-10-17,9:30:10.571163053,T,IBM,F I,50,276.79
2025-10-17,9:30:10.795422001,T,IBM,I,5,276.79
2025-10-17,9:30:12.978833183,T,IBM,F,100,276.725
2025-10-17,9:30:18.012080878,T,IBM,,100,276.54
2025-10-17,9:30:18.012080878,T,IBM,,100,276.56
2025-10-17,9:30:23.517347374,T,IBM,F I,25,276.55
2025-10-17,9:30:27.734440128,T,IBM,I,37,276.32
2025-10-17,9:30:27.734443013,T,IBM,I,2,276.31
2025-10-17,9:30:27.734446047,T,IBM,I,61,276.31
2025-10-17,9:30:27.734788778,T,IBM,,100,276.31
2025-10-17,9:30:31.261092008,T,IBM,I,1,276.4
2025-10-17,9:30:54.984056979,T,IBM,I,1,276.43
2025-10-17,9:30:54.984065928,T,IBM,I,1,276.43
2025-10-17,9:30:54.984084447,T,IBM,I,2,276.43
2025-10-17,9:30:54.984084447,T,IBM,I,4,276.43
2025-10-17,9:30:54.984117057,T,IBM,F I,1,276.44
2025-10-17,9:30:54.988432313,T,IBM,F I,10,276.495
2025-10-17,9:30:54.988435642,T,IBM,F I,10,276.495
2025-10-17,9:30:54.988438354,T,IBM,F,100,276.495
2025-10-17,9:30:54.994167103,T,IBM,,100,276.495
2025-10-17,9:30:54.994194048,T,IBM,F,150,276.495
2025-10-17,9:30:55.000133173,T,IBM,F,100,276.495
2025-10-17,9:30:55.141593001,T,IBM,I,2,276.495
2025-10-17,9:30:55.141620650,T,IBM,I,85,276.495
2025-10-17,9:30:55.141623079,T,IBM,I,9,276.43
2025-10-17,9:30:55.141644461,T,IBM,I,85,276.43
2025-10-17,9:30:55.141647126,T,IBM,I,8,276.43
2025-10-17,9:30:55.141668197,T,IBM,I,1,276.43
2025-10-17,9:31:06.402279543,T,IBM,F,100,276.39
2025-10-17,9:31:08.875123838,T,IBM,F I,12,276.35
2025-10-17,9:31:11.926740842,T,IBM,F I,25,276.29
2025-10-17,9:31:16.441437034,T,IBM,F I,5,276.24
2025-10-17,9:31:17.413708805,T,IBM,I,1,276.16
2025-10-17,9:31:18.060025418,T,IBM,I,11,276.16
2025-10-17,9:31:22.184612115,T,IBM,I,1,276.29
2025-10-17,9:31:31.754766718,T,IBM,I,1,276.39
2025-10-17,9:31:43.448388126,T,IBM,F I,25,276.47
2025-10-17,9:31:43.451744058,T,IBM,F I,1,276.55
2025-10-17,9:31:45.638664427,T,IBM,F I,27,276.64
2025-10-17,9:31:45.638685788,T,IBM,F I,4,276.65
2025-10-17,9:31:45.638685788,T,IBM,F I,10,276.66
2025-10-17,9:31:48.394331878,T,IBM,I,1,276.63
2025-10-17,9:31:56.016383234,T,IBM,F I,5,276.75
2025-10-17,9:31:56.016383234,T,IBM,F I,18,276.67
2025-10-17,9:32:00.395552534,T,IBM,I,1,276.75
2025-10-17,9:32:09.015977344,T,IBM,F I,2,276.87
2025-10-17,9:32:09.016013447,T,IBM,F I,43,276.93
2025-10-17,9:32:09.016016876,T,IBM,F I,1,276.93
2025-10-17,9:32:09.016020563,T,IBM,F I,8,276.93
2025-10-17,9:32:09.016025457,T,IBM,F,100,276.93
2025-10-17,9:32:09.016028506,T,IBM,F,300,276.95
2025-10-17,9:32:09.016094713,T,IBM,F I,12,277.01
2025-10-17,9:32:09.016115679,T,IBM,F I,18,277.03
2025-10-17,9:32:09.016834461,T,IBM,I,1,277.08
2025-10-17,9:32:09.022394615,T,IBM,,100,277.04
2025-10-17,9:32:11.691549187,T,IBM,I,34,277.22
2025-10-17,9:32:16.936663322,T,IBM,F,100,277.36
2025-10-17,9:32:16.936666467,T,IBM,F I,80,277.36
2025-10-17,9:32:16.936669392,T,IBM,F I,24,277.36
2025-10-17,9:32:16.936721679,T,IBM,F I,2,277.36
2025-10-17,9:32:16.938467637,T,IBM,F I,66,277.56
2025-10-17,9:32:16.938639054,T,IBM,F,134,277.56
2025-10-17,9:32:16.938639054,T,IBM,F I,90,277.56
2025-10-17,9:32:16.938894644,T,IBM,F I,14,277.56
2025-10-17,9:32:16.949251517,T,IBM,F I,30,277.56
2025-10-17,9:32:16.949254322,T,IBM,F I,30,277.56
2025-10-17,9:32:16.949272410,T,IBM,I,30,277.56
2025-10-17,9:32:16.949272410,T,IBM,I,1,277.56
2025-10-17,9:32:16.982991607,T,IBM,F I,11,277.54
2025-10-17,9:32:27.824323884,T,IBM,I,2,277.7
2025-10-17,9:32:31.396023067,T,IBM,I,1,277.64
2025-10-17,9:32:40.544727564,T,IBM,I,99,277.64
2025-10-17,9:32:51.850762061,T,IBM,I,2,277.655
2025-10-17,9:33:07.399867954,T,IBM,I,30,277.65
2025-10-17,9:33:23.389736427,T,IBM,,100,277.54
2025-10-17,9:33:38.075171290,T,IBM,F,100,277.44
2025-10-17,9:33:39.293576273,T,IBM,F I,77,277.36
2025-10-17,9:33:39.293723394,T,IBM,F I,23,277.36
2025-10-17,9:33:39.293726610,T,IBM,F,100,277.36
2025-10-17,9:33:39.293726610,T,IBM,F I,5,277.35
2025-10-17,9:33:39.293729920,T,IBM,F I,2,277.35
2025-10-17,9:33:39.293732832,T,IBM,F I,8,277.35
2025-10-17,9:33:39.293732832,T,IBM,F,100,277.35
2025-10-17,9:33:39.293738433,T,IBM,F I,5,277.35
2025-10-17,9:33:39.293738433,T,IBM,F I,10,277.35
2025-10-17,9:33:39.293742129,T,IBM,F I,7,277.35
2025-10-17,9:33:39.293742129,T,IBM,F I,3,277.35
2025-10-17,9:33:39.293744529,T,IBM,I,3,277.35
2025-10-17,9:33:39.293754186,T,IBM,F I,87,277.35
2025-10-17,9:33:39.293757238,T,IBM,F I,1,277.34
2025-10-17,9:33:39.293759870,T,IBM,F I,2,277.34
2025-10-17,9:33:39.293813981,T,IBM,F I,3,277.3
2025-10-17,9:33:39.293894889,T,IBM,,100,277.35
2025-10-17,9:33:39.293930969,T,IBM,F I,97,277.3
2025-10-17,9:33:39.294051268,T,IBM,F,100,277.3
2025-10-17,9:33:39.294264703,T,IBM,F,100,277.36
2025-10-17,9:33:39.306398561,T,IBM,I,45,277.37
2025-10-17,9:33:39.306422615,T,IBM,F I,55,277.375
2025-10-17,9:34:03.294850274,T,IBM,F I,1,277.67
2025-10-17,9:34:03.294910400,T,IBM,F I,1,277.69
2025-10-17,9:34:15.253450375,T,IBM,I,5,277.69
2025-10-17,9:34:15.415418986,T,IBM,I,2,277.69
2025-10-17,9:34:15.415445978,T,IBM,I,6,277.69
2025-10-17,9:34:16.456124581,T,IBM,F I,35,277.73
2025-10-17,9:34:19.450139439,T,IBM,F I,40,277.81
2025-10-17,9:34:19.450145523,T,IBM,F I,2,277.82
2025-10-17,9:34:19.450145523,T,IBM,F I,1,277.82
2025-10-17,9:34:19.573865979,T,IBM,F I,18,277.96
2025-10-17,9:34:19.573865979,T,IBM,F I,15,277.96
2025-10-17,9:34:19.573932230,T,IBM,I,18,277.97
2025-10-17,9:34:19.574452460,T,IBM,F I,18,278.01
2025-10-17,9:34:31.001281408,T,IBM,F I,30,278.21
2025-10-17,9:34:40.438709220,T,IBM,I,5,278.19
2025-10-17,9:34:40.438709220,T,IBM,I,95,278.17
2025-10-17,9:34:42.667429175,T,IBM,I,5,278.15
2025-10-17,9:34:42.667432211,T,IBM,I,12,278.12
2025-10-17,9:34:42.667435254,T,IBM,I,83,278.11
2025-10-17,9:35:21.774818916,T,IBM,I,1,278.185
2025-10-17,9:35:30.156818163,T,IBM,I,35,278.16
2025-10-17,9:35:43.867157717,T,IBM,F,100,278.24
2025-10-17,9:35:48.369638737,T,IBM,F I,2,278.09
2025-10-17,9:35:48.369644742,T,IBM,F I,98,278.09
2025-10-17,9:35:48.369663204,T,IBM,F I,2,278.08
2025-10-17,9:35:48.369687040,T,IBM,I,14,278.08
2025-10-17,9:35:48.369909388,T,IBM,F I,2,278.08
2025-10-17,9:35:48.369912417,T,IBM,F I,2,278.08
2025-10-17,9:35:48.369921468,T,IBM,F I,96,278.08
2025-10-17,9:35:48.369927440,T,IBM,F I,2,278.03
2025-10-17,9:35:48.369936532,T,IBM,F I,2,278.03
2025-10-17,9:35:48.369972591,T,IBM,F I,1,278.0
2025-10-17,9:35:48.369972591,T,IBM,F I,5,278.0
2025-10-17,9:35:48.370210108,T,IBM,F,100,278.01
2025-10-17,9:35:58.558658414,T,IBM,F I,1,277.8
2025-10-17,9:35:58.558660923,T,IBM,F I,4,277.8
2025-10-17,9:35:58.558712064,T,IBM,F I,1,277.8
2025-10-17,9:35:58.558715059,T,IBM,F,100,277.8
2025-10-17,9:35:58.558721065,T,IBM,F I,17,277.75
2025-10-17,9:35:58.559364651,T,IBM,F I,30,277.72
2025-10-17,9:35:58.559400693,T,IBM,F I,12,277.67
2025-10-17,9:35:58.559436760,T,IBM,F I,4,277.67
2025-10-17,9:36:02.037593122,T,IBM,F I,11,277.61
2025-10-17,9:36:02.037595293,T,IBM,F I,1,277.61
2025-10-17,9:36:02.037640410,T,IBM,I,1,277.61
2025-10-17,9:36:02.038043425,T,IBM,F I,16,277.61
2025-10-17,9:36:07.627155361,T,IBM,F,100,277.67
2025-10-17,9:36:08.447514511,T,IBM,I,17,277.56
2025-10-17,9:36:23.591832887,T,IBM,F I,55,277.77
2025-10-17,9:36:23.593537925,T,IBM,F I,45,277.77
2025-10-17,9:36:23.646629294,T,IBM,,100,277.77
2025-10-17,9:36:25.465299366,T,IBM,F I,5,277.88
2025-10-17,9:36:25.465299366,T,IBM,F I,50,277.88
2025-10-17,9:36:28.398686603,T,IBM,F I,3,278.04
2025-10-17,9:36:30.227391312,T,IBM,F,100,277.88
2025-10-17,9:36:34.684951422,T,IBM,F I,2,277.82
2025-10-17,9:36:35.433685904,T,IBM,F I,15,277.77
2025-10-17,9:36:35.433688931,T,IBM,F I,79,277.77
2025-10-17,9:36:35.433764138,T,IBM,F I,1,277.77
2025-10-17,9:36:35.433992711,T,IBM,F I,35,277.72
2025-10-17,9:36:35.434551962,T,IBM,F I,1,277.58
2025-10-17,9:36:35.434696324,T,IBM,F I,12,277.64
2025-10-17,9:36:38.273848607,T,IBM,I,25,277.7
2025-10-17,9:36:38.273860545,T,IBM,I,25,277.7
2025-10-17,9:36:38.273866659,T,IBM,I,2,277.7
2025-10-17,9:36:47.957854480,T,IBM,I,1,277.705
2025-10-17,9:36:47.957854480,T,IBM,I,1,277.705
2025-10-17,9:37:16.939571573,T,IBM,F I,2,277.72
2025-10-17,9:37:16.939573781,T,IBM,F I,2,277.72
2025-10-17,9:37:16.939577058,T,IBM,F I,2,277.72
2025-10-17,9:37:16.939585760,T,IBM,F I,26,277.72
2025-10-17,9:37:16.939588793,T,IBM,F I,2,277.71
2025-10-17,9:37:16.939651972,T,IBM,F I,8,277.71
2025-10-17,9:37:17.457454691,T,IBM,F I,1,277.72
2025-10-17,9:37:19.416573870,T,IBM,I,5,277.59
2025-10-17,9:37:19.416573870,T,IBM,I,22,277.59
2025-10-17,9:37:20.017531316,T,IBM,I,5,277.45
2025-10-17,9:37:20.017554607,T,IBM,F I,21,277.45
2025-10-17,9:37:20.211002078,T,IBM,F I,2,277.33
2025-10-17,9:37:34.135367340,T,IBM,I,10,277.65
2025-10-17,9:37:34.135496447,T,IBM,F I,2,277.68
2025-10-17,9:37:34.136082806,T,IBM,I,1,277.68
2025-10-17,9:37:34.136166961,T,IBM,F I,10,277.65
2025-10-17,9:37:34.235890368,T,IBM,,100,277.7
2025-10-17,9:37:34.235908494,T,IBM,I,1,277.7
2025-10-17,9:37:34.235908494,T,IBM,I,99,277.7
2025-10-17,9:37:34.235966056,T,IBM,,100,277.7
2025-10-17,9:37:34.236416643,T,IBM,I,98,277.7
2025-10-17,9:37:34.237027144,T,IBM,F I,30,277.7
2025-10-17,9:37:43.194587444,T,IBM,F I,2,278.0
2025-10-17,9:37:46.107625601,T,IBM,F I,25,277.86
2025-10-17,9:37:49.993477087,T,IBM,I,2,277.85
2025-10-17,9:37:49.993477087,T,IBM,I,2,277.79
2025-10-17,9:37:49.993477087,T,IBM,I,4,277.79
2025-10-17,9:37:55.211730949,T,IBM,I,1,277.745
2025-10-17,9:37:57.182854583,T,IBM,I,43,277.85
2025-10-17,9:38:00.097639936,T,IBM,F I,19,277.91
2025-10-17,9:38:00.111232214,T,IBM,I,5,277.96
2025-10-17,9:38:00.111277404,T,IBM,F I,5,277.91
2025-10-17,9:38:01.724772384,T,IBM,F I,98,278.0
2025-10-17,9:38:01.724772384,T,IBM,F I,11,278.0
2025-10-17,9:38:01.724774601,T,IBM,F I,2,278.0
2025-10-17,9:38:01.724778331,T,IBM,F,100,278.0
2025-10-17,9:38:01.724979067,T,IBM,F I,1,278.01
2025-10-17,9:38:02.877039901,T,IBM,F,100,278.14
2025-10-17,9:38:08.579591839,T,IBM,I,25,278.07
2025-10-17,9:38:08.579591839,T,IBM,I,2,278.06
2025-10-17,9:38:08.579597893,T,IBM,,100,278.05
2025-10-17,9:38:08.579597893,T,IBM,,100,278.04
2025-10-17,9:38:08.579602973,T,IBM,,100,278.04
2025-10-17,9:38:08.579602973,T,IBM,I,34,278.01
2025-10-17,9:38:08.579602973,T,IBM,I,50,278.01
2025-10-17,9:38:08.579606191,T,IBM,I,1,278.0
2025-10-17,9:38:08.579606191,T,IBM,I,8,278.0
2025-10-17,9:38:08.579609285,T,IBM,,100,278.0
2025-10-17,9:38:08.579609285,T,IBM,I,25,278.0
2025-10-17,9:38:08.579611964,T,IBM,,100,278.0
2025-10-17,9:38:08.579614979,T,IBM,,100,277.99
2025-10-17,9:38:08.579618000,T,IBM,I,8,277.96
2025-10-17,9:38:08.579621022,T,IBM,,247,277.91
2025-10-17,9:38:08.579690240,T,IBM,I,1,277.96
2025-10-17,9:38:08.579702287,T,IBM,F I,99,277.96
2025-10-17,9:38:08.579705373,T,IBM,F I,51,277.99
2025-10-17,9:38:14.990221149,T,IBM,F I,25,278.01
2025-10-17,9:38:14.990224018,T,IBM,F I,1,278.0
2025-10-17,9:38:14.990225870,T,IBM,F I,91,278.0
2025-10-17,9:38:14.990249938,T,IBM,F I,9,278.0
2025-10-17,9:38:14.990256007,T,IBM,F I,16,278.0
2025-10-17,9:38:25.029918566,T,IBM,I,2,278.06
2025-10-17,9:38:25.029921557,T,IBM,I,8,278.06
2025-10-17,9:38:36.247596701,T,IBM,F I,4,277.99
2025-10-17,9:38:36.247677859,T,IBM,F I,25,277.94
2025-10-17,9:38:36.247984565,T,IBM,F,100,277.88
2025-10-17,9:38:36.247987593,T,IBM,F I,31,277.88
2025-10-17,9:38:42.088016910,T,IBM,F I,10,277.79
2025-10-17,9:38:42.088016910,T,IBM,F I,27,277.82
2025-10-17,9:38:59.166828538,T,IBM,F I,10,277.55
2025-10-17,9:39:00.248795398,T,IBM,F I,64,277.47
2025-10-17,9:39:00.248813986,T,IBM,F I,36,277.47
2025-10-17,9:39:00.248819526,T,IBM,F I,64,277.45
2025-10-17,9:39:00.248819526,T,IBM,F I,36,277.45
2025-10-17,9:39:00.249195423,T,IBM,F I,10,277.39
2025-10-17,9:39:00.249847970,T,IBM,I,59,277.42
2025-10-17,9:39:00.249854823,T,IBM,F I,19,277.42
2025-10-17,9:39:00.249857026,T,IBM,F,100,277.42
2025-10-17,9:39:00.249865966,T,IBM,F I,72,277.42
2025-10-17,9:39:06.025289623,T,IBM,F,100,277.38
2025-10-17,9:39:06.025292616,T,IBM,F I,25,277.38
2025-10-17,9:39:19.908291072,T,IBM,I,59,277.29
2025-10-17,9:39:19.908291072,T,IBM,I,52,277.23
2025-10-17,9:39:19.908309089,T,IBM,I,1,277.23
2025-10-17,9:39:19.908315115,T,IBM,F I,47,277.23
2025-10-17,9:39:19.908318123,T,IBM,F I,1,277.23
2025-10-17,9:39:19.908321063,T,IBM,F I,10,277.23
2025-10-17,9:39:19.909842756,T,IBM,I,26,277.11
2025-10-17,9:39:22.334641471,T,IBM,I,14,277.05
2025-10-17,9:39:22.334933141,T,IBM,F I,2,277.05
2025-10-17,9:39:27.722445226,T,IBM,I,1,276.86
2025-10-17,9:39:27.722986547,T,IBM,I,34,276.93
2025-10-17,9:39:29.830409655,T,IBM,I,34,277.17
2025-10-17,9:39:29.831047204,T,IBM,F I,66,277.16
2025-10-17,9:39:31.300170810,T,IBM,I,34,277.2
2025-10-17,9:39:48.719573215,T,IBM,I,2,277.12
2025-10-17,9:39:57.294824421,T,IBM,F I,10,277.2
2025-10-17,9:39:57.541435477,T,IBM,F I,25,277.22
2025-10-17,9:39:57.624198500,T,IBM,F I,43,277.22
2025-10-17,9:39:57.843594796,T,IBM,F I,10,277.23
2025-10-17,9:39:57.843597783,T,IBM,F I,15,277.23
2025-10-17,9:39:57.843597783,T,IBM,F I,8,277.23
2025-10-17,9:39:57.843630857,T,IBM,I,1,277.23
2025-10-17,9:39:57.843639875,T,IBM,F I,21,277.23
2025-10-17,9:40:11.162341659,T,IBM,I,6,277.12
2025-10-17,9:40:11.425233518,T,IBM,I,2,277.12
2025-10-17,9:40:27.369937139,T,IBM,F,400,277.03
2025-10-17,9:40:27.369955163,T,IBM,I,1,277.03
2025-10-17,9:40:27.385649551,T,IBM,,100,277.02
2025-10-17,9:40:28.072451609,T,IBM,F,100,277.03
2025-10-17,9:40:49.752301594,T,IBM,F,100,276.99
2025-10-17,9:40:49.752306801,T,IBM,F I,77,276.99
2025-10-17,9:40:49.752306801,T,IBM,F I,92,276.99
2025-10-17,9:40:49.752306801,T,IBM,F I,5,276.99
2025-10-17,9:40:49.752352702,T,IBM,F,100,276.99
2025-10-17,9:40:49.752385011,T,IBM,F I,2,276.96
2025-10-17,9:40:49.769718288,T,IBM,I,3,276.98
2025-10-17,9:40:50.022909002,T,IBM,I,1,276.855
2025-10-17,9:40:54.377888883,T,IBM,F,100,276.95
2025-10-17,9:41:01.245266059,T,IBM,F,100,276.84
2025-10-17,9:41:01.245266059,T,IBM,F I,10,276.84
2025-10-17,9:41:01.245278114,T,IBM,F,100,276.84
2025-10-17,9:41:01.245789434,T,IBM,F I,15,276.79
2025-10-17,9:41:01.245792326,T,IBM,F I,1,276.79
2025-10-17,9:41:11.442584703,T,IBM,F I,52,276.7
2025-10-17,9:41:11.442588128,T,IBM,F I,39,276.7
2025-10-17,9:41:11.442936629,T,IBM,F I,13,276.66
2025-10-17,9:41:11.444533379,T,IBM,,100,276.59
2025-10-17,9:41:11.752240946,T,IBM,I,1,276.605
2025-10-17,9:41:21.762601529,T,IBM,I,45,276.54
2025-10-17,9:41:27.113459407,T,IBM,I,73,276.49
2025-10-17,9:41:27.117392788,T,IBM,I,27,276.49
2025-10-17,9:41:27.117395928,T,IBM,,100,276.48
2025-10-17,9:41:27.117395928,T,IBM,I,2,276.48
2025-10-17,9:41:27.117410817,T,IBM,I,1,276.48
2025-10-17,9:41:27.117435642,T,IBM,F I,47,276.48
2025-10-17,9:41:27.117437859,T,IBM,F,100,276.48
2025-10-17,9:41:27.117459589,T,IBM,F I,9,276.47
2025-10-17,9:41:27.786895074,T,IBM,F I,25,276.52
2025-10-17,9:41:27.786897648,T,IBM,F I,10,276.53
2025-10-17,9:41:36.276183781,T,IBM,I,26,276.45
2025-10-17,9:41:42.302966019,T,IBM,I,1,276.44
2025-10-17,9:41:46.317036352,T,IBM,F I,50,276.54
2025-10-17,9:41:46.317036352,T,IBM,F I,10,276.54
2025-10-17,9:41:46.317039436,T,IBM,F I,23,276.55
2025-10-17,9:41:46.317201727,T,IBM,F I,2,276.56
2025-10-17,9:41:46.317252928,T,IBM,F I,2,276.57
2025-10-17,9:41:50.051110492,T,IBM,I,1,276.66
2025-10-17,9:41:50.051113053,T,IBM,I,17,276.66
2025-10-17,9:41:50.051116093,T,IBM,I,2,276.66
2025-10-17,9:41:50.051116093,T,IBM,I,2,276.66
2025-10-17,9:41:50.051570116,T,IBM,F I,35,276.69
2025-10-17,9:41:51.254202167,T,IBM,F I,19,276.71
2025-10-17,9:42:06.400354579,T,IBM,F I,1,276.79
2025-10-17,9:42:06.400354579,T,IBM,F I,9,276.79
2025-10-17,9:42:06.400408648,T,IBM,F I,1,276.81
2025-10-17,9:42:06.400435688,T,IBM,F I,34,276.83
2025-10-17,9:42:09.259579527,T,IBM,F I,40,277.06
2025-10-17,9:42:09.259600540,T,IBM,F I,9,277.06
2025-10-17,9:42:11.963174902,T,IBM,F I,51,277.09
2025-10-17,9:43:03.362713858,T,IBM,I,1,277.085
2025-10-17,9:43:03.700847848,T,IBM,I,24,277.19
2025-10-17,9:43:03.701449263,T,IBM,F I,36,277.27
2025-10-17,9:43:03.701734946,T,IBM,I,16,277.23
2025-10-17,9:43:04.082904371,T,IBM,I,12,277.2
2025-10-17,9:43:05.964793578,T,IBM,,100,277.12
2025-10-17,9:43:05.964808618,T,IBM,I,1,277.12
2025-10-17,9:43:05.964812054,T,IBM,I,1,277.12
2025-10-17,9:43:05.964814765,T,IBM,I,4,277.12
2025-10-17,9:43:05.964817608,T,IBM,I,49,277.12
2025-10-17,9:43:05.964823752,T,IBM,F I,75,277.12
2025-10-17,9:43:05.964823752,T,IBM,F I,11,277.12
2025-10-17,9:43:05.964826723,T,IBM,F I,74,277.12
2025-10-17,9:43:05.964830153,T,IBM,F I,22,277.12
2025-10-17,9:43:05.964830153,T,IBM,F I,38,277.12
2025-10-17,9:43:05.965037180,T,IBM,F I,86,277.07
2025-10-17,9:43:05.965371028,T,IBM,I,20,277.07
2025-10-17,9:43:05.992898497,T,IBM,I,68,277.06
2025-10-17,9:43:06.036469252,T,IBM,I,68,277.07
2025-10-17,9:43:12.512238983,T,IBM,I,3,277.23
2025-10-17,9:43:15.653216748,T,IBM,I,14,277.25
2025-10-17,9:43:16.051530061,T,IBM,F I,10,277.32
2025-10-17,9:43:17.276090305,T,IBM,F I,12,277.32
2025-10-17,9:43:17.276132389,T,IBM,F I,10,277.29
2025-10-17,9:43:20.366959664,T,IBM,I,45,277.335
2025-10-17,9:43:20.366986755,T,IBM,I,55,277.335
2025-10-17,9:43:20.369512828,T,IBM,,100,277.335
2025-10-17,9:43:22.427162176,T,IBM,F I,10,277.35
2025-10-17,9:43:22.427164476,T,IBM,F I,25,277.36
2025-10-17,9:43:22.427167432,T,IBM,F I,12,277.36
2025-10-17,9:43:37.985883833,T,IBM,F I,10,277.29
2025-10-17,9:43:43.251876499,T,IBM,I,12,277.24
2025-10-17,9:43:43.251879426,T,IBM,I,8,277.23
2025-10-17,9:43:43.251903566,T,IBM,F I,20,277.22
2025-10-17,9:43:43.252271354,T,IBM,F,100,277.17
2025-10-17,9:43:43.252271354,T,IBM,F,104,277.17
2025-10-17,9:43:43.252276708,T,IBM,F,100,277.17
2025-10-17,9:43:43.252276708,T,IBM,F I,3,277.17
2025-10-17,9:43:43.252276708,T,IBM,F I,23,277.17
2025-10-17,9:43:43.253127458,T,IBM,I,25,277.21
2025-10-17,9:43:50.447157253,T,IBM,F I,18,277.12
2025-10-17,9:43:50.447169259,T,IBM,F,100,277.12
2025-10-17,9:43:54.955643430,T,IBM,F I,46,277.01
2025-10-17,9:43:54.955724728,T,IBM,F I,54,277.01
2025-10-17,9:43:57.982171700,T,IBM,I,6,277.02
2025-10-17,9:43:58.006144762,T,IBM,I,3,277.06
2025-10-17,9:43:58.006340234,T,IBM,I,97,277.06
2025-10-17,9:43:58.752293087,T,IBM,F,100,277.07
2025-10-17,9:44:00.033114307,T,IBM,F,100,277.11
2025-10-17,9:44:01.339923639,T,IBM,I,1,277.08
2025-10-17,9:44:05.650953571,T,IBM,F,100,277.17
2025-10-17,9:44:39.851154276,T,IBM,I,45,277.03
2025-10-17,9:45:00.110192572,T,IBM,I,15,277.1
2025-10-17,9:45:12.617719042,T,IBM,F,100,277.01
2025-10-17,9:45:12.618248218,T,IBM,F I,6,276.94
2025-10-17,9:45:12.618317434,T,IBM,F I,4,276.94
2025-10-17,9:45:12.618317434,T,IBM,F I,1,276.94
2025-10-17,9:45:18.183323996,T,IBM,F,100,277.01
2025-10-17,9:45:18.183323996,T,IBM,F I,50,277.01
2025-10-17,9:45:20.694470252,T,IBM,I,42,277.03
2025-10-17,9:45:20.694788959,T,IBM,I,3,277.065
2025-10-17,9:45:20.703648120,T,IBM,I,3,277.065
2025-10-17,9:45:34.929994421,T,IBM,I,9,277.19
2025-10-17,9:45:34.930018507,T,IBM,F I,10,277.19
2025-10-17,9:45:34.930033673,T,IBM,I,9,277.19
2025-10-17,9:45:34.930042513,T,IBM,F I,9,277.19
2025-10-17,9:45:34.930045530,T,IBM,F I,9,277.19
2025-10-17,9:45:34.930069573,T,IBM,I,9,277.19
2025-10-17,9:45:34.930093634,T,IBM,F I,9,277.2
2025-10-17,9:45:34.930141843,T,IBM,F I,1,277.21
2025-10-17,9:45:39.848124918,T,IBM,I,5,277.17
2025-10-17,9:45:39.848127973,T,IBM,I,10,277.17
2025-10-17,9:45:39.848127973,T,IBM,I,34,277.15
2025-10-17,9:45:54.573665670,T,IBM,F,100,277.06
2025-10-17,9:45:57.932100229,T,IBM,F I,10,276.94
2025-10-17,9:45:57.932103139,T,IBM,F I,27,276.93
2025-10-17,9:45:57.932109158,T,IBM,F I,73,276.93
2025-10-17,9:45:57.932109158,T,IBM,F I,65,276.93
2025-10-17,9:46:08.553560648,T,IBM,F,100,276.88
2025-10-17,9:46:08.553560648,T,IBM,F I,41,276.88
2025-10-17,9:46:08.654056553,T,IBM,I,11,276.78
2025-10-17,9:46:08.654074653,T,IBM,F I,3,276.78
2025-10-17,9:46:16.796463007,T,IBM,I,2,276.73
2025-10-17,9:46:53.418404239,T,IBM,I,1,276.75
2025-10-17,9:46:56.011158647,T,IBM,I,10,276.75
2025-10-17,9:46:56.011158647,T,IBM,I,12,276.68
2025-10-17,9:46:56.011183178,T,IBM,I,8,276.68
2025-10-17,9:46:56.011183178,T,IBM,I,12,276.68
2025-10-17,9:46:56.011230884,T,IBM,F I,5,276.68
2025-10-17,9:47:01.235679955,T,IBM,F I,13,276.62
2025-10-17,9:47:01.235683260,T,IBM,F,100,276.62
2025-10-17,9:47:01.235685676,T,IBM,F I,10,276.62
2025-10-17,9:47:01.235685676,T,IBM,F I,5,276.62
2025-10-17,9:47:02.547008410,T,IBM,F I,10,276.5
2025-10-17,9:47:03.528079058,T,IBM,F I,9,276.39
2025-10-17,9:47:09.042246357,T,IBM,F I,10,276.31
2025-10-17,9:47:23.333039068,T,IBM,I,1,276.285
2025-10-17,9:47:24.704047950,T,IBM,F I,5,276.47
2025-10-17,9:47:42.612113970,T,IBM,F I,20,276.64
2025-10-17,9:47:42.612113970,T,IBM,F I,34,276.65
2025-10-17,9:47:42.612117459,T,IBM,F I,10,276.65
2025-10-17,9:47:42.612119666,T,IBM,F,100,276.65
2025-10-17,9:47:42.612122646,T,IBM,F I,14,276.65
2025-10-17,9:47:42.612134763,T,IBM,F I,20,276.65
2025-10-17,9:47:42.613078980,T,IBM,F I,4,276.65
2025-10-17,9:47:42.613087991,T,IBM,F I,96,276.65
2025-10-17,9:47:42.613087991,T,IBM,F I,4,276.64
2025-10-17,9:47:50.457659477,T,IBM,F I,1,276.68
2025-10-17,9:47:52.478755974,T,IBM,I,6,276.82
2025-10-17,9:47:52.478755974,T,IBM,I,5,276.83
2025-10-17,9:47:52.479384539,T,IBM,F I,2,276.82
2025-10-17,9:47:54.320938685,T,IBM,F I,34,276.87
2025-10-17,9:47:54.322057363,T,IBM,F I,34,276.88
2025-10-17,9:47:55.444166746,T,IBM,I,1,276.865
2025-10-17,9:47:55.446828020,T,IBM,I,99,276.865
2025-10-17,9:48:05.533786844,T,IBM,I,13,277.02
2025-10-17,9:48:05.533789779,T,IBM,I,37,277.02
2025-10-17,9:48:06.110998872,T,IBM,I,2,277.02
2025-10-17,9:48:12.002372438,T,IBM,I,14,277.15
2025-10-17,9:48:12.002375369,T,IBM,I,23,277.15
2025-10-17,9:48:12.003403894,T,IBM,F I,18,277.17
2025-10-17,9:48:12.004053612,T,IBM,F I,2,277.2
2025-10-17,9:48:12.004056617,T,IBM,F I,12,277.21
2025-10-17,9:48:12.004056617,T,IBM,F I,6,277.21
2025-10-17,9:48:12.301238907,T,IBM,F I,5,277.35
2025-10-17,9:48:12.301241909,T,IBM,F I,20,277.35
2025-10-17,9:48:12.301257100,T,IBM,F I,17,277.29
2025-10-17,9:48:12.301257100,T,IBM,F I,3,277.29
2025-10-17,9:48:12.301260207,T,IBM,I,24,277.32
2025-10-17,9:48:12.301266316,T,IBM,F I,8,277.32
2025-10-17,9:48:12.301470496,T,IBM,I,25,277.32
2025-10-17,9:48:12.305271560,T,IBM,F I,70,277.33
2025-10-17,9:48:12.305271560,T,IBM,F I,2,277.34
2025-10-17,9:48:12.305584299,T,IBM,F I,4,277.34
2025-10-17,9:48:12.305791735,T,IBM,F I,7,277.29
2025-10-17,9:48:12.305936132,T,IBM,I,3,277.29
2025-10-17,9:48:12.305939165,T,IBM,,194,277.29
2025-10-17,9:48:12.305939165,T,IBM,I,6,277.29
2025-10-17,9:48:12.315799596,T,IBM,F I,18,277.26
2025-10-17,9:48:16.008756269,T,IBM,F I,1,277.26
2025-10-17,9:48:16.008828925,T,IBM,F I,1,277.23
2025-10-17,9:48:16.008849572,T,IBM,I,1,277.23
2025-10-17,9:48:16.008888641,T,IBM,I,1,277.23
2025-10-17,9:48:21.763127708,T,IBM,,100,277.07
2025-10-17,9:48:21.763127708,T,IBM,I,48,277.07
2025-10-17,9:48:21.763129719,T,IBM,I,1,277.07
2025-10-17,9:48:21.763132832,T,IBM,I,16,277.07
2025-10-17,9:48:21.763135716,T,IBM,I,5,277.07
2025-10-17,9:48:21.764323542,T,IBM,I,41,277.07
2025-10-17,9:48:21.774123817,T,IBM,F,100,276.98
2025-10-17,9:48:24.928005276,T,IBM,I,2,277.11
2025-10-17,9:48:52.506832447,T,IBM,F I,5,277.17
2025-10-17,9:49:00.745732682,T,IBM,F,100,277.2
2025-10-17,9:49:03.276146729,T,IBM,F I,2,277.1
2025-10-17,9:49:03.842417935,T,IBM,F I,1,277.05
2025-10-17,9:49:03.842441960,T,IBM,F I,14,277.05
2025-10-17,9:49:03.842472633,T,IBM,F I,14,277.05
2025-10-17,9:49:03.842685869,T,IBM,F I,1,277.04
2025-10-17,9:49:03.842685869,T,IBM,F I,14,277.03
2025-10-17,9:49:03.842688521,T,IBM,F I,3,277.03
2025-10-17,9:49:03.842709594,T,IBM,I,1,277.03
2025-10-17,9:49:03.842709594,T,IBM,I,13,277.03
2025-10-17,9:49:03.842727567,T,IBM,I,87,277.03
2025-10-17,9:49:05.958444487,T,IBM,I,7,277.01
2025-10-17,9:49:18.654862905,T,IBM,F I,93,277.01
2025-10-17,9:49:40.026775774,T,IBM,F I,29,276.93
2025-10-17,9:49:40.026850934,T,IBM,I,29,276.93
2025-10-17,9:49:40.026914159,T,IBM,F I,29,276.93
2025-10-17,9:49:40.027238921,T,IBM,F I,10,276.91
2025-10-17,9:49:40.027241943,T,IBM,F I,19,276.91
2025-10-17,9:49:40.027245584,T,IBM,F I,29,276.91
2025-10-17,9:49:40.027266257,T,IBM,F I,52,276.91
2025-10-17,9:49:40.027299084,T,IBM,F I,29,276.9
2025-10-17,9:50:00.325003683,T,IBM,F I,2,276.92
2025-10-17,9:50:32.012778104,T,IBM,I,6,277.13
2025-10-17,9:50:32.012850232,T,IBM,F I,29,277.13
2025-10-17,9:50:32.014212445,T,IBM,F,100,277.08
2025-10-17,9:50:32.014258379,T,IBM,F I,2,277.04
2025-10-17,9:50:32.014258379,T,IBM,F I,5,277.02
2025-10-17,9:50:32.014260596,T,IBM,F I,32,277.01
2025-10-17,9:50:32.014267030,T,IBM,F I,4,277.0
2025-10-17,9:50:32.014272743,T,IBM,F I,38,277.0
2025-10-17,9:50:32.014275594,T,IBM,F I,1,277.0
2025-10-17,9:50:32.014278637,T,IBM,F I,4,277.0
2025-10-17,9:50:32.014296672,T,IBM,I,96,277.0
2025-10-17,9:50:32.014302737,T,IBM,,100,277.02
2025-10-17,9:50:32.015174979,T,IBM,F I,20,276.89
2025-10-17,9:50:32.015177887,T,IBM,F I,20,276.89
2025-10-17,9:50:32.015181019,T,IBM,F I,5,276.89
2025-10-17,9:50:32.015190648,T,IBM,F I,13,276.88
2025-10-17,9:50:32.015190648,T,IBM,F I,6,276.88
2025-10-17,9:50:32.016025736,T,IBM,I,10,276.87
2025-10-17,9:50:32.016052791,T,IBM,F I,90,276.88
2025-10-17,9:50:32.016055868,T,IBM,F I,90,276.88
2025-10-17,9:50:32.016061907,T,IBM,F I,10,276.88
2025-10-17,9:50:32.021148166,T,IBM,F I,28,276.93
2025-10-17,9:50:32.021150041,T,IBM,F I,18,276.94
2025-10-17,9:50:32.021150041,T,IBM,F I,15,276.94
2025-10-17,9:50:32.021167997,T,IBM,I,1,276.94
2025-10-17,9:50:32.021171859,T,IBM,I,1,276.94
2025-10-17,9:50:32.021174352,T,IBM,F I,28,276.94
2025-10-17,9:50:32.021195442,T,IBM,I,28,276.93
2025-10-17,9:50:32.021195442,T,IBM,F I,25,276.93
2025-10-17,9:50:32.021240156,T,IBM,F I,3,276.88
2025-10-17,9:50:32.022130349,T,IBM,I,35,276.94
2025-10-17,9:50:32.597595422,T,IBM,F,100,276.76
2025-10-17,9:50:32.597598338,T,IBM,F I,65,276.76
2025-10-17,9:50:32.598326161,T,IBM,I,1,276.7
2025-10-17,9:50:32.598326161,T,IBM,I,11,276.7
2025-10-17,9:50:32.598362566,T,IBM,F I,5,276.7
2025-10-17,9:50:32.598362566,T,IBM,F I,1,276.67
2025-10-17,9:50:32.598365123,T,IBM,F I,2,276.67
2025-10-17,9:50:32.598389251,T,IBM,F I,4,276.67
2025-10-17,9:50:54.248603035,T,IBM,F I,86,276.51
2025-10-17,9:50:54.248603035,T,IBM,F I,14,276.51
2025-10-17,9:50:54.248608876,T,IBM,F I,13,276.51
2025-10-17,9:50:54.249053850,T,IBM,F I,1,276.5
2025-10-17,9:51:29.774483430,T,IBM,F,100,276.59
2025-10-17,9:51:41.963837972,T,IBM,I,16,276.645
2025-10-17,9:51:45.797740531,T,IBM,F I,1,276.81
2025-10-17,9:51:46.240971742,T,IBM,F I,35,276.88
2025-10-17,9:51:46.240992800,T,IBM,I,1,276.88
2025-10-17,9:51:46.240998820,T,IBM,F I,19,276.88
2025-10-17,9:51:46.241001816,T,IBM,F I,71,276.89
2025-10-17,9:51:46.241083100,T,IBM,I,29,276.89
2025-10-17,9:51:46.241083100,T,IBM,I,1,276.89
2025-10-17,9:51:46.241085982,T,IBM,I,10,276.89
2025-10-17,9:51:46.285646028,T,IBM,F I,1,276.91
2025-10-17,9:51:46.285706159,T,IBM,I,36,276.81
2025-10-17,9:51:46.285733269,T,IBM,I,1,276.81
2025-10-17,9:51:49.664568316,T,IBM,F I,50,276.96
2025-10-17,9:52:05.059969306,T,IBM,F I,68,276.99
2025-10-17,9:52:05.060327383,T,IBM,F I,62,277.0
2025-10-17,9:52:05.060327383,T,IBM,F I,1,277.0
2025-10-17,9:52:05.060330192,T,IBM,F I,5,277.0
2025-10-17,9:52:05.061277433,T,IBM,F I,53,277.0
2025-10-17,9:52:05.061401032,T,IBM,F I,53,277.0
2025-10-17,9:52:05.061401032,T,IBM,I,16,277.0
2025-10-17,9:52:05.063415494,T,IBM,F I,2,276.99
2025-10-17,9:52:05.110113749,T,IBM,I,4,277.02
2025-10-17,9:52:09.243147318,T,IBM,F I,16,277.01
2025-10-17,9:52:11.099033600,T,IBM,F I,16,277.02
2025-10-17,9:52:19.283742088,T,IBM,F,100,276.89
2025-10-17,9:52:19.283745100,T,IBM,F I,30,276.89
2025-10-17,9:52:19.283760793,T,IBM,F I,30,276.89
2025-10-17,9:52:19.283760793,T,IBM,I,1,276.89
2025-10-17,9:52:25.748921008,T,IBM,I,3,276.855
2025-10-17,9:53:02.176796557,T,IBM,,100,276.96
2025-10-17,9:53:02.176820562,T,IBM,F I,9,276.93
2025-10-17,9:53:02.176820562,T,IBM,F I,95,276.93
2025-10-17,9:53:02.176892731,T,IBM,I,4,276.93
2025-10-17,9:53:02.176910849,T,IBM,I,9,276.96
2025-10-17,9:53:09.075956610,T,IBM,I,3,277.05
2025-10-17,9:53:15.184119618,T,IBM,I,1,277.08
2025-10-17,9:53:15.184681994,T,IBM,I,14,277.055
2025-10-17,9:53:15.207840172,T,IBM,I,4,277.12
2025-10-17,9:53:15.207882113,T,IBM,I,16,277.12
2025-10-17,9:53:15.207885114,T,IBM,I,6,277.12
2025-10-17,9:53:15.207885114,T,IBM,I,1,277.12
2025-10-17,9:53:15.297501504,T,IBM,I,5,277.14
2025-10-17,9:53:15.299353860,T,IBM,I,21,277.2
2025-10-17,9:53:15.299390108,T,IBM,F I,1,277.2
2025-10-17,9:53:15.299394085,T,IBM,F I,6,277.2
2025-10-17,9:53:15.299396118,T,IBM,F I,1,277.23
2025-10-17,9:53:15.299399058,T,IBM,F I,2,277.23
2025-10-17,9:53:16.447003169,T,IBM,I,2,277.175
2025-10-17,9:53:16.447027153,T,IBM,F I,68,277.175
2025-10-17,9:53:28.432042248,T,IBM,F I,16,277.22
2025-10-17,9:53:28.495622672,T,IBM,,100,277.21
2025-10-17,9:53:29.681995076,T,IBM,F I,10,277.19
2025-10-17,9:53:30.430188308,T,IBM,F I,5,277.15
2025-10-17,9:53:36.284366520,T,IBM,I,4,277.16
2025-10-17,9:53:41.664610400,T,IBM,F,100,277.06
2025-10-17,9:53:41.664610400,T,IBM,F,100,277.05
2025-10-17,9:53:41.664631503,T,IBM,F,100,277.05
2025-10-17,9:53:41.664637452,T,IBM,I,1,277.05
2025-10-17,9:53:41.664637452,T,IBM,I,1,277.05
2025-10-17,9:53:41.664640888,T,IBM,F,100,277.05
2025-10-17,9:53:41.664643446,T,IBM,F I,98,277.05
2025-10-17,9:53:41.664679903,T,IBM,I,8,277.05
2025-10-17,9:53:41.744435791,T,IBM,F I,5,277.03
2025-10-17,9:53:41.744435791,T,IBM,F I,95,277.05
2025-10-17,9:53:41.744456493,T,IBM,I,1,277.05
2025-10-17,9:53:41.744513608,T,IBM,I,4,277.05
2025-10-17,9:53:41.750055836,T,IBM,I,4,277.06
2025-10-17,9:53:50.243323449,T,IBM,F I,10,277.15
2025-10-17,9:53:50.243323449,T,IBM,F I,5,277.16
2025-10-17,9:53:50.243325842,T,IBM,F I,16,277.18
2025-10-17,9:53:53.254704223,T,IBM,I,3,277.2
2025-10-17,9:54:09.939815915,T,IBM,F I,28,277.17
2025-10-17,9:54:10.393716469,T,IBM,F I,28,277.2
2025-10-17,9:54:15.345506403,T,IBM,F I,5,277.24
2025-10-17,9:54:17.675784139,T,IBM,F I,2,277.2
2025-10-17,9:54:17.676241288,T,IBM,I,6,277.16
2025-10-17,9:54:17.676623160,T,IBM,I,6,277.13
2025-10-17,9:54:17.676650209,T,IBM,I,32,277.11
2025-10-17,9:54:17.676656311,T,IBM,,341,277.1
2025-10-17,9:54:17.676671308,T,IBM,I,1,277.1
2025-10-17,9:54:17.676780108,T,IBM,I,58,277.1
2025-10-17,9:54:17.676782537,T,IBM,I,1,277.1
2025-10-17,9:54:17.676785526,T,IBM,I,6,277.1
2025-10-17,9:54:22.681069124,T,IBM,F I,20,277.24
2025-10-17,9:54:22.681071491,T,IBM,F I,6,277.24
2025-10-17,9:54:22.681144184,T,IBM,I,27,277.2
2025-10-17,9:54:23.035143330,T,IBM,I,8,277.18
2025-10-17,9:54:23.035236638,T,IBM,F,400,277.18
2025-10-17,9:55:10.054075564,T,IBM,F I,10,277.3
2025-10-17,9:55:10.054077812,T,IBM,F I,1,277.3
2025-10-17,9:55:10.054161984,T,IBM,F I,10,277.31
2025-10-17,9:55:10.054198114,T,IBM,F I,23,277.34
2025-10-17,9:55:10.067706228,T,IBM,F,100,277.41
2025-10-17,9:55:10.067706228,T,IBM,F I,6,277.41
2025-10-17,9:55:10.067715323,T,IBM,F,100,277.44
2025-10-17,9:55:10.067715323,T,IBM,F I,6,277.44
2025-10-17,9:55:10.067760369,T,IBM,,100,277.39
2025-10-17,9:55:10.067892723,T,IBM,I,20,277.42
2025-10-17,9:55:10.068031552,T,IBM,F I,31,277.45
2025-10-17,9:55:10.068190399,T,IBM,F I,1,277.4
2025-10-17,9:55:10.068220546,T,IBM,F I,1,277.4
2025-10-17,9:55:10.068298651,T,IBM,F I,98,277.4
2025-10-17,9:55:51.477224604,T,IBM,F I,10,277.33
2025-10-17,9:55:51.477236256,T,IBM,F I,8,277.31
2025-10-17,9:55:51.477239467,T,IBM,F I,28,277.31
2025-10-17,9:55:51.477239467,T,IBM,F I,10,277.31
2025-10-17,9:55:51.477245347,T,IBM,F I,77,277.3
2025-10-17,9:55:51.477260313,T,IBM,F I,23,277.3
2025-10-17,9:55:56.620855804,T,IBM,F I,34,277.2
2025-10-17,9:55:56.620924977,T,IBM,F,100,277.16
2025-10-17,9:55:56.620946612,T,IBM,I,1,277.16
2025-10-17,9:55:56.620949062,T,IBM,I,10,277.16
2025-10-17,9:55:56.620988123,T,IBM,F I,89,277.16
2025-10-17,9:55:57.082704372,T,IBM,F I,35,277.07
2025-10-17,9:55:57.082989993,T,IBM,I,35,277.07
2025-10-17,9:55:57.083185442,T,IBM,I,30,277.07
2025-10-17,9:55:57.083188461,T,IBM,I,1,277.06
2025-10-17,9:55:57.083188461,T,IBM,I,4,277.06
2025-10-17,9:55:57.083206521,T,IBM,F I,30,277.06
2025-10-17,9:55:57.100636042,T,IBM,F,100,277.04
2025-10-17,9:55:57.329709426,T,IBM,F I,48,276.93
2025-10-17,9:55:57.329755272,T,IBM,I,30,276.9
2025-10-17,9:56:04.273829380,T,IBM,F,100,276.8
2025-10-17,9:56:04.273835499,T,IBM,F,100,276.78
2025-10-17,9:56:04.273839147,T,IBM,F I,48,276.78
2025-10-17,9:56:04.273841496,T,IBM,F I,36,276.78
2025-10-17,9:56:04.273844422,T,IBM,F I,11,276.78
2025-10-17,9:56:08.660595105,T,IBM,F I,9,276.64
2025-10-17,9:56:08.660595105,T,IBM,F I,21,276.64
2025-10-17,9:56:08.660655668,T,IBM,I,22,276.68
2025-10-17,9:56:08.661052218,T,IBM,F I,13,276.64
2025-10-17,9:56:08.672765153,T,IBM,I,4,276.61
2025-10-17,9:56:08.678980932,T,IBM,I,10,276.67
2025-10-17,9:56:08.678980932,T,IBM,I,90,276.67
2025-10-17,9:56:20.463003521,T,IBM,I,20,276.76
2025-10-17,9:56:23.718481969,T,IBM,I,4,276.76
2025-10-17,9:56:27.013113652,T,IBM,I,9,276.76
2025-10-17,9:56:27.013125702,T,IBM,I,5,276.82
2025-10-17,9:56:27.013125702,T,IBM,I,2,276.83
2025-10-17,9:56:27.013128653,T,IBM,I,23,276.84
2025-10-17,9:56:30.896958853,T,IBM,I,30,276.85
2025-10-17,9:56:31.348796588,T,IBM,F I,5,276.82
2025-10-17,9:56:35.454967788,T,IBM,F I,27,276.78
2025-10-17,9:56:35.454970229,T,IBM,F I,2,276.77
2025-10-17,9:56:39.006497589,T,IBM,I,2,276.85
2025-10-17,9:56:39.006497589,T,IBM,I,2,276.87
2025-10-17,9:56:39.006515480,T,IBM,F I,38,276.87
2025-10-17,9:56:58.822750560,T,IBM,I,2,276.95
2025-10-17,9:56:58.822750560,T,IBM,I,2,276.96
2025-10-17,9:56:58.822777592,T,IBM,F I,8,276.96
2025-10-17,9:57:03.676124992,T,IBM,F,100,276.86
2025-10-17,9:57:03.676124992,T,IBM,F I,1,276.85
2025-10-17,9:57:03.676128066,T,IBM,F I,9,276.85
2025-10-17,9:57:03.676128066,T,IBM,F I,90,276.84
2025-10-17,9:57:03.676143328,T,IBM,I,1,276.84
2025-10-17,9:57:03.676573048,T,IBM,F,109,276.84
2025-10-17,9:57:05.969213231,T,IBM,F I,1,276.8
2025-10-17,9:57:32.672432363,T,IBM,I,1,276.88
2025-10-17,9:58:16.314660257,T,IBM,F,100,276.67
2025-10-17,9:58:16.759764925,T,IBM,F I,10,276.71
2025-10-17,9:58:16.814546323,T,IBM,I,4,276.685
2025-10-17,9:58:17.834740136,T,IBM,F I,5,276.81
2025-10-17,9:58:17.834746173,T,IBM,I,5,276.81
2025-10-17,9:58:17.834758142,T,IBM,I,5,276.81
2025-10-17,9:58:17.834770239,T,IBM,I,95,276.81
2025-10-17,9:58:17.834770239,T,IBM,I,1,276.81
2025-10-17,9:58:19.943188811,T,IBM,I,5,276.95
2025-10-17,9:58:19.943603892,T,IBM,F I,4,276.95
2025-10-17,9:58:19.943606744,T,IBM,F I,2,276.95
2025-10-17,9:58:20.703997107,T,IBM,I,45,277.01
2025-10-17,9:58:20.704039131,T,IBM,F I,55,277.01
2025-10-17,9:58:22.011182107,T,IBM,I,10,277.005
2025-10-17,9:58:22.011230153,T,IBM,,100,277.005
2025-10-17,9:58:31.379066746,T,IBM,I,1,277.07
2025-10-17,9:58:31.379448354,T,IBM,F I,98,277.07
2025-10-17,9:58:39.559297521,T,IBM,F I,10,276.99
2025-10-17,9:58:39.559297521,T,IBM,F I,96,276.96
2025-10-17,9:58:39.559321225,T,IBM,F I,4,276.96
2025-10-17,9:58:39.559321225,T,IBM,F I,6,276.96
2025-10-17,9:58:46.851047833,T,IBM,F I,10,276.83
2025-10-17,9:58:46.851050807,T,IBM,F I,34,276.84
2025-10-17,9:58:48.378789863,T,IBM,F I,45,276.81
2025-10-17,9:58:48.378813990,T,IBM,F I,55,276.8
2025-10-17,9:58:51.899956809,T,IBM,,100,276.87
2025-10-17,9:58:51.900034953,T,IBM,F,100,276.88
2025-10-17,9:58:51.900970250,T,IBM,F I,1,276.9
2025-10-17,9:59:10.178874762,T,IBM,F I,5,276.96
2025-10-17,9:59:10.178971099,T,IBM,F,100,276.99
2025-10-17,9:59:11.943983922,T,IBM,F I,2,276.99
2025-10-17,9:59:15.016380455,T,IBM,F I,8,276.99
2025-10-17,9:59:29.222068330,T,IBM,,100,276.8
2025-10-17,9:59:29.222071060,T,IBM,,100,276.76
2025-10-17,9:59:29.222071060,T,IBM,I,12,276.76
2025-10-17,9:59:29.222398809,T,IBM,I,8,276.76
2025-10-17,9:59:29.222690573,T,IBM,F I,17,276.76
2025-10-17,9:59:31.588350523,T,IBM,I,45,276.88
2025-10-17,9:59:31.588858722,T,IBM,I,45,276.88
2025-10-17,9:59:38.429953406,T,IBM,F I,10,276.85
2025-10-17,9:59:38.430413505,T,IBM,,100,276.875
2025-10-17,9:59:38.430413505,T,IBM,I,50,276.875
2025-10-17,9:59:40.981524912,T,IBM,,100,276.72
2025-10-17,9:59:40.981549039,T,IBM,I,1,276.72
2025-10-17,9:59:40.981549039,T,IBM,I,32,276.72
2025-10-17,9:59:40.981561427,T,IBM,F I,9,276.72
2025-10-17,9:59:40.981573185,T,IBM,F I,58,276.72
2025-10-17,9:59:40.981573185,T,IBM,F I,42,276.71
2025-10-17,9:59:40.981576098,T,IBM,F I,58,276.71
2025-10-17,9:59:40.981576098,T,IBM,F I,21,276.71
2025-10-17,9:59:40.982132802,T,IBM,I,25,276.72
2025-10-17,9:59:40.982135710,T,IBM,F I,25,276.72
2025-10-17,9:59:40.982138365,T,IBM,F I,27,276.72
2025-10-17,9:59:40.982147539,T,IBM,F I,25,276.72
2025-10-17,9:59:40.982147539,T,IBM,I,23,276.72
2025-10-17,9:59:40.983621051,T,IBM,I,6,276.67
2025-10-17,9:59:40.984087146,T,IBM,I,6,276.65
2025-10-17,9:59:40.984559144,T,IBM,I,6,276.64
2025-10-17,9:59:41.004006406,T,IBM,I,2,276.74
2025-10-17,9:59:41.004045546,T,IBM,I,5,276.74
2025-10-17,9:59:41.004108641,T,IBM,,100,276.75
2025-10-17,9:59:45.595595829,T,IBM,F I,2,276.85
2025-10-17,9:59:45.595598741,T,IBM,F I,1,276.86
2025-10-17,10:00:02.202897115,T,IBM,F I,2,276.71
2025-10-17,10:00:02.205227621,T,IBM,F I,8,276.73
2025-10-17,10:00:02.205227621,T,IBM,F I,2,276.73
2025-10-17,10:00:05.468458480,T,IBM,F,100,276.58
2025-10-17,10:00:05.468458480,T,IBM,F I,16,276.57
2025-10-17,10:00:05.574557084,T,IBM,I,4,276.57
2025-10-17,10:00:05.574569082,T,IBM,I,1,276.57
2025-10-17,10:00:05.574575681,T,IBM,I,79,276.57
2025-10-17,10:00:05.574578148,T,IBM,I,10,276.57
2025-10-17,10:00:05.574629262,T,IBM,F I,12,276.55
2025-10-17,10:00:05.781852549,T,IBM,I,2,276.62
2025-10-17,10:00:05.781897633,T,IBM,I,7,276.62
2025-10-17,10:00:07.012457303,T,IBM,F I,12,276.53
2025-10-17,10:00:09.547949512,T,IBM,F I,5,276.62
2025-10-17,10:00:15.355065643,T,IBM,I,1,276.54
2025-10-17,10:00:24.079859843,T,IBM,I,1,276.535
2025-10-17,10:00:24.875815791,T,IBM,F I,30,276.59
2025-10-17,10:00:28.805412117,T,IBM,F I,1,276.65
2025-10-17,10:00:28.812990240,T,IBM,F I,1,276.67
2025-10-17,10:00:39.812291264,T,IBM,F I,1,276.53
2025-10-17,10:00:39.812297231,T,IBM,F,100,276.52
2025-10-17,10:00:39.812297231,T,IBM,F I,6,276.52
2025-10-17,10:00:39.812300231,T,IBM,F I,43,276.52
2025-10-17,10:00:39.812352120,T,IBM,F I,1,276.52
2025-10-17,10:00:39.812390462,T,IBM,F,150,276.52
2025-10-17,10:00:39.812412271,T,IBM,F I,1,276.52
2025-10-17,10:00:39.812418063,T,IBM,F I,1,276.52
2025-10-17,10:00:39.812463077,T,IBM,I,1,276.52
2025-10-17,10:00:39.812466175,T,IBM,I,97,276.52
2025-10-17,10:00:39.812466175,T,IBM,I,3,276.52
2025-10-17,10:00:39.812468646,T,IBM,I,97,276.52
2025-10-17,10:00:39.812540789,T,IBM,F,100,276.61
2025-10-17,10:00:39.812543838,T,IBM,F I,50,276.61
2025-10-17,10:00:39.812724912,T,IBM,I,32,276.53
2025-10-17,10:00:39.812724912,T,IBM,I,2,276.53
2025-10-17,10:00:39.812730263,T,IBM,I,66,276.52
2025-10-17,10:00:39.812850607,T,IBM,I,1,276.52
2025-10-17,10:00:39.812883642,T,IBM,I,8,276.52
2025-10-17,10:00:39.812913749,T,IBM,F I,1,276.52
2025-10-17,10:00:39.812925778,T,IBM,I,5,276.6
2025-10-17,10:00:39.812928957,T,IBM,I,32,276.6
2025-10-17,10:00:39.812928957,T,IBM,I,5,276.61
2025-10-17,10:00:39.813022584,T,IBM,I,5,276.54
2025-10-17,10:00:39.813025581,T,IBM,I,10,276.53
2025-10-17,10:00:39.813028550,T,IBM,I,32,276.53
2025-10-17,10:00:39.813028550,T,IBM,I,24,276.52
2025-10-17,10:00:39.813031302,T,IBM,I,3,276.52
2025-10-17,10:00:39.813031302,T,IBM,F I,37,276.61
2025-10-17,10:00:39.813070084,T,IBM,F I,3,276.52
2025-10-17,10:00:39.813070084,T,IBM,F,100,276.52
2025-10-17,10:00:39.813079286,T,IBM,I,37,276.61
2025-10-17,10:00:39.813082135,T,IBM,I,1,276.61
2025-10-17,10:00:39.813166313,T,IBM,I,62,276.61
2025-10-17,10:00:39.813193357,T,IBM,I,38,276.61
2025-10-17,10:00:39.813440026,T,IBM,,100,276.54
2025-10-17,10:00:39.813695597,T,IBM,F I,1,276.51
2025-10-17,10:00:39.813978211,T,IBM,F I,25,276.52
2025-10-17,10:00:39.814119570,T,IBM,I,6,276.54
2025-10-17,10:00:48.933822972,T,IBM,F I,2,276.55
2025-10-17,10:00:57.010394000,T,IBM,F I,5,276.52
2025-10-17,10:01:08.697438460,T,IBM,F I,1,276.58
2025-10-17,10:01:08.697679888,T,IBM,F I,1,276.58
2025-10-17,10:01:08.701531593,T,IBM,F I,5,276.61
2025-10-17,10:01:08.701531593,T,IBM,F I,7,276.61
2025-10-17,10:01:08.844097626,T,IBM,I,5,276.67
2025-10-17,10:01:08.868091774,T,IBM,I,4,276.73
2025-10-17,10:01:08.868091774,T,IBM,I,1,276.74
2025-10-17,10:01:09.814420687,T,IBM,F I,20,276.79
2025-10-17,10:01:09.814420687,T,IBM,F I,7,276.8
2025-10-17,10:01:09.814495832,T,IBM,F I,80,276.8
2025-10-17,10:01:09.814727694,T,IBM,I,1,276.8
2025-10-17,10:01:09.814889827,T,IBM,F I,12,276.8
2025-10-17,10:01:09.814892833,T,IBM,F I,5,276.8
2025-10-17,10:01:47.124500281,T,IBM,F I,90,276.57
2025-10-17,10:01:47.124518454,T,IBM,F I,10,276.57
2025-10-17,10:01:47.124521293,T,IBM,F I,39,276.57
2025-10-17,10:01:47.124521293,T,IBM,F I,23,276.57
2025-10-17,10:01:47.124524304,T,IBM,F I,1,276.57
2025-10-17,10:01:47.124542430,T,IBM,F I,8,276.56
2025-10-17,10:01:51.638432624,T,IBM,F I,5,276.58
2025-10-17,10:01:51.638435617,T,IBM,F,100,276.58
2025-10-17,10:01:51.638507759,T,IBM,F,100,276.55
2025-10-17,10:02:16.809768349,T,IBM,F I,4,276.72
2025-10-17,10:02:16.809771334,T,IBM,F I,9,276.72
2025-10-17,10:02:17.845454918,T,IBM,I,20,276.82
2025-10-17,10:02:17.845457982,T,IBM,I,43,276.83
2025-10-17,10:02:17.845457982,T,IBM,I,80,276.83
2025-10-17,10:02:17.845472955,T,IBM,I,1,276.83
2025-10-17,10:02:17.845494156,T,IBM,I,19,276.83
2025-10-17,10:02:17.891028738,T,IBM,I,5,276.78
2025-10-17,10:02:17.891031445,T,IBM,I,1,276.77
2025-10-17,10:02:17.905525984,T,IBM,I,5,276.8
2025-10-17,10:02:19.308010870,T,IBM,F I,5,276.84
2025-10-17,10:02:19.308013916,T,IBM,F I,5,276.85
2025-10-17,10:02:27.724826896,T,IBM,F I,10,276.86
2025-10-17,10:02:27.724878020,T,IBM,F I,14,276.89
2025-10-17,10:02:27.724878020,T,IBM,F I,15,276.89
2025-10-17,10:02:27.725323008,T,IBM,I,17,276.98
2025-10-17,10:02:27.725323008,T,IBM,I,16,276.98
2025-10-17,10:02:27.725849352,T,IBM,F I,1,276.99
2025-10-17,10:02:27.725996663,T,IBM,I,7,276.99
2025-10-17,10:02:27.726011702,T,IBM,F I,11,276.99
2025-10-17,10:02:27.726138175,T,IBM,I,50,276.935
2025-10-17,10:02:27.726177107,T,IBM,I,50,276.93
2025-10-17,10:02:40.541264281,T,IBM,I,9,277.02
2025-10-17,10:02:40.541312367,T,IBM,I,3,276.98
2025-10-17,10:03:05.745765752,T,IBM,F,100,276.92
2025-10-17,10:03:05.745765752,T,IBM,F I,52,276.91
2025-10-17,10:03:05.745786958,T,IBM,F I,48,276.91
2025-10-17,10:03:05.745789926,T,IBM,F,100,276.91
2025-10-17,10:03:05.745789926,T,IBM,F I,4,276.9
2025-10-17,10:03:05.745795810,T,IBM,I,96,276.9
2025-10-17,10:03:05.745798914,T,IBM,I,19,276.9
2025-10-17,10:03:05.745798914,T,IBM,I,15,276.9
2025-10-17,10:03:05.745802358,T,IBM,I,10,276.9
2025-10-17,10:03:05.745802358,T,IBM,I,8,276.9
2025-10-17,10:03:05.745804824,T,IBM,I,4,276.9
2025-10-17,10:03:05.745807913,T,IBM,F I,96,276.9
2025-10-17,10:03:05.745807913,T,IBM,F I,56,276.9
2025-10-17,10:03:05.745810884,T,IBM,F I,6,276.9
2025-10-17,10:03:05.745855945,T,IBM,,100,276.9
2025-10-17,10:03:05.745858969,T,IBM,I,1,276.89
2025-10-17,10:03:05.753410007,T,IBM,I,2,276.9
2025-10-17,10:03:10.847278965,T,IBM,F I,2,277.1
2025-10-17,10:03:10.847282054,T,IBM,F I,3,277.1
2025-10-17,10:03:10.847360156,T,IBM,I,29,277.12
2025-10-17,10:03:10.847883446,T,IBM,I,10,277.16
2025-10-17,10:03:23.159314017,T,IBM,F I,6,277.03
2025-10-17,10:03:23.159314017,T,IBM,F I,3,277.02
2025-10-17,10:03:23.159319628,T,IBM,F I,3,277.01
2025-10-17,10:03:23.159319628,T,IBM,F I,2,277.01
2025-10-17,10:03:23.159319628,T,IBM,F I,91,276.99
2025-10-17,10:03:23.159328460,T,IBM,F I,9,276.99
2025-10-17,10:03:23.159328460,T,IBM,F I,5,276.99
2025-10-17,10:03:30.169197022,T,IBM,F I,11,276.97
2025-10-17,10:03:31.558507608,T,IBM,I,2,276.86
2025-10-17,10:03:31.559033913,T,IBM,I,6,276.79
2025-10-17,10:03:31.559033913,T,IBM,I,1,276.79
2025-10-17,10:03:31.559069983,T,IBM,F I,6,276.78
2025-10-17,10:03:31.559072994,T,IBM,F I,14,276.78
2025-10-17,10:03:31.560083398,T,IBM,I,42,276.86
2025-10-17,10:03:38.092297999,T,IBM,I,50,276.85
2025-10-17,10:03:48.856051302,T,IBM,F I,31,276.88
2025-10-17,10:03:59.027207970,T,IBM,I,1,276.89
2025-10-17,10:04:01.790176832,T,IBM,I,5,276.97
2025-10-17,10:04:03.908660355,T,IBM,F I,1,277.1
2025-10-17,10:05:02.565086549,T,IBM,F,100,276.92
2025-10-17,10:05:12.069883828,T,IBM,I,19,276.96
2025-10-17,10:05:12.069901864,T,IBM,F I,11,276.96
2025-10-17,10:05:12.069910809,T,IBM,F I,1,276.96
2025-10-17,10:05:25.993232401,T,IBM,I,1,276.99
2025-10-17,10:05:25.993236354,T,IBM,I,2,277.01
2025-10-17,10:05:25.993524212,T,IBM,I,28,277.01
2025-10-17,10:05:34.855321921,T,IBM,F I,45,277.01
2025-10-17,10:05:34.855370001,T,IBM,F I,28,277.02
2025-10-17,10:05:34.855373095,T,IBM,F I,2,277.02
2025-10-17,10:05:51.223133045,T,IBM,F I,5,277.05
2025-10-17,10:05:51.223139122,T,IBM,F I,32,277.06
2025-10-17,10:05:51.223139122,T,IBM,F I,20,277.06
2025-10-17,10:05:51.223145180,T,IBM,F I,10,277.07
2025-10-17,10:05:51.223145180,T,IBM,F I,55,277.07
2025-10-17,10:05:51.223148400,T,IBM,F I,10,277.07
2025-10-17,10:05:51.223148400,T,IBM,F I,35,277.07
2025-10-17,10:05:51.223151206,T,IBM,F I,5,277.07
2025-10-17,10:05:51.223151206,T,IBM,F I,2,277.07
2025-10-17,10:05:51.223340558,T,IBM,F I,27,277.08
2025-10-17,10:05:51.223421812,T,IBM,F I,10,277.09
2025-10-17,10:05:54.991491544,T,IBM,F I,17,277.19
2025-10-17,10:05:55.002536832,T,IBM,F I,11,277.25
2025-10-17,10:05:55.002536832,T,IBM,F I,75,277.25
2025-10-17,10:05:56.492021867,T,IBM,F I,15,277.35
2025-10-17,10:05:56.492810019,T,IBM,F I,6,277.42
2025-10-17,10:05:56.492812768,T,IBM,F I,90,277.42
2025-10-17,10:05:56.493543589,T,IBM,I,11,277.46
2025-10-17,10:05:57.526250048,T,IBM,F I,21,277.42
2025-10-17,10:05:59.610175713,T,IBM,F I,17,277.5
2025-10-17,10:05:59.610178262,T,IBM,F I,2,277.5
2025-10-17,10:05:59.610205219,T,IBM,F I,1,277.52
2025-10-17,10:05:59.615967006,T,IBM,F,100,277.5
2025-10-17,10:06:00.972243912,T,IBM,I,6,277.5
2025-10-17,10:06:08.535886664,T,IBM,F I,18,277.53
2025-10-17,10:06:08.536166344,T,IBM,F I,18,277.57
2025-10-17,10:06:08.536921137,T,IBM,I,8,277.6
2025-10-17,10:06:08.536954246,T,IBM,F I,8,277.62
2025-10-17,10:06:09.536203132,T,IBM,F I,5,277.69
2025-10-17,10:06:09.543543597,T,IBM,I,19,277.66
2025-10-17,10:06:21.101515762,T,IBM,F I,18,277.57
2025-10-17,10:06:21.101518014,T,IBM,F I,14,277.57
2025-10-17,10:06:21.101553936,T,IBM,I,14,277.54
2025-10-17,10:06:21.101587808,T,IBM,F I,1,277.53
2025-10-17,10:06:21.101590497,T,IBM,F I,9,277.53
2025-10-17,10:06:21.101593847,T,IBM,F,100,277.53
2025-10-17,10:06:21.101596542,T,IBM,F I,23,277.53
2025-10-17,10:06:21.101596542,T,IBM,F I,10,277.53
2025-10-17,10:06:21.101599067,T,IBM,F,114,277.53
2025-10-17,10:06:24.813035319,T,IBM,I,30,277.44
2025-10-17,10:06:24.813038386,T,IBM,I,10,277.41
2025-10-17,10:06:24.813038386,T,IBM,I,34,277.4
2025-10-17,10:06:24.813041000,T,IBM,I,26,277.4
2025-10-17,10:06:24.813065063,T,IBM,F I,74,277.4
2025-10-17,10:06:24.813068099,T,IBM,F I,26,277.38
2025-10-17,10:06:24.813080280,T,IBM,F I,50,277.38
2025-10-17,10:06:24.813086067,T,IBM,F I,24,277.38
2025-10-17,10:06:24.813669483,T,IBM,I,13,277.33
2025-10-17,10:06:24.813672509,T,IBM,I,15,277.33
2025-10-17,10:06:24.813961200,T,IBM,I,34,277.35
2025-10-17,10:06:24.813964162,T,IBM,I,17,277.33
2025-10-17,10:06:24.813997340,T,IBM,I,2,277.33
2025-10-17,10:06:26.700165665,T,IBM,I,10,277.43
2025-10-17,10:06:31.734096945,T,IBM,F I,19,277.48
2025-10-17,10:06:31.734150274,T,IBM,F I,19,277.49
2025-10-17,10:06:32.785750789,T,IBM,F I,33,277.6
2025-10-17,10:06:32.785798950,T,IBM,I,1,277.6
2025-10-17,10:06:32.785985386,T,IBM,F I,11,277.6
2025-10-17,10:06:32.786144712,T,IBM,F,100,277.57
2025-10-17,10:06:32.786244029,T,IBM,F I,5,277.56
2025-10-17,10:06:32.904999725,T,IBM,F,100,277.49
2025-10-17,10:06:37.272107734,T,IBM,F,100,277.34
2025-10-17,10:06:37.272107734,T,IBM,F I,5,277.34
2025-10-17,10:06:37.272110565,T,IBM,F I,8,277.34
2025-10-17,10:06:37.272110565,T,IBM,F I,50,277.34
2025-10-17,10:06:37.272125553,T,IBM,F I,47,277.34
2025-10-17,10:06:37.272266882,T,IBM,I,35,277.34
2025-10-17,10:06:37.272285024,T,IBM,I,1,277.33
2025-10-17,10:06:37.283730215,T,IBM,I,70,277.325
2025-10-17,10:06:37.283730215,T,IBM,,100,277.33
2025-10-17,10:06:37.283733247,T,IBM,I,21,277.34
2025-10-17,10:06:37.283760338,T,IBM,,344,277.34
2025-10-17,10:06:48.672518915,T,IBM,F,100,277.32
2025-10-17,10:06:48.672518915,T,IBM,F I,4,277.32
2025-10-17,10:06:48.672527963,T,IBM,I,10,277.31
2025-10-17,10:06:48.672530923,T,IBM,I,12,277.31
2025-10-17,10:06:48.672627207,T,IBM,F I,3,277.32
2025-10-17,10:06:48.673093273,T,IBM,I,11,277.32
2025-10-17,10:06:48.673123434,T,IBM,F I,13,277.32
2025-10-17,10:07:02.836100476,T,IBM,F,100,277.16
2025-10-17,10:07:02.836103520,T,IBM,F I,30,277.16
2025-10-17,10:07:02.865354180,T,IBM,F I,2,277.13
2025-10-17,10:07:14.888319676,T,IBM,,100,277.11
2025-10-17,10:07:14.888632451,T,IBM,F,100,277.1
2025-10-17,10:07:14.888635404,T,IBM,F I,3,277.1
2025-10-17,10:07:37.385728834,T,IBM,F,100,277.07
2025-10-17,10:07:37.385728834,T,IBM,F I,69,277.06
2025-10-17,10:07:37.385746864,T,IBM,I,1,277.06
2025-10-17,10:07:37.385758849,T,IBM,F I,30,277.06
2025-10-17,10:07:37.385758849,T,IBM,F I,20,277.06
2025-10-17,10:07:37.385762936,T,IBM,F I,29,277.06
2025-10-17,10:07:37.385762936,T,IBM,F I,45,277.06
2025-10-17,10:07:37.385764871,T,IBM,F I,1,277.05
2025-10-17,10:07:37.385768076,T,IBM,F,100,277.03
2025-10-17,10:07:37.385768076,T,IBM,F I,6,277.03
2025-10-17,10:07:41.665466755,T,IBM,F,100,276.98
2025-10-17,10:08:05.258108734,T,IBM,I,50,276.92
2025-10-17,10:08:05.258108734,T,IBM,,100,276.92
2025-10-17,10:08:05.258110623,T,IBM,I,3,276.91
2025-10-17,10:08:05.258387221,T,IBM,F I,97,276.91
2025-10-17,10:08:05.258390277,T,IBM,F I,11,276.91
2025-10-17,10:08:05.258396475,T,IBM,F I,46,276.91
2025-10-17,10:08:05.258396475,T,IBM,F I,15,276.91
2025-10-17,10:08:05.263688784,T,IBM,I,2,276.91
2025-10-17,10:08:05.264103834,T,IBM,I,17,276.91
2025-10-17,10:08:05.264599962,T,IBM,F I,11,276.91
2025-10-17,10:08:31.084264849,T,IBM,I,13,276.96
2025-10-17,10:08:35.142949687,T,IBM,I,11,276.93
2025-10-17,10:08:35.142952496,T,IBM,,100,276.88
2025-10-17,10:08:35.142955509,T,IBM,I,30,276.88
2025-10-17,10:08:35.142970640,T,IBM,F I,11,276.88
2025-10-17,10:08:35.142982587,T,IBM,F I,2,276.87
2025-10-17,10:08:36.366036410,T,IBM,I,3,276.8
2025-10-17,10:08:36.366072500,T,IBM,F I,3,276.8
2025-10-17,10:08:36.366072500,T,IBM,F I,1,276.75
2025-10-17,10:09:02.682447812,T,IBM,F,100,276.72
2025-10-17,10:09:02.682447812,T,IBM,F I,2,276.71
2025-10-17,10:09:02.682450755,T,IBM,F,100,276.68
2025-10-17,10:09:02.682706386,T,IBM,I,1,276.66
2025-10-17,10:09:04.245385584,T,IBM,F,100,276.57
2025-10-17,10:09:04.245394637,T,IBM,F,100,276.55
2025-10-17,10:09:04.245403743,T,IBM,F I,30,276.54
2025-10-17,10:09:04.245421704,T,IBM,F I,6,276.52
2025-10-17,10:09:04.245425137,T,IBM,F I,1,276.52
2025-10-17,10:09:04.245514882,T,IBM,I,45,276.56
2025-10-17,10:09:04.245551029,T,IBM,F I,55,276.56
2025-10-17,10:09:04.290950155,T,IBM,I,2,276.57
2025-10-17,10:09:06.597829044,T,IBM,,100,276.49
2025-10-17,10:09:15.108236728,T,IBM,F I,3,276.56
2025-10-17,10:09:15.108239620,T,IBM,F I,2,276.61
2025-10-17,10:09:15.108266591,T,IBM,I,1,276.61
2025-10-17,10:09:15.108287658,T,IBM,F I,2,276.61
2025-10-17,10:09:15.367805558,T,IBM,I,2,276.61
2025-10-17,10:09:15.367805558,T,IBM,I,7,276.61
2025-10-17,10:09:43.226074957,T,IBM,F I,1,276.54
2025-10-17,10:09:54.155839237,T,IBM,I,11,276.48
2025-10-17,10:09:55.445706086,T,IBM,I,52,276.52
2025-10-17,10:10:13.308457246,T,IBM,I,1,276.65
2025-10-17,10:10:13.308457246,T,IBM,I,1,276.65
2025-10-17,10:10:18.660734507,T,IBM,F I,5,276.76
2025-10-17,10:10:18.660734507,T,IBM,F I,37,276.79
2025-10-17,10:10:18.660770673,T,IBM,F I,33,276.79
2025-10-17,10:10:18.660773570,T,IBM,F I,9,276.8
2025-10-17,10:10:18.660801068,T,IBM,F I,31,276.8
2025-10-17,10:10:18.660803687,T,IBM,F I,2,276.8
2025-10-17,10:10:18.660830915,T,IBM,I,1,276.8
2025-10-17,10:10:18.660833689,T,IBM,I,41,276.8
2025-10-17,10:10:18.660836775,T,IBM,I,1,276.8
2025-10-17,10:10:18.660903041,T,IBM,I,58,276.8
2025-10-17,10:10:18.660903041,T,IBM,I,42,276.83
2025-10-17,10:10:18.660926961,T,IBM,F I,58,276.83
2025-10-17,10:10:18.660945009,T,IBM,F I,10,276.86
2025-10-17,10:10:18.660948018,T,IBM,F I,30,276.86
2025-10-17,10:10:21.773619810,T,IBM,F,100,276.89
2025-10-17,10:10:21.773619810,T,IBM,F I,24,276.89
2025-10-17,10:10:21.773622515,T,IBM,F I,2,276.89
2025-10-17,10:10:21.773914190,T,IBM,,100,276.89
2025-10-17,10:10:21.774010434,T,IBM,F I,10,276.95
2025-10-17,10:10:21.774037483,T,IBM,I,6,276.95
2025-10-17,10:10:21.775300523,T,IBM,I,16,276.96
2025-10-17,10:10:21.815614457,T,IBM,I,4,276.97
2025-10-17,10:10:22.924675860,T,IBM,F I,10,276.98
2025-10-17,10:10:26.791080186,T,IBM,I,70,276.98
2025-10-17,10:10:26.791082738,T,IBM,,100,276.98
2025-10-17,10:10:26.791085639,T,IBM,I,30,276.99
2025-10-17,10:10:26.791100922,T,IBM,I,70,276.99
2025-10-17,10:10:26.791103737,T,IBM,I,30,276.99
2025-10-17,10:10:26.791103737,T,IBM,F I,70,276.99
2025-10-17,10:10:26.791154804,T,IBM,,100,276.99
2025-10-17,10:10:26.791437520,T,IBM,F I,4,277.02
2025-10-17,10:10:33.380204502,T,IBM,F,100,276.985
2025-10-17,10:10:36.624054189,T,IBM,F,100,276.93
2025-10-17,10:11:03.784604971,T,IBM,F I,10,277.11
2025-10-17,10:11:03.784604971,T,IBM,F,100,277.11
2025-10-17,10:11:03.785098123,T,IBM,I,36,277.05
2025-10-17,10:11:03.785116763,T,IBM,I,9,277.05
2025-10-17,10:11:03.785116763,T,IBM,I,27,277.04
2025-10-17,10:11:04.501836496,T,IBM,,100,277.13
2025-10-17,10:11:04.501887600,T,IBM,F,100,277.13
2025-10-17,10:11:04.501890560,T,IBM,F I,50,277.14
2025-10-17,10:11:04.501908597,T,IBM,F I,15,277.14
2025-10-17,10:11:04.501917668,T,IBM,I,12,277.14
2025-10-17,10:11:04.501950906,T,IBM,F I,23,277.14
2025-10-17,10:11:04.501953779,T,IBM,F I,15,277.15
2025-10-17,10:11:04.502013935,T,IBM,I,50,277.16
2025-10-17,10:11:04.502374796,T,IBM,I,63,277.14
2025-10-17,10:11:24.576515778,T,IBM,I,2,277.13
2025-10-17,10:11:29.708605976,T,IBM,F I,12,277.13
2025-10-17,10:11:38.894572367,T,IBM,I,16,277.14
2025-10-17,10:11:41.303694865,T,IBM,I,17,277.14
2025-10-17,10:11:43.926319552,T,IBM,F I,25,277.16
2025-10-17,10:11:48.847102669,T,IBM,I,5,277.23
2025-10-17,10:11:48.847424406,T,IBM,F I,5,277.25
2025-10-17,10:11:48.847427778,T,IBM,F I,5,277.26
2025-10-17,10:11:48.847431222,T,IBM,F I,18,277.26
2025-10-17,10:11:48.847431222,T,IBM,F I,12,277.27
2025-10-17,10:11:55.877879930,T,IBM,F I,16,277.38
2025-10-17,10:11:55.900331340,T,IBM,I,2,277.44
2025-10-17,10:12:12.205810215,T,IBM,F I,4,277.38
2025-10-17,10:12:25.243694617,T,IBM,I,4,277.23
2025-10-17,10:12:25.243980217,T,IBM,F I,38,277.22
2025-10-17,10:12:25.244813266,T,IBM,I,52,277.15
2025-10-17,10:12:25.244816263,T,IBM,I,6,277.15
2025-10-17,10:12:25.244835007,T,IBM,F I,42,277.15
2025-10-17,10:12:25.244837254,T,IBM,F I,6,277.15
2025-10-17,10:12:25.244840258,T,IBM,I,1,277.15
2025-10-17,10:12:25.252319104,T,IBM,F,100,277.19
2025-10-17,10:12:25.477155433,T,IBM,I,91,277.19
2025-10-17,10:12:26.832662519,T,IBM,F I,5,277.14
2025-10-17,10:12:26.832713688,T,IBM,F I,5,277.15
2025-10-17,10:12:26.832755763,T,IBM,F I,2,277.16
2025-10-17,10:12:32.637333734,T,IBM,F,100,277.2
2025-10-17,10:12:58.656379087,T,IBM,F I,5,277.24
2025-10-17,10:12:58.656382086,T,IBM,F I,11,277.26
2025-10-17,10:13:08.538452170,T,IBM,I,5,277.27
2025-10-17,10:13:08.538454255,T,IBM,I,15,277.29
2025-10-17,10:13:08.538731834,T,IBM,I,16,277.32
2025-10-17,10:13:08.538731834,T,IBM,I,1,277.32
2025-10-17,10:13:08.538736970,T,IBM,I,3,277.32
2025-10-17,10:13:12.203781487,T,IBM,I,2,277.43
2025-10-17,10:13:14.406904542,T,IBM,I,15,277.45
2025-10-17,10:13:14.406904542,T,IBM,I,15,277.45
2025-10-17,10:13:14.407472893,T,IBM,I,1,277.45
2025-10-17,10:13:19.067063012,T,IBM,I,1,277.45
2025-10-17,10:13:19.067063012,T,IBM,I,24,277.51
2025-10-17,10:13:19.067610264,T,IBM,I,1,277.51
2025-10-17,10:13:19.138765721,T,IBM,I,5,277.57
2025-10-17,10:13:19.163770513,T,IBM,I,5,277.58
2025-10-17,10:13:19.188591263,T,IBM,F I,24,277.52
2025-10-17,10:13:19.188603868,T,IBM,F I,76,277.52
2025-10-17,10:13:19.188603868,T,IBM,F I,23,277.51
2025-10-17,10:13:19.188606369,T,IBM,F I,1,277.51
2025-10-17,10:13:19.188609373,T,IBM,F,100,277.51
2025-10-17,10:13:28.002692176,T,IBM,I,15,277.53
2025-10-17,10:13:28.808271042,T,IBM,I,1,277.58
2025-10-17,10:13:28.811199991,T,IBM,I,11,277.58
2025-10-17,10:13:28.822624919,T,IBM,I,3,277.58
2025-10-17,10:13:28.823357988,T,IBM,F I,6,277.6
2025-10-17,10:13:28.826413292,T,IBM,I,3,277.57
2025-10-17,10:13:28.841157335,T,IBM,F I,10,277.6
2025-10-17,10:13:30.166728435,T,IBM,I,5,277.62
2025-10-17,10:13:30.166731152,T,IBM,I,14,277.67
2025-10-17,10:13:30.201878825,T,IBM,I,5,277.67
2025-10-17,10:13:30.201878825,T,IBM,I,6,277.67
2025-10-17,10:14:05.854668439,T,IBM,I,1,277.59
2025-10-17,10:14:05.854671432,T,IBM,I,1,277.67
2025-10-17,10:14:07.382497759,T,IBM,F I,1,277.59
2025-10-17,10:14:08.952941511,T,IBM,F I,2,277.59
2025-10-17,10:14:09.007196635,T,IBM,I,1,277.67
2025-10-17,10:14:13.858358110,T,IBM,F I,1,277.69
2025-10-17,10:14:13.859308337,T,IBM,F I,1,277.7
2025-10-17,10:14:13.859308337,T,IBM,F I,1,277.71
2025-10-17,10:14:13.859383443,T,IBM,F I,1,277.71
2025-10-17,10:14:13.861013289,T,IBM,I,2,277.71
2025-10-17,10:14:14.634202113,T,IBM,F I,4,277.78
2025-10-17,10:14:14.634202113,T,IBM,F I,1,277.8
2025-10-17,10:14:14.634205143,T,IBM,F I,6,277.8
2025-10-17,10:14:14.634205143,T,IBM,F I,5,277.8
2025-10-17,10:14:16.259526468,T,IBM,I,2,277.81
2025-10-17,10:14:32.637673311,T,IBM,F I,1,277.7
2025-10-17,10:14:32.637676902,T,IBM,F I,1,277.7
2025-10-17,10:14:32.637691425,T,IBM,F,100,277.69
2025-10-17,10:14:32.637694564,T,IBM,F I,1,277.69
2025-10-17,10:14:32.637694564,T,IBM,F I,3,277.69
2025-10-17,10:14:32.637697382,T,IBM,F I,1,277.69
2025-10-17,10:14:32.637700843,T,IBM,F I,61,277.69
2025-10-17,10:14:32.637700843,T,IBM,F I,1,277.69
2025-10-17,10:14:32.637700843,T,IBM,F I,26,277.69
2025-10-17,10:14:32.637704146,T,IBM,F I,12,277.69
2025-10-17,10:14:32.637704146,T,IBM,F I,23,277.69
2025-10-17,10:14:32.637706410,T,IBM,F I,87,277.69
2025-10-17,10:15:02.757160182,T,IBM,F,100,277.75
2025-10-17,10:15:06.953095026,T,IBM,F I,5,277.82
2025-10-17,10:15:06.953095026,T,IBM,F I,1,277.82
2025-10-17,10:15:52.056853209,T,IBM,I,6,277.7
2025-10-17,10:15:57.566528065,T,IBM,I,15,277.74
2025-10-17,10:15:58.529616302,T,IBM,F I,1,277.74
2025-10-17,10:16:10.478337301,T,IBM,F I,15,277.7
2025-10-17,10:16:34.921907422,T,IBM,,100,277.665
2025-10-17,10:16:42.420854296,T,IBM,F I,1,277.53
2025-10-17,10:16:42.420872367,T,IBM,F I,1,277.52
2025-10-17,10:16:42.420890371,T,IBM,F,100,277.52
2025-10-17,10:16:42.420893342,T,IBM,F,100,277.51
2025-10-17,10:16:42.420893342,T,IBM,F I,7,277.46
2025-10-17,10:16:42.422084578,T,IBM,,100,277.47
2025-10-17,10:16:42.422084578,T,IBM,I,93,277.46
2025-10-17,10:16:42.422087247,T,IBM,I,6,277.46
2025-10-17,10:16:42.422105414,T,IBM,I,94,277.46
2025-10-17,10:16:42.422105414,T,IBM,I,65,277.46
2025-10-17,10:16:42.422108275,T,IBM,I,20,277.45
2025-10-17,10:16:42.422177427,T,IBM,F I,1,277.45
2025-10-17,10:16:42.422234676,T,IBM,I,7,277.45
2025-10-17,10:16:42.422499816,T,IBM,F I,19,277.46
2025-10-17,10:16:42.422502315,T,IBM,I,81,277.46
2025-10-17,10:16:42.682026042,T,IBM,F,100,277.45
2025-10-17,10:16:47.336891985,T,IBM,F,100,277.48
2025-10-17,10:16:53.315235800,T,IBM,F,300,277.38
2025-10-17,10:16:53.315398163,T,IBM,F,100,277.38
2025-10-17,10:16:53.318047487,T,IBM,,100,277.39
2025-10-17,10:16:53.572504590,T,IBM,,100,277.34
2025-10-17,10:16:53.572504590,T,IBM,I,2,277.33
2025-10-17,10:17:05.469460453,T,IBM,F I,5,277.3
2025-10-17,10:17:11.402717738,T,IBM,F I,21,277.33
2025-10-17,10:17:23.495127572,T,IBM,I,13,277.2
2025-10-17,10:17:23.498354327,T,IBM,F I,13,277.2
2025-10-17,10:17:23.498387385,T,IBM,F I,74,277.2
2025-10-17,10:17:23.498390420,T,IBM,F I,13,277.19
2025-10-17,10:17:23.498390420,T,IBM,F I,13,277.18
2025-10-17,10:17:23.498420836,T,IBM,I,87,277.18
2025-10-17,10:17:23.498423402,T,IBM,F I,10,277.18
2025-10-17,10:17:42.548895196,T,IBM,I,10,277.01
2025-10-17,10:17:42.551712885,T,IBM,F I,1,276.98
2025-10-17,10:17:42.597247311,T,IBM,I,9,276.99
2025-10-17,10:17:42.597695347,T,IBM,F I,9,277.04
2025-10-17,10:17:45.542179397,T,IBM,F I,3,277.07
2025-10-17,10:17:49.040112917,T,IBM,I,4,277.06
2025-10-17,10:17:57.570609250,T,IBM,F I,5,276.93
2025-10-17,10:17:57.570609250,T,IBM,F I,7,276.92
2025-10-17,10:17:57.570632743,T,IBM,I,3,276.92
2025-10-17,10:17:57.581398371,T,IBM,I,5,276.915
2025-10-17,10:18:26.412497574,T,IBM,F I,22,276.89
2025-10-17,10:18:26.412813569,T,IBM,I,30,276.88
2025-10-17,10:18:26.412813569,T,IBM,I,5,276.84
2025-10-17,10:18:26.412813569,T,IBM,I,10,276.83
2025-10-17,10:18:26.412816431,T,IBM,I,10,276.83
2025-10-17,10:18:26.412822687,T,IBM,,100,276.82
2025-10-17,10:18:26.412822687,T,IBM,I,5,276.81
2025-10-17,10:18:26.412825996,T,IBM,I,45,276.81
2025-10-17,10:18:26.413399719,T,IBM,F I,3,276.81
2025-10-17,10:18:27.215769906,T,IBM,I,10,276.89
2025-10-17,10:18:29.451153715,T,IBM,F I,10,276.89
2025-10-17,10:18:29.451165728,T,IBM,I,10,276.89
2025-10-17,10:18:29.451177945,T,IBM,F I,1,276.89
2025-10-17,10:18:29.747355952,T,IBM,F I,10,276.96
2025-10-17,10:18:29.749966871,T,IBM,F I,5,276.97
2025-10-17,10:18:29.749984177,T,IBM,F I,2,276.97
2025-10-17,10:18:29.749987220,T,IBM,F I,10,276.97
2025-10-17,10:18:29.750278934,T,IBM,F I,5,276.96
2025-10-17,10:18:34.255998919,T,IBM,F I,10,276.85
2025-10-17,10:18:46.390523883,T,IBM,I,18,276.885
2025-10-17,10:19:16.941890173,T,IBM,F I,5,276.8
2025-10-17,10:19:23.632636146,T,IBM,I,45,276.86
2025-10-17,10:19:23.632636146,T,IBM,I,6,276.86
2025-10-17,10:19:23.632678308,T,IBM,I,5,276.97
2025-10-17,10:19:23.632699306,T,IBM,I,3,276.97
2025-10-17,10:19:55.545254319,T,IBM,I,10,276.83
2025-10-17,10:19:55.545254319,T,IBM,I,45,276.79
2025-10-17,10:19:55.545256932,T,IBM,I,10,276.79
2025-10-17,10:19:55.545256932,T,IBM,I,11,276.78
2025-10-17,10:19:55.545259800,T,IBM,I,5,276.78
2025-10-17,10:19:55.545265661,T,IBM,,100,276.75
2025-10-17,10:19:55.545265661,T,IBM,I,10,276.75
2025-10-17,10:20:02.335843022,T,IBM,F I,5,276.88
2025-10-17,10:20:14.342293179,T,IBM,F I,1,276.99
2025-10-17,10:20:14.667628524,T,IBM,I,10,277.13
2025-10-17,10:20:14.667628524,T,IBM,I,6,277.13
2025-10-17,10:20:14.667902278,T,IBM,F I,22,277.06
2025-10-17,10:20:14.667902278,T,IBM,F I,34,277.06
2025-10-17,10:20:14.722891154,T,IBM,I,10,277.05
2025-10-17,10:20:14.722891154,T,IBM,,100,277.06
2025-10-17,10:20:14.722894348,T,IBM,,200,277.06
2025-10-17,10:20:14.722894348,T,IBM,,100,277.06
2025-10-17,10:20:14.722897581,T,IBM,I,5,277.06
2025-10-17,10:20:14.722897581,T,IBM,I,36,277.06
2025-10-17,10:20:14.722909059,T,IBM,I,1,277.06
2025-10-17,10:20:14.722924133,T,IBM,I,9,277.06
2025-10-17,10:20:17.057935162,T,IBM,I,9,277.08
2025-10-17,10:20:30.393922328,T,IBM,I,20,277.2
2025-10-17,10:20:30.393922328,T,IBM,I,10,277.2
2025-10-17,10:20:30.393928543,T,IBM,,100,277.21
2025-10-17,10:20:30.393928543,T,IBM,I,5,277.21
2025-10-17,10:20:30.393928543,T,IBM,I,3,277.21
2025-10-17,10:20:30.393934769,T,IBM,I,24,277.21
2025-10-17,10:20:30.393934769,T,IBM,I,3,277.21
2025-10-17,10:20:30.393937404,T,IBM,,100,277.21
2025-10-17,10:20:30.393958448,T,IBM,F I,1,277.23
2025-10-17,10:20:34.272429979,T,IBM,F I,37,277.35
2025-10-17,10:20:34.272508100,T,IBM,I,37,277.35
2025-10-17,10:20:34.272694560,T,IBM,I,6,277.36
2025-10-17,10:20:34.272766823,T,IBM,F I,18,277.3
2025-10-17,10:20:39.397657712,T,IBM,I,8,277.35
2025-10-17,10:21:01.141048799,T,IBM,I,10,277.22
2025-10-17,10:21:01.175462649,T,IBM,F I,9,277.22
2025-10-17,10:21:01.175872178,T,IBM,F I,10,277.34
2025-10-17,10:21:01.175874689,T,IBM,F I,44,277.35
2025-10-17,10:21:03.330756892,T,IBM,F I,10,277.31
2025-10-17,10:21:06.510665626,T,IBM,I,18,277.285
2025-10-17,10:21:06.510668263,T,IBM,I,1,277.285
2025-10-17,10:21:09.028141642,T,IBM,F I,3,277.33
2025-10-17,10:21:09.579008101,T,IBM,I,5,277.295
2025-10-17,10:21:33.935305265,T,IBM,F,100,277.09
2025-10-17,10:21:33.935305265,T,IBM,F,100,277.09
2025-10-17,10:21:33.935323386,T,IBM,I,1,277.09
2025-10-17,10:21:33.935329867,T,IBM,I,55,277.09
2025-10-17,10:21:33.935335210,T,IBM,F I,13,277.09
2025-10-17,10:21:33.935335210,T,IBM,F I,87,277.09
2025-10-17,10:21:33.935338696,T,IBM,F,100,277.08
2025-10-17,10:21:33.935539583,T,IBM,,100,277.09
2025-10-17,10:21:33.936303322,T,IBM,I,84,277.08
2025-10-17,10:21:33.936477745,T,IBM,F I,13,277.04
2025-10-17,10:21:33.936480789,T,IBM,F I,6,277.03
2025-10-17,10:21:36.206816842,T,IBM,F,100,276.81
2025-10-17,10:21:36.206870949,T,IBM,I,70,276.8
2025-10-17,10:21:36.206892001,T,IBM,F I,30,276.8
2025-10-17,10:21:36.207165704,T,IBM,I,27,276.86
2025-10-17,10:21:36.213438653,T,IBM,I,10,276.85
2025-10-17,10:21:36.213471816,T,IBM,I,27,276.88
2025-10-17,10:21:36.213474719,T,IBM,I,2,276.88
2025-10-17,10:21:36.213561871,T,IBM,F I,64,276.89
2025-10-17,10:21:36.213607049,T,IBM,F I,26,276.885
2025-10-17,10:21:36.213607049,T,IBM,F I,10,276.88
2025-10-17,10:21:36.213610058,T,IBM,F I,54,276.88
2025-10-17,10:21:36.213613065,T,IBM,F I,10,276.88
2025-10-17,10:21:36.213625068,T,IBM,F I,26,276.88
2025-10-17,10:21:48.318526584,T,IBM,F,100,276.79
2025-10-17,10:21:48.331009287,T,IBM,I,1,276.725
2025-10-17,10:21:51.383453331,T,IBM,I,7,276.8
2025-10-17,10:21:51.383453331,T,IBM,I,11,276.85
2025-10-17,10:21:51.904825547,T,IBM,I,7,276.85
2025-10-17,10:22:02.225847049,T,IBM,I,1,276.81
2025-10-17,10:22:11.660030485,T,IBM,F I,10,276.87
2025-10-17,10:22:11.660030485,T,IBM,F I,7,276.88
2025-10-17,10:22:11.724948857,T,IBM,I,10,276.88
2025-10-17,10:22:11.724948857,T,IBM,I,7,276.91
2025-10-17,10:22:11.735166805,T,IBM,I,10,276.91
2025-10-17,10:22:13.059300129,T,IBM,F I,2,276.93
2025-10-17,10:22:16.283591240,T,IBM,F I,2,276.95
2025-10-17,10:22:16.283729609,T,IBM,I,20,276.96
2025-10-17,10:22:16.283729609,T,IBM,I,3,276.97
2025-10-17,10:22:16.283735566,T,IBM,,100,276.97
2025-10-17,10:22:16.283735566,T,IBM,I,80,276.97
2025-10-17,10:22:16.283816762,T,IBM,F I,3,276.97
2025-10-17,10:22:16.283864934,T,IBM,I,1,276.97
2025-10-17,10:22:16.283876999,T,IBM,F I,16,276.97
2025-10-17,10:22:16.283985211,T,IBM,F I,3,276.98
2025-10-17,10:22:16.285855815,T,IBM,F I,6,277.05
2025-10-17,10:22:16.285858648,T,IBM,F I,2,277.05
2025-10-17,10:22:19.930541676,T,IBM,F I,30,276.99
2025-10-17,10:22:21.342914201,T,IBM,I,10,276.97
2025-10-17,10:22:21.342920212,T,IBM,I,5,276.96
2025-10-17,10:22:21.342920212,T,IBM,I,10,276.95
2025-10-17,10:22:21.342923268,T,IBM,I,50,276.93
2025-10-17,10:22:43.182991486,T,IBM,F,100,276.9
2025-10-17,10:22:43.183024710,T,IBM,F I,35,276.9
2025-10-17,10:22:43.183027626,T,IBM,F I,34,276.9
2025-10-17,10:22:43.183520739,T,IBM,F,100,276.89
2025-10-17,10:22:47.611319042,T,IBM,I,1,276.845
2025-10-17,10:22:56.068394876,T,IBM,F I,10,276.89
2025-10-17,10:22:57.174271598,T,IBM,F I,15,276.96
2025-10-17,10:23:07.097788758,T,IBM,F I,7,277.05
2025-10-17,10:23:07.098245786,T,IBM,F I,3,277.06
2025-10-17,10:23:07.098248870,T,IBM,F I,3,277.08
2025-10-17,10:23:07.101391313,T,IBM,I,2,277.08
2025-10-17,10:23:07.101394351,T,IBM,I,20,277.08
2025-10-17,10:23:07.101599600,T,IBM,I,1,277.08
2025-10-17,10:23:07.101860457,T,IBM,I,4,277.09
2025-10-17,10:23:07.101863421,T,IBM,I,1,277.09
2025-10-17,10:23:07.116524128,T,IBM,I,10,277.04
2025-10-17,10:23:07.989011460,T,IBM,I,4,277.1
2025-10-17,10:23:10.748073995,T,IBM,I,5,277.1
2025-10-17,10:23:10.748073995,T,IBM,I,4,277.11
2025-10-17,10:23:12.894304486,T,IBM,I,5,277.06
2025-10-17,10:23:14.010997992,T,IBM,F I,10,277.05
2025-10-17,10:23:22.451251704,T,IBM,F I,27,277.13
2025-10-17,10:23:24.608807328,T,IBM,I,8,277.13
2025-10-17,10:23:24.608807328,T,IBM,I,1,277.14
2025-10-17,10:23:33.714615106,T,IBM,I,6,277.14
2025-10-17,10:23:40.289922365,T,IBM,I,6,277.14
2025-10-17,10:23:43.131119581,T,IBM,I,14,277.14
2025-10-17,10:23:43.136147751,T,IBM,F I,28,277.15
2025-10-17,10:23:43.143875959,T,IBM,F I,3,277.2
2025-10-17,10:23:49.064788947,T,IBM,I,3,277.22
2025-10-17,10:23:49.064834129,T,IBM,I,6,277.23
2025-10-17,10:23:49.064837124,T,IBM,I,27,277.23
2025-10-17,10:23:49.110594064,T,IBM,I,6,277.25
2025-10-17,10:23:49.110594064,T,IBM,I,1,277.26
2025-10-17,10:23:49.110630157,T,IBM,F I,5,277.25
2025-10-17,10:23:49.110630157,T,IBM,F I,1,277.25
2025-10-17,10:23:49.110663182,T,IBM,I,6,277.21
2025-10-17,10:23:49.110705733,T,IBM,I,6,277.18
2025-10-17,10:23:49.110709051,T,IBM,I,6,277.18
2025-10-17,10:23:58.665315986,T,IBM,I,3,277.2
2025-10-17,10:24:05.774868768,T,IBM,,100,277.15
2025-10-17,10:24:06.261012208,T,IBM,I,3,277.2
2025-10-17,10:24:06.892963639,T,IBM,I,17,277.19
2025-10-17,10:24:08.145081637,T,IBM,F,150,277.15
2025-10-17,10:24:10.932243183,T,IBM,,150,277.155
2025-10-17,10:24:18.166827428,T,IBM,F I,7,277.14
2025-10-17,10:24:22.285889541,T,IBM,I,3,277.2
2025-10-17,10:24:22.285892483,T,IBM,I,1,277.2
2025-10-17,10:24:22.285961938,T,IBM,I,1,277.2
2025-10-17,10:24:22.285961938,T,IBM,I,2,277.2
2025-10-17,10:24:26.090911069,T,IBM,I,13,277.28
2025-10-17,10:24:26.091350150,T,IBM,F I,26,277.28
2025-10-17,10:24:26.091575597,T,IBM,F I,26,277.28
2025-10-17,10:24:26.091692935,T,IBM,I,26,277.28
2025-10-17,10:24:26.091692935,T,IBM,I,1,277.28
2025-10-17,10:24:26.091861400,T,IBM,F I,8,277.28
2025-10-17,10:24:26.091861400,T,IBM,F I,19,277.29
2025-10-17,10:24:26.095190200,T,IBM,I,7,277.29
2025-10-17,10:24:26.105787426,T,IBM,I,1,277.32
2025-10-17,10:24:26.105841563,T,IBM,I,35,277.32
2025-10-17,10:24:26.105907754,T,IBM,F I,1,277.32
2025-10-17,10:24:26.106026254,T,IBM,I,6,277.33
2025-10-17,10:24:26.106031037,T,IBM,I,4,277.33
2025-10-17,10:24:26.106031037,T,IBM,I,12,277.33
2025-10-17,10:24:26.106061238,T,IBM,I,3,277.33
2025-10-17,10:24:26.139900702,T,IBM,I,9,277.3
2025-10-17,10:24:27.119822585,T,IBM,F I,9,277.3
2025-10-17,10:24:27.484699303,T,IBM,I,5,277.24
2025-10-17,10:24:27.484702416,T,IBM,I,10,277.23
2025-10-17,10:24:27.484702416,T,IBM,I,10,277.23
2025-10-17,10:24:27.489194945,T,IBM,,100,277.22
2025-10-17,10:24:27.489197950,T,IBM,I,83,277.22
2025-10-17,10:24:27.489216037,T,IBM,F I,17,277.22
2025-10-17,10:24:27.489703300,T,IBM,I,3,277.22
2025-10-17,10:24:27.489703300,T,IBM,I,6,277.22
2025-10-17,10:24:27.886624105,T,IBM,I,75,277.22
2025-10-17,10:24:50.443641250,T,IBM,F I,31,277.34
2025-10-17,10:24:50.443641250,T,IBM,F I,1,277.34
2025-10-17,10:24:50.443644337,T,IBM,F I,10,277.34
2025-10-17,10:24:50.443908916,T,IBM,I,15,277.29
2025-10-17,10:24:50.443911938,T,IBM,I,6,277.29
2025-10-17,10:24:51.468869004,T,IBM,F I,39,277.33
2025-10-17,10:24:51.725809895,T,IBM,F I,5,277.3
2025-10-17,10:24:51.725809895,T,IBM,F I,10,277.31
2025-10-17,10:24:51.725812820,T,IBM,F I,15,277.32
2025-10-17,10:25:01.468885363,T,IBM,F I,15,277.34
2025-10-17,10:25:01.468894366,T,IBM,F I,8,277.34
2025-10-17,10:25:01.468894366,T,IBM,F I,10,277.34
2025-10-17,10:25:01.468927487,T,IBM,F I,1,277.37
2025-10-17,10:25:01.468927487,T,IBM,F I,6,277.37
2025-10-17,10:25:02.468889344,T,IBM,F I,5,277.4
2025-10-17,10:25:02.468892134,T,IBM,F I,5,277.43
2025-10-17,10:25:04.170026992,T,IBM,I,9,277.43
2025-10-17,10:25:13.909974991,T,IBM,F I,11,277.45
2025-10-17,10:25:17.856651981,T,IBM,I,6,277.45
2025-10-17,10:25:23.784605850,T,IBM,F I,10,277.33
2025-10-17,10:25:23.784610904,T,IBM,F,100,277.32
2025-10-17,10:25:23.784613844,T,IBM,F I,5,277.32
2025-10-17,10:25:23.784613844,T,IBM,F,100,277.31
2025-10-17,10:25:23.784616758,T,IBM,F,100,277.31
2025-10-17,10:25:23.784616758,T,IBM,F I,69,277.31
2025-10-17,10:25:29.464734500,T,IBM,I,4,277.25
2025-10-17,10:25:29.978691101,T,IBM,I,2,277.295
2025-10-17,10:25:37.836999822,T,IBM,F I,1,277.14
2025-10-17,10:25:37.837033605,T,IBM,F I,5,277.14
2025-10-17,10:25:37.837035608,T,IBM,F I,5,277.14
2025-10-17,10:25:37.837074643,T,IBM,F I,5,277.14
2025-10-17,10:25:37.837128900,T,IBM,I,5,277.14
2025-10-17,10:25:37.837480596,T,IBM,F I,5,277.14
2025-10-17,10:25:37.837480596,T,IBM,F I,5,277.14
2025-10-17,10:25:37.837499546,T,IBM,I,5,277.14
2025-10-17,10:25:37.837546876,T,IBM,I,65,277.14
2025-10-17,10:25:38.725004602,T,IBM,F,100,277.14
2025-10-17,10:25:38.725152076,T,IBM,F I,5,277.13
2025-10-17,10:25:38.725152076,T,IBM,I,5,277.13
2025-10-17,10:25:38.725155002,T,IBM,F I,5,277.13
2025-10-17,10:25:38.725384147,T,IBM,I,5,277.13
2025-10-17,10:25:38.725386525,T,IBM,F I,5,277.13
2025-10-17,10:25:38.725386525,T,IBM,I,5,277.13
2025-10-17,10:25:38.735959698,T,IBM,I,5,277.13
2025-10-17,10:25:38.736126237,T,IBM,I,54,277.13
2025-10-17,10:25:50.053776472,T,IBM,I,30,276.95
2025-10-17,10:25:53.540899520,T,IBM,F I,10,276.97
2025-10-17,10:25:53.540899520,T,IBM,F I,90,276.96
2025-10-17,10:25:57.542255434,T,IBM,I,3,277.08
2025-10-17,10:26:02.450014336,T,IBM,F I,4,277.095
2025-10-17,10:26:04.014375334,T,IBM,F I,3,277.13
2025-10-17,10:26:04.014377684,T,IBM,F I,1,277.13
2025-10-17,10:26:04.014413692,T,IBM,F I,6,277.13
2025-10-17,10:26:04.017159267,T,IBM,F I,3,277.15
2025-10-17,10:26:04.795300789,T,IBM,I,11,277.105
2025-10-17,10:26:07.759514790,T,IBM,I,3,277.16
2025-10-17,10:26:07.761216801,T,IBM,I,1,277.2
2025-10-17,10:26:07.761222804,T,IBM,F I,5,277.24
2025-10-17,10:26:08.790390008,T,IBM,F I,5,277.22
2025-10-17,10:26:08.790645634,T,IBM,I,5,277.22
2025-10-17,10:26:09.894531645,T,IBM,I,10,277.19
2025-10-17,10:26:13.017295162,T,IBM,I,5,277.14
2025-10-17,10:26:13.017295162,T,IBM,I,45,277.11
2025-10-17,10:26:19.028666184,T,IBM,F I,10,277.165
2025-10-17,10:26:19.028669229,T,IBM,F I,5,277.2
2025-10-17,10:26:19.325106788,T,IBM,F I,15,277.22
2025-10-17,10:26:19.325106788,T,IBM,F I,5,277.24
2025-10-17,10:26:19.325109286,T,IBM,F I,10,277.24
2025-10-17,10:26:19.325112179,T,IBM,F I,1,277.25
2025-10-17,10:26:19.325689879,T,IBM,F I,6,277.24
2025-10-17,10:26:19.325692351,T,IBM,F I,5,277.25
2025-10-17,10:26:19.325695368,T,IBM,F I,10,277.25
2025-10-17,10:26:19.325875759,T,IBM,I,11,277.2
2025-10-17,10:26:19.526943485,T,IBM,I,6,277.24
2025-10-17,10:26:19.526985550,T,IBM,I,11,277.24
2025-10-17,10:26:19.527052206,T,IBM,I,10,277.26
2025-10-17,10:26:19.527052206,T,IBM,I,6,277.26
2025-10-17,10:26:20.821513477,T,IBM,I,5,277.24
2025-10-17,10:26:21.891160212,T,IBM,I,5,277.21
2025-10-17,10:26:22.834983907,T,IBM,F I,1,277.28
2025-10-17,10:26:36.606900819,T,IBM,F,100,277.22
2025-10-17,10:26:39.506810090,T,IBM,F I,2,277.34
2025-10-17,10:26:39.506812760,T,IBM,F I,16,277.35
2025-10-17,10:26:39.752275100,T,IBM,I,1,277.28
2025-10-17,10:27:01.780471031,T,IBM,F I,10,277.22
2025-10-17,10:27:04.746958905,T,IBM,F I,11,277.22
2025-10-17,10:27:04.746961280,T,IBM,F I,49,277.37
2025-10-17,10:27:16.629970237,T,IBM,I,11,277.23
2025-10-17,10:27:18.373187352,T,IBM,I,11,277.25
2025-10-17,10:27:19.640759027,T,IBM,F I,2,277.37
2025-10-17,10:27:19.640759027,T,IBM,F I,48,277.4
2025-10-17,10:27:21.341379728,T,IBM,I,6,277.41
2025-10-17,10:27:29.762381795,T,IBM,F I,44,277.4
2025-10-17,10:27:30.639666379,T,IBM,I,5,277.38
2025-10-17,10:27:30.639666379,T,IBM,I,1,277.4
2025-10-17,10:27:39.762392272,T,IBM,F I,10,277.4
2025-10-17,10:27:39.762395254,T,IBM,F I,34,277.41
2025-10-17,10:27:39.762410245,T,IBM,I,1,277.41
2025-10-17,10:27:39.762461412,T,IBM,I,9,277.41
2025-10-17,10:27:39.763775547,T,IBM,I,14,277.34
2025-10-17,10:27:39.763787575,T,IBM,I,14,277.34
2025-10-17,10:27:39.763790642,T,IBM,F I,14,277.34
2025-10-17,10:27:39.763799349,T,IBM,F I,14,277.34
2025-10-17,10:27:40.318915098,T,IBM,I,1,277.39
2025-10-17,10:27:40.318918204,T,IBM,I,5,277.4
2025-10-17,10:27:42.745584367,T,IBM,F I,1,277.42
2025-10-17,10:27:42.754371286,T,IBM,F I,1,277.42
2025-10-17,10:27:42.762683086,T,IBM,F I,1,277.42
2025-10-17,10:27:42.763125171,T,IBM,F I,1,277.42
2025-10-17,10:27:50.473051318,T,IBM,F I,10,277.33
2025-10-17,10:27:50.473413083,T,IBM,I,4,277.26
2025-10-17,10:27:50.473418271,T,IBM,,100,277.26
2025-10-17,10:28:01.806105070,T,IBM,F I,3,277.22
2025-10-17,10:28:01.806108028,T,IBM,F I,3,277.22
2025-10-17,10:28:01.806114037,T,IBM,F I,3,277.22
2025-10-17,10:28:01.806351625,T,IBM,I,3,277.22
2025-10-17,10:28:01.806432885,T,IBM,F I,5,277.22
2025-10-17,10:28:01.806935081,T,IBM,F I,3,277.21
2025-10-17,10:28:01.806974133,T,IBM,F I,1,277.2
2025-10-17,10:28:01.806977078,T,IBM,F I,1,277.2
2025-10-17,10:28:01.812580544,T,IBM,F I,19,277.26
2025-10-17,10:28:01.812586079,T,IBM,F I,13,277.26
2025-10-17,10:28:01.812588579,T,IBM,F I,19,277.27
2025-10-17,10:28:01.812594492,T,IBM,I,10,277.28
2025-10-17,10:28:01.818386322,T,IBM,F I,1,277.35
2025-10-17,10:28:06.556995506,T,IBM,I,10,277.375
2025-10-17,10:28:16.511200575,T,IBM,F I,10,277.34
2025-10-17,10:28:21.008178571,T,IBM,F I,11,277.34
2025-10-17,10:28:22.017949492,T,IBM,F I,10,277.34
2025-10-17,10:28:23.507097776,T,IBM,I,10,277.34
2025-10-17,10:28:30.488569600,T,IBM,F I,1,277.4
2025-10-17,10:28:30.488572587,T,IBM,F I,9,277.4
2025-10-17,10:28:40.570404369,T,IBM,F I,10,277.4
2025-10-17,10:28:52.920133476,T,IBM,I,1,277.34
2025-10-17,10:28:52.920190729,T,IBM,I,5,277.34
2025-10-17,10:28:53.871288936,T,IBM,I,1,277.34
2025-10-17,10:28:53.871553878,T,IBM,I,44,277.34
2025-10-17,10:28:53.871556558,T,IBM,I,1,277.33
2025-10-17,10:29:03.373397805,T,IBM,I,45,277.32
2025-10-17,10:29:03.373400811,T,IBM,,100,277.31
2025-10-17,10:29:03.373400811,T,IBM,I,30,277.31
2025-10-17,10:29:03.373403769,T,IBM,I,27,277.29
2025-10-17,10:29:04.896054848,T,IBM,F I,91,277.28
2025-10-17,10:29:04.896075940,T,IBM,F I,9,277.28
2025-10-17,10:29:04.896075940,T,IBM,F I,1,277.28
2025-10-17,10:29:12.295533814,T,IBM,I,1,277.17
2025-10-17,10:29:13.222012417,T,IBM,I,4,277.21
2025-10-17,10:29:13.316001281,T,IBM,I,4,277.26
2025-10-17,10:29:13.316025270,T,IBM,F I,6,277.26
2025-10-17,10:29:34.576171916,T,IBM,I,1,277.1
2025-10-17,10:29:34.576171916,T,IBM,I,99,277.09
2025-10-17,10:29:34.576192842,T,IBM,F I,1,277.09
2025-10-17,10:29:34.576249955,T,IBM,F,100,277.08
2025-10-17,10:29:34.578379009,T,IBM,I,6,277.04
2025-10-17,10:29:55.097835738,T,IBM,I,10,276.97
2025-10-17,10:29:55.097838150,T,IBM,I,68,276.96
2025-10-17,10:30:21.643670712,T,IBM,I,2,277.07
2025-10-17,10:30:23.645596810,T,IBM,I,1,277.065
2025-10-17,10:30:23.645596810,T,IBM,I,1,277.065
2025-10-17,10:30:32.395055796,T,IBM,F I,5,277.2
2025-10-17,10:30:32.395058904,T,IBM,F I,8,277.2
2025-10-17,10:30:32.395058904,T,IBM,F I,5,277.2
2025-10-17,10:30:54.287608124,T,IBM,F I,1,276.95
2025-10-17,10:30:54.287608124,T,IBM,F I,4,276.94
2025-10-17,10:30:54.287629366,T,IBM,F I,1,276.94
2025-10-17,10:30:54.287629366,T,IBM,F I,1,276.94
2025-10-17,10:30:54.287632105,T,IBM,I,4,276.94
2025-10-17,10:30:54.287650256,T,IBM,I,2,276.94
2025-10-17,10:30:54.287965847,T,IBM,I,1,276.94
2025-10-17,10:30:54.288350999,T,IBM,F I,92,276.94
2025-10-17,10:30:54.288353703,T,IBM,F I,18,276.91
2025-10-17,10:30:54.288374865,T,IBM,I,82,276.91
2025-10-17,10:30:54.288374865,T,IBM,I,7,276.91
2025-10-17,10:30:54.288396617,T,IBM,I,1,276.91
2025-10-17,10:30:54.288396617,T,IBM,I,1,276.91
2025-10-17,10:30:54.289421262,T,IBM,F I,1,276.91
2025-10-17,10:30:55.808845582,T,IBM,I,1,276.985
2025-10-17,10:30:57.289167884,T,IBM,I,21,276.99
2025-10-17,10:30:58.444819220,T,IBM,I,20,276.99
2025-10-17,10:30:59.875309709,T,IBM,I,20,276.985
2025-10-17,10:30:59.973785135,T,IBM,I,25,276.99
2025-10-17,10:31:00.096092386,T,IBM,I,30,276.99
2025-10-17,10:31:01.048697183,T,IBM,I,22,276.99
2025-10-17,10:31:02.536068227,T,IBM,F I,22,276.99
2025-10-17,10:31:04.676146107,T,IBM,I,23,276.99
2025-10-17,10:31:08.914499460,T,IBM,F,100,276.92
2025-10-17,10:31:08.914544594,T,IBM,F I,5,276.91
2025-10-17,10:31:08.914586615,T,IBM,F I,95,276.91
2025-10-17,10:31:08.914640804,T,IBM,F I,5,276.9
2025-10-17,10:31:09.018811807,T,IBM,F,100,276.9
2025-10-17,10:31:16.838878208,T,IBM,I,1,276.895
2025-10-17,10:31:21.820721386,T,IBM,F I,25,276.9
2025-10-17,10:31:23.871258157,T,IBM,F I,25,276.9
2025-10-17,10:31:23.912769614,T,IBM,F I,1,276.97
2025-10-17,10:31:23.912771995,T,IBM,F I,2,276.98
2025-10-17,10:31:23.912774950,T,IBM,F I,1,276.98
2025-10-17,10:31:23.912774950,T,IBM,F I,2,276.98
2025-10-17,10:31:23.912778184,T,IBM,F I,30,276.98
2025-10-17,10:31:23.912778184,T,IBM,F I,8,276.98
2025-10-17,10:31:23.912781104,T,IBM,F I,10,276.98
2025-10-17,10:31:23.912783991,T,IBM,F I,24,276.98
2025-10-17,10:31:23.913187003,T,IBM,I,1,276.98
2025-10-17,10:31:25.780380209,T,IBM,I,1,276.85
2025-10-17,10:31:26.753190207,T,IBM,F I,1,276.83
2025-10-17,10:31:26.753217314,T,IBM,F I,99,276.83
2025-10-17,10:31:26.753220313,T,IBM,F I,1,276.82
2025-10-17,10:31:26.753223273,T,IBM,F,100,276.81
2025-10-17,10:31:26.753499935,T,IBM,,100,276.81
2025-10-17,10:31:39.389555727,T,IBM,I,6,276.85
2025-10-17,10:31:39.389796864,T,IBM,I,2,276.86
2025-10-17,10:31:39.389799251,T,IBM,I,24,276.86
2025-10-17,10:31:42.178295946,T,IBM,I,6,276.91
2025-10-17,10:31:42.223830355,T,IBM,I,24,276.94
2025-10-17,10:32:00.567955533,T,IBM,I,1,276.89
2025-10-17,10:32:37.043933728,T,IBM,I,30,276.87
2025-10-17,10:32:37.052116703,T,IBM,I,1,276.875
2025-10-17,10:32:37.052119238,T,IBM,I,5,276.875
2025-10-17,10:32:39.670852692,T,IBM,F I,2,276.79
2025-10-17,10:32:40.826519286,T,IBM,I,7,276.875
2025-10-17,10:32:40.826519286,T,IBM,I,13,276.875
2025-10-17,10:32:44.507429228,T,IBM,I,10,276.85
2025-10-17,10:33:10.923178652,T,IBM,F,100,276.7
2025-10-17,10:33:10.923365076,T,IBM,F,100,276.69
2025-10-17,10:33:10.923404072,T,IBM,F I,3,276.67
2025-10-17,10:33:10.923407108,T,IBM,F I,5,276.66
2025-10-17,10:33:10.923434248,T,IBM,F I,95,276.66
2025-10-17,10:33:10.923876191,T,IBM,I,3,276.73
2025-10-17,10:33:10.923925247,T,IBM,I,4,276.71
2025-10-17,10:33:10.923927495,T,IBM,I,3,276.73
2025-10-17,10:33:10.924023547,T,IBM,F I,87,276.73
2025-10-17,10:33:10.938530139,T,IBM,I,5,276.78
2025-10-17,10:33:10.938530139,T,IBM,I,32,276.8
2025-10-17,10:33:10.938533118,T,IBM,I,6,276.81
2025-10-17,10:33:47.537925098,T,IBM,I,1,276.73
2025-10-17,10:33:47.537925098,T,IBM,I,5,276.73
2025-10-17,10:33:47.537927942,T,IBM,I,9,276.72
2025-10-17,10:33:47.537945966,T,IBM,F,391,276.72
2025-10-17,10:33:48.121575412,T,IBM,F I,5,276.71
2025-10-17,10:33:55.318381056,T,IBM,F,100,276.65
2025-10-17,10:33:55.607215623,T,IBM,I,8,276.56
2025-10-17,10:34:55.464900962,T,IBM,I,45,276.63
2025-10-17,10:34:55.464900962,T,IBM,I,30,276.6
2025-10-17,10:34:55.464903690,T,IBM,I,1,276.59
2025-10-17,10:34:55.464903690,T,IBM,I,8,276.59
2025-10-17,10:35:03.905406935,T,IBM,I,10,276.57
2025-10-17,10:35:03.905406935,T,IBM,I,7,276.56
2025-10-17,10:35:03.917162446,T,IBM,,100,276.55
2025-10-17,10:35:03.917164702,T,IBM,I,5,276.55
2025-10-17,10:35:03.917327166,T,IBM,F I,10,276.54
2025-10-17,10:35:03.917595051,T,IBM,I,10,276.54
2025-10-17,10:35:03.917621837,T,IBM,F I,10,276.54
2025-10-17,10:35:03.917769171,T,IBM,F I,10,276.54
2025-10-17,10:35:03.918006762,T,IBM,I,10,276.54
2025-10-17,10:35:03.918030836,T,IBM,F I,10,276.54
2025-10-17,10:35:03.918081962,T,IBM,F I,10,276.54
2025-10-17,10:35:03.918133083,T,IBM,F I,10,276.54
2025-10-17,10:35:03.918166125,T,IBM,I,2,276.54
2025-10-17,10:35:03.918178205,T,IBM,F I,10,276.54
2025-10-17,10:35:03.918190808,T,IBM,F I,8,276.54
2025-10-17,10:35:03.918193219,T,IBM,F I,2,276.53
2025-10-17,10:35:03.918217230,T,IBM,I,8,276.53
2025-10-17,10:35:04.458240286,T,IBM,F I,28,276.46
2025-10-17,10:35:04.458242920,T,IBM,F,100,276.46
2025-10-17,10:35:04.458242920,T,IBM,F I,20,276.45
2025-10-17,10:35:04.458264340,T,IBM,F I,80,276.45
2025-10-17,10:35:04.458264340,T,IBM,F I,44,276.45
2025-10-17,10:35:04.458266937,T,IBM,F I,4,276.45
2025-10-17,10:35:04.458291330,T,IBM,F I,28,276.44
2025-10-17,10:35:05.270948892,T,IBM,I,2,276.465
2025-10-17,10:35:06.064213316,T,IBM,F I,45,276.44
2025-10-17,10:35:06.064213316,T,IBM,F I,79,276.43
2025-10-17,10:35:16.996039723,T,IBM,I,17,276.4
2025-10-17,10:35:16.996067316,T,IBM,F I,83,276.4
2025-10-17,10:35:16.996073115,T,IBM,F,100,276.4
2025-10-17,10:35:16.996073115,T,IBM,F,100,276.4
2025-10-17,10:35:16.996075772,T,IBM,F I,37,276.4
2025-10-17,10:35:16.996075772,T,IBM,F I,34,276.4
2025-10-17,10:35:16.996078812,T,IBM,I,66,276.4
2025-10-17,10:35:16.996078812,T,IBM,F I,3,276.4
2025-10-17,10:35:16.996108860,T,IBM,F I,1,276.39
2025-10-17,10:35:17.566885871,T,IBM,F I,5,276.32
2025-10-17,10:35:17.566885871,T,IBM,F I,95,276.31
2025-10-17,10:35:17.569249324,T,IBM,F,100,276.3
2025-10-17,10:35:28.203869381,T,IBM,F I,2,276.26
2025-10-17,10:35:28.204762510,T,IBM,F I,1,276.26
2025-10-17,10:35:28.679545091,T,IBM,I,97,276.26
2025-10-17,10:35:28.679547907,T,IBM,I,1,276.25
2025-10-17,10:35:28.910903704,T,IBM,I,44,276.24
2025-10-17,10:35:28.910927713,T,IBM,F I,56,276.24
2025-10-17,10:35:28.910927713,T,IBM,I,1,276.24
2025-10-17,10:35:28.910930799,T,IBM,I,1,276.24
2025-10-17,10:35:28.911026966,T,IBM,I,18,276.28
2025-10-17,10:35:28.911463072,T,IBM,F I,5,276.28
2025-10-17,10:35:28.911911095,T,IBM,F I,29,276.24
2025-10-17,10:35:28.922102363,T,IBM,I,18,276.3
2025-10-17,10:35:28.922105312,T,IBM,I,32,276.32
2025-10-17,10:35:28.922150455,T,IBM,I,8,276.33
2025-10-17,10:35:28.967693852,T,IBM,I,5,276.34
2025-10-17,10:35:40.448504555,T,IBM,F I,3,276.4
2025-10-17,10:35:40.454136995,T,IBM,I,4,276.44
2025-10-17,10:35:40.454139888,T,IBM,I,5,276.44
2025-10-17,10:35:40.454807579,T,IBM,I,1,276.44
2025-10-17,10:35:40.454810531,T,IBM,I,1,276.47
2025-10-17,10:35:43.439557407,T,IBM,I,1,276.41
2025-10-17,10:35:52.274528014,T,IBM,I,2,276.41
2025-10-17,10:35:58.289742611,T,IBM,F I,1,276.49
2025-10-17,10:35:58.289745884,T,IBM,F I,13,276.49
2025-10-17,10:35:58.294169124,T,IBM,F I,5,276.53
2025-10-17,10:35:58.295065487,T,IBM,I,3,276.54
2025-10-17,10:35:58.295065487,T,IBM,I,27,276.54
2025-10-17,10:35:58.295068485,T,IBM,I,2,276.54
2025-10-17,10:35:58.295071286,T,IBM,F I,32,276.54
2025-10-17,10:35:58.295158548,T,IBM,F I,8,276.54
2025-10-17,10:35:58.296965845,T,IBM,I,14,276.5
2025-10-17,10:35:58.297831895,T,IBM,F I,28,276.59
2025-10-17,10:35:58.297834922,T,IBM,F I,6,276.59
2025-10-17,10:35:58.298307033,T,IBM,F I,1,276.6
2025-10-17,10:35:58.299173375,T,IBM,I,9,276.6
2025-10-17,10:35:58.299176106,T,IBM,I,6,276.6
2025-10-17,10:36:01.960999895,T,IBM,F I,30,276.52
2025-10-17,10:36:01.961002932,T,IBM,F I,70,276.5
2025-10-17,10:36:01.961123304,T,IBM,F I,30,276.5
2025-10-17,10:36:01.961126220,T,IBM,F I,14,276.49
2025-10-17,10:36:15.690089151,T,IBM,I,6,276.465
2025-10-17,10:36:34.050116200,T,IBM,I,10,276.48
2025-10-17,10:36:34.050717712,T,IBM,F I,5,276.5
2025-10-17,10:36:34.050720594,T,IBM,F I,5,276.53
2025-10-17,10:36:34.050723661,T,IBM,F I,5,276.53
2025-10-17,10:36:37.266585925,T,IBM,I,25,276.48
2025-10-17,10:36:37.266585925,T,IBM,I,75,276.48
2025-10-17,10:37:12.764166747,T,IBM,I,10,276.48
2025-10-17,10:37:16.105241078,T,IBM,F I,8,276.48
2025-10-17,10:37:16.105245117,T,IBM,F I,5,276.52
2025-10-17,10:37:16.105247044,T,IBM,F I,32,276.53
2025-10-17,10:37:16.105250632,T,IBM,F I,4,276.54
2025-10-17,10:37:16.105252981,T,IBM,F I,4,276.54
2025-10-17,10:37:16.105258962,T,IBM,F,100,276.54
2025-10-17,10:37:16.105258962,T,IBM,F I,8,276.55
2025-10-17,10:37:16.105262335,T,IBM,F,100,276.55
2025-10-17,10:37:16.105262335,T,IBM,F,100,276.58
2025-10-17,10:37:16.105262335,T,IBM,F I,10,276.61
2025-10-17,10:37:16.105268148,T,IBM,F I,8,276.61
2025-10-17,10:37:16.105268148,T,IBM,F,100,276.61
2025-10-17,10:37:16.105268148,T,IBM,F I,1,276.62
2025-10-17,10:37:16.105271006,T,IBM,F I,23,276.63
2025-10-17,10:37:16.105271006,T,IBM,F I,12,276.63
2025-10-17,10:37:16.105273950,T,IBM,F I,3,276.64
2025-10-17,10:37:16.105273950,T,IBM,F I,82,276.64
2025-10-17,10:37:16.106197236,T,IBM,I,40,276.56
2025-10-17,10:37:16.107607579,T,IBM,I,46,276.65
2025-10-17,10:37:17.269369377,T,IBM,I,5,276.56
2025-10-17,10:37:17.269369377,T,IBM,I,7,276.55
2025-10-17,10:37:18.354983859,T,IBM,I,5,276.56
2025-10-17,10:37:18.355119193,T,IBM,I,7,276.54
2025-10-17,10:37:24.028732478,T,IBM,I,1,276.65
2025-10-17,10:37:24.033814533,T,IBM,I,2,276.65
2025-10-17,10:37:38.717652773,T,IBM,F I,12,276.43
2025-10-17,10:37:38.717659401,T,IBM,F,100,276.42
2025-10-17,10:37:38.717661708,T,IBM,F I,6,276.4
2025-10-17,10:37:38.717680535,T,IBM,F I,3,276.4
2025-10-17,10:37:38.717682945,T,IBM,F I,97,276.4
2025-10-17,10:37:38.717685782,T,IBM,F I,3,276.4
2025-10-17,10:37:38.717685782,T,IBM,F I,66,276.4
2025-10-17,10:37:39.694014209,T,IBM,,100,276.32
2025-10-17,10:37:39.694017215,T,IBM,,100,276.31
2025-10-17,10:37:39.694020150,T,IBM,I,9,276.31
2025-10-17,10:37:39.694152455,T,IBM,F,100,276.3
2025-10-17,10:37:39.699318808,T,IBM,I,20,276.36
2025-10-17,10:37:44.099258902,T,IBM,,100,276.4
2025-10-17,10:37:44.286361371,T,IBM,I,6,276.43
2025-10-17,10:37:58.356904355,T,IBM,F I,6,276.42
2025-10-17,10:37:58.356907778,T,IBM,F I,15,276.47
2025-10-17,10:37:58.356911003,T,IBM,F I,5,276.48
2025-10-17,10:37:58.356911003,T,IBM,F I,8,276.49
2025-10-17,10:37:58.356913380,T,IBM,F I,1,276.5
2025-10-17,10:37:58.356913380,T,IBM,F I,12,276.58
2025-10-17,10:37:58.356916704,T,IBM,F I,6,276.58
2025-10-17,10:37:58.356916704,T,IBM,F I,47,276.58
2025-10-17,10:38:02.539351615,T,IBM,I,1,276.43
2025-10-17,10:38:13.531399384,T,IBM,I,1,276.42
2025-10-17,10:38:18.378085922,T,IBM,I,1,276.46
2025-10-17,10:38:18.378088829,T,IBM,I,5,276.5
2025-10-17,10:38:20.158334034,T,IBM,F I,5,276.52
2025-10-17,10:38:20.158334034,T,IBM,F I,1,276.52
2025-10-17,10:38:20.158336303,T,IBM,F I,13,276.52
2025-10-17,10:38:20.158339290,T,IBM,F I,2,276.52
2025-10-17,10:38:25.092585406,T,IBM,I,6,276.58
2025-10-17,10:38:25.092898499,T,IBM,I,10,276.59
2025-10-17,10:38:25.092898499,T,IBM,I,20,276.6
2025-10-17,10:38:25.092901430,T,IBM,I,32,276.6
2025-10-17,10:38:25.093773007,T,IBM,I,6,276.58
2025-10-17,10:38:31.202278843,T,IBM,I,17,276.56
2025-10-17,10:38:58.483224557,T,IBM,F I,30,276.49
2025-10-17,10:39:25.487101720,T,IBM,I,3,276.55
2025-10-17,10:39:25.487101720,T,IBM,I,13,276.57
2025-10-17,10:39:28.005694498,T,IBM,I,30,276.5
2025-10-17,10:39:28.005697043,T,IBM,I,45,276.47
2025-10-17,10:39:28.005699980,T,IBM,I,32,276.46
2025-10-17,10:39:28.005699980,T,IBM,I,98,276.46
2025-10-17,10:39:28.005712083,T,IBM,I,30,276.48
2025-10-17,10:39:28.005712083,T,IBM,I,2,276.46
2025-10-17,10:39:28.005717937,T,IBM,,100,276.46
2025-10-17,10:39:28.005717937,T,IBM,I,73,276.45
2025-10-17,10:39:28.005732956,T,IBM,I,1,276.45
2025-10-17,10:39:28.005781388,T,IBM,F I,26,276.45
2025-10-17,10:39:28.005781388,T,IBM,F I,5,276.45
2025-10-17,10:39:28.005787100,T,IBM,F,100,276.45
2025-10-17,10:39:28.005787100,T,IBM,F I,1,276.45
2025-10-17,10:39:28.061037614,T,IBM,I,71,276.45
2025-10-17,10:39:28.061037614,T,IBM,I,35,276.45
2025-10-17,10:39:48.769451678,T,IBM,F,100,276.36
2025-10-17,10:39:48.769451678,T,IBM,F,100,276.36
2025-10-17,10:39:48.769469450,T,IBM,F I,72,276.36
2025-10-17,10:39:48.769473084,T,IBM,F,107,276.35
2025-10-17,10:39:48.769482252,T,IBM,F I,72,276.35
2025-10-17,10:39:48.769550588,T,IBM,F I,34,276.36
2025-10-17,10:39:48.769559596,T,IBM,F I,34,276.36
2025-10-17,10:39:55.282552392,T,IBM,I,3,276.25
2025-10-17,10:39:55.282576877,T,IBM,F I,97,276.25
2025-10-17,10:39:55.282579319,T,IBM,F,100,276.25
2025-10-17,10:39:55.282582325,T,IBM,F I,32,276.25
2025-10-17,10:40:00.091841752,T,IBM,F,100,276.18
2025-10-17,10:40:00.091934968,T,IBM,F I,1,276.16
2025-10-17,10:40:00.092425222,T,IBM,F I,1,276.14
2025-10-17,10:40:00.092990578,T,IBM,F I,6,276.14
2025-10-17,10:40:03.596328043,T,IBM,,100,276.2
2025-10-17,10:40:07.223919033,T,IBM,I,1,276.22
2025-10-17,10:40:07.223921244,T,IBM,I,2,276.22
2025-10-17,10:40:32.650189020,T,IBM,I,1,276.195
2025-10-17,10:40:37.179340657,T,IBM,I,60,276.24
2025-10-17,10:40:41.043215432,T,IBM,F I,8,276.2
2025-10-17,10:40:41.043234104,T,IBM,I,10,276.2
2025-10-17,10:40:41.043236449,T,IBM,I,4,276.2
2025-10-17,10:40:55.643529497,T,IBM,F I,1,276.25
2025-10-17,10:41:03.785370936,T,IBM,F,100,276.11
2025-10-17,10:41:03.785370936,T,IBM,F I,41,276.11
2025-10-17,10:41:03.785370936,T,IBM,F I,1,276.11
2025-10-17,10:41:03.785442871,T,IBM,F I,2,276.11
2025-10-17,10:41:21.133966486,T,IBM,F I,30,276.13
2025-10-17,10:41:23.599668536,T,IBM,I,1,276.155
2025-10-17,10:41:34.814369549,T,IBM,F I,2,276.18
2025-10-17,10:41:55.205482621,T,IBM,I,2,276.17
2025-10-17,10:41:59.065808833,T,IBM,F I,2,276.28
2025-10-17,10:41:59.065811836,T,IBM,F I,9,276.28
2025-10-17,10:41:59.065911095,T,IBM,I,10,276.3
2025-10-17,10:41:59.065914161,T,IBM,I,10,276.3
2025-10-17,10:41:59.065914161,T,IBM,I,10,276.3
2025-10-17,10:41:59.065929078,T,IBM,F I,96,276.31
2025-10-17,10:41:59.065950610,T,IBM,I,1,276.31
2025-10-17,10:41:59.065953197,T,IBM,I,3,276.31
2025-10-17,10:41:59.067390528,T,IBM,F I,1,276.33
2025-10-17,10:41:59.071741943,T,IBM,I,1,276.32
2025-10-17,10:41:59.071745006,T,IBM,I,2,276.31
2025-10-17,10:41:59.071745006,T,IBM,I,23,276.31
2025-10-17,10:42:18.171969159,T,IBM,F I,1,276.3
2025-10-17,10:42:18.172308537,T,IBM,F I,16,276.3
2025-10-17,10:42:18.172937071,T,IBM,I,2,276.3
2025-10-17,10:42:18.178289759,T,IBM,F I,45,276.3
2025-10-17,10:42:22.779050686,T,IBM,F I,1,276.4
2025-10-17,10:42:22.779832542,T,IBM,I,2,276.41
2025-10-17,10:42:30.737335208,T,IBM,,100,276.37
2025-10-17,10:42:30.737335208,T,IBM,,100,276.365
2025-10-17,10:42:30.737338364,T,IBM,I,1,276.36
2025-10-17,10:42:30.737338364,T,IBM,I,8,276.36
2025-10-17,10:42:35.933681859,T,IBM,F I,3,276.41
2025-10-17,10:42:43.323132217,T,IBM,I,40,276.51
2025-10-17,10:42:43.323243009,T,IBM,F I,59,276.51
2025-10-17,10:42:43.330153715,T,IBM,I,35,276.53
2025-10-17,10:42:43.330156534,T,IBM,I,1,276.53
2025-10-17,10:42:43.338105034,T,IBM,I,35,276.54
2025-10-17,10:42:43.338176671,T,IBM,F I,26,276.54
2025-10-17,10:42:43.339235138,T,IBM,I,55,276.55
2025-10-17,10:42:43.339325383,T,IBM,I,6,276.55
2025-10-17,10:43:04.080342786,T,IBM,F I,25,276.41
2025-10-17,10:43:04.080508168,T,IBM,I,75,276.41
2025-10-17,10:43:04.080508168,T,IBM,I,1,276.39
2025-10-17,10:43:04.080510545,T,IBM,I,46,276.38
2025-10-17,10:43:04.080546614,T,IBM,I,1,276.38
2025-10-17,10:43:04.080874999,T,IBM,I,53,276.38
2025-10-17,10:43:04.080878476,T,IBM,I,16,276.38
2025-10-17,10:43:04.080878476,T,IBM,I,1,276.38
2025-10-17,10:43:04.080880426,T,IBM,I,5,276.38
2025-10-17,10:43:04.081599051,T,IBM,I,8,276.38
2025-10-17,10:43:04.081602041,T,IBM,I,21,276.38
2025-10-17,10:43:04.082122362,T,IBM,F I,22,276.38
2025-10-17,10:43:04.148791071,T,IBM,F,100,276.33
2025-10-17,10:43:04.148791071,T,IBM,F I,6,276.33
2025-10-17,10:43:04.148821068,T,IBM,,100,276.33
2025-10-17,10:43:12.014144925,T,IBM,I,2,276.36
2025-10-17,10:43:23.296455517,T,IBM,I,45,276.36
2025-10-17,10:43:58.250502881,T,IBM,I,25,276.35
2025-10-17,10:44:03.746810846,T,IBM,I,12,276.17
2025-10-17,10:44:03.746831812,T,IBM,F I,88,276.17
2025-10-17,10:44:03.746834817,T,IBM,F I,60,276.17
2025-10-17,10:44:04.023806233,T,IBM,I,7,276.16
2025-10-17,10:44:05.892608231,T,IBM,F I,25,276.17
2025-10-17,10:44:13.298161547,T,IBM,I,1,276.15
2025-10-17,10:44:28.027127349,T,IBM,I,1,276.11
2025-10-17,10:44:55.950586940,T,IBM,F I,25,276.11
2025-10-17,10:44:55.950593175,T,IBM,F,100,276.08
2025-10-17,10:44:55.950593175,T,IBM,F I,41,276.08
2025-10-17,10:44:55.950596176,T,IBM,F I,24,276.08
2025-10-17,10:44:55.950610900,T,IBM,I,1,276.08
2025-10-17,10:44:55.951025847,T,IBM,I,24,276.09
2025-10-17,10:44:55.951413771,T,IBM,I,24,276.09
2025-10-17,10:44:55.952869240,T,IBM,I,23,276.08
2025-10-17,10:45:17.788419491,T,IBM,F I,1,276.11
2025-10-17,10:45:32.446362239,T,IBM,,100,276.14
2025-10-17,10:45:52.067136755,T,IBM,I,2,276.145
2025-10-17,10:46:02.739724559,T,IBM,F I,17,276.2
2025-10-17,10:46:12.771462654,T,IBM,F I,16,276.2
2025-10-17,10:46:16.369543375,T,IBM,I,2,276.145
2025-10-17,10:46:20.574354710,T,IBM,F I,17,276.2
2025-10-17,10:46:23.233901208,T,IBM,I,2,276.27
2025-10-17,10:46:23.233904575,T,IBM,I,10,276.28
2025-10-17,10:46:23.233904575,T,IBM,I,21,276.28
2025-10-17,10:46:23.233908162,T,IBM,I,5,276.28
2025-10-17,10:46:23.233908162,T,IBM,I,26,276.28
2025-10-17,10:46:23.233911399,T,IBM,I,2,276.28
2025-10-17,10:46:23.233911399,T,IBM,F I,2,276.28
2025-10-17,10:46:23.233913234,T,IBM,F I,16,276.3
2025-10-17,10:46:23.234102643,T,IBM,I,2,276.36
2025-10-17,10:46:23.234105708,T,IBM,I,6,276.36
2025-10-17,10:46:25.633917955,T,IBM,I,20,276.37
2025-10-17,10:46:25.633969025,T,IBM,I,20,276.37
2025-10-17,10:46:25.661710131,T,IBM,I,20,276.38
2025-10-17,10:47:01.117272710,T,IBM,F I,10,276.31
2025-10-17,10:47:29.197462016,T,IBM,I,2,276.31
2025-10-17,10:47:31.548882976,T,IBM,I,1,276.32
2025-10-17,10:47:49.125038951,T,IBM,I,27,276.41
2025-10-17,10:48:07.194600580,T,IBM,I,4,276.44
2025-10-17,10:48:09.132645476,T,IBM,I,9,276.44
2025-10-17,10:48:09.132648732,T,IBM,I,2,276.46
2025-10-17,10:48:09.132648732,T,IBM,I,1,276.47
2025-10-17,10:48:09.132666665,T,IBM,I,11,276.47
2025-10-17,10:48:09.132672498,T,IBM,I,11,276.47
2025-10-17,10:48:09.132762755,T,IBM,I,11,276.47
2025-10-17,10:48:09.132894978,T,IBM,F I,13,276.47
2025-10-17,10:48:09.133340041,T,IBM,F,150,276.47
2025-10-17,10:48:09.133595636,T,IBM,F I,1,276.47
2025-10-17,10:48:13.661135267,T,IBM,I,11,276.4
2025-10-17,10:48:20.688865888,T,IBM,F I,11,276.48
2025-10-17,10:48:20.688905029,T,IBM,F I,1,276.49
2025-10-17,10:48:20.688908007,T,IBM,F I,1,276.5
2025-10-17,10:48:20.689299101,T,IBM,I,21,276.5
2025-10-17,10:48:20.836863444,T,IBM,I,8,276.54
2025-10-17,10:48:20.836863444,T,IBM,I,12,276.54
2025-10-17,10:48:20.836920314,T,IBM,F I,3,276.52
2025-10-17,10:48:20.837100777,T,IBM,F I,3,276.51
2025-10-17,10:48:20.837100777,T,IBM,F I,5,276.49
2025-10-17,10:48:20.837118874,T,IBM,F I,3,276.54
2025-10-17,10:48:20.837118874,T,IBM,F I,5,276.55
2025-10-17,10:48:20.837140011,T,IBM,I,7,276.53
2025-10-17,10:48:20.837209003,T,IBM,I,3,276.54
2025-10-17,10:48:20.837299241,T,IBM,F I,3,276.54
2025-10-17,10:48:20.837425529,T,IBM,I,1,276.53
2025-10-17,10:48:20.837978892,T,IBM,I,19,276.58
2025-10-17,10:48:20.837978892,T,IBM,I,6,276.58
2025-10-17,10:48:20.844588563,T,IBM,F I,6,276.51
2025-10-17,10:48:20.845027692,T,IBM,F I,6,276.48
2025-10-17,10:48:20.845027692,T,IBM,F I,31,276.48
2025-10-17,10:48:36.055223009,T,IBM,F I,11,276.535
2025-10-17,10:48:36.057930001,T,IBM,I,10,276.61
2025-10-17,10:48:36.057932422,T,IBM,I,11,276.63
2025-10-17,10:48:36.062437164,T,IBM,I,1,276.67
2025-10-17,10:48:36.062437164,T,IBM,I,5,276.67
2025-10-17,10:48:36.062671691,T,IBM,F I,3,276.67
2025-10-17,10:48:36.086425329,T,IBM,I,8,276.67
2025-10-17,10:48:39.664493369,T,IBM,I,25,276.63
2025-10-17,10:48:41.492253693,T,IBM,I,10,276.63
2025-10-17,10:48:41.500403015,T,IBM,I,10,276.63
2025-10-17,10:48:41.661301081,T,IBM,I,10,276.63
2025-10-17,10:49:02.196522481,T,IBM,I,9,276.63
2025-10-17,10:49:10.266050313,T,IBM,I,6,276.6
2025-10-17,10:49:12.477451950,T,IBM,I,3,276.605
2025-10-17,10:49:14.135370861,T,IBM,F I,5,276.605
2025-10-17,10:49:15.435013914,T,IBM,I,3,276.61
2025-10-17,10:49:17.114650480,T,IBM,F I,52,276.69
2025-10-17,10:49:17.114849059,T,IBM,F I,28,276.69
2025-10-17,10:49:17.114852574,T,IBM,F I,5,276.69
2025-10-17,10:49:17.114852574,T,IBM,F I,40,276.71
2025-10-17,10:49:18.914483311,T,IBM,F I,31,276.78
2025-10-17,10:49:18.914525370,T,IBM,F I,5,276.79
2025-10-17,10:49:18.915135865,T,IBM,F I,14,276.76
2025-10-17,10:50:02.558967580,T,IBM,F,100,276.7
2025-10-17,10:50:02.558967580,T,IBM,F I,50,276.7
2025-10-17,10:50:02.559057740,T,IBM,F I,10,276.71
2025-10-17,10:50:02.559106527,T,IBM,F I,45,276.65
2025-10-17,10:50:02.559111886,T,IBM,F I,50,276.64
2025-10-17,10:50:02.559172984,T,IBM,F I,50,276.64
2025-10-17,10:50:02.559172984,T,IBM,F,100,276.64
2025-10-17,10:50:02.559175018,T,IBM,F I,45,276.63
2025-10-17,10:50:02.559259204,T,IBM,I,94,276.64
2025-10-17,10:50:02.559268262,T,IBM,F I,1,276.71
2025-10-17,10:50:02.559308092,T,IBM,F I,32,276.71
2025-10-17,10:50:02.559308092,T,IBM,F I,1,276.72
2025-10-17,10:50:02.559308092,T,IBM,F I,16,276.72
2025-10-17,10:50:02.559310435,T,IBM,F I,12,276.73
2025-10-17,10:50:02.559442675,T,IBM,F I,15,276.74
2025-10-17,10:50:02.559562951,T,IBM,I,1,276.67
2025-10-17,10:50:02.559617018,T,IBM,F I,8,276.67
2025-10-17,10:50:02.559617018,T,IBM,F I,99,276.67
2025-10-17,10:50:02.559620248,T,IBM,F I,25,276.65
2025-10-17,10:50:02.559623125,T,IBM,F I,18,276.65
2025-10-17,10:50:02.559656192,T,IBM,I,8,276.67
2025-10-17,10:50:02.559674618,T,IBM,F I,50,276.63
2025-10-17,10:50:02.559677257,T,IBM,F I,6,276.63
2025-10-17,10:50:02.559680249,T,IBM,F I,44,276.62
2025-10-17,10:50:02.563406079,T,IBM,,100,276.72
2025-10-17,10:50:02.563598558,T,IBM,F I,42,276.72
2025-10-17,10:50:02.564341255,T,IBM,I,50,276.67
2025-10-17,10:50:02.564344288,T,IBM,I,1,276.66
2025-10-17,10:50:02.564657030,T,IBM,I,6,276.65
2025-10-17,10:50:02.567628124,T,IBM,I,25,276.72
2025-10-17,10:50:02.571753955,T,IBM,F I,10,276.73
2025-10-17,10:50:02.590299070,T,IBM,,100,276.69
2025-10-17,10:50:10.493537109,T,IBM,F I,6,276.81
2025-10-17,10:50:10.493585059,T,IBM,I,1,276.81
2025-10-17,10:50:10.493615123,T,IBM,I,99,276.81
2025-10-17,10:50:10.493639250,T,IBM,I,99,276.8
2025-10-17,10:50:44.752235345,T,IBM,I,23,276.91
2025-10-17,10:50:44.752262425,T,IBM,I,13,276.92
