DATE,TIME_M,EX,SYM_ROOT,TR_SCOND,SIZE,PRICE
2025-12-05,9:30:01.145748357,T,IBM,I,20,308.75
2025-12-05,9:30:01.145772386,T,IBM,Q,20,308.75
2025-12-05,9:30:01.556033117,T,IBM,,77,308.505
2025-12-05,9:30:02.044765523,T,IBM,I,1,308.26
2025-12-05,9:30:03.910021988,T,IBM,I,1,308.26
2025-12-05,9:30:07.375688130,T,IBM,I,5,308.6
2025-12-05,9:30:07.375688130,T,IBM,I,5,308.56
2025-12-05,9:30:07.535849357,T,IBM,I,5,308.505
2025-12-05,9:30:23.777351147,T,IBM,F I,1,308.36
2025-12-05,9:30:25.194336473,T,IBM,I,5,308.5
2025-12-05,9:30:35.989774671,T,IBM,,100,308.505
2025-12-05,9:30:44.277894824,T,IBM,,40,308.505
2025-12-05,9:31:12.614137875,T,IBM,F I,4,308.76
2025-12-05,9:31:13.502130714,T,IBM,F I,1,308.99
2025-12-05,9:31:13.502130714,T,IBM,F I,2,308.99
2025-12-05,9:31:13.502157871,T,IBM,I,3,308.99
2025-12-05,9:31:13.502169840,T,IBM,F I,3,308.99
2025-12-05,9:31:13.502181845,T,IBM,F I,14,308.99
2025-12-05,9:31:13.502181845,T,IBM,F,68,309.0
2025-12-05,9:31:13.502202915,T,IBM,F I,12,309.0
2025-12-05,9:31:13.502205967,T,IBM,F I,2,309.0
2025-12-05,9:31:13.502247983,T,IBM,F I,14,309.0
2025-12-05,9:31:13.502254051,T,IBM,F,66,309.0
2025-12-05,9:31:13.502317360,T,IBM,I,5,308.87
2025-12-05,9:31:13.502329315,T,IBM,F I,20,309.01
2025-12-05,9:31:13.502332357,T,IBM,F I,20,309.05
2025-12-05,9:31:13.502332357,T,IBM,F I,20,309.05
2025-12-05,9:31:13.502641968,T,IBM,F I,5,309.05
2025-12-05,9:31:19.523945052,T,IBM,,100,309.21
2025-12-05,9:31:24.852004744,T,IBM,F,50,309.28
2025-12-05,9:31:24.854804525,T,IBM,F,50,309.35
2025-12-05,9:31:24.854843442,T,IBM,F,100,309.38
2025-12-05,9:31:24.855628405,T,IBM,,40,309.47
2025-12-05,9:31:25.468310548,T,IBM,F,40,309.6
2025-12-05,9:31:25.468328013,T,IBM,I,1,309.6
2025-12-05,9:31:25.468337029,T,IBM,I,9,309.6
2025-12-05,9:31:25.468388068,T,IBM,I,1,309.6
2025-12-05,9:31:25.489645688,T,IBM,I,1,309.5
2025-12-05,9:31:35.451905366,T,IBM,,100,309.39
2025-12-05,9:31:38.504887237,T,IBM,I,5,309.39
2025-12-05,9:31:50.935576426,T,IBM,F I,10,309.58
2025-12-05,9:31:50.937106794,T,IBM,F I,5,309.58
2025-12-05,9:31:50.937275227,T,IBM,I,8,309.58
2025-12-05,9:31:53.076477547,T,IBM,F I,7,309.6
2025-12-05,9:31:53.076477547,T,IBM,F I,1,309.6
2025-12-05,9:31:53.282952123,T,IBM,I,8,309.39
2025-12-05,9:31:53.284657117,T,IBM,,59,309.39
2025-12-05,9:31:53.284966931,T,IBM,F I,8,309.38
2025-12-05,9:31:53.284969956,T,IBM,F I,5,309.38
2025-12-05,9:31:53.285023964,T,IBM,I,3,309.38
2025-12-05,9:31:53.285036105,T,IBM,F I,3,309.39
2025-12-05,9:31:53.285066091,T,IBM,I,3,309.39
2025-12-05,9:31:53.285069385,T,IBM,I,3,309.39
2025-12-05,9:31:53.285072107,T,IBM,F I,3,309.39
2025-12-05,9:31:55.363972013,T,IBM,F,100,309.28
2025-12-05,9:31:56.169932653,T,IBM,,100,309.385
2025-12-05,9:32:04.063781391,T,IBM,F I,5,309.385
2025-12-05,9:32:05.518277790,T,IBM,,100,309.385
2025-12-05,9:32:12.108646600,T,IBM,F I,3,309.17
2025-12-05,9:32:12.108649574,T,IBM,F I,1,309.17
2025-12-05,9:32:12.108652522,T,IBM,F,70,309.17
2025-12-05,9:32:12.108778859,T,IBM,F,40,309.12
2025-12-05,9:32:12.109395666,T,IBM,I,20,309.11
2025-12-05,9:32:12.109404989,T,IBM,F,55,309.11
2025-12-05,9:32:12.109407362,T,IBM,F,70,309.04
2025-12-05,9:32:12.109461487,T,IBM,,100,309.04
2025-12-05,9:32:12.109834713,T,IBM,F I,4,308.98
2025-12-05,9:32:12.109969678,T,IBM,F I,6,308.97
2025-12-05,9:32:12.110068923,T,IBM,I,14,309.12
2025-12-05,9:32:12.110129143,T,IBM,I,5,309.12
2025-12-05,9:32:12.110132034,T,IBM,I,13,309.12
2025-12-05,9:32:12.110574157,T,IBM,F,40,308.98
2025-12-05,9:32:12.111154503,T,IBM,F I,6,308.98
2025-12-05,9:32:12.111157468,T,IBM,F,70,308.98
2025-12-05,9:32:12.111208584,T,IBM,I,18,309.1
2025-12-05,9:32:12.111485539,T,IBM,F I,18,308.98
2025-12-05,9:32:12.111485539,T,IBM,F I,5,308.98
2025-12-05,9:32:12.111488631,T,IBM,F I,6,308.98
2025-12-05,9:32:12.111506284,T,IBM,I,14,309.04
2025-12-05,9:32:12.111506284,T,IBM,I,26,309.1
2025-12-05,9:32:12.158748800,T,IBM,F,100,308.89
2025-12-05,9:32:16.334119444,T,IBM,,40,309.08
2025-12-05,9:32:16.507226548,T,IBM,F I,1,309.14
2025-12-05,9:32:16.507230136,T,IBM,F I,20,309.15
2025-12-05,9:32:16.507230136,T,IBM,F,40,309.16
2025-12-05,9:32:16.507232686,T,IBM,F I,21,309.16
2025-12-05,9:32:16.507235564,T,IBM,F,89,309.16
2025-12-05,9:32:16.507242416,T,IBM,F I,15,309.16
2025-12-05,9:32:16.507242416,T,IBM,F I,6,309.16
2025-12-05,9:32:16.507244594,T,IBM,F I,19,309.22
2025-12-05,9:32:16.507295760,T,IBM,I,34,309.02
2025-12-05,9:32:17.014982342,T,IBM,,40,309.37
2025-12-05,9:32:26.402832535,T,IBM,F,100,309.305
2025-12-05,9:32:27.467017839,T,IBM,I,2,309.56
2025-12-05,9:32:29.905357388,T,IBM,I,2,309.6
2025-12-05,9:32:30.377565510,T,IBM,F I,10,309.75
2025-12-05,9:32:30.377586533,T,IBM,I,20,309.7
2025-12-05,9:32:30.377589581,T,IBM,,100,309.62
2025-12-05,9:32:30.377589581,T,IBM,I,7,309.61
2025-12-05,9:32:50.357311256,T,IBM,,100,309.69
2025-12-05,9:33:01.184026754,T,IBM,F I,10,309.67
2025-12-05,9:33:07.967821877,T,IBM,I,31,309.85
2025-12-05,9:33:07.968206751,T,IBM,F I,28,309.9
2025-12-05,9:33:07.968206751,T,IBM,F I,3,309.9
2025-12-05,9:33:07.969033717,T,IBM,F I,10,309.95
2025-12-05,9:33:07.969464801,T,IBM,I,27,309.95
2025-12-05,9:33:07.969464801,T,IBM,I,21,309.95
2025-12-05,9:33:07.969466754,T,IBM,I,13,309.95
2025-12-05,9:33:08.014083931,T,IBM,F I,1,309.82
2025-12-05,9:33:31.762000970,T,IBM,F,40,309.69
2025-12-05,9:33:42.537817435,T,IBM,I,18,309.8
2025-12-05,9:33:42.537820166,T,IBM,F I,18,309.8
2025-12-05,9:33:42.537823196,T,IBM,F I,21,309.8
2025-12-05,9:33:42.537829295,T,IBM,F I,18,309.81
2025-12-05,9:33:42.537833105,T,IBM,F I,18,309.81
2025-12-05,9:33:42.537835771,T,IBM,F I,4,309.81
2025-12-05,9:33:42.537838283,T,IBM,F I,2,309.84
2025-12-05,9:33:42.537889353,T,IBM,F I,12,309.84
2025-12-05,9:33:42.537901395,T,IBM,I,4,309.84
2025-12-05,9:33:42.538066777,T,IBM,I,9,309.8
2025-12-05,9:33:42.538248322,T,IBM,F I,1,309.85
2025-12-05,9:33:42.538248322,T,IBM,F I,3,309.89
2025-12-05,9:33:42.538250252,T,IBM,F I,8,309.89
2025-12-05,9:33:42.538313345,T,IBM,I,20,309.8
2025-12-05,9:33:42.538433646,T,IBM,I,27,309.84
2025-12-05,9:33:45.097775247,T,IBM,F I,1,309.96
2025-12-05,9:33:45.097778360,T,IBM,F,113,309.98
2025-12-05,9:33:45.097793395,T,IBM,F I,1,309.98
2025-12-05,9:33:45.097796281,T,IBM,I,1,309.98
2025-12-05,9:33:45.099039301,T,IBM,,100,310.0
2025-12-05,9:33:45.099059446,T,IBM,F,290,310.0
2025-12-05,9:33:45.099519814,T,IBM,F,100,310.0
2025-12-05,9:33:45.117390945,T,IBM,I,18,309.93
2025-12-05,9:33:52.026422299,T,IBM,I,1,309.7
2025-12-05,9:33:54.908284874,T,IBM,F,40,309.68
2025-12-05,9:33:54.908287595,T,IBM,I,1,309.67
2025-12-05,9:33:54.908546279,T,IBM,F I,2,309.65
2025-12-05,9:33:54.908582339,T,IBM,F,40,309.65
2025-12-05,9:33:54.908774934,T,IBM,F,120,309.6
2025-12-05,9:33:54.909127008,T,IBM,I,30,309.63
2025-12-05,9:33:54.909130333,T,IBM,I,6,309.65
2025-12-05,9:33:54.909132649,T,IBM,I,32,309.65
2025-12-05,9:33:54.909235005,T,IBM,F I,1,309.61
2025-12-05,9:33:54.909243950,T,IBM,I,28,309.58
2025-12-05,9:33:54.909250041,T,IBM,F I,1,309.61
2025-12-05,9:33:54.909264922,T,IBM,,92,309.58
2025-12-05,9:33:54.922463358,T,IBM,F I,10,309.54
2025-12-05,9:33:54.922478459,T,IBM,F I,18,309.54
2025-12-05,9:33:54.922604739,T,IBM,F I,7,309.58
2025-12-05,9:33:54.922848283,T,IBM,I,3,309.56
2025-12-05,9:33:54.923037713,T,IBM,F I,4,309.55
2025-12-05,9:33:54.923037713,T,IBM,F I,3,309.55
2025-12-05,9:33:54.923049864,T,IBM,F I,2,309.55
2025-12-05,9:34:13.925634192,T,IBM,F I,6,309.21
2025-12-05,9:34:17.015119799,T,IBM,F,50,309.29
2025-12-05,9:34:17.015135354,T,IBM,F I,2,309.31
2025-12-05,9:34:17.015183035,T,IBM,F,50,309.31
2025-12-05,9:34:22.654973820,T,IBM,I,20,309.29
2025-12-05,9:34:25.380022070,T,IBM,I,10,309.45
2025-12-05,9:34:25.380022070,T,IBM,I,1,309.39
2025-12-05,9:34:25.380025096,T,IBM,I,30,309.39
2025-12-05,9:34:25.380043171,T,IBM,I,1,309.4
2025-12-05,9:34:25.380067170,T,IBM,I,10,309.4
2025-12-05,9:34:28.867817832,T,IBM,I,18,309.24
2025-12-05,9:34:28.867826799,T,IBM,F I,3,309.24
2025-12-05,9:34:28.867829789,T,IBM,F I,18,309.17
2025-12-05,9:34:29.566636376,T,IBM,I,38,309.29
2025-12-05,9:34:29.566654569,T,IBM,I,1,309.29
2025-12-05,9:34:42.589429714,T,IBM,I,5,309.31
2025-12-05,9:34:42.589431839,T,IBM,I,1,309.18
2025-12-05,9:34:42.589434707,T,IBM,I,30,309.17
2025-12-05,9:34:42.589449686,T,IBM,F I,6,309.17
2025-12-05,9:34:43.567705514,T,IBM,F,50,309.25
2025-12-05,9:35:00.134443357,T,IBM,I,2,309.11
2025-12-05,9:35:00.134464359,T,IBM,F I,2,309.12
2025-12-05,9:35:00.134807210,T,IBM,I,24,309.17
2025-12-05,9:35:00.134807210,T,IBM,I,30,309.17
2025-12-05,9:35:00.135276348,T,IBM,F I,1,309.22
2025-12-05,9:35:00.136076512,T,IBM,I,30,309.22
2025-12-05,9:35:00.136076512,T,IBM,I,17,309.22
2025-12-05,9:35:00.137417489,T,IBM,,40,309.13
2025-12-05,9:35:00.746093597,T,IBM,I,1,309.35
2025-12-05,9:35:00.746093597,T,IBM,,41,309.35
2025-12-05,9:35:00.746276864,T,IBM,I,22,309.37
2025-12-05,9:35:00.746279909,T,IBM,I,20,309.37
2025-12-05,9:35:03.497039194,T,IBM,F,75,309.43
2025-12-05,9:35:10.826519225,T,IBM,,312,309.5
2025-12-05,9:35:10.826522352,T,IBM,F I,10,309.5
2025-12-05,9:35:10.826525467,T,IBM,F,250,309.5
2025-12-05,9:35:10.826525467,T,IBM,F I,22,309.5
2025-12-05,9:35:10.826528286,T,IBM,F,80,309.5
2025-12-05,9:35:10.826531529,T,IBM,I,5,309.56
2025-12-05,9:35:10.826531529,T,IBM,F,326,309.5
2025-12-05,9:35:10.826543307,T,IBM,I,5,309.56
2025-12-05,9:35:10.826558341,T,IBM,I,5,309.56
2025-12-05,9:35:10.826561341,T,IBM,I,5,309.56
2025-12-05,9:35:33.697617811,T,IBM,F,50,309.47
2025-12-05,9:35:33.697629937,T,IBM,F I,1,309.5
2025-12-05,9:35:37.454328833,T,IBM,F I,5,309.42
2025-12-05,9:35:45.005135927,T,IBM,F I,12,309.42
2025-12-05,9:36:14.915499902,T,IBM,I,5,309.45
2025-12-05,9:36:14.915526903,T,IBM,F,95,309.45
2025-12-05,9:36:16.533065573,T,IBM,F I,1,309.35
2025-12-05,9:36:16.537053017,T,IBM,I,1,309.29
2025-12-05,9:36:16.537092215,T,IBM,F I,2,309.29
2025-12-05,9:36:16.537092215,T,IBM,F I,10,309.29
2025-12-05,9:36:16.537146436,T,IBM,F I,5,309.25
2025-12-05,9:36:16.537146436,T,IBM,F I,35,309.24
2025-12-05,9:36:16.537404853,T,IBM,F I,5,309.24
2025-12-05,9:36:16.537744672,T,IBM,F I,5,309.19
2025-12-05,9:36:16.537813841,T,IBM,F I,6,309.24
2025-12-05,9:36:16.547448741,T,IBM,F I,1,308.99
2025-12-05,9:36:52.169627798,T,IBM,I,8,309.17
2025-12-05,9:37:06.301216609,T,IBM,F I,5,309.03
2025-12-05,9:37:30.542070065,T,IBM,F I,6,309.12
2025-12-05,9:37:30.729049092,T,IBM,I,6,309.14
2025-12-05,9:37:30.729106284,T,IBM,I,24,308.99
2025-12-05,9:37:44.795286435,T,IBM,F I,10,309.05
2025-12-05,9:37:44.795289427,T,IBM,F I,20,309.04
2025-12-05,9:37:44.795304959,T,IBM,I,30,309.09
2025-12-05,9:37:44.795304959,T,IBM,I,1,309.09
2025-12-05,9:37:44.795307799,T,IBM,I,19,309.09
2025-12-05,9:37:44.795307799,T,IBM,I,9,309.04
2025-12-05,9:37:44.795310489,T,IBM,F I,1,309.04
2025-12-05,9:37:44.796293852,T,IBM,F I,3,309.14
2025-12-05,9:37:44.796296792,T,IBM,F I,20,309.15
2025-12-05,9:37:46.433387972,T,IBM,F I,3,309.25
2025-12-05,9:37:46.433667586,T,IBM,F,40,309.3
2025-12-05,9:37:46.433697657,T,IBM,I,1,309.21
2025-12-05,9:37:46.433700742,T,IBM,I,7,309.21
2025-12-05,9:37:46.433950316,T,IBM,I,4,309.25
2025-12-05,9:37:50.390255456,T,IBM,F,40,309.09
2025-12-05,9:37:50.391208794,T,IBM,,100,309.165
2025-12-05,9:37:51.872002822,T,IBM,F I,4,309.11
2025-12-05,9:37:52.899073787,T,IBM,I,2,309.17
2025-12-05,9:37:59.257476344,T,IBM,I,11,309.24
2025-12-05,9:37:59.377464961,T,IBM,I,11,309.3
2025-12-05,9:38:06.052885124,T,IBM,I,32,309.39
2025-12-05,9:38:06.053155826,T,IBM,,58,309.44
2025-12-05,9:38:06.053209845,T,IBM,,40,309.41
2025-12-05,9:38:10.013312969,T,IBM,F I,1,309.39
2025-12-05,9:38:15.790353369,T,IBM,I,6,309.53
2025-12-05,9:38:15.790410525,T,IBM,F I,6,309.54
2025-12-05,9:38:47.589817906,T,IBM,I,2,309.36
2025-12-05,9:38:48.770499779,T,IBM,F I,1,309.41
2025-12-05,9:39:10.475124579,T,IBM,I,1,309.43
2025-12-05,9:39:10.475124579,T,IBM,,40,309.43
2025-12-05,9:39:12.586997939,T,IBM,I,10,309.47
2025-12-05,9:40:00.030215342,T,IBM,F I,2,309.48
2025-12-05,9:40:00.030846939,T,IBM,F I,6,309.54
2025-12-05,9:40:00.030849947,T,IBM,F I,17,309.54
2025-12-05,9:40:00.030849947,T,IBM,F I,8,309.54
2025-12-05,9:40:00.030891962,T,IBM,I,1,309.54
2025-12-05,9:40:00.030994199,T,IBM,F I,10,309.54
2025-12-05,9:40:00.031000490,T,IBM,I,11,309.54
2025-12-05,9:40:00.031003310,T,IBM,I,1,309.54
2025-12-05,9:40:00.031018333,T,IBM,F I,1,309.54
2025-12-05,9:40:00.031319073,T,IBM,F I,10,309.54
2025-12-05,9:40:02.092882680,T,IBM,F I,1,309.75
2025-12-05,9:40:02.092909878,T,IBM,F,74,309.75
2025-12-05,9:40:02.092966888,T,IBM,F,100,309.76
2025-12-05,9:40:02.093697562,T,IBM,I,20,309.77
2025-12-05,9:40:02.244260022,T,IBM,F I,3,309.76
2025-12-05,9:40:03.552807059,T,IBM,I,11,309.84
2025-12-05,9:40:07.460095520,T,IBM,,100,309.79
2025-12-05,9:40:15.544219314,T,IBM,F I,1,309.73
2025-12-05,9:40:15.544219314,T,IBM,F,100,309.73
2025-12-05,9:40:34.201864210,T,IBM,F I,1,309.61
2025-12-05,9:40:34.201885253,T,IBM,F I,1,309.59
2025-12-05,9:40:34.201906256,T,IBM,F I,1,309.59
2025-12-05,9:40:34.201921312,T,IBM,F I,2,309.58
2025-12-05,9:40:34.201942341,T,IBM,F I,15,309.58
2025-12-05,9:40:36.042236265,T,IBM,F I,11,309.58
2025-12-05,9:40:40.687761025,T,IBM,F,89,309.58
2025-12-05,9:40:43.595701455,T,IBM,F I,3,309.6
2025-12-05,9:40:45.556206594,T,IBM,F I,24,309.42
2025-12-05,9:40:45.556314829,T,IBM,F I,1,309.39
2025-12-05,9:40:45.556314829,T,IBM,F I,15,309.38
2025-12-05,9:40:45.556323875,T,IBM,F I,1,309.38
2025-12-05,9:40:45.556383906,T,IBM,F I,7,309.37
2025-12-05,9:40:45.556408041,T,IBM,F I,2,309.36
2025-12-05,9:40:45.556411128,T,IBM,F I,6,309.35
2025-12-05,9:40:45.556411128,T,IBM,F,40,309.35
2025-12-05,9:40:46.222541812,T,IBM,F I,16,309.31
2025-12-05,9:40:47.512709094,T,IBM,I,3,309.325
2025-12-05,9:40:50.297304899,T,IBM,,45,309.325
2025-12-05,9:40:50.297307900,T,IBM,,55,309.325
2025-12-05,9:41:04.597730498,T,IBM,I,1,309.33
2025-12-05,9:41:20.804415167,T,IBM,F I,1,309.4
2025-12-05,9:41:20.804436286,T,IBM,F I,1,309.42
2025-12-05,9:41:20.804439266,T,IBM,F I,2,309.42
2025-12-05,9:41:20.804544511,T,IBM,F,40,309.46
2025-12-05,9:41:20.804574524,T,IBM,I,19,309.37
2025-12-05,9:41:20.812257950,T,IBM,I,1,309.5
2025-12-05,9:41:20.812263909,T,IBM,F,40,309.51
2025-12-05,9:42:25.948589206,T,IBM,F I,30,309.49
2025-12-05,9:42:29.525739807,T,IBM,F I,36,309.55
2025-12-05,9:42:29.525761206,T,IBM,F I,36,309.55
2025-12-05,9:42:29.525821001,T,IBM,F I,13,309.56
2025-12-05,9:42:29.525821001,T,IBM,F I,23,309.56
2025-12-05,9:42:29.525824010,T,IBM,F I,9,309.56
2025-12-05,9:42:29.528939444,T,IBM,,40,309.57
2025-12-05,9:42:29.528964132,T,IBM,F I,27,309.57
2025-12-05,9:42:29.528966460,T,IBM,F,98,309.57
2025-12-05,9:42:29.529005523,T,IBM,F I,2,309.57
2025-12-05,9:42:29.529008549,T,IBM,F I,8,309.56
2025-12-05,9:42:29.529038642,T,IBM,I,2,309.565
2025-12-05,9:42:29.529047681,T,IBM,I,2,309.565
2025-12-05,9:42:29.529083721,T,IBM,F I,1,309.565
2025-12-05,9:42:29.546859007,T,IBM,F I,4,309.48
2025-12-05,9:42:30.529384972,T,IBM,F I,13,309.44
2025-12-05,9:42:30.594679757,T,IBM,F I,10,309.39
2025-12-05,9:42:30.594679757,T,IBM,F,40,309.39
2025-12-05,9:42:30.594682486,T,IBM,F I,7,309.39
2025-12-05,9:42:30.601752308,T,IBM,I,10,309.32
2025-12-05,9:42:49.536525217,T,IBM,,50,309.46
2025-12-05,9:43:15.321205641,T,IBM,F I,1,309.5
2025-12-05,9:43:15.321220671,T,IBM,F,40,309.5
2025-12-05,9:43:33.356341905,T,IBM,,40,309.5
2025-12-05,9:43:33.356344904,T,IBM,F I,10,309.5
2025-12-05,9:43:35.532318975,T,IBM,I,2,309.5
2025-12-05,9:43:35.532347234,T,IBM,F I,10,309.52
2025-12-05,9:43:35.532352411,T,IBM,F I,30,309.52
2025-12-05,9:43:35.532355479,T,IBM,F,50,309.52
2025-12-05,9:43:35.532673740,T,IBM,F,100,309.53
2025-12-05,9:43:35.532733917,T,IBM,I,1,309.56
2025-12-05,9:43:35.532842206,T,IBM,I,10,309.52
2025-12-05,9:43:49.579716227,T,IBM,I,2,309.29
2025-12-05,9:43:49.579734297,T,IBM,F I,14,309.29
2025-12-05,9:43:49.579755300,T,IBM,I,5,309.29
2025-12-05,9:43:49.579776398,T,IBM,F I,8,309.29
2025-12-05,9:43:49.579845830,T,IBM,F I,5,309.28
2025-12-05,9:43:49.579848550,T,IBM,F I,15,309.27
2025-12-05,9:43:49.580284615,T,IBM,F I,5,309.27
2025-12-05,9:43:53.789043679,T,IBM,I,12,309.06
2025-12-05,9:43:56.923732857,T,IBM,I,1,309.05
2025-12-05,9:43:56.923732857,T,IBM,I,12,309.03
2025-12-05,9:43:56.923750864,T,IBM,F I,1,309.03
2025-12-05,9:43:56.924045814,T,IBM,F I,6,309.06
2025-12-05,9:43:56.924045814,T,IBM,F I,3,309.06
2025-12-05,9:44:03.684757818,T,IBM,,75,309.25
2025-12-05,9:44:03.684757818,T,IBM,I,10,309.23
2025-12-05,9:44:03.685013414,T,IBM,F,75,309.15
2025-12-05,9:44:03.687238821,T,IBM,,45,309.25
2025-12-05,9:44:03.687262828,T,IBM,F,55,309.255
2025-12-05,9:44:30.316211996,T,IBM,,40,309.21
2025-12-05,9:44:30.316533739,T,IBM,F I,23,309.2
2025-12-05,9:44:33.547987314,T,IBM,F I,11,309.08
2025-12-05,9:44:35.461367242,T,IBM,,43,309.0
2025-12-05,9:44:35.461382207,T,IBM,F I,7,309.0
2025-12-05,9:44:35.462278374,T,IBM,I,27,308.97
2025-12-05,9:44:35.471080291,T,IBM,I,11,308.985
2025-12-05,9:44:35.472457583,T,IBM,I,7,308.97
2025-12-05,9:44:35.473745320,T,IBM,F I,1,308.92
2025-12-05,9:44:35.473768760,T,IBM,,40,308.92
2025-12-05,9:44:35.473813836,T,IBM,F I,1,308.93
2025-12-05,9:44:35.473958175,T,IBM,F I,1,308.89
2025-12-05,9:44:35.473958175,T,IBM,F,51,308.88
2025-12-05,9:44:35.474066395,T,IBM,I,5,309.01
2025-12-05,9:44:35.474421293,T,IBM,,61,309.01
2025-12-05,9:44:35.474467277,T,IBM,I,5,309.01
2025-12-05,9:44:35.474640882,T,IBM,F I,15,308.92
2025-12-05,9:44:35.474643887,T,IBM,F,46,308.9
2025-12-05,9:44:35.483298620,T,IBM,,40,309.02
2025-12-05,9:44:35.483298620,T,IBM,I,5,309.04
2025-12-05,9:45:00.000849337,T,IBM,I,11,309.16
2025-12-05,9:45:05.145607639,T,IBM,,45,309.22
2025-12-05,9:45:05.145634624,T,IBM,F,55,309.22
2025-12-05,9:45:12.403634642,T,IBM,I,10,309.31
2025-12-05,9:45:23.399111770,T,IBM,I,14,309.245
2025-12-05,9:45:25.438870941,T,IBM,F I,5,309.13
2025-12-05,9:45:26.796401073,T,IBM,F,75,309.13
2025-12-05,9:45:26.798178298,T,IBM,F I,1,309.13
2025-12-05,9:45:36.417633947,T,IBM,I,5,309.31
2025-12-05,9:45:36.417636860,T,IBM,I,8,309.35
2025-12-05,9:45:40.366393959,T,IBM,I,1,309.36
2025-12-05,9:45:40.366393959,T,IBM,I,12,309.37
2025-12-05,9:45:40.366457143,T,IBM,I,13,309.38
2025-12-05,9:45:44.773911260,T,IBM,F,40,309.3
2025-12-05,9:45:50.376774303,T,IBM,I,10,309.29
2025-12-05,9:45:50.376777048,T,IBM,I,5,309.28
2025-12-05,9:45:50.376780075,T,IBM,I,1,309.26
2025-12-05,9:45:50.376828147,T,IBM,I,1,309.37
2025-12-05,9:46:12.920886150,T,IBM,,43,309.37
2025-12-05,9:46:12.920889097,T,IBM,I,10,309.38
2025-12-05,9:46:12.920889097,T,IBM,I,9,309.39
2025-12-05,9:46:17.311999429,T,IBM,,50,309.41
2025-12-05,9:46:17.312002375,T,IBM,,40,309.42
2025-12-05,9:46:17.312005363,T,IBM,I,34,309.43
2025-12-05,9:46:27.087087383,T,IBM,F,40,309.3
2025-12-05,9:46:27.087111500,T,IBM,,46,309.36
2025-12-05,9:46:27.087457291,T,IBM,F I,5,309.3
2025-12-05,9:46:28.172028148,T,IBM,F I,1,309.31
2025-12-05,9:46:28.172331939,T,IBM,I,9,309.34
2025-12-05,9:46:28.172331939,T,IBM,I,16,309.34
2025-12-05,9:46:28.276641168,T,IBM,I,6,309.37
2025-12-05,9:46:28.277149407,T,IBM,F,40,309.43
2025-12-05,9:46:28.277149407,T,IBM,F I,10,309.43
2025-12-05,9:46:29.334487422,T,IBM,F I,1,309.43
2025-12-05,9:46:29.334553771,T,IBM,F I,1,309.42
2025-12-05,9:46:31.276167792,T,IBM,F I,1,309.34
2025-12-05,9:46:31.276167792,T,IBM,F I,1,309.34
2025-12-05,9:46:41.137807876,T,IBM,,40,309.21
2025-12-05,9:46:44.986270398,T,IBM,F,75,309.245
2025-12-05,9:46:46.712220059,T,IBM,I,3,309.34
2025-12-05,9:46:51.740766813,T,IBM,I,25,309.31
2025-12-05,9:46:52.175271279,T,IBM,I,3,309.43
2025-12-05,9:46:56.338243239,T,IBM,F,75,309.43
2025-12-05,9:47:01.036131817,T,IBM,F I,1,309.46
2025-12-05,9:47:01.036134905,T,IBM,F I,1,309.47
2025-12-05,9:47:01.036134905,T,IBM,F I,3,309.49
2025-12-05,9:47:01.036137988,T,IBM,F I,20,309.49
2025-12-05,9:47:01.036137988,T,IBM,F I,2,309.49
2025-12-05,9:47:01.036149866,T,IBM,I,1,309.49
2025-12-05,9:47:01.036174000,T,IBM,I,3,309.49
2025-12-05,9:47:01.092555184,T,IBM,,67,309.4
2025-12-05,9:47:01.092555184,T,IBM,I,1,309.4
2025-12-05,9:47:01.092561440,T,IBM,I,20,309.39
2025-12-05,9:47:01.092561440,T,IBM,I,18,309.38
2025-12-05,9:47:01.092561440,T,IBM,I,5,309.38
2025-12-05,9:47:01.615542336,T,IBM,F I,1,309.39
2025-12-05,9:47:01.615542336,T,IBM,F I,34,309.38
2025-12-05,9:47:01.615563219,T,IBM,I,1,309.38
2025-12-05,9:47:13.676684141,T,IBM,I,3,309.32
2025-12-05,9:47:15.817805198,T,IBM,I,1,309.13
2025-12-05,9:47:15.817808151,T,IBM,I,1,309.12
2025-12-05,9:47:18.085599722,T,IBM,I,1,309.12
2025-12-05,9:47:18.094573144,T,IBM,I,20,309.06
2025-12-05,9:47:18.094699414,T,IBM,,100,309.06
2025-12-05,9:47:18.094702407,T,IBM,,40,309.06
2025-12-05,9:47:18.094861799,T,IBM,F I,20,309.05
2025-12-05,9:47:18.094864752,T,IBM,F I,7,309.03
2025-12-05,9:47:18.141442773,T,IBM,F I,7,308.99
2025-12-05,9:47:18.141445624,T,IBM,F I,20,308.99
2025-12-05,9:47:18.141463658,T,IBM,F,73,308.99
2025-12-05,9:47:18.141469700,T,IBM,F I,20,308.98
2025-12-05,9:47:20.394216475,T,IBM,F I,1,309.04
2025-12-05,9:47:25.503003290,T,IBM,I,1,309.06
2025-12-05,9:47:25.503021321,T,IBM,I,11,309.07
2025-12-05,9:47:26.685899193,T,IBM,F I,1,308.93
2025-12-05,9:47:26.685938151,T,IBM,F I,1,308.91
2025-12-05,9:47:31.970884378,T,IBM,I,30,308.86
2025-12-05,9:47:43.124532182,T,IBM,I,10,308.9
2025-12-05,9:47:43.124532182,T,IBM,I,5,308.92
2025-12-05,9:47:43.124535099,T,IBM,I,35,308.93
2025-12-05,9:47:47.831721936,T,IBM,F I,13,308.79
2025-12-05,9:47:47.831724845,T,IBM,F,62,308.78
2025-12-05,9:47:47.831749000,T,IBM,F,88,308.78
2025-12-05,9:47:47.831751923,T,IBM,F I,12,308.78
2025-12-05,9:47:54.906417617,T,IBM,I,17,308.89
2025-12-05,9:48:02.732755757,T,IBM,F I,1,308.9
2025-12-05,9:48:02.732755757,T,IBM,F I,20,308.89
2025-12-05,9:48:02.732758599,T,IBM,F I,8,308.89
2025-12-05,9:48:02.732773709,T,IBM,F I,1,308.89
2025-12-05,9:48:02.733068321,T,IBM,F I,8,308.89
2025-12-05,9:48:05.188843444,T,IBM,I,25,308.89
2025-12-05,9:48:05.519757251,T,IBM,I,19,308.95
2025-12-05,9:48:15.786013449,T,IBM,I,3,308.95
2025-12-05,9:48:25.972135058,T,IBM,I,6,309.0
2025-12-05,9:48:49.308670087,T,IBM,I,7,309.16
2025-12-05,9:48:49.308691118,T,IBM,I,7,309.16
2025-12-05,9:48:49.308995226,T,IBM,I,1,309.16
2025-12-05,9:48:49.308995226,T,IBM,I,5,309.18
2025-12-05,9:48:49.309024900,T,IBM,F I,1,309.18
2025-12-05,9:48:49.309764694,T,IBM,,100,309.17
2025-12-05,9:49:00.041844945,T,IBM,I,8,309.21
2025-12-05,9:49:00.890747827,T,IBM,F I,20,309.1
2025-12-05,9:49:06.290597538,T,IBM,F I,1,308.99
2025-12-05,9:49:06.290603536,T,IBM,F I,1,308.97
2025-12-05,9:49:06.290967432,T,IBM,F I,1,308.94
2025-12-05,9:49:06.290967432,T,IBM,F I,38,308.92
2025-12-05,9:49:06.317280001,T,IBM,I,15,308.93
2025-12-05,9:49:12.482520880,T,IBM,I,6,308.99
2025-12-05,9:49:12.482562826,T,IBM,I,6,309.0
2025-12-05,9:49:22.025898376,T,IBM,,40,309.11
2025-12-05,9:49:29.870913809,T,IBM,I,1,309.19
2025-12-05,9:49:29.878374658,T,IBM,I,1,309.2
2025-12-05,9:49:42.379034297,T,IBM,F I,1,309.27
2025-12-05,9:49:42.379034297,T,IBM,F,40,309.29
2025-12-05,9:49:42.379037207,T,IBM,F I,9,309.29
2025-12-05,9:49:42.379089281,T,IBM,I,24,309.21
2025-12-05,9:49:42.379103353,T,IBM,I,5,309.21
2025-12-05,9:50:00.184968357,T,IBM,I,6,309.27
2025-12-05,9:50:05.414775312,T,IBM,F,50,309.11
2025-12-05,9:50:05.414775312,T,IBM,F I,23,309.11
2025-12-05,9:50:13.199551413,T,IBM,I,6,309.115
2025-12-05,9:50:26.752121454,T,IBM,F I,6,309.17
2025-12-05,9:50:26.752127175,T,IBM,F,69,309.17
2025-12-05,9:50:26.752154178,T,IBM,F I,6,309.18
2025-12-05,9:50:26.752175324,T,IBM,I,6,309.18
2025-12-05,9:50:26.752187535,T,IBM,I,5,309.22
2025-12-05,9:50:26.752190377,T,IBM,,40,309.23
2025-12-05,9:50:26.752193746,T,IBM,I,35,309.23
2025-12-05,9:50:26.752211379,T,IBM,I,1,309.23
2025-12-05,9:50:26.752223918,T,IBM,F I,4,309.23
2025-12-05,9:50:26.752223918,T,IBM,F I,1,309.23
2025-12-05,9:50:26.752226375,T,IBM,I,5,309.23
2025-12-05,9:50:28.286860997,T,IBM,F I,5,309.19
2025-12-05,9:50:28.286860997,T,IBM,F I,1,309.17
2025-12-05,9:50:28.286938845,T,IBM,F,40,309.16
2025-12-05,9:50:28.287007997,T,IBM,I,5,309.16
2025-12-05,9:50:28.287059107,T,IBM,,300,309.16
2025-12-05,9:50:28.287062194,T,IBM,,100,309.16
2025-12-05,9:50:28.465979042,T,IBM,,50,309.21
2025-12-05,9:50:28.465979042,T,IBM,I,15,309.215
2025-12-05,9:50:28.466009146,T,IBM,I,15,309.215
2025-12-05,9:50:29.016253024,T,IBM,I,1,309.15
2025-12-05,9:50:29.016253024,T,IBM,I,5,309.14
2025-12-05,9:50:29.016280075,T,IBM,F,70,309.13
2025-12-05,9:50:31.481795415,T,IBM,F I,1,309.09
2025-12-05,9:50:50.386358975,T,IBM,,40,309.15
2025-12-05,9:50:58.805221626,T,IBM,I,15,309.155
2025-12-05,9:51:03.937118309,T,IBM,I,8,309.165
2025-12-05,9:51:04.893512054,T,IBM,I,10,309.27
2025-12-05,9:51:04.893993277,T,IBM,I,24,309.27
2025-12-05,9:51:19.910264414,T,IBM,I,6,309.2
2025-12-05,9:51:27.363570453,T,IBM,F I,1,309.11
2025-12-05,9:51:27.363648673,T,IBM,F I,1,309.06
2025-12-05,9:51:27.363651833,T,IBM,F I,4,309.05
2025-12-05,9:51:27.363663719,T,IBM,F I,1,309.05
2025-12-05,9:51:27.363663719,T,IBM,F I,39,309.04
2025-12-05,9:51:27.363823114,T,IBM,F I,1,309.04
2025-12-05,9:51:27.364084724,T,IBM,I,2,309.09
2025-12-05,9:51:27.364665145,T,IBM,I,5,309.04
2025-12-05,9:51:27.364665145,T,IBM,I,35,309.04
2025-12-05,9:51:27.367182537,T,IBM,,40,309.05
2025-12-05,9:51:27.367188117,T,IBM,I,5,309.04
2025-12-05,9:51:27.367200279,T,IBM,I,1,309.04
2025-12-05,9:51:27.367476817,T,IBM,I,26,309.03
2025-12-05,9:51:27.367903761,T,IBM,I,6,309.05
2025-12-05,9:51:27.368998384,T,IBM,I,4,309.03
2025-12-05,9:51:27.369001420,T,IBM,I,8,309.03
2025-12-05,9:51:27.369338526,T,IBM,F,40,309.0
2025-12-05,9:51:27.369338526,T,IBM,F,70,309.0
2025-12-05,9:51:27.369341287,T,IBM,F I,10,309.0
2025-12-05,9:51:27.369383316,T,IBM,,100,309.0
2025-12-05,9:51:28.109529284,T,IBM,I,2,308.95
2025-12-05,9:51:30.786406666,T,IBM,F I,1,308.83
2025-12-05,9:51:30.786408746,T,IBM,F I,8,308.83
2025-12-05,9:51:41.844462342,T,IBM,,40,308.99
2025-12-05,9:51:41.844465393,T,IBM,I,10,309.02
2025-12-05,9:51:41.844465393,T,IBM,I,25,309.03
2025-12-05,9:51:41.844468134,T,IBM,I,7,309.03
2025-12-05,9:51:41.844531280,T,IBM,I,33,309.03
2025-12-05,9:51:41.844534448,T,IBM,I,2,309.05
2025-12-05,9:51:41.844534448,T,IBM,,80,309.05
2025-12-05,9:51:53.515566936,T,IBM,I,10,309.14
2025-12-05,9:51:53.515566936,T,IBM,I,30,309.17
2025-12-05,9:51:53.515606583,T,IBM,I,10,309.17
2025-12-05,9:51:53.515609062,T,IBM,I,30,309.18
2025-12-05,9:51:53.516081221,T,IBM,F I,1,309.18
2025-12-05,9:51:54.236000941,T,IBM,F I,10,309.08
2025-12-05,9:51:54.236000941,T,IBM,F I,10,309.065
2025-12-05,9:52:12.753077112,T,IBM,F I,1,308.97
2025-12-05,9:52:12.753245448,T,IBM,F I,1,308.95
2025-12-05,9:52:12.753272483,T,IBM,I,1,308.94
2025-12-05,9:52:12.753281492,T,IBM,I,1,308.94
2025-12-05,9:52:12.753290544,T,IBM,I,32,309.06
2025-12-05,9:52:12.753311613,T,IBM,I,2,308.94
2025-12-05,9:52:12.753347627,T,IBM,I,1,308.94
2025-12-05,9:52:12.753555293,T,IBM,F,50,308.96
2025-12-05,9:52:12.753558159,T,IBM,F I,2,308.94
2025-12-05,9:52:12.763529932,T,IBM,,45,308.96
2025-12-05,9:52:12.763529932,T,IBM,I,23,308.94
2025-12-05,9:52:12.763551527,T,IBM,F,45,308.94
2025-12-05,9:52:12.763551527,T,IBM,F I,8,308.94
2025-12-05,9:52:12.763553934,T,IBM,I,1,308.94
2025-12-05,9:52:12.763557007,T,IBM,F I,25,308.98
2025-12-05,9:52:12.763605105,T,IBM,F I,5,308.98
2025-12-05,9:52:12.770154645,T,IBM,I,4,309.005
2025-12-05,9:52:19.225285447,T,IBM,F I,1,309.005
2025-12-05,9:52:20.261278676,T,IBM,I,39,309.005
2025-12-05,9:52:26.292926382,T,IBM,,46,309.08
2025-12-05,9:52:29.073910777,T,IBM,I,4,309.01
2025-12-05,9:52:31.513062302,T,IBM,F I,36,309.01
2025-12-05,9:52:53.661727530,T,IBM,I,22,309.11
2025-12-05,9:52:54.218632273,T,IBM,F I,1,309.02
2025-12-05,9:53:11.137340200,T,IBM,F I,22,309.02
2025-12-05,9:53:16.687881651,T,IBM,F,46,308.96
2025-12-05,9:53:20.988151794,T,IBM,I,2,309.15
2025-12-05,9:53:20.988151794,T,IBM,,40,309.16
2025-12-05,9:53:20.988173602,T,IBM,F I,2,309.16
2025-12-05,9:53:20.988175924,T,IBM,F I,12,309.16
2025-12-05,9:53:20.988181639,T,IBM,I,1,309.16
2025-12-05,9:53:20.988184728,T,IBM,I,30,309.16
2025-12-05,9:53:21.147359636,T,IBM,,60,309.17
2025-12-05,9:53:21.217898481,T,IBM,,40,309.17
2025-12-05,9:53:21.219962100,T,IBM,,45,309.18
2025-12-05,9:53:21.219964418,T,IBM,I,15,309.19
2025-12-05,9:53:21.219985715,T,IBM,F I,25,309.19
2025-12-05,9:53:21.219985715,T,IBM,F I,20,309.19
2025-12-05,9:53:21.220521233,T,IBM,F I,12,309.2
2025-12-05,9:53:21.220523806,T,IBM,F I,4,309.2
2025-12-05,9:53:21.229370866,T,IBM,F I,30,309.15
2025-12-05,9:53:21.266049386,T,IBM,I,10,309.11
2025-12-05,9:53:21.266049386,T,IBM,I,24,309.11
2025-12-05,9:53:29.848140370,T,IBM,I,8,309.04
2025-12-05,9:53:33.701254774,T,IBM,F I,25,309.07
2025-12-05,9:53:33.701257791,T,IBM,F I,10,309.05
2025-12-05,9:53:33.701257791,T,IBM,F I,5,309.04
2025-12-05,9:53:41.624071541,T,IBM,,100,309.11
2025-12-05,9:53:41.624074586,T,IBM,F I,1,309.05
2025-12-05,9:53:44.124217336,T,IBM,F I,20,309.155
2025-12-05,9:53:45.124226938,T,IBM,F I,11,309.155
2025-12-05,9:53:46.755427039,T,IBM,F I,16,309.16
2025-12-05,9:53:59.422015593,T,IBM,F I,28,309.16
2025-12-05,9:54:07.606446065,T,IBM,F I,18,309.17
2025-12-05,9:54:09.792791708,T,IBM,F I,21,309.15
2025-12-05,9:54:15.519958550,T,IBM,F I,11,309.17
2025-12-05,9:54:15.618406994,T,IBM,I,2,309.28
2025-12-05,9:54:15.618412914,T,IBM,,40,309.29
2025-12-05,9:54:15.618412914,T,IBM,I,1,309.29
2025-12-05,9:54:15.618416049,T,IBM,I,6,309.29
2025-12-05,9:54:15.618416049,T,IBM,I,7,309.29
2025-12-05,9:54:15.618431009,T,IBM,F I,2,309.29
2025-12-05,9:54:15.619552731,T,IBM,,40,309.4
2025-12-05,9:54:19.039736015,T,IBM,F I,5,309.34
2025-12-05,9:54:19.039738628,T,IBM,F I,15,309.34
2025-12-05,9:54:24.400456049,T,IBM,F I,32,309.35
2025-12-05,9:54:24.400540347,T,IBM,I,3,309.34
2025-12-05,9:54:24.400543267,T,IBM,I,17,309.34
2025-12-05,9:54:24.401030412,T,IBM,I,15,309.39
2025-12-05,9:54:25.702168220,T,IBM,F I,25,309.28
2025-12-05,9:54:25.702168220,T,IBM,F,67,309.26
2025-12-05,9:54:25.702170860,T,IBM,F I,18,309.25
2025-12-05,9:54:25.702189858,T,IBM,F I,22,309.25
2025-12-05,9:54:25.702194968,T,IBM,F,70,309.25
2025-12-05,9:54:25.702209948,T,IBM,I,12,309.25
2025-12-05,9:54:25.702441540,T,IBM,I,12,309.31
2025-12-05,9:54:27.895378986,T,IBM,F I,17,309.25
2025-12-05,9:54:27.895378986,T,IBM,F I,5,309.24
2025-12-05,9:54:27.895381952,T,IBM,F I,18,309.24
2025-12-05,9:54:27.895397035,T,IBM,I,1,309.24
2025-12-05,9:54:27.911103440,T,IBM,F I,4,309.2
2025-12-05,9:54:29.680647829,T,IBM,I,18,309.27
2025-12-05,9:54:29.680665945,T,IBM,F I,2,309.27
2025-12-05,9:54:48.378938132,T,IBM,I,14,309.25
2025-12-05,9:54:48.379557584,T,IBM,I,14,309.3
2025-12-05,9:54:51.699256324,T,IBM,F I,2,309.25
2025-12-05,9:54:51.774185695,T,IBM,F I,2,309.22
2025-12-05,9:54:51.774188711,T,IBM,F I,5,309.21
2025-12-05,9:54:52.726985960,T,IBM,F,66,309.19
2025-12-05,9:54:52.727169298,T,IBM,F I,34,309.19
2025-12-05,9:54:52.727172336,T,IBM,F I,32,309.18
2025-12-05,9:54:52.727190435,T,IBM,I,1,309.18
2025-12-05,9:54:52.727217517,T,IBM,I,7,309.18
2025-12-05,9:54:52.727220503,T,IBM,I,16,309.18
2025-12-05,9:54:52.727223422,T,IBM,I,10,309.18
2025-12-05,9:55:13.910187648,T,IBM,F I,15,309.17
2025-12-05,9:55:13.910530381,T,IBM,F I,15,309.14
2025-12-05,9:55:14.250258230,T,IBM,F I,1,309.14
2025-12-05,9:55:14.357261880,T,IBM,F I,4,309.13
2025-12-05,9:55:14.357812165,T,IBM,,40,309.12
2025-12-05,9:55:14.357833325,T,IBM,I,1,309.12
2025-12-05,9:55:14.357833325,T,IBM,I,5,309.12
2025-12-05,9:55:14.357836307,T,IBM,I,1,309.12
2025-12-05,9:55:14.357836307,T,IBM,I,3,309.12
2025-12-05,9:55:14.932026105,T,IBM,F I,9,309.11
2025-12-05,9:55:14.932029129,T,IBM,F I,20,309.11
2025-12-05,9:55:14.932417094,T,IBM,F I,12,309.1
2025-12-05,9:55:14.932420237,T,IBM,F I,2,309.1
2025-12-05,9:55:14.932420237,T,IBM,F I,9,309.1
2025-12-05,9:55:14.934973204,T,IBM,I,9,309.09
2025-12-05,9:55:14.934973204,T,IBM,I,9,309.09
2025-12-05,9:55:15.932342549,T,IBM,,47,308.95
2025-12-05,9:55:15.932345521,T,IBM,F,40,308.95
2025-12-05,9:55:15.932447752,T,IBM,F I,4,308.94
2025-12-05,9:55:16.296710886,T,IBM,I,6,308.93
2025-12-05,9:55:17.258598673,T,IBM,F I,5,308.98
2025-12-05,9:55:17.606854858,T,IBM,F,60,309.03
2025-12-05,9:55:24.840346508,T,IBM,I,6,309.06
2025-12-05,9:55:24.840346508,T,IBM,I,3,309.06
2025-12-05,9:55:24.840824645,T,IBM,F I,4,309.09
2025-12-05,9:55:24.840851641,T,IBM,F I,2,309.09
2025-12-05,9:55:24.841717772,T,IBM,,50,309.09
2025-12-05,9:55:24.841744739,T,IBM,F I,25,309.09
2025-12-05,9:55:24.841747841,T,IBM,F,100,309.08
2025-12-05,9:55:24.858810460,T,IBM,F I,10,309.05
2025-12-05,9:55:24.858813392,T,IBM,F I,10,309.03
2025-12-05,9:55:24.859002875,T,IBM,I,5,309.03
2025-12-05,9:55:24.859008837,T,IBM,I,5,309.03
2025-12-05,9:55:26.388031855,T,IBM,I,10,308.96
2025-12-05,9:55:26.388034915,T,IBM,I,5,308.98
2025-12-05,9:55:26.388037775,T,IBM,I,25,309.0
2025-12-05,9:55:32.339126785,T,IBM,F,60,309.07
2025-12-05,9:56:04.813800186,T,IBM,F,60,309.19
2025-12-05,9:56:04.814113049,T,IBM,F,40,309.24
2025-12-05,9:56:04.814116000,T,IBM,F I,4,309.24
2025-12-05,9:56:05.672755959,T,IBM,F I,5,309.19
2025-12-05,9:56:05.672755959,T,IBM,F I,22,309.18
2025-12-05,9:56:05.672972540,T,IBM,I,2,309.24
2025-12-05,9:57:39.519664997,T,IBM,F I,5,309.28
2025-12-05,9:57:39.519667987,T,IBM,F I,3,309.29
2025-12-05,9:57:39.741963209,T,IBM,F I,5,309.22
2025-12-05,9:57:53.263011737,T,IBM,F,76,309.185
2025-12-05,9:57:53.263955909,T,IBM,F I,10,309.12
2025-12-05,9:57:53.263955909,T,IBM,F I,10,309.12
2025-12-05,9:57:53.264316857,T,IBM,I,2,309.12
2025-12-05,9:57:53.264752832,T,IBM,,47,309.12
2025-12-05,9:57:53.275497439,T,IBM,I,23,309.12
2025-12-05,9:57:53.276032798,T,IBM,F I,5,309.12
2025-12-05,9:57:53.276038751,T,IBM,I,6,309.12
2025-12-05,9:57:53.276351418,T,IBM,I,33,309.12
2025-12-05,9:57:53.276931825,T,IBM,I,39,309.12
2025-12-05,9:57:53.277238559,T,IBM,I,3,309.12
2025-12-05,9:57:53.277843029,T,IBM,F I,4,309.1
2025-12-05,9:57:53.277870086,T,IBM,,45,309.1
2025-12-05,9:57:53.278101958,T,IBM,F,50,309.11
2025-12-05,9:57:53.278101958,T,IBM,F I,3,309.09
2025-12-05,9:57:53.278104682,T,IBM,F I,10,309.09
2025-12-05,9:57:53.278143676,T,IBM,F,63,309.09
2025-12-05,9:57:53.278360291,T,IBM,I,4,309.12
2025-12-05,9:57:53.278799287,T,IBM,I,21,309.09
2025-12-05,9:57:53.279241331,T,IBM,,104,309.0
2025-12-05,9:58:14.268487196,T,IBM,F I,1,309.0
2025-12-05,9:58:14.269001865,T,IBM,F I,17,308.98
2025-12-05,9:58:14.269004441,T,IBM,F I,18,308.98
2025-12-05,9:58:14.269019525,T,IBM,I,1,308.98
2025-12-05,9:58:14.269214976,T,IBM,I,25,309.08
2025-12-05,9:58:14.269341687,T,IBM,I,11,309.06
2025-12-05,9:58:14.269401458,T,IBM,F I,17,309.06
2025-12-05,9:58:14.269404400,T,IBM,F I,13,309.06
2025-12-05,9:58:14.269503629,T,IBM,F I,32,309.06
2025-12-05,9:58:14.269648317,T,IBM,I,10,309.12
2025-12-05,9:58:14.269822377,T,IBM,I,11,309.06
2025-12-05,9:58:14.269888564,T,IBM,I,10,309.12
2025-12-05,9:58:14.270102948,T,IBM,I,5,309.1
2025-12-05,9:58:14.270102948,T,IBM,I,16,309.12
2025-12-05,9:58:14.270132112,T,IBM,F I,1,309.12
2025-12-05,9:58:14.270162401,T,IBM,I,4,309.12
2025-12-05,9:58:14.270162401,T,IBM,I,10,309.12
2025-12-05,9:58:14.270375702,T,IBM,I,10,309.09
2025-12-05,9:58:14.284674763,T,IBM,,50,309.12
2025-12-05,9:58:14.284698879,T,IBM,F,50,309.12
2025-12-05,9:58:15.311835991,T,IBM,F I,2,309.07
2025-12-05,9:58:25.386151505,T,IBM,F I,2,309.12
2025-12-05,9:58:33.498208426,T,IBM,I,1,309.12
2025-12-05,9:58:38.395724269,T,IBM,I,13,309.13
2025-12-05,9:58:38.400213887,T,IBM,,55,309.23
2025-12-05,9:58:38.400225979,T,IBM,I,12,309.23
2025-12-05,9:58:38.400229568,T,IBM,I,6,309.24
2025-12-05,9:58:38.400229568,T,IBM,I,10,309.24
2025-12-05,9:58:38.400231930,T,IBM,I,27,309.24
2025-12-05,9:58:38.400246978,T,IBM,I,1,309.24
2025-12-05,9:58:38.400253016,T,IBM,I,11,309.24
2025-12-05,9:58:38.400346239,T,IBM,F I,3,309.24
2025-12-05,9:58:38.400364492,T,IBM,F I,1,309.24
2025-12-05,9:58:38.400490877,T,IBM,I,32,309.23
2025-12-05,9:58:38.400493612,T,IBM,,40,309.23
2025-12-05,9:58:38.400493612,T,IBM,I,10,309.23
2025-12-05,9:58:38.400544719,T,IBM,F I,10,309.23
2025-12-05,9:58:39.144455604,T,IBM,F I,7,309.2
2025-12-05,9:58:41.711125694,T,IBM,I,3,309.23
2025-12-05,9:58:41.711203879,T,IBM,I,3,309.24
2025-12-05,9:58:41.711206905,T,IBM,I,10,309.24
2025-12-05,9:58:41.711898568,T,IBM,F I,3,309.2
2025-12-05,9:58:44.115622780,T,IBM,F I,20,309.12
2025-12-05,9:58:44.115622780,T,IBM,F I,10,309.12
2025-12-05,9:58:44.115764097,T,IBM,I,24,309.18
2025-12-05,9:58:49.067766647,T,IBM,,40,309.17
2025-12-05,9:59:32.441838411,T,IBM,F I,1,309.235
2025-12-05,9:59:34.575071711,T,IBM,F I,2,309.21
2025-12-05,9:59:35.941428369,T,IBM,F I,1,309.2
2025-12-05,9:59:37.884476889,T,IBM,F I,11,309.21
2025-12-05,9:59:41.899511868,T,IBM,F I,11,309.21
2025-12-05,9:59:47.598230859,T,IBM,F,100,309.235
2025-12-05,9:59:59.069471540,T,IBM,F I,10,309.35
2025-12-05,9:59:59.069473689,T,IBM,F I,15,309.36
2025-12-05,9:59:59.083899044,T,IBM,,40,309.345
2025-12-05,9:59:59.083980260,T,IBM,F I,10,309.25
2025-12-05,9:59:59.166033581,T,IBM,F I,10,309.35
2025-12-05,9:59:59.166036553,T,IBM,F,100,309.36
2025-12-05,9:59:59.166042742,T,IBM,F I,2,309.37
2025-12-05,9:59:59.166042742,T,IBM,F I,5,309.37
2025-12-05,9:59:59.166045677,T,IBM,F I,10,309.37
2025-12-05,9:59:59.166045677,T,IBM,F,41,309.38
2025-12-05,9:59:59.174116846,T,IBM,I,21,309.28
2025-12-05,9:59:59.174381437,T,IBM,F I,19,309.28
2025-12-05,9:59:59.174381437,T,IBM,F I,2,309.27
2025-12-05,9:59:59.174402554,T,IBM,F I,19,309.27
2025-12-05,9:59:59.175331823,T,IBM,,50,309.2
2025-12-05,9:59:59.175331823,T,IBM,I,1,309.18
2025-12-05,9:59:59.175334777,T,IBM,I,1,309.21
2025-12-05,9:59:59.175367781,T,IBM,F I,3,309.21
2025-12-05,9:59:59.175569283,T,IBM,I,19,309.18
2025-12-05,9:59:59.175569283,T,IBM,I,21,309.18
2025-12-05,9:59:59.725067451,T,IBM,I,10,309.32
2025-12-05,9:59:59.725067451,T,IBM,I,5,309.34
2025-12-05,9:59:59.725070445,T,IBM,I,25,309.34
2025-12-05,10:00:00.710457082,T,IBM,F,40,309.285
2025-12-05,10:00:00.710459743,T,IBM,F I,30,309.22
2025-12-05,10:00:00.710462230,T,IBM,F,80,309.19
2025-12-05,10:00:00.710462230,T,IBM,F,99,309.18
2025-12-05,10:00:00.710465208,T,IBM,F,80,309.18
2025-12-05,10:00:00.710465208,T,IBM,F,65,309.18
2025-12-05,10:00:00.710486272,T,IBM,I,1,309.18
2025-12-05,10:00:00.714440750,T,IBM,F,47,309.19
2025-12-05,10:00:02.991861194,T,IBM,F,40,309.29
2025-12-05,10:00:02.991861194,T,IBM,F I,14,309.25
2025-12-05,10:00:02.991864148,T,IBM,F,61,309.2
2025-12-05,10:00:10.217320715,T,IBM,,40,309.295
2025-12-05,10:00:10.252603669,T,IBM,,80,309.295
2025-12-05,10:00:28.769011564,T,IBM,,40,309.295
2025-12-05,10:00:32.069211864,T,IBM,I,7,309.27
2025-12-05,10:00:32.069211864,T,IBM,I,33,309.22
2025-12-05,10:00:32.069533629,T,IBM,I,15,309.21
2025-12-05,10:00:32.069536703,T,IBM,I,9,309.21
2025-12-05,10:00:32.069554653,T,IBM,I,1,309.21
2025-12-05,10:00:32.069702073,T,IBM,I,1,309.3
2025-12-05,10:00:32.069730095,T,IBM,I,20,309.3
2025-12-05,10:00:32.069732672,T,IBM,I,7,309.3
2025-12-05,10:00:32.069735467,T,IBM,,43,309.3
2025-12-05,10:00:32.069774434,T,IBM,I,37,309.3
2025-12-05,10:00:32.069786293,T,IBM,,40,309.3
2025-12-05,10:00:32.069822341,T,IBM,I,20,309.3
2025-12-05,10:00:32.069832323,T,IBM,I,34,309.3
2025-12-05,10:00:32.069834327,T,IBM,I,7,309.3
2025-12-05,10:00:32.082768108,T,IBM,,45,309.29
2025-12-05,10:00:32.082771654,T,IBM,,82,309.3
2025-12-05,10:00:32.082795397,T,IBM,F I,8,309.3
2025-12-05,10:00:32.082795397,T,IBM,F I,37,309.3
2025-12-05,10:00:32.082798231,T,IBM,I,1,309.3
2025-12-05,10:00:32.082801227,T,IBM,F,45,309.3
2025-12-05,10:00:32.086878960,T,IBM,I,37,309.3
2025-12-05,10:00:32.326618639,T,IBM,F I,9,309.3
2025-12-05,10:00:32.458130710,T,IBM,I,17,309.3
2025-12-05,10:00:32.550679206,T,IBM,,56,309.38
2025-12-05,10:00:32.550679206,T,IBM,I,39,309.39
2025-12-05,10:00:32.550706174,T,IBM,F I,1,309.39
2025-12-05,10:00:32.550709109,T,IBM,F,80,309.39
2025-12-05,10:00:32.550733123,T,IBM,,70,309.39
2025-12-05,10:00:32.553616952,T,IBM,F I,10,309.38
2025-12-05,10:00:32.553675045,T,IBM,I,1,309.38
2025-12-05,10:00:32.553677139,T,IBM,F,40,309.38
2025-12-05,10:00:32.594036204,T,IBM,I,5,309.42
2025-12-05,10:00:32.786055273,T,IBM,I,10,309.42
2025-12-05,10:00:33.087742547,T,IBM,I,8,309.36
2025-12-05,10:00:33.087763518,T,IBM,I,9,309.36
2025-12-05,10:00:33.087817629,T,IBM,F I,30,309.35
2025-12-05,10:00:33.087856749,T,IBM,I,23,309.35
2025-12-05,10:00:33.087880848,T,IBM,F I,17,309.35
2025-12-05,10:00:33.087883817,T,IBM,F I,30,309.35
2025-12-05,10:00:33.954237215,T,IBM,I,25,309.42
2025-12-05,10:00:38.366568973,T,IBM,,80,309.42
2025-12-05,10:01:11.691273039,T,IBM,F I,1,309.38
2025-12-05,10:01:11.691276001,T,IBM,F I,14,309.36
2025-12-05,10:01:11.691279003,T,IBM,F I,11,309.36
2025-12-05,10:01:11.691297086,T,IBM,F,69,309.36
2025-12-05,10:01:11.691303103,T,IBM,F,40,309.36
2025-12-05,10:01:11.691303103,T,IBM,F,40,309.36
2025-12-05,10:01:11.691306320,T,IBM,F I,29,309.36
2025-12-05,10:01:11.691306320,T,IBM,I,1,309.36
2025-12-05,10:01:11.691309124,T,IBM,F I,10,309.36
2025-12-05,10:01:11.692112003,T,IBM,F I,4,309.35
2025-12-05,10:01:11.692133004,T,IBM,F I,2,309.35
2025-12-05,10:01:11.692133004,T,IBM,F I,10,309.35
2025-12-05,10:01:11.692331548,T,IBM,,40,309.34
2025-12-05,10:01:11.692334894,T,IBM,,70,309.34
2025-12-05,10:01:11.692334894,T,IBM,I,7,309.34
2025-12-05,10:01:11.809782154,T,IBM,,40,309.24
2025-12-05,10:01:23.868088382,T,IBM,F,80,309.29
2025-12-05,10:01:23.868088382,T,IBM,F I,25,309.29
2025-12-05,10:01:30.270302002,T,IBM,F,123,309.34
2025-12-05,10:01:30.271237787,T,IBM,I,31,309.37
2025-12-05,10:02:00.504221041,T,IBM,,40,309.37
2025-12-05,10:02:00.506759144,T,IBM,,40,309.37
2025-12-05,10:02:27.089178765,T,IBM,,80,309.425
2025-12-05,10:02:27.561245591,T,IBM,,45,309.43
2025-12-05,10:02:27.561269634,T,IBM,F,55,309.425
2025-12-05,10:02:32.241328752,T,IBM,I,18,309.425
2025-12-05,10:02:32.241340775,T,IBM,I,27,309.425
2025-12-05,10:02:35.848770504,T,IBM,I,18,309.38
2025-12-05,10:02:35.848776447,T,IBM,F I,12,309.38
2025-12-05,10:02:35.848779521,T,IBM,F I,7,309.37
2025-12-05,10:02:35.849113317,T,IBM,F I,2,309.37
2025-12-05,10:02:35.849134485,T,IBM,F I,5,309.37
2025-12-05,10:02:35.849134485,T,IBM,F I,4,309.37
2025-12-05,10:02:35.849459112,T,IBM,I,9,309.37
2025-12-05,10:02:35.849822940,T,IBM,I,31,309.37
2025-12-05,10:02:35.860588621,T,IBM,,80,309.4
2025-12-05,10:02:39.815293926,T,IBM,F I,2,309.48
2025-12-05,10:02:39.815296974,T,IBM,F,40,309.48
2025-12-05,10:02:39.815306025,T,IBM,F I,2,309.5
2025-12-05,10:02:39.815306025,T,IBM,F I,4,309.5
2025-12-05,10:02:39.815330022,T,IBM,F I,2,309.5
2025-12-05,10:02:39.815531527,T,IBM,I,13,309.48
2025-12-05,10:02:39.815666862,T,IBM,F I,2,309.5
2025-12-05,10:02:39.815702933,T,IBM,I,4,309.46
2025-12-05,10:02:39.816391639,T,IBM,I,4,309.5
2025-12-05,10:02:39.832107023,T,IBM,I,2,309.52
2025-12-05,10:02:39.832627264,T,IBM,I,1,309.59
2025-12-05,10:02:39.832627264,T,IBM,I,10,309.59
2025-12-05,10:02:39.832747527,T,IBM,F I,4,309.61
2025-12-05,10:02:39.833021174,T,IBM,I,7,309.56
2025-12-05,10:02:42.031178929,T,IBM,F,40,309.7
2025-12-05,10:02:42.031539822,T,IBM,I,8,309.69
2025-12-05,10:02:42.053693603,T,IBM,,40,309.74
2025-12-05,10:02:46.584134493,T,IBM,F,40,309.61
2025-12-05,10:02:57.559758398,T,IBM,I,16,309.51
2025-12-05,10:02:59.952028378,T,IBM,F I,10,309.59
2025-12-05,10:03:02.073130908,T,IBM,I,10,309.55
2025-12-05,10:03:02.073130908,T,IBM,I,6,309.55
2025-12-05,10:03:05.191966331,T,IBM,I,16,309.51
2025-12-05,10:03:12.321320044,T,IBM,I,10,309.51
2025-12-05,10:03:12.321320044,T,IBM,I,6,309.5
2025-12-05,10:03:19.141577023,T,IBM,I,10,309.51
2025-12-05,10:03:19.141637112,T,IBM,I,1,309.51
2025-12-05,10:03:19.143375277,T,IBM,I,10,309.5
2025-12-05,10:03:19.143582787,T,IBM,,40,309.49
2025-12-05,10:03:19.143585818,T,IBM,I,9,309.49
2025-12-05,10:03:19.143600747,T,IBM,I,1,309.49
2025-12-05,10:03:23.854372053,T,IBM,F I,17,309.48
2025-12-05,10:03:23.854384056,T,IBM,F I,4,309.48
2025-12-05,10:03:25.445595026,T,IBM,I,9,309.51
2025-12-05,10:03:25.445616431,T,IBM,F I,1,309.51
2025-12-05,10:03:25.445616431,T,IBM,F I,8,309.52
2025-12-05,10:03:25.445631191,T,IBM,F I,1,309.52
2025-12-05,10:04:01.464656442,T,IBM,F I,4,309.61
2025-12-05,10:04:16.480713960,T,IBM,F I,4,309.58
2025-12-05,10:04:18.212239003,T,IBM,I,20,309.54
2025-12-05,10:04:48.756473127,T,IBM,I,5,309.545
2025-12-05,10:04:48.769870030,T,IBM,I,3,309.49
2025-12-05,10:05:11.822276765,T,IBM,I,1,309.65
2025-12-05,10:05:11.822279804,T,IBM,I,15,309.65
2025-12-05,10:05:16.542544554,T,IBM,I,1,309.45
2025-12-05,10:05:16.542544554,T,IBM,I,1,309.44
2025-12-05,10:05:16.547275235,T,IBM,F I,16,309.41
2025-12-05,10:05:16.547275235,T,IBM,F I,8,309.41
2025-12-05,10:05:16.547277874,T,IBM,I,5,309.41
2025-12-05,10:05:16.552546447,T,IBM,I,20,309.37
2025-12-05,10:05:22.283742922,T,IBM,F I,9,309.44
2025-12-05,10:05:22.284064594,T,IBM,F I,6,309.45
2025-12-05,10:05:22.284130785,T,IBM,F I,3,309.45
2025-12-05,10:05:26.154951531,T,IBM,F I,3,309.44
2025-12-05,10:05:26.188800038,T,IBM,I,31,309.44
2025-12-05,10:05:26.189215072,T,IBM,I,15,309.44
2025-12-05,10:05:44.287604110,T,IBM,I,10,309.45
2025-12-05,10:05:44.287610125,T,IBM,,75,309.45
2025-12-05,10:05:50.271061992,T,IBM,I,1,309.39
2025-12-05,10:05:50.271061992,T,IBM,I,13,309.38
2025-12-05,10:05:50.503004841,T,IBM,I,6,309.37
2025-12-05,10:05:50.503007432,T,IBM,I,5,309.37
2025-12-05,10:05:50.503010261,T,IBM,I,3,309.37
2025-12-05,10:05:50.508206563,T,IBM,I,3,309.34
2025-12-05,10:05:50.508296815,T,IBM,F I,3,309.34
2025-12-05,10:05:50.508306024,T,IBM,F I,25,309.34
2025-12-05,10:05:50.508308757,T,IBM,I,3,309.34
2025-12-05,10:05:50.508375022,T,IBM,F I,3,309.34
2025-12-05,10:05:50.508375022,T,IBM,F I,3,309.34
2025-12-05,10:05:50.508380985,T,IBM,I,3,309.3
2025-12-05,10:05:50.508462218,T,IBM,F I,30,309.27
2025-12-05,10:05:50.508465204,T,IBM,F I,9,309.27
2025-12-05,10:05:50.509529726,T,IBM,,50,309.34
2025-12-05,10:05:51.873475410,T,IBM,I,10,309.37
2025-12-05,10:05:51.873478067,T,IBM,I,5,309.38
2025-12-05,10:05:51.873478067,T,IBM,I,25,309.4
2025-12-05,10:06:03.773791034,T,IBM,I,19,309.43
2025-12-05,10:06:03.773793958,T,IBM,I,21,309.43
2025-12-05,10:06:03.773809025,T,IBM,I,15,309.43
2025-12-05,10:06:03.822903909,T,IBM,F I,1,309.45
2025-12-05,10:06:03.822907150,T,IBM,F I,1,309.45
2025-12-05,10:06:03.822907150,T,IBM,F,48,309.45
2025-12-05,10:06:04.290745567,T,IBM,F,402,309.46
2025-12-05,10:06:04.290766730,T,IBM,F,120,309.46
2025-12-05,10:06:04.290769713,T,IBM,F I,6,309.46
2025-12-05,10:06:04.290796662,T,IBM,I,14,309.43
2025-12-05,10:06:04.291560489,T,IBM,I,2,309.49
2025-12-05,10:06:04.291623665,T,IBM,I,1,309.49
2025-12-05,10:06:04.477117311,T,IBM,I,1,309.63
2025-12-05,10:06:04.477117311,T,IBM,I,1,309.63
2025-12-05,10:06:52.965274342,T,IBM,I,2,309.49
2025-12-05,10:06:52.965280289,T,IBM,,40,309.47
2025-12-05,10:06:52.965545188,T,IBM,F I,6,309.43
2025-12-05,10:06:52.965545188,T,IBM,F I,39,309.43
2025-12-05,10:06:52.966074818,T,IBM,,40,309.42
2025-12-05,10:06:52.966083271,T,IBM,,40,309.42
2025-12-05,10:06:52.966095323,T,IBM,F I,7,309.42
2025-12-05,10:06:52.966095323,T,IBM,I,26,309.42
2025-12-05,10:06:52.968248453,T,IBM,,40,309.39
2025-12-05,10:06:52.968314567,T,IBM,,40,309.39
2025-12-05,10:06:52.969249782,T,IBM,,40,309.355
2025-12-05,10:06:52.970843626,T,IBM,,47,309.355
2025-12-05,10:06:52.970846554,T,IBM,I,31,309.355
2025-12-05,10:06:52.973724480,T,IBM,,75,309.39
2025-12-05,10:06:52.981407715,T,IBM,I,30,309.36
2025-12-05,10:06:52.981407715,T,IBM,I,36,309.36
2025-12-05,10:06:58.718239438,T,IBM,F I,10,309.41
2025-12-05,10:07:09.478244137,T,IBM,,61,309.36
2025-12-05,10:07:10.050701850,T,IBM,F,40,309.36
2025-12-05,10:07:23.818932807,T,IBM,F,70,309.42
2025-12-05,10:07:23.878661316,T,IBM,I,10,309.47
2025-12-05,10:07:23.878661316,T,IBM,,56,309.47
2025-12-05,10:07:30.824905769,T,IBM,I,6,309.48
2025-12-05,10:07:30.824971968,T,IBM,I,14,309.42
2025-12-05,10:07:30.824971968,T,IBM,I,10,309.4
2025-12-05,10:07:35.482230816,T,IBM,I,5,309.455
2025-12-05,10:07:42.662182891,T,IBM,F I,10,309.64
2025-12-05,10:07:42.662185904,T,IBM,F I,30,309.64
2025-12-05,10:07:42.662185904,T,IBM,F I,4,309.64
2025-12-05,10:07:42.662200992,T,IBM,F I,2,309.64
2025-12-05,10:07:42.662213082,T,IBM,F I,20,309.64
2025-12-05,10:07:42.662215962,T,IBM,F,40,309.65
2025-12-05,10:07:42.662279118,T,IBM,F I,2,309.68
2025-12-05,10:07:42.662444476,T,IBM,F I,7,309.74
2025-12-05,10:07:42.665968931,T,IBM,F I,1,309.79
2025-12-05,10:07:42.667334129,T,IBM,I,5,309.8
2025-12-05,10:07:43.406890881,T,IBM,F I,20,309.88
2025-12-05,10:07:43.406893833,T,IBM,F I,5,309.88
2025-12-05,10:07:43.406893833,T,IBM,F I,14,309.88
2025-12-05,10:07:43.407065344,T,IBM,I,36,309.88
2025-12-05,10:07:43.407065344,T,IBM,,45,309.88
2025-12-05,10:07:45.171608651,T,IBM,I,5,309.88
2025-12-05,10:07:45.171608651,T,IBM,I,10,309.88
2025-12-05,10:07:45.171765061,T,IBM,I,10,309.88
2025-12-05,10:07:55.965765621,T,IBM,I,1,309.77
2025-12-05,10:07:56.075737466,T,IBM,I,1,309.77
2025-12-05,10:07:56.185889678,T,IBM,I,1,309.77
2025-12-05,10:08:05.448732288,T,IBM,I,20,309.89
2025-12-05,10:08:05.448732288,T,IBM,I,8,309.89
2025-12-05,10:08:05.448735222,T,IBM,I,6,309.89
2025-12-05,10:08:05.448804430,T,IBM,I,17,309.84
2025-12-05,10:08:05.449020921,T,IBM,F I,3,309.89
2025-12-05,10:08:05.449066433,T,IBM,I,16,309.84
2025-12-05,10:08:05.449090080,T,IBM,,50,309.86
2025-12-05,10:08:05.449315645,T,IBM,F I,5,309.89
2025-12-05,10:08:05.449315645,T,IBM,F I,10,309.89
2025-12-05,10:08:05.449366738,T,IBM,I,14,309.82
2025-12-05,10:08:05.449652492,T,IBM,F I,8,309.84
2025-12-05,10:08:05.449664474,T,IBM,F I,1,309.83
2025-12-05,10:08:05.449971156,T,IBM,I,1,309.76
2025-12-05,10:08:05.449971156,T,IBM,I,10,309.76
2025-12-05,10:08:05.450506567,T,IBM,F I,7,309.81
2025-12-05,10:08:05.450509771,T,IBM,F I,10,309.81
2025-12-05,10:08:05.450509771,T,IBM,F I,25,309.83
2025-12-05,10:08:05.450512563,T,IBM,F I,29,309.83
2025-12-05,10:08:05.450554692,T,IBM,F I,1,309.81
2025-12-05,10:08:05.450569680,T,IBM,I,1,309.81
2025-12-05,10:08:05.450861324,T,IBM,I,7,309.76
2025-12-05,10:08:05.450897420,T,IBM,F I,6,309.82
2025-12-05,10:08:05.451336423,T,IBM,I,27,309.77
2025-12-05,10:08:05.607627565,T,IBM,I,10,309.76
2025-12-05,10:08:05.608165791,T,IBM,,40,309.735
2025-12-05,10:08:05.609161202,T,IBM,,45,309.735
2025-12-05,10:08:05.609185180,T,IBM,F I,5,309.735
2025-12-05,10:08:08.141474400,T,IBM,F,40,309.67
2025-12-05,10:08:08.141805238,T,IBM,,40,309.65
2025-12-05,10:08:08.142629239,T,IBM,F,50,309.72
2025-12-05,10:08:08.142674562,T,IBM,F I,17,309.73
2025-12-05,10:08:08.142764477,T,IBM,F I,17,309.75
2025-12-05,10:08:08.142857713,T,IBM,,100,309.74
2025-12-05,10:08:08.142857713,T,IBM,I,7,309.74
2025-12-05,10:08:08.145176295,T,IBM,F I,20,309.75
2025-12-05,10:08:08.145305516,T,IBM,F,80,309.75
2025-12-05,10:08:08.145323588,T,IBM,I,9,309.75
2025-12-05,10:08:08.884621593,T,IBM,F I,21,309.75
2025-12-05,10:08:08.884624655,T,IBM,F,100,309.75
2025-12-05,10:08:08.884627569,T,IBM,F I,12,309.75
2025-12-05,10:08:08.884627569,T,IBM,F,100,309.75
2025-12-05,10:08:08.885259105,T,IBM,I,20,309.7
2025-12-05,10:08:09.374926693,T,IBM,F I,9,309.71
2025-12-05,10:08:12.641164119,T,IBM,F I,10,309.7
2025-12-05,10:08:12.641167179,T,IBM,F I,21,309.7
2025-12-05,10:08:12.641185292,T,IBM,F,79,309.7
2025-12-05,10:08:12.641185292,T,IBM,F I,5,309.7
2025-12-05,10:08:12.641621244,T,IBM,I,7,309.64
2025-12-05,10:08:12.641991099,T,IBM,I,7,309.64
2025-12-05,10:08:12.642403072,T,IBM,,40,309.66
2025-12-05,10:08:12.642403072,T,IBM,I,9,309.64
2025-12-05,10:08:12.740559691,T,IBM,I,7,309.67
2025-12-05,10:08:12.842824113,T,IBM,I,7,309.66
2025-12-05,10:08:12.893545952,T,IBM,I,7,309.65
2025-12-05,10:08:12.900017965,T,IBM,F I,25,309.75
2025-12-05,10:08:12.900020792,T,IBM,F I,25,309.75
2025-12-05,10:08:12.900042035,T,IBM,F,75,309.76
2025-12-05,10:08:29.847034911,T,IBM,I,20,309.97
2025-12-05,10:08:29.847034911,T,IBM,I,10,309.97
2025-12-05,10:08:29.847037713,T,IBM,I,3,309.97
2025-12-05,10:08:29.847037713,T,IBM,I,7,309.97
2025-12-05,10:08:29.847229966,T,IBM,F,49,309.97
2025-12-05,10:08:29.847232918,T,IBM,F I,26,309.97
2025-12-05,10:08:29.847338119,T,IBM,F,40,309.97
2025-12-05,10:08:29.847338119,T,IBM,F I,6,309.97
2025-12-05,10:08:29.847341178,T,IBM,F,40,309.98
2025-12-05,10:08:29.847476552,T,IBM,I,10,309.94
2025-12-05,10:08:29.847518660,T,IBM,F I,3,309.94
2025-12-05,10:08:29.847527687,T,IBM,I,27,309.94
2025-12-05,10:08:38.461738112,T,IBM,F I,10,309.98
2025-12-05,10:08:38.462208495,T,IBM,I,20,309.99
2025-12-05,10:08:38.462208495,T,IBM,,80,310.0
2025-12-05,10:08:38.462213233,T,IBM,F I,20,310.0
2025-12-05,10:08:38.462429797,T,IBM,I,1,310.0
2025-12-05,10:08:38.462571098,T,IBM,F I,2,310.01
2025-12-05,10:08:38.462592151,T,IBM,F I,18,310.01
2025-12-05,10:08:38.462787617,T,IBM,F I,1,310.005
2025-12-05,10:08:38.462865802,T,IBM,,40,310.005
2025-12-05,10:08:38.462956040,T,IBM,I,25,309.97
2025-12-05,10:08:38.463879292,T,IBM,F I,12,309.97
2025-12-05,10:08:38.480105821,T,IBM,I,1,310.01
2025-12-05,10:08:38.480109022,T,IBM,I,1,310.01
2025-12-05,10:08:38.480109022,T,IBM,I,10,310.01
2025-12-05,10:08:38.749198440,T,IBM,I,2,310.01
2025-12-05,10:08:38.749201491,T,IBM,I,4,310.02
2025-12-05,10:08:38.749240606,T,IBM,I,2,310.02
2025-12-05,10:08:42.017525894,T,IBM,I,11,309.98
2025-12-05,10:08:42.017949832,T,IBM,F I,11,309.97
2025-12-05,10:09:13.219476350,T,IBM,,45,309.89
2025-12-05,10:09:13.219482546,T,IBM,F I,5,309.89
2025-12-05,10:09:13.219485383,T,IBM,F I,35,309.88
2025-12-05,10:09:13.645434387,T,IBM,F I,10,309.93
2025-12-05,10:09:13.645497559,T,IBM,F I,6,309.95
2025-12-05,10:09:13.645500690,T,IBM,F I,4,309.95
2025-12-05,10:09:13.645500690,T,IBM,F I,1,309.95
2025-12-05,10:09:58.513775362,T,IBM,F I,3,310.0
2025-12-05,10:09:58.513778385,T,IBM,F I,3,310.0
2025-12-05,10:09:58.513802366,T,IBM,I,3,310.0
2025-12-05,10:09:58.513853531,T,IBM,I,1,310.0
2025-12-05,10:09:59.808038364,T,IBM,F,40,310.05
2025-12-05,10:09:59.819504667,T,IBM,I,20,310.13
2025-12-05,10:09:59.820280479,T,IBM,I,12,310.14
2025-12-05,10:10:02.270212755,T,IBM,F I,26,310.21
2025-12-05,10:10:02.270495385,T,IBM,F I,10,310.22
2025-12-05,10:10:02.586962762,T,IBM,F I,15,310.22
2025-12-05,10:10:14.071019024,T,IBM,I,6,310.26
2025-12-05,10:10:14.192126286,T,IBM,I,1,310.27
2025-12-05,10:10:14.192138787,T,IBM,F I,4,310.26
2025-12-05,10:10:14.192141343,T,IBM,F I,3,310.26
2025-12-05,10:10:14.192165332,T,IBM,I,7,310.26
2025-12-05,10:10:15.362398634,T,IBM,I,10,310.28
2025-12-05,10:10:15.362398634,T,IBM,I,20,310.33
2025-12-05,10:10:15.362404146,T,IBM,,50,310.33
2025-12-05,10:10:28.771553247,T,IBM,F I,3,310.39
2025-12-05,10:10:32.653480113,T,IBM,F I,20,310.43
2025-12-05,10:10:32.653480113,T,IBM,F I,25,310.43
2025-12-05,10:10:32.653482330,T,IBM,F I,33,310.44
2025-12-05,10:10:32.653497533,T,IBM,I,1,310.44
2025-12-05,10:10:32.653500424,T,IBM,F,41,310.44
2025-12-05,10:10:32.653503349,T,IBM,F I,3,310.44
2025-12-05,10:10:35.311840669,T,IBM,I,4,310.38
2025-12-05,10:10:40.162002780,T,IBM,I,3,310.43
2025-12-05,10:10:42.990482117,T,IBM,F I,1,310.45
2025-12-05,10:10:42.990527584,T,IBM,I,20,310.48
2025-12-05,10:10:42.990533234,T,IBM,,50,310.49
2025-12-05,10:10:42.990533234,T,IBM,I,12,310.49
2025-12-05,10:10:42.990533234,T,IBM,I,31,310.49
2025-12-05,10:10:42.990551840,T,IBM,F I,20,310.49
2025-12-05,10:10:42.990554473,T,IBM,F I,12,310.49
2025-12-05,10:10:42.990554473,T,IBM,F I,12,310.5
2025-12-05,10:10:42.990557229,T,IBM,F I,12,310.5
2025-12-05,10:10:43.895709090,T,IBM,I,6,310.58
2025-12-05,10:10:45.180743111,T,IBM,F I,6,310.64
2025-12-05,10:10:45.180746206,T,IBM,F I,4,310.64
2025-12-05,10:10:45.180746206,T,IBM,F I,6,310.64
2025-12-05,10:10:45.180749160,T,IBM,F I,6,310.64
2025-12-05,10:10:49.292067267,T,IBM,I,9,310.64
2025-12-05,10:10:51.923722128,T,IBM,I,20,310.71
2025-12-05,10:10:51.923725766,T,IBM,I,20,310.72
2025-12-05,10:10:51.923731083,T,IBM,I,3,310.68
2025-12-05,10:10:51.923740885,T,IBM,I,20,310.72
2025-12-05,10:10:51.923812260,T,IBM,I,14,310.68
2025-12-05,10:10:51.923878483,T,IBM,I,7,310.65
2025-12-05,10:10:51.924052838,T,IBM,F,80,310.69
2025-12-05,10:10:51.924600516,T,IBM,I,5,310.7
2025-12-05,10:10:51.924603452,T,IBM,I,7,310.7
2025-12-05,10:10:51.924603452,T,IBM,I,3,310.7
2025-12-05,10:10:52.772339288,T,IBM,I,10,310.73
2025-12-05,10:10:54.622406474,T,IBM,,40,310.68
2025-12-05,10:10:54.622616972,T,IBM,I,8,310.68
2025-12-05,10:10:54.622635002,T,IBM,F I,32,310.68
2025-12-05,10:10:54.622755264,T,IBM,I,4,310.68
2025-12-05,10:10:54.622791367,T,IBM,I,8,310.68
2025-12-05,10:10:54.622842441,T,IBM,F I,28,310.68
2025-12-05,10:10:54.622842441,T,IBM,F I,1,310.68
2025-12-05,10:10:54.622863499,T,IBM,I,10,310.69
2025-12-05,10:10:54.622890751,T,IBM,F I,1,310.69
2025-12-05,10:10:54.622893668,T,IBM,I,4,310.68
2025-12-05,10:10:54.623389752,T,IBM,I,13,310.69
2025-12-05,10:10:54.623392761,T,IBM,I,23,310.69
2025-12-05,10:10:54.623564352,T,IBM,F I,9,310.73
2025-12-05,10:10:54.623585418,T,IBM,I,31,310.73
2025-12-05,10:10:54.623624358,T,IBM,F I,9,310.73
2025-12-05,10:10:54.625582021,T,IBM,,40,310.74
2025-12-05,10:10:54.625603087,T,IBM,I,30,310.74
2025-12-05,10:10:54.626072421,T,IBM,I,2,310.74
2025-12-05,10:10:54.626075134,T,IBM,I,38,310.74
2025-12-05,10:10:54.626093208,T,IBM,I,2,310.74
2025-12-05,10:10:54.627013448,T,IBM,I,4,310.75
2025-12-05,10:10:54.627314104,T,IBM,F I,2,310.75
2025-12-05,10:10:54.627569730,T,IBM,F,40,310.75
2025-12-05,10:10:54.627987688,T,IBM,I,35,310.75
2025-12-05,10:10:54.627990768,T,IBM,F I,5,310.75
2025-12-05,10:10:54.628454485,T,IBM,,40,310.75
2025-12-05,10:10:54.630703160,T,IBM,F I,10,310.75
2025-12-05,10:10:54.630718200,T,IBM,,41,310.75
2025-12-05,10:10:54.630721259,T,IBM,I,29,310.75
2025-12-05,10:10:54.631193338,T,IBM,,40,310.75
2025-12-05,10:10:54.631794802,T,IBM,F,40,310.75
2025-12-05,10:10:54.637096381,T,IBM,F I,3,310.76
2025-12-05,10:10:54.637300903,T,IBM,I,10,310.77
2025-12-05,10:10:54.637325073,T,IBM,F I,4,310.77
2025-12-05,10:10:54.637346013,T,IBM,F I,6,310.77
2025-12-05,10:10:54.664452509,T,IBM,I,3,310.76
2025-12-05,10:10:54.664455597,T,IBM,I,10,310.76
2025-12-05,10:10:54.969483735,T,IBM,F I,3,310.77
2025-12-05,10:10:55.972810241,T,IBM,,67,310.72
2025-12-05,10:10:55.972810241,T,IBM,I,3,310.72
2025-12-05,10:10:57.797626793,T,IBM,F I,3,310.7
2025-12-05,10:10:57.963389846,T,IBM,F I,6,310.62
2025-12-05,10:10:57.963404989,T,IBM,I,6,310.62
2025-12-05,10:11:01.364892255,T,IBM,F I,9,310.67
2025-12-05,10:11:01.364892255,T,IBM,I,16,310.65
2025-12-05,10:11:01.819270890,T,IBM,F,74,310.64
2025-12-05,10:11:01.819315950,T,IBM,I,1,310.64
2025-12-05,10:11:01.819319013,T,IBM,I,23,310.64
2025-12-05,10:11:02.278707631,T,IBM,F I,16,310.64
2025-12-05,10:11:06.099528242,T,IBM,I,15,310.61
2025-12-05,10:11:08.101093017,T,IBM,I,5,310.6
2025-12-05,10:11:08.101096102,T,IBM,I,2,310.6
2025-12-05,10:11:08.101099116,T,IBM,I,3,310.6
2025-12-05,10:11:08.939516119,T,IBM,F I,4,310.57
2025-12-05,10:11:08.939522238,T,IBM,F,100,310.56
2025-12-05,10:11:08.940018142,T,IBM,F I,1,310.56
2025-12-05,10:11:08.979784786,T,IBM,I,1,310.54
2025-12-05,10:11:08.980136835,T,IBM,F I,5,310.51
2025-12-05,10:11:08.980136835,T,IBM,F I,4,310.51
2025-12-05,10:11:09.368944417,T,IBM,I,5,310.43
2025-12-05,10:11:09.368944417,T,IBM,,40,310.43
2025-12-05,10:11:09.523533253,T,IBM,I,6,310.42
2025-12-05,10:11:09.523536315,T,IBM,I,26,310.41
2025-12-05,10:11:09.638292551,T,IBM,I,32,310.41
2025-12-05,10:11:09.638316611,T,IBM,F I,2,310.44
2025-12-05,10:11:09.905253724,T,IBM,F I,15,310.49
2025-12-05,10:11:09.905256120,T,IBM,F I,2,310.49
2025-12-05,10:11:09.905262034,T,IBM,F,80,310.49
2025-12-05,10:11:09.905262034,T,IBM,F,80,310.49
2025-12-05,10:11:09.905262034,T,IBM,F I,33,310.49
2025-12-05,10:11:16.890103759,T,IBM,I,20,310.48
2025-12-05,10:11:17.298572063,T,IBM,F I,20,310.47
2025-12-05,10:11:17.391045285,T,IBM,I,26,310.48
2025-12-05,10:11:25.185694284,T,IBM,F I,25,310.53
2025-12-05,10:11:25.185697293,T,IBM,F I,1,310.54
2025-12-05,10:11:25.185700197,T,IBM,F,175,310.55
2025-12-05,10:11:25.185738988,T,IBM,F I,25,310.55
2025-12-05,10:11:30.745440346,T,IBM,I,10,310.51
2025-12-05,10:11:30.745440346,T,IBM,I,15,310.51
2025-12-05,10:11:40.970579616,T,IBM,F,120,310.48
2025-12-05,10:11:40.970618746,T,IBM,F I,5,310.42
2025-12-05,10:11:40.971006657,T,IBM,I,6,310.41
2025-12-05,10:11:41.232782860,T,IBM,I,7,310.41
2025-12-05,10:11:42.439357147,T,IBM,F I,27,310.41
2025-12-05,10:11:44.218011574,T,IBM,I,12,310.47
2025-12-05,10:11:44.218011574,T,IBM,I,23,310.47
2025-12-05,10:11:44.218013384,T,IBM,I,15,310.47
2025-12-05,10:11:44.218437370,T,IBM,,40,310.52
2025-12-05,10:11:44.218885378,T,IBM,F I,13,310.52
2025-12-05,10:11:51.384262126,T,IBM,F I,25,310.59
2025-12-05,10:11:51.384262126,T,IBM,F I,20,310.59
2025-12-05,10:11:51.384262126,T,IBM,F I,13,310.6
2025-12-05,10:11:51.384283120,T,IBM,F I,27,310.6
2025-12-05,10:11:51.384283120,T,IBM,F I,18,310.6
2025-12-05,10:11:51.385119042,T,IBM,I,10,310.65
2025-12-05,10:11:51.385212268,T,IBM,I,6,310.65
2025-12-05,10:11:51.385302518,T,IBM,F,40,310.67
2025-12-05,10:11:51.385305536,T,IBM,F I,20,310.67
2025-12-05,10:11:51.385329551,T,IBM,F I,25,310.68
2025-12-05,10:11:51.385350624,T,IBM,F I,15,310.68
2025-12-05,10:12:10.717820530,T,IBM,I,5,310.7
2025-12-05,10:12:10.717823465,T,IBM,,79,310.72
2025-12-05,10:12:10.717859626,T,IBM,F I,2,310.73
2025-12-05,10:12:10.717884377,T,IBM,F I,38,310.73
2025-12-05,10:12:10.717887460,T,IBM,F I,1,310.73
2025-12-05,10:12:10.717889919,T,IBM,F I,1,310.73
2025-12-05,10:12:10.717889919,T,IBM,F,40,310.73
2025-12-05,10:12:10.717892663,T,IBM,F I,2,310.73
2025-12-05,10:12:10.717970844,T,IBM,F I,2,310.73
2025-12-05,10:12:16.308730153,T,IBM,F,40,310.87
2025-12-05,10:12:16.308730153,T,IBM,F,80,310.87
2025-12-05,10:12:16.308799306,T,IBM,F I,1,310.86
2025-12-05,10:12:19.307495896,T,IBM,F I,7,310.94
2025-12-05,10:12:19.307516993,T,IBM,F I,33,310.94
2025-12-05,10:12:19.307520013,T,IBM,F,40,310.94
2025-12-05,10:12:23.313587595,T,IBM,F I,1,310.97
2025-12-05,10:12:23.313903333,T,IBM,F I,20,310.98
2025-12-05,10:12:23.313909715,T,IBM,F,40,310.99
2025-12-05,10:12:23.313909715,T,IBM,F I,20,310.99
2025-12-05,10:12:23.313927409,T,IBM,I,1,310.99
2025-12-05,10:12:23.313990592,T,IBM,I,8,310.99
2025-12-05,10:12:23.314032610,T,IBM,I,8,310.99
2025-12-05,10:12:23.317406695,T,IBM,F I,12,311.0
2025-12-05,10:12:23.317406695,T,IBM,F I,2,311.0
2025-12-05,10:12:23.317520979,T,IBM,I,15,310.99
2025-12-05,10:12:23.317538963,T,IBM,I,9,310.99
2025-12-05,10:12:23.317896807,T,IBM,I,1,311.01
2025-12-05,10:12:23.361082588,T,IBM,I,6,311.09
2025-12-05,10:12:23.361136767,T,IBM,I,11,311.04
2025-12-05,10:12:23.361190882,T,IBM,I,11,311.09
2025-12-05,10:12:27.943379004,T,IBM,F,100,311.185
2025-12-05,10:12:27.943382274,T,IBM,F I,1,311.23
2025-12-05,10:12:27.943382274,T,IBM,F I,23,311.23
2025-12-05,10:12:27.943400717,T,IBM,F I,20,311.23
2025-12-05,10:12:27.943403126,T,IBM,F,40,311.23
2025-12-05,10:12:27.943403126,T,IBM,F,40,311.23
2025-12-05,10:12:30.017984826,T,IBM,I,3,311.28
2025-12-05,10:12:30.020423795,T,IBM,F I,30,311.28
2025-12-05,10:12:30.020426653,T,IBM,F I,20,311.32
2025-12-05,10:12:30.020429609,T,IBM,F,70,311.33
2025-12-05,10:12:30.020444655,T,IBM,I,1,311.33
2025-12-05,10:12:30.217570086,T,IBM,F I,11,311.31
2025-12-05,10:12:30.217573082,T,IBM,F,45,311.32
2025-12-05,10:12:30.217573082,T,IBM,F I,20,311.32
2025-12-05,10:12:30.217575918,T,IBM,F I,4,311.32
2025-12-05,10:12:40.891711217,T,IBM,I,3,311.31
2025-12-05,10:12:48.262019833,T,IBM,F I,5,311.3
2025-12-05,10:12:48.262064963,T,IBM,F I,20,311.32
2025-12-05,10:12:48.262071099,T,IBM,F,67,311.32
2025-12-05,10:12:48.262074153,T,IBM,F,40,311.33
2025-12-05,10:12:48.262076894,T,IBM,F,40,311.33
2025-12-05,10:12:48.262079970,T,IBM,F I,22,311.33
2025-12-05,10:12:48.262083184,T,IBM,F,80,311.33
2025-12-05,10:12:48.262083184,T,IBM,F I,3,311.33
2025-12-05,10:12:48.262083184,T,IBM,F I,6,311.34
2025-12-05,10:12:48.262086087,T,IBM,I,8,311.27
2025-12-05,10:12:48.262552183,T,IBM,I,16,311.32
2025-12-05,10:12:48.262552183,T,IBM,I,9,311.32
2025-12-05,10:12:48.262555056,T,IBM,I,7,311.3
2025-12-05,10:12:48.264452595,T,IBM,F,40,311.39
2025-12-05,10:12:48.264455515,T,IBM,F,40,311.39
2025-12-05,10:12:48.264593906,T,IBM,I,25,311.4
2025-12-05,10:12:48.277416428,T,IBM,F I,10,311.45
2025-12-05,10:12:48.277473533,T,IBM,F,590,311.47
2025-12-05,10:12:48.277479583,T,IBM,I,10,311.47
2025-12-05,10:12:48.277479583,T,IBM,I,25,311.47
2025-12-05,10:12:48.545718429,T,IBM,I,20,311.49
2025-12-05,10:12:48.545721139,T,IBM,I,2,311.49
2025-12-05,10:12:48.545730074,T,IBM,I,20,311.48
2025-12-05,10:12:56.137392599,T,IBM,F I,10,311.51
2025-12-05,10:12:56.137392599,T,IBM,F I,5,311.5
2025-12-05,10:12:57.624609941,T,IBM,I,10,311.53
2025-12-05,10:12:57.624613785,T,IBM,I,20,311.54
2025-12-05,10:12:57.624613785,T,IBM,I,5,311.54
2025-12-05,10:12:57.624615981,T,IBM,I,28,311.55
2025-12-05,10:12:57.624618972,T,IBM,I,17,311.55
2025-12-05,10:12:57.624631087,T,IBM,I,1,311.55
2025-12-05,10:12:57.625298688,T,IBM,,40,311.55
2025-12-05,10:12:57.801515154,T,IBM,I,30,311.55
2025-12-05,10:12:58.357689045,T,IBM,I,10,311.57
2025-12-05,10:12:58.357693096,T,IBM,I,1,311.58
2025-12-05,10:12:58.357693096,T,IBM,I,16,311.58
2025-12-05,10:12:58.357695056,T,IBM,I,13,311.585
2025-12-05,10:13:01.616086886,T,IBM,I,2,311.58
2025-12-05,10:13:11.068112986,T,IBM,,80,311.62
2025-12-05,10:13:11.068116008,T,IBM,I,5,311.62
2025-12-05,10:13:11.068771523,T,IBM,F,60,311.65
2025-12-05,10:13:11.068973038,T,IBM,F I,2,311.66
2025-12-05,10:13:11.068985026,T,IBM,F I,2,311.66
2025-12-05,10:13:11.068987981,T,IBM,F I,8,311.68
2025-12-05,10:13:11.069018049,T,IBM,F I,12,311.68
2025-12-05,10:13:14.254868257,T,IBM,F I,10,311.72
2025-12-05,10:13:14.254919419,T,IBM,I,4,311.72
2025-12-05,10:13:17.406009721,T,IBM,,40,311.705
2025-12-05,10:13:20.608126269,T,IBM,F I,5,311.73
2025-12-05,10:13:20.608126269,T,IBM,F I,5,311.73
2025-12-05,10:13:20.608134927,T,IBM,F I,5,311.74
2025-12-05,10:13:20.608138347,T,IBM,F I,20,311.75
2025-12-05,10:13:20.608140815,T,IBM,F,80,311.75
2025-12-05,10:13:20.608146756,T,IBM,F,75,311.75
2025-12-05,10:13:20.608200762,T,IBM,F I,5,311.75
2025-12-05,10:13:20.608360163,T,IBM,I,14,311.72
2025-12-05,10:13:20.608441403,T,IBM,F I,25,311.74
2025-12-05,10:13:25.798253050,T,IBM,F I,12,311.77
2025-12-05,10:13:30.646646920,T,IBM,F I,22,311.8
2025-12-05,10:13:33.934181146,T,IBM,F I,2,311.77
2025-12-05,10:13:39.157165761,T,IBM,,40,311.81
2025-12-05,10:13:39.157540783,T,IBM,I,4,311.81
2025-12-05,10:13:39.157706240,T,IBM,F I,4,311.81
2025-12-05,10:13:39.157727680,T,IBM,F I,4,311.81
2025-12-05,10:13:39.157727680,T,IBM,I,32,311.81
2025-12-05,10:13:39.158632469,T,IBM,F,40,311.8
2025-12-05,10:13:39.272254867,T,IBM,F I,5,311.8
2025-12-05,10:13:39.272729969,T,IBM,F,40,311.8
2025-12-05,10:13:39.273334433,T,IBM,F,40,311.8
2025-12-05,10:13:39.273987026,T,IBM,F,40,311.8
2025-12-05,10:13:39.274399047,T,IBM,F,40,311.8
2025-12-05,10:13:39.274832023,T,IBM,,40,311.8
2025-12-05,10:13:39.278040660,T,IBM,F I,5,311.71
2025-12-05,10:13:39.278040660,T,IBM,F I,24,311.71
2025-12-05,10:13:39.278497790,T,IBM,F I,11,311.71
2025-12-05,10:13:41.703194107,T,IBM,I,5,311.8
2025-12-05,10:13:41.703238998,T,IBM,,40,311.81
2025-12-05,10:13:41.703238998,T,IBM,,120,311.81
2025-12-05,10:13:41.703244897,T,IBM,,80,311.81
2025-12-05,10:13:41.703244897,T,IBM,I,1,311.81
2025-12-05,10:13:41.703287081,T,IBM,,100,311.79
2025-12-05,10:13:41.703311060,T,IBM,I,1,311.8
2025-12-05,10:13:41.703326437,T,IBM,I,15,311.79
2025-12-05,10:13:46.510407661,T,IBM,F I,3,311.75
2025-12-05,10:13:46.510714352,T,IBM,I,12,311.74
2025-12-05,10:13:46.510774553,T,IBM,,100,311.74
2025-12-05,10:13:47.572298545,T,IBM,F I,2,311.79
2025-12-05,10:13:48.040804920,T,IBM,I,15,311.73
2025-12-05,10:13:48.727101696,T,IBM,I,10,311.73
2025-12-05,10:13:48.727101696,T,IBM,I,30,311.74
2025-12-05,10:13:50.454321122,T,IBM,I,5,311.67
2025-12-05,10:13:50.454323466,T,IBM,I,3,311.67
2025-12-05,10:13:50.454651319,T,IBM,I,7,311.7
2025-12-05,10:13:54.007843868,T,IBM,F I,7,311.65
2025-12-05,10:13:54.007955157,T,IBM,I,1,311.65
2025-12-05,10:13:54.007955157,T,IBM,I,6,311.65
2025-12-05,10:13:54.013828139,T,IBM,I,2,311.62
2025-12-05,10:13:54.013849120,T,IBM,I,38,311.62
2025-12-05,10:13:54.013855343,T,IBM,I,8,311.62
2025-12-05,10:13:54.013864226,T,IBM,I,22,311.62
2025-12-05,10:13:54.013873247,T,IBM,I,1,311.62
2025-12-05,10:13:54.013891222,T,IBM,I,9,311.62
2025-12-05,10:13:54.353249041,T,IBM,F I,1,311.56
2025-12-05,10:13:54.353908029,T,IBM,F,40,311.51
2025-12-05,10:13:54.353910958,T,IBM,F,40,311.51
2025-12-05,10:13:54.353938236,T,IBM,F,40,311.49
2025-12-05,10:13:54.353938236,T,IBM,F,40,311.49
2025-12-05,10:13:54.353940781,T,IBM,F,40,311.49
2025-12-05,10:13:54.353970775,T,IBM,F I,20,311.47
2025-12-05,10:13:54.354722525,T,IBM,F,40,311.45
2025-12-05,10:13:54.493397730,T,IBM,,45,311.47
2025-12-05,10:13:54.493400725,T,IBM,,55,311.47
2025-12-05,10:14:03.142644684,T,IBM,F I,1,311.41
2025-12-05,10:14:03.142644684,T,IBM,F I,13,311.4
2025-12-05,10:14:04.524903280,T,IBM,,54,311.4
2025-12-05,10:14:04.525216807,T,IBM,,40,311.42
2025-12-05,10:14:04.525218982,T,IBM,,40,311.42
2025-12-05,10:14:16.194360119,T,IBM,,45,311.36
2025-12-05,10:14:16.194429308,T,IBM,,45,311.36
2025-12-05,10:14:25.327819858,T,IBM,F I,1,311.36
2025-12-05,10:14:25.327819858,T,IBM,F I,5,311.34
2025-12-05,10:14:25.327822961,T,IBM,F I,39,311.34
2025-12-05,10:14:25.327838018,T,IBM,F I,1,311.34
2025-12-05,10:14:25.329627178,T,IBM,I,4,311.34
2025-12-05,10:14:32.433558617,T,IBM,I,19,311.29
2025-12-05,10:14:32.433558617,T,IBM,I,30,311.29
2025-12-05,10:14:36.578644291,T,IBM,I,17,311.25
2025-12-05,10:14:36.578935963,T,IBM,F I,7,311.22
2025-12-05,10:14:36.579056317,T,IBM,,58,311.22
2025-12-05,10:14:36.579077383,T,IBM,,42,311.22
2025-12-05,10:14:36.579149525,T,IBM,F,100,311.22
2025-12-05,10:14:36.944501265,T,IBM,,80,311.22
2025-12-05,10:14:38.743726425,T,IBM,F I,21,311.17
2025-12-05,10:14:38.743750495,T,IBM,F I,4,311.17
2025-12-05,10:14:38.743753500,T,IBM,F I,9,311.15
2025-12-05,10:14:38.743756465,T,IBM,F I,8,311.15
2025-12-05,10:14:38.743771528,T,IBM,F I,4,311.15
2025-12-05,10:14:43.822790613,T,IBM,I,10,311.13
2025-12-05,10:14:43.822793453,T,IBM,I,21,311.13
2025-12-05,10:14:56.530490097,T,IBM,I,10,311.18
2025-12-05,10:14:56.534289025,T,IBM,F,100,311.21
2025-12-05,10:14:56.534289025,T,IBM,F I,20,311.22
2025-12-05,10:14:56.534291155,T,IBM,F I,20,311.22
2025-12-05,10:14:56.534309575,T,IBM,I,1,311.22
2025-12-05,10:14:56.534312461,T,IBM,F I,19,311.22
2025-12-05,10:14:56.534315583,T,IBM,F,40,311.22
2025-12-05,10:14:56.534315583,T,IBM,F I,25,311.22
2025-12-05,10:14:56.534333262,T,IBM,I,15,311.22
2025-12-05,10:14:56.535245054,T,IBM,F I,20,311.28
2025-12-05,10:14:56.535274487,T,IBM,I,3,311.28
2025-12-05,10:14:56.535289514,T,IBM,F I,27,311.28
2025-12-05,10:14:56.535344286,T,IBM,F I,10,311.29
2025-12-05,10:14:56.535346755,T,IBM,F,80,311.29
2025-12-05,10:14:56.535349699,T,IBM,F,80,311.29
2025-12-05,10:14:56.535359207,T,IBM,F I,3,311.31
2025-12-05,10:14:56.535457878,T,IBM,F I,1,311.29
2025-12-05,10:14:56.535863921,T,IBM,I,20,311.31
2025-12-05,10:14:56.535887933,T,IBM,,207,311.31
2025-12-05,10:14:56.535887933,T,IBM,,99,311.31
2025-12-05,10:15:11.997919474,T,IBM,,40,311.2
2025-12-05,10:15:11.998812592,T,IBM,F I,13,311.1
2025-12-05,10:15:11.999450111,T,IBM,I,12,311.13
2025-12-05,10:15:11.999543485,T,IBM,F I,4,311.1
2025-12-05,10:15:11.999651628,T,IBM,F I,1,311.1
2025-12-05,10:15:12.003037681,T,IBM,I,15,311.1
2025-12-05,10:15:12.100770278,T,IBM,F I,38,311.0
2025-12-05,10:15:12.101347744,T,IBM,F,62,311.0
2025-12-05,10:15:14.040992156,T,IBM,I,15,311.0
2025-12-05,10:15:14.041028144,T,IBM,I,25,311.0
2025-12-05,10:15:18.315869821,T,IBM,I,33,310.95
2025-12-05,10:15:18.315873756,T,IBM,,40,310.95
2025-12-05,10:15:18.315873756,T,IBM,I,26,310.95
2025-12-05,10:15:18.315890915,T,IBM,I,1,310.95
2025-12-05,10:15:18.315908903,T,IBM,I,3,310.95
2025-12-05,10:15:18.316029354,T,IBM,I,23,310.93
2025-12-05,10:15:18.327308965,T,IBM,,40,311.01
2025-12-05,10:15:33.446894153,T,IBM,F I,18,311.04
2025-12-05,10:15:33.446954304,T,IBM,I,18,311.04
2025-12-05,10:15:33.447456607,T,IBM,F,100,311.0
2025-12-05,10:15:35.054256648,T,IBM,F,40,310.985
2025-12-05,10:15:39.168167079,T,IBM,F,100,310.92
2025-12-05,10:15:39.204033386,T,IBM,F I,6,310.86
2025-12-05,10:15:41.033961816,T,IBM,F I,6,310.875
2025-12-05,10:15:41.036782495,T,IBM,F I,6,310.875
2025-12-05,10:15:41.601295299,T,IBM,F I,6,310.875
2025-12-05,10:15:41.817678544,T,IBM,F I,6,310.875
2025-12-05,10:15:41.877523907,T,IBM,I,2,310.89
2025-12-05,10:15:41.877544987,T,IBM,F,320,310.89
2025-12-05,10:15:41.877563143,T,IBM,I,1,310.89
2025-12-05,10:15:41.877566247,T,IBM,F I,17,310.89
2025-12-05,10:15:41.877568964,T,IBM,F,50,310.89
2025-12-05,10:15:41.877581012,T,IBM,I,30,310.89
2025-12-05,10:15:42.202757112,T,IBM,F I,4,310.88
2025-12-05,10:15:42.880859416,T,IBM,I,17,310.89
2025-12-05,10:15:43.303461436,T,IBM,F I,6,310.86
2025-12-05,10:15:49.782406288,T,IBM,F I,15,310.78
2025-12-05,10:15:49.782406288,T,IBM,F,80,310.78
2025-12-05,10:15:49.782439681,T,IBM,F I,6,310.76
2025-12-05,10:15:49.782956362,T,IBM,F I,28,310.7
2025-12-05,10:15:49.782959388,T,IBM,F I,10,310.7
2025-12-05,10:15:49.782974429,T,IBM,F I,16,310.7
2025-12-05,10:15:49.782980414,T,IBM,F I,7,310.69
2025-12-05,10:15:49.782992512,T,IBM,I,22,310.7
2025-12-05,10:15:49.782998457,T,IBM,F I,16,310.71
2025-12-05,10:15:49.782998457,T,IBM,F I,7,310.71
2025-12-05,10:15:49.783004509,T,IBM,F I,20,310.71
2025-12-05,10:15:49.783007514,T,IBM,F I,7,310.71
2025-12-05,10:15:49.783013588,T,IBM,F I,7,310.71
2025-12-05,10:15:49.783112728,T,IBM,F I,5,310.71
2025-12-05,10:15:49.783163864,T,IBM,F I,5,310.71
2025-12-05,10:15:49.783206028,T,IBM,F I,5,310.71
2025-12-05,10:15:49.783254135,T,IBM,F I,5,310.71
2025-12-05,10:15:49.783302430,T,IBM,F I,1,310.71
2025-12-05,10:15:49.783302430,T,IBM,F I,4,310.7
2025-12-05,10:15:49.783326324,T,IBM,F I,1,310.7
2025-12-05,10:15:49.783350345,T,IBM,F I,1,310.705
2025-12-05,10:15:49.783551800,T,IBM,I,30,310.705
2025-12-05,10:15:50.825778973,T,IBM,F I,24,310.57
2025-12-05,10:15:50.825800034,T,IBM,F I,24,310.57
2025-12-05,10:15:51.789338724,T,IBM,F I,24,310.56
2025-12-05,10:15:51.789392972,T,IBM,F I,6,310.55
2025-12-05,10:15:51.790246907,T,IBM,I,1,310.51
2025-12-05,10:15:52.370288731,T,IBM,I,13,310.56
2025-12-05,10:15:53.646385701,T,IBM,F I,10,310.56
2025-12-05,10:15:53.648893516,T,IBM,I,10,310.56
2025-12-05,10:15:57.418749043,T,IBM,I,39,310.56
2025-12-05,10:16:00.491024676,T,IBM,I,15,310.56
2025-12-05,10:16:00.511013356,T,IBM,,75,310.52
2025-12-05,10:16:04.532441718,T,IBM,I,10,310.59
2025-12-05,10:16:04.532934901,T,IBM,F I,1,310.6
2025-12-05,10:16:04.532958970,T,IBM,I,1,310.62
2025-12-05,10:16:04.533031049,T,IBM,F I,4,310.62
2025-12-05,10:16:14.821185729,T,IBM,F I,2,310.64
2025-12-05,10:16:15.449462441,T,IBM,F I,3,310.58
2025-12-05,10:16:15.449477408,T,IBM,F I,18,310.58
2025-12-05,10:16:46.338738532,T,IBM,I,10,310.56
2025-12-05,10:16:51.225612508,T,IBM,F I,4,310.6
2025-12-05,10:16:51.225615642,T,IBM,F I,2,310.61
2025-12-05,10:16:51.225618383,T,IBM,F,240,310.62
2025-12-05,10:16:51.225618383,T,IBM,F,199,310.62
2025-12-05,10:16:51.225621222,T,IBM,F,77,310.62
2025-12-05,10:16:51.225651215,T,IBM,F I,4,310.62
2025-12-05,10:16:51.932375671,T,IBM,I,8,310.68
2025-12-05,10:16:56.555061271,T,IBM,F I,1,310.73
2025-12-05,10:16:57.197516789,T,IBM,I,4,310.73
2025-12-05,10:16:57.198018903,T,IBM,F,57,310.78
2025-12-05,10:16:57.198400894,T,IBM,F,43,310.78
2025-12-05,10:16:57.198854872,T,IBM,F,59,310.79
2025-12-05,10:16:57.198873232,T,IBM,I,1,310.79
2025-12-05,10:16:57.198876272,T,IBM,F,100,310.79
2025-12-05,10:16:57.198881983,T,IBM,F,120,310.79
2025-12-05,10:16:57.198881983,T,IBM,F I,26,310.79
2025-12-05,10:17:06.029389388,T,IBM,F I,10,310.85
2025-12-05,10:17:06.029389388,T,IBM,F I,3,310.87
2025-12-05,10:17:06.029392062,T,IBM,F I,17,310.87
2025-12-05,10:17:06.029395678,T,IBM,F,57,310.87
2025-12-05,10:17:06.029395678,T,IBM,F,40,310.88
2025-12-05,10:17:06.029397914,T,IBM,F I,6,310.88
2025-12-05,10:17:06.029397914,T,IBM,F,74,310.88
2025-12-05,10:17:06.029722501,T,IBM,F I,3,310.93
2025-12-05,10:17:14.737245497,T,IBM,F,40,311.0
2025-12-05,10:17:14.866826922,T,IBM,,40,310.99
2025-12-05,10:17:34.216456245,T,IBM,I,5,310.95
2025-12-05,10:17:40.101892871,T,IBM,I,4,310.85
2025-12-05,10:17:40.101896344,T,IBM,I,20,310.84
2025-12-05,10:17:40.101899000,T,IBM,I,1,310.84
2025-12-05,10:17:40.101901971,T,IBM,,45,310.8
2025-12-05,10:17:45.836764180,T,IBM,F I,20,310.77
2025-12-05,10:17:54.137192851,T,IBM,I,16,310.79
2025-12-05,10:18:07.798020450,T,IBM,F I,30,310.69
2025-12-05,10:18:29.473762487,T,IBM,I,1,310.69
2025-12-05,10:19:10.549154660,T,IBM,F,50,310.64
2025-12-05,10:19:10.549154660,T,IBM,F I,1,310.62
2025-12-05,10:19:10.549157322,T,IBM,F I,18,310.62
2025-12-05,10:19:10.549160789,T,IBM,F I,9,310.62
2025-12-05,10:19:10.549160789,T,IBM,F I,6,310.62
2025-12-05,10:19:10.549163293,T,IBM,F I,20,310.62
2025-12-05,10:19:10.549166298,T,IBM,F I,1,310.62
2025-12-05,10:19:10.549166298,T,IBM,F I,5,310.62
2025-12-05,10:19:11.668993165,T,IBM,,45,310.6
2025-12-05,10:19:44.250583986,T,IBM,F I,14,310.67
2025-12-05,10:19:44.250593059,T,IBM,F,120,310.69
2025-12-05,10:19:44.250593059,T,IBM,F I,10,310.69
2025-12-05,10:19:44.250596065,T,IBM,F I,3,310.69
2025-12-05,10:19:44.251137297,T,IBM,F I,37,310.69
2025-12-05,10:19:56.842616366,T,IBM,I,3,310.675
2025-12-05,10:19:56.845220573,T,IBM,,40,310.675
2025-12-05,10:20:11.003901291,T,IBM,F I,3,310.7
2025-12-05,10:20:11.898519901,T,IBM,F,40,310.76
2025-12-05,10:20:11.898519901,T,IBM,F,56,310.76
2025-12-05,10:20:11.898522122,T,IBM,F I,10,310.76
2025-12-05,10:20:14.883915120,T,IBM,F I,37,310.745
2025-12-05,10:20:18.565859322,T,IBM,I,20,310.74
2025-12-05,10:20:30.212747651,T,IBM,I,5,310.74
2025-12-05,10:20:30.212747651,T,IBM,I,35,310.74
2025-12-05,10:20:48.659167622,T,IBM,F I,5,310.74
2025-12-05,10:20:48.673217061,T,IBM,,80,310.705
2025-12-05,10:20:50.072415288,T,IBM,F,50,310.75
2025-12-05,10:20:50.072622888,T,IBM,F I,2,310.77
2025-12-05,10:20:50.072622888,T,IBM,F,40,310.77
2025-12-05,10:20:50.072625833,T,IBM,F I,10,310.77
2025-12-05,10:20:50.072685916,T,IBM,I,2,310.77
2025-12-05,10:20:50.333202095,T,IBM,F I,11,310.84
2025-12-05,10:20:50.333493722,T,IBM,F I,7,310.86
2025-12-05,10:20:50.333514772,T,IBM,F I,3,310.86
2025-12-05,10:20:50.334513163,T,IBM,F I,1,310.87
2025-12-05,10:20:50.334516227,T,IBM,F I,1,310.87
2025-12-05,10:20:50.378781575,T,IBM,,40,310.99
2025-12-05,10:20:51.932463042,T,IBM,,50,311.1
2025-12-05,10:20:51.932463042,T,IBM,I,2,311.12
2025-12-05,10:20:51.933524511,T,IBM,I,25,311.12
2025-12-05,10:21:19.112414969,T,IBM,I,1,311.21
2025-12-05,10:21:19.349658882,T,IBM,F I,2,311.2
2025-12-05,10:21:19.349658882,T,IBM,F I,10,311.19
2025-12-05,10:21:37.942133557,T,IBM,F I,2,311.2
2025-12-05,10:21:37.942179234,T,IBM,F,40,311.18
2025-12-05,10:21:37.942179234,T,IBM,F I,19,311.15
2025-12-05,10:21:37.942181883,T,IBM,F I,4,311.15
2025-12-05,10:21:37.942181883,T,IBM,F I,4,311.15
2025-12-05,10:21:37.942199944,T,IBM,F I,11,311.15
2025-12-05,10:21:37.942202844,T,IBM,F I,5,311.15
2025-12-05,10:21:37.942202844,T,IBM,I,1,311.15
2025-12-05,10:21:37.942455677,T,IBM,F I,39,311.15
2025-12-05,10:21:37.942455677,T,IBM,F I,2,311.15
2025-12-05,10:21:37.942458351,T,IBM,F,40,311.15
2025-12-05,10:21:37.942536583,T,IBM,,93,311.16
2025-12-05,10:21:37.942588071,T,IBM,I,7,311.16
2025-12-05,10:21:37.944124401,T,IBM,F,67,311.22
2025-12-05,10:21:37.944148365,T,IBM,I,24,311.23
2025-12-05,10:21:37.944148365,T,IBM,I,13,311.23
2025-12-05,10:21:37.957319701,T,IBM,,45,311.265
2025-12-05,10:21:37.957379925,T,IBM,,45,311.265
2025-12-05,10:21:50.567104111,T,IBM,I,24,311.15
2025-12-05,10:21:50.567106901,T,IBM,I,20,311.15
2025-12-05,10:21:50.567109965,T,IBM,I,6,311.15
2025-12-05,10:21:50.567112564,T,IBM,,80,311.15
2025-12-05,10:21:50.567115872,T,IBM,I,13,311.15
2025-12-05,10:21:50.567118683,T,IBM,I,17,311.15
2025-12-05,10:21:50.567157434,T,IBM,,80,311.14
2025-12-05,10:21:50.661543197,T,IBM,F,40,311.08
2025-12-05,10:21:52.614347116,T,IBM,F,40,311.06
2025-12-05,10:21:52.614347116,T,IBM,F I,3,311.06
2025-12-05,10:21:52.614819081,T,IBM,F I,20,311.05
2025-12-05,10:22:08.989418256,T,IBM,F I,25,311.05
2025-12-05,10:23:02.670195035,T,IBM,,70,310.985
2025-12-05,10:23:02.689356299,T,IBM,F I,17,310.86
2025-12-05,10:23:25.956459603,T,IBM,I,5,311.02
2025-12-05,10:24:10.281763785,T,IBM,,100,310.92
2025-12-05,10:24:24.988466294,T,IBM,I,12,310.91
2025-12-05,10:24:24.988484283,T,IBM,I,3,310.91
2025-12-05,10:24:24.988484283,T,IBM,I,12,310.91
2025-12-05,10:24:24.988800256,T,IBM,F I,4,310.89
2025-12-05,10:24:24.988869242,T,IBM,F I,12,310.84
2025-12-05,10:24:24.988872295,T,IBM,F I,1,310.84
2025-12-05,10:24:24.988875249,T,IBM,F I,5,310.84
2025-12-05,10:24:24.988878305,T,IBM,F I,18,310.84
2025-12-05,10:24:24.988890269,T,IBM,F I,11,310.84
2025-12-05,10:24:24.988899270,T,IBM,I,11,310.84
2025-12-05,10:24:24.989227117,T,IBM,I,25,310.85
2025-12-05,10:24:24.989230139,T,IBM,I,38,310.85
2025-12-05,10:24:30.818502265,T,IBM,F I,8,310.8
2025-12-05,10:24:30.818857053,T,IBM,F I,2,310.82
2025-12-05,10:24:30.819293103,T,IBM,F I,11,310.79
2025-12-05,10:24:37.565661251,T,IBM,F,45,310.84
2025-12-05,10:24:37.565664295,T,IBM,F I,2,310.86
2025-12-05,10:24:37.565664295,T,IBM,F I,6,310.86
2025-12-05,10:24:37.565667597,T,IBM,F I,34,310.86
2025-12-05,10:24:37.565667597,T,IBM,F I,2,310.87
2025-12-05,10:24:37.565673280,T,IBM,F I,37,310.87
2025-12-05,10:24:37.565673280,T,IBM,F I,17,310.87
2025-12-05,10:24:37.565685342,T,IBM,I,1,310.87
2025-12-05,10:24:37.565685342,T,IBM,I,22,310.87
2025-12-05,10:24:37.566064262,T,IBM,F,80,310.88
2025-12-05,10:24:37.566067304,T,IBM,F,80,310.88
2025-12-05,10:24:41.556252171,T,IBM,F I,25,310.97
2025-12-05,10:24:41.556252171,T,IBM,F I,20,310.97
2025-12-05,10:24:41.556254236,T,IBM,F,117,310.98
2025-12-05,10:24:41.556257355,T,IBM,F I,28,310.98
2025-12-05,10:24:41.556272316,T,IBM,F,55,310.98
2025-12-05,10:24:41.556561074,T,IBM,F I,6,310.99
2025-12-05,10:24:41.556936876,T,IBM,I,5,311.01
2025-12-05,10:24:41.556982008,T,IBM,I,13,311.01
2025-12-05,10:24:43.293477862,T,IBM,I,1,310.95
2025-12-05,10:24:53.466497595,T,IBM,F I,1,310.945
2025-12-05,10:24:53.466503588,T,IBM,I,6,310.92
2025-12-05,10:24:53.498786544,T,IBM,I,6,310.93
2025-12-05,10:24:56.974023578,T,IBM,I,6,310.95
2025-12-05,10:24:56.974023578,T,IBM,I,1,310.95
2025-12-05,10:24:57.005189763,T,IBM,I,25,311.02
2025-12-05,10:24:57.005192710,T,IBM,I,15,311.03
2025-12-05,10:24:57.005526526,T,IBM,I,20,311.04
2025-12-05,10:25:04.563497152,T,IBM,,45,310.93
2025-12-05,10:25:28.832916412,T,IBM,I,1,310.81
2025-12-05,10:25:28.832937405,T,IBM,F I,5,310.81
2025-12-05,10:25:28.832937405,T,IBM,F I,1,310.81
2025-12-05,10:25:28.832952457,T,IBM,I,6,310.81
2025-12-05,10:25:28.832952457,T,IBM,I,5,310.81
2025-12-05,10:25:28.833232118,T,IBM,I,28,310.81
2025-12-05,10:25:28.834311740,T,IBM,I,13,310.81
2025-12-05,10:25:28.834314728,T,IBM,,67,310.8
2025-12-05,10:25:28.834332730,T,IBM,I,1,310.8
2025-12-05,10:25:28.834332730,T,IBM,I,12,310.8
2025-12-05,10:25:28.835027401,T,IBM,F,40,310.76
2025-12-05,10:25:28.839874968,T,IBM,F I,4,310.81
2025-12-05,10:25:31.016288348,T,IBM,F,40,310.74
2025-12-05,10:25:31.016318872,T,IBM,F I,27,310.74
2025-12-05,10:25:31.016321353,T,IBM,F I,13,310.73
2025-12-05,10:25:34.383262501,T,IBM,F I,27,310.73
2025-12-05,10:25:34.383262501,T,IBM,F I,13,310.73
2025-12-05,10:25:34.383379711,T,IBM,F,40,310.71
2025-12-05,10:25:38.991844720,T,IBM,F I,1,310.68
2025-12-05,10:25:39.976637958,T,IBM,F I,25,310.75
2025-12-05,10:25:39.976641144,T,IBM,F,67,310.76
2025-12-05,10:25:39.976641144,T,IBM,F I,2,310.77
2025-12-05,10:25:39.976643947,T,IBM,F,70,310.77
2025-12-05,10:25:39.976662951,T,IBM,F,50,310.77
2025-12-05,10:25:39.976665071,T,IBM,F I,38,310.77
2025-12-05,10:25:39.976668039,T,IBM,F I,4,310.77
2025-12-05,10:26:19.757388287,T,IBM,F I,1,310.73
2025-12-05,10:26:19.757406427,T,IBM,F I,1,310.71
2025-12-05,10:26:19.758201106,T,IBM,F,80,310.74
2025-12-05,10:26:19.758201106,T,IBM,F,45,310.74
2025-12-05,10:26:19.758221996,T,IBM,F I,20,310.74
2025-12-05,10:26:19.758257377,T,IBM,F I,6,310.75
2025-12-05,10:26:19.758260345,T,IBM,F I,5,310.75
2025-12-05,10:26:19.758263800,T,IBM,F I,9,310.75
2025-12-05,10:26:19.758263800,T,IBM,I,20,310.75
2025-12-05,10:26:19.758278431,T,IBM,F I,38,310.75
2025-12-05,10:26:19.758281410,T,IBM,F,51,310.75
2025-12-05,10:26:19.758405090,T,IBM,I,5,310.73
2025-12-05,10:26:19.758405090,T,IBM,I,3,310.73
2025-12-05,10:26:19.758410758,T,IBM,F I,20,310.73
2025-12-05,10:26:19.758425837,T,IBM,F I,4,310.73
2025-12-05,10:26:26.036886204,T,IBM,I,4,310.72
2025-12-05,10:26:33.179462743,T,IBM,F I,30,310.63
2025-12-05,10:26:33.179465802,T,IBM,F,100,310.61
2025-12-05,10:26:33.179465802,T,IBM,F I,4,310.6
2025-12-05,10:26:33.179468942,T,IBM,F,100,310.6
2025-12-05,10:26:33.179468942,T,IBM,F I,16,310.59
2025-12-05,10:26:33.179471780,T,IBM,F,100,310.59
2025-12-05,10:26:33.180524621,T,IBM,F I,7,310.57
2025-12-05,10:26:33.180524621,T,IBM,F I,5,310.57
2025-12-05,10:26:33.699825340,T,IBM,I,32,310.58
2025-12-05,10:26:33.699827497,T,IBM,I,8,310.61
2025-12-05,10:26:38.540875018,T,IBM,F I,25,310.53
2025-12-05,10:26:38.540878078,T,IBM,F I,16,310.52
2025-12-05,10:26:40.792668602,T,IBM,,40,310.51
2025-12-05,10:26:40.792671641,T,IBM,I,1,310.51
2025-12-05,10:26:40.792948242,T,IBM,F I,5,310.5
2025-12-05,10:26:41.528698273,T,IBM,F I,26,310.57
2025-12-05,10:26:41.528700866,T,IBM,I,21,310.57
2025-12-05,10:26:42.828900033,T,IBM,F I,1,310.51
2025-12-05,10:26:45.638726079,T,IBM,F I,6,310.47
2025-12-05,10:26:45.638747071,T,IBM,F I,34,310.47
2025-12-05,10:26:45.638786115,T,IBM,I,6,310.43
2025-12-05,10:26:45.639522880,T,IBM,F,100,310.38
2025-12-05,10:26:45.639543976,T,IBM,F I,11,310.37
2025-12-05,10:26:45.982083398,T,IBM,F,40,310.26
2025-12-05,10:27:23.596173083,T,IBM,F I,5,310.07
2025-12-05,10:27:23.596173083,T,IBM,F I,13,310.07
2025-12-05,10:27:23.596178843,T,IBM,F I,4,310.07
2025-12-05,10:27:23.596178843,T,IBM,F I,2,310.07
2025-12-05,10:27:23.596181918,T,IBM,F I,39,310.07
2025-12-05,10:27:23.596416461,T,IBM,F,100,310.0
2025-12-05,10:27:38.157494316,T,IBM,F I,8,309.95
2025-12-05,10:27:56.984590796,T,IBM,F I,4,310.0
2025-12-05,10:27:56.984590796,T,IBM,F,80,310.0
2025-12-05,10:27:56.985096014,T,IBM,F I,1,310.0
2025-12-05,10:28:03.135661927,T,IBM,F I,2,309.93
2025-12-05,10:28:03.135661927,T,IBM,F I,13,309.93
2025-12-05,10:28:06.967389680,T,IBM,F,50,309.96
2025-12-05,10:28:06.967389680,T,IBM,F I,25,309.97
2025-12-05,10:28:06.967395640,T,IBM,F I,6,309.98
2025-12-05,10:28:06.967395640,T,IBM,F,61,309.98
2025-12-05,10:28:06.967395640,T,IBM,F I,9,309.99
2025-12-05,10:28:06.967414443,T,IBM,I,6,309.99
2025-12-05,10:28:06.967416832,T,IBM,,40,309.99
2025-12-05,10:28:06.967419687,T,IBM,I,15,309.99
2025-12-05,10:28:06.967909926,T,IBM,I,2,309.99
2025-12-05,10:28:16.094862344,T,IBM,,50,309.96
2025-12-05,10:28:16.094865470,T,IBM,I,2,309.96
2025-12-05,10:28:16.094865470,T,IBM,I,10,309.95
2025-12-05,10:28:16.094868298,T,IBM,I,13,309.94
2025-12-05,10:28:16.094868298,T,IBM,I,1,309.94
2025-12-05,10:28:16.094871362,T,IBM,I,26,309.94
2025-12-05,10:28:16.094883316,T,IBM,I,1,309.94
2025-12-05,10:28:18.276113931,T,IBM,F I,5,309.89
2025-12-05,10:28:24.469183008,T,IBM,F I,22,309.95
2025-12-05,10:28:24.469189093,T,IBM,F I,28,309.95
2025-12-05,10:28:24.469192052,T,IBM,F I,19,309.96
2025-12-05,10:28:24.469195443,T,IBM,F I,3,309.96
2025-12-05,10:28:24.469195443,T,IBM,F I,6,309.96
2025-12-05,10:28:24.469198059,T,IBM,F I,22,309.96
2025-12-05,10:28:24.469201045,T,IBM,F I,22,309.96
2025-12-05,10:28:24.469213139,T,IBM,I,22,309.96
2025-12-05,10:28:24.469213139,T,IBM,I,1,309.96
2025-12-05,10:28:24.469228445,T,IBM,F I,7,309.96
2025-12-05,10:28:24.469235230,T,IBM,F,67,310.01
2025-12-05,10:28:24.469235230,T,IBM,F I,1,310.01
2025-12-05,10:28:24.469240374,T,IBM,F,40,310.02
2025-12-05,10:28:24.469240374,T,IBM,F I,16,310.02
2025-12-05,10:28:24.469363500,T,IBM,F,80,310.02
2025-12-05,10:28:24.478821046,T,IBM,F I,33,310.05
2025-12-05,10:28:24.478920193,T,IBM,I,7,310.05
2025-12-05,10:28:24.479166821,T,IBM,,160,310.07
2025-12-05,10:28:24.480276505,T,IBM,F,93,310.03
2025-12-05,10:28:24.480387736,T,IBM,F,43,309.98
2025-12-05,10:28:24.480406116,T,IBM,F I,7,309.98
2025-12-05,10:28:24.480409005,T,IBM,F I,13,309.96
2025-12-05,10:28:24.480412409,T,IBM,F I,2,309.96
2025-12-05,10:28:24.480412409,T,IBM,F I,8,309.96
2025-12-05,10:28:24.480415411,T,IBM,F I,20,309.95
2025-12-05,10:28:24.480541097,T,IBM,I,11,309.96
2025-12-05,10:28:26.072498096,T,IBM,F,50,309.99
2025-12-05,10:28:26.072498096,T,IBM,F I,27,310.01
2025-12-05,10:28:26.072507415,T,IBM,,40,310.01
2025-12-05,10:28:26.072510290,T,IBM,I,11,310.02
2025-12-05,10:28:26.072512964,T,IBM,I,14,310.02
2025-12-05,10:28:26.072606112,T,IBM,I,26,310.02
2025-12-05,10:28:26.072606112,T,IBM,I,14,310.02
2025-12-05,10:28:26.924741748,T,IBM,F I,30,310.02
2025-12-05,10:28:26.924744711,T,IBM,F I,1,310.06
2025-12-05,10:28:26.924747765,T,IBM,F,100,310.08
2025-12-05,10:28:26.924751562,T,IBM,F,100,310.09
2025-12-05,10:28:26.924751562,T,IBM,F I,2,310.1
2025-12-05,10:28:26.924754675,T,IBM,F I,12,310.1
2025-12-05,10:28:26.924754675,T,IBM,F I,4,310.1
2025-12-05,10:28:26.924877198,T,IBM,F I,12,310.01
2025-12-05,10:28:26.925222813,T,IBM,F I,1,309.96
2025-12-05,10:28:26.925279957,T,IBM,I,9,309.96
2025-12-05,10:28:26.925286067,T,IBM,,40,309.96
2025-12-05,10:28:26.925286067,T,IBM,I,9,309.96
2025-12-05,10:28:26.925304327,T,IBM,I,8,309.96
2025-12-05,10:28:26.925307040,T,IBM,,40,309.96
2025-12-05,10:28:26.925331085,T,IBM,I,27,309.96
2025-12-05,10:28:26.925334168,T,IBM,I,12,309.96
2025-12-05,10:28:26.925370159,T,IBM,F,56,310.05
2025-12-05,10:28:26.925649890,T,IBM,F I,5,309.96
2025-12-05,10:28:26.925713039,T,IBM,F I,3,309.96
2025-12-05,10:28:26.925734138,T,IBM,F I,32,309.96
2025-12-05,10:28:26.925737101,T,IBM,F I,8,309.96
2025-12-05,10:28:27.898679499,T,IBM,F I,25,309.97
2025-12-05,10:28:27.898682791,T,IBM,F I,19,309.96
2025-12-05,10:28:27.898686606,T,IBM,F,58,309.96
2025-12-05,10:28:27.898691284,T,IBM,F I,33,309.96
2025-12-05,10:28:27.898691284,T,IBM,F I,7,309.96
2025-12-05,10:28:27.898691284,T,IBM,F,40,309.96
2025-12-05,10:28:27.898694305,T,IBM,F,60,309.96
2025-12-05,10:28:27.898694305,T,IBM,F,80,309.96
2025-12-05,10:28:27.898709266,T,IBM,F I,20,309.96
2025-12-05,10:28:27.898709266,T,IBM,F I,5,309.96
2025-12-05,10:28:34.242587388,T,IBM,,100,309.945
2025-12-05,10:29:06.132989147,T,IBM,I,3,310.02
2025-12-05,10:29:06.132991707,T,IBM,I,2,310.02
2025-12-05,10:29:06.533443045,T,IBM,I,10,310.0
2025-12-05,10:29:06.569871704,T,IBM,I,4,310.05
2025-12-05,10:29:32.285018394,T,IBM,I,10,309.99
2025-12-05,10:29:44.208577263,T,IBM,F I,10,310.05
2025-12-05,10:29:44.208580311,T,IBM,F,57,310.06
2025-12-05,10:29:52.665194960,T,IBM,I,10,310.03
2025-12-05,10:29:52.665194960,T,IBM,I,2,310.04
2025-12-05,10:29:52.665197871,T,IBM,I,32,310.04
2025-12-05,10:29:52.666550916,T,IBM,F I,5,310.0
2025-12-05,10:29:56.521668240,T,IBM,I,1,310.03
2025-12-05,10:29:56.522699663,T,IBM,I,1,310.0
2025-12-05,10:29:59.858207146,T,IBM,I,2,309.995
2025-12-05,10:30:06.655696956,T,IBM,I,17,310.09
2025-12-05,10:30:06.655703128,T,IBM,,65,310.09
2025-12-05,10:30:06.655703128,T,IBM,I,1,310.09
2025-12-05,10:30:06.656656219,T,IBM,F,83,310.07
2025-12-05,10:30:06.657606555,T,IBM,,77,310.07
2025-12-05,10:30:06.658066575,T,IBM,,43,310.07
2025-12-05,10:30:06.659176215,T,IBM,I,2,310.07
2025-12-05,10:30:07.701436368,T,IBM,F I,1,310.15
2025-12-05,10:30:07.701628770,T,IBM,I,1,310.19
2025-12-05,10:30:07.701905501,T,IBM,F,83,310.18
2025-12-05,10:30:07.701933003,T,IBM,F I,17,310.18
2025-12-05,10:30:07.701933003,T,IBM,F I,25,310.19
2025-12-05,10:30:07.701935595,T,IBM,F I,27,310.2
2025-12-05,10:30:07.701953635,T,IBM,F,56,310.2
2025-12-05,10:30:07.710157314,T,IBM,,50,310.2
2025-12-05,10:30:07.710160095,T,IBM,I,17,310.19
2025-12-05,10:30:11.879964657,T,IBM,F I,5,310.13
2025-12-05,10:30:13.249490832,T,IBM,I,2,310.08
2025-12-05,10:30:14.256034947,T,IBM,F I,10,310.16
2025-12-05,10:30:14.334545869,T,IBM,I,1,310.09
2025-12-05,10:30:17.274229945,T,IBM,F I,2,310.08
2025-12-05,10:30:20.167282031,T,IBM,F I,10,310.16
2025-12-05,10:30:20.167285026,T,IBM,F,49,310.17
2025-12-05,10:30:20.167303149,T,IBM,F I,1,310.17
2025-12-05,10:30:20.167303149,T,IBM,F I,9,310.17
2025-12-05,10:30:23.639997053,T,IBM,I,9,310.195
2025-12-05,10:30:28.793894325,T,IBM,,45,310.22
2025-12-05,10:30:28.793897225,T,IBM,,40,310.22
2025-12-05,10:30:36.301696057,T,IBM,F I,1,310.3
2025-12-05,10:30:47.765168493,T,IBM,F I,2,310.26
2025-12-05,10:30:48.018169704,T,IBM,I,30,310.23
2025-12-05,10:30:48.018193819,T,IBM,F,70,310.22
2025-12-05,10:30:48.018196757,T,IBM,I,2,310.22
2025-12-05,10:30:48.018383216,T,IBM,F I,30,310.22
2025-12-05,10:30:48.019138058,T,IBM,I,25,310.21
2025-12-05,10:31:04.438531334,T,IBM,I,2,310.155
2025-12-05,10:31:34.702197795,T,IBM,F I,2,310.08
2025-12-05,10:31:34.702197795,T,IBM,F I,5,310.07
2025-12-05,10:31:34.702200842,T,IBM,F I,2,310.07
2025-12-05,10:31:34.702204415,T,IBM,F I,38,310.07
2025-12-05,10:31:34.702219564,T,IBM,I,1,310.07
2025-12-05,10:31:34.702219564,T,IBM,I,1,310.07
2025-12-05,10:31:34.702219564,T,IBM,I,29,310.07
2025-12-05,10:31:34.702227820,T,IBM,I,2,310.07
2025-12-05,10:31:34.702272982,T,IBM,I,9,310.07
2025-12-05,10:31:34.726955712,T,IBM,I,1,310.03
2025-12-05,10:31:34.729622979,T,IBM,I,2,310.07
2025-12-05,10:31:37.625028081,T,IBM,F I,12,310.12
2025-12-05,10:31:37.625028081,T,IBM,F,40,310.12
2025-12-05,10:31:37.625032648,T,IBM,F,80,310.12
2025-12-05,10:31:37.625032648,T,IBM,F,40,310.12
2025-12-05,10:31:37.625083823,T,IBM,I,12,310.09
2025-12-05,10:31:37.625802627,T,IBM,I,1,310.155
2025-12-05,10:31:37.626040071,T,IBM,,45,310.17
2025-12-05,10:31:37.626103187,T,IBM,,45,310.18
2025-12-05,10:31:37.626127314,T,IBM,F I,9,310.18
2025-12-05,10:31:45.474929535,T,IBM,F I,1,310.125
2025-12-05,10:31:45.474929535,T,IBM,F I,10,310.11
2025-12-05,10:31:45.474931890,T,IBM,F I,2,310.1
2025-12-05,10:31:45.474934896,T,IBM,F,100,310.08
2025-12-05,10:31:45.474934896,T,IBM,F,100,310.08
2025-12-05,10:31:45.474938118,T,IBM,F I,12,310.07
2025-12-05,10:31:45.474938118,T,IBM,F,100,310.04
2025-12-05,10:31:45.474941509,T,IBM,F I,1,310.02
2025-12-05,10:31:45.474943675,T,IBM,F,80,310.02
2025-12-05,10:31:45.474943675,T,IBM,F,100,310.02
2025-12-05,10:31:45.474946742,T,IBM,F,40,310.02
2025-12-05,10:31:45.475136312,T,IBM,F,50,310.0
2025-12-05,10:31:45.475187308,T,IBM,F I,1,309.99
2025-12-05,10:31:45.475283525,T,IBM,F,50,310.01
2025-12-05,10:31:45.475310561,T,IBM,F I,35,310.01
2025-12-05,10:31:45.475752689,T,IBM,F,40,309.93
2025-12-05,10:31:45.475755632,T,IBM,F I,10,309.93
2025-12-05,10:31:45.476748058,T,IBM,F I,30,309.87
2025-12-05,10:31:45.476748058,T,IBM,F I,20,309.86
2025-12-05,10:31:45.476751031,T,IBM,F,100,309.86
2025-12-05,10:31:45.477989965,T,IBM,F I,6,309.85
2025-12-05,10:31:45.479045593,T,IBM,F I,20,309.81
2025-12-05,10:31:45.479045593,T,IBM,F I,20,309.81
2025-12-05,10:31:45.480079944,T,IBM,F,40,309.78
2025-12-05,10:31:45.480383614,T,IBM,F,40,309.78
2025-12-05,10:31:45.481905243,T,IBM,F,100,309.72
2025-12-05,10:31:45.481911660,T,IBM,F,100,309.68
2025-12-05,10:31:45.481911660,T,IBM,F I,10,309.67
2025-12-05,10:31:45.481911660,T,IBM,F,100,309.66
2025-12-05,10:31:45.481914304,T,IBM,F I,3,309.64
2025-12-05,10:31:45.481918010,T,IBM,F I,6,309.63
2025-12-05,10:31:45.481918010,T,IBM,F,100,309.63
2025-12-05,10:31:45.481920433,T,IBM,F I,20,309.63
2025-12-05,10:31:45.481920433,T,IBM,F I,10,309.62
2025-12-05,10:31:45.481923278,T,IBM,F,160,309.62
2025-12-05,10:31:45.482699218,T,IBM,F,100,309.65
2025-12-05,10:31:45.482702165,T,IBM,F,67,309.63
2025-12-05,10:31:45.482702165,T,IBM,F,100,309.63
2025-12-05,10:31:45.482705453,T,IBM,F,88,309.63
2025-12-05,10:31:45.482705453,T,IBM,F,40,309.63
2025-12-05,10:31:45.482705453,T,IBM,F I,12,309.62
2025-12-05,10:31:45.482708407,T,IBM,F I,4,309.62
2025-12-05,10:31:45.482708407,T,IBM,F I,6,309.61
2025-12-05,10:31:45.483234501,T,IBM,F,40,309.58
2025-12-05,10:31:45.483234501,T,IBM,F I,10,309.57
2025-12-05,10:31:45.483237682,T,IBM,F I,6,309.57
2025-12-05,10:31:45.483237682,T,IBM,F I,7,309.52
2025-12-05,10:31:45.483240473,T,IBM,F I,10,309.52
2025-12-05,10:31:45.483240473,T,IBM,F I,35,309.51
2025-12-05,10:31:45.483586323,T,IBM,I,5,309.67
2025-12-05,10:31:45.483598355,T,IBM,F I,6,309.56
2025-12-05,10:31:45.483613490,T,IBM,F I,35,309.67
2025-12-05,10:31:45.483613490,T,IBM,F,67,309.69
2025-12-05,10:31:45.483643761,T,IBM,F I,18,309.63
2025-12-05,10:31:45.483706594,T,IBM,F I,3,309.7
2025-12-05,10:31:45.483706594,T,IBM,F I,10,309.7
2025-12-05,10:31:45.486151464,T,IBM,F I,10,309.77
2025-12-05,10:31:45.486151464,T,IBM,F I,2,309.79
2025-12-05,10:31:48.517999130,T,IBM,,40,309.84
2025-12-05,10:31:48.517999130,T,IBM,I,2,309.84
2025-12-05,10:31:48.518001880,T,IBM,I,5,309.82
2025-12-05,10:31:48.518192053,T,IBM,F,80,309.82
2025-12-05,10:31:48.518194305,T,IBM,F,50,309.81
2025-12-05,10:31:48.518197296,T,IBM,F,68,309.81
2025-12-05,10:31:48.518215432,T,IBM,F I,12,309.81
2025-12-05,10:31:48.518215432,T,IBM,F,68,309.81
2025-12-05,10:31:48.518266535,T,IBM,F I,20,309.82
2025-12-05,10:32:10.017322232,T,IBM,F I,11,309.9
2025-12-05,10:32:10.017346382,T,IBM,F,59,309.9
2025-12-05,10:32:10.017427459,T,IBM,F I,1,309.91
2025-12-05,10:32:24.579494341,T,IBM,I,1,310.02
2025-12-05,10:32:24.579494341,T,IBM,I,1,310.02
2025-12-05,10:32:24.581656298,T,IBM,F I,6,310.02
2025-12-05,10:32:24.581740584,T,IBM,F I,4,310.02
2025-12-05,10:32:24.581758465,T,IBM,I,4,310.03
2025-12-05,10:32:24.581824628,T,IBM,F I,4,310.03
2025-12-05,10:32:24.664713922,T,IBM,I,2,309.98
2025-12-05,10:32:24.664716936,T,IBM,I,3,309.97
2025-12-05,10:32:30.350890258,T,IBM,I,5,309.96
2025-12-05,10:32:36.301064857,T,IBM,F,45,309.97
2025-12-05,10:32:36.301064857,T,IBM,F I,29,309.97
2025-12-05,10:32:36.301224259,T,IBM,F I,3,310.0
2025-12-05,10:32:36.301309194,T,IBM,I,17,310.0
2025-12-05,10:32:36.301311481,T,IBM,I,14,310.0
2025-12-05,10:32:39.125532670,T,IBM,,45,310.09
2025-12-05,10:32:39.125556749,T,IBM,,55,310.09
2025-12-05,10:32:55.407760162,T,IBM,,40,310.08
2025-12-05,10:32:55.408331563,T,IBM,F I,6,310.08
2025-12-05,10:32:55.408334588,T,IBM,F I,4,310.09
2025-12-05,10:32:55.408337578,T,IBM,F I,39,310.09
2025-12-05,10:32:55.408346562,T,IBM,I,1,310.09
2025-12-05,10:33:02.590888181,T,IBM,F I,2,310.01
2025-12-05,10:33:02.597037808,T,IBM,I,10,309.9
2025-12-05,10:33:02.597037808,T,IBM,I,1,309.9
2025-12-05,10:33:12.060120889,T,IBM,F I,24,309.82
2025-12-05,10:33:14.936275799,T,IBM,I,2,309.8
2025-12-05,10:33:14.936275799,T,IBM,I,1,309.8
2025-12-05,10:33:14.937036547,T,IBM,F I,24,309.8
2025-12-05,10:33:14.937051644,T,IBM,F,40,309.8
2025-12-05,10:33:14.937481567,T,IBM,F I,1,309.7
2025-12-05,10:33:14.937508703,T,IBM,F I,1,309.68
2025-12-05,10:33:14.938149211,T,IBM,,100,309.77
2025-12-05,10:33:38.196738716,T,IBM,F,50,309.76
2025-12-05,10:33:38.196742340,T,IBM,F,100,309.765
2025-12-05,10:33:38.196742340,T,IBM,F,100,309.765
2025-12-05,10:33:38.196744629,T,IBM,F I,15,309.765
2025-12-05,10:33:38.196747681,T,IBM,F I,5,309.77
2025-12-05,10:33:38.196750657,T,IBM,F I,2,309.78
2025-12-05,10:33:38.196753636,T,IBM,F,100,309.79
2025-12-05,10:33:38.196753636,T,IBM,F,100,309.85
2025-12-05,10:33:38.196756720,T,IBM,F I,25,309.85
2025-12-05,10:33:38.196759684,T,IBM,F,100,309.85
2025-12-05,10:33:38.196765722,T,IBM,F I,1,309.87
2025-12-05,10:33:38.196765722,T,IBM,F,40,309.87
2025-12-05,10:33:38.197159589,T,IBM,F I,4,309.73
2025-12-05,10:33:38.197186738,T,IBM,F I,5,309.72
2025-12-05,10:33:38.197216807,T,IBM,F,100,309.73
2025-12-05,10:33:38.197237871,T,IBM,I,1,309.72
2025-12-05,10:33:38.197529473,T,IBM,I,24,309.7
2025-12-05,10:33:38.197758076,T,IBM,F,311,309.72
2025-12-05,10:33:38.197791482,T,IBM,F I,38,309.72
2025-12-05,10:33:38.197791482,T,IBM,F I,20,309.72
2025-12-05,10:33:38.197797391,T,IBM,F,80,309.72
2025-12-05,10:33:38.197797391,T,IBM,F I,20,309.72
2025-12-05,10:33:38.197800819,T,IBM,F I,20,309.72
2025-12-05,10:33:38.197800819,T,IBM,F,100,309.72
2025-12-05,10:33:38.197806590,T,IBM,F I,5,309.72
2025-12-05,10:33:38.197806590,T,IBM,F,96,309.72
2025-12-05,10:33:38.197806590,T,IBM,F I,5,309.72
2025-12-05,10:33:38.197809260,T,IBM,F I,2,309.72
2025-12-05,10:33:38.197812989,T,IBM,F I,2,309.72
2025-12-05,10:33:38.197812989,T,IBM,F I,9,309.72
2025-12-05,10:33:38.197816346,T,IBM,F,63,309.72
2025-12-05,10:33:38.197816346,T,IBM,I,37,309.72
2025-12-05,10:33:38.197821391,T,IBM,,100,309.72
2025-12-05,10:33:38.197821391,T,IBM,I,17,309.72
2025-12-05,10:33:38.197821391,T,IBM,,56,309.72
2025-12-05,10:33:38.197824486,T,IBM,I,1,309.72
2025-12-05,10:33:38.197824486,T,IBM,I,28,309.72
2025-12-05,10:33:38.197827276,T,IBM,,72,309.72
2025-12-05,10:33:38.197830202,T,IBM,,197,309.72
2025-12-05,10:33:38.197830202,T,IBM,F,85,309.72
2025-12-05,10:33:38.197848337,T,IBM,I,15,309.72
2025-12-05,10:33:38.209816825,T,IBM,I,6,309.87
2025-12-05,10:33:38.210719504,T,IBM,F,45,309.85
2025-12-05,10:33:38.210719504,T,IBM,F I,2,309.84
2025-12-05,10:33:38.210721922,T,IBM,F I,10,309.81
2025-12-05,10:33:38.214369663,T,IBM,I,15,309.91
2025-12-05,10:33:38.214372624,T,IBM,I,5,309.95
2025-12-05,10:33:38.214372624,T,IBM,I,2,309.97
2025-12-05,10:33:38.214396679,T,IBM,I,15,310.0
2025-12-05,10:33:39.301045815,T,IBM,F,40,310.01
2025-12-05,10:33:39.301045815,T,IBM,F I,35,310.01
2025-12-05,10:33:39.301313177,T,IBM,F I,5,310.01
