DATE,TIME_M,EX,SYM_ROOT,TR_SCOND,SIZE,PRICE
2025-10-06,9:30:00.193315743,T,IBM,FTI,4,288.5
2025-10-06,9:30:00.193315743,T,IBM,FT,100,288.5
2025-10-06,9:30:00.193318811,T,IBM,FTI,10,288.5
2025-10-06,9:30:02.648177416,T,IBM,I,5,288.59
2025-10-06,9:30:02.648179859,T,IBM,I,4,288.59
2025-10-06,9:30:02.648191903,T,IBM,Q,5,288.59
2025-10-06,9:30:02.648757208,T,IBM,I,5,288.6
2025-10-06,9:30:02.658407253,T,IBM,I,5,288.61
2025-10-06,9:30:03.221885638,T,IBM,F I,9,288.55
2025-10-06,9:30:03.221885638,T,IBM,F I,10,288.5
2025-10-06,9:30:03.221889121,T,IBM,F,100,288.5
2025-10-06,9:30:03.222517224,T,IBM,,100,288.455
2025-10-06,9:30:03.251485181,T,IBM,F I,30,288.37
2025-10-06,9:30:03.263119882,T,IBM,I,5,288.34
2025-10-06,9:30:03.263122917,T,IBM,I,5,288.34
2025-10-06,9:30:08.914467424,T,IBM,I,5,288.27
2025-10-06,9:30:10.008089979,T,IBM,F I,1,288.22
2025-10-06,9:30:10.008246385,T,IBM,F I,1,288.01
2025-10-06,9:30:10.008282738,T,IBM,F I,1,288.0
2025-10-06,9:30:10.008285428,T,IBM,F I,1,288.0
2025-10-06,9:30:10.009265907,T,IBM,F I,1,287.75
2025-10-06,9:30:10.009322919,T,IBM,F I,68,287.75
2025-10-06,9:30:10.009365057,T,IBM,F I,32,287.75
2025-10-06,9:30:10.013866768,T,IBM,F I,5,287.89
2025-10-06,9:30:10.026376926,T,IBM,I,5,287.86
2025-10-06,9:30:10.026376926,T,IBM,I,5,287.86
2025-10-06,9:30:10.026379653,T,IBM,I,3,287.9
2025-10-06,9:30:10.026379653,T,IBM,I,5,287.91
2025-10-06,9:30:10.026382455,T,IBM,I,32,287.92
2025-10-06,9:30:10.026385687,T,IBM,I,4,287.92
2025-10-06,9:30:10.026389053,T,IBM,I,40,287.93
2025-10-06,9:30:10.026389053,T,IBM,I,5,287.985
2025-10-06,9:30:10.026392210,T,IBM,I,1,287.985
2025-10-06,9:30:10.026830554,T,IBM,F I,1,287.73
2025-10-06,9:30:10.027396158,T,IBM,I,44,287.8
2025-10-06,9:30:10.772978969,T,IBM,I,1,287.98
2025-10-06,9:30:10.904190340,T,IBM,,100,288.08
2025-10-06,9:30:10.904196349,T,IBM,I,5,288.08
2025-10-06,9:30:10.904199383,T,IBM,I,5,288.08
2025-10-06,9:30:10.904199383,T,IBM,I,90,288.08
2025-10-06,9:30:12.041266607,T,IBM,F I,5,288.32
2025-10-06,9:30:12.041266607,T,IBM,F I,5,288.31
2025-10-06,9:30:12.041269504,T,IBM,F I,5,288.3
2025-10-06,9:30:12.041269504,T,IBM,F I,5,288.3
2025-10-06,9:30:12.041272157,T,IBM,F I,5,288.28
2025-10-06,9:30:12.965808144,T,IBM,F I,5,288.2
2025-10-06,9:30:13.031463432,T,IBM,I,4,288.29
2025-10-06,9:30:13.034440551,T,IBM,I,1,288.32
2025-10-06,9:30:13.034449587,T,IBM,I,1,288.32
2025-10-06,9:30:16.049941280,T,IBM,I,3,288.37
2025-10-06,9:30:19.214624245,T,IBM,F I,5,288.21
2025-10-06,9:30:20.845352351,T,IBM,F I,5,288.13
2025-10-06,9:30:20.845412487,T,IBM,F,100,288.12
2025-10-06,9:30:20.845445582,T,IBM,F,100,288.09
2025-10-06,9:30:39.418116292,T,IBM,I,32,288.48
2025-10-06,9:30:39.418116292,T,IBM,I,3,288.49
2025-10-06,9:30:39.418137368,T,IBM,I,65,288.49
2025-10-06,9:30:39.418326881,T,IBM,F I,20,288.53
2025-10-06,9:30:39.955733215,T,IBM,F I,1,288.54
2025-10-06,9:30:40.447957070,T,IBM,F I,6,288.67
2025-10-06,9:30:40.448308894,T,IBM,F,100,288.7
2025-10-06,9:30:40.459435406,T,IBM,I,5,288.73
2025-10-06,9:30:40.459435406,T,IBM,I,5,288.71
2025-10-06,9:30:40.459438542,T,IBM,I,5,288.7
2025-10-06,9:30:40.459438542,T,IBM,I,5,288.69
2025-10-06,9:30:40.459441362,T,IBM,I,80,288.67
2025-10-06,9:30:40.459468561,T,IBM,F I,5,288.67
2025-10-06,9:30:40.459519538,T,IBM,F,100,288.64
2025-10-06,9:30:57.942750660,T,IBM,F I,5,288.43
2025-10-06,9:30:57.942831818,T,IBM,F I,5,288.45
2025-10-06,9:30:57.942834860,T,IBM,F I,5,288.45
2025-10-06,9:30:57.943129561,T,IBM,F I,5,288.49
2025-10-06,9:30:59.505829738,T,IBM,F I,5,288.49
2025-10-06,9:31:16.201404676,T,IBM,F,100,288.31
2025-10-06,9:31:20.925964113,T,IBM,F,100,288.24
2025-10-06,9:32:06.776612772,T,IBM,F I,20,288.66
2025-10-06,9:32:14.779949835,T,IBM,I,5,288.73
2025-10-06,9:32:14.787377464,T,IBM,I,5,288.74
2025-10-06,9:32:14.787404631,T,IBM,F I,20,288.74
2025-10-06,9:32:14.787407515,T,IBM,F,180,288.75
2025-10-06,9:32:14.787428768,T,IBM,F I,20,288.75
2025-10-06,9:32:14.788294697,T,IBM,F,100,288.85
2025-10-06,9:32:14.792570860,T,IBM,F I,5,288.77
2025-10-06,9:32:14.792570860,T,IBM,F I,4,288.77
2025-10-06,9:32:14.792604388,T,IBM,I,28,288.77
2025-10-06,9:32:14.792606892,T,IBM,I,9,288.76
2025-10-06,9:32:14.792991871,T,IBM,F,195,288.75
2025-10-06,9:32:14.793130215,T,IBM,I,24,288.81
2025-10-06,9:32:14.804960327,T,IBM,,100,288.63
2025-10-06,9:32:15.806843554,T,IBM,I,1,288.69
2025-10-06,9:32:26.385481335,T,IBM,,100,288.51
2025-10-06,9:32:26.385485000,T,IBM,,100,288.51
2025-10-06,9:32:26.385487432,T,IBM,,100,288.5
2025-10-06,9:32:26.385487432,T,IBM,I,11,288.5
2025-10-06,9:32:26.385517434,T,IBM,I,39,288.5
2025-10-06,9:32:26.385520485,T,IBM,I,14,288.5
2025-10-06,9:32:26.385542020,T,IBM,I,1,288.5
2025-10-06,9:32:26.385544526,T,IBM,F I,16,288.5
2025-10-06,9:32:26.390220663,T,IBM,F,100,288.63
2025-10-06,9:32:26.549191145,T,IBM,F I,5,288.69
2025-10-06,9:32:26.549509831,T,IBM,F,100,288.76
2025-10-06,9:32:27.538919319,T,IBM,F,100,288.88
2025-10-06,9:32:27.538997446,T,IBM,F,100,288.93
2025-10-06,9:32:30.966837105,T,IBM,F,100,288.97
2025-10-06,9:32:30.966837105,T,IBM,F I,5,288.97
2025-10-06,9:32:30.966864935,T,IBM,F I,32,288.99
2025-10-06,9:32:30.966870444,T,IBM,F,100,289.0
2025-10-06,9:32:30.966872932,T,IBM,F I,8,289.0
2025-10-06,9:32:30.966888015,T,IBM,F I,61,289.0
2025-10-06,9:32:30.966890976,T,IBM,F I,31,289.0
2025-10-06,9:32:32.195895892,T,IBM,I,28,288.87
2025-10-06,9:32:32.196070271,T,IBM,,100,288.86
2025-10-06,9:32:37.054734201,T,IBM,I,9,288.85
2025-10-06,9:32:37.054734201,T,IBM,I,50,288.85
2025-10-06,9:32:37.055554850,T,IBM,F I,30,288.85
2025-10-06,9:32:37.055603048,T,IBM,I,50,288.85
2025-10-06,9:32:38.055335999,T,IBM,I,25,288.74
2025-10-06,9:32:38.055363027,T,IBM,F I,75,288.74
2025-10-06,9:32:48.007642641,T,IBM,F,100,288.68
2025-10-06,9:32:48.007916265,T,IBM,F,100,288.635
2025-10-06,9:32:48.007919252,T,IBM,F I,50,288.63
2025-10-06,9:32:48.060568631,T,IBM,I,5,288.7
2025-10-06,9:32:48.060568631,T,IBM,,100,288.73
2025-10-06,9:32:48.060571617,T,IBM,I,95,288.73
2025-10-06,9:32:48.109747719,T,IBM,I,1,288.76
2025-10-06,9:32:48.110024266,T,IBM,F,199,288.76
2025-10-06,9:32:48.110072471,T,IBM,F,100,288.76
2025-10-06,9:32:48.148119501,T,IBM,F,100,288.73
2025-10-06,9:32:48.148122005,T,IBM,F I,50,288.73
2025-10-06,9:33:04.660849462,T,IBM,F I,48,288.57
2025-10-06,9:33:04.661165215,T,IBM,F,100,288.51
2025-10-06,9:33:04.661183349,T,IBM,F I,9,288.5
2025-10-06,9:33:04.661187091,T,IBM,F I,91,288.5
2025-10-06,9:33:04.661240413,T,IBM,I,40,288.51
2025-10-06,9:33:04.661240413,T,IBM,I,60,288.51
2025-10-06,9:33:13.547361890,T,IBM,I,5,288.54
2025-10-06,9:33:13.547364966,T,IBM,I,5,288.54
2025-10-06,9:33:13.547364966,T,IBM,I,90,288.55
2025-10-06,9:33:13.547599526,T,IBM,,100,288.56
2025-10-06,9:33:18.120965090,T,IBM,I,1,288.51
2025-10-06,9:33:27.810662763,T,IBM,I,4,288.49
2025-10-06,9:33:36.553115061,T,IBM,F I,94,288.36
2025-10-06,9:33:37.132528098,T,IBM,I,5,288.5
2025-10-06,9:33:39.005813582,T,IBM,F I,2,288.56
2025-10-06,9:33:39.005861790,T,IBM,F,100,288.6
2025-10-06,9:33:39.040429106,T,IBM,I,20,288.7
2025-10-06,9:33:39.040432024,T,IBM,,100,288.71
2025-10-06,9:33:39.040435062,T,IBM,I,80,288.71
2025-10-06,9:33:39.040435062,T,IBM,F I,20,288.71
2025-10-06,9:33:39.040528284,T,IBM,F I,6,288.76
2025-10-06,9:33:39.401624940,T,IBM,F,150,288.79
2025-10-06,9:33:39.401664006,T,IBM,F I,50,288.79
2025-10-06,9:33:54.300945815,T,IBM,I,4,288.96
2025-10-06,9:33:54.300945815,T,IBM,I,51,288.96
2025-10-06,9:34:01.185914442,T,IBM,F I,80,288.98
2025-10-06,9:34:01.185932912,T,IBM,I,4,288.98
2025-10-06,9:34:01.185932912,T,IBM,F I,16,288.98
2025-10-06,9:34:01.186390273,T,IBM,F I,4,289.06
2025-10-06,9:34:01.187066202,T,IBM,F I,1,289.2
2025-10-06,9:34:01.203422866,T,IBM,I,32,289.13
2025-10-06,9:34:01.203422866,T,IBM,I,1,289.12
2025-10-06,9:34:01.203425134,T,IBM,,100,289.12
2025-10-06,9:34:01.203428280,T,IBM,I,18,289.12
2025-10-06,9:34:01.203446241,T,IBM,F I,32,289.12
2025-10-06,9:34:09.329992876,T,IBM,I,1,288.79
2025-10-06,9:34:09.329995739,T,IBM,F I,60,288.785
2025-10-06,9:34:22.670207384,T,IBM,F I,2,288.75
2025-10-06,9:34:22.670207384,T,IBM,F I,3,288.75
2025-10-06,9:34:22.670207384,T,IBM,F I,44,288.75
2025-10-06,9:34:22.670210518,T,IBM,F I,50,288.75
2025-10-06,9:34:22.678576100,T,IBM,,100,288.685
2025-10-06,9:34:22.979099536,T,IBM,F,100,288.685
2025-10-06,9:34:25.697706583,T,IBM,F,100,288.59
2025-10-06,9:34:29.139009141,T,IBM,F I,5,288.43
2025-10-06,9:34:32.776435572,T,IBM,I,1,288.49
2025-10-06,9:34:44.933973281,T,IBM,F I,5,288.68
2025-10-06,9:34:44.934045411,T,IBM,F,100,288.7
2025-10-06,9:34:44.934625790,T,IBM,F I,39,288.73
2025-10-06,9:34:44.934646859,T,IBM,I,7,288.73
2025-10-06,9:34:44.934659152,T,IBM,I,11,288.73
2025-10-06,9:34:44.934661924,T,IBM,I,4,288.73
2025-10-06,9:34:44.945183884,T,IBM,I,5,288.68
2025-10-06,9:34:49.915091344,T,IBM,I,3,288.74
2025-10-06,9:34:49.915704857,T,IBM,I,3,288.74
2025-10-06,9:34:49.916192015,T,IBM,F I,3,288.74
2025-10-06,9:34:49.916219055,T,IBM,I,3,288.74
2025-10-06,9:34:49.916342328,T,IBM,I,3,288.74
2025-10-06,9:34:49.916676173,T,IBM,I,3,288.74
2025-10-06,9:34:49.916706181,T,IBM,I,3,288.74
2025-10-06,9:34:49.916757329,T,IBM,I,3,288.74
2025-10-06,9:34:49.917000880,T,IBM,I,3,288.74
2025-10-06,9:34:49.978524432,T,IBM,I,3,288.74
2025-10-06,9:34:49.986589634,T,IBM,I,3,288.74
2025-10-06,9:34:49.987389491,T,IBM,I,3,288.74
2025-10-06,9:34:49.988781811,T,IBM,I,3,288.74
2025-10-06,9:34:50.010625805,T,IBM,I,3,288.74
2025-10-06,9:34:50.010938600,T,IBM,I,3,288.75
2025-10-06,9:34:50.011034817,T,IBM,F I,58,288.76
2025-10-06,9:34:56.004281325,T,IBM,F I,5,288.72
2025-10-06,9:35:00.158908915,T,IBM,I,1,288.79
2025-10-06,9:35:00.158912136,T,IBM,I,2,288.76
2025-10-06,9:35:00.158912136,T,IBM,I,5,288.71
2025-10-06,9:35:00.158914982,T,IBM,I,9,288.7
2025-10-06,9:35:00.377066344,T,IBM,F I,2,288.84
2025-10-06,9:35:00.377066344,T,IBM,F I,2,288.86
2025-10-06,9:35:01.672523227,T,IBM,F,100,288.93
2025-10-06,9:35:05.793275289,T,IBM,F I,2,288.94
2025-10-06,9:35:08.714814556,T,IBM,F I,13,288.9
2025-10-06,9:35:09.003907801,T,IBM,F,100,288.81
2025-10-06,9:35:09.004271607,T,IBM,F,100,288.8
2025-10-06,9:35:09.004340732,T,IBM,I,3,288.76
2025-10-06,9:35:09.004388934,T,IBM,F,100,288.76
2025-10-06,9:35:09.004551513,T,IBM,F I,3,288.76
2025-10-06,9:35:09.004557339,T,IBM,F I,1,288.72
2025-10-06,9:35:09.004566369,T,IBM,F I,24,288.76
2025-10-06,9:35:09.004575325,T,IBM,F I,12,288.76
2025-10-06,9:35:09.004590423,T,IBM,F I,24,288.76
2025-10-06,9:35:09.004605440,T,IBM,F I,3,288.76
2025-10-06,9:35:09.004611402,T,IBM,I,73,288.76
2025-10-06,9:35:09.004773763,T,IBM,I,3,288.78
2025-10-06,9:35:09.004824919,T,IBM,I,2,288.78
2025-10-06,9:35:09.004827971,T,IBM,I,1,288.76
2025-10-06,9:35:09.004849016,T,IBM,I,1,288.76
2025-10-06,9:35:09.004867037,T,IBM,I,1,288.76
2025-10-06,9:35:09.004951254,T,IBM,F I,34,288.76
2025-10-06,9:35:09.008956826,T,IBM,F I,1,288.77
2025-10-06,9:35:10.004569965,T,IBM,I,3,288.76
2025-10-06,9:35:13.214149935,T,IBM,F I,2,288.87
2025-10-06,9:35:15.424252552,T,IBM,I,2,288.94
2025-10-06,9:35:15.424252552,T,IBM,I,98,288.95
2025-10-06,9:35:15.424273559,T,IBM,I,2,288.95
2025-10-06,9:35:32.360454806,T,IBM,F I,2,288.88
2025-10-06,9:35:32.360460790,T,IBM,F I,15,288.85
2025-10-06,9:35:32.510400709,T,IBM,I,1,288.79
2025-10-06,9:35:32.582031306,T,IBM,I,55,288.79
2025-10-06,9:35:35.910538309,T,IBM,F I,1,288.86
2025-10-06,9:35:39.382823575,T,IBM,I,1,288.85
2025-10-06,9:35:39.382829547,T,IBM,I,19,288.84
2025-10-06,9:35:39.383446065,T,IBM,F I,2,288.78
2025-10-06,9:35:39.383500142,T,IBM,F I,22,288.76
2025-10-06,9:35:39.383539237,T,IBM,F I,50,288.76
2025-10-06,9:35:39.383548285,T,IBM,F I,3,288.73
2025-10-06,9:35:46.784557571,T,IBM,F I,5,288.59
2025-10-06,9:35:46.784560627,T,IBM,F I,13,288.58
2025-10-06,9:35:46.988370792,T,IBM,F,100,288.515
2025-10-06,9:35:54.097349122,T,IBM,F,100,288.67
2025-10-06,9:36:00.477000705,T,IBM,F,100,288.63
2025-10-06,9:36:00.477018792,T,IBM,F I,6,288.625
2025-10-06,9:36:00.477030835,T,IBM,I,6,288.625
2025-10-06,9:36:00.477051892,T,IBM,F I,6,288.625
2025-10-06,9:36:00.477466890,T,IBM,I,6,288.62
2025-10-06,9:36:10.080450193,T,IBM,F I,1,288.5
2025-10-06,9:36:20.145056646,T,IBM,F I,26,288.27
2025-10-06,9:36:20.145056646,T,IBM,F I,74,288.29
2025-10-06,9:36:29.517784677,T,IBM,,100,288.41
2025-10-06,9:36:29.517808680,T,IBM,F I,69,288.42
2025-10-06,9:36:29.517826660,T,IBM,I,31,288.42
2025-10-06,9:36:29.517826660,T,IBM,I,69,288.42
2025-10-06,9:36:29.517832737,T,IBM,F I,31,288.42
2025-10-06,9:36:29.517859854,T,IBM,F I,14,288.43
2025-10-06,9:36:29.517883845,T,IBM,I,29,288.38
2025-10-06,9:36:29.517916923,T,IBM,I,29,288.35
2025-10-06,9:36:29.517956079,T,IBM,F I,12,288.43
2025-10-06,9:36:29.518040206,T,IBM,F I,3,288.34
2025-10-06,9:36:29.518094308,T,IBM,F I,3,288.43
2025-10-06,9:36:29.518389106,T,IBM,F I,54,288.42
2025-10-06,9:36:29.518413137,T,IBM,I,1,288.42
2025-10-06,9:36:29.519567919,T,IBM,I,1,288.41
2025-10-06,9:36:29.522139246,T,IBM,I,23,288.42
2025-10-06,9:36:31.156406530,T,IBM,F I,2,288.36
2025-10-06,9:36:43.011583208,T,IBM,I,1,288.21
2025-10-06,9:36:43.011643312,T,IBM,I,3,288.16
2025-10-06,9:37:02.936113869,T,IBM,,100,288.13
2025-10-06,9:37:09.917007892,T,IBM,F I,1,288.11
2025-10-06,9:37:13.239506644,T,IBM,I,2,288.06
2025-10-06,9:37:13.239512654,T,IBM,I,2,288.04
2025-10-06,9:37:13.239512654,T,IBM,I,2,288.02
2025-10-06,9:37:13.239533667,T,IBM,F I,6,287.99
2025-10-06,9:37:15.052041605,T,IBM,F I,5,288.09
2025-10-06,9:37:15.052116831,T,IBM,F I,32,288.12
2025-10-06,9:37:15.052643103,T,IBM,F I,4,288.15
2025-10-06,9:37:26.262111095,T,IBM,F I,2,288.34
2025-10-06,9:37:28.078564435,T,IBM,F,100,288.41
2025-10-06,9:37:46.362220434,T,IBM,F,100,288.425
2025-10-06,9:37:46.362220434,T,IBM,F I,2,288.43
2025-10-06,9:37:47.521600760,T,IBM,I,2,288.34
2025-10-06,9:37:47.521603588,T,IBM,I,43,288.32
2025-10-06,9:37:47.521639573,T,IBM,I,45,288.31
2025-10-06,9:37:47.522493896,T,IBM,F I,9,288.4
2025-10-06,9:37:47.522520665,T,IBM,F I,9,288.4
2025-10-06,9:37:47.522553789,T,IBM,F I,9,288.4
2025-10-06,9:37:47.534588478,T,IBM,F,100,288.41
2025-10-06,9:37:50.634046243,T,IBM,F I,7,288.54
2025-10-06,9:37:50.634055229,T,IBM,I,2,288.54
2025-10-06,9:37:50.634079281,T,IBM,F I,91,288.54
2025-10-06,9:37:50.634088246,T,IBM,F I,2,288.56
2025-10-06,9:37:50.634088246,T,IBM,F I,3,288.58
2025-10-06,9:37:50.634145450,T,IBM,F I,2,288.58
2025-10-06,9:37:50.634876164,T,IBM,F,100,288.56
2025-10-06,9:37:57.877715147,T,IBM,F I,15,288.63
2025-10-06,9:37:57.877717783,T,IBM,F I,10,288.56
2025-10-06,9:37:57.877720849,T,IBM,F I,26,288.56
2025-10-06,9:37:57.877744944,T,IBM,F I,15,288.56
2025-10-06,9:37:57.877744944,T,IBM,F I,15,288.56
2025-10-06,9:38:01.586720707,T,IBM,F,100,288.68
2025-10-06,9:38:06.270049090,T,IBM,F I,33,288.74
2025-10-06,9:38:06.270064171,T,IBM,F I,33,288.74
2025-10-06,9:38:06.270076185,T,IBM,F I,16,288.74
2025-10-06,9:38:06.270088527,T,IBM,F I,18,288.74
2025-10-06,9:38:06.270088527,T,IBM,F I,15,288.75
2025-10-06,9:38:06.270103209,T,IBM,F I,15,288.75
2025-10-06,9:38:06.270106278,T,IBM,F I,3,288.75
2025-10-06,9:38:06.270680642,T,IBM,F,100,288.74
2025-10-06,9:38:22.422393128,T,IBM,F I,54,288.84
2025-10-06,9:38:22.422393128,T,IBM,F I,46,288.84
2025-10-06,9:38:22.422396188,T,IBM,F I,54,288.85
2025-10-06,9:38:22.422420250,T,IBM,I,46,288.85
2025-10-06,9:38:22.422741921,T,IBM,,100,288.86
2025-10-06,9:38:40.383841051,T,IBM,F I,1,288.86
2025-10-06,9:38:41.570114220,T,IBM,F I,3,288.74
2025-10-06,9:38:41.570117239,T,IBM,F I,3,288.74
2025-10-06,9:38:41.570671177,T,IBM,F I,24,288.67
2025-10-06,9:38:41.571323097,T,IBM,F I,1,288.62
2025-10-06,9:38:51.316532915,T,IBM,F,100,288.51
2025-10-06,9:39:02.350460794,T,IBM,F I,32,288.64
2025-10-06,9:39:02.350460794,T,IBM,F I,68,288.64
2025-10-06,9:39:02.350484969,T,IBM,F,100,288.63
2025-10-06,9:39:02.350518323,T,IBM,I,32,288.64
2025-10-06,9:39:02.350521015,T,IBM,I,39,288.65
2025-10-06,9:39:02.350526949,T,IBM,F I,31,288.65
2025-10-06,9:39:02.350526949,T,IBM,F I,1,288.65
2025-10-06,9:39:02.350851788,T,IBM,F,100,288.64
2025-10-06,9:39:02.351759948,T,IBM,,100,288.68
2025-10-06,9:39:03.351005750,T,IBM,F I,2,288.63
2025-10-06,9:39:03.730668783,T,IBM,F I,5,288.49
2025-10-06,9:39:03.730668783,T,IBM,F I,2,288.49
2025-10-06,9:39:07.429859227,T,IBM,F I,1,288.47
2025-10-06,9:39:10.238437629,T,IBM,F I,1,288.42
2025-10-06,9:39:10.564735878,T,IBM,F,100,288.49
2025-10-06,9:39:10.564735878,T,IBM,F I,20,288.49
2025-10-06,9:39:10.564738557,T,IBM,F,153,288.5
2025-10-06,9:39:10.564741427,T,IBM,F I,47,288.5
2025-10-06,9:39:10.564741427,T,IBM,F I,73,288.5
2025-10-06,9:39:10.565072273,T,IBM,F,100,288.49
2025-10-06,9:39:15.702668113,T,IBM,F I,1,288.41
2025-10-06,9:39:15.702668113,T,IBM,F I,11,288.4
2025-10-06,9:39:15.703053046,T,IBM,F I,1,288.3
2025-10-06,9:39:15.703053046,T,IBM,F I,1,288.3
2025-10-06,9:39:15.703215405,T,IBM,F I,18,288.36
2025-10-06,9:39:15.703843928,T,IBM,F I,22,288.27
2025-10-06,9:39:31.238905301,T,IBM,I,10,288.19
2025-10-06,9:39:31.238927074,T,IBM,F I,10,288.19
2025-10-06,9:39:31.238929448,T,IBM,F I,10,288.17
2025-10-06,9:39:37.826186280,T,IBM,F,100,288.1
2025-10-06,9:39:37.826189250,T,IBM,F I,33,288.1
2025-10-06,9:39:37.826210353,T,IBM,F I,67,288.1
2025-10-06,9:39:37.826210353,T,IBM,F I,23,288.09
2025-10-06,9:39:37.826231315,T,IBM,I,1,288.09
2025-10-06,9:39:37.826574142,T,IBM,F,188,288.09
2025-10-06,9:39:37.826577144,T,IBM,F I,14,288.09
2025-10-06,9:39:37.826625335,T,IBM,F,100,288.09
2025-10-06,9:39:41.233116825,T,IBM,F I,1,288.21
2025-10-06,9:39:41.233745375,T,IBM,F I,1,288.21
2025-10-06,9:39:41.233772446,T,IBM,F I,1,288.21
2025-10-06,9:39:41.233775462,T,IBM,F I,97,288.21
2025-10-06,9:39:41.233793441,T,IBM,F I,1,288.25
2025-10-06,9:39:41.234668519,T,IBM,F I,17,288.24
2025-10-06,9:39:52.062702076,T,IBM,F I,1,288.18
2025-10-06,9:40:02.112825749,T,IBM,I,1,288.31
2025-10-06,9:40:02.112858886,T,IBM,F I,1,288.33
2025-10-06,9:40:02.112871708,T,IBM,F I,6,288.34
2025-10-06,9:40:02.814179499,T,IBM,I,1,288.35
2025-10-06,9:40:18.008984052,T,IBM,I,5,288.33
2025-10-06,9:40:26.423042091,T,IBM,F I,2,288.33
2025-10-06,9:40:26.423042091,T,IBM,F I,5,288.33
2025-10-06,9:40:37.261759935,T,IBM,F I,1,288.41
2025-10-06,9:40:37.262896652,T,IBM,F,100,288.42
2025-10-06,9:41:00.099625802,T,IBM,F I,1,288.48
2025-10-06,9:41:00.099628803,T,IBM,F I,1,288.48
2025-10-06,9:41:00.099649854,T,IBM,F I,1,288.48
2025-10-06,9:41:00.099649854,T,IBM,I,2,288.48
2025-10-06,9:41:00.100431675,T,IBM,F I,97,288.48
2025-10-06,9:41:03.855032026,T,IBM,F I,3,288.43
2025-10-06,9:41:03.855035119,T,IBM,F I,30,288.43
2025-10-06,9:41:03.863593409,T,IBM,F,100,288.41
2025-10-06,9:41:03.863812951,T,IBM,F I,3,288.4
2025-10-06,9:41:18.239025192,T,IBM,F I,10,288.54
2025-10-06,9:41:18.239025192,T,IBM,F I,45,288.54
2025-10-06,9:41:18.239085358,T,IBM,I,13,288.54
2025-10-06,9:41:18.239109435,T,IBM,I,52,288.54
2025-10-06,9:41:18.239581500,T,IBM,F I,1,288.54
2025-10-06,9:41:18.240249117,T,IBM,F I,1,288.54
2025-10-06,9:41:18.240742319,T,IBM,I,6,288.54
2025-10-06,9:41:18.299351820,T,IBM,F I,53,288.53
2025-10-06,9:41:18.299370027,T,IBM,F I,22,288.53
2025-10-06,9:41:18.299382111,T,IBM,F I,25,288.53
2025-10-06,9:41:18.299385125,T,IBM,F,100,288.52
2025-10-06,9:41:18.299390981,T,IBM,F I,5,288.52
2025-10-06,9:41:18.299390981,T,IBM,F I,2,288.5
2025-10-06,9:41:18.299390981,T,IBM,F I,68,288.47
2025-10-06,9:41:18.299484157,T,IBM,F I,3,288.44
2025-10-06,9:41:18.299568381,T,IBM,F I,5,288.4
2025-10-06,9:41:18.299586384,T,IBM,F I,5,288.44
2025-10-06,9:41:18.299610497,T,IBM,F I,5,288.44
2025-10-06,9:41:18.299616422,T,IBM,F I,5,288.44
2025-10-06,9:41:18.299655557,T,IBM,I,18,288.44
2025-10-06,9:41:18.299700680,T,IBM,F I,5,288.44
2025-10-06,9:41:18.299724739,T,IBM,F I,33,288.44
2025-10-06,9:41:18.299751814,T,IBM,F I,3,288.44
2025-10-06,9:41:19.239967117,T,IBM,F,100,288.41
2025-10-06,9:41:21.816796484,T,IBM,F I,14,288.47
2025-10-06,9:41:21.935325752,T,IBM,F I,14,288.47
2025-10-06,9:41:21.936029404,T,IBM,F I,13,288.51
2025-10-06,9:41:21.936029404,T,IBM,F I,1,288.51
2025-10-06,9:41:21.936086546,T,IBM,F,100,288.51
2025-10-06,9:41:21.936633858,T,IBM,F I,32,288.37
2025-10-06,9:41:21.936636887,T,IBM,F I,2,288.37
2025-10-06,9:41:21.936639865,T,IBM,F I,67,288.37
2025-10-06,9:41:21.936648963,T,IBM,F I,33,288.37
2025-10-06,9:41:21.936651949,T,IBM,F I,68,288.36
2025-10-06,9:41:21.936670052,T,IBM,F I,32,288.36
2025-10-06,9:41:21.936670052,T,IBM,F I,1,288.36
2025-10-06,9:41:21.936684997,T,IBM,F,100,288.35
2025-10-06,9:41:21.936754183,T,IBM,F,100,288.36
2025-10-06,9:41:21.936760115,T,IBM,,400,288.36
2025-10-06,9:41:21.936781261,T,IBM,F I,1,288.36
2025-10-06,9:41:21.937021769,T,IBM,F I,83,288.37
2025-10-06,9:41:21.937048909,T,IBM,F I,17,288.37
2025-10-06,9:41:21.937121187,T,IBM,F I,11,288.37
2025-10-06,9:41:21.947065742,T,IBM,,100,288.35
2025-10-06,9:41:22.001868132,T,IBM,I,49,288.3
2025-10-06,9:41:22.001949587,T,IBM,,100,288.3
2025-10-06,9:41:22.001952834,T,IBM,,100,288.25
2025-10-06,9:41:22.001952834,T,IBM,I,1,288.25
2025-10-06,9:41:22.002030562,T,IBM,F,100,288.24
2025-10-06,9:41:23.454385991,T,IBM,F I,19,288.22
2025-10-06,9:41:23.807814402,T,IBM,I,4,288.24
2025-10-06,9:41:23.807859507,T,IBM,I,19,288.24
2025-10-06,9:41:24.410833984,T,IBM,F I,19,288.24
2025-10-06,9:41:25.100595020,T,IBM,I,2,288.22
2025-10-06,9:41:25.100595020,T,IBM,I,1,288.24
2025-10-06,9:41:25.143477098,T,IBM,I,19,288.24
2025-10-06,9:41:25.143735713,T,IBM,I,19,288.24
2025-10-06,9:41:25.143780894,T,IBM,I,2,288.25
2025-10-06,9:41:25.143780894,T,IBM,I,2,288.25
2025-10-06,9:41:25.143783814,T,IBM,I,15,288.25
2025-10-06,9:41:26.048963086,T,IBM,F I,2,288.3
2025-10-06,9:41:26.048963086,T,IBM,F I,5,288.3
2025-10-06,9:41:26.048965716,T,IBM,F I,31,288.32
2025-10-06,9:41:27.216967328,T,IBM,F I,74,288.31
2025-10-06,9:41:33.402477004,T,IBM,I,5,288.24
2025-10-06,9:41:33.402479656,T,IBM,I,5,288.23
2025-10-06,9:41:33.402482621,T,IBM,I,2,288.2
2025-10-06,9:41:33.402512722,T,IBM,F,100,288.2
2025-10-06,9:41:33.402539787,T,IBM,F I,63,288.2
2025-10-06,9:41:37.750518671,T,IBM,F I,19,288.24
2025-10-06,9:41:37.750536936,T,IBM,F I,81,288.24
2025-10-06,9:41:37.750536936,T,IBM,F I,5,288.25
2025-10-06,9:41:37.750542766,T,IBM,F I,5,288.26
2025-10-06,9:41:37.750542766,T,IBM,F I,2,288.26
2025-10-06,9:41:37.750545681,T,IBM,F I,90,288.28
2025-10-06,9:41:37.750849455,T,IBM,F I,11,288.31
2025-10-06,9:41:37.750852397,T,IBM,F I,89,288.31
2025-10-06,9:41:37.755042044,T,IBM,F I,19,288.32
2025-10-06,9:41:57.178963693,T,IBM,F I,38,288.35
2025-10-06,9:41:58.175082115,T,IBM,F,100,288.24
2025-10-06,9:42:00.256093201,T,IBM,F I,2,288.2
2025-10-06,9:42:11.394928601,T,IBM,F I,5,288.38
2025-10-06,9:42:14.786366523,T,IBM,F,100,288.44
2025-10-06,9:42:14.786366523,T,IBM,F I,40,288.45
2025-10-06,9:42:14.786427285,T,IBM,I,56,288.45
2025-10-06,9:42:14.786427285,T,IBM,I,2,288.45
2025-10-06,9:42:14.786429509,T,IBM,,100,288.45
2025-10-06,9:42:14.786432512,T,IBM,I,10,288.45
2025-10-06,9:42:14.803110183,T,IBM,F I,1,288.59
2025-10-06,9:42:14.803110183,T,IBM,F I,6,288.6
2025-10-06,9:42:14.803146360,T,IBM,F I,1,288.6
2025-10-06,9:42:14.803206445,T,IBM,I,41,288.54
2025-10-06,9:42:15.786905201,T,IBM,F I,50,288.59
2025-10-06,9:42:15.786926243,T,IBM,I,1,288.59
2025-10-06,9:42:15.803122845,T,IBM,F I,62,288.58
2025-10-06,9:42:19.826388512,T,IBM,F I,62,288.58
2025-10-06,9:42:22.271530499,T,IBM,F I,1,288.62
2025-10-06,9:42:24.595880904,T,IBM,F I,3,288.49
2025-10-06,9:42:24.595914031,T,IBM,I,3,288.49
2025-10-06,9:42:38.157653770,T,IBM,I,3,288.61
2025-10-06,9:42:38.171564854,T,IBM,I,5,288.54
2025-10-06,9:42:38.171832507,T,IBM,F I,14,288.5
2025-10-06,9:42:38.171859554,T,IBM,F I,1,288.49
2025-10-06,9:43:36.833948469,T,IBM,F I,9,288.34
2025-10-06,9:43:44.270352295,T,IBM,F I,12,288.24
2025-10-06,9:43:44.270355128,T,IBM,F I,12,288.24
2025-10-06,9:43:44.270382165,T,IBM,I,12,288.22
2025-10-06,9:43:44.270406202,T,IBM,I,12,288.22
2025-10-06,9:43:44.270800176,T,IBM,F I,8,288.2
2025-10-06,9:43:44.271323415,T,IBM,F I,1,288.16
2025-10-06,9:43:44.271428624,T,IBM,F I,3,288.12
2025-10-06,9:43:44.271461772,T,IBM,F I,3,288.11
2025-10-06,9:43:44.271774430,T,IBM,F I,3,288.08
2025-10-06,9:44:07.475680373,T,IBM,,100,288.17
2025-10-06,9:44:11.340463056,T,IBM,I,1,288.165
2025-10-06,9:44:17.750417753,T,IBM,I,5,288.14
2025-10-06,9:44:22.685637647,T,IBM,F I,1,288.05
2025-10-06,9:44:22.685667966,T,IBM,F I,13,288.04
2025-10-06,9:44:22.685670757,T,IBM,F I,1,288.04
2025-10-06,9:44:22.685703908,T,IBM,F I,2,288.05
2025-10-06,9:44:22.686311343,T,IBM,F I,1,288.0
2025-10-06,9:44:23.812107753,T,IBM,F I,32,288.03
2025-10-06,9:44:23.812110360,T,IBM,F I,20,288.03
2025-10-06,9:44:23.812113376,T,IBM,F I,48,288.04
2025-10-06,9:44:23.812113376,T,IBM,F I,52,288.04
2025-10-06,9:44:23.812799039,T,IBM,F I,5,288.13
2025-10-06,9:44:24.649216134,T,IBM,,100,288.16
2025-10-06,9:44:29.899144744,T,IBM,I,5,288.1
2025-10-06,9:44:29.899147275,T,IBM,I,5,288.09
2025-10-06,9:44:29.899150287,T,IBM,I,90,288.08
2025-10-06,9:44:29.900263006,T,IBM,F I,2,288.15
2025-10-06,9:44:29.901044789,T,IBM,F I,5,288.16
2025-10-06,9:44:29.901047804,T,IBM,F I,45,288.2
2025-10-06,9:44:29.901050850,T,IBM,F I,2,288.2
2025-10-06,9:44:29.901050850,T,IBM,F I,48,288.2
2025-10-06,9:44:37.221897820,T,IBM,I,2,288.12
2025-10-06,9:44:37.221900868,T,IBM,I,2,288.07
2025-10-06,9:44:37.221904163,T,IBM,I,40,288.06
2025-10-06,9:44:37.221906979,T,IBM,I,5,288.06
2025-10-06,9:44:37.221906979,T,IBM,I,51,288.06
2025-10-06,9:44:37.221925366,T,IBM,F I,1,288.06
2025-10-06,9:44:37.221976022,T,IBM,F I,1,288.05
2025-10-06,9:44:37.300017878,T,IBM,I,2,288.08
2025-10-06,9:44:55.740370646,T,IBM,F I,5,288.16
2025-10-06,9:45:02.174292169,T,IBM,F,100,288.25
2025-10-06,9:45:03.096206211,T,IBM,F I,2,288.26
2025-10-06,9:45:03.096206211,T,IBM,F I,4,288.33
2025-10-06,9:45:03.096332582,T,IBM,F I,2,288.33
2025-10-06,9:45:03.096335136,T,IBM,F I,4,288.34
2025-10-06,9:45:03.096371237,T,IBM,F I,1,288.34
2025-10-06,9:45:03.096726074,T,IBM,F I,1,288.37
2025-10-06,9:45:03.110637213,T,IBM,I,1,288.31
2025-10-06,9:45:04.410240993,T,IBM,F I,1,288.27
2025-10-06,9:45:12.831894309,T,IBM,F I,1,288.22
2025-10-06,9:45:14.364643139,T,IBM,,100,288.175
2025-10-06,9:45:14.364670261,T,IBM,,100,288.175
2025-10-06,9:45:16.355643848,T,IBM,F I,8,288.21
2025-10-06,9:45:16.523121538,T,IBM,F I,2,288.28
2025-10-06,9:45:24.255314986,T,IBM,F,100,288.34
2025-10-06,9:45:24.255317957,T,IBM,F I,50,288.34
2025-10-06,9:45:24.255372176,T,IBM,F I,50,288.34
2025-10-06,9:45:25.368351806,T,IBM,I,5,288.29
2025-10-06,9:45:25.368354677,T,IBM,I,33,288.27
2025-10-06,9:45:25.375478664,T,IBM,,100,288.19
2025-10-06,9:45:41.454980468,T,IBM,F I,2,288.08
2025-10-06,9:45:41.454980468,T,IBM,F I,5,288.1
2025-10-06,9:45:41.454983212,T,IBM,F I,2,288.1
2025-10-06,9:45:49.785649665,T,IBM,I,2,288.14
2025-10-06,9:45:49.785652847,T,IBM,I,5,288.16
2025-10-06,9:45:49.785652847,T,IBM,I,5,288.18
2025-10-06,9:45:49.785656222,T,IBM,I,2,288.18
2025-10-06,9:45:49.785656222,T,IBM,I,45,288.2
2025-10-06,9:45:49.785658722,T,IBM,I,38,288.2
2025-10-06,9:45:55.528806205,T,IBM,F,100,288.22
2025-10-06,9:45:55.528821431,T,IBM,F I,20,288.22
2025-10-06,9:45:55.528824559,T,IBM,F I,80,288.23
2025-10-06,9:45:55.528827295,T,IBM,F I,20,288.23
2025-10-06,9:45:55.528827295,T,IBM,F,100,288.23
2025-10-06,9:46:03.382079966,T,IBM,F I,5,288.49
2025-10-06,9:46:03.382100985,T,IBM,F I,5,288.49
2025-10-06,9:46:03.382107092,T,IBM,F I,1,288.49
2025-10-06,9:46:03.382107092,T,IBM,F I,5,288.49
2025-10-06,9:46:03.382168390,T,IBM,F I,5,288.49
2025-10-06,9:46:03.382236424,T,IBM,F I,5,288.49
2025-10-06,9:46:03.382290701,T,IBM,F I,1,288.49
2025-10-06,9:46:03.383066244,T,IBM,I,5,288.5
2025-10-06,9:46:19.775273096,T,IBM,F I,2,288.51
2025-10-06,9:46:19.775275654,T,IBM,F I,2,288.55
2025-10-06,9:46:19.775278541,T,IBM,F I,1,288.55
2025-10-06,9:46:30.136709899,T,IBM,I,20,288.57
2025-10-06,9:46:30.136709899,T,IBM,I,63,288.58
2025-10-06,9:46:30.136712407,T,IBM,I,1,288.58
2025-10-06,9:46:30.136715193,T,IBM,I,30,288.58
2025-10-06,9:46:30.136715193,T,IBM,F I,20,288.58
2025-10-06,9:46:30.262661016,T,IBM,,100,288.8
2025-10-06,9:46:30.398161257,T,IBM,F I,54,288.84
2025-10-06,9:46:35.451074868,T,IBM,F,100,289.03
2025-10-06,9:46:35.451098994,T,IBM,F I,6,289.04
2025-10-06,9:46:35.451102137,T,IBM,F I,12,289.04
2025-10-06,9:46:35.451102137,T,IBM,F I,61,289.04
2025-10-06,9:46:38.580595162,T,IBM,I,1,289.06
2025-10-06,9:46:38.580694327,T,IBM,I,1,289.06
2025-10-06,9:46:38.581641604,T,IBM,I,1,289.06
2025-10-06,9:46:38.581737874,T,IBM,I,1,289.06
2025-10-06,9:46:38.581918324,T,IBM,I,1,289.06
2025-10-06,9:46:38.582059615,T,IBM,I,1,289.06
2025-10-06,9:46:45.232743498,T,IBM,I,1,289.06
2025-10-06,9:46:45.246350884,T,IBM,I,1,289.06
2025-10-06,9:46:45.249881293,T,IBM,I,1,289.06
2025-10-06,9:46:45.889230354,T,IBM,I,1,289.06
2025-10-06,9:46:48.251311568,T,IBM,I,1,289.06
2025-10-06,9:46:49.073748445,T,IBM,I,1,289.06
2025-10-06,9:46:49.073856781,T,IBM,I,1,289.06
2025-10-06,9:46:49.074650659,T,IBM,I,1,289.06
2025-10-06,9:46:49.074762004,T,IBM,I,1,289.06
2025-10-06,9:46:51.103980671,T,IBM,I,1,289.07
2025-10-06,9:46:56.764452087,T,IBM,F I,5,289.14
2025-10-06,9:46:57.179530277,T,IBM,F I,1,289.21
2025-10-06,9:47:09.683847110,T,IBM,F,100,289.38
2025-10-06,9:47:09.683847110,T,IBM,F I,50,289.38
2025-10-06,9:47:09.707793164,T,IBM,F I,86,289.42
2025-10-06,9:47:09.709299603,T,IBM,I,1,289.47
2025-10-06,9:47:09.745175042,T,IBM,I,34,289.43
2025-10-06,9:47:09.745517880,T,IBM,I,17,289.47
2025-10-06,9:47:27.184546210,T,IBM,F,100,289.56
2025-10-06,9:47:27.186822667,T,IBM,,100,289.56
2025-10-06,9:47:28.079768476,T,IBM,,100,289.65
2025-10-06,9:47:32.475326651,T,IBM,F I,2,289.74
2025-10-06,9:47:38.804839893,T,IBM,I,7,289.86
2025-10-06,9:47:38.804891073,T,IBM,I,7,289.86
2025-10-06,9:47:38.837443467,T,IBM,I,5,289.85
2025-10-06,9:47:38.837446648,T,IBM,I,2,289.84
2025-10-06,9:47:38.837446648,T,IBM,I,5,289.83
2025-10-06,9:47:39.634881851,T,IBM,F,100,289.92
2025-10-06,9:47:39.634920932,T,IBM,F,100,289.93
2025-10-06,9:47:40.650685112,T,IBM,F,100,289.88
2025-10-06,9:47:42.117568230,T,IBM,F I,14,289.87
2025-10-06,9:47:42.117625760,T,IBM,F I,13,289.84
2025-10-06,9:47:42.117634422,T,IBM,I,13,289.84
2025-10-06,9:47:42.117646385,T,IBM,I,13,289.84
2025-10-06,9:47:42.117676427,T,IBM,F I,6,289.84
2025-10-06,9:47:42.117838893,T,IBM,F I,13,289.84
2025-10-06,9:47:42.117856943,T,IBM,F I,55,289.84
2025-10-06,9:47:42.118452470,T,IBM,F,100,289.81
2025-10-06,9:47:43.941494286,T,IBM,F I,2,289.78
2025-10-06,9:47:47.732213651,T,IBM,F I,2,289.82
2025-10-06,9:47:56.894936664,T,IBM,I,1,289.82
2025-10-06,9:47:56.986525641,T,IBM,F,100,289.76
2025-10-06,9:47:56.986525641,T,IBM,F I,50,289.76
2025-10-06,9:47:56.986576862,T,IBM,F I,50,289.76
2025-10-06,9:47:58.752323465,T,IBM,F I,2,289.69
2025-10-06,9:47:58.752341460,T,IBM,I,2,289.69
2025-10-06,9:47:58.753012031,T,IBM,F I,2,289.68
2025-10-06,9:47:58.753015096,T,IBM,F I,11,289.67
2025-10-06,9:47:58.753045158,T,IBM,F I,2,289.67
2025-10-06,9:47:58.753568374,T,IBM,F I,2,289.67
2025-10-06,9:47:58.753574358,T,IBM,F I,11,289.67
2025-10-06,9:47:58.753625533,T,IBM,F I,2,289.67
2025-10-06,9:47:58.753697700,T,IBM,F I,72,289.67
2025-10-06,9:47:58.754127741,T,IBM,F I,2,289.66
2025-10-06,9:47:58.754383313,T,IBM,F I,11,289.67
2025-10-06,9:47:58.754506602,T,IBM,F I,89,289.67
2025-10-06,9:47:58.754936700,T,IBM,F I,11,289.65
2025-10-06,9:48:14.155842552,T,IBM,F,100,289.71
2025-10-06,9:48:19.811027219,T,IBM,F,100,289.62
2025-10-06,9:48:37.561056374,T,IBM,F I,6,290.0
2025-10-06,9:48:37.561059518,T,IBM,F I,2,290.0
2025-10-06,9:48:37.561059518,T,IBM,F I,1,290.0
2025-10-06,9:48:37.561062323,T,IBM,F I,15,290.0
2025-10-06,9:48:37.561065672,T,IBM,F,276,290.0
2025-10-06,9:48:37.561095461,T,IBM,F,224,290.0
2025-10-06,9:48:37.561158603,T,IBM,I,29,289.93
2025-10-06,9:48:37.561183408,T,IBM,I,1,289.94
2025-10-06,9:48:37.561261398,T,IBM,I,23,289.93
2025-10-06,9:48:37.561261398,T,IBM,I,21,289.9
2025-10-06,9:48:37.561264228,T,IBM,,100,289.88
2025-10-06,9:48:37.561267063,T,IBM,I,1,289.87
2025-10-06,9:48:37.561267063,T,IBM,I,25,289.87
2025-10-06,9:48:37.561269945,T,IBM,,100,289.87
2025-10-06,9:48:37.561360084,T,IBM,F I,1,289.87
2025-10-06,9:48:37.561363047,T,IBM,F I,29,289.99
2025-10-06,9:48:37.561429218,T,IBM,F I,1,289.93
2025-10-06,9:48:37.561498424,T,IBM,I,13,289.97
2025-10-06,9:48:37.561516489,T,IBM,I,1,289.93
2025-10-06,9:48:37.561579549,T,IBM,I,7,289.97
2025-10-06,9:48:37.561808125,T,IBM,I,14,289.94
2025-10-06,9:48:37.562097396,T,IBM,I,10,289.93
2025-10-06,9:48:37.563708680,T,IBM,F I,9,290.0
2025-10-06,9:48:37.668595447,T,IBM,I,45,290.09
2025-10-06,9:48:40.864360317,T,IBM,F I,2,290.12
2025-10-06,9:48:40.864360317,T,IBM,F I,2,290.12
2025-10-06,9:48:59.348400865,T,IBM,F I,2,290.04
2025-10-06,9:49:00.744357097,T,IBM,F I,12,290.01
2025-10-06,9:49:00.744360146,T,IBM,F I,91,290.01
2025-10-06,9:49:00.744396250,T,IBM,I,9,290.01
2025-10-06,9:49:00.744399367,T,IBM,F I,21,290.0
2025-10-06,9:49:00.744399367,T,IBM,F I,18,290.0
2025-10-06,9:49:00.744402887,T,IBM,I,1,290.0
2025-10-06,9:49:00.744405958,T,IBM,I,81,290.0
2025-10-06,9:49:00.744408787,T,IBM,I,1,290.0
2025-10-06,9:49:00.744408787,T,IBM,I,1,290.0
2025-10-06,9:49:00.744411307,T,IBM,I,20,290.0
2025-10-06,9:49:13.432041875,T,IBM,F I,2,290.12
2025-10-06,9:49:23.023281798,T,IBM,F I,10,290.18
2025-10-06,9:49:24.403552645,T,IBM,F,100,290.18
2025-10-06,9:49:47.020554276,T,IBM,I,5,290.1
2025-10-06,9:49:50.225244483,T,IBM,F I,3,290.16
2025-10-06,9:50:05.115699972,T,IBM,I,45,290.1
2025-10-06,9:50:05.115718135,T,IBM,F I,50,290.1
2025-10-06,9:50:05.115721334,T,IBM,F I,5,290.09
2025-10-06,9:50:05.120370145,T,IBM,F I,45,290.01
2025-10-06,9:50:05.120400132,T,IBM,I,8,290.01
2025-10-06,9:50:05.120415234,T,IBM,I,8,290.01
2025-10-06,9:50:05.120421245,T,IBM,I,39,290.01
2025-10-06,9:50:05.120436198,T,IBM,F I,8,290.0
2025-10-06,9:50:05.120457518,T,IBM,I,8,290.0
2025-10-06,9:50:05.120502367,T,IBM,F I,13,290.0
2025-10-06,9:50:34.831103642,T,IBM,I,5,290.23
2025-10-06,9:50:34.831106317,T,IBM,I,5,290.23
2025-10-06,9:50:34.831109107,T,IBM,I,45,290.26
2025-10-06,9:50:34.831115487,T,IBM,,100,290.29
2025-10-06,9:50:34.831115487,T,IBM,,100,290.3
2025-10-06,9:50:34.831118999,T,IBM,,100,290.32
2025-10-06,9:50:34.831122472,T,IBM,I,20,290.33
2025-10-06,9:50:34.831127539,T,IBM,,100,290.33
2025-10-06,9:50:34.831130207,T,IBM,,100,290.34
2025-10-06,9:50:34.831169404,T,IBM,F I,90,290.34
2025-10-06,9:50:34.831175311,T,IBM,F I,10,290.34
2025-10-06,9:50:34.831220475,T,IBM,I,26,290.23
2025-10-06,9:50:34.831292617,T,IBM,F I,16,290.23
2025-10-06,9:50:34.831391853,T,IBM,I,16,290.22
2025-10-06,9:50:34.831424978,T,IBM,F I,16,290.22
2025-10-06,9:50:34.831650447,T,IBM,I,17,290.22
2025-10-06,9:50:34.831686570,T,IBM,I,17,290.22
2025-10-06,9:50:34.831764767,T,IBM,I,16,290.22
2025-10-06,9:50:34.831900053,T,IBM,I,5,290.3
2025-10-06,9:50:34.831927138,T,IBM,F I,9,290.34
2025-10-06,9:50:34.831951211,T,IBM,I,9,290.34
2025-10-06,9:50:34.831954122,T,IBM,F I,7,290.34
2025-10-06,9:50:34.831960180,T,IBM,I,16,290.28
2025-10-06,9:50:34.832179683,T,IBM,I,5,290.33
2025-10-06,9:50:34.846538864,T,IBM,I,5,290.33
2025-10-06,9:50:34.846541953,T,IBM,I,5,290.33
2025-10-06,9:50:34.846544887,T,IBM,F I,5,290.33
2025-10-06,9:50:34.846557503,T,IBM,F I,9,290.33
2025-10-06,9:50:34.846557503,T,IBM,F I,5,290.34
2025-10-06,9:50:34.846559942,T,IBM,F I,72,290.37
2025-10-06,9:50:34.846569033,T,IBM,F I,14,290.37
2025-10-06,9:50:34.846644161,T,IBM,I,26,290.35
2025-10-06,9:50:34.846656166,T,IBM,I,26,290.35
2025-10-06,9:50:34.846863637,T,IBM,I,26,290.28
2025-10-06,9:50:34.846878738,T,IBM,I,26,290.28
2025-10-06,9:50:34.846900323,T,IBM,F I,26,290.28
2025-10-06,9:50:34.846969589,T,IBM,I,5,290.27
2025-10-06,9:50:34.846975248,T,IBM,I,21,290.27
2025-10-06,9:50:34.846995974,T,IBM,F I,5,290.27
2025-10-06,9:50:34.847131284,T,IBM,F I,2,290.36
2025-10-06,9:50:34.847134300,T,IBM,F I,2,290.36
2025-10-06,9:50:34.847134300,T,IBM,F I,3,290.37
2025-10-06,9:50:34.847164435,T,IBM,I,7,290.29
2025-10-06,9:50:34.847477109,T,IBM,I,3,290.29
2025-10-06,9:50:34.847627448,T,IBM,I,5,290.29
2025-10-06,9:50:34.847630520,T,IBM,I,15,290.29
2025-10-06,9:50:34.847711991,T,IBM,F I,7,290.3
2025-10-06,9:50:34.847714818,T,IBM,F I,2,290.3
2025-10-06,9:50:34.847714818,T,IBM,F I,4,290.3
2025-10-06,9:50:36.857080251,T,IBM,F I,77,290.29
2025-10-06,9:50:50.028748975,T,IBM,F I,5,290.27
2025-10-06,9:50:52.074404999,T,IBM,I,5,290.29
2025-10-06,9:50:52.074422988,T,IBM,I,79,290.28
2025-10-06,9:50:53.357039513,T,IBM,I,5,290.29
2025-10-06,9:50:53.357063524,T,IBM,F I,95,290.28
2025-10-06,9:51:10.124849337,T,IBM,F I,2,290.42
2025-10-06,9:51:10.124852336,T,IBM,F I,12,290.42
2025-10-06,9:51:10.124855338,T,IBM,F I,2,290.42
2025-10-06,9:51:10.124870342,T,IBM,F,200,290.42
2025-10-06,9:51:10.907928479,T,IBM,I,1,290.58
2025-10-06,9:51:10.911470927,T,IBM,I,5,290.6
2025-10-06,9:51:10.911494954,T,IBM,F I,20,290.6
2025-10-06,9:51:12.137074595,T,IBM,I,2,290.6
2025-10-06,9:51:12.137078236,T,IBM,I,2,290.6
2025-10-06,9:51:12.137078236,T,IBM,I,5,290.59
2025-10-06,9:51:12.137083645,T,IBM,I,5,290.59
2025-10-06,9:51:12.137083645,T,IBM,I,86,290.58
2025-10-06,9:51:12.164884831,T,IBM,I,2,290.54
2025-10-06,9:51:12.164884831,T,IBM,I,5,290.53
2025-10-06,9:51:14.366185346,T,IBM,I,7,290.52
2025-10-06,9:51:14.366479993,T,IBM,I,7,290.52
2025-10-06,9:51:14.957627253,T,IBM,F I,2,290.58
2025-10-06,9:51:24.675465929,T,IBM,F I,7,290.5
2025-10-06,9:51:24.675965091,T,IBM,I,7,290.5
2025-10-06,9:51:24.776758983,T,IBM,F I,2,290.56
2025-10-06,9:51:24.776758983,T,IBM,F I,2,290.56
2025-10-06,9:51:24.776762024,T,IBM,F I,5,290.57
2025-10-06,9:51:30.476913076,T,IBM,F,100,290.66
2025-10-06,9:51:31.095275118,T,IBM,F,100,290.69
2025-10-06,9:51:37.000520434,T,IBM,F I,6,290.72
2025-10-06,9:51:37.000520434,T,IBM,F I,6,290.72
2025-10-06,9:51:37.000583606,T,IBM,F I,6,290.72
2025-10-06,9:51:37.126180519,T,IBM,I,1,290.73
2025-10-06,9:51:38.938880953,T,IBM,F,100,290.74
2025-10-06,9:51:38.938880953,T,IBM,F I,20,290.74
2025-10-06,9:51:38.938886986,T,IBM,F,250,290.75
2025-10-06,9:51:38.939130493,T,IBM,I,22,290.68
2025-10-06,9:51:38.939163604,T,IBM,I,22,290.67
2025-10-06,9:51:38.939462395,T,IBM,I,32,290.71
2025-10-06,9:51:38.939462395,T,IBM,I,6,290.7
2025-10-06,9:51:38.939464492,T,IBM,I,4,290.7
2025-10-06,9:51:38.939467311,T,IBM,I,3,290.7
2025-10-06,9:51:38.939533624,T,IBM,I,32,290.71
2025-10-06,9:51:38.939602616,T,IBM,I,32,290.71
2025-10-06,9:51:40.094432968,T,IBM,F I,5,290.81
2025-10-06,9:51:40.094447959,T,IBM,F I,27,290.81
2025-10-06,9:51:40.094454403,T,IBM,F,100,290.81
2025-10-06,9:51:40.094454403,T,IBM,F,100,290.81
2025-10-06,9:51:40.094457340,T,IBM,F I,5,290.82
2025-10-06,9:51:41.655996502,T,IBM,F,100,290.87
2025-10-06,9:51:48.411058941,T,IBM,F I,45,290.8
2025-10-06,9:51:48.411061866,T,IBM,F I,5,290.81
2025-10-06,9:51:48.411061866,T,IBM,F I,50,290.81
2025-10-06,9:51:48.756184353,T,IBM,F I,1,290.79
2025-10-06,9:51:51.622692425,T,IBM,,100,290.72
2025-10-06,9:51:51.622695509,T,IBM,,100,290.67
2025-10-06,9:51:52.623544117,T,IBM,F I,5,290.71
2025-10-06,9:51:52.623547422,T,IBM,F I,2,290.72
2025-10-06,9:51:52.623550394,T,IBM,F I,2,290.74
2025-10-06,9:51:52.623550394,T,IBM,F I,91,290.76
2025-10-06,9:52:01.863969099,T,IBM,I,5,290.75
2025-10-06,9:52:01.863972554,T,IBM,I,5,290.77
2025-10-06,9:52:01.863975146,T,IBM,I,45,290.78
2025-10-06,9:52:01.863975146,T,IBM,I,2,290.8
2025-10-06,9:52:01.863978230,T,IBM,I,1,290.82
2025-10-06,9:52:01.863978230,T,IBM,I,2,290.82
2025-10-06,9:52:01.863981142,T,IBM,I,28,290.83
2025-10-06,9:52:14.662416187,T,IBM,F I,1,290.66
2025-10-06,9:52:14.662432244,T,IBM,I,1,290.65
2025-10-06,9:52:14.662432244,T,IBM,I,15,290.61
2025-10-06,9:52:14.662437188,T,IBM,I,34,290.58
2025-10-06,9:52:14.662804099,T,IBM,F I,33,290.53
2025-10-06,9:52:14.662807359,T,IBM,F I,1,290.53
2025-10-06,9:52:14.662819122,T,IBM,F I,5,290.55
2025-10-06,9:52:14.663017637,T,IBM,I,2,290.47
2025-10-06,9:52:14.663021008,T,IBM,I,1,290.47
2025-10-06,9:52:14.663021008,T,IBM,I,10,290.46
2025-10-06,9:52:14.663023596,T,IBM,I,1,290.46
2025-10-06,9:52:14.663023596,T,IBM,I,1,290.46
2025-10-06,9:52:14.663047684,T,IBM,F I,9,290.45
2025-10-06,9:52:14.663083702,T,IBM,F I,16,290.48
2025-10-06,9:52:14.663429592,T,IBM,F I,1,290.48
2025-10-06,9:52:14.663588986,T,IBM,I,15,290.45
2025-10-06,9:52:14.663591921,T,IBM,I,1,290.45
2025-10-06,9:52:14.663610050,T,IBM,I,1,290.45
2025-10-06,9:52:14.663949835,T,IBM,F I,1,290.51
2025-10-06,9:52:14.664876231,T,IBM,F I,18,290.45
2025-10-06,9:52:14.664882788,T,IBM,F,100,290.45
2025-10-06,9:52:14.664882788,T,IBM,F I,50,290.44
2025-10-06,9:52:14.664885005,T,IBM,F I,13,290.44
2025-10-06,9:52:14.664894024,T,IBM,F,100,290.43
2025-10-06,9:52:14.664963272,T,IBM,I,10,290.41
2025-10-06,9:52:14.664996296,T,IBM,,100,290.45
2025-10-06,9:52:28.926727296,T,IBM,F,100,290.51
2025-10-06,9:52:35.691174911,T,IBM,F I,1,290.49
2025-10-06,9:52:41.267830710,T,IBM,F I,1,290.51
2025-10-06,9:52:46.302395167,T,IBM,F I,1,290.51
2025-10-06,9:52:46.302398193,T,IBM,F I,19,290.51
2025-10-06,9:52:46.302416150,T,IBM,F I,21,290.51
2025-10-06,9:52:46.302437379,T,IBM,I,1,290.51
2025-10-06,9:52:46.302437379,T,IBM,I,41,290.51
2025-10-06,9:52:46.684235198,T,IBM,F,100,290.535
2025-10-06,9:53:01.656437462,T,IBM,I,16,290.43
2025-10-06,9:53:01.656459207,T,IBM,F I,3,290.43
2025-10-06,9:53:01.656459207,T,IBM,I,16,290.43
2025-10-06,9:53:01.656500648,T,IBM,F I,2,290.43
2025-10-06,9:53:01.656900498,T,IBM,F I,7,290.42
2025-10-06,9:53:17.755425061,T,IBM,F I,5,290.38
2025-10-06,9:53:17.755476232,T,IBM,F,100,290.37
2025-10-06,9:53:31.241669837,T,IBM,F I,2,290.24
2025-10-06,9:53:35.197283872,T,IBM,F I,11,290.18
2025-10-06,9:53:35.197286781,T,IBM,F I,11,290.18
2025-10-06,9:53:35.197289805,T,IBM,F I,9,290.18
2025-10-06,9:53:35.197319849,T,IBM,F I,50,290.17
2025-10-06,9:53:35.197353036,T,IBM,F I,8,290.16
2025-10-06,9:53:37.256126279,T,IBM,F I,5,290.21
2025-10-06,9:54:05.604580290,T,IBM,I,16,290.17
2025-10-06,9:54:05.604811831,T,IBM,F I,20,290.17
2025-10-06,9:54:05.604832825,T,IBM,I,7,290.16
2025-10-06,9:54:08.063452982,T,IBM,F I,5,290.13
2025-10-06,9:54:11.164495281,T,IBM,I,10,290.11
2025-10-06,9:54:11.164495281,T,IBM,I,5,290.11
2025-10-06,9:54:11.165117768,T,IBM,F I,4,290.08
2025-10-06,9:54:11.166122254,T,IBM,F I,20,289.98
2025-10-06,9:54:11.580786197,T,IBM,F,100,289.96
2025-10-06,9:54:11.580786197,T,IBM,,300,290.0
2025-10-06,9:54:11.580794435,T,IBM,I,6,289.95
2025-10-06,9:54:11.580797391,T,IBM,,100,289.99
2025-10-06,9:54:11.580809981,T,IBM,F I,20,289.94
2025-10-06,9:54:11.580812618,T,IBM,F I,1,289.94
2025-10-06,9:54:11.580815736,T,IBM,F I,22,289.94
2025-10-06,9:54:11.580827706,T,IBM,I,30,289.97
2025-10-06,9:54:11.580830428,T,IBM,I,1,289.94
2025-10-06,9:54:11.580864325,T,IBM,F I,50,289.93
2025-10-06,9:54:11.580866525,T,IBM,F I,6,289.93
2025-10-06,9:54:11.580885146,T,IBM,I,3,289.96
2025-10-06,9:54:11.581290660,T,IBM,I,14,289.97
2025-10-06,9:54:11.581296598,T,IBM,I,33,289.97
2025-10-06,9:54:11.581296598,T,IBM,I,5,289.97
2025-10-06,9:54:11.581318001,T,IBM,F I,5,289.97
2025-10-06,9:54:11.581320701,T,IBM,I,14,289.97
2025-10-06,9:54:11.581341770,T,IBM,F I,5,289.97
2025-10-06,9:54:11.581344739,T,IBM,F I,5,289.97
2025-10-06,9:54:11.581351395,T,IBM,F I,76,289.97
2025-10-06,9:54:11.581351395,T,IBM,F I,10,289.97
2025-10-06,9:54:11.581377835,T,IBM,F I,90,289.97
2025-10-06,9:54:11.581390100,T,IBM,I,20,290.01
2025-10-06,9:54:11.581402216,T,IBM,F I,5,289.97
2025-10-06,9:54:11.581453027,T,IBM,I,20,290.03
2025-10-06,9:54:11.581453027,T,IBM,I,1,290.03
2025-10-06,9:54:22.249598586,T,IBM,I,5,290.05
2025-10-06,9:54:22.249601570,T,IBM,I,2,290.06
2025-10-06,9:54:22.249989556,T,IBM,F I,1,290.09
2025-10-06,9:54:40.159897435,T,IBM,,100,290.015
2025-10-06,9:54:40.449216256,T,IBM,F I,2,290.08
2025-10-06,9:54:40.449216256,T,IBM,F I,2,290.08
2025-10-06,9:54:40.449219356,T,IBM,F I,5,290.09
2025-10-06,9:54:40.449222160,T,IBM,F I,5,290.09
2025-10-06,9:54:40.449225243,T,IBM,F,100,290.12
2025-10-06,9:54:40.449225243,T,IBM,F I,36,290.13
2025-10-06,9:54:40.449288402,T,IBM,F I,16,290.2
2025-10-06,9:54:40.449294338,T,IBM,F I,16,290.2
2025-10-06,9:54:40.449303744,T,IBM,F I,1,290.21
2025-10-06,9:54:40.449303744,T,IBM,F I,5,290.21
2025-10-06,9:54:40.449312501,T,IBM,F I,2,290.21
2025-10-06,9:54:40.449315415,T,IBM,F I,5,290.21
2025-10-06,9:54:40.449315415,T,IBM,F I,3,290.21
2025-10-06,9:54:40.449318380,T,IBM,F I,6,290.21
2025-10-06,9:54:40.449333464,T,IBM,I,8,290.21
2025-10-06,9:54:40.449351659,T,IBM,I,15,290.21
2025-10-06,9:54:40.449354626,T,IBM,F I,10,290.21
2025-10-06,9:54:40.449381602,T,IBM,F I,61,290.21
2025-10-06,9:54:40.449513862,T,IBM,F I,5,290.26
2025-10-06,9:54:40.449823642,T,IBM,F I,7,290.32
2025-10-06,9:54:40.449998079,T,IBM,F,150,290.34
2025-10-06,9:54:40.449998079,T,IBM,F I,19,290.34
2025-10-06,9:54:40.450001013,T,IBM,F I,31,290.34
2025-10-06,9:54:40.450088206,T,IBM,F I,14,290.39
2025-10-06,9:54:40.450091285,T,IBM,F I,4,290.39
2025-10-06,9:54:40.450103331,T,IBM,F,174,290.43
2025-10-06,9:54:40.450130533,T,IBM,F I,26,290.43
2025-10-06,9:54:40.450133364,T,IBM,F I,1,290.43
2025-10-06,9:54:40.450822018,T,IBM,F,100,290.42
2025-10-06,9:54:40.450921259,T,IBM,F,100,290.5
2025-10-06,9:54:40.471466144,T,IBM,I,5,290.45
2025-10-06,9:54:40.471469149,T,IBM,I,5,290.45
2025-10-06,9:54:40.471472978,T,IBM,I,5,290.44
2025-10-06,9:54:40.471472978,T,IBM,I,2,290.44
2025-10-06,9:54:40.471475258,T,IBM,I,2,290.44
2025-10-06,9:54:40.471478199,T,IBM,I,81,290.36
2025-10-06,9:54:40.525053738,T,IBM,F,100,290.37
2025-10-06,9:54:40.525059801,T,IBM,F I,5,290.39
2025-10-06,9:54:40.525062697,T,IBM,F I,14,290.41
2025-10-06,9:54:40.525062697,T,IBM,F,100,290.43
2025-10-06,9:54:40.525823556,T,IBM,I,27,290.46
2025-10-06,9:54:40.526040092,T,IBM,I,8,290.46
2025-10-06,9:54:40.526166402,T,IBM,I,2,290.56
2025-10-06,9:54:40.526170043,T,IBM,I,8,290.58
2025-10-06,9:54:40.526170043,T,IBM,I,2,290.58
2025-10-06,9:54:40.526202456,T,IBM,F I,1,290.58
2025-10-06,9:54:40.526205458,T,IBM,F,100,290.58
2025-10-06,9:54:40.526250595,T,IBM,I,13,290.5
2025-10-06,9:54:40.526400968,T,IBM,I,37,290.46
2025-10-06,9:54:40.526416023,T,IBM,I,63,290.455
2025-10-06,9:54:40.526416023,T,IBM,I,36,290.53
2025-10-06,9:54:40.526476083,T,IBM,I,6,290.5
2025-10-06,9:54:40.526482711,T,IBM,F,100,290.55
2025-10-06,9:54:40.526482711,T,IBM,F I,32,290.57
2025-10-06,9:54:40.526485189,T,IBM,F I,5,290.57
2025-10-06,9:54:40.526488935,T,IBM,F I,13,290.58
2025-10-06,9:54:40.526488935,T,IBM,F I,3,290.58
2025-10-06,9:54:40.526491150,T,IBM,I,6,290.52
2025-10-06,9:54:40.526495001,T,IBM,I,6,290.52
2025-10-06,9:54:40.526495001,T,IBM,F I,6,290.52
2025-10-06,9:54:40.526500287,T,IBM,I,6,290.52
2025-10-06,9:54:40.526500287,T,IBM,F I,6,290.52
2025-10-06,9:54:40.526500287,T,IBM,I,15,290.52
2025-10-06,9:54:40.526515771,T,IBM,I,4,290.5
2025-10-06,9:54:40.526515771,T,IBM,I,9,290.5
2025-10-06,9:54:40.526530274,T,IBM,F I,22,290.5
2025-10-06,9:54:40.526530274,T,IBM,F I,13,290.5
2025-10-06,9:54:40.526533264,T,IBM,F I,12,290.5
2025-10-06,9:54:40.526536205,T,IBM,F I,8,290.5
2025-10-06,9:54:40.526548331,T,IBM,F I,67,290.5
2025-10-06,9:54:40.526548331,T,IBM,F I,98,290.5
2025-10-06,9:54:40.526560299,T,IBM,F I,55,290.5
2025-10-06,9:54:40.526632483,T,IBM,F,200,290.5
2025-10-06,9:54:40.526666121,T,IBM,I,45,290.5
2025-10-06,9:54:40.526668624,T,IBM,I,54,290.5
2025-10-06,9:54:40.526708187,T,IBM,F I,31,290.5
2025-10-06,9:54:40.526708187,T,IBM,F I,4,290.5
2025-10-06,9:54:40.526755768,T,IBM,I,12,290.5
2025-10-06,9:54:40.526758775,T,IBM,I,5,290.57
2025-10-06,9:54:40.526764749,T,IBM,I,27,290.57
2025-10-06,9:54:40.526767807,T,IBM,I,20,290.57
2025-10-06,9:54:40.526770779,T,IBM,I,53,290.57
2025-10-06,9:54:40.527239969,T,IBM,I,6,290.46
2025-10-06,9:54:40.527242932,T,IBM,I,1,290.46
2025-10-06,9:54:40.527261313,T,IBM,I,7,290.46
2025-10-06,9:54:40.527264087,T,IBM,I,37,290.46
2025-10-06,9:54:40.527306136,T,IBM,F I,63,290.46
2025-10-06,9:54:40.527766242,T,IBM,I,5,290.475
2025-10-06,9:54:40.528247347,T,IBM,I,21,290.52
2025-10-06,9:54:40.528332054,T,IBM,I,8,290.52
2025-10-06,9:54:40.528332054,T,IBM,I,4,290.51
2025-10-06,9:54:40.528671356,T,IBM,F I,16,290.51
2025-10-06,9:54:40.528689385,T,IBM,I,13,290.58
2025-10-06,9:54:40.528722398,T,IBM,F I,13,290.55
2025-10-06,9:54:40.530884883,T,IBM,I,2,290.62
2025-10-06,9:54:40.530884883,T,IBM,I,1,290.67
2025-10-06,9:54:40.530887562,T,IBM,I,98,290.67
2025-10-06,9:54:40.530905647,T,IBM,I,1,290.67
2025-10-06,9:54:40.530977817,T,IBM,I,1,290.67
2025-10-06,9:54:40.531083031,T,IBM,I,13,290.59
2025-10-06,9:54:40.531092568,T,IBM,I,17,290.59
2025-10-06,9:54:40.531161288,T,IBM,I,1,290.64
2025-10-06,9:54:40.531182330,T,IBM,I,1,290.63
2025-10-06,9:54:40.531194299,T,IBM,I,7,290.63
2025-10-06,9:54:40.531230491,T,IBM,I,8,290.57
2025-10-06,9:54:40.531281522,T,IBM,F I,16,290.57
2025-10-06,9:54:40.531353663,T,IBM,I,16,290.63
2025-10-06,9:54:40.533434641,T,IBM,F I,1,290.62
2025-10-06,9:54:40.533476797,T,IBM,F I,1,290.63
2025-10-06,9:54:40.533518859,T,IBM,F I,1,290.63
2025-10-06,9:54:42.809884109,T,IBM,F,100,290.62
2025-10-06,9:54:47.654230644,T,IBM,I,1,290.58
2025-10-06,9:54:52.829010630,T,IBM,F I,45,290.69
2025-10-06,9:54:52.829015944,T,IBM,F I,20,290.7
2025-10-06,9:54:52.829018981,T,IBM,F I,35,290.7
2025-10-06,9:54:52.829036993,T,IBM,F I,65,290.7
2025-10-06,9:54:52.829040922,T,IBM,F,138,290.71
2025-10-06,9:54:52.829040922,T,IBM,F I,62,290.71
2025-10-06,9:54:52.829046001,T,IBM,F I,3,290.71
2025-10-06,9:54:52.829406934,T,IBM,I,43,290.68
2025-10-06,9:54:52.829756405,T,IBM,I,8,290.66
2025-10-06,9:54:52.829924596,T,IBM,I,18,290.64
2025-10-06,9:54:52.830026357,T,IBM,F I,6,290.68
2025-10-06,9:54:52.830038600,T,IBM,I,6,290.71
2025-10-06,9:54:52.830053490,T,IBM,I,6,290.71
2025-10-06,9:54:52.830384348,T,IBM,I,32,290.72
2025-10-06,9:54:52.830408247,T,IBM,I,7,290.72
2025-10-06,9:54:52.830408247,T,IBM,I,6,290.72
2025-10-06,9:54:52.830534558,T,IBM,F I,96,290.67
2025-10-06,9:54:52.830579738,T,IBM,I,27,290.6
2025-10-06,9:54:52.830601269,T,IBM,I,1,290.62
2025-10-06,9:54:52.834110482,T,IBM,F I,1,290.72
2025-10-06,9:54:52.834113097,T,IBM,F I,1,290.72
2025-10-06,9:54:52.834170269,T,IBM,F I,1,290.75
2025-10-06,9:54:54.818261278,T,IBM,,100,290.7
2025-10-06,9:54:54.818261278,T,IBM,I,5,290.69
2025-10-06,9:54:54.818263741,T,IBM,I,2,290.68
2025-10-06,9:54:54.818263741,T,IBM,I,25,290.675
2025-10-06,9:54:54.818266567,T,IBM,I,68,290.675
2025-10-06,9:54:54.818834981,T,IBM,F I,50,290.64
2025-10-06,9:54:54.819526652,T,IBM,F I,5,290.61
2025-10-06,9:54:54.819667899,T,IBM,F I,25,290.57
2025-10-06,9:54:54.819670982,T,IBM,F I,30,290.57
2025-10-06,9:54:54.819713033,T,IBM,F,100,290.55
2025-10-06,9:54:54.819713033,T,IBM,F I,50,290.55
2025-10-06,9:54:54.819734185,T,IBM,F I,25,290.55
2025-10-06,9:54:57.849961644,T,IBM,F I,20,290.48
2025-10-06,9:54:57.849963942,T,IBM,F I,25,290.48
2025-10-06,9:54:57.850018146,T,IBM,F,100,290.46
2025-10-06,9:54:57.850039091,T,IBM,F I,50,290.45
2025-10-06,9:54:57.850063584,T,IBM,F I,12,290.45
2025-10-06,9:54:57.850066491,T,IBM,I,1,290.45
2025-10-06,9:54:57.850066491,T,IBM,I,7,290.45
2025-10-06,9:54:57.850075205,T,IBM,F I,11,290.44
2025-10-06,9:54:57.851127745,T,IBM,F,100,290.41
2025-10-06,9:54:57.853789661,T,IBM,I,38,290.35
2025-10-06,9:55:00.240183385,T,IBM,I,10,290.27
2025-10-06,9:55:00.240210267,T,IBM,F I,10,290.28
2025-10-06,9:55:00.240351745,T,IBM,F I,18,290.24
2025-10-06,9:55:01.239937260,T,IBM,F I,2,290.27
2025-10-06,9:55:01.240018522,T,IBM,F I,2,290.28
2025-10-06,9:55:01.671876588,T,IBM,F I,2,290.31
2025-10-06,9:55:01.673337999,T,IBM,F I,2,290.33
2025-10-06,9:55:10.038818054,T,IBM,I,2,290.31
2025-10-06,9:55:14.054331427,T,IBM,I,1,290.27
2025-10-06,9:55:14.107952174,T,IBM,F I,2,290.22
2025-10-06,9:55:14.107955279,T,IBM,F I,2,290.2
2025-10-06,9:55:14.107955279,T,IBM,F I,2,290.19
2025-10-06,9:55:14.755649016,T,IBM,F I,2,290.27
2025-10-06,9:55:14.755651994,T,IBM,F I,2,290.28
2025-10-06,9:55:18.229982108,T,IBM,F I,2,290.33
2025-10-06,9:55:33.613849539,T,IBM,F I,50,290.19
2025-10-06,9:55:33.613849539,T,IBM,F I,4,290.18
2025-10-06,9:55:33.613852296,T,IBM,F I,51,290.18
2025-10-06,9:55:33.613867372,T,IBM,F I,49,290.18
2025-10-06,9:55:33.613870294,T,IBM,F I,1,290.18
2025-10-06,9:55:33.613873399,T,IBM,F I,20,290.18
2025-10-06,9:55:33.614237223,T,IBM,F I,2,290.12
2025-10-06,9:55:33.616110687,T,IBM,F,100,290.08
2025-10-06,9:55:33.616297105,T,IBM,I,45,290.06
2025-10-06,9:55:33.616300428,T,IBM,I,25,290.07
2025-10-06,9:55:33.616300428,T,IBM,I,30,290.07
2025-10-06,9:55:37.289081559,T,IBM,F I,20,290.0
2025-10-06,9:55:37.289090589,T,IBM,F I,34,289.99
2025-10-06,9:55:37.289100334,T,IBM,I,87,289.99
2025-10-06,9:55:37.289559797,T,IBM,F I,34,289.99
2025-10-06,9:55:50.434819978,T,IBM,F,100,289.99
2025-10-06,9:55:50.434819978,T,IBM,F I,2,289.99
2025-10-06,9:55:50.434825803,T,IBM,F I,12,289.99
2025-10-06,9:55:50.434828807,T,IBM,F,100,289.99
2025-10-06,9:55:50.434837754,T,IBM,F I,20,289.99
2025-10-06,9:55:50.434886542,T,IBM,,100,289.99
2025-10-06,9:55:50.435691824,T,IBM,I,60,290.0
2025-10-06,9:55:50.436551864,T,IBM,I,2,289.94
2025-10-06,9:56:02.769061004,T,IBM,F I,8,289.77
2025-10-06,9:56:02.769061004,T,IBM,F I,3,289.74
2025-10-06,9:56:02.781703117,T,IBM,F I,5,289.76
2025-10-06,9:56:02.781706469,T,IBM,F I,2,289.76
2025-10-06,9:56:02.781709057,T,IBM,F I,2,289.77
2025-10-06,9:56:20.077200304,T,IBM,F I,2,289.88
2025-10-06,9:56:20.077203104,T,IBM,F I,2,289.89
2025-10-06,9:56:20.077362507,T,IBM,F I,32,289.99
2025-10-06,9:56:46.246188894,T,IBM,F I,3,290.0
2025-10-06,9:56:46.246188894,T,IBM,F I,8,290.01
2025-10-06,9:56:53.133890934,T,IBM,I,3,289.99
2025-10-06,9:57:01.255962530,T,IBM,F I,2,289.96
2025-10-06,9:57:01.264779803,T,IBM,F I,4,289.85
2025-10-06,9:57:01.264782712,T,IBM,F I,3,289.84
2025-10-06,9:57:01.264782712,T,IBM,F I,1,289.83
2025-10-06,9:57:01.264816318,T,IBM,F I,28,289.82
2025-10-06,9:57:01.264819072,T,IBM,I,2,289.82
2025-10-06,9:57:01.264827626,T,IBM,F I,18,289.82
2025-10-06,9:57:01.265323805,T,IBM,F I,2,289.8
2025-10-06,9:57:01.265356957,T,IBM,F I,2,289.79
2025-10-06,9:57:01.265985465,T,IBM,I,2,289.73
2025-10-06,9:57:01.288103212,T,IBM,I,6,289.68
2025-10-06,9:57:02.026925987,T,IBM,F I,2,289.65
2025-10-06,9:57:02.026925987,T,IBM,F I,5,289.66
2025-10-06,9:57:17.921126029,T,IBM,I,15,289.74
2025-10-06,9:57:17.926947906,T,IBM,F I,2,289.56
2025-10-06,9:57:17.926950850,T,IBM,F I,13,289.56
2025-10-06,9:57:17.926953903,T,IBM,I,20,289.56
2025-10-06,9:57:17.927444090,T,IBM,,100,289.57
2025-10-06,9:57:17.927561454,T,IBM,F,100,289.55
2025-10-06,9:57:17.927610086,T,IBM,F,100,289.56
2025-10-06,9:57:37.025375163,T,IBM,F,100,289.795
2025-10-06,9:57:41.725720927,T,IBM,F I,3,289.69
2025-10-06,9:57:41.726286286,T,IBM,I,1,289.69
2025-10-06,9:57:48.093990518,T,IBM,F I,2,289.74
2025-10-06,9:57:48.408587415,T,IBM,F I,1,289.74
2025-10-06,9:57:48.408734817,T,IBM,F,100,289.795
2025-10-06,9:57:48.409652008,T,IBM,I,2,289.74
2025-10-06,9:57:48.459233981,T,IBM,I,8,289.7
2025-10-06,9:57:51.474431078,T,IBM,F I,1,289.7
2025-10-06,9:58:03.341639560,T,IBM,F I,1,289.7
2025-10-06,9:58:04.255578387,T,IBM,I,36,289.73
2025-10-06,9:58:04.256035397,T,IBM,F I,8,289.77
2025-10-06,9:58:04.263517290,T,IBM,F I,2,289.8
2025-10-06,9:58:04.265631222,T,IBM,F I,32,289.83
2025-10-06,9:58:04.265655249,T,IBM,F I,1,289.84
2025-10-06,9:58:04.265934954,T,IBM,I,15,289.78
2025-10-06,9:58:11.492023551,T,IBM,I,28,289.725
2025-10-06,9:58:11.492050549,T,IBM,F I,1,289.725
2025-10-06,9:58:13.681773589,T,IBM,F I,2,289.78
2025-10-06,9:58:21.410108942,T,IBM,F,100,289.82
2025-10-06,9:58:21.410115493,T,IBM,F,100,289.82
2025-10-06,9:58:21.410115493,T,IBM,F I,12,289.82
2025-10-06,9:58:21.410117888,T,IBM,F,100,289.82
2025-10-06,9:58:21.410117888,T,IBM,F I,5,289.82
2025-10-06,9:58:21.410181004,T,IBM,F I,49,289.87
2025-10-06,9:58:21.410184041,T,IBM,F I,1,289.87
2025-10-06,9:58:21.410463732,T,IBM,F I,1,289.87
2025-10-06,9:58:21.410475940,T,IBM,I,1,289.87
2025-10-06,9:58:21.410478848,T,IBM,I,1,289.87
2025-10-06,9:58:21.410484778,T,IBM,F I,1,289.87
2025-10-06,9:58:21.410488097,T,IBM,I,3,289.82
2025-10-06,9:58:21.410493746,T,IBM,F I,2,289.87
2025-10-06,9:58:21.410500466,T,IBM,F I,96,289.87
2025-10-06,9:58:21.410500466,T,IBM,F I,15,289.87
2025-10-06,9:58:21.410506699,T,IBM,F I,99,289.87
2025-10-06,9:58:21.410506699,T,IBM,F I,8,289.87
2025-10-06,9:58:21.410511842,T,IBM,F I,92,289.87
2025-10-06,9:58:21.410511842,T,IBM,F I,23,289.87
2025-10-06,9:58:21.410511842,T,IBM,F I,25,289.87
2025-10-06,9:58:21.410517812,T,IBM,F I,4,289.85
2025-10-06,9:58:21.410520830,T,IBM,F I,5,289.85
2025-10-06,9:58:21.410602010,T,IBM,I,1,289.82
2025-10-06,9:58:21.410602010,T,IBM,I,1,289.82
2025-10-06,9:58:21.410611532,T,IBM,F,108,289.85
2025-10-06,9:58:21.410641093,T,IBM,,100,289.81
2025-10-06,9:58:25.274109612,T,IBM,F,100,289.85
2025-10-06,9:58:25.274109612,T,IBM,F I,50,289.86
2025-10-06,9:58:27.065074269,T,IBM,I,2,289.86
2025-10-06,9:58:27.071602743,T,IBM,F I,2,289.88
2025-10-06,9:58:36.887736277,T,IBM,F,100,289.84
2025-10-06,9:58:37.441657928,T,IBM,F I,1,289.86
2025-10-06,9:58:37.441718089,T,IBM,F,100,289.86
2025-10-06,9:58:47.126665286,T,IBM,F I,1,289.76
2025-10-06,9:58:47.126703489,T,IBM,F I,1,289.75
2025-10-06,9:58:47.126739637,T,IBM,I,18,289.74
2025-10-06,9:58:47.126742599,T,IBM,I,55,289.74
2025-10-06,9:58:47.126763620,T,IBM,F I,20,289.74
2025-10-06,9:59:04.610434098,T,IBM,I,1,289.855
2025-10-06,9:59:07.274310861,T,IBM,F,100,289.79
2025-10-06,9:59:22.116994865,T,IBM,I,3,289.78
2025-10-06,9:59:22.116997867,T,IBM,I,8,289.78
2025-10-06,9:59:22.117457900,T,IBM,I,22,289.84
2025-10-06,9:59:22.117518670,T,IBM,I,8,289.79
2025-10-06,9:59:22.117759466,T,IBM,I,37,289.79
2025-10-06,9:59:25.246012822,T,IBM,I,1,289.895
2025-10-06,9:59:36.686938181,T,IBM,I,8,289.78
2025-10-06,9:59:36.686938181,T,IBM,I,9,289.78
2025-10-06,9:59:36.686941320,T,IBM,I,10,289.78
2025-10-06,9:59:36.686944142,T,IBM,I,2,289.78
2025-10-06,9:59:36.686959263,T,IBM,I,1,289.78
2025-10-06,9:59:44.568202602,T,IBM,F I,2,289.91
2025-10-06,9:59:44.568331918,T,IBM,I,8,289.93
2025-10-06,9:59:49.037550418,T,IBM,F I,6,290.0
2025-10-06,9:59:49.038302209,T,IBM,F,100,289.99
2025-10-06,9:59:49.109665120,T,IBM,,100,289.99
2025-10-06,9:59:49.109758380,T,IBM,I,48,289.99
2025-10-06,9:59:58.403843129,T,IBM,F I,1,290.13
2025-10-06,9:59:58.612428660,T,IBM,F I,2,290.11
2025-10-06,9:59:58.612435684,T,IBM,F I,2,290.1
2025-10-06,9:59:58.612437978,T,IBM,F I,2,290.1
2025-10-06,9:59:58.612437978,T,IBM,F I,1,290.09
2025-10-06,9:59:59.012486134,T,IBM,I,7,290.11
2025-10-06,9:59:59.014452779,T,IBM,F I,32,290.02
2025-10-06,9:59:59.014455793,T,IBM,F,100,290.02
2025-10-06,9:59:59.014459308,T,IBM,F I,1,290.01
2025-10-06,9:59:59.014459308,T,IBM,F I,40,290.01
2025-10-06,9:59:59.014461752,T,IBM,F,100,290.01
2025-10-06,9:59:59.014461752,T,IBM,F I,20,290.01
2025-10-06,9:59:59.014492077,T,IBM,I,1,289.99
2025-10-06,9:59:59.014492077,T,IBM,I,22,289.99
2025-10-06,9:59:59.014497963,T,IBM,I,41,289.99
2025-10-06,9:59:59.018686791,T,IBM,F,100,289.89
2025-10-06,9:59:59.018689826,T,IBM,F,100,289.89
2025-10-06,9:59:59.018693728,T,IBM,F,100,289.86
2025-10-06,9:59:59.018693728,T,IBM,F I,1,289.85
2025-10-06,9:59:59.018695962,T,IBM,F,100,289.85
2025-10-06,9:59:59.018695962,T,IBM,F I,34,289.85
2025-10-06,9:59:59.025374800,T,IBM,I,2,289.96
2025-10-06,9:59:59.025374800,T,IBM,I,2,289.97
2025-10-06,9:59:59.025377792,T,IBM,I,96,289.98
2025-10-06,9:59:59.231193805,T,IBM,I,1,290.06
2025-10-06,10:00:14.635497522,T,IBM,F I,26,290.25
2025-10-06,10:00:14.635518563,T,IBM,I,1,290.25
2025-10-06,10:00:14.635521674,T,IBM,F,173,290.25
2025-10-06,10:00:14.635843996,T,IBM,I,20,290.25
2025-10-06,10:00:14.635843996,T,IBM,I,2,290.25
2025-10-06,10:00:14.635846421,T,IBM,I,1,290.25
2025-10-06,10:00:14.635846421,T,IBM,,100,290.25
2025-10-06,10:00:14.653811218,T,IBM,F I,4,290.23
2025-10-06,10:00:14.653826477,T,IBM,F I,2,290.23
2025-10-06,10:00:14.653829182,T,IBM,F,100,290.21
2025-10-06,10:00:14.654223177,T,IBM,F,100,290.2
2025-10-06,10:00:17.251082576,T,IBM,I,2,290.25
2025-10-06,10:00:17.251082576,T,IBM,I,19,290.25
2025-10-06,10:00:34.494297032,T,IBM,F I,9,290.28
2025-10-06,10:00:34.494342758,T,IBM,I,78,290.28
2025-10-06,10:00:34.494345632,T,IBM,I,13,290.28
2025-10-06,10:00:34.494348169,T,IBM,I,65,290.29
2025-10-06,10:00:34.494369280,T,IBM,I,1,290.29
2025-10-06,10:00:34.494627891,T,IBM,F I,10,290.29
2025-10-06,10:00:34.494651894,T,IBM,I,1,290.29
2025-10-06,10:00:34.495250413,T,IBM,I,9,290.3
2025-10-06,10:00:42.950939158,T,IBM,F I,5,290.29
2025-10-06,10:00:42.950954230,T,IBM,F,100,290.29
2025-10-06,10:00:42.950999356,T,IBM,I,1,290.29
2025-10-06,10:00:42.951020419,T,IBM,,264,290.29
2025-10-06,10:00:42.951041453,T,IBM,I,1,290.29
2025-10-06,10:00:42.951045284,T,IBM,F I,34,290.29
2025-10-06,10:00:42.951047628,T,IBM,F I,35,290.3
2025-10-06,10:00:55.393032051,T,IBM,F I,1,290.24
2025-10-06,10:00:55.393068143,T,IBM,I,2,290.23
2025-10-06,10:00:55.393068143,T,IBM,I,1,290.23
2025-10-06,10:01:03.470327144,T,IBM,F,100,290.12
2025-10-06,10:01:03.470381756,T,IBM,F I,54,290.1
2025-10-06,10:01:03.470384190,T,IBM,F I,15,290.1
2025-10-06,10:01:03.470384190,T,IBM,F I,1,290.1
2025-10-06,10:01:16.360128966,T,IBM,F,100,290.055
2025-10-06,10:01:16.360131974,T,IBM,F I,2,290.06
2025-10-06,10:01:25.043375606,T,IBM,F I,1,290.0
2025-10-06,10:01:25.043381944,T,IBM,F,100,289.99
2025-10-06,10:01:25.043381944,T,IBM,F I,20,289.99
2025-10-06,10:01:25.043423693,T,IBM,I,2,289.99
2025-10-06,10:01:25.043447824,T,IBM,F I,98,289.99
2025-10-06,10:01:25.044879280,T,IBM,F I,5,289.9
2025-10-06,10:01:25.044879280,T,IBM,F I,1,289.9
2025-10-06,10:01:25.044897758,T,IBM,F I,4,289.87
2025-10-06,10:01:25.044897758,T,IBM,F I,4,289.87
2025-10-06,10:01:25.044900246,T,IBM,F I,1,289.87
2025-10-06,10:01:26.264134921,T,IBM,F I,1,289.8
2025-10-06,10:01:30.781110333,T,IBM,F I,1,289.63
2025-10-06,10:01:30.781128396,T,IBM,I,3,289.63
2025-10-06,10:01:30.781197505,T,IBM,F I,1,289.61
2025-10-06,10:01:30.781218519,T,IBM,F I,11,289.61
2025-10-06,10:01:31.493512220,T,IBM,F I,5,289.52
2025-10-06,10:02:02.356651707,T,IBM,F I,6,289.57
2025-10-06,10:02:02.356784007,T,IBM,F I,8,289.55
2025-10-06,10:02:02.356817085,T,IBM,F I,1,289.53
2025-10-06,10:02:02.357093737,T,IBM,F I,4,289.51
2025-10-06,10:02:02.357153840,T,IBM,F I,3,289.5
2025-10-06,10:02:05.577793999,T,IBM,F I,2,289.49
2025-10-06,10:02:05.651249934,T,IBM,F,100,289.46
2025-10-06,10:02:05.651267968,T,IBM,F I,2,289.45
2025-10-06,10:02:07.427434386,T,IBM,F I,1,289.38
2025-10-06,10:02:09.807125575,T,IBM,F I,17,289.38
2025-10-06,10:02:09.807384130,T,IBM,F I,17,289.38
2025-10-06,10:02:09.807387896,T,IBM,F I,17,289.38
2025-10-06,10:02:09.807429237,T,IBM,I,1,289.38
2025-10-06,10:02:09.807432333,T,IBM,F I,1,289.38
2025-10-06,10:02:09.807438309,T,IBM,F I,1,289.38
2025-10-06,10:02:09.807669862,T,IBM,F I,1,289.38
2025-10-06,10:02:09.807859323,T,IBM,I,1,289.37
2025-10-06,10:02:09.807883547,T,IBM,F I,6,289.36
2025-10-06,10:02:09.807883547,T,IBM,F I,5,289.36
2025-10-06,10:02:09.808142627,T,IBM,F I,24,289.36
2025-10-06,10:02:09.808162962,T,IBM,F I,50,289.36
2025-10-06,10:02:09.808181056,T,IBM,I,50,289.36
2025-10-06,10:02:09.808181056,T,IBM,I,50,289.36
2025-10-06,10:02:09.808190702,T,IBM,F I,50,289.36
2025-10-06,10:02:09.808190702,T,IBM,F I,51,289.36
2025-10-06,10:02:09.808193209,T,IBM,F I,48,289.36
2025-10-06,10:02:09.808424701,T,IBM,,100,289.36
2025-10-06,10:02:09.808451875,T,IBM,F I,53,289.36
2025-10-06,10:02:09.808451875,T,IBM,F I,24,289.36
2025-10-06,10:02:09.808454725,T,IBM,F,100,289.36
2025-10-06,10:02:09.808496807,T,IBM,,100,289.37
2025-10-06,10:02:09.808521321,T,IBM,I,1,289.37
2025-10-06,10:02:09.808668178,T,IBM,I,6,289.37
2025-10-06,10:02:09.808701242,T,IBM,,100,289.38
2025-10-06,10:02:09.808728368,T,IBM,F,100,289.39
2025-10-06,10:02:09.809264392,T,IBM,I,2,289.4
2025-10-06,10:02:12.998671430,T,IBM,F,100,289.47
2025-10-06,10:02:12.998746635,T,IBM,F I,50,289.45
2025-10-06,10:02:13.812730413,T,IBM,F,100,289.42
2025-10-06,10:02:13.812730413,T,IBM,F I,6,289.42
2025-10-06,10:02:13.812760927,T,IBM,F I,50,289.41
2025-10-06,10:02:21.905046250,T,IBM,I,1,289.43
2025-10-06,10:02:23.248762178,T,IBM,F I,6,289.29
2025-10-06,10:02:23.248762178,T,IBM,F I,1,289.29
2025-10-06,10:02:28.953724582,T,IBM,F I,5,289.21
2025-10-06,10:02:28.953799797,T,IBM,F I,6,289.17
2025-10-06,10:02:28.954320517,T,IBM,F I,87,289.16
2025-10-06,10:02:28.954353092,T,IBM,F I,13,289.16
2025-10-06,10:02:34.112343302,T,IBM,F I,4,289.11
2025-10-06,10:02:34.496351541,T,IBM,F I,7,289.0
2025-10-06,10:02:36.266644841,T,IBM,F I,12,288.92
2025-10-06,10:02:36.266648046,T,IBM,F I,3,288.92
2025-10-06,10:02:36.266648046,T,IBM,F I,20,288.91
2025-10-06,10:02:39.355252760,T,IBM,F I,2,288.92
2025-10-06,10:02:39.356046573,T,IBM,F I,1,288.91
2025-10-06,10:02:50.666136549,T,IBM,F I,2,288.91
2025-10-06,10:02:50.666140330,T,IBM,F I,2,288.9
2025-10-06,10:02:50.666140330,T,IBM,F I,2,288.89
2025-10-06,10:02:50.666142607,T,IBM,F I,2,288.87
2025-10-06,10:02:50.666145621,T,IBM,F I,1,288.86
2025-10-06,10:02:52.613431336,T,IBM,F I,9,288.84
2025-10-06,10:02:52.613548633,T,IBM,F I,9,288.84
2025-10-06,10:02:57.643770522,T,IBM,F I,9,288.84
2025-10-06,10:02:57.643893850,T,IBM,F I,9,288.84
2025-10-06,10:02:57.643966009,T,IBM,F I,9,288.84
2025-10-06,10:02:57.644032154,T,IBM,F I,9,288.84
2025-10-06,10:02:57.644101275,T,IBM,F I,9,288.84
2025-10-06,10:02:57.644173483,T,IBM,F I,9,288.84
2025-10-06,10:02:57.644248632,T,IBM,F I,9,288.84
2025-10-06,10:02:57.644320836,T,IBM,F I,9,288.84
2025-10-06,10:02:57.644387126,T,IBM,F I,9,288.84
2025-10-06,10:02:57.644453161,T,IBM,F I,9,288.84
2025-10-06,10:02:57.861687403,T,IBM,F I,5,288.83
2025-10-06,10:02:57.861690609,T,IBM,F I,4,288.83
2025-10-06,10:02:57.861723487,T,IBM,F I,39,288.8
2025-10-06,10:02:57.861726466,T,IBM,F I,10,288.8
2025-10-06,10:02:57.861747436,T,IBM,I,2,288.8
2025-10-06,10:03:01.430204572,T,IBM,F I,2,288.76
2025-10-06,10:03:01.430204572,T,IBM,F I,8,288.74
2025-10-06,10:03:01.431109797,T,IBM,F I,10,288.74
2025-10-06,10:03:03.704681174,T,IBM,F I,2,288.81
2025-10-06,10:03:03.711035307,T,IBM,I,2,288.85
2025-10-06,10:03:03.711035307,T,IBM,I,2,288.86
2025-10-06,10:03:05.373016876,T,IBM,I,4,288.89
2025-10-06,10:03:08.289089351,T,IBM,F I,2,288.9
2025-10-06,10:03:08.289089351,T,IBM,F I,2,288.9
2025-10-06,10:03:08.289185276,T,IBM,F I,2,288.89
2025-10-06,10:03:10.671074697,T,IBM,I,1,288.86
2025-10-06,10:03:12.785296998,T,IBM,F I,10,288.86
2025-10-06,10:03:12.785774992,T,IBM,F I,20,288.85
2025-10-06,10:03:12.785784031,T,IBM,I,80,288.85
2025-10-06,10:03:12.788201752,T,IBM,F I,32,288.77
2025-10-06,10:03:12.788204787,T,IBM,F I,8,288.76
2025-10-06,10:03:12.788297967,T,IBM,F I,40,288.76
2025-10-06,10:03:12.789188077,T,IBM,F I,40,288.76
2025-10-06,10:03:14.519823148,T,IBM,I,2,288.82
2025-10-06,10:03:14.519823148,T,IBM,I,2,288.83
2025-10-06,10:03:15.655579035,T,IBM,I,8,288.76
2025-10-06,10:03:18.903542281,T,IBM,F I,4,288.86
2025-10-06,10:03:23.761153790,T,IBM,I,2,288.87
2025-10-06,10:03:23.761153790,T,IBM,I,2,288.88
2025-10-06,10:03:23.761156514,T,IBM,I,1,288.89
2025-10-06,10:03:28.299169858,T,IBM,,100,288.89
2025-10-06,10:03:28.727073649,T,IBM,I,5,288.9
2025-10-06,10:03:28.727073649,T,IBM,I,25,288.9
2025-10-06,10:03:28.727076597,T,IBM,I,70,288.9
2025-10-06,10:03:28.727091658,T,IBM,I,5,288.9
2025-10-06,10:03:30.512679343,T,IBM,F I,1,288.86
2025-10-06,10:03:41.269374092,T,IBM,F I,40,288.86
2025-10-06,10:03:41.269377283,T,IBM,F I,1,288.85
2025-10-06,10:03:41.269380000,T,IBM,F I,1,288.85
2025-10-06,10:03:41.269380000,T,IBM,F I,6,288.85
2025-10-06,10:03:44.190275605,T,IBM,F I,46,288.81
2025-10-06,10:03:44.190293639,T,IBM,F I,7,288.81
2025-10-06,10:03:45.362081267,T,IBM,F I,20,288.75
2025-10-06,10:03:45.362102988,T,IBM,F I,5,288.75
2025-10-06,10:03:48.689195932,T,IBM,F,100,288.74
2025-10-06,10:03:48.951327181,T,IBM,I,2,288.71
2025-10-06,10:03:48.951330594,T,IBM,I,46,288.69
2025-10-06,10:03:48.951332907,T,IBM,I,52,288.69
2025-10-06,10:03:50.206635331,T,IBM,F I,7,288.64
2025-10-06,10:03:53.835359083,T,IBM,I,1,288.55
2025-10-06,10:03:53.835425207,T,IBM,F I,9,288.55
2025-10-06,10:03:53.835563582,T,IBM,F I,13,288.51
2025-10-06,10:03:53.836405575,T,IBM,F I,6,288.5
2025-10-06,10:03:56.680071336,T,IBM,F I,2,288.49
2025-10-06,10:03:59.414769556,T,IBM,F I,2,288.51
2025-10-06,10:03:59.596143322,T,IBM,F,100,288.54
2025-10-06,10:04:03.578388489,T,IBM,F I,17,288.63
2025-10-06,10:04:04.052319822,T,IBM,I,2,288.65
2025-10-06,10:04:04.052319822,T,IBM,I,2,288.65
2025-10-06,10:04:08.277808204,T,IBM,I,2,288.75
2025-10-06,10:04:08.277808204,T,IBM,I,8,288.76
2025-10-06,10:04:08.277829162,T,IBM,I,1,288.76
2025-10-06,10:04:08.277856203,T,IBM,F I,1,288.76
2025-10-06,10:04:24.132178468,T,IBM,F I,40,288.95
2025-10-06,10:04:24.132199920,T,IBM,F I,1,288.96
2025-10-06,10:04:24.132211550,T,IBM,F I,1,288.96
2025-10-06,10:04:24.132214544,T,IBM,F I,1,288.96
2025-10-06,10:04:24.132229540,T,IBM,F I,1,288.96
2025-10-06,10:04:24.132239089,T,IBM,F I,96,288.96
2025-10-06,10:04:24.132241600,T,IBM,F,100,288.96
2025-10-06,10:04:24.132244647,T,IBM,F I,1,288.97
2025-10-06,10:04:24.132812926,T,IBM,F,100,288.97
2025-10-06,10:04:24.132816369,T,IBM,F,100,289.01
2025-10-06,10:04:24.132855557,T,IBM,F I,1,289.04
2025-10-06,10:04:24.132855557,T,IBM,F I,9,289.04
2025-10-06,10:04:24.132873068,T,IBM,,100,289.0
2025-10-06,10:04:24.133062546,T,IBM,F I,2,288.99
2025-10-06,10:04:30.712338440,T,IBM,F,100,289.03
2025-10-06,10:04:32.114125476,T,IBM,,100,288.99
2025-10-06,10:04:34.166490384,T,IBM,I,45,288.98
2025-10-06,10:04:43.468129148,T,IBM,I,42,288.95
2025-10-06,10:04:58.095614648,T,IBM,I,40,288.94
2025-10-06,10:05:00.751919228,T,IBM,I,5,289.0
2025-10-06,10:05:00.767956510,T,IBM,I,40,288.97
2025-10-06,10:05:00.767995518,T,IBM,I,40,288.96
2025-10-06,10:05:11.095872346,T,IBM,I,12,288.96
2025-10-06,10:05:11.956208424,T,IBM,F I,88,288.96
2025-10-06,10:05:22.130987794,T,IBM,F,100,288.96
2025-10-06,10:05:27.483445003,T,IBM,I,2,288.98
2025-10-06,10:05:27.483445003,T,IBM,I,32,288.995
2025-10-06,10:05:38.333926839,T,IBM,,100,288.89
2025-10-06,10:05:38.335968607,T,IBM,,100,288.89
2025-10-06,10:05:51.883784981,T,IBM,F I,13,289.04
2025-10-06,10:05:53.133224014,T,IBM,F I,4,288.92
2025-10-06,10:05:53.134032359,T,IBM,I,2,288.91
2025-10-06,10:05:53.134035432,T,IBM,I,2,288.91
2025-10-06,10:05:53.134125583,T,IBM,F I,3,288.91
2025-10-06,10:05:53.134164734,T,IBM,F I,10,288.91
2025-10-06,10:06:16.981825240,T,IBM,F,100,288.97
2025-10-06,10:06:16.981837934,T,IBM,F I,2,289.05
2025-10-06,10:06:16.981843375,T,IBM,F I,8,289.05
2025-10-06,10:06:16.981846370,T,IBM,F I,4,289.05
2025-10-06,10:06:23.004099963,T,IBM,F I,2,289.0
2025-10-06,10:06:31.686137571,T,IBM,,100,288.96
2025-10-06,10:06:31.814654557,T,IBM,F I,10,289.03
2025-10-06,10:06:31.814657610,T,IBM,F I,10,289.03
2025-10-06,10:06:31.814687648,T,IBM,I,20,289.03
2025-10-06,10:06:35.240563391,T,IBM,F I,3,289.06
2025-10-06,10:06:35.240569421,T,IBM,F,100,289.06
2025-10-06,10:06:35.240569421,T,IBM,F I,10,289.06
2025-10-06,10:06:44.922039174,T,IBM,F,100,289.01
2025-10-06,10:07:21.271653288,T,IBM,I,14,288.85
2025-10-06,10:07:21.271656099,T,IBM,I,2,288.85
2025-10-06,10:07:21.271695244,T,IBM,F I,1,288.84
2025-10-06,10:07:21.271695244,T,IBM,F I,1,288.84
2025-10-06,10:07:21.271839562,T,IBM,F I,5,288.83
2025-10-06,10:07:21.271876277,T,IBM,F I,3,288.8
2025-10-06,10:07:21.271878693,T,IBM,F I,11,288.8
2025-10-06,10:07:21.271905736,T,IBM,F I,7,288.8
2025-10-06,10:07:21.271905736,T,IBM,F I,1,288.8
2025-10-06,10:07:21.272107172,T,IBM,F I,5,288.81
2025-10-06,10:07:21.272416968,T,IBM,I,3,288.78
2025-10-06,10:07:21.272456049,T,IBM,I,4,288.81
2025-10-06,10:07:21.272480130,T,IBM,F I,3,288.81
2025-10-06,10:07:21.272907137,T,IBM,I,1,288.78
2025-10-06,10:07:36.314499429,T,IBM,F I,17,288.7
2025-10-06,10:07:36.314520462,T,IBM,F I,1,288.7
2025-10-06,10:07:36.314532828,T,IBM,I,5,288.69
2025-10-06,10:07:36.314547530,T,IBM,F I,16,288.68
2025-10-06,10:07:44.188471493,T,IBM,I,18,288.63
2025-10-06,10:08:01.531662380,T,IBM,I,45,288.7
2025-10-06,10:08:02.140807493,T,IBM,F I,2,288.64
2025-10-06,10:08:02.140807493,T,IBM,F I,5,288.6
2025-10-06,10:08:09.043731991,T,IBM,F I,2,288.57
2025-10-06,10:08:09.043731991,T,IBM,F I,3,288.56
2025-10-06,10:08:09.043737980,T,IBM,F I,2,288.56
2025-10-06,10:08:09.043737980,T,IBM,F I,1,288.54
2025-10-06,10:08:09.043740883,T,IBM,F I,29,288.54
2025-10-06,10:08:09.044089760,T,IBM,F I,2,288.49
2025-10-06,10:08:09.044510762,T,IBM,F I,1,288.42
2025-10-06,10:08:09.044778406,T,IBM,F I,11,288.5
2025-10-06,10:08:09.060265983,T,IBM,I,2,288.49
2025-10-06,10:08:09.060268325,T,IBM,I,2,288.52
2025-10-06,10:08:09.060272207,T,IBM,I,2,288.53
2025-10-06,10:08:09.060272207,T,IBM,I,40,288.53
2025-10-06,10:08:09.060274277,T,IBM,I,32,288.54
2025-10-06,10:08:09.060277514,T,IBM,I,2,288.54
2025-10-06,10:08:09.060277514,T,IBM,I,2,288.54
2025-10-06,10:08:09.060280365,T,IBM,I,18,288.55
2025-10-06,10:08:10.121957772,T,IBM,,100,288.58
2025-10-06,10:08:15.048339831,T,IBM,I,20,288.6
2025-10-06,10:08:15.048408935,T,IBM,F I,80,288.6
2025-10-06,10:08:17.045664750,T,IBM,I,1,288.555
2025-10-06,10:08:45.552325530,T,IBM,I,4,288.67
2025-10-06,10:08:45.552325530,T,IBM,I,7,288.7
2025-10-06,10:08:45.552328471,T,IBM,I,6,288.7
2025-10-06,10:08:45.552635244,T,IBM,F I,4,288.71
2025-10-06,10:09:04.883928075,T,IBM,F I,2,288.79
2025-10-06,10:09:04.883931201,T,IBM,F I,10,288.79
2025-10-06,10:09:04.883931201,T,IBM,F I,2,288.79
2025-10-06,10:09:04.883934063,T,IBM,F I,1,288.79
2025-10-06,10:09:04.883934063,T,IBM,F I,2,288.8
2025-10-06,10:09:04.883985269,T,IBM,F I,2,288.81
2025-10-06,10:09:04.884012331,T,IBM,F I,2,288.82
2025-10-06,10:09:05.002356049,T,IBM,I,2,288.78
2025-10-06,10:09:13.808102347,T,IBM,F I,16,288.76
2025-10-06,10:09:30.521449938,T,IBM,I,1,288.7
2025-10-06,10:09:30.559433354,T,IBM,I,2,288.66
2025-10-06,10:09:32.432066402,T,IBM,F I,3,288.62
2025-10-06,10:09:32.432069467,T,IBM,F I,81,288.61
2025-10-06,10:09:39.814284020,T,IBM,F I,32,288.73
2025-10-06,10:09:39.999001756,T,IBM,I,2,288.75
2025-10-06,10:09:39.999004733,T,IBM,I,2,288.74
2025-10-06,10:09:45.467703861,T,IBM,F I,2,288.87
2025-10-06,10:09:45.467760930,T,IBM,I,2,288.87
2025-10-06,10:09:45.467902252,T,IBM,F I,2,288.8
2025-10-06,10:09:45.467902252,T,IBM,F I,11,288.8
2025-10-06,10:09:45.467965452,T,IBM,F I,11,288.84
2025-10-06,10:09:45.467965452,T,IBM,F I,2,288.86
2025-10-06,10:09:45.468025583,T,IBM,F I,10,288.84
2025-10-06,10:09:45.469023981,T,IBM,F I,1,288.91
2025-10-06,10:09:45.469023981,T,IBM,F I,1,288.91
2025-10-06,10:09:45.469027020,T,IBM,F I,12,288.91
2025-10-06,10:09:45.469060356,T,IBM,F I,6,288.95
2025-10-06,10:09:45.469060356,T,IBM,F I,1,288.95
2025-10-06,10:09:45.469661511,T,IBM,F I,9,288.98
2025-10-06,10:09:45.469757754,T,IBM,I,8,289.0
2025-10-06,10:09:45.469760741,T,IBM,I,59,289.0
2025-10-06,10:09:46.207750579,T,IBM,F I,2,288.98
2025-10-06,10:09:46.207807732,T,IBM,F,100,288.96
2025-10-06,10:09:46.207807732,T,IBM,F I,2,288.96
2025-10-06,10:09:46.207810726,T,IBM,F I,2,288.95
2025-10-06,10:09:46.207810726,T,IBM,F I,40,288.95
2025-10-06,10:09:46.207861877,T,IBM,F I,40,288.94
2025-10-06,10:09:46.456334463,T,IBM,I,4,288.91
2025-10-06,10:09:46.456632162,T,IBM,F I,6,288.91
2025-10-06,10:09:48.041834952,T,IBM,F I,2,288.97
2025-10-06,10:09:48.041834952,T,IBM,F I,17,288.98
2025-10-06,10:09:48.917874514,T,IBM,I,1,288.98
2025-10-06,10:09:53.082816887,T,IBM,F I,3,288.92
2025-10-06,10:09:58.571459312,T,IBM,F I,18,288.98
2025-10-06,10:10:00.013533330,T,IBM,,100,288.98
2025-10-06,10:10:00.197652694,T,IBM,I,18,288.99
2025-10-06,10:10:00.198158003,T,IBM,F I,1,289.0
2025-10-06,10:10:00.419448724,T,IBM,I,1,289.02
2025-10-06,10:10:02.171239113,T,IBM,F I,3,288.95
2025-10-06,10:10:21.477443447,T,IBM,,100,288.94
2025-10-06,10:10:26.068632472,T,IBM,F I,2,288.86
2025-10-06,10:10:26.068635385,T,IBM,F I,2,288.85
2025-10-06,10:10:26.068755663,T,IBM,F,100,288.82
2025-10-06,10:10:26.068776759,T,IBM,F I,1,288.81
2025-10-06,10:10:26.068797842,T,IBM,F,100,288.81
2025-10-06,10:10:26.068933071,T,IBM,F I,1,288.77
2025-10-06,10:10:26.068957544,T,IBM,F I,1,288.76
2025-10-06,10:10:26.068957544,T,IBM,F,100,288.76
2025-10-06,10:10:27.069255562,T,IBM,F I,2,288.76
2025-10-06,10:10:27.069255562,T,IBM,F I,2,288.76
2025-10-06,10:10:28.346059124,T,IBM,F I,30,288.75
2025-10-06,10:10:41.393619412,T,IBM,I,4,288.67
2025-10-06,10:10:43.534259385,T,IBM,I,2,288.68
2025-10-06,10:10:51.615878831,T,IBM,F I,10,288.6
2025-10-06,10:10:51.621276644,T,IBM,F I,39,288.57
2025-10-06,10:11:03.710651365,T,IBM,F I,1,288.52
2025-10-06,10:11:03.710654322,T,IBM,F I,9,288.52
2025-10-06,10:11:04.173732803,T,IBM,I,5,288.5
2025-10-06,10:11:04.173732803,T,IBM,I,20,288.5
2025-10-06,10:11:05.174232644,T,IBM,F,100,288.52
2025-10-06,10:11:10.868748426,T,IBM,F I,2,288.52
2025-10-06,10:11:20.128551981,T,IBM,I,4,288.55
2025-10-06,10:11:20.130082593,T,IBM,I,4,288.54
2025-10-06,10:11:20.853418681,T,IBM,I,7,288.54
2025-10-06,10:11:35.676213872,T,IBM,I,4,288.75
2025-10-06,10:11:35.676213872,T,IBM,I,2,288.75
2025-10-06,10:11:35.676216840,T,IBM,I,3,288.75
2025-10-06,10:11:35.676249989,T,IBM,F,100,288.75
2025-10-06,10:11:35.676905549,T,IBM,I,32,288.71
2025-10-06,10:11:36.665993226,T,IBM,I,24,288.67
2025-10-06,10:11:36.666011201,T,IBM,I,1,288.67
2025-10-06,10:11:37.321006592,T,IBM,F I,16,288.72
2025-10-06,10:11:37.321006592,T,IBM,F I,16,288.72
2025-10-06,10:11:37.321015590,T,IBM,F I,68,288.72
2025-10-06,10:11:37.321015590,T,IBM,F I,6,288.73
2025-10-06,10:11:37.321018593,T,IBM,F I,10,288.73
2025-10-06,10:11:37.325730749,T,IBM,I,15,288.81
2025-10-06,10:11:37.342799487,T,IBM,I,2,288.75
2025-10-06,10:11:40.994600001,T,IBM,F,100,288.71
2025-10-06,10:11:46.875695160,T,IBM,F I,2,288.72
2025-10-06,10:11:46.875695160,T,IBM,F I,2,288.72
2025-10-06,10:11:51.144248649,T,IBM,I,2,288.74
2025-10-06,10:11:51.144248649,T,IBM,I,37,288.74
2025-10-06,10:12:00.784268138,T,IBM,F I,11,288.76
2025-10-06,10:12:00.784271080,T,IBM,F I,11,288.76
2025-10-06,10:12:00.784577830,T,IBM,F I,1,288.8
2025-10-06,10:12:00.784577830,T,IBM,F I,10,288.8
2025-10-06,10:12:00.784595858,T,IBM,I,10,288.79
2025-10-06,10:12:00.784599166,T,IBM,F I,11,288.79
2025-10-06,10:12:05.821283410,T,IBM,F I,1,288.73
2025-10-06,10:12:09.857840952,T,IBM,F I,2,288.73
2025-10-06,10:12:28.610381871,T,IBM,F I,3,288.84
2025-10-06,10:12:28.610381871,T,IBM,F I,10,288.84
2025-10-06,10:12:28.610384881,T,IBM,F I,1,288.86
2025-10-06,10:12:28.610399702,T,IBM,F I,2,288.89
2025-10-06,10:12:28.610402709,T,IBM,F I,1,288.89
2025-10-06,10:12:28.610405806,T,IBM,F I,2,288.9
2025-10-06,10:12:28.610405806,T,IBM,F I,1,288.9
2025-10-06,10:12:53.449115567,T,IBM,I,40,288.85
2025-10-06,10:12:53.838588059,T,IBM,F I,6,288.82
2025-10-06,10:12:53.838593873,T,IBM,F I,24,288.82
2025-10-06,10:12:53.838593873,T,IBM,F I,6,288.81
2025-10-06,10:13:08.901744844,T,IBM,I,67,288.75
2025-10-06,10:13:12.294466673,T,IBM,F I,2,288.88
2025-10-06,10:13:12.294469780,T,IBM,F I,2,288.89
2025-10-06,10:13:12.294469780,T,IBM,F I,5,288.91
2025-10-06,10:13:12.294472697,T,IBM,F I,6,288.91
2025-10-06,10:13:12.294523877,T,IBM,F I,1,288.91
2025-10-06,10:13:24.273954129,T,IBM,I,2,288.84
2025-10-06,10:13:24.273954129,T,IBM,I,2,288.84
2025-10-06,10:13:24.273956482,T,IBM,I,2,288.83
2025-10-06,10:13:29.551902405,T,IBM,F,100,288.83
2025-10-06,10:13:33.424428369,T,IBM,F,100,288.83
2025-10-06,10:13:41.633801029,T,IBM,I,1,288.74
2025-10-06,10:13:41.633803956,T,IBM,I,2,288.74
2025-10-06,10:13:41.633824990,T,IBM,F I,29,288.73
2025-10-06,10:13:41.633849080,T,IBM,F I,3,288.73
2025-10-06,10:13:42.234231350,T,IBM,F I,2,288.59
2025-10-06,10:13:42.234234398,T,IBM,F I,1,288.59
2025-10-06,10:13:42.234333665,T,IBM,F I,4,288.56
2025-10-06,10:13:42.639118255,T,IBM,F I,10,288.66
2025-10-06,10:13:42.639154405,T,IBM,F I,10,288.66
2025-10-06,10:13:42.639181391,T,IBM,F I,10,288.67
2025-10-06,10:13:42.639259608,T,IBM,F I,2,288.67
2025-10-06,10:13:42.639274658,T,IBM,I,3,288.67
2025-10-06,10:13:42.639416039,T,IBM,I,7,288.67
2025-10-06,10:13:47.993446062,T,IBM,F I,18,288.7
2025-10-06,10:13:47.993503299,T,IBM,F I,8,288.72
2025-10-06,10:13:48.007309051,T,IBM,I,40,288.74
2025-10-06,10:14:12.764620682,T,IBM,I,16,288.69
2025-10-06,10:14:12.765074708,T,IBM,I,1,288.64
2025-10-06,10:14:12.765113848,T,IBM,F I,2,288.64
2025-10-06,10:14:27.769811753,T,IBM,I,1,288.6
2025-10-06,10:14:27.769859793,T,IBM,F I,4,288.58
2025-10-06,10:14:27.769892875,T,IBM,F I,1,288.57
2025-10-06,10:14:27.777290456,T,IBM,I,45,288.55
2025-10-06,10:14:27.777317621,T,IBM,F I,55,288.56
2025-10-06,10:14:27.783322904,T,IBM,I,6,288.56
2025-10-06,10:14:27.785863901,T,IBM,I,94,288.56
2025-10-06,10:14:27.812696844,T,IBM,I,12,288.56
2025-10-06,10:14:27.812723853,T,IBM,F I,88,288.56
2025-10-06,10:14:30.727388689,T,IBM,F,100,288.555
2025-10-06,10:14:31.250042582,T,IBM,F I,2,288.46
2025-10-06,10:14:31.250044957,T,IBM,F I,9,288.46
2025-10-06,10:14:31.250062977,T,IBM,F I,5,288.46
2025-10-06,10:14:31.251103423,T,IBM,F,100,288.45
2025-10-06,10:14:31.251160632,T,IBM,F I,1,288.4
2025-10-06,10:14:31.268466776,T,IBM,I,62,288.39
2025-10-06,10:14:31.268487843,T,IBM,I,1,288.39
2025-10-06,10:14:31.268505902,T,IBM,F I,9,288.39
2025-10-06,10:14:36.357018707,T,IBM,F I,14,288.4
2025-10-06,10:14:36.357021745,T,IBM,F,100,288.4
2025-10-06,10:14:36.357042785,T,IBM,I,54,288.4
2025-10-06,10:14:36.357959939,T,IBM,F I,8,288.31
2025-10-06,10:14:42.990213057,T,IBM,I,41,288.47
2025-10-06,10:14:45.767703401,T,IBM,F I,1,288.6
2025-10-06,10:14:45.767724470,T,IBM,I,16,288.6
2025-10-06,10:14:49.047046175,T,IBM,I,71,288.505
2025-10-06,10:15:00.404427232,T,IBM,F I,1,288.4
2025-10-06,10:15:00.404589551,T,IBM,F I,1,288.4
2025-10-06,10:15:00.404748920,T,IBM,F I,9,288.4
2025-10-06,10:15:00.404815159,T,IBM,F I,1,288.4
2025-10-06,10:15:00.405365397,T,IBM,F I,1,288.4
2025-10-06,10:15:00.405536803,T,IBM,F I,9,288.4
2025-10-06,10:15:00.406144256,T,IBM,I,1,288.39
2025-10-06,10:15:06.106301361,T,IBM,F I,3,288.35
2025-10-06,10:15:06.106319519,T,IBM,I,3,288.35
2025-10-06,10:15:08.304895425,T,IBM,F,100,288.32
2025-10-06,10:15:08.306429067,T,IBM,F I,23,288.26
2025-10-06,10:15:10.532541789,T,IBM,F I,23,288.28
2025-10-06,10:15:10.686261652,T,IBM,F I,23,288.26
2025-10-06,10:15:10.686382002,T,IBM,F I,23,288.26
2025-10-06,10:15:10.686475214,T,IBM,F I,23,288.26
2025-10-06,10:15:10.686565439,T,IBM,F I,23,288.26
2025-10-06,10:15:10.686646607,T,IBM,F I,23,288.25
2025-10-06,10:15:10.705736020,T,IBM,I,2,288.3
2025-10-06,10:15:10.705739180,T,IBM,I,2,288.31
2025-10-06,10:15:10.705739180,T,IBM,I,2,288.32
2025-10-06,10:15:10.705742659,T,IBM,I,2,288.32
2025-10-06,10:15:10.705742659,T,IBM,I,2,288.33
2025-10-06,10:15:10.705745067,T,IBM,I,36,288.33
2025-10-06,10:15:11.720177071,T,IBM,I,6,288.36
2025-10-06,10:15:11.720177071,T,IBM,I,10,288.36
2025-10-06,10:15:30.974498629,T,IBM,F I,27,288.39
2025-10-06,10:15:30.974501717,T,IBM,F I,10,288.39
2025-10-06,10:15:30.974508012,T,IBM,F I,2,288.39
2025-10-06,10:15:30.975337902,T,IBM,F I,1,288.39
2025-10-06,10:15:30.975341236,T,IBM,F I,12,288.39
2025-10-06,10:15:42.646443255,T,IBM,F I,12,288.44
2025-10-06,10:15:42.646446294,T,IBM,F I,18,288.44
2025-10-06,10:15:42.646515423,T,IBM,F I,2,288.46
2025-10-06,10:15:42.646659755,T,IBM,F I,1,288.48
2025-10-06,10:15:42.646716958,T,IBM,I,9,288.45
2025-10-06,10:15:42.646728925,T,IBM,I,9,288.45
2025-10-06,10:15:42.646825228,T,IBM,F I,9,288.45
2025-10-06,10:15:42.646897400,T,IBM,F I,10,288.48
2025-10-06,10:15:42.646969575,T,IBM,I,9,288.48
2025-10-06,10:15:53.936054782,T,IBM,I,45,288.52
2025-10-06,10:16:07.965597687,T,IBM,F I,1,288.58
2025-10-06,10:16:07.965600214,T,IBM,F I,10,288.58
2025-10-06,10:16:07.965613029,T,IBM,F I,11,288.58
2025-10-06,10:16:07.965624211,T,IBM,F I,2,288.58
2025-10-06,10:16:07.965654342,T,IBM,F I,7,288.59
2025-10-06,10:16:07.965654342,T,IBM,F I,4,288.59
2025-10-06,10:16:07.965694115,T,IBM,F I,1,288.64
2025-10-06,10:16:07.965696408,T,IBM,F I,1,288.64
2025-10-06,10:16:07.966087725,T,IBM,F I,7,288.68
2025-10-06,10:16:07.966087725,T,IBM,F I,1,288.68
2025-10-06,10:16:07.966120469,T,IBM,F I,5,288.69
2025-10-06,10:16:07.966120469,T,IBM,F I,1,288.69
2025-10-06,10:16:07.966583500,T,IBM,F I,1,288.73
2025-10-06,10:16:07.966634691,T,IBM,F I,1,288.73
2025-10-06,10:16:07.971052192,T,IBM,F I,5,288.72
2025-10-06,10:16:07.973677632,T,IBM,F I,5,288.72
2025-10-06,10:16:07.973677632,T,IBM,F I,5,288.72
2025-10-06,10:16:07.973683397,T,IBM,F I,5,288.72
2025-10-06,10:16:07.974059389,T,IBM,F I,5,288.73
2025-10-06,10:16:19.772533497,T,IBM,F I,26,288.57
2025-10-06,10:16:19.772632603,T,IBM,F I,2,288.55
2025-10-06,10:16:19.772641586,T,IBM,F I,13,288.55
2025-10-06,10:16:19.772677668,T,IBM,I,2,288.55
2025-10-06,10:16:19.772680737,T,IBM,I,13,288.55
2025-10-06,10:16:19.773591917,T,IBM,F I,9,288.56
2025-10-06,10:16:19.773603884,T,IBM,F I,27,288.56
2025-10-06,10:16:19.773606873,T,IBM,F I,9,288.56
2025-10-06,10:16:19.773612896,T,IBM,F I,27,288.56
2025-10-06,10:16:19.773658376,T,IBM,I,16,288.56
2025-10-06,10:16:19.773682120,T,IBM,F I,27,288.57
2025-10-06,10:16:19.773712212,T,IBM,F,100,288.56
2025-10-06,10:16:19.773721210,T,IBM,F I,1,288.55
2025-10-06,10:16:19.773799369,T,IBM,I,12,288.52
2025-10-06,10:16:19.773937660,T,IBM,F I,1,288.56
2025-10-06,10:16:26.064652870,T,IBM,F I,40,288.61
2025-10-06,10:16:26.064652870,T,IBM,F I,2,288.57
2025-10-06,10:16:26.064655720,T,IBM,F I,53,288.56
2025-10-06,10:16:26.064682786,T,IBM,I,42,288.56
2025-10-06,10:16:26.064682786,T,IBM,I,24,288.56
2025-10-06,10:16:26.065242168,T,IBM,I,40,288.57
2025-10-06,10:16:26.065245744,T,IBM,I,2,288.56
2025-10-06,10:16:26.065245744,T,IBM,I,50,288.56
2025-10-06,10:16:26.065248150,T,IBM,F I,2,288.56
2025-10-06,10:16:26.065248150,T,IBM,F I,2,288.56
2025-10-06,10:16:31.069687052,T,IBM,I,55,288.56
2025-10-06,10:16:31.069690339,T,IBM,I,11,288.56
2025-10-06,10:16:31.069690339,T,IBM,I,20,288.56
2025-10-06,10:16:46.110912645,T,IBM,I,15,288.66
2025-10-06,10:16:46.110940148,T,IBM,F I,5,288.67
2025-10-06,10:16:46.110942667,T,IBM,F I,10,288.67
2025-10-06,10:16:46.110963718,T,IBM,I,6,288.67
2025-10-06,10:16:46.110963718,T,IBM,I,6,288.67
2025-10-06,10:16:46.111147200,T,IBM,F I,10,288.67
2025-10-06,10:16:46.111165203,T,IBM,F I,78,288.67
2025-10-06,10:16:54.819485434,T,IBM,I,3,288.61
2025-10-06,10:16:56.464001399,T,IBM,I,5,288.61
2025-10-06,10:17:05.662774201,T,IBM,F I,5,288.58
2025-10-06,10:17:05.663135092,T,IBM,F I,1,288.56
2025-10-06,10:17:05.663156101,T,IBM,I,4,288.56
2025-10-06,10:17:14.452465275,T,IBM,F I,10,288.56
2025-10-06,10:17:14.929259311,T,IBM,F I,32,288.62
2025-10-06,10:17:33.825593980,T,IBM,F I,42,288.49
2025-10-06,10:17:33.826312728,T,IBM,F I,6,288.39
2025-10-06,10:17:33.826315693,T,IBM,F I,1,288.39
2025-10-06,10:17:34.868434590,T,IBM,I,32,288.46
2025-10-06,10:17:34.868494900,T,IBM,F I,22,288.47
2025-10-06,10:17:34.868494900,T,IBM,F I,10,288.47
2025-10-06,10:17:34.868573708,T,IBM,F I,10,288.49
2025-10-06,10:17:34.868578970,T,IBM,F,100,288.49
2025-10-06,10:17:34.868609594,T,IBM,F I,10,288.52
2025-10-06,10:17:34.868612080,T,IBM,F I,1,288.52
2025-10-06,10:17:34.868639145,T,IBM,F I,10,288.53
2025-10-06,10:17:34.868639145,T,IBM,F I,1,288.53
2025-10-06,10:17:34.868910121,T,IBM,F I,71,288.53
2025-10-06,10:17:34.868948795,T,IBM,F,119,288.53
2025-10-06,10:17:34.876461458,T,IBM,I,10,288.53
2025-10-06,10:17:34.876464389,T,IBM,I,3,288.53
2025-10-06,10:17:34.876467648,T,IBM,I,6,288.53
2025-10-06,10:17:34.876467648,T,IBM,I,10,288.56
2025-10-06,10:17:34.876469710,T,IBM,I,1,288.56
2025-10-06,10:17:34.880487309,T,IBM,F I,70,288.565
2025-10-06,10:17:46.387582751,T,IBM,I,1,288.47
2025-10-06,10:18:05.679812563,T,IBM,F I,31,288.55
2025-10-06,10:18:05.679812563,T,IBM,F I,40,288.55
2025-10-06,10:18:05.679815420,T,IBM,F I,29,288.55
2025-10-06,10:18:05.679833478,T,IBM,F I,41,288.55
2025-10-06,10:18:05.680074180,T,IBM,I,2,288.57
2025-10-06,10:18:05.680077043,T,IBM,I,5,288.57
2025-10-06,10:18:05.687679156,T,IBM,I,13,288.54
2025-10-06,10:18:06.066470271,T,IBM,F I,2,288.46
2025-10-06,10:18:06.066470271,T,IBM,F I,8,288.44
2025-10-06,10:18:06.066963571,T,IBM,F I,10,288.42
2025-10-06,10:18:06.067044265,T,IBM,F,200,288.42
2025-10-06,10:18:06.067077297,T,IBM,F I,12,288.43
2025-10-06,10:18:06.067227703,T,IBM,F I,1,288.47
2025-10-06,10:18:06.067273135,T,IBM,I,9,288.44
2025-10-06,10:18:06.067329868,T,IBM,F I,9,288.47
2025-10-06,10:18:06.067504388,T,IBM,F I,9,288.47
2025-10-06,10:18:06.067510300,T,IBM,F I,8,288.47
2025-10-06,10:18:06.068099730,T,IBM,F I,4,288.48
2025-10-06,10:18:06.068358339,T,IBM,I,13,288.45
2025-10-06,10:18:07.155319926,T,IBM,F I,3,288.56
2025-10-06,10:18:07.248975346,T,IBM,F I,2,288.56
2025-10-06,10:18:07.248995939,T,IBM,F I,2,288.56
2025-10-06,10:18:07.249011066,T,IBM,F I,2,288.56
2025-10-06,10:18:07.249389932,T,IBM,F I,2,288.56
2025-10-06,10:18:08.545589649,T,IBM,F I,2,288.56
2025-10-06,10:18:08.545613738,T,IBM,F I,2,288.56
2025-10-06,10:18:08.545646750,T,IBM,F I,2,288.56
2025-10-06,10:18:08.545695184,T,IBM,F I,2,288.56
2025-10-06,10:18:08.545737088,T,IBM,F I,2,288.56
2025-10-06,10:18:08.545761033,T,IBM,F I,2,288.56
2025-10-06,10:18:08.545971551,T,IBM,F I,2,288.56
2025-10-06,10:18:08.545995605,T,IBM,F I,86,288.56
2025-10-06,10:18:08.546055741,T,IBM,F I,2,288.57
2025-10-06,10:18:08.546116226,T,IBM,F I,2,288.58
2025-10-06,10:18:08.546116226,T,IBM,I,13,288.55
2025-10-06,10:18:12.008248886,T,IBM,I,2,288.57
2025-10-06,10:18:20.252949326,T,IBM,F I,1,288.57
2025-10-06,10:18:35.209108522,T,IBM,F I,45,288.585
2025-10-06,10:18:35.209162604,T,IBM,F I,45,288.585
2025-10-06,10:18:42.731357207,T,IBM,F I,45,288.61
2025-10-06,10:18:42.731378343,T,IBM,I,1,288.61
2025-10-06,10:18:42.732957040,T,IBM,F I,5,288.69
2025-10-06,10:18:50.142970577,T,IBM,F I,25,288.71
2025-10-06,10:18:50.142970577,T,IBM,F I,4,288.72
2025-10-06,10:18:50.142972871,T,IBM,F I,23,288.72
2025-10-06,10:18:50.142975749,T,IBM,F I,75,288.72
2025-10-06,10:18:50.142993819,T,IBM,F I,25,288.72
2025-10-06,10:18:50.143288506,T,IBM,F I,2,288.74
2025-10-06,10:18:50.143321579,T,IBM,F I,6,288.76
2025-10-06,10:18:50.176349222,T,IBM,F I,76,288.76
2025-10-06,10:18:50.176394349,T,IBM,F I,24,288.76
2025-10-06,10:18:50.176394349,T,IBM,F I,43,288.79
2025-10-06,10:18:50.176397299,T,IBM,F I,9,288.79
2025-10-06,10:18:50.176418394,T,IBM,I,1,288.79
2025-10-06,10:18:50.176436380,T,IBM,F I,23,288.79
2025-10-06,10:18:50.176520577,T,IBM,I,24,288.74
2025-10-06,10:18:50.176848455,T,IBM,I,24,288.73
2025-10-06,10:18:50.176872421,T,IBM,I,1,288.73
2025-10-06,10:18:50.524379794,T,IBM,F I,20,288.78
2025-10-06,10:18:50.524430869,T,IBM,F I,20,288.78
2025-10-06,10:18:50.525065432,T,IBM,F I,20,288.78
2025-10-06,10:18:50.532333857,T,IBM,F I,4,288.79
2025-10-06,10:18:50.532336747,T,IBM,F I,16,288.79
2025-10-06,10:18:52.290511296,T,IBM,F,100,288.82
2025-10-06,10:18:52.290556380,T,IBM,F I,16,288.85
2025-10-06,10:18:52.290556380,T,IBM,F I,9,288.85
2025-10-06,10:18:52.290565393,T,IBM,I,2,288.82
2025-10-06,10:18:52.290595511,T,IBM,I,7,288.87
2025-10-06,10:18:52.290661612,T,IBM,I,98,288.82
2025-10-06,10:18:52.290685676,T,IBM,I,2,288.82
2025-10-06,10:18:58.828793836,T,IBM,F,150,288.89
2025-10-06,10:19:23.820461756,T,IBM,F I,49,288.82
2025-10-06,10:19:23.820464850,T,IBM,F I,5,288.82
2025-10-06,10:19:23.820521988,T,IBM,F I,2,288.8
2025-10-06,10:19:23.820557987,T,IBM,F I,2,288.8
2025-10-06,10:19:41.886143476,T,IBM,I,20,288.7
2025-10-06,10:19:41.886161524,T,IBM,I,1,288.7
2025-10-06,10:19:41.886320869,T,IBM,I,21,288.7
2025-10-06,10:19:54.360933502,T,IBM,F I,2,288.69
2025-10-06,10:19:54.360933502,T,IBM,F I,8,288.68
2025-10-06,10:19:54.361182925,T,IBM,F I,2,288.68
2025-10-06,10:19:55.291164858,T,IBM,F I,2,288.68
2025-10-06,10:19:57.155711753,T,IBM,F I,3,288.71
2025-10-06,10:20:12.962782602,T,IBM,I,4,288.56
2025-10-06,10:20:18.421515947,T,IBM,F I,2,288.6
2025-10-06,10:21:03.929297942,T,IBM,F I,18,288.53
2025-10-06,10:21:03.929919802,T,IBM,F I,5,288.5
2025-10-06,10:21:04.786361511,T,IBM,F I,2,288.53
2025-10-06,10:21:04.786448708,T,IBM,F I,2,288.54
2025-10-06,10:21:17.249363558,T,IBM,F I,43,288.64
2025-10-06,10:21:17.249372467,T,IBM,F I,43,288.64
2025-10-06,10:21:17.297766668,T,IBM,I,43,288.65
2025-10-06,10:21:17.322753092,T,IBM,F I,49,288.7
2025-10-06,10:21:52.942427624,T,IBM,,100,288.66
2025-10-06,10:22:05.844441567,T,IBM,F,100,288.66
2025-10-06,10:22:30.260689494,T,IBM,F I,3,288.57
2025-10-06,10:22:30.260731601,T,IBM,I,1,288.56
2025-10-06,10:22:47.514853362,T,IBM,F I,1,288.44
2025-10-06,10:22:47.515151105,T,IBM,F I,5,288.43
2025-10-06,10:22:47.515178166,T,IBM,F I,10,288.43
2025-10-06,10:22:47.795806240,T,IBM,I,5,288.41
2025-10-06,10:22:51.524021805,T,IBM,I,3,288.38
2025-10-06,10:22:51.524039830,T,IBM,F I,29,288.38
2025-10-06,10:22:53.556828161,T,IBM,I,2,288.31
2025-10-06,10:22:53.556828161,T,IBM,I,1,288.31
2025-10-06,10:23:12.659624884,T,IBM,I,1,288.21
2025-10-06,10:23:12.660030797,T,IBM,I,50,288.22
2025-10-06,10:23:12.660033771,T,IBM,I,32,288.22
2025-10-06,10:23:12.664956571,T,IBM,I,40,288.23
2025-10-06,10:23:12.668264400,T,IBM,I,45,288.23
2025-10-06,10:23:12.668291495,T,IBM,F I,33,288.23
2025-10-06,10:23:16.992098832,T,IBM,I,40,288.3
2025-10-06,10:23:16.992102312,T,IBM,I,4,288.31
2025-10-06,10:23:16.992102312,T,IBM,I,2,288.32
2025-10-06,10:23:16.992105001,T,IBM,I,8,288.32
2025-10-06,10:23:16.992108364,T,IBM,I,6,288.32
2025-10-06,10:23:16.992108364,T,IBM,I,3,288.32
2025-10-06,10:23:16.992110799,T,IBM,I,70,288.32
2025-10-06,10:23:16.992116848,T,IBM,I,8,288.32
2025-10-06,10:23:16.992119830,T,IBM,I,22,288.32
2025-10-06,10:23:16.992123210,T,IBM,I,14,288.32
2025-10-06,10:23:16.992123210,T,IBM,I,16,288.32
2025-10-06,10:23:16.992143910,T,IBM,I,1,288.32
2025-10-06,10:23:16.992255169,T,IBM,F I,37,288.32
2025-10-06,10:23:26.564604366,T,IBM,F,100,288.43
2025-10-06,10:23:26.564622385,T,IBM,F I,82,288.44
2025-10-06,10:23:26.564631465,T,IBM,F I,18,288.44
2025-10-06,10:23:26.564631465,T,IBM,F I,2,288.44
2025-10-06,10:23:26.564634597,T,IBM,F I,9,288.44
2025-10-06,10:23:26.564637845,T,IBM,F I,50,288.44
2025-10-06,10:23:26.564637845,T,IBM,F I,10,288.44
2025-10-06,10:23:26.564640654,T,IBM,F I,11,288.44
2025-10-06,10:23:26.564643463,T,IBM,I,1,288.44
2025-10-06,10:23:26.564652507,T,IBM,F I,24,288.44
2025-10-06,10:23:26.564652507,T,IBM,F I,2,288.45
2025-10-06,10:23:26.564655460,T,IBM,F I,2,288.46
2025-10-06,10:23:30.479582471,T,IBM,F I,5,288.47
2025-10-06,10:23:41.656371374,T,IBM,I,5,288.47
2025-10-06,10:23:57.001642110,T,IBM,I,7,288.47
2025-10-06,10:23:57.001666256,T,IBM,I,7,288.47
2025-10-06,10:23:57.491240599,T,IBM,I,7,288.49
2025-10-06,10:23:57.750427544,T,IBM,I,2,288.48
2025-10-06,10:24:32.639061148,T,IBM,I,13,288.45
2025-10-06,10:24:32.639064198,T,IBM,I,2,288.49
2025-10-06,10:24:37.002406787,T,IBM,I,2,288.49
2025-10-06,10:24:37.002406787,T,IBM,I,3,288.49
2025-10-06,10:24:37.002409858,T,IBM,I,3,288.49
2025-10-06,10:24:37.002412836,T,IBM,I,6,288.49
2025-10-06,10:25:11.669076540,T,IBM,I,1,288.56
2025-10-06,10:25:11.669079479,T,IBM,I,2,288.58
2025-10-06,10:25:11.669079479,T,IBM,I,2,288.58
2025-10-06,10:25:11.669085417,T,IBM,F I,1,288.58
2025-10-06,10:25:11.669320032,T,IBM,F I,20,288.6
2025-10-06,10:25:24.488549820,T,IBM,F I,1,288.59
2025-10-06,10:25:24.489079049,T,IBM,F I,7,288.64
2025-10-06,10:25:34.544417184,T,IBM,F I,12,288.66
2025-10-06,10:25:37.616359414,T,IBM,I,6,288.67
2025-10-06,10:25:37.616359414,T,IBM,I,25,288.67
2025-10-06,10:25:37.616362436,T,IBM,I,25,288.67
2025-10-06,10:25:37.616377440,T,IBM,I,52,288.67
2025-10-06,10:25:37.616380404,T,IBM,I,1,288.67
2025-10-06,10:25:37.616389664,T,IBM,F I,45,288.68
2025-10-06,10:25:37.616392492,T,IBM,F I,44,288.69
2025-10-06,10:25:37.616413547,T,IBM,F I,45,288.69
2025-10-06,10:25:37.616440603,T,IBM,F,105,288.7
2025-10-06,10:25:37.616500706,T,IBM,F I,1,288.71
2025-10-06,10:25:37.616527885,T,IBM,F I,7,288.72
2025-10-06,10:25:50.011426549,T,IBM,F I,2,288.67
2025-10-06,10:25:56.124710024,T,IBM,F I,7,288.64
2025-10-06,10:26:00.056080102,T,IBM,F,100,288.52
2025-10-06,10:26:00.056083129,T,IBM,F I,7,288.52
2025-10-06,10:26:00.107090591,T,IBM,I,1,288.47
2025-10-06,10:26:00.389916920,T,IBM,F I,7,288.43
2025-10-06,10:26:00.389916920,T,IBM,F I,93,288.43
2025-10-06,10:26:00.389929007,T,IBM,F I,4,288.42
2025-10-06,10:26:00.389959099,T,IBM,F I,3,288.42
2025-10-06,10:26:00.389968539,T,IBM,F I,3,288.4
2025-10-06,10:26:00.390004168,T,IBM,F I,1,288.4
2025-10-06,10:26:03.691428678,T,IBM,,100,288.495
2025-10-06,10:26:06.122611361,T,IBM,F I,2,288.48
2025-10-06,10:26:07.121541379,T,IBM,F I,50,288.46
2025-10-06,10:26:09.584464671,T,IBM,F I,4,288.4
2025-10-06,10:26:09.584485773,T,IBM,F I,5,288.4
2025-10-06,10:26:19.859265149,T,IBM,F I,5,288.38
2025-10-06,10:26:19.859268093,T,IBM,F I,95,288.38
2025-10-06,10:26:19.859367617,T,IBM,I,3,288.37
2025-10-06,10:26:19.859371143,T,IBM,I,5,288.37
2025-10-06,10:26:19.859397672,T,IBM,I,5,288.38
2025-10-06,10:26:19.859523797,T,IBM,I,7,288.37
2025-10-06,10:26:19.860016892,T,IBM,F,100,288.38
2025-10-06,10:26:19.860188374,T,IBM,F I,1,288.38
2025-10-06,10:26:19.860239644,T,IBM,,100,288.4
2025-10-06,10:26:19.861027331,T,IBM,I,6,288.39
2025-10-06,10:26:19.861782174,T,IBM,F I,5,288.39
2025-10-06,10:26:19.861785266,T,IBM,I,89,288.39
2025-10-06,10:26:19.862305420,T,IBM,F I,2,288.38
2025-10-06,10:26:19.865730547,T,IBM,F,100,288.46
2025-10-06,10:26:19.865736565,T,IBM,F,300,288.46
2025-10-06,10:26:19.865757619,T,IBM,I,2,288.46
2025-10-06,10:26:19.865778801,T,IBM,I,1,288.46
2025-10-06,10:26:19.865784607,T,IBM,F I,97,288.46
2025-10-06,10:26:19.865784607,T,IBM,F I,1,288.46
2025-10-06,10:26:19.889463049,T,IBM,I,32,288.41
2025-10-06,10:26:19.889463049,T,IBM,I,40,288.4
2025-10-06,10:26:20.017946841,T,IBM,I,1,288.41
2025-10-06,10:26:34.317176875,T,IBM,I,40,288.41
2025-10-06,10:26:42.312427748,T,IBM,F I,99,288.46
2025-10-06,10:26:42.312430758,T,IBM,F,100,288.46
2025-10-06,10:26:42.312430758,T,IBM,F,100,288.46
2025-10-06,10:26:42.312734489,T,IBM,F I,10,288.46
2025-10-06,10:27:05.417599861,T,IBM,I,10,288.49
2025-10-06,10:27:06.221467570,T,IBM,I,7,288.49
2025-10-06,10:27:06.221515663,T,IBM,I,10,288.49
2025-10-06,10:27:06.221518648,T,IBM,I,3,288.49
2025-10-06,10:27:06.221569810,T,IBM,I,20,288.49
2025-10-06,10:27:08.958451360,T,IBM,I,20,288.49
2025-10-06,10:27:22.743009215,T,IBM,I,1,288.49
2025-10-06,10:27:34.352868067,T,IBM,I,13,288.49
2025-10-06,10:27:34.352982346,T,IBM,I,3,288.5
2025-10-06,10:27:34.935027025,T,IBM,I,2,288.49
2025-10-06,10:27:34.935030037,T,IBM,I,13,288.49
2025-10-06,10:27:34.935799814,T,IBM,F I,2,288.49
2025-10-06,10:27:37.124247782,T,IBM,F I,1,288.45
2025-10-06,10:27:37.124247782,T,IBM,F I,1,288.45
2025-10-06,10:27:37.124307907,T,IBM,I,9,288.46
2025-10-06,10:27:37.124506609,T,IBM,I,9,288.45
2025-10-06,10:27:37.124627213,T,IBM,I,4,288.46
2025-10-06,10:27:37.148181716,T,IBM,I,68,288.48
2025-10-06,10:27:37.148202750,T,IBM,I,1,288.48
2025-10-06,10:27:42.500287157,T,IBM,I,10,288.51
2025-10-06,10:27:42.500320238,T,IBM,F I,1,288.52
2025-10-06,10:27:43.567515853,T,IBM,F I,1,288.49
2025-10-06,10:28:33.299576548,T,IBM,I,1,288.43
2025-10-06,10:28:50.004615495,T,IBM,I,2,288.44
2025-10-06,10:28:50.004934257,T,IBM,I,7,288.45
2025-10-06,10:28:50.004994378,T,IBM,I,8,288.45
2025-10-06,10:28:50.005000365,T,IBM,I,8,288.45
2025-10-06,10:28:50.005000365,T,IBM,I,84,288.45
2025-10-06,10:29:14.592307862,T,IBM,I,1,288.48
2025-10-06,10:29:14.592307862,T,IBM,I,3,288.48
2025-10-06,10:29:14.592310894,T,IBM,I,1,288.48
2025-10-06,10:29:14.592310894,T,IBM,F I,6,288.48
2025-10-06,10:29:17.147027381,T,IBM,F I,4,288.56
2025-10-06,10:29:17.147072481,T,IBM,I,1,288.56
2025-10-06,10:29:17.147072481,T,IBM,I,1,288.56
2025-10-06,10:29:19.135700761,T,IBM,I,10,288.6
2025-10-06,10:29:19.135706777,T,IBM,,100,288.6
2025-10-06,10:29:19.135706777,T,IBM,,100,288.6
2025-10-06,10:29:19.136362339,T,IBM,F I,12,288.58
2025-10-06,10:29:19.136395375,T,IBM,F I,20,288.58
2025-10-06,10:29:22.569903163,T,IBM,I,15,288.59
2025-10-06,10:30:10.840783215,T,IBM,I,1,288.56
2025-10-06,10:30:25.361569367,T,IBM,F I,2,288.37
2025-10-06,10:30:25.361572416,T,IBM,F I,18,288.37
2025-10-06,10:30:25.361803506,T,IBM,F I,2,288.36
2025-10-06,10:30:25.587608309,T,IBM,F I,1,288.32
2025-10-06,10:30:25.587650215,T,IBM,I,1,288.32
2025-10-06,10:30:28.586337963,T,IBM,F I,10,288.3
2025-10-06,10:30:31.615780074,T,IBM,I,10,288.3
2025-10-06,10:30:32.567870567,T,IBM,F I,10,288.3
2025-10-06,10:30:32.567894623,T,IBM,I,10,288.3
2025-10-06,10:30:32.567924986,T,IBM,F I,10,288.3
2025-10-06,10:30:32.567927665,T,IBM,F I,6,288.3
2025-10-06,10:30:32.567942770,T,IBM,I,10,288.3
2025-10-06,10:30:32.567945692,T,IBM,F I,10,288.3
2025-10-06,10:30:32.567951771,T,IBM,F I,10,288.3
2025-10-06,10:30:32.567954726,T,IBM,F I,34,288.3
2025-10-06,10:30:32.568084131,T,IBM,F I,10,288.29
2025-10-06,10:30:32.568559172,T,IBM,F I,3,288.27
2025-10-06,10:30:32.568562218,T,IBM,F I,20,288.26
2025-10-06,10:30:32.568565237,T,IBM,F,100,288.25
2025-10-06,10:30:32.568568286,T,IBM,F I,1,288.25
2025-10-06,10:30:35.625805342,T,IBM,F I,38,288.2
2025-10-06,10:30:35.625847476,T,IBM,F I,3,288.19
2025-10-06,10:30:36.012348649,T,IBM,I,10,288.17
2025-10-06,10:30:36.013121464,T,IBM,F,200,288.1
2025-10-06,10:30:36.013389367,T,IBM,F I,1,288.08
2025-10-06,10:30:36.013389367,T,IBM,F I,6,288.08
2025-10-06,10:30:36.013816118,T,IBM,F I,90,288.05
2025-10-06,10:30:36.013840090,T,IBM,F I,10,288.05
2025-10-06,10:30:36.013840090,T,IBM,F I,1,288.05
