DATE,TIME_M,EX,SYM_ROOT,TR_SCOND,SIZE,PRICE
2025-12-04,9:30:00.339901222,T,IBM,T,100,303.16
2025-12-04,9:30:00.339901222,T,IBM,T,65,303.24
2025-12-04,9:30:00.410362574,T,IBM,FTI,5,303.15
2025-12-04,9:30:00.410743941,T,IBM,FTI,1,303.15
2025-12-04,9:30:01.150246551,T,IBM,,100,302.65
2025-12-04,9:30:01.150246551,T,IBM,,40,302.62
2025-12-04,9:30:01.150249347,T,IBM,I,5,302.62
2025-12-04,9:30:01.150291453,T,IBM,Q,100,302.65
2025-12-04,9:30:01.150300566,T,IBM,I,1,302.63
2025-12-04,9:30:01.339096013,T,IBM,F I,2,302.64
2025-12-04,9:30:02.136955567,T,IBM,,46,302.66
2025-12-04,9:30:02.272945256,T,IBM,I,1,302.74
2025-12-04,9:30:03.179005200,T,IBM,I,4,302.74
2025-12-04,9:30:03.179009108,T,IBM,I,5,302.74
2025-12-04,9:30:03.179009108,T,IBM,I,5,302.66
2025-12-04,9:30:03.684577729,T,IBM,I,14,302.66
2025-12-04,9:30:04.000768448,T,IBM,I,1,302.65
2025-12-04,9:30:23.500410900,T,IBM,F I,5,302.92
2025-12-04,9:30:23.500413917,T,IBM,F I,5,302.92
2025-12-04,9:30:29.209066274,T,IBM,F,100,302.93
2025-12-04,9:30:29.209123350,T,IBM,,78,302.96
2025-12-04,9:30:29.209126248,T,IBM,,226,302.96
2025-12-04,9:30:29.209129272,T,IBM,I,1,302.96
2025-12-04,9:30:29.210184798,T,IBM,F I,35,303.24
2025-12-04,9:30:45.225008226,T,IBM,I,22,302.98
2025-12-04,9:30:45.225011248,T,IBM,I,18,302.98
2025-12-04,9:30:45.225218748,T,IBM,I,7,302.97
2025-12-04,9:30:45.225242797,T,IBM,F I,33,302.97
2025-12-04,9:30:45.225242797,T,IBM,F I,34,302.97
2025-12-04,9:30:46.350476642,T,IBM,I,5,302.92
2025-12-04,9:30:46.350498015,T,IBM,F I,35,302.92
2025-12-04,9:30:46.350500722,T,IBM,F I,4,302.92
2025-12-04,9:30:46.350503638,T,IBM,F,40,302.92
2025-12-04,9:30:46.360821481,T,IBM,F I,30,302.74
2025-12-04,9:30:46.360824222,T,IBM,F I,9,302.74
2025-12-04,9:30:46.360845301,T,IBM,I,10,302.69
2025-12-04,9:30:46.360860363,T,IBM,F I,10,302.69
2025-12-04,9:30:46.360887421,T,IBM,F I,5,302.69
2025-12-04,9:30:46.360887421,T,IBM,F I,5,302.69
2025-12-04,9:30:46.361115923,T,IBM,F I,10,302.68
2025-12-04,9:30:46.362502407,T,IBM,I,16,302.63
2025-12-04,9:30:52.933364061,T,IBM,F I,15,302.59
2025-12-04,9:31:04.528069961,T,IBM,I,2,302.74
2025-12-04,9:31:04.528073049,T,IBM,F I,2,302.74
2025-12-04,9:31:04.528073049,T,IBM,F I,1,302.74
2025-12-04,9:31:04.528076111,T,IBM,F I,1,302.74
2025-12-04,9:31:04.528076111,T,IBM,F I,2,302.76
2025-12-04,9:31:04.528475975,T,IBM,F I,1,302.81
2025-12-04,9:31:11.687670429,T,IBM,,100,302.93
2025-12-04,9:31:11.687992174,T,IBM,I,30,303.05
2025-12-04,9:31:11.688013224,T,IBM,I,1,303.04
2025-12-04,9:31:11.688019232,T,IBM,F I,1,303.04
2025-12-04,9:31:11.688040273,T,IBM,F I,1,303.04
2025-12-04,9:31:11.688190860,T,IBM,I,30,303.04
2025-12-04,9:31:11.688596606,T,IBM,I,1,302.96
2025-12-04,9:31:24.210863774,T,IBM,I,6,303.04
2025-12-04,9:31:27.657627241,T,IBM,I,1,303.05
2025-12-04,9:31:57.839537750,T,IBM,F I,5,302.9
2025-12-04,9:32:09.908583653,T,IBM,F I,30,303.05
2025-12-04,9:32:20.483071629,T,IBM,F I,2,303.05
2025-12-04,9:32:20.483098710,T,IBM,F I,2,303.0
2025-12-04,9:32:20.484638532,T,IBM,F I,11,303.05
2025-12-04,9:32:20.484662464,T,IBM,I,11,303.05
2025-12-04,9:32:20.484689480,T,IBM,F I,6,303.05
2025-12-04,9:32:20.485029301,T,IBM,F I,20,303.05
2025-12-04,9:32:20.485050681,T,IBM,I,1,303.05
2025-12-04,9:32:20.485050681,T,IBM,I,1,303.05
2025-12-04,9:32:20.485053351,T,IBM,I,2,303.05
2025-12-04,9:32:20.485086407,T,IBM,F I,20,303.05
2025-12-04,9:32:20.495419575,T,IBM,I,30,302.89
2025-12-04,9:32:20.495422102,T,IBM,I,17,302.89
2025-12-04,9:32:22.954890179,T,IBM,F I,6,302.82
2025-12-04,9:32:22.954896182,T,IBM,F,40,302.82
2025-12-04,9:32:22.954899138,T,IBM,F,40,302.82
2025-12-04,9:32:25.379505221,T,IBM,F I,1,302.64
2025-12-04,9:32:25.379505221,T,IBM,F,40,302.64
2025-12-04,9:32:25.911606971,T,IBM,,100,302.75
2025-12-04,9:32:27.632724584,T,IBM,F I,10,302.85
2025-12-04,9:32:27.632724584,T,IBM,F I,13,302.85
2025-12-04,9:32:27.632790474,T,IBM,F,40,302.88
2025-12-04,9:32:32.623490135,T,IBM,F I,17,303.34
2025-12-04,9:32:43.595009695,T,IBM,I,1,303.35
2025-12-04,9:32:44.672730418,T,IBM,F I,30,303.4
2025-12-04,9:32:52.521024428,T,IBM,F I,5,303.38
2025-12-04,9:33:14.321895634,T,IBM,I,5,303.34
2025-12-04,9:33:14.321895634,T,IBM,I,5,303.3
2025-12-04,9:34:12.634842814,T,IBM,F,40,303.35
2025-12-04,9:34:12.634896921,T,IBM,F,40,303.34
2025-12-04,9:34:12.635305930,T,IBM,F,40,303.33
2025-12-04,9:34:12.635835251,T,IBM,I,8,303.39
2025-12-04,9:34:12.636054715,T,IBM,I,1,303.28
2025-12-04,9:34:12.636057792,T,IBM,,40,303.28
2025-12-04,9:34:12.636057792,T,IBM,,40,303.28
2025-12-04,9:34:50.321632396,T,IBM,F I,1,303.37
2025-12-04,9:34:50.321764739,T,IBM,F I,2,303.44
2025-12-04,9:34:50.321770680,T,IBM,F I,2,303.44
2025-12-04,9:34:50.322023314,T,IBM,F I,26,303.44
2025-12-04,9:34:50.322047417,T,IBM,F,74,303.44
2025-12-04,9:34:50.322098481,T,IBM,F,75,303.43
2025-12-04,9:34:50.724296949,T,IBM,I,1,303.49
2025-12-04,9:35:00.774808869,T,IBM,F,40,303.39
2025-12-04,9:35:00.774811899,T,IBM,F,327,303.39
2025-12-04,9:35:00.774826940,T,IBM,I,33,303.39
2025-12-04,9:35:00.774896379,T,IBM,F I,5,303.38
2025-12-04,9:35:00.774896379,T,IBM,F,40,303.38
2025-12-04,9:35:03.015824712,T,IBM,F,100,303.07
2025-12-04,9:35:03.372488727,T,IBM,F I,15,303.11
2025-12-04,9:35:13.846507581,T,IBM,F I,15,303.23
2025-12-04,9:35:35.129425138,T,IBM,F,49,303.25
2025-12-04,9:35:35.129428095,T,IBM,F I,14,303.24
2025-12-04,9:35:35.550427352,T,IBM,I,2,303.31
2025-12-04,9:35:35.550436358,T,IBM,I,2,303.31
2025-12-04,9:35:35.551269394,T,IBM,I,2,303.32
2025-12-04,9:35:35.551516012,T,IBM,I,2,303.32
2025-12-04,9:35:35.555067437,T,IBM,I,2,303.32
2025-12-04,9:35:35.557386185,T,IBM,I,2,303.32
2025-12-04,9:35:35.571378229,T,IBM,I,2,303.32
2025-12-04,9:35:36.085028075,T,IBM,I,2,303.32
2025-12-04,9:35:36.085079191,T,IBM,I,2,303.32
2025-12-04,9:35:36.085269023,T,IBM,I,2,303.32
2025-12-04,9:35:36.085325820,T,IBM,I,2,303.32
2025-12-04,9:35:36.085491203,T,IBM,I,2,303.32
2025-12-04,9:35:36.085749749,T,IBM,I,2,303.32
2025-12-04,9:35:36.085833984,T,IBM,I,2,303.32
2025-12-04,9:35:36.086140765,T,IBM,I,2,303.32
2025-12-04,9:35:36.087560154,T,IBM,I,2,303.32
2025-12-04,9:35:40.328869303,T,IBM,F I,30,303.15
2025-12-04,9:35:40.328869303,T,IBM,F I,5,303.13
2025-12-04,9:35:40.477732470,T,IBM,I,10,303.27
2025-12-04,9:35:40.477762856,T,IBM,I,1,303.31
2025-12-04,9:35:40.478003096,T,IBM,F I,1,303.32
2025-12-04,9:35:40.478093378,T,IBM,F I,2,303.36
2025-12-04,9:35:40.478827412,T,IBM,I,5,303.43
2025-12-04,9:35:43.710374150,T,IBM,I,27,303.49
2025-12-04,9:35:43.710476746,T,IBM,F I,5,303.51
2025-12-04,9:35:43.710476746,T,IBM,F I,22,303.51
2025-12-04,9:35:43.710479567,T,IBM,I,1,303.51
2025-12-04,9:35:43.710497501,T,IBM,I,1,303.51
2025-12-04,9:35:43.710500473,T,IBM,F,76,303.51
2025-12-04,9:35:51.993358803,T,IBM,,40,303.44
2025-12-04,9:35:51.993361774,T,IBM,,40,303.44
2025-12-04,9:35:54.997826303,T,IBM,F I,1,303.4
2025-12-04,9:36:12.848158827,T,IBM,F I,2,303.22
2025-12-04,9:37:06.383845034,T,IBM,F I,3,303.63
2025-12-04,9:37:06.384633000,T,IBM,I,9,303.71
2025-12-04,9:37:06.386046360,T,IBM,I,30,303.76
2025-12-04,9:37:06.386046360,T,IBM,I,10,303.78
2025-12-04,9:37:06.611730538,T,IBM,F I,2,303.79
2025-12-04,9:37:06.611745620,T,IBM,F I,38,303.79
2025-12-04,9:37:15.671897430,T,IBM,F,40,303.61
2025-12-04,9:37:15.671897430,T,IBM,F,120,303.61
2025-12-04,9:37:15.671936522,T,IBM,I,35,303.61
2025-12-04,9:37:15.671957666,T,IBM,F,65,303.61
2025-12-04,9:37:15.671957666,T,IBM,F I,2,303.62
2025-12-04,9:37:21.293152475,T,IBM,F I,15,303.56
2025-12-04,9:37:21.293317889,T,IBM,I,15,303.56
2025-12-04,9:37:21.293777952,T,IBM,I,30,303.49
2025-12-04,9:37:31.251524461,T,IBM,F I,19,303.38
2025-12-04,9:37:31.251542517,T,IBM,F I,21,303.38
2025-12-04,9:37:31.251545458,T,IBM,F,40,303.38
2025-12-04,9:37:50.832501349,T,IBM,I,2,303.34
2025-12-04,9:37:50.832504228,T,IBM,I,18,303.35
2025-12-04,9:37:50.832513295,T,IBM,I,2,303.35
2025-12-04,9:37:52.215084652,T,IBM,F,125,303.35
2025-12-04,9:37:52.280376168,T,IBM,I,2,303.26
2025-12-04,9:37:53.179008344,T,IBM,I,28,303.2
2025-12-04,9:38:48.214145545,T,IBM,F I,9,303.24
2025-12-04,9:38:48.214148452,T,IBM,F I,2,303.24
2025-12-04,9:38:50.515046022,T,IBM,F,100,303.21
2025-12-04,9:38:50.515049084,T,IBM,F,100,303.22
2025-12-04,9:38:50.515052035,T,IBM,F,67,303.23
2025-12-04,9:38:50.515054935,T,IBM,F,253,303.24
2025-12-04,9:38:50.515064453,T,IBM,F,267,303.24
2025-12-04,9:38:50.516128496,T,IBM,F I,1,303.36
2025-12-04,9:39:01.254963756,T,IBM,I,8,303.45
2025-12-04,9:39:01.254990733,T,IBM,I,9,303.52
2025-12-04,9:39:01.255014838,T,IBM,F I,15,303.45
2025-12-04,9:39:01.255033346,T,IBM,F I,15,303.45
2025-12-04,9:39:01.255033346,T,IBM,F I,15,303.45
2025-12-04,9:39:01.255035965,T,IBM,F I,15,303.45
2025-12-04,9:39:01.255035965,T,IBM,I,15,303.45
2025-12-04,9:39:01.255044877,T,IBM,,60,303.45
2025-12-04,9:39:01.255309653,T,IBM,I,2,303.45
2025-12-04,9:39:11.114406367,T,IBM,F,100,303.415
2025-12-04,9:39:38.505865054,T,IBM,F I,1,303.56
2025-12-04,9:40:08.605096924,T,IBM,I,1,303.62
2025-12-04,9:40:08.605096924,T,IBM,I,1,303.62
2025-12-04,9:40:08.605099669,T,IBM,I,1,303.62
2025-12-04,9:40:08.605147694,T,IBM,I,3,303.63
2025-12-04,9:40:08.605184217,T,IBM,F I,8,303.63
2025-12-04,9:40:08.605187533,T,IBM,F I,1,303.63
2025-12-04,9:40:08.605187533,T,IBM,F I,1,303.63
2025-12-04,9:40:08.605998606,T,IBM,I,1,303.62
2025-12-04,9:40:08.606449694,T,IBM,I,30,303.71
2025-12-04,9:40:08.606449694,T,IBM,I,10,303.73
2025-12-04,9:40:08.606479703,T,IBM,F I,30,303.73
2025-12-04,9:40:08.613510464,T,IBM,I,30,303.72
2025-12-04,9:40:08.633784691,T,IBM,I,6,303.75
2025-12-04,9:40:08.633856854,T,IBM,I,24,303.75
2025-12-04,9:40:08.728919214,T,IBM,I,7,303.78
2025-12-04,9:40:09.060118725,T,IBM,I,23,303.78
2025-12-04,9:40:09.060118725,T,IBM,I,17,303.78
2025-12-04,9:40:09.060253887,T,IBM,I,30,303.77
2025-12-04,9:40:09.060256932,T,IBM,I,10,303.78
2025-12-04,9:40:09.143495141,T,IBM,F,40,303.79
2025-12-04,9:40:09.143531219,T,IBM,I,9,303.84
2025-12-04,9:40:09.341480463,T,IBM,F I,8,303.95
2025-12-04,9:40:09.341973612,T,IBM,,40,303.96
2025-12-04,9:40:09.342235548,T,IBM,,45,303.92
2025-12-04,9:40:09.342397584,T,IBM,F,45,303.92
2025-12-04,9:40:09.342400746,T,IBM,F,100,303.925
2025-12-04,9:40:09.342400746,T,IBM,F,57,304.0
2025-12-04,9:40:09.342415723,T,IBM,I,1,303.97
2025-12-04,9:40:09.342460810,T,IBM,F,43,303.92
2025-12-04,9:40:09.342523976,T,IBM,I,2,303.92
2025-12-04,9:40:09.342530098,T,IBM,F I,7,303.95
2025-12-04,9:40:09.342611153,T,IBM,F I,10,303.89
2025-12-04,9:40:09.343071358,T,IBM,,100,303.89
2025-12-04,9:40:09.343071358,T,IBM,,167,303.89
2025-12-04,9:40:09.343074231,T,IBM,I,1,303.89
2025-12-04,9:40:11.353717805,T,IBM,F I,1,303.99
2025-12-04,9:40:11.353744891,T,IBM,F I,2,304.0
2025-12-04,9:40:11.353769015,T,IBM,F,141,304.0
2025-12-04,9:40:11.353769015,T,IBM,F I,1,304.0
2025-12-04,9:40:11.354556801,T,IBM,F I,1,304.04
2025-12-04,9:40:11.354848516,T,IBM,F I,16,303.98
2025-12-04,9:40:11.354864220,T,IBM,F,100,303.98
2025-12-04,9:40:11.354864220,T,IBM,F,100,303.97
2025-12-04,9:40:11.354866552,T,IBM,F,50,303.97
2025-12-04,9:40:11.355290585,T,IBM,I,10,304.01
2025-12-04,9:40:11.355290585,T,IBM,I,18,304.01
2025-12-04,9:40:11.355317888,T,IBM,I,5,304.01
2025-12-04,9:40:11.355320641,T,IBM,I,1,304.01
2025-12-04,9:40:11.355383782,T,IBM,I,4,304.01
2025-12-04,9:40:16.763058455,T,IBM,I,1,303.97
2025-12-04,9:40:17.489657242,T,IBM,F I,1,304.04
2025-12-04,9:40:32.120715437,T,IBM,,40,304.14
2025-12-04,9:40:32.399647524,T,IBM,F I,3,304.19
2025-12-04,9:40:32.399647524,T,IBM,F I,37,304.19
2025-12-04,9:40:32.400293946,T,IBM,F I,14,304.17
2025-12-04,9:40:32.410704822,T,IBM,I,21,304.05
2025-12-04,9:40:35.414582960,T,IBM,I,30,304.03
2025-12-04,9:40:52.393808207,T,IBM,F I,30,304.05
2025-12-04,9:40:58.344395340,T,IBM,F,40,304.0
2025-12-04,9:40:59.919157269,T,IBM,F I,1,304.2
2025-12-04,9:41:00.162688995,T,IBM,,100,304.18
2025-12-04,9:41:07.385605114,T,IBM,F,80,304.23
2025-12-04,9:41:09.973521006,T,IBM,I,19,304.34
2025-12-04,9:41:09.973545095,T,IBM,F I,33,304.35
2025-12-04,9:41:09.973569109,T,IBM,F I,33,304.35
2025-12-04,9:41:09.973572099,T,IBM,I,1,304.35
2025-12-04,9:41:11.245170310,T,IBM,F,100,304.26
2025-12-04,9:41:15.014505819,T,IBM,F I,30,304.34
2025-12-04,9:41:27.394163735,T,IBM,F I,1,304.28
2025-12-04,9:41:27.403543078,T,IBM,I,1,304.28
2025-12-04,9:41:27.403651323,T,IBM,I,1,304.27
2025-12-04,9:41:27.403789706,T,IBM,I,1,304.27
2025-12-04,9:41:27.403894858,T,IBM,I,1,304.27
2025-12-04,9:41:27.404066297,T,IBM,I,1,304.27
2025-12-04,9:41:27.404150478,T,IBM,I,1,304.27
2025-12-04,9:41:27.405359534,T,IBM,I,1,304.27
2025-12-04,9:41:28.702756074,T,IBM,I,1,304.28
2025-12-04,9:41:28.704827958,T,IBM,I,1,304.28
2025-12-04,9:41:28.725445035,T,IBM,I,1,304.29
2025-12-04,9:41:28.731101470,T,IBM,I,1,304.29
2025-12-04,9:41:28.792456555,T,IBM,I,1,304.29
2025-12-04,9:41:29.204900382,T,IBM,F I,3,304.2
2025-12-04,9:41:29.389079830,T,IBM,,100,304.2
2025-12-04,9:41:35.178669628,T,IBM,I,30,304.08
2025-12-04,9:41:44.450092337,T,IBM,I,30,304.06
2025-12-04,9:41:46.326015299,T,IBM,,100,304.03
2025-12-04,9:41:46.373158442,T,IBM,I,30,304.07
2025-12-04,9:41:46.468121530,T,IBM,I,9,304.01
2025-12-04,9:41:46.573487080,T,IBM,,40,304.0
2025-12-04,9:41:46.573507480,T,IBM,I,18,304.0
2025-12-04,9:41:46.573507480,T,IBM,I,32,304.0
2025-12-04,9:41:46.574547950,T,IBM,F I,5,304.03
2025-12-04,9:41:46.574556984,T,IBM,F I,2,304.04
2025-12-04,9:41:46.574568972,T,IBM,F I,10,304.05
2025-12-04,9:41:46.574574951,T,IBM,F I,8,304.06
2025-12-04,9:41:46.575161612,T,IBM,I,1,304.01
2025-12-04,9:42:05.693357567,T,IBM,,40,303.94
2025-12-04,9:42:05.693378869,T,IBM,I,28,303.94
2025-12-04,9:42:05.693381615,T,IBM,I,1,303.94
2025-12-04,9:42:05.693381615,T,IBM,I,21,303.94
2025-12-04,9:42:20.912522494,T,IBM,I,11,303.9
2025-12-04,9:42:20.921165089,T,IBM,I,11,303.9
2025-12-04,9:42:20.921799613,T,IBM,I,11,303.9
2025-12-04,9:42:20.923838663,T,IBM,F I,7,303.9
2025-12-04,9:42:20.923841383,T,IBM,F I,4,303.82
2025-12-04,9:42:20.931882594,T,IBM,I,6,303.82
2025-12-04,9:42:20.931885528,T,IBM,I,1,303.82
2025-12-04,9:42:20.932373016,T,IBM,I,6,303.82
2025-12-04,9:42:20.968494681,T,IBM,F,40,303.8
2025-12-04,9:42:20.986230974,T,IBM,F I,4,303.8
2025-12-04,9:42:21.052466613,T,IBM,F I,15,303.83
2025-12-04,9:42:21.265830582,T,IBM,F,40,303.93
2025-12-04,9:42:21.266083129,T,IBM,F,40,303.95
2025-12-04,9:42:21.266104223,T,IBM,I,1,303.95
2025-12-04,9:42:21.266338785,T,IBM,F I,1,303.95
2025-12-04,9:42:21.266356829,T,IBM,I,1,303.95
2025-12-04,9:42:21.322557673,T,IBM,F I,38,303.95
2025-12-04,9:42:21.336032692,T,IBM,I,37,303.95
2025-12-04,9:42:21.336059804,T,IBM,F I,3,303.93
2025-12-04,9:42:34.051301820,T,IBM,F I,26,304.06
2025-12-04,9:42:34.051304938,T,IBM,F,80,304.06
2025-12-04,9:42:34.051358936,T,IBM,,100,304.06
2025-12-04,9:42:34.051388969,T,IBM,F,40,304.06
2025-12-04,9:42:34.051392041,T,IBM,F,43,304.07
2025-12-04,9:42:34.051527341,T,IBM,F I,37,304.07
2025-12-04,9:42:34.051906280,T,IBM,F I,18,304.06
2025-12-04,9:42:34.052847668,T,IBM,F,60,304.04
2025-12-04,9:42:34.052850497,T,IBM,F,65,304.03
2025-12-04,9:42:34.052904672,T,IBM,I,13,304.07
2025-12-04,9:42:34.052946731,T,IBM,F I,10,304.07
2025-12-04,9:42:34.154501597,T,IBM,,60,304.01
2025-12-04,9:42:34.154504490,T,IBM,,40,304.01
2025-12-04,9:42:35.623534986,T,IBM,F I,24,303.97
2025-12-04,9:42:35.623534986,T,IBM,F,60,303.97
2025-12-04,9:42:52.313720636,T,IBM,F,40,303.78
2025-12-04,9:42:52.313943625,T,IBM,I,30,303.83
2025-12-04,9:42:52.313946429,T,IBM,,40,303.85
2025-12-04,9:42:52.313949127,T,IBM,,42,303.86
2025-12-04,9:42:52.313973884,T,IBM,F I,25,303.86
2025-12-04,9:42:52.313973884,T,IBM,F I,9,303.86
2025-12-04,9:42:55.245036218,T,IBM,F I,20,303.6
2025-12-04,9:42:55.245038987,T,IBM,F I,1,303.6
2025-12-04,9:42:59.134817055,T,IBM,F I,36,303.55
2025-12-04,9:42:59.134829158,T,IBM,F I,4,303.55
2025-12-04,9:43:16.519587410,T,IBM,F,100,303.36
2025-12-04,9:43:16.520871467,T,IBM,,40,303.43
2025-12-04,9:43:16.520901501,T,IBM,I,30,303.42
2025-12-04,9:43:16.520901501,T,IBM,,116,303.44
2025-12-04,9:43:16.520928608,T,IBM,F I,12,303.44
2025-12-04,9:43:16.520928608,T,IBM,F I,18,303.44
2025-12-04,9:43:23.037065963,T,IBM,F,40,303.38
2025-12-04,9:43:28.901729663,T,IBM,F,100,303.38
2025-12-04,9:43:28.901733188,T,IBM,F I,25,303.4
2025-12-04,9:43:28.901801777,T,IBM,,40,303.4
2025-12-04,9:43:31.332448938,T,IBM,F I,21,303.44
2025-12-04,9:43:41.556127613,T,IBM,,40,303.47
2025-12-04,9:43:45.592137750,T,IBM,F,40,303.48
2025-12-04,9:43:45.714637460,T,IBM,F I,1,303.43
2025-12-04,9:43:49.162384148,T,IBM,F,85,303.53
2025-12-04,9:43:49.162417240,T,IBM,I,39,303.54
2025-12-04,9:43:49.162420409,T,IBM,,46,303.54
2025-12-04,9:43:49.163286314,T,IBM,,158,303.53
2025-12-04,9:44:19.767157378,T,IBM,I,3,303.58
2025-12-04,9:44:19.767406972,T,IBM,I,2,303.64
2025-12-04,9:44:19.767406972,T,IBM,I,1,303.64
2025-12-04,9:44:48.844882995,T,IBM,F I,1,303.54
2025-12-04,9:44:55.193374284,T,IBM,F,52,303.45
2025-12-04,9:44:55.193395311,T,IBM,F,43,303.45
2025-12-04,9:45:04.854910240,T,IBM,I,39,303.65
2025-12-04,9:45:04.854910240,T,IBM,I,2,303.65
2025-12-04,9:45:04.854925637,T,IBM,I,1,303.65
2025-12-04,9:45:04.854927724,T,IBM,I,29,303.65
2025-12-04,9:45:04.855156386,T,IBM,I,10,303.65
2025-12-04,9:45:04.855159263,T,IBM,,40,303.65
2025-12-04,9:45:06.222998609,T,IBM,F I,2,303.73
2025-12-04,9:45:06.222998609,T,IBM,F,94,303.74
2025-12-04,9:45:06.223155093,T,IBM,I,6,303.74
2025-12-04,9:45:06.223155093,T,IBM,,59,303.76
2025-12-04,9:45:06.223175954,T,IBM,F I,21,303.76
2025-12-04,9:45:07.546259761,T,IBM,I,20,303.77
2025-12-04,9:45:09.492694612,T,IBM,F I,6,303.68
2025-12-04,9:45:09.492694612,T,IBM,F I,34,303.68
2025-12-04,9:45:09.492697537,T,IBM,F,40,303.68
2025-12-04,9:45:09.492968071,T,IBM,I,12,303.69
2025-12-04,9:45:10.594246775,T,IBM,I,20,303.78
2025-12-04,9:45:11.670121305,T,IBM,F,40,303.79
2025-12-04,9:45:11.670124050,T,IBM,F,40,303.79
2025-12-04,9:45:32.827255288,T,IBM,F,67,303.88
2025-12-04,9:45:32.827257953,T,IBM,F I,13,303.89
2025-12-04,9:45:32.827260918,T,IBM,F,73,303.89
2025-12-04,9:45:32.827272945,T,IBM,I,1,303.89
2025-12-04,9:45:32.827278929,T,IBM,F I,26,303.89
2025-12-04,9:45:32.827278929,T,IBM,F,40,303.89
2025-12-04,9:45:32.827281921,T,IBM,F I,1,303.89
2025-12-04,9:45:32.827324053,T,IBM,F I,1,303.89
2025-12-04,9:45:32.827336049,T,IBM,F I,1,303.89
2025-12-04,9:45:32.827360061,T,IBM,I,38,303.89
2025-12-04,9:45:32.827360061,T,IBM,,41,303.89
2025-12-04,9:45:32.827363192,T,IBM,,40,303.89
2025-12-04,9:45:32.827366540,T,IBM,I,34,303.89
2025-12-04,9:45:32.827672831,T,IBM,F I,14,303.89
2025-12-04,9:45:32.828385792,T,IBM,,40,303.87
2025-12-04,9:45:32.828842717,T,IBM,I,32,303.89
2025-12-04,9:45:32.828842717,T,IBM,I,8,303.89
2025-12-04,9:45:33.077754204,T,IBM,I,2,303.78
2025-12-04,9:45:34.085143382,T,IBM,F,125,303.71
2025-12-04,9:45:34.085338863,T,IBM,I,35,303.71
2025-12-04,9:45:34.193044449,T,IBM,,40,303.65
2025-12-04,9:45:34.193271790,T,IBM,F,45,303.64
2025-12-04,9:45:34.193410166,T,IBM,F,40,303.61
2025-12-04,9:45:34.198805011,T,IBM,F,40,303.61
2025-12-04,9:45:34.198807922,T,IBM,F,80,303.61
2025-12-04,9:45:37.503026157,T,IBM,F I,26,303.68
2025-12-04,9:45:37.503101270,T,IBM,F I,24,303.68
2025-12-04,9:45:37.503101270,T,IBM,F I,26,303.69
2025-12-04,9:45:37.503672507,T,IBM,,55,303.68
2025-12-04,9:45:37.503675555,T,IBM,F,55,303.68
2025-12-04,9:45:37.510273260,T,IBM,I,30,303.62
2025-12-04,9:45:37.510303334,T,IBM,I,30,303.595
2025-12-04,9:45:37.512540646,T,IBM,F I,1,303.57
2025-12-04,9:45:37.512615973,T,IBM,I,20,303.56
2025-12-04,9:45:37.512727318,T,IBM,,100,303.54
2025-12-04,9:45:37.512727318,T,IBM,,97,303.56
2025-12-04,9:45:37.512730094,T,IBM,,180,303.56
2025-12-04,9:45:37.512748127,T,IBM,F,100,303.56
2025-12-04,9:45:46.072803270,T,IBM,F I,1,303.56
2025-12-04,9:45:46.072803270,T,IBM,F,80,303.6
2025-12-04,9:45:46.072830340,T,IBM,,69,303.61
2025-12-04,9:45:46.072848479,T,IBM,I,1,303.61
2025-12-04,9:45:46.072851643,T,IBM,F,97,303.61
2025-12-04,9:45:46.072851643,T,IBM,F I,1,303.61
2025-12-04,9:45:46.073095060,T,IBM,F I,3,303.59
2025-12-04,9:45:46.073422816,T,IBM,,170,303.59
2025-12-04,9:45:51.555838072,T,IBM,F,40,303.46
2025-12-04,9:45:51.555840674,T,IBM,F,40,303.46
2025-12-04,9:45:51.555843485,T,IBM,F I,35,303.46
2025-12-04,9:45:51.555858320,T,IBM,I,1,303.46
2025-12-04,9:45:51.555858320,T,IBM,F,40,303.46
2025-12-04,9:45:51.555861354,T,IBM,I,24,303.46
2025-12-04,9:45:51.556526008,T,IBM,F,40,303.43
2025-12-04,9:45:51.556580103,T,IBM,F I,1,303.43
2025-12-04,9:45:51.556598272,T,IBM,F I,39,303.43
2025-12-04,9:45:51.558396448,T,IBM,,40,303.43
2025-12-04,9:45:51.663833445,T,IBM,,40,303.43
2025-12-04,9:45:51.663872530,T,IBM,,40,303.43
2025-12-04,9:45:51.667790881,T,IBM,F,40,303.43
2025-12-04,9:45:51.667838895,T,IBM,F,40,303.43
2025-12-04,9:45:52.936490141,T,IBM,F I,2,303.41
2025-12-04,9:45:59.925479254,T,IBM,F,40,303.52
2025-12-04,9:45:59.933207720,T,IBM,I,18,303.5
2025-12-04,9:45:59.945161116,T,IBM,I,10,303.505
2025-12-04,9:45:59.945314579,T,IBM,,80,303.56
2025-12-04,9:46:00.005875669,T,IBM,I,5,303.62
2025-12-04,9:46:00.135944629,T,IBM,F,80,303.63
2025-12-04,9:46:00.135947468,T,IBM,F I,18,303.63
2025-12-04,9:46:00.239853846,T,IBM,I,1,303.7
2025-12-04,9:46:01.937268590,T,IBM,F,40,303.86
2025-12-04,9:46:01.937271589,T,IBM,F I,33,303.86
2025-12-04,9:46:05.442488180,T,IBM,I,15,303.8
2025-12-04,9:46:05.442491196,T,IBM,I,25,303.79
2025-12-04,9:46:20.645627788,T,IBM,,40,303.87
2025-12-04,9:46:38.756158614,T,IBM,,40,303.76
2025-12-04,9:46:38.756158614,T,IBM,,40,303.76
2025-12-04,9:46:41.119938212,T,IBM,F,100,303.78
2025-12-04,9:47:00.524914891,T,IBM,,44,303.89
2025-12-04,9:47:00.524947953,T,IBM,,44,303.89
2025-12-04,9:47:01.689461202,T,IBM,I,16,303.86
2025-12-04,9:47:07.076705185,T,IBM,I,1,303.79
2025-12-04,9:47:10.075922242,T,IBM,F,40,303.9
2025-12-04,9:47:10.075922242,T,IBM,F I,3,303.9
2025-12-04,9:47:10.075925151,T,IBM,F I,27,303.91
2025-12-04,9:47:10.075925151,T,IBM,F I,16,303.91
2025-12-04,9:47:10.075928137,T,IBM,F I,4,303.91
2025-12-04,9:47:10.076295026,T,IBM,F I,1,303.98
2025-12-04,9:47:18.052717858,T,IBM,F,40,304.15
2025-12-04,9:47:18.052720952,T,IBM,F I,22,304.15
2025-12-04,9:47:18.052720952,T,IBM,F I,3,304.15
2025-12-04,9:47:54.369604575,T,IBM,,100,303.93
2025-12-04,9:47:54.369607592,T,IBM,I,20,303.93
2025-12-04,9:47:54.369962605,T,IBM,F I,20,303.92
2025-12-04,9:47:54.369983598,T,IBM,I,1,303.92
2025-12-04,9:47:54.369983598,T,IBM,I,19,303.92
2025-12-04,9:48:00.566610318,T,IBM,,45,304.04
2025-12-04,9:48:00.566610318,T,IBM,,54,304.06
2025-12-04,9:48:00.566629255,T,IBM,F I,26,304.06
2025-12-04,9:48:00.566634776,T,IBM,F I,19,304.06
2025-12-04,9:48:00.567214721,T,IBM,F I,1,304.1
2025-12-04,9:48:00.567316934,T,IBM,,45,304.06
2025-12-04,9:48:00.567825178,T,IBM,,45,304.045
2025-12-04,9:48:00.679995138,T,IBM,I,10,304.1
2025-12-04,9:48:00.679995138,T,IBM,,70,304.13
2025-12-04,9:48:00.680506436,T,IBM,I,11,304.14
2025-12-04,9:48:00.844053850,T,IBM,I,19,304.05
2025-12-04,9:48:00.860954296,T,IBM,,40,303.99
2025-12-04,9:48:00.860954296,T,IBM,I,6,303.97
2025-12-04,9:48:13.101413854,T,IBM,F,40,303.96
2025-12-04,9:48:13.101501062,T,IBM,I,2,303.95
2025-12-04,9:48:13.101540186,T,IBM,I,18,303.95
2025-12-04,9:48:13.385530211,T,IBM,F I,1,303.95
2025-12-04,9:48:13.385548453,T,IBM,F,88,303.95
2025-12-04,9:48:13.385551316,T,IBM,F,40,303.95
2025-12-04,9:48:15.087092000,T,IBM,I,1,304.01
2025-12-04,9:48:15.087095060,T,IBM,I,4,304.01
2025-12-04,9:48:15.087583005,T,IBM,I,6,304.01
2025-12-04,9:48:25.106398219,T,IBM,I,1,303.91
2025-12-04,9:48:25.497244674,T,IBM,F I,1,304.05
2025-12-04,9:48:25.497280821,T,IBM,,40,304.05
2025-12-04,9:48:28.485506640,T,IBM,I,25,304.11
2025-12-04,9:48:31.259481404,T,IBM,F I,1,304.05
2025-12-04,9:48:42.104872130,T,IBM,I,1,303.93
2025-12-04,9:48:43.801890088,T,IBM,F I,1,303.89
2025-12-04,9:48:46.104946797,T,IBM,I,1,303.88
2025-12-04,9:48:56.107376766,T,IBM,F I,2,303.85
2025-12-04,9:48:56.107379757,T,IBM,I,5,303.9
2025-12-04,9:48:56.107740660,T,IBM,I,27,303.86
2025-12-04,9:48:56.107743607,T,IBM,I,11,303.85
2025-12-04,9:48:56.108230855,T,IBM,F I,5,303.85
2025-12-04,9:48:59.102473981,T,IBM,I,6,303.86
2025-12-04,9:49:09.455487654,T,IBM,I,15,303.91
2025-12-04,9:49:13.135534954,T,IBM,,40,303.84
2025-12-04,9:49:13.135549520,T,IBM,I,1,303.84
2025-12-04,9:49:13.135549520,T,IBM,I,13,303.84
2025-12-04,9:49:13.135568059,T,IBM,I,26,303.84
2025-12-04,9:49:13.135571953,T,IBM,I,14,303.84
2025-12-04,9:49:13.135577124,T,IBM,I,26,303.84
2025-12-04,9:49:13.135577124,T,IBM,I,14,303.84
2025-12-04,9:49:13.135577124,T,IBM,F I,26,303.84
2025-12-04,9:49:13.135609604,T,IBM,I,26,303.84
2025-12-04,9:49:13.135615603,T,IBM,F I,14,303.84
2025-12-04,9:49:13.135615603,T,IBM,F I,26,303.84
2025-12-04,9:49:13.135630704,T,IBM,I,14,303.84
2025-12-04,9:49:13.135634521,T,IBM,I,26,303.84
2025-12-04,9:49:13.135997583,T,IBM,F I,3,303.85
2025-12-04,9:49:13.136075680,T,IBM,I,27,303.85
2025-12-04,9:49:14.107382042,T,IBM,I,34,303.85
2025-12-04,9:49:18.571128181,T,IBM,F I,13,304.0
2025-12-04,9:49:18.571130533,T,IBM,F I,2,304.0
2025-12-04,9:49:18.572450749,T,IBM,F I,1,304.04
2025-12-04,9:49:18.572607058,T,IBM,I,9,304.03
2025-12-04,9:49:18.572679266,T,IBM,F,61,304.03
2025-12-04,9:49:18.572700288,T,IBM,I,1,304.03
2025-12-04,9:49:18.572736335,T,IBM,I,4,304.03
2025-12-04,9:49:18.572754973,T,IBM,F,94,304.03
2025-12-04,9:49:22.733591865,T,IBM,F I,6,303.88
2025-12-04,9:49:31.100966899,T,IBM,F I,6,303.85
2025-12-04,9:49:31.100969972,T,IBM,F,40,303.84
2025-12-04,9:49:31.101035640,T,IBM,F I,14,303.84
2025-12-04,9:49:31.101050584,T,IBM,F,40,303.84
2025-12-04,9:49:41.003555904,T,IBM,F,100,303.92
2025-12-04,9:49:42.285435492,T,IBM,I,1,304.01
2025-12-04,9:49:47.734945868,T,IBM,I,8,304.04
2025-12-04,9:49:47.735093159,T,IBM,,40,304.04
2025-12-04,9:49:48.999284745,T,IBM,I,1,304.04
2025-12-04,9:49:50.155711760,T,IBM,F I,1,303.98
2025-12-04,9:49:57.542505838,T,IBM,F,100,303.91
2025-12-04,9:49:58.051275140,T,IBM,F,40,303.85
2025-12-04,9:49:58.051275140,T,IBM,F I,3,303.84
2025-12-04,9:49:58.051365292,T,IBM,I,37,303.84
2025-12-04,9:49:58.051365292,T,IBM,I,18,303.84
2025-12-04,9:49:58.051380361,T,IBM,,40,303.84
2025-12-04,9:49:58.051404348,T,IBM,F,40,303.83
2025-12-04,9:49:58.051449583,T,IBM,F,40,303.83
2025-12-04,9:49:58.051449583,T,IBM,F,92,303.83
2025-12-04,9:49:58.051557722,T,IBM,,40,303.83
2025-12-04,9:49:58.051792289,T,IBM,I,10,303.83
2025-12-04,9:49:58.053638661,T,IBM,,40,303.82
2025-12-04,9:49:58.054964830,T,IBM,,40,303.83
2025-12-04,9:49:58.324000431,T,IBM,I,25,303.81
2025-12-04,9:49:58.324003311,T,IBM,I,15,303.81
2025-12-04,9:49:58.324156714,T,IBM,,40,303.81
2025-12-04,9:49:58.324177716,T,IBM,F I,25,303.81
2025-12-04,9:49:58.324180773,T,IBM,F I,15,303.75
2025-12-04,9:50:01.950982879,T,IBM,F I,20,303.73
2025-12-04,9:50:01.951033922,T,IBM,F,80,303.71
2025-12-04,9:50:01.951689530,T,IBM,F I,20,303.69
2025-12-04,9:50:01.953698330,T,IBM,F,80,303.61
2025-12-04,9:50:17.124733830,T,IBM,,41,303.78
2025-12-04,9:50:26.562819299,T,IBM,F,100,303.72
2025-12-04,9:50:27.555537251,T,IBM,F,67,303.62
2025-12-04,9:50:27.555537251,T,IBM,F,40,303.61
2025-12-04,9:50:27.555539839,T,IBM,F,40,303.61
2025-12-04,9:50:27.555542539,T,IBM,F I,23,303.61
2025-12-04,9:50:27.555557645,T,IBM,F I,17,303.61
2025-12-04,9:50:27.555560767,T,IBM,F I,3,303.61
2025-12-04,9:50:27.555560767,T,IBM,F,40,303.61
2025-12-04,9:50:27.555978612,T,IBM,F I,2,303.6
2025-12-04,9:50:31.622893414,T,IBM,,40,303.6
2025-12-04,9:50:34.384301558,T,IBM,F I,2,303.67
2025-12-04,9:50:34.384305157,T,IBM,F,50,303.68
2025-12-04,9:50:34.384305157,T,IBM,F I,15,303.68
2025-12-04,9:50:34.384307740,T,IBM,F I,5,303.7
2025-12-04,9:50:34.384310764,T,IBM,F I,2,303.7
2025-12-04,9:50:34.384310764,T,IBM,F,67,303.71
2025-12-04,9:50:34.384313371,T,IBM,F,80,303.71
2025-12-04,9:50:34.384608102,T,IBM,F I,4,303.72
2025-12-04,9:50:34.384611065,T,IBM,F I,31,303.72
2025-12-04,9:50:34.384623167,T,IBM,,106,303.72
2025-12-04,9:50:34.384626089,T,IBM,I,1,303.72
2025-12-04,9:50:34.384644184,T,IBM,F I,22,303.72
2025-12-04,9:50:34.384644184,T,IBM,F I,20,303.72
2025-12-04,9:50:34.667590766,T,IBM,I,10,303.73
2025-12-04,9:50:34.667590766,T,IBM,I,30,303.74
2025-12-04,9:50:34.667593701,T,IBM,,40,303.75
2025-12-04,9:50:34.667617804,T,IBM,F I,2,303.73
2025-12-04,9:50:34.667834315,T,IBM,,40,303.75
2025-12-04,9:50:52.689410276,T,IBM,I,1,303.83
2025-12-04,9:50:52.689413095,T,IBM,I,3,303.83
2025-12-04,9:50:52.689416055,T,IBM,,40,303.83
2025-12-04,9:51:08.210945055,T,IBM,F,50,303.69
2025-12-04,9:51:08.210948638,T,IBM,F I,30,303.68
2025-12-04,9:51:08.211648906,T,IBM,F I,10,303.68
2025-12-04,9:51:08.211651737,T,IBM,F,40,303.68
2025-12-04,9:51:08.212851614,T,IBM,,40,303.67
2025-12-04,9:51:08.212851614,T,IBM,I,10,303.67
2025-12-04,9:51:08.213798896,T,IBM,F I,30,303.67
2025-12-04,9:51:08.223978141,T,IBM,F I,15,303.67
2025-12-04,9:51:25.542657579,T,IBM,I,10,303.69
2025-12-04,9:51:37.637643235,T,IBM,F I,25,303.67
2025-12-04,9:51:37.637646313,T,IBM,F,40,303.67
2025-12-04,9:51:37.637646313,T,IBM,F,40,303.66
2025-12-04,9:51:40.958809803,T,IBM,I,36,303.59
2025-12-04,9:51:40.958824916,T,IBM,I,1,303.59
2025-12-04,9:51:40.958885294,T,IBM,F I,3,303.59
2025-12-04,9:51:40.958888003,T,IBM,F I,37,303.59
2025-12-04,9:51:40.959221821,T,IBM,F I,3,303.59
2025-12-04,9:51:40.959224764,T,IBM,F I,10,303.59
2025-12-04,9:51:40.959387178,T,IBM,I,30,303.59
2025-12-04,9:51:50.466781773,T,IBM,F,40,303.58
2025-12-04,9:51:50.466817847,T,IBM,F,40,303.57
2025-12-04,9:51:50.466877959,T,IBM,F,40,303.57
2025-12-04,9:51:50.467070392,T,IBM,F,40,303.57
2025-12-04,9:51:50.467109562,T,IBM,F,40,303.57
2025-12-04,9:51:50.467380104,T,IBM,F I,20,303.56
2025-12-04,9:51:50.467380104,T,IBM,F I,20,303.56
2025-12-04,9:51:50.467578686,T,IBM,F,40,303.55
2025-12-04,9:51:50.493897279,T,IBM,F,40,303.53
2025-12-04,9:51:50.493918407,T,IBM,I,1,303.53
2025-12-04,9:51:50.493918407,T,IBM,I,29,303.53
2025-12-04,9:51:50.573526838,T,IBM,F I,9,303.5
2025-12-04,9:51:50.573529827,T,IBM,F I,25,303.5
2025-12-04,9:51:50.573722361,T,IBM,F I,20,303.49
2025-12-04,9:51:50.574338727,T,IBM,F I,20,303.45
2025-12-04,9:51:52.738419698,T,IBM,,40,303.44
2025-12-04,9:51:52.750478399,T,IBM,I,1,303.48
2025-12-04,9:52:13.283443899,T,IBM,F I,1,303.45
2025-12-04,9:52:13.283452762,T,IBM,,40,303.45
2025-12-04,9:52:13.283452762,T,IBM,I,1,303.45
2025-12-04,9:52:13.284033176,T,IBM,F I,25,303.45
2025-12-04,9:52:13.304448872,T,IBM,F,100,303.44
2025-12-04,9:52:15.085020638,T,IBM,I,19,303.46
2025-12-04,9:52:15.085306931,T,IBM,F I,18,303.49
2025-12-04,9:52:15.085309337,T,IBM,F I,19,303.49
2025-12-04,9:52:15.085315448,T,IBM,F I,19,303.49
2025-12-04,9:52:15.085315448,T,IBM,I,19,303.49
2025-12-04,9:52:15.085354640,T,IBM,F I,1,303.5
2025-12-04,9:52:15.085354640,T,IBM,F I,18,303.5
2025-12-04,9:52:15.085869018,T,IBM,F,80,303.49
2025-12-04,9:52:15.086587381,T,IBM,,40,303.49
2025-12-04,9:52:15.151764486,T,IBM,I,10,303.43
2025-12-04,9:52:25.918605546,T,IBM,,100,303.4
2025-12-04,9:52:25.918918077,T,IBM,F,40,303.39
2025-12-04,9:52:32.064362902,T,IBM,F I,15,303.37
2025-12-04,9:52:32.064362902,T,IBM,F I,2,303.37
2025-12-04,9:52:32.064366000,T,IBM,F,41,303.37
2025-12-04,9:52:32.064684721,T,IBM,F I,10,303.4
2025-12-04,9:52:32.064693694,T,IBM,F,80,303.4
2025-12-04,9:52:32.230577583,T,IBM,I,15,303.39
2025-12-04,9:52:32.230577583,T,IBM,I,2,303.39
2025-12-04,9:52:46.892473974,T,IBM,F I,31,303.48
2025-12-04,9:52:46.892492112,T,IBM,I,29,303.48
2025-12-04,9:52:46.892492112,T,IBM,I,1,303.48
2025-12-04,9:54:25.317923256,T,IBM,I,3,303.455
2025-12-04,9:55:01.467458298,T,IBM,F I,15,303.47
2025-12-04,9:55:01.467461389,T,IBM,F,40,303.48
2025-12-04,9:55:01.467464333,T,IBM,F I,21,303.49
2025-12-04,9:55:01.467473247,T,IBM,F,353,303.49
2025-12-04,9:55:01.467479448,T,IBM,F I,8,303.49
2025-12-04,9:55:01.467483032,T,IBM,I,1,303.49
2025-12-04,9:55:01.467483032,T,IBM,F I,17,303.49
2025-12-04,9:55:01.467486229,T,IBM,F I,16,303.49
2025-12-04,9:55:01.467486229,T,IBM,F,80,303.49
2025-12-04,9:55:01.467491408,T,IBM,F,40,303.49
2025-12-04,9:55:01.467491408,T,IBM,F I,1,303.49
2025-12-04,9:55:03.440004178,T,IBM,F I,16,303.55
2025-12-04,9:55:03.584618400,T,IBM,I,36,303.56
2025-12-04,9:55:07.315771780,T,IBM,,61,303.65
2025-12-04,9:55:07.315771780,T,IBM,F I,19,303.65
2025-12-04,9:55:07.315774801,T,IBM,F I,11,303.69
2025-12-04,9:55:07.315784175,T,IBM,F,69,303.69
2025-12-04,9:55:07.315784175,T,IBM,F I,1,303.7
2025-12-04,9:55:07.315786915,T,IBM,F I,10,303.7
2025-12-04,9:55:07.315807915,T,IBM,,390,303.7
2025-12-04,9:55:15.080240892,T,IBM,,40,303.75
2025-12-04,9:55:15.080267943,T,IBM,F I,2,303.77
2025-12-04,9:55:15.086565012,T,IBM,,50,303.77
2025-12-04,9:55:16.724137395,T,IBM,F,67,303.78
2025-12-04,9:55:16.724383986,T,IBM,F I,5,303.8
2025-12-04,9:55:16.724414068,T,IBM,F I,2,303.8
2025-12-04,9:55:16.954873672,T,IBM,I,3,303.8
2025-12-04,9:55:56.209855856,T,IBM,F I,1,303.75
2025-12-04,9:55:56.209946463,T,IBM,F I,8,303.74
2025-12-04,9:55:56.210303939,T,IBM,,40,303.73
2025-12-04,9:55:56.211440691,T,IBM,F I,9,303.77
2025-12-04,9:56:10.315322486,T,IBM,F I,15,303.89
2025-12-04,9:56:10.315329064,T,IBM,F I,1,303.9
2025-12-04,9:56:10.315329064,T,IBM,F I,1,303.9
2025-12-04,9:56:10.315331437,T,IBM,F I,16,303.9
2025-12-04,9:56:14.867150484,T,IBM,I,12,303.87
2025-12-04,9:56:23.469807969,T,IBM,F I,8,303.9
2025-12-04,9:56:23.469850068,T,IBM,F I,1,303.85
2025-12-04,9:56:23.522920459,T,IBM,,40,303.91
2025-12-04,9:56:39.546115337,T,IBM,,40,303.85
2025-12-04,9:56:45.961293457,T,IBM,F I,2,303.79
2025-12-04,9:56:47.166848420,T,IBM,F I,15,303.81
2025-12-04,9:56:47.166851441,T,IBM,F I,25,303.79
2025-12-04,9:56:47.166869415,T,IBM,I,1,303.79
2025-12-04,9:56:47.166881484,T,IBM,I,14,303.79
2025-12-04,9:56:47.166938758,T,IBM,I,2,303.78
2025-12-04,9:56:47.166941648,T,IBM,I,14,303.78
2025-12-04,9:56:49.086368950,T,IBM,F I,9,303.75
2025-12-04,9:56:49.086368950,T,IBM,F I,31,303.74
2025-12-04,9:56:49.379945859,T,IBM,I,9,303.74
2025-12-04,9:56:52.271115623,T,IBM,F I,8,303.72
2025-12-04,9:56:52.271118557,T,IBM,F,40,303.72
2025-12-04,9:56:52.271157642,T,IBM,I,1,303.72
2025-12-04,9:56:52.271166726,T,IBM,I,39,303.72
2025-12-04,9:56:52.271169731,T,IBM,,40,303.72
2025-12-04,9:56:52.271169731,T,IBM,I,21,303.72
2025-12-04,9:56:52.271214879,T,IBM,F I,19,303.72
2025-12-04,9:57:02.324282167,T,IBM,I,7,303.72
2025-12-04,9:57:46.487287503,T,IBM,,40,303.67
2025-12-04,9:57:46.487383770,T,IBM,F,40,303.66
2025-12-04,9:57:46.487497957,T,IBM,F,40,303.66
2025-12-04,9:57:46.487636555,T,IBM,F,40,303.66
2025-12-04,9:57:46.487639308,T,IBM,F,40,303.66
2025-12-04,9:58:01.299033426,T,IBM,I,1,303.6
2025-12-04,9:58:02.910043956,T,IBM,,40,303.55
2025-12-04,9:58:02.910046644,T,IBM,I,20,303.55
2025-12-04,9:58:02.910046644,T,IBM,I,20,303.55
2025-12-04,9:58:05.851598246,T,IBM,I,12,303.58
2025-12-04,9:58:12.772526329,T,IBM,F I,10,303.65
2025-12-04,9:58:12.772550753,T,IBM,F,44,303.66
2025-12-04,9:58:12.772559370,T,IBM,I,36,303.66
2025-12-04,9:58:12.773431488,T,IBM,F I,1,303.74
2025-12-04,9:58:17.735426985,T,IBM,F I,25,303.76
2025-12-04,9:58:27.905812587,T,IBM,F I,20,303.87
2025-12-04,9:58:27.905830661,T,IBM,F I,5,303.87
2025-12-04,9:58:27.905845816,T,IBM,F I,2,303.88
2025-12-04,9:58:27.905858352,T,IBM,F I,3,303.88
2025-12-04,9:58:27.905858352,T,IBM,F I,18,303.88
2025-12-04,9:58:27.905861433,T,IBM,F I,26,303.88
2025-12-04,9:58:27.905861433,T,IBM,F I,17,303.88
2025-12-04,9:58:27.905863773,T,IBM,F,63,303.88
2025-12-04,9:58:27.905867126,T,IBM,F I,3,303.88
2025-12-04,9:58:27.905867126,T,IBM,F I,4,303.88
2025-12-04,9:58:27.905869726,T,IBM,F,62,303.88
2025-12-04,9:58:27.905872691,T,IBM,F I,14,303.88
2025-12-04,9:58:50.006210759,T,IBM,I,2,303.935
2025-12-04,9:59:01.067193459,T,IBM,F,80,303.81
2025-12-04,9:59:12.226122368,T,IBM,,40,303.77
2025-12-04,9:59:28.864200461,T,IBM,I,2,303.815
2025-12-04,9:59:31.599385782,T,IBM,I,3,303.815
2025-12-04,9:59:31.610019090,T,IBM,I,7,303.87
2025-12-04,9:59:31.610046156,T,IBM,I,1,303.87
2025-12-04,9:59:31.611877530,T,IBM,F I,1,303.87
2025-12-04,9:59:31.612160234,T,IBM,I,1,303.87
2025-12-04,9:59:31.612915043,T,IBM,F I,1,303.87
2025-12-04,9:59:31.612984162,T,IBM,F I,1,303.87
2025-12-04,9:59:31.613050393,T,IBM,F I,1,303.87
2025-12-04,9:59:31.613113543,T,IBM,F I,1,303.87
2025-12-04,9:59:31.613176695,T,IBM,F I,1,303.87
2025-12-04,9:59:31.613239796,T,IBM,F I,1,303.87
2025-12-04,9:59:39.472073629,T,IBM,F I,11,303.87
2025-12-04,9:59:57.637814966,T,IBM,F I,3,303.87
2025-12-04,10:00:00.018535212,T,IBM,F I,1,303.85
2025-12-04,10:00:00.018535212,T,IBM,F I,1,303.88
2025-12-04,10:00:00.018537553,T,IBM,F I,19,303.92
2025-12-04,10:00:05.136646734,T,IBM,I,2,303.83
2025-12-04,10:00:05.136649866,T,IBM,,118,303.81
2025-12-04,10:00:05.136664851,T,IBM,F I,2,303.81
2025-12-04,10:00:05.874317806,T,IBM,I,2,303.77
2025-12-04,10:00:05.876882940,T,IBM,F,50,303.81
2025-12-04,10:00:06.119220772,T,IBM,F I,15,303.83
2025-12-04,10:00:06.119223842,T,IBM,F,98,303.85
2025-12-04,10:00:10.835017137,T,IBM,F I,30,303.86
2025-12-04,10:00:10.835017137,T,IBM,F I,10,303.86
2025-12-04,10:00:10.835032204,T,IBM,I,1,303.86
2025-12-04,10:00:10.835038219,T,IBM,F I,16,303.86
2025-12-04,10:00:10.835038219,T,IBM,F I,1,303.86
2025-12-04,10:00:10.835041223,T,IBM,F I,30,303.86
2025-12-04,10:00:27.048388106,T,IBM,I,11,303.89
2025-12-04,10:00:27.048390723,T,IBM,I,3,303.89
2025-12-04,10:00:27.048393721,T,IBM,F I,14,303.89
2025-12-04,10:00:27.048405788,T,IBM,I,14,303.89
2025-12-04,10:00:27.048405788,T,IBM,F I,12,303.89
2025-12-04,10:00:42.862614997,T,IBM,F,40,303.97
2025-12-04,10:00:42.955010010,T,IBM,I,1,304.0
2025-12-04,10:00:42.961616689,T,IBM,I,3,304.02
2025-12-04,10:00:45.005026286,T,IBM,F I,2,304.1
2025-12-04,10:01:03.237487348,T,IBM,F I,1,304.2
2025-12-04,10:01:03.237490439,T,IBM,F,50,304.2
2025-12-04,10:01:03.237505480,T,IBM,I,1,304.2
2025-12-04,10:01:03.237505480,T,IBM,I,20,304.2
2025-12-04,10:01:03.237544553,T,IBM,I,26,304.17
2025-12-04,10:01:03.237581080,T,IBM,I,24,304.17
2025-12-04,10:01:03.237583706,T,IBM,I,2,304.13
2025-12-04,10:01:04.225808246,T,IBM,I,10,304.13
2025-12-04,10:01:05.071225842,T,IBM,F,50,304.195
2025-12-04,10:01:07.482970250,T,IBM,F,60,304.14
2025-12-04,10:01:08.325037873,T,IBM,,43,304.21
2025-12-04,10:01:08.764380803,T,IBM,F,40,304.25
2025-12-04,10:01:08.764383760,T,IBM,F,40,304.25
2025-12-04,10:01:08.764395770,T,IBM,F I,20,304.25
2025-12-04,10:01:08.764395770,T,IBM,F I,5,304.25
2025-12-04,10:01:08.764398827,T,IBM,F I,15,304.26
2025-12-04,10:01:08.764416837,T,IBM,I,25,304.26
2025-12-04,10:01:08.764440935,T,IBM,I,1,304.26
2025-12-04,10:01:08.764479961,T,IBM,I,19,304.26
2025-12-04,10:01:08.816742096,T,IBM,I,2,304.21
2025-12-04,10:01:08.816744595,T,IBM,I,8,304.19
2025-12-04,10:01:23.133440078,T,IBM,F,100,304.24
2025-12-04,10:01:23.133443062,T,IBM,F I,15,304.25
2025-12-04,10:01:23.133446064,T,IBM,F I,2,304.25
2025-12-04,10:01:23.133491575,T,IBM,F,40,304.27
2025-12-04,10:01:23.133491575,T,IBM,F,54,304.27
2025-12-04,10:01:23.133494274,T,IBM,I,3,304.27
2025-12-04,10:01:23.133503736,T,IBM,F,43,304.27
2025-12-04,10:01:23.133506489,T,IBM,F,67,304.28
2025-12-04,10:01:23.133506489,T,IBM,F I,15,304.28
2025-12-04,10:01:23.133515267,T,IBM,F,43,304.28
2025-12-04,10:01:23.133527248,T,IBM,F I,3,304.28
2025-12-04,10:01:23.133530307,T,IBM,F I,17,304.28
2025-12-04,10:01:23.133533567,T,IBM,F I,22,304.28
2025-12-04,10:01:23.133539383,T,IBM,F,58,304.29
2025-12-04,10:01:23.133539383,T,IBM,F I,14,304.29
2025-12-04,10:01:23.133554377,T,IBM,F I,8,304.29
2025-12-04,10:01:23.133566375,T,IBM,F I,16,304.3
2025-12-04,10:01:23.133569354,T,IBM,F I,1,304.3
2025-12-04,10:01:23.133572451,T,IBM,F I,8,304.3
2025-12-04,10:01:23.133575422,T,IBM,F I,9,304.3
2025-12-04,10:01:23.133638547,T,IBM,F,63,304.3
2025-12-04,10:01:23.147651887,T,IBM,,40,304.32
2025-12-04,10:01:23.147817403,T,IBM,I,5,304.32
2025-12-04,10:01:23.148184303,T,IBM,,100,304.295
2025-12-04,10:01:24.388715366,T,IBM,F,50,304.27
2025-12-04,10:02:01.591514203,T,IBM,F I,1,304.2
2025-12-04,10:02:01.591516581,T,IBM,F I,38,304.19
2025-12-04,10:02:01.591519695,T,IBM,F,40,304.19
2025-12-04,10:02:01.591519695,T,IBM,F I,39,304.19
2025-12-04,10:02:01.591522674,T,IBM,F I,1,304.19
2025-12-04,10:02:01.591642641,T,IBM,F,40,304.18
2025-12-04,10:02:01.594036372,T,IBM,F I,1,304.18
2025-12-04,10:02:01.730272634,T,IBM,I,31,304.19
2025-12-04,10:02:01.730290740,T,IBM,I,1,304.19
2025-12-04,10:02:01.730293737,T,IBM,F I,18,304.19
2025-12-04,10:02:01.730293737,T,IBM,F I,1,304.19
2025-12-04,10:02:01.730549290,T,IBM,F I,1,304.19
2025-12-04,10:02:01.730636478,T,IBM,,40,304.19
2025-12-04,10:02:01.730675580,T,IBM,F I,20,304.19
2025-12-04,10:02:01.730705743,T,IBM,,100,304.19
2025-12-04,10:02:01.986801687,T,IBM,F,80,304.19
2025-12-04,10:02:01.986804664,T,IBM,F I,1,304.2
2025-12-04,10:02:01.986807417,T,IBM,F,40,304.2
2025-12-04,10:02:01.986807417,T,IBM,F,100,304.2
2025-12-04,10:02:01.986810384,T,IBM,F,220,304.2
2025-12-04,10:02:01.986819982,T,IBM,F,80,304.2
2025-12-04,10:02:01.986822387,T,IBM,F,100,304.2
2025-12-04,10:02:48.738098373,T,IBM,F I,1,304.35
2025-12-04,10:02:48.738098373,T,IBM,F I,1,304.35
2025-12-04,10:02:53.789541898,T,IBM,,90,304.33
2025-12-04,10:03:16.583968319,T,IBM,,100,304.335
2025-12-04,10:03:28.244686977,T,IBM,F I,1,304.38
2025-12-04,10:03:28.244686977,T,IBM,F I,3,304.38
2025-12-04,10:03:28.244954441,T,IBM,F I,3,304.39
2025-12-04,10:03:28.244954441,T,IBM,F I,18,304.39
2025-12-04,10:03:28.244972820,T,IBM,I,1,304.39
2025-12-04,10:03:28.244972820,T,IBM,F I,19,304.39
2025-12-04,10:03:28.245201489,T,IBM,F,50,304.36
2025-12-04,10:03:28.245288240,T,IBM,F I,13,304.33
2025-12-04,10:03:28.245291264,T,IBM,F I,10,304.33
2025-12-04,10:03:28.245313307,T,IBM,I,6,304.335
2025-12-04,10:03:28.245423975,T,IBM,,80,304.32
2025-12-04,10:03:28.245426655,T,IBM,I,20,304.33
2025-12-04,10:03:28.245429626,T,IBM,I,1,304.33
2025-12-04,10:03:28.245459824,T,IBM,F,100,304.33
2025-12-04,10:03:28.245498793,T,IBM,I,26,304.33
2025-12-04,10:03:28.245504844,T,IBM,F,40,304.28
2025-12-04,10:03:28.245508711,T,IBM,F,40,304.28
2025-12-04,10:03:28.245508711,T,IBM,F I,18,304.28
2025-12-04,10:03:28.245528792,T,IBM,I,22,304.28
2025-12-04,10:03:28.245531993,T,IBM,I,7,304.28
2025-12-04,10:03:28.245670217,T,IBM,F I,33,304.28
2025-12-04,10:03:28.253678407,T,IBM,I,1,304.255
2025-12-04,10:03:28.416912891,T,IBM,F I,20,304.22
2025-12-04,10:03:28.416916475,T,IBM,F I,28,304.22
2025-12-04,10:03:28.416916475,T,IBM,F I,30,304.22
2025-12-04,10:03:28.416921880,T,IBM,F,100,304.22
2025-12-04,10:03:28.416921880,T,IBM,F,80,304.22
2025-12-04,10:03:28.416921880,T,IBM,F I,20,304.22
2025-12-04,10:03:35.925653141,T,IBM,F I,12,304.3
2025-12-04,10:03:35.925665207,T,IBM,F I,28,304.3
2025-12-04,10:03:35.925686250,T,IBM,F I,2,304.31
2025-12-04,10:03:35.933535072,T,IBM,F,40,304.31
2025-12-04,10:03:37.020457452,T,IBM,F I,15,304.31
2025-12-04,10:03:37.206200603,T,IBM,F,40,304.31
2025-12-04,10:03:37.347458916,T,IBM,I,20,304.315
2025-12-04,10:03:37.348036243,T,IBM,I,25,304.315
2025-12-04,10:03:42.687721918,T,IBM,I,22,304.26
2025-12-04,10:03:42.687757990,T,IBM,,160,304.23
2025-12-04,10:03:42.688422544,T,IBM,F I,20,304.22
2025-12-04,10:03:42.689511232,T,IBM,I,20,304.18
2025-12-04,10:03:42.695726996,T,IBM,F I,30,304.16
2025-12-04,10:03:42.695726996,T,IBM,F I,10,304.15
2025-12-04,10:03:42.695751035,T,IBM,F I,30,304.15
2025-12-04,10:03:42.695751035,T,IBM,F I,30,304.15
2025-12-04,10:03:42.695769080,T,IBM,I,1,304.15
2025-12-04,10:03:43.928794406,T,IBM,F,49,304.15
2025-12-04,10:04:04.148906621,T,IBM,F I,5,304.26
2025-12-04,10:04:08.517475480,T,IBM,F,40,304.22
2025-12-04,10:04:19.268161768,T,IBM,I,3,304.33
2025-12-04,10:04:19.268432370,T,IBM,F I,18,304.37
2025-12-04,10:04:19.268435269,T,IBM,F I,5,304.37
2025-12-04,10:04:19.268435269,T,IBM,F I,11,304.37
2025-12-04,10:04:24.869388895,T,IBM,F I,7,304.38
2025-12-04,10:04:24.869602513,T,IBM,I,7,304.36
2025-12-04,10:04:24.869791954,T,IBM,F I,7,304.32
2025-12-04,10:04:24.869794971,T,IBM,F,40,304.32
2025-12-04,10:04:24.869834030,T,IBM,,40,304.31
2025-12-04,10:04:31.832263932,T,IBM,F I,2,304.31
2025-12-04,10:04:31.832263932,T,IBM,F I,17,304.31
2025-12-04,10:04:36.477882869,T,IBM,F I,3,304.35
2025-12-04,10:04:36.477882869,T,IBM,F I,9,304.35
2025-12-04,10:04:36.477885584,T,IBM,F I,6,304.35
2025-12-04,10:04:36.477888266,T,IBM,F I,12,304.36
2025-12-04,10:04:36.478571062,T,IBM,F I,11,304.4
2025-12-04,10:04:36.478575066,T,IBM,F I,5,304.4
2025-12-04,10:04:36.478577387,T,IBM,F I,3,304.4
2025-12-04,10:04:36.478967802,T,IBM,F I,7,304.42
2025-12-04,10:04:36.478979853,T,IBM,I,33,304.42
2025-12-04,10:04:36.478997880,T,IBM,F I,2,304.43
2025-12-04,10:04:36.479025034,T,IBM,I,18,304.43
2025-12-04,10:04:36.495567413,T,IBM,F I,14,304.5
2025-12-04,10:04:36.495586224,T,IBM,F I,29,304.51
2025-12-04,10:04:36.495609426,T,IBM,F I,1,304.51
2025-12-04,10:04:36.495612561,T,IBM,F I,2,304.51
2025-12-04,10:04:36.495621757,T,IBM,F,48,304.51
2025-12-04,10:04:36.516028105,T,IBM,I,1,304.56
2025-12-04,10:04:36.517011442,T,IBM,I,2,304.53
2025-12-04,10:04:37.528691791,T,IBM,I,1,304.57
2025-12-04,10:04:37.741279871,T,IBM,I,32,304.62
2025-12-04,10:04:37.741300995,T,IBM,I,1,304.62
2025-12-04,10:04:37.741309994,T,IBM,F I,2,304.62
2025-12-04,10:04:37.741776070,T,IBM,I,10,304.57
2025-12-04,10:04:37.994287228,T,IBM,I,23,304.6
2025-12-04,10:04:41.252071753,T,IBM,F,99,304.52
2025-12-04,10:04:51.032104242,T,IBM,F I,5,304.57
2025-12-04,10:04:54.822931782,T,IBM,I,5,304.6
2025-12-04,10:04:54.884572553,T,IBM,F I,19,304.61
2025-12-04,10:04:55.500101836,T,IBM,F I,1,304.62
2025-12-04,10:04:55.500131838,T,IBM,F I,2,304.62
2025-12-04,10:04:55.500140869,T,IBM,I,16,304.62
2025-12-04,10:05:15.432344740,T,IBM,F I,6,304.72
2025-12-04,10:05:15.433219849,T,IBM,F I,10,304.76
2025-12-04,10:05:15.433223112,T,IBM,F I,36,304.77
2025-12-04,10:05:15.433240918,T,IBM,I,1,304.77
2025-12-04,10:05:15.433247289,T,IBM,F I,1,304.77
2025-12-04,10:05:15.433935608,T,IBM,I,10,304.72
2025-12-04,10:05:18.229817539,T,IBM,F I,8,304.76
2025-12-04,10:05:20.374390857,T,IBM,F I,1,304.77
2025-12-04,10:05:20.374408936,T,IBM,F I,7,304.77
2025-12-04,10:05:20.376273353,T,IBM,,53,304.75
2025-12-04,10:05:20.376790650,T,IBM,I,18,304.72
2025-12-04,10:05:20.376847714,T,IBM,F I,18,304.71
2025-12-04,10:05:20.469453676,T,IBM,I,24,304.74
2025-12-04,10:05:20.469456141,T,IBM,I,4,304.74
2025-12-04,10:05:20.721350902,T,IBM,I,2,304.78
2025-12-04,10:05:20.881151309,T,IBM,F I,6,304.87
2025-12-04,10:05:20.881154292,T,IBM,F I,24,304.87
2025-12-04,10:05:20.881421881,T,IBM,I,16,304.87
2025-12-04,10:05:20.881482077,T,IBM,I,6,304.86
2025-12-04,10:05:20.881596320,T,IBM,,67,304.87
2025-12-04,10:05:20.881617424,T,IBM,I,1,304.87
2025-12-04,10:05:20.881641395,T,IBM,F I,1,304.87
2025-12-04,10:05:20.881647780,T,IBM,F I,11,304.88
2025-12-04,10:05:20.881650519,T,IBM,F I,1,304.88
2025-12-04,10:05:20.881662842,T,IBM,F I,7,304.89
2025-12-04,10:05:20.881662842,T,IBM,F I,10,304.89
2025-12-04,10:05:20.882149708,T,IBM,I,4,304.86
2025-12-04,10:05:20.882928561,T,IBM,F I,4,304.92
2025-12-04,10:05:20.882982656,T,IBM,I,9,304.88
2025-12-04,10:05:20.883027745,T,IBM,F I,9,304.92
2025-12-04,10:05:21.104622332,T,IBM,I,10,304.98
2025-12-04,10:05:21.104634358,T,IBM,I,6,304.98
2025-12-04,10:05:21.104811675,T,IBM,I,16,304.965
2025-12-04,10:05:21.104871888,T,IBM,I,16,304.965
2025-12-04,10:05:28.192204099,T,IBM,F I,5,305.05
2025-12-04,10:05:33.433709112,T,IBM,F I,1,305.07
2025-12-04,10:05:35.222481414,T,IBM,F,87,305.07
2025-12-04,10:05:35.222481414,T,IBM,F I,1,305.07
2025-12-04,10:05:43.288285951,T,IBM,I,33,305.15
2025-12-04,10:05:45.135156669,T,IBM,F,50,305.11
2025-12-04,10:06:18.222646607,T,IBM,F I,20,305.09
2025-12-04,10:06:19.599555608,T,IBM,F I,1,305.06
2025-12-04,10:06:19.599558717,T,IBM,F,40,305.05
2025-12-04,10:06:19.599561524,T,IBM,F,56,305.05
2025-12-04,10:06:19.599561524,T,IBM,F I,33,305.05
2025-12-04,10:06:19.599564585,T,IBM,F I,1,305.05
2025-12-04,10:06:19.599567955,T,IBM,I,1,305.05
2025-12-04,10:06:19.599567955,T,IBM,,130,305.05
2025-12-04,10:06:19.600953941,T,IBM,F I,3,305.065
2025-12-04,10:06:19.600983929,T,IBM,F I,3,305.065
2025-12-04,10:06:19.601004948,T,IBM,F I,22,305.065
2025-12-04,10:06:19.601215518,T,IBM,I,12,305.04
2025-12-04,10:06:19.601519270,T,IBM,I,3,305.04
2025-12-04,10:06:19.601582405,T,IBM,,40,305.03
2025-12-04,10:06:19.601714730,T,IBM,I,5,305.03
2025-12-04,10:06:19.601714730,T,IBM,,100,305.03
2025-12-04,10:06:19.601732883,T,IBM,F I,8,305.06
2025-12-04,10:06:19.602661998,T,IBM,F I,5,305.05
2025-12-04,10:06:19.602664913,T,IBM,F I,32,305.06
2025-12-04,10:06:19.606523107,T,IBM,F I,30,305.05
2025-12-04,10:06:19.615126599,T,IBM,I,5,305.03
2025-12-04,10:06:19.615126599,T,IBM,I,5,305.03
2025-12-04,10:06:19.615129578,T,IBM,I,1,305.03
2025-12-04,10:06:19.615773140,T,IBM,I,17,305.03
2025-12-04,10:06:19.615791750,T,IBM,I,17,305.03
2025-12-04,10:06:19.615887456,T,IBM,,40,305.02
2025-12-04,10:06:21.174861902,T,IBM,F I,35,304.98
2025-12-04,10:06:21.175246712,T,IBM,F I,6,304.98
2025-12-04,10:06:22.009225067,T,IBM,F I,10,305.04
2025-12-04,10:06:22.292710306,T,IBM,F I,5,305.1
2025-12-04,10:06:26.054127456,T,IBM,F,50,305.22
2025-12-04,10:06:26.054286794,T,IBM,,51,305.23
2025-12-04,10:06:26.054286794,T,IBM,I,9,305.23
2025-12-04,10:06:26.054301889,T,IBM,F I,34,305.23
2025-12-04,10:06:26.054304854,T,IBM,F,80,305.24
2025-12-04,10:06:31.721921386,T,IBM,F I,1,305.4
2025-12-04,10:06:31.721924339,T,IBM,F,67,305.4
2025-12-04,10:06:31.721927376,T,IBM,F I,6,305.41
2025-12-04,10:06:31.721957410,T,IBM,I,7,305.41
2025-12-04,10:06:31.721984468,T,IBM,F I,13,305.41
2025-12-04,10:06:31.721987512,T,IBM,F I,2,305.41
2025-12-04,10:06:31.722158845,T,IBM,F I,23,305.41
2025-12-04,10:06:31.722246084,T,IBM,F I,1,305.41
2025-12-04,10:06:31.722423499,T,IBM,F,50,305.4
2025-12-04,10:06:40.867678486,T,IBM,F I,1,305.41
2025-12-04,10:06:51.404013723,T,IBM,I,10,305.46
2025-12-04,10:06:53.891099526,T,IBM,I,14,305.46
2025-12-04,10:06:53.891319025,T,IBM,F I,1,305.44
2025-12-04,10:06:53.897937988,T,IBM,F,40,305.36
2025-12-04,10:06:53.897937988,T,IBM,F,40,305.35
2025-12-04,10:06:53.897941056,T,IBM,F I,1,305.35
2025-12-04,10:06:53.897943744,T,IBM,F I,14,305.35
2025-12-04,10:06:53.897961840,T,IBM,I,1,305.35
2025-12-04,10:06:53.897961840,T,IBM,I,2,305.35
2025-12-04,10:06:53.898015921,T,IBM,F I,37,305.35
2025-12-04,10:06:54.630346442,T,IBM,I,30,305.37
2025-12-04,10:06:54.649189244,T,IBM,F I,2,305.35
2025-12-04,10:06:57.370105685,T,IBM,F I,18,305.39
2025-12-04,10:07:16.805340783,T,IBM,F I,8,305.46
2025-12-04,10:07:16.805343904,T,IBM,F I,10,305.46
2025-12-04,10:07:20.943657606,T,IBM,I,20,305.52
2025-12-04,10:07:20.943675643,T,IBM,I,10,305.52
2025-12-04,10:07:20.943675643,T,IBM,I,10,305.55
2025-12-04,10:07:20.943883132,T,IBM,I,2,305.56
2025-12-04,10:07:20.944063493,T,IBM,F I,18,305.57
2025-12-04,10:07:21.443203832,T,IBM,F I,1,305.69
2025-12-04,10:07:23.966348508,T,IBM,F,42,305.61
2025-12-04,10:07:23.966378540,T,IBM,F I,25,305.61
2025-12-04,10:07:23.966396613,T,IBM,F,40,305.6
2025-12-04,10:07:23.966396613,T,IBM,F I,2,305.6
2025-12-04,10:07:24.308911982,T,IBM,,40,305.42
2025-12-04,10:07:24.308911982,T,IBM,I,14,305.42
2025-12-04,10:07:24.308936070,T,IBM,F,40,305.41
2025-12-04,10:07:24.309198288,T,IBM,F I,4,305.4
2025-12-04,10:07:24.921340973,T,IBM,F I,4,305.37
2025-12-04,10:07:24.921340973,T,IBM,F I,4,305.37
2025-12-04,10:07:24.927445467,T,IBM,F I,5,305.35
2025-12-04,10:07:24.927448410,T,IBM,F I,20,305.35
2025-12-04,10:07:24.927770163,T,IBM,F I,15,305.33
2025-12-04,10:07:24.927776185,T,IBM,F I,25,305.33
2025-12-04,10:07:24.927776185,T,IBM,F I,15,305.33
2025-12-04,10:07:24.927824398,T,IBM,F I,4,305.33
2025-12-04,10:07:24.927908786,T,IBM,I,21,305.33
2025-12-04,10:07:24.927908786,T,IBM,I,19,305.33
2025-12-04,10:07:24.927932666,T,IBM,I,21,305.33
2025-12-04,10:07:24.927932666,T,IBM,I,4,305.33
2025-12-04,10:07:24.928239390,T,IBM,F I,12,305.33
2025-12-04,10:07:25.527033830,T,IBM,I,1,305.33
2025-12-04,10:07:25.638855001,T,IBM,I,22,305.32
2025-12-04,10:07:33.566546914,T,IBM,F,50,305.39
2025-12-04,10:07:42.286838810,T,IBM,F I,1,305.43
2025-12-04,10:07:42.287004409,T,IBM,I,17,305.47
2025-12-04,10:07:42.287076781,T,IBM,F I,16,305.47
2025-12-04,10:07:42.287079446,T,IBM,F,50,305.47
2025-12-04,10:07:42.287079446,T,IBM,F,200,305.47
2025-12-04,10:07:42.287121409,T,IBM,F I,2,305.47
2025-12-04,10:07:42.287202625,T,IBM,I,22,305.47
2025-12-04,10:07:42.287262810,T,IBM,I,1,305.47
2025-12-04,10:07:42.287534005,T,IBM,,67,305.46
2025-12-04,10:07:42.287596542,T,IBM,I,13,305.46
2025-12-04,10:07:42.287731933,T,IBM,,100,305.45
2025-12-04,10:07:42.287734872,T,IBM,I,4,305.47
2025-12-04,10:07:42.287975483,T,IBM,F I,2,305.47
2025-12-04,10:07:42.288261114,T,IBM,F I,8,305.42
2025-12-04,10:07:42.288297265,T,IBM,I,8,305.42
2025-12-04,10:07:42.288940805,T,IBM,I,1,305.39
2025-12-04,10:07:42.289022012,T,IBM,I,30,305.39
2025-12-04,10:07:42.289590276,T,IBM,I,10,305.39
2025-12-04,10:07:42.289593274,T,IBM,I,30,305.405
2025-12-04,10:07:42.291114998,T,IBM,,74,305.39
2025-12-04,10:07:42.291117902,T,IBM,,100,305.39
2025-12-04,10:07:42.595944668,T,IBM,,40,305.32
2025-12-04,10:07:47.590201818,T,IBM,F I,6,305.31
2025-12-04,10:07:47.590204512,T,IBM,F,40,305.31
2025-12-04,10:07:47.590501822,T,IBM,F I,26,305.3
2025-12-04,10:07:47.595069739,T,IBM,F I,20,305.23
2025-12-04,10:07:47.595863565,T,IBM,,40,305.23
2025-12-04,10:07:57.958136227,T,IBM,F,40,305.17
2025-12-04,10:08:03.666743340,T,IBM,F I,10,305.23
2025-12-04,10:08:03.666746579,T,IBM,F I,1,305.23
2025-12-04,10:08:03.666746579,T,IBM,F,50,305.23
2025-12-04,10:08:03.666776427,T,IBM,F I,1,305.24
2025-12-04,10:08:03.667648426,T,IBM,,50,305.26
2025-12-04,10:08:03.667651442,T,IBM,I,30,305.25
2025-12-04,10:08:03.667651442,T,IBM,I,11,305.23
2025-12-04,10:08:06.717836795,T,IBM,I,8,305.265
2025-12-04,10:08:09.310759623,T,IBM,I,15,305.25
2025-12-04,10:08:09.310762601,T,IBM,I,25,305.24
2025-12-04,10:08:13.368890711,T,IBM,F I,1,305.23
2025-12-04,10:08:13.368890711,T,IBM,F,40,305.23
2025-12-04,10:08:13.368893505,T,IBM,F,41,305.23
2025-12-04,10:08:13.370968391,T,IBM,F,40,305.22
2025-12-04,10:08:19.975732952,T,IBM,F,80,305.18
2025-12-04,10:08:25.159299011,T,IBM,I,30,305.11
2025-12-04,10:08:25.159299011,T,IBM,I,10,305.08
2025-12-04,10:08:25.159317025,T,IBM,F I,30,305.08
2025-12-04,10:08:26.627796948,T,IBM,F,40,305.04
2025-12-04,10:08:26.627818066,T,IBM,F I,1,305.03
2025-12-04,10:08:26.628867508,T,IBM,,100,305.065
2025-12-04,10:08:27.484314010,T,IBM,F I,1,305.06
2025-12-04,10:08:28.261315850,T,IBM,I,5,305.08
2025-12-04,10:08:28.261390992,T,IBM,I,9,305.09
2025-12-04,10:08:28.261412012,T,IBM,F I,11,305.09
2025-12-04,10:08:39.451916444,T,IBM,,55,305.12
2025-12-04,10:08:39.454783049,T,IBM,F I,2,305.05
2025-12-04,10:08:39.454783049,T,IBM,F,40,305.04
2025-12-04,10:08:39.454785350,T,IBM,F I,1,305.04
2025-12-04,10:08:39.454785350,T,IBM,F I,38,305.04
2025-12-04,10:08:39.454791316,T,IBM,F I,2,305.04
2025-12-04,10:08:39.454836451,T,IBM,F I,6,305.03
2025-12-04,10:09:00.575151130,T,IBM,I,12,305.03
2025-12-04,10:09:00.575154434,T,IBM,,40,305.02
2025-12-04,10:09:00.575154434,T,IBM,I,28,305.02
2025-12-04,10:09:00.575169181,T,IBM,I,1,305.02
2025-12-04,10:09:00.575593286,T,IBM,F I,1,305.02
2025-12-04,10:09:00.575990258,T,IBM,F I,1,305.01
2025-12-04,10:09:00.575993152,T,IBM,F I,1,305.01
2025-12-04,10:09:00.576215666,T,IBM,F I,7,305.01
2025-12-04,10:09:01.583174949,T,IBM,I,2,305.07
2025-12-04,10:09:01.583174949,T,IBM,I,6,305.07
2025-12-04,10:09:05.548712297,T,IBM,F I,8,305.08
2025-12-04,10:09:05.548958904,T,IBM,F I,3,305.08
2025-12-04,10:09:12.346533724,T,IBM,F,40,305.07
2025-12-04,10:09:12.346533724,T,IBM,F I,1,305.07
2025-12-04,10:09:12.346536355,T,IBM,F,40,305.07
2025-12-04,10:09:27.429681601,T,IBM,,46,305.01
2025-12-04,10:09:27.542371871,T,IBM,F I,2,305.0
2025-12-04,10:09:27.542432007,T,IBM,I,15,305.0
2025-12-04,10:09:27.542435008,T,IBM,,41,305.0
2025-12-04,10:09:27.542471188,T,IBM,I,5,305.0
2025-12-04,10:09:27.542540298,T,IBM,F I,8,305.01
2025-12-04,10:09:27.542567325,T,IBM,,56,305.02
2025-12-04,10:09:27.542627522,T,IBM,,40,305.01
2025-12-04,10:09:27.542729810,T,IBM,,40,305.01
2025-12-04,10:09:30.104429257,T,IBM,F I,2,305.01
2025-12-04,10:09:30.104438303,T,IBM,F I,8,305.01
2025-12-04,10:09:30.104438303,T,IBM,F,50,305.01
2025-12-04,10:09:30.104441193,T,IBM,F I,2,305.0
2025-12-04,10:09:30.104444217,T,IBM,F I,2,304.99
2025-12-04,10:09:30.104448329,T,IBM,F,104,304.99
2025-12-04,10:09:30.104448329,T,IBM,F I,16,304.99
2025-12-04,10:09:30.104450523,T,IBM,F I,2,304.99
2025-12-04,10:09:30.104453279,T,IBM,F,40,304.99
2025-12-04,10:09:30.104453279,T,IBM,F I,2,304.97
2025-12-04,10:09:30.122048612,T,IBM,F I,10,304.95
2025-12-04,10:09:30.122048612,T,IBM,F,40,304.92
2025-12-04,10:09:30.122051141,T,IBM,F,40,304.92
2025-12-04,10:09:30.122712749,T,IBM,F,40,304.87
2025-12-04,10:09:30.122830004,T,IBM,F I,20,304.82
2025-12-04,10:09:30.123136961,T,IBM,I,5,304.87
2025-12-04,10:09:30.123139730,T,IBM,F I,35,304.87
2025-12-04,10:09:30.123142778,T,IBM,I,1,304.87
2025-12-04,10:09:30.124462944,T,IBM,,45,304.84
2025-12-04,10:09:58.137597256,T,IBM,F,40,304.81
2025-12-04,10:09:58.137826050,T,IBM,,50,304.77
2025-12-04,10:09:58.137828850,T,IBM,I,30,304.775
2025-12-04,10:09:58.138009201,T,IBM,I,11,304.75
2025-12-04,10:10:14.820403508,T,IBM,F I,12,304.72
2025-12-04,10:10:14.820701223,T,IBM,I,7,304.72
2025-12-04,10:10:14.820842550,T,IBM,I,7,304.72
2025-12-04,10:10:21.135494437,T,IBM,F,80,304.685
2025-12-04,10:10:21.140426064,T,IBM,,57,304.77
2025-12-04,10:10:21.140429167,T,IBM,,120,304.77
2025-12-04,10:10:21.140429167,T,IBM,I,14,304.77
2025-12-04,10:10:21.140447205,T,IBM,F I,13,304.77
2025-12-04,10:10:21.291496652,T,IBM,I,5,304.8
2025-12-04,10:10:26.596528534,T,IBM,F,40,304.84
2025-12-04,10:10:26.596530741,T,IBM,F I,17,304.84
2025-12-04,10:10:26.596533807,T,IBM,F I,10,304.84
2025-12-04,10:10:26.596546079,T,IBM,I,1,304.84
2025-12-04,10:10:26.596548829,T,IBM,I,4,304.84
2025-12-04,10:10:56.314579767,T,IBM,F I,9,304.92
2025-12-04,10:10:56.314579767,T,IBM,F,67,304.93
2025-12-04,10:10:56.314582712,T,IBM,F,51,304.93
2025-12-04,10:10:56.314908467,T,IBM,F I,21,304.95
2025-12-04,10:10:56.314910508,T,IBM,F,79,304.95
2025-12-04,10:10:56.314913535,T,IBM,F I,2,304.95
2025-12-04,10:10:56.314913535,T,IBM,I,16,304.95
2025-12-04,10:10:56.314988667,T,IBM,F I,5,304.97
2025-12-04,10:10:56.315027737,T,IBM,F,70,304.99
2025-12-04,10:10:56.379519314,T,IBM,,45,304.93
2025-12-04,10:11:11.940558988,T,IBM,F I,3,305.04
2025-12-04,10:11:11.940583062,T,IBM,I,5,305.06
2025-12-04,10:11:11.941253647,T,IBM,F,64,305.1
2025-12-04,10:11:11.941262625,T,IBM,I,36,305.1
2025-12-04,10:11:11.941265777,T,IBM,I,15,305.11
2025-12-04,10:11:11.941265777,T,IBM,I,21,305.11
2025-12-04,10:11:11.941283686,T,IBM,I,1,305.11
2025-12-04,10:11:11.941287022,T,IBM,I,26,305.11
2025-12-04,10:11:11.941509165,T,IBM,,45,305.075
2025-12-04,10:11:11.941563311,T,IBM,,55,305.05
2025-12-04,10:11:11.941827949,T,IBM,F I,9,305.1
2025-12-04,10:11:12.883573906,T,IBM,I,7,305.09
2025-12-04,10:11:12.883736211,T,IBM,,40,305.09
2025-12-04,10:11:12.946041550,T,IBM,F I,5,305.11
2025-12-04,10:11:12.946044611,T,IBM,F,60,305.11
2025-12-04,10:11:12.946047572,T,IBM,F I,15,305.11
2025-12-04,10:11:15.027954824,T,IBM,F,40,305.08
2025-12-04,10:11:15.027957748,T,IBM,F I,2,305.08
2025-12-04,10:11:15.027957748,T,IBM,F I,13,305.08
2025-12-04,10:11:15.027960937,T,IBM,F,40,305.08
2025-12-04,10:11:15.027963792,T,IBM,F I,1,305.08
2025-12-04,10:11:22.409462225,T,IBM,I,25,305.045
2025-12-04,10:11:22.409486267,T,IBM,F,75,305.045
2025-12-04,10:11:24.241874602,T,IBM,I,2,305.07
2025-12-04,10:11:24.241874602,T,IBM,I,18,305.08
2025-12-04,10:11:24.241895693,T,IBM,F I,2,305.08
2025-12-04,10:11:25.851345066,T,IBM,F I,5,305.11
2025-12-04,10:11:33.187877423,T,IBM,F I,2,305.03
2025-12-04,10:11:33.187880481,T,IBM,F I,15,305.03
2025-12-04,10:11:33.187880481,T,IBM,F I,12,305.02
2025-12-04,10:11:33.187883810,T,IBM,F I,12,305.01
2025-12-04,10:11:33.187898405,T,IBM,F I,28,305.01
2025-12-04,10:11:33.187898405,T,IBM,F I,1,305.01
2025-12-04,10:11:48.222673320,T,IBM,F I,15,305.03
2025-12-04,10:11:48.222676370,T,IBM,F I,15,305.03
2025-12-04,10:12:00.087896630,T,IBM,F I,39,305.07
2025-12-04,10:12:00.087896630,T,IBM,F I,5,305.07
2025-12-04,10:12:00.087899675,T,IBM,F I,34,305.07
2025-12-04,10:12:00.946801820,T,IBM,F I,2,305.13
2025-12-04,10:12:00.946804920,T,IBM,F I,12,305.13
2025-12-04,10:12:00.946807407,T,IBM,F I,10,305.13
2025-12-04,10:12:00.946825420,T,IBM,I,1,305.12
2025-12-04,10:12:00.946831454,T,IBM,I,15,305.12
2025-12-04,10:12:00.946837503,T,IBM,F I,2,305.12
2025-12-04,10:12:00.946849458,T,IBM,I,2,305.12
2025-12-04,10:12:04.886377878,T,IBM,F I,15,305.09
2025-12-04,10:12:04.886507946,T,IBM,F,40,305.08
2025-12-04,10:12:04.886507946,T,IBM,F I,3,305.08
2025-12-04,10:12:04.886510175,T,IBM,F I,1,305.08
2025-12-04,10:13:03.670728096,T,IBM,I,30,305.05
2025-12-04,10:13:06.164465702,T,IBM,I,1,305.09
2025-12-04,10:13:21.724843638,T,IBM,F I,1,305.05
2025-12-04,10:13:21.724846708,T,IBM,F,45,305.03
2025-12-04,10:13:21.724849771,T,IBM,,40,305.02
2025-12-04,10:13:21.724849771,T,IBM,I,1,305.02
2025-12-04,10:13:21.724852781,T,IBM,I,5,305.02
2025-12-04,10:13:21.729173974,T,IBM,F I,5,304.96
2025-12-04,10:13:21.729173974,T,IBM,F,79,304.96
2025-12-04,10:13:21.729209990,T,IBM,F I,19,304.96
2025-12-04,10:13:33.046721435,T,IBM,,100,304.985
2025-12-04,10:13:34.246902936,T,IBM,I,25,305.05
2025-12-04,10:13:34.246902936,T,IBM,,55,305.05
2025-12-04,10:13:34.246920687,T,IBM,I,1,305.05
2025-12-04,10:13:34.246923654,T,IBM,F I,11,305.05
2025-12-04,10:13:34.246926641,T,IBM,F,80,305.06
2025-12-04,10:13:34.246947724,T,IBM,F I,1,305.06
2025-12-04,10:13:34.454832630,T,IBM,I,1,305.11
2025-12-04,10:13:34.495324012,T,IBM,I,2,305.14
2025-12-04,10:13:34.495328195,T,IBM,I,8,305.14
2025-12-04,10:13:34.495328195,T,IBM,I,1,305.14
2025-12-04,10:13:34.495330161,T,IBM,,41,305.14
2025-12-04,10:13:34.495333045,T,IBM,I,5,305.14
2025-12-04,10:13:34.495333045,T,IBM,I,13,305.14
2025-12-04,10:13:49.134476982,T,IBM,I,4,305.22
2025-12-04,10:13:49.134500969,T,IBM,F I,5,305.25
2025-12-04,10:13:49.134504058,T,IBM,F I,5,305.25
2025-12-04,10:13:49.134531050,T,IBM,F I,24,305.26
2025-12-04,10:13:49.134534136,T,IBM,F I,5,305.26
2025-12-04,10:13:49.134537042,T,IBM,F,80,305.26
2025-12-04,10:13:49.134822926,T,IBM,F,40,305.29
2025-12-04,10:13:49.134822926,T,IBM,F I,30,305.3
2025-12-04,10:13:49.134825779,T,IBM,F,70,305.3
2025-12-04,10:13:49.136536855,T,IBM,I,30,305.27
2025-12-04,10:13:49.155100070,T,IBM,,80,305.305
2025-12-04,10:13:50.047131605,T,IBM,,45,305.29
2025-12-04,10:13:50.047194792,T,IBM,,45,305.29
2025-12-04,10:13:50.047233883,T,IBM,I,10,305.29
2025-12-04,10:13:52.719948539,T,IBM,F I,10,305.37
2025-12-04,10:13:52.720787520,T,IBM,,100,305.35
2025-12-04,10:13:52.720883795,T,IBM,,100,305.345
2025-12-04,10:13:55.812555791,T,IBM,F I,4,305.44
2025-12-04,10:13:55.824016096,T,IBM,I,10,305.53
2025-12-04,10:13:55.824355888,T,IBM,F I,10,305.56
2025-12-04,10:13:55.824373881,T,IBM,F I,30,305.56
2025-12-04,10:14:03.810530874,T,IBM,F I,15,305.53
2025-12-04,10:14:15.517769989,T,IBM,,40,305.55
2025-12-04,10:14:26.241773475,T,IBM,F I,12,305.49
2025-12-04,10:14:26.241776883,T,IBM,F,40,305.47
2025-12-04,10:14:26.241779487,T,IBM,F I,1,305.47
2025-12-04,10:14:26.241779487,T,IBM,F I,1,305.47
2025-12-04,10:14:26.241794560,T,IBM,I,11,305.47
2025-12-04,10:14:26.241800641,T,IBM,I,1,305.47
2025-12-04,10:14:26.241851678,T,IBM,F,40,305.46
2025-12-04,10:14:26.241866779,T,IBM,F,40,305.46
2025-12-04,10:14:26.241875812,T,IBM,F,40,305.46
2025-12-04,10:14:26.241884807,T,IBM,F,40,305.46
2025-12-04,10:14:26.241899881,T,IBM,F,40,305.46
2025-12-04,10:14:26.241917904,T,IBM,F,40,305.46
2025-12-04,10:14:26.242353880,T,IBM,I,5,305.46
2025-12-04,10:14:30.441018221,T,IBM,I,2,305.47
2025-12-04,10:14:30.441021231,T,IBM,I,2,305.47
2025-12-04,10:14:30.441021231,T,IBM,I,4,305.49
2025-12-04,10:14:30.441081403,T,IBM,I,4,305.46
2025-12-04,10:14:30.441087385,T,IBM,F I,1,305.49
2025-12-04,10:14:30.443682616,T,IBM,I,22,305.52
2025-12-04,10:14:32.816126467,T,IBM,I,7,305.62
2025-12-04,10:14:32.816141432,T,IBM,,93,305.62
2025-12-04,10:14:32.816141432,T,IBM,I,7,305.62
2025-12-04,10:14:33.740226330,T,IBM,F I,1,305.66
2025-12-04,10:14:33.741339039,T,IBM,F I,1,305.72
2025-12-04,10:14:33.741339039,T,IBM,F I,12,305.72
2025-12-04,10:14:33.746216951,T,IBM,F I,30,305.77
2025-12-04,10:14:33.746216951,T,IBM,F,73,305.79
2025-12-04,10:14:33.752330799,T,IBM,F I,30,305.77
2025-12-04,10:14:33.752333881,T,IBM,F,53,305.8
2025-12-04,10:14:33.752336313,T,IBM,F I,8,305.8
2025-12-04,10:14:33.752336313,T,IBM,F I,13,305.8
2025-12-04,10:14:33.752351158,T,IBM,I,1,305.8
2025-12-04,10:14:33.829475816,T,IBM,I,2,305.81
2025-12-04,10:14:33.829478876,T,IBM,I,3,305.8
2025-12-04,10:14:33.831006413,T,IBM,F I,30,305.83
2025-12-04,10:14:33.831006413,T,IBM,F I,10,305.84
2025-12-04,10:14:33.838374003,T,IBM,F I,30,305.83
2025-12-04,10:14:33.838374003,T,IBM,F I,13,305.85
2025-12-04,10:14:53.306930733,T,IBM,I,15,305.87
2025-12-04,10:14:57.793810265,T,IBM,F I,18,305.97
2025-12-04,10:14:57.793813249,T,IBM,F I,5,305.97
2025-12-04,10:14:57.794074989,T,IBM,F I,11,305.98
2025-12-04,10:14:57.794081038,T,IBM,F I,5,305.98
2025-12-04,10:14:57.794730416,T,IBM,I,12,305.96
2025-12-04,10:14:57.794800233,T,IBM,I,12,305.96
2025-12-04,10:14:57.794856740,T,IBM,I,6,305.96
2025-12-04,10:14:57.794859685,T,IBM,I,6,305.94
2025-12-04,10:14:59.604110818,T,IBM,,40,305.95
2025-12-04,10:14:59.610477027,T,IBM,,40,305.95
2025-12-04,10:15:00.555816541,T,IBM,,40,305.95
2025-12-04,10:15:00.600590378,T,IBM,,40,305.89
2025-12-04,10:15:00.600611299,T,IBM,I,1,305.89
2025-12-04,10:15:00.600611299,T,IBM,F,120,305.89
2025-12-04,10:15:01.834794300,T,IBM,F I,1,305.94
2025-12-04,10:15:01.834794300,T,IBM,F I,8,305.94
2025-12-04,10:15:01.834929955,T,IBM,F,56,305.95
2025-12-04,10:15:01.834933141,T,IBM,F I,5,305.95
2025-12-04,10:15:01.834935545,T,IBM,,100,305.94
2025-12-04,10:15:01.834935545,T,IBM,I,5,305.94
2025-12-04,10:15:01.834938502,T,IBM,,40,305.94
2025-12-04,10:15:01.836039112,T,IBM,I,36,305.95
2025-12-04,10:15:01.836478217,T,IBM,F I,2,305.94
2025-12-04,10:15:01.836478217,T,IBM,F I,3,305.94
2025-12-04,10:15:01.844585496,T,IBM,,40,305.905
2025-12-04,10:15:04.134699362,T,IBM,F,40,305.905
2025-12-04,10:15:04.966485498,T,IBM,F,40,305.905
2025-12-04,10:15:05.659394969,T,IBM,F,40,305.905
2025-12-04,10:15:08.185384502,T,IBM,F,40,305.82
2025-12-04,10:15:08.185388147,T,IBM,F,80,305.81
2025-12-04,10:15:08.524288235,T,IBM,F I,12,305.94
2025-12-04,10:15:08.524291174,T,IBM,F I,9,305.94
2025-12-04,10:15:08.995871565,T,IBM,F I,1,306.01
2025-12-04,10:15:08.995871565,T,IBM,F I,10,306.01
2025-12-04,10:15:08.995873874,T,IBM,F I,1,306.01
2025-12-04,10:15:08.995876796,T,IBM,F,40,306.01
2025-12-04,10:15:13.955574846,T,IBM,I,1,306.01
2025-12-04,10:15:15.563707246,T,IBM,F I,7,306.06
2025-12-04,10:15:15.563746421,T,IBM,F I,7,306.06
2025-12-04,10:15:15.563749409,T,IBM,F I,7,306.06
2025-12-04,10:15:15.567764402,T,IBM,F,80,306.09
2025-12-04,10:15:15.567767146,T,IBM,F,44,306.1
2025-12-04,10:15:15.567767146,T,IBM,F I,5,306.1
2025-12-04,10:15:15.567784919,T,IBM,F I,10,306.1
2025-12-04,10:15:15.567788234,T,IBM,F,55,306.1
2025-12-04,10:15:15.567788234,T,IBM,I,1,306.1
2025-12-04,10:15:15.567791092,T,IBM,I,14,306.1
2025-12-04,10:15:15.577194328,T,IBM,F I,10,306.11
2025-12-04,10:15:15.627907076,T,IBM,F I,1,306.16
2025-12-04,10:15:15.627907076,T,IBM,F I,10,306.16
2025-12-04,10:15:15.628842993,T,IBM,,75,306.17
2025-12-04,10:15:15.628842993,T,IBM,I,15,306.15
2025-12-04,10:15:15.628845383,T,IBM,,40,306.14
2025-12-04,10:15:15.628848372,T,IBM,,100,306.14
2025-12-04,10:15:15.628848372,T,IBM,I,30,306.14
2025-12-04,10:15:15.628851401,T,IBM,,100,306.12
2025-12-04,10:15:15.872473280,T,IBM,I,15,306.13
2025-12-04,10:15:15.872473280,T,IBM,I,2,306.13
2025-12-04,10:15:15.937266164,T,IBM,,100,306.18
2025-12-04,10:15:15.937266164,T,IBM,I,30,306.19
2025-12-04,10:15:15.937269002,T,IBM,I,2,306.19
2025-12-04,10:15:15.937271533,T,IBM,I,6,306.19
2025-12-04,10:15:15.937271533,T,IBM,I,10,306.2
2025-12-04,10:15:17.374729492,T,IBM,,40,306.2
2025-12-04,10:15:18.531042277,T,IBM,F I,3,306.23
2025-12-04,10:15:18.531147489,T,IBM,I,20,306.23
2025-12-04,10:15:20.088055953,T,IBM,F I,10,306.28
2025-12-04,10:15:20.088672742,T,IBM,F I,29,306.28
2025-12-04,10:15:20.088708488,T,IBM,F I,31,306.34
2025-12-04,10:15:20.088885922,T,IBM,F I,19,306.34
2025-12-04,10:15:20.102815064,T,IBM,F I,11,306.39
2025-12-04,10:15:20.109758567,T,IBM,F I,11,306.38
2025-12-04,10:15:21.753880565,T,IBM,I,2,306.33
2025-12-04,10:15:21.753883724,T,IBM,I,15,306.31
2025-12-04,10:15:21.753883724,T,IBM,I,20,306.26
2025-12-04,10:15:21.753886487,T,IBM,I,3,306.25
2025-12-04,10:15:21.757254504,T,IBM,F,40,306.24
2025-12-04,10:15:21.757258386,T,IBM,F,40,306.24
2025-12-04,10:15:21.757266803,T,IBM,I,20,306.24
2025-12-04,10:15:21.757266803,T,IBM,I,20,306.23
2025-12-04,10:15:21.757287650,T,IBM,I,1,306.23
2025-12-04,10:15:21.757314753,T,IBM,I,14,306.23
2025-12-04,10:15:21.757344730,T,IBM,I,5,306.23
2025-12-04,10:15:25.758153096,T,IBM,F,50,306.31
2025-12-04,10:15:25.758156070,T,IBM,F I,5,306.31
2025-12-04,10:15:25.758171136,T,IBM,I,1,306.31
2025-12-04,10:15:25.758175168,T,IBM,F I,6,306.31
2025-12-04,10:15:25.758177090,T,IBM,F I,18,306.31
2025-12-04,10:15:26.656610912,T,IBM,F I,30,306.38
2025-12-04,10:15:26.656631963,T,IBM,F I,21,306.38
2025-12-04,10:15:26.656638008,T,IBM,F I,9,306.38
2025-12-04,10:15:27.447575174,T,IBM,F,45,306.49
2025-12-04,10:15:27.447575174,T,IBM,F,500,306.5
2025-12-04,10:15:27.447577973,T,IBM,F I,5,306.5
2025-12-04,10:15:27.447605006,T,IBM,F I,35,306.5
2025-12-04,10:15:27.447728315,T,IBM,F I,10,306.52
2025-12-04,10:15:27.447773348,T,IBM,I,30,306.47
2025-12-04,10:15:27.447773348,T,IBM,I,14,306.45
2025-12-04,10:15:27.447776446,T,IBM,,67,306.45
2025-12-04,10:15:27.447846416,T,IBM,I,19,306.49
2025-12-04,10:15:27.447914762,T,IBM,,45,306.49
2025-12-04,10:15:30.160645623,T,IBM,F I,6,306.52
2025-12-04,10:15:32.301601437,T,IBM,F I,11,306.55
2025-12-04,10:15:32.301601437,T,IBM,F I,20,306.55
2025-12-04,10:15:32.302332164,T,IBM,F,40,306.59
2025-12-04,10:15:34.854077900,T,IBM,F I,1,306.49
2025-12-04,10:15:34.854099604,T,IBM,F I,1,306.49
2025-12-04,10:15:34.854462987,T,IBM,F,40,306.48
2025-12-04,10:15:34.876655900,T,IBM,F,70,306.5
2025-12-04,10:15:34.876658664,T,IBM,F I,33,306.5
2025-12-04,10:15:34.876661658,T,IBM,F I,3,306.5
2025-12-04,10:15:34.876661658,T,IBM,F,43,306.5
2025-12-04,10:15:34.876677077,T,IBM,I,1,306.5
2025-12-04,10:15:37.303435801,T,IBM,F I,20,306.555
2025-12-04,10:15:37.311031895,T,IBM,I,20,306.555
2025-12-04,10:15:39.588720125,T,IBM,F I,30,306.5
2025-12-04,10:15:39.588726093,T,IBM,F I,14,306.48
2025-12-04,10:15:39.588744295,T,IBM,F I,26,306.48
2025-12-04,10:15:39.588747141,T,IBM,F I,4,306.48
2025-12-04,10:15:41.103323758,T,IBM,F I,30,306.49
2025-12-04,10:15:41.103660625,T,IBM,F I,10,306.52
2025-12-04,10:15:41.103663640,T,IBM,F I,3,306.52
2025-12-04,10:15:41.103729998,T,IBM,,100,306.49
2025-12-04,10:15:41.103729998,T,IBM,I,10,306.48
2025-12-04,10:15:41.103732832,T,IBM,,100,306.48
2025-12-04,10:15:41.103735819,T,IBM,I,25,306.48
2025-12-04,10:15:49.047332318,T,IBM,F,80,306.55
2025-12-04,10:15:49.047335613,T,IBM,F,40,306.56
2025-12-04,10:15:49.047335613,T,IBM,F I,5,306.56
2025-12-04,10:15:49.047338284,T,IBM,F I,1,306.56
2025-12-04,10:15:49.047338284,T,IBM,F,51,306.56
2025-12-04,10:15:49.047347929,T,IBM,I,1,306.56
2025-12-04,10:15:49.047351174,T,IBM,F I,28,306.56
2025-12-04,10:15:49.047353276,T,IBM,F,51,306.56
2025-12-04,10:15:50.916666482,T,IBM,F I,25,306.61
2025-12-04,10:16:18.097208317,T,IBM,F,40,306.78
2025-12-04,10:16:18.097211254,T,IBM,F I,1,306.78
2025-12-04,10:16:18.097226327,T,IBM,I,11,306.78
2025-12-04,10:16:18.097229429,T,IBM,,41,306.78
2025-12-04,10:16:18.097229429,T,IBM,I,1,306.78
2025-12-04,10:16:18.097352586,T,IBM,I,26,306.78
2025-12-04,10:16:18.097825123,T,IBM,I,2,306.78
2025-12-04,10:16:18.097825123,T,IBM,I,10,306.78
2025-12-04,10:16:18.097828057,T,IBM,I,11,306.78
2025-12-04,10:16:18.097828057,T,IBM,I,13,306.78
2025-12-04,10:16:18.097830819,T,IBM,I,30,306.78
2025-12-04,10:16:18.104708161,T,IBM,,82,306.785
2025-12-04,10:16:19.353397792,T,IBM,I,15,306.85
2025-12-04,10:16:19.353400853,T,IBM,I,2,306.85
2025-12-04,10:16:19.353403820,T,IBM,I,32,306.85
2025-12-04,10:16:19.372589460,T,IBM,F I,19,306.85
2025-12-04,10:16:19.373065062,T,IBM,I,9,306.86
2025-12-04,10:16:19.373067761,T,IBM,I,10,306.87
2025-12-04,10:16:19.373067761,T,IBM,I,1,306.89
2025-12-04,10:16:19.373070625,T,IBM,I,10,306.89
2025-12-04,10:16:19.373073608,T,IBM,I,20,306.92
2025-12-04,10:16:19.393053118,T,IBM,F I,10,306.93
2025-12-04,10:16:19.393053118,T,IBM,F I,13,306.93
2025-12-04,10:16:19.409087354,T,IBM,I,2,306.93
2025-12-04,10:16:20.060732640,T,IBM,F,100,306.95
2025-12-04,10:16:20.148779268,T,IBM,I,25,306.9
2025-12-04,10:16:20.148803389,T,IBM,F I,15,306.9
2025-12-04,10:16:20.148806384,T,IBM,F I,2,306.9
2025-12-04,10:16:20.148806384,T,IBM,F I,5,306.9
2025-12-04,10:16:20.151942755,T,IBM,F,40,306.89
2025-12-04,10:16:23.103312767,T,IBM,F I,6,306.9
2025-12-04,10:16:23.103318724,T,IBM,F I,24,306.9
2025-12-04,10:16:23.103318724,T,IBM,F I,6,306.93
2025-12-04,10:16:28.880206215,T,IBM,F,40,306.88
2025-12-04,10:16:28.880305416,T,IBM,F,80,306.87
2025-12-04,10:16:28.880329488,T,IBM,F,40,306.87
2025-12-04,10:16:30.942001526,T,IBM,F I,5,306.78
2025-12-04,10:16:30.942049615,T,IBM,I,6,306.78
2025-12-04,10:16:31.949261426,T,IBM,F I,6,306.72
2025-12-04,10:16:31.949276722,T,IBM,I,13,306.72
2025-12-04,10:16:31.949282427,T,IBM,F I,9,306.72
2025-12-04,10:16:31.949282427,T,IBM,F I,10,306.72
2025-12-04,10:16:31.949691376,T,IBM,I,1,306.71
2025-12-04,10:16:34.993182801,T,IBM,F I,4,306.74
2025-12-04,10:16:34.993185790,T,IBM,F I,2,306.74
2025-12-04,10:16:34.993233981,T,IBM,F I,5,306.76
2025-12-04,10:16:41.822729224,T,IBM,F I,2,306.81
2025-12-04,10:16:41.822792472,T,IBM,F I,5,306.84
2025-12-04,10:16:45.238591146,T,IBM,I,2,306.85
2025-12-04,10:16:48.247936204,T,IBM,,40,306.79
2025-12-04,10:16:48.247939262,T,IBM,I,1,306.79
2025-12-04,10:16:48.247957254,T,IBM,I,1,306.8
2025-12-04,10:16:48.247984309,T,IBM,I,14,306.8
2025-12-04,10:16:48.247996353,T,IBM,F I,1,306.8
2025-12-04,10:16:48.304879782,T,IBM,I,15,306.81
2025-12-04,10:16:52.077427256,T,IBM,I,2,306.83
2025-12-04,10:16:52.077429755,T,IBM,I,2,306.87
2025-12-04,10:16:52.077432732,T,IBM,,43,306.88
2025-12-04,10:16:52.151520156,T,IBM,I,9,306.88
2025-12-04,10:16:52.192525892,T,IBM,I,24,306.88
2025-12-04,10:16:52.200482662,T,IBM,,40,306.845
2025-12-04,10:16:52.269289795,T,IBM,I,2,306.83
2025-12-04,10:16:52.269292480,T,IBM,I,39,306.81
2025-12-04,10:16:52.269316589,T,IBM,F,41,306.81
2025-12-04,10:16:52.269379749,T,IBM,I,20,306.81
2025-12-04,10:16:52.269379749,T,IBM,I,21,306.8
2025-12-04,10:16:52.269388678,T,IBM,F I,10,306.8
2025-12-04,10:16:52.269397791,T,IBM,I,1,306.8
2025-12-04,10:16:52.269418927,T,IBM,I,8,306.8
2025-12-04,10:16:52.269427844,T,IBM,I,1,306.8
2025-12-04,10:16:52.269686438,T,IBM,,45,306.81
2025-12-04,10:16:52.270149562,T,IBM,F,55,306.81
2025-12-04,10:16:52.383559411,T,IBM,I,2,306.79
2025-12-04,10:16:52.383561911,T,IBM,I,2,306.79
2025-12-04,10:16:52.383564529,T,IBM,I,5,306.81
2025-12-04,10:16:52.417137094,T,IBM,I,2,306.79
2025-12-04,10:16:52.417137094,T,IBM,I,2,306.81
2025-12-04,10:16:52.417139486,T,IBM,I,5,306.83
2025-12-04,10:16:52.441780173,T,IBM,I,10,306.83
2025-12-04,10:16:52.544928651,T,IBM,I,19,306.83
2025-12-04,10:17:00.041285431,T,IBM,I,4,306.68
2025-12-04,10:17:05.130931998,T,IBM,F I,1,306.74
2025-12-04,10:17:05.130934976,T,IBM,F I,1,306.73
2025-12-04,10:17:05.130947050,T,IBM,I,1,306.73
2025-12-04,10:17:05.130950084,T,IBM,I,1,306.73
2025-12-04,10:17:05.130968567,T,IBM,I,2,306.73
2025-12-04,10:17:08.411880936,T,IBM,F I,5,306.82
2025-12-04,10:17:08.411883573,T,IBM,F I,30,306.82
2025-12-04,10:17:08.411886664,T,IBM,F,54,306.82
2025-12-04,10:17:08.411889511,T,IBM,F I,2,306.82
2025-12-04,10:17:09.498177510,T,IBM,F I,20,306.91
2025-12-04,10:17:09.498288763,T,IBM,F,40,306.91
2025-12-04,10:17:09.498288763,T,IBM,F I,20,306.92
2025-12-04,10:17:09.498291826,T,IBM,F I,32,306.92
2025-12-04,10:17:09.498309880,T,IBM,F I,8,306.92
2025-12-04,10:17:09.498427076,T,IBM,F I,1,306.93
2025-12-04,10:17:09.498445173,T,IBM,I,14,306.93
2025-12-04,10:17:09.498541446,T,IBM,F I,25,306.93
2025-12-04,10:17:24.578195171,T,IBM,F,40,306.87
2025-12-04,10:17:24.578198267,T,IBM,F I,19,306.87
2025-12-04,10:17:24.578210443,T,IBM,,40,306.87
2025-12-04,10:17:24.578213925,T,IBM,I,10,306.87
2025-12-04,10:17:24.578213925,T,IBM,I,1,306.87
2025-12-04,10:17:24.578216270,T,IBM,I,29,306.87
2025-12-04,10:17:24.578225331,T,IBM,I,1,306.87
2025-12-04,10:17:24.578471817,T,IBM,F,40,306.86
2025-12-04,10:17:24.581181360,T,IBM,I,30,306.86
2025-12-04,10:17:24.581244468,T,IBM,,40,306.86
2025-12-04,10:17:24.581352692,T,IBM,F,100,306.85
2025-12-04,10:17:24.581397851,T,IBM,F,40,306.89
2025-12-04,10:17:24.581400804,T,IBM,F I,13,306.9
2025-12-04,10:17:24.581400804,T,IBM,F I,6,306.9
2025-12-04,10:17:24.581404124,T,IBM,F I,16,306.9
2025-12-04,10:17:24.581419135,T,IBM,I,1,306.9
2025-12-04,10:17:24.581455063,T,IBM,I,23,306.9
2025-12-04,10:17:24.581455063,T,IBM,I,16,306.9
2025-12-04,10:17:24.581524085,T,IBM,,380,306.9
2025-12-04,10:17:24.625291118,T,IBM,F,40,306.81
2025-12-04,10:17:24.625293289,T,IBM,F I,6,306.81
2025-12-04,10:17:24.625311882,T,IBM,I,29,306.81
2025-12-04,10:17:24.625317712,T,IBM,,65,306.81
2025-12-04,10:17:24.625494769,T,IBM,F I,5,306.8
2025-12-04,10:17:39.069564524,T,IBM,F I,35,306.8
2025-12-04,10:17:39.069564524,T,IBM,F,100,306.8
2025-12-04,10:17:39.069570565,T,IBM,F,70,306.8
2025-12-04,10:17:39.069598222,T,IBM,F,70,306.81
2025-12-04,10:17:39.814419743,T,IBM,I,22,306.79
2025-12-04,10:17:40.612363274,T,IBM,I,30,306.86
2025-12-04,10:18:09.865045774,T,IBM,F I,1,306.98
2025-12-04,10:18:09.869264635,T,IBM,F I,17,306.92
2025-12-04,10:18:09.869264635,T,IBM,F I,3,306.92
2025-12-04,10:18:09.869288650,T,IBM,F I,20,306.92
2025-12-04,10:18:09.869288650,T,IBM,I,1,306.92
2025-12-04,10:18:09.869307052,T,IBM,F I,20,306.92
2025-12-04,10:18:09.869312692,T,IBM,F,59,306.92
2025-12-04,10:18:12.422628359,T,IBM,F I,15,306.81
2025-12-04,10:18:12.422697446,T,IBM,I,14,306.81
2025-12-04,10:18:12.524300362,T,IBM,I,11,306.81
2025-12-04,10:18:13.809596144,T,IBM,F I,7,306.78
2025-12-04,10:18:13.809602203,T,IBM,F I,7,306.77
2025-12-04,10:18:13.809710454,T,IBM,F I,20,306.75
2025-12-04,10:18:13.810035220,T,IBM,F I,4,306.69
2025-12-04,10:18:13.810038318,T,IBM,F I,10,306.69
2025-12-04,10:18:13.810546434,T,IBM,F I,10,306.62
2025-12-04,10:18:13.817739563,T,IBM,,45,306.62
2025-12-04,10:18:13.934047829,T,IBM,I,2,306.67
2025-12-04,10:18:13.934050395,T,IBM,I,15,306.67
2025-12-04,10:18:13.934781110,T,IBM,F,70,306.71
2025-12-04,10:18:13.958961667,T,IBM,I,20,306.78
2025-12-04,10:18:13.959015813,T,IBM,F I,20,306.79
2025-12-04,10:18:15.471709893,T,IBM,F I,10,306.86
2025-12-04,10:18:36.786629305,T,IBM,F,100,306.98
2025-12-04,10:18:36.786653434,T,IBM,F,100,306.96
2025-12-04,10:18:36.795064466,T,IBM,I,24,306.97
2025-12-04,10:18:38.038759181,T,IBM,I,1,306.91
2025-12-04,10:18:46.274029122,T,IBM,F,80,306.98
2025-12-04,10:18:46.274032450,T,IBM,F I,1,306.99
2025-12-04,10:18:46.274032450,T,IBM,F I,3,306.99
2025-12-04,10:18:46.274035234,T,IBM,F I,20,306.99
2025-12-04,10:18:46.274035234,T,IBM,F I,16,306.99
2025-12-04,10:18:46.274038148,T,IBM,F,70,306.99
2025-12-04,10:18:46.425302004,T,IBM,F I,26,307.11
2025-12-04,10:18:46.425304347,T,IBM,F I,8,307.11
2025-12-04,10:18:46.425319307,T,IBM,I,15,307.11
2025-12-04,10:18:46.425412766,T,IBM,F I,10,307.12
2025-12-04,10:18:46.425415578,T,IBM,F I,10,307.13
2025-12-04,10:18:46.438168867,T,IBM,I,2,307.15
2025-12-04,10:18:46.438322554,T,IBM,F I,2,307.13
2025-12-04,10:18:46.438322554,T,IBM,F I,15,307.13
2025-12-04,10:18:46.438325776,T,IBM,F I,22,307.09
2025-12-04,10:18:46.438346407,T,IBM,F I,7,307.09
2025-12-04,10:18:46.438587213,T,IBM,F I,1,307.07
2025-12-04,10:18:46.438587213,T,IBM,F I,1,307.07
2025-12-04,10:18:46.438589948,T,IBM,F I,5,307.07
2025-12-04,10:18:52.255141947,T,IBM,I,23,307.105
2025-12-04,10:18:52.320469474,T,IBM,F I,37,307.01
2025-12-04,10:19:10.269319817,T,IBM,I,4,307.17
2025-12-04,10:19:10.269322800,T,IBM,I,1,307.17
2025-12-04,10:19:12.147446954,T,IBM,F I,2,307.17
2025-12-04,10:19:15.127626576,T,IBM,I,15,307.12
2025-12-04,10:19:15.127626576,T,IBM,I,2,307.11
2025-12-04,10:19:15.127631645,T,IBM,I,2,307.11
2025-12-04,10:19:15.127631645,T,IBM,I,6,307.11
2025-12-04,10:19:20.478248754,T,IBM,I,15,307.19
2025-12-04,10:19:20.478251450,T,IBM,,70,307.2
2025-12-04,10:19:20.478254383,T,IBM,I,11,307.2
2025-12-04,10:19:20.478269403,T,IBM,F I,15,307.2
2025-12-04,10:19:24.019364500,T,IBM,F I,10,307.36
2025-12-04,10:19:24.019425773,T,IBM,,100,307.33
2025-12-04,10:19:24.019425773,T,IBM,I,15,307.32
2025-12-04,10:19:24.019427631,T,IBM,I,13,307.31
2025-12-04,10:19:24.020717939,T,IBM,I,30,307.32
2025-12-04,10:19:24.020717939,T,IBM,I,2,307.31
2025-12-04,10:19:32.715608333,T,IBM,I,10,307.34
2025-12-04,10:19:32.716395828,T,IBM,F I,5,307.36
2025-12-04,10:19:32.716398820,T,IBM,F I,10,307.36
2025-12-04,10:19:32.716495087,T,IBM,F I,5,307.38
2025-12-04,10:19:33.955101707,T,IBM,I,2,307.27
2025-12-04,10:19:44.573905986,T,IBM,I,36,307.38
2025-12-04,10:19:46.208702760,T,IBM,F I,15,307.33
2025-12-04,10:20:01.486577268,T,IBM,F I,2,307.31
2025-12-04,10:20:01.486577268,T,IBM,F I,2,307.29
2025-12-04,10:20:01.486579580,T,IBM,F I,15,307.27
2025-12-04,10:20:01.486582649,T,IBM,F,41,307.25
2025-12-04,10:20:02.794510209,T,IBM,I,1,307.28
2025-12-04,10:20:02.794546340,T,IBM,F I,2,307.28
2025-12-04,10:20:03.926867981,T,IBM,,67,307.4
2025-12-04,10:20:03.926870901,T,IBM,I,3,307.4
2025-12-04,10:20:03.927120515,T,IBM,F I,1,307.41
2025-12-04,10:20:09.555659021,T,IBM,F I,6,307.53
2025-12-04,10:20:09.561273451,T,IBM,I,2,307.59
2025-12-04,10:20:09.561273451,T,IBM,I,18,307.62
2025-12-04,10:20:09.624252308,T,IBM,I,20,307.62
2025-12-04,10:20:17.729555850,T,IBM,I,8,307.53
2025-12-04,10:20:17.729597963,T,IBM,F I,5,307.53
2025-12-04,10:20:17.729604004,T,IBM,I,1,307.53
2025-12-04,10:20:17.729646071,T,IBM,F I,19,307.53
2025-12-04,10:20:17.733586196,T,IBM,I,4,307.5
2025-12-04,10:20:17.733729868,T,IBM,F,40,307.49
2025-12-04,10:20:17.733732887,T,IBM,F,40,307.49
2025-12-04,10:20:17.734120751,T,IBM,F I,14,307.48
2025-12-04,10:20:17.734150834,T,IBM,F I,2,307.47
2025-12-04,10:20:17.734168922,T,IBM,F I,5,307.47
2025-12-04,10:20:18.242393916,T,IBM,F I,2,307.49
2025-12-04,10:20:18.242700545,T,IBM,F I,2,307.5
2025-12-04,10:20:22.863975980,T,IBM,,74,307.54
2025-12-04,10:20:31.960773342,T,IBM,I,15,307.47
2025-12-04,10:20:31.960773342,T,IBM,I,2,307.49
2025-12-04,10:20:31.960776092,T,IBM,I,1,307.51
2025-12-04,10:20:35.450695237,T,IBM,F,40,307.54
2025-12-04,10:20:35.450710266,T,IBM,F,70,307.54
2025-12-04,10:20:35.451062090,T,IBM,F,64,307.58
2025-12-04,10:20:35.451086153,T,IBM,F I,16,307.58
2025-12-04,10:20:35.504983485,T,IBM,F I,10,307.63
2025-12-04,10:20:35.512708845,T,IBM,I,7,307.6
2025-12-04,10:20:35.714603514,T,IBM,I,7,307.63
2025-12-04,10:20:35.714606474,T,IBM,I,9,307.63
2025-12-04,10:20:37.117903184,T,IBM,I,17,307.66
2025-12-04,10:20:37.118426435,T,IBM,I,17,307.65
2025-12-04,10:20:37.130010001,T,IBM,I,8,307.66
2025-12-04,10:20:37.130013036,T,IBM,,50,307.66
2025-12-04,10:20:37.288000093,T,IBM,F I,2,307.61
2025-12-04,10:20:39.693144517,T,IBM,I,5,307.62
2025-12-04,10:20:39.693146947,T,IBM,I,2,307.62
2025-12-04,10:20:40.115568488,T,IBM,F I,2,307.58
2025-12-04,10:20:50.437079117,T,IBM,I,2,307.61
2025-12-04,10:20:50.437079117,T,IBM,I,30,307.62
2025-12-04,10:20:50.437082180,T,IBM,I,2,307.63
2025-12-04,10:20:50.437085232,T,IBM,,75,307.63
2025-12-04,10:20:50.437088507,T,IBM,,67,307.64
2025-12-04,10:20:50.437088507,T,IBM,,40,307.65
2025-12-04,10:20:50.437091297,T,IBM,I,15,307.65
2025-12-04,10:20:50.437091297,T,IBM,I,1,307.66
2025-12-04,10:20:50.437094183,T,IBM,I,2,307.66
2025-12-04,10:20:50.438721052,T,IBM,I,6,307.64
2025-12-04,10:20:55.119574785,T,IBM,I,2,307.59
2025-12-04,10:20:55.119577505,T,IBM,I,23,307.58
2025-12-04,10:20:55.119592885,T,IBM,I,1,307.58
2025-12-04,10:20:55.119595564,T,IBM,I,3,307.58
2025-12-04,10:20:55.119673779,T,IBM,I,24,307.57
2025-12-04,10:20:55.119679772,T,IBM,I,1,307.57
2025-12-04,10:20:55.119685746,T,IBM,I,15,307.57
2025-12-04,10:20:55.121950912,T,IBM,F,77,307.57
2025-12-04,10:20:55.121953142,T,IBM,F,70,307.57
2025-12-04,10:20:55.121956203,T,IBM,F I,27,307.57
2025-12-04,10:20:55.124891135,T,IBM,I,9,307.57
2025-12-04,10:20:55.125026547,T,IBM,I,4,307.58
2025-12-04,10:20:55.125128755,T,IBM,I,32,307.58
2025-12-04,10:20:55.125161770,T,IBM,I,34,307.58
2025-12-04,10:20:58.289264181,T,IBM,F I,16,307.52
2025-12-04,10:20:58.289285318,T,IBM,,64,307.52
2025-12-04,10:20:58.870478900,T,IBM,F I,24,307.49
2025-12-04,10:20:58.870478900,T,IBM,F I,16,307.49
2025-12-04,10:21:01.199156588,T,IBM,I,15,307.41
2025-12-04,10:21:16.639026109,T,IBM,I,1,307.57
2025-12-04,10:21:21.108903190,T,IBM,I,2,307.65
2025-12-04,10:21:21.108906186,T,IBM,I,10,307.67
2025-12-04,10:21:21.108927183,T,IBM,I,2,307.67
2025-12-04,10:21:21.108942256,T,IBM,F I,18,307.67
2025-12-04,10:21:21.109916621,T,IBM,,61,307.68
2025-12-04,10:21:22.914308169,T,IBM,I,2,307.63
2025-12-04,10:21:28.057485179,T,IBM,I,2,307.59
2025-12-04,10:21:31.950667401,T,IBM,I,2,307.59
2025-12-04,10:21:32.080703060,T,IBM,I,2,307.65
2025-12-04,10:21:32.080703060,T,IBM,I,5,307.68
2025-12-04,10:21:32.311093446,T,IBM,I,21,307.64
2025-12-04,10:21:32.311352030,T,IBM,F I,13,307.63
2025-12-04,10:21:32.311352030,T,IBM,F I,3,307.63
2025-12-04,10:21:32.311355068,T,IBM,F I,5,307.63
2025-12-04,10:21:46.747772394,T,IBM,F I,2,307.63
2025-12-04,10:21:46.747774761,T,IBM,F I,2,307.65
2025-12-04,10:21:46.747798855,T,IBM,F I,23,307.66
2025-12-04,10:21:55.826805647,T,IBM,F,40,307.7
2025-12-04,10:21:55.826965022,T,IBM,F I,10,307.73
2025-12-04,10:21:55.827755851,T,IBM,F I,1,307.8
2025-12-04,10:21:55.828760209,T,IBM,F I,10,307.84
2025-12-04,10:22:03.485477032,T,IBM,F I,5,307.88
2025-12-04,10:22:03.485964895,T,IBM,F I,10,307.9
2025-12-04,10:22:03.485967141,T,IBM,F,40,307.9
2025-12-04,10:22:11.418293104,T,IBM,F I,2,307.93
2025-12-04,10:22:11.418293104,T,IBM,F I,15,307.93
2025-12-04,10:22:19.274685809,T,IBM,F I,1,307.82
2025-12-04,10:22:19.274688272,T,IBM,F I,2,307.81
2025-12-04,10:22:19.274691430,T,IBM,F,120,307.81
2025-12-04,10:22:19.274691430,T,IBM,F,52,307.81
2025-12-04,10:22:19.274694280,T,IBM,F I,1,307.81
2025-12-04,10:22:19.274736347,T,IBM,F,40,307.8
2025-12-04,10:22:19.284750218,T,IBM,I,2,307.845
2025-12-04,10:22:28.261670427,T,IBM,F I,20,307.99
2025-12-04,10:22:28.261670427,T,IBM,F I,10,307.99
2025-12-04,10:22:28.261673003,T,IBM,F I,8,307.99
2025-12-04,10:22:28.261688009,T,IBM,I,1,307.99
2025-12-04,10:22:28.270354597,T,IBM,I,30,308.07
2025-12-04,10:22:28.270357689,T,IBM,,98,308.05
2025-12-04,10:22:28.270880936,T,IBM,I,12,308.05
2025-12-04,10:22:41.056851480,T,IBM,F I,2,308.2
2025-12-04,10:22:41.056896649,T,IBM,F I,20,308.24
2025-12-04,10:22:41.057549140,T,IBM,F I,5,308.28
2025-12-04,10:22:41.057549140,T,IBM,F I,5,308.3
2025-12-04,10:22:41.057567199,T,IBM,F I,9,308.3
2025-12-04,10:22:48.883947878,T,IBM,I,2,308.25
2025-12-04,10:22:48.883950960,T,IBM,I,10,308.27
2025-12-04,10:22:48.883950960,T,IBM,I,10,308.27
2025-12-04,10:22:48.884738787,T,IBM,F I,36,308.29
2025-12-04,10:22:48.885174880,T,IBM,F I,3,308.3
2025-12-04,10:22:48.885210892,T,IBM,I,33,308.3
2025-12-04,10:22:49.025134097,T,IBM,F I,2,308.27
2025-12-04,10:22:49.025248367,T,IBM,,40,308.27
2025-12-04,10:22:49.412164421,T,IBM,I,2,308.26
2025-12-04,10:22:49.412194440,T,IBM,I,2,308.21
2025-12-04,10:22:49.412197735,T,IBM,,40,308.21
2025-12-04,10:22:49.412197735,T,IBM,I,22,308.2
2025-12-04,10:22:49.412200507,T,IBM,I,33,308.2
2025-12-04,10:22:49.412215593,T,IBM,I,1,308.2
2025-12-04,10:22:49.412218508,T,IBM,,41,308.2
2025-12-04,10:22:49.428679742,T,IBM,I,6,308.15
2025-12-04,10:22:49.428718786,T,IBM,F I,2,308.15
2025-12-04,10:22:49.428727809,T,IBM,I,23,308.15
2025-12-04,10:22:49.428727809,T,IBM,I,2,308.15
2025-12-04,10:22:49.428757970,T,IBM,I,28,308.15
2025-12-04,10:22:49.428872156,T,IBM,F I,21,308.15
2025-12-04,10:22:49.431028277,T,IBM,I,18,308.1
2025-12-04,10:22:49.431912645,T,IBM,I,2,308.1
2025-12-04,10:22:49.431915976,T,IBM,I,29,308.1
2025-12-04,10:22:49.440029181,T,IBM,I,26,308.13
2025-12-04,10:22:49.440031740,T,IBM,I,4,308.13
2025-12-04,10:22:49.440031740,T,IBM,I,1,308.11
2025-12-04,10:22:49.440786563,T,IBM,I,5,308.14
2025-12-04,10:22:49.440792525,T,IBM,I,25,308.14
2025-12-04,10:22:49.440792525,T,IBM,I,1,308.11
2025-12-04,10:22:49.441255764,T,IBM,I,26,308.11
2025-12-04,10:22:49.441255764,T,IBM,I,5,308.11
2025-12-04,10:22:49.441622806,T,IBM,I,26,308.13
2025-12-04,10:22:49.441622806,T,IBM,I,4,308.13
2025-12-04,10:22:49.441625554,T,IBM,I,1,308.11
2025-12-04,10:22:49.441890194,T,IBM,F,43,308.11
2025-12-04,10:22:49.442218041,T,IBM,I,15,308.11
2025-12-04,10:22:49.442218041,T,IBM,I,11,308.1
2025-12-04,10:22:49.442239068,T,IBM,I,3,308.1
2025-12-04,10:22:49.442239068,T,IBM,I,8,308.1
2025-12-04,10:22:49.443051336,T,IBM,F I,4,308.11
2025-12-04,10:22:49.443056933,T,IBM,,96,308.11
2025-12-04,10:22:49.443056933,T,IBM,I,4,308.1
2025-12-04,10:22:49.443056933,T,IBM,I,22,308.1
2025-12-04,10:22:49.443514027,T,IBM,I,12,308.12
2025-12-04,10:22:49.444398118,T,IBM,I,13,308.11
2025-12-04,10:22:49.444401156,T,IBM,I,18,308.11
2025-12-04,10:22:50.608629014,T,IBM,I,2,308.17
2025-12-04,10:22:50.608629014,T,IBM,I,2,308.17
2025-12-04,10:22:50.608631824,T,IBM,I,15,308.15
2025-12-04,10:22:50.608631824,T,IBM,I,21,308.13
2025-12-04,10:22:59.383178690,T,IBM,F I,25,308.12
2025-12-04,10:22:59.383404188,T,IBM,F,75,308.12
2025-12-04,10:22:59.383404188,T,IBM,F I,5,308.11
2025-12-04,10:22:59.383443270,T,IBM,I,18,308.11
2025-12-04,10:22:59.639960610,T,IBM,I,2,308.19
2025-12-04,10:22:59.639963049,T,IBM,I,2,308.19
2025-12-04,10:22:59.639969063,T,IBM,,75,308.21
2025-12-04,10:22:59.639969063,T,IBM,I,21,308.22
2025-12-04,10:23:03.610618692,T,IBM,F I,1,308.33
2025-12-04,10:23:03.610931441,T,IBM,F I,20,308.34
2025-12-04,10:23:03.610931441,T,IBM,F I,20,308.35
2025-12-04,10:23:03.611241184,T,IBM,F,40,308.37
2025-12-04,10:23:03.777666405,T,IBM,F I,6,308.45
2025-12-04,10:23:04.127672601,T,IBM,F I,6,308.45
2025-12-04,10:23:04.296834574,T,IBM,F I,2,308.39
2025-12-04,10:23:04.296837940,T,IBM,F I,1,308.37
2025-12-04,10:23:04.296837940,T,IBM,F I,20,308.37
2025-12-04,10:23:04.296843272,T,IBM,F I,20,308.37
2025-12-04,10:23:04.296843272,T,IBM,F I,2,308.37
2025-12-04,10:23:04.296843272,T,IBM,F I,27,308.37
2025-12-04,10:23:05.532767557,T,IBM,F,40,308.33
2025-12-04,10:23:05.532770583,T,IBM,F,80,308.33
2025-12-04,10:23:05.532770583,T,IBM,F I,10,308.33
2025-12-04,10:23:08.898608440,T,IBM,,40,308.26
2025-12-04,10:23:08.898644484,T,IBM,I,1,308.26
2025-12-04,10:23:08.898647435,T,IBM,I,14,308.25
2025-12-04,10:23:08.898647435,T,IBM,I,39,308.25
2025-12-04,10:23:08.898671785,T,IBM,I,1,308.25
2025-12-04,10:23:08.898671785,T,IBM,I,28,308.25
2025-12-04,10:23:08.898675027,T,IBM,F I,1,308.25
2025-12-04,10:23:08.898675027,T,IBM,F I,1,308.25
2025-12-04,10:23:08.898683582,T,IBM,I,10,308.25
2025-12-04,10:23:09.648446438,T,IBM,F I,17,308.24
2025-12-04,10:23:10.093984158,T,IBM,F I,11,308.18
2025-12-04,10:23:10.094669814,T,IBM,I,13,308.18
2025-12-04,10:23:10.139076486,T,IBM,I,2,308.17
2025-12-04,10:23:10.139076486,T,IBM,I,2,308.19
2025-12-04,10:23:10.139079575,T,IBM,I,8,308.2
2025-12-04,10:23:10.139082506,T,IBM,,70,308.2
2025-12-04,10:23:10.139121673,T,IBM,F,63,308.2
2025-12-04,10:23:10.139124617,T,IBM,F I,37,308.2
2025-12-04,10:23:10.158800631,T,IBM,I,15,308.21
2025-12-04,10:23:10.158800631,T,IBM,I,30,308.23
2025-12-04,10:23:10.158803467,T,IBM,I,1,308.24
2025-12-04,10:23:10.158803467,T,IBM,I,10,308.24
2025-12-04,10:23:10.158806714,T,IBM,I,2,308.24
2025-12-04,10:23:10.158806714,T,IBM,,40,308.24
2025-12-04,10:23:10.158809475,T,IBM,,40,308.24
2025-12-04,10:23:18.554917384,T,IBM,F I,2,308.25
2025-12-04,10:23:18.554968508,T,IBM,F I,2,308.23
2025-12-04,10:23:18.620828745,T,IBM,F I,15,308.21
2025-12-04,10:23:18.620831383,T,IBM,F I,2,308.21
2025-12-04,10:23:27.757199580,T,IBM,,40,308.15
2025-12-04,10:23:27.757202712,T,IBM,I,2,308.15
2025-12-04,10:23:27.757202712,T,IBM,I,38,308.15
2025-12-04,10:23:27.757221118,T,IBM,F I,28,308.15
2025-12-04,10:23:27.757223650,T,IBM,F I,20,308.15
2025-12-04,10:23:34.394624865,T,IBM,F I,1,308.11
2025-12-04,10:23:34.418089661,T,IBM,F I,30,308.14
2025-12-04,10:23:34.418099090,T,IBM,F I,10,308.15
2025-12-04,10:23:34.418099090,T,IBM,F I,5,308.15
2025-12-04,10:23:34.418119737,T,IBM,F I,2,308.13
2025-12-04,10:23:34.418258154,T,IBM,I,5,308.11
2025-12-04,10:23:34.418258154,T,IBM,I,10,308.11
2025-12-04,10:23:40.587255294,T,IBM,F I,2,308.11
2025-12-04,10:23:40.587255294,T,IBM,F I,15,308.11
2025-12-04,10:23:40.587258487,T,IBM,F I,2,308.11
2025-12-04,10:23:40.587258487,T,IBM,F I,20,308.09
2025-12-04,10:23:46.324914386,T,IBM,F I,13,308.18
2025-12-04,10:23:57.397041951,T,IBM,F,100,308.16
2025-12-04,10:23:57.397087050,T,IBM,F I,9,308.11
2025-12-04,10:23:57.397090634,T,IBM,F I,36,308.1
2025-12-04,10:23:57.397124102,T,IBM,F I,4,308.1
2025-12-04,10:23:57.397124102,T,IBM,F I,2,308.09
2025-12-04,10:23:57.397129180,T,IBM,F I,39,308.09
2025-12-04,10:23:57.397144718,T,IBM,F I,36,308.09
2025-12-04,10:23:57.397144718,T,IBM,F I,9,308.08
2025-12-04,10:23:57.397153301,T,IBM,F,45,308.08
2025-12-04,10:23:57.397159223,T,IBM,F I,39,308.07
2025-12-04,10:23:57.397171259,T,IBM,F I,1,308.07
2025-12-04,10:23:57.397171259,T,IBM,F I,5,308.07
2025-12-04,10:23:57.397571205,T,IBM,F I,23,308.03
2025-12-04,10:23:57.397589276,T,IBM,F I,5,308.02
2025-12-04,10:23:57.397601231,T,IBM,F I,1,308.02
2025-12-04,10:23:57.420849644,T,IBM,F I,2,308.03
2025-12-04,10:23:57.827976862,T,IBM,F,40,308.1
2025-12-04,10:24:01.109854665,T,IBM,F I,7,308.06
2025-12-04,10:24:01.109929956,T,IBM,F I,35,308.06
2025-12-04,10:24:06.897156034,T,IBM,F I,1,308.06
2025-12-04,10:24:10.588687144,T,IBM,F I,13,308.04
2025-12-04,10:24:11.198248207,T,IBM,F,40,308.11
2025-12-04,10:24:11.198248207,T,IBM,F I,2,308.11
2025-12-04,10:24:11.198785492,T,IBM,F I,12,308.16
2025-12-04,10:24:12.777925924,T,IBM,F I,2,308.08
2025-12-04,10:24:12.777925924,T,IBM,F,40,308.08
2025-12-04,10:24:12.777931835,T,IBM,I,11,308.08
2025-12-04,10:24:14.716728359,T,IBM,F I,2,308.09
2025-12-04,10:24:14.719143126,T,IBM,I,2,308.11
2025-12-04,10:24:14.719843786,T,IBM,F I,9,308.12
2025-12-04,10:24:14.719879852,T,IBM,I,5,308.135
2025-12-04,10:24:14.719946109,T,IBM,I,5,308.135
2025-12-04,10:24:14.720162605,T,IBM,I,5,308.135
2025-12-04,10:24:14.720514372,T,IBM,I,10,308.135
2025-12-04,10:24:14.720965492,T,IBM,I,10,308.14
2025-12-04,10:24:14.721097807,T,IBM,I,5,308.14
2025-12-04,10:24:14.721227113,T,IBM,F I,13,308.16
2025-12-04,10:24:17.317301333,T,IBM,F,40,308.16
2025-12-04,10:24:41.763749611,T,IBM,I,3,308.18
2025-12-04,10:24:41.763755632,T,IBM,I,3,308.18
2025-12-04,10:24:42.767094209,T,IBM,,45,308.2
2025-12-04,10:24:45.174544387,T,IBM,F,40,308.1
2025-12-04,10:24:57.302761919,T,IBM,F,62,308.09
2025-12-04,10:24:57.302948456,T,IBM,F,62,308.09
2025-12-04,10:24:57.302957406,T,IBM,F I,38,308.09
2025-12-04,10:24:57.302960544,T,IBM,F I,2,308.08
2025-12-04,10:24:57.302966440,T,IBM,I,38,308.08
2025-12-04,10:24:57.302969513,T,IBM,I,22,308.08
2025-12-04,10:24:59.697551991,T,IBM,F I,3,308.14
2025-12-04,10:25:00.191090065,T,IBM,I,34,308.09
2025-12-04,10:25:02.238297696,T,IBM,F I,30,308.07
2025-12-04,10:25:02.238297696,T,IBM,F I,18,308.06
2025-12-04,10:25:10.073089011,T,IBM,I,3,308.15
2025-12-04,10:25:10.073092085,T,IBM,I,13,308.15
2025-12-04,10:25:10.073092085,T,IBM,I,1,308.15
2025-12-04,10:25:10.073095061,T,IBM,I,4,308.15
2025-12-04,10:25:10.079482258,T,IBM,I,5,308.21
2025-12-04,10:25:10.079948333,T,IBM,I,10,308.16
2025-12-04,10:25:10.080008976,T,IBM,I,10,308.15
2025-12-04,10:25:10.080511017,T,IBM,I,30,308.19
2025-12-04,10:25:10.080511017,T,IBM,,54,308.2
2025-12-04,10:25:11.718907068,T,IBM,I,2,308.15
2025-12-04,10:25:19.355824606,T,IBM,F I,36,308.07
2025-12-04,10:25:22.709910216,T,IBM,I,1,308.04
2025-12-04,10:25:22.709919815,T,IBM,I,39,308.04
2025-12-04,10:25:22.709922628,T,IBM,I,25,308.04
2025-12-04,10:25:22.709925184,T,IBM,I,8,308.04
2025-12-04,10:25:22.709931290,T,IBM,F I,2,308.04
2025-12-04,10:25:22.710746141,T,IBM,F I,1,308.08
2025-12-04,10:25:22.710911631,T,IBM,F,40,308.08
2025-12-04,10:25:22.710932581,T,IBM,F I,1,308.06
2025-12-04,10:25:22.711191411,T,IBM,F I,29,308.06
2025-12-04,10:25:22.711194252,T,IBM,F,44,308.04
2025-12-04,10:25:28.055745466,T,IBM,I,39,308.01
2025-12-04,10:25:28.612638191,T,IBM,F I,39,308.02
2025-12-04,10:25:28.612908855,T,IBM,F I,39,308.02
2025-12-04,10:25:28.615886071,T,IBM,F I,39,308.01
2025-12-04,10:25:28.616367140,T,IBM,I,22,308.01
2025-12-04,10:25:28.616370117,T,IBM,I,17,308.0
2025-12-04,10:25:28.616532666,T,IBM,I,10,308.0
2025-12-04,10:25:28.616532666,T,IBM,I,14,308.0
2025-12-04,10:25:28.617082890,T,IBM,I,19,308.0
2025-12-04,10:25:28.628461884,T,IBM,I,14,308.0
2025-12-04,10:25:28.633586156,T,IBM,F I,14,308.0
2025-12-04,10:25:28.639374851,T,IBM,F I,35,308.07
2025-12-04,10:25:28.655000107,T,IBM,I,2,308.01
2025-12-04,10:25:28.655000107,T,IBM,I,2,308.01
2025-12-04,10:25:28.665904027,T,IBM,F I,2,308.07
2025-12-04,10:25:28.666779154,T,IBM,F I,2,308.08
2025-12-04,10:25:28.669217911,T,IBM,I,7,308.01
2025-12-04,10:25:29.509442276,T,IBM,F I,10,307.97
2025-12-04,10:25:29.509445219,T,IBM,F,46,307.97
2025-12-04,10:25:29.510055743,T,IBM,F I,25,307.97
2025-12-04,10:25:29.512657053,T,IBM,F I,30,308.03
2025-12-04,10:25:29.512657053,T,IBM,F I,10,308.04
2025-12-04,10:25:29.513017737,T,IBM,F,40,308.05
2025-12-04,10:25:31.739506098,T,IBM,F,40,308.18
2025-12-04,10:25:31.740092503,T,IBM,F,80,308.2
2025-12-04,10:25:31.740092503,T,IBM,F I,1,308.2
2025-12-04,10:25:31.740179746,T,IBM,,67,308.17
2025-12-04,10:25:31.740182666,T,IBM,I,3,308.16
2025-12-04,10:25:31.740802169,T,IBM,F I,7,308.2
2025-12-04,10:25:31.783924830,T,IBM,F I,25,308.24
2025-12-04,10:25:40.160417042,T,IBM,I,2,308.15
2025-12-04,10:25:40.160417042,T,IBM,I,28,308.15
2025-12-04,10:25:40.160420346,T,IBM,I,1,308.15
2025-12-04,10:25:40.160973320,T,IBM,F I,2,308.12
2025-12-04,10:25:40.161033506,T,IBM,,90,308.12
2025-12-04,10:25:40.161174792,T,IBM,,40,308.11
2025-12-04,10:25:40.161400417,T,IBM,I,25,308.12
2025-12-04,10:25:42.948621693,T,IBM,I,2,308.17
2025-12-04,10:25:42.948625209,T,IBM,I,15,308.19
2025-12-04,10:25:42.948627844,T,IBM,I,2,308.19
2025-12-04,10:25:42.948627844,T,IBM,I,15,308.21
2025-12-04,10:25:42.948630723,T,IBM,I,30,308.22
2025-12-04,10:25:42.948633800,T,IBM,,75,308.23
2025-12-04,10:25:42.948636746,T,IBM,,67,308.25
2025-12-04,10:25:42.948636746,T,IBM,,100,308.25
2025-12-04,10:25:42.948639732,T,IBM,I,30,308.26
2025-12-04,10:25:42.948664104,T,IBM,I,2,308.26
2025-12-04,10:25:42.948664104,T,IBM,I,2,308.26
2025-12-04,10:25:42.948666933,T,IBM,I,2,308.26
2025-12-04,10:25:42.948666933,T,IBM,I,15,308.26
2025-12-04,10:25:42.948669817,T,IBM,I,2,308.26
2025-12-04,10:25:42.948669817,T,IBM,I,2,308.26
2025-12-04,10:25:42.950323893,T,IBM,I,10,308.25
2025-12-04,10:25:42.950323893,T,IBM,I,3,308.26
2025-12-04,10:25:42.950332828,T,IBM,I,10,308.26
2025-12-04,10:25:42.950332828,T,IBM,I,2,308.26
2025-12-04,10:25:42.950335985,T,IBM,I,15,308.26
2025-12-04,10:25:42.950335985,T,IBM,I,10,308.26
2025-12-04,10:25:42.950339642,T,IBM,I,2,308.26
2025-12-04,10:25:42.950339642,T,IBM,,50,308.26
2025-12-04,10:25:42.950341866,T,IBM,,42,308.26
2025-12-04,10:25:43.001725125,T,IBM,F I,30,308.23
2025-12-04,10:25:44.132907183,T,IBM,F,152,308.26
2025-12-04,10:25:44.132910627,T,IBM,F I,15,308.26
2025-12-04,10:25:44.132910627,T,IBM,F I,10,308.26
2025-12-04,10:25:44.132913696,T,IBM,F I,1,308.26
2025-12-04,10:25:49.330080505,T,IBM,I,2,308.23
2025-12-04,10:25:49.330080505,T,IBM,I,30,308.23
2025-12-04,10:25:49.330087115,T,IBM,I,15,308.21
2025-12-04,10:25:49.330089848,T,IBM,,44,308.2
2025-12-04,10:25:49.330093403,T,IBM,,75,308.2
2025-12-04,10:25:49.330095493,T,IBM,,100,308.2
2025-12-04,10:25:49.330098799,T,IBM,I,22,308.19
2025-12-04,10:25:49.330098799,T,IBM,I,5,308.19
2025-12-04,10:25:49.330098799,T,IBM,I,1,308.19
2025-12-04,10:25:49.330104541,T,IBM,F I,22,308.19
2025-12-04,10:25:49.330110589,T,IBM,F I,11,308.19
2025-12-04,10:25:49.330110589,T,IBM,F,40,308.19
2025-12-04,10:25:49.330125544,T,IBM,I,29,308.22
2025-12-04,10:25:49.330170750,T,IBM,I,1,308.22
2025-12-04,10:25:49.620830868,T,IBM,F I,30,308.17
2025-12-04,10:25:49.620830868,T,IBM,F I,1,308.14
2025-12-04,10:25:49.620836627,T,IBM,F I,20,308.14
2025-12-04,10:25:49.620836627,T,IBM,F I,20,308.14
2025-12-04,10:25:49.620848850,T,IBM,I,7,308.14
2025-12-04,10:25:49.621323996,T,IBM,I,8,308.17
2025-12-04,10:25:49.621323996,T,IBM,I,2,308.17
2025-12-04,10:25:49.621976396,T,IBM,I,2,308.18
2025-12-04,10:25:50.163544664,T,IBM,I,25,308.18
2025-12-04,10:25:50.163565760,T,IBM,F I,15,308.18
2025-12-04,10:25:50.251122479,T,IBM,I,2,308.21
2025-12-04,10:25:50.251125419,T,IBM,I,15,308.21
2025-12-04,10:25:50.251125419,T,IBM,I,1,308.23
2025-12-04,10:26:06.064212819,T,IBM,F I,21,308.19
2025-12-04,10:26:06.064215885,T,IBM,F I,13,308.18
2025-12-04,10:26:06.109738216,T,IBM,I,15,308.23
2025-12-04,10:26:06.109741728,T,IBM,I,2,308.23
