DATE,TIME_M,EX,SYM_ROOT,TR_SCOND,SIZE,PRICE
2025-11-19,9:30:00.669592982,T,IBM,F I,19,290.01
2025-11-19,9:30:00.669592982,T,IBM,F I,20,290.01
2025-11-19,9:30:00.669599031,T,IBM,Q,19,290.01
2025-11-19,9:30:00.670110157,T,IBM,F I,7,290.02
2025-11-19,9:30:00.670336121,T,IBM,F I,1,290.0
2025-11-19,9:30:00.670336121,T,IBM,F,76,290.0
2025-11-19,9:30:00.670416877,T,IBM,F I,20,289.96
2025-11-19,9:30:00.708953852,T,IBM,F I,8,289.86
2025-11-19,9:30:00.708983689,T,IBM,I,8,289.86
2025-11-19,9:30:00.984316184,T,IBM,I,1,290.0
2025-11-19,9:30:00.990138117,T,IBM,F I,1,289.31
2025-11-19,9:30:01.025336922,T,IBM,F,40,289.7
2025-11-19,9:30:01.025339873,T,IBM,F I,10,289.7
2025-11-19,9:30:01.036920461,T,IBM,,66,289.5
2025-11-19,9:30:01.553757939,T,IBM,,80,290.13
2025-11-19,9:30:03.383960047,T,IBM,I,10,289.99
2025-11-19,9:30:03.740765456,T,IBM,I,2,289.59
2025-11-19,9:30:05.268444181,T,IBM,I,1,289.51
2025-11-19,9:30:05.268447292,T,IBM,,106,289.5
2025-11-19,9:30:05.268489340,T,IBM,,166,289.5
2025-11-19,9:30:05.268495413,T,IBM,F I,8,289.5
2025-11-19,9:30:05.268561539,T,IBM,F I,2,289.48
2025-11-19,9:30:09.227320762,T,IBM,F I,15,289.36
2025-11-19,9:30:09.227618514,T,IBM,I,15,289.34
2025-11-19,9:30:09.227720796,T,IBM,F I,1,289.33
2025-11-19,9:30:19.468702585,T,IBM,I,9,289.665
2025-11-19,9:30:23.048668159,T,IBM,F I,2,289.34
2025-11-19,9:30:23.048746335,T,IBM,I,3,289.34
2025-11-19,9:30:23.048767460,T,IBM,I,3,289.34
2025-11-19,9:30:23.048836531,T,IBM,F I,3,289.34
2025-11-19,9:30:23.048857721,T,IBM,F I,3,289.34
2025-11-19,9:30:23.049425945,T,IBM,,86,289.34
2025-11-19,9:30:23.052042194,T,IBM,F I,3,289.33
2025-11-19,9:30:23.053633835,T,IBM,I,20,289.31
2025-11-19,9:30:23.053633835,T,IBM,,50,289.3
2025-11-19,9:30:23.053636693,T,IBM,I,20,289.3
2025-11-19,9:30:23.053638989,T,IBM,F I,20,289.3
2025-11-19,9:30:23.082231076,T,IBM,I,37,289.1
2025-11-19,9:30:23.082382355,T,IBM,F I,26,289.21
2025-11-19,9:30:23.082435591,T,IBM,I,14,289.21
2025-11-19,9:30:23.082525740,T,IBM,I,26,289.21
2025-11-19,9:30:23.082525740,T,IBM,I,14,289.21
2025-11-19,9:30:23.082543830,T,IBM,I,7,289.21
2025-11-19,9:30:23.082788019,T,IBM,I,20,289.01
2025-11-19,9:30:23.082790466,T,IBM,,45,289.01
2025-11-19,9:30:23.082979841,T,IBM,I,7,289.01
2025-11-19,9:30:23.082982845,T,IBM,I,2,289.0
2025-11-19,9:30:23.082982845,T,IBM,I,3,289.0
2025-11-19,9:30:23.082985838,T,IBM,I,10,289.0
2025-11-19,9:30:23.082985838,T,IBM,,43,289.0
2025-11-19,9:30:23.083045992,T,IBM,I,7,289.0
2025-11-19,9:30:31.784666470,T,IBM,I,5,289.16
2025-11-19,9:30:31.784723646,T,IBM,I,5,289.14
2025-11-19,9:30:31.785986637,T,IBM,,100,289.305
2025-11-19,9:30:31.793083461,T,IBM,,40,289.305
2025-11-19,9:30:31.806997660,T,IBM,,40,289.305
2025-11-19,9:30:35.412493978,T,IBM,F I,2,289.16
2025-11-19,9:30:47.873285720,T,IBM,F I,5,289.27
2025-11-19,9:30:52.615464021,T,IBM,F I,5,289.18
2025-11-19,9:30:59.656771758,T,IBM,,52,289.01
2025-11-19,9:30:59.707018484,T,IBM,F I,6,288.91
2025-11-19,9:30:59.711878001,T,IBM,I,3,288.9
2025-11-19,9:30:59.712744090,T,IBM,I,1,288.76
2025-11-19,9:30:59.713177089,T,IBM,F I,1,288.74
2025-11-19,9:30:59.713300426,T,IBM,,40,288.66
2025-11-19,9:30:59.727608429,T,IBM,F I,1,288.43
2025-11-19,9:30:59.727737729,T,IBM,I,2,288.43
2025-11-19,9:30:59.727854991,T,IBM,F,75,288.43
2025-11-19,9:30:59.727867089,T,IBM,,315,288.43
2025-11-19,9:30:59.728561691,T,IBM,I,1,288.36
2025-11-19,9:30:59.728730076,T,IBM,F,65,288.43
2025-11-19,9:30:59.732600300,T,IBM,I,5,288.29
2025-11-19,9:30:59.745723516,T,IBM,I,5,288.54
2025-11-19,9:30:59.745723516,T,IBM,I,5,288.58
2025-11-19,9:30:59.745726816,T,IBM,I,5,288.58
2025-11-19,9:30:59.745726816,T,IBM,I,22,288.58
2025-11-19,9:30:59.770487479,T,IBM,F I,1,288.52
2025-11-19,9:30:59.770679939,T,IBM,F I,39,288.52
2025-11-19,9:30:59.770710020,T,IBM,F I,1,288.43
2025-11-19,9:30:59.931069800,T,IBM,I,5,288.41
2025-11-19,9:30:59.931069800,T,IBM,I,3,288.43
2025-11-19,9:31:00.029857976,T,IBM,I,5,288.51
2025-11-19,9:31:00.029857976,T,IBM,I,3,288.53
2025-11-19,9:31:00.034353639,T,IBM,F I,8,288.57
2025-11-19,9:31:00.034356710,T,IBM,F I,8,288.6
2025-11-19,9:31:01.277191505,T,IBM,F I,5,288.63
2025-11-19,9:31:01.277212723,T,IBM,F,40,288.64
2025-11-19,9:31:01.277215902,T,IBM,F,118,288.64
2025-11-19,9:31:01.277218631,T,IBM,,91,288.64
2025-11-19,9:31:01.277221528,T,IBM,I,1,288.64
2025-11-19,9:31:01.277236615,T,IBM,F I,21,288.65
2025-11-19,9:31:01.277447153,T,IBM,F,40,288.64
2025-11-19,9:31:01.310059743,T,IBM,F,75,288.78
2025-11-19,9:31:01.310417649,T,IBM,F I,1,288.84
2025-11-19,9:31:04.826667433,T,IBM,F I,2,289.0
2025-11-19,9:31:05.268567043,T,IBM,F,106,289.07
2025-11-19,9:31:05.268635607,T,IBM,F I,11,289.07
2025-11-19,9:31:05.268710812,T,IBM,,120,289.07
2025-11-19,9:31:05.269008518,T,IBM,F,124,289.07
2025-11-19,9:31:05.269012110,T,IBM,F,106,289.07
2025-11-19,9:31:05.269029570,T,IBM,F,75,289.07
2025-11-19,9:31:05.269351232,T,IBM,,91,289.08
2025-11-19,9:31:05.269405400,T,IBM,I,6,289.16
2025-11-19,9:31:05.269414377,T,IBM,,100,289.16
2025-11-19,9:31:05.269414377,T,IBM,,40,289.16
2025-11-19,9:31:05.269483620,T,IBM,F,100,289.16
2025-11-19,9:31:05.269501693,T,IBM,I,1,289.16
2025-11-19,9:31:14.440593606,T,IBM,,40,289.2
2025-11-19,9:31:14.481939077,T,IBM,,40,289.2
2025-11-19,9:31:14.527656881,T,IBM,I,20,289.2
2025-11-19,9:31:14.621251673,T,IBM,,40,289.2
2025-11-19,9:31:18.395287457,T,IBM,F,100,289.28
2025-11-19,9:31:18.395293437,T,IBM,F I,10,289.35
2025-11-19,9:31:18.395293437,T,IBM,F I,39,289.35
2025-11-19,9:31:18.458594091,T,IBM,F I,12,289.41
2025-11-19,9:31:18.473960691,T,IBM,F I,2,289.52
2025-11-19,9:31:29.165730730,T,IBM,F,75,289.51
2025-11-19,9:31:29.165733768,T,IBM,F I,5,289.53
2025-11-19,9:31:29.165733768,T,IBM,F I,2,289.54
2025-11-19,9:31:41.632256911,T,IBM,F I,5,289.5
2025-11-19,9:31:43.680324558,T,IBM,F I,1,289.66
2025-11-19,9:31:43.680324558,T,IBM,F I,2,289.66
2025-11-19,9:31:43.680342651,T,IBM,I,3,289.66
2025-11-19,9:31:45.123261612,T,IBM,F I,5,289.54
2025-11-19,9:31:45.811994248,T,IBM,F I,5,289.46
2025-11-19,9:31:50.838499588,T,IBM,F I,1,289.22
2025-11-19,9:31:50.838502780,T,IBM,F I,4,289.21
2025-11-19,9:31:50.838502780,T,IBM,F I,39,289.21
2025-11-19,9:31:50.838520551,T,IBM,I,1,289.21
2025-11-19,9:31:52.954105074,T,IBM,F,100,289.11
2025-11-19,9:31:52.954105074,T,IBM,F,40,289.05
2025-11-19,9:31:52.954108079,T,IBM,F,100,289.03
2025-11-19,9:31:52.954111336,T,IBM,F I,2,289.0
2025-11-19,9:31:52.954111336,T,IBM,F I,10,289.0
2025-11-19,9:32:00.647403999,T,IBM,F,40,288.98
2025-11-19,9:32:00.647436916,T,IBM,F,40,288.97
2025-11-19,9:32:00.766619890,T,IBM,I,3,288.97
2025-11-19,9:32:00.766619890,T,IBM,F,40,288.99
2025-11-19,9:32:00.806103718,T,IBM,F I,1,288.97
2025-11-19,9:32:00.906230070,T,IBM,F I,5,289.01
2025-11-19,9:32:18.754397994,T,IBM,F I,7,288.9
2025-11-19,9:32:28.295400516,T,IBM,F,40,288.91
2025-11-19,9:32:51.090044204,T,IBM,F I,5,289.12
2025-11-19,9:32:51.090065129,T,IBM,F,40,289.12
2025-11-19,9:32:51.091120623,T,IBM,I,8,289.16
2025-11-19,9:32:51.091234847,T,IBM,F I,8,289.16
2025-11-19,9:32:51.091237915,T,IBM,F I,8,289.16
2025-11-19,9:32:51.091246871,T,IBM,F,56,289.16
2025-11-19,9:32:51.121842292,T,IBM,F I,30,289.17
2025-11-19,9:32:51.121844815,T,IBM,F I,30,289.18
2025-11-19,9:33:01.848655057,T,IBM,F,40,289.35
2025-11-19,9:33:01.848655057,T,IBM,F I,2,289.35
2025-11-19,9:33:01.848657259,T,IBM,F,40,289.35
2025-11-19,9:33:01.849123425,T,IBM,I,2,289.41
2025-11-19,9:33:01.849150493,T,IBM,I,16,289.41
2025-11-19,9:33:01.849159440,T,IBM,I,16,289.41
2025-11-19,9:33:02.393416153,T,IBM,F I,6,289.415
2025-11-19,9:33:04.145263731,T,IBM,F I,2,289.47
2025-11-19,9:33:08.917227797,T,IBM,I,2,289.73
2025-11-19,9:33:09.587150726,T,IBM,F I,30,289.76
2025-11-19,9:33:29.625368854,T,IBM,I,2,289.73
2025-11-19,9:33:29.625399044,T,IBM,I,8,289.73
2025-11-19,9:33:29.625465156,T,IBM,I,32,289.63
2025-11-19,9:33:37.042827253,T,IBM,F I,11,289.74
2025-11-19,9:33:37.042842172,T,IBM,F I,19,289.74
2025-11-19,9:33:37.043166895,T,IBM,F I,11,289.81
2025-11-19,9:33:37.043227189,T,IBM,F I,11,289.88
2025-11-19,9:33:37.043296234,T,IBM,I,11,289.89
2025-11-19,9:33:37.043362746,T,IBM,F,100,289.89
2025-11-19,9:33:37.043365425,T,IBM,F I,9,289.84
2025-11-19,9:33:37.043380565,T,IBM,F I,1,289.8
2025-11-19,9:33:37.043416520,T,IBM,I,9,289.89
2025-11-19,9:33:37.043473804,T,IBM,I,7,289.89
2025-11-19,9:33:37.043572908,T,IBM,F I,1,289.8
2025-11-19,9:33:37.043626991,T,IBM,F I,10,289.83
2025-11-19,9:33:37.043630034,T,IBM,F I,1,289.89
2025-11-19,9:33:37.044102171,T,IBM,I,3,289.89
2025-11-19,9:33:37.044883981,T,IBM,F I,14,289.81
2025-11-19,9:33:37.044938101,T,IBM,I,14,289.855
2025-11-19,9:33:37.045136856,T,IBM,F I,7,289.81
2025-11-19,9:33:37.045136856,T,IBM,I,31,289.855
2025-11-19,9:33:37.045139619,T,IBM,I,4,289.89
2025-11-19,9:33:37.045166695,T,IBM,I,1,289.85
2025-11-19,9:33:37.045196749,T,IBM,I,7,289.85
2025-11-19,9:33:37.045266589,T,IBM,I,11,289.85
2025-11-19,9:33:37.045320334,T,IBM,I,9,289.87
2025-11-19,9:33:37.045428276,T,IBM,F,45,289.855
2025-11-19,9:33:37.045431264,T,IBM,F,40,289.92
2025-11-19,9:33:37.045431264,T,IBM,F I,7,289.93
2025-11-19,9:33:37.055000092,T,IBM,F I,7,289.82
2025-11-19,9:33:37.055048236,T,IBM,F I,32,289.7
2025-11-19,9:33:37.055066733,T,IBM,I,1,289.71
2025-11-19,9:33:37.055174512,T,IBM,I,32,289.75
2025-11-19,9:33:37.076669829,T,IBM,F,40,289.695
2025-11-19,9:33:40.280569389,T,IBM,F I,16,289.71
2025-11-19,9:33:40.280572241,T,IBM,F,45,289.78
2025-11-19,9:33:40.280575297,T,IBM,F,100,289.81
2025-11-19,9:33:40.280575297,T,IBM,F I,32,289.82
2025-11-19,9:33:40.280581170,T,IBM,F I,10,289.82
2025-11-19,9:33:40.280581170,T,IBM,F I,2,289.82
2025-11-19,9:33:40.280584060,T,IBM,F,40,289.82
2025-11-19,9:33:40.280584060,T,IBM,F I,35,289.82
2025-11-19,9:33:40.280594046,T,IBM,F I,5,289.82
2025-11-19,9:33:41.749939125,T,IBM,F I,5,289.66
2025-11-19,9:33:42.022243411,T,IBM,F I,7,289.51
2025-11-19,9:33:42.022243411,T,IBM,F I,5,289.51
2025-11-19,9:33:46.448158772,T,IBM,I,9,289.6
2025-11-19,9:34:03.252307242,T,IBM,F I,3,289.51
2025-11-19,9:34:03.252309966,T,IBM,F,45,289.61
2025-11-19,9:34:03.252313316,T,IBM,F,40,289.65
2025-11-19,9:34:03.252313316,T,IBM,F,40,289.65
2025-11-19,9:34:03.252315902,T,IBM,F I,5,289.65
2025-11-19,9:34:03.894840585,T,IBM,,57,289.69
2025-11-19,9:34:09.344275670,T,IBM,F,54,289.76
2025-11-19,9:34:09.344290706,T,IBM,I,1,289.76
2025-11-19,9:34:09.344296619,T,IBM,F I,17,289.76
2025-11-19,9:34:09.344300274,T,IBM,F I,1,289.76
2025-11-19,9:34:09.344300274,T,IBM,I,35,289.76
2025-11-19,9:34:09.344302625,T,IBM,I,4,289.76
2025-11-19,9:34:12.726712806,T,IBM,I,1,289.88
2025-11-19,9:34:12.727019514,T,IBM,F,120,289.76
2025-11-19,9:34:12.727085642,T,IBM,I,25,289.82
2025-11-19,9:34:12.727085642,T,IBM,I,8,289.84
2025-11-19,9:34:12.727408460,T,IBM,I,39,289.82
2025-11-19,9:34:12.727413484,T,IBM,I,2,289.87
2025-11-19,9:34:12.780778479,T,IBM,,40,289.81
2025-11-19,9:34:12.780781550,T,IBM,I,9,289.81
2025-11-19,9:34:20.135501747,T,IBM,I,5,289.8
2025-11-19,9:34:20.135504377,T,IBM,,100,289.8
2025-11-19,9:34:20.745238814,T,IBM,F,40,289.8
2025-11-19,9:34:21.896283086,T,IBM,F,40,289.8
2025-11-19,9:34:22.736543359,T,IBM,F,40,289.8
2025-11-19,9:34:24.190652094,T,IBM,F,40,289.8
2025-11-19,9:34:48.258520575,T,IBM,F,65,289.62
2025-11-19,9:34:48.258659350,T,IBM,F I,10,289.62
2025-11-19,9:34:48.258664869,T,IBM,F I,24,289.62
2025-11-19,9:34:48.259666302,T,IBM,F I,1,289.41
2025-11-19,9:34:48.259735407,T,IBM,F I,1,289.31
2025-11-19,9:34:48.827111106,T,IBM,F,40,289.59
2025-11-19,9:34:48.827114151,T,IBM,F,40,289.61
2025-11-19,9:34:48.827114151,T,IBM,F I,20,289.61
2025-11-19,9:34:48.827165317,T,IBM,F,40,289.61
2025-11-19,9:34:48.827216443,T,IBM,F,40,289.62
2025-11-19,9:34:48.827216443,T,IBM,F,40,289.62
2025-11-19,9:34:48.834286340,T,IBM,,58,289.62
2025-11-19,9:34:48.834307255,T,IBM,I,1,289.62
2025-11-19,9:34:48.834310279,T,IBM,I,21,289.62
2025-11-19,9:34:49.259200823,T,IBM,I,10,289.61
2025-11-19,9:34:58.891545669,T,IBM,F,100,289.7
2025-11-19,9:35:04.570874871,T,IBM,F,100,289.81
2025-11-19,9:35:09.880907088,T,IBM,F,108,289.99
2025-11-19,9:35:09.881012943,T,IBM,F I,12,289.99
2025-11-19,9:35:09.881015347,T,IBM,F I,8,290.0
2025-11-19,9:35:09.881018346,T,IBM,F I,20,290.0
2025-11-19,9:35:09.881048469,T,IBM,F,72,290.0
2025-11-19,9:35:09.881048469,T,IBM,F I,8,290.0
2025-11-19,9:35:19.691747855,T,IBM,F,80,289.86
2025-11-19,9:35:19.692154110,T,IBM,F I,20,289.87
2025-11-19,9:35:19.692154110,T,IBM,F I,20,289.84
2025-11-19,9:35:19.692184164,T,IBM,I,20,289.84
2025-11-19,9:35:19.692241027,T,IBM,I,20,289.85
2025-11-19,9:35:19.692481661,T,IBM,,67,289.85
2025-11-19,9:35:38.258542555,T,IBM,F,40,289.86
2025-11-19,9:35:38.258542555,T,IBM,F I,10,289.86
2025-11-19,9:35:38.258560430,T,IBM,F,75,289.86
2025-11-19,9:35:52.896083459,T,IBM,I,1,289.92
2025-11-19,9:36:06.857050087,T,IBM,,100,289.94
2025-11-19,9:36:06.857050087,T,IBM,I,10,289.96
2025-11-19,9:36:11.980668279,T,IBM,F I,2,289.82
2025-11-19,9:36:11.980671614,T,IBM,F I,10,289.81
2025-11-19,9:36:11.980674317,T,IBM,F I,28,289.8
2025-11-19,9:36:11.980692381,T,IBM,F I,12,289.8
2025-11-19,9:36:11.991806831,T,IBM,F,40,289.89
2025-11-19,9:36:11.992092460,T,IBM,F,40,289.9
2025-11-19,9:36:12.005227708,T,IBM,I,1,289.97
2025-11-19,9:36:13.784413409,T,IBM,F I,30,289.93
2025-11-19,9:36:13.784413409,T,IBM,F I,10,289.9
2025-11-19,9:36:13.784431420,T,IBM,I,30,289.9
2025-11-19,9:36:34.883668327,T,IBM,F,40,289.81
2025-11-19,9:36:34.883668327,T,IBM,F I,1,289.81
2025-11-19,9:36:34.883687233,T,IBM,F,55,289.81
2025-11-19,9:36:35.786934606,T,IBM,I,2,289.81
2025-11-19,9:36:52.907351597,T,IBM,I,5,289.65
2025-11-19,9:37:01.396717435,T,IBM,F,52,289.63
2025-11-19,9:37:01.396720505,T,IBM,F I,3,289.63
2025-11-19,9:37:02.210199038,T,IBM,I,14,289.77
2025-11-19,9:37:02.210614100,T,IBM,I,14,289.78
2025-11-19,9:37:03.261727389,T,IBM,F,95,289.71
2025-11-19,9:37:04.755750026,T,IBM,F,40,289.71
2025-11-19,9:37:05.679344785,T,IBM,I,30,289.79
2025-11-19,9:37:05.679362772,T,IBM,F I,10,289.79
2025-11-19,9:37:05.679362772,T,IBM,F I,20,289.8
2025-11-19,9:37:05.679368811,T,IBM,I,12,289.71
2025-11-19,9:37:05.679368811,T,IBM,I,11,289.7
2025-11-19,9:37:05.679383798,T,IBM,I,10,289.8
2025-11-19,9:37:05.679393454,T,IBM,I,1,289.75
2025-11-19,9:37:05.679395979,T,IBM,F I,28,289.75
2025-11-19,9:37:05.679528225,T,IBM,F I,22,289.81
2025-11-19,9:37:06.046599986,T,IBM,F I,3,289.81
2025-11-19,9:37:06.046603100,T,IBM,F I,1,289.81
2025-11-19,9:37:13.517119410,T,IBM,F,40,289.74
2025-11-19,9:37:16.158550617,T,IBM,,40,289.72
2025-11-19,9:37:16.158550617,T,IBM,I,6,289.72
2025-11-19,9:37:16.158571757,T,IBM,F I,7,289.72
2025-11-19,9:37:16.158571757,T,IBM,F,40,289.72
2025-11-19,9:37:16.158574656,T,IBM,F,53,289.72
2025-11-19,9:37:18.135447921,T,IBM,,40,289.79
2025-11-19,9:37:20.046389123,T,IBM,F,40,289.87
2025-11-19,9:37:30.541310448,T,IBM,F I,9,289.77
2025-11-19,9:37:32.626943481,T,IBM,F I,20,289.7
2025-11-19,9:37:32.626949523,T,IBM,F,40,289.69
2025-11-19,9:37:32.626949523,T,IBM,F I,4,289.69
2025-11-19,9:37:32.626964480,T,IBM,I,1,289.69
2025-11-19,9:37:32.626964480,T,IBM,I,19,289.69
2025-11-19,9:37:32.627608931,T,IBM,I,20,289.68
2025-11-19,9:37:32.627608931,T,IBM,,60,289.67
2025-11-19,9:37:32.627611030,T,IBM,I,20,289.67
2025-11-19,9:37:32.628191451,T,IBM,I,2,289.62
2025-11-19,9:37:43.692638506,T,IBM,F,40,289.63
2025-11-19,9:37:43.692728687,T,IBM,F,40,289.62
2025-11-19,9:37:43.692728687,T,IBM,F,111,289.62
2025-11-19,9:37:52.709860003,T,IBM,F,92,289.46
2025-11-19,9:37:54.929534123,T,IBM,I,5,289.54
2025-11-19,9:37:54.929567274,T,IBM,I,35,289.54
2025-11-19,9:38:04.038461953,T,IBM,F,40,289.505
2025-11-19,9:38:04.584050798,T,IBM,F I,1,289.5
2025-11-19,9:38:04.584053805,T,IBM,F,64,289.44
2025-11-19,9:38:06.460466861,T,IBM,F I,26,289.38
2025-11-19,9:38:06.460728520,T,IBM,F,80,289.37
2025-11-19,9:38:06.460731488,T,IBM,F I,12,289.37
2025-11-19,9:38:06.460902856,T,IBM,I,9,289.36
2025-11-19,9:38:06.469208634,T,IBM,I,2,289.39
2025-11-19,9:38:06.469211725,T,IBM,I,12,289.36
2025-11-19,9:38:06.469371094,T,IBM,I,2,289.4
2025-11-19,9:38:15.573261978,T,IBM,F I,2,289.35
2025-11-19,9:38:15.573267880,T,IBM,F I,2,289.35
2025-11-19,9:38:15.573490600,T,IBM,F I,8,289.36
2025-11-19,9:38:15.574034674,T,IBM,F I,1,289.39
2025-11-19,9:38:15.574037670,T,IBM,F I,1,289.39
2025-11-19,9:38:15.574058651,T,IBM,F I,1,289.39
2025-11-19,9:38:15.574302295,T,IBM,I,1,289.39
2025-11-19,9:38:15.574323377,T,IBM,F I,1,289.39
2025-11-19,9:38:15.574323377,T,IBM,I,1,289.39
2025-11-19,9:38:37.859000906,T,IBM,F I,20,289.14
2025-11-19,9:38:37.859000906,T,IBM,F I,20,289.13
2025-11-19,9:38:38.694455629,T,IBM,I,20,289.14
2025-11-19,9:38:38.695150304,T,IBM,I,20,289.14
2025-11-19,9:38:38.696638792,T,IBM,I,20,289.13
2025-11-19,9:38:38.696674958,T,IBM,F,40,289.12
2025-11-19,9:38:41.881923870,T,IBM,F,80,289.22
2025-11-19,9:38:41.881947888,T,IBM,F I,36,289.26
2025-11-19,9:38:41.882224547,T,IBM,,100,289.26
2025-11-19,9:38:41.882248550,T,IBM,F I,25,289.25
2025-11-19,9:38:42.589481216,T,IBM,F,40,289.27
2025-11-19,9:38:42.589484305,T,IBM,F,40,289.27
2025-11-19,9:38:42.589499511,T,IBM,I,35,289.27
2025-11-19,9:38:42.589502239,T,IBM,I,1,289.27
2025-11-19,9:38:42.589502239,T,IBM,F,57,289.27
2025-11-19,9:38:46.633292003,T,IBM,F,40,289.24
2025-11-19,9:38:49.160297757,T,IBM,,40,289.34
2025-11-19,9:38:49.160424098,T,IBM,F I,5,289.38
2025-11-19,9:38:49.160547432,T,IBM,F I,35,289.38
2025-11-19,9:38:49.160550377,T,IBM,F,40,289.39
2025-11-19,9:38:52.523384073,T,IBM,F I,1,289.4
2025-11-19,9:38:52.523384073,T,IBM,F I,2,289.4
2025-11-19,9:38:52.523404968,T,IBM,F I,2,289.4
2025-11-19,9:38:52.523404968,T,IBM,I,3,289.4
2025-11-19,9:38:55.639690696,T,IBM,F,52,289.3
2025-11-19,9:38:55.639702705,T,IBM,F,74,289.28
2025-11-19,9:38:55.639717773,T,IBM,,43,289.28
2025-11-19,9:38:55.639738777,T,IBM,I,1,289.28
2025-11-19,9:38:55.639738777,T,IBM,,70,289.28
2025-11-19,9:38:58.176719329,T,IBM,F I,23,289.3
2025-11-19,9:39:04.373875384,T,IBM,I,20,289.18
2025-11-19,9:39:04.373878345,T,IBM,I,20,289.17
2025-11-19,9:39:04.373950612,T,IBM,F I,20,289.17
2025-11-19,9:39:11.400189323,T,IBM,F,40,289.14
2025-11-19,9:39:11.400192241,T,IBM,F,40,289.14
2025-11-19,9:39:11.400207334,T,IBM,I,1,289.14
2025-11-19,9:39:11.400219319,T,IBM,F I,39,289.14
2025-11-19,9:39:11.400222310,T,IBM,F I,1,289.14
2025-11-19,9:39:11.400226290,T,IBM,F I,1,289.14
2025-11-19,9:39:11.400787744,T,IBM,F I,1,289.14
2025-11-19,9:39:11.400986114,T,IBM,F I,2,289.14
2025-11-19,9:39:27.604220180,T,IBM,F I,1,289.24
2025-11-19,9:39:27.604235279,T,IBM,F I,23,289.24
2025-11-19,9:39:27.604238273,T,IBM,I,1,289.24
2025-11-19,9:39:27.604263074,T,IBM,I,6,289.27
2025-11-19,9:39:27.604265291,T,IBM,I,17,289.27
2025-11-19,9:39:27.604344143,T,IBM,F,120,289.28
2025-11-19,9:39:27.604346438,T,IBM,F I,5,289.28
2025-11-19,9:39:27.604517919,T,IBM,F I,35,289.28
2025-11-19,9:39:27.605209550,T,IBM,F,120,289.31
2025-11-19,9:39:50.402229350,T,IBM,F I,30,289.59
2025-11-19,9:39:50.402229350,T,IBM,F I,10,289.6
2025-11-19,9:39:50.402279792,T,IBM,F,42,289.6
2025-11-19,9:39:50.402279792,T,IBM,F,42,289.6
2025-11-19,9:39:50.402283662,T,IBM,F I,6,289.6
2025-11-19,9:39:50.402283662,T,IBM,F I,2,289.61
2025-11-19,9:39:50.402288844,T,IBM,F I,34,289.61
2025-11-19,9:39:50.402303862,T,IBM,I,1,289.61
2025-11-19,9:39:50.402309849,T,IBM,I,5,289.61
2025-11-19,9:40:17.828317636,T,IBM,I,19,289.62
2025-11-19,9:40:18.885192579,T,IBM,,40,289.59
2025-11-19,9:40:21.598867843,T,IBM,I,30,289.63
2025-11-19,9:40:21.598894937,T,IBM,F I,10,289.67
2025-11-19,9:40:24.753124981,T,IBM,F,40,289.645
2025-11-19,9:40:28.952781862,T,IBM,F I,20,289.665
2025-11-19,9:40:41.805508509,T,IBM,F,40,289.665
2025-11-19,9:40:43.319706103,T,IBM,I,9,289.665
2025-11-19,9:40:47.812275494,T,IBM,I,31,289.665
2025-11-19,9:40:50.230006927,T,IBM,F,40,289.665
2025-11-19,9:40:50.601108413,T,IBM,F I,30,289.66
2025-11-19,9:40:50.601108413,T,IBM,F,50,289.69
2025-11-19,9:40:50.601129527,T,IBM,F I,2,289.69
2025-11-19,9:40:50.601132467,T,IBM,F,78,289.69
2025-11-19,9:40:50.601174574,T,IBM,F,40,289.7
2025-11-19,9:40:50.601174574,T,IBM,F,40,289.7
2025-11-19,9:40:50.602572974,T,IBM,,63,289.68
2025-11-19,9:40:50.716580282,T,IBM,F I,4,289.78
2025-11-19,9:40:50.716583613,T,IBM,F I,4,289.78
2025-11-19,9:40:50.716586391,T,IBM,F I,10,289.78
2025-11-19,9:40:50.716592338,T,IBM,F I,10,289.78
2025-11-19,9:40:50.716613377,T,IBM,F I,22,289.78
2025-11-19,9:40:50.716655459,T,IBM,F I,4,289.8
2025-11-19,9:40:50.717001808,T,IBM,,40,289.83
2025-11-19,9:40:50.717001808,T,IBM,I,15,289.9
2025-11-19,9:40:50.717004364,T,IBM,,45,289.9
2025-11-19,9:40:50.717019330,T,IBM,I,1,289.9
2025-11-19,9:40:50.717022351,T,IBM,F,114,289.9
2025-11-19,9:40:50.720694174,T,IBM,I,30,289.87
2025-11-19,9:41:11.808390379,T,IBM,I,10,289.93
2025-11-19,9:41:11.808390379,T,IBM,I,30,289.97
2025-11-19,9:41:11.808396064,T,IBM,,53,289.98
2025-11-19,9:41:11.808438196,T,IBM,,40,290.0
2025-11-19,9:41:11.808462812,T,IBM,F,80,290.0
2025-11-19,9:41:11.808465272,T,IBM,F I,10,290.0
2025-11-19,9:41:11.808483383,T,IBM,F I,9,290.01
2025-11-19,9:41:20.825993523,T,IBM,I,6,290.105
2025-11-19,9:41:21.138894430,T,IBM,F,100,290.01
2025-11-19,9:41:21.138894430,T,IBM,F I,10,289.99
2025-11-19,9:41:21.138897525,T,IBM,F,100,289.98
2025-11-19,9:41:21.138897525,T,IBM,F I,5,289.98
2025-11-19,9:41:21.138904055,T,IBM,F I,30,289.97
2025-11-19,9:41:21.138904055,T,IBM,F I,5,289.97
2025-11-19,9:41:21.138906626,T,IBM,F I,5,289.96
2025-11-19,9:41:21.138906626,T,IBM,F,75,289.95
2025-11-19,9:41:21.138909577,T,IBM,F I,25,289.95
2025-11-19,9:41:21.138909577,T,IBM,F,85,289.93
2025-11-19,9:41:29.056984482,T,IBM,I,34,290.125
2025-11-19,9:41:42.954037386,T,IBM,F,52,289.95
2025-11-19,9:41:42.954040460,T,IBM,F,80,289.94
2025-11-19,9:41:42.954040460,T,IBM,F I,28,289.94
2025-11-19,9:41:42.954058465,T,IBM,I,1,289.94
2025-11-19,9:41:42.954061391,T,IBM,F,47,289.94
2025-11-19,9:41:42.954067499,T,IBM,F I,4,289.94
2025-11-19,9:41:42.954070683,T,IBM,F,40,289.94
2025-11-19,9:41:42.954428365,T,IBM,,45,289.99
2025-11-19,9:41:42.954431287,T,IBM,I,11,289.99
2025-11-19,9:41:42.954593718,T,IBM,,80,289.99
2025-11-19,9:41:58.227598960,T,IBM,F,40,290.21
2025-11-19,9:42:05.315962587,T,IBM,F I,1,290.28
2025-11-19,9:42:09.218875986,T,IBM,F I,20,290.2
2025-11-19,9:42:09.218879016,T,IBM,F,100,290.2
2025-11-19,9:42:09.218885587,T,IBM,F,80,290.19
2025-11-19,9:42:09.218887944,T,IBM,F,40,290.19
2025-11-19,9:42:09.218969506,T,IBM,,100,290.19
2025-11-19,9:42:09.219011259,T,IBM,I,3,290.19
2025-11-19,9:42:12.847698842,T,IBM,F I,20,290.13
2025-11-19,9:42:12.847728951,T,IBM,F I,5,290.13
2025-11-19,9:42:12.847731986,T,IBM,I,15,290.13
2025-11-19,9:42:12.847740924,T,IBM,F,40,290.12
2025-11-19,9:42:12.847786096,T,IBM,F I,13,290.1
2025-11-19,9:42:12.847828143,T,IBM,F,67,290.1
2025-11-19,9:42:28.024414946,T,IBM,F,100,290.2
2025-11-19,9:42:28.024460067,T,IBM,F,100,290.16
2025-11-19,9:42:28.024460067,T,IBM,F I,25,290.2
2025-11-19,9:42:28.035144460,T,IBM,I,27,290.24
2025-11-19,9:42:28.596391673,T,IBM,F,100,290.2
2025-11-19,9:42:28.596391673,T,IBM,F I,5,290.19
2025-11-19,9:42:28.631984786,T,IBM,F I,20,290.13
2025-11-19,9:42:28.631987456,T,IBM,F,40,290.12
2025-11-19,9:42:28.631990624,T,IBM,F,40,290.12
2025-11-19,9:42:28.631990624,T,IBM,F,40,290.12
2025-11-19,9:42:28.631993591,T,IBM,F I,20,290.12
2025-11-19,9:42:28.631996527,T,IBM,F I,32,290.12
2025-11-19,9:42:28.632002635,T,IBM,F,88,290.12
2025-11-19,9:42:28.632005351,T,IBM,I,1,290.12
2025-11-19,9:42:28.632032405,T,IBM,,100,290.12
2025-11-19,9:42:28.632059557,T,IBM,F,40,290.11
2025-11-19,9:42:28.632068589,T,IBM,F,40,290.12
2025-11-19,9:42:28.632369302,T,IBM,F I,25,290.12
2025-11-19,9:42:35.466758282,T,IBM,F I,20,290.03
2025-11-19,9:42:35.466758282,T,IBM,F I,20,290.03
2025-11-19,9:42:35.466763372,T,IBM,F I,20,290.03
2025-11-19,9:42:35.466763372,T,IBM,F I,20,290.02
2025-11-19,9:42:35.466784430,T,IBM,F I,20,290.02
2025-11-19,9:42:35.466886632,T,IBM,,40,290.0
2025-11-19,9:42:35.713581839,T,IBM,F,100,290.01
2025-11-19,9:42:35.713584892,T,IBM,F I,5,290.01
2025-11-19,9:43:09.809086656,T,IBM,F I,20,290.01
2025-11-19,9:43:09.809089586,T,IBM,F,60,290.0
2025-11-19,9:43:09.809105377,T,IBM,F I,20,290.0
2025-11-19,9:43:09.809958723,T,IBM,I,36,290.0
2025-11-19,9:43:09.809977590,T,IBM,I,1,290.0
2025-11-19,9:43:10.824658258,T,IBM,F I,20,289.92
2025-11-19,9:43:10.824664283,T,IBM,F I,20,289.9
2025-11-19,9:43:17.526084890,T,IBM,F I,11,289.95
2025-11-19,9:43:19.748444529,T,IBM,I,9,289.95
2025-11-19,9:43:19.748444529,T,IBM,I,10,289.9
2025-11-19,9:43:20.890431130,T,IBM,F I,2,289.91
2025-11-19,9:43:20.890431130,T,IBM,F I,38,289.89
2025-11-19,9:43:20.890449399,T,IBM,I,1,289.89
2025-11-19,9:43:20.890449399,T,IBM,I,1,289.89
2025-11-19,9:43:21.988714738,T,IBM,F I,1,289.84
2025-11-19,9:43:30.496896665,T,IBM,I,8,289.85
2025-11-19,9:43:30.496896665,T,IBM,I,3,289.85
2025-11-19,9:43:30.559911590,T,IBM,F I,1,289.81
2025-11-19,9:43:30.559942535,T,IBM,I,20,289.81
2025-11-19,9:43:30.559947756,T,IBM,,87,289.8
2025-11-19,9:43:30.559963116,T,IBM,I,1,289.8
2025-11-19,9:43:30.559965772,T,IBM,I,12,289.8
2025-11-19,9:43:30.559965772,T,IBM,,40,289.8
2025-11-19,9:43:33.479219494,T,IBM,F I,30,289.81
2025-11-19,9:43:37.639263479,T,IBM,F I,3,289.91
2025-11-19,9:43:37.639263479,T,IBM,F I,3,289.91
2025-11-19,9:43:37.639265896,T,IBM,F I,3,289.91
2025-11-19,9:43:37.639284235,T,IBM,F,91,289.91
2025-11-19,9:43:37.639287146,T,IBM,F,94,289.91
2025-11-19,9:43:37.639290025,T,IBM,F I,3,289.92
2025-11-19,9:43:37.639578667,T,IBM,F I,3,289.96
2025-11-19,9:43:37.639789175,T,IBM,F,40,289.98
2025-11-19,9:43:45.004005646,T,IBM,F I,20,290.01
2025-11-19,9:43:45.004059755,T,IBM,I,3,290.01
2025-11-19,9:43:45.004360457,T,IBM,I,20,290.01
2025-11-19,9:43:55.358736376,T,IBM,F,40,290.01
2025-11-19,9:44:00.251786925,T,IBM,F I,10,289.985
2025-11-19,9:44:00.957612278,T,IBM,F I,10,290.01
2025-11-19,9:44:00.957615303,T,IBM,F I,25,290.06
2025-11-19,9:44:00.957630901,T,IBM,I,1,290.06
2025-11-19,9:44:00.957633288,T,IBM,F I,14,290.06
2025-11-19,9:44:02.490634847,T,IBM,I,3,290.1
2025-11-19,9:44:40.699716153,T,IBM,F I,13,290.4
2025-11-19,9:44:46.437044833,T,IBM,F I,3,290.47
2025-11-19,9:44:46.438265533,T,IBM,F,100,290.5
2025-11-19,9:44:46.438313603,T,IBM,F I,17,290.5
2025-11-19,9:44:46.438352790,T,IBM,F,40,290.48
2025-11-19,9:44:46.438370773,T,IBM,F I,1,290.47
2025-11-19,9:44:46.438376742,T,IBM,F I,5,290.46
2025-11-19,9:44:46.438443003,T,IBM,F,100,290.45
2025-11-19,9:44:46.454020077,T,IBM,F,100,290.45
2025-11-19,9:44:46.455704041,T,IBM,F,44,290.5
2025-11-19,9:44:46.455707095,T,IBM,F,76,290.51
2025-11-19,9:44:46.457246944,T,IBM,F,100,290.54
2025-11-19,9:44:46.457246944,T,IBM,F I,20,290.56
2025-11-19,9:44:46.469979375,T,IBM,F I,30,290.57
2025-11-19,9:44:46.469979375,T,IBM,F I,10,290.58
2025-11-19,9:44:46.471311186,T,IBM,F,40,290.58
2025-11-19,9:44:46.491107704,T,IBM,F I,30,290.56
2025-11-19,9:44:46.491107704,T,IBM,F I,10,290.58
2025-11-19,9:44:46.505238017,T,IBM,F,40,290.58
2025-11-19,9:44:46.506834820,T,IBM,F I,20,290.55
2025-11-19,9:44:46.506834820,T,IBM,F I,20,290.58
2025-11-19,9:44:46.586265892,T,IBM,F,40,290.42
2025-11-19,9:44:46.587643128,T,IBM,F,80,290.3
2025-11-19,9:44:49.138414589,T,IBM,F I,20,290.28
2025-11-19,9:44:49.138435645,T,IBM,F,40,290.27
2025-11-19,9:44:51.728522548,T,IBM,I,15,290.32
2025-11-19,9:44:52.933509248,T,IBM,I,12,290.32
2025-11-19,9:44:53.112083280,T,IBM,F I,21,290.32
2025-11-19,9:44:57.790347536,T,IBM,I,2,290.32
2025-11-19,9:45:00.194014779,T,IBM,F,120,290.21
2025-11-19,9:45:00.194069077,T,IBM,,100,290.22
2025-11-19,9:45:00.194141552,T,IBM,I,1,290.23
2025-11-19,9:45:00.194339567,T,IBM,F I,7,290.27
2025-11-19,9:45:00.194700352,T,IBM,F,45,290.23
2025-11-19,9:45:00.194957219,T,IBM,I,2,290.26
2025-11-19,9:45:00.195268729,T,IBM,F I,1,290.26
2025-11-19,9:45:03.056021129,T,IBM,F,40,290.14
2025-11-19,9:45:09.203354771,T,IBM,F I,25,290.08
2025-11-19,9:45:10.005499364,T,IBM,F I,25,290.07
2025-11-19,9:45:25.707400700,T,IBM,I,25,290.04
2025-11-19,9:45:26.679512920,T,IBM,F,40,290.11
2025-11-19,9:45:26.679516911,T,IBM,F I,1,290.12
2025-11-19,9:45:26.679519023,T,IBM,F I,39,290.12
2025-11-19,9:45:26.679521950,T,IBM,F I,1,290.12
2025-11-19,9:45:26.679539978,T,IBM,F I,10,290.13
2025-11-19,9:45:26.679543052,T,IBM,F I,10,290.14
2025-11-19,9:45:29.688972389,T,IBM,F I,20,290.03
2025-11-19,9:45:29.689014447,T,IBM,F,40,290.02
2025-11-19,9:45:29.689399329,T,IBM,F,60,290.0
2025-11-19,9:45:29.689459554,T,IBM,,100,290.02
2025-11-19,9:45:29.690190288,T,IBM,,170,290.03
2025-11-19,9:45:29.690193320,T,IBM,,70,290.03
2025-11-19,9:45:29.690211634,T,IBM,I,1,290.03
2025-11-19,9:45:29.690235314,T,IBM,I,29,290.03
2025-11-19,9:45:36.379579325,T,IBM,F I,10,290.1
2025-11-19,9:45:36.379946229,T,IBM,F,100,290.12
2025-11-19,9:45:49.250159357,T,IBM,I,5,290.18
2025-11-19,9:45:49.258152684,T,IBM,F I,5,290.17
2025-11-19,9:45:49.258152684,T,IBM,F I,5,290.17
2025-11-19,9:46:08.710582394,T,IBM,F I,3,290.2
2025-11-19,9:46:08.710826228,T,IBM,F I,3,290.2
2025-11-19,9:46:08.710828938,T,IBM,I,1,290.2
2025-11-19,9:46:08.711430380,T,IBM,F I,3,290.24
2025-11-19,9:46:09.969604619,T,IBM,F,40,290.26
2025-11-19,9:46:11.507222124,T,IBM,I,30,290.25
2025-11-19,9:46:11.507225121,T,IBM,I,10,290.23
2025-11-19,9:46:11.507228084,T,IBM,,60,290.2
2025-11-19,9:46:44.128653715,T,IBM,F,100,290.35
2025-11-19,9:46:44.129062996,T,IBM,F I,22,290.29
2025-11-19,9:46:44.129062996,T,IBM,F I,26,290.29
2025-11-19,9:46:44.129074677,T,IBM,F I,22,290.29
2025-11-19,9:46:44.129147800,T,IBM,F I,30,290.29
2025-11-19,9:46:44.129149911,T,IBM,F I,22,290.27
2025-11-19,9:46:44.129152835,T,IBM,F,40,290.26
2025-11-19,9:46:47.005774684,T,IBM,F,40,290.18
2025-11-19,9:46:47.005774684,T,IBM,F I,20,290.15
2025-11-19,9:46:47.005777081,T,IBM,F I,3,290.14
2025-11-19,9:46:47.092277994,T,IBM,I,2,290.21
2025-11-19,9:46:47.092281114,T,IBM,I,10,290.23
2025-11-19,9:46:47.092283960,T,IBM,I,5,290.23
2025-11-19,9:46:47.092308524,T,IBM,F I,5,290.23
2025-11-19,9:46:47.092311895,T,IBM,F,100,290.25
2025-11-19,9:46:47.092314123,T,IBM,F I,20,290.26
2025-11-19,9:46:52.151786779,T,IBM,F I,23,290.25
2025-11-19,9:46:56.624138820,T,IBM,I,10,290.32
2025-11-19,9:46:56.624141814,T,IBM,I,10,290.32
2025-11-19,9:47:02.559584908,T,IBM,F I,7,290.32
2025-11-19,9:47:10.092457975,T,IBM,F I,30,290.38
2025-11-19,9:47:10.092481990,T,IBM,F I,8,290.41
2025-11-19,9:47:10.092752636,T,IBM,F I,5,290.43
2025-11-19,9:47:10.092756115,T,IBM,F I,3,290.43
2025-11-19,9:47:10.092756115,T,IBM,F I,8,290.43
2025-11-19,9:47:10.092758703,T,IBM,I,1,290.43
2025-11-19,9:47:10.092774305,T,IBM,I,1,290.43
2025-11-19,9:47:10.092774305,T,IBM,I,7,290.43
2025-11-19,9:47:11.958463324,T,IBM,F I,10,290.47
2025-11-19,9:47:11.958463324,T,IBM,F I,2,290.48
2025-11-19,9:47:11.958502354,T,IBM,I,15,290.48
2025-11-19,9:47:12.379032442,T,IBM,F I,12,290.48
2025-11-19,9:47:12.919139244,T,IBM,I,11,290.48
2025-11-19,9:47:12.919142320,T,IBM,I,1,290.49
2025-11-19,9:47:12.919551193,T,IBM,F I,12,290.49
2025-11-19,9:47:13.252125006,T,IBM,F I,12,290.49
2025-11-19,9:47:13.683240339,T,IBM,F I,5,290.49
2025-11-19,9:47:13.683243264,T,IBM,F I,7,290.52
2025-11-19,9:47:13.683270308,T,IBM,I,1,290.52
2025-11-19,9:47:15.344846040,T,IBM,F I,4,290.49
2025-11-19,9:47:20.719153224,T,IBM,F I,12,290.39
2025-11-19,9:47:23.400104525,T,IBM,F,94,290.46
2025-11-19,9:47:25.370289780,T,IBM,F I,1,290.49
2025-11-19,9:47:28.714373980,T,IBM,F I,8,290.43
2025-11-19,9:47:28.714376826,T,IBM,F I,5,290.43
2025-11-19,9:47:28.714409885,T,IBM,F,40,290.42
2025-11-19,9:47:28.714413055,T,IBM,F I,12,290.42
2025-11-19,9:47:28.714415949,T,IBM,F,47,290.42
2025-11-19,9:47:28.714852266,T,IBM,F I,10,290.44
2025-11-19,9:47:28.714852266,T,IBM,F I,30,290.46
2025-11-19,9:47:28.714854996,T,IBM,F I,3,290.46
2025-11-19,9:47:28.715020422,T,IBM,F I,5,290.4
2025-11-19,9:47:31.711494846,T,IBM,F I,1,290.47
2025-11-19,9:47:31.711497858,T,IBM,F I,39,290.47
2025-11-19,9:47:31.711515917,T,IBM,F I,1,290.47
2025-11-19,9:47:42.619801530,T,IBM,F I,1,290.43
2025-11-19,9:47:42.620156347,T,IBM,F I,20,290.39
2025-11-19,9:47:42.620156347,T,IBM,F I,21,290.38
2025-11-19,9:47:42.620177421,T,IBM,F I,19,290.38
2025-11-19,9:47:42.620177421,T,IBM,F I,1,290.38
2025-11-19,9:47:43.280901459,T,IBM,F,80,290.33
2025-11-19,9:47:54.001083527,T,IBM,F I,20,290.27
2025-11-19,9:47:54.001086123,T,IBM,F,60,290.26
2025-11-19,9:47:54.001092161,T,IBM,F I,1,290.26
2025-11-19,9:47:54.001095168,T,IBM,F I,19,290.26
2025-11-19,9:47:54.001098176,T,IBM,F I,8,290.26
2025-11-19,9:47:54.001101152,T,IBM,F,92,290.26
2025-11-19,9:48:01.489603623,T,IBM,,40,290.16
2025-11-19,9:48:01.489603623,T,IBM,I,33,290.16
2025-11-19,9:48:07.570006799,T,IBM,F,100,290.16
2025-11-19,9:48:17.154370151,T,IBM,I,30,290.04
2025-11-19,9:48:17.154372635,T,IBM,I,20,290.02
2025-11-19,9:48:17.154375723,T,IBM,,65,290.01
2025-11-19,9:48:17.154387735,T,IBM,I,1,290.01
2025-11-19,9:48:17.154586148,T,IBM,F,49,290.01
2025-11-19,9:48:19.584575106,T,IBM,F,40,290.01
2025-11-19,9:48:32.513328824,T,IBM,F,80,290.01
2025-11-19,9:48:32.513422014,T,IBM,I,9,289.97
2025-11-19,9:48:32.513431036,T,IBM,I,9,289.97
2025-11-19,9:48:32.513434008,T,IBM,F I,9,289.97
2025-11-19,9:48:32.513566392,T,IBM,I,5,289.97
2025-11-19,9:48:32.513587421,T,IBM,I,33,289.93
2025-11-19,9:48:32.513858004,T,IBM,I,19,289.97
2025-11-19,9:48:35.115757293,T,IBM,I,10,289.97
2025-11-19,9:48:35.115760212,T,IBM,I,2,289.9
2025-11-19,9:48:35.115760212,T,IBM,I,5,289.9
2025-11-19,9:48:35.115763189,T,IBM,I,26,289.9
2025-11-19,9:48:38.341271929,T,IBM,I,1,290.0
2025-11-19,9:48:39.417573943,T,IBM,F I,9,289.94
2025-11-19,9:48:39.417576517,T,IBM,F,100,289.91
2025-11-19,9:48:39.417579272,T,IBM,F I,20,289.89
2025-11-19,9:48:39.417582660,T,IBM,F I,9,289.88
2025-11-19,9:48:39.417585275,T,IBM,F I,10,289.88
2025-11-19,9:48:39.417621508,T,IBM,F I,6,289.88
2025-11-19,9:48:39.417630409,T,IBM,F I,15,289.88
2025-11-19,9:48:39.417630409,T,IBM,F I,10,289.88
2025-11-19,9:48:39.417645820,T,IBM,F I,8,289.88
2025-11-19,9:48:39.417645820,T,IBM,F,40,289.88
2025-11-19,9:48:39.417648421,T,IBM,F,40,289.88
2025-11-19,9:48:39.422096014,T,IBM,F I,10,289.83
2025-11-19,9:48:39.422099025,T,IBM,F I,30,289.75
2025-11-19,9:48:39.440463734,T,IBM,F I,2,289.87
2025-11-19,9:48:39.440463734,T,IBM,F,90,289.88
2025-11-19,9:48:39.440511871,T,IBM,F,94,289.91
2025-11-19,9:48:53.654810823,T,IBM,F,40,289.955
2025-11-19,9:48:53.654810823,T,IBM,F I,10,290.01
2025-11-19,9:48:53.654813928,T,IBM,F,75,290.01
2025-11-19,9:48:53.655273860,T,IBM,F I,1,290.1
2025-11-19,9:48:53.655276909,T,IBM,F I,2,290.1
2025-11-19,9:48:53.665525277,T,IBM,F I,10,290.15
2025-11-19,9:48:53.665564428,T,IBM,F I,2,290.15
2025-11-19,9:48:53.667200229,T,IBM,F I,10,290.15
2025-11-19,9:49:37.678231387,T,IBM,F,40,290.01
2025-11-19,9:49:42.086994045,T,IBM,F I,2,289.96
2025-11-19,9:49:42.086997451,T,IBM,F I,10,289.95
2025-11-19,9:49:42.087000056,T,IBM,F I,6,289.95
2025-11-19,9:49:42.087000056,T,IBM,F I,5,289.94
2025-11-19,9:49:42.087003033,T,IBM,F I,17,289.92
2025-11-19,9:49:42.087015197,T,IBM,F I,23,289.92
2025-11-19,9:49:42.087018070,T,IBM,F I,6,289.92
2025-11-19,9:49:42.087571498,T,IBM,F I,15,289.94
2025-11-19,9:49:42.087571498,T,IBM,F I,4,290.0
2025-11-19,9:49:42.093607119,T,IBM,I,5,290.04
2025-11-19,9:49:42.093609793,T,IBM,I,35,290.06
2025-11-19,9:49:42.718680935,T,IBM,F I,33,289.96
2025-11-19,9:49:42.718707988,T,IBM,,40,290.06
2025-11-19,9:49:42.718756640,T,IBM,F I,30,289.94
2025-11-19,9:49:42.718759131,T,IBM,F I,3,289.94
2025-11-19,9:50:10.835117830,T,IBM,F I,2,289.97
2025-11-19,9:50:10.835117830,T,IBM,F,82,289.94
2025-11-19,9:50:13.118633947,T,IBM,F,40,289.88
2025-11-19,9:50:13.118636813,T,IBM,F I,12,289.88
2025-11-19,9:50:13.468306275,T,IBM,F,40,289.8
2025-11-19,9:50:18.347039742,T,IBM,F I,5,289.83
2025-11-19,9:50:18.347039742,T,IBM,F I,15,289.83
2025-11-19,9:50:18.347066829,T,IBM,F,85,289.83
2025-11-19,9:50:18.347178018,T,IBM,F,50,289.86
2025-11-19,9:50:45.673748230,T,IBM,F I,5,289.92
2025-11-19,9:50:45.673751183,T,IBM,F,100,289.94
2025-11-19,9:50:45.673754184,T,IBM,F I,2,289.94
2025-11-19,9:50:45.673754184,T,IBM,F I,4,289.95
2025-11-19,9:50:45.673760375,T,IBM,F I,2,289.95
2025-11-19,9:50:45.673760375,T,IBM,F I,30,289.95
2025-11-19,9:50:45.673763249,T,IBM,F I,10,289.95
2025-11-19,9:50:45.673766156,T,IBM,F I,10,289.95
2025-11-19,9:50:45.673769296,T,IBM,F I,3,289.95
2025-11-19,9:50:45.673769296,T,IBM,F I,7,289.95
2025-11-19,9:50:45.673772387,T,IBM,F I,10,289.95
2025-11-19,9:50:45.673776854,T,IBM,F,40,289.96
2025-11-19,9:50:45.673776854,T,IBM,F,80,289.96
2025-11-19,9:50:45.673781633,T,IBM,F I,29,289.96
2025-11-19,9:50:45.673781633,T,IBM,F I,11,289.96
2025-11-19,9:50:45.673785138,T,IBM,F,119,289.97
2025-11-19,9:50:45.673785138,T,IBM,F I,1,289.97
2025-11-19,9:50:45.673787586,T,IBM,F I,10,289.97
2025-11-19,9:50:45.673787586,T,IBM,F,61,289.97
2025-11-19,9:50:45.673790154,T,IBM,F I,10,289.98
2025-11-19,9:50:45.673802188,T,IBM,F,100,289.96
2025-11-19,9:50:45.673806194,T,IBM,I,2,289.96
2025-11-19,9:50:50.522169434,T,IBM,I,2,289.99
2025-11-19,9:50:50.522214498,T,IBM,I,38,289.99
2025-11-19,9:50:50.614639478,T,IBM,I,2,290.1
2025-11-19,9:50:50.614639478,T,IBM,I,5,290.1
2025-11-19,9:50:52.995247861,T,IBM,F I,2,290.01
2025-11-19,9:50:54.675537073,T,IBM,F I,3,290.0
2025-11-19,9:50:56.146600055,T,IBM,F,100,289.96
2025-11-19,9:50:56.146603665,T,IBM,F,40,289.95
2025-11-19,9:50:56.146606161,T,IBM,F,86,289.95
2025-11-19,9:50:56.146606161,T,IBM,F I,10,289.95
2025-11-19,9:50:56.146786876,T,IBM,F,64,289.95
2025-11-19,9:50:56.146789671,T,IBM,F I,1,289.95
2025-11-19,9:50:56.146792472,T,IBM,F I,15,289.94
2025-11-19,9:50:56.146792472,T,IBM,F I,10,289.94
2025-11-19,9:50:56.146837613,T,IBM,F,100,289.95
2025-11-19,9:51:16.854169950,T,IBM,,40,289.975
2025-11-19,9:51:16.868267416,T,IBM,I,30,289.95
2025-11-19,9:51:29.092239271,T,IBM,I,7,290.055
2025-11-19,9:51:32.719342091,T,IBM,F,80,289.96
2025-11-19,9:51:32.719342091,T,IBM,F I,1,289.96
2025-11-19,9:51:32.720536581,T,IBM,F I,6,289.77
2025-11-19,9:51:32.720538880,T,IBM,F I,1,289.77
2025-11-19,9:51:32.721480269,T,IBM,F,40,289.76
2025-11-19,9:51:32.721480269,T,IBM,F,40,289.76
2025-11-19,9:51:32.721543266,T,IBM,,41,289.84
2025-11-19,9:51:33.766245309,T,IBM,F I,1,289.8
2025-11-19,9:51:35.927965652,T,IBM,F,40,289.75
2025-11-19,9:51:35.928621204,T,IBM,F I,1,289.74
2025-11-19,9:51:39.018242399,T,IBM,,40,289.71
2025-11-19,9:51:41.573626782,T,IBM,,50,289.68
2025-11-19,9:51:46.577887984,T,IBM,F I,3,289.76
2025-11-19,9:51:54.804049339,T,IBM,I,2,289.71
2025-11-19,9:52:04.078515072,T,IBM,F I,2,289.67
2025-11-19,9:52:06.770265007,T,IBM,,45,289.7
2025-11-19,9:52:06.772800082,T,IBM,,100,289.7
2025-11-19,9:52:15.965293618,T,IBM,F I,3,289.88
2025-11-19,9:52:15.966072754,T,IBM,,120,289.89
2025-11-19,9:52:15.966075475,T,IBM,I,4,289.89
2025-11-19,9:52:15.966108614,T,IBM,I,36,289.89
2025-11-19,9:52:15.975614278,T,IBM,I,2,289.83
2025-11-19,9:52:15.975638321,T,IBM,I,38,289.83
2025-11-19,9:52:24.844907477,T,IBM,F,40,289.7
2025-11-19,9:52:24.844910473,T,IBM,F I,5,289.7
2025-11-19,9:52:24.844910473,T,IBM,F,80,289.7
2025-11-19,9:52:24.844925862,T,IBM,F,40,289.7
2025-11-19,9:52:24.844931536,T,IBM,F I,5,289.66
2025-11-19,9:52:24.844958656,T,IBM,,100,289.7
2025-11-19,9:52:24.844961783,T,IBM,I,20,289.71
2025-11-19,9:52:24.845710421,T,IBM,F I,26,289.66
2025-11-19,9:52:24.847232092,T,IBM,F,40,289.61
2025-11-19,9:52:24.847244046,T,IBM,F,40,289.6
2025-11-19,9:52:25.834891464,T,IBM,F,40,289.6
2025-11-19,9:52:25.834903265,T,IBM,F,40,289.59
2025-11-19,9:52:32.560249479,T,IBM,I,33,289.59
2025-11-19,9:52:32.560251799,T,IBM,I,12,289.59
2025-11-19,9:52:32.560336046,T,IBM,F I,11,289.55
2025-11-19,9:52:32.560366452,T,IBM,I,1,289.55
2025-11-19,9:52:32.560369428,T,IBM,I,11,289.55
2025-11-19,9:52:32.560384200,T,IBM,I,4,289.56
2025-11-19,9:52:37.652701083,T,IBM,I,2,289.63
2025-11-19,9:52:37.652701083,T,IBM,I,12,289.64
2025-11-19,9:52:38.290931469,T,IBM,I,11,289.72
2025-11-19,9:52:41.321973221,T,IBM,F,100,289.64
2025-11-19,9:52:41.321976233,T,IBM,F I,25,289.64
2025-11-19,9:52:42.377669486,T,IBM,I,8,289.67
2025-11-19,9:52:50.793772033,T,IBM,F,49,289.6
2025-11-19,9:52:50.793856516,T,IBM,F I,20,289.59
2025-11-19,9:52:50.793856516,T,IBM,F I,20,289.58
2025-11-19,9:52:50.794355395,T,IBM,I,7,289.67
2025-11-19,9:52:50.794355395,T,IBM,I,33,289.67
2025-11-19,9:53:04.555225678,T,IBM,F,40,289.6
2025-11-19,9:53:04.697695812,T,IBM,F I,5,289.68
2025-11-19,9:53:08.385020630,T,IBM,F I,2,289.64
2025-11-19,9:53:08.385025962,T,IBM,F I,5,289.62
2025-11-19,9:53:08.385025962,T,IBM,F I,5,289.59
2025-11-19,9:53:08.385029000,T,IBM,F I,2,289.59
2025-11-19,9:53:08.385029000,T,IBM,F I,20,289.58
2025-11-19,9:53:08.385031906,T,IBM,F I,6,289.57
2025-11-19,9:53:08.385064978,T,IBM,I,34,289.57
2025-11-19,9:53:10.127909000,T,IBM,F I,4,289.55
2025-11-19,9:53:10.127978130,T,IBM,F,100,289.54
2025-11-19,9:53:10.127981288,T,IBM,F I,2,289.54
2025-11-19,9:53:10.127981288,T,IBM,F I,4,289.54
2025-11-19,9:53:10.128002240,T,IBM,I,1,289.54
2025-11-19,9:53:10.128299928,T,IBM,,74,289.54
2025-11-19,9:53:10.128320931,T,IBM,I,1,289.54
2025-11-19,9:53:12.128752727,T,IBM,F I,14,289.59
2025-11-19,9:53:12.128755572,T,IBM,F I,2,289.56
2025-11-19,9:53:12.128755572,T,IBM,F I,6,289.56
2025-11-19,9:53:12.128770275,T,IBM,F I,14,289.56
2025-11-19,9:53:12.254725073,T,IBM,F,40,289.54
2025-11-19,9:53:12.377525448,T,IBM,F I,1,289.53
2025-11-19,9:53:12.377603656,T,IBM,F I,4,289.53
2025-11-19,9:53:12.377606593,T,IBM,F I,1,289.52
2025-11-19,9:53:12.377667287,T,IBM,F I,1,289.52
2025-11-19,9:53:12.380003396,T,IBM,,40,289.38
2025-11-19,9:53:17.633729379,T,IBM,F I,20,289.36
2025-11-19,9:53:17.633729379,T,IBM,F,100,289.36
2025-11-19,9:53:18.224425664,T,IBM,F I,5,289.43
2025-11-19,9:53:18.224428572,T,IBM,F I,2,289.43
2025-11-19,9:53:21.076114991,T,IBM,F I,2,289.41
2025-11-19,9:53:21.076114991,T,IBM,F I,5,289.41
2025-11-19,9:53:21.076117523,T,IBM,F I,5,289.4
2025-11-19,9:53:21.076120279,T,IBM,F I,20,289.38
2025-11-19,9:53:21.076120279,T,IBM,F I,2,289.38
2025-11-19,9:53:21.076123328,T,IBM,F I,6,289.37
2025-11-19,9:53:25.256200964,T,IBM,F I,20,289.38
2025-11-19,9:53:25.256203473,T,IBM,F I,20,289.38
2025-11-19,9:53:25.256946266,T,IBM,F I,2,289.44
2025-11-19,9:53:25.256946266,T,IBM,F I,5,289.46
2025-11-19,9:53:25.257000398,T,IBM,F I,5,289.47
2025-11-19,9:53:28.952849890,T,IBM,F I,5,289.47
2025-11-19,9:53:30.084828665,T,IBM,F,100,289.51
2025-11-19,9:53:31.346969325,T,IBM,I,3,289.44
2025-11-19,9:53:35.022938498,T,IBM,,40,289.45
2025-11-19,9:53:35.022956511,T,IBM,,40,289.45
2025-11-19,9:53:35.028360468,T,IBM,F I,10,289.5
2025-11-19,9:53:35.028576886,T,IBM,F I,1,289.53
2025-11-19,9:53:35.028844703,T,IBM,F I,31,289.55
2025-11-19,9:53:35.028844703,T,IBM,F I,2,289.55
2025-11-19,9:53:35.037237540,T,IBM,F,40,289.55
2025-11-19,9:53:36.653696702,T,IBM,F,40,289.61
2025-11-19,9:53:39.867718075,T,IBM,I,24,289.61
2025-11-19,9:53:39.867757154,T,IBM,I,16,289.61
2025-11-19,9:53:44.209355060,T,IBM,F I,20,289.54
2025-11-19,9:53:44.209355060,T,IBM,F I,20,289.53
2025-11-19,9:53:45.004092877,T,IBM,F I,20,289.54
2025-11-19,9:53:45.004092877,T,IBM,F I,20,289.53
2025-11-19,9:53:45.108582703,T,IBM,F,120,289.53
2025-11-19,9:53:45.108582703,T,IBM,F,80,289.53
2025-11-19,9:53:53.121770889,T,IBM,,40,289.545
2025-11-19,9:53:53.121834064,T,IBM,I,5,289.545
2025-11-19,9:53:57.318408503,T,IBM,I,18,289.59
2025-11-19,9:53:57.341310983,T,IBM,F I,34,289.59
2025-11-19,9:53:57.341368255,T,IBM,F I,34,289.6
2025-11-19,9:53:58.158088556,T,IBM,I,12,289.61
2025-11-19,9:53:58.663414451,T,IBM,I,9,289.61
2025-11-19,9:54:00.521901853,T,IBM,F,40,289.575
2025-11-19,9:54:02.296985557,T,IBM,I,20,289.57
2025-11-19,9:54:07.332316720,T,IBM,F,40,289.58
2025-11-19,9:54:08.579391509,T,IBM,F I,39,289.63
2025-11-19,9:54:08.579607982,T,IBM,I,1,289.63
2025-11-19,9:54:08.579863561,T,IBM,F I,32,289.66
2025-11-19,9:54:08.579863561,T,IBM,F I,25,289.66
2025-11-19,9:54:08.579884691,T,IBM,I,1,289.66
2025-11-19,9:54:08.579887706,T,IBM,F I,33,289.66
2025-11-19,9:54:11.647989642,T,IBM,,40,289.615
2025-11-19,9:54:23.123383060,T,IBM,F I,30,289.74
2025-11-19,9:54:23.123401069,T,IBM,F I,7,289.75
2025-11-19,9:54:23.123401069,T,IBM,I,23,289.75
2025-11-19,9:54:23.128474212,T,IBM,F,45,289.79
2025-11-19,9:54:23.128477146,T,IBM,F I,35,289.8
2025-11-19,9:54:23.129622934,T,IBM,I,7,289.79
2025-11-19,9:54:23.132407475,T,IBM,F,80,289.76
2025-11-19,9:54:23.132413574,T,IBM,F I,9,289.76
2025-11-19,9:54:23.132443614,T,IBM,F I,8,289.71
2025-11-19,9:54:23.132473721,T,IBM,F,92,289.71
2025-11-19,9:54:23.132850046,T,IBM,I,2,289.76
2025-11-19,9:54:23.132850046,T,IBM,I,2,289.77
2025-11-19,9:54:23.132853368,T,IBM,,100,289.79
2025-11-19,9:54:23.132853368,T,IBM,I,5,289.79
2025-11-19,9:54:23.133030013,T,IBM,,58,289.69
2025-11-19,9:54:23.133048053,T,IBM,I,1,289.69
2025-11-19,9:54:23.196718576,T,IBM,I,1,289.7
2025-11-19,9:54:23.246355303,T,IBM,F,40,289.7
2025-11-19,9:54:23.246357867,T,IBM,F I,12,289.69
2025-11-19,9:54:23.246360767,T,IBM,F I,20,289.69
2025-11-19,9:54:23.246360767,T,IBM,F I,8,289.68
2025-11-19,9:54:23.487540976,T,IBM,,40,289.75
2025-11-19,9:54:24.977227418,T,IBM,F I,10,289.78
2025-11-19,9:54:25.671249605,T,IBM,F,90,289.77
2025-11-19,9:54:27.479631660,T,IBM,I,7,289.8
2025-11-19,9:54:28.578047446,T,IBM,F I,7,289.81
2025-11-19,9:54:28.578047446,T,IBM,F I,9,289.81
2025-11-19,9:54:28.592945011,T,IBM,I,27,289.85
2025-11-19,9:54:28.592969339,T,IBM,I,13,289.85
2025-11-19,9:54:28.592969339,T,IBM,I,13,289.85
2025-11-19,9:54:28.592972435,T,IBM,I,26,289.85
2025-11-19,9:54:28.592975053,T,IBM,I,1,289.85
2025-11-19,9:54:28.592984010,T,IBM,I,26,289.85
2025-11-19,9:54:28.592993062,T,IBM,F I,25,289.85
2025-11-19,9:54:28.608143121,T,IBM,I,20,289.8
2025-11-19,9:54:29.275843731,T,IBM,I,10,289.83
2025-11-19,9:54:29.275846685,T,IBM,I,2,289.85
2025-11-19,9:54:29.275846685,T,IBM,I,4,289.86
2025-11-19,9:54:31.275399869,T,IBM,I,10,289.86
2025-11-19,9:54:31.275418338,T,IBM,F I,26,289.86
2025-11-19,9:54:31.275418338,T,IBM,F I,13,289.86
2025-11-19,9:54:35.337031923,T,IBM,I,7,289.9
2025-11-19,9:54:35.858914580,T,IBM,I,5,289.89
2025-11-19,9:54:38.267784197,T,IBM,F I,2,289.82
2025-11-19,9:54:38.267784197,T,IBM,F I,5,289.81
2025-11-19,9:54:38.267790215,T,IBM,F,40,289.8
2025-11-19,9:54:38.267790215,T,IBM,F,74,289.8
2025-11-19,9:54:38.267808216,T,IBM,I,1,289.8
2025-11-19,9:54:38.267814563,T,IBM,F I,5,289.8
2025-11-19,9:54:38.267814563,T,IBM,F I,1,289.8
2025-11-19,9:54:38.268196184,T,IBM,F I,10,289.79
2025-11-19,9:54:38.268785520,T,IBM,F I,2,289.8
2025-11-19,9:54:38.268807006,T,IBM,I,5,289.8
2025-11-19,9:54:41.315458743,T,IBM,F,100,289.73
2025-11-19,9:54:41.315462171,T,IBM,F I,1,289.72
2025-11-19,9:54:41.315462171,T,IBM,F I,1,289.72
2025-11-19,9:54:41.315468423,T,IBM,F,43,289.72
2025-11-19,9:54:41.315479582,T,IBM,,77,289.72
2025-11-19,9:54:41.315599879,T,IBM,F,80,289.72
2025-11-19,9:54:46.157588998,T,IBM,F I,37,289.6
2025-11-19,9:54:46.157604102,T,IBM,I,1,289.6
2025-11-19,9:54:46.158027977,T,IBM,I,2,289.6
2025-11-19,9:54:46.158049018,T,IBM,I,4,289.6
2025-11-19,9:54:46.158355788,T,IBM,I,7,289.63
2025-11-19,9:54:46.158358853,T,IBM,I,5,289.63
2025-11-19,9:54:46.158385902,T,IBM,F I,5,289.63
2025-11-19,9:54:46.158416026,T,IBM,I,2,289.62
2025-11-19,9:54:46.158424975,T,IBM,F I,5,289.64
2025-11-19,9:54:46.158430993,T,IBM,,100,289.63
2025-11-19,9:54:46.158433956,T,IBM,F I,2,289.64
2025-11-19,9:54:46.169497378,T,IBM,F,40,289.705
2025-11-19,9:54:46.169497378,T,IBM,F,40,289.72
2025-11-19,9:54:46.505213560,T,IBM,F I,2,289.72
2025-11-19,9:54:46.505216491,T,IBM,F I,16,289.72
2025-11-19,9:54:46.505303676,T,IBM,I,19,289.73
2025-11-19,9:54:46.530512774,T,IBM,F,80,289.71
2025-11-19,9:54:55.431739272,T,IBM,F I,7,289.71
2025-11-19,9:54:55.431742243,T,IBM,F I,30,289.71
2025-11-19,9:54:55.431745156,T,IBM,F,42,289.7
2025-11-19,9:54:55.431760203,T,IBM,F I,8,289.7
2025-11-19,9:54:55.431763138,T,IBM,F,40,289.7
2025-11-19,9:54:55.432710440,T,IBM,I,20,289.67
2025-11-19,9:55:00.972140822,T,IBM,F I,9,289.55
2025-11-19,9:55:00.972441946,T,IBM,I,9,289.53
2025-11-19,9:55:00.972444462,T,IBM,,45,289.53
2025-11-19,9:55:00.972516614,T,IBM,F I,5,289.52
2025-11-19,9:55:00.972519680,T,IBM,F,70,289.51
2025-11-19,9:55:00.973265485,T,IBM,I,9,289.53
2025-11-19,9:55:03.828577918,T,IBM,F I,3,289.56
2025-11-19,9:55:03.828580887,T,IBM,F I,1,289.56
2025-11-19,9:55:03.828601941,T,IBM,F I,3,289.56
2025-11-19,9:55:03.828625970,T,IBM,F I,3,289.57
2025-11-19,9:55:03.828637954,T,IBM,I,2,289.57
2025-11-19,9:55:05.949800673,T,IBM,F,80,289.62
2025-11-19,9:55:05.949803580,T,IBM,F,80,289.62
2025-11-19,9:55:05.949821665,T,IBM,I,28,289.62
2025-11-19,9:55:05.949824618,T,IBM,I,1,289.62
2025-11-19,9:55:05.949830667,T,IBM,F,41,289.62
2025-11-19,9:55:05.949845811,T,IBM,,100,289.61
2025-11-19,9:55:05.949866714,T,IBM,I,1,289.61
2025-11-19,9:55:06.190111640,T,IBM,F,40,289.66
2025-11-19,9:55:06.757845175,T,IBM,F,40,289.69
2025-11-19,9:55:06.757857206,T,IBM,F I,7,289.69
2025-11-19,9:55:06.757878296,T,IBM,F I,33,289.69
2025-11-19,9:55:06.757881237,T,IBM,I,39,289.69
2025-11-19,9:55:06.757881237,T,IBM,F I,1,289.69
2025-11-19,9:55:06.757884875,T,IBM,F I,32,289.69
2025-11-19,9:55:06.757887330,T,IBM,I,19,289.69
2025-11-19,9:55:06.933120400,T,IBM,,40,289.71
2025-11-19,9:55:06.933144920,T,IBM,I,3,289.72
2025-11-19,9:55:06.933147445,T,IBM,,40,289.72
2025-11-19,9:55:06.933165869,T,IBM,F,45,289.72
2025-11-19,9:55:06.933168580,T,IBM,I,9,289.72
2025-11-19,9:55:06.934115847,T,IBM,I,26,289.72
2025-11-19,9:55:06.934115847,T,IBM,,80,289.72
2025-11-19,9:55:10.634060902,T,IBM,F,68,289.78
2025-11-19,9:55:10.634081941,T,IBM,I,7,289.78
2025-11-19,9:55:10.634081941,T,IBM,I,1,289.78
2025-11-19,9:55:13.663538785,T,IBM,I,7,289.775
2025-11-19,9:55:15.161937084,T,IBM,F I,36,289.71
2025-11-19,9:55:15.161957930,T,IBM,F,44,289.71
2025-11-19,9:55:15.162375945,T,IBM,,40,289.7
2025-11-19,9:55:15.162375945,T,IBM,,40,289.7
2025-11-19,9:55:15.166411609,T,IBM,,40,289.71
2025-11-19,9:55:22.605346795,T,IBM,I,5,289.8
2025-11-19,9:55:25.719612283,T,IBM,F I,2,289.71
2025-11-19,9:55:25.719615042,T,IBM,F I,5,289.71
2025-11-19,9:55:25.719615042,T,IBM,F I,1,289.71
2025-11-19,9:55:26.950658379,T,IBM,F I,2,289.73
2025-11-19,9:55:26.996902465,T,IBM,I,2,289.75
2025-11-19,9:55:26.997531020,T,IBM,F I,2,289.79
2025-11-19,9:55:26.997534075,T,IBM,F,52,289.8
2025-11-19,9:55:26.997543025,T,IBM,F I,11,289.81
2025-11-19,9:55:26.997543025,T,IBM,F I,3,289.81
2025-11-19,9:55:27.172454424,T,IBM,F I,3,289.85
2025-11-19,9:55:30.219187510,T,IBM,F,100,289.85
2025-11-19,9:55:30.219187510,T,IBM,F I,2,289.85
2025-11-19,9:55:30.219194028,T,IBM,F I,2,289.85
2025-11-19,9:55:30.219194028,T,IBM,F I,16,289.85
2025-11-19,9:55:31.164557105,T,IBM,F,40,289.9
2025-11-19,9:55:32.260825943,T,IBM,F I,20,289.87
2025-11-19,9:55:35.785198158,T,IBM,F I,5,289.82
2025-11-19,9:55:35.785201265,T,IBM,F I,10,289.82
2025-11-19,9:55:35.803175000,T,IBM,F I,3,289.88
2025-11-19,9:55:35.892944692,T,IBM,F,55,289.89
2025-11-19,9:55:36.831815838,T,IBM,F,45,289.89
2025-11-19,9:55:36.831815838,T,IBM,F I,10,289.87
2025-11-19,9:55:43.436754905,T,IBM,F,40,289.94
2025-11-19,9:55:43.436757887,T,IBM,F I,1,289.94
2025-11-19,9:55:49.935925819,T,IBM,,40,289.895
2025-11-19,9:55:50.828580239,T,IBM,F,52,289.86
2025-11-19,9:55:50.828583140,T,IBM,F I,5,289.86
2025-11-19,9:55:50.828586652,T,IBM,F I,20,289.85
2025-11-19,9:55:50.828586652,T,IBM,F I,18,289.85
2025-11-19,9:55:50.828589240,T,IBM,F,41,289.85
2025-11-19,9:55:50.828589240,T,IBM,F I,10,289.85
2025-11-19,9:55:50.861066835,T,IBM,F I,20,289.84
2025-11-19,9:55:50.861066835,T,IBM,F I,35,289.84
2025-11-19,9:55:50.861072740,T,IBM,F,40,289.84
2025-11-19,9:55:50.861072740,T,IBM,F I,1,289.84
2025-11-19,9:55:50.861075574,T,IBM,F,40,289.83
2025-11-19,9:55:50.861075574,T,IBM,F I,10,289.82
2025-11-19,9:55:50.861078304,T,IBM,F I,10,289.81
2025-11-19,9:55:50.861121084,T,IBM,F I,1,289.79
2025-11-19,9:55:50.861121084,T,IBM,F I,4,289.79
2025-11-19,9:55:50.861123502,T,IBM,F I,10,289.79
2025-11-19,9:55:50.861144450,T,IBM,F I,10,289.78
2025-11-19,9:55:50.861231677,T,IBM,F I,20,289.835
2025-11-19,9:55:53.929646371,T,IBM,,40,289.79
2025-11-19,9:56:00.006982266,T,IBM,F I,17,289.77
2025-11-19,9:56:00.007003357,T,IBM,F I,2,289.77
2025-11-19,9:56:00.007003357,T,IBM,F I,3,289.76
2025-11-19,9:56:00.007009307,T,IBM,F I,7,289.76
2025-11-19,9:56:00.007009307,T,IBM,F I,7,289.76
2025-11-19,9:56:00.130368939,T,IBM,I,20,289.71
2025-11-19,9:56:04.315444152,T,IBM,I,13,289.805
2025-11-19,9:56:04.315480241,T,IBM,I,12,289.805
2025-11-19,9:56:08.731851407,T,IBM,F I,1,289.73
2025-11-19,9:56:08.731854235,T,IBM,F I,3,289.73
2025-11-19,9:56:08.731857256,T,IBM,F I,37,289.73
2025-11-19,9:56:08.731860026,T,IBM,F,70,289.72
2025-11-19,9:56:08.731926393,T,IBM,F,40,289.7
2025-11-19,9:56:08.731929840,T,IBM,F,80,289.7
2025-11-19,9:56:08.731929840,T,IBM,F I,2,289.7
2025-11-19,9:56:08.731932957,T,IBM,F I,3,289.7
2025-11-19,9:56:08.731936240,T,IBM,F I,7,289.7
2025-11-19,9:56:08.731938560,T,IBM,F I,10,289.69
2025-11-19,9:56:08.731947189,T,IBM,I,20,289.74
2025-11-19,9:56:08.732049467,T,IBM,F I,5,289.67
2025-11-19,9:56:08.732545718,T,IBM,F,40,289.62
2025-11-19,9:56:17.313220966,T,IBM,I,1,289.57
2025-11-19,9:56:17.330803957,T,IBM,I,2,289.54
2025-11-19,9:56:18.904895162,T,IBM,F,40,289.54
2025-11-19,9:56:18.904895162,T,IBM,F I,17,289.54
2025-11-19,9:56:18.904982757,T,IBM,F I,7,289.53
2025-11-19,9:56:18.904982757,T,IBM,F,50,289.53
2025-11-19,9:56:18.905009645,T,IBM,F I,5,289.52
2025-11-19,9:56:18.905012538,T,IBM,F I,15,289.52
2025-11-19,9:56:18.905328238,T,IBM,F,94,289.56
2025-11-19,9:56:18.906101086,T,IBM,,45,289.53
2025-11-19,9:56:18.922920057,T,IBM,I,2,289.53
2025-11-19,9:56:18.995437760,T,IBM,I,20,289.53
2025-11-19,9:56:18.995437760,T,IBM,I,5,289.53
2025-11-19,9:56:18.995440744,T,IBM,I,27,289.53
2025-11-19,9:56:22.824928211,T,IBM,I,20,289.54
2025-11-19,9:56:22.891380523,T,IBM,,50,289.6
2025-11-19,9:56:28.499921262,T,IBM,F,40,289.53
2025-11-19,9:56:33.825915362,T,IBM,F,100,289.56
2025-11-19,9:56:33.826414816,T,IBM,F I,20,289.51
2025-11-19,9:56:33.826414816,T,IBM,F,40,289.5
2025-11-19,9:56:33.826417511,T,IBM,F I,11,289.5
2025-11-19,9:56:33.826423618,T,IBM,F,49,289.5
2025-11-19,9:56:33.826432639,T,IBM,I,1,289.5
2025-11-19,9:56:33.826441601,T,IBM,F I,19,289.5
2025-11-19,9:56:37.575619941,T,IBM,F,100,289.48
2025-11-19,9:56:37.575622948,T,IBM,F I,20,289.48
2025-11-19,9:56:37.576425809,T,IBM,F I,5,289.54
2025-11-19,9:56:37.576449902,T,IBM,I,3,289.55
2025-11-19,9:56:37.576489145,T,IBM,F I,3,289.555
2025-11-19,9:56:37.576504221,T,IBM,F I,37,289.555
2025-11-19,9:56:37.576507154,T,IBM,F,40,289.56
2025-11-19,9:56:37.576510048,T,IBM,F I,3,289.57
2025-11-19,9:56:37.576510048,T,IBM,F,100,289.57
2025-11-19,9:56:37.722745396,T,IBM,F,52,289.63
2025-11-19,9:56:37.722748590,T,IBM,F,40,289.63
2025-11-19,9:56:37.722754586,T,IBM,F I,3,289.64
2025-11-19,9:56:37.722754586,T,IBM,F,100,289.64
2025-11-19,9:56:37.722757426,T,IBM,F,200,289.64
2025-11-19,9:56:37.722760289,T,IBM,F,88,289.64
2025-11-19,9:56:37.722769266,T,IBM,I,1,289.64
2025-11-19,9:56:37.722769266,T,IBM,F,91,289.64
2025-11-19,9:56:37.722773405,T,IBM,F I,1,289.64
2025-11-19,9:56:37.722775257,T,IBM,F,92,289.64
2025-11-19,9:56:37.722778384,T,IBM,F,92,289.64
2025-11-19,9:56:37.722802296,T,IBM,I,10,289.64
2025-11-19,9:56:37.723199308,T,IBM,F I,1,289.64
2025-11-19,9:56:37.723247426,T,IBM,F I,1,289.64
2025-11-19,9:56:37.723292519,T,IBM,F I,1,289.64
2025-11-19,9:56:37.723337629,T,IBM,F I,1,289.64
2025-11-19,9:56:37.723379763,T,IBM,F I,1,289.64
2025-11-19,9:56:37.731742568,T,IBM,I,15,289.605
2025-11-19,9:56:45.604505671,T,IBM,F I,3,289.57
2025-11-19,9:56:48.290473048,T,IBM,I,13,289.73
2025-11-19,9:56:48.290476065,T,IBM,F I,13,289.73
2025-11-19,9:56:48.290485033,T,IBM,F I,13,289.73
2025-11-19,9:56:48.290500093,T,IBM,I,3,289.73
2025-11-19,9:56:48.290500093,T,IBM,F I,3,289.73
2025-11-19,9:56:48.290509117,T,IBM,F I,20,289.73
2025-11-19,9:56:48.290509117,T,IBM,F I,5,289.73
2025-11-19,9:56:48.290512097,T,IBM,F I,16,289.73
2025-11-19,9:56:48.290515169,T,IBM,F I,3,289.74
2025-11-19,9:57:05.221718818,T,IBM,,100,289.81
2025-11-19,9:57:05.221718818,T,IBM,I,20,289.81
2025-11-19,9:57:05.221724839,T,IBM,,40,289.8
2025-11-19,9:57:10.486318813,T,IBM,F I,1,289.82
2025-11-19,9:57:13.798701971,T,IBM,F I,1,289.79
2025-11-19,9:57:13.798704479,T,IBM,F,40,289.79
2025-11-19,9:57:13.798704479,T,IBM,F I,1,289.79
2025-11-19,9:57:13.798707416,T,IBM,F,40,289.79
2025-11-19,9:57:13.798725842,T,IBM,F I,1,289.79
2025-11-19,9:57:13.798728609,T,IBM,I,1,289.79
2025-11-19,9:57:13.798731529,T,IBM,F I,1,289.79
2025-11-19,9:57:13.798731529,T,IBM,F I,1,289.79
2025-11-19,9:57:13.798824747,T,IBM,F I,15,289.79
2025-11-19,9:57:13.798827753,T,IBM,F I,25,289.78
2025-11-19,9:57:13.798990123,T,IBM,F I,1,289.78
2025-11-19,9:57:13.798993130,T,IBM,F I,14,289.78
2025-11-19,9:57:19.588062662,T,IBM,I,15,289.78
2025-11-19,9:57:20.435639558,T,IBM,,45,289.83
2025-11-19,9:57:21.221746922,T,IBM,I,2,289.78
2025-11-19,9:57:21.221749977,T,IBM,I,5,289.78
2025-11-19,9:57:21.221749977,T,IBM,,73,289.76
2025-11-19,9:57:26.522595635,T,IBM,I,20,289.73
2025-11-19,9:57:26.523121510,T,IBM,F,40,289.72
2025-11-19,9:57:26.523142507,T,IBM,I,1,289.72
2025-11-19,9:57:26.523145500,T,IBM,I,15,289.72
2025-11-19,9:57:26.523145500,T,IBM,F,40,289.72
2025-11-19,9:57:26.523196659,T,IBM,F,40,289.72
2025-11-19,9:57:26.523220687,T,IBM,F I,3,289.72
2025-11-19,9:57:26.533685732,T,IBM,I,1,289.73
2025-11-19,9:57:26.533688597,T,IBM,,40,289.71
2025-11-19,9:57:27.197158389,T,IBM,F I,2,289.66
2025-11-19,9:57:27.197158389,T,IBM,F I,38,289.67
2025-11-19,9:57:27.205809847,T,IBM,F I,5,289.68
2025-11-19,9:57:27.205813111,T,IBM,F I,2,289.69
2025-11-19,9:57:27.205813111,T,IBM,F I,2,289.69
2025-11-19,9:57:27.205813111,T,IBM,F I,31,289.71
2025-11-19,9:57:27.205831254,T,IBM,I,1,289.71
2025-11-19,9:57:27.205834243,T,IBM,I,8,289.71
2025-11-19,9:57:27.205834243,T,IBM,I,31,289.71
2025-11-19,9:57:27.205836904,T,IBM,I,9,289.71
2025-11-19,9:57:27.205855099,T,IBM,F,40,289.71
2025-11-19,9:57:27.205873609,T,IBM,F I,9,289.71
2025-11-19,9:57:27.205885077,T,IBM,F I,2,289.71
2025-11-19,9:57:27.205891158,T,IBM,F I,29,289.71
2025-11-19,9:57:27.205894740,T,IBM,F I,11,289.71
2025-11-19,9:57:27.205897695,T,IBM,F I,29,289.71
2025-11-19,9:57:27.205900742,T,IBM,F I,31,289.71
2025-11-19,9:57:27.205903282,T,IBM,F I,31,289.71
2025-11-19,9:57:27.205912246,T,IBM,F I,9,289.71
2025-11-19,9:57:27.205915079,T,IBM,F I,2,289.71
2025-11-19,9:57:27.205936253,T,IBM,F I,38,289.71
2025-11-19,9:57:27.205936253,T,IBM,F I,2,289.71
2025-11-19,9:57:27.205963284,T,IBM,F I,9,289.71
2025-11-19,9:57:27.206561710,T,IBM,I,25,289.71
2025-11-19,9:57:27.206880742,T,IBM,I,4,289.71
2025-11-19,9:57:27.206880742,T,IBM,I,9,289.71
2025-11-19,9:57:27.473606410,T,IBM,F,112,289.71
2025-11-19,9:57:32.364768758,T,IBM,F I,2,289.71
2025-11-19,9:57:32.364768758,T,IBM,F I,2,289.71
2025-11-19,9:57:32.364771391,T,IBM,F I,2,289.7
2025-11-19,9:57:32.364771391,T,IBM,F I,5,289.68
2025-11-19,9:57:32.364774358,T,IBM,F I,6,289.67
2025-11-19,9:57:32.364777285,T,IBM,F I,16,289.62
2025-11-19,9:57:48.295237726,T,IBM,,40,289.785
2025-11-19,9:58:00.612750876,T,IBM,F I,1,289.72
2025-11-19,9:58:06.071384292,T,IBM,I,1,289.62
2025-11-19,9:58:06.071387255,T,IBM,,79,289.61
2025-11-19,9:58:06.071402302,T,IBM,I,1,289.61
2025-11-19,9:58:06.642524956,T,IBM,F I,26,289.52
2025-11-19,9:58:07.351519709,T,IBM,I,1,289.49
2025-11-19,9:58:07.351519709,T,IBM,I,39,289.47
2025-11-19,9:58:09.976868706,T,IBM,F I,1,289.48
2025-11-19,9:58:09.976871823,T,IBM,F I,39,289.47
2025-11-19,9:58:09.976889865,T,IBM,F I,1,289.47
2025-11-19,9:58:16.391412178,T,IBM,F I,9,289.29
2025-11-19,9:58:19.333054081,T,IBM,F I,11,289.17
2025-11-19,9:58:19.334139566,T,IBM,F,94,289.23
2025-11-19,9:58:19.334139566,T,IBM,F I,31,289.24
2025-11-19,9:58:19.334164228,T,IBM,F I,26,289.27
2025-11-19,9:58:19.334166634,T,IBM,F I,6,289.27
2025-11-19,9:58:19.334175685,T,IBM,F I,30,289.27
2025-11-19,9:58:19.334611780,T,IBM,F I,25,289.35
2025-11-19,9:58:19.334614774,T,IBM,F,40,289.35
2025-11-19,9:58:19.334647801,T,IBM,F I,3,289.36
2025-11-19,9:58:22.527026616,T,IBM,I,5,289.34
2025-11-19,9:58:22.527029872,T,IBM,,100,289.32
2025-11-19,9:58:22.527032645,T,IBM,I,25,289.31
2025-11-19,9:58:22.527032645,T,IBM,I,2,289.31
2025-11-19,9:58:22.527035684,T,IBM,,94,289.29
2025-11-19,9:58:22.527038929,T,IBM,,52,289.29
2025-11-19,9:58:22.527038929,T,IBM,I,20,289.29
2025-11-19,9:58:22.527042191,T,IBM,,100,289.29
2025-11-19,9:58:22.527042191,T,IBM,,100,289.29
2025-11-19,9:58:22.527044701,T,IBM,,40,289.29
2025-11-19,9:58:22.527062654,T,IBM,F,40,289.28
2025-11-19,9:58:22.540474591,T,IBM,F,40,289.24
2025-11-19,9:58:22.780334610,T,IBM,F I,20,289.23
2025-11-19,9:58:22.780337636,T,IBM,F,40,289.22
2025-11-19,9:58:26.736763297,T,IBM,,80,289.17
2025-11-19,9:58:26.736790365,T,IBM,F,100,289.21
2025-11-19,9:58:27.929134853,T,IBM,F,100,289.18
2025-11-19,9:58:27.929134853,T,IBM,F I,19,289.18
2025-11-19,9:58:27.929240514,T,IBM,F,40,289.17
2025-11-19,9:58:27.929240514,T,IBM,F I,31,289.17
2025-11-19,9:58:35.498157004,T,IBM,F I,2,289.41
2025-11-19,9:58:35.498160037,T,IBM,F I,5,289.42
2025-11-19,9:58:35.498160037,T,IBM,F I,2,289.43
2025-11-19,9:58:37.822152726,T,IBM,I,1,289.29
2025-11-19,9:58:37.822152726,T,IBM,,100,289.27
2025-11-19,9:58:37.822156065,T,IBM,,40,289.22
2025-11-19,9:58:37.822159804,T,IBM,,80,289.22
2025-11-19,9:58:37.822159804,T,IBM,I,20,289.22
2025-11-19,9:58:37.822285239,T,IBM,F,40,289.21
2025-11-19,9:58:37.822287739,T,IBM,F I,35,289.21
2025-11-19,9:58:37.822296827,T,IBM,F I,5,289.21
2025-11-19,9:58:37.822296827,T,IBM,F I,13,289.21
2025-11-19,9:58:37.822299761,T,IBM,F I,13,289.21
2025-11-19,9:58:37.822305789,T,IBM,I,1,289.21
2025-11-19,9:58:37.822305789,T,IBM,I,26,289.21
2025-11-19,9:58:47.812720378,T,IBM,I,20,289.33
2025-11-19,9:58:47.812720378,T,IBM,,40,289.32
2025-11-19,9:58:47.812722325,T,IBM,,40,289.32
2025-11-19,9:58:47.812752464,T,IBM,F,94,289.35
2025-11-19,9:58:47.812788564,T,IBM,I,15,289.32
2025-11-19,9:58:49.454640180,T,IBM,I,2,289.4
2025-11-19,9:58:49.454643113,T,IBM,,100,289.405
2025-11-19,9:58:49.454775543,T,IBM,F I,5,289.48
2025-11-19,9:58:49.463995474,T,IBM,I,13,289.455
2025-11-19,9:58:49.476303709,T,IBM,I,25,289.455
2025-11-19,9:58:49.476307138,T,IBM,I,2,289.45
2025-11-19,9:58:49.476307138,T,IBM,I,2,289.44
2025-11-19,9:58:49.476310031,T,IBM,I,2,289.39
2025-11-19,9:58:49.476310031,T,IBM,I,11,289.36
2025-11-19,9:58:49.477046503,T,IBM,F,80,289.51
2025-11-19,9:58:49.477073625,T,IBM,F I,24,289.51
2025-11-19,9:58:49.477073625,T,IBM,F,40,289.52
2025-11-19,9:58:49.477076586,T,IBM,F,61,289.52
2025-11-19,9:58:49.477145882,T,IBM,F,59,289.52
2025-11-19,9:58:49.477148680,T,IBM,F I,21,289.52
2025-11-19,9:58:49.477172823,T,IBM,F I,19,289.52
2025-11-19,9:58:49.538167040,T,IBM,,40,289.54
2025-11-19,9:58:49.538170039,T,IBM,,40,289.56
2025-11-19,9:58:49.538230110,T,IBM,F,80,289.58
2025-11-19,9:58:49.538236189,T,IBM,,80,289.58
2025-11-19,9:58:49.538251346,T,IBM,I,1,289.58
2025-11-19,9:58:49.538254250,T,IBM,I,20,289.58
2025-11-19,9:58:49.538260568,T,IBM,I,11,289.58
2025-11-19,9:58:49.538263256,T,IBM,,57,289.58
2025-11-19,9:58:49.548316189,T,IBM,I,2,289.58
2025-11-19,9:58:50.144539545,T,IBM,I,32,289.58
2025-11-19,9:59:12.096462774,T,IBM,I,15,289.635
2025-11-19,9:59:12.096504927,T,IBM,I,1,289.635
2025-11-19,9:59:14.249702898,T,IBM,I,1,289.63
2025-11-19,9:59:18.452980368,T,IBM,I,1,289.52
2025-11-19,9:59:18.452986383,T,IBM,,40,289.52
2025-11-19,9:59:18.452986383,T,IBM,I,1,289.51
2025-11-19,9:59:18.452986383,T,IBM,I,2,289.51
2025-11-19,9:59:18.453699136,T,IBM,F,40,289.49
2025-11-19,9:59:18.454192222,T,IBM,I,30,289.47
2025-11-19,9:59:23.386615502,T,IBM,F I,30,289.47
2025-11-19,9:59:36.388247429,T,IBM,,40,289.52
2025-11-19,9:59:36.415188572,T,IBM,,40,289.515
2025-11-19,9:59:36.443858831,T,IBM,,40,289.515
2025-11-19,9:59:41.146327831,T,IBM,F I,5,289.58
2025-11-19,9:59:41.146327831,T,IBM,F I,2,289.58
2025-11-19,9:59:41.146333813,T,IBM,F I,30,289.58
2025-11-19,9:59:41.146333813,T,IBM,F I,2,289.59
2025-11-19,9:59:41.146333813,T,IBM,F I,1,289.6
2025-11-19,9:59:43.957855981,T,IBM,F I,7,289.49
2025-11-19,9:59:43.957855981,T,IBM,F I,9,289.49
2025-11-19,9:59:43.958150700,T,IBM,F,40,289.48
2025-11-19,9:59:43.958421328,T,IBM,F I,2,289.46
2025-11-19,9:59:43.965849034,T,IBM,F,40,289.47
2025-11-19,9:59:43.965870068,T,IBM,F I,5,289.47
2025-11-19,9:59:47.198509161,T,IBM,F I,20,289.45
2025-11-19,9:59:47.198511794,T,IBM,F I,33,289.44
2025-11-19,9:59:47.198527208,T,IBM,F I,7,289.44
2025-11-19,9:59:47.198527208,T,IBM,F I,13,289.44
2025-11-19,9:59:47.199035018,T,IBM,F I,3,289.42
2025-11-19,9:59:48.199122931,T,IBM,F I,10,289.4
2025-11-19,9:59:52.081545507,T,IBM,F I,1,289.37
2025-11-19,9:59:52.081548452,T,IBM,F I,1,289.36
2025-11-19,9:59:52.081563540,T,IBM,F I,1,289.36
2025-11-19,9:59:52.517382035,T,IBM,,40,289.31
2025-11-19,9:59:57.884414931,T,IBM,I,1,289.29
2025-11-19,10:00:00.069230232,T,IBM,I,2,289.38
2025-11-19,10:00:00.069245256,T,IBM,I,32,289.38
2025-11-19,10:00:00.977925226,T,IBM,F I,2,289.29
2025-11-19,10:00:00.977927636,T,IBM,F I,1,289.28
2025-11-19,10:00:03.211485896,T,IBM,F I,20,289.25
2025-11-19,10:00:03.211489018,T,IBM,F I,2,289.25
2025-11-19,10:00:03.211489018,T,IBM,F,40,289.24
2025-11-19,10:00:03.211507745,T,IBM,F I,22,289.24
2025-11-19,10:00:03.211507745,T,IBM,F I,13,289.24
2025-11-19,10:00:03.211513032,T,IBM,I,1,289.24
2025-11-19,10:00:03.211513032,T,IBM,I,23,289.24
2025-11-19,10:00:03.212523339,T,IBM,F I,5,289.2
2025-11-19,10:00:03.212632427,T,IBM,F I,5,289.16
2025-11-19,10:00:03.289966715,T,IBM,F I,20,289.12
2025-11-19,10:00:03.289966715,T,IBM,F I,20,289.11
2025-11-19,10:00:03.289972753,T,IBM,F I,20,289.11
2025-11-19,10:00:08.618616180,T,IBM,F I,2,289.07
2025-11-19,10:00:08.618619430,T,IBM,F I,20,289.05
2025-11-19,10:00:08.618622669,T,IBM,F,40,289.05
2025-11-19,10:00:08.618622669,T,IBM,F I,4,289.04
2025-11-19,10:00:08.618625380,T,IBM,F I,2,289.04
2025-11-19,10:00:08.618625380,T,IBM,F,40,289.04
2025-11-19,10:00:08.618628216,T,IBM,F I,5,289.04
2025-11-19,10:00:08.857080812,T,IBM,,40,289.09
2025-11-19,10:00:09.619079715,T,IBM,,40,289.1
2025-11-19,10:00:09.619082736,T,IBM,I,4,289.11
2025-11-19,10:00:09.619100919,T,IBM,F,40,289.11
2025-11-19,10:00:09.619100919,T,IBM,I,10,289.11
2025-11-19,10:00:10.026883530,T,IBM,I,10,289.105
2025-11-19,10:00:10.059372896,T,IBM,I,7,289.105
2025-11-19,10:00:10.134816974,T,IBM,I,3,289.11
2025-11-19,10:00:10.134819477,T,IBM,I,22,289.13
2025-11-19,10:00:10.134975884,T,IBM,,98,289.13
2025-11-19,10:00:13.794189127,T,IBM,I,1,289.14
2025-11-19,10:00:13.794189127,T,IBM,,93,289.14
2025-11-19,10:00:13.794267266,T,IBM,I,1,289.14
2025-11-19,10:00:13.794291531,T,IBM,F,40,289.17
2025-11-19,10:00:13.794294373,T,IBM,F I,11,289.17
2025-11-19,10:00:13.794297369,T,IBM,F,40,289.17
2025-11-19,10:00:13.794297369,T,IBM,I,5,289.17
2025-11-19,10:00:13.794303450,T,IBM,,45,289.17
2025-11-19,10:00:13.794772456,T,IBM,F I,1,289.18
2025-11-19,10:00:13.794772456,T,IBM,F I,5,289.18
2025-11-19,10:00:13.794775395,T,IBM,F,40,289.18
2025-11-19,10:00:13.794919769,T,IBM,F I,3,289.19
2025-11-19,10:00:17.152448615,T,IBM,I,5,289.16
2025-11-19,10:00:17.152451983,T,IBM,,100,289.16
2025-11-19,10:00:17.152451983,T,IBM,I,2,289.16
2025-11-19,10:00:17.152454954,T,IBM,I,1,289.15
2025-11-19,10:00:17.152454954,T,IBM,I,1,289.15
2025-11-19,10:00:17.152938859,T,IBM,F,40,289.12
2025-11-19,10:00:17.152944803,T,IBM,F I,35,289.12
2025-11-19,10:00:17.152944803,T,IBM,F I,13,289.12
2025-11-19,10:00:17.376316578,T,IBM,F,67,289.12
2025-11-19,10:00:19.727072822,T,IBM,,100,289.08
2025-11-19,10:00:20.617203889,T,IBM,I,5,289.105
2025-11-19,10:00:23.444934704,T,IBM,,40,289.11
2025-11-19,10:00:23.483639917,T,IBM,,40,289.11
2025-11-19,10:00:23.534304487,T,IBM,,80,289.19
2025-11-19,10:00:31.684880921,T,IBM,F I,20,289.14
2025-11-19,10:00:31.684884088,T,IBM,F,40,289.13
2025-11-19,10:00:31.684884088,T,IBM,F I,20,289.13
2025-11-19,10:00:31.684902060,T,IBM,F I,20,289.13
2025-11-19,10:00:35.515845172,T,IBM,F,48,289.02
2025-11-19,10:00:35.515848494,T,IBM,F I,2,289.02
2025-11-19,10:00:35.515854247,T,IBM,F,40,289.02
2025-11-19,10:00:35.515875267,T,IBM,F I,20,289.0
2025-11-19,10:00:35.515875267,T,IBM,F,40,289.0
2025-11-19,10:00:37.318672911,T,IBM,F,100,288.96
2025-11-19,10:00:39.510251491,T,IBM,F I,2,288.95
2025-11-19,10:00:39.510251491,T,IBM,F I,2,288.94
2025-11-19,10:00:39.510254354,T,IBM,F I,20,288.93
2025-11-19,10:00:42.217418894,T,IBM,F I,20,288.93
2025-11-19,10:00:42.217422114,T,IBM,F I,30,288.93
2025-11-19,10:00:42.217424997,T,IBM,F I,7,288.92
2025-11-19,10:00:42.217443029,T,IBM,F I,33,288.92
2025-11-19,10:00:42.217446046,T,IBM,F I,17,288.92
2025-11-19,10:00:58.532813758,T,IBM,F,40,288.94
2025-11-19,10:00:58.533141970,T,IBM,F I,20,288.92
2025-11-19,10:00:58.533141970,T,IBM,F I,2,288.92
2025-11-19,10:00:58.533144591,T,IBM,F I,2,288.91
2025-11-19,10:00:58.533147584,T,IBM,F I,18,288.91
2025-11-19,10:00:58.533147584,T,IBM,F I,22,288.91
2025-11-19,10:00:58.533189751,T,IBM,F I,11,288.9
2025-11-19,10:00:58.756859196,T,IBM,F I,20,288.93
2025-11-19,10:00:58.757018498,T,IBM,F I,29,288.9
2025-11-19,10:01:00.515374067,T,IBM,I,20,288.91
2025-11-19,10:01:00.515379583,T,IBM,I,10,288.91
2025-11-19,10:01:00.515379583,T,IBM,I,1,288.91
2025-11-19,10:01:00.515382574,T,IBM,I,18,288.9
2025-11-19,10:01:00.517222979,T,IBM,I,31,288.9
2025-11-19,10:01:07.646763722,T,IBM,F I,18,288.91
2025-11-19,10:01:10.141319240,T,IBM,I,1,288.9
2025-11-19,10:01:10.141322291,T,IBM,I,1,288.9
2025-11-19,10:01:10.141322291,T,IBM,I,20,288.9
2025-11-19,10:01:10.141463624,T,IBM,F,40,288.89
2025-11-19,10:01:10.141466584,T,IBM,F,80,288.89
2025-11-19,10:01:10.142368759,T,IBM,F I,30,288.88
2025-11-19,10:01:10.187067194,T,IBM,F I,3,288.98
2025-11-19,10:01:13.337090131,T,IBM,,80,289.08
2025-11-19,10:01:13.337123349,T,IBM,F I,20,289.08
2025-11-19,10:01:13.337126488,T,IBM,F I,20,289.1
2025-11-19,10:01:13.337129765,T,IBM,I,32,289.1
2025-11-19,10:01:13.337132932,T,IBM,I,8,289.1
2025-11-19,10:01:13.337132932,T,IBM,I,32,289.1
2025-11-19,10:01:13.337135195,T,IBM,I,8,289.11
2025-11-19,10:01:13.337144270,T,IBM,F I,32,289.11
2025-11-19,10:01:13.337144270,T,IBM,F I,5,289.11
2025-11-19,10:01:13.337147247,T,IBM,F I,3,289.11
2025-11-19,10:01:13.337150278,T,IBM,F I,31,289.11
2025-11-19,10:01:13.342298512,T,IBM,I,4,289.09
2025-11-19,10:01:14.916386887,T,IBM,F,80,289.14
2025-11-19,10:01:14.916390711,T,IBM,F,40,289.14
2025-11-19,10:01:14.916390711,T,IBM,F I,35,289.16
2025-11-19,10:01:14.916402258,T,IBM,F I,5,289.16
2025-11-19,10:01:14.916402258,T,IBM,F I,15,289.16
2025-11-19,10:01:14.916405617,T,IBM,F,95,289.16
2025-11-19,10:01:14.916408074,T,IBM,F I,5,289.16
2025-11-19,10:01:14.916410941,T,IBM,F,40,289.16
2025-11-19,10:01:14.916437965,T,IBM,F,40,289.17
2025-11-19,10:01:15.999216833,T,IBM,,40,289.25
2025-11-19,10:01:15.999234912,T,IBM,F I,11,289.25
2025-11-19,10:01:15.999237927,T,IBM,I,1,289.25
2025-11-19,10:01:15.999237927,T,IBM,I,10,289.25
2025-11-19,10:01:29.054622787,T,IBM,F I,2,289.17
2025-11-19,10:01:29.054625602,T,IBM,F I,5,289.16
2025-11-19,10:01:29.054688695,T,IBM,F I,20,289.15
2025-11-19,10:01:29.054691917,T,IBM,F I,2,289.15
2025-11-19,10:01:29.054721792,T,IBM,,60,289.14
2025-11-19,10:01:29.054721792,T,IBM,,120,289.14
2025-11-19,10:01:29.054742815,T,IBM,F,40,289.13
2025-11-19,10:01:34.780605555,T,IBM,I,2,289.07
2025-11-19,10:01:34.780605555,T,IBM,,40,289.07
2025-11-19,10:01:34.780608310,T,IBM,I,8,289.07
2025-11-19,10:01:34.780608310,T,IBM,,50,289.07
2025-11-19,10:01:34.782950494,T,IBM,I,2,289.09
2025-11-19,10:01:34.782954233,T,IBM,I,5,289.1
2025-11-19,10:01:34.782954233,T,IBM,I,2,289.11
2025-11-19,10:01:34.782956740,T,IBM,I,2,289.12
2025-11-19,10:01:34.782960473,T,IBM,,45,289.12
2025-11-19,10:01:34.782960473,T,IBM,I,5,289.13
2025-11-19,10:01:34.782966359,T,IBM,I,24,289.13
2025-11-19,10:01:34.782977625,T,IBM,,56,289.13
2025-11-19,10:01:50.233459463,T,IBM,F I,20,289.09
2025-11-19,10:01:50.233462474,T,IBM,F,40,289.08
2025-11-19,10:01:50.233465467,T,IBM,F I,20,289.08
2025-11-19,10:01:50.233480508,T,IBM,F I,20,289.08
2025-11-19,10:01:50.233549646,T,IBM,F,40,289.06
2025-11-19,10:01:50.233904514,T,IBM,F I,3,289.02
2025-11-19,10:01:52.034167255,T,IBM,F I,31,288.91
2025-11-19,10:01:52.034170295,T,IBM,I,9,288.91
2025-11-19,10:01:54.750563941,T,IBM,I,5,288.9
2025-11-19,10:01:54.750563941,T,IBM,I,12,288.9
2025-11-19,10:01:54.751583473,T,IBM,F I,17,288.91
2025-11-19,10:02:00.190511431,T,IBM,I,2,288.97
2025-11-19,10:02:00.190514384,T,IBM,I,2,288.98
2025-11-19,10:02:00.190514384,T,IBM,I,4,289.0
2025-11-19,10:02:00.201093555,T,IBM,F I,1,289.05
2025-11-19,10:02:03.837548555,T,IBM,F,100,289.12
2025-11-19,10:02:03.844122302,T,IBM,,40,289.095
2025-11-19,10:02:19.697136695,T,IBM,F I,10,289.2
2025-11-19,10:02:19.697139789,T,IBM,F I,5,289.2
2025-11-19,10:02:19.697142292,T,IBM,F I,2,289.21
2025-11-19,10:02:19.697142292,T,IBM,F I,1,289.23
2025-11-19,10:02:19.697145242,T,IBM,F I,20,289.24
2025-11-19,10:02:21.279172525,T,IBM,I,20,289.24
2025-11-19,10:02:21.279172525,T,IBM,I,20,289.25
2025-11-19,10:02:21.279253591,T,IBM,I,20,289.25
2025-11-19,10:02:21.279253591,T,IBM,,40,289.25
2025-11-19,10:02:21.279256702,T,IBM,F,63,289.25
2025-11-19,10:02:21.289661483,T,IBM,F I,5,289.2
2025-11-19,10:02:21.289664470,T,IBM,F I,2,289.2
2025-11-19,10:02:21.289664470,T,IBM,F I,2,289.19
2025-11-19,10:02:21.587511386,T,IBM,,40,289.205
2025-11-19,10:02:24.286367740,T,IBM,F I,10,289.15
2025-11-19,10:02:24.286367740,T,IBM,F I,30,289.14
2025-11-19,10:02:24.286385443,T,IBM,I,1,289.14
2025-11-19,10:02:24.286463577,T,IBM,I,9,289.14
2025-11-19,10:02:24.286860623,T,IBM,,40,289.1
2025-11-19,10:02:24.287901062,T,IBM,I,6,289.13
2025-11-19,10:02:24.287904098,T,IBM,I,34,289.13
2025-11-19,10:02:24.294149997,T,IBM,,40,289.02
2025-11-19,10:02:24.294152941,T,IBM,,40,289.01
2025-11-19,10:02:31.279025371,T,IBM,F,40,289.12
2025-11-19,10:02:31.279058744,T,IBM,I,5,289.12
2025-11-19,10:02:31.279058744,T,IBM,,43,289.12
2025-11-19,10:02:31.526288913,T,IBM,I,2,289.08
2025-11-19,10:02:31.526291905,T,IBM,,57,289.06
2025-11-19,10:02:47.303898565,T,IBM,F I,13,289.11
2025-11-19,10:02:50.194181187,T,IBM,F I,20,289.03
2025-11-19,10:02:50.194512370,T,IBM,,41,289.03
2025-11-19,10:02:50.194515001,T,IBM,,40,289.02
2025-11-19,10:02:50.194518569,T,IBM,I,19,289.02
2025-11-19,10:02:50.194518569,T,IBM,,40,289.02
2025-11-19,10:02:50.194521028,T,IBM,I,21,289.02
2025-11-19,10:02:50.296021664,T,IBM,I,10,289.025
2025-11-19,10:02:50.296033675,T,IBM,I,30,289.025
2025-11-19,10:02:50.296042655,T,IBM,I,10,289.03
2025-11-19,10:02:58.653553874,T,IBM,I,1,288.98
2025-11-19,10:02:58.654050082,T,IBM,F,40,288.97
2025-11-19,10:02:58.654053050,T,IBM,F,80,288.97
2025-11-19,10:03:00.432143986,T,IBM,F I,8,288.9
2025-11-19,10:03:09.660483125,T,IBM,F,40,288.92
2025-11-19,10:03:12.337645548,T,IBM,F I,1,288.85
2025-11-19,10:03:12.337645548,T,IBM,F I,20,288.85
2025-11-19,10:03:12.337651908,T,IBM,F,61,288.85
2025-11-19,10:03:12.337651908,T,IBM,F I,2,288.85
2025-11-19,10:03:12.337655289,T,IBM,F I,2,288.84
2025-11-19,10:03:12.337655289,T,IBM,F I,2,288.84
2025-11-19,10:03:12.337657549,T,IBM,F I,10,288.84
2025-11-19,10:03:12.337711707,T,IBM,F I,30,288.84
2025-11-19,10:03:14.867884414,T,IBM,I,20,288.8
2025-11-19,10:03:14.867886984,T,IBM,,60,288.8
2025-11-19,10:03:14.868025262,T,IBM,I,1,288.8
2025-11-19,10:03:14.868028430,T,IBM,I,1,288.8
2025-11-19,10:03:14.868028430,T,IBM,,78,288.79
2025-11-19,10:03:14.868031296,T,IBM,I,2,288.79
2025-11-19,10:03:14.868106444,T,IBM,I,11,288.84
2025-11-19,10:03:14.868139555,T,IBM,,45,288.82
2025-11-19,10:03:14.868377126,T,IBM,I,37,288.88
2025-11-19,10:03:16.668809020,T,IBM,I,4,288.82
2025-11-19,10:03:16.668811276,T,IBM,I,36,288.8
2025-11-19,10:03:16.668829270,T,IBM,I,1,288.8
2025-11-19,10:03:16.669376621,T,IBM,F I,3,288.8
2025-11-19,10:03:20.672335176,T,IBM,I,6,288.88
2025-11-19,10:03:25.664188944,T,IBM,F I,4,288.82
2025-11-19,10:03:29.277991004,T,IBM,F I,2,288.85
2025-11-19,10:03:29.277994070,T,IBM,F I,2,288.85
2025-11-19,10:03:29.278045135,T,IBM,F I,2,288.86
2025-11-19,10:03:29.278048188,T,IBM,F I,5,288.86
2025-11-19,10:03:30.089764518,T,IBM,F I,3,288.82
2025-11-19,10:03:30.089767564,T,IBM,F I,1,288.8
2025-11-19,10:03:30.089954028,T,IBM,F I,2,288.82
2025-11-19,10:03:33.143315021,T,IBM,,40,288.95
2025-11-19,10:03:33.143317815,T,IBM,,40,288.95
2025-11-19,10:03:33.143317815,T,IBM,,40,288.95
2025-11-19,10:03:33.143330014,T,IBM,I,1,288.95
2025-11-19,10:03:33.143336289,T,IBM,I,39,288.95
2025-11-19,10:03:33.143336289,T,IBM,I,10,288.95
2025-11-19,10:03:33.143338898,T,IBM,,81,288.95
2025-11-19,10:03:33.143362957,T,IBM,F I,16,288.95
2025-11-19,10:03:33.144109571,T,IBM,,120,288.96
2025-11-19,10:03:33.144111712,T,IBM,I,24,288.96
2025-11-19,10:03:33.144133312,T,IBM,I,16,288.96
2025-11-19,10:03:33.144135853,T,IBM,,58,288.96
2025-11-19,10:03:33.144367358,T,IBM,,40,288.98
2025-11-19,10:03:33.144367358,T,IBM,I,5,289.0
2025-11-19,10:03:33.144634995,T,IBM,I,35,289.0
2025-11-19,10:03:33.144634995,T,IBM,I,5,289.0
2025-11-19,10:03:33.231325346,T,IBM,I,5,288.94
2025-11-19,10:03:44.158279319,T,IBM,F,100,288.92
2025-11-19,10:03:45.161699052,T,IBM,F I,20,288.88
2025-11-19,10:03:45.161852398,T,IBM,F,40,288.87
2025-11-19,10:03:45.161873507,T,IBM,F I,38,288.86
2025-11-19,10:03:45.161942596,T,IBM,I,24,288.87
2025-11-19,10:03:45.162471901,T,IBM,F I,36,288.87
2025-11-19,10:03:50.682734529,T,IBM,I,20,288.8
2025-11-19,10:03:50.760397329,T,IBM,F,80,288.79
2025-11-19,10:03:50.760397329,T,IBM,F I,7,288.79
2025-11-19,10:03:50.760400360,T,IBM,F,57,288.79
2025-11-19,10:03:50.760400360,T,IBM,F I,4,288.78
2025-11-19,10:03:50.761224301,T,IBM,F I,35,288.75
2025-11-19,10:03:50.761888852,T,IBM,,100,288.68
2025-11-19,10:03:50.761892269,T,IBM,,45,288.71
2025-11-19,10:03:50.761892269,T,IBM,,100,288.71
2025-11-19,10:03:50.761895058,T,IBM,,100,288.72
2025-11-19,10:03:50.761897880,T,IBM,I,11,288.73
2025-11-19,10:03:50.762264751,T,IBM,F I,3,288.73
2025-11-19,10:03:50.769151314,T,IBM,F I,20,288.71
2025-11-19,10:03:50.769151314,T,IBM,F I,20,288.7
2025-11-19,10:03:50.769160274,T,IBM,F I,20,288.7
2025-11-19,10:04:01.521319920,T,IBM,I,15,288.755
2025-11-19,10:04:10.078963313,T,IBM,F I,2,288.81
2025-11-19,10:04:16.176044075,T,IBM,F I,5,288.74
2025-11-19,10:04:18.460898454,T,IBM,F I,2,288.71
2025-11-19,10:04:18.460901943,T,IBM,F I,5,288.7
2025-11-19,10:04:18.460901943,T,IBM,F I,2,288.7
2025-11-19,10:04:18.460904603,T,IBM,F I,20,288.67
2025-11-19,10:04:18.460907462,T,IBM,F I,1,288.67
2025-11-19,10:04:18.460907462,T,IBM,F I,10,288.67
2025-11-19,10:04:18.749823580,T,IBM,,43,288.66
2025-11-19,10:04:18.760706247,T,IBM,I,2,288.64
2025-11-19,10:04:18.790735717,T,IBM,I,17,288.63
2025-11-19,10:04:20.323530602,T,IBM,F I,2,288.7
2025-11-19,10:04:20.323534184,T,IBM,F,52,288.71
2025-11-19,10:04:20.323538711,T,IBM,F,74,288.71
2025-11-19,10:04:20.323554750,T,IBM,F I,8,288.72
2025-11-19,10:04:20.323557329,T,IBM,F,40,288.72
2025-11-19,10:04:20.323557329,T,IBM,F,80,288.72
2025-11-19,10:04:20.323563117,T,IBM,I,10,288.72
2025-11-19,10:04:20.323563117,T,IBM,I,20,288.72
2025-11-19,10:04:20.323563117,T,IBM,,40,288.72
2025-11-19,10:04:20.323619874,T,IBM,F I,1,288.72
2025-11-19,10:04:21.806765673,T,IBM,F I,5,288.72
2025-11-19,10:04:30.163161281,T,IBM,F,100,288.68
2025-11-19,10:04:30.163215398,T,IBM,F I,10,288.67
2025-11-19,10:04:30.163218507,T,IBM,F,100,288.67
2025-11-19,10:04:30.163218507,T,IBM,F I,1,288.67
2025-11-19,10:04:30.900513725,T,IBM,,52,288.81
2025-11-19,10:04:30.900517666,T,IBM,,125,288.82
2025-11-19,10:04:30.900520620,T,IBM,I,1,288.82
2025-11-19,10:04:30.900520620,T,IBM,I,4,288.82
2025-11-19,10:04:30.900525751,T,IBM,I,32,288.82
2025-11-19,10:04:30.900525751,T,IBM,F I,8,288.82
2025-11-19,10:04:30.900528891,T,IBM,F I,3,288.82
2025-11-19,10:04:30.900531953,T,IBM,F I,1,288.82
2025-11-19,10:04:30.900531953,T,IBM,F,40,288.82
2025-11-19,10:04:31.064151277,T,IBM,I,30,288.85
2025-11-19,10:04:31.064155258,T,IBM,I,13,288.88
2025-11-19,10:04:31.064175292,T,IBM,F I,27,288.88
2025-11-19,10:04:31.064175292,T,IBM,F I,3,288.88
2025-11-19,10:04:31.064181658,T,IBM,F I,8,288.88
2025-11-19,10:04:31.064181658,T,IBM,F I,30,288.88
2025-11-19,10:04:31.064193286,T,IBM,I,1,288.88
2025-11-19,10:04:31.064196528,T,IBM,I,1,288.88
2025-11-19,10:04:31.064650380,T,IBM,F I,1,288.89
2025-11-19,10:04:31.064653377,T,IBM,F,48,288.89
2025-11-19,10:04:31.064822073,T,IBM,F I,1,288.9
2025-11-19,10:04:31.064822073,T,IBM,F,40,288.9
2025-11-19,10:04:31.064930233,T,IBM,F I,1,288.91
2025-11-19,10:04:31.065287876,T,IBM,F I,4,288.94
2025-11-19,10:04:31.065290910,T,IBM,F I,29,288.94
2025-11-19,10:04:32.924479050,T,IBM,F,40,289.0
2025-11-19,10:04:32.924479050,T,IBM,F I,5,289.0
2025-11-19,10:04:32.924479050,T,IBM,F,48,289.0
2025-11-19,10:04:51.741788248,T,IBM,F,100,288.88
2025-11-19,10:04:51.741788248,T,IBM,F,40,288.87
2025-11-19,10:04:51.741791188,T,IBM,F I,20,288.87
2025-11-19,10:04:51.741806297,T,IBM,F,100,288.87
2025-11-19,10:04:51.742434744,T,IBM,F,40,288.83
2025-11-19,10:04:51.742443777,T,IBM,F,40,288.83
2025-11-19,10:04:51.742447053,T,IBM,F,40,288.82
2025-11-19,10:04:55.012482429,T,IBM,,100,288.85
2025-11-19,10:04:55.012503511,T,IBM,,45,288.85
2025-11-19,10:05:03.680774280,T,IBM,I,7,288.92
2025-11-19,10:05:07.083732555,T,IBM,F I,1,288.81
2025-11-19,10:05:10.585960014,T,IBM,F,100,288.79
2025-11-19,10:05:10.736375156,T,IBM,F I,20,288.77
2025-11-19,10:05:10.736381060,T,IBM,F,80,288.76
2025-11-19,10:05:10.736381060,T,IBM,F I,9,288.76
2025-11-19,10:05:10.736384521,T,IBM,F,80,288.76
2025-11-19,10:05:10.736384521,T,IBM,F I,1,288.76
2025-11-19,10:05:10.736387198,T,IBM,F I,20,288.76
2025-11-19,10:05:10.736399088,T,IBM,I,1,288.76
2025-11-19,10:05:10.736405120,T,IBM,F I,19,288.76
2025-11-19,10:05:10.736444287,T,IBM,F,40,288.75
2025-11-19,10:05:10.736609616,T,IBM,,51,288.76
2025-11-19,10:05:10.736796088,T,IBM,I,11,288.77
2025-11-19,10:05:10.736830156,T,IBM,I,34,288.77
2025-11-19,10:05:10.736830156,T,IBM,,66,288.775
2025-11-19,10:05:10.736835120,T,IBM,I,11,288.775
2025-11-19,10:05:10.736916406,T,IBM,I,11,288.78
2025-11-19,10:05:10.736994559,T,IBM,I,10,288.8
2025-11-19,10:05:10.739111554,T,IBM,F,40,288.74
2025-11-19,10:05:18.089949230,T,IBM,I,30,288.8
2025-11-19,10:05:18.089952260,T,IBM,I,10,288.81
2025-11-19,10:05:18.123085215,T,IBM,,40,288.83
2025-11-19,10:05:33.308669112,T,IBM,F I,10,288.81
2025-11-19,10:05:33.308675140,T,IBM,F I,10,288.81
2025-11-19,10:05:33.308678122,T,IBM,I,10,288.81
2025-11-19,10:05:33.308759378,T,IBM,F I,10,288.8
2025-11-19,10:05:33.441246256,T,IBM,F,40,288.82
2025-11-19,10:05:33.441266794,T,IBM,F,40,288.82
2025-11-19,10:05:33.441270489,T,IBM,F I,20,288.82
2025-11-19,10:05:33.441270489,T,IBM,F I,16,288.82
2025-11-19,10:05:33.441272888,T,IBM,,60,288.82
2025-11-19,10:05:33.441275842,T,IBM,I,1,288.82
2025-11-19,10:05:34.759072870,T,IBM,F,40,288.81
2025-11-19,10:05:34.759075948,T,IBM,F,80,288.81
2025-11-19,10:05:34.759075948,T,IBM,F I,11,288.81
2025-11-19,10:05:35.594795411,T,IBM,F I,28,288.75
2025-11-19,10:05:35.594954761,T,IBM,F I,3,288.72
2025-11-19,10:05:35.595733612,T,IBM,I,28,288.7
2025-11-19,10:05:35.595787772,T,IBM,F I,5,288.68
2025-11-19,10:05:35.595823920,T,IBM,I,5,288.68
2025-11-19,10:05:35.595847880,T,IBM,F,60,288.68
2025-11-19,10:05:35.596235862,T,IBM,F I,6,288.68
2025-11-19,10:05:35.596238812,T,IBM,F I,10,288.68
2025-11-19,10:05:35.596238812,T,IBM,F I,6,288.68
2025-11-19,10:05:52.729427497,T,IBM,F I,7,288.8
2025-11-19,10:05:52.729427497,T,IBM,F I,3,288.8
2025-11-19,10:05:52.729433492,T,IBM,F I,5,288.8
2025-11-19,10:05:52.729445854,T,IBM,I,1,288.81
2025-11-19,10:05:52.729445854,T,IBM,I,4,288.81
2025-11-19,10:05:52.729448517,T,IBM,I,2,288.81
2025-11-19,10:05:52.729454551,T,IBM,I,7,288.81
2025-11-19,10:05:52.729469536,T,IBM,I,3,288.81
2025-11-19,10:05:52.729469536,T,IBM,I,4,288.81
2025-11-19,10:05:52.729710204,T,IBM,I,7,288.81
2025-11-19,10:05:52.729710204,T,IBM,I,4,288.81
2025-11-19,10:05:52.729776308,T,IBM,,40,288.81
2025-11-19,10:05:52.730040985,T,IBM,F I,5,288.8
2025-11-19,10:05:52.730230357,T,IBM,F I,15,288.8
2025-11-19,10:05:52.730236444,T,IBM,F I,32,288.8
2025-11-19,10:05:52.730236444,T,IBM,F I,5,288.79
2025-11-19,10:05:52.730239522,T,IBM,F I,10,288.79
2025-11-19,10:05:52.730243251,T,IBM,F,78,288.79
2025-11-19,10:05:52.730243251,T,IBM,F I,22,288.79
2025-11-19,10:05:52.730245392,T,IBM,F I,8,288.78
2025-11-19,10:05:52.730326575,T,IBM,F I,32,288.78
2025-11-19,10:05:52.730326575,T,IBM,F,80,288.78
2025-11-19,10:05:52.730377745,T,IBM,F I,4,288.77
2025-11-19,10:05:52.730407856,T,IBM,F I,16,288.77
2025-11-19,10:05:53.574219580,T,IBM,,40,288.795
2025-11-19,10:05:53.574222564,T,IBM,I,30,288.8
2025-11-19,10:05:53.574222564,T,IBM,I,10,288.8
2025-11-19,10:05:53.574255598,T,IBM,,90,288.8
2025-11-19,10:05:54.323528526,T,IBM,I,26,288.81
2025-11-19,10:05:55.215665380,T,IBM,I,7,288.82
2025-11-19,10:06:01.011549256,T,IBM,,40,288.8
2025-11-19,10:06:01.039957777,T,IBM,,40,288.83
2025-11-19,10:06:03.759202258,T,IBM,F,40,288.83
2025-11-19,10:06:03.759202258,T,IBM,F,87,288.84
2025-11-19,10:06:03.759205632,T,IBM,F I,1,288.84
2025-11-19,10:06:03.759223884,T,IBM,I,1,288.84
2025-11-19,10:06:03.759226286,T,IBM,I,38,288.84
2025-11-19,10:06:03.759229312,T,IBM,I,1,288.84
2025-11-19,10:06:09.083858412,T,IBM,I,2,288.94
2025-11-19,10:06:09.083858412,T,IBM,I,14,288.94
2025-11-19,10:06:09.083879673,T,IBM,,40,288.9
2025-11-19,10:06:09.083882243,T,IBM,,66,288.94
2025-11-19,10:06:09.083885247,T,IBM,I,5,288.94
2025-11-19,10:06:09.083900219,T,IBM,I,1,288.94
2025-11-19,10:06:09.083906321,T,IBM,F I,19,288.94
2025-11-19,10:06:09.084050905,T,IBM,F I,8,288.885
2025-11-19,10:06:09.084056706,T,IBM,I,8,288.885
2025-11-19,10:06:09.084062621,T,IBM,F I,8,288.885
2025-11-19,10:06:09.084068898,T,IBM,F I,16,288.885
2025-11-19,10:06:09.084092865,T,IBM,F I,8,288.88
2025-11-19,10:06:09.084104779,T,IBM,I,12,288.88
2025-11-19,10:06:09.084387524,T,IBM,I,29,288.85
2025-11-19,10:06:09.084390926,T,IBM,I,21,288.85
2025-11-19,10:06:09.084409461,T,IBM,I,9,288.85
2025-11-19,10:06:09.084409461,T,IBM,I,1,288.85
2025-11-19,10:06:09.084411669,T,IBM,F I,29,288.85
2025-11-19,10:06:09.084502061,T,IBM,F,40,288.84
2025-11-19,10:06:09.084502061,T,IBM,F I,20,288.83
2025-11-19,10:06:09.084586112,T,IBM,F I,20,288.82
2025-11-19,10:06:09.084591862,T,IBM,,50,288.83
2025-11-19,10:06:09.084595069,T,IBM,,50,288.83
2025-11-19,10:06:09.084598736,T,IBM,,100,288.83
2025-11-19,10:06:09.084598736,T,IBM,,400,288.83
2025-11-19,10:06:09.084609986,T,IBM,F I,1,288.82
2025-11-19,10:06:09.084613034,T,IBM,F,40,288.81
2025-11-19,10:06:09.084615978,T,IBM,F,79,288.81
2025-11-19,10:06:09.084622022,T,IBM,,40,288.83
2025-11-19,10:06:09.084658065,T,IBM,F I,1,288.81
2025-11-19,10:06:09.084817441,T,IBM,I,8,288.85
2025-11-19,10:06:09.084820561,T,IBM,,52,288.87
2025-11-19,10:06:09.084823476,T,IBM,I,5,288.88
2025-11-19,10:06:09.084823476,T,IBM,,40,288.88
2025-11-19,10:06:09.084826449,T,IBM,I,22,288.88
2025-11-19,10:06:09.085079188,T,IBM,F,40,288.82
2025-11-19,10:06:09.085082620,T,IBM,F I,18,288.82
2025-11-19,10:06:09.085085166,T,IBM,F I,33,288.82
2025-11-19,10:06:09.085085166,T,IBM,F,49,288.82
2025-11-19,10:06:21.469963970,T,IBM,F,40,288.83
2025-11-19,10:06:21.469967959,T,IBM,F,51,288.83
2025-11-19,10:06:21.469967959,T,IBM,F,40,288.83
2025-11-19,10:06:21.469972904,T,IBM,F,40,288.83
2025-11-19,10:06:21.469972904,T,IBM,F I,10,288.83
2025-11-19,10:06:21.469972904,T,IBM,F I,2,288.83
2025-11-19,10:06:21.469976089,T,IBM,F I,10,288.82
2025-11-19,10:06:21.470033082,T,IBM,I,10,288.83
2025-11-19,10:06:21.470033082,T,IBM,I,10,288.83
2025-11-19,10:06:21.470048086,T,IBM,I,10,288.83
2025-11-19,10:06:21.470069160,T,IBM,,50,288.83
2025-11-19,10:06:22.262921650,T,IBM,F I,2,288.685
2025-11-19,10:06:22.262921650,T,IBM,F I,17,288.7
2025-11-19,10:06:24.503721298,T,IBM,F,40,288.685
2025-11-19,10:06:24.503721298,T,IBM,F,40,288.73
2025-11-19,10:06:24.503763325,T,IBM,F,40,288.74
2025-11-19,10:06:24.569133063,T,IBM,F,72,288.69
2025-11-19,10:06:24.569184086,T,IBM,I,30,288.69
2025-11-19,10:06:24.569191178,T,IBM,I,20,288.68
2025-11-19,10:06:24.569193581,T,IBM,I,17,288.68
2025-11-19,10:06:24.569208127,T,IBM,I,23,288.68
2025-11-19,10:06:24.569211264,T,IBM,I,15,288.69
2025-11-19,10:06:24.569214193,T,IBM,I,1,288.69
2025-11-19,10:06:28.993337593,T,IBM,F I,12,288.73
2025-11-19,10:06:28.993340601,T,IBM,F I,10,288.75
2025-11-19,10:06:28.993367617,T,IBM,I,1,288.74
2025-11-19,10:06:28.993692391,T,IBM,I,11,288.74
2025-11-19,10:06:28.993692391,T,IBM,I,1,288.75
2025-11-19,10:06:30.274739090,T,IBM,F,40,288.65
2025-11-19,10:06:30.274742124,T,IBM,F,80,288.65
2025-11-19,10:06:30.386855087,T,IBM,F I,12,288.59
2025-11-19,10:06:30.386939189,T,IBM,F I,1,288.56
2025-11-19,10:06:30.387703072,T,IBM,F I,11,288.56
2025-11-19,10:06:35.303081897,T,IBM,F I,10,288.59
2025-11-19,10:06:40.045305388,T,IBM,F,40,288.62
2025-11-19,10:06:40.045305388,T,IBM,F I,1,288.62
2025-11-19,10:06:40.045308574,T,IBM,F,63,288.62
2025-11-19,10:06:40.045308574,T,IBM,F I,4,288.62
2025-11-19,10:06:40.045311494,T,IBM,F I,5,288.62
2025-11-19,10:06:40.045320486,T,IBM,I,1,288.62
2025-11-19,10:06:40.045326450,T,IBM,F I,9,288.62
2025-11-19,10:06:40.045326450,T,IBM,F I,20,288.62
2025-11-19,10:06:40.045329482,T,IBM,F,65,288.62
2025-11-19,10:06:40.045332468,T,IBM,I,12,288.62
2025-11-19,10:06:40.047142966,T,IBM,F,70,288.59
2025-11-19,10:06:40.047257732,T,IBM,F,80,288.57
2025-11-19,10:06:40.047257732,T,IBM,F I,30,288.56
2025-11-19,10:06:40.047260067,T,IBM,F I,22,288.56
2025-11-19,10:06:40.098679479,T,IBM,,40,288.61
2025-11-19,10:06:41.048081643,T,IBM,,40,288.64
2025-11-19,10:06:44.626092562,T,IBM,,40,288.51
2025-11-19,10:06:44.626143902,T,IBM,F,80,288.51
2025-11-19,10:06:44.626143902,T,IBM,F I,2,288.5
2025-11-19,10:06:44.627728640,T,IBM,F,40,288.45
2025-11-19,10:06:44.627728640,T,IBM,F,50,288.45
2025-11-19,10:06:44.628537464,T,IBM,F I,4,288.45
2025-11-19,10:06:44.628537464,T,IBM,F I,1,288.45
2025-11-19,10:07:04.285478057,T,IBM,I,1,288.5
2025-11-19,10:07:04.285517169,T,IBM,I,39,288.5
2025-11-19,10:07:14.858041034,T,IBM,F I,1,288.5
2025-11-19,10:07:14.858086149,T,IBM,F I,2,288.5
2025-11-19,10:07:14.858149392,T,IBM,F I,2,288.5
2025-11-19,10:07:15.146580974,T,IBM,F I,6,288.55
2025-11-19,10:07:18.312996393,T,IBM,F,40,288.56
2025-11-19,10:07:18.312999358,T,IBM,F I,10,288.57
2025-11-19,10:07:18.313002804,T,IBM,F I,10,288.57
2025-11-19,10:07:18.313002804,T,IBM,F,40,288.57
2025-11-19,10:07:18.313008345,T,IBM,F,40,288.57
2025-11-19,10:07:18.313008345,T,IBM,F,54,288.57
2025-11-19,10:07:18.313008345,T,IBM,F I,2,288.57
2025-11-19,10:07:18.313010927,T,IBM,F I,4,288.57
2025-11-19,10:07:18.313020524,T,IBM,I,36,288.57
2025-11-19,10:07:18.313020524,T,IBM,I,4,288.57
2025-11-19,10:07:18.313023048,T,IBM,,40,288.57
2025-11-19,10:07:18.313023048,T,IBM,I,1,288.57
2025-11-19,10:07:24.080402095,T,IBM,I,5,288.63
2025-11-19,10:07:24.080405022,T,IBM,I,3,288.63
2025-11-19,10:07:24.080408540,T,IBM,,40,288.63
2025-11-19,10:07:24.080408540,T,IBM,I,1,288.63
2025-11-19,10:07:31.878232768,T,IBM,F I,1,288.61
2025-11-19,10:07:31.878310964,T,IBM,F I,2,288.61
2025-11-19,10:07:31.885404792,T,IBM,F,80,288.56
2025-11-19,10:07:44.465168700,T,IBM,F,100,288.53
2025-11-19,10:07:44.465171799,T,IBM,F I,20,288.5
2025-11-19,10:07:44.465307025,T,IBM,,80,288.5
2025-11-19,10:07:44.465310453,T,IBM,I,20,288.5
2025-11-19,10:07:44.465310453,T,IBM,I,20,288.5
2025-11-19,10:07:44.465457477,T,IBM,F,40,288.49
2025-11-19,10:07:44.465460390,T,IBM,F,80,288.49
2025-11-19,10:07:49.076141729,T,IBM,I,6,288.49
2025-11-19,10:07:49.083939332,T,IBM,F I,28,288.46
2025-11-19,10:07:49.083942303,T,IBM,F,60,288.46
2025-11-19,10:07:49.326722582,T,IBM,F I,1,288.43
2025-11-19,10:07:49.326725372,T,IBM,F I,1,288.43
2025-11-19,10:07:49.326821586,T,IBM,F I,9,288.41
2025-11-19,10:07:49.326821586,T,IBM,F I,1,288.41
2025-11-19,10:07:50.535497927,T,IBM,I,5,288.43
2025-11-19,10:07:50.535518988,T,IBM,I,32,288.43
2025-11-19,10:07:50.535521997,T,IBM,I,4,288.43
2025-11-19,10:07:50.537320475,T,IBM,F,46,288.37
2025-11-19,10:07:50.537651673,T,IBM,F,40,288.36
2025-11-19,10:07:50.537651673,T,IBM,F,80,288.36
2025-11-19,10:07:50.537654071,T,IBM,F I,3,288.36
2025-11-19,10:07:50.542167816,T,IBM,F,49,288.4
2025-11-19,10:07:50.542790350,T,IBM,F,40,288.43
2025-11-19,10:07:50.542793927,T,IBM,F I,1,288.43
2025-11-19,10:07:53.568617689,T,IBM,F I,10,288.45
2025-11-19,10:08:24.992051058,T,IBM,F I,10,288.48
2025-11-19,10:08:24.992054305,T,IBM,F,80,288.51
2025-11-19,10:08:24.992054305,T,IBM,F I,4,288.51
2025-11-19,10:08:24.992057031,T,IBM,F I,30,288.51
2025-11-19,10:08:24.992072348,T,IBM,F I,10,288.51
2025-11-19,10:08:24.992075137,T,IBM,F,40,288.51
2025-11-19,10:08:24.992078765,T,IBM,F I,7,288.51
2025-11-19,10:08:24.992078765,T,IBM,I,1,288.51
2025-11-19,10:08:24.992084773,T,IBM,I,10,288.51
2025-11-19,10:08:24.992084773,T,IBM,F I,10,288.51
2025-11-19,10:08:24.992087238,T,IBM,I,10,288.51
2025-11-19,10:08:24.992123220,T,IBM,F I,30,288.51
2025-11-19,10:08:24.992123220,T,IBM,F I,12,288.51
2025-11-19,10:08:24.992132809,T,IBM,I,17,288.51
2025-11-19,10:08:24.992138304,T,IBM,F I,4,288.54
2025-11-19,10:08:24.992141248,T,IBM,F I,3,288.54
2025-11-19,10:08:24.992144822,T,IBM,F,40,288.54
2025-11-19,10:08:24.992144822,T,IBM,F,40,288.54
2025-11-19,10:08:24.992147318,T,IBM,F I,10,288.54
2025-11-19,10:08:24.992157130,T,IBM,F I,20,288.54
2025-11-19,10:08:24.992157130,T,IBM,F,40,288.55
2025-11-19,10:08:24.992159301,T,IBM,F I,30,288.55
2025-11-19,10:08:24.992875040,T,IBM,I,6,288.54
2025-11-19,10:08:24.992890039,T,IBM,I,6,288.54
2025-11-19,10:08:24.992890039,T,IBM,I,6,288.54
2025-11-19,10:08:24.992911132,T,IBM,,52,288.54
2025-11-19,10:08:25.065398695,T,IBM,F,120,288.6
2025-11-19,10:08:25.065416780,T,IBM,F I,19,288.6
2025-11-19,10:08:25.065419783,T,IBM,I,14,288.6
2025-11-19,10:08:25.065684375,T,IBM,F I,4,288.6
2025-11-19,10:08:25.065696380,T,IBM,I,36,288.6
2025-11-19,10:08:25.065825666,T,IBM,I,3,288.62
2025-11-19,10:08:33.004881594,T,IBM,F I,13,288.59
2025-11-19,10:08:33.005336038,T,IBM,F,40,288.58
2025-11-19,10:08:33.005336038,T,IBM,F,80,288.58
2025-11-19,10:08:33.005360346,T,IBM,F I,10,288.57
2025-11-19,10:08:49.900477714,T,IBM,F I,30,288.55
2025-11-19,10:08:49.900498799,T,IBM,I,8,288.55
2025-11-19,10:08:49.900528925,T,IBM,F,94,288.53
2025-11-19,10:08:49.900850656,T,IBM,F,94,288.53
2025-11-19,10:08:49.901921258,T,IBM,F,100,288.46
2025-11-19,10:08:54.048420342,T,IBM,F I,1,288.55
2025-11-19,10:08:54.048426675,T,IBM,F I,7,288.54
2025-11-19,10:08:54.048429388,T,IBM,F I,9,288.54
2025-11-19,10:08:54.048438337,T,IBM,F I,1,288.54
2025-11-19,10:09:13.214577142,T,IBM,,40,288.55
2025-11-19,10:09:13.371932708,T,IBM,F I,8,288.54
2025-11-19,10:09:13.371938742,T,IBM,F I,20,288.54
2025-11-19,10:09:14.790641979,T,IBM,F I,2,288.47
2025-11-19,10:09:14.790644085,T,IBM,F I,7,288.46
2025-11-19,10:09:14.790744139,T,IBM,F I,5,288.45
2025-11-19,10:09:14.790746714,T,IBM,F I,2,288.45
2025-11-19,10:09:14.790749348,T,IBM,F I,1,288.45
2025-11-19,10:09:14.790761420,T,IBM,F,40,288.44
2025-11-19,10:09:14.790782419,T,IBM,F I,13,288.43
2025-11-19,10:09:14.790878660,T,IBM,F I,27,288.43
2025-11-19,10:09:14.791600338,T,IBM,F I,1,288.41
2025-11-19,10:09:14.791600338,T,IBM,F I,20,288.39
2025-11-19,10:09:14.791603589,T,IBM,F I,5,288.39
2025-11-19,10:09:14.791606559,T,IBM,F I,10,288.38
2025-11-19,10:09:14.791606559,T,IBM,F I,10,288.37
2025-11-19,10:09:14.791654511,T,IBM,F I,14,288.4
2025-11-19,10:09:15.999049872,T,IBM,F,80,288.33
2025-11-19,10:09:15.999052863,T,IBM,F,50,288.33
2025-11-19,10:09:15.999055979,T,IBM,F I,7,288.33
2025-11-19,10:09:15.999074421,T,IBM,,40,288.31
2025-11-19,10:09:15.999076958,T,IBM,I,10,288.31
2025-11-19,10:09:15.999248424,T,IBM,F,40,288.3
2025-11-19,10:09:15.999281545,T,IBM,F,40,288.29
2025-11-19,10:09:15.999281545,T,IBM,F I,19,288.26
2025-11-19,10:09:15.999284419,T,IBM,F I,9,288.26
2025-11-19,10:09:15.999708634,T,IBM,,50,288.3
2025-11-19,10:09:22.789154877,T,IBM,F I,25,288.26
2025-11-19,10:09:22.789154877,T,IBM,F,69,288.25
2025-11-19,10:09:22.789172622,T,IBM,I,1,288.25
2025-11-19,10:09:22.789272166,T,IBM,I,10,288.25
2025-11-19,10:09:22.789274912,T,IBM,,50,288.25
2025-11-19,10:09:22.789274912,T,IBM,I,9,288.25
2025-11-19,10:09:26.909199714,T,IBM,I,9,288.27
2025-11-19,10:09:30.711953648,T,IBM,I,1,288.2
2025-11-19,10:09:30.711953648,T,IBM,I,2,288.2
2025-11-19,10:09:30.711956588,T,IBM,I,1,288.19
2025-11-19,10:09:33.490252765,T,IBM,F I,30,288.22
2025-11-19,10:09:33.490271165,T,IBM,I,1,288.22
2025-11-19,10:09:33.490274019,T,IBM,F I,29,288.22
2025-11-19,10:09:33.490276790,T,IBM,F I,1,288.22
2025-11-19,10:09:35.797994416,T,IBM,I,3,288.17
2025-11-19,10:09:35.798018478,T,IBM,F I,37,288.17
2025-11-19,10:09:36.278021187,T,IBM,F I,1,288.13
2025-11-19,10:09:36.278192538,T,IBM,F I,1,288.11
2025-11-19,10:09:41.729257500,T,IBM,F I,29,288.2
2025-11-19,10:09:41.867256072,T,IBM,,45,288.21
2025-11-19,10:09:42.033425558,T,IBM,F,40,288.26
2025-11-19,10:09:42.033428587,T,IBM,F,40,288.28
2025-11-19,10:09:42.033431750,T,IBM,F,80,288.28
2025-11-19,10:09:42.033453279,T,IBM,F I,20,288.28
2025-11-19,10:09:42.033453279,T,IBM,F I,20,288.28
2025-11-19,10:09:42.033455952,T,IBM,F,40,288.28
2025-11-19,10:09:42.033458886,T,IBM,F,69,288.28
2025-11-19,10:09:42.033777457,T,IBM,F I,5,288.24
2025-11-19,10:09:42.033781033,T,IBM,F,52,288.24
2025-11-19,10:09:42.033781033,T,IBM,F I,11,288.23
2025-11-19,10:09:42.033783476,T,IBM,F I,3,288.23
2025-11-19,10:09:42.033825902,T,IBM,I,5,288.24
2025-11-19,10:09:42.033825902,T,IBM,,58,288.24
2025-11-19,10:09:42.033829117,T,IBM,I,5,288.24
2025-11-19,10:09:42.033831516,T,IBM,I,5,288.24
2025-11-19,10:09:42.033837591,T,IBM,F I,12,288.24
2025-11-19,10:09:42.033840597,T,IBM,I,4,288.24
2025-11-19,10:09:42.034481145,T,IBM,F I,6,288.24
2025-11-19,10:09:42.038868610,T,IBM,F I,20,288.23
2025-11-19,10:09:47.794525763,T,IBM,F,40,288.2
2025-11-19,10:09:47.794528802,T,IBM,F I,1,288.2
2025-11-19,10:09:47.794528802,T,IBM,F,80,288.2
2025-11-19,10:09:47.794531691,T,IBM,F I,13,288.2
2025-11-19,10:09:47.794543740,T,IBM,I,1,288.2
2025-11-19,10:09:47.794673088,T,IBM,F I,1,288.2
2025-11-19,10:10:00.888134818,T,IBM,I,1,288.15
2025-11-19,10:10:00.888138134,T,IBM,I,4,288.15
2025-11-19,10:10:00.888140718,T,IBM,I,35,288.15
2025-11-19,10:10:00.888742191,T,IBM,I,10,288.14
2025-11-19,10:10:01.455717935,T,IBM,I,1,288.13
2025-11-19,10:10:03.058446458,T,IBM,,40,288.11
2025-11-19,10:10:03.058446458,T,IBM,,80,288.11
2025-11-19,10:10:03.058449411,T,IBM,I,10,288.11
2025-11-19,10:10:03.058611745,T,IBM,I,9,288.1
2025-11-19,10:10:03.060686686,T,IBM,F I,18,288.08
2025-11-19,10:10:04.091137772,T,IBM,I,2,288.09
2025-11-19,10:10:05.015743064,T,IBM,,40,288.1
2025-11-19,10:10:05.016070797,T,IBM,F I,3,288.11
2025-11-19,10:10:05.016070797,T,IBM,F I,1,288.11
2025-11-19,10:10:05.016461765,T,IBM,F,40,288.12
2025-11-19,10:10:05.016464697,T,IBM,F,40,288.12
2025-11-19,10:10:05.755798717,T,IBM,I,5,288.13
2025-11-19,10:10:06.705321218,T,IBM,,40,288.16
2025-11-19,10:10:06.728026121,T,IBM,I,1,288.18
2025-11-19,10:10:06.728026121,T,IBM,I,25,288.18
2025-11-19,10:10:06.728028277,T,IBM,I,36,288.18
2025-11-19,10:10:06.728052320,T,IBM,F I,39,288.18
2025-11-19,10:10:06.728055951,T,IBM,F I,2,288.18
2025-11-19,10:10:06.728058303,T,IBM,F I,12,288.18
2025-11-19,10:10:25.010628120,T,IBM,F I,1,288.16
2025-11-19,10:10:25.059280879,T,IBM,F,200,288.12
2025-11-19,10:10:25.059284510,T,IBM,F,80,288.12
2025-11-19,10:10:25.059290022,T,IBM,F,40,288.12
2025-11-19,10:10:25.059293070,T,IBM,F I,12,288.12
2025-11-19,10:10:25.059293070,T,IBM,F I,1,288.12
2025-11-19,10:10:25.059295917,T,IBM,F,40,288.12
2025-11-19,10:10:25.059295917,T,IBM,F I,29,288.12
2025-11-19,10:10:25.059527445,T,IBM,,40,288.09
2025-11-19,10:10:33.883737651,T,IBM,F,75,288.07
2025-11-19,10:10:33.883737651,T,IBM,F I,13,288.07
2025-11-19,10:10:36.903072405,T,IBM,F I,6,288.12
2025-11-19,10:10:36.903111889,T,IBM,I,6,288.12
2025-11-19,10:10:37.359499028,T,IBM,I,6,288.15
2025-11-19,10:10:37.359522904,T,IBM,F I,28,288.16
2025-11-19,10:10:37.359547144,T,IBM,F I,12,288.16
2025-11-19,10:10:37.359547144,T,IBM,F I,11,288.16
2025-11-19,10:10:37.359553194,T,IBM,F I,12,288.16
2025-11-19,10:10:37.359553194,T,IBM,I,1,288.16
2025-11-19,10:10:37.359556040,T,IBM,I,12,288.16
2025-11-19,10:10:37.359565063,T,IBM,I,4,288.16
2025-11-19,10:10:37.359565063,T,IBM,I,8,288.16
2025-11-19,10:10:37.359568031,T,IBM,F I,18,288.16
2025-11-19,10:10:37.359574134,T,IBM,F I,14,288.16
2025-11-19,10:10:37.359607845,T,IBM,F I,11,288.16
2025-11-19,10:10:37.359610114,T,IBM,F I,11,288.17
2025-11-19,10:10:38.077115304,T,IBM,I,30,288.18
2025-11-19,10:10:40.788414803,T,IBM,I,10,288.15
2025-11-19,10:10:46.357691064,T,IBM,F I,10,288.18
2025-11-19,10:10:47.040280092,T,IBM,I,30,288.19
2025-11-19,10:10:50.132625876,T,IBM,I,1,288.22
2025-11-19,10:10:50.132625876,T,IBM,I,24,288.22
2025-11-19,10:10:50.132643925,T,IBM,F I,16,288.22
2025-11-19,10:10:50.132647476,T,IBM,F I,33,288.22
2025-11-19,10:10:50.132649841,T,IBM,I,1,288.22
2025-11-19,10:10:50.132653384,T,IBM,F I,6,288.22
2025-11-19,10:10:50.132653384,T,IBM,F I,10,288.22
2025-11-19,10:10:50.132655812,T,IBM,I,16,288.22
2025-11-19,10:10:50.132667884,T,IBM,I,9,288.22
2025-11-19,10:10:50.132667884,T,IBM,I,8,288.22
2025-11-19,10:10:50.682181198,T,IBM,F,40,288.22
