DATE,TIME_M,EX,SYM_ROOT,TR_SCOND,SIZE,PRICE
2025-11-17,9:30:01.175529907,T,IBM,I,3,305.735
2025-11-17,9:30:01.175538923,T,IBM,Q,3,305.735
2025-11-17,9:30:01.177451536,T,IBM,I,1,305.735
2025-11-17,9:30:01.181276593,T,IBM,I,14,306.0
2025-11-17,9:30:01.213197649,T,IBM,I,1,305.87
2025-11-17,9:30:01.519801744,T,IBM,F I,1,305.7
2025-11-17,9:30:01.519807734,T,IBM,F,200,305.7
2025-11-17,9:30:01.519849598,T,IBM,,100,305.7
2025-11-17,9:30:01.520393855,T,IBM,F I,4,305.66
2025-11-17,9:30:01.789197780,T,IBM,,100,305.765
2025-11-17,9:30:01.799671683,T,IBM,I,20,305.765
2025-11-17,9:30:01.799671683,T,IBM,,80,305.765
2025-11-17,9:30:02.045293500,T,IBM,,80,305.98
2025-11-17,9:30:02.045413754,T,IBM,I,9,305.98
2025-11-17,9:30:02.621666582,T,IBM,I,5,305.54
2025-11-17,9:30:02.621669622,T,IBM,I,8,305.5
2025-11-17,9:30:02.621672611,T,IBM,I,17,305.5
2025-11-17,9:30:02.621687598,T,IBM,F,583,305.5
2025-11-17,9:30:02.621690842,T,IBM,F I,7,305.5
2025-11-17,9:30:02.621702618,T,IBM,F I,5,305.71
2025-11-17,9:30:04.333371531,T,IBM,I,5,305.69
2025-11-17,9:30:04.857230715,T,IBM,I,1,305.57
2025-11-17,9:30:05.105480793,T,IBM,F I,1,305.45
2025-11-17,9:30:05.105483893,T,IBM,F I,5,305.45
2025-11-17,9:30:05.105483893,T,IBM,F I,5,305.45
2025-11-17,9:30:06.286470217,T,IBM,I,3,305.0
2025-11-17,9:30:10.001622698,T,IBM,I,1,304.86
2025-11-17,9:30:15.855406664,T,IBM,,80,304.92
2025-11-17,9:30:15.855563115,T,IBM,I,20,304.92
2025-11-17,9:30:15.972595623,T,IBM,I,5,305.0
2025-11-17,9:30:15.972595623,T,IBM,I,5,305.0
2025-11-17,9:30:26.490835384,T,IBM,F,83,304.62
2025-11-17,9:30:26.490835384,T,IBM,F I,5,304.61
2025-11-17,9:30:26.490838055,T,IBM,F I,14,304.61
2025-11-17,9:30:26.490840982,T,IBM,F,47,304.61
2025-11-17,9:30:26.490847203,T,IBM,F,233,304.61
2025-11-17,9:30:26.491364281,T,IBM,,220,304.45
2025-11-17,9:30:26.491728140,T,IBM,F I,36,304.56
2025-11-17,9:30:26.491731107,T,IBM,I,4,304.56
2025-11-17,9:30:26.493150684,T,IBM,I,10,304.425
2025-11-17,9:30:26.493153493,T,IBM,,40,304.425
2025-11-17,9:30:26.498410029,T,IBM,,40,304.43
2025-11-17,9:30:26.498431033,T,IBM,,78,304.43
2025-11-17,9:30:26.498915275,T,IBM,,40,304.56
2025-11-17,9:30:26.499865518,T,IBM,,53,304.59
2025-11-17,9:30:26.499931689,T,IBM,I,4,304.43
2025-11-17,9:30:26.500797723,T,IBM,,53,304.59
2025-11-17,9:30:26.500821721,T,IBM,,49,304.59
2025-11-17,9:30:26.500869862,T,IBM,,40,304.59
2025-11-17,9:30:26.501195112,T,IBM,I,19,304.51
2025-11-17,9:30:31.217334228,T,IBM,I,1,304.63
2025-11-17,9:30:38.760275430,T,IBM,I,1,304.35
2025-11-17,9:30:41.651747031,T,IBM,I,24,304.11
2025-11-17,9:30:41.651752111,T,IBM,,80,304.1
2025-11-17,9:30:41.651827335,T,IBM,F,80,304.1
2025-11-17,9:30:41.652296423,T,IBM,F I,5,304.16
2025-11-17,9:30:41.653493224,T,IBM,F,40,304.295
2025-11-17,9:30:41.653496227,T,IBM,F,110,304.295
2025-11-17,9:30:41.653535397,T,IBM,,140,304.295
2025-11-17,9:30:41.661462263,T,IBM,I,1,304.32
2025-11-17,9:30:41.661585570,T,IBM,F I,1,304.32
2025-11-17,9:30:41.661877268,T,IBM,F I,1,304.29
2025-11-17,9:30:41.662797450,T,IBM,I,1,304.295
2025-11-17,9:30:41.662800373,T,IBM,I,5,304.39
2025-11-17,9:30:41.662803414,T,IBM,I,23,304.4
2025-11-17,9:30:41.662818464,T,IBM,I,1,304.4
2025-11-17,9:30:41.662854520,T,IBM,I,23,304.4
2025-11-17,9:30:41.662869589,T,IBM,I,6,304.4
2025-11-17,9:30:41.662872569,T,IBM,F I,21,304.4
2025-11-17,9:30:41.663269799,T,IBM,F I,21,304.4
2025-11-17,9:30:41.663275588,T,IBM,I,8,304.4
2025-11-17,9:30:41.663726585,T,IBM,,40,304.51
2025-11-17,9:30:41.663777744,T,IBM,,53,304.35
2025-11-17,9:30:41.663844038,T,IBM,,100,304.35
2025-11-17,9:30:41.663846860,T,IBM,,100,304.35
2025-11-17,9:30:41.663870961,T,IBM,I,3,304.21
2025-11-17,9:30:41.664120581,T,IBM,I,3,304.2
2025-11-17,9:30:41.664182031,T,IBM,,40,304.2
2025-11-17,9:30:41.664202241,T,IBM,F,60,304.2
2025-11-17,9:30:41.664202241,T,IBM,F,100,304.2
2025-11-17,9:30:41.664204776,T,IBM,F,40,304.2
2025-11-17,9:30:41.664207718,T,IBM,F I,13,304.2
2025-11-17,9:30:41.664210819,T,IBM,,50,304.08
2025-11-17,9:30:41.664210819,T,IBM,I,20,304.08
2025-11-17,9:30:41.664222803,T,IBM,I,20,304.2
2025-11-17,9:30:41.664228831,T,IBM,F I,35,304.08
2025-11-17,9:30:41.664294941,T,IBM,F,80,304.35
2025-11-17,9:30:41.664370203,T,IBM,I,20,304.2
2025-11-17,9:30:41.664601757,T,IBM,I,8,304.22
2025-11-17,9:30:41.664643764,T,IBM,I,8,304.21
2025-11-17,9:30:41.664685928,T,IBM,I,8,304.2
2025-11-17,9:30:41.664803163,T,IBM,F I,16,304.23
2025-11-17,9:30:41.664803163,T,IBM,F I,29,304.15
2025-11-17,9:30:41.665404621,T,IBM,,40,304.35
2025-11-17,9:30:41.665440666,T,IBM,I,10,304.35
2025-11-17,9:30:41.665494795,T,IBM,,42,304.21
2025-11-17,9:30:41.665822641,T,IBM,,45,304.09
2025-11-17,9:30:41.666018716,T,IBM,I,31,304.35
2025-11-17,9:30:41.666018716,T,IBM,I,32,304.35
2025-11-17,9:30:41.666021054,T,IBM,I,7,304.35
2025-11-17,9:30:41.666021054,T,IBM,I,30,304.35
2025-11-17,9:30:41.666598482,T,IBM,I,5,304.35
2025-11-17,9:30:41.666652620,T,IBM,I,37,304.21
2025-11-17,9:30:41.666974410,T,IBM,I,11,304.22
2025-11-17,9:30:41.667747223,T,IBM,,118,304.3
2025-11-17,9:30:41.702173130,T,IBM,I,2,304.3
2025-11-17,9:30:41.702176225,T,IBM,I,37,304.35
2025-11-17,9:30:41.702176225,T,IBM,I,25,304.35
2025-11-17,9:30:41.702180205,T,IBM,,46,304.35
2025-11-17,9:30:41.702180205,T,IBM,I,8,304.35
2025-11-17,9:30:41.702182122,T,IBM,F I,8,304.28
2025-11-17,9:30:41.702194218,T,IBM,I,2,304.35
2025-11-17,9:30:41.702639326,T,IBM,F I,25,304.46
2025-11-17,9:30:44.777979607,T,IBM,F I,5,304.24
2025-11-17,9:30:44.777979607,T,IBM,F I,1,304.21
2025-11-17,9:30:44.777982624,T,IBM,F I,36,304.21
2025-11-17,9:30:44.777997750,T,IBM,I,1,304.21
2025-11-17,9:30:44.778000922,T,IBM,I,3,304.21
2025-11-17,9:30:44.778000922,T,IBM,I,1,304.21
2025-11-17,9:30:44.778009689,T,IBM,F I,25,304.24
2025-11-17,9:30:44.778012629,T,IBM,F I,25,304.26
2025-11-17,9:30:48.395023543,T,IBM,F I,5,304.48
2025-11-17,9:30:49.603519498,T,IBM,F,75,304.46
2025-11-17,9:30:50.370155575,T,IBM,F I,5,304.21
2025-11-17,9:30:50.370158736,T,IBM,F I,5,304.13
2025-11-17,9:30:50.370161632,T,IBM,F,70,304.09
2025-11-17,9:30:50.673199022,T,IBM,F I,5,304.27
2025-11-17,9:30:50.673205087,T,IBM,F I,5,304.31
2025-11-17,9:30:50.673205087,T,IBM,F I,25,304.32
2025-11-17,9:30:50.967762635,T,IBM,F I,3,304.19
2025-11-17,9:30:50.967765226,T,IBM,F,77,304.12
2025-11-17,9:30:51.681812167,T,IBM,F I,5,304.31
2025-11-17,9:31:00.231568141,T,IBM,F I,5,304.48
2025-11-17,9:31:02.646882171,T,IBM,I,1,304.595
2025-11-17,9:31:03.004006409,T,IBM,I,1,304.595
2025-11-17,9:31:04.149902412,T,IBM,I,3,304.595
2025-11-17,9:31:04.908764935,T,IBM,F,40,304.61
2025-11-17,9:31:11.696010042,T,IBM,,40,304.575
2025-11-17,9:31:12.019763846,T,IBM,,40,304.575
2025-11-17,9:31:22.920345486,T,IBM,F I,1,304.55
2025-11-17,9:31:29.294193465,T,IBM,F I,1,304.25
2025-11-17,9:31:29.294199917,T,IBM,F,57,304.21
2025-11-17,9:31:29.294199917,T,IBM,F I,1,304.21
2025-11-17,9:31:29.294575375,T,IBM,F,50,304.17
2025-11-17,9:31:29.313623241,T,IBM,F I,20,303.79
2025-11-17,9:31:29.313625823,T,IBM,F,140,303.78
2025-11-17,9:31:29.313643872,T,IBM,I,1,303.78
2025-11-17,9:31:29.313646783,T,IBM,F I,19,303.78
2025-11-17,9:31:29.321155742,T,IBM,,40,303.59
2025-11-17,9:31:38.122578692,T,IBM,F I,5,303.36
2025-11-17,9:31:38.122580950,T,IBM,F I,25,303.35
2025-11-17,9:31:38.122601981,T,IBM,F I,29,303.35
2025-11-17,9:31:38.122604990,T,IBM,F,120,303.35
2025-11-17,9:31:38.122626077,T,IBM,F,40,303.31
2025-11-17,9:31:38.857948602,T,IBM,I,20,303.09
2025-11-17,9:31:40.619791926,T,IBM,,40,303.4
2025-11-17,9:31:40.619858273,T,IBM,F,60,303.4
2025-11-17,9:31:43.266308444,T,IBM,F I,5,303.21
2025-11-17,9:31:43.266308444,T,IBM,F I,5,303.21
2025-11-17,9:31:45.551418551,T,IBM,F,40,303.41
2025-11-17,9:31:45.905962946,T,IBM,F I,4,303.78
2025-11-17,9:31:45.905965646,T,IBM,F,100,303.79
2025-11-17,9:31:45.905968530,T,IBM,F I,2,303.8
2025-11-17,9:31:45.905995636,T,IBM,I,1,303.8
2025-11-17,9:31:45.906008340,T,IBM,F I,37,303.8
2025-11-17,9:31:45.906008340,T,IBM,F,40,303.8
2025-11-17,9:31:45.906579224,T,IBM,F I,2,303.84
2025-11-17,9:31:45.906581959,T,IBM,F I,6,303.85
2025-11-17,9:31:45.906609067,T,IBM,F I,34,303.85
2025-11-17,9:31:45.906612490,T,IBM,F I,1,303.9
2025-11-17,9:31:45.906615110,T,IBM,F,44,303.95
2025-11-17,9:31:45.907207447,T,IBM,,80,303.69
2025-11-17,9:31:46.399286905,T,IBM,,40,303.84
2025-11-17,9:31:46.399999602,T,IBM,I,1,303.95
2025-11-17,9:31:46.400426642,T,IBM,F,45,304.01
2025-11-17,9:31:46.400601077,T,IBM,F,40,304.11
2025-11-17,9:31:46.400655182,T,IBM,F I,5,304.11
2025-11-17,9:31:46.410434503,T,IBM,F,240,304.17
2025-11-17,9:31:46.411655345,T,IBM,F,150,304.38
2025-11-17,9:31:55.166989896,T,IBM,I,2,304.46
2025-11-17,9:32:04.198435602,T,IBM,F I,5,304.46
2025-11-17,9:32:19.488359828,T,IBM,F,100,304.59
2025-11-17,9:32:19.926716489,T,IBM,,40,304.57
2025-11-17,9:32:27.437670451,T,IBM,F I,5,304.74
2025-11-17,9:32:27.437670451,T,IBM,F I,1,304.82
2025-11-17,9:32:28.013234694,T,IBM,,40,304.57
2025-11-17,9:32:33.574530239,T,IBM,F I,1,304.55
2025-11-17,9:32:46.968272196,T,IBM,F I,9,304.47
2025-11-17,9:32:46.968299203,T,IBM,F I,5,304.43
2025-11-17,9:32:46.968323429,T,IBM,F I,4,304.43
2025-11-17,9:32:46.968795400,T,IBM,F,40,304.5
2025-11-17,9:32:48.251408839,T,IBM,I,4,304.6
2025-11-17,9:32:48.251712587,T,IBM,F,40,304.575
2025-11-17,9:32:48.542433153,T,IBM,F I,1,304.53
2025-11-17,9:32:48.542435652,T,IBM,F I,4,304.53
2025-11-17,9:32:57.376657000,T,IBM,I,6,304.17
2025-11-17,9:32:58.671683917,T,IBM,F I,25,304.19
2025-11-17,9:33:15.396831801,T,IBM,I,7,304.09
2025-11-17,9:33:15.396855946,T,IBM,F I,33,304.01
2025-11-17,9:33:25.006632497,T,IBM,F I,5,304.28
2025-11-17,9:33:25.006632497,T,IBM,F I,13,304.34
2025-11-17,9:33:25.007225213,T,IBM,F I,20,304.42
2025-11-17,9:33:25.007225213,T,IBM,F,100,304.43
2025-11-17,9:33:25.007230977,T,IBM,F I,20,304.43
2025-11-17,9:33:25.007282043,T,IBM,,100,304.43
2025-11-17,9:33:25.007348267,T,IBM,F,40,304.48
2025-11-17,9:33:25.007348267,T,IBM,F,40,304.48
2025-11-17,9:33:25.009185552,T,IBM,F I,11,304.82
2025-11-17,9:33:25.009185552,T,IBM,F I,15,304.83
2025-11-17,9:33:25.009188625,T,IBM,F I,20,304.83
2025-11-17,9:33:25.009194660,T,IBM,F,200,304.83
2025-11-17,9:33:25.009194660,T,IBM,F,269,304.83
2025-11-17,9:33:25.009215660,T,IBM,F I,25,304.75
2025-11-17,9:33:26.311471862,T,IBM,F I,11,304.78
2025-11-17,9:33:26.311475322,T,IBM,F I,11,304.78
2025-11-17,9:33:26.311477847,T,IBM,F I,11,304.78
2025-11-17,9:33:26.311486918,T,IBM,I,11,304.78
2025-11-17,9:33:26.311619273,T,IBM,I,11,304.78
2025-11-17,9:33:26.319552125,T,IBM,,56,304.78
2025-11-17,9:33:27.514037771,T,IBM,F,100,304.815
2025-11-17,9:33:44.328236657,T,IBM,F I,1,304.84
2025-11-17,9:34:07.976875079,T,IBM,F,40,304.855
2025-11-17,9:34:14.782274946,T,IBM,F I,5,305.04
2025-11-17,9:34:14.782277726,T,IBM,F I,35,305.07
2025-11-17,9:34:14.782280468,T,IBM,F I,5,305.07
2025-11-17,9:34:14.782340662,T,IBM,F I,1,305.08
2025-11-17,9:34:15.466833233,T,IBM,F I,2,305.14
2025-11-17,9:34:16.488172695,T,IBM,,100,305.21
2025-11-17,9:34:20.673010381,T,IBM,F I,8,305.03
2025-11-17,9:34:20.673055522,T,IBM,F I,4,305.03
2025-11-17,9:34:20.673076700,T,IBM,F I,4,305.03
2025-11-17,9:34:20.673088653,T,IBM,F I,4,304.98
2025-11-17,9:34:26.052403002,T,IBM,F I,5,304.96
2025-11-17,9:34:29.010764897,T,IBM,F I,1,304.86
2025-11-17,9:34:29.011429455,T,IBM,I,24,304.88
2025-11-17,9:34:32.742995118,T,IBM,,45,304.89
2025-11-17,9:34:32.743055196,T,IBM,F,55,304.895
2025-11-17,9:34:36.214832356,T,IBM,F,40,304.885
2025-11-17,9:34:44.619174206,T,IBM,F,100,304.96
2025-11-17,9:34:59.029744940,T,IBM,,40,304.89
2025-11-17,9:35:05.342794223,T,IBM,F I,9,305.05
2025-11-17,9:35:05.342803997,T,IBM,F,50,305.12
2025-11-17,9:35:05.343630254,T,IBM,I,38,305.17
2025-11-17,9:35:12.217935952,T,IBM,I,4,305.08
2025-11-17,9:35:12.217935952,T,IBM,I,30,305.08
2025-11-17,9:35:12.217938761,T,IBM,I,10,305.07
2025-11-17,9:35:16.608442059,T,IBM,F I,4,305.04
2025-11-17,9:35:16.608445031,T,IBM,F I,4,305.04
2025-11-17,9:35:16.608451058,T,IBM,F I,1,305.04
2025-11-17,9:35:16.608466238,T,IBM,F,65,305.04
2025-11-17,9:35:16.608490112,T,IBM,I,1,305.04
2025-11-17,9:35:16.608547265,T,IBM,F I,4,305.02
2025-11-17,9:35:16.608604485,T,IBM,I,30,305.13
2025-11-17,9:35:16.696885626,T,IBM,F I,4,305.21
2025-11-17,9:35:16.697496080,T,IBM,I,10,305.22
2025-11-17,9:35:17.198290271,T,IBM,F I,10,305.21
2025-11-17,9:35:18.785396699,T,IBM,F I,10,305.23
2025-11-17,9:35:30.339668682,T,IBM,F,100,305.17
2025-11-17,9:35:32.666662421,T,IBM,F I,1,305.04
2025-11-17,9:35:32.671260384,T,IBM,F I,1,305.16
2025-11-17,9:35:32.672150543,T,IBM,F I,17,305.24
2025-11-17,9:35:36.629430458,T,IBM,F I,15,305.43
2025-11-17,9:35:36.629455124,T,IBM,F I,13,305.49
2025-11-17,9:35:36.630218355,T,IBM,I,18,305.54
2025-11-17,9:35:42.120866748,T,IBM,F,100,305.485
2025-11-17,9:35:55.078705988,T,IBM,,40,305.505
2025-11-17,9:36:02.521851579,T,IBM,F,40,305.45
2025-11-17,9:36:10.059301735,T,IBM,F I,1,305.79
2025-11-17,9:36:13.708774871,T,IBM,,40,305.76
2025-11-17,9:36:13.715204189,T,IBM,,40,305.805
2025-11-17,9:36:15.026118085,T,IBM,F,42,305.8
2025-11-17,9:36:19.835218250,T,IBM,F I,30,305.61
2025-11-17,9:36:19.835284214,T,IBM,F,80,305.57
2025-11-17,9:36:19.852370899,T,IBM,F I,27,305.46
2025-11-17,9:36:22.182269489,T,IBM,F I,2,305.36
2025-11-17,9:36:22.222081315,T,IBM,F I,5,305.38
2025-11-17,9:36:49.782116786,T,IBM,I,1,305.56
2025-11-17,9:36:53.597834731,T,IBM,F,40,305.555
2025-11-17,9:37:00.011265944,T,IBM,I,19,305.53
2025-11-17,9:37:00.011732045,T,IBM,I,14,305.53
2025-11-17,9:37:00.012640217,T,IBM,F I,4,305.62
2025-11-17,9:37:10.406708747,T,IBM,F I,5,305.77
2025-11-17,9:37:10.406708747,T,IBM,F I,5,305.77
2025-11-17,9:37:15.676838407,T,IBM,I,2,305.68
2025-11-17,9:37:28.733926030,T,IBM,I,30,305.7
2025-11-17,9:37:30.043146829,T,IBM,F,40,305.76
2025-11-17,9:37:32.220633763,T,IBM,F I,1,305.66
2025-11-17,9:37:32.220642818,T,IBM,F I,10,305.66
2025-11-17,9:37:32.220666841,T,IBM,F,83,305.63
2025-11-17,9:37:32.220666841,T,IBM,F,100,305.63
2025-11-17,9:37:32.220669897,T,IBM,F I,11,305.62
2025-11-17,9:37:32.220748085,T,IBM,,90,305.62
2025-11-17,9:37:32.220800204,T,IBM,I,10,305.63
2025-11-17,9:37:32.227700659,T,IBM,,40,305.695
2025-11-17,9:37:38.054759870,T,IBM,F I,25,305.62
2025-11-17,9:37:38.054913199,T,IBM,I,27,305.57
2025-11-17,9:37:38.057379147,T,IBM,I,28,305.52
2025-11-17,9:37:38.057433211,T,IBM,I,28,305.52
2025-11-17,9:37:38.057556553,T,IBM,,40,305.52
2025-11-17,9:37:38.058104347,T,IBM,F I,11,305.65
2025-11-17,9:37:38.058203045,T,IBM,I,1,305.57
2025-11-17,9:37:38.058203045,T,IBM,I,19,305.54
2025-11-17,9:37:43.439432953,T,IBM,F,40,305.71
2025-11-17,9:38:01.008937248,T,IBM,,40,305.755
2025-11-17,9:38:07.318958042,T,IBM,F I,3,305.62
2025-11-17,9:38:07.318991130,T,IBM,F I,26,305.62
2025-11-17,9:38:07.319394030,T,IBM,F I,3,305.61
2025-11-17,9:38:07.319415169,T,IBM,F I,19,305.6
2025-11-17,9:38:07.320010526,T,IBM,I,12,305.61
2025-11-17,9:38:07.332255695,T,IBM,I,5,305.5
2025-11-17,9:38:07.332255695,T,IBM,I,3,305.5
2025-11-17,9:38:07.351062473,T,IBM,,40,305.3
2025-11-17,9:38:07.351089522,T,IBM,F,40,305.31
2025-11-17,9:38:08.205020479,T,IBM,F I,25,305.41
2025-11-17,9:38:17.132996113,T,IBM,F I,5,305.34
2025-11-17,9:38:29.302325215,T,IBM,F,40,305.305
2025-11-17,9:38:31.853975099,T,IBM,F I,13,305.15
2025-11-17,9:38:31.853980936,T,IBM,F,70,305.15
2025-11-17,9:38:31.854017030,T,IBM,F I,13,305.14
2025-11-17,9:38:31.854056407,T,IBM,F I,10,305.14
2025-11-17,9:38:31.854059167,T,IBM,F I,10,305.14
2025-11-17,9:38:31.854059167,T,IBM,F I,10,305.14
2025-11-17,9:38:31.854063184,T,IBM,F I,10,305.14
2025-11-17,9:38:31.854065096,T,IBM,F I,20,305.14
2025-11-17,9:38:32.866710904,T,IBM,F,40,305.05
2025-11-17,9:38:38.998262968,T,IBM,F I,1,305.37
2025-11-17,9:38:38.998383281,T,IBM,F I,1,305.45
2025-11-17,9:38:39.007506969,T,IBM,F,40,305.5
2025-11-17,9:38:39.007509981,T,IBM,F,40,305.51
2025-11-17,9:38:45.856759601,T,IBM,F I,25,305.47
2025-11-17,9:38:50.273954376,T,IBM,F I,1,305.34
2025-11-17,9:38:50.274315135,T,IBM,I,2,305.34
2025-11-17,9:38:50.274384317,T,IBM,F,167,305.34
2025-11-17,9:38:50.278714619,T,IBM,I,1,305.37
2025-11-17,9:38:50.278714619,T,IBM,,91,305.34
2025-11-17,9:38:50.278732659,T,IBM,I,1,305.34
2025-11-17,9:39:01.279557880,T,IBM,F I,25,305.3
2025-11-17,9:39:04.380326864,T,IBM,F,40,305.325
2025-11-17,9:39:04.746349211,T,IBM,F,40,305.34
2025-11-17,9:39:04.746349211,T,IBM,F I,16,305.43
2025-11-17,9:39:43.900504361,T,IBM,F I,15,305.22
2025-11-17,9:39:43.900531746,T,IBM,F I,10,305.2
2025-11-17,9:39:43.900657670,T,IBM,F I,1,305.15
2025-11-17,9:39:43.901331272,T,IBM,F I,15,305.14
2025-11-17,9:39:53.923097715,T,IBM,I,6,305.02
2025-11-17,9:39:53.952243096,T,IBM,I,14,305.02
2025-11-17,9:39:53.953064086,T,IBM,F I,1,305.0
2025-11-17,9:39:53.953244493,T,IBM,I,18,305.01
2025-11-17,9:39:53.962536642,T,IBM,,100,304.78
2025-11-17,9:39:53.971979156,T,IBM,F I,10,304.95
2025-11-17,9:39:53.971982187,T,IBM,F,100,304.96
2025-11-17,9:39:53.971982187,T,IBM,F I,10,304.97
2025-11-17,9:39:53.971985603,T,IBM,F I,5,304.98
2025-11-17,9:39:53.971985603,T,IBM,F I,25,305.0
2025-11-17,9:39:58.982068425,T,IBM,,55,305.14
2025-11-17,9:39:58.982080749,T,IBM,,45,305.12
2025-11-17,9:39:58.982080749,T,IBM,,75,305.14
2025-11-17,9:39:58.982083757,T,IBM,I,1,305.1
2025-11-17,9:39:58.982092460,T,IBM,F I,10,305.1
2025-11-17,9:39:58.982095911,T,IBM,I,2,305.1
2025-11-17,9:39:58.982095911,T,IBM,F I,17,305.1
2025-11-17,9:39:58.982098612,T,IBM,,70,305.14
2025-11-17,9:39:58.982408163,T,IBM,F I,3,305.14
2025-11-17,9:39:58.983027735,T,IBM,I,2,305.14
2025-11-17,9:40:02.742656109,T,IBM,F I,18,305.05
2025-11-17,9:40:11.566656128,T,IBM,F I,25,304.94
2025-11-17,9:40:11.566656128,T,IBM,F I,15,304.93
2025-11-17,9:40:12.177401940,T,IBM,F I,9,304.88
2025-11-17,9:40:12.177422229,T,IBM,F I,36,304.88
2025-11-17,9:40:12.177515373,T,IBM,,41,304.87
2025-11-17,9:40:12.211887206,T,IBM,I,12,304.95
2025-11-17,9:40:12.250099167,T,IBM,F I,20,304.85
2025-11-17,9:40:12.250099167,T,IBM,F I,26,304.84
2025-11-17,9:40:12.250120208,T,IBM,F I,20,304.84
2025-11-17,9:40:14.349433050,T,IBM,F I,16,304.68
2025-11-17,9:40:22.811560816,T,IBM,I,4,305.02
2025-11-17,9:40:22.811614549,T,IBM,I,8,305.04
2025-11-17,9:40:30.910603598,T,IBM,I,2,304.96
2025-11-17,9:40:36.987311107,T,IBM,I,25,304.9
2025-11-17,9:40:41.895244337,T,IBM,I,1,304.9
2025-11-17,9:40:47.155117169,T,IBM,I,5,304.95
2025-11-17,9:40:47.155117169,T,IBM,I,5,304.97
2025-11-17,9:40:57.234900681,T,IBM,F I,1,304.98
2025-11-17,9:40:57.358170253,T,IBM,I,1,304.99
2025-11-17,9:41:00.765636390,T,IBM,I,1,305.09
2025-11-17,9:41:00.765640455,T,IBM,I,1,305.09
2025-11-17,9:41:00.765640455,T,IBM,F I,1,305.09
2025-11-17,9:41:00.765645386,T,IBM,F I,1,305.09
2025-11-17,9:41:00.765645386,T,IBM,F I,1,305.09
2025-11-17,9:41:00.765645386,T,IBM,F I,1,305.09
2025-11-17,9:41:01.156897785,T,IBM,I,1,305.21
2025-11-17,9:41:03.374524091,T,IBM,I,1,305.085
2025-11-17,9:41:16.390879500,T,IBM,F I,17,304.9
2025-11-17,9:41:22.255630563,T,IBM,,45,304.63
2025-11-17,9:41:22.255630563,T,IBM,,40,304.635
2025-11-17,9:41:22.311909533,T,IBM,I,18,304.66
2025-11-17,9:41:23.887272931,T,IBM,F I,18,304.76
2025-11-17,9:41:23.918009147,T,IBM,I,1,304.88
2025-11-17,9:41:23.930055861,T,IBM,,40,304.88
2025-11-17,9:41:24.040734332,T,IBM,I,1,304.8
2025-11-17,9:41:24.040758393,T,IBM,F I,1,304.76
2025-11-17,9:41:24.046772790,T,IBM,F I,5,304.69
2025-11-17,9:41:24.046772790,T,IBM,F I,25,304.69
2025-11-17,9:41:29.470382567,T,IBM,F I,2,304.58
2025-11-17,9:41:29.476084529,T,IBM,I,13,304.48
2025-11-17,9:41:29.476417957,T,IBM,F I,39,304.45
2025-11-17,9:41:29.479419016,T,IBM,I,10,304.26
2025-11-17,9:41:29.480844445,T,IBM,I,2,304.3
2025-11-17,9:41:29.480844445,T,IBM,I,24,304.31
2025-11-17,9:41:29.480871545,T,IBM,F,76,304.31
2025-11-17,9:41:29.483202069,T,IBM,I,25,304.21
2025-11-17,9:41:29.542966418,T,IBM,I,1,304.225
2025-11-17,9:41:35.566393107,T,IBM,F,75,304.32
2025-11-17,9:41:35.566624557,T,IBM,I,11,304.31
2025-11-17,9:41:35.566651695,T,IBM,I,11,304.31
2025-11-17,9:41:35.566693881,T,IBM,F I,7,304.32
2025-11-17,9:41:42.682888917,T,IBM,I,6,304.23
2025-11-17,9:41:42.682892045,T,IBM,I,4,304.23
2025-11-17,9:41:42.682895033,T,IBM,,44,304.23
2025-11-17,9:41:42.682898018,T,IBM,F,54,304.23
2025-11-17,9:41:42.683183741,T,IBM,I,9,304.22
2025-11-17,9:41:42.683204805,T,IBM,F I,19,304.22
2025-11-17,9:41:42.683207703,T,IBM,F I,26,304.22
2025-11-17,9:41:49.050545168,T,IBM,F,40,304.12
2025-11-17,9:41:52.896103861,T,IBM,F,51,304.14
2025-11-17,9:41:52.896127332,T,IBM,F I,4,304.14
2025-11-17,9:41:52.896214492,T,IBM,F I,4,304.1
2025-11-17,9:41:52.896226553,T,IBM,F I,4,304.1
2025-11-17,9:41:52.896259586,T,IBM,F,41,304.1
2025-11-17,9:41:52.896259586,T,IBM,F I,20,304.05
2025-11-17,9:41:52.896262699,T,IBM,F I,1,304.04
2025-11-17,9:41:52.896280972,T,IBM,,44,304.04
2025-11-17,9:41:52.896283710,T,IBM,I,17,304.04
2025-11-17,9:41:57.110853085,T,IBM,F I,10,304.04
2025-11-17,9:41:57.110856053,T,IBM,F I,12,303.93
2025-11-17,9:41:57.111201862,T,IBM,F I,21,303.92
2025-11-17,9:41:57.111228971,T,IBM,I,1,303.92
2025-11-17,9:41:57.111454478,T,IBM,I,28,303.92
2025-11-17,9:42:05.334278229,T,IBM,F I,22,303.9
2025-11-17,9:42:05.334380410,T,IBM,I,8,303.9
2025-11-17,9:42:05.334383520,T,IBM,I,14,303.88
2025-11-17,9:42:05.334383520,T,IBM,F I,8,303.88
2025-11-17,9:42:12.076806752,T,IBM,F I,16,303.74
2025-11-17,9:42:13.037359449,T,IBM,F I,26,303.61
2025-11-17,9:42:13.037714329,T,IBM,F I,1,303.61
2025-11-17,9:42:13.037735319,T,IBM,F I,25,303.67
2025-11-17,9:42:13.037762418,T,IBM,,73,303.61
2025-11-17,9:42:13.037765456,T,IBM,I,2,303.6
2025-11-17,9:42:13.037789596,T,IBM,F I,18,303.67
2025-11-17,9:42:13.037792542,T,IBM,F,100,303.68
2025-11-17,9:42:13.038009051,T,IBM,F I,1,303.56
2025-11-17,9:42:26.468008279,T,IBM,F I,5,303.57
2025-11-17,9:42:26.468011671,T,IBM,F I,25,303.56
2025-11-17,9:42:26.468011671,T,IBM,F I,5,303.55
2025-11-17,9:42:26.468014342,T,IBM,F I,5,303.55
2025-11-17,9:42:26.468366187,T,IBM,I,4,303.53
2025-11-17,9:42:30.460400277,T,IBM,F I,11,303.51
2025-11-17,9:42:30.460641339,T,IBM,,70,303.5
2025-11-17,9:42:30.957459524,T,IBM,I,1,303.41
2025-11-17,9:42:30.958012769,T,IBM,F I,15,303.35
2025-11-17,9:42:30.958857774,T,IBM,F I,1,303.41
2025-11-17,9:42:34.423408486,T,IBM,F,40,303.385
2025-11-17,9:42:35.493533104,T,IBM,F I,5,303.43
2025-11-17,9:42:45.317302133,T,IBM,I,21,303.69
2025-11-17,9:43:09.428688007,T,IBM,F I,1,303.81
2025-11-17,9:43:09.428901521,T,IBM,,40,303.81
2025-11-17,9:43:15.138461935,T,IBM,I,2,303.64
2025-11-17,9:43:22.498919488,T,IBM,F I,6,303.61
2025-11-17,9:43:22.498925467,T,IBM,F I,6,303.6
2025-11-17,9:43:22.499346478,T,IBM,I,26,303.57
2025-11-17,9:43:22.501493548,T,IBM,I,10,303.5
2025-11-17,9:43:22.507667282,T,IBM,F,150,303.52
2025-11-17,9:43:23.633737097,T,IBM,F,100,303.605
2025-11-17,9:43:25.819180851,T,IBM,I,1,303.64
2025-11-17,9:43:27.053078360,T,IBM,F I,5,303.73
2025-11-17,9:43:27.053288867,T,IBM,F I,5,303.82
2025-11-17,9:43:30.576271991,T,IBM,F I,10,303.95
2025-11-17,9:43:32.289546604,T,IBM,F I,10,304.0
2025-11-17,9:43:32.289564641,T,IBM,I,14,304.0
2025-11-17,9:43:32.289841333,T,IBM,I,21,303.92
2025-11-17,9:43:32.291092230,T,IBM,F I,19,303.96
2025-11-17,9:43:33.457695487,T,IBM,F I,11,303.96
2025-11-17,9:43:34.002649902,T,IBM,F,40,303.74
2025-11-17,9:43:37.177247561,T,IBM,,40,303.76
2025-11-17,9:43:37.177283545,T,IBM,I,5,303.76
2025-11-17,9:44:06.418572872,T,IBM,F I,1,303.56
2025-11-17,9:44:06.418572872,T,IBM,F I,39,303.55
2025-11-17,9:44:13.685736445,T,IBM,,40,303.65
2025-11-17,9:44:14.755921057,T,IBM,,40,303.65
2025-11-17,9:44:14.755924056,T,IBM,,40,303.65
2025-11-17,9:44:15.825510524,T,IBM,F I,30,303.65
2025-11-17,9:44:19.958212865,T,IBM,F I,14,303.59
2025-11-17,9:44:19.960071881,T,IBM,F I,16,303.54
2025-11-17,9:44:19.960074298,T,IBM,F,70,303.53
2025-11-17,9:44:19.960077389,T,IBM,F I,1,303.53
2025-11-17,9:44:19.960077389,T,IBM,F I,1,303.53
2025-11-17,9:44:19.960107364,T,IBM,F I,16,303.53
2025-11-17,9:44:19.960299915,T,IBM,F,70,303.52
2025-11-17,9:44:19.960303853,T,IBM,F,70,303.51
2025-11-17,9:44:19.960850185,T,IBM,F,198,303.49
2025-11-17,9:44:19.963397283,T,IBM,I,20,303.5
2025-11-17,9:44:19.963448370,T,IBM,F I,5,303.5
2025-11-17,9:44:25.324969594,T,IBM,F I,15,303.4
2025-11-17,9:44:25.324972229,T,IBM,F,70,303.4
2025-11-17,9:44:25.324975264,T,IBM,F,40,303.4
2025-11-17,9:44:25.350924006,T,IBM,I,1,303.3
2025-11-17,9:44:39.405040941,T,IBM,,60,303.3
2025-11-17,9:44:39.405086072,T,IBM,F I,1,303.3
2025-11-17,9:44:39.405215353,T,IBM,F,40,303.36
2025-11-17,9:44:39.405356713,T,IBM,I,1,303.35
2025-11-17,9:44:43.936519810,T,IBM,F I,16,303.14
2025-11-17,9:44:43.936733483,T,IBM,I,4,303.24
2025-11-17,9:44:43.936736260,T,IBM,I,1,303.24
2025-11-17,9:44:43.937034033,T,IBM,I,15,303.27
2025-11-17,9:44:49.824816685,T,IBM,F I,6,303.24
2025-11-17,9:45:02.269246425,T,IBM,F I,5,303.34
2025-11-17,9:45:02.640771876,T,IBM,F I,8,303.48
2025-11-17,9:45:02.640922154,T,IBM,I,4,303.5
2025-11-17,9:45:02.641102602,T,IBM,F I,1,303.54
2025-11-17,9:45:02.944949038,T,IBM,I,3,303.6
2025-11-17,9:45:06.226547287,T,IBM,F I,9,303.56
2025-11-17,9:45:18.810169564,T,IBM,I,3,303.51
2025-11-17,9:45:19.448162321,T,IBM,F I,5,303.59
2025-11-17,9:45:22.018167564,T,IBM,,40,303.52
2025-11-17,9:45:24.661932844,T,IBM,F I,1,303.72
2025-11-17,9:45:24.661932844,T,IBM,F I,2,303.72
2025-11-17,9:45:24.661938458,T,IBM,F I,6,303.74
2025-11-17,9:45:24.667558979,T,IBM,F I,16,303.655
2025-11-17,9:45:24.667562084,T,IBM,I,15,303.655
2025-11-17,9:45:24.667588912,T,IBM,F,69,303.655
2025-11-17,9:45:24.667631597,T,IBM,I,37,303.65
2025-11-17,9:45:24.667634604,T,IBM,,70,303.65
2025-11-17,9:45:24.667637048,T,IBM,I,17,303.65
2025-11-17,9:45:24.668223495,T,IBM,I,16,303.75
2025-11-17,9:45:24.679145425,T,IBM,F I,16,303.73
2025-11-17,9:45:24.691724454,T,IBM,F I,30,303.65
2025-11-17,9:45:24.725909805,T,IBM,,83,303.76
2025-11-17,9:45:24.725912798,T,IBM,I,3,303.77
2025-11-17,9:45:24.725915755,T,IBM,,50,303.77
2025-11-17,9:45:24.725915755,T,IBM,I,5,303.77
2025-11-17,9:45:27.175968539,T,IBM,F,100,303.6
2025-11-17,9:45:31.116231040,T,IBM,F I,1,303.45
2025-11-17,9:45:31.125078105,T,IBM,I,20,303.4
2025-11-17,9:45:31.125078105,T,IBM,I,1,303.39
2025-11-17,9:45:31.526819480,T,IBM,F I,39,303.39
2025-11-17,9:45:39.402069522,T,IBM,F I,30,303.42
2025-11-17,9:45:43.017444510,T,IBM,I,2,303.49
2025-11-17,9:45:43.017447462,T,IBM,I,38,303.51
2025-11-17,9:46:04.858593609,T,IBM,I,2,303.54
2025-11-17,9:46:04.858593609,T,IBM,I,12,303.56
2025-11-17,9:46:04.858626528,T,IBM,I,1,303.56
2025-11-17,9:46:04.858644606,T,IBM,F I,1,303.56
2025-11-17,9:46:04.858716779,T,IBM,I,3,303.56
2025-11-17,9:46:04.863200414,T,IBM,F,40,303.52
2025-11-17,9:46:20.218758683,T,IBM,F I,2,303.5
2025-11-17,9:46:20.218809904,T,IBM,I,7,303.53
2025-11-17,9:46:20.219053440,T,IBM,,40,303.555
2025-11-17,9:46:20.219378175,T,IBM,F I,2,303.56
2025-11-17,9:46:20.219898443,T,IBM,F,100,303.55
2025-11-17,9:46:22.886120660,T,IBM,F I,3,303.58
2025-11-17,9:46:22.886246941,T,IBM,I,3,303.53
2025-11-17,9:46:40.254003444,T,IBM,,40,303.515
2025-11-17,9:46:40.254051547,T,IBM,F,40,303.515
2025-11-17,9:46:40.257798418,T,IBM,,40,303.54
2025-11-17,9:46:40.260333564,T,IBM,,150,303.54
2025-11-17,9:46:54.643111694,T,IBM,F I,1,303.4
2025-11-17,9:46:58.144900257,T,IBM,F I,3,303.5
2025-11-17,9:46:58.144900257,T,IBM,F,97,303.51
2025-11-17,9:46:59.513334965,T,IBM,F I,9,303.37
2025-11-17,9:46:59.513334965,T,IBM,F I,1,303.36
2025-11-17,9:46:59.530551660,T,IBM,,40,303.435
2025-11-17,9:46:59.530551660,T,IBM,I,5,303.435
2025-11-17,9:46:59.530554222,T,IBM,I,6,303.49
2025-11-17,9:47:04.860966142,T,IBM,,40,303.545
2025-11-17,9:47:04.861007850,T,IBM,,40,303.545
2025-11-17,9:47:04.862755021,T,IBM,I,5,303.545
2025-11-17,9:47:06.661012054,T,IBM,I,30,303.66
2025-11-17,9:47:06.661027068,T,IBM,I,6,303.67
2025-11-17,9:47:06.661030118,T,IBM,F I,4,303.67
2025-11-17,9:47:07.976692198,T,IBM,I,8,303.57
2025-11-17,9:47:08.209452362,T,IBM,F,120,303.55
2025-11-17,9:47:15.167819785,T,IBM,F I,1,303.56
2025-11-17,9:47:21.747441613,T,IBM,I,30,303.66
2025-11-17,9:47:21.747441613,T,IBM,I,1,303.67
2025-11-17,9:47:21.747444503,T,IBM,I,9,303.67
2025-11-17,9:47:24.547119088,T,IBM,I,5,303.65
2025-11-17,9:47:24.547119088,T,IBM,I,2,303.65
2025-11-17,9:47:24.547121892,T,IBM,I,2,303.66
2025-11-17,9:47:24.547121892,T,IBM,I,31,303.67
2025-11-17,9:47:24.547139610,T,IBM,,40,303.67
2025-11-17,9:47:24.547145567,T,IBM,I,20,303.67
2025-11-17,9:47:24.547151637,T,IBM,I,10,303.67
2025-11-17,9:47:24.547154592,T,IBM,,40,303.68
2025-11-17,9:47:24.548847660,T,IBM,F I,2,303.63
2025-11-17,9:47:24.548851420,T,IBM,F I,10,303.61
2025-11-17,9:47:24.548853749,T,IBM,F I,5,303.56
2025-11-17,9:47:24.548856644,T,IBM,F I,21,303.56
2025-11-17,9:47:24.548856644,T,IBM,F,60,303.56
2025-11-17,9:47:24.548868828,T,IBM,F I,1,303.56
2025-11-17,9:47:24.548868828,T,IBM,F I,1,303.55
2025-11-17,9:47:24.548883722,T,IBM,F,40,303.51
2025-11-17,9:47:24.548886756,T,IBM,F I,20,303.51
2025-11-17,9:47:24.548986224,T,IBM,F,100,303.47
2025-11-17,9:47:24.549124334,T,IBM,,80,303.47
2025-11-17,9:47:24.549169488,T,IBM,I,20,303.47
2025-11-17,9:47:24.549355890,T,IBM,,40,303.47
2025-11-17,9:47:24.549382950,T,IBM,F I,20,303.47
2025-11-17,9:47:24.549401304,T,IBM,I,20,303.47
2025-11-17,9:47:24.549401304,T,IBM,I,3,303.47
2025-11-17,9:47:24.549404033,T,IBM,I,20,303.47
2025-11-17,9:47:24.549406989,T,IBM,,77,303.47
2025-11-17,9:47:24.549449115,T,IBM,I,1,303.48
2025-11-17,9:47:24.549491156,T,IBM,F I,15,303.48
2025-11-17,9:47:24.551575199,T,IBM,I,35,303.61
2025-11-17,9:47:24.559673454,T,IBM,F I,6,303.58
2025-11-17,9:47:24.559673454,T,IBM,F,42,303.59
2025-11-17,9:47:28.932272032,T,IBM,F I,5,303.52
2025-11-17,9:47:28.932795295,T,IBM,F,40,303.5
2025-11-17,9:47:31.936490059,T,IBM,,40,303.41
2025-11-17,9:47:31.936493080,T,IBM,I,1,303.41
2025-11-17,9:47:31.936712562,T,IBM,I,20,303.41
2025-11-17,9:47:31.976211601,T,IBM,F I,35,303.37
2025-11-17,9:47:31.976572459,T,IBM,F,40,303.35
2025-11-17,9:47:36.542646261,T,IBM,F,70,303.4
2025-11-17,9:47:36.543046042,T,IBM,,40,303.39
2025-11-17,9:47:36.543048640,T,IBM,F I,30,303.39
2025-11-17,9:47:36.543334316,T,IBM,F,70,303.38
2025-11-17,9:47:36.609155008,T,IBM,I,17,303.37
2025-11-17,9:47:36.609341473,T,IBM,,53,303.37
2025-11-17,9:47:36.609368461,T,IBM,F,70,303.36
2025-11-17,9:47:36.609392578,T,IBM,F,40,303.34
2025-11-17,9:47:46.122266331,T,IBM,F,40,303.475
2025-11-17,9:47:46.122269707,T,IBM,F I,5,303.5
2025-11-17,9:47:46.122272515,T,IBM,F,75,303.51
2025-11-17,9:47:46.122272515,T,IBM,F I,2,303.51
2025-11-17,9:48:02.676535407,T,IBM,F I,1,303.36
2025-11-17,9:48:04.319794276,T,IBM,F I,7,303.36
2025-11-17,9:48:04.319797291,T,IBM,F,40,303.35
2025-11-17,9:48:04.321081262,T,IBM,F,40,303.4
2025-11-17,9:48:04.378810211,T,IBM,F,40,303.48
2025-11-17,9:48:04.378812850,T,IBM,F I,36,303.48
2025-11-17,9:48:04.378812850,T,IBM,F I,2,303.48
2025-11-17,9:48:04.378816634,T,IBM,F I,3,303.48
2025-11-17,9:48:04.378816634,T,IBM,F,40,303.48
2025-11-17,9:48:05.693846360,T,IBM,F,100,303.54
2025-11-17,9:48:05.693846360,T,IBM,F I,22,303.54
2025-11-17,9:48:05.694005732,T,IBM,I,20,303.54
2025-11-17,9:48:05.694026785,T,IBM,,282,303.54
2025-11-17,9:48:05.697286661,T,IBM,F,70,303.54
2025-11-17,9:48:06.343026369,T,IBM,F,40,303.52
2025-11-17,9:48:06.343098007,T,IBM,I,9,303.56
2025-11-17,9:48:06.343507108,T,IBM,F,70,303.51
2025-11-17,9:48:06.582546023,T,IBM,F I,8,303.5
2025-11-17,9:48:06.582567113,T,IBM,F,62,303.5
2025-11-17,9:48:06.582810942,T,IBM,I,12,303.55
2025-11-17,9:48:08.047438433,T,IBM,I,2,303.54
2025-11-17,9:48:15.812067324,T,IBM,F I,37,303.56
2025-11-17,9:48:15.812777026,T,IBM,I,37,303.6
2025-11-17,9:48:15.812963421,T,IBM,F I,14,303.54
2025-11-17,9:48:18.153257899,T,IBM,F,40,303.48
2025-11-17,9:48:18.153260860,T,IBM,F,100,303.48
2025-11-17,9:48:20.920761415,T,IBM,F,50,303.47
2025-11-17,9:48:20.920812571,T,IBM,I,10,303.51
2025-11-17,9:48:21.675531210,T,IBM,F I,30,303.45
2025-11-17,9:48:21.675531210,T,IBM,F I,10,303.4
2025-11-17,9:48:21.675564317,T,IBM,F,60,303.4
2025-11-17,9:48:21.675582262,T,IBM,I,1,303.44
2025-11-17,9:48:21.675654532,T,IBM,I,6,303.46
2025-11-17,9:48:21.676036379,T,IBM,F I,10,303.43
2025-11-17,9:48:21.676039463,T,IBM,F I,9,303.43
2025-11-17,9:48:21.676039463,T,IBM,F I,1,303.41
2025-11-17,9:48:21.676102592,T,IBM,F I,20,303.41
2025-11-17,9:48:21.676505514,T,IBM,,79,303.41
2025-11-17,9:48:21.685821741,T,IBM,I,9,303.42
2025-11-17,9:48:21.685825214,T,IBM,,40,303.4
2025-11-17,9:48:21.685825214,T,IBM,I,9,303.4
2025-11-17,9:48:21.685827718,T,IBM,F I,21,303.4
2025-11-17,9:48:21.951519191,T,IBM,F,70,303.39
2025-11-17,9:48:22.268143484,T,IBM,,45,303.5
2025-11-17,9:48:22.268146149,T,IBM,,75,303.51
2025-11-17,9:48:22.268146149,T,IBM,,80,303.52
2025-11-17,9:48:22.272199670,T,IBM,,60,303.53
2025-11-17,9:48:22.272199670,T,IBM,,83,303.57
2025-11-17,9:48:22.272202645,T,IBM,,45,303.57
2025-11-17,9:48:22.272202645,T,IBM,I,12,303.58
2025-11-17,9:48:22.279985232,T,IBM,,60,303.58
2025-11-17,9:48:22.280006238,T,IBM,I,10,303.59
2025-11-17,9:48:23.108598918,T,IBM,F,72,303.44
2025-11-17,9:48:25.640530504,T,IBM,,68,303.535
2025-11-17,9:48:25.646662107,T,IBM,,100,303.535
2025-11-17,9:48:25.653166526,T,IBM,,100,303.56
2025-11-17,9:48:26.197158568,T,IBM,I,27,303.74
2025-11-17,9:48:26.197158568,T,IBM,I,20,303.74
2025-11-17,9:48:26.198196113,T,IBM,,45,303.76
2025-11-17,9:48:26.198250163,T,IBM,,45,303.76
2025-11-17,9:48:26.198289301,T,IBM,I,10,303.76
2025-11-17,9:48:26.210754002,T,IBM,I,2,303.705
2025-11-17,9:48:30.899838182,T,IBM,F,70,303.4
2025-11-17,9:48:33.830185168,T,IBM,F,100,303.575
2025-11-17,9:48:33.830203215,T,IBM,F I,8,303.61
2025-11-17,9:48:38.980522354,T,IBM,,40,303.625
2025-11-17,9:48:39.805073230,T,IBM,,40,303.64
2025-11-17,9:48:40.645051022,T,IBM,,40,303.64
2025-11-17,9:48:40.645075096,T,IBM,F,100,303.64
2025-11-17,9:48:51.970249340,T,IBM,F I,1,303.76
2025-11-17,9:48:52.163251831,T,IBM,I,10,303.71
2025-11-17,9:48:52.163251831,T,IBM,I,1,303.71
2025-11-17,9:48:54.665271262,T,IBM,F,40,303.685
2025-11-17,9:49:01.189459068,T,IBM,F I,2,303.85
2025-11-17,9:49:01.190499510,T,IBM,I,5,303.85
2025-11-17,9:49:01.192042158,T,IBM,F I,5,303.85
2025-11-17,9:49:01.192971465,T,IBM,F I,5,303.85
2025-11-17,9:49:01.193052559,T,IBM,I,5,303.85
2025-11-17,9:49:01.193061582,T,IBM,I,5,303.85
2025-11-17,9:49:01.193175918,T,IBM,I,24,303.85
2025-11-17,9:49:01.193473586,T,IBM,F I,1,303.85
2025-11-17,9:49:03.028261801,T,IBM,I,2,303.86
2025-11-17,9:49:03.028261801,T,IBM,I,3,303.86
2025-11-17,9:49:04.318937221,T,IBM,I,1,304.06
2025-11-17,9:49:04.526404814,T,IBM,F I,1,304.14
2025-11-17,9:49:10.756155047,T,IBM,,40,304.23
2025-11-17,9:49:25.491366460,T,IBM,F,40,304.185
2025-11-17,9:49:25.491370383,T,IBM,F,100,304.185
2025-11-17,9:49:25.491376206,T,IBM,F,45,304.21
2025-11-17,9:49:25.491376206,T,IBM,F I,2,304.23
2025-11-17,9:49:25.491378419,T,IBM,F I,10,304.24
2025-11-17,9:49:25.491381449,T,IBM,F I,24,304.27
2025-11-17,9:49:25.491475173,T,IBM,,45,304.27
2025-11-17,9:49:25.491475173,T,IBM,,55,304.31
2025-11-17,9:49:25.491480791,T,IBM,I,21,304.31
2025-11-17,9:49:25.491490317,T,IBM,F I,30,304.31
2025-11-17,9:49:25.491544783,T,IBM,F,49,304.31
2025-11-17,9:49:25.491547029,T,IBM,F I,30,304.31
2025-11-17,9:49:25.491552899,T,IBM,F I,26,304.34
2025-11-17,9:49:25.491552899,T,IBM,F I,1,304.34
2025-11-17,9:49:25.491559855,T,IBM,F I,3,304.34
2025-11-17,9:49:25.491576945,T,IBM,I,1,304.34
2025-11-17,9:49:25.491591944,T,IBM,I,1,304.34
2025-11-17,9:49:25.491625025,T,IBM,I,7,304.34
2025-11-17,9:49:25.491697200,T,IBM,F I,30,304.32
2025-11-17,9:49:25.491823501,T,IBM,,46,304.19
2025-11-17,9:49:25.491835522,T,IBM,I,37,304.19
2025-11-17,9:49:25.491838583,T,IBM,I,9,304.18
2025-11-17,9:49:25.491928740,T,IBM,F I,31,304.32
2025-11-17,9:49:25.491946805,T,IBM,F I,19,304.32
2025-11-17,9:49:25.492006949,T,IBM,F I,13,304.3
2025-11-17,9:49:25.492109227,T,IBM,,40,304.18
2025-11-17,9:49:25.492166302,T,IBM,,100,304.18
2025-11-17,9:49:25.492169288,T,IBM,I,20,304.18
2025-11-17,9:49:25.492181313,T,IBM,F I,1,304.18
2025-11-17,9:49:25.492454957,T,IBM,I,4,304.18
2025-11-17,9:49:25.492467050,T,IBM,,327,304.18
2025-11-17,9:49:25.492954192,T,IBM,I,13,304.13
2025-11-17,9:49:25.493029938,T,IBM,I,13,304.18
2025-11-17,9:49:25.493033052,T,IBM,I,10,304.24
2025-11-17,9:49:25.493033052,T,IBM,I,1,304.26
2025-11-17,9:49:25.493035411,T,IBM,,70,304.26
2025-11-17,9:49:25.493041881,T,IBM,,100,304.26
2025-11-17,9:49:25.493041881,T,IBM,,45,304.32
2025-11-17,9:49:25.493044392,T,IBM,,81,304.33
2025-11-17,9:49:25.511959497,T,IBM,F I,10,304.13
2025-11-17,9:49:26.074015623,T,IBM,F I,25,304.05
2025-11-17,9:49:26.074015623,T,IBM,F,43,304.05
2025-11-17,9:49:26.074018509,T,IBM,F,40,304.05
2025-11-17,9:49:26.074021460,T,IBM,F,877,304.04
2025-11-17,9:49:26.074066569,T,IBM,F,289,304.04
2025-11-17,9:49:26.074147825,T,IBM,F,40,304.03
2025-11-17,9:49:36.129053066,T,IBM,I,6,303.8
2025-11-17,9:49:36.129516166,T,IBM,F,40,303.79
2025-11-17,9:49:40.188756824,T,IBM,F I,5,303.7
2025-11-17,9:49:40.189361289,T,IBM,,40,303.58
2025-11-17,9:49:40.192786397,T,IBM,,40,303.545
2025-11-17,9:49:40.193454023,T,IBM,,40,303.545
2025-11-17,9:49:51.807005829,T,IBM,F,40,303.635
2025-11-17,9:49:51.807005829,T,IBM,F,40,303.635
2025-11-17,9:49:51.858049272,T,IBM,,40,303.63
2025-11-17,9:49:51.926841045,T,IBM,F,40,303.63
2025-11-17,9:49:52.461664316,T,IBM,F,40,303.63
2025-11-17,9:50:04.050196479,T,IBM,F,40,303.67
2025-11-17,9:50:04.050199523,T,IBM,F,40,303.67
2025-11-17,9:50:06.310975652,T,IBM,F I,5,303.7
2025-11-17,9:50:06.310978597,T,IBM,I,7,303.78
2025-11-17,9:50:06.347266063,T,IBM,,40,303.725
2025-11-17,9:50:06.511068969,T,IBM,F I,2,303.8
2025-11-17,9:50:06.874502148,T,IBM,F I,5,303.84
2025-11-17,9:50:11.815622318,T,IBM,F I,35,303.92
2025-11-17,9:50:22.247958998,T,IBM,F,40,303.83
2025-11-17,9:50:26.387863774,T,IBM,F I,30,303.79
2025-11-17,9:50:26.387863774,T,IBM,F I,23,303.77
2025-11-17,9:50:26.387866707,T,IBM,F I,23,303.77
2025-11-17,9:50:26.387881882,T,IBM,I,1,303.77
2025-11-17,9:50:26.387881882,T,IBM,I,4,303.77
2025-11-17,9:50:26.387884752,T,IBM,I,12,303.77
2025-11-17,9:50:36.788889952,T,IBM,I,2,303.83
2025-11-17,9:50:36.867223429,T,IBM,F I,2,303.92
2025-11-17,9:50:37.150978965,T,IBM,F I,5,303.93
2025-11-17,9:50:39.967150291,T,IBM,I,20,303.9
2025-11-17,9:50:45.935792498,T,IBM,F,40,303.895
2025-11-17,9:50:50.368564423,T,IBM,F I,1,303.81
2025-11-17,9:50:52.313333263,T,IBM,F I,1,303.88
2025-11-17,9:50:52.313360322,T,IBM,,40,303.895
2025-11-17,9:50:52.660148886,T,IBM,I,3,303.9
2025-11-17,9:50:52.660181908,T,IBM,,42,303.9
2025-11-17,9:51:00.018970627,T,IBM,F I,30,303.96
2025-11-17,9:51:00.142832511,T,IBM,F,40,303.905
2025-11-17,9:51:03.889352698,T,IBM,F,40,303.98
2025-11-17,9:51:08.134564999,T,IBM,F,100,304.06
2025-11-17,9:51:10.884509629,T,IBM,F I,14,304.04
2025-11-17,9:51:10.884714077,T,IBM,F I,1,304.01
2025-11-17,9:51:36.416014425,T,IBM,,40,304.01
2025-11-17,9:51:36.416014425,T,IBM,,40,304.01
2025-11-17,9:51:36.416017317,T,IBM,F,74,304.01
2025-11-17,9:51:47.265314792,T,IBM,F I,1,303.89
2025-11-17,9:51:47.265317771,T,IBM,F I,21,303.89
2025-11-17,9:51:47.265332960,T,IBM,I,1,303.89
2025-11-17,9:51:47.511862720,T,IBM,I,10,303.86
2025-11-17,9:51:48.741778633,T,IBM,,40,303.905
2025-11-17,9:51:53.011818166,T,IBM,I,5,303.905
2025-11-17,9:51:55.709369142,T,IBM,,40,303.94
2025-11-17,9:51:58.866928380,T,IBM,,85,303.79
2025-11-17,9:51:58.866931269,T,IBM,,69,303.79
2025-11-17,9:51:58.866934323,T,IBM,I,1,303.79
2025-11-17,9:51:58.866934323,T,IBM,,80,303.79
2025-11-17,9:51:58.866967469,T,IBM,F,40,303.77
2025-11-17,9:51:58.867006580,T,IBM,,40,303.78
2025-11-17,9:51:58.867006580,T,IBM,,60,303.79
2025-11-17,9:51:58.867027464,T,IBM,I,1,303.79
2025-11-17,9:51:58.867400352,T,IBM,F I,17,303.79
2025-11-17,9:52:13.435579249,T,IBM,F I,8,303.67
2025-11-17,9:52:13.435582310,T,IBM,F I,32,303.64
2025-11-17,9:52:13.435591361,T,IBM,F I,8,303.64
2025-11-17,9:52:21.281849710,T,IBM,,40,303.6
2025-11-17,9:52:31.733922402,T,IBM,I,20,303.48
2025-11-17,9:52:31.733925457,T,IBM,I,2,303.48
2025-11-17,9:52:32.417160983,T,IBM,I,20,303.48
2025-11-17,9:52:32.417160983,T,IBM,I,21,303.47
2025-11-17,9:52:32.417178971,T,IBM,I,1,303.47
2025-11-17,9:52:32.417185067,T,IBM,F I,18,303.47
2025-11-17,9:52:32.417185067,T,IBM,F I,1,303.47
2025-11-17,9:52:32.417777426,T,IBM,I,7,303.5
2025-11-17,9:52:32.418273693,T,IBM,F I,1,303.46
2025-11-17,9:52:40.414628170,T,IBM,F,100,303.51
2025-11-17,9:52:41.045873037,T,IBM,F I,1,303.56
2025-11-17,9:52:41.577003401,T,IBM,F,100,303.61
2025-11-17,9:52:41.577018473,T,IBM,F,40,303.62
2025-11-17,9:52:41.577018473,T,IBM,F,40,303.62
2025-11-17,9:52:49.592008275,T,IBM,,40,303.61
2025-11-17,9:52:50.016802574,T,IBM,,40,303.655
2025-11-17,9:52:50.259483718,T,IBM,I,2,303.73
2025-11-17,9:52:50.259483718,T,IBM,I,1,303.73
2025-11-17,9:52:50.259510436,T,IBM,I,20,303.74
2025-11-17,9:52:50.260553889,T,IBM,F I,2,303.83
2025-11-17,9:52:50.260848609,T,IBM,F I,1,303.86
2025-11-17,9:52:54.800329517,T,IBM,,40,303.805
2025-11-17,9:53:35.748507623,T,IBM,F I,5,303.955
2025-11-17,9:53:35.748510604,T,IBM,F I,9,303.955
2025-11-17,9:53:59.364121748,T,IBM,F,40,303.96
2025-11-17,9:54:08.759737419,T,IBM,,40,303.96
2025-11-17,9:54:13.889295100,T,IBM,F,100,303.96
2025-11-17,9:54:27.701396205,T,IBM,,50,303.84
2025-11-17,9:54:27.701399190,T,IBM,,40,303.84
2025-11-17,9:54:27.701453326,T,IBM,F,80,303.83
2025-11-17,9:54:27.701874391,T,IBM,F,40,303.83
2025-11-17,9:54:27.702331423,T,IBM,I,16,303.74
2025-11-17,9:54:27.702331423,T,IBM,F I,36,303.74
2025-11-17,9:54:27.702611131,T,IBM,F I,1,303.74
2025-11-17,9:54:30.307364215,T,IBM,I,20,303.76
2025-11-17,9:54:30.307367278,T,IBM,I,20,303.75
2025-11-17,9:54:30.307385359,T,IBM,I,1,303.75
2025-11-17,9:54:33.575042539,T,IBM,I,16,303.83
2025-11-17,9:54:33.575232065,T,IBM,I,3,303.83
2025-11-17,9:54:39.717414341,T,IBM,F I,19,303.96
2025-11-17,9:54:41.355161432,T,IBM,F I,1,303.93
2025-11-17,9:54:41.355164419,T,IBM,F I,39,303.92
2025-11-17,9:54:41.355179409,T,IBM,I,1,303.92
2025-11-17,9:54:52.280636168,T,IBM,,40,303.925
2025-11-17,9:54:52.280669222,T,IBM,F,150,303.925
2025-11-17,9:55:06.497191407,T,IBM,F I,5,303.935
2025-11-17,9:55:06.497194107,T,IBM,F,40,303.935
2025-11-17,9:55:06.497194107,T,IBM,F I,5,303.935
2025-11-17,9:55:10.000913185,T,IBM,,40,303.94
2025-11-17,9:55:10.000949276,T,IBM,,45,303.94
2025-11-17,9:55:10.000952312,T,IBM,I,19,303.94
2025-11-17,9:55:12.202258938,T,IBM,F,41,304.05
2025-11-17,9:55:12.202448395,T,IBM,F,41,304.05
2025-11-17,9:55:12.203082834,T,IBM,I,22,303.99
2025-11-17,9:55:12.203551968,T,IBM,F I,13,303.94
2025-11-17,9:55:12.203576027,T,IBM,F I,32,303.93
2025-11-17,9:55:12.246759001,T,IBM,F I,2,303.93
2025-11-17,9:55:12.246776842,T,IBM,F I,9,303.93
2025-11-17,9:55:12.246791903,T,IBM,I,1,303.93
2025-11-17,9:55:12.246870081,T,IBM,F I,3,303.93
2025-11-17,9:55:12.272073125,T,IBM,F I,3,303.93
2025-11-17,9:55:12.274385576,T,IBM,F I,5,303.95
2025-11-17,9:55:12.288747807,T,IBM,I,1,303.93
2025-11-17,9:55:17.118272268,T,IBM,I,12,304.01
2025-11-17,9:55:17.118275255,T,IBM,,46,304.04
2025-11-17,9:55:22.207203271,T,IBM,F I,10,303.94
2025-11-17,9:55:22.207212274,T,IBM,F I,10,303.94
2025-11-17,9:55:22.207233359,T,IBM,I,10,303.93
2025-11-17,9:55:25.485950878,T,IBM,F,100,303.93
2025-11-17,9:55:25.562152215,T,IBM,,40,303.93
2025-11-17,9:55:25.562215351,T,IBM,F,60,303.93
2025-11-17,9:55:29.006982268,T,IBM,F I,20,303.96
2025-11-17,9:55:29.006985200,T,IBM,F,60,303.95
2025-11-17,9:55:29.007000274,T,IBM,F I,20,303.95
2025-11-17,9:55:30.434850525,T,IBM,F I,20,303.86
2025-11-17,9:55:30.434850525,T,IBM,F I,20,303.85
2025-11-17,9:55:30.434871582,T,IBM,I,1,303.85
2025-11-17,9:55:30.434871582,T,IBM,F I,19,303.85
2025-11-17,9:55:43.358318352,T,IBM,F I,29,303.96
2025-11-17,9:55:44.939699424,T,IBM,I,19,304.08
2025-11-17,9:55:44.939702359,T,IBM,I,20,304.08
2025-11-17,9:55:44.940411460,T,IBM,F I,19,304.15
2025-11-17,9:55:44.940432553,T,IBM,F I,19,304.15
2025-11-17,9:55:44.940435492,T,IBM,F I,19,304.15
2025-11-17,9:55:44.940907571,T,IBM,F I,2,304.15
2025-11-17,9:55:45.468805349,T,IBM,F I,26,304.27
2025-11-17,9:55:45.468817315,T,IBM,F,75,304.27
2025-11-17,9:55:45.468817315,T,IBM,F,100,304.28
2025-11-17,9:56:02.148151301,T,IBM,,40,304.325
2025-11-17,9:56:15.461505951,T,IBM,I,14,304.26
2025-11-17,9:56:15.464218339,T,IBM,I,7,304.2
2025-11-17,9:56:15.464729540,T,IBM,,72,304.18
2025-11-17,9:56:15.464747653,T,IBM,I,1,304.18
2025-11-17,9:56:15.464765800,T,IBM,I,1,304.18
2025-11-17,9:56:15.464765800,T,IBM,I,6,304.18
2025-11-17,9:56:15.464768703,T,IBM,I,11,304.18
2025-11-17,9:56:15.465505804,T,IBM,F I,11,304.23
2025-11-17,9:56:18.232311243,T,IBM,F I,4,304.28
2025-11-17,9:56:18.232320346,T,IBM,,40,304.33
2025-11-17,9:56:20.821953426,T,IBM,I,8,304.22
2025-11-17,9:56:28.516756098,T,IBM,F I,19,304.2
2025-11-17,9:56:28.518172488,T,IBM,,40,304.2
2025-11-17,9:56:28.525789581,T,IBM,,40,304.2
2025-11-17,9:56:28.525822725,T,IBM,F I,1,304.2
2025-11-17,9:56:28.525822725,T,IBM,F,40,304.19
2025-11-17,9:56:28.525985112,T,IBM,I,2,304.17
2025-11-17,9:56:28.526418127,T,IBM,,45,304.19
2025-11-17,9:56:28.538819567,T,IBM,I,11,304.19
2025-11-17,9:56:28.538841034,T,IBM,I,9,304.19
2025-11-17,9:56:30.737116028,T,IBM,,40,304.15
2025-11-17,9:56:30.737257343,T,IBM,,60,304.15
2025-11-17,9:56:31.014349027,T,IBM,F,100,304.14
2025-11-17,9:56:31.014349027,T,IBM,F I,5,304.14
2025-11-17,9:56:38.722452303,T,IBM,F I,6,304.13
2025-11-17,9:56:39.254277389,T,IBM,F I,5,304.095
2025-11-17,9:56:39.254277389,T,IBM,F I,1,304.14
2025-11-17,9:56:40.857655388,T,IBM,F I,5,304.13
2025-11-17,9:56:43.808556554,T,IBM,I,5,304.14
2025-11-17,9:56:43.808556554,T,IBM,I,35,304.14
2025-11-17,9:57:03.296477722,T,IBM,F I,4,304.14
2025-11-17,9:57:18.042036776,T,IBM,,40,304.155
2025-11-17,9:57:20.496176283,T,IBM,F I,2,304.11
2025-11-17,9:57:20.583817025,T,IBM,F,100,304.09
2025-11-17,9:57:23.448848761,T,IBM,I,9,304.06
2025-11-17,9:57:23.448876376,T,IBM,F,80,304.06
2025-11-17,9:57:23.448882445,T,IBM,F I,4,304.06
2025-11-17,9:57:23.448887830,T,IBM,F I,16,304.06
2025-11-17,9:57:23.448917941,T,IBM,F,80,304.05
2025-11-17,9:57:23.449077267,T,IBM,F I,4,304.03
2025-11-17,9:57:23.449275770,T,IBM,F I,4,304.03
2025-11-17,9:57:23.458360397,T,IBM,I,1,304.07
2025-11-17,9:57:25.769617539,T,IBM,I,3,304.15
2025-11-17,9:57:25.770865535,T,IBM,F I,1,304.24
2025-11-17,9:57:25.771442914,T,IBM,,40,304.24
2025-11-17,9:57:34.076106583,T,IBM,,110,304.16
2025-11-17,9:57:34.076127617,T,IBM,F I,10,304.16
2025-11-17,9:57:34.076130987,T,IBM,F I,10,304.16
2025-11-17,9:57:34.076130987,T,IBM,F I,19,304.16
2025-11-17,9:57:34.076135368,T,IBM,I,1,304.16
2025-11-17,9:57:34.076135368,T,IBM,F I,20,304.16
2025-11-17,9:57:34.076142725,T,IBM,F,100,304.16
2025-11-17,9:57:34.076401367,T,IBM,I,5,304.155
2025-11-17,9:57:34.076419392,T,IBM,F,52,304.22
2025-11-17,9:57:34.077219895,T,IBM,,50,304.16
2025-11-17,9:57:34.077901891,T,IBM,F,45,304.16
2025-11-17,9:57:48.340318874,T,IBM,I,1,304.06
2025-11-17,9:57:48.340321884,T,IBM,,757,304.06
2025-11-17,9:57:48.340412117,T,IBM,I,2,304.02
2025-11-17,9:57:48.340472189,T,IBM,,40,304.02
2025-11-17,9:57:48.340493282,T,IBM,I,1,304.02
2025-11-17,9:57:56.467746533,T,IBM,F I,12,304.04
2025-11-17,9:57:56.467806673,T,IBM,F I,13,304.06
2025-11-17,9:58:10.651553189,T,IBM,F I,30,303.96
2025-11-17,9:58:10.651616418,T,IBM,F I,6,303.95
2025-11-17,9:58:10.651637385,T,IBM,F I,10,303.94
2025-11-17,9:58:10.651805861,T,IBM,F I,30,303.94
2025-11-17,9:58:10.651865984,T,IBM,I,6,303.93
2025-11-17,9:58:20.080452305,T,IBM,F I,1,303.83
2025-11-17,9:58:20.080477110,T,IBM,F I,30,303.83
2025-11-17,9:58:20.080479391,T,IBM,F,40,303.83
2025-11-17,9:58:34.010400714,T,IBM,F,40,303.74
2025-11-17,9:58:38.031221794,T,IBM,F I,4,303.63
2025-11-17,9:58:38.031224896,T,IBM,F I,4,303.62
2025-11-17,9:58:38.034301176,T,IBM,,51,303.64
2025-11-17,9:58:50.291890362,T,IBM,,40,303.58
2025-11-17,9:58:50.364582374,T,IBM,I,2,303.54
2025-11-17,9:58:50.364588428,T,IBM,I,1,303.53
2025-11-17,9:58:50.842134347,T,IBM,F,40,303.58
2025-11-17,9:58:56.912752535,T,IBM,F,40,303.91
2025-11-17,9:58:56.917175983,T,IBM,F,40,303.92
2025-11-17,9:58:57.155364409,T,IBM,I,10,303.91
2025-11-17,9:58:57.155367007,T,IBM,I,10,303.9
2025-11-17,9:58:57.155370067,T,IBM,I,7,303.89
2025-11-17,9:58:57.155397066,T,IBM,,40,303.89
2025-11-17,9:58:57.155448312,T,IBM,F I,10,303.93
2025-11-17,9:58:57.155448312,T,IBM,F I,5,303.94
2025-11-17,9:59:02.377262464,T,IBM,F,100,303.79
2025-11-17,9:59:06.178323552,T,IBM,,45,303.84
2025-11-17,9:59:06.178323552,T,IBM,I,5,303.845
2025-11-17,9:59:17.845303574,T,IBM,I,10,303.85
2025-11-17,9:59:18.682854487,T,IBM,F I,1,303.87
2025-11-17,9:59:18.838174250,T,IBM,,62,303.95
2025-11-17,9:59:25.745751000,T,IBM,I,10,303.88
2025-11-17,9:59:25.745754003,T,IBM,I,10,303.88
2025-11-17,9:59:25.745754003,T,IBM,I,10,303.89
2025-11-17,9:59:25.745783872,T,IBM,I,30,303.905
2025-11-17,9:59:26.334745019,T,IBM,I,10,303.91
2025-11-17,9:59:28.038763699,T,IBM,I,16,303.96
2025-11-17,9:59:38.147217339,T,IBM,,40,303.82
2025-11-17,9:59:51.251721749,T,IBM,I,4,303.88
2025-11-17,9:59:53.290548505,T,IBM,I,1,303.88
2025-11-17,9:59:55.070894781,T,IBM,I,5,303.87
2025-11-17,9:59:59.505071092,T,IBM,I,5,303.88
2025-11-17,9:59:59.850100487,T,IBM,I,5,303.89
2025-11-17,9:59:59.850100487,T,IBM,,40,303.9
2025-11-17,10:00:00.629622462,T,IBM,F I,1,304.0
2025-11-17,10:00:00.656560571,T,IBM,I,1,304.06
2025-11-17,10:00:00.656563564,T,IBM,,40,304.06
2025-11-17,10:00:00.659017464,T,IBM,I,8,304.07
2025-11-17,10:00:00.659017464,T,IBM,,93,304.11
2025-11-17,10:00:00.826835017,T,IBM,,40,303.995
2025-11-17,10:00:03.315572092,T,IBM,F I,30,303.84
2025-11-17,10:00:03.315572092,T,IBM,F I,10,303.84
2025-11-17,10:00:03.315574531,T,IBM,F I,39,303.82
2025-11-17,10:00:03.315577525,T,IBM,F I,1,303.82
2025-11-17,10:00:03.315887400,T,IBM,,48,303.81
2025-11-17,10:00:03.315887400,T,IBM,F I,32,303.81
2025-11-17,10:00:03.316452648,T,IBM,,40,303.8
2025-11-17,10:00:03.316482819,T,IBM,,40,303.87
2025-11-17,10:00:07.454853687,T,IBM,I,16,303.69
2025-11-17,10:00:07.471480283,T,IBM,I,1,303.69
2025-11-17,10:00:07.472580939,T,IBM,,100,303.78
2025-11-17,10:00:09.708473234,T,IBM,I,10,303.82
2025-11-17,10:00:09.708475889,T,IBM,I,10,303.84
2025-11-17,10:00:09.708479060,T,IBM,I,3,303.85
2025-11-17,10:00:09.708479060,T,IBM,,40,303.85
2025-11-17,10:00:09.708481875,T,IBM,I,10,303.85
2025-11-17,10:00:45.516113649,T,IBM,F I,10,303.73
2025-11-17,10:00:45.516697009,T,IBM,F,40,303.7
2025-11-17,10:00:45.516838324,T,IBM,I,2,303.71
2025-11-17,10:00:45.522389675,T,IBM,I,21,303.76
2025-11-17,10:00:46.052404303,T,IBM,F,40,303.58
2025-11-17,10:00:51.857905065,T,IBM,,40,303.48
2025-11-17,10:00:51.884644765,T,IBM,I,20,303.48
2025-11-17,10:00:51.884644765,T,IBM,I,20,303.47
2025-11-17,10:00:51.884662788,T,IBM,I,1,303.47
2025-11-17,10:01:05.821250976,T,IBM,,40,303.525
2025-11-17,10:01:06.204618825,T,IBM,F I,5,303.57
2025-11-17,10:01:06.204618825,T,IBM,F I,5,303.59
2025-11-17,10:01:06.204621600,T,IBM,F I,36,303.6
2025-11-17,10:01:06.204642753,T,IBM,I,8,303.6
2025-11-17,10:01:06.204687815,T,IBM,F I,8,303.61
2025-11-17,10:01:26.306814937,T,IBM,I,19,303.47
2025-11-17,10:01:29.619931413,T,IBM,F I,30,303.46
2025-11-17,10:01:29.619931413,T,IBM,F I,1,303.45
2025-11-17,10:01:29.619934576,T,IBM,F I,10,303.45
2025-11-17,10:01:29.619937396,T,IBM,F,45,303.45
2025-11-17,10:01:29.619940499,T,IBM,F I,5,303.44
2025-11-17,10:01:29.620400506,T,IBM,F I,20,303.45
2025-11-17,10:01:29.629452060,T,IBM,F I,1,303.5
2025-11-17,10:01:30.624581269,T,IBM,F I,30,303.48
2025-11-17,10:01:30.624581269,T,IBM,F I,20,303.45
2025-11-17,10:01:30.624584310,T,IBM,F I,25,303.45
2025-11-17,10:01:30.624918026,T,IBM,F I,20,303.44
2025-11-17,10:01:30.624942082,T,IBM,I,1,303.44
2025-11-17,10:01:30.624969169,T,IBM,,54,303.44
2025-11-17,10:01:30.625687978,T,IBM,I,4,303.51
2025-11-17,10:01:30.625708975,T,IBM,I,3,303.51
2025-11-17,10:01:30.625847211,T,IBM,I,32,303.48
2025-11-17,10:01:30.625854356,T,IBM,I,8,303.48
2025-11-17,10:01:30.625854356,T,IBM,I,2,303.47
2025-11-17,10:01:35.492997025,T,IBM,,45,303.515
2025-11-17,10:01:35.493063152,T,IBM,,45,303.515
2025-11-17,10:01:35.497513747,T,IBM,,40,303.515
2025-11-17,10:01:35.516425749,T,IBM,,40,303.515
2025-11-17,10:01:35.516458875,T,IBM,I,4,303.515
2025-11-17,10:01:36.678398015,T,IBM,,40,303.515
2025-11-17,10:01:47.316264896,T,IBM,F I,3,303.48
2025-11-17,10:01:47.316268071,T,IBM,F I,5,303.47
2025-11-17,10:01:47.316268071,T,IBM,F I,10,303.46
2025-11-17,10:01:47.316270997,T,IBM,F I,9,303.46
2025-11-17,10:01:47.316270997,T,IBM,F I,3,303.44
2025-11-17,10:01:54.174169677,T,IBM,F I,2,303.46
2025-11-17,10:01:54.174463921,T,IBM,I,10,303.44
2025-11-17,10:01:54.175200688,T,IBM,F I,1,303.43
2025-11-17,10:01:54.175203780,T,IBM,F,40,303.43
2025-11-17,10:01:54.175251831,T,IBM,F I,8,303.41
2025-11-17,10:01:54.175258300,T,IBM,F,100,303.4
2025-11-17,10:01:54.175260848,T,IBM,F I,1,303.4
2025-11-17,10:01:54.175714961,T,IBM,,100,303.42
2025-11-17,10:01:54.175916412,T,IBM,F,100,303.41
2025-11-17,10:01:54.180397047,T,IBM,F,100,303.455
2025-11-17,10:02:14.160896608,T,IBM,F I,1,303.34
2025-11-17,10:02:14.160896608,T,IBM,F I,1,303.33
2025-11-17,10:02:14.160899660,T,IBM,F I,4,303.33
2025-11-17,10:02:14.160899660,T,IBM,F I,4,303.33
2025-11-17,10:02:14.161146204,T,IBM,I,9,303.33
2025-11-17,10:02:14.161278595,T,IBM,F I,1,303.33
2025-11-17,10:02:14.161762737,T,IBM,I,11,303.33
2025-11-17,10:02:18.424392504,T,IBM,F,40,303.32
2025-11-17,10:02:20.087673257,T,IBM,F I,30,303.28
2025-11-17,10:02:20.087820686,T,IBM,F I,2,303.27
2025-11-17,10:02:20.088713762,T,IBM,F I,5,303.22
2025-11-17,10:02:20.089101657,T,IBM,I,4,303.27
2025-11-17,10:02:20.222842182,T,IBM,F I,1,303.16
2025-11-17,10:02:20.679909234,T,IBM,F I,2,303.2
2025-11-17,10:02:21.114449875,T,IBM,F I,20,303.09
2025-11-17,10:02:21.114449875,T,IBM,F I,1,303.08
2025-11-17,10:02:21.114452643,T,IBM,F I,19,303.08
2025-11-17,10:02:21.114467745,T,IBM,I,1,303.08
2025-11-17,10:02:30.596412886,T,IBM,F,100,303.19
2025-11-17,10:02:30.596415935,T,IBM,F,40,303.19
2025-11-17,10:02:30.596473048,T,IBM,F,100,303.21
2025-11-17,10:02:30.596677482,T,IBM,F I,1,303.22
2025-11-17,10:02:30.598343926,T,IBM,F,100,303.16
2025-11-17,10:02:30.598343926,T,IBM,F I,30,303.21
2025-11-17,10:02:30.598347333,T,IBM,F I,9,303.22
2025-11-17,10:02:30.598347333,T,IBM,F,70,303.22
2025-11-17,10:02:30.598362847,T,IBM,I,1,303.21
2025-11-17,10:02:40.357203382,T,IBM,F,100,303.16
2025-11-17,10:02:40.357206629,T,IBM,F I,30,303.16
2025-11-17,10:02:40.357208980,T,IBM,F I,30,303.17
2025-11-17,10:02:40.357211821,T,IBM,F,100,303.17
2025-11-17,10:02:40.357211821,T,IBM,F I,4,303.17
2025-11-17,10:02:40.357630021,T,IBM,I,5,303.13
2025-11-17,10:02:40.357630021,T,IBM,I,13,303.12
2025-11-17,10:02:40.357635840,T,IBM,I,35,303.12
2025-11-17,10:02:40.357650921,T,IBM,I,1,303.12
2025-11-17,10:02:40.357681004,T,IBM,I,13,303.17
2025-11-17,10:02:40.358098971,T,IBM,F,100,303.12
2025-11-17,10:02:40.358119968,T,IBM,F I,17,303.09
2025-11-17,10:02:40.358134991,T,IBM,F I,20,303.08
2025-11-17,10:02:40.358213292,T,IBM,,357,303.08
2025-11-17,10:02:40.368202959,T,IBM,F,45,303.12
2025-11-17,10:02:40.368224352,T,IBM,F I,6,303.12
2025-11-17,10:02:40.368239063,T,IBM,F I,3,303.12
2025-11-17,10:02:53.616708036,T,IBM,I,2,303.04
2025-11-17,10:02:53.616792457,T,IBM,F I,37,303.03
2025-11-17,10:02:53.616816300,T,IBM,F I,3,303.03
2025-11-17,10:02:53.616819954,T,IBM,F I,19,303.03
2025-11-17,10:02:53.617453800,T,IBM,F,40,303.0
2025-11-17,10:02:53.617697369,T,IBM,I,2,303.03
2025-11-17,10:02:53.870103328,T,IBM,F I,20,302.95
2025-11-17,10:02:53.870109340,T,IBM,F,40,302.94
2025-11-17,10:02:53.870109340,T,IBM,F I,5,302.94
2025-11-17,10:02:53.870112328,T,IBM,F I,16,302.94
2025-11-17,10:02:53.870121377,T,IBM,I,1,302.94
2025-11-17,10:02:53.870157393,T,IBM,F I,19,302.94
2025-11-17,10:02:53.880348686,T,IBM,,100,302.94
2025-11-17,10:02:53.880372878,T,IBM,F I,5,302.97
2025-11-17,10:02:53.887776390,T,IBM,F,40,302.97
2025-11-17,10:03:07.581635668,T,IBM,F,102,303.07
2025-11-17,10:03:08.948681085,T,IBM,F,40,303.04
2025-11-17,10:03:08.948681085,T,IBM,F,100,303.04
2025-11-17,10:03:09.778142725,T,IBM,F I,26,303.04
2025-11-17,10:03:10.696574283,T,IBM,,100,303.06
2025-11-17,10:03:12.048042566,T,IBM,I,30,303.02
2025-11-17,10:03:12.048045612,T,IBM,,52,302.96
2025-11-17,10:03:16.242079158,T,IBM,F I,30,302.96
2025-11-17,10:03:16.242079158,T,IBM,F I,36,302.94
2025-11-17,10:03:16.242100151,T,IBM,I,1,302.94
2025-11-17,10:03:16.242163376,T,IBM,I,3,302.94
2025-11-17,10:03:16.242163376,T,IBM,I,26,302.94
2025-11-17,10:03:20.247172907,T,IBM,F,40,302.83
2025-11-17,10:03:20.247260220,T,IBM,F I,5,302.82
2025-11-17,10:03:20.247266642,T,IBM,F,40,302.82
2025-11-17,10:03:20.247266642,T,IBM,F I,8,302.82
2025-11-17,10:03:20.247266642,T,IBM,F,84,302.82
2025-11-17,10:03:20.247269170,T,IBM,F I,10,302.82
2025-11-17,10:03:20.247422391,T,IBM,,100,302.84
2025-11-17,10:03:21.695838643,T,IBM,,100,302.845
2025-11-17,10:03:31.053305509,T,IBM,I,35,302.76
2025-11-17,10:03:31.053329558,T,IBM,F I,5,302.76
2025-11-17,10:03:31.053332796,T,IBM,F I,1,302.76
2025-11-17,10:03:31.053332796,T,IBM,F I,9,302.76
2025-11-17,10:03:31.053336251,T,IBM,I,1,302.76
2025-11-17,10:03:33.061859146,T,IBM,F,40,302.74
2025-11-17,10:03:33.546913897,T,IBM,I,10,302.7
2025-11-17,10:03:34.176525798,T,IBM,I,5,302.66
2025-11-17,10:03:34.176525798,T,IBM,I,6,302.66
2025-11-17,10:03:34.176709168,T,IBM,F I,20,302.65
2025-11-17,10:03:34.176709168,T,IBM,F I,20,302.64
2025-11-17,10:03:34.176733258,T,IBM,F I,20,302.64
2025-11-17,10:03:34.487400254,T,IBM,F I,14,302.63
2025-11-17,10:03:34.487402878,T,IBM,F I,7,302.63
2025-11-17,10:03:34.487472442,T,IBM,F I,10,302.62
2025-11-17,10:03:34.487511059,T,IBM,F I,2,302.61
2025-11-17,10:03:34.488377169,T,IBM,F I,23,302.615
2025-11-17,10:03:34.490800917,T,IBM,I,1,302.56
2025-11-17,10:03:35.389857221,T,IBM,F,40,302.53
2025-11-17,10:03:35.862871341,T,IBM,F I,20,302.51
2025-11-17,10:03:35.862871341,T,IBM,F I,20,302.5
2025-11-17,10:03:35.862886381,T,IBM,I,1,302.5
2025-11-17,10:03:37.655736645,T,IBM,I,19,302.5
2025-11-17,10:03:52.820310168,T,IBM,F I,5,302.46
2025-11-17,10:03:53.605572653,T,IBM,,40,302.52
2025-11-17,10:03:53.605662811,T,IBM,F I,20,302.55
2025-11-17,10:03:55.950257490,T,IBM,F,100,302.61
2025-11-17,10:04:00.358184546,T,IBM,F I,5,302.53
2025-11-17,10:04:00.358184546,T,IBM,F I,5,302.53
2025-11-17,10:04:00.358187216,T,IBM,F I,1,302.49
2025-11-17,10:04:06.465471427,T,IBM,F I,4,302.48
2025-11-17,10:04:06.465474511,T,IBM,F I,2,302.48
2025-11-17,10:04:06.465642947,T,IBM,I,2,302.45
2025-11-17,10:04:06.704564689,T,IBM,F I,1,302.5
2025-11-17,10:04:08.978503109,T,IBM,I,10,302.44
2025-11-17,10:04:08.978521214,T,IBM,I,5,302.44
2025-11-17,10:04:22.939284088,T,IBM,F I,20,302.43
2025-11-17,10:04:22.939284088,T,IBM,F I,5,302.41
2025-11-17,10:04:22.939290028,T,IBM,F I,10,302.4
2025-11-17,10:04:22.939293008,T,IBM,F I,10,302.38
2025-11-17,10:04:22.939304873,T,IBM,F I,30,302.38
2025-11-17,10:04:22.939307957,T,IBM,F I,5,302.38
2025-11-17,10:04:24.117311348,T,IBM,F I,2,302.3
2025-11-17,10:04:24.117314326,T,IBM,F I,4,302.3
2025-11-17,10:04:31.624834225,T,IBM,F,100,302.26
2025-11-17,10:04:32.404184564,T,IBM,F I,5,302.26
2025-11-17,10:04:33.615426554,T,IBM,F I,5,302.23
2025-11-17,10:04:33.615429434,T,IBM,F I,10,302.22
2025-11-17,10:04:33.615432222,T,IBM,F I,5,302.21
2025-11-17,10:04:33.615432222,T,IBM,F I,10,302.2
2025-11-17,10:04:33.615435051,T,IBM,F I,9,302.18
2025-11-17,10:04:38.948198503,T,IBM,F I,39,302.17
2025-11-17,10:04:38.948217208,T,IBM,I,1,302.17
2025-11-17,10:04:38.948222523,T,IBM,F,40,302.17
2025-11-17,10:04:38.948222523,T,IBM,F I,33,302.17
2025-11-17,10:04:38.948226007,T,IBM,F I,1,302.17
2025-11-17,10:04:38.948226007,T,IBM,F I,9,302.17
2025-11-17,10:04:38.948232261,T,IBM,F I,10,302.17
2025-11-17,10:04:38.948234534,T,IBM,F,40,302.17
2025-11-17,10:04:38.948237561,T,IBM,F I,10,302.17
2025-11-17,10:04:50.694832059,T,IBM,F,40,302.22
2025-11-17,10:05:01.038127073,T,IBM,F I,14,302.09
2025-11-17,10:05:01.038127073,T,IBM,F I,11,302.09
2025-11-17,10:05:01.038352385,T,IBM,F I,10,302.05
2025-11-17,10:05:06.230858887,T,IBM,,40,302.105
2025-11-17,10:05:06.230895709,T,IBM,,40,302.105
2025-11-17,10:05:06.230897901,T,IBM,I,2,302.11
2025-11-17,10:05:06.230900885,T,IBM,I,3,302.11
2025-11-17,10:05:06.407291809,T,IBM,F,100,302.06
2025-11-17,10:05:06.407294910,T,IBM,F,41,302.04
2025-11-17,10:05:06.407297826,T,IBM,F I,6,302.04
2025-11-17,10:05:06.407313716,T,IBM,F,53,302.04
2025-11-17,10:05:06.407313716,T,IBM,F I,1,302.04
2025-11-17,10:05:06.407318875,T,IBM,F,40,302.04
2025-11-17,10:05:06.407430203,T,IBM,,100,302.04
2025-11-17,10:05:06.407433204,T,IBM,F I,6,302.0
2025-11-17,10:05:06.407436242,T,IBM,,83,302.04
2025-11-17,10:05:06.407460324,T,IBM,F I,17,302.05
2025-11-17,10:05:06.407460324,T,IBM,F I,17,302.05
2025-11-17,10:05:06.407490308,T,IBM,F,66,302.05
2025-11-17,10:05:06.407493690,T,IBM,I,17,302.05
2025-11-17,10:05:06.407496342,T,IBM,,83,302.05
2025-11-17,10:05:06.407509068,T,IBM,I,17,302.05
2025-11-17,10:05:06.407514358,T,IBM,,83,302.04
2025-11-17,10:05:06.407523370,T,IBM,I,9,302.04
2025-11-17,10:05:06.407526666,T,IBM,F,158,302.04
2025-11-17,10:05:06.407661696,T,IBM,F,100,302.0
2025-11-17,10:05:06.407950683,T,IBM,F I,12,302.05
2025-11-17,10:05:06.407950683,T,IBM,F I,10,302.07
2025-11-17,10:05:06.407953418,T,IBM,F I,9,302.08
2025-11-17,10:05:06.408224062,T,IBM,I,4,302.06
2025-11-17,10:05:06.408386618,T,IBM,F I,7,302.03
2025-11-17,10:05:06.408398482,T,IBM,F I,16,302.03
2025-11-17,10:05:06.413230951,T,IBM,F,40,302.0
2025-11-17,10:05:06.413237048,T,IBM,F I,1,302.0
2025-11-17,10:05:06.413237048,T,IBM,F I,10,302.0
2025-11-17,10:05:06.413240069,T,IBM,F,51,302.0
2025-11-17,10:05:06.413393440,T,IBM,I,10,302.04
2025-11-17,10:05:08.593499465,T,IBM,F I,4,302.01
2025-11-17,10:05:08.593502920,T,IBM,F,40,302.0
2025-11-17,10:05:08.593505466,T,IBM,F,40,302.0
2025-11-17,10:05:08.593505466,T,IBM,F I,11,302.0
2025-11-17,10:05:08.593523533,T,IBM,F I,4,302.0
2025-11-17,10:05:08.653492250,T,IBM,F I,6,301.97
2025-11-17,10:05:08.653681742,T,IBM,F I,2,301.92
2025-11-17,10:05:08.654051682,T,IBM,I,24,301.99
2025-11-17,10:05:08.654060672,T,IBM,I,16,301.99
2025-11-17,10:05:08.654066722,T,IBM,I,24,301.99
2025-11-17,10:05:08.654075723,T,IBM,I,1,301.98
2025-11-17,10:05:08.655365723,T,IBM,F,83,301.89
2025-11-17,10:05:08.655390045,T,IBM,F,40,301.88
2025-11-17,10:05:08.655390045,T,IBM,F,51,301.88
2025-11-17,10:05:08.655432244,T,IBM,F I,10,301.87
2025-11-17,10:05:08.655432244,T,IBM,F,40,301.87
2025-11-17,10:05:08.679847017,T,IBM,,100,301.805
2025-11-17,10:05:09.045538586,T,IBM,F I,2,301.8
2025-11-17,10:05:09.045562670,T,IBM,F I,6,301.79
2025-11-17,10:05:09.045962638,T,IBM,I,10,301.77
2025-11-17,10:05:09.045962638,T,IBM,I,1,301.77
2025-11-17,10:05:10.336978029,T,IBM,F I,20,301.7
2025-11-17,10:05:10.336981111,T,IBM,F I,10,301.69
2025-11-17,10:05:10.336996089,T,IBM,I,1,301.69
2025-11-17,10:05:10.384696076,T,IBM,F I,29,301.69
2025-11-17,10:05:10.384699336,T,IBM,F,51,301.69
2025-11-17,10:05:10.384701700,T,IBM,F I,28,301.69
2025-11-17,10:05:10.384701700,T,IBM,F I,9,301.67
2025-11-17,10:05:10.384749920,T,IBM,,100,301.69
2025-11-17,10:05:10.384773861,T,IBM,I,1,301.68
2025-11-17,10:05:10.384806925,T,IBM,,44,301.68
2025-11-17,10:05:10.384879216,T,IBM,I,10,301.74
2025-11-17,10:05:10.384879216,T,IBM,I,5,301.75
2025-11-17,10:05:10.384882132,T,IBM,,45,301.77
2025-11-17,10:05:10.385110703,T,IBM,I,10,301.68
2025-11-17,10:05:15.916066965,T,IBM,F,100,301.68
2025-11-17,10:05:30.559674387,T,IBM,I,30,301.81
2025-11-17,10:05:30.559674387,T,IBM,I,10,301.84
2025-11-17,10:05:36.912379140,T,IBM,I,1,301.86
2025-11-17,10:05:36.912379140,T,IBM,I,39,301.86
2025-11-17,10:05:36.912381893,T,IBM,,40,301.86
2025-11-17,10:05:36.912387875,T,IBM,F I,21,301.86
2025-11-17,10:05:36.912387875,T,IBM,F I,19,301.86
2025-11-17,10:05:36.912393922,T,IBM,F,40,301.86
2025-11-17,10:05:36.912405887,T,IBM,F,40,301.86
2025-11-17,10:05:36.912445034,T,IBM,F I,1,301.86
2025-11-17,10:05:36.912449492,T,IBM,F I,39,301.87
2025-11-17,10:05:36.912449492,T,IBM,F I,1,301.87
2025-11-17,10:05:36.912451209,T,IBM,F I,39,301.87
2025-11-17,10:05:36.912469590,T,IBM,I,17,301.87
2025-11-17,10:05:36.912472055,T,IBM,I,1,301.87
2025-11-17,10:05:36.912541270,T,IBM,I,23,301.87
2025-11-17,10:05:37.118378208,T,IBM,F I,10,301.82
2025-11-17,10:05:37.118381479,T,IBM,F,40,301.8
2025-11-17,10:05:37.118384313,T,IBM,F I,13,301.8
2025-11-17,10:05:37.118387268,T,IBM,F I,10,301.8
2025-11-17,10:05:37.786752354,T,IBM,F I,10,301.71
2025-11-17,10:05:39.544304733,T,IBM,F I,20,301.73
2025-11-17,10:05:39.544304733,T,IBM,F,40,301.72
2025-11-17,10:05:39.544308186,T,IBM,F I,30,301.72
2025-11-17,10:05:39.544310854,T,IBM,F I,20,301.72
2025-11-17,10:05:39.544314049,T,IBM,F,40,301.72
2025-11-17,10:05:39.544314049,T,IBM,F I,7,301.71
2025-11-17,10:05:39.544316565,T,IBM,F I,20,301.71
2025-11-17,10:05:39.544334625,T,IBM,F,60,301.71
2025-11-17,10:06:04.332033984,T,IBM,F I,20,301.6
2025-11-17,10:06:04.332033984,T,IBM,F I,10,301.59
2025-11-17,10:06:04.332037096,T,IBM,F I,4,301.59
2025-11-17,10:06:04.332040503,T,IBM,F I,6,301.59
2025-11-17,10:06:04.332040503,T,IBM,I,38,301.59
2025-11-17,10:06:04.332042723,T,IBM,I,3,301.59
2025-11-17,10:06:04.332541764,T,IBM,F I,14,301.61
2025-11-17,10:06:19.223542081,T,IBM,,40,301.675
2025-11-17,10:06:19.228034679,T,IBM,F I,2,301.71
2025-11-17,10:06:19.228070743,T,IBM,F,100,301.73
2025-11-17,10:06:19.228477110,T,IBM,F I,4,301.74
2025-11-17,10:06:19.228491744,T,IBM,F,40,301.75
2025-11-17,10:06:19.228500770,T,IBM,,40,301.75
2025-11-17,10:06:19.228512809,T,IBM,I,1,301.75
2025-11-17,10:06:19.228524912,T,IBM,F I,1,301.75
2025-11-17,10:06:25.759520819,T,IBM,F I,10,301.88
2025-11-17,10:06:25.759520819,T,IBM,F I,12,301.89
2025-11-17,10:06:25.759535812,T,IBM,F I,28,301.89
2025-11-17,10:06:25.759710275,T,IBM,F,40,301.93
2025-11-17,10:06:25.759713870,T,IBM,F I,22,301.93
2025-11-17,10:06:25.759716263,T,IBM,F I,5,301.94
2025-11-17,10:06:25.759719349,T,IBM,F I,20,301.94
2025-11-17,10:06:25.759725740,T,IBM,F I,20,301.94
2025-11-17,10:06:25.759729546,T,IBM,F I,2,301.94
2025-11-17,10:06:25.759734585,T,IBM,F I,18,301.94
2025-11-17,10:06:25.759734585,T,IBM,F,40,301.94
2025-11-17,10:06:25.759734585,T,IBM,F I,7,301.94
2025-11-17,10:06:25.759737390,T,IBM,,42,301.94
2025-11-17,10:06:25.759755737,T,IBM,F I,13,301.94
2025-11-17,10:06:25.760597899,T,IBM,F,40,301.95
2025-11-17,10:06:25.760600833,T,IBM,F,100,301.95
2025-11-17,10:06:25.760603452,T,IBM,F,100,301.95
2025-11-17,10:06:25.760619500,T,IBM,I,20,301.95
2025-11-17,10:06:25.760630498,T,IBM,I,20,301.95
2025-11-17,10:06:25.760630498,T,IBM,,80,301.95
2025-11-17,10:06:25.760633613,T,IBM,F I,2,301.96
2025-11-17,10:06:25.760633613,T,IBM,F,40,301.96
2025-11-17,10:06:25.760651542,T,IBM,F,40,301.96
2025-11-17,10:06:25.760651542,T,IBM,F I,2,301.96
2025-11-17,10:06:25.761328107,T,IBM,,40,301.96
2025-11-17,10:06:25.761331169,T,IBM,,100,301.96
2025-11-17,10:06:25.761343107,T,IBM,I,1,301.96
2025-11-17,10:06:25.761349253,T,IBM,I,35,301.96
2025-11-17,10:06:25.761373282,T,IBM,I,2,301.96
2025-11-17,10:06:25.778986119,T,IBM,I,7,302.0
2025-11-17,10:06:25.789216497,T,IBM,I,2,302.0
2025-11-17,10:06:25.789225522,T,IBM,I,10,302.0
2025-11-17,10:06:25.906312296,T,IBM,I,2,302.0
2025-11-17,10:06:26.015372923,T,IBM,I,36,302.0
2025-11-17,10:06:26.306913996,T,IBM,I,7,302.08
2025-11-17,10:06:26.306916983,T,IBM,I,27,302.08
2025-11-17,10:06:28.173379390,T,IBM,F I,6,302.12
2025-11-17,10:06:28.173418538,T,IBM,F I,6,302.12
2025-11-17,10:06:29.064665201,T,IBM,F I,6,302.13
2025-11-17,10:06:29.067293502,T,IBM,F,45,302.14
2025-11-17,10:06:29.067296454,T,IBM,F I,18,302.17
2025-11-17,10:06:29.072014705,T,IBM,F I,1,302.14
2025-11-17,10:06:29.077202011,T,IBM,F I,20,302.09
2025-11-17,10:06:29.077938785,T,IBM,,40,302.08
2025-11-17,10:06:29.077941792,T,IBM,,40,302.08
2025-11-17,10:06:29.078254704,T,IBM,F,40,302.09
2025-11-17,10:06:32.424374547,T,IBM,F I,31,302.03
2025-11-17,10:06:32.425183465,T,IBM,,40,301.97
2025-11-17,10:06:38.759727769,T,IBM,,40,301.94
2025-11-17,10:06:41.002930063,T,IBM,F I,10,302.02
2025-11-17,10:06:41.002933080,T,IBM,F I,17,302.04
2025-11-17,10:06:48.505500076,T,IBM,F,40,301.94
2025-11-17,10:06:54.430228702,T,IBM,I,39,302.025
2025-11-17,10:06:54.432766734,T,IBM,,40,302.025
2025-11-17,10:06:55.231720842,T,IBM,F I,27,302.04
2025-11-17,10:06:59.909666317,T,IBM,F I,30,302.05
2025-11-17,10:07:00.219800691,T,IBM,,40,302.11
2025-11-17,10:07:01.193043624,T,IBM,,40,302.115
2025-11-17,10:07:01.193046533,T,IBM,,40,302.115
2025-11-17,10:07:08.064218784,T,IBM,F,40,302.01
2025-11-17,10:07:08.064221483,T,IBM,F I,18,302.01
2025-11-17,10:07:08.064236569,T,IBM,F I,10,302.01
2025-11-17,10:07:08.064245492,T,IBM,F,40,302.0
2025-11-17,10:07:08.064308640,T,IBM,F I,19,302.0
2025-11-17,10:07:08.064332775,T,IBM,I,21,302.0
2025-11-17,10:07:08.064562118,T,IBM,I,5,302.04
2025-11-17,10:07:08.064564236,T,IBM,I,36,302.04
2025-11-17,10:07:08.064861934,T,IBM,F,80,301.98
2025-11-17,10:07:08.064931185,T,IBM,F I,11,302.03
2025-11-17,10:07:08.100749381,T,IBM,F,64,301.97
2025-11-17,10:07:13.197111067,T,IBM,F,40,301.86
2025-11-17,10:07:19.757427031,T,IBM,F I,30,301.9
2025-11-17,10:07:19.757427031,T,IBM,F I,20,301.86
2025-11-17,10:07:19.757451031,T,IBM,F,40,301.85
2025-11-17,10:07:19.757472157,T,IBM,F I,10,301.84
2025-11-17,10:07:19.757556361,T,IBM,,75,301.81
2025-11-17,10:07:19.757559319,T,IBM,I,25,301.81
2025-11-17,10:07:19.757577343,T,IBM,I,32,301.81
2025-11-17,10:07:19.763684924,T,IBM,I,5,301.76
2025-11-17,10:07:19.763684924,T,IBM,I,13,301.72
2025-11-17,10:07:19.766791323,T,IBM,I,5,301.73
2025-11-17,10:07:19.768619791,T,IBM,F I,2,301.81
2025-11-17,10:07:19.768619791,T,IBM,F I,10,301.82
2025-11-17,10:07:19.768622697,T,IBM,F I,10,301.82
2025-11-17,10:07:19.768622697,T,IBM,F I,5,301.83
2025-11-17,10:07:19.769696392,T,IBM,I,3,301.8
2025-11-17,10:07:19.769696392,T,IBM,,75,301.77
2025-11-17,10:07:19.769699279,T,IBM,I,15,301.76
2025-11-17,10:07:19.769765441,T,IBM,F,100,301.88
2025-11-17,10:07:19.769792481,T,IBM,F I,4,301.9
2025-11-17,10:07:19.770027057,T,IBM,I,10,301.9
2025-11-17,10:07:39.062750592,T,IBM,I,10,301.76
2025-11-17,10:07:39.062750592,T,IBM,I,5,301.75
2025-11-17,10:07:39.062753219,T,IBM,I,2,301.73
2025-11-17,10:07:39.062753219,T,IBM,I,7,301.72
2025-11-17,10:07:39.062774332,T,IBM,F I,3,301.72
2025-11-17,10:07:39.062777292,T,IBM,F,40,301.71
2025-11-17,10:07:39.062780314,T,IBM,F I,15,301.71
2025-11-17,10:07:39.062780314,T,IBM,F I,33,301.71
2025-11-17,10:07:39.062783649,T,IBM,F I,3,301.71
2025-11-17,10:07:39.063640390,T,IBM,F I,14,301.71
2025-11-17,10:07:39.064723067,T,IBM,F I,14,301.71
2025-11-17,10:07:39.210738694,T,IBM,F I,1,301.7
2025-11-17,10:07:39.210741521,T,IBM,F,79,301.68
2025-11-17,10:07:39.210759575,T,IBM,I,1,301.68
2025-11-17,10:07:43.335724688,T,IBM,F I,5,301.6
2025-11-17,10:07:44.553669155,T,IBM,,40,301.52
2025-11-17,10:07:44.553684188,T,IBM,I,1,301.52
2025-11-17,10:07:46.778569928,T,IBM,F I,5,301.59
2025-11-17,10:07:46.784584163,T,IBM,I,9,301.59
2025-11-17,10:07:50.304677308,T,IBM,I,5,301.55
2025-11-17,10:08:00.337891798,T,IBM,F I,7,301.55
2025-11-17,10:08:02.067690822,T,IBM,F I,10,301.62
2025-11-17,10:08:04.984638086,T,IBM,F I,5,301.61
2025-11-17,10:08:05.000515774,T,IBM,F I,6,301.76
2025-11-17,10:08:05.001619447,T,IBM,I,17,301.72
2025-11-17,10:08:15.980386598,T,IBM,,40,301.59
2025-11-17,10:08:15.980389670,T,IBM,I,10,301.59
2025-11-17,10:08:15.980389670,T,IBM,I,4,301.59
2025-11-17,10:08:15.980834715,T,IBM,I,1,301.59
2025-11-17,10:08:15.981418159,T,IBM,F I,28,301.59
2025-11-17,10:08:15.992270889,T,IBM,I,5,301.59
2025-11-17,10:08:16.013874378,T,IBM,I,10,301.59
2025-11-17,10:08:18.860472172,T,IBM,,40,301.655
2025-11-17,10:08:31.741093691,T,IBM,I,1,301.63
2025-11-17,10:08:31.741096774,T,IBM,I,14,301.6
2025-11-17,10:08:31.749396538,T,IBM,F I,1,301.6
2025-11-17,10:08:31.750235509,T,IBM,,80,301.6
2025-11-17,10:08:31.751973578,T,IBM,I,10,301.6
2025-11-17,10:08:31.751976570,T,IBM,,70,301.59
2025-11-17,10:08:31.752298361,T,IBM,I,1,301.59
2025-11-17,10:08:31.790597521,T,IBM,I,9,301.59
2025-11-17,10:08:31.790615623,T,IBM,I,8,301.59
2025-11-17,10:08:31.930508623,T,IBM,I,1,301.56
2025-11-17,10:08:31.962718274,T,IBM,I,35,301.56
2025-11-17,10:08:31.963046390,T,IBM,,72,301.55
2025-11-17,10:08:31.963064178,T,IBM,I,23,301.55
2025-11-17,10:08:45.783188215,T,IBM,F I,5,301.42
2025-11-17,10:08:46.179847541,T,IBM,,40,301.38
2025-11-17,10:08:46.179850579,T,IBM,I,18,301.38
2025-11-17,10:08:46.181507689,T,IBM,I,10,301.46
2025-11-17,10:08:46.181507689,T,IBM,I,5,301.47
2025-11-17,10:08:46.181510547,T,IBM,I,5,301.48
2025-11-17,10:08:46.492456703,T,IBM,F I,2,301.47
2025-11-17,10:08:46.660395132,T,IBM,F,40,301.53
2025-11-17,10:08:46.660395132,T,IBM,F I,2,301.53
2025-11-17,10:08:46.660400516,T,IBM,F I,7,301.53
2025-11-17,10:08:46.660403599,T,IBM,F I,7,301.53
2025-11-17,10:08:50.680079064,T,IBM,F I,1,301.56
2025-11-17,10:08:50.680082081,T,IBM,F I,18,301.59
2025-11-17,10:08:50.680097066,T,IBM,F I,1,301.59
2025-11-17,10:08:51.629315967,T,IBM,F I,10,301.56
2025-11-17,10:08:51.629318847,T,IBM,F,100,301.55
2025-11-17,10:08:51.629334467,T,IBM,F I,34,301.54
2025-11-17,10:08:51.629339913,T,IBM,F,40,301.54
2025-11-17,10:08:56.119948461,T,IBM,F,40,301.47
2025-11-17,10:09:00.331648999,T,IBM,,40,301.475
2025-11-17,10:09:00.737200602,T,IBM,F I,10,301.48
2025-11-17,10:09:01.662557517,T,IBM,F,40,301.49
2025-11-17,10:09:02.985692361,T,IBM,F,40,301.54
2025-11-17,10:09:02.985710390,T,IBM,I,1,301.54
2025-11-17,10:09:02.985713379,T,IBM,I,35,301.54
2025-11-17,10:09:15.241861925,T,IBM,F I,10,301.47
2025-11-17,10:09:15.241864930,T,IBM,F I,10,301.44
2025-11-17,10:09:21.730847870,T,IBM,I,1,301.42
2025-11-17,10:09:31.447670930,T,IBM,I,10,301.48
2025-11-17,10:09:31.447674387,T,IBM,,40,301.5
2025-11-17,10:09:31.447676681,T,IBM,,45,301.5
2025-11-17,10:09:31.447679431,T,IBM,I,34,301.5
2025-11-17,10:09:31.447706508,T,IBM,I,2,301.41
2025-11-17,10:09:31.447730901,T,IBM,I,38,301.41
2025-11-17,10:09:31.447730901,T,IBM,I,28,301.41
2025-11-17,10:09:31.447733553,T,IBM,I,3,301.41
2025-11-17,10:09:31.447736624,T,IBM,I,1,301.41
2025-11-17,10:09:31.447742651,T,IBM,I,29,301.41
2025-11-17,10:09:31.447784715,T,IBM,,45,301.41
2025-11-17,10:09:31.447791400,T,IBM,I,5,301.41
2025-11-17,10:09:31.447935016,T,IBM,F I,10,301.41
2025-11-17,10:09:31.447944045,T,IBM,I,1,301.41
2025-11-17,10:09:31.447953034,T,IBM,F I,24,301.41
2025-11-17,10:09:31.447959153,T,IBM,F,40,301.41
2025-11-17,10:09:31.448560540,T,IBM,F I,7,301.495
2025-11-17,10:09:36.312408631,T,IBM,F I,4,301.5
2025-11-17,10:09:36.312426993,T,IBM,F,96,301.5
2025-11-17,10:09:36.312426993,T,IBM,F I,4,301.51
2025-11-17,10:09:36.313181474,T,IBM,F I,4,301.54
2025-11-17,10:09:37.788568901,T,IBM,F I,30,301.63
2025-11-17,10:09:37.788568901,T,IBM,F,250,301.64
2025-11-17,10:09:37.788589829,T,IBM,I,1,301.64
2025-11-17,10:09:37.788604930,T,IBM,I,1,301.64
2025-11-17,10:09:37.788614002,T,IBM,F I,28,301.64
2025-11-17,10:09:37.788962716,T,IBM,I,8,301.63
2025-11-17,10:09:37.789025951,T,IBM,I,22,301.63
2025-11-17,10:09:37.789287497,T,IBM,F I,7,301.61
2025-11-17,10:09:37.789348258,T,IBM,,78,301.59
2025-11-17,10:09:37.789368773,T,IBM,I,2,301.59
2025-11-17,10:09:37.789371712,T,IBM,I,1,301.59
2025-11-17,10:09:37.789380724,T,IBM,,300,301.59
2025-11-17,10:09:37.789411208,T,IBM,I,39,301.59
2025-11-17,10:09:37.800344911,T,IBM,,47,301.52
2025-11-17,10:09:37.800356872,T,IBM,I,22,301.52
2025-11-17,10:09:43.331060592,T,IBM,,40,301.55
2025-11-17,10:09:44.569441761,T,IBM,,40,301.49
2025-11-17,10:09:54.181657011,T,IBM,F,40,301.66
2025-11-17,10:09:56.046459434,T,IBM,F I,30,301.6
2025-11-17,10:09:56.046459434,T,IBM,F I,10,301.57
2025-11-17,10:09:56.163681528,T,IBM,F I,30,301.57
2025-11-17,10:09:56.163684669,T,IBM,F I,12,301.55
2025-11-17,10:09:56.163684669,T,IBM,F I,4,301.55
2025-11-17,10:09:56.163756772,T,IBM,F,298,301.57
2025-11-17,10:10:03.199898436,T,IBM,F I,13,301.58
2025-11-17,10:10:16.434468260,T,IBM,F I,27,301.58
2025-11-17,10:10:16.434471163,T,IBM,F I,19,301.58
2025-11-17,10:10:16.434474199,T,IBM,F,80,301.58
2025-11-17,10:10:16.435141842,T,IBM,F,66,301.54
2025-11-17,10:10:16.435165841,T,IBM,F I,11,301.59
2025-11-17,10:10:16.514160967,T,IBM,F,40,301.5
2025-11-17,10:10:16.514178964,T,IBM,F I,5,301.5
2025-11-17,10:10:16.514181999,T,IBM,I,1,301.5
2025-11-17,10:10:16.514563921,T,IBM,F I,2,301.49
2025-11-17,10:10:31.012946498,T,IBM,I,8,301.54
2025-11-17,10:10:31.203807874,T,IBM,I,28,301.47
2025-11-17,10:10:31.203828901,T,IBM,I,15,301.47
2025-11-17,10:10:31.203858996,T,IBM,I,1,301.47
2025-11-17,10:10:31.203873986,T,IBM,F I,3,301.47
2025-11-17,10:10:31.204285972,T,IBM,,40,301.46
2025-11-17,10:10:33.145202555,T,IBM,F I,31,301.44
2025-11-17,10:10:33.597061229,T,IBM,F,40,301.42
2025-11-17,10:10:33.597413253,T,IBM,F I,5,301.43
2025-11-17,10:10:33.597413253,T,IBM,F I,5,301.43
2025-11-17,10:10:41.446218532,T,IBM,F I,5,301.49
2025-11-17,10:10:41.446221476,T,IBM,F I,7,301.45
2025-11-17,10:10:41.802317494,T,IBM,I,5,301.48
2025-11-17,10:10:41.802323301,T,IBM,,48,301.45
2025-11-17,10:10:41.808169166,T,IBM,F,40,301.5
2025-11-17,10:10:52.749855775,T,IBM,F I,12,301.59
2025-11-17,10:10:52.749982143,T,IBM,,69,301.59
2025-11-17,10:10:53.819592482,T,IBM,F I,4,301.62
2025-11-17,10:10:53.819625563,T,IBM,F I,5,301.62
2025-11-17,10:10:53.819691837,T,IBM,F I,3,301.62
2025-11-17,10:10:53.819827001,T,IBM,F I,20,301.63
2025-11-17,10:10:53.819881136,T,IBM,I,20,301.63
2025-11-17,10:10:53.819884174,T,IBM,I,20,301.63
2025-11-17,10:10:53.819923252,T,IBM,I,22,301.63
2025-11-17,10:10:53.830755039,T,IBM,F,40,301.65
2025-11-17,10:10:53.833636654,T,IBM,F,45,301.72
2025-11-17,10:10:53.833636654,T,IBM,F,100,301.72
2025-11-17,10:10:53.833639323,T,IBM,F,40,301.73
2025-11-17,10:10:53.833639323,T,IBM,F,147,301.73
2025-11-17,10:10:53.833656963,T,IBM,I,1,301.73
2025-11-17,10:10:53.833660009,T,IBM,F,78,301.73
2025-11-17,10:10:53.833702029,T,IBM,,45,301.72
2025-11-17,10:10:53.833705073,T,IBM,,61,301.73
2025-11-17,10:10:53.834014803,T,IBM,F I,20,301.72
2025-11-17,10:10:53.835094607,T,IBM,I,25,301.72
2025-11-17,10:10:53.835097430,T,IBM,I,15,301.73
2025-11-17,10:10:57.092728768,T,IBM,F I,4,301.63
2025-11-17,10:11:02.596888384,T,IBM,I,2,301.63
2025-11-17,10:11:02.596891562,T,IBM,I,1,301.63
2025-11-17,10:11:02.596894211,T,IBM,I,18,301.63
2025-11-17,10:11:02.597531801,T,IBM,F I,7,301.6
2025-11-17,10:11:02.597555793,T,IBM,I,10,301.6
2025-11-17,10:11:02.597621981,T,IBM,,62,301.6
2025-11-17,10:11:02.597649010,T,IBM,I,28,301.6
2025-11-17,10:11:09.858380433,T,IBM,F,100,301.62
2025-11-17,10:11:09.859739674,T,IBM,,80,301.58
2025-11-17,10:11:09.859745831,T,IBM,F I,20,301.58
2025-11-17,10:11:09.859749235,T,IBM,F I,7,301.57
2025-11-17,10:11:09.859781889,T,IBM,F I,33,301.57
2025-11-17,10:11:09.859781889,T,IBM,F,40,301.57
2025-11-17,10:11:09.860536531,T,IBM,F I,4,301.56
2025-11-17,10:11:09.861074830,T,IBM,F I,5,301.53
2025-11-17,10:11:10.353406884,T,IBM,,40,301.63
2025-11-17,10:11:16.303961612,T,IBM,F I,10,301.58
2025-11-17,10:11:16.303964142,T,IBM,F I,2,301.56
2025-11-17,10:11:24.021001800,T,IBM,I,1,301.55
2025-11-17,10:11:25.148093995,T,IBM,F I,9,301.59
2025-11-17,10:11:25.148096960,T,IBM,F I,5,301.55
2025-11-17,10:11:25.148099961,T,IBM,F,40,301.54
2025-11-17,10:11:25.218629874,T,IBM,F I,6,301.55
2025-11-17,10:11:25.218632890,T,IBM,F I,24,301.53
2025-11-17,10:11:25.218650908,T,IBM,F I,38,301.53
2025-11-17,10:11:32.108930121,T,IBM,F,40,301.74
2025-11-17,10:11:32.109077441,T,IBM,F I,19,301.76
2025-11-17,10:11:32.111925258,T,IBM,,40,301.77
2025-11-17,10:11:32.111928330,T,IBM,,40,301.77
2025-11-17,10:11:32.116767430,T,IBM,F I,20,301.82
2025-11-17,10:11:32.116769812,T,IBM,F,216,301.82
2025-11-17,10:11:32.116788425,T,IBM,I,23,301.82
2025-11-17,10:11:32.116790900,T,IBM,I,1,301.82
2025-11-17,10:11:32.121887971,T,IBM,I,21,301.88
2025-11-17,10:11:32.138914573,T,IBM,F,100,301.87
2025-11-17,10:11:32.138914573,T,IBM,F I,29,301.93
2025-11-17,10:11:32.160984022,T,IBM,I,10,301.82
2025-11-17,10:11:32.160984022,T,IBM,I,30,301.81
2025-11-17,10:11:32.161020093,T,IBM,,40,301.81
2025-11-17,10:11:32.804819823,T,IBM,F,40,301.8
2025-11-17,10:11:32.804822824,T,IBM,F I,10,301.8
2025-11-17,10:11:32.804876928,T,IBM,,100,301.8
2025-11-17,10:11:41.645626509,T,IBM,F I,10,301.88
2025-11-17,10:11:41.646147106,T,IBM,F I,5,301.93
2025-11-17,10:11:41.646149764,T,IBM,F I,22,301.94
2025-11-17,10:11:41.646152810,T,IBM,F I,7,301.94
2025-11-17,10:11:46.679204646,T,IBM,I,2,301.81
2025-11-17,10:11:46.679207619,T,IBM,I,8,301.78
2025-11-17,10:12:15.603638708,T,IBM,F I,2,301.79
2025-11-17,10:12:15.603641796,T,IBM,F I,10,301.76
2025-11-17,10:12:15.603644647,T,IBM,F I,5,301.75
2025-11-17,10:12:15.603644647,T,IBM,F I,3,301.74
2025-11-17,10:12:18.771614687,T,IBM,,56,301.74
2025-11-17,10:12:18.771614687,T,IBM,I,23,301.74
2025-11-17,10:12:20.455560538,T,IBM,F,40,301.73
2025-11-17,10:12:20.455587618,T,IBM,,51,301.7
2025-11-17,10:12:24.316632221,T,IBM,I,2,301.64
2025-11-17,10:12:24.316632221,T,IBM,I,1,301.61
2025-11-17,10:12:24.334058671,T,IBM,,80,301.54
2025-11-17,10:12:24.339071650,T,IBM,I,10,301.54
2025-11-17,10:12:24.339080668,T,IBM,,89,301.54
2025-11-17,10:12:24.408933928,T,IBM,I,2,301.63
2025-11-17,10:12:24.408933928,T,IBM,I,1,301.64
2025-11-17,10:12:24.408985128,T,IBM,F I,3,301.66
2025-11-17,10:12:24.416241494,T,IBM,,59,301.665
2025-11-17,10:12:26.394603464,T,IBM,F,40,301.67
2025-11-17,10:12:26.394606142,T,IBM,F,100,301.67
2025-11-17,10:12:51.746042586,T,IBM,F,40,301.73
2025-11-17,10:12:51.925930836,T,IBM,F I,5,301.77
2025-11-17,10:12:54.573614102,T,IBM,,40,301.735
2025-11-17,10:12:55.712599580,T,IBM,,40,301.735
2025-11-17,10:12:55.712632619,T,IBM,,42,301.735
2025-11-17,10:12:55.741952382,T,IBM,,40,301.735
2025-11-17,10:12:57.025347726,T,IBM,I,4,301.72
2025-11-17,10:12:59.433504792,T,IBM,F I,10,301.68
2025-11-17,10:12:59.433504792,T,IBM,F I,20,301.66
2025-11-17,10:13:09.857497172,T,IBM,F I,2,301.65
2025-11-17,10:13:09.857499541,T,IBM,F I,8,301.64
2025-11-17,10:13:09.857641264,T,IBM,I,10,301.76
2025-11-17,10:13:09.857643939,T,IBM,I,2,301.77
2025-11-17,10:13:09.857643939,T,IBM,I,2,301.78
2025-11-17,10:13:15.059409434,T,IBM,F I,1,301.755
2025-11-17,10:13:17.815023107,T,IBM,F I,18,301.67
2025-11-17,10:13:17.871021984,T,IBM,I,4,301.65
2025-11-17,10:13:17.871045981,T,IBM,F,80,301.63
2025-11-17,10:13:19.360170117,T,IBM,F I,3,301.6
2025-11-17,10:13:19.360173124,T,IBM,I,25,301.6
2025-11-17,10:13:19.360227476,T,IBM,I,10,301.64
2025-11-17,10:13:19.360230320,T,IBM,I,25,301.64
2025-11-17,10:13:19.360242293,T,IBM,I,20,301.64
2025-11-17,10:13:19.360305403,T,IBM,I,26,301.66
2025-11-17,10:13:19.360326581,T,IBM,I,1,301.65
2025-11-17,10:13:19.360329535,T,IBM,I,23,301.65
2025-11-17,10:13:19.360371638,T,IBM,I,20,301.6
2025-11-17,10:13:19.360479907,T,IBM,F I,10,301.6
2025-11-17,10:13:21.398139818,T,IBM,F I,25,301.6
2025-11-17,10:13:21.398139818,T,IBM,F I,10,301.6
2025-11-17,10:13:21.398145870,T,IBM,F,40,301.6
2025-11-17,10:13:23.410732050,T,IBM,F,40,301.66
2025-11-17,10:13:23.410981735,T,IBM,F,150,301.7
2025-11-17,10:13:23.411020840,T,IBM,I,10,301.7
2025-11-17,10:13:23.411204254,T,IBM,F,40,301.71
2025-11-17,10:13:25.490859228,T,IBM,,80,301.63
2025-11-17,10:13:25.514423315,T,IBM,F,40,301.59
2025-11-17,10:13:26.180229311,T,IBM,I,10,301.53
2025-11-17,10:13:26.182908749,T,IBM,,40,301.53
2025-11-17,10:13:30.072208855,T,IBM,F I,8,301.62
2025-11-17,10:13:30.072509583,T,IBM,F I,8,301.65
2025-11-17,10:13:36.305342755,T,IBM,,40,301.59
2025-11-17,10:13:41.298618900,T,IBM,F I,10,301.69
2025-11-17,10:13:41.298618900,T,IBM,F I,10,301.69
2025-11-17,10:13:50.732151898,T,IBM,F,40,301.73
2025-11-17,10:13:53.019496358,T,IBM,F I,10,301.74
2025-11-17,10:13:53.019499504,T,IBM,F,75,301.75
2025-11-17,10:13:53.019499504,T,IBM,F I,10,301.75
2025-11-17,10:13:53.019502372,T,IBM,F,55,301.75
2025-11-17,10:13:54.085609360,T,IBM,F I,1,301.78
2025-11-17,10:13:54.085645414,T,IBM,F,40,301.78
2025-11-17,10:13:54.086186683,T,IBM,F I,2,301.8
2025-11-17,10:13:54.086186683,T,IBM,F I,2,301.8
2025-11-17,10:13:54.086285973,T,IBM,F I,2,301.8
2025-11-17,10:13:54.086403250,T,IBM,F I,2,301.8
2025-11-17,10:13:54.094441430,T,IBM,I,2,301.8
2025-11-17,10:14:00.881250397,T,IBM,I,2,301.8
2025-11-17,10:14:00.910967173,T,IBM,I,2,301.8
2025-11-17,10:14:05.977657061,T,IBM,I,1,301.8
2025-11-17,10:14:07.923186611,T,IBM,F I,2,301.72
2025-11-17,10:14:07.923192724,T,IBM,F I,38,301.72
2025-11-17,10:14:16.174708281,T,IBM,F I,10,301.78
2025-11-17,10:14:16.174710604,T,IBM,F I,10,301.79
2025-11-17,10:14:16.174728689,T,IBM,F I,2,301.8
2025-11-17,10:14:16.174776782,T,IBM,F I,2,301.82
2025-11-17,10:14:16.175152615,T,IBM,F I,2,301.84
2025-11-17,10:14:16.175179686,T,IBM,I,5,301.87
2025-11-17,10:14:16.175209777,T,IBM,F,40,301.89
2025-11-17,10:14:16.175239832,T,IBM,F I,23,301.89
2025-11-17,10:14:16.198313818,T,IBM,,40,301.885
2025-11-17,10:14:23.637769747,T,IBM,,40,301.79
2025-11-17,10:14:23.637769747,T,IBM,I,20,301.79
2025-11-17,10:14:23.637817663,T,IBM,,50,301.78
2025-11-17,10:14:23.638506368,T,IBM,F,400,301.78
2025-11-17,10:14:27.022901356,T,IBM,,40,301.875
2025-11-17,10:14:32.935685632,T,IBM,F I,8,301.76
2025-11-17,10:14:34.520040583,T,IBM,I,32,301.76
2025-11-17,10:14:34.520040583,T,IBM,I,8,301.76
2025-11-17,10:14:34.520061670,T,IBM,F I,15,301.76
2025-11-17,10:14:48.023544422,T,IBM,F I,10,301.78
2025-11-17,10:14:48.023546732,T,IBM,F I,10,301.78
2025-11-17,10:14:48.023550390,T,IBM,F I,2,301.77
2025-11-17,10:14:48.023552706,T,IBM,F I,4,301.75
2025-11-17,10:14:48.023552706,T,IBM,F I,2,301.72
2025-11-17,10:14:56.337923445,T,IBM,F I,25,301.83
2025-11-17,10:14:57.360204094,T,IBM,F I,8,301.78
2025-11-17,10:14:57.360204094,T,IBM,F I,10,301.78
2025-11-17,10:14:57.360207066,T,IBM,F I,2,301.77
2025-11-17,10:14:57.360210041,T,IBM,F I,8,301.75
2025-11-17,10:15:04.728604619,T,IBM,F I,10,301.97
2025-11-17,10:15:04.728604619,T,IBM,F I,5,301.97
2025-11-17,10:15:04.728606689,T,IBM,F I,10,301.98
2025-11-17,10:15:04.728609735,T,IBM,F I,10,301.98
2025-11-17,10:15:04.728609735,T,IBM,F I,4,302.0
2025-11-17,10:15:04.728613098,T,IBM,F I,1,302.0
2025-11-17,10:15:04.728865230,T,IBM,F,99,302.0
2025-11-17,10:15:04.728868242,T,IBM,F,40,302.0
2025-11-17,10:15:04.728988657,T,IBM,F I,21,301.92
2025-11-17,10:15:04.729105810,T,IBM,F I,1,301.92
2025-11-17,10:15:04.729108848,T,IBM,F I,10,301.91
2025-11-17,10:15:04.729108848,T,IBM,F I,39,301.91
2025-11-17,10:15:04.729112236,T,IBM,F I,3,301.95
2025-11-17,10:15:04.729184748,T,IBM,,117,301.92
2025-11-17,10:15:04.729184748,T,IBM,I,4,301.92
2025-11-17,10:15:04.729187071,T,IBM,I,10,301.92
2025-11-17,10:15:04.729199035,T,IBM,,234,301.92
2025-11-17,10:15:04.729220103,T,IBM,F I,35,301.92
2025-11-17,10:15:04.729304344,T,IBM,F I,1,301.92
2025-11-17,10:15:04.729466635,T,IBM,I,39,301.92
2025-11-17,10:15:04.729538838,T,IBM,I,31,301.91
2025-11-17,10:15:04.729761375,T,IBM,I,5,301.93
2025-11-17,10:15:04.729800536,T,IBM,,45,301.92
2025-11-17,10:15:04.729803471,T,IBM,I,35,301.93
2025-11-17,10:15:04.729837414,T,IBM,F I,8,301.92
2025-11-17,10:15:04.730146348,T,IBM,I,2,301.92
2025-11-17,10:15:04.730149301,T,IBM,I,35,301.92
2025-11-17,10:15:04.730149301,T,IBM,I,5,301.93
2025-11-17,10:15:06.977101579,T,IBM,I,1,301.97
2025-11-17,10:15:10.207274450,T,IBM,I,24,301.97
2025-11-17,10:15:12.094934345,T,IBM,I,10,301.92
2025-11-17,10:15:12.094937451,T,IBM,I,5,301.89
2025-11-17,10:15:12.094937451,T,IBM,I,3,301.87
2025-11-17,10:15:12.094940405,T,IBM,I,12,301.87
2025-11-17,10:15:16.134096316,T,IBM,I,12,301.86
2025-11-17,10:15:16.134315819,T,IBM,I,20,301.86
2025-11-17,10:15:16.169193105,T,IBM,,40,301.85
2025-11-17,10:15:16.169195854,T,IBM,,40,301.85
2025-11-17,10:15:16.169198817,T,IBM,I,2,301.85
2025-11-17,10:15:16.169761151,T,IBM,,40,301.84
2025-11-17,10:15:23.575002144,T,IBM,I,20,301.82
2025-11-17,10:15:23.575002144,T,IBM,,67,301.81
2025-11-17,10:15:23.575022651,T,IBM,I,1,301.81
2025-11-17,10:15:23.575443639,T,IBM,I,9,301.81
2025-11-17,10:15:23.575446586,T,IBM,I,13,301.81
2025-11-17,10:15:26.401493572,T,IBM,F I,8,301.87
2025-11-17,10:15:26.401496503,T,IBM,I,7,301.87
2025-11-17,10:15:26.401506054,T,IBM,I,3,301.87
2025-11-17,10:15:26.401506054,T,IBM,F I,7,301.87
2025-11-17,10:15:26.401511545,T,IBM,F I,15,301.87
2025-11-17,10:15:26.401526472,T,IBM,F I,1,301.92
2025-11-17,10:15:26.401526472,T,IBM,F I,6,301.92
2025-11-17,10:15:26.401562585,T,IBM,F,40,301.95
2025-11-17,10:15:26.401725008,T,IBM,F I,30,301.95
2025-11-17,10:15:26.401803143,T,IBM,I,1,301.97
2025-11-17,10:15:26.407778408,T,IBM,,40,302.01
2025-11-17,10:15:26.408118756,T,IBM,F I,6,302.02
2025-11-17,10:15:26.408121205,T,IBM,F I,37,302.02
2025-11-17,10:15:26.409400093,T,IBM,F,63,302.02
2025-11-17,10:15:26.409400093,T,IBM,F,40,302.02
2025-11-17,10:15:26.409402389,T,IBM,F I,30,302.02
2025-11-17,10:15:26.409901459,T,IBM,I,28,302.05
2025-11-17,10:15:26.410406678,T,IBM,I,5,302.05
2025-11-17,10:15:26.410427696,T,IBM,I,5,302.05
2025-11-17,10:15:26.410617582,T,IBM,F I,2,302.09
2025-11-17,10:15:26.410620185,T,IBM,F,69,302.09
2025-11-17,10:15:39.059443646,T,IBM,I,6,302.16
2025-11-17,10:15:45.079839241,T,IBM,F,40,302.04
2025-11-17,10:15:45.079842131,T,IBM,F I,23,302.04
2025-11-17,10:15:45.079842131,T,IBM,F I,14,302.04
2025-11-17,10:15:45.079908322,T,IBM,F I,4,302.03
2025-11-17,10:15:47.019571434,T,IBM,F,50,302.0
2025-11-17,10:15:47.019573898,T,IBM,F I,12,302.0
2025-11-17,10:15:47.019591974,T,IBM,I,10,302.0
2025-11-17,10:15:56.678430194,T,IBM,,100,302.065
2025-11-17,10:16:01.177113084,T,IBM,F,100,302.12
2025-11-17,10:16:01.447772256,T,IBM,F I,15,302.07
2025-11-17,10:16:06.077600169,T,IBM,F I,10,302.13
2025-11-17,10:16:06.077624142,T,IBM,F I,7,302.15
2025-11-17,10:16:06.077678298,T,IBM,F I,3,302.16
2025-11-17,10:16:06.077681350,T,IBM,F I,4,302.16
2025-11-17,10:16:18.250459502,T,IBM,F I,4,302.27
2025-11-17,10:16:18.254742517,T,IBM,F I,1,302.36
2025-11-17,10:16:18.254744709,T,IBM,F I,10,302.36
2025-11-17,10:16:18.254747660,T,IBM,F I,37,302.36
2025-11-17,10:16:18.254762742,T,IBM,I,1,302.36
2025-11-17,10:16:18.263185750,T,IBM,,40,302.355
2025-11-17,10:16:22.697088416,T,IBM,I,1,302.35
2025-11-17,10:16:24.239111336,T,IBM,F I,11,302.36
2025-11-17,10:16:24.239114297,T,IBM,F I,19,302.36
2025-11-17,10:16:24.244897111,T,IBM,I,1,302.49
2025-11-17,10:16:24.244933259,T,IBM,F,40,302.5
2025-11-17,10:16:24.244933259,T,IBM,F I,17,302.5
2025-11-17,10:16:24.244936242,T,IBM,F I,39,302.52
2025-11-17,10:16:24.247486248,T,IBM,F,45,302.58
2025-11-17,10:16:24.247489258,T,IBM,F,49,302.59
2025-11-17,10:16:24.269360384,T,IBM,I,13,302.59
2025-11-17,10:16:33.389727810,T,IBM,F,55,302.545
2025-11-17,10:16:35.974489173,T,IBM,,40,302.545
2025-11-17,10:16:36.842391723,T,IBM,I,10,302.59
2025-11-17,10:16:36.842391723,T,IBM,I,5,302.59
2025-11-17,10:16:36.842394381,T,IBM,I,9,302.6
2025-11-17,10:16:52.078454272,T,IBM,F I,10,302.48
2025-11-17,10:16:52.078454272,T,IBM,F I,2,302.49
2025-11-17,10:16:54.778197502,T,IBM,F I,2,302.55
2025-11-17,10:16:57.798563818,T,IBM,I,1,302.5
2025-11-17,10:17:02.984286259,T,IBM,I,5,302.5
2025-11-17,10:17:02.984430570,T,IBM,F,75,302.5
2025-11-17,10:17:13.111098700,T,IBM,F I,14,302.38
2025-11-17,10:17:13.111128795,T,IBM,I,1,302.38
2025-11-17,10:17:13.111173956,T,IBM,I,25,302.38
2025-11-17,10:17:13.111173956,T,IBM,I,23,302.38
2025-11-17,10:17:13.111176856,T,IBM,I,8,302.38
2025-11-17,10:17:13.111676105,T,IBM,F I,1,302.37
2025-11-17,10:17:13.111862565,T,IBM,F I,10,302.42
2025-11-17,10:17:13.111862565,T,IBM,F I,3,302.42
2025-11-17,10:17:13.112163188,T,IBM,I,1,302.38
2025-11-17,10:17:13.112280536,T,IBM,I,7,302.37
2025-11-17,10:17:13.190039668,T,IBM,,40,302.47
2025-11-17,10:17:16.518465472,T,IBM,F I,14,302.455
2025-11-17,10:17:16.518489546,T,IBM,F,80,302.46
2025-11-17,10:17:20.272248009,T,IBM,F,81,302.49
2025-11-17,10:17:27.351599520,T,IBM,,40,302.455
2025-11-17,10:17:27.351599520,T,IBM,,40,302.455
2025-11-17,10:17:29.722422779,T,IBM,I,2,302.455
2025-11-17,10:17:32.971730215,T,IBM,F,45,302.4
2025-11-17,10:17:35.922258480,T,IBM,F,40,302.37
2025-11-17,10:17:35.922273848,T,IBM,I,1,302.37
2025-11-17,10:17:35.922276453,T,IBM,I,19,302.37
2025-11-17,10:17:35.922342645,T,IBM,I,26,302.43
2025-11-17,10:17:35.922986199,T,IBM,F I,5,302.38
2025-11-17,10:17:39.337952046,T,IBM,I,4,302.36
2025-11-17,10:17:39.624474217,T,IBM,,40,302.35
2025-11-17,10:17:39.624492142,T,IBM,I,16,302.35
2025-11-17,10:17:39.624495250,T,IBM,I,1,302.35
2025-11-17,10:17:42.394921564,T,IBM,I,1,302.47
2025-11-17,10:17:42.394921564,T,IBM,I,10,302.47
2025-11-17,10:17:47.186158961,T,IBM,F I,4,302.38
2025-11-17,10:17:47.186336281,T,IBM,I,2,302.36
2025-11-17,10:17:47.186336281,T,IBM,I,2,302.35
2025-11-17,10:17:47.186339366,T,IBM,,40,302.32
2025-11-17,10:17:56.699862204,T,IBM,I,10,302.38
2025-11-17,10:18:06.409094297,T,IBM,F I,1,302.39
2025-11-17,10:18:30.056592507,T,IBM,I,3,302.45
2025-11-17,10:18:36.639333012,T,IBM,F I,20,302.37
2025-11-17,10:18:36.639333012,T,IBM,F I,28,302.36
2025-11-17,10:18:36.639351075,T,IBM,I,1,302.36
2025-11-17,10:18:36.639384222,T,IBM,F I,19,302.36
2025-11-17,10:18:36.639660793,T,IBM,,91,302.4
2025-11-17,10:18:39.758130047,T,IBM,I,5,302.35
2025-11-17,10:18:39.758130047,T,IBM,I,10,302.33
2025-11-17,10:18:39.758132781,T,IBM,I,25,302.32
2025-11-17,10:18:39.758147833,T,IBM,I,1,302.32
2025-11-17,10:18:41.109809310,T,IBM,F I,14,302.32
2025-11-17,10:18:41.109811655,T,IBM,F I,1,302.31
2025-11-17,10:18:41.109814755,T,IBM,F I,15,302.31
2025-11-17,10:18:41.109926021,T,IBM,I,35,302.31
2025-11-17,10:18:41.114626119,T,IBM,,40,302.31
2025-11-17,10:18:41.114629175,T,IBM,,40,302.31
2025-11-17,10:18:43.287635527,T,IBM,I,5,302.3
2025-11-17,10:18:44.555294371,T,IBM,I,35,302.3
2025-11-17,10:18:47.572918375,T,IBM,F I,2,302.31
2025-11-17,10:18:47.572981501,T,IBM,I,6,302.31
2025-11-17,10:18:47.573264193,T,IBM,F I,5,302.31
2025-11-17,10:18:47.573606980,T,IBM,I,3,302.31
2025-11-17,10:18:52.374954341,T,IBM,F I,2,302.35
2025-11-17,10:18:52.375516688,T,IBM,,40,302.39
2025-11-17,10:19:18.842154730,T,IBM,I,5,302.32
2025-11-17,10:19:19.396915575,T,IBM,F,40,302.31
2025-11-17,10:19:19.396979309,T,IBM,F I,4,302.3
2025-11-17,10:19:19.396981645,T,IBM,F I,16,302.3
2025-11-17,10:19:31.627493974,T,IBM,,40,302.27
2025-11-17,10:19:31.627497032,T,IBM,,60,302.27
2025-11-17,10:19:31.629556900,T,IBM,F I,25,302.27
2025-11-17,10:19:33.005961322,T,IBM,F I,2,302.35
2025-11-17,10:19:33.005963613,T,IBM,F,40,302.35
2025-11-17,10:19:52.651188784,T,IBM,I,31,302.36
2025-11-17,10:19:52.651195532,T,IBM,I,1,302.36
2025-11-17,10:19:52.651198427,T,IBM,I,1,302.36
2025-11-17,10:19:52.651201921,T,IBM,F,40,302.35
2025-11-17,10:19:52.651203875,T,IBM,F I,2,302.35
2025-11-17,10:19:52.651660881,T,IBM,F I,12,302.33
2025-11-17,10:19:59.692373484,T,IBM,F I,6,302.24
2025-11-17,10:19:59.698661432,T,IBM,I,10,302.3
2025-11-17,10:20:00.945441766,T,IBM,F I,19,302.39
2025-11-17,10:20:20.396554961,T,IBM,F I,7,302.44
2025-11-17,10:20:22.229938550,T,IBM,F,40,302.4
2025-11-17,10:20:22.229941616,T,IBM,F,40,302.4
2025-11-17,10:20:22.229941616,T,IBM,F I,15,302.4
2025-11-17,10:20:22.229968517,T,IBM,I,3,302.4
2025-11-17,10:20:22.230116020,T,IBM,F I,15,302.39
2025-11-17,10:20:22.409610186,T,IBM,F I,12,302.35
2025-11-17,10:20:24.029497611,T,IBM,I,2,302.33
2025-11-17,10:20:32.353816261,T,IBM,I,10,302.46
2025-11-17,10:20:32.353818936,T,IBM,I,10,302.47
2025-11-17,10:20:32.353818936,T,IBM,I,20,302.48
2025-11-17,10:20:32.354327068,T,IBM,F,40,302.5
2025-11-17,10:20:32.354327068,T,IBM,F I,8,302.5
2025-11-17,10:20:32.354345646,T,IBM,I,7,302.5
2025-11-17,10:20:32.354348270,T,IBM,I,1,302.5
2025-11-17,10:20:32.354378411,T,IBM,I,24,302.5
2025-11-17,10:20:41.033189454,T,IBM,I,27,302.48
2025-11-17,10:20:41.033189454,T,IBM,I,19,302.48
2025-11-17,10:20:41.033252542,T,IBM,F,40,302.47
2025-11-17,10:20:41.033252542,T,IBM,F I,4,302.47
2025-11-17,10:20:41.033252542,T,IBM,F I,2,302.47
2025-11-17,10:20:41.034052216,T,IBM,F I,1,302.39
2025-11-17,10:20:41.034256738,T,IBM,F,119,302.39
2025-11-17,10:20:41.034259780,T,IBM,F I,13,302.39
2025-11-17,10:20:49.487332585,T,IBM,,40,302.45
2025-11-17,10:20:50.223455043,T,IBM,F I,10,302.49
2025-11-17,10:20:50.223458816,T,IBM,F I,10,302.5
2025-11-17,10:20:50.223458816,T,IBM,F I,10,302.51
2025-11-17,10:20:50.223461084,T,IBM,F I,10,302.52
2025-11-17,10:21:03.014038940,T,IBM,,40,302.455
2025-11-17,10:21:28.490581902,T,IBM,F I,12,302.42
2025-11-17,10:21:34.147339805,T,IBM,I,2,302.475
2025-11-17,10:21:45.802925551,T,IBM,I,22,302.46
2025-11-17,10:21:47.051579102,T,IBM,,40,302.37
2025-11-17,10:22:17.082689489,T,IBM,F I,5,302.58
2025-11-17,10:22:17.082779634,T,IBM,I,5,302.58
2025-11-17,10:22:17.082807229,T,IBM,I,1,302.58
2025-11-17,10:22:17.082999140,T,IBM,I,5,302.58
2025-11-17,10:22:17.083071355,T,IBM,F I,5,302.58
2025-11-17,10:22:17.083074311,T,IBM,F I,38,302.58
2025-11-17,10:22:17.083317949,T,IBM,F I,9,302.58
2025-11-17,10:22:17.083317949,T,IBM,F I,5,302.6
2025-11-17,10:22:17.083633684,T,IBM,I,4,302.59
2025-11-17,10:22:17.085321532,T,IBM,F I,4,302.61
2025-11-17,10:22:17.085321532,T,IBM,F I,6,302.61
2025-11-17,10:22:17.085323726,T,IBM,F I,4,302.61
2025-11-17,10:22:17.085395919,T,IBM,F I,6,302.62
2025-11-17,10:22:21.088492901,T,IBM,,40,302.595
2025-11-17,10:22:27.807418247,T,IBM,F I,34,302.595
2025-11-17,10:22:30.287202770,T,IBM,F I,4,302.6
2025-11-17,10:22:30.444720912,T,IBM,I,36,302.6
2025-11-17,10:22:30.444720912,T,IBM,I,30,302.62
2025-11-17,10:22:30.444723768,T,IBM,I,8,302.63
2025-11-17,10:22:42.767859883,T,IBM,I,10,302.64
2025-11-17,10:22:42.767862816,T,IBM,,40,302.645
2025-11-17,10:22:42.818407190,T,IBM,F I,1,302.73
2025-11-17,10:22:54.411940478,T,IBM,I,10,302.65
2025-11-17,10:22:54.411940478,T,IBM,I,13,302.63
2025-11-17,10:22:54.411943441,T,IBM,I,10,302.63
2025-11-17,10:22:54.412607986,T,IBM,F,40,302.61
2025-11-17,10:22:54.412611148,T,IBM,F,101,302.6
2025-11-17,10:22:54.412617262,T,IBM,F,40,302.59
2025-11-17,10:22:54.412686183,T,IBM,,52,302.65
2025-11-17,10:22:54.421148299,T,IBM,I,12,302.53
2025-11-17,10:22:54.421148299,T,IBM,I,3,302.53
2025-11-17,10:22:54.440995640,T,IBM,I,6,302.47
2025-11-17,10:22:54.446345301,T,IBM,F I,6,302.49
2025-11-17,10:22:54.447635355,T,IBM,I,6,302.5
2025-11-17,10:22:58.311203241,T,IBM,I,10,302.45
2025-11-17,10:22:58.311203241,T,IBM,F I,30,302.45
2025-11-17,10:22:58.311206285,T,IBM,F,40,302.45
2025-11-17,10:22:58.311452777,T,IBM,,41,302.44
2025-11-17,10:23:03.503387962,T,IBM,I,4,302.37
2025-11-17,10:23:03.503387962,T,IBM,I,1,302.37
2025-11-17,10:23:10.563307174,T,IBM,I,5,302.44
2025-11-17,10:23:18.458663335,T,IBM,I,3,302.42
2025-11-17,10:23:19.481731956,T,IBM,I,5,302.455
2025-11-17,10:23:20.225657937,T,IBM,I,30,302.52
2025-11-17,10:23:20.225967612,T,IBM,F I,12,302.53
2025-11-17,10:23:20.226003780,T,IBM,I,1,302.52
2025-11-17,10:23:20.226036766,T,IBM,I,25,302.52
2025-11-17,10:23:20.226057851,T,IBM,I,1,302.52
2025-11-17,10:23:20.226066909,T,IBM,I,13,302.52
2025-11-17,10:23:20.226066909,T,IBM,I,1,302.52
2025-11-17,10:23:20.226232232,T,IBM,F I,1,302.52
2025-11-17,10:23:20.226235244,T,IBM,F I,28,302.53
2025-11-17,10:23:20.819018506,T,IBM,F,40,302.49
2025-11-17,10:23:22.405655735,T,IBM,F I,4,302.45
2025-11-17,10:23:29.518311566,T,IBM,F,40,302.58
2025-11-17,10:23:29.518359648,T,IBM,I,26,302.58
2025-11-17,10:23:29.518359648,T,IBM,I,14,302.59
2025-11-17,10:23:29.518380819,T,IBM,F I,26,302.59
2025-11-17,10:23:29.518380819,T,IBM,F I,8,302.59
2025-11-17,10:23:29.518383709,T,IBM,I,18,302.59
2025-11-17,10:23:29.518877288,T,IBM,F,40,302.6
2025-11-17,10:23:29.519475329,T,IBM,F I,1,302.61
2025-11-17,10:23:29.520103809,T,IBM,F I,1,302.61
2025-11-17,10:23:33.823459510,T,IBM,F I,3,302.615
2025-11-17,10:23:35.553535214,T,IBM,F I,4,302.59
2025-11-17,10:23:39.317743412,T,IBM,I,30,302.62
2025-11-17,10:23:39.317746445,T,IBM,I,10,302.62
2025-11-17,10:23:39.476773972,T,IBM,F I,4,302.59
2025-11-17,10:23:39.477020764,T,IBM,,80,302.59
2025-11-17,10:23:44.546077291,T,IBM,I,33,302.62
2025-11-17,10:23:56.998307793,T,IBM,F I,15,302.59
2025-11-17,10:23:56.998307793,T,IBM,F I,15,302.56
2025-11-17,10:24:01.437581108,T,IBM,I,15,302.56
2025-11-17,10:24:01.437689335,T,IBM,I,1,302.56
2025-11-17,10:24:03.184012807,T,IBM,I,5,302.58
2025-11-17,10:24:15.059819445,T,IBM,F I,1,302.76
2025-11-17,10:24:15.059819445,T,IBM,F I,4,302.76
2025-11-17,10:24:15.059822021,T,IBM,F,43,302.76
2025-11-17,10:24:15.059824825,T,IBM,F,92,302.76
2025-11-17,10:24:15.059875930,T,IBM,I,1,302.76
2025-11-17,10:24:15.086753909,T,IBM,F I,7,302.76
2025-11-17,10:24:17.324299827,T,IBM,F I,7,302.78
2025-11-17,10:24:17.324302726,T,IBM,F I,7,302.78
2025-11-17,10:24:17.326711492,T,IBM,I,33,302.78
2025-11-17,10:24:22.944418350,T,IBM,I,7,302.8
2025-11-17,10:24:25.392408158,T,IBM,F I,1,302.85
2025-11-17,10:24:25.392453283,T,IBM,I,1,302.86
2025-11-17,10:24:26.182770687,T,IBM,F I,20,302.79
2025-11-17,10:24:26.182770687,T,IBM,F I,20,302.78
2025-11-17,10:24:26.182782791,T,IBM,F I,20,302.78
2025-11-17,10:24:27.200597795,T,IBM,,40,302.81
2025-11-17,10:24:35.452753355,T,IBM,,40,302.82
2025-11-17,10:24:39.598699471,T,IBM,F I,10,302.75
2025-11-17,10:24:39.598702494,T,IBM,F I,16,302.74
2025-11-17,10:24:39.598717533,T,IBM,F I,10,302.74
2025-11-17,10:24:39.598853148,T,IBM,F I,16,302.73
2025-11-17,10:24:39.598855935,T,IBM,F I,26,302.73
2025-11-17,10:24:48.845797687,T,IBM,F,40,302.64
