DATE,TIME_M,EX,SYM_ROOT,TR_SCOND,SIZE,PRICE
2025-11-24,9:30:00.001643831,T,IBM,TI,1,299.07
2025-11-24,9:30:00.243052543,T,IBM,FTI,2,299.02
2025-11-24,9:30:02.300175026,T,IBM,I,5,298.67
2025-11-24,9:30:02.300184007,T,IBM,Q,5,298.67
2025-11-24,9:30:02.318852808,T,IBM,F,40,298.6
2025-11-24,9:30:02.318852808,T,IBM,F,40,298.6
2025-11-24,9:30:02.318855490,T,IBM,F I,21,298.6
2025-11-24,9:30:02.463499827,T,IBM,F I,2,298.43
2025-11-24,9:30:02.797261330,T,IBM,I,5,298.44
2025-11-24,9:30:02.797261330,T,IBM,I,5,298.46
2025-11-24,9:30:02.797264366,T,IBM,I,10,298.655
2025-11-24,9:30:02.936288414,T,IBM,I,14,298.21
2025-11-24,9:30:04.551361264,T,IBM,I,2,298.2
2025-11-24,9:30:05.031207614,T,IBM,I,5,298.38
2025-11-24,9:30:05.031210583,T,IBM,I,5,298.4
2025-11-24,9:30:20.955702643,T,IBM,,40,298.385
2025-11-24,9:30:25.019947249,T,IBM,,40,298.21
2025-11-24,9:30:25.020013786,T,IBM,F,60,298.21
2025-11-24,9:30:25.020013786,T,IBM,F,98,298.2
2025-11-24,9:30:25.020016435,T,IBM,F,57,298.2
2025-11-24,9:30:25.020019438,T,IBM,F,248,298.2
2025-11-24,9:30:25.020031468,T,IBM,F I,32,298.2
2025-11-24,9:30:25.020035460,T,IBM,F I,26,298.2
2025-11-24,9:30:25.020035460,T,IBM,F I,2,298.2
2025-11-24,9:30:25.020037534,T,IBM,F I,28,298.2
2025-11-24,9:30:25.020293028,T,IBM,,40,298.19
2025-11-24,9:30:25.020500534,T,IBM,F,40,298.15
2025-11-24,9:30:25.020879444,T,IBM,F I,2,298.1
2025-11-24,9:30:25.020882445,T,IBM,F,150,298.1
2025-11-24,9:30:25.021318527,T,IBM,F,40,298.1
2025-11-24,9:30:25.025065429,T,IBM,F,60,298.02
2025-11-24,9:30:25.025068411,T,IBM,F,40,298.02
2025-11-24,9:30:25.650554533,T,IBM,F,91,297.7
2025-11-24,9:30:25.650557533,T,IBM,F I,9,297.7
2025-11-24,9:30:25.656707103,T,IBM,F,125,297.71
2025-11-24,9:30:25.656758378,T,IBM,F,41,297.71
2025-11-24,9:30:25.656761292,T,IBM,F,84,297.71
2025-11-24,9:30:29.131551602,T,IBM,I,2,297.71
2025-11-24,9:30:30.352575486,T,IBM,I,20,297.51
2025-11-24,9:30:30.382292226,T,IBM,F,100,297.62
2025-11-24,9:30:30.382292226,T,IBM,F I,30,297.62
2025-11-24,9:30:30.382295180,T,IBM,F,92,297.51
2025-11-24,9:30:30.382800388,T,IBM,I,30,297.62
2025-11-24,9:30:30.382800388,T,IBM,,70,297.51
2025-11-24,9:30:30.382824535,T,IBM,I,1,297.51
2025-11-24,9:30:30.382831282,T,IBM,I,29,297.51
2025-11-24,9:30:30.382831282,T,IBM,I,8,297.51
2025-11-24,9:30:30.382836568,T,IBM,I,20,297.51
2025-11-24,9:30:30.383080132,T,IBM,I,29,297.63
2025-11-24,9:30:30.383943165,T,IBM,F,40,297.74
2025-11-24,9:30:30.400786231,T,IBM,F,72,297.765
2025-11-24,9:30:31.118321565,T,IBM,I,17,297.73
2025-11-24,9:30:31.118325080,T,IBM,,153,297.71
2025-11-24,9:30:31.118327537,T,IBM,I,17,297.71
2025-11-24,9:30:31.256295997,T,IBM,I,7,297.73
2025-11-24,9:30:31.256299023,T,IBM,,93,297.72
2025-11-24,9:30:36.529247255,T,IBM,F I,1,297.91
2025-11-24,9:30:36.529247255,T,IBM,F I,2,297.91
2025-11-24,9:30:36.529271148,T,IBM,F,440,297.92
2025-11-24,9:30:36.529274125,T,IBM,F,80,297.92
2025-11-24,9:30:36.529277628,T,IBM,F I,1,297.92
2025-11-24,9:30:36.529325389,T,IBM,,100,297.91
2025-11-24,9:30:36.530110089,T,IBM,,119,297.9
2025-11-24,9:30:36.531370171,T,IBM,,40,297.96
2025-11-24,9:30:36.543654390,T,IBM,F I,21,298.21
2025-11-24,9:30:37.059201666,T,IBM,F I,5,298.27
2025-11-24,9:30:37.059204734,T,IBM,F I,10,298.27
2025-11-24,9:30:39.164746204,T,IBM,,80,298.23
2025-11-24,9:30:39.164748279,T,IBM,I,20,298.23
2025-11-24,9:30:39.164751388,T,IBM,,60,298.23
2025-11-24,9:30:39.164769412,T,IBM,F,40,298.23
2025-11-24,9:30:39.164769412,T,IBM,F I,5,298.23
2025-11-24,9:30:39.164772375,T,IBM,F,115,298.22
2025-11-24,9:30:39.164793400,T,IBM,,45,298.22
2025-11-24,9:30:39.165130223,T,IBM,,100,298.22
2025-11-24,9:30:39.165190435,T,IBM,F,180,298.22
2025-11-24,9:30:48.004304364,T,IBM,F I,5,298.28
2025-11-24,9:31:02.299231851,T,IBM,F,70,298.42
2025-11-24,9:31:02.317894329,T,IBM,F,40,298.6
2025-11-24,9:31:02.317915348,T,IBM,I,1,298.6
2025-11-24,9:31:02.317921950,T,IBM,I,36,298.6
2025-11-24,9:31:02.317921950,T,IBM,F I,3,298.6
2025-11-24,9:31:02.317927767,T,IBM,F I,1,298.6
2025-11-24,9:31:02.317927767,T,IBM,F I,36,298.6
2025-11-24,9:31:02.318032618,T,IBM,F,40,298.6
2025-11-24,9:31:02.318080765,T,IBM,,40,298.6
2025-11-24,9:31:02.318083770,T,IBM,,40,298.6
2025-11-24,9:31:02.318095801,T,IBM,,40,298.6
2025-11-24,9:31:02.318342378,T,IBM,,40,298.6
2025-11-24,9:31:02.318369424,T,IBM,F,40,298.6
2025-11-24,9:31:02.318387464,T,IBM,F,40,298.6
2025-11-24,9:31:19.323724377,T,IBM,I,1,298.49
2025-11-24,9:31:26.125370769,T,IBM,F I,1,298.58
2025-11-24,9:31:26.125394858,T,IBM,I,5,298.6
2025-11-24,9:31:26.125397791,T,IBM,I,30,298.64
2025-11-24,9:31:26.125400871,T,IBM,,43,298.67
2025-11-24,9:31:26.125418890,T,IBM,I,1,298.63
2025-11-24,9:31:26.125424913,T,IBM,I,1,298.63
2025-11-24,9:31:26.125467051,T,IBM,F I,8,298.63
2025-11-24,9:31:26.125470012,T,IBM,F I,7,298.63
2025-11-24,9:31:26.125491024,T,IBM,I,20,298.63
2025-11-24,9:31:26.125551235,T,IBM,F I,1,298.6
2025-11-24,9:31:27.176838921,T,IBM,I,1,298.6
2025-11-24,9:31:27.176842018,T,IBM,I,1,298.6
2025-11-24,9:31:27.176932166,T,IBM,F I,1,298.58
2025-11-24,9:31:38.460075614,T,IBM,,80,298.46
2025-11-24,9:31:38.613437717,T,IBM,F,125,298.46
2025-11-24,9:31:40.762521949,T,IBM,,40,298.46
2025-11-24,9:31:42.207377659,T,IBM,I,1,298.46
2025-11-24,9:31:45.172386528,T,IBM,F,92,298.62
2025-11-24,9:31:45.172388603,T,IBM,F I,1,298.62
2025-11-24,9:31:45.172391504,T,IBM,F,40,298.62
2025-11-24,9:31:45.172391504,T,IBM,F,40,298.62
2025-11-24,9:31:45.172406341,T,IBM,F,40,298.62
2025-11-24,9:31:45.172410410,T,IBM,F,41,298.62
2025-11-24,9:31:45.172410410,T,IBM,I,30,298.62
2025-11-24,9:31:45.172412829,T,IBM,I,6,298.62
2025-11-24,9:31:45.172415890,T,IBM,I,1,298.62
2025-11-24,9:31:45.172419277,T,IBM,F,40,298.62
2025-11-24,9:31:45.172422264,T,IBM,F I,33,298.62
2025-11-24,9:31:45.172460464,T,IBM,F I,31,298.62
2025-11-24,9:31:50.783515588,T,IBM,F I,1,299.0
2025-11-24,9:31:56.528295904,T,IBM,F I,24,299.19
2025-11-24,9:31:59.558429629,T,IBM,F,80,299.05
2025-11-24,9:31:59.558453789,T,IBM,F,40,299.05
2025-11-24,9:31:59.558525951,T,IBM,I,30,299.05
2025-11-24,9:31:59.559055222,T,IBM,F I,30,299.14
2025-11-24,9:31:59.559055222,T,IBM,F,80,299.22
2025-11-24,9:31:59.559058202,T,IBM,F I,15,299.22
2025-11-24,9:31:59.559118568,T,IBM,F I,25,299.22
2025-11-24,9:31:59.559121286,T,IBM,F,40,299.22
2025-11-24,9:32:04.690029256,T,IBM,F I,17,299.18
2025-11-24,9:32:04.690062630,T,IBM,F I,17,299.18
2025-11-24,9:32:04.690065427,T,IBM,F I,17,299.18
2025-11-24,9:32:04.690069141,T,IBM,F,49,299.18
2025-11-24,9:32:04.690069141,T,IBM,F I,15,299.17
2025-11-24,9:32:04.690071382,T,IBM,F I,2,299.17
2025-11-24,9:32:04.690122492,T,IBM,I,20,299.24
2025-11-24,9:32:04.690504401,T,IBM,I,2,299.33
2025-11-24,9:32:06.139684371,T,IBM,F I,6,299.47
2025-11-24,9:32:06.139687401,T,IBM,F,40,299.49
2025-11-24,9:32:21.942855374,T,IBM,I,30,299.6
2025-11-24,9:32:22.017799877,T,IBM,F I,4,299.7
2025-11-24,9:32:22.018304980,T,IBM,F I,19,299.61
2025-11-24,9:32:22.018506446,T,IBM,F,100,299.62
2025-11-24,9:32:25.041194524,T,IBM,F I,9,299.67
2025-11-24,9:32:25.047079472,T,IBM,I,25,299.72
2025-11-24,9:32:28.949887739,T,IBM,F,100,299.7
2025-11-24,9:32:28.949950983,T,IBM,F,100,299.64
2025-11-24,9:32:39.837223054,T,IBM,F I,14,299.86
2025-11-24,9:32:39.837547779,T,IBM,I,18,299.87
2025-11-24,9:32:39.837601944,T,IBM,F I,14,299.87
2025-11-24,9:32:39.837629020,T,IBM,F I,4,299.87
2025-11-24,9:32:39.842227002,T,IBM,,64,299.87
2025-11-24,9:32:41.465356142,T,IBM,F I,5,299.76
2025-11-24,9:32:41.465359798,T,IBM,F I,35,299.76
2025-11-24,9:32:41.465422177,T,IBM,F,40,299.76
2025-11-24,9:32:41.465443130,T,IBM,F I,25,299.76
2025-11-24,9:32:41.465443130,T,IBM,F,40,299.75
2025-11-24,9:32:41.465497331,T,IBM,I,30,299.82
2025-11-24,9:32:41.465530896,T,IBM,I,30,299.82
2025-11-24,9:32:41.465822087,T,IBM,I,33,299.78
2025-11-24,9:32:41.466017509,T,IBM,F I,1,299.73
2025-11-24,9:32:47.004744486,T,IBM,,40,299.84
2025-11-24,9:32:47.004816672,T,IBM,F,40,299.85
2025-11-24,9:32:49.870055822,T,IBM,I,17,299.855
2025-11-24,9:32:49.872665945,T,IBM,,100,299.855
2025-11-24,9:32:50.121803019,T,IBM,,40,299.855
2025-11-24,9:32:50.187936477,T,IBM,I,1,299.855
2025-11-24,9:32:50.613296086,T,IBM,F I,2,299.96
2025-11-24,9:32:50.613317430,T,IBM,F,50,300.0
2025-11-24,9:32:50.613317430,T,IBM,F I,10,300.0
2025-11-24,9:32:50.613320292,T,IBM,F I,7,300.0
2025-11-24,9:32:50.614739671,T,IBM,I,2,300.0
2025-11-24,9:32:50.614748558,T,IBM,I,3,300.0
2025-11-24,9:32:51.015383317,T,IBM,I,9,300.07
2025-11-24,9:32:51.015506595,T,IBM,I,9,300.12
2025-11-24,9:32:51.015810332,T,IBM,I,1,300.11
2025-11-24,9:32:51.015810332,T,IBM,I,18,300.11
2025-11-24,9:32:51.015834473,T,IBM,I,21,300.1
2025-11-24,9:32:51.015834473,T,IBM,I,9,300.17
2025-11-24,9:32:51.015858514,T,IBM,I,1,300.12
2025-11-24,9:32:51.015939611,T,IBM,F,51,300.12
2025-11-24,9:32:51.096134601,T,IBM,F I,5,300.2
2025-11-24,9:32:53.566097877,T,IBM,F I,25,300.2
2025-11-24,9:32:54.379164317,T,IBM,F,45,300.19
2025-11-24,9:32:54.379191424,T,IBM,F,55,300.2
2025-11-24,9:32:54.379191424,T,IBM,F,70,300.19
2025-11-24,9:32:54.379221541,T,IBM,,45,300.26
2025-11-24,9:32:54.379248565,T,IBM,F,100,300.18
2025-11-24,9:33:04.249105375,T,IBM,F,100,300.2
2025-11-24,9:33:06.538269093,T,IBM,F,100,300.19
2025-11-24,9:33:06.538413425,T,IBM,,56,300.24
2025-11-24,9:33:06.538428486,T,IBM,,44,300.24
2025-11-24,9:33:06.538428486,T,IBM,,56,300.25
2025-11-24,9:33:06.538581819,T,IBM,I,6,300.29
2025-11-24,9:33:06.538584854,T,IBM,I,1,300.29
2025-11-24,9:33:06.538611880,T,IBM,F I,12,300.29
2025-11-24,9:33:06.538666011,T,IBM,I,3,300.29
2025-11-24,9:33:06.538666011,T,IBM,I,10,300.29
2025-11-24,9:33:09.003589965,T,IBM,F I,21,300.4
2025-11-24,9:33:09.003595263,T,IBM,F,40,300.4
2025-11-24,9:33:09.003673376,T,IBM,,45,300.4
2025-11-24,9:33:09.003791050,T,IBM,F I,14,300.44
2025-11-24,9:33:09.004416101,T,IBM,I,10,300.45
2025-11-24,9:33:09.004422171,T,IBM,F,61,300.45
2025-11-24,9:33:10.437429729,T,IBM,I,3,300.69
2025-11-24,9:33:10.437456793,T,IBM,F,75,300.65
2025-11-24,9:33:10.437459810,T,IBM,F,50,300.63
2025-11-24,9:33:10.437513835,T,IBM,F,100,300.66
2025-11-24,9:33:10.437513835,T,IBM,F I,25,300.61
2025-11-24,9:33:10.437559055,T,IBM,F I,25,300.66
2025-11-24,9:33:10.437562031,T,IBM,F,100,300.63
2025-11-24,9:33:11.123182450,T,IBM,I,3,300.7
2025-11-24,9:33:11.123182450,T,IBM,I,6,300.7
2025-11-24,9:33:11.123185292,T,IBM,I,1,300.7
2025-11-24,9:33:11.124643959,T,IBM,,100,300.69
2025-11-24,9:33:11.124646782,T,IBM,,100,300.68
2025-11-24,9:33:11.124646782,T,IBM,I,1,300.66
2025-11-24,9:33:11.124667730,T,IBM,F I,4,300.65
2025-11-24,9:33:11.124670812,T,IBM,F I,4,300.65
2025-11-24,9:33:11.124691799,T,IBM,F I,4,300.64
2025-11-24,9:33:11.125061710,T,IBM,F I,4,300.66
2025-11-24,9:33:11.125130919,T,IBM,,80,300.66
2025-11-24,9:33:11.897291140,T,IBM,F I,16,300.66
2025-11-24,9:33:23.517281324,T,IBM,I,20,300.605
2025-11-24,9:33:25.160354672,T,IBM,F,100,300.66
2025-11-24,9:33:25.160354672,T,IBM,F I,25,300.66
2025-11-24,9:33:25.160359866,T,IBM,F,100,300.7
2025-11-24,9:33:25.160359866,T,IBM,F,75,300.7
2025-11-24,9:33:25.160363064,T,IBM,F,100,300.73
2025-11-24,9:33:25.160363064,T,IBM,F I,10,300.75
2025-11-24,9:33:25.160366345,T,IBM,F,100,300.75
2025-11-24,9:33:25.160366345,T,IBM,F,52,300.76
2025-11-24,9:33:25.160372093,T,IBM,F,100,300.76
2025-11-24,9:33:25.160372093,T,IBM,F I,5,300.76
2025-11-24,9:33:25.160372093,T,IBM,F I,20,300.76
2025-11-24,9:33:25.160375481,T,IBM,F,100,300.76
2025-11-24,9:33:25.160375481,T,IBM,F I,2,300.77
2025-11-24,9:33:25.160379046,T,IBM,F,70,300.77
2025-11-24,9:33:25.160381134,T,IBM,F I,2,300.77
2025-11-24,9:33:25.160383936,T,IBM,F,40,300.77
2025-11-24,9:33:25.322517963,T,IBM,I,13,300.91
2025-11-24,9:33:25.322689488,T,IBM,F I,12,300.91
2025-11-24,9:33:25.322689488,T,IBM,F I,1,300.89
2025-11-24,9:33:25.322692346,T,IBM,F I,12,300.89
2025-11-24,9:33:25.324334749,T,IBM,F I,5,300.91
2025-11-24,9:33:25.324337771,T,IBM,F,100,300.92
2025-11-24,9:33:25.324340635,T,IBM,F I,10,300.93
2025-11-24,9:33:25.324340635,T,IBM,F I,13,300.94
2025-11-24,9:33:25.324340635,T,IBM,F I,24,300.94
2025-11-24,9:33:25.324355339,T,IBM,I,1,300.94
2025-11-24,9:33:25.326776518,T,IBM,F I,5,300.94
2025-11-24,9:33:25.326776518,T,IBM,F I,1,300.94
2025-11-24,9:33:25.326779156,T,IBM,F I,18,300.94
2025-11-24,9:33:25.327161037,T,IBM,F I,7,300.81
2025-11-24,9:33:25.327287339,T,IBM,F,100,300.81
2025-11-24,9:33:25.328249886,T,IBM,F I,14,300.88
2025-11-24,9:33:25.328249886,T,IBM,F I,18,300.88
2025-11-24,9:33:25.328944203,T,IBM,F I,2,300.81
2025-11-24,9:33:25.406474875,T,IBM,F I,12,300.88
2025-11-24,9:33:25.406478120,T,IBM,F I,1,300.88
2025-11-24,9:33:25.406480799,T,IBM,F I,5,300.93
2025-11-24,9:33:25.411956876,T,IBM,F I,36,300.81
2025-11-24,9:33:25.411983955,T,IBM,F,62,300.81
2025-11-24,9:33:25.411995944,T,IBM,F I,5,300.75
2025-11-24,9:33:25.421206963,T,IBM,F,100,300.75
2025-11-24,9:33:28.060560356,T,IBM,F I,5,300.67
2025-11-24,9:33:29.264840286,T,IBM,F I,20,300.7
2025-11-24,9:33:29.264861275,T,IBM,F I,10,300.71
2025-11-24,9:33:29.264891367,T,IBM,F I,10,300.72
2025-11-24,9:33:29.264951517,T,IBM,F,52,300.79
2025-11-24,9:33:29.272153631,T,IBM,,45,300.72
2025-11-24,9:33:29.272177794,T,IBM,F,55,300.715
2025-11-24,9:33:30.769809138,T,IBM,F I,5,300.71
2025-11-24,9:33:37.534004731,T,IBM,F I,10,300.75
2025-11-24,9:33:37.534007385,T,IBM,F,100,300.76
2025-11-24,9:33:39.217748782,T,IBM,F,40,300.81
2025-11-24,9:33:40.183061924,T,IBM,F,41,300.84
2025-11-24,9:33:40.183080084,T,IBM,F,59,300.84
2025-11-24,9:33:40.183083385,T,IBM,F,40,300.85
2025-11-24,9:33:40.183086043,T,IBM,F I,1,300.85
2025-11-24,9:33:42.385099200,T,IBM,F I,1,300.91
2025-11-24,9:33:42.385387853,T,IBM,I,1,300.95
2025-11-24,9:33:42.410774853,T,IBM,I,6,301.0
2025-11-24,9:33:42.410774853,T,IBM,,70,301.0
2025-11-24,9:33:42.410777238,T,IBM,I,1,301.0
2025-11-24,9:33:44.297709437,T,IBM,F,40,301.16
2025-11-24,9:33:46.829226366,T,IBM,F I,1,301.16
2025-11-24,9:33:46.829226366,T,IBM,F I,1,301.16
2025-11-24,9:33:46.829367412,T,IBM,I,13,301.08
2025-11-24,9:33:46.829400564,T,IBM,I,25,301.05
2025-11-24,9:33:46.829595925,T,IBM,I,8,301.06
2025-11-24,9:33:46.829604976,T,IBM,,45,301.14
2025-11-24,9:33:46.829608975,T,IBM,I,25,301.16
2025-11-24,9:33:46.829611494,T,IBM,I,14,301.16
2025-11-24,9:33:46.829611494,T,IBM,I,1,301.16
2025-11-24,9:33:46.829614401,T,IBM,I,16,301.19
2025-11-24,9:33:46.829625980,T,IBM,I,1,301.11
2025-11-24,9:33:46.840370591,T,IBM,F I,25,301.06
2025-11-24,9:33:46.843898001,T,IBM,F,75,301.06
2025-11-24,9:33:52.480249272,T,IBM,F,40,300.99
2025-11-24,9:33:55.183961889,T,IBM,F I,8,300.97
2025-11-24,9:33:55.183964911,T,IBM,F I,32,301.0
2025-11-24,9:33:58.262586027,T,IBM,F I,39,301.0
2025-11-24,9:33:58.262766528,T,IBM,I,30,300.93
2025-11-24,9:33:58.262778660,T,IBM,I,5,300.93
2025-11-24,9:33:58.262805615,T,IBM,I,5,300.92
2025-11-24,9:33:58.338519887,T,IBM,I,20,300.92
2025-11-24,9:33:58.338679404,T,IBM,F I,1,300.9
2025-11-24,9:33:58.716862555,T,IBM,F,40,301.01
2025-11-24,9:33:58.716865791,T,IBM,F I,2,301.01
2025-11-24,9:33:58.716865791,T,IBM,F I,36,301.01
2025-11-24,9:33:59.783925874,T,IBM,I,6,301.28
2025-11-24,9:33:59.795301917,T,IBM,F I,1,301.41
2025-11-24,9:34:00.312545324,T,IBM,F,40,301.44
2025-11-24,9:34:04.346252218,T,IBM,F,100,301.33
2025-11-24,9:34:06.458516699,T,IBM,F I,1,301.32
2025-11-24,9:34:06.458519793,T,IBM,F,110,301.43
2025-11-24,9:34:06.458522712,T,IBM,F I,10,301.43
2025-11-24,9:34:06.458522712,T,IBM,F I,10,301.43
2025-11-24,9:34:06.458646054,T,IBM,,160,301.43
2025-11-24,9:34:06.474884715,T,IBM,I,24,301.645
2025-11-24,9:34:07.859438780,T,IBM,F I,2,301.56
2025-11-24,9:34:07.859440803,T,IBM,F I,2,301.56
2025-11-24,9:34:07.859455892,T,IBM,F I,2,301.56
2025-11-24,9:34:07.859459000,T,IBM,I,2,301.56
2025-11-24,9:34:07.859461870,T,IBM,F I,2,301.56
2025-11-24,9:34:07.859464924,T,IBM,F,92,301.56
2025-11-24,9:34:07.860180733,T,IBM,F,100,301.56
2025-11-24,9:34:07.966661168,T,IBM,I,21,301.58
2025-11-24,9:34:11.256207355,T,IBM,I,13,301.44
2025-11-24,9:34:11.280993417,T,IBM,F,75,301.55
2025-11-24,9:34:11.280993417,T,IBM,F I,5,301.55
2025-11-24,9:34:11.280995777,T,IBM,F I,25,301.56
2025-11-24,9:34:11.736901729,T,IBM,F I,13,301.44
2025-11-24,9:34:11.736904801,T,IBM,F I,14,301.44
2025-11-24,9:34:11.736989124,T,IBM,I,6,301.44
2025-11-24,9:34:11.737001019,T,IBM,I,13,301.44
2025-11-24,9:34:11.737055126,T,IBM,F I,1,301.44
2025-11-24,9:34:11.737070125,T,IBM,I,13,301.44
2025-11-24,9:34:11.748209137,T,IBM,I,27,301.44
2025-11-24,9:34:11.748211695,T,IBM,I,6,301.43
2025-11-24,9:34:12.611016751,T,IBM,I,7,301.51
2025-11-24,9:34:13.008695429,T,IBM,I,6,301.54
2025-11-24,9:34:13.008719530,T,IBM,I,1,301.54
2025-11-24,9:34:14.006025830,T,IBM,I,13,301.48
2025-11-24,9:34:14.199034258,T,IBM,F I,6,301.61
2025-11-24,9:34:14.199064275,T,IBM,F I,25,301.61
2025-11-24,9:34:14.199076396,T,IBM,,75,301.61
2025-11-24,9:34:14.998352145,T,IBM,I,7,301.61
2025-11-24,9:34:14.999861795,T,IBM,F I,1,301.62
2025-11-24,9:34:17.210869445,T,IBM,I,6,301.66
2025-11-24,9:34:18.048931562,T,IBM,I,5,301.65
2025-11-24,9:34:18.440214095,T,IBM,I,5,301.61
2025-11-24,9:34:18.719693371,T,IBM,I,5,301.57
2025-11-24,9:34:19.173284300,T,IBM,I,13,301.6
2025-11-24,9:34:19.173290259,T,IBM,I,13,301.6
2025-11-24,9:34:20.201889066,T,IBM,F I,5,301.74
2025-11-24,9:34:20.201892017,T,IBM,F I,10,301.75
2025-11-24,9:34:20.201894976,T,IBM,F I,17,301.75
2025-11-24,9:34:24.196412555,T,IBM,F,77,301.57
2025-11-24,9:34:24.196427670,T,IBM,I,11,301.57
2025-11-24,9:34:24.196442836,T,IBM,F I,7,301.57
2025-11-24,9:34:24.196445607,T,IBM,F I,6,301.56
2025-11-24,9:34:24.196463969,T,IBM,I,5,301.56
2025-11-24,9:34:24.196481752,T,IBM,I,2,301.56
2025-11-24,9:34:24.197068137,T,IBM,F,52,301.65
2025-11-24,9:34:24.197071606,T,IBM,F I,11,301.66
2025-11-24,9:34:24.197092205,T,IBM,F I,11,301.66
2025-11-24,9:34:24.197095136,T,IBM,F,40,301.66
2025-11-24,9:34:24.197098198,T,IBM,F I,1,301.66
2025-11-24,9:34:24.197101211,T,IBM,F,100,301.68
2025-11-24,9:34:24.197365862,T,IBM,F I,38,301.66
2025-11-24,9:34:24.197368853,T,IBM,F,40,301.66
2025-11-24,9:34:24.197404951,T,IBM,F I,1,301.66
2025-11-24,9:34:24.197407902,T,IBM,F,70,301.66
2025-11-24,9:34:24.198370236,T,IBM,I,30,301.68
2025-11-24,9:34:24.979263262,T,IBM,F I,3,301.75
2025-11-24,9:34:25.134655235,T,IBM,F,40,301.75
2025-11-24,9:34:25.134670292,T,IBM,I,1,301.75
2025-11-24,9:34:25.135154377,T,IBM,F I,11,301.75
2025-11-24,9:34:25.135154377,T,IBM,F I,32,301.75
2025-11-24,9:34:25.135416582,T,IBM,F,52,301.69
2025-11-24,9:34:25.135419233,T,IBM,F I,3,301.68
2025-11-24,9:34:25.135422072,T,IBM,F I,13,301.68
2025-11-24,9:34:25.135608463,T,IBM,I,20,301.75
2025-11-24,9:34:25.139400449,T,IBM,I,16,301.68
2025-11-24,9:34:25.139403536,T,IBM,I,17,301.68
2025-11-24,9:34:25.190684579,T,IBM,,40,301.68
2025-11-24,9:34:25.192485845,T,IBM,,43,301.68
2025-11-24,9:34:26.901463352,T,IBM,F I,2,301.63
2025-11-24,9:34:26.901466370,T,IBM,F,100,301.65
2025-11-24,9:34:27.523404027,T,IBM,I,3,301.62
2025-11-24,9:34:28.104717908,T,IBM,F I,1,301.7
2025-11-24,9:34:28.104717908,T,IBM,F I,2,301.7
2025-11-24,9:34:28.110612021,T,IBM,,41,301.75
2025-11-24,9:34:28.110612021,T,IBM,I,2,301.75
2025-11-24,9:34:28.270992689,T,IBM,I,30,301.72
2025-11-24,9:34:29.284282018,T,IBM,I,2,301.65
2025-11-24,9:34:30.285034515,T,IBM,I,3,301.64
2025-11-24,9:34:30.304839619,T,IBM,F I,9,301.73
2025-11-24,9:34:30.742931632,T,IBM,F I,4,301.77
2025-11-24,9:34:30.742934648,T,IBM,F I,1,301.77
2025-11-24,9:34:30.742934648,T,IBM,F I,2,301.77
2025-11-24,9:34:30.742937614,T,IBM,F I,3,301.77
2025-11-24,9:34:30.743187230,T,IBM,I,9,301.81
2025-11-24,9:34:30.743812718,T,IBM,F I,1,301.9
2025-11-24,9:34:30.918561717,T,IBM,F,280,301.94
2025-11-24,9:34:30.918561717,T,IBM,F,40,301.97
2025-11-24,9:34:30.918579777,T,IBM,I,1,301.97
2025-11-24,9:34:33.169793098,T,IBM,F I,10,301.85
2025-11-24,9:34:33.169793098,T,IBM,F I,30,301.85
2025-11-24,9:34:37.600378724,T,IBM,F,40,301.78
2025-11-24,9:34:38.356582958,T,IBM,I,1,301.73
2025-11-24,9:34:40.268832383,T,IBM,F,99,301.73
2025-11-24,9:34:42.801849620,T,IBM,F I,10,301.78
2025-11-24,9:34:42.801849620,T,IBM,F I,30,301.78
2025-11-24,9:34:42.801867662,T,IBM,I,1,301.78
2025-11-24,9:34:42.802348793,T,IBM,F,46,301.78
2025-11-24,9:34:42.802460101,T,IBM,I,2,301.78
2025-11-24,9:34:42.802460101,T,IBM,I,20,301.78
2025-11-24,9:34:47.445955829,T,IBM,F I,10,301.76
2025-11-24,9:34:47.445958580,T,IBM,F I,5,301.77
2025-11-24,9:34:47.445961671,T,IBM,F I,25,301.8
2025-11-24,9:34:51.642936240,T,IBM,F,40,301.82
2025-11-24,9:34:59.144778588,T,IBM,F,120,301.82
2025-11-24,9:34:59.144782147,T,IBM,F,160,301.83
2025-11-24,9:34:59.144782147,T,IBM,F I,11,301.83
2025-11-24,9:34:59.144784595,T,IBM,F I,24,301.83
2025-11-24,9:34:59.144799553,T,IBM,I,1,301.83
2025-11-24,9:34:59.144805850,T,IBM,F,45,301.83
2025-11-24,9:34:59.144805850,T,IBM,F,40,301.83
2025-11-24,9:34:59.144808713,T,IBM,F I,33,301.83
2025-11-24,9:34:59.144811603,T,IBM,F I,1,301.83
2025-11-24,9:34:59.145437049,T,IBM,F,100,301.8
2025-11-24,9:34:59.145644661,T,IBM,F,75,301.75
2025-11-24,9:34:59.145644661,T,IBM,F I,5,301.74
2025-11-24,9:34:59.145666249,T,IBM,F I,37,301.72
2025-11-24,9:34:59.145689717,T,IBM,F I,37,301.72
2025-11-24,9:34:59.145711437,T,IBM,F I,26,301.72
2025-11-24,9:34:59.145711437,T,IBM,F I,35,301.7
2025-11-24,9:34:59.145713992,T,IBM,F I,2,301.7
2025-11-24,9:34:59.145921286,T,IBM,F I,37,301.71
2025-11-24,9:34:59.145948962,T,IBM,F,40,301.73
2025-11-24,9:34:59.145951332,T,IBM,F I,35,301.71
2025-11-24,9:34:59.145975384,T,IBM,F I,28,301.71
2025-11-24,9:35:00.324956385,T,IBM,F I,5,301.8
2025-11-24,9:35:00.324959661,T,IBM,F,100,301.8
2025-11-24,9:35:00.324962296,T,IBM,F I,12,301.8
2025-11-24,9:35:00.324962296,T,IBM,F I,36,301.82
2025-11-24,9:35:00.325115546,T,IBM,I,12,301.82
2025-11-24,9:35:00.325801165,T,IBM,I,11,301.8
2025-11-24,9:35:00.325936561,T,IBM,F I,18,301.83
2025-11-24,9:35:00.325936561,T,IBM,F I,35,301.83
2025-11-24,9:35:00.325939914,T,IBM,F,40,301.83
2025-11-24,9:35:00.325942487,T,IBM,F I,8,301.83
2025-11-24,9:35:00.325942487,T,IBM,F,40,301.83
2025-11-24,9:35:00.325945538,T,IBM,F,196,301.85
2025-11-24,9:35:00.325970274,T,IBM,F I,4,301.85
2025-11-24,9:35:00.325970274,T,IBM,F I,26,301.85
2025-11-24,9:35:00.325972541,T,IBM,F I,10,301.85
2025-11-24,9:35:02.315569147,T,IBM,F I,3,301.89
2025-11-24,9:35:02.315572201,T,IBM,F I,2,301.95
2025-11-24,9:35:02.315572201,T,IBM,F I,35,301.97
2025-11-24,9:35:02.315590212,T,IBM,I,1,301.97
2025-11-24,9:35:02.315593205,T,IBM,,123,301.97
2025-11-24,9:35:02.315596150,T,IBM,I,11,301.97
2025-11-24,9:35:02.315644368,T,IBM,F,76,301.97
2025-11-24,9:35:02.469039478,T,IBM,F,52,301.97
2025-11-24,9:35:02.470288732,T,IBM,I,22,301.96
2025-11-24,9:35:02.470288732,T,IBM,F I,22,301.96
2025-11-24,9:35:02.470338547,T,IBM,F I,22,301.95
2025-11-24,9:35:02.470347583,T,IBM,I,22,301.95
2025-11-24,9:35:02.470359610,T,IBM,I,1,301.95
2025-11-24,9:35:02.481648639,T,IBM,I,11,302.02
2025-11-24,9:35:02.481651556,T,IBM,I,30,302.02
2025-11-24,9:35:02.538035782,T,IBM,,100,302.11
2025-11-24,9:35:03.206121304,T,IBM,F I,2,302.01
2025-11-24,9:35:03.207125625,T,IBM,F I,1,301.9
2025-11-24,9:35:03.207149663,T,IBM,F I,2,301.9
2025-11-24,9:35:07.558764452,T,IBM,I,5,301.9
2025-11-24,9:35:13.514211172,T,IBM,I,1,301.91
2025-11-24,9:35:13.514211172,T,IBM,I,7,301.93
2025-11-24,9:35:14.325684383,T,IBM,F,40,301.81
2025-11-24,9:35:14.325684383,T,IBM,F I,8,301.81
2025-11-24,9:35:14.325686979,T,IBM,F,40,301.81
2025-11-24,9:35:14.326035905,T,IBM,F,125,301.79
2025-11-24,9:35:14.326083979,T,IBM,F,125,301.79
2025-11-24,9:35:14.326086970,T,IBM,F,100,301.79
2025-11-24,9:35:14.326216302,T,IBM,F,75,301.79
2025-11-24,9:35:14.326300525,T,IBM,I,10,301.79
2025-11-24,9:35:14.326336598,T,IBM,,45,301.775
2025-11-24,9:35:14.487619507,T,IBM,,45,301.62
2025-11-24,9:35:28.620217357,T,IBM,I,18,301.49
2025-11-24,9:35:28.620241314,T,IBM,F,125,301.5
2025-11-24,9:35:28.620400698,T,IBM,I,8,301.44
2025-11-24,9:35:28.916067578,T,IBM,F I,30,301.52
2025-11-24,9:35:30.242853668,T,IBM,F I,18,301.43
2025-11-24,9:35:30.242856693,T,IBM,F,40,301.43
2025-11-24,9:35:30.242859228,T,IBM,F,40,301.43
2025-11-24,9:35:30.242967491,T,IBM,F,40,301.43
2025-11-24,9:35:33.013778784,T,IBM,F,100,301.45
2025-11-24,9:35:33.013781815,T,IBM,F I,2,301.47
2025-11-24,9:35:33.023783695,T,IBM,F,59,301.39
2025-11-24,9:35:33.023876843,T,IBM,,41,301.39
2025-11-24,9:35:33.023876843,T,IBM,I,1,301.29
2025-11-24,9:35:33.023879962,T,IBM,I,5,301.28
2025-11-24,9:35:33.023882945,T,IBM,I,5,301.28
2025-11-24,9:35:33.024195619,T,IBM,F I,20,301.27
2025-11-24,9:35:33.024198704,T,IBM,F I,10,301.26
2025-11-24,9:35:33.024219709,T,IBM,F I,20,301.26
2025-11-24,9:35:33.024223280,T,IBM,I,10,301.26
2025-11-24,9:35:33.024226198,T,IBM,I,1,301.26
2025-11-24,9:35:33.024331005,T,IBM,I,9,301.26
2025-11-24,9:35:33.393495892,T,IBM,F I,12,301.05
2025-11-24,9:35:33.596265591,T,IBM,F I,30,301.09
2025-11-24,9:35:33.596277628,T,IBM,F,100,301.09
2025-11-24,9:35:35.339061926,T,IBM,F I,6,301.18
2025-11-24,9:35:35.339067582,T,IBM,F,40,301.18
2025-11-24,9:35:35.339067582,T,IBM,F,70,301.2
2025-11-24,9:35:35.477288647,T,IBM,F I,1,301.26
2025-11-24,9:35:49.546597740,T,IBM,I,9,301.26
2025-11-24,9:35:49.546883355,T,IBM,I,7,301.24
2025-11-24,9:35:55.649142681,T,IBM,F I,20,301.02
2025-11-24,9:35:55.649196813,T,IBM,I,20,301.02
2025-11-24,9:35:55.653409927,T,IBM,I,20,300.97
2025-11-24,9:35:57.427806004,T,IBM,F I,2,301.09
2025-11-24,9:35:57.427808189,T,IBM,F,60,301.09
2025-11-24,9:35:57.427808189,T,IBM,F,40,301.09
2025-11-24,9:35:57.427826158,T,IBM,F I,10,301.09
2025-11-24,9:35:57.427829504,T,IBM,F I,10,301.09
2025-11-24,9:35:57.427829504,T,IBM,F I,10,301.09
2025-11-24,9:35:57.427874252,T,IBM,,100,301.09
2025-11-24,9:36:11.357224230,T,IBM,I,3,301.01
2025-11-24,9:36:11.357239209,T,IBM,F I,13,301.01
2025-11-24,9:36:11.357242275,T,IBM,I,8,301.01
2025-11-24,9:36:11.357251276,T,IBM,I,13,301.01
2025-11-24,9:36:19.546911896,T,IBM,,100,300.955
2025-11-24,9:36:20.042843710,T,IBM,F I,1,300.89
2025-11-24,9:36:21.192420402,T,IBM,F I,1,300.96
2025-11-24,9:36:21.192423310,T,IBM,F I,6,300.96
2025-11-24,9:36:24.003061393,T,IBM,I,7,300.86
2025-11-24,9:36:25.851399800,T,IBM,I,5,300.89
2025-11-24,9:36:26.878386722,T,IBM,F I,5,301.01
2025-11-24,9:36:26.878389629,T,IBM,F I,2,301.02
2025-11-24,9:36:26.878720378,T,IBM,F I,2,301.1
2025-11-24,9:36:26.968778800,T,IBM,F I,2,301.19
2025-11-24,9:36:26.968784738,T,IBM,F I,2,301.22
2025-11-24,9:36:33.797360162,T,IBM,I,3,301.34
2025-11-24,9:36:59.878347972,T,IBM,F I,10,301.46
2025-11-24,9:37:00.129232147,T,IBM,I,25,301.66
2025-11-24,9:37:00.129235165,T,IBM,I,15,301.67
2025-11-24,9:37:00.130068112,T,IBM,I,27,301.49
2025-11-24,9:37:00.130146717,T,IBM,F I,27,301.46
2025-11-24,9:37:00.130176366,T,IBM,F,73,301.46
2025-11-24,9:37:00.130179423,T,IBM,F I,27,301.45
2025-11-24,9:37:00.131048474,T,IBM,I,29,301.4
2025-11-24,9:37:00.132314571,T,IBM,F I,20,301.33
2025-11-24,9:37:00.132314571,T,IBM,F I,20,301.33
2025-11-24,9:37:00.132353653,T,IBM,,40,301.33
2025-11-24,9:37:00.132353653,T,IBM,,40,301.33
2025-11-24,9:37:00.132567165,T,IBM,F,40,301.32
2025-11-24,9:37:00.133021828,T,IBM,F,70,301.32
2025-11-24,9:37:00.133021828,T,IBM,F,154,301.32
2025-11-24,9:37:00.133027228,T,IBM,F,146,301.32
2025-11-24,9:37:00.182272460,T,IBM,,50,301.38
2025-11-24,9:37:00.235078121,T,IBM,,50,301.4
2025-11-24,9:37:02.497625546,T,IBM,F I,30,301.29
2025-11-24,9:37:06.002875300,T,IBM,F I,2,301.25
2025-11-24,9:37:12.398624320,T,IBM,F,40,301.39
2025-11-24,9:37:12.398627683,T,IBM,F I,10,301.39
2025-11-24,9:37:31.533859532,T,IBM,F,45,301.4
2025-11-24,9:37:34.004830011,T,IBM,I,6,301.39
2025-11-24,9:37:37.943026432,T,IBM,F I,1,301.32
2025-11-24,9:37:37.943041479,T,IBM,I,1,301.32
2025-11-24,9:37:37.943658953,T,IBM,F I,10,301.27
2025-11-24,9:37:37.943661044,T,IBM,F,150,301.27
2025-11-24,9:37:37.943664030,T,IBM,F I,10,301.27
2025-11-24,9:37:37.943682742,T,IBM,,150,301.27
2025-11-24,9:37:37.945916407,T,IBM,F I,30,301.22
2025-11-24,9:37:38.132399352,T,IBM,I,20,301.045
2025-11-24,9:37:38.132402273,T,IBM,I,20,301.045
2025-11-24,9:37:40.804617862,T,IBM,,40,301.05
2025-11-24,9:37:40.823695344,T,IBM,,40,301.05
2025-11-24,9:37:41.691146372,T,IBM,,40,301.05
2025-11-24,9:37:41.700865603,T,IBM,,40,301.05
2025-11-24,9:37:41.711153046,T,IBM,,40,301.05
2025-11-24,9:37:41.720830121,T,IBM,,40,301.05
2025-11-24,9:37:49.247866389,T,IBM,F I,20,301.02
2025-11-24,9:37:49.247869337,T,IBM,F I,20,301.01
2025-11-24,9:37:49.247878389,T,IBM,I,20,301.01
2025-11-24,9:37:49.902584985,T,IBM,I,1,300.96
2025-11-24,9:37:49.914285850,T,IBM,F I,6,301.0
2025-11-24,9:37:55.098128768,T,IBM,,45,301.0
2025-11-24,9:37:55.098131749,T,IBM,,75,301.04
2025-11-24,9:37:56.282296906,T,IBM,,40,300.98
2025-11-24,9:37:58.359819703,T,IBM,I,7,300.92
2025-11-24,9:37:58.359823152,T,IBM,,100,300.9
2025-11-24,9:37:58.359825695,T,IBM,,60,300.87
2025-11-24,9:37:58.359933949,T,IBM,F I,7,300.9
2025-11-24,9:38:00.341714973,T,IBM,F,48,301.02
2025-11-24,9:38:00.341750959,T,IBM,F I,2,301.06
2025-11-24,9:38:00.341856213,T,IBM,F I,16,301.11
2025-11-24,9:38:00.341877306,T,IBM,F I,25,301.11
2025-11-24,9:38:00.341880282,T,IBM,F,40,301.11
2025-11-24,9:38:01.319968121,T,IBM,F I,2,301.22
2025-11-24,9:38:01.319968121,T,IBM,F I,10,301.22
2025-11-24,9:38:01.319970777,T,IBM,F I,25,301.22
2025-11-24,9:38:12.760923706,T,IBM,F,80,301.0
2025-11-24,9:38:14.417311859,T,IBM,I,2,301.055
2025-11-24,9:38:14.417341992,T,IBM,,98,301.055
2025-11-24,9:38:14.419861934,T,IBM,,100,301.055
2025-11-24,9:38:23.164040165,T,IBM,F I,26,300.87
2025-11-24,9:38:23.164042727,T,IBM,F I,21,300.87
2025-11-24,9:38:23.164052290,T,IBM,F,53,300.87
2025-11-24,9:38:23.164082123,T,IBM,F I,7,300.85
2025-11-24,9:38:23.164084801,T,IBM,F I,14,300.85
2025-11-24,9:38:23.164135920,T,IBM,F I,26,300.85
2025-11-24,9:38:33.357641095,T,IBM,I,13,300.76
2025-11-24,9:38:33.357674102,T,IBM,I,7,300.76
2025-11-24,9:38:33.357677125,T,IBM,,73,300.76
2025-11-24,9:38:33.357680114,T,IBM,I,27,300.76
2025-11-24,9:38:33.357680114,T,IBM,I,13,300.75
2025-11-24,9:38:33.357701150,T,IBM,F,67,300.75
2025-11-24,9:38:33.358377865,T,IBM,F,40,300.73
2025-11-24,9:38:38.063883990,T,IBM,F,40,300.68
2025-11-24,9:38:42.864768193,T,IBM,F,40,300.72
2025-11-24,9:38:42.864771211,T,IBM,F I,35,300.72
2025-11-24,9:38:42.865102326,T,IBM,F I,2,300.75
2025-11-24,9:38:42.865102326,T,IBM,F,40,300.75
2025-11-24,9:38:42.865104899,T,IBM,F,40,300.75
2025-11-24,9:38:42.865586072,T,IBM,F I,2,300.72
2025-11-24,9:38:42.865706412,T,IBM,F I,24,300.72
2025-11-24,9:38:42.865734134,T,IBM,I,25,300.68
2025-11-24,9:38:42.865736417,T,IBM,I,16,300.63
2025-11-24,9:38:42.865965043,T,IBM,F I,26,300.665
2025-11-24,9:38:42.866091574,T,IBM,F,74,300.665
2025-11-24,9:38:42.967348308,T,IBM,I,10,300.65
2025-11-24,9:38:42.967348308,T,IBM,I,3,300.62
2025-11-24,9:38:43.867706833,T,IBM,I,11,300.61
2025-11-24,9:38:53.565541926,T,IBM,I,7,300.56
2025-11-24,9:38:53.565541926,T,IBM,I,10,300.56
2025-11-24,9:38:53.574957333,T,IBM,,45,300.665
2025-11-24,9:38:53.574981425,T,IBM,,55,300.665
2025-11-24,9:38:55.301391406,T,IBM,F,100,300.58
2025-11-24,9:38:55.301416000,T,IBM,F,80,300.55
2025-11-24,9:38:55.301418864,T,IBM,F I,2,300.55
2025-11-24,9:39:03.017878548,T,IBM,F,120,300.53
2025-11-24,9:39:14.740289607,T,IBM,F I,5,300.41
2025-11-24,9:39:14.740292524,T,IBM,F I,3,300.41
2025-11-24,9:39:14.741101465,T,IBM,I,14,300.39
2025-11-24,9:39:15.643447630,T,IBM,I,1,300.37
2025-11-24,9:39:33.966876206,T,IBM,F,40,300.49
2025-11-24,9:39:38.108474006,T,IBM,F,40,300.51
2025-11-24,9:39:38.108491781,T,IBM,I,1,300.51
2025-11-24,9:39:38.108497811,T,IBM,F,119,300.51
2025-11-24,9:39:42.711766495,T,IBM,F,40,300.55
2025-11-24,9:39:42.712653598,T,IBM,,40,300.56
2025-11-24,9:39:43.809319380,T,IBM,F I,6,300.6
2025-11-24,9:39:44.287472736,T,IBM,F,40,300.65
2025-11-24,9:39:44.287475866,T,IBM,F I,2,300.65
2025-11-24,9:39:44.287478738,T,IBM,F,40,300.65
2025-11-24,9:39:44.287478738,T,IBM,F,150,300.65
2025-11-24,9:39:52.121984842,T,IBM,I,20,300.59
2025-11-24,9:39:52.122261549,T,IBM,F I,20,300.59
2025-11-24,9:39:52.122267575,T,IBM,F I,25,300.59
2025-11-24,9:39:52.122267575,T,IBM,F I,25,300.59
2025-11-24,9:39:52.122288639,T,IBM,F I,10,300.59
2025-11-24,9:39:52.122288639,T,IBM,F I,25,300.58
2025-11-24,9:39:53.504743021,T,IBM,F I,1,300.73
2025-11-24,9:39:54.886625503,T,IBM,F I,38,300.78
2025-11-24,9:39:54.886643571,T,IBM,I,1,300.78
2025-11-24,9:39:54.886673638,T,IBM,F I,1,300.78
2025-11-24,9:40:01.006467838,T,IBM,,100,300.775
2025-11-24,9:40:01.006467838,T,IBM,I,20,300.73
2025-11-24,9:40:01.006509839,T,IBM,F,80,300.73
2025-11-24,9:40:01.006513252,T,IBM,F,52,300.72
2025-11-24,9:40:01.006516355,T,IBM,F I,20,300.71
2025-11-24,9:40:01.006521831,T,IBM,F I,8,300.7
2025-11-24,9:40:01.006539899,T,IBM,F I,32,300.7
2025-11-24,9:40:01.006542809,T,IBM,F,40,300.7
2025-11-24,9:40:01.007279565,T,IBM,F,125,300.66
2025-11-24,9:40:01.059303421,T,IBM,F I,10,300.8
2025-11-24,9:40:01.062115224,T,IBM,F,100,300.83
2025-11-24,9:40:01.230735833,T,IBM,F,40,300.95
2025-11-24,9:40:01.230735833,T,IBM,F I,16,300.95
2025-11-24,9:40:01.230744550,T,IBM,I,24,300.95
2025-11-24,9:40:01.230798788,T,IBM,F I,12,300.97
2025-11-24,9:40:01.230816794,T,IBM,I,9,300.95
2025-11-24,9:40:01.230826130,T,IBM,,56,300.97
2025-11-24,9:40:01.230837832,T,IBM,F I,8,300.97
2025-11-24,9:40:01.230837832,T,IBM,F I,27,300.97
2025-11-24,9:40:01.230847238,T,IBM,,100,300.97
2025-11-24,9:40:01.230847238,T,IBM,I,1,300.97
2025-11-24,9:40:01.230867958,T,IBM,F,99,300.97
2025-11-24,9:40:03.385804001,T,IBM,I,30,300.92
2025-11-24,9:40:03.385807179,T,IBM,I,5,300.92
2025-11-24,9:40:03.385807179,T,IBM,I,5,300.95
2025-11-24,9:40:03.385825104,T,IBM,F I,35,300.95
2025-11-24,9:40:03.386643081,T,IBM,F,52,301.04
2025-11-24,9:40:03.387704522,T,IBM,F,40,301.07
2025-11-24,9:40:13.339157491,T,IBM,I,1,300.96
2025-11-24,9:40:13.339157491,T,IBM,I,1,300.96
2025-11-24,9:40:13.340158802,T,IBM,,100,300.9
2025-11-24,9:40:13.340279076,T,IBM,,100,300.9
2025-11-24,9:40:13.340333237,T,IBM,I,10,300.79
2025-11-24,9:40:13.340336234,T,IBM,I,5,300.78
2025-11-24,9:40:13.340387569,T,IBM,I,11,300.78
2025-11-24,9:40:17.349053630,T,IBM,I,5,300.8
2025-11-24,9:40:17.349164872,T,IBM,F,40,300.79
2025-11-24,9:40:17.349255407,T,IBM,F,40,300.76
2025-11-24,9:40:39.135583421,T,IBM,F,75,300.74
2025-11-24,9:40:53.352306283,T,IBM,I,1,300.71
2025-11-24,9:40:54.199077166,T,IBM,F I,1,300.6
2025-11-24,9:40:54.199341808,T,IBM,,72,300.65
2025-11-24,9:40:55.781744958,T,IBM,,80,300.9
2025-11-24,9:40:55.781886337,T,IBM,I,2,300.92
2025-11-24,9:40:55.781886337,T,IBM,I,20,300.92
2025-11-24,9:40:57.208861337,T,IBM,F,42,300.89
2025-11-24,9:41:03.169799224,T,IBM,I,8,300.9
2025-11-24,9:41:06.660118508,T,IBM,F,100,301.03
2025-11-24,9:41:06.662391938,T,IBM,I,35,301.05
2025-11-24,9:41:06.662412975,T,IBM,F I,5,301.05
2025-11-24,9:41:06.662415989,T,IBM,F I,1,301.05
2025-11-24,9:41:06.672736461,T,IBM,F I,7,301.12
2025-11-24,9:41:08.552770103,T,IBM,F I,5,301.23
2025-11-24,9:41:09.322407392,T,IBM,F I,7,301.26
2025-11-24,9:41:10.352386461,T,IBM,F I,30,301.34
2025-11-24,9:41:10.352389418,T,IBM,F I,9,301.37
2025-11-24,9:41:10.352404472,T,IBM,F I,30,301.37
2025-11-24,9:41:10.352440590,T,IBM,I,1,301.36
2025-11-24,9:41:10.352891650,T,IBM,I,29,301.36
2025-11-24,9:41:14.734075617,T,IBM,I,10,301.26
2025-11-24,9:41:15.012213802,T,IBM,F,53,301.24
2025-11-24,9:41:27.411575409,T,IBM,,75,301.15
2025-11-24,9:41:27.411575409,T,IBM,I,25,301.16
2025-11-24,9:41:27.411578203,T,IBM,I,25,301.19
2025-11-24,9:41:27.411596253,T,IBM,F I,2,301.19
2025-11-24,9:41:27.411629279,T,IBM,F I,2,301.19
2025-11-24,9:41:27.411653346,T,IBM,F,100,301.195
2025-11-24,9:41:28.457831986,T,IBM,F I,2,301.22
2025-11-24,9:41:31.458474455,T,IBM,F I,5,301.08
2025-11-24,9:41:31.458817402,T,IBM,F,80,300.98
2025-11-24,9:41:41.359250513,T,IBM,F,42,300.73
2025-11-24,9:41:51.901540935,T,IBM,,80,300.96
2025-11-24,9:41:51.901776409,T,IBM,F I,9,300.96
2025-11-24,9:41:51.901776409,T,IBM,F,40,300.97
2025-11-24,9:41:51.901776409,T,IBM,F I,31,300.97
2025-11-24,9:41:51.901778521,T,IBM,F I,9,300.97
2025-11-24,9:41:51.901782029,T,IBM,F,44,300.97
2025-11-24,9:41:51.901793912,T,IBM,I,1,300.97
2025-11-24,9:41:51.901796540,T,IBM,I,2,300.97
2025-11-24,9:41:51.901802542,T,IBM,I,9,300.97
2025-11-24,9:41:51.901827333,T,IBM,F I,24,300.97
2025-11-24,9:41:56.497833068,T,IBM,F I,5,301.11
2025-11-24,9:42:00.494545723,T,IBM,,40,301.06
2025-11-24,9:42:00.495138216,T,IBM,I,2,301.04
2025-11-24,9:42:00.495243384,T,IBM,I,38,301.04
2025-11-24,9:42:00.495526103,T,IBM,,40,301.04
2025-11-24,9:42:05.704842640,T,IBM,,100,301.06
2025-11-24,9:42:21.765314766,T,IBM,F I,4,300.89
2025-11-24,9:42:21.765395906,T,IBM,F I,3,300.88
2025-11-24,9:42:21.765398986,T,IBM,F,80,300.88
2025-11-24,9:42:21.765516269,T,IBM,F,125,300.84
2025-11-24,9:42:26.329367033,T,IBM,F,125,300.86
2025-11-24,9:42:46.538593997,T,IBM,F I,6,300.92
2025-11-24,9:42:46.538612608,T,IBM,F I,24,300.92
2025-11-24,9:42:46.538620798,T,IBM,F,75,300.91
2025-11-24,9:42:46.538627578,T,IBM,F,52,300.91
2025-11-24,9:42:46.538633282,T,IBM,F,99,300.91
2025-11-24,9:42:46.538636195,T,IBM,F I,1,300.91
2025-11-24,9:42:46.538636195,T,IBM,F I,5,300.9
2025-11-24,9:42:46.538638864,T,IBM,F I,1,300.9
2025-11-24,9:42:46.538717022,T,IBM,I,11,300.95
2025-11-24,9:42:46.538717022,T,IBM,I,29,300.95
2025-11-24,9:42:46.538735099,T,IBM,I,1,300.95
2025-11-24,9:42:46.538744168,T,IBM,I,31,300.9
2025-11-24,9:42:46.538801610,T,IBM,F I,29,300.9
2025-11-24,9:42:46.538972657,T,IBM,,120,300.92
2025-11-24,9:42:46.539279572,T,IBM,I,6,300.9
2025-11-24,9:42:46.539369647,T,IBM,I,1,300.9
2025-11-24,9:42:46.539372571,T,IBM,I,10,300.9
2025-11-24,9:42:46.539456872,T,IBM,F I,4,300.9
2025-11-24,9:42:46.539498895,T,IBM,F I,1,300.9
2025-11-24,9:42:46.540088281,T,IBM,,40,300.92
2025-11-24,9:42:46.540193549,T,IBM,I,5,300.92
2025-11-24,9:42:46.540196630,T,IBM,I,35,300.93
2025-11-24,9:42:46.540223700,T,IBM,I,5,300.93
2025-11-24,9:42:46.541658033,T,IBM,F I,19,300.9
2025-11-24,9:42:46.541673121,T,IBM,,45,300.91
2025-11-24,9:42:46.541706201,T,IBM,F,55,300.91
2025-11-24,9:42:46.602381587,T,IBM,,45,300.91
2025-11-24,9:42:46.602384705,T,IBM,I,25,300.93
2025-11-24,9:42:46.602420765,T,IBM,,45,300.93
2025-11-24,9:42:46.602447841,T,IBM,I,2,300.94
2025-11-24,9:42:46.610155094,T,IBM,F,50,300.93
2025-11-24,9:42:46.610188151,T,IBM,I,20,300.95
2025-11-24,9:42:46.714617830,T,IBM,I,10,300.95
2025-11-24,9:42:47.896286968,T,IBM,I,10,300.94
2025-11-24,9:42:49.629917077,T,IBM,F I,5,300.93
2025-11-24,9:42:49.629920094,T,IBM,F I,5,300.93
2025-11-24,9:43:03.673604910,T,IBM,F,100,300.855
2025-11-24,9:43:03.673607915,T,IBM,F I,3,300.855
2025-11-24,9:43:03.673656081,T,IBM,F I,12,300.88
2025-11-24,9:43:03.673659033,T,IBM,F,75,300.89
2025-11-24,9:43:03.673659033,T,IBM,F I,5,300.9
2025-11-24,9:43:03.675285971,T,IBM,I,25,300.8
2025-11-24,9:43:03.675285971,T,IBM,I,4,300.78
2025-11-24,9:43:03.675289413,T,IBM,I,5,300.77
2025-11-24,9:43:03.675292367,T,IBM,I,2,300.73
2025-11-24,9:43:03.675292367,T,IBM,I,20,300.73
2025-11-24,9:43:03.675295003,T,IBM,I,32,300.72
2025-11-24,9:43:03.675295003,T,IBM,I,5,300.72
2025-11-24,9:43:03.675343052,T,IBM,I,14,300.72
2025-11-24,9:43:09.786967148,T,IBM,F I,3,300.59
2025-11-24,9:43:09.787060011,T,IBM,F,80,300.67
2025-11-24,9:43:09.787062926,T,IBM,F,40,300.67
2025-11-24,9:43:09.787065804,T,IBM,F I,3,300.67
2025-11-24,9:43:09.787101895,T,IBM,I,31,300.67
2025-11-24,9:43:09.787110923,T,IBM,I,39,300.67
2025-11-24,9:43:09.787119962,T,IBM,I,14,300.67
2025-11-24,9:43:09.787943961,T,IBM,I,16,300.68
2025-11-24,9:43:10.043128811,T,IBM,F I,5,300.77
2025-11-24,9:43:10.043131911,T,IBM,F I,4,300.78
2025-11-24,9:43:10.043134477,T,IBM,F,40,300.81
2025-11-24,9:43:10.043137458,T,IBM,F I,5,300.81
2025-11-24,9:43:10.043137458,T,IBM,F I,6,300.81
2025-11-24,9:43:10.043141016,T,IBM,F I,31,300.81
2025-11-24,9:43:10.043141016,T,IBM,F,40,300.81
2025-11-24,9:43:10.043143763,T,IBM,F I,25,300.81
2025-11-24,9:43:10.043143763,T,IBM,F I,11,300.81
2025-11-24,9:43:10.043152532,T,IBM,F,64,300.81
2025-11-24,9:43:10.044018573,T,IBM,F I,3,300.85
2025-11-24,9:43:10.287006008,T,IBM,F I,3,301.0
2025-11-24,9:43:10.287108306,T,IBM,,40,301.03
2025-11-24,9:43:21.783251417,T,IBM,I,3,300.98
2025-11-24,9:43:31.082394320,T,IBM,,40,300.95
2025-11-24,9:43:40.821183923,T,IBM,F I,20,301.05
2025-11-24,9:43:40.821183923,T,IBM,F I,20,301.06
2025-11-24,9:43:40.821186993,T,IBM,F,40,301.06
2025-11-24,9:43:40.821186993,T,IBM,F I,8,301.06
2025-11-24,9:43:40.821189990,T,IBM,F I,3,301.06
2025-11-24,9:43:40.821192861,T,IBM,F I,6,301.06
2025-11-24,9:43:40.821406374,T,IBM,,50,301.05
2025-11-24,9:43:40.821439533,T,IBM,F I,30,301.07
2025-11-24,9:43:48.250752598,T,IBM,I,5,301.01
2025-11-24,9:43:48.250754918,T,IBM,I,17,301.0
2025-11-24,9:43:48.250773025,T,IBM,I,5,301.0
2025-11-24,9:43:48.250776047,T,IBM,I,16,301.0
2025-11-24,9:43:48.251533871,T,IBM,F I,1,300.93
2025-11-24,9:43:48.266308038,T,IBM,,100,300.865
2025-11-24,9:43:48.966161145,T,IBM,F,60,300.9
2025-11-24,9:44:06.413255335,T,IBM,I,20,300.78
2025-11-24,9:44:06.413255335,T,IBM,I,5,300.78
2025-11-24,9:44:06.413258271,T,IBM,I,7,300.77
2025-11-24,9:44:06.413276334,T,IBM,F,44,300.77
2025-11-24,9:44:06.413607059,T,IBM,F I,1,300.76
2025-11-24,9:44:06.413634203,T,IBM,F,79,300.76
2025-11-24,9:44:06.414340778,T,IBM,I,1,300.71
2025-11-24,9:44:06.414344000,T,IBM,,100,300.7
2025-11-24,9:44:06.414364843,T,IBM,F,1900,300.7
2025-11-24,9:44:06.414794954,T,IBM,F,100,300.7
2025-11-24,9:44:06.414803925,T,IBM,F,80,300.7
2025-11-24,9:44:06.414849079,T,IBM,F I,1,300.7
2025-11-24,9:44:06.414876147,T,IBM,,140,300.7
2025-11-24,9:44:06.414912150,T,IBM,I,6,300.68
2025-11-24,9:44:06.422300753,T,IBM,I,19,300.64
2025-11-24,9:44:15.033559116,T,IBM,F I,8,300.555
2025-11-24,9:44:21.153533489,T,IBM,F,80,300.35
2025-11-24,9:44:21.153554695,T,IBM,F I,20,300.35
2025-11-24,9:44:21.153554695,T,IBM,F,80,300.34
2025-11-24,9:44:21.153671895,T,IBM,I,4,300.34
2025-11-24,9:44:21.185424433,T,IBM,F I,1,300.29
2025-11-24,9:44:21.186155291,T,IBM,F I,30,300.34
2025-11-24,9:44:21.186158983,T,IBM,F I,2,300.35
2025-11-24,9:44:21.186158983,T,IBM,F I,5,300.36
2025-11-24,9:44:21.186164169,T,IBM,F,88,300.36
2025-11-24,9:44:21.187607631,T,IBM,I,2,300.29
2025-11-24,9:44:23.757420333,T,IBM,I,1,300.225
2025-11-24,9:44:54.645477270,T,IBM,F I,1,300.23
2025-11-24,9:44:55.640227451,T,IBM,F I,5,300.27
2025-11-24,9:44:57.846035870,T,IBM,F I,20,300.35
2025-11-24,9:44:57.846056682,T,IBM,F,40,300.39
2025-11-24,9:44:57.846366348,T,IBM,F I,2,300.4
2025-11-24,9:45:00.401486277,T,IBM,F,40,300.35
2025-11-24,9:45:09.206432754,T,IBM,F I,2,300.51
2025-11-24,9:45:09.206435785,T,IBM,F I,1,300.54
2025-11-24,9:45:09.206823677,T,IBM,I,2,300.54
2025-11-24,9:45:09.997941021,T,IBM,I,2,300.59
2025-11-24,9:45:10.291379570,T,IBM,F I,2,300.53
2025-11-24,9:45:10.799965391,T,IBM,F I,1,300.6
2025-11-24,9:45:17.647160988,T,IBM,F I,2,300.62
2025-11-24,9:45:17.696126500,T,IBM,F I,2,300.53
2025-11-24,9:45:24.845072594,T,IBM,F,100,300.45
2025-11-24,9:45:34.905228010,T,IBM,F I,17,300.25
2025-11-24,9:45:36.053860595,T,IBM,,75,300.13
2025-11-24,9:45:36.053860595,T,IBM,I,5,300.08
2025-11-24,9:45:36.486638777,T,IBM,F,52,300.09
2025-11-24,9:45:36.486641788,T,IBM,F I,11,300.1
2025-11-24,9:45:36.486683870,T,IBM,F I,29,300.1
2025-11-24,9:45:36.486686960,T,IBM,F I,23,300.11
2025-11-24,9:45:36.488620802,T,IBM,F I,23,300.24
2025-11-24,9:45:36.488620802,T,IBM,F,40,300.24
2025-11-24,9:45:36.488624164,T,IBM,F,159,300.24
2025-11-24,9:45:36.488626628,T,IBM,F,40,300.24
2025-11-24,9:45:36.488737780,T,IBM,F I,5,300.24
2025-11-24,9:45:36.488834047,T,IBM,I,15,300.2
2025-11-24,9:45:36.488939242,T,IBM,F I,5,300.24
2025-11-24,9:45:36.489036008,T,IBM,I,3,300.2
2025-11-24,9:45:36.489038554,T,IBM,I,7,300.17
2025-11-24,9:45:36.489059626,T,IBM,I,3,300.17
2025-11-24,9:45:36.489089698,T,IBM,F I,8,300.21
2025-11-24,9:45:36.489215919,T,IBM,F I,4,300.23
2025-11-24,9:45:36.489420475,T,IBM,F I,4,300.24
2025-11-24,9:45:36.766133209,T,IBM,F I,12,300.24
2025-11-24,9:45:36.766136147,T,IBM,F I,15,300.24
2025-11-24,9:45:50.062319549,T,IBM,F I,22,300.43
2025-11-24,9:45:50.062629325,T,IBM,,45,300.4
2025-11-24,9:45:50.064054682,T,IBM,F I,1,300.38
2025-11-24,9:45:50.064066764,T,IBM,F,99,300.38
2025-11-24,9:45:50.064069771,T,IBM,F,100,300.34
2025-11-24,9:45:50.064075766,T,IBM,F I,1,300.33
2025-11-24,9:45:50.064156908,T,IBM,,200,300.33
2025-11-24,9:45:50.064220135,T,IBM,,100,300.33
2025-11-24,9:45:50.075824685,T,IBM,F I,3,300.3
2025-11-24,9:46:00.339484289,T,IBM,F I,2,300.29
2025-11-24,9:46:00.339486772,T,IBM,F I,2,300.3
2025-11-24,9:46:00.339489837,T,IBM,F,76,300.32
2025-11-24,9:46:03.387961200,T,IBM,,100,300.225
2025-11-24,9:46:07.190276317,T,IBM,F,100,300.225
2025-11-24,9:46:07.190285242,T,IBM,F I,2,300.21
2025-11-24,9:46:07.190285242,T,IBM,F I,2,300.2
2025-11-24,9:46:07.190288055,T,IBM,F I,21,300.19
2025-11-24,9:46:07.190345291,T,IBM,F I,9,300.16
2025-11-24,9:46:10.863830505,T,IBM,I,2,300.23
2025-11-24,9:46:13.000359753,T,IBM,I,3,300.35
2025-11-24,9:46:13.000756785,T,IBM,,40,300.39
2025-11-24,9:46:13.000756785,T,IBM,,40,300.39
2025-11-24,9:46:14.186187757,T,IBM,F I,18,300.47
2025-11-24,9:46:14.186458421,T,IBM,F I,2,300.38
2025-11-24,9:46:14.186458421,T,IBM,F I,25,300.37
2025-11-24,9:46:14.186593859,T,IBM,F I,7,300.36
2025-11-24,9:46:15.068575431,T,IBM,F I,20,300.28
2025-11-24,9:46:15.068581400,T,IBM,F I,6,300.27
2025-11-24,9:46:15.068659603,T,IBM,,85,300.28
2025-11-24,9:46:15.069029530,T,IBM,F I,1,300.25
2025-11-24,9:46:15.069059553,T,IBM,F,119,300.25
2025-11-24,9:46:15.105912263,T,IBM,I,1,300.24
2025-11-24,9:46:15.107241508,T,IBM,F,100,300.185
2025-11-24,9:46:21.224990576,T,IBM,I,8,300.16
2025-11-24,9:46:21.224997158,T,IBM,I,1,300.15
2025-11-24,9:46:21.224997158,T,IBM,I,3,300.17
2025-11-24,9:46:21.225020582,T,IBM,I,8,300.15
2025-11-24,9:46:21.225074791,T,IBM,I,1,300.17
2025-11-24,9:46:21.225083981,T,IBM,I,8,300.15
2025-11-24,9:46:21.225128824,T,IBM,,40,300.18
2025-11-24,9:46:21.356641078,T,IBM,F,40,300.18
2025-11-24,9:46:21.356643938,T,IBM,F I,1,300.18
2025-11-24,9:46:21.357052956,T,IBM,F I,8,300.15
2025-11-24,9:46:22.640027287,T,IBM,F I,10,300.08
2025-11-24,9:46:22.640138549,T,IBM,F I,2,300.06
2025-11-24,9:46:22.640306936,T,IBM,F I,1,300.04
2025-11-24,9:46:22.640363968,T,IBM,F I,1,300.04
2025-11-24,9:46:22.640424497,T,IBM,F I,1,300.04
2025-11-24,9:46:22.640460316,T,IBM,I,31,300.12
2025-11-24,9:46:22.640502686,T,IBM,F I,8,300.08
2025-11-24,9:46:22.640535452,T,IBM,I,30,300.12
2025-11-24,9:46:22.640535452,T,IBM,I,1,300.13
2025-11-24,9:46:22.640751966,T,IBM,I,21,300.12
2025-11-24,9:46:30.056090207,T,IBM,F,125,300.2
2025-11-24,9:46:32.075634973,T,IBM,I,33,300.165
2025-11-24,9:46:35.533873679,T,IBM,F I,5,300.07
2025-11-24,9:46:35.533876798,T,IBM,F I,16,300.07
2025-11-24,9:46:35.536565099,T,IBM,F,120,300.03
2025-11-24,9:46:35.663707857,T,IBM,F I,6,299.95
2025-11-24,9:46:38.259583704,T,IBM,F I,1,299.87
2025-11-24,9:46:38.259779113,T,IBM,I,4,299.87
2025-11-24,9:46:38.259920499,T,IBM,F,40,299.86
2025-11-24,9:46:38.272857239,T,IBM,F I,3,299.93
2025-11-24,9:46:38.272872470,T,IBM,F,49,299.93
2025-11-24,9:46:38.272875361,T,IBM,F I,30,299.93
2025-11-24,9:46:38.272878359,T,IBM,F I,3,299.94
2025-11-24,9:46:39.603909941,T,IBM,F I,3,300.01
2025-11-24,9:46:39.608427157,T,IBM,F I,20,300.15
2025-11-24,9:46:39.608429822,T,IBM,F I,21,300.15
2025-11-24,9:46:39.621583042,T,IBM,F I,38,299.98
2025-11-24,9:46:39.621610148,T,IBM,F I,19,299.95
2025-11-24,9:46:39.621610148,T,IBM,F I,7,299.95
2025-11-24,9:46:39.622316790,T,IBM,F I,30,299.9
2025-11-24,9:46:39.622316790,T,IBM,F I,19,299.93
2025-11-24,9:46:39.622319838,T,IBM,F,45,299.94
2025-11-24,9:46:39.622319838,T,IBM,F,72,299.95
2025-11-24,9:46:39.622340993,T,IBM,I,1,299.95
2025-11-24,9:46:39.622340993,T,IBM,I,15,299.95
2025-11-24,9:46:39.622343899,T,IBM,F I,12,299.95
2025-11-24,9:46:43.156625053,T,IBM,F I,2,300.34
2025-11-24,9:46:43.156627713,T,IBM,F I,7,300.34
2025-11-24,9:46:43.156682354,T,IBM,I,16,300.27
2025-11-24,9:46:43.156841136,T,IBM,I,13,300.27
2025-11-24,9:46:43.156871237,T,IBM,I,22,300.27
2025-11-24,9:46:43.156871237,T,IBM,I,1,300.27
2025-11-24,9:46:43.157108939,T,IBM,F I,8,300.31
2025-11-24,9:46:43.157111777,T,IBM,F I,21,300.31
2025-11-24,9:46:43.157755415,T,IBM,I,1,300.26
2025-11-24,9:46:44.939878982,T,IBM,F I,30,300.33
2025-11-24,9:46:44.940645776,T,IBM,F I,28,300.34
2025-11-24,9:46:59.523066293,T,IBM,F,75,300.45
2025-11-24,9:46:59.523066293,T,IBM,,40,300.49
2025-11-24,9:46:59.523075295,T,IBM,,84,300.38
2025-11-24,9:46:59.523120388,T,IBM,F,40,300.49
2025-11-24,9:46:59.523150578,T,IBM,F I,3,300.49
2025-11-24,9:46:59.523150578,T,IBM,F I,37,300.5
2025-11-24,9:46:59.523156432,T,IBM,I,3,300.5
2025-11-24,9:47:02.825741728,T,IBM,F,52,300.37
2025-11-24,9:47:03.818416907,T,IBM,I,2,300.41
2025-11-24,9:47:07.344626592,T,IBM,,118,300.57
2025-11-24,9:47:07.344650767,T,IBM,F I,8,300.57
2025-11-24,9:47:07.344650767,T,IBM,F I,16,300.57
2025-11-24,9:47:07.344710732,T,IBM,F I,3,300.64
2025-11-24,9:47:07.344785918,T,IBM,I,11,300.57
2025-11-24,9:47:09.571352561,T,IBM,I,1,300.66
2025-11-24,9:47:10.589576822,T,IBM,I,3,300.58
2025-11-24,9:47:10.589576822,T,IBM,I,6,300.58
2025-11-24,9:47:13.022037407,T,IBM,,80,300.58
2025-11-24,9:47:22.946579759,T,IBM,F I,2,300.74
2025-11-24,9:47:22.946582284,T,IBM,F I,20,300.75
2025-11-24,9:47:22.946585633,T,IBM,F,40,300.75
2025-11-24,9:47:22.946585633,T,IBM,F I,12,300.75
2025-11-24,9:47:22.946588124,T,IBM,F I,10,300.75
2025-11-24,9:47:22.946591183,T,IBM,F I,8,300.75
2025-11-24,9:47:22.946591183,T,IBM,F,104,300.75
2025-11-24,9:47:22.946597066,T,IBM,F I,16,300.75
2025-11-24,9:47:22.957125178,T,IBM,I,2,300.77
2025-11-24,9:47:26.626373291,T,IBM,F I,30,300.74
2025-11-24,9:47:29.018024031,T,IBM,F,45,300.79
2025-11-24,9:47:29.018024031,T,IBM,F,64,300.8
2025-11-24,9:47:30.173984938,T,IBM,,45,300.83
2025-11-24,9:47:30.173984938,T,IBM,I,35,300.86
2025-11-24,9:47:30.174021604,T,IBM,,65,300.86
2025-11-24,9:47:30.174023935,T,IBM,I,15,300.89
2025-11-24,9:47:30.174060162,T,IBM,I,7,300.85
2025-11-24,9:47:30.174063215,T,IBM,I,25,300.89
2025-11-24,9:47:30.174066065,T,IBM,I,33,300.89
2025-11-24,9:47:30.174081600,T,IBM,I,1,300.89
2025-11-24,9:47:30.174105507,T,IBM,I,6,300.89
2025-11-24,9:47:30.174105507,T,IBM,I,2,300.89
2025-11-24,9:47:30.304943668,T,IBM,F I,29,300.9
2025-11-24,9:47:37.225174186,T,IBM,F,40,300.8
2025-11-24,9:47:37.225177801,T,IBM,F,40,300.8
2025-11-24,9:47:40.699907295,T,IBM,I,11,300.89
2025-11-24,9:47:40.723014314,T,IBM,I,12,300.98
2025-11-24,9:47:41.327438142,T,IBM,I,8,300.89
2025-11-24,9:47:41.327462232,T,IBM,I,21,300.89
2025-11-24,9:47:44.015435339,T,IBM,I,8,300.97
2025-11-24,9:47:44.559063508,T,IBM,I,9,300.96
2025-11-24,9:47:44.577882328,T,IBM,I,1,300.96
2025-11-24,9:47:45.923838500,T,IBM,I,1,300.95
2025-11-24,9:47:51.820639637,T,IBM,I,20,301.0
2025-11-24,9:47:51.820657715,T,IBM,I,2,301.0
2025-11-24,9:47:51.821138858,T,IBM,F I,7,301.0
2025-11-24,9:47:51.821370393,T,IBM,F I,12,300.94
2025-11-24,9:47:51.821376684,T,IBM,F I,1,300.94
2025-11-24,9:47:51.821526730,T,IBM,I,12,300.97
2025-11-24,9:47:51.830728807,T,IBM,F,40,300.89
2025-11-24,9:48:01.420823308,T,IBM,F,40,300.76
2025-11-24,9:48:01.420823308,T,IBM,F,100,300.76
2025-11-24,9:48:01.420826254,T,IBM,F I,7,300.76
2025-11-24,9:48:12.545401971,T,IBM,I,2,300.58
2025-11-24,9:48:12.546162784,T,IBM,I,19,300.59
2025-11-24,9:48:12.640749970,T,IBM,I,2,300.62
2025-11-24,9:48:12.853759041,T,IBM,I,2,300.63
2025-11-24,9:48:13.104760603,T,IBM,F I,2,300.69
2025-11-24,9:48:13.104778659,T,IBM,F I,10,300.71
2025-11-24,9:48:14.351444501,T,IBM,I,5,300.69
2025-11-24,9:48:14.460883975,T,IBM,F I,1,300.735
2025-11-24,9:48:14.460887026,T,IBM,F I,1,300.735
2025-11-24,9:48:14.460899005,T,IBM,F I,13,300.735
2025-11-24,9:48:14.460899005,T,IBM,F I,1,300.74
2025-11-24,9:48:14.492525393,T,IBM,I,1,300.73
2025-11-24,9:48:23.216922358,T,IBM,F I,19,300.83
2025-11-24,9:48:23.216922358,T,IBM,F,40,300.83
2025-11-24,9:48:23.216925126,T,IBM,F I,2,300.83
2025-11-24,9:48:23.216949199,T,IBM,I,1,300.83
2025-11-24,9:48:23.216955437,T,IBM,F I,7,300.83
2025-11-24,9:48:23.216958230,T,IBM,F I,21,300.83
2025-11-24,9:48:23.217219765,T,IBM,F I,2,300.86
2025-11-24,9:48:31.886753933,T,IBM,I,2,300.78
2025-11-24,9:48:31.886753933,T,IBM,I,2,300.77
2025-11-24,9:48:31.886756972,T,IBM,I,36,300.75
2025-11-24,9:48:31.886771829,T,IBM,I,1,300.75
2025-11-24,9:48:31.886825940,T,IBM,I,3,300.75
2025-11-24,9:48:31.886913194,T,IBM,F I,10,300.74
2025-11-24,9:48:31.887045471,T,IBM,F I,30,300.7
2025-11-24,9:48:32.833067894,T,IBM,I,1,300.71
2025-11-24,9:48:32.833338804,T,IBM,I,1,300.68
2025-11-24,9:48:32.833338804,T,IBM,F I,23,300.65
2025-11-24,9:48:32.833356299,T,IBM,F,57,300.65
2025-11-24,9:48:32.944001711,T,IBM,I,3,300.63
2025-11-24,9:48:34.197983983,T,IBM,I,2,300.62
2025-11-24,9:48:34.198182526,T,IBM,,78,300.62
2025-11-24,9:48:39.804399020,T,IBM,I,2,300.65
2025-11-24,9:48:39.804401772,T,IBM,I,1,300.65
2025-11-24,9:48:51.901540602,T,IBM,I,5,300.59
2025-11-24,9:48:53.766770043,T,IBM,,40,300.57
2025-11-24,9:48:53.766797034,T,IBM,I,10,300.56
2025-11-24,9:48:53.766827150,T,IBM,I,30,300.56
2025-11-24,9:49:00.015402760,T,IBM,I,4,300.45
2025-11-24,9:49:00.015895877,T,IBM,F I,10,300.44
2025-11-24,9:49:00.016428249,T,IBM,F,80,300.43
2025-11-24,9:49:00.017327309,T,IBM,F,100,300.37
2025-11-24,9:49:00.710652059,T,IBM,F,40,300.28
2025-11-24,9:49:00.710679042,T,IBM,,40,300.25
2025-11-24,9:49:09.929560782,T,IBM,F,40,299.98
2025-11-24,9:49:15.812113931,T,IBM,F I,6,299.86
2025-11-24,9:49:28.597402335,T,IBM,I,1,299.805
2025-11-24,9:49:29.138176700,T,IBM,F,100,299.765
2025-11-24,9:49:29.138369142,T,IBM,I,10,299.81
2025-11-24,9:49:29.138402272,T,IBM,F,100,299.84
2025-11-24,9:49:29.138402272,T,IBM,F I,25,299.86
2025-11-24,9:49:29.138429281,T,IBM,F I,3,299.87
2025-11-24,9:49:29.138429281,T,IBM,F I,3,299.87
2025-11-24,9:49:29.138468335,T,IBM,F I,2,299.9
2025-11-24,9:49:29.152367387,T,IBM,,80,299.81
2025-11-24,9:49:29.715972153,T,IBM,F I,18,299.87
2025-11-24,9:49:29.715978135,T,IBM,F I,20,299.87
2025-11-24,9:49:29.715978135,T,IBM,F I,13,299.87
2025-11-24,9:49:29.715981173,T,IBM,F I,15,299.87
2025-11-24,9:49:29.792579533,T,IBM,F I,2,299.83
2025-11-24,9:49:29.792582546,T,IBM,F I,38,299.83
2025-11-24,9:49:29.792585472,T,IBM,F I,5,299.83
2025-11-24,9:49:29.792699768,T,IBM,I,1,299.81
2025-11-24,9:49:29.836261505,T,IBM,,108,299.81
2025-11-24,9:49:29.836279578,T,IBM,I,1,299.81
2025-11-24,9:49:29.836291612,T,IBM,I,1,299.81
2025-11-24,9:49:29.836297548,T,IBM,I,16,299.81
2025-11-24,9:49:29.985302254,T,IBM,,80,299.77
2025-11-24,9:49:30.166751242,T,IBM,,40,299.81
2025-11-24,9:49:30.166769348,T,IBM,I,34,299.81
2025-11-24,9:49:30.166769348,T,IBM,I,2,299.81
2025-11-24,9:49:31.538527061,T,IBM,F I,10,299.76
2025-11-24,9:49:46.174192401,T,IBM,F I,2,299.76
2025-11-24,9:49:46.174192401,T,IBM,F I,10,299.73
2025-11-24,9:49:48.097907851,T,IBM,F I,20,299.7
2025-11-24,9:49:48.097910921,T,IBM,F,120,299.69
2025-11-24,9:49:48.098178600,T,IBM,I,5,299.69
2025-11-24,9:49:56.714858746,T,IBM,F,40,299.61
2025-11-24,9:49:56.714858746,T,IBM,F I,5,299.61
2025-11-24,9:49:56.715021078,T,IBM,F I,1,299.54
2025-11-24,9:49:56.719847647,T,IBM,I,30,299.58
2025-11-24,9:50:03.747003768,T,IBM,F I,8,299.29
2025-11-24,9:50:06.491770312,T,IBM,I,1,299.25
2025-11-24,9:50:06.491770312,T,IBM,I,9,299.25
2025-11-24,9:50:06.499495500,T,IBM,,40,299.3
2025-11-24,9:50:06.600081835,T,IBM,I,10,299.31
2025-11-24,9:50:06.600081835,T,IBM,I,30,299.31
2025-11-24,9:50:06.600099934,T,IBM,I,16,299.31
2025-11-24,9:50:08.698646173,T,IBM,F I,13,299.25
2025-11-24,9:50:08.698646173,T,IBM,F I,5,299.25
2025-11-24,9:50:08.698646173,T,IBM,F I,36,299.24
2025-11-24,9:50:08.698835318,T,IBM,F I,4,299.24
2025-11-24,9:50:08.698877327,T,IBM,F I,14,299.23
2025-11-24,9:50:08.698880392,T,IBM,F,40,299.21
2025-11-24,9:50:08.840866401,T,IBM,,100,299.23
2025-11-24,9:50:08.840887490,T,IBM,I,1,299.23
2025-11-24,9:50:08.840890459,T,IBM,I,20,299.23
2025-11-24,9:50:08.841356588,T,IBM,I,30,299.18
2025-11-24,9:50:14.571949259,T,IBM,F I,1,299.1
2025-11-24,9:50:16.660177602,T,IBM,F I,1,299.26
2025-11-24,9:50:16.661278251,T,IBM,I,12,299.26
2025-11-24,9:50:16.867521189,T,IBM,I,4,299.41
2025-11-24,9:50:21.023012136,T,IBM,F I,10,299.56
2025-11-24,9:50:21.023213815,T,IBM,F I,3,299.58
2025-11-24,9:50:21.023231669,T,IBM,F I,10,299.58
2025-11-24,9:50:21.430226554,T,IBM,F I,7,299.62
2025-11-24,9:50:21.430226554,T,IBM,F I,14,299.62
2025-11-24,9:50:21.430229617,T,IBM,F I,1,299.62
2025-11-24,9:50:25.777255323,T,IBM,F I,5,299.55
2025-11-24,9:50:29.838020583,T,IBM,I,10,299.57
2025-11-24,9:50:29.849011703,T,IBM,F I,13,299.63
2025-11-24,9:50:29.849315451,T,IBM,,40,299.58
2025-11-24,9:50:33.625405009,T,IBM,F I,2,299.76
2025-11-24,9:50:33.625408022,T,IBM,F I,17,299.76
2025-11-24,9:50:34.023549750,T,IBM,I,2,299.78
2025-11-24,9:50:45.189573035,T,IBM,F I,5,299.67
2025-11-24,9:50:45.189575998,T,IBM,F I,3,299.66
2025-11-24,9:50:45.189594061,T,IBM,F I,5,299.65
2025-11-24,9:50:51.716882151,T,IBM,F I,1,299.76
2025-11-24,9:50:51.716969330,T,IBM,F I,2,299.76
2025-11-24,9:50:53.898010584,T,IBM,F,40,299.75
2025-11-24,9:50:56.304173769,T,IBM,I,5,299.89
2025-11-24,9:50:56.304215985,T,IBM,I,12,299.75
2025-11-24,9:50:56.304218832,T,IBM,F,120,299.9
2025-11-24,9:50:56.304396279,T,IBM,,83,299.89
2025-11-24,9:50:56.304417330,T,IBM,I,10,299.89
2025-11-24,9:50:56.304582751,T,IBM,,45,299.89
2025-11-24,9:50:56.304591792,T,IBM,F I,21,299.94
2025-11-24,9:50:56.304600744,T,IBM,F,40,299.95
2025-11-24,9:50:58.615458060,T,IBM,,100,299.98
2025-11-24,9:50:58.615458060,T,IBM,I,15,299.98
2025-11-24,9:50:58.917467056,T,IBM,F I,5,299.88
2025-11-24,9:51:02.925651972,T,IBM,F I,30,299.95
2025-11-24,9:51:03.391271455,T,IBM,F I,4,300.0
2025-11-24,9:51:03.929083858,T,IBM,F I,4,300.08
2025-11-24,9:51:03.952196853,T,IBM,I,6,300.08
2025-11-24,9:51:03.952199762,T,IBM,I,16,300.08
2025-11-24,9:51:04.270014482,T,IBM,I,2,300.05
2025-11-24,9:51:04.270017509,T,IBM,I,3,300.04
2025-11-24,9:51:35.788610287,T,IBM,I,20,300.09
2025-11-24,9:51:35.788610287,T,IBM,I,6,300.09
2025-11-24,9:51:35.788613168,T,IBM,I,1,300.09
2025-11-24,9:51:35.799670531,T,IBM,I,27,300.09
2025-11-24,9:51:35.799670531,T,IBM,I,3,300.09
2025-11-24,9:51:35.799688533,T,IBM,I,1,300.09
2025-11-24,9:51:35.799706638,T,IBM,,57,300.09
2025-11-24,9:51:35.799875723,T,IBM,F I,19,300.09
2025-11-24,9:51:39.019697373,T,IBM,F,80,300.16
2025-11-24,9:51:39.019700229,T,IBM,F I,25,300.15
2025-11-24,9:51:39.019712340,T,IBM,F I,20,300.15
2025-11-24,9:51:39.019715657,T,IBM,F,40,300.15
2025-11-24,9:51:39.019718290,T,IBM,F I,20,300.15
2025-11-24,9:51:39.019787498,T,IBM,I,39,300.21
2025-11-24,9:51:39.439042563,T,IBM,F I,5,300.15
2025-11-24,9:51:39.439045642,T,IBM,F I,25,300.15
2025-11-24,9:51:47.615050679,T,IBM,F I,1,300.18
2025-11-24,9:51:47.615107999,T,IBM,F I,5,300.18
2025-11-24,9:51:47.615113814,T,IBM,I,2,300.16
2025-11-24,9:51:47.615116930,T,IBM,I,13,300.11
2025-11-24,9:52:01.861637834,T,IBM,F I,20,300.46
2025-11-24,9:52:02.415285825,T,IBM,F I,3,300.6
2025-11-24,9:52:02.415309881,T,IBM,F I,3,300.6
2025-11-24,9:52:03.192624428,T,IBM,I,3,300.61
2025-11-24,9:52:06.243739047,T,IBM,,40,300.625
2025-11-24,9:52:06.244629139,T,IBM,I,5,300.625
2025-11-24,9:52:06.245269729,T,IBM,,55,300.625
2025-11-24,9:52:07.193923167,T,IBM,F I,10,300.67
2025-11-24,9:52:07.193926181,T,IBM,F I,1,300.67
2025-11-24,9:52:10.997275506,T,IBM,I,5,300.57
2025-11-24,9:52:11.006745086,T,IBM,I,17,300.58
2025-11-24,9:52:11.016497228,T,IBM,I,20,300.54
2025-11-24,9:52:11.016521367,T,IBM,F I,20,300.54
2025-11-24,9:52:11.016524365,T,IBM,F I,20,300.53
2025-11-24,9:52:11.053106450,T,IBM,I,21,300.53
2025-11-24,9:52:11.094397721,T,IBM,I,12,300.45
2025-11-24,9:52:24.523504379,T,IBM,I,9,300.6
2025-11-24,9:52:24.523510228,T,IBM,,91,300.6
2025-11-24,9:52:24.523510228,T,IBM,I,9,300.6
2025-11-24,9:52:24.523512608,T,IBM,I,21,300.6
2025-11-24,9:52:24.526543882,T,IBM,I,20,300.6
2025-11-24,9:52:26.372467376,T,IBM,I,18,300.65
2025-11-24,9:52:26.381933929,T,IBM,I,6,300.69
2025-11-24,9:52:26.919195927,T,IBM,I,18,300.68
2025-11-24,9:52:26.919322206,T,IBM,I,18,300.65
2025-11-24,9:52:32.059850091,T,IBM,,40,300.745
2025-11-24,9:52:44.772701720,T,IBM,F I,30,300.65
2025-11-24,9:52:54.383142792,T,IBM,I,17,300.57
2025-11-24,9:53:00.101210385,T,IBM,I,11,300.52
2025-11-24,9:53:00.101538157,T,IBM,I,6,300.49
2025-11-24,9:53:00.101538157,T,IBM,I,5,300.49
2025-11-24,9:53:00.527875140,T,IBM,I,1,300.46
2025-11-24,9:53:00.527905256,T,IBM,F,79,300.46
2025-11-24,9:53:00.527905256,T,IBM,F,46,300.46
2025-11-24,9:53:00.528115700,T,IBM,,74,300.46
2025-11-24,9:53:01.327205127,T,IBM,F I,1,300.41
2025-11-24,9:53:01.327208064,T,IBM,F I,5,300.4
2025-11-24,9:53:01.327788451,T,IBM,F I,6,300.4
2025-11-24,9:53:04.789455484,T,IBM,F I,5,300.3
2025-11-24,9:53:07.081145137,T,IBM,,45,300.26
2025-11-24,9:53:07.081154224,T,IBM,,40,300.27
2025-11-24,9:53:09.280785752,T,IBM,,100,300.22
2025-11-24,9:53:09.291184604,T,IBM,F I,2,300.15
2025-11-24,9:53:09.291184604,T,IBM,F I,1,300.14
2025-11-24,9:53:09.291190562,T,IBM,F I,30,300.13
2025-11-24,9:53:09.291190562,T,IBM,F I,26,300.12
2025-11-24,9:53:13.941223622,T,IBM,F I,2,300.3
2025-11-24,9:53:16.065965496,T,IBM,I,2,300.51
2025-11-24,9:53:16.065967935,T,IBM,I,2,300.5
2025-11-24,9:53:23.351343140,T,IBM,I,2,300.54
2025-11-24,9:53:23.351345822,T,IBM,,45,300.57
2025-11-24,9:53:23.351345822,T,IBM,I,2,300.59
2025-11-24,9:53:23.351348929,T,IBM,,100,300.61
2025-11-24,9:53:23.351348929,T,IBM,,51,300.61
2025-11-24,9:53:35.526003371,T,IBM,I,30,300.465
2025-11-24,9:53:35.526027405,T,IBM,F I,21,300.43
2025-11-24,9:53:35.526027405,T,IBM,F I,1,300.43
2025-11-24,9:53:38.481039283,T,IBM,I,32,300.3
2025-11-24,9:53:42.761615828,T,IBM,F I,2,300.48
2025-11-24,9:53:42.761618810,T,IBM,F,51,300.5
2025-11-24,9:53:54.212923140,T,IBM,F,40,300.57
2025-11-24,9:53:54.212925663,T,IBM,F I,8,300.57
2025-11-24,9:53:54.212925663,T,IBM,F I,1,300.57
2025-11-24,9:53:54.212928366,T,IBM,F I,3,300.57
2025-11-24,9:53:54.212949412,T,IBM,F I,1,300.57
2025-11-24,9:53:54.213686146,T,IBM,F I,1,300.62
2025-11-24,9:53:54.214071093,T,IBM,F I,8,300.66
2025-11-24,9:53:54.227272540,T,IBM,F,47,300.7
2025-11-24,9:53:54.228162665,T,IBM,F I,26,300.7
2025-11-24,9:53:54.229076852,T,IBM,I,20,300.71
2025-11-24,9:53:55.920104551,T,IBM,F I,2,300.62
2025-11-24,9:53:55.920209841,T,IBM,F,100,300.6
2025-11-24,9:53:57.024985815,T,IBM,I,10,300.6
2025-11-24,9:53:57.025097191,T,IBM,F I,5,300.56
2025-11-24,9:53:57.025100175,T,IBM,F I,5,300.56
2025-11-24,9:54:07.625543076,T,IBM,I,12,300.5
2025-11-24,9:54:08.596672062,T,IBM,F I,3,300.48
2025-11-24,9:54:08.596677941,T,IBM,F,77,300.48
2025-11-24,9:54:08.596735121,T,IBM,F I,1,300.41
2025-11-24,9:54:09.143929816,T,IBM,F I,2,300.52
2025-11-24,9:54:09.144001892,T,IBM,F,100,300.535
2025-11-24,9:54:14.765987857,T,IBM,I,17,300.5
2025-11-24,9:54:26.548388629,T,IBM,F I,39,300.51
2025-11-24,9:54:40.641426946,T,IBM,F I,5,300.43
2025-11-24,9:54:42.691500584,T,IBM,F I,2,300.5
2025-11-24,9:54:46.400906141,T,IBM,F I,2,300.35
2025-11-24,9:54:46.401056511,T,IBM,F,40,300.35
2025-11-24,9:54:46.401087016,T,IBM,I,5,300.35
2025-11-24,9:54:47.389338177,T,IBM,F I,30,300.33
2025-11-24,9:54:51.847361154,T,IBM,F I,20,300.33
2025-11-24,9:55:01.401198717,T,IBM,F,80,300.23
2025-11-24,9:55:01.807688246,T,IBM,F I,9,300.21
2025-11-24,9:55:19.167854549,T,IBM,F,60,300.07
2025-11-24,9:55:19.167854549,T,IBM,F I,20,300.05
2025-11-24,9:55:19.168137169,T,IBM,I,24,300.01
2025-11-24,9:55:19.168158298,T,IBM,I,1,300.01
2025-11-24,9:55:23.390580024,T,IBM,F,120,300.24
2025-11-24,9:55:23.390600363,T,IBM,F I,34,300.24
2025-11-24,9:55:23.390603892,T,IBM,I,1,300.24
2025-11-24,9:55:23.390606376,T,IBM,I,19,300.24
2025-11-24,9:55:23.390621439,T,IBM,F,66,300.24
2025-11-24,9:55:23.390627363,T,IBM,F I,20,300.24
2025-11-24,9:55:23.390639409,T,IBM,F I,20,300.24
2025-11-24,9:55:23.391186704,T,IBM,F I,21,300.28
2025-11-24,9:55:23.391189807,T,IBM,F I,6,300.28
2025-11-24,9:55:25.021578112,T,IBM,F I,21,300.45
2025-11-24,9:55:29.730395222,T,IBM,F I,20,300.36
2025-11-24,9:55:41.080348230,T,IBM,F I,5,300.26
2025-11-24,9:55:41.080351283,T,IBM,F I,5,300.26
2025-11-24,9:55:41.080366375,T,IBM,I,10,300.26
2025-11-24,9:55:42.176632120,T,IBM,,80,300.25
2025-11-24,9:55:42.176632120,T,IBM,I,20,300.22
2025-11-24,9:55:42.176746946,T,IBM,F,75,300.22
2025-11-24,9:55:42.179061991,T,IBM,I,25,300.22
2025-11-24,9:56:00.621634144,T,IBM,F I,12,300.26
2025-11-24,9:56:00.621883673,T,IBM,,120,300.26
2025-11-24,9:56:00.644302100,T,IBM,I,21,300.26
2025-11-24,9:56:04.411797132,T,IBM,F I,2,300.245
2025-11-24,9:56:05.436471518,T,IBM,F I,1,300.29
2025-11-24,9:56:05.436474492,T,IBM,F I,1,300.29
2025-11-24,9:56:11.065798908,T,IBM,I,21,300.37
2025-11-24,9:56:11.066438433,T,IBM,F I,10,300.39
2025-11-24,9:56:11.066438433,T,IBM,F I,2,300.39
2025-11-24,9:56:11.066444387,T,IBM,F I,4,300.39
2025-11-24,9:56:11.066444387,T,IBM,F I,3,300.39
2025-11-24,9:56:11.066697056,T,IBM,F I,1,300.4
2025-11-24,9:56:11.066700228,T,IBM,F I,4,300.4
2025-11-24,9:56:11.067388636,T,IBM,F,40,300.45
2025-11-24,9:56:11.067523964,T,IBM,I,1,300.45
2025-11-24,9:56:11.117446016,T,IBM,I,1,300.46
2025-11-24,9:56:11.117448906,T,IBM,I,20,300.46
2025-11-24,9:56:11.117469978,T,IBM,F,144,300.46
2025-11-24,9:56:15.492820003,T,IBM,I,7,300.3
2025-11-24,9:56:15.492822991,T,IBM,I,6,300.3
2025-11-24,9:56:19.044109441,T,IBM,F I,34,300.39
2025-11-24,9:56:19.563442792,T,IBM,F I,20,300.43
2025-11-24,9:56:19.563442792,T,IBM,F I,37,300.44
2025-11-24,9:56:19.563445770,T,IBM,F I,3,300.44
2025-11-24,9:56:19.563448898,T,IBM,F I,6,300.44
2025-11-24,9:56:19.563448898,T,IBM,F I,11,300.44
2025-11-24,9:56:28.392447007,T,IBM,,80,300.29
2025-11-24,9:56:28.392449464,T,IBM,I,18,300.29
2025-11-24,9:56:28.392449464,T,IBM,I,5,300.29
2025-11-24,9:56:35.344462826,T,IBM,F I,2,300.28
2025-11-24,9:56:35.344462826,T,IBM,F I,11,300.29
2025-11-24,9:56:35.344468715,T,IBM,F I,2,300.29
2025-11-24,9:56:35.344471685,T,IBM,F I,25,300.32
2025-11-24,9:56:46.392440014,T,IBM,I,10,300.2
2025-11-24,9:56:58.057708781,T,IBM,F I,30,300.36
2025-11-24,9:57:04.602672997,T,IBM,F I,7,300.69
2025-11-24,9:57:04.602694256,T,IBM,F I,20,300.7
2025-11-24,9:57:04.602697069,T,IBM,F,45,300.7
2025-11-24,9:57:04.602700104,T,IBM,F,134,300.71
2025-11-24,9:57:04.602703078,T,IBM,,66,300.71
2025-11-24,9:57:04.602721173,T,IBM,F,40,300.72
2025-11-24,9:57:04.602751178,T,IBM,I,37,300.71
2025-11-24,9:57:04.602772270,T,IBM,I,1,300.71
2025-11-24,9:57:04.602775806,T,IBM,,50,300.71
2025-11-24,9:57:04.602790281,T,IBM,F I,12,300.71
2025-11-24,9:57:04.607144648,T,IBM,F I,17,300.71
2025-11-24,9:57:16.331360382,T,IBM,F I,5,300.57
2025-11-24,9:57:16.331362815,T,IBM,F I,5,300.57
2025-11-24,9:57:39.351633835,T,IBM,F I,27,300.67
2025-11-24,9:57:41.172658131,T,IBM,F I,1,300.7
2025-11-24,9:57:42.279551153,T,IBM,F I,1,300.72
2025-11-24,9:57:42.279707546,T,IBM,F I,13,300.66
2025-11-24,9:57:42.280585689,T,IBM,I,35,300.71
2025-11-24,9:57:43.279560869,T,IBM,F I,29,300.71
2025-11-24,9:57:43.393225448,T,IBM,F I,22,300.71
2025-11-24,9:57:43.393225448,T,IBM,F I,2,300.71
2025-11-24,9:57:43.393228458,T,IBM,F I,8,300.72
2025-11-24,9:57:43.393231414,T,IBM,F I,8,300.72
2025-11-24,9:57:43.393283181,T,IBM,F I,5,300.72
2025-11-24,9:57:43.393286112,T,IBM,F I,8,300.72
2025-11-24,9:57:43.393288544,T,IBM,F I,20,300.73
2025-11-24,9:57:43.393288544,T,IBM,F I,16,300.73
2025-11-24,9:57:43.612450266,T,IBM,F I,30,300.7
2025-11-24,9:57:43.673718225,T,IBM,,52,300.72
2025-11-24,9:57:44.826533670,T,IBM,I,4,300.75
2025-11-24,9:57:52.039048048,T,IBM,,40,300.705
2025-11-24,9:57:53.125212801,T,IBM,F I,1,300.83
2025-11-24,9:57:53.125234782,T,IBM,F I,11,300.83
2025-11-24,9:57:53.125234782,T,IBM,F,80,300.83
2025-11-24,9:58:01.448704139,T,IBM,F I,6,300.79
2025-11-24,9:58:01.449155215,T,IBM,F,40,300.78
2025-11-24,9:58:01.449155215,T,IBM,F I,5,300.78
2025-11-24,9:58:01.449158864,T,IBM,F I,6,300.78
2025-11-24,9:58:08.473448456,T,IBM,F I,6,300.84
2025-11-24,9:58:08.473947682,T,IBM,F I,13,300.84
2025-11-24,9:58:16.663091025,T,IBM,I,24,300.97
2025-11-24,9:58:23.220970995,T,IBM,F I,2,300.99
2025-11-24,9:58:25.564393072,T,IBM,F I,30,300.93
2025-11-24,9:59:08.432646902,T,IBM,F I,1,300.88
2025-11-24,9:59:08.432649657,T,IBM,F I,2,300.89
2025-11-24,9:59:09.322946055,T,IBM,I,2,300.96
2025-11-24,9:59:14.290571158,T,IBM,I,1,300.98
2025-11-24,9:59:29.240376478,T,IBM,F I,5,300.84
2025-11-24,9:59:29.240379789,T,IBM,F I,5,300.84
2025-11-24,9:59:29.240379789,T,IBM,F I,4,300.84
2025-11-24,9:59:29.240785506,T,IBM,,100,300.84
2025-11-24,9:59:29.240845634,T,IBM,F,80,300.84
2025-11-24,9:59:44.510801854,T,IBM,I,9,300.75
2025-11-24,9:59:59.137768013,T,IBM,I,12,300.75
2025-11-24,9:59:59.137768013,T,IBM,I,10,300.82
2025-11-24,9:59:59.137768013,T,IBM,I,10,300.82
2025-11-24,9:59:59.137770845,T,IBM,I,10,300.82
2025-11-24,9:59:59.137770845,T,IBM,I,10,300.82
2025-11-24,10:00:01.038294768,T,IBM,,40,300.93
2025-11-24,10:00:01.038355287,T,IBM,,60,300.93
2025-11-24,10:00:01.038357989,T,IBM,I,20,300.93
2025-11-24,10:00:01.038357989,T,IBM,,567,300.94
2025-11-24,10:00:01.038842133,T,IBM,F,87,300.94
2025-11-24,10:00:01.040844912,T,IBM,F I,35,300.94
2025-11-24,10:00:01.045009817,T,IBM,F I,9,300.94
2025-11-24,10:00:01.477123769,T,IBM,F I,30,300.9
2025-11-24,10:00:01.477126727,T,IBM,F I,5,300.84
2025-11-24,10:00:01.477126727,T,IBM,F I,18,300.84
2025-11-24,10:00:01.477282886,T,IBM,I,8,300.84
2025-11-24,10:00:06.642421148,T,IBM,I,20,300.86
2025-11-24,10:00:07.166394630,T,IBM,F,50,300.89
2025-11-24,10:00:12.296962487,T,IBM,F,50,300.96
2025-11-24,10:00:13.208583207,T,IBM,F I,1,301.0
2025-11-24,10:00:13.208585971,T,IBM,F,50,301.0
2025-11-24,10:00:13.208585971,T,IBM,F,40,301.01
2025-11-24,10:00:13.208589197,T,IBM,F I,30,301.01
2025-11-24,10:00:13.208613581,T,IBM,F I,10,301.01
2025-11-24,10:00:13.208616763,T,IBM,F,40,301.01
2025-11-24,10:00:13.208616763,T,IBM,F,40,301.01
2025-11-24,10:00:13.208619180,T,IBM,F I,30,301.01
2025-11-24,10:00:13.208621767,T,IBM,I,1,301.01
2025-11-24,10:00:13.208621767,T,IBM,F I,9,301.01
2025-11-24,10:00:13.661030817,T,IBM,I,15,300.96
2025-11-24,10:00:13.661084916,T,IBM,I,15,300.96
2025-11-24,10:00:13.661084916,T,IBM,,64,300.95
2025-11-24,10:00:13.661105915,T,IBM,I,1,300.95
2025-11-24,10:00:13.661105915,T,IBM,I,15,300.95
2025-11-24,10:00:13.661109010,T,IBM,I,5,300.95
2025-11-24,10:00:13.662125417,T,IBM,I,5,300.95
2025-11-24,10:00:13.662146395,T,IBM,I,10,300.95
2025-11-24,10:00:18.711448823,T,IBM,F I,6,301.05
2025-11-24,10:00:30.493001665,T,IBM,F I,10,301.13
2025-11-24,10:00:30.493001665,T,IBM,F,50,301.14
2025-11-24,10:00:30.493004665,T,IBM,F,50,301.14
2025-11-24,10:00:30.493004665,T,IBM,F I,4,301.14
2025-11-24,10:00:30.493022410,T,IBM,I,1,301.14
2025-11-24,10:00:30.828296565,T,IBM,F I,2,301.14
2025-11-24,10:00:30.866180728,T,IBM,F,80,301.08
2025-11-24,10:00:30.904329578,T,IBM,I,6,301.08
2025-11-24,10:00:38.856538909,T,IBM,,120,301.0
2025-11-24,10:00:38.856562866,T,IBM,I,1,301.01
2025-11-24,10:00:38.858511881,T,IBM,I,2,301.07
2025-11-24,10:00:38.858511881,T,IBM,I,19,301.08
2025-11-24,10:00:38.858511881,T,IBM,I,17,301.08
2025-11-24,10:00:38.858517571,T,IBM,I,2,301.08
2025-11-24,10:00:38.858533032,T,IBM,I,1,301.08
2025-11-24,10:00:38.858535740,T,IBM,F I,3,301.08
2025-11-24,10:00:38.858541581,T,IBM,F I,1,301.08
2025-11-24,10:00:38.858556650,T,IBM,F I,1,301.08
2025-11-24,10:00:44.890403634,T,IBM,F I,20,301.02
2025-11-24,10:00:44.890406221,T,IBM,F I,38,301.01
2025-11-24,10:00:44.890424186,T,IBM,I,1,301.01
2025-11-24,10:00:44.890436788,T,IBM,I,19,301.01
2025-11-24,10:00:44.890436788,T,IBM,I,1,301.01
2025-11-24,10:00:44.890439400,T,IBM,I,20,301.01
2025-11-24,10:00:44.890439400,T,IBM,I,20,301.01
2025-11-24,10:00:44.890457327,T,IBM,I,20,301.01
2025-11-24,10:00:44.891031669,T,IBM,F I,19,301.01
2025-11-24,10:00:44.891428590,T,IBM,F,80,301.03
2025-11-24,10:00:46.915472162,T,IBM,F I,2,301.01
2025-11-24,10:00:48.617223545,T,IBM,,80,300.98
2025-11-24,10:00:54.254864705,T,IBM,,80,301.09
2025-11-24,10:00:55.833370662,T,IBM,I,2,301.0
2025-11-24,10:00:55.833373722,T,IBM,I,2,300.97
2025-11-24,10:00:55.833440423,T,IBM,I,2,300.96
2025-11-24,10:00:55.833442796,T,IBM,I,2,300.96
2025-11-24,10:00:55.833917940,T,IBM,F I,20,300.93
2025-11-24,10:00:55.833917940,T,IBM,F,77,300.92
2025-11-24,10:00:55.833939810,T,IBM,F I,1,300.92
2025-11-24,10:00:55.833939810,T,IBM,I,1,300.92
2025-11-24,10:00:55.833939810,T,IBM,I,1,300.92
2025-11-24,10:00:55.833944998,T,IBM,I,10,300.92
2025-11-24,10:00:55.833944998,T,IBM,I,7,300.92
2025-11-24,10:01:02.238926182,T,IBM,I,30,300.91
2025-11-24,10:01:03.503616943,T,IBM,F,80,300.99
2025-11-24,10:01:03.503616943,T,IBM,F I,25,300.99
2025-11-24,10:01:03.801705653,T,IBM,F I,8,301.0
2025-11-24,10:01:03.801707894,T,IBM,F I,27,301.0
2025-11-24,10:01:03.801710787,T,IBM,F,40,301.0
2025-11-24,10:01:03.801710787,T,IBM,F,40,301.0
2025-11-24,10:01:03.801732233,T,IBM,F,40,301.0
2025-11-24,10:01:03.801732233,T,IBM,F I,15,301.0
2025-11-24,10:01:03.801734605,T,IBM,F,40,301.0
2025-11-24,10:01:03.801738236,T,IBM,F I,27,301.0
2025-11-24,10:01:03.801738236,T,IBM,I,1,301.0
2025-11-24,10:01:03.801740604,T,IBM,F,40,301.0
2025-11-24,10:01:03.801743608,T,IBM,F I,12,301.0
2025-11-24,10:01:03.801770838,T,IBM,,40,301.0
2025-11-24,10:01:03.801773756,T,IBM,,40,301.0
2025-11-24,10:01:07.360776529,T,IBM,I,30,301.02
2025-11-24,10:01:25.312071644,T,IBM,F I,2,301.04
2025-11-24,10:01:27.472739518,T,IBM,F I,5,300.99
2025-11-24,10:01:27.472745540,T,IBM,F I,7,300.99
2025-11-24,10:01:27.473259640,T,IBM,F,120,300.96
2025-11-24,10:01:27.473262679,T,IBM,F I,5,300.96
2025-11-24,10:01:27.503989944,T,IBM,,75,300.96
2025-11-24,10:01:38.815478358,T,IBM,,77,301.005
2025-11-24,10:01:38.864149299,T,IBM,I,1,301.005
2025-11-24,10:01:53.610552742,T,IBM,I,2,301.23
2025-11-24,10:01:53.610552742,T,IBM,I,3,301.23
2025-11-24,10:01:53.610715157,T,IBM,F I,4,301.25
2025-11-24,10:01:53.610826460,T,IBM,I,4,301.25
2025-11-24,10:01:53.610838527,T,IBM,I,4,301.25
2025-11-24,10:01:53.611298623,T,IBM,F I,2,301.25
2025-11-24,10:01:53.611352736,T,IBM,F I,4,301.25
2025-11-24,10:01:53.621068825,T,IBM,I,4,301.26
2025-11-24,10:02:00.153862833,T,IBM,I,11,301.27
2025-11-24,10:02:00.282993572,T,IBM,I,10,301.25
2025-11-24,10:02:00.299334212,T,IBM,I,5,301.24
2025-11-24,10:02:00.299337234,T,IBM,I,5,301.24
2025-11-24,10:02:11.069038093,T,IBM,F,125,301.36
2025-11-24,10:02:11.690428308,T,IBM,I,5,301.39
2025-11-24,10:02:13.599270656,T,IBM,I,30,301.4
2025-11-24,10:02:15.208605856,T,IBM,F,100,301.4
2025-11-24,10:02:24.429001073,T,IBM,F,100,301.36
2025-11-24,10:02:24.429001073,T,IBM,F I,7,301.36
2025-11-24,10:02:24.429003604,T,IBM,F I,5,301.36
2025-11-24,10:02:24.429006860,T,IBM,F I,17,301.36
2025-11-24,10:02:24.429006860,T,IBM,F I,4,301.36
2025-11-24,10:02:24.429009349,T,IBM,F,80,301.36
2025-11-24,10:02:29.176284953,T,IBM,F I,20,301.48
2025-11-24,10:02:29.176291234,T,IBM,F I,5,301.48
2025-11-24,10:02:29.176510335,T,IBM,F I,8,301.49
2025-11-24,10:02:29.176537339,T,IBM,F I,12,301.49
2025-11-24,10:02:29.177078622,T,IBM,I,5,301.5
2025-11-24,10:02:29.177102769,T,IBM,F I,4,301.52
2025-11-24,10:02:29.179397216,T,IBM,I,3,301.55
2025-11-24,10:02:31.164708851,T,IBM,F I,22,301.57
2025-11-24,10:02:31.164714506,T,IBM,F,65,301.57
2025-11-24,10:02:31.164714506,T,IBM,F,67,301.57
2025-11-24,10:02:31.164765616,T,IBM,I,17,301.56
2025-11-24,10:02:33.960611547,T,IBM,F I,2,301.53
2025-11-24,10:02:34.029610850,T,IBM,I,19,301.5
2025-11-24,10:02:36.608219565,T,IBM,I,2,301.49
2025-11-24,10:02:36.608243652,T,IBM,F I,24,301.51
2025-11-24,10:02:42.940207897,T,IBM,F I,2,301.43
2025-11-24,10:02:54.930631584,T,IBM,F,100,301.37
2025-11-24,10:02:54.959713762,T,IBM,I,30,301.42
2025-11-24,10:02:54.959737831,T,IBM,F,70,301.43
2025-11-24,10:03:00.476620553,T,IBM,F,80,301.33
2025-11-24,10:03:00.476933215,T,IBM,I,18,301.29
2025-11-24,10:03:00.477604696,T,IBM,F,40,301.28
2025-11-24,10:03:02.195720041,T,IBM,F,43,301.47
2025-11-24,10:03:07.225527206,T,IBM,,40,301.3
2025-11-24,10:03:07.225632521,T,IBM,I,5,301.3
2025-11-24,10:03:07.225635446,T,IBM,I,35,301.29
2025-11-24,10:03:07.225656468,T,IBM,I,5,301.29
2025-11-24,10:03:29.807086856,T,IBM,F I,6,301.38
2025-11-24,10:03:29.808485121,T,IBM,,100,301.36
2025-11-24,10:03:29.808845992,T,IBM,F I,38,301.32
2025-11-24,10:03:29.808855014,T,IBM,F,62,301.32
2025-11-24,10:03:29.808918411,T,IBM,I,12,301.31
2025-11-24,10:03:29.808918411,T,IBM,I,11,301.31
2025-11-24,10:03:29.809246000,T,IBM,F,100,301.31
2025-11-24,10:03:30.495476911,T,IBM,F,40,301.25
2025-11-24,10:03:30.495497712,T,IBM,F,40,301.25
2025-11-24,10:03:30.495506785,T,IBM,F I,20,301.25
2025-11-24,10:03:30.495506785,T,IBM,F I,21,301.24
2025-11-24,10:03:30.495518798,T,IBM,I,19,301.24
2025-11-24,10:03:30.495978902,T,IBM,F I,1,301.23
2025-11-24,10:03:33.223029882,T,IBM,F I,10,301.21
2025-11-24,10:03:43.030325606,T,IBM,I,20,301.16
2025-11-24,10:03:43.030325606,T,IBM,I,24,301.16
2025-11-24,10:03:43.030373639,T,IBM,I,6,301.16
2025-11-24,10:03:43.030373639,T,IBM,I,28,301.15
2025-11-24,10:03:43.030385722,T,IBM,I,16,301.15
2025-11-24,10:03:43.030506183,T,IBM,F I,6,301.18
2025-11-24,10:03:43.030510413,T,IBM,F I,13,301.18
2025-11-24,10:03:43.030686424,T,IBM,F I,5,301.16
2025-11-24,10:03:44.940229893,T,IBM,I,5,301.16
2025-11-24,10:03:44.940229893,T,IBM,I,7,301.16
2025-11-24,10:03:44.940229893,T,IBM,I,6,301.16
2025-11-24,10:03:44.940232450,T,IBM,I,6,301.16
2025-11-24,10:03:44.940235467,T,IBM,I,6,301.16
2025-11-24,10:03:45.678688331,T,IBM,I,17,301.15
2025-11-24,10:03:48.605841855,T,IBM,F I,3,301.11
2025-11-24,10:03:48.606046412,T,IBM,F I,3,301.09
2025-11-24,10:04:25.030397984,T,IBM,F I,2,300.94
2025-11-24,10:04:25.030403429,T,IBM,F,100,300.94
2025-11-24,10:04:25.030403429,T,IBM,F I,1,300.93
2025-11-24,10:04:25.030403429,T,IBM,F I,17,300.92
2025-11-24,10:04:25.030613927,T,IBM,I,3,300.92
2025-11-24,10:04:26.768111315,T,IBM,I,2,301.02
2025-11-24,10:04:26.768111315,T,IBM,,98,301.03
2025-11-24,10:04:26.768183447,T,IBM,F I,2,301.03
2025-11-24,10:04:27.967342393,T,IBM,F I,20,300.92
2025-11-24,10:04:27.967345999,T,IBM,F,40,300.91
2025-11-24,10:04:27.967349163,T,IBM,F,40,300.91
2025-11-24,10:04:27.967349163,T,IBM,F I,37,300.91
2025-11-24,10:04:27.967351162,T,IBM,F,80,300.91
2025-11-24,10:04:27.967513603,T,IBM,F,40,300.86
2025-11-24,10:04:39.934691986,T,IBM,F I,2,300.8
2025-11-24,10:04:39.949547382,T,IBM,F,40,300.83
2025-11-24,10:04:39.949947422,T,IBM,F I,34,300.86
2025-11-24,10:04:48.608315948,T,IBM,,40,301.0
2025-11-24,10:04:48.608318856,T,IBM,,40,301.0
2025-11-24,10:04:49.029278999,T,IBM,,75,300.97
2025-11-24,10:05:03.128100186,T,IBM,I,33,301.08
2025-11-24,10:05:03.132502632,T,IBM,,52,301.15
2025-11-24,10:05:03.144335791,T,IBM,F I,1,301.15
2025-11-24,10:05:09.197545310,T,IBM,F,52,300.94
2025-11-24,10:05:09.197749900,T,IBM,F I,20,300.91
2025-11-24,10:05:09.198209831,T,IBM,F I,1,300.88
2025-11-24,10:05:09.198261001,T,IBM,F,80,300.85
2025-11-24,10:05:09.336686513,T,IBM,F I,2,300.79
2025-11-24,10:05:16.278249816,T,IBM,,40,300.815
2025-11-24,10:05:23.222648959,T,IBM,F,55,300.9
2025-11-24,10:05:23.222652099,T,IBM,F,40,300.9
2025-11-24,10:05:23.222654999,T,IBM,F I,13,300.9
2025-11-24,10:05:23.222654999,T,IBM,F,69,300.9
2025-11-24,10:05:23.222669967,T,IBM,F I,11,300.9
2025-11-24,10:05:23.223833803,T,IBM,F I,1,301.02
2025-11-24,10:05:23.224080319,T,IBM,F,40,301.07
2025-11-24,10:05:23.224086946,T,IBM,F I,1,301.1
2025-11-24,10:05:23.224089355,T,IBM,F I,7,301.1
2025-11-24,10:05:23.224254782,T,IBM,F I,28,301.07
2025-11-24,10:05:32.663552327,T,IBM,I,12,301.16
2025-11-24,10:05:32.663555358,T,IBM,I,13,301.16
2025-11-24,10:05:32.663576483,T,IBM,F,42,301.16
2025-11-24,10:05:44.020539270,T,IBM,F I,28,301.26
2025-11-24,10:05:50.591058255,T,IBM,I,1,301.27
2025-11-24,10:05:53.541691551,T,IBM,I,21,301.2
2025-11-24,10:05:55.594179711,T,IBM,F I,2,301.26
2025-11-24,10:06:09.553522841,T,IBM,,120,301.21
2025-11-24,10:06:09.553522841,T,IBM,I,18,301.21
2025-11-24,10:06:09.553631032,T,IBM,F I,2,301.2
2025-11-24,10:06:09.553640264,T,IBM,F I,38,301.2
2025-11-24,10:06:09.553640264,T,IBM,F I,2,301.19
2025-11-24,10:06:15.101691934,T,IBM,,120,301.15
2025-11-24,10:06:16.733511771,T,IBM,,40,301.06
2025-11-24,10:06:16.733511771,T,IBM,I,30,301.06
2025-11-24,10:06:16.734317733,T,IBM,F,40,301.0
2025-11-24,10:06:16.734552217,T,IBM,I,4,301.04
2025-11-24,10:06:16.734561237,T,IBM,I,20,301.04
2025-11-24,10:06:16.734720617,T,IBM,I,3,301.02
2025-11-24,10:06:16.734822904,T,IBM,I,6,301.02
2025-11-24,10:06:16.734843973,T,IBM,I,6,301.03
2025-11-24,10:06:32.407849830,T,IBM,F,46,301.1
2025-11-24,10:06:32.407852629,T,IBM,F,40,301.1
2025-11-24,10:06:32.407855692,T,IBM,F,80,301.1
2025-11-24,10:06:32.408048193,T,IBM,F I,10,301.12
2025-11-24,10:06:37.138868443,T,IBM,F I,38,300.93
2025-11-24,10:06:37.139584150,T,IBM,F,80,300.9
2025-11-24,10:06:39.198856569,T,IBM,F I,1,300.93
2025-11-24,10:06:40.614356325,T,IBM,F,75,301.0
2025-11-24,10:06:40.614356325,T,IBM,F I,29,301.01
2025-11-24,10:06:40.614377583,T,IBM,F I,11,301.01
2025-11-24,10:06:40.614377583,T,IBM,F I,27,301.01
2025-11-24,10:06:47.468354201,T,IBM,I,5,301.1
2025-11-24,10:06:55.054357759,T,IBM,,40,301.19
2025-11-24,10:06:55.054357759,T,IBM,I,8,301.19
2025-11-24,10:06:55.054360660,T,IBM,I,10,301.19
2025-11-24,10:06:55.059786616,T,IBM,F I,7,301.27
2025-11-24,10:06:55.059788684,T,IBM,F I,7,301.32
2025-11-24,10:06:55.059794859,T,IBM,F I,7,301.32
2025-11-24,10:06:55.059794859,T,IBM,F I,7,301.38
2025-11-24,10:06:55.059798942,T,IBM,F I,7,301.38
2025-11-24,10:06:55.059798942,T,IBM,F I,20,301.39
2025-11-24,10:06:55.059800664,T,IBM,F I,7,301.39
2025-11-24,10:06:55.059803642,T,IBM,F,80,301.39
2025-11-24,10:06:55.059803642,T,IBM,F I,8,301.39
2025-11-24,10:06:55.059806681,T,IBM,F I,20,301.43
2025-11-24,10:06:55.059806681,T,IBM,F I,7,301.43
2025-11-24,10:06:55.059810493,T,IBM,F I,7,301.44
2025-11-24,10:06:55.059810493,T,IBM,F I,1,301.44
2025-11-24,10:06:55.059812720,T,IBM,F,200,301.45
2025-11-24,10:06:55.059815713,T,IBM,F I,4,301.48
2025-11-24,10:06:55.059819413,T,IBM,F I,7,301.5
2025-11-24,10:06:55.059822440,T,IBM,F,50,301.51
2025-11-24,10:06:55.059822440,T,IBM,F I,6,301.54
2025-11-24,10:06:55.059825003,T,IBM,F I,4,301.54
2025-11-24,10:06:55.059828560,T,IBM,F I,23,301.55
2025-11-24,10:06:55.059828560,T,IBM,F I,20,301.55
2025-11-24,10:06:55.059831503,T,IBM,F I,7,301.56
2025-11-24,10:06:55.059831503,T,IBM,F I,6,301.57
2025-11-24,10:06:55.059834638,T,IBM,F I,1,301.59
2025-11-24,10:06:55.059834638,T,IBM,F I,3,301.6
2025-11-24,10:06:55.059837093,T,IBM,F I,7,301.6
2025-11-24,10:06:55.059837093,T,IBM,F I,1,301.6
2025-11-24,10:06:55.060540407,T,IBM,I,11,301.43
2025-11-24,10:06:55.060570460,T,IBM,F,89,301.43
2025-11-24,10:06:55.060591494,T,IBM,F I,1,301.51
2025-11-24,10:06:55.060645625,T,IBM,F I,1,301.51
2025-11-24,10:06:55.070960190,T,IBM,F I,2,301.25
2025-11-24,10:07:07.085293946,T,IBM,F I,9,301.14
2025-11-24,10:07:17.020294603,T,IBM,F,80,301.01
2025-11-24,10:07:17.020297575,T,IBM,F I,23,301.01
2025-11-24,10:07:17.020306652,T,IBM,,66,301.01
2025-11-24,10:07:17.020312698,T,IBM,F I,14,301.01
2025-11-24,10:07:36.312951614,T,IBM,F I,5,300.83
2025-11-24,10:07:36.317877357,T,IBM,,40,300.75
2025-11-24,10:07:36.317961640,T,IBM,I,32,300.73
2025-11-24,10:07:36.317988668,T,IBM,I,8,300.73
2025-11-24,10:07:36.324899170,T,IBM,F I,3,300.63
2025-11-24,10:07:44.585390249,T,IBM,I,5,300.63
2025-11-24,10:07:49.441344421,T,IBM,F I,10,300.7
2025-11-24,10:07:49.441347482,T,IBM,F,80,300.7
2025-11-24,10:07:49.441350523,T,IBM,F I,30,300.7
2025-11-24,10:07:49.442252607,T,IBM,I,23,300.75
2025-11-24,10:07:49.442274210,T,IBM,F I,17,300.75
2025-11-24,10:07:49.442277050,T,IBM,F,40,300.75
2025-11-24,10:07:49.442279884,T,IBM,F,40,300.75
2025-11-24,10:07:49.442279884,T,IBM,F I,17,300.75
2025-11-24,10:07:49.442282781,T,IBM,F,57,300.75
2025-11-24,10:07:49.442286155,T,IBM,F,57,300.75
2025-11-24,10:07:49.442286155,T,IBM,I,29,300.75
2025-11-24,10:07:49.442288790,T,IBM,I,28,300.75
2025-11-24,10:07:49.442294707,T,IBM,F,40,300.75
2025-11-24,10:07:49.442303741,T,IBM,F I,12,300.75
2025-11-24,10:08:07.405453477,T,IBM,F I,25,300.61
2025-11-24,10:08:07.405534764,T,IBM,F,40,300.58
2025-11-24,10:08:07.406163136,T,IBM,F I,8,300.53
2025-11-24,10:08:07.406319546,T,IBM,F,120,300.51
2025-11-24,10:08:16.280842551,T,IBM,F I,7,300.48
2025-11-24,10:08:21.523039618,T,IBM,F,70,300.53
2025-11-24,10:08:32.508795460,T,IBM,F I,1,300.4
2025-11-24,10:08:32.509589843,T,IBM,F I,5,300.32
2025-11-24,10:08:32.509592291,T,IBM,F I,24,300.32
2025-11-24,10:08:32.509595374,T,IBM,F I,1,300.32
2025-11-24,10:08:32.509610375,T,IBM,I,1,300.32
2025-11-24,10:08:32.509613355,T,IBM,I,1,300.32
2025-11-24,10:08:32.510008010,T,IBM,I,11,300.4
2025-11-24,10:08:32.510008010,T,IBM,I,3,300.4
2025-11-24,10:08:32.510088502,T,IBM,F,100,300.4
2025-11-24,10:08:41.111994624,T,IBM,F,45,300.39
2025-11-24,10:08:41.111997551,T,IBM,F,100,300.36
2025-11-24,10:08:41.112000578,T,IBM,F,52,300.36
2025-11-24,10:08:41.112003593,T,IBM,F I,30,300.35
2025-11-24,10:08:41.112024706,T,IBM,F I,1,300.35
2025-11-24,10:08:41.113552899,T,IBM,F,45,300.37
2025-11-24,10:08:41.113555305,T,IBM,F I,2,300.35
2025-11-24,10:08:41.113844035,T,IBM,F I,13,300.42
2025-11-24,10:08:41.114830829,T,IBM,F,45,300.42
2025-11-24,10:08:41.114830829,T,IBM,F,100,300.37
2025-11-24,10:08:41.114833513,T,IBM,F,52,300.36
2025-11-24,10:08:41.114833513,T,IBM,F,83,300.36
2025-11-24,10:08:41.128137014,T,IBM,F I,20,300.48
2025-11-24,10:08:49.999391470,T,IBM,,40,300.405
2025-11-24,10:08:58.969957080,T,IBM,F,80,300.44
2025-11-24,10:08:58.969987807,T,IBM,I,27,300.5
2025-11-24,10:08:59.224816865,T,IBM,I,2,300.51
2025-11-24,10:08:59.225121077,T,IBM,F,52,300.48
2025-11-24,10:08:59.225123703,T,IBM,F I,2,300.48
2025-11-24,10:08:59.225123703,T,IBM,F I,20,300.47
2025-11-24,10:08:59.225126599,T,IBM,F,49,300.47
2025-11-24,10:08:59.225139025,T,IBM,F I,31,300.47
2025-11-24,10:08:59.225141576,T,IBM,F I,23,300.47
2025-11-24,10:08:59.227989684,T,IBM,F I,1,300.42
2025-11-24,10:09:00.195091782,T,IBM,I,1,300.42
2025-11-24,10:09:00.204010957,T,IBM,,40,300.52
2025-11-24,10:09:03.587194352,T,IBM,F I,8,300.38
2025-11-24,10:09:03.587197080,T,IBM,F I,24,300.38
2025-11-24,10:09:14.133354667,T,IBM,F I,1,300.35
2025-11-24,10:09:14.133354667,T,IBM,F I,2,300.35
2025-11-24,10:09:27.980360192,T,IBM,F I,31,300.36
2025-11-24,10:09:27.980360192,T,IBM,F I,33,300.36
2025-11-24,10:09:27.980365171,T,IBM,F,69,300.36
2025-11-24,10:09:27.980365171,T,IBM,F,156,300.36
2025-11-24,10:09:27.982735034,T,IBM,F I,1,300.24
2025-11-24,10:09:27.982858137,T,IBM,F I,1,300.21
2025-11-24,10:09:28.518487308,T,IBM,F I,30,300.28
2025-11-24,10:09:28.518490302,T,IBM,F I,38,300.3
2025-11-24,10:09:49.182044778,T,IBM,I,2,300.28
2025-11-24,10:09:51.742866181,T,IBM,F I,6,300.19
2025-11-24,10:10:01.872033037,T,IBM,F I,6,300.17
2025-11-24,10:10:01.872971288,T,IBM,F I,1,300.12
2025-11-24,10:10:01.872971288,T,IBM,F I,25,300.12
2025-11-24,10:10:01.872974458,T,IBM,F I,39,300.12
2025-11-24,10:10:02.995152793,T,IBM,I,18,300.12
2025-11-24,10:10:05.185612628,T,IBM,F,40,300.21
2025-11-24,10:10:05.185615602,T,IBM,F I,11,300.21
2025-11-24,10:10:07.337186647,T,IBM,,45,300.25
2025-11-24,10:10:07.337204760,T,IBM,F I,35,300.22
2025-11-24,10:10:07.408961597,T,IBM,I,21,300.36
2025-11-24,10:10:07.408982587,T,IBM,I,6,300.36
2025-11-24,10:10:07.408985605,T,IBM,I,1,300.36
2025-11-24,10:10:07.409003597,T,IBM,F,120,300.37
2025-11-24,10:10:07.409439712,T,IBM,F,120,300.37
2025-11-24,10:10:07.409460768,T,IBM,I,2,300.37
2025-11-24,10:10:07.409472710,T,IBM,F I,2,300.37
2025-11-24,10:10:07.427320291,T,IBM,,80,300.325
2025-11-24,10:10:08.051883161,T,IBM,,80,300.325
2025-11-24,10:10:08.074581168,T,IBM,F,78,300.36
2025-11-24,10:10:11.557839525,T,IBM,,66,300.25
2025-11-24,10:10:11.558083084,T,IBM,I,14,300.25
2025-11-24,10:10:12.537208075,T,IBM,F I,1,300.21
2025-11-24,10:10:18.673956488,T,IBM,F,80,300.12
2025-11-24,10:10:18.673956488,T,IBM,F I,26,300.12
2025-11-24,10:10:18.673959538,T,IBM,F I,2,300.12
2025-11-24,10:10:18.674106999,T,IBM,F,120,300.09
2025-11-24,10:10:46.314997934,T,IBM,I,4,300.12
2025-11-24,10:10:48.560894892,T,IBM,I,2,300.2
2025-11-24,10:10:48.560897606,T,IBM,I,2,300.21
2025-11-24,10:10:48.560897606,T,IBM,I,6,300.23
2025-11-24,10:10:48.560912597,T,IBM,F I,4,300.23
2025-11-24,10:10:50.384189561,T,IBM,F I,2,300.28
2025-11-24,10:10:50.384189561,T,IBM,F I,2,300.27
2025-11-24,10:10:50.384192395,T,IBM,F I,26,300.25
2025-11-24,10:10:50.384195746,T,IBM,F I,12,300.25
2025-11-24,10:10:50.384195746,T,IBM,F I,4,300.25
2025-11-24,10:10:50.384199047,T,IBM,F I,1,300.24
2025-11-24,10:11:02.853806730,T,IBM,F I,2,300.11
2025-11-24,10:11:02.906122361,T,IBM,F I,1,300.11
2025-11-24,10:11:03.584233679,T,IBM,I,20,300.01
2025-11-24,10:11:03.584236719,T,IBM,I,20,300.0
2025-11-24,10:11:03.584257694,T,IBM,I,20,300.0
2025-11-24,10:11:03.584290766,T,IBM,F I,20,300.0
2025-11-24,10:11:03.584318155,T,IBM,F,60,300.0
2025-11-24,10:11:03.584892206,T,IBM,I,9,300.03
2025-11-24,10:11:03.585220008,T,IBM,F I,1,299.99
2025-11-24,10:11:03.586056057,T,IBM,,40,300.03
2025-11-24,10:11:03.586092318,T,IBM,I,1,300.03
2025-11-24,10:11:03.586206315,T,IBM,I,39,300.03
2025-11-24,10:11:03.626688769,T,IBM,I,14,299.975
2025-11-24,10:11:03.983686676,T,IBM,,71,299.98
2025-11-24,10:11:04.049874235,T,IBM,I,14,299.98
2025-11-24,10:11:04.154754823,T,IBM,I,14,299.98
2025-11-24,10:11:04.471456774,T,IBM,F I,14,299.985
2025-11-24,10:11:07.921413924,T,IBM,F I,5,299.98
2025-11-24,10:11:07.922189742,T,IBM,F I,14,299.94
2025-11-24,10:11:07.922267950,T,IBM,F I,1,299.94
2025-11-24,10:11:07.922493691,T,IBM,I,28,299.98
2025-11-24,10:11:07.922568695,T,IBM,I,28,299.98
2025-11-24,10:11:07.922589784,T,IBM,I,1,299.98
2025-11-24,10:11:07.922592714,T,IBM,,79,299.98
2025-11-24,10:11:07.922749175,T,IBM,I,1,299.98
2025-11-24,10:11:11.878305881,T,IBM,F I,10,299.91
2025-11-24,10:11:11.881875324,T,IBM,F,40,299.92
2025-11-24,10:11:11.882497853,T,IBM,F I,11,299.91
2025-11-24,10:11:11.882690324,T,IBM,,40,299.91
2025-11-24,10:11:11.882834626,T,IBM,I,6,299.94
2025-11-24,10:11:11.882838414,T,IBM,I,3,299.94
2025-11-24,10:11:11.882838414,T,IBM,I,3,299.94
2025-11-24,10:11:32.604830384,T,IBM,I,2,299.93
2025-11-24,10:11:32.604834215,T,IBM,I,3,299.93
2025-11-24,10:11:32.604836363,T,IBM,I,5,299.93
2025-11-24,10:11:32.604839635,T,IBM,I,27,299.93
2025-11-24,10:11:32.604842384,T,IBM,I,5,299.93
2025-11-24,10:11:32.605203229,T,IBM,I,12,299.965
2025-11-24,10:11:32.644167221,T,IBM,F,40,299.9
2025-11-24,10:11:42.363220633,T,IBM,F I,17,300.04
2025-11-24,10:11:42.363250669,T,IBM,F I,1,300.05
2025-11-24,10:11:42.363695758,T,IBM,F,40,300.06
2025-11-24,10:11:42.363807027,T,IBM,F,40,300.06
2025-11-24,10:11:48.172261106,T,IBM,F,40,300.08
2025-11-24,10:12:00.914745233,T,IBM,F I,30,300.26
2025-11-24,10:12:00.914781351,T,IBM,I,25,300.27
2025-11-24,10:12:00.914784322,T,IBM,I,25,300.28
2025-11-24,10:12:00.914802339,T,IBM,F I,25,300.28
2025-11-24,10:12:00.914991861,T,IBM,I,5,300.265
2025-11-24,10:12:02.265521886,T,IBM,F I,4,300.26
2025-11-24,10:12:02.265642283,T,IBM,F,60,300.26
2025-11-24,10:12:02.265645190,T,IBM,F I,20,300.25
2025-11-24,10:12:02.265648230,T,IBM,F,60,300.25
2025-11-24,10:12:27.136759326,T,IBM,F I,9,300.33
2025-11-24,10:12:27.136759326,T,IBM,F I,10,300.35
2025-11-24,10:12:27.137141064,T,IBM,,69,300.33
2025-11-24,10:12:27.137156187,T,IBM,I,31,300.33
2025-11-24,10:12:27.137159169,T,IBM,I,39,300.33
2025-11-24,10:12:27.137977056,T,IBM,I,9,300.47
2025-11-24,10:12:27.138004107,T,IBM,F I,5,300.5
2025-11-24,10:12:27.138091354,T,IBM,F I,20,300.5
2025-11-24,10:12:27.138094422,T,IBM,F,120,300.5
2025-11-24,10:12:27.138626652,T,IBM,F I,2,300.51
2025-11-24,10:12:27.138656704,T,IBM,F I,3,300.51
2025-11-24,10:12:27.138912319,T,IBM,F,44,300.46
2025-11-24,10:12:27.138939364,T,IBM,F I,8,300.46
2025-11-24,10:12:31.014932697,T,IBM,F,100,300.47
2025-11-24,10:12:31.014935748,T,IBM,F I,25,300.47
2025-11-24,10:12:32.951209352,T,IBM,I,5,300.47
2025-11-24,10:12:37.971433069,T,IBM,,80,300.49
2025-11-24,10:12:40.656756534,T,IBM,F I,2,300.47
2025-11-24,10:12:40.658467554,T,IBM,I,2,300.47
2025-11-24,10:12:40.658585722,T,IBM,F I,1,300.47
2025-11-24,10:12:40.662208415,T,IBM,I,38,300.49
2025-11-24,10:12:40.662584596,T,IBM,I,2,300.52
2025-11-24,10:12:40.662584596,T,IBM,I,15,300.52
2025-11-24,10:12:40.690617122,T,IBM,I,9,300.57
2025-11-24,10:12:40.691711712,T,IBM,F I,17,300.57
2025-11-24,10:12:40.694093335,T,IBM,I,15,300.57
2025-11-24,10:12:40.725470017,T,IBM,I,15,300.55
2025-11-24,10:12:40.743825687,T,IBM,I,15,300.55
2025-11-24,10:12:40.743829010,T,IBM,,100,300.57
2025-11-24,10:12:40.743829010,T,IBM,,85,300.57
2025-11-24,10:12:40.744048255,T,IBM,F I,15,300.57
2025-11-24,10:12:40.744382087,T,IBM,,40,300.58
2025-11-24,10:12:40.744860248,T,IBM,F I,2,300.6
2025-11-24,10:12:40.744860248,T,IBM,F I,2,300.63
2025-11-24,10:12:40.744863837,T,IBM,F I,12,300.66
2025-11-24,10:12:40.744866248,T,IBM,F I,11,300.66
2025-11-24,10:12:40.810521526,T,IBM,I,2,300.59
2025-11-24,10:12:40.810521526,T,IBM,I,2,300.58
2025-11-24,10:12:40.810548569,T,IBM,F I,14,300.58
2025-11-24,10:12:40.810590628,T,IBM,,82,300.58
2025-11-24,10:12:40.964824870,T,IBM,I,12,300.6
2025-11-24,10:12:40.978976548,T,IBM,I,2,300.64
2025-11-24,10:12:40.978979579,T,IBM,I,4,300.65
2025-11-24,10:12:41.864759213,T,IBM,I,1,300.5
2025-11-24,10:12:43.029311682,T,IBM,I,14,300.5
2025-11-24,10:13:02.020365657,T,IBM,F,40,300.38
2025-11-24,10:13:02.020377637,T,IBM,F I,4,300.37
2025-11-24,10:13:02.020732472,T,IBM,F I,8,300.37
2025-11-24,10:13:02.030268191,T,IBM,,60,300.39
2025-11-24,10:13:03.742487379,T,IBM,F I,18,300.43
2025-11-24,10:13:07.293004390,T,IBM,F I,1,300.54
2025-11-24,10:13:07.293006852,T,IBM,F I,2,300.55
2025-11-24,10:13:07.293009886,T,IBM,F,97,300.62
2025-11-24,10:13:40.026410933,T,IBM,I,2,300.51
2025-11-24,10:13:40.026410933,T,IBM,I,2,300.48
2025-11-24,10:13:40.026413347,T,IBM,I,7,300.48
2025-11-24,10:13:40.026416440,T,IBM,,45,300.455
2025-11-24,10:13:40.026416440,T,IBM,I,4,300.455
2025-11-24,10:13:41.018727687,T,IBM,F I,2,300.58
2025-11-24,10:13:41.018731453,T,IBM,F I,2,300.59
2025-11-24,10:13:41.018731453,T,IBM,F I,10,300.62
2025-11-24,10:13:41.018736716,T,IBM,F I,10,300.62
2025-11-24,10:13:41.018736716,T,IBM,F,86,300.62
2025-11-24,10:13:41.018775845,T,IBM,F I,14,300.62
2025-11-24,10:13:41.018778926,T,IBM,F,103,300.63
2025-11-24,10:13:41.018782666,T,IBM,F,40,300.63
2025-11-24,10:13:41.018788940,T,IBM,F I,23,300.63
2025-11-24,10:13:41.018788940,T,IBM,F,40,300.63
2025-11-24,10:13:41.018793928,T,IBM,F I,1,300.63
2025-11-24,10:13:41.018800526,T,IBM,F I,10,300.63
2025-11-24,10:13:41.018802856,T,IBM,F I,4,300.63
2025-11-24,10:13:41.018806013,T,IBM,F,40,300.63
2025-11-24,10:13:41.018808948,T,IBM,F I,24,300.63
2025-11-24,10:13:41.018808948,T,IBM,I,1,300.63
2025-11-24,10:13:41.019166676,T,IBM,F I,5,300.62
2025-11-24,10:13:41.019169733,T,IBM,F I,15,300.63
2025-11-24,10:13:41.019169733,T,IBM,F,40,300.63
2025-11-24,10:13:41.019172759,T,IBM,F I,11,300.63
2025-11-24,10:13:41.020110919,T,IBM,F I,9,300.58
2025-11-24,10:13:45.442336755,T,IBM,F I,2,300.48
2025-11-24,10:13:45.442336755,T,IBM,F I,1,300.47
2025-11-24,10:13:45.442342819,T,IBM,F I,33,300.47
2025-11-24,10:13:45.442345913,T,IBM,F I,1,300.47
2025-11-24,10:13:45.442365194,T,IBM,F I,2,300.47
2025-11-24,10:13:45.442366795,T,IBM,F I,1,300.47
2025-11-24,10:13:45.442370053,T,IBM,I,1,300.47
2025-11-24,10:13:45.442373142,T,IBM,F I,3,300.47
2025-11-24,10:13:46.767378144,T,IBM,F I,1,300.41
2025-11-24,10:14:05.288885099,T,IBM,F I,19,300.53
2025-11-24,10:14:05.288888113,T,IBM,F,40,300.53
2025-11-24,10:14:05.464476208,T,IBM,F I,36,300.59
2025-11-24,10:14:05.464767813,T,IBM,I,24,300.63
2025-11-24,10:14:05.464767813,T,IBM,I,7,300.63
2025-11-24,10:14:05.464770927,T,IBM,I,38,300.63
2025-11-24,10:14:05.465360278,T,IBM,F,40,300.66
2025-11-24,10:14:05.465772260,T,IBM,F I,16,300.68
2025-11-24,10:14:09.581493422,T,IBM,F,100,300.75
2025-11-24,10:14:09.581673676,T,IBM,F,40,300.79
2025-11-24,10:14:15.466578586,T,IBM,F I,1,300.83
2025-11-24,10:14:18.025147863,T,IBM,F I,10,300.86
2025-11-24,10:14:18.025147863,T,IBM,F I,20,300.86
2025-11-24,10:14:18.025165682,T,IBM,F I,30,300.86
2025-11-24,10:14:18.025178027,T,IBM,F,40,300.86
2025-11-24,10:14:18.025178027,T,IBM,F I,14,300.87
2025-11-24,10:14:18.025180773,T,IBM,F I,6,300.87
2025-11-24,10:14:28.314123938,T,IBM,F I,3,300.96
2025-11-24,10:14:28.314138976,T,IBM,F I,10,300.96
2025-11-24,10:14:32.081008491,T,IBM,I,5,300.92
2025-11-24,10:14:33.936753327,T,IBM,F I,1,300.95
2025-11-24,10:14:33.936774464,T,IBM,F I,39,300.95
2025-11-24,10:14:33.936778024,T,IBM,F I,19,300.95
2025-11-24,10:14:34.046063665,T,IBM,F I,5,300.91
2025-11-24,10:14:34.046078603,T,IBM,I,5,300.91
2025-11-24,10:14:34.046082195,T,IBM,F I,5,300.91
2025-11-24,10:14:34.046087746,T,IBM,,56,300.91
2025-11-24,10:14:34.046087746,T,IBM,F I,5,300.91
2025-11-24,10:14:34.046090855,T,IBM,I,29,300.91
2025-11-24,10:14:44.181569580,T,IBM,I,15,300.91
2025-11-24,10:15:03.748260011,T,IBM,F I,23,300.84
2025-11-24,10:15:03.748266258,T,IBM,I,23,300.84
2025-11-24,10:15:03.748266258,T,IBM,I,23,300.84
2025-11-24,10:15:03.748268978,T,IBM,I,23,300.84
2025-11-24,10:15:06.757184203,T,IBM,F,100,300.91
2025-11-24,10:15:06.757205216,T,IBM,F I,9,300.92
2025-11-24,10:15:06.771218563,T,IBM,I,1,300.89
2025-11-24,10:15:11.088927649,T,IBM,I,2,300.8
2025-11-24,10:15:11.088927649,T,IBM,I,2,300.78
2025-11-24,10:15:11.088975646,T,IBM,F I,2,300.78
2025-11-24,10:15:11.089538398,T,IBM,F I,2,300.77
2025-11-24,10:15:11.090121278,T,IBM,F I,38,300.77
2025-11-24,10:15:11.090124386,T,IBM,F I,2,300.77
2025-11-24,10:15:12.699591903,T,IBM,F I,2,300.8
2025-11-24,10:15:15.110413130,T,IBM,F I,2,300.85
2025-11-24,10:15:15.110416758,T,IBM,F I,34,300.86
2025-11-24,10:15:15.110416758,T,IBM,F I,2,300.86
2025-11-24,10:15:15.110419278,T,IBM,F I,2,300.86
2025-11-24,10:15:29.962813191,T,IBM,I,2,300.81
2025-11-24,10:15:29.962813191,T,IBM,I,21,300.8
2025-11-24,10:15:29.962816138,T,IBM,I,3,300.8
2025-11-24,10:15:29.962834350,T,IBM,F I,2,300.8
2025-11-24,10:15:29.962837927,T,IBM,F I,10,300.8
2025-11-24,10:15:29.962837927,T,IBM,I,1,300.8
2025-11-24,10:15:29.962840164,T,IBM,I,25,300.8
2025-11-24,10:15:29.962855201,T,IBM,I,25,300.8
2025-11-24,10:15:29.962867427,T,IBM,F I,39,300.8
2025-11-24,10:15:29.962867427,T,IBM,F I,1,300.79
2025-11-24,10:15:29.962876201,T,IBM,F I,39,300.79
2025-11-24,10:15:29.970264862,T,IBM,,100,300.81
2025-11-24,10:15:58.496875296,T,IBM,F I,30,300.78
2025-11-24,10:15:58.496878405,T,IBM,F,85,300.76
2025-11-24,10:15:58.496944502,T,IBM,F I,15,300.76
2025-11-24,10:15:58.496972202,T,IBM,F,40,300.74
2025-11-24,10:15:58.496972202,T,IBM,F I,19,300.74
2025-11-24,10:15:58.496975097,T,IBM,F I,1,300.74
2025-11-24,10:15:58.496977627,T,IBM,F I,30,300.74
2025-11-24,10:15:58.497067812,T,IBM,I,1,300.75
2025-11-24,10:15:58.497094834,T,IBM,F,99,300.75
2025-11-24,10:15:58.497094834,T,IBM,F I,26,300.71
2025-11-24,10:15:58.497479736,T,IBM,F,100,300.75
2025-11-24,10:15:58.497479736,T,IBM,F,57,300.71
2025-11-24,10:16:00.957407984,T,IBM,I,31,300.72
2025-11-24,10:16:00.957438068,T,IBM,,69,300.72
2025-11-24,10:16:00.957441030,T,IBM,I,31,300.71
2025-11-24,10:16:00.957459696,T,IBM,I,1,300.71
2025-11-24,10:16:00.957552422,T,IBM,F,68,300.71
2025-11-24,10:16:00.957552422,T,IBM,F I,4,300.71
2025-11-24,10:16:00.957555278,T,IBM,F I,28,300.71
2025-11-24,10:16:00.968937448,T,IBM,I,2,300.71
2025-11-24,10:16:00.968940474,T,IBM,I,2,300.71
2025-11-24,10:16:09.309831073,T,IBM,I,14,300.78
2025-11-24,10:16:09.366930942,T,IBM,,76,300.775
2025-11-24,10:16:27.716759249,T,IBM,F I,30,300.92
2025-11-24,10:16:27.716964183,T,IBM,F I,12,300.95
2025-11-24,10:16:27.716970169,T,IBM,F I,12,300.96
2025-11-24,10:16:27.717184034,T,IBM,I,5,300.9
2025-11-24,10:16:27.717258469,T,IBM,,40,300.9
2025-11-24,10:16:27.717303594,T,IBM,,40,300.91
2025-11-24,10:16:27.717435919,T,IBM,F I,13,300.9
2025-11-24,10:16:27.717435919,T,IBM,F I,27,300.89
2025-11-24,10:16:27.717456887,T,IBM,I,1,300.89
2025-11-24,10:16:27.717463166,T,IBM,I,12,300.89
2025-11-24,10:16:27.717465946,T,IBM,I,13,300.89
2025-11-24,10:16:27.717474954,T,IBM,I,12,300.89
2025-11-24,10:16:27.717523129,T,IBM,F I,8,300.93
2025-11-24,10:16:27.717523129,T,IBM,F I,2,300.94
2025-11-24,10:16:27.717526405,T,IBM,F I,2,300.95
2025-11-24,10:16:27.717526405,T,IBM,F I,33,300.95
2025-11-24,10:16:27.717529096,T,IBM,F I,23,300.96
2025-11-24,10:16:27.717574205,T,IBM,I,8,300.89
2025-11-24,10:16:27.717709463,T,IBM,F I,5,300.96
2025-11-24,10:16:27.717724519,T,IBM,I,12,300.89
2025-11-24,10:16:27.717886874,T,IBM,I,27,300.89
2025-11-24,10:16:30.230578704,T,IBM,,200,300.98
2025-11-24,10:16:30.230578704,T,IBM,I,21,300.98
2025-11-24,10:16:30.230599830,T,IBM,F,40,301.0
2025-11-24,10:16:30.230629873,T,IBM,,100,300.94
2025-11-24,10:16:30.231285455,T,IBM,F I,1,301.01
2025-11-24,10:16:30.231291406,T,IBM,F I,34,301.01
2025-11-24,10:16:30.231309538,T,IBM,F,66,301.01
2025-11-24,10:16:30.231309538,T,IBM,F I,4,301.01
2025-11-24,10:16:30.231360808,T,IBM,F I,7,301.02
2025-11-24,10:16:31.647458811,T,IBM,F,40,301.04
2025-11-24,10:16:31.648297783,T,IBM,,80,301.04
2025-11-24,10:16:31.917405471,T,IBM,F I,21,301.01
2025-11-24,10:16:31.917405471,T,IBM,I,21,301.01
2025-11-24,10:16:31.917423476,T,IBM,I,1,301.01
2025-11-24,10:16:31.917540732,T,IBM,F I,1,301.01
