DATE,TIME_M,EX,SYM_ROOT,TR_SCOND,SIZE,PRICE
2025-12-18,9:30:01.566392119,T,IBM,F,69,303.01
2025-12-18,9:30:01.566392119,T,IBM,F I,5,303.01
2025-12-18,9:30:01.566395163,T,IBM,F I,13,303.01
2025-12-18,9:30:01.566395163,T,IBM,Q,69,303.01
2025-12-18,9:30:02.748836978,T,IBM,F,47,302.98
2025-12-18,9:30:03.056123595,T,IBM,I,10,302.79
2025-12-18,9:30:03.659886005,T,IBM,F,70,302.51
2025-12-18,9:30:05.580281893,T,IBM,F,44,302.33
2025-12-18,9:30:05.580284947,T,IBM,F,40,302.34
2025-12-18,9:30:05.581707282,T,IBM,F I,7,302.62
2025-12-18,9:30:05.581737340,T,IBM,F I,33,302.62
2025-12-18,9:30:05.581737340,T,IBM,F,40,302.62
2025-12-18,9:30:07.330346026,T,IBM,I,30,302.65
2025-12-18,9:30:07.330348999,T,IBM,I,3,302.65
2025-12-18,9:30:08.126061367,T,IBM,I,25,302.65
2025-12-18,9:30:08.126064537,T,IBM,I,8,302.65
2025-12-18,9:30:08.126064537,T,IBM,I,2,302.66
2025-12-18,9:30:08.126067317,T,IBM,I,7,302.66
2025-12-18,9:30:08.126085331,T,IBM,I,33,302.66
2025-12-18,9:30:11.942558048,T,IBM,F I,6,302.84
2025-12-18,9:30:16.332107991,T,IBM,F I,2,303.06
2025-12-18,9:30:16.332128994,T,IBM,F I,2,303.06
2025-12-18,9:30:16.332183117,T,IBM,F I,2,303.06
2025-12-18,9:30:16.332189224,T,IBM,F I,2,303.06
2025-12-18,9:30:16.332342501,T,IBM,I,2,303.06
2025-12-18,9:30:16.332345623,T,IBM,F I,2,303.06
2025-12-18,9:30:16.332348590,T,IBM,F I,2,303.06
2025-12-18,9:30:16.332348590,T,IBM,F I,2,303.06
2025-12-18,9:30:16.332381782,T,IBM,I,2,303.06
2025-12-18,9:30:16.332387591,T,IBM,I,2,303.06
2025-12-18,9:30:16.332390731,T,IBM,I,12,303.06
2025-12-18,9:30:16.332393631,T,IBM,I,2,303.07
2025-12-18,9:30:17.967157641,T,IBM,I,26,302.98
2025-12-18,9:30:17.967157641,T,IBM,I,26,302.98
2025-12-18,9:30:17.967161248,T,IBM,I,7,302.98
2025-12-18,9:30:17.967163555,T,IBM,I,7,302.98
2025-12-18,9:30:17.967317693,T,IBM,F,69,302.97
2025-12-18,9:30:17.967364924,T,IBM,I,20,302.98
2025-12-18,9:30:17.967367914,T,IBM,I,4,303.02
2025-12-18,9:30:17.967576272,T,IBM,I,32,302.93
2025-12-18,9:30:17.967576272,T,IBM,I,32,302.93
2025-12-18,9:30:17.967581412,T,IBM,,40,302.7
2025-12-18,9:30:17.967581412,T,IBM,I,1,302.64
2025-12-18,9:30:17.967584417,T,IBM,F I,20,302.61
2025-12-18,9:30:17.967587500,T,IBM,I,5,302.61
2025-12-18,9:30:17.967656711,T,IBM,F I,3,302.61
2025-12-18,9:30:17.967752920,T,IBM,,40,302.61
2025-12-18,9:30:17.967806956,T,IBM,,40,302.645
2025-12-18,9:30:18.911005398,T,IBM,F I,3,302.5
2025-12-18,9:30:18.911005398,T,IBM,F,44,302.45
2025-12-18,9:30:18.911008364,T,IBM,F I,20,302.45
2025-12-18,9:30:19.416316495,T,IBM,I,13,302.45
2025-12-18,9:30:19.416316495,T,IBM,I,33,302.45
2025-12-18,9:30:19.416319462,T,IBM,I,20,302.45
2025-12-18,9:30:19.416620113,T,IBM,I,1,302.44
2025-12-18,9:30:22.387539820,T,IBM,I,4,302.48
2025-12-18,9:30:25.138224499,T,IBM,F I,20,302.56
2025-12-18,9:30:25.138227218,T,IBM,F I,5,302.66
2025-12-18,9:30:25.138552002,T,IBM,F I,5,302.66
2025-12-18,9:30:25.138591050,T,IBM,F I,5,302.67
2025-12-18,9:30:25.265899104,T,IBM,F I,5,302.7
2025-12-18,9:30:25.265902086,T,IBM,F I,35,302.76
2025-12-18,9:30:25.704556365,T,IBM,F I,34,302.75
2025-12-18,9:30:27.073147594,T,IBM,I,33,302.77
2025-12-18,9:30:27.073147594,T,IBM,I,7,302.77
2025-12-18,9:30:27.073944400,T,IBM,,40,302.77
2025-12-18,9:30:27.074545912,T,IBM,I,13,302.81
2025-12-18,9:30:27.075012660,T,IBM,F,75,302.78
2025-12-18,9:30:27.075014998,T,IBM,F I,8,302.78
2025-12-18,9:30:32.522026405,T,IBM,,80,303.11
2025-12-18,9:30:32.522050462,T,IBM,F I,20,303.11
2025-12-18,9:30:32.522336163,T,IBM,F,100,302.85
2025-12-18,9:30:32.524212607,T,IBM,,100,303.21
2025-12-18,9:30:32.524215577,T,IBM,,100,303.25
2025-12-18,9:30:33.966770828,T,IBM,F I,5,303.02
2025-12-18,9:30:39.866476815,T,IBM,I,10,302.94
2025-12-18,9:30:39.868034553,T,IBM,F I,25,302.94
2025-12-18,9:30:39.868079839,T,IBM,F I,25,302.94
2025-12-18,9:30:42.453977820,T,IBM,I,1,303.01
2025-12-18,9:30:46.159444437,T,IBM,F I,20,303.0
2025-12-18,9:30:48.036441095,T,IBM,I,2,303.12
2025-12-18,9:30:56.003652737,T,IBM,F I,34,303.11
2025-12-18,9:30:57.817174054,T,IBM,I,17,302.95
2025-12-18,9:30:57.817177014,T,IBM,I,17,302.95
2025-12-18,9:30:57.817177014,T,IBM,I,6,302.95
2025-12-18,9:31:00.659748129,T,IBM,F I,2,303.08
2025-12-18,9:31:07.659647404,T,IBM,F I,2,303.21
2025-12-18,9:31:07.659701742,T,IBM,I,5,303.3
2025-12-18,9:31:07.659701742,T,IBM,I,8,303.3
2025-12-18,9:31:07.660700556,T,IBM,F I,24,303.4
2025-12-18,9:31:07.660706232,T,IBM,F,40,303.4
2025-12-18,9:31:07.660706232,T,IBM,F,40,303.4
2025-12-18,9:31:14.630419766,T,IBM,I,6,303.48
2025-12-18,9:31:14.630422948,T,IBM,,100,303.5
2025-12-18,9:31:14.630425310,T,IBM,I,5,303.58
2025-12-18,9:31:14.630425310,T,IBM,I,32,303.61
2025-12-18,9:31:14.630879365,T,IBM,F,40,303.64
2025-12-18,9:31:14.630879365,T,IBM,F,40,303.64
2025-12-18,9:31:14.630883058,T,IBM,F,40,303.64
2025-12-18,9:31:14.630883058,T,IBM,F I,2,303.64
2025-12-18,9:31:14.630885582,T,IBM,F I,20,303.64
2025-12-18,9:31:14.630888384,T,IBM,F I,20,303.64
2025-12-18,9:31:14.631315406,T,IBM,F I,4,303.49
2025-12-18,9:31:14.631321430,T,IBM,F I,13,303.49
2025-12-18,9:31:14.631321430,T,IBM,F I,12,303.48
2025-12-18,9:31:14.631333549,T,IBM,F I,33,303.48
2025-12-18,9:31:16.427783539,T,IBM,F I,5,303.46
2025-12-18,9:31:16.427783539,T,IBM,F I,5,303.47
2025-12-18,9:31:25.393246775,T,IBM,F I,9,303.64
2025-12-18,9:31:25.393246775,T,IBM,F I,2,303.64
2025-12-18,9:31:25.393249007,T,IBM,F I,1,303.64
2025-12-18,9:31:25.395098261,T,IBM,F I,4,303.69
2025-12-18,9:31:27.324169573,T,IBM,F I,13,303.92
2025-12-18,9:31:41.340687818,T,IBM,F I,20,303.98
2025-12-18,9:31:41.340705803,T,IBM,F I,6,303.98
2025-12-18,9:31:41.340733305,T,IBM,F I,20,303.98
2025-12-18,9:31:41.340745000,T,IBM,F I,20,303.98
2025-12-18,9:31:41.340766017,T,IBM,F I,6,303.98
2025-12-18,9:31:41.340777970,T,IBM,F I,20,303.98
2025-12-18,9:31:41.340790210,T,IBM,F I,8,303.98
2025-12-18,9:31:41.340790210,T,IBM,F I,12,303.99
2025-12-18,9:31:41.340826166,T,IBM,F I,6,303.99
2025-12-18,9:31:41.340826166,T,IBM,F I,2,303.99
2025-12-18,9:31:41.340841119,T,IBM,F I,6,304.0
2025-12-18,9:31:41.488760316,T,IBM,I,20,304.18
2025-12-18,9:31:41.488835528,T,IBM,F I,16,304.18
2025-12-18,9:31:41.489045993,T,IBM,I,20,304.19
2025-12-18,9:31:41.493544666,T,IBM,,40,304.32
2025-12-18,9:31:41.493625883,T,IBM,,40,304.32
2025-12-18,9:31:42.463353586,T,IBM,F I,25,304.31
2025-12-18,9:31:42.486141678,T,IBM,F,40,304.33
2025-12-18,9:31:42.514358035,T,IBM,F I,20,304.16
2025-12-18,9:31:42.514361631,T,IBM,F I,10,304.16
2025-12-18,9:31:42.514364194,T,IBM,F,44,304.15
2025-12-18,9:31:42.514364194,T,IBM,F I,22,304.15
2025-12-18,9:31:42.514367003,T,IBM,F I,4,304.15
2025-12-18,9:31:42.514619509,T,IBM,I,18,304.15
2025-12-18,9:31:42.514622557,T,IBM,I,7,304.15
2025-12-18,9:31:42.514622557,T,IBM,I,7,304.15
2025-12-18,9:31:43.013738672,T,IBM,F I,1,304.3
2025-12-18,9:31:49.005605190,T,IBM,,40,304.24
2025-12-18,9:31:49.455822074,T,IBM,F I,4,304.14
2025-12-18,9:31:49.455825005,T,IBM,F I,4,304.14
2025-12-18,9:31:49.456246124,T,IBM,I,8,304.14
2025-12-18,9:31:49.456291219,T,IBM,F I,1,304.14
2025-12-18,9:31:49.456549745,T,IBM,I,10,304.14
2025-12-18,9:31:49.509481741,T,IBM,I,8,304.08
2025-12-18,9:31:50.068620912,T,IBM,F I,1,304.04
2025-12-18,9:31:50.068620912,T,IBM,F I,33,304.04
2025-12-18,9:31:50.068639253,T,IBM,I,1,304.04
2025-12-18,9:31:50.068897700,T,IBM,I,33,304.13
2025-12-18,9:31:50.068930696,T,IBM,F I,33,304.13
2025-12-18,9:31:50.069038903,T,IBM,I,22,304.04
2025-12-18,9:31:50.069038903,T,IBM,I,2,304.04
2025-12-18,9:31:50.069041974,T,IBM,I,6,304.04
2025-12-18,9:31:50.069059899,T,IBM,I,1,304.04
2025-12-18,9:31:50.069102063,T,IBM,I,9,304.09
2025-12-18,9:31:50.069105116,T,IBM,I,5,304.14
2025-12-18,9:31:50.069162307,T,IBM,I,9,304.04
2025-12-18,9:31:51.180602202,T,IBM,F,364,304.0
2025-12-18,9:31:51.181179552,T,IBM,I,5,303.78
2025-12-18,9:31:51.181182809,T,IBM,I,4,303.75
2025-12-18,9:31:51.181182809,T,IBM,,100,303.75
2025-12-18,9:31:51.181185594,T,IBM,I,20,303.74
2025-12-18,9:31:51.181188463,T,IBM,,71,303.7
2025-12-18,9:31:51.188084659,T,IBM,I,18,303.65
2025-12-18,9:31:51.188084659,T,IBM,I,18,303.65
2025-12-18,9:31:51.188086942,T,IBM,I,12,303.65
2025-12-18,9:31:51.188089912,T,IBM,I,12,303.65
2025-12-18,9:31:52.011107364,T,IBM,I,22,303.31
2025-12-18,9:31:52.011107364,T,IBM,I,7,303.31
2025-12-18,9:31:52.011110330,T,IBM,I,22,303.31
2025-12-18,9:31:52.011110330,T,IBM,I,7,303.31
2025-12-18,9:31:52.011113246,T,IBM,I,22,303.31
2025-12-18,9:31:52.872327468,T,IBM,F I,5,303.54
2025-12-18,9:31:53.123407235,T,IBM,F I,25,303.65
2025-12-18,9:31:53.123443341,T,IBM,F,40,303.69
2025-12-18,9:31:53.123470362,T,IBM,I,2,303.69
2025-12-18,9:31:53.123506431,T,IBM,F,40,303.7
2025-12-18,9:31:53.123527542,T,IBM,I,8,303.7
2025-12-18,9:31:53.123527542,T,IBM,I,1,303.7
2025-12-18,9:31:53.140731451,T,IBM,I,24,303.64
2025-12-18,9:31:53.140734422,T,IBM,I,24,303.64
2025-12-18,9:31:53.140737423,T,IBM,I,6,303.64
2025-12-18,9:31:53.140737423,T,IBM,I,6,303.64
2025-12-18,9:31:53.698628564,T,IBM,I,24,303.64
2025-12-18,9:31:53.698628564,T,IBM,I,24,303.64
2025-12-18,9:31:53.698631664,T,IBM,I,5,303.64
2025-12-18,9:31:53.698634694,T,IBM,I,5,303.64
2025-12-18,9:31:54.301284279,T,IBM,I,30,303.7
2025-12-18,9:31:54.301284279,T,IBM,I,1,303.7
2025-12-18,9:31:54.672581378,T,IBM,I,29,303.7
2025-12-18,9:31:54.672584216,T,IBM,I,1,303.7
2025-12-18,9:31:54.672584216,T,IBM,I,30,303.7
2025-12-18,9:31:55.702024976,T,IBM,I,29,303.51
2025-12-18,9:31:55.702027950,T,IBM,I,2,303.51
2025-12-18,9:32:05.992730755,T,IBM,F I,5,303.47
2025-12-18,9:32:05.992730755,T,IBM,F I,5,303.54
2025-12-18,9:32:05.992733473,T,IBM,F I,8,303.58
2025-12-18,9:32:10.003378483,T,IBM,F I,5,303.38
2025-12-18,9:32:10.003378483,T,IBM,F I,20,303.37
2025-12-18,9:32:10.003447548,T,IBM,F I,10,303.37
2025-12-18,9:32:10.006476049,T,IBM,F I,5,303.34
2025-12-18,9:32:10.006478881,T,IBM,F I,18,303.38
2025-12-18,9:32:10.006478881,T,IBM,F I,17,303.4
2025-12-18,9:32:10.007723723,T,IBM,F I,5,303.26
2025-12-18,9:32:24.437434683,T,IBM,F I,5,303.04
2025-12-18,9:32:24.437446776,T,IBM,F I,18,303.04
2025-12-18,9:32:24.437449806,T,IBM,F I,5,303.04
2025-12-18,9:32:24.437449806,T,IBM,F I,5,303.03
2025-12-18,9:32:24.654431307,T,IBM,F I,25,302.71
2025-12-18,9:32:24.654434351,T,IBM,I,1,302.71
2025-12-18,9:32:24.654437382,T,IBM,I,3,302.71
2025-12-18,9:32:29.856687051,T,IBM,I,3,302.69
2025-12-18,9:32:29.856702609,T,IBM,F I,19,302.69
2025-12-18,9:32:29.856753107,T,IBM,F,75,302.68
2025-12-18,9:32:29.856756425,T,IBM,F I,5,302.68
2025-12-18,9:32:37.864823411,T,IBM,I,12,302.46
2025-12-18,9:32:37.864847519,T,IBM,F I,16,302.46
2025-12-18,9:32:37.864847519,T,IBM,F I,24,302.46
2025-12-18,9:32:37.864850915,T,IBM,F I,16,302.46
2025-12-18,9:32:37.864856565,T,IBM,F,40,302.46
2025-12-18,9:32:37.864856565,T,IBM,F I,24,302.45
2025-12-18,9:32:37.864880624,T,IBM,F I,16,302.45
2025-12-18,9:32:37.864880624,T,IBM,F,40,302.45
2025-12-18,9:32:37.864883634,T,IBM,F I,1,302.45
2025-12-18,9:32:37.865003936,T,IBM,F I,25,302.43
2025-12-18,9:32:37.865148266,T,IBM,F I,4,302.43
2025-12-18,9:32:37.871451209,T,IBM,I,25,302.36
2025-12-18,9:32:37.871451209,T,IBM,,55,302.44
2025-12-18,9:32:37.874274986,T,IBM,F I,17,302.47
2025-12-18,9:32:37.882159782,T,IBM,F I,1,302.5
2025-12-18,9:32:37.882162751,T,IBM,F I,16,302.5
2025-12-18,9:32:37.882204913,T,IBM,F I,25,302.5
2025-12-18,9:32:37.884427152,T,IBM,I,12,302.6
2025-12-18,9:32:39.953316423,T,IBM,F I,5,302.58
2025-12-18,9:32:46.914808272,T,IBM,,100,303.005
2025-12-18,9:32:56.795797288,T,IBM,I,18,302.75
2025-12-18,9:32:56.795800418,T,IBM,I,8,302.75
2025-12-18,9:32:56.795803268,T,IBM,I,1,302.74
2025-12-18,9:32:56.795803268,T,IBM,I,13,302.74
2025-12-18,9:32:56.795971747,T,IBM,F I,18,302.74
2025-12-18,9:32:56.795971747,T,IBM,F I,7,302.74
2025-12-18,9:32:56.796025842,T,IBM,F I,1,302.74
2025-12-18,9:33:01.422494747,T,IBM,F I,8,303.1
2025-12-18,9:33:01.712685606,T,IBM,F I,5,303.03
2025-12-18,9:33:07.076912821,T,IBM,I,20,302.86
2025-12-18,9:33:07.077517300,T,IBM,F I,1,302.86
2025-12-18,9:33:07.077517300,T,IBM,F I,1,302.86
2025-12-18,9:33:07.077535376,T,IBM,F I,5,302.86
2025-12-18,9:33:07.077538438,T,IBM,F I,2,302.85
2025-12-18,9:33:23.593637547,T,IBM,F I,7,302.0
2025-12-18,9:33:24.290624511,T,IBM,F I,5,301.99
2025-12-18,9:33:25.459816993,T,IBM,I,5,301.99
2025-12-18,9:33:25.459819951,T,IBM,,44,301.89
2025-12-18,9:33:25.459823001,T,IBM,I,31,301.88
2025-12-18,9:33:25.459834950,T,IBM,I,1,301.88
2025-12-18,9:33:32.747994494,T,IBM,I,31,301.88
2025-12-18,9:33:32.748015530,T,IBM,F I,11,301.88
2025-12-18,9:33:34.519186975,T,IBM,F I,25,301.82
2025-12-18,9:33:34.519232159,T,IBM,F I,25,301.82
2025-12-18,9:33:39.095604875,T,IBM,,40,301.845
2025-12-18,9:33:40.744105398,T,IBM,F I,20,301.95
2025-12-18,9:33:40.744105398,T,IBM,F I,5,301.95
2025-12-18,9:33:40.744168909,T,IBM,F I,25,301.96
2025-12-18,9:33:40.744198826,T,IBM,F I,10,301.99
2025-12-18,9:33:40.744201583,T,IBM,F I,1,301.99
2025-12-18,9:33:40.744219634,T,IBM,I,2,301.99
2025-12-18,9:33:40.744222570,T,IBM,I,11,301.99
2025-12-18,9:33:49.045924025,T,IBM,I,7,301.97
2025-12-18,9:33:49.045924025,T,IBM,I,39,302.05
2025-12-18,9:33:49.046035313,T,IBM,F I,2,302.05
2025-12-18,9:33:49.046071360,T,IBM,F I,2,302.05
2025-12-18,9:33:49.046684732,T,IBM,I,23,302.11
2025-12-18,9:33:49.047728329,T,IBM,I,26,302.11
2025-12-18,9:34:00.571537364,T,IBM,F I,5,301.78
2025-12-18,9:34:00.571552262,T,IBM,F I,4,301.77
2025-12-18,9:34:00.571555327,T,IBM,F I,1,301.77
2025-12-18,9:34:01.003422301,T,IBM,I,1,301.57
2025-12-18,9:34:01.003677976,T,IBM,F I,21,301.64
2025-12-18,9:34:01.003699361,T,IBM,I,1,301.64
2025-12-18,9:34:01.003717512,T,IBM,,59,301.64
2025-12-18,9:34:01.003933779,T,IBM,,100,301.58
2025-12-18,9:34:01.003939652,T,IBM,I,35,301.57
2025-12-18,9:34:01.003939652,T,IBM,,198,301.57
2025-12-18,9:34:01.003958781,T,IBM,I,23,301.57
2025-12-18,9:34:01.003958781,T,IBM,I,1,301.57
2025-12-18,9:34:01.004065897,T,IBM,F I,25,301.65
2025-12-18,9:34:01.004255293,T,IBM,F,76,301.6
2025-12-18,9:34:01.005205582,T,IBM,F,80,301.59
2025-12-18,9:34:01.044939214,T,IBM,F,76,301.58
2025-12-18,9:34:02.531579295,T,IBM,F I,27,301.29
2025-12-18,9:34:02.531582307,T,IBM,F I,13,301.29
2025-12-18,9:34:02.531600375,T,IBM,F I,13,301.29
2025-12-18,9:34:02.531624431,T,IBM,F,67,301.29
2025-12-18,9:34:02.538309398,T,IBM,,60,301.3
2025-12-18,9:34:04.549566429,T,IBM,F I,8,301.51
2025-12-18,9:34:04.549626493,T,IBM,F I,17,301.51
2025-12-18,9:34:04.549650591,T,IBM,F I,8,301.51
2025-12-18,9:34:04.549972324,T,IBM,I,8,301.52
2025-12-18,9:34:04.550390450,T,IBM,F I,25,301.52
2025-12-18,9:34:04.550390450,T,IBM,F I,2,301.45
2025-12-18,9:34:04.550423372,T,IBM,F I,25,301.45
2025-12-18,9:34:07.223670431,T,IBM,F I,25,301.39
2025-12-18,9:34:08.672874813,T,IBM,I,21,301.52
2025-12-18,9:34:08.672874813,T,IBM,I,3,301.52
2025-12-18,9:34:09.308037591,T,IBM,F I,25,301.45
2025-12-18,9:34:10.110131070,T,IBM,I,24,301.52
2025-12-18,9:34:11.243484176,T,IBM,F I,20,301.52
2025-12-18,9:34:11.244636023,T,IBM,F I,10,301.43
2025-12-18,9:34:11.244644982,T,IBM,F I,8,301.43
2025-12-18,9:34:11.244647946,T,IBM,F I,2,301.43
2025-12-18,9:34:11.244665888,T,IBM,F,50,301.43
2025-12-18,9:34:11.244686943,T,IBM,F I,8,301.43
2025-12-18,9:34:11.244686943,T,IBM,F I,2,301.43
2025-12-18,9:34:11.244762220,T,IBM,F I,25,301.43
2025-12-18,9:34:11.244810382,T,IBM,F I,13,301.43
2025-12-18,9:34:16.572404392,T,IBM,F I,16,301.47
2025-12-18,9:34:16.572407691,T,IBM,F I,7,301.47
2025-12-18,9:34:16.572410430,T,IBM,F I,17,301.48
2025-12-18,9:34:16.572410430,T,IBM,F I,5,301.48
2025-12-18,9:34:16.572807322,T,IBM,F I,20,301.58
2025-12-18,9:34:16.572963699,T,IBM,I,15,301.69
2025-12-18,9:34:16.572988259,T,IBM,F I,25,301.69
2025-12-18,9:34:16.624897307,T,IBM,I,5,301.59
2025-12-18,9:34:16.624918399,T,IBM,F I,25,301.58
2025-12-18,9:34:16.624990537,T,IBM,I,5,301.59
2025-12-18,9:34:29.754877960,T,IBM,F,40,301.45
2025-12-18,9:34:29.754899008,T,IBM,F I,35,301.41
2025-12-18,9:34:29.754923063,T,IBM,I,1,301.41
2025-12-18,9:34:29.754932156,T,IBM,F I,4,301.41
2025-12-18,9:34:34.638257414,T,IBM,I,17,301.325
2025-12-18,9:34:47.571885545,T,IBM,I,5,301.315
2025-12-18,9:34:47.573106503,T,IBM,I,25,301.315
2025-12-18,9:34:51.079574107,T,IBM,F I,5,301.04
2025-12-18,9:34:51.079643298,T,IBM,F I,3,301.02
2025-12-18,9:34:51.079646682,T,IBM,F I,1,301.02
2025-12-18,9:34:51.079649432,T,IBM,F I,1,301.02
2025-12-18,9:34:51.579057172,T,IBM,F I,2,300.76
2025-12-18,9:34:51.595043862,T,IBM,I,18,300.85
2025-12-18,9:34:51.595046229,T,IBM,I,3,300.85
2025-12-18,9:34:51.595358832,T,IBM,F I,14,300.87
2025-12-18,9:34:51.595358832,T,IBM,F I,6,300.87
2025-12-18,9:34:55.489888315,T,IBM,F I,25,300.84
2025-12-18,9:34:57.560278190,T,IBM,I,5,300.74
2025-12-18,9:34:57.560281200,T,IBM,I,21,300.71
2025-12-18,9:34:57.560572876,T,IBM,I,20,300.78
2025-12-18,9:34:57.560708140,T,IBM,F I,2,300.71
2025-12-18,9:34:57.561616631,T,IBM,I,11,300.71
2025-12-18,9:35:02.937941561,T,IBM,F I,1,300.65
2025-12-18,9:35:02.938001573,T,IBM,F I,1,300.65
2025-12-18,9:35:02.938091723,T,IBM,F I,1,300.65
2025-12-18,9:35:02.938157962,T,IBM,F I,1,300.65
2025-12-18,9:35:02.938227101,T,IBM,F I,1,300.65
2025-12-18,9:35:02.938293248,T,IBM,F I,1,300.65
2025-12-18,9:35:02.938356394,T,IBM,F I,1,300.65
2025-12-18,9:35:02.938425547,T,IBM,F I,1,300.64
2025-12-18,9:35:03.410405115,T,IBM,I,6,300.68
2025-12-18,9:35:03.411581052,T,IBM,F I,5,300.69
2025-12-18,9:35:03.411590077,T,IBM,F I,10,300.69
2025-12-18,9:35:04.836706639,T,IBM,I,5,300.64
2025-12-18,9:35:04.836706639,T,IBM,I,10,300.64
2025-12-18,9:35:08.007882038,T,IBM,F I,17,300.78
2025-12-18,9:35:08.007903095,T,IBM,I,3,300.78
2025-12-18,9:35:08.007903095,T,IBM,I,1,300.78
2025-12-18,9:35:20.106566527,T,IBM,F I,1,300.98
2025-12-18,9:35:20.110301574,T,IBM,I,9,301.145
2025-12-18,9:35:28.282749200,T,IBM,F I,25,301.16
2025-12-18,9:35:30.618343268,T,IBM,,40,301.17
2025-12-18,9:35:31.343612926,T,IBM,F I,7,300.93
2025-12-18,9:35:31.345113468,T,IBM,F I,5,300.98
2025-12-18,9:35:31.345113468,T,IBM,F I,2,300.99
2025-12-18,9:35:31.383012725,T,IBM,,80,300.89
2025-12-18,9:35:32.146921237,T,IBM,F I,5,300.9
2025-12-18,9:35:32.146921237,T,IBM,F I,2,300.91
2025-12-18,9:35:46.807074428,T,IBM,I,8,300.69
2025-12-18,9:35:51.443334045,T,IBM,F I,25,300.66
2025-12-18,9:36:00.678818298,T,IBM,F I,9,300.55
2025-12-18,9:36:00.679122036,T,IBM,F I,3,300.45
2025-12-18,9:36:00.679143111,T,IBM,F,997,300.45
2025-12-18,9:36:00.838985548,T,IBM,F I,25,300.53
2025-12-18,9:36:00.839006621,T,IBM,F I,1,300.53
2025-12-18,9:36:00.839021697,T,IBM,F I,1,300.53
2025-12-18,9:36:00.839048747,T,IBM,F I,1,300.53
2025-12-18,9:36:00.839052059,T,IBM,F I,8,300.53
2025-12-18,9:36:00.839052059,T,IBM,F I,1,300.54
2025-12-18,9:36:00.839559993,T,IBM,,40,300.59
2025-12-18,9:36:01.127278930,T,IBM,F I,25,300.71
2025-12-18,9:36:01.573842022,T,IBM,I,3,300.5
2025-12-18,9:36:21.428840399,T,IBM,,100,300.755
2025-12-18,9:36:41.363495510,T,IBM,I,1,300.86
2025-12-18,9:36:48.081449478,T,IBM,I,5,300.94
2025-12-18,9:36:48.081527843,T,IBM,I,4,300.99
2025-12-18,9:36:48.081527843,T,IBM,,120,300.99
2025-12-18,9:36:48.081530775,T,IBM,I,1,300.99
2025-12-18,9:36:48.081548753,T,IBM,F I,5,301.0
2025-12-18,9:36:48.081554883,T,IBM,F I,5,301.0
2025-12-18,9:36:48.081573941,T,IBM,I,35,301.0
2025-12-18,9:36:48.081753382,T,IBM,F,40,301.0
2025-12-18,9:36:48.081753382,T,IBM,F I,2,301.0
2025-12-18,9:36:48.081756243,T,IBM,F,58,300.99
2025-12-18,9:36:48.081774412,T,IBM,I,1,300.99
2025-12-18,9:36:48.081777317,T,IBM,F,41,300.99
2025-12-18,9:36:54.585516427,T,IBM,I,20,300.83
2025-12-18,9:37:00.273067547,T,IBM,F I,5,301.04
2025-12-18,9:37:00.378528560,T,IBM,F I,25,301.33
2025-12-18,9:37:00.378570721,T,IBM,F I,25,301.33
2025-12-18,9:37:00.406627491,T,IBM,F I,3,301.37
2025-12-18,9:37:00.477864073,T,IBM,F I,1,301.56
2025-12-18,9:37:00.479478909,T,IBM,F I,12,301.44
2025-12-18,9:37:00.494761253,T,IBM,,250,301.55
2025-12-18,9:37:00.610552000,T,IBM,I,25,301.29
2025-12-18,9:37:00.610552000,T,IBM,I,7,301.29
2025-12-18,9:37:01.107782692,T,IBM,F I,17,301.3
2025-12-18,9:37:01.107782692,T,IBM,F I,3,301.3
2025-12-18,9:37:01.107987117,T,IBM,I,11,301.3
2025-12-18,9:37:01.507199641,T,IBM,F I,1,301.32
2025-12-18,9:37:01.507256927,T,IBM,F I,21,301.32
2025-12-18,9:37:01.507256927,T,IBM,F I,4,301.32
2025-12-18,9:37:01.507464238,T,IBM,F I,1,301.32
2025-12-18,9:37:01.507500551,T,IBM,I,5,301.32
2025-12-18,9:37:01.507500551,T,IBM,I,1,301.31
2025-12-18,9:37:01.507503216,T,IBM,I,13,301.31
2025-12-18,9:37:01.507551417,T,IBM,F I,1,301.31
2025-12-18,9:37:01.507563698,T,IBM,F I,16,301.31
2025-12-18,9:37:01.507563698,T,IBM,F I,2,301.31
2025-12-18,9:37:01.507566374,T,IBM,F I,16,301.29
2025-12-18,9:37:01.507569400,T,IBM,F,56,301.29
2025-12-18,9:37:01.507593489,T,IBM,F I,10,301.29
2025-12-18,9:37:01.507777021,T,IBM,I,18,301.29
2025-12-18,9:37:01.590479854,T,IBM,F I,27,301.24
2025-12-18,9:37:01.590485830,T,IBM,F I,4,301.24
2025-12-18,9:37:01.590488929,T,IBM,F,69,301.23
2025-12-18,9:37:01.590488929,T,IBM,I,31,301.23
2025-12-18,9:37:02.492588436,T,IBM,F I,1,301.3
2025-12-18,9:37:04.471750229,T,IBM,F I,2,301.38
2025-12-18,9:37:04.471753386,T,IBM,F I,2,301.39
2025-12-18,9:37:04.471777201,T,IBM,F I,4,301.41
2025-12-18,9:37:04.648249396,T,IBM,F I,2,301.35
2025-12-18,9:37:04.648252317,T,IBM,F I,30,301.33
2025-12-18,9:37:04.648258354,T,IBM,F I,2,301.33
2025-12-18,9:37:04.648258354,T,IBM,F,66,301.33
2025-12-18,9:37:04.648306550,T,IBM,F,42,301.33
2025-12-18,9:37:06.568893494,T,IBM,F I,20,301.51
2025-12-18,9:37:06.568894932,T,IBM,F I,2,301.51
2025-12-18,9:37:06.568897933,T,IBM,F I,2,301.54
2025-12-18,9:37:06.568897933,T,IBM,F,96,301.59
2025-12-18,9:37:13.474931590,T,IBM,F,100,301.76
2025-12-18,9:37:13.474949660,T,IBM,F,40,301.81
2025-12-18,9:37:13.474968255,T,IBM,F I,20,301.85
2025-12-18,9:37:13.474968255,T,IBM,F I,20,301.85
2025-12-18,9:37:13.474977362,T,IBM,F I,4,301.85
2025-12-18,9:37:13.474979708,T,IBM,F I,36,301.86
2025-12-18,9:37:13.474982672,T,IBM,,100,301.76
2025-12-18,9:37:13.475000751,T,IBM,F I,34,301.86
2025-12-18,9:37:13.475000751,T,IBM,F I,10,301.86
2025-12-18,9:37:13.475006757,T,IBM,I,1,301.78
2025-12-18,9:37:25.095029864,T,IBM,F I,6,301.9
2025-12-18,9:37:25.095033690,T,IBM,F,40,301.9
2025-12-18,9:37:30.341878693,T,IBM,I,2,301.83
2025-12-18,9:37:30.341878693,T,IBM,I,2,301.82
2025-12-18,9:37:30.341884684,T,IBM,,100,301.81
2025-12-18,9:37:30.341884684,T,IBM,I,2,301.81
2025-12-18,9:37:30.342681590,T,IBM,F I,10,301.81
2025-12-18,9:37:30.343189789,T,IBM,F I,18,301.69
2025-12-18,9:37:31.304461365,T,IBM,F I,25,301.525
2025-12-18,9:37:31.305005667,T,IBM,F I,18,301.47
2025-12-18,9:37:31.690610518,T,IBM,F I,20,301.43
2025-12-18,9:37:34.407491469,T,IBM,F I,2,301.38
2025-12-18,9:37:46.222041437,T,IBM,F I,25,301.24
2025-12-18,9:37:48.143748449,T,IBM,F I,2,301.23
2025-12-18,9:37:48.143748449,T,IBM,F I,20,301.23
2025-12-18,9:37:48.143754296,T,IBM,F,78,301.265
2025-12-18,9:37:48.143754296,T,IBM,F I,2,301.3
2025-12-18,9:37:48.143757285,T,IBM,F I,27,301.32
2025-12-18,9:37:49.627026408,T,IBM,I,2,301.12
2025-12-18,9:37:49.627092671,T,IBM,F I,2,301.13
2025-12-18,9:37:49.627101630,T,IBM,I,2,301.13
2025-12-18,9:37:49.627168120,T,IBM,F I,2,301.13
2025-12-18,9:37:49.627179873,T,IBM,F I,1,301.13
2025-12-18,9:37:49.627191808,T,IBM,I,2,301.13
2025-12-18,9:37:49.627203945,T,IBM,I,25,301.2
2025-12-18,9:37:49.627206918,T,IBM,I,15,301.21
2025-12-18,9:37:49.627231842,T,IBM,I,14,301.16
2025-12-18,9:37:49.627231842,T,IBM,I,26,301.12
2025-12-18,9:37:49.627233883,T,IBM,F I,2,301.12
2025-12-18,9:37:52.562528111,T,IBM,F I,4,301.42
2025-12-18,9:37:52.562528111,T,IBM,F I,1,301.42
2025-12-18,9:38:04.295566131,T,IBM,F I,20,301.3
2025-12-18,9:38:04.295572281,T,IBM,F I,13,301.29
2025-12-18,9:38:04.295575178,T,IBM,F I,17,301.29
2025-12-18,9:38:04.296326959,T,IBM,F I,30,301.3
2025-12-18,9:38:04.296369645,T,IBM,,100,301.32
2025-12-18,9:38:04.296369645,T,IBM,I,25,301.34
2025-12-18,9:38:04.296372483,T,IBM,I,15,301.37
2025-12-18,9:38:04.296374987,T,IBM,,300,301.37
2025-12-18,9:38:04.394032520,T,IBM,F I,2,301.3
2025-12-18,9:38:09.510686436,T,IBM,F I,1,301.15
2025-12-18,9:38:09.510707574,T,IBM,F I,29,301.15
2025-12-18,9:38:09.511477916,T,IBM,F I,20,301.15
2025-12-18,9:38:09.511510434,T,IBM,I,10,301.15
2025-12-18,9:38:09.521672375,T,IBM,F I,28,301.26
2025-12-18,9:38:09.521672375,T,IBM,F I,3,301.26
2025-12-18,9:38:09.521677621,T,IBM,F I,12,301.27
2025-12-18,9:38:09.521683773,T,IBM,F I,28,301.27
2025-12-18,9:38:09.521686603,T,IBM,F I,3,301.27
2025-12-18,9:38:13.781610024,T,IBM,F I,25,301.36
2025-12-18,9:38:13.781655133,T,IBM,F I,25,301.36
2025-12-18,9:38:25.817829949,T,IBM,I,30,301.23
2025-12-18,9:38:25.817851104,T,IBM,F I,30,301.23
2025-12-18,9:38:25.817866071,T,IBM,I,30,301.23
2025-12-18,9:38:25.817908240,T,IBM,F I,10,301.23
2025-12-18,9:38:25.817908240,T,IBM,F I,20,301.22
2025-12-18,9:38:25.817926357,T,IBM,I,1,301.22
2025-12-18,9:38:25.817941270,T,IBM,I,9,301.22
2025-12-18,9:38:25.817977364,T,IBM,F I,2,301.21
2025-12-18,9:38:25.818684205,T,IBM,F I,30,301.22
2025-12-18,9:38:25.818687021,T,IBM,F I,18,301.26
2025-12-18,9:38:25.819029904,T,IBM,F I,1,301.3
2025-12-18,9:38:25.934892667,T,IBM,I,30,301.23
2025-12-18,9:38:25.936489579,T,IBM,I,2,301.11
2025-12-18,9:38:35.649847593,T,IBM,F I,25,301.11
2025-12-18,9:38:35.649895641,T,IBM,F I,25,301.11
2025-12-18,9:38:35.649988995,T,IBM,I,30,301.11
2025-12-18,9:38:41.461690591,T,IBM,,100,300.9
2025-12-18,9:38:41.464598433,T,IBM,,150,300.9
2025-12-18,9:38:41.464646631,T,IBM,F I,25,300.9
2025-12-18,9:38:41.464691733,T,IBM,F I,25,300.9
2025-12-18,9:38:41.464718746,T,IBM,,100,300.9
2025-12-18,9:39:07.466810449,T,IBM,F I,3,300.48
2025-12-18,9:39:07.466810449,T,IBM,F I,2,300.48
2025-12-18,9:39:07.488176271,T,IBM,I,3,300.37
2025-12-18,9:39:10.976543878,T,IBM,F I,4,300.2
2025-12-18,9:39:10.986554805,T,IBM,I,15,299.93
2025-12-18,9:39:10.994511673,T,IBM,F,40,299.81
2025-12-18,9:39:10.994536249,T,IBM,,100,299.985
2025-12-18,9:39:10.997600036,T,IBM,F I,4,299.81
2025-12-18,9:39:10.997600036,T,IBM,F I,36,299.81
2025-12-18,9:39:11.000733601,T,IBM,F,40,299.81
2025-12-18,9:39:11.003512146,T,IBM,F I,24,299.81
2025-12-18,9:39:11.003515201,T,IBM,F I,16,299.77
2025-12-18,9:39:11.006823100,T,IBM,F I,38,299.77
2025-12-18,9:39:11.006823100,T,IBM,F I,2,299.77
2025-12-18,9:39:11.006841030,T,IBM,I,1,299.77
2025-12-18,9:39:11.010350453,T,IBM,F,80,299.8
2025-12-18,9:39:11.013968061,T,IBM,F,80,299.68
2025-12-18,9:39:11.473089127,T,IBM,I,9,299.89
2025-12-18,9:39:11.495215792,T,IBM,F I,1,300.0
2025-12-18,9:39:11.495215792,T,IBM,F I,4,300.0
2025-12-18,9:39:13.828671812,T,IBM,F I,25,299.97
2025-12-18,9:39:16.256730188,T,IBM,,80,299.97
2025-12-18,9:39:16.256868536,T,IBM,I,15,299.97
2025-12-18,9:39:16.354829780,T,IBM,I,1,299.94
2025-12-18,9:39:17.049450348,T,IBM,F I,1,299.95
2025-12-18,9:39:17.049450348,T,IBM,F I,7,299.95
2025-12-18,9:39:17.049453431,T,IBM,F I,7,299.95
2025-12-18,9:39:17.049471380,T,IBM,F,50,299.95
2025-12-18,9:39:17.049480416,T,IBM,F I,3,299.95
2025-12-18,9:39:17.049678832,T,IBM,F I,1,299.96
2025-12-18,9:39:17.049681916,T,IBM,F I,6,299.97
2025-12-18,9:39:17.049908050,T,IBM,F I,6,299.94
2025-12-18,9:39:17.049952686,T,IBM,I,5,299.94
2025-12-18,9:39:17.049952686,T,IBM,I,5,299.94
2025-12-18,9:39:17.052397328,T,IBM,F I,1,299.93
2025-12-18,9:39:17.057680951,T,IBM,F I,5,299.85
2025-12-18,9:39:22.409305326,T,IBM,F I,25,299.86
2025-12-18,9:39:22.409350314,T,IBM,F I,25,299.86
2025-12-18,9:39:22.409407494,T,IBM,,57,299.86
2025-12-18,9:39:22.409431595,T,IBM,F I,25,299.86
2025-12-18,9:39:22.409464717,T,IBM,F I,25,299.86
2025-12-18,9:39:22.409497729,T,IBM,F I,25,299.86
2025-12-18,9:39:24.263200686,T,IBM,I,3,299.85
2025-12-18,9:39:24.263348549,T,IBM,I,25,299.75
2025-12-18,9:39:24.263351171,T,IBM,I,15,299.74
2025-12-18,9:39:24.263567635,T,IBM,F I,1,299.84
2025-12-18,9:39:24.263570629,T,IBM,F I,3,299.84
2025-12-18,9:39:24.263582688,T,IBM,F I,1,299.84
2025-12-18,9:39:24.263591729,T,IBM,F I,25,299.84
2025-12-18,9:39:24.263606744,T,IBM,F,40,299.84
2025-12-18,9:39:24.263630717,T,IBM,F I,25,299.86
2025-12-18,9:39:24.263666812,T,IBM,F I,25,299.86
2025-12-18,9:39:24.263699946,T,IBM,F I,25,299.86
2025-12-18,9:39:24.263781139,T,IBM,F I,25,299.86
2025-12-18,9:39:24.263850326,T,IBM,F I,25,299.86
2025-12-18,9:39:24.263904420,T,IBM,F I,25,299.86
2025-12-18,9:39:27.903703466,T,IBM,F I,6,299.75
2025-12-18,9:39:27.906425020,T,IBM,F I,25,299.76
2025-12-18,9:39:27.906779799,T,IBM,F I,3,299.73
2025-12-18,9:39:27.906845949,T,IBM,,80,299.73
2025-12-18,9:39:27.906864065,T,IBM,I,1,299.72
2025-12-18,9:39:27.907077482,T,IBM,I,20,299.73
2025-12-18,9:39:31.691400723,T,IBM,F I,25,299.7
2025-12-18,9:39:33.600823247,T,IBM,,100,299.765
2025-12-18,9:39:33.600892474,T,IBM,,69,299.765
2025-12-18,9:39:43.484750432,T,IBM,I,25,299.755
2025-12-18,9:39:44.017414520,T,IBM,F I,3,299.9
2025-12-18,9:39:44.017447560,T,IBM,F I,3,299.9
2025-12-18,9:39:44.017462666,T,IBM,F I,3,299.9
2025-12-18,9:39:44.017465578,T,IBM,F I,11,299.9
2025-12-18,9:39:44.017469082,T,IBM,F I,6,299.9
2025-12-18,9:39:44.017469082,T,IBM,F I,3,299.91
2025-12-18,9:39:44.017472190,T,IBM,F I,3,299.91
2025-12-18,9:39:44.017570875,T,IBM,F I,20,299.94
2025-12-18,9:39:44.017573930,T,IBM,F I,20,299.94
2025-12-18,9:39:44.017640074,T,IBM,F I,20,299.98
2025-12-18,9:39:44.018400859,T,IBM,F I,1,300.05
2025-12-18,9:39:44.018427891,T,IBM,F I,19,300.05
2025-12-18,9:39:44.018912051,T,IBM,F I,1,300.09
2025-12-18,9:39:55.357901152,T,IBM,F,80,300.21
2025-12-18,9:39:55.357907229,T,IBM,F I,6,300.23
2025-12-18,9:39:55.358668083,T,IBM,F I,7,300.37
2025-12-18,9:39:55.359122437,T,IBM,F,40,300.45
2025-12-18,9:39:55.359122437,T,IBM,F I,19,300.48
2025-12-18,9:39:55.359125262,T,IBM,F,80,300.48
2025-12-18,9:39:55.359128123,T,IBM,F I,16,300.48
2025-12-18,9:39:55.359149143,T,IBM,F,45,300.48
2025-12-18,9:39:55.367767689,T,IBM,I,2,300.47
2025-12-18,9:39:56.695329166,T,IBM,F I,1,300.64
2025-12-18,9:39:58.152673495,T,IBM,F I,1,300.65
2025-12-18,9:40:03.952960048,T,IBM,F I,14,300.7
2025-12-18,9:40:03.952963197,T,IBM,F I,11,300.7
2025-12-18,9:40:07.856664347,T,IBM,F I,25,300.55
2025-12-18,9:40:07.856685470,T,IBM,I,1,300.55
2025-12-18,9:40:07.856688377,T,IBM,I,2,300.54
2025-12-18,9:40:07.856721431,T,IBM,F I,23,300.54
2025-12-18,9:40:07.857446150,T,IBM,I,1,300.5
2025-12-18,9:40:07.857470328,T,IBM,F I,2,300.5
2025-12-18,9:40:07.859148190,T,IBM,F I,3,300.4
2025-12-18,9:40:07.859190387,T,IBM,I,4,300.4
2025-12-18,9:40:07.859226346,T,IBM,F I,31,300.4
2025-12-18,9:40:25.410852600,T,IBM,F,40,300.24
2025-12-18,9:40:25.410855803,T,IBM,F I,2,300.23
2025-12-18,9:40:25.410855803,T,IBM,F,100,300.23
2025-12-18,9:40:25.410858583,T,IBM,F I,1,300.22
2025-12-18,9:40:26.317718501,T,IBM,I,2,300.43
2025-12-18,9:40:26.317718501,T,IBM,I,10,300.45
2025-12-18,9:40:26.394879217,T,IBM,I,26,300.52
2025-12-18,9:40:29.220938545,T,IBM,F I,19,300.54
2025-12-18,9:40:29.220941901,T,IBM,F I,6,300.54
2025-12-18,9:40:29.220945022,T,IBM,F I,8,300.54
2025-12-18,9:40:29.220945022,T,IBM,F I,17,300.54
2025-12-18,9:40:29.220947093,T,IBM,F I,24,300.55
2025-12-18,9:40:29.220965206,T,IBM,F I,16,300.55
2025-12-18,9:40:29.220965206,T,IBM,F I,34,300.55
2025-12-18,9:40:29.224561610,T,IBM,,80,300.59
2025-12-18,9:40:29.233303386,T,IBM,F,40,300.6
2025-12-18,9:40:30.221516076,T,IBM,F I,13,300.77
2025-12-18,9:40:30.222355093,T,IBM,F I,20,300.85
2025-12-18,9:40:36.451687850,T,IBM,F,40,300.87
2025-12-18,9:40:36.451690973,T,IBM,F I,4,300.87
2025-12-18,9:40:36.702960031,T,IBM,,40,300.59
2025-12-18,9:40:50.118323206,T,IBM,,45,300.61
2025-12-18,9:40:50.461614392,T,IBM,F I,2,300.5
2025-12-18,9:40:50.482123305,T,IBM,I,9,300.35
2025-12-18,9:40:51.115599382,T,IBM,F I,25,300.4
2025-12-18,9:40:57.736298777,T,IBM,F I,25,300.52
2025-12-18,9:41:01.086120464,T,IBM,,80,300.4
2025-12-18,9:41:01.086288896,T,IBM,I,6,300.4
2025-12-18,9:41:01.087491743,T,IBM,F I,2,300.33
2025-12-18,9:41:01.087642189,T,IBM,F I,16,300.33
2025-12-18,9:41:01.087681184,T,IBM,,100,300.36
2025-12-18,9:41:01.087681184,T,IBM,I,13,300.37
2025-12-18,9:41:01.087684261,T,IBM,I,25,300.37
2025-12-18,9:41:01.087684261,T,IBM,,150,300.37
2025-12-18,9:41:01.087792420,T,IBM,I,39,300.3
2025-12-18,9:41:01.087978875,T,IBM,F I,1,300.24
2025-12-18,9:41:01.088036071,T,IBM,F I,1,300.24
2025-12-18,9:41:01.088039024,T,IBM,F I,19,300.24
2025-12-18,9:41:01.088066485,T,IBM,F I,4,300.24
2025-12-18,9:41:01.088069439,T,IBM,F I,8,300.24
2025-12-18,9:41:01.088069439,T,IBM,I,22,300.3
2025-12-18,9:41:01.088072151,T,IBM,I,5,300.3
2025-12-18,9:41:01.088072151,T,IBM,I,12,300.3
2025-12-18,9:41:01.088087121,T,IBM,I,1,300.3
2025-12-18,9:41:01.088183358,T,IBM,I,7,300.27
2025-12-18,9:41:01.088327752,T,IBM,F I,3,300.24
2025-12-18,9:41:01.089617784,T,IBM,F I,16,300.24
2025-12-18,9:41:01.089617784,T,IBM,F I,7,300.24
2025-12-18,9:41:01.090520014,T,IBM,F,48,300.2
2025-12-18,9:41:02.440027610,T,IBM,,80,300.08
2025-12-18,9:41:02.440060715,T,IBM,F I,25,300.08
2025-12-18,9:41:02.440169012,T,IBM,F I,25,300.08
2025-12-18,9:41:02.440469732,T,IBM,F I,25,300.08
2025-12-18,9:41:02.440532839,T,IBM,F I,25,300.08
2025-12-18,9:41:02.440587053,T,IBM,F I,25,300.08
2025-12-18,9:41:02.440806561,T,IBM,F I,25,300.08
2025-12-18,9:41:02.440839612,T,IBM,F I,10,300.08
2025-12-18,9:41:04.787250570,T,IBM,F I,2,300.15
2025-12-18,9:41:09.852524287,T,IBM,F I,2,300.0
2025-12-18,9:41:09.853038236,T,IBM,F I,3,299.86
2025-12-18,9:41:21.023734712,T,IBM,F I,1,299.5
2025-12-18,9:41:21.023761729,T,IBM,F I,1,299.5
2025-12-18,9:41:24.474446554,T,IBM,F I,10,299.37
2025-12-18,9:41:24.474693154,T,IBM,F I,30,299.37
2025-12-18,9:41:26.728802376,T,IBM,I,10,299.42
2025-12-18,9:41:27.369643037,T,IBM,F I,16,299.36
2025-12-18,9:41:27.369664122,T,IBM,F I,14,299.36
2025-12-18,9:41:33.964453971,T,IBM,F I,10,299.29
2025-12-18,9:41:36.192004117,T,IBM,F I,16,299.35
2025-12-18,9:41:36.192046176,T,IBM,F I,25,299.37
2025-12-18,9:41:40.978941152,T,IBM,I,16,299.47
2025-12-18,9:41:40.978944108,T,IBM,I,7,299.47
2025-12-18,9:41:43.324407758,T,IBM,,80,299.275
2025-12-18,9:41:43.939431980,T,IBM,I,25,299.275
2025-12-18,9:41:43.939474007,T,IBM,F I,25,299.275
2025-12-18,9:41:44.790984130,T,IBM,F I,2,299.18
2025-12-18,9:41:44.795350583,T,IBM,I,24,299.09
2025-12-18,9:41:44.795576104,T,IBM,F I,15,299.04
2025-12-18,9:41:45.004185739,T,IBM,F I,1,299.0
2025-12-18,9:41:45.004188717,T,IBM,F I,1,299.0
2025-12-18,9:41:45.004817202,T,IBM,F I,3,299.07
2025-12-18,9:41:45.059640728,T,IBM,I,22,299.14
2025-12-18,9:42:03.444300893,T,IBM,F I,18,299.1
2025-12-18,9:42:04.359989774,T,IBM,F I,25,299.01
2025-12-18,9:42:04.360010931,T,IBM,F I,3,299.01
2025-12-18,9:42:07.324807949,T,IBM,F I,2,299.07
2025-12-18,9:42:09.950024784,T,IBM,,40,299.01
2025-12-18,9:42:10.018979066,T,IBM,I,25,299.01
2025-12-18,9:42:10.018979066,T,IBM,I,3,299.0
2025-12-18,9:42:10.018981747,T,IBM,,40,299.0
2025-12-18,9:42:10.097134906,T,IBM,,40,298.93
2025-12-18,9:42:10.097351379,T,IBM,F I,6,298.9
2025-12-18,9:42:10.097363401,T,IBM,F I,25,298.91
2025-12-18,9:42:10.097399516,T,IBM,I,14,298.94
2025-12-18,9:42:10.097420601,T,IBM,F I,3,298.94
2025-12-18,9:42:10.097423617,T,IBM,F I,11,298.94
2025-12-18,9:42:10.097609955,T,IBM,F I,1,298.94
2025-12-18,9:42:10.099164769,T,IBM,F I,1,299.0
2025-12-18,9:42:10.318807700,T,IBM,I,18,299.0
2025-12-18,9:42:10.318807700,T,IBM,I,22,298.94
2025-12-18,9:42:11.123129414,T,IBM,I,1,299.07
2025-12-18,9:42:11.123144417,T,IBM,I,12,299.07
2025-12-18,9:42:11.123144417,T,IBM,I,28,299.08
2025-12-18,9:42:11.123156410,T,IBM,I,12,299.08
2025-12-18,9:42:11.123436146,T,IBM,F,40,299.12
2025-12-18,9:42:11.389894454,T,IBM,F I,25,299.05
2025-12-18,9:42:11.389936526,T,IBM,F I,19,299.05
2025-12-18,9:42:16.442628100,T,IBM,F,116,299.19
2025-12-18,9:42:16.442628100,T,IBM,F I,4,299.19
2025-12-18,9:42:16.442679325,T,IBM,F I,20,299.23
2025-12-18,9:42:16.442682969,T,IBM,F I,7,299.23
2025-12-18,9:42:16.442682969,T,IBM,F I,20,299.23
2025-12-18,9:42:16.442727347,T,IBM,,100,299.19
2025-12-18,9:42:16.442763442,T,IBM,F,120,299.29
2025-12-18,9:42:16.443404092,T,IBM,F,40,299.34
2025-12-18,9:42:28.215586139,T,IBM,F I,25,299.03
2025-12-18,9:42:28.215634180,T,IBM,F I,15,299.03
2025-12-18,9:42:28.218503092,T,IBM,I,8,298.95
2025-12-18,9:42:28.218530086,T,IBM,F I,7,298.95
2025-12-18,9:42:28.221419945,T,IBM,,74,299.0
2025-12-18,9:42:28.221435110,T,IBM,F I,25,299.0
2025-12-18,9:42:28.724848466,T,IBM,I,9,299.17
2025-12-18,9:42:29.207599694,T,IBM,,100,299.21
2025-12-18,9:42:34.014077133,T,IBM,F I,6,298.94
2025-12-18,9:42:34.014104265,T,IBM,F I,6,298.85
2025-12-18,9:42:34.014489236,T,IBM,I,20,298.94
2025-12-18,9:42:34.014489236,T,IBM,I,8,298.94
2025-12-18,9:42:34.014573383,T,IBM,I,28,298.99
2025-12-18,9:42:40.934845952,T,IBM,F I,25,299.12
2025-12-18,9:42:40.934845952,T,IBM,F I,5,299.16
2025-12-18,9:42:41.497894434,T,IBM,,40,299.05
2025-12-18,9:42:41.497912419,T,IBM,,40,299.05
2025-12-18,9:42:46.052197420,T,IBM,I,18,299.05
2025-12-18,9:42:50.176991137,T,IBM,,51,298.75
2025-12-18,9:42:50.176991137,T,IBM,,100,298.75
2025-12-18,9:42:50.176994053,T,IBM,I,2,298.74
2025-12-18,9:42:50.177345972,T,IBM,,66,298.85
2025-12-18,9:42:50.994273732,T,IBM,I,25,298.88
2025-12-18,9:42:50.994273732,T,IBM,I,15,298.89
2025-12-18,9:42:50.994295710,T,IBM,F,42,298.91
2025-12-18,9:42:50.994487334,T,IBM,F,42,298.92
2025-12-18,9:42:50.995675119,T,IBM,F I,2,298.92
2025-12-18,9:42:53.325501536,T,IBM,,40,298.76
2025-12-18,9:42:53.325639871,T,IBM,F I,1,298.74
2025-12-18,9:42:53.325994662,T,IBM,,147,298.74
2025-12-18,9:42:53.326166037,T,IBM,I,18,298.76
2025-12-18,9:42:53.328153876,T,IBM,F I,4,298.74
2025-12-18,9:42:53.328159814,T,IBM,F,40,298.72
2025-12-18,9:42:53.328607944,T,IBM,I,6,298.8
2025-12-18,9:42:53.329765667,T,IBM,I,14,298.7
2025-12-18,9:42:53.329769617,T,IBM,I,18,298.72
2025-12-18,9:42:53.329769617,T,IBM,F I,1,298.66
2025-12-18,9:42:53.447063296,T,IBM,F I,6,298.62
2025-12-18,9:42:53.447063296,T,IBM,F,125,298.62
2025-12-18,9:42:53.452773554,T,IBM,I,25,298.51
2025-12-18,9:42:53.452773554,T,IBM,I,20,298.55
2025-12-18,9:42:53.452776561,T,IBM,I,2,298.56
2025-12-18,9:42:56.255689129,T,IBM,F I,1,298.61
2025-12-18,9:42:56.255689129,T,IBM,F I,7,298.61
2025-12-18,9:42:56.255743368,T,IBM,F I,25,298.63
2025-12-18,9:42:56.255776399,T,IBM,F I,25,298.63
2025-12-18,9:42:56.255809417,T,IBM,F I,25,298.63
2025-12-18,9:42:56.255827458,T,IBM,F I,1,298.63
2025-12-18,9:42:56.255851677,T,IBM,F I,24,298.63
2025-12-18,9:42:56.255851677,T,IBM,F I,1,298.64
2025-12-18,9:43:02.725555504,T,IBM,,120,298.7
2025-12-18,9:43:04.835877696,T,IBM,F I,1,298.54
2025-12-18,9:43:04.835877696,T,IBM,F I,2,298.54
2025-12-18,9:43:06.816930681,T,IBM,F I,20,298.47
2025-12-18,9:43:07.145264212,T,IBM,,100,298.475
2025-12-18,9:43:07.145264212,T,IBM,F I,8,298.475
2025-12-18,9:43:08.009672099,T,IBM,I,20,298.4
2025-12-18,9:43:08.009675079,T,IBM,,80,298.41
2025-12-18,9:43:16.512397076,T,IBM,F I,18,298.43
2025-12-18,9:43:16.512534590,T,IBM,I,18,298.44
2025-12-18,9:43:16.512537402,T,IBM,,62,298.45
2025-12-18,9:43:16.512564395,T,IBM,I,1,298.48
2025-12-18,9:43:20.415952930,T,IBM,I,20,298.47
2025-12-18,9:43:20.415952930,T,IBM,I,1,298.47
2025-12-18,9:43:20.695465413,T,IBM,I,17,298.47
2025-12-18,9:43:20.695468456,T,IBM,I,4,298.47
2025-12-18,9:43:20.695468456,T,IBM,I,13,298.48
2025-12-18,9:43:20.695471341,T,IBM,I,9,298.48
2025-12-18,9:43:20.695627822,T,IBM,F,45,298.49
2025-12-18,9:43:20.695693963,T,IBM,F I,35,298.49
2025-12-18,9:43:20.695696983,T,IBM,F,40,298.49
2025-12-18,9:43:20.695805184,T,IBM,F I,13,298.52
2025-12-18,9:43:20.695805184,T,IBM,F I,12,298.52
2025-12-18,9:43:22.707537397,T,IBM,I,30,298.58
2025-12-18,9:43:22.707595113,T,IBM,F I,9,298.6
2025-12-18,9:43:22.707624651,T,IBM,F I,12,298.61
2025-12-18,9:43:22.707886280,T,IBM,F I,1,298.63
2025-12-18,9:43:22.707889306,T,IBM,F,42,298.66
2025-12-18,9:43:22.707967377,T,IBM,F,78,298.66
2025-12-18,9:43:22.708271170,T,IBM,F I,5,298.7
2025-12-18,9:43:22.708292209,T,IBM,F I,2,298.7
2025-12-18,9:43:29.133411968,T,IBM,F I,15,298.67
2025-12-18,9:43:29.133411968,T,IBM,F I,6,298.67
2025-12-18,9:43:36.047817659,T,IBM,I,20,298.34
2025-12-18,9:43:36.047817659,T,IBM,I,1,298.32
2025-12-18,9:43:36.047820590,T,IBM,I,19,298.32
2025-12-18,9:43:36.047826728,T,IBM,F I,1,298.32
2025-12-18,9:43:36.047832574,T,IBM,F I,1,298.32
2025-12-18,9:44:05.718889120,T,IBM,F,40,298.24
2025-12-18,9:44:05.718892177,T,IBM,F I,1,298.24
2025-12-18,9:44:05.719439417,T,IBM,I,2,298.21
2025-12-18,9:44:05.719442463,T,IBM,I,18,298.21
2025-12-18,9:44:05.719484639,T,IBM,F I,9,298.21
2025-12-18,9:44:05.719487628,T,IBM,I,31,298.21
2025-12-18,9:44:05.719580860,T,IBM,F I,20,298.13
2025-12-18,9:44:05.719617283,T,IBM,I,7,298.13
2025-12-18,9:44:05.719628949,T,IBM,F I,13,298.13
2025-12-18,9:44:05.719665041,T,IBM,I,7,298.13
2025-12-18,9:44:05.719668082,T,IBM,F I,25,298.13
2025-12-18,9:44:05.719707101,T,IBM,I,25,298.13
2025-12-18,9:44:05.719716457,T,IBM,I,7,298.13
2025-12-18,9:44:05.719716457,T,IBM,I,7,298.13
2025-12-18,9:44:05.719728125,T,IBM,I,19,298.13
2025-12-18,9:44:05.719773315,T,IBM,F I,10,298.13
2025-12-18,9:44:05.720467890,T,IBM,F,40,298.1
2025-12-18,9:44:05.720486027,T,IBM,I,1,298.1
2025-12-18,9:44:05.742570544,T,IBM,F I,16,298.1
2025-12-18,9:44:05.742573569,T,IBM,F,83,298.1
2025-12-18,9:44:05.742573569,T,IBM,F I,22,298.1
2025-12-18,9:44:05.742591892,T,IBM,F,1318,298.1
2025-12-18,9:44:05.742591892,T,IBM,I,27,298.1
2025-12-18,9:44:05.742621692,T,IBM,I,2,298.19
2025-12-18,9:44:05.742735976,T,IBM,F I,4,298.04
2025-12-18,9:44:05.743048700,T,IBM,F I,23,298.0
2025-12-18,9:44:05.743048700,T,IBM,F I,17,298.0
2025-12-18,9:44:05.743051663,T,IBM,F I,1,298.0
2025-12-18,9:44:05.768675671,T,IBM,F I,25,298.03
2025-12-18,9:44:05.788107964,T,IBM,I,3,298.04
2025-12-18,9:44:09.710014485,T,IBM,I,1,298.15
2025-12-18,9:44:09.885746833,T,IBM,I,3,298.2
2025-12-18,9:44:09.936502413,T,IBM,I,4,298.18
2025-12-18,9:44:09.982090185,T,IBM,I,2,298.07
2025-12-18,9:44:09.986194989,T,IBM,I,10,298.18
2025-12-18,9:44:10.033849476,T,IBM,I,1,298.13
2025-12-18,9:44:10.083251038,T,IBM,I,2,298.2
2025-12-18,9:44:10.545550556,T,IBM,I,1,298.2
2025-12-18,9:44:11.640466216,T,IBM,I,1,298.2
2025-12-18,9:44:11.835720952,T,IBM,I,1,298.2
2025-12-18,9:44:11.885537553,T,IBM,I,12,298.21
2025-12-18,9:44:11.935203830,T,IBM,I,24,298.21
2025-12-18,9:44:16.444276248,T,IBM,I,2,298.13
2025-12-18,9:44:16.444276248,T,IBM,I,1,298.16
2025-12-18,9:44:16.465046632,T,IBM,F I,20,298.15
2025-12-18,9:44:16.606693651,T,IBM,I,2,298.28
2025-12-18,9:44:16.606693651,T,IBM,I,2,298.28
2025-12-18,9:44:16.606693651,T,IBM,I,10,298.29
2025-12-18,9:44:16.606695909,T,IBM,I,7,298.31
2025-12-18,9:44:16.612532748,T,IBM,I,20,298.15
2025-12-18,9:44:16.612538751,T,IBM,,60,298.06
2025-12-18,9:44:16.652371586,T,IBM,I,2,298.25
2025-12-18,9:44:16.697707510,T,IBM,I,27,298.28
2025-12-18,9:44:16.744541012,T,IBM,I,2,298.31
2025-12-18,9:44:16.791191135,T,IBM,I,2,298.31
2025-12-18,9:44:17.867693796,T,IBM,I,1,298.29
2025-12-18,9:44:18.345263749,T,IBM,I,1,298.28
2025-12-18,9:44:18.725425726,T,IBM,I,2,298.21
2025-12-18,9:44:27.065913356,T,IBM,F I,25,298.25
2025-12-18,9:44:27.065958451,T,IBM,F I,15,298.25
2025-12-18,9:44:36.993705763,T,IBM,F,80,298.22
2025-12-18,9:44:36.993952366,T,IBM,F,80,298.28
2025-12-18,9:44:36.993955444,T,IBM,F,70,298.28
2025-12-18,9:44:36.993958838,T,IBM,F I,10,298.29
2025-12-18,9:44:36.993958838,T,IBM,,44,298.32
2025-12-18,9:44:36.993961364,T,IBM,I,20,298.33
2025-12-18,9:44:36.993961364,T,IBM,I,16,298.33
2025-12-18,9:44:36.993976314,T,IBM,I,1,298.33
2025-12-18,9:44:36.994030538,T,IBM,F I,15,298.31
2025-12-18,9:44:36.994033710,T,IBM,F I,3,298.33
2025-12-18,9:44:36.994037103,T,IBM,F I,25,298.33
2025-12-18,9:44:36.994039496,T,IBM,F I,15,298.33
2025-12-18,9:44:36.994042587,T,IBM,F,40,298.34
2025-12-18,9:44:36.994042587,T,IBM,F I,8,298.34
2025-12-18,9:44:36.994268028,T,IBM,F I,12,298.36
2025-12-18,9:44:36.994625872,T,IBM,F,85,298.45
2025-12-18,9:44:36.994659108,T,IBM,I,35,298.45
2025-12-18,9:44:36.995389712,T,IBM,F I,20,298.53
2025-12-18,9:44:36.997383494,T,IBM,I,6,298.53
2025-12-18,9:44:38.236381038,T,IBM,,40,298.335
2025-12-18,9:44:47.511686099,T,IBM,F I,5,298.3
2025-12-18,9:44:54.756969515,T,IBM,I,1,298.435
2025-12-18,9:44:56.033806161,T,IBM,,94,298.41
2025-12-18,9:44:56.034889355,T,IBM,,94,298.31
2025-12-18,9:44:56.035538339,T,IBM,F,94,298.31
2025-12-18,9:44:57.415622802,T,IBM,I,2,298.13
2025-12-18,9:44:57.415626064,T,IBM,,44,298.13
2025-12-18,9:44:57.415628747,T,IBM,,40,298.11
2025-12-18,9:44:57.415628747,T,IBM,I,34,298.11
2025-12-18,9:44:57.415640835,T,IBM,I,1,298.11
2025-12-18,9:44:57.415655784,T,IBM,F I,3,298.11
2025-12-18,9:44:57.415664881,T,IBM,F I,2,298.11
2025-12-18,9:44:57.415926497,T,IBM,F,62,298.12
2025-12-18,9:44:57.415938566,T,IBM,F I,20,298.12
2025-12-18,9:44:57.415962606,T,IBM,F I,12,298.12
2025-12-18,9:45:01.422502699,T,IBM,F I,1,298.27
2025-12-18,9:45:01.422502699,T,IBM,F I,1,298.27
2025-12-18,9:45:01.422505646,T,IBM,F I,1,298.27
2025-12-18,9:45:01.422610951,T,IBM,F I,1,298.28
2025-12-18,9:45:02.106664581,T,IBM,F I,13,298.28
2025-12-18,9:45:02.385939381,T,IBM,F,94,298.21
2025-12-18,9:45:02.385942458,T,IBM,F I,10,298.21
2025-12-18,9:45:02.386534779,T,IBM,I,10,298.19
2025-12-18,9:45:04.282636510,T,IBM,F I,2,298.01
2025-12-18,9:45:04.282636510,T,IBM,F I,2,298.01
2025-12-18,9:45:04.282638696,T,IBM,F I,28,297.99
2025-12-18,9:45:04.282641616,T,IBM,F I,4,297.99
2025-12-18,9:45:04.282653664,T,IBM,I,1,297.99
2025-12-18,9:45:04.282698812,T,IBM,I,5,297.99
2025-12-18,9:45:07.260859641,T,IBM,I,2,298.04
2025-12-18,9:45:07.260859641,T,IBM,I,2,298.07
2025-12-18,9:45:07.260862719,T,IBM,,71,298.09
2025-12-18,9:45:11.063499366,T,IBM,F I,10,297.9
2025-12-18,9:45:11.063502354,T,IBM,F I,2,297.85
2025-12-18,9:45:11.064341293,T,IBM,F I,10,297.81
2025-12-18,9:45:11.068485179,T,IBM,,57,297.85
2025-12-18,9:45:12.129338536,T,IBM,I,2,297.95
2025-12-18,9:45:12.375255133,T,IBM,I,12,298.05
2025-12-18,9:45:12.375258135,T,IBM,I,8,298.05
2025-12-18,9:45:12.629128863,T,IBM,F I,14,298.2
2025-12-18,9:45:12.629128863,T,IBM,F I,6,298.2
2025-12-18,9:45:17.358724814,T,IBM,F I,18,298.0
2025-12-18,9:45:17.358727784,T,IBM,F I,3,297.88
2025-12-18,9:45:20.703903307,T,IBM,I,18,297.95
2025-12-18,9:45:20.703903307,T,IBM,I,18,298.0
2025-12-18,9:45:20.704183054,T,IBM,F I,8,298.0
2025-12-18,9:45:21.308468540,T,IBM,I,3,298.0
2025-12-18,9:45:21.319796615,T,IBM,I,15,298.0
2025-12-18,9:45:24.147960361,T,IBM,F I,10,297.86
2025-12-18,9:45:24.147963376,T,IBM,F I,2,297.86
2025-12-18,9:45:25.527957504,T,IBM,F I,20,297.92
2025-12-18,9:45:25.527957504,T,IBM,F I,2,297.92
2025-12-18,9:45:27.704178635,T,IBM,I,2,297.83
2025-12-18,9:45:27.704178635,T,IBM,I,18,297.82
2025-12-18,9:45:27.704184298,T,IBM,,40,297.81
2025-12-18,9:45:27.704187255,T,IBM,I,20,297.8
2025-12-18,9:45:27.942297108,T,IBM,,50,297.77
2025-12-18,9:45:27.942312227,T,IBM,F,40,297.74
2025-12-18,9:45:28.521701421,T,IBM,F I,15,297.7
2025-12-18,9:45:28.521701421,T,IBM,F I,6,297.7
2025-12-18,9:45:33.069527709,T,IBM,F I,2,297.74
2025-12-18,9:45:33.069530045,T,IBM,F I,2,297.74
2025-12-18,9:45:33.471521211,T,IBM,F I,2,297.71
2025-12-18,9:45:33.471530485,T,IBM,F I,2,297.71
2025-12-18,9:45:33.471530485,T,IBM,F I,20,297.68
2025-12-18,9:45:33.471533100,T,IBM,F I,6,297.62
2025-12-18,9:45:35.240271777,T,IBM,,40,297.63
2025-12-18,9:45:35.240271777,T,IBM,I,5,297.63
2025-12-18,9:45:35.240274779,T,IBM,I,10,297.63
2025-12-18,9:45:35.240798015,T,IBM,F,40,297.6
2025-12-18,9:45:41.223907520,T,IBM,I,1,297.5
2025-12-18,9:45:41.223910669,T,IBM,,40,297.5
2025-12-18,9:45:41.223910669,T,IBM,I,18,297.5
2025-12-18,9:45:41.934574429,T,IBM,F I,1,297.45
2025-12-18,9:45:41.935062122,T,IBM,I,12,297.42
2025-12-18,9:45:41.935064582,T,IBM,I,2,297.41
2025-12-18,9:45:41.935067587,T,IBM,,66,297.395
2025-12-18,9:45:43.228296259,T,IBM,I,8,297.43
2025-12-18,9:45:47.231155561,T,IBM,I,18,297.38
2025-12-18,9:45:47.231155561,T,IBM,I,15,297.39
2025-12-18,9:45:47.231397168,T,IBM,F I,15,297.34
2025-12-18,9:45:47.231511045,T,IBM,F I,8,297.3
2025-12-18,9:45:47.231519332,T,IBM,,40,297.38
2025-12-18,9:45:47.231544166,T,IBM,F I,10,297.3
2025-12-18,9:45:47.231699936,T,IBM,I,10,297.39
2025-12-18,9:45:47.231699936,T,IBM,I,5,297.39
2025-12-18,9:45:47.231705993,T,IBM,I,10,297.39
2025-12-18,9:45:47.231705993,T,IBM,I,8,297.39
2025-12-18,9:45:47.231705993,T,IBM,I,8,297.39
2025-12-18,9:45:48.618520248,T,IBM,F I,10,297.3
2025-12-18,9:45:48.618658619,T,IBM,F I,1,297.3
2025-12-18,9:45:48.618679640,T,IBM,F I,10,297.3
2025-12-18,9:45:48.619019918,T,IBM,I,1,297.35
2025-12-18,9:45:48.619022650,T,IBM,I,20,297.35
2025-12-18,9:45:48.619025471,T,IBM,,150,297.35
2025-12-18,9:45:48.619028434,T,IBM,I,1,297.3
2025-12-18,9:45:48.619046451,T,IBM,F I,1,297.3
2025-12-18,9:45:48.619085541,T,IBM,F I,1,297.3
2025-12-18,9:45:48.619332156,T,IBM,F I,1,297.3
2025-12-18,9:45:48.706079632,T,IBM,I,15,297.38
2025-12-18,9:45:48.706552189,T,IBM,I,15,297.43
2025-12-18,9:45:48.706554858,T,IBM,I,5,297.43
2025-12-18,9:45:48.706554858,T,IBM,I,20,297.44
2025-12-18,9:45:48.706575875,T,IBM,F I,20,297.44
2025-12-18,9:45:48.706575875,T,IBM,F I,1,297.44
2025-12-18,9:45:49.951557654,T,IBM,I,10,297.52
2025-12-18,9:45:53.970814983,T,IBM,F I,10,297.52
2025-12-18,9:45:53.970824036,T,IBM,I,10,297.52
2025-12-18,9:45:53.970833054,T,IBM,I,10,297.52
2025-12-18,9:45:53.970836088,T,IBM,F I,10,297.52
2025-12-18,9:45:53.970839042,T,IBM,I,10,297.52
2025-12-18,9:45:53.970848187,T,IBM,F I,10,297.52
2025-12-18,9:45:53.970848187,T,IBM,F I,10,297.52
2025-12-18,9:45:53.970851116,T,IBM,I,10,297.52
2025-12-18,9:45:53.970872102,T,IBM,I,20,297.52
2025-12-18,9:45:53.970875087,T,IBM,I,10,297.53
2025-12-18,9:45:53.971257311,T,IBM,F I,8,297.57
2025-12-18,9:45:53.971272847,T,IBM,F I,8,297.57
2025-12-18,9:45:53.971272847,T,IBM,F I,4,297.57
2025-12-18,9:45:53.971275137,T,IBM,F I,4,297.58
2025-12-18,9:45:53.971281041,T,IBM,F I,4,297.58
2025-12-18,9:45:54.186497437,T,IBM,I,4,297.51
2025-12-18,9:45:54.186566685,T,IBM,,80,297.51
2025-12-18,9:45:55.742531177,T,IBM,,80,297.655
2025-12-18,9:45:56.331849642,T,IBM,F I,2,297.76
2025-12-18,9:45:56.331852688,T,IBM,F I,3,297.76
2025-12-18,9:45:56.331852688,T,IBM,F I,20,297.77
2025-12-18,9:45:58.853042710,T,IBM,,40,297.97
2025-12-18,9:45:59.062918261,T,IBM,I,19,298.12
2025-12-18,9:46:01.447270551,T,IBM,F I,18,298.13
2025-12-18,9:46:01.447270551,T,IBM,F I,2,298.13
2025-12-18,9:46:01.447291794,T,IBM,F I,10,298.12
2025-12-18,9:46:06.632231853,T,IBM,F I,2,298.13
2025-12-18,9:46:11.948498015,T,IBM,F,40,298.32
2025-12-18,9:46:11.948846766,T,IBM,,55,298.28
2025-12-18,9:46:11.948861857,T,IBM,F,40,298.3
2025-12-18,9:46:11.949279897,T,IBM,F,40,298.3
2025-12-18,9:46:11.950572951,T,IBM,I,10,298.27
2025-12-18,9:46:11.950572951,T,IBM,I,10,298.25
2025-12-18,9:46:11.954849066,T,IBM,F I,20,298.24
2025-12-18,9:46:11.955742256,T,IBM,F I,20,298.24
2025-12-18,9:46:11.955763272,T,IBM,I,1,298.24
2025-12-18,9:46:16.231943228,T,IBM,I,4,298.22
2025-12-18,9:46:19.753964133,T,IBM,I,30,298.24
2025-12-18,9:46:21.293394693,T,IBM,F I,7,298.07
2025-12-18,9:46:21.293418697,T,IBM,F I,13,298.07
2025-12-18,9:46:21.293421771,T,IBM,F I,23,298.07
2025-12-18,9:46:27.266721932,T,IBM,I,7,297.88
2025-12-18,9:46:30.483028735,T,IBM,I,2,297.92
2025-12-18,9:46:30.483031680,T,IBM,I,20,297.92
2025-12-18,9:46:30.483031680,T,IBM,I,2,297.92
2025-12-18,9:46:30.483034692,T,IBM,I,8,297.95
2025-12-18,9:46:37.533583411,T,IBM,I,20,298.11
2025-12-18,9:46:37.533586390,T,IBM,I,20,298.12
2025-12-18,9:46:37.533604470,T,IBM,I,1,298.12
2025-12-18,9:46:37.533622501,T,IBM,F I,19,298.12
2025-12-18,9:46:42.504612488,T,IBM,,40,297.98
2025-12-18,9:46:42.712527497,T,IBM,,40,297.98
2025-12-18,9:46:46.179652442,T,IBM,F I,1,298.15
2025-12-18,9:46:46.179829831,T,IBM,I,15,298.1
2025-12-18,9:47:00.364493073,T,IBM,F I,8,298.15
2025-12-18,9:47:00.364495930,T,IBM,I,8,298.15
2025-12-18,9:47:03.097895101,T,IBM,F,40,298.22
2025-12-18,9:47:03.097904236,T,IBM,F I,20,298.22
2025-12-18,9:47:03.097916267,T,IBM,F I,10,298.22
2025-12-18,9:47:03.097919213,T,IBM,F I,19,298.22
2025-12-18,9:47:03.097928242,T,IBM,F I,25,298.22
2025-12-18,9:47:03.099383617,T,IBM,I,1,298.21
2025-12-18,9:47:03.100442238,T,IBM,I,8,298.205
2025-12-18,9:47:03.200276824,T,IBM,I,18,298.15
2025-12-18,9:47:07.160495004,T,IBM,F I,3,298.12
2025-12-18,9:47:07.160495004,T,IBM,F I,3,298.12
2025-12-18,9:47:07.161044993,T,IBM,,146,298.17
2025-12-18,9:47:07.161048023,T,IBM,I,15,298.165
2025-12-18,9:47:07.161048023,T,IBM,I,39,298.165
2025-12-18,9:47:15.736112155,T,IBM,F I,29,298.37
2025-12-18,9:47:21.552233884,T,IBM,F,40,298.45
2025-12-18,9:47:21.552354097,T,IBM,F I,20,298.46
2025-12-18,9:47:21.553650215,T,IBM,I,20,298.49
2025-12-18,9:47:21.553656263,T,IBM,F I,2,298.52
2025-12-18,9:47:21.553698373,T,IBM,F I,18,298.52
2025-12-18,9:47:21.554134444,T,IBM,F I,10,298.5
2025-12-18,9:47:21.630804975,T,IBM,I,2,298.49
2025-12-18,9:47:21.630826092,T,IBM,F I,25,298.475
2025-12-18,9:47:21.630868041,T,IBM,F I,13,298.475
2025-12-18,9:47:24.311470608,T,IBM,F I,10,298.34
2025-12-18,9:47:24.311470608,T,IBM,F I,22,298.34
2025-12-18,9:47:24.311473628,T,IBM,F I,32,298.34
2025-12-18,9:47:24.313112415,T,IBM,I,2,298.28
2025-12-18,9:47:26.454931333,T,IBM,,80,298.14
2025-12-18,9:47:26.454994411,T,IBM,F I,20,298.13
2025-12-18,9:47:26.455021886,T,IBM,I,3,298.13
2025-12-18,9:47:26.455021886,T,IBM,I,11,298.13
2025-12-18,9:47:26.455021886,T,IBM,I,1,298.13
2025-12-18,9:47:26.455036533,T,IBM,F I,16,298.13
2025-12-18,9:47:32.466019374,T,IBM,,40,298.11
2025-12-18,9:47:32.466085477,T,IBM,F I,25,298.11
2025-12-18,9:47:32.957307940,T,IBM,I,15,298.11
2025-12-18,9:47:32.957307940,T,IBM,I,25,298.11
2025-12-18,9:47:32.959764836,T,IBM,,40,298.11
2025-12-18,9:47:33.004766831,T,IBM,,100,298.11
2025-12-18,9:47:33.004766831,T,IBM,,100,298.11
2025-12-18,9:47:33.085079081,T,IBM,,40,298.11
2025-12-18,9:47:39.614583257,T,IBM,I,3,298.24
2025-12-18,9:47:39.623971601,T,IBM,F I,25,298.235
2025-12-18,9:47:42.832327371,T,IBM,F I,18,298.18
2025-12-18,9:47:43.000653154,T,IBM,I,10,298.12
2025-12-18,9:47:57.233355719,T,IBM,,50,298.12
2025-12-18,9:47:58.359163753,T,IBM,,40,298.12
2025-12-18,9:47:59.519915155,T,IBM,,150,298.125
2025-12-18,9:47:59.533844288,T,IBM,,75,298.125
2025-12-18,9:47:59.615188031,T,IBM,,40,298.13
2025-12-18,9:47:59.617010260,T,IBM,F I,1,298.24
2025-12-18,9:47:59.617014176,T,IBM,F I,1,298.24
2025-12-18,9:47:59.617019305,T,IBM,F I,2,298.24
2025-12-18,9:47:59.617040354,T,IBM,F I,2,298.25
2025-12-18,9:47:59.617286977,T,IBM,,80,298.25
2025-12-18,9:48:02.197263765,T,IBM,F I,30,298.12
2025-12-18,9:48:02.197267020,T,IBM,F,50,298.12
2025-12-18,9:48:02.197267020,T,IBM,F I,6,298.12
2025-12-18,9:48:02.197285112,T,IBM,F I,1,298.12
2025-12-18,9:48:06.175040684,T,IBM,F I,20,298.18
2025-12-18,9:48:06.175040684,T,IBM,F I,1,298.18
2025-12-18,9:48:11.584344716,T,IBM,I,2,298.09
2025-12-18,9:48:11.584387365,T,IBM,I,2,298.07
2025-12-18,9:48:11.584389928,T,IBM,I,1,298.06
2025-12-18,9:48:11.584389928,T,IBM,I,8,298.06
2025-12-18,9:48:11.584407868,T,IBM,F I,2,298.06
2025-12-18,9:48:11.661848321,T,IBM,I,2,298.0
2025-12-18,9:48:11.685707094,T,IBM,F I,20,297.94
2025-12-18,9:48:12.061830526,T,IBM,I,2,297.945
2025-12-18,9:48:14.473740390,T,IBM,F I,2,297.95
2025-12-18,9:48:18.408033335,T,IBM,I,3,297.94
2025-12-18,9:48:18.408051319,T,IBM,I,1,297.94
2025-12-18,9:48:18.408268127,T,IBM,F I,2,297.93
2025-12-18,9:48:18.408273902,T,IBM,F I,1,297.92
2025-12-18,9:48:18.408667847,T,IBM,I,6,297.91
2025-12-18,9:48:18.408866269,T,IBM,I,6,297.91
2025-12-18,9:48:18.409431610,T,IBM,I,12,297.86
2025-12-18,9:48:18.410460163,T,IBM,,100,297.87
2025-12-18,9:48:18.667382829,T,IBM,F I,15,297.83
2025-12-18,9:48:18.667424899,T,IBM,,40,297.81
2025-12-18,9:48:18.667424899,T,IBM,I,17,297.81
2025-12-18,9:48:18.668859304,T,IBM,I,25,297.66
2025-12-18,9:48:18.668859304,T,IBM,I,7,297.65
2025-12-18,9:48:18.668985552,T,IBM,I,8,297.63
2025-12-18,9:48:20.021238970,T,IBM,F I,25,297.7
2025-12-18,9:48:20.021259872,T,IBM,F I,15,297.7
2025-12-18,9:48:20.021259872,T,IBM,F I,4,297.71
2025-12-18,9:48:20.427503033,T,IBM,I,1,297.76
2025-12-18,9:48:22.231293570,T,IBM,F I,18,297.77
2025-12-18,9:48:22.231296072,T,IBM,F I,28,297.77
2025-12-18,9:48:22.231314088,T,IBM,I,1,297.77
2025-12-18,9:48:22.231317143,T,IBM,I,8,297.77
2025-12-18,9:48:22.231368932,T,IBM,I,20,297.8
2025-12-18,9:48:22.231371211,T,IBM,I,2,297.89
2025-12-18,9:48:22.231374259,T,IBM,I,18,297.9
2025-12-18,9:48:27.948512617,T,IBM,F I,1,297.7
2025-12-18,9:48:28.530313678,T,IBM,F,40,297.64
2025-12-18,9:48:32.528857620,T,IBM,F I,20,297.75
2025-12-18,9:48:34.960001351,T,IBM,F I,20,297.825
2025-12-18,9:48:34.960543079,T,IBM,F I,20,297.825
2025-12-18,9:48:40.377873527,T,IBM,F I,20,298.0
2025-12-18,9:48:40.377876706,T,IBM,F I,2,298.01
2025-12-18,9:48:40.377879301,T,IBM,F,150,298.02
2025-12-18,9:48:40.377882282,T,IBM,F I,28,298.03
2025-12-18,9:48:40.377894321,T,IBM,I,1,298.03
2025-12-18,9:48:40.377909259,T,IBM,F I,11,298.03
2025-12-18,9:48:40.377930424,T,IBM,I,15,298.03
2025-12-18,9:48:45.033740797,T,IBM,F,44,297.91
2025-12-18,9:48:45.033740797,T,IBM,F I,32,297.9
2025-12-18,9:48:45.033746455,T,IBM,F I,10,297.9
2025-12-18,9:48:45.033746455,T,IBM,F I,36,297.9
2025-12-18,9:48:45.033746455,T,IBM,F,44,297.9
2025-12-18,9:48:47.323147258,T,IBM,,40,297.89
2025-12-18,9:48:47.384646550,T,IBM,F I,2,297.95
2025-12-18,9:48:50.099867505,T,IBM,F,40,298.01
2025-12-18,9:48:50.176910993,T,IBM,F I,29,298.11
2025-12-18,9:48:50.176913857,T,IBM,F I,11,298.11
2025-12-18,9:48:50.207277165,T,IBM,I,12,298.01
2025-12-18,9:48:50.207298246,T,IBM,F I,25,298.01
2025-12-18,9:48:51.895315718,T,IBM,I,25,297.995
2025-12-18,9:48:52.160736605,T,IBM,F I,25,297.995
2025-12-18,9:48:52.160784793,T,IBM,I,25,297.995
2025-12-18,9:48:52.160820773,T,IBM,I,25,297.995
2025-12-18,9:48:52.160853820,T,IBM,F I,25,297.995
2025-12-18,9:48:56.534321364,T,IBM,F I,1,297.79
2025-12-18,9:48:56.534324416,T,IBM,F,49,297.79
2025-12-18,9:48:56.534328384,T,IBM,F,40,297.79
2025-12-18,9:48:56.534760888,T,IBM,F I,20,297.73
2025-12-18,9:48:56.724082187,T,IBM,F I,1,297.57
2025-12-18,9:48:57.100265620,T,IBM,I,25,297.62
2025-12-18,9:49:00.800446228,T,IBM,F,100,297.5
2025-12-18,9:49:00.800446228,T,IBM,F,200,297.5
2025-12-18,9:49:02.069174805,T,IBM,F I,25,297.5
2025-12-18,9:49:05.596974969,T,IBM,F I,2,297.46
2025-12-18,9:49:05.597008077,T,IBM,F I,2,297.46
2025-12-18,9:49:05.597035103,T,IBM,F I,2,297.45
2025-12-18,9:49:05.597714782,T,IBM,F,52,297.39
2025-12-18,9:49:07.726572721,T,IBM,I,2,297.44
2025-12-18,9:49:07.726572721,T,IBM,I,1,297.45
2025-12-18,9:49:07.726605809,T,IBM,I,2,297.45
2025-12-18,9:49:07.726789256,T,IBM,F I,25,297.46
2025-12-18,9:49:07.726840395,T,IBM,F I,15,297.46
2025-12-18,9:49:07.726840395,T,IBM,F I,5,297.46
2025-12-18,9:49:07.732872706,T,IBM,,100,297.46
2025-12-18,9:49:07.732896972,T,IBM,F I,19,297.46
2025-12-18,9:49:07.735332603,T,IBM,,64,297.46
2025-12-18,9:49:10.200180487,T,IBM,I,20,297.45
2025-12-18,9:49:10.231716598,T,IBM,I,2,297.56
2025-12-18,9:49:10.231719511,T,IBM,I,8,297.59
2025-12-18,9:49:11.529377847,T,IBM,,40,297.46
2025-12-18,9:49:12.043965854,T,IBM,F I,2,297.56
2025-12-18,9:49:21.369512118,T,IBM,F I,7,297.59
2025-12-18,9:49:21.369512118,T,IBM,F I,8,297.59
2025-12-18,9:49:21.369514448,T,IBM,F I,8,297.59
2025-12-18,9:49:21.369517227,T,IBM,F I,2,297.59
2025-12-18,9:49:21.369535271,T,IBM,F I,10,297.59
2025-12-18,9:49:21.369589382,T,IBM,F,50,297.59
2025-12-18,9:49:21.369923183,T,IBM,F I,10,297.59
2025-12-18,9:49:21.369986294,T,IBM,F I,10,297.6
2025-12-18,9:49:21.375961586,T,IBM,F I,25,297.54
2025-12-18,9:49:21.375976535,T,IBM,F I,15,297.54
2025-12-18,9:49:21.375976535,T,IBM,F I,16,297.53
2025-12-18,9:49:21.376012638,T,IBM,F I,28,297.53
2025-12-18,9:49:21.376364496,T,IBM,F I,4,297.47
2025-12-18,9:49:21.376376455,T,IBM,F I,10,297.46
2025-12-18,9:49:21.518266329,T,IBM,I,1,297.425
2025-12-18,9:49:23.664514709,T,IBM,I,13,297.43
2025-12-18,9:49:23.665921977,T,IBM,I,27,297.43
2025-12-18,9:49:23.667263221,T,IBM,,56,297.43
2025-12-18,9:49:24.528621798,T,IBM,,40,297.425
2025-12-18,9:49:29.018508325,T,IBM,F I,25,297.43
2025-12-18,9:49:30.274297911,T,IBM,F I,39,297.46
2025-12-18,9:49:30.288085699,T,IBM,,40,297.55
2025-12-18,9:49:30.316639689,T,IBM,F I,11,297.55
2025-12-18,9:49:30.801170189,T,IBM,F I,3,297.46
2025-12-18,9:49:31.904992975,T,IBM,F,80,297.33
2025-12-18,9:49:31.905155508,T,IBM,F I,1,297.3
2025-12-18,9:49:31.905952204,T,IBM,I,7,297.29
2025-12-18,9:49:31.906243887,T,IBM,,40,297.27
2025-12-18,9:49:31.924479444,T,IBM,F I,2,297.35
2025-12-18,9:49:31.924482387,T,IBM,F I,2,297.35
2025-12-18,9:49:32.821641122,T,IBM,F I,25,297.285
2025-12-18,9:49:35.610820169,T,IBM,I,1,297.17
2025-12-18,9:49:35.611202180,T,IBM,I,10,297.14
2025-12-18,9:49:35.611202180,T,IBM,I,1,297.14
2025-12-18,9:49:35.612041175,T,IBM,I,20,297.14
2025-12-18,9:49:35.612044001,T,IBM,I,12,297.17
2025-12-18,9:49:35.629139955,T,IBM,I,15,297.075
2025-12-18,9:49:35.629139955,T,IBM,I,17,297.075
2025-12-18,9:49:35.629166755,T,IBM,F I,8,297.075
2025-12-18,9:49:35.629780207,T,IBM,F I,6,297.09
2025-12-18,9:49:35.754772714,T,IBM,I,7,297.06
2025-12-18,9:49:36.280848124,T,IBM,I,25,297.175
2025-12-18,9:49:36.280887183,T,IBM,F I,15,297.175
2025-12-18,9:49:36.280890226,T,IBM,F I,10,297.175
2025-12-18,9:49:36.928256352,T,IBM,F I,23,297.29
2025-12-18,9:49:36.928283749,T,IBM,F,40,297.3
2025-12-18,9:49:36.928286436,T,IBM,F,40,297.3
2025-12-18,9:49:36.928289479,T,IBM,F I,6,297.3
2025-12-18,9:49:36.949059852,T,IBM,I,2,297.23
2025-12-18,9:49:36.949059852,T,IBM,I,2,297.23
2025-12-18,9:49:36.949062918,T,IBM,,76,297.22
2025-12-18,9:49:38.073574890,T,IBM,,80,297.18
2025-12-18,9:49:38.097172060,T,IBM,,40,297.17
2025-12-18,9:49:38.097176204,T,IBM,,91,297.17
2025-12-18,9:49:38.097229203,T,IBM,F,100,297.17
2025-12-18,9:49:38.097686276,T,IBM,,44,297.09
2025-12-18,9:49:38.097689305,T,IBM,I,36,297.08
2025-12-18,9:49:38.097875767,T,IBM,I,4,297.08
2025-12-18,9:49:38.097878836,T,IBM,I,3,297.08
2025-12-18,9:49:38.570270304,T,IBM,,40,297.12
2025-12-18,9:49:39.186070265,T,IBM,I,1,297.07
2025-12-18,9:49:39.187023587,T,IBM,F I,2,297.02
2025-12-18,9:49:39.187156406,T,IBM,F,80,297.0
2025-12-18,9:49:39.187158899,T,IBM,I,20,297.05
2025-12-18,9:49:39.187173915,T,IBM,I,1,297.0
2025-12-18,9:49:39.187180270,T,IBM,F I,19,297.0
2025-12-18,9:49:39.187180270,T,IBM,F I,1,297.0
2025-12-18,9:49:39.187182937,T,IBM,F I,39,297.0
2025-12-18,9:49:39.187399493,T,IBM,,80,297.05
2025-12-18,9:49:39.187414548,T,IBM,I,1,297.025
2025-12-18,9:49:39.187426790,T,IBM,I,20,297.025
2025-12-18,9:49:39.205583962,T,IBM,F,63,296.97
2025-12-18,9:49:39.205586760,T,IBM,F,80,296.97
2025-12-18,9:49:39.899407484,T,IBM,F I,19,296.945
2025-12-18,9:49:39.899410569,T,IBM,F I,6,296.945
2025-12-18,9:49:40.030880536,T,IBM,F I,6,296.88
2025-12-18,9:49:40.289829963,T,IBM,I,2,296.93
2025-12-18,9:49:40.289833014,T,IBM,,76,296.94
2025-12-18,9:49:40.543207165,T,IBM,I,2,296.87
2025-12-18,9:49:40.543210168,T,IBM,,40,296.85
2025-12-18,9:49:41.412480562,T,IBM,F I,30,296.84
2025-12-18,9:49:41.412511245,T,IBM,F,46,296.82
2025-12-18,9:49:41.412600865,T,IBM,F I,20,296.82
2025-12-18,9:49:41.412654951,T,IBM,,40,296.88
2025-12-18,9:49:41.412742159,T,IBM,F,54,296.82
2025-12-18,9:49:41.412745181,T,IBM,F I,10,296.82
2025-12-18,9:49:43.072597568,T,IBM,F I,18,296.84
2025-12-18,9:49:46.374581398,T,IBM,I,15,296.74
2025-12-18,9:49:46.976912469,T,IBM,,40,296.71
2025-12-18,9:49:46.977039307,T,IBM,I,12,296.75
2025-12-18,9:49:46.977059850,T,IBM,I,28,296.75
2025-12-18,9:49:48.515867859,T,IBM,F I,25,296.69
2025-12-18,9:49:49.165489407,T,IBM,I,1,296.57
2025-12-18,9:49:49.165492524,T,IBM,,61,296.56
2025-12-18,9:49:49.165495426,T,IBM,I,32,296.56
2025-12-18,9:49:49.165600952,T,IBM,I,20,296.65
2025-12-18,9:49:49.165604275,T,IBM,I,15,296.665
2025-12-18,9:49:49.165604275,T,IBM,I,5,296.665
2025-12-18,9:49:49.179292211,T,IBM,,40,296.51
2025-12-18,9:49:49.179295226,T,IBM,,54,296.5
2025-12-18,9:49:49.179313272,T,IBM,I,1,296.5
2025-12-18,9:49:49.339218953,T,IBM,I,20,296.6
2025-12-18,9:49:49.339221961,T,IBM,I,20,296.6
2025-12-18,9:49:49.339685018,T,IBM,I,5,296.64
2025-12-18,9:49:49.339688064,T,IBM,I,3,296.66
2025-12-18,9:49:49.339706450,T,IBM,F I,5,296.66
2025-12-18,9:49:49.339835431,T,IBM,F I,13,296.69
2025-12-18,9:49:49.339838387,T,IBM,F I,7,296.69
2025-12-18,9:49:49.339871508,T,IBM,F I,3,296.69
2025-12-18,9:49:49.339871508,T,IBM,F,77,296.7
2025-12-18,9:49:49.339889602,T,IBM,F I,3,296.7
2025-12-18,9:49:49.339889602,T,IBM,F I,1,296.7
2025-12-18,9:49:49.339893079,T,IBM,F I,13,296.7
2025-12-18,9:49:49.339895645,T,IBM,F I,4,296.7
2025-12-18,9:49:49.339898599,T,IBM,F I,4,296.7
2025-12-18,9:49:49.339898599,T,IBM,F I,3,296.7
2025-12-18,9:49:49.339994789,T,IBM,F I,15,296.68
2025-12-18,9:49:50.943565401,T,IBM,F I,25,296.69
2025-12-18,9:49:50.943611082,T,IBM,F I,15,296.69
2025-12-18,9:49:50.943613545,T,IBM,F I,10,296.69
2025-12-18,9:49:50.943652670,T,IBM,F I,25,296.69
2025-12-18,9:49:50.943703688,T,IBM,F I,5,296.69
2025-12-18,9:49:51.220085651,T,IBM,F I,25,296.69
2025-12-18,9:49:51.220124663,T,IBM,F I,15,296.69
2025-12-18,9:49:51.220124663,T,IBM,F I,10,296.69
2025-12-18,9:49:51.220163853,T,IBM,F I,25,296.69
2025-12-18,9:49:51.220211976,T,IBM,F I,5,296.69
2025-12-18,9:49:51.513566287,T,IBM,I,34,296.7
2025-12-18,9:49:51.513581474,T,IBM,I,34,296.7
2025-12-18,9:49:51.513584303,T,IBM,I,1,296.7
2025-12-18,9:49:51.513593353,T,IBM,F I,25,296.7
2025-12-18,9:49:51.513599340,T,IBM,F I,11,296.7
2025-12-18,9:49:51.513674456,T,IBM,,40,296.68
2025-12-18,9:49:51.513692553,T,IBM,F I,25,296.68
2025-12-18,9:49:51.513740682,T,IBM,F I,25,296.68
2025-12-18,9:49:51.513788841,T,IBM,F I,10,296.68
2025-12-18,9:49:54.010663223,T,IBM,F,80,296.57
2025-12-18,9:49:54.010663223,T,IBM,F I,17,296.56
2025-12-18,9:49:54.010666058,T,IBM,F,40,296.56
2025-12-18,9:49:54.010681218,T,IBM,F,40,296.56
2025-12-18,9:49:54.010681218,T,IBM,F I,10,296.56
2025-12-18,9:49:54.010683973,T,IBM,I,1,296.56
2025-12-18,9:49:54.013339394,T,IBM,,80,296.63
2025-12-18,9:49:54.026537728,T,IBM,,80,296.61
2025-12-18,9:49:54.129081927,T,IBM,,80,296.595
2025-12-18,9:49:54.344087701,T,IBM,,40,296.595
2025-12-18,9:49:54.344241046,T,IBM,F,87,296.62
2025-12-18,9:49:54.344349571,T,IBM,F I,13,296.62
2025-12-18,9:49:54.344352954,T,IBM,F I,18,296.62
2025-12-18,9:49:54.344355386,T,IBM,F,56,296.62
2025-12-18,9:49:54.344355386,T,IBM,,87,296.62
2025-12-18,9:49:54.344391853,T,IBM,I,7,296.63
2025-12-18,9:49:54.344394387,T,IBM,,80,296.63
2025-12-18,9:49:54.344674156,T,IBM,I,13,296.63
2025-12-18,9:49:54.344689108,T,IBM,I,9,296.63
2025-12-18,9:49:54.344812599,T,IBM,F I,5,296.61
2025-12-18,9:49:54.344815449,T,IBM,F,40,296.6
2025-12-18,9:49:54.344818370,T,IBM,F I,1,296.59
2025-12-18,9:49:54.777500397,T,IBM,F I,23,296.59
2025-12-18,9:49:55.011117651,T,IBM,I,23,296.6
2025-12-18,9:49:55.155392025,T,IBM,I,10,296.6
2025-12-18,9:49:55.163297806,T,IBM,F I,35,296.5
2025-12-18,9:49:55.163661710,T,IBM,I,3,296.56
2025-12-18,9:49:55.163920374,T,IBM,F I,3,296.56
2025-12-18,9:49:55.163962443,T,IBM,,94,296.56
2025-12-18,9:49:55.163962443,T,IBM,I,13,296.57
2025-12-18,9:49:55.175350502,T,IBM,I,12,296.54
2025-12-18,9:49:55.390609030,T,IBM,I,18,296.62
2025-12-18,9:49:55.390609030,T,IBM,I,7,296.62
2025-12-18,9:49:55.390615036,T,IBM,I,15,296.62
2025-12-18,9:49:55.390639364,T,IBM,I,8,296.62
2025-12-18,9:49:55.390642135,T,IBM,I,10,296.62
2025-12-18,9:49:55.391156284,T,IBM,F,127,296.67
2025-12-18,9:49:55.391240475,T,IBM,,168,296.67
2025-12-18,9:49:55.391469368,T,IBM,F,93,296.67
2025-12-18,9:49:55.391469368,T,IBM,F I,14,296.69
2025-12-18,9:49:55.391472114,T,IBM,F I,7,296.69
2025-12-18,9:49:55.391475070,T,IBM,F I,3,296.69
2025-12-18,9:49:55.391475070,T,IBM,F I,28,296.7
2025-12-18,9:49:55.391478086,T,IBM,F I,23,296.7
2025-12-18,9:49:55.391493135,T,IBM,I,1,296.7
2025-12-18,9:49:55.391493135,T,IBM,F,56,296.7
2025-12-18,9:49:55.391496059,T,IBM,F,60,296.7
2025-12-18,9:49:55.414088840,T,IBM,I,18,296.73
2025-12-18,9:49:55.414091854,T,IBM,,62,296.71
2025-12-18,9:49:55.414867704,T,IBM,F,117,296.7
2025-12-18,9:49:55.414867704,T,IBM,F I,4,296.7
2025-12-18,9:49:55.416223997,T,IBM,F I,27,296.7
2025-12-18,9:49:55.616218016,T,IBM,F I,25,296.685
2025-12-18,9:49:55.616257134,T,IBM,F I,15,296.685
2025-12-18,9:49:55.657668719,T,IBM,,40,296.685
2025-12-18,9:49:55.786502169,T,IBM,,40,296.69
2025-12-18,9:49:56.415795385,T,IBM,I,39,296.81
2025-12-18,9:49:56.415797818,T,IBM,F,60,296.71
2025-12-18,9:49:56.415801332,T,IBM,F I,27,296.81
2025-12-18,9:49:56.415801332,T,IBM,I,7,296.81
2025-12-18,9:49:56.415809648,T,IBM,F I,27,296.81
2025-12-18,9:49:56.415812479,T,IBM,F I,7,296.82
2025-12-18,9:49:56.415816289,T,IBM,F I,32,296.82
2025-12-18,9:49:56.415816289,T,IBM,F I,29,296.82
2025-12-18,9:49:56.415821626,T,IBM,F I,19,296.82
2025-12-18,9:50:00.221543412,T,IBM,I,18,296.94
2025-12-18,9:50:00.221546472,T,IBM,I,22,296.94
2025-12-18,9:50:00.221576609,T,IBM,I,1,296.94
2025-12-18,9:50:00.221588516,T,IBM,I,1,296.94
2025-12-18,9:50:00.221675755,T,IBM,I,10,296.94
2025-12-18,9:50:00.329551626,T,IBM,I,1,296.95
2025-12-18,9:50:00.357719678,T,IBM,,40,296.98
2025-12-18,9:50:00.358098509,T,IBM,,64,296.985
2025-12-18,9:50:00.368464153,T,IBM,I,25,296.985
2025-12-18,9:50:00.368515294,T,IBM,I,15,296.985
2025-12-18,9:50:01.299519710,T,IBM,,100,296.985
2025-12-18,9:50:01.299553114,T,IBM,F I,2,297.07
2025-12-18,9:50:01.299582904,T,IBM,I,2,297.07
2025-12-18,9:50:01.299621942,T,IBM,F I,2,297.07
2025-12-18,9:50:01.299627924,T,IBM,F I,2,297.07
2025-12-18,9:50:01.299766353,T,IBM,,65,296.985
2025-12-18,9:50:01.299808369,T,IBM,F I,11,296.985
2025-12-18,9:50:01.300160293,T,IBM,,40,297.07
2025-12-18,9:50:01.301050340,T,IBM,I,2,297.08
2025-12-18,9:50:01.301053322,T,IBM,I,9,297.08
2025-12-18,9:50:01.301059359,T,IBM,,51,297.08
2025-12-18,9:50:09.482089227,T,IBM,F I,5,296.99
2025-12-18,9:50:09.482092516,T,IBM,F,78,296.98
2025-12-18,9:50:09.482092516,T,IBM,F I,35,296.98
2025-12-18,9:50:09.482095196,T,IBM,F I,5,296.98
2025-12-18,9:50:09.483171765,T,IBM,F I,20,296.93
2025-12-18,9:50:09.483198821,T,IBM,F I,20,296.93
2025-12-18,9:50:13.388175016,T,IBM,F I,7,296.83
2025-12-18,9:50:13.401117874,T,IBM,,40,296.75
2025-12-18,9:50:18.737399519,T,IBM,F I,1,296.65
2025-12-18,9:50:24.334904059,T,IBM,,40,296.6
2025-12-18,9:50:24.334907120,T,IBM,,40,296.6
2025-12-18,9:50:24.335066423,T,IBM,,40,296.6
2025-12-18,9:50:24.335066423,T,IBM,I,9,296.61
2025-12-18,9:50:24.335174731,T,IBM,F,49,296.59
2025-12-18,9:50:24.336212187,T,IBM,I,2,296.62
2025-12-18,9:50:24.342978324,T,IBM,F I,1,296.66
2025-12-18,9:50:26.027074603,T,IBM,F I,5,296.8
2025-12-18,9:50:26.027095625,T,IBM,I,3,296.8
2025-12-18,9:50:26.027098584,T,IBM,I,4,296.8
2025-12-18,9:50:27.702365884,T,IBM,I,5,296.68
2025-12-18,9:50:27.702386850,T,IBM,F I,35,296.68
2025-12-18,9:50:28.405096820,T,IBM,F I,25,296.68
2025-12-18,9:50:31.373240907,T,IBM,F I,1,296.68
2025-12-18,9:50:31.373258987,T,IBM,I,1,296.68
2025-12-18,9:50:31.712108835,T,IBM,F I,14,296.68
2025-12-18,9:50:31.712108835,T,IBM,F I,11,296.68
2025-12-18,9:50:32.791362788,T,IBM,F I,25,296.61
2025-12-18,9:50:34.172836461,T,IBM,F I,1,296.53
2025-12-18,9:50:34.172851555,T,IBM,F I,10,296.5
2025-12-18,9:50:34.172854467,T,IBM,F I,3,296.5
2025-12-18,9:50:34.172860515,T,IBM,F,50,296.5
2025-12-18,9:50:34.173007926,T,IBM,I,20,296.52
2025-12-18,9:50:34.173010955,T,IBM,I,11,296.59
2025-12-18,9:50:34.173297300,T,IBM,F,40,296.53
2025-12-18,9:50:34.173302514,T,IBM,F,44,296.55
2025-12-18,9:50:34.173302514,T,IBM,F,53,296.56
2025-12-18,9:50:34.173305616,T,IBM,,47,296.56
2025-12-18,9:50:34.173305616,T,IBM,I,37,296.56
2025-12-18,9:50:34.173309446,T,IBM,,53,296.56
2025-12-18,9:50:34.173321130,T,IBM,I,1,296.56
2025-12-18,9:50:34.173338657,T,IBM,,96,296.56
2025-12-18,9:50:34.173341685,T,IBM,,100,296.56
2025-12-18,9:50:34.173380793,T,IBM,I,10,296.53
2025-12-18,9:50:34.250042300,T,IBM,,40,296.575
2025-12-18,9:50:34.255127390,T,IBM,F I,2,296.66
2025-12-18,9:50:34.588663852,T,IBM,F I,6,296.81
2025-12-18,9:50:34.588663852,T,IBM,F I,6,296.81
2025-12-18,9:50:34.588666390,T,IBM,F I,8,296.81
2025-12-18,9:50:34.588726703,T,IBM,F I,25,296.85
2025-12-18,9:50:34.588762744,T,IBM,F I,15,296.88
2025-12-18,9:50:34.588952042,T,IBM,F I,5,296.82
2025-12-18,9:50:34.649681690,T,IBM,F I,16,296.91
2025-12-18,9:50:34.650009733,T,IBM,F,40,297.0
2025-12-18,9:50:34.650280441,T,IBM,I,25,297.01
2025-12-18,9:50:34.650283107,T,IBM,I,26,297.01
2025-12-18,9:50:34.650304147,T,IBM,I,21,297.0
2025-12-18,9:50:34.650316222,T,IBM,,80,297.01
2025-12-18,9:50:34.650325615,T,IBM,I,20,297.005
2025-12-18,9:50:34.650325615,T,IBM,I,1,297.01
2025-12-18,9:50:34.650373297,T,IBM,,80,297.01
2025-12-18,9:50:34.650409452,T,IBM,F I,23,297.02
2025-12-18,9:50:34.650418476,T,IBM,I,28,297.01
2025-12-18,9:50:34.650433516,T,IBM,F,79,297.01
2025-12-18,9:50:34.650436746,T,IBM,F I,3,297.01
2025-12-18,9:50:34.650502604,T,IBM,I,25,297.01
2025-12-18,9:50:40.347568020,T,IBM,I,3,297.0
2025-12-18,9:50:55.556367095,T,IBM,F I,20,296.86
2025-12-18,9:50:55.556370120,T,IBM,F I,1,296.86
2025-12-18,9:50:55.556376139,T,IBM,I,19,296.86
2025-12-18,9:50:55.556379337,T,IBM,,86,296.86
2025-12-18,9:50:55.556379337,T,IBM,,63,296.86
2025-12-18,9:50:55.556992624,T,IBM,I,30,296.78
2025-12-18,9:50:55.872536891,T,IBM,I,10,296.66
2025-12-18,9:50:55.872539819,T,IBM,I,30,296.66
2025-12-18,9:51:00.343568645,T,IBM,,40,296.56
2025-12-18,9:51:00.861136662,T,IBM,,40,296.56
2025-12-18,9:51:01.525174443,T,IBM,F I,2,296.5
2025-12-18,9:51:02.091019829,T,IBM,,40,296.56
2025-12-18,9:51:02.091019829,T,IBM,I,6,296.56
2025-12-18,9:51:02.091549635,T,IBM,I,20,296.52
2025-12-18,9:51:02.091554747,T,IBM,,44,296.51
2025-12-18,9:51:02.091554747,T,IBM,I,16,296.51
2025-12-18,9:51:02.091696172,T,IBM,,40,296.55
2025-12-18,9:51:02.091741186,T,IBM,,110,296.55
2025-12-18,9:51:02.091741186,T,IBM,I,12,296.56
2025-12-18,9:51:02.091747444,T,IBM,I,13,296.56
2025-12-18,9:51:02.091747444,T,IBM,I,39,296.56
2025-12-18,9:51:02.294766565,T,IBM,,40,296.55
2025-12-18,9:51:02.294832704,T,IBM,F I,10,296.55
2025-12-18,9:51:02.294835796,T,IBM,F I,30,296.56
2025-12-18,9:51:02.294856800,T,IBM,I,1,296.56
2025-12-18,9:51:02.294862736,T,IBM,F I,9,296.56
2025-12-18,9:51:02.722318355,T,IBM,I,2,296.56
2025-12-18,9:51:02.722598070,T,IBM,F I,15,296.56
2025-12-18,9:51:02.722616069,T,IBM,F I,5,296.56
2025-12-18,9:51:06.527342711,T,IBM,F I,20,296.5
2025-12-18,9:51:06.527348672,T,IBM,F,40,296.5
2025-12-18,9:51:06.527592288,T,IBM,,60,296.53
2025-12-18,9:51:06.527664504,T,IBM,I,18,296.5
2025-12-18,9:51:06.727637452,T,IBM,I,3,296.56
2025-12-18,9:51:06.727700633,T,IBM,I,17,296.56
2025-12-18,9:51:09.568271921,T,IBM,F I,4,296.5
2025-12-18,9:51:09.568647859,T,IBM,,62,296.505
2025-12-18,9:51:09.833286825,T,IBM,,40,296.535
2025-12-18,9:51:09.852619825,T,IBM,I,4,296.56
2025-12-18,9:51:16.226205918,T,IBM,F I,1,296.56
2025-12-18,9:51:16.226491506,T,IBM,F I,6,296.62
2025-12-18,9:51:16.226491506,T,IBM,F I,14,296.62
2025-12-18,9:51:16.226494487,T,IBM,F I,5,296.62
2025-12-18,9:51:16.226497519,T,IBM,F I,25,296.62
2025-12-18,9:51:16.226509559,T,IBM,F I,20,296.62
2025-12-18,9:51:18.486440772,T,IBM,F I,2,296.72
2025-12-18,9:51:18.486443573,T,IBM,F I,20,296.74
2025-12-18,9:51:18.486443573,T,IBM,F I,18,296.74
2025-12-18,9:51:18.486497695,T,IBM,I,2,296.74
2025-12-18,9:51:18.486497695,T,IBM,I,14,296.74
2025-12-18,9:51:18.486518781,T,IBM,F,40,296.74
2025-12-18,9:51:18.486539824,T,IBM,F I,26,296.74
2025-12-18,9:51:18.486539824,T,IBM,F I,14,296.75
2025-12-18,9:51:18.486545789,T,IBM,F I,20,296.75
2025-12-18,9:51:18.486581953,T,IBM,I,1,296.75
2025-12-18,9:51:18.486584894,T,IBM,I,5,296.75
2025-12-18,9:51:20.025224851,T,IBM,,100,296.86
2025-12-18,9:51:22.190364216,T,IBM,F I,2,296.97
2025-12-18,9:51:22.190367129,T,IBM,F,80,296.97
2025-12-18,9:51:22.190370223,T,IBM,F I,9,296.99
2025-12-18,9:51:22.357905857,T,IBM,F,80,297.12
2025-12-18,9:51:22.357905857,T,IBM,F,40,297.12
2025-12-18,9:51:22.357971158,T,IBM,F I,11,297.17
2025-12-18,9:51:22.370318528,T,IBM,I,18,297.17
2025-12-18,9:51:22.370342577,T,IBM,F,62,297.12
2025-12-18,9:51:22.370369717,T,IBM,I,15,297.12
2025-12-18,9:51:22.370381767,T,IBM,F I,25,297.12
2025-12-18,9:51:22.520658491,T,IBM,F I,18,297.16
2025-12-18,9:51:22.520658491,T,IBM,F I,22,297.12
2025-12-18,9:51:24.848316727,T,IBM,I,25,297.205
2025-12-18,9:51:24.849173850,T,IBM,F I,16,297.18
2025-12-18,9:51:27.001791269,T,IBM,I,1,297.2
2025-12-18,9:51:27.078558087,T,IBM,I,12,297.22
2025-12-18,9:51:27.078561420,T,IBM,I,2,297.17
2025-12-18,9:51:27.078564069,T,IBM,I,2,297.17
2025-12-18,9:51:27.078567125,T,IBM,,64,297.16
2025-12-18,9:51:27.283907983,T,IBM,F I,2,297.26
2025-12-18,9:51:27.283910977,T,IBM,F I,2,297.26
2025-12-18,9:51:27.283914091,T,IBM,F I,20,297.28
2025-12-18,9:51:27.283917392,T,IBM,F,96,297.29
2025-12-18,9:51:27.284208941,T,IBM,F,80,297.29
2025-12-18,9:51:27.284208941,T,IBM,F I,20,297.29
2025-12-18,9:51:27.284214726,T,IBM,F,60,297.3
2025-12-18,9:51:27.284214726,T,IBM,I,20,297.3
2025-12-18,9:51:32.061781230,T,IBM,I,2,297.32
2025-12-18,9:51:32.703572043,T,IBM,F I,6,297.33
2025-12-18,9:51:35.536144270,T,IBM,F I,5,297.3
2025-12-18,9:51:35.536144270,T,IBM,F I,1,297.3
2025-12-18,9:51:35.536219508,T,IBM,F I,5,297.26
2025-12-18,9:51:40.559991067,T,IBM,I,1,297.265
2025-12-18,9:51:41.812292315,T,IBM,I,20,297.16
2025-12-18,9:51:41.812295302,T,IBM,I,2,297.21
2025-12-18,9:51:41.812301266,T,IBM,,40,297.21
2025-12-18,9:51:43.736534121,T,IBM,,100,297.045
2025-12-18,9:51:46.731363617,T,IBM,I,15,297.08
2025-12-18,9:51:46.731387753,T,IBM,F I,25,297.08
2025-12-18,9:51:53.250132209,T,IBM,,71,297.07
2025-12-18,9:51:59.089631761,T,IBM,I,1,296.9
2025-12-18,9:51:59.089652874,T,IBM,F I,5,296.88
2025-12-18,9:51:59.089674203,T,IBM,F I,20,296.85
2025-12-18,9:51:59.089728063,T,IBM,F,40,296.83
2025-12-18,9:51:59.090236248,T,IBM,F,80,296.9
2025-12-18,9:51:59.093072408,T,IBM,,45,296.85
2025-12-18,9:51:59.105897550,T,IBM,I,2,296.87
2025-12-18,9:51:59.105918573,T,IBM,I,23,296.91
2025-12-18,9:51:59.105954714,T,IBM,F I,2,296.91
2025-12-18,9:52:03.144051742,T,IBM,F I,1,296.93
2025-12-18,9:52:03.144608233,T,IBM,F I,1,296.93
2025-12-18,9:52:03.145173441,T,IBM,F I,1,296.93
2025-12-18,9:52:03.145723760,T,IBM,F I,1,296.93
2025-12-18,9:52:03.146280095,T,IBM,F I,1,296.93
2025-12-18,9:52:03.146833333,T,IBM,F I,1,296.93
2025-12-18,9:52:03.147386697,T,IBM,F I,1,296.93
2025-12-18,9:52:03.147943045,T,IBM,F I,1,296.93
2025-12-18,9:52:03.148496284,T,IBM,F I,1,296.93
2025-12-18,9:52:03.149049755,T,IBM,F I,1,296.93
2025-12-18,9:52:03.149606027,T,IBM,F I,1,296.93
2025-12-18,9:52:03.150156307,T,IBM,F I,1,296.93
2025-12-18,9:52:03.150709667,T,IBM,F I,1,296.93
2025-12-18,9:52:03.151271907,T,IBM,F I,1,296.93
2025-12-18,9:52:03.151831300,T,IBM,F I,1,296.93
2025-12-18,9:52:03.152390675,T,IBM,F I,1,296.93
2025-12-18,9:52:03.152944024,T,IBM,F I,1,296.93
2025-12-18,9:52:03.153500383,T,IBM,F I,1,296.93
2025-12-18,9:52:03.154062650,T,IBM,F I,1,296.93
2025-12-18,9:52:03.154615968,T,IBM,F I,1,296.93
2025-12-18,9:52:03.155172248,T,IBM,F I,1,296.93
2025-12-18,9:52:03.155728581,T,IBM,F I,1,296.93
2025-12-18,9:52:03.156281927,T,IBM,F I,1,296.93
2025-12-18,9:52:03.156835254,T,IBM,F I,1,296.93
2025-12-18,9:52:03.157388559,T,IBM,F I,1,296.93
2025-12-18,9:52:03.157941775,T,IBM,F I,1,296.93
2025-12-18,9:52:03.158495192,T,IBM,F I,1,296.93
2025-12-18,9:52:03.159048506,T,IBM,F I,1,296.93
2025-12-18,9:52:03.159604802,T,IBM,F I,1,296.93
2025-12-18,9:52:03.160161105,T,IBM,F I,1,296.93
2025-12-18,9:52:03.160711437,T,IBM,F I,1,296.93
2025-12-18,9:52:03.161264805,T,IBM,F I,1,296.93
2025-12-18,9:52:03.161821038,T,IBM,F I,1,296.93
2025-12-18,9:52:03.162374385,T,IBM,F I,1,296.93
2025-12-18,9:52:03.162927745,T,IBM,F I,1,296.93
2025-12-18,9:52:03.163484072,T,IBM,F I,1,296.93
2025-12-18,9:52:03.164034320,T,IBM,F I,1,296.93
2025-12-18,9:52:03.164587622,T,IBM,F I,1,296.93
2025-12-18,9:52:03.165141019,T,IBM,F I,1,296.93
2025-12-18,9:52:03.165694295,T,IBM,F I,1,296.93
2025-12-18,9:52:03.166247584,T,IBM,F I,1,296.93
2025-12-18,9:52:03.166800974,T,IBM,F I,1,296.93
2025-12-18,9:52:03.167357390,T,IBM,F I,1,296.93
2025-12-18,9:52:03.167913612,T,IBM,F I,1,296.93
2025-12-18,9:52:03.168463930,T,IBM,F I,1,296.93
2025-12-18,9:52:03.169017141,T,IBM,F I,1,296.93
2025-12-18,9:52:03.169570482,T,IBM,F I,1,296.93
2025-12-18,9:52:03.170123802,T,IBM,F I,1,296.93
2025-12-18,9:52:03.170677173,T,IBM,F I,1,296.93
2025-12-18,9:52:03.171230567,T,IBM,F I,1,296.93
2025-12-18,9:52:03.171783799,T,IBM,F I,1,296.93
2025-12-18,9:52:03.172334058,T,IBM,F I,1,296.93
2025-12-18,9:52:03.172887486,T,IBM,F I,1,296.93
2025-12-18,9:52:03.173443711,T,IBM,F I,1,296.93
2025-12-18,9:52:03.173997037,T,IBM,F I,1,296.93
2025-12-18,9:52:03.174550435,T,IBM,F I,1,296.93
2025-12-18,9:52:03.175100724,T,IBM,F I,1,296.93
2025-12-18,9:52:03.175654149,T,IBM,F I,1,296.93
2025-12-18,9:52:03.176207332,T,IBM,F I,1,296.93
2025-12-18,9:52:03.176760610,T,IBM,F I,1,296.93
2025-12-18,9:52:03.177316943,T,IBM,F I,1,296.93
2025-12-18,9:52:03.177870277,T,IBM,F I,1,296.93
2025-12-18,9:52:03.178423548,T,IBM,F I,1,296.93
2025-12-18,9:52:03.178976906,T,IBM,F I,1,296.93
2025-12-18,9:52:03.179527171,T,IBM,F I,1,296.93
2025-12-18,9:52:03.180080516,T,IBM,F I,1,296.93
2025-12-18,9:52:03.180633804,T,IBM,F I,1,296.93
2025-12-18,9:52:03.181187172,T,IBM,F I,1,296.93
2025-12-18,9:52:03.181740495,T,IBM,F I,1,296.93
2025-12-18,9:52:03.182293845,T,IBM,F I,1,296.93
2025-12-18,9:52:03.182847170,T,IBM,F I,1,296.93
2025-12-18,9:52:03.183397434,T,IBM,F I,1,296.93
2025-12-18,9:52:03.183953750,T,IBM,F I,1,296.93
2025-12-18,9:52:03.184507153,T,IBM,F I,1,296.93
2025-12-18,9:52:03.185057427,T,IBM,F I,1,296.93
2025-12-18,9:52:03.185658758,T,IBM,F I,1,296.93
2025-12-18,9:52:03.186167041,T,IBM,F I,1,296.93
2025-12-18,9:52:03.186720367,T,IBM,F I,1,296.93
2025-12-18,9:52:03.187273646,T,IBM,F I,1,296.93
2025-12-18,9:52:03.187829950,T,IBM,F I,1,296.93
2025-12-18,9:52:03.188380249,T,IBM,F I,1,296.93
2025-12-18,9:52:03.188936656,T,IBM,F I,1,296.93
2025-12-18,9:52:03.189489918,T,IBM,F I,1,296.93
2025-12-18,9:52:03.190043204,T,IBM,F I,1,296.93
2025-12-18,9:52:03.190593629,T,IBM,F I,1,296.93
2025-12-18,9:52:03.191146945,T,IBM,F I,1,296.93
2025-12-18,9:52:03.191700292,T,IBM,F I,1,296.93
2025-12-18,9:52:03.192253461,T,IBM,F I,1,296.93
2025-12-18,9:52:03.192803815,T,IBM,F I,1,296.93
2025-12-18,9:52:03.193360125,T,IBM,F I,1,296.93
2025-12-18,9:52:03.193910416,T,IBM,F I,1,296.93
2025-12-18,9:52:03.194463794,T,IBM,F I,1,296.93
2025-12-18,9:52:03.195017119,T,IBM,F I,1,296.93
2025-12-18,9:52:03.195570356,T,IBM,F I,1,296.93
2025-12-18,9:52:03.196120684,T,IBM,F I,1,296.93
2025-12-18,9:52:03.196682995,T,IBM,F I,1,296.93
2025-12-18,9:52:03.197236424,T,IBM,F I,1,296.93
2025-12-18,9:52:03.197789741,T,IBM,F I,1,296.93
2025-12-18,9:52:03.198346018,T,IBM,F I,1,296.93
2025-12-18,9:52:03.198908364,T,IBM,F I,1,296.93
2025-12-18,9:52:03.199461761,T,IBM,F I,1,296.94
2025-12-18,9:52:03.199482711,T,IBM,I,1,296.94
2025-12-18,9:52:09.903838160,T,IBM,F I,2,296.9
2025-12-18,9:52:23.964552141,T,IBM,F I,5,296.85
2025-12-18,9:52:23.964552141,T,IBM,F I,5,296.84
2025-12-18,9:52:23.964594228,T,IBM,F I,35,296.84
2025-12-18,9:52:23.964609283,T,IBM,F I,2,296.83
2025-12-18,9:52:23.964612214,T,IBM,F I,4,296.82
2025-12-18,9:52:24.068259971,T,IBM,F I,36,296.82
2025-12-18,9:52:24.068362337,T,IBM,I,1,296.81
2025-12-18,9:52:24.068645052,T,IBM,F I,20,296.8
2025-12-18,9:52:24.068656970,T,IBM,I,20,296.8
2025-12-18,9:52:24.068662965,T,IBM,,40,296.8
2025-12-18,9:52:24.079642153,T,IBM,F I,1,296.77
2025-12-18,9:52:24.079648148,T,IBM,F,40,296.74
2025-12-18,9:52:24.906352199,T,IBM,,100,296.725
2025-12-18,9:52:24.936005782,T,IBM,,40,296.725
2025-12-18,9:52:26.110298385,T,IBM,F I,2,296.81
2025-12-18,9:52:35.824907696,T,IBM,F I,35,296.69
2025-12-18,9:52:35.824910132,T,IBM,,45,296.69
2025-12-18,9:52:35.824912964,T,IBM,I,2,296.69
2025-12-18,9:52:35.825099423,T,IBM,F I,29,296.66
2025-12-18,9:52:42.790250685,T,IBM,I,8,296.675
2025-12-18,9:52:50.561179175,T,IBM,F I,3,296.58
2025-12-18,9:52:50.561212345,T,IBM,F I,3,296.58
2025-12-18,9:52:59.930785493,T,IBM,F I,31,296.78
2025-12-18,9:52:59.930809590,T,IBM,F,51,296.78
2025-12-18,9:52:59.930824668,T,IBM,F I,18,296.78
2025-12-18,9:52:59.930827588,T,IBM,F I,33,296.8
2025-12-18,9:52:59.930848764,T,IBM,F,47,296.8
2025-12-18,9:52:59.930851722,T,IBM,F I,1,296.8
2025-12-18,9:52:59.930851722,T,IBM,F I,1,296.8
2025-12-18,9:52:59.932929611,T,IBM,F I,25,296.82
2025-12-18,9:52:59.932971792,T,IBM,F I,25,296.82
2025-12-18,9:52:59.933013791,T,IBM,F I,7,296.82
2025-12-18,9:53:01.042887098,T,IBM,F I,8,296.76
2025-12-18,9:53:01.042974224,T,IBM,F I,16,296.73
2025-12-18,9:53:01.042989680,T,IBM,F,64,296.73
2025-12-18,9:53:01.042992559,T,IBM,F I,1,296.72
2025-12-18,9:53:01.042992559,T,IBM,F I,3,296.72
2025-12-18,9:53:01.042996555,T,IBM,F I,2,296.72
2025-12-18,9:53:01.042998671,T,IBM,F I,10,296.72
2025-12-18,9:53:01.042998671,T,IBM,F,160,296.71
2025-12-18,9:53:01.043061491,T,IBM,I,8,296.75
2025-12-18,9:53:01.043076672,T,IBM,I,12,296.75
2025-12-18,9:53:01.043076672,T,IBM,I,27,296.81
2025-12-18,9:53:01.043106585,T,IBM,F,80,296.71
2025-12-18,9:53:02.531833655,T,IBM,F I,13,296.7
2025-12-18,9:53:02.531833655,T,IBM,F I,12,296.7
2025-12-18,9:53:02.533466506,T,IBM,I,10,296.68
2025-12-18,9:53:04.377468702,T,IBM,F,80,296.79
2025-12-18,9:53:05.380040132,T,IBM,F I,25,296.83
2025-12-18,9:53:05.380082237,T,IBM,F I,25,296.83
2025-12-18,9:53:06.995723491,T,IBM,F,40,296.68
2025-12-18,9:53:06.995726478,T,IBM,F I,10,296.68
2025-12-18,9:53:06.995726478,T,IBM,F I,2,296.68
2025-12-18,9:53:08.019748205,T,IBM,,80,296.61
2025-12-18,9:53:08.019778254,T,IBM,I,20,296.61
2025-12-18,9:53:08.019778254,T,IBM,I,31,296.6
2025-12-18,9:53:08.019799349,T,IBM,F I,9,296.6
2025-12-18,9:53:08.019799349,T,IBM,F I,10,296.6
2025-12-18,9:53:08.019802425,T,IBM,F I,1,296.6
2025-12-18,9:53:08.553552076,T,IBM,,40,296.615
2025-12-18,9:53:08.553615146,T,IBM,F I,25,296.615
2025-12-18,9:53:08.553900880,T,IBM,,40,296.615
2025-12-18,9:53:08.556129185,T,IBM,I,25,296.615
2025-12-18,9:53:09.247695741,T,IBM,F,100,296.67
2025-12-18,9:53:09.247700475,T,IBM,F I,31,296.68
2025-12-18,9:53:09.247700475,T,IBM,F I,4,296.68
2025-12-18,9:53:09.247703585,T,IBM,F,57,296.68
2025-12-18,9:53:09.247718524,T,IBM,I,1,296.68
2025-12-18,9:53:09.247722138,T,IBM,,62,296.68
2025-12-18,9:53:09.247722138,T,IBM,I,37,296.68
2025-12-18,9:53:13.639860583,T,IBM,,40,296.715
2025-12-18,9:53:13.639863549,T,IBM,,40,296.715
2025-12-18,9:53:13.641520501,T,IBM,F I,25,296.715
2025-12-18,9:53:13.641565496,T,IBM,I,15,296.715
2025-12-18,9:53:14.858586784,T,IBM,F I,2,296.75
2025-12-18,9:53:18.612955738,T,IBM,F,120,296.83
2025-12-18,9:53:18.612958882,T,IBM,F I,6,296.83
2025-12-18,9:53:23.880935597,T,IBM,F I,20,297.04
2025-12-18,9:53:23.880938683,T,IBM,F I,20,297.04
2025-12-18,9:53:23.880962616,T,IBM,F,60,297.04
2025-12-18,9:53:23.880962616,T,IBM,F I,36,297.05
2025-12-18,9:53:23.880993176,T,IBM,I,1,297.05
2025-12-18,9:53:23.880995844,T,IBM,F I,3,297.05
2025-12-18,9:53:23.880998694,T,IBM,F,56,297.05
2025-12-18,9:53:25.560806668,T,IBM,I,20,297.1
2025-12-18,9:53:25.560806668,T,IBM,I,20,297.15
2025-12-18,9:53:35.969269075,T,IBM,F I,20,297.01
2025-12-18,9:53:37.839986487,T,IBM,F I,2,296.92
2025-12-18,9:53:38.027693291,T,IBM,,52,296.905
2025-12-18,9:53:38.045333264,T,IBM,,100,296.905
2025-12-18,9:53:38.045333264,T,IBM,,100,296.905
2025-12-18,9:53:38.897739623,T,IBM,,40,296.905
2025-12-18,9:53:44.373072266,T,IBM,,40,296.76
2025-12-18,9:53:44.373090002,T,IBM,I,1,296.76
2025-12-18,9:53:44.373093089,T,IBM,F,199,296.76
2025-12-18,9:53:44.373096121,T,IBM,F I,10,296.76
2025-12-18,9:53:44.373123151,T,IBM,F I,20,296.75
2025-12-18,9:53:44.373138132,T,IBM,F I,20,296.75
2025-12-18,9:53:44.373162212,T,IBM,,100,296.76
2025-12-18,9:53:44.796834976,T,IBM,I,6,296.63
2025-12-18,9:53:44.796834976,T,IBM,,80,296.6
2025-12-18,9:53:44.797150519,T,IBM,F,40,296.55
2025-12-18,9:53:44.798191053,T,IBM,,40,296.545
2025-12-18,9:53:45.046654734,T,IBM,F I,2,296.6
2025-12-18,9:53:45.046654734,T,IBM,F I,38,296.61
2025-12-18,9:53:45.046675538,T,IBM,F I,2,296.61
2025-12-18,9:53:45.805826838,T,IBM,I,17,296.75
2025-12-18,9:53:45.805829772,T,IBM,I,12,296.75
2025-12-18,9:53:47.336708210,T,IBM,I,2,296.66
2025-12-18,9:53:47.336708210,T,IBM,I,2,296.66
2025-12-18,9:53:47.381424716,T,IBM,F I,2,296.66
2025-12-18,9:53:47.693676042,T,IBM,I,5,296.55
2025-12-18,9:54:01.033123089,T,IBM,F I,25,296.59
2025-12-18,9:54:03.217075188,T,IBM,F I,18,296.59
2025-12-18,9:54:04.580307535,T,IBM,I,1,296.59
2025-12-18,9:54:13.733690168,T,IBM,F I,2,296.66
2025-12-18,9:54:13.733729259,T,IBM,F I,1,296.72
2025-12-18,9:54:13.733732622,T,IBM,F I,1,296.72
2025-12-18,9:54:13.733735452,T,IBM,F I,9,296.72
2025-12-18,9:54:13.733735452,T,IBM,F I,7,296.72
2025-12-18,9:54:13.733837466,T,IBM,F I,1,296.73
2025-12-18,9:54:13.733855608,T,IBM,F I,6,296.75
2025-12-18,9:54:13.733855608,T,IBM,F I,2,296.75
2025-12-18,9:54:13.733861639,T,IBM,F,40,296.76
2025-12-18,9:54:15.096002319,T,IBM,F I,25,296.95
2025-12-18,9:54:15.096053348,T,IBM,F I,15,296.95
2025-12-18,9:54:15.937450656,T,IBM,F I,2,297.02
2025-12-18,9:54:15.937462532,T,IBM,F I,2,297.02
2025-12-18,9:54:15.937484227,T,IBM,F I,2,297.02
2025-12-18,9:54:15.937489588,T,IBM,I,2,297.02
2025-12-18,9:54:15.937507645,T,IBM,F I,2,297.02
2025-12-18,9:54:15.937564674,T,IBM,I,2,297.02
2025-12-18,9:54:15.937603835,T,IBM,F I,2,297.02
2025-12-18,9:54:15.937646051,T,IBM,F I,2,297.02
2025-12-18,9:54:15.937660926,T,IBM,F I,2,297.02
2025-12-18,9:54:15.937703312,T,IBM,F I,2,297.03
2025-12-18,9:54:18.724313877,T,IBM,F,40,297.1
2025-12-18,9:54:21.573879525,T,IBM,,40,297.14
2025-12-18,9:54:25.611345172,T,IBM,,100,297.12
2025-12-18,9:54:25.614637981,T,IBM,,40,297.12
2025-12-18,9:54:26.166367501,T,IBM,,40,297.12
2025-12-18,9:54:28.926418980,T,IBM,I,4,297.165
2025-12-18,9:54:31.114939166,T,IBM,F I,20,297.25
2025-12-18,9:54:31.114942126,T,IBM,F I,4,297.25
2025-12-18,9:54:31.114999255,T,IBM,F I,24,297.25
2025-12-18,9:54:31.115032264,T,IBM,I,4,297.31
2025-12-18,9:54:31.115035251,T,IBM,I,1,297.31
2025-12-18,9:54:31.115038378,T,IBM,I,7,297.31
2025-12-18,9:54:31.115038378,T,IBM,F I,12,297.31
2025-12-18,9:54:31.192893750,T,IBM,,40,297.32
2025-12-18,9:54:31.269266438,T,IBM,I,2,297.35
2025-12-18,9:54:31.269269573,T,IBM,I,2,297.35
2025-12-18,9:54:31.269269573,T,IBM,I,36,297.33
2025-12-18,9:54:31.646556676,T,IBM,,40,297.32
2025-12-18,9:54:35.212959846,T,IBM,F I,1,297.42
2025-12-18,9:54:35.213374814,T,IBM,F I,4,297.47
2025-12-18,9:54:35.213398960,T,IBM,F I,36,297.47
2025-12-18,9:54:47.723742178,T,IBM,I,1,297.56
2025-12-18,9:54:47.723742178,T,IBM,I,3,297.56
2025-12-18,9:54:47.724421653,T,IBM,F I,1,297.65
2025-12-18,9:54:47.976292568,T,IBM,,40,297.75
2025-12-18,9:54:47.976316332,T,IBM,I,27,297.67
2025-12-18,9:54:47.976319446,T,IBM,I,11,297.66
2025-12-18,9:54:47.976319446,T,IBM,I,13,297.66
2025-12-18,9:54:47.976337427,T,IBM,I,1,297.7
2025-12-18,9:54:47.976358721,T,IBM,F I,18,297.75
2025-12-18,9:54:47.976364495,T,IBM,I,15,297.7
2025-12-18,9:54:47.976373486,T,IBM,,41,297.705
2025-12-18,9:54:47.976376563,T,IBM,I,11,297.72
2025-12-18,9:54:47.976412666,T,IBM,I,11,297.67
2025-12-18,9:54:47.976415625,T,IBM,I,16,297.66
2025-12-18,9:54:47.976460726,T,IBM,F I,11,297.71
2025-12-18,9:54:47.976463740,T,IBM,F I,29,297.74
2025-12-18,9:54:47.976499748,T,IBM,I,11,297.66
2025-12-18,9:54:47.976599017,T,IBM,F I,28,297.71
2025-12-18,9:54:50.592301031,T,IBM,F I,7,297.6
2025-12-18,9:54:53.788480856,T,IBM,F I,20,297.7
2025-12-18,9:54:53.788483906,T,IBM,F I,2,297.71
2025-12-18,9:54:53.788483906,T,IBM,F I,18,297.71
2025-12-18,9:54:58.938213640,T,IBM,F I,30,297.56
2025-12-18,9:54:58.938216339,T,IBM,F I,30,297.56
2025-12-18,9:54:58.938270501,T,IBM,F I,30,297.56
2025-12-18,9:54:58.938360753,T,IBM,F I,10,297.56
2025-12-18,9:54:58.938360753,T,IBM,F I,20,297.55
2025-12-18,9:54:58.938381850,T,IBM,I,1,297.55
2025-12-18,9:54:58.938390810,T,IBM,I,9,297.55
2025-12-18,9:54:58.938634314,T,IBM,I,1,297.54
2025-12-18,9:54:58.938634314,T,IBM,I,1,297.54
2025-12-18,9:54:58.938977380,T,IBM,F I,31,297.63
2025-12-18,9:54:58.944104586,T,IBM,F I,37,297.64
2025-12-18,9:54:58.944104586,T,IBM,F I,24,297.65
2025-12-18,9:54:58.944110385,T,IBM,F I,1,297.65
2025-12-18,9:54:58.944699754,T,IBM,I,7,297.64
2025-12-18,9:54:58.944702865,T,IBM,,44,297.6
2025-12-18,9:54:58.944705874,T,IBM,I,20,297.6
2025-12-18,9:54:58.944705874,T,IBM,I,9,297.59
2025-12-18,9:55:00.870150561,T,IBM,,40,297.54
2025-12-18,9:55:00.870156575,T,IBM,F I,20,297.54
2025-12-18,9:55:00.870415554,T,IBM,I,20,297.54
2025-12-18,9:55:00.870418127,T,IBM,I,7,297.54
2025-12-18,9:55:00.870499387,T,IBM,I,2,297.54
2025-12-18,9:55:00.891237244,T,IBM,I,4,297.59
2025-12-18,9:55:00.891736065,T,IBM,I,12,297.59
2025-12-18,9:55:00.891736065,T,IBM,I,15,297.6
2025-12-18,9:55:00.970580614,T,IBM,F I,25,297.625
2025-12-18,9:55:00.973205959,T,IBM,,60,297.65
2025-12-18,9:55:01.008371607,T,IBM,F I,15,297.65
2025-12-18,9:55:01.070797191,T,IBM,,40,297.65
2025-12-18,9:55:02.880619850,T,IBM,F,40,297.73
2025-12-18,9:55:02.880622667,T,IBM,F I,5,297.73
2025-12-18,9:55:02.881061719,T,IBM,F I,12,297.75
2025-12-18,9:55:02.881067690,T,IBM,F I,28,297.75
2025-12-18,9:55:02.881133895,T,IBM,F,40,297.75
2025-12-18,9:55:08.294928499,T,IBM,I,16,297.72
2025-12-18,9:55:08.294931787,T,IBM,F I,5,297.72
2025-12-18,9:55:08.294934599,T,IBM,F I,6,297.72
2025-12-18,9:55:08.294938138,T,IBM,I,24,297.71
2025-12-18,9:55:08.294940183,T,IBM,I,3,297.71
2025-12-18,9:55:08.294940183,T,IBM,,160,297.7
2025-12-18,9:55:08.294943044,T,IBM,I,5,297.7
2025-12-18,9:55:08.294946047,T,IBM,I,27,297.7
2025-12-18,9:55:08.295211118,T,IBM,,100,297.71
2025-12-18,9:55:08.295751918,T,IBM,F I,20,297.71
2025-12-18,9:55:08.295793945,T,IBM,I,1,297.71
2025-12-18,9:55:08.295796957,T,IBM,I,19,297.71
2025-12-18,9:55:10.312164031,T,IBM,F,40,297.71
2025-12-18,9:55:10.312166221,T,IBM,F I,8,297.71
2025-12-18,9:55:10.312169180,T,IBM,F I,6,297.71
2025-12-18,9:55:10.312169180,T,IBM,F,40,297.71
2025-12-18,9:55:10.338220151,T,IBM,I,18,297.71
2025-12-18,9:55:13.221700764,T,IBM,F I,10,297.64
2025-12-18,9:55:17.225636336,T,IBM,I,10,297.57
2025-12-18,9:55:17.410429327,T,IBM,F I,2,297.62
2025-12-18,9:55:17.410432279,T,IBM,F I,18,297.62
2025-12-18,9:55:17.412510289,T,IBM,,40,297.58
2025-12-18,9:55:18.378271327,T,IBM,I,6,297.62
2025-12-18,9:55:18.378827672,T,IBM,I,13,297.62
2025-12-18,9:55:21.118734276,T,IBM,I,5,297.55
2025-12-18,9:55:21.118734276,T,IBM,I,7,297.54
2025-12-18,9:55:21.204279390,T,IBM,F I,1,297.61
2025-12-18,9:55:21.232158370,T,IBM,I,2,297.59
2025-12-18,9:55:21.232158370,T,IBM,I,16,297.56
2025-12-18,9:55:21.232176353,T,IBM,,40,297.56
2025-12-18,9:55:21.487309748,T,IBM,,40,297.56
2025-12-18,9:55:21.487309748,T,IBM,,60,297.54
2025-12-18,9:55:21.487592419,T,IBM,F I,20,297.54
2025-12-18,9:55:21.487730839,T,IBM,,73,297.54
2025-12-18,9:55:21.487733950,T,IBM,I,10,297.54
2025-12-18,9:55:21.487736751,T,IBM,I,17,297.53
2025-12-18,9:55:21.487751753,T,IBM,,100,297.53
2025-12-18,9:55:21.487755291,T,IBM,F I,1,297.53
2025-12-18,9:55:21.487760763,T,IBM,F I,2,297.52
2025-12-18,9:55:21.487860389,T,IBM,I,18,297.53
2025-12-18,9:55:21.487863007,T,IBM,I,18,297.52
2025-12-18,9:55:21.487947173,T,IBM,F I,8,297.55
2025-12-18,9:55:21.487977311,T,IBM,F I,14,297.56
2025-12-18,9:55:21.488031373,T,IBM,F I,25,297.54
2025-12-18,9:55:21.488091624,T,IBM,F I,8,297.54
2025-12-18,9:55:21.488097760,T,IBM,F I,25,297.54
2025-12-18,9:55:21.488127840,T,IBM,I,2,297.53
2025-12-18,9:55:21.488127840,T,IBM,I,1,297.52
2025-12-18,9:55:21.488130631,T,IBM,,40,297.52
2025-12-18,9:55:21.488130631,T,IBM,I,4,297.52
2025-12-18,9:55:21.488157701,T,IBM,F I,25,297.54
2025-12-18,9:55:21.488266044,T,IBM,F I,9,297.52
2025-12-18,9:55:21.488386220,T,IBM,I,3,297.52
2025-12-18,9:55:21.488410887,T,IBM,I,2,297.52
2025-12-18,9:55:21.488422461,T,IBM,,64,297.52
2025-12-18,9:55:21.488431443,T,IBM,I,11,297.52
2025-12-18,9:55:21.565868715,T,IBM,I,17,297.505
2025-12-18,9:55:21.666758850,T,IBM,I,7,297.52
2025-12-18,9:55:21.666758850,T,IBM,I,33,297.505
2025-12-18,9:55:33.586802729,T,IBM,F I,25,297.48
2025-12-18,9:55:33.586850832,T,IBM,F I,25,297.48
2025-12-18,9:55:33.586883925,T,IBM,F I,25,297.48
2025-12-18,9:55:33.586920089,T,IBM,F I,5,297.48
2025-12-18,9:55:41.040439916,T,IBM,F,40,297.4
2025-12-18,9:55:41.040443640,T,IBM,F I,33,297.4
2025-12-18,9:55:41.040443640,T,IBM,F I,1,297.4
2025-12-18,9:55:41.040445840,T,IBM,F I,10,297.4
2025-12-18,9:55:41.040650382,T,IBM,,40,297.4
2025-12-18,9:55:41.040653450,T,IBM,,40,297.405
2025-12-18,9:55:41.040680862,T,IBM,F,40,297.39
2025-12-18,9:55:41.040683417,T,IBM,F,40,297.39
2025-12-18,9:55:41.040812784,T,IBM,F I,12,297.39
2025-12-18,9:55:41.041095351,T,IBM,I,28,297.39
2025-12-18,9:55:41.041862203,T,IBM,F I,9,297.39
2025-12-18,9:55:41.041886236,T,IBM,F,54,297.4
2025-12-18,9:55:51.443802132,T,IBM,,40,297.43
2025-12-18,9:55:56.505957012,T,IBM,,40,297.43
2025-12-18,9:56:00.226705693,T,IBM,I,9,297.51
2025-12-18,9:56:00.226735735,T,IBM,F I,9,297.51
2025-12-18,9:56:00.227058031,T,IBM,F I,8,297.54
2025-12-18,9:56:00.227058031,T,IBM,F I,1,297.54
2025-12-18,9:56:00.227069589,T,IBM,F I,9,297.54
2025-12-18,9:56:00.227079012,T,IBM,I,9,297.54
2025-12-18,9:56:00.227129636,T,IBM,I,13,297.54
2025-12-18,9:56:00.245136795,T,IBM,I,15,297.55
2025-12-18,9:56:00.245136795,T,IBM,I,13,297.55
2025-12-18,9:56:00.245166662,T,IBM,F I,2,297.54
2025-12-18,9:56:00.261408345,T,IBM,F I,25,297.5
2025-12-18,9:56:00.261444351,T,IBM,F I,3,297.5
2025-12-18,9:56:01.503310813,T,IBM,F I,10,297.43
2025-12-18,9:56:03.771664741,T,IBM,,40,297.41
2025-12-18,9:56:03.774106700,T,IBM,,40,297.41
2025-12-18,9:56:03.774106700,T,IBM,,60,297.41
2025-12-18,9:56:07.418262860,T,IBM,I,25,297.405
2025-12-18,9:56:08.118570119,T,IBM,I,15,297.405
2025-12-18,9:56:08.118570119,T,IBM,I,25,297.405
2025-12-18,9:56:08.121029986,T,IBM,,40,297.405
2025-12-18,9:56:08.161969385,T,IBM,,100,297.405
2025-12-18,9:56:09.660734394,T,IBM,F,121,297.32
2025-12-18,9:56:09.660737385,T,IBM,F I,1,297.32
2025-12-18,9:56:09.660740806,T,IBM,F,40,297.32
2025-12-18,9:56:09.660740806,T,IBM,F I,1,297.32
2025-12-18,9:56:09.660743566,T,IBM,F I,4,297.32
2025-12-18,9:56:09.660755798,T,IBM,I,1,297.32
2025-12-18,9:56:09.660762345,T,IBM,I,15,297.32
2025-12-18,9:56:09.660762345,T,IBM,I,4,297.32
2025-12-18,9:56:09.660765202,T,IBM,I,2,297.32
2025-12-18,9:56:09.660767409,T,IBM,F I,14,297.32
2025-12-18,9:56:09.660803504,T,IBM,I,6,297.32
2025-12-18,9:56:09.660803504,T,IBM,,100,297.33
2025-12-18,9:56:09.660806577,T,IBM,I,1,297.33
2025-12-18,9:56:09.660825615,T,IBM,I,1,297.32
2025-12-18,9:56:09.660836673,T,IBM,I,3,297.32
2025-12-18,9:56:09.660839641,T,IBM,F I,2,297.31
2025-12-18,9:56:09.661227642,T,IBM,F I,2,297.31
2025-12-18,9:56:09.661281668,T,IBM,I,2,297.3
2025-12-18,9:56:09.747843107,T,IBM,I,18,297.3
2025-12-18,9:56:09.747843107,T,IBM,I,2,297.32
2025-12-18,9:56:09.747843107,T,IBM,I,6,297.33
2025-12-18,9:56:09.747881818,T,IBM,,116,297.31
2025-12-18,9:56:09.747905901,T,IBM,I,34,297.31
2025-12-18,9:56:11.980492845,T,IBM,I,16,297.24
2025-12-18,9:56:17.590943036,T,IBM,F I,25,297.26
2025-12-18,9:56:18.591437568,T,IBM,F I,12,297.17
2025-12-18,9:56:18.591439889,T,IBM,F I,6,297.16
2025-12-18,9:56:18.591704573,T,IBM,F I,11,297.15
2025-12-18,9:56:18.592068350,T,IBM,F I,11,297.15
2025-12-18,9:56:18.597493335,T,IBM,,100,297.19
2025-12-18,9:56:18.597854195,T,IBM,I,9,297.2
2025-12-18,9:56:18.597878407,T,IBM,F I,6,297.2
2025-12-18,9:56:18.597881271,T,IBM,F I,19,297.2
2025-12-18,9:56:19.329180202,T,IBM,I,18,297.22
2025-12-18,9:56:19.329210225,T,IBM,,40,297.23
2025-12-18,9:56:19.336869519,T,IBM,I,2,297.32
2025-12-18,9:56:19.336872566,T,IBM,I,14,297.33
2025-12-18,9:56:19.359326872,T,IBM,,100,297.27
2025-12-18,9:56:19.368901751,T,IBM,F,40,297.25
2025-12-18,9:56:19.369373849,T,IBM,,120,297.24
2025-12-18,9:56:30.900150269,T,IBM,I,10,297.23
2025-12-18,9:56:30.900150269,T,IBM,I,16,297.18
2025-12-18,9:56:30.900153278,T,IBM,I,10,297.17
2025-12-18,9:56:32.204321833,T,IBM,I,13,297.17
2025-12-18,9:56:32.440374759,T,IBM,I,17,297.17
2025-12-18,9:56:32.440377677,T,IBM,,160,297.17
2025-12-18,9:56:38.534715832,T,IBM,F I,25,297.21
2025-12-18,9:56:44.441615066,T,IBM,,80,297.29
2025-12-18,9:56:44.441641942,T,IBM,F I,20,297.29
2025-12-18,9:56:44.441645176,T,IBM,F I,15,297.29
2025-12-18,9:56:44.441704980,T,IBM,F I,39,297.3
2025-12-18,9:56:44.441726116,T,IBM,F I,1,297.3
2025-12-18,9:56:44.441729053,T,IBM,F I,1,297.3
2025-12-18,9:56:44.445169303,T,IBM,,80,297.38
2025-12-18,9:56:44.462060555,T,IBM,I,1,297.34
2025-12-18,9:56:48.544047392,T,IBM,F I,3,297.38
2025-12-18,9:56:48.544053817,T,IBM,F I,3,297.38
2025-12-18,9:56:48.544056972,T,IBM,F I,7,297.38
2025-12-18,9:56:48.544059138,T,IBM,F I,20,297.4
2025-12-18,9:56:48.544062169,T,IBM,F,67,297.43
2025-12-18,9:56:48.544065386,T,IBM,F I,33,297.43
2025-12-18,9:56:48.544065386,T,IBM,F I,3,297.45
2025-12-18,9:56:48.544068093,T,IBM,F I,4,297.47
2025-12-18,9:56:48.544254596,T,IBM,F I,25,297.47
2025-12-18,9:56:48.544279132,T,IBM,I,1,297.47
2025-12-18,9:56:48.544284583,T,IBM,F I,10,297.47
2025-12-18,9:56:48.544311646,T,IBM,F I,20,297.47
2025-12-18,9:56:48.544314725,T,IBM,F I,3,297.47
2025-12-18,9:56:48.544344741,T,IBM,I,13,297.47
2025-12-18,9:56:48.544344741,T,IBM,I,15,297.47
2025-12-18,9:56:48.544468121,T,IBM,,40,297.49
2025-12-18,9:56:48.620395863,T,IBM,,40,297.48
2025-12-18,9:56:55.097052150,T,IBM,F,280,297.62
2025-12-18,9:56:55.097055547,T,IBM,F,40,297.62
