DATE,TIME_M,EX,SYM_ROOT,TR_SCOND,SIZE,PRICE
2025-10-24,9:30:00.366656499,T,IBM,F I,10,284.905
2025-10-24,9:30:00.366668549,T,IBM,Q,10,284.905
2025-10-24,9:30:00.367672875,T,IBM,F I,1,284.905
2025-10-24,9:30:00.367724001,T,IBM,F I,18,284.905
2025-10-24,9:30:00.817736366,T,IBM,,100,283.77
2025-10-24,9:30:00.817739317,T,IBM,,100,283.76
2025-10-24,9:30:00.817760377,T,IBM,I,1,283.76
2025-10-24,9:30:02.331832149,T,IBM,F I,26,283.76
2025-10-24,9:30:02.331835002,T,IBM,F,123,283.76
2025-10-24,9:30:02.332493585,T,IBM,F I,50,283.5
2025-10-24,9:30:02.862571518,T,IBM,I,1,283.29
2025-10-24,9:30:04.165630736,T,IBM,F I,7,283.01
2025-10-24,9:30:04.165633821,T,IBM,F I,4,283.0
2025-10-24,9:30:04.165636788,T,IBM,F I,23,283.0
2025-10-24,9:30:04.165652547,T,IBM,I,1,283.0
2025-10-24,9:30:04.165675879,T,IBM,F I,6,283.0
2025-10-24,9:30:14.902130255,T,IBM,,200,282.81
2025-10-24,9:30:14.919560428,T,IBM,F I,14,283.295
2025-10-24,9:30:14.919560428,T,IBM,F I,29,283.07
2025-10-24,9:30:14.919589898,T,IBM,I,14,283.07
2025-10-24,9:30:14.919592969,T,IBM,,100,283.07
2025-10-24,9:30:14.919592969,T,IBM,I,18,283.06
2025-10-24,9:30:14.919604904,T,IBM,I,68,283.06
2025-10-24,9:30:14.919613967,T,IBM,I,14,283.06
2025-10-24,9:30:14.919613967,T,IBM,,100,283.06
2025-10-24,9:30:14.919628903,T,IBM,I,1,283.06
2025-10-24,9:30:14.919995845,T,IBM,F I,2,283.06
2025-10-24,9:30:14.920016817,T,IBM,I,1,283.06
2025-10-24,9:30:14.920338655,T,IBM,I,6,283.21
2025-10-24,9:30:14.920684422,T,IBM,F I,1,283.26
2025-10-24,9:30:14.924696042,T,IBM,F I,80,283.07
2025-10-24,9:30:14.924696042,T,IBM,F I,56,283.06
2025-10-24,9:30:14.925110945,T,IBM,F I,50,283.06
2025-10-24,9:30:14.925138081,T,IBM,I,30,283.06
2025-10-24,9:30:14.925826686,T,IBM,I,6,283.08
2025-10-24,9:30:14.937314021,T,IBM,,100,282.895
2025-10-24,9:30:14.989446190,T,IBM,I,3,282.895
2025-10-24,9:30:15.052542359,T,IBM,,100,282.895
2025-10-24,9:30:15.802651104,T,IBM,,200,283.06
2025-10-24,9:30:15.924717780,T,IBM,I,25,283.05
2025-10-24,9:30:15.925310135,T,IBM,F I,12,283.04
2025-10-24,9:30:15.970859539,T,IBM,,100,283.05
2025-10-24,9:30:15.970886663,T,IBM,F,100,283.05
2025-10-24,9:30:17.972036736,T,IBM,,200,283.045
2025-10-24,9:30:17.972334435,T,IBM,F I,9,283.37
2025-10-24,9:30:17.972379632,T,IBM,I,2,283.39
2025-10-24,9:30:17.972427942,T,IBM,F I,80,283.37
2025-10-24,9:30:17.972451825,T,IBM,F,120,283.37
2025-10-24,9:30:17.972472857,T,IBM,F I,1,283.445
2025-10-24,9:30:17.972472857,T,IBM,F I,1,283.53
2025-10-24,9:30:17.972491243,T,IBM,F I,20,283.445
2025-10-24,9:30:17.972677503,T,IBM,F I,1,283.53
2025-10-24,9:30:17.972915073,T,IBM,F I,6,283.49
2025-10-24,9:30:17.972960126,T,IBM,F I,9,283.48
2025-10-24,9:30:17.972963429,T,IBM,F I,6,283.51
2025-10-24,9:30:17.972966003,T,IBM,F I,20,283.51
2025-10-24,9:30:17.972968972,T,IBM,F I,11,283.51
2025-10-24,9:30:17.972984059,T,IBM,I,1,283.51
2025-10-24,9:30:17.973065202,T,IBM,F I,8,283.51
2025-10-24,9:30:17.973068187,T,IBM,F I,90,283.51
2025-10-24,9:30:17.973071596,T,IBM,F,100,283.51
2025-10-24,9:30:17.973078117,T,IBM,F I,96,283.51
2025-10-24,9:30:17.974782362,T,IBM,F I,4,283.28
2025-10-24,9:30:18.092596839,T,IBM,F,100,283.09
2025-10-24,9:30:18.092644927,T,IBM,F I,12,283.07
2025-10-24,9:30:19.950982652,T,IBM,F I,25,282.92
2025-10-24,9:30:19.950982652,T,IBM,F I,12,282.86
2025-10-24,9:30:19.950988360,T,IBM,F,100,282.67
2025-10-24,9:30:19.950988360,T,IBM,F,100,282.58
2025-10-24,9:30:19.950991983,T,IBM,F I,32,282.58
2025-10-24,9:30:19.950995359,T,IBM,F I,20,282.58
2025-10-24,9:30:19.950997360,T,IBM,F I,5,282.57
2025-10-24,9:30:19.950997360,T,IBM,F I,3,282.57
2025-10-24,9:30:19.951000223,T,IBM,F I,11,282.57
2025-10-24,9:30:19.951003107,T,IBM,,100,282.57
2025-10-24,9:30:19.951006617,T,IBM,I,1,282.57
2025-10-24,9:30:19.951012140,T,IBM,F,188,282.57
2025-10-24,9:30:19.951177542,T,IBM,F,100,282.58
2025-10-24,9:30:19.951213647,T,IBM,I,13,282.75
2025-10-24,9:30:19.951213647,T,IBM,I,4,282.82
2025-10-24,9:30:19.951475216,T,IBM,F I,44,282.57
2025-10-24,9:30:19.951995520,T,IBM,F I,10,282.58
2025-10-24,9:30:19.951995520,T,IBM,I,3,282.58
2025-10-24,9:30:19.952001472,T,IBM,F I,87,282.58
2025-10-24,9:30:19.952100665,T,IBM,F I,12,282.26
2025-10-24,9:30:19.952103677,T,IBM,F I,12,282.26
2025-10-24,9:30:19.952912639,T,IBM,F I,12,282.54
2025-10-24,9:30:23.466143623,T,IBM,,200,283.095
2025-10-24,9:30:23.467439625,T,IBM,,150,283.095
2025-10-24,9:30:24.674814648,T,IBM,F,100,283.095
2025-10-24,9:30:24.674817060,T,IBM,F I,50,283.1
2025-10-24,9:30:28.686716233,T,IBM,F,100,283.24
2025-10-24,9:30:28.690793887,T,IBM,F I,29,283.14
2025-10-24,9:30:36.059831574,T,IBM,,200,283.5
2025-10-24,9:30:39.370822061,T,IBM,I,50,283.5
2025-10-24,9:30:40.463921427,T,IBM,I,6,283.56
2025-10-24,9:30:40.464192014,T,IBM,F I,12,283.57
2025-10-24,9:30:40.464246165,T,IBM,,100,283.5
2025-10-24,9:30:40.465238525,T,IBM,F I,12,283.74
2025-10-24,9:30:40.467313467,T,IBM,,100,283.74
2025-10-24,9:30:40.470113189,T,IBM,F I,9,283.5
2025-10-24,9:30:40.470146222,T,IBM,F I,9,283.5
2025-10-24,9:30:40.470152236,T,IBM,F I,14,283.5
2025-10-24,9:30:40.470155395,T,IBM,F,100,283.5
2025-10-24,9:30:40.470158267,T,IBM,F I,9,283.49
2025-10-24,9:30:40.470233498,T,IBM,F I,91,283.49
2025-10-24,9:30:40.586048160,T,IBM,F,100,283.5
2025-10-24,9:30:43.533675064,T,IBM,F I,75,283.11
2025-10-24,9:30:43.533675064,T,IBM,F I,5,283.1
2025-10-24,9:30:43.865888673,T,IBM,F I,2,283.01
2025-10-24,9:30:43.865890913,T,IBM,F I,20,283.01
2025-10-24,9:30:43.865893494,T,IBM,F I,20,283.01
2025-10-24,9:30:43.865897476,T,IBM,F,100,283.0
2025-10-24,9:30:43.865899757,T,IBM,F I,46,283.0
2025-10-24,9:30:43.865908682,T,IBM,I,42,283.0
2025-10-24,9:30:43.866621292,T,IBM,F I,3,282.83
2025-10-24,9:30:43.866789888,T,IBM,F I,4,282.83
2025-10-24,9:30:43.868789389,T,IBM,I,73,283.0
2025-10-24,9:30:43.868807483,T,IBM,F I,82,283.0
2025-10-24,9:30:43.868816419,T,IBM,I,21,283.0
2025-10-24,9:30:43.868852498,T,IBM,I,24,283.0
2025-10-24,9:30:43.934537918,T,IBM,F I,32,283.39
2025-10-24,9:30:44.722335487,T,IBM,F I,12,283.27
2025-10-24,9:30:46.802676157,T,IBM,F I,12,283.42
2025-10-24,9:30:46.803262537,T,IBM,F I,38,283.68
2025-10-24,9:30:46.803262537,T,IBM,F I,18,283.7
2025-10-24,9:30:48.126322505,T,IBM,F I,12,283.8
2025-10-24,9:30:48.727528603,T,IBM,F I,4,283.9
2025-10-24,9:30:48.727534707,T,IBM,F I,3,283.92
2025-10-24,9:30:48.727534707,T,IBM,F I,88,283.99
2025-10-24,9:30:49.315482407,T,IBM,F,100,284.03
2025-10-24,9:30:49.315485462,T,IBM,F I,25,284.02
2025-10-24,9:30:51.872545082,T,IBM,F,100,284.24
2025-10-24,9:30:51.873053293,T,IBM,F I,6,284.02
2025-10-24,9:30:51.884618717,T,IBM,F I,1,284.63
2025-10-24,9:30:51.884678871,T,IBM,F I,3,284.78
2025-10-24,9:30:51.884693917,T,IBM,F I,3,284.79
2025-10-24,9:30:51.884953170,T,IBM,I,1,284.46
2025-10-24,9:30:51.884953170,T,IBM,I,1,284.46
2025-10-24,9:30:51.884959093,T,IBM,I,1,284.46
2025-10-24,9:30:51.884959093,T,IBM,I,15,284.45
2025-10-24,9:30:51.885030958,T,IBM,I,9,284.45
2025-10-24,9:30:51.885127048,T,IBM,F I,9,284.72
2025-10-24,9:30:51.885127048,T,IBM,F,100,284.72
2025-10-24,9:30:51.885130011,T,IBM,F I,31,284.72
2025-10-24,9:30:51.885508913,T,IBM,I,2,284.55
2025-10-24,9:30:51.885845716,T,IBM,I,12,284.5
2025-10-24,9:30:51.900505618,T,IBM,F I,4,284.57
2025-10-24,9:30:51.900532643,T,IBM,I,96,284.57
2025-10-24,9:30:51.900532643,T,IBM,I,26,284.61
2025-10-24,9:30:51.900550962,T,IBM,I,1,284.61
2025-10-24,9:30:51.900556861,T,IBM,I,73,284.61
2025-10-24,9:30:51.900556861,T,IBM,I,12,284.61
2025-10-24,9:30:51.900556861,T,IBM,I,10,284.61
2025-10-24,9:30:51.961692296,T,IBM,F I,3,284.49
2025-10-24,9:30:55.632372173,T,IBM,F I,4,284.92
2025-10-24,9:30:55.632376022,T,IBM,F I,7,284.92
2025-10-24,9:30:55.632376022,T,IBM,F I,5,284.96
2025-10-24,9:30:55.632381095,T,IBM,F,175,284.98
2025-10-24,9:30:55.632390056,T,IBM,F I,1,285.0
2025-10-24,9:30:55.632405124,T,IBM,I,88,284.97
2025-10-24,9:30:55.632420733,T,IBM,F I,12,284.97
2025-10-24,9:30:55.632444241,T,IBM,I,10,284.97
2025-10-24,9:30:55.632826094,T,IBM,F I,5,284.97
2025-10-24,9:30:55.632982511,T,IBM,F I,6,285.08
2025-10-24,9:30:55.635596295,T,IBM,I,50,285.5
2025-10-24,9:30:55.635596295,T,IBM,I,3,285.5
2025-10-24,9:30:55.635598982,T,IBM,,150,285.5
2025-10-24,9:30:55.635601691,T,IBM,,100,285.5
2025-10-24,9:30:55.635950590,T,IBM,F,100,285.54
2025-10-24,9:30:55.636082874,T,IBM,I,45,285.51
2025-10-24,9:30:55.636082874,T,IBM,I,55,285.5
2025-10-24,9:30:55.636103981,T,IBM,I,45,285.5
2025-10-24,9:30:55.636109910,T,IBM,,200,285.5
2025-10-24,9:30:55.637971651,T,IBM,I,45,285.49
2025-10-24,9:30:55.637974359,T,IBM,I,25,285.29
2025-10-24,9:30:55.637974359,T,IBM,I,94,285.29
2025-10-24,9:30:55.710702909,T,IBM,F I,5,285.27
2025-10-24,9:30:55.710702909,T,IBM,F I,12,285.23
2025-10-24,9:30:55.710702909,T,IBM,F I,43,285.22
2025-10-24,9:30:55.855271718,T,IBM,F,147,285.485
2025-10-24,9:30:55.883680371,T,IBM,,100,285.49
2025-10-24,9:30:57.366685073,T,IBM,F I,5,285.99
2025-10-24,9:30:57.366685073,T,IBM,F I,3,285.99
2025-10-24,9:30:57.366688049,T,IBM,F I,20,285.99
2025-10-24,9:30:57.366688049,T,IBM,F I,50,286.0
2025-10-24,9:30:57.366690965,T,IBM,F I,87,286.0
2025-10-24,9:30:57.366715258,T,IBM,,100,286.0
2025-10-24,9:30:57.366772222,T,IBM,F I,87,286.0
2025-10-24,9:30:57.366820654,T,IBM,F I,5,285.98
2025-10-24,9:30:57.621827697,T,IBM,F I,12,285.94
2025-10-24,9:30:57.621827697,T,IBM,F I,12,285.93
2025-10-24,9:30:57.621833453,T,IBM,F I,75,285.92
2025-10-24,9:30:57.621833453,T,IBM,F I,12,285.9
2025-10-24,9:30:57.621902948,T,IBM,F I,25,285.84
2025-10-24,9:30:57.793966362,T,IBM,F I,12,286.11
2025-10-24,9:30:57.793966362,T,IBM,F I,5,286.11
2025-10-24,9:30:57.793969371,T,IBM,F I,25,286.12
2025-10-24,9:30:57.793972263,T,IBM,F I,9,286.14
2025-10-24,9:30:59.749311595,T,IBM,F I,12,286.08
2025-10-24,9:30:59.749314724,T,IBM,F,100,286.1
2025-10-24,9:30:59.749317618,T,IBM,F,100,286.14
2025-10-24,9:30:59.749317618,T,IBM,F I,34,286.15
2025-10-24,9:30:59.749930768,T,IBM,I,3,286.22
2025-10-24,9:30:59.834654471,T,IBM,F I,3,286.32
2025-10-24,9:30:59.834654471,T,IBM,F I,4,286.34
2025-10-24,9:30:59.835090462,T,IBM,F I,1,286.47
2025-10-24,9:30:59.836278347,T,IBM,F I,7,286.47
2025-10-24,9:30:59.836648251,T,IBM,F I,1,286.47
2025-10-24,9:30:59.839432877,T,IBM,F I,7,286.47
2025-10-24,9:30:59.839490066,T,IBM,I,83,286.47
2025-10-24,9:30:59.839823733,T,IBM,F I,4,286.24
2025-10-24,9:30:59.840121490,T,IBM,F I,3,286.36
2025-10-24,9:30:59.963282725,T,IBM,F I,4,286.32
2025-10-24,9:31:01.470900866,T,IBM,F I,19,286.01
2025-10-24,9:31:06.808084977,T,IBM,F I,12,286.04
2025-10-24,9:31:06.808084977,T,IBM,F I,25,286.05
2025-10-24,9:31:07.437597552,T,IBM,F I,37,286.14
2025-10-24,9:31:08.453894015,T,IBM,F I,74,286.14
2025-10-24,9:31:13.924972973,T,IBM,F I,12,285.48
2025-10-24,9:31:13.924972973,T,IBM,F I,8,285.37
2025-10-24,9:31:13.924975202,T,IBM,F I,20,285.37
2025-10-24,9:31:13.924980860,T,IBM,F,100,285.36
2025-10-24,9:31:13.924984039,T,IBM,F I,2,285.36
2025-10-24,9:31:13.924987022,T,IBM,F I,60,285.36
2025-10-24,9:31:13.924996199,T,IBM,F I,40,285.36
2025-10-24,9:31:13.924996199,T,IBM,F,100,285.36
2025-10-24,9:31:13.924996199,T,IBM,F,110,285.36
2025-10-24,9:31:13.924998973,T,IBM,I,1,285.36
2025-10-24,9:31:13.925005065,T,IBM,F,133,285.36
2025-10-24,9:31:13.925005065,T,IBM,I,50,285.36
2025-10-24,9:31:13.925008688,T,IBM,F I,6,285.36
2025-10-24,9:31:13.925008688,T,IBM,I,40,285.36
2025-10-24,9:31:13.925011033,T,IBM,F I,60,285.36
2025-10-24,9:31:13.925018240,T,IBM,F I,73,285.36
2025-10-24,9:31:13.925020017,T,IBM,F,100,285.36
2025-10-24,9:31:13.925044079,T,IBM,F I,27,285.36
2025-10-24,9:31:13.925071163,T,IBM,,100,285.37
2025-10-24,9:31:13.925098201,T,IBM,F,100,285.31
2025-10-24,9:31:13.925134289,T,IBM,,100,285.36
2025-10-24,9:31:13.925438069,T,IBM,F I,22,285.18
2025-10-24,9:31:30.130964349,T,IBM,F I,42,285.6
2025-10-24,9:31:30.138650588,T,IBM,,100,285.67
2025-10-24,9:31:30.141459306,T,IBM,I,3,285.57
2025-10-24,9:31:30.141759993,T,IBM,F,100,285.4
2025-10-24,9:31:30.141970544,T,IBM,F I,3,285.28
2025-10-24,9:31:30.141970544,T,IBM,F I,3,285.28
2025-10-24,9:31:30.142024696,T,IBM,I,13,285.48
2025-10-24,9:31:31.946347308,T,IBM,I,1,285.48
2025-10-24,9:31:42.741684498,T,IBM,I,32,285.58
2025-10-24,9:31:42.741705644,T,IBM,I,68,285.58
2025-10-24,9:31:42.744306726,T,IBM,,100,285.58
2025-10-24,9:31:42.744715887,T,IBM,F,100,285.38
2025-10-24,9:31:42.744857027,T,IBM,F I,4,285.31
2025-10-24,9:31:42.744881134,T,IBM,I,3,285.32
2025-10-24,9:31:42.744896167,T,IBM,F I,4,285.32
2025-10-24,9:31:42.744947595,T,IBM,I,23,285.47
2025-10-24,9:31:45.420849779,T,IBM,F,100,285.27
2025-10-24,9:31:45.421983449,T,IBM,F I,87,285.12
2025-10-24,9:31:45.422007706,T,IBM,F,300,285.09
2025-10-24,9:31:45.422058762,T,IBM,F I,87,285.1
2025-10-24,9:31:45.422407525,T,IBM,I,4,285.19
2025-10-24,9:31:45.422786409,T,IBM,I,54,285.27
2025-10-24,9:31:45.442744889,T,IBM,F,100,284.97
2025-10-24,9:31:45.442892310,T,IBM,F I,4,284.93
2025-10-24,9:31:45.447751877,T,IBM,I,4,284.8
2025-10-24,9:31:54.378043270,T,IBM,F I,12,284.74
2025-10-24,9:31:55.079748823,T,IBM,F I,50,284.8
2025-10-24,9:32:03.280701787,T,IBM,F,150,285.0
2025-10-24,9:32:06.289172089,T,IBM,I,12,284.84
2025-10-24,9:32:06.289172089,T,IBM,I,12,284.81
2025-10-24,9:32:06.289175102,T,IBM,I,50,284.8
2025-10-24,9:32:06.289178048,T,IBM,I,25,284.72
2025-10-24,9:32:06.289178048,T,IBM,I,1,284.72
2025-10-24,9:32:06.289319323,T,IBM,F I,18,284.68
2025-10-24,9:32:06.289352831,T,IBM,F I,2,284.68
2025-10-24,9:32:06.289352831,T,IBM,F I,98,284.67
2025-10-24,9:32:06.289373534,T,IBM,I,1,284.67
2025-10-24,9:32:06.289391950,T,IBM,F I,1,284.67
2025-10-24,9:32:06.289394814,T,IBM,F,100,284.67
2025-10-24,9:32:06.289397624,T,IBM,F I,1,284.67
2025-10-24,9:32:06.289430589,T,IBM,,100,284.67
2025-10-24,9:32:06.289442901,T,IBM,F I,60,284.67
2025-10-24,9:32:06.289460679,T,IBM,F I,40,284.67
2025-10-24,9:32:06.289460679,T,IBM,F I,60,284.67
2025-10-24,9:32:06.289515203,T,IBM,I,40,284.67
2025-10-24,9:32:06.289517869,T,IBM,I,26,284.67
2025-10-24,9:32:06.289974900,T,IBM,F I,80,284.62
2025-10-24,9:32:06.289996013,T,IBM,F I,20,284.62
2025-10-24,9:32:06.290065118,T,IBM,I,31,284.6
2025-10-24,9:32:06.290077817,T,IBM,I,19,284.6
2025-10-24,9:32:06.290080355,T,IBM,I,25,284.68
2025-10-24,9:32:06.290083845,T,IBM,I,6,284.7
2025-10-24,9:32:06.292789982,T,IBM,I,8,284.6
2025-10-24,9:32:06.292789982,T,IBM,F I,79,284.6
2025-10-24,9:32:06.296936950,T,IBM,F I,4,284.49
2025-10-24,9:32:18.772969205,T,IBM,F I,6,285.62
2025-10-24,9:32:23.822401957,T,IBM,F I,45,285.13
2025-10-24,9:32:23.822401957,T,IBM,F I,55,285.13
2025-10-24,9:32:23.822416703,T,IBM,F I,25,285.13
2025-10-24,9:32:23.822428106,T,IBM,F I,25,285.15
2025-10-24,9:32:27.544337761,T,IBM,F I,12,285.29
2025-10-24,9:32:27.544385907,T,IBM,F I,50,285.3
2025-10-24,9:32:27.883590537,T,IBM,F I,12,285.34
2025-10-24,9:32:27.883665758,T,IBM,F I,25,285.38
2025-10-24,9:32:31.805957586,T,IBM,F I,12,285.44
2025-10-24,9:32:31.806865713,T,IBM,F I,10,285.7
2025-10-24,9:32:31.823272794,T,IBM,I,12,285.56
2025-10-24,9:32:31.823272794,T,IBM,I,12,285.52
2025-10-24,9:32:31.823293813,T,IBM,F I,76,285.46
2025-10-24,9:32:31.828445088,T,IBM,I,12,285.62
2025-10-24,9:32:31.828448105,T,IBM,I,33,285.56
2025-10-24,9:32:31.834886440,T,IBM,I,25,285.39
2025-10-24,9:32:31.834892505,T,IBM,,100,285.37
2025-10-24,9:32:31.835367615,T,IBM,I,12,285.265
2025-10-24,9:32:31.835394719,T,IBM,F I,63,285.265
2025-10-24,9:32:33.641497353,T,IBM,F,150,285.265
2025-10-24,9:32:33.641539404,T,IBM,F I,50,285.265
2025-10-24,9:32:38.555893100,T,IBM,I,1,285.04
2025-10-24,9:32:40.566888570,T,IBM,I,1,285.04
2025-10-24,9:32:49.650259298,T,IBM,I,2,285.05
2025-10-24,9:33:01.346691721,T,IBM,F I,12,285.47
2025-10-24,9:33:01.542854728,T,IBM,F I,12,285.64
2025-10-24,9:33:01.542857738,T,IBM,F,100,285.68
2025-10-24,9:33:01.544719205,T,IBM,F I,10,285.6
2025-10-24,9:33:01.544734203,T,IBM,F I,12,285.59
2025-10-24,9:33:01.544749174,T,IBM,,100,285.6
2025-10-24,9:33:01.544795090,T,IBM,F,900,285.6
2025-10-24,9:33:01.544959761,T,IBM,I,12,285.64
2025-10-24,9:33:01.553331655,T,IBM,F I,25,285.5
2025-10-24,9:33:01.553331655,T,IBM,F,100,285.49
2025-10-24,9:33:01.563631205,T,IBM,I,25,285.4
2025-10-24,9:33:09.768225511,T,IBM,F I,12,285.35
2025-10-24,9:33:16.400457589,T,IBM,,200,285.44
2025-10-24,9:33:16.400457589,T,IBM,I,25,285.5
2025-10-24,9:33:16.400460592,T,IBM,I,25,285.51
2025-10-24,9:33:16.400470711,T,IBM,I,12,285.52
2025-10-24,9:33:16.400476235,T,IBM,I,45,285.54
2025-10-24,9:33:16.400483580,T,IBM,,100,285.55
2025-10-24,9:33:16.400487809,T,IBM,I,25,285.57
2025-10-24,9:33:16.400487809,T,IBM,I,25,285.58
2025-10-24,9:33:16.400490784,T,IBM,I,12,285.59
2025-10-24,9:33:16.400493736,T,IBM,I,10,285.6
2025-10-24,9:33:16.400493736,T,IBM,I,50,285.6
2025-10-24,9:33:16.400496914,T,IBM,,100,285.6
2025-10-24,9:33:16.400496914,T,IBM,I,12,285.62
2025-10-24,9:33:16.400499702,T,IBM,I,2,285.62
2025-10-24,9:33:16.400635446,T,IBM,F I,25,285.68
2025-10-24,9:33:16.400656074,T,IBM,F I,7,285.68
2025-10-24,9:33:16.400659344,T,IBM,F I,43,285.68
2025-10-24,9:33:16.400662100,T,IBM,F I,50,285.6
2025-10-24,9:33:16.400671303,T,IBM,F I,2,285.68
2025-10-24,9:33:16.401579269,T,IBM,I,20,285.77
2025-10-24,9:33:16.401579269,T,IBM,I,5,285.77
2025-10-24,9:33:16.401582332,T,IBM,I,7,285.78
2025-10-24,9:33:16.401585446,T,IBM,,100,285.78
2025-10-24,9:33:16.401624460,T,IBM,F,100,285.78
2025-10-24,9:33:16.401712018,T,IBM,I,4,285.45
2025-10-24,9:33:16.401842007,T,IBM,I,56,285.52
2025-10-24,9:33:16.401855993,T,IBM,F I,44,285.52
2025-10-24,9:33:16.401859010,T,IBM,F I,15,285.5
2025-10-24,9:33:16.401876992,T,IBM,I,9,285.5
2025-10-24,9:33:16.402869351,T,IBM,F I,30,285.63
2025-10-24,9:33:16.402882127,T,IBM,F,300,285.63
2025-10-24,9:33:16.403140091,T,IBM,I,73,285.5
2025-10-24,9:33:16.403275303,T,IBM,F I,11,285.54
2025-10-24,9:33:16.403308432,T,IBM,F I,46,285.54
2025-10-24,9:33:16.403308432,T,IBM,F I,3,285.54
2025-10-24,9:33:16.403438270,T,IBM,I,27,285.5
2025-10-24,9:33:16.403512960,T,IBM,F I,3,285.64
2025-10-24,9:33:16.421725467,T,IBM,F,100,285.5
2025-10-24,9:33:16.421725467,T,IBM,F I,5,285.5
2025-10-24,9:33:16.421727401,T,IBM,F I,25,285.5
2025-10-24,9:33:16.421730279,T,IBM,F I,12,285.5
2025-10-24,9:33:16.425624545,T,IBM,F I,21,285.45
2025-10-24,9:33:19.394072573,T,IBM,F I,10,285.525
2025-10-24,9:33:30.998272561,T,IBM,I,12,285.64
2025-10-24,9:33:30.998275835,T,IBM,I,25,285.64
2025-10-24,9:33:30.998280075,T,IBM,I,5,285.68
2025-10-24,9:33:30.998284509,T,IBM,I,10,285.69
2025-10-24,9:33:30.998287581,T,IBM,I,25,285.73
2025-10-24,9:33:30.998291456,T,IBM,I,12,285.74
2025-10-24,9:33:30.998291456,T,IBM,I,45,285.75
2025-10-24,9:33:30.998293401,T,IBM,I,25,285.76
2025-10-24,9:33:30.998296415,T,IBM,I,12,285.77
2025-10-24,9:33:30.998296415,T,IBM,I,50,285.78
2025-10-24,9:33:30.998299509,T,IBM,,129,285.79
2025-10-24,9:33:30.998299509,T,IBM,I,1,285.79
2025-10-24,9:33:30.998350568,T,IBM,F I,70,285.79
2025-10-24,9:33:30.998350568,T,IBM,F I,25,285.79
2025-10-24,9:33:30.998386608,T,IBM,F I,25,285.79
2025-10-24,9:33:30.998735531,T,IBM,F I,2,285.8
2025-10-24,9:33:30.998784351,T,IBM,F I,7,285.84
2025-10-24,9:33:30.999863185,T,IBM,F I,9,286.09
2025-10-24,9:33:30.999869453,T,IBM,F,150,286.09
2025-10-24,9:33:30.999908764,T,IBM,F I,41,286.09
2025-10-24,9:33:30.999911242,T,IBM,F,100,286.09
2025-10-24,9:33:30.999914282,T,IBM,F I,9,286.09
2025-10-24,9:33:30.999917251,T,IBM,F I,91,286.09
2025-10-24,9:33:31.000801417,T,IBM,F I,73,286.28
2025-10-24,9:33:31.007357035,T,IBM,I,3,285.99
2025-10-24,9:33:31.007381754,T,IBM,F I,7,285.99
2025-10-24,9:33:31.007381754,T,IBM,F I,25,285.94
2025-10-24,9:33:31.007384491,T,IBM,F I,50,285.92
2025-10-24,9:33:31.007384491,T,IBM,F I,68,285.92
2025-10-24,9:33:31.007438193,T,IBM,F I,32,285.92
2025-10-24,9:33:31.007558468,T,IBM,,200,285.96
2025-10-24,9:33:31.011299355,T,IBM,F I,57,285.8
2025-10-24,9:33:31.011320391,T,IBM,I,1,285.8
2025-10-24,9:33:31.011323883,T,IBM,I,99,285.8
2025-10-24,9:33:31.011356576,T,IBM,F I,1,285.8
2025-10-24,9:33:31.011356576,T,IBM,F I,24,285.8
2025-10-24,9:33:31.011359542,T,IBM,F I,76,285.8
2025-10-24,9:33:31.011359542,T,IBM,F I,25,285.8
2025-10-24,9:33:31.011368646,T,IBM,I,1,285.8
2025-10-24,9:33:31.011368646,T,IBM,F,160,285.8
2025-10-24,9:33:31.012427681,T,IBM,I,1,285.8
2025-10-24,9:33:31.012442099,T,IBM,,213,285.8
2025-10-24,9:33:31.058776434,T,IBM,F I,25,285.82
2025-10-24,9:33:31.660932934,T,IBM,F I,25,285.76
2025-10-24,9:33:31.660974992,T,IBM,F I,5,285.74
2025-10-24,9:33:31.660974992,T,IBM,F I,12,285.74
2025-10-24,9:33:31.769698860,T,IBM,F I,12,285.71
2025-10-24,9:33:32.291840935,T,IBM,F I,25,285.68
2025-10-24,9:33:43.224897246,T,IBM,,100,285.67
2025-10-24,9:33:47.170623724,T,IBM,,100,285.65
2025-10-24,9:33:57.019647516,T,IBM,I,62,285.47
2025-10-24,9:33:57.019650082,T,IBM,,100,285.46
2025-10-24,9:33:57.019653509,T,IBM,I,38,285.46
2025-10-24,9:33:57.019662445,T,IBM,I,62,285.46
2025-10-24,9:33:57.019665758,T,IBM,,100,285.46
2025-10-24,9:33:57.019668384,T,IBM,I,38,285.46
2025-10-24,9:33:57.019668384,T,IBM,I,2,285.46
2025-10-24,9:33:57.019671105,T,IBM,F I,60,285.46
2025-10-24,9:33:57.019710554,T,IBM,I,12,285.46
2025-10-24,9:33:57.020188463,T,IBM,F I,2,285.46
2025-10-24,9:33:57.021427293,T,IBM,F,100,285.46
2025-10-24,9:33:57.022891789,T,IBM,F,100,285.4
2025-10-24,9:33:57.024007451,T,IBM,F I,3,285.38
2025-10-24,9:33:57.024154816,T,IBM,F I,25,285.38
2025-10-24,9:33:57.024163757,T,IBM,F I,99,285.38
2025-10-24,9:34:14.697384735,T,IBM,I,45,285.42
2025-10-24,9:34:14.697508033,T,IBM,I,55,285.43
2025-10-24,9:34:18.236904144,T,IBM,F I,1,285.52
2025-10-24,9:34:18.236934706,T,IBM,F I,5,285.62
2025-10-24,9:34:18.236979385,T,IBM,F I,19,285.64
2025-10-24,9:34:18.238059139,T,IBM,F I,3,285.98
2025-10-24,9:34:18.238194440,T,IBM,I,97,285.99
2025-10-24,9:34:18.238197653,T,IBM,I,3,286.0
2025-10-24,9:34:18.238201408,T,IBM,I,82,286.0
2025-10-24,9:34:18.238207056,T,IBM,I,20,286.0
2025-10-24,9:34:18.238215351,T,IBM,I,11,286.0
2025-10-24,9:34:18.238215351,T,IBM,I,1,286.0
2025-10-24,9:34:18.238218350,T,IBM,F I,78,286.0
2025-10-24,9:34:18.238239514,T,IBM,F I,7,286.0
2025-10-24,9:34:18.238245362,T,IBM,F I,3,286.0
2025-10-24,9:34:18.238296721,T,IBM,F I,3,286.0
2025-10-24,9:34:18.238326525,T,IBM,,200,286.17
2025-10-24,9:34:18.238329580,T,IBM,I,3,286.17
2025-10-24,9:34:18.238344627,T,IBM,I,3,286.0
2025-10-24,9:34:18.238404726,T,IBM,F I,3,286.0
2025-10-24,9:34:18.238447044,T,IBM,F I,3,286.0
2025-10-24,9:34:18.238485898,T,IBM,F I,3,286.0
2025-10-24,9:34:18.238519033,T,IBM,I,3,285.99
2025-10-24,9:34:18.238519033,T,IBM,F I,3,285.99
2025-10-24,9:34:18.238588683,T,IBM,F I,3,285.99
2025-10-24,9:34:18.238612259,T,IBM,F I,1,285.99
2025-10-24,9:34:18.238615263,T,IBM,F I,2,285.99
2025-10-24,9:34:18.238655190,T,IBM,I,3,285.99
2025-10-24,9:34:18.238672746,T,IBM,F I,3,285.99
2025-10-24,9:34:18.238672746,T,IBM,I,97,285.99
2025-10-24,9:34:18.238681366,T,IBM,F I,80,285.99
2025-10-24,9:34:18.238684385,T,IBM,F I,3,285.99
2025-10-24,9:34:18.238700121,T,IBM,F I,17,285.99
2025-10-24,9:34:18.238700121,T,IBM,F I,3,285.99
2025-10-24,9:34:18.238784067,T,IBM,I,3,285.99
2025-10-24,9:34:18.238786707,T,IBM,I,3,285.99
2025-10-24,9:34:18.239219824,T,IBM,I,3,285.99
2025-10-24,9:34:18.239222660,T,IBM,I,2,285.99
2025-10-24,9:34:18.239222660,T,IBM,I,5,285.99
2025-10-24,9:34:18.239228697,T,IBM,,100,286.08
2025-10-24,9:34:18.239228697,T,IBM,I,12,286.14
2025-10-24,9:34:18.239294948,T,IBM,F,100,286.0
2025-10-24,9:34:18.239294948,T,IBM,F I,3,286.01
2025-10-24,9:34:18.240750296,T,IBM,F,100,286.09
2025-10-24,9:34:18.272713428,T,IBM,I,2,286.07
2025-10-24,9:34:19.460213412,T,IBM,F I,2,286.06
2025-10-24,9:34:22.197185243,T,IBM,F,100,286.25
2025-10-24,9:34:34.843085974,T,IBM,F I,5,286.41
2025-10-24,9:34:35.517068537,T,IBM,,100,286.23
2025-10-24,9:34:35.735033463,T,IBM,F I,75,286.29
2025-10-24,9:34:35.735033463,T,IBM,F I,25,286.32
2025-10-24,9:34:35.735036526,T,IBM,F I,5,286.32
2025-10-24,9:34:35.735084547,T,IBM,F,100,286.33
2025-10-24,9:34:41.020743937,T,IBM,F,181,286.41
2025-10-24,9:34:41.020746962,T,IBM,F I,8,286.41
2025-10-24,9:34:41.020768588,T,IBM,F,481,286.41
2025-10-24,9:34:41.020768588,T,IBM,F,100,286.41
2025-10-24,9:34:41.020773996,T,IBM,F,100,286.41
2025-10-24,9:34:41.020773996,T,IBM,F,400,286.41
2025-10-24,9:34:42.634511904,T,IBM,F,150,286.37
2025-10-24,9:34:45.216043673,T,IBM,I,10,286.53
2025-10-24,9:34:45.216046691,T,IBM,I,75,286.53
2025-10-24,9:34:45.216049657,T,IBM,I,12,286.56
2025-10-24,9:34:45.216052834,T,IBM,I,45,286.57
2025-10-24,9:34:45.216052834,T,IBM,I,94,286.65
2025-10-24,9:34:45.216395603,T,IBM,F I,36,286.67
2025-10-24,9:34:45.216395603,T,IBM,F,100,286.67
2025-10-24,9:34:45.216399048,T,IBM,F,100,286.67
2025-10-24,9:34:48.254642714,T,IBM,F,300,286.53
2025-10-24,9:34:48.254754296,T,IBM,F,200,286.44
2025-10-24,9:34:48.254754296,T,IBM,F,100,286.44
2025-10-24,9:34:48.254771961,T,IBM,,100,286.44
2025-10-24,9:34:48.254771961,T,IBM,F,100,286.44
2025-10-24,9:34:48.254775716,T,IBM,F,200,286.44
2025-10-24,9:34:48.254778912,T,IBM,I,1,286.44
2025-10-24,9:34:48.254778912,T,IBM,,100,286.44
2025-10-24,9:34:48.254784284,T,IBM,,100,286.44
2025-10-24,9:34:48.254784284,T,IBM,F,200,286.44
2025-10-24,9:34:48.254793092,T,IBM,F I,10,286.44
2025-10-24,9:34:48.254799044,T,IBM,,190,286.44
2025-10-24,9:34:48.254799044,T,IBM,,210,286.44
2025-10-24,9:34:48.254811028,T,IBM,,200,286.44
2025-10-24,9:34:48.254817725,T,IBM,F,190,286.44
2025-10-24,9:34:48.254823094,T,IBM,,190,286.44
2025-10-24,9:34:48.254841100,T,IBM,I,10,286.44
2025-10-24,9:34:48.254841100,T,IBM,I,6,286.44
2025-10-24,9:34:48.254853358,T,IBM,F I,10,286.44
2025-10-24,9:34:48.254860495,T,IBM,F,184,286.44
2025-10-24,9:34:48.254860495,T,IBM,F I,16,286.44
2025-10-24,9:34:48.254862160,T,IBM,I,10,286.44
2025-10-24,9:34:48.254868246,T,IBM,I,11,286.44
2025-10-24,9:34:48.254883395,T,IBM,,194,286.44
2025-10-24,9:34:48.254886626,T,IBM,F I,6,286.44
2025-10-24,9:34:48.254889311,T,IBM,F,115,286.44
2025-10-24,9:34:48.254895285,T,IBM,F I,56,286.44
2025-10-24,9:34:48.254910340,T,IBM,F I,7,286.44
2025-10-24,9:34:48.254919369,T,IBM,F,144,286.44
2025-10-24,9:34:48.254925343,T,IBM,F I,56,286.44
2025-10-24,9:34:48.254925343,T,IBM,I,6,286.44
2025-10-24,9:34:48.254934323,T,IBM,,100,286.44
2025-10-24,9:34:48.254943424,T,IBM,,200,286.44
2025-10-24,9:34:48.254970450,T,IBM,I,20,286.44
2025-10-24,9:34:48.254970450,T,IBM,I,26,286.44
2025-10-24,9:34:48.254991550,T,IBM,I,1,286.44
2025-10-24,9:34:48.255003533,T,IBM,I,35,286.44
2025-10-24,9:34:48.255003533,T,IBM,I,2,286.44
2025-10-24,9:34:48.255012584,T,IBM,F I,98,286.44
2025-10-24,9:34:48.255096751,T,IBM,,200,286.44
2025-10-24,9:34:48.255096751,T,IBM,,100,286.44
2025-10-24,9:34:48.255493685,T,IBM,F I,80,286.44
2025-10-24,9:34:48.255514767,T,IBM,F,120,286.44
2025-10-24,9:34:48.255535843,T,IBM,,200,286.44
2025-10-24,9:34:48.255535843,T,IBM,I,96,286.44
2025-10-24,9:34:48.255538774,T,IBM,I,15,286.44
2025-10-24,9:34:48.477244628,T,IBM,F I,25,286.52
2025-10-24,9:34:52.062749560,T,IBM,F,150,286.37
2025-10-24,9:34:55.348413637,T,IBM,I,45,286.4
2025-10-24,9:34:55.348963999,T,IBM,I,45,286.4
2025-10-24,9:34:57.234332418,T,IBM,F I,75,286.41
2025-10-24,9:34:57.236413335,T,IBM,,100,286.305
2025-10-24,9:35:01.361009236,T,IBM,F I,5,286.46
2025-10-24,9:35:01.361012052,T,IBM,F I,25,286.47
2025-10-24,9:35:01.361012052,T,IBM,F I,45,286.52
2025-10-24,9:35:01.361014866,T,IBM,F I,2,286.52
2025-10-24,9:35:01.361020815,T,IBM,F I,75,286.53
2025-10-24,9:35:01.361026957,T,IBM,F,1000,286.57
2025-10-24,9:35:01.361032893,T,IBM,F I,30,286.57
2025-10-24,9:35:01.361035911,T,IBM,F I,18,286.58
2025-10-24,9:35:01.361074938,T,IBM,,100,286.57
2025-10-24,9:35:01.361709522,T,IBM,F,142,286.57
2025-10-24,9:35:01.361775680,T,IBM,F,300,286.65
2025-10-24,9:35:04.440129043,T,IBM,,100,286.73
2025-10-24,9:35:15.868804487,T,IBM,F I,45,286.62
2025-10-24,9:35:15.868806812,T,IBM,F,100,286.72
2025-10-24,9:35:15.868806812,T,IBM,F I,55,286.75
2025-10-24,9:35:18.317518405,T,IBM,,100,286.635
2025-10-24,9:35:18.321018799,T,IBM,,100,286.635
2025-10-24,9:35:18.324516074,T,IBM,,100,286.635
2025-10-24,9:35:18.342986063,T,IBM,F I,25,286.72
2025-10-24,9:35:21.597294557,T,IBM,F,150,286.54
2025-10-24,9:35:21.806406345,T,IBM,F I,75,286.68
2025-10-24,9:35:21.806409393,T,IBM,F I,50,286.69
2025-10-24,9:35:21.807894919,T,IBM,F I,10,287.0
2025-10-24,9:35:21.807900984,T,IBM,F I,3,287.0
2025-10-24,9:35:21.807900984,T,IBM,F I,11,287.0
2025-10-24,9:35:21.807904079,T,IBM,F I,3,287.0
2025-10-24,9:35:21.807904079,T,IBM,F I,75,287.0
2025-10-24,9:35:21.857822823,T,IBM,F,100,287.14
2025-10-24,9:35:21.857864865,T,IBM,F I,5,287.19
2025-10-24,9:35:21.857937112,T,IBM,F,100,287.24
2025-10-24,9:35:21.866281907,T,IBM,F I,3,287.47
2025-10-24,9:35:21.866402387,T,IBM,F I,10,287.5
2025-10-24,9:35:21.866757055,T,IBM,F I,20,287.51
2025-10-24,9:35:21.868492241,T,IBM,I,5,287.6
2025-10-24,9:35:21.885236119,T,IBM,F I,25,287.66
2025-10-24,9:35:21.885260098,T,IBM,F I,35,287.67
2025-10-24,9:35:21.885290250,T,IBM,F I,35,287.69
2025-10-24,9:35:21.885293230,T,IBM,F I,65,287.69
2025-10-24,9:35:21.885293230,T,IBM,F I,35,287.7
2025-10-24,9:35:21.885876541,T,IBM,I,1,287.62
2025-10-24,9:35:21.885948868,T,IBM,I,3,287.61
2025-10-24,9:35:21.886000888,T,IBM,F I,42,287.61
2025-10-24,9:35:21.886000888,T,IBM,F I,86,287.74
2025-10-24,9:35:21.886005941,T,IBM,F I,58,287.74
2025-10-24,9:35:21.886005941,T,IBM,F I,42,287.74
2025-10-24,9:35:21.886008877,T,IBM,F I,45,287.74
2025-10-24,9:35:21.886008877,T,IBM,F I,1,287.75
2025-10-24,9:35:21.886183282,T,IBM,I,2,287.75
2025-10-24,9:35:21.886288568,T,IBM,I,45,287.65
2025-10-24,9:35:21.886288568,T,IBM,I,7,287.75
2025-10-24,9:35:21.886291622,T,IBM,I,19,287.75
2025-10-24,9:35:21.886294594,T,IBM,I,81,287.75
2025-10-24,9:35:21.886354924,T,IBM,F I,34,287.67
2025-10-24,9:35:21.886378805,T,IBM,F I,6,287.75
2025-10-24,9:35:21.887178645,T,IBM,I,3,287.65
2025-10-24,9:35:21.887329081,T,IBM,I,7,287.68
2025-10-24,9:35:23.595037656,T,IBM,F I,45,287.43
2025-10-24,9:35:23.595037656,T,IBM,F I,5,287.49
2025-10-24,9:35:23.595046784,T,IBM,F,100,287.52
2025-10-24,9:35:23.595046784,T,IBM,F,100,287.52
2025-10-24,9:35:23.595046784,T,IBM,F I,10,287.55
2025-10-24,9:35:26.030860370,T,IBM,F I,25,287.47
2025-10-24,9:35:26.030863355,T,IBM,F I,50,287.5
2025-10-24,9:35:26.030863355,T,IBM,F I,25,287.52
2025-10-24,9:35:26.030866395,T,IBM,F I,16,287.57
2025-10-24,9:35:26.239845894,T,IBM,F I,25,287.52
2025-10-24,9:35:26.239848866,T,IBM,F I,10,287.61
2025-10-24,9:35:27.976062547,T,IBM,F I,25,287.54
2025-10-24,9:35:27.976062547,T,IBM,F I,25,287.52
2025-10-24,9:35:27.978359794,T,IBM,I,45,287.58
2025-10-24,9:35:27.978362735,T,IBM,I,55,287.62
2025-10-24,9:35:29.330992056,T,IBM,F I,5,287.59
2025-10-24,9:35:29.330994794,T,IBM,F I,30,287.6
2025-10-24,9:35:29.379981516,T,IBM,I,5,287.44
2025-10-24,9:35:29.380026562,T,IBM,F I,50,287.4
2025-10-24,9:35:31.507624728,T,IBM,F,150,287.21
2025-10-24,9:35:31.507664531,T,IBM,F I,77,287.21
2025-10-24,9:35:36.724841097,T,IBM,F I,45,287.48
2025-10-24,9:35:36.724844142,T,IBM,F I,11,287.48
2025-10-24,9:35:38.803813925,T,IBM,F I,3,288.0
2025-10-24,9:35:38.803816786,T,IBM,F I,17,288.0
2025-10-24,9:35:38.803819796,T,IBM,F,100,288.0
2025-10-24,9:35:38.803822520,T,IBM,F I,10,288.0
2025-10-24,9:35:38.803825960,T,IBM,F I,12,288.0
2025-10-24,9:35:38.803828475,T,IBM,F I,5,288.0
2025-10-24,9:35:38.839815539,T,IBM,F I,35,288.2
2025-10-24,9:35:39.860715792,T,IBM,F,100,288.22
2025-10-24,9:35:39.860715792,T,IBM,F I,42,288.29
2025-10-24,9:35:39.861208688,T,IBM,I,8,288.07
2025-10-24,9:35:41.584229649,T,IBM,F I,1,288.33
2025-10-24,9:35:41.785093266,T,IBM,F I,99,288.33
2025-10-24,9:35:41.785095827,T,IBM,F I,95,288.33
2025-10-24,9:35:41.785772422,T,IBM,F I,1,288.34
2025-10-24,9:35:41.786193429,T,IBM,F I,5,288.34
2025-10-24,9:35:41.995056125,T,IBM,F I,5,288.34
2025-10-24,9:35:41.995059077,T,IBM,F I,6,288.34
2025-10-24,9:35:41.995062185,T,IBM,F I,3,288.34
2025-10-24,9:35:41.995062185,T,IBM,F I,6,288.34
2025-10-24,9:35:41.995064744,T,IBM,F I,6,288.34
2025-10-24,9:35:41.995115870,T,IBM,I,30,288.2
2025-10-24,9:35:42.786843711,T,IBM,F I,30,288.33
2025-10-24,9:35:42.786849762,T,IBM,F I,30,288.33
2025-10-24,9:35:42.786849762,T,IBM,F I,11,288.33
2025-10-24,9:35:42.786877471,T,IBM,F I,29,288.33
2025-10-24,9:35:42.786879934,T,IBM,F,100,288.33
2025-10-24,9:35:42.786883191,T,IBM,F I,30,288.34
2025-10-24,9:35:42.786883191,T,IBM,F I,11,288.37
2025-10-24,9:35:42.787162909,T,IBM,I,5,288.5
2025-10-24,9:35:42.787162909,T,IBM,I,50,288.5
2025-10-24,9:35:42.787183454,T,IBM,I,8,288.5
2025-10-24,9:35:42.787312866,T,IBM,F I,92,288.5
2025-10-24,9:35:42.787520612,T,IBM,F I,32,288.4
2025-10-24,9:35:42.787523367,T,IBM,F I,27,288.39
2025-10-24,9:35:42.787535394,T,IBM,I,22,288.39
2025-10-24,9:35:42.787538353,T,IBM,I,37,288.39
2025-10-24,9:35:42.787571762,T,IBM,F I,50,288.39
2025-10-24,9:35:42.787571762,T,IBM,I,2,288.39
2025-10-24,9:35:42.787580477,T,IBM,F I,48,288.39
2025-10-24,9:35:42.787587239,T,IBM,F,100,288.5
2025-10-24,9:35:42.787833353,T,IBM,I,25,288.4
2025-10-24,9:35:42.787837016,T,IBM,I,12,288.39
2025-10-24,9:35:42.787837016,T,IBM,F I,72,288.5
2025-10-24,9:35:42.787881140,T,IBM,F I,8,288.5
2025-10-24,9:35:42.789793795,T,IBM,I,20,288.5
2025-10-24,9:35:42.789793795,T,IBM,I,14,288.5
2025-10-24,9:35:42.789874898,T,IBM,I,20,288.43
2025-10-24,9:35:43.998527473,T,IBM,F I,20,288.5
2025-10-24,9:35:43.998527473,T,IBM,F I,25,288.5
2025-10-24,9:35:43.998530288,T,IBM,F I,98,288.65
2025-10-24,9:35:44.211783062,T,IBM,F I,20,288.66
2025-10-24,9:35:45.827643808,T,IBM,I,1,288.7
2025-10-24,9:35:45.827679854,T,IBM,I,13,288.71
2025-10-24,9:35:45.829117270,T,IBM,I,7,288.59
2025-10-24,9:35:46.944995811,T,IBM,I,5,288.72
2025-10-24,9:35:46.945001998,T,IBM,I,25,288.57
2025-10-24,9:35:46.945001998,T,IBM,I,19,288.47
2025-10-24,9:35:46.945230552,T,IBM,I,4,288.59
2025-10-24,9:35:46.945233388,T,IBM,I,52,288.58
2025-10-24,9:35:46.945233388,T,IBM,I,4,288.58
2025-10-24,9:35:48.531585117,T,IBM,F I,12,288.63
2025-10-24,9:35:48.531588004,T,IBM,F I,48,288.65
2025-10-24,9:35:48.566188342,T,IBM,F I,50,288.58
2025-10-24,9:35:49.030971852,T,IBM,F I,92,288.71
2025-10-24,9:35:49.815921574,T,IBM,I,5,288.62
2025-10-24,9:35:50.004347308,T,IBM,F I,25,288.52
2025-10-24,9:35:50.004350127,T,IBM,F I,50,288.51
2025-10-24,9:35:50.004401319,T,IBM,F I,25,288.5
2025-10-24,9:35:50.328948866,T,IBM,F,150,288.4
2025-10-24,9:35:50.328963926,T,IBM,F I,6,288.4
2025-10-24,9:35:50.328991317,T,IBM,F I,6,288.4
2025-10-24,9:35:50.328994402,T,IBM,F,138,288.4
2025-10-24,9:35:50.328994402,T,IBM,F I,6,288.37
2025-10-24,9:35:50.329412067,T,IBM,,100,288.4
2025-10-24,9:35:50.329427030,T,IBM,F,256,288.4
2025-10-24,9:35:50.329433122,T,IBM,I,1,288.4
2025-10-24,9:35:50.329433122,T,IBM,F I,99,288.4
2025-10-24,9:35:50.329439084,T,IBM,,226,288.4
2025-10-24,9:35:50.329448128,T,IBM,I,44,288.4
2025-10-24,9:35:50.329478319,T,IBM,I,44,288.4
2025-10-24,9:35:50.329487231,T,IBM,F,126,288.4
2025-10-24,9:35:50.337026246,T,IBM,F,100,288.39
2025-10-24,9:35:50.337026246,T,IBM,F,226,288.4
2025-10-24,9:35:50.337029102,T,IBM,F I,44,288.4
2025-10-24,9:35:50.337029102,T,IBM,F I,70,288.4
2025-10-24,9:35:50.337047585,T,IBM,F I,56,288.4
2025-10-24,9:35:50.337047585,T,IBM,F I,44,288.4
2025-10-24,9:35:50.337311858,T,IBM,F,100,288.4
2025-10-24,9:35:52.736814186,T,IBM,F I,1,288.54
2025-10-24,9:35:55.863240255,T,IBM,I,45,288.63
2025-10-24,9:35:55.863243879,T,IBM,I,25,288.64
2025-10-24,9:35:55.863243879,T,IBM,I,1,288.65
2025-10-24,9:35:55.863246838,T,IBM,I,99,288.65
2025-10-24,9:35:55.863252374,T,IBM,,100,288.65
2025-10-24,9:35:55.863258303,T,IBM,,100,288.68
2025-10-24,9:35:55.863261354,T,IBM,,100,288.71
2025-10-24,9:35:55.863264414,T,IBM,,100,288.72
2025-10-24,9:35:55.863306427,T,IBM,I,54,288.51
2025-10-24,9:35:55.863324453,T,IBM,I,1,288.51
2025-10-24,9:35:55.863339521,T,IBM,F I,99,288.51
2025-10-24,9:35:55.863339521,T,IBM,F I,1,288.51
2025-10-24,9:35:55.863402878,T,IBM,F I,1,288.62
2025-10-24,9:35:55.863402878,T,IBM,F I,36,288.62
2025-10-24,9:35:55.863781522,T,IBM,F I,45,288.77
2025-10-24,9:35:55.864034209,T,IBM,F I,26,288.67
2025-10-24,9:35:55.864034209,T,IBM,F I,11,288.66
2025-10-24,9:35:55.864163413,T,IBM,I,17,288.75
2025-10-24,9:35:55.864208481,T,IBM,F I,75,288.75
2025-10-24,9:35:55.864223560,T,IBM,F I,25,288.75
2025-10-24,9:35:55.865745227,T,IBM,,100,288.83
2025-10-24,9:35:55.866502951,T,IBM,I,3,288.91
2025-10-24,9:35:55.867173597,T,IBM,I,66,288.99
2025-10-24,9:35:55.867274350,T,IBM,F I,20,289.0
2025-10-24,9:35:55.867278836,T,IBM,F I,5,289.0
2025-10-24,9:35:55.867278836,T,IBM,F I,40,289.0
2025-10-24,9:35:55.867278836,T,IBM,F I,34,289.0
2025-10-24,9:35:55.867281870,T,IBM,F I,66,289.0
2025-10-24,9:35:55.867296947,T,IBM,I,10,289.0
2025-10-24,9:35:55.867729929,T,IBM,I,10,289.0
2025-10-24,9:35:55.873434515,T,IBM,F,118,288.95
2025-10-24,9:35:55.873455496,T,IBM,I,25,289.09
2025-10-24,9:35:55.873458572,T,IBM,I,45,289.09
2025-10-24,9:35:55.873474284,T,IBM,F I,30,289.09
2025-10-24,9:35:55.877043082,T,IBM,F I,21,288.82
2025-10-24,9:35:55.877133276,T,IBM,F,134,288.82
2025-10-24,9:35:57.380658710,T,IBM,F,100,288.78
2025-10-24,9:35:57.380712817,T,IBM,F,100,288.77
2025-10-24,9:35:57.916387196,T,IBM,I,10,288.99
2025-10-24,9:35:57.916387196,T,IBM,I,32,288.99
2025-10-24,9:35:57.918928099,T,IBM,F I,5,288.86
2025-10-24,9:36:00.665111095,T,IBM,I,10,288.96
2025-10-24,9:36:00.665131962,T,IBM,F,290,289.0
2025-10-24,9:36:00.665853653,T,IBM,F I,50,288.94
2025-10-24,9:36:00.685773018,T,IBM,F I,5,288.84
2025-10-24,9:36:02.456445506,T,IBM,F I,5,288.91
2025-10-24,9:36:04.949708081,T,IBM,I,25,288.87
2025-10-24,9:36:05.554426757,T,IBM,I,20,288.99
2025-10-24,9:36:05.574240968,T,IBM,F I,99,289.45
2025-10-24,9:36:05.574385392,T,IBM,F I,1,289.45
2025-10-24,9:36:05.574421366,T,IBM,I,1,289.5
2025-10-24,9:36:05.574431023,T,IBM,I,59,289.5
2025-10-24,9:36:05.574431023,T,IBM,I,3,289.5
2025-10-24,9:36:05.574433418,T,IBM,I,36,289.5
2025-10-24,9:36:05.577106722,T,IBM,F I,20,289.63
2025-10-24,9:36:05.577106722,T,IBM,F I,49,289.63
2025-10-24,9:36:05.579960492,T,IBM,F I,6,289.47
2025-10-24,9:36:05.579966623,T,IBM,F I,6,289.47
2025-10-24,9:36:05.579981531,T,IBM,I,6,289.47
2025-10-24,9:36:05.580231142,T,IBM,F I,50,289.56
2025-10-24,9:36:05.580252235,T,IBM,I,1,289.56
2025-10-24,9:36:05.580462741,T,IBM,F I,75,289.47
2025-10-24,9:36:05.592927682,T,IBM,I,5,289.46
2025-10-24,9:36:05.592927682,T,IBM,I,15,289.47
2025-10-24,9:36:05.770325704,T,IBM,F I,10,289.47
2025-10-24,9:36:05.770488107,T,IBM,I,2,289.55
2025-10-24,9:36:07.871478923,T,IBM,F,150,289.64
2025-10-24,9:36:07.871509012,T,IBM,F I,77,289.64
2025-10-24,9:36:07.871511956,T,IBM,F I,3,289.6
2025-10-24,9:36:07.871566049,T,IBM,F I,80,289.6
2025-10-24,9:36:07.871845752,T,IBM,F I,17,289.6
2025-10-24,9:36:07.871845752,T,IBM,F I,77,289.59
2025-10-24,9:36:07.871863815,T,IBM,I,1,289.59
2025-10-24,9:36:07.871890828,T,IBM,I,2,289.59
2025-10-24,9:36:08.312283273,T,IBM,F,100,289.59
2025-10-24,9:36:08.312490774,T,IBM,F,100,289.52
2025-10-24,9:36:08.312541885,T,IBM,,100,289.52
2025-10-24,9:36:08.336048799,T,IBM,I,56,289.53
2025-10-24,9:36:08.914689338,T,IBM,F I,44,289.53
2025-10-24,9:36:10.994443611,T,IBM,F I,4,289.87
2025-10-24,9:36:10.994569930,T,IBM,F I,1,289.88
2025-10-24,9:36:10.994569930,T,IBM,F I,3,289.88
2025-10-24,9:36:10.994626987,T,IBM,F,200,289.89
2025-10-24,9:36:10.994657787,T,IBM,F I,25,289.83
2025-10-24,9:36:10.994657787,T,IBM,F I,34,289.78
2025-10-24,9:36:10.994660032,T,IBM,F I,44,289.77
2025-10-24,9:36:10.994681208,T,IBM,I,1,289.84
2025-10-24,9:36:10.994681208,T,IBM,I,49,289.84
2025-10-24,9:36:10.995042012,T,IBM,F I,34,289.89
2025-10-24,9:36:13.159610370,T,IBM,I,25,289.83
2025-10-24,9:36:13.159613514,T,IBM,I,10,289.89
2025-10-24,9:36:13.159613514,T,IBM,I,17,289.95
2025-10-24,9:36:13.160070182,T,IBM,F I,25,289.97
2025-10-24,9:36:13.160169452,T,IBM,F I,30,289.88
2025-10-24,9:36:13.160259680,T,IBM,F I,75,289.97
2025-10-24,9:36:13.160259680,T,IBM,F,100,289.97
2025-10-24,9:36:13.160262764,T,IBM,F I,1,289.97
2025-10-24,9:36:13.160262764,T,IBM,F I,29,289.97
2025-10-24,9:36:13.160268704,T,IBM,F I,1,289.97
2025-10-24,9:36:13.160295805,T,IBM,F I,50,289.97
2025-10-24,9:36:13.160316833,T,IBM,I,10,289.97
2025-10-24,9:36:13.160464175,T,IBM,,103,289.96
2025-10-24,9:36:13.161285113,T,IBM,I,40,289.97
2025-10-24,9:36:13.161288165,T,IBM,,100,289.97
2025-10-24,9:36:13.161288165,T,IBM,,570,289.97
2025-10-24,9:36:13.161493021,T,IBM,F I,20,290.0
2025-10-24,9:36:13.161495655,T,IBM,F I,1,290.0
2025-10-24,9:36:13.163702849,T,IBM,I,3,290.39
2025-10-24,9:36:13.163705838,T,IBM,,200,290.48
2025-10-24,9:36:13.163708830,T,IBM,,103,290.49
2025-10-24,9:36:13.163766379,T,IBM,F I,2,290.25
2025-10-24,9:36:13.163769308,T,IBM,F I,92,290.2
2025-10-24,9:36:13.164686166,T,IBM,I,2,290.36
2025-10-24,9:36:13.164689198,T,IBM,I,92,290.39
2025-10-24,9:36:13.164689198,T,IBM,I,5,290.39
2025-10-24,9:36:13.164698199,T,IBM,F I,30,290.23
2025-10-24,9:36:13.164707406,T,IBM,F I,36,290.39
2025-10-24,9:36:13.164710961,T,IBM,F I,32,290.39
2025-10-24,9:36:13.164746387,T,IBM,F I,23,290.31
2025-10-24,9:36:13.164806474,T,IBM,F I,1,290.31
2025-10-24,9:36:13.164857616,T,IBM,F I,16,290.25
2025-10-24,9:36:13.164902759,T,IBM,F I,24,290.19
2025-10-24,9:36:13.165410949,T,IBM,F I,16,290.25
2025-10-24,9:36:13.165413925,T,IBM,F I,10,290.25
2025-10-24,9:36:13.165431983,T,IBM,I,1,290.25
2025-10-24,9:36:13.165943151,T,IBM,I,22,290.25
2025-10-24,9:36:13.167149032,T,IBM,F I,2,290.17
2025-10-24,9:36:13.181237944,T,IBM,I,24,289.97
2025-10-24,9:36:13.181241152,T,IBM,I,34,290.0
2025-10-24,9:36:13.181243708,T,IBM,I,66,290.0
2025-10-24,9:36:13.181243708,T,IBM,I,31,290.0
2025-10-24,9:36:13.181261618,T,IBM,I,1,290.0
2025-10-24,9:36:13.181279666,T,IBM,F I,29,290.0
2025-10-24,9:36:13.181478637,T,IBM,F I,7,290.0
2025-10-24,9:36:13.181481226,T,IBM,F I,1,290.0
2025-10-24,9:36:15.392807547,T,IBM,F I,66,290.22
2025-10-24,9:36:15.392894782,T,IBM,F I,10,290.22
2025-10-24,9:36:15.392915838,T,IBM,F I,20,290.22
2025-10-24,9:36:15.392925068,T,IBM,I,4,290.22
2025-10-24,9:36:15.392925068,T,IBM,I,3,290.23
2025-10-24,9:36:15.393012090,T,IBM,I,10,290.23
2025-10-24,9:36:15.393057102,T,IBM,I,7,290.23
2025-10-24,9:36:15.393060181,T,IBM,I,1,290.23
2025-10-24,9:36:15.414197768,T,IBM,F I,50,290.24
2025-10-24,9:36:15.414200477,T,IBM,F I,25,290.18
2025-10-24,9:36:15.414200477,T,IBM,F I,75,290.15
2025-10-24,9:36:15.414260685,T,IBM,F I,25,290.15
2025-10-24,9:36:18.983599011,T,IBM,F,100,289.83
2025-10-24,9:36:18.983599011,T,IBM,F I,3,289.83
2025-10-24,9:36:19.194172505,T,IBM,I,25,289.57
2025-10-24,9:36:19.194172505,T,IBM,I,10,289.52
2025-10-24,9:36:19.194172505,T,IBM,I,15,289.52
2025-10-24,9:36:19.401591140,T,IBM,F I,50,289.49
2025-10-24,9:36:19.401627261,T,IBM,F I,20,289.42
2025-10-24,9:36:19.401657337,T,IBM,I,80,289.42
2025-10-24,9:36:19.402039144,T,IBM,F,100,289.38
2025-10-24,9:36:19.402042187,T,IBM,F I,8,289.36
2025-10-24,9:36:19.402109114,T,IBM,F I,92,289.36
2025-10-24,9:36:19.402109114,T,IBM,F I,8,289.36
2025-10-24,9:36:19.402111361,T,IBM,F,100,289.36
2025-10-24,9:36:19.402150583,T,IBM,F,100,289.36
2025-10-24,9:36:19.402156848,T,IBM,F,100,289.36
2025-10-24,9:36:19.402159485,T,IBM,F I,98,289.36
2025-10-24,9:36:19.402195609,T,IBM,F I,29,289.36
2025-10-24,9:36:19.402286354,T,IBM,I,39,289.39
2025-10-24,9:36:19.402484224,T,IBM,I,2,289.44
2025-10-24,9:36:19.402796937,T,IBM,I,8,289.38
2025-10-24,9:36:19.402812002,T,IBM,F I,8,289.39
2025-10-24,9:36:19.402956379,T,IBM,,100,289.38
2025-10-24,9:36:19.402968390,T,IBM,F,100,289.38
2025-10-24,9:36:19.402989454,T,IBM,F I,92,289.38
2025-10-24,9:36:19.403076647,T,IBM,F I,2,289.61
2025-10-24,9:36:19.403076647,T,IBM,F I,3,289.61
2025-10-24,9:36:19.403497618,T,IBM,F I,18,289.5
2025-10-24,9:36:19.422335257,T,IBM,F I,2,289.35
2025-10-24,9:36:19.422338474,T,IBM,F I,3,289.35
2025-10-24,9:36:19.422338474,T,IBM,F I,5,289.34
2025-10-24,9:36:19.422343833,T,IBM,F I,5,289.34
2025-10-24,9:36:19.422343833,T,IBM,F,100,289.33
2025-10-24,9:36:19.422343833,T,IBM,F,285,289.32
2025-10-24,9:36:19.422346510,T,IBM,F I,20,289.32
2025-10-24,9:36:19.422355601,T,IBM,F I,20,289.32
2025-10-24,9:36:19.422361587,T,IBM,I,49,289.32
2025-10-24,9:36:19.422364610,T,IBM,I,1,289.32
2025-10-24,9:36:19.422367628,T,IBM,F I,25,289.32
2025-10-24,9:36:19.422409652,T,IBM,F I,13,289.32
2025-10-24,9:36:20.688183098,T,IBM,F I,25,289.28
2025-10-24,9:36:20.900298994,T,IBM,I,38,289.43
2025-10-24,9:36:20.900320134,T,IBM,I,1,289.43
2025-10-24,9:36:20.900335067,T,IBM,I,1,289.43
2025-10-24,9:36:21.330079225,T,IBM,I,5,289.71
2025-10-24,9:36:21.330082567,T,IBM,I,12,289.73
2025-10-24,9:36:21.330085262,T,IBM,I,10,289.74
2025-10-24,9:36:21.330085262,T,IBM,I,2,289.77
2025-10-24,9:36:21.330088188,T,IBM,I,1,289.79
2025-10-24,9:36:21.330091186,T,IBM,I,20,289.8
2025-10-24,9:36:21.831980004,T,IBM,I,35,289.8
2025-10-24,9:36:21.977306976,T,IBM,I,34,289.81
2025-10-24,9:36:21.977364175,T,IBM,I,1,289.81
2025-10-24,9:36:23.391519799,T,IBM,F I,20,289.6
2025-10-24,9:36:23.391552915,T,IBM,F I,20,289.6
2025-10-24,9:36:23.391567980,T,IBM,F I,20,289.6
2025-10-24,9:36:23.391585986,T,IBM,F I,20,289.59
2025-10-24,9:36:23.391751357,T,IBM,F I,8,289.56
2025-10-24,9:36:25.929041883,T,IBM,I,25,289.84
2025-10-24,9:36:25.929041883,T,IBM,I,75,289.93
2025-10-24,9:36:25.940150245,T,IBM,I,1,290.06
2025-10-24,9:36:25.940195591,T,IBM,F I,52,290.06
2025-10-24,9:36:25.940213291,T,IBM,I,1,290.02
2025-10-24,9:36:25.949857311,T,IBM,I,5,290.16
2025-10-24,9:36:25.949857311,T,IBM,I,24,290.16
2025-10-24,9:36:25.961353672,T,IBM,F I,16,289.89
2025-10-24,9:36:25.961579668,T,IBM,I,20,289.89
2025-10-24,9:36:25.961582258,T,IBM,I,25,289.89
2025-10-24,9:36:26.624405302,T,IBM,F I,5,289.76
2025-10-24,9:36:26.799079142,T,IBM,F I,5,289.76
2025-10-24,9:36:27.520968767,T,IBM,F I,5,289.76
2025-10-24,9:36:33.815518297,T,IBM,F,100,289.79
2025-10-24,9:36:33.815518297,T,IBM,F I,30,289.79
2025-10-24,9:36:33.815521532,T,IBM,F I,70,289.79
2025-10-24,9:36:33.815521532,T,IBM,F I,60,289.8
2025-10-24,9:36:33.815535984,T,IBM,I,1,289.8
2025-10-24,9:36:33.815544908,T,IBM,F I,14,289.8
2025-10-24,9:36:33.815544908,T,IBM,F I,55,289.8
2025-10-24,9:36:33.817183900,T,IBM,F I,5,289.94
2025-10-24,9:36:35.503192618,T,IBM,F I,1,290.02
2025-10-24,9:36:35.503363964,T,IBM,F I,99,290.02
2025-10-24,9:36:35.503457598,T,IBM,I,1,290.19
2025-10-24,9:36:35.585390387,T,IBM,I,83,290.22
2025-10-24,9:36:39.907164835,T,IBM,F I,5,290.09
2025-10-24,9:36:39.914782022,T,IBM,I,26,290.14
2025-10-24,9:36:39.914806081,T,IBM,F I,35,290.14
2025-10-24,9:36:39.914812047,T,IBM,I,35,290.14
2025-10-24,9:36:39.915122093,T,IBM,F I,4,290.14
2025-10-24,9:36:39.915122093,T,IBM,F I,20,290.15
2025-10-24,9:36:39.915124858,T,IBM,F I,11,290.15
2025-10-24,9:36:39.915124858,T,IBM,F I,4,290.15
2025-10-24,9:36:42.962823391,T,IBM,F I,1,290.3
2025-10-24,9:36:42.963340652,T,IBM,,100,290.3
2025-10-24,9:36:42.964302927,T,IBM,I,1,290.3
2025-10-24,9:36:42.964477370,T,IBM,F I,37,290.19
2025-10-24,9:36:42.964498368,T,IBM,I,1,290.19
2025-10-24,9:36:42.964498368,T,IBM,I,4,290.19
2025-10-24,9:36:42.965057653,T,IBM,I,17,290.3
2025-10-24,9:36:43.296563904,T,IBM,F I,49,290.3
2025-10-24,9:36:44.337868791,T,IBM,F I,12,290.02
2025-10-24,9:36:44.337871175,T,IBM,F I,20,290.0
2025-10-24,9:36:44.337873883,T,IBM,F I,68,289.99
2025-10-24,9:36:44.337891891,T,IBM,I,1,289.99
2025-10-24,9:36:44.337895242,T,IBM,I,31,289.99
2025-10-24,9:36:44.337904304,T,IBM,F I,5,289.98
2025-10-24,9:36:44.337907443,T,IBM,F,100,289.98
2025-10-24,9:36:44.338216815,T,IBM,F I,58,289.96
2025-10-24,9:36:44.338246985,T,IBM,F I,69,289.96
2025-10-24,9:36:44.338250140,T,IBM,F I,3,289.89
2025-10-24,9:36:44.338250140,T,IBM,F I,52,289.89
2025-10-24,9:36:44.338252767,T,IBM,F I,3,289.89
2025-10-24,9:36:44.342676991,T,IBM,,100,290.04
2025-10-24,9:36:44.355525890,T,IBM,,100,290.14
2025-10-24,9:36:45.188039879,T,IBM,F I,32,290.19
2025-10-24,9:36:45.188274433,T,IBM,F I,10,290.19
2025-10-24,9:36:45.188295422,T,IBM,F I,58,290.19
2025-10-24,9:36:45.189871736,T,IBM,F I,32,290.41
2025-10-24,9:36:45.189874244,T,IBM,F I,7,290.42
2025-10-24,9:36:45.189922580,T,IBM,F,100,290.42
2025-10-24,9:36:45.189925625,T,IBM,F,100,290.42
2025-10-24,9:36:45.189928444,T,IBM,F I,50,290.42
2025-10-24,9:36:45.189928444,T,IBM,F,100,290.42
2025-10-24,9:36:45.189934448,T,IBM,F,100,290.42
2025-10-24,9:36:45.189937323,T,IBM,F,100,290.42
2025-10-24,9:36:45.190000536,T,IBM,F I,50,290.36
2025-10-24,9:36:45.277081912,T,IBM,F I,1,290.42
2025-10-24,9:36:45.277084846,T,IBM,F I,20,290.42
2025-10-24,9:36:46.161345963,T,IBM,F I,50,290.42
2025-10-24,9:36:47.550322604,T,IBM,F,150,290.43
2025-10-24,9:36:47.550608436,T,IBM,I,6,290.43
2025-10-24,9:36:47.551296991,T,IBM,,100,290.48
2025-10-24,9:36:47.551823173,T,IBM,,100,290.47
2025-10-24,9:36:47.551889403,T,IBM,I,52,290.47
2025-10-24,9:36:47.570900610,T,IBM,F I,1,290.62
2025-10-24,9:36:47.607494794,T,IBM,F I,13,290.57
2025-10-24,9:36:47.607954855,T,IBM,I,31,290.65
2025-10-24,9:36:47.607975898,T,IBM,I,1,290.65
2025-10-24,9:36:47.607996973,T,IBM,I,3,290.65
2025-10-24,9:36:48.505802265,T,IBM,F I,1,290.82
2025-10-24,9:36:48.876862147,T,IBM,F I,3,291.0
2025-10-24,9:36:48.876862147,T,IBM,F,100,291.0
2025-10-24,9:36:48.876864802,T,IBM,F I,20,291.0
2025-10-24,9:36:49.178714356,T,IBM,I,3,291.6
2025-10-24,9:36:49.178717235,T,IBM,,100,291.64
2025-10-24,9:36:49.178769003,T,IBM,I,6,291.67
2025-10-24,9:36:49.178769003,T,IBM,I,2,291.72
2025-10-24,9:36:49.178901028,T,IBM,I,2,291.48
2025-10-24,9:36:49.178904117,T,IBM,F I,2,291.48
2025-10-24,9:36:49.178906853,T,IBM,F I,96,291.48
2025-10-24,9:36:49.178924941,T,IBM,F I,2,291.43
2025-10-24,9:36:49.179327888,T,IBM,I,26,291.59
2025-10-24,9:36:49.179336710,T,IBM,F I,14,291.44
2025-10-24,9:36:49.227451337,T,IBM,F I,2,291.37
2025-10-24,9:36:49.227523459,T,IBM,F I,5,291.32
2025-10-24,9:36:49.445190900,T,IBM,F,100,291.4
2025-10-24,9:36:49.445194108,T,IBM,F I,17,291.38
2025-10-24,9:36:49.445196853,T,IBM,F I,30,291.38
2025-10-24,9:36:49.861574119,T,IBM,F I,50,291.52
2025-10-24,9:36:49.861574119,T,IBM,F I,50,291.52
2025-10-24,9:36:49.861579898,T,IBM,F,100,291.57
2025-10-24,9:36:49.861579898,T,IBM,F I,4,291.58
2025-10-24,9:36:49.861583037,T,IBM,F I,32,291.61
2025-10-24,9:36:49.861585967,T,IBM,F I,20,291.61
2025-10-24,9:36:49.861585967,T,IBM,F I,10,291.61
2025-10-24,9:36:50.078477389,T,IBM,F I,44,291.5
2025-10-24,9:36:50.721814015,T,IBM,F I,50,291.27
2025-10-24,9:36:50.721814015,T,IBM,F I,5,291.26
2025-10-24,9:36:50.729867053,T,IBM,F,100,291.19
2025-10-24,9:36:50.729942169,T,IBM,F I,20,291.17
2025-10-24,9:36:50.729948247,T,IBM,F I,80,291.16
2025-10-24,9:36:50.729951255,T,IBM,F I,20,291.16
2025-10-24,9:36:50.730174022,T,IBM,F,200,291.15
2025-10-24,9:36:50.730174022,T,IBM,F,100,291.15
2025-10-24,9:36:50.746713174,T,IBM,F I,4,290.83
2025-10-24,9:36:50.746713174,T,IBM,I,41,290.83
2025-10-24,9:36:50.746749204,T,IBM,F I,1,290.82
2025-10-24,9:36:50.746752290,T,IBM,F I,3,290.82
2025-10-24,9:36:53.892264598,T,IBM,F I,20,291.06
2025-10-24,9:36:53.892264598,T,IBM,F I,1,291.06
2025-10-24,9:36:53.892674077,T,IBM,F I,29,291.1
2025-10-24,9:36:54.140163032,T,IBM,F I,2,291.32
2025-10-24,9:36:54.140163032,T,IBM,F I,12,291.33
2025-10-24,9:36:54.140163032,T,IBM,F I,5,291.34
2025-10-24,9:36:54.140165803,T,IBM,F,100,291.34
2025-10-24,9:36:54.140168851,T,IBM,F I,33,291.37
2025-10-24,9:36:54.140172057,T,IBM,F,100,291.38
2025-10-24,9:36:54.140172057,T,IBM,F I,25,291.4
2025-10-24,9:36:54.140174994,T,IBM,F I,1,291.41
2025-10-24,9:36:54.140178195,T,IBM,F I,94,291.42
2025-10-24,9:36:54.140178195,T,IBM,F,100,291.43
2025-10-24,9:36:54.140181247,T,IBM,F I,25,291.44
2025-10-24,9:36:54.140181247,T,IBM,F,100,291.47
2025-10-24,9:36:54.140183974,T,IBM,F I,32,291.47
2025-10-24,9:36:54.140187123,T,IBM,F,100,291.49
2025-10-24,9:36:54.140187123,T,IBM,F I,54,291.5
2025-10-24,9:36:54.140190600,T,IBM,F I,7,291.6
2025-10-24,9:36:54.140190600,T,IBM,F I,7,291.72
2025-10-24,9:36:54.140193376,T,IBM,F I,3,291.72
2025-10-24,9:36:54.140259437,T,IBM,I,18,291.3
2025-10-24,9:36:54.140265197,T,IBM,F I,18,291.52
2025-10-24,9:36:54.140271683,T,IBM,I,18,291.52
2025-10-24,9:36:54.140292149,T,IBM,F I,2,291.52
2025-10-24,9:36:54.140370348,T,IBM,F I,2,291.38
2025-10-24,9:36:54.140427484,T,IBM,F I,18,291.37
2025-10-24,9:36:54.140439456,T,IBM,F I,2,291.3
2025-10-24,9:36:55.753566718,T,IBM,I,2,291.42
2025-10-24,9:36:55.753570133,T,IBM,I,50,291.37
2025-10-24,9:36:55.753570133,T,IBM,I,5,291.31
2025-10-24,9:36:55.753572741,T,IBM,I,25,291.3
2025-10-24,9:36:55.753572741,T,IBM,I,18,291.3
2025-10-24,9:36:55.758555727,T,IBM,I,50,291.27
2025-10-24,9:36:55.758555727,T,IBM,I,2,291.27
2025-10-24,9:36:55.758558704,T,IBM,I,48,291.22
2025-10-24,9:36:56.059563292,T,IBM,F I,50,291.32
2025-10-24,9:36:56.059566258,T,IBM,F I,50,291.35
2025-10-24,9:36:57.469912090,T,IBM,F I,5,291.36
2025-10-24,9:36:57.469912090,T,IBM,F I,25,291.44
2025-10-24,9:36:57.469918153,T,IBM,F,100,291.44
2025-10-24,9:36:57.469918153,T,IBM,F I,49,291.47
2025-10-24,9:36:57.469920779,T,IBM,F I,2,291.47
2025-10-24,9:36:57.469924496,T,IBM,F I,12,291.48
2025-10-24,9:36:57.469926945,T,IBM,F,100,291.49
2025-10-24,9:36:57.469930413,T,IBM,F I,5,291.49
2025-10-24,9:36:57.469933646,T,IBM,F,100,291.49
2025-10-24,9:36:57.469933646,T,IBM,F I,94,291.51
2025-10-24,9:36:57.469935930,T,IBM,F,100,291.52
2025-10-24,9:36:57.469938961,T,IBM,F,100,291.53
2025-10-24,9:36:57.469942731,T,IBM,F I,50,291.53
2025-10-24,9:36:57.469942731,T,IBM,F I,58,291.54
2025-10-24,9:36:57.469948544,T,IBM,F I,95,291.54
2025-10-24,9:36:57.469948544,T,IBM,F I,25,291.54
2025-10-24,9:36:57.469948544,T,IBM,F I,10,291.55
2025-10-24,9:36:57.469954391,T,IBM,F,100,291.58
2025-10-24,9:36:57.469954391,T,IBM,F,400,291.6
2025-10-24,9:36:57.469963782,T,IBM,F I,20,291.6
2025-10-24,9:36:57.469968972,T,IBM,F I,32,291.6
2025-10-24,9:36:57.469968972,T,IBM,F,100,291.61
2025-10-24,9:36:57.469968972,T,IBM,F I,43,291.61
2025-10-24,9:36:57.469972153,T,IBM,F,100,291.61
2025-10-24,9:36:57.469972153,T,IBM,F I,16,291.61
2025-10-24,9:36:57.469978957,T,IBM,F I,98,291.61
2025-10-24,9:36:57.469984014,T,IBM,I,2,291.61
2025-10-24,9:36:57.470020023,T,IBM,F,100,291.61
2025-10-24,9:36:57.470023663,T,IBM,I,92,291.61
2025-10-24,9:36:57.471731149,T,IBM,F I,20,291.6
2025-10-24,9:36:57.473291889,T,IBM,F I,12,291.58
2025-10-24,9:36:57.473295063,T,IBM,F I,5,291.59
2025-10-24,9:36:57.473295063,T,IBM,F I,32,291.6
2025-10-24,9:36:57.473297822,T,IBM,F I,30,291.61
2025-10-24,9:36:57.473300812,T,IBM,F I,30,291.61
2025-10-24,9:36:57.473300812,T,IBM,F,240,291.61
2025-10-24,9:36:57.473303895,T,IBM,F I,3,291.61
2025-10-24,9:36:57.473433217,T,IBM,F I,28,291.61
2025-10-24,9:36:57.473484446,T,IBM,I,51,291.46
2025-10-24,9:36:57.473532409,T,IBM,I,19,291.37
2025-10-24,9:36:57.473667749,T,IBM,I,19,291.32
2025-10-24,9:36:57.475168291,T,IBM,F I,57,291.43
2025-10-24,9:36:57.475171477,T,IBM,F I,32,291.46
2025-10-24,9:36:57.475178095,T,IBM,F I,47,291.47
2025-10-24,9:36:57.475178095,T,IBM,F I,78,291.47
2025-10-24,9:36:57.475178095,T,IBM,F I,27,291.47
2025-10-24,9:36:57.475180307,T,IBM,F I,16,291.47
2025-10-24,9:36:57.475183327,T,IBM,F I,8,291.47
2025-10-24,9:36:57.475183327,T,IBM,F I,44,291.49
2025-10-24,9:36:57.475183327,T,IBM,F I,14,291.49
2025-10-24,9:36:57.475333740,T,IBM,I,4,291.32
2025-10-24,9:36:57.475339714,T,IBM,I,34,291.32
2025-10-24,9:36:57.475339714,T,IBM,I,61,291.32
2025-10-24,9:36:57.475339714,T,IBM,I,10,291.32
2025-10-24,9:36:57.475342701,T,IBM,I,20,291.32
2025-10-24,9:36:57.475384811,T,IBM,F I,10,291.32
2025-10-24,9:36:57.478143887,T,IBM,F I,19,291.38
2025-10-24,9:36:57.478143887,T,IBM,F I,9,291.41
2025-10-24,9:36:57.478148443,T,IBM,F I,28,291.41
2025-10-24,9:36:57.478340836,T,IBM,I,30,291.27
2025-10-24,9:36:57.624897815,T,IBM,F I,23,291.3
2025-10-24,9:36:58.021890851,T,IBM,I,5,291.25
2025-10-24,9:36:59.024977174,T,IBM,F I,50,291.27
2025-10-24,9:36:59.024977174,T,IBM,F I,61,291.31
2025-10-24,9:36:59.024980126,T,IBM,F I,3,291.31
2025-10-24,9:36:59.024980126,T,IBM,F I,49,291.31
2025-10-24,9:36:59.024997901,T,IBM,I,1,291.31
2025-10-24,9:36:59.150122849,T,IBM,F I,1,291.34
2025-10-24,9:37:01.981155660,T,IBM,F I,50,291.42
2025-10-24,9:37:02.200296422,T,IBM,I,50,291.515
2025-10-24,9:37:02.201941320,T,IBM,I,5,291.44
2025-10-24,9:37:02.201944530,T,IBM,I,12,291.43
2025-10-24,9:37:02.201947322,T,IBM,I,2,291.42
2025-10-24,9:37:02.201947322,T,IBM,I,50,291.42
2025-10-24,9:37:02.201953290,T,IBM,,200,291.42
2025-10-24,9:37:02.201977348,T,IBM,F I,36,291.33
2025-10-24,9:37:02.202720154,T,IBM,F I,1,291.31
2025-10-24,9:37:02.746543815,T,IBM,F,100,291.14
2025-10-24,9:37:08.277227030,T,IBM,I,25,291.07
2025-10-24,9:37:08.277227030,T,IBM,I,11,291.03
2025-10-24,9:37:08.277260207,T,IBM,F I,25,291.06
2025-10-24,9:37:09.825393234,T,IBM,F I,2,291.26
2025-10-24,9:37:09.825408277,T,IBM,,100,291.26
2025-10-24,9:37:13.864429249,T,IBM,,100,291.35
2025-10-24,9:37:13.865965487,T,IBM,F,100,291.41
2025-10-24,9:37:15.212078099,T,IBM,F,100,291.3
2025-10-24,9:37:15.212351775,T,IBM,F I,50,291.3
2025-10-24,9:37:15.212369869,T,IBM,F,100,291.3
2025-10-24,9:37:15.212378876,T,IBM,I,50,291.3
2025-10-24,9:37:15.212381883,T,IBM,I,50,291.11
2025-10-24,9:37:15.212403606,T,IBM,F I,50,291.11
2025-10-24,9:37:15.212454092,T,IBM,F I,2,291.11
2025-10-24,9:37:15.212463065,T,IBM,F I,98,291.11
2025-10-24,9:37:25.459516715,T,IBM,F I,50,291.41
2025-10-24,9:37:27.966161954,T,IBM,F,100,291.17
2025-10-24,9:37:27.966197306,T,IBM,F,200,291.17
2025-10-24,9:37:27.966224311,T,IBM,F I,25,291.02
2025-10-24,9:37:27.966227330,T,IBM,F I,75,291.01
2025-10-24,9:37:27.966245511,T,IBM,I,1,291.01
2025-10-24,9:37:27.966245511,T,IBM,I,24,291.01
2025-10-24,9:37:27.966267120,T,IBM,F,200,291.0
2025-10-24,9:37:27.966284469,T,IBM,F I,50,291.0
2025-10-24,9:37:27.966309005,T,IBM,F,150,291.0
2025-10-24,9:37:27.966311946,T,IBM,F I,50,291.0
2025-10-24,9:37:27.966311946,T,IBM,F,200,291.0
2025-10-24,9:37:27.966314968,T,IBM,,200,291.0
2025-10-24,9:37:27.966317792,T,IBM,F I,30,291.0
2025-10-24,9:37:27.966323569,T,IBM,,120,291.0
2025-10-24,9:37:27.966344598,T,IBM,I,22,291.0
2025-10-24,9:37:27.966961100,T,IBM,F,100,290.8
2025-10-24,9:37:27.967685787,T,IBM,,100,290.77
2025-10-24,9:37:27.975291599,T,IBM,F,100,290.75
2025-10-24,9:37:27.975293971,T,IBM,F,200,290.75
2025-10-24,9:37:33.789422337,T,IBM,F I,29,290.84
2025-10-24,9:37:33.790002831,T,IBM,,126,290.84
2025-10-24,9:37:34.776320876,T,IBM,F,100,290.52
2025-10-24,9:37:35.945543372,T,IBM,F I,50,290.62
2025-10-24,9:37:35.945546430,T,IBM,F I,32,290.63
2025-10-24,9:37:35.945546430,T,IBM,F I,25,290.63
2025-10-24,9:37:35.945549378,T,IBM,F I,12,290.63
2025-10-24,9:37:35.945552495,T,IBM,F I,50,290.64
2025-10-24,9:37:35.945555425,T,IBM,F I,31,290.64
2025-10-24,9:37:35.945564393,T,IBM,I,1,290.64
2025-10-24,9:37:35.945594735,T,IBM,F I,18,290.64
2025-10-24,9:37:35.945594735,T,IBM,F,100,290.64
2025-10-24,9:37:35.945600603,T,IBM,F I,10,290.64
2025-10-24,9:37:35.945600603,T,IBM,F I,50,290.67
2025-10-24,9:37:35.945603714,T,IBM,F I,50,290.67
2025-10-24,9:37:35.945606671,T,IBM,F I,41,290.68
2025-10-24,9:37:35.945609559,T,IBM,F I,9,290.68
2025-10-24,9:37:35.945627605,T,IBM,,100,290.64
2025-10-24,9:37:35.947019948,T,IBM,F I,2,290.86
2025-10-24,9:37:38.310977645,T,IBM,,200,291.05
2025-10-24,9:37:38.311046848,T,IBM,,200,291.05
2025-10-24,9:37:45.906462892,T,IBM,F I,19,290.9
2025-10-24,9:37:45.906529097,T,IBM,F I,19,290.9
2025-10-24,9:37:45.906763657,T,IBM,I,62,290.9
2025-10-24,9:37:47.820441878,T,IBM,F,157,290.84
2025-10-24,9:37:47.820441878,T,IBM,F I,5,290.64
2025-10-24,9:37:47.820447432,T,IBM,F I,25,290.63
2025-10-24,9:37:47.820451944,T,IBM,F,100,290.62
2025-10-24,9:37:47.820451944,T,IBM,F,100,290.62
2025-10-24,9:37:47.820456515,T,IBM,F I,13,290.61
2025-10-24,9:37:47.820520181,T,IBM,F,100,290.66
2025-10-24,9:37:47.820520181,T,IBM,F I,45,290.61
2025-10-24,9:37:47.820522699,T,IBM,F,255,290.6
2025-10-24,9:37:47.820543719,T,IBM,I,45,290.6
2025-10-24,9:37:47.820546651,T,IBM,I,31,290.6
2025-10-24,9:37:47.820550138,T,IBM,I,1,290.6
2025-10-24,9:37:47.820550138,T,IBM,I,68,290.6
2025-10-24,9:37:47.820552728,T,IBM,I,32,290.6
2025-10-24,9:37:47.820558763,T,IBM,I,68,290.6
2025-10-24,9:37:47.820788300,T,IBM,F,100,290.55
2025-10-24,9:37:47.820788300,T,IBM,F,300,290.52
2025-10-24,9:37:47.820842088,T,IBM,F I,30,290.57
2025-10-24,9:37:47.820842088,T,IBM,F,170,290.52
2025-10-24,9:37:47.821193259,T,IBM,I,30,290.52
2025-10-24,9:37:47.821247314,T,IBM,F I,83,290.5
2025-10-24,9:37:47.821265447,T,IBM,F,417,290.5
2025-10-24,9:37:51.368059106,T,IBM,F I,5,290.54
2025-10-24,9:37:51.368059106,T,IBM,F I,5,290.56
2025-10-24,9:37:51.368065119,T,IBM,F I,94,290.58
2025-10-24,9:37:51.368065119,T,IBM,F,100,290.61
2025-10-24,9:37:51.368068135,T,IBM,F I,96,290.61
2025-10-24,9:37:51.368080115,T,IBM,F,104,290.61
2025-10-24,9:37:51.368134246,T,IBM,,100,290.61
2025-10-24,9:37:51.368137848,T,IBM,I,8,290.61
2025-10-24,9:37:51.368140262,T,IBM,I,92,290.61
2025-10-24,9:37:51.391897237,T,IBM,F I,32,290.92
2025-10-24,9:37:51.391897237,T,IBM,F I,14,290.92
2025-10-24,9:37:51.391950973,T,IBM,F I,46,290.92
2025-10-24,9:37:51.392026114,T,IBM,F I,40,290.92
2025-10-24,9:37:51.392029619,T,IBM,F I,43,290.99
2025-10-24,9:37:51.392029619,T,IBM,F I,17,290.99
2025-10-24,9:37:51.392032183,T,IBM,F I,3,290.99
2025-10-24,9:37:51.392035277,T,IBM,F,100,291.0
2025-10-24,9:37:51.392249256,T,IBM,F,100,290.98
2025-10-24,9:37:51.392252644,T,IBM,F,250,290.99
2025-10-24,9:37:51.392329941,T,IBM,F,100,290.99
2025-10-24,9:37:51.392332867,T,IBM,F,200,290.99
2025-10-24,9:37:53.019948654,T,IBM,F,100,291.16
2025-10-24,9:37:53.020460276,T,IBM,I,5,291.01
2025-10-24,9:37:53.020462871,T,IBM,I,5,290.99
2025-10-24,9:37:53.020577176,T,IBM,F I,25,290.98
2025-10-24,9:37:54.470987164,T,IBM,F,100,290.76
2025-10-24,9:37:54.471017236,T,IBM,I,14,290.75
2025-10-24,9:37:54.471027096,T,IBM,I,26,290.75
2025-10-24,9:37:54.471029774,T,IBM,F I,41,290.75
2025-10-24,9:37:54.471038480,T,IBM,F I,19,290.75
2025-10-24,9:37:55.343451260,T,IBM,I,60,290.38
2025-10-24,9:37:55.343457216,T,IBM,,100,290.34
2025-10-24,9:37:55.366254459,T,IBM,,100,290.33
2025-10-24,9:37:55.374852074,T,IBM,F I,14,290.46
2025-10-24,9:37:55.374854979,T,IBM,F,744,290.46
2025-10-24,9:38:00.082812158,T,IBM,I,9,290.65
2025-10-24,9:38:00.082815058,T,IBM,I,12,290.56
2025-10-24,9:38:03.180646048,T,IBM,I,54,290.47
2025-10-24,9:38:05.292886986,T,IBM,I,14,290.41
2025-10-24,9:38:05.292899078,T,IBM,I,86,290.41
2025-10-24,9:38:05.292901566,T,IBM,,100,290.4
2025-10-24,9:38:05.292907546,T,IBM,,100,290.4
2025-10-24,9:38:05.292907546,T,IBM,,100,290.39
2025-10-24,9:38:05.292911133,T,IBM,,300,290.39
2025-10-24,9:38:05.292911133,T,IBM,,114,290.39
2025-10-24,9:38:05.292925818,T,IBM,F I,86,290.39
2025-10-24,9:38:05.292925818,T,IBM,F,200,290.39
2025-10-24,9:38:05.292938012,T,IBM,F I,12,290.47
2025-10-24,9:38:05.293379672,T,IBM,F,100,290.4
2025-10-24,9:38:07.194908492,T,IBM,F,100,290.335
2025-10-24,9:38:07.195058894,T,IBM,I,13,290.28
2025-10-24,9:38:09.480947920,T,IBM,I,19,290.47
2025-10-24,9:38:09.480966374,T,IBM,F I,81,290.47
2025-10-24,9:38:09.480969585,T,IBM,F I,17,290.48
2025-10-24,9:38:09.480969585,T,IBM,F I,28,290.48
2025-10-24,9:38:09.480972032,T,IBM,F I,12,290.48
2025-10-24,9:38:10.443515569,T,IBM,F I,10,290.46
2025-10-24,9:38:10.443518459,T,IBM,F,100,290.47
2025-10-24,9:38:10.443522176,T,IBM,F I,10,290.48
2025-10-24,9:38:10.443522176,T,IBM,F I,25,290.48
2025-10-24,9:38:10.443527448,T,IBM,F I,20,290.48
2025-10-24,9:38:10.443527448,T,IBM,F I,87,290.49
2025-10-24,9:38:10.443560505,T,IBM,,113,290.49
2025-10-24,9:38:10.443575976,T,IBM,I,13,290.48
2025-10-24,9:38:10.443602566,T,IBM,F,100,290.49
2025-10-24,9:38:22.140720426,T,IBM,I,9,290.46
2025-10-24,9:38:24.245124271,T,IBM,F I,5,290.35
2025-10-24,9:38:24.245124271,T,IBM,F,100,290.35
2025-10-24,9:38:24.245551341,T,IBM,F,100,290.35
2025-10-24,9:38:24.246248960,T,IBM,F I,1,290.35
2025-10-24,9:38:26.817977682,T,IBM,I,45,290.58
2025-10-24,9:38:26.817977682,T,IBM,F I,25,290.58
2025-10-24,9:38:26.817986420,T,IBM,F I,21,290.58
2025-10-24,9:38:26.817992347,T,IBM,F I,9,290.58
2025-10-24,9:38:26.817992347,T,IBM,F I,16,290.59
2025-10-24,9:38:26.818206336,T,IBM,F I,25,290.72
2025-10-24,9:38:26.818223939,T,IBM,F I,20,290.82
2025-10-24,9:38:26.818223939,T,IBM,F I,89,290.83
2025-10-24,9:38:26.818227492,T,IBM,F I,80,290.83
2025-10-24,9:38:26.818278077,T,IBM,F I,10,290.83
2025-10-24,9:38:26.818410918,T,IBM,F I,10,290.83
2025-10-24,9:38:26.818699066,T,IBM,I,10,290.73
2025-10-24,9:38:26.818702077,T,IBM,I,23,290.71
2025-10-24,9:38:26.818810732,T,IBM,I,66,290.71
2025-10-24,9:38:26.818888507,T,IBM,I,26,290.79
2025-10-24,9:38:26.818933971,T,IBM,F I,3,290.79
2025-10-24,9:38:26.818948605,T,IBM,F I,3,290.78
2025-10-24,9:38:26.819077992,T,IBM,I,33,290.7
2025-10-24,9:38:31.775883556,T,IBM,F I,32,290.87
2025-10-24,9:38:31.775886640,T,IBM,F I,68,290.87
2025-10-24,9:38:31.775889533,T,IBM,F I,32,290.87
2025-10-24,9:38:31.776060876,T,IBM,I,68,290.89
2025-10-24,9:38:31.776292528,T,IBM,I,32,290.89
2025-10-24,9:38:31.796232912,T,IBM,F,100,290.99
2025-10-24,9:38:31.796235910,T,IBM,F,100,291.0
2025-10-24,9:38:31.796238940,T,IBM,F I,50,291.0
2025-10-24,9:38:31.796257179,T,IBM,I,1,291.0
2025-10-24,9:38:31.796260005,T,IBM,F I,3,291.0
2025-10-24,9:38:31.796275066,T,IBM,I,55,291.0
2025-10-24,9:38:31.796296101,T,IBM,I,41,291.0
2025-10-24,9:38:33.441693225,T,IBM,I,40,290.915
2025-10-24,9:38:36.591893717,T,IBM,,100,291.09
2025-10-24,9:38:36.602253369,T,IBM,I,98,291.08
2025-10-24,9:38:36.829865305,T,IBM,F I,32,291.08
2025-10-24,9:38:36.829868222,T,IBM,F,200,291.09
2025-10-24,9:38:36.829871235,T,IBM,F,168,291.09
2025-10-24,9:38:36.829886189,T,IBM,I,32,291.09
2025-10-24,9:38:36.829889334,T,IBM,I,23,291.09
2025-10-24,9:38:36.829889334,T,IBM,I,1,291.09
2025-10-24,9:38:36.829895246,T,IBM,F I,76,291.09
2025-10-24,9:38:36.829895246,T,IBM,F I,56,291.1
2025-10-24,9:38:36.830370441,T,IBM,F,100,291.08
2025-10-24,9:38:36.846022629,T,IBM,F I,32,290.92
2025-10-24,9:38:36.846025735,T,IBM,F I,57,290.91
2025-10-24,9:38:36.846028679,T,IBM,F I,68,290.91
2025-10-24,9:38:36.846037644,T,IBM,F I,32,290.91
2025-10-24,9:38:36.846076801,T,IBM,I,3,291.0
2025-10-24,9:38:36.846091866,T,IBM,I,26,291.0
2025-10-24,9:38:37.174127703,T,IBM,F,100,290.85
2025-10-24,9:38:37.174136770,T,IBM,F I,39,290.85
2025-10-24,9:38:37.174157974,T,IBM,F I,61,290.85
2025-10-24,9:38:37.174161424,T,IBM,F I,32,290.75
2025-10-24,9:38:37.174161424,T,IBM,F I,13,290.74
2025-10-24,9:38:37.174167095,T,IBM,F I,87,290.74
2025-10-24,9:38:37.174167095,T,IBM,F,207,290.73
2025-10-24,9:38:37.174184861,T,IBM,F I,98,290.73
2025-10-24,9:38:37.174184861,T,IBM,I,95,290.73
2025-10-24,9:38:37.174224045,T,IBM,I,21,290.74
2025-10-24,9:38:37.174227124,T,IBM,I,79,290.74
2025-10-24,9:38:37.174251271,T,IBM,F,100,290.73
2025-10-24,9:38:37.875021345,T,IBM,I,45,290.89
2025-10-24,9:38:37.875045378,T,IBM,F I,33,290.89
2025-10-24,9:38:37.875063486,T,IBM,F I,22,290.89
2025-10-24,9:38:37.875063486,T,IBM,F I,11,290.9
2025-10-24,9:38:37.875084529,T,IBM,I,9,290.9
2025-10-24,9:38:37.875222759,T,IBM,F I,13,290.9
2025-10-24,9:38:38.352813908,T,IBM,F I,50,291.19
2025-10-24,9:38:39.484022859,T,IBM,I,50,291.07
2025-10-24,9:38:42.239326758,T,IBM,I,9,291.02
2025-10-24,9:38:42.239326758,T,IBM,I,25,291.02
2025-10-24,9:38:42.239329262,T,IBM,I,21,291.02
2025-10-24,9:38:43.420631473,T,IBM,I,2,291.16
2025-10-24,9:38:43.956492331,T,IBM,,100,290.96
2025-10-24,9:38:44.696361636,T,IBM,,180,291.0
2025-10-24,9:38:44.696367636,T,IBM,I,45,290.93
2025-10-24,9:38:44.696391693,T,IBM,F I,11,290.96
2025-10-24,9:38:44.696394667,T,IBM,F I,55,290.93
2025-10-24,9:38:44.696403691,T,IBM,F I,69,290.94
2025-10-24,9:38:44.696644490,T,IBM,I,6,290.99
2025-10-24,9:38:44.696644490,T,IBM,I,5,291.0
2025-10-24,9:38:44.696656734,T,IBM,I,11,290.99
2025-10-24,9:38:44.696656734,T,IBM,I,89,291.05
2025-10-24,9:38:44.696680404,T,IBM,,111,291.05
2025-10-24,9:38:44.696704389,T,IBM,I,6,291.0
2025-10-24,9:38:44.696725538,T,IBM,I,94,291.05
2025-10-24,9:38:44.711625937,T,IBM,,100,291.17
2025-10-24,9:38:44.974099790,T,IBM,I,32,290.96
2025-10-24,9:38:44.974099790,T,IBM,I,17,290.95
2025-10-24,9:38:44.974115010,T,IBM,F I,83,290.95
2025-10-24,9:38:47.875906051,T,IBM,,300,291.01
2025-10-24,9:38:48.632726711,T,IBM,F,100,291.04
2025-10-24,9:38:48.632732774,T,IBM,I,18,291.02
2025-10-24,9:38:49.435517880,T,IBM,F I,26,291.13
2025-10-24,9:38:49.435547983,T,IBM,F I,74,291.13
2025-10-24,9:38:49.435547983,T,IBM,F I,26,291.14
2025-10-24,9:38:49.435569459,T,IBM,I,7,291.14
2025-10-24,9:38:49.435572285,T,IBM,I,1,291.14
2025-10-24,9:38:49.435575094,T,IBM,F I,65,291.14
2025-10-24,9:38:49.435578035,T,IBM,F I,1,291.14
2025-10-24,9:38:49.436065174,T,IBM,F I,10,291.14
2025-10-24,9:38:51.077282354,T,IBM,F,100,291.2
2025-10-24,9:38:51.077628250,T,IBM,I,6,291.2
2025-10-24,9:38:51.077628250,T,IBM,I,18,291.2
2025-10-24,9:38:51.077646302,T,IBM,I,1,291.2
2025-10-24,9:38:51.077655246,T,IBM,F I,71,291.2
2025-10-24,9:38:51.077868847,T,IBM,F I,21,291.12
2025-10-24,9:38:51.077896242,T,IBM,F I,11,291.12
2025-10-24,9:38:51.077896242,T,IBM,F I,10,291.11
2025-10-24,9:38:51.078614532,T,IBM,,100,291.13
2025-10-24,9:38:51.078614532,T,IBM,,100,291.15
2025-10-24,9:38:51.078626656,T,IBM,F,100,291.06
2025-10-24,9:38:51.078675523,T,IBM,I,19,291.06
2025-10-24,9:38:51.078960384,T,IBM,I,81,291.06
2025-10-24,9:38:51.078960384,T,IBM,I,56,291.06
2025-10-24,9:38:51.078981442,T,IBM,I,1,291.06
2025-10-24,9:38:51.079441556,T,IBM,,100,291.05
2025-10-24,9:38:51.079444617,T,IBM,,243,291.06
2025-10-24,9:38:51.079444617,T,IBM,,100,291.06
2025-10-24,9:38:51.268919640,T,IBM,F I,10,291.01
2025-10-24,9:38:51.486914656,T,IBM,I,37,291.01
2025-10-24,9:38:51.487585424,T,IBM,I,6,291.02
2025-10-24,9:38:51.487609261,T,IBM,I,1,291.02
2025-10-24,9:38:51.487735714,T,IBM,,100,290.94
2025-10-24,9:38:51.487735714,T,IBM,,100,290.93
2025-10-24,9:38:51.487753585,T,IBM,,100,290.93
2025-10-24,9:38:51.487757745,T,IBM,I,1,290.93
2025-10-24,9:38:51.487762626,T,IBM,,100,290.93
2025-10-24,9:38:51.487792735,T,IBM,F I,94,290.93
2025-10-24,9:38:51.487798663,T,IBM,F I,98,290.93
2025-10-24,9:38:51.487801788,T,IBM,I,8,290.93
2025-10-24,9:38:51.487805085,T,IBM,I,92,290.93
2025-10-24,9:38:51.487808272,T,IBM,F,100,290.93
2025-10-24,9:38:51.487811334,T,IBM,I,7,290.93
2025-10-24,9:38:51.487816786,T,IBM,,100,290.94
2025-10-24,9:38:51.487855804,T,IBM,F I,8,290.93
2025-10-24,9:38:51.488285819,T,IBM,I,4,290.98
2025-10-24,9:38:51.488342962,T,IBM,,100,290.98
2025-10-24,9:38:51.612541815,T,IBM,,100,290.98
2025-10-24,9:38:51.612541815,T,IBM,I,4,290.97
2025-10-24,9:38:51.612818339,T,IBM,I,16,291.02
2025-10-24,9:38:51.612839412,T,IBM,I,1,291.02
2025-10-24,9:38:51.612857432,T,IBM,F I,83,291.02
2025-10-24,9:38:51.613642306,T,IBM,F I,1,291.04
2025-10-24,9:38:52.502717805,T,IBM,F,100,290.98
2025-10-24,9:38:52.502717805,T,IBM,F,100,290.99
2025-10-24,9:38:52.502744932,T,IBM,F I,15,290.99
2025-10-24,9:38:52.502747942,T,IBM,F I,85,290.99
2025-10-24,9:38:57.112166358,T,IBM,F I,40,290.98
2025-10-24,9:38:57.112554250,T,IBM,F I,60,290.98
2025-10-24,9:38:57.112557285,T,IBM,F I,40,290.99
2025-10-24,9:38:57.112680560,T,IBM,,100,290.99
2025-10-24,9:38:58.771606831,T,IBM,F I,52,290.88
2025-10-24,9:38:58.772430861,T,IBM,I,5,290.83
2025-10-24,9:38:58.772430861,T,IBM,I,1,290.82
2025-10-24,9:39:00.577450981,T,IBM,F I,4,290.82
2025-10-24,9:39:00.577450981,T,IBM,F I,96,290.8
2025-10-24,9:39:00.577472120,T,IBM,F I,4,290.8
2025-10-24,9:39:04.798554967,T,IBM,F I,2,290.49
2025-10-24,9:39:04.798570016,T,IBM,F I,2,290.49
2025-10-24,9:39:04.798660417,T,IBM,F,100,290.49
2025-10-24,9:39:04.798663176,T,IBM,F I,2,290.49
2025-10-24,9:39:04.798837681,T,IBM,F I,92,290.49
2025-10-24,9:39:04.798852655,T,IBM,F I,94,290.49
2025-10-24,9:39:04.798877041,T,IBM,F I,8,290.49
2025-10-24,9:39:04.798877041,T,IBM,F I,2,290.45
2025-10-24,9:39:08.368320408,T,IBM,F I,25,290.54
2025-10-24,9:39:08.368323972,T,IBM,F I,20,290.55
2025-10-24,9:39:08.368326309,T,IBM,F,155,290.56
2025-10-24,9:39:08.368329374,T,IBM,I,45,290.56
2025-10-24,9:39:08.368789521,T,IBM,,100,290.56
2025-10-24,9:39:08.368792449,T,IBM,,100,290.55
2025-10-24,9:39:08.368814378,T,IBM,I,1,290.55
2025-10-24,9:39:08.368814378,T,IBM,I,5,290.55
2025-10-24,9:39:08.368816498,T,IBM,I,4,290.55
2025-10-24,9:39:19.921458648,T,IBM,F I,20,290.78
2025-10-24,9:39:19.921461597,T,IBM,F I,80,290.79
2025-10-24,9:39:19.921479721,T,IBM,F I,20,290.79
2025-10-24,9:39:20.800643681,T,IBM,I,30,290.93
2025-10-24,9:39:20.800697859,T,IBM,,100,290.92
2025-10-24,9:39:20.802270551,T,IBM,F,100,291.0
2025-10-24,9:39:20.802319068,T,IBM,,100,291.0
2025-10-24,9:39:20.802339695,T,IBM,I,5,291.0
2025-10-24,9:39:20.803738084,T,IBM,I,1,291.06
2025-10-24,9:39:20.804309462,T,IBM,,100,291.11
2025-10-24,9:39:20.804372539,T,IBM,F,100,291.11
2025-10-24,9:39:21.279013530,T,IBM,I,30,291.09
2025-10-24,9:39:22.290684971,T,IBM,I,3,291.03
2025-10-24,9:39:23.796507893,T,IBM,F,100,291.12
2025-10-24,9:39:23.796507893,T,IBM,F,100,291.17
2025-10-24,9:39:23.796531971,T,IBM,F I,50,291.17
2025-10-24,9:39:23.796673242,T,IBM,I,2,291.13
2025-10-24,9:39:23.814502709,T,IBM,F I,75,291.31
2025-10-24,9:39:24.491147218,T,IBM,,100,291.12
2025-10-24,9:39:24.491149654,T,IBM,,100,291.11
2025-10-24,9:39:28.570589325,T,IBM,F I,25,291.11
2025-10-24,9:39:28.570589325,T,IBM,F I,50,291.11
2025-10-24,9:39:28.570610594,T,IBM,F,125,291.1
2025-10-24,9:39:28.570896396,T,IBM,,100,291.11
2025-10-24,9:39:33.823226932,T,IBM,F I,25,291.3
2025-10-24,9:39:33.834811183,T,IBM,F I,75,291.3
2025-10-24,9:39:33.834813603,T,IBM,F I,25,291.32
2025-10-24,9:39:33.834831579,T,IBM,I,1,291.32
2025-10-24,9:39:33.834837639,T,IBM,F I,60,291.32
2025-10-24,9:39:33.834837639,T,IBM,F I,6,291.32
2025-10-24,9:39:33.834855697,T,IBM,F I,8,291.32
2025-10-24,9:39:33.905150959,T,IBM,F I,25,291.39
2025-10-24,9:39:34.621723965,T,IBM,F I,25,291.39
2025-10-24,9:39:34.621723965,T,IBM,F I,75,291.39
2025-10-24,9:39:34.621726994,T,IBM,F I,25,291.4
2025-10-24,9:39:34.621748087,T,IBM,F,100,291.41
2025-10-24,9:39:34.622761470,T,IBM,F,100,291.4
2025-10-24,9:39:34.635331434,T,IBM,,100,291.47
2025-10-24,9:39:38.713802779,T,IBM,F,100,291.37
2025-10-24,9:39:38.713814852,T,IBM,I,41,291.36
2025-10-24,9:39:38.713926037,T,IBM,I,10,291.33
2025-10-24,9:39:38.713926037,T,IBM,I,11,291.31
2025-10-24,9:39:38.713977141,T,IBM,I,21,291.31
2025-10-24,9:39:43.782937569,T,IBM,I,6,291.48
2025-10-24,9:39:43.782955644,T,IBM,F,294,291.48
2025-10-24,9:39:44.781982275,T,IBM,,100,291.63
2025-10-24,9:39:44.781985038,T,IBM,I,93,291.66
2025-10-24,9:39:44.782006023,T,IBM,F I,7,291.66
2025-10-24,9:39:44.782008983,T,IBM,F I,93,291.69
2025-10-24,9:39:44.782039164,T,IBM,F,100,291.7
2025-10-24,9:39:44.782255655,T,IBM,I,20,291.625
2025-10-24,9:39:44.782258645,T,IBM,I,16,291.625
2025-10-24,9:39:44.782330827,T,IBM,I,18,291.68
2025-10-24,9:39:44.782562383,T,IBM,I,13,291.59
2025-10-24,9:39:44.782625492,T,IBM,F I,10,291.59
2025-10-24,9:39:44.782652547,T,IBM,,100,291.59
2025-10-24,9:39:44.782658638,T,IBM,F,100,291.59
2025-10-24,9:39:44.782664627,T,IBM,I,46,291.59
2025-10-24,9:39:44.782673605,T,IBM,I,28,291.59
2025-10-24,9:39:44.782697731,T,IBM,I,48,291.59
2025-10-24,9:39:44.782760850,T,IBM,F I,13,291.62
2025-10-24,9:39:44.783085721,T,IBM,F I,10,291.63
2025-10-24,9:39:44.783085721,T,IBM,F I,12,291.66
2025-10-24,9:39:44.783088606,T,IBM,F I,27,291.67
2025-10-24,9:39:44.785810658,T,IBM,I,45,291.6
2025-10-24,9:39:44.785813071,T,IBM,I,17,291.65
2025-10-24,9:39:45.418411063,T,IBM,,100,291.63
2025-10-24,9:39:45.418414194,T,IBM,,100,291.66
2025-10-24,9:39:45.418417768,T,IBM,I,31,291.68
2025-10-24,9:39:45.418423148,T,IBM,I,31,291.68
2025-10-24,9:39:45.418426261,T,IBM,I,69,291.68
2025-10-24,9:39:45.418426261,T,IBM,,100,291.68
2025-10-24,9:39:45.418429221,T,IBM,,100,291.68
2025-10-24,9:39:45.418429221,T,IBM,I,31,291.69
2025-10-24,9:39:45.418892232,T,IBM,F I,2,291.71
2025-10-24,9:39:45.419012930,T,IBM,F I,10,291.8
2025-10-24,9:39:45.419015798,T,IBM,F I,3,291.8
2025-10-24,9:39:45.419018491,T,IBM,F I,1,291.8
2025-10-24,9:39:45.419265125,T,IBM,,200,291.98
2025-10-24,9:39:45.419488295,T,IBM,I,34,291.96
2025-10-24,9:39:45.419881639,T,IBM,I,25,291.965
2025-10-24,9:39:45.419884757,T,IBM,I,66,291.96
2025-10-24,9:39:45.419884757,T,IBM,I,32,291.94
2025-10-24,9:39:45.419887794,T,IBM,I,11,291.94
2025-10-24,9:39:45.419887794,T,IBM,F I,30,292.0
2025-10-24,9:39:45.419890652,T,IBM,F I,30,292.0
2025-10-24,9:39:45.420323708,T,IBM,I,36,291.98
2025-10-24,9:39:45.427393732,T,IBM,I,20,292.09
2025-10-24,9:39:45.427396445,T,IBM,I,32,292.09
2025-10-24,9:39:45.427396445,T,IBM,I,10,292.08
2025-10-24,9:39:45.427571680,T,IBM,I,49,292.08
2025-10-24,9:39:45.427571680,T,IBM,I,26,292.08
2025-10-24,9:39:45.427811539,T,IBM,I,43,292.2
2025-10-24,9:39:45.427853563,T,IBM,I,6,292.14
2025-10-24,9:39:45.641325778,T,IBM,I,12,292.16
2025-10-24,9:39:46.061320765,T,IBM,,100,292.1
2025-10-24,9:39:46.061323679,T,IBM,,100,292.1
2025-10-24,9:39:46.130915316,T,IBM,,100,292.03
2025-10-24,9:39:46.497653375,T,IBM,I,12,291.94
2025-10-24,9:39:46.497653375,T,IBM,I,63,291.94
2025-10-24,9:39:47.451088824,T,IBM,F,100,291.97
2025-10-24,9:39:47.451996414,T,IBM,I,25,291.98
2025-10-24,9:39:47.473211872,T,IBM,F I,98,291.91
2025-10-24,9:39:47.473242614,T,IBM,F I,50,291.89
2025-10-24,9:39:47.473242614,T,IBM,F I,32,291.89
2025-10-24,9:39:47.473248742,T,IBM,F I,16,291.88
2025-10-24,9:39:47.473251236,T,IBM,F I,20,291.88
2025-10-24,9:39:47.473254090,T,IBM,F I,25,291.88
2025-10-24,9:39:47.473254090,T,IBM,F I,3,291.88
2025-10-24,9:39:47.473404319,T,IBM,F I,14,291.88
2025-10-24,9:39:50.381567668,T,IBM,F I,5,291.83
2025-10-24,9:39:50.381567668,T,IBM,F I,22,291.85
2025-10-24,9:39:50.586033444,T,IBM,F I,62,291.89
2025-10-24,9:39:52.246412359,T,IBM,F I,62,291.83
2025-10-24,9:39:53.749850425,T,IBM,F I,69,291.68
2025-10-24,9:39:53.749955596,T,IBM,F,100,291.68
2025-10-24,9:39:53.750280456,T,IBM,I,45,291.75
2025-10-24,9:39:53.750334541,T,IBM,,100,291.76
2025-10-24,9:39:53.750521746,T,IBM,I,20,291.76
2025-10-24,9:39:53.750521746,T,IBM,I,80,291.76
2025-10-24,9:39:53.750551035,T,IBM,F I,32,291.8
2025-10-24,9:39:53.750554943,T,IBM,F I,9,291.81
2025-10-24,9:39:53.750578618,T,IBM,F I,5,291.81
2025-10-24,9:39:53.750581431,T,IBM,F I,25,291.81
2025-10-24,9:39:53.750662370,T,IBM,I,3,291.81
2025-10-24,9:39:53.750710447,T,IBM,F I,42,291.81
2025-10-24,9:39:53.750911875,T,IBM,I,23,291.75
2025-10-24,9:39:53.879423212,T,IBM,I,40,291.71
2025-10-24,9:39:53.879425919,T,IBM,I,31,291.68
2025-10-24,9:39:53.879428861,T,IBM,,100,291.67
2025-10-24,9:39:53.879431924,T,IBM,I,29,291.64
2025-10-24,9:39:54.622900874,T,IBM,F I,4,291.59
2025-10-24,9:39:54.623739814,T,IBM,F,100,291.51
2025-10-24,9:39:54.623763841,T,IBM,F I,84,291.47
2025-10-24,9:39:54.623769948,T,IBM,F I,16,291.47
2025-10-24,9:39:54.623772949,T,IBM,F I,3,291.47
2025-10-24,9:39:55.397843078,T,IBM,,300,291.43
2025-10-24,9:39:55.397843078,T,IBM,I,4,291.33
2025-10-24,9:39:55.397845673,T,IBM,I,62,291.32
2025-10-24,9:39:55.397857771,T,IBM,I,1,291.32
2025-10-24,9:39:55.397861537,T,IBM,F I,37,291.32
2025-10-24,9:39:55.397863858,T,IBM,F,400,291.32
2025-10-24,9:39:55.398483228,T,IBM,F I,4,291.26
2025-10-24,9:39:55.421761573,T,IBM,I,27,291.1
2025-10-24,9:39:55.421827785,T,IBM,,100,291.1
2025-10-24,9:40:01.457954278,T,IBM,I,25,291.21
2025-10-24,9:40:01.457957742,T,IBM,I,5,291.25
2025-10-24,9:40:01.457957742,T,IBM,I,12,291.26
2025-10-24,9:40:01.457962796,T,IBM,,100,291.26
2025-10-24,9:40:01.457962796,T,IBM,I,32,291.29
2025-10-24,9:40:01.457962796,T,IBM,I,51,291.29
2025-10-24,9:40:01.979891362,T,IBM,I,2,291.29
2025-10-24,9:40:02.122481801,T,IBM,,200,291.3
2025-10-24,9:40:02.122484789,T,IBM,I,27,291.3
2025-10-24,9:40:02.122562991,T,IBM,I,28,291.3
2025-10-24,9:40:02.122599006,T,IBM,F,100,291.29
2025-10-24,9:40:02.122653141,T,IBM,I,72,291.29
2025-10-24,9:40:02.122671800,T,IBM,I,1,291.32
2025-10-24,9:40:02.122674371,T,IBM,I,24,291.32
2025-10-24,9:40:02.122674371,T,IBM,I,76,291.29
2025-10-24,9:40:02.122695251,T,IBM,F I,24,291.29
2025-10-24,9:40:02.138886337,T,IBM,F I,2,291.29
2025-10-24,9:40:02.138886337,T,IBM,F I,9,291.22
2025-10-24,9:40:04.399779271,T,IBM,F I,98,291.28
2025-10-24,9:40:04.399779271,T,IBM,F I,40,291.28
2025-10-24,9:40:04.399938579,T,IBM,,162,291.28
2025-10-24,9:40:07.831218622,T,IBM,I,2,291.33
2025-10-24,9:40:07.831218622,T,IBM,I,5,291.37
2025-10-24,9:40:07.831221243,T,IBM,I,5,291.39
2025-10-24,9:40:07.831221243,T,IBM,I,12,291.42
2025-10-24,9:40:07.831224261,T,IBM,,100,291.44
2025-10-24,9:40:07.831404758,T,IBM,,176,291.44
2025-10-24,9:40:14.648050784,T,IBM,F,100,291.24
2025-10-24,9:40:14.648086911,T,IBM,F I,10,291.23
2025-10-24,9:40:14.648111053,T,IBM,F I,90,291.23
2025-10-24,9:40:14.648111053,T,IBM,F I,10,291.2
2025-10-24,9:40:14.648113993,T,IBM,,100,291.24
2025-10-24,9:40:14.648132052,T,IBM,F,100,291.19
2025-10-24,9:40:14.648135450,T,IBM,I,1,291.23
2025-10-24,9:40:14.648147020,T,IBM,F,100,291.19
2025-10-24,9:40:14.648231291,T,IBM,,100,291.19
2025-10-24,9:40:14.648411723,T,IBM,F I,21,291.23
2025-10-24,9:40:14.648781683,T,IBM,,100,291.19
2025-10-24,9:40:14.648781683,T,IBM,I,9,291.19
2025-10-24,9:40:14.648787558,T,IBM,I,1,291.19
2025-10-24,9:40:14.654284712,T,IBM,F I,32,291.34
2025-10-24,9:40:14.654287670,T,IBM,F I,68,291.35
2025-10-24,9:40:14.654570359,T,IBM,F I,32,291.35
2025-10-24,9:40:15.326324513,T,IBM,I,94,291.27
2025-10-24,9:40:15.326324513,T,IBM,I,16,291.26
2025-10-24,9:40:15.326694556,T,IBM,,100,291.23
2025-10-24,9:40:15.326697479,T,IBM,I,10,291.23
2025-10-24,9:40:16.727838160,T,IBM,,200,291.24
2025-10-24,9:40:16.727838160,T,IBM,I,10,291.24
2025-10-24,9:40:21.119784775,T,IBM,I,20,291.54
2025-10-24,9:40:21.119787847,T,IBM,,100,291.55
2025-10-24,9:40:21.119790849,T,IBM,I,11,291.55
2025-10-24,9:40:21.119810214,T,IBM,I,69,291.55
2025-10-24,9:40:21.135834045,T,IBM,,100,291.88
2025-10-24,9:40:21.135836992,T,IBM,I,90,291.92
2025-10-24,9:40:21.137978085,T,IBM,I,45,291.62
2025-10-24,9:40:21.137978085,T,IBM,I,55,291.62
2025-10-24,9:40:21.308568418,T,IBM,I,45,291.61
2025-10-24,9:40:31.939967794,T,IBM,F,100,291.63
2025-10-24,9:40:31.939970626,T,IBM,F I,59,291.64
2025-10-24,9:40:31.939973199,T,IBM,F I,41,291.64
2025-10-24,9:40:31.939973199,T,IBM,F I,97,291.64
2025-10-24,9:40:31.940974430,T,IBM,,100,291.64
2025-10-24,9:40:34.069261050,T,IBM,F I,20,291.78
2025-10-24,9:40:34.069291048,T,IBM,F I,80,291.78
2025-10-24,9:40:34.069291048,T,IBM,F I,20,291.78
2025-10-24,9:40:34.070220298,T,IBM,,100,291.76
2025-10-24,9:40:36.432644483,T,IBM,F I,41,291.84
2025-10-24,9:40:36.432644483,T,IBM,F I,41,291.84
2025-10-24,9:40:36.432647503,T,IBM,F I,18,291.84
2025-10-24,9:40:36.432650442,T,IBM,F I,23,291.85
2025-10-24,9:40:36.432662507,T,IBM,I,1,291.85
2025-10-24,9:40:36.432668505,T,IBM,F I,5,291.85
2025-10-24,9:40:36.432686521,T,IBM,F I,12,291.85
2025-10-24,9:40:36.924116484,T,IBM,F I,7,291.95
2025-10-24,9:40:36.924251776,T,IBM,I,51,291.95
2025-10-24,9:40:49.361226917,T,IBM,,100,291.675
2025-10-24,9:40:49.513978552,T,IBM,,100,291.675
2025-10-24,9:40:54.781342398,T,IBM,,100,291.76
2025-10-24,9:41:00.059552952,T,IBM,F,100,291.98
2025-10-24,9:41:00.059552952,T,IBM,F,100,291.99
2025-10-24,9:41:00.059570994,T,IBM,I,1,291.99
2025-10-24,9:41:00.059570994,T,IBM,F I,99,291.99
2025-10-24,9:41:00.060232535,T,IBM,,100,291.98
2025-10-24,9:41:12.149898971,T,IBM,,100,292.29
2025-10-24,9:41:12.149916989,T,IBM,F I,86,292.3
2025-10-24,9:41:12.149941078,T,IBM,I,1,292.3
2025-10-24,9:41:12.150229817,T,IBM,I,13,292.3
2025-10-24,9:41:13.383128898,T,IBM,I,6,291.97
2025-10-24,9:41:13.383140920,T,IBM,F I,1,291.93
2025-10-24,9:41:13.383360376,T,IBM,F,100,291.89
2025-10-24,9:41:13.383363693,T,IBM,F,136,291.89
2025-10-24,9:41:13.383366439,T,IBM,F,164,291.89
2025-10-24,9:41:13.383426515,T,IBM,F I,1,291.89
2025-10-24,9:41:13.383453652,T,IBM,F I,27,291.95
2025-10-24,9:41:13.383453652,T,IBM,F I,32,291.96
2025-10-24,9:41:13.383588918,T,IBM,F I,1,291.89
2025-10-24,9:41:13.383793393,T,IBM,I,2,291.94
2025-10-24,9:41:13.383856531,T,IBM,F I,26,291.89
2025-10-24,9:41:13.383877673,T,IBM,I,2,291.94
2025-10-24,9:41:13.384530193,T,IBM,F I,9,291.88
2025-10-24,9:41:13.384530193,T,IBM,F I,3,291.88
2025-10-24,9:41:13.384542204,T,IBM,F I,1,291.88
2025-10-24,9:41:13.564902625,T,IBM,F,100,291.7
2025-10-24,9:41:13.564962753,T,IBM,,100,291.7
2025-10-24,9:41:13.565245401,T,IBM,,100,291.71
2025-10-24,9:41:13.574131508,T,IBM,I,8,291.74
2025-10-24,9:41:18.669672377,T,IBM,F,100,291.77
2025-10-24,9:41:18.669687545,T,IBM,F,100,291.77
2025-10-24,9:41:18.669690333,T,IBM,F,100,291.68
2025-10-24,9:41:18.669741558,T,IBM,I,20,291.68
2025-10-24,9:41:18.669961050,T,IBM,I,27,291.81
2025-10-24,9:41:19.337569065,T,IBM,,100,291.68
2025-10-24,9:41:19.337571425,T,IBM,I,25,291.68
2025-10-24,9:41:19.364073507,T,IBM,I,25,291.68
2025-10-24,9:41:21.583266662,T,IBM,I,45,291.61
2025-10-24,9:41:21.583353862,T,IBM,I,45,291.61
2025-10-24,9:41:21.583432039,T,IBM,I,45,291.61
2025-10-24,9:41:21.583474125,T,IBM,I,45,291.61
2025-10-24,9:41:21.583513181,T,IBM,I,45,291.61
2025-10-24,9:41:21.587064663,T,IBM,I,75,291.61
2025-10-24,9:41:23.848887826,T,IBM,F,100,291.65
2025-10-24,9:41:23.848887826,T,IBM,F I,25,291.65
2025-10-24,9:41:23.848890425,T,IBM,F I,50,291.66
2025-10-24,9:41:23.848893324,T,IBM,F I,28,291.66
2025-10-24,9:41:23.848893324,T,IBM,F I,75,291.66
2025-10-24,9:41:23.848908422,T,IBM,F,125,291.66
2025-10-24,9:41:23.849070754,T,IBM,,100,291.66
2025-10-24,9:41:23.849293350,T,IBM,F,100,291.65
2025-10-24,9:41:23.849314402,T,IBM,,100,291.655
2025-10-24,9:41:25.012483404,T,IBM,F,100,291.76
2025-10-24,9:41:25.012483404,T,IBM,F,100,291.8
2025-10-24,9:41:25.012534571,T,IBM,F,100,291.8
2025-10-24,9:41:25.012679785,T,IBM,I,25,291.8
2025-10-24,9:41:25.012835311,T,IBM,I,1,291.79
2025-10-24,9:41:25.012841305,T,IBM,I,3,291.79
2025-10-24,9:41:25.013232204,T,IBM,I,3,291.79
2025-10-24,9:41:25.013283647,T,IBM,I,30,291.79
2025-10-24,9:41:25.013286306,T,IBM,I,3,291.79
2025-10-24,9:41:25.016290475,T,IBM,I,3,291.86
2025-10-24,9:41:25.022052197,T,IBM,,100,291.895
2025-10-24,9:41:27.909198625,T,IBM,,100,292.03
2025-10-24,9:41:29.857831634,T,IBM,I,44,292.035
2025-10-24,9:41:30.662727845,T,IBM,F,100,291.82
2025-10-24,9:41:30.662784995,T,IBM,,100,291.82
2025-10-24,9:41:30.662968456,T,IBM,F I,2,291.84
2025-10-24,9:41:31.119485224,T,IBM,,100,291.75
2025-10-24,9:41:38.201837989,T,IBM,,100,291.79
2025-10-24,9:41:38.201862192,T,IBM,F I,10,291.81
2025-10-24,9:41:38.201865505,T,IBM,F,100,291.84
2025-10-24,9:41:38.201868166,T,IBM,F,100,291.86
2025-10-24,9:41:38.201868166,T,IBM,F I,11,291.87
2025-10-24,9:41:38.201871071,T,IBM,F I,25,291.87
2025-10-24,9:41:38.201886112,T,IBM,I,1,291.87
2025-10-24,9:41:38.221531872,T,IBM,F I,45,291.86
2025-10-24,9:41:38.221558934,T,IBM,F I,45,291.86
2025-10-24,9:41:38.221646162,T,IBM,I,10,291.86
2025-10-24,9:41:38.221646162,T,IBM,I,3,291.87
2025-10-24,9:41:43.782770458,T,IBM,I,1,291.65
2025-10-24,9:41:43.782770458,T,IBM,I,45,291.65
2025-10-24,9:41:43.782773255,T,IBM,I,23,291.64
2025-10-24,9:41:43.782791496,T,IBM,I,77,291.64
2025-10-24,9:41:43.782791496,T,IBM,I,23,291.64
2025-10-24,9:41:43.782791496,T,IBM,I,1,291.64
2025-10-24,9:41:43.819421420,T,IBM,I,27,291.64
2025-10-24,9:41:43.819439451,T,IBM,F I,49,291.64
2025-10-24,9:41:45.322763429,T,IBM,F I,42,291.69
2025-10-24,9:41:45.322829557,T,IBM,F I,42,291.69
2025-10-24,9:41:45.322844535,T,IBM,I,16,291.69
2025-10-24,9:41:45.322847545,T,IBM,I,26,291.75
2025-10-24,9:41:45.322898765,T,IBM,I,42,291.76
2025-10-24,9:41:45.323701605,T,IBM,,100,291.76
2025-10-24,9:41:45.324038398,T,IBM,I,16,291.82
2025-10-24,9:41:45.324059479,T,IBM,I,16,291.82
2025-10-24,9:41:45.324068468,T,IBM,I,68,291.82
2025-10-24,9:41:45.324089595,T,IBM,I,32,291.82
2025-10-24,9:41:45.887983030,T,IBM,I,32,291.53
2025-10-24,9:41:45.887983030,T,IBM,I,68,291.51
2025-10-24,9:41:55.673565247,T,IBM,F I,32,291.87
2025-10-24,9:41:55.673570223,T,IBM,F,100,291.87
2025-10-24,9:41:55.673570223,T,IBM,F,100,291.88
2025-10-24,9:41:55.675518728,T,IBM,F I,14,292.0
2025-10-24,9:41:55.689387910,T,IBM,F I,20,292.1
2025-10-24,9:41:55.689390768,T,IBM,F,100,292.1
2025-10-24,9:41:55.689390768,T,IBM,F,280,292.11
2025-10-24,9:41:55.689408722,T,IBM,I,1,292.11
2025-10-24,9:41:55.689411777,T,IBM,F,119,292.11
2025-10-24,9:41:55.840344120,T,IBM,I,5,292.07
2025-10-24,9:41:55.840344120,T,IBM,I,95,292.07
2025-10-24,9:41:55.878559130,T,IBM,I,5,292.07
2025-10-24,9:41:55.878559130,T,IBM,I,25,292.06
2025-10-24,9:42:02.734830559,T,IBM,F I,2,292.09
2025-10-24,9:42:03.162758233,T,IBM,F,150,291.98
2025-10-24,9:42:03.162794384,T,IBM,F,150,291.98
2025-10-24,9:42:07.339055595,T,IBM,F I,1,291.9
2025-10-24,9:42:07.339110119,T,IBM,F,100,291.84
2025-10-24,9:42:07.339110119,T,IBM,F I,4,291.84
2025-10-24,9:42:07.339175953,T,IBM,I,66,291.99
2025-10-24,9:42:07.339196975,T,IBM,I,1,291.98
2025-10-24,9:42:07.339227006,T,IBM,I,24,291.98
2025-10-24,9:42:07.339227006,T,IBM,I,32,291.98
2025-10-24,9:42:07.339236343,T,IBM,I,56,291.99
2025-10-24,9:42:07.339245091,T,IBM,F I,44,291.99
2025-10-24,9:42:07.339254131,T,IBM,I,28,291.99
2025-10-24,9:42:07.339296289,T,IBM,I,72,291.94
2025-10-24,9:42:07.339299275,T,IBM,I,8,291.95
2025-10-24,9:42:07.339299275,T,IBM,I,70,292.0
2025-10-24,9:42:07.339597517,T,IBM,F I,32,291.89
2025-10-24,9:42:07.339623980,T,IBM,F I,66,291.93
2025-10-24,9:42:07.339750242,T,IBM,I,21,291.96
2025-10-24,9:42:07.343398022,T,IBM,F I,5,291.95
2025-10-24,9:42:07.343400918,T,IBM,F I,8,291.95
2025-10-24,9:42:07.343406985,T,IBM,F,100,291.95
2025-10-24,9:42:07.343406985,T,IBM,F I,10,291.99
2025-10-24,9:42:16.657186041,T,IBM,F,100,291.99
2025-10-24,9:42:16.657234184,T,IBM,F I,20,291.99
2025-10-24,9:42:16.657237134,T,IBM,F I,80,292.0
2025-10-24,9:42:16.657255096,T,IBM,I,1,292.0
2025-10-24,9:42:16.657264138,T,IBM,F I,19,292.0
2025-10-24,9:42:16.657309291,T,IBM,F,400,292.0
2025-10-24,9:42:16.657492726,T,IBM,F,100,291.99
2025-10-24,9:42:16.688526642,T,IBM,I,5,291.71
2025-10-24,9:42:16.688529555,T,IBM,I,15,291.71
2025-10-24,9:42:16.691118823,T,IBM,F I,1,291.8
2025-10-24,9:42:20.370071156,T,IBM,F,100,291.76
2025-10-24,9:42:20.783329877,T,IBM,F I,10,291.7
2025-10-24,9:42:20.783333199,T,IBM,F,100,291.69
2025-10-24,9:42:20.783333199,T,IBM,F I,52,291.69
2025-10-24,9:42:20.783348103,T,IBM,F I,48,291.69
2025-10-24,9:42:20.783348103,T,IBM,F I,20,291.69
2025-10-24,9:42:20.783350988,T,IBM,F I,20,291.69
2025-10-24,9:42:20.989633060,T,IBM,,100,291.58
2025-10-24,9:42:20.989666206,T,IBM,I,27,291.58
2025-10-24,9:42:20.989666206,T,IBM,I,73,291.57
2025-10-24,9:42:20.989690266,T,IBM,I,27,291.57
2025-10-24,9:42:20.989831723,T,IBM,F,200,291.57
2025-10-24,9:42:20.989834608,T,IBM,F I,16,291.63
2025-10-24,9:42:20.990084802,T,IBM,F,100,291.63
2025-10-24,9:42:21.441847444,T,IBM,F,100,291.68
2025-10-24,9:42:21.441847444,T,IBM,F,141,291.69
2025-10-24,9:42:21.441867736,T,IBM,F I,59,291.69
2025-10-24,9:42:21.441870722,T,IBM,F I,41,291.69
2025-10-24,9:42:21.442295006,T,IBM,F,100,291.69
2025-10-24,9:42:21.442375860,T,IBM,F I,5,291.65
2025-10-24,9:42:21.465630355,T,IBM,F I,25,291.64
2025-10-24,9:42:21.465633230,T,IBM,F,100,291.64
2025-10-24,9:42:21.465636387,T,IBM,F,207,291.65
2025-10-24,9:42:21.465636387,T,IBM,F,578,291.65
2025-10-24,9:42:21.465651469,T,IBM,F,111,291.65
2025-10-24,9:42:21.465651469,T,IBM,F I,14,291.65
2025-10-24,9:42:21.465654268,T,IBM,F I,10,291.65
2025-10-24,9:42:21.466024218,T,IBM,F,100,291.64
2025-10-24,9:42:22.350402623,T,IBM,F I,94,291.86
2025-10-24,9:42:22.350402623,T,IBM,F I,6,291.88
2025-10-24,9:42:22.350485115,T,IBM,I,26,291.88
2025-10-24,9:42:22.350489868,T,IBM,I,74,291.88
2025-10-24,9:42:22.350543906,T,IBM,F I,25,291.88
2025-10-24,9:42:22.350862741,T,IBM,F,100,291.89
2025-10-24,9:42:22.351103299,T,IBM,I,35,291.81
2025-10-24,9:42:22.351115287,T,IBM,I,35,291.81
2025-10-24,9:42:25.848645806,T,IBM,I,31,291.88
2025-10-24,9:42:26.060476370,T,IBM,I,31,291.88
2025-10-24,9:42:26.060476370,T,IBM,F I,10,291.88
2025-10-24,9:42:26.060536230,T,IBM,I,28,291.88
2025-10-24,9:42:26.060563185,T,IBM,I,3,291.89
2025-10-24,9:42:26.060602323,T,IBM,I,28,291.89
2025-10-24,9:42:29.653763453,T,IBM,I,5,291.7
2025-10-24,9:42:31.184792425,T,IBM,I,10,291.87
2025-10-24,9:42:31.184792425,T,IBM,I,5,291.87
2025-10-24,9:42:31.184795524,T,IBM,I,94,291.87
2025-10-24,9:42:31.184798342,T,IBM,I,25,291.92
2025-10-24,9:42:31.184813486,T,IBM,F I,37,291.93
2025-10-24,9:42:37.851423299,T,IBM,I,3,291.79
2025-10-24,9:42:38.118846842,T,IBM,F,100,291.79
2025-10-24,9:42:38.119442343,T,IBM,F,177,291.79
2025-10-24,9:42:45.666124299,T,IBM,F I,59,291.99
2025-10-24,9:42:45.666226536,T,IBM,F I,16,291.99
2025-10-24,9:42:45.668383152,T,IBM,F I,25,291.99
2025-10-24,9:42:45.668385803,T,IBM,F,200,292.0
2025-10-24,9:42:45.668385803,T,IBM,F I,11,292.0
2025-10-24,9:42:45.893324145,T,IBM,,100,292.14
2025-10-24,9:42:46.097134347,T,IBM,,100,292.14
2025-10-24,9:42:50.885084789,T,IBM,F I,12,292.1
2025-10-24,9:42:50.885084789,T,IBM,F I,25,292.1
2025-10-24,9:42:52.441545216,T,IBM,,100,292.09
2025-10-24,9:42:52.441560712,T,IBM,F,100,292.09
2025-10-24,9:42:52.441563220,T,IBM,F I,50,292.08
2025-10-24,9:42:52.441602379,T,IBM,I,77,292.08
2025-10-24,9:42:52.441605425,T,IBM,I,20,292.0
2025-10-24,9:42:52.441605425,T,IBM,I,3,291.99
2025-10-24,9:42:52.441611431,T,IBM,I,97,291.99
2025-10-24,9:42:52.441744314,T,IBM,I,45,292.0
2025-10-24,9:42:52.442218822,T,IBM,I,25,292.05
2025-10-24,9:42:52.442218822,T,IBM,I,56,292.06
2025-10-24,9:42:52.442805223,T,IBM,F I,10,291.87
2025-10-24,9:42:52.818324686,T,IBM,I,45,292.05
2025-10-24,9:42:52.818327174,T,IBM,I,55,292.05
2025-10-24,9:43:00.375904309,T,IBM,F,250,292.3
2025-10-24,9:43:00.375907311,T,IBM,F,400,292.3
2025-10-24,9:43:00.375922270,T,IBM,I,1,292.25
2025-10-24,9:43:00.375925280,T,IBM,I,5,292.25
2025-10-24,9:43:00.595291602,T,IBM,F I,5,292.21
2025-10-24,9:43:00.596100528,T,IBM,F,100,292.15
2025-10-24,9:43:01.389128124,T,IBM,F I,10,292.05
2025-10-24,9:43:01.389130413,T,IBM,F I,25,292.04
2025-10-24,9:43:01.389133639,T,IBM,F I,25,292.02
2025-10-24,9:43:01.389136442,T,IBM,F I,32,292.02
2025-10-24,9:43:01.389151822,T,IBM,F,100,292.01
2025-10-24,9:43:01.389154444,T,IBM,F,100,292.01
2025-10-24,9:43:01.389157390,T,IBM,F I,4,292.0
2025-10-24,9:43:01.389398153,T,IBM,I,34,292.01
2025-10-24,9:43:01.406379389,T,IBM,I,45,292.01
2025-10-24,9:43:01.406379389,T,IBM,I,25,292.01
2025-10-24,9:43:01.406397506,T,IBM,F I,30,292.01
2025-10-24,9:43:03.364746487,T,IBM,F,100,291.91
2025-10-24,9:43:03.365320930,T,IBM,F,100,291.87
2025-10-24,9:43:03.365955947,T,IBM,F I,20,291.79
2025-10-24,9:43:03.365958389,T,IBM,F,130,291.79
2025-10-24,9:43:08.852592234,T,IBM,F I,25,291.96
2025-10-24,9:43:09.301342369,T,IBM,F I,32,292.03
2025-10-24,9:43:09.301345135,T,IBM,F I,68,292.04
2025-10-24,9:43:09.301359668,T,IBM,F I,6,292.04
2025-10-24,9:43:09.301359668,T,IBM,I,1,292.04
2025-10-24,9:43:09.301363039,T,IBM,F I,25,292.04
2025-10-24,9:43:09.301365630,T,IBM,F I,25,292.04
2025-10-24,9:43:11.044732993,T,IBM,F I,10,292.28
2025-10-24,9:43:11.047854401,T,IBM,I,13,292.34
2025-10-24,9:43:11.553159561,T,IBM,I,25,292.25
2025-10-24,9:43:11.553162414,T,IBM,I,10,292.23
2025-10-24,9:43:11.553165361,T,IBM,I,6,292.22
2025-10-24,9:43:12.091107007,T,IBM,F,100,292.36
2025-10-24,9:43:12.091342083,T,IBM,F I,18,292.4
2025-10-24,9:43:12.091344618,T,IBM,F I,3,292.4
2025-10-24,9:43:12.091398718,T,IBM,I,44,292.28
2025-10-24,9:43:12.091410689,T,IBM,I,10,292.35
2025-10-24,9:43:12.091666361,T,IBM,I,11,292.26
2025-10-24,9:43:12.091696429,T,IBM,I,13,292.31
2025-10-24,9:43:12.091699392,T,IBM,I,7,292.31
2025-10-24,9:43:16.522188993,T,IBM,I,45,292.21
2025-10-24,9:43:16.522188993,T,IBM,I,25,292.22
2025-10-24,9:43:22.749798721,T,IBM,F,150,292.18
2025-10-24,9:43:22.749846895,T,IBM,F,150,292.18
2025-10-24,9:43:27.031848892,T,IBM,,166,292.18
2025-10-24,9:43:27.032203924,T,IBM,I,87,292.18
2025-10-24,9:43:27.032227853,T,IBM,I,1,292.18
2025-10-24,9:43:27.032227853,T,IBM,I,60,292.18
2025-10-24,9:43:27.936291255,T,IBM,F I,2,292.32
2025-10-24,9:43:27.936547699,T,IBM,F I,2,292.37
2025-10-24,9:43:27.936564787,T,IBM,F I,10,292.37
2025-10-24,9:43:27.936579907,T,IBM,F I,88,292.37
2025-10-24,9:43:27.936582872,T,IBM,F I,2,292.38
2025-10-24,9:43:27.936643207,T,IBM,I,25,292.34
2025-10-24,9:43:27.936643207,T,IBM,I,10,292.29
2025-10-24,9:43:27.936649198,T,IBM,I,26,292.27
2025-10-24,9:43:27.936718100,T,IBM,I,34,292.28
2025-10-24,9:43:27.936787398,T,IBM,F I,6,292.35
2025-10-24,9:43:27.936821393,T,IBM,I,32,292.28
2025-10-24,9:43:27.936961687,T,IBM,I,3,292.31
2025-10-24,9:43:27.936967836,T,IBM,F I,6,292.35
2025-10-24,9:43:27.937031399,T,IBM,F I,21,292.31
2025-10-24,9:43:27.937033886,T,IBM,I,21,292.31
2025-10-24,9:43:27.937057943,T,IBM,I,3,292.35
2025-10-24,9:43:27.937403769,T,IBM,I,32,292.28
2025-10-24,9:43:27.937403769,T,IBM,I,9,292.27
2025-10-24,9:43:27.939788417,T,IBM,I,3,292.4
2025-10-24,9:43:28.663091507,T,IBM,F I,25,292.46
2025-10-24,9:43:28.663094426,T,IBM,F I,18,292.47
2025-10-24,9:43:28.663172589,T,IBM,F I,37,292.5
2025-10-24,9:43:32.184189652,T,IBM,F I,28,292.48
2025-10-24,9:43:34.558963541,T,IBM,I,9,292.5
2025-10-24,9:43:34.559053674,T,IBM,I,32,292.47
2025-10-24,9:43:34.559056713,T,IBM,I,9,292.46
2025-10-24,9:43:34.559059704,T,IBM,I,68,292.46
2025-10-24,9:43:34.559074800,T,IBM,I,32,292.46
2025-10-24,9:43:36.149185211,T,IBM,F,150,292.41
2025-10-24,9:43:36.149224306,T,IBM,F I,50,292.41
2025-10-24,9:43:36.750154526,T,IBM,,100,292.34
2025-10-24,9:43:36.750154526,T,IBM,I,10,292.34
2025-10-24,9:43:36.750157592,T,IBM,,200,292.34
2025-10-24,9:43:36.750187544,T,IBM,F I,25,292.36
2025-10-24,9:43:36.750190192,T,IBM,F I,2,292.34
2025-10-24,9:43:36.750197224,T,IBM,I,8,292.34
2025-10-24,9:43:36.750197224,T,IBM,I,1,292.34
2025-10-24,9:43:36.750197224,T,IBM,,100,292.34
2025-10-24,9:43:36.750199344,T,IBM,F I,64,292.34
2025-10-24,9:43:36.750214623,T,IBM,F I,25,292.34
2025-10-24,9:43:36.750214623,T,IBM,F,111,292.34
2025-10-24,9:43:36.750218044,T,IBM,F I,89,292.34
2025-10-24,9:43:36.750218044,T,IBM,F,111,292.34
2025-10-24,9:43:36.750223170,T,IBM,F,100,292.34
2025-10-24,9:43:36.750223170,T,IBM,F,200,292.34
2025-10-24,9:43:36.750226520,T,IBM,F,189,292.34
2025-10-24,9:43:36.750226520,T,IBM,I,15,292.35
2025-10-24,9:43:36.750235123,T,IBM,F,100,292.31
2025-10-24,9:43:38.636129858,T,IBM,F I,25,292.265
2025-10-24,9:43:39.668556849,T,IBM,,100,292.265
2025-10-24,9:43:39.668556849,T,IBM,I,4,292.23
2025-10-24,9:43:41.541343197,T,IBM,,104,292.23
2025-10-24,9:43:43.054160677,T,IBM,I,50,292.27
2025-10-24,9:43:43.054179342,T,IBM,I,1,292.27
2025-10-24,9:43:43.054184732,T,IBM,F I,49,292.27
2025-10-24,9:43:43.054184732,T,IBM,F I,1,292.27
2025-10-24,9:43:43.054194509,T,IBM,F I,99,292.27
2025-10-24,9:43:43.054194509,T,IBM,F I,1,292.27
2025-10-24,9:43:43.054196955,T,IBM,F,100,292.27
2025-10-24,9:43:43.054199791,T,IBM,F,130,292.27
2025-10-24,9:43:43.054506488,T,IBM,I,4,292.27
2025-10-24,9:43:43.054954553,T,IBM,I,10,292.31
2025-10-24,9:43:43.054957560,T,IBM,,100,292.28
2025-10-24,9:43:43.054960564,T,IBM,I,7,292.27
2025-10-24,9:43:43.055138074,T,IBM,F,100,292.26
2025-10-24,9:43:43.058680469,T,IBM,F I,25,292.36
2025-10-24,9:43:51.231792876,T,IBM,I,27,292.49
2025-10-24,9:43:51.231810961,T,IBM,F I,31,292.49
2025-10-24,9:43:51.231810961,T,IBM,I,1,292.49
2025-10-24,9:43:51.231852956,T,IBM,I,16,292.49
2025-10-24,9:43:51.318426062,T,IBM,I,1,292.51
2025-10-24,9:43:51.622880392,T,IBM,I,6,292.53
2025-10-24,9:43:51.622882944,T,IBM,I,29,292.53
2025-10-24,9:43:51.623346495,T,IBM,I,3,292.55
2025-10-24,9:43:51.623523431,T,IBM,I,3,292.54
2025-10-24,9:43:51.623679761,T,IBM,F I,3,292.51
2025-10-24,9:43:51.623682799,T,IBM,F I,2,292.51
2025-10-24,9:44:00.971220632,T,IBM,I,25,292.56
2025-10-24,9:44:00.971223194,T,IBM,I,75,292.55
2025-10-24,9:44:00.971514888,T,IBM,F,150,292.55
2025-10-24,9:44:00.980343976,T,IBM,I,75,292.55
2025-10-24,9:44:00.980347040,T,IBM,I,2,292.52
2025-10-24,9:44:00.980350011,T,IBM,I,23,292.51
2025-10-24,9:44:00.980368577,T,IBM,F I,77,292.51
2025-10-24,9:44:00.980371013,T,IBM,I,95,292.51
2025-10-24,9:44:00.980834158,T,IBM,F,100,292.52
2025-10-24,9:44:00.986379362,T,IBM,I,47,292.49
2025-10-24,9:44:00.986400488,T,IBM,I,1,292.49
2025-10-24,9:44:00.986415396,T,IBM,I,82,292.49
2025-10-24,9:44:01.249818531,T,IBM,I,2,292.49
2025-10-24,9:44:01.249842557,T,IBM,I,1,292.49
2025-10-24,9:44:01.249846420,T,IBM,I,10,292.49
2025-10-24,9:44:01.250275623,T,IBM,F I,61,292.49
2025-10-24,9:44:01.250302744,T,IBM,I,14,292.49
2025-10-24,9:44:01.250777898,T,IBM,I,89,292.49
2025-10-24,9:44:01.250777898,T,IBM,I,11,292.48
2025-10-24,9:44:01.250798864,T,IBM,F I,89,292.48
2025-10-24,9:44:02.671925088,T,IBM,,100,292.49
2025-10-24,9:44:04.070978759,T,IBM,F I,10,292.65
2025-10-24,9:44:04.071300580,T,IBM,I,10,292.63
2025-10-24,9:44:04.071760652,T,IBM,F I,25,292.64
2025-10-24,9:44:04.072160780,T,IBM,F I,15,292.58
2025-10-24,9:44:04.073823483,T,IBM,I,25,292.6
2025-10-24,9:44:04.077597564,T,IBM,F,100,292.57
2025-10-24,9:44:04.336156042,T,IBM,F I,8,292.66
2025-10-24,9:44:04.473664676,T,IBM,F I,1,292.71
2025-10-24,9:44:04.473667590,T,IBM,F I,11,292.73
2025-10-24,9:44:04.473667590,T,IBM,F I,5,292.74
2025-10-24,9:44:04.474575574,T,IBM,I,33,292.68
2025-10-24,9:44:04.474602683,T,IBM,F I,33,292.68
2025-10-24,9:44:04.474951554,T,IBM,F I,34,292.68
2025-10-24,9:44:04.918874314,T,IBM,F I,25,292.64
2025-10-24,9:44:04.918950386,T,IBM,F,100,292.6
