DATE,TIME_M,EX,SYM_ROOT,TR_SCOND,SIZE,PRICE
2025-12-29,9:30:00.573170153,T,IBM,I,1,304.185
2025-12-29,9:30:00.573212176,T,IBM,Q,1,304.185
2025-12-29,9:30:00.980044769,T,IBM,I,2,304.185
2025-12-29,9:30:03.259191391,T,IBM,I,6,304.38
2025-12-29,9:30:03.259191391,T,IBM,I,15,304.38
2025-12-29,9:30:03.520753991,T,IBM,F I,2,304.61
2025-12-29,9:30:03.879601256,T,IBM,I,1,304.62
2025-12-29,9:30:18.244570316,T,IBM,I,27,304.68
2025-12-29,9:30:21.433854596,T,IBM,F I,1,304.69
2025-12-29,9:30:21.435490504,T,IBM,I,5,304.47
2025-12-29,9:30:21.435490504,T,IBM,I,5,304.415
2025-12-29,9:30:51.011126020,T,IBM,F I,25,304.41
2025-12-29,9:30:51.012638627,T,IBM,,100,304.41
2025-12-29,9:30:55.047914964,T,IBM,F I,25,304.52
2025-12-29,9:31:04.082171954,T,IBM,F I,2,304.48
2025-12-29,9:31:04.121219851,T,IBM,I,5,304.415
2025-12-29,9:31:06.099095187,T,IBM,I,6,304.1
2025-12-29,9:31:06.099097579,T,IBM,I,6,304.09
2025-12-29,9:31:06.099097579,T,IBM,I,1,304.09
2025-12-29,9:31:06.099611652,T,IBM,I,4,304.33
2025-12-29,9:31:06.099620708,T,IBM,F I,4,304.33
2025-12-29,9:31:06.099620708,T,IBM,I,4,304.33
2025-12-29,9:31:06.156885929,T,IBM,I,5,304.27
2025-12-29,9:31:06.156885929,T,IBM,I,3,304.29
2025-12-29,9:31:06.156907001,T,IBM,I,5,304.29
2025-12-29,9:31:08.193857332,T,IBM,F I,4,304.32
2025-12-29,9:31:08.211130373,T,IBM,F I,8,304.2
2025-12-29,9:31:08.211130373,T,IBM,F I,19,304.18
2025-12-29,9:31:08.235608630,T,IBM,F I,27,304.18
2025-12-29,9:31:08.246653951,T,IBM,F I,27,304.18
2025-12-29,9:31:08.258490163,T,IBM,F I,27,304.18
2025-12-29,9:31:08.270452628,T,IBM,F I,5,304.17
2025-12-29,9:31:08.270455711,T,IBM,F I,1,304.17
2025-12-29,9:31:08.270455711,T,IBM,F I,21,304.16
2025-12-29,9:31:08.270473629,T,IBM,I,1,304.16
2025-12-29,9:31:08.270509711,T,IBM,I,21,304.32
2025-12-29,9:31:08.270527839,T,IBM,I,1,304.32
2025-12-29,9:31:19.346775214,T,IBM,F I,20,304.55
2025-12-29,9:31:19.346777769,T,IBM,F I,27,304.55
2025-12-29,9:31:19.346783854,T,IBM,F,40,304.56
2025-12-29,9:31:19.346783854,T,IBM,F I,33,304.56
2025-12-29,9:31:19.346786793,T,IBM,F,47,304.56
2025-12-29,9:31:19.346807910,T,IBM,F I,25,304.56
2025-12-29,9:31:19.346886090,T,IBM,F I,1,304.61
2025-12-29,9:31:19.347676964,T,IBM,I,18,304.56
2025-12-29,9:31:19.347697968,T,IBM,F,102,304.56
2025-12-29,9:31:19.347701006,T,IBM,F I,1,304.56
2025-12-29,9:31:19.347716173,T,IBM,I,30,304.59
2025-12-29,9:31:19.347764193,T,IBM,,58,304.56
2025-12-29,9:31:19.347770212,T,IBM,F,74,304.56
2025-12-29,9:31:19.347830274,T,IBM,I,1,304.67
2025-12-29,9:31:19.349243651,T,IBM,I,5,304.67
2025-12-29,9:31:19.349252663,T,IBM,I,5,304.67
2025-12-29,9:31:19.349264685,T,IBM,F I,5,304.67
2025-12-29,9:31:19.367990244,T,IBM,I,11,304.56
2025-12-29,9:31:23.060429307,T,IBM,I,11,304.48
2025-12-29,9:31:31.380828870,T,IBM,I,5,304.72
2025-12-29,9:31:31.380828870,T,IBM,I,35,304.73
2025-12-29,9:31:31.382013651,T,IBM,,62,304.73
2025-12-29,9:31:31.383932902,T,IBM,I,3,304.73
2025-12-29,9:31:31.383935202,T,IBM,I,37,304.73
2025-12-29,9:31:31.385706508,T,IBM,I,11,304.49
2025-12-29,9:31:33.821529164,T,IBM,I,5,304.67
2025-12-29,9:31:33.821532157,T,IBM,I,6,304.73
2025-12-29,9:31:33.827675783,T,IBM,I,5,304.52
2025-12-29,9:31:33.827675783,T,IBM,I,6,304.52
2025-12-29,9:31:35.955550353,T,IBM,I,11,304.48
2025-12-29,9:31:37.373946384,T,IBM,I,2,304.73
2025-12-29,9:31:37.373946384,T,IBM,I,20,304.74
2025-12-29,9:31:37.373952018,T,IBM,,58,304.74
2025-12-29,9:31:37.373970855,T,IBM,F,42,304.74
2025-12-29,9:31:37.373970855,T,IBM,F I,38,304.75
2025-12-29,9:31:37.373991335,T,IBM,F,42,304.75
2025-12-29,9:31:37.374228702,T,IBM,I,30,304.73
2025-12-29,9:31:37.374252722,T,IBM,F,50,304.75
2025-12-29,9:31:37.375735267,T,IBM,I,1,304.77
2025-12-29,9:31:37.375735267,T,IBM,I,4,304.77
2025-12-29,9:31:37.390903455,T,IBM,I,30,304.7
2025-12-29,9:31:37.391071816,T,IBM,I,1,304.68
2025-12-29,9:31:37.391264401,T,IBM,I,10,304.68
2025-12-29,9:31:37.391856715,T,IBM,F I,1,304.8
2025-12-29,9:31:37.392199646,T,IBM,F,40,304.8
2025-12-29,9:31:37.392470105,T,IBM,I,4,304.82
2025-12-29,9:31:37.392473166,T,IBM,I,4,304.89
2025-12-29,9:31:37.392638526,T,IBM,,40,304.8
2025-12-29,9:31:37.392708439,T,IBM,F,40,304.8
2025-12-29,9:31:37.392716770,T,IBM,,60,304.8
2025-12-29,9:31:37.392728729,T,IBM,I,4,304.8
2025-12-29,9:31:37.392915246,T,IBM,F I,4,304.88
2025-12-29,9:31:37.393212906,T,IBM,F I,4,304.89
2025-12-29,9:31:37.412972977,T,IBM,F I,30,304.72
2025-12-29,9:31:37.413093252,T,IBM,F I,27,304.78
2025-12-29,9:31:37.413096263,T,IBM,F I,16,304.79
2025-12-29,9:31:37.424135671,T,IBM,F I,11,304.7
2025-12-29,9:31:37.424138563,T,IBM,F I,23,304.67
2025-12-29,9:31:37.435601844,T,IBM,F I,30,304.66
2025-12-29,9:31:37.448048467,T,IBM,F I,8,304.65
2025-12-29,9:31:37.448048467,T,IBM,F I,32,304.6
2025-12-29,9:31:37.448066510,T,IBM,I,1,304.6
2025-12-29,9:31:37.448406287,T,IBM,I,2,304.6
2025-12-29,9:31:37.459553843,T,IBM,F I,2,304.58
2025-12-29,9:31:37.497703254,T,IBM,F I,4,304.62
2025-12-29,9:31:37.497726735,T,IBM,F I,1,304.62
2025-12-29,9:31:37.497726735,T,IBM,F I,4,304.63
2025-12-29,9:31:37.533938921,T,IBM,I,11,304.63
2025-12-29,9:31:41.239550230,T,IBM,I,5,304.67
2025-12-29,9:31:41.239555552,T,IBM,,40,304.67
2025-12-29,9:31:41.239576595,T,IBM,F I,25,304.67
2025-12-29,9:31:41.239618691,T,IBM,F I,25,304.67
2025-12-29,9:31:41.239651718,T,IBM,F I,5,304.67
2025-12-29,9:31:44.240501576,T,IBM,,40,304.735
2025-12-29,9:31:51.236656668,T,IBM,F I,2,304.82
2025-12-29,9:31:54.642273145,T,IBM,F I,2,304.82
2025-12-29,9:31:54.664607263,T,IBM,F I,2,304.82
2025-12-29,9:31:54.688625463,T,IBM,F I,2,304.79
2025-12-29,9:31:54.711928014,T,IBM,F I,2,304.79
2025-12-29,9:31:54.734198942,T,IBM,F I,2,304.79
2025-12-29,9:31:54.754121376,T,IBM,F I,2,304.79
2025-12-29,9:31:54.777841885,T,IBM,F I,2,304.79
2025-12-29,9:31:54.799541478,T,IBM,F I,2,304.79
2025-12-29,9:31:54.824380615,T,IBM,F I,2,304.79
2025-12-29,9:31:54.847192900,T,IBM,F I,2,304.79
2025-12-29,9:31:54.871457697,T,IBM,F I,1,304.79
2025-12-29,9:31:54.896080342,T,IBM,F I,2,304.79
2025-12-29,9:31:54.918603958,T,IBM,F I,2,304.79
2025-12-29,9:31:54.940613274,T,IBM,F I,2,304.79
2025-12-29,9:31:54.962057370,T,IBM,F I,2,304.79
2025-12-29,9:31:54.985191440,T,IBM,F I,2,304.79
2025-12-29,9:31:55.007300019,T,IBM,F I,2,304.79
2025-12-29,9:31:55.027454000,T,IBM,F I,2,304.79
2025-12-29,9:31:55.045857809,T,IBM,F I,2,304.79
2025-12-29,9:31:55.069728718,T,IBM,F I,2,304.79
2025-12-29,9:31:55.090580294,T,IBM,F I,2,304.79
2025-12-29,9:31:55.112688924,T,IBM,F I,2,304.79
2025-12-29,9:31:55.135191537,T,IBM,F I,2,304.78
2025-12-29,9:31:55.213789676,T,IBM,F I,38,304.91
2025-12-29,9:31:55.213816744,T,IBM,F I,38,304.91
2025-12-29,9:31:55.214156457,T,IBM,F I,38,304.92
2025-12-29,9:31:55.285212627,T,IBM,I,38,304.94
2025-12-29,9:31:55.285221686,T,IBM,I,38,304.94
2025-12-29,9:31:55.285233682,T,IBM,I,2,304.94
2025-12-29,9:32:01.977175530,T,IBM,,40,304.815
2025-12-29,9:32:02.002519867,T,IBM,I,27,304.64
2025-12-29,9:32:02.002519867,T,IBM,I,13,304.64
2025-12-29,9:32:02.002546950,T,IBM,F I,25,304.74
2025-12-29,9:32:02.094313343,T,IBM,F I,1,304.48
2025-12-29,9:32:19.325811576,T,IBM,I,1,304.47
2025-12-29,9:32:24.153558621,T,IBM,I,5,304.37
2025-12-29,9:32:24.153558621,T,IBM,I,25,304.45
2025-12-29,9:32:24.153564447,T,IBM,,45,304.45
2025-12-29,9:32:24.417896750,T,IBM,F I,1,304.37
2025-12-29,9:32:28.027696184,T,IBM,F I,4,304.47
2025-12-29,9:32:28.100767215,T,IBM,F I,4,304.56
2025-12-29,9:32:28.100815273,T,IBM,F I,4,304.56
2025-12-29,9:32:30.258472930,T,IBM,F I,10,304.59
2025-12-29,9:32:30.258475856,T,IBM,F I,2,304.59
2025-12-29,9:32:30.258478739,T,IBM,F I,4,304.6
2025-12-29,9:32:30.258478739,T,IBM,F I,19,304.6
2025-12-29,9:32:36.980293752,T,IBM,F I,1,304.71
2025-12-29,9:32:36.980314837,T,IBM,F I,1,304.71
2025-12-29,9:32:36.980347957,T,IBM,F I,1,304.71
2025-12-29,9:32:44.107151943,T,IBM,I,1,304.75
2025-12-29,9:32:44.481579334,T,IBM,I,1,304.78
2025-12-29,9:32:45.481655228,T,IBM,F I,24,304.87
2025-12-29,9:32:46.481667740,T,IBM,F I,1,304.92
2025-12-29,9:32:51.431060179,T,IBM,I,5,304.93
2025-12-29,9:33:13.190356214,T,IBM,F I,39,304.94
2025-12-29,9:33:16.920445103,T,IBM,F I,20,304.94
2025-12-29,9:33:16.920499232,T,IBM,F,60,304.95
2025-12-29,9:33:16.920502947,T,IBM,F I,20,304.95
2025-12-29,9:33:16.920508256,T,IBM,,60,304.95
2025-12-29,9:33:16.920511342,T,IBM,I,1,304.96
2025-12-29,9:33:16.920511342,T,IBM,I,3,304.97
2025-12-29,9:33:16.920517290,T,IBM,F I,1,304.97
2025-12-29,9:33:16.920917217,T,IBM,F,40,304.95
2025-12-29,9:33:43.823814051,T,IBM,F,80,305.1
2025-12-29,9:33:43.823817052,T,IBM,F I,20,305.1
2025-12-29,9:33:43.888263557,T,IBM,I,10,305.04
2025-12-29,9:33:43.888266886,T,IBM,I,6,305.04
2025-12-29,9:33:43.888269527,T,IBM,I,10,305.04
2025-12-29,9:33:43.888269527,T,IBM,I,3,305.04
2025-12-29,9:33:43.888311921,T,IBM,I,23,305.1
2025-12-29,9:33:54.236393326,T,IBM,I,1,305.075
2025-12-29,9:34:00.173962267,T,IBM,F I,20,305.03
2025-12-29,9:34:00.173962267,T,IBM,F I,20,304.96
2025-12-29,9:34:00.177372334,T,IBM,I,12,304.95
2025-12-29,9:34:00.177372334,T,IBM,I,3,304.95
2025-12-29,9:34:00.177495639,T,IBM,F,40,304.94
2025-12-29,9:34:00.177498742,T,IBM,F I,20,304.94
2025-12-29,9:34:28.843550071,T,IBM,F I,5,305.06
2025-12-29,9:34:29.288335813,T,IBM,I,3,305.16
2025-12-29,9:34:31.233489476,T,IBM,I,5,305.265
2025-12-29,9:34:31.233492507,T,IBM,,40,305.265
2025-12-29,9:34:34.672226642,T,IBM,F I,7,305.41
2025-12-29,9:34:34.672395057,T,IBM,F I,25,305.41
2025-12-29,9:34:34.672407116,T,IBM,F,68,305.41
2025-12-29,9:34:34.672410021,T,IBM,F I,32,305.42
2025-12-29,9:34:49.110101317,T,IBM,I,5,305.43
2025-12-29,9:34:49.110101317,T,IBM,I,2,305.44
2025-12-29,9:34:49.110164449,T,IBM,I,5,305.43
2025-12-29,9:34:49.110209485,T,IBM,I,5,305.43
2025-12-29,9:34:49.110251633,T,IBM,I,5,305.43
2025-12-29,9:34:49.110293681,T,IBM,I,5,305.43
2025-12-29,9:34:49.110341833,T,IBM,I,5,305.43
2025-12-29,9:34:49.111225926,T,IBM,F I,5,305.3
2025-12-29,9:34:49.111225926,T,IBM,F I,9,305.3
2025-12-29,9:34:52.293975839,T,IBM,F I,10,305.38
2025-12-29,9:34:52.313672690,T,IBM,,40,305.29
2025-12-29,9:34:52.313886216,T,IBM,,40,305.29
2025-12-29,9:34:52.846841965,T,IBM,I,20,305.29
2025-12-29,9:34:56.697169190,T,IBM,I,5,305.44
2025-12-29,9:34:56.713155052,T,IBM,,40,305.42
2025-12-29,9:34:56.713549070,T,IBM,F I,25,305.42
2025-12-29,9:34:56.713585159,T,IBM,F I,25,305.42
2025-12-29,9:34:56.713591127,T,IBM,F I,10,305.42
2025-12-29,9:34:57.619575910,T,IBM,,40,305.28
2025-12-29,9:34:57.619599927,T,IBM,F I,25,305.29
2025-12-29,9:34:57.619819387,T,IBM,I,25,305.27
2025-12-29,9:35:09.304396745,T,IBM,I,7,305.59
2025-12-29,9:35:09.304435779,T,IBM,F I,25,305.56
2025-12-29,9:35:09.314194112,T,IBM,I,6,305.59
2025-12-29,9:35:09.435460798,T,IBM,F I,5,305.55
2025-12-29,9:35:09.435460798,T,IBM,F I,22,305.53
2025-12-29,9:35:14.521514285,T,IBM,F I,25,305.53
2025-12-29,9:35:14.521516619,T,IBM,F I,25,305.53
2025-12-29,9:35:14.524042607,T,IBM,,40,305.555
2025-12-29,9:35:14.538022849,T,IBM,I,3,305.53
2025-12-29,9:35:14.541487085,T,IBM,I,25,305.53
2025-12-29,9:35:17.462505935,T,IBM,I,5,305.62
2025-12-29,9:35:26.836222855,T,IBM,I,25,305.69
2025-12-29,9:35:26.836261924,T,IBM,I,5,305.69
2025-12-29,9:35:26.849069404,T,IBM,F I,2,305.61
2025-12-29,9:35:30.880180870,T,IBM,F I,1,305.8
2025-12-29,9:35:32.364481419,T,IBM,F,40,305.88
2025-12-29,9:35:33.432025718,T,IBM,I,2,305.85
2025-12-29,9:35:48.427523786,T,IBM,F I,3,305.78
2025-12-29,9:35:48.427538812,T,IBM,F I,1,305.78
2025-12-29,9:36:04.537128776,T,IBM,I,17,305.93
2025-12-29,9:36:04.537159224,T,IBM,F I,23,305.93
2025-12-29,9:36:25.738813577,T,IBM,F,50,305.99
2025-12-29,9:36:25.738834214,T,IBM,F I,20,305.99
2025-12-29,9:36:25.738840552,T,IBM,F I,30,305.99
2025-12-29,9:36:25.738840552,T,IBM,F I,5,306.0
2025-12-29,9:36:25.738840552,T,IBM,F I,5,306.0
2025-12-29,9:36:25.738861920,T,IBM,F I,5,306.0
2025-12-29,9:36:25.738861920,T,IBM,F I,34,306.0
2025-12-29,9:36:25.738864274,T,IBM,F,80,306.0
2025-12-29,9:36:25.739113912,T,IBM,I,22,305.95
2025-12-29,9:36:25.739171100,T,IBM,I,5,305.95
2025-12-29,9:36:25.739173952,T,IBM,I,17,305.94
2025-12-29,9:36:25.763138527,T,IBM,I,5,305.96
2025-12-29,9:36:25.763162541,T,IBM,I,5,305.96
2025-12-29,9:36:25.763171155,T,IBM,I,5,305.96
2025-12-29,9:36:25.763192146,T,IBM,I,10,305.93
2025-12-29,9:36:25.763246317,T,IBM,I,8,305.96
2025-12-29,9:36:25.763426737,T,IBM,I,2,305.96
2025-12-29,9:36:25.763513985,T,IBM,I,11,305.96
2025-12-29,9:36:25.763531968,T,IBM,I,9,305.92
2025-12-29,9:36:25.763553002,T,IBM,I,27,305.93
2025-12-29,9:36:25.763556479,T,IBM,I,4,305.88
2025-12-29,9:36:25.763556479,T,IBM,I,13,305.88
2025-12-29,9:36:25.775416409,T,IBM,F I,27,305.88
2025-12-29,9:36:28.407597517,T,IBM,I,18,305.92
2025-12-29,9:36:37.588104591,T,IBM,F I,7,306.09
2025-12-29,9:36:37.608754830,T,IBM,F I,7,306.09
2025-12-29,9:36:37.632586505,T,IBM,F I,7,306.09
2025-12-29,9:36:37.659142738,T,IBM,F I,7,306.09
2025-12-29,9:36:37.682941443,T,IBM,F I,7,306.09
2025-12-29,9:36:37.705886025,T,IBM,F I,7,306.09
2025-12-29,9:36:41.632002536,T,IBM,F I,7,306.17
2025-12-29,9:36:41.640894678,T,IBM,F I,7,306.17
2025-12-29,9:36:41.651284455,T,IBM,F I,7,306.17
2025-12-29,9:36:41.660898298,T,IBM,F I,4,306.17
2025-12-29,9:36:41.660898298,T,IBM,F I,3,306.16
2025-12-29,9:36:41.671994699,T,IBM,F I,7,306.16
2025-12-29,9:36:41.682486712,T,IBM,F I,7,306.16
2025-12-29,9:36:41.695176851,T,IBM,F I,7,306.12
2025-12-29,9:36:41.706435730,T,IBM,F I,7,306.12
2025-12-29,9:36:41.718762039,T,IBM,F I,7,306.12
2025-12-29,9:36:41.727831589,T,IBM,F I,7,306.12
2025-12-29,9:36:41.738804786,T,IBM,F I,7,306.11
2025-12-29,9:36:41.749224543,T,IBM,F I,6,306.11
2025-12-29,9:36:41.749224543,T,IBM,F I,1,306.105
2025-12-29,9:36:42.641102739,T,IBM,F I,20,306.21
2025-12-29,9:36:42.657883088,T,IBM,F I,5,306.21
2025-12-29,9:36:42.657885651,T,IBM,F I,2,306.165
2025-12-29,9:36:42.669286365,T,IBM,F I,2,306.165
2025-12-29,9:36:42.669288904,T,IBM,F I,5,306.14
2025-12-29,9:36:42.680592798,T,IBM,F I,7,306.13
2025-12-29,9:36:42.690495284,T,IBM,F I,7,306.13
2025-12-29,9:36:42.701657860,T,IBM,F I,7,306.13
2025-12-29,9:36:42.710959075,T,IBM,F I,7,306.13
2025-12-29,9:36:42.721508166,T,IBM,F I,7,306.13
2025-12-29,9:36:42.731906921,T,IBM,F I,7,306.13
2025-12-29,9:36:42.744143003,T,IBM,F I,7,306.13
2025-12-29,9:36:42.756349100,T,IBM,F I,7,306.13
2025-12-29,9:36:42.768464983,T,IBM,F I,7,306.13
2025-12-29,9:36:42.781455931,T,IBM,F I,7,306.13
2025-12-29,9:36:42.794392655,T,IBM,F I,7,306.13
2025-12-29,9:36:42.806123601,T,IBM,F I,7,306.13
2025-12-29,9:36:42.816522349,T,IBM,F I,7,306.13
2025-12-29,9:36:42.827351126,T,IBM,F I,7,306.13
2025-12-29,9:36:42.838065697,T,IBM,F I,2,306.13
2025-12-29,9:36:42.838065697,T,IBM,F I,5,306.13
2025-12-29,9:36:42.848605738,T,IBM,F I,7,306.13
2025-12-29,9:36:42.859678086,T,IBM,F I,7,306.13
2025-12-29,9:36:42.871391026,T,IBM,F I,6,306.13
2025-12-29,9:36:42.871412084,T,IBM,F I,1,306.12
2025-12-29,9:36:42.990603826,T,IBM,I,25,306.2
2025-12-29,9:36:43.892234213,T,IBM,F I,1,306.14
2025-12-29,9:36:44.903165780,T,IBM,I,25,306.2
2025-12-29,9:36:44.903165780,T,IBM,I,15,306.21
2025-12-29,9:36:44.903517774,T,IBM,F I,4,306.24
2025-12-29,9:36:44.904082994,T,IBM,F I,25,306.28
2025-12-29,9:36:44.904086004,T,IBM,F I,5,306.28
2025-12-29,9:36:45.348032814,T,IBM,I,25,306.24
2025-12-29,9:36:57.960276175,T,IBM,F I,6,306.31
2025-12-29,9:36:57.960600858,T,IBM,I,2,306.31
2025-12-29,9:36:59.058685991,T,IBM,I,6,306.32
2025-12-29,9:36:59.112706536,T,IBM,F I,20,306.28
2025-12-29,9:36:59.113286991,T,IBM,F I,1,306.26
2025-12-29,9:36:59.631706098,T,IBM,I,3,306.22
2025-12-29,9:36:59.645442803,T,IBM,F I,1,306.2
2025-12-29,9:37:02.052892886,T,IBM,I,39,306.195
2025-12-29,9:37:02.061267836,T,IBM,,40,306.19
2025-12-29,9:37:04.208800679,T,IBM,,40,306.2
2025-12-29,9:37:04.208854437,T,IBM,,40,306.18
2025-12-29,9:37:04.209401728,T,IBM,F I,1,306.16
2025-12-29,9:37:04.209443813,T,IBM,F I,1,306.16
2025-12-29,9:37:04.209497911,T,IBM,F I,1,306.16
2025-12-29,9:37:05.209411233,T,IBM,F I,1,306.15
2025-12-29,9:37:05.234644383,T,IBM,I,6,306.19
2025-12-29,9:37:05.234653338,T,IBM,I,18,306.2
2025-12-29,9:37:08.526117931,T,IBM,F I,18,306.15
2025-12-29,9:37:08.526121038,T,IBM,F I,18,306.15
2025-12-29,9:37:08.526135991,T,IBM,I,18,306.15
2025-12-29,9:37:09.500909905,T,IBM,F I,1,306.14
2025-12-29,9:37:09.500912875,T,IBM,F I,2,306.12
2025-12-29,9:37:09.500912875,T,IBM,F I,22,306.11
2025-12-29,9:37:09.500942583,T,IBM,I,2,306.15
2025-12-29,9:37:09.500981739,T,IBM,I,18,306.15
2025-12-29,9:37:09.501047854,T,IBM,I,14,306.15
2025-12-29,9:37:09.501050896,T,IBM,I,4,306.16
2025-12-29,9:37:09.501303482,T,IBM,F I,18,306.11
2025-12-29,9:37:10.683080779,T,IBM,F I,2,306.1
2025-12-29,9:37:12.544629365,T,IBM,F I,2,306.15
2025-12-29,9:37:35.944207233,T,IBM,I,5,306.315
2025-12-29,9:37:35.944210132,T,IBM,I,35,306.24
2025-12-29,9:37:35.944748482,T,IBM,F I,20,306.23
2025-12-29,9:37:35.944748482,T,IBM,F I,20,306.23
2025-12-29,9:37:35.944760454,T,IBM,,40,306.23
2025-12-29,9:37:35.944766603,T,IBM,I,1,306.23
2025-12-29,9:37:35.944769925,T,IBM,I,4,306.23
2025-12-29,9:37:40.369716506,T,IBM,I,11,306.44
2025-12-29,9:37:44.330333999,T,IBM,F I,5,306.21
2025-12-29,9:37:44.330433272,T,IBM,F I,5,306.21
2025-12-29,9:37:44.330445305,T,IBM,I,5,306.21
2025-12-29,9:37:44.331452646,T,IBM,I,5,306.2
2025-12-29,9:37:44.341998770,T,IBM,,40,306.18
2025-12-29,9:37:44.342001802,T,IBM,I,2,306.17
2025-12-29,9:37:44.372301906,T,IBM,I,8,306.15
2025-12-29,9:37:46.628970132,T,IBM,I,2,306.11
2025-12-29,9:37:46.749860879,T,IBM,F I,2,306.11
2025-12-29,9:37:46.755093351,T,IBM,F I,6,306.13
2025-12-29,9:37:46.755457283,T,IBM,I,25,306.11
2025-12-29,9:37:46.755460194,T,IBM,I,13,306.06
2025-12-29,9:37:46.755532814,T,IBM,I,9,306.07
2025-12-29,9:37:46.755532814,T,IBM,I,12,306.06
2025-12-29,9:37:46.755700827,T,IBM,F I,5,306.06
2025-12-29,9:37:47.010491412,T,IBM,I,25,306.01
2025-12-29,9:37:47.010494375,T,IBM,I,25,306.01
2025-12-29,9:37:50.513948652,T,IBM,F I,25,306.04
2025-12-29,9:37:54.105554758,T,IBM,F I,25,306.04
2025-12-29,9:37:54.105930687,T,IBM,F I,25,306.04
2025-12-29,9:38:00.754494124,T,IBM,F I,25,306.05
2025-12-29,9:38:00.754506257,T,IBM,,45,306.05
2025-12-29,9:38:02.134211643,T,IBM,I,2,306.14
2025-12-29,9:38:02.134214684,T,IBM,,45,306.15
2025-12-29,9:38:02.134277871,T,IBM,,45,306.165
2025-12-29,9:38:02.134335008,T,IBM,F I,8,306.165
2025-12-29,9:38:07.471602764,T,IBM,,40,306.18
2025-12-29,9:38:23.514792008,T,IBM,I,35,306.15
2025-12-29,9:38:23.515128855,T,IBM,F I,20,306.16
2025-12-29,9:38:29.264034543,T,IBM,,45,306.225
2025-12-29,9:38:29.264037606,T,IBM,,100,306.225
2025-12-29,9:38:29.407127234,T,IBM,,100,306.225
2025-12-29,9:38:37.682182136,T,IBM,F,40,306.06
2025-12-29,9:38:48.365134170,T,IBM,I,15,305.96
2025-12-29,9:38:48.365137189,T,IBM,I,3,305.96
2025-12-29,9:38:48.365137189,T,IBM,I,7,305.97
2025-12-29,9:38:48.365140285,T,IBM,,40,305.99
2025-12-29,9:38:55.936345252,T,IBM,I,6,305.99
2025-12-29,9:39:07.818330274,T,IBM,I,10,306.11
2025-12-29,9:39:07.918059719,T,IBM,I,10,306.14
2025-12-29,9:39:23.507630986,T,IBM,I,19,306.06
2025-12-29,9:39:23.507630986,T,IBM,I,2,306.06
2025-12-29,9:39:24.442966257,T,IBM,I,16,305.97
2025-12-29,9:39:24.442966257,T,IBM,I,5,305.97
2025-12-29,9:39:24.442986776,T,IBM,F I,5,305.96
2025-12-29,9:39:24.450991753,T,IBM,F I,25,305.89
2025-12-29,9:39:24.451289525,T,IBM,I,15,305.89
2025-12-29,9:39:27.878653842,T,IBM,I,30,305.81
2025-12-29,9:39:27.878659631,T,IBM,I,5,305.79
2025-12-29,9:39:27.878662921,T,IBM,,45,305.79
2025-12-29,9:39:27.878662921,T,IBM,I,5,305.79
2025-12-29,9:39:27.878782946,T,IBM,F I,3,305.79
2025-12-29,9:39:29.705680002,T,IBM,,40,305.86
2025-12-29,9:39:39.771217898,T,IBM,,40,305.86
2025-12-29,9:40:01.845291125,T,IBM,F I,5,305.65
2025-12-29,9:40:03.706280399,T,IBM,F I,25,305.51
2025-12-29,9:40:04.706290008,T,IBM,F I,1,305.45
2025-12-29,9:40:04.706293044,T,IBM,I,4,305.45
2025-12-29,9:40:08.239713691,T,IBM,I,20,305.23
2025-12-29,9:40:08.239713691,T,IBM,I,4,305.23
2025-12-29,9:40:08.756830721,T,IBM,I,7,305.22
2025-12-29,9:40:13.553399824,T,IBM,F I,2,305.24
2025-12-29,9:40:13.553402562,T,IBM,F I,16,305.24
2025-12-29,9:40:13.553426417,T,IBM,I,18,305.24
2025-12-29,9:40:14.183591569,T,IBM,F I,1,305.31
2025-12-29,9:40:33.373985866,T,IBM,I,6,305.24
2025-12-29,9:40:33.374000962,T,IBM,F I,6,305.24
2025-12-29,9:40:33.374178337,T,IBM,F I,6,305.24
2025-12-29,9:40:33.374400891,T,IBM,F I,6,305.24
2025-12-29,9:40:33.374719629,T,IBM,F I,22,305.24
2025-12-29,9:40:36.143765548,T,IBM,F I,5,305.31
2025-12-29,9:40:36.143777740,T,IBM,F I,2,305.33
2025-12-29,9:40:45.989795978,T,IBM,I,8,305.4
2025-12-29,9:40:45.989814571,T,IBM,F I,12,305.4
2025-12-29,9:40:47.330961850,T,IBM,F I,20,305.45
2025-12-29,9:40:47.330961850,T,IBM,F I,34,305.46
2025-12-29,9:40:47.330968236,T,IBM,F,80,305.46
2025-12-29,9:40:47.331018806,T,IBM,,100,305.46
2025-12-29,9:40:47.345435232,T,IBM,,40,305.505
2025-12-29,9:40:55.180999394,T,IBM,F I,10,305.53
2025-12-29,9:40:57.607169133,T,IBM,I,20,305.56
2025-12-29,9:40:57.607172540,T,IBM,I,19,305.56
2025-12-29,9:40:57.607172540,T,IBM,I,1,305.56
2025-12-29,9:40:57.607701397,T,IBM,,40,305.56
2025-12-29,9:41:00.318820380,T,IBM,F I,5,305.43
2025-12-29,9:41:00.319193278,T,IBM,F I,5,305.42
2025-12-29,9:41:01.500242922,T,IBM,F I,5,305.45
2025-12-29,9:41:01.500242922,T,IBM,F I,5,305.45
2025-12-29,9:41:01.500480433,T,IBM,F I,5,305.43
2025-12-29,9:41:01.542469427,T,IBM,F I,5,305.41
2025-12-29,9:41:04.473721582,T,IBM,I,25,305.32
2025-12-29,9:41:04.473724497,T,IBM,I,1,305.32
2025-12-29,9:41:04.474235785,T,IBM,,50,305.34
2025-12-29,9:41:04.476055089,T,IBM,F,50,305.36
2025-12-29,9:41:04.476058079,T,IBM,F I,37,305.36
2025-12-29,9:41:07.453845897,T,IBM,I,23,305.31
2025-12-29,9:41:07.453845897,T,IBM,I,2,305.31
2025-12-29,9:41:07.453848935,T,IBM,I,15,305.31
2025-12-29,9:41:07.511171378,T,IBM,F I,23,305.31
2025-12-29,9:41:07.511174881,T,IBM,F I,2,305.31
2025-12-29,9:41:07.511177425,T,IBM,F,48,305.32
2025-12-29,9:41:07.511192360,T,IBM,F I,2,305.32
2025-12-29,9:41:07.511944152,T,IBM,F,50,305.33
2025-12-29,9:41:12.471100836,T,IBM,,50,305.28
2025-12-29,9:41:12.471434626,T,IBM,F,75,305.28
2025-12-29,9:41:12.471437704,T,IBM,F I,3,305.28
2025-12-29,9:41:12.471792412,T,IBM,F,50,305.29
2025-12-29,9:41:12.581069600,T,IBM,F I,30,305.35
2025-12-29,9:41:20.641268743,T,IBM,F I,1,305.22
2025-12-29,9:41:21.678476681,T,IBM,I,5,305.29
2025-12-29,9:41:21.678494737,T,IBM,F I,30,305.29
2025-12-29,9:41:21.678497701,T,IBM,F,50,305.29
2025-12-29,9:41:21.679168303,T,IBM,I,30,305.3
2025-12-29,9:41:21.704584849,T,IBM,F,67,305.37
2025-12-29,9:41:21.704921620,T,IBM,F,40,305.39
2025-12-29,9:41:24.613412501,T,IBM,,40,305.4
2025-12-29,9:41:24.627651371,T,IBM,F I,25,305.33
2025-12-29,9:41:24.627657389,T,IBM,F I,25,305.33
2025-12-29,9:41:24.628297952,T,IBM,I,29,305.3
2025-12-29,9:41:24.628394215,T,IBM,F I,29,305.29
2025-12-29,9:41:26.164817827,T,IBM,F I,20,305.49
2025-12-29,9:41:26.164820888,T,IBM,F I,5,305.5
2025-12-29,9:41:26.418576974,T,IBM,I,30,305.48
2025-12-29,9:41:26.418655096,T,IBM,I,5,305.44
2025-12-29,9:41:26.418655096,T,IBM,I,2,305.44
2025-12-29,9:41:27.976435545,T,IBM,F,74,305.5
2025-12-29,9:41:31.769527338,T,IBM,I,7,305.48
2025-12-29,9:41:31.769969426,T,IBM,F I,7,305.48
2025-12-29,9:41:31.770270177,T,IBM,F I,1,305.48
2025-12-29,9:41:31.770490249,T,IBM,I,15,305.48
2025-12-29,9:41:31.770492926,T,IBM,I,7,305.46
2025-12-29,9:41:31.770492926,T,IBM,I,18,305.46
2025-12-29,9:41:31.771963107,T,IBM,I,7,305.44
2025-12-29,9:41:31.777162489,T,IBM,I,25,305.44
2025-12-29,9:41:32.966929987,T,IBM,I,2,305.46
2025-12-29,9:41:32.967651680,T,IBM,F I,7,305.47
2025-12-29,9:41:32.967654707,T,IBM,F I,26,305.47
2025-12-29,9:41:32.967657691,T,IBM,F,74,305.46
2025-12-29,9:41:32.967720983,T,IBM,F I,17,305.48
2025-12-29,9:41:32.967720983,T,IBM,F I,26,305.46
2025-12-29,9:41:32.967820104,T,IBM,I,1,305.48
2025-12-29,9:41:32.967856092,T,IBM,F I,8,305.48
2025-12-29,9:41:32.969801726,T,IBM,I,3,305.54
2025-12-29,9:41:49.269498594,T,IBM,,45,305.23
2025-12-29,9:41:49.269561828,T,IBM,I,38,305.235
2025-12-29,9:41:50.349841941,T,IBM,F I,3,305.33
2025-12-29,9:41:50.349841941,T,IBM,F I,4,305.34
2025-12-29,9:41:50.349938718,T,IBM,F I,3,305.35
2025-12-29,9:41:50.349941297,T,IBM,F I,20,305.35
2025-12-29,9:41:50.349944400,T,IBM,F I,25,305.36
2025-12-29,9:41:50.349958817,T,IBM,I,1,305.36
2025-12-29,9:41:50.349973823,T,IBM,F I,8,305.36
2025-12-29,9:42:14.500826977,T,IBM,,40,305.355
2025-12-29,9:42:14.500848037,T,IBM,F I,4,305.31
2025-12-29,9:42:14.500854105,T,IBM,I,4,305.31
2025-12-29,9:42:14.503389136,T,IBM,,40,305.355
2025-12-29,9:42:14.503419190,T,IBM,I,4,305.31
2025-12-29,9:42:14.505957381,T,IBM,,40,305.355
2025-12-29,9:42:15.051365593,T,IBM,I,25,305.355
2025-12-29,9:42:15.051419691,T,IBM,I,25,305.355
2025-12-29,9:42:15.062874017,T,IBM,I,4,305.32
2025-12-29,9:42:19.348715719,T,IBM,I,5,304.98
2025-12-29,9:42:19.348718812,T,IBM,I,1,304.99
2025-12-29,9:42:20.327079759,T,IBM,F I,25,305.01
2025-12-29,9:42:20.327142922,T,IBM,F I,15,305.01
2025-12-29,9:42:21.437987358,T,IBM,I,17,305.05
2025-12-29,9:42:21.437987358,T,IBM,I,9,305.05
2025-12-29,9:42:21.439563196,T,IBM,I,6,305.06
2025-12-29,9:42:29.793868291,T,IBM,F I,7,305.04
2025-12-29,9:42:30.157042863,T,IBM,F I,11,305.05
2025-12-29,9:42:46.128571428,T,IBM,,40,304.91
2025-12-29,9:42:46.134621845,T,IBM,,40,304.97
2025-12-29,9:42:49.351238369,T,IBM,F I,3,304.9
2025-12-29,9:42:55.201951532,T,IBM,,40,304.94
2025-12-29,9:42:55.258970225,T,IBM,F,40,304.97
2025-12-29,9:42:55.258970225,T,IBM,F,86,304.97
2025-12-29,9:42:55.259078484,T,IBM,F I,20,304.96
2025-12-29,9:42:55.259307058,T,IBM,F I,25,304.99
2025-12-29,9:42:56.342527828,T,IBM,I,25,304.95
2025-12-29,9:42:56.342530712,T,IBM,I,5,304.94
2025-12-29,9:42:56.577753619,T,IBM,I,5,304.91
2025-12-29,9:43:08.246967052,T,IBM,I,10,304.89
2025-12-29,9:43:08.247357989,T,IBM,F,40,304.88
2025-12-29,9:43:08.247445142,T,IBM,I,1,304.88
2025-12-29,9:43:08.247523486,T,IBM,F I,36,304.88
2025-12-29,9:43:08.247529309,T,IBM,I,3,304.88
2025-12-29,9:43:08.247529309,T,IBM,I,25,304.88
2025-12-29,9:43:08.247544428,T,IBM,,40,304.88
2025-12-29,9:43:08.247565486,T,IBM,I,15,304.88
2025-12-29,9:43:13.355287905,T,IBM,,40,304.94
2025-12-29,9:43:13.355315006,T,IBM,,40,304.94
2025-12-29,9:43:13.355320920,T,IBM,F,40,304.95
2025-12-29,9:43:13.356157484,T,IBM,,40,305.0
2025-12-29,9:43:13.356159958,T,IBM,I,10,305.0
2025-12-29,9:43:13.356836595,T,IBM,I,20,305.03
2025-12-29,9:43:13.371911479,T,IBM,,40,305.03
2025-12-29,9:43:13.372170051,T,IBM,F I,20,305.03
2025-12-29,9:43:13.372491814,T,IBM,F I,20,305.03
2025-12-29,9:43:13.372940025,T,IBM,F I,22,305.03
2025-12-29,9:43:13.372942897,T,IBM,F I,20,305.04
2025-12-29,9:43:13.373006051,T,IBM,I,2,305.06
2025-12-29,9:43:13.376665787,T,IBM,F I,4,305.08
2025-12-29,9:43:13.376665787,T,IBM,F I,1,305.08
2025-12-29,9:43:34.828070787,T,IBM,F I,2,305.14
2025-12-29,9:43:39.739266282,T,IBM,I,5,304.965
2025-12-29,9:43:50.175881668,T,IBM,I,10,304.965
2025-12-29,9:43:50.178958000,T,IBM,,100,304.965
2025-12-29,9:43:50.204726567,T,IBM,I,10,304.965
2025-12-29,9:43:50.204726567,T,IBM,I,38,304.965
2025-12-29,9:43:58.935969920,T,IBM,I,3,304.79
2025-12-29,9:43:58.936050993,T,IBM,I,3,304.79
2025-12-29,9:43:58.936093038,T,IBM,F I,3,304.79
2025-12-29,9:43:58.936393784,T,IBM,F I,3,304.79
2025-12-29,9:43:58.939713680,T,IBM,F I,3,304.78
2025-12-29,9:43:58.942408165,T,IBM,I,2,304.81
2025-12-29,9:43:58.948852504,T,IBM,I,6,304.77
2025-12-29,9:43:58.948855451,T,IBM,I,13,304.76
2025-12-29,9:44:02.255413002,T,IBM,F I,27,304.83
2025-12-29,9:44:02.255473213,T,IBM,I,1,304.88
2025-12-29,9:44:04.761206305,T,IBM,,40,304.8
2025-12-29,9:44:08.004351689,T,IBM,I,5,304.77
2025-12-29,9:44:08.004817855,T,IBM,I,27,304.76
2025-12-29,9:44:08.005163605,T,IBM,I,27,304.76
2025-12-29,9:44:08.005608659,T,IBM,I,3,304.76
2025-12-29,9:44:08.005713994,T,IBM,I,24,304.76
2025-12-29,9:44:10.517292989,T,IBM,I,15,304.735
2025-12-29,9:44:29.870230746,T,IBM,F,85,304.735
2025-12-29,9:44:29.870230746,T,IBM,F I,5,304.735
2025-12-29,9:44:29.870234201,T,IBM,F I,5,304.67
2025-12-29,9:44:29.870234201,T,IBM,F I,2,304.66
2025-12-29,9:44:29.870236767,T,IBM,F I,30,304.64
2025-12-29,9:44:29.870239617,T,IBM,F,100,304.61
2025-12-29,9:44:29.870242808,T,IBM,F I,27,304.61
2025-12-29,9:44:29.870242808,T,IBM,F,40,304.61
2025-12-29,9:44:29.870246112,T,IBM,F I,24,304.61
2025-12-29,9:44:29.870246112,T,IBM,F I,25,304.61
2025-12-29,9:44:29.870248964,T,IBM,F I,32,304.6
2025-12-29,9:44:29.870248964,T,IBM,F,100,304.6
2025-12-29,9:44:29.870299812,T,IBM,,49,304.73
2025-12-29,9:44:29.870318275,T,IBM,I,1,304.73
2025-12-29,9:44:29.870341931,T,IBM,I,5,304.72
2025-12-29,9:44:29.870558552,T,IBM,,40,304.7
2025-12-29,9:44:29.870588442,T,IBM,I,5,304.74
2025-12-29,9:44:29.870588442,T,IBM,,40,304.74
2025-12-29,9:44:29.870633577,T,IBM,F,75,304.74
2025-12-29,9:44:29.870639628,T,IBM,F I,7,304.74
2025-12-29,9:44:29.870642652,T,IBM,F I,4,304.74
2025-12-29,9:44:29.870648887,T,IBM,F I,14,304.74
2025-12-29,9:44:29.870648887,T,IBM,F I,11,304.74
2025-12-29,9:44:29.870651629,T,IBM,I,29,304.74
2025-12-29,9:44:29.870655643,T,IBM,,71,304.74
2025-12-29,9:44:29.870657560,T,IBM,,140,304.74
2025-12-29,9:44:29.870660602,T,IBM,F,100,304.74
2025-12-29,9:44:29.870675679,T,IBM,I,5,304.74
2025-12-29,9:44:29.870741870,T,IBM,I,32,304.74
2025-12-29,9:44:29.870744876,T,IBM,,48,304.74
2025-12-29,9:44:29.870805811,T,IBM,F I,37,304.74
2025-12-29,9:44:29.870805811,T,IBM,I,9,304.74
2025-12-29,9:44:29.870807968,T,IBM,I,6,304.74
2025-12-29,9:44:29.870865062,T,IBM,F,52,304.74
2025-12-29,9:44:29.871920976,T,IBM,I,5,304.68
2025-12-29,9:44:29.871920976,T,IBM,I,17,304.68
2025-12-29,9:44:29.871923963,T,IBM,,89,304.67
2025-12-29,9:44:29.873042302,T,IBM,F I,25,304.56
2025-12-29,9:44:29.873069420,T,IBM,F I,25,304.61
2025-12-29,9:44:29.879992220,T,IBM,F I,27,304.55
2025-12-29,9:44:29.879992220,T,IBM,F,40,304.54
2025-12-29,9:44:29.879994950,T,IBM,F I,19,304.53
2025-12-29,9:44:29.879998329,T,IBM,F I,4,304.42
2025-12-29,9:44:29.879998329,T,IBM,F I,19,304.33
2025-12-29,9:44:29.880000839,T,IBM,F I,1,304.32
2025-12-29,9:44:29.880004353,T,IBM,F I,4,304.32
2025-12-29,9:44:29.880004353,T,IBM,F I,6,304.32
2025-12-29,9:44:29.880006921,T,IBM,F I,1,304.32
2025-12-29,9:44:29.880009904,T,IBM,F,89,304.3
2025-12-29,9:44:29.880249050,T,IBM,I,18,304.54
2025-12-29,9:44:29.880326296,T,IBM,I,13,304.54
2025-12-29,9:44:29.880326296,T,IBM,I,18,304.54
2025-12-29,9:44:29.880326296,T,IBM,I,5,304.55
2025-12-29,9:44:29.880328736,T,IBM,I,1,304.56
2025-12-29,9:44:29.880331867,T,IBM,I,3,304.56
2025-12-29,9:44:29.880350290,T,IBM,I,10,304.56
2025-12-29,9:44:29.880352685,T,IBM,I,4,304.56
2025-12-29,9:44:29.917755783,T,IBM,,78,304.51
2025-12-29,9:44:29.926771248,T,IBM,I,19,304.37
2025-12-29,9:44:29.926861428,T,IBM,,40,304.37
2025-12-29,9:44:56.738220402,T,IBM,I,4,304.37
2025-12-29,9:45:04.748699152,T,IBM,F I,5,304.33
2025-12-29,9:45:05.949078664,T,IBM,F I,2,304.3
2025-12-29,9:45:05.949081734,T,IBM,F I,5,304.31
2025-12-29,9:45:12.268833386,T,IBM,,40,304.12
2025-12-29,9:45:12.269874693,T,IBM,,40,304.14
2025-12-29,9:45:12.269876923,T,IBM,I,34,304.14
2025-12-29,9:45:12.330167380,T,IBM,,40,304.145
2025-12-29,9:45:13.422710336,T,IBM,I,18,304.18
2025-12-29,9:45:13.422710336,T,IBM,I,27,304.2
2025-12-29,9:45:16.232136515,T,IBM,F,93,304.21
2025-12-29,9:45:16.232145653,T,IBM,F I,8,304.21
2025-12-29,9:45:16.232190617,T,IBM,F I,4,304.22
2025-12-29,9:45:16.233183434,T,IBM,I,30,304.17
2025-12-29,9:45:16.233183434,T,IBM,I,4,304.165
2025-12-29,9:45:16.233775867,T,IBM,I,39,304.15
2025-12-29,9:45:16.233790552,T,IBM,F I,11,304.1
2025-12-29,9:45:16.234130265,T,IBM,I,27,304.2
2025-12-29,9:45:16.234130265,T,IBM,I,3,304.21
2025-12-29,9:45:17.356483052,T,IBM,F I,5,304.19
2025-12-29,9:45:45.306268158,T,IBM,,80,304.22
2025-12-29,9:45:45.381107401,T,IBM,I,11,304.18
2025-12-29,9:45:46.659321269,T,IBM,I,37,304.27
2025-12-29,9:45:47.988073436,T,IBM,I,1,304.335
2025-12-29,9:45:48.692142751,T,IBM,,98,304.335
2025-12-29,9:45:48.692142751,T,IBM,I,2,304.335
2025-12-29,9:46:00.407083012,T,IBM,I,5,304.33
2025-12-29,9:46:00.407083012,T,IBM,I,35,304.33
2025-12-29,9:46:04.015833232,T,IBM,I,30,304.23
2025-12-29,9:46:04.015833232,T,IBM,I,20,304.24
2025-12-29,9:46:04.015836207,T,IBM,I,25,304.25
2025-12-29,9:46:04.015839774,T,IBM,I,1,304.25
2025-12-29,9:46:04.015854190,T,IBM,F,78,304.25
2025-12-29,9:46:10.005777689,T,IBM,,40,304.29
2025-12-29,9:46:14.624563168,T,IBM,F I,35,304.36
2025-12-29,9:46:15.853679459,T,IBM,I,2,304.34
2025-12-29,9:46:15.853682435,T,IBM,I,2,304.31
2025-12-29,9:46:15.853682435,T,IBM,I,15,304.3
2025-12-29,9:46:19.235975028,T,IBM,F I,2,304.33
2025-12-29,9:46:38.331000856,T,IBM,,40,304.275
2025-12-29,9:46:43.312879783,T,IBM,,45,304.285
2025-12-29,9:46:43.339890113,T,IBM,I,25,304.34
2025-12-29,9:46:47.269494793,T,IBM,F I,2,304.37
2025-12-29,9:46:52.038968973,T,IBM,F I,6,304.45
2025-12-29,9:46:52.038996072,T,IBM,I,11,304.45
2025-12-29,9:47:10.058333749,T,IBM,,40,304.45
2025-12-29,9:47:23.796388415,T,IBM,F I,2,304.5
2025-12-29,9:47:29.103070635,T,IBM,F I,20,304.53
2025-12-29,9:47:29.103073667,T,IBM,F I,27,304.54
2025-12-29,9:47:29.103073667,T,IBM,F I,20,304.54
2025-12-29,9:47:35.604848838,T,IBM,I,17,304.67
2025-12-29,9:47:42.669787149,T,IBM,I,2,304.65
2025-12-29,9:47:42.669787149,T,IBM,I,38,304.645
2025-12-29,9:47:44.153669537,T,IBM,F I,20,304.75
2025-12-29,9:47:44.153672302,T,IBM,F I,10,304.76
2025-12-29,9:47:44.153675177,T,IBM,F I,32,304.76
2025-12-29,9:47:44.153675177,T,IBM,I,20,304.76
2025-12-29,9:47:58.434600576,T,IBM,,40,304.79
2025-12-29,9:48:02.888936544,T,IBM,F I,1,304.69
2025-12-29,9:48:02.888943065,T,IBM,F I,1,304.69
2025-12-29,9:48:02.888946114,T,IBM,F I,1,304.69
2025-12-29,9:48:02.888948782,T,IBM,I,2,304.69
2025-12-29,9:48:02.888951775,T,IBM,I,1,304.65
2025-12-29,9:48:02.888954572,T,IBM,I,3,304.65
2025-12-29,9:48:02.888958084,T,IBM,I,1,304.65
2025-12-29,9:48:02.888969808,T,IBM,I,1,304.65
2025-12-29,9:48:02.891727248,T,IBM,I,6,304.62
2025-12-29,9:48:02.891754279,T,IBM,F I,1,304.62
2025-12-29,9:48:02.894740471,T,IBM,I,30,304.6
2025-12-29,9:48:02.894740471,T,IBM,I,13,304.61
2025-12-29,9:48:19.689878925,T,IBM,,40,304.35
2025-12-29,9:48:19.695854152,T,IBM,,40,304.3
2025-12-29,9:48:24.858153525,T,IBM,F I,2,304.29
2025-12-29,9:49:07.421272265,T,IBM,I,24,304.06
2025-12-29,9:49:07.421290437,T,IBM,I,1,304.06
2025-12-29,9:49:07.421293210,T,IBM,I,4,304.06
2025-12-29,9:49:07.425494204,T,IBM,,45,304.15
2025-12-29,9:49:07.425497311,T,IBM,,55,304.15
2025-12-29,9:49:15.011046459,T,IBM,,40,304.155
2025-12-29,9:49:18.882005725,T,IBM,F I,34,304.31
2025-12-29,9:49:18.906117151,T,IBM,F,50,304.33
2025-12-29,9:49:18.917210487,T,IBM,I,2,304.31
2025-12-29,9:49:18.917210487,T,IBM,I,2,304.3
2025-12-29,9:49:18.917216567,T,IBM,I,3,304.28
2025-12-29,9:49:18.917216567,T,IBM,I,27,304.24
2025-12-29,9:49:18.917219487,T,IBM,I,16,304.23
2025-12-29,9:49:18.917289326,T,IBM,I,16,304.31
2025-12-29,9:49:45.583483525,T,IBM,I,14,304.38
2025-12-29,9:49:45.583642956,T,IBM,,53,304.39
2025-12-29,9:49:46.867690651,T,IBM,F I,20,304.47
2025-12-29,9:49:46.867694526,T,IBM,F I,31,304.48
2025-12-29,9:49:46.867696777,T,IBM,F I,6,304.48
2025-12-29,9:49:46.867699760,T,IBM,F I,14,304.48
2025-12-29,9:49:47.074772615,T,IBM,F I,3,304.49
2025-12-29,9:50:02.150989734,T,IBM,I,20,304.53
2025-12-29,9:50:02.150992114,T,IBM,I,8,304.53
2025-12-29,9:50:02.151013417,T,IBM,F I,26,304.53
2025-12-29,9:50:02.151013417,T,IBM,F I,17,304.53
2025-12-29,9:50:02.151016220,T,IBM,F,40,304.53
2025-12-29,9:50:02.202429662,T,IBM,I,10,304.62
2025-12-29,9:50:03.272800679,T,IBM,I,10,304.65
2025-12-29,9:50:09.213701602,T,IBM,F I,5,304.705
2025-12-29,9:50:40.100771521,T,IBM,F I,1,304.61
2025-12-29,9:50:40.100789687,T,IBM,I,1,304.61
2025-12-29,9:50:40.100789687,T,IBM,I,1,304.61
2025-12-29,9:50:40.100792629,T,IBM,F I,1,304.61
2025-12-29,9:50:57.513977486,T,IBM,F,45,304.7
2025-12-29,9:50:57.513977486,T,IBM,F I,19,304.7
2025-12-29,9:50:57.513980526,T,IBM,F I,1,304.71
2025-12-29,9:51:17.885374033,T,IBM,F,40,304.5
2025-12-29,9:51:17.885376849,T,IBM,F,65,304.5
2025-12-29,9:51:17.885376849,T,IBM,F,41,304.5
2025-12-29,9:51:17.885379862,T,IBM,F I,2,304.5
2025-12-29,9:51:18.410589170,T,IBM,F,49,304.65
2025-12-29,9:51:18.410592121,T,IBM,F I,18,304.65
2025-12-29,9:51:19.510526681,T,IBM,F I,25,304.63
2025-12-29,9:51:19.510577840,T,IBM,F I,25,304.63
2025-12-29,9:51:19.510604882,T,IBM,I,28,304.63
2025-12-29,9:51:19.510692086,T,IBM,I,28,304.63
2025-12-29,9:51:19.511031920,T,IBM,I,28,304.63
2025-12-29,9:51:20.531048131,T,IBM,,40,304.66
2025-12-29,9:51:20.531520286,T,IBM,I,11,304.67
2025-12-29,9:51:23.413052039,T,IBM,F I,20,304.71
2025-12-29,9:51:23.413057998,T,IBM,F I,26,304.72
2025-12-29,9:51:23.413057998,T,IBM,I,14,304.72
2025-12-29,9:51:48.939951462,T,IBM,I,9,304.61
2025-12-29,9:51:48.940176919,T,IBM,F I,25,304.61
2025-12-29,9:51:48.940649045,T,IBM,F I,3,304.61
2025-12-29,9:51:50.474161763,T,IBM,F I,9,304.6
2025-12-29,9:51:51.320358222,T,IBM,I,1,304.6
2025-12-29,9:51:52.270882020,T,IBM,I,1,304.595
2025-12-29,9:51:56.519287890,T,IBM,F I,9,304.59
2025-12-29,9:52:18.958593271,T,IBM,I,24,304.68
2025-12-29,9:52:18.958593271,T,IBM,I,10,304.68
2025-12-29,9:52:18.958613810,T,IBM,F I,2,304.68
2025-12-29,9:52:18.958616849,T,IBM,F,40,304.68
2025-12-29,9:52:41.698782273,T,IBM,F I,14,304.8
2025-12-29,9:52:41.852484124,T,IBM,F I,11,304.82
2025-12-29,9:52:46.169820143,T,IBM,I,2,304.71
2025-12-29,9:53:36.743002722,T,IBM,I,1,304.63
2025-12-29,9:53:36.743005628,T,IBM,,40,304.63
2025-12-29,9:53:36.743005628,T,IBM,I,34,304.63
2025-12-29,9:53:36.743008655,T,IBM,I,5,304.63
2025-12-29,9:53:36.743020666,T,IBM,F I,19,304.63
2025-12-29,9:53:36.743023733,T,IBM,F,51,304.63
2025-12-29,9:53:38.048885494,T,IBM,I,7,304.53
2025-12-29,9:53:57.153801664,T,IBM,F I,2,304.61
2025-12-29,9:54:09.112815175,T,IBM,F I,2,304.63
2025-12-29,9:54:09.112815175,T,IBM,F I,5,304.63
2025-12-29,9:54:09.178377393,T,IBM,F I,2,304.53
2025-12-29,9:54:09.178380317,T,IBM,F I,7,304.51
2025-12-29,9:54:09.178384013,T,IBM,I,1,304.51
2025-12-29,9:54:09.178384013,T,IBM,I,1,304.51
2025-12-29,9:54:09.178386507,T,IBM,I,7,304.51
2025-12-29,9:54:41.116280916,T,IBM,I,1,304.33
2025-12-29,9:55:22.827086583,T,IBM,I,5,304.18
2025-12-29,9:55:22.827131669,T,IBM,F I,15,304.18
2025-12-29,9:55:35.142866588,T,IBM,F I,11,304.21
2025-12-29,9:55:35.142950923,T,IBM,F,40,304.22
2025-12-29,9:55:35.142950923,T,IBM,F I,10,304.22
2025-12-29,9:55:35.158849577,T,IBM,I,10,304.18
2025-12-29,9:55:35.767035535,T,IBM,F I,1,304.04
2025-12-29,9:55:35.767038645,T,IBM,F I,20,304.04
2025-12-29,9:55:35.794923888,T,IBM,,40,303.98
2025-12-29,9:55:42.072897239,T,IBM,,45,303.985
2025-12-29,9:55:42.072978377,T,IBM,,45,303.985
2025-12-29,9:55:47.601847437,T,IBM,F I,3,303.9
2025-12-29,9:55:49.548898578,T,IBM,I,20,303.95
2025-12-29,9:55:52.046770990,T,IBM,,40,303.98
2025-12-29,9:55:57.604099709,T,IBM,F,66,303.95
2025-12-29,9:55:57.604379372,T,IBM,F,40,303.98
2025-12-29,9:55:57.604466580,T,IBM,F I,29,303.99
2025-12-29,9:55:57.604734581,T,IBM,F I,11,303.99
2025-12-29,9:55:57.605275510,T,IBM,I,9,304.0
2025-12-29,9:55:57.605991209,T,IBM,,40,303.99
2025-12-29,9:55:59.018351436,T,IBM,F I,11,303.98
2025-12-29,9:55:59.018354358,T,IBM,F,47,303.99
2025-12-29,9:55:59.018405636,T,IBM,F I,10,303.99
2025-12-29,9:55:59.018408633,T,IBM,F I,3,303.99
2025-12-29,9:55:59.018408633,T,IBM,F I,7,304.0
2025-12-29,9:55:59.018501796,T,IBM,I,3,304.0
2025-12-29,9:56:00.397299103,T,IBM,,72,304.07
2025-12-29,9:56:15.988249093,T,IBM,F,40,304.07
2025-12-29,9:56:15.988249093,T,IBM,F,40,304.07
2025-12-29,9:56:15.988251086,T,IBM,F I,3,304.07
2025-12-29,9:56:15.988262925,T,IBM,I,1,304.07
2025-12-29,9:56:15.988269034,T,IBM,I,6,304.07
2025-12-29,9:56:15.988269034,T,IBM,I,23,304.07
2025-12-29,9:56:15.988326101,T,IBM,F,40,304.08
2025-12-29,9:56:22.365857432,T,IBM,I,20,304.16
2025-12-29,9:56:22.365860569,T,IBM,I,10,304.17
2025-12-29,9:56:22.365863398,T,IBM,I,30,304.17
2025-12-29,9:56:22.365884501,T,IBM,I,1,304.17
2025-12-29,9:56:22.365890509,T,IBM,I,8,304.17
2025-12-29,9:56:22.365893758,T,IBM,I,18,304.17
2025-12-29,9:56:22.365893758,T,IBM,F I,7,304.17
2025-12-29,9:56:22.369977309,T,IBM,I,5,304.24
2025-12-29,9:56:26.415902032,T,IBM,I,12,304.26
2025-12-29,9:56:26.415935036,T,IBM,F I,5,304.28
2025-12-29,9:56:31.960579673,T,IBM,F,40,304.22
2025-12-29,9:56:31.960579673,T,IBM,F,45,304.21
2025-12-29,9:56:39.211041025,T,IBM,F I,4,304.15
2025-12-29,9:56:39.211065129,T,IBM,F I,4,304.15
2025-12-29,9:56:39.211065129,T,IBM,F I,4,304.15
2025-12-29,9:56:39.211299699,T,IBM,F I,2,304.15
2025-12-29,9:56:39.211329741,T,IBM,F I,4,304.15
2025-12-29,9:56:39.223785433,T,IBM,I,2,304.15
2025-12-29,9:56:39.223785433,T,IBM,I,1,304.15
2025-12-29,9:56:39.223788363,T,IBM,I,1,304.14
2025-12-29,9:56:39.774886322,T,IBM,I,2,304.17
2025-12-29,9:56:39.774886322,T,IBM,I,38,304.19
2025-12-29,9:56:40.655942193,T,IBM,F I,3,304.17
2025-12-29,9:56:46.812741727,T,IBM,F I,3,304.15
2025-12-29,9:56:46.812759800,T,IBM,F I,3,304.15
2025-12-29,9:56:46.812877125,T,IBM,F I,3,304.15
2025-12-29,9:56:56.040440128,T,IBM,I,3,304.14
2025-12-29,9:57:03.943313730,T,IBM,F I,14,304.25
2025-12-29,9:57:03.965494535,T,IBM,I,2,304.19
2025-12-29,9:57:03.965494535,T,IBM,I,2,304.18
2025-12-29,9:57:03.965497567,T,IBM,I,10,304.15
2025-12-29,9:57:03.965614783,T,IBM,F I,14,304.15
2025-12-29,9:57:03.966574133,T,IBM,F I,14,304.14
2025-12-29,9:57:03.975691773,T,IBM,I,2,304.18
2025-12-29,9:57:04.003622267,T,IBM,F I,11,304.2
2025-12-29,9:57:05.195314217,T,IBM,I,25,304.18
2025-12-29,9:57:56.049073448,T,IBM,,40,304.21
2025-12-29,9:57:56.052736193,T,IBM,,40,304.215
2025-12-29,9:58:14.651114798,T,IBM,F I,7,304.15
2025-12-29,9:58:14.651114798,T,IBM,F I,33,304.18
2025-12-29,9:58:21.143943329,T,IBM,F I,2,304.06
2025-12-29,9:58:26.319831956,T,IBM,I,3,304.14
2025-12-29,9:58:27.049798671,T,IBM,I,5,304.19
2025-12-29,9:58:33.884439202,T,IBM,F I,5,304.06
2025-12-29,9:58:34.884385671,T,IBM,F I,2,304.085
2025-12-29,9:58:34.884394705,T,IBM,F I,2,304.085
2025-12-29,9:58:34.884505957,T,IBM,F I,2,304.085
2025-12-29,9:58:36.781313452,T,IBM,F I,20,304.1
2025-12-29,9:58:36.781403693,T,IBM,I,1,304.12
2025-12-29,9:58:41.697561091,T,IBM,F I,2,304.04
2025-12-29,9:58:49.623391181,T,IBM,,45,304.03
2025-12-29,9:58:56.077511706,T,IBM,,49,304.03
2025-12-29,9:58:58.299417298,T,IBM,I,30,303.96
2025-12-29,9:58:58.299420226,T,IBM,I,10,303.95
2025-12-29,9:58:58.304153935,T,IBM,F I,30,303.95
2025-12-29,9:58:58.304153935,T,IBM,F I,10,303.94
2025-12-29,9:58:58.304159571,T,IBM,F I,19,303.94
2025-12-29,9:58:58.304165548,T,IBM,F I,11,303.94
2025-12-29,9:58:58.304168623,T,IBM,F I,29,303.94
2025-12-29,9:58:58.304186643,T,IBM,I,1,303.94
2025-12-29,9:58:58.304502392,T,IBM,F,73,303.95
2025-12-29,9:58:58.304502392,T,IBM,F I,12,303.95
2025-12-29,9:58:58.304520352,T,IBM,I,10,303.95
2025-12-29,9:59:00.078650862,T,IBM,F I,10,303.97
2025-12-29,9:59:00.081480576,T,IBM,F I,10,303.96
2025-12-29,9:59:04.094458885,T,IBM,F I,10,303.96
2025-12-29,9:59:04.552401062,T,IBM,I,8,303.95
2025-12-29,9:59:04.552404132,T,IBM,I,2,303.94
2025-12-29,9:59:09.446521949,T,IBM,I,2,304.0
2025-12-29,9:59:31.271551874,T,IBM,F I,27,304.08
2025-12-29,9:59:31.271551874,T,IBM,F I,20,304.08
2025-12-29,9:59:31.271555228,T,IBM,F I,23,304.08
2025-12-29,9:59:31.271561057,T,IBM,F,77,304.08
2025-12-29,9:59:31.271561057,T,IBM,F,53,304.08
2025-12-29,9:59:31.271564385,T,IBM,,47,304.08
2025-12-29,9:59:31.271566602,T,IBM,,40,304.09
2025-12-29,9:59:31.271569703,T,IBM,,43,304.09
2025-12-29,9:59:31.271584711,T,IBM,I,1,304.09
2025-12-29,9:59:31.271921557,T,IBM,I,36,304.09
2025-12-29,9:59:31.271924520,T,IBM,I,10,304.09
2025-12-29,9:59:31.272778554,T,IBM,F I,8,304.12
2025-12-29,9:59:31.272808631,T,IBM,I,32,304.12
2025-12-29,9:59:31.272808631,T,IBM,I,10,304.12
2025-12-29,9:59:31.272826683,T,IBM,I,1,304.12
2025-12-29,9:59:41.048582677,T,IBM,,40,304.18
2025-12-29,9:59:48.990810956,T,IBM,I,5,304.18
2025-12-29,9:59:48.992771539,T,IBM,I,5,304.19
2025-12-29,9:59:49.000247361,T,IBM,,40,304.11
2025-12-29,9:59:49.005876717,T,IBM,I,25,304.2
2025-12-29,9:59:50.030358608,T,IBM,F I,2,304.23
2025-12-29,9:59:50.030361711,T,IBM,F I,5,304.24
2025-12-29,9:59:50.056187141,T,IBM,F I,3,304.25
2025-12-29,9:59:55.215187723,T,IBM,I,2,304.19
2025-12-29,9:59:55.215190671,T,IBM,I,1,304.2
2025-12-29,10:00:02.352453696,T,IBM,,100,304.035
2025-12-29,10:00:10.063031476,T,IBM,,40,303.92
2025-12-29,10:00:16.700591771,T,IBM,,40,303.9
2025-12-29,10:00:16.700609883,T,IBM,F,40,303.89
2025-12-29,10:00:16.700654969,T,IBM,I,7,303.88
2025-12-29,10:00:16.700669945,T,IBM,F I,33,303.88
2025-12-29,10:00:16.788054958,T,IBM,I,18,303.8
2025-12-29,10:00:32.736251338,T,IBM,F I,21,303.88
2025-12-29,10:00:32.736257284,T,IBM,F,99,303.88
2025-12-29,10:00:32.736260305,T,IBM,F I,10,303.88
2025-12-29,10:00:32.737421168,T,IBM,I,2,303.9
2025-12-29,10:00:32.863550413,T,IBM,I,1,303.95
2025-12-29,10:00:33.539824349,T,IBM,I,2,304.02
2025-12-29,10:00:33.540419682,T,IBM,,40,304.02
2025-12-29,10:00:40.567708089,T,IBM,F,40,304.06
2025-12-29,10:00:40.567713857,T,IBM,,40,304.06
2025-12-29,10:00:41.248958638,T,IBM,,40,304.13
2025-12-29,10:00:42.643946543,T,IBM,F I,20,304.17
2025-12-29,10:00:42.653241650,T,IBM,I,6,304.25
2025-12-29,10:00:42.653241650,T,IBM,I,4,304.25
2025-12-29,10:00:42.653518334,T,IBM,I,10,304.26
2025-12-29,10:00:59.167529477,T,IBM,,40,304.44
2025-12-29,10:01:00.223219647,T,IBM,I,5,304.59
2025-12-29,10:01:00.943338051,T,IBM,I,1,304.64
2025-12-29,10:01:05.621162989,T,IBM,,100,304.64
2025-12-29,10:01:05.975355210,T,IBM,,60,304.64
2025-12-29,10:01:07.338722966,T,IBM,,100,304.51
2025-12-29,10:01:08.716913339,T,IBM,F I,8,304.51
2025-12-29,10:01:08.716981909,T,IBM,I,1,304.51
2025-12-29,10:01:08.717195710,T,IBM,I,7,304.51
2025-12-29,10:01:08.717381865,T,IBM,I,2,304.51
2025-12-29,10:01:08.717490115,T,IBM,,42,304.51
2025-12-29,10:01:08.717568297,T,IBM,,40,304.44
2025-12-29,10:01:08.717592435,T,IBM,F I,2,304.44
2025-12-29,10:01:08.717592435,T,IBM,F I,4,304.44
2025-12-29,10:01:08.717595437,T,IBM,I,1,304.44
2025-12-29,10:01:08.717598405,T,IBM,F I,6,304.44
2025-12-29,10:01:08.750577922,T,IBM,,66,304.44
2025-12-29,10:01:08.756450933,T,IBM,,40,304.44
2025-12-29,10:01:08.756610296,T,IBM,,40,304.44
2025-12-29,10:01:08.756679466,T,IBM,I,7,304.44
2025-12-29,10:01:15.137762228,T,IBM,I,25,304.42
2025-12-29,10:01:15.137783321,T,IBM,F I,15,304.42
2025-12-29,10:01:15.137783321,T,IBM,F I,26,304.42
2025-12-29,10:01:24.305422767,T,IBM,I,20,304.46
2025-12-29,10:01:33.175913144,T,IBM,F,100,304.37
2025-12-29,10:01:33.175916029,T,IBM,F I,2,304.35
2025-12-29,10:01:36.233928933,T,IBM,I,30,304.36
2025-12-29,10:01:36.233932106,T,IBM,I,2,304.34
2025-12-29,10:01:36.233932106,T,IBM,I,8,304.32
2025-12-29,10:01:46.012575025,T,IBM,F,40,304.46
2025-12-29,10:01:46.012578053,T,IBM,F I,1,304.46
2025-12-29,10:01:46.012599093,T,IBM,F I,2,304.47
2025-12-29,10:01:46.012605125,T,IBM,I,38,304.47
2025-12-29,10:01:46.273169383,T,IBM,I,2,304.54
2025-12-29,10:01:47.116115064,T,IBM,F,40,304.31
2025-12-29,10:01:55.135555058,T,IBM,I,25,304.31
2025-12-29,10:01:56.252657630,T,IBM,I,25,304.31
2025-12-29,10:01:58.241189371,T,IBM,I,25,304.31
2025-12-29,10:01:59.478746644,T,IBM,F I,25,304.31
2025-12-29,10:01:59.478749799,T,IBM,F I,15,304.3
2025-12-29,10:01:59.478749799,T,IBM,F I,25,304.3
2025-12-29,10:02:11.888187529,T,IBM,,40,304.28
2025-12-29,10:02:11.893320573,T,IBM,F,53,304.28
2025-12-29,10:02:12.273813352,T,IBM,I,25,304.29
2025-12-29,10:02:12.274405960,T,IBM,F,40,304.28
2025-12-29,10:02:12.274408784,T,IBM,F,51,304.28
2025-12-29,10:02:12.274426856,T,IBM,F I,11,304.28
2025-12-29,10:02:12.274426856,T,IBM,I,1,304.28
2025-12-29,10:02:12.274496042,T,IBM,F I,4,304.28
2025-12-29,10:02:12.274496042,T,IBM,F I,16,304.27
2025-12-29,10:02:12.274676439,T,IBM,F I,4,304.27
2025-12-29,10:02:16.779352365,T,IBM,F I,10,304.17
2025-12-29,10:02:16.779355293,T,IBM,F,40,304.16
2025-12-29,10:02:16.779373365,T,IBM,F I,37,304.16
2025-12-29,10:02:16.779376372,T,IBM,F I,25,304.16
2025-12-29,10:02:16.780825975,T,IBM,,40,304.15
2025-12-29,10:02:25.687904147,T,IBM,F,40,304.15
2025-12-29,10:02:25.688022264,T,IBM,F,40,304.15
2025-12-29,10:02:25.688024403,T,IBM,F,40,304.14
2025-12-29,10:02:25.696107592,T,IBM,I,17,304.14
2025-12-29,10:02:34.675068996,T,IBM,I,10,304.14
2025-12-29,10:02:34.865001124,T,IBM,F,40,304.13
2025-12-29,10:02:34.872714519,T,IBM,,67,304.135
2025-12-29,10:02:42.129521124,T,IBM,I,10,304.19
2025-12-29,10:02:45.228395479,T,IBM,,40,304.185
2025-12-29,10:02:56.959872515,T,IBM,I,10,304.16
2025-12-29,10:03:02.620407060,T,IBM,F I,2,304.16
2025-12-29,10:03:02.701125248,T,IBM,F I,1,304.16
2025-12-29,10:03:02.712447293,T,IBM,F I,4,304.16
2025-12-29,10:03:03.971542310,T,IBM,I,3,304.16
2025-12-29,10:03:03.971544556,T,IBM,I,39,304.15
2025-12-29,10:03:03.971565665,T,IBM,F I,1,304.15
2025-12-29,10:03:03.971565665,T,IBM,F I,1,304.15
2025-12-29,10:03:03.971568663,T,IBM,F I,1,304.15
2025-12-29,10:03:10.050146245,T,IBM,I,10,304.12
2025-12-29,10:03:21.057676863,T,IBM,,40,304.08
2025-12-29,10:03:21.057676863,T,IBM,I,2,304.08
2025-12-29,10:03:21.057694934,T,IBM,F I,5,304.08
2025-12-29,10:03:21.057694934,T,IBM,F I,5,304.08
2025-12-29,10:03:21.057697952,T,IBM,F,40,304.07
2025-12-29,10:03:23.425769333,T,IBM,I,4,304.07
2025-12-29,10:03:24.315819203,T,IBM,I,26,304.1
2025-12-29,10:03:33.872317541,T,IBM,F,45,304.07
2025-12-29,10:03:33.872320778,T,IBM,F,80,304.06
2025-12-29,10:03:33.872323604,T,IBM,F I,1,304.06
2025-12-29,10:03:33.872323604,T,IBM,F I,1,304.06
2025-12-29,10:03:33.872326589,T,IBM,F I,2,304.06
2025-12-29,10:03:33.872335586,T,IBM,F I,3,304.06
2025-12-29,10:03:33.969118030,T,IBM,I,10,304.1
2025-12-29,10:03:33.969472881,T,IBM,,80,304.115
2025-12-29,10:03:34.359748074,T,IBM,,40,304.18
2025-12-29,10:03:34.359750843,T,IBM,I,7,304.18
2025-12-29,10:03:34.359765877,T,IBM,F,46,304.18
2025-12-29,10:03:36.661851262,T,IBM,F,40,304.23
2025-12-29,10:03:36.668575534,T,IBM,I,30,304.29
2025-12-29,10:03:36.668578195,T,IBM,I,2,304.3
2025-12-29,10:03:36.668581461,T,IBM,I,8,304.3
2025-12-29,10:04:06.785389112,T,IBM,,40,304.245
2025-12-29,10:04:06.785391897,T,IBM,I,30,304.2
2025-12-29,10:04:06.785391897,T,IBM,I,35,304.18
2025-12-29,10:04:06.785409672,T,IBM,I,1,304.18
2025-12-29,10:04:06.788004807,T,IBM,,40,304.245
2025-12-29,10:04:08.217018695,T,IBM,I,1,304.24
2025-12-29,10:04:08.218125403,T,IBM,,40,304.26
2025-12-29,10:04:08.220600225,T,IBM,,40,304.26
2025-12-29,10:04:08.796035122,T,IBM,,40,304.26
2025-12-29,10:04:09.812836758,T,IBM,F I,5,304.26
2025-12-29,10:04:09.812836758,T,IBM,F I,8,304.21
2025-12-29,10:04:09.812839892,T,IBM,F,160,304.21
2025-12-29,10:04:09.812842752,T,IBM,F I,27,304.21
2025-12-29,10:04:09.812857779,T,IBM,I,1,304.21
2025-12-29,10:04:10.366370471,T,IBM,I,20,304.3
2025-12-29,10:04:10.366374071,T,IBM,,40,304.31
2025-12-29,10:04:10.366376855,T,IBM,I,5,304.31
2025-12-29,10:04:10.366388584,T,IBM,I,1,304.31
2025-12-29,10:04:10.366392371,T,IBM,I,28,304.31
2025-12-29,10:04:10.635709675,T,IBM,I,14,304.4
2025-12-29,10:04:12.550620366,T,IBM,I,2,304.485
2025-12-29,10:04:13.939142885,T,IBM,F I,19,304.43
2025-12-29,10:04:13.939142885,T,IBM,F I,31,304.42
2025-12-29,10:04:21.950505853,T,IBM,F,40,304.41
2025-12-29,10:04:21.950508864,T,IBM,F,40,304.41
2025-12-29,10:04:21.950508864,T,IBM,F,40,304.41
2025-12-29,10:04:21.950512049,T,IBM,F I,1,304.41
2025-12-29,10:04:21.950512049,T,IBM,F I,1,304.41
2025-12-29,10:04:21.950514928,T,IBM,F I,21,304.41
2025-12-29,10:04:21.950518761,T,IBM,F I,22,304.41
2025-12-29,10:04:21.950518761,T,IBM,F I,5,304.41
2025-12-29,10:04:21.950518761,T,IBM,F I,5,304.41
2025-12-29,10:04:21.950521241,T,IBM,F I,5,304.41
2025-12-29,10:04:24.024422971,T,IBM,I,1,304.53
2025-12-29,10:04:24.025246995,T,IBM,I,15,304.52
2025-12-29,10:04:31.957311060,T,IBM,I,15,304.52
2025-12-29,10:05:07.669105859,T,IBM,I,12,304.52
2025-12-29,10:05:07.669127601,T,IBM,F I,28,304.52
2025-12-29,10:05:07.669127601,T,IBM,F,80,304.52
2025-12-29,10:05:07.669129915,T,IBM,F I,14,304.52
2025-12-29,10:05:07.669132924,T,IBM,F I,10,304.52
2025-12-29,10:05:07.669147950,T,IBM,I,1,304.52
2025-12-29,10:05:07.669406650,T,IBM,,77,304.52
2025-12-29,10:05:17.076960354,T,IBM,F I,30,304.59
2025-12-29,10:05:17.077330153,T,IBM,I,11,304.53
2025-12-29,10:05:19.058885567,T,IBM,F I,8,304.48
2025-12-29,10:05:22.480635460,T,IBM,I,5,304.52
2025-12-29,10:05:47.031853467,T,IBM,,45,304.52
2025-12-29,10:05:52.431327420,T,IBM,I,20,304.57
2025-12-29,10:05:57.107242882,T,IBM,I,12,304.56
2025-12-29,10:05:57.107619180,T,IBM,F I,9,304.57
2025-12-29,10:05:57.107619180,T,IBM,F I,20,304.57
2025-12-29,10:05:57.107940558,T,IBM,,40,304.58
2025-12-29,10:05:57.107946598,T,IBM,I,34,304.58
2025-12-29,10:05:57.107946598,T,IBM,I,17,304.58
2025-12-29,10:05:57.107958584,T,IBM,I,1,304.58
2025-12-29,10:05:57.107973632,T,IBM,,50,304.58
2025-12-29,10:05:57.108048805,T,IBM,I,29,304.58
2025-12-29,10:05:57.108373571,T,IBM,F I,32,304.58
2025-12-29,10:05:57.108617223,T,IBM,F,40,304.59
2025-12-29,10:05:57.108617223,T,IBM,F I,10,304.59
2025-12-29,10:05:58.742141963,T,IBM,I,4,304.62
2025-12-29,10:05:58.951322930,T,IBM,F,40,304.57
2025-12-29,10:05:58.951322930,T,IBM,F I,7,304.57
2025-12-29,10:06:01.620819902,T,IBM,F I,7,304.59
2025-12-29,10:06:13.954573897,T,IBM,F I,21,304.51
2025-12-29,10:06:13.954573897,T,IBM,F I,2,304.51
2025-12-29,10:06:29.738197386,T,IBM,I,2,304.5
2025-12-29,10:06:33.257234844,T,IBM,,40,304.515
2025-12-29,10:06:36.194513342,T,IBM,F,80,304.515
2025-12-29,10:06:36.194528388,T,IBM,I,26,304.57
2025-12-29,10:06:45.987040736,T,IBM,I,20,304.58
2025-12-29,10:06:45.987040736,T,IBM,I,1,304.59
2025-12-29,10:06:45.987040736,T,IBM,I,20,304.59
2025-12-29,10:06:45.987058730,T,IBM,I,1,304.59
2025-12-29,10:07:02.443134628,T,IBM,F I,18,304.57
2025-12-29,10:07:02.443134628,T,IBM,F I,2,304.57
2025-12-29,10:07:02.443137107,T,IBM,F I,4,304.57
2025-12-29,10:07:03.823236553,T,IBM,I,13,304.53
2025-12-29,10:07:03.823239777,T,IBM,I,6,304.53
2025-12-29,10:07:03.823239777,T,IBM,I,15,304.53
2025-12-29,10:07:03.824090614,T,IBM,I,5,304.53
2025-12-29,10:07:08.947176674,T,IBM,I,4,304.46
2025-12-29,10:07:08.947306202,T,IBM,F I,1,304.46
2025-12-29,10:07:08.947309014,T,IBM,F I,3,304.46
2025-12-29,10:07:08.947324083,T,IBM,I,2,304.46
2025-12-29,10:07:08.947483398,T,IBM,I,4,304.45
2025-12-29,10:07:09.015700771,T,IBM,I,34,304.43
2025-12-29,10:07:09.682532204,T,IBM,F I,10,304.36
2025-12-29,10:07:09.682586437,T,IBM,I,9,304.36
2025-12-29,10:07:09.684246312,T,IBM,I,22,304.33
2025-12-29,10:07:09.684258869,T,IBM,I,18,304.33
2025-12-29,10:07:09.854132747,T,IBM,I,18,304.33
2025-12-29,10:07:15.711428700,T,IBM,F,40,304.39
2025-12-29,10:07:15.711449700,T,IBM,F,40,304.4
2025-12-29,10:07:15.711512824,T,IBM,F I,4,304.41
2025-12-29,10:07:15.711518866,T,IBM,F I,36,304.41
2025-12-29,10:07:18.555112406,T,IBM,I,1,304.43
2025-12-29,10:07:38.699558385,T,IBM,F I,1,304.49
2025-12-29,10:07:38.705954609,T,IBM,I,5,304.53
2025-12-29,10:08:07.401999866,T,IBM,I,18,304.52
2025-12-29,10:08:08.188188362,T,IBM,F I,19,304.59
2025-12-29,10:08:09.186032831,T,IBM,I,7,304.63
2025-12-29,10:08:09.186059950,T,IBM,F I,1,304.64
2025-12-29,10:08:18.959094733,T,IBM,I,2,304.57
2025-12-29,10:08:18.959233036,T,IBM,F I,1,304.53
2025-12-29,10:08:18.959236214,T,IBM,F I,1,304.53
2025-12-29,10:08:18.959239117,T,IBM,F I,2,304.53
2025-12-29,10:08:20.607805682,T,IBM,,40,304.52
2025-12-29,10:08:21.362325876,T,IBM,F I,3,304.52
2025-12-29,10:08:21.362328931,T,IBM,F,100,304.52
2025-12-29,10:08:21.362335145,T,IBM,F,57,304.52
2025-12-29,10:08:21.362337931,T,IBM,F I,18,304.51
2025-12-29,10:08:21.362353524,T,IBM,F,62,304.51
2025-12-29,10:08:21.362356412,T,IBM,F,40,304.5
2025-12-29,10:08:21.362358982,T,IBM,F I,2,304.5
2025-12-29,10:08:21.362358982,T,IBM,F I,6,304.5
2025-12-29,10:08:21.362374066,T,IBM,I,1,304.5
2025-12-29,10:08:21.362377103,T,IBM,I,33,304.5
2025-12-29,10:08:21.362380089,T,IBM,I,5,304.5
2025-12-29,10:08:35.146730179,T,IBM,I,11,304.48
2025-12-29,10:08:35.146730179,T,IBM,I,5,304.48
2025-12-29,10:08:35.147470024,T,IBM,,40,304.48
2025-12-29,10:08:35.664526884,T,IBM,I,20,304.47
2025-12-29,10:08:35.664529838,T,IBM,,98,304.47
2025-12-29,10:08:35.664532895,T,IBM,,56,304.48
2025-12-29,10:08:35.664551257,T,IBM,F,44,304.48
2025-12-29,10:08:35.664551257,T,IBM,F I,34,304.48
2025-12-29,10:08:35.664556981,T,IBM,F,40,304.48
2025-12-29,10:08:58.168497698,T,IBM,I,4,304.59
2025-12-29,10:08:58.168569894,T,IBM,I,4,304.59
2025-12-29,10:09:02.248616809,T,IBM,F I,1,304.64
2025-12-29,10:09:13.791373721,T,IBM,F,45,304.69
2025-12-29,10:09:13.791412794,T,IBM,I,30,304.7
2025-12-29,10:09:46.847796320,T,IBM,I,2,304.66
2025-12-29,10:09:46.847799253,T,IBM,I,15,304.725
2025-12-29,10:09:51.988649122,T,IBM,I,2,304.67
2025-12-29,10:09:51.988649122,T,IBM,I,2,304.66
2025-12-29,10:09:51.988651700,T,IBM,I,6,304.6
2025-12-29,10:09:51.988955353,T,IBM,F I,6,304.59
2025-12-29,10:09:51.988955353,T,IBM,F I,4,304.58
2025-12-29,10:09:51.988973382,T,IBM,F I,6,304.58
2025-12-29,10:09:52.005693547,T,IBM,I,19,304.61
2025-12-29,10:09:52.005693547,T,IBM,I,2,304.62
2025-12-29,10:09:52.005696230,T,IBM,I,2,304.63
2025-12-29,10:09:59.026876872,T,IBM,I,14,304.69
2025-12-29,10:10:15.107941389,T,IBM,F I,11,304.58
2025-12-29,10:10:24.469885441,T,IBM,I,2,304.63
2025-12-29,10:10:26.223720575,T,IBM,I,15,304.63
2025-12-29,10:10:31.557605476,T,IBM,I,2,304.66
2025-12-29,10:10:31.571853379,T,IBM,I,38,304.69
2025-12-29,10:10:35.229027694,T,IBM,F I,14,304.7
2025-12-29,10:10:35.229048748,T,IBM,F I,10,304.71
2025-12-29,10:10:40.073536579,T,IBM,F,40,304.79
2025-12-29,10:10:40.073711086,T,IBM,F I,9,304.79
2025-12-29,10:10:40.073711086,T,IBM,F I,20,304.79
2025-12-29,10:10:40.073714029,T,IBM,F I,11,304.8
2025-12-29,10:10:40.073729204,T,IBM,F I,29,304.8
2025-12-29,10:10:40.090451851,T,IBM,I,13,304.75
2025-12-29,10:11:06.260817246,T,IBM,F I,1,304.82
2025-12-29,10:11:09.029980620,T,IBM,I,2,304.78
2025-12-29,10:11:09.029980620,T,IBM,I,2,304.77
2025-12-29,10:11:09.029986503,T,IBM,,80,304.71
2025-12-29,10:11:09.029986503,T,IBM,I,16,304.71
2025-12-29,10:11:09.031745718,T,IBM,,100,304.68
2025-12-29,10:11:09.031776195,T,IBM,F I,20,304.67
2025-12-29,10:11:09.031778818,T,IBM,F,40,304.67
2025-12-29,10:11:09.031796955,T,IBM,I,1,304.67
2025-12-29,10:11:09.031796955,T,IBM,I,4,304.67
2025-12-29,10:11:33.710271518,T,IBM,F I,18,304.5
2025-12-29,10:11:33.712505779,T,IBM,,40,304.49
2025-12-29,10:11:33.712881688,T,IBM,,40,304.49
2025-12-29,10:11:33.746910747,T,IBM,,100,304.52
2025-12-29,10:12:22.170624251,T,IBM,F I,10,304.54
2025-12-29,10:12:28.385017253,T,IBM,I,5,304.485
2025-12-29,10:12:39.320905772,T,IBM,I,5,304.53
2025-12-29,10:12:39.320908498,T,IBM,I,5,304.53
2025-12-29,10:12:46.961696158,T,IBM,F,40,304.53
2025-12-29,10:12:46.961696158,T,IBM,F I,1,304.53
2025-12-29,10:12:46.962950172,T,IBM,I,5,304.55
2025-12-29,10:12:47.963323600,T,IBM,I,10,304.54
2025-12-29,10:12:47.963973224,T,IBM,F,40,304.54
2025-12-29,10:13:05.777100568,T,IBM,I,2,304.41
2025-12-29,10:13:05.777121519,T,IBM,I,2,304.41
2025-12-29,10:13:05.777280969,T,IBM,I,2,304.41
2025-12-29,10:13:05.777945562,T,IBM,I,2,304.39
2025-12-29,10:13:05.781715033,T,IBM,I,14,304.38
2025-12-29,10:13:05.801885474,T,IBM,I,2,304.38
2025-12-29,10:13:07.645303969,T,IBM,I,1,304.33
2025-12-29,10:13:17.292949304,T,IBM,,40,304.425
2025-12-29,10:13:19.491344908,T,IBM,F I,1,304.39
2025-12-29,10:13:19.491374974,T,IBM,I,1,304.39
2025-12-29,10:13:19.491377957,T,IBM,I,8,304.39
2025-12-29,10:13:19.491396006,T,IBM,F I,31,304.39
2025-12-29,10:13:19.491417079,T,IBM,I,1,304.39
2025-12-29,10:13:19.503463688,T,IBM,I,10,304.38
2025-12-29,10:13:19.506413745,T,IBM,I,10,304.38
2025-12-29,10:13:19.680089230,T,IBM,I,10,304.38
2025-12-29,10:13:19.841720938,T,IBM,I,10,304.38
2025-12-29,10:13:20.056868200,T,IBM,I,10,304.38
2025-12-29,10:13:22.767202374,T,IBM,F I,11,304.39
2025-12-29,10:13:26.227846830,T,IBM,,40,304.35
2025-12-29,10:13:26.233184612,T,IBM,,40,304.32
2025-12-29,10:13:26.236967565,T,IBM,,40,304.32
2025-12-29,10:13:38.081742476,T,IBM,F I,10,304.43
2025-12-29,10:14:01.403627546,T,IBM,F I,3,304.44
2025-12-29,10:14:01.403655665,T,IBM,F I,10,304.45
2025-12-29,10:14:01.403655665,T,IBM,F I,10,304.45
2025-12-29,10:14:01.403660622,T,IBM,F I,2,304.45
2025-12-29,10:14:01.403679199,T,IBM,F I,6,304.44
2025-12-29,10:14:01.404147809,T,IBM,F I,3,304.45
2025-12-29,10:14:01.404156756,T,IBM,F I,7,304.45
2025-12-29,10:14:01.404201896,T,IBM,F I,3,304.46
2025-12-29,10:14:01.514934473,T,IBM,I,2,304.52
2025-12-29,10:14:01.526743787,T,IBM,I,2,304.5
2025-12-29,10:14:01.526743787,T,IBM,I,30,304.49
2025-12-29,10:14:01.526746598,T,IBM,I,6,304.49
2025-12-29,10:14:01.557079794,T,IBM,I,14,304.49
2025-12-29,10:14:01.659275116,T,IBM,I,14,304.485
2025-12-29,10:14:01.759744259,T,IBM,I,14,304.47
2025-12-29,10:14:01.863476234,T,IBM,I,14,304.46
2025-12-29,10:14:01.966053416,T,IBM,I,14,304.44
2025-12-29,10:14:01.966122587,T,IBM,F,40,304.54
2025-12-29,10:14:02.066200879,T,IBM,I,14,304.46
2025-12-29,10:14:02.179089764,T,IBM,I,14,304.45
2025-12-29,10:14:02.279988764,T,IBM,I,14,304.42
2025-12-29,10:14:02.432217278,T,IBM,I,9,304.44
2025-12-29,10:14:02.432217278,T,IBM,I,5,304.42
2025-12-29,10:14:02.583952374,T,IBM,I,7,304.43
2025-12-29,10:14:02.583955462,T,IBM,I,7,304.42
2025-12-29,10:14:02.734310349,T,IBM,I,14,304.41
2025-12-29,10:14:02.874089768,T,IBM,I,2,304.45
2025-12-29,10:14:02.874089768,T,IBM,,45,304.42
2025-12-29,10:14:02.874092146,T,IBM,,53,304.42
2025-12-29,10:14:02.904299068,T,IBM,I,20,304.42
2025-12-29,10:14:03.004262979,T,IBM,I,20,304.45
2025-12-29,10:14:03.104347410,T,IBM,I,20,304.42
2025-12-29,10:14:03.181535061,T,IBM,,40,304.47
2025-12-29,10:14:03.181535061,T,IBM,,60,304.42
2025-12-29,10:14:03.203051341,T,IBM,I,2,304.45
2025-12-29,10:14:03.203054307,T,IBM,I,2,304.44
2025-12-29,10:14:03.203057247,T,IBM,I,6,304.41
2025-12-29,10:14:03.203057247,T,IBM,I,10,304.41
2025-12-29,10:14:03.304801421,T,IBM,I,37,304.41
2025-12-29,10:14:03.304819534,T,IBM,I,1,304.41
2025-12-29,10:14:03.304918720,T,IBM,I,5,304.49
2025-12-29,10:14:03.305544236,T,IBM,F I,32,304.49
2025-12-29,10:14:03.305983318,T,IBM,F I,4,304.45
2025-12-29,10:14:08.931153471,T,IBM,F I,6,304.5
2025-12-29,10:14:16.394196934,T,IBM,F I,1,304.38
2025-12-29,10:14:16.394215054,T,IBM,I,34,304.38
2025-12-29,10:14:21.891710325,T,IBM,F I,6,304.34
2025-12-29,10:14:21.895737239,T,IBM,F I,34,304.34
2025-12-29,10:14:21.895739901,T,IBM,F I,1,304.34
2025-12-29,10:14:21.895742902,T,IBM,F I,1,304.34
2025-12-29,10:14:21.895742902,T,IBM,F I,5,304.34
2025-12-29,10:14:25.404348523,T,IBM,F I,1,304.31
2025-12-29,10:14:25.404348523,T,IBM,F I,1,304.31
2025-12-29,10:14:25.404363584,T,IBM,F I,1,304.31
2025-12-29,10:14:33.533393465,T,IBM,I,1,304.295
2025-12-29,10:14:34.704278862,T,IBM,,89,304.34
2025-12-29,10:14:34.704297013,T,IBM,I,1,304.34
2025-12-29,10:14:34.704297013,T,IBM,F,110,304.34
2025-12-29,10:14:34.704299971,T,IBM,F I,34,304.34
2025-12-29,10:14:54.957027417,T,IBM,F I,2,304.52
2025-12-29,10:14:54.957451411,T,IBM,F I,1,304.53
2025-12-29,10:14:54.957472552,T,IBM,F I,1,304.53
2025-12-29,10:14:55.431734665,T,IBM,I,5,304.55
2025-12-29,10:14:55.431734665,T,IBM,I,5,304.55
2025-12-29,10:14:55.431896915,T,IBM,I,5,304.55
2025-12-29,10:15:05.267459535,T,IBM,F I,21,304.72
2025-12-29,10:15:05.267462480,T,IBM,F I,38,304.72
2025-12-29,10:15:18.531390733,T,IBM,F I,2,304.69
2025-12-29,10:15:18.531390733,T,IBM,F I,6,304.71
2025-12-29,10:15:39.564527168,T,IBM,,40,304.72
2025-12-29,10:16:20.465044981,T,IBM,I,37,304.76
2025-12-29,10:16:20.465044981,T,IBM,I,3,304.77
2025-12-29,10:16:20.481004680,T,IBM,I,5,304.65
2025-12-29,10:16:20.481004680,T,IBM,I,5,304.65
2025-12-29,10:16:20.481007154,T,IBM,I,5,304.65
2025-12-29,10:16:20.481007154,T,IBM,I,2,304.65
2025-12-29,10:16:20.481011033,T,IBM,,40,304.59
2025-12-29,10:16:20.481013138,T,IBM,I,16,304.59
2025-12-29,10:16:20.481013138,T,IBM,,61,304.58
2025-12-29,10:16:29.194165704,T,IBM,I,2,304.76
2025-12-29,10:16:31.384895919,T,IBM,I,20,304.76
2025-12-29,10:16:31.691938968,T,IBM,F I,38,304.77
2025-12-29,10:16:31.691938968,T,IBM,F,79,304.77
2025-12-29,10:16:31.691941867,T,IBM,F I,10,304.77
2025-12-29,10:16:31.692017761,T,IBM,F,79,304.77
2025-12-29,10:16:31.692089265,T,IBM,I,15,304.77
2025-12-29,10:16:31.692110290,T,IBM,F,40,304.78
2025-12-29,10:17:11.517136088,T,IBM,F I,10,304.88
2025-12-29,10:17:11.692071829,T,IBM,I,5,304.915
2025-12-29,10:17:11.692074636,T,IBM,I,2,304.915
2025-12-29,10:17:12.844517104,T,IBM,I,3,304.915
2025-12-29,10:17:12.844520161,T,IBM,,40,304.915
2025-12-29,10:17:12.852792755,T,IBM,,100,304.915
2025-12-29,10:17:12.855255807,T,IBM,,40,304.915
2025-12-29,10:17:14.758194847,T,IBM,F,80,304.99
2025-12-29,10:17:20.696554744,T,IBM,F I,2,304.97
2025-12-29,10:17:20.696554744,T,IBM,F I,20,304.99
2025-12-29,10:17:20.696557798,T,IBM,F I,4,304.99
2025-12-29,10:17:21.749051397,T,IBM,F I,20,304.99
2025-12-29,10:17:21.749051397,T,IBM,F I,20,305.0
2025-12-29,10:17:21.749061316,T,IBM,I,20,305.0
2025-12-29,10:17:24.433385727,T,IBM,I,6,305.05
2025-12-29,10:17:25.806704136,T,IBM,F I,10,305.1
2025-12-29,10:17:25.806833402,T,IBM,F I,1,305.1
2025-12-29,10:17:25.806887784,T,IBM,I,6,305.11
2025-12-29,10:17:25.806887784,T,IBM,I,4,305.11
2025-12-29,10:17:28.832931269,T,IBM,,40,305.13
2025-12-29,10:17:30.008868679,T,IBM,,40,305.13
2025-12-29,10:17:30.178598885,T,IBM,F I,2,305.09
2025-12-29,10:17:30.178604843,T,IBM,F,77,305.07
2025-12-29,10:17:30.178607857,T,IBM,F I,38,305.07
2025-12-29,10:17:30.178607857,T,IBM,F I,2,305.07
2025-12-29,10:17:52.318821005,T,IBM,,40,305.18
2025-12-29,10:18:25.942369416,T,IBM,I,6,305.13
2025-12-29,10:18:29.163884594,T,IBM,I,10,305.1
2025-12-29,10:18:29.163884594,T,IBM,I,15,305.1
2025-12-29,10:18:30.856557227,T,IBM,F I,3,305.06
2025-12-29,10:18:30.856879007,T,IBM,F I,15,305.04
2025-12-29,10:18:30.856879007,T,IBM,F I,21,305.04
2025-12-29,10:18:30.856903179,T,IBM,F I,5,305.04
2025-12-29,10:18:30.856903179,T,IBM,F I,5,305.04
2025-12-29,10:18:34.191301469,T,IBM,F I,20,305.01
2025-12-29,10:18:34.191303929,T,IBM,F I,1,305.01
2025-12-29,10:18:34.191321938,T,IBM,F I,3,305.01
2025-12-29,10:18:34.191324909,T,IBM,I,1,305.01
2025-12-29,10:18:35.554334767,T,IBM,,40,304.99
2025-12-29,10:18:35.557919389,T,IBM,,40,304.99
2025-12-29,10:19:06.048128790,T,IBM,F I,1,304.91
2025-12-29,10:19:08.284751326,T,IBM,F I,13,304.86
2025-12-29,10:19:08.284769319,T,IBM,F I,13,304.86
2025-12-29,10:19:08.284796378,T,IBM,F I,13,304.86
2025-12-29,10:19:28.051192226,T,IBM,I,2,304.87
2025-12-29,10:19:28.051192226,T,IBM,I,2,304.88
2025-12-29,10:19:28.051194594,T,IBM,,96,304.89
2025-12-29,10:19:32.136486211,T,IBM,,45,304.895
2025-12-29,10:19:33.967301481,T,IBM,I,6,304.87
2025-12-29,10:19:50.020153105,T,IBM,F I,2,304.89
2025-12-29,10:19:50.020153105,T,IBM,F I,3,304.89
2025-12-29,10:19:50.041660242,T,IBM,F I,5,304.89
2025-12-29,10:19:50.042003163,T,IBM,I,1,304.84
2025-12-29,10:19:52.714119444,T,IBM,I,1,304.8
2025-12-29,10:19:53.301261109,T,IBM,,40,304.76
2025-12-29,10:19:53.604918000,T,IBM,I,1,304.74
2025-12-29,10:20:27.045063009,T,IBM,I,2,304.85
2025-12-29,10:20:27.045066085,T,IBM,I,2,304.78
2025-12-29,10:20:27.045066085,T,IBM,I,16,304.77
2025-12-29,10:21:03.550925383,T,IBM,F I,1,304.74
2025-12-29,10:21:04.116587002,T,IBM,I,14,304.78
2025-12-29,10:21:04.126898528,T,IBM,I,8,304.8
2025-12-29,10:21:12.167665379,T,IBM,F I,5,304.86
2025-12-29,10:21:12.167701416,T,IBM,F I,24,304.87
2025-12-29,10:21:15.134723761,T,IBM,F I,1,304.89
2025-12-29,10:21:41.330214287,T,IBM,I,5,304.94
2025-12-29,10:21:41.330361557,T,IBM,F I,5,304.93
2025-12-29,10:21:56.726988091,T,IBM,F I,20,304.9
2025-12-29,10:21:56.727006090,T,IBM,I,1,304.9
2025-12-29,10:21:56.727006090,T,IBM,F I,19,304.9
2025-12-29,10:22:07.283853861,T,IBM,I,6,304.86
2025-12-29,10:22:07.283853861,T,IBM,I,2,304.86
2025-12-29,10:22:08.873492187,T,IBM,,40,304.85
2025-12-29,10:22:08.975555431,T,IBM,F,40,304.85
2025-12-29,10:22:08.975555431,T,IBM,F,40,304.84
2025-12-29,10:22:08.975558218,T,IBM,F I,12,304.84
2025-12-29,10:22:09.984153297,T,IBM,I,12,304.81
2025-12-29,10:22:09.984559205,T,IBM,F,70,304.8
2025-12-29,10:22:09.984559205,T,IBM,F,40,304.8
2025-12-29,10:22:09.984562288,T,IBM,F I,6,304.8
2025-12-29,10:22:39.860138247,T,IBM,I,1,304.85
2025-12-29,10:23:04.825405702,T,IBM,F I,1,304.87
2025-12-29,10:23:14.483951891,T,IBM,F I,30,304.88
2025-12-29,10:23:14.483951891,T,IBM,F I,34,304.91
2025-12-29,10:23:14.483954940,T,IBM,F I,1,304.91
2025-12-29,10:23:14.483957981,T,IBM,F I,4,304.91
2025-12-29,10:23:14.483962010,T,IBM,F,40,304.91
2025-12-29,10:23:14.483962010,T,IBM,F I,1,304.91
2025-12-29,10:23:14.483962010,T,IBM,F,120,304.91
2025-12-29,10:23:14.483963905,T,IBM,F I,1,304.91
2025-12-29,10:23:54.149321780,T,IBM,F I,20,304.88
2025-12-29,10:24:54.193196705,T,IBM,I,2,304.87
2025-12-29,10:24:55.561017905,T,IBM,,40,304.965
2025-12-29,10:25:31.100024322,T,IBM,I,1,304.85
2025-12-29,10:25:59.035119775,T,IBM,,80,304.945
2025-12-29,10:26:11.846154758,T,IBM,I,2,304.94
2025-12-29,10:26:11.846305395,T,IBM,F I,1,304.9
2025-12-29,10:26:11.846308138,T,IBM,F I,1,304.9
2025-12-29,10:26:19.718647073,T,IBM,F I,10,304.99
2025-12-29,10:26:24.603932980,T,IBM,,40,305.045
2025-12-29,10:26:34.437934930,T,IBM,I,2,304.96
2025-12-29,10:27:06.136700237,T,IBM,F I,1,305.07
2025-12-29,10:27:45.320452301,T,IBM,I,1,304.95
2025-12-29,10:27:45.320455446,T,IBM,F I,1,304.95
2025-12-29,10:28:13.605439583,T,IBM,F I,4,304.86
2025-12-29,10:28:13.605451601,T,IBM,F I,4,304.86
2025-12-29,10:28:13.605827451,T,IBM,I,3,304.85
2025-12-29,10:28:13.605830528,T,IBM,I,1,304.85
2025-12-29,10:28:13.653208667,T,IBM,I,15,304.95
2025-12-29,10:28:13.653211250,T,IBM,I,25,304.97
2025-12-29,10:28:23.684073539,T,IBM,F I,8,305.04
2025-12-29,10:28:55.736117184,T,IBM,F I,3,304.95
2025-12-29,10:29:01.880563698,T,IBM,,40,304.87
2025-12-29,10:29:01.880563698,T,IBM,I,1,304.87
2025-12-29,10:29:01.880566828,T,IBM,I,4,304.87
2025-12-29,10:29:01.880891429,T,IBM,F,40,304.86
2025-12-29,10:29:01.880894455,T,IBM,F,40,304.86
2025-12-29,10:29:01.880897514,T,IBM,F,40,304.86
2025-12-29,10:29:01.881107965,T,IBM,F I,5,304.85
2025-12-29,10:29:01.881110986,T,IBM,F I,17,304.85
2025-12-29,10:29:01.881129025,T,IBM,F I,2,304.85
2025-12-29,10:29:06.898113635,T,IBM,I,15,304.8
2025-12-29,10:29:06.898113635,T,IBM,I,1,304.8
2025-12-29,10:29:20.134809058,T,IBM,,40,304.93
2025-12-29,10:29:20.134811802,T,IBM,I,26,304.93
2025-12-29,10:29:20.134811802,T,IBM,I,10,304.93
2025-12-29,10:29:20.134892951,T,IBM,F I,3,304.94
2025-12-29,10:29:21.780795230,T,IBM,F,40,304.99
2025-12-29,10:29:23.714374432,T,IBM,F,42,304.99
2025-12-29,10:29:23.714377576,T,IBM,F,44,304.99
2025-12-29,10:29:23.714377576,T,IBM,F I,14,304.99
2025-12-29,10:29:23.714392407,T,IBM,F I,26,304.99
2025-12-29,10:29:23.714395473,T,IBM,F I,26,304.99
2025-12-29,10:29:23.714401585,T,IBM,F I,26,304.99
2025-12-29,10:29:23.714401585,T,IBM,F,48,304.99
2025-12-29,10:29:23.714401585,T,IBM,F I,20,304.99
2025-12-29,10:29:24.256965025,T,IBM,F I,2,305.05
2025-12-29,10:29:24.540624297,T,IBM,F I,2,305.05
2025-12-29,10:30:30.764206601,T,IBM,F I,2,305.06
2025-12-29,10:30:30.764206601,T,IBM,F I,4,305.1
2025-12-29,10:30:30.764411016,T,IBM,F I,2,305.1
2025-12-29,10:30:30.764564430,T,IBM,I,4,305.1
2025-12-29,10:30:30.764567412,T,IBM,I,1,305.1
2025-12-29,10:30:39.789616505,T,IBM,I,20,305.01
2025-12-29,10:30:49.939090293,T,IBM,I,1,304.94
2025-12-29,10:30:49.939090293,T,IBM,I,12,304.94
2025-12-29,10:30:49.940118743,T,IBM,I,8,304.92
2025-12-29,10:30:53.250558601,T,IBM,I,3,304.905
2025-12-29,10:30:54.647537258,T,IBM,,100,304.905
2025-12-29,10:30:56.393117781,T,IBM,I,17,304.905
2025-12-29,10:31:02.810271438,T,IBM,,655,304.93
2025-12-29,10:31:02.810274416,T,IBM,F,106,304.93
2025-12-29,10:31:02.810283437,T,IBM,F I,21,304.93
2025-12-29,10:31:02.810289442,T,IBM,,40,304.93
2025-12-29,10:31:02.810295728,T,IBM,I,1,304.93
2025-12-29,10:31:02.810295728,T,IBM,F,43,304.93
2025-12-29,10:31:02.810298429,T,IBM,F,300,304.93
2025-12-29,10:31:02.822342139,T,IBM,F,1166,304.93
2025-12-29,10:31:02.822576738,T,IBM,,100,304.92
2025-12-29,10:31:02.822579715,T,IBM,,75,304.92
2025-12-29,10:31:02.822838263,T,IBM,F,80,304.92
2025-12-29,10:31:02.822859407,T,IBM,F,100,304.92
2025-12-29,10:31:02.823193153,T,IBM,I,2,304.92
2025-12-29,10:31:02.823214186,T,IBM,I,38,304.92
2025-12-29,10:31:03.012133113,T,IBM,F,40,304.97
2025-12-29,10:31:03.012133113,T,IBM,F I,4,304.97
2025-12-29,10:31:03.012136080,T,IBM,F I,20,304.97
2025-12-29,10:31:03.012138995,T,IBM,F I,34,304.97
2025-12-29,10:31:04.040536140,T,IBM,,40,304.975
2025-12-29,10:31:04.043056152,T,IBM,,40,304.975
2025-12-29,10:31:12.571668194,T,IBM,,40,305.01
2025-12-29,10:31:12.660051608,T,IBM,,40,305.01
2025-12-29,10:31:35.154923233,T,IBM,I,1,304.93
2025-12-29,10:31:35.154923233,T,IBM,F I,2,304.93
2025-12-29,10:31:35.155004343,T,IBM,F I,20,304.92
2025-12-29,10:31:35.160424086,T,IBM,F,40,304.89
2025-12-29,10:31:46.721563007,T,IBM,I,2,304.87
2025-12-29,10:31:46.721906026,T,IBM,I,38,304.87
2025-12-29,10:31:46.721906026,T,IBM,I,2,304.86
2025-12-29,10:31:46.721926907,T,IBM,F I,38,304.86
2025-12-29,10:31:46.721932926,T,IBM,I,38,304.87
2025-12-29,10:31:46.721950983,T,IBM,I,1,304.87
2025-12-29,10:31:46.721950983,T,IBM,I,18,304.87
2025-12-29,10:31:52.004190878,T,IBM,I,14,304.9
2025-12-29,10:31:52.004194129,T,IBM,I,10,304.9
2025-12-29,10:31:52.004196824,T,IBM,I,34,304.9
2025-12-29,10:31:52.004452416,T,IBM,I,1,304.9
2025-12-29,10:32:04.263773375,T,IBM,F I,5,304.97
2025-12-29,10:32:33.212379678,T,IBM,F I,10,305.06
2025-12-29,10:32:33.212382780,T,IBM,F I,10,305.06
2025-12-29,10:32:40.130547299,T,IBM,,40,305.125
2025-12-29,10:32:40.130547299,T,IBM,I,10,305.1
2025-12-29,10:32:48.462407769,T,IBM,F I,10,305.14
2025-12-29,10:32:50.257402003,T,IBM,F I,34,305.13
2025-12-29,10:32:55.494564426,T,IBM,F I,4,305.15
2025-12-29,10:32:55.560875510,T,IBM,F I,15,305.18
2025-12-29,10:32:55.560875510,T,IBM,F I,3,305.2
2025-12-29,10:33:00.335410643,T,IBM,,100,305.22
2025-12-29,10:33:00.587365488,T,IBM,F I,1,305.25
2025-12-29,10:33:00.587365488,T,IBM,F I,4,305.25
2025-12-29,10:33:05.138616118,T,IBM,I,30,305.17
2025-12-29,10:33:05.138619356,T,IBM,I,2,305.16
2025-12-29,10:33:05.138622211,T,IBM,I,27,305.16
2025-12-29,10:33:05.138622211,T,IBM,I,16,305.16
2025-12-29,10:33:05.138676248,T,IBM,,40,305.15
2025-12-29,10:33:05.138679351,T,IBM,,40,305.15
2025-12-29,10:33:05.152467413,T,IBM,F I,15,305.14
2025-12-29,10:33:05.152467413,T,IBM,F,40,305.14
2025-12-29,10:33:05.152999482,T,IBM,F I,6,305.13
2025-12-29,10:33:05.153002420,T,IBM,F,40,305.13
2025-12-29,10:33:09.692717602,T,IBM,I,16,305.14
2025-12-29,10:33:09.692720751,T,IBM,I,4,305.14
2025-12-29,10:33:09.692720751,T,IBM,I,9,305.14
2025-12-29,10:33:09.692771831,T,IBM,F I,16,305.15
2025-12-29,10:33:09.692792828,T,IBM,F I,24,305.15
2025-12-29,10:33:15.146543081,T,IBM,I,25,305.13
2025-12-29,10:33:15.402392226,T,IBM,I,11,305.13
2025-12-29,10:33:35.175462814,T,IBM,I,25,305.09
2025-12-29,10:33:55.126527388,T,IBM,I,25,305.09
2025-12-29,10:33:55.820092468,T,IBM,,40,305.125
2025-12-29,10:33:55.820131539,T,IBM,,60,305.125
2025-12-29,10:34:05.137624054,T,IBM,I,25,305.11
2025-12-29,10:34:14.057106766,T,IBM,I,5,305.18
2025-12-29,10:34:14.057109846,T,IBM,,120,305.18
2025-12-29,10:34:14.057109846,T,IBM,I,10,305.18
2025-12-29,10:34:14.057584978,T,IBM,F,40,305.19
2025-12-29,10:34:14.059467454,T,IBM,I,8,305.19
2025-12-29,10:34:14.060029691,T,IBM,F I,8,305.19
2025-12-29,10:34:14.060120003,T,IBM,I,8,305.19
2025-12-29,10:34:22.601064615,T,IBM,F I,1,305.25
2025-12-29,10:34:22.601422536,T,IBM,I,4,305.25
2025-12-29,10:34:44.188742511,T,IBM,,40,305.22
2025-12-29,10:34:48.363268566,T,IBM,I,4,305.21
2025-12-29,10:34:48.364732862,T,IBM,F I,27,305.2
2025-12-29,10:34:48.364736360,T,IBM,F I,1,305.21
2025-12-29,10:34:48.364736360,T,IBM,F,100,305.21
2025-12-29,10:34:48.364738900,T,IBM,F,420,305.21
2025-12-29,10:34:48.364754503,T,IBM,I,1,305.21
2025-12-29,10:34:48.365226225,T,IBM,F I,16,305.21
2025-12-29,10:34:48.365523787,T,IBM,F,40,305.21
2025-12-29,10:34:48.365926892,T,IBM,F I,23,305.21
2025-12-29,10:34:50.124685036,T,IBM,F I,1,305.27
2025-12-29,10:34:56.970406863,T,IBM,F I,2,305.29
2025-12-29,10:34:56.970406863,T,IBM,F I,8,305.29
2025-12-29,10:34:56.970410119,T,IBM,F I,11,305.29
2025-12-29,10:34:56.970424725,T,IBM,I,1,305.29
2025-12-29,10:34:56.970439776,T,IBM,F I,8,305.29
2025-12-29,10:34:57.513349201,T,IBM,I,2,305.28
2025-12-29,10:35:01.081944820,T,IBM,I,2,305.31
2025-12-29,10:35:01.081980885,T,IBM,F I,1,305.32
2025-12-29,10:35:01.081983841,T,IBM,F I,1,305.32
2025-12-29,10:35:07.280854097,T,IBM,I,10,305.35
2025-12-29,10:35:07.280872126,T,IBM,F I,1,305.36
2025-12-29,10:35:10.295058589,T,IBM,F I,1,305.39
2025-12-29,10:35:10.347798111,T,IBM,,40,305.4
2025-12-29,10:35:10.347801187,T,IBM,I,5,305.4
2025-12-29,10:35:10.347960525,T,IBM,F I,5,305.4
2025-12-29,10:35:10.347960525,T,IBM,F I,5,305.4
2025-12-29,10:35:10.347966594,T,IBM,F I,25,305.4
2025-12-29,10:35:10.348832627,T,IBM,I,5,305.37
2025-12-29,10:35:15.149578248,T,IBM,I,13,305.36
2025-12-29,10:35:15.149578248,T,IBM,I,12,305.34
2025-12-29,10:35:15.149599321,T,IBM,F I,28,305.34
2025-12-29,10:35:15.149617309,T,IBM,I,1,305.34
2025-12-29,10:35:19.485164580,T,IBM,I,12,305.4
2025-12-29,10:35:19.485185715,T,IBM,F I,10,305.41
2025-12-29,10:35:19.485218711,T,IBM,F I,6,305.42
2025-12-29,10:35:19.494068823,T,IBM,F I,25,305.46
2025-12-29,10:35:34.533471772,T,IBM,,40,305.45
2025-12-29,10:35:34.549006721,T,IBM,I,19,305.32
2025-12-29,10:35:35.319392685,T,IBM,I,20,305.2
2025-12-29,10:35:35.436151650,T,IBM,F,40,305.18
2025-12-29,10:35:35.436957569,T,IBM,,40,305.15
2025-12-29,10:35:35.573293786,T,IBM,I,9,305.06
2025-12-29,10:35:35.573296106,T,IBM,I,31,305.05
2025-12-29,10:35:53.808930272,T,IBM,I,2,305.19
2025-12-29,10:35:53.808930272,T,IBM,I,2,305.2
2025-12-29,10:35:55.206131429,T,IBM,I,2,305.21
2025-12-29,10:35:57.521601818,T,IBM,F I,10,305.23
2025-12-29,10:36:28.788698619,T,IBM,I,2,305.23
2025-12-29,10:36:36.394828797,T,IBM,F I,2,305.25
2025-12-29,10:36:36.394828797,T,IBM,F I,1,305.27
2025-12-29,10:36:36.395553666,T,IBM,I,1,305.18
2025-12-29,10:36:36.629739071,T,IBM,F I,2,305.22
2025-12-29,10:36:36.629739071,T,IBM,F I,7,305.23
2025-12-29,10:36:37.002109490,T,IBM,I,1,305.18
2025-12-29,10:36:41.292525382,T,IBM,I,1,305.17
2025-12-29,10:36:41.292552987,T,IBM,I,30,305.16
2025-12-29,10:36:41.391878895,T,IBM,,40,305.14
2025-12-29,10:36:42.002356445,T,IBM,,40,305.14
2025-12-29,10:36:42.002485492,T,IBM,,40,305.14
2025-12-29,10:36:54.653043514,T,IBM,F,40,305.07
2025-12-29,10:37:00.483175929,T,IBM,,100,305.055
2025-12-29,10:37:40.948449994,T,IBM,I,30,305.02
2025-12-29,10:37:55.931372549,T,IBM,,40,304.94
2025-12-29,10:38:03.042280836,T,IBM,I,15,304.86
2025-12-29,10:38:33.754009534,T,IBM,F I,10,304.86
2025-12-29,10:38:33.754009534,T,IBM,F I,1,304.86
2025-12-29,10:38:33.771550185,T,IBM,F I,2,304.89
2025-12-29,10:38:34.773875341,T,IBM,F I,30,304.92
2025-12-29,10:38:34.773878325,T,IBM,F I,10,304.92
2025-12-29,10:38:47.409325407,T,IBM,F,40,304.96
2025-12-29,10:38:47.410116301,T,IBM,F,40,305.0
2025-12-29,10:38:47.410119300,T,IBM,F I,30,305.0
2025-12-29,10:39:30.587261009,T,IBM,I,10,305.02
2025-12-29,10:39:30.594085123,T,IBM,F I,10,305.03
2025-12-29,10:39:30.594087181,T,IBM,F,40,305.03
2025-12-29,10:39:30.594090200,T,IBM,F I,1,305.03
2025-12-29,10:39:31.132091920,T,IBM,I,1,305.08
2025-12-29,10:39:58.445884375,T,IBM,F I,25,304.99
2025-12-29,10:39:58.445887410,T,IBM,F I,3,304.97
2025-12-29,10:39:58.445891167,T,IBM,F I,20,304.97
2025-12-29,10:39:58.445891167,T,IBM,F I,3,304.97
2025-12-29,10:39:58.445893689,T,IBM,F I,1,304.97
2025-12-29,10:39:58.445896433,T,IBM,F I,1,304.97
2025-12-29,10:39:58.463022225,T,IBM,I,10,304.96
2025-12-29,10:39:58.471201622,T,IBM,F,40,304.97
2025-12-29,10:39:58.471201622,T,IBM,F I,12,304.97
2025-12-29,10:40:13.399105097,T,IBM,F I,2,305.11
2025-12-29,10:40:42.109779582,T,IBM,I,2,305.06
2025-12-29,10:40:50.839489606,T,IBM,F I,6,305.11
2025-12-29,10:40:50.839489606,T,IBM,F I,10,305.11
2025-12-29,10:41:02.439108623,T,IBM,F I,1,305.13
2025-12-29,10:41:02.439231927,T,IBM,F I,1,305.14
2025-12-29,10:41:02.439463500,T,IBM,I,3,305.1
2025-12-29,10:41:17.640362814,T,IBM,F I,6,305.07
2025-12-29,10:41:17.640365885,T,IBM,F I,34,305.07
2025-12-29,10:41:42.346876457,T,IBM,F I,10,305.08
2025-12-29,10:41:42.346879382,T,IBM,F I,29,305.09
2025-12-29,10:41:42.346894374,T,IBM,I,1,305.09
2025-12-29,10:41:42.347234161,T,IBM,I,10,305.09
2025-12-29,10:41:42.347679227,T,IBM,I,20,305.05
2025-12-29,10:41:48.260216673,T,IBM,I,6,305.09
2025-12-29,10:41:48.260430083,T,IBM,F I,8,305.1
2025-12-29,10:41:48.260463183,T,IBM,F I,32,305.1
2025-12-29,10:41:53.801060161,T,IBM,I,3,305.09
2025-12-29,10:42:00.499644809,T,IBM,F I,3,305.13
2025-12-29,10:42:00.672072357,T,IBM,F I,5,305.13
2025-12-29,10:42:05.514626383,T,IBM,F I,2,305.11
2025-12-29,10:42:05.514629389,T,IBM,F I,4,305.13
2025-12-29,10:42:12.387367767,T,IBM,F I,2,305.14
2025-12-29,10:42:12.387367767,T,IBM,F I,4,305.14
2025-12-29,10:42:19.286349957,T,IBM,F I,4,305.15
2025-12-29,10:42:19.286352736,T,IBM,F I,1,305.15
2025-12-29,10:42:46.867074763,T,IBM,F I,1,305.1
2025-12-29,10:42:46.867766394,T,IBM,I,4,305.09
2025-12-29,10:42:47.002393903,T,IBM,I,7,305.03
2025-12-29,10:42:47.002685662,T,IBM,F I,6,305.0
2025-12-29,10:42:47.002685662,T,IBM,F I,1,305.0
2025-12-29,10:42:47.005031266,T,IBM,,40,305.055
2025-12-29,10:43:18.020726236,T,IBM,I,2,305.03
2025-12-29,10:43:18.020726236,T,IBM,I,18,305.03
2025-12-29,10:43:37.877721735,T,IBM,I,2,305.09
2025-12-29,10:43:37.877723605,T,IBM,I,8,305.1
2025-12-29,10:43:37.877750745,T,IBM,F I,10,305.11
2025-12-29,10:43:37.878021345,T,IBM,F I,1,305.12
2025-12-29,10:43:37.878024357,T,IBM,F,40,305.12
2025-12-29,10:43:47.620325884,T,IBM,I,1,305.12
2025-12-29,10:44:27.725128014,T,IBM,I,10,305.12
2025-12-29,10:44:27.725131118,T,IBM,I,1,305.12
2025-12-29,10:44:27.725131118,T,IBM,I,3,305.12
2025-12-29,10:44:45.106866628,T,IBM,F I,1,305.06
2025-12-29,10:44:45.106980876,T,IBM,I,1,305.05
2025-12-29,10:44:50.012769525,T,IBM,I,15,305.09
2025-12-29,10:44:50.012772508,T,IBM,I,25,305.09
2025-12-29,10:44:50.013133318,T,IBM,I,20,305.09
2025-12-29,10:44:52.116974760,T,IBM,I,9,305.09
2025-12-29,10:45:10.603835739,T,IBM,F I,12,305.08
2025-12-29,10:45:10.603838730,T,IBM,F I,11,305.08
2025-12-29,10:45:10.603863400,T,IBM,F I,3,305.1
2025-12-29,10:45:10.603863400,T,IBM,F,42,305.1
2025-12-29,10:45:10.603871844,T,IBM,F I,32,305.1
2025-12-29,10:45:10.603871844,T,IBM,F I,6,305.1
2025-12-29,10:45:10.603883836,T,IBM,F,40,305.1
2025-12-29,10:45:13.672797750,T,IBM,I,2,305.15
2025-12-29,10:45:24.612673363,T,IBM,I,1,305.17
2025-12-29,10:45:24.612685282,T,IBM,I,1,305.17
2025-12-29,10:45:24.612697416,T,IBM,F I,1,305.17
2025-12-29,10:45:24.612718423,T,IBM,F I,1,305.17
2025-12-29,10:45:24.612799634,T,IBM,I,1,305.18
2025-12-29,10:45:25.612733979,T,IBM,F I,2,305.2
2025-12-29,10:45:25.613338506,T,IBM,F I,7,305.21
2025-12-29,10:45:26.043909441,T,IBM,I,1,305.18
2025-12-29,10:45:26.043933571,T,IBM,I,20,305.18
2025-12-29,10:45:27.028588562,T,IBM,F,80,305.07
2025-12-29,10:45:27.523029439,T,IBM,I,19,305.04
2025-12-29,10:45:49.242179043,T,IBM,I,1,305.055
2025-12-29,10:45:56.065275032,T,IBM,I,2,305.09
2025-12-29,10:45:56.065278071,T,IBM,I,1,305.1
2025-12-29,10:45:56.065629886,T,IBM,I,9,305.1
2025-12-29,10:45:56.065702078,T,IBM,,40,305.1
2025-12-29,10:45:56.065702078,T,IBM,I,1,305.1
2025-12-29,10:45:56.065720615,T,IBM,I,1,305.1
2025-12-29,10:45:56.065723126,T,IBM,F,48,305.1
2025-12-29,10:46:03.907470369,T,IBM,F I,1,305.11
2025-12-29,10:46:03.907470369,T,IBM,F I,12,305.12
2025-12-29,10:46:03.907473091,T,IBM,F,40,305.12
2025-12-29,10:46:03.907476111,T,IBM,F I,4,305.12
2025-12-29,10:46:03.907476111,T,IBM,I,1,305.12
2025-12-29,10:46:08.690557694,T,IBM,I,3,305.145
2025-12-29,10:46:15.461918614,T,IBM,I,2,305.15
2025-12-29,10:46:29.317156257,T,IBM,I,3,305.14
2025-12-29,10:46:56.011515589,T,IBM,I,1,305.09
2025-12-29,10:47:14.847453594,T,IBM,I,2,305.12
2025-12-29,10:47:25.917914929,T,IBM,I,2,305.09
2025-12-29,10:47:25.917914929,T,IBM,I,1,305.09
2025-12-29,10:47:25.917917651,T,IBM,I,5,305.09
2025-12-29,10:47:25.917986800,T,IBM,I,31,305.08
2025-12-29,10:47:25.985416275,T,IBM,F,40,305.05
2025-12-29,10:47:25.985455383,T,IBM,,40,305.04
2025-12-29,10:47:26.085560705,T,IBM,F I,10,305.02
2025-12-29,10:47:27.585922392,T,IBM,I,4,305.0
2025-12-29,10:47:28.020658376,T,IBM,I,8,304.99
2025-12-29,10:47:36.373589329,T,IBM,I,2,305.06
2025-12-29,10:47:40.789869677,T,IBM,F I,11,305.1
2025-12-29,10:47:48.118535303,T,IBM,,40,305.06
2025-12-29,10:47:51.003398945,T,IBM,I,20,305.02
2025-12-29,10:48:09.032964083,T,IBM,,40,305.05
2025-12-29,10:48:09.306744817,T,IBM,I,3,305.05
2025-12-29,10:48:50.101106765,T,IBM,F I,2,305.04
2025-12-29,10:49:00.648043384,T,IBM,F I,2,305.03
2025-12-29,10:49:08.118961961,T,IBM,F I,5,305.1
2025-12-29,10:49:08.119004512,T,IBM,I,7,305.1
2025-12-29,10:49:08.119007076,T,IBM,I,8,305.1
2025-12-29,10:49:08.212376353,T,IBM,I,3,305.095
2025-12-29,10:49:08.480347300,T,IBM,F I,1,305.12
2025-12-29,10:49:12.664535059,T,IBM,F I,3,305.14
2025-12-29,10:49:12.734376412,T,IBM,F I,5,305.15
2025-12-29,10:49:12.734376412,T,IBM,F I,5,305.16
2025-12-29,10:49:13.816917459,T,IBM,,40,305.15
2025-12-29,10:49:22.098689968,T,IBM,I,30,305.11
2025-12-29,10:49:22.098693049,T,IBM,I,13,305.1
2025-12-29,10:49:22.098698979,T,IBM,F I,4,305.1
2025-12-29,10:49:22.098702098,T,IBM,F I,11,305.1
2025-12-29,10:49:22.098705066,T,IBM,F I,15,305.1
2025-12-29,10:49:22.098708101,T,IBM,F I,13,305.1
2025-12-29,10:49:22.098708101,T,IBM,F I,27,305.1
2025-12-29,10:49:22.098711048,T,IBM,F I,20,305.1
2025-12-29,10:49:22.098717034,T,IBM,F I,10,305.1
2025-12-29,10:49:22.098723021,T,IBM,I,1,305.1
2025-12-29,10:49:22.098951693,T,IBM,F I,1,305.1
2025-12-29,10:49:22.381955289,T,IBM,I,8,305.13
2025-12-29,10:49:22.381958331,T,IBM,I,17,305.13
2025-12-29,10:49:22.381982352,T,IBM,F I,9,305.13
2025-12-29,10:49:23.100176185,T,IBM,I,35,305.16
2025-12-29,10:49:23.101604489,T,IBM,F I,20,305.19
2025-12-29,10:49:36.382339523,T,IBM,I,2,305.155
2025-12-29,10:50:00.105313827,T,IBM,F I,1,305.08
2025-12-29,10:50:00.105316407,T,IBM,F I,2,305.08
2025-12-29,10:50:00.105578053,T,IBM,F I,10,305.08
2025-12-29,10:50:01.496587481,T,IBM,F I,1,305.07
2025-12-29,10:50:01.496605818,T,IBM,F,40,305.06
2025-12-29,10:50:01.496623593,T,IBM,I,1,305.06
2025-12-29,10:50:01.502719181,T,IBM,,40,305.075
2025-12-29,10:50:19.742132793,T,IBM,I,2,305.05
2025-12-29,10:50:20.297726860,T,IBM,I,1,304.99
2025-12-29,10:50:20.297732519,T,IBM,I,2,304.99
2025-12-29,10:50:20.297747539,T,IBM,F I,2,304.99
2025-12-29,10:50:20.298448147,T,IBM,I,19,304.98
2025-12-29,10:50:20.298448147,T,IBM,I,2,304.98
2025-12-29,10:50:20.942677782,T,IBM,I,18,304.95
2025-12-29,10:50:23.882665793,T,IBM,F I,1,304.94
2025-12-29,10:50:23.882680791,T,IBM,F I,17,304.94
2025-12-29,10:50:32.021959389,T,IBM,,40,304.96
2025-12-29,10:50:32.021959389,T,IBM,I,18,304.96
2025-12-29,10:50:32.021962059,T,IBM,I,22,304.97
2025-12-29,10:50:32.021980119,T,IBM,I,1,304.97
2025-12-29,10:50:32.022316997,T,IBM,I,17,304.97
2025-12-29,10:50:34.782840653,T,IBM,I,2,304.95
2025-12-29,10:50:52.208014907,T,IBM,I,2,304.925
2025-12-29,10:50:52.436991987,T,IBM,F I,2,304.9
2025-12-29,10:50:52.533146090,T,IBM,F,40,304.87
2025-12-29,10:50:52.533296253,T,IBM,F,40,304.86
2025-12-29,10:51:53.173689077,T,IBM,I,2,304.77
2025-12-29,10:52:01.875363266,T,IBM,I,1,304.82
2025-12-29,10:52:02.248843292,T,IBM,F I,1,304.75
2025-12-29,10:52:19.974961910,T,IBM,,83,304.72
2025-12-29,10:52:19.975527275,T,IBM,F,83,304.71
2025-12-29,10:52:19.975743872,T,IBM,,40,304.7
2025-12-29,10:52:20.017134372,T,IBM,I,4,304.66
2025-12-29,10:52:45.043178689,T,IBM,I,2,304.72
2025-12-29,10:52:45.043178689,T,IBM,I,17,304.73
2025-12-29,10:52:45.043196771,T,IBM,F I,33,304.73
2025-12-29,10:52:45.043440328,T,IBM,F I,1,304.74
2025-12-29,10:52:45.043440328,T,IBM,F I,3,304.74
2025-12-29,10:52:45.043873380,T,IBM,F,50,304.73
2025-12-29,10:52:46.928568131,T,IBM,,50,304.74
2025-12-29,10:52:46.928953055,T,IBM,F I,1,304.75
2025-12-29,10:52:46.929374391,T,IBM,F I,12,304.74
2025-12-29,10:52:46.929376966,T,IBM,I,38,304.74
2025-12-29,10:52:46.929819096,T,IBM,I,2,304.75
2025-12-29,10:52:46.929819096,T,IBM,I,1,304.75
2025-12-29,10:52:46.936849820,T,IBM,F,40,304.75
2025-12-29,10:52:48.407097934,T,IBM,F I,2,304.77
2025-12-29,10:52:48.700719889,T,IBM,F I,3,304.79
2025-12-29,10:52:48.701074699,T,IBM,I,17,304.79
2025-12-29,10:52:48.701152878,T,IBM,F I,3,304.8
2025-12-29,10:52:48.767749426,T,IBM,F I,3,304.8
2025-12-29,10:52:50.165786774,T,IBM,F I,4,304.77
2025-12-29,10:52:50.165786774,T,IBM,F I,4,304.77
2025-12-29,10:52:50.165844266,T,IBM,I,1,304.76
2025-12-29,10:52:50.165846823,T,IBM,I,3,304.76
2025-12-29,10:52:50.168670465,T,IBM,I,2,304.785
2025-12-29,10:52:59.226238986,T,IBM,I,15,304.75
2025-12-29,10:52:59.226242527,T,IBM,I,1,304.75
2025-12-29,10:52:59.226245112,T,IBM,I,8,304.74
2025-12-29,10:52:59.226248022,T,IBM,I,4,304.74
2025-12-29,10:52:59.226254361,T,IBM,,69,304.74
2025-12-29,10:52:59.226266621,T,IBM,F I,11,304.74
2025-12-29,10:52:59.226266621,T,IBM,F I,4,304.74
2025-12-29,10:52:59.226269035,T,IBM,F I,1,304.74
2025-12-29,10:53:18.942588731,T,IBM,F I,2,304.82
2025-12-29,10:53:18.942649758,T,IBM,F,40,304.83
2025-12-29,10:53:18.942651895,T,IBM,F I,1,304.83
2025-12-29,10:53:18.943674299,T,IBM,F I,1,304.84
2025-12-29,10:53:19.995419097,T,IBM,I,2,304.85
2025-12-29,10:53:23.004183804,T,IBM,F I,20,304.86
2025-12-29,10:53:23.004541659,T,IBM,F I,20,304.87
2025-12-29,10:53:23.004562717,T,IBM,I,1,304.87
2025-12-29,10:53:33.506451524,T,IBM,I,20,304.81
2025-12-29,10:53:35.382133650,T,IBM,F I,20,304.78
2025-12-29,10:53:35.382139744,T,IBM,F,45,304.78
2025-12-29,10:53:35.382143351,T,IBM,F I,5,304.78
2025-12-29,10:53:35.382145985,T,IBM,F I,4,304.78
2025-12-29,10:53:35.382148953,T,IBM,F,83,304.78
2025-12-29,10:53:35.382205919,T,IBM,F I,2,304.77
2025-12-29,10:53:35.382233001,T,IBM,F I,38,304.77
2025-12-29,10:53:35.382248429,T,IBM,I,14,304.77
2025-12-29,10:53:35.382254033,T,IBM,,46,304.77
2025-12-29,10:53:35.382269092,T,IBM,I,20,304.77
2025-12-29,10:53:35.382311125,T,IBM,,42,304.77
2025-12-29,10:53:35.382326149,T,IBM,,42,304.77
2025-12-29,10:53:35.382335190,T,IBM,I,15,304.77
2025-12-29,10:53:35.382335190,T,IBM,,40,304.78
2025-12-29,10:53:47.251924961,T,IBM,,40,304.785
2025-12-29,10:53:50.000792701,T,IBM,I,18,304.82
2025-12-29,10:54:16.560383116,T,IBM,I,6,304.83
2025-12-29,10:54:20.154611423,T,IBM,I,25,304.82
2025-12-29,10:54:25.895211475,T,IBM,F I,1,304.81
2025-12-29,10:54:35.111663459,T,IBM,,60,304.83
2025-12-29,10:54:35.111670102,T,IBM,I,3,304.81
2025-12-29,10:54:35.111673034,T,IBM,I,37,304.81
2025-12-29,10:54:35.111684631,T,IBM,F I,3,304.81
2025-12-29,10:54:35.111688047,T,IBM,F I,4,304.81
2025-12-29,10:54:35.111688047,T,IBM,F,56,304.81
2025-12-29,10:54:35.111693309,T,IBM,F,40,304.81
2025-12-29,10:54:35.111696374,T,IBM,F,40,304.81
2025-12-29,10:54:37.483848721,T,IBM,I,1,304.87
2025-12-29,10:54:37.483851482,T,IBM,I,1,304.87
2025-12-29,10:54:37.483854618,T,IBM,I,1,304.87
2025-12-29,10:54:37.483860519,T,IBM,I,1,304.87
2025-12-29,10:54:37.483863488,T,IBM,I,1,304.87
2025-12-29,10:54:37.484907046,T,IBM,F I,1,304.89
2025-12-29,10:54:37.487619440,T,IBM,,40,304.865
2025-12-29,10:54:37.491438604,T,IBM,I,25,304.89
2025-12-29,10:54:37.491480639,T,IBM,I,1,304.9
2025-12-29,10:54:43.048493787,T,IBM,I,3,304.84
2025-12-29,10:54:43.048493787,T,IBM,I,4,304.84
2025-12-29,10:54:43.048593112,T,IBM,I,3,304.84
2025-12-29,10:55:24.476421474,T,IBM,F I,30,304.89
2025-12-29,10:55:24.476421474,T,IBM,F I,12,304.9
2025-12-29,10:55:24.476442700,T,IBM,F I,27,304.9
2025-12-29,10:55:24.476442700,T,IBM,F I,2,304.9
2025-12-29,10:55:24.476445580,T,IBM,F I,7,304.9
2025-12-29,10:55:24.476451606,T,IBM,F I,4,304.9
2025-12-29,10:55:24.476466591,T,IBM,I,1,304.9
2025-12-29,10:55:24.476466591,T,IBM,I,11,304.9
2025-12-29,10:55:24.476782370,T,IBM,I,9,304.9
2025-12-29,10:55:24.477449907,T,IBM,F I,1,304.91
2025-12-29,10:55:24.477449907,T,IBM,F I,10,304.91
2025-12-29,10:55:24.477453014,T,IBM,F,80,304.91
2025-12-29,10:55:24.477588296,T,IBM,F I,3,304.92
2025-12-29,10:55:42.546526221,T,IBM,,40,304.92
2025-12-29,10:55:45.820844080,T,IBM,I,2,304.97
2025-12-29,10:55:45.820919191,T,IBM,I,20,304.99
2025-12-29,10:55:45.820919191,T,IBM,,80,304.99
2025-12-29,10:55:45.821797327,T,IBM,I,20,305.0
2025-12-29,10:55:45.821800291,T,IBM,I,20,305.0
2025-12-29,10:55:45.822476863,T,IBM,I,1,305.01
2025-12-29,10:55:45.822476863,T,IBM,,40,305.01
2025-12-29,10:55:47.087706172,T,IBM,I,20,305.03
2025-12-29,10:55:47.087706172,T,IBM,I,20,305.03
2025-12-29,10:55:47.087721017,T,IBM,I,1,305.03
2025-12-29,10:55:47.087738968,T,IBM,I,19,305.03
2025-12-29,10:55:47.479794359,T,IBM,,50,304.99
2025-12-29,10:55:47.479798385,T,IBM,I,7,304.99
2025-12-29,10:55:47.479800676,T,IBM,I,10,304.99
2025-12-29,10:55:47.479812429,T,IBM,,40,304.99
2025-12-29,10:55:47.479818385,T,IBM,,40,304.99
2025-12-29,10:55:47.479821512,T,IBM,F,40,304.99
2025-12-29,10:55:47.479824758,T,IBM,F,74,304.99
2025-12-29,10:55:47.479824758,T,IBM,I,1,304.99
2025-12-29,10:55:47.479824758,T,IBM,F I,5,304.99
2025-12-29,10:56:03.388037270,T,IBM,F I,1,305.09
2025-12-29,10:56:03.710699366,T,IBM,I,20,305.1
2025-12-29,10:56:03.710702784,T,IBM,,40,305.09
2025-12-29,10:56:03.710702784,T,IBM,I,2,305.08
2025-12-29,10:56:03.710706061,T,IBM,I,1,305.08
2025-12-29,10:56:03.710708436,T,IBM,,40,305.08
2025-12-29,10:56:03.710711351,T,IBM,I,19,305.08
2025-12-29,10:56:03.710720432,T,IBM,I,1,305.08
2025-12-29,10:56:03.710837666,T,IBM,I,2,305.09
2025-12-29,10:56:03.721612319,T,IBM,I,1,305.11
2025-12-29,10:56:04.430366656,T,IBM,I,14,305.15
2025-12-29,10:56:04.430390681,T,IBM,F I,26,305.15
2025-12-29,10:56:04.430390681,T,IBM,F I,26,305.15
2025-12-29,10:56:04.430411673,T,IBM,F I,14,305.15
2025-12-29,10:56:04.430414726,T,IBM,F,40,305.15
2025-12-29,10:56:04.430447751,T,IBM,I,5,305.15
2025-12-29,10:56:04.430634243,T,IBM,I,7,305.15
2025-12-29,10:56:05.149715082,T,IBM,,40,305.165
2025-12-29,10:56:05.149715082,T,IBM,I,35,305.15
2025-12-29,10:56:05.149736376,T,IBM,I,33,305.15
2025-12-29,10:56:05.149736376,T,IBM,,40,305.15
2025-12-29,10:56:07.584693004,T,IBM,F I,10,305.14
2025-12-29,10:56:07.584693004,T,IBM,F,40,305.14
2025-12-29,10:56:07.584695829,T,IBM,F I,30,305.14
2025-12-29,10:56:07.584713823,T,IBM,I,10,305.14
2025-12-29,10:56:07.585116811,T,IBM,I,4,305.16
2025-12-29,10:56:07.585273140,T,IBM,I,27,305.15
2025-12-29,10:56:07.585279135,T,IBM,I,4,305.14
2025-12-29,10:56:07.585282911,T,IBM,I,5,305.14
2025-12-29,10:56:07.585282911,T,IBM,I,11,305.14
2025-12-29,10:56:07.585285229,T,IBM,,233,305.14
2025-12-29,10:56:08.593786957,T,IBM,I,20,305.16
2025-12-29,10:56:10.143845041,T,IBM,F I,27,305.14
2025-12-29,10:56:10.143845041,T,IBM,F I,30,305.14
2025-12-29,10:56:10.143848039,T,IBM,F I,5,305.14
2025-12-29,10:56:10.143956307,T,IBM,F,40,305.13
2025-12-29,10:56:10.143956307,T,IBM,F,40,305.13
2025-12-29,10:56:10.143977403,T,IBM,F,59,305.13
2025-12-29,10:56:13.654669853,T,IBM,F I,21,305.115
2025-12-29,10:56:24.773648355,T,IBM,F I,4,305.17
2025-12-29,10:56:24.809012535,T,IBM,F I,5,305.115
2025-12-29,10:56:25.783025231,T,IBM,F,100,305.115
2025-12-29,10:56:50.482480563,T,IBM,F I,1,305.04
2025-12-29,10:57:01.552977908,T,IBM,,40,305.02
2025-12-29,10:57:01.552981220,T,IBM,,62,305.02
2025-12-29,10:57:01.552983794,T,IBM,I,1,305.02
2025-12-29,10:57:01.552989799,T,IBM,,51,305.02
2025-12-29,10:57:01.553019989,T,IBM,I,2,305.02
2025-12-29,10:57:01.553579153,T,IBM,F I,20,305.01
2025-12-29,10:57:01.553582600,T,IBM,F,80,305.0
2025-12-29,10:57:01.940423181,T,IBM,I,17,304.94
2025-12-29,10:57:07.636132307,T,IBM,I,2,304.92
2025-12-29,10:57:22.420359319,T,IBM,,100,304.945
2025-12-29,10:58:00.856729695,T,IBM,F I,12,305.0
2025-12-29,10:58:05.686232601,T,IBM,,40,305.1
2025-12-29,10:58:19.713957466,T,IBM,I,3,305.015
2025-12-29,10:58:29.303753849,T,IBM,F I,1,305.11
2025-12-29,10:58:29.303757344,T,IBM,F I,3,305.11
2025-12-29,10:58:29.303759825,T,IBM,F I,33,305.11
2025-12-29,10:58:29.303763106,T,IBM,F,40,305.11
2025-12-29,10:58:29.304093637,T,IBM,F I,8,305.12
2025-12-29,10:58:33.758020593,T,IBM,I,10,305.13
2025-12-29,10:58:37.202648938,T,IBM,,51,305.12
2025-12-29,10:58:37.202670595,T,IBM,F I,15,305.12
2025-12-29,10:58:37.202670595,T,IBM,I,1,305.12
2025-12-29,10:58:37.202673053,T,IBM,I,14,305.12
2025-12-29,10:58:51.301162490,T,IBM,F I,3,305.08
2025-12-29,10:58:51.301180516,T,IBM,F I,7,305.08
2025-12-29,10:58:51.301201546,T,IBM,F I,30,305.08
2025-12-29,10:59:35.279852867,T,IBM,I,1,305.03
2025-12-29,10:59:35.279852867,T,IBM,,51,305.03
2025-12-29,10:59:35.279852867,T,IBM,I,1,305.03
2025-12-29,10:59:35.280538070,T,IBM,I,4,305.02
2025-12-29,10:59:35.280541021,T,IBM,F I,4,305.02
2025-12-29,10:59:35.280559043,T,IBM,I,4,305.02
2025-12-29,10:59:35.281933326,T,IBM,I,1,305.01
2025-12-29,10:59:35.282727189,T,IBM,I,1,304.985
2025-12-29,10:59:35.382994923,T,IBM,,60,304.985
2025-12-29,10:59:35.447351387,T,IBM,I,11,304.985
2025-12-29,10:59:35.447354133,T,IBM,I,29,304.985
2025-12-29,10:59:35.647288081,T,IBM,I,16,304.985
2025-12-29,10:59:38.552967342,T,IBM,F I,10,305.04
2025-12-29,10:59:38.604795772,T,IBM,I,2,305.06
2025-12-29,10:59:43.026455828,T,IBM,I,5,305.12
2025-12-29,10:59:50.060419787,T,IBM,F I,4,305.16
2025-12-29,10:59:50.060774595,T,IBM,I,6,305.16
2025-12-29,10:59:50.060774595,T,IBM,I,1,305.16
2025-12-29,11:00:36.343266644,T,IBM,F I,2,305.14
2025-12-29,11:00:36.343266644,T,IBM,F I,1,305.11
2025-12-29,11:01:00.237951765,T,IBM,F I,6,305.18
2025-12-29,11:01:03.071080282,T,IBM,F I,5,305.21
2025-12-29,11:01:25.593956784,T,IBM,F I,15,305.21
2025-12-29,11:01:30.121601176,T,IBM,I,20,305.195
2025-12-29,11:01:30.121601176,T,IBM,I,5,305.18
2025-12-29,11:01:30.121622620,T,IBM,F I,3,305.18
2025-12-29,11:01:30.121622620,T,IBM,F I,6,305.18
2025-12-29,11:01:30.121625171,T,IBM,F I,8,305.18
2025-12-29,11:01:30.121628220,T,IBM,F I,4,305.18
2025-12-29,11:01:34.720325742,T,IBM,I,5,305.21
2025-12-29,11:01:34.720328764,T,IBM,I,3,305.21
2025-12-29,11:01:46.203805157,T,IBM,I,30,305.23
2025-12-29,11:01:47.383156253,T,IBM,F,40,305.25
2025-12-29,11:01:47.383160386,T,IBM,F I,1,305.25
2025-12-29,11:01:47.383160386,T,IBM,F I,1,305.25
2025-12-29,11:01:47.383160386,T,IBM,F I,12,305.25
2025-12-29,11:01:47.383164783,T,IBM,F I,1,305.25
2025-12-29,11:01:47.383164783,T,IBM,F I,39,305.25
2025-12-29,11:01:47.566072129,T,IBM,F I,1,305.26
2025-12-29,11:01:47.566102260,T,IBM,I,20,305.27
2025-12-29,11:01:48.517877033,T,IBM,I,13,305.25
2025-12-29,11:01:48.937541064,T,IBM,I,13,305.27
2025-12-29,11:01:50.150502587,T,IBM,I,25,305.25
2025-12-29,11:01:51.415671384,T,IBM,F I,20,305.29
2025-12-29,11:01:51.416230718,T,IBM,F I,20,305.3
2025-12-29,11:01:51.416245789,T,IBM,F I,10,305.31
2025-12-29,11:01:51.959876949,T,IBM,I,8,305.32
2025-12-29,11:02:10.124631400,T,IBM,,40,305.345
2025-12-29,11:02:10.124631400,T,IBM,I,35,305.34
2025-12-29,11:02:25.152657949,T,IBM,,50,305.31
2025-12-29,11:02:25.152660838,T,IBM,,40,305.31
2025-12-29,11:02:25.152666857,T,IBM,I,1,305.31
2025-12-29,11:02:25.152672868,T,IBM,I,9,305.31
2025-12-29,11:02:25.152694560,T,IBM,F I,31,305.31
2025-12-29,11:02:25.152700249,T,IBM,F I,8,305.31
2025-12-29,11:02:25.152707008,T,IBM,F I,20,305.31
2025-12-29,11:02:25.152707008,T,IBM,F I,30,305.31
2025-12-29,11:02:25.152709013,T,IBM,F I,10,305.31
2025-12-29,11:02:25.178991532,T,IBM,F,40,305.28
2025-12-29,11:02:25.188897102,T,IBM,I,20,305.23
2025-12-29,11:02:25.188900127,T,IBM,I,30,305.23
2025-12-29,11:02:25.188900127,T,IBM,,40,305.22
2025-12-29,11:02:25.188930237,T,IBM,I,10,305.22
2025-12-29,11:02:29.656483475,T,IBM,I,10,305.27
2025-12-29,11:02:29.656485652,T,IBM,I,20,305.28
2025-12-29,11:02:29.986265750,T,IBM,I,30,305.3
2025-12-29,11:02:46.864269093,T,IBM,I,30,305.23
2025-12-29,11:03:00.155637243,T,IBM,I,25,305.2
2025-12-29,11:03:00.155655794,T,IBM,F I,2,305.2
2025-12-29,11:03:00.155659104,T,IBM,F,40,305.2
2025-12-29,11:03:00.155661361,T,IBM,F I,1,305.2
2025-12-29,11:03:00.155661361,T,IBM,F I,20,305.2
2025-12-29,11:03:05.126828702,T,IBM,I,19,305.21
2025-12-29,11:03:05.126831590,T,IBM,I,6,305.2
2025-12-29,11:03:06.613456554,T,IBM,I,2,305.245
2025-12-29,11:03:08.247300391,T,IBM,I,2,305.25
2025-12-29,11:03:37.959319164,T,IBM,,40,305.27
2025-12-29,11:03:40.164456670,T,IBM,I,30,305.29
2025-12-29,11:03:40.218044295,T,IBM,F I,2,305.32
2025-12-29,11:03:40.219574863,T,IBM,F I,9,305.32
2025-12-29,11:03:40.274915661,T,IBM,F I,4,305.33
2025-12-29,11:03:40.274915661,T,IBM,F I,7,305.34
2025-12-29,11:03:40.274924682,T,IBM,F I,27,305.34
2025-12-29,11:03:44.733864736,T,IBM,,40,305.3
2025-12-29,11:03:44.733864736,T,IBM,F,40,305.3
2025-12-29,11:03:44.734781839,T,IBM,F,50,305.29
2025-12-29,11:03:59.205259947,T,IBM,I,1,305.32
2025-12-29,11:04:41.047293824,T,IBM,,40,305.315
2025-12-29,11:04:49.464953750,T,IBM,,50,305.26
2025-12-29,11:04:49.464959819,T,IBM,I,5,305.26
2025-12-29,11:05:07.165171699,T,IBM,,40,305.18
2025-12-29,11:05:07.532252582,T,IBM,,40,305.18
2025-12-29,11:05:07.532995317,T,IBM,I,30,305.18
2025-12-29,11:05:07.533034422,T,IBM,I,10,305.18
2025-12-29,11:05:07.533464390,T,IBM,F,80,305.17
2025-12-29,11:05:15.140132711,T,IBM,,51,305.23
2025-12-29,11:05:15.140132711,T,IBM,I,12,305.23
2025-12-29,11:05:15.140135963,T,IBM,I,9,305.23
2025-12-29,11:05:15.140135963,T,IBM,I,8,305.24
