DATE,TIME_M,EX,SYM_ROOT,TR_SCOND,SIZE,PRICE
2025-10-14,9:30:00.805596814,T,IBM,FTI,4,275.54
2025-10-14,9:30:00.806790619,T,IBM,FTI,1,275.6
2025-10-14,9:30:00.819985979,T,IBM,FTI,1,275.73
2025-10-14,9:30:01.036065921,T,IBM,F I,2,275.83
2025-10-14,9:30:01.036080435,T,IBM,F,100,275.83
2025-10-14,9:30:01.036167619,T,IBM,Q,2,275.83
2025-10-14,9:30:01.294067589,T,IBM,I,6,275.87
2025-10-14,9:30:01.294094678,T,IBM,F I,5,275.87
2025-10-14,9:30:01.294392348,T,IBM,F I,5,275.87
2025-10-14,9:30:01.317610834,T,IBM,F I,5,275.88
2025-10-14,9:30:01.317610834,T,IBM,F I,1,275.93
2025-10-14,9:30:01.317613682,T,IBM,F I,5,276.0
2025-10-14,9:30:01.362186370,T,IBM,F,100,275.94
2025-10-14,9:30:01.362186370,T,IBM,F,100,275.96
2025-10-14,9:30:01.362188751,T,IBM,F I,63,276.0
2025-10-14,9:30:01.362209809,T,IBM,F I,65,276.0
2025-10-14,9:30:01.362224921,T,IBM,I,1,276.0
2025-10-14,9:30:01.362264028,T,IBM,F I,32,276.0
2025-10-14,9:30:01.362267108,T,IBM,F,100,276.0
2025-10-14,9:30:01.362267108,T,IBM,F I,2,276.0
2025-10-14,9:30:01.362348132,T,IBM,F I,74,276.0
2025-10-14,9:30:01.362366383,T,IBM,I,1,276.0
2025-10-14,9:30:01.362597802,T,IBM,F I,25,276.0
2025-10-14,9:30:01.375606770,T,IBM,I,6,275.97
2025-10-14,9:30:01.524055169,T,IBM,F I,1,275.57
2025-10-14,9:30:01.524127362,T,IBM,F I,1,275.57
2025-10-14,9:30:01.826253653,T,IBM,F I,1,275.54
2025-10-14,9:30:01.826313734,T,IBM,F I,2,275.5
2025-10-14,9:30:03.133979814,T,IBM,I,5,275.485
2025-10-14,9:30:03.242787900,T,IBM,I,5,275.69
2025-10-14,9:30:03.242787900,T,IBM,I,5,275.84
2025-10-14,9:30:03.729842526,T,IBM,I,1,275.93
2025-10-14,9:30:03.855100222,T,IBM,I,5,275.72
2025-10-14,9:30:03.855100222,T,IBM,I,5,275.67
2025-10-14,9:30:03.855102797,T,IBM,I,5,275.66
2025-10-14,9:30:03.855126754,T,IBM,I,85,275.62
2025-10-14,9:30:05.147669809,T,IBM,,100,275.57
2025-10-14,9:30:06.290020469,T,IBM,I,5,275.66
2025-10-14,9:30:06.290020469,T,IBM,I,5,275.54
2025-10-14,9:30:06.290023401,T,IBM,I,5,275.51
2025-10-14,9:30:06.290023401,T,IBM,I,5,275.49
2025-10-14,9:30:09.464377466,T,IBM,I,1,275.66
2025-10-14,9:30:09.499816840,T,IBM,I,1,275.485
2025-10-14,9:30:10.144380379,T,IBM,I,5,275.66
2025-10-14,9:30:10.144380379,T,IBM,I,1,275.72
2025-10-14,9:30:10.599137941,T,IBM,I,12,275.485
2025-10-14,9:30:10.599168292,T,IBM,F I,88,275.485
2025-10-14,9:30:15.824528054,T,IBM,,100,275.485
2025-10-14,9:30:30.069470675,T,IBM,I,1,275.62
2025-10-14,9:30:30.069687152,T,IBM,I,5,275.52
2025-10-14,9:30:30.069687152,T,IBM,I,95,275.51
2025-10-14,9:30:31.266431315,T,IBM,I,2,275.62
2025-10-14,9:30:31.394470211,T,IBM,I,94,275.59
2025-10-14,9:30:31.394473150,T,IBM,I,1,275.62
2025-10-14,9:30:36.062762855,T,IBM,F,100,275.45
2025-10-14,9:30:36.495033056,T,IBM,F I,5,275.57
2025-10-14,9:30:36.495033056,T,IBM,F I,5,275.62
2025-10-14,9:30:36.495038946,T,IBM,F I,5,275.67
2025-10-14,9:30:36.495038946,T,IBM,F I,6,275.75
2025-10-14,9:30:37.928665988,T,IBM,I,5,275.44
2025-10-14,9:30:50.315419217,T,IBM,I,11,275.45
2025-10-14,9:30:50.315446320,T,IBM,F I,89,275.45
2025-10-14,9:30:51.538999214,T,IBM,F,100,275.45
2025-10-14,9:31:05.324652824,T,IBM,I,53,275.4
2025-10-14,9:31:27.166951775,T,IBM,F I,10,275.415
2025-10-14,9:31:46.509158686,T,IBM,,100,275.455
2025-10-14,9:31:52.582742024,T,IBM,F,100,275.46
2025-10-14,9:31:53.875146798,T,IBM,,100,275.46
2025-10-14,9:31:55.566321994,T,IBM,F,100,275.46
2025-10-14,9:32:01.846445994,T,IBM,I,1,275.37
2025-10-14,9:32:07.748242381,T,IBM,F I,32,275.23
2025-10-14,9:32:07.748248423,T,IBM,F I,18,275.23
2025-10-14,9:32:07.748267046,T,IBM,F I,82,275.23
2025-10-14,9:32:07.748267046,T,IBM,F I,18,275.22
2025-10-14,9:32:07.748269396,T,IBM,F I,82,275.22
2025-10-14,9:32:07.748314677,T,IBM,F I,1,275.2
2025-10-14,9:32:07.748336142,T,IBM,I,22,275.22
2025-10-14,9:32:07.748347938,T,IBM,I,33,275.21
2025-10-14,9:32:07.748356643,T,IBM,I,1,275.21
2025-10-14,9:32:07.749286411,T,IBM,I,45,275.1
2025-10-14,9:32:07.749288812,T,IBM,I,55,275.105
2025-10-14,9:32:07.749312927,T,IBM,F I,15,275.01
2025-10-14,9:32:07.749367091,T,IBM,I,30,275.0
2025-10-14,9:32:07.749370015,T,IBM,I,15,275.0
2025-10-14,9:32:07.749382768,T,IBM,I,45,275.1
2025-10-14,9:32:07.749382768,T,IBM,I,17,275.105
2025-10-14,9:32:07.749466213,T,IBM,F I,15,275.01
2025-10-14,9:32:07.749568576,T,IBM,I,15,275.01
2025-10-14,9:32:07.749640670,T,IBM,F I,15,275.01
2025-10-14,9:32:07.760767209,T,IBM,,100,274.87
2025-10-14,9:32:07.761717495,T,IBM,,100,274.87
2025-10-14,9:32:07.771099810,T,IBM,,100,274.87
2025-10-14,9:32:07.772146243,T,IBM,,100,274.87
2025-10-14,9:32:07.773117544,T,IBM,,100,274.87
2025-10-14,9:32:07.777126096,T,IBM,,100,274.87
2025-10-14,9:32:07.777799683,T,IBM,,100,275.0
2025-10-14,9:32:07.784607878,T,IBM,,100,274.87
2025-10-14,9:32:08.271187295,T,IBM,,100,275.15
2025-10-14,9:32:10.230180131,T,IBM,,100,275.15
2025-10-14,9:32:11.861966814,T,IBM,F,100,275.15
2025-10-14,9:32:13.276675863,T,IBM,,100,275.15
2025-10-14,9:32:15.705026085,T,IBM,F,100,275.15
2025-10-14,9:32:15.718095217,T,IBM,,100,275.15
2025-10-14,9:32:15.718386951,T,IBM,,150,275.15
2025-10-14,9:32:19.456201533,T,IBM,F I,16,275.135
2025-10-14,9:32:19.456231506,T,IBM,F I,84,275.135
2025-10-14,9:32:19.456754821,T,IBM,I,16,275.29
2025-10-14,9:32:19.456808954,T,IBM,I,84,275.29
2025-10-14,9:32:19.456812272,T,IBM,I,5,275.3
2025-10-14,9:32:19.456812272,T,IBM,I,9,275.3
2025-10-14,9:32:19.456814966,T,IBM,I,2,275.3
2025-10-14,9:32:19.457058638,T,IBM,I,43,275.3
2025-10-14,9:32:19.457401394,T,IBM,,100,275.21
2025-10-14,9:32:19.458511024,T,IBM,I,57,275.29
2025-10-14,9:32:19.458934933,T,IBM,,100,275.16
2025-10-14,9:32:19.459704814,T,IBM,,100,275.15
2025-10-14,9:32:19.460441935,T,IBM,I,5,275.07
2025-10-14,9:32:19.460441935,T,IBM,I,45,275.06
2025-10-14,9:32:19.460444610,T,IBM,I,50,275.06
2025-10-14,9:32:21.039756534,T,IBM,I,10,275.055
2025-10-14,9:32:24.341466973,T,IBM,,100,275.07
2025-10-14,9:32:24.342342081,T,IBM,I,5,275.07
2025-10-14,9:32:24.342384156,T,IBM,I,95,275.06
2025-10-14,9:32:25.079132116,T,IBM,F I,5,275.37
2025-10-14,9:32:25.079132116,T,IBM,F I,95,275.38
2025-10-14,9:32:25.079180184,T,IBM,,100,275.4
2025-10-14,9:32:25.079193370,T,IBM,,100,275.4
2025-10-14,9:32:25.079198182,T,IBM,F I,20,275.4
2025-10-14,9:32:25.079198182,T,IBM,F I,91,275.41
2025-10-14,9:32:25.079207190,T,IBM,F I,9,275.41
2025-10-14,9:32:25.079577209,T,IBM,F,100,275.4
2025-10-14,9:32:35.917477733,T,IBM,F I,5,275.46
2025-10-14,9:32:35.917492894,T,IBM,F,100,275.46
2025-10-14,9:32:35.917625110,T,IBM,,200,275.57
2025-10-14,9:32:35.917940912,T,IBM,I,20,275.57
2025-10-14,9:32:35.917940912,T,IBM,I,80,275.57
2025-10-14,9:32:35.917947663,T,IBM,F I,20,275.57
2025-10-14,9:32:35.917947663,T,IBM,F I,92,275.58
2025-10-14,9:32:35.917949868,T,IBM,I,8,275.58
2025-10-14,9:32:35.918067172,T,IBM,F I,5,275.6
2025-10-14,9:32:35.918328751,T,IBM,F,100,275.58
2025-10-14,9:32:43.186779647,T,IBM,,100,275.64
2025-10-14,9:32:43.186783297,T,IBM,I,1,275.68
2025-10-14,9:32:43.187308959,T,IBM,,100,275.69
2025-10-14,9:32:43.187311988,T,IBM,I,1,275.69
2025-10-14,9:32:43.187363035,T,IBM,F I,14,275.7
2025-10-14,9:32:43.187717882,T,IBM,F I,2,275.74
2025-10-14,9:32:43.187889460,T,IBM,F I,2,275.8
2025-10-14,9:32:43.187892467,T,IBM,F I,15,275.8
2025-10-14,9:32:43.187895341,T,IBM,F I,17,275.8
2025-10-14,9:32:43.187934385,T,IBM,F I,2,275.8
2025-10-14,9:32:43.187985622,T,IBM,F I,2,275.81
2025-10-14,9:32:43.188490988,T,IBM,F I,1,275.85
2025-10-14,9:32:43.188529854,T,IBM,,199,275.85
2025-10-14,9:32:43.188532875,T,IBM,I,34,275.85
2025-10-14,9:32:43.188532875,T,IBM,I,48,275.85
2025-10-14,9:32:44.377238759,T,IBM,I,90,275.83
2025-10-14,9:32:44.377292890,T,IBM,F,127,275.84
2025-10-14,9:32:44.377310987,T,IBM,F I,25,275.84
2025-10-14,9:32:59.828888771,T,IBM,I,45,276.17
2025-10-14,9:33:07.738956444,T,IBM,I,7,275.92
2025-10-14,9:33:40.985921367,T,IBM,,100,275.86
2025-10-14,9:33:53.600641185,T,IBM,I,10,275.805
2025-10-14,9:34:30.060473453,T,IBM,I,18,275.82
2025-10-14,9:34:31.006339530,T,IBM,I,31,275.82
2025-10-14,9:34:31.006339530,T,IBM,F I,31,275.82
2025-10-14,9:34:31.006345798,T,IBM,F I,31,275.82
2025-10-14,9:34:31.006345798,T,IBM,F I,7,275.82
2025-10-14,9:34:31.006349567,T,IBM,F I,24,275.81
2025-10-14,9:34:31.006351327,T,IBM,I,7,275.81
2025-10-14,9:34:31.007379813,T,IBM,I,4,275.79
2025-10-14,9:34:31.008495911,T,IBM,I,45,275.74
2025-10-14,9:34:31.008498478,T,IBM,,100,275.79
2025-10-14,9:34:31.015120216,T,IBM,F,100,275.65
2025-10-14,9:34:31.658793624,T,IBM,I,20,275.53
2025-10-14,9:35:04.355045669,T,IBM,F I,34,275.81
2025-10-14,9:35:04.355063713,T,IBM,I,1,275.81
2025-10-14,9:35:04.363186824,T,IBM,F,100,275.68
2025-10-14,9:35:04.363186824,T,IBM,F,100,275.66
2025-10-14,9:35:04.363192393,T,IBM,F I,50,275.66
2025-10-14,9:35:04.363192393,T,IBM,F,100,275.65
2025-10-14,9:35:04.363192393,T,IBM,F,100,275.64
2025-10-14,9:35:04.363195263,T,IBM,F,100,275.64
2025-10-14,9:35:04.363198633,T,IBM,F I,20,275.63
2025-10-14,9:35:04.363198633,T,IBM,F I,18,275.63
2025-10-14,9:35:04.363201704,T,IBM,F I,19,275.62
2025-10-14,9:35:04.363201704,T,IBM,F,100,275.62
2025-10-14,9:35:04.363204017,T,IBM,F I,37,275.62
2025-10-14,9:35:04.363210079,T,IBM,I,1,275.62
2025-10-14,9:35:04.363234176,T,IBM,F,109,275.62
2025-10-14,9:35:04.363258125,T,IBM,F,354,275.62
2025-10-14,9:35:04.363258125,T,IBM,F I,13,275.62
2025-10-14,9:35:04.363519755,T,IBM,F,100,275.62
2025-10-14,9:35:04.363547005,T,IBM,F,100,275.64
2025-10-14,9:35:04.363549921,T,IBM,F,100,275.64
2025-10-14,9:35:04.562121878,T,IBM,F I,50,275.66
2025-10-14,9:35:10.645685811,T,IBM,I,20,275.655
2025-10-14,9:35:12.702369267,T,IBM,F I,91,275.52
2025-10-14,9:35:12.702369267,T,IBM,F I,9,275.52
2025-10-14,9:35:12.702504567,T,IBM,F I,24,275.5
2025-10-14,9:35:12.702507582,T,IBM,F I,67,275.5
2025-10-14,9:35:21.432173290,T,IBM,F,100,275.345
2025-10-14,9:35:21.450393675,T,IBM,F I,1,275.4
2025-10-14,9:35:21.450429750,T,IBM,F I,1,275.4
2025-10-14,9:35:21.450462865,T,IBM,F I,1,275.4
2025-10-14,9:35:21.450492914,T,IBM,F I,1,275.4
2025-10-14,9:35:21.450513949,T,IBM,F I,1,275.4
2025-10-14,9:35:21.450525978,T,IBM,F I,1,275.4
2025-10-14,9:35:21.450562096,T,IBM,F I,1,275.4
2025-10-14,9:35:21.450583138,T,IBM,F I,1,275.4
2025-10-14,9:35:21.450673329,T,IBM,F I,1,275.4
2025-10-14,9:35:21.450694405,T,IBM,F I,1,275.4
2025-10-14,9:35:21.450709389,T,IBM,F I,1,275.4
2025-10-14,9:35:21.450739555,T,IBM,F I,1,275.4
2025-10-14,9:35:21.450775651,T,IBM,F I,1,275.4
2025-10-14,9:35:21.450808685,T,IBM,F I,1,275.4
2025-10-14,9:35:21.450838744,T,IBM,F I,1,275.4
2025-10-14,9:35:21.450871845,T,IBM,F I,1,275.4
2025-10-14,9:35:21.450904857,T,IBM,F I,1,275.4
2025-10-14,9:35:21.451064298,T,IBM,F I,1,275.4
2025-10-14,9:35:21.451184534,T,IBM,F I,1,275.4
2025-10-14,9:35:21.451298898,T,IBM,F I,1,275.4
2025-10-14,9:35:21.451328945,T,IBM,F I,1,275.4
2025-10-14,9:35:21.451395374,T,IBM,F I,79,275.4
2025-10-14,9:35:21.451395374,T,IBM,F I,1,275.41
2025-10-14,9:35:21.453088356,T,IBM,F,150,275.48
2025-10-14,9:35:53.754111672,T,IBM,I,51,275.3
2025-10-14,9:35:53.754328449,T,IBM,F I,20,275.29
2025-10-14,9:35:53.754331175,T,IBM,F I,50,275.29
2025-10-14,9:35:53.754334181,T,IBM,F I,75,275.25
2025-10-14,9:35:53.754352233,T,IBM,F I,25,275.25
2025-10-14,9:35:53.754448470,T,IBM,F,100,275.21
2025-10-14,9:35:53.755332611,T,IBM,I,15,275.08
2025-10-14,9:35:53.755826255,T,IBM,,100,275.01
2025-10-14,9:35:53.755831864,T,IBM,I,10,275.0
2025-10-14,9:35:53.755831864,T,IBM,I,15,275.0
2025-10-14,9:35:53.755831864,T,IBM,,100,275.0
2025-10-14,9:35:53.755901011,T,IBM,,200,274.95
2025-10-14,9:35:53.755906989,T,IBM,F I,54,275.0
2025-10-14,9:35:53.755933996,T,IBM,F I,6,275.0
2025-10-14,9:35:53.755933996,T,IBM,F I,40,275.0
2025-10-14,9:35:53.765914877,T,IBM,I,10,275.01
2025-10-14,9:35:53.783753258,T,IBM,,100,275.03
2025-10-14,9:35:54.181395966,T,IBM,F I,51,275.03
2025-10-14,9:36:00.477280547,T,IBM,I,50,274.94
2025-10-14,9:36:00.477283608,T,IBM,I,50,274.86
2025-10-14,9:36:29.029778510,T,IBM,F,100,274.87
2025-10-14,9:36:30.543414174,T,IBM,F I,1,274.81
2025-10-14,9:36:30.543444156,T,IBM,F I,13,274.8
2025-10-14,9:36:30.544334309,T,IBM,F I,1,274.72
2025-10-14,9:36:30.544448880,T,IBM,F I,99,274.72
2025-10-14,9:36:31.963875729,T,IBM,,100,274.53
2025-10-14,9:36:31.964465137,T,IBM,,100,274.52
2025-10-14,9:36:32.494930974,T,IBM,F I,1,274.35
2025-10-14,9:36:35.761207916,T,IBM,I,47,274.12
2025-10-14,9:36:43.910437398,T,IBM,F I,59,273.96
2025-10-14,9:36:43.910461408,T,IBM,F I,80,273.96
2025-10-14,9:36:43.910479478,T,IBM,F I,61,273.96
2025-10-14,9:36:44.276763515,T,IBM,,100,273.92
2025-10-14,9:36:45.242915802,T,IBM,F I,50,273.9
2025-10-14,9:36:45.242918637,T,IBM,F,100,273.91
2025-10-14,9:36:45.709473313,T,IBM,F,100,273.99
2025-10-14,9:36:45.709488388,T,IBM,F I,55,273.99
2025-10-14,9:36:45.709566498,T,IBM,F I,2,274.01
2025-10-14,9:36:47.221701476,T,IBM,F,100,274.28
2025-10-14,9:36:47.221776552,T,IBM,F I,3,274.32
2025-10-14,9:36:47.221818802,T,IBM,F I,6,274.34
2025-10-14,9:36:47.222269815,T,IBM,I,20,274.36
2025-10-14,9:36:47.222269815,T,IBM,,100,274.36
2025-10-14,9:36:47.222272767,T,IBM,I,1,274.37
2025-10-14,9:36:47.222272767,T,IBM,,100,274.37
2025-10-14,9:36:47.222275797,T,IBM,I,90,274.37
2025-10-14,9:36:47.222290842,T,IBM,I,1,274.37
2025-10-14,9:36:47.222303082,T,IBM,F I,9,274.37
2025-10-14,9:36:47.222303082,T,IBM,F,100,274.37
2025-10-14,9:36:47.222305818,T,IBM,F I,10,274.37
2025-10-14,9:36:47.222577101,T,IBM,I,87,274.35
2025-10-14,9:36:47.222594520,T,IBM,F I,13,274.35
2025-10-14,9:36:47.222594520,T,IBM,F I,8,274.39
2025-10-14,9:36:47.222618602,T,IBM,I,2,274.39
2025-10-14,9:36:47.222621822,T,IBM,I,4,274.39
2025-10-14,9:36:47.222621822,T,IBM,I,1,274.39
2025-10-14,9:36:47.222624577,T,IBM,I,72,274.39
2025-10-14,9:36:47.353742789,T,IBM,,100,274.28
2025-10-14,9:36:47.423632191,T,IBM,F,100,274.32
2025-10-14,9:36:47.509766202,T,IBM,I,57,274.37
2025-10-14,9:36:47.510067071,T,IBM,F I,43,274.37
2025-10-14,9:36:47.510070287,T,IBM,F I,2,274.38
2025-10-14,9:36:47.510070287,T,IBM,F I,12,274.38
2025-10-14,9:36:47.510072978,T,IBM,F I,43,274.38
2025-10-14,9:36:47.524798999,T,IBM,F,100,274.31
2025-10-14,9:36:53.977416678,T,IBM,F,100,274.26
2025-10-14,9:36:55.913603079,T,IBM,F I,6,274.31
2025-10-14,9:37:00.434259441,T,IBM,I,5,274.24
2025-10-14,9:37:03.407545889,T,IBM,I,64,274.25
2025-10-14,9:37:10.061318348,T,IBM,F I,10,274.37
2025-10-14,9:37:10.061994979,T,IBM,I,10,274.5
2025-10-14,9:37:10.062124336,T,IBM,I,5,274.51
2025-10-14,9:37:10.062190512,T,IBM,F I,5,274.52
2025-10-14,9:37:10.062205520,T,IBM,F I,6,274.53
2025-10-14,9:37:10.062776861,T,IBM,F I,2,274.54
2025-10-14,9:37:10.062780132,T,IBM,F I,9,274.54
2025-10-14,9:37:10.062782956,T,IBM,F I,10,274.54
2025-10-14,9:37:10.062782956,T,IBM,F I,6,274.54
2025-10-14,9:37:10.070048162,T,IBM,F,100,274.53
2025-10-14,9:37:33.113833232,T,IBM,I,11,274.57
2025-10-14,9:37:44.092366511,T,IBM,I,1,274.6
2025-10-14,9:37:44.208650361,T,IBM,I,45,274.5
2025-10-14,9:37:51.098740458,T,IBM,F I,11,274.44
2025-10-14,9:37:51.098785741,T,IBM,F,100,274.44
2025-10-14,9:37:52.239611647,T,IBM,I,34,274.56
2025-10-14,9:37:52.239611647,T,IBM,,106,274.56
2025-10-14,9:37:52.240203895,T,IBM,F I,70,274.6
2025-10-14,9:37:52.240222131,T,IBM,F I,30,274.6
2025-10-14,9:37:52.240222131,T,IBM,F I,20,274.61
2025-10-14,9:37:52.240261038,T,IBM,F I,3,274.65
2025-10-14,9:37:52.492805249,T,IBM,F,100,274.69
2025-10-14,9:37:58.519979009,T,IBM,I,32,274.62
2025-10-14,9:38:24.921954743,T,IBM,I,20,274.58
2025-10-14,9:38:31.865289628,T,IBM,F,100,274.705
2025-10-14,9:38:31.865313650,T,IBM,F I,14,274.7
2025-10-14,9:38:31.865358753,T,IBM,F,100,274.7
2025-10-14,9:38:38.644526712,T,IBM,F I,14,274.57
2025-10-14,9:38:48.405064406,T,IBM,I,1,274.34
2025-10-14,9:38:48.454249505,T,IBM,I,3,274.4
2025-10-14,9:39:12.323604553,T,IBM,F I,1,274.8
2025-10-14,9:39:15.650226136,T,IBM,I,13,274.99
2025-10-14,9:39:15.650806506,T,IBM,I,2,275.05
2025-10-14,9:39:15.650857746,T,IBM,I,12,275.08
2025-10-14,9:39:15.650878788,T,IBM,I,2,275.08
2025-10-14,9:39:15.652653263,T,IBM,,100,275.0
2025-10-14,9:39:15.652653263,T,IBM,,100,275.0
2025-10-14,9:39:15.654845139,T,IBM,I,25,274.99
2025-10-14,9:39:15.654917386,T,IBM,F I,75,274.99
2025-10-14,9:39:26.118508059,T,IBM,I,3,275.2
2025-10-14,9:39:45.084997246,T,IBM,F,100,275.2
2025-10-14,9:39:45.085000463,T,IBM,F I,3,275.21
2025-10-14,9:39:45.085000463,T,IBM,F I,6,275.21
2025-10-14,9:39:45.085003627,T,IBM,F,100,275.21
2025-10-14,9:39:45.085003627,T,IBM,F I,10,275.21
2025-10-14,9:39:45.085755067,T,IBM,F I,15,275.26
2025-10-14,9:39:53.234987872,T,IBM,I,8,275.28
2025-10-14,9:40:01.233528800,T,IBM,F,100,275.21
2025-10-14,9:40:05.973812906,T,IBM,F I,34,274.92
2025-10-14,9:40:13.278677392,T,IBM,F I,1,274.84
2025-10-14,9:40:17.546419544,T,IBM,F I,13,274.61
2025-10-14,9:40:17.546918778,T,IBM,F I,87,274.61
2025-10-14,9:40:31.916628364,T,IBM,F I,34,274.56
2025-10-14,9:40:31.926314793,T,IBM,I,1,274.6
2025-10-14,9:40:31.926314793,T,IBM,I,4,274.6
2025-10-14,9:40:31.926669266,T,IBM,F,100,274.61
2025-10-14,9:40:40.510409131,T,IBM,F,100,274.66
2025-10-14,9:40:48.631783409,T,IBM,I,10,274.8
2025-10-14,9:40:48.631801527,T,IBM,F I,80,274.81
2025-10-14,9:40:48.631822458,T,IBM,F I,20,274.81
2025-10-14,9:40:48.631822458,T,IBM,F I,5,274.81
2025-10-14,9:40:48.631825850,T,IBM,F I,55,274.81
2025-10-14,9:40:48.631828452,T,IBM,F I,33,274.81
2025-10-14,9:40:48.631831473,T,IBM,I,12,274.81
2025-10-14,9:40:48.631831473,T,IBM,I,3,274.81
2025-10-14,9:40:48.631939816,T,IBM,I,6,274.79
2025-10-14,9:40:48.632005915,T,IBM,I,6,274.79
2025-10-14,9:40:48.632069053,T,IBM,I,6,274.79
2025-10-14,9:40:48.632111197,T,IBM,I,6,274.79
2025-10-14,9:40:48.632162243,T,IBM,I,6,274.79
2025-10-14,9:40:48.632207352,T,IBM,F I,70,274.79
2025-10-14,9:40:48.632216373,T,IBM,I,6,274.84
2025-10-14,9:41:01.772115356,T,IBM,F I,10,274.78
2025-10-14,9:41:03.996324470,T,IBM,F I,7,274.71
2025-10-14,9:41:03.996351641,T,IBM,F,186,274.71
2025-10-14,9:41:04.783676994,T,IBM,F I,3,274.58
2025-10-14,9:41:11.945136213,T,IBM,,100,274.44
2025-10-14,9:41:19.225266887,T,IBM,I,11,274.32
2025-10-14,9:41:27.514182254,T,IBM,F,100,274.46
2025-10-14,9:41:27.514185321,T,IBM,F I,50,274.48
2025-10-14,9:41:27.514266518,T,IBM,F I,50,274.48
2025-10-14,9:41:27.514498003,T,IBM,F,100,274.52
2025-10-14,9:41:27.514726554,T,IBM,F I,10,274.53
2025-10-14,9:41:29.388337108,T,IBM,F I,11,274.59
2025-10-14,9:41:29.388337108,T,IBM,F,100,274.59
2025-10-14,9:41:29.388409936,T,IBM,F I,20,274.59
2025-10-14,9:41:29.388409936,T,IBM,F I,3,274.6
2025-10-14,9:41:29.388412455,T,IBM,F I,50,274.6
2025-10-14,9:41:29.388415326,T,IBM,F I,5,274.6
2025-10-14,9:41:29.388415326,T,IBM,F I,22,274.6
2025-10-14,9:41:29.388439500,T,IBM,I,13,274.6
2025-10-14,9:41:29.388439500,T,IBM,I,10,274.6
2025-10-14,9:41:29.388442376,T,IBM,I,65,274.6
2025-10-14,9:41:29.388445380,T,IBM,I,25,274.6
2025-10-14,9:41:29.388625727,T,IBM,I,11,274.61
2025-10-14,9:41:30.275104050,T,IBM,I,10,274.51
2025-10-14,9:41:30.275104050,T,IBM,I,5,274.48
2025-10-14,9:41:30.275106213,T,IBM,I,85,274.46
2025-10-14,9:41:54.527910159,T,IBM,F I,19,274.49
2025-10-14,9:41:54.527949258,T,IBM,F,100,274.5
2025-10-14,9:41:54.527952331,T,IBM,F I,5,274.5
2025-10-14,9:41:54.527952331,T,IBM,F I,95,274.5
2025-10-14,9:42:07.516209211,T,IBM,F I,14,274.41
2025-10-14,9:42:07.516209211,T,IBM,F I,86,274.41
2025-10-14,9:42:07.516230197,T,IBM,I,4,274.41
2025-10-14,9:42:07.523955625,T,IBM,I,23,274.32
2025-10-14,9:42:07.524033820,T,IBM,I,22,274.32
2025-10-14,9:42:07.524033820,T,IBM,I,41,274.32
2025-10-14,9:42:11.102751688,T,IBM,F I,1,274.13
2025-10-14,9:42:11.102775652,T,IBM,F I,99,274.13
2025-10-14,9:42:11.102778680,T,IBM,F I,1,274.13
2025-10-14,9:42:11.102829798,T,IBM,,100,274.13
2025-10-14,9:42:22.072417053,T,IBM,I,1,274.135
2025-10-14,9:42:22.072444069,T,IBM,F I,99,274.135
2025-10-14,9:42:24.007713389,T,IBM,F I,1,274.0
2025-10-14,9:42:24.010801735,T,IBM,I,1,274.0
2025-10-14,9:42:24.010837757,T,IBM,F I,50,274.0
2025-10-14,9:42:24.013399922,T,IBM,,100,274.06
2025-10-14,9:42:45.965880356,T,IBM,I,1,273.91
2025-10-14,9:42:45.965901413,T,IBM,I,1,273.91
2025-10-14,9:42:45.965913389,T,IBM,I,8,273.91
2025-10-14,9:42:45.966424646,T,IBM,,100,273.92
2025-10-14,9:42:45.966427677,T,IBM,,100,273.92
2025-10-14,9:42:45.966485507,T,IBM,,100,273.92
2025-10-14,9:42:45.966848599,T,IBM,F I,1,273.91
2025-10-14,9:42:45.966890689,T,IBM,F I,2,273.93
2025-10-14,9:42:45.967038062,T,IBM,I,7,273.98
2025-10-14,9:42:45.967098233,T,IBM,F I,1,273.92
2025-10-14,9:42:45.967137367,T,IBM,I,2,273.96
2025-10-14,9:42:45.967152478,T,IBM,I,10,273.96
2025-10-14,9:42:45.967152478,T,IBM,I,1,273.96
2025-10-14,9:42:46.035676541,T,IBM,F I,38,273.92
2025-10-14,9:42:46.035721596,T,IBM,F I,8,273.91
2025-10-14,9:42:53.516811441,T,IBM,F I,1,273.87
2025-10-14,9:43:01.242212195,T,IBM,F I,15,273.81
2025-10-14,9:43:01.242287379,T,IBM,F I,12,273.78
2025-10-14,9:43:01.244368412,T,IBM,I,13,273.76
2025-10-14,9:43:02.825153708,T,IBM,,100,273.77
2025-10-14,9:43:15.024458512,T,IBM,F I,1,273.49
2025-10-14,9:43:16.439771970,T,IBM,F I,3,273.47
2025-10-14,9:43:17.814109794,T,IBM,I,1,273.38
2025-10-14,9:43:19.934193281,T,IBM,F,100,273.39
2025-10-14,9:43:19.934193281,T,IBM,F I,1,273.38
2025-10-14,9:43:19.969906167,T,IBM,F I,15,273.2
2025-10-14,9:43:35.415078410,T,IBM,F I,4,273.38
2025-10-14,9:43:35.415093455,T,IBM,F I,3,273.38
2025-10-14,9:43:35.415171637,T,IBM,I,67,273.38
2025-10-14,9:43:35.415177682,T,IBM,I,33,273.38
2025-10-14,9:43:35.415445295,T,IBM,F I,6,273.41
2025-10-14,9:43:55.418562190,T,IBM,I,10,273.36
2025-10-14,9:43:55.418565221,T,IBM,,185,273.36
2025-10-14,9:43:55.418667394,T,IBM,F I,15,273.36
2025-10-14,9:43:55.419605676,T,IBM,I,50,273.44
2025-10-14,9:43:55.419993584,T,IBM,I,2,273.44
2025-10-14,9:43:55.423626208,T,IBM,I,48,273.44
2025-10-14,9:43:55.427845285,T,IBM,I,50,273.44
2025-10-14,9:43:55.564084640,T,IBM,I,12,273.5
2025-10-14,9:43:55.564649914,T,IBM,F I,92,273.54
2025-10-14,9:43:55.564725117,T,IBM,F I,48,273.52
2025-10-14,9:43:55.564740173,T,IBM,F I,80,273.54
2025-10-14,9:43:55.564743178,T,IBM,F I,1,273.55
2025-10-14,9:43:55.565156055,T,IBM,I,17,273.49
2025-10-14,9:43:55.565156055,T,IBM,I,50,273.49
2025-10-14,9:43:55.567157946,T,IBM,F,100,273.38
2025-10-14,9:43:55.567308828,T,IBM,F,114,273.36
2025-10-14,9:43:55.567365626,T,IBM,,100,273.37
2025-10-14,9:44:03.773427537,T,IBM,F,222,273.15
2025-10-14,9:44:03.773475758,T,IBM,I,21,273.15
2025-10-14,9:44:03.773544795,T,IBM,,379,273.15
2025-10-14,9:44:03.773547762,T,IBM,I,21,273.15
2025-10-14,9:44:03.794005445,T,IBM,,233,273.11
2025-10-14,9:44:03.794005445,T,IBM,I,4,273.11
2025-10-14,9:44:03.794234328,T,IBM,F I,60,273.1
2025-10-14,9:44:06.580802969,T,IBM,F I,1,273.0
2025-10-14,9:44:06.580802969,T,IBM,F I,10,273.0
2025-10-14,9:44:06.581356236,T,IBM,I,3,273.0
2025-10-14,9:44:06.581368258,T,IBM,I,3,273.0
2025-10-14,9:44:06.581398394,T,IBM,F I,47,273.0
2025-10-14,9:44:06.591300969,T,IBM,,100,272.96
2025-10-14,9:44:07.771277130,T,IBM,F,100,272.97
2025-10-14,9:44:13.256897637,T,IBM,F I,10,272.8
2025-10-14,9:44:32.728027514,T,IBM,F,150,272.71
2025-10-14,9:44:35.611074940,T,IBM,,100,272.61
2025-10-14,9:44:36.331999272,T,IBM,F,100,272.69
2025-10-14,9:44:40.157848456,T,IBM,F,150,272.75
2025-10-14,9:44:49.275903744,T,IBM,F,100,272.8
2025-10-14,9:44:53.268680186,T,IBM,F,100,272.81
2025-10-14,9:45:04.265861025,T,IBM,,100,272.82
2025-10-14,9:45:04.265864054,T,IBM,,185,272.82
2025-10-14,9:45:05.405788048,T,IBM,F I,50,272.78
2025-10-14,9:45:05.405790790,T,IBM,F I,10,272.8
2025-10-14,9:45:05.405793893,T,IBM,F I,90,272.8
2025-10-14,9:45:05.405971284,T,IBM,F I,4,272.86
2025-10-14,9:45:05.405995288,T,IBM,F I,96,272.86
2025-10-14,9:45:05.406374226,T,IBM,F,150,272.86
2025-10-14,9:45:05.406374226,T,IBM,F I,50,272.86
2025-10-14,9:45:05.406458540,T,IBM,F I,5,272.94
2025-10-14,9:45:05.406458540,T,IBM,F I,10,272.94
2025-10-14,9:45:05.407153063,T,IBM,F I,14,272.97
2025-10-14,9:45:05.726916292,T,IBM,I,45,272.77
2025-10-14,9:45:11.461731226,T,IBM,F I,10,272.65
2025-10-14,9:45:11.915704250,T,IBM,F,100,272.74
2025-10-14,9:45:11.915704250,T,IBM,F I,10,272.74
2025-10-14,9:45:11.915706972,T,IBM,F I,32,272.76
2025-10-14,9:45:11.915710616,T,IBM,F I,59,272.76
2025-10-14,9:45:11.915770116,T,IBM,F I,1,272.77
2025-10-14,9:45:11.915773097,T,IBM,F,100,272.77
2025-10-14,9:45:11.915776172,T,IBM,F,100,272.77
2025-10-14,9:45:11.916076855,T,IBM,,100,272.77
2025-10-14,9:45:11.916293337,T,IBM,F,400,272.76
2025-10-14,9:45:11.916801605,T,IBM,I,45,272.77
2025-10-14,9:45:11.924033718,T,IBM,I,45,272.77
2025-10-14,9:45:11.924072829,T,IBM,I,45,272.77
2025-10-14,9:45:11.924087880,T,IBM,I,10,272.77
2025-10-14,9:45:14.102007858,T,IBM,I,1,272.86
2025-10-14,9:45:15.815333919,T,IBM,F I,2,272.71
2025-10-14,9:45:15.815333919,T,IBM,F I,50,272.71
2025-10-14,9:45:15.815384867,T,IBM,I,14,272.71
2025-10-14,9:45:15.815496172,T,IBM,F I,39,272.71
2025-10-14,9:45:15.815520359,T,IBM,,100,272.71
2025-10-14,9:45:15.815523245,T,IBM,I,1,272.71
2025-10-14,9:45:15.815523245,T,IBM,I,46,272.71
2025-10-14,9:45:15.815560239,T,IBM,I,32,272.79
2025-10-14,9:45:15.815560239,T,IBM,I,19,272.8
2025-10-14,9:45:16.009301527,T,IBM,I,4,272.7
2025-10-14,9:45:21.297324649,T,IBM,I,10,272.75
2025-10-14,9:45:21.305810962,T,IBM,I,70,272.695
2025-10-14,9:45:25.828259481,T,IBM,F,100,272.74
2025-10-14,9:45:26.880930573,T,IBM,I,1,272.78
2025-10-14,9:45:26.880988264,T,IBM,F I,4,272.78
2025-10-14,9:45:29.167682561,T,IBM,F I,18,272.68
2025-10-14,9:45:34.826160670,T,IBM,F,100,272.85
2025-10-14,9:45:50.267188988,T,IBM,,100,272.69
2025-10-14,9:45:53.248086610,T,IBM,F I,5,272.84
2025-10-14,9:45:53.248104676,T,IBM,I,5,272.84
2025-10-14,9:45:53.248255131,T,IBM,F I,20,272.86
2025-10-14,9:45:53.248360184,T,IBM,I,25,272.86
2025-10-14,9:45:53.248420394,T,IBM,I,25,272.86
2025-10-14,9:45:53.248423736,T,IBM,F I,4,272.86
2025-10-14,9:45:53.248426616,T,IBM,F I,16,272.88
2025-10-14,9:45:53.248426616,T,IBM,F I,4,272.88
2025-10-14,9:45:53.248465425,T,IBM,I,5,272.89
2025-10-14,9:45:53.248919567,T,IBM,I,1,272.88
2025-10-14,9:45:53.248992153,T,IBM,I,4,272.88
2025-10-14,9:45:53.249478844,T,IBM,F,100,272.89
2025-10-14,9:45:53.249521023,T,IBM,F I,24,272.93
2025-10-14,9:45:53.249521023,T,IBM,F I,20,272.93
2025-10-14,9:45:53.249551117,T,IBM,,100,272.89
2025-10-14,9:45:53.249554147,T,IBM,F I,90,272.89
2025-10-14,9:45:53.249554147,T,IBM,F I,10,272.89
2025-10-14,9:45:53.249653321,T,IBM,F I,20,272.89
2025-10-14,9:45:53.249677380,T,IBM,I,80,272.89
2025-10-14,9:45:53.249680371,T,IBM,,200,272.89
2025-10-14,9:45:53.249818707,T,IBM,I,10,272.9
2025-10-14,9:45:53.250035264,T,IBM,F I,10,272.92
2025-10-14,9:45:53.250071281,T,IBM,I,20,272.88
2025-10-14,9:45:53.250074312,T,IBM,I,80,272.88
2025-10-14,9:45:53.442009299,T,IBM,F I,1,272.83
2025-10-14,9:45:53.442051378,T,IBM,F,100,272.83
2025-10-14,9:46:04.904737450,T,IBM,,100,272.92
2025-10-14,9:46:04.904833671,T,IBM,I,25,272.93
2025-10-14,9:46:04.904894301,T,IBM,,100,272.93
2025-10-14,9:46:04.904896822,T,IBM,I,75,272.92
2025-10-14,9:46:04.905185526,T,IBM,F I,3,272.98
2025-10-14,9:46:04.905188579,T,IBM,F I,2,273.0
2025-10-14,9:46:04.905308878,T,IBM,F I,5,273.01
2025-10-14,9:46:04.905329884,T,IBM,I,5,273.01
2025-10-14,9:46:04.905341970,T,IBM,F I,95,273.01
2025-10-14,9:46:04.905702751,T,IBM,I,15,272.98
2025-10-14,9:46:04.905735914,T,IBM,I,6,273.0
2025-10-14,9:46:04.905982484,T,IBM,F I,6,273.02
2025-10-14,9:46:04.964664138,T,IBM,I,8,273.09
2025-10-14,9:46:04.964730322,T,IBM,F I,65,273.1
2025-10-14,9:46:08.230592439,T,IBM,F I,8,273.2
2025-10-14,9:46:12.084952431,T,IBM,I,35,273.44
2025-10-14,9:46:12.084955486,T,IBM,,100,273.45
2025-10-14,9:46:12.084958793,T,IBM,,100,273.45
2025-10-14,9:46:12.084958793,T,IBM,I,20,273.45
2025-10-14,9:46:12.084958793,T,IBM,,132,273.46
2025-10-14,9:46:12.084976383,T,IBM,I,63,273.46
2025-10-14,9:46:12.084979920,T,IBM,I,1,273.46
2025-10-14,9:46:12.084983417,T,IBM,I,36,273.46
2025-10-14,9:46:12.084983417,T,IBM,I,1,273.46
2025-10-14,9:46:12.084988471,T,IBM,I,54,273.46
2025-10-14,9:46:12.084988471,T,IBM,,100,273.46
2025-10-14,9:46:12.084988471,T,IBM,,100,273.46
2025-10-14,9:46:12.085442604,T,IBM,F I,1,273.49
2025-10-14,9:46:12.085475587,T,IBM,F I,67,273.49
2025-10-14,9:46:12.085482007,T,IBM,F I,97,273.58
2025-10-14,9:46:12.085484639,T,IBM,F I,15,273.58
2025-10-14,9:46:12.085659035,T,IBM,I,15,273.58
2025-10-14,9:46:12.085803404,T,IBM,I,85,273.575
2025-10-14,9:46:12.402448232,T,IBM,,100,273.57
2025-10-14,9:46:13.272278064,T,IBM,,100,273.57
2025-10-14,9:46:13.291863701,T,IBM,I,33,273.57
2025-10-14,9:46:21.183888181,T,IBM,I,1,273.59
2025-10-14,9:46:23.991974147,T,IBM,F I,12,273.68
2025-10-14,9:46:23.991974147,T,IBM,F I,1,273.68
2025-10-14,9:46:35.354779594,T,IBM,I,14,273.86
2025-10-14,9:46:37.514641661,T,IBM,F I,10,273.88
2025-10-14,9:46:38.404099202,T,IBM,F I,25,273.93
2025-10-14,9:46:38.596127336,T,IBM,,100,273.76
2025-10-14,9:46:38.596127336,T,IBM,,100,273.76
2025-10-14,9:46:39.489722683,T,IBM,I,34,273.635
2025-10-14,9:46:39.489770688,T,IBM,F I,3,273.57
2025-10-14,9:46:39.579588551,T,IBM,I,2,273.63
2025-10-14,9:46:39.579624671,T,IBM,I,2,273.64
2025-10-14,9:46:52.086676117,T,IBM,F I,10,273.7
2025-10-14,9:46:52.086733264,T,IBM,F I,10,273.67
2025-10-14,9:46:52.519243930,T,IBM,F I,5,273.61
2025-10-14,9:46:58.430910499,T,IBM,F,100,273.52
2025-10-14,9:46:58.430910499,T,IBM,F I,32,273.51
2025-10-14,9:46:58.430912920,T,IBM,F,100,273.5
2025-10-14,9:46:58.431048349,T,IBM,I,29,273.5
2025-10-14,9:46:58.961613655,T,IBM,F I,20,273.31
2025-10-14,9:46:58.961613655,T,IBM,F I,80,273.3
2025-10-14,9:46:58.961631525,T,IBM,I,1,273.3
2025-10-14,9:46:58.961658556,T,IBM,F I,19,273.3
2025-10-14,9:46:59.062112688,T,IBM,F I,21,273.29
2025-10-14,9:47:17.279590995,T,IBM,,100,273.485
2025-10-14,9:47:18.081588266,T,IBM,F I,6,273.39
2025-10-14,9:47:18.809053239,T,IBM,F I,32,273.29
2025-10-14,9:47:18.809059257,T,IBM,F I,43,273.28
2025-10-14,9:47:18.809071246,T,IBM,F I,32,273.28
2025-10-14,9:47:18.855799508,T,IBM,,100,273.21
2025-10-14,9:47:18.873758201,T,IBM,,100,273.2
2025-10-14,9:47:19.017888349,T,IBM,I,45,273.2
2025-10-14,9:47:19.017945570,T,IBM,I,55,273.2
2025-10-14,9:47:19.168186213,T,IBM,I,45,273.2
2025-10-14,9:47:19.168186213,T,IBM,I,45,273.2
2025-10-14,9:47:19.168243264,T,IBM,I,10,273.205
2025-10-14,9:47:19.706365492,T,IBM,,100,273.2
2025-10-14,9:47:20.452829560,T,IBM,I,45,273.205
2025-10-14,9:47:20.888605983,T,IBM,F I,1,273.28
2025-10-14,9:47:20.888645051,T,IBM,F I,5,273.28
2025-10-14,9:47:34.193249237,T,IBM,F,100,273.32
2025-10-14,9:47:34.193249237,T,IBM,,100,273.31
2025-10-14,9:47:34.193252399,T,IBM,I,9,273.37
2025-10-14,9:47:34.193294317,T,IBM,F I,10,273.34
2025-10-14,9:47:34.193670206,T,IBM,,100,273.34
2025-10-14,9:47:37.678149737,T,IBM,F,100,273.39
2025-10-14,9:47:41.926748342,T,IBM,,300,273.35
2025-10-14,9:47:41.927124251,T,IBM,F,100,273.34
2025-10-14,9:47:41.927145270,T,IBM,I,1,273.34
2025-10-14,9:47:48.014739119,T,IBM,F I,10,273.58
2025-10-14,9:47:57.423517478,T,IBM,I,66,273.67
2025-10-14,9:47:57.423535513,T,IBM,I,1,273.67
2025-10-14,9:47:57.423535513,T,IBM,I,19,273.67
2025-10-14,9:47:57.423538897,T,IBM,I,31,273.67
2025-10-14,9:47:57.423542159,T,IBM,I,69,273.67
2025-10-14,9:47:57.423544523,T,IBM,I,31,273.67
2025-10-14,9:48:06.327445030,T,IBM,I,6,273.77
2025-10-14,9:48:06.327469118,T,IBM,F I,4,273.77
2025-10-14,9:48:10.591623775,T,IBM,,100,273.72
2025-10-14,9:48:10.701436218,T,IBM,I,7,273.72
2025-10-14,9:48:10.701439245,T,IBM,I,2,273.71
2025-10-14,9:48:10.701439245,T,IBM,I,91,273.71
2025-10-14,9:48:10.712271072,T,IBM,I,9,273.71
2025-10-14,9:48:10.712271072,T,IBM,I,45,273.71
2025-10-14,9:48:10.712298044,T,IBM,F I,46,273.7
2025-10-14,9:48:11.675193441,T,IBM,I,27,273.71
2025-10-14,9:48:11.675220419,T,IBM,F,150,273.7
2025-10-14,9:48:11.675274595,T,IBM,F I,23,273.7
2025-10-14,9:48:13.277861852,T,IBM,F,100,273.595
2025-10-14,9:48:13.794891712,T,IBM,F,100,273.67
2025-10-14,9:48:13.795733909,T,IBM,F I,14,273.66
2025-10-14,9:48:13.795764359,T,IBM,I,86,273.66
2025-10-14,9:48:13.796055500,T,IBM,F,100,273.67
2025-10-14,9:48:17.497471459,T,IBM,F,100,273.59
2025-10-14,9:48:19.895786199,T,IBM,F,100,273.57
2025-10-14,9:48:22.882824412,T,IBM,F I,5,273.5
2025-10-14,9:48:22.882965716,T,IBM,F I,5,273.5
2025-10-14,9:48:22.883025906,T,IBM,F I,42,273.5
2025-10-14,9:48:22.906367464,T,IBM,I,8,273.51
2025-10-14,9:48:33.679728679,T,IBM,I,1,273.73
2025-10-14,9:48:39.290916147,T,IBM,F,100,273.54
2025-10-14,9:48:40.336210706,T,IBM,F,100,273.47
2025-10-14,9:49:00.498325527,T,IBM,,100,273.36
2025-10-14,9:49:00.498683398,T,IBM,,100,273.36
2025-10-14,9:49:23.879109000,T,IBM,F I,5,273.28
2025-10-14,9:49:23.879109000,T,IBM,F I,2,273.28
2025-10-14,9:49:23.879111213,T,IBM,F I,6,273.25
2025-10-14,9:49:23.879114270,T,IBM,F I,14,273.24
2025-10-14,9:49:28.604100995,T,IBM,F I,1,273.19
2025-10-14,9:49:28.789375276,T,IBM,F I,10,273.15
2025-10-14,9:49:28.789378123,T,IBM,F I,1,273.14
2025-10-14,9:49:29.264416027,T,IBM,,100,273.225
2025-10-14,9:49:30.738059315,T,IBM,,100,273.25
2025-10-14,9:49:47.582781668,T,IBM,F I,10,273.31
2025-10-14,9:49:57.412162354,T,IBM,F,100,273.2
2025-10-14,9:50:02.016877779,T,IBM,F I,92,273.01
2025-10-14,9:50:06.292826517,T,IBM,F I,4,273.2
2025-10-14,9:50:06.550945987,T,IBM,I,10,273.16
2025-10-14,9:50:07.143175926,T,IBM,I,4,273.2
2025-10-14,9:50:08.146051443,T,IBM,F,154,273.12
2025-10-14,9:50:14.091018622,T,IBM,F I,2,273.13
2025-10-14,9:50:14.091021674,T,IBM,F I,10,273.13
2025-10-14,9:50:22.130953275,T,IBM,I,1,273.17
2025-10-14,9:50:22.781855829,T,IBM,F I,99,273.17
2025-10-14,9:50:28.790186862,T,IBM,F I,30,273.06
2025-10-14,9:50:29.927801182,T,IBM,F I,70,273.06
2025-10-14,9:50:29.927804221,T,IBM,F I,38,273.04
2025-10-14,9:50:30.374674126,T,IBM,F I,2,273.13
2025-10-14,9:50:30.374731254,T,IBM,F I,5,273.13
2025-10-14,9:50:33.742042664,T,IBM,F I,30,273.02
2025-10-14,9:50:36.776522017,T,IBM,F I,15,273.02
2025-10-14,9:50:36.776522017,T,IBM,F I,24,273.01
2025-10-14,9:50:40.858854657,T,IBM,I,10,273.03
2025-10-14,9:50:42.620150754,T,IBM,F I,10,273.13
2025-10-14,9:50:42.711950240,T,IBM,F,100,273.17
2025-10-14,9:50:48.670684268,T,IBM,F I,1,273.1
2025-10-14,9:50:48.670684268,T,IBM,F I,1,273.1
2025-10-14,9:50:48.670687658,T,IBM,F I,9,273.09
2025-10-14,9:50:48.670690502,T,IBM,F,100,273.07
2025-10-14,9:50:48.670693250,T,IBM,F,100,273.04
2025-10-14,9:50:48.670693250,T,IBM,F I,22,273.02
2025-10-14,9:50:52.592783507,T,IBM,F I,10,273.16
2025-10-14,9:50:55.022351577,T,IBM,F,100,273.1
2025-10-14,9:50:56.320416005,T,IBM,F,100,273.18
2025-10-14,9:51:19.090796001,T,IBM,F I,1,273.1
2025-10-14,9:51:30.594825032,T,IBM,I,5,273.23
2025-10-14,9:51:30.594827573,T,IBM,I,3,273.23
2025-10-14,9:51:30.594831097,T,IBM,I,22,273.23
2025-10-14,9:51:30.594833652,T,IBM,I,16,273.23
2025-10-14,9:51:30.594846459,T,IBM,I,1,273.23
2025-10-14,9:51:30.594851623,T,IBM,I,19,273.23
2025-10-14,9:51:30.594893964,T,IBM,F I,1,273.24
2025-10-14,9:51:30.595023076,T,IBM,F I,56,273.29
2025-10-14,9:51:30.595023076,T,IBM,F I,84,273.29
2025-10-14,9:51:30.595050112,T,IBM,F I,16,273.29
2025-10-14,9:51:30.599251099,T,IBM,,100,273.29
2025-10-14,9:51:30.599708224,T,IBM,F I,10,273.26
2025-10-14,9:51:35.389929261,T,IBM,I,5,273.29
2025-10-14,9:51:35.389929261,T,IBM,I,9,273.29
2025-10-14,9:51:38.219819141,T,IBM,F I,9,273.47
2025-10-14,9:51:38.240364141,T,IBM,F I,3,273.5
2025-10-14,9:51:54.941136307,T,IBM,I,21,273.44
2025-10-14,9:51:55.355005526,T,IBM,F,100,273.44
2025-10-14,9:52:01.884194709,T,IBM,F I,10,273.61
2025-10-14,9:52:01.884197562,T,IBM,F I,20,273.62
2025-10-14,9:52:01.884278767,T,IBM,F I,52,273.62
2025-10-14,9:52:01.884281775,T,IBM,F I,26,273.62
2025-10-14,9:52:01.897958325,T,IBM,F I,3,273.75
2025-10-14,9:52:04.647346754,T,IBM,F I,12,273.91
2025-10-14,9:52:04.666018223,T,IBM,F I,22,273.93
2025-10-14,9:52:04.848862507,T,IBM,I,1,273.94
2025-10-14,9:52:05.732997415,T,IBM,I,24,273.94
2025-10-14,9:52:07.767815775,T,IBM,I,2,274.0
2025-10-14,9:52:13.458566746,T,IBM,F I,1,274.22
2025-10-14,9:52:13.459039088,T,IBM,F I,15,274.24
2025-10-14,9:52:13.459039088,T,IBM,F I,5,274.24
2025-10-14,9:52:13.459062955,T,IBM,I,81,274.25
2025-10-14,9:52:13.459065921,T,IBM,F I,10,274.25
2025-10-14,9:52:13.459330601,T,IBM,F I,5,274.24
2025-10-14,9:52:13.459357662,T,IBM,F I,95,274.24
2025-10-14,9:52:26.003568487,T,IBM,I,1,274.335
2025-10-14,9:52:26.005360728,T,IBM,I,1,274.335
2025-10-14,9:52:26.006416211,T,IBM,I,1,274.335
2025-10-14,9:52:26.008440076,T,IBM,I,4,274.335
2025-10-14,9:52:32.894485543,T,IBM,F I,2,274.3
2025-10-14,9:52:32.894605811,T,IBM,F,100,274.3
2025-10-14,9:52:49.307556633,T,IBM,I,4,274.47
2025-10-14,9:52:50.204198734,T,IBM,F I,1,274.54
2025-10-14,9:52:50.204201243,T,IBM,F I,99,274.54
2025-10-14,9:52:50.204219348,T,IBM,I,1,274.54
2025-10-14,9:52:51.205921943,T,IBM,F I,5,274.54
2025-10-14,9:52:52.508307488,T,IBM,F I,5,274.63
2025-10-14,9:52:52.508319442,T,IBM,I,2,274.58
2025-10-14,9:52:52.508349531,T,IBM,F I,4,274.6
2025-10-14,9:52:52.943735118,T,IBM,F I,4,274.55
2025-10-14,9:52:52.943807288,T,IBM,F,100,274.55
2025-10-14,9:52:58.276688181,T,IBM,F I,45,274.6
2025-10-14,9:52:58.276703191,T,IBM,F I,45,274.6
2025-10-14,9:52:58.276841492,T,IBM,F I,10,274.6
2025-10-14,9:52:58.276970867,T,IBM,F I,45,274.59
2025-10-14,9:52:58.277476026,T,IBM,I,5,274.59
2025-10-14,9:53:08.681611948,T,IBM,,100,274.645
2025-10-14,9:53:16.061706714,T,IBM,,100,274.645
2025-10-14,9:53:18.642634042,T,IBM,F I,1,274.61
2025-10-14,9:53:18.642652760,T,IBM,F,100,274.61
2025-10-14,9:53:18.642655064,T,IBM,F,100,274.61
2025-10-14,9:53:21.001311455,T,IBM,F I,1,274.65
2025-10-14,9:53:21.001714272,T,IBM,,100,274.65
2025-10-14,9:53:21.001738295,T,IBM,I,60,274.65
2025-10-14,9:53:21.001738295,T,IBM,I,1,274.65
2025-10-14,9:53:21.002986338,T,IBM,F,100,274.66
2025-10-14,9:53:26.203864932,T,IBM,F,100,274.735
2025-10-14,9:53:42.144613772,T,IBM,F I,10,274.6
2025-10-14,9:53:42.144770142,T,IBM,F I,10,274.59
2025-10-14,9:53:42.239258103,T,IBM,F,100,274.64
2025-10-14,9:53:48.567680045,T,IBM,I,1,274.59
2025-10-14,9:54:17.732546279,T,IBM,I,1,274.69
2025-10-14,9:54:19.099516593,T,IBM,I,1,274.62
2025-10-14,9:54:19.099543603,T,IBM,F I,5,274.62
2025-10-14,9:54:22.671287748,T,IBM,F I,1,274.69
2025-10-14,9:54:25.386583955,T,IBM,F I,1,274.52
2025-10-14,9:54:35.452267011,T,IBM,I,1,274.53
2025-10-14,9:54:35.548345719,T,IBM,I,5,274.4
2025-10-14,9:54:36.411574991,T,IBM,F I,5,274.42
2025-10-14,9:54:36.411578497,T,IBM,F I,10,274.4
2025-10-14,9:54:36.411578497,T,IBM,F I,2,274.39
2025-10-14,9:54:36.411935625,T,IBM,I,5,274.4
2025-10-14,9:54:36.412537146,T,IBM,,100,274.5
2025-10-14,9:54:36.412714509,T,IBM,,100,274.47
2025-10-14,9:54:49.355944992,T,IBM,,100,274.52
2025-10-14,9:54:49.355999107,T,IBM,,100,274.52
2025-10-14,9:54:58.000880685,T,IBM,,100,274.52
2025-10-14,9:54:59.323471503,T,IBM,I,29,274.52
2025-10-14,9:54:59.323471503,T,IBM,F I,71,274.52
2025-10-14,9:55:05.973554006,T,IBM,I,6,274.525
2025-10-14,9:55:07.990479773,T,IBM,I,1,274.56
2025-10-14,9:55:07.990533824,T,IBM,I,5,274.66
2025-10-14,9:55:07.990533824,T,IBM,I,2,274.66
2025-10-14,9:55:07.990539823,T,IBM,,100,274.67
2025-10-14,9:55:07.990539823,T,IBM,I,3,274.69
2025-10-14,9:55:07.990810491,T,IBM,I,1,274.57
2025-10-14,9:55:10.672943800,T,IBM,I,33,274.555
2025-10-14,9:55:13.062814459,T,IBM,F I,5,274.63
2025-10-14,9:55:13.062817440,T,IBM,F I,10,274.63
2025-10-14,9:55:21.882652610,T,IBM,F I,10,274.6
2025-10-14,9:55:26.548921620,T,IBM,F I,2,274.69
2025-10-14,9:55:27.226690354,T,IBM,F I,10,274.69
2025-10-14,9:55:27.227168160,T,IBM,F I,15,274.72
2025-10-14,9:55:42.703208934,T,IBM,F I,3,274.89
2025-10-14,9:55:42.703212793,T,IBM,F I,15,274.9
2025-10-14,9:55:42.703212793,T,IBM,F I,5,274.9
2025-10-14,9:55:42.703214634,T,IBM,F,166,274.9
2025-10-14,9:55:42.703217621,T,IBM,F I,34,274.9
2025-10-14,9:55:42.703217621,T,IBM,F I,97,274.9
2025-10-14,9:55:42.703220529,T,IBM,F I,3,274.9
2025-10-14,9:55:42.703515571,T,IBM,I,28,274.96
2025-10-14,9:55:42.703515571,T,IBM,I,5,274.96
2025-10-14,9:55:42.703518211,T,IBM,,100,274.96
2025-10-14,9:55:42.703521231,T,IBM,,100,274.96
2025-10-14,9:55:42.704321126,T,IBM,F I,1,275.06
2025-10-14,9:55:42.709147697,T,IBM,I,45,275.07
2025-10-14,9:55:42.709174673,T,IBM,F I,55,275.065
2025-10-14,9:55:42.721474032,T,IBM,,100,275.07
2025-10-14,9:56:03.162902197,T,IBM,I,3,275.12
2025-10-14,9:56:18.709328077,T,IBM,F I,5,275.15
2025-10-14,9:56:18.709340002,T,IBM,F,100,275.15
2025-10-14,9:56:18.709418273,T,IBM,I,4,275.15
2025-10-14,9:56:18.709523523,T,IBM,I,22,275.15
2025-10-14,9:56:18.709601669,T,IBM,F I,76,275.15
2025-10-14,9:56:18.709622764,T,IBM,I,1,275.15
2025-10-14,9:56:18.709697945,T,IBM,I,97,275.15
2025-10-14,9:56:18.709995626,T,IBM,F I,33,275.07
2025-10-14,9:56:18.735177540,T,IBM,,100,275.11
2025-10-14,9:56:18.775247932,T,IBM,,100,275.11
2025-10-14,9:56:46.328156528,T,IBM,,100,275.15
2025-10-14,9:56:46.333939307,T,IBM,,100,275.145
2025-10-14,9:56:46.341505282,T,IBM,,100,275.145
2025-10-14,9:56:46.347396336,T,IBM,,100,275.145
2025-10-14,9:56:48.122606541,T,IBM,F I,5,275.2
2025-10-14,9:56:48.440809029,T,IBM,F,100,275.21
2025-10-14,9:56:51.578584073,T,IBM,F,100,275.12
2025-10-14,9:57:06.430720064,T,IBM,F I,6,275.08
2025-10-14,9:57:12.508419992,T,IBM,I,3,275.25
2025-10-14,9:57:15.920736578,T,IBM,I,10,275.26
2025-10-14,9:57:15.920740186,T,IBM,,100,275.28
2025-10-14,9:57:15.920740186,T,IBM,I,7,275.28
2025-10-14,9:57:15.920742660,T,IBM,I,1,275.28
2025-10-14,9:57:15.920745661,T,IBM,I,82,275.28
2025-10-14,9:57:15.920757618,T,IBM,I,1,275.28
2025-10-14,9:57:15.920760689,T,IBM,I,17,275.28
2025-10-14,9:57:20.877731489,T,IBM,F I,57,275.39
2025-10-14,9:57:20.877755574,T,IBM,F,143,275.39
2025-10-14,9:57:20.878188662,T,IBM,F I,15,275.47
2025-10-14,9:57:30.645158512,T,IBM,I,95,275.425
2025-10-14,9:57:36.254514533,T,IBM,F,100,275.32
2025-10-14,9:57:49.901254987,T,IBM,F I,40,275.3
2025-10-14,9:57:50.108255833,T,IBM,F I,3,275.29
2025-10-14,9:57:50.108258816,T,IBM,F I,37,275.29
2025-10-14,9:57:50.108268421,T,IBM,F I,60,275.29
2025-10-14,9:57:50.108271411,T,IBM,F I,10,275.29
2025-10-14,9:57:50.108274046,T,IBM,F I,3,275.28
2025-10-14,9:57:50.108276881,T,IBM,F I,74,275.28
2025-10-14,9:57:50.108295379,T,IBM,F I,26,275.28
2025-10-14,9:57:50.108297905,T,IBM,F I,11,275.27
2025-10-14,9:57:50.108478303,T,IBM,F I,26,275.27
2025-10-14,9:57:50.108481287,T,IBM,F I,18,275.25
2025-10-14,9:57:50.108484324,T,IBM,F I,13,275.25
2025-10-14,9:57:55.842297708,T,IBM,,100,275.425
2025-10-14,9:57:56.952495717,T,IBM,I,4,275.44
2025-10-14,9:58:16.879459481,T,IBM,F I,4,275.25
2025-10-14,9:58:16.879463294,T,IBM,F I,12,275.25
2025-10-14,9:58:16.879465443,T,IBM,F,100,275.25
2025-10-14,9:58:16.879468275,T,IBM,F I,1,275.25
2025-10-14,9:58:16.879468275,T,IBM,F I,11,275.24
2025-10-14,9:58:16.879471340,T,IBM,F I,11,275.24
2025-10-14,9:58:16.879582533,T,IBM,F I,6,275.2
2025-10-14,9:58:17.409826784,T,IBM,F I,4,275.27
2025-10-14,9:58:17.409826784,T,IBM,F I,4,275.27
2025-10-14,9:58:17.409837879,T,IBM,F I,96,275.27
2025-10-14,9:58:23.683496502,T,IBM,F I,10,275.2
2025-10-14,9:58:23.683499467,T,IBM,F I,5,275.2
2025-10-14,9:58:23.683499467,T,IBM,F I,67,275.19
2025-10-14,9:58:24.511923665,T,IBM,F I,21,275.1
2025-10-14,9:58:24.512278458,T,IBM,F I,1,275.1
2025-10-14,9:58:24.512302618,T,IBM,F,100,275.13
2025-10-14,9:58:24.512305534,T,IBM,F I,50,275.14
2025-10-14,9:58:24.512949322,T,IBM,,100,275.15
2025-10-14,9:58:24.512949322,T,IBM,,100,275.14
2025-10-14,9:58:27.645452591,T,IBM,F,100,275.14
2025-10-14,9:58:48.060081123,T,IBM,F I,5,275.26
2025-10-14,9:58:48.060084073,T,IBM,F I,1,275.22
2025-10-14,9:58:48.060084073,T,IBM,F I,9,275.22
2025-10-14,9:58:56.506330937,T,IBM,I,3,275.22
2025-10-14,9:58:56.507338304,T,IBM,I,3,275.22
2025-10-14,9:58:56.727122603,T,IBM,,100,275.3
2025-10-14,9:58:58.402302642,T,IBM,F,100,275.32
2025-10-14,9:58:58.605367065,T,IBM,F I,1,275.37
2025-10-14,9:59:00.618768298,T,IBM,F I,1,275.38
2025-10-14,9:59:01.235257320,T,IBM,F I,7,275.26
2025-10-14,9:59:01.235259975,T,IBM,F I,2,275.21
2025-10-14,9:59:01.235512799,T,IBM,I,1,275.21
2025-10-14,9:59:01.235879447,T,IBM,F I,1,275.16
2025-10-14,9:59:01.236237310,T,IBM,I,5,275.16
2025-10-14,9:59:01.236252382,T,IBM,F I,1,275.16
2025-10-14,9:59:02.113819547,T,IBM,F,100,275.12
2025-10-14,9:59:02.114021604,T,IBM,F,100,275.12
2025-10-14,9:59:02.114069088,T,IBM,F I,8,275.12
2025-10-14,9:59:02.115990722,T,IBM,F I,6,275.09
2025-10-14,9:59:02.323514750,T,IBM,F,100,275.04
2025-10-14,9:59:02.524706252,T,IBM,I,10,274.98
2025-10-14,9:59:02.524706252,T,IBM,I,5,275.0
2025-10-14,9:59:02.524708690,T,IBM,I,85,275.01
2025-10-14,9:59:05.744134090,T,IBM,F I,15,274.87
2025-10-14,9:59:05.744732530,T,IBM,F I,1,274.78
2025-10-14,9:59:06.018122439,T,IBM,F,100,274.71
2025-10-14,9:59:06.801105419,T,IBM,F I,5,274.8
2025-10-14,9:59:06.801237696,T,IBM,F I,1,274.82
2025-10-14,9:59:06.801304225,T,IBM,F I,1,274.82
2025-10-14,9:59:06.801331328,T,IBM,F I,8,274.82
2025-10-14,9:59:06.801331328,T,IBM,F I,1,274.83
2025-10-14,9:59:07.120161982,T,IBM,I,1,274.85
2025-10-14,9:59:08.882465617,T,IBM,F,200,274.91
2025-10-14,9:59:08.882465617,T,IBM,F I,10,274.85
2025-10-14,9:59:08.882471464,T,IBM,F I,5,274.84
2025-10-14,9:59:08.882471464,T,IBM,F I,10,274.82
2025-10-14,9:59:08.882474440,T,IBM,F,100,274.8
2025-10-14,9:59:08.882474440,T,IBM,F,200,274.785
2025-10-14,9:59:08.882477601,T,IBM,F,100,274.77
2025-10-14,9:59:08.882480840,T,IBM,F,100,274.74
2025-10-14,9:59:08.882480840,T,IBM,F,100,274.73
2025-10-14,9:59:08.882483472,T,IBM,F I,54,274.73
2025-10-14,9:59:08.882516608,T,IBM,F I,5,274.84
2025-10-14,9:59:08.882564708,T,IBM,F,300,274.84
2025-10-14,9:59:12.546243662,T,IBM,F I,9,274.85
2025-10-14,9:59:12.546243662,T,IBM,F I,1,274.85
2025-10-14,9:59:16.849322905,T,IBM,F,100,274.98
2025-10-14,9:59:16.880850084,T,IBM,I,10,274.97
2025-10-14,9:59:16.880850084,T,IBM,I,10,274.92
2025-10-14,9:59:16.880852930,T,IBM,I,1,274.92
2025-10-14,9:59:18.730451273,T,IBM,I,10,274.96
2025-10-14,9:59:19.028108850,T,IBM,I,1,274.94
2025-10-14,9:59:21.129929686,T,IBM,I,1,274.86
2025-10-14,9:59:23.430535696,T,IBM,I,1,274.88
2025-10-14,9:59:24.291644634,T,IBM,I,10,274.94
2025-10-14,9:59:24.291644634,T,IBM,I,5,274.96
2025-10-14,9:59:24.291647700,T,IBM,I,10,274.97
2025-10-14,9:59:25.956630458,T,IBM,I,10,275.02
2025-10-14,9:59:26.265943864,T,IBM,F I,1,275.07
2025-10-14,9:59:26.870476044,T,IBM,I,10,275.11
2025-10-14,9:59:28.400611830,T,IBM,,100,275.08
2025-10-14,9:59:28.711597299,T,IBM,,100,275.06
2025-10-14,9:59:41.067989710,T,IBM,F I,1,275.14
2025-10-14,9:59:41.915704875,T,IBM,F I,1,275.15
2025-10-14,9:59:42.360039640,T,IBM,F I,5,275.11
2025-10-14,9:59:42.360042650,T,IBM,F,100,275.085
2025-10-14,9:59:42.360045766,T,IBM,F I,10,275.08
2025-10-14,9:59:42.360049390,T,IBM,F I,10,275.08
2025-10-14,9:59:42.360049390,T,IBM,F,200,275.04
2025-10-14,9:59:42.360052582,T,IBM,F,100,274.99
2025-10-14,9:59:42.360054985,T,IBM,F,100,274.99
2025-10-14,9:59:42.360054985,T,IBM,F,100,274.98
2025-10-14,9:59:42.360058158,T,IBM,F,100,274.97
2025-10-14,9:59:42.360058158,T,IBM,F,100,274.96
2025-10-14,9:59:42.360061616,T,IBM,F I,50,274.95
2025-10-14,9:59:42.360061616,T,IBM,F,100,274.94
2025-10-14,9:59:42.360063744,T,IBM,F I,24,274.94
2025-10-14,9:59:58.635837189,T,IBM,F I,1,275.14
2025-10-14,9:59:58.635837189,T,IBM,F I,10,275.14
2025-10-14,9:59:59.062757484,T,IBM,F,100,275.04
2025-10-14,9:59:59.210315739,T,IBM,F I,5,275.05
2025-10-14,10:00:00.186544860,T,IBM,F,100,275.11
2025-10-14,10:00:06.623026113,T,IBM,F I,10,275.17
2025-10-14,10:00:06.623997387,T,IBM,F,100,275.17
2025-10-14,10:00:07.864333160,T,IBM,F I,95,275.25
2025-10-14,10:00:07.864333160,T,IBM,F I,2,275.25
2025-10-14,10:00:07.864528724,T,IBM,F I,1,275.29
2025-10-14,10:00:07.865518019,T,IBM,F I,24,275.37
2025-10-14,10:00:07.865518019,T,IBM,F I,1,275.37
2025-10-14,10:00:07.865521072,T,IBM,F I,49,275.37
2025-10-14,10:00:07.867584012,T,IBM,I,16,275.26
2025-10-14,10:00:12.606232075,T,IBM,F,100,275.34
2025-10-14,10:00:12.606701226,T,IBM,F I,20,275.38
2025-10-14,10:00:12.606704260,T,IBM,F I,73,275.38
2025-10-14,10:00:16.440792925,T,IBM,I,30,275.24
2025-10-14,10:00:18.728795880,T,IBM,F I,4,275.22
2025-10-14,10:00:18.729090671,T,IBM,I,5,275.13
2025-10-14,10:00:18.729096608,T,IBM,F I,11,275.08
2025-10-14,10:00:18.729099699,T,IBM,F I,84,275.08
2025-10-14,10:00:19.182326671,T,IBM,F I,56,274.9
2025-10-14,10:00:23.744072621,T,IBM,F I,1,275.02
2025-10-14,10:00:23.744093675,T,IBM,F,500,275.02
2025-10-14,10:00:45.877560529,T,IBM,F I,10,275.02
2025-10-14,10:00:45.877563815,T,IBM,F I,5,275.02
2025-10-14,10:00:45.877563815,T,IBM,F I,10,274.99
2025-10-14,10:00:45.877566321,T,IBM,F I,26,274.96
2025-10-14,10:00:48.750515868,T,IBM,F I,2,274.87
2025-10-14,10:00:48.752010376,T,IBM,F I,16,274.87
2025-10-14,10:00:48.753730544,T,IBM,F I,82,274.87
2025-10-14,10:00:48.753730544,T,IBM,F I,2,274.86
2025-10-14,10:00:48.753733546,T,IBM,F I,68,274.86
2025-10-14,10:00:48.753748569,T,IBM,I,1,274.86
2025-10-14,10:00:48.753757536,T,IBM,F,100,274.96
2025-10-14,10:00:48.754244884,T,IBM,I,9,274.95
2025-10-14,10:00:48.754392023,T,IBM,F I,1,274.96
2025-10-14,10:00:48.754440220,T,IBM,I,1,274.96
2025-10-14,10:00:48.754569465,T,IBM,I,1,274.96
2025-10-14,10:00:48.755173950,T,IBM,F I,4,274.99
2025-10-14,10:01:12.634603135,T,IBM,F I,2,275.14
2025-10-14,10:01:12.655066818,T,IBM,F I,2,275.14
2025-10-14,10:01:12.865059911,T,IBM,I,96,275.14
2025-10-14,10:01:12.865063374,T,IBM,I,1,275.15
2025-10-14,10:01:12.865065728,T,IBM,I,1,275.15
2025-10-14,10:01:12.868587071,T,IBM,I,5,275.15
2025-10-14,10:01:12.868884833,T,IBM,I,1,275.15
2025-10-14,10:01:12.870304345,T,IBM,I,28,275.15
2025-10-14,10:01:12.870304345,T,IBM,,100,275.15
2025-10-14,10:01:12.870514759,T,IBM,I,16,275.15
2025-10-14,10:01:17.359839305,T,IBM,F I,1,275.23
2025-10-14,10:01:17.735773323,T,IBM,F I,1,275.25
2025-10-14,10:01:20.124197395,T,IBM,I,2,275.245
2025-10-14,10:01:21.279565983,T,IBM,F,150,275.11
2025-10-14,10:01:33.715777427,T,IBM,I,55,275.07
2025-10-14,10:01:38.468880989,T,IBM,F I,8,275.0
2025-10-14,10:01:38.469193728,T,IBM,F,100,275.0
2025-10-14,10:01:49.034588484,T,IBM,I,23,275.0
2025-10-14,10:01:49.045937504,T,IBM,F,100,274.83
2025-10-14,10:01:49.045961509,T,IBM,F I,6,274.82
2025-10-14,10:01:49.045967739,T,IBM,F I,25,274.82
2025-10-14,10:01:49.045991638,T,IBM,F I,45,274.81
2025-10-14,10:01:49.046009664,T,IBM,F I,39,274.79
2025-10-14,10:01:49.070304496,T,IBM,I,40,274.84
2025-10-14,10:01:49.070307685,T,IBM,I,5,274.84
2025-10-14,10:01:49.070310519,T,IBM,I,55,274.85
2025-10-14,10:01:49.170614286,T,IBM,F I,40,274.88
2025-10-14,10:01:49.170641356,T,IBM,I,3,274.91
2025-10-14,10:01:49.170677787,T,IBM,I,2,274.92
2025-10-14,10:01:49.170677787,T,IBM,I,1,274.92
2025-10-14,10:01:49.170837192,T,IBM,F,100,274.94
2025-10-14,10:01:49.170890966,T,IBM,F,100,274.94
2025-10-14,10:01:49.246247324,T,IBM,F I,10,274.99
2025-10-14,10:01:50.202010194,T,IBM,F I,10,274.93
2025-10-14,10:01:50.202012688,T,IBM,F I,5,274.9
2025-10-14,10:01:50.202015759,T,IBM,F I,10,274.9
2025-10-14,10:01:50.202015759,T,IBM,F I,23,274.88
2025-10-14,10:01:59.310156511,T,IBM,F I,1,274.95
2025-10-14,10:01:59.310156511,T,IBM,F I,1,274.95
2025-10-14,10:01:59.310201703,T,IBM,F,205,274.95
2025-10-14,10:01:59.310505330,T,IBM,I,1,274.95
2025-10-14,10:02:00.972577198,T,IBM,,100,275.025
2025-10-14,10:02:15.328390929,T,IBM,F I,50,275.01
2025-10-14,10:02:15.328390929,T,IBM,I,50,275.01
2025-10-14,10:02:15.328397503,T,IBM,I,34,275.0
2025-10-14,10:02:15.328397503,T,IBM,I,16,275.0
2025-10-14,10:02:15.328694564,T,IBM,,100,274.99
2025-10-14,10:02:16.490200730,T,IBM,F I,31,274.87
2025-10-14,10:02:16.490269886,T,IBM,F I,31,274.87
2025-10-14,10:02:16.490480484,T,IBM,F I,31,274.87
2025-10-14,10:02:16.490546641,T,IBM,F I,7,274.87
2025-10-14,10:02:16.490546641,T,IBM,F I,24,274.86
2025-10-14,10:02:16.490615817,T,IBM,I,7,274.86
2025-10-14,10:02:16.491656195,T,IBM,,100,274.87
2025-10-14,10:02:16.491716355,T,IBM,F I,39,274.86
2025-10-14,10:02:27.929313525,T,IBM,F I,6,274.81
2025-10-14,10:02:27.929316718,T,IBM,F,100,274.81
2025-10-14,10:02:27.929316718,T,IBM,F I,50,274.81
2025-10-14,10:02:27.929320170,T,IBM,F I,40,274.81
2025-10-14,10:02:27.929322550,T,IBM,F I,56,274.8
2025-10-14,10:02:43.018028905,T,IBM,F I,10,274.93
2025-10-14,10:02:43.499210521,T,IBM,F I,4,274.99
2025-10-14,10:02:43.499223164,T,IBM,F I,1,274.99
2025-10-14,10:02:43.499223164,T,IBM,F I,3,275.0
2025-10-14,10:02:43.499225574,T,IBM,F I,1,275.0
2025-10-14,10:02:43.499490545,T,IBM,I,2,275.01
2025-10-14,10:02:43.584965612,T,IBM,,100,274.985
2025-10-14,10:02:44.105775573,T,IBM,,100,274.985
2025-10-14,10:03:03.702258735,T,IBM,F I,86,274.91
2025-10-14,10:03:03.702351817,T,IBM,F I,14,274.91
2025-10-14,10:03:03.704123142,T,IBM,F,100,274.83
2025-10-14,10:03:03.704123142,T,IBM,F I,10,274.82
2025-10-14,10:03:03.704126020,T,IBM,F I,5,274.82
2025-10-14,10:03:03.704129101,T,IBM,F I,25,274.82
2025-10-14,10:03:03.704129101,T,IBM,F I,21,274.82
2025-10-14,10:03:03.704992107,T,IBM,F I,14,274.86
2025-10-14,10:03:03.704992107,T,IBM,F I,4,274.86
2025-10-14,10:03:03.705004176,T,IBM,F I,40,274.86
2025-10-14,10:03:13.115914636,T,IBM,,100,274.83
2025-10-14,10:03:21.690705573,T,IBM,F,100,274.83
2025-10-14,10:03:21.690709602,T,IBM,F I,14,274.82
2025-10-14,10:03:21.690709602,T,IBM,F I,11,274.82
2025-10-14,10:03:21.690711592,T,IBM,F I,11,274.82
2025-10-14,10:03:21.691529527,T,IBM,,100,274.83
2025-10-14,10:03:29.563469599,T,IBM,I,16,274.83
2025-10-14,10:03:29.563478183,T,IBM,I,18,274.83
2025-10-14,10:03:29.563535307,T,IBM,I,18,274.83
2025-10-14,10:03:29.563541370,T,IBM,I,18,274.83
2025-10-14,10:03:29.563553407,T,IBM,I,18,274.83
2025-10-14,10:03:29.563559859,T,IBM,F I,12,274.83
2025-10-14,10:03:29.563562349,T,IBM,F I,6,274.82
2025-10-14,10:03:29.563580426,T,IBM,F I,7,274.82
2025-10-14,10:03:29.563583459,T,IBM,F I,5,274.82
2025-10-14,10:03:30.987470412,T,IBM,F I,5,274.78
2025-10-14,10:03:30.987936568,T,IBM,I,1,274.77
2025-10-14,10:03:30.987936568,T,IBM,I,8,274.77
2025-10-14,10:03:30.987940357,T,IBM,I,1,274.77
2025-10-14,10:03:30.987940357,T,IBM,F I,9,274.77
2025-10-14,10:03:30.987942496,T,IBM,F I,9,274.77
2025-10-14,10:03:30.987963519,T,IBM,I,8,274.77
2025-10-14,10:03:30.988291369,T,IBM,I,8,274.77
2025-10-14,10:03:33.804973885,T,IBM,F I,40,274.79
2025-10-14,10:03:36.224410834,T,IBM,F I,29,274.71
2025-10-14,10:03:36.225171659,T,IBM,F I,10,274.78
2025-10-14,10:03:36.225201896,T,IBM,F I,1,274.81
2025-10-14,10:03:36.226558395,T,IBM,F I,3,274.74
2025-10-14,10:03:36.226560999,T,IBM,F I,17,274.74
2025-10-14,10:04:06.568739286,T,IBM,I,40,274.8
2025-10-14,10:04:27.966971017,T,IBM,I,16,274.87
2025-10-14,10:04:28.167891336,T,IBM,,100,274.74
2025-10-14,10:04:28.168357521,T,IBM,I,18,274.8
2025-10-14,10:04:28.168532309,T,IBM,I,1,274.83
2025-10-14,10:04:28.168532309,T,IBM,I,32,274.84
2025-10-14,10:04:28.168535056,T,IBM,I,18,274.85
2025-10-14,10:04:28.168535056,T,IBM,I,7,274.85
2025-10-14,10:04:28.168576982,T,IBM,I,9,274.8
2025-10-14,10:04:28.168607064,T,IBM,I,32,274.85
2025-10-14,10:04:28.168718413,T,IBM,F I,1,274.85
2025-10-14,10:04:28.168754390,T,IBM,F I,1,274.83
2025-10-14,10:04:31.210796600,T,IBM,F I,3,274.9
2025-10-14,10:04:31.210959042,T,IBM,F I,3,274.91
2025-10-14,10:04:31.212721250,T,IBM,F I,27,274.96
2025-10-14,10:04:31.214146641,T,IBM,F I,27,274.96
2025-10-14,10:04:31.225038589,T,IBM,,100,274.94
2025-10-14,10:04:31.225041576,T,IBM,I,87,274.95
2025-10-14,10:04:31.225041576,T,IBM,I,83,274.95
2025-10-14,10:04:31.228583988,T,IBM,I,4,274.87
2025-10-14,10:04:36.503528932,T,IBM,F I,45,274.8
2025-10-14,10:04:36.503709392,T,IBM,F I,55,274.8
2025-10-14,10:04:41.555114245,T,IBM,I,10,274.85
2025-10-14,10:04:42.365248917,T,IBM,I,10,274.84
2025-10-14,10:04:42.365248917,T,IBM,I,90,274.85
2025-10-14,10:04:42.365345150,T,IBM,F,100,274.9
2025-10-14,10:04:42.365345150,T,IBM,F I,50,274.91
2025-10-14,10:04:42.365366192,T,IBM,F,300,274.85
2025-10-14,10:04:42.365369269,T,IBM,F I,11,274.91
2025-10-14,10:04:42.365375281,T,IBM,I,39,274.91
2025-10-14,10:04:42.365381426,T,IBM,,100,274.91
2025-10-14,10:04:42.365384238,T,IBM,I,50,274.91
2025-10-14,10:04:42.365384238,T,IBM,,100,274.93
2025-10-14,10:04:42.365387473,T,IBM,I,32,274.94
2025-10-14,10:04:42.365387473,T,IBM,I,34,274.95
2025-10-14,10:04:42.365405523,T,IBM,I,66,274.95
2025-10-14,10:04:42.365405523,T,IBM,,100,274.95
2025-10-14,10:04:42.365408899,T,IBM,,100,274.95
2025-10-14,10:04:42.365411911,T,IBM,,200,274.95
2025-10-14,10:04:42.365432398,T,IBM,F I,27,274.96
2025-10-14,10:04:42.365462414,T,IBM,,100,274.95
2025-10-14,10:04:42.365483470,T,IBM,F,520,274.945
2025-10-14,10:04:42.367077349,T,IBM,F I,9,274.9
2025-10-14,10:04:42.367080296,T,IBM,F I,22,274.9
2025-10-14,10:04:42.367117004,T,IBM,F I,78,274.9
2025-10-14,10:04:42.367119769,T,IBM,F I,5,274.87
2025-10-14,10:04:42.367122456,T,IBM,F I,32,274.86
2025-10-14,10:04:42.367224867,T,IBM,F,100,274.85
2025-10-14,10:04:42.367480255,T,IBM,F I,4,274.75
2025-10-14,10:04:42.367547331,T,IBM,F I,96,274.75
2025-10-14,10:04:42.367547331,T,IBM,F,100,274.74
2025-10-14,10:04:42.367549428,T,IBM,F,100,274.74
2025-10-14,10:04:42.367600577,T,IBM,,100,274.75
2025-10-14,10:04:42.367630610,T,IBM,F,100,274.75
2025-10-14,10:04:42.367630610,T,IBM,F,100,274.75
2025-10-14,10:04:42.367652230,T,IBM,I,10,274.75
2025-10-14,10:04:42.367654699,T,IBM,,189,274.76
2025-10-14,10:04:42.368097299,T,IBM,I,5,274.81
2025-10-14,10:04:42.368097299,T,IBM,I,1,274.83
2025-10-14,10:04:42.368908620,T,IBM,F I,1,274.8
2025-10-14,10:04:42.368935748,T,IBM,F I,99,274.8
2025-10-14,10:04:45.013241994,T,IBM,F I,1,274.8
2025-10-14,10:04:45.037810480,T,IBM,I,29,274.81
2025-10-14,10:04:45.038363814,T,IBM,I,11,274.81
2025-10-14,10:04:45.038363814,T,IBM,I,18,274.82
2025-10-14,10:04:47.060338438,T,IBM,I,1,274.77
2025-10-14,10:04:47.060369143,T,IBM,F I,3,274.77
2025-10-14,10:04:47.060398581,T,IBM,I,72,274.77
2025-10-14,10:04:47.060410580,T,IBM,F I,25,274.77
2025-10-14,10:04:47.060414108,T,IBM,F I,39,274.77
2025-10-14,10:04:47.060414108,T,IBM,F I,6,274.77
2025-10-14,10:04:47.060416556,T,IBM,I,55,274.77
2025-10-14,10:04:47.060738344,T,IBM,I,21,274.72
2025-10-14,10:04:47.060831535,T,IBM,I,21,274.71
2025-10-14,10:04:47.060888676,T,IBM,I,6,274.73
2025-10-14,10:04:47.060912828,T,IBM,I,4,274.73
2025-10-14,10:04:47.060912828,T,IBM,I,1,274.73
2025-10-14,10:04:47.060915804,T,IBM,I,9,274.73
2025-10-14,10:04:47.060930834,T,IBM,I,4,274.73
2025-10-14,10:04:47.061291620,T,IBM,I,9,274.79
2025-10-14,10:04:48.955585407,T,IBM,I,10,274.78
2025-10-14,10:04:55.031099212,T,IBM,F I,21,274.71
2025-10-14,10:04:55.031160656,T,IBM,F,100,274.7
2025-10-14,10:04:55.031165539,T,IBM,F I,8,274.69
2025-10-14,10:04:55.031252562,T,IBM,F,100,274.67
2025-10-14,10:04:55.031649610,T,IBM,,100,274.71
2025-10-14,10:04:55.031727983,T,IBM,F I,36,274.71
2025-10-14,10:05:07.736545085,T,IBM,I,15,274.67
2025-10-14,10:05:07.736662687,T,IBM,F I,4,274.65
2025-10-14,10:05:07.736666578,T,IBM,F I,10,274.65
2025-10-14,10:05:07.736671821,T,IBM,F I,10,274.65
2025-10-14,10:05:07.736671821,T,IBM,F,100,274.65
2025-10-14,10:05:07.736674595,T,IBM,F I,6,274.65
2025-10-14,10:05:07.736698437,T,IBM,I,8,274.63
2025-10-14,10:05:14.190013792,T,IBM,F I,5,274.54
2025-10-14,10:05:14.190497993,T,IBM,F I,1,274.53
2025-10-14,10:05:14.190497993,T,IBM,F I,12,274.53
2025-10-14,10:05:14.190500884,T,IBM,F I,12,274.52
2025-10-14,10:05:14.190564193,T,IBM,F,100,274.5
2025-10-14,10:05:14.190564193,T,IBM,F I,6,274.5
2025-10-14,10:05:14.190567135,T,IBM,F,100,274.5
2025-10-14,10:05:14.190591105,T,IBM,F I,6,274.49
2025-10-14,10:05:14.190997179,T,IBM,F I,15,274.46
2025-10-14,10:05:14.191367014,T,IBM,F I,1,274.38
2025-10-14,10:05:15.607330092,T,IBM,F,100,274.49
2025-10-14,10:05:19.677628190,T,IBM,F I,3,274.59
2025-10-14,10:05:19.686799991,T,IBM,,200,274.515
2025-10-14,10:05:19.690255163,T,IBM,,150,274.515
2025-10-14,10:05:19.692618857,T,IBM,,100,274.515
2025-10-14,10:05:19.702310876,T,IBM,,100,274.515
2025-10-14,10:05:19.705330049,T,IBM,,100,274.515
2025-10-14,10:05:19.830626382,T,IBM,I,3,274.56
2025-10-14,10:05:19.839347131,T,IBM,,100,274.515
2025-10-14,10:05:19.839404271,T,IBM,,100,274.515
2025-10-14,10:05:19.841894146,T,IBM,,150,274.515
2025-10-14,10:05:19.853640183,T,IBM,,100,274.515
2025-10-14,10:05:19.853691329,T,IBM,,100,274.515
2025-10-14,10:05:19.856178160,T,IBM,,150,274.515
2025-10-14,10:05:19.856241317,T,IBM,,159,274.515
2025-10-14,10:05:19.858779387,T,IBM,,150,274.515
2025-10-14,10:05:19.867184394,T,IBM,,100,274.515
2025-10-14,10:05:19.867235485,T,IBM,,100,274.515
2025-10-14,10:05:19.869716395,T,IBM,,150,274.515
2025-10-14,10:05:19.869797681,T,IBM,,124,274.515
2025-10-14,10:05:19.871803434,T,IBM,,200,274.515
2025-10-14,10:05:19.872335672,T,IBM,I,67,274.515
2025-10-14,10:05:19.988466113,T,IBM,,100,274.515
2025-10-14,10:05:19.988466113,T,IBM,,100,274.515
2025-10-14,10:05:19.991040416,T,IBM,,150,274.515
2025-10-14,10:05:20.012869292,T,IBM,,100,274.515
2025-10-14,10:05:20.015431388,T,IBM,,300,274.515
2025-10-14,10:05:20.019569222,T,IBM,,100,274.515
2025-10-14,10:05:20.040414864,T,IBM,,100,274.515
2025-10-14,10:05:20.040483930,T,IBM,,100,274.515
2025-10-14,10:05:20.042973847,T,IBM,,400,274.515
2025-10-14,10:05:20.955415100,T,IBM,,100,274.515
2025-10-14,10:05:20.955472229,T,IBM,,100,274.515
2025-10-14,10:05:20.957989210,T,IBM,,520,274.515
2025-10-14,10:05:20.968691686,T,IBM,,100,274.515
2025-10-14,10:05:20.968739783,T,IBM,,100,274.515
2025-10-14,10:05:20.971307928,T,IBM,,314,274.515
2025-10-14,10:05:20.982040525,T,IBM,,100,274.515
2025-10-14,10:05:20.982085654,T,IBM,,100,274.515
2025-10-14,10:05:20.984599572,T,IBM,,200,274.515
2025-10-14,10:05:20.984614659,T,IBM,,150,274.515
2025-10-14,10:05:21.978125892,T,IBM,,100,274.515
2025-10-14,10:05:21.978177035,T,IBM,,100,274.515
2025-10-14,10:05:22.007006695,T,IBM,,216,274.515
2025-10-14,10:05:22.741424221,T,IBM,,100,274.515
2025-10-14,10:05:22.741424221,T,IBM,,100,274.515
2025-10-14,10:05:28.548524927,T,IBM,I,45,274.51
2025-10-14,10:05:38.402489216,T,IBM,F I,20,274.25
2025-10-14,10:05:38.402549364,T,IBM,I,46,274.25
2025-10-14,10:05:38.402642886,T,IBM,I,45,274.3
2025-10-14,10:05:38.402645588,T,IBM,I,16,274.35
2025-10-14,10:05:40.310615849,T,IBM,F I,10,274.23
2025-10-14,10:05:40.310652587,T,IBM,F I,20,274.22
2025-10-14,10:05:40.310652587,T,IBM,F I,4,274.21
2025-10-14,10:05:40.310657975,T,IBM,F I,74,274.21
2025-10-14,10:05:40.310657975,T,IBM,F I,3,274.21
2025-10-14,10:05:40.310679038,T,IBM,I,1,274.21
2025-10-14,10:05:40.310679038,T,IBM,I,19,274.21
2025-10-14,10:05:44.361250179,T,IBM,,100,274.225
2025-10-14,10:05:44.363364133,T,IBM,,134,274.225
2025-10-14,10:05:47.288475980,T,IBM,F I,53,274.15
2025-10-14,10:05:47.288560236,T,IBM,I,15,274.15
2025-10-14,10:05:47.288680506,T,IBM,F I,33,274.19
2025-10-14,10:05:47.288780173,T,IBM,I,1,274.15
2025-10-14,10:05:47.288782675,T,IBM,I,13,274.15
2025-10-14,10:05:47.288812857,T,IBM,I,33,274.2
2025-10-14,10:05:47.288834066,T,IBM,I,1,274.19
2025-10-14,10:05:47.288834066,T,IBM,I,61,274.19
2025-10-14,10:05:49.058477738,T,IBM,F I,19,274.15
2025-10-14,10:05:49.058480696,T,IBM,F I,49,274.15
2025-10-14,10:05:52.291237121,T,IBM,F I,16,274.02
2025-10-14,10:05:52.291255007,T,IBM,F I,20,274.01
2025-10-14,10:05:52.291258004,T,IBM,F,100,274.0
2025-10-14,10:05:52.291258004,T,IBM,F I,10,274.0
2025-10-14,10:05:52.291288084,T,IBM,I,1,274.0
2025-10-14,10:05:52.291315090,T,IBM,F I,19,274.0
2025-10-14,10:05:52.298956267,T,IBM,I,5,273.96
2025-10-14,10:05:52.303608325,T,IBM,I,1,273.91
2025-10-14,10:05:58.940862573,T,IBM,I,39,273.92
2025-10-14,10:05:58.941031005,T,IBM,F I,1,273.84
2025-10-14,10:06:03.701267605,T,IBM,F I,5,273.88
2025-10-14,10:06:06.768362435,T,IBM,I,1,273.96
2025-10-14,10:06:10.247687665,T,IBM,I,1,273.96
2025-10-14,10:06:17.331703466,T,IBM,F I,52,273.87
2025-10-14,10:06:17.331706812,T,IBM,F I,8,273.85
2025-10-14,10:06:17.332386118,T,IBM,I,13,273.8
2025-10-14,10:06:17.334355741,T,IBM,F I,15,273.75
2025-10-14,10:06:17.334457998,T,IBM,F I,15,273.75
2025-10-14,10:06:17.334506159,T,IBM,F I,15,273.75
2025-10-14,10:06:17.334903054,T,IBM,I,8,273.8
2025-10-14,10:06:17.334963160,T,IBM,I,8,273.82
2025-10-14,10:06:17.334963160,T,IBM,I,1,273.82
2025-10-14,10:06:17.334984297,T,IBM,I,8,273.82
2025-10-14,10:06:18.768015776,T,IBM,F I,2,273.7
2025-10-14,10:06:18.768018898,T,IBM,F I,2,273.7
2025-10-14,10:06:29.496125104,T,IBM,F I,36,273.51
2025-10-14,10:06:29.496143120,T,IBM,F I,2,273.5
2025-10-14,10:06:29.496419773,T,IBM,I,40,273.51
2025-10-14,10:06:29.496579118,T,IBM,I,41,273.54
2025-10-14,10:06:29.496735663,T,IBM,F I,9,273.5
2025-10-14,10:06:29.496738611,T,IBM,I,1,273.52
2025-10-14,10:06:29.496762697,T,IBM,,301,273.515
2025-10-14,10:06:29.496762697,T,IBM,I,1,273.51
2025-10-14,10:06:29.496765582,T,IBM,I,1,273.51
2025-10-14,10:06:29.496771628,T,IBM,I,98,273.51
2025-10-14,10:06:29.496774611,T,IBM,,203,273.515
2025-10-14,10:06:29.496916024,T,IBM,I,1,273.42
2025-10-14,10:06:29.496943020,T,IBM,F I,15,273.47
2025-10-14,10:06:29.496943020,T,IBM,F,286,273.48
2025-10-14,10:06:29.497060352,T,IBM,F,110,273.48
2025-10-14,10:06:29.502617609,T,IBM,I,45,273.46
2025-10-14,10:06:29.502677745,T,IBM,I,45,273.465
2025-10-14,10:06:29.502704726,T,IBM,I,10,273.465
2025-10-14,10:06:40.420051587,T,IBM,I,19,273.5
2025-10-14,10:06:40.420397331,T,IBM,I,1,273.5
2025-10-14,10:06:53.569871155,T,IBM,F,100,273.48
2025-10-14,10:06:53.569874496,T,IBM,F I,51,273.48
2025-10-14,10:06:53.569874496,T,IBM,F I,25,273.48
2025-10-14,10:06:53.569919309,T,IBM,F,100,273.48
2025-10-14,10:06:54.122400594,T,IBM,F I,60,273.31
2025-10-14,10:06:54.122668292,T,IBM,F,100,273.31
2025-10-14,10:06:54.213009280,T,IBM,F I,10,273.37
2025-10-14,10:07:00.032565865,T,IBM,F I,28,273.3
2025-10-14,10:07:00.032571891,T,IBM,F I,1,273.3
2025-10-14,10:07:02.841520205,T,IBM,I,13,273.33
2025-10-14,10:07:02.841523867,T,IBM,I,14,273.33
2025-10-14,10:07:02.841817931,T,IBM,I,27,273.38
2025-10-14,10:07:02.841844989,T,IBM,I,4,273.38
2025-10-14,10:07:03.009770781,T,IBM,I,3,273.39
2025-10-14,10:07:03.009770781,T,IBM,I,1,273.39
2025-10-14,10:07:03.644687253,T,IBM,F I,5,273.38
2025-10-14,10:07:19.067555237,T,IBM,I,3,273.365
2025-10-14,10:07:20.930066257,T,IBM,I,10,273.365
2025-10-14,10:07:21.078213972,T,IBM,I,45,273.37
2025-10-14,10:07:30.129068040,T,IBM,I,1,273.32
2025-10-14,10:07:30.138997690,T,IBM,F I,38,273.33
2025-10-14,10:07:30.344503891,T,IBM,F I,5,273.32
2025-10-14,10:07:34.540236482,T,IBM,F I,1,273.2
2025-10-14,10:07:37.959460624,T,IBM,F I,3,273.12
2025-10-14,10:07:37.959962834,T,IBM,I,70,273.13
2025-10-14,10:07:37.960311592,T,IBM,,300,273.13
2025-10-14,10:07:37.960534218,T,IBM,F I,3,273.13
2025-10-14,10:07:40.659099210,T,IBM,I,1,273.09
2025-10-14,10:07:40.659101707,T,IBM,,100,273.09
2025-10-14,10:07:40.659104675,T,IBM,I,3,273.09
2025-10-14,10:07:40.659104675,T,IBM,I,1,273.04
2025-10-14,10:07:40.659107675,T,IBM,I,20,273.01
2025-10-14,10:07:40.659110703,T,IBM,I,3,273.0
2025-10-14,10:07:40.659110703,T,IBM,I,3,273.0
2025-10-14,10:08:11.967933773,T,IBM,I,51,273.09
2025-10-14,10:08:11.967933773,T,IBM,I,29,273.02
2025-10-14,10:08:11.967951819,T,IBM,I,1,273.06
2025-10-14,10:08:11.967957967,T,IBM,I,19,273.06
2025-10-14,10:08:11.967957967,T,IBM,I,81,273.09
2025-10-14,10:08:11.967964048,T,IBM,I,1,273.02
2025-10-14,10:08:11.967981932,T,IBM,I,13,273.05
2025-10-14,10:08:11.967988616,T,IBM,,102,273.0
2025-10-14,10:08:11.967988616,T,IBM,,102,273.0
2025-10-14,10:08:11.967991111,T,IBM,I,1,273.0
2025-10-14,10:08:11.967994206,T,IBM,I,9,273.0
2025-10-14,10:08:11.967996988,T,IBM,I,5,273.0
2025-10-14,10:08:11.968003474,T,IBM,F I,9,273.05
2025-10-14,10:08:11.968007310,T,IBM,F I,3,273.05
2025-10-14,10:08:11.968018016,T,IBM,F I,4,273.05
2025-10-14,10:08:11.968073042,T,IBM,I,5,273.0
2025-10-14,10:08:11.968075304,T,IBM,I,7,273.0
2025-10-14,10:08:11.968652442,T,IBM,F I,5,272.99
2025-10-14,10:08:11.968655495,T,IBM,F I,5,272.96
2025-10-14,10:08:11.968670484,T,IBM,F I,5,272.96
2025-10-14,10:08:12.101385441,T,IBM,F I,27,272.85
2025-10-14,10:08:12.101385441,T,IBM,F I,13,272.85
2025-10-14,10:08:12.101460621,T,IBM,F I,7,272.83
2025-10-14,10:08:12.111573761,T,IBM,I,5,272.8
2025-10-14,10:08:12.111754184,T,IBM,I,42,272.82
2025-10-14,10:08:16.803460607,T,IBM,I,20,272.805
2025-10-14,10:08:16.803463800,T,IBM,I,13,272.81
2025-10-14,10:08:16.803463800,T,IBM,I,13,272.83
2025-10-14,10:08:16.803466971,T,IBM,I,8,272.83
2025-10-14,10:08:16.803466971,T,IBM,I,1,272.83
2025-10-14,10:08:16.803490644,T,IBM,F I,22,272.83
2025-10-14,10:08:16.833282553,T,IBM,F I,32,272.9
2025-10-14,10:08:16.971380416,T,IBM,I,10,272.925
2025-10-14,10:08:16.971383311,T,IBM,I,11,272.94
2025-10-14,10:08:16.972514878,T,IBM,F,100,272.99
2025-10-14,10:08:16.972517055,T,IBM,F I,1,273.0
2025-10-14,10:08:16.972592294,T,IBM,I,99,273.0
2025-10-14,10:08:16.972592294,T,IBM,I,2,273.0
2025-10-14,10:08:16.972814809,T,IBM,F,101,272.95
2025-10-14,10:08:16.972841890,T,IBM,F I,99,272.95
2025-10-14,10:08:16.972841890,T,IBM,F I,51,272.97
2025-10-14,10:08:16.972893094,T,IBM,F I,98,273.0
2025-10-14,10:08:16.972893094,T,IBM,F I,3,273.0
2025-10-14,10:08:16.972992603,T,IBM,I,1,273.01
2025-10-14,10:08:16.972995170,T,IBM,,100,273.01
2025-10-14,10:08:16.972995170,T,IBM,,200,273.01
2025-10-14,10:08:16.973013337,T,IBM,I,1,273.01
2025-10-14,10:08:16.973013337,T,IBM,I,1,273.01
2025-10-14,10:08:16.973043341,T,IBM,I,98,273.01
2025-10-14,10:08:19.965831474,T,IBM,F I,3,273.01
2025-10-14,10:08:19.965834501,T,IBM,F I,97,273.01
2025-10-14,10:08:19.965838740,T,IBM,F I,5,273.02
2025-10-14,10:08:19.965846619,T,IBM,F I,2,273.02
2025-10-14,10:08:19.965870413,T,IBM,F I,3,273.02
2025-10-14,10:08:19.965876364,T,IBM,F I,7,273.02
2025-10-14,10:08:19.965904338,T,IBM,F I,3,273.07
2025-10-14,10:08:19.965912582,T,IBM,F I,7,273.07
2025-10-14,10:08:19.965931033,T,IBM,F I,22,273.07
2025-10-14,10:08:19.965931033,T,IBM,F,200,273.07
2025-10-14,10:08:19.965933751,T,IBM,F I,3,273.08
2025-10-14,10:08:19.965933751,T,IBM,F I,75,273.08
2025-10-14,10:08:19.965945495,T,IBM,F I,7,273.16
2025-10-14,10:08:19.965984604,T,IBM,F I,6,273.16
2025-10-14,10:08:19.965984604,T,IBM,F I,1,273.16
2025-10-14,10:08:19.966017963,T,IBM,F I,5,273.16
2025-10-14,10:08:19.966020766,T,IBM,F I,2,273.17
2025-10-14,10:08:19.966050858,T,IBM,F I,5,273.17
2025-10-14,10:08:19.966490069,T,IBM,F I,14,273.21
2025-10-14,10:08:19.966490069,T,IBM,F I,6,273.21
2025-10-14,10:08:19.966492905,T,IBM,F I,8,273.22
2025-10-14,10:08:19.966496712,T,IBM,F I,72,273.22
2025-10-14,10:08:19.966496712,T,IBM,F I,28,273.22
2025-10-14,10:08:19.966501921,T,IBM,F I,72,273.22
2025-10-14,10:08:19.966501921,T,IBM,F,100,273.22
2025-10-14,10:08:19.966501921,T,IBM,F I,28,273.22
2025-10-14,10:08:19.967404030,T,IBM,F I,1,273.32
2025-10-14,10:08:19.967431118,T,IBM,F I,6,273.32
2025-10-14,10:08:19.967431118,T,IBM,F I,15,273.32
2025-10-14,10:08:19.967458428,T,IBM,I,20,273.32
2025-10-14,10:08:19.967461137,T,IBM,I,16,273.33
2025-10-14,10:08:19.967464228,T,IBM,I,9,273.33
2025-10-14,10:08:19.967464228,T,IBM,I,15,273.33
2025-10-14,10:08:19.967464228,T,IBM,I,62,273.33
2025-10-14,10:08:19.967476188,T,IBM,F I,20,273.33
2025-10-14,10:08:19.967906251,T,IBM,F I,29,273.34
2025-10-14,10:08:19.985934086,T,IBM,I,5,273.28
2025-10-14,10:08:19.986036333,T,IBM,I,95,273.25
2025-10-14,10:08:19.986367190,T,IBM,I,6,273.26
2025-10-14,10:08:20.009991455,T,IBM,I,6,273.32
2025-10-14,10:08:20.010057566,T,IBM,F I,6,273.35
2025-10-14,10:08:20.010060576,T,IBM,F I,11,273.35
2025-10-14,10:08:20.010060576,T,IBM,I,6,273.35
2025-10-14,10:08:20.010088250,T,IBM,F I,3,273.35
2025-10-14,10:08:20.010091055,T,IBM,,100,273.36
2025-10-14,10:08:20.010111678,T,IBM,F I,4,273.37
2025-10-14,10:08:20.010231983,T,IBM,F I,2,273.38
2025-10-14,10:08:20.010746224,T,IBM,I,2,273.49
2025-10-14,10:08:20.700194462,T,IBM,I,40,273.52
2025-10-14,10:08:20.700197492,T,IBM,I,2,273.5
2025-10-14,10:08:23.969547884,T,IBM,I,12,273.6
2025-10-14,10:08:23.969550923,T,IBM,I,1,273.6
2025-10-14,10:08:23.969550923,T,IBM,I,1,273.6
2025-10-14,10:08:23.974620890,T,IBM,F I,15,273.73
2025-10-14,10:08:23.974620890,T,IBM,F I,2,273.73
2025-10-14,10:08:23.974623934,T,IBM,F I,17,273.73
2025-10-14,10:08:23.980394626,T,IBM,I,36,273.75
2025-10-14,10:08:24.308860667,T,IBM,I,9,273.75
2025-10-14,10:08:24.308860667,T,IBM,I,10,273.75
2025-10-14,10:08:25.759574268,T,IBM,F I,4,273.75
2025-10-14,10:08:25.765883307,T,IBM,F I,4,273.75
2025-10-14,10:08:25.772078105,T,IBM,F I,4,273.75
2025-10-14,10:08:25.778456264,T,IBM,F I,4,273.75
2025-10-14,10:08:25.786271878,T,IBM,F I,4,273.75
2025-10-14,10:08:25.790737457,T,IBM,F I,4,273.75
2025-10-14,10:08:25.796739761,T,IBM,F I,4,273.75
2025-10-14,10:08:25.802847454,T,IBM,F I,4,273.75
2025-10-14,10:08:25.808912752,T,IBM,F I,4,273.75
2025-10-14,10:08:25.815038392,T,IBM,F I,4,273.75
2025-10-14,10:08:25.821254098,T,IBM,F I,4,273.75
2025-10-14,10:08:26.323230233,T,IBM,I,4,273.75
2025-10-14,10:08:26.335030357,T,IBM,F I,4,273.75
2025-10-14,10:08:26.346956685,T,IBM,F I,3,273.77
2025-10-14,10:08:26.346956685,T,IBM,F I,1,273.77
2025-10-14,10:08:26.347025904,T,IBM,F I,2,273.77
2025-10-14,10:08:32.954151479,T,IBM,I,1,273.8
2025-10-14,10:08:35.825404918,T,IBM,I,30,273.81
2025-10-14,10:08:36.378626066,T,IBM,F I,2,273.76
2025-10-14,10:08:36.378626066,T,IBM,F I,1,273.76
2025-10-14,10:08:36.378851430,T,IBM,F I,1,273.75
2025-10-14,10:08:39.192045908,T,IBM,I,2,273.66
2025-10-14,10:08:40.713199151,T,IBM,F,100,273.64
2025-10-14,10:08:40.730451301,T,IBM,F,100,273.64
2025-10-14,10:08:43.285222399,T,IBM,F I,1,273.74
2025-10-14,10:08:43.285240615,T,IBM,F I,99,273.74
2025-10-14,10:08:43.285240615,T,IBM,F I,1,273.75
2025-10-14,10:08:43.285243720,T,IBM,F,100,273.76
2025-10-14,10:08:43.285243720,T,IBM,F,100,273.76
2025-10-14,10:08:43.286527526,T,IBM,,100,273.79
2025-10-14,10:08:49.455299324,T,IBM,F I,1,273.86
2025-10-14,10:08:49.464356984,T,IBM,,100,273.9
2025-10-14,10:08:54.563828281,T,IBM,I,32,273.85
2025-10-14,10:08:54.563831191,T,IBM,I,25,273.805
2025-10-14,10:08:54.563834175,T,IBM,I,30,273.805
2025-10-14,10:08:54.563933366,T,IBM,I,13,273.805
2025-10-14,10:08:54.563936485,T,IBM,I,92,273.89
2025-10-14,10:08:54.985308546,T,IBM,F I,74,273.86
2025-10-14,10:08:54.985335601,T,IBM,F I,26,273.86
2025-10-14,10:09:03.596137228,T,IBM,,100,273.78
2025-10-14,10:09:03.782485033,T,IBM,I,2,273.75
2025-10-14,10:09:03.782749537,T,IBM,F I,33,273.75
2025-10-14,10:09:03.783910301,T,IBM,F I,40,273.75
2025-10-14,10:09:03.784072586,T,IBM,I,60,273.75
2025-10-14,10:09:03.786718953,T,IBM,F I,1,273.75
2025-10-14,10:09:05.002215698,T,IBM,I,1,273.66
2025-10-14,10:09:05.002324001,T,IBM,F I,10,273.66
2025-10-14,10:09:05.002329968,T,IBM,I,14,273.64
2025-10-14,10:09:05.002332965,T,IBM,I,24,273.64
2025-10-14,10:09:05.002332965,T,IBM,I,13,273.64
2025-10-14,10:09:21.461395731,T,IBM,F I,1,273.75
2025-10-14,10:09:21.461395731,T,IBM,F I,1,273.75
2025-10-14,10:09:21.461540675,T,IBM,F I,1,273.77
2025-10-14,10:09:21.461542985,T,IBM,F I,1,273.77
2025-10-14,10:09:21.461621166,T,IBM,F I,1,273.77
2025-10-14,10:09:21.461627341,T,IBM,F I,1,273.77
2025-10-14,10:09:21.461687386,T,IBM,F I,1,273.77
2025-10-14,10:09:21.461696561,T,IBM,F I,1,273.77
2025-10-14,10:09:21.461732512,T,IBM,F I,1,273.77
2025-10-14,10:09:21.461795643,T,IBM,F I,1,273.77
2025-10-14,10:09:21.461813668,T,IBM,F I,1,273.77
2025-10-14,10:09:21.461882858,T,IBM,F I,1,273.77
2025-10-14,10:09:21.461903890,T,IBM,F I,1,273.77
2025-10-14,10:09:21.461939956,T,IBM,F I,1,273.77
2025-10-14,10:09:21.462048264,T,IBM,F I,1,273.77
2025-10-14,10:09:21.462153534,T,IBM,F I,1,273.77
2025-10-14,10:09:21.462306847,T,IBM,F I,1,273.77
2025-10-14,10:09:21.462445159,T,IBM,F I,1,273.77
2025-10-14,10:09:21.462562517,T,IBM,F I,1,273.77
2025-10-14,10:09:21.462631573,T,IBM,F I,1,273.77
2025-10-14,10:09:21.462694805,T,IBM,F I,1,273.77
2025-10-14,10:09:21.463293191,T,IBM,F I,1,273.77
2025-10-14,10:09:23.271645212,T,IBM,F I,1,273.77
2025-10-14,10:09:25.435918733,T,IBM,F I,1,273.77
2025-10-14,10:09:25.436036016,T,IBM,F I,1,273.77
2025-10-14,10:09:25.436099213,T,IBM,F I,1,273.77
2025-10-14,10:09:25.436159340,T,IBM,F I,1,273.77
2025-10-14,10:09:25.436222515,T,IBM,F I,1,273.77
2025-10-14,10:09:25.436279617,T,IBM,F I,1,273.77
2025-10-14,10:09:25.436357759,T,IBM,F I,1,273.77
2025-10-14,10:09:25.436417918,T,IBM,F I,1,273.77
2025-10-14,10:09:25.436478058,T,IBM,F I,1,273.77
2025-10-14,10:09:25.436556296,T,IBM,F I,1,273.77
2025-10-14,10:09:25.436619406,T,IBM,F I,1,273.77
2025-10-14,10:09:28.066049300,T,IBM,F I,1,273.77
2025-10-14,10:09:31.328047157,T,IBM,F I,2,273.75
2025-10-14,10:09:31.328047157,T,IBM,F I,2,273.75
2025-10-14,10:09:31.328158442,T,IBM,F I,2,273.76
2025-10-14,10:09:31.328221598,T,IBM,F I,2,273.76
2025-10-14,10:09:31.328296760,T,IBM,F I,2,273.76
2025-10-14,10:09:31.328354023,T,IBM,F I,2,273.76
2025-10-14,10:09:31.328417043,T,IBM,F I,2,273.76
2025-10-14,10:09:31.328480137,T,IBM,F I,2,273.76
2025-10-14,10:09:31.328543369,T,IBM,F I,2,273.76
2025-10-14,10:09:31.328606525,T,IBM,F I,2,273.76
2025-10-14,10:09:31.328699707,T,IBM,F I,2,273.76
2025-10-14,10:09:31.328826071,T,IBM,F I,2,273.76
2025-10-14,10:09:36.629845982,T,IBM,F I,2,273.75
2025-10-14,10:09:36.630657882,T,IBM,F I,2,273.76
2025-10-14,10:09:36.631439782,T,IBM,F I,2,273.76
2025-10-14,10:09:37.892245418,T,IBM,F I,2,273.76
2025-10-14,10:09:37.893024172,T,IBM,F I,2,273.76
2025-10-14,10:09:37.893809127,T,IBM,F I,2,273.76
2025-10-14,10:09:37.894581936,T,IBM,F I,2,273.76
2025-10-14,10:09:43.899364397,T,IBM,F I,1,273.73
2025-10-14,10:09:44.969365847,T,IBM,F I,2,273.75
2025-10-14,10:09:44.969495097,T,IBM,F I,2,273.76
2025-10-14,10:09:44.969561271,T,IBM,F I,2,273.76
2025-10-14,10:09:44.969621359,T,IBM,F I,2,273.76
2025-10-14,10:09:44.969681541,T,IBM,F I,2,273.76
2025-10-14,10:09:44.969756707,T,IBM,F I,2,273.76
2025-10-14,10:09:44.969838065,T,IBM,F I,1,273.77
2025-10-14,10:09:44.969840886,T,IBM,F I,1,273.77
2025-10-14,10:09:44.969910055,T,IBM,F I,1,273.77
2025-10-14,10:09:47.675890561,T,IBM,F I,1,273.74
2025-10-14,10:09:47.675893817,T,IBM,F I,10,273.74
2025-10-14,10:09:47.676263096,T,IBM,F I,1,273.74
2025-10-14,10:09:47.676384954,T,IBM,F I,4,273.71
2025-10-14,10:09:47.676384954,T,IBM,F I,99,273.71
2025-10-14,10:09:47.676384954,T,IBM,F I,1,273.68
2025-10-14,10:09:47.676443488,T,IBM,F I,15,273.73
2025-10-14,10:09:47.676473501,T,IBM,I,15,273.71
2025-10-14,10:09:47.847974824,T,IBM,I,50,273.69
2025-10-14,10:09:47.847989989,T,IBM,I,1,273.69
2025-10-14,10:09:47.848059026,T,IBM,F I,99,273.68
2025-10-14,10:09:47.848077093,T,IBM,F I,38,273.67
2025-10-14,10:09:47.848492064,T,IBM,F I,2,273.66
2025-10-14,10:09:47.848495043,T,IBM,F I,96,273.65
2025-10-14,10:09:47.848519134,T,IBM,F I,4,273.65
2025-10-14,10:09:47.923965760,T,IBM,I,39,273.71
2025-10-14,10:10:02.846024354,T,IBM,F I,1,273.83
2025-10-14,10:10:02.941053543,T,IBM,F I,1,273.86
2025-10-14,10:10:04.252918419,T,IBM,F,100,273.93
2025-10-14,10:10:04.252920708,T,IBM,F I,60,273.94
2025-10-14,10:10:04.252930038,T,IBM,F I,40,273.94
2025-10-14,10:10:04.252930038,T,IBM,F I,10,273.95
2025-10-14,10:10:04.252933805,T,IBM,F,100,273.96
2025-10-14,10:10:04.252935828,T,IBM,F I,28,273.97
2025-10-14,10:10:04.252938700,T,IBM,F I,50,273.97
2025-10-14,10:10:04.252947757,T,IBM,I,1,273.97
2025-10-14,10:10:04.252953774,T,IBM,,149,273.97
2025-10-14,10:10:04.252956707,T,IBM,F I,4,273.98
2025-10-14,10:10:04.255476704,T,IBM,,100,273.93
2025-10-14,10:10:05.788174614,T,IBM,,100,273.95
2025-10-14,10:10:12.972774361,T,IBM,F I,1,274.0
2025-10-14,10:10:12.972776949,T,IBM,F I,20,274.0
2025-10-14,10:10:12.972794989,T,IBM,F I,80,274.0
2025-10-14,10:10:15.333691513,T,IBM,F I,10,273.94
2025-10-14,10:10:18.776960818,T,IBM,F I,49,273.88
2025-10-14,10:10:18.777207409,T,IBM,F I,34,273.84
2025-10-14,10:10:18.777210625,T,IBM,F I,48,273.84
2025-10-14,10:10:18.777255456,T,IBM,,100,273.84
2025-10-14,10:10:18.777297540,T,IBM,F I,18,273.84
2025-10-14,10:10:18.777381806,T,IBM,F I,5,273.85
2025-10-14,10:10:21.472938989,T,IBM,F I,1,273.9
2025-10-14,10:10:22.825366705,T,IBM,,100,273.925
2025-10-14,10:10:22.973129497,T,IBM,F I,36,273.96
2025-10-14,10:10:22.976828341,T,IBM,F I,3,274.0
2025-10-14,10:10:34.293688082,T,IBM,I,1,273.92
2025-10-14,10:10:34.293691046,T,IBM,,100,273.92
2025-10-14,10:10:34.293691046,T,IBM,,100,273.92
2025-10-14,10:10:34.293694014,T,IBM,,200,273.92
2025-10-14,10:10:36.162481032,T,IBM,F I,32,273.89
2025-10-14,10:10:45.346714889,T,IBM,F I,16,273.97
2025-10-14,10:10:45.346717853,T,IBM,F I,24,273.97
2025-10-14,10:10:45.346738922,T,IBM,F I,40,274.0
2025-10-14,10:10:51.479593466,T,IBM,I,3,273.95
2025-10-14,10:10:51.479641594,T,IBM,F I,58,273.95
2025-10-14,10:10:51.479644691,T,IBM,F I,42,273.95
2025-10-14,10:10:51.479644691,T,IBM,F I,78,273.95
2025-10-14,10:10:51.479659640,T,IBM,I,1,273.95
2025-10-14,10:10:51.479662675,T,IBM,I,21,273.95
2025-10-14,10:10:54.154461587,T,IBM,F,100,273.94
2025-10-14,10:10:55.087324529,T,IBM,I,71,273.945
2025-10-14,10:11:04.581178484,T,IBM,I,13,273.945
2025-10-14,10:11:04.594440035,T,IBM,I,1,273.945
2025-10-14,10:11:13.678646684,T,IBM,F I,16,273.92
2025-10-14,10:11:13.678736902,T,IBM,F I,82,273.89
2025-10-14,10:11:13.678757909,T,IBM,I,1,273.89
2025-10-14,10:11:13.678977489,T,IBM,F I,16,273.89
2025-10-14,10:11:13.678986453,T,IBM,F,100,273.88
2025-10-14,10:11:13.679398473,T,IBM,F,100,273.88
2025-10-14,10:11:13.679419545,T,IBM,I,60,273.88
2025-10-14,10:11:13.679440570,T,IBM,F I,40,273.88
2025-10-14,10:11:13.679936730,T,IBM,F I,4,273.85
2025-10-14,10:11:13.679939716,T,IBM,F I,46,273.85
2025-10-14,10:11:13.679945744,T,IBM,F I,3,273.85
2025-10-14,10:11:18.146870065,T,IBM,,100,273.88
2025-10-14,10:11:28.336664527,T,IBM,F I,40,273.89
2025-10-14,10:11:28.336667828,T,IBM,F I,10,273.89
2025-10-14,10:11:43.374652084,T,IBM,I,5,273.97
2025-10-14,10:11:43.374763323,T,IBM,F I,5,274.0
2025-10-14,10:11:43.375749623,T,IBM,F I,5,274.1
2025-10-14,10:11:50.308201650,T,IBM,F I,5,274.1
2025-10-14,10:11:50.308201650,T,IBM,F I,30,274.1
2025-10-14,10:11:50.308220814,T,IBM,,100,274.1
2025-10-14,10:11:50.308220814,T,IBM,I,1,274.1
2025-10-14,10:11:50.308222968,T,IBM,I,35,274.1
2025-10-14,10:11:50.543274273,T,IBM,F I,5,274.1
2025-10-14,10:11:50.543274273,T,IBM,F I,5,274.1
2025-10-14,10:11:51.447695421,T,IBM,I,13,274.05
2025-10-14,10:11:51.447695421,T,IBM,I,87,274.05
2025-10-14,10:12:00.002085770,T,IBM,F I,35,274.0
2025-10-14,10:12:00.002089542,T,IBM,F I,7,274.0
2025-10-14,10:12:00.002091806,T,IBM,F I,8,274.0
2025-10-14,10:12:00.002094809,T,IBM,F,100,274.0
2025-10-14,10:12:00.002151997,T,IBM,F I,11,273.98
2025-10-14,10:12:00.002663198,T,IBM,I,9,274.01
2025-10-14,10:12:00.002750409,T,IBM,I,57,274.01
2025-10-14,10:12:16.324921373,T,IBM,F I,1,274.06
2025-10-14,10:12:16.325712305,T,IBM,F I,1,274.08
2025-10-14,10:12:16.325718338,T,IBM,F I,99,274.08
2025-10-14,10:12:16.325724401,T,IBM,F I,1,274.1
2025-10-14,10:12:16.325724401,T,IBM,F I,59,274.1
2025-10-14,10:12:16.325727336,T,IBM,F I,86,274.1
2025-10-14,10:12:43.222554858,T,IBM,F I,1,274.1
2025-10-14,10:12:44.161134496,T,IBM,F I,4,274.1
2025-10-14,10:12:44.161134496,T,IBM,F I,1,274.1
2025-10-14,10:12:44.161137741,T,IBM,F I,1,274.1
2025-10-14,10:12:44.161140340,T,IBM,F I,14,274.1
2025-10-14,10:12:44.161347896,T,IBM,F I,1,274.1
2025-10-14,10:12:44.161383928,T,IBM,F I,1,274.1
2025-10-14,10:12:44.161395966,T,IBM,F I,39,274.1
2025-10-14,10:12:51.022091359,T,IBM,I,14,274.18
2025-10-14,10:12:51.022094150,T,IBM,I,5,274.2
2025-10-14,10:12:51.022388779,T,IBM,I,1,274.2
2025-10-14,10:12:58.839111319,T,IBM,F I,1,274.2
2025-10-14,10:12:58.839866510,T,IBM,F I,20,274.22
2025-10-14,10:12:58.839866510,T,IBM,F I,25,274.22
2025-10-14,10:12:58.852595443,T,IBM,F I,2,274.25
2025-10-14,10:12:58.852929266,T,IBM,F I,12,274.27
2025-10-14,10:12:58.852932234,T,IBM,F I,13,274.27
2025-10-14,10:12:58.859379569,T,IBM,F I,16,274.29
2025-10-14,10:12:58.860131363,T,IBM,F I,16,274.29
2025-10-14,10:12:58.860134385,T,IBM,F I,46,274.29
2025-10-14,10:13:08.109683505,T,IBM,F I,40,274.25
2025-10-14,10:13:08.431449505,T,IBM,F I,40,274.23
2025-10-14,10:13:14.279453795,T,IBM,F I,17,274.26
2025-10-14,10:13:18.685221979,T,IBM,F I,1,274.32
2025-10-14,10:13:18.685711666,T,IBM,F I,4,274.37
2025-10-14,10:13:18.685714658,T,IBM,F I,15,274.37
2025-10-14,10:13:18.685901106,T,IBM,I,1,274.35
2025-10-14,10:13:18.686283008,T,IBM,,100,274.32
2025-10-14,10:13:18.690020908,T,IBM,F I,4,274.41
2025-10-14,10:13:18.958812877,T,IBM,I,2,274.44
2025-10-14,10:13:18.959708916,T,IBM,,100,274.47
2025-10-14,10:13:20.103145185,T,IBM,F I,5,274.52
2025-10-14,10:13:20.373867634,T,IBM,I,4,274.62
2025-10-14,10:13:20.374493148,T,IBM,F I,20,274.62
2025-10-14,10:13:20.405262333,T,IBM,F I,12,274.68
2025-10-14,10:13:20.406952423,T,IBM,I,12,274.68
2025-10-14,10:13:22.155705717,T,IBM,F I,6,274.72
2025-10-14,10:13:22.155708578,T,IBM,F I,21,274.74
2025-10-14,10:13:25.328907970,T,IBM,F I,10,274.67
2025-10-14,10:13:25.328932745,T,IBM,F,100,274.66
2025-10-14,10:13:25.328932745,T,IBM,F I,3,274.66
2025-10-14,10:13:25.328938224,T,IBM,F I,6,274.65
2025-10-14,10:13:25.328938224,T,IBM,I,36,274.65
2025-10-14,10:13:25.328938224,T,IBM,I,67,274.65
2025-10-14,10:13:25.328983146,T,IBM,,100,274.65
2025-10-14,10:13:25.328989183,T,IBM,F I,46,274.64
2025-10-14,10:13:25.329344079,T,IBM,I,46,274.63
2025-10-14,10:13:33.534338496,T,IBM,F I,3,274.57
2025-10-14,10:13:44.404875833,T,IBM,,100,274.665
2025-10-14,10:13:44.404926930,T,IBM,,100,274.665
2025-10-14,10:13:58.302091781,T,IBM,F,100,274.58
2025-10-14,10:13:58.302091781,T,IBM,F I,50,274.57
2025-10-14,10:13:58.302386579,T,IBM,F,100,274.52
2025-10-14,10:13:58.302386579,T,IBM,F I,10,274.51
2025-10-14,10:13:58.302389583,T,IBM,F,147,274.51
2025-10-14,10:13:58.302396684,T,IBM,F I,19,274.51
2025-10-14,10:13:58.302410638,T,IBM,I,1,274.51
2025-10-14,10:13:58.302419629,T,IBM,I,33,274.51
2025-10-14,10:13:58.302424139,T,IBM,I,12,274.51
2025-10-14,10:13:58.302424139,T,IBM,I,5,274.51
2025-10-14,10:13:58.302428785,T,IBM,I,30,274.51
2025-10-14,10:13:58.302437646,T,IBM,F I,10,274.51
2025-10-14,10:13:58.302437646,T,IBM,F I,3,274.5
2025-10-14,10:13:58.302443668,T,IBM,F I,16,274.49
2025-10-14,10:13:58.303423946,T,IBM,I,1,274.51
2025-10-14,10:14:04.219729900,T,IBM,I,45,274.63
2025-10-14,10:14:07.902781057,T,IBM,F,100,274.7
2025-10-14,10:14:08.984176551,T,IBM,F I,1,274.74
2025-10-14,10:14:08.984323913,T,IBM,F I,6,274.77
2025-10-14,10:14:08.984369012,T,IBM,F I,17,274.78
2025-10-14,10:14:08.984793063,T,IBM,F,100,274.78
2025-10-14,10:14:08.984898235,T,IBM,F I,10,274.83
2025-10-14,10:14:15.591801147,T,IBM,F,100,274.91
2025-10-14,10:14:15.591852253,T,IBM,F I,6,274.92
2025-10-14,10:14:18.034062417,T,IBM,I,1,274.92
2025-10-14,10:14:18.034086356,T,IBM,I,1,274.92
2025-10-14,10:14:24.888204590,T,IBM,F I,13,274.92
2025-10-14,10:14:34.880519113,T,IBM,F I,40,274.94
2025-10-14,10:14:37.244275539,T,IBM,F I,7,274.98
2025-10-14,10:14:37.244522027,T,IBM,F I,13,274.98
2025-10-14,10:14:37.244573166,T,IBM,I,13,275.0
2025-10-14,10:14:37.244594250,T,IBM,F I,7,275.0
2025-10-14,10:14:44.119953086,T,IBM,F I,10,274.89
2025-10-14,10:14:44.119956228,T,IBM,F I,65,274.86
2025-10-14,10:14:44.119958518,T,IBM,F I,5,274.86
2025-10-14,10:14:44.119961312,T,IBM,F I,18,274.86
2025-10-14,10:14:44.119964292,T,IBM,F,100,274.86
2025-10-14,10:14:44.119964292,T,IBM,F,140,274.86
2025-10-14,10:14:44.119976585,T,IBM,I,1,274.86
2025-10-14,10:14:44.119979391,T,IBM,I,1,274.86
2025-10-14,10:14:44.119991358,T,IBM,I,8,274.86
2025-10-14,10:14:44.122809140,T,IBM,F I,16,274.77
2025-10-14,10:14:49.716470929,T,IBM,I,45,274.82
2025-10-14,10:14:49.716470929,T,IBM,I,10,274.83
2025-10-14,10:14:49.716531142,T,IBM,I,45,274.83
2025-10-14,10:14:49.729341559,T,IBM,,100,274.83
2025-10-14,10:14:51.307669971,T,IBM,F,100,274.86
2025-10-14,10:14:53.017630879,T,IBM,I,5,274.87
2025-10-14,10:14:53.017645921,T,IBM,F I,5,274.87
2025-10-14,10:14:53.017697111,T,IBM,F I,90,274.87
2025-10-14,10:14:53.017718263,T,IBM,F I,5,274.92
2025-10-14,10:14:53.017766282,T,IBM,I,40,274.92
2025-10-14,10:15:25.316230656,T,IBM,F I,5,274.8
2025-10-14,10:15:27.062541967,T,IBM,F I,87,274.75
2025-10-14,10:15:27.062548508,T,IBM,F I,10,274.74
2025-10-14,10:15:27.062551225,T,IBM,F I,6,274.74
2025-10-14,10:15:27.062553988,T,IBM,F I,11,274.74
2025-10-14,10:15:27.062587628,T,IBM,F I,3,274.73
2025-10-14,10:15:27.062590563,T,IBM,F I,1,274.7
2025-10-14,10:15:27.062839683,T,IBM,F I,8,274.7
2025-10-14,10:15:30.719671865,T,IBM,F,100,274.65
2025-10-14,10:15:30.719671865,T,IBM,F I,19,274.64
2025-10-14,10:15:30.719674688,T,IBM,F I,81,274.64
2025-10-14,10:15:30.719674688,T,IBM,F I,5,274.64
2025-10-14,10:15:30.719677602,T,IBM,F I,14,274.64
2025-10-14,10:15:30.719680606,T,IBM,F I,82,274.64
2025-10-14,10:15:30.719683607,T,IBM,F I,33,274.64
2025-10-14,10:15:30.719683607,T,IBM,F I,30,274.64
2025-10-14,10:15:30.719686687,T,IBM,F I,20,274.64
2025-10-14,10:15:30.719686687,T,IBM,F I,20,274.64
2025-10-14,10:15:30.719698671,T,IBM,I,1,274.64
2025-10-14,10:15:30.719711315,T,IBM,F I,48,274.61
2025-10-14,10:15:30.719713957,T,IBM,F I,15,274.61
2025-10-14,10:15:30.719716866,T,IBM,F I,5,274.6
2025-10-14,10:15:30.719719762,T,IBM,F I,15,274.6
2025-10-14,10:15:30.719903135,T,IBM,,100,274.54
2025-10-14,10:15:30.720191867,T,IBM,F I,9,274.49
2025-10-14,10:15:30.720218972,T,IBM,F I,98,274.48
2025-10-14,10:15:30.720224937,T,IBM,F I,2,274.48
2025-10-14,10:15:30.720465458,T,IBM,I,57,274.49
2025-10-14,10:15:30.720486575,T,IBM,I,6,274.49
2025-10-14,10:15:30.720498586,T,IBM,I,9,274.49
2025-10-14,10:15:30.720651973,T,IBM,F I,2,274.46
2025-10-14,10:15:30.728380380,T,IBM,I,40,274.46
2025-10-14,10:15:30.803316139,T,IBM,I,12,274.48
2025-10-14,10:15:30.803316139,T,IBM,I,45,274.53
2025-10-14,10:15:30.803318745,T,IBM,I,10,274.54
2025-10-14,10:15:30.803396892,T,IBM,I,33,274.54
2025-10-14,10:15:31.353989627,T,IBM,I,40,274.5
2025-10-14,10:15:31.353992728,T,IBM,I,40,274.51
2025-10-14,10:15:31.375888604,T,IBM,I,45,274.51
2025-10-14,10:15:31.375890807,T,IBM,I,30,274.52
2025-10-14,10:15:31.375944985,T,IBM,I,25,274.52
2025-10-14,10:15:32.099963608,T,IBM,I,45,274.455
2025-10-14,10:15:32.100150005,T,IBM,I,45,274.455
2025-10-14,10:15:32.100321445,T,IBM,I,45,274.455
2025-10-14,10:15:32.100565039,T,IBM,I,45,274.455
2025-10-14,10:15:32.100700300,T,IBM,I,20,274.455
2025-10-14,10:15:33.636687989,T,IBM,I,25,274.45
2025-10-14,10:15:36.849482634,T,IBM,,100,274.455
2025-10-14,10:15:45.595735751,T,IBM,F I,10,274.52
2025-10-14,10:15:45.795179580,T,IBM,F,100,274.46
2025-10-14,10:15:45.795188641,T,IBM,F I,1,274.43
2025-10-14,10:15:45.795648737,T,IBM,F I,2,274.44
2025-10-14,10:15:48.708461236,T,IBM,F I,10,274.42
2025-10-14,10:15:48.715215287,T,IBM,I,6,274.34
2025-10-14,10:15:48.715215287,T,IBM,I,10,274.34
2025-10-14,10:15:48.715272480,T,IBM,F I,50,274.33
2025-10-14,10:15:48.717043647,T,IBM,F,100,274.25
2025-10-14,10:15:50.628794073,T,IBM,F,100,274.19
2025-10-14,10:15:50.628863185,T,IBM,F I,49,274.18
2025-10-14,10:15:50.628983567,T,IBM,F I,9,274.17
2025-10-14,10:15:51.142744563,T,IBM,I,7,274.18
2025-10-14,10:16:01.122474102,T,IBM,F I,1,274.26
2025-10-14,10:16:01.854500794,T,IBM,F I,8,274.27
2025-10-14,10:16:07.370905462,T,IBM,F,100,274.32
2025-10-14,10:16:11.492812669,T,IBM,F I,5,274.36
2025-10-14,10:16:11.492812669,T,IBM,F I,10,274.36
2025-10-14,10:16:19.517933561,T,IBM,I,1,274.45
2025-10-14,10:16:19.518998304,T,IBM,I,1,274.45
2025-10-14,10:16:19.519001067,T,IBM,I,1,274.45
2025-10-14,10:16:19.520059622,T,IBM,I,1,274.45
2025-10-14,10:16:19.520059622,T,IBM,I,1,274.45
2025-10-14,10:16:19.521136186,T,IBM,I,1,274.5
2025-10-14,10:16:28.219500178,T,IBM,F I,6,274.39
2025-10-14,10:16:28.219782852,T,IBM,F I,7,274.35
2025-10-14,10:16:28.219786195,T,IBM,F I,1,274.35
2025-10-14,10:16:28.220561739,T,IBM,I,4,274.35
2025-10-14,10:16:28.243289765,T,IBM,I,5,274.36
2025-10-14,10:16:28.243292816,T,IBM,I,1,274.37
2025-10-14,10:16:28.243295873,T,IBM,I,6,274.37
2025-10-14,10:16:29.706895159,T,IBM,I,5,274.41
2025-10-14,10:16:29.706907243,T,IBM,I,5,274.41
2025-10-14,10:16:29.736795356,T,IBM,I,5,274.43
2025-10-14,10:16:37.212451583,T,IBM,I,3,274.4
2025-10-14,10:16:37.212451583,T,IBM,I,4,274.4
2025-10-14,10:16:37.252143055,T,IBM,I,4,274.43
2025-10-14,10:16:37.255117103,T,IBM,I,1,274.43
2025-10-14,10:16:37.258638457,T,IBM,I,3,274.43
2025-10-14,10:16:51.565381339,T,IBM,I,4,274.36
2025-10-14,10:16:57.439235174,T,IBM,I,2,274.4
2025-10-14,10:17:08.743458984,T,IBM,F,100,274.45
2025-10-14,10:17:09.785926766,T,IBM,F I,20,274.41
2025-10-14,10:17:10.293775697,T,IBM,F I,1,274.41
2025-10-14,10:17:10.912420581,T,IBM,F,100,274.45
2025-10-14,10:17:37.203170145,T,IBM,F I,7,274.41
2025-10-14,10:17:37.203185148,T,IBM,F I,7,274.41
2025-10-14,10:17:37.203188715,T,IBM,F I,93,274.41
2025-10-14,10:17:37.203191175,T,IBM,F I,40,274.41
2025-10-14,10:17:37.213021568,T,IBM,I,1,274.41
2025-10-14,10:17:37.213030684,T,IBM,I,3,274.455
2025-10-14,10:17:39.166348832,T,IBM,F I,3,274.4
2025-10-14,10:17:42.732147692,T,IBM,F I,46,274.35
2025-10-14,10:17:42.732177817,T,IBM,F I,22,274.35
2025-10-14,10:17:42.732198934,T,IBM,I,22,274.35
2025-10-14,10:17:42.732205244,T,IBM,F I,10,274.35
2025-10-14,10:17:42.732207882,T,IBM,F I,22,274.34
2025-10-14,10:17:42.732274032,T,IBM,F I,1,274.33
2025-10-14,10:17:42.732313378,T,IBM,F I,23,274.33
2025-10-14,10:17:42.732794241,T,IBM,F,100,274.33
2025-10-14,10:17:42.733503998,T,IBM,F I,2,274.3
2025-10-14,10:17:42.733537053,T,IBM,F I,4,274.28
2025-10-14,10:17:42.733540092,T,IBM,F I,1,274.27
2025-10-14,10:17:43.994700434,T,IBM,F I,5,274.13
2025-10-14,10:17:43.994703600,T,IBM,F I,14,274.13
2025-10-14,10:17:43.994703600,T,IBM,F I,49,274.13
2025-10-14,10:17:43.994706487,T,IBM,F I,2,274.12
2025-10-14,10:17:43.994733534,T,IBM,I,17,274.18
2025-10-14,10:17:43.994733534,T,IBM,I,4,274.21
2025-10-14,10:17:43.994802672,T,IBM,F I,12,274.12
2025-10-14,10:17:55.087962840,T,IBM,F I,26,274.03
2025-10-14,10:17:56.597186700,T,IBM,F I,1,274.01
2025-10-14,10:17:56.597241188,T,IBM,I,5,274.0
2025-10-14,10:17:56.597241188,T,IBM,I,5,274.0
2025-10-14,10:17:56.597243938,T,IBM,I,22,274.0
2025-10-14,10:17:56.608671409,T,IBM,I,5,273.98
2025-10-14,10:17:56.608674134,T,IBM,I,45,273.99
2025-10-14,10:17:56.608731279,T,IBM,I,45,273.995
2025-10-14,10:18:15.172625379,T,IBM,F I,40,273.94
2025-10-14,10:18:30.701074605,T,IBM,I,1,273.99
2025-10-14,10:18:36.013654004,T,IBM,F I,30,273.92
2025-10-14,10:18:36.013657012,T,IBM,F,100,273.91
2025-10-14,10:18:36.014171208,T,IBM,I,2,273.85
2025-10-14,10:18:36.014174213,T,IBM,I,8,273.85
2025-10-14,10:18:36.014174213,T,IBM,I,16,273.85
2025-10-14,10:18:36.014291534,T,IBM,I,20,273.85
2025-10-14,10:18:36.014387671,T,IBM,F I,46,273.84
2025-10-14,10:18:36.014390688,T,IBM,F I,65,273.84
2025-10-14,10:18:36.034746197,T,IBM,F I,2,273.8
2025-10-14,10:18:36.035161166,T,IBM,F I,1,273.77
2025-10-14,10:18:36.035212242,T,IBM,F I,1,273.77
2025-10-14,10:18:36.035263445,T,IBM,F I,1,273.77
2025-10-14,10:18:36.035332599,T,IBM,F I,97,273.77
2025-10-14,10:18:36.747427781,T,IBM,I,2,273.81
2025-10-14,10:18:37.898192532,T,IBM,F I,1,273.76
2025-10-14,10:19:17.271139224,T,IBM,F I,1,273.72
2025-10-14,10:19:26.173169071,T,IBM,,100,273.81
2025-10-14,10:19:28.311899980,T,IBM,F I,10,273.89
2025-10-14,10:19:28.311899980,T,IBM,F I,10,273.9
2025-10-14,10:19:28.311951090,T,IBM,I,5,273.93
2025-10-14,10:19:28.311953940,T,IBM,I,5,273.93
2025-10-14,10:19:28.311956724,T,IBM,I,84,273.93
2025-10-14,10:19:28.311977877,T,IBM,F I,16,273.93
2025-10-14,10:19:28.311980801,T,IBM,F,100,273.93
2025-10-14,10:19:28.312149181,T,IBM,F I,1,273.95
2025-10-14,10:19:28.318446281,T,IBM,F,297,274.03
2025-10-14,10:19:28.318467334,T,IBM,F,103,274.03
2025-10-14,10:19:28.364687264,T,IBM,I,37,274.07
2025-10-14,10:19:28.365396979,T,IBM,I,5,274.12
2025-10-14,10:19:28.506673404,T,IBM,F I,5,274.12
2025-10-14,10:19:28.506950047,T,IBM,F I,10,274.12
2025-10-14,10:19:29.995316752,T,IBM,F I,5,274.13
2025-10-14,10:19:29.995316752,T,IBM,F I,5,274.13
2025-10-14,10:19:29.995331775,T,IBM,F I,5,274.14
2025-10-14,10:19:29.995331775,T,IBM,F I,20,274.15
2025-10-14,10:19:43.358427706,T,IBM,I,2,274.085
2025-10-14,10:19:47.338673416,T,IBM,I,8,274.24
2025-10-14,10:19:47.338749404,T,IBM,F I,4,274.24
2025-10-14,10:19:47.338751657,T,IBM,F I,5,274.24
2025-10-14,10:19:47.338784756,T,IBM,I,15,274.24
2025-10-14,10:19:47.339106520,T,IBM,F I,2,274.24
2025-10-14,10:19:47.340799537,T,IBM,,100,274.2
2025-10-14,10:19:53.047834144,T,IBM,I,40,274.24
2025-10-14,10:19:53.048925825,T,IBM,I,26,274.24
2025-10-14,10:19:53.048925825,T,IBM,I,14,274.33
2025-10-14,10:20:08.053741294,T,IBM,I,5,274.175
2025-10-14,10:20:18.511151927,T,IBM,F I,10,274.22
2025-10-14,10:20:26.701717885,T,IBM,I,74,274.33
2025-10-14,10:20:26.701717885,T,IBM,I,20,274.33
2025-10-14,10:20:26.701720904,T,IBM,I,45,274.33
2025-10-14,10:20:26.702153837,T,IBM,F I,31,274.33
2025-10-14,10:20:26.702226182,T,IBM,F I,24,274.33
2025-10-14,10:20:26.702226182,T,IBM,F I,10,274.34
2025-10-14,10:20:26.702232129,T,IBM,F I,12,274.34
2025-10-14,10:20:26.702232129,T,IBM,I,18,274.34
2025-10-14,10:20:26.702235083,T,IBM,I,5,274.34
2025-10-14,10:20:26.702235083,T,IBM,I,1,274.34
2025-10-14,10:20:26.702238780,T,IBM,I,22,274.34
2025-10-14,10:20:26.702241066,T,IBM,I,1,274.34
2025-10-14,10:20:26.702253118,T,IBM,I,1,274.34
2025-10-14,10:20:26.702274121,T,IBM,,176,274.34
2025-10-14,10:20:27.268636494,T,IBM,F I,10,274.32
2025-10-14,10:20:36.839118598,T,IBM,F I,1,274.35
2025-10-14,10:20:53.373050432,T,IBM,F I,3,274.27
2025-10-14,10:20:53.379624147,T,IBM,I,10,274.27
2025-10-14,10:20:53.380814980,T,IBM,F I,5,274.27
2025-10-14,10:20:53.893132732,T,IBM,F I,1,274.2
2025-10-14,10:20:57.379674875,T,IBM,F I,16,274.14
2025-10-14,10:20:58.127102114,T,IBM,F I,15,274.08
2025-10-14,10:20:58.127102114,T,IBM,F I,10,274.08
2025-10-14,10:20:58.127104352,T,IBM,F I,27,274.08
2025-10-14,10:20:58.127200589,T,IBM,F I,20,274.07
2025-10-14,10:20:58.127624506,T,IBM,F,100,274.07
2025-10-14,10:20:58.166717735,T,IBM,F I,13,273.96
2025-10-14,10:20:58.166717735,T,IBM,F I,15,273.96
2025-10-14,10:21:16.310583630,T,IBM,F,100,273.98
2025-10-14,10:21:16.310586210,T,IBM,F I,10,273.98
2025-10-14,10:21:16.310589194,T,IBM,F I,10,273.95
2025-10-14,10:21:16.310589194,T,IBM,F I,2,273.94
2025-10-14,10:21:16.310619284,T,IBM,F I,4,273.92
2025-10-14,10:21:16.311091464,T,IBM,F I,10,273.92
2025-10-14,10:21:16.311118509,T,IBM,I,7,273.95
2025-10-14,10:21:16.311386151,T,IBM,F I,10,273.9
2025-10-14,10:21:30.300224318,T,IBM,F I,10,273.98
2025-10-14,10:21:30.300831789,T,IBM,F,100,274.005
2025-10-14,10:21:33.733975872,T,IBM,F I,1,274.005
2025-10-14,10:21:33.734002899,T,IBM,I,6,274.03
2025-10-14,10:21:33.734063037,T,IBM,F I,34,274.03
2025-10-14,10:21:44.216484183,T,IBM,F I,10,273.98
2025-10-14,10:21:44.217151762,T,IBM,F,100,274.0
2025-10-14,10:21:44.217151762,T,IBM,F I,50,274.015
2025-10-14,10:21:44.217184992,T,IBM,I,50,274.015
2025-10-14,10:21:44.217245632,T,IBM,F I,32,274.08
2025-10-14,10:21:44.217248015,T,IBM,F I,13,274.1
2025-10-14,10:21:44.217254046,T,IBM,F I,13,274.09
2025-10-14,10:21:44.217329142,T,IBM,F I,4,274.12
2025-10-14,10:21:44.217641924,T,IBM,,100,274.085
2025-10-14,10:21:44.220838497,T,IBM,I,20,274.06
2025-10-14,10:21:44.220841507,T,IBM,I,8,274.04
2025-10-14,10:21:54.323425398,T,IBM,I,2,274.1
2025-10-14,10:21:56.395394182,T,IBM,F,100,274.09
2025-10-14,10:22:12.031003423,T,IBM,I,2,274.105
2025-10-14,10:22:15.156019038,T,IBM,F I,2,274.1
2025-10-14,10:22:18.646636073,T,IBM,I,1,274.01
2025-10-14,10:22:18.646690885,T,IBM,F I,4,274.01
2025-10-14,10:22:18.646693351,T,IBM,F,100,274.01
2025-10-14,10:22:18.646696248,T,IBM,F I,29,274.0
2025-10-14,10:22:18.646996972,T,IBM,I,4,274.01
2025-10-14,10:22:18.647393875,T,IBM,I,71,274.01
2025-10-14,10:22:18.651760317,T,IBM,F I,2,274.09
2025-10-14,10:22:19.651559468,T,IBM,I,35,274.07
2025-10-14,10:22:27.742116566,T,IBM,,100,274.105
2025-10-14,10:22:38.010855109,T,IBM,I,8,274.105
2025-10-14,10:22:51.445729020,T,IBM,F I,1,274.05
2025-10-14,10:22:51.445732094,T,IBM,F I,1,274.05
2025-10-14,10:22:51.445972638,T,IBM,F I,99,274.05
2025-10-14,10:22:58.192323330,T,IBM,F I,1,274.03
2025-10-14,10:22:58.192411467,T,IBM,F I,33,274.01
2025-10-14,10:22:58.192488896,T,IBM,I,33,274.01
2025-10-14,10:22:58.192744368,T,IBM,I,33,274.01
2025-10-14,10:22:58.192783928,T,IBM,I,1,274.01
2025-10-14,10:22:58.192786423,T,IBM,I,29,274.0
2025-10-14,10:22:58.192789385,T,IBM,I,1,274.0
2025-10-14,10:22:59.859089360,T,IBM,I,10,273.98
2025-10-14,10:22:59.882779782,T,IBM,I,4,273.99
2025-10-14,10:22:59.882782712,T,IBM,,196,273.99
2025-10-14,10:22:59.883248861,T,IBM,F I,1,273.99
2025-10-14,10:23:00.101601621,T,IBM,,100,273.99
2025-10-14,10:23:02.651880059,T,IBM,F I,5,273.95
2025-10-14,10:23:02.651931239,T,IBM,F I,16,273.93
2025-10-14,10:23:07.509010241,T,IBM,I,5,273.85
2025-10-14,10:23:07.509542582,T,IBM,,100,273.83
2025-10-14,10:23:07.509563597,T,IBM,F I,5,273.82
2025-10-14,10:23:07.509587626,T,IBM,F,100,273.83
2025-10-14,10:23:07.509596703,T,IBM,,100,273.82
2025-10-14,10:23:07.509608711,T,IBM,,100,273.83
2025-10-14,10:23:07.509756021,T,IBM,F I,3,273.81
2025-10-14,10:23:07.509756021,T,IBM,F I,14,273.81
2025-10-14,10:23:07.509759057,T,IBM,F I,20,273.81
2025-10-14,10:23:07.510065752,T,IBM,,100,273.83
2025-10-14,10:23:07.513788628,T,IBM,F I,1,273.75
2025-10-14,10:23:09.397458232,T,IBM,I,9,273.7
2025-10-14,10:23:09.397460992,T,IBM,I,5,273.7
2025-10-14,10:23:09.398161654,T,IBM,F I,4,273.7
2025-10-14,10:23:09.398164741,T,IBM,F I,2,273.7
2025-10-14,10:23:15.318012977,T,IBM,F,100,273.775
2025-10-14,10:23:15.318012977,T,IBM,F I,1,273.775
2025-10-14,10:23:17.013569527,T,IBM,I,10,273.835
