DATE,TIME_M,EX,SYM_ROOT,TR_SCOND,SIZE,PRICE
2025-12-10,9:30:01.110208833,T,IBM,F I,20,310.08
2025-12-10,9:30:01.110214881,T,IBM,F,100,310.08
2025-12-10,9:30:01.110217869,T,IBM,Q,20,310.08
2025-12-10,9:30:01.110236011,T,IBM,I,20,310.0
2025-12-10,9:30:01.111285606,T,IBM,,40,309.97
2025-12-10,9:30:01.111285606,T,IBM,I,38,309.97
2025-12-10,9:30:01.127006800,T,IBM,,100,309.94
2025-12-10,9:30:01.135354739,T,IBM,I,20,309.94
2025-12-10,9:30:01.135357740,T,IBM,,120,309.94
2025-12-10,9:30:01.138990399,T,IBM,,40,310.0
2025-12-10,9:30:01.423013505,T,IBM,,100,309.73
2025-12-10,9:30:01.914449562,T,IBM,I,1,310.05
2025-12-10,9:30:02.290792595,T,IBM,,80,309.815
2025-12-10,9:30:02.290843620,T,IBM,I,20,309.815
2025-12-10,9:30:03.471989409,T,IBM,F I,1,310.04
2025-12-10,9:30:05.960299000,T,IBM,I,4,309.89
2025-12-10,9:30:18.056306923,T,IBM,I,2,309.855
2025-12-10,9:30:23.342043987,T,IBM,F I,5,309.73
2025-12-10,9:30:24.494853378,T,IBM,F I,5,309.69
2025-12-10,9:30:26.077911977,T,IBM,F I,1,309.82
2025-12-10,9:30:33.449904488,T,IBM,F I,1,309.57
2025-12-10,9:30:33.925032502,T,IBM,F I,1,309.51
2025-12-10,9:30:33.925053586,T,IBM,F I,14,309.5
2025-12-10,9:30:33.941914724,T,IBM,F I,14,309.45
2025-12-10,9:30:33.949531895,T,IBM,I,1,309.505
2025-12-10,9:30:34.027994626,T,IBM,F I,1,309.22
2025-12-10,9:30:34.122004478,T,IBM,I,4,309.51
2025-12-10,9:30:34.252454984,T,IBM,,100,309.49
2025-12-10,9:30:40.897157502,T,IBM,F I,20,309.68
2025-12-10,9:30:47.316247997,T,IBM,F I,5,309.49
2025-12-10,9:31:00.224595324,T,IBM,F I,5,309.45
2025-12-10,9:31:00.224598082,T,IBM,F I,5,309.42
2025-12-10,9:31:00.224600860,T,IBM,F I,30,309.34
2025-12-10,9:31:04.444285330,T,IBM,I,5,309.27
2025-12-10,9:31:04.444288284,T,IBM,I,35,309.25
2025-12-10,9:31:04.948318113,T,IBM,F,40,309.25
2025-12-10,9:31:04.948432526,T,IBM,,55,309.25
2025-12-10,9:31:04.948432526,T,IBM,I,20,309.25
2025-12-10,9:31:04.948600853,T,IBM,F,40,309.24
2025-12-10,9:31:05.712440188,T,IBM,F,40,309.29
2025-12-10,9:31:05.712443225,T,IBM,F I,20,309.17
2025-12-10,9:31:05.712446319,T,IBM,F I,20,309.16
2025-12-10,9:31:05.712465144,T,IBM,I,1,309.16
2025-12-10,9:31:05.712467307,T,IBM,I,19,309.16
2025-12-10,9:31:05.712903333,T,IBM,F I,20,309.15
2025-12-10,9:31:05.712906308,T,IBM,F I,12,309.15
2025-12-10,9:31:05.713204009,T,IBM,I,8,309.15
2025-12-10,9:31:05.713207111,T,IBM,I,32,309.14
2025-12-10,9:31:05.713228119,T,IBM,I,8,309.14
2025-12-10,9:31:06.117068499,T,IBM,F I,25,309.29
2025-12-10,9:31:07.516152179,T,IBM,F I,39,309.23
2025-12-10,9:31:07.516522052,T,IBM,I,20,309.22
2025-12-10,9:31:07.516525158,T,IBM,I,20,309.21
2025-12-10,9:31:07.516543158,T,IBM,F I,20,309.21
2025-12-10,9:31:07.522181583,T,IBM,I,1,309.245
2025-12-10,9:31:10.822397064,T,IBM,F,40,309.2
2025-12-10,9:31:10.823383466,T,IBM,F I,14,308.97
2025-12-10,9:31:10.823407498,T,IBM,F I,6,308.97
2025-12-10,9:31:11.123684356,T,IBM,,70,309.09
2025-12-10,9:31:29.942075713,T,IBM,F I,7,309.36
2025-12-10,9:31:29.942078985,T,IBM,F I,3,309.36
2025-12-10,9:31:29.942081769,T,IBM,F,80,309.36
2025-12-10,9:31:29.942084612,T,IBM,F I,10,309.36
2025-12-10,9:31:29.942144869,T,IBM,F,45,309.36
2025-12-10,9:31:29.942607878,T,IBM,I,20,309.41
2025-12-10,9:31:29.942637957,T,IBM,F,40,309.42
2025-12-10,9:31:29.942637957,T,IBM,F I,7,309.42
2025-12-10,9:31:35.572283208,T,IBM,F I,20,309.43
2025-12-10,9:31:35.572285913,T,IBM,F,100,309.42
2025-12-10,9:31:35.572288872,T,IBM,F I,34,309.42
2025-12-10,9:31:35.572288872,T,IBM,F I,20,309.42
2025-12-10,9:32:03.626922116,T,IBM,I,5,309.06
2025-12-10,9:32:03.642180408,T,IBM,I,5,309.05
2025-12-10,9:32:03.645873183,T,IBM,I,9,309.06
2025-12-10,9:32:09.080711447,T,IBM,F I,20,309.12
2025-12-10,9:32:09.544592755,T,IBM,F I,5,309.05
2025-12-10,9:32:09.553572051,T,IBM,I,1,309.07
2025-12-10,9:32:09.553596115,T,IBM,F I,25,309.07
2025-12-10,9:32:09.556113126,T,IBM,I,25,309.07
2025-12-10,9:32:11.881657296,T,IBM,I,25,309.065
2025-12-10,9:32:21.564561559,T,IBM,I,5,309.19
2025-12-10,9:32:40.054628221,T,IBM,F,40,308.91
2025-12-10,9:32:40.055542415,T,IBM,F,40,308.83
2025-12-10,9:32:40.055548345,T,IBM,F,40,308.83
2025-12-10,9:32:40.055575459,T,IBM,F I,1,308.82
2025-12-10,9:32:40.055608519,T,IBM,F,40,308.81
2025-12-10,9:32:40.055644980,T,IBM,F I,20,308.81
2025-12-10,9:32:40.055665691,T,IBM,F I,7,308.81
2025-12-10,9:32:40.055680661,T,IBM,F I,13,308.81
2025-12-10,9:32:40.058038321,T,IBM,F,43,308.82
2025-12-10,9:32:40.058062394,T,IBM,F I,12,308.82
2025-12-10,9:32:40.058083365,T,IBM,F I,3,308.83
2025-12-10,9:32:40.058086459,T,IBM,F,40,308.83
2025-12-10,9:32:40.058170639,T,IBM,,369,308.83
2025-12-10,9:32:43.222288185,T,IBM,F,100,308.83
2025-12-10,9:32:43.226555305,T,IBM,I,1,308.75
2025-12-10,9:32:43.226603465,T,IBM,F I,25,308.75
2025-12-10,9:32:43.226657603,T,IBM,F I,5,308.75
2025-12-10,9:32:43.331514229,T,IBM,I,1,308.73
2025-12-10,9:32:43.384046233,T,IBM,F I,1,308.72
2025-12-10,9:32:44.506378091,T,IBM,F I,20,308.59
2025-12-10,9:32:44.506378091,T,IBM,F I,20,308.58
2025-12-10,9:32:44.506396053,T,IBM,I,1,308.58
2025-12-10,9:32:44.506639693,T,IBM,I,19,308.58
2025-12-10,9:32:44.526709462,T,IBM,F I,1,308.54
2025-12-10,9:32:51.206231802,T,IBM,I,6,308.545
2025-12-10,9:32:51.299985998,T,IBM,,40,308.45
2025-12-10,9:32:51.299989007,T,IBM,I,6,308.37
2025-12-10,9:32:51.300028136,T,IBM,F I,2,308.36
2025-12-10,9:32:51.300031123,T,IBM,F,55,308.32
2025-12-10,9:32:51.300035139,T,IBM,F,100,308.23
2025-12-10,9:32:51.300035139,T,IBM,F,100,308.21
2025-12-10,9:32:51.300040075,T,IBM,F I,20,308.21
2025-12-10,9:32:51.300040075,T,IBM,F,117,308.2
2025-12-10,9:32:51.300061118,T,IBM,F,131,308.28
2025-12-10,9:32:51.300569355,T,IBM,F I,5,308.21
2025-12-10,9:32:51.300942240,T,IBM,F,165,308.2
2025-12-10,9:32:51.300969367,T,IBM,F I,18,308.2
2025-12-10,9:32:51.300969367,T,IBM,F I,2,308.2
2025-12-10,9:32:51.300972334,T,IBM,F,80,308.2
2025-12-10,9:32:51.301008457,T,IBM,F I,20,308.2
2025-12-10,9:32:51.301029506,T,IBM,I,1,308.2
2025-12-10,9:32:51.301044484,T,IBM,F,79,308.2
2025-12-10,9:33:07.737609588,T,IBM,F I,19,308.42
2025-12-10,9:33:09.284453003,T,IBM,F I,25,308.38
2025-12-10,9:33:17.423905830,T,IBM,F I,1,308.48
2025-12-10,9:33:17.423920972,T,IBM,F I,1,308.48
2025-12-10,9:33:17.423924172,T,IBM,I,1,308.48
2025-12-10,9:33:17.423926885,T,IBM,I,8,308.48
2025-12-10,9:33:17.423984028,T,IBM,,53,308.48
2025-12-10,9:33:17.423987047,T,IBM,I,13,308.48
2025-12-10,9:33:17.424068183,T,IBM,,83,308.47
2025-12-10,9:33:17.424095264,T,IBM,,211,308.47
2025-12-10,9:33:17.424678610,T,IBM,F I,1,308.47
2025-12-10,9:33:17.424690713,T,IBM,F I,1,308.47
2025-12-10,9:33:17.424714736,T,IBM,I,1,308.47
2025-12-10,9:33:17.424970305,T,IBM,F I,1,308.47
2025-12-10,9:33:17.424982354,T,IBM,F I,1,308.47
2025-12-10,9:33:17.424988397,T,IBM,F,50,308.47
2025-12-10,9:33:17.427294950,T,IBM,F I,1,308.49
2025-12-10,9:33:17.427409209,T,IBM,I,7,308.5
2025-12-10,9:33:17.427440141,T,IBM,F I,7,308.51
2025-12-10,9:33:17.427442367,T,IBM,F I,13,308.51
2025-12-10,9:33:17.427445277,T,IBM,I,27,308.51
2025-12-10,9:33:17.427466268,T,IBM,F,40,308.53
2025-12-10,9:33:35.339620137,T,IBM,F I,25,308.52
2025-12-10,9:33:35.340504269,T,IBM,F I,24,308.51
2025-12-10,9:33:38.040295801,T,IBM,F I,1,308.21
2025-12-10,9:33:50.403369020,T,IBM,I,5,308.305
2025-12-10,9:33:51.305649059,T,IBM,,130,308.42
2025-12-10,9:34:04.897935270,T,IBM,F I,3,308.25
2025-12-10,9:34:20.602711034,T,IBM,F,60,308.31
2025-12-10,9:34:20.602716988,T,IBM,,190,308.31
2025-12-10,9:34:31.078753572,T,IBM,I,23,308.27
2025-12-10,9:34:31.078756149,T,IBM,F I,2,308.38
2025-12-10,9:34:31.078759343,T,IBM,F,40,308.38
2025-12-10,9:34:31.078759343,T,IBM,F I,20,308.38
2025-12-10,9:34:31.078765233,T,IBM,F I,3,308.38
2025-12-10,9:34:31.078792233,T,IBM,F I,3,308.27
2025-12-10,9:34:31.079074951,T,IBM,F I,19,308.35
2025-12-10,9:34:31.079080987,T,IBM,F,40,308.35
2025-12-10,9:34:31.079192281,T,IBM,F I,3,308.35
2025-12-10,9:34:31.079210249,T,IBM,F I,19,308.35
2025-12-10,9:34:31.117945482,T,IBM,,40,308.4
2025-12-10,9:34:31.118513850,T,IBM,F I,1,308.45
2025-12-10,9:34:32.868572361,T,IBM,I,5,308.37
2025-12-10,9:34:32.868572361,T,IBM,I,25,308.36
2025-12-10,9:34:32.868575151,T,IBM,I,20,308.31
2025-12-10,9:34:32.868626204,T,IBM,I,2,308.3
2025-12-10,9:34:32.868944924,T,IBM,I,21,308.3
2025-12-10,9:34:37.947774610,T,IBM,F,60,308.28
2025-12-10,9:34:45.394308932,T,IBM,I,1,308.23
2025-12-10,9:34:48.590861726,T,IBM,I,1,307.955
2025-12-10,9:34:48.590900875,T,IBM,I,25,307.96
2025-12-10,9:34:48.593285443,T,IBM,F I,1,307.86
2025-12-10,9:34:48.627230392,T,IBM,F I,1,307.85
2025-12-10,9:35:00.023364126,T,IBM,I,14,307.89
2025-12-10,9:35:02.257830528,T,IBM,F I,1,307.83
2025-12-10,9:35:02.270749255,T,IBM,I,5,307.7
2025-12-10,9:35:02.270887546,T,IBM,,40,307.74
2025-12-10,9:35:02.278207049,T,IBM,,40,307.72
2025-12-10,9:35:03.110705980,T,IBM,,40,307.74
2025-12-10,9:35:06.237294101,T,IBM,I,10,307.725
2025-12-10,9:35:07.482233788,T,IBM,I,20,307.725
2025-12-10,9:35:09.023595182,T,IBM,I,2,307.74
2025-12-10,9:35:09.023637274,T,IBM,,45,307.72
2025-12-10,9:35:09.226668685,T,IBM,I,25,307.685
2025-12-10,9:35:09.257943050,T,IBM,I,25,307.685
2025-12-10,9:35:09.257985130,T,IBM,I,25,307.685
2025-12-10,9:35:17.737337181,T,IBM,,40,307.74
2025-12-10,9:35:18.157073467,T,IBM,,40,307.74
2025-12-10,9:35:37.369508066,T,IBM,I,10,307.67
2025-12-10,9:35:37.369512819,T,IBM,I,2,307.7
2025-12-10,9:35:37.369517116,T,IBM,,70,307.7
2025-12-10,9:35:37.369529036,T,IBM,F I,10,307.7
2025-12-10,9:35:37.369532744,T,IBM,F I,10,307.7
2025-12-10,9:35:37.369532744,T,IBM,F I,3,307.7
2025-12-10,9:35:37.369535021,T,IBM,F I,7,307.7
2025-12-10,9:35:37.385070010,T,IBM,F I,7,307.75
2025-12-10,9:35:37.385229389,T,IBM,F I,15,307.72
2025-12-10,9:36:09.039356576,T,IBM,F I,25,307.71
2025-12-10,9:36:30.153211674,T,IBM,F,40,307.54
2025-12-10,9:36:30.153242386,T,IBM,F I,14,307.52
2025-12-10,9:36:30.153485973,T,IBM,F I,26,307.52
2025-12-10,9:36:30.153488363,T,IBM,F,40,307.52
2025-12-10,9:36:30.153512423,T,IBM,F I,2,307.52
2025-12-10,9:36:30.153518408,T,IBM,F I,30,307.52
2025-12-10,9:36:30.153530408,T,IBM,F I,8,307.52
2025-12-10,9:36:30.153536497,T,IBM,F I,22,307.52
2025-12-10,9:36:30.153756002,T,IBM,F I,18,307.52
2025-12-10,9:36:30.153756002,T,IBM,F I,12,307.52
2025-12-10,9:36:30.153762006,T,IBM,I,28,307.52
2025-12-10,9:36:30.153764948,T,IBM,I,2,307.5
2025-12-10,9:36:30.153774021,T,IBM,I,28,307.5
2025-12-10,9:36:30.154173958,T,IBM,F I,1,307.5
2025-12-10,9:36:30.154176933,T,IBM,F I,10,307.36
2025-12-10,9:36:30.154219089,T,IBM,I,1,307.5
2025-12-10,9:36:30.154375515,T,IBM,F I,1,307.36
2025-12-10,9:36:33.538469613,T,IBM,F I,5,307.25
2025-12-10,9:36:33.721768067,T,IBM,I,1,307.15
2025-12-10,9:36:33.722342695,T,IBM,F I,20,307.11
2025-12-10,9:36:33.722345554,T,IBM,F,230,307.1
2025-12-10,9:36:33.722354428,T,IBM,I,20,307.1
2025-12-10,9:36:33.731724732,T,IBM,,40,307.02
2025-12-10,9:36:33.784864206,T,IBM,I,10,307.03
2025-12-10,9:36:33.784870399,T,IBM,I,25,307.06
2025-12-10,9:36:33.784870399,T,IBM,I,7,307.07
2025-12-10,9:36:33.784885306,T,IBM,F,42,307.07
2025-12-10,9:36:33.784912416,T,IBM,F,40,307.06
2025-12-10,9:36:33.784915361,T,IBM,F I,2,307.08
2025-12-10,9:36:34.846066518,T,IBM,I,5,307.26
2025-12-10,9:36:42.714195560,T,IBM,I,2,307.34
2025-12-10,9:36:48.448823592,T,IBM,F I,25,307.39
2025-12-10,9:36:49.803771182,T,IBM,I,2,307.53
2025-12-10,9:36:49.803822285,T,IBM,F I,1,307.55
2025-12-10,9:36:49.803954579,T,IBM,F,80,307.56
2025-12-10,9:36:49.804261355,T,IBM,F I,12,307.59
2025-12-10,9:36:52.005176948,T,IBM,F I,25,307.635
2025-12-10,9:36:52.005228052,T,IBM,F I,25,307.63
2025-12-10,9:37:00.010396474,T,IBM,F I,1,307.39
2025-12-10,9:37:32.269291677,T,IBM,F I,35,307.28
2025-12-10,9:37:32.269291677,T,IBM,F,40,307.28
2025-12-10,9:37:32.269294144,T,IBM,F,40,307.28
2025-12-10,9:37:32.269296819,T,IBM,F I,14,307.28
2025-12-10,9:37:32.269296819,T,IBM,F I,16,307.28
2025-12-10,9:37:32.269657693,T,IBM,F,100,307.28
2025-12-10,9:37:32.269657693,T,IBM,F I,1,307.28
2025-12-10,9:37:50.136418642,T,IBM,F I,6,307.57
2025-12-10,9:37:50.136422507,T,IBM,F I,1,307.57
2025-12-10,9:37:50.136424695,T,IBM,F I,3,307.57
2025-12-10,9:37:50.136427696,T,IBM,F,40,307.57
2025-12-10,9:37:50.136427696,T,IBM,F I,20,307.57
2025-12-10,9:37:51.917210013,T,IBM,F I,7,307.83
2025-12-10,9:38:06.290672028,T,IBM,F I,14,308.03
2025-12-10,9:38:06.290672028,T,IBM,F I,4,308.03
2025-12-10,9:38:10.144382199,T,IBM,I,2,308.08
2025-12-10,9:38:10.399100465,T,IBM,F I,25,308.11
2025-12-10,9:38:49.220809217,T,IBM,F I,18,308.0
2025-12-10,9:39:24.766170108,T,IBM,I,1,307.905
2025-12-10,9:39:26.158794367,T,IBM,F,100,308.05
2025-12-10,9:39:26.158797752,T,IBM,F I,5,308.07
2025-12-10,9:39:26.158797752,T,IBM,F I,2,308.1
2025-12-10,9:39:26.158800411,T,IBM,F I,3,308.18
2025-12-10,9:39:26.158863517,T,IBM,F I,1,308.05
2025-12-10,9:39:26.158917623,T,IBM,F I,1,308.05
2025-12-10,9:39:26.159287471,T,IBM,F,41,308.06
2025-12-10,9:39:26.159792707,T,IBM,F I,5,308.21
2025-12-10,9:39:26.160758676,T,IBM,F I,13,308.36
2025-12-10,9:39:26.160791079,T,IBM,F I,1,308.37
2025-12-10,9:39:26.160833712,T,IBM,F I,11,308.4
2025-12-10,9:39:31.147634841,T,IBM,,100,308.34
2025-12-10,9:39:31.147695156,T,IBM,F I,5,308.34
2025-12-10,9:39:31.147695156,T,IBM,F I,10,308.32
2025-12-10,9:39:31.157744920,T,IBM,,100,308.3
2025-12-10,9:39:33.868588336,T,IBM,F I,28,308.3
2025-12-10,9:39:33.868590547,T,IBM,F,52,308.29
2025-12-10,9:39:33.868608463,T,IBM,F I,28,308.29
2025-12-10,9:39:33.868608463,T,IBM,F I,13,308.29
2025-12-10,9:39:33.868611623,T,IBM,I,1,308.29
2025-12-10,9:39:33.868614546,T,IBM,I,2,308.29
2025-12-10,9:39:35.046987778,T,IBM,F,40,308.36
2025-12-10,9:39:41.172783914,T,IBM,I,1,308.36
2025-12-10,9:39:41.378299152,T,IBM,,81,308.36
2025-12-10,9:39:44.131347135,T,IBM,F I,25,308.24
2025-12-10,9:39:50.148205877,T,IBM,F,40,308.2
2025-12-10,9:39:50.148226962,T,IBM,I,1,308.2
2025-12-10,9:39:50.148230104,T,IBM,F,40,308.2
2025-12-10,9:39:50.148230104,T,IBM,I,28,308.2
2025-12-10,9:39:51.655553300,T,IBM,I,1,308.16
2025-12-10,9:39:51.655562330,T,IBM,I,1,308.16
2025-12-10,9:39:51.655595398,T,IBM,F I,20,308.16
2025-12-10,9:39:51.867967224,T,IBM,I,5,308.16
2025-12-10,9:39:51.867967224,T,IBM,I,14,308.16
2025-12-10,9:39:51.942848293,T,IBM,I,4,308.13
2025-12-10,9:39:52.863129041,T,IBM,I,7,308.1
2025-12-10,9:39:52.863162195,T,IBM,F I,33,308.1
2025-12-10,9:39:52.863198302,T,IBM,I,1,308.1
2025-12-10,9:39:52.863198302,T,IBM,I,2,308.1
2025-12-10,9:39:52.864181629,T,IBM,I,37,308.1
2025-12-10,9:39:52.864181629,T,IBM,I,3,308.1
2025-12-10,9:39:52.866184323,T,IBM,I,37,308.1
2025-12-10,9:39:54.818792794,T,IBM,F,46,308.31
2025-12-10,9:39:54.819559575,T,IBM,F I,2,308.47
2025-12-10,9:39:59.386167918,T,IBM,F I,7,308.6
2025-12-10,9:39:59.386191966,T,IBM,F I,15,308.61
2025-12-10,9:39:59.386194955,T,IBM,F,80,308.62
2025-12-10,9:39:59.386194955,T,IBM,F I,28,308.62
2025-12-10,9:39:59.386216958,T,IBM,F,120,308.62
2025-12-10,9:39:59.386216958,T,IBM,F I,11,308.62
2025-12-10,9:39:59.386222005,T,IBM,F I,12,308.62
2025-12-10,9:40:00.549102495,T,IBM,F I,25,308.72
2025-12-10,9:40:01.873780291,T,IBM,,100,308.86
2025-12-10,9:40:01.873782973,T,IBM,I,14,308.86
2025-12-10,9:40:02.231743184,T,IBM,I,1,308.88
2025-12-10,9:40:02.231758235,T,IBM,F,113,308.88
2025-12-10,9:40:02.232350619,T,IBM,,80,309.04
2025-12-10,9:40:08.479639044,T,IBM,F I,7,309.19
2025-12-10,9:40:08.479639044,T,IBM,F I,16,309.19
2025-12-10,9:40:08.479669034,T,IBM,F I,5,309.19
2025-12-10,9:40:08.479687155,T,IBM,F I,5,309.19
2025-12-10,9:40:13.051010660,T,IBM,F I,2,309.09
2025-12-10,9:40:13.611993175,T,IBM,I,2,309.06
2025-12-10,9:40:13.834946878,T,IBM,F I,5,309.16
2025-12-10,9:40:13.834949979,T,IBM,F I,5,309.17
2025-12-10,9:40:20.421292397,T,IBM,F I,5,309.19
2025-12-10,9:40:20.421295401,T,IBM,F I,1,309.19
2025-12-10,9:40:20.421298415,T,IBM,F I,4,309.21
2025-12-10,9:40:20.421298415,T,IBM,F I,1,309.21
2025-12-10,9:40:20.421370596,T,IBM,F I,20,309.26
2025-12-10,9:40:20.421370596,T,IBM,F I,36,309.27
2025-12-10,9:40:20.421403664,T,IBM,I,1,309.27
2025-12-10,9:40:20.422347944,T,IBM,F I,30,309.11
2025-12-10,9:40:20.427826977,T,IBM,F I,5,309.07
2025-12-10,9:40:20.428211873,T,IBM,I,13,309.07
2025-12-10,9:40:20.428275051,T,IBM,,82,309.07
2025-12-10,9:40:20.428278080,T,IBM,I,13,309.07
2025-12-10,9:40:20.428335229,T,IBM,,40,309.06
2025-12-10,9:40:20.428395341,T,IBM,F I,16,309.03
2025-12-10,9:40:20.677836094,T,IBM,F I,20,308.99
2025-12-10,9:40:27.286106833,T,IBM,F I,16,309.02
2025-12-10,9:40:27.286127946,T,IBM,F I,7,309.05
2025-12-10,9:40:27.286170055,T,IBM,F,50,309.055
2025-12-10,9:40:27.286188089,T,IBM,,50,309.055
2025-12-10,9:40:28.529046826,T,IBM,F I,13,309.15
2025-12-10,9:40:39.370459198,T,IBM,I,38,308.88
2025-12-10,9:40:39.370477070,T,IBM,F I,2,308.88
2025-12-10,9:40:39.371015353,T,IBM,F,40,308.85
2025-12-10,9:40:39.471234925,T,IBM,F,40,308.79
2025-12-10,9:40:39.471650003,T,IBM,F,40,308.79
2025-12-10,9:40:39.571439801,T,IBM,F I,5,308.83
2025-12-10,9:40:39.571439801,T,IBM,F I,8,308.84
2025-12-10,9:40:39.571460566,T,IBM,F I,4,308.84
2025-12-10,9:40:39.571469586,T,IBM,F I,1,308.84
2025-12-10,9:40:39.571469586,T,IBM,F I,25,308.84
2025-12-10,9:40:45.892499567,T,IBM,F,56,309.09
2025-12-10,9:40:45.892502476,T,IBM,F I,24,309.09
2025-12-10,9:40:50.537754036,T,IBM,F I,30,309.26
2025-12-10,9:40:50.537772096,T,IBM,F I,26,309.26
2025-12-10,9:41:00.008674812,T,IBM,I,9,309.315
2025-12-10,9:41:20.973064673,T,IBM,I,7,309.12
2025-12-10,9:41:20.973064673,T,IBM,I,20,309.11
2025-12-10,9:41:25.040722588,T,IBM,F I,20,308.94
2025-12-10,9:41:25.040722588,T,IBM,F I,37,308.93
2025-12-10,9:41:25.040725155,T,IBM,F I,30,308.93
2025-12-10,9:41:25.040743207,T,IBM,F I,10,308.93
2025-12-10,9:41:58.026115306,T,IBM,F I,4,308.87
2025-12-10,9:41:58.026115306,T,IBM,F I,9,308.86
2025-12-10,9:42:49.546832561,T,IBM,F I,13,309.04
2025-12-10,9:42:49.546850674,T,IBM,F I,37,309.04
2025-12-10,9:43:09.037065004,T,IBM,I,3,309.21
2025-12-10,9:43:09.037070992,T,IBM,I,3,309.21
2025-12-10,9:43:10.183273745,T,IBM,I,1,309.12
2025-12-10,9:43:21.475506966,T,IBM,I,5,309.22
2025-12-10,9:43:21.475506966,T,IBM,I,2,309.22
2025-12-10,9:43:21.475509941,T,IBM,I,3,309.21
2025-12-10,9:43:21.475509941,T,IBM,I,2,309.21
2025-12-10,9:43:21.475512906,T,IBM,I,2,309.21
2025-12-10,9:43:23.399755032,T,IBM,F I,20,308.92
2025-12-10,9:43:23.399758063,T,IBM,F I,21,308.91
2025-12-10,9:43:23.399773046,T,IBM,I,1,308.91
2025-12-10,9:43:23.399785046,T,IBM,I,18,308.91
2025-12-10,9:43:23.399788053,T,IBM,I,1,308.91
2025-12-10,9:43:38.916974087,T,IBM,F,40,308.87
2025-12-10,9:43:38.917007200,T,IBM,I,19,308.94
2025-12-10,9:43:38.917374136,T,IBM,I,19,308.87
2025-12-10,9:43:41.745787437,T,IBM,F I,10,308.8
2025-12-10,9:43:41.745787437,T,IBM,F I,5,308.78
2025-12-10,9:43:41.745796412,T,IBM,F I,10,308.78
2025-12-10,9:43:41.745796412,T,IBM,F I,20,308.77
2025-12-10,9:43:41.745799560,T,IBM,F I,30,308.77
2025-12-10,9:43:41.881016322,T,IBM,F I,20,308.83
2025-12-10,9:44:01.098944265,T,IBM,,40,308.885
2025-12-10,9:44:27.588083427,T,IBM,F I,20,308.81
2025-12-10,9:44:27.588086404,T,IBM,F I,20,308.8
2025-12-10,9:44:27.588102225,T,IBM,F I,20,308.8
2025-12-10,9:44:27.588977526,T,IBM,,40,308.79
2025-12-10,9:44:27.589057813,T,IBM,,40,308.79
2025-12-10,9:44:27.589057813,T,IBM,I,10,308.79
2025-12-10,9:44:27.589114909,T,IBM,I,30,308.79
2025-12-10,9:44:27.602078785,T,IBM,,40,308.77
2025-12-10,9:44:27.602078785,T,IBM,I,10,308.77
2025-12-10,9:44:27.602099729,T,IBM,F I,15,308.77
2025-12-10,9:44:27.602114827,T,IBM,F I,17,308.77
2025-12-10,9:44:27.602141870,T,IBM,I,8,308.77
2025-12-10,9:44:27.645914096,T,IBM,I,12,308.77
2025-12-10,9:44:29.764908651,T,IBM,F I,2,308.82
2025-12-10,9:44:29.764926675,T,IBM,F I,10,308.82
2025-12-10,9:44:29.764929582,T,IBM,F I,2,308.83
2025-12-10,9:44:41.452655414,T,IBM,,100,308.84
2025-12-10,9:44:41.452673438,T,IBM,F,100,308.88
2025-12-10,9:44:55.145879295,T,IBM,F I,25,308.84
2025-12-10,9:45:07.353326403,T,IBM,F,80,308.93
2025-12-10,9:45:07.353326403,T,IBM,F I,8,308.93
2025-12-10,9:45:07.353401370,T,IBM,F I,8,308.94
2025-12-10,9:45:07.353404403,T,IBM,F I,4,308.94
2025-12-10,9:45:07.353404403,T,IBM,F I,28,308.95
2025-12-10,9:45:07.353434452,T,IBM,F I,8,308.95
2025-12-10,9:45:07.353476739,T,IBM,F I,4,308.95
2025-12-10,9:45:07.353476739,T,IBM,F I,4,308.95
2025-12-10,9:45:07.353479611,T,IBM,F I,4,308.95
2025-12-10,9:45:10.765771934,T,IBM,F I,10,308.84
2025-12-10,9:45:10.765778146,T,IBM,F I,20,308.82
2025-12-10,9:45:10.765778146,T,IBM,F I,20,308.81
2025-12-10,9:45:10.765801967,T,IBM,I,1,308.81
2025-12-10,9:45:10.765801967,T,IBM,I,2,308.81
2025-12-10,9:45:10.765801967,T,IBM,I,17,308.81
2025-12-10,9:45:10.766364324,T,IBM,F I,25,308.77
2025-12-10,9:45:10.766370313,T,IBM,F,40,308.77
2025-12-10,9:45:10.803926755,T,IBM,F I,16,308.75
2025-12-10,9:45:23.113725648,T,IBM,F,40,308.95
2025-12-10,9:45:23.113725648,T,IBM,F,42,308.97
2025-12-10,9:45:23.113734498,T,IBM,F I,38,308.97
2025-12-10,9:45:23.113737899,T,IBM,F I,2,308.97
2025-12-10,9:45:23.113737899,T,IBM,F,42,308.97
2025-12-10,9:45:23.113740741,T,IBM,F I,13,308.97
2025-12-10,9:45:23.113740741,T,IBM,F,40,308.97
2025-12-10,9:45:23.164567413,T,IBM,F I,14,309.05
2025-12-10,9:45:23.164988677,T,IBM,F,40,309.08
2025-12-10,9:45:23.164991391,T,IBM,F,210,309.1
2025-12-10,9:45:23.164991391,T,IBM,F,40,309.1
2025-12-10,9:45:23.165274153,T,IBM,F I,1,309.16
2025-12-10,9:45:23.165277338,T,IBM,F I,6,309.16
2025-12-10,9:45:27.452144292,T,IBM,F I,1,309.02
2025-12-10,9:45:34.400443395,T,IBM,F,40,308.95
2025-12-10,9:45:34.403639925,T,IBM,F,40,308.95
2025-12-10,9:45:34.406448657,T,IBM,F,40,308.96
2025-12-10,9:45:34.409188160,T,IBM,F,40,308.96
2025-12-10,9:45:34.411852507,T,IBM,F,40,308.96
2025-12-10,9:45:53.008243045,T,IBM,F I,25,309.025
2025-12-10,9:46:07.329557345,T,IBM,,100,309.02
2025-12-10,9:46:07.329557345,T,IBM,,70,309.025
2025-12-10,9:46:16.033228212,T,IBM,,100,309.02
2025-12-10,9:46:38.898728600,T,IBM,F I,10,308.91
2025-12-10,9:46:38.898758657,T,IBM,F,50,308.91
2025-12-10,9:46:38.936594722,T,IBM,F I,10,308.77
2025-12-10,9:46:40.968769680,T,IBM,,42,308.83
2025-12-10,9:46:48.780860041,T,IBM,F I,14,308.89
2025-12-10,9:46:48.780887101,T,IBM,I,6,308.84
2025-12-10,9:46:48.780905071,T,IBM,F I,3,308.9
2025-12-10,9:46:48.781058430,T,IBM,F I,2,308.92
2025-12-10,9:46:52.211489906,T,IBM,I,4,308.99
2025-12-10,9:46:54.644055915,T,IBM,I,1,308.93
2025-12-10,9:46:55.784848691,T,IBM,I,3,308.99
2025-12-10,9:46:55.807405564,T,IBM,F I,10,308.91
2025-12-10,9:46:55.807408358,T,IBM,F I,9,308.91
2025-12-10,9:47:07.426336404,T,IBM,F I,25,308.76
2025-12-10,9:47:07.426387508,T,IBM,F I,25,308.76
2025-12-10,9:47:22.081207822,T,IBM,I,1,308.855
2025-12-10,9:47:27.551040202,T,IBM,I,1,308.855
2025-12-10,9:47:41.858753230,T,IBM,F I,20,308.77
2025-12-10,9:47:41.858756325,T,IBM,F,71,308.76
2025-12-10,9:47:41.858771196,T,IBM,F,89,308.76
2025-12-10,9:47:41.858771196,T,IBM,F I,10,308.76
2025-12-10,9:47:41.860112405,T,IBM,I,30,308.71
2025-12-10,9:47:41.860112405,T,IBM,I,10,308.68
2025-12-10,9:47:41.860386001,T,IBM,F I,30,308.68
2025-12-10,9:47:41.860388996,T,IBM,F,40,308.68
2025-12-10,9:47:41.860419096,T,IBM,F I,2,308.68
2025-12-10,9:47:41.860422090,T,IBM,F I,32,308.68
2025-12-10,9:47:41.959387695,T,IBM,F I,20,308.69
2025-12-10,9:47:41.959391414,T,IBM,F I,6,308.68
2025-12-10,9:47:41.959391414,T,IBM,F I,20,308.68
2025-12-10,9:47:41.959411820,T,IBM,F I,20,308.68
2025-12-10,9:47:41.959411820,T,IBM,F I,20,308.68
2025-12-10,9:47:41.959417818,T,IBM,I,1,308.68
2025-12-10,9:47:41.959417818,T,IBM,I,2,308.68
2025-12-10,9:47:41.959616986,T,IBM,F I,17,308.68
2025-12-10,9:47:41.959619338,T,IBM,F,40,308.68
2025-12-10,9:47:41.959622272,T,IBM,F I,29,308.68
2025-12-10,9:47:41.959676399,T,IBM,I,11,308.68
2025-12-10,9:47:41.959712484,T,IBM,,40,308.67
2025-12-10,9:47:41.959736513,T,IBM,F,40,308.67
2025-12-10,9:47:41.959757640,T,IBM,F,40,308.67
2025-12-10,9:47:41.959772665,T,IBM,F,40,308.67
2025-12-10,9:47:41.959853797,T,IBM,,40,308.67
2025-12-10,9:47:41.959856900,T,IBM,F,40,308.67
2025-12-10,9:47:41.959856900,T,IBM,F,40,308.67
2025-12-10,9:47:42.131637849,T,IBM,,98,308.605
2025-12-10,9:47:42.150369407,T,IBM,,40,308.69
2025-12-10,9:47:42.352212975,T,IBM,I,3,308.605
2025-12-10,9:47:42.375915469,T,IBM,I,1,308.605
2025-12-10,9:47:46.327289071,T,IBM,I,5,308.84
2025-12-10,9:47:46.327977726,T,IBM,I,3,308.91
2025-12-10,9:48:39.461566762,T,IBM,I,1,308.68
2025-12-10,9:48:45.921061040,T,IBM,F I,19,308.65
2025-12-10,9:48:45.921088328,T,IBM,F I,1,308.61
2025-12-10,9:48:45.921857926,T,IBM,F,40,308.58
2025-12-10,9:48:52.199103551,T,IBM,F I,6,308.56
2025-12-10,9:48:52.199344615,T,IBM,F I,8,308.62
2025-12-10,9:48:52.199347211,T,IBM,F I,4,308.63
2025-12-10,9:48:52.828083941,T,IBM,F I,10,308.56
2025-12-10,9:48:52.828147379,T,IBM,F,40,308.56
2025-12-10,9:48:52.828153172,T,IBM,,750,308.56
2025-12-10,9:49:03.258227948,T,IBM,I,38,308.42
2025-12-10,9:49:23.171967668,T,IBM,F I,1,308.46
2025-12-10,9:49:23.172109037,T,IBM,F I,1,308.49
2025-12-10,9:49:23.172948019,T,IBM,F I,1,308.49
2025-12-10,9:49:23.172969090,T,IBM,F I,6,308.49
2025-12-10,9:49:37.361369986,T,IBM,I,14,308.56
2025-12-10,9:50:13.163310262,T,IBM,F,40,308.57
2025-12-10,9:50:13.163328338,T,IBM,I,1,308.57
2025-12-10,9:50:13.163328338,T,IBM,I,6,308.57
2025-12-10,9:50:19.366408768,T,IBM,F,80,308.66
2025-12-10,9:50:19.366955660,T,IBM,F I,20,308.72
2025-12-10,9:50:19.367030864,T,IBM,F I,25,308.72
2025-12-10,9:50:19.367069934,T,IBM,F I,15,308.72
2025-12-10,9:50:19.367740574,T,IBM,F,40,308.75
2025-12-10,9:50:20.146844517,T,IBM,I,2,308.84
2025-12-10,9:50:20.146844517,T,IBM,I,1,308.84
2025-12-10,9:50:20.146847222,T,IBM,I,7,308.84
2025-12-10,9:50:20.146874339,T,IBM,I,2,308.84
2025-12-10,9:50:20.146904365,T,IBM,I,2,308.84
2025-12-10,9:50:20.147349624,T,IBM,F I,2,308.84
2025-12-10,9:50:20.147349624,T,IBM,F I,2,308.84
2025-12-10,9:50:20.147433639,T,IBM,F I,2,308.84
2025-12-10,9:50:20.147451679,T,IBM,F I,2,308.84
2025-12-10,9:50:20.147713342,T,IBM,I,2,308.86
2025-12-10,9:50:20.148380885,T,IBM,I,1,308.89
2025-12-10,9:50:25.271984006,T,IBM,I,3,308.95
2025-12-10,9:50:25.272008083,T,IBM,F I,5,308.95
2025-12-10,9:50:25.272008083,T,IBM,F I,3,308.95
2025-12-10,9:50:25.272017529,T,IBM,F I,8,308.96
2025-12-10,9:50:25.288691867,T,IBM,,100,308.94
2025-12-10,9:50:38.009451860,T,IBM,F,78,309.03
2025-12-10,9:50:38.009471334,T,IBM,I,1,309.03
2025-12-10,9:50:38.009475889,T,IBM,F I,1,309.03
2025-12-10,9:50:38.009475889,T,IBM,F,80,309.03
2025-12-10,9:50:38.009499970,T,IBM,F I,1,309.04
2025-12-10,9:50:38.009499970,T,IBM,F I,1,309.04
2025-12-10,9:50:42.149010466,T,IBM,F,100,309.0
2025-12-10,9:50:50.445632465,T,IBM,F I,10,308.89
2025-12-10,9:50:56.872039106,T,IBM,I,10,308.71
2025-12-10,9:50:56.872526843,T,IBM,F I,33,308.7
2025-12-10,9:50:56.872532267,T,IBM,F I,7,308.7
2025-12-10,9:51:11.352173593,T,IBM,I,25,308.615
2025-12-10,9:51:15.199304050,T,IBM,F I,20,308.53
2025-12-10,9:51:15.199322124,T,IBM,F,80,308.52
2025-12-10,9:51:40.979730898,T,IBM,I,8,308.17
2025-12-10,9:51:40.979767056,T,IBM,,92,308.175
2025-12-10,9:51:45.344628026,T,IBM,F I,18,308.0
2025-12-10,9:51:45.344673012,T,IBM,F,62,308.0
2025-12-10,9:51:45.344799335,T,IBM,F I,20,307.99
2025-12-10,9:51:45.623202161,T,IBM,F I,2,308.04
2025-12-10,9:51:45.623205186,T,IBM,F I,2,308.04
2025-12-10,9:51:45.623205186,T,IBM,F I,1,308.04
2025-12-10,9:51:45.623448674,T,IBM,F I,5,308.09
2025-12-10,9:52:25.203084213,T,IBM,F I,20,307.73
2025-12-10,9:52:25.203084213,T,IBM,F I,20,307.72
2025-12-10,9:52:25.203108387,T,IBM,I,1,307.72
2025-12-10,9:52:25.203108387,T,IBM,I,2,307.72
2025-12-10,9:52:25.203111202,T,IBM,F,77,307.72
2025-12-10,9:52:25.203114505,T,IBM,F I,10,307.72
2025-12-10,9:52:25.204208812,T,IBM,F I,11,307.63
2025-12-10,9:52:33.952147997,T,IBM,F I,14,307.53
2025-12-10,9:52:35.030151334,T,IBM,F I,2,307.64
2025-12-10,9:52:35.030151334,T,IBM,F I,2,307.68
2025-12-10,9:52:35.030157288,T,IBM,F,40,307.68
2025-12-10,9:52:35.030157288,T,IBM,F I,25,307.69
2025-12-10,9:52:35.030248462,T,IBM,F I,25,307.7
2025-12-10,9:52:35.030248462,T,IBM,F I,3,307.7
2025-12-10,9:52:35.030271510,T,IBM,F I,1,307.72
2025-12-10,9:52:35.030271510,T,IBM,F I,33,307.72
2025-12-10,9:52:35.030305390,T,IBM,F I,7,307.72
2025-12-10,9:52:55.479348587,T,IBM,I,5,307.82
2025-12-10,9:53:19.850145510,T,IBM,F I,5,307.74
2025-12-10,9:53:24.980421684,T,IBM,F I,6,307.83
2025-12-10,9:53:24.980427711,T,IBM,F I,24,307.83
2025-12-10,9:53:47.210711115,T,IBM,F I,4,307.91
2025-12-10,9:53:47.629145542,T,IBM,F I,10,308.07
2025-12-10,9:53:47.629145542,T,IBM,F I,2,308.07
2025-12-10,9:53:47.629148515,T,IBM,F I,28,308.07
2025-12-10,9:53:54.604662142,T,IBM,F I,25,307.95
2025-12-10,9:54:17.747840776,T,IBM,I,7,307.75
2025-12-10,9:54:28.092052767,T,IBM,I,5,307.88
2025-12-10,9:54:28.092055424,T,IBM,I,2,307.9
2025-12-10,9:54:28.092055424,T,IBM,I,1,307.92
2025-12-10,9:54:28.092268849,T,IBM,F I,31,307.93
2025-12-10,9:54:28.092271663,T,IBM,F I,3,307.93
2025-12-10,9:54:28.092289735,T,IBM,I,23,307.93
2025-12-10,9:54:28.092292740,T,IBM,I,1,307.93
2025-12-10,9:54:28.092308128,T,IBM,F I,26,307.93
2025-12-10,9:54:28.092308128,T,IBM,F I,4,307.94
2025-12-10,9:54:28.092313782,T,IBM,F I,10,307.94
2025-12-10,9:54:28.092331887,T,IBM,F,70,307.94
2025-12-10,9:54:35.912144654,T,IBM,I,20,308.01
2025-12-10,9:54:42.825593705,T,IBM,F I,35,307.9
2025-12-10,9:54:53.890548972,T,IBM,F I,10,307.82
2025-12-10,9:54:53.895426570,T,IBM,F I,20,307.86
2025-12-10,9:55:13.715420886,T,IBM,F I,2,308.12
2025-12-10,9:55:13.715457029,T,IBM,F I,11,308.15
2025-12-10,9:55:13.716046365,T,IBM,F I,20,308.19
2025-12-10,9:55:13.716079482,T,IBM,F I,1,308.2
2025-12-10,9:55:13.716082445,T,IBM,F I,7,308.2
2025-12-10,9:55:13.723723609,T,IBM,,40,308.29
2025-12-10,9:55:14.915779474,T,IBM,F I,25,308.11
2025-12-10,9:55:22.423798010,T,IBM,F I,4,307.96
2025-12-10,9:56:00.117956500,T,IBM,F I,1,307.66
2025-12-10,9:56:00.118155367,T,IBM,I,5,307.66
2025-12-10,9:56:00.118157975,T,IBM,I,10,307.64
2025-12-10,9:56:00.124752747,T,IBM,I,2,307.68
2025-12-10,9:56:00.124752747,T,IBM,I,2,307.69
2025-12-10,9:56:00.126986958,T,IBM,I,10,307.65
2025-12-10,9:56:00.641938877,T,IBM,F I,2,307.68
2025-12-10,9:56:02.814674285,T,IBM,F I,2,307.74
2025-12-10,9:56:15.349381456,T,IBM,F I,28,307.78
2025-12-10,9:56:15.349405517,T,IBM,F I,28,307.78
2025-12-10,9:56:15.350115152,T,IBM,F I,2,307.79
2025-12-10,9:56:16.927015043,T,IBM,F I,2,307.78
2025-12-10,9:56:18.769263815,T,IBM,F I,2,307.74
2025-12-10,9:56:39.095916180,T,IBM,I,25,307.715
2025-12-10,9:57:18.913402293,T,IBM,I,4,308.04
2025-12-10,9:57:20.207990153,T,IBM,F I,5,308.09
2025-12-10,9:57:38.318772554,T,IBM,F I,3,308.13
2025-12-10,9:57:38.318775480,T,IBM,F I,11,308.14
2025-12-10,9:57:48.030476298,T,IBM,F I,25,308.11
2025-12-10,9:57:57.163482072,T,IBM,I,10,308.14
2025-12-10,9:58:16.207836838,T,IBM,F I,25,308.11
2025-12-10,9:58:27.136724021,T,IBM,F I,25,308.11
2025-12-10,9:58:27.139469603,T,IBM,,70,308.11
2025-12-10,9:58:29.337311797,T,IBM,F I,17,308.07
2025-12-10,9:58:29.352732473,T,IBM,F I,10,308.0
2025-12-10,9:58:41.897116445,T,IBM,I,2,307.89
2025-12-10,9:58:41.898286240,T,IBM,I,16,307.82
2025-12-10,9:59:12.699955241,T,IBM,F I,7,308.0
2025-12-10,9:59:21.442710212,T,IBM,F I,1,307.99
2025-12-10,9:59:34.793605095,T,IBM,F,50,307.83
2025-12-10,9:59:34.793605095,T,IBM,F I,10,307.83
2025-12-10,9:59:59.095541007,T,IBM,F,80,307.97
2025-12-10,9:59:59.100063772,T,IBM,F,40,308.0
2025-12-10,9:59:59.100066724,T,IBM,F,100,308.09
2025-12-10,9:59:59.100066724,T,IBM,F,83,308.11
2025-12-10,9:59:59.100069822,T,IBM,F I,10,308.12
2025-12-10,9:59:59.100073423,T,IBM,F,100,308.12
2025-12-10,9:59:59.100839985,T,IBM,F I,2,308.04
2025-12-10,9:59:59.107584609,T,IBM,F I,1,308.07
2025-12-10,9:59:59.107716940,T,IBM,,120,308.07
2025-12-10,9:59:59.107735067,T,IBM,F I,30,308.07
2025-12-10,9:59:59.115986613,T,IBM,F I,3,308.07
2025-12-10,9:59:59.133190566,T,IBM,F I,19,308.08
2025-12-10,9:59:59.133194327,T,IBM,F I,2,308.13
2025-12-10,9:59:59.133196903,T,IBM,F I,10,308.15
2025-12-10,9:59:59.133196903,T,IBM,F,100,308.15
2025-12-10,9:59:59.144620774,T,IBM,F I,2,308.13
2025-12-10,9:59:59.144626861,T,IBM,F I,10,308.15
2025-12-10,9:59:59.144626861,T,IBM,F I,17,308.15
2025-12-10,9:59:59.147457079,T,IBM,F,100,308.17
2025-12-10,9:59:59.147459645,T,IBM,F I,3,308.18
2025-12-10,9:59:59.147459645,T,IBM,F I,10,308.18
2025-12-10,9:59:59.147465556,T,IBM,I,36,308.02
2025-12-10,9:59:59.147501661,T,IBM,I,11,308.07
2025-12-10,9:59:59.147501661,T,IBM,I,25,308.04
2025-12-10,9:59:59.147546905,T,IBM,I,19,308.02
2025-12-10,9:59:59.149333162,T,IBM,F I,2,308.1
2025-12-10,9:59:59.149336048,T,IBM,F I,2,308.11
2025-12-10,9:59:59.149336048,T,IBM,F,55,308.12
2025-12-10,9:59:59.149339117,T,IBM,F,400,308.13
2025-12-10,9:59:59.149342314,T,IBM,F,150,308.13
2025-12-10,9:59:59.149342314,T,IBM,F I,15,308.13
2025-12-10,9:59:59.149342314,T,IBM,F,100,308.13
2025-12-10,9:59:59.149345046,T,IBM,F I,15,308.13
2025-12-10,10:00:00.465596550,T,IBM,F I,2,307.89
2025-12-10,10:00:04.739484915,T,IBM,I,10,307.84
2025-12-10,10:00:04.739545088,T,IBM,I,10,307.82
2025-12-10,10:00:05.443072849,T,IBM,I,5,307.87
2025-12-10,10:00:05.443072849,T,IBM,I,6,307.87
2025-12-10,10:00:05.443097316,T,IBM,,79,307.87
2025-12-10,10:00:05.443097316,T,IBM,,100,307.87
2025-12-10,10:00:05.443099917,T,IBM,,50,307.87
2025-12-10,10:00:05.443136082,T,IBM,F I,2,307.89
2025-12-10,10:00:05.443145027,T,IBM,F I,1,307.89
2025-12-10,10:00:12.585929240,T,IBM,F I,2,307.93
2025-12-10,10:00:16.402386887,T,IBM,F I,2,307.86
2025-12-10,10:00:23.904782023,T,IBM,I,2,307.9
2025-12-10,10:00:23.905058742,T,IBM,I,5,307.87
2025-12-10,10:00:23.905076759,T,IBM,I,6,307.9
2025-12-10,10:00:23.905088805,T,IBM,I,5,307.9
2025-12-10,10:00:23.905107327,T,IBM,I,28,307.88
2025-12-10,10:00:23.905125053,T,IBM,I,5,307.9
2025-12-10,10:00:23.905155639,T,IBM,,40,307.88
2025-12-10,10:00:23.905323273,T,IBM,F I,5,307.89
2025-12-10,10:00:23.905885701,T,IBM,F I,5,307.91
2025-12-10,10:00:24.956066702,T,IBM,F I,10,307.84
2025-12-10,10:01:19.716226691,T,IBM,F I,1,307.99
2025-12-10,10:01:34.082059171,T,IBM,F I,20,308.06
2025-12-10,10:01:41.558769990,T,IBM,,70,308.04
2025-12-10,10:01:43.708329414,T,IBM,I,2,308.04
2025-12-10,10:01:43.708372216,T,IBM,I,5,308.02
2025-12-10,10:01:43.708374419,T,IBM,I,10,308.01
2025-12-10,10:01:59.902610227,T,IBM,F I,2,307.98
2025-12-10,10:02:00.354986281,T,IBM,I,3,308.0
2025-12-10,10:02:07.085837545,T,IBM,F I,10,307.96
2025-12-10,10:02:07.243968991,T,IBM,F I,2,307.9
2025-12-10,10:02:07.244068192,T,IBM,F I,10,307.89
2025-12-10,10:02:07.356343628,T,IBM,F I,20,307.78
2025-12-10,10:02:07.356343628,T,IBM,F I,20,307.78
2025-12-10,10:02:20.388488769,T,IBM,F I,17,307.85
2025-12-10,10:02:20.388491827,T,IBM,F,40,307.85
2025-12-10,10:02:20.388494817,T,IBM,F,80,307.85
2025-12-10,10:02:20.388524859,T,IBM,F I,1,307.88
2025-12-10,10:02:32.042979474,T,IBM,F I,20,307.83
2025-12-10,10:02:38.032028519,T,IBM,I,1,307.81
2025-12-10,10:02:38.032031739,T,IBM,I,10,307.81
2025-12-10,10:02:44.934525060,T,IBM,I,1,307.79
2025-12-10,10:03:23.565918726,T,IBM,F,40,307.93
2025-12-10,10:03:23.565937277,T,IBM,F I,5,307.93
2025-12-10,10:03:23.565937277,T,IBM,I,1,307.93
2025-12-10,10:03:23.565939801,T,IBM,I,1,307.93
2025-12-10,10:03:24.733778938,T,IBM,I,1,308.1
2025-12-10,10:03:24.949783189,T,IBM,I,35,308.085
2025-12-10,10:03:25.157024603,T,IBM,I,11,308.085
2025-12-10,10:03:25.894689658,T,IBM,,50,308.12
2025-12-10,10:03:25.894713729,T,IBM,F,50,308.12
2025-12-10,10:03:25.894725995,T,IBM,I,10,308.1
2025-12-10,10:03:25.894728731,T,IBM,I,33,308.1
2025-12-10,10:03:25.894812977,T,IBM,F I,2,308.11
2025-12-10,10:03:25.894827963,T,IBM,F I,2,308.11
2025-12-10,10:03:25.894831109,T,IBM,F I,8,308.11
2025-12-10,10:03:25.894852461,T,IBM,F I,1,308.11
2025-12-10,10:03:25.894855034,T,IBM,F I,1,308.14
2025-12-10,10:03:25.894879134,T,IBM,F I,10,308.11
2025-12-10,10:03:25.894915221,T,IBM,F I,25,308.11
2025-12-10,10:03:25.894939205,T,IBM,I,11,308.13
2025-12-10,10:03:25.895083583,T,IBM,F I,25,308.11
2025-12-10,10:03:25.897122576,T,IBM,I,10,308.14
2025-12-10,10:03:25.898514762,T,IBM,I,10,308.15
2025-12-10,10:03:26.278391128,T,IBM,F I,24,308.06
2025-12-10,10:03:26.278394070,T,IBM,F I,10,308.06
2025-12-10,10:04:02.382198858,T,IBM,I,35,308.12
2025-12-10,10:04:02.382223131,T,IBM,F I,11,308.13
2025-12-10,10:04:02.382225850,T,IBM,F I,13,308.13
2025-12-10,10:04:02.382228842,T,IBM,F I,11,308.13
2025-12-10,10:04:02.382349191,T,IBM,F I,20,308.18
2025-12-10,10:04:02.382349191,T,IBM,F I,8,308.18
2025-12-10,10:04:02.382352426,T,IBM,F I,1,308.18
2025-12-10,10:04:02.382355168,T,IBM,F I,2,308.2
2025-12-10,10:04:02.382394240,T,IBM,F I,11,308.2
2025-12-10,10:04:02.382418319,T,IBM,F,102,308.2
2025-12-10,10:04:02.382421439,T,IBM,F I,4,308.2
2025-12-10,10:04:02.382634798,T,IBM,F I,14,308.21
2025-12-10,10:04:02.382658952,T,IBM,I,20,308.23
2025-12-10,10:04:02.382658952,T,IBM,,40,308.23
2025-12-10,10:04:17.616333132,T,IBM,I,35,308.33
2025-12-10,10:04:30.576959094,T,IBM,,40,308.36
2025-12-10,10:04:33.761053634,T,IBM,F I,10,308.48
2025-12-10,10:04:33.761056271,T,IBM,F,70,308.49
2025-12-10,10:04:33.761074323,T,IBM,I,1,308.49
2025-12-10,10:04:33.761077322,T,IBM,F I,9,308.49
2025-12-10,10:04:33.761720906,T,IBM,F I,12,308.57
2025-12-10,10:04:33.761753916,T,IBM,F I,2,308.57
2025-12-10,10:04:33.762607959,T,IBM,F I,1,308.67
2025-12-10,10:04:33.764075510,T,IBM,,54,308.6
2025-12-10,10:04:33.793232828,T,IBM,F I,9,308.59
2025-12-10,10:04:33.960863922,T,IBM,,55,308.52
2025-12-10,10:04:46.784426857,T,IBM,I,2,308.58
2025-12-10,10:04:49.181396845,T,IBM,,40,308.485
2025-12-10,10:05:17.649742511,T,IBM,F I,9,308.59
2025-12-10,10:05:17.649877942,T,IBM,F I,4,308.62
2025-12-10,10:05:17.649880865,T,IBM,F I,5,308.62
2025-12-10,10:05:17.649901982,T,IBM,F I,2,308.63
2025-12-10,10:05:35.892079177,T,IBM,F I,2,308.68
2025-12-10,10:05:36.130354428,T,IBM,I,9,308.715
2025-12-10,10:05:36.130361267,T,IBM,I,2,308.72
2025-12-10,10:05:36.130363495,T,IBM,I,7,308.73
2025-12-10,10:05:49.244469024,T,IBM,I,25,308.715
2025-12-10,10:05:53.276266110,T,IBM,I,9,308.56
2025-12-10,10:06:04.304837625,T,IBM,F I,17,308.65
2025-12-10,10:06:04.304840641,T,IBM,F I,2,308.68
2025-12-10,10:06:04.304853423,T,IBM,I,9,308.73
2025-12-10,10:06:04.304858679,T,IBM,F I,33,308.65
2025-12-10,10:06:04.304879974,T,IBM,I,10,308.65
2025-12-10,10:06:04.304882790,T,IBM,I,9,308.7
2025-12-10,10:06:11.931088706,T,IBM,I,2,308.72
2025-12-10,10:06:12.059197070,T,IBM,F I,9,308.74
2025-12-10,10:06:12.059199634,T,IBM,F I,1,308.74
2025-12-10,10:06:44.109510629,T,IBM,I,1,308.67
2025-12-10,10:06:54.648177126,T,IBM,I,2,308.86
2025-12-10,10:06:54.648177126,T,IBM,I,8,308.88
2025-12-10,10:06:54.648212950,T,IBM,I,2,308.88
2025-12-10,10:06:54.648240055,T,IBM,I,2,308.88
2025-12-10,10:06:54.648252115,T,IBM,F I,3,308.88
2025-12-10,10:06:54.648258054,T,IBM,F I,20,308.89
2025-12-10,10:06:54.648264044,T,IBM,F I,20,308.89
2025-12-10,10:06:54.648270709,T,IBM,F I,6,308.89
2025-12-10,10:06:54.648273058,T,IBM,F I,5,308.89
2025-12-10,10:07:00.193116165,T,IBM,F I,25,308.9
2025-12-10,10:07:08.757886435,T,IBM,F I,20,308.9
2025-12-10,10:07:08.757889450,T,IBM,F I,10,308.9
2025-12-10,10:07:09.259697118,T,IBM,F I,2,308.92
2025-12-10,10:07:11.004252109,T,IBM,F I,19,308.99
2025-12-10,10:07:15.340734487,T,IBM,I,20,308.99
2025-12-10,10:07:42.763740701,T,IBM,I,20,308.86
2025-12-10,10:07:42.763743711,T,IBM,,40,308.82
2025-12-10,10:07:42.763764669,T,IBM,I,4,308.8
2025-12-10,10:08:50.846640482,T,IBM,I,2,308.94
2025-12-10,10:08:50.846667532,T,IBM,I,20,308.94
2025-12-10,10:09:02.419643089,T,IBM,I,1,308.75
2025-12-10,10:09:02.419643089,T,IBM,I,10,308.75
2025-12-10,10:09:02.419709223,T,IBM,F I,2,308.73
2025-12-10,10:09:02.419724499,T,IBM,F I,3,308.73
2025-12-10,10:09:02.419727249,T,IBM,I,35,308.73
2025-12-10,10:09:02.419730259,T,IBM,I,2,308.73
2025-12-10,10:09:02.419730259,T,IBM,I,5,308.73
2025-12-10,10:09:02.419790530,T,IBM,F I,3,308.73
2025-12-10,10:09:02.419811411,T,IBM,F I,37,308.73
2025-12-10,10:09:02.419811411,T,IBM,F I,3,308.73
2025-12-10,10:09:02.419817428,T,IBM,I,1,308.73
2025-12-10,10:09:02.420160266,T,IBM,F I,31,308.73
2025-12-10,10:09:02.420160266,T,IBM,F I,10,308.73
2025-12-10,10:09:02.426803556,T,IBM,F I,3,308.72
2025-12-10,10:09:22.886871363,T,IBM,F I,1,308.65
2025-12-10,10:09:32.026658553,T,IBM,I,1,308.59
2025-12-10,10:09:32.579864585,T,IBM,F I,20,308.62
2025-12-10,10:09:32.579868696,T,IBM,F I,17,308.64
2025-12-10,10:09:32.579870568,T,IBM,F I,7,308.64
2025-12-10,10:09:32.579876689,T,IBM,F,80,308.64
2025-12-10,10:09:32.579876689,T,IBM,F,40,308.64
2025-12-10,10:09:32.579876689,T,IBM,F,80,308.64
2025-12-10,10:09:32.579879621,T,IBM,F,60,308.64
2025-12-10,10:09:32.579883014,T,IBM,I,1,308.64
2025-12-10,10:09:32.579885536,T,IBM,F I,19,308.64
2025-12-10,10:09:32.580270452,T,IBM,,55,308.61
2025-12-10,10:09:32.602983572,T,IBM,F I,1,308.6
2025-12-10,10:09:32.941580766,T,IBM,I,2,308.74
2025-12-10,10:09:32.941583742,T,IBM,I,2,308.76
2025-12-10,10:09:32.941589823,T,IBM,,50,308.77
2025-12-10,10:09:32.941589823,T,IBM,I,30,308.78
2025-12-10,10:09:32.941592782,T,IBM,I,16,308.78
2025-12-10,10:09:50.205375701,T,IBM,F I,2,308.76
2025-12-10,10:09:57.037069529,T,IBM,I,2,308.72
2025-12-10,10:09:57.037069529,T,IBM,I,17,308.7
2025-12-10,10:09:57.037072202,T,IBM,I,21,308.69
2025-12-10,10:09:57.037102281,T,IBM,I,29,308.69
2025-12-10,10:09:57.037102281,T,IBM,,71,308.67
2025-12-10,10:09:57.037141365,T,IBM,,100,308.66
2025-12-10,10:09:57.039050907,T,IBM,F,55,308.71
2025-12-10,10:09:57.039050907,T,IBM,F I,25,308.71
2025-12-10,10:09:57.039053967,T,IBM,F I,31,308.71
2025-12-10,10:09:57.039064302,T,IBM,F,44,308.71
2025-12-10,10:09:57.039068934,T,IBM,F I,6,308.72
2025-12-10,10:09:57.039080980,T,IBM,F,40,308.72
2025-12-10,10:09:57.039343100,T,IBM,F I,1,308.73
2025-12-10,10:09:57.039375667,T,IBM,F I,11,308.73
2025-12-10,10:10:00.027836014,T,IBM,F I,25,308.64
2025-12-10,10:10:17.117278843,T,IBM,F I,5,308.62
2025-12-10,10:10:30.990902232,T,IBM,F I,2,308.62
2025-12-10,10:10:30.990905281,T,IBM,F I,2,308.58
2025-12-10,10:10:30.990908258,T,IBM,F I,1,308.56
2025-12-10,10:10:31.031294322,T,IBM,F I,4,308.56
2025-12-10,10:11:05.065530197,T,IBM,F,85,308.67
2025-12-10,10:11:26.030334961,T,IBM,F I,6,308.53
2025-12-10,10:11:54.553031713,T,IBM,F I,5,308.53
2025-12-10,10:11:54.553407592,T,IBM,F I,10,308.53
2025-12-10,10:11:56.160117543,T,IBM,F I,15,308.53
2025-12-10,10:11:56.160117543,T,IBM,F I,22,308.53
2025-12-10,10:12:19.174941152,T,IBM,,100,308.515
2025-12-10,10:12:29.618899893,T,IBM,I,30,308.45
2025-12-10,10:12:49.198462840,T,IBM,F I,1,308.63
2025-12-10,10:12:49.198469380,T,IBM,F I,1,308.64
2025-12-10,10:12:49.198472439,T,IBM,F I,1,308.64
2025-12-10,10:12:49.198474868,T,IBM,F I,7,308.64
2025-12-10,10:12:49.198477873,T,IBM,F I,22,308.64
2025-12-10,10:12:49.198477873,T,IBM,F I,1,308.65
2025-12-10,10:12:49.198480800,T,IBM,F I,2,308.65
2025-12-10,10:13:03.084812522,T,IBM,F I,3,308.85
2025-12-10,10:13:03.084815618,T,IBM,F I,13,308.85
2025-12-10,10:13:03.084815618,T,IBM,F I,2,308.85
2025-12-10,10:13:03.084836578,T,IBM,F I,1,308.86
2025-12-10,10:13:03.084836578,T,IBM,F I,4,308.86
2025-12-10,10:13:44.856711166,T,IBM,I,17,308.795
2025-12-10,10:13:44.856747273,T,IBM,I,2,308.76
2025-12-10,10:13:44.856747273,T,IBM,I,8,308.74
2025-12-10,10:13:44.856753349,T,IBM,,40,308.73
2025-12-10,10:13:44.856756202,T,IBM,I,10,308.73
2025-12-10,10:13:44.856756202,T,IBM,,50,308.73
2025-12-10,10:13:44.857201332,T,IBM,F I,1,308.74
2025-12-10,10:13:45.494060417,T,IBM,,100,308.695
2025-12-10,10:13:45.496592445,T,IBM,I,25,308.695
2025-12-10,10:13:59.920170962,T,IBM,F I,8,308.6
2025-12-10,10:14:35.987489249,T,IBM,F I,1,308.44
2025-12-10,10:14:35.987492338,T,IBM,F I,1,308.43
2025-12-10,10:14:35.987495243,T,IBM,F I,9,308.43
2025-12-10,10:14:35.987510267,T,IBM,F I,1,308.43
2025-12-10,10:14:35.987510267,T,IBM,F I,9,308.43
2025-12-10,10:14:36.565857408,T,IBM,F I,14,308.46
2025-12-10,10:14:36.565857408,T,IBM,F I,2,308.48
2025-12-10,10:14:36.565859029,T,IBM,F I,24,308.49
2025-12-10,10:14:50.340234325,T,IBM,F I,2,308.5
2025-12-10,10:15:22.739251887,T,IBM,I,20,308.425
2025-12-10,10:15:22.739603703,T,IBM,I,11,308.425
2025-12-10,10:15:22.751848873,T,IBM,F I,2,308.41
2025-12-10,10:15:22.751872937,T,IBM,F,52,308.4
2025-12-10,10:15:22.752185631,T,IBM,F I,10,308.4
2025-12-10,10:15:22.752239957,T,IBM,I,5,308.4
2025-12-10,10:15:22.753391590,T,IBM,F I,10,308.35
2025-12-10,10:15:22.753418638,T,IBM,I,38,308.35
2025-12-10,10:15:22.754155508,T,IBM,F I,2,308.32
2025-12-10,10:15:22.754155508,T,IBM,F I,2,308.32
2025-12-10,10:15:22.754158370,T,IBM,F I,20,308.32
2025-12-10,10:15:22.754859219,T,IBM,I,1,308.32
2025-12-10,10:15:22.754859219,T,IBM,I,8,308.32
2025-12-10,10:15:25.795598815,T,IBM,F I,25,308.32
2025-12-10,10:15:30.728286613,T,IBM,F I,7,308.26
2025-12-10,10:15:31.408917806,T,IBM,F I,2,308.34
2025-12-10,10:16:00.266477545,T,IBM,I,2,308.24
2025-12-10,10:16:00.266477545,T,IBM,I,2,308.24
2025-12-10,10:16:00.266480588,T,IBM,I,14,308.23
2025-12-10,10:16:00.266480588,T,IBM,I,2,308.23
2025-12-10,10:16:00.266482780,T,IBM,I,5,308.23
2025-12-10,10:16:00.266485719,T,IBM,F I,5,308.23
2025-12-10,10:16:00.266572931,T,IBM,F I,13,308.23
2025-12-10,10:16:00.266849661,T,IBM,F I,15,308.23
2025-12-10,10:17:06.214927447,T,IBM,I,2,308.3
2025-12-10,10:17:06.214930400,T,IBM,I,1,308.26
2025-12-10,10:17:06.214930400,T,IBM,I,15,308.24
2025-12-10,10:17:38.684589408,T,IBM,,50,308.48
2025-12-10,10:17:38.684592340,T,IBM,I,30,308.48
2025-12-10,10:18:08.523868450,T,IBM,I,1,308.415
2025-12-10,10:18:09.534004405,T,IBM,,50,308.48
2025-12-10,10:18:09.534009113,T,IBM,,80,308.49
2025-12-10,10:18:09.534012163,T,IBM,I,10,308.49
2025-12-10,10:18:09.534015173,T,IBM,,42,308.49
2025-12-10,10:18:09.534018146,T,IBM,I,1,308.49
2025-12-10,10:18:09.534024176,T,IBM,F I,37,308.49
2025-12-10,10:18:09.534024176,T,IBM,F I,12,308.49
2025-12-10,10:18:09.534812079,T,IBM,F I,5,308.54
2025-12-10,10:18:09.535599871,T,IBM,F I,10,308.58
2025-12-10,10:18:09.535602969,T,IBM,F I,10,308.58
2025-12-10,10:18:09.536839287,T,IBM,I,5,308.49
2025-12-10,10:18:09.536839287,T,IBM,F I,5,308.49
2025-12-10,10:18:09.536841951,T,IBM,I,17,308.48
2025-12-10,10:18:09.536847850,T,IBM,I,5,308.49
2025-12-10,10:18:09.536850903,T,IBM,,40,308.49
2025-12-10,10:18:09.536853981,T,IBM,F I,5,308.49
2025-12-10,10:18:09.536857007,T,IBM,F I,5,308.49
2025-12-10,10:18:09.536881066,T,IBM,F I,35,308.49
2025-12-10,10:18:09.536881066,T,IBM,F I,19,308.49
2025-12-10,10:18:09.536884036,T,IBM,F,71,308.49
2025-12-10,10:18:09.536974227,T,IBM,F I,10,308.48
2025-12-10,10:18:09.536974227,T,IBM,F I,10,308.48
2025-12-10,10:18:09.536977483,T,IBM,F I,30,308.48
2025-12-10,10:18:09.536980465,T,IBM,F I,5,308.48
2025-12-10,10:18:09.536980465,T,IBM,F I,2,308.49
2025-12-10,10:18:13.335869850,T,IBM,I,20,308.53
2025-12-10,10:18:13.335869850,T,IBM,I,2,308.54
2025-12-10,10:18:13.335872912,T,IBM,I,8,308.55
2025-12-10,10:18:31.845040615,T,IBM,I,10,308.55
2025-12-10,10:18:31.868583693,T,IBM,I,10,308.58
2025-12-10,10:18:31.868643809,T,IBM,F I,20,308.61
2025-12-10,10:18:31.869182139,T,IBM,F I,20,308.63
2025-12-10,10:18:31.869185092,T,IBM,F I,22,308.63
2025-12-10,10:18:31.869218420,T,IBM,I,20,308.65
2025-12-10,10:18:31.870493303,T,IBM,F I,25,308.66
2025-12-10,10:18:31.870544415,T,IBM,F I,15,308.66
2025-12-10,10:18:31.871208929,T,IBM,F I,20,308.69
2025-12-10,10:18:31.894637757,T,IBM,I,5,308.73
2025-12-10,10:18:31.895437754,T,IBM,F I,20,308.78
2025-12-10,10:18:31.895437754,T,IBM,F I,17,308.8
2025-12-10,10:18:41.366081256,T,IBM,F I,13,308.84
2025-12-10,10:19:09.446106367,T,IBM,,100,308.765
2025-12-10,10:19:45.509224212,T,IBM,F I,2,308.88
2025-12-10,10:19:45.511151751,T,IBM,,100,308.88
2025-12-10,10:20:00.612423734,T,IBM,F I,20,308.84
2025-12-10,10:20:00.612423734,T,IBM,F I,3,308.83
2025-12-10,10:20:00.612427623,T,IBM,F,100,308.83
2025-12-10,10:20:00.612430056,T,IBM,F I,32,308.82
2025-12-10,10:20:00.612433273,T,IBM,F I,11,308.82
2025-12-10,10:20:00.612447806,T,IBM,F,55,308.82
2025-12-10,10:20:00.612447806,T,IBM,F,40,308.82
2025-12-10,10:20:00.612532028,T,IBM,F,128,308.82
2025-12-10,10:20:00.612532028,T,IBM,F I,32,308.82
2025-12-10,10:20:00.612904952,T,IBM,F,40,308.83
2025-12-10,10:20:19.094770663,T,IBM,F I,1,308.76
2025-12-10,10:20:19.094773605,T,IBM,F I,19,308.75
2025-12-10,10:20:19.094776600,T,IBM,F I,1,308.75
2025-12-10,10:20:19.104931778,T,IBM,,66,308.805
2025-12-10,10:20:19.105247579,T,IBM,F I,27,308.86
2025-12-10,10:20:19.105256614,T,IBM,F I,28,308.86
2025-12-10,10:20:19.105260125,T,IBM,F,40,308.87
2025-12-10,10:20:19.105262637,T,IBM,F I,14,308.87
2025-12-10,10:20:19.105274669,T,IBM,F I,26,308.87
2025-12-10,10:20:19.105277685,T,IBM,F I,2,308.87
2025-12-10,10:20:19.105752733,T,IBM,I,4,308.81
2025-12-10,10:20:21.372383737,T,IBM,I,27,308.81
2025-12-10,10:20:31.305712424,T,IBM,F I,25,308.98
2025-12-10,10:20:31.305716087,T,IBM,F,55,308.98
2025-12-10,10:20:31.305718310,T,IBM,F,45,308.98
2025-12-10,10:20:31.305721588,T,IBM,F I,5,308.98
2025-12-10,10:20:31.305724173,T,IBM,F I,10,308.99
2025-12-10,10:20:31.305724173,T,IBM,F I,10,308.99
2025-12-10,10:20:31.305727582,T,IBM,F I,1,308.99
2025-12-10,10:20:31.305727582,T,IBM,F,99,308.99
2025-12-10,10:20:31.305731031,T,IBM,F I,1,308.99
2025-12-10,10:20:31.305731031,T,IBM,F I,4,308.99
2025-12-10,10:20:31.305733108,T,IBM,F I,1,309.0
2025-12-10,10:20:31.305736115,T,IBM,F I,14,309.0
2025-12-10,10:20:31.305757182,T,IBM,F I,5,309.0
2025-12-10,10:21:13.837448337,T,IBM,F I,31,309.1
2025-12-10,10:21:13.837450769,T,IBM,F,48,309.1
2025-12-10,10:21:13.837465749,T,IBM,F I,32,309.1
2025-12-10,10:21:13.837465749,T,IBM,F I,1,309.1
2025-12-10,10:21:13.837519825,T,IBM,,46,309.1
2025-12-10,10:21:13.839684981,T,IBM,F I,10,309.12
2025-12-10,10:21:13.839820320,T,IBM,,114,309.12
2025-12-10,10:21:36.366212669,T,IBM,I,2,309.16
2025-12-10,10:21:36.366263747,T,IBM,F I,1,309.18
2025-12-10,10:21:36.366985456,T,IBM,F I,1,309.22
2025-12-10,10:21:36.367039558,T,IBM,F,49,309.25
2025-12-10,10:21:36.367042564,T,IBM,F I,22,309.25
2025-12-10,10:21:36.367559766,T,IBM,F I,1,309.27
2025-12-10,10:21:36.367577860,T,IBM,F I,1,309.28
2025-12-10,10:23:01.171092367,T,IBM,F I,4,309.17
2025-12-10,10:23:16.489264645,T,IBM,F I,1,309.17
2025-12-10,10:23:22.579137249,T,IBM,F I,20,309.3
2025-12-10,10:23:22.579137249,T,IBM,F I,5,309.31
2025-12-10,10:23:22.579143217,T,IBM,F,60,309.31
2025-12-10,10:23:22.579158206,T,IBM,I,12,309.31
2025-12-10,10:23:22.579161219,T,IBM,I,1,309.31
2025-12-10,10:23:22.579164293,T,IBM,F I,1,309.31
2025-12-10,10:23:22.579173326,T,IBM,I,6,309.31
2025-12-10,10:23:36.899642562,T,IBM,F I,1,309.43
2025-12-10,10:23:36.899645505,T,IBM,F,80,309.43
2025-12-10,10:23:53.290781238,T,IBM,F I,16,309.36
2025-12-10,10:23:53.290799199,T,IBM,F I,4,309.36
2025-12-10,10:24:13.512973952,T,IBM,F I,6,309.32
2025-12-10,10:24:15.648119878,T,IBM,F I,20,309.19
2025-12-10,10:24:16.647531023,T,IBM,F,80,309.15
2025-12-10,10:24:16.647609254,T,IBM,F I,20,309.14
2025-12-10,10:24:16.658660585,T,IBM,F I,4,309.12
2025-12-10,10:24:16.658681609,T,IBM,I,4,309.12
2025-12-10,10:24:16.681397698,T,IBM,F I,4,309.12
2025-12-10,10:24:16.681526959,T,IBM,,40,309.15
2025-12-10,10:24:16.681530035,T,IBM,I,22,309.12
2025-12-10,10:24:20.612145119,T,IBM,F I,14,309.18
2025-12-10,10:24:28.862796587,T,IBM,F I,4,309.23
2025-12-10,10:25:25.646005343,T,IBM,F I,1,309.13
2025-12-10,10:25:25.646005343,T,IBM,F I,2,309.11
2025-12-10,10:25:25.646029345,T,IBM,F I,2,309.11
2025-12-10,10:25:29.690901539,T,IBM,I,2,309.18
2025-12-10,10:25:29.690973620,T,IBM,F,40,309.2
2025-12-10,10:25:29.690976704,T,IBM,F I,22,309.2
2025-12-10,10:25:35.580503099,T,IBM,F,42,309.17
2025-12-10,10:25:35.581239856,T,IBM,I,10,309.15
2025-12-10,10:25:35.581258084,T,IBM,I,4,309.15
2025-12-10,10:25:35.583432134,T,IBM,F I,1,309.15
2025-12-10,10:25:46.230966591,T,IBM,I,2,309.2
2025-12-10,10:25:46.230969658,T,IBM,I,13,309.2
2025-12-10,10:25:46.230972612,T,IBM,,40,309.21
2025-12-10,10:25:46.230972612,T,IBM,I,29,309.21
2025-12-10,10:25:46.230987627,T,IBM,I,1,309.21
2025-12-10,10:25:46.231002657,T,IBM,F I,1,309.21
2025-12-10,10:25:46.231006269,T,IBM,F I,9,309.21
2025-12-10,10:25:46.231008627,T,IBM,F I,4,309.21
2025-12-10,10:26:02.104365608,T,IBM,I,30,309.11
2025-12-10,10:26:02.104561166,T,IBM,F I,4,309.1
2025-12-10,10:26:02.104618236,T,IBM,I,8,309.1
2025-12-10,10:26:02.104861866,T,IBM,F I,9,309.09
2025-12-10,10:26:02.104891934,T,IBM,F I,31,309.09
2025-12-10,10:26:02.107532258,T,IBM,F I,28,309.05
2025-12-10,10:26:02.116475436,T,IBM,F I,24,309.05
2025-12-10,10:26:02.117633692,T,IBM,F I,23,309.05
2025-12-10,10:26:02.119627006,T,IBM,I,7,309.03
2025-12-10,10:26:02.120087019,T,IBM,I,20,309.02
2025-12-10,10:26:02.120087019,T,IBM,I,32,309.0
2025-12-10,10:26:02.120132139,T,IBM,I,28,309.0
2025-12-10,10:26:02.121647845,T,IBM,F,277,308.99
2025-12-10,10:26:02.121993621,T,IBM,F I,11,308.99
2025-12-10,10:26:02.123190453,T,IBM,F I,8,308.98
2025-12-10,10:26:02.123542300,T,IBM,I,30,308.98
2025-12-10,10:27:00.148380111,T,IBM,F,66,309.14
2025-12-10,10:27:00.148382678,T,IBM,F I,2,309.14
2025-12-10,10:27:00.148385568,T,IBM,F I,3,309.15
2025-12-10,10:27:00.148388641,T,IBM,F,40,309.15
2025-12-10,10:27:00.148388641,T,IBM,F I,21,309.15
2025-12-10,10:27:00.148391541,T,IBM,F I,12,309.15
2025-12-10,10:27:00.148391541,T,IBM,F,68,309.15
2025-12-10,10:27:00.148412541,T,IBM,,40,309.16
2025-12-10,10:27:00.148415555,T,IBM,I,1,309.16
2025-12-10,10:27:00.148605029,T,IBM,F I,3,309.17
2025-12-10,10:27:02.287582068,T,IBM,F I,4,309.22
2025-12-10,10:27:02.287618159,T,IBM,F I,4,309.23
2025-12-10,10:27:03.152744818,T,IBM,I,20,309.19
2025-12-10,10:27:04.431469811,T,IBM,,90,309.19
2025-12-10,10:27:05.480595263,T,IBM,F,120,309.19
2025-12-10,10:27:11.858093470,T,IBM,,80,309.17
2025-12-10,10:27:12.740709716,T,IBM,F I,20,309.21
2025-12-10,10:27:12.740712692,T,IBM,F I,30,309.21
2025-12-10,10:27:17.920273946,T,IBM,F,60,309.13
2025-12-10,10:27:17.920438486,T,IBM,F,40,309.12
2025-12-10,10:27:17.920441493,T,IBM,F I,10,309.12
2025-12-10,10:27:17.920444541,T,IBM,F I,8,309.12
2025-12-10,10:27:17.920460582,T,IBM,,40,309.12
2025-12-10,10:27:17.920460582,T,IBM,I,10,309.12
2025-12-10,10:27:17.920462865,T,IBM,I,1,309.12
2025-12-10,10:27:17.920462865,T,IBM,I,13,309.12
2025-12-10,10:27:17.920718233,T,IBM,F I,8,309.12
2025-12-10,10:27:17.922495449,T,IBM,F,40,309.11
2025-12-10,10:27:17.922516425,T,IBM,I,28,309.11
2025-12-10,10:27:17.922528507,T,IBM,F I,12,309.11
2025-12-10,10:27:17.922531518,T,IBM,F I,8,309.11
2025-12-10,10:27:17.922534475,T,IBM,F I,20,309.11
2025-12-10,10:27:17.922537564,T,IBM,I,12,309.11
2025-12-10,10:27:19.835114514,T,IBM,I,2,309.05
2025-12-10,10:27:31.384779054,T,IBM,F I,1,308.98
2025-12-10,10:27:31.384931877,T,IBM,F I,1,308.97
2025-12-10,10:27:34.672845891,T,IBM,F I,4,309.05
2025-12-10,10:27:34.672848506,T,IBM,F I,4,309.05
2025-12-10,10:27:34.672851666,T,IBM,F I,11,309.05
2025-12-10,10:27:34.672851666,T,IBM,F I,29,309.05
2025-12-10,10:27:34.672854086,T,IBM,F I,5,309.05
2025-12-10,10:27:49.684302919,T,IBM,F I,20,309.01
2025-12-10,10:27:49.684302919,T,IBM,F I,2,309.0
2025-12-10,10:27:49.684306252,T,IBM,F I,5,309.0
2025-12-10,10:27:49.684306252,T,IBM,F I,9,308.96
2025-12-10,10:28:00.451470338,T,IBM,I,16,308.98
2025-12-10,10:28:00.451473339,T,IBM,I,20,308.97
2025-12-10,10:28:28.055038065,T,IBM,I,11,309.02
2025-12-10,10:28:28.055040923,T,IBM,I,7,309.01
2025-12-10,10:28:28.057016600,T,IBM,I,2,309.0
2025-12-10,10:28:36.960327151,T,IBM,F I,5,309.11
2025-12-10,10:28:36.960330150,T,IBM,F I,25,309.11
2025-12-10,10:28:36.960335726,T,IBM,F,40,309.12
2025-12-10,10:28:36.960339155,T,IBM,F I,14,309.12
2025-12-10,10:28:36.960339155,T,IBM,F I,26,309.12
2025-12-10,10:28:36.960339155,T,IBM,F I,4,309.12
2025-12-10,10:28:36.960359819,T,IBM,F I,7,309.13
2025-12-10,10:28:37.082676058,T,IBM,I,5,309.12
2025-12-10,10:28:37.196936034,T,IBM,I,2,309.12
2025-12-10,10:28:37.196939018,T,IBM,I,3,309.09
2025-12-10,10:28:37.312083164,T,IBM,I,2,309.09
2025-12-10,10:28:41.823386806,T,IBM,F I,1,309.1
2025-12-10,10:28:41.962332575,T,IBM,I,9,309.095
2025-12-10,10:28:50.384431224,T,IBM,I,5,309.1
2025-12-10,10:29:08.251176588,T,IBM,I,10,309.12
2025-12-10,10:29:10.148149609,T,IBM,F,40,309.16
2025-12-10,10:29:10.225668185,T,IBM,F,41,309.18
2025-12-10,10:29:10.225704163,T,IBM,F,54,309.18
2025-12-10,10:29:10.225839576,T,IBM,F,40,309.19
2025-12-10,10:29:10.225839576,T,IBM,F I,1,309.19
2025-12-10,10:29:10.225857581,T,IBM,I,1,309.19
2025-12-10,10:29:10.225908754,T,IBM,F I,13,309.19
2025-12-10,10:29:10.225974889,T,IBM,F I,13,309.19
2025-12-10,10:29:10.226028992,T,IBM,F I,13,309.19
2025-12-10,10:29:10.226083062,T,IBM,F I,13,309.2
2025-12-10,10:29:36.280206789,T,IBM,F,40,309.22
2025-12-10,10:29:36.280206789,T,IBM,F I,10,309.22
2025-12-10,10:29:36.280985348,T,IBM,F I,10,309.25
2025-12-10,10:29:36.280988301,T,IBM,F I,30,309.25
2025-12-10,10:29:36.282043769,T,IBM,I,12,309.22
2025-12-10,10:30:10.149232050,T,IBM,F I,25,309.17
2025-12-10,10:30:10.149280163,T,IBM,F I,25,309.17
2025-12-10,10:30:21.693230829,T,IBM,F I,21,309.26
2025-12-10,10:30:21.693252589,T,IBM,F I,19,309.26
2025-12-10,10:30:21.693252589,T,IBM,F I,2,309.26
2025-12-10,10:30:21.693254807,T,IBM,F I,1,309.26
2025-12-10,10:30:21.693323942,T,IBM,F I,1,309.27
2025-12-10,10:30:21.693327106,T,IBM,F I,39,309.27
2025-12-10,10:30:21.693588624,T,IBM,I,22,309.25
2025-12-10,10:30:21.693748048,T,IBM,F I,3,309.25
2025-12-10,10:31:02.855152161,T,IBM,I,26,309.21
2025-12-10,10:31:03.333795612,T,IBM,I,26,309.22
2025-12-10,10:31:03.346046806,T,IBM,I,26,309.22
2025-12-10,10:31:04.051766922,T,IBM,I,26,309.22
2025-12-10,10:31:07.344554724,T,IBM,I,26,309.21
2025-12-10,10:31:07.344566739,T,IBM,I,26,309.21
2025-12-10,10:31:07.344603441,T,IBM,,48,309.21
2025-12-10,10:31:07.344606010,T,IBM,I,26,309.2
2025-12-10,10:31:07.344606010,T,IBM,I,26,309.2
2025-12-10,10:31:07.344620780,T,IBM,I,1,309.2
2025-12-10,10:31:07.344623807,T,IBM,I,26,309.2
2025-12-10,10:31:16.179683707,T,IBM,F,40,309.25
2025-12-10,10:31:16.179714025,T,IBM,F I,2,309.25
2025-12-10,10:31:16.179714025,T,IBM,F I,38,309.25
2025-12-10,10:31:16.180856628,T,IBM,I,20,309.24
2025-12-10,10:31:16.180859565,T,IBM,I,6,309.26
2025-12-10,10:31:16.181015970,T,IBM,I,20,309.25
2025-12-10,10:31:16.181018908,T,IBM,I,34,309.26
2025-12-10,10:31:35.663571244,T,IBM,F I,2,309.3
2025-12-10,10:31:35.663589258,T,IBM,F I,38,309.3
2025-12-10,10:31:44.595067723,T,IBM,I,9,309.22
2025-12-10,10:31:44.595067723,T,IBM,I,10,309.22
2025-12-10,10:31:44.779219980,T,IBM,I,2,309.22
2025-12-10,10:31:44.779240965,T,IBM,F,49,309.22
2025-12-10,10:31:44.779243980,T,IBM,F I,3,309.22
2025-12-10,10:31:51.463691945,T,IBM,F I,1,309.18
2025-12-10,10:31:51.476108498,T,IBM,,100,309.26
2025-12-10,10:32:05.622661978,T,IBM,F I,1,309.32
2025-12-10,10:32:05.622710082,T,IBM,F I,4,309.34
2025-12-10,10:32:07.753745331,T,IBM,F I,20,309.39
2025-12-10,10:32:07.753763255,T,IBM,I,1,309.39
2025-12-10,10:32:07.753775306,T,IBM,I,2,309.39
2025-12-10,10:32:07.753781305,T,IBM,F I,6,309.39
2025-12-10,10:32:07.775538177,T,IBM,,46,309.4
2025-12-10,10:32:34.456681738,T,IBM,,40,309.35
2025-12-10,10:32:34.457024595,T,IBM,I,14,309.35
2025-12-10,10:32:34.647227256,T,IBM,F I,26,309.35
2025-12-10,10:32:34.647230318,T,IBM,F I,14,309.31
2025-12-10,10:32:34.647278398,T,IBM,I,26,309.31
2025-12-10,10:32:34.647299446,T,IBM,I,1,309.31
2025-12-10,10:32:34.647864850,T,IBM,F,40,309.3
2025-12-10,10:32:48.170676003,T,IBM,F I,1,309.22
2025-12-10,10:32:48.170733438,T,IBM,F I,39,309.21
2025-12-10,10:32:48.170733438,T,IBM,F I,1,309.21
2025-12-10,10:32:48.170739428,T,IBM,F I,5,309.21
2025-12-10,10:32:48.170739428,T,IBM,F I,35,309.21
2025-12-10,10:32:48.170739428,T,IBM,F I,5,309.21
2025-12-10,10:32:48.170745847,T,IBM,F I,20,309.21
2025-12-10,10:32:48.170751148,T,IBM,F I,15,309.21
2025-12-10,10:33:20.022033592,T,IBM,I,10,309.225
2025-12-10,10:33:33.502853107,T,IBM,F I,20,309.18
2025-12-10,10:33:33.502853107,T,IBM,F I,5,309.18
2025-12-10,10:33:33.502859292,T,IBM,F I,2,309.16
2025-12-10,10:33:33.502862013,T,IBM,F I,21,309.14
2025-12-10,10:33:33.502958204,T,IBM,,40,309.13
2025-12-10,10:33:33.502983131,T,IBM,I,3,309.13
2025-12-10,10:33:33.502983131,T,IBM,I,1,309.13
2025-12-10,10:33:33.503256270,T,IBM,I,11,309.13
2025-12-10,10:33:33.503267977,T,IBM,,40,309.13
2025-12-10,10:33:33.503295105,T,IBM,,60,309.13
2025-12-10,10:34:02.571500081,T,IBM,F I,28,309.3
2025-12-10,10:34:02.571518185,T,IBM,F I,2,309.31
2025-12-10,10:34:02.571521244,T,IBM,F,80,309.31
2025-12-10,10:34:02.571620353,T,IBM,F I,2,309.32
2025-12-10,10:34:02.573033781,T,IBM,F I,2,309.34
2025-12-10,10:34:08.444045285,T,IBM,I,4,309.34
2025-12-10,10:34:30.369697604,T,IBM,F I,8,309.39
2025-12-10,10:34:37.185504365,T,IBM,,150,309.42
2025-12-10,10:34:55.265914634,T,IBM,F I,17,309.45
2025-12-10,10:34:55.265935785,T,IBM,F I,3,309.45
2025-12-10,10:34:55.265938658,T,IBM,F I,17,309.47
2025-12-10,10:34:57.747563580,T,IBM,F I,5,309.49
2025-12-10,10:34:57.747566411,T,IBM,F I,5,309.49
2025-12-10,10:34:57.747584483,T,IBM,F,40,309.49
2025-12-10,10:35:11.056529896,T,IBM,F,50,309.41
2025-12-10,10:35:11.056533075,T,IBM,F I,1,309.41
2025-12-10,10:35:11.056533075,T,IBM,F,40,309.41
2025-12-10,10:35:11.056535998,T,IBM,F,53,309.4
2025-12-10,10:35:11.056548029,T,IBM,I,1,309.4
2025-12-10,10:35:11.056635229,T,IBM,F,40,309.4
2025-12-10,10:35:11.056656237,T,IBM,I,26,309.4
2025-12-10,10:35:11.056668284,T,IBM,,40,309.4
2025-12-10,10:35:11.056668284,T,IBM,I,26,309.4
2025-12-10,10:35:11.056692445,T,IBM,I,14,309.4
2025-12-10,10:35:11.056695338,T,IBM,I,30,309.4
2025-12-10,10:35:11.056818944,T,IBM,F I,7,309.43
2025-12-10,10:35:11.056821666,T,IBM,F I,12,309.43
2025-12-10,10:35:11.057140400,T,IBM,F I,10,309.46
2025-12-10,10:35:11.057185563,T,IBM,F I,1,309.41
2025-12-10,10:35:11.057546326,T,IBM,F I,1,309.46
2025-12-10,10:35:11.057555379,T,IBM,F I,8,309.46
2025-12-10,10:35:11.057567371,T,IBM,F,226,309.46
2025-12-10,10:35:11.060502397,T,IBM,F I,12,309.47
2025-12-10,10:35:11.060959491,T,IBM,I,8,309.51
2025-12-10,10:35:11.060990041,T,IBM,I,8,309.51
2025-12-10,10:35:11.061064767,T,IBM,I,4,309.51
2025-12-10,10:35:11.061136902,T,IBM,F I,24,309.52
2025-12-10,10:35:11.061332340,T,IBM,I,3,309.54
2025-12-10,10:35:11.061413543,T,IBM,,240,309.54
2025-12-10,10:35:11.061431613,T,IBM,I,14,309.54
2025-12-10,10:35:11.061585008,T,IBM,F,40,309.52
2025-12-10,10:35:11.061603036,T,IBM,,40,309.53
2025-12-10,10:35:11.062228629,T,IBM,F I,20,309.55
2025-12-10,10:35:11.079760306,T,IBM,F I,16,309.53
2025-12-10,10:35:11.139780145,T,IBM,F I,5,309.57
2025-12-10,10:35:11.140501846,T,IBM,F I,5,309.6
2025-12-10,10:35:11.141223897,T,IBM,F I,1,309.62
2025-12-10,10:35:11.160977614,T,IBM,F I,2,309.64
2025-12-10,10:35:11.161052820,T,IBM,F I,5,309.65
2025-12-10,10:35:11.161052820,T,IBM,F I,1,309.65
2025-12-10,10:35:11.162126328,T,IBM,I,7,309.6
2025-12-10,10:35:11.162144312,T,IBM,F I,35,309.61
2025-12-10,10:35:11.162151174,T,IBM,I,20,309.61
2025-12-10,10:35:11.162153467,T,IBM,I,8,309.6
2025-12-10,10:35:11.162171468,T,IBM,F I,20,309.6
2025-12-10,10:35:30.271033100,T,IBM,F I,29,309.63
2025-12-10,10:35:30.271057063,T,IBM,F,149,309.63
2025-12-10,10:35:30.271387846,T,IBM,F I,10,309.64
2025-12-10,10:35:30.271472135,T,IBM,F I,1,309.66
2025-12-10,10:35:31.261906868,T,IBM,F I,7,309.69
2025-12-10,10:35:31.261933982,T,IBM,F I,3,309.69
2025-12-10,10:35:31.261936956,T,IBM,F I,2,309.7
2025-12-10,10:35:31.262294840,T,IBM,I,3,309.7
2025-12-10,10:35:31.263112761,T,IBM,F I,24,309.72
2025-12-10,10:35:41.044877346,T,IBM,F,47,309.69
2025-12-10,10:35:54.750250351,T,IBM,F I,21,309.68
2025-12-10,10:35:55.984977789,T,IBM,F I,5,309.75
2025-12-10,10:35:55.984980785,T,IBM,F I,21,309.75
2025-12-10,10:36:05.446690333,T,IBM,I,5,309.76
2025-12-10,10:36:05.448753263,T,IBM,F I,10,309.8
2025-12-10,10:36:05.537145717,T,IBM,F I,6,309.86
2025-12-10,10:36:05.537148748,T,IBM,F,40,309.86
2025-12-10,10:36:28.492572337,T,IBM,,40,309.82
2025-12-10,10:36:30.639554458,T,IBM,F I,4,309.76
2025-12-10,10:36:30.639575555,T,IBM,I,1,309.76
2025-12-10,10:36:30.639578826,T,IBM,F,40,309.75
2025-12-10,10:36:30.639581934,T,IBM,F I,31,309.75
2025-12-10,10:36:30.639581934,T,IBM,I,9,309.75
2025-12-10,10:36:30.639939437,T,IBM,F,40,309.74
2025-12-10,10:36:30.639942428,T,IBM,F I,7,309.74
2025-12-10,10:36:30.639978489,T,IBM,F I,2,309.74
2025-12-10,10:36:30.640053749,T,IBM,F,40,309.74
2025-12-10,10:36:30.640234052,T,IBM,,40,309.74
2025-12-10,10:36:30.640264157,T,IBM,,111,309.74
2025-12-10,10:36:30.641454970,T,IBM,,68,309.74
2025-12-10,10:36:30.642203928,T,IBM,F I,17,309.74
2025-12-10,10:36:30.642209852,T,IBM,F I,8,309.74
2025-12-10,10:36:30.642209852,T,IBM,F I,33,309.74
2025-12-10,10:36:30.642215875,T,IBM,I,2,309.74
2025-12-10,10:36:30.737837432,T,IBM,F,95,309.75
2025-12-10,10:36:39.782496185,T,IBM,F I,6,309.72
2025-12-10,10:36:39.782730792,T,IBM,I,2,309.7
2025-12-10,10:36:39.783022420,T,IBM,F,40,309.68
2025-12-10,10:36:39.783380281,T,IBM,F I,25,309.68
2025-12-10,10:36:39.784667834,T,IBM,F I,15,309.68
2025-12-10,10:36:40.886616730,T,IBM,F I,2,309.67
2025-12-10,10:36:40.994483459,T,IBM,F,40,309.76
2025-12-10,10:36:40.994483459,T,IBM,F I,3,309.77
2025-12-10,10:36:48.019468163,T,IBM,F,91,309.8
2025-12-10,10:36:48.019483402,T,IBM,F I,9,309.8
2025-12-10,10:36:48.019483402,T,IBM,F I,30,309.8
2025-12-10,10:36:48.019907252,T,IBM,F,40,309.82
2025-12-10,10:36:48.621579613,T,IBM,F I,25,309.85
2025-12-10,10:36:48.621579613,T,IBM,F I,21,309.85
2025-12-10,10:37:00.247357925,T,IBM,I,10,309.81
2025-12-10,10:37:00.271902548,T,IBM,F,40,309.74
2025-12-10,10:37:00.272001490,T,IBM,,40,309.74
2025-12-10,10:37:00.272073860,T,IBM,,40,309.73
2025-12-10,10:37:03.858480548,T,IBM,F I,2,309.73
2025-12-10,10:37:16.317187647,T,IBM,F I,8,309.64
2025-12-10,10:37:16.317202598,T,IBM,F I,1,309.64
2025-12-10,10:37:16.317208697,T,IBM,I,8,309.64
2025-12-10,10:37:16.317359345,T,IBM,F,40,309.62
2025-12-10,10:37:16.317361974,T,IBM,F I,3,309.61
2025-12-10,10:37:16.317383102,T,IBM,F I,37,309.61
2025-12-10,10:37:16.317383102,T,IBM,F I,3,309.61
2025-12-10,10:37:38.839568181,T,IBM,F I,25,309.72
2025-12-10,10:37:38.840894378,T,IBM,F,80,309.73
2025-12-10,10:37:38.840894378,T,IBM,F I,13,309.73
2025-12-10,10:37:38.970818654,T,IBM,,160,309.73
2025-12-10,10:37:39.710757196,T,IBM,F I,5,309.63
2025-12-10,10:37:39.710763226,T,IBM,F I,25,309.63
2025-12-10,10:37:39.710766312,T,IBM,I,5,309.63
2025-12-10,10:37:39.710775239,T,IBM,I,5,309.63
2025-12-10,10:37:39.710838426,T,IBM,I,1,309.61
2025-12-10,10:37:39.710838426,T,IBM,F I,4,309.61
2025-12-10,10:37:39.717364041,T,IBM,F,40,309.52
2025-12-10,10:37:39.717442140,T,IBM,F I,18,309.5
2025-12-10,10:37:39.717475232,T,IBM,F I,2,309.5
2025-12-10,10:37:39.717914264,T,IBM,F I,8,309.5
2025-12-10,10:37:39.717926300,T,IBM,,72,309.5
2025-12-10,10:37:39.835749747,T,IBM,F I,1,309.36
2025-12-10,10:37:39.839448497,T,IBM,F I,12,309.34
2025-12-10,10:37:39.839460586,T,IBM,F I,1,309.35
2025-12-10,10:37:39.839496627,T,IBM,F I,2,309.35
2025-12-10,10:37:39.839505626,T,IBM,F I,27,309.35
2025-12-10,10:37:39.839550741,T,IBM,,40,309.35
2025-12-10,10:37:39.839592869,T,IBM,F I,25,309.385
2025-12-10,10:37:39.839905835,T,IBM,F I,2,309.34
2025-12-10,10:37:39.839905835,T,IBM,F I,5,309.33
2025-12-10,10:37:39.860688044,T,IBM,F I,1,309.36
2025-12-10,10:37:39.860712692,T,IBM,F I,9,309.36
2025-12-10,10:37:39.860715189,T,IBM,F I,8,309.36
2025-12-10,10:37:39.860718526,T,IBM,I,2,309.36
2025-12-10,10:37:39.860721221,T,IBM,I,7,309.33
2025-12-10,10:37:39.860728056,T,IBM,F I,1,309.33
2025-12-10,10:37:39.860730288,T,IBM,F I,1,309.33
2025-12-10,10:37:39.860733218,T,IBM,F I,13,309.28
2025-12-10,10:37:39.860811350,T,IBM,F I,6,309.27
2025-12-10,10:37:39.860811350,T,IBM,F I,10,309.27
2025-12-10,10:37:47.358903863,T,IBM,F I,15,309.31
2025-12-10,10:37:47.358915870,T,IBM,F I,30,309.29
2025-12-10,10:37:47.358918522,T,IBM,F I,20,309.29
2025-12-10,10:37:47.358922124,T,IBM,F,150,309.28
2025-12-10,10:37:47.358924412,T,IBM,F,90,309.28
2025-12-10,10:37:47.358928037,T,IBM,F,100,309.28
2025-12-10,10:37:47.358928037,T,IBM,F,77,309.28
2025-12-10,10:37:47.358945696,T,IBM,F I,23,309.28
2025-12-10,10:37:47.358948549,T,IBM,F,42,309.28
2025-12-10,10:37:49.050439292,T,IBM,F I,20,309.33
2025-12-10,10:38:00.038086535,T,IBM,F I,21,309.28
2025-12-10,10:38:08.320156772,T,IBM,F I,2,309.34
2025-12-10,10:38:08.320174774,T,IBM,F I,2,309.35
2025-12-10,10:38:08.320177746,T,IBM,F I,2,309.35
2025-12-10,10:38:08.320313075,T,IBM,F I,2,309.36
2025-12-10,10:38:15.787470330,T,IBM,I,5,309.32
2025-12-10,10:38:15.787533395,T,IBM,F I,11,309.31
2025-12-10,10:38:20.763653600,T,IBM,I,1,309.33
2025-12-10,10:38:33.604546558,T,IBM,,40,309.26
2025-12-10,10:38:36.343358558,T,IBM,F I,25,309.32
2025-12-10,10:38:36.343406727,T,IBM,F I,25,309.32
2025-12-10,10:38:36.343442732,T,IBM,F I,20,309.32
2025-12-10,10:38:42.526618436,T,IBM,,50,309.34
2025-12-10,10:38:47.319695666,T,IBM,I,10,309.34
2025-12-10,10:38:47.322203659,T,IBM,I,10,309.34
2025-12-10,10:38:50.464522236,T,IBM,I,10,309.34
2025-12-10,10:38:51.949902346,T,IBM,I,10,309.34
2025-12-10,10:38:55.444885467,T,IBM,F I,13,309.36
2025-12-10,10:38:55.445327454,T,IBM,I,28,309.38
2025-12-10,10:39:06.476100943,T,IBM,F I,2,309.45
2025-12-10,10:39:06.476100943,T,IBM,F I,4,309.45
2025-12-10,10:39:09.314596524,T,IBM,F I,8,309.51
2025-12-10,10:39:09.314611636,T,IBM,F I,23,309.51
2025-12-10,10:39:09.314924301,T,IBM,F I,10,309.53
2025-12-10,10:39:09.315207012,T,IBM,,40,309.54
2025-12-10,10:39:11.821048469,T,IBM,F I,20,309.56
2025-12-10,10:39:14.661021346,T,IBM,F I,1,309.63
2025-12-10,10:39:25.533458039,T,IBM,I,8,309.62
2025-12-10,10:39:48.711670409,T,IBM,I,30,309.51
2025-12-10,10:39:48.712984318,T,IBM,F I,10,309.48
2025-12-10,10:39:50.503527881,T,IBM,I,8,309.5
2025-12-10,10:40:00.061830626,T,IBM,F,40,309.45
2025-12-10,10:40:00.061830626,T,IBM,F I,1,309.45
2025-12-10,10:40:00.061836349,T,IBM,I,4,309.45
2025-12-10,10:40:00.061848659,T,IBM,I,1,309.45
2025-12-10,10:40:00.061851408,T,IBM,I,35,309.45
2025-12-10,10:41:03.554124400,T,IBM,F I,1,309.3
2025-12-10,10:41:03.559179381,T,IBM,,51,309.3
2025-12-10,10:41:04.301394249,T,IBM,I,25,309.335
2025-12-10,10:41:26.934696899,T,IBM,,40,309.325
2025-12-10,10:41:34.045689225,T,IBM,,40,309.35
2025-12-10,10:41:37.012918982,T,IBM,F,40,309.4
2025-12-10,10:41:37.012918982,T,IBM,F I,3,309.4
2025-12-10,10:41:37.012934860,T,IBM,I,1,309.4
2025-12-10,10:41:37.012937445,T,IBM,F,76,309.4
2025-12-10,10:41:37.012940044,T,IBM,F,80,309.4
2025-12-10,10:41:37.013270785,T,IBM,F I,6,309.42
2025-12-10,10:41:37.013288913,T,IBM,F I,34,309.42
2025-12-10,10:41:47.836931515,T,IBM,I,10,309.5
2025-12-10,10:41:54.691993628,T,IBM,,40,309.48
2025-12-10,10:41:55.085068392,T,IBM,F I,2,309.54
2025-12-10,10:42:08.605504251,T,IBM,I,1,309.49
2025-12-10,10:42:08.605506973,T,IBM,I,20,309.49
2025-12-10,10:42:24.746579071,T,IBM,F I,11,309.58
2025-12-10,10:42:24.746585075,T,IBM,F I,2,309.58
2025-12-10,10:42:24.746597127,T,IBM,F I,20,309.58
2025-12-10,10:42:24.757898139,T,IBM,I,2,309.56
2025-12-10,10:42:26.671359199,T,IBM,I,5,309.61
2025-12-10,10:42:26.671359199,T,IBM,I,5,309.67
2025-12-10,10:42:26.671374214,T,IBM,I,5,309.67
2025-12-10,10:42:26.671389721,T,IBM,I,1,309.68
2025-12-10,10:42:31.221909218,T,IBM,I,5,309.63
2025-12-10,10:42:31.221981328,T,IBM,I,5,309.61
2025-12-10,10:42:31.222089665,T,IBM,,40,309.6
2025-12-10,10:42:36.570721397,T,IBM,I,5,309.48
2025-12-10,10:42:36.575358497,T,IBM,I,5,309.48
2025-12-10,10:42:54.232501892,T,IBM,F I,10,309.68
2025-12-10,10:42:54.232525989,T,IBM,F I,1,309.69
2025-12-10,10:42:54.232552971,T,IBM,,100,309.68
2025-12-10,10:42:54.232565009,T,IBM,F I,12,309.7
2025-12-10,10:42:54.232571078,T,IBM,F I,3,309.71
2025-12-10,10:42:54.232574083,T,IBM,I,1,309.69
2025-12-10,10:42:54.232583053,T,IBM,F I,14,309.72
2025-12-10,10:42:54.232598167,T,IBM,I,39,309.69
2025-12-10,10:42:54.233037100,T,IBM,F I,4,309.71
2025-12-10,10:43:03.415561849,T,IBM,I,4,309.7
2025-12-10,10:43:03.479464009,T,IBM,F I,4,309.69
2025-12-10,10:44:03.358184242,T,IBM,F I,5,309.73
2025-12-10,10:44:08.758229445,T,IBM,I,5,309.715
2025-12-10,10:44:20.642770699,T,IBM,I,25,309.73
2025-12-10,10:45:00.906197282,T,IBM,I,1,309.63
2025-12-10,10:45:01.007601659,T,IBM,F,40,309.51
2025-12-10,10:45:01.007619726,T,IBM,I,1,309.51
2025-12-10,10:45:01.007685904,T,IBM,F I,39,309.51
2025-12-10,10:45:01.025371039,T,IBM,F I,6,309.47
2025-12-10,10:45:02.148695087,T,IBM,F I,2,309.45
2025-12-10,10:45:02.151470717,T,IBM,I,19,309.46
2025-12-10,10:45:06.815604047,T,IBM,F I,2,309.51
2025-12-10,10:45:08.711849100,T,IBM,F I,8,309.59
2025-12-10,10:45:18.464654449,T,IBM,F I,1,309.67
2025-12-10,10:45:18.465015335,T,IBM,I,4,309.67
2025-12-10,10:45:31.445031360,T,IBM,F I,5,309.58
2025-12-10,10:45:31.445034297,T,IBM,F I,6,309.57
2025-12-10,10:45:57.980546544,T,IBM,I,24,309.63
2025-12-10,10:46:08.754047867,T,IBM,I,10,309.71
2025-12-10,10:46:27.154393160,T,IBM,F I,2,309.73
2025-12-10,10:46:27.154393160,T,IBM,F I,2,309.73
2025-12-10,10:46:27.154395645,T,IBM,F I,2,309.73
2025-12-10,10:46:27.154401680,T,IBM,F I,10,309.73
2025-12-10,10:46:27.154410698,T,IBM,F I,30,309.74
2025-12-10,10:46:27.154422647,T,IBM,F I,1,309.74
2025-12-10,10:46:27.154425716,T,IBM,F I,24,309.74
2025-12-10,10:46:27.154428657,T,IBM,F,80,309.74
2025-12-10,10:46:27.154431734,T,IBM,F I,35,309.74
2025-12-10,10:46:30.753098708,T,IBM,I,1,309.74
2025-12-10,10:46:35.409061631,T,IBM,F I,4,309.73
2025-12-10,10:46:54.539532640,T,IBM,F I,16,309.67
2025-12-10,10:46:54.539716266,T,IBM,F I,16,309.63
2025-12-10,10:46:54.539746226,T,IBM,F I,10,309.63
2025-12-10,10:46:54.541078388,T,IBM,F I,25,309.59
2025-12-10,10:46:54.541117493,T,IBM,F I,5,309.59
2025-12-10,10:46:59.799116615,T,IBM,F I,2,309.62
2025-12-10,10:47:51.094931380,T,IBM,F,80,309.71
2025-12-10,10:47:51.115437194,T,IBM,I,4,309.73
2025-12-10,10:47:51.115437194,T,IBM,I,1,309.73
2025-12-10,10:47:51.345972065,T,IBM,I,10,309.75
2025-12-10,10:47:51.350717334,T,IBM,F I,20,309.75
2025-12-10,10:48:09.355172799,T,IBM,F I,4,309.8
2025-12-10,10:48:09.355190902,T,IBM,I,4,309.8
2025-12-10,10:48:09.356189254,T,IBM,I,32,309.8
2025-12-10,10:48:46.357571054,T,IBM,I,2,309.82
2025-12-10,10:48:46.357571054,T,IBM,I,2,309.82
2025-12-10,10:48:46.357598004,T,IBM,F I,2,309.83
2025-12-10,10:48:46.357601182,T,IBM,I,8,309.83
2025-12-10,10:48:46.357655315,T,IBM,I,2,309.85
2025-12-10,10:48:51.702170426,T,IBM,F I,10,309.88
2025-12-10,10:48:59.373207335,T,IBM,I,2,309.91
2025-12-10,10:48:59.373210232,T,IBM,I,8,309.91
2025-12-10,10:48:59.373613190,T,IBM,I,3,309.91
2025-12-10,10:49:01.539558508,T,IBM,I,2,309.89
2025-12-10,10:49:12.459096585,T,IBM,F I,2,309.93
2025-12-10,10:49:12.459201917,T,IBM,F I,1,309.97
2025-12-10,10:49:12.459204853,T,IBM,F I,5,309.97
2025-12-10,10:49:12.459688971,T,IBM,F I,25,309.93
2025-12-10,10:49:18.508240241,T,IBM,F I,12,309.88
2025-12-10,10:49:18.508273368,T,IBM,,68,309.88
2025-12-10,10:49:30.557366496,T,IBM,F I,6,309.91
2025-12-10,10:49:30.557844669,T,IBM,F I,4,309.89
2025-12-10,10:49:42.566853048,T,IBM,F,773,309.98
2025-12-10,10:49:42.566870605,T,IBM,F I,37,309.98
2025-12-10,10:49:42.566876655,T,IBM,I,1,309.98
2025-12-10,10:49:42.566880093,T,IBM,F,189,309.98
2025-12-10,10:49:42.566882978,T,IBM,F I,10,309.98
2025-12-10,10:49:42.566882978,T,IBM,F I,5,309.98
2025-12-10,10:49:42.566888826,T,IBM,F I,4,309.98
2025-12-10,10:49:42.566888826,T,IBM,F I,4,309.98
2025-12-10,10:49:42.569462823,T,IBM,,55,309.94
2025-12-10,10:49:42.569529010,T,IBM,F I,12,309.93
2025-12-10,10:49:42.569532034,T,IBM,F I,2,309.93
2025-12-10,10:49:42.650204977,T,IBM,,40,309.89
2025-12-10,10:49:42.650204977,T,IBM,,40,309.89
2025-12-10,10:50:27.180956265,T,IBM,,40,309.92
2025-12-10,10:51:05.344653169,T,IBM,F I,1,309.925
2025-12-10,10:51:14.834070649,T,IBM,F I,5,309.88
2025-12-10,10:51:14.834070649,T,IBM,F I,3,309.88
2025-12-10,10:51:14.834091833,T,IBM,F I,1,309.87
2025-12-10,10:51:14.834095659,T,IBM,F I,9,309.87
2025-12-10,10:51:14.834100721,T,IBM,F,100,309.86
2025-12-10,10:51:14.834100721,T,IBM,F,40,309.86
2025-12-10,10:51:14.834103714,T,IBM,F I,30,309.86
2025-12-10,10:51:14.834115882,T,IBM,F I,10,309.86
2025-12-10,10:51:14.855475611,T,IBM,,40,309.78
2025-12-10,10:51:14.855493669,T,IBM,I,1,309.78
2025-12-10,10:51:14.855508710,T,IBM,F I,39,309.78
2025-12-10,10:51:14.855511641,T,IBM,F I,1,309.78
2025-12-10,10:51:14.855517934,T,IBM,F I,24,309.78
2025-12-10,10:51:14.855577839,T,IBM,,55,309.78
2025-12-10,10:51:14.855577839,T,IBM,,45,309.78
2025-12-10,10:51:14.855631956,T,IBM,I,35,309.78
2025-12-10,10:51:20.226412927,T,IBM,F I,5,309.8
2025-12-10,10:51:20.226414717,T,IBM,F I,11,309.79
2025-12-10,10:51:21.349786934,T,IBM,I,7,309.82
2025-12-10,10:52:50.070102835,T,IBM,,80,309.695
2025-12-10,10:53:21.993658879,T,IBM,,40,309.61
2025-12-10,10:53:21.993679890,T,IBM,I,1,309.61
2025-12-10,10:53:21.993682874,T,IBM,I,1,309.61
2025-12-10,10:53:21.993688966,T,IBM,F I,28,309.61
2025-12-10,10:53:21.993692068,T,IBM,F I,4,309.6
2025-12-10,10:53:21.993692068,T,IBM,F I,27,309.6
2025-12-10,10:53:21.994560984,T,IBM,,53,309.6
2025-12-10,10:53:21.994576087,T,IBM,,40,309.6
2025-12-10,10:53:21.994945928,T,IBM,F I,2,309.6
2025-12-10,10:53:21.994988091,T,IBM,,40,309.61
2025-12-10,10:53:21.995009312,T,IBM,I,1,309.61
2025-12-10,10:53:21.995012071,T,IBM,F I,4,309.61
2025-12-10,10:53:22.145875222,T,IBM,,40,309.59
2025-12-10,10:53:22.151231005,T,IBM,I,8,309.55
2025-12-10,10:53:22.151261008,T,IBM,I,31,309.54
2025-12-10,10:54:02.123805809,T,IBM,I,5,309.5
2025-12-10,10:54:03.267882470,T,IBM,,40,309.47
2025-12-10,10:54:03.379318700,T,IBM,F I,16,309.47
2025-12-10,10:54:03.876311867,T,IBM,F I,16,309.47
2025-12-10,10:54:04.392812471,T,IBM,F I,30,309.46
2025-12-10,10:54:04.392833621,T,IBM,F I,10,309.46
2025-12-10,10:54:04.392833621,T,IBM,I,1,309.46
2025-12-10,10:54:04.800898886,T,IBM,I,13,309.475
2025-12-10,10:54:14.210001340,T,IBM,F I,1,309.58
2025-12-10,10:54:14.210005989,T,IBM,F I,4,309.58
2025-12-10,10:54:14.210010240,T,IBM,F I,5,309.58
2025-12-10,10:54:14.210013465,T,IBM,F I,1,309.6
2025-12-10,10:54:14.210016332,T,IBM,F,80,309.61
2025-12-10,10:54:14.210019271,T,IBM,F I,12,309.61
2025-12-10,10:54:14.210031307,T,IBM,F I,1,309.61
2025-12-10,10:54:21.042293111,T,IBM,F I,5,309.6
2025-12-10,10:54:21.042413369,T,IBM,,80,309.59
2025-12-10,10:54:21.071919621,T,IBM,I,24,309.54
2025-12-10,10:54:22.089130188,T,IBM,I,5,309.56
2025-12-10,10:54:22.469171893,T,IBM,I,5,309.56
2025-12-10,10:54:41.902806874,T,IBM,F I,5,309.54
2025-12-10,10:55:00.551600337,T,IBM,I,5,309.52
2025-12-10,10:55:03.205072210,T,IBM,F I,1,309.44
2025-12-10,10:55:03.205090263,T,IBM,F I,39,309.44
2025-12-10,10:55:03.205099567,T,IBM,F,40,309.5
2025-12-10,10:55:03.205102250,T,IBM,I,39,309.44
2025-12-10,10:55:03.205111274,T,IBM,I,1,309.44
2025-12-10,10:55:03.226676181,T,IBM,I,2,309.47
2025-12-10,10:55:03.226678584,T,IBM,I,2,309.47
2025-12-10,10:55:03.226751519,T,IBM,F I,3,309.47
2025-12-10,10:55:13.871988168,T,IBM,,40,309.42
2025-12-10,10:55:13.872950316,T,IBM,,40,309.41
2025-12-10,10:55:14.133481606,T,IBM,F I,13,309.38
2025-12-10,10:55:14.133499705,T,IBM,F I,27,309.38
2025-12-10,10:55:15.742004714,T,IBM,F,40,309.33
2025-12-10,10:56:04.004414986,T,IBM,F I,10,309.33
2025-12-10,10:56:04.004445024,T,IBM,F I,3,309.34
2025-12-10,10:56:14.911238720,T,IBM,I,5,309.36
2025-12-10,10:56:14.918290505,T,IBM,F I,10,309.4
2025-12-10,10:56:14.918597260,T,IBM,F I,10,309.39
2025-12-10,10:56:14.918759613,T,IBM,I,5,309.39
2025-12-10,10:56:14.940290918,T,IBM,F I,9,309.4
2025-12-10,10:56:14.940747931,T,IBM,F I,5,309.36
2025-12-10,10:56:49.635921795,T,IBM,I,20,309.26
2025-12-10,10:56:49.673697754,T,IBM,F I,13,309.25
2025-12-10,10:56:49.673700692,T,IBM,F I,27,309.24
2025-12-10,10:56:49.673712761,T,IBM,F I,13,309.24
2025-12-10,10:56:49.675922981,T,IBM,F,40,309.22
2025-12-10,10:56:53.619766816,T,IBM,I,1,309.15
2025-12-10,10:57:09.352118338,T,IBM,F I,5,309.18
2025-12-10,10:57:39.897094255,T,IBM,F,80,309.27
2025-12-10,10:57:39.897097246,T,IBM,F,80,309.27
2025-12-10,10:57:39.897172442,T,IBM,F I,15,309.28
2025-12-10,10:57:39.897743782,T,IBM,F I,9,309.29
2025-12-10,10:57:39.897746815,T,IBM,F I,3,309.3
2025-12-10,10:57:40.041374700,T,IBM,I,1,309.3
2025-12-10,10:57:40.041386921,T,IBM,I,9,309.3
2025-12-10,10:57:40.041672391,T,IBM,I,1,309.33
2025-12-10,10:57:40.041672391,T,IBM,I,20,309.33
2025-12-10,10:57:52.847980306,T,IBM,I,6,309.27
2025-12-10,10:58:00.763688604,T,IBM,I,6,309.285
2025-12-10,10:58:07.220356835,T,IBM,F I,5,309.34
2025-12-10,10:58:07.220359397,T,IBM,F I,27,309.35
2025-12-10,10:58:07.220377939,T,IBM,I,1,309.35
2025-12-10,10:58:07.220464650,T,IBM,I,4,309.35
2025-12-10,10:58:09.299686455,T,IBM,,80,309.36
2025-12-10,10:58:10.079956918,T,IBM,F I,1,309.43
2025-12-10,10:58:10.079956918,T,IBM,F I,19,309.43
2025-12-10,10:58:10.079960013,T,IBM,F I,30,309.43
2025-12-10,10:58:10.656546769,T,IBM,F I,9,309.39
2025-12-10,10:58:18.795097453,T,IBM,F,40,309.29
2025-12-10,10:58:30.220948348,T,IBM,F I,16,309.14
2025-12-10,10:58:30.220966095,T,IBM,I,24,309.14
2025-12-10,10:58:30.220966095,T,IBM,I,15,309.14
2025-12-10,10:58:30.220968967,T,IBM,I,25,309.14
2025-12-10,10:58:30.220971858,T,IBM,I,14,309.14
2025-12-10,10:58:30.220983933,T,IBM,I,1,309.14
2025-12-10,10:59:03.105156529,T,IBM,,40,309.205
2025-12-10,10:59:30.194426020,T,IBM,I,25,309.205
2025-12-10,10:59:30.194426020,T,IBM,I,15,309.205
2025-12-10,10:59:45.386830033,T,IBM,F I,1,309.205
2025-12-10,10:59:55.527222417,T,IBM,F I,1,309.18
2025-12-10,11:00:08.637617166,T,IBM,F,80,309.215
2025-12-10,11:00:08.637620209,T,IBM,F I,10,309.18
2025-12-10,11:00:08.637662430,T,IBM,I,20,309.17
2025-12-10,11:00:08.637668264,T,IBM,,50,309.16
2025-12-10,11:00:08.637668264,T,IBM,I,20,309.16
2025-12-10,11:00:08.637695383,T,IBM,I,1,309.16
2025-12-10,11:00:08.637716371,T,IBM,I,19,309.16
2025-12-10,11:00:08.638570406,T,IBM,F,90,309.17
2025-12-10,11:00:08.639755473,T,IBM,F,40,309.17
2025-12-10,11:00:08.640269485,T,IBM,F,40,309.15
2025-12-10,11:00:08.643661708,T,IBM,F I,35,309.165
2025-12-10,11:00:08.643661708,T,IBM,F I,5,309.15
2025-12-10,11:00:08.644043542,T,IBM,F,40,309.14
2025-12-10,11:00:10.007690764,T,IBM,F I,1,309.26
2025-12-10,11:00:10.007738938,T,IBM,I,20,309.26
2025-12-10,11:00:10.007949433,T,IBM,F I,21,309.27
2025-12-10,11:00:10.007949433,T,IBM,F I,3,309.27
2025-12-10,11:00:10.008821457,T,IBM,F I,8,309.29
2025-12-10,11:00:10.008875601,T,IBM,F I,8,309.29
2025-12-10,11:00:10.008929754,T,IBM,F I,8,309.29
2025-12-10,11:00:10.008980813,T,IBM,F I,8,309.29
2025-12-10,11:00:10.009032032,T,IBM,F I,8,309.29
2025-12-10,11:00:10.009080136,T,IBM,F I,8,309.29
2025-12-10,11:00:10.009131269,T,IBM,F I,8,309.29
2025-12-10,11:00:10.009185330,T,IBM,F I,8,309.29
2025-12-10,11:00:10.009236425,T,IBM,F I,8,309.29
2025-12-10,11:00:10.009284736,T,IBM,F I,8,309.29
2025-12-10,11:00:10.009338663,T,IBM,F I,8,309.3
2025-12-10,11:00:12.076995027,T,IBM,,55,309.235
2025-12-10,11:00:17.426817858,T,IBM,I,1,309.26
2025-12-10,11:00:31.157045323,T,IBM,,40,309.24
2025-12-10,11:00:46.855160513,T,IBM,,40,309.23
2025-12-10,11:00:58.175573910,T,IBM,F I,30,309.27
2025-12-10,11:00:58.175609950,T,IBM,F I,2,309.29
2025-12-10,11:00:58.175616017,T,IBM,F I,6,309.3
2025-12-10,11:00:58.175616017,T,IBM,F I,1,309.3
2025-12-10,11:00:58.175634064,T,IBM,F,73,309.3
2025-12-10,11:01:01.191360307,T,IBM,,80,309.285
2025-12-10,11:01:35.223299341,T,IBM,,80,309.315
2025-12-10,11:01:40.561156750,T,IBM,,80,309.22
2025-12-10,11:01:40.561198919,T,IBM,,40,309.22
2025-12-10,11:01:52.823923613,T,IBM,,40,309.3
2025-12-10,11:02:27.196110785,T,IBM,F I,10,309.39
2025-12-10,11:02:27.196110785,T,IBM,F I,11,309.39
2025-12-10,11:02:27.196131806,T,IBM,F I,29,309.39
2025-12-10,11:02:27.196137815,T,IBM,F,80,309.39
2025-12-10,11:02:27.467413582,T,IBM,F I,1,309.4
2025-12-10,11:02:27.467416698,T,IBM,F I,2,309.41
2025-12-10,11:02:27.467419704,T,IBM,F I,13,309.41
2025-12-10,11:02:27.467419704,T,IBM,F I,7,309.41
2025-12-10,11:02:27.467434664,T,IBM,F I,1,309.41
2025-12-10,11:02:27.467437679,T,IBM,F I,20,309.41
2025-12-10,11:02:27.467437679,T,IBM,F I,1,309.41
2025-12-10,11:02:34.912964904,T,IBM,,100,309.37
2025-12-10,11:02:34.912964904,T,IBM,I,12,309.365
2025-12-10,11:02:55.924756472,T,IBM,F I,2,309.21
2025-12-10,11:03:09.727976564,T,IBM,F I,38,309.21
2025-12-10,11:03:09.727980108,T,IBM,F,40,309.21
2025-12-10,11:03:09.727980108,T,IBM,F I,2,309.21
2025-12-10,11:03:09.727982573,T,IBM,F,40,309.21
2025-12-10,11:03:10.889410479,T,IBM,F I,16,309.19
2025-12-10,11:03:12.082440623,T,IBM,I,39,309.19
2025-12-10,11:03:12.082443638,T,IBM,I,1,309.18
2025-12-10,11:03:12.082461721,T,IBM,F I,39,309.18
2025-12-10,11:03:22.218352335,T,IBM,,40,309.17
2025-12-10,11:03:22.218367312,T,IBM,I,1,309.2
2025-12-10,11:03:22.218626210,T,IBM,F I,11,309.21
2025-12-10,11:03:22.218655938,T,IBM,I,7,309.18
2025-12-10,11:03:22.218824418,T,IBM,F I,7,309.17
2025-12-10,11:03:22.218824418,T,IBM,F I,12,309.17
2025-12-10,11:03:22.218827347,T,IBM,I,19,309.17
2025-12-10,11:03:48.562125417,T,IBM,F I,1,309.27
2025-12-10,11:03:48.562128435,T,IBM,F I,1,309.27
2025-12-10,11:03:48.562131470,T,IBM,F I,30,309.27
2025-12-10,11:03:48.574896915,T,IBM,F I,2,309.29
2025-12-10,11:03:48.575167506,T,IBM,F I,9,309.24
2025-12-10,11:03:48.575173657,T,IBM,I,9,309.24
2025-12-10,11:03:48.575359986,T,IBM,I,20,309.2
2025-12-10,11:03:48.575362972,T,IBM,I,10,309.2
2025-12-10,11:04:15.364084330,T,IBM,I,25,309.195
2025-12-10,11:04:17.964645482,T,IBM,F,100,309.25
2025-12-10,11:04:17.964645482,T,IBM,F,532,309.25
2025-12-10,11:04:17.964666242,T,IBM,F,70,309.25
2025-12-10,11:04:17.964669355,T,IBM,F I,6,309.25
2025-12-10,11:04:17.964672267,T,IBM,F I,20,309.25
2025-12-10,11:04:17.964912884,T,IBM,F,96,309.26
2025-12-10,11:04:17.965382060,T,IBM,F I,1,309.25
2025-12-10,11:04:32.912612561,T,IBM,F I,19,309.27
2025-12-10,11:04:36.690238586,T,IBM,F,40,309.31
2025-12-10,11:04:36.690238586,T,IBM,F I,4,309.31
2025-12-10,11:04:48.488281996,T,IBM,F I,1,309.34
2025-12-10,11:04:48.488856360,T,IBM,F I,2,309.36
2025-12-10,11:04:48.488880377,T,IBM,F I,18,309.36
2025-12-10,11:04:48.488880377,T,IBM,F I,20,309.36
2025-12-10,11:04:51.334877268,T,IBM,F I,20,309.37
2025-12-10,11:05:04.889209050,T,IBM,F I,10,309.43
2025-12-10,11:05:04.889215495,T,IBM,F I,2,309.45
2025-12-10,11:05:04.889230036,T,IBM,I,38,309.45
2025-12-10,11:05:13.063217229,T,IBM,F I,6,309.42
2025-12-10,11:05:18.141496530,T,IBM,I,6,309.41
2025-12-10,11:05:18.148740790,T,IBM,I,6,309.41
2025-12-10,11:05:31.954306392,T,IBM,I,6,309.42
2025-12-10,11:05:31.974941418,T,IBM,I,6,309.42
2025-12-10,11:05:44.022729652,T,IBM,F I,6,309.45
2025-12-10,11:05:44.022729652,T,IBM,F I,10,309.46
2025-12-10,11:05:44.022732511,T,IBM,F I,10,309.46
2025-12-10,11:05:44.022753592,T,IBM,F I,2,309.47
2025-12-10,11:05:44.022766469,T,IBM,F I,2,309.47
2025-12-10,11:05:44.022768582,T,IBM,F I,4,309.47
2025-12-10,11:05:44.022780607,T,IBM,F I,7,309.47
2025-12-10,11:05:44.022795680,T,IBM,I,5,309.47
2025-12-10,11:05:44.532069985,T,IBM,F I,10,309.48
2025-12-10,11:06:03.635248096,T,IBM,I,5,309.4
2025-12-10,11:06:26.671696522,T,IBM,F I,5,309.45
2025-12-10,11:06:52.027004274,T,IBM,I,20,309.5
2025-12-10,11:06:52.027028350,T,IBM,I,1,309.52
2025-12-10,11:06:52.027034412,T,IBM,,80,309.52
2025-12-10,11:06:52.027329135,T,IBM,F I,8,309.52
2025-12-10,11:06:52.027392321,T,IBM,F I,1,309.53
2025-12-10,11:06:52.027395221,T,IBM,F I,8,309.53
2025-12-10,11:06:58.159416143,T,IBM,F I,1,309.55
2025-12-10,11:06:58.159416143,T,IBM,F I,9,309.55
2025-12-10,11:06:58.159419200,T,IBM,F I,6,309.55
2025-12-10,11:06:58.159512393,T,IBM,F I,14,309.55
2025-12-10,11:06:58.159515339,T,IBM,F I,8,309.55
2025-12-10,11:06:58.159515339,T,IBM,F I,35,309.55
2025-12-10,11:07:22.826166027,T,IBM,I,20,309.58
2025-12-10,11:07:22.826166027,T,IBM,I,8,309.58
2025-12-10,11:07:22.826168743,T,IBM,I,1,309.58
2025-12-10,11:07:22.826195767,T,IBM,F I,2,309.6
2025-12-10,11:07:29.231104521,T,IBM,,40,309.54
2025-12-10,11:07:29.231108928,T,IBM,,100,309.535
2025-12-10,11:07:29.231108928,T,IBM,,100,309.535
2025-12-10,11:07:29.231113451,T,IBM,I,20,309.52
2025-12-10,11:07:29.231113451,T,IBM,I,5,309.52
2025-12-10,11:07:29.231113451,T,IBM,I,5,309.52
2025-12-10,11:07:29.231113451,T,IBM,,100,309.5
2025-12-10,11:07:29.231116387,T,IBM,,100,309.5
2025-12-10,11:07:29.231125419,T,IBM,I,30,309.49
2025-12-10,11:07:29.231546321,T,IBM,F I,32,309.51
2025-12-10,11:08:01.532462238,T,IBM,F I,4,309.6
2025-12-10,11:08:01.532489792,T,IBM,F I,6,309.6
2025-12-10,11:08:01.532492627,T,IBM,F I,10,309.61
2025-12-10,11:08:01.532496245,T,IBM,F I,10,309.61
2025-12-10,11:08:01.532496245,T,IBM,F I,19,309.61
2025-12-10,11:08:01.532501441,T,IBM,F I,34,309.61
2025-12-10,11:08:01.532501441,T,IBM,F I,6,309.61
2025-12-10,11:08:01.532522416,T,IBM,,40,309.56
2025-12-10,11:08:01.532624841,T,IBM,F I,12,309.61
2025-12-10,11:08:01.532627647,T,IBM,F I,1,309.61
2025-12-10,11:08:01.538705088,T,IBM,,40,309.655
2025-12-10,11:08:15.720309931,T,IBM,I,2,309.615
2025-12-10,11:08:16.368301525,T,IBM,F I,4,309.6
2025-12-10,11:08:16.374213540,T,IBM,F I,7,309.58
2025-12-10,11:08:16.374234583,T,IBM,F I,33,309.58
2025-12-10,11:08:16.374252704,T,IBM,I,33,309.58
2025-12-10,11:08:16.374252704,T,IBM,I,1,309.58
2025-12-10,11:08:16.374255903,T,IBM,I,6,309.58
2025-12-10,11:08:16.374258651,T,IBM,I,27,309.58
2025-12-10,11:08:16.374273712,T,IBM,I,39,309.58
2025-12-10,11:08:16.374396962,T,IBM,I,1,309.58
2025-12-10,11:08:16.374396962,T,IBM,I,39,309.58
2025-12-10,11:08:16.374430091,T,IBM,I,1,309.58
2025-12-10,11:08:16.374436215,T,IBM,,40,309.58
2025-12-10,11:08:16.374436215,T,IBM,,213,309.58
2025-12-10,11:08:16.374439097,T,IBM,,120,309.58
2025-12-10,11:08:16.374442721,T,IBM,,80,309.58
2025-12-10,11:08:16.374445088,T,IBM,,40,309.58
2025-12-10,11:08:17.972687333,T,IBM,,40,309.57
2025-12-10,11:08:17.972689860,T,IBM,,40,309.57
2025-12-10,11:08:17.972702268,T,IBM,I,1,309.57
2025-12-10,11:08:17.972705534,T,IBM,I,39,309.57
2025-12-10,11:08:17.972705534,T,IBM,I,30,309.57
2025-12-10,11:08:17.972707983,T,IBM,,79,309.57
2025-12-10,11:08:17.972714847,T,IBM,F I,2,309.57
2025-12-10,11:08:17.972717010,T,IBM,I,9,309.57
2025-12-10,11:08:17.972720085,T,IBM,I,31,309.57
2025-12-10,11:08:17.972723115,T,IBM,F I,4,309.57
2025-12-10,11:08:17.972723115,T,IBM,F I,5,309.57
2025-12-10,11:08:26.606817534,T,IBM,F I,2,309.64
2025-12-10,11:08:26.606820414,T,IBM,F I,38,309.64
2025-12-10,11:08:26.607352671,T,IBM,I,1,309.65
2025-12-10,11:08:26.607373656,T,IBM,I,11,309.65
2025-12-10,11:08:26.607920967,T,IBM,I,5,309.66
2025-12-10,11:08:26.607960113,T,IBM,I,4,309.66
2025-12-10,11:08:29.976050163,T,IBM,F I,1,309.69
2025-12-10,11:08:29.980049728,T,IBM,F I,23,309.7
2025-12-10,11:09:03.637744601,T,IBM,F I,1,309.74
2025-12-10,11:09:05.611772896,T,IBM,F,47,309.77
2025-12-10,11:09:05.611797335,T,IBM,I,1,309.77
2025-12-10,11:09:05.611800039,T,IBM,F I,2,309.77
2025-12-10,11:09:14.807439349,T,IBM,F I,9,309.79
2025-12-10,11:09:14.807451292,T,IBM,F I,12,309.79
2025-12-10,11:09:14.807938855,T,IBM,F I,1,309.8
2025-12-10,11:09:14.807938855,T,IBM,F I,10,309.81
2025-12-10,11:09:15.154495522,T,IBM,F I,5,309.82
2025-12-10,11:09:15.154498465,T,IBM,F,40,309.82
2025-12-10,11:09:15.154516529,T,IBM,F,40,309.82
2025-12-10,11:09:16.603537004,T,IBM,F I,33,309.82
2025-12-10,11:10:14.795853751,T,IBM,F I,7,309.72
2025-12-10,11:10:24.723651870,T,IBM,F I,8,309.7
2025-12-10,11:10:46.270433252,T,IBM,I,10,309.8
2025-12-10,11:10:46.270435631,T,IBM,I,12,309.8
2025-12-10,11:11:03.658823830,T,IBM,I,12,309.82
2025-12-10,11:11:07.080847439,T,IBM,F I,1,309.85
2025-12-10,11:11:07.170544751,T,IBM,F I,2,309.88
2025-12-10,11:11:10.555457545,T,IBM,F I,16,309.89
2025-12-10,11:11:10.555460139,T,IBM,F I,2,309.89
2025-12-10,11:11:10.555463003,T,IBM,F,40,309.89
2025-12-10,11:11:10.555547131,T,IBM,F I,1,309.9
2025-12-10,11:11:10.555560246,T,IBM,F I,1,309.9
2025-12-10,11:11:10.555560246,T,IBM,I,4,309.9
2025-12-10,11:11:10.555566207,T,IBM,I,20,309.9
2025-12-10,11:11:10.555566207,T,IBM,I,6,309.9
2025-12-10,11:11:10.555571234,T,IBM,I,2,309.9
2025-12-10,11:11:10.557634252,T,IBM,F I,2,309.91
2025-12-10,11:11:19.218895351,T,IBM,F I,11,309.94
2025-12-10,11:11:19.219250861,T,IBM,I,39,309.94
2025-12-10,11:11:19.219253150,T,IBM,I,2,309.94
2025-12-10,11:11:19.606623894,T,IBM,F I,38,309.99
2025-12-10,11:11:19.606626357,T,IBM,F I,5,309.99
2025-12-10,11:11:19.606629403,T,IBM,F I,6,309.99
2025-12-10,11:11:19.608325416,T,IBM,F,103,310.0
2025-12-10,11:11:19.608325416,T,IBM,F I,1,310.0
2025-12-10,11:11:19.608328476,T,IBM,F,40,310.0
2025-12-10,11:11:19.608523910,T,IBM,,40,310.0
2025-12-10,11:11:19.608523910,T,IBM,I,4,310.0
2025-12-10,11:11:19.608538953,T,IBM,F I,8,310.0
2025-12-10,11:11:19.608962983,T,IBM,F I,20,310.01
2025-12-10,11:11:19.608968966,T,IBM,F I,1,310.03
2025-12-10,11:11:19.609251660,T,IBM,F I,1,310.04
2025-12-10,11:11:19.609940298,T,IBM,F I,1,310.06
2025-12-10,11:11:19.612544490,T,IBM,F I,1,310.07
2025-12-10,11:11:19.612544490,T,IBM,F I,1,310.07
2025-12-10,11:11:19.612610630,T,IBM,F I,23,310.08
2025-12-10,11:11:19.612800074,T,IBM,F,40,310.09
2025-12-10,11:11:19.612803948,T,IBM,F I,1,310.09
2025-12-10,11:11:19.612806460,T,IBM,I,7,310.06
2025-12-10,11:11:19.624527967,T,IBM,F I,7,310.1
2025-12-10,11:11:19.624555023,T,IBM,F I,25,310.1
2025-12-10,11:11:19.624600586,T,IBM,F I,7,310.1
2025-12-10,11:11:19.624612277,T,IBM,F I,10,310.1
2025-12-10,11:11:19.624750494,T,IBM,F I,1,310.12
2025-12-10,11:11:19.624942998,T,IBM,F I,1,310.12
2025-12-10,11:11:19.625427214,T,IBM,F I,10,310.15
2025-12-10,11:11:19.662334000,T,IBM,F,50,310.17
2025-12-10,11:11:22.685599339,T,IBM,F I,4,310.26
2025-12-10,11:11:22.685599339,T,IBM,F I,4,310.26
2025-12-10,11:11:22.685899967,T,IBM,,42,310.26
2025-12-10,11:11:22.846389128,T,IBM,F I,31,310.33
2025-12-10,11:11:22.846410151,T,IBM,F I,1,310.33
2025-12-10,11:11:22.846533386,T,IBM,F I,18,310.33
2025-12-10,11:11:31.056368838,T,IBM,I,30,310.34
2025-12-10,11:11:42.149257928,T,IBM,F I,20,310.31
2025-12-10,11:11:42.149261899,T,IBM,F I,20,310.28
2025-12-10,11:11:42.149272943,T,IBM,I,1,310.28
2025-12-10,11:11:42.149272943,T,IBM,F I,19,310.28
2025-12-10,11:11:42.149880432,T,IBM,I,5,310.28
2025-12-10,11:11:50.093630344,T,IBM,,100,310.17
2025-12-10,11:12:57.754997247,T,IBM,F I,1,310.22
2025-12-10,11:13:40.389783533,T,IBM,I,1,310.33
2025-12-10,11:13:40.389792524,T,IBM,I,1,310.33
2025-12-10,11:14:28.622209601,T,IBM,I,16,310.4
2025-12-10,11:14:28.622258047,T,IBM,F I,2,310.42
2025-12-10,11:14:28.622258047,T,IBM,F I,2,310.42
2025-12-10,11:14:28.622489292,T,IBM,F I,2,310.43
2025-12-10,11:14:28.622492275,T,IBM,F,80,310.43
2025-12-10,11:14:46.539674236,T,IBM,F I,5,310.44
2025-12-10,11:14:46.539674236,T,IBM,F I,5,310.45
2025-12-10,11:14:46.540035109,T,IBM,I,15,310.45
2025-12-10,11:14:46.540152406,T,IBM,I,23,310.4
2025-12-10,11:14:48.810178450,T,IBM,F I,1,310.38
2025-12-10,11:14:48.846492974,T,IBM,F,80,310.395
2025-12-10,11:14:48.846496161,T,IBM,F,100,310.32
2025-12-10,11:14:48.846496161,T,IBM,F I,5,310.32
2025-12-10,11:14:48.846498897,T,IBM,F I,24,310.32
2025-12-10,11:14:49.572466191,T,IBM,,40,310.395
2025-12-10,11:15:45.393476411,T,IBM,F,200,310.4
2025-12-10,11:15:45.393521486,T,IBM,,100,310.39
2025-12-10,11:15:48.092163640,T,IBM,I,5,310.385
2025-12-10,11:16:06.616867001,T,IBM,I,6,310.31
2025-12-10,11:16:25.272829936,T,IBM,I,5,310.3
2025-12-10,11:16:25.272832782,T,IBM,I,1,310.31
2025-12-10,11:16:25.272835708,T,IBM,I,25,310.315
2025-12-10,11:16:25.272838723,T,IBM,I,33,310.315
2025-12-10,11:17:07.786075406,T,IBM,F I,10,310.22
2025-12-10,11:17:22.973340477,T,IBM,I,2,310.24
2025-12-10,11:17:34.083288910,T,IBM,,100,310.24
2025-12-10,11:17:52.673487895,T,IBM,F I,18,310.27
2025-12-10,11:17:52.673487895,T,IBM,F I,4,310.28
2025-12-10,11:17:52.673506160,T,IBM,F I,17,310.28
2025-12-10,11:17:52.673508934,T,IBM,F I,1,310.28
2025-12-10,11:17:52.673508934,T,IBM,F I,18,310.28
2025-12-10,11:17:52.673532971,T,IBM,I,22,310.28
2025-12-10,11:17:53.320649497,T,IBM,I,2,310.29
2025-12-10,11:17:53.321245005,T,IBM,I,23,310.3
2025-12-10,11:17:53.321320099,T,IBM,F,57,310.3
2025-12-10,11:17:53.321320099,T,IBM,F I,1,310.3
2025-12-10,11:17:53.321323128,T,IBM,F,80,310.3
2025-12-10,11:17:53.323352930,T,IBM,F I,34,310.31
2025-12-10,11:17:53.323437130,T,IBM,F I,2,310.31
2025-12-10,11:17:53.323497350,T,IBM,F I,2,310.31
2025-12-10,11:17:53.323584532,T,IBM,I,2,310.31
2025-12-10,11:17:53.323584532,T,IBM,I,34,310.3
2025-12-10,11:17:53.323945326,T,IBM,F I,2,310.3
2025-12-10,11:17:53.323945326,T,IBM,F I,38,310.3
2025-12-10,11:17:57.514276863,T,IBM,F I,1,310.17
2025-12-10,11:17:57.514276863,T,IBM,F I,10,310.17
2025-12-10,11:17:57.515079862,T,IBM,F,40,310.14
2025-12-10,11:17:57.515100883,T,IBM,F I,39,310.13
2025-12-10,11:17:57.515124977,T,IBM,F I,1,310.13
2025-12-10,11:17:57.553099360,T,IBM,F I,20,310.0
2025-12-10,11:17:57.553292300,T,IBM,F I,14,309.99
2025-12-10,11:18:22.719774818,T,IBM,F I,2,310.0
2025-12-10,11:18:22.719774818,T,IBM,F I,4,310.0
2025-12-10,11:18:59.229551855,T,IBM,I,18,310.02
2025-12-10,11:18:59.229570125,T,IBM,F,40,310.04
2025-12-10,11:18:59.229572860,T,IBM,F I,20,310.05
2025-12-10,11:18:59.229587948,T,IBM,F,40,310.05
2025-12-10,11:18:59.244329077,T,IBM,F I,11,310.11
2025-12-10,11:18:59.244350099,T,IBM,I,3,310.11
2025-12-10,11:18:59.324021737,T,IBM,F I,20,310.21
2025-12-10,11:18:59.408706503,T,IBM,F I,2,310.22
2025-12-10,11:18:59.408709606,T,IBM,F I,8,310.22
2025-12-10,11:19:03.067700019,T,IBM,F I,3,310.2
2025-12-10,11:19:19.220638881,T,IBM,F I,10,310.29
2025-12-10,11:19:19.298990269,T,IBM,F I,5,310.32
2025-12-10,11:19:24.843051492,T,IBM,F I,1,310.36
2025-12-10,11:19:24.843069567,T,IBM,F,49,310.36
2025-12-10,11:19:24.843072518,T,IBM,F I,6,310.36
2025-12-10,11:19:58.217838997,T,IBM,F,40,310.4
2025-12-10,11:20:00.665852643,T,IBM,F I,1,310.46
2025-12-10,11:20:00.665883194,T,IBM,I,10,310.47
2025-12-10,11:20:00.666363954,T,IBM,F,50,310.49
2025-12-10,11:20:00.666366891,T,IBM,F,40,310.49
2025-12-10,11:20:00.666478316,T,IBM,F I,1,310.5
2025-12-10,11:20:00.666484210,T,IBM,F I,39,310.5
2025-12-10,11:20:00.666817954,T,IBM,F I,20,310.52
2025-12-10,11:20:00.667572839,T,IBM,F I,31,310.54
2025-12-10,11:20:00.667602988,T,IBM,F I,1,310.55
2025-12-10,11:20:00.667602988,T,IBM,F I,1,310.55
2025-12-10,11:20:00.672363249,T,IBM,F I,1,310.55
2025-12-10,11:20:00.729168414,T,IBM,I,5,310.55
2025-12-10,11:20:00.770009268,T,IBM,I,1,310.65
2025-12-10,11:20:00.772272980,T,IBM,I,5,310.55
2025-12-10,11:20:00.772272980,T,IBM,I,22,310.55
2025-12-10,11:20:00.772294081,T,IBM,I,18,310.55
2025-12-10,11:20:00.777102574,T,IBM,I,1,310.59
2025-12-10,11:20:00.783565067,T,IBM,I,1,310.61
2025-12-10,11:20:00.812247195,T,IBM,I,8,310.61
2025-12-10,11:20:00.812247195,T,IBM,I,8,310.61
2025-12-10,11:20:05.989332706,T,IBM,F I,6,310.51
2025-12-10,11:20:05.989356972,T,IBM,F I,4,310.51
2025-12-10,11:20:05.989356972,T,IBM,F I,14,310.49
2025-12-10,11:20:05.989362775,T,IBM,F I,4,310.49
2025-12-10,11:20:05.996586055,T,IBM,I,1,310.56
2025-12-10,11:20:06.055511365,T,IBM,F I,3,310.56
2025-12-10,11:20:06.992818569,T,IBM,I,19,310.57
2025-12-10,11:20:08.347017540,T,IBM,I,5,310.58
2025-12-10,11:20:08.347020477,T,IBM,I,35,310.59
2025-12-10,11:20:25.318995016,T,IBM,I,29,310.62
2025-12-10,11:22:03.832989295,T,IBM,F I,10,310.62
2025-12-10,11:22:03.833007412,T,IBM,F I,10,310.62
2025-12-10,11:22:03.833058507,T,IBM,I,18,310.58
2025-12-10,11:22:23.108871477,T,IBM,F I,6,310.58
2025-12-10,11:22:23.108922540,T,IBM,F I,30,310.58
2025-12-10,11:22:23.108928567,T,IBM,F,40,310.58
2025-12-10,11:22:23.108928567,T,IBM,F,80,310.58
2025-12-10,11:22:52.615994896,T,IBM,F I,2,310.66
2025-12-10,11:22:52.615998008,T,IBM,F I,8,310.66
2025-12-10,11:22:52.616001000,T,IBM,F I,2,310.66
2025-12-10,11:22:57.749148851,T,IBM,I,10,310.7
2025-12-10,11:22:57.749209032,T,IBM,F I,5,310.73
2025-12-10,11:22:57.749212051,T,IBM,F,40,310.73
2025-12-10,11:22:57.749780394,T,IBM,F I,10,310.74
2025-12-10,11:22:57.749828535,T,IBM,,40,310.72
2025-12-10,11:22:57.749954813,T,IBM,F I,10,310.74
2025-12-10,11:23:24.296837165,T,IBM,F I,1,310.69
2025-12-10,11:23:51.780488589,T,IBM,F I,11,310.74
2025-12-10,11:23:51.780491497,T,IBM,F I,4,310.74
2025-12-10,11:23:51.780494587,T,IBM,F I,27,310.74
2025-12-10,11:23:51.780545650,T,IBM,F I,1,310.75
2025-12-10,11:23:51.780548800,T,IBM,F I,7,310.75
2025-12-10,11:23:51.780548800,T,IBM,F I,2,310.75
2025-12-10,11:23:51.780551697,T,IBM,F I,2,310.75
2025-12-10,11:23:51.787380998,T,IBM,F I,2,310.8
2025-12-10,11:23:51.787380998,T,IBM,F I,18,310.8
2025-12-10,11:23:51.787384723,T,IBM,F I,1,310.8
2025-12-10,11:23:51.787384723,T,IBM,F I,2,310.81
2025-12-10,11:23:51.787386999,T,IBM,F I,38,310.82
2025-12-10,11:23:51.787407963,T,IBM,F I,2,310.82
2025-12-10,11:23:51.788541969,T,IBM,F I,2,310.87
2025-12-10,11:23:51.788544825,T,IBM,F I,8,310.87
2025-12-10,11:23:51.788571742,T,IBM,F I,25,310.87
2025-12-10,11:23:51.788622900,T,IBM,F I,25,310.87
2025-12-10,11:23:51.788640952,T,IBM,F I,2,310.87
2025-12-10,11:23:51.788665029,T,IBM,F I,25,310.87
2025-12-10,11:23:51.788686056,T,IBM,I,10,310.87
2025-12-10,11:23:51.789428819,T,IBM,F I,1,310.92
2025-12-10,11:23:51.793677985,T,IBM,F I,1,310.94
2025-12-10,11:23:51.794471906,T,IBM,F I,20,310.96
2025-12-10,11:23:51.794474850,T,IBM,F I,30,310.97
2025-12-10,11:23:51.794492835,T,IBM,I,1,310.97
2025-12-10,11:23:51.796609952,T,IBM,,100,310.91
2025-12-10,11:23:51.821897087,T,IBM,F I,19,310.97
2025-12-10,11:23:51.821981359,T,IBM,F I,20,310.98
2025-12-10,11:23:51.821981359,T,IBM,F I,2,310.99
