DATE,TIME_M,EX,SYM_ROOT,TR_SCOND,SIZE,PRICE
2025-11-20,9:30:00.008394423,T,IBM,TI,18,295.15
2025-11-20,9:30:00.008562855,T,IBM,T,89,295.15
2025-11-20,9:30:00.009284506,T,IBM,TI,1,295.15
2025-11-20,9:30:00.017211364,T,IBM,TI,28,295.15
2025-11-20,9:30:00.272717672,T,IBM,T,100,294.63
2025-11-20,9:30:01.661528996,T,IBM,F I,1,294.37
2025-11-20,9:30:01.661544042,T,IBM,Q,1,294.37
2025-11-20,9:30:02.151220816,T,IBM,F I,1,294.37
2025-11-20,9:30:22.217806435,T,IBM,F I,27,295.29
2025-11-20,9:30:22.217809414,T,IBM,F I,26,295.3
2025-11-20,9:30:22.217935676,T,IBM,I,6,295.195
2025-11-20,9:30:22.218609333,T,IBM,F I,27,295.195
2025-11-20,9:30:22.218624347,T,IBM,F I,26,295.195
2025-11-20,9:30:22.219183902,T,IBM,F,47,295.195
2025-11-20,9:30:22.219186683,T,IBM,F I,6,295.39
2025-11-20,9:30:22.219207745,T,IBM,,47,295.39
2025-11-20,9:30:22.219219721,T,IBM,I,2,295.19
2025-11-20,9:30:22.219337040,T,IBM,F I,1,295.19
2025-11-20,9:30:22.219496352,T,IBM,F I,11,295.19
2025-11-20,9:30:22.232733896,T,IBM,,40,295.07
2025-11-20,9:30:23.894532075,T,IBM,,100,294.84
2025-11-20,9:30:23.895046309,T,IBM,,80,294.5
2025-11-20,9:30:23.895133478,T,IBM,F I,7,294.48
2025-11-20,9:30:23.895136846,T,IBM,F I,1,294.48
2025-11-20,9:30:23.895139858,T,IBM,F,40,294.48
2025-11-20,9:30:23.895139858,T,IBM,F I,6,294.48
2025-11-20,9:30:23.895205688,T,IBM,F,40,294.48
2025-11-20,9:30:23.895226728,T,IBM,F I,1,294.46
2025-11-20,9:30:23.895229791,T,IBM,F I,2,294.46
2025-11-20,9:30:23.895232815,T,IBM,F I,1,294.46
2025-11-20,9:30:23.900672683,T,IBM,,40,294.57
2025-11-20,9:30:26.481894853,T,IBM,F,70,294.69
2025-11-20,9:30:29.155024560,T,IBM,F I,1,294.36
2025-11-20,9:30:29.155036519,T,IBM,F I,37,294.32
2025-11-20,9:30:31.771869292,T,IBM,I,8,294.23
2025-11-20,9:30:31.771920492,T,IBM,F I,6,294.2
2025-11-20,9:30:31.773571976,T,IBM,F I,10,294.0
2025-11-20,9:30:51.059122805,T,IBM,I,24,293.7
2025-11-20,9:30:51.059141052,T,IBM,F I,26,293.7
2025-11-20,9:30:51.060397841,T,IBM,F I,30,293.62
2025-11-20,9:30:51.060858113,T,IBM,F I,8,293.42
2025-11-20,9:30:51.060858113,T,IBM,F,40,293.42
2025-11-20,9:30:51.914752755,T,IBM,I,2,293.25
2025-11-20,9:30:57.228198225,T,IBM,F,100,293.57
2025-11-20,9:31:03.135253930,T,IBM,,40,293.63
2025-11-20,9:31:03.215139160,T,IBM,,40,293.635
2025-11-20,9:31:17.525703678,T,IBM,,40,293.635
2025-11-20,9:31:18.047045804,T,IBM,F,125,293.84
2025-11-20,9:31:18.047271316,T,IBM,F I,20,294.09
2025-11-20,9:31:18.047271316,T,IBM,F,475,294.1
2025-11-20,9:31:18.047295361,T,IBM,I,18,294.1
2025-11-20,9:31:18.047295361,T,IBM,I,2,294.1
2025-11-20,9:31:18.047334477,T,IBM,,52,293.8
2025-11-20,9:31:18.047346424,T,IBM,F,48,293.8
2025-11-20,9:31:18.047923862,T,IBM,F I,30,293.95
2025-11-20,9:31:18.047923862,T,IBM,F,50,293.84
2025-11-20,9:31:18.048077203,T,IBM,I,6,294.08
2025-11-20,9:31:18.048077203,T,IBM,I,18,294.08
2025-11-20,9:31:18.048098305,T,IBM,I,1,294.08
2025-11-20,9:31:18.048104251,T,IBM,I,31,294.08
2025-11-20,9:31:18.052651259,T,IBM,I,30,294.23
2025-11-20,9:31:18.052651259,T,IBM,I,10,294.09
2025-11-20,9:31:18.091684051,T,IBM,I,20,294.36
2025-11-20,9:31:18.091720119,T,IBM,F I,20,294.37
2025-11-20,9:31:18.091777236,T,IBM,I,30,294.23
2025-11-20,9:31:18.091777236,T,IBM,I,14,294.22
2025-11-20,9:31:18.091828370,T,IBM,I,30,294.22
2025-11-20,9:31:18.091864485,T,IBM,F I,2,294.37
2025-11-20,9:31:18.091969730,T,IBM,F I,3,294.37
2025-11-20,9:31:18.091972687,T,IBM,F I,16,294.37
2025-11-20,9:31:18.092024002,T,IBM,I,26,294.23
2025-11-20,9:31:18.092059902,T,IBM,I,30,294.37
2025-11-20,9:31:18.092068908,T,IBM,F I,21,294.37
2025-11-20,9:31:18.092090726,T,IBM,I,4,294.23
2025-11-20,9:31:18.092093273,T,IBM,I,22,294.22
2025-11-20,9:31:18.097433661,T,IBM,F,40,294.29
2025-11-20,9:31:18.152642091,T,IBM,I,2,294.46
2025-11-20,9:31:21.772281250,T,IBM,I,2,294.58
2025-11-20,9:31:21.852301780,T,IBM,I,2,294.65
2025-11-20,9:31:23.648898821,T,IBM,I,27,294.73
2025-11-20,9:31:24.175136546,T,IBM,I,4,294.75
2025-11-20,9:31:24.175136546,T,IBM,I,6,294.77
2025-11-20,9:31:24.175184725,T,IBM,F I,21,294.77
2025-11-20,9:31:40.939462175,T,IBM,F I,1,294.45
2025-11-20,9:31:40.939464769,T,IBM,F,40,294.43
2025-11-20,9:31:51.948421571,T,IBM,F I,1,294.67
2025-11-20,9:31:53.924726330,T,IBM,F,59,294.67
2025-11-20,9:31:57.899943888,T,IBM,F I,2,294.73
2025-11-20,9:31:57.899943888,T,IBM,F I,6,294.73
2025-11-20,9:31:57.899989044,T,IBM,F,121,294.73
2025-11-20,9:31:57.900061236,T,IBM,F I,1,294.79
2025-11-20,9:31:57.900220604,T,IBM,F I,17,294.79
2025-11-20,9:31:57.918041008,T,IBM,F I,1,294.86
2025-11-20,9:31:57.918320669,T,IBM,F I,4,294.91
2025-11-20,9:31:57.918320669,T,IBM,F,40,294.91
2025-11-20,9:31:58.630605417,T,IBM,,40,295.315
2025-11-20,9:31:58.631754160,T,IBM,,40,295.315
2025-11-20,9:31:58.689238980,T,IBM,,40,295.315
2025-11-20,9:31:58.695343509,T,IBM,,40,295.315
2025-11-20,9:31:58.745947968,T,IBM,,40,295.315
2025-11-20,9:31:58.809071319,T,IBM,,40,295.315
2025-11-20,9:31:58.904692897,T,IBM,F I,2,295.45
2025-11-20,9:31:59.211474235,T,IBM,I,24,295.61
2025-11-20,9:31:59.720640464,T,IBM,I,35,295.62
2025-11-20,9:31:59.720658484,T,IBM,I,1,295.62
2025-11-20,9:31:59.739254695,T,IBM,,73,295.62
2025-11-20,9:31:59.739272835,T,IBM,I,29,295.62
2025-11-20,9:31:59.750405272,T,IBM,F I,1,295.61
2025-11-20,9:31:59.865161507,T,IBM,I,30,295.65
2025-11-20,9:31:59.865161507,T,IBM,I,1,295.66
2025-11-20,9:31:59.865263742,T,IBM,F I,2,295.64
2025-11-20,9:31:59.869094784,T,IBM,I,11,295.53
2025-11-20,9:32:00.374598353,T,IBM,F I,30,295.5
2025-11-20,9:32:00.374601318,T,IBM,F I,25,295.63
2025-11-20,9:32:01.245197866,T,IBM,I,23,295.46
2025-11-20,9:32:01.256483698,T,IBM,F I,30,295.29
2025-11-20,9:32:01.256483698,T,IBM,F I,7,295.38
2025-11-20,9:32:01.374611117,T,IBM,F,40,295.35
2025-11-20,9:32:01.374611117,T,IBM,F,55,295.4
2025-11-20,9:32:02.800199908,T,IBM,F,80,295.35
2025-11-20,9:32:04.318192592,T,IBM,,100,295.01
2025-11-20,9:32:04.341071129,T,IBM,F I,2,295.09
2025-11-20,9:32:05.410179329,T,IBM,F I,12,294.86
2025-11-20,9:32:08.258990307,T,IBM,I,1,295.04
2025-11-20,9:32:11.839774132,T,IBM,F I,11,295.22
2025-11-20,9:32:11.839777038,T,IBM,F,100,295.27
2025-11-20,9:32:11.839782969,T,IBM,F I,15,295.27
2025-11-20,9:32:11.839804155,T,IBM,,55,295.28
2025-11-20,9:32:11.839804155,T,IBM,,71,295.28
2025-11-20,9:32:11.840005607,T,IBM,,100,295.32
2025-11-20,9:32:11.840228044,T,IBM,,45,295.33
2025-11-20,9:32:11.840228044,T,IBM,,55,295.28
2025-11-20,9:32:11.840246238,T,IBM,I,1,295.28
2025-11-20,9:32:11.840255229,T,IBM,F,44,295.28
2025-11-20,9:32:11.840630986,T,IBM,F I,10,295.41
2025-11-20,9:32:11.855201082,T,IBM,I,1,295.55
2025-11-20,9:32:11.889001231,T,IBM,I,1,295.66
2025-11-20,9:32:12.859793360,T,IBM,F I,2,295.7
2025-11-20,9:32:22.859818003,T,IBM,F,147,295.7
2025-11-20,9:32:25.281323824,T,IBM,,120,295.7
2025-11-20,9:32:25.281323824,T,IBM,I,15,295.78
2025-11-20,9:32:25.281326808,T,IBM,I,10,295.78
2025-11-20,9:32:25.281339650,T,IBM,I,1,295.78
2025-11-20,9:32:25.281365912,T,IBM,F I,39,295.78
2025-11-20,9:32:25.281371979,T,IBM,F,80,295.78
2025-11-20,9:32:25.281390028,T,IBM,F I,13,295.79
2025-11-20,9:32:25.281985348,T,IBM,F I,20,295.99
2025-11-20,9:32:25.281988541,T,IBM,F,61,296.0
2025-11-20,9:32:25.282012533,T,IBM,I,19,296.0
2025-11-20,9:32:25.282012533,T,IBM,I,1,296.0
2025-11-20,9:32:26.288965940,T,IBM,,50,295.84
2025-11-20,9:32:26.288965940,T,IBM,I,30,295.84
2025-11-20,9:32:26.289248354,T,IBM,F I,2,295.96
2025-11-20,9:32:27.686509687,T,IBM,F I,2,296.02
2025-11-20,9:32:27.686663118,T,IBM,F,116,295.85
2025-11-20,9:32:28.700268152,T,IBM,F I,2,295.92
2025-11-20,9:32:30.029309196,T,IBM,F I,11,295.68
2025-11-20,9:32:30.029339174,T,IBM,I,11,295.72
2025-11-20,9:32:30.029405544,T,IBM,F,40,295.85
2025-11-20,9:32:30.029405544,T,IBM,F I,39,295.88
2025-11-20,9:32:30.029501587,T,IBM,I,13,295.72
2025-11-20,9:32:30.030084992,T,IBM,I,21,295.72
2025-11-20,9:32:30.030893941,T,IBM,I,13,295.63
2025-11-20,9:32:30.030896982,T,IBM,I,13,295.63
2025-11-20,9:32:30.030981141,T,IBM,F I,3,295.59
2025-11-20,9:32:30.031769061,T,IBM,,40,295.54
2025-11-20,9:32:30.032030625,T,IBM,I,5,295.54
2025-11-20,9:32:30.032033613,T,IBM,I,35,295.51
2025-11-20,9:32:30.032054728,T,IBM,F I,5,295.51
2025-11-20,9:32:31.010984252,T,IBM,F,40,295.32
2025-11-20,9:32:31.011002834,T,IBM,I,1,295.32
2025-11-20,9:32:31.011041381,T,IBM,I,25,295.39
2025-11-20,9:32:31.011354365,T,IBM,I,10,295.39
2025-11-20,9:32:31.011666857,T,IBM,F,56,295.39
2025-11-20,9:32:31.012028059,T,IBM,I,39,295.39
2025-11-20,9:32:31.013681653,T,IBM,F I,7,295.39
2025-11-20,9:32:31.029418065,T,IBM,F I,1,295.38
2025-11-20,9:32:31.077676954,T,IBM,I,30,295.3
2025-11-20,9:32:32.785562920,T,IBM,,40,295.295
2025-11-20,9:32:34.446284470,T,IBM,F,40,295.02
2025-11-20,9:32:34.446284470,T,IBM,F,40,295.0
2025-11-20,9:32:37.455750134,T,IBM,F,100,294.97
2025-11-20,9:32:37.455750134,T,IBM,F I,25,294.98
2025-11-20,9:32:37.455762082,T,IBM,F I,3,294.98
2025-11-20,9:32:37.455771086,T,IBM,F,272,294.98
2025-11-20,9:32:37.455789040,T,IBM,F I,2,294.99
2025-11-20,9:32:37.455792557,T,IBM,F I,1,294.99
2025-11-20,9:32:37.455796241,T,IBM,F I,10,294.99
2025-11-20,9:32:37.455801221,T,IBM,F,315,295.0
2025-11-20,9:32:37.455801221,T,IBM,F,165,295.0
2025-11-20,9:32:37.455801221,T,IBM,F I,35,295.0
2025-11-20,9:32:37.455804120,T,IBM,F,85,295.0
2025-11-20,9:32:37.456595048,T,IBM,,40,295.09
2025-11-20,9:32:37.456607071,T,IBM,,40,295.09
2025-11-20,9:32:45.947428845,T,IBM,F I,1,295.33
2025-11-20,9:32:45.947451143,T,IBM,I,1,295.33
2025-11-20,9:32:45.947455864,T,IBM,F I,19,295.33
2025-11-20,9:32:45.947455864,T,IBM,F,100,295.33
2025-11-20,9:32:45.947455864,T,IBM,F I,1,295.33
2025-11-20,9:32:45.947480090,T,IBM,F,79,295.33
2025-11-20,9:32:45.947484132,T,IBM,F,41,295.34
2025-11-20,9:32:45.947484132,T,IBM,I,39,295.34
2025-11-20,9:32:45.947489583,T,IBM,,40,295.34
2025-11-20,9:32:47.964901711,T,IBM,F,100,295.33
2025-11-20,9:32:50.012148505,T,IBM,I,10,295.25
2025-11-20,9:32:50.012178546,T,IBM,F I,30,295.25
2025-11-20,9:32:53.010544768,T,IBM,I,1,295.25
2025-11-20,9:32:53.010544768,T,IBM,,100,295.22
2025-11-20,9:32:55.835172085,T,IBM,F,125,295.21
2025-11-20,9:32:55.835232241,T,IBM,F,933,295.25
2025-11-20,9:32:55.835311543,T,IBM,F,67,295.25
2025-11-20,9:32:55.835311543,T,IBM,F I,20,295.25
2025-11-20,9:32:55.835316463,T,IBM,F I,16,295.25
2025-11-20,9:32:55.835319438,T,IBM,F I,10,295.25
2025-11-20,9:32:55.835319438,T,IBM,I,1,295.25
2025-11-20,9:32:55.835322431,T,IBM,,73,295.25
2025-11-20,9:32:55.867264477,T,IBM,,100,295.36
2025-11-20,9:32:55.867267500,T,IBM,,100,295.33
2025-11-20,9:32:55.867267500,T,IBM,,80,295.3
2025-11-20,9:32:55.906998120,T,IBM,,100,295.36
2025-11-20,9:32:55.907013052,T,IBM,F I,20,295.25
2025-11-20,9:32:56.195297430,T,IBM,F I,1,295.49
2025-11-20,9:32:58.638226220,T,IBM,F I,1,295.65
2025-11-20,9:32:58.638268258,T,IBM,F I,1,295.66
2025-11-20,9:33:05.880848460,T,IBM,I,10,295.46
2025-11-20,9:33:08.437480974,T,IBM,F,100,295.39
2025-11-20,9:33:17.677494320,T,IBM,F I,20,295.39
2025-11-20,9:33:17.677497350,T,IBM,F,59,295.4
2025-11-20,9:33:17.677520023,T,IBM,F,501,295.4
2025-11-20,9:33:17.677520023,T,IBM,F I,2,295.4
2025-11-20,9:33:17.677650722,T,IBM,I,6,295.29
2025-11-20,9:33:17.677650722,T,IBM,I,26,295.29
2025-11-20,9:33:17.677677704,T,IBM,I,26,295.29
2025-11-20,9:33:17.677680700,T,IBM,I,6,295.28
2025-11-20,9:33:17.677747438,T,IBM,F I,6,295.4
2025-11-20,9:33:17.677978424,T,IBM,I,27,295.4
2025-11-20,9:33:17.677987426,T,IBM,I,11,295.29
2025-11-20,9:33:22.350868950,T,IBM,F I,1,295.4
2025-11-20,9:33:22.350874936,T,IBM,F I,2,295.4
2025-11-20,9:33:22.350877989,T,IBM,F I,6,295.4
2025-11-20,9:33:22.352047805,T,IBM,,40,295.19
2025-11-20,9:33:33.547685624,T,IBM,I,6,295.0
2025-11-20,9:33:40.301151398,T,IBM,F I,2,295.08
2025-11-20,9:33:40.301181737,T,IBM,F I,30,295.07
2025-11-20,9:33:40.301181737,T,IBM,F I,10,295.12
2025-11-20,9:33:40.301250565,T,IBM,F I,20,295.14
2025-11-20,9:33:40.301253644,T,IBM,F I,20,295.15
2025-11-20,9:33:40.301271652,T,IBM,F I,20,295.15
2025-11-20,9:33:42.145935138,T,IBM,I,10,295.33
2025-11-20,9:33:42.145956526,T,IBM,,40,295.29
2025-11-20,9:33:42.146263666,T,IBM,F,40,295.39
2025-11-20,9:33:48.829301009,T,IBM,F I,30,295.25
2025-11-20,9:33:48.829325164,T,IBM,F,45,295.25
2025-11-20,9:33:48.829589804,T,IBM,F I,2,295.12
2025-11-20,9:33:53.244760792,T,IBM,F,50,294.99
2025-11-20,9:33:53.244778860,T,IBM,I,1,294.99
2025-11-20,9:33:53.244781939,T,IBM,I,9,294.99
2025-11-20,9:33:53.244787805,T,IBM,F,40,295.0
2025-11-20,9:33:53.244791540,T,IBM,F,40,295.0
2025-11-20,9:33:53.244796884,T,IBM,F I,25,295.0
2025-11-20,9:33:53.245509583,T,IBM,,50,295.0
2025-11-20,9:33:56.210207480,T,IBM,F,100,295.21
2025-11-20,9:33:56.210210464,T,IBM,F I,25,295.22
2025-11-20,9:33:56.230093925,T,IBM,F,80,295.29
2025-11-20,9:33:56.230093925,T,IBM,F I,20,295.29
2025-11-20,9:33:56.230096992,T,IBM,F I,7,295.3
2025-11-20,9:33:56.230112340,T,IBM,F I,33,295.3
2025-11-20,9:33:56.230114840,T,IBM,F,67,295.3
2025-11-20,9:34:02.815230835,T,IBM,,40,295.4
2025-11-20,9:34:04.871625276,T,IBM,,40,295.48
2025-11-20,9:34:04.871628291,T,IBM,,45,295.48
2025-11-20,9:34:04.889138976,T,IBM,I,23,295.41
2025-11-20,9:34:04.930731011,T,IBM,F,100,295.36
2025-11-20,9:34:05.126039982,T,IBM,F,125,295.22
2025-11-20,9:34:14.822666198,T,IBM,F I,1,295.13
2025-11-20,9:34:22.908880770,T,IBM,F,40,295.25
2025-11-20,9:34:22.908880770,T,IBM,F I,10,295.25
2025-11-20,9:34:22.908901755,T,IBM,F I,3,295.2
2025-11-20,9:34:25.339615473,T,IBM,F I,5,295.28
2025-11-20,9:34:27.768521897,T,IBM,,100,295.42
2025-11-20,9:34:27.768524856,T,IBM,,40,295.42
2025-11-20,9:34:33.826999931,T,IBM,F,60,295.49
2025-11-20,9:34:33.832364752,T,IBM,I,4,295.64
2025-11-20,9:34:39.802339249,T,IBM,,43,295.39
2025-11-20,9:34:43.864361329,T,IBM,I,5,295.63
2025-11-20,9:34:43.864364313,T,IBM,I,35,295.65
2025-11-20,9:34:43.864953808,T,IBM,I,5,295.65
2025-11-20,9:34:44.224808470,T,IBM,F I,5,295.53
2025-11-20,9:34:58.197196781,T,IBM,F I,20,295.45
2025-11-20,9:34:58.197199795,T,IBM,F I,23,295.46
2025-11-20,9:34:58.197217758,T,IBM,F,45,295.46
2025-11-20,9:34:58.197242424,T,IBM,F,80,295.47
2025-11-20,9:34:58.197756016,T,IBM,F,49,295.49
2025-11-20,9:34:58.197756016,T,IBM,F I,2,295.49
2025-11-20,9:34:58.197777025,T,IBM,F I,27,295.49
2025-11-20,9:34:58.197927453,T,IBM,I,2,295.49
2025-11-20,9:34:58.197981517,T,IBM,,68,295.47
2025-11-20,9:34:58.198113907,T,IBM,I,5,295.445
2025-11-20,9:34:58.198113907,T,IBM,I,30,295.43
2025-11-20,9:34:58.198116835,T,IBM,I,5,295.42
2025-11-20,9:34:58.201950995,T,IBM,,68,295.5
2025-11-20,9:34:58.296604360,T,IBM,,68,295.55
2025-11-20,9:34:58.296622549,T,IBM,I,30,295.51
2025-11-20,9:34:58.296625383,T,IBM,I,5,295.55
2025-11-20,9:34:58.296628341,T,IBM,I,1,295.55
2025-11-20,9:34:58.297304961,T,IBM,,68,295.54
2025-11-20,9:35:00.648852137,T,IBM,F,100,295.51
2025-11-20,9:35:00.772939614,T,IBM,I,2,295.39
2025-11-20,9:35:01.782815798,T,IBM,I,30,295.58
2025-11-20,9:35:01.850058869,T,IBM,F,50,295.635
2025-11-20,9:35:01.926584998,T,IBM,F I,1,295.66
2025-11-20,9:35:02.027688659,T,IBM,F I,1,295.92
2025-11-20,9:35:02.027709768,T,IBM,I,5,295.92
2025-11-20,9:35:02.027983344,T,IBM,F,40,295.99
2025-11-20,9:35:02.027998429,T,IBM,F,40,295.99
2025-11-20,9:35:02.028386341,T,IBM,F,40,296.0
2025-11-20,9:35:05.246323132,T,IBM,F I,6,296.0
2025-11-20,9:35:05.246323132,T,IBM,F I,2,296.0
2025-11-20,9:35:05.246602770,T,IBM,F I,3,296.0
2025-11-20,9:35:06.266955889,T,IBM,F,100,295.92
2025-11-20,9:35:11.988051710,T,IBM,,40,295.845
2025-11-20,9:35:15.621875456,T,IBM,F,40,295.845
2025-11-20,9:35:15.621878490,T,IBM,F I,10,295.83
2025-11-20,9:35:15.621878490,T,IBM,F,75,295.81
2025-11-20,9:35:17.541197722,T,IBM,F I,2,295.97
2025-11-20,9:35:17.541197722,T,IBM,F I,2,295.97
2025-11-20,9:35:17.541284877,T,IBM,I,11,295.92
2025-11-20,9:35:24.307308344,T,IBM,,80,296.06
2025-11-20,9:35:24.307885679,T,IBM,F,40,296.09
2025-11-20,9:35:24.307889063,T,IBM,F,40,296.09
2025-11-20,9:35:24.735684136,T,IBM,F,40,296.105
2025-11-20,9:35:31.771645169,T,IBM,F,40,295.78
2025-11-20,9:35:31.771648163,T,IBM,F I,6,295.77
2025-11-20,9:35:31.772168428,T,IBM,F,40,295.77
2025-11-20,9:35:31.772249597,T,IBM,,40,295.76
2025-11-20,9:35:31.772511240,T,IBM,F,40,295.76
2025-11-20,9:35:31.772607470,T,IBM,F,40,295.76
2025-11-20,9:35:32.205409862,T,IBM,I,30,295.76
2025-11-20,9:35:32.205409862,T,IBM,I,10,295.75
2025-11-20,9:35:33.005795219,T,IBM,I,27,295.83
2025-11-20,9:35:33.005807271,T,IBM,I,3,295.83
2025-11-20,9:35:33.005807271,T,IBM,I,14,295.81
2025-11-20,9:35:43.603218833,T,IBM,F I,30,295.8
2025-11-20,9:35:43.603218833,T,IBM,F I,10,295.74
2025-11-20,9:35:43.603224701,T,IBM,I,30,295.74
2025-11-20,9:35:43.603227765,T,IBM,I,10,295.74
2025-11-20,9:35:43.603227765,T,IBM,I,30,295.74
2025-11-20,9:35:43.604021642,T,IBM,I,8,295.74
2025-11-20,9:35:43.604063727,T,IBM,I,1,295.74
2025-11-20,9:35:43.604373528,T,IBM,F I,1,295.8
2025-11-20,9:35:43.604406586,T,IBM,F I,3,295.76
2025-11-20,9:35:43.604412544,T,IBM,F,70,295.8
2025-11-20,9:35:43.604412544,T,IBM,F,52,295.81
2025-11-20,9:35:43.620140018,T,IBM,I,30,295.79
2025-11-20,9:35:43.620140018,T,IBM,I,10,295.75
2025-11-20,9:35:44.005236826,T,IBM,I,13,295.8
2025-11-20,9:35:44.236271180,T,IBM,F I,1,295.86
2025-11-20,9:35:44.236273826,T,IBM,F I,2,295.86
2025-11-20,9:35:44.236291813,T,IBM,F,118,295.86
2025-11-20,9:35:44.236294793,T,IBM,F,40,295.86
2025-11-20,9:35:44.236297804,T,IBM,F,70,295.86
2025-11-20,9:35:45.921765895,T,IBM,F I,30,295.83
2025-11-20,9:35:45.921768432,T,IBM,F I,13,295.81
2025-11-20,9:35:45.921783493,T,IBM,F I,13,295.81
2025-11-20,9:35:45.921813537,T,IBM,F I,13,295.81
2025-11-20,9:35:45.921822556,T,IBM,F I,1,295.81
2025-11-20,9:35:45.921822556,T,IBM,F I,13,295.8
2025-11-20,9:35:45.922192660,T,IBM,F I,1,295.67
2025-11-20,9:35:45.922195469,T,IBM,F,62,295.63
2025-11-20,9:35:45.922198541,T,IBM,F,42,295.63
2025-11-20,9:35:45.922198541,T,IBM,F I,39,295.63
2025-11-20,9:35:45.922213405,T,IBM,I,1,295.63
2025-11-20,9:35:45.922430703,T,IBM,F,40,295.6
2025-11-20,9:35:45.922432962,T,IBM,F,40,295.6
2025-11-20,9:35:45.922436023,T,IBM,F,100,295.6
2025-11-20,9:35:45.922682791,T,IBM,F,40,295.5
2025-11-20,9:35:45.922682791,T,IBM,F,40,295.5
2025-11-20,9:35:45.922691648,T,IBM,F,125,295.5
2025-11-20,9:35:45.922703563,T,IBM,F,40,295.5
2025-11-20,9:35:45.922706618,T,IBM,F,40,295.5
2025-11-20,9:35:45.922784781,T,IBM,F,40,295.5
2025-11-20,9:35:45.922812290,T,IBM,F,40,295.5
2025-11-20,9:35:45.922812290,T,IBM,F,85,295.5
2025-11-20,9:35:45.922814925,T,IBM,F,40,295.5
2025-11-20,9:35:45.922820938,T,IBM,F,110,295.5
2025-11-20,9:35:45.923070570,T,IBM,F,100,295.4
2025-11-20,9:35:45.923070570,T,IBM,F,75,295.4
2025-11-20,9:35:45.923073490,T,IBM,F I,32,295.38
2025-11-20,9:35:45.923073490,T,IBM,F,351,295.37
2025-11-20,9:35:45.923091934,T,IBM,F,238,295.37
2025-11-20,9:35:45.923095473,T,IBM,F I,2,295.37
2025-11-20,9:35:45.923097714,T,IBM,F,40,295.37
2025-11-20,9:35:45.923100616,T,IBM,F,100,295.37
2025-11-20,9:35:45.923100616,T,IBM,F,80,295.37
2025-11-20,9:35:45.923100616,T,IBM,F I,2,295.37
2025-11-20,9:35:45.923191283,T,IBM,,98,295.37
2025-11-20,9:35:45.923211822,T,IBM,I,1,295.37
2025-11-20,9:35:45.923278386,T,IBM,I,1,295.37
2025-11-20,9:35:45.924450742,T,IBM,I,13,295.36
2025-11-20,9:35:50.302302810,T,IBM,F,100,295.45
2025-11-20,9:35:50.373337860,T,IBM,F I,1,295.52
2025-11-20,9:35:50.373361961,T,IBM,F,99,295.52
2025-11-20,9:35:51.087965197,T,IBM,I,24,295.45
2025-11-20,9:35:51.087968186,T,IBM,I,1,295.445
2025-11-20,9:35:51.087971415,T,IBM,I,15,295.445
2025-11-20,9:35:51.211938327,T,IBM,I,2,295.5
2025-11-20,9:35:51.940073723,T,IBM,F,100,295.5
2025-11-20,9:36:06.298283429,T,IBM,F I,1,295.55
2025-11-20,9:36:06.298283429,T,IBM,F I,2,295.55
2025-11-20,9:36:06.298800670,T,IBM,,40,295.6
2025-11-20,9:36:06.302932493,T,IBM,F I,1,295.61
2025-11-20,9:36:06.302989596,T,IBM,F I,1,295.66
2025-11-20,9:36:08.252098428,T,IBM,F I,3,295.67
2025-11-20,9:36:08.252098428,T,IBM,F,40,295.67
2025-11-20,9:36:08.252100781,T,IBM,F,45,295.67
2025-11-20,9:36:08.252115731,T,IBM,F I,25,295.67
2025-11-20,9:36:08.252419473,T,IBM,,75,295.75
2025-11-20,9:36:08.252419473,T,IBM,,300,295.75
2025-11-20,9:36:08.252422556,T,IBM,,100,295.76
2025-11-20,9:36:08.252425480,T,IBM,I,6,295.78
2025-11-20,9:36:12.117917915,T,IBM,F I,20,295.78
2025-11-20,9:36:12.117917915,T,IBM,F,100,295.78
2025-11-20,9:36:12.117923782,T,IBM,F,40,295.78
2025-11-20,9:36:12.117951518,T,IBM,F,40,295.79
2025-11-20,9:36:12.117951518,T,IBM,F,40,295.79
2025-11-20,9:36:12.117956869,T,IBM,F,80,295.79
2025-11-20,9:36:12.117999325,T,IBM,F,85,295.8
2025-11-20,9:36:12.117999325,T,IBM,F,100,295.79
2025-11-20,9:36:12.118001944,T,IBM,F,125,295.8
2025-11-20,9:36:12.118017093,T,IBM,F,125,295.8
2025-11-20,9:36:12.118031972,T,IBM,F I,25,295.8
2025-11-20,9:36:12.118031972,T,IBM,F I,1,295.8
2025-11-20,9:36:12.118053391,T,IBM,I,6,295.78
2025-11-20,9:36:12.118053391,T,IBM,I,6,295.78
2025-11-20,9:36:12.118714671,T,IBM,F,160,295.8
2025-11-20,9:36:12.119024338,T,IBM,I,4,295.88
2025-11-20,9:36:12.256388448,T,IBM,F,120,295.88
2025-11-20,9:36:12.256409487,T,IBM,I,1,295.88
2025-11-20,9:36:12.256409487,T,IBM,I,27,295.88
2025-11-20,9:36:12.256442540,T,IBM,,100,295.88
2025-11-20,9:36:12.256556810,T,IBM,,100,295.87
2025-11-20,9:36:12.257055985,T,IBM,I,2,295.95
2025-11-20,9:36:12.865425292,T,IBM,F I,30,295.93
2025-11-20,9:36:12.865425292,T,IBM,F I,7,295.97
2025-11-20,9:36:12.865798134,T,IBM,F I,1,295.99
2025-11-20,9:36:12.866098922,T,IBM,F I,8,295.99
2025-11-20,9:36:12.866098922,T,IBM,F I,32,295.99
2025-11-20,9:36:12.866107956,T,IBM,,100,295.98
2025-11-20,9:36:12.866110948,T,IBM,I,8,295.93
2025-11-20,9:36:16.644533942,T,IBM,F I,16,295.88
2025-11-20,9:36:16.645003042,T,IBM,F I,11,295.85
2025-11-20,9:36:16.645105262,T,IBM,F,40,295.79
2025-11-20,9:36:16.645282745,T,IBM,F I,8,295.75
2025-11-20,9:36:16.645324823,T,IBM,F,40,295.72
2025-11-20,9:36:16.645538349,T,IBM,I,8,295.79
2025-11-20,9:36:16.645541959,T,IBM,I,8,295.79
2025-11-20,9:36:16.645541959,T,IBM,I,8,295.79
2025-11-20,9:36:16.645544341,T,IBM,I,16,295.8
2025-11-20,9:36:16.645679638,T,IBM,F I,20,295.72
2025-11-20,9:36:16.645731309,T,IBM,F,40,295.72
2025-11-20,9:36:16.645751790,T,IBM,I,7,295.75
2025-11-20,9:36:16.645812791,T,IBM,F I,7,295.75
2025-11-20,9:36:16.646211895,T,IBM,I,5,295.73
2025-11-20,9:36:16.646446497,T,IBM,F I,12,295.67
2025-11-20,9:36:16.646576011,T,IBM,I,1,295.73
2025-11-20,9:36:16.646576011,T,IBM,I,13,295.73
2025-11-20,9:36:16.646684013,T,IBM,I,6,295.73
2025-11-20,9:36:16.649348448,T,IBM,,40,295.74
2025-11-20,9:36:16.649664297,T,IBM,F I,2,295.71
2025-11-20,9:36:16.649667500,T,IBM,F I,5,295.71
2025-11-20,9:36:16.649667500,T,IBM,F I,7,295.71
2025-11-20,9:36:16.649730257,T,IBM,I,5,295.74
2025-11-20,9:36:16.649736526,T,IBM,I,30,295.74
2025-11-20,9:36:16.649736526,T,IBM,,80,295.77
2025-11-20,9:36:16.649739279,T,IBM,I,1,295.78
2025-11-20,9:36:21.433473634,T,IBM,I,2,295.99
2025-11-20,9:36:21.433473634,T,IBM,I,7,295.99
2025-11-20,9:36:21.434273444,T,IBM,F I,2,296.09
2025-11-20,9:36:21.732550622,T,IBM,,40,296.03
2025-11-20,9:36:22.007263523,T,IBM,F I,30,296.07
2025-11-20,9:36:22.007267414,T,IBM,F,70,296.09
2025-11-20,9:36:22.007267414,T,IBM,F,40,296.12
2025-11-20,9:36:22.007272552,T,IBM,F,60,296.13
2025-11-20,9:36:22.007360158,T,IBM,F,200,296.17
2025-11-20,9:36:22.007362796,T,IBM,F,70,296.17
2025-11-20,9:36:22.009281359,T,IBM,F,40,296.21
2025-11-20,9:36:22.010021087,T,IBM,I,30,296.18
2025-11-20,9:36:22.014736323,T,IBM,I,30,296.17
2025-11-20,9:36:23.132325977,T,IBM,I,10,296.1
2025-11-20,9:36:23.132328945,T,IBM,I,30,296.1
2025-11-20,9:36:23.132353596,T,IBM,F I,10,296.1
2025-11-20,9:36:23.132356004,T,IBM,F,40,296.09
2025-11-20,9:36:23.132358954,T,IBM,F,40,296.09
2025-11-20,9:36:23.132361984,T,IBM,F I,30,296.09
2025-11-20,9:36:23.132377046,T,IBM,F I,10,296.09
2025-11-20,9:36:26.651342490,T,IBM,F,40,296.09
2025-11-20,9:36:26.651345463,T,IBM,F,40,296.09
2025-11-20,9:36:26.651345463,T,IBM,F I,1,296.09
2025-11-20,9:36:26.651348443,T,IBM,F I,39,296.09
2025-11-20,9:36:26.651363494,T,IBM,,41,296.09
2025-11-20,9:36:26.651727349,T,IBM,I,1,296.1
2025-11-20,9:36:26.652184482,T,IBM,,40,296.14
2025-11-20,9:36:35.529738603,T,IBM,F I,2,296.09
2025-11-20,9:36:39.056573728,T,IBM,F,75,296.2
2025-11-20,9:36:39.056573728,T,IBM,F,45,296.22
2025-11-20,9:36:40.583910253,T,IBM,F I,26,296.27
2025-11-20,9:36:40.583913853,T,IBM,F,40,296.27
2025-11-20,9:36:40.583915736,T,IBM,F,40,296.27
2025-11-20,9:36:40.583918780,T,IBM,F,70,296.27
2025-11-20,9:36:41.166504719,T,IBM,I,3,296.33
2025-11-20,9:36:41.166652078,T,IBM,,42,296.33
2025-11-20,9:36:41.166682108,T,IBM,I,2,296.34
2025-11-20,9:36:41.166682108,T,IBM,I,1,296.34
2025-11-20,9:36:41.585621907,T,IBM,,70,296.32
2025-11-20,9:36:41.585624867,T,IBM,,45,296.39
2025-11-20,9:36:41.585627459,T,IBM,I,25,296.39
2025-11-20,9:36:41.890718798,T,IBM,I,20,296.39
2025-11-20,9:36:46.852976080,T,IBM,F,40,296.4
2025-11-20,9:36:46.852979114,T,IBM,F,54,296.4
2025-11-20,9:36:46.852982126,T,IBM,,40,296.4
2025-11-20,9:36:46.852985110,T,IBM,F,40,296.41
2025-11-20,9:36:46.853171570,T,IBM,F I,16,296.41
2025-11-20,9:36:46.853400077,T,IBM,F I,24,296.41
2025-11-20,9:36:46.853755590,T,IBM,I,15,296.47
2025-11-20,9:36:46.853824070,T,IBM,F,100,296.48
2025-11-20,9:36:46.853866211,T,IBM,F,75,296.45
2025-11-20,9:36:46.854088749,T,IBM,,80,296.5
2025-11-20,9:36:46.854131006,T,IBM,F I,6,296.47
2025-11-20,9:36:46.854134318,T,IBM,F I,3,296.45
2025-11-20,9:36:48.739451031,T,IBM,F,43,296.41
2025-11-20,9:36:48.739475893,T,IBM,F,57,296.41
2025-11-20,9:36:48.739478407,T,IBM,F,40,296.43
2025-11-20,9:36:48.739478407,T,IBM,F I,3,296.43
2025-11-20,9:36:48.740305149,T,IBM,I,10,296.47
2025-11-20,9:36:48.740374270,T,IBM,I,30,296.47
2025-11-20,9:36:49.288107216,T,IBM,F,100,296.51
2025-11-20,9:36:49.288107216,T,IBM,F I,25,296.48
2025-11-20,9:36:51.858022279,T,IBM,,100,296.49
2025-11-20,9:36:51.858160608,T,IBM,I,6,296.5
2025-11-20,9:36:51.858163546,T,IBM,I,1,296.5
2025-11-20,9:36:53.796954083,T,IBM,F,61,296.6
2025-11-20,9:36:53.796957112,T,IBM,F,40,296.6
2025-11-20,9:36:55.627715513,T,IBM,F I,17,296.69
2025-11-20,9:36:55.627718525,T,IBM,F,80,296.69
2025-11-20,9:36:55.627718525,T,IBM,F I,2,296.69
2025-11-20,9:36:55.627736826,T,IBM,F,41,296.69
2025-11-20,9:36:55.627736826,T,IBM,F,40,296.69
2025-11-20,9:37:02.097650892,T,IBM,I,2,296.8
2025-11-20,9:37:02.114921025,T,IBM,I,28,296.73
2025-11-20,9:37:04.631263570,T,IBM,F,40,296.82
2025-11-20,9:37:04.631600376,T,IBM,I,3,296.83
2025-11-20,9:37:04.632066483,T,IBM,F I,2,296.9
2025-11-20,9:37:04.654298347,T,IBM,F I,30,297.0
2025-11-20,9:37:06.820256308,T,IBM,I,10,297.1
2025-11-20,9:37:06.820258848,T,IBM,,70,297.14
2025-11-20,9:37:06.887465757,T,IBM,,40,297.17
2025-11-20,9:37:06.887468777,T,IBM,,82,297.17
2025-11-20,9:37:06.988019727,T,IBM,F I,10,297.14
2025-11-20,9:37:06.988025217,T,IBM,F,40,297.12
2025-11-20,9:37:06.988672231,T,IBM,F,40,297.06
2025-11-20,9:37:06.988672231,T,IBM,F I,6,297.06
2025-11-20,9:37:06.988674766,T,IBM,F I,1,297.06
2025-11-20,9:37:08.234513640,T,IBM,F,40,297.23
2025-11-20,9:37:08.234531681,T,IBM,I,1,297.23
2025-11-20,9:37:08.234543600,T,IBM,I,1,297.23
2025-11-20,9:37:11.455217180,T,IBM,F I,20,297.39
2025-11-20,9:37:11.455217180,T,IBM,F I,20,297.4
2025-11-20,9:37:11.455310324,T,IBM,F,60,297.4
2025-11-20,9:37:11.455310324,T,IBM,F,46,297.4
2025-11-20,9:37:11.455686055,T,IBM,,40,297.45
2025-11-20,9:37:11.461008623,T,IBM,,40,297.45
2025-11-20,9:37:11.461024428,T,IBM,I,13,297.37
2025-11-20,9:37:11.461029726,T,IBM,I,26,297.37
2025-11-20,9:37:13.345784618,T,IBM,,40,297.35
2025-11-20,9:37:13.345805649,T,IBM,F,40,297.34
2025-11-20,9:37:13.346259771,T,IBM,F I,1,297.33
2025-11-20,9:37:13.346262949,T,IBM,F I,4,297.33
2025-11-20,9:37:13.346262949,T,IBM,F I,34,297.33
2025-11-20,9:37:13.346377085,T,IBM,F,40,297.32
2025-11-20,9:37:13.346455213,T,IBM,F I,17,297.38
2025-11-20,9:37:15.137351403,T,IBM,F I,18,297.46
2025-11-20,9:37:15.137368657,T,IBM,F I,20,297.49
2025-11-20,9:37:15.137371762,T,IBM,F,100,297.5
2025-11-20,9:37:15.137392760,T,IBM,I,1,297.5
2025-11-20,9:37:15.137395745,T,IBM,I,19,297.5
2025-11-20,9:37:16.116773336,T,IBM,,240,297.7
2025-11-20,9:37:16.116800359,T,IBM,F,73,297.74
2025-11-20,9:37:16.116800359,T,IBM,F I,7,297.74
2025-11-20,9:37:16.116816009,T,IBM,F,52,297.77
2025-11-20,9:37:16.116816009,T,IBM,F I,28,297.78
2025-11-20,9:37:16.116842521,T,IBM,I,5,297.75
2025-11-20,9:37:16.116863491,T,IBM,F,52,297.78
2025-11-20,9:37:16.117125192,T,IBM,F I,3,297.88
2025-11-20,9:37:16.117786762,T,IBM,I,14,297.84
2025-11-20,9:37:16.120046019,T,IBM,,80,297.88
2025-11-20,9:37:16.120051051,T,IBM,,40,297.88
2025-11-20,9:37:16.422827000,T,IBM,I,20,297.99
2025-11-20,9:37:16.422829958,T,IBM,,177,298.0
2025-11-20,9:37:16.466115101,T,IBM,,75,298.09
2025-11-20,9:37:16.466115101,T,IBM,I,25,298.04
2025-11-20,9:37:16.466142441,T,IBM,F,75,298.04
2025-11-20,9:37:16.466142441,T,IBM,F,50,298.02
2025-11-20,9:37:16.466196113,T,IBM,F,50,298.02
2025-11-20,9:37:16.466235295,T,IBM,F,125,297.98
2025-11-20,9:37:16.466268336,T,IBM,F I,5,297.98
2025-11-20,9:37:16.724601303,T,IBM,I,10,297.86
2025-11-20,9:37:17.089826981,T,IBM,I,5,297.94
2025-11-20,9:37:17.089826981,T,IBM,I,10,297.98
2025-11-20,9:37:17.096042634,T,IBM,I,35,298.0
2025-11-20,9:37:17.435884653,T,IBM,I,5,298.02
2025-11-20,9:37:17.435887623,T,IBM,,100,298.03
2025-11-20,9:37:17.435890950,T,IBM,I,20,298.03
2025-11-20,9:37:17.435890950,T,IBM,I,2,298.03
2025-11-20,9:37:17.639920344,T,IBM,I,9,297.9
2025-11-20,9:37:17.737226140,T,IBM,,40,298.03
2025-11-20,9:37:17.737226140,T,IBM,,40,298.04
2025-11-20,9:37:17.737229002,T,IBM,,45,298.04
2025-11-20,9:37:17.987659142,T,IBM,F I,5,298.02
2025-11-20,9:37:18.737686718,T,IBM,F I,1,298.09
2025-11-20,9:37:18.737692772,T,IBM,I,10,297.94
2025-11-20,9:37:18.737695728,T,IBM,I,3,297.91
2025-11-20,9:37:18.737755905,T,IBM,,40,297.96
2025-11-20,9:37:18.737800944,T,IBM,F I,17,297.9
2025-11-20,9:37:18.737822032,T,IBM,F I,23,297.9
2025-11-20,9:37:18.737885132,T,IBM,I,1,297.89
2025-11-20,9:37:20.362839633,T,IBM,I,6,297.78
2025-11-20,9:37:20.363413995,T,IBM,F I,10,297.74
2025-11-20,9:37:20.363413995,T,IBM,F I,1,297.74
2025-11-20,9:37:20.363940247,T,IBM,F,40,297.71
2025-11-20,9:37:20.363973229,T,IBM,F,40,297.71
2025-11-20,9:37:20.365359552,T,IBM,I,10,297.67
2025-11-20,9:37:23.080345929,T,IBM,I,5,297.62
2025-11-20,9:37:50.906441602,T,IBM,,40,297.57
2025-11-20,9:37:52.540222025,T,IBM,I,15,297.57
2025-11-20,9:37:52.540240138,T,IBM,F I,25,297.57
2025-11-20,9:37:52.540396504,T,IBM,I,19,297.57
2025-11-20,9:37:52.554439924,T,IBM,I,6,297.57
2025-11-20,9:37:56.434146994,T,IBM,F I,10,297.59
2025-11-20,9:37:56.434150091,T,IBM,F I,10,297.59
2025-11-20,9:37:57.883859227,T,IBM,F,40,297.51
2025-11-20,9:37:57.884376517,T,IBM,F I,7,297.51
2025-11-20,9:37:57.885242676,T,IBM,F I,1,297.55
2025-11-20,9:37:57.885251896,T,IBM,F I,7,297.59
2025-11-20,9:37:57.885251896,T,IBM,F I,26,297.59
2025-11-20,9:37:57.885392932,T,IBM,F I,2,297.67
2025-11-20,9:37:57.885392932,T,IBM,F I,20,297.67
2025-11-20,9:37:57.885395901,T,IBM,I,1,297.58
2025-11-20,9:37:57.885413948,T,IBM,F,60,297.67
2025-11-20,9:37:57.885416998,T,IBM,F,40,297.67
2025-11-20,9:37:57.885531200,T,IBM,,41,297.57
2025-11-20,9:37:57.886009709,T,IBM,,40,297.6
2025-11-20,9:37:57.886045468,T,IBM,I,6,297.6
2025-11-20,9:37:58.483673200,T,IBM,I,30,297.6
2025-11-20,9:37:58.483673200,T,IBM,I,10,297.57
2025-11-20,9:37:58.491560983,T,IBM,I,30,297.56
2025-11-20,9:37:58.491560983,T,IBM,I,10,297.55
2025-11-20,9:37:58.491582046,T,IBM,F I,30,297.55
2025-11-20,9:37:58.491582046,T,IBM,F I,30,297.55
2025-11-20,9:38:02.678942593,T,IBM,,40,297.61
2025-11-20,9:38:02.682202456,T,IBM,,40,297.61
2025-11-20,9:38:03.015275357,T,IBM,,100,297.57
2025-11-20,9:38:03.222200937,T,IBM,F,100,297.57
2025-11-20,9:38:03.222203975,T,IBM,F I,10,297.54
2025-11-20,9:38:03.222567828,T,IBM,F,100,297.51
2025-11-20,9:38:03.222570860,T,IBM,F I,20,297.5
2025-11-20,9:38:03.222592047,T,IBM,F,60,297.5
2025-11-20,9:38:03.222615896,T,IBM,F I,2,297.49
2025-11-20,9:38:03.222618958,T,IBM,F I,6,297.47
2025-11-20,9:38:03.222618958,T,IBM,F I,2,297.47
2025-11-20,9:38:03.223109121,T,IBM,,41,297.46
2025-11-20,9:38:03.223184820,T,IBM,F I,39,297.46
2025-11-20,9:38:03.223184820,T,IBM,F I,1,297.42
2025-11-20,9:38:03.223187316,T,IBM,F I,1,297.41
2025-11-20,9:38:03.223199269,T,IBM,F I,39,297.41
2025-11-20,9:38:03.237528364,T,IBM,F I,37,297.27
2025-11-20,9:38:03.238099765,T,IBM,F,40,297.14
2025-11-20,9:38:03.238126820,T,IBM,F,40,297.12
2025-11-20,9:38:03.239086133,T,IBM,I,30,297.18
2025-11-20,9:38:03.239086133,T,IBM,I,10,297.26
2025-11-20,9:38:03.309646054,T,IBM,I,30,297.24
2025-11-20,9:38:03.309658080,T,IBM,I,30,297.26
2025-11-20,9:38:13.852613380,T,IBM,F,100,297.26
2025-11-20,9:38:13.852613380,T,IBM,F I,30,297.27
2025-11-20,9:38:13.852616040,T,IBM,F I,32,297.3
2025-11-20,9:38:13.956459372,T,IBM,I,2,297.35
2025-11-20,9:38:13.956459372,T,IBM,,80,297.35
2025-11-20,9:38:13.956477264,T,IBM,I,1,297.35
2025-11-20,9:38:13.957849277,T,IBM,,40,297.39
2025-11-20,9:38:17.853319199,T,IBM,I,10,297.22
2025-11-20,9:38:17.853325268,T,IBM,I,14,297.22
2025-11-20,9:38:17.853337673,T,IBM,F I,16,297.22
2025-11-20,9:38:18.629620374,T,IBM,,40,297.02
2025-11-20,9:38:18.630251785,T,IBM,F I,8,296.95
2025-11-20,9:38:27.539483556,T,IBM,F I,30,296.86
2025-11-20,9:38:27.539486375,T,IBM,F I,10,296.82
2025-11-20,9:38:28.457788549,T,IBM,F,1000,297.15
2025-11-20,9:38:28.457809613,T,IBM,I,1,297.15
2025-11-20,9:38:28.457821632,T,IBM,F I,39,297.15
2025-11-20,9:38:28.457821632,T,IBM,F I,10,297.15
2025-11-20,9:38:28.457840343,T,IBM,,100,297.15
2025-11-20,9:38:28.593850506,T,IBM,F,100,297.03
2025-11-20,9:38:29.338477146,T,IBM,F,40,296.975
2025-11-20,9:38:29.403368681,T,IBM,F,40,296.97
2025-11-20,9:38:33.281596223,T,IBM,I,1,296.96
2025-11-20,9:38:36.037955160,T,IBM,F I,3,297.07
2025-11-20,9:38:36.038703914,T,IBM,F,100,296.94
2025-11-20,9:38:39.790588884,T,IBM,I,30,296.85
2025-11-20,9:38:39.790588884,T,IBM,I,10,296.84
2025-11-20,9:38:40.615458486,T,IBM,F,100,296.94
2025-11-20,9:38:40.615458486,T,IBM,F,165,296.96
2025-11-20,9:38:40.751358100,T,IBM,,100,296.9
2025-11-20,9:38:40.751358100,T,IBM,I,20,296.89
2025-11-20,9:38:41.194295003,T,IBM,,100,296.83
2025-11-20,9:38:41.194297520,T,IBM,I,28,296.82
2025-11-20,9:38:41.194577460,T,IBM,F,80,296.81
2025-11-20,9:38:41.194577460,T,IBM,F I,6,296.81
2025-11-20,9:38:41.194580167,T,IBM,F I,2,296.81
2025-11-20,9:38:41.194676381,T,IBM,F I,19,296.8
2025-11-20,9:38:41.195831419,T,IBM,F,160,296.8
2025-11-20,9:38:41.195831419,T,IBM,F,40,296.8
2025-11-20,9:38:41.195837234,T,IBM,F,52,296.8
2025-11-20,9:38:41.195837234,T,IBM,F I,28,296.81
2025-11-20,9:38:41.195843948,T,IBM,F I,12,296.81
2025-11-20,9:38:41.195849168,T,IBM,F,40,296.82
2025-11-20,9:38:41.195849168,T,IBM,F,100,296.82
2025-11-20,9:38:44.876533549,T,IBM,I,25,296.76
2025-11-20,9:38:44.876593708,T,IBM,,40,296.75
2025-11-20,9:38:44.928707728,T,IBM,I,22,296.62
2025-11-20,9:38:44.928728880,T,IBM,F I,18,296.62
2025-11-20,9:38:45.704894776,T,IBM,,40,296.57
2025-11-20,9:38:45.704894776,T,IBM,I,18,296.51
2025-11-20,9:38:45.704897751,T,IBM,I,22,296.44
2025-11-20,9:38:45.705333805,T,IBM,F I,2,296.57
2025-11-20,9:38:46.179391227,T,IBM,,100,296.54
2025-11-20,9:38:46.179394280,T,IBM,,100,296.51
2025-11-20,9:38:46.179397291,T,IBM,I,10,296.5
2025-11-20,9:38:46.179397291,T,IBM,,150,296.48
2025-11-20,9:38:46.874931998,T,IBM,,40,296.53
2025-11-20,9:38:46.875235725,T,IBM,F,40,296.49
2025-11-20,9:38:46.875262849,T,IBM,F,60,296.48
2025-11-20,9:38:46.875298931,T,IBM,F I,29,296.47
2025-11-20,9:38:46.875326390,T,IBM,F I,11,296.47
2025-11-20,9:38:46.875326390,T,IBM,F,40,296.47
2025-11-20,9:38:46.875328943,T,IBM,F,240,296.47
2025-11-20,9:38:46.875374123,T,IBM,,100,296.47
2025-11-20,9:38:46.919143318,T,IBM,F,50,296.55
2025-11-20,9:38:54.405348551,T,IBM,F I,1,296.73
2025-11-20,9:38:54.405351230,T,IBM,F I,2,296.74
2025-11-20,9:38:54.405369337,T,IBM,F,120,296.75
2025-11-20,9:38:55.603743550,T,IBM,,40,296.76
2025-11-20,9:38:55.603986690,T,IBM,F I,12,296.82
2025-11-20,9:38:55.604095026,T,IBM,I,5,296.76
2025-11-20,9:38:55.604119047,T,IBM,F,40,296.76
2025-11-20,9:38:55.604254329,T,IBM,I,1,296.79
2025-11-20,9:38:57.905846590,T,IBM,,200,296.75
2025-11-20,9:39:03.843265446,T,IBM,,120,296.64
2025-11-20,9:39:10.739312504,T,IBM,,100,296.61
2025-11-20,9:39:10.739312504,T,IBM,,51,296.61
2025-11-20,9:39:10.739682292,T,IBM,I,10,296.59
2025-11-20,9:39:10.739691307,T,IBM,F I,19,296.59
2025-11-20,9:39:11.044271401,T,IBM,I,15,296.54
2025-11-20,9:39:11.044271401,T,IBM,I,25,296.53
2025-11-20,9:39:11.044869853,T,IBM,F I,2,296.45
2025-11-20,9:39:11.044872913,T,IBM,F I,8,296.45
2025-11-20,9:39:11.044875938,T,IBM,F I,32,296.45
2025-11-20,9:39:15.059878191,T,IBM,F,120,296.59
2025-11-20,9:39:15.103205297,T,IBM,F,52,296.55
2025-11-20,9:39:20.393095573,T,IBM,F I,6,296.42
2025-11-20,9:39:20.393669882,T,IBM,F I,21,296.39
2025-11-20,9:39:20.393687984,T,IBM,I,1,296.39
2025-11-20,9:39:20.393700021,T,IBM,I,7,296.39
2025-11-20,9:39:20.393709000,T,IBM,I,9,296.39
2025-11-20,9:39:20.393775179,T,IBM,F I,2,296.39
2025-11-20,9:39:21.799168039,T,IBM,I,3,296.12
2025-11-20,9:39:21.799185984,T,IBM,F I,37,296.12
2025-11-20,9:39:23.730287437,T,IBM,,45,296.1
2025-11-20,9:39:23.730287437,T,IBM,I,30,296.11
2025-11-20,9:39:23.730290160,T,IBM,I,10,296.21
2025-11-20,9:39:24.238662415,T,IBM,F I,30,296.05
2025-11-20,9:39:34.123590758,T,IBM,I,15,296.04
2025-11-20,9:39:34.123593788,T,IBM,I,25,296.03
2025-11-20,9:39:34.124141077,T,IBM,,40,296.02
2025-11-20,9:39:34.124607338,T,IBM,F,40,296.01
2025-11-20,9:39:34.124607338,T,IBM,F I,2,296.01
2025-11-20,9:39:34.125067237,T,IBM,F,40,295.97
2025-11-20,9:39:34.246535513,T,IBM,,80,295.92
2025-11-20,9:39:34.246706843,T,IBM,I,7,295.92
2025-11-20,9:39:34.246992594,T,IBM,F I,37,295.91
2025-11-20,9:39:40.847198198,T,IBM,F I,2,295.84
2025-11-20,9:39:40.847661333,T,IBM,F I,11,295.92
2025-11-20,9:39:40.847670324,T,IBM,F I,1,295.97
2025-11-20,9:39:40.847673289,T,IBM,F I,10,295.97
2025-11-20,9:39:53.896899792,T,IBM,F I,3,295.92
2025-11-20,9:39:53.896905769,T,IBM,F I,3,295.92
2025-11-20,9:39:53.896914767,T,IBM,F I,3,295.92
2025-11-20,9:39:53.896918043,T,IBM,I,3,295.92
2025-11-20,9:39:53.896918043,T,IBM,F I,3,295.92
2025-11-20,9:39:53.896923820,T,IBM,I,3,295.92
2025-11-20,9:39:53.896932826,T,IBM,F,82,295.92
2025-11-20,9:39:53.896932826,T,IBM,F I,1,295.93
2025-11-20,9:39:53.896935925,T,IBM,F I,2,295.93
2025-11-20,9:39:56.324053064,T,IBM,F I,35,295.93
2025-11-20,9:39:56.324068358,T,IBM,F,65,295.93
2025-11-20,9:39:56.324068358,T,IBM,F,175,295.94
2025-11-20,9:39:56.324107124,T,IBM,F I,35,295.96
2025-11-20,9:39:56.324768653,T,IBM,F I,11,296.09
2025-11-20,9:39:56.327303660,T,IBM,F,40,296.11
2025-11-20,9:39:56.327351815,T,IBM,F,40,296.11
2025-11-20,9:39:56.327354863,T,IBM,F I,10,296.11
2025-11-20,9:39:56.374164280,T,IBM,,100,296.06
2025-11-20,9:39:56.374179434,T,IBM,,100,296.02
2025-11-20,9:40:00.786075444,T,IBM,I,15,296.13
2025-11-20,9:40:00.786090509,T,IBM,F I,15,296.13
2025-11-20,9:40:00.786093552,T,IBM,I,29,296.13
2025-11-20,9:40:00.787561048,T,IBM,I,23,296.21
2025-11-20,9:40:00.787564254,T,IBM,I,6,296.16
2025-11-20,9:40:00.788228633,T,IBM,,40,296.05
2025-11-20,9:40:00.788520277,T,IBM,F I,1,296.05
2025-11-20,9:40:00.951806060,T,IBM,I,2,296.05
2025-11-20,9:40:01.248236684,T,IBM,I,2,296.04
2025-11-20,9:40:15.143196695,T,IBM,F I,2,295.8
2025-11-20,9:40:15.143341069,T,IBM,F,125,295.8
2025-11-20,9:40:15.143356530,T,IBM,F,40,295.8
2025-11-20,9:40:15.143590594,T,IBM,F,125,295.8
2025-11-20,9:40:15.143846235,T,IBM,I,4,295.86
2025-11-20,9:40:15.143963563,T,IBM,F,125,295.8
2025-11-20,9:40:15.145596467,T,IBM,I,15,295.85
2025-11-20,9:40:15.145620447,T,IBM,F,81,295.85
2025-11-20,9:40:15.146221914,T,IBM,I,4,295.86
2025-11-20,9:40:17.417652340,T,IBM,I,4,295.905
2025-11-20,9:40:17.481945481,T,IBM,,40,295.905
2025-11-20,9:40:17.482285196,T,IBM,F I,30,295.95
2025-11-20,9:40:17.482420553,T,IBM,I,12,295.95
2025-11-20,9:40:17.482579975,T,IBM,,52,295.95
2025-11-20,9:40:17.482755002,T,IBM,F,80,296.04
2025-11-20,9:40:17.482757414,T,IBM,,55,295.95
2025-11-20,9:40:17.482782257,T,IBM,F I,1,296.05
2025-11-20,9:40:17.482817996,T,IBM,I,2,295.97
2025-11-20,9:40:17.482820608,T,IBM,I,17,295.97
2025-11-20,9:40:22.234874480,T,IBM,F,103,296.05
2025-11-20,9:40:22.235051826,T,IBM,,120,296.05
2025-11-20,9:40:22.235455420,T,IBM,F I,17,296.05
2025-11-20,9:40:22.235455420,T,IBM,F,86,296.07
2025-11-20,9:40:22.235457848,T,IBM,F I,17,296.07
2025-11-20,9:40:22.236017249,T,IBM,F,100,296.06
2025-11-20,9:40:22.236017249,T,IBM,F I,25,296.05
2025-11-20,9:40:22.236074431,T,IBM,F,75,296.05
2025-11-20,9:40:22.236113371,T,IBM,F,75,296.0
2025-11-20,9:40:22.426731213,T,IBM,F,100,296.09
2025-11-20,9:40:30.352246021,T,IBM,,40,296.05
2025-11-20,9:40:35.754330457,T,IBM,I,2,296.05
2025-11-20,9:40:35.756093478,T,IBM,F,40,295.96
2025-11-20,9:40:35.756095578,T,IBM,F I,15,295.96
2025-11-20,9:40:39.784452654,T,IBM,I,2,295.96
2025-11-20,9:40:39.784467653,T,IBM,F I,33,295.96
2025-11-20,9:40:40.216972287,T,IBM,F I,2,296.01
2025-11-20,9:40:40.216991179,T,IBM,F,98,296.01
2025-11-20,9:40:40.216993721,T,IBM,F I,10,296.03
2025-11-20,9:40:40.216996335,T,IBM,F I,2,296.04
2025-11-20,9:40:40.216999404,T,IBM,F,140,296.04
2025-11-20,9:40:41.554523538,T,IBM,I,3,295.97
2025-11-20,9:40:41.863100075,T,IBM,F,40,296.08
2025-11-20,9:40:41.863115180,T,IBM,F,40,296.08
2025-11-20,9:40:41.863124778,T,IBM,F,40,296.08
2025-11-20,9:40:41.863127236,T,IBM,F,40,296.08
2025-11-20,9:40:41.863139280,T,IBM,F I,7,296.09
2025-11-20,9:40:41.863154207,T,IBM,F I,33,296.09
2025-11-20,9:40:41.863196421,T,IBM,F,40,296.1
2025-11-20,9:40:41.863208432,T,IBM,F I,2,296.11
2025-11-20,9:40:41.863211420,T,IBM,F I,5,296.11
2025-11-20,9:40:41.863220421,T,IBM,F I,10,296.13
2025-11-20,9:40:41.863265518,T,IBM,F I,2,296.14
2025-11-20,9:40:46.019514071,T,IBM,,100,296.26
2025-11-20,9:40:46.019517251,T,IBM,I,29,296.26
2025-11-20,9:40:46.020247771,T,IBM,F,75,296.25
2025-11-20,9:40:49.222565347,T,IBM,F,75,296.2
2025-11-20,9:40:54.990630131,T,IBM,F I,6,296.2
2025-11-20,9:40:54.990630131,T,IBM,F I,28,296.2
2025-11-20,9:40:57.707601134,T,IBM,I,1,296.14
2025-11-20,9:41:06.210066375,T,IBM,I,1,296.23
2025-11-20,9:41:17.134082401,T,IBM,F I,2,296.305
2025-11-20,9:41:19.521802639,T,IBM,F,40,296.2
2025-11-20,9:41:19.521805655,T,IBM,F I,12,296.2
2025-11-20,9:41:19.521805655,T,IBM,F I,15,296.2
2025-11-20,9:41:21.211603464,T,IBM,F,40,296.13
2025-11-20,9:41:21.211886181,T,IBM,F I,26,296.12
2025-11-20,9:41:21.211895203,T,IBM,F I,14,296.12
2025-11-20,9:41:21.211898173,T,IBM,F I,22,296.12
2025-11-20,9:41:27.541459541,T,IBM,F,40,296.02
2025-11-20,9:41:27.541985757,T,IBM,F,40,296.02
2025-11-20,9:41:27.543501328,T,IBM,F,40,295.99
2025-11-20,9:41:27.561258658,T,IBM,F,97,295.88
2025-11-20,9:41:27.593011237,T,IBM,F I,2,295.99
2025-11-20,9:41:27.633550804,T,IBM,F,100,296.08
2025-11-20,9:41:29.490603746,T,IBM,F,62,296.06
2025-11-20,9:41:30.052641700,T,IBM,F I,30,296.12
2025-11-20,9:41:30.052659749,T,IBM,F I,30,296.13
2025-11-20,9:41:30.052719927,T,IBM,I,25,296.12
2025-11-20,9:41:30.053147318,T,IBM,I,30,296.07
2025-11-20,9:41:30.053147318,T,IBM,I,11,296.05
2025-11-20,9:41:32.960889171,T,IBM,F I,28,296.09
2025-11-20,9:41:32.961186881,T,IBM,I,6,296.08
2025-11-20,9:41:32.961346310,T,IBM,F I,1,296.06
2025-11-20,9:41:32.961367343,T,IBM,F I,1,296.03
2025-11-20,9:41:40.016063025,T,IBM,I,2,295.93
2025-11-20,9:41:40.018276299,T,IBM,F,110,296.01
2025-11-20,9:41:40.022744899,T,IBM,F,125,296.0
2025-11-20,9:41:40.023018744,T,IBM,F,125,296.0
2025-11-20,9:41:40.023274228,T,IBM,F,50,296.0
2025-11-20,9:41:40.028181931,T,IBM,F I,2,295.96
2025-11-20,9:41:40.086229066,T,IBM,I,13,296.045
2025-11-20,9:41:48.566793160,T,IBM,F,45,295.99
2025-11-20,9:41:48.571628701,T,IBM,F,40,295.95
2025-11-20,9:41:48.571628701,T,IBM,F,40,295.93
2025-11-20,9:41:48.571646779,T,IBM,I,1,295.93
2025-11-20,9:41:48.571652884,T,IBM,I,39,295.93
2025-11-20,9:41:48.571656307,T,IBM,,40,295.93
2025-11-20,9:41:48.571656307,T,IBM,I,4,295.93
2025-11-20,9:41:48.571659093,T,IBM,I,9,295.93
2025-11-20,9:41:48.571662557,T,IBM,I,19,295.93
2025-11-20,9:41:48.571662557,T,IBM,I,1,295.93
2025-11-20,9:41:48.571664815,T,IBM,,40,295.93
2025-11-20,9:41:48.571670858,T,IBM,I,32,295.93
2025-11-20,9:41:48.571679866,T,IBM,F I,35,295.93
2025-11-20,9:41:48.572867654,T,IBM,F I,28,295.97
2025-11-20,9:41:48.573151035,T,IBM,F I,1,295.99
2025-11-20,9:41:48.573180446,T,IBM,I,2,295.99
2025-11-20,9:41:48.573637537,T,IBM,F I,1,296.05
2025-11-20,9:41:48.573707342,T,IBM,F,100,296.05
2025-11-20,9:41:48.573713158,T,IBM,F I,13,296.04
2025-11-20,9:41:48.573959198,T,IBM,F,40,296.01
2025-11-20,9:41:48.574175778,T,IBM,F I,11,295.98
2025-11-20,9:41:48.574768139,T,IBM,F,100,295.97
2025-11-20,9:41:48.574768139,T,IBM,F,75,295.97
2025-11-20,9:41:48.574774286,T,IBM,F,52,295.97
2025-11-20,9:41:48.574774286,T,IBM,F,173,295.98
2025-11-20,9:41:48.574789211,T,IBM,I,1,295.98
2025-11-20,9:41:48.599667436,T,IBM,F,40,295.83
2025-11-20,9:41:48.599670511,T,IBM,F,52,295.83
2025-11-20,9:41:48.599673627,T,IBM,F I,28,295.82
2025-11-20,9:41:48.599676487,T,IBM,F I,12,295.82
2025-11-20,9:41:48.599676487,T,IBM,F,40,295.82
2025-11-20,9:41:48.599890045,T,IBM,F I,3,295.75
2025-11-20,9:41:48.599892944,T,IBM,F,40,295.75
2025-11-20,9:41:48.599904978,T,IBM,F,60,295.75
2025-11-20,9:41:48.599965283,T,IBM,F I,10,295.72
2025-11-20,9:41:48.600016317,T,IBM,I,5,295.73
2025-11-20,9:41:48.600626759,T,IBM,F I,5,295.74
2025-11-20,9:41:48.601751858,T,IBM,I,30,295.69
2025-11-20,9:41:48.601751858,T,IBM,,100,295.73
2025-11-20,9:41:48.601754467,T,IBM,I,30,295.74
2025-11-20,9:41:51.239919907,T,IBM,F,40,295.65
2025-11-20,9:41:51.239922900,T,IBM,F I,23,295.65
2025-11-20,9:42:00.037077745,T,IBM,,40,295.575
2025-11-20,9:42:00.399007407,T,IBM,F I,30,295.63
2025-11-20,9:42:00.399007407,T,IBM,F I,20,295.64
2025-11-20,9:42:00.399010337,T,IBM,F,91,295.65
2025-11-20,9:42:00.399022465,T,IBM,F,50,295.65
2025-11-20,9:42:00.399026068,T,IBM,F,50,295.65
2025-11-20,9:42:00.399028361,T,IBM,I,1,295.65
2025-11-20,9:42:00.399157715,T,IBM,F I,1,295.66
2025-11-20,9:42:00.406880120,T,IBM,F,77,295.59
2025-11-20,9:42:00.406880120,T,IBM,I,4,295.66
2025-11-20,9:42:00.406901507,T,IBM,,40,295.58
2025-11-20,9:42:00.406901507,T,IBM,I,6,295.57
2025-11-20,9:42:00.406904253,T,IBM,I,11,295.57
2025-11-20,9:42:00.406907294,T,IBM,,40,295.57
2025-11-20,9:42:00.406907294,T,IBM,I,5,295.57
2025-11-20,9:42:00.406943588,T,IBM,I,4,295.62
2025-11-20,9:42:00.407027412,T,IBM,I,11,295.62
2025-11-20,9:42:11.918121986,T,IBM,I,3,295.57
2025-11-20,9:42:16.063409344,T,IBM,,55,295.65
2025-11-20,9:42:16.063427427,T,IBM,F I,25,295.65
2025-11-20,9:42:16.063683588,T,IBM,F I,1,295.66
2025-11-20,9:42:16.063911605,T,IBM,F I,4,295.67
2025-11-20,9:42:16.397294204,T,IBM,F,45,295.71
2025-11-20,9:42:16.397294204,T,IBM,F I,30,295.69
2025-11-20,9:42:22.438968138,T,IBM,F I,3,295.65
2025-11-20,9:42:23.966358339,T,IBM,I,28,295.61
2025-11-20,9:42:23.966379817,T,IBM,F I,6,295.6
2025-11-20,9:42:23.966379817,T,IBM,F I,2,295.6
2025-11-20,9:42:23.966385460,T,IBM,F,40,295.6
2025-11-20,9:42:23.966385460,T,IBM,F I,23,295.6
2025-11-20,9:42:24.066626948,T,IBM,F,80,295.51
2025-11-20,9:42:24.066629147,T,IBM,F I,15,295.51
2025-11-20,9:42:36.413178522,T,IBM,F I,9,295.34
2025-11-20,9:42:36.413178522,T,IBM,F I,28,295.33
2025-11-20,9:42:36.413181501,T,IBM,F I,27,295.32
2025-11-20,9:42:36.413611489,T,IBM,F I,1,295.24
2025-11-20,9:42:36.413632714,T,IBM,F,79,295.24
2025-11-20,9:42:36.413635585,T,IBM,F I,19,295.24
2025-11-20,9:42:36.413779920,T,IBM,I,19,295.21
2025-11-20,9:42:36.632147991,T,IBM,F,120,295.23
2025-11-20,9:42:36.632201851,T,IBM,F,40,295.25
2025-11-20,9:42:36.636977221,T,IBM,,40,295.19
2025-11-20,9:42:39.633199177,T,IBM,I,32,295.19
2025-11-20,9:42:53.909126756,T,IBM,I,3,295.31
2025-11-20,9:42:53.909141842,T,IBM,I,3,295.31
2025-11-20,9:42:53.909153923,T,IBM,I,3,295.31
2025-11-20,9:42:53.909189956,T,IBM,I,3,295.32
2025-11-20,9:42:53.909195977,T,IBM,F I,27,295.32
2025-11-20,9:42:53.909298255,T,IBM,F I,3,295.35
2025-11-20,9:42:53.909304225,T,IBM,F I,3,295.36
2025-11-20,9:42:53.909364423,T,IBM,I,33,295.25
2025-11-20,9:42:53.909379449,T,IBM,I,33,295.25
2025-11-20,9:42:53.909454983,T,IBM,I,30,295.28
2025-11-20,9:42:53.909475638,T,IBM,,90,295.25
2025-11-20,9:42:53.909526734,T,IBM,I,1,295.23
2025-11-20,9:42:53.909526734,T,IBM,,40,295.23
2025-11-20,9:42:53.909548360,T,IBM,I,1,295.23
2025-11-20,9:42:53.909622928,T,IBM,,100,295.25
2025-11-20,9:42:53.909626004,T,IBM,I,20,295.24
2025-11-20,9:42:53.909629052,T,IBM,I,25,295.24
2025-11-20,9:42:53.909656022,T,IBM,F,95,295.23
2025-11-20,9:42:53.909656022,T,IBM,F I,1,295.3
2025-11-20,9:42:53.909659100,T,IBM,I,13,295.27
2025-11-20,9:42:53.909662049,T,IBM,I,13,295.22
2025-11-20,9:42:53.909809451,T,IBM,I,5,295.27
2025-11-20,9:42:53.910065083,T,IBM,,40,295.2
2025-11-20,9:42:53.910173883,T,IBM,F I,23,295.31
2025-11-20,9:42:53.910483018,T,IBM,F,40,295.19
2025-11-20,9:42:53.910485998,T,IBM,F,46,295.15
2025-11-20,9:42:53.911096634,T,IBM,I,3,295.19
2025-11-20,9:42:53.966674763,T,IBM,F I,10,295.13
2025-11-20,9:42:53.966677871,T,IBM,F I,25,295.12
2025-11-20,9:42:53.966677871,T,IBM,F,100,295.12
2025-11-20,9:42:53.966680892,T,IBM,F I,1,295.12
2025-11-20,9:42:53.966680892,T,IBM,F,97,295.12
2025-11-20,9:42:53.966695818,T,IBM,F I,3,295.12
2025-11-20,9:42:53.966771026,T,IBM,F,200,295.12
2025-11-20,9:42:53.966792107,T,IBM,I,1,295.12
2025-11-20,9:42:53.966801102,T,IBM,F I,14,295.12
2025-11-20,9:42:53.967189167,T,IBM,F I,1,295.13
2025-11-20,9:42:53.967189167,T,IBM,F I,9,295.13
2025-11-20,9:42:53.967219077,T,IBM,F I,1,295.13
2025-11-20,9:43:03.565607448,T,IBM,F I,5,295.29
2025-11-20,9:43:03.566124520,T,IBM,F I,30,295.28
2025-11-20,9:43:03.566124520,T,IBM,F I,2,295.26
2025-11-20,9:43:03.566142562,T,IBM,F I,1,295.26
2025-11-20,9:43:03.566145563,T,IBM,F I,32,295.26
2025-11-20,9:43:03.566151653,T,IBM,I,32,295.26
2025-11-20,9:43:03.566169660,T,IBM,F I,30,295.26
2025-11-20,9:43:03.566196656,T,IBM,F I,1,295.22
2025-11-20,9:43:03.566389139,T,IBM,I,3,295.22
2025-11-20,9:43:03.566653919,T,IBM,F I,6,295.19
2025-11-20,9:43:03.566759046,T,IBM,F I,39,295.14
2025-11-20,9:43:03.566762105,T,IBM,I,1,295.14
2025-11-20,9:43:03.566765076,T,IBM,I,1,295.14
2025-11-20,9:43:03.567074787,T,IBM,I,32,295.14
2025-11-20,9:43:03.568403946,T,IBM,F I,10,295.14
2025-11-20,9:43:03.568403946,T,IBM,F I,17,295.14
2025-11-20,9:43:03.568406970,T,IBM,F,368,295.14
2025-11-20,9:43:03.568461109,T,IBM,I,18,295.14
2025-11-20,9:43:03.568482116,T,IBM,F,82,295.14
2025-11-20,9:43:03.568488134,T,IBM,F,100,295.14
2025-11-20,9:43:03.568488134,T,IBM,F,100,295.14
2025-11-20,9:43:03.568539279,T,IBM,F I,30,295.14
2025-11-20,9:43:10.021228710,T,IBM,I,12,295.24
2025-11-20,9:43:10.021538452,T,IBM,F,100,295.28
2025-11-20,9:43:51.252137718,T,IBM,F I,1,295.26
2025-11-20,9:43:51.252141397,T,IBM,F I,33,295.25
2025-11-20,9:43:51.252144136,T,IBM,F I,1,295.25
2025-11-20,9:43:51.252146905,T,IBM,F I,6,295.25
2025-11-20,9:43:51.252149686,T,IBM,F I,1,295.25
2025-11-20,9:43:51.252910548,T,IBM,F,100,295.25
2025-11-20,9:43:51.252913573,T,IBM,F I,25,295.25
2025-11-20,9:43:51.252973732,T,IBM,F,50,295.25
2025-11-20,9:43:51.253581188,T,IBM,F I,21,295.27
2025-11-20,9:43:51.253716466,T,IBM,F I,19,295.27
2025-11-20,9:43:51.253719506,T,IBM,I,4,295.3
2025-11-20,9:43:57.894184955,T,IBM,,40,295.305
2025-11-20,9:43:57.894184955,T,IBM,I,30,295.31
2025-11-20,9:43:57.894203048,T,IBM,F,130,295.32
2025-11-20,9:43:57.894960829,T,IBM,F,58,295.32
2025-11-20,9:44:01.657388755,T,IBM,F,100,295.21
2025-11-20,9:44:01.657388755,T,IBM,F,88,295.2
2025-11-20,9:44:01.657391794,T,IBM,F I,25,295.2
2025-11-20,9:44:01.657395161,T,IBM,F,47,295.2
2025-11-20,9:44:01.657395161,T,IBM,F I,28,295.2
2025-11-20,9:44:01.657397818,T,IBM,F,64,295.19
2025-11-20,9:44:01.657425437,T,IBM,I,16,295.19
2025-11-20,9:44:01.657427888,T,IBM,,59,295.19
2025-11-20,9:44:01.658032236,T,IBM,F,40,295.16
2025-11-20,9:44:01.658164649,T,IBM,F I,25,295.14
2025-11-20,9:44:01.658522472,T,IBM,I,15,295.14
2025-11-20,9:44:01.658579605,T,IBM,,40,295.14
2025-11-20,9:44:01.659990331,T,IBM,I,30,295.09
2025-11-20,9:44:01.690738131,T,IBM,I,37,295.09
2025-11-20,9:44:01.691625274,T,IBM,I,3,295.07
2025-11-20,9:44:01.691643285,T,IBM,F I,37,295.07
2025-11-20,9:44:05.435998304,T,IBM,F,80,295.03
2025-11-20,9:44:05.436001284,T,IBM,F I,2,295.03
2025-11-20,9:44:05.436004306,T,IBM,F I,13,295.03
2025-11-20,9:44:12.266967246,T,IBM,,100,294.9
2025-11-20,9:44:12.266991271,T,IBM,,89,294.9
2025-11-20,9:44:22.852127615,T,IBM,F I,26,294.76
2025-11-20,9:44:22.852130881,T,IBM,F,80,294.75
2025-11-20,9:44:22.852133621,T,IBM,F I,10,294.75
2025-11-20,9:44:22.852133621,T,IBM,F I,27,294.75
2025-11-20,9:44:22.852136636,T,IBM,F I,26,294.75
2025-11-20,9:44:22.852175718,T,IBM,,100,294.75
2025-11-20,9:44:22.852199828,T,IBM,F,65,294.74
2025-11-20,9:44:22.852202843,T,IBM,F I,15,294.74
2025-11-20,9:44:22.854163509,T,IBM,I,30,294.61
2025-11-20,9:44:23.424203526,T,IBM,F,40,294.56
2025-11-20,9:44:23.424206561,T,IBM,F I,3,294.56
2025-11-20,9:44:24.463453631,T,IBM,F,80,294.62
2025-11-20,9:44:24.463504713,T,IBM,F I,2,294.67
2025-11-20,9:44:26.075747811,T,IBM,F I,16,294.65
2025-11-20,9:44:26.075750826,T,IBM,F I,10,294.65
2025-11-20,9:44:31.029915853,T,IBM,F I,10,294.5
2025-11-20,9:44:31.029918838,T,IBM,F,50,294.5
2025-11-20,9:44:31.030559317,T,IBM,F I,1,294.43
2025-11-20,9:44:31.030896106,T,IBM,F I,1,294.43
2025-11-20,9:44:39.769582589,T,IBM,F I,2,294.58
2025-11-20,9:44:39.769582589,T,IBM,F I,10,294.59
2025-11-20,9:44:46.164633823,T,IBM,F,80,294.51
2025-11-20,9:44:46.164636867,T,IBM,F I,18,294.51
2025-11-20,9:44:46.164666910,T,IBM,F I,2,294.5
2025-11-20,9:44:46.164666910,T,IBM,F I,10,294.49
2025-11-20,9:44:49.840885535,T,IBM,F I,15,294.23
2025-11-20,9:44:49.840942727,T,IBM,F I,2,294.355
2025-11-20,9:44:49.840957958,T,IBM,F,78,294.355
2025-11-20,9:44:49.840957958,T,IBM,F I,2,294.36
2025-11-20,9:44:49.841240390,T,IBM,F I,2,294.31
2025-11-20,9:44:49.841414822,T,IBM,F,88,294.22
2025-11-20,9:44:49.841784758,T,IBM,F I,6,294.21
2025-11-20,9:44:49.842744077,T,IBM,I,30,294.13
2025-11-20,9:44:49.842747064,T,IBM,,40,294.12
2025-11-20,9:44:49.842747064,T,IBM,I,15,294.12
2025-11-20,9:44:49.881413065,T,IBM,F I,11,293.9
2025-11-20,9:44:49.881587466,T,IBM,F I,5,294.02
2025-11-20,9:44:49.881764880,T,IBM,F I,4,294.01
2025-11-20,9:44:49.881816095,T,IBM,F I,4,293.96
2025-11-20,9:44:49.881819068,T,IBM,F I,8,293.96
2025-11-20,9:44:49.881933641,T,IBM,F I,18,293.96
2025-11-20,9:44:49.881936423,T,IBM,F,40,293.89
2025-11-20,9:44:49.881936423,T,IBM,F,62,293.89
2025-11-20,9:44:49.881957834,T,IBM,I,1,293.89
2025-11-20,9:44:49.884411167,T,IBM,F I,12,293.94
2025-11-20,9:44:49.884600722,T,IBM,F I,4,293.95
2025-11-20,9:44:53.889285344,T,IBM,F I,3,294.14
2025-11-20,9:44:53.889300389,T,IBM,F,107,294.14
2025-11-20,9:44:53.889300389,T,IBM,F I,10,294.17
2025-11-20,9:44:53.889303417,T,IBM,F,99,294.19
2025-11-20,9:44:53.889331079,T,IBM,I,3,294.2
2025-11-20,9:44:53.889333467,T,IBM,I,3,294.2
2025-11-20,9:44:53.889336470,T,IBM,F I,3,294.2
2025-11-20,9:44:53.889375784,T,IBM,F,101,294.2
2025-11-20,9:44:53.889378764,T,IBM,F I,3,294.21
2025-11-20,9:44:53.889378764,T,IBM,F I,21,294.21
2025-11-20,9:44:53.892172241,T,IBM,F,77,294.25
2025-11-20,9:44:54.997510586,T,IBM,,100,294.38
2025-11-20,9:44:54.997745214,T,IBM,F I,1,294.42
2025-11-20,9:44:54.997748312,T,IBM,F,120,294.42
2025-11-20,9:44:54.997748312,T,IBM,F,70,294.42
2025-11-20,9:44:54.997754365,T,IBM,F,50,294.42
2025-11-20,9:44:54.997754365,T,IBM,F,120,294.42
2025-11-20,9:44:54.997763298,T,IBM,F,120,294.42
2025-11-20,9:44:54.997769749,T,IBM,,86,294.38
2025-11-20,9:44:54.997904565,T,IBM,,120,294.38
2025-11-20,9:44:54.998217302,T,IBM,I,6,294.38
2025-11-20,9:44:58.011841621,T,IBM,I,5,294.44
2025-11-20,9:44:58.841219033,T,IBM,F I,24,294.37
2025-11-20,9:45:02.142838981,T,IBM,F,40,294.69
2025-11-20,9:45:05.487130485,T,IBM,F,40,294.55
2025-11-20,9:45:05.487205986,T,IBM,F,160,294.54
2025-11-20,9:45:05.487205986,T,IBM,F I,2,294.54
2025-11-20,9:45:05.487262793,T,IBM,F,100,294.54
2025-11-20,9:45:05.488240639,T,IBM,F,48,294.53
2025-11-20,9:45:23.172003727,T,IBM,F,40,294.4
2025-11-20,9:45:23.172003727,T,IBM,F,40,294.4
2025-11-20,9:45:23.172006892,T,IBM,F I,6,294.4
2025-11-20,9:45:23.172006892,T,IBM,F,52,294.4
2025-11-20,9:45:23.172556901,T,IBM,,43,294.38
2025-11-20,9:45:23.679879655,T,IBM,I,2,294.43
2025-11-20,9:45:23.680839069,T,IBM,F,52,294.54
2025-11-20,9:45:23.680839069,T,IBM,F I,20,294.54
2025-11-20,9:45:23.680841910,T,IBM,F,51,294.54
2025-11-20,9:45:23.680851448,T,IBM,F I,29,294.54
2025-11-20,9:45:23.680854310,T,IBM,F,40,294.55
2025-11-20,9:45:23.680857009,T,IBM,F I,14,294.55
2025-11-20,9:45:23.680872051,T,IBM,I,1,294.55
2025-11-20,9:45:23.680875142,T,IBM,I,3,294.55
2025-11-20,9:45:23.680920116,T,IBM,F I,22,294.55
2025-11-20,9:45:23.681076550,T,IBM,,53,294.56
2025-11-20,9:45:23.681338430,T,IBM,I,20,294.55
2025-11-20,9:45:25.185879854,T,IBM,F I,10,294.53
2025-11-20,9:45:33.942910722,T,IBM,F I,2,294.52
2025-11-20,9:45:33.942913448,T,IBM,F I,3,294.48
2025-11-20,9:45:33.942913448,T,IBM,F I,1,294.48
2025-11-20,9:45:33.942931200,T,IBM,F I,2,294.48
2025-11-20,9:45:33.943418474,T,IBM,F I,31,294.47
2025-11-20,9:45:33.943421315,T,IBM,F I,17,294.47
2025-11-20,9:45:34.333690364,T,IBM,,40,294.43
2025-11-20,9:45:34.333708495,T,IBM,F I,2,294.43
2025-11-20,9:45:34.333708495,T,IBM,F I,1,294.43
2025-11-20,9:45:34.334989541,T,IBM,F,40,294.43
2025-11-20,9:45:34.335912728,T,IBM,F I,5,294.45
2025-11-20,9:45:34.336478107,T,IBM,F I,12,294.51
2025-11-20,9:45:34.336550752,T,IBM,,40,294.51
2025-11-20,9:45:45.681282754,T,IBM,F I,20,294.67
2025-11-20,9:45:45.681282754,T,IBM,F,72,294.68
2025-11-20,9:45:45.681301732,T,IBM,F I,8,294.68
2025-11-20,9:45:45.681303883,T,IBM,F I,12,294.68
2025-11-20,9:45:45.681736855,T,IBM,I,21,294.67
2025-11-20,9:45:45.681736855,T,IBM,I,7,294.67
2025-11-20,9:45:45.681986819,T,IBM,F,40,294.72
2025-11-20,9:45:45.681989521,T,IBM,F I,2,294.72
2025-11-20,9:45:45.682115776,T,IBM,I,17,294.67
2025-11-20,9:45:45.682115776,T,IBM,I,23,294.66
2025-11-20,9:45:45.682290167,T,IBM,,40,294.72
2025-11-20,9:45:45.682290167,T,IBM,I,1,294.72
2025-11-20,9:45:45.682566890,T,IBM,,40,294.72
2025-11-20,9:45:45.682566890,T,IBM,I,20,294.72
2025-11-20,9:45:45.683147266,T,IBM,I,7,294.66
2025-11-20,9:45:45.683153286,T,IBM,F I,20,294.66
2025-11-20,9:45:45.683180297,T,IBM,F I,21,294.66
2025-11-20,9:45:54.631523468,T,IBM,F I,2,294.76
2025-11-20,9:45:54.631525953,T,IBM,F I,1,294.76
2025-11-20,9:46:18.475042558,T,IBM,F I,23,294.75
2025-11-20,9:46:19.425040185,T,IBM,,72,294.75
2025-11-20,9:46:22.117491033,T,IBM,,66,294.74
2025-11-20,9:46:22.183053051,T,IBM,F,40,294.73
2025-11-20,9:46:22.183053051,T,IBM,F I,39,294.73
2025-11-20,9:46:23.043205851,T,IBM,I,1,294.72
2025-11-20,9:46:26.436884285,T,IBM,I,10,294.8
2025-11-20,9:46:26.436886852,T,IBM,I,6,294.8
2025-11-20,9:46:26.436910942,T,IBM,F I,14,294.8
2025-11-20,9:46:26.436913964,T,IBM,F I,2,294.81
2025-11-20,9:46:26.436913964,T,IBM,I,14,294.81
2025-11-20,9:46:49.183686592,T,IBM,I,1,294.96
2025-11-20,9:46:52.013711882,T,IBM,F,40,294.965
2025-11-20,9:46:59.546257087,T,IBM,I,1,295.03
2025-11-20,9:46:59.547120201,T,IBM,I,10,295.065
2025-11-20,9:46:59.547441939,T,IBM,F I,20,295.07
2025-11-20,9:46:59.547760798,T,IBM,I,10,295.12
2025-11-20,9:46:59.547772727,T,IBM,I,10,295.12
2025-11-20,9:46:59.547811806,T,IBM,I,10,295.12
2025-11-20,9:46:59.548238866,T,IBM,I,10,295.13
2025-11-20,9:46:59.548491510,T,IBM,F I,6,295.12
2025-11-20,9:46:59.548506468,T,IBM,F I,5,295.12
2025-11-20,9:46:59.551176886,T,IBM,F I,3,295.03
2025-11-20,9:46:59.551856505,T,IBM,F,40,294.96
2025-11-20,9:47:00.591665908,T,IBM,F I,18,294.91
2025-11-20,9:47:00.591683944,T,IBM,F I,22,294.91
2025-11-20,9:47:00.591765155,T,IBM,,100,294.91
2025-11-20,9:47:00.591765155,T,IBM,,100,294.91
2025-11-20,9:47:00.591819193,T,IBM,I,6,294.9
2025-11-20,9:47:00.591933527,T,IBM,F,40,294.91
2025-11-20,9:47:15.229709790,T,IBM,F,40,294.81
2025-11-20,9:47:15.229713560,T,IBM,F I,10,294.81
2025-11-20,9:47:15.229727984,T,IBM,I,1,294.81
2025-11-20,9:47:15.229727984,T,IBM,I,1,294.81
2025-11-20,9:47:15.229730812,T,IBM,F,50,294.81
2025-11-20,9:47:15.229742868,T,IBM,F,48,294.81
2025-11-20,9:47:15.229769935,T,IBM,F,44,294.78
2025-11-20,9:47:15.237723830,T,IBM,F,100,294.83
2025-11-20,9:47:30.358158093,T,IBM,F I,17,295.03
2025-11-20,9:47:30.358158093,T,IBM,F,58,295.03
2025-11-20,9:47:30.358173765,T,IBM,I,16,295.03
2025-11-20,9:47:30.358176148,T,IBM,F I,10,295.03
2025-11-20,9:47:30.358188316,T,IBM,I,1,295.03
2025-11-20,9:47:30.358203199,T,IBM,F I,1,295.03
2025-11-20,9:47:30.358206231,T,IBM,F,99,295.03
2025-11-20,9:47:30.358206231,T,IBM,F I,10,295.04
2025-11-20,9:47:30.358362606,T,IBM,F I,1,295.06
2025-11-20,9:47:30.358837694,T,IBM,F,100,295.04
2025-11-20,9:47:30.626312526,T,IBM,I,1,295.17
2025-11-20,9:47:50.181031150,T,IBM,F I,5,295.25
2025-11-20,9:47:50.181034139,T,IBM,F I,2,295.24
2025-11-20,9:47:50.181037116,T,IBM,F I,2,295.23
2025-11-20,9:48:02.380017489,T,IBM,F I,10,295.49
2025-11-20,9:48:02.380017489,T,IBM,F I,10,295.49
2025-11-20,9:48:02.380017489,T,IBM,F I,10,295.49
2025-11-20,9:48:02.380019470,T,IBM,F I,30,295.49
2025-11-20,9:48:02.380022491,T,IBM,F,120,295.5
2025-11-20,9:48:02.380025881,T,IBM,F,60,295.51
2025-11-20,9:48:02.380025881,T,IBM,F I,10,295.51
2025-11-20,9:48:02.380028620,T,IBM,F I,10,295.51
2025-11-20,9:48:02.380031514,T,IBM,F,40,295.51
2025-11-20,9:48:02.380383362,T,IBM,,40,295.51
2025-11-20,9:48:02.380687015,T,IBM,F,40,295.51
2025-11-20,9:48:02.380699037,T,IBM,I,30,295.51
2025-11-20,9:48:02.380702045,T,IBM,I,10,295.52
2025-11-20,9:48:02.380723128,T,IBM,I,11,295.52
2025-11-20,9:48:02.381148243,T,IBM,F I,3,295.44
2025-11-20,9:48:02.381198742,T,IBM,F I,9,295.48
2025-11-20,9:48:02.381201381,T,IBM,F I,19,295.52
2025-11-20,9:48:02.381204230,T,IBM,F,40,295.52
2025-11-20,9:48:02.381204230,T,IBM,F,40,295.52
2025-11-20,9:48:02.381207996,T,IBM,F I,2,295.52
2025-11-20,9:48:02.381228300,T,IBM,F I,3,295.44
2025-11-20,9:48:02.673191199,T,IBM,F I,2,295.36
2025-11-20,9:48:02.673191199,T,IBM,F,100,295.39
2025-11-20,9:48:02.673193553,T,IBM,F I,23,295.4
2025-11-20,9:48:11.804290255,T,IBM,F I,1,295.66
2025-11-20,9:48:11.804299232,T,IBM,F I,1,295.66
2025-11-20,9:48:11.804356436,T,IBM,F I,1,295.67
2025-11-20,9:48:13.869303367,T,IBM,,40,295.69
2025-11-20,9:48:13.869351442,T,IBM,F,40,295.71
2025-11-20,9:48:13.892386437,T,IBM,,300,295.75
2025-11-20,9:48:13.892386437,T,IBM,,100,295.73
2025-11-20,9:48:13.892392232,T,IBM,,100,295.72
2025-11-20,9:48:13.892392232,T,IBM,,100,295.71
2025-11-20,9:48:13.892395332,T,IBM,I,13,295.7
2025-11-20,9:48:13.892398586,T,IBM,,40,295.7
2025-11-20,9:48:13.892398586,T,IBM,,300,295.7
2025-11-20,9:48:13.892401449,T,IBM,,75,295.7
2025-11-20,9:48:13.892401449,T,IBM,I,17,295.7
2025-11-20,9:48:13.892407311,T,IBM,I,1,295.71
2025-11-20,9:48:13.892449699,T,IBM,I,17,295.75
2025-11-20,9:48:13.971327194,T,IBM,I,6,295.83
2025-11-20,9:48:30.530831374,T,IBM,F I,3,295.86
2025-11-20,9:48:33.441710125,T,IBM,F,40,295.74
2025-11-20,9:48:33.441725802,T,IBM,I,1,295.74
2025-11-20,9:48:33.441731266,T,IBM,F I,39,295.74
2025-11-20,9:48:33.441734778,T,IBM,F I,1,295.74
2025-11-20,9:48:33.441734778,T,IBM,F,47,295.74
2025-11-20,9:48:33.441737178,T,IBM,F I,20,295.74
2025-11-20,9:48:33.441740238,T,IBM,F I,2,295.74
2025-11-20,9:48:33.441740238,T,IBM,F I,6,295.74
2025-11-20,9:48:33.441782354,T,IBM,,100,295.74
2025-11-20,9:48:33.533936770,T,IBM,F I,4,295.78
2025-11-20,9:48:34.481877463,T,IBM,F,40,295.67
2025-11-20,9:48:34.481904450,T,IBM,F I,35,295.63
2025-11-20,9:48:34.481904450,T,IBM,F,90,295.68
2025-11-20,9:48:37.121516466,T,IBM,F,40,295.55
2025-11-20,9:48:37.121591629,T,IBM,I,34,295.54
2025-11-20,9:48:37.121594610,T,IBM,I,15,295.54
2025-11-20,9:48:38.725126071,T,IBM,F,120,295.64
2025-11-20,9:48:40.992556937,T,IBM,F,45,295.69
2025-11-20,9:48:40.992560084,T,IBM,F,75,295.73
2025-11-20,9:48:43.273841948,T,IBM,F I,10,295.57
2025-11-20,9:48:55.022466132,T,IBM,F I,30,295.6
2025-11-20,9:49:05.116437324,T,IBM,I,30,295.61
2025-11-20,9:49:05.116437324,T,IBM,I,3,295.62
2025-11-20,9:49:05.116464315,T,IBM,F I,35,295.6
2025-11-20,9:49:05.116542555,T,IBM,F,40,295.52
2025-11-20,9:49:05.116735027,T,IBM,F I,10,295.57
2025-11-20,9:49:05.116738007,T,IBM,F I,13,295.57
2025-11-20,9:49:05.116756089,T,IBM,F I,10,295.57
2025-11-20,9:49:05.116921487,T,IBM,F,40,295.56
2025-11-20,9:49:05.117276411,T,IBM,I,22,295.56
2025-11-20,9:49:05.117279280,T,IBM,I,18,295.56
2025-11-20,9:49:05.141724503,T,IBM,F I,6,295.56
2025-11-20,9:49:05.142016146,T,IBM,F,40,295.54
2025-11-20,9:49:05.755013583,T,IBM,F,100,295.58
2025-11-20,9:49:05.755013583,T,IBM,F I,20,295.59
2025-11-20,9:49:08.115500994,T,IBM,F I,20,295.69
2025-11-20,9:49:08.115500994,T,IBM,F I,23,295.69
2025-11-20,9:49:08.115675642,T,IBM,F,40,295.7
2025-11-20,9:49:08.115675642,T,IBM,F I,3,295.7
2025-11-20,9:49:08.116655687,T,IBM,F,40,295.79
2025-11-20,9:49:08.116706859,T,IBM,F,40,295.79
2025-11-20,9:49:08.117563939,T,IBM,F,40,295.81
2025-11-20,9:49:08.119329456,T,IBM,F,40,295.74
2025-11-20,9:49:08.119329456,T,IBM,F,200,295.75
2025-11-20,9:49:08.119332310,T,IBM,F,100,295.75
2025-11-20,9:49:08.119332310,T,IBM,F I,2,295.75
2025-11-20,9:49:08.119335517,T,IBM,F,50,295.75
2025-11-20,9:49:08.119338123,T,IBM,F,48,295.75
2025-11-20,9:49:08.119338123,T,IBM,F I,12,295.75
2025-11-20,9:49:08.119356121,T,IBM,I,14,295.75
2025-11-20,9:49:08.119359127,T,IBM,I,1,295.75
2025-11-20,9:49:08.159080689,T,IBM,F I,25,295.73
2025-11-20,9:49:08.253024395,T,IBM,F I,25,295.75
2025-11-20,9:49:11.709065253,T,IBM,F I,20,295.85
2025-11-20,9:49:11.709065253,T,IBM,F I,5,295.85
2025-11-20,9:49:11.709068015,T,IBM,F,55,295.85
2025-11-20,9:49:18.023064399,T,IBM,F,80,296.04
2025-11-20,9:49:23.932405475,T,IBM,,40,295.91
2025-11-20,9:49:24.101804796,T,IBM,F I,37,296.0
2025-11-20,9:49:26.574600456,T,IBM,F,100,295.87
2025-11-20,9:49:38.481037349,T,IBM,,63,295.74
2025-11-20,9:49:38.481100460,T,IBM,F I,37,295.74
2025-11-20,9:49:38.481103604,T,IBM,F I,6,295.72
2025-11-20,9:49:38.481103604,T,IBM,F I,20,295.72
2025-11-20,9:49:38.481124860,T,IBM,I,1,295.72
2025-11-20,9:49:38.481127667,T,IBM,I,21,295.72
2025-11-20,9:49:38.481130511,T,IBM,I,15,295.72
2025-11-20,9:49:38.481669323,T,IBM,F I,14,295.78
2025-11-20,9:49:38.481690209,T,IBM,F I,26,295.81
2025-11-20,9:49:38.481719914,T,IBM,F I,20,295.82
2025-11-20,9:49:38.481834153,T,IBM,,43,295.78
2025-11-20,9:49:38.481861251,T,IBM,I,1,295.78
2025-11-20,9:49:38.481939807,T,IBM,I,30,295.81
2025-11-20,9:49:38.481939807,T,IBM,,274,295.78
2025-11-20,9:49:38.481942407,T,IBM,I,6,295.78
2025-11-20,9:49:38.481960555,T,IBM,I,8,295.78
2025-11-20,9:49:38.482056785,T,IBM,I,8,295.78
2025-11-20,9:49:38.482062777,T,IBM,F I,4,295.78
2025-11-20,9:49:38.482294328,T,IBM,I,33,295.78
2025-11-20,9:49:38.482411600,T,IBM,I,30,295.79
2025-11-20,9:49:38.482432669,T,IBM,I,10,295.72
2025-11-20,9:49:39.961927773,T,IBM,,40,295.7
2025-11-20,9:49:41.105355256,T,IBM,F I,33,295.56
2025-11-20,9:49:41.105355256,T,IBM,F,40,295.56
2025-11-20,9:49:41.105357855,T,IBM,F,74,295.56
2025-11-20,9:49:41.106106656,T,IBM,F,43,295.47
2025-11-20,9:49:41.770087327,T,IBM,F,40,295.45
2025-11-20,9:49:41.770102362,T,IBM,I,1,295.45
2025-11-20,9:49:41.770123401,T,IBM,F I,39,295.45
2025-11-20,9:49:46.894689214,T,IBM,F I,37,295.44
2025-11-20,9:49:50.992713242,T,IBM,F I,3,295.45
2025-11-20,9:49:52.167029817,T,IBM,F,50,295.36
2025-11-20,9:49:52.167099496,T,IBM,F,50,295.36
2025-11-20,9:49:52.167102094,T,IBM,F,40,295.35
2025-11-20,9:49:52.167104972,T,IBM,F I,10,295.35
2025-11-20,9:49:52.167742441,T,IBM,F,40,295.35
2025-11-20,9:49:52.203278244,T,IBM,,40,295.34
2025-11-20,9:49:53.022148482,T,IBM,F I,20,295.32
2025-11-20,9:50:06.028378799,T,IBM,I,20,295.49
2025-11-20,9:50:06.028381872,T,IBM,,60,295.5
2025-11-20,9:50:06.028396820,T,IBM,F I,20,295.5
2025-11-20,9:50:11.485070344,T,IBM,,40,295.58
2025-11-20,9:50:11.487497085,T,IBM,,40,295.58
2025-11-20,9:50:12.187157724,T,IBM,,40,295.585
2025-11-20,9:50:16.565887889,T,IBM,,40,295.585
2025-11-20,9:50:16.578596105,T,IBM,F I,30,295.55
2025-11-20,9:50:16.578596105,T,IBM,F I,10,295.52
2025-11-20,9:50:16.806644086,T,IBM,,40,295.52
2025-11-20,9:50:23.474916826,T,IBM,,40,295.52
2025-11-20,9:50:23.475376964,T,IBM,,40,295.52
2025-11-20,9:50:23.477746590,T,IBM,F,40,295.51
2025-11-20,9:50:31.334244104,T,IBM,I,38,295.44
2025-11-20,9:50:31.820212978,T,IBM,I,13,295.45
2025-11-20,9:50:31.820212978,T,IBM,I,27,295.45
2025-11-20,9:50:37.027129748,T,IBM,F I,9,295.55
2025-11-20,9:50:39.397480763,T,IBM,,40,295.45
2025-11-20,9:50:41.140096201,T,IBM,F,43,295.57
2025-11-20,9:50:41.140165459,T,IBM,F I,20,295.58
2025-11-20,9:50:41.140168771,T,IBM,F I,3,295.59
2025-11-20,9:50:41.140168771,T,IBM,F I,20,295.59
2025-11-20,9:50:41.140189430,T,IBM,F I,20,295.59
2025-11-20,9:50:41.183639942,T,IBM,,40,295.565
2025-11-20,9:50:41.246688213,T,IBM,F I,20,295.65
2025-11-20,9:50:41.246688213,T,IBM,F I,1,295.66
2025-11-20,9:50:41.246691002,T,IBM,F I,20,295.66
2025-11-20,9:50:41.246694806,T,IBM,I,20,295.66
2025-11-20,9:50:41.246697076,T,IBM,I,21,295.66
2025-11-20,9:50:41.246709092,T,IBM,I,1,295.66
2025-11-20,9:50:41.246739208,T,IBM,F I,18,295.66
2025-11-20,9:50:41.246763140,T,IBM,F,40,295.67
2025-11-20,9:50:41.246763140,T,IBM,F,40,295.67
2025-11-20,9:50:41.493374377,T,IBM,I,6,295.67
2025-11-20,9:50:45.208665259,T,IBM,F I,10,295.88
2025-11-20,9:50:45.209068193,T,IBM,F,80,295.99
2025-11-20,9:50:45.209071201,T,IBM,F,70,296.0
2025-11-20,9:50:45.209113331,T,IBM,F,57,296.0
2025-11-20,9:50:45.213554884,T,IBM,I,23,296.0
2025-11-20,9:50:46.878591580,T,IBM,F,40,295.97
2025-11-20,9:50:46.878642708,T,IBM,F,60,295.98
2025-11-20,9:50:48.166118856,T,IBM,F I,25,295.93
2025-11-20,9:50:48.166125101,T,IBM,F,75,295.93
2025-11-20,9:50:48.166125101,T,IBM,F I,25,295.92
2025-11-20,9:50:48.166128148,T,IBM,F,40,295.91
2025-11-20,9:50:48.166128148,T,IBM,F I,20,295.91
2025-11-20,9:50:48.166131071,T,IBM,F I,37,295.91
2025-11-20,9:50:48.166133881,T,IBM,F I,3,295.91
2025-11-20,9:50:48.166148899,T,IBM,F,46,295.91
2025-11-20,9:50:48.166148899,T,IBM,F I,6,295.91
2025-11-20,9:50:48.166179306,T,IBM,F I,2,295.91
2025-11-20,9:50:48.166179306,T,IBM,F,43,295.91
2025-11-20,9:50:48.166426164,T,IBM,F,53,295.92
2025-11-20,9:50:48.166428550,T,IBM,F,47,295.92
2025-11-20,9:50:48.166458575,T,IBM,F,53,295.91
2025-11-20,9:50:49.813816540,T,IBM,F,100,295.89
2025-11-20,9:50:55.012977629,T,IBM,F I,3,295.91
2025-11-20,9:51:00.934924700,T,IBM,F,80,295.975
2025-11-20,9:51:07.112657723,T,IBM,,100,295.85
2025-11-20,9:51:07.112660693,T,IBM,I,5,295.85
2025-11-20,9:51:07.113295281,T,IBM,,100,295.85
2025-11-20,9:51:07.113529805,T,IBM,,40,295.85
2025-11-20,9:51:07.119643314,T,IBM,F,40,295.84
2025-11-20,9:51:07.119643314,T,IBM,F I,24,295.84
2025-11-20,9:51:07.119664336,T,IBM,I,1,295.84
2025-11-20,9:51:07.119664336,T,IBM,I,2,295.84
2025-11-20,9:51:07.120238781,T,IBM,F I,6,295.83
2025-11-20,9:51:07.120325978,T,IBM,F I,38,295.83
2025-11-20,9:51:09.356112678,T,IBM,,50,295.82
2025-11-20,9:51:09.356548643,T,IBM,F,40,295.82
2025-11-20,9:51:09.357616167,T,IBM,I,10,295.82
2025-11-20,9:51:09.357616167,T,IBM,I,30,295.81
2025-11-20,9:51:09.357634169,T,IBM,F I,10,295.81
2025-11-20,9:51:09.357652218,T,IBM,I,1,295.81
2025-11-20,9:51:09.357658263,T,IBM,I,35,295.81
2025-11-20,9:51:09.357658263,T,IBM,,94,295.81
2025-11-20,9:51:12.133611824,T,IBM,F,100,295.98
2025-11-20,9:51:18.630115589,T,IBM,F,40,295.93
2025-11-20,9:51:31.556544487,T,IBM,F,80,296.04
2025-11-20,9:51:31.556607559,T,IBM,I,19,296.01
2025-11-20,9:51:31.556935847,T,IBM,F I,1,296.07
2025-11-20,9:51:31.557206022,T,IBM,I,6,296.07
2025-11-20,9:51:31.557347326,T,IBM,F I,1,296.07
2025-11-20,9:51:31.557428505,T,IBM,I,4,296.07
2025-11-20,9:51:31.559542796,T,IBM,F I,1,296.1
2025-11-20,9:51:31.616393590,T,IBM,I,20,296.25
2025-11-20,9:51:31.616395861,T,IBM,I,20,296.26
2025-11-20,9:51:31.616456111,T,IBM,I,20,296.26
2025-11-20,9:51:32.584114660,T,IBM,F I,3,296.3
2025-11-20,9:51:52.172405009,T,IBM,F,100,296.33
2025-11-20,9:51:56.951366866,T,IBM,F,100,296.31
2025-11-20,9:51:56.951857089,T,IBM,F,75,296.3
2025-11-20,9:51:56.951863366,T,IBM,I,25,296.3
2025-11-20,9:51:56.951863366,T,IBM,I,20,296.29
2025-11-20,9:51:56.951866458,T,IBM,I,27,296.29
2025-11-20,9:51:56.951869102,T,IBM,I,2,296.29
2025-11-20,9:51:56.951872095,T,IBM,I,15,296.29
2025-11-20,9:51:56.951887114,T,IBM,F I,25,296.29
2025-11-20,9:52:05.710790770,T,IBM,I,4,296.415
2025-11-20,9:52:05.763933289,T,IBM,F I,1,296.53
2025-11-20,9:52:05.763951391,T,IBM,F,50,296.53
2025-11-20,9:52:05.763954543,T,IBM,F,50,296.53
2025-11-20,9:52:05.763957353,T,IBM,F,100,296.53
2025-11-20,9:52:05.764197908,T,IBM,F I,20,296.55
2025-11-20,9:52:07.137038298,T,IBM,F I,20,296.6
2025-11-20,9:52:07.137044194,T,IBM,F I,6,296.61
2025-11-20,9:52:07.137044194,T,IBM,F,80,296.61
2025-11-20,9:52:07.137047140,T,IBM,F,45,296.61
2025-11-20,9:52:07.137062180,T,IBM,F,55,296.61
2025-11-20,9:52:07.140616667,T,IBM,I,30,296.58
2025-11-20,9:52:09.517944152,T,IBM,I,13,296.58
2025-11-20,9:52:09.564188405,T,IBM,F,40,296.51
2025-11-20,9:52:09.564191304,T,IBM,F I,5,296.51
2025-11-20,9:52:09.564194970,T,IBM,F I,6,296.51
2025-11-20,9:52:09.564194970,T,IBM,F,42,296.51
2025-11-20,9:52:09.564197312,T,IBM,F,64,296.51
2025-11-20,9:52:09.564281503,T,IBM,,58,296.57
2025-11-20,9:52:09.564459597,T,IBM,,45,296.54
2025-11-20,9:52:09.564462794,T,IBM,I,7,296.55
2025-11-20,9:52:09.564464911,T,IBM,I,7,296.57
2025-11-20,9:52:09.564546150,T,IBM,F I,1,296.55
2025-11-20,9:52:09.564582497,T,IBM,F I,4,296.53
2025-11-20,9:52:09.564582497,T,IBM,I,1,296.58
2025-11-20,9:52:09.564696659,T,IBM,I,14,296.58
2025-11-20,9:52:09.564798721,T,IBM,I,7,296.55
2025-11-20,9:52:09.564798721,T,IBM,I,5,296.55
2025-11-20,9:52:10.588513788,T,IBM,F I,10,296.51
2025-11-20,9:52:10.588841597,T,IBM,F I,10,296.51
2025-11-20,9:52:10.589082200,T,IBM,I,10,296.51
2025-11-20,9:52:10.589512136,T,IBM,F I,2,296.57
2025-11-20,9:52:10.589515212,T,IBM,F,40,296.57
2025-11-20,9:52:10.589530257,T,IBM,I,10,296.51
2025-11-20,9:52:10.589533728,T,IBM,I,10,296.5
2025-11-20,9:52:10.589536229,T,IBM,,60,296.5
2025-11-20,9:52:10.589593412,T,IBM,F I,18,296.58
2025-11-20,9:52:10.589716631,T,IBM,I,1,296.52
2025-11-20,9:52:10.590883512,T,IBM,,40,296.57
2025-11-20,9:52:10.590907552,T,IBM,I,13,296.57
2025-11-20,9:52:11.098939937,T,IBM,F I,10,296.59
2025-11-20,9:52:11.488069596,T,IBM,F I,20,296.64
2025-11-20,9:52:11.488069596,T,IBM,F I,20,296.65
2025-11-20,9:52:11.488081313,T,IBM,F I,20,296.65
2025-11-20,9:52:14.919354961,T,IBM,F,40,296.58
2025-11-20,9:52:15.183172953,T,IBM,I,9,296.57
2025-11-20,9:52:15.183227055,T,IBM,I,8,296.56
2025-11-20,9:52:18.064518642,T,IBM,F,100,296.52
2025-11-20,9:52:18.064521439,T,IBM,F,40,296.52
2025-11-20,9:52:18.064524377,T,IBM,F,59,296.51
2025-11-20,9:52:18.064524377,T,IBM,F I,21,296.51
2025-11-20,9:52:18.064527505,T,IBM,F I,2,296.51
2025-11-20,9:52:18.064527505,T,IBM,F I,5,296.51
2025-11-20,9:52:18.064530384,T,IBM,F I,32,296.51
2025-11-20,9:52:18.065030137,T,IBM,I,6,296.51
2025-11-20,9:52:18.065030137,T,IBM,I,5,296.5
2025-11-20,9:52:18.065032560,T,IBM,I,29,296.5
2025-11-20,9:52:18.065119752,T,IBM,F I,13,296.51
2025-11-20,9:52:18.065793410,T,IBM,,80,296.52
2025-11-20,9:52:18.066296362,T,IBM,F,120,296.49
2025-11-20,9:52:18.066734609,T,IBM,I,12,296.5
2025-11-20,9:52:18.066761665,T,IBM,,68,296.5
2025-11-20,9:52:18.066764691,T,IBM,I,1,296.5
2025-11-20,9:52:23.347943278,T,IBM,F,100,296.66
2025-11-20,9:52:23.349076925,T,IBM,F,40,296.61
2025-11-20,9:52:23.397389913,T,IBM,,40,296.645
2025-11-20,9:52:30.499129474,T,IBM,F,72,296.59
2025-11-20,9:52:30.499136042,T,IBM,F,80,296.58
2025-11-20,9:52:30.499136042,T,IBM,F I,34,296.57
2025-11-20,9:52:30.499138561,T,IBM,F I,20,296.57
2025-11-20,9:52:30.500028549,T,IBM,F I,22,296.49
2025-11-20,9:52:30.500028549,T,IBM,F I,18,296.47
2025-11-20,9:52:30.500145876,T,IBM,F I,22,296.47
2025-11-20,9:52:30.500245116,T,IBM,I,12,296.49
2025-11-20,9:52:30.500539844,T,IBM,I,5,296.47
2025-11-20,9:52:30.500626994,T,IBM,F I,6,296.475
2025-11-20,9:52:30.500639013,T,IBM,F I,6,296.475
2025-11-20,9:52:30.501072035,T,IBM,,45,296.475
2025-11-20,9:52:30.501138281,T,IBM,,43,296.475
2025-11-20,9:52:30.546651538,T,IBM,F,40,296.39
2025-11-20,9:52:30.546657639,T,IBM,I,37,296.38
2025-11-20,9:52:30.547460467,T,IBM,F I,1,296.29
2025-11-20,9:52:30.547565769,T,IBM,F I,12,296.29
2025-11-20,9:52:30.603974035,T,IBM,F,40,296.24
2025-11-20,9:52:30.604034214,T,IBM,F I,4,296.24
2025-11-20,9:52:45.833336409,T,IBM,F,40,296.22
2025-11-20,9:52:45.833339806,T,IBM,F I,12,296.22
2025-11-20,9:52:45.833342411,T,IBM,F,40,296.22
2025-11-20,9:52:45.833372457,T,IBM,F,40,296.21
2025-11-20,9:52:45.834187379,T,IBM,F I,20,296.17
2025-11-20,9:52:45.838289214,T,IBM,,45,296.15
2025-11-20,9:52:46.130437659,T,IBM,F,40,296.1
2025-11-20,9:52:46.130678274,T,IBM,F,40,296.09
2025-11-20,9:52:46.149692420,T,IBM,I,5,296.11
2025-11-20,9:52:46.149695471,T,IBM,,40,296.11
2025-11-20,9:52:46.182232967,T,IBM,,80,296.13
2025-11-20,9:52:49.275191992,T,IBM,F I,4,296.17
2025-11-20,9:52:53.933930750,T,IBM,F I,4,296.17
2025-11-20,9:52:53.933930750,T,IBM,F I,4,296.17
2025-11-20,9:52:53.933933747,T,IBM,F I,4,296.17
2025-11-20,9:52:53.933945798,T,IBM,F,84,296.17
2025-11-20,9:52:53.933948786,T,IBM,F I,4,296.18
2025-11-20,9:52:53.933952216,T,IBM,F I,3,296.27
2025-11-20,9:52:53.934261473,T,IBM,F,100,296.27
2025-11-20,9:52:53.948737969,T,IBM,,40,296.245
2025-11-20,9:52:53.977105221,T,IBM,I,2,296.245
2025-11-20,9:52:53.977107503,T,IBM,I,18,296.245
2025-11-20,9:52:53.977384230,T,IBM,F I,20,296.21
2025-11-20,9:53:06.591868586,T,IBM,I,10,296.26
2025-11-20,9:53:08.872573011,T,IBM,F I,14,296.17
2025-11-20,9:53:08.872573011,T,IBM,F I,21,296.16
2025-11-20,9:53:09.524528073,T,IBM,I,6,296.39
2025-11-20,9:53:09.524795750,T,IBM,I,6,296.39
2025-11-20,9:53:13.662114131,T,IBM,I,1,296.38
2025-11-20,9:53:14.060063439,T,IBM,I,28,296.38
2025-11-20,9:53:14.060063439,T,IBM,I,12,296.38
2025-11-20,9:53:16.643721116,T,IBM,I,4,296.38
2025-11-20,9:53:18.638820771,T,IBM,,40,296.38
2025-11-20,9:53:18.673839026,T,IBM,,40,296.43
2025-11-20,9:53:20.016361110,T,IBM,I,2,296.41
2025-11-20,9:53:20.016640791,T,IBM,F,100,296.37
2025-11-20,9:53:20.016643764,T,IBM,F I,2,296.36
2025-11-20,9:53:20.016643764,T,IBM,F,140,296.36
2025-11-20,9:53:20.016661770,T,IBM,I,1,296.36
2025-11-20,9:53:20.016686771,T,IBM,I,19,296.36
2025-11-20,9:53:20.016686771,T,IBM,,40,296.36
2025-11-20,9:53:20.016691835,T,IBM,,40,296.36
2025-11-20,9:53:20.016974508,T,IBM,F I,7,296.43
2025-11-20,9:53:20.017885662,T,IBM,F,40,296.45
2025-11-20,9:53:20.017909796,T,IBM,F,60,296.45
2025-11-20,9:53:20.017967793,T,IBM,F,40,296.47
2025-11-20,9:53:20.017967793,T,IBM,F,40,296.47
2025-11-20,9:53:20.017972916,T,IBM,F I,20,296.47
2025-11-20,9:53:20.017972916,T,IBM,F I,20,296.48
2025-11-20,9:53:20.018006259,T,IBM,F I,20,296.48
2025-11-20,9:53:20.018006259,T,IBM,F I,8,296.48
2025-11-20,9:53:20.018011964,T,IBM,F I,32,296.48
2025-11-20,9:53:20.023208874,T,IBM,F I,1,296.6
2025-11-20,9:53:20.023211375,T,IBM,F I,23,296.6
2025-11-20,9:53:20.023232438,T,IBM,F I,37,296.6
2025-11-20,9:53:20.023232438,T,IBM,F,100,296.6
2025-11-20,9:53:23.204132982,T,IBM,I,10,296.64
2025-11-20,9:53:23.463816422,T,IBM,F,100,296.61
2025-11-20,9:53:23.463816422,T,IBM,F,655,296.6
2025-11-20,9:53:23.463825231,T,IBM,F,85,296.6
2025-11-20,9:53:23.463825231,T,IBM,F I,15,296.6
2025-11-20,9:53:23.463894375,T,IBM,,40,296.59
2025-11-20,9:53:23.464535190,T,IBM,F I,4,296.6
2025-11-20,9:53:23.464537906,T,IBM,F I,1,296.6
2025-11-20,9:53:23.464985918,T,IBM,F I,4,296.59
2025-11-20,9:53:23.465034048,T,IBM,I,4,296.59
2025-11-20,9:53:27.465965785,T,IBM,F,40,296.62
2025-11-20,9:53:32.658307013,T,IBM,F I,20,296.67
2025-11-20,9:53:32.658309963,T,IBM,F I,20,296.68
2025-11-20,9:53:32.658354892,T,IBM,I,20,296.68
2025-11-20,9:53:32.658478168,T,IBM,F I,6,296.69
2025-11-20,9:53:33.778443476,T,IBM,F,100,296.71
2025-11-20,9:53:33.778443476,T,IBM,F I,25,296.71
2025-11-20,9:53:33.778738220,T,IBM,F,101,296.71
2025-11-20,9:53:33.781062746,T,IBM,,40,296.7
2025-11-20,9:53:33.781062746,T,IBM,,61,296.7
2025-11-20,9:53:33.786496653,T,IBM,F I,14,296.7
2025-11-20,9:53:33.941864555,T,IBM,I,14,296.65
2025-11-20,9:53:37.675312719,T,IBM,I,11,296.64
2025-11-20,9:53:48.484818824,T,IBM,F I,6,296.58
2025-11-20,9:53:48.484848900,T,IBM,F,40,296.57
2025-11-20,9:53:48.484900063,T,IBM,F I,10,296.56
2025-11-20,9:53:48.485508378,T,IBM,F I,13,296.59
2025-11-20,9:53:51.501922541,T,IBM,F,40,296.71
2025-11-20,9:53:51.501925442,T,IBM,F,60,296.71
2025-11-20,9:54:01.164338876,T,IBM,F I,1,296.87
2025-11-20,9:54:01.164338876,T,IBM,F I,1,296.87
2025-11-20,9:54:01.164347989,T,IBM,F I,3,296.9
2025-11-20,9:54:01.165108746,T,IBM,F I,1,296.93
2025-11-20,9:54:01.165589878,T,IBM,F I,6,296.93
2025-11-20,9:54:01.165779346,T,IBM,,75,296.93
2025-11-20,9:54:01.165869532,T,IBM,F I,8,296.94
2025-11-20,9:54:01.170984949,T,IBM,F I,5,296.94
2025-11-20,9:54:01.171108121,T,IBM,I,30,296.97
2025-11-20,9:54:01.171162314,T,IBM,I,19,296.96
2025-11-20,9:54:01.171273432,T,IBM,,40,296.93
2025-11-20,9:54:01.171351875,T,IBM,F I,2,296.99
2025-11-20,9:54:01.171405803,T,IBM,I,1,296.93
2025-11-20,9:54:01.171968069,T,IBM,F I,3,296.95
2025-11-20,9:54:01.171989137,T,IBM,F I,7,296.95
2025-11-20,9:54:06.961284250,T,IBM,,40,296.875
2025-11-20,9:54:12.903481368,T,IBM,I,5,296.96
2025-11-20,9:54:14.238289979,T,IBM,F,40,296.92
2025-11-20,9:54:14.238289979,T,IBM,F I,13,296.92
2025-11-20,9:54:14.238293077,T,IBM,F,51,296.92
2025-11-20,9:54:14.238578764,T,IBM,F I,5,296.91
2025-11-20,9:54:14.238963636,T,IBM,F,100,296.92
2025-11-20,9:54:14.256762951,T,IBM,,40,296.925
2025-11-20,9:54:14.259304020,T,IBM,,40,296.925
2025-11-20,9:54:14.261992475,T,IBM,I,10,296.87
2025-11-20,9:54:23.181655750,T,IBM,F,80,296.72
2025-11-20,9:54:35.854954130,T,IBM,I,2,296.795
2025-11-20,9:54:46.885863256,T,IBM,,40,296.8
2025-11-20,9:54:46.885863256,T,IBM,I,6,296.8
2025-11-20,9:54:46.885865635,T,IBM,I,10,296.8
2025-11-20,9:54:46.886286617,T,IBM,F,51,296.76
2025-11-20,9:54:46.887300023,T,IBM,F,80,296.69
2025-11-20,9:54:46.888382707,T,IBM,F I,4,296.67
2025-11-20,9:54:46.888460801,T,IBM,F I,26,296.67
2025-11-20,9:54:46.888478863,T,IBM,I,18,296.68
2025-11-20,9:54:46.888481917,T,IBM,F I,36,296.68
2025-11-20,9:54:46.890229047,T,IBM,F,40,296.67
2025-11-20,9:54:46.890686155,T,IBM,,120,296.68
2025-11-20,9:54:46.892240808,T,IBM,F I,30,296.68
2025-11-20,9:54:46.892265770,T,IBM,,90,296.68
2025-11-20,9:54:46.892265770,T,IBM,I,4,296.69
2025-11-20,9:54:46.892270969,T,IBM,I,2,296.69
2025-11-20,9:54:46.892517466,T,IBM,I,28,296.68
2025-11-20,9:54:46.892532535,T,IBM,I,6,296.68
2025-11-20,9:54:46.892538600,T,IBM,F I,6,296.68
2025-11-20,9:54:46.936945310,T,IBM,I,11,296.64
2025-11-20,9:54:46.937002378,T,IBM,F,80,296.63
2025-11-20,9:54:49.901934842,T,IBM,F,40,296.6
2025-11-20,9:54:49.901970885,T,IBM,,78,296.59
2025-11-20,9:54:49.901973907,T,IBM,I,12,296.59
2025-11-20,9:54:49.901994963,T,IBM,F I,1,296.58
2025-11-20,9:54:49.902560289,T,IBM,F I,30,296.55
2025-11-20,9:54:49.902849139,T,IBM,I,12,296.5
2025-11-20,9:54:49.902849139,T,IBM,,45,296.5
2025-11-20,9:54:50.708665394,T,IBM,,40,296.525
2025-11-20,9:54:58.273354096,T,IBM,F,40,296.57
2025-11-20,9:54:58.273354096,T,IBM,F,85,296.59
2025-11-20,9:54:58.273432277,T,IBM,,45,296.57
2025-11-20,9:54:58.273645816,T,IBM,I,2,296.53
2025-11-20,9:54:59.456283250,T,IBM,F,65,296.59
2025-11-20,9:55:01.851858170,T,IBM,F,68,296.56
2025-11-20,9:55:01.852047555,T,IBM,F,40,296.54
2025-11-20,9:55:01.858284446,T,IBM,,40,296.49
2025-11-20,9:55:14.305423480,T,IBM,F I,6,296.39
2025-11-20,9:55:14.305441909,T,IBM,F,40,296.38
2025-11-20,9:55:17.209869906,T,IBM,F,69,296.32
2025-11-20,9:55:20.284756035,T,IBM,,65,296.26
2025-11-20,9:55:20.284759047,T,IBM,I,8,296.26
2025-11-20,9:55:20.284864249,T,IBM,F I,8,296.25
2025-11-20,9:55:25.925112697,T,IBM,F I,4,296.15
2025-11-20,9:55:27.061740506,T,IBM,I,8,296.235
2025-11-20,9:55:28.581748117,T,IBM,F,40,296.43
2025-11-20,9:55:28.583068202,T,IBM,F I,30,296.4
2025-11-20,9:55:32.590600770,T,IBM,,80,296.35
2025-11-20,9:55:45.485698052,T,IBM,F,60,296.43
2025-11-20,9:55:45.485752549,T,IBM,I,10,296.47
2025-11-20,9:55:45.485752549,T,IBM,F I,30,296.47
2025-11-20,9:55:45.485758278,T,IBM,F I,20,296.47
2025-11-20,9:55:45.485758278,T,IBM,F I,10,296.47
2025-11-20,9:55:45.485767240,T,IBM,F I,30,296.47
2025-11-20,9:55:45.485995858,T,IBM,F,45,296.46
2025-11-20,9:55:45.486970105,T,IBM,,55,296.46
2025-11-20,9:55:47.371508873,T,IBM,I,30,296.42
2025-11-20,9:55:47.371511476,T,IBM,I,10,296.41
2025-11-20,9:55:47.371710004,T,IBM,F I,30,296.41
2025-11-20,9:55:59.754967870,T,IBM,F I,10,296.375
2025-11-20,9:56:03.767783909,T,IBM,F I,12,296.44
2025-11-20,9:56:03.767802092,T,IBM,F I,12,296.44
2025-11-20,9:56:03.767816992,T,IBM,F,76,296.44
2025-11-20,9:56:03.767973353,T,IBM,F I,12,296.48
2025-11-20,9:56:03.767991362,T,IBM,I,12,296.48
2025-11-20,9:56:03.768000416,T,IBM,F,88,296.48
2025-11-20,9:56:03.768794359,T,IBM,I,17,296.43
2025-11-20,9:56:03.768860494,T,IBM,F I,13,296.43
2025-11-20,9:56:03.774008754,T,IBM,F I,17,296.42
2025-11-20,9:56:03.774018161,T,IBM,F I,13,296.42
2025-11-20,9:56:03.774021891,T,IBM,F I,17,296.41
2025-11-20,9:56:03.774024109,T,IBM,F I,2,296.39
2025-11-20,9:56:05.645267747,T,IBM,F I,10,296.35
2025-11-20,9:56:05.645267747,T,IBM,F I,30,296.34
2025-11-20,9:56:05.645288797,T,IBM,F I,10,296.34
2025-11-20,9:56:11.472627358,T,IBM,F I,3,296.3
2025-11-20,9:56:14.688128221,T,IBM,,75,296.25
2025-11-20,9:56:14.688128221,T,IBM,,62,296.23
2025-11-20,9:56:14.688146611,T,IBM,I,1,296.23
2025-11-20,9:56:14.688149728,T,IBM,F I,17,296.23
2025-11-20,9:56:14.688153219,T,IBM,F I,6,296.23
2025-11-20,9:56:14.688153219,T,IBM,F I,1,296.23
2025-11-20,9:56:14.688155719,T,IBM,F,50,296.23
2025-11-20,9:56:14.689192752,T,IBM,I,18,296.17
2025-11-20,9:56:14.689571671,T,IBM,F,40,296.05
2025-11-20,9:56:14.747026468,T,IBM,,40,296.005
2025-11-20,9:56:14.757584600,T,IBM,I,10,296.005
2025-11-20,9:56:15.144720211,T,IBM,F,100,296.07
2025-11-20,9:56:19.099218490,T,IBM,F,100,296.1
2025-11-20,9:56:33.155786164,T,IBM,I,30,296.23
2025-11-20,9:56:33.155789144,T,IBM,I,10,296.23
2025-11-20,9:56:38.022686494,T,IBM,F I,15,296.14
2025-11-20,9:56:38.022900010,T,IBM,,45,296.13
2025-11-20,9:56:38.025474100,T,IBM,,81,296.02
2025-11-20,9:56:38.025480362,T,IBM,,480,296.05
2025-11-20,9:56:38.025483236,T,IBM,F I,8,296.03
2025-11-20,9:56:38.025486130,T,IBM,F I,19,296.02
2025-11-20,9:56:38.025489495,T,IBM,F,52,296.01
2025-11-20,9:56:38.025489495,T,IBM,F I,2,296.0
2025-11-20,9:56:38.025495300,T,IBM,,40,296.0
2025-11-20,9:56:38.025498420,T,IBM,I,38,296.0
2025-11-20,9:56:38.025501122,T,IBM,I,1,296.0
2025-11-20,9:56:38.025507337,T,IBM,F I,7,296.02
2025-11-20,9:56:38.025525168,T,IBM,F I,10,295.99
2025-11-20,9:56:38.025535381,T,IBM,F I,15,296.02
2025-11-20,9:56:38.025540270,T,IBM,F I,8,296.02
2025-11-20,9:56:38.025591334,T,IBM,I,7,296.02
2025-11-20,9:56:38.025651550,T,IBM,I,13,296.02
2025-11-20,9:56:38.025684571,T,IBM,F I,4,296.04
2025-11-20,9:56:38.025717631,T,IBM,,40,296.05
2025-11-20,9:56:38.025768736,T,IBM,I,1,296.05
2025-11-20,9:56:38.025796195,T,IBM,F I,8,296.05
2025-11-20,9:56:38.025805007,T,IBM,F I,31,296.05
2025-11-20,9:56:38.025805007,T,IBM,F,50,296.04
2025-11-20,9:56:38.025871194,T,IBM,F I,4,296.04
2025-11-20,9:56:38.025874106,T,IBM,,188,296.04
2025-11-20,9:56:38.026018350,T,IBM,I,2,296.04
2025-11-20,9:56:38.026039445,T,IBM,F I,2,296.01
2025-11-20,9:56:38.026126678,T,IBM,F I,11,296.01
2025-11-20,9:56:38.026352205,T,IBM,I,36,296.02
2025-11-20,9:56:38.026355194,T,IBM,I,4,296.01
2025-11-20,9:56:38.026391280,T,IBM,F I,23,296.01
2025-11-20,9:56:38.026394674,T,IBM,F I,8,296.01
2025-11-20,9:56:38.026394674,T,IBM,F I,11,296.0
2025-11-20,9:56:38.029593930,T,IBM,F I,8,296.03
2025-11-20,9:56:38.029603639,T,IBM,F I,32,296.03
2025-11-20,9:56:38.029605929,T,IBM,F I,8,296.04
2025-11-20,9:56:38.064236343,T,IBM,F,40,296.03
2025-11-20,9:56:38.064239533,T,IBM,F,80,296.05
2025-11-20,9:56:38.064239533,T,IBM,,40,296.05
2025-11-20,9:56:38.064525112,T,IBM,F I,7,296.04
2025-11-20,9:56:38.064528943,T,IBM,I,7,296.04
2025-11-20,9:56:38.064570183,T,IBM,F I,7,296.04
2025-11-20,9:56:38.064618289,T,IBM,F I,7,296.04
2025-11-20,9:56:38.064702519,T,IBM,I,12,296.04
2025-11-20,9:56:38.064702519,T,IBM,I,7,296.05
2025-11-20,9:56:38.175910226,T,IBM,F,120,296.05
2025-11-20,9:56:38.299339076,T,IBM,I,5,296.065
2025-11-20,9:56:38.885238914,T,IBM,F I,13,296.06
2025-11-20,9:56:39.733320815,T,IBM,F I,26,295.99
2025-11-20,9:56:39.733335926,T,IBM,F I,14,295.99
2025-11-20,9:56:42.782582995,T,IBM,I,1,296.09
2025-11-20,9:56:45.598835692,T,IBM,F I,10,296.13
2025-11-20,9:56:45.598838496,T,IBM,F I,10,296.15
2025-11-20,9:56:45.598841500,T,IBM,F,60,296.17
2025-11-20,9:56:45.598862541,T,IBM,,40,296.19
2025-11-20,9:56:45.598889560,T,IBM,,80,296.2
2025-11-20,9:56:45.598946767,T,IBM,F,40,296.21
2025-11-20,9:56:50.089362794,T,IBM,I,19,296.34
2025-11-20,9:56:50.089365756,T,IBM,I,10,296.335
2025-11-20,9:56:52.418103784,T,IBM,,42,296.3
2025-11-20,9:56:53.642164688,T,IBM,F I,2,296.29
2025-11-20,9:56:53.642164688,T,IBM,F I,1,296.31
2025-11-20,9:57:01.403714070,T,IBM,F I,2,296.35
2025-11-20,9:57:01.404011862,T,IBM,,98,296.35
2025-11-20,9:57:04.041744327,T,IBM,F I,2,296.4
2025-11-20,9:57:04.041762396,T,IBM,I,2,296.4
2025-11-20,9:57:04.041777395,T,IBM,F I,1,296.43
2025-11-20,9:57:04.042333704,T,IBM,F I,4,296.47
2025-11-20,9:57:04.042417971,T,IBM,F I,4,296.5
2025-11-20,9:57:04.061777966,T,IBM,F I,6,296.63
2025-11-20,9:57:04.062003488,T,IBM,I,20,296.55
2025-11-20,9:57:04.070080814,T,IBM,F I,20,296.63
2025-11-20,9:57:04.070080814,T,IBM,F I,3,296.63
2025-11-20,9:57:04.070102040,T,IBM,I,20,296.63
2025-11-20,9:57:12.299929077,T,IBM,F I,3,296.675
2025-11-20,9:57:15.478390821,T,IBM,F I,7,296.76
2025-11-20,9:57:25.652027587,T,IBM,F I,5,296.81
2025-11-20,9:57:25.652030596,T,IBM,F I,39,296.83
2025-11-20,9:57:26.353381761,T,IBM,,45,296.89
2025-11-20,9:57:26.353384422,T,IBM,,100,296.89
2025-11-20,9:57:26.353384422,T,IBM,I,2,296.89
2025-11-20,9:57:26.353387239,T,IBM,,80,296.91
2025-11-20,9:57:26.353390789,T,IBM,I,20,296.91
2025-11-20,9:57:26.353390789,T,IBM,I,3,296.91
2025-11-20,9:57:26.353390789,T,IBM,I,4,296.92
2025-11-20,9:57:26.353393365,T,IBM,,40,296.92
2025-11-20,9:57:26.368233604,T,IBM,I,30,296.97
2025-11-20,9:57:26.368233604,T,IBM,I,10,296.99
2025-11-20,9:57:26.368357036,T,IBM,F I,11,296.92
2025-11-20,9:57:26.368474256,T,IBM,F I,2,296.92
2025-11-20,9:57:26.368480359,T,IBM,I,30,296.97
2025-11-20,9:57:26.368483219,T,IBM,I,26,296.98
2025-11-20,9:57:26.370104048,T,IBM,I,30,296.99
2025-11-20,9:57:26.373932253,T,IBM,I,1,296.99
2025-11-20,9:57:27.989531417,T,IBM,F,100,296.95
2025-11-20,9:57:30.666771892,T,IBM,F,40,296.85
2025-11-20,9:57:30.666775258,T,IBM,F I,5,296.85
2025-11-20,9:57:30.666775258,T,IBM,F,117,296.85
2025-11-20,9:57:30.666777896,T,IBM,F I,6,296.85
2025-11-20,9:57:33.518093846,T,IBM,F I,37,296.89
2025-11-20,9:57:41.665503889,T,IBM,F I,8,296.925
2025-11-20,9:57:42.376528578,T,IBM,I,20,296.925
2025-11-20,9:57:42.932089658,T,IBM,F I,5,296.83
2025-11-20,9:57:42.932305740,T,IBM,F,80,296.75
2025-11-20,9:57:45.930653676,T,IBM,F I,20,296.92
2025-11-20,9:57:45.930656697,T,IBM,F I,20,296.92
2025-11-20,9:57:45.930707897,T,IBM,I,29,296.92
2025-11-20,9:57:50.264868952,T,IBM,F I,2,296.95
2025-11-20,9:57:50.264871968,T,IBM,F I,6,296.95
2025-11-20,9:57:50.265211686,T,IBM,F I,5,296.97
2025-11-20,9:57:50.265250847,T,IBM,F I,2,296.95
2025-11-20,9:57:50.265250847,T,IBM,F I,3,296.95
2025-11-20,9:57:50.265265907,T,IBM,I,2,296.95
2025-11-20,9:57:50.306713558,T,IBM,,45,296.95
2025-11-20,9:57:50.369996143,T,IBM,,40,296.89
2025-11-20,9:57:51.335904720,T,IBM,F I,2,296.87
2025-11-20,9:57:51.335904720,T,IBM,F I,14,296.89
2025-11-20,9:57:56.300856476,T,IBM,,40,296.89
2025-11-20,9:57:58.334643200,T,IBM,F I,3,296.96
2025-11-20,9:57:58.335190419,T,IBM,F I,3,296.99
2025-11-20,9:57:58.335304804,T,IBM,I,3,296.99
2025-11-20,9:57:58.335322808,T,IBM,F I,3,296.99
2025-11-20,9:57:58.335325830,T,IBM,F I,31,296.99
2025-11-20,9:57:58.335434089,T,IBM,F I,3,297.0
2025-11-20,9:57:58.335482451,T,IBM,F I,3,297.0
2025-11-20,9:57:58.335530369,T,IBM,F I,3,297.0
2025-11-20,9:57:58.335554386,T,IBM,I,3,297.0
2025-11-20,9:57:58.335557346,T,IBM,F,68,297.0
2025-11-20,9:57:58.335575374,T,IBM,F I,3,297.01
2025-11-20,9:57:58.338278798,T,IBM,F,40,297.08
2025-11-20,9:57:58.338519587,T,IBM,I,26,297.03
2025-11-20,9:57:58.338561459,T,IBM,I,19,297.03
2025-11-20,9:57:58.338561459,T,IBM,I,30,297.03
2025-11-20,9:57:58.338564509,T,IBM,F I,1,297.1
2025-11-20,9:58:00.491591131,T,IBM,F I,27,297.16
2025-11-20,9:58:00.491982618,T,IBM,F I,13,297.16
2025-11-20,9:58:00.491982618,T,IBM,F I,14,297.17
2025-11-20,9:58:00.492084275,T,IBM,F I,13,297.17
2025-11-20,9:58:00.492084275,T,IBM,F,73,297.18
2025-11-20,9:58:00.523070053,T,IBM,F I,1,297.16
2025-11-20,9:58:00.523554203,T,IBM,I,2,297.13
2025-11-20,9:58:01.797416837,T,IBM,F I,1,297.15
2025-11-20,9:58:03.527609750,T,IBM,F I,5,297.07
2025-11-20,9:58:03.527627816,T,IBM,I,5,297.07
2025-11-20,9:58:04.254289992,T,IBM,F I,1,297.13
2025-11-20,9:58:10.376510570,T,IBM,F,40,296.99
2025-11-20,9:58:10.376513610,T,IBM,F,120,296.99
2025-11-20,9:58:10.376513610,T,IBM,F,50,296.99
2025-11-20,9:58:10.376528594,T,IBM,I,1,296.99
2025-11-20,9:58:10.376555652,T,IBM,I,9,296.99
2025-11-20,9:58:10.383424090,T,IBM,F I,2,297.05
2025-11-20,9:58:10.383484169,T,IBM,F I,2,297.06
2025-11-20,9:58:19.856873899,T,IBM,F I,14,296.92
2025-11-20,9:58:19.856877168,T,IBM,F I,24,296.92
2025-11-20,9:58:19.856880383,T,IBM,F,40,296.91
2025-11-20,9:58:19.856880383,T,IBM,F,40,296.91
2025-11-20,9:58:19.905872594,T,IBM,I,10,296.82
2025-11-20,9:58:20.109063271,T,IBM,F I,30,296.81
2025-11-20,9:58:20.109066306,T,IBM,F I,10,296.8
2025-11-20,9:58:25.195618635,T,IBM,I,14,296.86
2025-11-20,9:58:25.195756886,T,IBM,,54,296.87
2025-11-20,9:58:25.195892551,T,IBM,I,30,296.84
2025-11-20,9:58:25.195895263,T,IBM,I,10,296.82
2025-11-20,9:58:25.201672018,T,IBM,I,10,296.82
2025-11-20,9:58:25.201674972,T,IBM,I,10,296.82
2025-11-20,9:58:25.201732115,T,IBM,I,7,296.82
2025-11-20,9:58:25.201735176,T,IBM,I,35,296.81
2025-11-20,9:58:25.202014863,T,IBM,I,2,296.79
2025-11-20,9:58:25.202071940,T,IBM,F I,25,296.83
2025-11-20,9:58:25.202111005,T,IBM,,40,296.79
2025-11-20,9:58:25.202123100,T,IBM,I,2,296.79
2025-11-20,9:58:25.202303554,T,IBM,,40,296.78
2025-11-20,9:58:25.202358371,T,IBM,F I,9,296.82
2025-11-20,9:58:25.202444877,T,IBM,I,9,296.78
2025-11-20,9:58:25.202447888,T,IBM,I,9,296.78
2025-11-20,9:58:25.202489935,T,IBM,F I,17,296.86
2025-11-20,9:58:25.202643308,T,IBM,I,9,296.78
2025-11-20,9:58:25.202700410,T,IBM,F I,9,296.82
2025-11-20,9:58:25.203052287,T,IBM,I,8,296.78
2025-11-20,9:58:25.205169347,T,IBM,F,100,296.86
2025-11-20,9:58:26.109488099,T,IBM,I,25,296.85
2025-11-20,9:58:26.110089539,T,IBM,F I,25,296.85
2025-11-20,9:58:27.365061220,T,IBM,F I,25,296.85
2025-11-20,9:58:27.365064233,T,IBM,F,100,296.86
2025-11-20,9:58:27.369208051,T,IBM,I,25,296.85
2025-11-20,9:58:27.369520774,T,IBM,I,15,296.85
2025-11-20,9:58:27.693713685,T,IBM,I,10,296.85
2025-11-20,9:58:27.699848278,T,IBM,I,25,296.85
2025-11-20,9:58:27.905360604,T,IBM,F I,10,296.89
2025-11-20,9:58:27.965413508,T,IBM,I,25,296.85
2025-11-20,9:58:28.365461876,T,IBM,I,10,296.85
2025-11-20,9:58:28.765398967,T,IBM,I,10,296.85
2025-11-20,9:58:29.165399179,T,IBM,I,10,296.85
2025-11-20,9:58:29.396388771,T,IBM,F I,1,296.86
2025-11-20,9:58:29.607647239,T,IBM,F,280,296.91
2025-11-20,9:58:29.607647239,T,IBM,F I,5,296.91
2025-11-20,9:58:29.607812548,T,IBM,F I,10,296.9
2025-11-20,9:58:29.608110106,T,IBM,I,29,296.89
2025-11-20,9:58:37.070255204,T,IBM,F I,5,296.85
2025-11-20,9:58:37.070255204,T,IBM,F,100,296.85
2025-11-20,9:58:37.082698952,T,IBM,F,40,296.8
2025-11-20,9:58:37.082701440,T,IBM,F,59,296.8
2025-11-20,9:58:37.082719443,T,IBM,F,40,296.8
2025-11-20,9:58:37.082722520,T,IBM,I,1,296.8
2025-11-20,9:58:37.082731513,T,IBM,,40,296.79
2025-11-20,9:58:37.086051398,T,IBM,F I,1,296.7
2025-11-20,9:58:37.086057435,T,IBM,F I,1,296.7
2025-11-20,9:58:37.086406207,T,IBM,I,8,296.7
2025-11-20,9:58:37.086406207,T,IBM,I,19,296.7
2025-11-20,9:58:47.758708217,T,IBM,I,2,296.825
2025-11-20,9:58:51.082012878,T,IBM,,80,296.66
2025-11-20,9:58:51.082015821,T,IBM,I,6,296.66
2025-11-20,9:58:51.082018883,T,IBM,I,5,296.66
2025-11-20,9:58:51.082160549,T,IBM,F,40,296.65
2025-11-20,9:58:51.082163838,T,IBM,F I,4,296.65
2025-11-20,9:58:51.082166279,T,IBM,,40,296.67
2025-11-20,9:58:51.082848844,T,IBM,F I,7,296.69
2025-11-20,9:58:51.082875930,T,IBM,F,93,296.69
2025-11-20,9:58:51.098480038,T,IBM,F I,5,296.77
2025-11-20,9:58:51.098483087,T,IBM,F I,2,296.77
2025-11-20,9:58:51.102623972,T,IBM,,40,296.73
2025-11-20,9:59:01.508485606,T,IBM,F I,30,296.85
2025-11-20,9:59:03.988011606,T,IBM,F I,30,296.86
2025-11-20,9:59:03.988014469,T,IBM,F I,20,296.86
2025-11-20,9:59:12.834375514,T,IBM,F I,30,297.05
2025-11-20,9:59:12.834375514,T,IBM,F I,10,297.07
2025-11-20,9:59:14.331152774,T,IBM,F I,30,297.07
2025-11-20,9:59:21.065486930,T,IBM,I,30,297.08
2025-11-20,9:59:21.065486930,T,IBM,I,10,297.12
2025-11-20,9:59:34.209785681,T,IBM,F I,2,297.04
2025-11-20,9:59:34.209805832,T,IBM,F,80,297.03
2025-11-20,9:59:34.209805832,T,IBM,F,120,297.03
2025-11-20,9:59:34.210822329,T,IBM,F I,30,296.99
2025-11-20,9:59:41.504854868,T,IBM,F I,1,297.16
2025-11-20,9:59:41.504860834,T,IBM,F I,1,297.21
2025-11-20,9:59:41.504917938,T,IBM,I,9,297.17
2025-11-20,9:59:41.504996569,T,IBM,F I,2,297.17
2025-11-20,9:59:41.504999307,T,IBM,I,8,297.13
2025-11-20,9:59:41.505002793,T,IBM,,40,297.13
2025-11-20,9:59:41.505002793,T,IBM,I,2,297.17
2025-11-20,9:59:41.505005329,T,IBM,F I,9,297.17
2025-11-20,9:59:41.505044296,T,IBM,F I,6,297.15
2025-11-20,9:59:41.505047570,T,IBM,I,13,297.15
2025-11-20,9:59:41.505059299,T,IBM,F I,2,297.15
2025-11-20,9:59:41.505134470,T,IBM,F I,2,297.21
2025-11-20,9:59:41.505447250,T,IBM,I,11,297.15
2025-11-20,9:59:41.505693847,T,IBM,F I,9,297.23
2025-11-20,9:59:41.506268165,T,IBM,I,25,297.2
2025-11-20,9:59:41.523063119,T,IBM,F,40,297.295
2025-11-20,9:59:55.795475675,T,IBM,I,4,297.24
2025-11-20,9:59:55.795478718,T,IBM,I,1,297.23
2025-11-20,9:59:55.795565919,T,IBM,I,4,297.23
2025-11-20,9:59:55.795974909,T,IBM,F I,1,297.26
2025-11-20,9:59:59.090510074,T,IBM,F I,30,297.3
2025-11-20,9:59:59.090510074,T,IBM,F I,10,297.34
2025-11-20,9:59:59.095366518,T,IBM,,40,297.33
2025-11-20,9:59:59.095366518,T,IBM,I,1,297.29
2025-11-20,9:59:59.095694292,T,IBM,F,40,297.29
2025-11-20,9:59:59.095694292,T,IBM,F I,1,297.28
2025-11-20,9:59:59.095709339,T,IBM,F,40,297.28
2025-11-20,9:59:59.095712501,T,IBM,F,100,297.28
2025-11-20,9:59:59.096028111,T,IBM,F,75,297.27
2025-11-20,9:59:59.096449157,T,IBM,I,25,297.27
2025-11-20,9:59:59.096449157,T,IBM,,44,297.28
2025-11-20,9:59:59.096470161,T,IBM,I,1,297.28
2025-11-20,9:59:59.096470161,T,IBM,F,55,297.28
2025-11-20,9:59:59.096803919,T,IBM,F I,13,297.28
2025-11-20,9:59:59.108799516,T,IBM,F I,9,297.33
2025-11-20,9:59:59.108805540,T,IBM,F I,31,297.38
2025-11-20,9:59:59.155981840,T,IBM,F I,1,297.42
2025-11-20,9:59:59.155981840,T,IBM,F I,1,297.42
2025-11-20,9:59:59.192212446,T,IBM,I,7,297.4
2025-11-20,9:59:59.192212446,T,IBM,I,6,297.43
2025-11-20,9:59:59.221776603,T,IBM,F,40,297.48
2025-11-20,9:59:59.221776603,T,IBM,F,569,297.5
2025-11-20,9:59:59.221781646,T,IBM,F,390,297.5
2025-11-20,9:59:59.221811603,T,IBM,I,22,297.44
2025-11-20,9:59:59.221811603,T,IBM,I,22,297.44
2025-11-20,9:59:59.221881183,T,IBM,I,9,297.44
2025-11-20,9:59:59.221925821,T,IBM,I,22,297.44
2025-11-20,9:59:59.221925821,T,IBM,,47,297.44
2025-11-20,9:59:59.221985931,T,IBM,I,9,297.4
2025-11-20,9:59:59.222262738,T,IBM,I,3,297.41
2025-11-20,9:59:59.222265682,T,IBM,I,6,297.4
2025-11-20,9:59:59.222268669,T,IBM,I,1,297.4
2025-11-20,9:59:59.222280734,T,IBM,F I,1,297.47
2025-11-20,9:59:59.222304705,T,IBM,F I,7,297.44
2025-11-20,9:59:59.222307784,T,IBM,F I,34,297.47
2025-11-20,9:59:59.222310795,T,IBM,F I,5,297.47
2025-11-20,9:59:59.222310795,T,IBM,F,300,297.48
2025-11-20,9:59:59.222314218,T,IBM,F I,20,297.49
2025-11-20,9:59:59.222314218,T,IBM,F,80,297.49
2025-11-20,9:59:59.222316776,T,IBM,F,3012,297.5
2025-11-20,9:59:59.222409970,T,IBM,I,7,297.4
2025-11-20,9:59:59.229362520,T,IBM,F,40,297.49
2025-11-20,9:59:59.229362520,T,IBM,F,100,297.49
2025-11-20,9:59:59.229365526,T,IBM,F I,20,297.5
2025-11-20,9:59:59.229402419,T,IBM,,384,297.5
2025-11-20,9:59:59.229425681,T,IBM,I,2,297.5
2025-11-20,9:59:59.229431664,T,IBM,,40,297.5
2025-11-20,9:59:59.271955890,T,IBM,,52,297.45
2025-11-20,9:59:59.360547120,T,IBM,,120,297.505
2025-11-20,9:59:59.360549874,T,IBM,,80,297.505
2025-11-20,9:59:59.672831307,T,IBM,I,1,297.54
2025-11-20,9:59:59.681630224,T,IBM,I,22,297.57
2025-11-20,9:59:59.681690357,T,IBM,I,22,297.53
2025-11-20,10:00:00.130442689,T,IBM,F I,5,297.49
2025-11-20,10:00:00.130448704,T,IBM,F,99,297.46
2025-11-20,10:00:00.130472759,T,IBM,F I,5,297.46
2025-11-20,10:00:00.131555348,T,IBM,I,17,297.38
2025-11-20,10:00:00.131579373,T,IBM,F I,1,297.37
2025-11-20,10:00:00.158069478,T,IBM,I,39,297.37
2025-11-20,10:00:01.099066782,T,IBM,I,4,297.48
2025-11-20,10:00:01.276711620,T,IBM,F I,15,297.63
2025-11-20,10:00:06.747642614,T,IBM,I,1,297.75
2025-11-20,10:00:06.747674925,T,IBM,I,2,297.78
