DATE,TIME_M,EX,SYM_ROOT,TR_SCOND,SIZE,PRICE
2025-12-24,9:30:01.828551737,T,IBM,I,1,303.38
2025-12-24,9:30:01.828560739,T,IBM,Q,1,303.38
2025-12-24,9:30:04.113791047,T,IBM,I,1,303.23
2025-12-24,9:30:05.845661799,T,IBM,F I,2,303.0
2025-12-24,9:30:05.845797196,T,IBM,F I,38,303.0
2025-12-24,9:30:05.845800271,T,IBM,,71,303.0
2025-12-24,9:30:06.953736797,T,IBM,F I,7,302.81
2025-12-24,9:30:06.953748814,T,IBM,F I,3,302.77
2025-12-24,9:30:14.905504587,T,IBM,F I,1,302.51
2025-12-24,9:30:14.906063188,T,IBM,F I,1,302.5
2025-12-24,9:30:14.909046326,T,IBM,,50,302.56
2025-12-24,9:30:15.152028009,T,IBM,I,5,302.49
2025-12-24,9:30:15.152028009,T,IBM,,100,302.42
2025-12-24,9:30:15.152031020,T,IBM,I,20,302.41
2025-12-24,9:30:15.152031020,T,IBM,,75,302.4
2025-12-24,9:30:15.152046151,T,IBM,I,1,302.4
2025-12-24,9:30:15.152048771,T,IBM,I,24,302.4
2025-12-24,9:30:25.109969821,T,IBM,,40,302.325
2025-12-24,9:30:25.437139709,T,IBM,F I,5,302.54
2025-12-24,9:30:25.437142635,T,IBM,F I,23,302.57
2025-12-24,9:30:25.437145686,T,IBM,F I,5,302.58
2025-12-24,9:30:25.437179152,T,IBM,F I,2,302.6
2025-12-24,9:30:25.437179152,T,IBM,F I,2,302.61
2025-12-24,9:30:25.437188417,T,IBM,F I,2,302.62
2025-12-24,9:30:27.121960605,T,IBM,F I,25,302.64
2025-12-24,9:30:27.122017707,T,IBM,F I,25,302.64
2025-12-24,9:30:31.011777827,T,IBM,F I,25,302.64
2025-12-24,9:30:31.326317688,T,IBM,F I,8,302.78
2025-12-24,9:30:31.326317688,T,IBM,F I,15,302.8
2025-12-24,9:30:31.326320600,T,IBM,F,40,302.83
2025-12-24,9:30:31.326323704,T,IBM,F,40,302.83
2025-12-24,9:30:33.747630907,T,IBM,F I,25,302.8
2025-12-24,9:30:33.747675929,T,IBM,F I,25,302.8
2025-12-24,9:30:35.918294614,T,IBM,I,20,302.91
2025-12-24,9:30:35.918297465,T,IBM,I,20,302.91
2025-12-24,9:30:35.918300478,T,IBM,I,5,302.91
2025-12-24,9:30:35.918324514,T,IBM,F I,6,302.95
2025-12-24,9:30:35.918815009,T,IBM,F I,9,303.0
2025-12-24,9:30:35.918844772,T,IBM,F I,20,303.0
2025-12-24,9:30:35.918868851,T,IBM,F I,11,303.0
2025-12-24,9:30:35.919340942,T,IBM,,40,303.04
2025-12-24,9:30:37.526252466,T,IBM,,100,303.05
2025-12-24,9:31:06.093579476,T,IBM,F I,20,303.33
2025-12-24,9:31:06.093585515,T,IBM,F I,20,303.33
2025-12-24,9:31:06.093591499,T,IBM,I,25,303.33
2025-12-24,9:31:06.100907906,T,IBM,F I,5,303.26
2025-12-24,9:31:19.218595194,T,IBM,F I,20,303.58
2025-12-24,9:31:19.218640530,T,IBM,F I,6,303.6
2025-12-24,9:31:19.218733533,T,IBM,F I,20,303.61
2025-12-24,9:31:19.218733533,T,IBM,F I,4,303.62
2025-12-24,9:31:19.218760927,T,IBM,F I,16,303.62
2025-12-24,9:31:19.218760927,T,IBM,F I,4,303.62
2025-12-24,9:31:19.507312580,T,IBM,I,11,303.7
2025-12-24,9:31:19.507336669,T,IBM,I,9,303.7
2025-12-24,9:31:21.079744155,T,IBM,F I,20,303.8
2025-12-24,9:31:21.079746954,T,IBM,F,71,303.8
2025-12-24,9:31:21.079966844,T,IBM,I,36,303.81
2025-12-24,9:31:28.934575357,T,IBM,F I,3,303.71
2025-12-24,9:31:31.019931753,T,IBM,F I,3,303.94
2025-12-24,9:31:54.216094130,T,IBM,F I,2,304.04
2025-12-24,9:31:54.216121172,T,IBM,F I,18,304.04
2025-12-24,9:31:54.216500039,T,IBM,I,2,304.04
2025-12-24,9:31:54.216800749,T,IBM,I,2,304.04
2025-12-24,9:31:55.225068047,T,IBM,F I,25,303.97
2025-12-24,9:31:55.225116193,T,IBM,F I,25,303.97
2025-12-24,9:31:59.289525878,T,IBM,I,20,304.15
2025-12-24,9:31:59.310215138,T,IBM,F I,20,304.16
2025-12-24,9:31:59.310221151,T,IBM,F I,20,304.19
2025-12-24,9:31:59.310224898,T,IBM,F I,20,304.2
2025-12-24,9:31:59.310224898,T,IBM,F I,20,304.2
2025-12-24,9:31:59.310227464,T,IBM,F I,18,304.2
2025-12-24,9:31:59.310227464,T,IBM,I,2,304.2
2025-12-24,9:31:59.310305348,T,IBM,F I,20,304.24
2025-12-24,9:32:05.125717899,T,IBM,I,1,303.99
2025-12-24,9:32:05.125741790,T,IBM,F I,25,304.0
2025-12-24,9:32:05.125804990,T,IBM,F I,25,304.0
2025-12-24,9:32:05.125829071,T,IBM,I,34,303.98
2025-12-24,9:32:05.125973394,T,IBM,F I,25,304.0
2025-12-24,9:32:05.126106348,T,IBM,,86,303.845
2025-12-24,9:32:05.126247007,T,IBM,F I,14,303.845
2025-12-24,9:32:05.126250062,T,IBM,F I,11,304.0
2025-12-24,9:32:05.126367323,T,IBM,F I,6,304.0
2025-12-24,9:32:05.128027259,T,IBM,F I,25,304.08
2025-12-24,9:32:13.093290500,T,IBM,F I,20,303.85
2025-12-24,9:32:13.093747644,T,IBM,F I,5,303.83
2025-12-24,9:32:13.093747644,T,IBM,F I,15,303.81
2025-12-24,9:32:13.093928004,T,IBM,F I,8,303.79
2025-12-24,9:32:13.093928004,T,IBM,F I,12,303.77
2025-12-24,9:32:30.128614213,T,IBM,F I,25,304.06
2025-12-24,9:32:56.399205757,T,IBM,F I,1,303.72
2025-12-24,9:32:56.399235742,T,IBM,F I,1,303.72
2025-12-24,9:33:01.973714561,T,IBM,I,1,303.89
2025-12-24,9:33:08.584451229,T,IBM,F I,25,303.92
2025-12-24,9:33:08.584496370,T,IBM,F I,25,303.92
2025-12-24,9:33:27.492967325,T,IBM,I,5,303.89
2025-12-24,9:33:27.492967325,T,IBM,I,5,303.88
2025-12-24,9:33:27.493039401,T,IBM,F I,18,303.88
2025-12-24,9:33:27.493042532,T,IBM,F I,32,303.87
2025-12-24,9:33:27.493054637,T,IBM,I,8,303.87
2025-12-24,9:33:27.495616553,T,IBM,I,30,303.92
2025-12-24,9:33:27.666399102,T,IBM,F,40,303.84
2025-12-24,9:33:27.666402119,T,IBM,F I,14,303.84
2025-12-24,9:33:32.989792190,T,IBM,I,3,303.885
2025-12-24,9:33:32.989792190,T,IBM,I,1,303.885
2025-12-24,9:33:32.989795256,T,IBM,,40,303.885
2025-12-24,9:33:58.566382357,T,IBM,I,18,303.78
2025-12-24,9:34:22.477529723,T,IBM,I,4,304.1
2025-12-24,9:34:22.477575823,T,IBM,F I,1,304.04
2025-12-24,9:34:22.477579088,T,IBM,F I,23,304.0
2025-12-24,9:34:22.477581108,T,IBM,F I,24,303.99
2025-12-24,9:34:22.477583812,T,IBM,F I,16,303.99
2025-12-24,9:34:22.477647654,T,IBM,I,1,304.1
2025-12-24,9:34:22.477649968,T,IBM,I,1,304.1
2025-12-24,9:34:22.478549176,T,IBM,I,7,304.0
2025-12-24,9:34:22.478552130,T,IBM,I,7,304.0
2025-12-24,9:34:22.478561120,T,IBM,F,40,304.04
2025-12-24,9:34:22.484930366,T,IBM,F I,1,304.1
2025-12-24,9:34:26.644375387,T,IBM,,40,303.89
2025-12-24,9:34:26.644742297,T,IBM,F,57,303.88
2025-12-24,9:34:26.645199297,T,IBM,I,30,303.89
2025-12-24,9:34:38.112855667,T,IBM,F I,1,303.84
2025-12-24,9:34:38.112927781,T,IBM,I,3,303.77
2025-12-24,9:34:38.113018045,T,IBM,F I,1,303.71
2025-12-24,9:34:38.113351847,T,IBM,F I,4,303.78
2025-12-24,9:34:38.113351847,T,IBM,F I,2,303.78
2025-12-24,9:34:38.668912536,T,IBM,F I,5,303.78
2025-12-24,9:34:38.668912536,T,IBM,F I,4,303.78
2025-12-24,9:34:38.668915453,T,IBM,F I,8,303.78
2025-12-24,9:34:38.668999633,T,IBM,,160,303.78
2025-12-24,9:34:39.775718383,T,IBM,I,4,303.89
2025-12-24,9:35:06.352477910,T,IBM,I,2,303.79
2025-12-24,9:35:06.352477910,T,IBM,I,13,303.76
2025-12-24,9:35:06.352480570,T,IBM,I,25,303.74
2025-12-24,9:35:06.364151317,T,IBM,,60,303.72
2025-12-24,9:35:07.808592041,T,IBM,,67,303.92
2025-12-24,9:35:07.820500363,T,IBM,I,5,303.905
2025-12-24,9:35:07.974427747,T,IBM,F I,20,303.93
2025-12-24,9:35:14.527054021,T,IBM,F I,15,304.11
2025-12-24,9:35:14.527072252,T,IBM,F I,5,304.11
2025-12-24,9:35:14.527490107,T,IBM,F I,1,304.12
2025-12-24,9:35:14.527730628,T,IBM,F,40,304.14
2025-12-24,9:35:14.594507609,T,IBM,F I,10,304.21
2025-12-24,9:35:14.594507609,T,IBM,F I,1,304.21
2025-12-24,9:35:18.222292891,T,IBM,F I,1,304.36
2025-12-24,9:35:35.955141952,T,IBM,I,28,304.28
2025-12-24,9:35:35.988728890,T,IBM,I,10,304.28
2025-12-24,9:35:35.988954424,T,IBM,F,41,304.28
2025-12-24,9:35:35.988957395,T,IBM,F I,1,304.28
2025-12-24,9:35:35.988960589,T,IBM,F I,1,304.27
2025-12-24,9:35:35.988963476,T,IBM,F I,24,304.27
2025-12-24,9:35:35.988963476,T,IBM,F I,16,304.27
2025-12-24,9:35:44.930723317,T,IBM,F,40,304.38
2025-12-24,9:35:44.930744394,T,IBM,F,40,304.39
2025-12-24,9:36:06.093143712,T,IBM,F I,1,304.4
2025-12-24,9:36:06.093146725,T,IBM,F I,16,304.32
2025-12-24,9:36:06.093170814,T,IBM,I,19,304.32
2025-12-24,9:36:06.093173825,T,IBM,I,24,304.32
2025-12-24,9:36:06.093513633,T,IBM,,43,304.32
2025-12-24,9:36:06.093769177,T,IBM,F I,33,304.32
2025-12-24,9:36:06.093772278,T,IBM,F I,10,304.32
2025-12-24,9:36:06.093781538,T,IBM,F I,3,304.31
2025-12-24,9:36:06.093787515,T,IBM,F,40,304.31
2025-12-24,9:36:06.093802287,T,IBM,I,1,304.31
2025-12-24,9:36:06.093805283,T,IBM,I,39,304.31
2025-12-24,9:36:06.094109081,T,IBM,F I,1,304.36
2025-12-24,9:36:06.094319479,T,IBM,I,9,304.31
2025-12-24,9:36:06.094337699,T,IBM,F I,34,304.31
2025-12-24,9:36:06.094493944,T,IBM,F,43,304.31
2025-12-24,9:36:25.191531765,T,IBM,F I,20,304.5
2025-12-24,9:36:25.196415358,T,IBM,,67,304.56
2025-12-24,9:37:08.012972097,T,IBM,I,1,304.62
2025-12-24,9:37:11.161359169,T,IBM,I,1,304.66
2025-12-24,9:37:11.161416327,T,IBM,I,11,304.57
2025-12-24,9:37:11.161443349,T,IBM,F I,20,304.61
2025-12-24,9:37:24.274322227,T,IBM,F I,34,304.5
2025-12-24,9:37:31.308066968,T,IBM,F I,5,304.6
2025-12-24,9:37:33.188383286,T,IBM,I,2,304.57
2025-12-24,9:37:33.188383286,T,IBM,I,3,304.57
2025-12-24,9:37:34.096181456,T,IBM,I,2,304.57
2025-12-24,9:37:39.287845863,T,IBM,,43,304.52
2025-12-24,9:37:45.106331523,T,IBM,F,49,304.64
2025-12-24,9:37:45.106996150,T,IBM,F I,20,304.71
2025-12-24,9:38:00.662701355,T,IBM,I,11,304.6
2025-12-24,9:38:00.695597366,T,IBM,F,40,304.59
2025-12-24,9:38:00.695599608,T,IBM,F,40,304.59
2025-12-24,9:38:00.695617686,T,IBM,I,1,304.59
2025-12-24,9:38:00.695617686,T,IBM,I,24,304.59
2025-12-24,9:38:00.695623624,T,IBM,F I,15,304.59
2025-12-24,9:38:00.695626707,T,IBM,F I,6,304.58
2025-12-24,9:38:00.695647957,T,IBM,F I,34,304.59
2025-12-24,9:38:00.695650746,T,IBM,I,38,304.59
2025-12-24,9:38:00.695671836,T,IBM,I,28,304.59
2025-12-24,9:38:17.602487567,T,IBM,I,30,304.56
2025-12-24,9:38:17.602773260,T,IBM,I,30,304.54
2025-12-24,9:38:19.347980993,T,IBM,I,20,304.59
2025-12-24,9:38:19.347986937,T,IBM,,45,304.59
2025-12-24,9:38:19.347986937,T,IBM,I,15,304.6
2025-12-24,9:38:19.347996033,T,IBM,I,1,304.6
2025-12-24,9:38:19.348035055,T,IBM,F,44,304.6
2025-12-24,9:38:19.348056097,T,IBM,F I,1,304.6
2025-12-24,9:38:19.348077767,T,IBM,F,45,304.6
2025-12-24,9:38:19.348293750,T,IBM,F,45,304.58
2025-12-24,9:38:19.353057005,T,IBM,,41,304.58
2025-12-24,9:38:25.776020772,T,IBM,,51,304.63
2025-12-24,9:38:25.786669299,T,IBM,I,23,304.67
2025-12-24,9:38:30.570220530,T,IBM,F,40,304.62
2025-12-24,9:38:30.570220530,T,IBM,F I,1,304.62
2025-12-24,9:38:30.571542999,T,IBM,I,3,304.54
2025-12-24,9:38:30.675278280,T,IBM,I,30,304.52
2025-12-24,9:38:30.675278280,T,IBM,I,10,304.5
2025-12-24,9:38:30.675383202,T,IBM,,40,304.5
2025-12-24,9:38:30.675470367,T,IBM,,40,304.49
2025-12-24,9:38:30.675545577,T,IBM,I,3,304.48
2025-12-24,9:38:39.064003212,T,IBM,,40,304.5
2025-12-24,9:38:39.161092368,T,IBM,,40,304.47
2025-12-24,9:38:43.495385490,T,IBM,I,1,304.28
2025-12-24,9:38:43.495698187,T,IBM,I,7,304.26
2025-12-24,9:38:58.098828849,T,IBM,I,10,304.1
2025-12-24,9:39:03.713817401,T,IBM,I,17,304.1
2025-12-24,9:39:12.181083541,T,IBM,F,120,304.02
2025-12-24,9:39:12.181098781,T,IBM,I,1,304.02
2025-12-24,9:39:12.181101592,T,IBM,F I,39,304.02
2025-12-24,9:39:12.181513605,T,IBM,F I,3,304.0
2025-12-24,9:39:16.906710545,T,IBM,F,40,303.8
2025-12-24,9:39:16.907531398,T,IBM,F I,1,303.71
2025-12-24,9:39:16.907561515,T,IBM,F I,20,303.7
2025-12-24,9:39:16.907586237,T,IBM,F,42,303.7
2025-12-24,9:39:16.908379489,T,IBM,F I,20,303.64
2025-12-24,9:39:16.908382428,T,IBM,F I,17,303.63
2025-12-24,9:39:19.547898138,T,IBM,,40,303.745
2025-12-24,9:39:29.316494401,T,IBM,F I,25,303.66
2025-12-24,9:39:29.327684079,T,IBM,F I,2,303.56
2025-12-24,9:39:30.715124146,T,IBM,,45,303.64
2025-12-24,9:39:30.715124146,T,IBM,,55,303.64
2025-12-24,9:39:30.717574847,T,IBM,,40,303.65
2025-12-24,9:39:36.312847966,T,IBM,,45,303.65
2025-12-24,9:39:36.312872108,T,IBM,F I,25,303.65
2025-12-24,9:39:36.313103609,T,IBM,I,30,303.65
2025-12-24,9:39:36.315386014,T,IBM,I,25,303.65
2025-12-24,9:39:52.214003543,T,IBM,F I,25,303.71
2025-12-24,9:40:01.449364303,T,IBM,I,26,303.8
2025-12-24,9:40:02.592655987,T,IBM,,40,303.82
2025-12-24,9:40:03.140013062,T,IBM,F I,36,303.82
2025-12-24,9:40:03.140067324,T,IBM,I,4,303.82
2025-12-24,9:40:03.140070816,T,IBM,I,17,303.83
2025-12-24,9:40:03.140070816,T,IBM,I,19,303.83
2025-12-24,9:40:03.140073183,T,IBM,I,21,303.83
2025-12-24,9:40:03.140097254,T,IBM,I,4,303.83
2025-12-24,9:40:03.140127406,T,IBM,F I,1,303.83
2025-12-24,9:40:03.140422074,T,IBM,I,19,303.83
2025-12-24,9:40:03.144174958,T,IBM,F I,25,303.8
2025-12-24,9:40:03.352571117,T,IBM,,75,303.83
2025-12-24,9:40:03.388900577,T,IBM,I,1,303.85
2025-12-24,9:40:07.377099900,T,IBM,I,1,303.86
2025-12-24,9:40:07.377099900,T,IBM,I,1,303.86
2025-12-24,9:40:11.436926934,T,IBM,F I,12,304.0
2025-12-24,9:40:11.436926934,T,IBM,F I,1,304.0
2025-12-24,9:40:11.436945170,T,IBM,I,12,304.0
2025-12-24,9:40:12.437456677,T,IBM,,45,303.9
2025-12-24,9:40:18.448436501,T,IBM,I,26,303.885
2025-12-24,9:40:18.457199261,T,IBM,I,2,303.885
2025-12-24,9:40:39.026863703,T,IBM,I,3,303.87
2025-12-24,9:40:47.927912798,T,IBM,F I,17,304.13
2025-12-24,9:40:47.927958538,T,IBM,F I,8,304.14
2025-12-24,9:40:57.753888750,T,IBM,I,3,304.1
2025-12-24,9:40:57.753930823,T,IBM,I,3,304.09
2025-12-24,9:40:57.753981893,T,IBM,,40,304.14
2025-12-24,9:41:08.874329049,T,IBM,F I,20,304.17
2025-12-24,9:41:08.874332055,T,IBM,I,20,304.21
2025-12-24,9:41:08.874479491,T,IBM,F I,3,304.21
2025-12-24,9:41:08.881570350,T,IBM,F I,23,304.14
2025-12-24,9:41:17.516762339,T,IBM,I,3,304.08
2025-12-24,9:41:28.307642188,T,IBM,I,9,304.16
2025-12-24,9:41:32.805720420,T,IBM,I,3,304.23
2025-12-24,9:41:32.805777429,T,IBM,F I,17,304.24
2025-12-24,9:41:32.805780524,T,IBM,F I,2,304.24
2025-12-24,9:41:32.805798581,T,IBM,F I,7,304.24
2025-12-24,9:41:32.806273912,T,IBM,F I,2,304.24
2025-12-24,9:41:36.770136047,T,IBM,F I,20,304.28
2025-12-24,9:41:36.770400747,T,IBM,F I,1,304.29
2025-12-24,9:41:36.770406734,T,IBM,I,4,304.29
2025-12-24,9:41:36.770406734,T,IBM,F I,1,304.29
2025-12-24,9:41:36.770418783,T,IBM,I,7,304.29
2025-12-24,9:41:36.770490876,T,IBM,I,7,304.29
2025-12-24,9:42:17.227035280,T,IBM,F I,34,304.31
2025-12-24,9:42:17.227047245,T,IBM,F I,6,304.31
2025-12-24,9:42:18.163052593,T,IBM,I,3,304.235
2025-12-24,9:42:24.871052738,T,IBM,I,16,304.39
2025-12-24,9:42:29.982245409,T,IBM,I,20,304.45
2025-12-24,9:42:29.982260488,T,IBM,I,1,304.45
2025-12-24,9:42:29.982269457,T,IBM,I,20,304.45
2025-12-24,9:42:31.070512182,T,IBM,I,21,304.42
2025-12-24,9:43:00.417032678,T,IBM,I,1,304.5
2025-12-24,9:43:02.921884678,T,IBM,F I,35,304.51
2025-12-24,9:43:03.015461518,T,IBM,I,11,304.53
2025-12-24,9:43:03.015494610,T,IBM,I,9,304.53
2025-12-24,9:43:03.015494610,T,IBM,I,25,304.53
2025-12-24,9:43:10.600788203,T,IBM,F I,1,304.43
2025-12-24,9:43:22.815428505,T,IBM,I,2,304.385
2025-12-24,9:43:22.815446519,T,IBM,I,7,304.385
2025-12-24,9:43:30.190645006,T,IBM,I,7,304.34
2025-12-24,9:43:30.191141239,T,IBM,F I,7,304.34
2025-12-24,9:43:30.191186305,T,IBM,F I,7,304.34
2025-12-24,9:43:30.191213359,T,IBM,F I,7,304.34
2025-12-24,9:43:30.191222424,T,IBM,F I,7,304.34
2025-12-24,9:43:30.191456960,T,IBM,,45,304.34
2025-12-24,9:43:30.191475825,T,IBM,F I,7,304.33
2025-12-24,9:44:24.077146006,T,IBM,I,3,304.16
2025-12-24,9:44:24.077148855,T,IBM,I,1,304.16
2025-12-24,9:44:24.077148855,T,IBM,I,1,304.16
2025-12-24,9:44:49.206191879,T,IBM,I,3,304.135
2025-12-24,9:44:49.206191879,T,IBM,,40,304.135
2025-12-24,9:44:58.490948334,T,IBM,I,1,304.1
2025-12-24,9:45:00.039235194,T,IBM,F I,1,304.09
2025-12-24,9:45:00.039235194,T,IBM,F I,5,304.09
2025-12-24,9:45:00.039256163,T,IBM,I,3,304.09
2025-12-24,9:45:00.039280266,T,IBM,F I,6,304.09
2025-12-24,9:45:00.052084772,T,IBM,I,4,304.095
2025-12-24,9:45:00.072121414,T,IBM,F,40,304.18
2025-12-24,9:45:02.158897296,T,IBM,F I,3,304.32
2025-12-24,9:45:12.225313367,T,IBM,I,5,304.32
2025-12-24,9:45:12.225316469,T,IBM,I,2,304.31
2025-12-24,9:45:12.225316469,T,IBM,,40,304.3
2025-12-24,9:45:12.225319507,T,IBM,I,8,304.29
2025-12-24,9:45:12.225319507,T,IBM,,45,304.29
2025-12-24,9:45:12.225427683,T,IBM,I,3,304.29
2025-12-24,9:45:12.225454703,T,IBM,F I,25,304.29
2025-12-24,9:45:12.225505879,T,IBM,F I,15,304.29
2025-12-24,9:45:12.227773201,T,IBM,,40,304.285
2025-12-24,9:45:12.227773201,T,IBM,I,5,304.285
2025-12-24,9:45:12.707183532,T,IBM,I,3,304.285
2025-12-24,9:45:13.632666703,T,IBM,,100,304.365
2025-12-24,9:45:17.002906999,T,IBM,I,2,304.4
2025-12-24,9:45:23.438831359,T,IBM,F I,25,304.38
2025-12-24,9:45:23.438882500,T,IBM,F I,15,304.38
2025-12-24,9:45:25.021869077,T,IBM,F I,2,304.38
2025-12-24,9:45:42.049055007,T,IBM,I,2,304.29
2025-12-24,9:45:42.049602883,T,IBM,F I,25,304.29
2025-12-24,9:45:42.049908923,T,IBM,F I,13,304.29
2025-12-24,9:45:50.353450381,T,IBM,,40,304.33
2025-12-24,9:46:19.667253293,T,IBM,I,4,304.275
2025-12-24,9:46:19.667256301,T,IBM,I,1,304.275
2025-12-24,9:46:19.699499041,T,IBM,I,4,304.31
2025-12-24,9:46:19.710845045,T,IBM,,77,304.34
2025-12-24,9:46:58.153326468,T,IBM,F I,1,304.25
2025-12-24,9:46:58.153347514,T,IBM,I,3,304.25
2025-12-24,9:46:58.153354018,T,IBM,F I,3,304.25
2025-12-24,9:46:58.153380895,T,IBM,F I,34,304.25
2025-12-24,9:46:58.153380895,T,IBM,F I,3,304.23
2025-12-24,9:46:58.154168505,T,IBM,F I,1,304.18
2025-12-24,9:46:58.154186441,T,IBM,F I,20,304.18
2025-12-24,9:47:10.088933567,T,IBM,,40,304.205
2025-12-24,9:47:10.088933567,T,IBM,I,2,304.205
2025-12-24,9:47:10.088935686,T,IBM,I,1,304.205
2025-12-24,9:47:10.093488616,T,IBM,I,2,304.205
2025-12-24,9:47:10.155303575,T,IBM,I,4,304.25
2025-12-24,9:47:23.452208444,T,IBM,I,4,304.24
2025-12-24,9:47:34.945518550,T,IBM,I,5,304.205
2025-12-24,9:47:44.316941169,T,IBM,I,2,304.205
2025-12-24,9:47:46.073188116,T,IBM,I,16,304.29
2025-12-24,9:47:46.073642282,T,IBM,,40,304.29
2025-12-24,9:48:11.477121986,T,IBM,F I,4,304.22
2025-12-24,9:48:11.477188281,T,IBM,F I,3,304.22
2025-12-24,9:48:53.990758629,T,IBM,F I,1,304.17
2025-12-24,9:48:56.534667754,T,IBM,F I,1,304.17
2025-12-24,9:48:59.435980606,T,IBM,I,10,304.225
2025-12-24,9:49:10.836983093,T,IBM,F I,4,304.2
2025-12-24,9:49:12.863462337,T,IBM,I,3,304.1
2025-12-24,9:49:19.417093012,T,IBM,I,9,304.17
2025-12-24,9:49:19.417093012,T,IBM,I,32,304.185
2025-12-24,9:49:19.422427744,T,IBM,F I,7,304.17
2025-12-24,9:49:25.691518665,T,IBM,I,1,304.19
2025-12-24,9:49:25.691521103,T,IBM,I,3,304.19
2025-12-24,9:49:25.691524012,T,IBM,,40,304.19
2025-12-24,9:49:25.691526998,T,IBM,I,1,304.19
2025-12-24,9:49:25.718633699,T,IBM,I,4,304.17
2025-12-24,9:49:25.718633699,T,IBM,I,38,304.14
2025-12-24,9:50:13.100336981,T,IBM,F I,2,304.03
2025-12-24,9:50:13.100529583,T,IBM,F I,25,304.03
2025-12-24,9:50:13.102081168,T,IBM,I,1,304.02
2025-12-24,9:50:14.338730428,T,IBM,I,25,304.04
2025-12-24,9:50:14.338730428,T,IBM,I,2,304.04
2025-12-24,9:50:14.338766250,T,IBM,F I,5,304.05
2025-12-24,9:50:15.458975010,T,IBM,I,20,304.19
2025-12-24,9:50:15.458978032,T,IBM,I,7,304.19
2025-12-24,9:50:16.886178678,T,IBM,I,3,304.07
2025-12-24,9:50:16.886181599,T,IBM,I,2,304.07
2025-12-24,9:50:21.402573478,T,IBM,F I,10,304.16
2025-12-24,9:50:21.402576401,T,IBM,F I,15,304.16
2025-12-24,9:50:21.402633530,T,IBM,F I,10,304.16
2025-12-24,9:50:21.873464514,T,IBM,F I,1,304.22
2025-12-24,9:50:21.874086926,T,IBM,F I,2,304.24
2025-12-24,9:50:21.874086926,T,IBM,F I,10,304.24
2025-12-24,9:50:21.874408663,T,IBM,F I,2,304.25
2025-12-24,9:50:21.874408663,T,IBM,F I,2,304.25
2025-12-24,9:50:21.874411666,T,IBM,F I,4,304.25
2025-12-24,9:50:21.874432839,T,IBM,F I,2,304.26
2025-12-24,9:50:25.816424172,T,IBM,F I,38,304.31
2025-12-24,9:50:25.817554948,T,IBM,I,30,304.33
2025-12-24,9:50:25.817557955,T,IBM,,44,304.315
2025-12-24,9:50:25.829890312,T,IBM,F I,17,304.34
2025-12-24,9:50:27.197416894,T,IBM,I,38,304.31
2025-12-24,9:50:28.273688111,T,IBM,I,25,304.24
2025-12-24,9:50:39.167361711,T,IBM,,120,304.14
2025-12-24,9:50:40.637405356,T,IBM,I,1,304.14
2025-12-24,9:50:40.637408466,T,IBM,F I,1,304.14
2025-12-24,9:50:40.637411577,T,IBM,F I,1,304.14
2025-12-24,9:50:40.637411577,T,IBM,F I,1,304.14
2025-12-24,9:50:40.637420402,T,IBM,F I,1,304.14
2025-12-24,9:50:40.637462442,T,IBM,F I,1,304.14
2025-12-24,9:50:40.637721122,T,IBM,F I,1,304.14
2025-12-24,9:50:40.637829327,T,IBM,,40,304.14
2025-12-24,9:50:40.642412255,T,IBM,F I,1,304.14
2025-12-24,9:50:44.093235558,T,IBM,F I,10,304.12
2025-12-24,9:50:44.093238398,T,IBM,F I,1,304.13
2025-12-24,9:50:50.406085784,T,IBM,I,14,304.18
2025-12-24,9:50:50.919549130,T,IBM,I,1,304.18
2025-12-24,9:51:03.423099728,T,IBM,I,10,304.18
2025-12-24,9:51:03.423099728,T,IBM,I,1,304.13
2025-12-24,9:51:03.423102458,T,IBM,I,25,304.11
2025-12-24,9:51:03.423102458,T,IBM,I,14,304.11
2025-12-24,9:51:04.303171436,T,IBM,F I,1,304.1
2025-12-24,9:51:43.381128854,T,IBM,F I,1,304.09
2025-12-24,9:51:43.381128854,T,IBM,F I,4,304.09
2025-12-24,9:51:43.381146898,T,IBM,F I,4,304.09
2025-12-24,9:51:43.381164986,T,IBM,I,5,304.09
2025-12-24,9:51:43.381267237,T,IBM,F I,5,304.09
2025-12-24,9:51:43.381279289,T,IBM,F I,25,304.09
2025-12-24,9:51:43.381531789,T,IBM,F I,5,304.09
2025-12-24,9:51:43.381534803,T,IBM,F I,4,304.09
2025-12-24,9:51:43.381634135,T,IBM,F I,5,304.09
2025-12-24,9:51:43.381688247,T,IBM,F I,5,304.09
2025-12-24,9:51:43.382361858,T,IBM,,62,304.09
2025-12-24,9:51:43.382440056,T,IBM,F I,5,304.08
2025-12-24,9:51:43.383372286,T,IBM,F,48,304.05
2025-12-24,9:51:55.382675760,T,IBM,F I,6,303.89
2025-12-24,9:51:55.382997569,T,IBM,I,26,303.89
2025-12-24,9:52:02.013617513,T,IBM,F I,1,303.71
2025-12-24,9:52:02.013663176,T,IBM,F I,5,303.7
2025-12-24,9:52:02.037491344,T,IBM,F I,5,303.7
2025-12-24,9:52:02.037494350,T,IBM,F I,1,303.71
2025-12-24,9:52:02.037497349,T,IBM,F,44,303.73
2025-12-24,9:52:03.134542284,T,IBM,I,2,303.67
2025-12-24,9:52:03.134542284,T,IBM,I,1,303.67
2025-12-24,9:52:03.134545662,T,IBM,I,3,303.67
2025-12-24,9:52:03.141317213,T,IBM,I,15,303.645
2025-12-24,9:52:03.141317213,T,IBM,I,15,303.645
2025-12-24,9:52:03.143648794,T,IBM,I,1,303.65
2025-12-24,9:52:03.143651068,T,IBM,I,5,303.66
2025-12-24,9:52:03.143653780,T,IBM,I,5,303.69
2025-12-24,9:52:03.280867424,T,IBM,I,10,303.675
2025-12-24,9:52:03.422961660,T,IBM,I,5,303.675
2025-12-24,9:52:03.422964649,T,IBM,I,1,303.675
2025-12-24,9:52:04.041603394,T,IBM,F I,8,303.675
2025-12-24,9:52:09.128032304,T,IBM,F I,5,303.7
2025-12-24,9:52:10.768536718,T,IBM,F I,25,303.69
2025-12-24,9:52:10.768584825,T,IBM,F I,25,303.69
2025-12-24,9:52:19.617961814,T,IBM,,45,303.69
2025-12-24,9:52:28.264235277,T,IBM,,40,303.69
2025-12-24,9:53:20.783384158,T,IBM,F I,12,303.84
2025-12-24,9:53:20.783417293,T,IBM,I,3,303.85
2025-12-24,9:53:20.783463214,T,IBM,I,3,303.85
2025-12-24,9:53:20.783663795,T,IBM,F I,3,303.85
2025-12-24,9:53:20.783736053,T,IBM,I,3,303.85
2025-12-24,9:53:20.783778086,T,IBM,I,7,303.85
2025-12-24,9:53:20.783808195,T,IBM,I,11,303.85
2025-12-24,9:53:20.783808195,T,IBM,I,12,303.85
2025-12-24,9:53:20.783811216,T,IBM,I,1,303.85
2025-12-24,9:53:20.783829262,T,IBM,I,3,303.85
2025-12-24,9:53:20.783841224,T,IBM,I,3,303.85
2025-12-24,9:53:20.783841224,T,IBM,I,3,303.85
2025-12-24,9:53:20.783913456,T,IBM,F I,3,303.85
2025-12-24,9:53:20.783961591,T,IBM,I,3,303.85
2025-12-24,9:53:20.783973532,T,IBM,F I,3,303.85
2025-12-24,9:53:20.783985572,T,IBM,F I,3,303.85
2025-12-24,9:53:20.783994586,T,IBM,F I,3,303.86
2025-12-24,9:53:20.784018698,T,IBM,I,3,303.86
2025-12-24,9:53:21.034112620,T,IBM,I,30,303.94
2025-12-24,9:53:21.034115070,T,IBM,,45,303.95
2025-12-24,9:53:21.326804886,T,IBM,F I,8,303.98
2025-12-24,9:53:31.787155925,T,IBM,,62,303.98
2025-12-24,9:53:31.789182610,T,IBM,F I,17,303.96
2025-12-24,9:53:31.789293818,T,IBM,I,11,303.95
2025-12-24,9:53:43.955518995,T,IBM,I,1,303.98
2025-12-24,9:53:43.955518995,T,IBM,I,4,303.98
2025-12-24,9:53:44.950530527,T,IBM,I,21,303.98
2025-12-24,9:53:50.263723236,T,IBM,F,40,304.05
2025-12-24,9:53:50.265214798,T,IBM,I,8,304.06
2025-12-24,9:53:50.265217838,T,IBM,I,17,304.06
2025-12-24,9:53:50.265241835,T,IBM,I,24,304.06
2025-12-24,9:53:50.265813179,T,IBM,I,2,304.07
2025-12-24,9:53:50.265813179,T,IBM,I,3,304.07
2025-12-24,9:53:54.264802361,T,IBM,F I,5,303.96
2025-12-24,9:53:54.264802361,T,IBM,F I,20,303.96
2025-12-24,9:53:56.862746857,T,IBM,F I,25,303.91
2025-12-24,9:53:56.863474686,T,IBM,F I,25,303.91
2025-12-24,9:54:01.337023339,T,IBM,F I,5,303.94
2025-12-24,9:54:03.350716192,T,IBM,I,22,303.99
2025-12-24,9:54:04.667632212,T,IBM,F,40,304.12
2025-12-24,9:54:20.318131763,T,IBM,F I,25,304.16
2025-12-24,9:54:21.859727824,T,IBM,F I,2,304.22
2025-12-24,9:54:21.859727824,T,IBM,F I,3,304.22
2025-12-24,9:54:21.859839085,T,IBM,I,3,304.23
2025-12-24,9:54:26.150802118,T,IBM,,45,304.185
2025-12-24,9:54:43.010793276,T,IBM,I,1,304.1
2025-12-24,9:54:56.161405622,T,IBM,F I,1,304.07
2025-12-24,9:55:05.426414041,T,IBM,I,25,304.095
2025-12-24,9:55:08.049080729,T,IBM,I,19,304.15
2025-12-24,9:55:08.049102442,T,IBM,,329,304.2
2025-12-24,9:55:08.049104729,T,IBM,F,47,304.2
2025-12-24,9:55:08.049107561,T,IBM,F,54,304.2
2025-12-24,9:55:08.049110579,T,IBM,F I,16,304.2
2025-12-24,9:55:08.049123161,T,IBM,I,1,304.2
2025-12-24,9:55:08.049125670,T,IBM,,534,304.2
2025-12-24,9:55:08.053904067,T,IBM,I,3,304.21
2025-12-24,9:55:08.053928060,T,IBM,F I,2,304.22
2025-12-24,9:55:08.053937115,T,IBM,I,2,304.22
2025-12-24,9:55:08.054544568,T,IBM,F I,7,304.18
2025-12-24,9:55:08.054547560,T,IBM,F I,18,304.18
2025-12-24,9:55:08.054607728,T,IBM,,100,304.18
2025-12-24,9:55:08.054625835,T,IBM,I,1,304.18
2025-12-24,9:55:08.054646814,T,IBM,I,8,304.18
2025-12-24,9:55:08.054980590,T,IBM,I,3,304.22
2025-12-24,9:55:08.054980590,T,IBM,I,3,304.23
2025-12-24,9:55:08.140751034,T,IBM,F I,5,304.22
2025-12-24,9:55:08.140751034,T,IBM,F I,5,304.19
2025-12-24,9:55:09.462872276,T,IBM,I,1,304.15
2025-12-24,9:55:31.924800694,T,IBM,I,2,304.145
2025-12-24,9:55:31.924800694,T,IBM,I,2,304.145
2025-12-24,9:55:47.337039849,T,IBM,,100,304.15
2025-12-24,9:56:45.053030929,T,IBM,F I,1,304.06
2025-12-24,9:56:45.053048966,T,IBM,F I,39,304.06
2025-12-24,9:56:45.053051951,T,IBM,F I,39,304.06
2025-12-24,9:56:45.053070286,T,IBM,I,1,304.06
2025-12-24,9:56:45.053073000,T,IBM,I,17,304.06
2025-12-24,9:56:50.942187625,T,IBM,I,8,304.09
2025-12-24,9:56:57.661596846,T,IBM,I,2,304.06
2025-12-24,9:57:07.035834254,T,IBM,I,5,304.1
2025-12-24,9:57:14.375656374,T,IBM,I,2,304.1
2025-12-24,9:57:21.035496894,T,IBM,I,4,304.04
2025-12-24,9:57:21.035556977,T,IBM,I,4,304.06
2025-12-24,9:57:26.131978566,T,IBM,I,25,304.14
2025-12-24,9:57:26.132084403,T,IBM,F I,20,304.17
2025-12-24,9:57:26.132084403,T,IBM,F I,4,304.18
2025-12-24,9:57:26.132086836,T,IBM,F I,1,304.18
2025-12-24,9:57:26.132093132,T,IBM,I,19,304.18
2025-12-24,9:57:26.132095878,T,IBM,I,1,304.18
2025-12-24,9:57:27.362577538,T,IBM,F I,23,304.07
2025-12-24,9:57:27.362580223,T,IBM,F,57,304.06
2025-12-24,9:57:27.362592389,T,IBM,F I,23,304.06
2025-12-24,9:57:27.362592389,T,IBM,F,58,304.06
2025-12-24,9:57:27.362598166,T,IBM,I,22,304.06
2025-12-24,9:57:27.362601190,T,IBM,F I,1,304.05
2025-12-24,9:57:27.363407970,T,IBM,F I,3,304.02
2025-12-24,9:57:27.363410151,T,IBM,F I,4,304.02
2025-12-24,9:57:27.363686787,T,IBM,F I,4,304.01
2025-12-24,9:57:29.764629471,T,IBM,F I,2,304.0
2025-12-24,9:57:37.625030071,T,IBM,F,80,303.94
2025-12-24,9:57:37.625033809,T,IBM,F I,9,303.94
2025-12-24,9:57:37.625033809,T,IBM,F I,31,303.94
2025-12-24,9:57:54.057451130,T,IBM,I,32,303.88
2025-12-24,9:57:54.057451130,T,IBM,I,2,303.88
2025-12-24,9:59:01.259503675,T,IBM,I,2,303.925
2025-12-24,9:59:01.259503675,T,IBM,I,2,303.925
2025-12-24,9:59:01.259506494,T,IBM,,40,303.925
2025-12-24,9:59:01.842865555,T,IBM,I,11,304.05
2025-12-24,9:59:01.843397524,T,IBM,F I,24,304.05
2025-12-24,9:59:01.843400412,T,IBM,F I,1,304.05
2025-12-24,9:59:01.860733737,T,IBM,F I,8,303.99
2025-12-24,9:59:20.764654422,T,IBM,I,5,304.07
2025-12-24,9:59:20.764657377,T,IBM,F I,5,304.07
2025-12-24,9:59:20.764669780,T,IBM,F I,3,304.07
2025-12-24,9:59:20.764669780,T,IBM,F I,2,304.07
2025-12-24,9:59:20.764819837,T,IBM,F I,5,304.07
2025-12-24,9:59:20.803242326,T,IBM,I,5,304.08
2025-12-24,9:59:21.132559300,T,IBM,I,25,304.08
2025-12-24,9:59:21.694750611,T,IBM,I,5,304.09
2025-12-24,9:59:26.318146036,T,IBM,I,5,304.14
2025-12-24,9:59:26.318362554,T,IBM,F I,4,304.21
2025-12-24,9:59:26.318365637,T,IBM,F,40,304.21
2025-12-24,9:59:37.676975981,T,IBM,I,2,304.28
2025-12-24,10:00:02.784493977,T,IBM,,40,304.14
2025-12-24,10:00:02.784590207,T,IBM,I,6,304.13
2025-12-24,10:00:02.784590207,T,IBM,I,1,304.13
2025-12-24,10:00:02.784596287,T,IBM,I,3,304.13
2025-12-24,10:00:02.784596287,T,IBM,I,7,304.13
2025-12-24,10:00:02.784725545,T,IBM,I,20,304.13
2025-12-24,10:00:15.601441004,T,IBM,,44,304.195
2025-12-24,10:00:21.101952433,T,IBM,I,30,304.195
2025-12-24,10:00:22.033549108,T,IBM,,45,304.195
2025-12-24,10:00:22.033549108,T,IBM,I,3,304.195
2025-12-24,10:00:46.693824982,T,IBM,,40,304.13
2025-12-24,10:00:46.701878072,T,IBM,I,1,304.12
2025-12-24,10:00:46.702431456,T,IBM,I,23,304.13
2025-12-24,10:00:46.702434407,T,IBM,I,2,304.14
2025-12-24,10:00:46.702518608,T,IBM,I,20,304.14
2025-12-24,10:00:46.702536710,T,IBM,I,1,304.14
2025-12-24,10:00:46.702602856,T,IBM,I,1,304.14
2025-12-24,10:00:46.702606439,T,IBM,I,17,304.14
2025-12-24,10:00:46.702608870,T,IBM,,45,304.17
2025-12-24,10:00:46.702611821,T,IBM,I,12,304.18
2025-12-24,10:00:58.932378082,T,IBM,I,25,304.16
2025-12-24,10:00:58.932378082,T,IBM,I,27,304.16
2025-12-24,10:01:17.018420704,T,IBM,,40,304.17
2025-12-24,10:01:33.644490760,T,IBM,F I,25,304.17
2025-12-24,10:01:33.644541937,T,IBM,F I,25,304.17
2025-12-24,10:01:33.644580969,T,IBM,F I,25,304.17
2025-12-24,10:01:33.644614084,T,IBM,F I,25,304.17
2025-12-24,10:02:16.931490408,T,IBM,F I,20,304.15
2025-12-24,10:02:35.123114702,T,IBM,F I,7,304.1
2025-12-24,10:02:35.139654377,T,IBM,F I,8,304.1
2025-12-24,10:02:35.139657808,T,IBM,F I,1,304.1
2025-12-24,10:02:35.139657808,T,IBM,F I,5,304.1
2025-12-24,10:02:35.139660340,T,IBM,F,53,304.1
2025-12-24,10:02:35.139663326,T,IBM,F I,14,304.1
2025-12-24,10:02:35.139663326,T,IBM,F I,5,304.1
2025-12-24,10:02:35.139852521,T,IBM,F I,10,304.1
2025-12-24,10:02:35.139855932,T,IBM,F I,1,304.09
2025-12-24,10:02:35.139855932,T,IBM,F I,3,304.09
2025-12-24,10:02:35.139855932,T,IBM,F I,2,304.09
2025-12-24,10:02:48.568576252,T,IBM,I,2,304.17
2025-12-24,10:03:13.267220486,T,IBM,,40,304.17
2025-12-24,10:03:24.529075677,T,IBM,I,13,304.22
2025-12-24,10:03:33.074798799,T,IBM,F I,20,304.25
2025-12-24,10:03:33.074807895,T,IBM,I,20,304.25
2025-12-24,10:03:33.074816832,T,IBM,I,1,304.25
2025-12-24,10:03:33.074819913,T,IBM,I,9,304.25
2025-12-24,10:03:33.074822854,T,IBM,I,11,304.25
2025-12-24,10:03:33.074855982,T,IBM,F I,20,304.25
2025-12-24,10:03:33.074877020,T,IBM,I,3,304.25
2025-12-24,10:03:33.075307011,T,IBM,F I,2,304.27
2025-12-24,10:03:33.075451325,T,IBM,I,3,304.28
2025-12-24,10:03:33.075493469,T,IBM,I,31,304.29
2025-12-24,10:03:33.075521452,T,IBM,F I,9,304.29
2025-12-24,10:03:33.075521452,T,IBM,F I,4,304.29
2025-12-24,10:03:33.075526544,T,IBM,F I,2,304.29
2025-12-24,10:03:33.075526544,T,IBM,F I,32,304.29
2025-12-24,10:03:33.075529554,T,IBM,I,8,304.29
2025-12-24,10:03:33.075803165,T,IBM,F I,2,304.3
2025-12-24,10:03:33.075806208,T,IBM,F,40,304.31
2025-12-24,10:03:33.076031802,T,IBM,F I,2,304.32
2025-12-24,10:03:33.076076867,T,IBM,F I,1,304.32
2025-12-24,10:03:33.080578633,T,IBM,I,1,304.34
2025-12-24,10:03:33.080614617,T,IBM,,99,304.34
2025-12-24,10:03:33.119939259,T,IBM,I,1,304.36
2025-12-24,10:03:33.252609372,T,IBM,I,6,304.4
2025-12-24,10:03:33.252609372,T,IBM,,94,304.4
2025-12-24,10:03:33.252612124,T,IBM,I,7,304.43
2025-12-24,10:03:33.252867716,T,IBM,F I,1,304.44
2025-12-24,10:03:33.252870731,T,IBM,F,100,304.44
2025-12-24,10:03:33.252894829,T,IBM,I,5,304.46
2025-12-24,10:03:33.268342605,T,IBM,I,10,304.44
2025-12-24,10:03:33.309423377,T,IBM,I,12,304.42
2025-12-24,10:03:33.309426723,T,IBM,I,3,304.42
2025-12-24,10:03:33.309429368,T,IBM,,100,304.42
2025-12-24,10:03:33.309429368,T,IBM,I,5,304.42
2025-12-24,10:03:33.521031153,T,IBM,F I,4,304.47
2025-12-24,10:03:33.521064168,T,IBM,,96,304.47
2025-12-24,10:03:36.930325407,T,IBM,I,18,304.46
2025-12-24,10:03:36.930328780,T,IBM,I,12,304.43
2025-12-24,10:03:36.930328780,T,IBM,I,5,304.43
2025-12-24,10:03:36.930331349,T,IBM,I,11,304.42
2025-12-24,10:03:36.930347034,T,IBM,F I,29,304.42
2025-12-24,10:03:36.930349736,T,IBM,F I,2,304.42
2025-12-24,10:03:36.930353140,T,IBM,F,70,304.42
2025-12-24,10:03:36.930353140,T,IBM,F I,12,304.42
2025-12-24,10:03:36.930355416,T,IBM,F I,3,304.42
2025-12-24,10:03:36.930358411,T,IBM,F I,8,304.42
2025-12-24,10:03:36.930370622,T,IBM,I,1,304.43
2025-12-24,10:03:36.930370622,T,IBM,I,8,304.43
2025-12-24,10:03:36.930376436,T,IBM,I,9,304.43
2025-12-24,10:03:36.930409655,T,IBM,,72,304.42
2025-12-24,10:03:36.930409655,T,IBM,I,1,304.42
2025-12-24,10:03:36.930412573,T,IBM,F,76,304.42
2025-12-24,10:03:36.930418989,T,IBM,I,15,304.42
2025-12-24,10:03:36.930421615,T,IBM,,76,304.42
2025-12-24,10:03:36.930430557,T,IBM,I,1,304.42
2025-12-24,10:03:36.930433583,T,IBM,F I,15,304.42
2025-12-24,10:03:36.930442834,T,IBM,I,15,304.42
2025-12-24,10:03:36.930547894,T,IBM,,80,304.42
2025-12-24,10:03:36.930568963,T,IBM,F,144,304.42
2025-12-24,10:03:48.403875579,T,IBM,I,2,304.53
2025-12-24,10:03:48.404353721,T,IBM,I,2,304.55
2025-12-24,10:03:52.580013317,T,IBM,,120,304.49
2025-12-24,10:03:53.295131277,T,IBM,F,122,304.49
2025-12-24,10:03:53.295134100,T,IBM,F I,38,304.49
2025-12-24,10:03:53.295134100,T,IBM,F,66,304.49
2025-12-24,10:03:53.295139769,T,IBM,F I,4,304.49
2025-12-24,10:03:53.395993958,T,IBM,,40,304.49
2025-12-24,10:04:04.883993538,T,IBM,I,3,304.44
2025-12-24,10:04:32.417717964,T,IBM,I,6,304.42
2025-12-24,10:04:32.417925905,T,IBM,F I,1,304.42
2025-12-24,10:04:32.418208103,T,IBM,F I,2,304.39
2025-12-24,10:04:32.472315911,T,IBM,,72,304.36
2025-12-24,10:04:32.969236857,T,IBM,I,3,304.25
2025-12-24,10:04:33.442924515,T,IBM,,40,304.26
2025-12-24,10:04:33.473164546,T,IBM,F I,3,304.25
2025-12-24,10:04:54.677258234,T,IBM,,40,304.1
2025-12-24,10:04:54.677261445,T,IBM,,80,304.1
2025-12-24,10:04:54.677261445,T,IBM,I,20,304.1
2025-12-24,10:04:54.677264240,T,IBM,I,6,304.09
2025-12-24,10:04:54.929435629,T,IBM,,114,304.09
2025-12-24,10:04:54.929438632,T,IBM,I,1,304.09
2025-12-24,10:04:54.929438632,T,IBM,I,5,304.09
2025-12-24,10:04:59.094167523,T,IBM,I,1,304.12
2025-12-24,10:04:59.094167523,T,IBM,I,10,304.12
2025-12-24,10:05:00.532278462,T,IBM,I,10,304.12
2025-12-24,10:05:00.532281284,T,IBM,I,1,304.12
2025-12-24,10:05:00.532281284,T,IBM,I,10,304.12
2025-12-24,10:05:00.535637573,T,IBM,I,1,304.12
2025-12-24,10:05:00.535637573,T,IBM,I,10,304.12
2025-12-24,10:05:00.535639842,T,IBM,I,29,304.11
2025-12-24,10:05:00.535657962,T,IBM,F I,11,304.11
2025-12-24,10:05:00.535925539,T,IBM,,40,304.1
2025-12-24,10:05:32.616495281,T,IBM,,40,304.09
2025-12-24,10:06:05.714549150,T,IBM,,40,304.185
2025-12-24,10:06:05.714549150,T,IBM,I,15,304.185
2025-12-24,10:06:05.717866113,T,IBM,I,12,304.24
2025-12-24,10:06:05.727958142,T,IBM,,40,304.185
2025-12-24,10:06:05.727982129,T,IBM,F I,25,304.19
2025-12-24,10:06:43.670752474,T,IBM,I,1,304.11
2025-12-24,10:06:43.670782521,T,IBM,,40,304.1
2025-12-24,10:06:43.670797573,T,IBM,I,1,304.1
2025-12-24,10:06:43.670803774,T,IBM,F I,2,304.09
2025-12-24,10:06:43.671720763,T,IBM,F I,1,304.05
2025-12-24,10:06:47.101854568,T,IBM,I,7,304.04
2025-12-24,10:06:47.101857742,T,IBM,,100,304.04
2025-12-24,10:06:47.101860590,T,IBM,I,20,304.04
2025-12-24,10:06:47.101860590,T,IBM,,100,304.02
2025-12-24,10:06:47.101863676,T,IBM,,40,304.01
2025-12-24,10:06:47.101873108,T,IBM,I,1,304.04
2025-12-24,10:06:47.104164600,T,IBM,F I,5,304.05
2025-12-24,10:06:47.104167282,T,IBM,F I,1,304.05
2025-12-24,10:06:47.104170085,T,IBM,F,194,304.04
2025-12-24,10:06:47.104185479,T,IBM,F I,5,304.04
2025-12-24,10:06:47.104188131,T,IBM,F I,1,304.04
2025-12-24,10:06:47.104194189,T,IBM,I,6,304.04
2025-12-24,10:06:47.104209209,T,IBM,F,194,304.04
2025-12-24,10:06:47.107457574,T,IBM,I,5,304.035
2025-12-24,10:06:47.107459956,T,IBM,I,4,304.035
2025-12-24,10:06:47.107462908,T,IBM,,40,304.035
2025-12-24,10:06:47.107462908,T,IBM,I,3,304.035
2025-12-24,10:07:07.393426088,T,IBM,I,20,304.06
2025-12-24,10:07:26.948568078,T,IBM,,40,304.08
2025-12-24,10:07:26.948568078,T,IBM,,40,304.08
2025-12-24,10:07:26.960870403,T,IBM,,40,304.08
2025-12-24,10:07:26.968562670,T,IBM,,40,304.08
2025-12-24,10:07:33.850914763,T,IBM,F,40,304.02
2025-12-24,10:07:33.850914763,T,IBM,F I,1,304.01
2025-12-24,10:07:33.850932801,T,IBM,F I,39,304.01
2025-12-24,10:07:33.850935778,T,IBM,F I,1,304.01
2025-12-24,10:07:33.850953825,T,IBM,I,1,304.01
2025-12-24,10:07:33.851446954,T,IBM,I,15,304.01
2025-12-24,10:07:33.852108503,T,IBM,,100,303.97
2025-12-24,10:07:33.852168656,T,IBM,F I,25,303.96
2025-12-24,10:07:33.852394310,T,IBM,I,17,303.99
2025-12-24,10:07:33.852397245,T,IBM,,45,304.01
2025-12-24,10:07:33.852511461,T,IBM,F I,8,304.01
2025-12-24,10:07:33.856100028,T,IBM,F I,20,303.95
2025-12-24,10:07:33.856100028,T,IBM,F,40,303.94
2025-12-24,10:07:33.856105097,T,IBM,F,56,303.94
2025-12-24,10:07:33.856105097,T,IBM,F I,24,303.94
2025-12-24,10:07:33.856105097,T,IBM,F,80,303.94
2025-12-24,10:07:33.856201266,T,IBM,I,20,303.94
2025-12-24,10:07:35.912346117,T,IBM,F I,25,303.81
2025-12-24,10:07:35.912403316,T,IBM,F I,15,303.81
2025-12-24,10:07:35.987365878,T,IBM,I,20,303.78
2025-12-24,10:07:41.409501903,T,IBM,I,2,303.78
2025-12-24,10:07:53.160354046,T,IBM,,40,303.86
2025-12-24,10:07:53.168656808,T,IBM,,40,303.86
2025-12-24,10:07:53.176261993,T,IBM,,40,303.86
2025-12-24,10:07:53.185845780,T,IBM,,40,303.86
2025-12-24,10:07:53.193571158,T,IBM,,40,303.86
2025-12-24,10:07:54.173760657,T,IBM,,40,303.86
2025-12-24,10:07:54.181491967,T,IBM,,40,303.86
2025-12-24,10:07:54.726217780,T,IBM,,40,303.86
2025-12-24,10:07:55.175415242,T,IBM,,40,303.86
2025-12-24,10:07:56.544541526,T,IBM,I,2,303.95
2025-12-24,10:07:56.544658795,T,IBM,F I,2,303.96
2025-12-24,10:07:56.545152044,T,IBM,F I,25,303.98
2025-12-24,10:07:56.545203112,T,IBM,F I,5,303.98
2025-12-24,10:08:01.805728326,T,IBM,F I,2,304.03
2025-12-24,10:08:01.805737283,T,IBM,F I,4,304.04
2025-12-24,10:08:01.805740296,T,IBM,F I,2,304.04
2025-12-24,10:08:01.805743866,T,IBM,F,40,304.04
2025-12-24,10:08:01.805746596,T,IBM,F I,1,304.05
2025-12-24,10:08:01.805746596,T,IBM,F I,2,304.05
2025-12-24,10:08:01.805812487,T,IBM,F I,2,304.06
2025-12-24,10:08:01.805818544,T,IBM,F I,20,304.07
2025-12-24,10:09:15.205692107,T,IBM,,40,304.0
2025-12-24,10:09:15.233676761,T,IBM,F I,22,304.0
2025-12-24,10:09:15.233778973,T,IBM,F I,18,304.0
2025-12-24,10:09:15.233782263,T,IBM,F I,22,303.99
2025-12-24,10:09:15.233782263,T,IBM,F I,2,303.99
2025-12-24,10:09:15.233785467,T,IBM,F I,31,303.98
2025-12-24,10:09:15.233836490,T,IBM,I,9,303.98
2025-12-24,10:09:15.233836490,T,IBM,I,1,303.98
2025-12-24,10:09:15.233836490,T,IBM,I,10,303.98
2025-12-24,10:09:18.193027722,T,IBM,I,25,303.92
2025-12-24,10:09:18.193027722,T,IBM,,40,303.92
2025-12-24,10:09:18.404268648,T,IBM,F I,11,303.9
2025-12-24,10:09:21.200316063,T,IBM,,40,303.83
2025-12-24,10:09:24.885360799,T,IBM,I,2,303.82
2025-12-24,10:09:25.989781792,T,IBM,I,2,303.82
2025-12-24,10:09:28.680734984,T,IBM,I,2,303.82
2025-12-24,10:09:31.992558173,T,IBM,I,5,303.82
2025-12-24,10:09:36.002252645,T,IBM,F,80,303.81
2025-12-24,10:09:36.003040555,T,IBM,I,6,303.76
2025-12-24,10:09:36.003082628,T,IBM,I,24,303.75
2025-12-24,10:09:36.003103713,T,IBM,F I,36,303.74
2025-12-24,10:09:36.254703690,T,IBM,F I,20,303.65
2025-12-24,10:09:36.254706635,T,IBM,F,40,303.64
2025-12-24,10:09:36.254730688,T,IBM,F,50,303.63
2025-12-24,10:09:36.254736711,T,IBM,F I,25,303.63
2025-12-24,10:09:36.254992617,T,IBM,F I,5,303.63
2025-12-24,10:09:36.254995700,T,IBM,F I,5,303.61
2025-12-24,10:09:36.254995700,T,IBM,I,5,303.61
2025-12-24,10:09:36.896716962,T,IBM,F I,2,303.64
2025-12-24,10:09:42.133711204,T,IBM,,40,303.63
2025-12-24,10:09:42.141469680,T,IBM,,40,303.63
2025-12-24,10:10:08.728242429,T,IBM,,40,303.655
2025-12-24,10:10:26.004373366,T,IBM,F I,25,303.73
2025-12-24,10:10:26.004424479,T,IBM,F I,15,303.73
2025-12-24,10:10:26.052743524,T,IBM,F I,30,303.77
2025-12-24,10:10:26.052824666,T,IBM,F I,10,303.77
2025-12-24,10:10:36.932650370,T,IBM,F I,25,303.9
2025-12-24,10:10:44.350258786,T,IBM,I,1,303.91
2025-12-24,10:10:50.985299275,T,IBM,F I,1,303.95
2025-12-24,10:10:50.985329262,T,IBM,F I,1,303.96
2025-12-24,10:10:50.990471539,T,IBM,F I,5,303.98
2025-12-24,10:10:50.993568909,T,IBM,F I,6,304.05
2025-12-24,10:10:50.993568909,T,IBM,F I,2,304.05
2025-12-24,10:10:50.994648457,T,IBM,F,40,304.17
2025-12-24,10:10:51.332364455,T,IBM,I,20,304.23
2025-12-24,10:10:51.332382530,T,IBM,I,7,304.23
2025-12-24,10:10:54.318272011,T,IBM,,40,304.12
2025-12-24,10:10:54.318272011,T,IBM,I,5,304.12
2025-12-24,10:11:12.416514920,T,IBM,I,1,304.08
2025-12-24,10:11:33.391454259,T,IBM,F I,17,303.98
2025-12-24,10:11:33.391466317,T,IBM,F I,23,303.98
2025-12-24,10:11:33.391472415,T,IBM,I,2,304.08
2025-12-24,10:11:33.391511420,T,IBM,F I,17,304.02
2025-12-24,10:11:33.391517612,T,IBM,F I,5,304.02
2025-12-24,10:11:33.391550508,T,IBM,I,5,304.02
2025-12-24,10:11:33.391562525,T,IBM,F I,3,303.96
2025-12-24,10:11:33.391586615,T,IBM,F I,9,303.96
2025-12-24,10:11:33.391586615,T,IBM,F I,8,303.94
2025-12-24,10:11:33.391590505,T,IBM,F I,4,303.94
2025-12-24,10:11:33.391592592,T,IBM,F I,1,303.9
2025-12-24,10:11:53.498732060,T,IBM,I,5,303.92
2025-12-24,10:11:53.498735161,T,IBM,I,1,303.91
2025-12-24,10:11:53.498753138,T,IBM,F,79,303.91
2025-12-24,10:11:53.499580162,T,IBM,F I,7,303.9
2025-12-24,10:11:53.500085361,T,IBM,F I,1,303.88
2025-12-24,10:12:19.382629893,T,IBM,F I,1,303.82
2025-12-24,10:13:16.135531570,T,IBM,I,7,303.55
2025-12-24,10:13:16.135582591,T,IBM,F I,6,303.54
2025-12-24,10:13:16.135588693,T,IBM,F I,7,303.52
2025-12-24,10:13:16.135606935,T,IBM,F,73,303.52
2025-12-24,10:13:16.135766023,T,IBM,F I,1,303.51
2025-12-24,10:13:16.135982611,T,IBM,I,6,303.56
2025-12-24,10:13:19.527994745,T,IBM,F I,28,303.37
2025-12-24,10:13:19.528121080,T,IBM,I,6,303.45
2025-12-24,10:13:23.548906160,T,IBM,I,9,303.41
2025-12-24,10:13:23.548909174,T,IBM,I,20,303.4
2025-12-24,10:13:25.691061873,T,IBM,I,20,303.4
2025-12-24,10:13:26.932390075,T,IBM,I,20,303.4
2025-12-24,10:13:28.380743039,T,IBM,I,20,303.4
2025-12-24,10:13:45.514509911,T,IBM,F I,1,303.49
2025-12-24,10:13:45.514515208,T,IBM,F I,10,303.49
2025-12-24,10:13:45.514515208,T,IBM,F I,11,303.49
2025-12-24,10:13:45.514557279,T,IBM,I,26,303.49
2025-12-24,10:13:45.514575330,T,IBM,I,3,303.49
2025-12-24,10:13:45.514945187,T,IBM,F I,4,303.47
2025-12-24,10:14:00.123155019,T,IBM,F I,2,303.46
2025-12-24,10:14:00.123167243,T,IBM,F,56,303.45
2025-12-24,10:14:00.123185062,T,IBM,F I,24,303.45
2025-12-24,10:14:39.734643350,T,IBM,F I,1,303.37
2025-12-24,10:14:50.177324513,T,IBM,F I,10,303.42
2025-12-24,10:14:50.177345596,T,IBM,F I,2,303.42
2025-12-24,10:14:50.177345596,T,IBM,I,10,303.42
2025-12-24,10:14:50.177814686,T,IBM,I,28,303.42
2025-12-24,10:14:50.178331902,T,IBM,F I,25,303.41
2025-12-24,10:14:50.181507820,T,IBM,F I,11,303.38
2025-12-24,10:14:50.181507820,T,IBM,F I,20,303.38
2025-12-24,10:14:54.492793681,T,IBM,,40,303.41
2025-12-24,10:14:54.492811940,T,IBM,F,41,303.41
2025-12-24,10:14:54.492850955,T,IBM,I,19,303.41
2025-12-24,10:14:54.492853875,T,IBM,I,11,303.42
2025-12-24,10:14:54.492853875,T,IBM,I,21,303.42
2025-12-24,10:14:54.492856180,T,IBM,I,9,303.42
2025-12-24,10:14:54.492859528,T,IBM,,80,303.42
2025-12-24,10:14:54.492862275,T,IBM,,40,303.42
2025-12-24,10:15:08.345763972,T,IBM,,40,303.37
2025-12-24,10:15:11.139195627,T,IBM,I,18,303.42
2025-12-24,10:15:11.139195627,T,IBM,F I,22,303.42
2025-12-24,10:15:11.139661128,T,IBM,F I,6,303.48
2025-12-24,10:15:11.139772485,T,IBM,F I,25,303.49
2025-12-24,10:15:11.139811569,T,IBM,F I,15,303.49
2025-12-24,10:15:11.139811569,T,IBM,F I,3,303.5
2025-12-24,10:15:11.142310528,T,IBM,I,2,303.47
2025-12-24,10:15:12.477185387,T,IBM,I,2,303.46
2025-12-24,10:15:12.477188371,T,IBM,I,10,303.45
2025-12-24,10:15:12.477191296,T,IBM,I,12,303.45
2025-12-24,10:15:14.098528152,T,IBM,,40,303.475
2025-12-24,10:15:14.099860353,T,IBM,F I,25,303.49
2025-12-24,10:15:19.029898927,T,IBM,I,15,303.49
2025-12-24,10:15:21.358182749,T,IBM,F,40,303.6
2025-12-24,10:15:21.358182749,T,IBM,F I,20,303.6
2025-12-24,10:15:45.736850430,T,IBM,F I,8,303.71
2025-12-24,10:15:45.736907550,T,IBM,F I,8,303.71
2025-12-24,10:15:45.759419193,T,IBM,F I,8,303.71
2025-12-24,10:15:45.759443233,T,IBM,I,8,303.71
2025-12-24,10:15:50.029281114,T,IBM,I,13,303.71
2025-12-24,10:15:50.029350283,T,IBM,I,1,303.71
2025-12-24,10:15:50.029374343,T,IBM,F I,8,303.71
2025-12-24,10:15:50.029647936,T,IBM,I,8,303.72
2025-12-24,10:16:18.287767380,T,IBM,F I,2,303.65
2025-12-24,10:16:18.287767380,T,IBM,F I,13,303.65
2025-12-24,10:16:18.287770269,T,IBM,F I,1,303.65
2025-12-24,10:16:18.287770269,T,IBM,F I,22,303.65
2025-12-24,10:16:18.287785265,T,IBM,I,12,303.65
2025-12-24,10:16:18.287797277,T,IBM,I,35,303.65
2025-12-24,10:16:18.287800688,T,IBM,I,11,303.65
2025-12-24,10:16:18.287995733,T,IBM,F I,1,303.64
2025-12-24,10:16:21.550065592,T,IBM,F I,2,303.56
2025-12-24,10:16:21.550065592,T,IBM,F I,1,303.57
2025-12-24,10:16:22.605740694,T,IBM,F I,1,303.64
2025-12-24,10:16:50.223223868,T,IBM,F I,2,303.58
2025-12-24,10:16:50.223226923,T,IBM,F I,1,303.59
2025-12-24,10:16:51.362043988,T,IBM,,40,303.62
2025-12-24,10:16:52.665103018,T,IBM,I,1,303.7
2025-12-24,10:16:52.665148814,T,IBM,F I,10,303.74
2025-12-24,10:16:52.665151509,T,IBM,F I,20,303.74
2025-12-24,10:16:52.666128527,T,IBM,F I,25,303.75
2025-12-24,10:16:52.666167607,T,IBM,I,15,303.75
2025-12-24,10:16:52.666925356,T,IBM,I,5,303.76
2025-12-24,10:16:52.673321639,T,IBM,F,40,303.79
2025-12-24,10:16:52.673324598,T,IBM,F I,15,303.82
2025-12-24,10:16:52.673466020,T,IBM,F I,25,303.82
2025-12-24,10:16:52.673466020,T,IBM,F I,15,303.82
2025-12-24,10:16:52.673631518,T,IBM,F I,5,303.82
2025-12-24,10:16:52.673631518,T,IBM,F I,5,303.82
2025-12-24,10:16:52.673634399,T,IBM,F I,12,303.83
2025-12-24,10:16:52.673655369,T,IBM,,128,303.83
2025-12-24,10:16:52.674145553,T,IBM,I,2,303.83
2025-12-24,10:16:52.703492503,T,IBM,I,1,303.78
2025-12-24,10:16:52.703492503,T,IBM,I,1,303.75
2025-12-24,10:16:52.738366430,T,IBM,,53,303.745
2025-12-24,10:17:24.147197412,T,IBM,,120,303.745
2025-12-24,10:19:00.892557817,T,IBM,F I,2,303.63
2025-12-24,10:19:00.892557817,T,IBM,F I,1,303.63
2025-12-24,10:19:00.894849365,T,IBM,F I,19,303.53
2025-12-24,10:19:00.894861713,T,IBM,F I,17,303.53
2025-12-24,10:19:00.894900739,T,IBM,,45,303.55
2025-12-24,10:19:00.894900739,T,IBM,,100,303.56
2025-12-24,10:19:00.894903604,T,IBM,I,30,303.56
2025-12-24,10:19:00.894907094,T,IBM,,40,303.565
2025-12-24,10:19:00.894907094,T,IBM,,45,303.565
2025-12-24,10:19:00.894909608,T,IBM,I,9,303.58
2025-12-24,10:19:00.896635594,T,IBM,F I,4,303.51
2025-12-24,10:19:00.896638595,T,IBM,F I,20,303.51
2025-12-24,10:19:00.896662631,T,IBM,F I,1,303.5
2025-12-24,10:19:00.896683709,T,IBM,F,40,303.48
2025-12-24,10:19:00.896758885,T,IBM,F I,5,303.48
2025-12-24,10:19:00.897423526,T,IBM,I,35,303.48
2025-12-24,10:19:00.897423526,T,IBM,I,2,303.48
2025-12-24,10:19:00.897426438,T,IBM,I,1,303.48
2025-12-24,10:19:00.897426438,T,IBM,I,2,303.48
2025-12-24,10:19:01.132487092,T,IBM,I,30,303.48
2025-12-24,10:19:01.586868756,T,IBM,F I,13,303.52
2025-12-24,10:19:01.586868756,T,IBM,F I,39,303.52
2025-12-24,10:19:01.586907841,T,IBM,F I,26,303.52
2025-12-24,10:19:02.655775418,T,IBM,I,3,303.53
2025-12-24,10:19:03.070561840,T,IBM,I,30,303.56
2025-12-24,10:19:41.406939132,T,IBM,F I,8,303.4
2025-12-24,10:19:41.407221795,T,IBM,F I,1,303.37
2025-12-24,10:19:41.407696913,T,IBM,I,7,303.37
2025-12-24,10:19:41.407702851,T,IBM,,47,303.27
2025-12-24,10:20:06.221054944,T,IBM,I,20,303.29
2025-12-24,10:20:19.434372693,T,IBM,I,1,303.38
2025-12-24,10:20:19.434402757,T,IBM,I,10,303.38
2025-12-24,10:20:24.852584286,T,IBM,I,30,303.35
2025-12-24,10:20:25.561179176,T,IBM,F I,8,303.41
2025-12-24,10:20:26.201821309,T,IBM,F I,2,303.46
2025-12-24,10:20:26.201827434,T,IBM,F I,10,303.48
2025-12-24,10:20:26.201830289,T,IBM,F I,3,303.48
2025-12-24,10:20:26.201848304,T,IBM,F I,13,303.48
2025-12-24,10:20:26.201848304,T,IBM,I,13,303.48
2025-12-24,10:20:26.202124975,T,IBM,,54,303.48
2025-12-24,10:20:32.577223823,T,IBM,F I,17,303.43
2025-12-24,10:20:32.577223823,T,IBM,F I,23,303.42
2025-12-24,10:20:32.577241801,T,IBM,I,1,303.42
2025-12-24,10:20:35.032577912,T,IBM,I,10,303.43
2025-12-24,10:20:35.032580967,T,IBM,I,8,303.43
2025-12-24,10:20:36.630446888,T,IBM,F I,11,303.43
2025-12-24,10:20:36.630450247,T,IBM,F I,7,303.43
2025-12-24,10:20:36.630450247,T,IBM,F I,15,303.42
2025-12-24,10:20:36.720421060,T,IBM,I,1,303.43
2025-12-24,10:20:40.119349480,T,IBM,F I,1,303.42
2025-12-24,10:20:40.119349480,T,IBM,F I,2,303.42
2025-12-24,10:20:40.119671248,T,IBM,F,50,303.41
2025-12-24,10:20:48.036789887,T,IBM,I,25,303.35
2025-12-24,10:20:48.036807835,T,IBM,I,1,303.35
2025-12-24,10:21:06.710810409,T,IBM,I,14,303.35
2025-12-24,10:21:12.283157085,T,IBM,F,40,303.3
2025-12-24,10:21:12.283172091,T,IBM,I,1,303.3
2025-12-24,10:21:28.448196712,T,IBM,F I,25,303.41
2025-12-24,10:21:28.448247885,T,IBM,F I,14,303.41
2025-12-24,10:21:28.449573994,T,IBM,I,29,303.44
2025-12-24,10:21:28.460769703,T,IBM,,100,303.45
2025-12-24,10:21:28.807612952,T,IBM,F I,1,303.49
2025-12-24,10:21:28.807616535,T,IBM,F I,10,303.49
2025-12-24,10:21:28.807619021,T,IBM,F I,18,303.49
2025-12-24,10:21:28.807619021,T,IBM,I,24,303.49
2025-12-24,10:21:28.807624348,T,IBM,I,15,303.49
2025-12-24,10:21:28.808021366,T,IBM,I,1,303.47
2025-12-24,10:21:28.808024423,T,IBM,I,1,303.47
2025-12-24,10:21:28.808033369,T,IBM,I,2,303.47
2025-12-24,10:21:28.808078452,T,IBM,I,7,303.47
2025-12-24,10:21:28.808406390,T,IBM,I,6,303.47
2025-12-24,10:21:28.808430304,T,IBM,,172,303.47
2025-12-24,10:21:28.808451377,T,IBM,,139,303.47
2025-12-24,10:21:28.808592728,T,IBM,I,2,303.47
2025-12-24,10:21:28.808607732,T,IBM,,40,303.46
2025-12-24,10:21:28.809579076,T,IBM,I,3,303.47
2025-12-24,10:21:44.741735315,T,IBM,F,40,303.45
2025-12-24,10:21:44.741807561,T,IBM,F,40,303.45
2025-12-24,10:21:44.741813527,T,IBM,F I,24,303.45
2025-12-24,10:21:44.741843571,T,IBM,F I,16,303.45
2025-12-24,10:22:04.814253217,T,IBM,,40,303.34
2025-12-24,10:22:05.559815006,T,IBM,F,40,303.34
2025-12-24,10:22:05.567916460,T,IBM,F I,13,303.32
2025-12-24,10:22:16.143081207,T,IBM,F I,7,303.28
2025-12-24,10:22:16.143081207,T,IBM,F I,1,303.28
2025-12-24,10:22:16.143084417,T,IBM,F I,2,303.28
2025-12-24,10:22:16.143147038,T,IBM,I,2,303.28
2025-12-24,10:22:16.143185906,T,IBM,F I,12,303.28
2025-12-24,10:22:16.143185906,T,IBM,F I,13,303.28
2025-12-24,10:22:16.143237474,T,IBM,I,2,303.28
2025-12-24,10:22:16.143249071,T,IBM,I,2,303.28
2025-12-24,10:22:16.143261004,T,IBM,,67,303.28
2025-12-24,10:22:16.143276061,T,IBM,I,2,303.27
2025-12-24,10:22:16.143393311,T,IBM,I,1,303.25
2025-12-24,10:22:16.143393311,T,IBM,I,1,303.25
2025-12-24,10:22:16.143429466,T,IBM,I,8,303.25
2025-12-24,10:22:16.143540734,T,IBM,F,40,303.27
2025-12-24,10:22:19.448071463,T,IBM,,100,303.345
2025-12-24,10:22:19.462048648,T,IBM,,40,303.36
2025-12-24,10:22:25.060118471,T,IBM,F,40,303.32
2025-12-24,10:22:25.060133678,T,IBM,F I,5,303.32
2025-12-24,10:22:25.060133678,T,IBM,F I,2,303.32
2025-12-24,10:22:25.060136506,T,IBM,F I,3,303.36
2025-12-24,10:22:28.342149778,T,IBM,F I,2,303.24
2025-12-24,10:22:28.342228023,T,IBM,F I,1,303.23
2025-12-24,10:22:40.008260271,T,IBM,F I,7,303.16
2025-12-24,10:22:44.472949978,T,IBM,I,7,303.12
2025-12-24,10:22:44.473019047,T,IBM,F I,4,303.12
2025-12-24,10:22:46.248388488,T,IBM,F I,10,303.07
2025-12-24,10:22:48.051237819,T,IBM,F I,2,303.12
2025-12-24,10:22:48.051240804,T,IBM,F I,1,303.13
2025-12-24,10:22:48.051244022,T,IBM,F I,30,303.13
2025-12-24,10:22:48.051246412,T,IBM,F,45,303.14
2025-12-24,10:22:48.051249524,T,IBM,F,120,303.14
2025-12-24,10:22:48.051249524,T,IBM,F,61,303.15
2025-12-24,10:22:48.051282492,T,IBM,I,30,303.14
2025-12-24,10:22:48.051285501,T,IBM,,40,303.15
2025-12-24,10:22:48.051289414,T,IBM,I,31,303.16
2025-12-24,10:22:48.051289414,T,IBM,,40,303.16
2025-12-24,10:22:48.051292266,T,IBM,I,10,303.16
2025-12-24,10:23:00.496415542,T,IBM,F I,2,303.1
2025-12-24,10:23:00.497750785,T,IBM,F I,19,303.16
2025-12-24,10:23:00.497753794,T,IBM,F,40,303.16
2025-12-24,10:23:00.497753794,T,IBM,F I,10,303.16
2025-12-24,10:23:00.497774805,T,IBM,I,1,303.16
2025-12-24,10:23:00.497777834,T,IBM,F I,39,303.16
2025-12-24,10:23:00.508239740,T,IBM,I,2,303.16
2025-12-24,10:23:00.534612569,T,IBM,F I,2,303.1
2025-12-24,10:23:00.534615508,T,IBM,F I,2,303.09
2025-12-24,10:23:22.320513185,T,IBM,F I,25,303.16
2025-12-24,10:23:22.320567292,T,IBM,F I,15,303.16
2025-12-24,10:23:50.856869124,T,IBM,F I,25,303.16
2025-12-24,10:23:50.856908216,T,IBM,I,15,303.16
2025-12-24,10:23:50.857587813,T,IBM,I,4,303.2
2025-12-24,10:23:50.857614876,T,IBM,I,33,303.2
2025-12-24,10:23:50.857765268,T,IBM,F I,3,303.2
2025-12-24,10:23:50.858177276,T,IBM,I,33,303.24
2025-12-24,10:23:50.858192254,T,IBM,I,8,303.24
2025-12-24,10:23:50.858198683,T,IBM,I,1,303.24
2025-12-24,10:23:50.858201456,T,IBM,F I,20,303.24
2025-12-24,10:23:50.858201456,T,IBM,F I,33,303.24
2025-12-24,10:23:50.858562334,T,IBM,I,6,303.24
2025-12-24,10:23:50.858562334,T,IBM,I,25,303.24
2025-12-24,10:23:50.858565175,T,IBM,,218,303.24
2025-12-24,10:23:50.858589206,T,IBM,I,19,303.24
2025-12-24,10:23:50.861295710,T,IBM,F I,19,303.24
2025-12-24,10:23:50.861295710,T,IBM,F,40,303.24
2025-12-24,10:23:50.861298597,T,IBM,F I,6,303.24
2025-12-24,10:23:50.861319690,T,IBM,F I,4,303.23
2025-12-24,10:23:50.864350863,T,IBM,F I,8,303.22
2025-12-24,10:23:50.870019432,T,IBM,F I,20,303.21
2025-12-24,10:24:20.695694816,T,IBM,F I,25,303.31
2025-12-24,10:24:23.310464256,T,IBM,F,40,303.29
2025-12-24,10:24:24.401608823,T,IBM,F,40,303.29
2025-12-24,10:24:27.377814986,T,IBM,F I,20,303.29
2025-12-24,10:24:28.828188823,T,IBM,F I,20,303.29
2025-12-24,10:24:29.973687753,T,IBM,,40,303.31
2025-12-24,10:24:30.550716468,T,IBM,,40,303.31
2025-12-24,10:24:42.646480577,T,IBM,F I,20,303.37
2025-12-24,10:24:42.646568456,T,IBM,F I,2,303.38
2025-12-24,10:24:42.646570833,T,IBM,F I,20,303.38
2025-12-24,10:24:42.646591883,T,IBM,F I,2,303.38
2025-12-24,10:24:42.646597871,T,IBM,F I,18,303.38
2025-12-24,10:24:42.646631237,T,IBM,F I,20,303.39
2025-12-24,10:24:42.646637111,T,IBM,F I,2,303.39
2025-12-24,10:24:42.647683432,T,IBM,F I,20,303.41
2025-12-24,10:24:42.647725830,T,IBM,,40,303.4
2025-12-24,10:24:42.647725830,T,IBM,F I,20,303.41
2025-12-24,10:24:42.649565970,T,IBM,F I,20,303.43
2025-12-24,10:24:42.943181867,T,IBM,,79,303.41
2025-12-24,10:24:44.301587771,T,IBM,,40,303.41
2025-12-24,10:24:45.622196558,T,IBM,F I,23,303.45
2025-12-24,10:24:45.622329584,T,IBM,F I,17,303.45
2025-12-24,10:24:45.622331935,T,IBM,F I,1,303.47
2025-12-24,10:24:45.622334880,T,IBM,F I,33,303.47
2025-12-24,10:24:45.622352898,T,IBM,I,1,303.47
2025-12-24,10:24:45.622380340,T,IBM,I,11,303.47
2025-12-24,10:24:45.622383391,T,IBM,I,5,303.47
2025-12-24,10:24:45.622385972,T,IBM,I,1,303.47
2025-12-24,10:24:45.622419126,T,IBM,I,2,303.47
2025-12-24,10:24:45.622422074,T,IBM,,40,303.48
2025-12-24,10:24:45.622876147,T,IBM,I,3,303.48
2025-12-24,10:24:50.257283784,T,IBM,F I,1,303.48
2025-12-24,10:24:58.051289168,T,IBM,F I,29,303.48
2025-12-24,10:24:59.010915737,T,IBM,F I,1,303.48
2025-12-24,10:25:02.350666299,T,IBM,F I,20,303.45
2025-12-24,10:25:16.752088372,T,IBM,F I,23,303.48
2025-12-24,10:25:16.752434223,T,IBM,I,3,303.5
2025-12-24,10:25:24.122096466,T,IBM,I,37,303.5
2025-12-24,10:25:24.123007620,T,IBM,F I,1,303.53
2025-12-24,10:25:24.123043696,T,IBM,I,1,303.485
2025-12-24,10:25:26.768558724,T,IBM,F,40,303.56
2025-12-24,10:25:26.768561637,T,IBM,F I,5,303.56
2025-12-24,10:25:26.768597812,T,IBM,F I,20,303.57
2025-12-24,10:25:26.768603773,T,IBM,F,115,303.57
2025-12-24,10:25:26.768606843,T,IBM,F I,20,303.57
2025-12-24,10:25:26.768618839,T,IBM,F I,20,303.57
2025-12-24,10:25:26.769090926,T,IBM,I,18,303.58
2025-12-24,10:25:27.900044486,T,IBM,F I,20,303.585
2025-12-24,10:25:27.900044486,T,IBM,F I,2,303.585
2025-12-24,10:25:27.900047290,T,IBM,F I,21,303.585
2025-12-24,10:25:27.900056337,T,IBM,F I,19,303.585
2025-12-24,10:25:27.900056337,T,IBM,F I,1,303.59
2025-12-24,10:25:27.900059388,T,IBM,I,20,303.59
2025-12-24,10:25:27.900116870,T,IBM,I,19,303.59
2025-12-24,10:25:27.900119546,T,IBM,I,1,303.6
2025-12-24,10:25:27.900281896,T,IBM,F I,20,303.6
2025-12-24,10:25:28.570866307,T,IBM,F I,19,303.6
2025-12-24,10:25:28.570869318,T,IBM,F I,1,303.6
2025-12-24,10:25:28.570959567,T,IBM,F I,18,303.6
2025-12-24,10:25:28.570962575,T,IBM,F I,2,303.6
2025-12-24,10:25:28.570993037,T,IBM,I,38,303.6
2025-12-24,10:25:28.570995661,T,IBM,I,20,303.61
2025-12-24,10:25:34.866813480,T,IBM,I,1,303.64
2025-12-24,10:25:34.866831570,T,IBM,I,3,303.64
2025-12-24,10:25:34.866879719,T,IBM,I,7,303.65
2025-12-24,10:25:34.866909727,T,IBM,I,13,303.65
2025-12-24,10:25:39.999017325,T,IBM,F I,1,303.61
2025-12-24,10:25:39.999020628,T,IBM,F I,2,303.61
2025-12-24,10:25:39.999023385,T,IBM,F I,3,303.61
2025-12-24,10:25:39.999026380,T,IBM,I,3,303.61
2025-12-24,10:25:39.999553262,T,IBM,,40,303.6
2025-12-24,10:25:39.999555738,T,IBM,,70,303.6
2025-12-24,10:25:39.999555738,T,IBM,,80,303.6
2025-12-24,10:25:39.999585741,T,IBM,I,20,303.59
2025-12-24,10:25:39.999609808,T,IBM,F,70,303.58
2025-12-24,10:25:39.999609808,T,IBM,F I,10,303.58
2025-12-24,10:25:43.033817893,T,IBM,F I,20,303.55
2025-12-24,10:25:43.033817893,T,IBM,F I,21,303.55
2025-12-24,10:25:50.242612202,T,IBM,I,30,303.56
2025-12-24,10:25:50.242612202,T,IBM,I,10,303.56
2025-12-24,10:25:53.117284744,T,IBM,I,14,303.57
2025-12-24,10:26:42.710680560,T,IBM,,50,303.51
2025-12-24,10:26:42.710701594,T,IBM,F,40,303.5
2025-12-24,10:26:42.710708026,T,IBM,F I,10,303.5
2025-12-24,10:26:42.710708026,T,IBM,F I,3,303.5
2025-12-24,10:26:42.710711234,T,IBM,F I,8,303.5
2025-12-24,10:26:42.710711234,T,IBM,F I,12,303.5
2025-12-24,10:26:42.710713849,T,IBM,F,80,303.5
2025-12-24,10:26:42.710717291,T,IBM,F I,10,303.5
2025-12-24,10:26:42.710717291,T,IBM,F I,1,303.5
2025-12-24,10:26:42.710719906,T,IBM,F,40,303.5
2025-12-24,10:26:44.645348197,T,IBM,F I,30,303.49
2025-12-24,10:26:44.645366277,T,IBM,I,1,303.49
2025-12-24,10:26:47.302981978,T,IBM,F I,29,303.5
2025-12-24,10:26:47.302997074,T,IBM,F I,11,303.5
2025-12-24,10:26:47.303000069,T,IBM,I,1,303.5
2025-12-24,10:26:52.244074957,T,IBM,F,40,303.49
2025-12-24,10:26:58.538632768,T,IBM,F,40,303.49
2025-12-24,10:26:58.538635691,T,IBM,F I,39,303.49
2025-12-24,10:26:58.538650736,T,IBM,I,1,303.49
2025-12-24,10:26:58.538662771,T,IBM,I,30,303.49
2025-12-24,10:26:58.538723000,T,IBM,I,10,303.52
2025-12-24,10:26:58.538723000,T,IBM,I,7,303.53
2025-12-24,10:26:58.538750020,T,IBM,I,14,303.53
2025-12-24,10:27:15.066976193,T,IBM,F,40,303.48
2025-12-24,10:27:38.883653202,T,IBM,F I,20,303.48
2025-12-24,10:27:38.883653202,T,IBM,F I,2,303.48
2025-12-24,10:27:38.883656230,T,IBM,F,40,303.47
2025-12-24,10:27:38.883659373,T,IBM,F I,11,303.47
2025-12-24,10:27:38.883659373,T,IBM,F I,18,303.47
2025-12-24,10:27:38.883668446,T,IBM,I,1,303.47
2025-12-24,10:27:38.883695679,T,IBM,I,9,303.47
2025-12-24,10:27:38.883695679,T,IBM,I,12,303.47
2025-12-24,10:27:38.883698277,T,IBM,I,1,303.47
2025-12-24,10:27:39.744843324,T,IBM,I,2,303.5
2025-12-24,10:27:39.744849298,T,IBM,I,15,303.51
2025-12-24,10:27:39.744852350,T,IBM,I,23,303.52
2025-12-24,10:27:39.744852350,T,IBM,I,29,303.52
2025-12-24,10:27:43.562930716,T,IBM,F I,2,303.52
2025-12-24,10:27:43.562930716,T,IBM,F I,30,303.49
2025-12-24,10:27:43.562933717,T,IBM,F I,8,303.48
2025-12-24,10:27:50.445791150,T,IBM,F I,19,303.55
2025-12-24,10:27:50.445794150,T,IBM,F I,19,303.56
2025-12-24,10:27:54.692360144,T,IBM,F I,2,303.5
2025-12-24,10:27:54.692360144,T,IBM,F I,30,303.48
2025-12-24,10:27:54.692377592,T,IBM,I,1,303.48
2025-12-24,10:27:57.751614424,T,IBM,F I,1,303.48
2025-12-24,10:27:57.751978281,T,IBM,F I,13,303.47
2025-12-24,10:28:02.552796292,T,IBM,F,80,303.49
2025-12-24,10:28:02.552799277,T,IBM,F I,14,303.49
2025-12-24,10:28:08.446436555,T,IBM,F,40,303.5
2025-12-24,10:28:13.350938625,T,IBM,I,10,303.49
2025-12-24,10:28:13.350941508,T,IBM,I,15,303.49
2025-12-24,10:28:13.350941508,T,IBM,I,12,303.49
2025-12-24,10:28:38.427407590,T,IBM,F,80,303.49
2025-12-24,10:28:38.427410629,T,IBM,F,40,303.49
2025-12-24,10:28:38.427491821,T,IBM,I,14,303.48
2025-12-24,10:28:38.427491821,T,IBM,I,31,303.48
2025-12-24,10:28:38.427494740,T,IBM,I,12,303.48
2025-12-24,10:28:38.447038346,T,IBM,,40,303.455
2025-12-24,10:28:38.471041445,T,IBM,I,10,303.5
2025-12-24,10:28:38.471354184,T,IBM,F,48,303.52
2025-12-24,10:28:40.234583669,T,IBM,I,2,303.52
2025-12-24,10:28:44.697977237,T,IBM,,94,303.5
2025-12-24,10:28:44.697980235,T,IBM,F I,6,303.5
2025-12-24,10:28:44.698013370,T,IBM,I,1,303.5
2025-12-24,10:28:44.698037356,T,IBM,F,40,303.5
2025-12-24,10:28:44.698094521,T,IBM,,40,303.49
2025-12-24,10:29:29.404322798,T,IBM,I,3,303.47
2025-12-24,10:29:31.354570547,T,IBM,I,4,303.54
2025-12-24,10:29:31.357177829,T,IBM,,40,303.495
2025-12-24,10:29:31.390785767,T,IBM,I,9,303.53
2025-12-24,10:29:32.048818373,T,IBM,F I,16,303.56
2025-12-24,10:29:33.077964478,T,IBM,F I,1,303.57
2025-12-24,10:29:33.077964478,T,IBM,F I,20,303.57
2025-12-24,10:29:33.077967457,T,IBM,F I,4,303.57
2025-12-24,10:29:33.078069562,T,IBM,F I,4,303.58
2025-12-24,10:29:33.078072869,T,IBM,F I,2,303.58
2025-12-24,10:29:33.078072869,T,IBM,F I,4,303.58
2025-12-24,10:29:33.078075655,T,IBM,F,40,303.58
2025-12-24,10:29:33.078514628,T,IBM,F I,2,303.59
2025-12-24,10:29:33.098295691,T,IBM,I,9,303.59
2025-12-24,10:29:35.773674791,T,IBM,F I,2,303.6
2025-12-24,10:29:35.773677817,T,IBM,F I,20,303.62
2025-12-24,10:29:35.774053730,T,IBM,F I,1,303.62
2025-12-24,10:29:35.774056717,T,IBM,F I,1,303.62
2025-12-24,10:29:35.774101757,T,IBM,I,1,303.62
2025-12-24,10:29:50.527051916,T,IBM,I,3,303.67
2025-12-24,10:29:50.527346602,T,IBM,F,40,303.68
2025-12-24,10:29:50.527367760,T,IBM,F,40,303.68
2025-12-24,10:29:50.527391798,T,IBM,F,40,303.68
2025-12-24,10:29:50.627518156,T,IBM,I,30,303.67
2025-12-24,10:30:00.008100609,T,IBM,F,40,303.65
2025-12-24,10:30:00.008100609,T,IBM,F I,3,303.65
2025-12-24,10:30:00.008106661,T,IBM,F I,16,303.65
2025-12-24,10:30:00.008106661,T,IBM,F I,10,303.65
2025-12-24,10:30:00.008106661,T,IBM,F I,14,303.65
2025-12-24,10:30:00.008146714,T,IBM,F I,4,303.65
2025-12-24,10:30:45.750091011,T,IBM,F I,1,303.63
2025-12-24,10:30:45.863698552,T,IBM,F I,1,303.62
2025-12-24,10:30:45.863743655,T,IBM,I,25,303.61
2025-12-24,10:30:45.863747202,T,IBM,I,10,303.64
2025-12-24,10:30:45.863749609,T,IBM,I,2,303.66
2025-12-24,10:30:45.863752650,T,IBM,,52,303.66
2025-12-24,10:30:48.896694943,T,IBM,F,40,303.58
2025-12-24,10:30:48.896697940,T,IBM,F I,24,303.58
2025-12-24,10:30:48.896809196,T,IBM,F I,11,303.57
2025-12-24,10:30:51.904070440,T,IBM,F I,5,303.51
2025-12-24,10:30:51.904070440,T,IBM,F I,20,303.51
2025-12-24,10:30:53.501903229,T,IBM,I,1,303.5
2025-12-24,10:30:53.501906543,T,IBM,I,3,303.5
2025-12-24,10:30:53.501906543,T,IBM,,40,303.5
2025-12-24,10:30:53.501909205,T,IBM,I,17,303.5
2025-12-24,10:30:53.501939255,T,IBM,F I,11,303.49
2025-12-24,10:30:53.501948332,T,IBM,I,9,303.5
2025-12-24,10:31:05.790092775,T,IBM,,100,303.44
2025-12-24,10:31:12.794099633,T,IBM,,40,303.45
2025-12-24,10:31:37.896283578,T,IBM,F I,5,303.45
2025-12-24,10:32:00.874721629,T,IBM,I,18,303.62
2025-12-24,10:32:00.874721629,T,IBM,F I,18,303.62
2025-12-24,10:32:00.874724970,T,IBM,I,22,303.62
2025-12-24,10:32:00.874727984,T,IBM,I,8,303.62
2025-12-24,10:32:11.149988410,T,IBM,F,40,303.58
2025-12-24,10:32:11.149988410,T,IBM,F I,9,303.58
2025-12-24,10:32:11.149994094,T,IBM,F I,10,303.58
2025-12-24,10:32:11.149994094,T,IBM,F I,7,303.58
2025-12-24,10:32:11.149997159,T,IBM,F I,10,303.58
2025-12-24,10:32:11.149997159,T,IBM,F I,10,303.58
2025-12-24,10:32:11.150009176,T,IBM,F I,20,303.58
2025-12-24,10:32:11.150009176,T,IBM,I,1,303.58
2025-12-24,10:32:11.150057315,T,IBM,F I,3,303.58
2025-12-24,10:32:44.757064083,T,IBM,F I,1,303.53
2025-12-24,10:32:44.757064083,T,IBM,F I,29,303.52
2025-12-24,10:32:44.757088560,T,IBM,F I,11,303.52
2025-12-24,10:32:44.757091172,T,IBM,F I,10,303.52
2025-12-24,10:32:44.757097115,T,IBM,I,19,303.52
2025-12-24,10:32:44.757671521,T,IBM,F I,1,303.51
2025-12-24,10:32:44.760627514,T,IBM,I,10,303.51
2025-12-24,10:32:49.453558056,T,IBM,F I,6,303.5
2025-12-24,10:32:49.453558056,T,IBM,F I,20,303.49
2025-12-24,10:32:49.453560662,T,IBM,F I,3,303.49
2025-12-24,10:32:49.851092088,T,IBM,I,1,303.49
2025-12-24,10:32:51.069601859,T,IBM,I,3,303.49
2025-12-24,10:32:51.069601859,T,IBM,I,4,303.48
2025-12-24,10:32:52.957956453,T,IBM,F I,36,303.48
2025-12-24,10:32:52.957956453,T,IBM,F I,11,303.48
2025-12-24,10:32:53.326640076,T,IBM,I,22,303.44
2025-12-24,10:32:53.332663408,T,IBM,I,32,303.44
2025-12-24,10:32:53.436046493,T,IBM,,40,303.44
2025-12-24,10:32:53.436894688,T,IBM,F I,2,303.46
2025-12-24,10:32:53.436897521,T,IBM,F I,21,303.48
2025-12-24,10:32:53.436915553,T,IBM,F I,2,303.48
2025-12-24,10:33:00.838670604,T,IBM,I,24,303.54
2025-12-24,10:33:00.838670604,T,IBM,F I,25,303.54
2025-12-24,10:33:00.838709696,T,IBM,I,37,303.54
2025-12-24,10:33:00.838721823,T,IBM,F I,25,303.54
2025-12-24,10:33:00.838766743,T,IBM,F I,9,303.54
2025-12-24,10:33:07.714824925,T,IBM,I,2,303.54
2025-12-24,10:33:07.714827924,T,IBM,,40,303.51
2025-12-24,10:33:07.714827924,T,IBM,I,9,303.51
2025-12-24,10:33:07.714843135,T,IBM,I,1,303.51
2025-12-24,10:33:07.714845982,T,IBM,I,1,303.51
2025-12-24,10:33:07.714845982,T,IBM,I,1,303.51
2025-12-24,10:33:07.714848927,T,IBM,F I,17,303.51
2025-12-24,10:33:17.882814093,T,IBM,I,4,303.535
2025-12-24,10:33:19.367725053,T,IBM,I,2,303.6
2025-12-24,10:33:23.066978587,T,IBM,I,12,303.62
2025-12-24,10:33:23.077491618,T,IBM,I,2,303.62
2025-12-24,10:33:23.687905829,T,IBM,I,2,303.62
2025-12-24,10:33:23.859782925,T,IBM,I,2,303.62
2025-12-24,10:33:24.351961594,T,IBM,I,2,303.62
2025-12-24,10:33:38.114801780,T,IBM,,40,303.62
2025-12-24,10:33:38.115703957,T,IBM,F,40,303.67
2025-12-24,10:33:38.115956563,T,IBM,F,40,303.65
2025-12-24,10:33:38.115962853,T,IBM,F I,20,303.68
2025-12-24,10:33:38.115980628,T,IBM,I,1,303.68
2025-12-24,10:33:38.116001672,T,IBM,I,19,303.68
2025-12-24,10:33:38.116407703,T,IBM,I,4,303.66
2025-12-24,10:33:38.116407703,T,IBM,I,14,303.66
2025-12-24,10:33:49.168074458,T,IBM,F,40,303.58
2025-12-24,10:33:49.168077536,T,IBM,F I,3,303.58
2025-12-24,10:34:04.910070315,T,IBM,I,2,303.58
2025-12-24,10:34:04.911498723,T,IBM,F I,4,303.58
2025-12-24,10:34:09.296628124,T,IBM,I,22,303.53
2025-12-24,10:34:09.296631080,T,IBM,I,1,303.53
2025-12-24,10:34:09.296646173,T,IBM,I,1,303.53
2025-12-24,10:34:09.297157473,T,IBM,F I,19,303.51
2025-12-24,10:34:20.995203743,T,IBM,F I,1,303.47
2025-12-24,10:34:20.996352415,T,IBM,I,20,303.47
2025-12-24,10:34:24.266081409,T,IBM,,50,303.47
2025-12-24,10:34:28.972940737,T,IBM,F I,1,303.47
2025-12-24,10:34:28.972940737,T,IBM,F,40,303.46
2025-12-24,10:34:28.972946597,T,IBM,F I,1,303.46
2025-12-24,10:34:28.972946597,T,IBM,F I,9,303.46
2025-12-24,10:34:28.972946597,T,IBM,I,1,303.46
2025-12-24,10:34:28.973000697,T,IBM,I,1,303.46
2025-12-24,10:34:30.738512825,T,IBM,F I,16,303.45
2025-12-24,10:34:30.738948858,T,IBM,F I,5,303.44
2025-12-24,10:34:30.738951898,T,IBM,F,40,303.44
2025-12-24,10:34:35.621308834,T,IBM,I,11,303.42
2025-12-24,10:34:35.621311869,T,IBM,,69,303.42
2025-12-24,10:34:35.621326854,T,IBM,F I,11,303.42
2025-12-24,10:34:40.434146594,T,IBM,,40,303.34
2025-12-24,10:34:48.879091046,T,IBM,F I,2,303.32
2025-12-24,10:34:54.962787002,T,IBM,I,2,303.31
2025-12-24,10:34:55.201534435,T,IBM,F I,1,303.31
2025-12-24,10:35:03.231599296,T,IBM,F I,10,303.31
2025-12-24,10:35:03.231599296,T,IBM,F I,12,303.31
2025-12-24,10:35:03.232164314,T,IBM,I,10,303.3
2025-12-24,10:35:29.139066773,T,IBM,F I,2,303.26
2025-12-24,10:35:29.139069726,T,IBM,F I,4,303.26
2025-12-24,10:35:29.139072724,T,IBM,F I,11,303.26
2025-12-24,10:35:29.139072724,T,IBM,F I,13,303.26
2025-12-24,10:35:29.139135924,T,IBM,F I,2,303.26
2025-12-24,10:35:32.392427661,T,IBM,F I,1,303.22
2025-12-24,10:35:32.394250453,T,IBM,I,4,303.23
2025-12-24,10:35:32.394253024,T,IBM,I,15,303.23
2025-12-24,10:35:32.394256010,T,IBM,I,30,303.23
2025-12-24,10:35:34.545709808,T,IBM,I,4,303.23
2025-12-24,10:35:35.650134118,T,IBM,I,10,303.18
2025-12-24,10:35:35.650134118,T,IBM,I,10,303.18
2025-12-24,10:35:35.650136917,T,IBM,I,10,303.18
2025-12-24,10:35:36.407935131,T,IBM,F I,12,303.24
2025-12-24,10:35:36.407938001,T,IBM,F I,7,303.24
2025-12-24,10:35:39.698031439,T,IBM,I,7,303.25
2025-12-24,10:35:39.698527584,T,IBM,F,40,303.29
2025-12-24,10:35:39.698527584,T,IBM,F,40,303.29
2025-12-24,10:35:39.698599759,T,IBM,F I,20,303.3
2025-12-24,10:35:39.698605758,T,IBM,F I,20,303.3
2025-12-24,10:35:39.698611802,T,IBM,F I,20,303.3
2025-12-24,10:35:39.699065828,T,IBM,F I,13,303.3
2025-12-24,10:35:39.699086966,T,IBM,I,7,303.3
2025-12-24,10:35:41.139173201,T,IBM,I,2,303.3
2025-12-24,10:35:47.119507625,T,IBM,F I,2,303.32
2025-12-24,10:35:47.119510541,T,IBM,F I,15,303.3
2025-12-24,10:35:47.119513167,T,IBM,F I,4,303.3
2025-12-24,10:35:47.119516145,T,IBM,F I,2,303.29
2025-12-24,10:35:47.119681503,T,IBM,I,2,303.29
2025-12-24,10:36:00.167311056,T,IBM,I,10,303.27
2025-12-24,10:36:00.167311056,T,IBM,I,10,303.27
2025-12-24,10:36:00.167329350,T,IBM,I,1,303.27
2025-12-24,10:36:00.406034374,T,IBM,,40,303.27
2025-12-24,10:36:46.551224222,T,IBM,F I,10,303.35
2025-12-24,10:36:46.551329534,T,IBM,F I,10,303.35
2025-12-24,10:36:46.551342208,T,IBM,F I,20,303.35
2025-12-24,10:36:46.551342208,T,IBM,F I,3,303.35
2025-12-24,10:36:46.551963984,T,IBM,F I,10,303.39
2025-12-24,10:36:46.551973039,T,IBM,F I,3,303.39
2025-12-24,10:36:46.557223709,T,IBM,,40,303.39
2025-12-24,10:36:46.557479123,T,IBM,I,5,303.41
2025-12-24,10:36:54.264806322,T,IBM,I,3,303.4
2025-12-24,10:37:10.613601393,T,IBM,,40,303.41
2025-12-24,10:37:10.791535080,T,IBM,I,10,303.41
2025-12-24,10:37:23.114156138,T,IBM,F I,20,303.37
2025-12-24,10:37:39.091630322,T,IBM,F I,5,303.42
2025-12-24,10:37:39.091630322,T,IBM,F I,5,303.42
2025-12-24,10:37:39.091660163,T,IBM,F I,25,303.44
2025-12-24,10:37:39.091663485,T,IBM,F I,4,303.45
2025-12-24,10:37:39.091666236,T,IBM,F I,26,303.45
2025-12-24,10:37:39.091681230,T,IBM,I,1,303.45
2025-12-24,10:37:39.091687187,T,IBM,F I,13,303.45
2025-12-24,10:37:39.091687187,T,IBM,F I,11,303.45
2025-12-24,10:37:39.091690344,T,IBM,F I,1,303.45
2025-12-24,10:37:39.091693227,T,IBM,I,25,303.45
2025-12-24,10:37:39.091705456,T,IBM,F I,14,303.45
2025-12-24,10:37:39.091705456,T,IBM,F I,3,303.45
2025-12-24,10:37:39.091729289,T,IBM,F,120,303.46
2025-12-24,10:37:39.091729289,T,IBM,F I,2,303.46
2025-12-24,10:37:39.091750370,T,IBM,F I,20,303.47
2025-12-24,10:37:39.112147975,T,IBM,I,9,303.45
2025-12-24,10:37:39.112235147,T,IBM,F I,9,303.45
2025-12-24,10:37:39.112238627,T,IBM,F I,5,303.43
2025-12-24,10:37:39.112241141,T,IBM,F I,31,303.43
2025-12-24,10:37:39.112247151,T,IBM,F I,9,303.43
2025-12-24,10:37:39.112385538,T,IBM,I,1,303.43
2025-12-24,10:37:39.112388728,T,IBM,I,2,303.43
2025-12-24,10:37:39.112391499,T,IBM,I,9,303.43
2025-12-24,10:37:56.771655604,T,IBM,,40,303.47
2025-12-24,10:38:32.632115109,T,IBM,,40,303.475
2025-12-24,10:38:38.255114558,T,IBM,F I,20,303.46
2025-12-24,10:38:38.255114558,T,IBM,F I,1,303.45
2025-12-24,10:38:38.255538965,T,IBM,F I,30,303.49
2025-12-24,10:38:38.255568314,T,IBM,I,30,303.48
2025-12-24,10:38:47.468997831,T,IBM,F I,23,303.47
2025-12-24,10:38:47.469268513,T,IBM,F I,11,303.45
2025-12-24,10:38:47.469268513,T,IBM,F I,1,303.45
2025-12-24,10:38:47.469379754,T,IBM,F I,29,303.43
2025-12-24,10:38:47.469379754,T,IBM,F I,10,303.43
2025-12-24,10:38:47.469497089,T,IBM,F I,25,303.43
2025-12-24,10:38:47.469533105,T,IBM,F I,15,303.43
2025-12-24,10:38:47.469665461,T,IBM,F I,1,303.4
2025-12-24,10:38:49.997242565,T,IBM,,78,303.38
2025-12-24,10:38:50.938290909,T,IBM,F I,3,303.46
2025-12-24,10:38:51.189460787,T,IBM,F I,5,303.53
2025-12-24,10:38:51.189484858,T,IBM,F I,8,303.54
2025-12-24,10:38:51.189505891,T,IBM,F I,8,303.54
2025-12-24,10:38:51.189505891,T,IBM,F I,1,303.54
2025-12-24,10:38:51.189527007,T,IBM,F I,8,303.54
2025-12-24,10:38:51.189653243,T,IBM,I,1,303.54
2025-12-24,10:38:51.216263667,T,IBM,I,23,303.49
2025-12-24,10:38:55.212025964,T,IBM,F I,6,303.54
2025-12-24,10:38:55.212040927,T,IBM,F I,6,303.54
2025-12-24,10:38:55.212080104,T,IBM,F I,1,303.55
2025-12-24,10:39:18.211922398,T,IBM,F I,3,303.62
2025-12-24,10:39:30.548656341,T,IBM,I,16,303.7
2025-12-24,10:40:06.369250058,T,IBM,F I,25,303.59
2025-12-24,10:40:06.369252880,T,IBM,F I,11,303.59
2025-12-24,10:40:06.369252880,T,IBM,F I,10,303.59
2025-12-24,10:40:11.292082991,T,IBM,I,33,303.59
2025-12-24,10:40:34.972740256,T,IBM,F I,1,303.54
2025-12-24,10:40:50.275627263,T,IBM,I,27,303.56
2025-12-24,10:41:15.893911220,T,IBM,F I,2,303.5
2025-12-24,10:41:15.893914870,T,IBM,F I,20,303.49
2025-12-24,10:41:15.893914870,T,IBM,F I,11,303.49
2025-12-24,10:41:15.893917191,T,IBM,F I,8,303.49
2025-12-24,10:41:15.893932201,T,IBM,I,1,303.49
2025-12-24,10:41:19.854489842,T,IBM,I,1,303.55
2025-12-24,10:41:19.854531850,T,IBM,I,16,303.55
2025-12-24,10:41:19.995735997,T,IBM,I,4,303.57
2025-12-24,10:41:30.917511403,T,IBM,F I,2,303.57
2025-12-24,10:41:30.986697087,T,IBM,F I,1,303.61
2025-12-24,10:41:30.986697087,T,IBM,I,1,303.61
2025-12-24,10:41:30.986700842,T,IBM,F I,1,303.61
2025-12-24,10:41:30.986706126,T,IBM,I,19,303.61
2025-12-24,10:41:30.986718130,T,IBM,F I,1,303.61
2025-12-24,10:41:30.987133137,T,IBM,F I,1,303.61
2025-12-24,10:41:30.987214275,T,IBM,I,1,303.61
2025-12-24,10:41:34.628348422,T,IBM,F I,1,303.61
2025-12-24,10:41:43.397455209,T,IBM,,40,303.66
2025-12-24,10:41:43.397494216,T,IBM,F,40,303.67
2025-12-24,10:41:43.398161898,T,IBM,F I,5,303.69
2025-12-24,10:41:43.398255063,T,IBM,F I,5,303.69
2025-12-24,10:41:43.398315252,T,IBM,I,5,303.69
2025-12-24,10:41:43.399097132,T,IBM,I,10,303.67
2025-12-24,10:41:51.338176827,T,IBM,F I,5,303.7
2025-12-24,10:41:55.487695119,T,IBM,F I,3,303.72
2025-12-24,10:41:55.487698108,T,IBM,F I,14,303.73
2025-12-24,10:41:55.487713504,T,IBM,I,22,303.73
2025-12-24,10:41:55.487723224,T,IBM,F I,4,303.73
2025-12-24,10:41:55.487723224,T,IBM,F I,22,303.73
2025-12-24,10:41:55.487728149,T,IBM,I,18,303.73
2025-12-24,10:41:55.487728149,T,IBM,I,8,303.73
2025-12-24,10:41:55.487734152,T,IBM,I,1,303.73
2025-12-24,10:41:55.487749179,T,IBM,I,18,303.73
2025-12-24,10:41:55.487770292,T,IBM,I,13,303.73
2025-12-24,10:41:55.488263466,T,IBM,,91,303.74
2025-12-24,10:41:55.503909942,T,IBM,F I,3,303.77
2025-12-24,10:41:55.503913214,T,IBM,F,45,303.83
2025-12-24,10:41:55.503915723,T,IBM,F I,1,303.84
2025-12-24,10:41:55.503915723,T,IBM,F I,10,303.86
2025-12-24,10:41:55.504778807,T,IBM,F,40,303.86
2025-12-24,10:41:57.569379705,T,IBM,I,5,303.85
2025-12-24,10:41:57.572173600,T,IBM,F I,5,303.8
2025-12-24,10:41:57.572173600,T,IBM,F I,15,303.8
2025-12-24,10:41:57.572176981,T,IBM,F I,11,303.8
2025-12-24,10:41:57.572180041,T,IBM,F I,10,303.8
2025-12-24,10:41:57.572180041,T,IBM,F I,1,303.8
2025-12-24,10:41:57.572194434,T,IBM,I,1,303.8
2025-12-24,10:41:57.572257884,T,IBM,I,8,303.83
2025-12-24,10:41:57.572257884,T,IBM,I,21,303.83
2025-12-24,10:41:57.587693496,T,IBM,I,3,303.8
2025-12-24,10:41:57.587696371,T,IBM,I,7,303.8
2025-12-24,10:42:01.697168345,T,IBM,F I,1,303.73
2025-12-24,10:42:01.697571303,T,IBM,F I,25,303.73
2025-12-24,10:42:01.697962231,T,IBM,F I,15,303.73
2025-12-24,10:42:01.697995384,T,IBM,F I,2,303.71
2025-12-24,10:42:01.698022704,T,IBM,F I,8,303.71
2025-12-24,10:42:01.698025485,T,IBM,F I,6,303.71
2025-12-24,10:42:01.698025485,T,IBM,F I,14,303.71
2025-12-24,10:42:01.698028427,T,IBM,F I,12,303.71
2025-12-24,10:42:26.748181602,T,IBM,F I,2,303.67
2025-12-24,10:42:26.748181602,T,IBM,F I,11,303.67
2025-12-24,10:42:26.748190645,T,IBM,F I,13,303.67
2025-12-24,10:42:26.748196650,T,IBM,I,1,303.67
2025-12-24,10:42:26.748244813,T,IBM,F I,11,303.67
2025-12-24,10:42:34.132726478,T,IBM,F I,10,303.64
2025-12-24,10:42:34.132726478,T,IBM,F I,10,303.64
2025-12-24,10:42:34.133216615,T,IBM,F I,5,303.63
2025-12-24,10:42:36.263842868,T,IBM,I,5,303.61
2025-12-24,10:42:44.343916423,T,IBM,,45,303.62
2025-12-24,10:42:44.343979582,T,IBM,,45,303.625
2025-12-24,10:42:46.436502142,T,IBM,I,1,303.57
2025-12-24,10:42:46.437019367,T,IBM,F I,10,303.55
2025-12-24,10:42:46.437115660,T,IBM,I,14,303.6
2025-12-24,10:42:46.437118531,T,IBM,I,22,303.61
2025-12-24,10:42:46.437121645,T,IBM,I,4,303.61
2025-12-24,10:42:46.437136612,T,IBM,I,1,303.61
2025-12-24,10:42:46.440393561,T,IBM,F I,22,303.55
2025-12-24,10:42:46.440396367,T,IBM,F I,3,303.55
2025-12-24,10:44:28.971527999,T,IBM,F I,7,303.56
2025-12-24,10:44:28.971530885,T,IBM,F I,11,303.56
2025-12-24,10:44:28.971533368,T,IBM,F I,10,303.56
2025-12-24,10:44:28.971533368,T,IBM,F I,4,303.56
2025-12-24,10:44:28.971548375,T,IBM,I,1,303.56
2025-12-24,10:44:28.971551439,T,IBM,F I,5,303.56
2025-12-24,10:44:28.971551439,T,IBM,F I,1,303.56
2025-12-24,10:44:28.971563501,T,IBM,F I,6,303.56
2025-12-24,10:44:28.971575516,T,IBM,F I,5,303.56
2025-12-24,10:44:28.990863432,T,IBM,I,14,303.56
2025-12-24,10:44:38.121418604,T,IBM,F I,4,303.53
2025-12-24,10:44:43.318769526,T,IBM,,69,303.59
2025-12-24,10:44:43.318787463,T,IBM,I,1,303.59
2025-12-24,10:44:43.318826732,T,IBM,I,8,303.59
2025-12-24,10:44:43.319617453,T,IBM,F I,23,303.57
2025-12-24,10:44:43.319620785,T,IBM,F I,7,303.56
2025-12-24,10:44:43.319624399,T,IBM,F I,2,303.56
2025-12-24,10:44:43.319626648,T,IBM,F I,25,303.56
2025-12-24,10:44:43.319642401,T,IBM,F I,15,303.56
2025-12-24,10:44:43.319642401,T,IBM,F I,4,303.56
2025-12-24,10:44:43.319644541,T,IBM,F I,4,303.56
2025-12-24,10:44:43.319647740,T,IBM,I,1,303.56
2025-12-24,10:44:43.319659874,T,IBM,F I,23,303.56
2025-12-24,10:44:43.319677797,T,IBM,F I,23,303.56
2025-12-24,10:44:43.319677797,T,IBM,F I,13,303.56
2025-12-24,10:44:43.338718936,T,IBM,,40,303.53
2025-12-24,10:44:43.338718936,T,IBM,I,20,303.53
2025-12-24,10:44:43.604284118,T,IBM,F I,1,303.52
2025-12-24,10:44:43.604287745,T,IBM,F I,5,303.52
2025-12-24,10:44:43.604290203,T,IBM,F I,1,303.52
2025-12-24,10:44:43.604290203,T,IBM,F I,6,303.52
2025-12-24,10:44:43.605640329,T,IBM,I,34,303.52
2025-12-24,10:44:43.757354503,T,IBM,F I,9,303.49
2025-12-24,10:44:45.564016566,T,IBM,F I,3,303.46
2025-12-24,10:44:45.564470567,T,IBM,F I,3,303.46
2025-12-24,10:44:45.564545839,T,IBM,F I,3,303.46
2025-12-24,10:44:45.564569840,T,IBM,I,4,303.49
2025-12-24,10:44:46.196307760,T,IBM,F I,4,303.48
2025-12-24,10:44:46.731960971,T,IBM,F,40,303.43
2025-12-24,10:44:46.731973150,T,IBM,I,1,303.43
2025-12-24,10:44:46.731982003,T,IBM,F I,10,303.43
2025-12-24,10:44:46.731984997,T,IBM,F I,1,303.43
2025-12-24,10:44:46.732003099,T,IBM,I,39,303.43
2025-12-24,10:44:46.732006064,T,IBM,I,10,303.43
2025-12-24,10:44:46.732024091,T,IBM,I,2,303.43
2025-12-24,10:44:52.923063529,T,IBM,F I,1,303.41
2025-12-24,10:44:54.804128559,T,IBM,F I,2,303.44
2025-12-24,10:44:57.862935387,T,IBM,F I,1,303.4
2025-12-24,10:45:02.649520318,T,IBM,F I,1,303.4
2025-12-24,10:45:09.959313207,T,IBM,I,20,303.51
2025-12-24,10:45:09.959316422,T,IBM,,40,303.51
2025-12-24,10:45:09.959316422,T,IBM,I,20,303.51
2025-12-24,10:45:09.959319190,T,IBM,I,20,303.51
2025-12-24,10:45:09.959322411,T,IBM,,40,303.51
2025-12-24,10:45:09.959325122,T,IBM,,40,303.51
2025-12-24,10:45:09.959370272,T,IBM,,40,303.53
2025-12-24,10:45:09.982098422,T,IBM,F I,5,303.53
2025-12-24,10:45:11.040912959,T,IBM,,40,303.515
2025-12-24,10:45:12.192988538,T,IBM,F I,20,303.515
2025-12-24,10:45:13.173003701,T,IBM,F I,3,303.54
2025-12-24,10:45:13.827938711,T,IBM,,40,303.56
2025-12-24,10:45:13.827956750,T,IBM,I,1,303.56
2025-12-24,10:45:17.724849763,T,IBM,F I,2,303.56
2025-12-24,10:45:27.986608056,T,IBM,F I,13,303.53
2025-12-24,10:45:27.986608056,T,IBM,F I,10,303.53
2025-12-24,10:45:27.986614039,T,IBM,F I,6,303.53
2025-12-24,10:45:27.987095170,T,IBM,F I,1,303.5
2025-12-24,10:45:30.870277813,T,IBM,F I,2,303.43
2025-12-24,10:45:33.452458919,T,IBM,F I,1,303.43
2025-12-24,10:45:33.452546164,T,IBM,F I,3,303.43
2025-12-24,10:45:41.422825289,T,IBM,I,1,303.5
2025-12-24,10:45:42.400557920,T,IBM,F I,1,303.5
2025-12-24,10:46:03.657394079,T,IBM,F I,12,303.46
2025-12-24,10:46:03.657394079,T,IBM,F I,4,303.46
2025-12-24,10:46:03.657412180,T,IBM,I,9,303.46
2025-12-24,10:46:03.657460800,T,IBM,F I,1,303.46
2025-12-24,10:46:09.485204774,T,IBM,,40,303.41
2025-12-24,10:46:09.485219843,T,IBM,F I,8,303.41
2025-12-24,10:46:09.485222873,T,IBM,I,1,303.41
2025-12-24,10:46:09.485234833,T,IBM,F I,20,303.41
2025-12-24,10:46:09.485244205,T,IBM,F I,11,303.41
2025-12-24,10:46:09.485244205,T,IBM,F I,7,303.41
2025-12-24,10:46:09.485255892,T,IBM,F I,4,303.41
2025-12-24,10:46:09.738696264,T,IBM,I,20,303.35
2025-12-24,10:46:16.724203092,T,IBM,F,40,303.34
2025-12-24,10:46:24.440088707,T,IBM,I,1,303.24
2025-12-24,10:46:37.542505386,T,IBM,I,2,303.295
2025-12-24,10:46:37.543206224,T,IBM,I,25,303.295
2025-12-24,10:47:00.998976319,T,IBM,I,9,303.24
2025-12-24,10:47:00.998976319,T,IBM,I,1,303.24
2025-12-24,10:47:06.752555462,T,IBM,F I,26,303.25
2025-12-24,10:47:06.755180712,T,IBM,F,40,303.23
2025-12-24,10:47:14.031443748,T,IBM,I,10,303.28
2025-12-24,10:47:14.031447445,T,IBM,,45,303.29
2025-12-24,10:47:14.031447445,T,IBM,I,2,303.3
2025-12-24,10:47:14.031449976,T,IBM,I,3,303.31
2025-12-24,10:47:14.031452786,T,IBM,I,21,303.31
2025-12-24,10:47:14.031465446,T,IBM,I,1,303.31
2025-12-24,10:47:14.031465446,T,IBM,I,23,303.31
2025-12-24,10:47:14.031467818,T,IBM,I,1,303.31
2025-12-24,10:47:41.374297762,T,IBM,F I,3,303.35
2025-12-24,10:48:04.528718306,T,IBM,F I,23,303.24
2025-12-24,10:48:04.528720705,T,IBM,F,40,303.24
2025-12-24,10:48:04.528853010,T,IBM,F I,1,303.24
2025-12-24,10:48:07.495138705,T,IBM,,45,303.27
2025-12-24,10:48:22.449403444,T,IBM,F I,4,303.23
2025-12-24,10:48:22.449406116,T,IBM,F I,37,303.23
2025-12-24,10:48:22.449421178,T,IBM,I,1,303.23
2025-12-24,10:48:26.807221521,T,IBM,F I,2,303.23
2025-12-24,10:48:26.807224812,T,IBM,F I,5,303.23
2025-12-24,10:48:26.807227640,T,IBM,F I,3,303.23
2025-12-24,10:48:26.807227640,T,IBM,F I,4,303.23
2025-12-24,10:48:26.807291648,T,IBM,F I,6,303.23
2025-12-24,10:48:26.807540248,T,IBM,F I,4,303.23
2025-12-24,10:48:54.027022616,T,IBM,,40,303.26
2025-12-24,10:48:58.365919918,T,IBM,I,1,303.22
2025-12-24,10:48:58.365919918,T,IBM,I,23,303.22
2025-12-24,10:48:58.365923143,T,IBM,I,10,303.22
2025-12-24,10:48:58.365923143,T,IBM,I,10,303.22
2025-12-24,10:49:05.349733795,T,IBM,F I,26,303.15
2025-12-24,10:49:05.349733795,T,IBM,F I,10,303.15
2025-12-24,10:49:05.349736814,T,IBM,F I,10,303.15
2025-12-24,10:49:05.393548054,T,IBM,F I,6,303.12
2025-12-24,10:49:11.066556694,T,IBM,F I,20,303.08
2025-12-24,10:49:11.066556694,T,IBM,F I,2,303.05
2025-12-24,10:49:11.066559419,T,IBM,F I,2,303.05
2025-12-24,10:49:15.463197282,T,IBM,F I,2,303.05
2025-12-24,10:49:15.533233924,T,IBM,F I,3,303.05
2025-12-24,10:49:17.944038011,T,IBM,F I,5,303.03
2025-12-24,10:49:17.944038011,T,IBM,F I,10,303.03
2025-12-24,10:49:17.944040213,T,IBM,F I,10,303.03
2025-12-24,10:49:24.343842793,T,IBM,F,40,303.02
2025-12-24,10:49:24.344540408,T,IBM,,45,303.03
2025-12-24,10:49:24.872720823,T,IBM,I,7,303.05
2025-12-24,10:49:24.872720823,T,IBM,I,2,303.05
2025-12-24,10:49:24.872732900,T,IBM,I,28,303.05
2025-12-24,10:49:24.873096699,T,IBM,F I,10,303.02
2025-12-24,10:49:24.873135777,T,IBM,F,40,303.02
2025-12-24,10:49:24.873286185,T,IBM,,40,303.05
2025-12-24,10:49:24.873397409,T,IBM,I,23,303.03
2025-12-24,10:49:24.873716147,T,IBM,I,22,303.06
2025-12-24,10:49:24.873716147,T,IBM,I,18,303.09
2025-12-24,10:49:27.528472217,T,IBM,I,4,302.99
2025-12-24,10:49:33.871914608,T,IBM,F I,1,303.0
2025-12-24,10:50:08.054386453,T,IBM,F I,23,303.07
2025-12-24,10:50:08.054389540,T,IBM,F I,25,303.07
2025-12-24,10:50:08.054413470,T,IBM,F I,22,303.07
2025-12-24,10:50:08.054428825,T,IBM,F I,23,303.07
2025-12-24,10:50:08.054431566,T,IBM,I,22,303.07
2025-12-24,10:50:08.054434519,T,IBM,F I,5,303.07
2025-12-24,10:50:08.054437574,T,IBM,F I,15,303.09
2025-12-24,10:50:08.054441567,T,IBM,I,4,303.09
2025-12-24,10:50:08.054441567,T,IBM,I,4,303.09
2025-12-24,10:50:08.054446596,T,IBM,I,28,303.09
2025-12-24,10:50:08.054446596,T,IBM,I,12,303.09
2025-12-24,10:50:08.054449583,T,IBM,I,11,303.09
2025-12-24,10:50:08.054461627,T,IBM,I,1,303.09
2025-12-24,10:50:08.054500682,T,IBM,,40,303.09
2025-12-24,10:50:08.054530995,T,IBM,F,40,303.1
2025-12-24,10:50:08.054534616,T,IBM,F I,12,303.1
2025-12-24,10:50:08.054534616,T,IBM,F I,2,303.1
2025-12-24,10:50:08.054537261,T,IBM,F I,4,303.1
2025-12-24,10:50:08.056596715,T,IBM,F I,5,303.08
2025-12-24,10:50:09.461336842,T,IBM,F I,1,303.0
2025-12-24,10:50:09.461354879,T,IBM,I,9,303.01
2025-12-24,10:50:42.728874588,T,IBM,I,20,303.03
2025-12-24,10:50:46.595903526,T,IBM,I,5,303.02
2025-12-24,10:50:46.595906560,T,IBM,I,10,303.02
2025-12-24,10:50:46.595909536,T,IBM,I,23,303.02
2025-12-24,10:50:46.595909536,T,IBM,I,10,303.02
2025-12-24,10:50:46.595912544,T,IBM,I,10,303.02
2025-12-24,10:50:46.595972757,T,IBM,F I,2,303.02
2025-12-24,10:50:52.833869912,T,IBM,F I,8,302.98
2025-12-24,10:50:53.045071675,T,IBM,F I,16,302.98
2025-12-24,10:50:53.045074636,T,IBM,F I,10,302.98
2025-12-24,10:50:53.045077865,T,IBM,F I,10,302.98
2025-12-24,10:50:53.045080700,T,IBM,F I,4,302.98
2025-12-24,10:50:53.045092681,T,IBM,I,1,302.98
2025-12-24,10:50:56.765150123,T,IBM,F I,17,302.98
2025-12-24,10:50:56.765173814,T,IBM,F,48,302.98
2025-12-24,10:50:56.765176840,T,IBM,F I,10,302.98
2025-12-24,10:50:56.765176840,T,IBM,F I,2,302.98
2025-12-24,10:51:20.076883567,T,IBM,F I,3,302.97
2025-12-24,10:51:20.734287415,T,IBM,F I,2,302.96
2025-12-24,10:51:21.613854340,T,IBM,F I,25,302.995
2025-12-24,10:51:21.613893411,T,IBM,I,15,302.995
2025-12-24,10:51:39.524207362,T,IBM,I,25,302.995
2025-12-24,10:52:04.809849092,T,IBM,,40,302.995
2025-12-24,10:52:04.809849092,T,IBM,,40,302.995
2025-12-24,10:52:04.810480357,T,IBM,,40,303.07
2025-12-24,10:52:16.052792093,T,IBM,I,20,303.03
2025-12-24,10:52:16.053041629,T,IBM,F I,2,303.02
2025-12-24,10:52:16.053072303,T,IBM,F I,23,303.01
2025-12-24,10:52:16.053110763,T,IBM,,40,303.02
2025-12-24,10:52:35.427851148,T,IBM,F I,20,303.03
2025-12-24,10:52:35.427854798,T,IBM,F I,4,303.0
2025-12-24,10:52:35.427854798,T,IBM,F I,2,303.0
2025-12-24,10:52:35.427857433,T,IBM,F I,10,303.0
2025-12-24,10:52:35.427859792,T,IBM,F I,2,303.0
2025-12-24,10:52:35.428307859,T,IBM,F I,1,303.0
2025-12-24,10:52:59.935113237,T,IBM,F I,10,302.96
2025-12-24,10:52:59.935116255,T,IBM,F I,15,302.96
2025-12-24,10:52:59.935119339,T,IBM,F I,10,302.96
2025-12-24,10:52:59.935215472,T,IBM,F I,1,302.95
2025-12-24,10:52:59.940375835,T,IBM,I,4,302.99
2025-12-24,10:52:59.940381970,T,IBM,I,3,302.99
2025-12-24,10:53:00.010956780,T,IBM,,40,302.975
2025-12-24,10:53:00.010959787,T,IBM,I,4,302.975
2025-12-24,10:53:00.011068108,T,IBM,I,25,302.975
2025-12-24,10:53:00.011128218,T,IBM,,45,302.975
2025-12-24,10:53:13.464525586,T,IBM,F I,1,302.92
2025-12-24,10:53:13.464594775,T,IBM,F I,3,302.92
2025-12-24,10:53:13.464799202,T,IBM,F I,7,302.91
2025-12-24,10:53:13.465211204,T,IBM,I,33,302.92
2025-12-24,10:53:16.933554054,T,IBM,F I,11,302.88
2025-12-24,10:53:16.934002155,T,IBM,F I,1,302.87
2025-12-24,10:53:21.674003188,T,IBM,F,79,302.86
2025-12-24,10:53:22.555371436,T,IBM,I,6,302.9
2025-12-24,10:53:22.555419545,T,IBM,I,39,302.9
2025-12-24,10:53:22.555419545,T,IBM,I,2,302.9
2025-12-24,10:53:41.521727229,T,IBM,F I,9,302.87
2025-12-24,10:53:41.521730164,T,IBM,F,99,302.87
2025-12-24,10:53:41.521733651,T,IBM,F I,1,302.87
2025-12-24,10:53:41.521733651,T,IBM,F I,6,302.87
2025-12-24,10:53:41.521736295,T,IBM,F I,9,302.87
2025-12-24,10:53:41.521736295,T,IBM,F I,12,302.87
2025-12-24,10:53:51.430423737,T,IBM,,40,302.895
2025-12-24,10:53:51.430423737,T,IBM,,40,302.895
2025-12-24,10:53:51.432631063,T,IBM,I,24,302.95
2025-12-24,10:53:51.432652112,T,IBM,I,1,302.95
2025-12-24,10:53:51.432685187,T,IBM,I,6,302.95
2025-12-24,10:53:51.433283538,T,IBM,F I,1,302.91
2025-12-24,10:53:51.433349691,T,IBM,F,45,302.92
2025-12-24,10:53:51.433349691,T,IBM,F,100,302.93
2025-12-24,10:53:51.433355803,T,IBM,F I,9,302.95
2025-12-24,10:53:51.433355803,T,IBM,F I,6,302.95
2025-12-24,10:53:51.433406838,T,IBM,I,4,302.93
2025-12-24,10:53:51.433455028,T,IBM,F I,8,302.93
2025-12-24,10:53:51.433476020,T,IBM,F I,1,302.91
2025-12-24,10:53:51.434438292,T,IBM,I,30,302.92
2025-12-24,10:53:51.438016832,T,IBM,,40,302.89
2025-12-24,10:53:52.465120951,T,IBM,I,21,302.94
2025-12-24,10:53:52.465139724,T,IBM,F I,24,302.94
2025-12-24,10:53:52.465142055,T,IBM,F I,5,302.94
2025-12-24,10:53:52.465551025,T,IBM,F I,34,302.95
2025-12-24,10:53:52.465560317,T,IBM,F I,10,302.96
2025-12-24,10:53:52.465560317,T,IBM,F,40,302.96
2025-12-24,10:53:52.465563052,T,IBM,,40,302.96
2025-12-24,10:53:52.466447321,T,IBM,F I,5,302.97
2025-12-24,10:53:52.466474231,T,IBM,F I,35,302.97
2025-12-24,10:53:52.466474231,T,IBM,F I,5,302.97
2025-12-24,10:53:52.466486211,T,IBM,I,35,302.97
2025-12-24,10:53:52.482309998,T,IBM,F I,2,302.93
2025-12-24,10:53:52.482312943,T,IBM,F I,20,302.93
2025-12-24,10:53:52.482367097,T,IBM,I,4,302.95
2025-12-24,10:54:02.502933074,T,IBM,F I,1,302.89
2025-12-24,10:54:05.444926930,T,IBM,I,7,302.92
2025-12-24,10:54:34.059285544,T,IBM,I,2,302.9
2025-12-24,10:54:39.105851371,T,IBM,F I,25,302.86
2025-12-24,10:54:39.477187399,T,IBM,,80,302.845
2025-12-24,10:54:39.479638197,T,IBM,,40,302.845
2025-12-24,10:54:44.492433810,T,IBM,F I,17,302.91
2025-12-24,10:54:44.492448908,T,IBM,I,3,302.91
2025-12-24,10:54:51.541954099,T,IBM,F I,1,302.87
2025-12-24,10:54:51.541957119,T,IBM,F I,5,302.87
2025-12-24,10:54:51.542005251,T,IBM,F I,11,302.86
2025-12-24,10:54:51.542005251,T,IBM,F I,10,302.86
2025-12-24,10:55:00.392615168,T,IBM,F I,20,302.87
2025-12-24,10:55:00.392639255,T,IBM,F I,16,302.87
2025-12-24,10:55:17.384217529,T,IBM,F I,30,302.82
2025-12-24,10:55:17.384235643,T,IBM,I,1,302.82
2025-12-24,10:55:17.384238655,T,IBM,I,2,302.82
2025-12-24,10:55:21.176665932,T,IBM,,40,302.845
2025-12-24,10:55:29.037105620,T,IBM,F I,24,302.88
2025-12-24,10:55:29.037105620,T,IBM,F I,1,302.88
2025-12-24,10:55:29.037108587,T,IBM,F I,29,302.88
2025-12-24,10:55:29.037129609,T,IBM,I,1,302.88
2025-12-24,10:55:29.037153691,T,IBM,I,10,302.88
2025-12-24,10:55:30.202319557,T,IBM,I,18,302.88
2025-12-24,10:55:36.029694711,T,IBM,F,40,302.91
2025-12-24,10:55:36.029697670,T,IBM,F I,8,302.93
2025-12-24,10:55:36.029700344,T,IBM,F,40,302.93
2025-12-24,10:55:36.029700344,T,IBM,I,20,302.93
2025-12-24,10:55:42.657923533,T,IBM,I,2,302.94
2025-12-24,10:55:43.607900109,T,IBM,I,5,302.94
2025-12-24,10:55:46.070318228,T,IBM,F I,4,302.95
2025-12-24,10:55:54.414387145,T,IBM,F I,4,302.94
2025-12-24,10:56:12.806378646,T,IBM,F I,1,302.97
2025-12-24,10:56:20.129228575,T,IBM,F I,5,302.99
2025-12-24,10:56:20.129234618,T,IBM,F,40,302.99
2025-12-24,10:56:20.129234618,T,IBM,F,40,302.99
2025-12-24,10:56:20.133098702,T,IBM,I,20,303.07
2025-12-24,10:56:20.133101723,T,IBM,,46,303.07
2025-12-24,10:56:20.371852132,T,IBM,F I,1,303.1
2025-12-24,10:56:20.771569682,T,IBM,I,23,303.08
2025-12-24,10:56:20.771641927,T,IBM,F I,30,303.07
2025-12-24,10:56:22.448172081,T,IBM,F I,12,303.03
2025-12-24,10:56:22.448914911,T,IBM,I,25,302.99
2025-12-24,10:56:30.495539858,T,IBM,I,25,302.975
2025-12-24,10:56:36.692013410,T,IBM,F I,18,302.97
2025-12-24,10:57:10.444816348,T,IBM,I,1,302.95
2025-12-24,10:57:10.444816348,T,IBM,I,2,302.95
2025-12-24,10:57:10.444819021,T,IBM,I,25,302.93
2025-12-24,10:57:10.444822069,T,IBM,,52,302.925
2025-12-24,10:57:47.181273702,T,IBM,F I,1,302.95
2025-12-24,10:57:47.181273702,T,IBM,F I,6,302.95
2025-12-24,10:57:47.181396981,T,IBM,I,1,302.95
2025-12-24,10:58:57.320750474,T,IBM,F I,18,302.94
2025-12-24,10:58:57.320768471,T,IBM,I,6,302.94
2025-12-24,10:58:57.320780493,T,IBM,F I,7,302.94
2025-12-24,10:58:57.327254908,T,IBM,I,10,302.98
2025-12-24,10:58:57.327258061,T,IBM,I,16,302.99
2025-12-24,10:58:57.327258061,T,IBM,I,11,302.99
2025-12-24,10:59:06.258895773,T,IBM,F I,10,302.98
2025-12-24,10:59:06.258895773,T,IBM,F I,23,302.96
2025-12-24,10:59:06.258898863,T,IBM,F I,24,302.95
2025-12-24,10:59:06.258898863,T,IBM,F I,23,302.95
2025-12-24,10:59:06.258913793,T,IBM,I,1,302.95
2025-12-24,10:59:08.483462565,T,IBM,F I,1,303.04
2025-12-24,10:59:08.483465894,T,IBM,F,40,303.04
2025-12-24,10:59:08.483465894,T,IBM,F I,5,303.04
2025-12-24,10:59:08.483469382,T,IBM,F I,5,303.04
2025-12-24,10:59:08.483471622,T,IBM,F I,4,303.04
2025-12-24,10:59:08.483474641,T,IBM,F I,5,303.04
2025-12-24,10:59:08.483586752,T,IBM,F I,1,303.05
2025-12-24,10:59:08.483625169,T,IBM,F I,1,303.05
2025-12-24,10:59:17.586800280,T,IBM,I,1,303.09
2025-12-24,10:59:17.586869434,T,IBM,,40,303.09
2025-12-24,10:59:17.586893407,T,IBM,I,2,303.07
2025-12-24,10:59:17.586899484,T,IBM,F I,2,303.06
2025-12-24,10:59:21.289752481,T,IBM,F I,13,303.05
2025-12-24,10:59:21.289761490,T,IBM,F I,20,303.05
2025-12-24,10:59:39.737186530,T,IBM,F I,1,303.01
2025-12-24,10:59:39.737219589,T,IBM,F I,1,303.0
2025-12-24,10:59:39.737246699,T,IBM,F I,3,303.0
2025-12-24,10:59:39.737249716,T,IBM,F I,24,303.0
2025-12-24,11:00:01.903856995,T,IBM,F I,10,302.98
2025-12-24,11:00:01.903856995,T,IBM,F I,9,302.97
2025-12-24,11:00:02.004367921,T,IBM,I,16,303.045
2025-12-24,11:00:02.006427849,T,IBM,I,17,303.045
2025-12-24,11:00:09.421305752,T,IBM,I,7,303.08
2025-12-24,11:00:13.753569280,T,IBM,I,4,303.19
2025-12-24,11:00:13.753572713,T,IBM,I,5,303.19
2025-12-24,11:00:13.753575808,T,IBM,I,6,303.19
2025-12-24,11:00:13.753575808,T,IBM,I,5,303.19
2025-12-24,11:00:13.753578273,T,IBM,I,6,303.19
2025-12-24,11:00:13.753578273,T,IBM,F I,26,303.19
2025-12-24,11:00:13.753587327,T,IBM,I,11,303.19
2025-12-24,11:00:13.753593400,T,IBM,F I,3,303.19
2025-12-24,11:00:13.753758736,T,IBM,F,40,303.19
2025-12-24,11:00:13.756356934,T,IBM,,45,303.195
2025-12-24,11:00:13.756356934,T,IBM,,75,303.23
2025-12-24,11:00:13.769654606,T,IBM,I,2,303.2
2025-12-24,11:00:13.829439965,T,IBM,F I,1,303.17
2025-12-24,11:00:13.829463922,T,IBM,F I,15,303.14
2025-12-24,11:00:13.829503013,T,IBM,I,10,303.16
2025-12-24,11:00:13.830269839,T,IBM,F I,2,303.13
2025-12-24,11:00:13.830326986,T,IBM,,100,303.13
2025-12-24,11:00:36.680073007,T,IBM,I,2,303.23
2025-12-24,11:01:27.240349567,T,IBM,F I,3,303.2
2025-12-24,11:01:27.240351719,T,IBM,F,77,303.2
2025-12-24,11:01:27.240354652,T,IBM,F I,5,303.2
2025-12-24,11:01:27.240354652,T,IBM,F I,10,303.2
2025-12-24,11:02:09.932072029,T,IBM,I,5,303.25
2025-12-24,11:02:09.932075020,T,IBM,I,22,303.25
2025-12-24,11:02:09.936134669,T,IBM,F I,23,303.23
2025-12-24,11:02:09.936134669,T,IBM,F I,7,303.22
2025-12-24,11:02:09.936137801,T,IBM,F I,7,303.22
2025-12-24,11:02:09.936140764,T,IBM,F I,1,303.22
2025-12-24,11:02:09.936140764,T,IBM,F I,7,303.22
2025-12-24,11:02:09.936143720,T,IBM,F,95,303.21
2025-12-24,11:02:29.166479490,T,IBM,F I,19,303.21
2025-12-24,11:02:57.559382122,T,IBM,F I,2,303.22
2025-12-24,11:02:57.559385214,T,IBM,F,92,303.21
2025-12-24,11:03:05.576930843,T,IBM,,120,303.21
2025-12-24,11:03:06.620321799,T,IBM,,45,303.255
2025-12-24,11:03:07.936047006,T,IBM,I,11,303.26
2025-12-24,11:03:09.052551512,T,IBM,F I,4,303.31
2025-12-24,11:03:09.052553928,T,IBM,F,40,303.31
2025-12-24,11:03:09.052875722,T,IBM,F I,1,303.32
2025-12-24,11:03:09.052878805,T,IBM,F I,27,303.32
2025-12-24,11:03:09.053050168,T,IBM,I,1,303.32
2025-12-24,11:03:09.053095506,T,IBM,I,37,303.32
2025-12-24,11:03:09.053095506,T,IBM,I,39,303.32
2025-12-24,11:03:09.053122336,T,IBM,F,40,303.32
2025-12-24,11:03:09.053961362,T,IBM,I,1,303.33
2025-12-24,11:03:09.067737119,T,IBM,I,28,303.36
2025-12-24,11:03:09.147733750,T,IBM,I,8,303.39
2025-12-24,11:03:09.147877892,T,IBM,I,1,303.41
2025-12-24,11:03:09.147877892,T,IBM,,40,303.41
2025-12-24,11:03:09.148774006,T,IBM,F I,1,303.45
2025-12-24,11:03:09.148817009,T,IBM,F I,5,303.47
2025-12-24,11:03:09.149480706,T,IBM,F I,20,303.49
2025-12-24,11:03:09.149480706,T,IBM,F I,1,303.49
2025-12-24,11:03:09.149528848,T,IBM,F,160,303.5
2025-12-24,11:03:09.149706211,T,IBM,F I,20,303.49
2025-12-24,11:03:09.150133241,T,IBM,F I,20,303.52
2025-12-24,11:03:09.165063843,T,IBM,,45,303.46
2025-12-24,11:03:09.165108928,T,IBM,,45,303.46
2025-12-24,11:03:09.165145035,T,IBM,,45,303.46
2025-12-24,11:03:09.165394574,T,IBM,,100,303.46
2025-12-24,11:03:11.448811535,T,IBM,F I,25,303.46
2025-12-24,11:03:29.683609652,T,IBM,,54,303.4
2025-12-24,11:03:30.004600785,T,IBM,F,40,303.39
2025-12-24,11:03:30.004602895,T,IBM,F I,26,303.39
2025-12-24,11:03:30.004605931,T,IBM,F I,19,303.39
2025-12-24,11:03:30.004620873,T,IBM,F,40,303.39
2025-12-24,11:03:30.004698997,T,IBM,F I,1,303.36
2025-12-24,11:03:30.004753195,T,IBM,F I,5,303.35
2025-12-24,11:03:30.004939587,T,IBM,,45,303.36
2025-12-24,11:03:31.351695685,T,IBM,,50,303.32
2025-12-24,11:03:31.351698656,T,IBM,I,2,303.32
2025-12-24,11:03:33.627592042,T,IBM,F,40,303.31
2025-12-24,11:03:33.627592042,T,IBM,F I,20,303.3
2025-12-24,11:03:33.627660924,T,IBM,F I,14,303.29
2025-12-24,11:03:33.627672897,T,IBM,F I,23,303.29
2025-12-24,11:03:33.627739095,T,IBM,I,2,303.32
2025-12-24,11:03:33.628145091,T,IBM,F I,20,303.27
2025-12-24,11:03:33.628394621,T,IBM,I,21,303.29
2025-12-24,11:03:53.473189530,T,IBM,F I,1,303.27
2025-12-24,11:03:53.473189530,T,IBM,F I,26,303.26
2025-12-24,11:04:19.995305658,T,IBM,F I,13,303.26
2025-12-24,11:04:19.995380858,T,IBM,F I,10,303.26
2025-12-24,11:04:46.178424942,T,IBM,I,30,303.32
2025-12-24,11:04:46.178446081,T,IBM,I,5,303.38
2025-12-24,11:04:51.748528273,T,IBM,I,6,303.33
2025-12-24,11:04:51.748564342,T,IBM,I,13,303.33
2025-12-24,11:05:22.533175149,T,IBM,I,10,303.34
2025-12-24,11:05:22.541835802,T,IBM,F I,1,303.36
2025-12-24,11:05:22.541838790,T,IBM,F I,4,303.36
2025-12-24,11:05:22.555277759,T,IBM,I,4,303.42
2025-12-24,11:05:22.555343969,T,IBM,F I,4,303.43
2025-12-24,11:05:22.555725929,T,IBM,F I,4,303.43
2025-12-24,11:05:22.555747302,T,IBM,I,16,303.43
2025-12-24,11:05:22.555747302,T,IBM,I,25,303.44
2025-12-24,11:05:22.555768036,T,IBM,F I,15,303.44
2025-12-24,11:05:22.555795071,T,IBM,F I,1,303.44
2025-12-24,11:05:37.987016054,T,IBM,F I,5,303.42
2025-12-24,11:05:52.035214451,T,IBM,,100,303.385
2025-12-24,11:05:52.040500968,T,IBM,,100,303.385
2025-12-24,11:06:15.842497690,T,IBM,F,40,303.28
2025-12-24,11:06:15.842500672,T,IBM,F I,23,303.28
2025-12-24,11:06:15.842503624,T,IBM,F I,7,303.28
2025-12-24,11:06:16.097221977,T,IBM,,80,303.27
2025-12-24,11:06:16.754490765,T,IBM,F,40,303.27
2025-12-24,11:06:16.863112473,T,IBM,F I,1,303.26
2025-12-24,11:06:16.863136384,T,IBM,I,4,303.25
2025-12-24,11:06:19.168553737,T,IBM,I,2,303.23
2025-12-24,11:06:19.361117136,T,IBM,F I,25,303.23
2025-12-24,11:06:19.735123484,T,IBM,F I,10,303.23
2025-12-24,11:06:21.618401796,T,IBM,F I,3,303.23
2025-12-24,11:06:26.376124252,T,IBM,F I,2,303.33
2025-12-24,11:06:26.376124252,T,IBM,F I,9,303.33
2025-12-24,11:06:26.376130562,T,IBM,F I,6,303.33
2025-12-24,11:06:26.376130562,T,IBM,F I,1,303.33
2025-12-24,11:06:26.376133194,T,IBM,F I,15,303.34
2025-12-24,11:06:37.081570674,T,IBM,F I,5,303.43
2025-12-24,11:06:54.991427333,T,IBM,F I,20,303.5
2025-12-24,11:06:54.991429996,T,IBM,F I,8,303.51
2025-12-24,11:06:54.991433782,T,IBM,F I,10,303.51
2025-12-24,11:06:54.991433782,T,IBM,F,49,303.51
2025-12-24,11:06:54.991439047,T,IBM,F I,18,303.51
2025-12-24,11:06:54.991445054,T,IBM,I,1,303.51
2025-12-24,11:06:54.991451061,T,IBM,F I,19,303.51
2025-12-24,11:06:55.476541856,T,IBM,I,23,303.45
2025-12-24,11:06:55.733515615,T,IBM,I,30,303.44
2025-12-24,11:06:55.733515615,T,IBM,I,1,303.44
2025-12-24,11:06:55.733560735,T,IBM,I,4,303.41
2025-12-24,11:07:19.100370207,T,IBM,I,1,303.5
2025-12-24,11:07:19.100373081,T,IBM,I,7,303.51
2025-12-24,11:07:19.100728022,T,IBM,F I,8,303.54
2025-12-24,11:07:19.101031693,T,IBM,I,3,303.55
2025-12-24,11:07:19.101040738,T,IBM,F I,5,303.55
2025-12-24,11:07:21.448122355,T,IBM,,40,303.5
2025-12-24,11:07:23.115258008,T,IBM,F,40,303.48
2025-12-24,11:07:23.115276132,T,IBM,F I,11,303.48
2025-12-24,11:07:23.115279231,T,IBM,I,1,303.48
2025-12-24,11:07:23.115279231,T,IBM,I,2,303.48
2025-12-24,11:07:51.640054441,T,IBM,F I,2,303.43
2025-12-24,11:07:51.640069547,T,IBM,I,2,303.43
2025-12-24,11:08:02.320809024,T,IBM,I,6,303.52
2025-12-24,11:08:19.249239797,T,IBM,F I,2,303.48
2025-12-24,11:08:19.249242901,T,IBM,F I,11,303.45
2025-12-24,11:08:19.249245787,T,IBM,F I,1,303.43
2025-12-24,11:08:19.249248766,T,IBM,F I,23,303.42
2025-12-24,11:08:19.249248766,T,IBM,F I,3,303.42
2025-12-24,11:08:47.135086823,T,IBM,F I,2,303.44
2025-12-24,11:08:47.135086823,T,IBM,F I,3,303.43
2025-12-24,11:08:47.135089624,T,IBM,F I,1,303.43
2025-12-24,11:08:47.135089624,T,IBM,F I,37,303.42
2025-12-24,11:08:47.135242621,T,IBM,F I,22,303.47
2025-12-24,11:08:47.135615988,T,IBM,F I,2,303.48
2025-12-24,11:08:47.135615988,T,IBM,F I,20,303.49
2025-12-24,11:08:47.135633527,T,IBM,F I,2,303.49
2025-12-24,11:08:52.887537673,T,IBM,I,4,303.485
2025-12-24,11:08:54.406390391,T,IBM,F I,1,303.49
2025-12-24,11:08:54.406447625,T,IBM,I,2,303.49
2025-12-24,11:08:54.406447625,T,IBM,I,1,303.49
2025-12-24,11:08:54.409656167,T,IBM,,45,303.505
2025-12-24,11:09:03.589123124,T,IBM,F I,1,303.47
2025-12-24,11:09:03.589150247,T,IBM,I,1,303.47
2025-12-24,11:09:03.589604359,T,IBM,F,40,303.46
2025-12-24,11:09:04.674054947,T,IBM,,40,303.46
2025-12-24,11:09:05.626786069,T,IBM,F,80,303.45
2025-12-24,11:09:20.387615016,T,IBM,I,2,303.48
2025-12-24,11:09:20.387617866,T,IBM,I,1,303.51
2025-12-24,11:09:20.398855649,T,IBM,I,2,303.475
2025-12-24,11:09:20.552942697,T,IBM,I,1,303.47
2025-12-24,11:09:25.555098521,T,IBM,,50,303.41
2025-12-24,11:09:25.555101528,T,IBM,I,25,303.41
