DATE,TIME_M,EX,SYM_ROOT,TR_SCOND,SIZE,PRICE
2025-12-16,9:30:01.143499903,T,IBM,TI,3,306.5
2025-12-16,9:30:01.143502846,T,IBM,T,100,306.5
2025-12-16,9:30:01.308607887,T,IBM,F I,1,306.45
2025-12-16,9:30:01.308623002,T,IBM,Q,1,306.45
2025-12-16,9:30:01.308659083,T,IBM,F,40,306.43
2025-12-16,9:30:01.309128137,T,IBM,,52,306.43
2025-12-16,9:30:01.309149176,T,IBM,,59,306.43
2025-12-16,9:30:01.309170226,T,IBM,,99,306.43
2025-12-16,9:30:01.309173267,T,IBM,,200,306.43
2025-12-16,9:30:01.310303916,T,IBM,,80,306.44
2025-12-16,9:30:01.622937235,T,IBM,I,1,306.675
2025-12-16,9:30:01.748868992,T,IBM,I,12,306.35
2025-12-16,9:30:01.748871028,T,IBM,I,8,306.35
2025-12-16,9:30:01.807071771,T,IBM,,40,306.34
2025-12-16,9:30:02.062544853,T,IBM,I,1,306.01
2025-12-16,9:30:02.393130786,T,IBM,,100,306.22
2025-12-16,9:30:03.457442370,T,IBM,I,5,306.11
2025-12-16,9:30:03.458591156,T,IBM,I,1,306.0
2025-12-16,9:30:04.585392145,T,IBM,F I,2,306.13
2025-12-16,9:30:04.585394590,T,IBM,F,45,306.16
2025-12-16,9:30:04.585397796,T,IBM,F I,33,306.2
2025-12-16,9:30:04.585632788,T,IBM,,40,306.21
2025-12-16,9:30:04.585638336,T,IBM,,40,306.21
2025-12-16,9:30:04.585716326,T,IBM,,40,306.21
2025-12-16,9:30:04.586016993,T,IBM,,100,306.205
2025-12-16,9:30:04.611340391,T,IBM,I,5,305.87
2025-12-16,9:30:04.611343392,T,IBM,I,5,305.78
2025-12-16,9:30:06.214143977,T,IBM,F I,20,306.2
2025-12-16,9:30:06.214147222,T,IBM,F I,21,306.21
2025-12-16,9:30:06.214162415,T,IBM,I,19,306.21
2025-12-16,9:30:06.214162415,T,IBM,I,1,306.21
2025-12-16,9:30:06.214438750,T,IBM,F,40,306.26
2025-12-16,9:30:06.214441680,T,IBM,F I,11,306.26
2025-12-16,9:30:06.227213043,T,IBM,F I,9,306.49
2025-12-16,9:30:07.006091262,T,IBM,F I,2,306.27
2025-12-16,9:30:07.006172501,T,IBM,F I,2,306.27
2025-12-16,9:30:07.006328809,T,IBM,F I,2,306.27
2025-12-16,9:30:07.228521704,T,IBM,F I,2,306.27
2025-12-16,9:30:25.472635227,T,IBM,F I,2,306.37
2025-12-16,9:30:26.762862702,T,IBM,F I,1,306.27
2025-12-16,9:30:37.321373137,T,IBM,F I,2,306.26
2025-12-16,9:30:37.321376127,T,IBM,F I,2,306.26
2025-12-16,9:30:37.321376127,T,IBM,F I,32,306.26
2025-12-16,9:30:37.321415214,T,IBM,I,4,306.26
2025-12-16,9:30:37.323075226,T,IBM,I,8,306.68
2025-12-16,9:30:37.323132500,T,IBM,F I,36,306.68
2025-12-16,9:30:37.323138296,T,IBM,F I,4,306.68
2025-12-16,9:30:37.323216839,T,IBM,F,40,306.68
2025-12-16,9:30:37.324804357,T,IBM,F I,4,306.88
2025-12-16,9:30:37.324804357,T,IBM,F I,36,306.88
2025-12-16,9:30:37.332529937,T,IBM,F I,18,306.61
2025-12-16,9:30:37.332529937,T,IBM,F,44,306.58
2025-12-16,9:30:37.332532676,T,IBM,F I,25,306.57
2025-12-16,9:30:37.332577985,T,IBM,I,1,306.57
2025-12-16,9:30:37.340718327,T,IBM,I,5,306.87
2025-12-16,9:30:37.340718327,T,IBM,,40,306.88
2025-12-16,9:30:37.340721244,T,IBM,,75,306.88
2025-12-16,9:30:37.340730187,T,IBM,I,5,306.88
2025-12-16,9:30:37.416946672,T,IBM,F I,18,306.75
2025-12-16,9:30:37.416946672,T,IBM,F I,7,306.75
2025-12-16,9:30:37.417000799,T,IBM,F I,25,306.7
2025-12-16,9:30:37.417103567,T,IBM,,40,306.83
2025-12-16,9:30:37.417127046,T,IBM,F,185,306.83
2025-12-16,9:30:37.417127046,T,IBM,F,80,306.83
2025-12-16,9:30:37.417133075,T,IBM,F,64,306.83
2025-12-16,9:30:37.417791782,T,IBM,,40,306.83
2025-12-16,9:30:38.125532552,T,IBM,I,18,306.74
2025-12-16,9:30:38.160773410,T,IBM,F,56,307.0
2025-12-16,9:30:38.160776449,T,IBM,F I,24,307.0
2025-12-16,9:30:38.160791399,T,IBM,I,1,307.0
2025-12-16,9:30:38.160794963,T,IBM,,215,307.0
2025-12-16,9:30:38.160797853,T,IBM,I,19,307.0
2025-12-16,9:30:38.160800436,T,IBM,I,24,307.0
2025-12-16,9:30:38.160803465,T,IBM,I,19,307.0
2025-12-16,9:30:38.172582478,T,IBM,,70,307.2
2025-12-16,9:30:38.461326897,T,IBM,I,5,307.22
2025-12-16,9:30:38.461332985,T,IBM,I,5,307.28
2025-12-16,9:30:38.461335919,T,IBM,,43,307.37
2025-12-16,9:30:40.224258938,T,IBM,I,18,307.08
2025-12-16,9:30:40.224261662,T,IBM,I,15,307.04
2025-12-16,9:30:40.224265022,T,IBM,I,20,307.04
2025-12-16,9:30:40.224265022,T,IBM,,40,307.03
2025-12-16,9:30:40.224318751,T,IBM,I,7,307.02
2025-12-16,9:30:40.635352347,T,IBM,I,18,307.3
2025-12-16,9:30:40.635355701,T,IBM,I,5,307.32
2025-12-16,9:30:40.635358299,T,IBM,I,5,307.33
2025-12-16,9:30:40.635361360,T,IBM,,80,307.38
2025-12-16,9:30:40.635361360,T,IBM,,40,307.38
2025-12-16,9:30:40.635364683,T,IBM,,40,307.38
2025-12-16,9:30:40.635364683,T,IBM,I,12,307.38
2025-12-16,9:30:40.635376384,T,IBM,I,28,307.38
2025-12-16,9:30:51.710447512,T,IBM,F I,21,307.2
2025-12-16,9:30:51.710480613,T,IBM,F I,21,307.2
2025-12-16,9:30:51.710492787,T,IBM,F I,25,307.2
2025-12-16,9:30:51.710492787,T,IBM,F I,1,307.19
2025-12-16,9:30:51.710496039,T,IBM,F I,20,307.19
2025-12-16,9:30:51.710499258,T,IBM,F I,1,307.19
2025-12-16,9:30:51.711202268,T,IBM,I,5,307.105
2025-12-16,9:30:51.711205306,T,IBM,I,25,307.15
2025-12-16,9:30:51.711208249,T,IBM,,50,307.18
2025-12-16,9:30:51.711244789,T,IBM,,50,307.18
2025-12-16,9:30:51.711244789,T,IBM,I,5,307.19
2025-12-16,9:30:51.711247401,T,IBM,I,32,307.19
2025-12-16,9:30:52.766754160,T,IBM,,200,307.105
2025-12-16,9:30:53.782455091,T,IBM,,180,307.105
2025-12-16,9:30:55.485776029,T,IBM,F I,25,307.01
2025-12-16,9:30:55.485797193,T,IBM,F I,37,307.0
2025-12-16,9:30:55.485827263,T,IBM,F I,25,307.01
2025-12-16,9:30:56.032958701,T,IBM,F I,5,306.9
2025-12-16,9:30:56.032958701,T,IBM,F I,5,306.92
2025-12-16,9:31:00.025271604,T,IBM,F I,5,306.93
2025-12-16,9:31:02.203386746,T,IBM,F I,5,306.93
2025-12-16,9:31:02.203389793,T,IBM,F I,5,307.04
2025-12-16,9:31:02.203389793,T,IBM,F I,8,307.1
2025-12-16,9:31:03.992790473,T,IBM,F I,25,306.59
2025-12-16,9:31:03.992838628,T,IBM,F I,25,306.58
2025-12-16,9:31:03.992892722,T,IBM,F I,25,306.62
2025-12-16,9:31:04.670279274,T,IBM,F I,25,306.68
2025-12-16,9:31:04.670324429,T,IBM,F I,25,306.68
2025-12-16,9:31:04.670357541,T,IBM,F I,25,306.68
2025-12-16,9:31:05.807529631,T,IBM,F I,25,306.78
2025-12-16,9:31:14.498973255,T,IBM,,44,306.22
2025-12-16,9:31:14.498976213,T,IBM,I,20,306.22
2025-12-16,9:31:14.499009272,T,IBM,F I,3,306.21
2025-12-16,9:31:14.499009272,T,IBM,F I,37,306.21
2025-12-16,9:31:14.499030355,T,IBM,F,111,306.21
2025-12-16,9:31:14.499072521,T,IBM,F,100,306.21
2025-12-16,9:31:14.499370948,T,IBM,,80,306.22
2025-12-16,9:31:14.499508465,T,IBM,F,40,306.22
2025-12-16,9:31:14.499791163,T,IBM,F,40,306.2
2025-12-16,9:31:14.499905444,T,IBM,I,3,306.19
2025-12-16,9:31:14.500594075,T,IBM,F I,25,306.16
2025-12-16,9:31:14.575634786,T,IBM,,50,305.92
2025-12-16,9:31:14.575655881,T,IBM,F I,25,305.87
2025-12-16,9:31:14.575694843,T,IBM,F I,25,305.87
2025-12-16,9:31:15.362578133,T,IBM,F I,25,305.805
2025-12-16,9:31:15.362620273,T,IBM,F I,25,305.805
2025-12-16,9:31:47.627584577,T,IBM,I,10,306.3
2025-12-16,9:31:50.241205559,T,IBM,I,1,306.3
2025-12-16,9:31:50.530668558,T,IBM,I,33,306.3
2025-12-16,9:31:50.531143693,T,IBM,F I,1,306.3
2025-12-16,9:31:50.531224944,T,IBM,I,1,306.3
2025-12-16,9:31:50.531339131,T,IBM,I,1,306.31
2025-12-16,9:31:50.531342190,T,IBM,F I,1,306.31
2025-12-16,9:31:50.531360268,T,IBM,F I,32,306.31
2025-12-16,9:31:50.829213302,T,IBM,F I,1,306.32
2025-12-16,9:31:50.829237395,T,IBM,F I,1,306.31
2025-12-16,9:31:52.673022595,T,IBM,I,1,306.32
2025-12-16,9:31:53.204739420,T,IBM,I,20,306.32
2025-12-16,9:31:53.807259764,T,IBM,,40,306.36
2025-12-16,9:31:53.807292809,T,IBM,I,1,306.36
2025-12-16,9:31:53.807545352,T,IBM,I,1,306.37
2025-12-16,9:31:53.807572870,T,IBM,I,20,306.37
2025-12-16,9:31:53.807578445,T,IBM,F I,20,306.37
2025-12-16,9:31:53.807656672,T,IBM,I,20,306.38
2025-12-16,9:31:53.808579887,T,IBM,I,20,306.38
2025-12-16,9:31:53.808655034,T,IBM,I,28,306.38
2025-12-16,9:31:53.808676085,T,IBM,F,139,306.38
2025-12-16,9:31:55.382556844,T,IBM,I,1,306.38
2025-12-16,9:31:55.382559821,T,IBM,I,4,306.3
2025-12-16,9:31:55.383994279,T,IBM,F I,16,306.48
2025-12-16,9:31:55.482427632,T,IBM,I,20,306.48
2025-12-16,9:31:55.500611912,T,IBM,I,20,306.48
2025-12-16,9:31:56.552861886,T,IBM,I,20,306.48
2025-12-16,9:31:56.552894926,T,IBM,I,20,306.48
2025-12-16,9:31:56.554380453,T,IBM,F I,4,306.48
2025-12-16,9:31:56.554380453,T,IBM,F I,12,306.49
2025-12-16,9:31:56.554894634,T,IBM,F I,1,306.49
2025-12-16,9:31:56.902804896,T,IBM,I,7,306.48
2025-12-16,9:31:58.377738212,T,IBM,I,7,306.48
2025-12-16,9:31:58.377771322,T,IBM,I,7,306.48
2025-12-16,9:32:00.257976249,T,IBM,I,7,306.48
2025-12-16,9:32:01.982386361,T,IBM,F I,7,306.48
2025-12-16,9:32:01.992069350,T,IBM,I,7,306.48
2025-12-16,9:32:02.735640434,T,IBM,,40,306.48
2025-12-16,9:32:02.863823643,T,IBM,I,7,306.48
2025-12-16,9:32:05.189827822,T,IBM,I,7,306.48
2025-12-16,9:32:05.291953937,T,IBM,I,4,306.48
2025-12-16,9:32:05.291953937,T,IBM,I,3,306.49
2025-12-16,9:32:05.291974980,T,IBM,I,4,306.49
2025-12-16,9:32:15.644374621,T,IBM,I,2,306.46
2025-12-16,9:32:43.713417015,T,IBM,F I,1,306.45
2025-12-16,9:32:51.732820779,T,IBM,F I,5,306.2
2025-12-16,9:32:51.732823784,T,IBM,F,82,306.16
2025-12-16,9:32:51.732856946,T,IBM,F I,18,306.16
2025-12-16,9:32:51.732856946,T,IBM,F I,18,306.15
2025-12-16,9:32:51.732878578,T,IBM,F,127,306.15
2025-12-16,9:32:51.732881023,T,IBM,F,40,306.15
2025-12-16,9:32:51.732883986,T,IBM,F I,2,306.15
2025-12-16,9:32:51.732886987,T,IBM,F,70,306.15
2025-12-16,9:32:51.732905300,T,IBM,F I,4,306.14
2025-12-16,9:32:51.732941129,T,IBM,,100,306.15
2025-12-16,9:32:51.733226776,T,IBM,,40,306.15
2025-12-16,9:32:51.733578559,T,IBM,,40,306.14
2025-12-16,9:32:51.733918448,T,IBM,F I,5,306.14
2025-12-16,9:32:51.733918448,T,IBM,F I,35,306.15
2025-12-16,9:32:52.439939146,T,IBM,F I,6,306.02
2025-12-16,9:33:16.345164349,T,IBM,I,4,305.8
2025-12-16,9:33:16.345185408,T,IBM,F,133,305.8
2025-12-16,9:33:16.345185408,T,IBM,F,110,305.8
2025-12-16,9:33:16.345255008,T,IBM,F,70,305.8
2025-12-16,9:33:24.065055104,T,IBM,I,1,305.53
2025-12-16,9:33:28.207593732,T,IBM,F I,2,305.98
2025-12-16,9:33:28.207762106,T,IBM,F I,2,305.99
2025-12-16,9:33:28.208697863,T,IBM,I,18,305.94
2025-12-16,9:33:28.208700292,T,IBM,I,22,305.99
2025-12-16,9:33:28.208829672,T,IBM,F I,30,305.87
2025-12-16,9:33:28.208847667,T,IBM,I,14,305.87
2025-12-16,9:33:28.208862773,T,IBM,F I,30,305.86
2025-12-16,9:33:28.209584507,T,IBM,F I,21,305.74
2025-12-16,9:33:28.209590495,T,IBM,F,49,305.74
2025-12-16,9:33:28.209590495,T,IBM,F I,2,305.74
2025-12-16,9:33:28.209608561,T,IBM,F,40,305.74
2025-12-16,9:33:28.209611476,T,IBM,F,63,305.74
2025-12-16,9:33:28.209945339,T,IBM,F I,8,305.74
2025-12-16,9:33:28.285900116,T,IBM,,40,305.65
2025-12-16,9:33:31.030446725,T,IBM,F I,35,305.51
2025-12-16,9:33:31.030461813,T,IBM,F,75,305.51
2025-12-16,9:33:31.030461813,T,IBM,F I,19,305.51
2025-12-16,9:33:31.030477424,T,IBM,F I,1,305.51
2025-12-16,9:33:31.030477424,T,IBM,F I,39,305.5
2025-12-16,9:33:31.030491810,T,IBM,F I,25,305.5
2025-12-16,9:33:31.030500797,T,IBM,F I,30,305.5
2025-12-16,9:33:31.030579013,T,IBM,F,40,305.5
2025-12-16,9:33:31.030597251,T,IBM,I,30,305.5
2025-12-16,9:33:31.437448128,T,IBM,F I,1,305.41
2025-12-16,9:33:31.437450839,T,IBM,F I,9,305.41
2025-12-16,9:33:31.437579914,T,IBM,F I,12,305.47
2025-12-16,9:33:31.437709262,T,IBM,F I,8,305.41
2025-12-16,9:33:31.439594802,T,IBM,F,45,305.56
2025-12-16,9:33:31.439597760,T,IBM,F,40,305.57
2025-12-16,9:33:31.439597760,T,IBM,F I,35,305.57
2025-12-16,9:33:31.439603740,T,IBM,F I,5,305.57
2025-12-16,9:33:31.439606791,T,IBM,F I,35,305.57
2025-12-16,9:33:31.439609729,T,IBM,F I,5,305.57
2025-12-16,9:33:31.439712003,T,IBM,F,652,305.57
2025-12-16,9:33:31.439772137,T,IBM,I,39,305.57
2025-12-16,9:33:31.439784608,T,IBM,F I,31,305.57
2025-12-16,9:33:31.445188086,T,IBM,F,50,305.49
2025-12-16,9:33:31.744162780,T,IBM,F,65,305.41
2025-12-16,9:33:31.744180819,T,IBM,I,5,305.41
2025-12-16,9:33:38.828691983,T,IBM,I,15,305.38
2025-12-16,9:33:41.210906026,T,IBM,I,1,305.29
2025-12-16,9:33:44.360516786,T,IBM,F I,19,305.29
2025-12-16,9:33:44.360519822,T,IBM,F,60,305.28
2025-12-16,9:33:44.360534846,T,IBM,I,1,305.28
2025-12-16,9:33:44.360537831,T,IBM,I,9,305.28
2025-12-16,9:33:44.360537831,T,IBM,I,18,305.28
2025-12-16,9:33:48.223837724,T,IBM,I,1,305.43
2025-12-16,9:33:48.223855695,T,IBM,F I,9,305.43
2025-12-16,9:33:48.223858728,T,IBM,F I,30,305.42
2025-12-16,9:33:49.573059728,T,IBM,I,38,305.3
2025-12-16,9:33:53.781701765,T,IBM,,40,305.33
2025-12-16,9:34:02.655241161,T,IBM,F,44,305.11
2025-12-16,9:34:02.655244782,T,IBM,F I,7,305.11
2025-12-16,9:34:02.655246906,T,IBM,F I,13,305.11
2025-12-16,9:34:02.655249866,T,IBM,F,89,305.1
2025-12-16,9:34:02.655253149,T,IBM,F I,25,305.1
2025-12-16,9:34:02.655255934,T,IBM,F I,26,305.1
2025-12-16,9:34:02.655259083,T,IBM,I,1,305.1
2025-12-16,9:34:02.655262085,T,IBM,F,43,305.1
2025-12-16,9:34:02.655264942,T,IBM,F,40,305.1
2025-12-16,9:34:02.876991786,T,IBM,F I,8,305.05
2025-12-16,9:34:04.855551877,T,IBM,F I,20,305.32
2025-12-16,9:34:05.444979053,T,IBM,F I,4,305.54
2025-12-16,9:34:05.445012187,T,IBM,F I,4,305.54
2025-12-16,9:34:18.253475719,T,IBM,F I,4,305.55
2025-12-16,9:34:21.926215076,T,IBM,F I,20,305.49
2025-12-16,9:34:21.926215076,T,IBM,F I,2,305.49
2025-12-16,9:34:21.926247978,T,IBM,I,6,305.58
2025-12-16,9:34:22.486589882,T,IBM,I,1,305.58
2025-12-16,9:34:28.295870437,T,IBM,F I,24,305.5
2025-12-16,9:34:28.295876440,T,IBM,F,120,305.5
2025-12-16,9:34:28.295876440,T,IBM,F,400,305.5
2025-12-16,9:34:28.295879451,T,IBM,F,70,305.5
2025-12-16,9:34:28.295924505,T,IBM,I,9,305.58
2025-12-16,9:34:28.296357526,T,IBM,F I,5,305.58
2025-12-16,9:34:28.296913937,T,IBM,,100,305.475
2025-12-16,9:34:31.006126236,T,IBM,F I,25,305.49
2025-12-16,9:34:31.006150365,T,IBM,F I,2,305.49
2025-12-16,9:34:31.006159405,T,IBM,F I,2,305.52
2025-12-16,9:34:50.488572482,T,IBM,F I,1,305.59
2025-12-16,9:34:50.496866344,T,IBM,,40,305.6
2025-12-16,9:35:04.025778466,T,IBM,,40,305.525
2025-12-16,9:35:04.525665194,T,IBM,F,70,305.4
2025-12-16,9:35:04.525665194,T,IBM,F I,1,305.4
2025-12-16,9:35:04.525667641,T,IBM,F I,25,305.4
2025-12-16,9:35:04.526268931,T,IBM,F I,1,305.29
2025-12-16,9:35:04.526332060,T,IBM,I,4,305.29
2025-12-16,9:35:04.527886771,T,IBM,F I,25,305.27
2025-12-16,9:35:04.527934895,T,IBM,F I,25,305.27
2025-12-16,9:35:04.527967917,T,IBM,F I,25,305.27
2025-12-16,9:35:04.528001097,T,IBM,F I,25,305.27
2025-12-16,9:35:04.538989247,T,IBM,,40,305.27
2025-12-16,9:35:05.971996601,T,IBM,I,20,305.12
2025-12-16,9:35:05.972035676,T,IBM,I,24,305.12
2025-12-16,9:35:05.972080739,T,IBM,F I,20,305.11
2025-12-16,9:35:06.067506999,T,IBM,F I,1,305.19
2025-12-16,9:35:09.297000052,T,IBM,F I,1,305.05
2025-12-16,9:35:09.297000052,T,IBM,F I,2,305.05
2025-12-16,9:35:11.396923042,T,IBM,I,1,305.0
2025-12-16,9:35:11.405691865,T,IBM,F I,1,304.9
2025-12-16,9:35:11.405694855,T,IBM,F I,10,304.9
2025-12-16,9:35:11.405694855,T,IBM,F I,2,304.9
2025-12-16,9:35:11.406167067,T,IBM,I,5,304.95
2025-12-16,9:35:11.406169978,T,IBM,,67,304.95
2025-12-16,9:35:11.406360062,T,IBM,I,9,304.94
2025-12-16,9:35:11.406362442,T,IBM,I,12,304.94
2025-12-16,9:35:11.407321756,T,IBM,,45,304.86
2025-12-16,9:35:25.182030501,T,IBM,F I,25,305.17
2025-12-16,9:35:25.226801092,T,IBM,F,40,305.26
2025-12-16,9:35:25.226831166,T,IBM,,40,305.26
2025-12-16,9:35:25.328527299,T,IBM,F,40,305.26
2025-12-16,9:35:25.328530280,T,IBM,,40,305.26
2025-12-16,9:35:25.328548330,T,IBM,F,40,305.27
2025-12-16,9:35:25.328617796,T,IBM,F,220,305.27
2025-12-16,9:35:25.328668542,T,IBM,F I,4,305.26
2025-12-16,9:35:25.328687222,T,IBM,F,50,305.26
2025-12-16,9:35:25.328707650,T,IBM,F I,20,305.26
2025-12-16,9:35:25.328707650,T,IBM,I,1,305.17
2025-12-16,9:35:25.328746753,T,IBM,,67,305.26
2025-12-16,9:35:25.328752752,T,IBM,,70,305.17
2025-12-16,9:35:25.328882585,T,IBM,I,20,305.21
2025-12-16,9:35:25.328945282,T,IBM,I,9,305.25
2025-12-16,9:35:37.978973472,T,IBM,I,7,305.24
2025-12-16,9:35:47.037633248,T,IBM,F I,26,305.37
2025-12-16,9:35:47.267695867,T,IBM,F I,18,305.34
2025-12-16,9:35:47.267698942,T,IBM,F I,24,305.33
2025-12-16,9:35:47.276227335,T,IBM,F,40,305.3
2025-12-16,9:35:47.276227335,T,IBM,F I,2,305.3
2025-12-16,9:35:47.276308399,T,IBM,,55,305.3
2025-12-16,9:35:47.385323890,T,IBM,F I,25,305.41
2025-12-16,9:35:48.703842771,T,IBM,,45,305.39
2025-12-16,9:35:48.703842771,T,IBM,,75,305.38
2025-12-16,9:35:53.329297924,T,IBM,F,80,305.53
2025-12-16,9:35:53.329303972,T,IBM,F I,5,305.53
2025-12-16,9:35:54.247681241,T,IBM,I,13,305.53
2025-12-16,9:35:54.248598346,T,IBM,F I,25,305.46
2025-12-16,9:36:03.201057371,T,IBM,F I,10,305.19
2025-12-16,9:36:03.272555580,T,IBM,I,20,304.93
2025-12-16,9:36:03.272558836,T,IBM,,45,304.93
2025-12-16,9:36:03.272558836,T,IBM,I,9,304.92
2025-12-16,9:36:03.272561778,T,IBM,,120,304.92
2025-12-16,9:36:03.272564520,T,IBM,I,5,304.92
2025-12-16,9:36:03.272573594,T,IBM,I,1,304.92
2025-12-16,9:36:03.272624782,T,IBM,F I,27,304.92
2025-12-16,9:36:03.822321422,T,IBM,,40,305.02
2025-12-16,9:36:03.822321422,T,IBM,I,18,305.08
2025-12-16,9:36:03.822324313,T,IBM,I,22,305.09
2025-12-16,9:36:03.823830899,T,IBM,,40,305.03
2025-12-16,9:36:04.134491470,T,IBM,I,39,305.02
2025-12-16,9:36:23.510553525,T,IBM,F I,7,305.49
2025-12-16,9:36:23.510553525,T,IBM,F I,5,305.48
2025-12-16,9:36:23.510580969,T,IBM,I,5,305.48
2025-12-16,9:36:23.510583533,T,IBM,I,2,305.48
2025-12-16,9:36:23.510670750,T,IBM,,147,305.48
2025-12-16,9:36:23.514279420,T,IBM,,40,305.51
2025-12-16,9:36:23.521628907,T,IBM,,128,305.51
2025-12-16,9:36:27.831651193,T,IBM,,100,305.42
2025-12-16,9:36:27.831651193,T,IBM,,60,305.41
2025-12-16,9:36:37.603287442,T,IBM,F I,2,305.4
2025-12-16,9:36:37.603290715,T,IBM,F,50,305.4
2025-12-16,9:36:37.603294105,T,IBM,F I,2,305.4
2025-12-16,9:36:37.603294105,T,IBM,F I,9,305.4
2025-12-16,9:36:37.603305283,T,IBM,I,1,305.4
2025-12-16,9:36:37.603308451,T,IBM,I,10,305.4
2025-12-16,9:36:37.603311285,T,IBM,I,10,305.4
2025-12-16,9:36:39.507450858,T,IBM,I,25,305.35
2025-12-16,9:36:39.507450858,T,IBM,I,1,305.35
2025-12-16,9:36:39.902190944,T,IBM,I,7,305.42
2025-12-16,9:36:41.753963254,T,IBM,F I,2,305.6
2025-12-16,9:36:41.754047655,T,IBM,,45,305.63
2025-12-16,9:36:41.754047655,T,IBM,,348,305.6
2025-12-16,9:36:41.754071446,T,IBM,I,1,305.6
2025-12-16,9:36:41.755148072,T,IBM,I,5,305.66
2025-12-16,9:36:42.338859042,T,IBM,I,26,306.03
2025-12-16,9:36:42.339162491,T,IBM,F I,1,306.05
2025-12-16,9:36:42.339162491,T,IBM,F I,2,306.05
2025-12-16,9:36:42.339243473,T,IBM,,44,306.05
2025-12-16,9:36:42.339271491,T,IBM,F,70,306.05
2025-12-16,9:36:43.448870015,T,IBM,F I,1,305.94
2025-12-16,9:36:43.448870015,T,IBM,F I,2,305.94
2025-12-16,9:37:04.991989915,T,IBM,,40,306.24
2025-12-16,9:37:16.099216557,T,IBM,F I,25,306.08
2025-12-16,9:37:16.189031478,T,IBM,F I,38,305.96
2025-12-16,9:37:16.189031478,T,IBM,F I,20,305.93
2025-12-16,9:37:16.189034366,T,IBM,F I,21,305.93
2025-12-16,9:37:16.189052335,T,IBM,F I,2,305.93
2025-12-16,9:37:16.189052335,T,IBM,I,1,305.93
2025-12-16,9:37:16.189055405,T,IBM,I,6,305.93
2025-12-16,9:37:16.189710988,T,IBM,I,30,305.93
2025-12-16,9:37:16.189710988,T,IBM,I,20,305.93
2025-12-16,9:37:16.198627183,T,IBM,I,20,305.9
2025-12-16,9:37:19.309157201,T,IBM,F I,10,305.82
2025-12-16,9:37:19.309590045,T,IBM,F I,9,305.69
2025-12-16,9:37:19.309608077,T,IBM,F I,9,305.63
2025-12-16,9:37:19.310224596,T,IBM,F I,6,305.6
2025-12-16,9:37:20.338236911,T,IBM,,40,305.44
2025-12-16,9:37:25.924118609,T,IBM,F I,10,305.29
2025-12-16,9:37:30.422103264,T,IBM,F I,25,305.24
2025-12-16,9:37:37.885814187,T,IBM,F I,6,305.19
2025-12-16,9:37:41.732899477,T,IBM,I,1,305.195
2025-12-16,9:37:42.521971879,T,IBM,I,1,305.26
2025-12-16,9:37:42.522125208,T,IBM,,55,305.16
2025-12-16,9:37:44.029090680,T,IBM,F I,2,305.12
2025-12-16,9:37:44.029141777,T,IBM,F I,1,305.1
2025-12-16,9:37:49.340214191,T,IBM,I,1,305.17
2025-12-16,9:37:52.820762874,T,IBM,F I,6,305.2
2025-12-16,9:37:52.834349202,T,IBM,F I,1,305.23
2025-12-16,9:37:52.835519101,T,IBM,I,2,305.2
2025-12-16,9:37:52.835537131,T,IBM,F I,2,305.2
2025-12-16,9:37:52.835549126,T,IBM,F,108,305.2
2025-12-16,9:37:52.837257218,T,IBM,F I,1,305.25
2025-12-16,9:37:52.839915503,T,IBM,I,18,305.21
2025-12-16,9:37:52.839918502,T,IBM,,57,305.23
2025-12-16,9:37:56.653194251,T,IBM,,50,305.4
2025-12-16,9:37:56.653200363,T,IBM,I,25,305.41
2025-12-16,9:37:56.653200363,T,IBM,,100,305.44
2025-12-16,9:37:56.653203278,T,IBM,I,25,305.44
2025-12-16,9:38:04.642313028,T,IBM,,45,305.27
2025-12-16,9:38:04.642361172,T,IBM,,45,305.27
2025-12-16,9:38:04.642397234,T,IBM,I,10,305.27
2025-12-16,9:38:04.643621136,T,IBM,,100,305.27
2025-12-16,9:38:05.515032612,T,IBM,F I,1,305.24
2025-12-16,9:38:05.515044628,T,IBM,F I,9,305.24
2025-12-16,9:38:07.002082134,T,IBM,F I,9,305.17
2025-12-16,9:38:07.002213860,T,IBM,I,7,305.17
2025-12-16,9:38:08.700654228,T,IBM,I,16,305.25
2025-12-16,9:38:08.700660244,T,IBM,,45,305.26
2025-12-16,9:38:08.700660244,T,IBM,,62,305.26
2025-12-16,9:38:08.701231552,T,IBM,I,2,305.21
2025-12-16,9:38:13.745379458,T,IBM,I,5,305.2
2025-12-16,9:38:13.745403520,T,IBM,F I,25,305.2
2025-12-16,9:38:19.735321121,T,IBM,F I,18,305.02
2025-12-16,9:38:21.883403750,T,IBM,,51,305.04
2025-12-16,9:38:25.008641734,T,IBM,F I,18,305.04
2025-12-16,9:38:33.335698863,T,IBM,,80,305.1
2025-12-16,9:38:33.335698863,T,IBM,I,20,305.1
2025-12-16,9:38:37.270638168,T,IBM,F I,1,305.04
2025-12-16,9:38:37.270638168,T,IBM,F I,2,305.04
2025-12-16,9:38:37.579247820,T,IBM,F I,2,304.92
2025-12-16,9:38:37.579254303,T,IBM,F I,2,304.92
2025-12-16,9:38:37.579254303,T,IBM,F I,25,304.92
2025-12-16,9:38:37.579258242,T,IBM,F I,2,304.9
2025-12-16,9:38:37.636672535,T,IBM,I,14,304.775
2025-12-16,9:38:37.655939432,T,IBM,,100,304.775
2025-12-16,9:38:43.678349302,T,IBM,I,20,304.6
2025-12-16,9:38:43.678352696,T,IBM,,83,304.59
2025-12-16,9:38:43.678355261,T,IBM,I,16,304.73
2025-12-16,9:38:43.678370665,T,IBM,I,15,304.59
2025-12-16,9:38:43.678370665,T,IBM,I,1,304.59
2025-12-16,9:38:43.678439513,T,IBM,F I,34,304.6
2025-12-16,9:38:43.678484568,T,IBM,I,25,304.65
2025-12-16,9:38:43.678511737,T,IBM,F I,15,304.66
2025-12-16,9:38:43.678563416,T,IBM,I,4,304.59
2025-12-16,9:38:43.678563416,T,IBM,,70,304.59
2025-12-16,9:38:43.678565774,T,IBM,I,3,304.59
2025-12-16,9:38:53.272202627,T,IBM,F I,23,304.53
2025-12-16,9:38:55.549439328,T,IBM,F I,2,304.53
2025-12-16,9:39:02.360341090,T,IBM,,41,304.45
2025-12-16,9:39:02.360365165,T,IBM,F,41,304.45
2025-12-16,9:39:02.361471854,T,IBM,I,30,304.44
2025-12-16,9:39:02.361471854,T,IBM,I,4,304.44
2025-12-16,9:39:02.361619163,T,IBM,F I,7,304.44
2025-12-16,9:39:03.241517583,T,IBM,F I,4,304.53
2025-12-16,9:39:03.241520170,T,IBM,F I,24,304.53
2025-12-16,9:39:03.241522857,T,IBM,F I,30,304.53
2025-12-16,9:39:03.241526225,T,IBM,F,40,304.53
2025-12-16,9:39:03.241528846,T,IBM,F,40,304.53
2025-12-16,9:39:03.241528846,T,IBM,F I,4,304.53
2025-12-16,9:39:03.241531886,T,IBM,F,42,304.53
2025-12-16,9:39:03.241531886,T,IBM,F I,1,304.53
2025-12-16,9:39:03.243399344,T,IBM,F I,4,304.62
2025-12-16,9:39:03.243444466,T,IBM,F I,1,304.62
2025-12-16,9:39:03.243447374,T,IBM,F I,4,304.63
2025-12-16,9:39:03.578423847,T,IBM,F,40,304.76
2025-12-16,9:39:03.578438914,T,IBM,F,41,304.76
2025-12-16,9:39:03.578441948,T,IBM,F,45,304.76
2025-12-16,9:39:03.578469046,T,IBM,F I,34,304.76
2025-12-16,9:39:03.578472015,T,IBM,F I,6,304.76
2025-12-16,9:39:03.578474984,T,IBM,F I,10,304.76
2025-12-16,9:39:09.323068386,T,IBM,F I,20,304.62
2025-12-16,9:39:09.323143629,T,IBM,I,36,304.67
2025-12-16,9:39:09.323170643,T,IBM,F,53,304.58
2025-12-16,9:39:09.323245785,T,IBM,F I,25,304.58
2025-12-16,9:39:09.323399254,T,IBM,F I,1,304.58
2025-12-16,9:39:09.323462314,T,IBM,F I,1,304.58
2025-12-16,9:39:10.224945453,T,IBM,F I,5,304.69
2025-12-16,9:39:10.277636822,T,IBM,F I,5,304.79
2025-12-16,9:39:11.239921667,T,IBM,I,20,304.89
2025-12-16,9:39:11.239948658,T,IBM,F I,7,304.9
2025-12-16,9:39:11.521662308,T,IBM,F I,18,304.84
2025-12-16,9:39:11.603574349,T,IBM,F I,25,304.81
2025-12-16,9:39:22.115079940,T,IBM,F I,25,304.99
2025-12-16,9:39:24.959797943,T,IBM,,100,305.18
2025-12-16,9:39:24.973270004,T,IBM,F I,39,305.18
2025-12-16,9:39:32.586575055,T,IBM,F I,7,305.32
2025-12-16,9:39:38.067013802,T,IBM,,40,305.4
2025-12-16,9:39:54.801064525,T,IBM,,40,305.335
2025-12-16,9:40:00.075001478,T,IBM,I,31,305.285
2025-12-16,9:40:00.721354419,T,IBM,F I,25,305.06
2025-12-16,9:40:00.721396567,T,IBM,F I,25,305.06
2025-12-16,9:40:00.721429661,T,IBM,F I,25,305.06
2025-12-16,9:40:00.721462691,T,IBM,F I,25,305.06
2025-12-16,9:40:00.721495809,T,IBM,F I,20,305.06
2025-12-16,9:40:00.730787897,T,IBM,,40,304.96
2025-12-16,9:40:00.974566184,T,IBM,,40,304.95
2025-12-16,9:40:00.981278133,T,IBM,,68,304.95
2025-12-16,9:40:04.369332544,T,IBM,I,2,304.95
2025-12-16,9:40:04.370586622,T,IBM,F I,5,305.15
2025-12-16,9:40:04.370586622,T,IBM,F I,20,305.16
2025-12-16,9:40:04.370604597,T,IBM,F I,5,305.16
2025-12-16,9:40:04.370673785,T,IBM,F I,1,305.18
2025-12-16,9:40:04.370685858,T,IBM,F I,3,305.18
2025-12-16,9:40:04.370697898,T,IBM,F I,1,305.18
2025-12-16,9:40:04.370703892,T,IBM,F I,1,305.19
2025-12-16,9:40:04.370703892,T,IBM,F I,2,305.21
2025-12-16,9:40:04.370727972,T,IBM,F I,1,305.21
2025-12-16,9:40:04.371915714,T,IBM,F I,2,305.31
2025-12-16,9:40:04.379920828,T,IBM,,40,305.45
2025-12-16,9:40:04.419395978,T,IBM,I,5,305.36
2025-12-16,9:40:04.419395978,T,IBM,I,20,305.32
2025-12-16,9:40:05.386512992,T,IBM,I,7,305.44
2025-12-16,9:40:05.387027252,T,IBM,I,38,305.36
2025-12-16,9:40:05.387027252,T,IBM,I,12,305.34
2025-12-16,9:40:05.387030210,T,IBM,I,30,305.32
2025-12-16,9:40:05.388880865,T,IBM,F,51,305.31
2025-12-16,9:40:05.388880865,T,IBM,F I,34,305.31
2025-12-16,9:40:05.388883404,T,IBM,F,70,305.31
2025-12-16,9:40:05.388883404,T,IBM,F,40,305.31
2025-12-16,9:40:05.388894817,T,IBM,F,50,305.31
2025-12-16,9:40:05.389150346,T,IBM,,45,305.29
2025-12-16,9:40:05.389150346,T,IBM,I,21,305.33
2025-12-16,9:40:05.389210705,T,IBM,I,20,305.29
2025-12-16,9:40:05.389213457,T,IBM,I,34,305.31
2025-12-16,9:40:05.389213457,T,IBM,I,26,305.31
2025-12-16,9:40:06.403564187,T,IBM,I,25,305.25
2025-12-16,9:40:25.712993895,T,IBM,,100,305.22
2025-12-16,9:40:43.571120546,T,IBM,I,18,305.4
2025-12-16,9:40:43.696756548,T,IBM,I,1,305.39
2025-12-16,9:40:44.407393299,T,IBM,F I,25,305.16
2025-12-16,9:40:44.407826393,T,IBM,F I,4,305.09
2025-12-16,9:40:44.407829382,T,IBM,F I,20,305.09
2025-12-16,9:40:44.407847416,T,IBM,I,1,305.09
2025-12-16,9:40:44.407853383,T,IBM,I,9,305.09
2025-12-16,9:40:44.407940594,T,IBM,F,55,305.05
2025-12-16,9:40:44.408316487,T,IBM,F I,25,305.04
2025-12-16,9:40:44.408355862,T,IBM,F I,25,305.04
2025-12-16,9:40:49.393416512,T,IBM,F I,25,305.04
2025-12-16,9:40:49.393419026,T,IBM,F I,12,305.04
2025-12-16,9:40:49.393500203,T,IBM,F I,33,305.04
2025-12-16,9:40:49.393500203,T,IBM,F I,7,304.95
2025-12-16,9:40:49.393527212,T,IBM,F I,33,304.95
2025-12-16,9:40:49.393852056,T,IBM,I,13,304.95
2025-12-16,9:40:49.393852056,T,IBM,I,13,304.95
2025-12-16,9:40:53.714618951,T,IBM,F I,25,304.925
2025-12-16,9:40:54.422419919,T,IBM,F I,18,304.81
2025-12-16,9:40:54.422440919,T,IBM,F I,34,304.77
2025-12-16,9:40:54.422464989,T,IBM,,67,304.77
2025-12-16,9:41:00.039651230,T,IBM,I,25,304.725
2025-12-16,9:41:00.562160257,T,IBM,,75,304.725
2025-12-16,9:41:06.433249739,T,IBM,F I,4,304.49
2025-12-16,9:41:06.433667728,T,IBM,F I,14,304.49
2025-12-16,9:41:09.563431460,T,IBM,,48,304.43
2025-12-16,9:41:15.390974364,T,IBM,,100,304.195
2025-12-16,9:41:49.217321809,T,IBM,F I,11,304.28
2025-12-16,9:41:52.268505277,T,IBM,I,18,304.33
2025-12-16,9:41:52.271163658,T,IBM,F I,5,304.35
2025-12-16,9:41:52.271912422,T,IBM,,40,304.39
2025-12-16,9:41:57.722387777,T,IBM,F I,20,304.4
2025-12-16,9:41:57.722387777,T,IBM,F I,36,304.39
2025-12-16,9:41:57.722405777,T,IBM,I,1,304.39
2025-12-16,9:41:57.722411743,T,IBM,F,43,304.39
2025-12-16,9:41:57.722411743,T,IBM,F I,1,304.39
2025-12-16,9:41:57.722414840,T,IBM,F,44,304.39
2025-12-16,9:41:59.078014892,T,IBM,F I,25,304.32
2025-12-16,9:42:06.352984497,T,IBM,F I,20,304.1
2025-12-16,9:42:06.352987456,T,IBM,F,40,304.09
2025-12-16,9:42:06.352987456,T,IBM,F I,3,304.09
2025-12-16,9:42:06.352999849,T,IBM,I,1,304.09
2025-12-16,9:42:06.353002641,T,IBM,I,3,304.09
2025-12-16,9:42:06.353020589,T,IBM,F I,25,304.09
2025-12-16,9:42:06.742408566,T,IBM,I,12,304.09
2025-12-16,9:42:09.461018381,T,IBM,,45,304.225
2025-12-16,9:42:09.461042461,T,IBM,I,25,304.225
2025-12-16,9:42:09.461072602,T,IBM,I,30,304.225
2025-12-16,9:42:16.715770893,T,IBM,I,7,304.34
2025-12-16,9:42:16.800894502,T,IBM,I,10,304.34
2025-12-16,9:42:16.871186868,T,IBM,I,10,304.34
2025-12-16,9:42:16.945235173,T,IBM,I,10,304.34
2025-12-16,9:42:17.019572183,T,IBM,I,10,304.34
2025-12-16,9:42:23.451863667,T,IBM,I,5,304.37
2025-12-16,9:42:23.451863667,T,IBM,I,5,304.37
2025-12-16,9:42:23.526735887,T,IBM,I,10,304.34
2025-12-16,9:42:24.072871955,T,IBM,I,10,304.34
2025-12-16,9:42:29.067639424,T,IBM,F I,20,304.34
2025-12-16,9:42:29.067642495,T,IBM,F,50,304.33
2025-12-16,9:42:29.067645377,T,IBM,F I,20,304.33
2025-12-16,9:42:29.067651378,T,IBM,I,12,304.33
2025-12-16,9:42:29.067654410,T,IBM,F I,8,304.33
2025-12-16,9:42:40.488939462,T,IBM,F I,10,304.48
2025-12-16,9:42:40.488954437,T,IBM,F I,1,304.51
2025-12-16,9:42:40.622451307,T,IBM,F I,16,304.69
2025-12-16,9:42:40.622484470,T,IBM,I,12,304.72
2025-12-16,9:42:40.622484470,T,IBM,F I,28,304.72
2025-12-16,9:42:46.686263555,T,IBM,F I,3,304.97
2025-12-16,9:42:46.686266558,T,IBM,F I,3,304.97
2025-12-16,9:42:46.686315180,T,IBM,F I,25,304.97
2025-12-16,9:42:47.021164870,T,IBM,,70,304.85
2025-12-16,9:42:47.021167894,T,IBM,I,10,304.82
2025-12-16,9:42:47.089322152,T,IBM,,40,304.76
2025-12-16,9:42:47.156664519,T,IBM,I,10,304.77
2025-12-16,9:42:47.230661574,T,IBM,I,10,304.77
2025-12-16,9:42:47.677799043,T,IBM,I,38,304.82
2025-12-16,9:42:47.677802028,T,IBM,I,2,304.78
2025-12-16,9:42:47.740065283,T,IBM,I,10,304.76
2025-12-16,9:42:47.807500740,T,IBM,I,20,304.76
2025-12-16,9:42:47.807521821,T,IBM,I,1,304.76
2025-12-16,9:42:47.894194232,T,IBM,,40,304.76
2025-12-16,9:42:47.973691932,T,IBM,I,10,304.76
2025-12-16,9:42:47.973710266,T,IBM,F,40,304.76
2025-12-16,9:42:47.974142510,T,IBM,F I,2,304.81
2025-12-16,9:42:51.816515572,T,IBM,F I,11,304.83
2025-12-16,9:43:06.367489233,T,IBM,F I,25,304.9
2025-12-16,9:43:06.367528281,T,IBM,,75,304.9
2025-12-16,9:43:07.147825824,T,IBM,I,5,304.765
2025-12-16,9:43:07.147846863,T,IBM,F I,25,304.765
2025-12-16,9:43:11.508708277,T,IBM,F I,4,304.85
2025-12-16,9:43:21.387727045,T,IBM,,160,304.97
2025-12-16,9:43:21.387751174,T,IBM,F I,25,304.97
2025-12-16,9:43:34.095550025,T,IBM,F I,1,305.0
2025-12-16,9:43:38.300033169,T,IBM,F I,5,305.12
2025-12-16,9:43:38.300033169,T,IBM,F I,20,305.14
2025-12-16,9:43:46.061387113,T,IBM,F I,33,305.12
2025-12-16,9:43:46.062571269,T,IBM,I,20,305.14
2025-12-16,9:43:47.644776024,T,IBM,F,44,305.08
2025-12-16,9:43:47.644776024,T,IBM,F I,5,305.09
2025-12-16,9:43:47.644838956,T,IBM,,60,305.055
2025-12-16,9:43:47.644853997,T,IBM,I,1,305.06
2025-12-16,9:43:47.644926395,T,IBM,F,74,305.06
2025-12-16,9:43:47.644929129,T,IBM,,101,305.06
2025-12-16,9:43:47.644947165,T,IBM,I,1,305.06
2025-12-16,9:43:47.644959217,T,IBM,I,39,305.06
2025-12-16,9:43:47.644983231,T,IBM,F I,6,305.08
2025-12-16,9:43:48.108199969,T,IBM,F I,23,305.15
2025-12-16,9:43:48.108218578,T,IBM,I,1,305.15
2025-12-16,9:43:48.108242028,T,IBM,I,25,305.15
2025-12-16,9:43:48.108416495,T,IBM,F I,23,305.15
2025-12-16,9:43:48.108560826,T,IBM,F I,31,305.15
2025-12-16,9:43:48.108566834,T,IBM,F,49,305.2
2025-12-16,9:43:48.108581833,T,IBM,I,4,305.2
2025-12-16,9:43:48.108611938,T,IBM,I,27,305.2
2025-12-16,9:43:48.117699546,T,IBM,,45,305.19
2025-12-16,9:43:48.119732444,T,IBM,F I,1,305.17
2025-12-16,9:43:48.119846687,T,IBM,I,4,305.17
2025-12-16,9:43:48.119888783,T,IBM,F I,10,305.16
2025-12-16,9:43:52.201339878,T,IBM,I,5,305.2
2025-12-16,9:43:59.262810200,T,IBM,F I,25,305.01
2025-12-16,9:44:13.536803519,T,IBM,,50,305.16
2025-12-16,9:44:13.536806626,T,IBM,,40,305.18
2025-12-16,9:44:13.536806626,T,IBM,,100,305.19
2025-12-16,9:44:13.536810026,T,IBM,I,18,305.2
2025-12-16,9:44:13.536810026,T,IBM,I,5,305.23
2025-12-16,9:44:13.536812886,T,IBM,I,5,305.24
2025-12-16,9:44:13.536812886,T,IBM,,44,305.24
2025-12-16,9:44:13.536815594,T,IBM,,128,305.25
2025-12-16,9:44:13.536824560,T,IBM,I,1,305.15
2025-12-16,9:44:13.536992963,T,IBM,F I,20,305.24
2025-12-16,9:44:13.536995940,T,IBM,F,114,305.25
2025-12-16,9:44:13.536998933,T,IBM,F,98,305.25
2025-12-16,9:44:13.537438004,T,IBM,F I,20,305.25
2025-12-16,9:44:13.537585378,T,IBM,F I,2,305.28
2025-12-16,9:44:13.537729657,T,IBM,F I,2,305.25
2025-12-16,9:44:13.537732697,T,IBM,F I,5,305.28
2025-12-16,9:44:13.634142268,T,IBM,,65,305.28
2025-12-16,9:44:50.696583499,T,IBM,F I,13,305.36
2025-12-16,9:44:50.696583499,T,IBM,F I,11,305.39
2025-12-16,9:44:50.696595538,T,IBM,F I,1,305.39
2025-12-16,9:44:50.696712742,T,IBM,I,8,305.39
2025-12-16,9:44:50.696715743,T,IBM,I,4,305.39
2025-12-16,9:44:58.096605763,T,IBM,I,1,305.25
2025-12-16,9:44:58.096623758,T,IBM,F I,33,305.25
2025-12-16,9:45:02.832655347,T,IBM,F I,25,305.25
2025-12-16,9:45:11.070950277,T,IBM,F I,5,305.21
2025-12-16,9:45:11.070950277,T,IBM,F I,2,305.2
2025-12-16,9:45:14.501108024,T,IBM,F I,4,305.33
2025-12-16,9:45:14.501366761,T,IBM,F I,3,305.34
2025-12-16,9:45:14.501366761,T,IBM,F I,1,305.34
2025-12-16,9:45:14.509483055,T,IBM,F I,20,305.38
2025-12-16,9:45:14.509494990,T,IBM,F I,20,305.38
2025-12-16,9:45:14.509786676,T,IBM,F I,20,305.38
2025-12-16,9:45:14.509901024,T,IBM,F I,25,305.3
2025-12-16,9:45:14.509961761,T,IBM,F I,5,305.29
2025-12-16,9:45:14.509964626,T,IBM,F I,18,305.29
2025-12-16,9:45:14.509976853,T,IBM,F I,2,305.27
2025-12-16,9:45:14.510042277,T,IBM,F I,11,305.33
2025-12-16,9:45:14.510082066,T,IBM,F I,7,305.33
2025-12-16,9:45:14.510571600,T,IBM,F I,2,305.32
2025-12-16,9:45:14.512150294,T,IBM,F,267,305.19
2025-12-16,9:45:14.512150294,T,IBM,F,70,305.19
2025-12-16,9:45:14.512168409,T,IBM,I,1,305.19
2025-12-16,9:45:14.512180431,T,IBM,F,72,305.19
2025-12-16,9:45:14.512183418,T,IBM,F I,24,305.19
2025-12-16,9:45:14.512186378,T,IBM,F,366,305.19
2025-12-16,9:45:14.512775838,T,IBM,I,3,305.24
2025-12-16,9:45:15.884560497,T,IBM,F,40,305.29
2025-12-16,9:45:15.884563697,T,IBM,F,40,305.29
2025-12-16,9:45:15.884575715,T,IBM,I,1,305.29
2025-12-16,9:45:15.884575715,T,IBM,F I,3,305.29
2025-12-16,9:45:15.884611667,T,IBM,F I,24,305.29
2025-12-16,9:45:15.884632662,T,IBM,I,1,305.29
2025-12-16,9:45:15.884647707,T,IBM,I,1,305.29
2025-12-16,9:45:15.884659675,T,IBM,,40,305.295
2025-12-16,9:45:15.884662961,T,IBM,,74,305.29
2025-12-16,9:45:15.884662961,T,IBM,,86,305.29
2025-12-16,9:45:15.888680349,T,IBM,I,20,305.4
2025-12-16,9:45:15.888683335,T,IBM,I,1,305.41
2025-12-16,9:45:15.893428602,T,IBM,I,1,305.41
2025-12-16,9:45:15.898847595,T,IBM,F I,9,305.56
2025-12-16,9:45:15.898847595,T,IBM,F I,15,305.58
2025-12-16,9:45:15.898874529,T,IBM,F I,25,305.58
2025-12-16,9:45:16.203505746,T,IBM,F I,3,305.7
2025-12-16,9:45:16.203791430,T,IBM,F I,4,305.68
2025-12-16,9:45:18.486588918,T,IBM,I,14,305.68
2025-12-16,9:45:21.013429289,T,IBM,F I,25,305.58
2025-12-16,9:45:22.906802605,T,IBM,I,38,305.48
2025-12-16,9:45:29.587223904,T,IBM,F,43,305.4
2025-12-16,9:45:29.740243218,T,IBM,I,22,305.38
2025-12-16,9:45:29.740889682,T,IBM,I,11,305.36
2025-12-16,9:45:29.740910804,T,IBM,I,11,305.36
2025-12-16,9:45:30.329655339,T,IBM,I,25,305.325
2025-12-16,9:45:30.329700528,T,IBM,I,25,305.325
2025-12-16,9:45:30.329736620,T,IBM,I,25,305.325
2025-12-16,9:45:30.617130744,T,IBM,I,10,305.3
2025-12-16,9:45:31.037354195,T,IBM,F I,25,305.23
2025-12-16,9:45:40.484972041,T,IBM,F I,3,305.3
2025-12-16,9:45:55.274735385,T,IBM,I,10,305.2
2025-12-16,9:45:55.275385498,T,IBM,F I,8,305.2
2025-12-16,9:45:55.275391009,T,IBM,F I,2,305.18
2025-12-16,9:45:59.124163340,T,IBM,F I,3,305.25
2025-12-16,9:45:59.126277441,T,IBM,I,2,305.25
2025-12-16,9:46:09.742513218,T,IBM,F I,25,305.4
2025-12-16,9:46:09.742552232,T,IBM,F I,19,305.4
2025-12-16,9:46:09.742552232,T,IBM,F I,6,305.41
2025-12-16,9:46:09.742603418,T,IBM,F I,19,305.41
2025-12-16,9:46:09.841241275,T,IBM,I,1,305.67
2025-12-16,9:46:22.892280362,T,IBM,F I,25,305.56
2025-12-16,9:46:27.174733059,T,IBM,F I,10,305.46
2025-12-16,9:46:27.174736130,T,IBM,F,40,305.46
2025-12-16,9:46:27.174739094,T,IBM,I,10,305.46
2025-12-16,9:46:46.120407908,T,IBM,I,20,305.295
2025-12-16,9:46:50.203979860,T,IBM,F I,10,305.18
2025-12-16,9:46:50.203997306,T,IBM,F I,10,305.18
2025-12-16,9:46:54.039520110,T,IBM,F I,2,305.33
2025-12-16,9:47:02.243888144,T,IBM,F I,25,305.39
2025-12-16,9:47:02.941377661,T,IBM,F I,15,305.39
2025-12-16,9:47:02.941377661,T,IBM,F I,10,305.39
2025-12-16,9:47:03.364566513,T,IBM,I,30,305.39
2025-12-16,9:47:03.364569099,T,IBM,I,15,305.4
2025-12-16,9:47:03.364641206,T,IBM,I,25,305.4
2025-12-16,9:47:04.534468061,T,IBM,F I,5,305.465
2025-12-16,9:47:04.534519260,T,IBM,,95,305.465
2025-12-16,9:47:09.869736143,T,IBM,F I,16,305.41
2025-12-16,9:47:09.869751281,T,IBM,I,5,305.41
2025-12-16,9:47:09.869757184,T,IBM,I,5,305.41
2025-12-16,9:47:09.941823799,T,IBM,,51,305.4
2025-12-16,9:47:10.490931052,T,IBM,F,49,305.4
2025-12-16,9:47:10.490931052,T,IBM,F,95,305.41
2025-12-16,9:47:10.490934067,T,IBM,F,325,305.41
2025-12-16,9:47:10.490952057,T,IBM,F,49,305.41
2025-12-16,9:47:10.491252727,T,IBM,I,9,305.39
2025-12-16,9:47:10.497706179,T,IBM,,100,305.4
2025-12-16,9:47:10.498373737,T,IBM,I,16,305.34
2025-12-16,9:47:10.498668406,T,IBM,I,3,305.34
2025-12-16,9:47:11.335762391,T,IBM,F I,25,305.46
2025-12-16,9:47:13.963561957,T,IBM,I,34,305.66
2025-12-16,9:47:13.963580916,T,IBM,I,1,305.66
2025-12-16,9:47:13.963585976,T,IBM,F I,5,305.66
2025-12-16,9:47:30.240329064,T,IBM,F I,3,305.9
2025-12-16,9:47:30.240575645,T,IBM,F I,25,305.91
2025-12-16,9:47:30.240623781,T,IBM,F I,15,305.91
2025-12-16,9:47:30.240623781,T,IBM,F I,10,305.91
2025-12-16,9:47:30.240987582,T,IBM,I,20,305.91
2025-12-16,9:47:30.241047726,T,IBM,F I,10,305.91
2025-12-16,9:47:30.241050769,T,IBM,F I,9,305.95
2025-12-16,9:47:30.315661442,T,IBM,F I,11,305.95
2025-12-16,9:47:48.632740744,T,IBM,F I,10,305.87
2025-12-16,9:47:48.632818848,T,IBM,F I,4,305.86
2025-12-16,9:47:48.632818848,T,IBM,F I,1,305.86
2025-12-16,9:47:52.292531163,T,IBM,I,2,305.66
2025-12-16,9:47:53.322212418,T,IBM,F I,2,305.73
2025-12-16,9:47:56.066295851,T,IBM,F I,25,305.88
2025-12-16,9:47:56.066313932,T,IBM,F I,15,305.88
2025-12-16,9:48:09.523226120,T,IBM,,40,305.85
2025-12-16,9:48:11.632612747,T,IBM,I,15,305.79
2025-12-16,9:48:11.636741549,T,IBM,I,16,305.82
2025-12-16,9:48:11.637694836,T,IBM,I,3,305.79
2025-12-16,9:48:11.637739895,T,IBM,F I,3,305.79
2025-12-16,9:48:18.861681082,T,IBM,I,10,305.73
2025-12-16,9:48:18.861705147,T,IBM,F I,10,305.73
2025-12-16,9:48:18.861741220,T,IBM,I,10,305.77
2025-12-16,9:48:18.862054320,T,IBM,,60,305.715
2025-12-16,9:48:18.862054320,T,IBM,I,10,305.65
2025-12-16,9:48:18.862057491,T,IBM,I,30,305.65
2025-12-16,9:48:18.862132185,T,IBM,F,52,305.64
2025-12-16,9:48:18.862285573,T,IBM,F I,5,305.62
2025-12-16,9:48:22.703106903,T,IBM,F I,2,305.57
2025-12-16,9:48:33.025437986,T,IBM,I,5,305.45
2025-12-16,9:48:38.959088515,T,IBM,F I,21,305.41
2025-12-16,9:48:39.059895256,T,IBM,F I,20,305.31
2025-12-16,9:48:43.293568118,T,IBM,F,40,305.33
2025-12-16,9:48:43.293571122,T,IBM,F I,10,305.35
2025-12-16,9:48:43.293589099,T,IBM,F,40,305.35
2025-12-16,9:48:43.294319905,T,IBM,I,2,305.38
2025-12-16,9:48:57.382317408,T,IBM,F I,10,305.6
2025-12-16,9:49:00.164026498,T,IBM,I,10,305.66
2025-12-16,9:49:21.412685442,T,IBM,F I,5,305.77
2025-12-16,9:49:21.413395188,T,IBM,I,10,305.75
2025-12-16,9:49:21.413834240,T,IBM,I,3,305.79
2025-12-16,9:49:21.414119913,T,IBM,I,7,305.76
2025-12-16,9:49:21.415445996,T,IBM,F I,39,305.87
2025-12-16,9:49:21.415464061,T,IBM,I,1,305.87
2025-12-16,9:49:21.415476074,T,IBM,I,3,305.87
2025-12-16,9:49:21.416002325,T,IBM,I,3,305.8
2025-12-16,9:49:21.416095519,T,IBM,F I,3,305.87
2025-12-16,9:49:21.416108275,T,IBM,F I,3,305.85
2025-12-16,9:49:21.416111119,T,IBM,F I,6,305.84
2025-12-16,9:49:21.416152641,T,IBM,F I,3,305.87
2025-12-16,9:49:21.416185827,T,IBM,F I,5,305.89
2025-12-16,9:49:21.416309041,T,IBM,F I,1,305.87
2025-12-16,9:49:21.416324158,T,IBM,F I,2,305.87
2025-12-16,9:49:21.416516511,T,IBM,F I,3,305.87
2025-12-16,9:49:21.419650076,T,IBM,F I,1,305.91
2025-12-16,9:50:00.022345802,T,IBM,F I,25,306.0
2025-12-16,9:50:00.022514199,T,IBM,,50,306.06
2025-12-16,9:50:00.465871638,T,IBM,F I,20,306.08
2025-12-16,9:50:00.465874679,T,IBM,F I,2,306.08
2025-12-16,9:50:02.028863649,T,IBM,F I,1,306.14
2025-12-16,9:50:02.028866478,T,IBM,F I,1,306.14
2025-12-16,9:50:02.028869526,T,IBM,F I,1,306.14
2025-12-16,9:50:02.028872569,T,IBM,F I,1,306.14
2025-12-16,9:50:02.028872569,T,IBM,I,18,306.14
2025-12-16,9:50:02.028884497,T,IBM,F I,1,306.14
2025-12-16,9:50:02.029164220,T,IBM,F I,1,306.18
2025-12-16,9:50:16.104736054,T,IBM,I,2,306.23
2025-12-16,9:50:17.114462133,T,IBM,I,5,306.3
2025-12-16,9:50:26.902631259,T,IBM,F I,10,306.3
2025-12-16,9:50:26.902649149,T,IBM,F I,10,306.3
2025-12-16,9:50:28.241532504,T,IBM,F I,4,306.07
2025-12-16,9:50:28.241532504,T,IBM,I,9,306.07
2025-12-16,9:50:49.762588855,T,IBM,F I,17,306.08
2025-12-16,9:50:49.762814338,T,IBM,F I,2,306.11
2025-12-16,9:50:49.804003435,T,IBM,I,20,306.3
2025-12-16,9:50:55.913771116,T,IBM,F,76,306.35
2025-12-16,9:51:04.629984605,T,IBM,F I,25,306.62
2025-12-16,9:51:07.673815736,T,IBM,F I,25,306.59
2025-12-16,9:51:08.511237170,T,IBM,I,15,306.59
2025-12-16,9:51:12.395244304,T,IBM,I,18,306.5
2025-12-16,9:51:24.836181699,T,IBM,F I,3,306.68
2025-12-16,9:51:26.130339599,T,IBM,F I,25,306.65
2025-12-16,9:51:27.725510996,T,IBM,F I,20,306.79
2025-12-16,9:51:27.725520305,T,IBM,F,40,306.8
2025-12-16,9:51:27.725868849,T,IBM,I,20,306.86
2025-12-16,9:51:32.471132245,T,IBM,,40,306.825
2025-12-16,9:51:32.479047121,T,IBM,,160,306.8
2025-12-16,9:51:32.491996043,T,IBM,F I,18,306.81
2025-12-16,9:51:32.499652156,T,IBM,I,2,306.825
2025-12-16,9:51:32.527793244,T,IBM,F I,20,306.95
2025-12-16,9:51:32.527793244,T,IBM,F I,20,306.96
2025-12-16,9:51:32.527814436,T,IBM,I,1,306.96
2025-12-16,9:51:32.527820515,T,IBM,F I,19,306.96
2025-12-16,9:51:32.527820515,T,IBM,F I,1,306.96
2025-12-16,9:51:32.527862255,T,IBM,F I,1,306.96
2025-12-16,9:51:33.058006514,T,IBM,I,38,306.98
2025-12-16,9:51:33.058009419,T,IBM,I,2,306.97
2025-12-16,9:51:33.058009419,T,IBM,I,8,306.96
2025-12-16,9:51:33.169902813,T,IBM,F I,1,307.04
2025-12-16,9:51:46.185303627,T,IBM,I,18,306.88
2025-12-16,9:51:46.185829860,T,IBM,F I,8,306.85
2025-12-16,9:51:46.191203655,T,IBM,I,11,306.82
2025-12-16,9:51:46.191774961,T,IBM,F I,25,306.81
2025-12-16,9:51:46.193516143,T,IBM,I,4,306.81
2025-12-16,9:51:50.628185119,T,IBM,I,1,306.94
2025-12-16,9:51:52.133231958,T,IBM,I,2,307.0
2025-12-16,9:51:52.138022407,T,IBM,I,2,307.0
2025-12-16,9:51:52.139147030,T,IBM,I,2,307.0
2025-12-16,9:51:52.141002449,T,IBM,I,2,307.0
2025-12-16,9:51:56.840911833,T,IBM,I,14,307.0
2025-12-16,9:51:59.008231342,T,IBM,I,10,307.0
2025-12-16,9:52:02.698730788,T,IBM,F I,2,306.88
2025-12-16,9:52:02.698730788,T,IBM,F I,8,306.85
2025-12-16,9:52:03.626646742,T,IBM,I,20,306.845
2025-12-16,9:52:03.631921322,T,IBM,I,20,306.845
2025-12-16,9:52:03.635072811,T,IBM,I,20,306.82
2025-12-16,9:52:03.656498874,T,IBM,I,18,306.94
2025-12-16,9:52:04.141992658,T,IBM,I,2,306.89
2025-12-16,9:52:04.141992658,T,IBM,I,18,306.85
2025-12-16,9:52:04.141998584,T,IBM,,40,306.85
2025-12-16,9:52:04.142001625,T,IBM,I,20,306.84
2025-12-16,9:52:05.559588131,T,IBM,F I,2,306.94
2025-12-16,9:52:05.559606980,T,IBM,F I,18,306.94
2025-12-16,9:52:05.559606980,T,IBM,F I,25,306.95
2025-12-16,9:52:05.559609194,T,IBM,F I,20,306.95
2025-12-16,9:52:12.778122660,T,IBM,,100,306.98
2025-12-16,9:52:12.778122660,T,IBM,I,4,306.97
2025-12-16,9:52:12.778278636,T,IBM,,96,306.97
2025-12-16,9:52:12.778477171,T,IBM,F I,4,306.96
2025-12-16,9:52:12.778477171,T,IBM,F I,18,306.96
2025-12-16,9:52:12.780476828,T,IBM,I,1,306.96
2025-12-16,9:52:12.780876865,T,IBM,F I,4,306.96
2025-12-16,9:52:12.780925641,T,IBM,F,57,306.96
2025-12-16,9:52:12.780928270,T,IBM,F I,20,306.96
2025-12-16,9:52:12.780930997,T,IBM,F I,4,306.96
2025-12-16,9:52:12.781054247,T,IBM,F,46,306.96
2025-12-16,9:52:12.782112757,T,IBM,F,74,306.96
2025-12-16,9:52:12.782500667,T,IBM,I,6,306.96
2025-12-16,9:52:12.783219370,T,IBM,I,5,306.97
2025-12-16,9:52:12.788993101,T,IBM,I,20,306.96
2025-12-16,9:52:12.810292895,T,IBM,,40,306.96
2025-12-16,9:52:12.810858250,T,IBM,F I,24,306.96
2025-12-16,9:52:15.963506338,T,IBM,I,5,306.9
2025-12-16,9:52:20.377910006,T,IBM,I,8,306.96
2025-12-16,9:52:20.377910006,T,IBM,I,12,306.96
2025-12-16,9:52:36.595411673,T,IBM,I,25,306.905
2025-12-16,9:52:36.595447817,T,IBM,,45,306.905
2025-12-16,9:52:36.595459859,T,IBM,F I,25,306.905
2025-12-16,9:52:36.595492857,T,IBM,F I,25,306.905
2025-12-16,9:52:36.595513996,T,IBM,,45,306.905
2025-12-16,9:52:44.442857039,T,IBM,,50,307.02
2025-12-16,9:52:44.442882236,T,IBM,F I,20,307.05
2025-12-16,9:52:44.442884189,T,IBM,F I,22,307.06
2025-12-16,9:52:44.442905138,T,IBM,F,82,307.06
2025-12-16,9:52:44.447957113,T,IBM,F,40,307.1
2025-12-16,9:52:44.463654598,T,IBM,F I,1,307.32
2025-12-16,9:52:44.463654598,T,IBM,F I,3,307.32
2025-12-16,9:52:44.508217558,T,IBM,I,2,307.34
2025-12-16,9:52:53.712592438,T,IBM,F I,18,307.2
2025-12-16,9:52:55.285348236,T,IBM,F I,6,307.2
2025-12-16,9:53:01.252898291,T,IBM,F I,2,307.12
2025-12-16,9:53:01.253322264,T,IBM,F I,2,307.12
2025-12-16,9:53:01.253358430,T,IBM,I,12,307.12
2025-12-16,9:53:01.256028723,T,IBM,F I,2,307.07
2025-12-16,9:53:01.256031714,T,IBM,F I,26,307.07
2025-12-16,9:53:01.256212761,T,IBM,I,2,307.06
2025-12-16,9:53:01.256215590,T,IBM,I,4,307.06
2025-12-16,9:53:01.256218213,T,IBM,I,10,307.06
2025-12-16,9:53:01.256296313,T,IBM,I,10,307.06
2025-12-16,9:53:01.256296313,T,IBM,I,15,307.06
2025-12-16,9:53:01.256374521,T,IBM,I,7,307.06
2025-12-16,9:53:01.256564727,T,IBM,I,2,307.05
2025-12-16,9:53:01.256567050,T,IBM,I,8,307.05
2025-12-16,9:53:01.256570155,T,IBM,,120,307.05
2025-12-16,9:53:01.256570155,T,IBM,,160,307.05
2025-12-16,9:53:01.257039630,T,IBM,,40,307.07
2025-12-16,9:53:01.257039630,T,IBM,,100,307.06
2025-12-16,9:53:01.257042182,T,IBM,,45,307.05
2025-12-16,9:53:01.259673356,T,IBM,,81,307.05
2025-12-16,9:53:01.835841947,T,IBM,F I,25,307.02
2025-12-16,9:53:01.835920171,T,IBM,F I,25,307.02
2025-12-16,9:53:01.835980335,T,IBM,I,30,307.02
2025-12-16,9:53:02.294022896,T,IBM,F,40,306.88
2025-12-16,9:53:02.294022896,T,IBM,F I,20,306.88
2025-12-16,9:53:02.294028037,T,IBM,F,197,306.88
2025-12-16,9:53:02.294028037,T,IBM,F,203,306.88
2025-12-16,9:53:03.012663441,T,IBM,F,80,306.83
2025-12-16,9:53:03.145204712,T,IBM,F I,20,306.87
2025-12-16,9:53:03.145206999,T,IBM,F,40,306.88
2025-12-16,9:53:03.145209970,T,IBM,F I,20,306.88
2025-12-16,9:53:03.145228017,T,IBM,I,1,306.88
2025-12-16,9:53:03.145240075,T,IBM,,45,306.8
2025-12-16,9:53:03.145246104,T,IBM,I,1,306.795
2025-12-16,9:53:03.145252657,T,IBM,I,4,306.795
2025-12-16,9:53:03.145270078,T,IBM,,50,306.795
2025-12-16,9:53:03.145402420,T,IBM,F I,19,306.88
2025-12-16,9:53:22.240499493,T,IBM,F I,10,306.71
2025-12-16,9:53:22.240502542,T,IBM,F I,14,306.71
2025-12-16,9:53:22.241146110,T,IBM,F I,6,306.6
2025-12-16,9:53:22.241197124,T,IBM,F I,20,306.57
2025-12-16,9:53:22.325851669,T,IBM,F I,18,306.5
2025-12-16,9:53:22.327466532,T,IBM,,45,306.42
2025-12-16,9:53:22.327523632,T,IBM,,45,306.425
2025-12-16,9:53:22.327569142,T,IBM,I,10,306.425
2025-12-16,9:53:25.577531437,T,IBM,I,10,306.43
2025-12-16,9:53:28.585841828,T,IBM,I,5,306.43
2025-12-16,9:53:50.493272930,T,IBM,,40,306.28
2025-12-16,9:53:55.941573903,T,IBM,I,25,306.435
2025-12-16,9:53:59.929616648,T,IBM,F I,13,306.27
2025-12-16,9:53:59.929628698,T,IBM,F I,5,306.27
2025-12-16,9:53:59.930302332,T,IBM,,100,306.27
2025-12-16,9:53:59.930756394,T,IBM,I,21,306.24
2025-12-16,9:54:11.640767591,T,IBM,F I,25,306.44
2025-12-16,9:54:11.642054699,T,IBM,F I,2,306.49
2025-12-16,9:54:20.424693194,T,IBM,F I,9,306.43
2025-12-16,9:54:20.424693194,T,IBM,F I,11,306.42
2025-12-16,9:54:32.483805568,T,IBM,F I,5,306.47
2025-12-16,9:54:41.682379321,T,IBM,F I,7,306.33
2025-12-16,9:54:59.581315722,T,IBM,F I,15,306.25
2025-12-16,9:54:59.581318754,T,IBM,F I,10,306.25
2025-12-16,9:54:59.581318754,T,IBM,F I,10,306.25
2025-12-16,9:54:59.581559272,T,IBM,F I,18,306.23
2025-12-16,9:54:59.581598348,T,IBM,F I,3,306.23
2025-12-16,9:55:00.518117785,T,IBM,F I,5,306.13
2025-12-16,9:55:00.518117785,T,IBM,F I,15,306.13
2025-12-16,9:55:00.524399829,T,IBM,I,6,306.05
2025-12-16,9:55:00.525139569,T,IBM,I,6,306.02
2025-12-16,9:55:00.525903391,T,IBM,F I,20,306.0
2025-12-16,9:55:00.874198541,T,IBM,F I,6,305.92
2025-12-16,9:55:00.874273723,T,IBM,F I,20,305.89
2025-12-16,9:55:04.342192216,T,IBM,F I,12,306.06
2025-12-16,9:55:04.342204220,T,IBM,F I,23,306.06
2025-12-16,9:55:21.038508905,T,IBM,,40,306.14
2025-12-16,9:55:21.038511919,T,IBM,I,2,306.17
2025-12-16,9:55:23.052553451,T,IBM,,160,306.36
2025-12-16,9:55:23.052715836,T,IBM,,82,306.36
2025-12-16,9:55:23.052824043,T,IBM,F I,20,306.4
2025-12-16,9:55:23.058642898,T,IBM,,100,306.405
2025-12-16,9:55:23.074192878,T,IBM,F I,13,306.36
2025-12-16,9:55:23.769580376,T,IBM,F I,10,306.27
2025-12-16,9:55:26.249316533,T,IBM,I,25,306.225
2025-12-16,9:55:54.277247534,T,IBM,F I,25,306.245
2025-12-16,9:55:54.277253666,T,IBM,F,75,306.245
2025-12-16,9:55:54.277334734,T,IBM,I,30,306.25
2025-12-16,9:55:54.277337715,T,IBM,I,10,306.245
2025-12-16,9:55:54.277343814,T,IBM,F I,14,306.245
2025-12-16,9:55:54.277452013,T,IBM,F I,14,306.25
2025-12-16,9:55:54.277674603,T,IBM,F I,4,306.26
2025-12-16,9:55:54.277683590,T,IBM,F I,4,306.26
2025-12-16,9:55:54.277686608,T,IBM,F I,4,306.26
2025-12-16,9:55:54.277833973,T,IBM,F I,8,306.26
2025-12-16,9:55:56.506538490,T,IBM,I,25,306.235
2025-12-16,9:55:56.506583539,T,IBM,F I,25,306.235
2025-12-16,9:56:16.624210646,T,IBM,F I,3,306.36
2025-12-16,9:56:16.624818177,T,IBM,I,32,306.36
2025-12-16,9:56:16.624845121,T,IBM,,100,306.39
2025-12-16,9:56:16.624845121,T,IBM,I,18,306.39
2025-12-16,9:56:16.624851197,T,IBM,,100,306.39
2025-12-16,9:56:16.624851197,T,IBM,,100,306.39
2025-12-16,9:56:16.624857934,T,IBM,,100,306.39
2025-12-16,9:56:16.624867511,T,IBM,,100,306.39
2025-12-16,9:56:16.624867511,T,IBM,,100,306.39
2025-12-16,9:56:16.624872492,T,IBM,,41,306.39
2025-12-16,9:56:16.624872492,T,IBM,F I,39,306.39
2025-12-16,9:56:16.624876629,T,IBM,F I,20,306.39
2025-12-16,9:56:16.624881594,T,IBM,F,60,306.39
2025-12-16,9:56:16.624881594,T,IBM,F I,20,306.39
2025-12-16,9:56:16.624881594,T,IBM,F,100,306.39
2025-12-16,9:56:16.624885061,T,IBM,F,74,306.39
2025-12-16,9:56:16.624885061,T,IBM,F,100,306.39
2025-12-16,9:56:16.624887354,T,IBM,F,100,306.39
2025-12-16,9:56:16.624890314,T,IBM,F I,20,306.39
2025-12-16,9:56:16.625711194,T,IBM,,80,306.41
2025-12-16,9:56:24.681600611,T,IBM,F,40,306.34
2025-12-16,9:56:50.575916494,T,IBM,,45,306.57
2025-12-16,9:56:50.575919410,T,IBM,I,35,306.57
2025-12-16,9:57:04.181258785,T,IBM,I,5,306.83
2025-12-16,9:57:06.610570930,T,IBM,I,4,306.95
2025-12-16,9:57:06.610570930,T,IBM,I,16,306.99
2025-12-16,9:57:07.549306500,T,IBM,F I,18,306.93
2025-12-16,9:57:07.549306500,T,IBM,F I,22,306.98
2025-12-16,9:57:07.554746381,T,IBM,I,2,306.86
2025-12-16,9:57:11.294807642,T,IBM,F I,2,306.95
2025-12-16,9:57:11.294807642,T,IBM,F I,18,306.96
2025-12-16,9:57:11.294809782,T,IBM,F I,10,306.99
2025-12-16,9:57:19.876828737,T,IBM,I,28,307.0
2025-12-16,9:57:19.876837942,T,IBM,F I,12,307.0
2025-12-16,9:57:19.876837942,T,IBM,F I,10,307.0
2025-12-16,9:57:19.877246805,T,IBM,I,20,307.04
2025-12-16,9:57:19.887014569,T,IBM,I,2,307.0
2025-12-16,9:57:19.887014569,T,IBM,,45,306.99
2025-12-16,9:57:19.887017038,T,IBM,,53,306.99
2025-12-16,9:57:20.761895796,T,IBM,,100,306.975
2025-12-16,9:57:24.154241523,T,IBM,,45,306.995
2025-12-16,9:57:28.119087025,T,IBM,F I,14,306.86
2025-12-16,9:57:49.404529410,T,IBM,F,40,306.74
2025-12-16,9:57:49.773390567,T,IBM,F I,28,306.79
2025-12-16,9:57:49.773408551,T,IBM,F I,12,306.79
2025-12-16,9:57:49.773411602,T,IBM,F I,16,306.82
2025-12-16,9:57:49.773432647,T,IBM,F I,12,306.82
2025-12-16,9:57:49.774094196,T,IBM,F I,2,306.82
2025-12-16,9:57:58.269263560,T,IBM,I,25,306.725
2025-12-16,9:57:58.269293550,T,IBM,,100,306.725
2025-12-16,9:57:58.269308694,T,IBM,F I,25,306.725
2025-12-16,9:58:23.092180102,T,IBM,F I,5,306.89
2025-12-16,9:58:23.092180102,T,IBM,F I,3,306.9
2025-12-16,9:58:23.092240395,T,IBM,F I,1,306.9
2025-12-16,9:58:23.092240395,T,IBM,F I,4,306.9
2025-12-16,9:58:23.092294416,T,IBM,F I,20,306.91
2025-12-16,9:58:24.169350435,T,IBM,I,25,306.815
2025-12-16,9:58:56.919919664,T,IBM,F I,25,306.9
2025-12-16,9:59:09.568255136,T,IBM,I,1,306.84
2025-12-16,9:59:14.548654313,T,IBM,I,1,306.81
2025-12-16,9:59:24.794823128,T,IBM,I,1,306.7
2025-12-16,9:59:27.750403028,T,IBM,I,2,306.805
2025-12-16,9:59:34.478181217,T,IBM,I,10,306.81
2025-12-16,9:59:52.073900234,T,IBM,I,2,306.68
2025-12-16,9:59:52.073906309,T,IBM,I,8,306.67
2025-12-16,9:59:52.073906309,T,IBM,I,18,306.65
2025-12-16,9:59:52.073924235,T,IBM,F I,22,306.65
2025-12-16,9:59:52.073927313,T,IBM,F,70,306.65
2025-12-16,9:59:52.074507639,T,IBM,F I,4,306.63
2025-12-16,9:59:52.074531740,T,IBM,F,40,306.61
2025-12-16,9:59:52.074534746,T,IBM,F I,4,306.61
2025-12-16,9:59:52.074552824,T,IBM,F I,20,306.6
2025-12-16,9:59:52.082049694,T,IBM,I,3,306.57
2025-12-16,9:59:57.839056569,T,IBM,I,1,306.66
2025-12-16,9:59:57.839056569,T,IBM,I,2,306.68
2025-12-16,9:59:57.840112159,T,IBM,F I,20,306.6
2025-12-16,9:59:57.840118690,T,IBM,F I,24,306.6
2025-12-16,9:59:57.840127170,T,IBM,F I,7,306.59
2025-12-16,9:59:57.840127170,T,IBM,F I,2,306.59
2025-12-16,9:59:57.840127170,T,IBM,F I,8,306.59
2025-12-16,9:59:57.840130193,T,IBM,F I,3,306.59
2025-12-16,9:59:57.840130193,T,IBM,F I,2,306.58
2025-12-16,9:59:57.840151450,T,IBM,I,8,306.58
2025-12-16,9:59:57.840154249,T,IBM,I,3,306.58
2025-12-16,9:59:59.113087574,T,IBM,F I,18,306.38
2025-12-16,9:59:59.113090552,T,IBM,F,100,306.38
2025-12-16,9:59:59.113484641,T,IBM,I,10,306.33
2025-12-16,9:59:59.113487567,T,IBM,,90,306.31
2025-12-16,9:59:59.115222633,T,IBM,F I,6,306.34
2025-12-16,9:59:59.116130771,T,IBM,F,54,306.34
2025-12-16,9:59:59.119020714,T,IBM,F,46,306.34
2025-12-16,9:59:59.119020714,T,IBM,F I,31,306.32
2025-12-16,9:59:59.854815342,T,IBM,I,14,306.43
2025-12-16,10:00:08.581103472,T,IBM,F,45,306.475
2025-12-16,10:00:08.581103472,T,IBM,F,55,306.5
2025-12-16,10:00:08.581106734,T,IBM,F I,38,306.5
2025-12-16,10:00:08.581110007,T,IBM,F I,7,306.5
2025-12-16,10:00:08.581112152,T,IBM,F,93,306.54
2025-12-16,10:00:08.581629606,T,IBM,F I,3,306.43
2025-12-16,10:00:08.581629606,T,IBM,F I,6,306.43
2025-12-16,10:00:11.110430233,T,IBM,,40,306.34
2025-12-16,10:00:17.221410036,T,IBM,F I,1,306.19
2025-12-16,10:00:17.221413020,T,IBM,I,38,306.25
2025-12-16,10:00:17.221413020,T,IBM,I,6,306.28
2025-12-16,10:00:17.221416479,T,IBM,I,15,306.29
2025-12-16,10:00:17.221428004,T,IBM,I,33,306.28
2025-12-16,10:00:17.222943644,T,IBM,I,1,306.13
2025-12-16,10:00:17.222946663,T,IBM,I,4,306.13
2025-12-16,10:00:17.222952737,T,IBM,I,5,306.13
2025-12-16,10:00:17.222952737,T,IBM,I,10,306.13
2025-12-16,10:00:17.259462561,T,IBM,F I,6,306.16
2025-12-16,10:00:17.259480681,T,IBM,I,1,306.16
2025-12-16,10:00:17.269353181,T,IBM,I,2,306.14
2025-12-16,10:00:24.042322771,T,IBM,F I,7,306.01
2025-12-16,10:00:24.042326146,T,IBM,F I,2,306.0
2025-12-16,10:00:24.042326146,T,IBM,F I,18,306.0
2025-12-16,10:00:24.042328819,T,IBM,F I,3,306.0
2025-12-16,10:00:29.071428922,T,IBM,I,19,306.0
2025-12-16,10:00:29.071555696,T,IBM,I,10,305.96
2025-12-16,10:00:29.071558412,T,IBM,I,7,305.96
2025-12-16,10:00:29.071561289,T,IBM,I,20,305.96
2025-12-16,10:00:29.072180692,T,IBM,F I,1,305.93
2025-12-16,10:00:29.072204764,T,IBM,F I,6,305.93
2025-12-16,10:00:29.072210737,T,IBM,F I,10,305.91
2025-12-16,10:00:29.072210737,T,IBM,F I,10,305.91
2025-12-16,10:00:31.292853844,T,IBM,F I,9,305.97
2025-12-16,10:00:31.292853844,T,IBM,F I,16,305.97
2025-12-16,10:00:31.292856644,T,IBM,F I,10,305.97
2025-12-16,10:00:31.292859233,T,IBM,F I,4,305.97
2025-12-16,10:00:31.870778446,T,IBM,F I,6,305.92
2025-12-16,10:00:31.870781133,T,IBM,F I,9,305.91
2025-12-16,10:00:31.870783967,T,IBM,F I,14,305.91
2025-12-16,10:00:31.870796005,T,IBM,I,1,305.91
2025-12-16,10:00:31.870880170,T,IBM,F I,5,305.91
2025-12-16,10:00:35.335614217,T,IBM,F I,10,305.84
2025-12-16,10:00:35.335617201,T,IBM,F I,1,305.84
2025-12-16,10:00:37.753360833,T,IBM,I,11,305.9
2025-12-16,10:00:51.729104223,T,IBM,I,10,305.96
2025-12-16,10:00:51.729110213,T,IBM,,44,305.92
2025-12-16,10:00:52.725950373,T,IBM,F I,18,305.98
2025-12-16,10:00:52.726160787,T,IBM,I,18,306.0
2025-12-16,10:00:52.726663036,T,IBM,F I,18,306.02
2025-12-16,10:00:52.938631732,T,IBM,F I,1,306.07
2025-12-16,10:00:52.939810482,T,IBM,F I,9,306.09
2025-12-16,10:00:52.939810482,T,IBM,F I,11,306.09
2025-12-16,10:00:52.946537758,T,IBM,F I,6,306.07
2025-12-16,10:00:52.946540411,T,IBM,F I,14,306.09
2025-12-16,10:00:52.975712927,T,IBM,F,40,306.09
2025-12-16,10:00:52.984890739,T,IBM,F I,20,306.09
2025-12-16,10:00:52.985937294,T,IBM,I,11,306.09
2025-12-16,10:00:53.011353769,T,IBM,F,40,306.1
2025-12-16,10:01:00.961935771,T,IBM,F I,25,305.96
2025-12-16,10:01:23.592646093,T,IBM,F I,25,306.04
2025-12-16,10:01:23.592664073,T,IBM,,45,306.04
2025-12-16,10:01:23.592691199,T,IBM,F I,25,306.04
2025-12-16,10:01:23.592727253,T,IBM,F I,5,306.04
2025-12-16,10:01:34.070738997,T,IBM,I,2,306.04
2025-12-16,10:01:34.070772057,T,IBM,F I,32,306.04
2025-12-16,10:01:34.070916590,T,IBM,F I,6,306.04
2025-12-16,10:01:34.070916590,T,IBM,F I,12,306.0
2025-12-16,10:01:34.070919474,T,IBM,F I,20,306.0
2025-12-16,10:01:34.473677230,T,IBM,F,40,305.9
2025-12-16,10:01:34.473680298,T,IBM,F I,10,305.9
2025-12-16,10:01:42.547095907,T,IBM,I,1,305.885
2025-12-16,10:01:50.893437819,T,IBM,F I,6,305.73
2025-12-16,10:01:50.893440783,T,IBM,F I,10,305.73
2025-12-16,10:01:50.893579065,T,IBM,I,8,305.73
2025-12-16,10:01:50.893585160,T,IBM,F I,25,305.74
2025-12-16,10:01:50.893606129,T,IBM,I,7,305.74
2025-12-16,10:01:50.893750664,T,IBM,F I,16,305.74
2025-12-16,10:01:50.893762582,T,IBM,F I,6,305.74
2025-12-16,10:01:50.893769189,T,IBM,F I,9,305.74
2025-12-16,10:01:50.893771704,T,IBM,F I,12,305.74
2025-12-16,10:01:50.893774647,T,IBM,F I,13,305.74
2025-12-16,10:01:50.893777614,T,IBM,I,4,305.74
2025-12-16,10:02:01.703587240,T,IBM,F I,10,305.61
2025-12-16,10:02:01.703930077,T,IBM,I,14,305.65
2025-12-16,10:02:02.114302337,T,IBM,I,12,305.51
2025-12-16,10:02:02.370079566,T,IBM,F I,14,305.41
2025-12-16,10:02:02.370081788,T,IBM,F I,1,305.41
2025-12-16,10:02:02.370084858,T,IBM,F,55,305.41
2025-12-16,10:02:02.370108931,T,IBM,I,1,305.41
2025-12-16,10:02:02.370108931,T,IBM,I,14,305.41
2025-12-16,10:02:02.376429887,T,IBM,,45,305.37
2025-12-16,10:02:02.376432905,T,IBM,,55,305.37
2025-12-16,10:02:02.390470395,T,IBM,,40,305.44
2025-12-16,10:02:02.405770801,T,IBM,,40,305.44
2025-12-16,10:02:03.892116187,T,IBM,F I,6,305.38
2025-12-16,10:02:03.892119192,T,IBM,F I,10,305.38
2025-12-16,10:02:04.673030150,T,IBM,,40,305.335
2025-12-16,10:02:04.760291846,T,IBM,I,20,305.36
2025-12-16,10:02:11.300937395,T,IBM,F I,1,305.52
2025-12-16,10:02:11.300965053,T,IBM,I,9,305.52
2025-12-16,10:02:11.300965053,T,IBM,I,1,305.52
2025-12-16,10:02:11.300967501,T,IBM,,40,305.52
2025-12-16,10:02:13.070220391,T,IBM,F I,7,305.44
2025-12-16,10:02:13.070223266,T,IBM,F I,7,305.43
2025-12-16,10:02:13.070250360,T,IBM,F I,10,305.42
2025-12-16,10:02:52.272952139,T,IBM,I,1,305.34
2025-12-16,10:02:52.272976638,T,IBM,F I,2,305.33
2025-12-16,10:02:52.272976638,T,IBM,F I,20,305.33
2025-12-16,10:02:52.273388162,T,IBM,F,80,305.33
2025-12-16,10:02:52.275742862,T,IBM,,100,305.35
2025-12-16,10:03:01.567851400,T,IBM,I,5,305.305
2025-12-16,10:03:11.179605822,T,IBM,,40,305.305
2025-12-16,10:03:12.339602403,T,IBM,,40,305.31
2025-12-16,10:03:19.346243126,T,IBM,F,45,305.21
2025-12-16,10:03:19.346245988,T,IBM,F,83,305.21
2025-12-16,10:03:19.346255124,T,IBM,I,17,305.21
2025-12-16,10:03:19.346258066,T,IBM,I,37,305.2
2025-12-16,10:03:19.346348255,T,IBM,F I,2,305.26
2025-12-16,10:03:19.856022499,T,IBM,F I,3,305.4
2025-12-16,10:03:19.856022499,T,IBM,F I,1,305.4
2025-12-16,10:03:19.860440038,T,IBM,F,55,305.4
2025-12-16,10:03:19.860951261,T,IBM,F I,25,305.43
2025-12-16,10:03:19.861005398,T,IBM,F I,15,305.43
2025-12-16,10:03:19.863299835,T,IBM,,40,305.425
2025-12-16,10:03:19.892701018,T,IBM,I,2,305.39
2025-12-16,10:03:19.892703813,T,IBM,I,28,305.37
2025-12-16,10:03:19.892721945,T,IBM,F I,12,305.37
2025-12-16,10:03:19.892721945,T,IBM,I,1,305.37
2025-12-16,10:03:19.974248983,T,IBM,F I,36,305.32
2025-12-16,10:03:19.974270036,T,IBM,F I,25,305.32
2025-12-16,10:03:20.856071392,T,IBM,F I,1,305.45
2025-12-16,10:03:20.856071392,T,IBM,F I,24,305.45
2025-12-16,10:03:27.602580631,T,IBM,F I,5,305.48
2025-12-16,10:03:31.989850986,T,IBM,F I,35,305.48
2025-12-16,10:03:31.989904999,T,IBM,F I,1,305.52
2025-12-16,10:03:31.989908605,T,IBM,F,40,305.53
2025-12-16,10:03:31.990620810,T,IBM,F I,16,305.53
2025-12-16,10:03:32.010831915,T,IBM,I,20,305.57
2025-12-16,10:03:32.011165691,T,IBM,F I,1,305.56
2025-12-16,10:03:32.011619691,T,IBM,I,1,305.6
2025-12-16,10:03:41.421990649,T,IBM,F I,20,305.58
2025-12-16,10:03:41.421990649,T,IBM,F I,20,305.58
2025-12-16,10:03:41.422013180,T,IBM,F I,20,305.57
2025-12-16,10:03:41.422013180,T,IBM,F I,6,305.57
2025-12-16,10:03:41.422032657,T,IBM,F I,15,305.57
2025-12-16,10:03:41.422044755,T,IBM,I,1,305.57
2025-12-16,10:03:58.030510217,T,IBM,F I,20,305.48
2025-12-16,10:03:59.855537030,T,IBM,F I,31,305.43
2025-12-16,10:03:59.855537030,T,IBM,F I,10,305.43
2025-12-16,10:04:00.006048135,T,IBM,I,5,305.425
2025-12-16,10:04:03.187772344,T,IBM,F I,25,305.53
2025-12-16,10:04:03.419251647,T,IBM,F I,1,305.54
2025-12-16,10:04:03.461429879,T,IBM,F I,13,305.65
2025-12-16,10:04:11.596903761,T,IBM,F I,1,305.68
2025-12-16,10:04:15.266885385,T,IBM,F I,10,305.59
2025-12-16,10:04:15.380504828,T,IBM,F I,10,305.54
2025-12-16,10:04:22.964856821,T,IBM,F I,20,305.75
2025-12-16,10:04:22.967719806,T,IBM,F,40,305.79
2025-12-16,10:04:22.967719806,T,IBM,F I,28,305.8
2025-12-16,10:04:22.967738175,T,IBM,I,4,305.8
2025-12-16,10:04:22.967738175,T,IBM,F I,8,305.8
2025-12-16,10:04:22.967740764,T,IBM,F I,14,305.8
2025-12-16,10:04:22.968071507,T,IBM,F I,14,305.8
2025-12-16,10:04:22.968074517,T,IBM,F I,16,305.8
2025-12-16,10:04:31.030841529,T,IBM,I,25,305.815
2025-12-16,10:04:31.031587567,T,IBM,F I,9,305.88
2025-12-16,10:04:31.031587567,T,IBM,F I,2,305.89
2025-12-16,10:04:31.031593263,T,IBM,F I,9,305.9
2025-12-16,10:04:31.031605337,T,IBM,F I,11,305.9
2025-12-16,10:04:31.032669903,T,IBM,I,14,306.0
2025-12-16,10:04:40.120532785,T,IBM,F I,10,305.9
2025-12-16,10:04:40.120532785,T,IBM,F I,2,305.89
2025-12-16,10:04:40.120534914,T,IBM,F I,1,305.88
2025-12-16,10:04:40.120547534,T,IBM,F I,9,305.88
2025-12-16,10:04:40.120547534,T,IBM,F I,3,305.88
2025-12-16,10:04:40.120549891,T,IBM,F I,1,305.88
2025-12-16,10:04:40.120553000,T,IBM,F I,14,305.88
2025-12-16,10:04:40.120567979,T,IBM,F I,35,305.88
2025-12-16,10:04:56.179057071,T,IBM,I,10,305.86
2025-12-16,10:04:56.179060857,T,IBM,I,2,305.87
2025-12-16,10:04:56.179063111,T,IBM,I,38,305.9
2025-12-16,10:04:56.179066408,T,IBM,,100,305.97
2025-12-16,10:04:56.179066408,T,IBM,I,4,305.97
2025-12-16,10:04:56.179069195,T,IBM,,40,305.98
2025-12-16,10:04:56.179078155,T,IBM,I,6,306.0
2025-12-16,10:04:56.180118694,T,IBM,I,6,305.84
2025-12-16,10:05:15.276202135,T,IBM,F I,6,305.5
2025-12-16,10:05:15.276202135,T,IBM,F I,6,305.5
2025-12-16,10:05:15.276204953,T,IBM,F I,1,305.5
2025-12-16,10:05:15.276228960,T,IBM,F I,10,305.49
2025-12-16,10:05:26.467989560,T,IBM,F I,23,305.6
2025-12-16,10:05:40.379598956,T,IBM,I,3,305.72
2025-12-16,10:06:00.956533489,T,IBM,F I,18,305.92
2025-12-16,10:06:07.973822854,T,IBM,F I,1,305.7
2025-12-16,10:06:07.974276616,T,IBM,F I,23,305.65
2025-12-16,10:06:11.943055518,T,IBM,F I,15,305.5
2025-12-16,10:06:11.952606218,T,IBM,I,20,305.46
2025-12-16,10:06:11.952609228,T,IBM,,58,305.45
2025-12-16,10:06:11.952630420,T,IBM,I,1,305.45
2025-12-16,10:06:11.952633310,T,IBM,,141,305.45
2025-12-16,10:06:16.119830745,T,IBM,I,2,305.43
2025-12-16,10:06:16.468498698,T,IBM,I,2,305.38
2025-12-16,10:06:16.788752035,T,IBM,F I,11,305.31
2025-12-16,10:06:16.789001712,T,IBM,F I,8,305.29
2025-12-16,10:06:50.946099647,T,IBM,F I,5,305.31
2025-12-16,10:06:55.452080338,T,IBM,F I,4,305.43
2025-12-16,10:06:55.452107369,T,IBM,F I,36,305.43
2025-12-16,10:06:55.452110496,T,IBM,F I,4,305.44
2025-12-16,10:06:55.452134463,T,IBM,I,36,305.44
2025-12-16,10:06:55.463179739,T,IBM,I,18,305.41
2025-12-16,10:06:55.463182820,T,IBM,,45,305.385
2025-12-16,10:06:55.463227953,T,IBM,I,1,305.385
2025-12-16,10:06:55.463257960,T,IBM,I,18,305.385
2025-12-16,10:06:55.463522565,T,IBM,I,2,305.39
2025-12-16,10:06:55.717113240,T,IBM,I,1,305.51
2025-12-16,10:07:11.122339375,T,IBM,F I,2,305.63
2025-12-16,10:07:27.699966424,T,IBM,,40,305.95
2025-12-16,10:07:27.702305918,T,IBM,,86,305.99
2025-12-16,10:07:27.702309037,T,IBM,F I,4,305.99
2025-12-16,10:07:27.717714707,T,IBM,,40,306.0
2025-12-16,10:07:27.717735693,T,IBM,I,1,306.0
2025-12-16,10:07:35.495469057,T,IBM,F I,17,305.92
2025-12-16,10:07:39.411358037,T,IBM,,40,305.99
2025-12-16,10:07:39.422529626,T,IBM,,40,305.99
2025-12-16,10:08:01.031259578,T,IBM,F I,2,306.0
2025-12-16,10:08:01.031280668,T,IBM,F,57,306.0
2025-12-16,10:08:01.031388927,T,IBM,F I,3,306.02
2025-12-16,10:08:02.178319229,T,IBM,F I,12,305.92
2025-12-16,10:08:02.178908635,T,IBM,I,10,305.92
2025-12-16,10:08:02.178932833,T,IBM,,40,305.92
2025-12-16,10:08:02.178932833,T,IBM,I,1,305.93
2025-12-16,10:08:05.085129129,T,IBM,F I,1,305.82
2025-12-16,10:08:05.085465990,T,IBM,F I,1,305.81
2025-12-16,10:08:05.090824662,T,IBM,I,1,305.8
2025-12-16,10:08:10.484016527,T,IBM,F I,5,305.94
2025-12-16,10:08:48.905572630,T,IBM,I,25,305.795
2025-12-16,10:08:48.905600990,T,IBM,F I,25,305.795
2025-12-16,10:08:48.905801233,T,IBM,F I,25,305.795
2025-12-16,10:09:12.105077737,T,IBM,I,10,305.56
2025-12-16,10:09:12.105101836,T,IBM,I,5,305.56
2025-12-16,10:09:12.278623943,T,IBM,F I,1,305.52
2025-12-16,10:09:12.549403555,T,IBM,F I,4,305.52
2025-12-16,10:09:14.190767988,T,IBM,F I,28,305.66
2025-12-16,10:09:26.035999268,T,IBM,F I,25,305.63
2025-12-16,10:09:26.036050426,T,IBM,F I,25,305.63
2025-12-16,10:09:32.154584105,T,IBM,,45,305.61
2025-12-16,10:09:48.473938512,T,IBM,I,5,305.43
2025-12-16,10:09:58.217319295,T,IBM,I,1,305.35
2025-12-16,10:09:58.576040233,T,IBM,I,2,305.31
2025-12-16,10:10:16.154952182,T,IBM,F I,2,305.41
2025-12-16,10:10:16.155009497,T,IBM,F I,2,305.41
2025-12-16,10:10:16.155213845,T,IBM,F I,2,305.41
2025-12-16,10:10:16.155249950,T,IBM,F I,2,305.42
2025-12-16,10:10:16.164111984,T,IBM,I,10,305.46
2025-12-16,10:10:16.179000515,T,IBM,F I,4,305.46
2025-12-16,10:10:16.467645594,T,IBM,F I,25,305.41
2025-12-16,10:10:16.467672711,T,IBM,I,27,305.41
2025-12-16,10:10:16.467687736,T,IBM,F I,25,305.41
2025-12-16,10:10:30.222636368,T,IBM,F I,1,305.36
2025-12-16,10:10:35.182950898,T,IBM,I,25,305.365
2025-12-16,10:10:35.182998937,T,IBM,F I,25,305.365
2025-12-16,10:10:35.183035013,T,IBM,F I,25,305.365
2025-12-16,10:10:40.273081256,T,IBM,F,79,305.28
2025-12-16,10:10:40.273105586,T,IBM,F I,21,305.28
2025-12-16,10:10:40.273105586,T,IBM,F I,5,305.28
2025-12-16,10:10:40.273108460,T,IBM,F I,26,305.27
2025-12-16,10:10:40.273126403,T,IBM,F I,14,305.27
2025-12-16,10:10:40.273129393,T,IBM,F I,12,305.27
2025-12-16,10:10:43.729305040,T,IBM,,82,305.31
2025-12-16,10:10:43.731767881,T,IBM,,68,305.31
2025-12-16,10:10:43.808246206,T,IBM,,100,305.26
2025-12-16,10:10:43.808246206,T,IBM,,100,305.25
2025-12-16,10:10:43.808276035,T,IBM,F,100,305.25
2025-12-16,10:10:43.808279114,T,IBM,I,1,305.25
2025-12-16,10:10:43.808282077,T,IBM,F I,29,305.25
2025-12-16,10:10:43.808393393,T,IBM,F I,25,305.24
2025-12-16,10:10:43.808423795,T,IBM,I,5,305.205
2025-12-16,10:10:43.808423795,T,IBM,I,30,305.205
2025-12-16,10:10:43.809343643,T,IBM,F I,6,305.18
2025-12-16,10:10:43.809346687,T,IBM,F I,7,305.16
2025-12-16,10:10:43.809349614,T,IBM,F I,28,305.15
2025-12-16,10:10:43.809352565,T,IBM,F I,12,305.15
2025-12-16,10:10:43.809629227,T,IBM,F I,12,305.16
2025-12-16,10:10:43.809662328,T,IBM,I,5,305.16
2025-12-16,10:10:47.290135905,T,IBM,F I,3,305.03
2025-12-16,10:10:47.293540039,T,IBM,I,8,305.06
2025-12-16,10:10:47.344300836,T,IBM,F,68,305.06
2025-12-16,10:10:47.344472207,T,IBM,F I,30,305.06
2025-12-16,10:10:47.857067150,T,IBM,F I,4,305.08
2025-12-16,10:10:47.857069586,T,IBM,F I,6,305.09
2025-12-16,10:10:47.857072487,T,IBM,F I,16,305.11
2025-12-16,10:10:47.857115497,T,IBM,F I,6,305.1
2025-12-16,10:10:47.857118174,T,IBM,F I,20,305.11
2025-12-16,10:10:47.857171787,T,IBM,F I,26,305.11
2025-12-16,10:10:47.857277162,T,IBM,F I,9,305.11
2025-12-16,10:10:56.931354608,T,IBM,F I,11,305.0
2025-12-16,10:10:56.931928882,T,IBM,I,10,305.0
2025-12-16,10:10:56.943966619,T,IBM,I,3,304.94
2025-12-16,10:10:56.945031116,T,IBM,F I,1,304.92
2025-12-16,10:10:57.442382147,T,IBM,I,4,304.86
2025-12-16,10:10:57.534172562,T,IBM,F I,3,304.75
2025-12-16,10:10:57.728206541,T,IBM,I,36,304.82
2025-12-16,10:10:57.797515656,T,IBM,F I,11,304.72
2025-12-16,10:11:21.209975797,T,IBM,I,1,304.81
2025-12-16,10:11:21.212267247,T,IBM,I,1,304.81
2025-12-16,10:11:21.213172444,T,IBM,F I,25,304.81
2025-12-16,10:11:21.213220881,T,IBM,F I,13,304.81
2025-12-16,10:11:21.213269117,T,IBM,I,1,304.84
2025-12-16,10:11:21.213292805,T,IBM,I,1,304.85
2025-12-16,10:11:21.213292805,T,IBM,I,1,304.85
2025-12-16,10:11:21.213299592,T,IBM,,40,304.85
2025-12-16,10:11:21.214399353,T,IBM,F I,2,304.86
2025-12-16,10:11:21.214468623,T,IBM,I,28,304.86
2025-12-16,10:11:21.215966052,T,IBM,F I,4,304.85
2025-12-16,10:11:21.215972033,T,IBM,F I,8,304.84
2025-12-16,10:11:21.215972033,T,IBM,F I,20,304.84
2025-12-16,10:11:21.216387093,T,IBM,F I,10,304.81
2025-12-16,10:11:21.247941159,T,IBM,F,70,304.73
2025-12-16,10:11:21.248277982,T,IBM,,60,304.71
2025-12-16,10:11:25.680177473,T,IBM,F I,16,304.6
2025-12-16,10:11:25.680237640,T,IBM,F I,20,304.57
2025-12-16,10:11:25.680240636,T,IBM,F I,5,304.57
2025-12-16,10:11:25.757960681,T,IBM,I,14,304.64
2025-12-16,10:11:25.757978767,T,IBM,I,4,304.64
2025-12-16,10:11:25.757978767,T,IBM,I,38,304.65
2025-12-16,10:11:25.757985183,T,IBM,,100,304.65
2025-12-16,10:11:25.757985183,T,IBM,,100,304.655
2025-12-16,10:11:25.757988298,T,IBM,,45,304.655
2025-12-16,10:11:25.757988298,T,IBM,I,5,304.66
2025-12-16,10:11:25.757991329,T,IBM,,44,304.66
2025-12-16,10:11:25.757991329,T,IBM,I,14,304.67
2025-12-16,10:11:25.758537960,T,IBM,I,20,304.67
2025-12-16,10:11:25.758550076,T,IBM,I,20,304.68
2025-12-16,10:11:25.758559013,T,IBM,I,1,304.67
2025-12-16,10:11:25.758565043,T,IBM,F I,24,304.67
2025-12-16,10:11:25.758607188,T,IBM,I,24,304.68
2025-12-16,10:11:25.758613453,T,IBM,,55,304.67
2025-12-16,10:11:25.758625273,T,IBM,F I,16,304.67
2025-12-16,10:11:25.758628221,T,IBM,I,9,304.67
2025-12-16,10:11:25.758628221,T,IBM,I,16,304.68
2025-12-16,10:11:25.758640286,T,IBM,I,3,304.68
2025-12-16,10:11:25.758820666,T,IBM,,70,304.67
2025-12-16,10:11:25.764281652,T,IBM,F I,9,304.65
2025-12-16,10:11:25.764285086,T,IBM,F I,3,304.68
2025-12-16,10:11:25.764288010,T,IBM,F I,3,304.68
2025-12-16,10:11:25.764288010,T,IBM,F I,5,304.68
2025-12-16,10:11:25.764290721,T,IBM,F I,18,304.68
2025-12-16,10:11:25.764305716,T,IBM,I,5,304.68
2025-12-16,10:11:25.764684613,T,IBM,I,4,304.68
2025-12-16,10:11:25.765189889,T,IBM,I,2,304.68
2025-12-16,10:11:25.765710040,T,IBM,I,2,304.68
2025-12-16,10:11:25.765734187,T,IBM,I,2,304.68
2025-12-16,10:11:25.766407734,T,IBM,I,13,304.68
2025-12-16,10:11:25.793697719,T,IBM,F I,4,304.66
2025-12-16,10:11:25.811503069,T,IBM,F I,20,304.64
2025-12-16,10:11:25.820389267,T,IBM,F I,7,304.61
2025-12-16,10:11:25.820392643,T,IBM,F,40,304.61
2025-12-16,10:11:25.820392643,T,IBM,F I,1,304.61
2025-12-16,10:11:42.216457068,T,IBM,F I,2,304.59
2025-12-16,10:11:42.216457068,T,IBM,F I,3,304.57
2025-12-16,10:11:42.216727823,T,IBM,F I,17,304.57
2025-12-16,10:11:42.216730027,T,IBM,F,67,304.56
2025-12-16,10:11:42.216748113,T,IBM,F I,3,304.56
2025-12-16,10:11:42.216751123,T,IBM,F I,14,304.56
2025-12-16,10:11:42.216802222,T,IBM,I,26,304.6
2025-12-16,10:11:50.512061964,T,IBM,F I,1,304.5
2025-12-16,10:11:50.512061964,T,IBM,F I,2,304.5
2025-12-16,10:11:52.282541511,T,IBM,I,13,304.55
2025-12-16,10:11:52.282541511,T,IBM,I,4,304.55
2025-12-16,10:11:53.186102651,T,IBM,F I,25,304.63
2025-12-16,10:12:00.490220484,T,IBM,F,44,304.645
2025-12-16,10:12:00.490229630,T,IBM,I,11,304.645
2025-12-16,10:12:00.538725979,T,IBM,I,30,304.735
2025-12-16,10:12:00.538729068,T,IBM,I,15,304.735
2025-12-16,10:12:00.852123087,T,IBM,F I,14,304.69
2025-12-16,10:12:00.852126070,T,IBM,F I,16,304.68
2025-12-16,10:12:05.054934194,T,IBM,F I,30,304.67
2025-12-16,10:12:06.084501212,T,IBM,I,30,304.64
2025-12-16,10:12:06.084501212,T,IBM,I,1,304.64
2025-12-16,10:12:06.085232029,T,IBM,F I,25,304.59
2025-12-16,10:12:06.085253028,T,IBM,F,80,304.58
2025-12-16,10:12:06.339258698,T,IBM,F I,1,304.53
2025-12-16,10:12:06.339607584,T,IBM,I,7,304.57
2025-12-16,10:12:10.694400549,T,IBM,F I,7,304.53
2025-12-16,10:12:10.694400549,T,IBM,F I,5,304.53
2025-12-16,10:12:10.694716625,T,IBM,F I,1,304.47
2025-12-16,10:12:10.694725298,T,IBM,F I,1,304.47
2025-12-16,10:12:10.695143248,T,IBM,F I,1,304.47
2025-12-16,10:12:10.695356812,T,IBM,I,3,304.47
2025-12-16,10:12:16.052465813,T,IBM,F I,1,304.31
2025-12-16,10:12:16.175837580,T,IBM,F I,1,304.31
2025-12-16,10:12:16.399004774,T,IBM,F I,2,304.31
2025-12-16,10:12:20.684016487,T,IBM,F I,16,304.31
2025-12-16,10:12:20.684019578,T,IBM,F I,4,304.31
2025-12-16,10:12:20.684019578,T,IBM,F I,37,304.3
2025-12-16,10:12:20.684037574,T,IBM,F I,13,304.3
2025-12-16,10:12:20.684040703,T,IBM,F I,7,304.3
2025-12-16,10:12:20.684040703,T,IBM,F I,17,304.3
2025-12-16,10:12:20.684043640,T,IBM,I,1,304.3
2025-12-16,10:12:21.123076782,T,IBM,F I,6,304.18
2025-12-16,10:12:23.993298494,T,IBM,F I,25,304.29
2025-12-16,10:12:25.096787426,T,IBM,F I,6,304.31
2025-12-16,10:12:25.096988927,T,IBM,F I,20,304.28
2025-12-16,10:12:30.890680449,T,IBM,I,5,304.395
2025-12-16,10:12:35.585480506,T,IBM,F I,38,304.36
2025-12-16,10:12:35.585486516,T,IBM,F,45,304.36
2025-12-16,10:12:35.585486516,T,IBM,F I,18,304.36
2025-12-16,10:12:35.585489485,T,IBM,F I,19,304.35
2025-12-16,10:12:43.645998285,T,IBM,F I,1,304.48
2025-12-16,10:12:43.646344615,T,IBM,F,80,304.54
2025-12-16,10:12:43.646348107,T,IBM,F I,1,304.54
2025-12-16,10:12:43.646348107,T,IBM,F,40,304.54
2025-12-16,10:12:43.646350457,T,IBM,F I,11,304.54
2025-12-16,10:12:43.646371210,T,IBM,I,17,304.54
2025-12-16,10:12:43.646374415,T,IBM,I,23,304.54
2025-12-16,10:12:43.646729341,T,IBM,F,40,304.55
2025-12-16,10:12:43.646732605,T,IBM,F,40,304.55
2025-12-16,10:12:43.647507877,T,IBM,I,1,304.57
2025-12-16,10:12:43.648251511,T,IBM,F I,2,304.54
2025-12-16,10:12:43.648256628,T,IBM,F,77,304.54
2025-12-16,10:12:43.648256628,T,IBM,F I,4,304.54
2025-12-16,10:12:43.648259674,T,IBM,F,70,304.53
2025-12-16,10:12:43.649546718,T,IBM,F I,8,304.54
2025-12-16,10:12:43.649555738,T,IBM,,45,304.54
2025-12-16,10:12:43.649580109,T,IBM,F I,25,304.54
2025-12-16,10:12:43.649618811,T,IBM,I,22,304.54
2025-12-16,10:12:43.935277924,T,IBM,F I,20,304.49
2025-12-16,10:12:43.935281173,T,IBM,F,70,304.48
2025-12-16,10:12:43.935281173,T,IBM,F I,20,304.48
2025-12-16,10:12:43.935295982,T,IBM,I,1,304.48
2025-12-16,10:12:44.185975737,T,IBM,F I,2,304.55
2025-12-16,10:12:44.185979059,T,IBM,F I,3,304.55
2025-12-16,10:12:44.185979059,T,IBM,F I,3,304.55
2025-12-16,10:12:45.734903075,T,IBM,I,8,304.55
2025-12-16,10:12:45.734924125,T,IBM,F,71,304.55
2025-12-16,10:12:45.734927070,T,IBM,F,70,304.55
2025-12-16,10:12:58.971950088,T,IBM,F I,1,304.6
2025-12-16,10:12:59.505693581,T,IBM,I,2,304.6
2025-12-16,10:13:00.021911424,T,IBM,F I,10,304.48
2025-12-16,10:13:00.031859094,T,IBM,F I,10,304.47
2025-12-16,10:13:00.032406406,T,IBM,I,11,304.47
2025-12-16,10:13:00.032535727,T,IBM,I,11,304.47
2025-12-16,10:13:01.864860789,T,IBM,I,1,304.47
2025-12-16,10:13:17.213203652,T,IBM,I,10,304.545
2025-12-16,10:13:28.564133531,T,IBM,F I,20,304.49
2025-12-16,10:13:28.564136527,T,IBM,F,50,304.49
2025-12-16,10:13:28.564154543,T,IBM,F I,20,304.49
2025-12-16,10:13:31.035055754,T,IBM,F I,20,304.45
2025-12-16,10:13:47.944387599,T,IBM,F I,11,304.39
2025-12-16,10:13:47.945250574,T,IBM,I,5,304.355
2025-12-16,10:13:47.955465955,T,IBM,I,25,304.355
2025-12-16,10:14:01.042260262,T,IBM,F I,11,304.28
2025-12-16,10:14:01.042260262,T,IBM,F I,20,304.28
2025-12-16,10:14:01.081822520,T,IBM,F I,3,304.21
2025-12-16,10:14:01.081822520,T,IBM,F I,12,304.21
2025-12-16,10:14:01.082168236,T,IBM,F I,1,304.18
2025-12-16,10:14:01.082174250,T,IBM,F,40,304.16
2025-12-16,10:14:01.092398688,T,IBM,I,8,304.13
2025-12-16,10:14:01.092630183,T,IBM,I,3,304.11
2025-12-16,10:14:01.092654770,T,IBM,F I,7,304.11
2025-12-16,10:14:01.092670364,T,IBM,,40,304.13
2025-12-16,10:14:01.092693318,T,IBM,F I,30,304.11
2025-12-16,10:14:01.092711447,T,IBM,I,1,304.11
2025-12-16,10:14:01.092867738,T,IBM,F I,30,304.11
2025-12-16,10:14:01.092873717,T,IBM,F I,39,304.11
2025-12-16,10:14:01.092877216,T,IBM,F I,3,304.11
2025-12-16,10:14:01.093129356,T,IBM,F I,8,304.12
2025-12-16,10:14:01.093309877,T,IBM,I,1,304.125
2025-12-16,10:14:01.093342944,T,IBM,,99,304.125
2025-12-16,10:14:01.093523325,T,IBM,F I,3,304.11
2025-12-16,10:14:01.095799708,T,IBM,F I,3,304.12
2025-12-16,10:14:01.095799708,T,IBM,F I,6,304.12
2025-12-16,10:14:01.219282666,T,IBM,F I,6,304.11
2025-12-16,10:14:05.253052364,T,IBM,F I,8,304.05
2025-12-16,10:14:05.253076478,T,IBM,F I,2,304.05
2025-12-16,10:14:05.253079498,T,IBM,F I,13,304.05
2025-12-16,10:14:05.254354493,T,IBM,I,6,304.055
2025-12-16,10:14:07.771755292,T,IBM,F I,1,304.0
2025-12-16,10:14:07.771755292,T,IBM,F I,3,304.0
2025-12-16,10:14:10.791002842,T,IBM,I,25,303.885
2025-12-16,10:14:11.113472472,T,IBM,,137,303.885
2025-12-16,10:14:11.113493572,T,IBM,I,10,303.85
2025-12-16,10:14:18.192793362,T,IBM,F I,25,303.93
2025-12-16,10:14:24.121301669,T,IBM,F I,24,303.99
2025-12-16,10:14:24.121319662,T,IBM,F I,20,303.99
2025-12-16,10:14:24.121323456,T,IBM,I,32,303.99
2025-12-16,10:14:24.121323456,T,IBM,I,1,303.99
2025-12-16,10:14:24.121325679,T,IBM,I,3,303.99
2025-12-16,10:14:24.121830908,T,IBM,F,100,304.0
2025-12-16,10:14:24.122005326,T,IBM,F,45,304.0
2025-12-16,10:14:24.140745972,T,IBM,I,10,304.02
2025-12-16,10:14:29.908464514,T,IBM,I,12,304.03
2025-12-16,10:14:29.908494528,T,IBM,I,20,304.03
2025-12-16,10:14:32.713834188,T,IBM,F I,1,303.95
2025-12-16,10:14:32.713837134,T,IBM,F I,10,303.94
2025-12-16,10:14:32.713837134,T,IBM,F,40,303.94
2025-12-16,10:14:36.644191130,T,IBM,F,70,303.89
2025-12-16,10:14:36.644193428,T,IBM,F I,5,303.89
2025-12-16,10:14:36.644197136,T,IBM,F I,16,303.89
2025-12-16,10:14:36.644197136,T,IBM,F I,10,303.89
2025-12-16,10:14:39.096952445,T,IBM,I,5,303.89
2025-12-16,10:14:39.096952445,T,IBM,I,8,303.89
2025-12-16,10:14:39.096970435,T,IBM,I,1,303.89
2025-12-16,10:14:39.591029031,T,IBM,F I,20,303.94
2025-12-16,10:14:56.337144256,T,IBM,F I,20,303.85
2025-12-16,10:14:56.337144256,T,IBM,F I,13,303.84
2025-12-16,10:14:56.337147648,T,IBM,F I,30,303.84
2025-12-16,10:14:56.337147648,T,IBM,F I,25,303.84
2025-12-16,10:14:56.337150142,T,IBM,F I,2,303.84
2025-12-16,10:14:56.337162217,T,IBM,I,1,303.84
2025-12-16,10:14:56.337171155,T,IBM,F I,19,303.84
2025-12-16,10:14:56.337195214,T,IBM,I,38,303.88
2025-12-16,10:14:56.337198193,T,IBM,I,13,303.89
2025-12-16,10:14:56.423660032,T,IBM,F I,12,303.84
2025-12-16,10:14:56.423660032,T,IBM,F I,10,303.84
2025-12-16,10:14:56.423912652,T,IBM,F I,11,303.8
2025-12-16,10:14:56.424267476,T,IBM,,59,303.8
2025-12-16,10:15:00.024949242,T,IBM,F I,9,303.74
2025-12-16,10:15:01.650544007,T,IBM,F I,25,303.61
2025-12-16,10:15:02.515751720,T,IBM,,45,303.67
2025-12-16,10:15:02.515835909,T,IBM,F I,25,303.68
2025-12-16,10:15:02.515883960,T,IBM,F I,2,303.69
2025-12-16,10:15:02.827885975,T,IBM,F I,7,303.74
2025-12-16,10:15:02.827885975,T,IBM,F,40,303.74
2025-12-16,10:15:02.827903738,T,IBM,I,32,303.74
2025-12-16,10:15:02.827906767,T,IBM,I,1,303.74
2025-12-16,10:15:02.827909823,T,IBM,I,7,303.74
2025-12-16,10:15:02.828015031,T,IBM,F,40,303.76
2025-12-16,10:15:03.263497120,T,IBM,F I,25,303.87
2025-12-16,10:15:03.263497120,T,IBM,F I,15,303.87
2025-12-16,10:15:03.263500233,T,IBM,F I,23,303.89
2025-12-16,10:15:03.263502829,T,IBM,F I,2,303.89
2025-12-16,10:15:03.263526854,T,IBM,F I,2,303.89
2025-12-16,10:15:03.263541836,T,IBM,I,13,303.89
2025-12-16,10:15:03.263541836,T,IBM,I,18,303.89
2025-12-16,10:15:06.984311462,T,IBM,,80,303.99
2025-12-16,10:15:06.985339940,T,IBM,F I,16,303.99
2025-12-16,10:15:07.052321286,T,IBM,I,2,303.94
2025-12-16,10:15:07.052324314,T,IBM,,57,303.915
2025-12-16,10:15:12.281000620,T,IBM,F I,2,303.79
2025-12-16,10:15:18.695640226,T,IBM,F I,14,303.75
2025-12-16,10:15:18.695676347,T,IBM,F I,10,303.73
2025-12-16,10:15:18.696106318,T,IBM,I,36,303.75
2025-12-16,10:15:18.696560843,T,IBM,I,1,303.71
2025-12-16,10:15:18.696563455,T,IBM,I,2,303.71
2025-12-16,10:15:23.061088098,T,IBM,F I,10,303.75
2025-12-16,10:15:23.061088098,T,IBM,F I,2,303.75
2025-12-16,10:15:23.061090787,T,IBM,F,40,303.75
2025-12-16,10:15:25.680112316,T,IBM,I,25,303.705
2025-12-16,10:15:25.680157368,T,IBM,I,25,303.705
2025-12-16,10:15:28.480429688,T,IBM,I,5,303.72
2025-12-16,10:15:29.357272024,T,IBM,F I,18,303.75
2025-12-16,10:15:29.357317460,T,IBM,F I,18,303.74
2025-12-16,10:15:29.357320226,T,IBM,F I,1,303.79
2025-12-16,10:15:31.118964951,T,IBM,F I,37,303.69
2025-12-16,10:15:42.778877102,T,IBM,F,80,303.61
2025-12-16,10:15:42.778877102,T,IBM,F I,12,303.61
2025-12-16,10:15:42.778892167,T,IBM,I,1,303.61
2025-12-16,10:15:42.778898170,T,IBM,F,57,303.61
2025-12-16,10:15:42.778901210,T,IBM,F I,7,303.6
2025-12-16,10:15:47.108536234,T,IBM,F I,1,303.56
2025-12-16,10:15:50.280601920,T,IBM,I,8,303.59
2025-12-16,10:15:50.294584921,T,IBM,I,7,303.64
2025-12-16,10:15:50.295132223,T,IBM,F I,21,303.58
2025-12-16,10:15:50.295550339,T,IBM,F I,22,303.57
2025-12-16,10:15:50.295550339,T,IBM,F I,9,303.57
2025-12-16,10:15:50.295553189,T,IBM,F,40,303.57
2025-12-16,10:15:55.216398632,T,IBM,F,40,303.48
2025-12-16,10:15:55.216401687,T,IBM,F I,18,303.48
2025-12-16,10:15:56.239987420,T,IBM,F I,3,303.43
2025-12-16,10:15:58.778763766,T,IBM,F I,4,303.5
2025-12-16,10:15:58.778766290,T,IBM,F I,27,303.5
2025-12-16,10:15:58.778775193,T,IBM,F,40,303.51
2025-12-16,10:15:58.778805310,T,IBM,I,11,303.5
2025-12-16,10:15:58.778811264,T,IBM,I,12,303.5
2025-12-16,10:16:00.168184832,T,IBM,I,5,303.56
2025-12-16,10:16:00.168837400,T,IBM,I,9,303.48
2025-12-16,10:16:00.168840391,T,IBM,I,10,303.48
2025-12-16,10:16:00.168843335,T,IBM,I,2,303.48
2025-12-16,10:16:00.168846374,T,IBM,,40,303.48
2025-12-16,10:16:01.286541167,T,IBM,F I,1,303.42
2025-12-16,10:16:01.372578967,T,IBM,F I,10,303.38
2025-12-16,10:16:01.375249367,T,IBM,I,3,303.35
2025-12-16,10:16:01.375628256,T,IBM,F I,3,303.33
2025-12-16,10:16:01.375634266,T,IBM,F I,37,303.33
2025-12-16,10:16:01.375634266,T,IBM,F I,3,303.33
2025-12-16,10:16:01.375655237,T,IBM,F I,3,303.33
2025-12-16,10:16:01.375986084,T,IBM,I,34,303.33
2025-12-16,10:16:02.745815998,T,IBM,F I,7,303.27
2025-12-16,10:16:03.005884178,T,IBM,,100,303.29
2025-12-16,10:16:04.467110767,T,IBM,,100,303.3
2025-12-16,10:16:04.467176856,T,IBM,F I,2,303.38
2025-12-16,10:16:04.467200980,T,IBM,F I,7,303.39
2025-12-16,10:16:04.468262835,T,IBM,I,9,303.27
2025-12-16,10:16:04.468262835,T,IBM,I,2,303.26
2025-12-16,10:16:04.468268476,T,IBM,,100,303.26
2025-12-16,10:16:04.501684456,T,IBM,F I,6,303.23
2025-12-16,10:16:04.501687492,T,IBM,F I,30,303.23
2025-12-16,10:16:04.501689982,T,IBM,F I,7,303.23
2025-12-16,10:16:04.501696038,T,IBM,F I,31,303.23
2025-12-16,10:16:04.501708120,T,IBM,I,1,303.23
2025-12-16,10:16:09.194313198,T,IBM,F I,25,303.18
2025-12-16,10:16:09.194361441,T,IBM,F I,25,303.18
2025-12-16,10:16:09.195182318,T,IBM,,45,303.18
2025-12-16,10:16:09.195185308,T,IBM,I,12,303.19
2025-12-16,10:16:09.195221395,T,IBM,I,3,303.19
2025-12-16,10:16:09.195431802,T,IBM,I,6,303.16
2025-12-16,10:16:09.195434851,T,IBM,I,1,303.16
2025-12-16,10:16:09.195473933,T,IBM,F I,1,303.16
2025-12-16,10:16:09.195705503,T,IBM,I,7,303.19
2025-12-16,10:16:09.195741630,T,IBM,I,4,303.19
2025-12-16,10:16:09.195855822,T,IBM,F I,4,303.17
2025-12-16,10:16:09.195858808,T,IBM,F I,8,303.17
2025-12-16,10:16:09.195861874,T,IBM,F I,11,303.17
2025-12-16,10:16:09.195910032,T,IBM,I,4,303.19
2025-12-16,10:16:09.195946048,T,IBM,F I,12,303.17
2025-12-16,10:16:12.206355958,T,IBM,F I,8,303.16
2025-12-16,10:16:12.206358638,T,IBM,F I,11,303.16
2025-12-16,10:16:12.206406653,T,IBM,,45,303.16
2025-12-16,10:16:12.206424696,T,IBM,I,8,303.16
2025-12-16,10:16:14.421843887,T,IBM,F I,38,303.09
2025-12-16,10:16:14.421849806,T,IBM,F,40,303.11
2025-12-16,10:16:14.423708995,T,IBM,F I,2,303.07
2025-12-16,10:16:14.423711181,T,IBM,F I,30,303.06
2025-12-16,10:16:14.423714361,T,IBM,F I,25,303.06
2025-12-16,10:16:14.423718129,T,IBM,F I,5,303.06
2025-12-16,10:16:14.423723409,T,IBM,F,40,303.06
2025-12-16,10:16:14.423723409,T,IBM,F I,3,303.06
2025-12-16,10:16:14.423732196,T,IBM,I,1,303.06
2025-12-16,10:16:14.425338038,T,IBM,I,18,303.07
2025-12-16,10:16:14.446493343,T,IBM,F I,10,303.04
2025-12-16,10:16:14.467020270,T,IBM,F I,1,303.02
2025-12-16,10:16:14.468514831,T,IBM,F I,30,303.0
2025-12-16,10:16:14.468532868,T,IBM,F I,1,303.0
2025-12-16,10:16:14.479701378,T,IBM,I,8,302.86
2025-12-16,10:16:14.491910445,T,IBM,,100,302.84
2025-12-16,10:16:14.491910445,T,IBM,I,8,302.84
2025-12-16,10:16:14.497428648,T,IBM,F I,18,302.84
2025-12-16,10:16:14.497431656,T,IBM,F I,1,302.83
2025-12-16,10:16:14.497434669,T,IBM,F I,21,302.83
2025-12-16,10:16:14.519675608,T,IBM,I,12,302.84
2025-12-16,10:16:14.645558300,T,IBM,,40,302.84
2025-12-16,10:16:14.649521675,T,IBM,F,80,302.84
2025-12-16,10:16:14.649524734,T,IBM,F I,1,302.83
2025-12-16,10:16:14.649527665,T,IBM,F,100,302.83
2025-12-16,10:16:14.649527665,T,IBM,F I,18,302.83
2025-12-16,10:16:14.710924828,T,IBM,I,10,302.83
2025-12-16,10:16:14.875536731,T,IBM,,72,302.83
2025-12-16,10:16:14.926336643,T,IBM,F I,1,302.8
2025-12-16,10:16:19.628630823,T,IBM,F I,1,302.95
2025-12-16,10:16:19.628642852,T,IBM,F,40,302.95
2025-12-16,10:16:20.889430279,T,IBM,F I,2,302.95
2025-12-16,10:16:23.177565339,T,IBM,F I,1,302.91
2025-12-16,10:16:23.177568326,T,IBM,I,1,302.92
2025-12-16,10:16:23.177742697,T,IBM,I,6,302.93
2025-12-16,10:16:23.177763760,T,IBM,I,1,302.98
2025-12-16,10:16:23.177875033,T,IBM,I,18,302.93
2025-12-16,10:16:23.177878208,T,IBM,I,5,302.96
2025-12-16,10:16:23.177881091,T,IBM,I,10,302.96
2025-12-16,10:16:23.177902093,T,IBM,I,24,302.96
2025-12-16,10:16:23.177914086,T,IBM,,66,302.96
2025-12-16,10:16:23.177917113,T,IBM,I,24,302.98
2025-12-16,10:16:23.177920179,T,IBM,,100,302.98
2025-12-16,10:16:23.178061478,T,IBM,F I,5,302.97
2025-12-16,10:16:23.178127650,T,IBM,I,15,302.97
2025-12-16,10:16:23.178518518,T,IBM,F I,36,302.92
2025-12-16,10:16:23.178521909,T,IBM,F,51,302.92
2025-12-16,10:16:23.178530594,T,IBM,I,13,302.92
2025-12-16,10:16:23.178566663,T,IBM,F I,10,302.84
2025-12-16,10:16:23.178753102,T,IBM,F I,34,302.84
2025-12-16,10:16:23.178757091,T,IBM,F,40,302.84
2025-12-16,10:16:23.178757091,T,IBM,F I,13,302.84
2025-12-16,10:16:23.178759165,T,IBM,F,50,302.84
2025-12-16,10:16:23.178774149,T,IBM,I,1,302.84
2025-12-16,10:16:23.178783215,T,IBM,F I,9,302.84
2025-12-16,10:16:23.178801267,T,IBM,I,7,302.84
2025-12-16,10:16:23.178900519,T,IBM,I,11,302.87
2025-12-16,10:16:23.178900519,T,IBM,I,29,302.87
2025-12-16,10:16:23.178966668,T,IBM,,40,302.87
2025-12-16,10:16:23.179758507,T,IBM,I,9,302.88
2025-12-16,10:16:23.179760564,T,IBM,I,17,302.88
2025-12-16,10:16:23.179763549,T,IBM,I,14,302.9
2025-12-16,10:16:23.179787577,T,IBM,F I,8,302.88
2025-12-16,10:16:23.179814691,T,IBM,I,12,302.88
2025-12-16,10:16:23.179838676,T,IBM,,40,302.9
2025-12-16,10:16:23.179841743,T,IBM,F I,12,302.88
2025-12-16,10:16:23.179853754,T,IBM,F I,8,302.88
2025-12-16,10:16:23.193187527,T,IBM,F I,2,302.9
2025-12-16,10:16:23.212640835,T,IBM,F,40,302.96
2025-12-16,10:16:23.212909009,T,IBM,F I,20,302.98
2025-12-16,10:16:23.212911487,T,IBM,F I,20,302.98
2025-12-16,10:16:23.878101034,T,IBM,I,2,302.94
2025-12-16,10:16:23.878104023,T,IBM,I,38,302.92
2025-12-16,10:16:23.878134021,T,IBM,I,18,302.89
2025-12-16,10:16:23.878134021,T,IBM,I,2,302.88
2025-12-16,10:16:26.765659125,T,IBM,F I,1,302.78
2025-12-16,10:16:33.517855225,T,IBM,I,25,302.81
2025-12-16,10:16:33.517855225,T,IBM,I,2,302.81
2025-12-16,10:16:33.517861075,T,IBM,I,2,302.86
2025-12-16,10:16:33.517867127,T,IBM,I,17,302.86
2025-12-16,10:16:33.517870102,T,IBM,,41,302.88
2025-12-16,10:16:42.706944385,T,IBM,F I,5,302.81
2025-12-16,10:16:42.732679639,T,IBM,F I,7,302.88
2025-12-16,10:16:42.732766892,T,IBM,F I,20,302.89
2025-12-16,10:16:42.732773523,T,IBM,I,6,302.89
2025-12-16,10:16:42.732773523,T,IBM,I,38,302.89
2025-12-16,10:16:42.732779373,T,IBM,I,1,302.89
2025-12-16,10:16:42.732779373,T,IBM,F I,1,302.89
2025-12-16,10:16:42.732781917,T,IBM,I,14,302.89
2025-12-16,10:16:42.732784874,T,IBM,I,18,302.89
2025-12-16,10:16:42.732784874,T,IBM,,54,302.89
2025-12-16,10:16:42.732784874,T,IBM,F I,8,302.89
2025-12-16,10:16:42.736194988,T,IBM,F I,4,302.89
2025-12-16,10:16:42.736194988,T,IBM,F I,19,302.89
2025-12-16,10:16:42.736219427,T,IBM,F,72,302.89
2025-12-16,10:16:42.736222124,T,IBM,F,81,302.89
2025-12-16,10:16:42.736243121,T,IBM,F,80,302.89
2025-12-16,10:16:42.736372444,T,IBM,,148,302.89
2025-12-16,10:16:42.736772356,T,IBM,I,8,302.9
2025-12-16,10:16:42.737521212,T,IBM,I,1,302.91
2025-12-16,10:16:42.737566254,T,IBM,I,1,302.91
2025-12-16,10:16:42.737605355,T,IBM,I,1,302.91
2025-12-16,10:16:42.743992622,T,IBM,F I,1,302.91
2025-12-16,10:16:42.744031691,T,IBM,I,1,302.91
2025-12-16,10:16:42.744067732,T,IBM,I,1,302.91
2025-12-16,10:16:42.839343928,T,IBM,F I,17,302.89
2025-12-16,10:16:42.839343928,T,IBM,F,63,302.88
2025-12-16,10:16:42.839346622,T,IBM,F I,7,302.88
2025-12-16,10:16:42.839368476,T,IBM,F I,30,302.88
2025-12-16,10:16:42.839368476,T,IBM,F,40,302.87
2025-12-16,10:16:42.839370682,T,IBM,F I,10,302.87
2025-12-16,10:16:42.839388622,T,IBM,I,1,302.87
2025-12-16,10:16:42.839403714,T,IBM,F I,29,302.87
2025-12-16,10:16:48.625132114,T,IBM,F I,1,302.73
2025-12-16,10:16:48.625132114,T,IBM,F I,11,302.73
2025-12-16,10:16:48.625135006,T,IBM,F I,8,302.73
2025-12-16,10:16:53.734760890,T,IBM,F I,2,302.68
2025-12-16,10:16:54.964532381,T,IBM,F I,12,302.675
2025-12-16,10:16:54.964535370,T,IBM,F I,20,302.65
2025-12-16,10:16:54.964538495,T,IBM,F I,2,302.64
2025-12-16,10:16:54.964538495,T,IBM,F I,26,302.63
2025-12-16,10:16:56.735926605,T,IBM,,40,302.73
2025-12-16,10:16:56.735926605,T,IBM,,40,302.73
2025-12-16,10:16:56.735944413,T,IBM,I,30,302.73
2025-12-16,10:16:56.735947523,T,IBM,I,33,302.73
2025-12-16,10:16:56.735950749,T,IBM,I,1,302.73
2025-12-16,10:16:56.735950749,T,IBM,F,40,302.73
2025-12-16,10:16:56.735965561,T,IBM,I,16,302.73
2025-12-16,10:16:56.736323212,T,IBM,I,32,302.73
2025-12-16,10:16:56.736596957,T,IBM,I,2,302.74
2025-12-16,10:16:56.736816399,T,IBM,,45,302.8
2025-12-16,10:16:56.736816399,T,IBM,I,25,302.8
2025-12-16,10:16:56.737117174,T,IBM,F I,34,302.75
2025-12-16,10:16:56.844692227,T,IBM,F,100,302.75
2025-12-16,10:16:56.844695284,T,IBM,F I,35,302.74
2025-12-16,10:16:56.844716649,T,IBM,F I,5,302.74
2025-12-16,10:16:56.844719621,T,IBM,F,40,302.74
2025-12-16,10:16:56.844722362,T,IBM,F,40,302.74
2025-12-16,10:16:56.844725363,T,IBM,F I,18,302.74
2025-12-16,10:16:56.844725363,T,IBM,F,40,302.74
2025-12-16,10:16:56.844776413,T,IBM,I,12,302.73
2025-12-16,10:16:56.844797482,T,IBM,F,58,302.73
2025-12-16,10:16:56.845206433,T,IBM,I,11,302.76
2025-12-16,10:16:58.188483254,T,IBM,F I,25,302.76
2025-12-16,10:16:58.188678680,T,IBM,F I,25,302.76
2025-12-16,10:17:02.848857745,T,IBM,F I,10,302.68
2025-12-16,10:17:02.848857745,T,IBM,F I,20,302.66
2025-12-16,10:17:02.848863838,T,IBM,F I,30,302.65
2025-12-16,10:17:02.848863838,T,IBM,F,60,302.65
2025-12-16,10:17:02.848866603,T,IBM,F I,36,302.65
2025-12-16,10:17:02.848866603,T,IBM,F,40,302.64
2025-12-16,10:17:02.848869550,T,IBM,F,50,302.62
2025-12-16,10:17:04.448293130,T,IBM,I,4,302.57
2025-12-16,10:17:04.456123899,T,IBM,F I,8,302.48
2025-12-16,10:17:04.456126827,T,IBM,F I,9,302.46
2025-12-16,10:17:04.509666261,T,IBM,I,2,302.46
2025-12-16,10:17:04.509666261,T,IBM,I,6,302.46
2025-12-16,10:17:04.520086013,T,IBM,F I,6,302.43
2025-12-16,10:17:04.522667258,T,IBM,I,20,302.42
2025-12-16,10:17:04.522667258,T,IBM,I,3,302.42
2025-12-16,10:17:04.522669216,T,IBM,I,17,302.42
2025-12-16,10:17:04.522687250,T,IBM,I,1,302.42
2025-12-16,10:17:04.526268829,T,IBM,I,2,302.42
2025-12-16,10:17:04.526271902,T,IBM,I,20,302.42
2025-12-16,10:17:04.526271902,T,IBM,I,18,302.39
2025-12-16,10:17:04.526301907,T,IBM,I,3,302.47
2025-12-16,10:17:04.526323174,T,IBM,I,11,302.47
2025-12-16,10:17:04.534045257,T,IBM,F I,3,302.42
2025-12-16,10:17:04.536526367,T,IBM,F I,15,302.38
2025-12-16,10:17:04.536529544,T,IBM,F I,1,302.38
2025-12-16,10:17:04.536529544,T,IBM,F I,3,302.38
2025-12-16,10:17:04.540330181,T,IBM,,44,302.31
2025-12-16,10:17:04.540330181,T,IBM,I,36,302.31
2025-12-16,10:17:04.543565914,T,IBM,,64,302.31
2025-12-16,10:17:04.543620077,T,IBM,I,16,302.31
2025-12-16,10:17:04.546588159,T,IBM,,80,302.31
2025-12-16,10:17:04.549300561,T,IBM,I,20,302.31
2025-12-16,10:17:04.549303607,T,IBM,I,35,302.3
2025-12-16,10:17:04.549306578,T,IBM,I,3,302.3
2025-12-16,10:17:04.549306578,T,IBM,I,22,302.3
2025-12-16,10:17:04.553092654,T,IBM,I,20,302.31
2025-12-16,10:17:04.553092654,T,IBM,I,20,302.3
2025-12-16,10:17:04.556316341,T,IBM,I,25,302.305
2025-12-16,10:17:04.556316341,T,IBM,I,15,302.3
2025-12-16,10:17:04.888787739,T,IBM,F I,25,302.38
2025-12-16,10:17:04.888832860,T,IBM,F I,15,302.38
2025-12-16,10:17:09.514919579,T,IBM,F I,5,302.43
2025-12-16,10:17:09.515466910,T,IBM,I,9,302.42
2025-12-16,10:17:10.676527838,T,IBM,F I,3,302.33
2025-12-16,10:17:11.551409560,T,IBM,I,24,302.36
2025-12-16,10:17:11.551430626,T,IBM,I,2,302.36
2025-12-16,10:17:11.551929767,T,IBM,,45,302.4
2025-12-16,10:17:11.551935845,T,IBM,,44,302.42
2025-12-16,10:17:11.551939310,T,IBM,I,18,302.42
2025-12-16,10:17:11.551942155,T,IBM,,40,302.45
2025-12-16,10:17:11.551942155,T,IBM,I,31,302.46
2025-12-16,10:17:11.552119235,T,IBM,I,9,302.48
2025-12-16,10:17:11.552119235,T,IBM,I,5,302.48
2025-12-16,10:17:12.639339468,T,IBM,I,10,302.33
2025-12-16,10:17:12.639342539,T,IBM,I,20,302.33
2025-12-16,10:17:12.639390626,T,IBM,I,20,302.33
2025-12-16,10:17:12.639396564,T,IBM,I,20,302.33
2025-12-16,10:17:12.639411663,T,IBM,I,31,302.33
2025-12-16,10:17:12.639414740,T,IBM,I,1,302.33
2025-12-16,10:17:12.639420666,T,IBM,F,48,302.33
2025-12-16,10:17:12.639420666,T,IBM,F I,20,302.33
2025-12-16,10:17:12.918993237,T,IBM,I,20,302.36
2025-12-16,10:17:14.155723309,T,IBM,I,38,302.37
2025-12-16,10:17:19.404382237,T,IBM,F I,10,302.32
2025-12-16,10:17:19.404385379,T,IBM,F I,2,302.32
2025-12-16,10:17:19.404385379,T,IBM,F I,16,302.32
2025-12-16,10:17:19.404388160,T,IBM,F I,7,302.3
2025-12-16,10:17:21.840869284,T,IBM,F I,11,302.31
2025-12-16,10:17:21.840875230,T,IBM,F,42,302.3
2025-12-16,10:17:21.929213537,T,IBM,I,2,302.34
2025-12-16,10:17:22.696616484,T,IBM,I,1,302.34
2025-12-16,10:17:26.590093123,T,IBM,I,20,302.45
2025-12-16,10:17:26.590213385,T,IBM,F I,1,302.5
2025-12-16,10:17:26.591389455,T,IBM,I,20,302.44
2025-12-16,10:17:26.591389455,T,IBM,,80,302.425
2025-12-16,10:17:26.592204919,T,IBM,F,100,302.49
2025-12-16,10:17:26.592208095,T,IBM,F I,1,302.5
2025-12-16,10:17:26.592210517,T,IBM,F,100,302.5
2025-12-16,10:17:26.592210517,T,IBM,F,100,302.5
2025-12-16,10:17:26.592213347,T,IBM,F,61,302.5
2025-12-16,10:17:26.592310249,T,IBM,F I,39,302.5
2025-12-16,10:17:26.592310249,T,IBM,F I,18,302.5
2025-12-16,10:17:26.592312462,T,IBM,F I,3,302.5
2025-12-16,10:17:26.592475701,T,IBM,,44,302.46
2025-12-16,10:17:26.594907666,T,IBM,F I,20,302.45
2025-12-16,10:17:26.879319076,T,IBM,I,2,302.44
2025-12-16,10:17:26.879322320,T,IBM,I,11,302.44
2025-12-16,10:17:26.879324776,T,IBM,,100,302.44
2025-12-16,10:17:26.879327636,T,IBM,,40,302.43
2025-12-16,10:17:26.879327636,T,IBM,,40,302.43
2025-12-16,10:17:26.879342680,T,IBM,F I,20,302.41
2025-12-16,10:17:26.882506388,T,IBM,F I,4,302.44
2025-12-16,10:17:26.882744002,T,IBM,F I,8,302.45
2025-12-16,10:17:26.882744002,T,IBM,F I,4,302.41
2025-12-16,10:17:26.882746850,T,IBM,F I,26,302.41
2025-12-16,10:17:26.882746850,T,IBM,F I,2,302.41
2025-12-16,10:17:28.582371909,T,IBM,F I,25,302.53
2025-12-16,10:17:28.582416973,T,IBM,F I,25,302.53
2025-12-16,10:17:29.982264644,T,IBM,F I,2,302.66
2025-12-16,10:17:29.982267492,T,IBM,F I,16,302.65
2025-12-16,10:17:29.982285628,T,IBM,F I,4,302.65
2025-12-16,10:17:29.982291496,T,IBM,F,120,302.65
2025-12-16,10:17:29.982291496,T,IBM,F I,30,302.65
2025-12-16,10:17:29.982294485,T,IBM,F,40,302.65
2025-12-16,10:17:29.982297497,T,IBM,F,40,302.65
2025-12-16,10:18:00.470935455,T,IBM,F I,10,302.5
2025-12-16,10:18:00.471273118,T,IBM,F,40,302.45
2025-12-16,10:18:00.471275936,T,IBM,F I,2,302.45
2025-12-16,10:18:00.471278297,T,IBM,F I,10,302.45
2025-12-16,10:18:03.889951690,T,IBM,I,10,302.35
2025-12-16,10:18:03.889984711,T,IBM,I,7,302.35
2025-12-16,10:18:07.980836279,T,IBM,,40,302.28
2025-12-16,10:18:08.474819183,T,IBM,I,1,302.23
2025-12-16,10:18:09.553237414,T,IBM,F I,17,302.31
2025-12-16,10:18:09.553243471,T,IBM,I,24,302.31
2025-12-16,10:18:09.553258475,T,IBM,F I,3,302.31
2025-12-16,10:18:09.553261499,T,IBM,F I,17,302.31
2025-12-16,10:18:09.553288584,T,IBM,I,19,302.31
2025-12-16,10:18:09.553327648,T,IBM,,42,302.31
2025-12-16,10:18:09.553360795,T,IBM,I,17,302.31
2025-12-16,10:18:09.553815560,T,IBM,I,16,302.31
2025-12-16,10:18:09.554873367,T,IBM,F I,9,302.24
2025-12-16,10:18:09.554873367,T,IBM,F I,10,302.24
2025-12-16,10:18:09.555111611,T,IBM,,45,302.22
2025-12-16,10:18:09.555113903,T,IBM,,55,302.22
2025-12-16,10:18:11.139122783,T,IBM,F I,2,302.16
2025-12-16,10:18:11.139126113,T,IBM,F I,1,302.15
2025-12-16,10:18:11.139128790,T,IBM,F I,1,302.15
2025-12-16,10:18:11.139131792,T,IBM,F,98,302.15
2025-12-16,10:18:11.139143906,T,IBM,I,1,302.15
2025-12-16,10:18:11.139143906,T,IBM,F I,1,302.15
2025-12-16,10:18:22.208627429,T,IBM,,80,302.04
2025-12-16,10:18:22.208630343,T,IBM,I,12,302.04
2025-12-16,10:18:22.209042300,T,IBM,F I,1,302.0
2025-12-16,10:18:22.209613612,T,IBM,F I,21,301.95
2025-12-16,10:18:22.209616616,T,IBM,F I,1,301.95
2025-12-16,10:18:23.010949366,T,IBM,F,200,301.81
2025-12-16,10:18:23.116425373,T,IBM,I,11,301.77
2025-12-16,10:18:23.116428342,T,IBM,I,1,301.77
2025-12-16,10:18:28.886035573,T,IBM,I,30,301.96
2025-12-16,10:18:28.886038240,T,IBM,,50,301.92
2025-12-16,10:18:30.067376523,T,IBM,I,18,301.99
2025-12-16,10:18:30.730999881,T,IBM,F I,3,302.07
2025-12-16,10:18:30.731005966,T,IBM,F I,3,302.07
2025-12-16,10:18:30.731008323,T,IBM,F I,3,302.07
2025-12-16,10:18:30.731095538,T,IBM,F I,30,302.03
2025-12-16,10:18:31.895277945,T,IBM,I,9,302.08
2025-12-16,10:18:31.953499489,T,IBM,F,40,302.1
2025-12-16,10:18:32.105009184,T,IBM,F I,1,302.13
2025-12-16,10:18:34.707182573,T,IBM,F I,14,302.08
2025-12-16,10:18:34.707184754,T,IBM,F I,4,302.08
2025-12-16,10:18:34.707190768,T,IBM,F I,14,302.08
2025-12-16,10:18:34.707620811,T,IBM,,44,302.12
2025-12-16,10:18:34.707620811,T,IBM,I,14,302.13
2025-12-16,10:18:34.707702051,T,IBM,F I,14,302.18
2025-12-16,10:18:34.707705236,T,IBM,F I,12,302.18
2025-12-16,10:18:34.707789195,T,IBM,F,77,302.18
2025-12-16,10:18:34.707825306,T,IBM,F I,2,302.18
2025-12-16,10:18:34.707915599,T,IBM,F I,32,302.18
2025-12-16,10:18:34.708312426,T,IBM,F I,4,302.18
2025-12-16,10:18:34.708492896,T,IBM,F,100,302.2
2025-12-16,10:18:34.708495884,T,IBM,F I,10,302.19
2025-12-16,10:18:34.708507972,T,IBM,F I,34,302.19
2025-12-16,10:18:34.708511016,T,IBM,F,826,302.18
2025-12-16,10:18:34.708529051,T,IBM,I,10,302.18
2025-12-16,10:18:34.708546999,T,IBM,I,9,302.18
2025-12-16,10:18:34.708550112,T,IBM,I,11,302.18
2025-12-16,10:18:34.708574134,T,IBM,,100,302.19
2025-12-16,10:18:34.709181982,T,IBM,I,18,302.21
2025-12-16,10:18:34.709184565,T,IBM,,41,302.2
2025-12-16,10:18:34.968377546,T,IBM,I,15,302.26
2025-12-16,10:18:34.968417054,T,IBM,,40,302.28
2025-12-16,10:18:34.968912848,T,IBM,F I,4,302.29
2025-12-16,10:18:34.969087274,T,IBM,F I,2,302.32
2025-12-16,10:18:36.584117948,T,IBM,F I,1,302.55
2025-12-16,10:18:36.590718698,T,IBM,I,2,302.53
2025-12-16,10:18:43.041768959,T,IBM,F I,20,302.37
2025-12-16,10:18:43.041772558,T,IBM,F,54,302.36
2025-12-16,10:18:43.041774761,T,IBM,F,40,302.36
2025-12-16,10:18:43.041777827,T,IBM,F,50,302.36
2025-12-16,10:18:43.041789798,T,IBM,F I,20,302.36
2025-12-16,10:18:43.055322100,T,IBM,I,2,302.4
2025-12-16,10:18:50.693207634,T,IBM,F I,1,302.38
2025-12-16,10:18:50.693252830,T,IBM,F I,1,302.38
2025-12-16,10:18:50.693258727,T,IBM,F,399,302.38
2025-12-16,10:18:50.693258727,T,IBM,F I,2,302.38
2025-12-16,10:18:50.693306766,T,IBM,F I,20,302.38
2025-12-16,10:18:50.693309854,T,IBM,F I,27,302.38
2025-12-16,10:19:00.343781396,T,IBM,F I,2,302.42
2025-12-16,10:19:00.343802392,T,IBM,F,80,302.44
2025-12-16,10:19:09.896538296,T,IBM,F I,8,302.56
2025-12-16,10:19:09.896721661,T,IBM,I,32,302.56
2025-12-16,10:19:17.924488391,T,IBM,I,8,302.54
2025-12-16,10:19:27.018951192,T,IBM,F I,3,302.37
2025-12-16,10:19:27.018975470,T,IBM,F I,20,302.37
2025-12-16,10:19:27.018979267,T,IBM,F I,10,302.37
2025-12-16,10:19:27.018979267,T,IBM,F I,20,302.36
2025-12-16,10:19:27.018990351,T,IBM,F I,10,302.35
2025-12-16,10:19:27.018999566,T,IBM,F I,30,302.34
