DATE,TIME_M,EX,SYM_ROOT,TR_SCOND,SIZE,PRICE
2025-10-16,9:30:01.148455909,T,IBM,F,100,281.13
2025-10-16,9:30:01.148455909,T,IBM,F I,1,281.0
2025-10-16,9:30:01.148455909,T,IBM,F I,55,281.0
2025-10-16,9:30:01.148460466,T,IBM,F I,82,281.0
2025-10-16,9:30:01.148460466,T,IBM,I,13,281.0
2025-10-16,9:30:01.148460466,T,IBM,I,5,281.0
2025-10-16,9:30:01.149383627,T,IBM,Q,100,281.13
2025-10-16,9:30:02.792468318,T,IBM,F I,2,280.95
2025-10-16,9:30:04.051027614,T,IBM,F I,10,280.85
2025-10-16,9:30:04.052131161,T,IBM,F I,12,280.73
2025-10-16,9:30:04.052134117,T,IBM,F I,44,280.73
2025-10-16,9:30:05.063387554,T,IBM,I,1,280.91
2025-10-16,9:30:09.164385577,T,IBM,F I,63,280.74
2025-10-16,9:30:09.270770267,T,IBM,F I,37,280.74
2025-10-16,9:30:09.270770267,T,IBM,F I,26,280.73
2025-10-16,9:30:09.270791544,T,IBM,I,1,280.73
2025-10-16,9:30:09.341131335,T,IBM,F I,29,280.73
2025-10-16,9:30:09.341134396,T,IBM,F I,7,280.73
2025-10-16,9:30:22.578843816,T,IBM,F I,1,281.17
2025-10-16,9:30:26.144317900,T,IBM,F I,25,281.06
2025-10-16,9:30:28.648331163,T,IBM,I,1,281.01
2025-10-16,9:30:31.574453265,T,IBM,I,2,280.96
2025-10-16,9:30:32.201265560,T,IBM,I,2,280.94
2025-10-16,9:30:32.321043594,T,IBM,I,2,280.94
2025-10-16,9:30:35.246416891,T,IBM,I,1,280.94
2025-10-16,9:30:35.246425908,T,IBM,I,1,280.94
2025-10-16,9:30:35.529670182,T,IBM,I,1,280.94
2025-10-16,9:30:36.793558090,T,IBM,I,1,280.94
2025-10-16,9:30:38.049434835,T,IBM,I,1,280.94
2025-10-16,9:30:38.049446890,T,IBM,I,1,280.94
2025-10-16,9:30:38.359578179,T,IBM,I,1,280.94
2025-10-16,9:30:38.472045971,T,IBM,I,1,280.94
2025-10-16,9:30:39.551441646,T,IBM,I,1,280.94
2025-10-16,9:30:39.759329464,T,IBM,I,1,280.94
2025-10-16,9:30:39.885025745,T,IBM,I,1,280.94
2025-10-16,9:30:40.789224489,T,IBM,I,1,280.94
2025-10-16,9:30:42.597723779,T,IBM,I,1,280.94
2025-10-16,9:30:43.688285078,T,IBM,I,1,280.94
2025-10-16,9:30:46.947516230,T,IBM,I,1,280.99
2025-10-16,9:30:47.648933093,T,IBM,I,1,280.94
2025-10-16,9:30:49.563080009,T,IBM,I,1,280.94
2025-10-16,9:30:49.613531064,T,IBM,I,1,280.94
2025-10-16,9:30:49.981081112,T,IBM,I,1,280.94
2025-10-16,9:30:49.998059548,T,IBM,I,1,280.94
2025-10-16,9:30:50.117395594,T,IBM,I,1,280.94
2025-10-16,9:30:50.382335407,T,IBM,I,1,280.94
2025-10-16,9:30:50.444069341,T,IBM,I,1,280.94
2025-10-16,9:30:50.651160316,T,IBM,I,1,280.94
2025-10-16,9:30:50.651220844,T,IBM,I,10,280.94
2025-10-16,9:30:50.657268005,T,IBM,I,63,280.94
2025-10-16,9:30:50.657268005,T,IBM,I,1,280.93
2025-10-16,9:30:50.657270907,T,IBM,I,36,280.84
2025-10-16,9:30:50.657303991,T,IBM,I,3,280.87
2025-10-16,9:30:50.658320386,T,IBM,I,37,280.93
2025-10-16,9:30:50.664027961,T,IBM,I,37,280.73
2025-10-16,9:30:50.666791495,T,IBM,I,37,280.71
2025-10-16,9:30:50.667982334,T,IBM,I,10,280.71
2025-10-16,9:30:50.669606246,T,IBM,I,16,280.71
2025-10-16,9:30:50.669609221,T,IBM,I,21,280.7
2025-10-16,9:30:51.900788327,T,IBM,F,100,280.915
2025-10-16,9:30:53.577697408,T,IBM,I,5,280.79
2025-10-16,9:30:53.577697408,T,IBM,I,95,280.71
2025-10-16,9:30:53.577733536,T,IBM,I,5,280.71
2025-10-16,9:30:53.577736493,T,IBM,I,11,280.7
2025-10-16,9:30:53.577760543,T,IBM,F I,1,280.7
2025-10-16,9:30:53.577788012,T,IBM,F I,3,280.7
2025-10-16,9:30:53.577790672,T,IBM,F I,1,280.7
2025-10-16,9:31:13.395663171,T,IBM,F,100,280.81
2025-10-16,9:32:46.746581387,T,IBM,F,100,280.925
2025-10-16,9:32:46.746617551,T,IBM,F I,15,280.99
2025-10-16,9:32:46.746662639,T,IBM,F I,17,281.0
2025-10-16,9:32:46.746662639,T,IBM,F I,3,281.0
2025-10-16,9:32:47.362685211,T,IBM,F I,13,280.84
2025-10-16,9:32:47.362709230,T,IBM,,100,280.84
2025-10-16,9:32:47.362751303,T,IBM,F I,66,280.84
2025-10-16,9:32:47.362823524,T,IBM,F,130,280.84
2025-10-16,9:32:47.363458037,T,IBM,F I,13,280.84
2025-10-16,9:32:47.363518109,T,IBM,F I,50,280.84
2025-10-16,9:32:47.363830864,T,IBM,F I,13,280.84
2025-10-16,9:32:54.731289540,T,IBM,I,1,281.04
2025-10-16,9:32:54.731289540,T,IBM,I,5,281.04
2025-10-16,9:32:54.731292303,T,IBM,I,3,281.04
2025-10-16,9:32:54.731319637,T,IBM,F I,3,281.04
2025-10-16,9:32:54.731319637,T,IBM,F I,33,281.04
2025-10-16,9:32:59.722490631,T,IBM,F I,14,281.25
2025-10-16,9:33:24.890751559,T,IBM,I,1,280.99
2025-10-16,9:33:43.837332766,T,IBM,I,1,280.99
2025-10-16,9:33:43.837398882,T,IBM,F I,98,280.99
2025-10-16,9:33:43.880226855,T,IBM,F I,1,280.92
2025-10-16,9:33:43.880479526,T,IBM,F,100,280.92
2025-10-16,9:33:43.931059947,T,IBM,F I,2,280.935
2025-10-16,9:34:07.547666053,T,IBM,F I,1,280.97
2025-10-16,9:34:08.631843142,T,IBM,I,8,281.07
2025-10-16,9:34:08.632180071,T,IBM,F,100,281.16
2025-10-16,9:34:08.632231419,T,IBM,,100,281.16
2025-10-16,9:34:08.632667147,T,IBM,F I,2,281.2
2025-10-16,9:34:08.632667147,T,IBM,F,198,281.2
2025-10-16,9:34:08.632673105,T,IBM,F,100,281.2
2025-10-16,9:34:09.045153229,T,IBM,F I,1,281.42
2025-10-16,9:34:09.046088283,T,IBM,F I,20,281.51
2025-10-16,9:34:09.046091423,T,IBM,F I,69,281.52
2025-10-16,9:34:09.046091423,T,IBM,F I,25,281.52
2025-10-16,9:34:09.046094323,T,IBM,F I,68,281.52
2025-10-16,9:34:09.046160475,T,IBM,I,1,281.52
2025-10-16,9:34:09.046163553,T,IBM,F I,19,281.52
2025-10-16,9:34:09.659305175,T,IBM,F,100,281.47
2025-10-16,9:34:09.928764608,T,IBM,F I,9,281.42
2025-10-16,9:34:34.068541132,T,IBM,I,6,281.54
2025-10-16,9:34:34.068562173,T,IBM,F I,14,281.54
2025-10-16,9:34:34.069076593,T,IBM,F I,4,281.65
2025-10-16,9:34:34.069076593,T,IBM,F I,36,281.65
2025-10-16,9:34:34.069164167,T,IBM,F I,4,281.66
2025-10-16,9:34:34.069199653,T,IBM,F I,4,281.67
2025-10-16,9:34:44.639423790,T,IBM,F I,36,281.86
2025-10-16,9:34:44.639423790,T,IBM,F I,1,281.86
2025-10-16,9:34:44.639468916,T,IBM,F I,4,281.92
2025-10-16,9:34:45.055758880,T,IBM,F I,3,282.0
2025-10-16,9:35:03.864392839,T,IBM,F,100,281.86
2025-10-16,9:35:17.432832594,T,IBM,F I,1,281.85
2025-10-16,9:35:17.432916880,T,IBM,I,2,281.74
2025-10-16,9:35:17.432944705,T,IBM,F I,98,281.74
2025-10-16,9:35:17.432947702,T,IBM,F I,1,281.73
2025-10-16,9:35:17.432950502,T,IBM,F I,9,281.73
2025-10-16,9:35:17.432955945,T,IBM,F I,10,281.73
2025-10-16,9:35:17.432958980,T,IBM,F I,2,281.73
2025-10-16,9:35:17.432985972,T,IBM,F I,74,281.73
2025-10-16,9:35:17.433007175,T,IBM,I,1,281.73
2025-10-16,9:35:17.433007175,T,IBM,I,1,281.73
2025-10-16,9:35:17.433031797,T,IBM,F I,22,281.73
2025-10-16,9:35:17.433031797,T,IBM,F I,2,281.73
2025-10-16,9:35:17.433034152,T,IBM,F I,23,281.73
2025-10-16,9:35:17.433046106,T,IBM,I,22,281.73
2025-10-16,9:35:17.433112368,T,IBM,I,45,281.84
2025-10-16,9:35:17.433169462,T,IBM,I,45,281.85
2025-10-16,9:35:17.433413067,T,IBM,F I,10,281.85
2025-10-16,9:35:17.433416024,T,IBM,F I,13,281.73
2025-10-16,9:35:17.434300111,T,IBM,F,100,281.73
2025-10-16,9:35:17.435427862,T,IBM,,100,281.74
2025-10-16,9:35:20.551100286,T,IBM,F I,34,281.82
2025-10-16,9:36:04.892192145,T,IBM,F I,30,281.86
2025-10-16,9:36:04.892228155,T,IBM,F I,6,281.87
2025-10-16,9:36:04.892228155,T,IBM,F I,33,281.87
2025-10-16,9:36:05.399325405,T,IBM,F I,1,281.86
2025-10-16,9:36:05.399385590,T,IBM,F I,1,281.86
2025-10-16,9:36:11.303503257,T,IBM,I,5,281.95
2025-10-16,9:36:11.731406893,T,IBM,F,100,281.92
2025-10-16,9:36:32.744336599,T,IBM,F I,1,281.79
2025-10-16,9:36:32.744700405,T,IBM,F I,7,281.84
2025-10-16,9:36:44.623077641,T,IBM,F,100,281.66
2025-10-16,9:36:44.624674831,T,IBM,F I,6,281.47
2025-10-16,9:36:44.624996249,T,IBM,I,45,281.445
2025-10-16,9:36:44.625068374,T,IBM,I,45,281.445
2025-10-16,9:37:16.120238679,T,IBM,F,100,281.52
2025-10-16,9:37:28.396797067,T,IBM,F I,11,281.57
2025-10-16,9:38:03.155453633,T,IBM,F,100,281.53
2025-10-16,9:38:05.048626128,T,IBM,F I,29,281.63
2025-10-16,9:38:05.048649720,T,IBM,F I,71,281.63
2025-10-16,9:38:05.048649720,T,IBM,F I,22,281.64
2025-10-16,9:38:05.048652671,T,IBM,F I,7,281.64
2025-10-16,9:38:05.048890235,T,IBM,F I,23,281.67
2025-10-16,9:38:05.048899453,T,IBM,F I,11,281.67
2025-10-16,9:38:05.048902394,T,IBM,F I,34,281.64
2025-10-16,9:38:05.048905274,T,IBM,F,100,281.64
2025-10-16,9:38:05.048908342,T,IBM,F I,5,281.63
2025-10-16,9:38:05.048908342,T,IBM,F I,32,281.58
2025-10-16,9:38:05.048911266,T,IBM,F I,91,281.58
2025-10-16,9:38:05.048918242,T,IBM,F I,9,281.58
2025-10-16,9:38:05.048918242,T,IBM,F I,23,281.57
2025-10-16,9:38:05.048923324,T,IBM,F I,68,281.57
2025-10-16,9:38:05.048923324,T,IBM,F I,30,281.57
2025-10-16,9:38:05.048938386,T,IBM,I,1,281.57
2025-10-16,9:38:05.048941390,T,IBM,I,1,281.57
2025-10-16,9:38:05.049377460,T,IBM,F I,33,281.58
2025-10-16,9:38:05.049453418,T,IBM,F I,1,281.58
2025-10-16,9:38:05.049522098,T,IBM,F I,1,281.58
2025-10-16,9:38:05.049699157,T,IBM,F I,17,281.57
2025-10-16,9:38:13.697434498,T,IBM,F I,6,281.57
2025-10-16,9:38:13.697455481,T,IBM,F,100,281.58
2025-10-16,9:38:13.697458535,T,IBM,F I,22,281.58
2025-10-16,9:38:13.697479563,T,IBM,F I,23,281.58
2025-10-16,9:38:13.697485592,T,IBM,F I,13,281.58
2025-10-16,9:38:13.697503749,T,IBM,F I,42,281.58
2025-10-16,9:38:13.707574632,T,IBM,I,2,281.63
2025-10-16,9:38:14.277298933,T,IBM,,100,281.66
2025-10-16,9:38:30.786048608,T,IBM,F,100,281.67
2025-10-16,9:39:04.785165978,T,IBM,F I,27,281.58
2025-10-16,9:39:04.785169039,T,IBM,F I,73,281.58
2025-10-16,9:39:04.785172032,T,IBM,F I,7,281.56
2025-10-16,9:39:04.785181209,T,IBM,F I,4,281.56
2025-10-16,9:39:04.785184017,T,IBM,F I,1,281.56
2025-10-16,9:39:04.785187102,T,IBM,F I,5,281.56
2025-10-16,9:39:04.785190656,T,IBM,F I,2,281.56
2025-10-16,9:39:04.785194105,T,IBM,F I,27,281.56
2025-10-16,9:39:04.785194105,T,IBM,F I,73,281.56
2025-10-16,9:39:04.785196223,T,IBM,F I,46,281.56
2025-10-16,9:39:04.785196223,T,IBM,F I,54,281.56
2025-10-16,9:39:04.785575746,T,IBM,F,100,281.57
2025-10-16,9:39:04.958471612,T,IBM,F,100,281.62
2025-10-16,9:39:12.440463651,T,IBM,F I,8,281.88
2025-10-16,9:39:12.440466872,T,IBM,F I,40,281.88
2025-10-16,9:39:12.440466872,T,IBM,F I,17,281.88
2025-10-16,9:39:12.440472736,T,IBM,F,100,281.88
2025-10-16,9:39:34.960527362,T,IBM,F,100,281.71
2025-10-16,9:39:49.427701921,T,IBM,F I,6,281.63
2025-10-16,9:39:49.427701921,T,IBM,F I,24,281.63
2025-10-16,9:39:49.427704713,T,IBM,F,100,281.63
2025-10-16,9:39:49.427722838,T,IBM,F,100,281.63
2025-10-16,9:40:01.079784444,T,IBM,,100,281.69
2025-10-16,9:40:17.328712624,T,IBM,F,100,281.54
2025-10-16,9:40:17.329696947,T,IBM,F I,1,281.49
2025-10-16,9:40:21.402002631,T,IBM,F I,25,281.5
2025-10-16,9:40:21.402062865,T,IBM,F,100,281.53
2025-10-16,9:40:22.222340890,T,IBM,F I,56,281.57
2025-10-16,9:40:22.222364639,T,IBM,I,1,281.57
2025-10-16,9:40:54.021194735,T,IBM,F,100,281.62
2025-10-16,9:40:54.021197727,T,IBM,F I,50,281.63
2025-10-16,9:40:54.021212761,T,IBM,F I,1,281.63
2025-10-16,9:40:54.021230845,T,IBM,F I,1,281.71
2025-10-16,9:40:54.021245792,T,IBM,F I,1,281.71
2025-10-16,9:40:54.021270137,T,IBM,F I,30,281.71
2025-10-16,9:40:54.021270137,T,IBM,F I,1,281.72
2025-10-16,9:40:54.021272866,T,IBM,F,100,281.72
2025-10-16,9:40:54.021357089,T,IBM,I,43,281.68
2025-10-16,9:40:57.586145652,T,IBM,F I,1,281.83
2025-10-16,9:40:57.586166628,T,IBM,F,100,281.83
2025-10-16,9:41:08.033169396,T,IBM,F I,4,281.92
2025-10-16,9:41:08.043499076,T,IBM,F I,12,282.0
2025-10-16,9:41:08.044001239,T,IBM,F I,1,282.1
2025-10-16,9:41:08.044124500,T,IBM,I,20,282.01
2025-10-16,9:41:08.044271814,T,IBM,I,4,282.0
2025-10-16,9:41:08.562074558,T,IBM,F,100,282.15
2025-10-16,9:41:08.562477613,T,IBM,F I,5,282.17
2025-10-16,9:41:08.562480594,T,IBM,F I,33,282.18
2025-10-16,9:41:08.568888817,T,IBM,,100,282.13
2025-10-16,9:41:11.875873587,T,IBM,I,45,282.12
2025-10-16,9:41:17.076977733,T,IBM,F,100,282.11
2025-10-16,9:41:17.076977733,T,IBM,F,100,282.115
2025-10-16,9:41:17.076980777,T,IBM,F I,34,282.12
2025-10-16,9:41:17.076980777,T,IBM,F I,66,282.13
2025-10-16,9:41:17.165875333,T,IBM,,100,282.115
2025-10-16,9:41:17.501778051,T,IBM,I,2,282.01
2025-10-16,9:41:17.501802092,T,IBM,I,1,282.01
2025-10-16,9:41:17.501811045,T,IBM,I,4,282.01
2025-10-16,9:41:32.680746975,T,IBM,F,100,282.06
2025-10-16,9:42:04.428164252,T,IBM,F I,1,282.19
2025-10-16,9:42:04.428164252,T,IBM,F I,8,282.19
2025-10-16,9:42:04.428169586,T,IBM,F I,5,282.19
2025-10-16,9:42:04.428647738,T,IBM,F,100,282.22
2025-10-16,9:42:04.428741261,T,IBM,,100,282.22
2025-10-16,9:42:04.428741261,T,IBM,,100,282.22
2025-10-16,9:42:04.429402522,T,IBM,F I,5,282.21
2025-10-16,9:42:04.429405522,T,IBM,F I,5,282.21
2025-10-16,9:42:04.429748372,T,IBM,F I,5,282.21
2025-10-16,9:42:04.439780299,T,IBM,F I,5,282.28
2025-10-16,9:42:04.439780299,T,IBM,F I,5,282.3
2025-10-16,9:42:04.439783252,T,IBM,F I,12,282.3
2025-10-16,9:42:04.439873482,T,IBM,F I,39,282.3
2025-10-16,9:42:04.439873482,T,IBM,F I,68,282.3
2025-10-16,9:42:04.439891456,T,IBM,I,1,282.3
2025-10-16,9:42:04.440318695,T,IBM,F I,34,282.31
2025-10-16,9:42:04.441265827,T,IBM,I,9,282.25
2025-10-16,9:42:20.033397320,T,IBM,F I,11,282.32
2025-10-16,9:42:39.518238939,T,IBM,I,18,282.44
2025-10-16,9:42:39.518530649,T,IBM,I,11,282.41
2025-10-16,9:42:39.518590862,T,IBM,I,11,282.4
2025-10-16,9:42:40.282036262,T,IBM,F I,25,282.36
2025-10-16,9:42:45.476220905,T,IBM,F I,13,282.33
2025-10-16,9:42:45.476251669,T,IBM,F,100,282.33
2025-10-16,9:42:45.476251669,T,IBM,F I,5,282.28
2025-10-16,9:42:47.926917129,T,IBM,F I,32,282.23
2025-10-16,9:42:47.997287736,T,IBM,F,200,282.17
2025-10-16,9:42:57.838462305,T,IBM,F,100,282.24
2025-10-16,9:43:04.290108246,T,IBM,F I,6,282.2
2025-10-16,9:44:23.932904430,T,IBM,I,4,282.14
2025-10-16,9:44:47.841313109,T,IBM,F I,5,282.25
2025-10-16,9:44:59.810118686,T,IBM,F I,10,282.34
2025-10-16,9:44:59.810139752,T,IBM,F I,41,282.34
2025-10-16,9:44:59.810290190,T,IBM,F I,5,282.36
2025-10-16,9:44:59.840427921,T,IBM,I,13,282.37
2025-10-16,9:45:06.653946577,T,IBM,F,150,282.44
2025-10-16,9:45:08.322583037,T,IBM,F I,7,282.53
2025-10-16,9:45:08.323142280,T,IBM,F I,1,282.59
2025-10-16,9:45:11.902163783,T,IBM,F I,4,282.61
2025-10-16,9:45:11.902380306,T,IBM,F I,10,282.61
2025-10-16,9:45:11.902407331,T,IBM,I,17,282.61
2025-10-16,9:45:11.902578754,T,IBM,I,18,282.55
2025-10-16,9:45:12.716481358,T,IBM,F,100,282.27
2025-10-16,9:45:12.717013622,T,IBM,I,3,282.21
2025-10-16,9:45:12.798330295,T,IBM,F,100,282.27
2025-10-16,9:45:26.053908257,T,IBM,I,12,282.28
2025-10-16,9:45:26.054001469,T,IBM,F,100,282.22
2025-10-16,9:45:26.054001469,T,IBM,F,100,282.21
2025-10-16,9:45:26.054169806,T,IBM,F I,1,282.21
2025-10-16,9:45:26.054181839,T,IBM,I,48,282.23
2025-10-16,9:45:26.054211961,T,IBM,F,100,282.2
2025-10-16,9:45:26.054380345,T,IBM,,100,282.2
2025-10-16,9:45:26.054657028,T,IBM,F,100,282.18
2025-10-16,9:45:26.054659987,T,IBM,F I,12,282.18
2025-10-16,9:45:43.038116794,T,IBM,I,1,282.38
2025-10-16,9:45:43.038158928,T,IBM,F I,99,282.39
2025-10-16,9:45:45.843765962,T,IBM,I,26,282.39
2025-10-16,9:45:45.843805057,T,IBM,I,34,282.39
2025-10-16,9:45:45.843823142,T,IBM,I,1,282.39
2025-10-16,9:45:45.843829094,T,IBM,F I,65,282.39
2025-10-16,9:45:45.843829094,T,IBM,F I,1,282.39
2025-10-16,9:45:45.843835096,T,IBM,F I,80,282.39
2025-10-16,9:45:45.843841136,T,IBM,F I,7,282.39
2025-10-16,9:45:45.857202043,T,IBM,I,21,282.39
2025-10-16,9:45:45.867663885,T,IBM,I,4,282.39
2025-10-16,9:45:45.868145001,T,IBM,F I,1,282.36
2025-10-16,9:45:46.296842578,T,IBM,F I,27,282.39
2025-10-16,9:45:46.296887734,T,IBM,F I,32,282.39
2025-10-16,9:46:03.281757588,T,IBM,F I,1,282.36
2025-10-16,9:46:03.315438552,T,IBM,F I,2,282.33
2025-10-16,9:46:03.315438552,T,IBM,F I,1,282.33
2025-10-16,9:46:09.070301169,T,IBM,F I,1,282.25
2025-10-16,9:46:09.070788296,T,IBM,F I,10,282.2
2025-10-16,9:46:09.070794457,T,IBM,F I,6,282.19
2025-10-16,9:46:09.070794457,T,IBM,F I,4,282.19
2025-10-16,9:46:27.534864957,T,IBM,F I,77,282.06
2025-10-16,9:46:27.534877058,T,IBM,F I,23,282.06
2025-10-16,9:46:27.534879960,T,IBM,F I,54,282.05
2025-10-16,9:46:27.535502447,T,IBM,I,13,282.02
2025-10-16,9:46:27.535818218,T,IBM,F I,70,282.0
2025-10-16,9:46:40.081580784,T,IBM,F,100,281.6
2025-10-16,9:47:12.556933746,T,IBM,F I,2,281.25
2025-10-16,9:47:12.556936800,T,IBM,F I,2,281.25
2025-10-16,9:47:12.557036018,T,IBM,F I,2,281.23
2025-10-16,9:47:13.581680606,T,IBM,F I,2,281.07
2025-10-16,9:47:13.581683301,T,IBM,F I,2,281.07
2025-10-16,9:47:13.581713434,T,IBM,F I,2,281.07
2025-10-16,9:47:13.581812670,T,IBM,F I,2,281.07
2025-10-16,9:47:13.582017114,T,IBM,F I,2,281.07
2025-10-16,9:47:13.582110363,T,IBM,F I,2,281.07
2025-10-16,9:47:15.741136279,T,IBM,F I,18,281.12
2025-10-16,9:47:15.741139278,T,IBM,F I,28,281.12
2025-10-16,9:47:16.013846448,T,IBM,I,23,281.12
2025-10-16,9:47:16.013849559,T,IBM,I,22,281.12
2025-10-16,9:47:16.013849559,T,IBM,F I,9,281.12
2025-10-16,9:47:30.363375676,T,IBM,I,2,281.02
2025-10-16,9:47:30.363377737,T,IBM,I,1,281.02
2025-10-16,9:47:30.381405594,T,IBM,I,11,280.95
2025-10-16,9:47:30.383029437,T,IBM,F I,5,280.9
2025-10-16,9:47:31.679418754,T,IBM,F,150,280.75
2025-10-16,9:47:31.679914880,T,IBM,F I,1,280.71
2025-10-16,9:47:31.685977287,T,IBM,F I,3,280.6
2025-10-16,9:47:31.686317127,T,IBM,F I,7,280.6
2025-10-16,9:47:31.686344258,T,IBM,F I,5,280.64
2025-10-16,9:47:31.925488563,T,IBM,F I,32,280.86
2025-10-16,9:47:33.905513233,T,IBM,F I,24,280.93
2025-10-16,9:47:33.905516433,T,IBM,F I,15,280.93
2025-10-16,9:47:33.905519335,T,IBM,F I,30,280.93
2025-10-16,9:47:38.831790382,T,IBM,I,5,280.85
2025-10-16,9:47:38.831790382,T,IBM,I,1,280.82
2025-10-16,9:47:38.831793020,T,IBM,I,23,280.82
2025-10-16,9:47:38.831811025,T,IBM,I,1,280.82
2025-10-16,9:47:38.832415455,T,IBM,F I,1,280.77
2025-10-16,9:47:43.838084226,T,IBM,I,28,280.62
2025-10-16,9:47:47.191679964,T,IBM,F I,1,280.68
2025-10-16,9:47:47.914667149,T,IBM,F I,1,280.56
2025-10-16,9:47:47.915073138,T,IBM,F I,40,280.55
2025-10-16,9:47:47.915094169,T,IBM,I,25,280.55
2025-10-16,9:47:47.915094169,T,IBM,I,1,280.55
2025-10-16,9:47:47.915097182,T,IBM,F I,34,280.55
2025-10-16,9:47:47.915097182,T,IBM,F I,1,280.55
2025-10-16,9:47:50.891039418,T,IBM,I,5,280.33
2025-10-16,9:47:50.891041807,T,IBM,I,10,280.33
2025-10-16,9:47:50.891041807,T,IBM,I,74,280.32
2025-10-16,9:47:50.891053831,T,IBM,I,15,280.32
2025-10-16,9:47:50.891056917,T,IBM,I,20,280.32
2025-10-16,9:47:50.891056917,T,IBM,I,54,280.32
2025-10-16,9:47:50.891062877,T,IBM,I,1,280.32
2025-10-16,9:47:50.891084136,T,IBM,F I,45,280.32
2025-10-16,9:47:50.891084136,T,IBM,F I,50,280.31
2025-10-16,9:47:50.891087123,T,IBM,F I,5,280.31
2025-10-16,9:47:50.891120058,T,IBM,I,75,280.31
2025-10-16,9:47:50.891703989,T,IBM,F I,20,280.29
2025-10-16,9:47:50.891706609,T,IBM,F I,73,280.28
2025-10-16,9:47:50.891709442,T,IBM,I,27,280.28
2025-10-16,9:47:59.001653401,T,IBM,F I,37,280.13
2025-10-16,9:47:59.001674580,T,IBM,I,1,280.13
2025-10-16,9:47:59.001728549,T,IBM,F I,10,280.13
2025-10-16,9:47:59.001731552,T,IBM,F I,27,280.12
2025-10-16,9:47:59.001752576,T,IBM,I,1,280.12
2025-10-16,9:47:59.001785706,T,IBM,F I,9,280.12
2025-10-16,9:47:59.001824801,T,IBM,F I,1,280.11
2025-10-16,9:47:59.002552560,T,IBM,,1000,280.0
2025-10-16,9:47:59.005054517,T,IBM,F I,74,280.0
2025-10-16,9:47:59.005123682,T,IBM,I,21,280.0
2025-10-16,9:47:59.005129699,T,IBM,F I,79,280.0
2025-10-16,9:47:59.706735995,T,IBM,,100,280.04
2025-10-16,9:48:01.027248588,T,IBM,F,100,280.04
2025-10-16,9:48:05.050932621,T,IBM,F I,34,279.87
2025-10-16,9:48:05.065685763,T,IBM,F I,5,279.9
2025-10-16,9:48:05.078330887,T,IBM,F I,1,279.88
2025-10-16,9:48:05.078971312,T,IBM,F I,34,279.86
2025-10-16,9:48:05.744115865,T,IBM,F,100,279.9
2025-10-16,9:48:09.622430899,T,IBM,F I,2,279.78
2025-10-16,9:48:09.622433795,T,IBM,F I,98,279.77
2025-10-16,9:48:09.677615144,T,IBM,I,2,279.77
2025-10-16,9:48:09.677900761,T,IBM,I,2,279.76
2025-10-16,9:48:09.677973150,T,IBM,F I,19,279.75
2025-10-16,9:48:13.748472651,T,IBM,F I,30,280.0
2025-10-16,9:48:13.748475961,T,IBM,F I,5,280.0
2025-10-16,9:48:13.748478458,T,IBM,F I,16,280.01
2025-10-16,9:48:13.748767181,T,IBM,F I,4,280.06
2025-10-16,9:48:13.749311453,T,IBM,F I,43,280.12
2025-10-16,9:48:13.749768491,T,IBM,F I,6,280.17
2025-10-16,9:48:13.749771774,T,IBM,F I,3,280.18
2025-10-16,9:48:13.749774639,T,IBM,F I,6,280.18
2025-10-16,9:48:13.749777488,T,IBM,F I,15,280.19
2025-10-16,9:48:13.749810646,T,IBM,F I,1,280.2
2025-10-16,9:48:13.749903876,T,IBM,I,15,280.1
2025-10-16,9:48:13.749921900,T,IBM,I,15,280.1
2025-10-16,9:48:13.749981992,T,IBM,I,16,280.09
2025-10-16,9:48:14.398124023,T,IBM,F I,32,280.21
2025-10-16,9:48:14.398130081,T,IBM,F,100,280.21
2025-10-16,9:48:14.398130081,T,IBM,F I,51,280.22
2025-10-16,9:48:14.398130081,T,IBM,F I,1,280.22
2025-10-16,9:48:14.398133191,T,IBM,F I,68,280.22
2025-10-16,9:48:14.398145016,T,IBM,F,132,280.22
2025-10-16,9:48:14.398214453,T,IBM,,100,280.22
2025-10-16,9:48:14.398686363,T,IBM,F I,1,280.25
2025-10-16,9:48:14.398710452,T,IBM,F I,1,280.27
2025-10-16,9:48:14.398716413,T,IBM,F I,1,280.27
2025-10-16,9:48:14.400343642,T,IBM,,100,280.26
2025-10-16,9:48:14.400343642,T,IBM,I,10,280.27
2025-10-16,9:48:14.400346369,T,IBM,I,90,280.27
2025-10-16,9:48:18.534498283,T,IBM,F,240,280.27
2025-10-16,9:48:18.534501269,T,IBM,F I,5,280.27
2025-10-16,9:48:18.534874242,T,IBM,F I,10,280.28
2025-10-16,9:48:28.839238424,T,IBM,F,100,280.175
2025-10-16,9:48:55.024147588,T,IBM,F I,5,280.27
2025-10-16,9:48:55.024153630,T,IBM,F I,95,280.27
2025-10-16,9:48:55.024165614,T,IBM,F I,5,280.29
2025-10-16,9:48:58.994069718,T,IBM,F I,5,280.38
2025-10-16,9:48:58.994072625,T,IBM,F I,31,280.38
2025-10-16,9:48:58.994097547,T,IBM,F I,31,280.38
2025-10-16,9:48:58.994099841,T,IBM,F I,31,280.38
2025-10-16,9:48:58.994102861,T,IBM,F I,7,280.38
2025-10-16,9:48:58.994102861,T,IBM,F I,5,280.39
2025-10-16,9:48:58.994105609,T,IBM,F I,19,280.39
2025-10-16,9:48:58.994108617,T,IBM,I,7,280.39
2025-10-16,9:48:58.994117620,T,IBM,F I,1,280.41
2025-10-16,9:49:06.055793390,T,IBM,F I,7,280.46
2025-10-16,9:49:06.055796046,T,IBM,F I,5,280.46
2025-10-16,9:49:06.055799090,T,IBM,F I,4,280.46
2025-10-16,9:49:06.056012644,T,IBM,F I,33,280.51
2025-10-16,9:49:06.059564034,T,IBM,F I,7,280.62
2025-10-16,9:49:06.059600830,T,IBM,F I,14,280.63
2025-10-16,9:49:06.059603172,T,IBM,F I,7,280.63
2025-10-16,9:49:06.059606994,T,IBM,F I,5,280.65
2025-10-16,9:49:06.059606994,T,IBM,F I,4,280.65
2025-10-16,9:49:06.060258691,T,IBM,I,32,280.63
2025-10-16,9:49:06.073093546,T,IBM,I,2,280.55
2025-10-16,9:49:06.073096337,T,IBM,I,12,280.54
2025-10-16,9:49:06.073099694,T,IBM,I,25,280.51
2025-10-16,9:49:06.073099694,T,IBM,I,45,280.5
2025-10-16,9:49:06.073102323,T,IBM,I,16,280.49
2025-10-16,9:49:15.501838902,T,IBM,F I,12,280.54
2025-10-16,9:49:15.501841913,T,IBM,F I,15,280.55
2025-10-16,9:49:15.501845610,T,IBM,F,100,280.55
2025-10-16,9:49:15.501848013,T,IBM,F I,20,280.55
2025-10-16,9:49:15.501848013,T,IBM,F I,8,280.55
2025-10-16,9:49:15.501859951,T,IBM,I,1,280.55
2025-10-16,9:49:15.501865954,T,IBM,F I,11,280.55
2025-10-16,9:49:15.501865954,T,IBM,F I,1,280.55
2025-10-16,9:49:15.501871936,T,IBM,F,100,280.56
2025-10-16,9:49:28.620594192,T,IBM,I,2,280.77
2025-10-16,9:49:29.261639143,T,IBM,I,12,280.66
2025-10-16,9:49:39.419091461,T,IBM,,100,280.645
2025-10-16,9:49:53.872219340,T,IBM,F I,10,280.41
2025-10-16,9:49:53.872222396,T,IBM,F I,5,280.4
2025-10-16,9:49:53.872226423,T,IBM,F I,6,280.4
2025-10-16,9:49:53.872231320,T,IBM,F I,5,280.4
2025-10-16,9:49:53.872231320,T,IBM,F,100,280.4
2025-10-16,9:49:53.872234417,T,IBM,F I,60,280.4
2025-10-16,9:49:53.872240375,T,IBM,F I,10,280.4
2025-10-16,9:49:53.873605614,T,IBM,,100,280.38
2025-10-16,9:49:53.873650814,T,IBM,F,100,280.38
2025-10-16,9:49:55.530751789,T,IBM,I,25,280.51
2025-10-16,9:49:55.530878062,T,IBM,I,20,280.51
2025-10-16,9:49:55.987127235,T,IBM,I,45,280.52
2025-10-16,9:49:55.987187414,T,IBM,I,16,280.52
2025-10-16,9:50:23.323856653,T,IBM,I,2,280.38
2025-10-16,9:50:23.323895609,T,IBM,F I,1,280.38
2025-10-16,9:50:50.678743185,T,IBM,F I,39,280.62
2025-10-16,9:50:50.678743185,T,IBM,F,100,280.64
2025-10-16,9:50:54.121630422,T,IBM,F I,6,280.8
2025-10-16,9:50:54.121675565,T,IBM,F I,6,280.82
2025-10-16,9:50:54.121711648,T,IBM,F I,1,280.85
2025-10-16,9:50:54.121711648,T,IBM,F I,1,280.85
2025-10-16,9:50:54.121717631,T,IBM,F I,1,280.87
2025-10-16,9:50:54.121759740,T,IBM,F I,3,280.87
2025-10-16,9:50:54.123182156,T,IBM,I,17,280.74
2025-10-16,9:50:54.123248726,T,IBM,I,17,280.72
2025-10-16,9:51:13.726184070,T,IBM,F I,5,280.75
2025-10-16,9:51:14.470344732,T,IBM,F I,4,280.52
2025-10-16,9:51:14.470362723,T,IBM,F I,96,280.52
2025-10-16,9:51:33.400660273,T,IBM,F I,20,280.55
2025-10-16,9:51:33.400663252,T,IBM,F I,2,280.55
2025-10-16,9:51:33.400663252,T,IBM,F I,78,280.54
2025-10-16,9:51:33.400753492,T,IBM,F I,22,280.54
2025-10-16,9:51:33.400925071,T,IBM,I,11,280.54
2025-10-16,9:51:33.400925071,T,IBM,I,89,280.54
2025-10-16,9:51:33.400928392,T,IBM,I,1,280.54
2025-10-16,9:51:38.962678081,T,IBM,F I,39,280.53
2025-10-16,9:51:38.962683464,T,IBM,F,100,280.53
2025-10-16,9:51:38.968361027,T,IBM,F I,1,280.5
2025-10-16,9:51:38.968370017,T,IBM,F,120,280.5
2025-10-16,9:51:38.968397089,T,IBM,F,379,280.5
2025-10-16,9:51:38.969034633,T,IBM,I,2,280.39
2025-10-16,9:52:00.698515984,T,IBM,F I,1,280.64
2025-10-16,9:52:00.861007806,T,IBM,F I,15,280.72
2025-10-16,9:52:00.861013907,T,IBM,I,15,280.72
2025-10-16,9:52:00.861326571,T,IBM,I,15,280.72
2025-10-16,9:52:00.861347708,T,IBM,I,15,280.72
2025-10-16,9:52:01.066760719,T,IBM,I,8,280.68
2025-10-16,9:52:06.572090087,T,IBM,I,12,280.78
2025-10-16,9:52:06.572093017,T,IBM,I,4,280.78
2025-10-16,9:52:07.002113787,T,IBM,F,100,280.69
2025-10-16,9:52:08.570915510,T,IBM,I,4,280.69
2025-10-16,9:52:11.191600474,T,IBM,F,100,280.56
2025-10-16,9:52:17.110056424,T,IBM,F I,2,280.5
2025-10-16,9:52:17.110056424,T,IBM,F I,1,280.49
2025-10-16,9:52:17.110059415,T,IBM,F I,10,280.49
2025-10-16,9:52:17.110062309,T,IBM,F I,17,280.49
2025-10-16,9:52:45.561623624,T,IBM,F I,5,280.78
2025-10-16,9:52:45.571213457,T,IBM,I,1,280.79
2025-10-16,9:52:52.085339223,T,IBM,F I,4,280.795
2025-10-16,9:53:04.740546853,T,IBM,F,100,280.6
2025-10-16,9:53:04.740622039,T,IBM,F,100,280.59
2025-10-16,9:53:05.992000492,T,IBM,F I,90,280.45
2025-10-16,9:53:05.992030184,T,IBM,F I,10,280.45
2025-10-16,9:53:06.098300162,T,IBM,I,5,280.51
2025-10-16,9:53:06.098300162,T,IBM,I,50,280.54
2025-10-16,9:53:06.098303232,T,IBM,I,13,280.56
2025-10-16,9:53:43.541038328,T,IBM,F I,3,280.39
2025-10-16,9:54:19.814737525,T,IBM,I,1,280.435
2025-10-16,9:55:02.095564499,T,IBM,F I,1,280.47
2025-10-16,9:55:02.095940370,T,IBM,F I,7,280.53
2025-10-16,9:55:11.090767977,T,IBM,F I,5,280.54
2025-10-16,9:55:11.091246109,T,IBM,I,7,280.67
2025-10-16,9:55:11.091246109,T,IBM,I,5,280.67
2025-10-16,9:55:17.548885509,T,IBM,F,100,280.57
2025-10-16,9:55:17.548976648,T,IBM,F,100,280.67
2025-10-16,9:55:17.548979526,T,IBM,F,100,280.67
2025-10-16,9:55:17.548983143,T,IBM,F I,16,280.67
2025-10-16,9:55:17.548988063,T,IBM,F I,84,280.67
2025-10-16,9:55:17.548988063,T,IBM,F,100,280.67
2025-10-16,9:55:17.548990727,T,IBM,F I,34,280.67
2025-10-16,9:55:17.548990727,T,IBM,F I,9,280.67
2025-10-16,9:55:17.548993790,T,IBM,F I,91,280.67
2025-10-16,9:55:17.549035860,T,IBM,,100,280.67
2025-10-16,9:55:17.549041783,T,IBM,I,2,280.67
2025-10-16,9:55:17.549065964,T,IBM,I,1,280.67
2025-10-16,9:55:17.549781688,T,IBM,F I,1,280.77
2025-10-16,9:55:17.549829732,T,IBM,F I,32,280.79
2025-10-16,9:55:17.550361990,T,IBM,F I,5,280.84
2025-10-16,9:55:17.550365928,T,IBM,F I,1,280.84
2025-10-16,9:55:17.550365928,T,IBM,F I,33,280.85
2025-10-16,9:55:17.550368148,T,IBM,F I,7,280.85
2025-10-16,9:55:17.550456305,T,IBM,F I,24,280.86
2025-10-16,9:55:17.550458215,T,IBM,F I,2,280.87
2025-10-16,9:55:17.550477251,T,IBM,F I,24,280.86
2025-10-16,9:55:17.550479319,T,IBM,F I,24,280.86
2025-10-16,9:55:17.550488264,T,IBM,F I,52,280.86
2025-10-16,9:55:17.550527390,T,IBM,F I,40,280.88
2025-10-16,9:55:19.310645224,T,IBM,F I,2,280.98
2025-10-16,9:55:19.310648694,T,IBM,F I,45,280.98
2025-10-16,9:55:19.310650722,T,IBM,F I,36,280.98
2025-10-16,9:55:19.310662713,T,IBM,F I,19,280.98
2025-10-16,9:55:19.310704742,T,IBM,F I,12,281.01
2025-10-16,9:55:19.578176929,T,IBM,F I,20,281.12
2025-10-16,9:55:19.578176929,T,IBM,F I,80,281.13
2025-10-16,9:55:19.578200582,T,IBM,I,1,281.13
2025-10-16,9:55:19.578224716,T,IBM,F I,16,281.13
2025-10-16,9:55:19.578299852,T,IBM,F I,3,281.13
2025-10-16,9:55:26.653423370,T,IBM,F I,5,281.2
2025-10-16,9:55:35.949165330,T,IBM,I,30,281.33
2025-10-16,9:56:05.276474409,T,IBM,F I,5,281.14
2025-10-16,9:56:05.276501398,T,IBM,F,100,281.12
2025-10-16,9:56:05.276504369,T,IBM,F,100,281.1
2025-10-16,9:56:05.276522434,T,IBM,I,1,281.1
2025-10-16,9:56:05.276528977,T,IBM,I,2,281.1
2025-10-16,9:56:05.276546481,T,IBM,F,100,281.09
2025-10-16,9:56:05.276555519,T,IBM,F I,80,281.1
2025-10-16,9:56:05.276564801,T,IBM,F I,20,281.1
2025-10-16,9:56:05.276594709,T,IBM,I,20,281.09
2025-10-16,9:56:05.276609674,T,IBM,F I,80,281.09
2025-10-16,9:56:05.277584038,T,IBM,I,59,281.1
2025-10-16,9:56:05.277586991,T,IBM,I,28,281.1
2025-10-16,9:56:05.277608022,T,IBM,I,1,281.1
2025-10-16,9:56:05.278146267,T,IBM,F,100,281.1
2025-10-16,9:56:05.278411005,T,IBM,F I,95,281.1
2025-10-16,9:56:05.278411005,T,IBM,F I,5,281.1
2025-10-16,9:56:05.278465327,T,IBM,I,16,281.15
2025-10-16,9:56:05.300104561,T,IBM,I,4,281.12
2025-10-16,9:56:19.368661980,T,IBM,F I,39,281.32
2025-10-16,9:56:19.368779282,T,IBM,F I,39,281.32
2025-10-16,9:56:19.368782879,T,IBM,F I,22,281.32
2025-10-16,9:56:19.368785207,T,IBM,F I,17,281.34
2025-10-16,9:56:19.368965721,T,IBM,I,13,281.34
2025-10-16,9:56:19.368965721,T,IBM,I,9,281.34
2025-10-16,9:56:19.370081384,T,IBM,F,100,281.32
2025-10-16,9:56:19.370081384,T,IBM,F I,50,281.31
2025-10-16,9:56:19.370294857,T,IBM,I,50,281.31
2025-10-16,9:56:23.288638051,T,IBM,F,100,281.26
2025-10-16,9:56:30.124099960,T,IBM,F,100,281.14
2025-10-16,9:56:35.014471189,T,IBM,F,100,281.1
2025-10-16,9:56:35.014471189,T,IBM,F,300,281.1
2025-10-16,9:56:35.014492202,T,IBM,F,100,281.1
2025-10-16,9:56:35.014492202,T,IBM,F,106,281.1
2025-10-16,9:56:35.014534303,T,IBM,I,75,281.1
2025-10-16,9:56:35.014699704,T,IBM,F,100,281.14
2025-10-16,9:56:35.095986726,T,IBM,F I,5,281.18
2025-10-16,9:56:35.095989442,T,IBM,F I,2,281.19
2025-10-16,9:56:35.095989442,T,IBM,F I,50,281.2
2025-10-16,9:56:50.088394007,T,IBM,,100,281.3
2025-10-16,9:56:59.681165264,T,IBM,F,100,281.34
2025-10-16,9:57:02.523201584,T,IBM,I,1,281.3
2025-10-16,9:57:02.523201584,T,IBM,I,2,281.3
2025-10-16,9:57:14.167350907,T,IBM,F,100,281.14
2025-10-16,9:57:14.167350907,T,IBM,F I,32,281.11
2025-10-16,9:57:14.167353853,T,IBM,F I,82,281.11
2025-10-16,9:57:14.167489791,T,IBM,F,100,281.1
2025-10-16,9:57:14.167492233,T,IBM,F I,94,281.1
2025-10-16,9:57:14.167516398,T,IBM,I,1,281.1
2025-10-16,9:57:14.167516398,T,IBM,I,5,281.1
2025-10-16,9:57:14.167534377,T,IBM,F I,22,281.08
2025-10-16,9:57:14.167801869,T,IBM,F I,78,281.08
2025-10-16,9:57:14.167805129,T,IBM,F I,4,281.08
2025-10-16,9:57:14.168099649,T,IBM,F I,1,281.06
2025-10-16,9:57:14.168908521,T,IBM,F I,2,280.99
2025-10-16,9:57:14.168911609,T,IBM,F I,7,280.99
2025-10-16,9:57:21.111341102,T,IBM,F I,2,280.9
2025-10-16,9:57:21.111410206,T,IBM,F I,2,280.89
2025-10-16,9:57:21.112068746,T,IBM,F I,2,280.82
2025-10-16,9:57:21.370864977,T,IBM,F I,8,280.73
2025-10-16,9:57:21.389737883,T,IBM,I,45,280.85
2025-10-16,9:57:21.495547862,T,IBM,F,100,280.78
2025-10-16,9:57:25.526563932,T,IBM,F I,2,280.74
2025-10-16,9:57:25.526566400,T,IBM,F,100,280.73
2025-10-16,9:57:25.526569126,T,IBM,F,100,280.73
2025-10-16,9:57:27.802104393,T,IBM,F I,50,280.72
2025-10-16,9:57:47.167914019,T,IBM,F I,50,280.66
2025-10-16,9:57:47.167917449,T,IBM,F I,5,280.64
2025-10-16,9:57:47.167920342,T,IBM,F I,45,280.62
2025-10-16,9:57:47.167920342,T,IBM,F I,2,280.62
2025-10-16,9:57:47.167922719,T,IBM,F I,3,280.62
2025-10-16,9:57:49.975535615,T,IBM,F I,5,280.71
2025-10-16,9:58:11.826722735,T,IBM,F I,5,280.62
2025-10-16,9:58:11.827206837,T,IBM,F I,23,280.61
2025-10-16,9:58:11.827206837,T,IBM,F I,77,280.61
2025-10-16,9:58:11.862745398,T,IBM,F I,5,280.6
2025-10-16,9:58:11.863632503,T,IBM,F I,1,280.57
2025-10-16,9:58:11.863659543,T,IBM,F I,1,280.56
2025-10-16,9:58:14.646698074,T,IBM,I,5,280.53
2025-10-16,9:58:14.646701076,T,IBM,I,25,280.54
2025-10-16,9:58:18.122742319,T,IBM,F I,43,280.55
2025-10-16,9:58:31.678612180,T,IBM,I,1,280.52
2025-10-16,9:58:35.373511974,T,IBM,F I,5,280.45
2025-10-16,9:58:35.373517474,T,IBM,F,100,280.43
2025-10-16,9:58:35.373517474,T,IBM,F I,20,280.43
2025-10-16,9:58:35.373520611,T,IBM,F I,45,280.43
2025-10-16,9:58:35.373520611,T,IBM,F,100,280.42
2025-10-16,9:58:41.889201144,T,IBM,F I,5,280.41
2025-10-16,9:58:41.889201144,T,IBM,F,300,280.41
2025-10-16,9:58:41.889222206,T,IBM,I,1,280.41
2025-10-16,9:58:41.889255263,T,IBM,F I,99,280.41
2025-10-16,9:58:42.544704658,T,IBM,I,45,280.35
2025-10-16,9:58:42.544722632,T,IBM,F I,55,280.35
2025-10-16,9:58:42.545041864,T,IBM,F I,5,280.3
2025-10-16,9:58:42.545041864,T,IBM,F I,38,280.3
2025-10-16,9:58:42.545071553,T,IBM,F I,62,280.3
2025-10-16,9:58:42.545104631,T,IBM,F I,1,280.27
2025-10-16,9:58:42.545522631,T,IBM,I,5,280.26
2025-10-16,9:58:45.452233430,T,IBM,,100,280.27
2025-10-16,9:59:00.764897706,T,IBM,F I,8,280.37
2025-10-16,9:59:00.764900633,T,IBM,F I,3,280.37
2025-10-16,9:59:00.764912700,T,IBM,F I,2,280.37
2025-10-16,9:59:00.765423844,T,IBM,F I,43,280.5
2025-10-16,9:59:00.765474964,T,IBM,F I,8,280.51
2025-10-16,9:59:00.999252176,T,IBM,F I,35,280.56
2025-10-16,9:59:00.999254796,T,IBM,F I,7,280.6
2025-10-16,9:59:00.999257559,T,IBM,F I,11,280.6
2025-10-16,9:59:00.999365800,T,IBM,F I,1,280.63
2025-10-16,9:59:01.000631858,T,IBM,F,100,280.59
2025-10-16,9:59:01.000764158,T,IBM,I,9,280.61
2025-10-16,9:59:08.636972520,T,IBM,I,39,280.56
2025-10-16,9:59:11.464240305,T,IBM,F I,80,280.51
2025-10-16,9:59:11.464261390,T,IBM,I,1,280.51
2025-10-16,9:59:11.464270593,T,IBM,F I,19,280.51
2025-10-16,9:59:11.464270593,T,IBM,F I,5,280.5
2025-10-16,9:59:34.154135897,T,IBM,I,1,280.57
2025-10-16,9:59:51.160892126,T,IBM,F I,5,280.45
2025-10-16,9:59:51.160892126,T,IBM,F I,6,280.43
2025-10-16,9:59:51.160895253,T,IBM,F I,3,280.43
2025-10-16,9:59:51.160901248,T,IBM,F,200,280.43
2025-10-16,9:59:51.160901248,T,IBM,F I,5,280.43
2025-10-16,9:59:51.160901248,T,IBM,F,100,280.41
2025-10-16,9:59:51.160904383,T,IBM,F,100,280.37
2025-10-16,9:59:51.160907066,T,IBM,F I,7,280.37
2025-10-16,9:59:51.161490511,T,IBM,F I,2,280.35
2025-10-16,9:59:59.714163443,T,IBM,,100,280.08
2025-10-16,9:59:59.862582184,T,IBM,I,5,280.1
2025-10-16,9:59:59.862582184,T,IBM,I,5,280.12
2025-10-16,9:59:59.862582184,T,IBM,I,90,280.12
2025-10-16,9:59:59.910723826,T,IBM,I,5,280.15
2025-10-16,9:59:59.910723826,T,IBM,I,93,280.16
2025-10-16,10:00:00.622914854,T,IBM,F,100,280.13
2025-10-16,10:00:00.622914854,T,IBM,F I,37,280.12
2025-10-16,10:00:03.512391797,T,IBM,I,30,280.14
2025-10-16,10:00:03.512397949,T,IBM,,100,280.09
2025-10-16,10:00:03.512397949,T,IBM,I,45,280.09
2025-10-16,10:00:03.512400832,T,IBM,,100,280.08
2025-10-16,10:00:03.512400832,T,IBM,I,20,280.08
2025-10-16,10:00:03.512412880,T,IBM,I,1,280.08
2025-10-16,10:00:05.919613481,T,IBM,F I,25,280.18
2025-10-16,10:00:18.712627296,T,IBM,F,100,280.33
2025-10-16,10:00:18.713081390,T,IBM,F I,24,280.36
2025-10-16,10:00:18.713084446,T,IBM,F I,8,280.36
2025-10-16,10:00:25.003110845,T,IBM,F I,28,280.3
2025-10-16,10:00:25.003113792,T,IBM,F,100,280.3
2025-10-16,10:00:25.003559198,T,IBM,I,25,280.3
2025-10-16,10:00:25.003559198,T,IBM,,100,280.34
2025-10-16,10:00:25.003561918,T,IBM,I,22,280.35
2025-10-16,10:00:34.247367410,T,IBM,F,100,280.4
2025-10-16,10:00:40.377063898,T,IBM,F I,4,280.33
2025-10-16,10:00:48.159624383,T,IBM,F,100,280.25
2025-10-16,10:00:48.159627444,T,IBM,F I,4,280.25
2025-10-16,10:00:48.159648486,T,IBM,F I,5,280.24
2025-10-16,10:00:48.159654481,T,IBM,F I,5,280.24
2025-10-16,10:00:48.159720785,T,IBM,F I,5,280.24
2025-10-16,10:00:48.159726625,T,IBM,F I,90,280.24
2025-10-16,10:00:48.173186766,T,IBM,,100,280.29
2025-10-16,10:00:48.823346494,T,IBM,,100,280.32
2025-10-16,10:00:48.829944215,T,IBM,I,35,280.33
2025-10-16,10:00:56.645373010,T,IBM,F I,30,280.44
2025-10-16,10:00:58.379210737,T,IBM,I,1,280.43
2025-10-16,10:01:02.200693385,T,IBM,F,100,280.34
2025-10-16,10:01:02.581080908,T,IBM,F I,1,280.33
2025-10-16,10:01:26.665916551,T,IBM,F I,5,280.06
2025-10-16,10:01:26.877094372,T,IBM,F I,1,280.0
2025-10-16,10:01:29.138847702,T,IBM,I,16,280.01
2025-10-16,10:01:41.636377969,T,IBM,F I,8,279.9
2025-10-16,10:01:41.636570344,T,IBM,F I,5,279.89
2025-10-16,10:01:41.636573405,T,IBM,F I,3,279.89
2025-10-16,10:01:41.636859029,T,IBM,F I,38,279.86
2025-10-16,10:01:41.636871058,T,IBM,F I,62,279.86
2025-10-16,10:01:48.094606727,T,IBM,F I,59,279.77
2025-10-16,10:01:48.094631634,T,IBM,F I,41,279.77
2025-10-16,10:01:48.094631634,T,IBM,F I,1,279.76
2025-10-16,10:01:48.094651754,T,IBM,F I,99,279.76
2025-10-16,10:01:48.094657803,T,IBM,F,100,279.76
2025-10-16,10:01:48.095117896,T,IBM,F I,1,279.74
2025-10-16,10:01:56.472732082,T,IBM,F I,19,279.66
2025-10-16,10:02:03.132188586,T,IBM,F I,7,279.63
2025-10-16,10:02:03.132744267,T,IBM,I,37,279.63
2025-10-16,10:02:05.457461599,T,IBM,I,25,279.575
2025-10-16,10:02:05.546936575,T,IBM,I,21,279.52
2025-10-16,10:02:05.638146683,T,IBM,F I,79,279.52
2025-10-16,10:02:05.638636877,T,IBM,I,36,279.57
2025-10-16,10:02:19.809861663,T,IBM,F I,20,279.67
2025-10-16,10:02:19.809882732,T,IBM,I,1,279.67
2025-10-16,10:02:19.809888700,T,IBM,F I,14,279.67
2025-10-16,10:02:27.246628960,T,IBM,F I,5,279.59
2025-10-16,10:02:29.768170898,T,IBM,F,100,279.51
2025-10-16,10:03:14.709555471,T,IBM,F I,1,279.51
2025-10-16,10:03:14.709555471,T,IBM,F I,2,279.51
2025-10-16,10:03:14.709557870,T,IBM,F I,30,279.51
2025-10-16,10:03:14.709560849,T,IBM,F I,31,279.51
2025-10-16,10:03:14.709801386,T,IBM,F I,3,279.5
2025-10-16,10:03:14.709801386,T,IBM,F I,6,279.5
2025-10-16,10:03:14.709804411,T,IBM,F I,50,279.5
2025-10-16,10:03:14.709807361,T,IBM,F I,5,279.5
2025-10-16,10:03:14.710297633,T,IBM,I,9,279.48
2025-10-16,10:03:14.711259803,T,IBM,F I,4,279.44
2025-10-16,10:03:14.711262886,T,IBM,F I,5,279.44
2025-10-16,10:03:14.711701878,T,IBM,I,1,279.44
2025-10-16,10:03:14.713662542,T,IBM,F I,13,279.44
2025-10-16,10:03:14.713662542,T,IBM,F I,11,279.44
2025-10-16,10:03:14.713665623,T,IBM,F I,56,279.44
2025-10-16,10:03:14.719713011,T,IBM,I,32,279.33
2025-10-16,10:03:14.719716809,T,IBM,I,1,279.32
2025-10-16,10:03:14.719716809,T,IBM,I,7,279.32
2025-10-16,10:03:14.719719018,T,IBM,I,17,279.32
2025-10-16,10:03:14.719736970,T,IBM,I,1,279.32
2025-10-16,10:03:14.721021102,T,IBM,I,31,279.32
2025-10-16,10:03:14.721646509,T,IBM,I,12,279.32
2025-10-16,10:03:14.721977333,T,IBM,I,20,279.41
2025-10-16,10:03:19.956842701,T,IBM,F I,1,279.33
2025-10-16,10:03:24.667791895,T,IBM,F I,14,279.32
2025-10-16,10:03:24.667791895,T,IBM,F I,20,279.32
2025-10-16,10:03:24.667795011,T,IBM,F I,14,279.32
2025-10-16,10:03:24.667798150,T,IBM,F I,8,279.21
2025-10-16,10:03:24.667803896,T,IBM,F,100,279.21
2025-10-16,10:03:24.667806907,T,IBM,F I,6,279.2
2025-10-16,10:03:29.070627613,T,IBM,F I,1,279.28
2025-10-16,10:04:04.911948123,T,IBM,F I,14,279.25
2025-10-16,10:04:04.911948123,T,IBM,F I,27,279.23
2025-10-16,10:04:05.422846993,T,IBM,F,100,279.22
2025-10-16,10:04:05.422849739,T,IBM,F I,5,279.22
2025-10-16,10:04:05.422849739,T,IBM,F I,84,279.22
2025-10-16,10:04:05.425348379,T,IBM,F I,1,279.15
2025-10-16,10:04:09.483623821,T,IBM,,100,279.21
2025-10-16,10:04:12.468168957,T,IBM,F I,71,279.18
2025-10-16,10:04:18.112101240,T,IBM,F I,15,279.1
2025-10-16,10:04:18.112780779,T,IBM,F I,10,279.01
2025-10-16,10:04:18.112849957,T,IBM,F I,10,279.0
2025-10-16,10:04:18.112852974,T,IBM,F I,1,279.0
2025-10-16,10:04:18.112928185,T,IBM,I,9,279.03
2025-10-16,10:04:18.113057498,T,IBM,I,59,279.07
2025-10-16,10:04:18.113406275,T,IBM,I,9,279.04
2025-10-16,10:04:18.113523573,T,IBM,I,9,279.04
2025-10-16,10:04:23.857019879,T,IBM,F,100,278.92
2025-10-16,10:04:23.857019879,T,IBM,F I,89,278.91
2025-10-16,10:04:23.857022836,T,IBM,F I,49,278.91
2025-10-16,10:04:23.857037881,T,IBM,F I,51,278.91
2025-10-16,10:04:23.857037881,T,IBM,F I,49,278.91
2025-10-16,10:04:23.857919060,T,IBM,I,10,278.91
2025-10-16,10:04:23.857946491,T,IBM,F I,10,278.91
2025-10-16,10:04:23.857982119,T,IBM,I,9,278.94
2025-10-16,10:04:23.858018246,T,IBM,F I,10,278.91
2025-10-16,10:04:23.858078306,T,IBM,I,8,278.93
2025-10-16,10:04:23.858159552,T,IBM,F I,8,278.91
2025-10-16,10:04:23.858180574,T,IBM,I,8,278.93
2025-10-16,10:04:23.858189618,T,IBM,I,10,278.93
2025-10-16,10:04:23.858358109,T,IBM,F I,9,278.91
2025-10-16,10:04:23.858370075,T,IBM,I,10,278.93
2025-10-16,10:04:23.858385087,T,IBM,I,10,278.93
2025-10-16,10:04:23.858415207,T,IBM,I,90,278.93
2025-10-16,10:04:23.858436180,T,IBM,I,1,278.93
2025-10-16,10:04:23.858439184,T,IBM,I,5,278.93
2025-10-16,10:04:23.858439184,T,IBM,I,10,278.93
2025-10-16,10:04:23.858568633,T,IBM,F I,6,278.91
2025-10-16,10:04:23.858568633,T,IBM,F I,1,278.91
2025-10-16,10:04:23.858571516,T,IBM,F I,5,278.91
2025-10-16,10:04:45.642732051,T,IBM,F,115,279.0
2025-10-16,10:04:45.642735060,T,IBM,F I,43,279.0
2025-10-16,10:04:45.642843808,T,IBM,F I,6,279.11
2025-10-16,10:04:45.642846347,T,IBM,F I,2,279.11
2025-10-16,10:04:45.643583058,T,IBM,F I,7,279.14
2025-10-16,10:04:45.643658190,T,IBM,F I,7,279.14
2025-10-16,10:04:45.643757445,T,IBM,F I,7,279.14
2025-10-16,10:04:45.643769524,T,IBM,I,7,279.14
2025-10-16,10:04:45.643785221,T,IBM,I,1,279.14
2025-10-16,10:04:45.643785221,T,IBM,I,92,279.14
2025-10-16,10:04:45.643844677,T,IBM,F I,7,279.14
2025-10-16,10:04:45.643919816,T,IBM,F I,7,279.14
2025-10-16,10:04:45.644037132,T,IBM,F I,7,279.14
2025-10-16,10:04:45.644121386,T,IBM,F I,7,279.17
2025-10-16,10:04:45.644196541,T,IBM,F I,7,279.17
2025-10-16,10:04:45.644271720,T,IBM,F I,7,279.17
2025-10-16,10:04:45.644334825,T,IBM,F I,6,279.17
2025-10-16,10:04:45.644488187,T,IBM,F I,2,279.21
2025-10-16,10:04:45.644488187,T,IBM,F I,7,279.21
2025-10-16,10:04:45.644525405,T,IBM,F I,8,279.22
2025-10-16,10:04:45.644527628,T,IBM,F I,2,279.22
2025-10-16,10:04:45.644530347,T,IBM,F I,7,279.22
2025-10-16,10:04:45.644530347,T,IBM,F I,10,279.22
2025-10-16,10:04:45.644861079,T,IBM,F I,17,279.22
2025-10-16,10:04:45.644864109,T,IBM,F I,18,279.22
2025-10-16,10:04:45.644936331,T,IBM,F I,18,279.22
2025-10-16,10:04:45.645706141,T,IBM,I,1,279.14
2025-10-16,10:04:45.664600104,T,IBM,F I,45,279.22
2025-10-16,10:04:45.664624460,T,IBM,F I,7,279.23
2025-10-16,10:04:45.664624460,T,IBM,F I,10,279.23
2025-10-16,10:04:45.664628042,T,IBM,F,400,279.23
2025-10-16,10:04:45.664630733,T,IBM,F I,1,279.26
2025-10-16,10:04:45.664630733,T,IBM,F I,10,279.27
2025-10-16,10:04:45.664636217,T,IBM,F I,7,279.27
2025-10-16,10:04:47.622525305,T,IBM,I,10,279.33
2025-10-16,10:04:47.622552337,T,IBM,F I,20,279.36
2025-10-16,10:04:47.622552337,T,IBM,F I,3,279.36
2025-10-16,10:04:47.622573325,T,IBM,I,1,279.36
2025-10-16,10:04:47.622573325,T,IBM,I,3,279.36
2025-10-16,10:04:47.622624961,T,IBM,F I,3,279.39
2025-10-16,10:04:47.622624961,T,IBM,F I,6,279.39
2025-10-16,10:04:57.248811152,T,IBM,F I,10,279.37
2025-10-16,10:04:57.248811152,T,IBM,F I,5,279.37
2025-10-16,10:04:57.248943443,T,IBM,F I,5,279.44
2025-10-16,10:04:57.249277494,T,IBM,F I,1,279.52
2025-10-16,10:04:57.249280207,T,IBM,F I,7,279.52
2025-10-16,10:04:57.249322883,T,IBM,F I,3,279.52
2025-10-16,10:04:57.249328413,T,IBM,F,100,279.53
2025-10-16,10:04:57.249328413,T,IBM,F I,4,279.53
2025-10-16,10:04:57.249803442,T,IBM,F I,27,279.54
2025-10-16,10:04:57.249803442,T,IBM,F I,14,279.55
2025-10-16,10:04:57.249836561,T,IBM,F I,17,279.58
2025-10-16,10:04:57.250311750,T,IBM,F I,1,279.57
2025-10-16,10:04:57.455817925,T,IBM,F I,20,279.57
2025-10-16,10:04:57.455820910,T,IBM,F I,56,279.57
2025-10-16,10:04:57.456708395,T,IBM,F I,44,279.57
2025-10-16,10:04:57.456708395,T,IBM,F I,31,279.58
2025-10-16,10:04:57.456711123,T,IBM,F,100,279.58
2025-10-16,10:04:57.456714067,T,IBM,F I,4,279.58
2025-10-16,10:04:57.456729111,T,IBM,I,1,279.58
2025-10-16,10:04:57.456729111,T,IBM,F I,95,279.58
2025-10-16,10:04:57.456756147,T,IBM,F I,33,279.6
2025-10-16,10:05:00.109413254,T,IBM,F I,20,279.67
2025-10-16,10:05:00.109413254,T,IBM,F I,5,279.67
2025-10-16,10:05:00.109419274,T,IBM,F I,5,279.67
2025-10-16,10:05:00.109419274,T,IBM,F,100,279.68
2025-10-16,10:05:00.109422279,T,IBM,F I,70,279.68
2025-10-16,10:05:00.109425292,T,IBM,F I,10,279.68
2025-10-16,10:05:00.109428240,T,IBM,F I,10,279.68
2025-10-16,10:05:00.109465094,T,IBM,F I,10,279.68
2025-10-16,10:05:00.109467352,T,IBM,F I,20,279.68
2025-10-16,10:05:00.109488347,T,IBM,F I,10,279.69
2025-10-16,10:05:00.109593652,T,IBM,,100,279.68
2025-10-16,10:05:20.922411706,T,IBM,F I,1,279.69
2025-10-16,10:05:31.348379440,T,IBM,F I,2,279.78
2025-10-16,10:05:31.348379440,T,IBM,F I,10,279.79
2025-10-16,10:05:31.348383470,T,IBM,F I,4,279.79
2025-10-16,10:05:31.348383470,T,IBM,F I,6,279.79
2025-10-16,10:05:31.348385532,T,IBM,F I,19,279.79
2025-10-16,10:05:31.348403719,T,IBM,I,31,279.79
2025-10-16,10:05:31.348403719,T,IBM,I,1,279.79
2025-10-16,10:05:31.348406609,T,IBM,I,19,279.79
2025-10-16,10:05:34.712043281,T,IBM,F I,5,279.88
2025-10-16,10:05:34.712046287,T,IBM,F I,5,279.88
2025-10-16,10:05:34.712046287,T,IBM,F I,50,279.88
2025-10-16,10:05:34.712061339,T,IBM,I,1,279.88
2025-10-16,10:05:51.788129701,T,IBM,I,11,280.04
2025-10-16,10:05:51.788129701,T,IBM,I,5,280.04
2025-10-16,10:05:51.788132671,T,IBM,I,2,280.02
2025-10-16,10:05:51.788135639,T,IBM,I,82,280.0
2025-10-16,10:05:52.342761028,T,IBM,I,8,279.965
2025-10-16,10:06:01.053387943,T,IBM,F,100,279.965
2025-10-16,10:06:04.529676472,T,IBM,F,100,279.91
2025-10-16,10:06:04.529676472,T,IBM,F I,5,279.91
2025-10-16,10:06:04.529679178,T,IBM,F I,90,279.91
2025-10-16,10:06:04.529679178,T,IBM,F I,5,279.91
2025-10-16,10:06:04.529681877,T,IBM,F I,5,279.91
2025-10-16,10:06:27.474939430,T,IBM,F I,33,279.88
2025-10-16,10:06:27.475240156,T,IBM,F I,1,279.85
2025-10-16,10:06:27.475255218,T,IBM,I,4,279.85
2025-10-16,10:06:38.643753635,T,IBM,F I,2,279.93
2025-10-16,10:06:38.645016593,T,IBM,F I,2,279.93
2025-10-16,10:07:06.616265385,T,IBM,I,5,280.06
2025-10-16,10:07:11.093010912,T,IBM,F I,10,280.0
2025-10-16,10:07:11.661096336,T,IBM,F I,30,279.86
2025-10-16,10:07:11.661096336,T,IBM,F I,5,279.86
2025-10-16,10:07:11.661099479,T,IBM,F I,5,279.86
2025-10-16,10:07:11.661102405,T,IBM,F I,6,279.86
2025-10-16,10:07:11.661123707,T,IBM,I,12,279.86
2025-10-16,10:07:11.726219395,T,IBM,F I,15,279.76
2025-10-16,10:07:12.113009220,T,IBM,F I,1,279.72
2025-10-16,10:07:18.110036277,T,IBM,F I,5,279.71
2025-10-16,10:07:18.117190127,T,IBM,F,100,279.69
2025-10-16,10:07:18.220798813,T,IBM,F,100,279.62
2025-10-16,10:07:21.727438002,T,IBM,I,2,279.54
2025-10-16,10:07:21.727441385,T,IBM,I,5,279.55
2025-10-16,10:07:21.727441385,T,IBM,I,10,279.55
2025-10-16,10:07:21.727443913,T,IBM,I,5,279.56
2025-10-16,10:07:25.242899992,T,IBM,F I,44,279.38
2025-10-16,10:07:25.242899992,T,IBM,F I,5,279.38
2025-10-16,10:07:25.242903049,T,IBM,F I,9,279.38
2025-10-16,10:07:30.708880814,T,IBM,F I,70,279.2
2025-10-16,10:07:30.708884566,T,IBM,F I,48,279.2
2025-10-16,10:07:30.708884566,T,IBM,F I,5,279.2
2025-10-16,10:07:30.708886791,T,IBM,F I,6,279.2
2025-10-16,10:07:30.709382954,T,IBM,I,7,279.19
2025-10-16,10:07:44.067691284,T,IBM,,100,279.26
2025-10-16,10:07:44.498286419,T,IBM,F,100,279.26
2025-10-16,10:07:47.968184041,T,IBM,F I,2,279.12
2025-10-16,10:07:47.968187079,T,IBM,F I,5,279.11
2025-10-16,10:07:47.968187079,T,IBM,F I,19,279.07
2025-10-16,10:07:47.970048505,T,IBM,F I,8,279.04
2025-10-16,10:07:47.970051859,T,IBM,F I,5,279.04
2025-10-16,10:07:47.970358580,T,IBM,I,19,279.1
2025-10-16,10:07:47.970358580,T,IBM,I,1,279.1
2025-10-16,10:07:47.971305970,T,IBM,F I,32,279.05
2025-10-16,10:07:47.971309423,T,IBM,F I,19,279.04
2025-10-16,10:07:47.971309423,T,IBM,F I,9,279.04
2025-10-16,10:07:47.971311552,T,IBM,F I,28,279.04
2025-10-16,10:08:03.023053485,T,IBM,F,100,279.02
2025-10-16,10:08:03.023056598,T,IBM,F,100,279.02
2025-10-16,10:08:03.023059391,T,IBM,F I,19,279.01
2025-10-16,10:08:03.023077754,T,IBM,F I,30,279.01
2025-10-16,10:08:03.023107476,T,IBM,I,1,279.01
2025-10-16,10:08:03.023114141,T,IBM,F I,3,279.01
2025-10-16,10:08:03.023871385,T,IBM,I,13,279.01
2025-10-16,10:08:03.023877872,T,IBM,I,30,279.01
2025-10-16,10:08:03.024292394,T,IBM,I,2,279.09
2025-10-16,10:08:03.024587199,T,IBM,F I,8,279.09
2025-10-16,10:08:03.080814876,T,IBM,I,2,279.21
2025-10-16,10:08:03.080814876,T,IBM,I,45,279.23
2025-10-16,10:08:03.080817943,T,IBM,I,53,279.23
2025-10-16,10:08:17.391220388,T,IBM,I,5,279.01
2025-10-16,10:08:17.391226627,T,IBM,I,4,279.01
2025-10-16,10:08:17.391228909,T,IBM,I,5,279.01
2025-10-16,10:08:17.391349226,T,IBM,F I,30,279.0
2025-10-16,10:08:18.238090732,T,IBM,I,2,279.0
2025-10-16,10:08:18.238090732,T,IBM,I,5,279.01
2025-10-16,10:08:18.238090732,T,IBM,I,5,279.02
2025-10-16,10:08:18.238093291,T,IBM,I,88,279.03
2025-10-16,10:08:24.804937471,T,IBM,I,45,279.17
2025-10-16,10:08:24.804937471,T,IBM,I,55,279.17
2025-10-16,10:08:32.449881355,T,IBM,,100,279.17
2025-10-16,10:08:33.955959760,T,IBM,I,2,279.22
2025-10-16,10:08:33.955959760,T,IBM,I,37,279.26
2025-10-16,10:08:48.602746343,T,IBM,F I,2,279.21
2025-10-16,10:08:48.602749003,T,IBM,F I,10,279.19
2025-10-16,10:08:48.602752202,T,IBM,F I,5,279.18
2025-10-16,10:08:48.602752202,T,IBM,F I,5,279.18
2025-10-16,10:08:48.602754632,T,IBM,F I,31,279.18
2025-10-16,10:08:48.602769863,T,IBM,I,1,279.18
2025-10-16,10:08:48.602769863,T,IBM,I,11,279.18
2025-10-16,10:08:49.083821842,T,IBM,I,69,279.1
2025-10-16,10:08:56.507156297,T,IBM,F I,4,279.04
2025-10-16,10:08:56.507159321,T,IBM,F I,37,279.03
2025-10-16,10:08:56.507174363,T,IBM,I,1,279.03
2025-10-16,10:08:56.507336838,T,IBM,F I,3,279.03
2025-10-16,10:09:04.201029608,T,IBM,I,1,279.03
2025-10-16,10:09:11.834699146,T,IBM,F I,5,278.92
2025-10-16,10:09:11.835025013,T,IBM,F I,5,278.91
2025-10-16,10:09:11.835030555,T,IBM,F,100,278.91
2025-10-16,10:09:16.237586500,T,IBM,I,2,278.97
2025-10-16,10:09:16.237586500,T,IBM,I,2,278.98
2025-10-16,10:09:16.237833191,T,IBM,F I,4,279.0
2025-10-16,10:09:16.237866184,T,IBM,F I,10,279.01
2025-10-16,10:09:16.498057658,T,IBM,F I,5,278.95
2025-10-16,10:09:24.899461578,T,IBM,,100,278.935
2025-10-16,10:09:25.518910061,T,IBM,,100,278.92
2025-10-16,10:09:25.518915621,T,IBM,,100,278.93
2025-10-16,10:09:25.518915621,T,IBM,,100,278.93
2025-10-16,10:09:25.518915621,T,IBM,,100,278.94
2025-10-16,10:09:25.518918207,T,IBM,,100,278.95
2025-10-16,10:09:25.518921285,T,IBM,I,5,278.96
2025-10-16,10:09:25.518966340,T,IBM,F,100,278.92
2025-10-16,10:09:25.518966340,T,IBM,F,100,278.96
2025-10-16,10:09:25.518966340,T,IBM,F,300,278.96
2025-10-16,10:09:25.518984441,T,IBM,F,100,278.96
2025-10-16,10:09:25.539962331,T,IBM,I,8,278.96
2025-10-16,10:09:25.539965453,T,IBM,I,22,278.96
2025-10-16,10:09:25.539965453,T,IBM,I,21,278.96
2025-10-16,10:09:29.177431488,T,IBM,F I,2,278.88
2025-10-16,10:09:29.177433972,T,IBM,F I,20,278.87
2025-10-16,10:09:29.177436933,T,IBM,F I,32,278.86
2025-10-16,10:09:29.177436933,T,IBM,F I,45,278.85
2025-10-16,10:09:33.842947824,T,IBM,I,6,278.94
2025-10-16,10:09:33.842947824,T,IBM,I,4,278.94
2025-10-16,10:09:33.842950917,T,IBM,I,5,278.94
2025-10-16,10:09:34.660146319,T,IBM,F I,2,278.83
2025-10-16,10:09:40.522654062,T,IBM,F I,32,279.0
2025-10-16,10:09:40.522677953,T,IBM,F I,42,279.01
2025-10-16,10:09:40.522702399,T,IBM,F I,37,279.03
2025-10-16,10:09:40.522705232,T,IBM,F I,99,279.03
2025-10-16,10:09:40.522705232,T,IBM,F I,1,279.03
2025-10-16,10:09:40.522747111,T,IBM,F I,16,279.07
2025-10-16,10:09:40.522771181,T,IBM,F I,14,279.07
2025-10-16,10:09:40.524358962,T,IBM,I,45,278.94
2025-10-16,10:09:48.439983289,T,IBM,F I,2,279.06
2025-10-16,10:09:48.440311700,T,IBM,F I,45,279.06
2025-10-16,10:09:48.440317013,T,IBM,F,355,279.07
2025-10-16,10:09:48.440317013,T,IBM,F I,45,279.07
2025-10-16,10:09:48.440341435,T,IBM,F I,5,279.08
2025-10-16,10:09:48.440344046,T,IBM,F I,19,279.09
2025-10-16,10:09:48.440347120,T,IBM,F I,6,279.09
2025-10-16,10:09:48.440729003,T,IBM,F I,47,279.07
2025-10-16,10:09:48.440744068,T,IBM,F I,53,279.07
2025-10-16,10:09:48.440945768,T,IBM,I,1,279.15
2025-10-16,10:09:48.440948517,T,IBM,I,3,279.15
2025-10-16,10:09:48.441225156,T,IBM,I,29,279.15
2025-10-16,10:09:48.441255414,T,IBM,F I,33,279.15
2025-10-16,10:09:48.441255414,T,IBM,F,100,279.18
2025-10-16,10:09:48.441258686,T,IBM,F I,1,279.21
2025-10-16,10:09:48.441261237,T,IBM,F I,62,279.23
2025-10-16,10:09:48.441384794,T,IBM,F I,4,279.14
2025-10-16,10:09:48.441384794,T,IBM,F I,6,279.13
2025-10-16,10:09:48.441387845,T,IBM,F I,2,279.12
2025-10-16,10:09:48.441411592,T,IBM,F I,98,279.12
2025-10-16,10:09:48.441411592,T,IBM,F I,12,279.12
2025-10-16,10:09:48.441432933,T,IBM,F I,20,279.14
2025-10-16,10:09:48.441432933,T,IBM,F I,67,279.14
2025-10-16,10:09:48.441444710,T,IBM,I,20,279.12
2025-10-16,10:09:48.441447877,T,IBM,,100,279.12
2025-10-16,10:09:48.441453681,T,IBM,I,1,279.12
2025-10-16,10:09:48.441471803,T,IBM,F I,32,279.12
2025-10-16,10:09:48.441480825,T,IBM,F I,10,279.12
2025-10-16,10:09:48.441495794,T,IBM,I,32,279.12
2025-10-16,10:09:48.441498796,T,IBM,F I,32,279.12
2025-10-16,10:09:48.441510808,T,IBM,I,7,279.12
2025-10-16,10:09:48.441537910,T,IBM,I,2,279.12
2025-10-16,10:09:48.441543914,T,IBM,I,47,279.12
2025-10-16,10:09:48.441814849,T,IBM,F I,6,279.13
2025-10-16,10:09:48.441817595,T,IBM,F I,1,279.13
2025-10-16,10:09:48.442079195,T,IBM,I,5,279.13
2025-10-16,10:09:48.442082270,T,IBM,I,21,279.13
2025-10-16,10:09:57.521407867,T,IBM,F,100,279.03
2025-10-16,10:10:00.380259859,T,IBM,F,100,279.05
2025-10-16,10:10:09.351216598,T,IBM,F,100,279.17
2025-10-16,10:10:09.351992742,T,IBM,F I,1,279.23
2025-10-16,10:10:09.351995470,T,IBM,F I,1,279.23
2025-10-16,10:10:09.351995470,T,IBM,F I,4,279.23
2025-10-16,10:10:09.351998693,T,IBM,F I,50,279.23
2025-10-16,10:10:09.352001751,T,IBM,F,100,279.24
2025-10-16,10:10:09.352001751,T,IBM,F I,37,279.24
2025-10-16,10:10:09.352005718,T,IBM,F I,32,279.24
2025-10-16,10:10:09.352007766,T,IBM,F I,5,279.24
2025-10-16,10:10:09.352007766,T,IBM,F I,13,279.24
2025-10-16,10:10:09.352548791,T,IBM,,100,279.26
2025-10-16,10:10:09.352984790,T,IBM,F I,10,279.18
2025-10-16,10:10:09.354710905,T,IBM,,100,279.18
2025-10-16,10:10:09.354741011,T,IBM,F,100,279.15
2025-10-16,10:10:10.668298000,T,IBM,I,47,279.22
2025-10-16,10:10:24.314866839,T,IBM,,100,279.11
2025-10-16,10:10:24.314933011,T,IBM,,100,279.11
2025-10-16,10:10:24.314966117,T,IBM,,400,279.11
2025-10-16,10:10:24.315008117,T,IBM,F I,1,279.11
2025-10-16,10:10:24.315020169,T,IBM,F I,99,279.11
2025-10-16,10:10:24.315023170,T,IBM,F I,1,279.1
2025-10-16,10:10:24.315308954,T,IBM,F I,18,279.11
2025-10-16,10:10:24.315312494,T,IBM,F I,20,279.11
2025-10-16,10:10:24.315360002,T,IBM,F I,74,279.1
2025-10-16,10:10:24.315386988,T,IBM,F I,25,279.1
2025-10-16,10:11:05.484557786,T,IBM,F I,5,279.1
2025-10-16,10:11:05.484557786,T,IBM,F I,1,279.1
2025-10-16,10:11:17.224639232,T,IBM,F I,5,278.97
2025-10-16,10:11:17.224639232,T,IBM,F I,3,278.97
2025-10-16,10:11:17.224644841,T,IBM,F,200,278.97
2025-10-16,10:11:17.224662919,T,IBM,F I,5,278.96
2025-10-16,10:11:17.424702043,T,IBM,I,1,278.89
2025-10-16,10:11:17.424990789,T,IBM,F I,1,278.88
2025-10-16,10:11:17.425697514,T,IBM,F I,5,278.85
2025-10-16,10:11:17.437611874,T,IBM,,100,278.81
2025-10-16,10:11:17.437786236,T,IBM,F,100,278.79
2025-10-16,10:11:17.446612279,T,IBM,I,11,278.76
2025-10-16,10:11:17.446612279,T,IBM,I,3,278.76
2025-10-16,10:11:17.446819753,T,IBM,F I,1,278.76
2025-10-16,10:11:25.449287816,T,IBM,F I,49,278.69
2025-10-16,10:11:25.449411227,T,IBM,I,49,278.69
2025-10-16,10:11:25.449633665,T,IBM,F I,99,278.65
2025-10-16,10:11:25.449747969,T,IBM,I,20,278.67
2025-10-16,10:11:37.610467841,T,IBM,F,100,278.58
2025-10-16,10:11:37.610467841,T,IBM,F,100,278.57
2025-10-16,10:11:37.610786331,T,IBM,I,32,278.6
2025-10-16,10:11:37.610846512,T,IBM,I,32,278.6
2025-10-16,10:11:37.611724653,T,IBM,F I,25,278.57
2025-10-16,10:11:37.611727576,T,IBM,F I,23,278.57
2025-10-16,10:11:37.611727576,T,IBM,F I,19,278.57
2025-10-16,10:11:37.611730694,T,IBM,F I,25,278.57
2025-10-16,10:11:37.611730694,T,IBM,F I,53,278.57
2025-10-16,10:11:37.612145999,T,IBM,I,2,278.64
2025-10-16,10:11:37.612148571,T,IBM,I,1,278.65
2025-10-16,10:11:37.612148571,T,IBM,I,11,278.65
2025-10-16,10:11:37.612169645,T,IBM,I,1,278.64
2025-10-16,10:11:37.612184675,T,IBM,I,2,278.64
2025-10-16,10:11:40.386977506,T,IBM,F,217,278.5
2025-10-16,10:11:40.387097741,T,IBM,I,1,278.5
2025-10-16,10:11:40.387106807,T,IBM,F I,80,278.5
2025-10-16,10:11:40.387106807,T,IBM,F I,74,278.5
2025-10-16,10:11:40.387113394,T,IBM,F I,28,278.5
2025-10-16,10:11:40.669232524,T,IBM,,100,278.48
2025-10-16,10:11:40.669665476,T,IBM,I,20,278.51
2025-10-16,10:11:40.669785764,T,IBM,I,16,278.48
2025-10-16,10:11:42.924628845,T,IBM,F I,56,278.56
2025-10-16,10:11:42.924658913,T,IBM,I,4,278.57
2025-10-16,10:11:47.379638718,T,IBM,I,1,278.61
2025-10-16,10:11:59.363645651,T,IBM,F I,5,278.65
2025-10-16,10:11:59.363645651,T,IBM,F I,10,278.65
2025-10-16,10:11:59.363648952,T,IBM,F I,2,278.64
2025-10-16,10:11:59.363651629,T,IBM,F,100,278.61
2025-10-16,10:11:59.363655170,T,IBM,F I,45,278.61
2025-10-16,10:11:59.363655170,T,IBM,F,100,278.59
2025-10-16,10:11:59.363661016,T,IBM,F,100,278.58
2025-10-16,10:11:59.363661016,T,IBM,F I,5,278.57
2025-10-16,10:11:59.363661016,T,IBM,F I,88,278.57
2025-10-16,10:11:59.363661016,T,IBM,F I,5,278.57
2025-10-16,10:12:26.641690559,T,IBM,I,5,278.58
2025-10-16,10:12:26.641795777,T,IBM,F I,5,278.56
2025-10-16,10:12:27.248246534,T,IBM,F I,1,278.56
2025-10-16,10:12:33.728087945,T,IBM,I,31,278.58
2025-10-16,10:12:42.692600369,T,IBM,I,13,278.48
2025-10-16,10:12:46.288606345,T,IBM,F I,30,278.5
2025-10-16,10:12:46.517451628,T,IBM,F I,30,278.49
2025-10-16,10:12:46.517454099,T,IBM,F I,87,278.48
2025-10-16,10:12:46.517457321,T,IBM,F,100,278.47
2025-10-16,10:12:46.517457321,T,IBM,F I,5,278.47
2025-10-16,10:12:50.261276950,T,IBM,F I,1,278.53
2025-10-16,10:12:50.678971439,T,IBM,F I,3,278.44
2025-10-16,10:12:50.678974311,T,IBM,F I,15,278.4
2025-10-16,10:12:50.699937247,T,IBM,I,7,278.43
2025-10-16,10:12:50.890500949,T,IBM,,100,278.4
2025-10-16,10:12:52.544910506,T,IBM,I,1,278.47
2025-10-16,10:12:52.544922551,T,IBM,I,1,278.47
2025-10-16,10:12:52.591554613,T,IBM,F I,1,278.5
2025-10-16,10:12:53.121641502,T,IBM,I,1,278.565
2025-10-16,10:12:53.121668530,T,IBM,I,9,278.565
2025-10-16,10:12:59.492593536,T,IBM,I,10,278.55
2025-10-16,10:13:03.235688532,T,IBM,I,1,278.62
2025-10-16,10:13:03.235691532,T,IBM,I,4,278.62
2025-10-16,10:13:08.917824161,T,IBM,F I,5,278.53
2025-10-16,10:13:08.917827129,T,IBM,F I,9,278.53
2025-10-16,10:13:08.917830022,T,IBM,F I,2,278.53
2025-10-16,10:13:08.917833175,T,IBM,F,100,278.51
2025-10-16,10:13:08.917833175,T,IBM,F I,2,278.5
2025-10-16,10:13:08.917835803,T,IBM,F,100,278.49
2025-10-16,10:13:08.917838719,T,IBM,F I,32,278.47
2025-10-16,10:13:08.917838719,T,IBM,F I,67,278.47
2025-10-16,10:13:08.917880954,T,IBM,I,5,278.6
2025-10-16,10:13:08.917883842,T,IBM,I,34,278.6
2025-10-16,10:13:08.917928928,T,IBM,I,18,278.54
2025-10-16,10:13:09.294325996,T,IBM,,100,278.565
2025-10-16,10:13:09.302201820,T,IBM,,100,278.565
2025-10-16,10:13:09.386925404,T,IBM,F I,2,278.6
2025-10-16,10:13:12.927581566,T,IBM,F,100,278.67
2025-10-16,10:13:12.927581566,T,IBM,F I,10,278.67
2025-10-16,10:13:12.927584551,T,IBM,F I,5,278.67
2025-10-16,10:13:12.927587518,T,IBM,F I,2,278.67
2025-10-16,10:13:16.095807632,T,IBM,I,10,278.67
2025-10-16,10:13:16.095810040,T,IBM,I,2,278.68
2025-10-16,10:13:16.095813273,T,IBM,I,2,278.69
2025-10-16,10:13:16.095816495,T,IBM,,100,278.71
2025-10-16,10:13:16.095816495,T,IBM,I,45,278.72
2025-10-16,10:13:16.095819197,T,IBM,I,95,278.72
2025-10-16,10:13:16.095834086,T,IBM,F I,5,278.72
2025-10-16,10:13:16.095838038,T,IBM,F I,54,278.73
2025-10-16,10:13:16.095840146,T,IBM,F,100,278.73
2025-10-16,10:13:16.095840146,T,IBM,F I,95,278.73
2025-10-16,10:13:16.095843511,T,IBM,F I,5,278.73
2025-10-16,10:13:16.095846140,T,IBM,F,100,278.73
2025-10-16,10:13:16.096276100,T,IBM,F I,2,278.75
2025-10-16,10:13:17.096213622,T,IBM,I,5,278.73
2025-10-16,10:13:17.096213622,T,IBM,I,2,278.72
2025-10-16,10:13:19.608201867,T,IBM,F I,53,278.69
2025-10-16,10:13:21.471873721,T,IBM,F I,5,278.65
2025-10-16,10:13:21.471876735,T,IBM,F,100,278.64
2025-10-16,10:13:21.471925061,T,IBM,F,100,278.64
2025-10-16,10:13:21.471925061,T,IBM,F I,31,278.64
2025-10-16,10:13:21.471930820,T,IBM,,100,278.64
2025-10-16,10:13:21.471930820,T,IBM,F I,80,278.64
2025-10-16,10:13:21.471933858,T,IBM,I,84,278.64
2025-10-16,10:13:21.471942821,T,IBM,,100,278.64
2025-10-16,10:13:21.471945826,T,IBM,I,1,278.64
2025-10-16,10:13:21.471952087,T,IBM,I,10,278.635
2025-10-16,10:13:21.471952087,T,IBM,I,6,278.64
2025-10-16,10:13:21.471952087,T,IBM,I,1,278.64
2025-10-16,10:13:21.471966950,T,IBM,F I,6,278.64
2025-10-16,10:13:21.471972931,T,IBM,F I,6,278.64
2025-10-16,10:13:21.472577335,T,IBM,F I,1,278.64
2025-10-16,10:13:21.473166755,T,IBM,F I,70,278.64
2025-10-16,10:13:21.473166755,T,IBM,F I,21,278.64
2025-10-16,10:13:21.473169809,T,IBM,F I,19,278.64
2025-10-16,10:13:24.141767827,T,IBM,I,1,278.73
2025-10-16,10:13:28.179669896,T,IBM,F,100,278.67
2025-10-16,10:13:28.179672787,T,IBM,F,100,278.63
2025-10-16,10:13:28.179676541,T,IBM,F,100,278.63
2025-10-16,10:13:36.786240061,T,IBM,F I,5,278.63
2025-10-16,10:14:08.306168489,T,IBM,I,1,278.59
2025-10-16,10:14:14.499102760,T,IBM,F I,5,278.55
2025-10-16,10:14:14.499559940,T,IBM,,100,278.55
2025-10-16,10:14:14.500371842,T,IBM,F I,8,278.57
2025-10-16,10:14:14.500375144,T,IBM,F I,4,278.57
2025-10-16,10:14:14.500377962,T,IBM,F I,2,278.56
2025-10-16,10:14:14.500377962,T,IBM,F I,13,278.56
2025-10-16,10:14:22.526963443,T,IBM,I,73,278.635
2025-10-16,10:14:22.919674413,T,IBM,F I,3,278.67
2025-10-16,10:14:22.919936016,T,IBM,F I,3,278.69
2025-10-16,10:14:22.919947985,T,IBM,F I,1,278.69
2025-10-16,10:14:23.969482563,T,IBM,F I,11,278.77
2025-10-16,10:14:23.969503684,T,IBM,I,75,278.77
2025-10-16,10:14:23.969864552,T,IBM,F I,5,278.81
2025-10-16,10:14:23.969864552,T,IBM,F I,5,278.81
2025-10-16,10:14:31.421914348,T,IBM,F I,5,278.81
2025-10-16,10:14:31.421917703,T,IBM,F,100,278.77
2025-10-16,10:14:31.421917703,T,IBM,F I,4,278.75
2025-10-16,10:14:31.421921196,T,IBM,F,100,278.73
2025-10-16,10:14:31.421921196,T,IBM,F,100,278.73
2025-10-16,10:14:31.421923382,T,IBM,F I,16,278.72
2025-10-16,10:14:35.424978323,T,IBM,F I,12,278.82
2025-10-16,10:14:42.366710241,T,IBM,F I,10,278.82
2025-10-16,10:14:45.952786508,T,IBM,F I,10,278.82
2025-10-16,10:14:48.711875949,T,IBM,F I,5,278.89
2025-10-16,10:14:48.711875949,T,IBM,F I,5,278.89
2025-10-16,10:14:48.712188631,T,IBM,F,100,278.95
2025-10-16,10:14:48.712198509,T,IBM,F,300,278.95
2025-10-16,10:14:48.712272906,T,IBM,,100,278.95
2025-10-16,10:14:48.712351036,T,IBM,I,15,278.91
2025-10-16,10:14:48.712396388,T,IBM,I,8,278.88
2025-10-16,10:14:48.712399346,T,IBM,I,7,278.87
2025-10-16,10:14:48.712447329,T,IBM,F I,34,278.87
2025-10-16,10:14:48.712552509,T,IBM,F I,18,278.93
2025-10-16,10:14:48.712552509,T,IBM,F I,18,278.96
2025-10-16,10:14:48.712645861,T,IBM,I,18,278.87
2025-10-16,10:14:48.713938859,T,IBM,I,18,278.93
2025-10-16,10:15:06.270009842,T,IBM,F,100,278.84
2025-10-16,10:15:06.270009842,T,IBM,F I,48,278.82
2025-10-16,10:15:06.270034256,T,IBM,F I,52,278.82
2025-10-16,10:15:06.270034256,T,IBM,F I,5,278.82
2025-10-16,10:15:06.270034256,T,IBM,F I,5,278.82
2025-10-16,10:15:06.270037363,T,IBM,F I,10,278.82
2025-10-16,10:15:06.270040205,T,IBM,F I,28,278.82
2025-10-16,10:15:09.238511804,T,IBM,F I,2,278.78
2025-10-16,10:15:09.238518386,T,IBM,F,100,278.75
2025-10-16,10:15:09.238520897,T,IBM,F I,5,278.75
2025-10-16,10:15:09.238520897,T,IBM,F I,5,278.74
2025-10-16,10:15:09.238523891,T,IBM,F,100,278.72
2025-10-16,10:15:09.238526876,T,IBM,F I,51,278.72
2025-10-16,10:15:10.577410317,T,IBM,F,100,278.66
2025-10-16,10:15:10.577960584,T,IBM,F,100,278.66
2025-10-16,10:15:10.577999756,T,IBM,F,100,278.65
2025-10-16,10:15:12.951036198,T,IBM,F,100,278.53
2025-10-16,10:15:12.951036198,T,IBM,F I,10,278.53
2025-10-16,10:15:12.951039168,T,IBM,F I,90,278.53
2025-10-16,10:15:14.047906372,T,IBM,I,2,278.71
2025-10-16,10:15:14.047982462,T,IBM,F I,98,278.695
2025-10-16,10:15:14.047984582,T,IBM,F I,98,278.71
2025-10-16,10:15:14.047990725,T,IBM,,502,278.71
2025-10-16,10:15:20.687731567,T,IBM,F,100,278.85
2025-10-16,10:15:20.687752605,T,IBM,,100,278.86
2025-10-16,10:15:29.859118583,T,IBM,F I,5,278.79
2025-10-16,10:15:29.859118583,T,IBM,F I,32,278.74
2025-10-16,10:15:29.859377191,T,IBM,F I,28,278.74
2025-10-16,10:15:29.859849399,T,IBM,F I,1,278.65
2025-10-16,10:15:29.859873376,T,IBM,F I,1,278.65
2025-10-16,10:15:30.393102822,T,IBM,I,6,278.76
2025-10-16,10:15:45.082927369,T,IBM,F I,1,278.83
2025-10-16,10:15:53.150981646,T,IBM,F I,1,278.99
2025-10-16,10:15:53.150984665,T,IBM,F I,4,278.99
2025-10-16,10:15:53.240200982,T,IBM,I,2,278.96
2025-10-16,10:15:53.240204095,T,IBM,I,5,278.95
2025-10-16,10:15:54.000275530,T,IBM,F I,17,278.89
2025-10-16,10:15:54.000275530,T,IBM,F I,41,278.89
2025-10-16,10:15:54.000549127,T,IBM,F I,5,278.85
2025-10-16,10:15:54.000549127,T,IBM,F I,46,278.85
2025-10-16,10:15:54.000609324,T,IBM,F I,6,278.86
2025-10-16,10:15:58.391467460,T,IBM,,100,278.965
2025-10-16,10:15:58.391680907,T,IBM,,100,278.96
2025-10-16,10:16:03.810308334,T,IBM,I,57,278.98
2025-10-16,10:16:03.813147688,T,IBM,F I,23,279.09
2025-10-16,10:16:03.813197723,T,IBM,F I,23,279.09
2025-10-16,10:16:03.813269975,T,IBM,F I,23,279.09
2025-10-16,10:16:03.813315088,T,IBM,F I,23,279.09
2025-10-16,10:16:03.813364304,T,IBM,F I,8,279.09
2025-10-16,10:16:03.813364304,T,IBM,F I,15,279.1
2025-10-16,10:16:03.813387201,T,IBM,I,1,279.1
2025-10-16,10:16:03.813408311,T,IBM,I,7,279.1
2025-10-16,10:16:03.813582711,T,IBM,F I,27,279.14
2025-10-16,10:16:03.813630770,T,IBM,F I,3,279.14
2025-10-16,10:16:03.813633845,T,IBM,F I,24,279.15
2025-10-16,10:16:03.813652551,T,IBM,I,1,279.15
2025-10-16,10:16:03.813655091,T,IBM,I,1,279.15
2025-10-16,10:16:03.813666841,T,IBM,I,1,279.15
2025-10-16,10:16:03.813711964,T,IBM,F I,20,279.15
2025-10-16,10:16:03.813714997,T,IBM,F I,20,279.15
2025-10-16,10:16:03.813736351,T,IBM,F I,22,279.15
2025-10-16,10:16:03.818968473,T,IBM,I,5,279.1
2025-10-16,10:16:03.818968473,T,IBM,I,10,279.1
2025-10-16,10:16:04.190653286,T,IBM,I,45,279.06
2025-10-16,10:16:09.286795496,T,IBM,,100,279.16
2025-10-16,10:16:09.319303200,T,IBM,I,98,279.2
2025-10-16,10:16:09.319305872,T,IBM,I,33,279.21
2025-10-16,10:16:09.319308828,T,IBM,,302,279.21
2025-10-16,10:16:09.319333293,T,IBM,I,1,279.21
2025-10-16,10:16:09.319336650,T,IBM,F I,97,279.21
2025-10-16,10:16:09.319339220,T,IBM,F I,50,279.23
2025-10-16,10:16:09.319343202,T,IBM,F,100,279.25
2025-10-16,10:16:09.319345030,T,IBM,F I,7,279.25
2025-10-16,10:16:09.319732908,T,IBM,F I,23,279.27
2025-10-16,10:16:09.319871230,T,IBM,,100,279.21
2025-10-16,10:16:09.320003541,T,IBM,I,9,279.24
2025-10-16,10:16:09.445161535,T,IBM,I,45,279.24
2025-10-16,10:16:09.445161535,T,IBM,I,55,279.24
2025-10-16,10:16:09.716795897,T,IBM,F I,45,279.24
2025-10-16,10:16:09.716795897,T,IBM,F I,45,279.24
2025-10-16,10:16:09.716799091,T,IBM,F I,98,279.24
2025-10-16,10:16:09.716799091,T,IBM,F I,1,279.25
2025-10-16,10:16:09.716804150,T,IBM,F,400,279.25
2025-10-16,10:16:09.716804150,T,IBM,F,212,279.25
2025-10-16,10:16:18.923678576,T,IBM,F I,71,279.11
2025-10-16,10:16:18.931587531,T,IBM,F I,20,279.03
2025-10-16,10:16:18.931590496,T,IBM,F I,90,279.02
2025-10-16,10:16:18.931611445,T,IBM,I,1,279.02
2025-10-16,10:16:19.461301556,T,IBM,F I,9,279.02
2025-10-16,10:16:19.461349569,T,IBM,I,60,279.02
2025-10-16,10:16:19.461376692,T,IBM,F I,44,279.02
2025-10-16,10:16:19.461379690,T,IBM,I,84,279.02
2025-10-16,10:16:27.669663738,T,IBM,,100,279.15
2025-10-16,10:16:36.384136947,T,IBM,I,28,279.29
2025-10-16,10:16:36.384136947,T,IBM,I,69,279.29
2025-10-16,10:16:36.384218145,T,IBM,F I,1,279.31
2025-10-16,10:16:44.626242509,T,IBM,F I,89,279.31
2025-10-16,10:16:54.495591071,T,IBM,,100,279.465
2025-10-16,10:16:54.495618087,T,IBM,F I,1,279.49
2025-10-16,10:17:02.380921431,T,IBM,F,100,279.6
2025-10-16,10:17:02.380963466,T,IBM,F I,1,279.62
2025-10-16,10:17:02.381372468,T,IBM,F I,15,279.62
2025-10-16,10:17:02.381739295,T,IBM,F I,15,279.62
2025-10-16,10:17:02.381763374,T,IBM,F I,1,279.62
2025-10-16,10:17:02.381763374,T,IBM,F,400,279.62
2025-10-16,10:17:05.067385028,T,IBM,F,100,279.58
2025-10-16,10:17:15.008106434,T,IBM,F,100,279.34
2025-10-16,10:17:15.008108543,T,IBM,F,100,279.34
2025-10-16,10:17:15.008111383,T,IBM,F I,70,279.34
2025-10-16,10:17:15.008210760,T,IBM,F,100,279.34
2025-10-16,10:17:15.008312865,T,IBM,F I,5,279.32
2025-10-16,10:17:15.008439161,T,IBM,F,100,279.34
2025-10-16,10:17:15.008887225,T,IBM,F I,53,279.34
2025-10-16,10:17:15.009293279,T,IBM,F I,8,279.34
2025-10-16,10:17:15.303438538,T,IBM,F I,41,279.32
2025-10-16,10:17:15.303513710,T,IBM,F,100,279.31
2025-10-16,10:17:15.303535468,T,IBM,F I,50,279.3
2025-10-16,10:17:15.303558734,T,IBM,F,100,279.29
2025-10-16,10:17:15.304006917,T,IBM,F,100,279.29
2025-10-16,10:17:16.934633008,T,IBM,F,100,279.26
2025-10-16,10:17:16.938551109,T,IBM,F I,1,279.18
2025-10-16,10:17:16.938551109,T,IBM,F I,7,279.18
2025-10-16,10:17:16.945380401,T,IBM,I,2,279.22
2025-10-16,10:17:16.945410469,T,IBM,F I,5,279.23
2025-10-16,10:17:24.086240401,T,IBM,F I,7,279.12
2025-10-16,10:17:24.086249353,T,IBM,F I,1,279.12
2025-10-16,10:17:32.494918554,T,IBM,F,100,279.11
2025-10-16,10:17:32.496133557,T,IBM,F,100,279.09
2025-10-16,10:17:32.496133557,T,IBM,F I,22,279.08
2025-10-16,10:17:32.496137112,T,IBM,F I,14,279.08
2025-10-16,10:17:32.496139471,T,IBM,F I,19,279.08
2025-10-16,10:17:32.496142441,T,IBM,F,100,279.08
2025-10-16,10:17:35.491435336,T,IBM,F I,5,279.17
2025-10-16,10:17:38.111976316,T,IBM,F,100,279.12
2025-10-16,10:17:38.111981930,T,IBM,F I,5,279.11
2025-10-16,10:17:38.111981930,T,IBM,F I,5,279.11
2025-10-16,10:17:38.112036056,T,IBM,F I,30,279.1
2025-10-16,10:17:38.112039095,T,IBM,F I,2,279.1
2025-10-16,10:17:38.112039095,T,IBM,F,100,279.09
2025-10-16,10:17:38.112042433,T,IBM,F,100,279.07
2025-10-16,10:17:38.112045007,T,IBM,F I,5,279.07
2025-10-16,10:17:38.112048102,T,IBM,F I,35,279.07
2025-10-16,10:17:38.112959245,T,IBM,I,5,279.21
2025-10-16,10:17:38.114075013,T,IBM,F I,5,279.21
2025-10-16,10:17:38.114075013,T,IBM,F,100,279.17
2025-10-16,10:17:38.114081609,T,IBM,F I,14,279.16
2025-10-16,10:17:38.114081609,T,IBM,F I,5,279.16
2025-10-16,10:17:38.114084293,T,IBM,F I,19,279.11
2025-10-16,10:17:38.114084293,T,IBM,F I,45,279.11
2025-10-16,10:17:38.114086881,T,IBM,F I,18,279.11
2025-10-16,10:17:38.114372577,T,IBM,F I,7,279.17
2025-10-16,10:17:38.115329644,T,IBM,I,14,279.21
2025-10-16,10:17:38.115329644,T,IBM,I,14,279.21
2025-10-16,10:17:38.115331924,T,IBM,I,15,279.21
2025-10-16,10:17:38.116399355,T,IBM,F I,7,279.14
2025-10-16,10:17:38.117313731,T,IBM,F I,13,279.15
2025-10-16,10:18:00.142931787,T,IBM,F I,5,279.17
2025-10-16,10:18:00.142937163,T,IBM,F,100,279.17
2025-10-16,10:18:00.142937163,T,IBM,F I,11,279.15
2025-10-16,10:18:00.143186749,T,IBM,F I,1,279.15
2025-10-16,10:18:00.143204847,T,IBM,F I,75,279.15
2025-10-16,10:18:01.742760764,T,IBM,I,23,279.09
2025-10-16,10:18:01.745028098,T,IBM,I,60,279.06
2025-10-16,10:18:01.745028098,T,IBM,I,10,279.05
2025-10-16,10:18:01.745031167,T,IBM,I,5,279.05
2025-10-16,10:18:05.382635006,T,IBM,F I,1,279.02
2025-10-16,10:18:05.382749273,T,IBM,F I,99,279.02
2025-10-16,10:18:05.383074034,T,IBM,F I,1,279.01
2025-10-16,10:18:05.383119943,T,IBM,F I,2,279.0
2025-10-16,10:18:05.383230403,T,IBM,F I,27,279.0
2025-10-16,10:18:05.390134893,T,IBM,F,100,278.99
2025-10-16,10:18:05.390158901,T,IBM,I,1,278.99
2025-10-16,10:18:05.390339432,T,IBM,F I,99,278.99
2025-10-16,10:18:15.925602716,T,IBM,F I,20,278.85
2025-10-16,10:18:15.925602716,T,IBM,F I,80,278.84
2025-10-16,10:18:15.925659300,T,IBM,I,1,278.84
2025-10-16,10:18:15.926086359,T,IBM,F I,19,278.84
2025-10-16,10:18:16.068652772,T,IBM,F I,1,278.83
2025-10-16,10:18:17.971471743,T,IBM,F,100,278.82
2025-10-16,10:18:23.223838752,T,IBM,F,100,278.83
2025-10-16,10:18:23.223841755,T,IBM,F,100,278.82
2025-10-16,10:18:23.223844810,T,IBM,F,100,278.81
2025-10-16,10:18:23.223847770,T,IBM,F,100,278.8
2025-10-16,10:18:23.223847770,T,IBM,F I,2,278.78
2025-10-16,10:18:23.223851181,T,IBM,F I,20,278.77
2025-10-16,10:18:23.223854859,T,IBM,F,100,278.77
2025-10-16,10:18:23.223854859,T,IBM,F I,1,278.77
2025-10-16,10:18:23.223859894,T,IBM,F,100,278.76
2025-10-16,10:18:23.223859894,T,IBM,F,100,278.76
2025-10-16,10:18:23.223859894,T,IBM,F,100,278.76
2025-10-16,10:18:23.939277924,T,IBM,F I,2,278.82
2025-10-16,10:18:40.317369629,T,IBM,,100,278.875
2025-10-16,10:18:40.319910662,T,IBM,,100,278.875
2025-10-16,10:18:40.325488873,T,IBM,,100,278.875
2025-10-16,10:18:40.328063089,T,IBM,,150,278.875
2025-10-16,10:18:40.344990367,T,IBM,,100,278.875
2025-10-16,10:18:40.348316278,T,IBM,,150,278.875
2025-10-16,10:18:40.355211677,T,IBM,,100,278.875
2025-10-16,10:18:40.358663863,T,IBM,,150,278.875
2025-10-16,10:18:40.362879911,T,IBM,,100,278.875
2025-10-16,10:18:40.365411925,T,IBM,,100,278.875
2025-10-16,10:18:40.515932324,T,IBM,,100,278.875
2025-10-16,10:18:47.296988619,T,IBM,F I,1,278.94
2025-10-16,10:18:47.296988619,T,IBM,F I,64,279.0
2025-10-16,10:18:47.297007348,T,IBM,I,1,279.0
2025-10-16,10:18:47.297205161,T,IBM,F I,1,279.03
2025-10-16,10:18:47.297538912,T,IBM,,100,279.01
2025-10-16,10:18:47.301881298,T,IBM,I,24,279.04
2025-10-16,10:18:47.306139459,T,IBM,F I,3,278.99
2025-10-16,10:18:47.306163534,T,IBM,F I,97,278.99
2025-10-16,10:18:56.159654598,T,IBM,I,10,279.03
2025-10-16,10:18:56.159657603,T,IBM,I,25,279.05
2025-10-16,10:19:22.379002273,T,IBM,F I,10,278.96
2025-10-16,10:19:22.379002273,T,IBM,F I,2,278.87
2025-10-16,10:19:22.379002273,T,IBM,F I,5,278.87
2025-10-16,10:19:22.379008016,T,IBM,F,100,278.86
2025-10-16,10:19:22.379008016,T,IBM,F I,2,278.84
2025-10-16,10:19:22.379011838,T,IBM,F,100,278.84
2025-10-16,10:19:22.379011838,T,IBM,F I,86,278.84
2025-10-16,10:19:22.381585033,T,IBM,F I,30,278.9
2025-10-16,10:19:22.633221068,T,IBM,I,2,278.9
2025-10-16,10:19:22.703555512,T,IBM,I,2,278.9
2025-10-16,10:19:29.242715983,T,IBM,F,100,278.905
2025-10-16,10:19:29.242719318,T,IBM,F I,25,278.905
2025-10-16,10:19:29.242722894,T,IBM,F I,50,278.905
2025-10-16,10:19:29.242722894,T,IBM,F,100,278.95
2025-10-16,10:19:29.242728184,T,IBM,F I,25,278.95
2025-10-16,10:19:29.242732572,T,IBM,F,100,278.96
2025-10-16,10:19:29.242732572,T,IBM,F,110,278.96
2025-10-16,10:19:29.242734098,T,IBM,,190,278.96
2025-10-16,10:19:29.242746162,T,IBM,I,45,278.95
2025-10-16,10:19:29.242818501,T,IBM,F I,55,278.96
2025-10-16,10:19:30.423639440,T,IBM,I,30,278.93
2025-10-16,10:19:30.423639440,T,IBM,I,45,278.93
2025-10-16,10:19:30.423645518,T,IBM,,100,278.94
2025-10-16,10:19:30.423648467,T,IBM,I,4,278.95
2025-10-16,10:19:30.423670252,T,IBM,F I,96,278.95
2025-10-16,10:19:30.423670252,T,IBM,F I,14,278.95
2025-10-16,10:19:30.423672911,T,IBM,F I,11,278.95
2025-10-16,10:19:30.423672911,T,IBM,F,100,278.95
2025-10-16,10:19:30.483674346,T,IBM,F I,5,278.94
2025-10-16,10:19:30.483707400,T,IBM,F,100,278.94
2025-10-16,10:19:36.498617845,T,IBM,F I,18,278.895
2025-10-16,10:19:39.671453171,T,IBM,F I,20,278.86
2025-10-16,10:19:39.795285623,T,IBM,F I,20,278.86
2025-10-16,10:19:39.795288411,T,IBM,F I,1,278.85
2025-10-16,10:19:39.795288411,T,IBM,F I,5,278.85
2025-10-16,10:19:39.795291360,T,IBM,F,100,278.85
2025-10-16,10:19:39.795294064,T,IBM,F I,49,278.85
2025-10-16,10:19:39.795315755,T,IBM,I,1,278.85
2025-10-16,10:19:39.795318160,T,IBM,F I,19,278.85
2025-10-16,10:19:39.795985697,T,IBM,,100,278.84
2025-10-16,10:19:39.795985697,T,IBM,I,40,278.85
2025-10-16,10:19:39.796009791,T,IBM,,129,278.85
2025-10-16,10:19:39.796015818,T,IBM,I,1,278.85
2025-10-16,10:19:56.702155365,T,IBM,F I,32,278.84
2025-10-16,10:20:00.786334519,T,IBM,F I,30,278.84
2025-10-16,10:20:00.786337759,T,IBM,F I,1,278.83
2025-10-16,10:20:00.786337759,T,IBM,F,100,278.82
2025-10-16,10:20:00.786340485,T,IBM,F I,10,278.82
2025-10-16,10:20:00.786385617,T,IBM,,100,278.82
2025-10-16,10:20:00.786911860,T,IBM,F I,10,278.81
2025-10-16,10:20:00.787146377,T,IBM,F I,90,278.81
2025-10-16,10:20:00.787853106,T,IBM,F,100,278.84
2025-10-16,10:20:00.788565707,T,IBM,I,10,278.8
2025-10-16,10:20:00.965804719,T,IBM,F I,20,278.77
2025-10-16,10:20:00.965808056,T,IBM,F,100,278.76
2025-10-16,10:20:00.965810653,T,IBM,F I,27,278.76
2025-10-16,10:20:00.965810653,T,IBM,F I,19,278.76
2025-10-16,10:20:00.965813728,T,IBM,F I,9,278.76
2025-10-16,10:20:00.965928001,T,IBM,I,15,278.75
2025-10-16,10:20:00.965928001,T,IBM,I,85,278.75
2025-10-16,10:20:00.965955160,T,IBM,F I,15,278.75
2025-10-16,10:20:00.965958106,T,IBM,F I,20,278.75
2025-10-16,10:20:00.965958106,T,IBM,F I,10,278.75
2025-10-16,10:20:00.966315866,T,IBM,F,100,278.75
2025-10-16,10:20:00.966330889,T,IBM,F I,12,278.75
2025-10-16,10:20:00.966352052,T,IBM,F I,88,278.75
2025-10-16,10:20:00.966781963,T,IBM,F I,12,278.74
2025-10-16,10:20:00.966830307,T,IBM,F I,6,278.73
2025-10-16,10:20:00.966830307,T,IBM,F I,1,278.73
2025-10-16,10:20:02.967962150,T,IBM,F I,21,278.66
2025-10-16,10:20:02.968163573,T,IBM,F,100,278.66
2025-10-16,10:20:02.968163573,T,IBM,F I,16,278.65
2025-10-16,10:20:05.512100321,T,IBM,I,2,278.73
2025-10-16,10:20:05.512103017,T,IBM,I,5,278.73
2025-10-16,10:20:05.512105920,T,IBM,I,93,278.74
2025-10-16,10:20:05.519416407,T,IBM,I,19,278.79
2025-10-16,10:20:05.519416407,T,IBM,I,5,278.79
2025-10-16,10:20:05.519416407,T,IBM,I,2,278.79
2025-10-16,10:20:08.993647236,T,IBM,,100,278.79
2025-10-16,10:20:10.964406911,T,IBM,F I,5,278.85
2025-10-16,10:20:12.979655179,T,IBM,F I,10,278.75
2025-10-16,10:20:12.979658150,T,IBM,F,100,278.73
2025-10-16,10:20:12.979660516,T,IBM,F,100,278.72
2025-10-16,10:20:12.979663676,T,IBM,F,100,278.72
2025-10-16,10:20:12.979663676,T,IBM,F,100,278.71
2025-10-16,10:20:12.979666919,T,IBM,F I,4,278.71
2025-10-16,10:20:12.979669592,T,IBM,F I,2,278.7
2025-10-16,10:20:12.979669592,T,IBM,F I,5,278.69
2025-10-16,10:20:12.979672576,T,IBM,F,100,278.69
2025-10-16,10:20:12.979672576,T,IBM,F I,37,278.69
2025-10-16,10:20:12.979831972,T,IBM,F I,53,278.74
2025-10-16,10:20:12.979858990,T,IBM,I,47,278.74
2025-10-16,10:20:12.979862047,T,IBM,I,11,278.75
2025-10-16,10:20:12.979862047,T,IBM,F I,89,278.75
2025-10-16,10:20:12.980045458,T,IBM,F I,5,278.8
2025-10-16,10:20:12.980063504,T,IBM,F I,95,278.8
2025-10-16,10:20:12.980063504,T,IBM,F I,28,278.81
2025-10-16,10:20:12.980079025,T,IBM,I,25,278.81
2025-10-16,10:20:12.980079025,T,IBM,I,5,278.81
2025-10-16,10:20:12.980081502,T,IBM,I,28,278.81
2025-10-16,10:20:31.209704956,T,IBM,F,100,278.76
2025-10-16,10:20:47.004284280,T,IBM,F I,5,278.73
2025-10-16,10:20:47.004284280,T,IBM,F I,63,278.72
2025-10-16,10:20:47.004287414,T,IBM,F,100,278.71
2025-10-16,10:20:47.004290376,T,IBM,F,100,278.7
2025-10-16,10:20:47.004290376,T,IBM,F I,53,278.7
2025-10-16,10:20:47.004293332,T,IBM,F I,1,278.7
2025-10-16,10:20:47.367654381,T,IBM,F I,3,278.66
2025-10-16,10:20:47.367900935,T,IBM,I,1,278.7
2025-10-16,10:20:47.368460660,T,IBM,F I,8,278.66
2025-10-16,10:20:47.368460660,T,IBM,F I,10,278.66
2025-10-16,10:20:47.368460660,T,IBM,F I,29,278.66
2025-10-16,10:20:47.387191906,T,IBM,F I,10,278.62
2025-10-16,10:20:47.390650118,T,IBM,F I,1,278.58
2025-10-16,10:20:47.397191256,T,IBM,F I,30,278.6
2025-10-16,10:20:47.397193660,T,IBM,F I,30,278.6
2025-10-16,10:20:47.397208688,T,IBM,I,1,278.6
2025-10-16,10:20:47.397214712,T,IBM,F I,40,278.6
2025-10-16,10:20:47.397238744,T,IBM,F I,29,278.6
2025-10-16,10:20:51.037576204,T,IBM,I,3,278.69
2025-10-16,10:20:51.037594160,T,IBM,F I,43,278.69
2025-10-16,10:20:51.037597195,T,IBM,F I,1,278.69
2025-10-16,10:20:51.046267047,T,IBM,I,10,278.79
2025-10-16,10:20:51.046267047,T,IBM,I,7,278.81
2025-10-16,10:20:51.049770222,T,IBM,I,22,278.82
2025-10-16,10:20:58.736754269,T,IBM,F I,10,278.67
2025-10-16,10:20:58.736760245,T,IBM,F,100,278.66
2025-10-16,10:20:58.736760245,T,IBM,F,100,278.64
2025-10-16,10:21:21.470154669,T,IBM,F I,5,278.64
2025-10-16,10:21:22.024509301,T,IBM,F I,69,278.64
2025-10-16,10:21:22.024758946,T,IBM,F,100,278.59
2025-10-16,10:21:22.024783262,T,IBM,F I,11,278.58
2025-10-16,10:21:22.024783262,T,IBM,F I,14,278.58
2025-10-16,10:21:22.025056578,T,IBM,F I,1,278.53
2025-10-16,10:21:22.025221982,T,IBM,F I,34,278.61
2025-10-16,10:21:22.025249057,T,IBM,F I,34,278.61
2025-10-16,10:21:22.026464023,T,IBM,F I,58,278.61
2025-10-16,10:21:22.027750976,T,IBM,I,12,278.58
2025-10-16,10:21:22.132192736,T,IBM,F,100,278.59
2025-10-16,10:21:22.132192736,T,IBM,F,100,278.58
2025-10-16,10:21:22.132195653,T,IBM,F I,5,278.53
2025-10-16,10:21:22.132198655,T,IBM,F I,1,278.52
2025-10-16,10:21:41.427706671,T,IBM,F I,1,278.52
2025-10-16,10:21:41.428341259,T,IBM,F I,43,278.5
2025-10-16,10:21:41.428344201,T,IBM,F I,5,278.5
2025-10-16,10:21:41.449520616,T,IBM,I,5,278.51
2025-10-16,10:21:41.449553594,T,IBM,F I,95,278.51
2025-10-16,10:21:45.405561565,T,IBM,F I,55,278.75
2025-10-16,10:21:45.405642664,T,IBM,F I,2,278.8
2025-10-16,10:21:48.447696776,T,IBM,F I,2,278.85
2025-10-16,10:21:48.447700032,T,IBM,F I,1,278.85
2025-10-16,10:21:48.447702771,T,IBM,F I,3,278.85
2025-10-16,10:21:48.448150918,T,IBM,F I,1,278.87
2025-10-16,10:22:26.867554208,T,IBM,I,42,278.8
2025-10-16,10:22:26.867554208,T,IBM,I,14,278.8
2025-10-16,10:22:26.872043833,T,IBM,I,9,278.83
2025-10-16,10:22:39.480799883,T,IBM,F I,10,278.77
2025-10-16,10:22:41.223018744,T,IBM,F I,20,278.76
2025-10-16,10:22:41.223018744,T,IBM,F I,36,278.75
2025-10-16,10:22:41.223021548,T,IBM,F I,64,278.75
2025-10-16,10:22:41.223021548,T,IBM,F I,5,278.75
2025-10-16,10:22:42.968647280,T,IBM,F I,2,278.75
2025-10-16,10:22:42.968647280,T,IBM,F I,1,278.73
2025-10-16,10:22:46.364737175,T,IBM,F I,1,278.71
2025-10-16,10:23:04.165876431,T,IBM,F I,2,278.87
2025-10-16,10:23:04.165879449,T,IBM,F I,5,278.87
2025-10-16,10:23:04.165966868,T,IBM,F I,1,278.88
2025-10-16,10:23:04.166291611,T,IBM,F I,11,278.95
2025-10-16,10:23:04.166297380,T,IBM,F,105,278.95
2025-10-16,10:23:04.166315408,T,IBM,F I,3,278.95
2025-10-16,10:23:04.166318429,T,IBM,F I,22,278.95
2025-10-16,10:23:04.166724470,T,IBM,F I,9,279.0
2025-10-16,10:23:04.166727389,T,IBM,F I,2,279.0
2025-10-16,10:23:04.166727389,T,IBM,F I,4,279.0
2025-10-16,10:23:04.167220607,T,IBM,F I,1,279.0
2025-10-16,10:23:04.167313888,T,IBM,F I,5,279.01
2025-10-16,10:23:04.167316873,T,IBM,F I,34,279.05
2025-10-16,10:23:04.167316873,T,IBM,F I,15,279.05
2025-10-16,10:23:04.167340867,T,IBM,F I,5,279.05
2025-10-16,10:23:07.250448986,T,IBM,I,2,278.99
2025-10-16,10:23:07.250448986,T,IBM,I,2,278.98
2025-10-16,10:23:07.250454757,T,IBM,I,10,278.97
2025-10-16,10:23:07.250454757,T,IBM,I,5,278.97
2025-10-16,10:23:07.250457743,T,IBM,I,81,278.97
2025-10-16,10:23:09.153120397,T,IBM,F I,5,278.97
2025-10-16,10:23:09.226119707,T,IBM,I,5,278.95
2025-10-16,10:23:09.226122131,T,IBM,I,2,278.95
2025-10-16,10:23:09.562923934,T,IBM,I,2,278.945
2025-10-16,10:23:26.015611289,T,IBM,F I,17,279.05
2025-10-16,10:23:26.015613985,T,IBM,F I,33,279.05
2025-10-16,10:23:26.015629944,T,IBM,I,1,279.05
2025-10-16,10:23:26.015632117,T,IBM,F I,66,279.05
2025-10-16,10:23:29.819946804,T,IBM,I,5,279.03
2025-10-16,10:23:29.819946804,T,IBM,I,5,279.06
2025-10-16,10:23:44.852936135,T,IBM,I,35,279.085
2025-10-16,10:23:45.520814008,T,IBM,I,35,279.09
2025-10-16,10:23:46.397094431,T,IBM,I,9,279.1
2025-10-16,10:23:46.397094431,T,IBM,I,26,279.1
2025-10-16,10:23:46.397112350,T,IBM,I,1,279.1
2025-10-16,10:23:46.397133379,T,IBM,F I,1,279.11
2025-10-16,10:24:01.628568039,T,IBM,I,1,279.13
2025-10-16,10:24:01.628880754,T,IBM,F I,2,279.16
2025-10-16,10:24:02.315318855,T,IBM,I,5,279.2
2025-10-16,10:24:04.531264355,T,IBM,F I,48,279.21
2025-10-16,10:24:06.383108853,T,IBM,F I,26,279.21
2025-10-16,10:24:07.206775796,T,IBM,F I,24,279.26
2025-10-16,10:24:07.822536661,T,IBM,,100,279.26
2025-10-16,10:24:07.855832005,T,IBM,F I,5,279.32
2025-10-16,10:24:07.856175417,T,IBM,F I,1,279.38
2025-10-16,10:24:52.372896136,T,IBM,F I,2,279.2
2025-10-16,10:24:52.372899181,T,IBM,F I,1,279.2
2025-10-16,10:24:52.373076627,T,IBM,F I,2,279.2
2025-10-16,10:24:52.373269042,T,IBM,I,55,279.2
2025-10-16,10:24:52.373296258,T,IBM,I,1,279.2
2025-10-16,10:24:52.373299073,T,IBM,F I,44,279.2
2025-10-16,10:24:52.461815303,T,IBM,F,100,279.16
2025-10-16,10:24:52.461817895,T,IBM,F,100,279.16
2025-10-16,10:24:52.461820835,T,IBM,F,104,279.16
2025-10-16,10:24:52.461839433,T,IBM,F,100,279.14
2025-10-16,10:24:52.461866009,T,IBM,F I,1,279.13
2025-10-16,10:24:54.540345208,T,IBM,F I,61,279.08
2025-10-16,10:24:58.996753446,T,IBM,F,224,279.01
2025-10-16,10:24:58.997069242,T,IBM,F I,76,279.01
2025-10-16,10:24:58.997171507,T,IBM,F I,5,279.0
2025-10-16,10:24:59.511191160,T,IBM,F,100,278.9
2025-10-16,10:24:59.511194199,T,IBM,F I,51,278.89
2025-10-16,10:25:01.068421474,T,IBM,I,2,279.0
2025-10-16,10:25:01.068421474,T,IBM,I,1,279.03
2025-10-16,10:25:01.068442498,T,IBM,I,1,279.03
2025-10-16,10:25:01.068911572,T,IBM,F I,1,279.03
2025-10-16,10:25:16.497053472,T,IBM,I,45,279.095
2025-10-16,10:25:16.497077600,T,IBM,F I,55,279.095
2025-10-16,10:25:26.759034641,T,IBM,I,6,279.14
2025-10-16,10:25:26.759067682,T,IBM,I,6,279.16
2025-10-16,10:25:26.759103749,T,IBM,F I,2,279.17
2025-10-16,10:25:26.759106827,T,IBM,F I,1,279.17
2025-10-16,10:25:26.759801470,T,IBM,I,1,279.21
2025-10-16,10:25:38.561101973,T,IBM,,100,279.18
2025-10-16,10:25:39.353774120,T,IBM,F I,2,279.14
2025-10-16,10:25:39.353774120,T,IBM,F I,5,279.13
2025-10-16,10:26:14.101450697,T,IBM,I,89,279.25
2025-10-16,10:26:14.101468682,T,IBM,I,1,279.22
2025-10-16,10:26:14.101498809,T,IBM,I,17,279.22
2025-10-16,10:26:17.493021407,T,IBM,F I,9,279.19
2025-10-16,10:26:17.493023981,T,IBM,F I,5,279.15
2025-10-16,10:26:17.493023981,T,IBM,F I,3,279.15
2025-10-16,10:26:17.493026997,T,IBM,F I,1,279.12
2025-10-16,10:26:17.493029923,T,IBM,F,100,279.12
2025-10-16,10:26:17.493029923,T,IBM,F I,20,279.04
2025-10-16,10:26:17.493032820,T,IBM,F I,1,279.04
2025-10-16,10:26:17.493035852,T,IBM,F I,31,279.04
2025-10-16,10:26:17.493252334,T,IBM,I,22,279.22
2025-10-16,10:26:17.493276356,T,IBM,I,1,279.22
2025-10-16,10:26:17.493279927,T,IBM,F I,1,279.12
2025-10-16,10:26:17.493282382,T,IBM,F I,1,279.12
2025-10-16,10:26:17.494788986,T,IBM,F I,5,279.13
2025-10-16,10:26:17.494792054,T,IBM,F I,20,279.12
2025-10-16,10:26:17.494795042,T,IBM,F I,9,279.12
2025-10-16,10:26:17.494813115,T,IBM,I,1,279.12
2025-10-16,10:26:19.124684178,T,IBM,F,100,279.13
2025-10-16,10:26:20.158127426,T,IBM,F I,5,279.1
2025-10-16,10:26:20.158127426,T,IBM,F I,3,279.1
2025-10-16,10:26:20.158223667,T,IBM,F I,1,279.08
2025-10-16,10:26:27.077859213,T,IBM,I,8,279.09
2025-10-16,10:26:27.077862276,T,IBM,I,14,279.09
2025-10-16,10:26:27.077876938,T,IBM,I,1,279.09
2025-10-16,10:26:30.966452190,T,IBM,F,100,279.05
2025-10-16,10:26:30.966452190,T,IBM,F I,22,279.05
2025-10-16,10:26:30.967177643,T,IBM,F I,2,279.0
2025-10-16,10:26:30.967180017,T,IBM,F I,7,279.0
2025-10-16,10:26:31.800132878,T,IBM,I,1,278.91
2025-10-16,10:26:31.827242393,T,IBM,I,1,278.9
2025-10-16,10:26:31.828942188,T,IBM,I,1,278.9
2025-10-16,10:26:33.465789227,T,IBM,F I,99,278.89
2025-10-16,10:26:33.465831530,T,IBM,I,20,278.88
2025-10-16,10:26:33.546522336,T,IBM,F I,34,278.86
2025-10-16,10:26:33.547292212,T,IBM,F I,1,278.85
2025-10-16,10:26:33.547728215,T,IBM,I,1,278.85
2025-10-16,10:26:33.547806428,T,IBM,F I,1,278.84
2025-10-16,10:26:33.547818498,T,IBM,F I,1,278.84
2025-10-16,10:26:33.547818498,T,IBM,F I,1,278.84
2025-10-16,10:26:33.547941777,T,IBM,F I,1,278.84
2025-10-16,10:26:33.549725014,T,IBM,I,4,278.85
2025-10-16,10:26:34.039476900,T,IBM,F I,1,278.79
2025-10-16,10:26:38.522690736,T,IBM,I,1,278.88
2025-10-16,10:26:41.116943125,T,IBM,F I,2,278.77
2025-10-16,10:26:41.116946494,T,IBM,F I,98,278.74
2025-10-16,10:26:41.117039376,T,IBM,F I,1,278.74
2025-10-16,10:26:41.117042098,T,IBM,F I,1,278.74
2025-10-16,10:26:47.162998398,T,IBM,F I,1,278.68
2025-10-16,10:26:52.574784031,T,IBM,F I,33,278.58
2025-10-16,10:26:52.576621422,T,IBM,F I,17,278.55
2025-10-16,10:26:53.038653305,T,IBM,F I,5,278.55
2025-10-16,10:26:53.039260731,T,IBM,I,5,278.55
2025-10-16,10:26:53.039375008,T,IBM,I,5,278.54
2025-10-16,10:26:53.044240563,T,IBM,F I,5,278.54
2025-10-16,10:26:53.045107034,T,IBM,F I,2,278.54
2025-10-16,10:26:53.045109897,T,IBM,F I,6,278.54
2025-10-16,10:26:53.045109897,T,IBM,F I,7,278.54
2025-10-16,10:26:53.045172845,T,IBM,I,16,278.6
2025-10-16,10:27:12.090490932,T,IBM,I,2,278.62
2025-10-16,10:27:12.090490932,T,IBM,I,32,278.63
2025-10-16,10:27:18.662667514,T,IBM,F I,2,278.56
2025-10-16,10:27:18.662669970,T,IBM,F I,6,278.55
2025-10-16,10:27:18.662673085,T,IBM,F I,1,278.55
2025-10-16,10:27:18.662673085,T,IBM,F I,25,278.53
2025-10-16,10:27:18.708066036,T,IBM,I,35,278.55
2025-10-16,10:27:43.153925804,T,IBM,F I,2,278.56
2025-10-16,10:27:48.215344193,T,IBM,F I,3,278.66
2025-10-16,10:27:49.743137321,T,IBM,F I,2,278.69
2025-10-16,10:27:55.209776470,T,IBM,F I,1,278.79
2025-10-16,10:27:55.209809496,T,IBM,F I,4,278.81
2025-10-16,10:27:55.209815495,T,IBM,F,100,278.83
2025-10-16,10:27:55.209854643,T,IBM,F I,1,278.87
2025-10-16,10:27:55.210263616,T,IBM,F,100,278.83
2025-10-16,10:27:55.210284600,T,IBM,I,1,278.83
2025-10-16,10:27:55.211379240,T,IBM,,100,278.88
2025-10-16,10:28:00.079284134,T,IBM,F I,5,278.9
2025-10-16,10:28:00.079284134,T,IBM,F I,14,278.89
2025-10-16,10:28:15.748732513,T,IBM,F I,19,278.72
2025-10-16,10:28:15.748732513,T,IBM,F I,17,278.72
2025-10-16,10:28:53.368435438,T,IBM,I,2,278.85
2025-10-16,10:28:53.369343611,T,IBM,F I,54,278.79
2025-10-16,10:29:03.074323699,T,IBM,I,6,278.79
2025-10-16,10:29:03.074410932,T,IBM,I,94,278.79
2025-10-16,10:29:11.610280263,T,IBM,F I,57,278.69
2025-10-16,10:29:11.610286150,T,IBM,F,100,278.69
2025-10-16,10:29:11.610286150,T,IBM,F I,20,278.68
2025-10-16,10:29:11.610289305,T,IBM,F,100,278.68
2025-10-16,10:29:11.610289305,T,IBM,F I,2,278.68
2025-10-16,10:29:11.610291852,T,IBM,F,100,278.67
2025-10-16,10:29:11.610291852,T,IBM,F I,99,278.67
2025-10-16,10:29:11.610303880,T,IBM,I,1,278.67
2025-10-16,10:29:11.610313180,T,IBM,F I,25,278.67
2025-10-16,10:29:11.610316209,T,IBM,F I,7,278.67
2025-10-16,10:29:11.610316209,T,IBM,F I,5,278.67
2025-10-16,10:29:11.618074298,T,IBM,I,45,278.73
2025-10-16,10:29:11.618074298,T,IBM,I,32,278.74
2025-10-16,10:29:11.703528843,T,IBM,I,2,278.74
2025-10-16,10:29:11.703558882,T,IBM,I,2,278.75
2025-10-16,10:29:40.570516616,T,IBM,F I,1,278.7
2025-10-16,10:29:50.049382452,T,IBM,I,2,278.82
2025-10-16,10:29:53.200776776,T,IBM,I,5,278.87
2025-10-16,10:29:53.200776776,T,IBM,I,15,278.88
2025-10-16,10:29:54.556178732,T,IBM,I,5,278.83
2025-10-16,10:29:54.556178732,T,IBM,I,2,278.84
2025-10-16,10:29:54.556181542,T,IBM,I,93,278.85
2025-10-16,10:30:05.673038934,T,IBM,F,100,278.8
2025-10-16,10:30:13.103853997,T,IBM,F I,1,278.95
2025-10-16,10:30:13.104181791,T,IBM,I,35,278.99
2025-10-16,10:30:13.104211807,T,IBM,I,2,279.01
2025-10-16,10:30:13.104211807,T,IBM,I,8,279.01
2025-10-16,10:30:13.104214866,T,IBM,F I,6,279.03
2025-10-16,10:30:13.104218573,T,IBM,F I,1,279.03
2025-10-16,10:30:13.104870406,T,IBM,F I,6,279.04
2025-10-16,10:30:13.105150067,T,IBM,F I,16,279.05
2025-10-16,10:30:13.105174082,T,IBM,F I,4,279.05
2025-10-16,10:30:13.301866315,T,IBM,,100,279.04
2025-10-16,10:30:14.410467520,T,IBM,,100,279.04
2025-10-16,10:30:15.445453470,T,IBM,,100,279.04
2025-10-16,10:30:15.445483598,T,IBM,F I,50,279.04
2025-10-16,10:30:15.445483598,T,IBM,F I,50,279.05
2025-10-16,10:30:15.445489723,T,IBM,F I,50,279.05
2025-10-16,10:30:15.445507566,T,IBM,F I,5,279.07
2025-10-16,10:30:15.446436886,T,IBM,F I,3,279.09
2025-10-16,10:30:15.446436886,T,IBM,F I,27,279.09
2025-10-16,10:30:15.450228911,T,IBM,,100,279.14
2025-10-16,10:30:18.472192107,T,IBM,F I,10,279.105
2025-10-16,10:30:18.472192107,T,IBM,F I,3,279.105
2025-10-16,10:30:25.112456179,T,IBM,I,2,279.02
2025-10-16,10:30:25.112456179,T,IBM,I,31,279.01
2025-10-16,10:30:32.436304697,T,IBM,I,8,279.23
2025-10-16,10:30:39.632133034,T,IBM,I,42,279.23
2025-10-16,10:30:39.632135243,T,IBM,I,25,279.23
2025-10-16,10:30:39.632162307,T,IBM,F I,30,279.24
2025-10-16,10:30:39.632162307,T,IBM,F I,30,279.24
2025-10-16,10:30:39.632165398,T,IBM,F I,60,279.24
2025-10-16,10:30:39.632165398,T,IBM,F I,9,279.24
2025-10-16,10:30:39.632189414,T,IBM,F I,91,279.24
2025-10-16,10:30:39.632192465,T,IBM,F I,12,279.24
2025-10-16,10:30:41.180584629,T,IBM,I,20,279.23
2025-10-16,10:30:41.613480148,T,IBM,,100,279.23
2025-10-16,10:30:45.640535102,T,IBM,F,100,279.17
2025-10-16,10:30:48.905928245,T,IBM,F,100,279.11
2025-10-16,10:30:48.905928245,T,IBM,F I,12,279.11
2025-10-16,10:30:48.905931067,T,IBM,F I,5,279.11
2025-10-16,10:30:55.609453915,T,IBM,F I,34,278.97
2025-10-16,10:30:56.174946785,T,IBM,F I,34,278.89
2025-10-16,10:30:57.185544612,T,IBM,,100,278.85
2025-10-16,10:31:15.912115896,T,IBM,F I,20,278.8
2025-10-16,10:31:15.912115896,T,IBM,F I,18,278.8
2025-10-16,10:31:15.936269346,T,IBM,I,25,278.75
2025-10-16,10:31:16.320972242,T,IBM,F I,4,278.7
2025-10-16,10:31:16.320975214,T,IBM,F I,20,278.7
2025-10-16,10:31:16.321561802,T,IBM,F I,26,278.7
2025-10-16,10:31:16.321618741,T,IBM,I,26,278.7
2025-10-16,10:31:16.322072823,T,IBM,I,4,278.73
2025-10-16,10:31:16.335987022,T,IBM,F,100,278.69
2025-10-16,10:31:16.336035136,T,IBM,F,100,278.69
2025-10-16,10:31:17.481149177,T,IBM,I,28,278.81
2025-10-16,10:31:20.881205633,T,IBM,F I,1,278.71
2025-10-16,10:31:20.881205633,T,IBM,F I,2,278.7
2025-10-16,10:31:20.881208494,T,IBM,F I,35,278.69
2025-10-16,10:31:36.757823171,T,IBM,F I,1,278.86
2025-10-16,10:31:36.757838201,T,IBM,I,1,278.88
2025-10-16,10:31:52.800156206,T,IBM,I,21,278.91
2025-10-16,10:31:54.542206461,T,IBM,F I,1,278.9
2025-10-16,10:32:01.798078836,T,IBM,F I,5,278.83
2025-10-16,10:32:01.798081096,T,IBM,F I,30,278.8
2025-10-16,10:32:17.282502025,T,IBM,F I,1,278.72
2025-10-16,10:32:17.282502025,T,IBM,F I,5,278.71
2025-10-16,10:32:17.282504994,T,IBM,F I,1,278.7
2025-10-16,10:32:17.282508232,T,IBM,F I,10,278.7
2025-10-16,10:32:17.282508232,T,IBM,F I,26,278.64
2025-10-16,10:32:17.282511200,T,IBM,F I,7,278.64
2025-10-16,10:32:17.282511200,T,IBM,F I,10,278.64
2025-10-16,10:32:17.282962050,T,IBM,F I,58,278.63
2025-10-16,10:32:17.283205687,T,IBM,F I,1,278.63
2025-10-16,10:32:17.284577074,T,IBM,F I,7,278.63
2025-10-16,10:32:17.284577074,T,IBM,F I,4,278.63
2025-10-16,10:32:17.284580134,T,IBM,F I,6,278.63
2025-10-16,10:32:17.284582896,T,IBM,F I,4,278.62
2025-10-16,10:32:17.716101273,T,IBM,F I,7,278.56
2025-10-16,10:32:17.717334198,T,IBM,F I,34,278.55
2025-10-16,10:32:17.717358408,T,IBM,F I,1,278.54
2025-10-16,10:32:17.717358408,T,IBM,F I,7,278.54
2025-10-16,10:32:27.814505294,T,IBM,F I,20,278.51
2025-10-16,10:32:27.814508681,T,IBM,F I,2,278.5
2025-10-16,10:32:27.814514121,T,IBM,F I,19,278.5
2025-10-16,10:32:27.814514121,T,IBM,F I,1,278.5
2025-10-16,10:32:27.814517050,T,IBM,F I,10,278.5
2025-10-16,10:32:27.814517050,T,IBM,F I,75,278.5
2025-10-16,10:32:27.814589219,T,IBM,F I,8,278.52
2025-10-16,10:32:27.814751588,T,IBM,F I,16,278.49
2025-10-16,10:32:27.814803290,T,IBM,I,15,278.52
2025-10-16,10:32:27.814844837,T,IBM,F I,7,278.52
2025-10-16,10:32:27.814938489,T,IBM,I,25,278.52
2025-10-16,10:32:27.815040385,T,IBM,I,15,278.54
2025-10-16,10:32:27.815043334,T,IBM,I,10,278.54
2025-10-16,10:32:27.815061348,T,IBM,I,1,278.54
2025-10-16,10:32:27.815079418,T,IBM,I,16,278.54
2025-10-16,10:32:30.955431578,T,IBM,F I,80,278.51
2025-10-16,10:32:30.955434501,T,IBM,F I,2,278.51
2025-10-16,10:32:30.957277963,T,IBM,F I,20,278.51
2025-10-16,10:32:30.957283982,T,IBM,F,100,278.5
2025-10-16,10:32:30.957286999,T,IBM,F I,60,278.5
2025-10-16,10:32:30.957317091,T,IBM,F I,20,278.5
2025-10-16,10:32:30.970762011,T,IBM,F I,1,278.49
2025-10-16,10:32:30.971170991,T,IBM,F I,1,278.49
2025-10-16,10:32:30.971231143,T,IBM,F I,1,278.49
2025-10-16,10:32:30.971285324,T,IBM,F I,1,278.49
2025-10-16,10:32:30.971339416,T,IBM,F I,1,278.49
2025-10-16,10:32:30.971399536,T,IBM,F I,1,278.48
2025-10-16,10:32:30.971453727,T,IBM,I,15,278.53
2025-10-16,10:32:30.971463399,T,IBM,F I,1,278.45
2025-10-16,10:32:30.971463399,T,IBM,F I,7,278.45
2025-10-16,10:32:30.972094223,T,IBM,I,5,278.55
2025-10-16,10:32:30.972106269,T,IBM,F I,30,278.48
2025-10-16,10:32:30.972109219,T,IBM,F I,12,278.48
2025-10-16,10:32:30.972127256,T,IBM,I,1,278.51
2025-10-16,10:32:30.972289668,T,IBM,F I,20,278.51
2025-10-16,10:32:30.972521378,T,IBM,F I,5,278.5
2025-10-16,10:32:30.972521378,T,IBM,F I,14,278.48
2025-10-16,10:32:30.972524255,T,IBM,F I,6,278.48
2025-10-16,10:32:33.024389850,T,IBM,F I,5,278.5
2025-10-16,10:32:46.930542578,T,IBM,F I,20,278.5
2025-10-16,10:32:48.915872018,T,IBM,F I,39,278.46
2025-10-16,10:32:48.917285318,T,IBM,F,100,278.45
2025-10-16,10:32:48.917285318,T,IBM,F I,32,278.42
2025-10-16,10:32:48.917285318,T,IBM,F I,7,278.42
2025-10-16,10:32:48.917522897,T,IBM,F I,10,278.47
2025-10-16,10:32:48.917526001,T,IBM,F I,16,278.49
2025-10-16,10:32:48.917537932,T,IBM,F I,10,278.49
2025-10-16,10:32:48.917537932,T,IBM,F,100,278.49
2025-10-16,10:32:48.918593454,T,IBM,F I,2,278.5
2025-10-16,10:32:48.918593454,T,IBM,F I,11,278.49
2025-10-16,10:32:49.359388839,T,IBM,F I,89,278.49
2025-10-16,10:32:49.359392444,T,IBM,F,200,278.49
2025-10-16,10:32:49.359395041,T,IBM,F I,34,278.49
2025-10-16,10:32:49.359395041,T,IBM,F I,80,278.49
2025-10-16,10:32:49.359397827,T,IBM,F I,4,278.49
2025-10-16,10:33:01.560187804,T,IBM,F I,1,278.45
2025-10-16,10:33:01.560191201,T,IBM,F I,5,278.44
2025-10-16,10:33:01.560194500,T,IBM,F I,5,278.44
2025-10-16,10:33:01.560194500,T,IBM,F I,20,278.42
2025-10-16,10:33:01.560199755,T,IBM,F,100,278.41
2025-10-16,10:33:01.560199755,T,IBM,F I,10,278.41
2025-10-16,10:33:01.560202817,T,IBM,F I,1,278.41
2025-10-16,10:33:06.260256898,T,IBM,F I,6,278.37
2025-10-16,10:33:06.260256898,T,IBM,F I,3,278.37
2025-10-16,10:33:06.260260330,T,IBM,F,100,278.37
2025-10-16,10:33:06.260260330,T,IBM,F I,20,278.32
2025-10-16,10:33:06.260263864,T,IBM,F I,7,278.31
2025-10-16,10:33:06.260265976,T,IBM,F,100,278.31
2025-10-16,10:33:06.260268997,T,IBM,F I,2,278.31
2025-10-16,10:33:06.260268997,T,IBM,F I,50,278.31
2025-10-16,10:33:06.260332183,T,IBM,F I,10,278.4
2025-10-16,10:33:06.260395457,T,IBM,F I,6,278.4
2025-10-16,10:33:06.260398665,T,IBM,F I,1,278.4
2025-10-16,10:33:06.260398665,T,IBM,F I,1,278.4
2025-10-16,10:33:06.260602834,T,IBM,F I,5,278.4
2025-10-16,10:33:08.049212810,T,IBM,F,100,278.31
2025-10-16,10:33:08.049230868,T,IBM,I,1,278.31
2025-10-16,10:33:08.049233892,T,IBM,I,74,278.31
2025-10-16,10:33:08.049233892,T,IBM,F I,5,278.31
2025-10-16,10:33:08.049270070,T,IBM,F I,1,278.3
2025-10-16,10:33:13.490540728,T,IBM,F I,2,278.31
2025-10-16,10:33:15.709171739,T,IBM,F I,39,278.2
2025-10-16,10:33:15.709385420,T,IBM,I,40,278.27
2025-10-16,10:33:15.709685857,T,IBM,F I,1,278.19
2025-10-16,10:33:15.709715975,T,IBM,F I,1,278.19
2025-10-16,10:33:15.709746036,T,IBM,F I,1,278.19
2025-10-16,10:33:15.710296368,T,IBM,F I,11,278.3
2025-10-16,10:33:15.710320389,T,IBM,F I,4,278.3
2025-10-16,10:33:15.710329401,T,IBM,F I,17,278.3
2025-10-16,10:33:16.199696426,T,IBM,F I,57,278.25
2025-10-16,10:33:16.209695270,T,IBM,I,5,278.32
2025-10-16,10:33:16.209698250,T,IBM,I,10,278.325
2025-10-16,10:33:16.292819145,T,IBM,F I,5,278.35
2025-10-16,10:33:16.292837108,T,IBM,F I,5,278.37
2025-10-16,10:33:16.292840152,T,IBM,F,100,278.37
2025-10-16,10:33:20.060666013,T,IBM,F,100,278.49
2025-10-16,10:33:23.530115574,T,IBM,I,45,278.47
2025-10-16,10:33:23.530118638,T,IBM,I,10,278.48
2025-10-16,10:33:31.194747533,T,IBM,F I,2,278.51
2025-10-16,10:33:31.332120617,T,IBM,F I,2,278.55
2025-10-16,10:33:38.733027623,T,IBM,F,100,278.48
2025-10-16,10:33:58.723042175,T,IBM,F,100,278.46
2025-10-16,10:33:58.723045236,T,IBM,F I,2,278.44
2025-10-16,10:33:58.723048040,T,IBM,F I,5,278.41
2025-10-16,10:33:58.723048040,T,IBM,F,100,278.4
2025-10-16,10:33:58.723051152,T,IBM,F I,2,278.4
2025-10-16,10:33:58.723054281,T,IBM,F I,1,278.39
2025-10-16,10:33:58.723054281,T,IBM,F I,2,278.38
2025-10-16,10:33:58.723057091,T,IBM,F I,32,278.36
2025-10-16,10:33:58.723060148,T,IBM,F,100,278.36
2025-10-16,10:33:58.723063299,T,IBM,F I,20,278.35
2025-10-16,10:33:58.723063299,T,IBM,F I,82,278.34
2025-10-16,10:33:58.723069204,T,IBM,I,1,278.34
2025-10-16,10:34:12.642080575,T,IBM,F I,12,278.47
2025-10-16,10:34:51.086344713,T,IBM,I,1,278.48
2025-10-16,10:34:51.869021094,T,IBM,F I,1,278.56
2025-10-16,10:34:55.260062014,T,IBM,F I,8,278.52
2025-10-16,10:34:55.260092090,T,IBM,I,8,278.52
2025-10-16,10:34:55.781855279,T,IBM,F I,5,278.5
2025-10-16,10:34:55.781855279,T,IBM,F I,61,278.42
2025-10-16,10:34:57.732960659,T,IBM,F,100,278.46
2025-10-16,10:34:57.732963386,T,IBM,F,100,278.45
2025-10-16,10:34:57.732963386,T,IBM,F I,10,278.45
2025-10-16,10:34:57.732966756,T,IBM,F I,11,278.45
2025-10-16,10:34:57.732969234,T,IBM,F I,7,278.45
2025-10-16,10:34:57.732969234,T,IBM,F I,1,278.45
2025-10-16,10:34:57.734617201,T,IBM,F I,10,278.4
2025-10-16,10:34:58.848285470,T,IBM,I,1,278.29
2025-10-16,10:34:58.854465189,T,IBM,I,20,278.29
2025-10-16,10:35:02.140234529,T,IBM,F I,15,278.29
2025-10-16,10:35:02.140261567,T,IBM,F I,1,278.29
2025-10-16,10:35:02.152768301,T,IBM,F I,5,278.28
2025-10-16,10:35:02.152771347,T,IBM,F I,10,278.28
2025-10-16,10:35:02.153171257,T,IBM,I,1,278.28
2025-10-16,10:35:08.336073792,T,IBM,F I,1,278.27
2025-10-16,10:35:08.336073792,T,IBM,F I,10,278.27
2025-10-16,10:35:08.569164717,T,IBM,I,5,278.29
2025-10-16,10:35:10.885894970,T,IBM,F I,30,278.42
2025-10-16,10:35:17.718196271,T,IBM,F I,5,278.29
