DATE,TIME_M,EX,SYM_ROOT,TR_SCOND,SIZE,PRICE
2025-10-21,9:30:17.441178993,T,IBM,,100,282.77
2025-10-21,9:30:17.441178993,T,IBM,Q,100,282.77
2025-10-21,9:30:17.539482671,T,IBM,I,2,282.65
2025-10-21,9:30:18.048925551,T,IBM,I,8,282.76
2025-10-21,9:30:21.332102777,T,IBM,F,100,282.72
2025-10-21,9:30:23.111279389,T,IBM,F I,5,282.8
2025-10-21,9:30:23.111754597,T,IBM,F I,1,282.85
2025-10-21,9:30:23.111919966,T,IBM,F I,3,282.85
2025-10-21,9:30:23.112825142,T,IBM,F,100,282.86
2025-10-21,9:30:56.640168117,T,IBM,F,100,282.77
2025-10-21,9:30:56.964394055,T,IBM,F,100,282.87
2025-10-21,9:31:19.804080278,T,IBM,F I,2,282.93
2025-10-21,9:31:19.804480204,T,IBM,F I,2,282.92
2025-10-21,9:31:19.804573470,T,IBM,F I,2,283.0
2025-10-21,9:31:19.804630526,T,IBM,F I,6,283.03
2025-10-21,9:31:21.333145592,T,IBM,I,10,283.0
2025-10-21,9:31:21.333148620,T,IBM,F I,50,283.02
2025-10-21,9:31:21.333214797,T,IBM,F,100,283.0
2025-10-21,9:31:21.830613846,T,IBM,I,3,282.96
2025-10-21,9:31:29.242169335,T,IBM,I,1,283.06
2025-10-21,9:31:29.742211768,T,IBM,F I,1,282.97
2025-10-21,9:31:56.316726053,T,IBM,I,1,283.11
2025-10-21,9:32:00.760305719,T,IBM,F I,71,282.83
2025-10-21,9:32:26.817453650,T,IBM,F I,6,283.17
2025-10-21,9:32:28.242681727,T,IBM,F I,6,283.22
2025-10-21,9:32:28.242703383,T,IBM,F I,18,283.24
2025-10-21,9:32:28.242703383,T,IBM,F I,45,283.35
2025-10-21,9:32:28.242708717,T,IBM,F,155,283.38
2025-10-21,9:32:33.931529113,T,IBM,F I,40,283.29
2025-10-21,9:32:35.407980963,T,IBM,F I,12,283.16
2025-10-21,9:32:35.407984069,T,IBM,F I,23,283.12
2025-10-21,9:33:14.476324021,T,IBM,F I,50,283.32
2025-10-21,9:33:14.476324021,T,IBM,F I,1,283.35
2025-10-21,9:33:14.476327125,T,IBM,F,100,283.35
2025-10-21,9:33:14.476330088,T,IBM,F I,68,283.35
2025-10-21,9:33:14.476345122,T,IBM,F I,32,283.35
2025-10-21,9:33:14.476345122,T,IBM,F I,18,283.35
2025-10-21,9:33:36.631875534,T,IBM,I,3,283.48
2025-10-21,9:33:46.630234388,T,IBM,I,50,283.33
2025-10-21,9:33:50.104531640,T,IBM,,100,283.18
2025-10-21,9:34:01.493079268,T,IBM,I,78,282.88
2025-10-21,9:34:01.493314367,T,IBM,I,22,282.88
2025-10-21,9:34:01.493671592,T,IBM,F I,75,282.88
2025-10-21,9:34:01.493678028,T,IBM,I,25,282.88
2025-10-21,9:34:01.493707819,T,IBM,F I,1,282.87
2025-10-21,9:34:01.493707819,T,IBM,F I,4,282.87
2025-10-21,9:34:01.493710560,T,IBM,F I,40,282.87
2025-10-21,9:34:01.493713629,T,IBM,F I,67,282.87
2025-10-21,9:34:01.493975185,T,IBM,F I,68,282.88
2025-10-21,9:34:01.494032370,T,IBM,I,32,282.88
2025-10-21,9:34:01.494853276,T,IBM,F I,17,282.83
2025-10-21,9:34:01.494859318,T,IBM,F I,83,282.83
2025-10-21,9:34:01.504130441,T,IBM,F,100,282.89
2025-10-21,9:34:01.504184568,T,IBM,I,40,282.88
2025-10-21,9:34:01.504187484,T,IBM,I,6,282.78
2025-10-21,9:34:07.646583557,T,IBM,I,1,283.135
2025-10-21,9:34:09.949541163,T,IBM,I,3,283.135
2025-10-21,9:34:12.786019959,T,IBM,I,7,283.135
2025-10-21,9:34:12.786019959,T,IBM,I,10,283.135
2025-10-21,9:34:21.226700536,T,IBM,F,100,283.135
2025-10-21,9:34:37.939817314,T,IBM,,100,283.01
2025-10-21,9:34:52.500361420,T,IBM,F I,1,282.95
2025-10-21,9:34:59.026362702,T,IBM,I,10,282.95
2025-10-21,9:34:59.026362702,T,IBM,F I,10,282.95
2025-10-21,9:34:59.026368730,T,IBM,F I,80,282.95
2025-10-21,9:34:59.026443909,T,IBM,I,10,282.88
2025-10-21,9:34:59.028163998,T,IBM,,100,282.88
2025-10-21,9:35:03.629571420,T,IBM,,100,282.61
2025-10-21,9:35:03.629784992,T,IBM,I,14,282.57
2025-10-21,9:35:04.741056580,T,IBM,F I,5,282.58
2025-10-21,9:35:09.543603818,T,IBM,I,5,282.45
2025-10-21,9:35:09.543787302,T,IBM,F I,5,282.45
2025-10-21,9:35:10.106035724,T,IBM,I,3,282.29
2025-10-21,9:35:10.106035724,T,IBM,I,45,282.29
2025-10-21,9:35:14.679350413,T,IBM,F I,88,282.21
2025-10-21,9:35:14.679350413,T,IBM,F I,7,282.21
2025-10-21,9:35:14.679960834,T,IBM,F I,4,282.11
2025-10-21,9:35:14.679969905,T,IBM,F I,1,282.11
2025-10-21,9:35:14.679999951,T,IBM,F I,4,282.07
2025-10-21,9:35:14.688685053,T,IBM,I,19,282.13
2025-10-21,9:35:14.691348932,T,IBM,F,100,282.0
2025-10-21,9:35:14.691367349,T,IBM,I,1,282.0
2025-10-21,9:35:14.691403181,T,IBM,I,99,282.0
2025-10-21,9:35:14.691403181,T,IBM,I,39,282.09
2025-10-21,9:35:14.691409051,T,IBM,F,100,282.0
2025-10-21,9:35:14.691412974,T,IBM,F I,99,282.0
2025-10-21,9:35:14.691418672,T,IBM,,100,282.0
2025-10-21,9:35:14.691457244,T,IBM,F I,42,282.0
2025-10-21,9:35:14.691586515,T,IBM,I,58,282.0
2025-10-21,9:35:14.691590007,T,IBM,,100,282.0
2025-10-21,9:35:14.691590007,T,IBM,I,88,282.0
2025-10-21,9:35:14.691634718,T,IBM,I,36,282.0
2025-10-21,9:35:14.691637958,T,IBM,F I,64,282.0
2025-10-21,9:35:14.691641099,T,IBM,F I,36,282.0
2025-10-21,9:35:14.691671187,T,IBM,,100,282.0
2025-10-21,9:35:14.691671187,T,IBM,I,82,282.0
2025-10-21,9:35:14.691706878,T,IBM,,100,282.0
2025-10-21,9:35:14.691748920,T,IBM,I,83,282.0
2025-10-21,9:35:14.693889980,T,IBM,F,100,282.0
2025-10-21,9:35:14.693932087,T,IBM,,100,282.0
2025-10-21,9:35:14.694232884,T,IBM,F I,1,282.0
2025-10-21,9:35:14.694259945,T,IBM,,100,282.0
2025-10-21,9:35:14.694307990,T,IBM,F I,80,282.0
2025-10-21,9:35:14.694323070,T,IBM,F I,20,282.0
2025-10-21,9:35:14.694326041,T,IBM,F I,80,282.0
2025-10-21,9:35:14.694771399,T,IBM,F I,20,282.0
2025-10-21,9:35:14.694771399,T,IBM,F I,80,282.0
2025-10-21,9:35:14.694798197,T,IBM,I,20,282.0
2025-10-21,9:35:14.694798197,T,IBM,I,1,282.0
2025-10-21,9:35:14.720301901,T,IBM,F I,18,282.01
2025-10-21,9:35:16.668823749,T,IBM,I,8,282.24
2025-10-21,9:35:18.329846130,T,IBM,I,6,282.16
2025-10-21,9:35:18.929166934,T,IBM,I,20,282.21
2025-10-21,9:35:19.267935424,T,IBM,F I,55,282.01
2025-10-21,9:35:19.557557902,T,IBM,I,5,282.15
2025-10-21,9:35:19.923616451,T,IBM,I,1,282.155
2025-10-21,9:35:24.721520798,T,IBM,I,4,282.155
2025-10-21,9:35:25.927232127,T,IBM,I,3,282.22
2025-10-21,9:35:26.755469885,T,IBM,I,3,282.25
2025-10-21,9:35:27.800223199,T,IBM,I,10,282.3
2025-10-21,9:35:33.390941017,T,IBM,F I,1,282.14
2025-10-21,9:35:44.242879027,T,IBM,F I,41,282.03
2025-10-21,9:35:44.242999398,T,IBM,F,100,282.02
2025-10-21,9:35:44.242999398,T,IBM,I,41,282.01
2025-10-21,9:35:44.243035586,T,IBM,F,100,282.0
2025-10-21,9:35:44.243035586,T,IBM,F I,20,282.0
2025-10-21,9:35:44.243050485,T,IBM,F,100,282.0
2025-10-21,9:35:44.243080571,T,IBM,F,100,282.0
2025-10-21,9:35:44.243089557,T,IBM,F I,1,282.0
2025-10-21,9:35:44.243143827,T,IBM,I,99,282.0
2025-10-21,9:35:44.243143827,T,IBM,,100,282.0
2025-10-21,9:35:44.243167770,T,IBM,,100,282.0
2025-10-21,9:35:44.243170797,T,IBM,I,25,282.0
2025-10-21,9:35:44.243206801,T,IBM,,100,282.0
2025-10-21,9:35:44.243251948,T,IBM,I,55,282.0
2025-10-21,9:35:47.005859750,T,IBM,I,2,281.76
2025-10-21,9:35:47.005907903,T,IBM,F I,98,281.76
2025-10-21,9:35:47.005907903,T,IBM,F I,2,281.75
2025-10-21,9:35:47.005928984,T,IBM,F I,78,281.75
2025-10-21,9:35:51.736941969,T,IBM,I,34,281.66
2025-10-21,9:35:58.430243382,T,IBM,I,1,281.6
2025-10-21,9:35:59.995175052,T,IBM,F I,12,281.65
2025-10-21,9:36:04.074759347,T,IBM,I,20,281.65
2025-10-21,9:36:04.074777252,T,IBM,F I,31,281.72
2025-10-21,9:36:04.074843462,T,IBM,F I,1,281.72
2025-10-21,9:36:04.075186219,T,IBM,I,15,281.74
2025-10-21,9:36:04.075189260,T,IBM,I,40,281.77
2025-10-21,9:36:04.079528649,T,IBM,F,100,281.88
2025-10-21,9:36:04.079528649,T,IBM,F I,85,281.89
2025-10-21,9:36:04.079640258,T,IBM,F I,15,281.89
2025-10-21,9:36:04.079645801,T,IBM,F,100,281.91
2025-10-21,9:36:04.079645801,T,IBM,F I,70,281.91
2025-10-21,9:36:04.079648896,T,IBM,F I,15,281.91
2025-10-21,9:36:04.080475845,T,IBM,F I,81,281.99
2025-10-21,9:36:05.223184226,T,IBM,F,100,282.1
2025-10-21,9:36:05.223184226,T,IBM,F I,20,282.12
2025-10-21,9:36:05.223200051,T,IBM,F I,14,282.12
2025-10-21,9:36:05.223202279,T,IBM,F,100,282.12
2025-10-21,9:36:05.223205421,T,IBM,F I,6,282.13
2025-10-21,9:36:05.223205421,T,IBM,F I,14,282.13
2025-10-21,9:36:05.223208381,T,IBM,F,100,282.13
2025-10-21,9:36:05.223208381,T,IBM,F,100,282.13
2025-10-21,9:36:08.917731712,T,IBM,F I,14,282.27
2025-10-21,9:36:10.163236946,T,IBM,F I,11,282.36
2025-10-21,9:36:13.077053768,T,IBM,F I,30,282.36
2025-10-21,9:36:25.879970509,T,IBM,F I,5,282.3
2025-10-21,9:36:25.879973785,T,IBM,F I,12,282.33
2025-10-21,9:36:25.879973785,T,IBM,F I,3,282.36
2025-10-21,9:36:29.013836229,T,IBM,I,5,282.17
2025-10-21,9:36:41.176769590,T,IBM,F I,20,282.39
2025-10-21,9:36:41.176772663,T,IBM,F I,80,282.39
2025-10-21,9:36:41.176806308,T,IBM,I,20,282.39
2025-10-21,9:36:41.176808723,T,IBM,I,80,282.4
2025-10-21,9:36:41.176827672,T,IBM,F I,20,282.4
2025-10-21,9:36:41.176827672,T,IBM,F I,8,282.4
2025-10-21,9:36:41.176827672,T,IBM,F I,15,282.4
2025-10-21,9:36:41.176829938,T,IBM,I,20,282.4
2025-10-21,9:36:41.176832860,T,IBM,F I,20,282.4
2025-10-21,9:36:41.176835809,T,IBM,I,1,282.4
2025-10-21,9:36:41.176847762,T,IBM,I,38,282.4
2025-10-21,9:36:41.176859933,T,IBM,F I,6,282.4
2025-10-21,9:36:41.176859933,T,IBM,F I,32,282.4
2025-10-21,9:36:41.176862799,T,IBM,F I,12,282.4
2025-10-21,9:36:41.184594203,T,IBM,I,45,282.42
2025-10-21,9:36:41.184594203,T,IBM,I,55,282.42
2025-10-21,9:36:59.424192938,T,IBM,I,45,282.34
2025-10-21,9:36:59.424213969,T,IBM,F,955,282.37
2025-10-21,9:37:02.416617119,T,IBM,F I,1,282.19
2025-10-21,9:37:02.416953780,T,IBM,F,100,282.17
2025-10-21,9:37:14.625806119,T,IBM,F I,1,282.08
2025-10-21,9:37:14.625809129,T,IBM,F I,1,282.08
2025-10-21,9:37:14.626458699,T,IBM,F I,4,281.91
2025-10-21,9:37:14.626458699,T,IBM,F I,3,281.91
2025-10-21,9:37:14.627439048,T,IBM,F,200,281.79
2025-10-21,9:37:17.251834837,T,IBM,F I,1,281.63
2025-10-21,9:37:17.252090518,T,IBM,I,54,281.67
2025-10-21,9:37:17.252237798,T,IBM,I,35,281.72
2025-10-21,9:37:17.252259279,T,IBM,I,1,281.72
2025-10-21,9:37:17.252321986,T,IBM,F I,3,281.61
2025-10-21,9:37:17.252571623,T,IBM,F I,1,281.61
2025-10-21,9:37:17.252610863,T,IBM,I,11,281.61
2025-10-21,9:37:17.252622716,T,IBM,I,2,281.71
2025-10-21,9:37:26.367703944,T,IBM,F I,1,281.74
2025-10-21,9:37:26.367992543,T,IBM,F,100,281.64
2025-10-21,9:37:26.369733725,T,IBM,F I,1,281.61
2025-10-21,9:37:26.369736753,T,IBM,F I,1,281.61
2025-10-21,9:37:26.379792641,T,IBM,F I,4,281.65
2025-10-21,9:37:26.424292617,T,IBM,I,45,281.68
2025-10-21,9:37:26.424454948,T,IBM,I,55,281.68
2025-10-21,9:37:35.360339563,T,IBM,F I,15,281.74
2025-10-21,9:37:37.331887549,T,IBM,F I,15,281.82
2025-10-21,9:37:37.331887549,T,IBM,F,100,281.85
2025-10-21,9:37:40.242486538,T,IBM,F,100,281.79
2025-10-21,9:37:40.412003079,T,IBM,F,125,281.77
2025-10-21,9:37:40.412015074,T,IBM,F I,16,281.77
2025-10-21,9:37:40.412021103,T,IBM,F,859,281.77
2025-10-21,9:37:40.412171399,T,IBM,F I,1,281.73
2025-10-21,9:38:01.948055736,T,IBM,F I,5,281.78
2025-10-21,9:38:11.435702698,T,IBM,I,3,281.93
2025-10-21,9:38:11.435723717,T,IBM,F I,97,281.93
2025-10-21,9:38:11.435723717,T,IBM,F I,97,281.93
2025-10-21,9:38:11.436373298,T,IBM,I,6,282.03
2025-10-21,9:38:11.436427554,T,IBM,I,6,281.96
2025-10-21,9:38:11.436653579,T,IBM,F I,3,281.99
2025-10-21,9:38:11.436665056,T,IBM,F I,3,281.99
2025-10-21,9:38:15.625192561,T,IBM,I,34,282.01
2025-10-21,9:38:15.625210659,T,IBM,F I,66,282.01
2025-10-21,9:38:15.625213668,T,IBM,F,100,282.01
2025-10-21,9:38:30.342830666,T,IBM,F,100,282.08
2025-10-21,9:38:30.347479747,T,IBM,F I,20,282.17
2025-10-21,9:38:30.347786792,T,IBM,F I,73,282.3
2025-10-21,9:38:36.583389580,T,IBM,F I,19,282.31
2025-10-21,9:38:36.584129403,T,IBM,F,100,282.26
2025-10-21,9:38:36.584129403,T,IBM,F I,50,282.25
2025-10-21,9:38:43.572956573,T,IBM,F I,53,282.07
2025-10-21,9:38:43.572986662,T,IBM,F I,47,282.07
2025-10-21,9:38:43.572989638,T,IBM,F I,6,282.04
2025-10-21,9:38:43.573010768,T,IBM,I,16,282.04
2025-10-21,9:38:43.573013697,T,IBM,I,31,282.04
2025-10-21,9:38:43.573013697,T,IBM,I,16,282.14
2025-10-21,9:38:43.573308448,T,IBM,I,19,282.11
2025-10-21,9:38:44.711975247,T,IBM,F I,12,282.05
2025-10-21,9:38:44.711975247,T,IBM,F I,19,282.04
2025-10-21,9:38:44.711978288,T,IBM,F I,17,282.04
2025-10-21,9:38:44.711978288,T,IBM,F I,4,282.04
2025-10-21,9:38:44.711999260,T,IBM,I,1,282.04
2025-10-21,9:38:44.712008253,T,IBM,I,11,282.04
2025-10-21,9:38:47.008554627,T,IBM,F I,37,281.9
2025-10-21,9:38:48.017513557,T,IBM,F I,60,281.93
2025-10-21,9:39:08.978964358,T,IBM,F I,81,282.31
2025-10-21,9:39:08.978967114,T,IBM,F I,1,282.31
2025-10-21,9:39:08.978988177,T,IBM,I,42,282.31
2025-10-21,9:39:08.978988177,T,IBM,I,1,282.31
2025-10-21,9:39:08.979000236,T,IBM,F I,1,282.32
2025-10-21,9:39:08.996637181,T,IBM,I,1,282.42
2025-10-21,9:39:23.716199853,T,IBM,F I,5,282.31
2025-10-21,9:39:23.716458441,T,IBM,I,42,282.38
2025-10-21,9:39:23.716521538,T,IBM,F I,11,282.41
2025-10-21,9:39:27.360049648,T,IBM,F I,35,282.33
2025-10-21,9:39:27.369446970,T,IBM,I,35,282.32
2025-10-21,9:39:28.360056281,T,IBM,F I,4,282.32
2025-10-21,9:39:36.159496435,T,IBM,F I,4,282.3
2025-10-21,9:39:36.159499372,T,IBM,F I,85,282.29
2025-10-21,9:39:40.445188343,T,IBM,I,1,282.39
2025-10-21,9:39:57.634972791,T,IBM,F,100,282.32
2025-10-21,9:39:57.634972791,T,IBM,F I,49,282.29
2025-10-21,9:40:14.720562138,T,IBM,I,4,282.31
2025-10-21,9:40:14.720568192,T,IBM,F I,4,282.3
2025-10-21,9:40:14.720586210,T,IBM,F I,70,282.3
2025-10-21,9:40:14.720652405,T,IBM,F I,1,282.31
2025-10-21,9:40:14.721232716,T,IBM,I,74,282.3
2025-10-21,9:40:14.721280884,T,IBM,F I,1,282.31
2025-10-21,9:40:14.721542546,T,IBM,I,3,282.31
2025-10-21,9:40:14.721657044,T,IBM,F I,5,282.29
2025-10-21,9:40:14.721657044,T,IBM,F I,73,282.28
2025-10-21,9:40:14.721660168,T,IBM,F I,1,282.28
2025-10-21,9:40:14.722567973,T,IBM,F,100,282.27
2025-10-21,9:40:14.981412218,T,IBM,F I,1,282.19
2025-10-21,9:40:14.981469281,T,IBM,I,16,282.24
2025-10-21,9:40:14.981520642,T,IBM,I,16,282.25
2025-10-21,9:40:14.981520642,T,IBM,I,9,282.25
2025-10-21,9:40:14.981541514,T,IBM,I,1,282.25
2025-10-21,9:40:41.214686226,T,IBM,I,5,282.22
2025-10-21,9:40:51.672382326,T,IBM,F I,1,282.29
2025-10-21,9:41:04.865074813,T,IBM,,100,282.275
2025-10-21,9:41:04.962275195,T,IBM,F,100,282.34
2025-10-21,9:41:10.703594412,T,IBM,F I,10,282.16
2025-10-21,9:41:10.703609468,T,IBM,I,45,282.2
2025-10-21,9:41:10.703609468,T,IBM,,100,282.24
2025-10-21,9:41:10.703612644,T,IBM,I,13,282.25
2025-10-21,9:41:17.433841852,T,IBM,F,100,282.39
2025-10-21,9:41:17.433844877,T,IBM,F I,41,282.39
2025-10-21,9:41:17.433844877,T,IBM,F I,17,282.39
2025-10-21,9:41:17.433986285,T,IBM,I,17,282.39
2025-10-21,9:41:17.434016280,T,IBM,I,78,282.39
2025-10-21,9:41:17.434037301,T,IBM,F I,5,282.39
2025-10-21,9:41:17.434449366,T,IBM,I,3,282.47
2025-10-21,9:41:17.434723691,T,IBM,F I,10,282.43
2025-10-21,9:41:17.434726984,T,IBM,F I,17,282.43
2025-10-21,9:41:17.434737967,T,IBM,F I,32,282.4
2025-10-21,9:41:17.434747014,T,IBM,F I,7,282.43
2025-10-21,9:41:17.434801114,T,IBM,,300,282.43
2025-10-21,9:41:17.434996656,T,IBM,I,5,282.43
2025-10-21,9:41:17.435150237,T,IBM,I,18,282.53
2025-10-21,9:41:17.435150237,T,IBM,,100,282.53
2025-10-21,9:41:17.435153219,T,IBM,I,17,282.53
2025-10-21,9:41:17.435153219,T,IBM,F I,7,282.46
2025-10-21,9:41:17.435171012,T,IBM,I,23,282.46
2025-10-21,9:41:17.435252265,T,IBM,F I,21,282.46
2025-10-21,9:41:17.435255267,T,IBM,I,8,282.44
2025-10-21,9:41:17.435652230,T,IBM,F I,8,282.43
2025-10-21,9:41:17.435658314,T,IBM,F I,19,282.43
2025-10-21,9:41:17.435661204,T,IBM,F I,53,282.46
2025-10-21,9:41:17.435712329,T,IBM,I,7,282.46
2025-10-21,9:41:17.435751404,T,IBM,F I,3,282.46
2025-10-21,9:41:17.435751404,T,IBM,F I,80,282.46
2025-10-21,9:41:17.435775514,T,IBM,F I,28,282.46
2025-10-21,9:41:17.435781476,T,IBM,,136,282.46
2025-10-21,9:41:17.435904779,T,IBM,I,1,282.46
2025-10-21,9:41:17.435922864,T,IBM,F I,3,282.46
2025-10-21,9:41:17.436019040,T,IBM,I,8,282.46
2025-10-21,9:41:17.437146718,T,IBM,I,6,282.46
2025-10-21,9:41:17.437170807,T,IBM,F I,2,282.46
2025-10-21,9:41:17.437170807,T,IBM,F I,3,282.46
2025-10-21,9:41:20.461627005,T,IBM,F,100,282.36
2025-10-21,9:41:24.598629912,T,IBM,I,16,282.33
2025-10-21,9:41:24.598647955,T,IBM,F I,24,282.33
2025-10-21,9:41:32.157277604,T,IBM,F,100,282.16
2025-10-21,9:41:39.189062010,T,IBM,I,20,282.12
2025-10-21,9:41:42.341707520,T,IBM,F I,25,282.13
2025-10-21,9:41:43.411630498,T,IBM,I,35,282.06
2025-10-21,9:41:43.906097638,T,IBM,I,5,282.12
2025-10-21,9:41:52.595148494,T,IBM,I,10,282.03
2025-10-21,9:41:55.775170998,T,IBM,,100,281.93
2025-10-21,9:41:58.630943722,T,IBM,I,1,281.99
2025-10-21,9:41:58.633235024,T,IBM,I,5,282.06
2025-10-21,9:41:58.633259152,T,IBM,I,1,282.06
2025-10-21,9:41:58.633268639,T,IBM,I,8,282.06
2025-10-21,9:41:58.633271160,T,IBM,I,1,282.06
2025-10-21,9:42:13.988399637,T,IBM,I,3,282.2
2025-10-21,9:42:13.988429623,T,IBM,I,97,282.2
2025-10-21,9:42:13.988453666,T,IBM,F I,3,282.21
2025-10-21,9:42:13.988456751,T,IBM,F I,18,282.23
2025-10-21,9:42:22.209809995,T,IBM,F,100,282.25
2025-10-21,9:42:27.597661724,T,IBM,F I,25,282.13
2025-10-21,9:42:27.597679912,T,IBM,I,1,282.13
2025-10-21,9:42:27.597679912,T,IBM,I,25,282.13
2025-10-21,9:42:27.597682755,T,IBM,I,49,282.13
2025-10-21,9:42:27.600939491,T,IBM,,100,282.13
2025-10-21,9:42:27.600957501,T,IBM,I,1,282.13
2025-10-21,9:42:27.600975559,T,IBM,I,99,282.13
2025-10-21,9:42:35.258420400,T,IBM,F I,75,282.13
2025-10-21,9:42:46.387470988,T,IBM,F,100,282.09
2025-10-21,9:42:52.229960036,T,IBM,F,100,282.11
2025-10-21,9:42:56.215946284,T,IBM,I,45,282.13
2025-10-21,9:43:12.023222068,T,IBM,,150,282.135
2025-10-21,9:43:19.855018937,T,IBM,I,45,282.135
2025-10-21,9:43:19.855088028,T,IBM,I,43,282.135
2025-10-21,9:43:28.393224609,T,IBM,F,100,282.03
2025-10-21,9:43:28.393224609,T,IBM,F I,32,282.01
2025-10-21,9:43:28.394505727,T,IBM,F I,22,282.0
2025-10-21,9:43:28.395142983,T,IBM,F I,1,281.92
2025-10-21,9:43:28.395206200,T,IBM,F I,1,281.92
2025-10-21,9:43:28.395218267,T,IBM,I,2,281.92
2025-10-21,9:43:28.395780549,T,IBM,F I,1,281.87
2025-10-21,9:43:28.396315820,T,IBM,I,9,281.87
2025-10-21,9:43:32.240105618,T,IBM,F,100,281.88
2025-10-21,9:43:34.668503907,T,IBM,F I,37,281.89
2025-10-21,9:43:34.668506818,T,IBM,F I,5,281.89
2025-10-21,9:43:34.668509832,T,IBM,F,100,281.9
2025-10-21,9:43:36.370324351,T,IBM,F,100,281.93
2025-10-21,9:43:36.370396429,T,IBM,F,100,281.96
2025-10-21,9:43:36.370424389,T,IBM,F I,28,281.97
2025-10-21,9:43:36.370424389,T,IBM,F I,17,281.97
2025-10-21,9:43:42.395401912,T,IBM,F,100,281.89
2025-10-21,9:43:44.398353148,T,IBM,F,100,281.86
2025-10-21,9:43:44.553931552,T,IBM,F I,24,281.81
2025-10-21,9:43:44.554190172,T,IBM,I,10,281.8
2025-10-21,9:43:44.833492112,T,IBM,F I,2,281.83
2025-10-21,9:44:06.411999058,T,IBM,F I,27,282.12
2025-10-21,9:44:06.412197545,T,IBM,F I,10,282.14
2025-10-21,9:44:06.412197545,T,IBM,F I,17,282.14
2025-10-21,9:44:06.412447171,T,IBM,F I,9,282.16
2025-10-21,9:44:06.412453122,T,IBM,F I,24,282.17
2025-10-21,9:44:06.413198949,T,IBM,F,100,282.24
2025-10-21,9:44:06.413553849,T,IBM,F I,15,282.36
2025-10-21,9:44:06.413559827,T,IBM,F I,3,282.37
2025-10-21,9:44:06.413604928,T,IBM,,100,282.37
2025-10-21,9:44:06.414483060,T,IBM,F I,1,282.43
2025-10-21,9:44:06.709807027,T,IBM,I,20,282.37
2025-10-21,9:44:06.807040534,T,IBM,I,20,282.28
2025-10-21,9:44:06.807040534,T,IBM,I,10,282.25
2025-10-21,9:44:14.099876480,T,IBM,I,32,282.16
2025-10-21,9:44:14.099879645,T,IBM,I,32,282.15
2025-10-21,9:44:14.099882513,T,IBM,I,1,282.04
2025-10-21,9:44:14.099981891,T,IBM,I,1,282.26
2025-10-21,9:44:14.099981891,T,IBM,I,83,282.26
2025-10-21,9:44:14.179079096,T,IBM,,100,282.22
2025-10-21,9:44:14.180922438,T,IBM,,100,282.19
2025-10-21,9:44:15.212402341,T,IBM,F,100,282.38
2025-10-21,9:44:15.212404997,T,IBM,F I,37,282.4
2025-10-21,9:44:16.806145222,T,IBM,F I,16,282.46
2025-10-21,9:44:17.185805205,T,IBM,F I,35,282.57
2025-10-21,9:44:39.388126151,T,IBM,F I,18,282.63
2025-10-21,9:44:39.400401356,T,IBM,F,100,282.715
2025-10-21,9:45:07.648122420,T,IBM,I,1,282.68
2025-10-21,9:45:07.648125385,T,IBM,I,29,282.65
2025-10-21,9:45:07.648143428,T,IBM,F I,1,282.65
2025-10-21,9:45:09.507067928,T,IBM,I,20,282.55
2025-10-21,9:45:09.507067928,T,IBM,,100,282.54
2025-10-21,9:45:09.507070078,T,IBM,I,30,282.54
2025-10-21,9:45:30.954657152,T,IBM,I,20,282.46
2025-10-21,9:45:30.954657152,T,IBM,I,45,282.47
2025-10-21,9:45:31.037272823,T,IBM,F I,18,282.55
2025-10-21,9:45:31.037339027,T,IBM,F I,18,282.56
2025-10-21,9:45:35.107099239,T,IBM,F I,5,282.4
2025-10-21,9:45:35.107099239,T,IBM,F I,1,282.4
2025-10-21,9:45:35.107116835,T,IBM,F I,2,282.4
2025-10-21,9:45:52.758490673,T,IBM,I,1,282.58
2025-10-21,9:45:52.900614940,T,IBM,I,5,282.49
2025-10-21,9:46:15.737906839,T,IBM,F I,20,282.36
2025-10-21,9:46:43.797425002,T,IBM,F I,17,282.64
2025-10-21,9:46:43.797425002,T,IBM,F I,18,282.64
2025-10-21,9:46:43.797888131,T,IBM,I,12,282.64
2025-10-21,9:46:43.802218441,T,IBM,I,6,282.58
2025-10-21,9:46:43.802218441,T,IBM,I,1,282.57
2025-10-21,9:47:20.910428705,T,IBM,F,100,282.51
2025-10-21,9:47:20.910432237,T,IBM,F,100,282.5
2025-10-21,9:47:20.911953355,T,IBM,F I,5,282.27
2025-10-21,9:47:20.911956620,T,IBM,F I,5,282.27
2025-10-21,9:47:20.911969223,T,IBM,F I,90,282.27
2025-10-21,9:47:20.911972205,T,IBM,F I,79,282.26
2025-10-21,9:47:20.911977979,T,IBM,F I,21,282.26
2025-10-21,9:47:20.911977979,T,IBM,F I,5,282.25
2025-10-21,9:47:20.911980392,T,IBM,F,174,282.21
2025-10-21,9:47:20.911980392,T,IBM,F I,26,282.21
2025-10-21,9:47:20.911983465,T,IBM,F I,5,282.19
2025-10-21,9:47:20.912407805,T,IBM,F I,70,282.19
2025-10-21,9:47:20.912410499,T,IBM,F,125,282.19
2025-10-21,9:47:20.912711188,T,IBM,F I,1,282.14
2025-10-21,9:47:20.912744272,T,IBM,F I,1,282.14
2025-10-21,9:47:21.042897030,T,IBM,F I,16,282.13
2025-10-21,9:47:22.047973799,T,IBM,F I,20,282.22
2025-10-21,9:47:22.047973799,T,IBM,F I,5,282.22
2025-10-21,9:47:27.802717082,T,IBM,I,4,282.19
2025-10-21,9:47:28.938776508,T,IBM,I,1,282.08
2025-10-21,9:47:28.938776508,T,IBM,I,2,282.08
2025-10-21,9:47:31.781086108,T,IBM,F I,2,281.89
2025-10-21,9:47:33.970349020,T,IBM,I,22,281.87
2025-10-21,9:47:39.699819982,T,IBM,F I,88,281.79
2025-10-21,9:47:39.700415356,T,IBM,F I,1,281.75
2025-10-21,9:47:39.703320309,T,IBM,I,31,281.82
2025-10-21,9:47:39.703338843,T,IBM,I,1,281.82
2025-10-21,9:47:39.703344750,T,IBM,,100,281.82
2025-10-21,9:47:39.703371364,T,IBM,F I,5,281.82
2025-10-21,9:47:39.805431436,T,IBM,F I,15,281.89
2025-10-21,9:47:39.805434363,T,IBM,F I,5,281.89
2025-10-21,9:47:39.842645032,T,IBM,F I,82,281.93
2025-10-21,9:47:39.842825359,T,IBM,F I,5,281.96
2025-10-21,9:47:41.024672405,T,IBM,F I,24,282.04
2025-10-21,9:47:41.024672405,T,IBM,F I,5,282.04
2025-10-21,9:47:41.024680977,T,IBM,F I,5,282.05
2025-10-21,9:47:41.024705013,T,IBM,,100,282.07
2025-10-21,9:47:41.024954825,T,IBM,F I,80,282.07
2025-10-21,9:47:41.024972611,T,IBM,I,1,282.07
2025-10-21,9:47:41.024972611,T,IBM,I,19,282.07
2025-10-21,9:47:41.025204196,T,IBM,I,15,281.95
2025-10-21,9:47:41.025208086,T,IBM,I,30,281.95
2025-10-21,9:47:41.025679407,T,IBM,I,5,281.94
2025-10-21,9:47:41.025898909,T,IBM,F I,3,281.93
2025-10-21,9:47:41.026049547,T,IBM,I,11,281.93
2025-10-21,9:47:41.026070263,T,IBM,,388,281.93
2025-10-21,9:47:41.026097753,T,IBM,,301,281.93
2025-10-21,9:47:41.026097753,T,IBM,,100,281.93
2025-10-21,9:47:41.026103394,T,IBM,,100,281.93
2025-10-21,9:47:41.026103394,T,IBM,,100,281.93
2025-10-21,9:48:17.178635298,T,IBM,F,100,281.89
2025-10-21,9:48:28.906264140,T,IBM,F I,12,281.76
2025-10-21,9:48:28.906267073,T,IBM,F I,20,281.74
2025-10-21,9:48:28.906267073,T,IBM,F I,35,281.73
2025-10-21,9:48:28.906269993,T,IBM,F I,11,281.73
2025-10-21,9:48:28.906285020,T,IBM,I,1,281.73
2025-10-21,9:48:35.051877905,T,IBM,F,100,281.71
2025-10-21,9:48:35.051877905,T,IBM,F I,15,281.71
2025-10-21,9:48:35.051881101,T,IBM,F I,5,281.71
2025-10-21,9:48:35.051881101,T,IBM,F I,20,281.71
2025-10-21,9:48:35.051883541,T,IBM,F I,10,281.72
2025-10-21,9:48:37.622168519,T,IBM,I,9,281.76
2025-10-21,9:49:00.503503472,T,IBM,I,45,281.78
2025-10-21,9:49:00.503515495,T,IBM,I,45,281.78
2025-10-21,9:49:01.110724127,T,IBM,I,3,281.81
2025-10-21,9:49:01.110745156,T,IBM,F I,27,281.81
2025-10-21,9:49:01.110748155,T,IBM,F I,8,281.81
2025-10-21,9:49:01.110748155,T,IBM,F I,7,281.81
2025-10-21,9:49:19.216594022,T,IBM,F I,1,281.96
2025-10-21,9:49:19.216615003,T,IBM,I,12,281.96
2025-10-21,9:49:19.216618004,T,IBM,F I,18,281.96
2025-10-21,9:49:19.216621104,T,IBM,F I,1,281.96
2025-10-21,9:49:19.216621104,T,IBM,F I,10,281.96
2025-10-21,9:49:19.216852479,T,IBM,F I,6,282.0
2025-10-21,9:49:19.216852479,T,IBM,F I,3,282.01
2025-10-21,9:49:19.216873577,T,IBM,F I,1,282.03
2025-10-21,9:49:19.217177273,T,IBM,F I,15,282.04
2025-10-21,9:49:19.217180257,T,IBM,F I,12,282.04
2025-10-21,9:49:19.217207297,T,IBM,I,3,282.03
2025-10-21,9:49:19.217405818,T,IBM,I,4,282.03
2025-10-21,9:49:19.217405818,T,IBM,I,96,282.02
2025-10-21,9:49:19.217417843,T,IBM,I,4,282.02
2025-10-21,9:49:19.217459934,T,IBM,F I,20,282.01
2025-10-21,9:49:19.217486974,T,IBM,F,100,282.01
2025-10-21,9:49:19.217541155,T,IBM,F,484,282.01
2025-10-21,9:49:19.217541155,T,IBM,F I,84,282.01
2025-10-21,9:49:19.217550381,T,IBM,F I,70,282.01
2025-10-21,9:49:19.217553486,T,IBM,F I,5,282.01
2025-10-21,9:49:19.217565140,T,IBM,I,1,282.01
2025-10-21,9:49:19.217796684,T,IBM,F I,1,282.0
2025-10-21,9:49:19.217910980,T,IBM,,100,281.96
2025-10-21,9:49:19.218013289,T,IBM,I,45,281.95
2025-10-21,9:49:19.218187707,T,IBM,F I,17,281.99
2025-10-21,9:49:19.334092854,T,IBM,F,363,282.04
2025-10-21,9:49:19.334095970,T,IBM,F,363,282.04
2025-10-21,9:49:19.334095970,T,IBM,F,560,282.04
2025-10-21,9:49:19.334137648,T,IBM,F I,16,282.08
2025-10-21,9:49:19.334140731,T,IBM,F I,27,282.08
2025-10-21,9:49:19.334471526,T,IBM,F,100,282.11
2025-10-21,9:49:22.260304729,T,IBM,F,100,282.32
2025-10-21,9:49:22.407806297,T,IBM,F I,1,282.37
2025-10-21,9:49:22.407808913,T,IBM,F I,15,282.37
2025-10-21,9:49:23.359914523,T,IBM,I,18,282.49
2025-10-21,9:49:23.360419766,T,IBM,F I,6,282.54
2025-10-21,9:49:30.951150810,T,IBM,F I,1,282.81
2025-10-21,9:49:30.951358440,T,IBM,F I,20,282.86
2025-10-21,9:49:30.951424526,T,IBM,I,33,282.84
2025-10-21,9:49:36.011131986,T,IBM,I,12,282.87
2025-10-21,9:49:36.011131986,T,IBM,I,88,282.85
2025-10-21,9:49:37.904111947,T,IBM,F I,53,282.96
2025-10-21,9:49:37.904117508,T,IBM,F,100,282.97
2025-10-21,9:49:37.904120569,T,IBM,F,100,282.97
2025-10-21,9:49:37.904123792,T,IBM,F I,11,282.98
2025-10-21,9:49:37.904132639,T,IBM,I,8,282.98
2025-10-21,9:49:37.904147575,T,IBM,I,43,282.98
2025-10-21,9:49:37.904156975,T,IBM,F I,38,282.98
2025-10-21,9:49:37.904156975,T,IBM,F,100,282.98
2025-10-21,9:49:37.904159833,T,IBM,F,100,282.98
2025-10-21,9:49:37.904163286,T,IBM,F,400,282.98
2025-10-21,9:49:37.904166675,T,IBM,F,100,282.98
2025-10-21,9:49:37.904166675,T,IBM,F,100,282.98
2025-10-21,9:49:37.904172299,T,IBM,F I,28,282.98
2025-10-21,9:49:37.904601802,T,IBM,F,100,282.98
2025-10-21,9:49:37.904601802,T,IBM,F I,4,282.98
2025-10-21,9:49:37.908231381,T,IBM,,100,282.98
2025-10-21,9:50:11.929764138,T,IBM,I,5,283.14
2025-10-21,9:50:12.439185938,T,IBM,F I,92,283.07
2025-10-21,9:50:12.439210203,T,IBM,F I,8,283.07
2025-10-21,9:50:12.439210203,T,IBM,F I,5,283.06
2025-10-21,9:50:12.440103123,T,IBM,F I,20,282.91
2025-10-21,9:50:15.804127778,T,IBM,F I,5,282.88
2025-10-21,9:50:16.249515064,T,IBM,I,26,282.92
2025-10-21,9:50:17.246316107,T,IBM,I,10,282.87
2025-10-21,9:50:17.247383671,T,IBM,I,1,282.94
2025-10-21,9:50:22.381292841,T,IBM,F I,30,282.83
2025-10-21,9:50:31.359650110,T,IBM,F I,20,282.64
2025-10-21,9:50:31.359653979,T,IBM,F I,5,282.64
2025-10-21,9:50:31.359653979,T,IBM,F I,30,282.64
2025-10-21,9:50:31.359656186,T,IBM,F I,15,282.64
2025-10-21,9:50:31.366121483,T,IBM,I,5,282.58
2025-10-21,9:50:57.404696452,T,IBM,,100,282.86
2025-10-21,9:50:57.404930983,T,IBM,I,34,282.87
2025-10-21,9:50:57.408172707,T,IBM,I,5,282.86
2025-10-21,9:50:57.408172707,T,IBM,I,7,282.86
2025-10-21,9:50:57.408356835,T,IBM,I,88,282.86
2025-10-21,9:50:57.408359886,T,IBM,I,5,282.86
2025-10-21,9:50:57.408359886,T,IBM,I,15,282.86
2025-10-21,9:50:57.408362289,T,IBM,I,5,282.86
2025-10-21,9:50:57.408362289,T,IBM,I,75,282.86
2025-10-21,9:50:57.446853800,T,IBM,F I,1,282.91
2025-10-21,9:50:57.446853800,T,IBM,F,100,282.91
2025-10-21,9:51:07.147232983,T,IBM,F I,35,282.86
2025-10-21,9:51:29.087080605,T,IBM,F I,42,282.87
2025-10-21,9:51:50.290766301,T,IBM,F I,81,282.9
2025-10-21,9:52:03.654532904,T,IBM,F I,1,282.88
2025-10-21,9:52:12.893803540,T,IBM,F,100,283.04
2025-10-21,9:52:26.232219736,T,IBM,I,20,282.94
2025-10-21,9:52:26.232224184,T,IBM,I,4,282.9
2025-10-21,9:52:26.232228663,T,IBM,I,14,282.88
2025-10-21,9:52:26.232228663,T,IBM,I,38,282.88
2025-10-21,9:52:26.232228663,T,IBM,I,24,282.85
2025-10-21,9:52:26.232231706,T,IBM,F I,16,282.85
2025-10-21,9:52:26.232342964,T,IBM,F I,16,282.84
2025-10-21,9:52:26.232526407,T,IBM,I,2,282.8
2025-10-21,9:52:26.232571525,T,IBM,F I,8,282.8
2025-10-21,9:52:26.232833206,T,IBM,F I,2,282.79
2025-10-21,9:52:26.232857202,T,IBM,F I,44,282.79
2025-10-21,9:52:30.484838739,T,IBM,F I,3,282.74
2025-10-21,9:52:30.484950371,T,IBM,F I,1,282.73
2025-10-21,9:52:30.484950371,T,IBM,F,155,282.72
2025-10-21,9:52:30.484956161,T,IBM,F,945,282.72
2025-10-21,9:52:30.484956161,T,IBM,F I,1,282.72
2025-10-21,9:52:46.497810127,T,IBM,F I,15,282.68
2025-10-21,9:53:01.781431324,T,IBM,F,100,282.63
2025-10-21,9:53:01.781641782,T,IBM,F I,7,282.62
2025-10-21,9:53:09.299178529,T,IBM,F,100,282.57
2025-10-21,9:53:09.299199627,T,IBM,F I,40,282.56
2025-10-21,9:53:09.299199627,T,IBM,F I,45,282.56
2025-10-21,9:53:09.300462524,T,IBM,F I,1,282.45
2025-10-21,9:53:09.303328344,T,IBM,F I,1,282.55
2025-10-21,9:53:09.303331393,T,IBM,F I,10,282.55
2025-10-21,9:53:09.303352479,T,IBM,F I,23,282.55
2025-10-21,9:53:09.303373530,T,IBM,F I,66,282.55
2025-10-21,9:53:09.303373530,T,IBM,F I,34,282.56
2025-10-21,9:53:09.303869713,T,IBM,F I,5,282.57
2025-10-21,9:53:10.343811657,T,IBM,I,5,282.63
2025-10-21,9:53:10.343811657,T,IBM,I,23,282.64
2025-10-21,9:53:10.348051885,T,IBM,I,5,282.69
2025-10-21,9:53:10.348054922,T,IBM,I,23,282.7
2025-10-21,9:53:10.348072741,T,IBM,F I,5,282.7
2025-10-21,9:53:10.348397536,T,IBM,I,5,282.7
2025-10-21,9:53:14.492464054,T,IBM,F I,22,282.59
2025-10-21,9:53:18.257646513,T,IBM,F I,17,282.6
2025-10-21,9:53:18.262265598,T,IBM,I,20,282.56
2025-10-21,9:53:18.262379825,T,IBM,F,100,282.58
2025-10-21,9:53:18.262382834,T,IBM,F I,50,282.6
2025-10-21,9:53:28.085712774,T,IBM,F I,20,282.61
2025-10-21,9:53:29.556234620,T,IBM,F I,13,282.57
2025-10-21,9:53:29.557100640,T,IBM,I,23,282.63
2025-10-21,9:53:37.785192978,T,IBM,F I,4,282.44
2025-10-21,9:53:40.041662884,T,IBM,F I,21,282.27
2025-10-21,9:53:40.041681075,T,IBM,F I,13,282.27
2025-10-21,9:53:54.375608254,T,IBM,,100,282.29
2025-10-21,9:53:54.647885393,T,IBM,I,10,282.36
2025-10-21,9:53:54.647903496,T,IBM,I,10,282.36
2025-10-21,9:53:57.805826496,T,IBM,F,100,282.28
2025-10-21,9:53:59.966542393,T,IBM,,100,282.23
2025-10-21,9:54:03.641877352,T,IBM,,100,282.36
2025-10-21,9:54:03.641919420,T,IBM,F I,19,282.37
2025-10-21,9:54:17.438014135,T,IBM,F I,21,282.59
2025-10-21,9:54:17.438016439,T,IBM,F I,8,282.59
2025-10-21,9:54:43.880654522,T,IBM,F I,1,282.59
2025-10-21,9:54:43.880672524,T,IBM,F I,99,282.59
2025-10-21,9:54:43.880693607,T,IBM,F I,13,282.6
2025-10-21,9:54:43.891359968,T,IBM,I,11,282.65
2025-10-21,9:54:46.692952688,T,IBM,F I,5,282.74
2025-10-21,9:54:46.692952688,T,IBM,F I,25,282.74
2025-10-21,9:54:46.692958645,T,IBM,F,200,282.74
2025-10-21,9:54:46.692958645,T,IBM,F,100,282.74
2025-10-21,9:54:46.693006820,T,IBM,,100,282.74
2025-10-21,9:54:53.752733786,T,IBM,F,100,282.65
2025-10-21,9:55:17.004277070,T,IBM,I,20,282.48
2025-10-21,9:55:17.004277070,T,IBM,I,45,282.49
2025-10-21,9:55:17.004280767,T,IBM,,100,282.49
2025-10-21,9:55:17.004286098,T,IBM,I,5,282.5
2025-10-21,9:55:17.004289158,T,IBM,,100,282.5
2025-10-21,9:55:17.004292079,T,IBM,,100,282.51
2025-10-21,9:55:17.004295170,T,IBM,I,54,282.51
2025-10-21,9:55:17.895938869,T,IBM,I,28,282.51
2025-10-21,9:55:18.900134521,T,IBM,F I,3,282.6
2025-10-21,9:55:18.914605273,T,IBM,I,16,282.61
2025-10-21,9:55:18.914629038,T,IBM,F I,84,282.61
2025-10-21,9:55:18.914632098,T,IBM,F,100,282.61
2025-10-21,9:55:18.914869585,T,IBM,,100,282.62
2025-10-21,9:56:43.833087118,T,IBM,F I,20,282.63
2025-10-21,9:56:43.833129298,T,IBM,F I,20,282.63
2025-10-21,9:56:43.833529218,T,IBM,I,41,282.64
2025-10-21,9:56:43.834254182,T,IBM,F I,41,282.65
2025-10-21,9:56:43.834257407,T,IBM,F,100,282.65
2025-10-21,9:56:43.834257407,T,IBM,F I,28,282.65
2025-10-21,9:56:43.834274938,T,IBM,I,1,282.65
2025-10-21,9:56:59.228632051,T,IBM,,100,282.46
2025-10-21,9:56:59.236907811,T,IBM,F I,2,282.36
2025-10-21,9:56:59.237190450,T,IBM,F I,2,282.35
2025-10-21,9:56:59.238979654,T,IBM,I,20,282.32
2025-10-21,9:56:59.238983011,T,IBM,I,5,282.32
2025-10-21,9:56:59.238983011,T,IBM,I,45,282.33
2025-10-21,9:56:59.254207948,T,IBM,F I,5,282.16
2025-10-21,9:56:59.254211916,T,IBM,F I,5,282.16
2025-10-21,9:56:59.254214584,T,IBM,F I,35,282.15
2025-10-21,9:56:59.254214584,T,IBM,F I,55,282.15
2025-10-21,9:56:59.254216931,T,IBM,F I,4,282.12
2025-10-21,9:56:59.258180388,T,IBM,I,5,282.1
2025-10-21,9:56:59.265024726,T,IBM,I,19,282.14
2025-10-21,9:56:59.302905859,T,IBM,I,71,282.16
2025-10-21,9:56:59.302909235,T,IBM,,100,282.16
2025-10-21,9:56:59.302909235,T,IBM,,100,282.16
2025-10-21,9:57:00.079417416,T,IBM,I,1,282.28
2025-10-21,9:57:01.839823412,T,IBM,F I,3,282.27
2025-10-21,9:57:01.839823412,T,IBM,F I,17,282.27
2025-10-21,9:57:04.048023296,T,IBM,F I,30,282.27
2025-10-21,9:57:04.488920164,T,IBM,F I,15,282.21
2025-10-21,9:57:04.489160687,T,IBM,F I,5,282.19
2025-10-21,9:57:08.540991731,T,IBM,F,100,282.17
2025-10-21,9:57:08.541000750,T,IBM,F I,23,282.16
2025-10-21,9:57:08.550076570,T,IBM,F I,3,282.02
2025-10-21,9:57:08.550079491,T,IBM,F I,3,282.02
2025-10-21,9:57:08.550079491,T,IBM,F I,2,282.02
2025-10-21,9:57:08.550082613,T,IBM,F I,20,282.01
2025-10-21,9:57:08.550082613,T,IBM,F I,18,282.0
2025-10-21,9:57:08.550551506,T,IBM,F I,14,282.0
2025-10-21,9:57:08.550569596,T,IBM,I,55,282.0
2025-10-21,9:57:08.550590630,T,IBM,I,1,282.0
2025-10-21,9:57:08.550677801,T,IBM,F I,28,282.0
2025-10-21,9:57:08.550677801,T,IBM,F,100,282.0
2025-10-21,9:57:08.550725987,T,IBM,I,19,282.05
2025-10-21,9:57:08.557834887,T,IBM,I,19,282.09
2025-10-21,9:57:08.557883031,T,IBM,F,100,282.09
2025-10-21,9:57:08.558382167,T,IBM,,100,282.09
2025-10-21,9:57:16.077116065,T,IBM,F,100,282.19
2025-10-21,9:57:16.286306002,T,IBM,F I,15,282.27
2025-10-21,9:57:16.286309368,T,IBM,F I,5,282.3
2025-10-21,9:57:16.286309368,T,IBM,F I,20,282.3
2025-10-21,9:57:16.286312113,T,IBM,F I,47,282.31
2025-10-21,9:57:18.433739758,T,IBM,F I,5,282.3
2025-10-21,9:57:18.433739758,T,IBM,F I,20,282.3
2025-10-21,9:57:18.433745399,T,IBM,F,100,282.31
2025-10-21,9:57:18.433745399,T,IBM,F I,15,282.31
2025-10-21,9:57:18.433748402,T,IBM,F I,60,282.32
2025-10-21,9:57:18.433763526,T,IBM,F,140,282.32
2025-10-21,9:57:18.433763526,T,IBM,I,1,282.32
2025-10-21,9:57:18.433784388,T,IBM,F I,51,282.33
2025-10-21,9:57:18.433808490,T,IBM,F I,4,282.33
2025-10-21,9:57:20.705052886,T,IBM,I,5,282.34
2025-10-21,9:57:20.705052886,T,IBM,I,5,282.33
2025-10-21,9:57:20.705055558,T,IBM,I,18,282.32
2025-10-21,9:57:32.181718778,T,IBM,F I,5,282.49
2025-10-21,9:57:32.181763914,T,IBM,F I,20,282.48
2025-10-21,9:57:32.195885492,T,IBM,,100,282.19
2025-10-21,9:57:32.195888591,T,IBM,,100,282.18
2025-10-21,9:57:32.195891597,T,IBM,,100,282.17
2025-10-21,9:57:32.195891597,T,IBM,I,14,282.17
2025-10-21,9:57:32.195895064,T,IBM,,100,282.16
2025-10-21,9:57:32.195897512,T,IBM,,100,282.16
2025-10-21,9:57:32.195900510,T,IBM,,100,282.16
2025-10-21,9:57:32.195900510,T,IBM,,100,282.16
2025-10-21,9:57:32.195903596,T,IBM,I,4,282.15
2025-10-21,9:57:34.434871776,T,IBM,I,45,282.3
2025-10-21,9:57:34.434871776,T,IBM,I,22,282.33
2025-10-21,9:57:34.439556912,T,IBM,I,5,282.35
2025-10-21,9:57:34.439563024,T,IBM,I,95,282.37
2025-10-21,9:57:34.439578115,T,IBM,I,1,282.37
2025-10-21,9:57:34.439590089,T,IBM,I,4,282.37
2025-10-21,9:57:34.439641171,T,IBM,F I,15,282.38
2025-10-21,9:57:34.439641171,T,IBM,I,8,282.37
2025-10-21,9:57:34.439662262,T,IBM,F I,12,282.38
2025-10-21,9:57:34.441782363,T,IBM,I,20,282.42
2025-10-21,9:57:34.441785256,T,IBM,I,5,282.42
2025-10-21,9:57:35.578422250,T,IBM,I,5,282.42
2025-10-21,9:57:35.578452368,T,IBM,F I,40,282.42
2025-10-21,9:57:35.578452368,T,IBM,F I,35,282.42
2025-10-21,9:57:35.579766468,T,IBM,F I,33,282.39
2025-10-21,9:57:38.550391568,T,IBM,F,100,282.11
2025-10-21,9:57:38.550391568,T,IBM,F,100,282.11
2025-10-21,9:57:38.550933340,T,IBM,I,16,282.18
2025-10-21,9:57:38.550959900,T,IBM,F I,84,282.18
2025-10-21,9:57:38.557497415,T,IBM,I,98,282.12
2025-10-21,9:57:42.430381545,T,IBM,I,20,282.16
2025-10-21,9:57:42.430388371,T,IBM,,100,282.16
2025-10-21,9:57:42.430388371,T,IBM,I,20,282.14
2025-10-21,9:57:42.430388371,T,IBM,I,86,282.13
2025-10-21,9:57:42.430390873,T,IBM,I,14,282.13
2025-10-21,9:57:42.430393564,T,IBM,I,60,282.13
2025-10-21,9:57:42.430402624,T,IBM,I,1,282.13
2025-10-21,9:57:42.430432686,T,IBM,F I,39,282.13
2025-10-21,9:57:42.430432686,T,IBM,F I,14,282.13
2025-10-21,9:57:42.430453708,T,IBM,I,36,282.13
2025-10-21,9:57:44.565473443,T,IBM,I,20,282.26
2025-10-21,9:57:44.565476455,T,IBM,I,20,282.26
2025-10-21,9:57:44.565599813,T,IBM,F,100,282.27
2025-10-21,9:57:44.957189194,T,IBM,,100,282.15
2025-10-21,9:57:44.957189194,T,IBM,I,50,282.13
2025-10-21,9:57:44.957270166,T,IBM,I,47,282.21
2025-10-21,9:57:44.957490000,T,IBM,F I,47,282.25
2025-10-21,9:57:44.984400774,T,IBM,I,5,282.25
2025-10-21,9:57:44.984403822,T,IBM,I,5,282.26
2025-10-21,9:57:44.987381095,T,IBM,I,20,282.22
2025-10-21,9:57:44.987381095,T,IBM,,100,282.19
2025-10-21,9:57:44.987383913,T,IBM,,100,282.19
2025-10-21,9:57:44.987387219,T,IBM,I,5,282.18
2025-10-21,9:57:44.987389950,T,IBM,I,5,282.17
2025-10-21,9:57:44.987389950,T,IBM,I,12,282.16
2025-10-21,9:57:55.741270414,T,IBM,I,65,282.14
2025-10-21,9:57:59.714229814,T,IBM,I,5,282.16
2025-10-21,9:57:59.714232804,T,IBM,I,65,282.16
2025-10-21,9:57:59.717221961,T,IBM,,100,282.13
2025-10-21,9:57:59.717225513,T,IBM,I,55,282.12
2025-10-21,9:57:59.717225513,T,IBM,I,5,282.11
2025-10-21,9:57:59.717228080,T,IBM,I,5,282.11
2025-10-21,9:57:59.717230940,T,IBM,I,45,282.11
2025-10-21,9:57:59.717282016,T,IBM,I,46,282.22
2025-10-21,9:57:59.717306203,T,IBM,F I,46,282.24
2025-10-21,9:57:59.720199096,T,IBM,,100,282.17
2025-10-21,9:57:59.720199096,T,IBM,I,19,282.14
2025-10-21,9:57:59.720201989,T,IBM,I,5,282.14
2025-10-21,9:57:59.720205132,T,IBM,I,5,282.13
2025-10-21,9:57:59.720208864,T,IBM,I,13,282.13
2025-10-21,9:57:59.720208864,T,IBM,I,46,282.12
2025-10-21,9:57:59.720208864,T,IBM,I,9,282.12
2025-10-21,9:57:59.720211245,T,IBM,I,55,282.11
2025-10-21,9:57:59.720214294,T,IBM,,100,282.11
2025-10-21,9:57:59.720214294,T,IBM,I,3,282.11
2025-10-21,9:57:59.720217012,T,IBM,,100,282.11
2025-10-21,9:57:59.720325276,T,IBM,I,17,282.21
2025-10-21,9:58:03.772439381,T,IBM,F,100,282.41
2025-10-21,9:58:03.772439381,T,IBM,F I,3,282.41
2025-10-21,9:58:03.772944351,T,IBM,F I,1,282.47
2025-10-21,9:58:03.772944351,T,IBM,F I,3,282.47
2025-10-21,9:58:03.773407458,T,IBM,F I,18,282.5
2025-10-21,9:58:03.773410388,T,IBM,F I,10,282.5
2025-10-21,9:58:03.773452473,T,IBM,F I,5,282.47
2025-10-21,9:58:07.345441160,T,IBM,I,20,282.48
2025-10-21,9:58:07.345441160,T,IBM,I,5,282.48
2025-10-21,9:58:07.345444376,T,IBM,I,5,282.49
2025-10-21,9:58:07.345444376,T,IBM,I,20,282.5
2025-10-21,9:58:07.345449323,T,IBM,,100,282.51
2025-10-21,9:58:07.345449323,T,IBM,I,15,282.51
2025-10-21,9:58:07.345452262,T,IBM,I,20,282.52
2025-10-21,9:58:07.345452262,T,IBM,,297,282.53
2025-10-21,9:58:07.345464363,T,IBM,I,1,282.53
2025-10-21,9:58:07.345467339,T,IBM,F I,2,282.53
2025-10-21,9:58:07.345467339,T,IBM,F I,78,282.53
2025-10-21,9:58:07.345485362,T,IBM,I,22,282.53
2025-10-21,9:58:07.345488409,T,IBM,,200,282.53
2025-10-21,9:58:08.178570727,T,IBM,I,25,282.545
2025-10-21,9:58:08.178574407,T,IBM,I,20,282.54
2025-10-21,9:58:08.178574407,T,IBM,I,15,282.53
2025-10-21,9:58:08.178576685,T,IBM,I,35,282.52
2025-10-21,9:58:08.178654882,T,IBM,I,25,282.52
2025-10-21,9:58:08.178657877,T,IBM,F,160,282.52
2025-10-21,9:58:08.178669940,T,IBM,F I,70,282.52
2025-10-21,9:58:08.178678998,T,IBM,F,145,282.52
2025-10-21,9:58:08.193191513,T,IBM,I,19,282.48
2025-10-21,9:58:08.281383887,T,IBM,I,15,282.48
2025-10-21,9:58:08.281383887,T,IBM,I,20,282.48
2025-10-21,9:58:08.281388500,T,IBM,I,18,282.48
2025-10-21,9:58:08.281403557,T,IBM,F I,2,282.48
2025-10-21,9:58:08.281407381,T,IBM,F I,20,282.48
2025-10-21,9:58:08.281407381,T,IBM,F I,20,282.48
2025-10-21,9:58:08.281409475,T,IBM,F I,15,282.48
2025-10-21,9:58:30.868737835,T,IBM,,100,282.65
2025-10-21,9:58:30.869276154,T,IBM,I,10,282.7
2025-10-21,9:58:30.869369302,T,IBM,I,12,282.74
2025-10-21,9:58:30.869372503,T,IBM,I,3,282.74
2025-10-21,9:58:58.039301642,T,IBM,F I,30,282.79
2025-10-21,9:59:01.417490112,T,IBM,F I,20,282.8
2025-10-21,9:59:01.417493034,T,IBM,F I,15,282.81
2025-10-21,9:59:01.417496052,T,IBM,F,115,282.81
2025-10-21,9:59:01.417511142,T,IBM,I,1,282.81
2025-10-21,9:59:01.417523107,T,IBM,,184,282.81
2025-10-21,9:59:01.864101296,T,IBM,I,25,282.825
2025-10-21,9:59:01.864122432,T,IBM,F I,75,282.825
2025-10-21,9:59:01.866636328,T,IBM,,100,282.825
2025-10-21,9:59:01.899519717,T,IBM,,100,282.825
2025-10-21,9:59:03.590301006,T,IBM,F I,15,282.91
2025-10-21,9:59:03.590303734,T,IBM,F I,85,282.92
2025-10-21,9:59:03.590315921,T,IBM,F I,15,282.92
2025-10-21,9:59:03.590318852,T,IBM,F I,85,282.93
2025-10-21,9:59:03.590330881,T,IBM,F I,15,282.93
2025-10-21,9:59:03.590333897,T,IBM,F I,85,282.94
2025-10-21,9:59:03.590637625,T,IBM,F I,15,282.94
2025-10-21,9:59:03.590851108,T,IBM,F I,1,282.97
2025-10-21,9:59:03.590857144,T,IBM,I,50,282.97
2025-10-21,9:59:03.590878112,T,IBM,F I,49,282.97
2025-10-21,9:59:03.820237230,T,IBM,I,11,282.88
2025-10-21,9:59:03.835047393,T,IBM,,100,282.87
2025-10-21,9:59:03.835047393,T,IBM,I,45,282.87
2025-10-21,9:59:03.835050443,T,IBM,I,5,282.88
2025-10-21,9:59:03.835137620,T,IBM,I,69,282.88
2025-10-21,9:59:03.849857640,T,IBM,F I,35,282.82
2025-10-21,9:59:03.850104230,T,IBM,,476,282.82
2025-10-21,9:59:14.081235089,T,IBM,F I,75,282.77
2025-10-21,10:00:00.282700531,T,IBM,I,1,282.87
2025-10-21,10:00:02.763122949,T,IBM,I,1,282.9
2025-10-21,10:00:10.489858387,T,IBM,I,25,282.83
2025-10-21,10:00:10.489858387,T,IBM,I,75,282.81
2025-10-21,10:00:10.489903466,T,IBM,F I,25,282.81
2025-10-21,10:00:10.490144048,T,IBM,F I,5,282.8
2025-10-21,10:00:10.490171061,T,IBM,F,100,282.8
2025-10-21,10:00:10.490514087,T,IBM,F I,20,282.75
2025-10-21,10:00:10.491127399,T,IBM,F,100,282.72
2025-10-21,10:00:10.914583424,T,IBM,F,100,282.7
2025-10-21,10:00:10.914604483,T,IBM,F,100,282.68
2025-10-21,10:00:10.914902252,T,IBM,I,40,282.71
2025-10-21,10:00:10.915154766,T,IBM,I,30,282.75
2025-10-21,10:00:10.915184982,T,IBM,F I,45,282.76
2025-10-21,10:00:10.915187958,T,IBM,F I,55,282.78
2025-10-21,10:00:10.915236001,T,IBM,F,100,282.75
2025-10-21,10:00:20.394989241,T,IBM,F,100,282.74
2025-10-21,10:00:20.394989241,T,IBM,F,100,282.74
2025-10-21,10:00:20.394992424,T,IBM,F,100,282.74
2025-10-21,10:00:20.394992424,T,IBM,F,100,282.74
2025-10-21,10:00:20.395759582,T,IBM,F I,1,282.66
2025-10-21,10:00:20.395783155,T,IBM,F I,99,282.66
2025-10-21,10:00:25.995426083,T,IBM,I,40,282.64
2025-10-21,10:00:39.165369576,T,IBM,F,100,282.77
2025-10-21,10:00:39.165369576,T,IBM,F I,2,282.78
2025-10-21,10:00:39.165666909,T,IBM,F I,3,282.81
2025-10-21,10:00:39.165669869,T,IBM,F I,99,282.82
2025-10-21,10:00:39.165675998,T,IBM,F I,1,282.82
2025-10-21,10:00:39.165679286,T,IBM,F I,2,282.82
2025-10-21,10:00:49.363075450,T,IBM,F I,30,282.86
2025-10-21,10:00:51.976940181,T,IBM,F I,30,282.86
2025-10-21,10:00:52.884332456,T,IBM,F I,30,282.83
2025-10-21,10:00:52.884386596,T,IBM,F I,40,282.81
2025-10-21,10:01:02.232750909,T,IBM,F I,20,282.72
2025-10-21,10:01:02.233707208,T,IBM,F I,20,282.65
2025-10-21,10:01:02.233731284,T,IBM,F,100,282.64
2025-10-21,10:01:03.925808491,T,IBM,I,50,282.64
2025-10-21,10:01:03.925808491,T,IBM,I,5,282.64
2025-10-21,10:01:03.925835595,T,IBM,F I,45,282.64
2025-10-21,10:01:08.912081257,T,IBM,F I,50,282.68
2025-10-21,10:01:08.912083960,T,IBM,F I,15,282.69
2025-10-21,10:01:25.504646258,T,IBM,F,100,282.61
2025-10-21,10:01:25.504679321,T,IBM,F I,4,282.58
2025-10-21,10:01:41.959375281,T,IBM,F I,4,282.58
2025-10-21,10:01:41.959399463,T,IBM,F I,4,282.58
2025-10-21,10:01:41.959624872,T,IBM,F I,3,282.58
2025-10-21,10:01:41.959633858,T,IBM,F I,85,282.58
2025-10-21,10:01:41.959645896,T,IBM,F I,4,282.57
2025-10-21,10:01:41.959669870,T,IBM,F I,20,282.57
2025-10-21,10:01:41.959672910,T,IBM,F I,80,282.56
2025-10-21,10:01:41.959675992,T,IBM,F I,20,282.56
2025-10-21,10:01:41.959850392,T,IBM,F I,4,282.57
2025-10-21,10:01:41.959856928,T,IBM,F I,96,282.57
2025-10-21,10:01:41.959991756,T,IBM,I,35,282.6
2025-10-21,10:01:41.960148132,T,IBM,I,8,282.58
2025-10-21,10:01:41.960349551,T,IBM,,100,282.57
2025-10-21,10:01:53.141090253,T,IBM,I,19,282.76
2025-10-21,10:01:53.141108007,T,IBM,F I,81,282.76
2025-10-21,10:01:53.141111013,T,IBM,F I,3,282.76
2025-10-21,10:01:53.141339638,T,IBM,F I,3,282.77
2025-10-21,10:01:59.980295712,T,IBM,I,11,282.77
2025-10-21,10:01:59.980755779,T,IBM,I,25,282.71
2025-10-21,10:02:01.594174855,T,IBM,I,5,282.66
2025-10-21,10:02:01.705629239,T,IBM,F I,95,282.66
2025-10-21,10:02:04.287420353,T,IBM,F I,8,282.53
2025-10-21,10:02:04.287422399,T,IBM,F I,16,282.53
2025-10-21,10:02:04.287434783,T,IBM,F I,8,282.53
2025-10-21,10:02:04.287438085,T,IBM,I,8,282.53
2025-10-21,10:02:04.287443461,T,IBM,I,68,282.53
2025-10-21,10:02:04.287464567,T,IBM,I,32,282.53
2025-10-21,10:02:04.287467722,T,IBM,I,22,282.53
2025-10-21,10:02:04.287467722,T,IBM,F I,16,282.52
2025-10-21,10:02:04.287485580,T,IBM,I,15,282.53
2025-10-21,10:02:04.287488608,T,IBM,I,35,282.53
2025-10-21,10:02:04.287569816,T,IBM,I,3,282.53
2025-10-21,10:02:04.732037026,T,IBM,I,25,282.6
2025-10-21,10:02:12.908610326,T,IBM,I,22,282.62
2025-10-21,10:02:12.908634471,T,IBM,F I,78,282.62
2025-10-21,10:02:14.121728366,T,IBM,F,100,282.63
2025-10-21,10:02:16.253987445,T,IBM,I,8,282.64
2025-10-21,10:02:16.254005855,T,IBM,F I,92,282.64
2025-10-21,10:02:16.254008544,T,IBM,F I,25,282.64
2025-10-21,10:02:16.254089691,T,IBM,,100,282.64
2025-10-21,10:02:27.326969697,T,IBM,I,5,282.7
2025-10-21,10:02:33.849987957,T,IBM,F I,4,282.77
2025-10-21,10:02:33.850002974,T,IBM,F,100,282.77
2025-10-21,10:02:35.104117683,T,IBM,F I,18,282.84
2025-10-21,10:02:35.104135749,T,IBM,F I,82,282.84
2025-10-21,10:02:35.104159791,T,IBM,F I,1,282.85
2025-10-21,10:02:40.804274742,T,IBM,I,14,282.89
2025-10-21,10:02:40.866871667,T,IBM,F I,11,282.96
2025-10-21,10:02:40.873761091,T,IBM,I,9,282.89
2025-10-21,10:02:41.529875013,T,IBM,I,5,282.86
2025-10-21,10:03:11.840164085,T,IBM,I,5,282.94
2025-10-21,10:03:11.840164085,T,IBM,I,5,282.96
2025-10-21,10:03:18.816941334,T,IBM,F,100,282.82
2025-10-21,10:03:18.816959317,T,IBM,F I,3,282.81
2025-10-21,10:03:20.547841254,T,IBM,F I,30,282.79
2025-10-21,10:03:20.547841254,T,IBM,F I,5,282.79
2025-10-21,10:03:20.547844065,T,IBM,F I,30,282.79
2025-10-21,10:03:38.028847078,T,IBM,F,100,282.82
2025-10-21,10:03:38.028850016,T,IBM,F I,50,282.81
2025-10-21,10:03:52.049064264,T,IBM,F I,1,282.93
2025-10-21,10:03:52.049067320,T,IBM,F I,11,282.94
2025-10-21,10:03:52.049557498,T,IBM,F I,90,282.96
2025-10-21,10:03:52.049578502,T,IBM,I,1,282.96
2025-10-21,10:03:52.049596514,T,IBM,I,18,282.96
2025-10-21,10:03:54.423108125,T,IBM,F I,3,282.87
2025-10-21,10:04:04.116603935,T,IBM,F I,2,282.8
2025-10-21,10:04:04.116682129,T,IBM,F I,16,282.76
2025-10-21,10:04:04.116685159,T,IBM,F I,7,282.76
2025-10-21,10:04:04.849701169,T,IBM,F,100,282.8
2025-10-21,10:04:05.385519830,T,IBM,I,1,282.77
2025-10-21,10:04:05.385519830,T,IBM,I,3,282.77
2025-10-21,10:04:10.204913074,T,IBM,F I,1,282.75
2025-10-21,10:04:51.259396886,T,IBM,F,100,282.83
2025-10-21,10:04:52.189664376,T,IBM,I,1,282.89
2025-10-21,10:04:52.189664376,T,IBM,I,91,282.9
2025-10-21,10:04:52.189682299,T,IBM,I,1,282.9
2025-10-21,10:04:52.189715911,T,IBM,,208,282.9
2025-10-21,10:04:52.189715911,T,IBM,I,2,282.9
2025-10-21,10:04:52.190494262,T,IBM,F I,1,282.95
2025-10-21,10:04:52.190978379,T,IBM,F I,3,282.9
2025-10-21,10:04:52.209926569,T,IBM,,100,282.88
2025-10-21,10:04:52.209926569,T,IBM,I,59,282.89
2025-10-21,10:05:14.589660850,T,IBM,I,4,282.9
2025-10-21,10:05:14.589682296,T,IBM,F,196,282.9
2025-10-21,10:05:14.589684825,T,IBM,F I,6,282.9
2025-10-21,10:05:14.589684825,T,IBM,F I,31,282.9
2025-10-21,10:05:20.874532947,T,IBM,F,100,282.96
2025-10-21,10:05:20.874559955,T,IBM,F I,10,282.97
2025-10-21,10:05:20.874563260,T,IBM,F I,10,282.97
2025-10-21,10:05:20.875814285,T,IBM,F I,13,283.03
2025-10-21,10:05:20.875814285,T,IBM,F I,13,283.03
2025-10-21,10:05:20.887030613,T,IBM,F I,13,283.09
2025-10-21,10:05:20.887051754,T,IBM,F I,10,283.1
2025-10-21,10:05:20.887662793,T,IBM,F I,3,283.13
2025-10-21,10:05:20.887665200,T,IBM,F I,1,283.13
2025-10-21,10:05:20.887701305,T,IBM,F I,14,283.15
2025-10-21,10:05:20.887701305,T,IBM,F I,3,283.15
2025-10-21,10:05:20.887704391,T,IBM,F I,1,283.16
2025-10-21,10:05:20.887998955,T,IBM,F I,24,283.17
2025-10-21,10:05:20.888020014,T,IBM,F,1176,283.17
2025-10-21,10:05:20.888483111,T,IBM,F I,14,283.21
2025-10-21,10:05:20.888486661,T,IBM,F I,56,283.21
2025-10-21,10:05:20.888489060,T,IBM,F I,32,283.21
2025-10-21,10:05:29.223771598,T,IBM,I,21,283.25
2025-10-21,10:05:29.224315910,T,IBM,F I,79,283.25
2025-10-21,10:05:29.224319593,T,IBM,F I,13,283.25
2025-10-21,10:05:29.224376135,T,IBM,I,16,283.2
2025-10-21,10:05:29.224606193,T,IBM,I,16,283.19
2025-10-21,10:05:29.224606193,T,IBM,I,40,283.19
2025-10-21,10:05:29.224625805,T,IBM,I,1,283.19
2025-10-21,10:05:29.224625805,T,IBM,I,1,283.19
2025-10-21,10:05:29.224655693,T,IBM,I,3,283.19
2025-10-21,10:05:47.555981395,T,IBM,I,1,283.23
2025-10-21,10:05:47.555981395,T,IBM,I,20,283.23
2025-10-21,10:05:47.556014352,T,IBM,I,27,283.23
2025-10-21,10:05:50.407832597,T,IBM,I,7,283.26
2025-10-21,10:05:55.842165804,T,IBM,I,8,283.27
2025-10-21,10:06:00.556931063,T,IBM,I,1,283.34
2025-10-21,10:06:00.556967115,T,IBM,F I,11,283.34
2025-10-21,10:06:10.360488942,T,IBM,F I,6,283.35
2025-10-21,10:06:10.360492162,T,IBM,F I,6,283.35
2025-10-21,10:06:10.360492162,T,IBM,F I,88,283.35
2025-10-21,10:06:10.360501042,T,IBM,F I,5,283.34
2025-10-21,10:06:10.360504072,T,IBM,F I,1,283.34
2025-10-21,10:06:10.360504072,T,IBM,F I,10,283.34
2025-10-21,10:06:10.360506988,T,IBM,F I,16,283.34
2025-10-21,10:06:10.360512985,T,IBM,F I,8,283.33
2025-10-21,10:06:10.360555127,T,IBM,F I,8,283.33
2025-10-21,10:06:10.360567050,T,IBM,I,1,283.34
2025-10-21,10:06:10.360747552,T,IBM,F I,8,283.32
2025-10-21,10:06:10.360846783,T,IBM,F,100,283.34
2025-10-21,10:06:10.361300828,T,IBM,F,100,283.34
2025-10-21,10:06:10.362212002,T,IBM,F,100,283.35
2025-10-21,10:06:10.362263126,T,IBM,F I,2,283.35
2025-10-21,10:06:10.362479717,T,IBM,F I,13,283.36
2025-10-21,10:06:10.362482692,T,IBM,F,100,283.36
2025-10-21,10:06:10.363556179,T,IBM,F I,80,283.36
2025-10-21,10:06:10.363559349,T,IBM,F I,20,283.36
2025-10-21,10:06:10.364229829,T,IBM,,100,283.35
2025-10-21,10:06:10.366921196,T,IBM,F I,30,283.33
2025-10-21,10:06:10.366942240,T,IBM,I,70,283.35
2025-10-21,10:06:10.367522687,T,IBM,I,45,283.35
2025-10-21,10:06:10.367531657,T,IBM,I,55,283.35
2025-10-21,10:06:10.367841442,T,IBM,F I,45,283.33
2025-10-21,10:06:10.367841442,T,IBM,F I,55,283.335
2025-10-21,10:06:10.369155676,T,IBM,F I,3,283.27
2025-10-21,10:06:10.369158553,T,IBM,F I,40,283.27
2025-10-21,10:06:10.369158553,T,IBM,F I,43,283.27
2025-10-21,10:06:10.369176550,T,IBM,I,43,283.27
2025-10-21,10:06:11.381918757,T,IBM,,100,283.28
2025-10-21,10:06:21.849355842,T,IBM,F I,15,283.38
2025-10-21,10:06:21.849355842,T,IBM,I,32,283.42
2025-10-21,10:06:21.849358395,T,IBM,I,6,283.43
2025-10-21,10:06:21.958407087,T,IBM,F,100,283.46
2025-10-21,10:06:21.958407087,T,IBM,F I,23,283.46
2025-10-21,10:06:21.958530238,T,IBM,I,14,283.47
2025-10-21,10:06:21.958533272,T,IBM,I,6,283.47
2025-10-21,10:06:21.958536246,T,IBM,I,34,283.47
2025-10-21,10:06:21.958560681,T,IBM,F I,91,283.47
2025-10-21,10:06:21.958933246,T,IBM,,271,283.5
2025-10-21,10:06:21.958933246,T,IBM,I,10,283.5
2025-10-21,10:06:21.959456466,T,IBM,F I,7,283.45
2025-10-21,10:06:35.592833110,T,IBM,I,2,283.44
2025-10-21,10:06:35.592923338,T,IBM,F I,1,283.44
2025-10-21,10:06:36.111204221,T,IBM,F I,11,283.45
2025-10-21,10:06:36.111204221,T,IBM,F I,19,283.48
2025-10-21,10:06:42.059527148,T,IBM,F,100,283.38
2025-10-21,10:06:42.059527148,T,IBM,F I,5,283.38
2025-10-21,10:06:42.060414220,T,IBM,I,4,283.37
2025-10-21,10:06:58.143121886,T,IBM,,100,283.51
2025-10-21,10:06:58.143121886,T,IBM,I,26,283.51
2025-10-21,10:06:58.143124939,T,IBM,I,31,283.51
2025-10-21,10:06:58.218688800,T,IBM,F I,14,283.64
2025-10-21,10:06:58.218692155,T,IBM,F I,3,283.64
2025-10-21,10:06:58.218694852,T,IBM,F,100,283.64
2025-10-21,10:07:04.543105205,T,IBM,F,100,283.63
2025-10-21,10:07:04.543108083,T,IBM,F I,24,283.64
2025-10-21,10:07:04.543135237,T,IBM,F,176,283.64
2025-10-21,10:07:04.543135237,T,IBM,F I,11,283.64
2025-10-21,10:07:04.543138243,T,IBM,F I,1,283.64
2025-10-21,10:07:04.543141608,T,IBM,F I,27,283.64
2025-10-21,10:07:04.549477345,T,IBM,I,1,283.64
2025-10-21,10:07:13.675868559,T,IBM,F I,10,283.7
2025-10-21,10:07:13.675868559,T,IBM,F I,1,283.7
2025-10-21,10:07:13.675874182,T,IBM,F I,5,283.7
2025-10-21,10:07:13.676397655,T,IBM,F I,7,283.71
2025-10-21,10:07:13.676433555,T,IBM,F I,16,283.72
2025-10-21,10:07:13.822716740,T,IBM,I,13,283.77
2025-10-21,10:07:13.822750560,T,IBM,F I,14,283.77
2025-10-21,10:07:13.822750560,T,IBM,F I,8,283.81
2025-10-21,10:07:21.722310436,T,IBM,I,12,283.77
2025-10-21,10:07:21.722310436,T,IBM,I,1,283.77
2025-10-21,10:07:21.722316173,T,IBM,,100,283.77
2025-10-21,10:07:21.722316173,T,IBM,I,20,283.77
2025-10-21,10:07:21.722367284,T,IBM,,100,283.77
2025-10-21,10:07:21.722571765,T,IBM,I,10,283.77
2025-10-21,10:07:22.449005345,T,IBM,F I,1,283.77
2025-10-21,10:07:41.354563305,T,IBM,I,12,283.8
2025-10-21,10:07:41.354590346,T,IBM,F I,82,283.81
2025-10-21,10:07:41.354593397,T,IBM,F I,17,283.81
2025-10-21,10:07:41.354596395,T,IBM,F I,5,283.81
2025-10-21,10:07:41.354596395,T,IBM,F I,1,283.81
2025-10-21,10:07:41.354623392,T,IBM,I,1,283.81
2025-10-21,10:07:42.545082654,T,IBM,F,100,283.79
2025-10-21,10:07:42.546511029,T,IBM,F I,1,283.67
2025-10-21,10:07:42.546520048,T,IBM,F I,1,283.67
2025-10-21,10:07:42.546547169,T,IBM,I,1,283.67
2025-10-21,10:07:42.546586270,T,IBM,I,1,283.67
2025-10-21,10:07:42.546920024,T,IBM,I,35,283.67
2025-10-21,10:07:42.547551559,T,IBM,F I,62,283.67
2025-10-21,10:07:42.547554551,T,IBM,F I,38,283.65
2025-10-21,10:07:42.547713938,T,IBM,F I,62,283.65
2025-10-21,10:07:42.549406909,T,IBM,F I,1,283.56
2025-10-21,10:07:42.549415939,T,IBM,F I,1,283.54
2025-10-21,10:07:42.549503343,T,IBM,F I,28,283.52
2025-10-21,10:07:43.599849720,T,IBM,F I,36,283.48
2025-10-21,10:07:43.599876660,T,IBM,F I,30,283.48
2025-10-21,10:07:43.599906765,T,IBM,F I,34,283.48
2025-10-21,10:07:43.599909821,T,IBM,F I,2,283.47
2025-10-21,10:07:43.600000027,T,IBM,F I,33,283.47
2025-10-21,10:07:43.600002980,T,IBM,F I,1,283.47
2025-10-21,10:07:43.600024067,T,IBM,F I,30,283.46
2025-10-21,10:07:43.600036051,T,IBM,F I,40,283.45
2025-10-21,10:07:56.679833903,T,IBM,F I,4,283.4
2025-10-21,10:07:56.679837003,T,IBM,F I,30,283.4
2025-10-21,10:07:56.679837003,T,IBM,F I,6,283.31
2025-10-21,10:07:56.679890944,T,IBM,I,15,283.39
2025-10-21,10:07:56.679999243,T,IBM,I,50,283.42
2025-10-21,10:07:56.680177262,T,IBM,I,45,283.42
2025-10-21,10:07:56.680179675,T,IBM,I,5,283.43
2025-10-21,10:07:56.680252078,T,IBM,F I,1,283.38
2025-10-21,10:07:56.680278934,T,IBM,I,50,283.42
2025-10-21,10:07:56.680883340,T,IBM,I,23,283.38
2025-10-21,10:08:00.030410423,T,IBM,F I,6,283.3
2025-10-21,10:08:04.843344353,T,IBM,I,14,283.37
2025-10-21,10:08:09.067263104,T,IBM,F I,1,283.3
2025-10-21,10:08:09.067266167,T,IBM,F I,2,283.3
2025-10-21,10:08:15.610417309,T,IBM,F I,20,283.26
2025-10-21,10:08:15.610628332,T,IBM,F,100,283.23
2025-10-21,10:08:15.611271372,T,IBM,F I,35,283.25
2025-10-21,10:08:15.611445707,T,IBM,I,45,283.27
2025-10-21,10:08:15.611505851,T,IBM,I,45,283.27
2025-10-21,10:08:15.611529879,T,IBM,I,10,283.25
2025-10-21,10:08:15.611568988,T,IBM,,100,283.25
2025-10-21,10:08:15.611620110,T,IBM,I,6,283.27
2025-10-21,10:08:15.611665250,T,IBM,I,6,283.25
2025-10-21,10:08:15.611668220,T,IBM,I,6,283.25
2025-10-21,10:08:16.276866831,T,IBM,F I,4,283.22
2025-10-21,10:08:16.276885174,T,IBM,F I,66,283.22
2025-10-21,10:08:16.276915016,T,IBM,F I,30,283.22
2025-10-21,10:08:16.276915016,T,IBM,F I,39,283.21
2025-10-21,10:08:16.276935980,T,IBM,F I,1,283.21
2025-10-21,10:08:16.276935980,T,IBM,F I,30,283.21
2025-10-21,10:08:16.352896891,T,IBM,I,20,283.21
2025-10-21,10:08:16.352896891,T,IBM,I,2,283.23
2025-10-21,10:08:17.626753613,T,IBM,I,12,283.28
2025-10-21,10:08:20.023035684,T,IBM,I,69,283.3
2025-10-21,10:08:20.023038397,T,IBM,F I,31,283.3
2025-10-21,10:08:20.023239810,T,IBM,I,69,283.31
2025-10-21,10:08:20.023308993,T,IBM,F I,31,283.31
2025-10-21,10:08:20.023318067,T,IBM,F I,69,283.32
2025-10-21,10:08:31.704047151,T,IBM,F I,12,283.32
2025-10-21,10:08:37.025948864,T,IBM,F I,1,283.36
2025-10-21,10:08:37.026466492,T,IBM,F I,2,283.38
2025-10-21,10:08:37.026469194,T,IBM,F I,29,283.38
2025-10-21,10:08:41.955750118,T,IBM,F I,10,283.49
2025-10-21,10:08:41.955882478,T,IBM,F I,10,283.5
2025-10-21,10:08:42.407127693,T,IBM,I,83,283.57
2025-10-21,10:08:44.142968235,T,IBM,F I,5,283.48
2025-10-21,10:08:56.985413925,T,IBM,F I,4,283.58
2025-10-21,10:08:56.985420329,T,IBM,F I,5,283.59
2025-10-21,10:08:56.985420329,T,IBM,F I,11,283.59
2025-10-21,10:08:56.985425965,T,IBM,F I,39,283.6
2025-10-21,10:08:56.985428935,T,IBM,F I,13,283.6
2025-10-21,10:08:56.985428935,T,IBM,F I,5,283.6
2025-10-21,10:08:57.014451089,T,IBM,I,1,283.69
2025-10-21,10:08:57.014511164,T,IBM,F,100,283.69
2025-10-21,10:09:01.293127262,T,IBM,I,5,283.57
2025-10-21,10:09:01.293130231,T,IBM,I,24,283.56
2025-10-21,10:09:01.293148310,T,IBM,I,1,283.56
2025-10-21,10:09:01.293148310,T,IBM,F I,4,283.56
2025-10-21,10:09:03.547164291,T,IBM,I,40,283.54
2025-10-21,10:09:03.547182433,T,IBM,I,1,283.54
2025-10-21,10:09:06.491542927,T,IBM,F,100,283.67
2025-10-21,10:09:06.491726400,T,IBM,F,100,283.68
2025-10-21,10:09:06.491726400,T,IBM,F I,2,283.7
2025-10-21,10:09:06.492012082,T,IBM,F I,98,283.7
2025-10-21,10:09:06.492012082,T,IBM,F I,2,283.7
2025-10-21,10:09:06.492057231,T,IBM,F I,12,283.71
2025-10-21,10:09:06.492066159,T,IBM,,100,283.7
2025-10-21,10:09:11.486136644,T,IBM,I,14,283.73
2025-10-21,10:09:11.486139673,T,IBM,,263,283.73
2025-10-21,10:09:11.486154627,T,IBM,I,1,283.73
2025-10-21,10:09:11.486160621,T,IBM,F I,18,283.73
2025-10-21,10:09:11.486163702,T,IBM,F I,60,283.73
2025-10-21,10:09:11.486169669,T,IBM,I,15,283.73
2025-10-21,10:09:11.486205755,T,IBM,I,48,283.73
2025-10-21,10:09:11.486226855,T,IBM,I,38,283.73
2025-10-21,10:09:12.485424522,T,IBM,F I,1,283.73
2025-10-21,10:09:19.777583753,T,IBM,F I,32,283.75
2025-10-21,10:09:19.777586705,T,IBM,F,100,283.75
2025-10-21,10:09:19.777644776,T,IBM,F I,1,283.77
2025-10-21,10:09:19.777677069,T,IBM,F I,42,283.77
2025-10-21,10:09:19.777677069,T,IBM,F I,17,283.78
2025-10-21,10:09:31.530565684,T,IBM,I,2,283.75
2025-10-21,10:09:31.530568702,T,IBM,I,40,283.75
2025-10-21,10:09:31.530571772,T,IBM,I,30,283.75
2025-10-21,10:09:43.775533911,T,IBM,F I,11,283.83
2025-10-21,10:09:43.775537273,T,IBM,F I,23,283.84
2025-10-21,10:09:44.019234140,T,IBM,,100,283.84
2025-10-21,10:09:49.585756201,T,IBM,I,17,283.86
2025-10-21,10:09:58.115734329,T,IBM,I,7,283.78
2025-10-21,10:09:58.115758358,T,IBM,F I,38,283.78
2025-10-21,10:09:58.115758358,T,IBM,F I,8,283.78
2025-10-21,10:09:58.115761565,T,IBM,F I,46,283.78
2025-10-21,10:09:58.115764510,T,IBM,I,7,283.78
2025-10-21,10:09:58.115767447,T,IBM,F I,46,283.78
2025-10-21,10:09:58.115770486,T,IBM,F I,1,283.78
2025-10-21,10:10:00.858384025,T,IBM,I,5,283.83
2025-10-21,10:10:00.858386735,T,IBM,I,47,283.83
2025-10-21,10:10:00.858398694,T,IBM,I,41,283.83
2025-10-21,10:10:00.858402506,T,IBM,I,1,283.83
2025-10-21,10:10:00.858404779,T,IBM,I,3,283.83
2025-10-21,10:10:00.858933996,T,IBM,F I,4,283.83
2025-10-21,10:10:01.640663108,T,IBM,I,3,283.83
2025-10-21,10:10:17.505926679,T,IBM,F I,1,283.8
2025-10-21,10:10:17.505929190,T,IBM,F I,3,283.8
2025-10-21,10:10:17.506482568,T,IBM,F I,1,283.8
2025-10-21,10:10:20.746741603,T,IBM,F,100,283.78
2025-10-21,10:10:22.315591659,T,IBM,F I,1,283.8
2025-10-21,10:10:25.907875742,T,IBM,F I,24,283.84
2025-10-21,10:10:25.907875742,T,IBM,F I,47,283.84
2025-10-21,10:10:25.907880831,T,IBM,F,100,283.84
2025-10-21,10:10:25.908184648,T,IBM,F I,1,283.86
2025-10-21,10:10:25.908224075,T,IBM,F I,12,283.87
2025-10-21,10:10:25.908226766,T,IBM,F I,9,283.87
2025-10-21,10:10:25.908229691,T,IBM,F I,5,283.87
2025-10-21,10:10:25.908229691,T,IBM,F I,17,283.87
2025-10-21,10:10:25.908232633,T,IBM,F I,56,283.87
2025-10-21,10:10:25.908277728,T,IBM,F I,27,283.87
2025-10-21,10:10:25.908283731,T,IBM,F I,17,283.88
2025-10-21,10:10:33.425072019,T,IBM,,100,283.84
2025-10-21,10:10:48.796201585,T,IBM,F I,15,283.89
2025-10-21,10:10:48.796225732,T,IBM,F I,31,283.9
2025-10-21,10:10:48.796228810,T,IBM,F I,5,283.9
2025-10-21,10:10:48.796228810,T,IBM,F I,15,283.9
2025-10-21,10:10:48.796231708,T,IBM,F I,1,283.9
2025-10-21,10:10:48.796258707,T,IBM,I,16,283.86
2025-10-21,10:10:48.796442148,T,IBM,I,40,283.87
2025-10-21,10:10:48.796565787,T,IBM,I,25,283.85
2025-10-21,10:10:48.796565787,T,IBM,I,26,283.84
2025-10-21,10:10:48.796586492,T,IBM,I,1,283.84
2025-10-21,10:10:48.796682816,T,IBM,I,23,283.88
2025-10-21,10:10:50.128881266,T,IBM,I,16,283.88
2025-10-21,10:10:50.128899378,T,IBM,I,16,283.88
2025-10-21,10:10:50.381013572,T,IBM,I,9,283.91
2025-10-21,10:10:58.464852428,T,IBM,I,11,283.91
2025-10-21,10:10:58.464855538,T,IBM,I,13,283.91
2025-10-21,10:10:58.464873574,T,IBM,F I,2,283.91
2025-10-21,10:11:09.471052089,T,IBM,F I,12,283.94
2025-10-21,10:11:09.471054713,T,IBM,F I,1,283.94
2025-10-21,10:11:14.210541667,T,IBM,F,100,283.85
2025-10-21,10:11:14.210746080,T,IBM,F,100,283.83
2025-10-21,10:11:14.211188163,T,IBM,,100,283.82
2025-10-21,10:11:14.223797350,T,IBM,,100,283.82
2025-10-21,10:11:16.666780157,T,IBM,I,15,283.83
2025-10-21,10:11:17.107458228,T,IBM,,100,283.78
2025-10-21,10:11:18.007176175,T,IBM,F,100,283.77
2025-10-21,10:11:24.116712896,T,IBM,I,6,283.78
2025-10-21,10:11:53.714959015,T,IBM,F,100,283.61
2025-10-21,10:11:53.714989146,T,IBM,F,100,283.61
2025-10-21,10:11:53.715001154,T,IBM,F,100,283.61
2025-10-21,10:11:55.028768838,T,IBM,I,1,283.46
2025-10-21,10:11:55.028786825,T,IBM,I,5,283.46
2025-10-21,10:12:01.570368133,T,IBM,F I,1,283.41
2025-10-21,10:12:01.570461374,T,IBM,F,100,283.4
2025-10-21,10:12:01.570464380,T,IBM,F,200,283.39
2025-10-21,10:12:01.570960510,T,IBM,F I,69,283.39
2025-10-21,10:12:01.570972613,T,IBM,F I,31,283.39
2025-10-21,10:12:06.409939757,T,IBM,F,100,283.45
2025-10-21,10:12:16.127971261,T,IBM,I,70,283.44
2025-10-21,10:12:17.343404915,T,IBM,I,4,283.43
2025-10-21,10:12:17.343443976,T,IBM,I,31,283.43
2025-10-21,10:12:17.343443976,T,IBM,I,35,283.43
2025-10-21,10:12:24.666018060,T,IBM,I,30,283.43
2025-10-21,10:12:27.126737293,T,IBM,F I,30,283.45
2025-10-21,10:12:27.875811515,T,IBM,I,15,283.42
2025-10-21,10:12:27.875814580,T,IBM,I,5,283.41
2025-10-21,10:12:27.875817556,T,IBM,I,31,283.41
2025-10-21,10:12:41.084658661,T,IBM,F I,52,283.48
2025-10-21,10:12:41.084665037,T,IBM,F I,1,283.48
2025-10-21,10:12:41.084668220,T,IBM,F I,22,283.48
2025-10-21,10:12:41.084668220,T,IBM,F I,23,283.48
2025-10-21,10:12:41.084670646,T,IBM,F I,1,283.48
2025-10-21,10:12:41.084682749,T,IBM,I,52,283.48
2025-10-21,10:12:41.084686177,T,IBM,I,1,283.48
2025-10-21,10:12:41.084686177,T,IBM,F I,1,283.48
2025-10-21,10:12:41.084691874,T,IBM,F I,1,283.49
2025-10-21,10:12:41.084691874,T,IBM,F I,10,283.49
2025-10-21,10:12:41.084694750,T,IBM,F I,5,283.49
2025-10-21,10:12:41.084697902,T,IBM,F I,6,283.49
2025-10-21,10:12:41.084697902,T,IBM,F I,1,283.49
2025-10-21,10:12:41.084709793,T,IBM,F I,1,283.5
2025-10-21,10:12:41.084763862,T,IBM,F,100,283.5
2025-10-21,10:12:41.084890208,T,IBM,F I,14,283.52
2025-10-21,10:12:41.084986454,T,IBM,F I,14,283.53
2025-10-21,10:12:41.085359271,T,IBM,F I,8,283.53
2025-10-21,10:12:41.085500692,T,IBM,F I,3,283.56
2025-10-21,10:12:44.871077866,T,IBM,F,100,283.49
2025-10-21,10:12:46.697840562,T,IBM,I,11,283.47
2025-10-21,10:12:46.697840562,T,IBM,I,5,283.46
2025-10-21,10:12:46.697842831,T,IBM,I,84,283.46
2025-10-21,10:12:48.068379605,T,IBM,,100,283.46
2025-10-21,10:12:50.504446153,T,IBM,I,20,283.34
2025-10-21,10:12:50.504446153,T,IBM,I,80,283.33
2025-10-21,10:12:50.504467140,T,IBM,F I,20,283.33
2025-10-21,10:12:50.510313036,T,IBM,I,45,283.32
2025-10-21,10:12:50.510316127,T,IBM,,148,283.33
2025-10-21,10:12:50.510334141,T,IBM,I,1,283.29
2025-10-21,10:12:50.510349125,T,IBM,F I,29,283.29
2025-10-21,10:12:50.556490963,T,IBM,I,23,283.26
2025-10-21,10:12:57.137354903,T,IBM,I,13,283.26
2025-10-21,10:13:07.181578802,T,IBM,I,44,283.26
2025-10-21,10:13:08.827971377,T,IBM,F I,30,283.2
2025-10-21,10:13:08.827974417,T,IBM,F I,40,283.2
2025-10-21,10:13:08.828509688,T,IBM,F,100,283.16
2025-10-21,10:13:08.828545730,T,IBM,F I,23,283.14
2025-10-21,10:13:08.848801957,T,IBM,I,26,283.13
2025-10-21,10:13:08.848823024,T,IBM,I,26,283.13
2025-10-21,10:13:08.848880109,T,IBM,,100,283.13
2025-10-21,10:13:08.848928226,T,IBM,F I,1,283.13
2025-10-21,10:13:12.097877852,T,IBM,F,100,283.13
2025-10-21,10:13:13.371517941,T,IBM,I,1,283.06
2025-10-21,10:13:13.841774474,T,IBM,,100,283.13
2025-10-21,10:13:14.841203785,T,IBM,F I,17,283.13
2025-10-21,10:13:14.841209804,T,IBM,F I,13,283.13
2025-10-21,10:13:14.841212777,T,IBM,F I,59,283.13
2025-10-21,10:13:14.841221872,T,IBM,F I,17,283.16
2025-10-21,10:13:14.841321204,T,IBM,F I,10,283.17
2025-10-21,10:13:31.961375466,T,IBM,I,8,283.16
2025-10-21,10:13:33.322066998,T,IBM,I,8,283.14
2025-10-21,10:13:43.596344567,T,IBM,I,72,283.13
2025-10-21,10:13:52.859883207,T,IBM,F I,14,283.2
2025-10-21,10:13:52.859886315,T,IBM,F I,1,283.21
2025-10-21,10:13:52.859886315,T,IBM,F I,16,283.22
2025-10-21,10:13:52.859889266,T,IBM,F I,1,283.22
2025-10-21,10:13:52.859892225,T,IBM,F I,13,283.22
2025-10-21,10:13:52.859904232,T,IBM,I,1,283.22
2025-10-21,10:13:52.859913273,T,IBM,F I,4,283.22
2025-10-21,10:13:52.859913273,T,IBM,F I,5,283.22
2025-10-21,10:13:52.873046200,T,IBM,I,15,283.19
2025-10-21,10:13:52.873046200,T,IBM,I,5,283.19
2025-10-21,10:13:52.873048565,T,IBM,I,80,283.185
2025-10-21,10:13:54.583168717,T,IBM,F I,46,283.27
2025-10-21,10:13:54.583198893,T,IBM,F I,10,283.28
2025-10-21,10:13:54.583201813,T,IBM,F I,5,283.28
2025-10-21,10:13:54.690025132,T,IBM,I,4,283.31
2025-10-21,10:13:54.690097344,T,IBM,F I,2,283.32
2025-10-21,10:13:54.690097344,T,IBM,F I,2,283.32
2025-10-21,10:13:54.690154473,T,IBM,F I,32,283.33
2025-10-21,10:13:54.690157727,T,IBM,F I,47,283.33
2025-10-21,10:13:54.690157727,T,IBM,F I,18,283.33
2025-10-21,10:13:54.690190572,T,IBM,F I,1,283.35
2025-10-21,10:13:54.890106522,T,IBM,I,1,283.41
2025-10-21,10:13:54.899693267,T,IBM,I,13,283.46
2025-10-21,10:13:54.900860076,T,IBM,,100,283.42
2025-10-21,10:14:25.676974433,T,IBM,F I,15,283.45
2025-10-21,10:14:25.676974433,T,IBM,F I,13,283.46
2025-10-21,10:14:25.677001483,T,IBM,I,18,283.46
2025-10-21,10:14:25.677007469,T,IBM,F I,69,283.46
2025-10-21,10:14:25.677007469,T,IBM,F I,10,283.47
2025-10-21,10:14:25.677010473,T,IBM,F I,9,283.47
2025-10-21,10:14:25.677013496,T,IBM,F I,9,283.47
2025-10-21,10:14:25.677061676,T,IBM,F I,18,283.48
2025-10-21,10:14:25.677193943,T,IBM,F I,6,283.51
2025-10-21,10:14:25.677220973,T,IBM,F I,77,283.53
2025-10-21,10:14:25.677867508,T,IBM,I,9,283.53
2025-10-21,10:14:25.677972829,T,IBM,,100,283.53
2025-10-21,10:14:25.678114149,T,IBM,I,9,283.5
2025-10-21,10:14:25.849284692,T,IBM,F I,22,283.49
2025-10-21,10:14:25.849314684,T,IBM,I,22,283.49
2025-10-21,10:14:26.064224396,T,IBM,F I,5,283.5
2025-10-21,10:14:26.064224396,T,IBM,F I,6,283.5
2025-10-21,10:14:26.078809137,T,IBM,F I,11,283.5
2025-10-21,10:14:36.403426856,T,IBM,F I,1,283.61
2025-10-21,10:14:36.403429845,T,IBM,F I,12,283.61
2025-10-21,10:14:40.898600557,T,IBM,F I,11,283.62
2025-10-21,10:14:40.898600557,T,IBM,F I,11,283.62
2025-10-21,10:14:57.346951316,T,IBM,I,4,283.53
2025-10-21,10:14:57.346993471,T,IBM,I,23,283.53
2025-10-21,10:14:57.347146857,T,IBM,F I,13,283.52
2025-10-21,10:14:57.347167833,T,IBM,I,1,283.51
2025-10-21,10:15:03.801132920,T,IBM,F,100,283.42
2025-10-21,10:15:03.801132920,T,IBM,F I,14,283.41
2025-10-21,10:15:03.801132920,T,IBM,F I,3,283.41
2025-10-21,10:15:03.801135509,T,IBM,F I,8,283.41
2025-10-21,10:15:03.801150633,T,IBM,I,1,283.41
2025-10-21,10:15:03.801159865,T,IBM,F I,18,283.41
2025-10-21,10:15:03.801159865,T,IBM,F I,30,283.41
2025-10-21,10:15:03.801162676,T,IBM,F I,25,283.41
2025-10-21,10:15:03.801174615,T,IBM,F I,11,283.37
2025-10-21,10:15:03.801177713,T,IBM,F I,3,283.37
2025-10-21,10:15:03.801989559,T,IBM,F,100,283.35
2025-10-21,10:15:03.802118897,T,IBM,F I,11,283.34
2025-10-21,10:15:03.802371476,T,IBM,I,5,283.34
2025-10-21,10:15:39.528798593,T,IBM,I,1,283.275
2025-10-21,10:15:39.528801559,T,IBM,I,1,283.275
2025-10-21,10:15:51.542329743,T,IBM,F I,33,283.36
2025-10-21,10:15:51.542332757,T,IBM,F I,8,283.36
2025-10-21,10:15:51.542335775,T,IBM,F,100,283.36
2025-10-21,10:15:51.542594400,T,IBM,I,5,283.38
2025-10-21,10:15:51.542606503,T,IBM,I,3,283.38
2025-10-21,10:15:51.542633542,T,IBM,F I,2,283.38
2025-10-21,10:15:51.543418321,T,IBM,F I,3,283.44
2025-10-21,10:15:51.543664990,T,IBM,F,100,283.45
2025-10-21,10:16:23.640460914,T,IBM,F I,15,283.35
2025-10-21,10:16:23.640463528,T,IBM,F I,10,283.36
2025-10-21,10:16:23.640466590,T,IBM,F I,3,283.36
2025-10-21,10:16:23.640526665,T,IBM,F I,2,283.36
2025-10-21,10:16:23.640526665,T,IBM,F I,13,283.36
2025-10-21,10:16:23.640550729,T,IBM,I,28,283.36
2025-10-21,10:16:23.640550729,T,IBM,I,10,283.36
2025-10-21,10:16:23.640559809,T,IBM,F I,62,283.36
2025-10-21,10:16:23.655261729,T,IBM,I,20,283.34
2025-10-21,10:16:43.249071143,T,IBM,I,15,283.27
2025-10-21,10:16:48.155175885,T,IBM,I,5,283.29
2025-10-21,10:16:48.155178838,T,IBM,I,45,283.3
2025-10-21,10:17:25.976717568,T,IBM,I,20,283.46
2025-10-21,10:17:25.976720544,T,IBM,I,1,283.47
2025-10-21,10:17:25.976720544,T,IBM,I,56,283.47
2025-10-21,10:17:25.978092040,T,IBM,F I,44,283.47
2025-10-21,10:17:25.978092040,T,IBM,F I,33,283.48
2025-10-21,10:17:25.978128036,T,IBM,F I,14,283.48
2025-10-21,10:17:25.978130855,T,IBM,F I,10,283.48
2025-10-21,10:17:25.978130855,T,IBM,F I,5,283.48
2025-10-21,10:17:25.978133925,T,IBM,F I,14,283.48
2025-10-21,10:17:26.884239077,T,IBM,F I,5,283.53
2025-10-21,10:17:26.884290160,T,IBM,F I,20,283.52
2025-10-21,10:17:26.884293131,T,IBM,F I,5,283.52
2025-10-21,10:17:31.583183891,T,IBM,I,1,283.49
2025-10-21,10:17:31.583183891,T,IBM,I,21,283.48
2025-10-21,10:17:31.583201924,T,IBM,F I,1,283.48
2025-10-21,10:17:43.167533420,T,IBM,I,1,283.39
2025-10-21,10:17:56.550116032,T,IBM,F I,9,283.37
2025-10-21,10:18:13.453919389,T,IBM,I,35,283.39
2025-10-21,10:18:13.453919389,T,IBM,I,6,283.39
2025-10-21,10:18:13.453919389,T,IBM,I,30,283.39
2025-10-21,10:18:37.085074322,T,IBM,F I,10,283.41
2025-10-21,10:19:13.453770209,T,IBM,I,1,283.48
2025-10-21,10:19:13.454094970,T,IBM,F I,1,283.5
2025-10-21,10:19:13.454134750,T,IBM,I,31,283.51
2025-10-21,10:19:13.454158189,T,IBM,I,1,283.51
2025-10-21,10:19:13.454410802,T,IBM,F I,40,283.51
2025-10-21,10:19:13.454997141,T,IBM,F I,1,283.46
2025-10-21,10:19:13.454997141,T,IBM,F I,1,283.46
2025-10-21,10:19:13.455045287,T,IBM,F I,80,283.46
2025-10-21,10:19:13.455051301,T,IBM,I,20,283.46
2025-10-21,10:19:13.455054465,T,IBM,I,80,283.46
2025-10-21,10:19:13.455195604,T,IBM,I,20,283.46
2025-10-21,10:19:13.455213684,T,IBM,I,10,283.46
2025-10-21,10:19:13.455234904,T,IBM,F I,25,283.46
2025-10-21,10:19:13.455234904,T,IBM,F I,10,283.46
2025-10-21,10:19:13.469043650,T,IBM,I,45,283.41
2025-10-21,10:19:41.686790247,T,IBM,F I,8,283.38
2025-10-21,10:19:42.865915705,T,IBM,I,5,283.44
2025-10-21,10:19:42.865915705,T,IBM,I,20,283.44
2025-10-21,10:19:42.865918456,T,IBM,I,5,283.45
2025-10-21,10:19:42.865921519,T,IBM,I,17,283.46
2025-10-21,10:19:44.395996959,T,IBM,I,19,283.5
2025-10-21,10:19:44.396018126,T,IBM,F I,28,283.5
2025-10-21,10:19:44.396042110,T,IBM,I,2,283.5
2025-10-21,10:19:44.397674997,T,IBM,F I,16,283.44
2025-10-21,10:19:44.397674997,T,IBM,F I,3,283.44
2025-10-21,10:19:44.397678034,T,IBM,F I,19,283.44
2025-10-21,10:19:44.397699741,T,IBM,I,1,283.44
2025-10-21,10:19:46.321120186,T,IBM,I,30,283.43
2025-10-21,10:19:46.321123100,T,IBM,I,7,283.43
2025-10-21,10:19:47.537485829,T,IBM,F I,42,283.35
2025-10-21,10:19:47.537494816,T,IBM,F I,16,283.35
2025-10-21,10:19:47.537564174,T,IBM,I,1,283.35
2025-10-21,10:19:47.537594108,T,IBM,F I,6,283.35
2025-10-21,10:19:47.537618110,T,IBM,F I,35,283.35
2025-10-21,10:19:47.537834779,T,IBM,,200,283.35
2025-10-21,10:19:47.538117466,T,IBM,F I,15,283.35
2025-10-21,10:19:47.538147398,T,IBM,F,100,283.38
2025-10-21,10:19:47.539416570,T,IBM,I,99,283.36
2025-10-21,10:19:54.882881001,T,IBM,F I,2,283.43
2025-10-21,10:19:59.339331225,T,IBM,F,100,283.38
2025-10-21,10:19:59.577766046,T,IBM,I,17,283.4
2025-10-21,10:20:02.837700750,T,IBM,F I,34,283.4
2025-10-21,10:20:15.030064545,T,IBM,F I,17,283.42
2025-10-21,10:20:39.809079312,T,IBM,F I,5,283.48
2025-10-21,10:20:39.809079312,T,IBM,F I,15,283.45
2025-10-21,10:20:45.673697986,T,IBM,,100,283.55
2025-10-21,10:20:46.080118539,T,IBM,F I,11,283.58
2025-10-21,10:20:46.080124534,T,IBM,F I,11,283.58
2025-10-21,10:20:46.080136582,T,IBM,I,78,283.58
2025-10-21,10:20:46.080145668,T,IBM,F I,5,283.6
2025-10-21,10:20:46.080148637,T,IBM,F I,6,283.6
2025-10-21,10:20:46.080494407,T,IBM,I,2,283.6
2025-10-21,10:20:46.080497439,T,IBM,I,98,283.6
2025-10-21,10:20:46.277869654,T,IBM,F I,6,283.65
2025-10-21,10:20:47.300065865,T,IBM,F I,20,283.66
2025-10-21,10:20:48.544013190,T,IBM,F I,77,283.7
2025-10-21,10:20:48.544055316,T,IBM,F I,59,283.7
2025-10-21,10:20:48.544058325,T,IBM,F I,41,283.7
2025-10-21,10:20:48.547823253,T,IBM,I,67,283.7
2025-10-21,10:20:48.550394399,T,IBM,I,31,283.74
2025-10-21,10:20:48.557671764,T,IBM,I,8,283.73
2025-10-21,10:20:48.558546793,T,IBM,F I,53,283.73
2025-10-21,10:20:48.559352712,T,IBM,I,1,283.74
2025-10-21,10:20:48.560895382,T,IBM,F I,9,283.73
2025-10-21,10:20:48.561547952,T,IBM,I,4,283.7
2025-10-21,10:20:48.563183804,T,IBM,I,82,283.73
2025-10-21,10:20:48.605091765,T,IBM,I,20,283.66
2025-10-21,10:20:48.605091765,T,IBM,I,23,283.65
2025-10-21,10:21:05.434738533,T,IBM,F I,80,283.76
2025-10-21,10:21:05.434759806,T,IBM,I,4,283.76
2025-10-21,10:21:05.434759806,T,IBM,I,1,283.76
2025-10-21,10:21:05.434955515,T,IBM,I,8,283.73
2025-10-21,10:21:05.446556766,T,IBM,F I,8,283.76
2025-10-21,10:21:05.446556766,T,IBM,F I,8,283.76
2025-10-21,10:21:05.446559650,T,IBM,F I,8,283.76
2025-10-21,10:21:05.452192056,T,IBM,I,4,283.77
2025-10-21,10:21:05.452234160,T,IBM,F I,64,283.77
2025-10-21,10:21:05.464626651,T,IBM,I,6,283.79
2025-10-21,10:21:05.464662746,T,IBM,I,50,283.79
2025-10-21,10:21:05.464767963,T,IBM,I,5,283.79
2025-10-21,10:21:05.465038626,T,IBM,I,32,283.8
2025-10-21,10:21:05.465376242,T,IBM,I,2,283.8
2025-10-21,10:21:05.465376242,T,IBM,I,6,283.8
2025-10-21,10:21:05.465378945,T,IBM,I,18,283.8
2025-10-21,10:21:05.465381494,T,IBM,I,3,283.8
2025-10-21,10:21:05.465519827,T,IBM,I,2,283.8
2025-10-21,10:21:05.466665495,T,IBM,I,2,283.84
2025-10-21,10:21:05.467573744,T,IBM,F,117,283.85
2025-10-21,10:21:05.468433773,T,IBM,F I,50,283.85
2025-10-21,10:21:06.025729527,T,IBM,F I,20,283.8
2025-10-21,10:21:06.025732477,T,IBM,F I,5,283.79
2025-10-21,10:21:06.025735516,T,IBM,F I,5,283.79
2025-10-21,10:21:31.604122835,T,IBM,I,4,283.87
2025-10-21,10:21:31.604143991,T,IBM,F I,8,283.87
2025-10-21,10:21:31.604143991,T,IBM,F I,5,283.87
2025-10-21,10:21:35.300715190,T,IBM,F,100,283.87
2025-10-21,10:21:35.300715190,T,IBM,F I,18,283.88
2025-10-21,10:21:35.300763243,T,IBM,I,3,283.88
2025-10-21,10:21:35.301187332,T,IBM,I,27,283.88
2025-10-21,10:21:35.315429779,T,IBM,I,68,283.91
2025-10-21,10:21:35.316247185,T,IBM,F I,67,283.92
2025-10-21,10:21:59.803558441,T,IBM,F I,20,283.88
2025-10-21,10:22:01.837399262,T,IBM,F I,30,283.88
2025-10-21,10:22:01.837399262,T,IBM,F I,47,283.86
2025-10-21,10:22:01.837405243,T,IBM,F I,53,283.86
2025-10-21,10:22:01.837408237,T,IBM,F I,47,283.86
2025-10-21,10:22:01.837420513,T,IBM,F I,17,283.86
2025-10-21,10:22:01.837423258,T,IBM,F I,36,283.86
2025-10-21,10:22:01.837907475,T,IBM,F I,3,283.86
2025-10-21,10:22:01.837911055,T,IBM,F I,8,283.86
2025-10-21,10:22:01.837913825,T,IBM,F I,2,283.86
2025-10-21,10:22:01.837916499,T,IBM,F I,6,283.86
2025-10-21,10:22:01.837934522,T,IBM,I,2,283.86
2025-10-21,10:22:01.837937687,T,IBM,I,45,283.86
2025-10-21,10:22:01.837937687,T,IBM,I,55,283.86
2025-10-21,10:22:01.841028928,T,IBM,F I,45,283.86
2025-10-21,10:22:04.076923880,T,IBM,F,100,283.86
2025-10-21,10:22:04.076944869,T,IBM,F I,74,283.86
2025-10-21,10:22:04.076959995,T,IBM,F,826,283.86
2025-10-21,10:22:04.327209679,T,IBM,I,3,283.83
2025-10-21,10:22:09.580241364,T,IBM,I,2,283.86
2025-10-21,10:22:25.025879586,T,IBM,F I,6,283.85
2025-10-21,10:22:25.025912568,T,IBM,I,6,283.85
2025-10-21,10:22:25.038801183,T,IBM,F I,17,283.88
2025-10-21,10:22:25.038807205,T,IBM,I,83,283.88
2025-10-21,10:22:25.038810225,T,IBM,I,20,283.9
2025-10-21,10:22:25.038810225,T,IBM,I,4,283.9
2025-10-21,10:22:25.039772616,T,IBM,I,12,283.91
2025-10-21,10:22:25.039775471,T,IBM,I,5,283.91
2025-10-21,10:22:25.040272511,T,IBM,I,36,283.91
2025-10-21,10:22:25.040274749,T,IBM,I,12,283.91
2025-10-21,10:22:25.040825030,T,IBM,I,5,283.91
2025-10-21,10:22:25.040828049,T,IBM,I,12,283.91
2025-10-21,10:22:25.041285152,T,IBM,I,12,283.91
2025-10-21,10:22:25.041288202,T,IBM,I,5,283.91
2025-10-21,10:22:25.052838659,T,IBM,I,5,283.91
2025-10-21,10:22:25.052838659,T,IBM,I,57,283.92
2025-10-21,10:22:25.053301764,T,IBM,I,12,283.92
2025-10-21,10:22:25.053307756,T,IBM,I,5,283.92
2025-10-21,10:22:25.053794852,T,IBM,I,12,283.93
2025-10-21,10:22:25.053818949,T,IBM,I,38,283.93
2025-10-21,10:22:25.053861049,T,IBM,F I,12,283.93
2025-10-21,10:22:25.054390266,T,IBM,F I,33,283.94
2025-10-21,10:22:25.054396374,T,IBM,F I,3,283.94
2025-10-21,10:22:25.054396374,T,IBM,F I,8,283.94
2025-10-21,10:22:25.054420419,T,IBM,I,1,283.94
2025-10-21,10:22:25.055199290,T,IBM,I,27,283.93
2025-10-21,10:22:25.243309071,T,IBM,I,20,283.88
2025-10-21,10:22:45.514423828,T,IBM,F I,15,283.76
2025-10-21,10:22:45.514451013,T,IBM,F I,85,283.76
2025-10-21,10:22:45.514454008,T,IBM,F I,15,283.75
2025-10-21,10:23:02.435431409,T,IBM,F I,85,283.75
2025-10-21,10:23:02.435440382,T,IBM,F,100,283.75
2025-10-21,10:23:02.435443529,T,IBM,F I,15,283.75
2025-10-21,10:23:02.435455849,T,IBM,F I,9,283.75
2025-10-21,10:23:02.435455849,T,IBM,F I,80,283.75
2025-10-21,10:23:02.437334841,T,IBM,F,100,283.71
2025-10-21,10:23:02.437334841,T,IBM,F I,8,283.71
2025-10-21,10:23:02.437843083,T,IBM,I,1,283.69
2025-10-21,10:23:02.437867113,T,IBM,F I,4,283.68
2025-10-21,10:23:02.438462505,T,IBM,I,20,283.67
2025-10-21,10:23:02.672690294,T,IBM,I,7,283.66
2025-10-21,10:23:02.790986138,T,IBM,F I,93,283.66
2025-10-21,10:23:02.790989155,T,IBM,F,100,283.66
2025-10-21,10:23:02.790991947,T,IBM,F,100,283.66
2025-10-21,10:23:02.790991947,T,IBM,F I,98,283.66
2025-10-21,10:23:02.790995216,T,IBM,F,100,283.66
2025-10-21,10:23:03.115413178,T,IBM,I,9,283.67
2025-10-21,10:23:03.115434258,T,IBM,I,4,283.67
2025-10-21,10:23:03.118610007,T,IBM,F I,12,283.73
2025-10-21,10:23:03.118610007,T,IBM,F I,3,283.73
2025-10-21,10:23:03.119953957,T,IBM,F,100,283.76
2025-10-21,10:23:03.119953957,T,IBM,F I,45,283.77
2025-10-21,10:23:03.119957299,T,IBM,F,100,283.77
2025-10-21,10:23:03.119960030,T,IBM,F,100,283.77
2025-10-21,10:23:03.119960030,T,IBM,F,100,283.77
2025-10-21,10:23:03.119963422,T,IBM,F I,5,283.78
2025-10-21,10:23:03.119963422,T,IBM,F I,9,283.78
2025-10-21,10:23:03.119965974,T,IBM,F I,3,283.78
2025-10-21,10:23:03.121878751,T,IBM,F I,45,283.79
2025-10-21,10:23:03.121878751,T,IBM,F I,73,283.82
2025-10-21,10:23:03.121977873,T,IBM,I,45,283.76
2025-10-21,10:23:03.122004899,T,IBM,F I,55,283.76
2025-10-21,10:23:23.676875088,T,IBM,F I,15,283.65
2025-10-21,10:23:41.622443204,T,IBM,F I,15,283.63
2025-10-21,10:23:41.622445634,T,IBM,F I,40,283.61
2025-10-21,10:23:41.622668088,T,IBM,I,40,283.6
2025-10-21,10:23:41.622713198,T,IBM,F I,5,283.6
2025-10-21,10:23:41.622755367,T,IBM,I,15,283.58
2025-10-21,10:23:41.919216133,T,IBM,,100,283.58
2025-10-21,10:23:59.372890556,T,IBM,F I,18,283.5
2025-10-21,10:23:59.372890556,T,IBM,F I,40,283.5
2025-10-21,10:24:00.254376013,T,IBM,F I,30,283.5
2025-10-21,10:24:00.254376013,T,IBM,F I,35,283.5
2025-10-21,10:24:00.254406178,T,IBM,I,1,283.5
2025-10-21,10:24:00.266419699,T,IBM,F I,59,283.5
2025-10-21,10:24:08.454474887,T,IBM,I,9,283.51
2025-10-21,10:24:08.454498916,T,IBM,F I,84,283.52
2025-10-21,10:24:08.454522950,T,IBM,F I,6,283.52
2025-10-21,10:24:08.611334399,T,IBM,F I,5,283.57
2025-10-21,10:24:08.611337315,T,IBM,F I,1,283.59
2025-10-21,10:24:08.611340311,T,IBM,F I,5,283.59
2025-10-21,10:24:13.749378275,T,IBM,I,1,283.55
2025-10-21,10:24:19.115966342,T,IBM,F I,9,283.59
2025-10-21,10:24:55.631762970,T,IBM,F I,2,283.55
2025-10-21,10:25:00.554049371,T,IBM,F I,1,283.51
2025-10-21,10:25:00.554052584,T,IBM,F I,99,283.51
2025-10-21,10:25:00.554052584,T,IBM,F I,1,283.51
2025-10-21,10:25:00.554079460,T,IBM,I,1,283.51
2025-10-21,10:25:00.554494432,T,IBM,F,100,283.49
2025-10-21,10:25:00.554527452,T,IBM,F,100,283.49
2025-10-21,10:25:01.844980529,T,IBM,F I,13,283.44
2025-10-21,10:25:05.548080500,T,IBM,F I,6,283.38
2025-10-21,10:25:05.549415610,T,IBM,F I,34,283.35
2025-10-21,10:25:05.784785952,T,IBM,F I,16,283.35
2025-10-21,10:25:05.784788964,T,IBM,F I,27,283.35
2025-10-21,10:25:05.784792010,T,IBM,F,100,283.35
2025-10-21,10:25:08.275889540,T,IBM,F I,30,283.34
2025-10-21,10:25:08.275908218,T,IBM,I,1,283.34
2025-10-21,10:25:08.275934623,T,IBM,F I,1,283.33
2025-10-21,10:25:08.275958598,T,IBM,F I,33,283.33
2025-10-21,10:25:11.399034687,T,IBM,F I,6,283.28
2025-10-21,10:25:11.407854724,T,IBM,F I,30,283.26
2025-10-21,10:25:19.008629632,T,IBM,F,100,283.31
2025-10-21,10:25:19.008653642,T,IBM,F I,42,283.32
2025-10-21,10:25:19.008653642,T,IBM,F I,10,283.32
2025-10-21,10:25:19.008656892,T,IBM,F I,7,283.32
2025-10-21,10:25:19.008660058,T,IBM,F I,4,283.32
2025-10-21,10:25:19.008660058,T,IBM,F I,3,283.32
2025-10-21,10:25:19.008825043,T,IBM,F I,4,283.33
2025-10-21,10:25:23.834488456,T,IBM,F I,60,283.39
2025-10-21,10:25:23.834491930,T,IBM,F I,47,283.39
2025-10-21,10:25:23.834494536,T,IBM,F I,8,283.39
2025-10-21,10:25:23.834497698,T,IBM,F I,5,283.39
2025-10-21,10:25:25.287884181,T,IBM,I,5,283.39
2025-10-21,10:25:25.289285569,T,IBM,I,1,283.38
2025-10-21,10:25:25.290837237,T,IBM,I,1,283.38
2025-10-21,10:25:26.678915466,T,IBM,F I,2,283.44
2025-10-21,10:25:26.678918151,T,IBM,F I,20,283.44
2025-10-21,10:25:26.678920805,T,IBM,F I,27,283.44
2025-10-21,10:25:30.923423845,T,IBM,F I,44,283.46
2025-10-21,10:25:30.923423845,T,IBM,F I,5,283.46
2025-10-21,10:25:30.923979811,T,IBM,F I,2,283.48
2025-10-21,10:25:35.526114835,T,IBM,I,6,283.5
2025-10-21,10:25:35.526132848,T,IBM,I,1,283.5
2025-10-21,10:25:40.420115808,T,IBM,I,5,283.49
2025-10-21,10:25:55.974913495,T,IBM,I,5,283.43
2025-10-21,10:26:10.025993278,T,IBM,F I,12,283.37
2025-10-21,10:26:10.026011389,T,IBM,F I,3,283.37
2025-10-21,10:26:17.564643121,T,IBM,I,24,283.34
2025-10-21,10:26:17.564646178,T,IBM,I,2,283.34
2025-10-21,10:26:17.564661346,T,IBM,I,1,283.34
2025-10-21,10:26:17.564670260,T,IBM,F I,2,283.34
2025-10-21,10:26:17.564718335,T,IBM,F I,10,283.34
2025-10-21,10:26:24.502721435,T,IBM,I,7,283.36
2025-10-21,10:26:24.502751418,T,IBM,F I,3,283.36
2025-10-21,10:26:27.869671884,T,IBM,I,38,283.36
2025-10-21,10:26:27.869692942,T,IBM,F I,7,283.36
2025-10-21,10:26:37.935511157,T,IBM,F I,15,283.25
2025-10-21,10:26:37.935514245,T,IBM,F I,35,283.24
2025-10-21,10:26:37.935532278,T,IBM,I,1,283.24
2025-10-21,10:26:37.935562278,T,IBM,F I,3,283.24
2025-10-21,10:26:37.935694582,T,IBM,F I,11,283.24
2025-10-21,10:26:37.935697691,T,IBM,F I,1,283.2
2025-10-21,10:26:37.943636519,T,IBM,I,8,283.26
2025-10-21,10:26:37.943675578,T,IBM,I,24,283.24
2025-10-21,10:26:37.943714700,T,IBM,,100,283.24
2025-10-21,10:26:42.998722108,T,IBM,,100,283.2
2025-10-21,10:26:42.999224234,T,IBM,F,100,283.19
2025-10-21,10:26:42.999224234,T,IBM,F,100,283.18
2025-10-21,10:26:42.999230388,T,IBM,F,100,283.18
2025-10-21,10:26:43.004844619,T,IBM,I,14,283.16
2025-10-21,10:26:44.022488180,T,IBM,F,100,283.17
2025-10-21,10:26:44.022491580,T,IBM,F,100,283.16
2025-10-21,10:26:44.022491580,T,IBM,F I,20,283.16
2025-10-21,10:26:44.022495083,T,IBM,F I,1,283.15
2025-10-21,10:26:44.022497527,T,IBM,F I,5,283.15
2025-10-21,10:26:44.022497527,T,IBM,F I,9,283.15
2025-10-21,10:26:44.023149807,T,IBM,F I,35,283.14
2025-10-21,10:26:44.023149807,T,IBM,F I,65,283.14
2025-10-21,10:26:44.023152770,T,IBM,F I,35,283.14
2025-10-21,10:26:44.023155786,T,IBM,F,100,283.14
2025-10-21,10:26:44.024043038,T,IBM,I,25,283.12
2025-10-21,10:26:46.830056041,T,IBM,F,100,283.1
2025-10-21,10:27:00.454588921,T,IBM,I,5,283.13
2025-10-21,10:27:00.454588921,T,IBM,I,1,283.14
2025-10-21,10:27:00.454591417,T,IBM,I,13,283.14
2025-10-21,10:27:07.437223433,T,IBM,F I,14,283.1
2025-10-21,10:27:07.437226469,T,IBM,F I,2,283.09
2025-10-21,10:27:10.070736879,T,IBM,I,5,283.14
2025-10-21,10:27:10.070736879,T,IBM,I,20,283.14
2025-10-21,10:27:10.070739830,T,IBM,I,29,283.15
2025-10-21,10:27:10.070908229,T,IBM,F I,13,283.16
2025-10-21,10:27:10.070908229,T,IBM,F I,5,283.16
2025-10-21,10:27:18.055625009,T,IBM,I,36,283.18
2025-10-21,10:27:18.055627959,T,IBM,I,35,283.2
2025-10-21,10:27:38.730261019,T,IBM,F I,15,283.11
2025-10-21,10:27:43.470758473,T,IBM,I,8,283.15
2025-10-21,10:28:09.290096272,T,IBM,F I,22,283.1
2025-10-21,10:28:11.252002937,T,IBM,F,100,283.07
2025-10-21,10:28:15.206498149,T,IBM,F,100,283.13
2025-10-21,10:28:32.395322802,T,IBM,F I,3,283.04
2025-10-21,10:28:32.395578416,T,IBM,F,100,283.03
2025-10-21,10:28:32.407904716,T,IBM,I,14,283.04
2025-10-21,10:28:32.436986982,T,IBM,I,13,283.04
2025-10-21,10:28:32.691548934,T,IBM,F I,1,283.0
2025-10-21,10:28:33.076558473,T,IBM,I,21,282.98
2025-10-21,10:28:35.186062679,T,IBM,F I,80,282.93
2025-10-21,10:28:35.186068466,T,IBM,,118,282.93
2025-10-21,10:28:35.186477526,T,IBM,F I,9,282.92
2025-10-21,10:28:35.186546618,T,IBM,I,6,282.93
2025-10-21,10:28:35.186597761,T,IBM,I,6,282.93
2025-10-21,10:28:36.409037917,T,IBM,F,100,282.93
2025-10-21,10:28:38.829746920,T,IBM,F,100,282.97
2025-10-21,10:28:38.830020619,T,IBM,F I,1,282.98
2025-10-21,10:28:38.830020619,T,IBM,F I,73,282.98
2025-10-21,10:28:38.830024401,T,IBM,F I,27,282.98
2025-10-21,10:28:38.830029608,T,IBM,F I,3,282.99
2025-10-21,10:28:38.830029608,T,IBM,F I,44,282.99
2025-10-21,10:28:38.830032490,T,IBM,F I,27,282.99
2025-10-21,10:28:38.830847433,T,IBM,I,42,283.01
2025-10-21,10:28:42.980320794,T,IBM,I,10,283.03
2025-10-21,10:28:42.980492219,T,IBM,I,90,283.03
2025-10-21,10:28:59.692648752,T,IBM,F I,3,282.9
2025-10-21,10:29:02.885490770,T,IBM,F,100,282.91
2025-10-21,10:29:05.795936491,T,IBM,F I,34,282.89
2025-10-21,10:29:05.795993633,T,IBM,F I,34,282.89
2025-10-21,10:29:05.796002617,T,IBM,F I,32,282.89
2025-10-21,10:29:05.796002617,T,IBM,F I,2,282.88
2025-10-21,10:29:05.796089808,T,IBM,I,32,282.88
2025-10-21,10:29:05.796089808,T,IBM,I,32,282.88
2025-10-21,10:29:05.796110941,T,IBM,I,1,282.88
2025-10-21,10:29:05.796110941,T,IBM,I,4,282.88
2025-10-21,10:29:05.796125850,T,IBM,F I,22,282.88
2025-10-21,10:29:05.796146981,T,IBM,I,34,282.88
2025-10-21,10:29:05.796360447,T,IBM,I,7,282.88
2025-10-21,10:29:05.802338659,T,IBM,I,4,282.92
2025-10-21,10:29:13.516946436,T,IBM,I,13,282.92
2025-10-21,10:29:13.516946436,T,IBM,I,89,282.91
2025-10-21,10:29:13.517529850,T,IBM,I,4,282.92
2025-10-21,10:29:14.758322697,T,IBM,F I,2,282.9
2025-10-21,10:29:32.805138036,T,IBM,I,3,282.96
2025-10-21,10:29:33.471010274,T,IBM,F I,17,282.97
2025-10-21,10:29:33.471016546,T,IBM,F I,1,282.97
2025-10-21,10:29:33.471016546,T,IBM,F I,11,282.97
2025-10-21,10:29:33.471016546,T,IBM,F I,5,282.97
2025-10-21,10:29:35.345697205,T,IBM,I,20,282.96
2025-10-21,10:29:35.345703232,T,IBM,,100,282.96
2025-10-21,10:29:35.345703232,T,IBM,I,5,282.95
2025-10-21,10:29:35.345706225,T,IBM,I,73,282.95
2025-10-21,10:29:38.219762287,T,IBM,F,100,283.02
2025-10-21,10:29:38.219786808,T,IBM,F I,15,283.03
2025-10-21,10:29:38.223292781,T,IBM,F I,1,283.11
2025-10-21,10:29:38.226531475,T,IBM,F,100,283.13
2025-10-21,10:29:38.226531475,T,IBM,F I,49,283.14
2025-10-21,10:29:38.226552530,T,IBM,I,1,283.14
2025-10-21,10:29:38.226564640,T,IBM,F I,50,283.14
2025-10-21,10:29:38.226564640,T,IBM,F I,49,283.14
2025-10-21,10:29:38.253815377,T,IBM,F I,3,283.16
2025-10-21,10:29:38.253818401,T,IBM,F,200,283.16
2025-10-21,10:29:38.258211898,T,IBM,F I,10,283.26
2025-10-21,10:29:38.258214917,T,IBM,F I,3,283.26
2025-10-21,10:29:38.266484559,T,IBM,I,1,283.26
2025-10-21,10:29:38.266517609,T,IBM,F I,1,283.26
2025-10-21,10:29:38.385787574,T,IBM,I,1,283.26
2025-10-21,10:29:38.385820622,T,IBM,F I,75,283.26
2025-10-21,10:30:08.676737397,T,IBM,F I,2,283.2
2025-10-21,10:30:09.627871606,T,IBM,I,17,283.25
2025-10-21,10:30:09.627959657,T,IBM,F I,10,283.26
2025-10-21,10:30:09.627959657,T,IBM,F I,7,283.26
2025-10-21,10:30:28.141740715,T,IBM,F I,1,283.22
2025-10-21,10:30:32.975998426,T,IBM,F I,10,283.2
2025-10-21,10:30:32.976001323,T,IBM,F I,2,283.2
2025-10-21,10:30:56.228025174,T,IBM,I,11,283.22
2025-10-21,10:31:01.173848442,T,IBM,F I,22,283.15
2025-10-21,10:31:07.296309755,T,IBM,I,1,283.19
2025-10-21,10:31:12.610329537,T,IBM,I,9,283.22
2025-10-21,10:31:17.507445895,T,IBM,F I,1,283.23
2025-10-21,10:31:17.507448902,T,IBM,F I,10,283.23
2025-10-21,10:31:17.507451874,T,IBM,F I,11,283.23
2025-10-21,10:31:17.507451874,T,IBM,F I,8,283.23
2025-10-21,10:31:17.507466894,T,IBM,I,1,283.23
2025-10-21,10:31:17.507466894,T,IBM,I,16,283.23
2025-10-21,10:31:19.193923736,T,IBM,F,100,283.22
2025-10-21,10:31:19.193944810,T,IBM,F I,37,283.23
2025-10-21,10:31:28.776975568,T,IBM,F I,29,283.22
2025-10-21,10:31:31.562939984,T,IBM,F I,87,283.16
2025-10-21,10:31:31.562943058,T,IBM,F I,13,283.16
2025-10-21,10:31:31.562946084,T,IBM,F I,65,283.15
2025-10-21,10:31:31.562946084,T,IBM,F I,9,283.15
2025-10-21,10:31:31.562948947,T,IBM,F I,13,283.15
2025-10-21,10:31:31.562952178,T,IBM,F I,29,283.15
2025-10-21,10:31:31.562952178,T,IBM,F I,45,283.15
2025-10-21,10:31:31.562955006,T,IBM,F I,15,283.15
2025-10-21,10:31:38.245108808,T,IBM,F,100,283.19
2025-10-21,10:31:55.695635512,T,IBM,F I,1,283.09
2025-10-21,10:31:55.695635512,T,IBM,F I,5,283.09
2025-10-21,10:31:55.695640310,T,IBM,F I,30,283.08
2025-10-21,10:31:55.695640310,T,IBM,F I,2,283.08
2025-10-21,10:31:55.695655438,T,IBM,I,1,283.08
2025-10-21,10:31:55.695661451,T,IBM,F I,5,283.08
2025-10-21,10:32:17.615388020,T,IBM,I,1,283.14
2025-10-21,10:32:17.615388020,T,IBM,I,49,283.14
2025-10-21,10:32:17.615427550,T,IBM,I,32,283.14
2025-10-21,10:32:17.615429792,T,IBM,I,18,283.14
2025-10-21,10:32:17.615480954,T,IBM,I,1,283.14
2025-10-21,10:32:17.615480954,T,IBM,I,15,283.15
2025-10-21,10:32:17.615520025,T,IBM,I,19,283.15
2025-10-21,10:32:17.615547133,T,IBM,F I,2,283.15
2025-10-21,10:32:17.615550761,T,IBM,F I,3,283.15
2025-10-21,10:32:17.615550761,T,IBM,F I,1,283.15
2025-10-21,10:32:17.615553301,T,IBM,F I,10,283.15
2025-10-21,10:32:17.615908038,T,IBM,F I,7,283.18
2025-10-21,10:32:17.615910957,T,IBM,F I,5,283.18
2025-10-21,10:32:17.615913972,T,IBM,F,100,283.18
2025-10-21,10:32:17.615947134,T,IBM,F I,2,283.2
2025-10-21,10:32:17.616058389,T,IBM,I,21,283.18
2025-10-21,10:32:17.616452299,T,IBM,I,8,283.19
2025-10-21,10:32:17.627449481,T,IBM,F,100,283.19
2025-10-21,10:32:17.627470668,T,IBM,I,8,283.19
2025-10-21,10:32:17.627470668,T,IBM,I,1,283.19
2025-10-21,10:32:17.627500636,T,IBM,,100,283.18
2025-10-21,10:32:45.057963676,T,IBM,F I,3,283.08
2025-10-21,10:32:45.057966782,T,IBM,F I,24,283.08
2025-10-21,10:32:45.057972428,T,IBM,F,100,283.08
2025-10-21,10:32:45.057972428,T,IBM,F I,30,283.08
2025-10-21,10:32:45.057972428,T,IBM,F I,51,283.08
2025-10-21,10:32:45.057975397,T,IBM,F I,8,283.08
2025-10-21,10:32:45.236152537,T,IBM,I,10,283.09
2025-10-21,10:32:45.236239757,T,IBM,I,1,283.09
2025-10-21,10:32:53.121422882,T,IBM,I,30,283.1
2025-10-21,10:32:53.121449950,T,IBM,F,100,283.09
2025-10-21,10:32:58.519366388,T,IBM,F I,8,283.06
2025-10-21,10:32:58.519679127,T,IBM,I,4,283.06
2025-10-21,10:32:59.623132514,T,IBM,F,100,283.05
2025-10-21,10:32:59.623150027,T,IBM,I,1,283.05
2025-10-21,10:32:59.623195185,T,IBM,F I,99,283.05
2025-10-21,10:33:00.137705067,T,IBM,,100,283.08
2025-10-21,10:33:00.137750095,T,IBM,I,2,283.08
2025-10-21,10:33:00.137777222,T,IBM,F I,98,283.08
2025-10-21,10:33:00.983176975,T,IBM,F,100,283.04
2025-10-21,10:33:00.983522644,T,IBM,F,100,283.03
2025-10-21,10:33:00.983868431,T,IBM,I,32,283.04
2025-10-21,10:33:01.993431836,T,IBM,F I,1,283.03
2025-10-21,10:33:02.643318135,T,IBM,I,1,283.02
2025-10-21,10:33:03.749119601,T,IBM,F I,7,283.0
2025-10-21,10:33:03.749122656,T,IBM,F I,1,283.0
2025-10-21,10:33:03.749158707,T,IBM,F I,1,282.98
2025-10-21,10:33:04.815812942,T,IBM,F,100,282.96
2025-10-21,10:33:04.815972407,T,IBM,,100,282.96
2025-10-21,10:33:04.894182605,T,IBM,I,6,282.96
2025-10-21,10:33:04.894200651,T,IBM,F I,4,282.96
2025-10-21,10:33:04.894209611,T,IBM,I,4,282.96
2025-10-21,10:33:15.755475620,T,IBM,F,100,283.01
2025-10-21,10:33:19.481709630,T,IBM,I,22,283.06
2025-10-21,10:33:19.481733650,T,IBM,F I,78,283.06
2025-10-21,10:33:19.481733650,T,IBM,I,1,283.06
2025-10-21,10:33:19.481751704,T,IBM,F I,99,283.06
2025-10-21,10:33:22.520624461,T,IBM,F I,1,283.04
2025-10-21,10:33:22.520786663,T,IBM,I,99,283.04
2025-10-21,10:33:22.658971572,T,IBM,I,52,283.05
2025-10-21,10:33:22.862923167,T,IBM,F I,1,283.07
2025-10-21,10:33:23.283688477,T,IBM,F I,19,283.13
2025-10-21,10:33:23.283690839,T,IBM,F I,6,283.13
2025-10-21,10:33:23.284277834,T,IBM,,100,283.17
2025-10-21,10:33:23.284289333,T,IBM,I,10,283.15
2025-10-21,10:33:23.284301298,T,IBM,F,100,283.18
2025-10-21,10:33:24.402302939,T,IBM,I,4,283.23
2025-10-21,10:33:24.402332992,T,IBM,F I,1,283.23
2025-10-21,10:33:27.798053175,T,IBM,I,5,283.25
2025-10-21,10:33:27.798149253,T,IBM,F I,5,283.25
2025-10-21,10:33:27.828795288,T,IBM,I,1,283.27
2025-10-21,10:33:28.022787113,T,IBM,,100,283.3
2025-10-21,10:33:28.022976550,T,IBM,,100,283.29
2025-10-21,10:33:29.078212674,T,IBM,F I,10,283.34
2025-10-21,10:33:56.313345205,T,IBM,F I,10,283.35
2025-10-21,10:33:56.313345205,T,IBM,F I,10,283.35
2025-10-21,10:33:56.313348451,T,IBM,F I,6,283.35
2025-10-21,10:33:56.313348451,T,IBM,F I,5,283.35
2025-10-21,10:33:56.313363154,T,IBM,I,1,283.35
2025-10-21,10:33:56.314217102,T,IBM,F I,5,283.35
2025-10-21,10:33:56.314235120,T,IBM,I,81,283.35
2025-10-21,10:33:56.461213059,T,IBM,I,13,283.35
2025-10-21,10:33:56.461216142,T,IBM,I,5,283.35
2025-10-21,10:33:56.496532183,T,IBM,F,100,283.34
2025-10-21,10:33:56.496535131,T,IBM,F I,95,283.35
2025-10-21,10:33:56.501154541,T,IBM,F,100,283.35
2025-10-21,10:34:49.602826142,T,IBM,F I,45,283.31
2025-10-21,10:34:49.602826142,T,IBM,F I,48,283.32
2025-10-21,10:34:54.542340439,T,IBM,I,10,283.35
2025-10-21,10:34:57.803514168,T,IBM,F I,4,283.31
2025-10-21,10:35:07.828383883,T,IBM,F,100,283.32
2025-10-21,10:35:21.268360687,T,IBM,,100,283.34
2025-10-21,10:35:21.268381740,T,IBM,I,15,283.34
2025-10-21,10:35:21.268643322,T,IBM,F I,85,283.34
2025-10-21,10:35:21.268643322,T,IBM,F I,10,283.36
2025-10-21,10:35:21.268646352,T,IBM,F I,15,283.36
2025-10-21,10:35:21.268646352,T,IBM,F I,85,283.36
2025-10-21,10:35:21.285068436,T,IBM,,100,283.35
2025-10-21,10:35:21.361008253,T,IBM,F I,10,283.38
2025-10-21,10:35:24.749469005,T,IBM,F I,34,283.41
2025-10-21,10:35:24.749484036,T,IBM,F,100,283.42
2025-10-21,10:35:24.749487024,T,IBM,F I,1,283.42
2025-10-21,10:35:24.749766718,T,IBM,F I,10,283.44
2025-10-21,10:35:34.353177201,T,IBM,F I,13,283.44
2025-10-21,10:35:37.527735816,T,IBM,I,2,283.44
2025-10-21,10:35:37.527735816,T,IBM,I,80,283.45
2025-10-21,10:35:49.344788369,T,IBM,I,27,283.44
2025-10-21,10:35:58.203250904,T,IBM,I,3,283.41
2025-10-21,10:35:58.203253458,T,IBM,I,14,283.41
2025-10-21,10:35:58.203253458,T,IBM,I,1,283.4
2025-10-21,10:35:58.203316634,T,IBM,F I,1,283.41
2025-10-21,10:36:00.375047855,T,IBM,I,27,283.47
2025-10-21,10:36:12.811707561,T,IBM,F,100,283.45
2025-10-21,10:36:12.812396303,T,IBM,I,27,283.45
2025-10-21,10:36:12.961046169,T,IBM,I,5,283.39
2025-10-21,10:36:12.961082258,T,IBM,F I,35,283.38
2025-10-21,10:36:12.961830976,T,IBM,F,100,283.31
2025-10-21,10:36:12.961833986,T,IBM,F,100,283.29
2025-10-21,10:36:12.961833986,T,IBM,F I,3,283.29
2025-10-21,10:36:12.961836968,T,IBM,F,200,283.29
2025-10-21,10:36:12.961852088,T,IBM,I,12,283.29
2025-10-21,10:36:12.961885083,T,IBM,F I,88,283.29
2025-10-21,10:36:12.962736194,T,IBM,I,10,283.3
2025-10-21,10:36:12.963382711,T,IBM,F I,40,283.39
2025-10-21,10:36:12.963400742,T,IBM,I,41,283.39
2025-10-21,10:36:12.963409793,T,IBM,F,100,283.39
2025-10-21,10:36:12.963412886,T,IBM,F I,40,283.41
2025-10-21,10:36:12.963418742,T,IBM,F,100,283.42
2025-10-21,10:36:12.963472976,T,IBM,F I,32,283.41
2025-10-21,10:36:12.963481916,T,IBM,I,63,283.41
2025-10-21,10:36:12.963792261,T,IBM,F I,32,283.48
2025-10-21,10:36:12.963792261,T,IBM,F I,3,283.49
2025-10-21,10:36:12.963795246,T,IBM,F I,68,283.49
2025-10-21,10:36:12.963803705,T,IBM,F I,4,283.49
2025-10-21,10:36:12.963836731,T,IBM,F I,28,283.49
2025-10-21,10:36:12.963839909,T,IBM,F I,4,283.5
2025-10-21,10:36:12.963878902,T,IBM,I,5,283.49
2025-10-21,10:36:12.963878902,T,IBM,I,95,283.49
2025-10-21,10:36:12.963894067,T,IBM,I,5,283.49
2025-10-21,10:36:12.963896882,T,IBM,F I,5,283.49
2025-10-21,10:36:12.963924016,T,IBM,I,11,283.48
2025-10-21,10:36:12.963975246,T,IBM,F,100,283.49
2025-10-21,10:36:12.963975246,T,IBM,I,3,283.49
2025-10-21,10:36:12.963978097,T,IBM,F I,97,283.49
2025-10-21,10:36:12.964450768,T,IBM,F I,40,283.48
2025-10-21,10:36:12.964495325,T,IBM,F I,25,283.48
2025-10-21,10:36:12.964495325,T,IBM,F I,25,283.48
2025-10-21,10:36:12.964516427,T,IBM,I,10,283.48
2025-10-21,10:36:12.998286847,T,IBM,,100,283.54
2025-10-21,10:36:13.052804413,T,IBM,F I,70,283.57
2025-10-21,10:36:13.052806828,T,IBM,F I,30,283.57
2025-10-21,10:36:13.052809629,T,IBM,F I,70,283.57
2025-10-21,10:36:13.052824633,T,IBM,F I,30,283.57
2025-10-21,10:36:13.053387232,T,IBM,F I,7,283.54
2025-10-21,10:36:13.053390254,T,IBM,F I,6,283.54
2025-10-21,10:36:13.053393134,T,IBM,F I,40,283.54
2025-10-21,10:36:13.053393134,T,IBM,F I,53,283.54
2025-10-21,10:36:13.053395979,T,IBM,F I,47,283.54
2025-10-21,10:36:13.053522284,T,IBM,F I,5,283.51
2025-10-21,10:36:13.549730602,T,IBM,I,15,283.475
2025-10-21,10:36:16.098105432,T,IBM,F I,30,283.44
2025-10-21,10:36:16.098108483,T,IBM,F I,5,283.44
2025-10-21,10:36:17.949324612,T,IBM,F I,1,283.4
2025-10-21,10:36:17.949339660,T,IBM,F,100,283.39
2025-10-21,10:36:17.989554368,T,IBM,I,2,283.4
2025-10-21,10:36:22.298906668,T,IBM,F I,46,283.46
2025-10-21,10:36:22.299691533,T,IBM,I,72,283.49
2025-10-21,10:36:24.850796789,T,IBM,,100,283.56
2025-10-21,10:36:24.850796789,T,IBM,I,16,283.56
2025-10-21,10:36:24.850800423,T,IBM,I,5,283.56
2025-10-21,10:36:24.850800423,T,IBM,I,5,283.56
2025-10-21,10:36:24.850802774,T,IBM,I,10,283.56
2025-10-21,10:36:27.215337953,T,IBM,I,27,283.57
2025-10-21,10:36:33.854733210,T,IBM,I,5,283.59
2025-10-21,10:36:33.854733210,T,IBM,I,17,283.59
2025-10-21,10:36:33.854739173,T,IBM,I,5,283.59
2025-10-21,10:36:33.854739173,T,IBM,I,10,283.59
2025-10-21,10:36:33.882242669,T,IBM,F I,10,283.54
2025-10-21,10:36:38.836089069,T,IBM,I,1,283.51
2025-10-21,10:36:39.752710394,T,IBM,,100,283.56
2025-10-21,10:36:40.372588051,T,IBM,F,100,283.58
2025-10-21,10:36:55.868593000,T,IBM,F,100,283.53
2025-10-21,10:36:55.868593000,T,IBM,F,131,283.52
2025-10-21,10:36:55.868611956,T,IBM,I,1,283.52
2025-10-21,10:36:55.868613912,T,IBM,F I,68,283.52
2025-10-21,10:36:55.868617093,T,IBM,F I,30,283.52
2025-10-21,10:36:55.868617093,T,IBM,F I,1,283.52
2025-10-21,10:36:55.868830493,T,IBM,F,100,283.48
2025-10-21,10:36:55.868890568,T,IBM,,100,283.52
2025-10-21,10:36:55.868899698,T,IBM,F,100,283.52
2025-10-21,10:36:55.869218429,T,IBM,F,100,283.45
2025-10-21,10:36:55.869224451,T,IBM,F I,9,283.52
2025-10-21,10:36:55.869227426,T,IBM,F,100,283.45
2025-10-21,10:36:55.869320845,T,IBM,F I,3,283.45
2025-10-21,10:36:55.869320845,T,IBM,F I,17,283.44
2025-10-21,10:36:55.870667900,T,IBM,F I,1,283.44
2025-10-21,10:36:55.870688851,T,IBM,F I,82,283.44
2025-10-21,10:36:55.871536938,T,IBM,F I,20,283.4
2025-10-21,10:37:02.912366800,T,IBM,I,26,283.46
2025-10-21,10:37:04.649701873,T,IBM,F,100,283.48
2025-10-21,10:37:05.511749201,T,IBM,I,9,283.52
2025-10-21,10:37:05.511774026,T,IBM,F I,91,283.52
2025-10-21,10:37:05.511774026,T,IBM,F I,9,283.52
2025-10-21,10:37:05.511779156,T,IBM,F I,5,283.52
2025-10-21,10:37:05.511779156,T,IBM,F I,86,283.52
2025-10-21,10:37:05.511797469,T,IBM,F I,6,283.53
2025-10-21,10:37:27.742869957,T,IBM,I,10,283.5
2025-10-21,10:38:02.758970329,T,IBM,F I,5,283.46
2025-10-21,10:38:02.758970329,T,IBM,F I,8,283.46
2025-10-21,10:38:02.758973451,T,IBM,F I,13,283.46
2025-10-21,10:38:02.758973451,T,IBM,F I,13,283.46
2025-10-21,10:38:02.758979323,T,IBM,I,13,283.46
2025-10-21,10:38:02.758985399,T,IBM,I,1,283.46
