DATE,TIME_M,EX,SYM_ROOT,TR_SCOND,SIZE,PRICE
2025-11-06,9:30:01.753688153,T,IBM,,100,306.53
2025-11-06,9:30:01.753694275,T,IBM,Q,100,306.53
2025-11-06,9:30:01.753745377,T,IBM,I,20,306.53
2025-11-06,9:30:01.818820285,T,IBM,,40,306.63
2025-11-06,9:30:08.157099736,T,IBM,F,40,307.49
2025-11-06,9:30:08.157102735,T,IBM,F I,20,307.49
2025-11-06,9:30:08.157105711,T,IBM,F,40,307.5
2025-11-06,9:30:08.157123767,T,IBM,I,1,307.5
2025-11-06,9:30:08.157127045,T,IBM,F I,3,307.5
2025-11-06,9:30:08.157129800,T,IBM,F I,6,307.5
2025-11-06,9:30:08.157129800,T,IBM,F I,10,307.5
2025-11-06,9:30:08.157926714,T,IBM,,69,307.41
2025-11-06,9:30:08.157926714,T,IBM,I,11,307.4
2025-11-06,9:30:08.158019894,T,IBM,,92,307.4
2025-11-06,9:30:09.229666489,T,IBM,F I,1,307.71
2025-11-06,9:30:09.781606119,T,IBM,F I,5,307.81
2025-11-06,9:30:10.230797753,T,IBM,F I,20,307.99
2025-11-06,9:30:10.230800603,T,IBM,F I,33,308.0
2025-11-06,9:30:10.230821793,T,IBM,I,1,308.0
2025-11-06,9:30:10.230821793,T,IBM,F I,16,308.0
2025-11-06,9:30:10.230824624,T,IBM,F I,3,308.0
2025-11-06,9:30:10.237265921,T,IBM,,80,308.0
2025-11-06,9:30:10.249063086,T,IBM,I,5,307.88
2025-11-06,9:30:10.249066709,T,IBM,I,30,307.85
2025-11-06,9:30:10.249069857,T,IBM,I,5,307.77
2025-11-06,9:30:10.249069857,T,IBM,I,11,307.75
2025-11-06,9:30:10.249072036,T,IBM,I,5,307.75
2025-11-06,9:30:12.350709420,T,IBM,F,80,308.04
2025-11-06,9:30:12.355969014,T,IBM,F,80,308.04
2025-11-06,9:30:13.172632150,T,IBM,I,5,308.04
2025-11-06,9:30:13.172662224,T,IBM,F,75,308.04
2025-11-06,9:30:13.257512255,T,IBM,F,80,308.04
2025-11-06,9:30:13.883870398,T,IBM,F,80,308.04
2025-11-06,9:30:14.291457730,T,IBM,F,69,307.78
2025-11-06,9:30:14.291484813,T,IBM,I,9,307.78
2025-11-06,9:30:17.374920612,T,IBM,,40,308.04
2025-11-06,9:30:23.736577761,T,IBM,F,67,307.77
2025-11-06,9:30:23.736827332,T,IBM,F,40,307.77
2025-11-06,9:30:23.737200648,T,IBM,F,100,307.74
2025-11-06,9:30:23.737200648,T,IBM,I,11,307.6
2025-11-06,9:30:24.277975734,T,IBM,F I,5,307.64
2025-11-06,9:30:24.277978104,T,IBM,F I,5,307.65
2025-11-06,9:30:24.277980693,T,IBM,F I,30,307.68
2025-11-06,9:30:24.558891474,T,IBM,F I,5,307.67
2025-11-06,9:30:24.558894813,T,IBM,F I,12,307.69
2025-11-06,9:30:24.558894813,T,IBM,F I,5,307.7
2025-11-06,9:30:24.558897530,T,IBM,F I,18,307.74
2025-11-06,9:30:29.277187247,T,IBM,F I,1,307.56
2025-11-06,9:30:30.165847998,T,IBM,,100,307.75
2025-11-06,9:30:30.165854015,T,IBM,I,20,307.76
2025-11-06,9:30:30.165857024,T,IBM,,40,307.77
2025-11-06,9:30:30.165872077,T,IBM,F,80,307.77
2025-11-06,9:30:30.165872077,T,IBM,F,40,307.77
2025-11-06,9:30:30.166244960,T,IBM,,80,307.77
2025-11-06,9:30:30.166269052,T,IBM,I,1,307.77
2025-11-06,9:30:30.166299255,T,IBM,I,19,307.77
2025-11-06,9:30:30.166299255,T,IBM,,81,307.77
2025-11-06,9:30:30.166302105,T,IBM,I,1,307.77
2025-11-06,9:30:30.166822405,T,IBM,I,18,307.77
2025-11-06,9:30:30.166825406,T,IBM,I,22,307.76
2025-11-06,9:30:30.166843566,T,IBM,I,18,307.76
2025-11-06,9:30:30.166843566,T,IBM,,40,307.76
2025-11-06,9:30:30.167062911,T,IBM,F,75,307.96
2025-11-06,9:30:30.167065970,T,IBM,F I,12,307.99
2025-11-06,9:30:31.617481900,T,IBM,I,5,307.75
2025-11-06,9:30:31.617484963,T,IBM,I,5,307.69
2025-11-06,9:30:31.617484963,T,IBM,I,5,307.67
2025-11-06,9:30:31.617488557,T,IBM,,100,307.66
2025-11-06,9:30:31.617490989,T,IBM,I,12,307.64
2025-11-06,9:30:31.617490989,T,IBM,I,20,307.6
2025-11-06,9:30:31.617493893,T,IBM,I,33,307.57
2025-11-06,9:30:31.617866750,T,IBM,F I,20,307.56
2025-11-06,9:30:31.617890881,T,IBM,F,100,307.57
2025-11-06,9:30:31.631083257,T,IBM,I,5,307.87
2025-11-06,9:30:42.144322040,T,IBM,F I,1,308.1
2025-11-06,9:30:44.016477889,T,IBM,F I,10,308.0
2025-11-06,9:30:56.625110857,T,IBM,,69,307.47
2025-11-06,9:30:56.625110857,T,IBM,I,5,307.43
2025-11-06,9:30:56.625113455,T,IBM,I,5,307.39
2025-11-06,9:30:56.625113455,T,IBM,I,7,307.33
2025-11-06,9:30:56.626142023,T,IBM,,86,307.32
2025-11-06,9:30:56.639728291,T,IBM,,40,307.31
2025-11-06,9:30:56.639728291,T,IBM,,40,307.31
2025-11-06,9:30:56.639749335,T,IBM,F I,6,307.3
2025-11-06,9:30:56.640080040,T,IBM,F I,3,307.27
2025-11-06,9:30:56.657136712,T,IBM,F,46,307.3
2025-11-06,9:30:56.657214877,T,IBM,,50,307.3
2025-11-06,9:30:56.657236385,T,IBM,I,1,307.3
2025-11-06,9:30:56.657257037,T,IBM,,46,307.3
2025-11-06,9:30:56.657849361,T,IBM,,40,307.3
2025-11-06,9:30:56.658147129,T,IBM,F,50,307.3
2025-11-06,9:31:00.670437254,T,IBM,I,13,307.01
2025-11-06,9:31:02.678091688,T,IBM,F,100,307.15
2025-11-06,9:31:19.217494446,T,IBM,I,13,307.16
2025-11-06,9:31:19.217496831,T,IBM,I,13,307.16
2025-11-06,9:31:19.217517902,T,IBM,I,13,307.16
2025-11-06,9:31:19.217614127,T,IBM,F I,13,307.16
2025-11-06,9:31:19.217638169,T,IBM,F I,13,307.16
2025-11-06,9:31:19.217665182,T,IBM,I,13,307.16
2025-11-06,9:31:19.217689685,T,IBM,F I,14,307.16
2025-11-06,9:31:19.217707367,T,IBM,F I,8,307.16
2025-11-06,9:31:19.217707367,T,IBM,F I,6,307.15
2025-11-06,9:31:19.217761707,T,IBM,F I,7,307.15
2025-11-06,9:31:19.217761707,T,IBM,F I,1,307.15
2025-11-06,9:31:19.233152127,T,IBM,F I,5,307.01
2025-11-06,9:31:19.233209572,T,IBM,I,5,307.01
2025-11-06,9:31:19.233212194,T,IBM,F I,5,307.01
2025-11-06,9:31:19.233233279,T,IBM,F I,5,307.0
2025-11-06,9:31:28.022383537,T,IBM,I,5,307.17
2025-11-06,9:31:49.425968004,T,IBM,I,33,307.29
2025-11-06,9:31:58.412089977,T,IBM,,100,307.045
2025-11-06,9:32:06.829862061,T,IBM,,40,307.045
2025-11-06,9:32:23.124168541,T,IBM,I,1,307.27
2025-11-06,9:33:04.771078496,T,IBM,I,33,306.68
2025-11-06,9:33:04.771078496,T,IBM,I,1,306.68
2025-11-06,9:33:04.771081164,T,IBM,I,8,306.68
2025-11-06,9:33:04.771084115,T,IBM,,40,306.68
2025-11-06,9:33:04.771087122,T,IBM,I,10,306.68
2025-11-06,9:33:04.771547286,T,IBM,F I,5,306.67
2025-11-06,9:33:04.772199807,T,IBM,,80,306.55
2025-11-06,9:33:04.772235921,T,IBM,F,80,306.55
2025-11-06,9:33:04.772265994,T,IBM,I,5,306.55
2025-11-06,9:33:04.772290019,T,IBM,F I,27,306.55
2025-11-06,9:33:04.772296110,T,IBM,F,48,306.55
2025-11-06,9:33:04.772296110,T,IBM,F,40,306.55
2025-11-06,9:33:04.772299056,T,IBM,F I,27,306.55
2025-11-06,9:33:04.772350397,T,IBM,,53,306.55
2025-11-06,9:33:04.772371755,T,IBM,F I,5,306.54
2025-11-06,9:33:04.772759106,T,IBM,,40,306.55
2025-11-06,9:33:04.773080908,T,IBM,I,15,306.55
2025-11-06,9:33:04.773138069,T,IBM,F I,4,306.53
2025-11-06,9:33:04.849537851,T,IBM,F,77,306.52
2025-11-06,9:33:05.229513542,T,IBM,F,80,306.29
2025-11-06,9:33:05.229516563,T,IBM,F,40,306.29
2025-11-06,9:33:05.315310796,T,IBM,I,1,306.02
2025-11-06,9:33:05.315310796,T,IBM,I,9,306.02
2025-11-06,9:33:05.315379950,T,IBM,F I,29,306.15
2025-11-06,9:33:05.315386729,T,IBM,F I,29,306.15
2025-11-06,9:33:05.315401015,T,IBM,I,1,306.15
2025-11-06,9:33:05.315401015,T,IBM,F I,30,306.15
2025-11-06,9:33:05.315611526,T,IBM,I,29,306.02
2025-11-06,9:33:05.315614537,T,IBM,I,8,306.02
2025-11-06,9:33:05.315626668,T,IBM,F,100,306.02
2025-11-06,9:33:05.315629558,T,IBM,F,45,306.01
2025-11-06,9:33:05.315633065,T,IBM,F I,12,306.01
2025-11-06,9:33:05.315635842,T,IBM,,88,306.01
2025-11-06,9:33:05.315638569,T,IBM,I,32,306.0
2025-11-06,9:33:05.315668860,T,IBM,,48,306.0
2025-11-06,9:33:05.315668860,T,IBM,,40,306.0
2025-11-06,9:33:05.315711454,T,IBM,F I,18,306.14
2025-11-06,9:33:25.255541962,T,IBM,F,148,305.68
2025-11-06,9:33:25.255593082,T,IBM,,148,305.68
2025-11-06,9:33:25.255614085,T,IBM,,148,305.68
2025-11-06,9:33:25.255707345,T,IBM,,148,305.68
2025-11-06,9:33:25.256552627,T,IBM,I,7,305.7
2025-11-06,9:33:25.256552627,T,IBM,I,5,305.59
2025-11-06,9:33:25.256555392,T,IBM,I,26,305.58
2025-11-06,9:33:25.257797352,T,IBM,F I,1,305.58
2025-11-06,9:33:29.068120522,T,IBM,I,5,305.89
2025-11-06,9:33:29.068120522,T,IBM,,40,305.915
2025-11-06,9:33:29.160085383,T,IBM,,40,306.0
2025-11-06,9:33:36.679904493,T,IBM,,40,305.915
2025-11-06,9:33:39.825236547,T,IBM,F I,12,305.69
2025-11-06,9:33:39.825236547,T,IBM,F I,18,305.67
2025-11-06,9:33:57.144115081,T,IBM,I,3,305.97
2025-11-06,9:34:19.491366513,T,IBM,F I,1,306.25
2025-11-06,9:34:19.491366513,T,IBM,F I,1,306.25
2025-11-06,9:34:19.491421324,T,IBM,F I,1,306.25
2025-11-06,9:34:19.491421324,T,IBM,I,36,306.11
2025-11-06,9:34:19.491423706,T,IBM,F I,1,306.25
2025-11-06,9:34:19.491474738,T,IBM,F I,1,306.25
2025-11-06,9:34:19.491528896,T,IBM,F I,1,306.25
2025-11-06,9:34:19.491658183,T,IBM,F I,5,306.25
2025-11-06,9:34:19.491694346,T,IBM,F I,29,306.25
2025-11-06,9:34:19.491694346,T,IBM,F I,6,306.25
2025-11-06,9:34:19.491697289,T,IBM,F I,35,306.25
2025-11-06,9:34:19.491715318,T,IBM,I,1,306.25
2025-11-06,9:34:19.491719432,T,IBM,I,13,306.25
2025-11-06,9:34:19.491721510,T,IBM,I,21,306.25
2025-11-06,9:34:19.491724328,T,IBM,I,12,306.25
2025-11-06,9:34:19.491931910,T,IBM,F I,14,306.25
2025-11-06,9:34:19.491946946,T,IBM,F I,9,306.25
2025-11-06,9:34:20.313478891,T,IBM,F I,25,306.27
2025-11-06,9:34:20.313481887,T,IBM,F I,8,306.26
2025-11-06,9:34:20.313481887,T,IBM,F I,25,306.26
2025-11-06,9:34:23.467868450,T,IBM,I,22,306.15
2025-11-06,9:34:53.480488797,T,IBM,I,2,306.14
2025-11-06,9:35:00.481542927,T,IBM,I,12,305.75
2025-11-06,9:35:00.492083022,T,IBM,F,88,305.74
2025-11-06,9:35:00.492086060,T,IBM,F I,5,305.74
2025-11-06,9:35:00.492086060,T,IBM,F I,1,305.74
2025-11-06,9:35:00.492146338,T,IBM,F I,6,305.74
2025-11-06,9:35:00.492149367,T,IBM,F,43,305.73
2025-11-06,9:35:00.492152323,T,IBM,F I,39,305.73
2025-11-06,9:35:00.492152323,T,IBM,F I,1,305.73
2025-11-06,9:35:00.492155104,T,IBM,F I,5,305.73
2025-11-06,9:35:00.492909897,T,IBM,I,8,305.69
2025-11-06,9:35:00.544717328,T,IBM,F I,1,305.66
2025-11-06,9:35:00.545640503,T,IBM,F I,1,305.64
2025-11-06,9:35:00.567743037,T,IBM,F I,2,305.74
2025-11-06,9:35:00.567746111,T,IBM,F,75,305.74
2025-11-06,9:35:03.387685330,T,IBM,F I,5,305.57
2025-11-06,9:35:03.387715411,T,IBM,I,6,305.56
2025-11-06,9:35:03.388247884,T,IBM,F I,1,305.53
2025-11-06,9:35:03.389369396,T,IBM,,40,305.6
2025-11-06,9:35:03.389501640,T,IBM,,40,305.6
2025-11-06,9:35:14.035112337,T,IBM,,40,305.75
2025-11-06,9:35:14.035253671,T,IBM,,40,305.75
2025-11-06,9:35:14.035482232,T,IBM,F I,20,305.75
2025-11-06,9:35:14.035482232,T,IBM,F I,20,305.79
2025-11-06,9:35:14.035500268,T,IBM,I,1,305.79
2025-11-06,9:35:14.035506307,T,IBM,I,19,305.79
2025-11-06,9:35:14.035590496,T,IBM,I,1,305.79
2025-11-06,9:35:20.847807222,T,IBM,F I,30,305.61
2025-11-06,9:35:20.848165068,T,IBM,I,1,305.61
2025-11-06,9:35:29.887553242,T,IBM,F I,2,305.75
2025-11-06,9:35:29.889050762,T,IBM,I,17,305.7
2025-11-06,9:35:30.221389980,T,IBM,F,100,305.75
2025-11-06,9:35:35.698193638,T,IBM,F I,1,305.59
2025-11-06,9:35:35.698205694,T,IBM,I,1,305.59
2025-11-06,9:35:35.698328985,T,IBM,I,18,305.59
2025-11-06,9:35:37.635459732,T,IBM,I,2,305.58
2025-11-06,9:35:37.635814541,T,IBM,I,1,305.58
2025-11-06,9:35:43.875004898,T,IBM,F I,6,305.45
2025-11-06,9:35:43.875008021,T,IBM,F I,6,305.44
2025-11-06,9:35:43.875543285,T,IBM,I,10,305.49
2025-11-06,9:35:43.875543285,T,IBM,I,34,305.54
2025-11-06,9:35:50.038607244,T,IBM,I,6,305.37
2025-11-06,9:35:50.039740906,T,IBM,I,20,305.3
2025-11-06,9:35:50.039744205,T,IBM,,100,305.36
2025-11-06,9:35:50.039744205,T,IBM,I,5,305.37
2025-11-06,9:35:50.039746969,T,IBM,,75,305.37
2025-11-06,9:35:50.039749940,T,IBM,I,25,305.37
2025-11-06,9:36:06.657714286,T,IBM,I,8,305.37
2025-11-06,9:36:06.657738300,T,IBM,F,92,305.37
2025-11-06,9:36:06.658057088,T,IBM,F I,8,305.49
2025-11-06,9:36:06.665141947,T,IBM,,100,305.52
2025-11-06,9:36:09.328269978,T,IBM,F,100,305.555
2025-11-06,9:36:13.337507850,T,IBM,I,22,305.555
2025-11-06,9:36:22.315621991,T,IBM,I,1,305.46
2025-11-06,9:36:22.352935199,T,IBM,,120,305.44
2025-11-06,9:36:22.352935199,T,IBM,,40,305.44
2025-11-06,9:36:22.352937767,T,IBM,I,12,305.44
2025-11-06,9:36:22.352940762,T,IBM,,101,305.44
2025-11-06,9:36:22.448589479,T,IBM,I,9,305.24
2025-11-06,9:36:22.506170737,T,IBM,I,9,305.22
2025-11-06,9:36:40.318187455,T,IBM,I,2,305.26
2025-11-06,9:36:44.146198834,T,IBM,F I,8,305.28
2025-11-06,9:36:44.146228810,T,IBM,F I,8,305.32
2025-11-06,9:36:44.146231879,T,IBM,F,90,305.32
2025-11-06,9:36:44.146346729,T,IBM,F I,8,305.39
2025-11-06,9:36:44.146463407,T,IBM,F I,8,305.39
2025-11-06,9:36:44.146481757,T,IBM,F,40,305.39
2025-11-06,9:36:44.146634864,T,IBM,F I,8,305.4
2025-11-06,9:36:44.146637805,T,IBM,F,40,305.4
2025-11-06,9:36:44.146761116,T,IBM,F I,20,305.43
2025-11-06,9:36:44.146761116,T,IBM,F I,20,305.44
2025-11-06,9:36:44.146779177,T,IBM,I,1,305.44
2025-11-06,9:36:44.146794237,T,IBM,F I,19,305.44
2025-11-06,9:36:48.293209407,T,IBM,F I,1,305.18
2025-11-06,9:36:50.081840555,T,IBM,F,80,305.3
2025-11-06,9:36:53.677049953,T,IBM,I,1,305.17
2025-11-06,9:37:08.556791448,T,IBM,F,40,305.59
2025-11-06,9:37:08.556812486,T,IBM,F,80,305.59
2025-11-06,9:37:08.556815476,T,IBM,F,100,305.59
2025-11-06,9:37:10.297169747,T,IBM,I,22,305.605
2025-11-06,9:37:27.876835542,T,IBM,F I,16,305.44
2025-11-06,9:37:27.876835542,T,IBM,F I,31,305.44
2025-11-06,9:37:27.876949826,T,IBM,I,25,305.54
2025-11-06,9:37:27.876970893,T,IBM,I,1,305.54
2025-11-06,9:37:27.877157375,T,IBM,I,6,305.54
2025-11-06,9:37:27.877286645,T,IBM,I,1,305.54
2025-11-06,9:37:27.886617880,T,IBM,F I,33,305.49
2025-11-06,9:37:27.886620918,T,IBM,F I,8,305.49
2025-11-06,9:37:28.886630754,T,IBM,F I,14,305.44
2025-11-06,9:37:29.749038728,T,IBM,F,80,305.4
2025-11-06,9:37:29.749041796,T,IBM,F I,29,305.4
2025-11-06,9:37:29.758667653,T,IBM,I,18,305.36
2025-11-06,9:37:29.886643380,T,IBM,F I,1,305.26
2025-11-06,9:37:30.886659102,T,IBM,F I,3,305.13
2025-11-06,9:37:37.050829957,T,IBM,F I,8,305.34
2025-11-06,9:37:39.023691788,T,IBM,F I,30,305.26
2025-11-06,9:37:43.939576146,T,IBM,I,18,305.34
2025-11-06,9:37:49.436629755,T,IBM,F I,1,305.24
2025-11-06,9:37:49.601370930,T,IBM,I,9,305.16
2025-11-06,9:37:50.466277975,T,IBM,I,1,305.1
2025-11-06,9:37:51.614642936,T,IBM,F I,24,305.1
2025-11-06,9:37:51.633061788,T,IBM,I,1,305.2
2025-11-06,9:37:52.740502735,T,IBM,F,40,305.05
2025-11-06,9:37:52.740505340,T,IBM,F I,1,305.05
2025-11-06,9:37:52.740505340,T,IBM,F I,14,305.05
2025-11-06,9:37:52.740523313,T,IBM,F,40,305.05
2025-11-06,9:37:53.742601970,T,IBM,F,50,305.0
2025-11-06,9:37:53.742601970,T,IBM,F I,26,305.0
2025-11-06,9:37:53.742605214,T,IBM,F I,19,305.0
2025-11-06,9:37:53.742815395,T,IBM,I,20,305.06
2025-11-06,9:37:53.742818441,T,IBM,I,13,305.125
2025-11-06,9:37:53.742986820,T,IBM,I,3,305.08
2025-11-06,9:37:53.742986820,T,IBM,I,6,305.09
2025-11-06,9:37:53.743056027,T,IBM,I,3,305.08
2025-11-06,9:37:53.743239388,T,IBM,F I,18,305.06
2025-11-06,9:37:54.743258344,T,IBM,F,69,305.01
2025-11-06,9:37:54.743258344,T,IBM,F I,18,305.0
2025-11-06,9:37:54.943171153,T,IBM,I,6,305.15
2025-11-06,9:37:55.908586419,T,IBM,F I,25,305.01
2025-11-06,9:37:55.908589463,T,IBM,F I,20,305.0
2025-11-06,9:37:55.908589463,T,IBM,F I,20,305.0
2025-11-06,9:37:55.908604425,T,IBM,I,1,305.0
2025-11-06,9:38:03.838855901,T,IBM,F,100,305.1
2025-11-06,9:38:05.082210833,T,IBM,F,100,305.105
2025-11-06,9:38:08.017558900,T,IBM,I,1,305.05
2025-11-06,9:38:08.267586174,T,IBM,I,1,305.02
2025-11-06,9:38:08.267673647,T,IBM,F I,1,305.01
2025-11-06,9:38:08.267676335,T,IBM,F I,13,305.01
2025-11-06,9:38:08.268413123,T,IBM,I,16,305.03
2025-11-06,9:38:08.268470295,T,IBM,I,16,305.1
2025-11-06,9:38:08.318296659,T,IBM,I,21,305.01
2025-11-06,9:38:08.318298898,T,IBM,F I,21,305.01
2025-11-06,9:38:08.367932041,T,IBM,I,21,305.0
2025-11-06,9:38:17.413836338,T,IBM,F I,4,305.13
2025-11-06,9:38:17.413866372,T,IBM,,80,305.13
2025-11-06,9:38:29.981983856,T,IBM,F I,6,305.03
2025-11-06,9:38:31.498800944,T,IBM,F,58,305.03
2025-11-06,9:38:38.280449959,T,IBM,F I,1,304.93
2025-11-06,9:38:38.280522129,T,IBM,F,160,304.92
2025-11-06,9:38:38.280525321,T,IBM,F I,20,304.92
2025-11-06,9:38:38.280543112,T,IBM,F I,6,304.91
2025-11-06,9:38:38.280591275,T,IBM,F I,20,304.92
2025-11-06,9:38:46.803643924,T,IBM,F I,1,304.86
2025-11-06,9:38:54.502912382,T,IBM,I,7,304.75
2025-11-06,9:38:54.502912382,T,IBM,,433,304.75
2025-11-06,9:38:54.502933421,T,IBM,F,1207,304.75
2025-11-06,9:38:54.502933421,T,IBM,F,64,304.75
2025-11-06,9:38:54.573586596,T,IBM,F I,5,304.71
2025-11-06,9:38:59.268456669,T,IBM,I,4,304.74
2025-11-06,9:38:59.268460451,T,IBM,,85,304.78
2025-11-06,9:38:59.268460451,T,IBM,F I,5,304.78
2025-11-06,9:38:59.268465591,T,IBM,F,84,304.82
2025-11-06,9:38:59.268465591,T,IBM,F I,16,304.82
2025-11-06,9:38:59.268469410,T,IBM,F I,9,304.83
2025-11-06,9:38:59.268469410,T,IBM,F,64,304.83
2025-11-06,9:38:59.268471685,T,IBM,F I,16,304.83
2025-11-06,9:38:59.268474694,T,IBM,F,73,304.83
2025-11-06,9:38:59.268474694,T,IBM,F I,17,304.83
2025-11-06,9:39:09.823064653,T,IBM,I,1,304.715
2025-11-06,9:39:10.309571904,T,IBM,F I,1,304.67
2025-11-06,9:39:18.947104028,T,IBM,,100,304.715
2025-11-06,9:39:24.984899058,T,IBM,I,22,304.795
2025-11-06,9:39:38.076379364,T,IBM,F I,5,304.91
2025-11-06,9:39:38.076382462,T,IBM,F I,11,304.91
2025-11-06,9:39:41.679437122,T,IBM,F I,1,304.89
2025-11-06,9:39:41.680224941,T,IBM,I,5,304.78
2025-11-06,9:39:47.095068971,T,IBM,F,80,304.74
2025-11-06,9:39:52.714700371,T,IBM,I,1,304.61
2025-11-06,9:39:56.430114609,T,IBM,I,5,304.59
2025-11-06,9:39:58.286752522,T,IBM,F,100,304.59
2025-11-06,9:39:58.290752048,T,IBM,I,33,304.54
2025-11-06,9:40:04.178216243,T,IBM,I,7,304.51
2025-11-06,9:40:07.143702051,T,IBM,F,100,304.45
2025-11-06,9:40:44.623895024,T,IBM,,40,304.2
2025-11-06,9:40:44.656249106,T,IBM,F I,1,304.18
2025-11-06,9:40:50.837332253,T,IBM,I,1,304.23
2025-11-06,9:41:08.810616657,T,IBM,I,30,304.185
2025-11-06,9:41:08.810619742,T,IBM,I,10,304.185
2025-11-06,9:41:09.175941479,T,IBM,F I,7,304.185
2025-11-06,9:41:09.175941479,T,IBM,F I,5,304.185
2025-11-06,9:41:17.635149109,T,IBM,I,25,304.235
2025-11-06,9:41:17.635173115,T,IBM,F I,15,304.235
2025-11-06,9:41:17.645601959,T,IBM,,40,304.37
2025-11-06,9:41:17.645605007,T,IBM,I,5,304.37
2025-11-06,9:41:17.660553597,T,IBM,F I,14,304.61
2025-11-06,9:41:17.660556533,T,IBM,F I,9,304.61
2025-11-06,9:41:17.660610746,T,IBM,I,28,304.49
2025-11-06,9:41:17.660631697,T,IBM,I,1,304.5
2025-11-06,9:41:19.376826554,T,IBM,F,100,304.49
2025-11-06,9:41:21.976166644,T,IBM,F I,25,304.52
2025-11-06,9:41:36.009023639,T,IBM,,40,304.38
2025-11-06,9:41:36.009255112,T,IBM,,40,304.38
2025-11-06,9:41:46.828168436,T,IBM,F I,1,304.65
2025-11-06,9:41:49.201863436,T,IBM,F I,17,304.78
2025-11-06,9:41:49.202260325,T,IBM,F I,5,304.78
2025-11-06,9:41:49.202263356,T,IBM,F I,1,304.82
2025-11-06,9:41:49.202263356,T,IBM,F I,3,304.82
2025-11-06,9:41:49.202266755,T,IBM,F I,9,304.88
2025-11-06,9:41:49.202266755,T,IBM,F I,2,304.88
2025-11-06,9:41:49.202269308,T,IBM,F I,3,304.88
2025-11-06,9:41:49.203721830,T,IBM,F I,5,304.88
2025-11-06,9:41:49.203721830,T,IBM,F I,2,304.88
2025-11-06,9:41:49.203724816,T,IBM,F I,5,304.88
2025-11-06,9:42:01.872982092,T,IBM,I,25,304.87
2025-11-06,9:42:01.873078386,T,IBM,F,101,304.865
2025-11-06,9:42:07.457420867,T,IBM,F I,25,304.7
2025-11-06,9:42:12.163724117,T,IBM,F I,5,304.87
2025-11-06,9:42:12.163724117,T,IBM,F I,1,304.88
2025-11-06,9:42:23.095529302,T,IBM,I,5,305.02
2025-11-06,9:42:23.095829934,T,IBM,F I,8,304.96
2025-11-06,9:42:36.248443098,T,IBM,F I,5,304.99
2025-11-06,9:42:36.248443098,T,IBM,F I,2,305.0
2025-11-06,9:42:46.972736226,T,IBM,F,80,304.86
2025-11-06,9:42:48.593146969,T,IBM,F I,1,304.67
2025-11-06,9:42:48.593567923,T,IBM,F I,1,304.64
2025-11-06,9:42:49.445150273,T,IBM,,51,304.68
2025-11-06,9:42:53.804682880,T,IBM,I,5,304.6
2025-11-06,9:42:53.812793198,T,IBM,I,1,304.68
2025-11-06,9:42:53.862378327,T,IBM,I,2,304.77
2025-11-06,9:43:00.914154217,T,IBM,F I,8,304.81
2025-11-06,9:43:02.270226755,T,IBM,I,10,304.83
2025-11-06,9:43:02.270229735,T,IBM,I,10,304.89
2025-11-06,9:43:08.225887162,T,IBM,F I,8,304.8
2025-11-06,9:43:22.702047198,T,IBM,F,100,305.04
2025-11-06,9:43:22.702062867,T,IBM,F I,13,305.07
2025-11-06,9:43:23.192523850,T,IBM,F I,10,304.96
2025-11-06,9:43:24.487689234,T,IBM,F,100,304.93
2025-11-06,9:43:30.552428498,T,IBM,F,100,304.935
2025-11-06,9:43:30.552693137,T,IBM,F I,5,304.86
2025-11-06,9:43:30.647160034,T,IBM,F I,12,304.92
2025-11-06,9:43:36.481854737,T,IBM,F I,25,304.82
2025-11-06,9:43:36.481854737,T,IBM,F I,5,304.82
2025-11-06,9:43:39.478085938,T,IBM,F I,10,304.78
2025-11-06,9:43:39.478085938,T,IBM,F I,1,304.78
2025-11-06,9:43:39.485426154,T,IBM,F I,1,304.67
2025-11-06,9:43:44.092069889,T,IBM,F I,2,304.6
2025-11-06,9:43:44.092072555,T,IBM,F I,11,304.6
2025-11-06,9:43:44.092075764,T,IBM,F I,1,304.6
2025-11-06,9:43:44.092075764,T,IBM,F I,2,304.59
2025-11-06,9:43:44.092078219,T,IBM,F I,19,304.59
2025-11-06,9:43:44.092168399,T,IBM,F I,6,304.55
2025-11-06,9:43:46.929609379,T,IBM,I,1,304.59
2025-11-06,9:43:49.239507498,T,IBM,I,25,304.64
2025-11-06,9:43:49.239510550,T,IBM,I,5,304.68
2025-11-06,9:43:49.239510550,T,IBM,I,10,304.69
2025-11-06,9:43:49.239537639,T,IBM,,40,304.7
2025-11-06,9:43:54.015399747,T,IBM,I,11,304.8
2025-11-06,9:43:54.015399747,T,IBM,I,1,304.74
2025-11-06,9:43:57.312968908,T,IBM,I,12,304.81
2025-11-06,9:44:11.330910136,T,IBM,F I,26,304.905
2025-11-06,9:44:11.808392973,T,IBM,F I,5,304.83
2025-11-06,9:44:11.808395965,T,IBM,F I,25,304.82
2025-11-06,9:44:14.939913119,T,IBM,,100,304.94
2025-11-06,9:44:15.465462302,T,IBM,F I,4,304.99
2025-11-06,9:44:15.465835161,T,IBM,F I,14,305.01
2025-11-06,9:44:17.429416829,T,IBM,F I,3,305.07
2025-11-06,9:44:17.538107645,T,IBM,F,40,305.08
2025-11-06,9:44:17.538107645,T,IBM,F I,5,305.08
2025-11-06,9:44:17.538113622,T,IBM,F I,38,305.1
2025-11-06,9:44:17.538113622,T,IBM,F,40,305.1
2025-11-06,9:44:17.538116652,T,IBM,F I,19,305.11
2025-11-06,9:44:17.538330096,T,IBM,F I,5,305.11
2025-11-06,9:44:17.538384195,T,IBM,I,35,305.04
2025-11-06,9:44:18.454169420,T,IBM,I,20,305.21
2025-11-06,9:44:18.454879178,T,IBM,F I,26,305.22
2025-11-06,9:44:18.454900205,T,IBM,I,1,305.22
2025-11-06,9:44:18.536935547,T,IBM,F I,10,305.21
2025-11-06,9:44:18.536959613,T,IBM,I,10,305.21
2025-11-06,9:44:18.536962538,T,IBM,,43,305.22
2025-11-06,9:44:18.536980558,T,IBM,F I,10,305.22
2025-11-06,9:44:21.081686721,T,IBM,I,1,305.11
2025-11-06,9:44:26.721688767,T,IBM,I,25,305.42
2025-11-06,9:44:35.145156523,T,IBM,F,40,305.375
2025-11-06,9:44:44.080199113,T,IBM,,40,305.375
2025-11-06,9:44:45.560130350,T,IBM,F I,14,305.37
2025-11-06,9:44:50.390487932,T,IBM,F I,5,305.375
2025-11-06,9:45:06.832075848,T,IBM,F I,12,305.6
2025-11-06,9:45:15.077333251,T,IBM,,40,305.545
2025-11-06,9:45:20.202605915,T,IBM,I,2,305.42
2025-11-06,9:45:20.202605915,T,IBM,I,17,305.42
2025-11-06,9:45:20.203595354,T,IBM,I,15,305.3
2025-11-06,9:45:24.885862330,T,IBM,I,9,305.23
2025-11-06,9:45:24.885889359,T,IBM,I,1,305.23
2025-11-06,9:45:24.888689040,T,IBM,I,14,305.33
2025-11-06,9:45:24.888716127,T,IBM,F I,14,305.33
2025-11-06,9:45:24.888746213,T,IBM,F I,5,305.34
2025-11-06,9:45:26.090497255,T,IBM,F,40,305.38
2025-11-06,9:45:26.090500178,T,IBM,F,110,305.38
2025-11-06,9:45:26.153187507,T,IBM,,45,305.38
2025-11-06,9:45:35.466537258,T,IBM,F,80,305.43
2025-11-06,9:45:39.085544451,T,IBM,F,100,305.37
2025-11-06,9:45:49.185097230,T,IBM,F I,1,305.4
2025-11-06,9:45:54.597650654,T,IBM,F I,24,305.44
2025-11-06,9:45:54.597652754,T,IBM,F I,20,305.44
2025-11-06,9:45:54.604908982,T,IBM,F I,5,305.43
2025-11-06,9:45:55.672086635,T,IBM,F I,34,305.47
2025-11-06,9:45:55.895970247,T,IBM,F I,17,305.52
2025-11-06,9:45:55.895973496,T,IBM,F I,3,305.52
2025-11-06,9:45:55.895973496,T,IBM,F,69,305.53
2025-11-06,9:45:55.895976527,T,IBM,F I,32,305.54
2025-11-06,9:45:55.895979521,T,IBM,F I,8,305.54
2025-11-06,9:45:55.895979521,T,IBM,F I,9,305.54
2025-11-06,9:45:55.895993724,T,IBM,F I,10,305.54
2025-11-06,9:45:55.896321491,T,IBM,I,14,305.53
2025-11-06,9:45:55.896330641,T,IBM,I,6,305.53
2025-11-06,9:46:02.302794338,T,IBM,I,1,305.43
2025-11-06,9:46:02.303023080,T,IBM,F I,18,305.4
2025-11-06,9:46:02.303023080,T,IBM,F I,16,305.4
2025-11-06,9:46:02.303025819,T,IBM,F I,9,305.4
2025-11-06,9:46:02.603756857,T,IBM,F I,5,305.4
2025-11-06,9:46:02.603756857,T,IBM,F I,4,305.4
2025-11-06,9:46:07.214441453,T,IBM,,45,305.48
2025-11-06,9:46:12.105170931,T,IBM,I,2,305.48
2025-11-06,9:46:14.573669844,T,IBM,F,100,305.38
2025-11-06,9:46:14.574774027,T,IBM,F I,6,305.3
2025-11-06,9:46:14.574774027,T,IBM,F I,9,305.3
2025-11-06,9:46:14.574776575,T,IBM,F I,9,305.3
2025-11-06,9:46:14.574779416,T,IBM,F I,5,305.3
2025-11-06,9:46:24.158201601,T,IBM,I,14,305.07
2025-11-06,9:46:24.158312865,T,IBM,F,40,305.08
2025-11-06,9:46:47.885561894,T,IBM,F I,1,305.17
2025-11-06,9:46:57.518604942,T,IBM,I,2,305.175
2025-11-06,9:46:57.584407561,T,IBM,F I,16,305.175
2025-11-06,9:47:02.891625166,T,IBM,F I,2,305.175
2025-11-06,9:47:07.321738832,T,IBM,I,5,305.175
2025-11-06,9:47:08.170124534,T,IBM,F,160,305.31
2025-11-06,9:47:08.170497525,T,IBM,F I,2,305.38
2025-11-06,9:47:08.170623738,T,IBM,I,11,305.335
2025-11-06,9:47:08.171071992,T,IBM,I,28,305.31
2025-11-06,9:47:08.171080908,T,IBM,,40,305.31
2025-11-06,9:47:08.171095883,T,IBM,F I,32,305.31
2025-11-06,9:47:08.171110925,T,IBM,,40,305.3
2025-11-06,9:47:08.171131964,T,IBM,I,1,305.31
2025-11-06,9:47:08.171140981,T,IBM,F I,39,305.31
2025-11-06,9:47:08.477462209,T,IBM,F I,10,305.29
2025-11-06,9:47:17.602316831,T,IBM,,80,305.255
2025-11-06,9:47:17.602346851,T,IBM,I,6,305.31
2025-11-06,9:47:17.602346851,T,IBM,I,6,305.31
2025-11-06,9:47:17.702987487,T,IBM,F I,8,305.31
2025-11-06,9:47:17.702996535,T,IBM,F I,5,305.31
2025-11-06,9:47:20.758904630,T,IBM,F,40,305.44
2025-11-06,9:47:20.758922717,T,IBM,I,1,305.44
2025-11-06,9:47:20.810489430,T,IBM,I,16,305.54
2025-11-06,9:47:20.811418740,T,IBM,F,120,305.545
2025-11-06,9:47:20.811785582,T,IBM,F I,14,305.545
2025-11-06,9:47:20.850003564,T,IBM,,100,305.6
2025-11-06,9:47:20.850027596,T,IBM,F I,20,305.6
2025-11-06,9:47:21.014567279,T,IBM,I,11,305.63
2025-11-06,9:47:24.562639230,T,IBM,F I,1,305.67
2025-11-06,9:47:24.591405667,T,IBM,F I,10,305.65
2025-11-06,9:47:32.666436719,T,IBM,,75,305.55
2025-11-06,9:47:32.666436719,T,IBM,I,5,305.55
2025-11-06,9:47:33.716819496,T,IBM,F I,12,305.6
2025-11-06,9:47:33.716822503,T,IBM,F I,20,305.6
2025-11-06,9:47:33.728790997,T,IBM,F,150,305.685
2025-11-06,9:47:34.007804327,T,IBM,I,4,305.89
2025-11-06,9:47:34.008565032,T,IBM,I,32,305.88
2025-11-06,9:47:34.010847555,T,IBM,F I,21,305.82
2025-11-06,9:47:37.159198627,T,IBM,F I,5,305.89
2025-11-06,9:47:37.159201650,T,IBM,F I,11,305.91
2025-11-06,9:47:37.159760971,T,IBM,F I,1,305.92
2025-11-06,9:47:37.159899324,T,IBM,I,32,305.9
2025-11-06,9:47:37.159959473,T,IBM,F I,2,305.98
2025-11-06,9:47:39.006932466,T,IBM,I,11,305.9
2025-11-06,9:47:39.006959447,T,IBM,F I,9,305.9
2025-11-06,9:47:39.006995532,T,IBM,F I,11,305.93
2025-11-06,9:47:39.007130866,T,IBM,I,32,305.92
2025-11-06,9:47:48.542636883,T,IBM,F I,3,305.95
2025-11-06,9:47:48.542636883,T,IBM,F I,1,305.95
2025-11-06,9:47:51.312010873,T,IBM,F I,1,306.035
2025-11-06,9:47:55.887280070,T,IBM,I,1,305.95
2025-11-06,9:47:55.887280070,T,IBM,I,1,305.95
2025-11-06,9:47:55.888473893,T,IBM,I,8,305.95
2025-11-06,9:48:08.070273738,T,IBM,F I,10,305.89
2025-11-06,9:48:08.070292083,T,IBM,F I,9,305.93
2025-11-06,9:48:21.286831136,T,IBM,F,75,305.91
2025-11-06,9:48:21.374549925,T,IBM,,54,305.87
2025-11-06,9:48:48.149623920,T,IBM,F I,25,306.0
2025-11-06,9:48:50.724058721,T,IBM,I,5,306.105
2025-11-06,9:49:10.410088637,T,IBM,,40,306.04
2025-11-06,9:49:17.694080470,T,IBM,I,1,306.08
2025-11-06,9:49:17.694107533,T,IBM,I,1,306.08
2025-11-06,9:49:17.694110610,T,IBM,I,13,306.08
2025-11-06,9:49:27.420923013,T,IBM,I,16,306.05
2025-11-06,9:49:31.446285120,T,IBM,F I,5,306.02
2025-11-06,9:49:35.024205809,T,IBM,F I,15,305.94
2025-11-06,9:49:35.024936544,T,IBM,,40,305.995
2025-11-06,9:49:35.033873822,T,IBM,,40,305.98
2025-11-06,9:49:35.311169986,T,IBM,F I,1,305.91
2025-11-06,9:49:42.516942596,T,IBM,I,1,305.89
2025-11-06,9:49:49.819912607,T,IBM,I,3,305.925
2025-11-06,9:50:10.211214683,T,IBM,I,13,306.02
2025-11-06,9:50:19.446672391,T,IBM,F,40,305.8
2025-11-06,9:50:31.014509984,T,IBM,F,40,305.8
2025-11-06,9:50:31.017616066,T,IBM,,40,305.72
2025-11-06,9:50:31.019128670,T,IBM,F I,5,305.68
2025-11-06,9:50:31.019128670,T,IBM,F I,8,305.67
2025-11-06,9:50:31.019137672,T,IBM,F I,8,305.67
2025-11-06,9:50:31.019140684,T,IBM,F I,10,305.67
2025-11-06,9:50:31.021679094,T,IBM,I,1,305.67
2025-11-06,9:50:31.022999109,T,IBM,F I,4,305.67
2025-11-06,9:50:31.036161205,T,IBM,F I,1,305.67
2025-11-06,9:50:31.036789655,T,IBM,F I,8,305.67
2025-11-06,9:50:31.036792706,T,IBM,F I,8,305.6
2025-11-06,9:50:31.036795663,T,IBM,F I,1,305.6
2025-11-06,9:50:31.038969843,T,IBM,F I,8,305.6
2025-11-06,9:50:31.038969843,T,IBM,F,100,305.6
2025-11-06,9:50:31.045784150,T,IBM,F I,9,305.6
2025-11-06,9:50:31.062591235,T,IBM,I,10,305.71
2025-11-06,9:50:31.062994123,T,IBM,F,40,305.72
2025-11-06,9:50:31.062994123,T,IBM,F I,30,305.71
2025-11-06,9:50:31.079187779,T,IBM,F,40,305.61
2025-11-06,9:50:31.079638652,T,IBM,F I,20,305.58
2025-11-06,9:50:31.079638652,T,IBM,F I,20,305.57
2025-11-06,9:50:31.084026188,T,IBM,F I,20,305.71
2025-11-06,9:50:31.105271752,T,IBM,F,100,305.67
2025-11-06,9:50:31.105274701,T,IBM,F,100,305.67
2025-11-06,9:50:31.141628321,T,IBM,I,20,305.6
2025-11-06,9:50:31.170406802,T,IBM,I,13,305.68
2025-11-06,9:50:31.170409835,T,IBM,I,38,305.68
2025-11-06,9:50:31.170436898,T,IBM,F I,2,305.68
2025-11-06,9:50:31.397754057,T,IBM,F I,9,305.6
2025-11-06,9:50:35.701933752,T,IBM,F,41,305.7
2025-11-06,9:50:35.701946345,T,IBM,I,28,305.7
2025-11-06,9:50:35.701948811,T,IBM,I,13,305.71
2025-11-06,9:50:35.701954764,T,IBM,F I,27,305.71
2025-11-06,9:50:35.701957786,T,IBM,F I,1,305.71
2025-11-06,9:50:35.768397968,T,IBM,I,23,305.69
2025-11-06,9:50:41.272470320,T,IBM,,120,305.72
2025-11-06,9:51:06.603157230,T,IBM,F I,1,306.01
2025-11-06,9:51:06.603178647,T,IBM,F I,39,306.01
2025-11-06,9:51:06.603178647,T,IBM,F I,1,306.01
2025-11-06,9:51:06.603181285,T,IBM,F I,3,306.01
2025-11-06,9:51:17.724136440,T,IBM,F I,31,306.03
2025-11-06,9:51:19.146946607,T,IBM,F I,5,306.02
2025-11-06,9:51:19.358088298,T,IBM,I,30,306.03
2025-11-06,9:51:21.741661739,T,IBM,F,100,306.03
2025-11-06,9:51:27.267815902,T,IBM,F I,1,305.91
2025-11-06,9:51:46.870523524,T,IBM,F,150,305.985
2025-11-06,9:51:56.129834330,T,IBM,I,5,305.87
2025-11-06,9:51:56.129836933,T,IBM,I,23,305.84
2025-11-06,9:51:56.129839769,T,IBM,I,12,305.84
2025-11-06,9:51:56.129852261,T,IBM,I,1,305.84
2025-11-06,9:52:03.923677489,T,IBM,F I,10,305.76
2025-11-06,9:52:03.923680367,T,IBM,F,100,305.75
2025-11-06,9:52:42.613352727,T,IBM,I,20,305.79
2025-11-06,9:52:42.614405219,T,IBM,F,40,305.8
2025-11-06,9:52:42.614405219,T,IBM,F,40,305.8
2025-11-06,9:52:42.614564688,T,IBM,,100,305.81
2025-11-06,9:52:42.614564688,T,IBM,,100,305.8
2025-11-06,9:52:42.614883428,T,IBM,F,100,305.79
2025-11-06,9:52:44.454371597,T,IBM,F I,22,305.89
2025-11-06,9:52:44.454814348,T,IBM,I,5,305.9
2025-11-06,9:52:44.454814348,T,IBM,I,10,305.89
2025-11-06,9:52:44.454816582,T,IBM,I,5,305.89
2025-11-06,9:52:44.711618990,T,IBM,I,19,305.91
2025-11-06,9:52:45.574042008,T,IBM,F,150,305.97
2025-11-06,9:53:03.948812347,T,IBM,F I,1,306.08
2025-11-06,9:53:03.948815055,T,IBM,F I,1,306.08
2025-11-06,9:53:03.949163882,T,IBM,,48,306.05
2025-11-06,9:53:03.949660080,T,IBM,F I,25,306.03
2025-11-06,9:53:10.492095792,T,IBM,F,100,306.08
2025-11-06,9:53:10.492098723,T,IBM,F I,10,306.1
2025-11-06,9:53:17.138765442,T,IBM,F I,15,306.15
2025-11-06,9:53:17.139436046,T,IBM,F I,10,306.13
2025-11-06,9:53:41.860093676,T,IBM,I,2,306.155
2025-11-06,9:53:47.674110870,T,IBM,F,40,306.08
2025-11-06,9:53:56.035110632,T,IBM,I,1,306.17
2025-11-06,9:53:57.100962016,T,IBM,F I,1,306.02
2025-11-06,9:53:59.198512554,T,IBM,,45,305.97
2025-11-06,9:53:59.198512554,T,IBM,I,35,305.94
2025-11-06,9:53:59.198527554,T,IBM,I,1,305.94
2025-11-06,9:53:59.199814608,T,IBM,I,1,305.94
2025-11-06,9:53:59.840607143,T,IBM,,41,305.94
2025-11-06,9:53:59.840628153,T,IBM,F I,2,305.94
2025-11-06,9:54:15.505256463,T,IBM,F I,20,305.96
2025-11-06,9:54:15.505322572,T,IBM,I,15,305.96
2025-11-06,9:54:17.114242879,T,IBM,F I,20,305.89
2025-11-06,9:54:19.255343285,T,IBM,F,40,305.83
2025-11-06,9:54:20.525928034,T,IBM,I,10,305.77
2025-11-06,9:54:20.525949072,T,IBM,F,150,305.77
2025-11-06,9:54:20.525955062,T,IBM,I,12,305.77
2025-11-06,9:54:20.525988165,T,IBM,I,10,305.77
2025-11-06,9:54:20.525994130,T,IBM,F I,18,305.77
2025-11-06,9:54:20.526078352,T,IBM,I,10,305.75
2025-11-06,9:54:20.526087420,T,IBM,I,12,305.75
2025-11-06,9:54:20.526138527,T,IBM,I,10,305.75
2025-11-06,9:54:20.526144573,T,IBM,I,12,305.75
2025-11-06,9:54:20.526180638,T,IBM,I,10,305.75
2025-11-06,9:54:28.063651810,T,IBM,F I,1,305.75
2025-11-06,9:54:28.063681888,T,IBM,F I,10,305.75
2025-11-06,9:54:28.063750966,T,IBM,F I,10,305.75
2025-11-06,9:54:28.063772062,T,IBM,F I,12,305.75
2025-11-06,9:54:28.063793102,T,IBM,I,19,305.75
2025-11-06,9:54:28.063802100,T,IBM,F I,10,305.75
2025-11-06,9:54:28.063826255,T,IBM,I,10,305.75
2025-11-06,9:54:29.718434304,T,IBM,F I,10,305.89
2025-11-06,9:54:44.000924137,T,IBM,I,3,305.99
2025-11-06,9:54:45.470739537,T,IBM,I,1,305.9
2025-11-06,9:54:45.470745167,T,IBM,,141,305.9
2025-11-06,9:54:45.470745167,T,IBM,I,25,305.9
2025-11-06,9:54:45.474615378,T,IBM,I,11,305.85
2025-11-06,9:54:49.468829212,T,IBM,,100,305.925
2025-11-06,9:55:22.224786913,T,IBM,F I,1,305.87
2025-11-06,9:55:22.224789940,T,IBM,F,40,305.87
2025-11-06,9:55:22.224805020,T,IBM,,40,305.87
2025-11-06,9:55:22.224807962,T,IBM,I,15,305.87
2025-11-06,9:55:22.224811165,T,IBM,F,40,305.87
2025-11-06,9:55:22.224811165,T,IBM,I,1,305.87
2025-11-06,9:55:22.224814059,T,IBM,F,40,305.87
2025-11-06,9:55:22.224817022,T,IBM,F I,4,305.87
2025-11-06,9:55:22.224820184,T,IBM,F I,36,305.87
2025-11-06,9:55:22.224820184,T,IBM,F,40,305.86
2025-11-06,9:55:23.416632274,T,IBM,,45,305.81
2025-11-06,9:55:23.416659397,T,IBM,F,55,305.805
2025-11-06,9:55:29.204622591,T,IBM,I,15,305.76
2025-11-06,9:55:39.937831669,T,IBM,F I,20,305.89
2025-11-06,9:55:39.937831669,T,IBM,F,60,305.9
2025-11-06,9:55:39.937846668,T,IBM,F I,20,305.9
2025-11-06,9:55:39.937912821,T,IBM,I,16,305.86
2025-11-06,9:55:39.944624800,T,IBM,F I,20,305.95
2025-11-06,9:55:39.956415945,T,IBM,F I,34,306.0
2025-11-06,9:55:39.956440488,T,IBM,F I,6,306.0
2025-11-06,9:55:39.956443519,T,IBM,F I,2,306.0
2025-11-06,9:55:39.956446311,T,IBM,F I,1,306.0
2025-11-06,9:55:39.956449269,T,IBM,F I,9,306.0
2025-11-06,9:55:39.956449269,T,IBM,F I,18,306.0
2025-11-06,9:55:39.956451955,T,IBM,F I,13,306.0
2025-11-06,9:55:39.956451955,T,IBM,F I,5,306.0
2025-11-06,9:55:39.956542487,T,IBM,F I,20,305.99
2025-11-06,9:55:39.956542487,T,IBM,F I,10,306.0
2025-11-06,9:55:39.956984198,T,IBM,F I,20,305.95
2025-11-06,9:55:39.957417440,T,IBM,I,30,306.0
2025-11-06,9:55:39.957420295,T,IBM,I,10,306.0
2025-11-06,9:55:39.957444378,T,IBM,I,1,306.0
2025-11-06,9:55:39.957453333,T,IBM,I,29,306.0
2025-11-06,9:55:39.957453333,T,IBM,I,1,306.0
2025-11-06,9:55:39.957480464,T,IBM,I,39,306.0
2025-11-06,9:55:39.957588704,T,IBM,F,40,306.0
2025-11-06,9:55:39.957895405,T,IBM,F I,5,306.0
2025-11-06,9:55:39.967419073,T,IBM,F,40,306.06
2025-11-06,9:55:39.967419073,T,IBM,F I,9,306.06
2025-11-06,9:55:39.993355919,T,IBM,F,80,305.97
2025-11-06,9:55:39.993358794,T,IBM,F,70,305.97
2025-11-06,9:55:39.994348212,T,IBM,F I,30,305.97
2025-11-06,9:55:51.284783817,T,IBM,,100,305.97
2025-11-06,9:56:08.018372700,T,IBM,F,40,305.96
2025-11-06,9:56:17.175553806,T,IBM,F I,2,305.87
2025-11-06,9:56:17.175556802,T,IBM,F I,1,305.87
2025-11-06,9:56:20.101637779,T,IBM,F I,10,305.84
2025-11-06,9:56:20.101640420,T,IBM,F I,5,305.84
2025-11-06,9:56:20.101642838,T,IBM,F I,25,305.82
2025-11-06,9:56:20.101658463,T,IBM,F I,15,305.82
2025-11-06,9:56:20.101658463,T,IBM,I,1,305.82
2025-11-06,9:56:20.101663855,T,IBM,F I,9,305.82
2025-11-06,9:56:20.101702945,T,IBM,,40,305.82
2025-11-06,9:56:20.104108649,T,IBM,F I,10,305.74
2025-11-06,9:56:20.104132689,T,IBM,F I,12,305.73
2025-11-06,9:56:20.202163167,T,IBM,F,80,305.65
2025-11-06,9:56:20.202217250,T,IBM,I,20,305.63
2025-11-06,9:56:20.202217250,T,IBM,I,4,305.63
2025-11-06,9:56:20.202842796,T,IBM,I,32,305.64
2025-11-06,9:56:20.203218668,T,IBM,F I,12,305.55
2025-11-06,9:56:20.204073212,T,IBM,F I,10,305.48
2025-11-06,9:56:20.204073212,T,IBM,F I,9,305.46
2025-11-06,9:56:20.204869702,T,IBM,F I,12,305.46
2025-11-06,9:56:20.213954159,T,IBM,F I,4,305.39
2025-11-06,9:56:20.218028890,T,IBM,F I,9,305.34
2025-11-06,9:56:20.221228479,T,IBM,F I,4,305.3
2025-11-06,9:56:20.221231480,T,IBM,F I,9,305.3
2025-11-06,9:56:20.221327733,T,IBM,I,17,305.38
2025-11-06,9:56:20.221351805,T,IBM,F I,25,305.38
2025-11-06,9:56:20.286357544,T,IBM,F I,5,305.46
2025-11-06,9:56:20.286360535,T,IBM,F I,10,305.46
2025-11-06,9:56:20.286465787,T,IBM,F,150,305.49
2025-11-06,9:56:20.378135985,T,IBM,,45,305.57
2025-11-06,9:56:38.198698598,T,IBM,F I,2,305.69
2025-11-06,9:56:38.198701578,T,IBM,F I,10,305.68
2025-11-06,9:56:38.629828977,T,IBM,F I,20,305.66
2025-11-06,9:56:38.629831907,T,IBM,F I,5,305.66
2025-11-06,9:56:40.496321402,T,IBM,F I,10,305.69
2025-11-06,9:56:40.496321402,T,IBM,F I,5,305.64
2025-11-06,9:56:58.004392060,T,IBM,I,20,305.73
2025-11-06,9:56:58.004419094,T,IBM,F,40,305.7
2025-11-06,9:56:59.346598358,T,IBM,F I,1,305.7
2025-11-06,9:57:00.060329521,T,IBM,,55,305.63
2025-11-06,9:57:00.652189548,T,IBM,F,40,305.61
2025-11-06,9:57:00.652189548,T,IBM,F I,15,305.61
2025-11-06,9:57:00.652210570,T,IBM,F I,10,305.61
2025-11-06,9:57:00.653013459,T,IBM,F I,2,305.54
2025-11-06,9:57:42.265583687,T,IBM,F,57,305.43
2025-11-06,9:57:42.891980973,T,IBM,I,20,305.49
2025-11-06,9:57:42.907711399,T,IBM,F I,20,305.49
2025-11-06,9:57:42.907714403,T,IBM,F I,20,305.5
2025-11-06,9:57:42.907732434,T,IBM,I,1,305.5
2025-11-06,9:57:42.907736194,T,IBM,F I,19,305.5
2025-11-06,9:57:42.907813627,T,IBM,,40,305.5
2025-11-06,9:57:42.907813627,T,IBM,,40,305.5
2025-11-06,9:57:42.907876886,T,IBM,I,4,305.49
2025-11-06,9:58:01.088781469,T,IBM,F I,20,305.62
2025-11-06,9:58:01.088784340,T,IBM,F I,20,305.63
2025-11-06,9:58:01.088805446,T,IBM,I,1,305.63
2025-11-06,9:58:01.088805446,T,IBM,F I,19,305.63
2025-11-06,9:58:01.319207900,T,IBM,,40,305.71
2025-11-06,9:58:16.513200375,T,IBM,F I,18,305.93
2025-11-06,9:58:18.319191940,T,IBM,F I,33,305.975
2025-11-06,9:58:18.319191940,T,IBM,F,83,305.975
2025-11-06,9:58:20.009822624,T,IBM,F I,10,306.04
2025-11-06,9:58:20.009846692,T,IBM,F I,18,306.06
2025-11-06,9:58:21.661913706,T,IBM,F I,11,306.12
2025-11-06,9:58:21.661955858,T,IBM,F I,10,306.13
2025-11-06,9:58:21.661955858,T,IBM,F I,19,306.13
2025-11-06,9:58:21.662319649,T,IBM,I,24,306.09
2025-11-06,9:58:21.663579681,T,IBM,I,24,306.04
2025-11-06,9:58:21.663642883,T,IBM,I,24,306.04
2025-11-06,9:58:21.663718057,T,IBM,F I,3,306.035
2025-11-06,9:58:27.071937137,T,IBM,F,40,306.115
2025-11-06,9:58:27.354862998,T,IBM,,40,306.04
2025-11-06,9:58:27.354866434,T,IBM,I,6,306.04
2025-11-06,9:58:27.354866434,T,IBM,I,14,306.04
2025-11-06,9:58:27.354883795,T,IBM,F I,12,306.04
2025-11-06,9:58:27.354883795,T,IBM,F I,20,306.04
2025-11-06,9:58:27.354886750,T,IBM,I,1,306.04
2025-11-06,9:58:27.354889751,T,IBM,F I,12,306.04
2025-11-06,9:58:27.355190606,T,IBM,F,40,306.03
2025-11-06,9:58:27.355193459,T,IBM,F,261,306.04
2025-11-06,9:58:27.355196763,T,IBM,F,59,306.04
2025-11-06,9:58:27.355331747,T,IBM,,40,306.05
2025-11-06,9:58:27.430817549,T,IBM,I,20,306.18
2025-11-06,9:58:27.443661052,T,IBM,,80,306.19
2025-11-06,9:58:27.443706365,T,IBM,F,40,306.19
2025-11-06,9:58:27.443712225,T,IBM,F I,20,306.19
2025-11-06,9:58:27.443712225,T,IBM,F,40,306.19
2025-11-06,9:58:27.443733576,T,IBM,,40,306.19
2025-11-06,9:58:27.443748299,T,IBM,,80,306.19
2025-11-06,9:58:27.443751325,T,IBM,I,31,306.19
2025-11-06,9:58:27.443757713,T,IBM,F I,16,306.19
2025-11-06,9:58:27.443802432,T,IBM,F,120,306.195
2025-11-06,9:58:27.479259801,T,IBM,F,100,306.13
2025-11-06,9:58:27.990242714,T,IBM,,40,306.09
2025-11-06,9:58:28.116723728,T,IBM,,40,306.06
2025-11-06,9:58:28.125747903,T,IBM,,40,306.05
2025-11-06,9:58:32.947468718,T,IBM,F I,20,306.04
2025-11-06,9:58:32.947471721,T,IBM,F I,20,306.05
2025-11-06,9:58:32.947555952,T,IBM,,360,306.06
2025-11-06,9:58:35.028597200,T,IBM,,40,306.075
2025-11-06,9:58:35.041867777,T,IBM,,40,306.12
2025-11-06,9:58:43.485534377,T,IBM,F,90,306.01
2025-11-06,9:58:43.485534377,T,IBM,F,60,306.01
2025-11-06,9:58:44.180924745,T,IBM,F,40,305.97
2025-11-06,9:58:44.180942773,T,IBM,I,1,305.97
2025-11-06,9:58:50.694689695,T,IBM,I,1,305.97
2025-11-06,9:59:09.450631987,T,IBM,F,52,305.87
2025-11-06,9:59:09.450653563,T,IBM,F,48,305.87
2025-11-06,9:59:09.450656211,T,IBM,F,40,305.86
2025-11-06,9:59:09.450656211,T,IBM,F I,12,305.86
2025-11-06,9:59:09.450659401,T,IBM,F,90,305.86
2025-11-06,9:59:09.450659401,T,IBM,F,40,305.86
2025-11-06,9:59:09.452676872,T,IBM,I,1,305.81
2025-11-06,9:59:09.455136686,T,IBM,I,12,305.77
2025-11-06,9:59:18.652815244,T,IBM,F I,1,305.805
2025-11-06,9:59:18.652815244,T,IBM,F I,11,305.77
2025-11-06,9:59:19.135455231,T,IBM,F I,12,305.77
2025-11-06,9:59:19.636411856,T,IBM,F I,16,305.84
2025-11-06,9:59:21.181135318,T,IBM,,40,305.8
2025-11-06,9:59:21.181153259,T,IBM,F,40,305.8
2025-11-06,9:59:21.181450966,T,IBM,,40,305.8
2025-11-06,9:59:21.181553305,T,IBM,F,40,305.78
2025-11-06,9:59:21.181634629,T,IBM,F I,20,305.78
2025-11-06,9:59:21.181634629,T,IBM,F I,14,305.77
2025-11-06,9:59:21.181841904,T,IBM,F,100,305.8
2025-11-06,9:59:25.857817820,T,IBM,I,26,305.77
2025-11-06,9:59:25.857838941,T,IBM,F I,12,305.76
2025-11-06,9:59:33.922898047,T,IBM,F,40,305.8
2025-11-06,9:59:33.922991192,T,IBM,I,9,305.75
2025-11-06,9:59:33.923003231,T,IBM,I,13,305.79
2025-11-06,9:59:33.923809200,T,IBM,F,40,305.81
2025-11-06,9:59:35.301253353,T,IBM,I,20,305.88
2025-11-06,9:59:35.301256410,T,IBM,I,20,305.88
2025-11-06,9:59:44.312758676,T,IBM,I,5,305.76
2025-11-06,9:59:44.312761823,T,IBM,,100,305.75
2025-11-06,9:59:44.312764668,T,IBM,I,2,305.72
2025-11-06,9:59:44.312764668,T,IBM,I,15,305.71
2025-11-06,10:00:00.069535286,T,IBM,,40,305.65
2025-11-06,10:00:00.069538140,T,IBM,I,2,305.65
2025-11-06,10:00:00.069556134,T,IBM,F I,2,305.65
2025-11-06,10:00:00.069559188,T,IBM,I,38,305.65
2025-11-06,10:00:00.069562102,T,IBM,,40,305.65
2025-11-06,10:00:00.136444375,T,IBM,F I,1,305.68
2025-11-06,10:00:01.102052302,T,IBM,F I,1,305.69
2025-11-06,10:00:01.102055319,T,IBM,F,149,305.69
2025-11-06,10:00:01.102109454,T,IBM,F,51,305.69
2025-11-06,10:00:01.687350551,T,IBM,F,40,305.65
2025-11-06,10:00:01.694065610,T,IBM,I,1,305.64
2025-11-06,10:00:02.668598468,T,IBM,F,40,305.5
2025-11-06,10:00:02.668601526,T,IBM,F I,9,305.5
2025-11-06,10:00:02.668616563,T,IBM,I,1,305.5
2025-11-06,10:00:02.668631584,T,IBM,F I,1,305.5
2025-11-06,10:00:02.671328979,T,IBM,I,10,305.42
2025-11-06,10:00:02.671328979,T,IBM,,70,305.42
2025-11-06,10:00:02.671542482,T,IBM,F,50,305.42
2025-11-06,10:00:02.674988863,T,IBM,I,13,305.48
2025-11-06,10:00:02.674991796,T,IBM,I,27,305.48
2025-11-06,10:00:03.193693602,T,IBM,F I,13,305.42
2025-11-06,10:00:06.734692449,T,IBM,F,75,305.41
2025-11-06,10:00:07.994983789,T,IBM,F I,2,305.33
2025-11-06,10:00:07.994987115,T,IBM,F,100,305.33
2025-11-06,10:00:07.994989787,T,IBM,F I,33,305.32
2025-11-06,10:00:07.994999526,T,IBM,F I,7,305.32
2025-11-06,10:00:07.995002400,T,IBM,F,55,305.32
2025-11-06,10:00:07.995004966,T,IBM,F I,33,305.32
2025-11-06,10:00:07.995007905,T,IBM,F I,7,305.32
2025-11-06,10:00:07.995007905,T,IBM,F,40,305.31
2025-11-06,10:00:07.995010847,T,IBM,F,253,305.31
2025-11-06,10:00:07.995040939,T,IBM,F,40,305.31
2025-11-06,10:00:07.995040939,T,IBM,F,60,305.31
2025-11-06,10:00:07.995055989,T,IBM,F,40,305.31
2025-11-06,10:00:07.995095064,T,IBM,F,40,305.31
2025-11-06,10:00:07.995116127,T,IBM,F I,7,305.31
2025-11-06,10:00:07.996851196,T,IBM,I,1,305.335
2025-11-06,10:00:08.005349480,T,IBM,F I,5,305.39
2025-11-06,10:00:08.014551403,T,IBM,,45,305.39
2025-11-06,10:00:08.014554379,T,IBM,,100,305.35
2025-11-06,10:00:08.014557347,T,IBM,I,5,305.33
2025-11-06,10:00:08.014557347,T,IBM,,80,305.32
2025-11-06,10:00:08.014560344,T,IBM,,50,305.32
2025-11-06,10:00:08.014575390,T,IBM,I,1,305.33
2025-11-06,10:00:08.433842526,T,IBM,F,150,305.32
2025-11-06,10:00:08.433872696,T,IBM,I,9,305.31
2025-11-06,10:00:08.433878739,T,IBM,F I,31,305.31
2025-11-06,10:00:08.433878739,T,IBM,F I,9,305.31
2025-11-06,10:00:08.433881659,T,IBM,I,39,305.31
2025-11-06,10:00:08.433894613,T,IBM,F I,31,305.31
2025-11-06,10:00:08.433899739,T,IBM,I,9,305.31
2025-11-06,10:00:08.433899739,T,IBM,I,5,305.31
2025-11-06,10:00:08.433902683,T,IBM,F,40,305.31
2025-11-06,10:00:08.433926759,T,IBM,F,40,305.31
2025-11-06,10:00:08.433944873,T,IBM,F,40,305.31
2025-11-06,10:00:08.433956895,T,IBM,I,33,305.31
2025-11-06,10:00:08.433965888,T,IBM,F I,7,305.31
2025-11-06,10:00:08.433968872,T,IBM,F I,33,305.31
2025-11-06,10:00:08.433987067,T,IBM,F I,4,305.31
2025-11-06,10:00:09.872443513,T,IBM,F,80,305.31
2025-11-06,10:00:09.872443513,T,IBM,F,80,305.31
2025-11-06,10:00:09.872446632,T,IBM,F I,20,305.31
2025-11-06,10:00:09.872450126,T,IBM,F,46,305.31
2025-11-06,10:00:09.872456805,T,IBM,F,40,305.32
2025-11-06,10:00:09.872458414,T,IBM,F I,38,305.32
2025-11-06,10:00:09.872461592,T,IBM,F,64,305.32
2025-11-06,10:00:11.659619146,T,IBM,I,1,305.275
2025-11-06,10:00:11.969654284,T,IBM,,40,305.275
2025-11-06,10:00:22.121423118,T,IBM,F I,2,305.25
2025-11-06,10:00:23.956322293,T,IBM,I,1,305.3
2025-11-06,10:00:25.118264458,T,IBM,F I,1,305.32
2025-11-06,10:00:25.119001217,T,IBM,F I,30,305.37
2025-11-06,10:00:25.119004580,T,IBM,F I,32,305.37
2025-11-06,10:00:25.119004580,T,IBM,F I,3,305.37
2025-11-06,10:00:25.119022327,T,IBM,I,1,305.37
2025-11-06,10:00:25.119085432,T,IBM,F,45,305.37
2025-11-06,10:00:26.839174448,T,IBM,I,5,305.39
2025-11-06,10:00:26.839177404,T,IBM,I,35,305.41
2025-11-06,10:00:28.636962739,T,IBM,I,5,305.37
2025-11-06,10:00:28.636962739,T,IBM,,100,305.35
2025-11-06,10:00:28.636965285,T,IBM,,75,305.35
2025-11-06,10:00:28.638721656,T,IBM,F I,20,305.28
2025-11-06,10:00:28.638721656,T,IBM,F I,20,305.26
2025-11-06,10:00:28.638736809,T,IBM,F,49,305.26
2025-11-06,10:00:28.638739537,T,IBM,F,80,305.26
2025-11-06,10:00:28.638742688,T,IBM,F I,5,305.26
2025-11-06,10:00:28.638745593,T,IBM,F I,2,305.26
2025-11-06,10:00:28.638748628,T,IBM,F,40,305.25
2025-11-06,10:00:28.638959097,T,IBM,F I,6,305.22
2025-11-06,10:00:28.639410131,T,IBM,I,9,305.22
2025-11-06,10:00:30.133710123,T,IBM,F I,2,305.18
2025-11-06,10:00:30.133712565,T,IBM,F I,38,305.17
2025-11-06,10:00:30.133724616,T,IBM,F,62,305.17
2025-11-06,10:00:30.133724616,T,IBM,F,40,305.16
2025-11-06,10:00:30.134825660,T,IBM,,45,305.22
2025-11-06,10:00:30.134867482,T,IBM,F I,15,305.22
2025-11-06,10:00:30.134870308,T,IBM,F,40,305.22
2025-11-06,10:00:30.135116944,T,IBM,F I,15,305.23
2025-11-06,10:00:30.135387532,T,IBM,F I,20,305.25
2025-11-06,10:00:30.135390546,T,IBM,F I,25,305.25
2025-11-06,10:00:30.135748376,T,IBM,F,75,305.25
2025-11-06,10:00:30.136016079,T,IBM,F I,1,305.28
2025-11-06,10:00:30.136025057,T,IBM,F I,5,305.28
2025-11-06,10:00:30.138975144,T,IBM,,100,305.25
2025-11-06,10:00:30.138999205,T,IBM,F I,5,305.28
2025-11-06,10:00:30.141861990,T,IBM,,40,305.25
2025-11-06,10:00:37.360243345,T,IBM,F I,1,305.25
2025-11-06,10:00:37.440660822,T,IBM,F,113,305.3
2025-11-06,10:00:37.440904436,T,IBM,F,47,305.3
2025-11-06,10:00:37.440907476,T,IBM,F I,3,305.31
2025-11-06,10:00:37.440907476,T,IBM,F I,7,305.31
2025-11-06,10:00:37.440910982,T,IBM,F,103,305.31
2025-11-06,10:00:37.440913592,T,IBM,F I,10,305.31
2025-11-06,10:00:37.440937521,T,IBM,I,1,305.31
2025-11-06,10:00:37.441232156,T,IBM,F,75,305.31
2025-11-06,10:00:38.142769241,T,IBM,,40,305.255
2025-11-06,10:00:38.442273358,T,IBM,,45,305.255
2025-11-06,10:00:38.442336410,T,IBM,,150,305.255
2025-11-06,10:00:38.443701697,T,IBM,,45,305.255
2025-11-06,10:00:38.443849051,T,IBM,,40,305.255
2025-11-06,10:00:39.124838369,T,IBM,F I,5,305.21
2025-11-06,10:00:39.124841375,T,IBM,F I,5,305.2
2025-11-06,10:00:39.124844417,T,IBM,F I,2,305.2
2025-11-06,10:00:39.124847499,T,IBM,F I,5,305.19
2025-11-06,10:00:39.124847499,T,IBM,F I,23,305.18
2025-11-06,10:00:39.125331456,T,IBM,I,1,305.18
2025-11-06,10:00:39.125341096,T,IBM,F I,16,305.18
2025-11-06,10:00:39.140021390,T,IBM,F I,5,305.22
2025-11-06,10:00:39.162018728,T,IBM,F,43,305.18
2025-11-06,10:00:39.162063830,T,IBM,F,42,305.18
2025-11-06,10:00:39.162117964,T,IBM,,500,305.18
2025-11-06,10:00:39.162788630,T,IBM,I,19,305.18
2025-11-06,10:00:39.243389517,T,IBM,,100,305.25
2025-11-06,10:00:39.243410463,T,IBM,F,150,305.255
2025-11-06,10:00:39.243449586,T,IBM,F,150,305.255
2025-11-06,10:00:39.291672935,T,IBM,,40,305.255
2025-11-06,10:00:39.291675569,T,IBM,F,60,305.23
2025-11-06,10:00:39.291678401,T,IBM,F I,5,305.21
2025-11-06,10:00:39.291682084,T,IBM,F I,2,305.18
2025-11-06,10:00:39.291682084,T,IBM,F I,5,305.18
2025-11-06,10:00:39.291684488,T,IBM,F,40,305.18
2025-11-06,10:00:39.292096675,T,IBM,F,60,305.18
2025-11-06,10:00:39.292099467,T,IBM,F I,5,305.18
2025-11-06,10:00:40.378844550,T,IBM,F I,2,305.17
2025-11-06,10:00:40.378850645,T,IBM,F,40,305.16
2025-11-06,10:00:40.378853638,T,IBM,F,198,305.16
2025-11-06,10:00:40.378865693,T,IBM,F I,2,305.16
2025-11-06,10:00:40.378868650,T,IBM,F I,20,305.16
2025-11-06,10:00:40.379214489,T,IBM,F,40,305.16
2025-11-06,10:01:09.556902293,T,IBM,F I,34,305.3
2025-11-06,10:01:09.556905933,T,IBM,F I,12,305.3
2025-11-06,10:01:09.556905933,T,IBM,F I,1,305.3
2025-11-06,10:01:09.556908204,T,IBM,F I,1,305.3
2025-11-06,10:01:09.556911607,T,IBM,F,56,305.3
2025-11-06,10:01:09.556911607,T,IBM,F,46,305.3
2025-11-06,10:01:09.556914282,T,IBM,F,40,305.31
2025-11-06,10:01:09.556992488,T,IBM,F,74,305.31
2025-11-06,10:01:09.557362320,T,IBM,F I,2,305.38
2025-11-06,10:01:09.557362320,T,IBM,F I,16,305.38
2025-11-06,10:01:09.557539806,T,IBM,I,3,305.3
2025-11-06,10:01:09.557834444,T,IBM,I,10,305.295
2025-11-06,10:01:09.561151609,T,IBM,F,157,305.37
2025-11-06,10:01:09.561154381,T,IBM,F I,20,305.37
2025-11-06,10:01:16.510250752,T,IBM,F I,5,305.4
2025-11-06,10:01:19.925616955,T,IBM,F,40,305.3
2025-11-06,10:01:19.925616955,T,IBM,F,40,305.3
2025-11-06,10:01:19.928028479,T,IBM,I,20,305.29
2025-11-06,10:01:19.928028479,T,IBM,I,20,305.29
2025-11-06,10:01:19.928220799,T,IBM,,40,305.29
2025-11-06,10:01:26.124327624,T,IBM,F I,13,305.2
2025-11-06,10:01:26.124345722,T,IBM,F,40,305.2
2025-11-06,10:01:26.124366800,T,IBM,F I,1,305.18
2025-11-06,10:01:26.124381752,T,IBM,F I,12,305.18
2025-11-06,10:01:26.124405850,T,IBM,F,40,305.17
2025-11-06,10:01:26.124441937,T,IBM,F I,1,305.16
2025-11-06,10:01:26.124971172,T,IBM,F,150,305.14
2025-11-06,10:01:27.506689078,T,IBM,F I,7,305.23
2025-11-06,10:01:27.506691613,T,IBM,F I,12,305.23
2025-11-06,10:01:27.506694582,T,IBM,F I,36,305.23
2025-11-06,10:01:27.506709665,T,IBM,I,1,305.23
2025-11-06,10:01:27.506736722,T,IBM,F,45,305.23
2025-11-06,10:01:27.689310301,T,IBM,,40,305.23
2025-11-06,10:01:29.304392354,T,IBM,F I,1,305.2
2025-11-06,10:01:30.245573125,T,IBM,F,150,305.14
2025-11-06,10:01:33.954807366,T,IBM,F,40,305.14
2025-11-06,10:01:33.955228460,T,IBM,F,40,305.14
2025-11-06,10:01:33.959140716,T,IBM,,40,305.14
2025-11-06,10:01:33.960033908,T,IBM,F,40,305.14
2025-11-06,10:01:33.960100486,T,IBM,F I,20,305.14
2025-11-06,10:01:33.960103375,T,IBM,F I,20,305.11
2025-11-06,10:01:33.960121123,T,IBM,F I,20,305.11
2025-11-06,10:01:34.018637420,T,IBM,I,2,305.07
2025-11-06,10:01:36.611869971,T,IBM,,40,305.06
2025-11-06,10:01:36.611891033,T,IBM,F I,1,305.05
2025-11-06,10:01:36.611921099,T,IBM,I,10,305.08
2025-11-06,10:01:36.612549513,T,IBM,F,40,305.08
2025-11-06,10:01:36.613445650,T,IBM,F I,1,305.02
2025-11-06,10:01:36.613719357,T,IBM,F I,2,305.0
2025-11-06,10:01:36.614132166,T,IBM,I,15,305.04
2025-11-06,10:01:37.335699118,T,IBM,F,44,305.0
2025-11-06,10:01:37.428761699,T,IBM,I,2,305.04
2025-11-06,10:01:37.429564900,T,IBM,F I,10,305.07
2025-11-06,10:01:37.429567933,T,IBM,F,40,305.07
2025-11-06,10:01:37.429567933,T,IBM,F,40,305.07
2025-11-06,10:01:37.429585581,T,IBM,I,1,305.07
2025-11-06,10:01:37.429654747,T,IBM,F I,39,305.07
2025-11-06,10:01:44.244436600,T,IBM,F I,2,304.98
2025-11-06,10:01:44.244436600,T,IBM,F I,5,304.96
2025-11-06,10:01:44.244439507,T,IBM,F I,20,304.96
2025-11-06,10:01:44.244442663,T,IBM,F I,5,304.95
2025-11-06,10:01:44.244442663,T,IBM,F I,8,304.94
2025-11-06,10:01:44.244616759,T,IBM,F,40,304.93
2025-11-06,10:01:44.244616759,T,IBM,F I,6,304.92
2025-11-06,10:01:44.255409502,T,IBM,I,5,304.935
2025-11-06,10:01:48.628239666,T,IBM,F I,7,305.04
2025-11-06,10:01:48.628242705,T,IBM,F I,16,305.04
2025-11-06,10:01:48.628263837,T,IBM,I,1,305.04
2025-11-06,10:01:48.628267276,T,IBM,F,45,305.04
2025-11-06,10:01:48.628291093,T,IBM,I,5,305.04
2025-11-06,10:01:48.628311833,T,IBM,I,5,305.04
2025-11-06,10:01:48.628405143,T,IBM,,395,305.03
2025-11-06,10:01:58.229650076,T,IBM,I,1,305.015
2025-11-06,10:02:10.645337305,T,IBM,F I,12,305.02
2025-11-06,10:02:10.650091637,T,IBM,F I,7,305.13
2025-11-06,10:02:10.650097754,T,IBM,F I,7,305.13
2025-11-06,10:02:10.650142720,T,IBM,F I,7,305.13
2025-11-06,10:02:10.650163778,T,IBM,F I,7,305.13
2025-11-06,10:02:10.650209288,T,IBM,F,92,305.13
2025-11-06,10:02:10.650209288,T,IBM,F I,7,305.14
2025-11-06,10:02:10.650211914,T,IBM,F I,1,305.14
2025-11-06,10:02:10.650238892,T,IBM,I,7,305.14
2025-11-06,10:02:10.655934486,T,IBM,F I,20,305.11
2025-11-06,10:02:10.655934486,T,IBM,F I,11,305.09
2025-11-06,10:02:10.655970542,T,IBM,I,1,305.09
2025-11-06,10:02:13.145017105,T,IBM,,40,305.06
2025-11-06,10:02:13.145212557,T,IBM,I,1,305.06
2025-11-06,10:02:26.413745363,T,IBM,F I,2,304.94
2025-11-06,10:02:26.413796434,T,IBM,F,100,304.93
2025-11-06,10:02:26.413835660,T,IBM,F I,20,304.91
2025-11-06,10:02:26.413847603,T,IBM,F,80,304.89
2025-11-06,10:02:26.414109260,T,IBM,F I,6,304.89
2025-11-06,10:02:26.414109260,T,IBM,F I,2,304.89
2025-11-06,10:02:26.414112246,T,IBM,F,72,304.89
2025-11-06,10:02:26.414133316,T,IBM,F I,28,304.89
2025-11-06,10:02:26.414136326,T,IBM,F,80,304.88
2025-11-06,10:02:26.414136326,T,IBM,F,192,304.88
2025-11-06,10:02:26.414154344,T,IBM,I,1,304.88
2025-11-06,10:02:26.414379833,T,IBM,F,206,304.89
2025-11-06,10:02:26.414695639,T,IBM,I,17,304.96
2025-11-06,10:02:26.414770731,T,IBM,F,200,304.96
2025-11-06,10:02:26.469633434,T,IBM,I,11,304.94
2025-11-06,10:02:29.824422919,T,IBM,F I,20,304.99
2025-11-06,10:02:29.824425996,T,IBM,F I,5,305.0
2025-11-06,10:02:29.824425996,T,IBM,F,50,305.0
2025-11-06,10:02:29.824429523,T,IBM,F,60,305.0
2025-11-06,10:02:29.824429523,T,IBM,F I,20,305.0
2025-11-06,10:02:29.824432011,T,IBM,F,45,305.0
2025-11-06,10:02:41.640254231,T,IBM,,40,304.96
2025-11-06,10:02:43.680386120,T,IBM,I,34,304.93
2025-11-06,10:02:45.427927319,T,IBM,F I,7,305.04
2025-11-06,10:02:45.427930875,T,IBM,F,68,305.04
2025-11-06,10:02:45.427933620,T,IBM,F I,30,305.04
2025-11-06,10:02:45.427942391,T,IBM,F,50,305.04
2025-11-06,10:02:45.428288257,T,IBM,I,20,305.04
2025-11-06,10:02:51.355248241,T,IBM,F,100,305.03
2025-11-06,10:02:51.357293153,T,IBM,,80,305.01
2025-11-06,10:02:51.357299077,T,IBM,,40,305.01
2025-11-06,10:02:51.357410899,T,IBM,F I,4,305.0
2025-11-06,10:02:51.357413373,T,IBM,F,110,304.99
2025-11-06,10:02:51.364742298,T,IBM,F,150,304.96
2025-11-06,10:02:51.364798967,T,IBM,F,150,304.96
2025-11-06,10:02:51.364835008,T,IBM,F,150,304.96
2025-11-06,10:02:51.366714578,T,IBM,I,30,304.96
2025-11-06,10:02:51.366717656,T,IBM,,287,304.88
2025-11-06,10:02:51.366717656,T,IBM,,45,304.88
2025-11-06,10:02:51.366720540,T,IBM,I,4,304.87
2025-11-06,10:02:51.366726511,T,IBM,I,1,304.86
2025-11-06,10:02:51.366730143,T,IBM,I,1,304.86
2025-11-06,10:02:51.366732549,T,IBM,,200,304.86
2025-11-06,10:02:51.366735553,T,IBM,,100,304.86
2025-11-06,10:02:51.366792666,T,IBM,,100,304.86
2025-11-06,10:02:51.367538536,T,IBM,F,88,304.86
2025-11-06,10:02:51.367559570,T,IBM,F I,12,304.86
2025-11-06,10:02:51.367562508,T,IBM,F I,9,304.86
2025-11-06,10:02:51.727056400,T,IBM,,40,304.925
2025-11-06,10:02:52.670958563,T,IBM,I,2,304.93
2025-11-06,10:03:08.634188597,T,IBM,I,2,304.93
2025-11-06,10:03:13.330640143,T,IBM,F I,1,304.93
2025-11-06,10:03:13.330640143,T,IBM,F I,1,304.93
2025-11-06,10:03:17.395071256,T,IBM,F I,11,305.01
2025-11-06,10:03:17.395071256,T,IBM,F I,1,305.01
2025-11-06,10:03:17.395113292,T,IBM,,40,305.01
2025-11-06,10:03:17.395648927,T,IBM,F I,27,305.01
2025-11-06,10:03:17.395648927,T,IBM,I,12,305.01
2025-11-06,10:03:17.395657766,T,IBM,I,12,305.01
2025-11-06,10:03:17.395699710,T,IBM,I,4,305.0
2025-11-06,10:03:17.395702705,T,IBM,F I,1,305.0
2025-11-06,10:03:17.396773329,T,IBM,F I,5,304.93
2025-11-06,10:03:17.454252154,T,IBM,,40,304.93
2025-11-06,10:03:17.454252154,T,IBM,,40,304.93
2025-11-06,10:03:17.454273225,T,IBM,F,150,304.92
2025-11-06,10:03:17.454820523,T,IBM,,40,304.92
2025-11-06,10:03:18.836222050,T,IBM,,40,304.93
2025-11-06,10:03:20.107306045,T,IBM,F,150,304.92
2025-11-06,10:03:23.553110300,T,IBM,,41,304.92
2025-11-06,10:03:25.506653989,T,IBM,I,20,304.92
2025-11-06,10:03:26.552393486,T,IBM,,40,305.0
2025-11-06,10:03:29.609883483,T,IBM,I,7,305.01
2025-11-06,10:03:29.609889332,T,IBM,,160,305.01
2025-11-06,10:03:29.609892275,T,IBM,I,25,305.01
2025-11-06,10:03:29.609895387,T,IBM,,40,305.01
2025-11-06,10:03:29.609895387,T,IBM,I,20,305.01
2025-11-06,10:03:29.609904946,T,IBM,I,1,305.01
2025-11-06,10:03:29.609946489,T,IBM,,100,305.01
2025-11-06,10:03:29.609976784,T,IBM,F I,1,305.0
2025-11-06,10:03:29.609979504,T,IBM,F,100,305.0
2025-11-06,10:03:29.609985558,T,IBM,I,1,305.0
2025-11-06,10:03:29.610021677,T,IBM,,43,305.01
2025-11-06,10:03:31.036581802,T,IBM,F,80,305.05
2025-11-06,10:03:31.036581802,T,IBM,F I,6,305.05
2025-11-06,10:03:31.036596869,T,IBM,F I,6,305.05
2025-11-06,10:03:31.036611822,T,IBM,F I,34,305.05
2025-11-06,10:03:31.036614872,T,IBM,F,45,305.05
2025-11-06,10:03:31.036647920,T,IBM,F,40,305.07
2025-11-06,10:03:46.988312356,T,IBM,F I,10,305.04
2025-11-06,10:03:46.988315289,T,IBM,F I,7,305.05
2025-11-06,10:03:51.093288967,T,IBM,F I,17,305.08
2025-11-06,10:03:51.093310163,T,IBM,F I,30,305.1
2025-11-06,10:03:51.093315977,T,IBM,F,40,305.1
2025-11-06,10:03:51.093343850,T,IBM,F,40,305.11
2025-11-06,10:03:51.093346059,T,IBM,F,40,305.11
2025-11-06,10:03:51.093346059,T,IBM,F,40,305.11
2025-11-06,10:03:51.093359016,T,IBM,F,40,305.11
2025-11-06,10:03:51.093361057,T,IBM,F,40,305.11
2025-11-06,10:03:51.093403168,T,IBM,F I,16,305.11
2025-11-06,10:03:51.093418272,T,IBM,F,40,305.12
2025-11-06,10:03:51.093511428,T,IBM,F I,18,305.15
2025-11-06,10:03:51.093520518,T,IBM,F I,1,305.16
2025-11-06,10:03:51.093524285,T,IBM,F I,9,305.16
2025-11-06,10:03:51.095138834,T,IBM,F I,12,305.29
2025-11-06,10:03:51.095141400,T,IBM,F,40,305.29
2025-11-06,10:03:51.095144395,T,IBM,F I,1,305.29
2025-11-06,10:03:51.095144395,T,IBM,F I,1,305.29
2025-11-06,10:03:51.095147516,T,IBM,F I,1,305.29
2025-11-06,10:03:51.095147516,T,IBM,F I,14,305.29
2025-11-06,10:03:51.095189425,T,IBM,F I,20,305.3
2025-11-06,10:03:51.095189425,T,IBM,F I,1,305.3
2025-11-06,10:03:51.097002792,T,IBM,I,8,305.27
2025-11-06,10:03:51.106142186,T,IBM,I,1,305.37
2025-11-06,10:03:51.106144896,T,IBM,I,3,305.41
2025-11-06,10:03:51.106144896,T,IBM,I,9,305.41
2025-11-06,10:03:51.108868996,T,IBM,I,4,305.31
2025-11-06,10:03:51.109512539,T,IBM,I,23,305.34
2025-11-06,10:03:51.110492886,T,IBM,I,2,305.36
2025-11-06,10:03:51.126466878,T,IBM,I,15,305.325
2025-11-06,10:03:51.126479105,T,IBM,I,15,305.325
2025-11-06,10:03:51.126500022,T,IBM,,100,305.325
2025-11-06,10:03:51.136748487,T,IBM,,100,305.325
2025-11-06,10:03:52.841275268,T,IBM,F I,5,305.37
2025-11-06,10:03:52.841278505,T,IBM,F I,10,305.36
2025-11-06,10:03:52.841281367,T,IBM,F I,5,305.36
2025-11-06,10:03:52.841281367,T,IBM,F I,20,305.35
2025-11-06,10:03:52.841284276,T,IBM,F I,5,305.35
2025-11-06,10:03:54.979170009,T,IBM,I,10,305.345
2025-11-06,10:03:54.988759853,T,IBM,F,100,305.345
2025-11-06,10:03:57.053114187,T,IBM,F,150,305.33
2025-11-06,10:04:01.531727278,T,IBM,,100,305.35
2025-11-06,10:04:07.357619832,T,IBM,I,11,305.365
2025-11-06,10:04:08.387752154,T,IBM,,150,305.365
2025-11-06,10:04:09.095448008,T,IBM,I,34,305.29
2025-11-06,10:04:09.403161545,T,IBM,,40,305.39
2025-11-06,10:04:25.523151868,T,IBM,,80,305.43
2025-11-06,10:04:28.632710663,T,IBM,,40,305.31
2025-11-06,10:04:28.672453665,T,IBM,I,10,305.3
2025-11-06,10:04:28.672453665,T,IBM,I,20,305.28
2025-11-06,10:04:28.672456342,T,IBM,I,5,305.28
2025-11-06,10:04:28.672456342,T,IBM,I,5,305.27
2025-11-06,10:04:28.672459624,T,IBM,I,5,305.27
2025-11-06,10:04:28.672459624,T,IBM,I,23,305.26
2025-11-06,10:04:28.672841233,T,IBM,,52,305.26
2025-11-06,10:04:28.672844202,T,IBM,I,24,305.25
2025-11-06,10:04:28.672892473,T,IBM,F I,16,305.25
2025-11-06,10:04:28.672892473,T,IBM,F I,23,305.25
2025-11-06,10:04:28.672896329,T,IBM,F I,2,305.25
2025-11-06,10:04:28.672898951,T,IBM,F I,20,305.25
2025-11-06,10:04:28.672901333,T,IBM,F I,10,305.25
2025-11-06,10:04:28.672901333,T,IBM,F I,10,305.25
2025-11-06,10:04:28.673776437,T,IBM,I,5,305.25
2025-11-06,10:04:28.673785447,T,IBM,F I,1,305.21
2025-11-06,10:04:28.674407963,T,IBM,I,5,305.25
2025-11-06,10:04:28.674419990,T,IBM,F I,5,305.25
2025-11-06,10:04:28.675033403,T,IBM,I,9,305.26
2025-11-06,10:04:28.675036427,T,IBM,I,1,305.26
2025-11-06,10:04:28.675111628,T,IBM,F,90,305.26
2025-11-06,10:04:28.691777855,T,IBM,I,5,305.25
2025-11-06,10:04:29.111712067,T,IBM,I,5,305.28
2025-11-06,10:04:29.111715022,T,IBM,I,5,305.29
2025-11-06,10:04:29.601196231,T,IBM,,40,305.29
2025-11-06,10:04:29.612313796,T,IBM,,80,305.3
2025-11-06,10:04:29.624357444,T,IBM,,40,305.3
2025-11-06,10:04:29.624357444,T,IBM,,40,305.3
2025-11-06,10:04:29.624360425,T,IBM,,40,305.3
2025-11-06,10:04:30.913352110,T,IBM,F I,10,305.14
2025-11-06,10:04:30.913355876,T,IBM,F I,30,305.13
2025-11-06,10:04:30.913385195,T,IBM,F,40,305.12
2025-11-06,10:04:30.965685681,T,IBM,F I,28,305.02
2025-11-06,10:04:30.965718782,T,IBM,F I,27,305.02
2025-11-06,10:04:32.017629066,T,IBM,F,80,305.01
2025-11-06,10:04:32.017656132,T,IBM,F I,18,305.0
2025-11-06,10:04:32.017659154,T,IBM,F I,15,305.0
2025-11-06,10:04:32.017662096,T,IBM,F I,25,305.0
2025-11-06,10:04:32.017686191,T,IBM,F I,1,304.98
2025-11-06,10:04:32.018050155,T,IBM,,45,304.99
2025-11-06,10:04:32.018050155,T,IBM,,100,304.98
2025-11-06,10:04:32.018053844,T,IBM,,100,304.97
2025-11-06,10:04:32.018053844,T,IBM,I,5,304.97
2025-11-06,10:04:32.018056307,T,IBM,I,5,304.96
2025-11-06,10:04:32.018056307,T,IBM,I,5,304.95
2025-11-06,10:04:32.018059090,T,IBM,I,29,304.95
2025-11-06,10:04:40.570564075,T,IBM,F,100,305.06
2025-11-06,10:04:40.570564075,T,IBM,F,285,305.05
2025-11-06,10:04:40.570579135,T,IBM,F,370,305.05
2025-11-06,10:04:40.570579135,T,IBM,F,40,305.05
2025-11-06,10:04:40.578379405,T,IBM,I,5,304.96
2025-11-06,10:04:40.578379405,T,IBM,I,4,304.93
2025-11-06,10:04:43.250417880,T,IBM,F I,20,304.99
2025-11-06,10:04:43.250420558,T,IBM,F I,5,304.97
2025-11-06,10:04:43.250424155,T,IBM,F I,5,304.96
2025-11-06,10:04:43.250426573,T,IBM,F I,5,304.95
2025-11-06,10:04:43.250426573,T,IBM,F I,5,304.95
2025-11-06,10:04:45.885518808,T,IBM,I,5,305.01
2025-11-06,10:04:45.885521986,T,IBM,I,5,305.01
2025-11-06,10:04:45.885521986,T,IBM,I,5,305.02
2025-11-06,10:04:45.885524862,T,IBM,I,25,305.035
2025-11-06,10:04:46.653273951,T,IBM,F I,5,304.99
2025-11-06,10:04:46.653273951,T,IBM,F I,5,304.96
2025-11-06,10:04:46.653276695,T,IBM,F I,30,304.95
2025-11-06,10:04:50.026806921,T,IBM,F,40,304.94
2025-11-06,10:04:50.026809861,T,IBM,F I,11,304.94
2025-11-06,10:04:50.026824924,T,IBM,I,1,304.94
2025-11-06,10:04:50.026828004,T,IBM,F I,9,304.94
2025-11-06,10:04:50.026831008,T,IBM,F I,2,304.94
2025-11-06,10:04:50.027077578,T,IBM,F I,10,304.92
2025-11-06,10:05:01.049325846,T,IBM,F I,12,304.94
2025-11-06,10:05:01.049861250,T,IBM,F I,4,304.91
2025-11-06,10:05:01.049864154,T,IBM,F I,2,304.9
2025-11-06,10:05:01.050180206,T,IBM,F I,12,304.97
2025-11-06,10:05:01.050339297,T,IBM,F I,5,304.92
2025-11-06,10:05:01.050339297,T,IBM,F I,20,304.92
2025-11-06,10:05:01.050342308,T,IBM,F I,24,304.91
2025-11-06,10:05:01.050730179,T,IBM,F I,1,304.92
2025-11-06,10:05:01.050736249,T,IBM,F I,1,304.91
2025-11-06,10:05:01.051689553,T,IBM,F I,1,305.02
2025-11-06,10:05:01.051819430,T,IBM,I,5,305.02
2025-11-06,10:05:01.051819430,T,IBM,I,35,305.02
2025-11-06,10:05:01.051836770,T,IBM,I,1,305.02
2025-11-06,10:05:01.098526053,T,IBM,I,10,305.12
2025-11-06,10:05:01.098550140,T,IBM,F,59,305.12
2025-11-06,10:05:01.098565137,T,IBM,F I,1,305.13
2025-11-06,10:05:01.098841799,T,IBM,,40,305.1
2025-11-06,10:05:01.361003043,T,IBM,F I,20,305.29
2025-11-06,10:05:01.361003043,T,IBM,F,80,305.3
2025-11-06,10:05:01.361023951,T,IBM,F I,20,305.3
2025-11-06,10:05:01.366770660,T,IBM,I,14,305.3
2025-11-06,10:05:02.008311856,T,IBM,,69,305.405
2025-11-06,10:05:02.577233295,T,IBM,F I,16,305.45
2025-11-06,10:05:02.577904410,T,IBM,F,45,305.45
2025-11-06,10:05:02.577904410,T,IBM,F,100,305.44
2025-11-06,10:05:02.577906913,T,IBM,F I,10,305.44
2025-11-06,10:05:02.577909877,T,IBM,F,79,305.4
2025-11-06,10:05:03.313990266,T,IBM,I,5,305.41
2025-11-06,10:05:03.313990266,T,IBM,I,35,305.4
2025-11-06,10:05:04.387934007,T,IBM,I,12,305.5
2025-11-06,10:05:10.380486332,T,IBM,F I,4,305.6
2025-11-06,10:05:10.380486332,T,IBM,F I,2,305.6
2025-11-06,10:05:13.272829160,T,IBM,,100,305.715
2025-11-06,10:05:16.011169189,T,IBM,F I,10,305.86
2025-11-06,10:05:16.011190244,T,IBM,F,51,305.87
2025-11-06,10:05:16.011190244,T,IBM,F I,30,305.87
2025-11-06,10:05:16.011884950,T,IBM,F,45,305.85
2025-11-06,10:05:16.011888719,T,IBM,F,100,305.84
2025-11-06,10:05:16.011888719,T,IBM,F I,20,305.84
2025-11-06,10:05:16.011891128,T,IBM,F I,25,305.84
2025-11-06,10:05:16.011894014,T,IBM,F,100,305.83
2025-11-06,10:05:16.011894014,T,IBM,F,56,305.82
2025-11-06,10:05:16.013403562,T,IBM,,40,305.79
2025-11-06,10:05:16.013788415,T,IBM,I,5,305.79
2025-11-06,10:05:16.013791456,T,IBM,I,9,305.78
2025-11-06,10:05:16.014128817,T,IBM,I,8,305.78
2025-11-06,10:05:25.425035441,T,IBM,F,100,305.94
2025-11-06,10:05:35.753547232,T,IBM,F I,13,306.0
2025-11-06,10:05:35.753547232,T,IBM,F I,1,306.0
2025-11-06,10:05:35.753800135,T,IBM,I,15,306.06
2025-11-06,10:05:35.753800135,T,IBM,I,1,306.08
2025-11-06,10:05:35.822170646,T,IBM,F,45,306.2
2025-11-06,10:05:35.822173926,T,IBM,F I,5,306.2
2025-11-06,10:05:35.822173926,T,IBM,F I,5,306.19
2025-11-06,10:05:35.822176873,T,IBM,F I,5,306.19
2025-11-06,10:05:35.822180314,T,IBM,F I,10,306.16
2025-11-06,10:05:35.822180314,T,IBM,F,100,306.15
2025-11-06,10:05:35.822182767,T,IBM,F,100,306.13
2025-11-06,10:05:35.822185581,T,IBM,F,44,306.12
2025-11-06,10:05:37.760726702,T,IBM,F I,10,306.16
2025-11-06,10:05:38.001383582,T,IBM,F,40,306.09
2025-11-06,10:05:38.001386527,T,IBM,F,40,306.09
2025-11-06,10:05:38.001386527,T,IBM,F I,8,306.09
2025-11-06,10:05:38.001398565,T,IBM,F,48,306.09
2025-11-06,10:05:38.001401661,T,IBM,I,1,306.09
2025-11-06,10:05:38.008411337,T,IBM,,89,305.99
2025-11-06,10:05:39.112375514,T,IBM,,40,305.96
2025-11-06,10:05:49.780446504,T,IBM,I,23,306.17
2025-11-06,10:06:04.291919282,T,IBM,,40,306.17
2025-11-06,10:06:06.428514919,T,IBM,I,2,306.26
2025-11-06,10:06:08.242177968,T,IBM,F I,20,306.34
2025-11-06,10:06:08.242177968,T,IBM,F I,2,306.35
2025-11-06,10:06:08.242180716,T,IBM,F I,20,306.35
2025-11-06,10:06:08.242198754,T,IBM,F I,20,306.35
2025-11-06,10:06:12.065678162,T,IBM,F,100,306.435
2025-11-06,10:06:12.873792534,T,IBM,F I,5,306.51
2025-11-06,10:06:12.873792534,T,IBM,F I,5,306.51
2025-11-06,10:06:12.873794957,T,IBM,F I,30,306.49
2025-11-06,10:06:18.031755397,T,IBM,F,100,306.55
2025-11-06,10:06:18.031758367,T,IBM,F I,5,306.55
2025-11-06,10:06:18.031791462,T,IBM,F,40,306.53
2025-11-06,10:06:18.031812505,T,IBM,F,60,306.53
2025-11-06,10:06:18.031815518,T,IBM,F,90,306.53
2025-11-06,10:06:18.031851588,T,IBM,F I,10,306.53
2025-11-06,10:06:18.031851588,T,IBM,F I,30,306.5
2025-11-06,10:06:18.031869658,T,IBM,I,1,306.5
2025-11-06,10:06:18.031875792,T,IBM,F I,9,306.5
2025-11-06,10:06:18.031875792,T,IBM,F I,1,306.5
2025-11-06,10:06:18.031878650,T,IBM,F I,9,306.5
2025-11-06,10:06:18.041273044,T,IBM,I,1,306.57
2025-11-06,10:06:18.041273044,T,IBM,I,24,306.59
2025-11-06,10:06:18.042232706,T,IBM,F I,1,306.7
2025-11-06,10:06:18.042286502,T,IBM,F I,10,306.71
2025-11-06,10:06:19.042690193,T,IBM,F I,10,306.66
2025-11-06,10:06:19.042693118,T,IBM,F I,30,306.64
2025-11-06,10:06:19.042729225,T,IBM,F,40,306.64
2025-11-06,10:06:19.042783419,T,IBM,F I,30,306.64
2025-11-06,10:06:19.042783419,T,IBM,F I,10,306.63
2025-11-06,10:06:19.042804450,T,IBM,F I,30,306.63
2025-11-06,10:06:19.042934158,T,IBM,,100,306.63
2025-11-06,10:06:19.042936828,T,IBM,I,30,306.63
2025-11-06,10:06:19.042939745,T,IBM,,140,306.63
2025-11-06,10:06:19.042939745,T,IBM,I,1,306.64
2025-11-06,10:06:22.774006206,T,IBM,F I,5,306.63
2025-11-06,10:06:26.188566467,T,IBM,F I,4,306.64
2025-11-06,10:06:26.188569513,T,IBM,F I,1,306.64
2025-11-06,10:06:33.091556984,T,IBM,,40,306.645
2025-11-06,10:06:33.292522323,T,IBM,I,5,306.69
2025-11-06,10:06:33.292522323,T,IBM,I,1,306.7
2025-11-06,10:06:35.724986085,T,IBM,F I,21,306.75
2025-11-06,10:06:35.725001187,T,IBM,I,1,306.75
2025-11-06,10:06:35.742205145,T,IBM,,40,306.69
2025-11-06,10:06:41.539499582,T,IBM,F I,1,306.76
2025-11-06,10:06:41.539502534,T,IBM,F I,2,306.76
2025-11-06,10:06:41.540209271,T,IBM,F I,3,306.72
2025-11-06,10:06:44.643958259,T,IBM,,100,306.83
2025-11-06,10:06:44.671756405,T,IBM,I,1,306.94
2025-11-06,10:06:44.997822647,T,IBM,F I,13,306.99
2025-11-06,10:06:45.222030591,T,IBM,F I,20,307.01
2025-11-06,10:06:45.222033456,T,IBM,F I,20,307.02
2025-11-06,10:06:45.222048534,T,IBM,I,1,307.02
2025-11-06,10:06:45.222054493,T,IBM,F I,19,307.02
2025-11-06,10:06:45.605798023,T,IBM,F I,1,307.04
2025-11-06,10:06:45.605882351,T,IBM,F I,1,307.07
2025-11-06,10:06:45.605882351,T,IBM,F I,1,307.07
2025-11-06,10:06:45.605885353,T,IBM,F I,1,307.07
2025-11-06,10:06:45.605888283,T,IBM,F I,10,307.07
2025-11-06,10:06:45.605918320,T,IBM,,40,307.02
2025-11-06,10:06:46.370452825,T,IBM,F I,1,307.15
2025-11-06,10:06:46.370671994,T,IBM,F I,20,307.23
2025-11-06,10:06:46.370675084,T,IBM,F,80,307.24
2025-11-06,10:06:46.370677983,T,IBM,F I,10,307.24
2025-11-06,10:06:47.287819419,T,IBM,I,11,307.24
2025-11-06,10:06:47.287822398,T,IBM,I,1,307.24
2025-11-06,10:06:47.307038106,T,IBM,I,4,307.44
2025-11-06,10:06:48.863008437,T,IBM,,40,307.435
2025-11-06,10:06:48.863029465,T,IBM,F I,23,307.435
2025-11-06,10:06:48.863083555,T,IBM,,77,307.435
2025-11-06,10:06:48.875785798,T,IBM,I,25,307.44
2025-11-06,10:06:48.875806928,T,IBM,F,150,307.44
2025-11-06,10:06:49.379313604,T,IBM,I,6,307.45
2025-11-06,10:06:49.379331595,T,IBM,F I,17,307.45
2025-11-06,10:06:49.379415801,T,IBM,F I,1,307.45
2025-11-06,10:06:50.543114155,T,IBM,I,3,307.5
2025-11-06,10:06:53.552904650,T,IBM,I,5,307.52
2025-11-06,10:06:53.552904650,T,IBM,I,5,307.51
2025-11-06,10:06:53.552907572,T,IBM,I,30,307.495
2025-11-06,10:06:55.002743063,T,IBM,I,1,307.56
2025-11-06,10:06:57.036449106,T,IBM,F,45,307.51
2025-11-06,10:06:57.036451752,T,IBM,F,40,307.505
2025-11-06,10:06:57.036451752,T,IBM,F I,3,307.505
2025-11-06,10:06:59.831058622,T,IBM,F,78,307.46
2025-11-06,10:06:59.831085730,T,IBM,F I,15,307.46
2025-11-06,10:06:59.831113065,T,IBM,F I,7,307.46
2025-11-06,10:06:59.831113065,T,IBM,F I,3,307.43
2025-11-06,10:06:59.831115773,T,IBM,F I,1,307.43
2025-11-06,10:06:59.831130931,T,IBM,F I,24,307.43
2025-11-06,10:06:59.831136818,T,IBM,F,50,307.43
2025-11-06,10:06:59.831193993,T,IBM,F I,15,307.43
2025-11-06,10:06:59.831215094,T,IBM,F I,11,307.43
2025-11-06,10:06:59.831221004,T,IBM,F I,14,307.43
2025-11-06,10:06:59.831223996,T,IBM,F I,15,307.42
2025-11-06,10:06:59.831251612,T,IBM,I,8,307.47
2025-11-06,10:06:59.831254086,T,IBM,I,12,307.49
2025-11-06,10:06:59.831753357,T,IBM,F I,1,307.47
2025-11-06,10:06:59.831822458,T,IBM,F,51,307.47
2025-11-06,10:06:59.832583229,T,IBM,I,13,307.47
2025-11-06,10:06:59.839881676,T,IBM,F I,1,307.51
2025-11-06,10:07:05.113491755,T,IBM,I,25,307.51
2025-11-06,10:07:05.136177508,T,IBM,F I,20,307.57
2025-11-06,10:07:05.136177508,T,IBM,F I,1,307.58
2025-11-06,10:07:05.136180469,T,IBM,F,51,307.58
2025-11-06,10:07:06.654401674,T,IBM,F I,4,307.54
2025-11-06,10:07:06.654431750,T,IBM,F,40,307.5
2025-11-06,10:07:14.829865591,T,IBM,F I,1,307.55
2025-11-06,10:07:18.440044249,T,IBM,F I,2,307.56
2025-11-06,10:07:23.163043157,T,IBM,F I,8,307.6
2025-11-06,10:07:23.163043157,T,IBM,F I,20,307.6
2025-11-06,10:07:23.163073193,T,IBM,F,40,307.61
2025-11-06,10:07:23.163094853,T,IBM,F I,1,307.61
2025-11-06,10:07:23.163578363,T,IBM,,40,307.61
2025-11-06,10:07:23.163755850,T,IBM,F I,7,307.59
2025-11-06,10:07:33.279541174,T,IBM,,40,307.73
2025-11-06,10:07:33.279565317,T,IBM,F,60,307.73
2025-11-06,10:07:33.279568235,T,IBM,F I,2,307.74
2025-11-06,10:07:35.195486439,T,IBM,F I,5,307.68
2025-11-06,10:07:35.195489544,T,IBM,F I,2,307.67
2025-11-06,10:07:35.195489544,T,IBM,F I,5,307.67
2025-11-06,10:07:35.195492488,T,IBM,F I,20,307.65
2025-11-06,10:07:35.666130971,T,IBM,F I,1,307.75
2025-11-06,10:07:36.815001050,T,IBM,I,5,307.75
2025-11-06,10:07:39.381951219,T,IBM,F I,7,307.79
2025-11-06,10:07:39.381951219,T,IBM,F I,15,307.86
2025-11-06,10:07:39.382633706,T,IBM,F I,1,307.91
2025-11-06,10:07:39.382648732,T,IBM,F I,1,307.91
2025-11-06,10:07:51.890015699,T,IBM,,80,307.725
2025-11-06,10:07:51.893500937,T,IBM,I,5,307.725
2025-11-06,10:07:53.562450220,T,IBM,F I,5,307.65
2025-11-06,10:07:53.562450220,T,IBM,F I,3,307.64
2025-11-06,10:07:53.562453150,T,IBM,F I,5,307.64
2025-11-06,10:07:53.562456177,T,IBM,F I,2,307.63
2025-11-06,10:07:53.562459168,T,IBM,F,45,307.62
2025-11-06,10:07:53.562459168,T,IBM,F I,20,307.62
2025-11-06,10:07:59.743409959,T,IBM,F I,15,307.7
2025-11-06,10:08:01.304179590,T,IBM,F I,1,307.83
2025-11-06,10:08:01.304182627,T,IBM,F I,5,307.84
2025-11-06,10:08:01.304200602,T,IBM,F I,1,307.85
2025-11-06,10:08:07.770672151,T,IBM,F,40,307.92
2025-11-06,10:08:07.771090092,T,IBM,F I,2,307.96
2025-11-06,10:08:07.771243816,T,IBM,F I,1,308.0
2025-11-06,10:08:07.771253547,T,IBM,F I,14,308.01
2025-11-06,10:08:07.771318654,T,IBM,F I,10,308.04
2025-11-06,10:08:07.771384857,T,IBM,F I,4,307.99
2025-11-06,10:08:07.772088511,T,IBM,F I,2,308.08
2025-11-06,10:08:07.772088511,T,IBM,F I,1,308.08
2025-11-06,10:08:08.018242535,T,IBM,,40,308.19
2025-11-06,10:08:13.751532464,T,IBM,F,40,308.26
2025-11-06,10:08:13.751535463,T,IBM,F I,11,308.27
2025-11-06,10:08:13.751535463,T,IBM,F,40,308.27
2025-11-06,10:08:14.314108821,T,IBM,F I,5,308.29
2025-11-06,10:08:14.314205070,T,IBM,F,40,308.275
2025-11-06,10:08:15.465619154,T,IBM,F,120,308.275
2025-11-06,10:08:15.465619154,T,IBM,F I,5,308.26
2025-11-06,10:08:15.465622175,T,IBM,F I,5,308.24
2025-11-06,10:08:15.535929541,T,IBM,F I,2,308.23
2025-11-06,10:08:15.582173657,T,IBM,,100,308.19
2025-11-06,10:08:15.582176599,T,IBM,I,20,308.18
2025-11-06,10:08:15.582197714,T,IBM,F,100,308.18
2025-11-06,10:08:15.582197714,T,IBM,I,1,308.18
2025-11-06,10:08:15.582203995,T,IBM,,100,308.18
2025-11-06,10:08:15.582203995,T,IBM,I,19,308.18
2025-11-06,10:08:15.582483304,T,IBM,F I,3,308.17
2025-11-06,10:08:20.538022836,T,IBM,F I,1,307.94
2025-11-06,10:08:20.538073939,T,IBM,F I,1,307.93
2025-11-06,10:08:20.538116086,T,IBM,F I,1,307.93
2025-11-06,10:08:20.538158158,T,IBM,F I,1,307.93
2025-11-06,10:08:20.538203294,T,IBM,F I,1,307.93
2025-11-06,10:08:20.538242344,T,IBM,F I,1,307.93
2025-11-06,10:08:20.538284485,T,IBM,F I,1,307.93
2025-11-06,10:08:20.538329625,T,IBM,F I,1,307.93
2025-11-06,10:08:24.851819525,T,IBM,I,1,307.93
2025-11-06,10:08:24.852508158,T,IBM,I,27,307.93
2025-11-06,10:08:26.547908439,T,IBM,F I,1,307.93
2025-11-06,10:08:26.547911338,T,IBM,I,1,307.93
2025-11-06,10:08:26.547965443,T,IBM,F I,1,307.93
2025-11-06,10:08:26.547998546,T,IBM,I,1,307.93
2025-11-06,10:08:26.548010591,T,IBM,F I,1,307.93
2025-11-06,10:08:26.548034622,T,IBM,I,1,307.93
2025-11-06,10:08:26.548049656,T,IBM,F I,1,307.93
2025-11-06,10:08:26.548076803,T,IBM,I,1,307.93
2025-11-06,10:08:26.548091761,T,IBM,F I,1,307.93
2025-11-06,10:08:26.548121817,T,IBM,I,1,307.93
2025-11-06,10:08:26.548130833,T,IBM,F I,1,307.93
2025-11-06,10:08:26.548160906,T,IBM,I,1,307.93
2025-11-06,10:08:26.548179052,T,IBM,F I,1,307.93
2025-11-06,10:08:26.548206008,T,IBM,I,1,307.93
2025-11-06,10:08:26.548227127,T,IBM,F I,1,307.93
2025-11-06,10:08:26.548257136,T,IBM,I,1,307.93
2025-11-06,10:08:26.548596957,T,IBM,I,1,307.93
2025-11-06,10:08:26.551450760,T,IBM,I,1,307.93
2025-11-06,10:08:26.551477824,T,IBM,I,1,307.93
2025-11-06,10:08:26.551998129,T,IBM,I,1,307.92
2025-11-06,10:08:29.184249067,T,IBM,I,1,307.81
2025-11-06,10:08:29.184266776,T,IBM,I,1,307.81
2025-11-06,10:08:38.118409994,T,IBM,I,5,307.72
2025-11-06,10:08:38.152655546,T,IBM,F,40,307.86
2025-11-06,10:08:38.152658506,T,IBM,F,40,307.86
2025-11-06,10:08:38.152685653,T,IBM,F I,5,307.87
2025-11-06,10:08:45.742487442,T,IBM,F I,2,307.93
2025-11-06,10:08:45.743374466,T,IBM,F I,5,308.0
2025-11-06,10:08:45.747256750,T,IBM,I,1,308.0
2025-11-06,10:08:47.609819082,T,IBM,,40,308.035
2025-11-06,10:08:55.307285893,T,IBM,F I,1,308.1
2025-11-06,10:08:55.307285893,T,IBM,F I,5,308.13
2025-11-06,10:08:55.307289755,T,IBM,F I,2,308.15
2025-11-06,10:08:55.307289755,T,IBM,F I,20,308.16
2025-11-06,10:08:55.307294989,T,IBM,F,56,308.16
2025-11-06,10:08:55.307313963,T,IBM,F,44,308.16
2025-11-06,10:08:55.307313963,T,IBM,F I,1,308.17
2025-11-06,10:08:55.307319038,T,IBM,F I,39,308.17
2025-11-06,10:08:55.307337028,T,IBM,F I,12,308.17
2025-11-06,10:08:55.307337028,T,IBM,F I,32,308.17
2025-11-06,10:09:02.607786864,T,IBM,F,100,308.35
2025-11-06,10:09:02.607789931,T,IBM,F I,20,308.36
2025-11-06,10:09:02.607811016,T,IBM,F I,8,308.37
2025-11-06,10:09:02.607831979,T,IBM,F,492,308.37
2025-11-06,10:09:02.607834985,T,IBM,F I,1,308.37
2025-11-06,10:09:02.607856037,T,IBM,I,1,308.37
2025-11-06,10:09:02.607898152,T,IBM,,100,308.37
2025-11-06,10:09:02.607901224,T,IBM,F I,28,308.37
2025-11-06,10:09:02.608073240,T,IBM,F I,7,308.36
2025-11-06,10:09:02.608078766,T,IBM,F,43,308.36
2025-11-06,10:09:02.608258986,T,IBM,F I,34,308.36
2025-11-06,10:09:02.608271083,T,IBM,F I,7,308.36
2025-11-06,10:09:02.608283336,T,IBM,F I,9,308.36
2025-11-06,10:09:02.608283336,T,IBM,F I,18,308.36
2025-11-06,10:09:02.608451557,T,IBM,F,80,308.36
2025-11-06,10:09:02.608704047,T,IBM,I,2,308.36
2025-11-06,10:09:02.608782289,T,IBM,,45,308.37
2025-11-06,10:09:02.609771682,T,IBM,,500,308.37
2025-11-06,10:09:02.610030300,T,IBM,,51,308.37
2025-11-06,10:09:05.183560138,T,IBM,I,5,308.38
2025-11-06,10:09:05.183562956,T,IBM,I,5,308.37
2025-11-06,10:09:05.183566015,T,IBM,I,2,308.37
2025-11-06,10:09:05.183569400,T,IBM,I,3,308.36
2025-11-06,10:09:05.183572041,T,IBM,,45,308.35
2025-11-06,10:09:05.183572041,T,IBM,I,15,308.34
2025-11-06,10:09:05.183604983,T,IBM,I,25,308.34
2025-11-06,10:09:05.183608379,T,IBM,,40,308.34
2025-11-06,10:09:05.183611398,T,IBM,I,15,308.34
2025-11-06,10:09:05.183614045,T,IBM,F I,3,308.34
2025-11-06,10:09:05.183617274,T,IBM,F I,5,308.34
2025-11-06,10:09:05.183617274,T,IBM,F I,6,308.34
2025-11-06,10:09:05.183632156,T,IBM,,40,308.34
2025-11-06,10:09:05.183632156,T,IBM,,60,308.34
2025-11-06,10:09:05.183635121,T,IBM,I,1,308.34
2025-11-06,10:09:05.183641114,T,IBM,I,3,308.34
2025-11-06,10:09:05.183644691,T,IBM,F,40,308.34
2025-11-06,10:09:05.183668232,T,IBM,F,40,308.34
2025-11-06,10:09:05.183873403,T,IBM,F,40,308.34
2025-11-06,10:09:05.183893693,T,IBM,,40,308.34
2025-11-06,10:09:05.183908728,T,IBM,,40,308.34
2025-11-06,10:09:05.183908728,T,IBM,,40,308.34
2025-11-06,10:09:05.183936033,T,IBM,,40,308.34
2025-11-06,10:09:05.183938838,T,IBM,,90,308.34
2025-11-06,10:09:07.347132636,T,IBM,F I,5,308.34
2025-11-06,10:09:07.347135719,T,IBM,F I,2,308.33
2025-11-06,10:09:10.900127223,T,IBM,F,100,308.28
2025-11-06,10:09:12.343202653,T,IBM,F,120,308.26
2025-11-06,10:09:12.927848579,T,IBM,F,40,308.21
2025-11-06,10:09:12.927851492,T,IBM,F,40,308.21
2025-11-06,10:09:12.927875861,T,IBM,F,80,308.2
2025-11-06,10:09:12.927899607,T,IBM,F I,20,308.2
2025-11-06,10:09:12.928143266,T,IBM,F I,8,308.2
2025-11-06,10:09:12.928155223,T,IBM,I,8,308.2
2025-11-06,10:09:12.928191347,T,IBM,,40,308.2
2025-11-06,10:09:12.928218416,T,IBM,I,2,308.2
2025-11-06,10:09:12.938394633,T,IBM,I,21,308.2
2025-11-06,10:09:12.949100164,T,IBM,I,37,308.2
2025-11-06,10:09:12.954786716,T,IBM,I,12,308.16
2025-11-06,10:09:12.961216000,T,IBM,I,8,308.16
2025-11-06,10:09:24.107133746,T,IBM,I,11,308.13
2025-11-06,10:09:44.737613280,T,IBM,F,80,308.18
2025-11-06,10:09:44.737619140,T,IBM,F I,20,308.18
2025-11-06,10:09:44.737619140,T,IBM,F,40,308.19
2025-11-06,10:09:44.737623234,T,IBM,F I,20,308.19
2025-11-06,10:09:44.737623234,T,IBM,F I,20,308.19
2025-11-06,10:09:44.737628136,T,IBM,F I,10,308.21
2025-11-06,10:09:48.088836199,T,IBM,,80,308.2
2025-11-06,10:09:59.435454393,T,IBM,F I,7,308.12
2025-11-06,10:09:59.435484546,T,IBM,F I,25,308.08
2025-11-06,10:09:59.435487529,T,IBM,F I,1,308.08
2025-11-06,10:09:59.435490522,T,IBM,F I,30,308.07
2025-11-06,10:09:59.435508583,T,IBM,I,1,308.07
2025-11-06,10:09:59.435508583,T,IBM,I,9,308.07
2025-11-06,10:09:59.435514647,T,IBM,I,3,308.07
2025-11-06,10:09:59.435517589,T,IBM,I,13,308.07
2025-11-06,10:09:59.492175514,T,IBM,,100,308.06
2025-11-06,10:09:59.492758981,T,IBM,F I,10,308.06
2025-11-06,10:09:59.499302487,T,IBM,I,18,308.04
2025-11-06,10:09:59.526279669,T,IBM,,40,308.06
2025-11-06,10:09:59.538338365,T,IBM,I,10,308.06
2025-11-06,10:10:08.925401957,T,IBM,F I,3,308.33
2025-11-06,10:10:11.664590189,T,IBM,F,40,308.44
2025-11-06,10:10:12.107761223,T,IBM,F,444,308.49
2025-11-06,10:10:12.107782225,T,IBM,F,56,308.49
2025-11-06,10:10:12.107866563,T,IBM,F I,1,308.5
2025-11-06,10:10:12.107866563,T,IBM,F I,7,308.5
2025-11-06,10:10:12.108049936,T,IBM,F I,18,308.5
2025-11-06,10:10:12.108049936,T,IBM,F I,2,308.5
2025-11-06,10:10:12.108687457,T,IBM,,100,308.52
2025-11-06,10:10:12.108687457,T,IBM,,45,308.52
2025-11-06,10:10:12.108690383,T,IBM,,80,308.515
2025-11-06,10:10:12.108693421,T,IBM,,120,308.515
2025-11-06,10:10:12.108708532,T,IBM,,155,308.49
2025-11-06,10:10:12.108729548,T,IBM,I,20,308.49
2025-11-06,10:10:12.765796801,T,IBM,F I,9,308.69
2025-11-06,10:10:12.765814869,T,IBM,F,42,308.69
2025-11-06,10:10:12.766124591,T,IBM,I,31,308.65
2025-11-06,10:10:12.766166707,T,IBM,F I,13,308.72
2025-11-06,10:10:12.766265927,T,IBM,F,51,308.72
2025-11-06,10:10:13.104700679,T,IBM,,100,308.74
2025-11-06,10:10:13.104703671,T,IBM,I,20,308.76
2025-11-06,10:10:13.187532802,T,IBM,F I,3,308.77
2025-11-06,10:10:13.187535813,T,IBM,F,51,308.77
2025-11-06,10:10:13.187568962,T,IBM,I,7,308.8
2025-11-06,10:10:13.187593014,T,IBM,F I,3,308.8
2025-11-06,10:10:13.187617059,T,IBM,F,500,308.82
2025-11-06,10:10:13.187650157,T,IBM,I,20,308.75
2025-11-06,10:10:13.187650157,T,IBM,I,11,308.73
2025-11-06,10:10:13.187694544,T,IBM,I,3,308.78
2025-11-06,10:10:13.187713298,T,IBM,I,3,308.78
2025-11-06,10:10:13.188131319,T,IBM,I,9,308.77
2025-11-06,10:10:13.188161316,T,IBM,F I,1,308.84
2025-11-06,10:10:13.188371799,T,IBM,I,9,308.77
2025-11-06,10:10:13.188395885,T,IBM,,100,308.74
2025-11-06,10:10:13.189977707,T,IBM,F,45,308.75
2025-11-06,10:10:13.190894817,T,IBM,I,31,308.74
2025-11-06,10:10:13.190921922,T,IBM,I,31,308.74
2025-11-06,10:10:13.190924961,T,IBM,I,1,308.74
2025-11-06,10:10:13.191183606,T,IBM,I,5,308.79
2025-11-06,10:10:13.191183606,T,IBM,I,22,308.71
2025-11-06,10:10:13.191186695,T,IBM,I,30,308.7
2025-11-06,10:10:13.191186695,T,IBM,I,11,308.7
2025-11-06,10:10:13.191204858,T,IBM,I,20,308.7
2025-11-06,10:10:13.191231701,T,IBM,I,7,308.7
2025-11-06,10:10:13.191472262,T,IBM,,40,308.71
2025-11-06,10:10:13.191508348,T,IBM,I,5,308.71
2025-11-06,10:10:13.191568864,T,IBM,F I,7,308.71
2025-11-06,10:10:13.191571407,T,IBM,I,33,308.71
2025-11-06,10:10:15.037089111,T,IBM,I,2,308.82
2025-11-06,10:10:15.269184678,T,IBM,I,8,308.8
2025-11-06,10:10:18.719036836,T,IBM,I,17,308.82
2025-11-06,10:10:20.248517657,T,IBM,I,5,308.76
2025-11-06,10:10:20.248520132,T,IBM,I,35,308.75
2025-11-06,10:10:22.329507254,T,IBM,F I,1,308.855
2025-11-06,10:10:26.295905228,T,IBM,I,5,308.78
2025-11-06,10:10:26.295905228,T,IBM,I,2,308.76
2025-11-06,10:10:29.951738238,T,IBM,I,2,308.83
2025-11-06,10:10:29.951774370,T,IBM,F I,2,308.82
2025-11-06,10:10:31.932142183,T,IBM,,40,308.75
2025-11-06,10:10:31.932144977,T,IBM,I,17,308.75
2025-11-06,10:10:31.932148461,T,IBM,I,19,308.75
2025-11-06,10:10:31.932163259,T,IBM,F,45,308.75
2025-11-06,10:10:31.932163259,T,IBM,F I,2,308.75
2025-11-06,10:10:31.932169055,T,IBM,F,83,308.75
2025-11-06,10:10:31.932169055,T,IBM,I,37,308.75
2025-11-06,10:10:35.134943760,T,IBM,,40,308.7
2025-11-06,10:10:35.134964785,T,IBM,,40,308.7
2025-11-06,10:10:39.541306948,T,IBM,,75,308.71
2025-11-06,10:10:39.541306948,T,IBM,I,5,308.71
2025-11-06,10:10:39.541309913,T,IBM,I,20,308.71
2025-11-06,10:10:39.549880305,T,IBM,,40,308.705
2025-11-06,10:10:44.962321677,T,IBM,I,3,308.77
2025-11-06,10:10:52.941610536,T,IBM,F I,4,308.7
2025-11-06,10:10:52.941613586,T,IBM,F I,16,308.7
2025-11-06,10:10:52.941628663,T,IBM,F I,16,308.7
2025-11-06,10:10:52.941631769,T,IBM,I,1,308.7
2025-11-06,10:10:52.941634668,T,IBM,,100,308.7
2025-11-06,10:10:52.941658654,T,IBM,I,13,308.7
2025-11-06,10:10:52.941679874,T,IBM,F I,20,308.7
2025-11-06,10:10:52.946241582,T,IBM,F,40,308.65
2025-11-06,10:10:52.946241582,T,IBM,F I,21,308.65
2025-11-06,10:10:52.946244641,T,IBM,F,40,308.65
2025-11-06,10:10:52.985036979,T,IBM,I,5,308.6
2025-11-06,10:10:52.985036979,T,IBM,I,2,308.6
2025-11-06,10:10:52.985039907,T,IBM,I,2,308.61
2025-11-06,10:10:52.985042964,T,IBM,I,3,308.64
2025-11-06,10:10:55.136647203,T,IBM,I,2,308.55
2025-11-06,10:10:55.136650327,T,IBM,I,2,308.52
2025-11-06,10:10:55.136653681,T,IBM,I,10,308.52
2025-11-06,10:10:55.136653681,T,IBM,,40,308.51
2025-11-06,10:10:55.136656291,T,IBM,I,21,308.51
2025-11-06,10:10:55.136668549,T,IBM,I,19,308.51
2025-11-06,10:10:55.136671248,T,IBM,I,10,308.51
2025-11-06,10:10:55.290857311,T,IBM,I,2,308.54
2025-11-06,10:11:02.808908587,T,IBM,F,97,308.64
2025-11-06,10:11:02.808911064,T,IBM,F I,10,308.64
2025-11-06,10:11:02.808911064,T,IBM,F,393,308.65
2025-11-06,10:11:02.808929137,T,IBM,I,1,308.65
2025-11-06,10:11:02.808935113,T,IBM,F,106,308.65
2025-11-06,10:11:02.821171229,T,IBM,F,45,308.72
2025-11-06,10:11:02.821171229,T,IBM,F I,12,308.715
2025-11-06,10:11:03.105594309,T,IBM,I,1,308.73
2025-11-06,10:11:06.193648855,T,IBM,,40,308.72
2025-11-06,10:11:06.194454867,T,IBM,,40,308.72
2025-11-06,10:11:11.471053504,T,IBM,,80,308.72
2025-11-06,10:11:11.471057289,T,IBM,I,5,308.68
2025-11-06,10:11:11.471059489,T,IBM,I,5,308.67
2025-11-06,10:11:11.471063042,T,IBM,I,30,308.67
2025-11-06,10:11:11.471063042,T,IBM,,100,308.67
2025-11-06,10:11:11.471066006,T,IBM,I,9,308.66
2025-11-06,10:11:11.471083541,T,IBM,I,31,308.66
2025-11-06,10:11:11.471086816,T,IBM,,40,308.66
2025-11-06,10:11:11.471086816,T,IBM,I,2,308.66
2025-11-06,10:11:11.471086816,T,IBM,I,17,308.66
2025-11-06,10:11:11.471092632,T,IBM,,80,308.66
2025-11-06,10:11:11.471092632,T,IBM,,50,308.66
2025-11-06,10:11:11.471546675,T,IBM,F I,28,308.66
2025-11-06,10:11:22.423219792,T,IBM,,80,308.705
2025-11-06,10:11:23.280188552,T,IBM,F I,5,308.66
2025-11-06,10:11:23.280193959,T,IBM,F I,20,308.64
2025-11-06,10:11:23.280200255,T,IBM,F I,2,308.64
2025-11-06,10:11:23.280200255,T,IBM,F,145,308.63
2025-11-06,10:11:23.280203024,T,IBM,F I,15,308.63
2025-11-06,10:11:23.280206009,T,IBM,F I,12,308.63
2025-11-06,10:11:23.280278161,T,IBM,F I,5,308.62
2025-11-06,10:11:23.293305209,T,IBM,,40,308.595
2025-11-06,10:11:23.293308178,T,IBM,,40,308.595
2025-11-06,10:11:24.516536659,T,IBM,,40,308.49
2025-11-06,10:11:24.516539462,T,IBM,I,2,308.49
2025-11-06,10:11:24.516542310,T,IBM,I,10,308.49
2025-11-06,10:11:24.516557935,T,IBM,F I,10,308.49
2025-11-06,10:11:24.516572402,T,IBM,F,40,308.48
2025-11-06,10:11:24.516830925,T,IBM,F I,18,308.46
2025-11-06,10:11:24.517303089,T,IBM,F I,2,308.43
2025-11-06,10:11:24.517303089,T,IBM,F I,3,308.43
2025-11-06,10:11:24.720530421,T,IBM,F,40,308.25
2025-11-06,10:11:24.720532961,T,IBM,F I,25,308.25
2025-11-06,10:11:34.037578306,T,IBM,F I,10,308.2
2025-11-06,10:11:34.037580856,T,IBM,F I,20,308.14
2025-11-06,10:11:34.037580856,T,IBM,F I,10,308.14
2025-11-06,10:11:35.962863309,T,IBM,I,20,308.14
2025-11-06,10:11:35.962866254,T,IBM,I,22,308.13
2025-11-06,10:11:35.962884293,T,IBM,I,1,308.13
2025-11-06,10:11:35.962914412,T,IBM,I,17,308.13
2025-11-06,10:11:36.147006983,T,IBM,I,1,308.13
2025-11-06,10:11:36.147009657,T,IBM,I,1,308.13
2025-11-06,10:11:36.147830671,T,IBM,I,2,308.17
2025-11-06,10:11:36.147830671,T,IBM,I,5,308.19
2025-11-06,10:11:37.530221605,T,IBM,I,5,308.17
2025-11-06,10:11:37.530221605,T,IBM,I,8,308.15
2025-11-06,10:11:37.836801636,T,IBM,I,2,308.14
2025-11-06,10:11:37.836801636,T,IBM,I,2,308.13
2025-11-06,10:11:37.836804438,T,IBM,I,9,308.12
2025-11-06,10:11:38.150878124,T,IBM,I,10,308.12
2025-11-06,10:11:38.150878124,T,IBM,I,10,308.12
2025-11-06,10:11:38.642903532,T,IBM,F I,2,308.2
2025-11-06,10:11:38.642909710,T,IBM,F I,5,308.21
2025-11-06,10:11:38.642909710,T,IBM,F I,2,308.21
2025-11-06,10:11:38.642913361,T,IBM,F I,5,308.22
2025-11-06,10:11:38.642918964,T,IBM,F,64,308.22
2025-11-06,10:11:38.642918964,T,IBM,F I,36,308.22
2025-11-06,10:11:38.642922507,T,IBM,F I,17,308.23
2025-11-06,10:11:38.642927567,T,IBM,F I,10,308.23
2025-11-06,10:11:38.642927567,T,IBM,F I,11,308.23
2025-11-06,10:11:38.642927567,T,IBM,F I,4,308.23
2025-11-06,10:11:38.642937022,T,IBM,I,2,308.23
2025-11-06,10:11:38.642939608,T,IBM,I,1,308.23
2025-11-06,10:11:38.645543719,T,IBM,,40,308.27
2025-11-06,10:11:42.776851096,T,IBM,I,2,308.32
2025-11-06,10:11:48.843578080,T,IBM,I,1,308.35
2025-11-06,10:11:48.843641616,T,IBM,F I,1,308.35
2025-11-06,10:11:56.730216586,T,IBM,I,2,308.29
2025-11-06,10:11:56.730220039,T,IBM,I,2,308.28
2025-11-06,10:11:56.730222682,T,IBM,I,5,308.28
2025-11-06,10:11:56.730225648,T,IBM,,91,308.27
2025-11-06,10:11:56.732712586,T,IBM,,40,308.27
2025-11-06,10:12:04.167203729,T,IBM,I,2,308.27
2025-11-06,10:12:04.531340647,T,IBM,,45,308.27
2025-11-06,10:12:08.719206531,T,IBM,,40,308.27
2025-11-06,10:12:08.719216498,T,IBM,I,2,308.24
2025-11-06,10:12:08.719216498,T,IBM,I,2,308.21
2025-11-06,10:12:08.719219506,T,IBM,I,2,308.2
2025-11-06,10:12:08.719221895,T,IBM,I,3,308.17
2025-11-06,10:12:08.719221895,T,IBM,,100,308.17
2025-11-06,10:12:08.719224579,T,IBM,I,9,308.17
2025-11-06,10:12:10.499519891,T,IBM,F I,4,308.39
2025-11-06,10:12:10.499550616,T,IBM,F,96,308.39
2025-11-06,10:12:10.499550616,T,IBM,F,69,308.4
2025-11-06,10:12:10.499556475,T,IBM,F I,2,308.42
2025-11-06,10:12:10.499556475,T,IBM,F I,2,308.42
2025-11-06,10:12:10.499559085,T,IBM,F I,1,308.43
2025-11-06,10:12:10.499559085,T,IBM,F,40,308.44
2025-11-06,10:12:10.499564945,T,IBM,F,60,308.45
2025-11-06,10:12:10.499628155,T,IBM,I,19,308.34
2025-11-06,10:12:10.499667721,T,IBM,I,13,308.35
2025-11-06,10:12:10.499697311,T,IBM,I,21,308.38
2025-11-06,10:12:10.499826539,T,IBM,F I,13,308.45
2025-11-06,10:12:10.499856656,T,IBM,I,21,308.34
2025-11-06,10:12:10.500127307,T,IBM,F I,8,308.34
2025-11-06,10:12:10.501435367,T,IBM,F I,5,308.35
2025-11-06,10:12:10.501438526,T,IBM,F I,8,308.34
2025-11-06,10:12:10.501438526,T,IBM,F I,2,308.34
2025-11-06,10:12:10.501480588,T,IBM,I,5,308.34
2025-11-06,10:12:10.507843644,T,IBM,F I,1,308.27
2025-11-06,10:12:10.507843644,T,IBM,F I,1,308.26
2025-11-06,10:12:10.507849675,T,IBM,F,66,308.26
2025-11-06,10:12:30.951569411,T,IBM,I,2,308.2
2025-11-06,10:12:30.951572304,T,IBM,I,2,308.17
2025-11-06,10:12:30.951575961,T,IBM,I,1,308.16
2025-11-06,10:12:30.951575961,T,IBM,I,5,308.15
2025-11-06,10:12:30.951578314,T,IBM,I,2,308.14
2025-11-06,10:12:30.951581233,T,IBM,,100,308.14
2025-11-06,10:12:30.951581233,T,IBM,,66,308.14
2025-11-06,10:12:30.980552249,T,IBM,F,80,308.13
2025-11-06,10:12:30.980555314,T,IBM,F I,16,308.13
2025-11-06,10:12:30.980558219,T,IBM,F I,23,308.13
2025-11-06,10:12:30.980558219,T,IBM,F,58,308.13
2025-11-06,10:12:30.980561271,T,IBM,F I,1,308.13
2025-11-06,10:12:30.981033508,T,IBM,F,59,308.18
2025-11-06,10:12:30.981078680,T,IBM,I,10,308.18
2025-11-06,10:12:30.981439348,T,IBM,,100,308.18
2025-11-06,10:12:30.981632702,T,IBM,F,100,308.185
2025-11-06,10:12:30.981632702,T,IBM,F,100,308.14
2025-11-06,10:12:30.981632702,T,IBM,F,100,308.14
2025-11-06,10:12:30.981634867,T,IBM,F I,22,308.12
2025-11-06,10:12:30.981638624,T,IBM,F I,8,308.12
2025-11-06,10:12:30.981638624,T,IBM,F I,1,308.12
2025-11-06,10:12:30.981641770,T,IBM,F,269,308.12
2025-11-06,10:12:30.981644179,T,IBM,F,100,308.15
2025-11-06,10:12:30.981646824,T,IBM,F,180,308.12
2025-11-06,10:12:30.981673982,T,IBM,,151,308.12
2025-11-06,10:12:30.981761306,T,IBM,F I,17,308.19
2025-11-06,10:12:30.981761306,T,IBM,F I,2,308.23
2025-11-06,10:12:30.981764141,T,IBM,F,46,308.23
2025-11-06,10:12:30.981773123,T,IBM,F I,23,308.23
2025-11-06,10:12:30.981776201,T,IBM,F,100,308.24
2025-11-06,10:12:30.981779895,T,IBM,F,40,308.24
2025-11-06,10:12:30.981779895,T,IBM,F I,25,308.25
2025-11-06,10:12:30.981782671,T,IBM,F I,8,308.25
2025-11-06,10:12:30.981797274,T,IBM,I,1,308.25
2025-11-06,10:12:30.982155065,T,IBM,F,40,308.22
2025-11-06,10:12:30.982173285,T,IBM,F I,5,308.22
2025-11-06,10:12:30.982176796,T,IBM,F I,1,308.18
2025-11-06,10:12:30.982176796,T,IBM,F I,23,308.18
2025-11-06,10:12:30.982179278,T,IBM,F I,10,308.18
2025-11-06,10:12:30.982182127,T,IBM,F I,1,308.18
2025-11-06,10:12:30.982404750,T,IBM,F,45,308.22
2025-11-06,10:12:30.982407715,T,IBM,F I,12,308.18
2025-11-06,10:12:30.982410994,T,IBM,F I,10,308.18
2025-11-06,10:12:30.982410994,T,IBM,F I,10,308.18
2025-11-06,10:12:30.982413646,T,IBM,F I,11,308.18
2025-11-06,10:12:30.982413646,T,IBM,F I,8,308.18
2025-11-06,10:12:30.982452735,T,IBM,I,20,308.18
2025-11-06,10:12:30.982452735,T,IBM,I,25,308.18
2025-11-06,10:12:30.982464755,T,IBM,I,8,308.18
2025-11-06,10:12:30.982518964,T,IBM,I,16,308.18
2025-11-06,10:12:30.982545951,T,IBM,I,1,308.18
2025-11-06,10:12:30.982600168,T,IBM,,50,308.18
2025-11-06,10:12:30.982600168,T,IBM,I,20,308.18
2025-11-06,10:12:30.982636683,T,IBM,F I,7,308.15
2025-11-06,10:12:30.982639304,T,IBM,F I,36,308.15
2025-11-06,10:12:30.982642812,T,IBM,F,69,308.13
2025-11-06,10:12:30.982642812,T,IBM,F,100,308.13
2025-11-06,10:12:30.982642812,T,IBM,F I,9,308.12
2025-11-06,10:12:30.982645263,T,IBM,F,100,308.12
2025-11-06,10:12:30.983096516,T,IBM,F I,1,308.15
2025-11-06,10:12:30.985733705,T,IBM,,40,308.12
2025-11-06,10:12:30.986659825,T,IBM,,40,308.11
2025-11-06,10:12:30.986792081,T,IBM,,100,308.12
2025-11-06,10:12:30.993867953,T,IBM,,72,308.12
2025-11-06,10:12:30.993867953,T,IBM,I,5,308.17
2025-11-06,10:12:30.993871099,T,IBM,I,2,308.18
2025-11-06,10:12:30.993873977,T,IBM,I,21,308.19
2025-11-06,10:12:41.023696512,T,IBM,F,40,308.19
2025-11-06,10:12:41.023705858,T,IBM,I,39,308.19
2025-11-06,10:12:41.023705858,T,IBM,I,1,308.23
2025-11-06,10:12:41.023708540,T,IBM,F I,10,308.23
2025-11-06,10:12:41.023723763,T,IBM,F I,29,308.23
2025-11-06,10:12:41.023928024,T,IBM,F I,10,308.24
2025-11-06,10:12:41.024337071,T,IBM,,400,308.24
2025-11-06,10:12:41.024337071,T,IBM,I,1,308.24
2025-11-06,10:12:43.348540165,T,IBM,,80,308.29
2025-11-06,10:12:44.500546600,T,IBM,F I,2,308.26
2025-11-06,10:12:44.500549650,T,IBM,F I,1,308.24
2025-11-06,10:12:44.500925529,T,IBM,F I,1,308.24
2025-11-06,10:12:44.500928490,T,IBM,F I,1,308.24
2025-11-06,10:12:44.500931549,T,IBM,F,102,308.24
2025-11-06,10:12:44.500952659,T,IBM,F,40,308.23
2025-11-06,10:12:44.500952659,T,IBM,F I,28,308.23
2025-11-06,10:12:44.500955613,T,IBM,F I,34,308.23
2025-11-06,10:12:44.500970760,T,IBM,F I,1,308.22
2025-11-06,10:12:44.501346590,T,IBM,F I,6,308.29
2025-11-06,10:12:44.501433732,T,IBM,,280,308.29
2025-11-06,10:12:44.501569036,T,IBM,,40,308.3
2025-11-06,10:12:44.501572124,T,IBM,I,2,308.3
2025-11-06,10:12:44.501590159,T,IBM,I,1,308.3
2025-11-06,10:12:44.501596179,T,IBM,F I,37,308.3
2025-11-06,10:12:44.523136380,T,IBM,F,400,308.3
2025-11-06,10:12:44.523136380,T,IBM,F,260,308.3
2025-11-06,10:12:44.523154423,T,IBM,I,1,308.3
2025-11-06,10:12:44.523190566,T,IBM,,139,308.3
2025-11-06,10:12:44.617386858,T,IBM,,40,308.28
2025-11-06,10:12:44.617405466,T,IBM,,40,308.28
2025-11-06,10:12:45.223236299,T,IBM,I,1,308.18
2025-11-06,10:12:45.223236299,T,IBM,I,4,308.18
2025-11-06,10:12:48.200401821,T,IBM,F I,2,308.12
2025-11-06,10:12:48.200407591,T,IBM,F,100,308.11
2025-11-06,10:12:48.200407591,T,IBM,F,58,308.1
2025-11-06,10:12:48.200423202,T,IBM,I,1,308.1
2025-11-06,10:12:48.200425964,T,IBM,F I,21,308.1
2025-11-06,10:12:48.200429466,T,IBM,F,80,308.1
2025-11-06,10:12:48.200429466,T,IBM,F I,1,308.1
2025-11-06,10:12:48.200431966,T,IBM,F,49,308.1
2025-11-06,10:12:48.200434690,T,IBM,F,53,308.1
2025-11-06,10:12:48.200476805,T,IBM,F I,28,308.09
2025-11-06,10:12:48.200476805,T,IBM,F I,9,308.09
2025-11-06,10:12:48.200479840,T,IBM,F I,14,308.09
2025-11-06,10:12:48.200958008,T,IBM,,316,308.1
2025-11-06,10:12:48.200982069,T,IBM,F I,32,308.1
2025-11-06,10:12:48.200985070,T,IBM,F I,2,308.1
2025-11-06,10:12:48.200985070,T,IBM,F I,2,308.1
2025-11-06,10:12:48.205219773,T,IBM,,45,308.04
2025-11-06,10:12:48.205222097,T,IBM,I,1,308.03
2025-11-06,10:12:53.733589236,T,IBM,I,12,308.105
2025-11-06,10:12:57.343118577,T,IBM,F I,16,308.03
2025-11-06,10:12:57.343121340,T,IBM,F,40,308.03
2025-11-06,10:12:57.343127326,T,IBM,F I,14,308.03
2025-11-06,10:12:57.343626466,T,IBM,F,40,308.03
2025-11-06,10:12:57.343713766,T,IBM,F I,30,308.03
2025-11-06,10:12:57.345566128,T,IBM,F,40,308.02
2025-11-06,10:12:57.348913097,T,IBM,I,11,308.03
2025-11-06,10:12:57.349490442,T,IBM,F I,29,308.02
2025-11-06,10:12:57.354127485,T,IBM,I,18,308.02
2025-11-06,10:12:57.355643123,T,IBM,I,11,308.02
2025-11-06,10:12:57.356518251,T,IBM,I,11,308.02
2025-11-06,10:12:57.357914109,T,IBM,I,2,308.02
2025-11-06,10:12:57.359405043,T,IBM,F I,11,308.03
2025-11-06,10:12:57.393067176,T,IBM,F,200,308.03
2025-11-06,10:12:57.403847851,T,IBM,I,2,308.08
2025-11-06,10:12:57.689636255,T,IBM,F,40,308.15
2025-11-06,10:12:57.690084454,T,IBM,F I,25,308.18
2025-11-06,10:12:57.690090376,T,IBM,F I,6,308.19
2025-11-06,10:12:58.576694453,T,IBM,,100,308.18
2025-11-06,10:12:58.576697097,T,IBM,,120,308.17
2025-11-06,10:12:58.576700096,T,IBM,,116,308.17
2025-11-06,10:12:58.576715078,T,IBM,F,84,308.17
2025-11-06,10:12:58.576718056,T,IBM,F I,16,308.17
2025-11-06,10:13:26.734326652,T,IBM,,40,308.215
2025-11-06,10:13:30.138791511,T,IBM,I,10,308.22
2025-11-06,10:13:34.839573736,T,IBM,I,1,308.1
2025-11-06,10:13:34.839573736,T,IBM,I,30,308.1
2025-11-06,10:13:34.839874167,T,IBM,F,40,308.07
2025-11-06,10:13:34.841913008,T,IBM,F I,24,308.0
2025-11-06,10:13:43.335432210,T,IBM,I,1,307.9
2025-11-06,10:13:49.110954602,T,IBM,I,1,307.95
2025-11-06,10:14:01.033113207,T,IBM,I,1,307.94
2025-11-06,10:14:10.172924801,T,IBM,F I,1,308.0
2025-11-06,10:14:10.172924801,T,IBM,F I,2,308.0
2025-11-06,10:14:10.172928317,T,IBM,F I,31,308.0
2025-11-06,10:14:10.172933790,T,IBM,F,40,308.01
2025-11-06,10:14:10.172937655,T,IBM,F I,6,308.01
2025-11-06,10:14:10.172937655,T,IBM,F I,5,308.01
2025-11-06,10:14:10.172940112,T,IBM,F I,8,308.01
2025-11-06,10:14:10.172942873,T,IBM,F I,1,308.01
2025-11-06,10:14:10.172942873,T,IBM,F I,2,308.01
2025-11-06,10:14:10.174287211,T,IBM,F,40,308.01
2025-11-06,10:14:13.842311336,T,IBM,F,100,308.02
2025-11-06,10:14:13.842314657,T,IBM,F,45,308.02
2025-11-06,10:14:13.842314657,T,IBM,F,40,308.01
2025-11-06,10:14:13.842317484,T,IBM,F I,2,308.01
2025-11-06,10:14:13.842320446,T,IBM,F I,23,308.01
2025-11-06,10:14:22.988516322,T,IBM,F I,2,308.07
2025-11-06,10:14:22.988519393,T,IBM,F,50,308.08
2025-11-06,10:14:22.988570493,T,IBM,F,52,308.08
2025-11-06,10:14:22.988573515,T,IBM,F,48,308.08
2025-11-06,10:14:22.988576441,T,IBM,F I,4,308.1
2025-11-06,10:14:23.009253865,T,IBM,I,2,308.05
2025-11-06,10:14:23.009256748,T,IBM,I,2,308.04
2025-11-06,10:14:23.009259670,T,IBM,I,2,308.04
2025-11-06,10:14:23.009374038,T,IBM,F I,3,307.98
2025-11-06,10:14:24.708262463,T,IBM,,40,307.98
2025-11-06,10:14:26.101483207,T,IBM,I,1,307.89
2025-11-06,10:14:26.101488299,T,IBM,,100,307.89
2025-11-06,10:14:26.101488299,T,IBM,F,100,307.89
2025-11-06,10:14:26.101500238,T,IBM,F,80,307.88
2025-11-06,10:14:26.101506316,T,IBM,F,40,307.87
2025-11-06,10:14:26.101509279,T,IBM,F,40,307.87
2025-11-06,10:14:26.101515320,T,IBM,F,40,307.87
2025-11-06,10:14:26.101521552,T,IBM,F,40,307.87
2025-11-06,10:14:26.101524669,T,IBM,F,40,307.87
2025-11-06,10:14:26.101527827,T,IBM,F,40,307.87
2025-11-06,10:14:26.101530720,T,IBM,F,40,307.87
2025-11-06,10:14:26.101530720,T,IBM,F,40,307.87
2025-11-06,10:14:26.101548395,T,IBM,I,2,307.87
2025-11-06,10:14:26.101554371,T,IBM,I,38,307.87
2025-11-06,10:14:26.101557384,T,IBM,I,2,307.87
2025-11-06,10:14:26.101575409,T,IBM,,40,307.87
2025-11-06,10:14:26.101581583,T,IBM,F I,38,307.87
2025-11-06,10:14:26.101596451,T,IBM,I,38,307.87
2025-11-06,10:14:26.101617852,T,IBM,I,2,307.87
2025-11-06,10:14:26.101620615,T,IBM,F I,2,307.87
2025-11-06,10:14:26.101632637,T,IBM,F I,2,307.87
2025-11-06,10:14:26.101635646,T,IBM,F I,2,307.87
2025-11-06,10:14:26.101656750,T,IBM,I,34,307.87
2025-11-06,10:14:26.101656750,T,IBM,I,6,307.87
2025-11-06,10:14:26.101675288,T,IBM,F I,34,307.87
2025-11-06,10:14:26.101675288,T,IBM,F I,2,307.87
2025-11-06,10:14:26.101677690,T,IBM,F I,34,307.87
2025-11-06,10:14:26.101710750,T,IBM,F I,4,307.87
2025-11-06,10:14:26.102134782,T,IBM,,40,307.87
2025-11-06,10:14:26.102134782,T,IBM,,100,307.87
2025-11-06,10:14:26.102158829,T,IBM,F,40,307.87
2025-11-06,10:14:26.102267159,T,IBM,F,40,307.87
