DATE,TIME_M,EX,SYM_ROOT,TR_SCOND,SIZE,PRICE
2025-11-04,9:30:01.231473263,T,IBM,I,1,300.0
2025-11-04,9:30:01.231487903,T,IBM,Q,1,300.0
2025-11-04,9:30:01.352297552,T,IBM,,80,299.51
2025-11-04,9:30:01.352403043,T,IBM,F,40,299.47
2025-11-04,9:30:01.352403043,T,IBM,F,40,299.47
2025-11-04,9:30:01.352477907,T,IBM,F I,20,299.48
2025-11-04,9:30:01.373224305,T,IBM,F,40,299.01
2025-11-04,9:30:01.373768596,T,IBM,F I,1,298.77
2025-11-04,9:30:01.376192371,T,IBM,F,100,298.74
2025-11-04,9:30:01.377855359,T,IBM,F I,15,298.6
2025-11-04,9:30:01.378601095,T,IBM,F,40,298.6
2025-11-04,9:30:01.378601095,T,IBM,F I,32,298.6
2025-11-04,9:30:01.378628338,T,IBM,I,1,298.6
2025-11-04,9:30:01.378628338,T,IBM,I,7,298.6
2025-11-04,9:30:01.385884412,T,IBM,F,100,298.55
2025-11-04,9:30:01.510296627,T,IBM,F I,10,298.54
2025-11-04,9:30:01.510675600,T,IBM,F,40,298.51
2025-11-04,9:30:01.511896408,T,IBM,F I,7,298.74
2025-11-04,9:30:01.511902504,T,IBM,I,7,298.74
2025-11-04,9:30:01.511923502,T,IBM,I,7,298.74
2025-11-04,9:30:01.511935690,T,IBM,F I,5,298.745
2025-11-04,9:30:01.511935690,T,IBM,F I,2,298.75
2025-11-04,9:30:01.515273544,T,IBM,I,3,298.95
2025-11-04,9:30:01.515276561,T,IBM,I,2,298.96
2025-11-04,9:30:01.515306591,T,IBM,,80,298.745
2025-11-04,9:30:01.515315551,T,IBM,I,30,298.96
2025-11-04,9:30:01.516987614,T,IBM,,80,298.845
2025-11-04,9:30:01.520018848,T,IBM,F,80,298.85
2025-11-04,9:30:01.520163122,T,IBM,F,80,298.905
2025-11-04,9:30:01.520163122,T,IBM,F I,32,298.97
2025-11-04,9:30:01.520166115,T,IBM,F I,32,298.99
2025-11-04,9:30:01.520172127,T,IBM,F I,8,298.99
2025-11-04,9:30:01.520175223,T,IBM,F,40,298.99
2025-11-04,9:30:01.520299121,T,IBM,I,4,299.05
2025-11-04,9:30:01.520299121,T,IBM,,116,299.05
2025-11-04,9:30:01.520313508,T,IBM,,424,299.05
2025-11-04,9:30:01.725257397,T,IBM,I,3,299.07
2025-11-04,9:30:01.725401765,T,IBM,,160,299.07
2025-11-04,9:30:01.735644119,T,IBM,F,120,299.07
2025-11-04,9:30:01.735650373,T,IBM,F I,2,299.07
2025-11-04,9:30:01.735650373,T,IBM,F I,2,299.0
2025-11-04,9:30:01.735653432,T,IBM,F I,25,299.0
2025-11-04,9:30:01.735656194,T,IBM,F,70,299.0
2025-11-04,9:30:01.735656194,T,IBM,F I,10,299.0
2025-11-04,9:30:01.967303711,T,IBM,I,1,299.48
2025-11-04,9:30:02.858773029,T,IBM,F I,5,299.57
2025-11-04,9:30:02.858773029,T,IBM,F I,5,299.58
2025-11-04,9:30:02.858775983,T,IBM,F I,2,299.67
2025-11-04,9:30:02.873986212,T,IBM,F I,2,299.61
2025-11-04,9:30:02.899838764,T,IBM,I,10,299.21
2025-11-04,9:30:02.899838764,T,IBM,I,5,299.05
2025-11-04,9:30:02.899841797,T,IBM,I,12,299.04
2025-11-04,9:30:03.055372171,T,IBM,F,40,298.76
2025-11-04,9:30:03.055372171,T,IBM,F I,25,298.5
2025-11-04,9:30:03.055375332,T,IBM,F I,8,298.5
2025-11-04,9:30:03.055378229,T,IBM,F I,20,298.5
2025-11-04,9:30:03.060439166,T,IBM,F I,5,298.86
2025-11-04,9:30:03.968192170,T,IBM,I,1,298.77
2025-11-04,9:30:03.968195903,T,IBM,,100,298.7
2025-11-04,9:30:03.968199315,T,IBM,,100,298.66
2025-11-04,9:30:03.968199315,T,IBM,I,10,298.64
2025-11-04,9:30:03.968204209,T,IBM,,40,298.63
2025-11-04,9:30:03.968204209,T,IBM,,100,298.61
2025-11-04,9:30:03.968207273,T,IBM,I,11,298.58
2025-11-04,9:30:03.968207273,T,IBM,,40,298.54
2025-11-04,9:30:03.968210695,T,IBM,,40,298.54
2025-11-04,9:30:03.968210695,T,IBM,,40,298.54
2025-11-04,9:30:03.968210695,T,IBM,,100,298.54
2025-11-04,9:30:03.968213358,T,IBM,,40,298.54
2025-11-04,9:30:03.968213358,T,IBM,,40,298.54
2025-11-04,9:30:03.968216344,T,IBM,I,18,298.54
2025-11-04,9:30:03.968216344,T,IBM,I,1,298.54
2025-11-04,9:30:04.664132998,T,IBM,F I,5,298.94
2025-11-04,9:30:04.664132998,T,IBM,F I,12,298.97
2025-11-04,9:30:04.664135992,T,IBM,F I,23,298.98
2025-11-04,9:30:04.843840900,T,IBM,F,40,298.99
2025-11-04,9:30:04.843843947,T,IBM,F I,38,298.99
2025-11-04,9:30:04.843843947,T,IBM,F I,2,298.99
2025-11-04,9:30:04.843859333,T,IBM,I,1,298.99
2025-11-04,9:30:04.843861843,T,IBM,,96,298.99
2025-11-04,9:30:04.843937010,T,IBM,,361,298.99
2025-11-04,9:30:04.843997200,T,IBM,F I,20,298.99
2025-11-04,9:30:04.844809124,T,IBM,,40,298.99
2025-11-04,9:30:04.844827238,T,IBM,,60,298.99
2025-11-04,9:30:04.844827238,T,IBM,,40,298.99
2025-11-04,9:30:05.012701772,T,IBM,,40,299.06
2025-11-04,9:30:05.012701772,T,IBM,,40,299.06
2025-11-04,9:30:06.354024231,T,IBM,F,40,299.485
2025-11-04,9:30:06.354024231,T,IBM,F I,10,299.3
2025-11-04,9:30:06.354027245,T,IBM,F I,5,299.28
2025-11-04,9:30:06.354027245,T,IBM,F,65,299.26
2025-11-04,9:30:06.821358461,T,IBM,I,5,299.68
2025-11-04,9:30:06.821360931,T,IBM,,45,299.74
2025-11-04,9:30:06.821363818,T,IBM,,100,299.75
2025-11-04,9:30:06.821363818,T,IBM,I,11,299.75
2025-11-04,9:30:06.821381902,T,IBM,F I,9,299.75
2025-11-04,9:30:06.821381902,T,IBM,F,40,299.75
2025-11-04,9:30:06.821385043,T,IBM,F I,1,299.75
2025-11-04,9:30:06.823435741,T,IBM,F I,2,300.09
2025-11-04,9:30:08.386776596,T,IBM,,75,299.99
2025-11-04,9:30:08.386776596,T,IBM,I,5,299.99
2025-11-04,9:30:08.430284188,T,IBM,I,6,300.28
2025-11-04,9:30:08.430284188,T,IBM,F I,7,300.28
2025-11-04,9:30:08.430332237,T,IBM,I,6,300.3
2025-11-04,9:30:08.585688034,T,IBM,I,10,300.665
2025-11-04,9:30:08.585872609,T,IBM,F I,10,300.97
2025-11-04,9:30:08.585877538,T,IBM,F,45,300.98
2025-11-04,9:30:08.585877538,T,IBM,F I,1,300.99
2025-11-04,9:30:08.585880924,T,IBM,F,100,300.99
2025-11-04,9:30:08.585880924,T,IBM,F I,5,300.99
2025-11-04,9:30:08.585883526,T,IBM,F,55,300.99
2025-11-04,9:30:08.590283021,T,IBM,,45,300.89
2025-11-04,9:30:08.590514590,T,IBM,,190,300.84
2025-11-04,9:30:08.590514590,T,IBM,I,1,300.75
2025-11-04,9:30:08.590517581,T,IBM,I,9,300.73
2025-11-04,9:30:08.590580743,T,IBM,F I,31,300.73
2025-11-04,9:30:08.590583697,T,IBM,F,49,300.69
2025-11-04,9:30:08.590601754,T,IBM,I,1,300.69
2025-11-04,9:30:08.927470008,T,IBM,,150,300.84
2025-11-04,9:30:08.927470008,T,IBM,,40,300.84
2025-11-04,9:30:08.927472796,T,IBM,I,20,300.84
2025-11-04,9:30:08.927550935,T,IBM,,40,300.94
2025-11-04,9:30:08.928176505,T,IBM,,40,300.945
2025-11-04,9:30:08.928176505,T,IBM,I,18,300.98
2025-11-04,9:30:08.928179444,T,IBM,I,22,301.03
2025-11-04,9:30:09.806859362,T,IBM,F,47,300.57
2025-11-04,9:30:09.953786176,T,IBM,F I,28,300.57
2025-11-04,9:30:09.953789172,T,IBM,F,52,300.57
2025-11-04,9:30:10.693033040,T,IBM,F I,5,300.69
2025-11-04,9:30:10.693033040,T,IBM,F I,5,300.58
2025-11-04,9:30:10.693036464,T,IBM,F,48,300.57
2025-11-04,9:30:10.693036464,T,IBM,F I,20,300.57
2025-11-04,9:30:10.693039698,T,IBM,F I,2,300.55
2025-11-04,9:30:10.693189630,T,IBM,F,40,300.5
2025-11-04,9:30:10.693189630,T,IBM,F,40,300.5
2025-11-04,9:30:10.694037424,T,IBM,F,40,300.5
2025-11-04,9:30:10.694888443,T,IBM,I,5,300.49
2025-11-04,9:30:10.839797436,T,IBM,I,5,300.48
2025-11-04,9:30:10.965875658,T,IBM,I,5,300.5
2025-11-04,9:30:11.003477125,T,IBM,F I,4,300.7
2025-11-04,9:30:11.019968402,T,IBM,F I,5,300.65
2025-11-04,9:30:11.019968402,T,IBM,F I,1,300.64
2025-11-04,9:30:11.353627743,T,IBM,I,4,300.87
2025-11-04,9:30:11.353690912,T,IBM,F I,2,300.88
2025-11-04,9:30:11.618723841,T,IBM,I,5,300.89
2025-11-04,9:30:11.618747942,T,IBM,F I,12,300.8
2025-11-04,9:30:11.618750911,T,IBM,F I,10,300.8
2025-11-04,9:30:11.618753924,T,IBM,F I,5,300.78
2025-11-04,9:30:11.664198117,T,IBM,I,32,300.82
2025-11-04,9:30:13.034855192,T,IBM,F I,5,300.73
2025-11-04,9:30:14.587626134,T,IBM,I,20,300.55
2025-11-04,9:30:14.587626134,T,IBM,I,5,300.55
2025-11-04,9:30:14.895622141,T,IBM,I,5,300.7
2025-11-04,9:30:14.895625335,T,IBM,I,5,300.74
2025-11-04,9:30:14.895625335,T,IBM,I,12,300.75
2025-11-04,9:30:14.895628201,T,IBM,I,5,300.78
2025-11-04,9:30:14.895628201,T,IBM,I,13,300.8
2025-11-04,9:30:14.948430863,T,IBM,F,40,300.8
2025-11-04,9:30:14.959373982,T,IBM,I,23,300.8
2025-11-04,9:30:15.923222648,T,IBM,,40,300.82
2025-11-04,9:30:17.241495004,T,IBM,F I,2,300.54
2025-11-04,9:30:17.241519093,T,IBM,F I,38,300.54
2025-11-04,9:30:17.251936055,T,IBM,F I,6,300.0
2025-11-04,9:30:17.251938853,T,IBM,F I,5,300.0
2025-11-04,9:30:17.258262941,T,IBM,F I,5,300.23
2025-11-04,9:30:19.506246770,T,IBM,I,5,300.24
2025-11-04,9:30:19.506249828,T,IBM,I,12,300.15
2025-11-04,9:30:19.506255930,T,IBM,I,5,300.05
2025-11-04,9:30:19.506255930,T,IBM,I,10,300.0
2025-11-04,9:30:19.506258847,T,IBM,,68,300.0
2025-11-04,9:30:19.509575741,T,IBM,,40,299.88
2025-11-04,9:30:19.509575741,T,IBM,,40,299.82
2025-11-04,9:30:20.681889673,T,IBM,I,5,300.21
2025-11-04,9:30:20.681892813,T,IBM,I,12,300.18
2025-11-04,9:30:20.681892813,T,IBM,I,5,300.17
2025-11-04,9:30:20.681896045,T,IBM,I,5,300.13
2025-11-04,9:30:20.681896045,T,IBM,,49,300.1
2025-11-04,9:30:25.638268340,T,IBM,I,16,300.43
2025-11-04,9:30:25.638307541,T,IBM,I,4,300.43
2025-11-04,9:30:25.638307541,T,IBM,I,26,300.43
2025-11-04,9:30:25.638758764,T,IBM,,74,300.43
2025-11-04,9:30:25.638761519,T,IBM,I,2,300.42
2025-11-04,9:30:25.638761519,T,IBM,,40,300.42
2025-11-04,9:30:25.638764588,T,IBM,I,16,300.42
2025-11-04,9:30:25.638779580,T,IBM,I,1,300.42
2025-11-04,9:30:25.638830753,T,IBM,F I,33,300.42
2025-11-04,9:30:25.638830753,T,IBM,F,40,300.42
2025-11-04,9:30:25.884341183,T,IBM,I,5,300.31
2025-11-04,9:30:26.540533457,T,IBM,,40,300.31
2025-11-04,9:30:26.544623191,T,IBM,I,2,300.3
2025-11-04,9:30:26.547010925,T,IBM,I,5,300.07
2025-11-04,9:30:26.547013878,T,IBM,I,12,300.06
2025-11-04,9:30:26.547013878,T,IBM,I,5,300.05
2025-11-04,9:30:26.547016876,T,IBM,,72,300.02
2025-11-04,9:30:26.552255331,T,IBM,,40,300.105
2025-11-04,9:30:31.237818284,T,IBM,I,2,300.67
2025-11-04,9:30:31.238849804,T,IBM,I,2,300.8
2025-11-04,9:30:31.240275176,T,IBM,I,2,300.83
2025-11-04,9:30:31.241342774,T,IBM,I,2,300.83
2025-11-04,9:30:31.246229416,T,IBM,I,2,300.83
2025-11-04,9:30:31.246500027,T,IBM,,80,300.585
2025-11-04,9:30:31.247474373,T,IBM,I,2,300.83
2025-11-04,9:30:31.248559927,T,IBM,I,2,300.83
2025-11-04,9:30:31.248584474,T,IBM,F I,5,300.65
2025-11-04,9:30:31.249687631,T,IBM,I,2,300.71
2025-11-04,9:30:31.254613315,T,IBM,I,2,300.75
2025-11-04,9:30:31.263673881,T,IBM,I,2,300.72
2025-11-04,9:30:31.739409514,T,IBM,I,2,300.72
2025-11-04,9:30:31.753176297,T,IBM,I,2,300.68
2025-11-04,9:30:31.754358081,T,IBM,I,2,300.71
2025-11-04,9:30:31.755383552,T,IBM,I,2,300.6
2025-11-04,9:30:31.765917530,T,IBM,I,2,300.56
2025-11-04,9:30:31.767878233,T,IBM,I,2,300.75
2025-11-04,9:30:31.768933711,T,IBM,I,2,300.61
2025-11-04,9:30:31.769941174,T,IBM,I,2,300.78
2025-11-04,9:30:31.771050782,T,IBM,I,2,300.79
2025-11-04,9:30:31.772082277,T,IBM,I,2,300.79
2025-11-04,9:30:31.773164843,T,IBM,I,2,300.63
2025-11-04,9:30:31.775324005,T,IBM,I,2,300.66
2025-11-04,9:30:31.776791445,T,IBM,I,2,300.66
2025-11-04,9:30:31.779849706,T,IBM,I,2,300.66
2025-11-04,9:30:31.780884252,T,IBM,I,2,300.66
2025-11-04,9:30:31.781978858,T,IBM,I,2,300.66
2025-11-04,9:30:31.783283902,T,IBM,I,2,300.63
2025-11-04,9:30:31.784549921,T,IBM,I,2,300.78
2025-11-04,9:30:31.787896943,T,IBM,I,2,300.67
2025-11-04,9:30:31.829494930,T,IBM,I,2,300.67
2025-11-04,9:30:31.830905304,T,IBM,I,2,300.78
2025-11-04,9:30:31.838519457,T,IBM,I,2,300.66
2025-11-04,9:30:31.937427896,T,IBM,F I,10,300.48
2025-11-04,9:30:31.937427896,T,IBM,F I,30,300.44
2025-11-04,9:30:31.937461019,T,IBM,I,2,300.78
2025-11-04,9:30:31.951050312,T,IBM,,44,300.8
2025-11-04,9:30:32.022675164,T,IBM,I,2,300.69
2025-11-04,9:30:32.034343041,T,IBM,I,30,300.65
2025-11-04,9:30:32.034343041,T,IBM,I,12,300.78
2025-11-04,9:30:32.034345603,T,IBM,I,2,300.79
2025-11-04,9:30:32.136011704,T,IBM,I,2,300.76
2025-11-04,9:30:32.140985532,T,IBM,I,1,300.65
2025-11-04,9:30:32.140985532,T,IBM,I,1,300.73
2025-11-04,9:30:32.142044301,T,IBM,I,5,300.67
2025-11-04,9:30:32.142047718,T,IBM,I,5,300.69
2025-11-04,9:30:32.142047718,T,IBM,I,12,300.72
2025-11-04,9:30:32.142050005,T,IBM,I,22,300.74
2025-11-04,9:30:32.144609105,T,IBM,I,2,300.8
2025-11-04,9:30:32.238603955,T,IBM,I,6,300.27
2025-11-04,9:30:32.255931306,T,IBM,I,5,300.43
2025-11-04,9:30:32.255934784,T,IBM,I,3,300.45
2025-11-04,9:30:39.026414783,T,IBM,I,10,300.09
2025-11-04,9:30:39.026414783,T,IBM,I,25,300.08
2025-11-04,9:30:39.027373960,T,IBM,I,3,300.27
2025-11-04,9:30:46.040147372,T,IBM,I,5,300.45
2025-11-04,9:30:46.040168457,T,IBM,F I,35,300.45
2025-11-04,9:30:46.820496113,T,IBM,,160,300.45
2025-11-04,9:30:48.306955899,T,IBM,F,80,300.29
2025-11-04,9:30:48.308670053,T,IBM,F,72,300.09
2025-11-04,9:30:48.308673090,T,IBM,F I,8,300.09
2025-11-04,9:30:51.470623552,T,IBM,I,5,300.1
2025-11-04,9:30:51.470626203,T,IBM,I,12,300.09
2025-11-04,9:30:51.470628851,T,IBM,I,8,300.09
2025-11-04,9:30:51.470631724,T,IBM,,80,300.09
2025-11-04,9:30:51.470634821,T,IBM,,45,300.09
2025-11-04,9:30:51.470634821,T,IBM,I,3,300.09
2025-11-04,9:30:51.471446748,T,IBM,,40,300.08
2025-11-04,9:30:51.472030147,T,IBM,F,150,300.05
2025-11-04,9:30:51.472102213,T,IBM,F,90,300.05
2025-11-04,9:30:51.472754809,T,IBM,,40,299.87
2025-11-04,9:30:52.294055142,T,IBM,F I,5,299.96
2025-11-04,9:30:55.251403719,T,IBM,F,40,299.92
2025-11-04,9:30:55.251406764,T,IBM,F I,5,299.92
2025-11-04,9:31:00.151289944,T,IBM,,40,299.92
2025-11-04,9:31:00.151368156,T,IBM,F I,1,299.92
2025-11-04,9:31:00.159397224,T,IBM,,40,299.92
2025-11-04,9:31:00.426821023,T,IBM,F,162,299.92
2025-11-04,9:31:00.426836392,T,IBM,I,2,300.25
2025-11-04,9:31:00.426838976,T,IBM,,118,300.25
2025-11-04,9:31:00.426860039,T,IBM,F I,2,300.25
2025-11-04,9:31:00.426863546,T,IBM,F,40,300.25
2025-11-04,9:31:00.426863546,T,IBM,,161,299.92
2025-11-04,9:31:00.426866424,T,IBM,,117,299.92
2025-11-04,9:31:00.426932284,T,IBM,I,9,300.06
2025-11-04,9:31:00.427386298,T,IBM,,62,300.25
2025-11-04,9:31:00.427726134,T,IBM,,40,300.06
2025-11-04,9:31:00.427747721,T,IBM,I,10,300.06
2025-11-04,9:31:00.427771289,T,IBM,F,90,300.06
2025-11-04,9:31:00.427774216,T,IBM,F,100,300.06
2025-11-04,9:31:00.427783248,T,IBM,,190,300.06
2025-11-04,9:31:00.427798268,T,IBM,F,80,300.06
2025-11-04,9:31:00.427801291,T,IBM,I,9,299.92
2025-11-04,9:31:00.427828386,T,IBM,,130,300.06
2025-11-04,9:31:00.427861500,T,IBM,,80,300.21
2025-11-04,9:31:00.429846199,T,IBM,,80,300.07
2025-11-04,9:31:00.429846199,T,IBM,,109,300.06
2025-11-04,9:31:03.919070970,T,IBM,F I,5,300.14
2025-11-04,9:31:03.919113095,T,IBM,F,74,300.14
2025-11-04,9:31:03.919137091,T,IBM,F I,1,300.12
2025-11-04,9:31:03.919910339,T,IBM,F,80,300.07
2025-11-04,9:31:03.919912937,T,IBM,F I,20,300.07
2025-11-04,9:31:03.919912937,T,IBM,F,260,300.06
2025-11-04,9:31:03.919918970,T,IBM,F,100,300.06
2025-11-04,9:31:03.920724898,T,IBM,,40,300.06
2025-11-04,9:31:03.921013548,T,IBM,I,9,300.31
2025-11-04,9:31:03.921031593,T,IBM,I,19,300.06
2025-11-04,9:31:04.360735783,T,IBM,F I,5,299.99
2025-11-04,9:31:04.360738466,T,IBM,F,81,299.88
2025-11-04,9:31:04.513992264,T,IBM,F,75,300.02
2025-11-04,9:31:04.674866327,T,IBM,F I,10,299.85
2025-11-04,9:31:04.674866327,T,IBM,F I,9,299.75
2025-11-04,9:31:04.674869293,T,IBM,F I,10,299.7
2025-11-04,9:31:04.674872331,T,IBM,F I,19,299.65
2025-11-04,9:31:04.675034701,T,IBM,,53,299.65
2025-11-04,9:31:04.675049763,T,IBM,F I,8,299.64
2025-11-04,9:31:04.675052743,T,IBM,F,40,299.64
2025-11-04,9:31:04.675064934,T,IBM,F I,25,299.79
2025-11-04,9:31:04.675064934,T,IBM,F,100,299.88
2025-11-04,9:31:04.675067770,T,IBM,F I,10,299.9
2025-11-04,9:31:05.725583074,T,IBM,F I,30,299.63
2025-11-04,9:31:05.725583074,T,IBM,F,80,299.6
2025-11-04,9:31:05.725585764,T,IBM,F I,10,299.59
2025-11-04,9:31:05.726340576,T,IBM,,80,299.59
2025-11-04,9:31:05.732902219,T,IBM,F,80,299.77
2025-11-04,9:31:06.052809897,T,IBM,,40,299.48
2025-11-04,9:31:06.052836919,T,IBM,F,40,299.52
2025-11-04,9:31:06.296013798,T,IBM,,160,299.48
2025-11-04,9:31:06.555579723,T,IBM,F I,12,299.6
2025-11-04,9:31:07.067569635,T,IBM,F I,5,299.64
2025-11-04,9:31:07.302281672,T,IBM,F I,5,299.5
2025-11-04,9:31:07.302284359,T,IBM,F I,18,299.44
2025-11-04,9:31:07.302287429,T,IBM,F I,7,299.4
2025-11-04,9:31:15.240465964,T,IBM,,60,299.56
2025-11-04,9:31:15.240499227,T,IBM,F I,2,299.56
2025-11-04,9:31:15.240499227,T,IBM,F I,20,299.56
2025-11-04,9:31:15.242008563,T,IBM,I,5,299.56
2025-11-04,9:31:20.623867362,T,IBM,F I,20,299.62
2025-11-04,9:31:20.623867362,T,IBM,F,80,299.62
2025-11-04,9:31:20.623870216,T,IBM,F I,31,299.61
2025-11-04,9:31:20.623891947,T,IBM,F,49,299.61
2025-11-04,9:31:20.623894481,T,IBM,F,120,299.61
2025-11-04,9:31:20.623894481,T,IBM,F I,30,299.61
2025-11-04,9:31:20.623897349,T,IBM,F I,10,299.61
2025-11-04,9:31:20.624117580,T,IBM,I,2,299.56
2025-11-04,9:31:20.624119796,T,IBM,I,1,299.56
2025-11-04,9:31:20.982798818,T,IBM,F,40,299.26
2025-11-04,9:31:20.986858484,T,IBM,F I,3,299.26
2025-11-04,9:31:20.986858484,T,IBM,F I,37,299.26
2025-11-04,9:31:20.989829470,T,IBM,F I,5,299.25
2025-11-04,9:31:20.989829470,T,IBM,F I,35,299.25
2025-11-04,9:31:20.989847582,T,IBM,I,1,299.25
2025-11-04,9:31:20.990187417,T,IBM,I,4,299.25
2025-11-04,9:31:21.020201859,T,IBM,,40,299.175
2025-11-04,9:31:21.020228894,T,IBM,F,40,299.175
2025-11-04,9:31:23.955150104,T,IBM,I,2,299.03
2025-11-04,9:31:23.955174118,T,IBM,F,78,299.025
2025-11-04,9:31:33.452164786,T,IBM,F I,1,298.955
2025-11-04,9:31:33.452209921,T,IBM,I,2,299.15
2025-11-04,9:31:33.452624884,T,IBM,,40,299.15
2025-11-04,9:31:33.452642966,T,IBM,I,1,299.15
2025-11-04,9:31:42.909710522,T,IBM,F I,5,299.05
2025-11-04,9:31:51.500400487,T,IBM,F I,13,299.01
2025-11-04,9:31:51.500683175,T,IBM,F,40,299.0
2025-11-04,9:31:51.500686256,T,IBM,F I,20,299.0
2025-11-04,9:31:51.500686256,T,IBM,F I,10,299.0
2025-11-04,9:31:51.505088939,T,IBM,F,80,298.78
2025-11-04,9:31:51.505088939,T,IBM,F I,5,298.78
2025-11-04,9:31:51.505091651,T,IBM,F,200,298.78
2025-11-04,9:31:51.505109897,T,IBM,I,30,298.84
2025-11-04,9:31:51.520810071,T,IBM,I,1,298.82
2025-11-04,9:31:51.520834337,T,IBM,I,1,298.78
2025-11-04,9:31:51.520834337,T,IBM,I,3,298.78
2025-11-04,9:31:51.521399451,T,IBM,I,38,298.92
2025-11-04,9:31:51.521399451,T,IBM,,42,298.92
2025-11-04,9:31:51.521417558,T,IBM,I,1,298.92
2025-11-04,9:31:51.521441617,T,IBM,F I,29,298.78
2025-11-04,9:31:51.521450816,T,IBM,I,32,298.92
2025-11-04,9:31:51.521450816,T,IBM,I,22,298.92
2025-11-04,9:31:51.521453558,T,IBM,I,28,298.78
2025-11-04,9:31:51.521474687,T,IBM,,78,298.92
2025-11-04,9:31:51.521474687,T,IBM,I,34,298.92
2025-11-04,9:31:51.521525774,T,IBM,I,39,298.68
2025-11-04,9:31:51.521697146,T,IBM,I,19,298.92
2025-11-04,9:31:51.521697146,T,IBM,I,21,298.92
2025-11-04,9:31:51.521961754,T,IBM,F,80,298.78
2025-11-04,9:31:51.522082087,T,IBM,I,8,298.83
2025-11-04,9:31:51.522082087,T,IBM,I,11,298.84
2025-11-04,9:31:51.522352717,T,IBM,F I,17,298.73
2025-11-04,9:31:51.522373794,T,IBM,I,2,298.73
2025-11-04,9:31:51.522599637,T,IBM,I,1,298.61
2025-11-04,9:31:51.522599637,T,IBM,I,11,298.61
2025-11-04,9:31:51.522737669,T,IBM,I,19,298.73
2025-11-04,9:31:51.531160828,T,IBM,F,40,298.87
2025-11-04,9:31:51.531160828,T,IBM,F,40,298.87
2025-11-04,9:31:51.531179207,T,IBM,F I,39,298.87
2025-11-04,9:31:51.531184812,T,IBM,I,16,298.8
2025-11-04,9:31:51.531188385,T,IBM,I,1,298.74
2025-11-04,9:31:51.531188385,T,IBM,F I,27,298.9
2025-11-04,9:31:51.531223882,T,IBM,F I,13,298.9
2025-11-04,9:31:51.531223882,T,IBM,F I,6,298.92
2025-11-04,9:31:51.532691353,T,IBM,,50,298.87
2025-11-04,9:31:51.532694400,T,IBM,I,17,298.87
2025-11-04,9:31:51.532715371,T,IBM,,83,298.87
2025-11-04,9:31:51.532718431,T,IBM,I,17,298.87
2025-11-04,9:31:51.532742519,T,IBM,,83,298.87
2025-11-04,9:31:51.532745499,T,IBM,,40,298.87
2025-11-04,9:31:51.532799640,T,IBM,I,39,298.68
2025-11-04,9:31:51.532817640,T,IBM,I,1,298.68
2025-11-04,9:31:51.533365337,T,IBM,F I,18,298.85
2025-11-04,9:31:51.533368105,T,IBM,F,53,298.85
2025-11-04,9:31:51.533368105,T,IBM,F,197,298.75
2025-11-04,9:31:51.533386009,T,IBM,F I,9,298.85
2025-11-04,9:31:51.533405032,T,IBM,I,38,298.85
2025-11-04,9:31:51.533407093,T,IBM,I,14,298.85
2025-11-04,9:31:51.533644674,T,IBM,I,17,298.68
2025-11-04,9:31:51.533678394,T,IBM,F I,18,298.85
2025-11-04,9:31:51.533864170,T,IBM,F I,17,298.72
2025-11-04,9:31:51.534062610,T,IBM,I,2,298.68
2025-11-04,9:31:51.534062610,T,IBM,I,10,298.64
2025-11-04,9:31:51.535292521,T,IBM,F I,15,298.68
2025-11-04,9:31:51.535400813,T,IBM,I,7,298.68
2025-11-04,9:31:51.548382656,T,IBM,F,40,298.675
2025-11-04,9:31:51.548394773,T,IBM,F I,1,298.53
2025-11-04,9:31:52.456219945,T,IBM,F I,10,298.71
2025-11-04,9:31:56.098013077,T,IBM,F I,2,298.65
2025-11-04,9:31:56.098043071,T,IBM,I,38,298.65
2025-11-04,9:31:56.098311345,T,IBM,F I,1,298.84
2025-11-04,9:31:56.098313982,T,IBM,F I,1,298.84
2025-11-04,9:31:56.098320086,T,IBM,,40,298.84
2025-11-04,9:31:56.098395002,T,IBM,I,5,298.73
2025-11-04,9:31:56.098395002,T,IBM,I,11,298.7
2025-11-04,9:31:56.098494172,T,IBM,I,10,298.77
2025-11-04,9:31:56.098497415,T,IBM,I,25,298.75
2025-11-04,9:31:56.098500222,T,IBM,I,5,298.73
2025-11-04,9:31:56.098518292,T,IBM,F,43,298.73
2025-11-04,9:31:56.098530538,T,IBM,I,2,298.78
2025-11-04,9:31:56.098575540,T,IBM,,40,298.67
2025-11-04,9:31:56.098575540,T,IBM,I,3,298.67
2025-11-04,9:31:56.099047484,T,IBM,F,760,298.65
2025-11-04,9:31:56.100533764,T,IBM,F I,10,298.71
2025-11-04,9:31:56.100533764,T,IBM,F,100,298.73
2025-11-04,9:31:56.100536724,T,IBM,F I,5,298.73
2025-11-04,9:31:56.100536724,T,IBM,F,100,298.76
2025-11-04,9:31:56.100542061,T,IBM,F,75,298.77
2025-11-04,9:31:56.100542061,T,IBM,F I,25,298.81
2025-11-04,9:31:56.100542061,T,IBM,F,45,298.83
2025-11-04,9:31:56.100545071,T,IBM,F,46,298.83
2025-11-04,9:31:56.136468543,T,IBM,,40,298.645
2025-11-04,9:31:56.155726416,T,IBM,,80,298.645
2025-11-04,9:31:58.308831328,T,IBM,I,13,298.66
2025-11-04,9:31:58.308861405,T,IBM,,40,298.66
2025-11-04,9:31:58.308864452,T,IBM,,40,298.66
2025-11-04,9:31:58.308870458,T,IBM,F I,25,298.66
2025-11-04,9:31:58.308879633,T,IBM,I,1,298.66
2025-11-04,9:31:58.308882493,T,IBM,F I,2,298.66
2025-11-04,9:31:58.308900494,T,IBM,F,1455,298.66
2025-11-04,9:31:58.309980081,T,IBM,I,3,298.66
2025-11-04,9:31:58.612178591,T,IBM,,40,298.87
2025-11-04,9:32:00.905065202,T,IBM,,40,299.035
2025-11-04,9:32:06.478867748,T,IBM,I,3,299.045
2025-11-04,9:32:06.481481085,T,IBM,,40,299.045
2025-11-04,9:32:06.482440330,T,IBM,,160,299.095
2025-11-04,9:32:07.840566643,T,IBM,I,10,299.22
2025-11-04,9:32:07.840569771,T,IBM,I,30,299.34
2025-11-04,9:32:07.840569771,T,IBM,,40,299.37
2025-11-04,9:32:07.840774156,T,IBM,,45,299.25
2025-11-04,9:32:07.915772616,T,IBM,F,40,299.14
2025-11-04,9:32:07.915854029,T,IBM,F,100,299.01
2025-11-04,9:32:07.915854029,T,IBM,F,50,299.0
2025-11-04,9:32:07.915868857,T,IBM,F,50,299.0
2025-11-04,9:32:07.915872024,T,IBM,F I,25,298.94
2025-11-04,9:32:07.915872024,T,IBM,F I,5,298.93
2025-11-04,9:32:07.915874853,T,IBM,F I,20,298.93
2025-11-04,9:32:07.915874853,T,IBM,F,46,298.91
2025-11-04,9:32:07.915877892,T,IBM,F I,14,298.91
2025-11-04,9:32:07.915905162,T,IBM,F I,6,298.91
2025-11-04,9:32:07.915905162,T,IBM,F,74,298.9
2025-11-04,9:32:07.915923517,T,IBM,F I,6,298.9
2025-11-04,9:32:07.915932043,T,IBM,I,1,298.9
2025-11-04,9:32:07.916644778,T,IBM,F I,8,298.7
2025-11-04,9:32:07.916648406,T,IBM,F,100,298.7
2025-11-04,9:32:07.916648406,T,IBM,F I,2,298.69
2025-11-04,9:32:07.916650700,T,IBM,F I,8,298.69
2025-11-04,9:32:07.916704928,T,IBM,F I,8,298.7
2025-11-04,9:32:07.916885305,T,IBM,F,100,298.92
2025-11-04,9:32:07.916924457,T,IBM,F I,1,298.92
2025-11-04,9:32:07.916945425,T,IBM,F I,8,298.7
2025-11-04,9:32:07.917252206,T,IBM,I,23,298.92
2025-11-04,9:32:07.917489768,T,IBM,I,5,298.73
2025-11-04,9:32:07.978520057,T,IBM,F,40,298.59
2025-11-04,9:32:10.007516421,T,IBM,F I,24,298.93
2025-11-04,9:32:10.007528530,T,IBM,I,24,298.93
2025-11-04,9:32:10.007561677,T,IBM,I,1,298.94
2025-11-04,9:32:10.007564513,T,IBM,I,23,298.94
2025-11-04,9:32:10.007582577,T,IBM,I,1,298.94
2025-11-04,9:32:10.007687810,T,IBM,I,24,298.94
2025-11-04,9:32:10.007980036,T,IBM,I,10,298.79
2025-11-04,9:32:10.007982579,T,IBM,I,35,298.78
2025-11-04,9:32:10.008514845,T,IBM,I,24,298.88
2025-11-04,9:32:10.008574987,T,IBM,I,15,298.69
2025-11-04,9:32:10.008574987,T,IBM,,40,298.63
2025-11-04,9:32:10.008577924,T,IBM,I,8,298.63
2025-11-04,9:32:10.011958078,T,IBM,I,1,298.79
2025-11-04,9:32:11.968521029,T,IBM,F I,1,298.79
2025-11-04,9:32:11.974950310,T,IBM,I,5,298.79
2025-11-04,9:32:13.980217232,T,IBM,I,5,298.79
2025-11-04,9:32:13.980527011,T,IBM,F I,1,298.79
2025-11-04,9:32:13.986887517,T,IBM,I,2,298.79
2025-11-04,9:32:13.986887517,T,IBM,I,3,298.82
2025-11-04,9:32:13.987079569,T,IBM,F I,2,298.82
2025-11-04,9:32:13.987154748,T,IBM,,255,298.72
2025-11-04,9:32:13.987221234,T,IBM,F I,15,298.74
2025-11-04,9:32:13.987221234,T,IBM,I,15,298.74
2025-11-04,9:32:13.987241955,T,IBM,F I,15,298.72
2025-11-04,9:32:13.987329194,T,IBM,F I,2,298.83
2025-11-04,9:32:13.987395342,T,IBM,,120,298.83
2025-11-04,9:32:13.987413363,T,IBM,I,1,298.82
2025-11-04,9:32:13.987455549,T,IBM,I,5,298.82
2025-11-04,9:32:13.995650031,T,IBM,F I,8,298.57
2025-11-04,9:32:13.995662013,T,IBM,F I,8,298.57
2025-11-04,9:32:13.995854538,T,IBM,F I,8,298.57
2025-11-04,9:32:14.046678532,T,IBM,,40,298.45
2025-11-04,9:32:14.641633250,T,IBM,F,61,298.43
2025-11-04,9:32:14.641635897,T,IBM,I,39,298.43
2025-11-04,9:32:14.641668966,T,IBM,F,1050,298.45
2025-11-04,9:32:14.641729187,T,IBM,F I,39,298.45
2025-11-04,9:32:14.641744130,T,IBM,F I,22,298.45
2025-11-04,9:32:14.642279417,T,IBM,F I,1,298.65
2025-11-04,9:32:14.817232968,T,IBM,F I,15,298.93
2025-11-04,9:32:14.817353272,T,IBM,I,11,298.82
2025-11-04,9:32:14.817353272,T,IBM,I,26,298.82
2025-11-04,9:32:14.817437480,T,IBM,I,15,298.92
2025-11-04,9:32:16.825068051,T,IBM,F,100,298.73
2025-11-04,9:32:16.825070956,T,IBM,F,50,298.74
2025-11-04,9:32:18.423598606,T,IBM,F,100,298.78
2025-11-04,9:32:18.423601642,T,IBM,F,50,298.8
2025-11-04,9:32:18.423622631,T,IBM,F,50,298.8
2025-11-04,9:32:18.423878251,T,IBM,F,49,298.87
2025-11-04,9:32:18.423881339,T,IBM,F I,1,298.87
2025-11-04,9:32:18.424076811,T,IBM,,40,298.94
2025-11-04,9:32:24.412870233,T,IBM,I,3,299.21
2025-11-04,9:32:27.120053265,T,IBM,,40,299.21
2025-11-04,9:32:27.973818887,T,IBM,F,40,299.32
2025-11-04,9:32:28.621158029,T,IBM,F,40,299.56
2025-11-04,9:32:29.999287859,T,IBM,,40,299.54
2025-11-04,9:32:33.279163788,T,IBM,I,25,299.52
2025-11-04,9:32:33.279166251,T,IBM,,100,299.49
2025-11-04,9:32:33.279170005,T,IBM,,50,299.48
2025-11-04,9:32:33.279170005,T,IBM,,100,299.45
2025-11-04,9:32:33.279172376,T,IBM,I,5,299.45
2025-11-04,9:32:33.279175592,T,IBM,I,25,299.44
2025-11-04,9:32:33.279175592,T,IBM,I,5,299.41
2025-11-04,9:32:33.279178684,T,IBM,I,12,299.4
2025-11-04,9:32:33.279178684,T,IBM,,100,299.39
2025-11-04,9:32:33.279181532,T,IBM,I,10,299.39
2025-11-04,9:32:33.279181532,T,IBM,I,8,299.38
2025-11-04,9:32:33.279346721,T,IBM,F I,25,299.31
2025-11-04,9:32:33.279374385,T,IBM,F I,25,299.36
2025-11-04,9:32:33.279545408,T,IBM,F I,15,299.31
2025-11-04,9:32:33.279548299,T,IBM,F I,20,299.29
2025-11-04,9:32:33.279548299,T,IBM,F,100,299.29
2025-11-04,9:32:33.279551194,T,IBM,F I,9,299.28
2025-11-04,9:32:33.279557981,T,IBM,F,191,299.28
2025-11-04,9:32:33.279560249,T,IBM,F I,7,299.28
2025-11-04,9:32:33.279602580,T,IBM,F,100,299.28
2025-11-04,9:32:33.279629370,T,IBM,F I,1,299.29
2025-11-04,9:32:33.279638410,T,IBM,I,2,299.29
2025-11-04,9:32:33.279785864,T,IBM,,100,299.29
2025-11-04,9:32:33.280020356,T,IBM,F,46,299.29
2025-11-04,9:32:33.280026296,T,IBM,F,46,299.29
2025-11-04,9:32:33.280047739,T,IBM,F I,8,299.29
2025-11-04,9:32:33.280050447,T,IBM,F I,38,299.28
2025-11-04,9:32:33.280057199,T,IBM,I,2,299.28
2025-11-04,9:32:33.280249396,T,IBM,I,1,299.28
2025-11-04,9:32:33.291420651,T,IBM,I,30,299.24
2025-11-04,9:32:33.291420651,T,IBM,,100,299.11
2025-11-04,9:32:33.291423457,T,IBM,,100,299.09
2025-11-04,9:32:33.291423457,T,IBM,,100,299.08
2025-11-04,9:32:33.291426461,T,IBM,,80,299.08
2025-11-04,9:32:33.291468676,T,IBM,F I,30,299.12
2025-11-04,9:32:33.291468676,T,IBM,F I,1,299.07
2025-11-04,9:32:33.906255227,T,IBM,F I,5,299.09
2025-11-04,9:32:33.906300342,T,IBM,F,100,299.11
2025-11-04,9:32:36.740692240,T,IBM,F,100,299.2
2025-11-04,9:32:36.740692240,T,IBM,F I,12,299.22
2025-11-04,9:32:44.844189615,T,IBM,I,5,298.99
2025-11-04,9:32:44.844189615,T,IBM,I,12,298.98
2025-11-04,9:32:48.049818682,T,IBM,F I,20,298.88
2025-11-04,9:32:48.049818682,T,IBM,F,100,298.88
2025-11-04,9:32:48.049821527,T,IBM,F I,12,298.87
2025-11-04,9:32:48.049823977,T,IBM,F,40,298.87
2025-11-04,9:32:48.049839047,T,IBM,I,1,298.87
2025-11-04,9:32:48.049866117,T,IBM,F,119,298.87
2025-11-04,9:32:48.053691237,T,IBM,I,12,298.74
2025-11-04,9:32:48.060084393,T,IBM,,40,298.54
2025-11-04,9:32:48.065247751,T,IBM,,80,298.5
2025-11-04,9:32:51.210609804,T,IBM,I,27,298.475
2025-11-04,9:32:52.202389239,T,IBM,I,6,298.46
2025-11-04,9:32:52.202412947,T,IBM,F I,10,298.46
2025-11-04,9:32:52.202419013,T,IBM,F I,10,298.46
2025-11-04,9:32:52.202421987,T,IBM,F I,5,298.37
2025-11-04,9:32:52.202425340,T,IBM,F I,12,298.32
2025-11-04,9:32:52.202425340,T,IBM,F,83,298.24
2025-11-04,9:32:55.354769929,T,IBM,F I,20,298.24
2025-11-04,9:32:55.354772884,T,IBM,F,80,298.23
2025-11-04,9:32:55.354776072,T,IBM,F,40,298.23
2025-11-04,9:32:55.354778973,T,IBM,F I,20,298.23
2025-11-04,9:32:55.354778973,T,IBM,I,20,298.23
2025-11-04,9:32:55.354884161,T,IBM,I,11,298.3
2025-11-04,9:32:55.355215800,T,IBM,F I,12,298.21
2025-11-04,9:32:55.355218758,T,IBM,I,18,298.29
2025-11-04,9:32:55.355290226,T,IBM,F I,1,298.25
2025-11-04,9:32:55.355563787,T,IBM,,40,298.23
2025-11-04,9:32:57.010391415,T,IBM,,40,298.2
2025-11-04,9:32:57.010391415,T,IBM,,66,298.18
2025-11-04,9:32:57.010409481,T,IBM,I,1,298.18
2025-11-04,9:33:01.673325506,T,IBM,F,53,298.18
2025-11-04,9:33:01.673328558,T,IBM,F,40,298.18
2025-11-04,9:33:01.673497003,T,IBM,F I,2,298.13
2025-11-04,9:33:01.673941996,T,IBM,F,40,298.0
2025-11-04,9:33:01.673941996,T,IBM,F I,10,298.0
2025-11-04,9:33:01.674011204,T,IBM,F I,25,298.145
2025-11-04,9:33:01.674056278,T,IBM,,55,298.18
2025-11-04,9:33:01.674062516,T,IBM,,40,298.21
2025-11-04,9:33:01.674065314,T,IBM,I,1,298.24
2025-11-04,9:33:01.674179635,T,IBM,F I,10,298.0
2025-11-04,9:33:01.674354340,T,IBM,,72,298.04
2025-11-04,9:33:01.674357028,T,IBM,F,128,298.04
2025-11-04,9:33:01.674359970,T,IBM,I,1,298.04
2025-11-04,9:33:01.674997578,T,IBM,I,16,298.05
2025-11-04,9:33:01.675033643,T,IBM,I,5,298.08
2025-11-04,9:33:01.675033643,T,IBM,I,35,298.09
2025-11-04,9:33:01.675039614,T,IBM,F I,5,298.09
2025-11-04,9:33:01.675126827,T,IBM,F I,5,298.05
2025-11-04,9:33:01.675217016,T,IBM,F I,1,298.03
2025-11-04,9:33:01.675896688,T,IBM,F I,5,298.08
2025-11-04,9:33:01.675962873,T,IBM,F I,4,298.08
2025-11-04,9:33:01.676004931,T,IBM,I,4,298.08
2025-11-04,9:33:01.676741770,T,IBM,F,45,297.95
2025-11-04,9:33:01.676741770,T,IBM,F I,28,298.02
2025-11-04,9:33:01.676744740,T,IBM,F,47,298.02
2025-11-04,9:33:01.676759661,T,IBM,I,1,298.02
2025-11-04,9:33:01.677307042,T,IBM,F,40,298.03
2025-11-04,9:33:01.677824217,T,IBM,F I,30,298.05
2025-11-04,9:33:01.677827297,T,IBM,F I,10,298.1
2025-11-04,9:33:01.678290383,T,IBM,I,15,298.04
2025-11-04,9:33:01.678780783,T,IBM,F I,15,298.07
2025-11-04,9:33:01.679057246,T,IBM,F I,8,298.08
2025-11-04,9:33:01.679081207,T,IBM,F I,4,298.05
2025-11-04,9:33:01.680082675,T,IBM,I,8,298.12
2025-11-04,9:33:01.680521705,T,IBM,F I,5,298.04
2025-11-04,9:33:01.680542710,T,IBM,I,35,298.04
2025-11-04,9:33:01.680587856,T,IBM,I,12,298.1
2025-11-04,9:33:01.680846408,T,IBM,F I,8,298.15
2025-11-04,9:33:01.680879534,T,IBM,F,80,298.14
2025-11-04,9:33:01.681053977,T,IBM,F I,8,298.14
2025-11-04,9:33:01.681120157,T,IBM,I,11,298.14
2025-11-04,9:33:01.681120157,T,IBM,I,4,298.14
2025-11-04,9:33:01.707934934,T,IBM,F,40,297.93
2025-11-04,9:33:01.714975152,T,IBM,F,40,297.93
2025-11-04,9:33:01.747969246,T,IBM,F I,5,297.91
2025-11-04,9:33:01.747972291,T,IBM,F I,13,297.91
2025-11-04,9:33:01.748029374,T,IBM,,40,297.86
2025-11-04,9:33:01.842815022,T,IBM,I,8,297.87
2025-11-04,9:33:01.940168907,T,IBM,I,11,297.89
2025-11-04,9:33:02.419840747,T,IBM,F I,29,297.89
2025-11-04,9:33:03.986128854,T,IBM,F,80,297.64
2025-11-04,9:33:03.986128854,T,IBM,F I,8,297.63
2025-11-04,9:33:03.986134583,T,IBM,F,120,297.63
2025-11-04,9:33:03.986149567,T,IBM,I,1,297.63
2025-11-04,9:33:03.986152564,T,IBM,,79,297.63
2025-11-04,9:33:03.986931519,T,IBM,,120,297.61
2025-11-04,9:33:04.004204626,T,IBM,F I,1,297.69
2025-11-04,9:33:04.017649594,T,IBM,F I,5,297.77
2025-11-04,9:33:04.017653482,T,IBM,F I,12,297.78
2025-11-04,9:33:04.017655616,T,IBM,F,43,297.81
2025-11-04,9:33:04.017683284,T,IBM,F I,29,297.81
2025-11-04,9:33:04.017685792,T,IBM,F,40,297.82
2025-11-04,9:33:04.017688820,T,IBM,F,40,297.82
2025-11-04,9:33:04.017692228,T,IBM,F,40,297.82
2025-11-04,9:33:04.017692228,T,IBM,F I,11,297.82
2025-11-04,9:33:04.017709976,T,IBM,F I,29,297.82
2025-11-04,9:33:04.022004207,T,IBM,I,5,297.77
2025-11-04,9:33:04.022004207,T,IBM,I,25,297.76
2025-11-04,9:33:04.022006921,T,IBM,I,11,297.72
2025-11-04,9:33:05.984076167,T,IBM,I,25,297.79
2025-11-04,9:33:06.017741322,T,IBM,F,40,298.06
2025-11-04,9:33:06.034136806,T,IBM,,45,298.14
2025-11-04,9:33:06.034139423,T,IBM,I,1,298.14
2025-11-04,9:33:06.034653813,T,IBM,F,42,298.15
2025-11-04,9:33:06.034653813,T,IBM,F,40,298.15
2025-11-04,9:33:06.034653813,T,IBM,F,40,298.15
2025-11-04,9:33:06.034662569,T,IBM,F,90,298.15
2025-11-04,9:33:06.034674592,T,IBM,I,1,298.15
2025-11-04,9:33:06.034677947,T,IBM,I,4,298.15
2025-11-04,9:33:06.034689860,T,IBM,I,5,298.15
2025-11-04,9:33:06.034693244,T,IBM,I,5,298.15
2025-11-04,9:33:06.034695763,T,IBM,,100,298.14
2025-11-04,9:33:06.034698786,T,IBM,I,10,298.15
2025-11-04,9:33:06.034701667,T,IBM,F I,5,298.15
2025-11-04,9:33:06.034743816,T,IBM,F I,3,298.15
2025-11-04,9:33:06.034767806,T,IBM,F I,3,298.14
2025-11-04,9:33:06.034798411,T,IBM,I,37,298.14
2025-11-04,9:33:06.034915206,T,IBM,I,20,298.05
2025-11-04,9:33:06.035441374,T,IBM,F,63,298.15
2025-11-04,9:33:10.532834405,T,IBM,F I,25,298.1
2025-11-04,9:33:15.787225559,T,IBM,F I,20,297.99
2025-11-04,9:33:21.214395885,T,IBM,,50,297.88
2025-11-04,9:33:21.214395885,T,IBM,,50,297.85
2025-11-04,9:33:21.214416927,T,IBM,F,120,297.84
2025-11-04,9:33:21.214504290,T,IBM,F,40,297.79
2025-11-04,9:33:21.215403315,T,IBM,F I,25,297.62
2025-11-04,9:33:21.258940990,T,IBM,I,20,297.26
2025-11-04,9:33:21.258940990,T,IBM,,100,297.25
2025-11-04,9:33:21.258958971,T,IBM,I,1,297.25
2025-11-04,9:33:21.258965029,T,IBM,F I,19,297.25
2025-11-04,9:33:21.264582361,T,IBM,F I,6,297.28
2025-11-04,9:33:21.265235672,T,IBM,I,3,297.28
2025-11-04,9:33:21.271225342,T,IBM,I,8,297.28
2025-11-04,9:33:21.271225342,T,IBM,I,25,297.3
2025-11-04,9:33:21.271306447,T,IBM,I,8,297.28
2025-11-04,9:33:21.272840050,T,IBM,I,11,297.22
2025-11-04,9:33:21.272897207,T,IBM,F I,11,297.28
2025-11-04,9:33:21.272900221,T,IBM,F I,12,297.28
2025-11-04,9:33:21.282216587,T,IBM,F,40,297.35
2025-11-04,9:33:21.282216587,T,IBM,F I,2,297.36
2025-11-04,9:33:21.282219358,T,IBM,F,40,297.36
2025-11-04,9:33:21.282222361,T,IBM,F I,2,297.36
2025-11-04,9:33:21.282231399,T,IBM,I,10,297.36
2025-11-04,9:33:21.295402760,T,IBM,,40,297.18
2025-11-04,9:33:21.314534507,T,IBM,F,50,297.41
2025-11-04,9:33:21.314534507,T,IBM,F I,5,297.41
2025-11-04,9:33:21.314537315,T,IBM,F I,5,297.45
2025-11-04,9:33:21.314606456,T,IBM,F I,25,297.46
2025-11-04,9:33:21.314606456,T,IBM,F,40,297.48
2025-11-04,9:33:23.028121966,T,IBM,F I,25,297.54
2025-11-04,9:33:30.199763445,T,IBM,F I,10,297.48
2025-11-04,9:33:30.202689911,T,IBM,F I,20,297.34
2025-11-04,9:33:30.202692483,T,IBM,F,80,297.33
2025-11-04,9:33:30.202692483,T,IBM,F I,20,297.33
2025-11-04,9:33:30.202708172,T,IBM,I,1,297.33
2025-11-04,9:33:30.202710487,T,IBM,I,19,297.33
2025-11-04,9:33:30.207609103,T,IBM,F I,4,297.295
2025-11-04,9:33:30.207645533,T,IBM,F I,4,297.295
2025-11-04,9:33:30.207678339,T,IBM,F I,32,297.3
2025-11-04,9:33:30.207681290,T,IBM,I,4,297.23
2025-11-04,9:33:30.208580440,T,IBM,F I,8,297.13
2025-11-04,9:33:30.208845097,T,IBM,,240,297.11
2025-11-04,9:33:31.512385316,T,IBM,F,75,297.27
2025-11-04,9:33:32.955870716,T,IBM,I,19,297.21
2025-11-04,9:33:32.955870716,T,IBM,I,10,297.2
2025-11-04,9:33:32.955872796,T,IBM,,100,297.12
2025-11-04,9:33:32.955875853,T,IBM,I,12,297.12
2025-11-04,9:33:32.956417632,T,IBM,F I,20,297.06
2025-11-04,9:33:32.956420506,T,IBM,F,40,297.05
2025-11-04,9:33:32.956423279,T,IBM,F I,8,297.05
2025-11-04,9:33:32.956426108,T,IBM,F,60,297.05
2025-11-04,9:33:32.956441183,T,IBM,I,20,297.05
2025-11-04,9:33:32.956444341,T,IBM,I,4,297.05
2025-11-04,9:33:32.956444341,T,IBM,I,1,297.05
2025-11-04,9:33:32.956453192,T,IBM,F I,25,297.05
2025-11-04,9:33:32.956490204,T,IBM,F I,10,297.05
2025-11-04,9:33:32.956493105,T,IBM,F,40,297.05
2025-11-04,9:33:32.956498289,T,IBM,I,6,297.05
2025-11-04,9:33:32.956543434,T,IBM,F I,1,297.02
2025-11-04,9:33:32.956696732,T,IBM,I,10,297.0
2025-11-04,9:33:32.979445981,T,IBM,I,21,296.77
2025-11-04,9:33:32.979725635,T,IBM,F I,2,296.72
2025-11-04,9:33:32.979725635,T,IBM,F I,1,296.78
2025-11-04,9:33:32.979735217,T,IBM,I,2,296.78
2025-11-04,9:33:32.979740999,T,IBM,I,26,296.79
2025-11-04,9:33:32.979749813,T,IBM,I,2,296.79
2025-11-04,9:33:32.992036847,T,IBM,I,1,296.74
2025-11-04,9:33:32.992115234,T,IBM,I,1,296.73
2025-11-04,9:33:32.996695007,T,IBM,I,1,296.7
2025-11-04,9:33:32.996758650,T,IBM,I,13,296.7
2025-11-04,9:33:32.996761203,T,IBM,I,1,296.68
2025-11-04,9:33:33.006092371,T,IBM,I,10,296.66
2025-11-04,9:33:33.023097881,T,IBM,I,25,296.735
2025-11-04,9:33:33.023122118,T,IBM,F I,25,296.77
2025-11-04,9:33:33.023124962,T,IBM,F,100,296.78
2025-11-04,9:33:33.036284295,T,IBM,F I,12,296.76
2025-11-04,9:33:33.087799878,T,IBM,F,40,296.84
2025-11-04,9:33:33.087818492,T,IBM,I,10,296.84
2025-11-04,9:33:33.087820904,T,IBM,I,30,296.86
2025-11-04,9:33:33.088026000,T,IBM,F,41,296.86
2025-11-04,9:33:33.088026000,T,IBM,F I,29,296.86
2025-11-04,9:33:33.088031459,T,IBM,F,40,296.87
2025-11-04,9:33:33.088031459,T,IBM,F I,11,296.87
2025-11-04,9:33:33.088034447,T,IBM,F I,29,296.87
2025-11-04,9:33:33.137634528,T,IBM,,40,296.74
2025-11-04,9:33:33.184119668,T,IBM,F I,1,296.73
2025-11-04,9:33:33.184119668,T,IBM,F I,1,296.68
2025-11-04,9:33:33.184122193,T,IBM,F I,20,296.61
2025-11-04,9:33:33.184125222,T,IBM,F,98,296.6
2025-11-04,9:33:34.018233022,T,IBM,F I,25,296.71
2025-11-04,9:33:34.018236030,T,IBM,F I,10,296.73
2025-11-04,9:33:34.018239062,T,IBM,F,75,296.76
2025-11-04,9:33:34.018305297,T,IBM,F I,2,296.8
2025-11-04,9:33:34.018308453,T,IBM,F,67,296.8
2025-11-04,9:33:34.018311238,T,IBM,F,40,296.8
2025-11-04,9:33:34.018359330,T,IBM,,100,296.8
2025-11-04,9:33:34.859485772,T,IBM,F I,1,296.84
2025-11-04,9:33:34.859485772,T,IBM,F I,25,296.84
2025-11-04,9:33:34.859548873,T,IBM,F I,22,296.84
2025-11-04,9:33:34.859560900,T,IBM,I,31,296.84
2025-11-04,9:33:34.859569903,T,IBM,F,47,296.84
2025-11-04,9:33:35.975204877,T,IBM,I,16,296.85
2025-11-04,9:33:35.975487597,T,IBM,F I,16,296.84
2025-11-04,9:33:37.274911271,T,IBM,,59,296.71
2025-11-04,9:33:39.815154699,T,IBM,,80,296.72
2025-11-04,9:33:40.395458346,T,IBM,F,75,296.79
2025-11-04,9:33:40.395876842,T,IBM,F I,25,296.9
2025-11-04,9:33:40.395876842,T,IBM,F,100,296.96
2025-11-04,9:33:40.395879316,T,IBM,F,100,296.98
2025-11-04,9:33:40.395883298,T,IBM,F I,7,296.99
2025-11-04,9:33:40.395883298,T,IBM,F,40,296.99
2025-11-04,9:33:40.395885891,T,IBM,F,55,296.99
2025-11-04,9:33:40.395888750,T,IBM,F I,1,296.99
2025-11-04,9:33:40.395906411,T,IBM,I,1,296.99
2025-11-04,9:33:40.395909363,T,IBM,F,124,296.99
2025-11-04,9:33:40.395915377,T,IBM,F,99,296.99
2025-11-04,9:33:40.577719397,T,IBM,,75,297.03
2025-11-04,9:33:40.577722226,T,IBM,I,10,296.91
2025-11-04,9:33:40.577725952,T,IBM,I,25,296.9
2025-11-04,9:33:40.577725952,T,IBM,,72,296.84
2025-11-04,9:33:40.577728333,T,IBM,,98,296.84
2025-11-04,9:33:40.597010222,T,IBM,I,8,296.76
2025-11-04,9:33:40.597010222,T,IBM,,40,296.76
2025-11-04,9:33:40.597013208,T,IBM,I,1,296.76
2025-11-04,9:33:40.597097352,T,IBM,,214,296.76
2025-11-04,9:33:40.620917105,T,IBM,,100,296.56
2025-11-04,9:33:40.620938119,T,IBM,F,100,296.63
2025-11-04,9:33:41.230158467,T,IBM,F I,10,296.61
2025-11-04,9:33:41.230161422,T,IBM,F,75,296.69
2025-11-04,9:33:41.230164460,T,IBM,F I,25,296.71
2025-11-04,9:33:42.275227323,T,IBM,,40,296.76
2025-11-04,9:33:42.294172441,T,IBM,I,35,296.76
2025-11-04,9:33:42.294572427,T,IBM,,160,296.8
2025-11-04,9:33:42.294936278,T,IBM,,160,296.8
2025-11-04,9:33:43.608758023,T,IBM,F I,25,296.785
2025-11-04,9:33:43.608782136,T,IBM,I,15,296.785
2025-11-04,9:33:46.406871519,T,IBM,I,1,296.615
2025-11-04,9:33:47.924714068,T,IBM,F I,9,296.63
2025-11-04,9:33:47.924732133,T,IBM,F I,15,296.63
2025-11-04,9:33:47.924753091,T,IBM,F,58,296.63
2025-11-04,9:33:47.924756133,T,IBM,F,320,296.63
2025-11-04,9:33:50.709421917,T,IBM,F I,30,296.79
2025-11-04,9:33:50.709421917,T,IBM,F I,2,296.82
2025-11-04,9:33:50.709427539,T,IBM,F I,10,296.82
2025-11-04,9:33:50.709442920,T,IBM,I,30,296.82
2025-11-04,9:33:50.709512467,T,IBM,F I,14,296.75
2025-11-04,9:33:50.709517903,T,IBM,F I,16,296.68
2025-11-04,9:33:50.709521631,T,IBM,F,40,296.68
2025-11-04,9:33:50.709521631,T,IBM,F,61,296.68
2025-11-04,9:33:50.709530273,T,IBM,F I,1,296.68
2025-11-04,9:33:50.709574917,T,IBM,F I,25,296.68
2025-11-04,9:33:50.709590277,T,IBM,F,42,296.68
2025-11-04,9:33:50.709592998,T,IBM,I,1,296.68
2025-11-04,9:33:50.709602361,T,IBM,I,12,296.68
2025-11-04,9:33:50.709629174,T,IBM,F I,13,296.68
2025-11-04,9:33:50.709635075,T,IBM,F,1587,296.68
2025-11-04,9:33:50.709635075,T,IBM,F I,13,296.68
2025-11-04,9:33:50.709680205,T,IBM,F,41,296.55
2025-11-04,9:33:50.709680205,T,IBM,F,80,296.55
2025-11-04,9:33:50.709683177,T,IBM,F,370,296.54
2025-11-04,9:33:50.709686238,T,IBM,F I,11,296.54
2025-11-04,9:33:50.709734551,T,IBM,F,99,296.54
2025-11-04,9:33:50.709740360,T,IBM,,247,296.68
2025-11-04,9:33:50.709743616,T,IBM,I,16,296.68
2025-11-04,9:33:50.709743616,T,IBM,I,6,296.68
2025-11-04,9:33:50.709746919,T,IBM,I,7,296.68
2025-11-04,9:33:50.709746919,T,IBM,I,15,296.68
2025-11-04,9:33:50.709749382,T,IBM,I,7,296.68
2025-11-04,9:33:50.709770392,T,IBM,F I,35,296.68
2025-11-04,9:33:50.709776441,T,IBM,F I,8,296.68
2025-11-04,9:33:50.709779947,T,IBM,F I,37,296.71
2025-11-04,9:33:50.710128318,T,IBM,,80,296.64
2025-11-04,9:33:50.710290989,T,IBM,,90,296.5
2025-11-04,9:33:50.710293703,T,IBM,,100,296.5
2025-11-04,9:33:50.710750727,T,IBM,,80,296.38
2025-11-04,9:33:50.710774871,T,IBM,,40,296.5
2025-11-04,9:33:50.710774871,T,IBM,I,1,296.5
2025-11-04,9:33:50.710789793,T,IBM,F I,29,296.5
2025-11-04,9:33:50.711373204,T,IBM,F I,1,296.36
2025-11-04,9:33:50.711397299,T,IBM,I,23,296.36
2025-11-04,9:33:50.711424315,T,IBM,,165,296.32
2025-11-04,9:33:50.711460447,T,IBM,I,35,296.32
2025-11-04,9:33:50.711511568,T,IBM,F I,4,296.32
2025-11-04,9:33:50.713177564,T,IBM,I,19,296.31
2025-11-04,9:33:50.713186531,T,IBM,I,26,296.31
2025-11-04,9:33:50.713189494,T,IBM,,174,296.32
2025-11-04,9:33:50.713900096,T,IBM,,45,296.25
2025-11-04,9:33:50.713900096,T,IBM,I,5,296.28
2025-11-04,9:33:50.713900096,T,IBM,I,5,296.29
2025-11-04,9:33:50.713905231,T,IBM,,235,296.29
2025-11-04,9:33:50.713920342,T,IBM,F,52,296.29
2025-11-04,9:33:50.714557802,T,IBM,I,8,296.33
2025-11-04,9:33:50.714563826,T,IBM,F I,1,296.32
2025-11-04,9:33:50.714566775,T,IBM,,62,296.32
2025-11-04,9:33:50.714569815,T,IBM,I,1,296.32
2025-11-04,9:33:50.714584824,T,IBM,I,8,296.33
2025-11-04,9:33:50.724199155,T,IBM,I,5,296.44
2025-11-04,9:33:50.724202879,T,IBM,,45,296.45
2025-11-04,9:33:50.724202879,T,IBM,I,12,296.5
2025-11-04,9:33:50.724204844,T,IBM,,100,296.5
2025-11-04,9:33:50.724208104,T,IBM,I,8,296.51
2025-11-04,9:33:50.724208104,T,IBM,,100,296.55
2025-11-04,9:33:50.724213855,T,IBM,I,5,296.65
2025-11-04,9:33:50.724213855,T,IBM,,100,296.67
2025-11-04,9:33:50.724213855,T,IBM,,65,296.68
2025-11-04,9:33:50.724213855,T,IBM,I,8,296.68
2025-11-04,9:33:50.724216765,T,IBM,,67,296.68
2025-11-04,9:33:50.760116927,T,IBM,,45,296.46
2025-11-04,9:33:50.760116927,T,IBM,I,12,296.47
2025-11-04,9:33:50.760122248,T,IBM,,81,296.47
2025-11-04,9:33:50.760122248,T,IBM,I,20,296.47
2025-11-04,9:33:50.760125237,T,IBM,I,20,296.47
2025-11-04,9:33:50.760128296,T,IBM,I,12,296.47
2025-11-04,9:33:50.760131664,T,IBM,I,12,296.47
2025-11-04,9:33:50.760131664,T,IBM,I,5,296.47
2025-11-04,9:33:50.760137372,T,IBM,,83,296.47
2025-11-04,9:33:50.760137372,T,IBM,I,28,296.47
2025-11-04,9:33:50.760137372,T,IBM,I,32,296.47
2025-11-04,9:33:50.760140325,T,IBM,I,5,296.47
2025-11-04,9:33:50.760140325,T,IBM,I,3,296.47
2025-11-04,9:33:51.900136329,T,IBM,,40,296.54
2025-11-04,9:33:51.900187481,T,IBM,,40,296.54
2025-11-04,9:33:58.793627630,T,IBM,F I,2,296.45
2025-11-04,9:34:02.670150458,T,IBM,I,5,296.34
2025-11-04,9:34:02.670153432,T,IBM,I,24,296.32
2025-11-04,9:34:04.284679127,T,IBM,F I,15,296.32
2025-11-04,9:34:04.284679127,T,IBM,F,47,296.27
2025-11-04,9:34:04.284727453,T,IBM,,53,296.27
2025-11-04,9:34:04.284727453,T,IBM,I,20,296.24
2025-11-04,9:34:04.284730221,T,IBM,I,27,296.23
2025-11-04,9:34:04.284733213,T,IBM,F,93,296.23
2025-11-04,9:34:04.284733213,T,IBM,F I,2,296.23
2025-11-04,9:34:04.284982990,T,IBM,I,1,296.24
2025-11-04,9:34:04.285006984,T,IBM,,99,296.24
2025-11-04,9:34:04.325305930,T,IBM,,80,296.25
2025-11-04,9:34:04.325308946,T,IBM,,100,296.25
2025-11-04,9:34:04.325308946,T,IBM,,160,296.24
2025-11-04,9:34:04.327188317,T,IBM,,100,296.24
2025-11-04,9:34:06.386743577,T,IBM,F I,25,296.35
2025-11-04,9:34:06.386743577,T,IBM,F I,5,296.35
2025-11-04,9:34:06.386821783,T,IBM,F,100,296.38
2025-11-04,9:34:06.386821783,T,IBM,F I,20,296.39
2025-11-04,9:34:06.386842670,T,IBM,I,1,296.39
2025-11-04,9:34:06.386866714,T,IBM,,99,296.39
2025-11-04,9:34:09.315051882,T,IBM,,74,296.48
2025-11-04,9:34:14.763555070,T,IBM,F I,5,296.64
2025-11-04,9:34:14.763558724,T,IBM,F,400,296.66
2025-11-04,9:34:14.763558724,T,IBM,F,90,296.66
2025-11-04,9:34:14.763561102,T,IBM,F I,5,296.66
2025-11-04,9:34:15.006590677,T,IBM,I,8,296.68
2025-11-04,9:34:15.006903374,T,IBM,I,8,296.61
2025-11-04,9:34:15.349987127,T,IBM,F,120,296.44
2025-11-04,9:34:15.479529622,T,IBM,I,5,296.39
2025-11-04,9:34:15.479529622,T,IBM,I,30,296.4
2025-11-04,9:34:15.479536190,T,IBM,,45,296.43
2025-11-04,9:34:15.479536190,T,IBM,,100,296.44
2025-11-04,9:34:15.479538794,T,IBM,,100,296.44
2025-11-04,9:34:15.479538794,T,IBM,,100,296.44
2025-11-04,9:34:15.479541962,T,IBM,,100,296.44
2025-11-04,9:34:15.479541962,T,IBM,,800,296.44
2025-11-04,9:34:15.479553629,T,IBM,F,100,296.44
2025-11-04,9:34:15.479815291,T,IBM,F I,1,296.45
2025-11-04,9:34:17.241526318,T,IBM,F I,10,296.48
2025-11-04,9:34:19.225890544,T,IBM,F I,10,296.5
2025-11-04,9:34:19.225908589,T,IBM,I,20,296.5
2025-11-04,9:34:19.859384724,T,IBM,F I,10,296.41
2025-11-04,9:34:20.981668542,T,IBM,F,200,296.46
2025-11-04,9:34:24.796905454,T,IBM,F,45,296.515
2025-11-04,9:34:24.796908415,T,IBM,F,55,296.515
2025-11-04,9:34:24.796932486,T,IBM,,45,296.515
2025-11-04,9:34:24.910564188,T,IBM,,45,296.53
2025-11-04,9:34:24.910564188,T,IBM,,52,296.53
2025-11-04,9:34:26.184180075,T,IBM,I,4,296.36
2025-11-04,9:34:27.289125161,T,IBM,F,40,296.31
2025-11-04,9:34:27.289125161,T,IBM,F,40,296.31
2025-11-04,9:34:27.289128800,T,IBM,F,57,296.31
2025-11-04,9:34:27.289142613,T,IBM,I,1,296.31
2025-11-04,9:34:27.289226822,T,IBM,I,30,296.31
2025-11-04,9:34:29.656405467,T,IBM,F,400,296.5
2025-11-04,9:34:29.656436212,T,IBM,I,10,296.61
2025-11-04,9:34:29.656436212,T,IBM,,200,296.62
2025-11-04,9:34:29.656438490,T,IBM,,190,296.62
2025-11-04,9:34:29.656456485,T,IBM,I,10,296.62
2025-11-04,9:34:29.656904626,T,IBM,F I,28,296.51
2025-11-04,9:34:29.656928673,T,IBM,F,40,296.51
2025-11-04,9:34:29.656959527,T,IBM,I,12,296.62
2025-11-04,9:34:29.656959527,T,IBM,,45,296.62
2025-11-04,9:34:29.656962271,T,IBM,F I,20,296.56
2025-11-04,9:34:29.656965415,T,IBM,F I,26,296.5
2025-11-04,9:34:29.660410881,T,IBM,F,80,296.38
2025-11-04,9:34:29.660570291,T,IBM,F,80,296.31
2025-11-04,9:34:29.660591438,T,IBM,F,144,296.31
2025-11-04,9:34:29.660597403,T,IBM,F,369,296.31
2025-11-04,9:34:29.660600406,T,IBM,F,100,296.31
2025-11-04,9:34:29.660615427,T,IBM,F,46,296.31
2025-11-04,9:34:29.660669561,T,IBM,F I,10,296.31
2025-11-04,9:34:29.660720633,T,IBM,I,20,296.31
2025-11-04,9:34:29.660747782,T,IBM,F,120,296.31
2025-11-04,9:34:29.660771803,T,IBM,,611,296.31
2025-11-04,9:34:29.660955243,T,IBM,F,100,296.31
2025-11-04,9:34:29.660955243,T,IBM,F,1400,296.31
2025-11-04,9:34:29.669522645,T,IBM,,40,296.22
2025-11-04,9:34:30.929582377,T,IBM,F,120,296.13
2025-11-04,9:34:30.929672595,T,IBM,,160,296.13
2025-11-04,9:34:30.930141750,T,IBM,F,80,296.14
2025-11-04,9:34:30.930905557,T,IBM,F,40,296.14
2025-11-04,9:34:30.932078382,T,IBM,,80,296.13
2025-11-04,9:34:30.935978680,T,IBM,F I,2,296.17
2025-11-04,9:34:30.936844750,T,IBM,I,10,296.17
2025-11-04,9:34:30.936889815,T,IBM,F I,11,296.17
2025-11-04,9:34:30.937413042,T,IBM,F I,1,296.11
2025-11-04,9:34:30.937467185,T,IBM,F I,1,296.17
2025-11-04,9:34:30.942598031,T,IBM,F I,3,296.12
2025-11-04,9:34:30.942657588,T,IBM,F I,3,296.12
2025-11-04,9:34:30.942657588,T,IBM,F I,3,296.12
2025-11-04,9:34:30.967162904,T,IBM,F I,2,296.03
2025-11-04,9:34:31.121108394,T,IBM,,98,296.03
2025-11-04,9:34:31.121108394,T,IBM,,80,296.01
2025-11-04,9:34:31.121111354,T,IBM,,104,296.0
2025-11-04,9:34:31.121126447,T,IBM,I,1,296.0
2025-11-04,9:34:31.121147458,T,IBM,,255,296.0
2025-11-04,9:34:40.770393345,T,IBM,F,80,296.26
2025-11-04,9:34:40.770615884,T,IBM,F,80,296.37
2025-11-04,9:34:40.770630929,T,IBM,F I,2,296.37
2025-11-04,9:34:40.770673143,T,IBM,F I,18,296.37
2025-11-04,9:34:40.770677118,T,IBM,F,40,296.38
2025-11-04,9:34:40.770677118,T,IBM,F I,22,296.38
2025-11-04,9:34:40.770681995,T,IBM,F I,18,296.38
2025-11-04,9:34:40.770736170,T,IBM,F,55,296.38
2025-11-04,9:34:40.770739459,T,IBM,I,30,296.32
2025-11-04,9:34:40.770760219,T,IBM,F I,2,296.38
2025-11-04,9:34:40.770803031,T,IBM,,98,296.38
2025-11-04,9:34:40.770803031,T,IBM,,102,296.38
2025-11-04,9:34:40.770808345,T,IBM,,218,296.38
2025-11-04,9:34:40.770808345,T,IBM,,160,296.38
2025-11-04,9:34:40.770832344,T,IBM,I,10,296.33
2025-11-04,9:34:40.770832344,T,IBM,I,15,296.31
2025-11-04,9:34:40.770859780,T,IBM,F I,2,296.43
2025-11-04,9:34:40.770910544,T,IBM,I,10,296.43
2025-11-04,9:34:40.770964698,T,IBM,I,4,296.36
2025-11-04,9:34:40.771244373,T,IBM,F I,10,296.35
2025-11-04,9:34:40.771247370,T,IBM,F I,30,296.38
2025-11-04,9:34:40.771367700,T,IBM,I,1,296.29
2025-11-04,9:34:40.771370718,T,IBM,,120,296.29
2025-11-04,9:34:40.771412821,T,IBM,,100,296.29
2025-11-04,9:34:40.771457877,T,IBM,I,7,296.3
2025-11-04,9:34:40.771536015,T,IBM,F,57,296.3
2025-11-04,9:34:40.771665346,T,IBM,F,43,296.3
2025-11-04,9:34:40.771683377,T,IBM,,43,296.3
2025-11-04,9:34:42.294433562,T,IBM,I,25,296.11
2025-11-04,9:34:42.294436668,T,IBM,I,8,296.155
2025-11-04,9:34:42.946599763,T,IBM,F,280,296.12
2025-11-04,9:34:42.946599763,T,IBM,F I,25,296.16
2025-11-04,9:34:42.946605274,T,IBM,F I,25,296.2
2025-11-04,9:34:42.946605274,T,IBM,F,100,296.21
2025-11-04,9:34:42.946605274,T,IBM,F I,27,296.22
2025-11-04,9:34:42.946620441,T,IBM,I,1,296.22
2025-11-04,9:34:42.946623328,T,IBM,,429,296.22
2025-11-04,9:34:42.946776649,T,IBM,,100,296.22
2025-11-04,9:34:42.947615685,T,IBM,I,27,296.26
2025-11-04,9:34:42.947666738,T,IBM,F,100,296.26
2025-11-04,9:34:43.146924083,T,IBM,,200,296.23
2025-11-04,9:34:44.535858819,T,IBM,I,9,296.36
2025-11-04,9:34:44.542573738,T,IBM,,170,296.23
2025-11-04,9:34:48.422561474,T,IBM,,200,296.525
2025-11-04,9:34:48.422561474,T,IBM,,45,296.525
2025-11-04,9:34:48.422564783,T,IBM,I,10,296.55
2025-11-04,9:34:48.422564783,T,IBM,I,25,296.55
2025-11-04,9:34:48.422566860,T,IBM,,50,296.56
2025-11-04,9:34:48.422569822,T,IBM,,70,296.56
2025-11-04,9:34:50.567270417,T,IBM,I,15,296.525
2025-11-04,9:34:50.567293933,T,IBM,I,25,296.61
2025-11-04,9:34:50.567296911,T,IBM,,50,296.62
2025-11-04,9:34:50.567296911,T,IBM,,100,296.64
2025-11-04,9:34:50.567336084,T,IBM,I,25,296.65
2025-11-04,9:34:50.567338977,T,IBM,I,5,296.69
2025-11-04,9:34:50.567342012,T,IBM,I,10,296.7
2025-11-04,9:34:50.567342012,T,IBM,I,30,296.7
2025-11-04,9:34:50.567345239,T,IBM,I,5,296.7
2025-11-04,9:34:50.567348322,T,IBM,I,10,296.7
2025-11-04,9:34:50.567348322,T,IBM,I,5,296.73
2025-11-04,9:34:50.567351010,T,IBM,,72,296.74
2025-11-04,9:34:50.567354175,T,IBM,,45,296.74
2025-11-04,9:34:50.567354175,T,IBM,I,31,296.74
2025-11-04,9:34:50.952841804,T,IBM,I,2,296.525
2025-11-04,9:34:52.052334302,T,IBM,,40,296.525
2025-11-04,9:34:52.253859126,T,IBM,,40,296.525
2025-11-04,9:34:52.865040150,T,IBM,I,25,296.53
2025-11-04,9:34:54.006599804,T,IBM,I,7,296.5
2025-11-04,9:34:54.008214685,T,IBM,I,14,296.31
2025-11-04,9:34:54.008473689,T,IBM,F,40,296.3
2025-11-04,9:34:54.008476319,T,IBM,F,80,296.3
2025-11-04,9:34:54.008602610,T,IBM,F I,4,296.3
2025-11-04,9:34:54.008623647,T,IBM,F,96,296.3
2025-11-04,9:34:54.008626679,T,IBM,F,360,296.3
2025-11-04,9:34:57.963994471,T,IBM,F I,1,296.16
2025-11-04,9:34:57.963997207,T,IBM,F I,2,296.14
2025-11-04,9:34:58.287895277,T,IBM,I,12,296.35
2025-11-04,9:34:58.287898606,T,IBM,,45,296.41
2025-11-04,9:34:58.287904652,T,IBM,,100,296.41
2025-11-04,9:34:58.287904652,T,IBM,I,25,296.415
2025-11-04,9:34:58.287904652,T,IBM,I,5,296.44
2025-11-04,9:34:58.287907453,T,IBM,I,30,296.45
2025-11-04,9:34:58.287910432,T,IBM,,100,296.45
2025-11-04,9:34:58.287910432,T,IBM,I,3,296.49
2025-11-04,9:34:58.287985534,T,IBM,F,45,296.4
2025-11-04,9:34:58.287988548,T,IBM,F I,5,296.4
2025-11-04,9:34:58.287988548,T,IBM,F,95,296.4
2025-11-04,9:34:58.288021629,T,IBM,I,5,296.42
2025-11-04,9:34:58.290394328,T,IBM,,50,296.26
2025-11-04,9:34:58.290397539,T,IBM,,40,296.41
2025-11-04,9:34:58.290400892,T,IBM,,100,296.41
2025-11-04,9:34:58.290400892,T,IBM,,100,296.42
2025-11-04,9:34:58.290403348,T,IBM,I,10,296.43
2025-11-04,9:34:58.290403348,T,IBM,I,10,296.45
2025-11-04,9:35:06.947146182,T,IBM,F I,10,296.35
2025-11-04,9:35:06.947146182,T,IBM,F I,20,296.33
2025-11-04,9:35:06.947148394,T,IBM,F,40,296.32
2025-11-04,9:35:06.947151744,T,IBM,F I,1,296.32
2025-11-04,9:35:06.947154402,T,IBM,F,80,296.32
2025-11-04,9:35:06.947154402,T,IBM,F,83,296.32
2025-11-04,9:35:06.947157869,T,IBM,F I,37,296.32
2025-11-04,9:35:06.947157869,T,IBM,F I,12,296.32
2025-11-04,9:35:06.947160678,T,IBM,F I,30,296.32
2025-11-04,9:35:06.947160678,T,IBM,F I,13,296.31
2025-11-04,9:35:06.947163328,T,IBM,F,65,296.31
2025-11-04,9:35:06.947163328,T,IBM,F I,23,296.31
2025-11-04,9:35:06.947247440,T,IBM,F,55,296.31
2025-11-04,9:35:06.947391783,T,IBM,I,17,296.31
2025-11-04,9:35:08.322409336,T,IBM,F I,18,296.33
2025-11-04,9:35:08.426126200,T,IBM,F,100,296.48
2025-11-04,9:35:08.426126200,T,IBM,F I,3,296.48
2025-11-04,9:35:08.426246529,T,IBM,F,63,296.54
2025-11-04,9:35:08.426857193,T,IBM,F,40,296.75
2025-11-04,9:35:08.427067718,T,IBM,F,89,296.75
2025-11-04,9:35:08.687673843,T,IBM,F I,5,297.33
2025-11-04,9:35:08.687676896,T,IBM,F I,6,297.42
2025-11-04,9:35:08.687731005,T,IBM,F I,5,297.42
2025-11-04,9:35:08.688058749,T,IBM,F,80,297.64
2025-11-04,9:35:08.688356480,T,IBM,F I,15,297.6
2025-11-04,9:35:08.688371495,T,IBM,I,15,297.6
2025-11-04,9:35:08.688402308,T,IBM,F I,5,297.6
2025-11-04,9:35:08.688404698,T,IBM,F I,5,297.6
2025-11-04,9:35:08.688407660,T,IBM,F I,10,297.64
2025-11-04,9:35:08.688429184,T,IBM,F I,5,297.64
2025-11-04,9:35:08.688431644,T,IBM,F I,5,297.64
2025-11-04,9:35:08.688491804,T,IBM,I,14,297.55
2025-11-04,9:35:08.688497851,T,IBM,F I,30,297.64
2025-11-04,9:35:08.688545918,T,IBM,F I,14,297.64
2025-11-04,9:35:08.789231698,T,IBM,I,10,297.58
2025-11-04,9:35:21.814606289,T,IBM,,45,297.57
2025-11-04,9:35:21.814606289,T,IBM,I,31,297.57
2025-11-04,9:35:23.381134522,T,IBM,F,72,297.31
2025-11-04,9:35:23.381137543,T,IBM,F I,10,297.3
2025-11-04,9:35:23.381141107,T,IBM,F I,29,297.3
2025-11-04,9:35:23.381141107,T,IBM,F I,11,297.3
2025-11-04,9:35:23.381143492,T,IBM,F,40,297.3
2025-11-04,9:35:23.381194625,T,IBM,F,80,297.27
2025-11-04,9:35:31.864099353,T,IBM,F,40,297.03
2025-11-04,9:35:31.864099353,T,IBM,F,40,297.03
2025-11-04,9:35:31.864105385,T,IBM,F,120,297.03
2025-11-04,9:35:31.866005291,T,IBM,F I,2,296.75
2025-11-04,9:35:44.738008587,T,IBM,F,56,296.58
2025-11-04,9:35:44.738027213,T,IBM,F,64,296.58
2025-11-04,9:35:44.738029841,T,IBM,F I,7,296.58
2025-11-04,9:35:44.738044631,T,IBM,F,40,296.57
2025-11-04,9:35:44.739079045,T,IBM,I,2,296.42
2025-11-04,9:35:44.739079045,T,IBM,,40,296.42
2025-11-04,9:35:56.138855299,T,IBM,F,100,296.37
2025-11-04,9:35:56.138859036,T,IBM,F I,13,296.36
2025-11-04,9:35:56.138873388,T,IBM,F I,27,296.36
2025-11-04,9:35:56.138876350,T,IBM,F,73,296.36
2025-11-04,9:35:56.138918436,T,IBM,I,10,296.36
2025-11-04,9:35:56.138945419,T,IBM,F,90,296.36
2025-11-04,9:35:56.138990544,T,IBM,I,2,296.37
2025-11-04,9:35:56.140175583,T,IBM,I,10,296.37
2025-11-04,9:35:56.140175583,T,IBM,F I,10,296.37
2025-11-04,9:35:56.140208481,T,IBM,F,90,296.37
2025-11-04,9:35:57.156697382,T,IBM,I,5,296.39
2025-11-04,9:35:59.828434939,T,IBM,F I,30,296.4
2025-11-04,9:35:59.973984471,T,IBM,I,1,296.42
2025-11-04,9:36:00.073013231,T,IBM,F I,10,296.42
2025-11-04,9:36:01.962823282,T,IBM,F I,30,296.39
2025-11-04,9:36:01.962826918,T,IBM,F I,10,296.32
2025-11-04,9:36:01.962841322,T,IBM,F I,30,296.32
2025-11-04,9:36:01.962853398,T,IBM,I,10,296.32
2025-11-04,9:36:01.962949935,T,IBM,I,21,296.42
2025-11-04,9:36:01.962973627,T,IBM,I,1,296.42
2025-11-04,9:36:01.963226397,T,IBM,F I,8,296.42
2025-11-04,9:36:01.963226397,T,IBM,F I,9,296.42
2025-11-04,9:36:01.963229507,T,IBM,I,17,296.42
2025-11-04,9:36:01.963262361,T,IBM,F I,2,296.42
2025-11-04,9:36:01.964597478,T,IBM,,45,296.54
2025-11-04,9:36:01.964601059,T,IBM,,40,296.55
2025-11-04,9:36:01.964604470,T,IBM,,100,296.61
2025-11-04,9:36:01.964604470,T,IBM,,100,296.63
2025-11-04,9:36:01.964607800,T,IBM,,50,296.63
2025-11-04,9:36:01.964607800,T,IBM,,100,296.65
2025-11-04,9:36:01.964612494,T,IBM,,72,296.65
2025-11-04,9:36:01.964612494,T,IBM,I,25,296.65
2025-11-04,9:36:01.964615849,T,IBM,I,10,296.65
2025-11-04,9:36:01.964615849,T,IBM,,40,296.65
2025-11-04,9:36:01.964618783,T,IBM,,40,296.66
2025-11-04,9:36:01.964622511,T,IBM,I,8,296.66
2025-11-04,9:36:01.964624521,T,IBM,,200,296.66
2025-11-04,9:36:01.964628242,T,IBM,,240,296.66
2025-11-04,9:36:01.964628242,T,IBM,,55,296.66
2025-11-04,9:36:01.965680726,T,IBM,F,180,296.65
2025-11-04,9:36:01.965683100,T,IBM,F,102,296.66
2025-11-04,9:36:01.965686343,T,IBM,F,240,296.66
2025-11-04,9:36:01.965692357,T,IBM,F,200,296.66
2025-11-04,9:36:01.965692357,T,IBM,F,100,296.66
2025-11-04,9:36:01.965845462,T,IBM,F,140,296.66
2025-11-04,9:36:01.965848502,T,IBM,F I,24,296.66
2025-11-04,9:36:01.965848502,T,IBM,F I,16,296.66
2025-11-04,9:36:01.971938326,T,IBM,F I,12,296.66
2025-11-04,9:36:01.971938326,T,IBM,F,100,296.66
2025-11-04,9:36:01.971941009,T,IBM,F I,20,296.66
2025-11-04,9:36:10.931594179,T,IBM,F I,25,296.89
2025-11-04,9:36:22.507936369,T,IBM,I,20,296.63
2025-11-04,9:36:22.507936369,T,IBM,,40,296.63
2025-11-04,9:36:22.507938955,T,IBM,,72,296.63
2025-11-04,9:36:22.507938955,T,IBM,I,28,296.62
2025-11-04,9:36:22.507953814,T,IBM,I,1,296.62
2025-11-04,9:36:22.507962814,T,IBM,F,51,296.62
2025-11-04,9:36:22.507962814,T,IBM,F I,29,296.62
2025-11-04,9:36:22.507978062,T,IBM,,51,296.62
2025-11-04,9:36:22.509551595,T,IBM,,40,296.7
2025-11-04,9:36:22.509556665,T,IBM,I,1,296.7
2025-11-04,9:36:22.509559644,T,IBM,I,25,296.71
2025-11-04,9:36:22.509559644,T,IBM,I,25,296.72
2025-11-04,9:36:22.509565678,T,IBM,,50,296.74
2025-11-04,9:36:22.509565678,T,IBM,,58,296.76
2025-11-04,9:36:22.510082988,T,IBM,F,40,296.79
2025-11-04,9:36:22.510089940,T,IBM,F,40,296.82
2025-11-04,9:36:22.510092088,T,IBM,F I,18,296.83
2025-11-04,9:36:22.510092088,T,IBM,F I,16,296.83
2025-11-04,9:36:22.510095322,T,IBM,F I,1,296.83
2025-11-04,9:36:22.510095322,T,IBM,F I,4,296.83
2025-11-04,9:36:22.510107753,T,IBM,I,1,296.83
2025-11-04,9:36:22.510137144,T,IBM,I,39,296.83
2025-11-04,9:36:22.510137144,T,IBM,,40,296.83
2025-11-04,9:36:22.510140054,T,IBM,I,5,296.71
2025-11-04,9:36:22.510227569,T,IBM,I,18,296.76
2025-11-04,9:36:22.510227569,T,IBM,I,8,296.74
2025-11-04,9:36:22.510287742,T,IBM,I,3,296.77
2025-11-04,9:36:22.510314496,T,IBM,I,28,296.77
2025-11-04,9:36:22.510338676,T,IBM,F,72,296.77
2025-11-04,9:36:22.510341530,T,IBM,,40,296.77
2025-11-04,9:36:22.510347541,T,IBM,I,32,296.77
2025-11-04,9:36:22.510356798,T,IBM,,55,296.77
2025-11-04,9:36:22.510377991,T,IBM,,40,296.73
2025-11-04,9:36:22.510380631,T,IBM,I,23,296.73
2025-11-04,9:36:22.510380631,T,IBM,I,9,296.73
2025-11-04,9:36:22.510389613,T,IBM,F I,13,296.77
2025-11-04,9:36:22.510555039,T,IBM,I,4,296.78
2025-11-04,9:36:22.510618187,T,IBM,F I,28,296.77
2025-11-04,9:36:22.511117587,T,IBM,I,8,296.63
2025-11-04,9:36:22.511379032,T,IBM,I,8,296.63
2025-11-04,9:36:22.511655697,T,IBM,I,8,296.61
2025-11-04,9:36:22.687225713,T,IBM,I,3,296.81
2025-11-04,9:36:34.380085641,T,IBM,F I,2,297.04
2025-11-04,9:36:34.380088588,T,IBM,F I,18,297.04
2025-11-04,9:36:34.380103767,T,IBM,F I,8,297.04
2025-11-04,9:36:34.380103767,T,IBM,F I,2,297.04
2025-11-04,9:36:34.380109691,T,IBM,I,1,297.04
2025-11-04,9:36:34.380109691,T,IBM,F I,37,297.04
2025-11-04,9:36:34.563347938,T,IBM,,40,297.16
2025-11-04,9:36:34.563350873,T,IBM,I,35,297.18
2025-11-04,9:36:34.563353928,T,IBM,,520,297.18
2025-11-04,9:36:34.563372009,T,IBM,F,40,297.18
2025-11-04,9:36:35.076985737,T,IBM,I,14,297.17
2025-11-04,9:36:35.377196462,T,IBM,F,80,296.92
2025-11-04,9:36:35.377199423,T,IBM,F I,8,296.92
2025-11-04,9:36:35.382001959,T,IBM,F,45,296.92
2025-11-04,9:36:35.382005235,T,IBM,F,100,296.96
2025-11-04,9:36:35.382007943,T,IBM,F I,1,296.99
2025-11-04,9:36:35.382007943,T,IBM,F,80,296.99
2025-11-04,9:36:36.353563856,T,IBM,,87,296.77
2025-11-04,9:36:36.353578950,T,IBM,I,1,296.77
2025-11-04,9:36:36.353813426,T,IBM,F I,32,296.77
2025-11-04,9:36:36.353877435,T,IBM,,80,296.77
2025-11-04,9:36:36.353888609,T,IBM,F I,20,296.77
2025-11-04,9:36:37.753570907,T,IBM,,40,296.64
2025-11-04,9:36:37.753853533,T,IBM,,40,296.59
2025-11-04,9:36:37.754352781,T,IBM,F,40,296.58
2025-11-04,9:36:38.956777525,T,IBM,,40,296.53
2025-11-04,9:36:38.956777525,T,IBM,I,10,296.52
2025-11-04,9:36:38.956783270,T,IBM,I,30,296.51
2025-11-04,9:36:38.956798352,T,IBM,F I,10,296.51
2025-11-04,9:36:38.956798352,T,IBM,F,40,296.51
2025-11-04,9:36:38.957589269,T,IBM,I,1,296.2
2025-11-04,9:36:38.957595614,T,IBM,I,8,296.2
2025-11-04,9:36:38.957889921,T,IBM,I,21,296.38
2025-11-04,9:36:38.957950125,T,IBM,I,21,296.45
2025-11-04,9:36:38.957971215,T,IBM,F I,10,296.45
2025-11-04,9:36:38.957983593,T,IBM,I,2,296.45
2025-11-04,9:36:38.957983593,T,IBM,,43,296.45
2025-11-04,9:36:38.957989432,T,IBM,I,20,296.45
2025-11-04,9:36:38.957992517,T,IBM,,46,296.45
2025-11-04,9:36:38.957992517,T,IBM,,75,296.45
2025-11-04,9:36:38.958025283,T,IBM,I,7,296.5
2025-11-04,9:36:38.958238845,T,IBM,F I,2,296.45
2025-11-04,9:36:39.861646507,T,IBM,I,7,296.37
2025-11-04,9:36:39.861649456,T,IBM,I,33,296.34
2025-11-04,9:36:42.495244242,T,IBM,,82,296.565
2025-11-04,9:36:43.431360861,T,IBM,I,1,296.565
2025-11-04,9:36:43.438190061,T,IBM,F I,2,296.79
2025-11-04,9:36:43.600194837,T,IBM,I,9,297.03
2025-11-04,9:36:45.779007856,T,IBM,F,40,296.81
2025-11-04,9:36:45.779007856,T,IBM,F,47,296.81
2025-11-04,9:36:45.779522047,T,IBM,,40,296.79
2025-11-04,9:36:45.779543104,T,IBM,I,1,296.79
2025-11-04,9:36:45.783798505,T,IBM,I,20,296.8
2025-11-04,9:36:45.783798505,T,IBM,,140,296.79
2025-11-04,9:36:45.784469004,T,IBM,I,19,296.79
2025-11-04,9:36:45.784471830,T,IBM,,40,296.79
2025-11-04,9:36:45.784475438,T,IBM,I,10,296.79
2025-11-04,9:36:45.784475438,T,IBM,I,10,296.79
2025-11-04,9:36:45.784477842,T,IBM,I,1,296.79
2025-11-04,9:36:45.794705240,T,IBM,I,11,296.74
2025-11-04,9:36:47.092276356,T,IBM,F I,1,296.64
2025-11-04,9:36:54.088871759,T,IBM,F,70,297.0
2025-11-04,9:36:55.672741835,T,IBM,I,20,296.78
2025-11-04,9:37:13.997301917,T,IBM,F I,20,296.69
2025-11-04,9:37:13.997304829,T,IBM,F,80,296.68
2025-11-04,9:37:13.997307840,T,IBM,F,60,296.68
2025-11-04,9:37:13.997322813,T,IBM,I,1,296.68
2025-11-04,9:37:13.997458198,T,IBM,F I,19,296.68
2025-11-04,9:37:14.682305568,T,IBM,I,1,296.56
2025-11-04,9:37:14.682305568,T,IBM,I,20,296.55
2025-11-04,9:37:14.682308574,T,IBM,I,19,296.54
2025-11-04,9:37:20.819126395,T,IBM,F,80,296.63
2025-11-04,9:37:26.665290748,T,IBM,F,100,296.55
2025-11-04,9:37:26.665290748,T,IBM,F,60,296.54
2025-11-04,9:37:26.665293308,T,IBM,F,100,296.54
2025-11-04,9:37:26.666304446,T,IBM,,45,296.69
2025-11-04,9:37:26.666307421,T,IBM,,100,296.69
2025-11-04,9:37:26.666309778,T,IBM,I,1,296.69
2025-11-04,9:37:26.666319804,T,IBM,I,1,296.69
2025-11-04,9:37:26.666321859,T,IBM,I,1,296.69
2025-11-04,9:37:26.666325670,T,IBM,I,10,296.7
2025-11-04,9:37:26.666325670,T,IBM,I,10,296.73
2025-11-04,9:37:26.666325670,T,IBM,I,12,296.75
2025-11-04,9:37:26.666328144,T,IBM,,65,296.75
2025-11-04,9:37:26.666328144,T,IBM,,40,296.53
2025-11-04,9:37:26.666421844,T,IBM,F I,13,296.72
2025-11-04,9:37:26.666439094,T,IBM,F I,13,296.72
2025-11-04,9:37:26.666448064,T,IBM,F I,25,296.72
2025-11-04,9:37:26.666460124,T,IBM,F I,10,296.72
2025-11-04,9:37:26.666478146,T,IBM,F I,13,296.72
2025-11-04,9:37:26.666499263,T,IBM,F I,26,296.72
2025-11-04,9:37:26.666544271,T,IBM,F,40,296.83
2025-11-04,9:37:26.666547520,T,IBM,F I,8,296.85
2025-11-04,9:37:26.666547520,T,IBM,F I,6,296.85
2025-11-04,9:37:26.666629573,T,IBM,,74,296.75
2025-11-04,9:37:26.666632326,T,IBM,I,26,296.7
2025-11-04,9:37:26.953616801,T,IBM,,40,296.705
2025-11-04,9:37:27.299491165,T,IBM,I,25,296.71
2025-11-04,9:37:27.682804750,T,IBM,,40,296.71
2025-11-04,9:37:27.682867904,T,IBM,,40,296.71
2025-11-04,9:37:28.150682601,T,IBM,,40,296.71
2025-11-04,9:37:28.150742683,T,IBM,,40,296.71
2025-11-04,9:37:28.276330906,T,IBM,F,40,296.85
2025-11-04,9:37:28.276330906,T,IBM,F,120,296.85
2025-11-04,9:37:29.448361972,T,IBM,,102,296.89
2025-11-04,9:37:29.448422127,T,IBM,,100,296.85
2025-11-04,9:37:29.448422127,T,IBM,,100,296.85
2025-11-04,9:37:29.448425763,T,IBM,I,2,296.85
2025-11-04,9:37:29.448425763,T,IBM,I,7,296.85
2025-11-04,9:37:29.448440237,T,IBM,I,1,296.85
2025-11-04,9:37:31.238394408,T,IBM,I,5,297.07
2025-11-04,9:37:31.442496324,T,IBM,,120,297.26
2025-11-04,9:37:31.442553410,T,IBM,I,2,297.26
2025-11-04,9:37:31.442559511,T,IBM,I,18,297.26
2025-11-04,9:37:31.443022601,T,IBM,,54,297.26
2025-11-04,9:37:31.443025934,T,IBM,I,13,297.26
2025-11-04,9:37:31.443028593,T,IBM,,50,297.26
2025-11-04,9:37:31.443028593,T,IBM,I,3,297.26
2025-11-04,9:37:31.443044381,T,IBM,F I,22,297.26
2025-11-04,9:37:31.443046985,T,IBM,F,100,297.26
2025-11-04,9:37:31.443049711,T,IBM,F I,20,297.26
2025-11-04,9:37:31.443287271,T,IBM,F,120,297.28
2025-11-04,9:37:31.443320390,T,IBM,I,3,297.27
2025-11-04,9:37:31.443320390,T,IBM,I,32,297.26
2025-11-04,9:37:31.443621030,T,IBM,I,6,297.28
2025-11-04,9:37:31.443864542,T,IBM,I,1,297.28
2025-11-04,9:37:31.443990910,T,IBM,,120,297.28
2025-11-04,9:37:31.446098857,T,IBM,I,30,297.27
2025-11-04,9:37:31.446171061,T,IBM,F,80,297.19
2025-11-04,9:37:31.446171061,T,IBM,F I,8,297.19
2025-11-04,9:37:31.446219232,T,IBM,I,10,297.24
2025-11-04,9:37:31.446414711,T,IBM,I,1,297.28
2025-11-04,9:37:31.446414711,T,IBM,I,7,297.28
2025-11-04,9:37:32.509592772,T,IBM,F I,25,297.13
2025-11-04,9:37:32.509598774,T,IBM,F I,12,297.2
2025-11-04,9:37:32.509602005,T,IBM,F I,2,297.24
2025-11-04,9:37:32.509604826,T,IBM,F,75,297.25
2025-11-04,9:37:32.509604826,T,IBM,F I,8,297.25
2025-11-04,9:37:32.509614388,T,IBM,F I,2,297.25
2025-11-04,9:37:32.509614388,T,IBM,F I,2,297.26
2025-11-04,9:37:32.509617145,T,IBM,F,103,297.26
2025-11-04,9:37:32.509637813,T,IBM,I,1,297.26
2025-11-04,9:37:32.509637813,T,IBM,F I,16,297.26
2025-11-04,9:37:32.509640903,T,IBM,F I,1,297.26
2025-11-04,9:37:32.510416700,T,IBM,F,80,297.32
2025-11-04,9:37:32.510437871,T,IBM,F,80,297.32
2025-11-04,9:37:32.510447041,T,IBM,F,200,297.32
2025-11-04,9:37:32.511748835,T,IBM,,108,297.32
2025-11-04,9:37:32.511766946,T,IBM,F I,12,297.32
2025-11-04,9:37:32.513243468,T,IBM,,55,297.32
2025-11-04,9:37:32.513309600,T,IBM,F,65,297.32
2025-11-04,9:37:32.513312596,T,IBM,F,40,297.31
2025-11-04,9:37:32.513420908,T,IBM,,40,297.32
2025-11-04,9:37:32.519613161,T,IBM,F I,1,297.32
2025-11-04,9:37:32.774574575,T,IBM,F I,1,297.3
2025-11-04,9:37:32.944677585,T,IBM,I,12,297.25
2025-11-04,9:37:32.944677585,T,IBM,I,13,297.25
2025-11-04,9:37:32.944680497,T,IBM,I,2,297.24
2025-11-04,9:37:32.944680497,T,IBM,I,13,297.23
2025-11-04,9:37:32.944695752,T,IBM,F I,13,297.26
2025-11-04,9:37:32.944695752,T,IBM,F I,20,297.23
2025-11-04,9:37:32.944716569,T,IBM,F I,7,297.23
2025-11-04,9:37:32.981220542,T,IBM,,40,297.075
2025-11-04,9:37:34.917373842,T,IBM,F I,10,296.85
2025-11-04,9:37:34.917391959,T,IBM,F,70,296.85
2025-11-04,9:37:37.704054043,T,IBM,,40,296.76
2025-11-04,9:37:37.704072148,T,IBM,I,1,296.76
2025-11-04,9:37:42.631651152,T,IBM,F,199,296.76
2025-11-04,9:37:42.631672258,T,IBM,I,1,296.76
2025-11-04,9:37:42.632767099,T,IBM,F,40,296.85
2025-11-04,9:37:42.632769872,T,IBM,F,45,296.85
2025-11-04,9:37:42.632772796,T,IBM,F I,6,296.86
2025-11-04,9:37:42.632923315,T,IBM,I,1,296.86
2025-11-04,9:37:42.632923315,T,IBM,,40,296.86
2025-11-04,9:37:42.632929764,T,IBM,,40,296.86
2025-11-04,9:37:42.633130723,T,IBM,,50,296.9
2025-11-04,9:37:44.902011221,T,IBM,,40,296.76
2025-11-04,9:37:47.992766298,T,IBM,F,40,296.75
2025-11-04,9:37:47.992781387,T,IBM,I,1,296.75
2025-11-04,9:37:48.937910843,T,IBM,F,80,296.76
2025-11-04,9:37:48.937910843,T,IBM,F,40,296.76
2025-11-04,9:37:50.962173665,T,IBM,F I,2,296.63
2025-11-04,9:37:50.962176467,T,IBM,F,80,296.63
2025-11-04,9:37:50.971005545,T,IBM,F I,1,296.49
2025-11-04,9:37:53.608488640,T,IBM,F I,3,296.5
2025-11-04,9:37:53.608491545,T,IBM,F I,10,296.55
2025-11-04,9:37:53.608494481,T,IBM,F,92,296.58
2025-11-04,9:38:03.645678938,T,IBM,F,100,296.46
2025-11-04,9:38:03.645682355,T,IBM,F I,25,296.47
2025-11-04,9:38:03.645684626,T,IBM,F I,26,296.48
2025-11-04,9:38:03.645774821,T,IBM,F I,2,296.49
2025-11-04,9:38:03.776911049,T,IBM,I,36,296.56
2025-11-04,9:38:03.776947268,T,IBM,I,35,296.64
2025-11-04,9:38:03.776950103,T,IBM,I,1,296.64
2025-11-04,9:38:03.861776354,T,IBM,F,40,296.77
2025-11-04,9:38:03.861779092,T,IBM,F,160,296.78
2025-11-04,9:38:03.861782046,T,IBM,F,120,296.78
2025-11-04,9:38:03.861791138,T,IBM,I,1,296.78
2025-11-04,9:38:03.861815244,T,IBM,I,39,296.78
2025-11-04,9:38:03.875398548,T,IBM,I,2,296.67
2025-11-04,9:38:05.026923824,T,IBM,,40,296.67
2025-11-04,9:38:06.791611872,T,IBM,,50,296.8
2025-11-04,9:38:06.791615066,T,IBM,I,25,296.84
2025-11-04,9:38:06.791615066,T,IBM,I,2,296.88
2025-11-04,9:38:06.791617866,T,IBM,I,13,296.89
2025-11-04,9:38:06.791666770,T,IBM,F I,30,296.87
2025-11-04,9:38:06.791669265,T,IBM,F,373,296.91
2025-11-04,9:38:06.791672074,T,IBM,F I,7,296.91
2025-11-04,9:38:06.791693554,T,IBM,F I,20,296.91
2025-11-04,9:38:06.791696079,T,IBM,F I,1,296.91
2025-11-04,9:38:06.791696079,T,IBM,F I,2,296.91
2025-11-04,9:38:06.791897578,T,IBM,F,53,296.93
2025-11-04,9:38:07.607397013,T,IBM,F I,6,296.9
2025-11-04,9:38:08.205274572,T,IBM,I,10,296.85
2025-11-04,9:38:08.205277487,T,IBM,I,3,296.8
2025-11-04,9:38:08.205280464,T,IBM,I,27,296.8
2025-11-04,9:38:08.205295528,T,IBM,I,1,296.8
2025-11-04,9:38:09.535608672,T,IBM,I,25,296.84
2025-11-04,9:38:09.535611455,T,IBM,I,15,296.8
2025-11-04,9:38:09.535632510,T,IBM,F,197,296.8
2025-11-04,9:38:09.536002475,T,IBM,F,100,296.8
2025-11-04,9:38:09.792663462,T,IBM,I,18,296.81
2025-11-04,9:38:10.527252692,T,IBM,I,1,296.81
2025-11-04,9:38:10.527255257,T,IBM,I,10,296.8
2025-11-04,9:38:16.203580955,T,IBM,F I,1,296.97
2025-11-04,9:38:16.203845915,T,IBM,F,75,296.91
2025-11-04,9:38:16.203845915,T,IBM,F I,3,296.85
2025-11-04,9:38:16.381538703,T,IBM,I,3,296.97
2025-11-04,9:38:17.157313462,T,IBM,,40,296.92
2025-11-04,9:38:17.157367659,T,IBM,,40,296.86
2025-11-04,9:38:17.362531120,T,IBM,F I,31,296.97
2025-11-04,9:38:17.362657328,T,IBM,I,9,297.02
2025-11-04,9:38:20.595329654,T,IBM,,45,297.08
2025-11-04,9:38:20.595332403,T,IBM,I,25,297.08
2025-11-04,9:38:20.595335800,T,IBM,,100,297.12
2025-11-04,9:38:20.595335800,T,IBM,,100,297.14
2025-11-04,9:38:20.595338442,T,IBM,I,10,297.15
2025-11-04,9:38:20.595341462,T,IBM,,40,297.15
2025-11-04,9:38:20.595467818,T,IBM,F,196,297.17
2025-11-04,9:38:20.595488824,T,IBM,I,1,297.17
2025-11-04,9:38:20.595488824,T,IBM,F I,9,297.17
2025-11-04,9:38:20.595491778,T,IBM,,114,297.17
2025-11-04,9:38:20.595627140,T,IBM,F,100,297.17
2025-11-04,9:38:20.596018148,T,IBM,I,16,297.26
2025-11-04,9:38:20.596021189,T,IBM,I,8,297.26
2025-11-04,9:38:20.596024044,T,IBM,,40,297.26
2025-11-04,9:38:21.578210417,T,IBM,I,25,297.17
2025-11-04,9:38:21.578213384,T,IBM,I,15,297.17
2025-11-04,9:38:21.680023745,T,IBM,,40,297.17
2025-11-04,9:38:21.939998927,T,IBM,,50,297.28
2025-11-04,9:38:21.939998927,T,IBM,,40,297.29
2025-11-04,9:38:21.940001984,T,IBM,I,10,297.35
2025-11-04,9:38:21.940004818,T,IBM,I,4,297.35
2025-11-04,9:38:24.114614091,T,IBM,,45,297.28
2025-11-04,9:38:24.114614091,T,IBM,,99,297.3
2025-11-04,9:38:27.957116535,T,IBM,F I,1,297.36
2025-11-04,9:38:27.957143748,T,IBM,F I,39,297.36
2025-11-04,9:38:27.957143748,T,IBM,F,40,297.37
2025-11-04,9:38:27.957146678,T,IBM,F,65,297.37
2025-11-04,9:38:27.957164691,T,IBM,I,1,297.37
2025-11-04,9:38:27.957167802,T,IBM,F I,37,297.37
2025-11-04,9:38:27.957170691,T,IBM,F I,1,297.37
2025-11-04,9:38:27.957814174,T,IBM,I,15,297.42
2025-11-04,9:38:27.966255694,T,IBM,F I,21,297.27
2025-11-04,9:38:27.966255694,T,IBM,F I,2,297.27
2025-11-04,9:38:27.966276416,T,IBM,I,1,297.27
2025-11-04,9:38:27.966334044,T,IBM,F I,19,297.27
2025-11-04,9:38:33.171202930,T,IBM,,40,297.4
2025-11-04,9:38:33.171202930,T,IBM,I,10,297.41
2025-11-04,9:38:33.171543169,T,IBM,I,21,297.42
2025-11-04,9:38:33.171543169,T,IBM,I,7,297.42
2025-11-04,9:38:33.171545783,T,IBM,I,10,297.42
2025-11-04,9:38:33.171548626,T,IBM,I,12,297.42
2025-11-04,9:38:33.171563689,T,IBM,I,1,297.42
2025-11-04,9:38:35.374136631,T,IBM,F I,10,297.51
2025-11-04,9:38:35.374139186,T,IBM,F I,2,297.47
2025-11-04,9:38:35.374142535,T,IBM,F I,10,297.45
2025-11-04,9:38:35.374142535,T,IBM,F I,10,297.44
2025-11-04,9:38:35.374145196,T,IBM,F I,3,297.42
2025-11-04,9:38:35.374368036,T,IBM,F I,32,297.42
2025-11-04,9:38:35.374370807,T,IBM,F I,1,297.42
2025-11-04,9:38:35.374370807,T,IBM,F I,2,297.42
2025-11-04,9:38:35.374388787,T,IBM,I,1,297.42
2025-11-04,9:38:35.374449262,T,IBM,F I,17,297.42
2025-11-04,9:38:40.672985065,T,IBM,F I,1,297.57
2025-11-04,9:38:40.673243692,T,IBM,I,12,297.63
2025-11-04,9:38:40.673243692,T,IBM,I,1,297.63
2025-11-04,9:38:40.673860096,T,IBM,,100,297.61
2025-11-04,9:38:40.738438964,T,IBM,I,1,297.69
2025-11-04,9:38:40.802470267,T,IBM,I,9,297.78
2025-11-04,9:38:40.802590609,T,IBM,I,2,297.8
2025-11-04,9:38:40.802593604,T,IBM,I,7,297.8
2025-11-04,9:38:40.804145325,T,IBM,I,30,297.82
2025-11-04,9:38:49.264360341,T,IBM,,40,297.98
2025-11-04,9:38:49.264360341,T,IBM,I,2,297.99
2025-11-04,9:38:49.264363331,T,IBM,I,21,297.99
2025-11-04,9:38:49.264670205,T,IBM,F,53,298.0
2025-11-04,9:38:49.264670205,T,IBM,F I,2,298.0
2025-11-04,9:38:49.264673366,T,IBM,F I,7,298.0
2025-11-04,9:38:49.264673366,T,IBM,F I,1,298.0
2025-11-04,9:38:49.270837713,T,IBM,I,10,297.93
2025-11-04,9:38:49.270837713,T,IBM,I,23,297.95
2025-11-04,9:38:49.270867805,T,IBM,I,6,297.95
2025-11-04,9:38:49.271159691,T,IBM,I,3,297.98
2025-11-04,9:38:49.271162647,T,IBM,I,1,297.98
2025-11-04,9:38:49.271162647,T,IBM,I,2,297.98
2025-11-04,9:38:49.278244725,T,IBM,,45,297.97
2025-11-04,9:38:49.278247367,T,IBM,I,35,297.97
2025-11-04,9:38:49.291018695,T,IBM,I,1,298.07
2025-11-04,9:38:54.437657294,T,IBM,F I,20,298.09
2025-11-04,9:38:54.437678287,T,IBM,F I,25,298.02
2025-11-04,9:38:54.437699334,T,IBM,I,1,298.02
2025-11-04,9:38:54.437705341,T,IBM,F I,14,298.02
2025-11-04,9:38:54.437762507,T,IBM,,100,298.02
2025-11-04,9:38:54.437786567,T,IBM,F I,20,298.02
2025-11-04,9:38:54.437936897,T,IBM,F,40,297.98
2025-11-04,9:38:55.793007939,T,IBM,F I,1,298.03
2025-11-04,9:38:56.760161376,T,IBM,I,1,298.19
2025-11-04,9:39:01.418969521,T,IBM,F,40,298.04
2025-11-04,9:39:01.418969521,T,IBM,F I,1,298.04
2025-11-04,9:39:01.418973227,T,IBM,F,112,298.04
2025-11-04,9:39:01.419023711,T,IBM,I,11,298.0
2025-11-04,9:39:01.419027269,T,IBM,,89,298.04
2025-11-04,9:39:01.419047718,T,IBM,I,1,298.04
2025-11-04,9:39:01.419095793,T,IBM,I,10,298.04
2025-11-04,9:39:01.419152984,T,IBM,F I,1,298.04
2025-11-04,9:39:03.003859631,T,IBM,F I,1,298.18
2025-11-04,9:39:12.396089762,T,IBM,F I,1,298.1
2025-11-04,9:39:12.396104470,T,IBM,I,1,298.1
2025-11-04,9:39:12.397039649,T,IBM,I,5,298.07
2025-11-04,9:39:12.397099865,T,IBM,I,4,298.11
2025-11-04,9:39:12.397102813,T,IBM,I,1,298.11
2025-11-04,9:39:22.261435679,T,IBM,I,1,298.15
2025-11-04,9:39:24.139367299,T,IBM,F,120,297.89
2025-11-04,9:39:24.139857461,T,IBM,F I,2,297.82
2025-11-04,9:39:24.140116100,T,IBM,F I,3,297.81
2025-11-04,9:39:24.146512295,T,IBM,F I,1,297.76
2025-11-04,9:39:25.020083072,T,IBM,F I,15,297.83
2025-11-04,9:39:26.203141490,T,IBM,,40,297.62
2025-11-04,9:39:26.203145345,T,IBM,I,17,297.61
2025-11-04,9:39:26.203145345,T,IBM,,360,297.61
2025-11-04,9:39:26.203150542,T,IBM,F,40,297.61
2025-11-04,9:39:26.203150542,T,IBM,F I,10,297.61
2025-11-04,9:39:26.381996070,T,IBM,I,30,297.3
2025-11-04,9:39:26.383035837,T,IBM,F I,2,297.31
2025-11-04,9:39:37.130850803,T,IBM,F I,1,297.5
2025-11-04,9:39:37.186131440,T,IBM,F I,2,297.59
2025-11-04,9:39:37.187021496,T,IBM,F,40,297.81
2025-11-04,9:39:37.263003476,T,IBM,,45,297.89
2025-11-04,9:39:37.263034223,T,IBM,F I,35,297.89
2025-11-04,9:39:37.263036484,T,IBM,F,40,297.89
2025-11-04,9:39:37.264037971,T,IBM,F,40,297.99
2025-11-04,9:39:37.264040928,T,IBM,F,40,298.04
2025-11-04,9:39:37.264062014,T,IBM,I,1,298.04
2025-11-04,9:39:37.264128187,T,IBM,I,39,298.04
2025-11-04,9:39:37.264131443,T,IBM,,61,298.04
2025-11-04,9:39:37.264146187,T,IBM,F I,4,298.04
2025-11-04,9:39:37.264482993,T,IBM,,80,298.03
2025-11-04,9:39:37.264485987,T,IBM,I,20,298.03
2025-11-04,9:39:37.264485987,T,IBM,,239,298.04
2025-11-04,9:39:37.265075389,T,IBM,F I,1,298.04
2025-11-04,9:39:43.540240494,T,IBM,F I,12,297.8
2025-11-04,9:39:43.540294639,T,IBM,F,40,297.79
2025-11-04,9:39:43.540294639,T,IBM,F I,29,297.79
2025-11-04,9:39:43.540300690,T,IBM,F I,11,297.79
2025-11-04,9:39:43.540300690,T,IBM,F I,1,297.79
2025-11-04,9:39:43.540944165,T,IBM,F,83,297.79
2025-11-04,9:39:43.540962206,T,IBM,I,1,297.79
2025-11-04,9:39:48.742778990,T,IBM,F I,15,297.79
2025-11-04,9:39:48.742778990,T,IBM,F I,23,297.79
2025-11-04,9:39:48.742785048,T,IBM,F,157,297.79
2025-11-04,9:39:48.742788360,T,IBM,F I,2,297.79
2025-11-04,9:39:48.742791011,T,IBM,F,40,297.79
2025-11-04,9:40:04.628806706,T,IBM,,40,297.71
2025-11-04,9:40:14.289103742,T,IBM,F I,1,297.76
2025-11-04,9:40:16.694055258,T,IBM,F,72,297.9
2025-11-04,9:40:16.694055258,T,IBM,F I,14,297.9
2025-11-04,9:40:16.694058234,T,IBM,F I,5,297.9
2025-11-04,9:40:16.694079238,T,IBM,F I,5,297.9
2025-11-04,9:40:16.694109304,T,IBM,F I,16,297.9
2025-11-04,9:40:16.694169662,T,IBM,F I,1,297.91
2025-11-04,9:40:16.694172493,T,IBM,F I,3,297.91
2025-11-04,9:40:16.694200025,T,IBM,,40,297.92
2025-11-04,9:40:16.694203215,T,IBM,,40,297.92
2025-11-04,9:40:16.694203215,T,IBM,I,2,297.92
2025-11-04,9:40:16.694452122,T,IBM,F I,1,297.93
2025-11-04,9:40:16.694452122,T,IBM,F I,4,297.93
2025-11-04,9:40:16.695038505,T,IBM,F I,5,297.94
2025-11-04,9:40:16.695438517,T,IBM,F I,7,297.94
2025-11-04,9:40:16.695441573,T,IBM,F I,7,297.94
2025-11-04,9:40:16.695621991,T,IBM,F I,7,297.94
2025-11-04,9:40:16.695643035,T,IBM,F I,19,297.94
2025-11-04,9:40:21.980439497,T,IBM,,40,298.08
2025-11-04,9:40:21.980439497,T,IBM,I,15,298.08
2025-11-04,9:40:21.980442489,T,IBM,,52,298.08
2025-11-04,9:40:29.300021246,T,IBM,F I,2,298.08
2025-11-04,9:40:29.300039283,T,IBM,I,2,298.08
2025-11-04,9:40:29.300057324,T,IBM,F,100,298.08
2025-11-04,9:40:29.434429314,T,IBM,F I,10,298.04
2025-11-04,9:40:34.642188308,T,IBM,I,1,298.155
2025-11-04,9:40:36.419106943,T,IBM,I,1,298.29
2025-11-04,9:40:36.419106943,T,IBM,,40,298.3
2025-11-04,9:40:49.803523712,T,IBM,I,4,298.64
2025-11-04,9:41:00.080288438,T,IBM,F I,1,298.6
2025-11-04,9:41:00.080754513,T,IBM,F I,1,298.6
2025-11-04,9:41:00.080757568,T,IBM,F,40,298.6
2025-11-04,9:41:00.080814636,T,IBM,F I,1,298.6
2025-11-04,9:41:00.310847383,T,IBM,F I,3,298.65
2025-11-04,9:41:03.776246346,T,IBM,F,100,298.65
2025-11-04,9:41:05.719033588,T,IBM,,55,298.59
2025-11-04,9:41:05.719472581,T,IBM,F,40,298.59
2025-11-04,9:41:05.719511762,T,IBM,F I,5,298.59
2025-11-04,9:41:05.719511762,T,IBM,F I,35,298.58
2025-11-04,9:41:05.719529780,T,IBM,I,1,298.58
2025-11-04,9:41:05.719538823,T,IBM,F I,4,298.58
2025-11-04,9:41:05.732704110,T,IBM,,40,298.5
2025-11-04,9:41:06.005570758,T,IBM,F I,8,298.5
2025-11-04,9:41:06.005709115,T,IBM,F,52,298.5
2025-11-04,9:41:06.005712081,T,IBM,F I,6,298.49
2025-11-04,9:41:06.005727150,T,IBM,F I,34,298.49
2025-11-04,9:41:06.005730497,T,IBM,F I,18,298.49
2025-11-04,9:41:06.005730497,T,IBM,F,110,298.49
2025-11-04,9:41:06.006466931,T,IBM,F,100,298.5
2025-11-04,9:41:06.006812894,T,IBM,F I,25,298.52
2025-11-04,9:41:06.006815707,T,IBM,F I,7,298.54
2025-11-04,9:41:06.007456310,T,IBM,F I,2,298.57
2025-11-04,9:41:07.284606246,T,IBM,F I,10,298.55
2025-11-04,9:41:07.284608698,T,IBM,F I,20,298.58
2025-11-04,9:41:07.284672434,T,IBM,F,80,298.59
2025-11-04,9:41:07.284674868,T,IBM,F,120,298.59
2025-11-04,9:41:07.284867391,T,IBM,F I,20,298.58
2025-11-04,9:41:07.284891408,T,IBM,F,60,298.58
2025-11-04,9:41:07.285041721,T,IBM,,72,298.5
2025-11-04,9:41:07.285045948,T,IBM,I,23,298.49
2025-11-04,9:41:07.285050825,T,IBM,I,19,298.49
2025-11-04,9:41:07.285065940,T,IBM,I,10,298.6
2025-11-04,9:41:07.285068940,T,IBM,I,13,298.5
2025-11-04,9:41:07.285688353,T,IBM,I,20,298.59
2025-11-04,9:41:10.783462383,T,IBM,F I,34,298.74
2025-11-04,9:41:10.783477680,T,IBM,I,1,298.74
2025-11-04,9:41:10.783615754,T,IBM,F I,5,298.74
2025-11-04,9:41:11.566069529,T,IBM,F I,20,298.71
2025-11-04,9:41:11.566779987,T,IBM,,100,298.68
2025-11-04,9:41:15.343960533,T,IBM,F,100,298.8
2025-11-04,9:41:17.925862320,T,IBM,F,80,298.81
2025-11-04,9:41:17.926289305,T,IBM,F,40,298.74
2025-11-04,9:41:17.926310369,T,IBM,,80,298.74
2025-11-04,9:41:17.926370429,T,IBM,I,6,298.73
2025-11-04,9:41:17.926428055,T,IBM,I,6,298.73
2025-11-04,9:41:17.926547870,T,IBM,F,80,298.74
2025-11-04,9:41:17.927086127,T,IBM,F I,25,298.71
2025-11-04,9:41:17.927107240,T,IBM,F,55,298.68
2025-11-04,9:41:17.927176380,T,IBM,I,8,298.68
2025-11-04,9:41:17.927188375,T,IBM,,47,298.68
2025-11-04,9:41:17.927212501,T,IBM,I,1,298.68
2025-11-04,9:41:17.927580176,T,IBM,F,40,298.68
2025-11-04,9:41:17.927582327,T,IBM,F I,7,298.68
2025-11-04,9:41:17.927585423,T,IBM,F I,8,298.68
2025-11-04,9:41:17.927606373,T,IBM,F I,14,298.68
2025-11-04,9:41:17.927630475,T,IBM,,40,298.68
2025-11-04,9:41:17.927645496,T,IBM,F,40,298.68
2025-11-04,9:41:17.927883089,T,IBM,I,19,298.68
2025-11-04,9:41:17.929335581,T,IBM,,80,298.65
2025-11-04,9:41:17.930012161,T,IBM,F,80,298.63
2025-11-04,9:41:17.930045512,T,IBM,F I,8,298.62
2025-11-04,9:41:17.930081352,T,IBM,I,8,298.61
2025-11-04,9:41:17.930120497,T,IBM,I,2,298.61
2025-11-04,9:41:17.930120497,T,IBM,I,6,298.61
2025-11-04,9:41:17.930439199,T,IBM,F,80,298.61
2025-11-04,9:41:17.930511303,T,IBM,I,5,298.6
2025-11-04,9:41:17.930541399,T,IBM,I,5,298.6
2025-11-04,9:41:17.930740164,T,IBM,I,10,298.6
2025-11-04,9:41:17.930878189,T,IBM,I,8,298.6
2025-11-04,9:41:17.931022510,T,IBM,F I,8,298.6
2025-11-04,9:41:17.931089029,T,IBM,I,8,298.6
2025-11-04,9:41:17.931163936,T,IBM,,120,298.61
2025-11-04,9:41:17.931242111,T,IBM,F,56,298.6
2025-11-04,9:41:17.931266104,T,IBM,I,24,298.59
2025-11-04,9:41:17.931762357,T,IBM,,69,298.59
2025-11-04,9:41:17.931783418,T,IBM,F I,32,298.59
2025-11-04,9:41:17.931786606,T,IBM,I,1,298.59
2025-11-04,9:41:17.931789417,T,IBM,I,18,298.59
2025-11-04,9:41:32.426261429,T,IBM,I,20,298.97
2025-11-04,9:41:32.426261429,T,IBM,,80,298.97
2025-11-04,9:41:32.426263513,T,IBM,I,20,298.98
2025-11-04,9:41:32.426281510,T,IBM,F,100,298.98
2025-11-04,9:41:32.954790201,T,IBM,I,1,298.99
2025-11-04,9:41:32.954790201,T,IBM,I,4,298.99
2025-11-04,9:41:32.954793054,T,IBM,I,30,298.99
2025-11-04,9:41:32.954795777,T,IBM,I,1,299.0
2025-11-04,9:41:32.954795777,T,IBM,I,2,299.0
2025-11-04,9:41:32.954934120,T,IBM,I,1,299.03
2025-11-04,9:41:34.397639647,T,IBM,F I,9,299.03
2025-11-04,9:41:34.405548697,T,IBM,F I,20,299.13
2025-11-04,9:41:34.405548697,T,IBM,F,101,299.14
2025-11-04,9:41:34.405566499,T,IBM,I,1,299.14
2025-11-04,9:41:34.405683789,T,IBM,F I,18,299.14
2025-11-04,9:41:34.405686755,T,IBM,F I,1,299.14
2025-11-04,9:41:52.491412466,T,IBM,I,5,299.56
2025-11-04,9:41:52.492810772,T,IBM,F I,1,299.56
2025-11-04,9:41:56.117754730,T,IBM,F I,1,299.56
2025-11-04,9:42:02.719082402,T,IBM,F I,1,299.55
2025-11-04,9:42:02.719094415,T,IBM,F I,6,299.57
2025-11-04,9:42:02.719094415,T,IBM,F I,1,299.57
2025-11-04,9:42:02.719103354,T,IBM,I,5,299.67
2025-11-04,9:42:02.719118398,T,IBM,I,25,299.52
2025-11-04,9:42:02.719121404,T,IBM,,40,299.52
2025-11-04,9:42:02.719142530,T,IBM,I,1,299.52
2025-11-04,9:42:02.719370984,T,IBM,F I,14,299.52
2025-11-04,9:42:02.719392067,T,IBM,I,14,299.53
2025-11-04,9:42:02.719449184,T,IBM,I,1,299.53
2025-11-04,9:42:02.721572308,T,IBM,,85,299.53
2025-11-04,9:42:03.887694414,T,IBM,F I,1,299.56
2025-11-04,9:42:03.887694414,T,IBM,F I,1,299.56
2025-11-04,9:42:03.887700499,T,IBM,F I,3,299.57
2025-11-04,9:42:08.356868152,T,IBM,F,100,299.55
2025-11-04,9:42:08.356871187,T,IBM,F,40,299.53
2025-11-04,9:42:17.685827470,T,IBM,F,100,299.47
2025-11-04,9:42:17.685833562,T,IBM,F,40,299.43
2025-11-04,9:42:17.686477036,T,IBM,F,100,299.44
2025-11-04,9:42:19.562190191,T,IBM,F,100,299.32
2025-11-04,9:42:19.562190191,T,IBM,F,40,299.31
2025-11-04,9:42:19.562192554,T,IBM,F I,5,299.31
2025-11-04,9:42:19.562207641,T,IBM,I,1,299.31
2025-11-04,9:42:19.562228698,T,IBM,I,29,299.31
2025-11-04,9:42:19.562246830,T,IBM,F,65,299.31
2025-11-04,9:42:19.562249680,T,IBM,F I,5,299.31
2025-11-04,9:42:19.562258794,T,IBM,F I,30,299.31
2025-11-04,9:42:19.562258794,T,IBM,F,70,299.31
2025-11-04,9:42:19.562553450,T,IBM,I,10,299.31
2025-11-04,9:42:19.564905489,T,IBM,I,5,299.335
2025-11-04,9:42:19.564912405,T,IBM,,40,299.335
2025-11-04,9:42:19.564917253,T,IBM,,45,299.335
2025-11-04,9:42:19.564923246,T,IBM,,100,299.36
2025-11-04,9:42:19.564923246,T,IBM,I,25,299.36
2025-11-04,9:42:19.564927136,T,IBM,,100,299.4
2025-11-04,9:42:19.564927136,T,IBM,,100,299.4
2025-11-04,9:42:19.564929964,T,IBM,I,30,299.4
2025-11-04,9:42:19.564932206,T,IBM,,41,299.43
2025-11-04,9:42:19.564950515,T,IBM,I,31,299.43
2025-11-04,9:42:19.564953497,T,IBM,,80,299.43
2025-11-04,9:42:19.564959230,T,IBM,I,20,299.43
2025-11-04,9:42:19.564959230,T,IBM,,40,299.44
2025-11-04,9:42:19.564965146,T,IBM,I,4,299.44
2025-11-04,9:42:19.564965146,T,IBM,,40,299.44
2025-11-04,9:42:19.564968184,T,IBM,,231,299.44
2025-11-04,9:42:19.564974257,T,IBM,I,1,299.44
2025-11-04,9:42:19.565007258,T,IBM,,40,299.44
2025-11-04,9:42:19.565229850,T,IBM,F I,2,299.44
2025-11-04,9:42:27.537283732,T,IBM,I,1,299.64
2025-11-04,9:42:28.834581285,T,IBM,I,1,299.67
2025-11-04,9:42:33.275009710,T,IBM,F,40,299.66
2025-11-04,9:42:33.275009710,T,IBM,F I,1,299.65
2025-11-04,9:42:33.275132939,T,IBM,F I,5,299.65
2025-11-04,9:42:33.944376182,T,IBM,F I,25,299.65
2025-11-04,9:42:33.944379114,T,IBM,F,56,299.64
2025-11-04,9:42:34.037216113,T,IBM,F,44,299.64
2025-11-04,9:42:34.037216113,T,IBM,F I,37,299.63
2025-11-04,9:42:34.037237261,T,IBM,I,1,299.63
2025-11-04,9:42:34.037258271,T,IBM,,42,299.63
2025-11-04,9:42:34.037261248,T,IBM,I,1,299.63
2025-11-04,9:42:37.398456193,T,IBM,F,40,299.53
2025-11-04,9:42:37.398459122,T,IBM,F I,1,299.52
2025-11-04,9:42:37.398480172,T,IBM,F I,39,299.52
2025-11-04,9:42:37.398483187,T,IBM,F I,1,299.52
2025-11-04,9:42:37.398483187,T,IBM,F,40,299.52
2025-11-04,9:42:37.398501243,T,IBM,,41,299.52
2025-11-04,9:42:37.398501243,T,IBM,I,1,299.52
2025-11-04,9:42:37.401234835,T,IBM,F I,18,299.6
2025-11-04,9:42:37.401685823,T,IBM,F I,1,299.68
2025-11-04,9:42:37.401839170,T,IBM,F I,1,299.73
2025-11-04,9:42:37.401842173,T,IBM,F I,1,299.73
2025-11-04,9:42:37.401857288,T,IBM,F I,38,299.73
2025-11-04,9:42:42.806366068,T,IBM,F,40,299.76
2025-11-04,9:42:42.806366068,T,IBM,F,337,299.76
2025-11-04,9:42:42.806371635,T,IBM,F,100,299.76
2025-11-04,9:42:42.806371635,T,IBM,F I,10,299.76
2025-11-04,9:42:42.806696462,T,IBM,F,80,299.74
2025-11-04,9:42:42.806696462,T,IBM,F I,20,299.74
2025-11-04,9:42:42.806699467,T,IBM,F,60,299.73
2025-11-04,9:42:42.806768669,T,IBM,I,20,299.73
2025-11-04,9:42:42.806861892,T,IBM,,40,299.72
2025-11-04,9:42:42.807394092,T,IBM,I,4,299.72
2025-11-04,9:42:44.938889541,T,IBM,I,25,299.685
2025-11-04,9:42:45.752094657,T,IBM,I,16,299.66
2025-11-04,9:42:45.752097496,T,IBM,I,24,299.65
2025-11-04,9:42:45.759426006,T,IBM,F,76,299.65
2025-11-04,9:42:45.759724318,T,IBM,F,48,299.64
2025-11-04,9:42:49.051979540,T,IBM,,77,299.64
2025-11-04,9:42:58.020948871,T,IBM,F,80,299.57
2025-11-04,9:42:58.027375483,T,IBM,F I,20,299.57
2025-11-04,9:42:58.027378119,T,IBM,F,60,299.56
2025-11-04,9:42:58.027396150,T,IBM,I,1,299.56
2025-11-04,9:42:58.027399262,T,IBM,I,19,299.56
2025-11-04,9:42:58.027399262,T,IBM,I,10,299.56
2025-11-04,9:43:02.875649479,T,IBM,F,80,299.61
2025-11-04,9:43:02.875652703,T,IBM,F I,2,299.62
2025-11-04,9:43:02.875655588,T,IBM,F,120,299.62
2025-11-04,9:43:02.875655588,T,IBM,F,40,299.62
2025-11-04,9:43:02.875670510,T,IBM,F,80,299.62
2025-11-04,9:43:02.883739721,T,IBM,F,200,299.78
2025-11-04,9:43:02.883741801,T,IBM,F,160,299.78
2025-11-04,9:43:02.883744673,T,IBM,F I,1,299.78
2025-11-04,9:43:02.883744673,T,IBM,F,80,299.8
2025-11-04,9:43:02.884267934,T,IBM,F I,20,299.71
2025-11-04,9:43:07.799746540,T,IBM,F I,25,299.81
2025-11-04,9:43:07.799746540,T,IBM,F I,2,299.82
2025-11-04,9:43:07.799767652,T,IBM,F I,6,299.82
2025-11-04,9:43:07.799767652,T,IBM,F I,1,299.82
2025-11-04,9:43:07.799770251,T,IBM,F I,18,299.82
2025-11-04,9:43:09.100357588,T,IBM,,40,299.92
2025-11-04,9:43:09.100360489,T,IBM,,40,299.92
2025-11-04,9:43:09.100871767,T,IBM,F,66,299.91
2025-11-04,9:43:11.410108355,T,IBM,F,40,299.99
2025-11-04,9:43:11.410180563,T,IBM,F,40,300.0
2025-11-04,9:43:11.943969359,T,IBM,F,41,299.92
2025-11-04,9:43:11.943990492,T,IBM,F,41,299.92
2025-11-04,9:43:11.944020788,T,IBM,F I,18,299.92
2025-11-04,9:43:11.944023522,T,IBM,F I,1,299.91
2025-11-04,9:43:11.944026425,T,IBM,F I,22,299.91
2025-11-04,9:43:11.944026425,T,IBM,I,18,299.91
2025-11-04,9:43:14.130640093,T,IBM,F,100,299.83
2025-11-04,9:43:15.545568586,T,IBM,F,40,299.83
2025-11-04,9:43:15.545571636,T,IBM,F I,25,299.82
2025-11-04,9:43:15.545586677,T,IBM,I,30,299.96
2025-11-04,9:43:15.545589644,T,IBM,,45,299.97
2025-11-04,9:43:15.545589644,T,IBM,I,5,299.98
2025-11-04,9:43:15.545592652,T,IBM,I,1,299.82
2025-11-04,9:43:15.545601649,T,IBM,,45,299.925
2025-11-04,9:43:15.545628760,T,IBM,F,55,299.925
2025-11-04,9:43:15.545968588,T,IBM,,72,299.98
2025-11-04,9:43:15.545974583,T,IBM,,119,299.98
2025-11-04,9:43:15.545996611,T,IBM,I,8,300.0
2025-11-04,9:43:15.545998653,T,IBM,I,32,300.01
2025-11-04,9:43:15.546453019,T,IBM,I,20,300.02
2025-11-04,9:43:15.546453019,T,IBM,I,20,300.03
2025-11-04,9:43:15.546474250,T,IBM,I,1,300.03
2025-11-04,9:43:15.546503779,T,IBM,I,19,300.03
2025-11-04,9:43:15.547363917,T,IBM,I,1,300.06
2025-11-04,9:43:22.686576025,T,IBM,I,30,300.08
2025-11-04,9:43:22.686630216,T,IBM,I,15,300.075
2025-11-04,9:43:23.389631827,T,IBM,F I,30,300.1
2025-11-04,9:43:24.654169515,T,IBM,I,11,300.11
2025-11-04,9:43:24.654172280,T,IBM,I,17,300.07
2025-11-04,9:43:25.751328286,T,IBM,F,40,300.2
2025-11-04,9:43:26.298098994,T,IBM,I,25,300.215
2025-11-04,9:43:32.310372274,T,IBM,F I,5,300.5
2025-11-04,9:43:32.325777957,T,IBM,I,21,300.5
2025-11-04,9:43:39.461216090,T,IBM,F I,1,300.55
2025-11-04,9:43:39.486647634,T,IBM,F I,30,300.63
2025-11-04,9:43:39.486650806,T,IBM,F I,19,300.65
2025-11-04,9:43:39.486801038,T,IBM,F I,21,300.65
2025-11-04,9:43:39.486801038,T,IBM,F I,9,300.65
2025-11-04,9:43:45.797658554,T,IBM,F I,34,300.56
2025-11-04,9:43:45.797661277,T,IBM,F,40,300.56
2025-11-04,9:43:45.797688542,T,IBM,F I,26,300.56
2025-11-04,9:43:45.797691716,T,IBM,F I,8,300.55
2025-11-04,9:43:45.797694384,T,IBM,F I,26,300.55
2025-11-04,9:43:45.797694384,T,IBM,F I,10,300.55
2025-11-04,9:43:45.799363397,T,IBM,F,40,300.52
2025-11-04,9:43:45.802575407,T,IBM,F,100,300.41
2025-11-04,9:43:45.802575407,T,IBM,F,180,300.4
2025-11-04,9:43:45.802575407,T,IBM,F I,20,300.4
2025-11-04,9:43:45.802578057,T,IBM,F,80,300.4
2025-11-04,9:43:45.803970294,T,IBM,I,25,300.31
2025-11-04,9:43:45.804003386,T,IBM,F,40,300.31
2025-11-04,9:43:45.804027466,T,IBM,I,1,300.31
2025-11-04,9:43:45.804033604,T,IBM,F I,39,300.31
2025-11-04,9:43:45.804033604,T,IBM,F I,1,300.31
2025-11-04,9:43:45.804075626,T,IBM,I,13,300.31
2025-11-04,9:43:45.804102602,T,IBM,I,27,300.31
2025-11-04,9:43:45.804106034,T,IBM,,40,300.31
2025-11-04,9:43:45.804106034,T,IBM,I,33,300.31
2025-11-04,9:43:45.804159774,T,IBM,I,6,300.31
2025-11-04,9:43:45.804577782,T,IBM,I,34,300.31
2025-11-04,9:43:45.804577782,T,IBM,,40,300.31
2025-11-04,9:43:45.804592791,T,IBM,F,40,300.31
2025-11-04,9:43:45.805140147,T,IBM,,40,300.28
2025-11-04,9:43:45.806006197,T,IBM,F,40,300.29
2025-11-04,9:43:47.281812310,T,IBM,F I,18,300.21
2025-11-04,9:43:47.281814648,T,IBM,F I,36,300.21
2025-11-04,9:43:47.281832701,T,IBM,I,1,300.21
2025-11-04,9:43:47.281836033,T,IBM,I,34,300.21
2025-11-04,9:43:47.281850764,T,IBM,F I,5,300.21
2025-11-04,9:43:47.281850764,T,IBM,F I,10,300.21
2025-11-04,9:43:47.281856699,T,IBM,F I,1,300.19
2025-11-04,9:43:47.281865782,T,IBM,F I,4,300.17
2025-11-04,9:43:47.281868825,T,IBM,F I,1,300.17
2025-11-04,9:43:48.899386633,T,IBM,F I,8,300.08
2025-11-04,9:43:48.899395686,T,IBM,F I,32,300.08
2025-11-04,9:43:48.899423087,T,IBM,F I,32,300.07
2025-11-04,9:43:48.899425682,T,IBM,F I,8,300.07
2025-11-04,9:43:48.901299211,T,IBM,F I,2,299.97
2025-11-04,9:43:53.707734951,T,IBM,I,10,300.095
2025-11-04,9:43:53.707765027,T,IBM,F I,20,300.095
2025-11-04,9:43:53.707810102,T,IBM,I,10,300.095
2025-11-04,9:43:53.709326062,T,IBM,I,10,300.16
2025-11-04,9:43:53.709326062,T,IBM,I,10,300.16
2025-11-04,9:43:53.709385837,T,IBM,F I,20,300.16
2025-11-04,9:43:53.709388831,T,IBM,I,10,300.19
2025-11-04,9:43:53.826424667,T,IBM,F,40,300.1
2025-11-04,9:43:53.826427560,T,IBM,F I,3,300.1
2025-11-04,9:43:53.826427560,T,IBM,F,40,300.1
2025-11-04,9:43:53.826442990,T,IBM,I,1,300.1
2025-11-04,9:43:53.826445552,T,IBM,,40,300.1
2025-11-04,9:43:53.826478658,T,IBM,F I,25,300.1
2025-11-04,9:43:53.826737305,T,IBM,,59,300.15
2025-11-04,9:43:53.827055998,T,IBM,,40,300.17
2025-11-04,9:43:53.828000227,T,IBM,I,6,300.11
2025-11-04,9:43:57.502670486,T,IBM,I,12,300.12
2025-11-04,9:43:57.502673502,T,IBM,I,28,300.11
2025-11-04,9:43:57.502691563,T,IBM,F I,12,300.11
2025-11-04,9:43:57.502691563,T,IBM,F I,4,300.11
2025-11-04,9:43:57.502697595,T,IBM,F I,12,300.11
2025-11-04,9:43:57.502697595,T,IBM,I,1,300.11
2025-11-04,9:43:57.502715547,T,IBM,I,20,300.11
2025-11-04,9:44:08.393085185,T,IBM,F I,10,300.26
2025-11-04,9:44:08.805108658,T,IBM,F,80,300.26
2025-11-04,9:44:08.805129149,T,IBM,I,1,300.26
2025-11-04,9:44:08.805138208,T,IBM,F,79,300.26
2025-11-04,9:44:08.805138208,T,IBM,F,71,300.26
2025-11-04,9:44:08.805147180,T,IBM,F,79,300.26
2025-11-04,9:44:08.805156219,T,IBM,I,1,300.26
2025-11-04,9:44:08.805195262,T,IBM,I,25,300.26
2025-11-04,9:44:08.805318616,T,IBM,F,55,300.26
2025-11-04,9:44:08.805318616,T,IBM,F I,25,300.26
2025-11-04,9:44:08.805351633,T,IBM,F,80,300.26
2025-11-04,9:44:08.805375652,T,IBM,I,19,300.26
2025-11-04,9:44:08.805520071,T,IBM,F,80,300.27
2025-11-04,9:44:08.805911074,T,IBM,F I,20,300.27
2025-11-04,9:44:08.805914020,T,IBM,F,41,300.26
2025-11-04,9:44:08.806088413,T,IBM,I,1,300.26
2025-11-04,9:44:08.806178624,T,IBM,I,5,300.33
2025-11-04,9:44:08.806178624,T,IBM,I,35,300.33
2025-11-04,9:44:08.806422149,T,IBM,,40,300.34
2025-11-04,9:44:08.810517951,T,IBM,F I,19,300.26
2025-11-04,9:44:08.810517951,T,IBM,F,80,300.26
2025-11-04,9:44:09.038436707,T,IBM,F I,12,300.36
2025-11-04,9:44:09.038436707,T,IBM,F I,28,300.36
2025-11-04,9:44:09.040088103,T,IBM,,45,300.33
2025-11-04,9:44:09.040091098,T,IBM,,100,300.36
2025-11-04,9:44:09.040094194,T,IBM,I,10,300.4
2025-11-04,9:44:09.040094194,T,IBM,,100,300.4
2025-11-04,9:44:09.040097237,T,IBM,,100,300.4
2025-11-04,9:44:09.040099843,T,IBM,I,1,300.41
2025-11-04,9:44:09.040099843,T,IBM,I,2,300.41
2025-11-04,9:44:09.040102501,T,IBM,,40,300.41
2025-11-04,9:44:09.040102501,T,IBM,,45,300.41
2025-11-04,9:44:09.040111596,T,IBM,,100,300.41
2025-11-04,9:44:09.040114549,T,IBM,I,1,300.41
2025-11-04,9:44:09.040114549,T,IBM,I,14,300.41
2025-11-04,9:44:09.040117597,T,IBM,,40,300.41
2025-11-04,9:44:09.040141629,T,IBM,,100,300.41
2025-11-04,9:44:09.040219849,T,IBM,F,60,300.41
2025-11-04,9:44:31.682140215,T,IBM,I,1,300.505
2025-11-04,9:44:31.682140215,T,IBM,I,5,300.505
2025-11-04,9:44:40.456233496,T,IBM,F,40,300.52
2025-11-04,9:44:40.456233496,T,IBM,F I,5,300.51
2025-11-04,9:44:42.912180192,T,IBM,I,1,300.5
2025-11-04,9:44:42.913049209,T,IBM,F I,39,300.5
2025-11-04,9:44:42.913049209,T,IBM,F I,11,300.49
2025-11-04,9:44:45.408218452,T,IBM,I,1,300.545
2025-11-04,9:44:49.888942612,T,IBM,F I,6,300.6
2025-11-04,9:44:49.888963626,T,IBM,I,6,300.6
2025-11-04,9:44:49.889035734,T,IBM,I,21,300.54
2025-11-04,9:44:49.889556175,T,IBM,F,40,300.65
2025-11-04,9:44:49.889559636,T,IBM,F I,12,300.66
2025-11-04,9:44:49.889598347,T,IBM,I,12,300.6
2025-11-04,9:44:49.889601694,T,IBM,I,13,300.6
2025-11-04,9:44:49.889616156,T,IBM,F I,7,300.66
2025-11-04,9:44:49.889622146,T,IBM,F I,7,300.66
2025-11-04,9:44:49.889622146,T,IBM,I,1,300.6
2025-11-04,9:44:49.889877821,T,IBM,F I,26,300.66
2025-11-04,9:44:51.291496549,T,IBM,,80,300.71
2025-11-04,9:44:51.291532606,T,IBM,F,80,300.72
2025-11-04,9:44:55.157334888,T,IBM,F I,5,300.72
2025-11-04,9:44:58.380904311,T,IBM,F,50,300.8
2025-11-04,9:44:58.380904311,T,IBM,F,40,300.83
2025-11-04,9:45:00.529937491,T,IBM,,80,300.84
2025-11-04,9:45:00.529940597,T,IBM,,461,300.84
2025-11-04,9:45:00.529943490,T,IBM,F,80,300.84
2025-11-04,9:45:00.529955609,T,IBM,I,1,300.84
2025-11-04,9:45:00.529964508,T,IBM,F,79,300.84
2025-11-04,9:45:00.529968109,T,IBM,F I,1,300.84
2025-11-04,9:45:00.529976588,T,IBM,,79,300.84
2025-11-04,9:45:00.529998416,T,IBM,I,1,300.84
2025-11-04,9:45:00.530000678,T,IBM,I,18,300.84
2025-11-04,9:45:00.534791052,T,IBM,I,29,300.805
2025-11-04,9:45:01.764078584,T,IBM,F I,14,300.795
2025-11-04,9:45:05.659753799,T,IBM,F I,10,300.75
2025-11-04,9:45:07.064566214,T,IBM,F,40,300.67
2025-11-04,9:45:08.262747900,T,IBM,I,6,300.7
2025-11-04,9:45:11.101184122,T,IBM,,40,300.735
2025-11-04,9:45:18.313268821,T,IBM,F I,1,300.72
2025-11-04,9:45:21.678643719,T,IBM,F,40,300.61
2025-11-04,9:45:21.678643719,T,IBM,F,120,300.61
2025-11-04,9:45:21.678646741,T,IBM,F I,26,300.6
2025-11-04,9:45:21.678682802,T,IBM,F I,3,300.57
2025-11-04,9:45:21.678701007,T,IBM,,100,300.61
2025-11-04,9:45:22.782060699,T,IBM,F,80,300.55
2025-11-04,9:45:26.393950453,T,IBM,F,69,300.72
2025-11-04,9:45:26.393950453,T,IBM,F I,11,300.72
2025-11-04,9:45:26.393953387,T,IBM,F I,27,300.73
2025-11-04,9:45:26.393956406,T,IBM,F,69,300.73
2025-11-04,9:45:26.393971503,T,IBM,I,1,300.73
2025-11-04,9:45:26.393977486,T,IBM,F I,10,300.73
2025-11-04,9:45:26.575234025,T,IBM,I,1,300.72
2025-11-04,9:45:27.127943816,T,IBM,I,13,300.73
2025-11-04,9:45:27.127946858,T,IBM,,67,300.72
2025-11-04,9:45:27.135570023,T,IBM,I,33,300.72
2025-11-04,9:45:27.135572966,T,IBM,,47,300.68
2025-11-04,9:45:27.141530823,T,IBM,,53,300.68
2025-11-04,9:45:27.141530823,T,IBM,I,10,300.65
2025-11-04,9:45:27.141533138,T,IBM,I,17,300.65
2025-11-04,9:45:27.147511456,T,IBM,I,13,300.65
2025-11-04,9:45:27.147511456,T,IBM,,67,300.64
2025-11-04,9:45:27.153916700,T,IBM,I,33,300.64
2025-11-04,9:45:27.153916700,T,IBM,I,17,300.62
2025-11-04,9:45:27.153919620,T,IBM,I,12,300.6
2025-11-04,9:45:27.153919620,T,IBM,I,18,300.57
2025-11-04,9:45:36.386039545,T,IBM,I,5,300.73
2025-11-04,9:45:36.388484308,T,IBM,I,1,300.725
2025-11-04,9:45:36.451526403,T,IBM,I,10,300.725
2025-11-04,9:45:36.531814539,T,IBM,I,10,300.725
2025-11-04,9:45:41.987444753,T,IBM,F I,1,300.84
2025-11-04,9:45:41.987447797,T,IBM,F,40,300.84
2025-11-04,9:45:41.987967971,T,IBM,F,63,300.85
2025-11-04,9:45:41.992066744,T,IBM,I,39,300.9
2025-11-04,9:45:41.992103144,T,IBM,F I,1,300.92
2025-11-04,9:45:41.992106096,T,IBM,F I,1,300.92
2025-11-04,9:45:41.992109778,T,IBM,F,40,300.92
2025-11-04,9:45:41.992968967,T,IBM,F I,10,301.0
2025-11-04,9:45:41.992981034,T,IBM,,86,301.0
2025-11-04,9:45:41.993047114,T,IBM,F I,24,301.0
2025-11-04,9:45:42.037510909,T,IBM,,73,300.92
2025-11-04,9:45:42.037529665,T,IBM,F I,27,300.92
2025-11-04,9:45:42.037535052,T,IBM,F,40,300.91
2025-11-04,9:45:42.037535052,T,IBM,F I,6,300.91
2025-11-04,9:45:42.037550080,T,IBM,F,100,300.9
2025-11-04,9:45:47.875832082,T,IBM,F I,5,300.805
2025-11-04,9:45:55.177894097,T,IBM,I,12,300.805
2025-11-04,9:45:55.546764175,T,IBM,I,3,300.805
2025-11-04,9:45:58.266604381,T,IBM,I,10,300.85
2025-11-04,9:45:59.942476153,T,IBM,I,13,300.85
2025-11-04,9:46:03.354476973,T,IBM,F I,30,300.91
2025-11-04,9:46:03.354476973,T,IBM,F I,12,300.95
2025-11-04,9:46:03.354636264,T,IBM,,60,300.95
2025-11-04,9:46:03.354636264,T,IBM,I,20,300.95
2025-11-04,9:46:03.401863729,T,IBM,F I,11,300.86
2025-11-04,9:46:03.515519377,T,IBM,I,8,300.94
2025-11-04,9:46:03.523425137,T,IBM,F I,10,300.8
2025-11-04,9:46:03.524228010,T,IBM,F,40,300.76
2025-11-04,9:46:03.525256557,T,IBM,F,80,300.75
2025-11-04,9:46:03.526538290,T,IBM,F I,20,300.75
2025-11-04,9:46:03.526538290,T,IBM,F,60,300.74
2025-11-04,9:46:03.526552551,T,IBM,F I,20,300.74
2025-11-04,9:46:03.526892434,T,IBM,F I,1,300.72
