DATE,TIME_M,EX,SYM_ROOT,TR_SCOND,SIZE,PRICE
2025-11-17,9:30:00.415304475,T,TGT,T,100,89.56
2025-11-17,9:30:00.415307688,T,TGT,TI,2,89.55
2025-11-17,9:30:00.415310559,T,TGT,T,100,89.51
2025-11-17,9:30:01.145964541,T,TGT,,100,89.52
2025-11-17,9:30:01.145964541,T,TGT,I,10,89.5
2025-11-17,9:30:01.145967457,T,TGT,,190,89.5
2025-11-17,9:30:01.145970181,T,TGT,,300,89.5
2025-11-17,9:30:01.146171666,T,TGT,Q,100,89.52
2025-11-17,9:30:01.146177680,T,TGT,I,1,89.5
2025-11-17,9:30:01.146183644,T,TGT,,509,89.5
2025-11-17,9:30:01.146186709,T,TGT,I,1,89.5
2025-11-17,9:30:01.148589429,T,TGT,F I,1,89.41
2025-11-17,9:30:01.148592481,T,TGT,F I,1,89.41
2025-11-17,9:30:01.148596439,T,TGT,F I,10,89.4
2025-11-17,9:30:01.148598455,T,TGT,F,585,89.39
2025-11-17,9:30:01.150550117,T,TGT,F,101,89.39
2025-11-17,9:30:01.153951234,T,TGT,F,855,89.39
2025-11-17,9:30:01.153981325,T,TGT,,3459,89.39
2025-11-17,9:30:01.153984314,T,TGT,,175,89.39
2025-11-17,9:30:01.154988618,T,TGT,F I,2,89.39
2025-11-17,9:30:01.155013137,T,TGT,,2082,89.39
2025-11-17,9:30:01.155016622,T,TGT,,2082,89.39
2025-11-17,9:30:01.155016622,T,TGT,,834,89.39
2025-11-17,9:30:01.155018799,T,TGT,,1248,89.39
2025-11-17,9:30:01.155021752,T,TGT,,2082,89.39
2025-11-17,9:30:01.155021752,T,TGT,,2082,89.39
2025-11-17,9:30:01.155024929,T,TGT,,2082,89.39
2025-11-17,9:30:01.155024929,T,TGT,,2082,89.39
2025-11-17,9:30:01.155027824,T,TGT,,2082,89.39
2025-11-17,9:30:01.155039763,T,TGT,F,100,89.39
2025-11-17,9:30:01.155060892,T,TGT,I,77,89.39
2025-11-17,9:30:01.155072882,T,TGT,I,26,89.42
2025-11-17,9:30:01.155087892,T,TGT,I,74,89.42
2025-11-17,9:30:01.155349602,T,TGT,F I,26,89.44
2025-11-17,9:30:01.155353110,T,TGT,F I,54,89.44
2025-11-17,9:30:01.155713403,T,TGT,F I,29,89.4
2025-11-17,9:30:01.157548671,T,TGT,F I,3,89.4
2025-11-17,9:30:01.157550788,T,TGT,F I,54,89.4
2025-11-17,9:30:01.157553823,T,TGT,F I,22,89.4
2025-11-17,9:30:01.157556828,T,TGT,F,421,89.39
2025-11-17,9:30:01.168905793,T,TGT,I,1,89.44
2025-11-17,9:30:01.168923821,T,TGT,I,25,89.44
2025-11-17,9:30:01.169011025,T,TGT,F I,54,89.4
2025-11-17,9:30:01.169014044,T,TGT,F I,46,89.39
2025-11-17,9:30:01.169173423,T,TGT,F,500,89.39
2025-11-17,9:30:01.224790973,T,TGT,F I,60,89.48
2025-11-17,9:30:01.224793939,T,TGT,F,100,89.48
2025-11-17,9:30:01.224796953,T,TGT,F I,40,89.5
2025-11-17,9:30:01.224827087,T,TGT,F I,60,89.5
2025-11-17,9:30:01.224830065,T,TGT,F,100,89.5
2025-11-17,9:30:01.748608889,T,TGT,F,100,89.41
2025-11-17,9:30:02.089849833,T,TGT,F,100,89.52
2025-11-17,9:30:02.665619473,T,TGT,I,5,89.55
2025-11-17,9:30:02.665619473,T,TGT,I,1,89.55
2025-11-17,9:30:02.665622524,T,TGT,,100,89.55
2025-11-17,9:30:02.836080564,T,TGT,I,1,89.66
2025-11-17,9:30:02.836522607,T,TGT,F I,29,89.56
2025-11-17,9:30:05.059343187,T,TGT,I,2,89.59
2025-11-17,9:30:05.065177209,T,TGT,,100,89.65
2025-11-17,9:30:05.234793075,T,TGT,I,1,89.68
2025-11-17,9:30:06.439238057,T,TGT,I,2,89.73
2025-11-17,9:30:06.439238057,T,TGT,I,6,89.73
2025-11-17,9:30:06.439240448,T,TGT,I,2,89.73
2025-11-17,9:30:06.439246537,T,TGT,I,56,89.73
2025-11-17,9:30:06.439252522,T,TGT,I,34,89.73
2025-11-17,9:30:12.815770050,T,TGT,I,2,89.675
2025-11-17,9:30:12.815772330,T,TGT,I,1,89.675
2025-11-17,9:30:19.460606665,T,TGT,I,75,89.72
2025-11-17,9:30:19.460606665,T,TGT,I,75,89.73
2025-11-17,9:30:19.460615513,T,TGT,,100,89.73
2025-11-17,9:30:19.460615513,T,TGT,I,2,89.74
2025-11-17,9:30:19.460630563,T,TGT,F I,98,89.74
2025-11-17,9:30:19.460630563,T,TGT,F,100,89.74
2025-11-17,9:30:19.460633537,T,TGT,F,100,89.74
2025-11-17,9:30:19.460636568,T,TGT,F I,49,89.74
2025-11-17,9:30:19.460642534,T,TGT,F I,51,89.74
2025-11-17,9:30:19.462552047,T,TGT,F I,60,89.77
2025-11-17,9:30:19.462754565,T,TGT,F I,50,89.75
2025-11-17,9:30:19.462754565,T,TGT,F I,20,89.75
2025-11-17,9:30:19.462756633,T,TGT,I,30,89.75
2025-11-17,9:30:19.855465155,T,TGT,,100,89.78
2025-11-17,9:30:21.525668163,T,TGT,F I,40,89.85
2025-11-17,9:30:21.525686221,T,TGT,F I,60,89.85
2025-11-17,9:30:22.817422547,T,TGT,I,4,89.84
2025-11-17,9:30:23.673017980,T,TGT,F I,21,89.9
2025-11-17,9:30:23.673017980,T,TGT,F I,5,89.9
2025-11-17,9:30:23.673021237,T,TGT,F I,5,89.9
2025-11-17,9:30:23.673024132,T,TGT,F I,21,89.9
2025-11-17,9:30:23.673024132,T,TGT,F I,3,89.9
2025-11-17,9:30:23.673027837,T,TGT,F I,5,89.9
2025-11-17,9:30:23.673027837,T,TGT,F I,16,89.9
2025-11-17,9:30:23.673029868,T,TGT,F I,47,89.9
2025-11-17,9:30:23.673044807,T,TGT,F I,4,89.91
2025-11-17,9:30:25.040754245,T,TGT,F I,25,89.94
2025-11-17,9:30:25.041187378,T,TGT,F I,5,89.95
2025-11-17,9:30:25.041187378,T,TGT,F I,6,89.95
2025-11-17,9:30:25.097667818,T,TGT,I,50,89.99
2025-11-17,9:30:25.097697969,T,TGT,F,100,89.99
2025-11-17,9:30:25.097700913,T,TGT,F,102,90.0
2025-11-17,9:30:25.097703861,T,TGT,F,100,90.0
2025-11-17,9:30:25.097706930,T,TGT,F I,61,90.0
2025-11-17,9:30:25.097715937,T,TGT,I,1,90.0
2025-11-17,9:30:25.097724959,T,TGT,I,99,90.0
2025-11-17,9:30:25.098582630,T,TGT,,100,89.99
2025-11-17,9:30:25.098585016,T,TGT,,100,89.99
2025-11-17,9:30:25.098587937,T,TGT,,100,90.01
2025-11-17,9:30:25.098612106,T,TGT,F I,20,90.015
2025-11-17,9:30:25.098804564,T,TGT,F I,3,89.98
2025-11-17,9:30:25.098846598,T,TGT,F,100,89.97
2025-11-17,9:30:25.098891671,T,TGT,F I,27,89.95
2025-11-17,9:30:25.099081153,T,TGT,,100,89.95
2025-11-17,9:30:25.099087165,T,TGT,,100,89.95
2025-11-17,9:30:25.099087165,T,TGT,,100,89.95
2025-11-17,9:30:25.099442083,T,TGT,,100,89.98
2025-11-17,9:30:25.099830005,T,TGT,F I,75,89.95
2025-11-17,9:30:25.099851088,T,TGT,I,1,89.95
2025-11-17,9:30:25.099854065,T,TGT,I,24,89.95
2025-11-17,9:30:25.099902114,T,TGT,F I,73,89.94
2025-11-17,9:30:25.099923218,T,TGT,I,27,89.94
2025-11-17,9:30:25.099968681,T,TGT,F,100,89.93
2025-11-17,9:30:25.099971272,T,TGT,I,3,89.96
2025-11-17,9:30:25.100226909,T,TGT,F I,13,89.92
2025-11-17,9:30:25.100299064,T,TGT,F I,27,89.91
2025-11-17,9:30:25.100431331,T,TGT,F I,13,89.9
2025-11-17,9:30:25.100711054,T,TGT,F I,27,89.89
2025-11-17,9:30:25.100711054,T,TGT,F I,55,89.89
2025-11-17,9:30:25.100846971,T,TGT,I,4,89.9
2025-11-17,9:30:25.101838764,T,TGT,I,13,89.83
2025-11-17,9:30:25.102903347,T,TGT,I,51,89.79
2025-11-17,9:30:25.102906254,T,TGT,I,18,89.79
2025-11-17,9:30:25.103216952,T,TGT,F I,33,89.84
2025-11-17,9:30:25.103222010,T,TGT,F I,33,89.84
2025-11-17,9:30:25.103222010,T,TGT,F I,33,89.84
2025-11-17,9:30:25.103264325,T,TGT,F I,33,89.84
2025-11-17,9:30:25.103309580,T,TGT,F I,27,89.85
2025-11-17,9:30:25.103312449,T,TGT,F I,13,89.85
2025-11-17,9:30:25.103312449,T,TGT,F I,55,89.85
2025-11-17,9:30:25.103468584,T,TGT,,100,89.85
2025-11-17,9:30:31.043618951,T,TGT,I,1,89.86
2025-11-17,9:30:31.062903851,T,TGT,I,39,89.83
2025-11-17,9:30:31.062925109,T,TGT,I,61,89.83
2025-11-17,9:30:31.062927880,T,TGT,I,32,89.83
2025-11-17,9:30:31.064046744,T,TGT,I,1,89.79
2025-11-17,9:30:31.064049644,T,TGT,I,52,89.79
2025-11-17,9:30:31.064049644,T,TGT,I,1,89.79
2025-11-17,9:30:31.064052731,T,TGT,,100,89.78
2025-11-17,9:30:31.064055601,T,TGT,I,5,89.78
2025-11-17,9:30:31.065102117,T,TGT,I,32,89.75
2025-11-17,9:30:31.065105506,T,TGT,I,12,89.75
2025-11-17,9:30:31.066130522,T,TGT,I,6,89.66
2025-11-17,9:30:31.068545332,T,TGT,I,6,89.67
2025-11-17,9:30:31.073164343,T,TGT,I,6,89.67
2025-11-17,9:30:31.130983043,T,TGT,I,6,89.67
2025-11-17,9:30:31.132342286,T,TGT,I,6,89.67
2025-11-17,9:30:31.209452053,T,TGT,I,6,89.67
2025-11-17,9:30:31.264107205,T,TGT,I,6,89.68
2025-11-17,9:30:31.265177736,T,TGT,I,6,89.67
2025-11-17,9:30:31.267481255,T,TGT,I,6,89.67
2025-11-17,9:30:31.314519305,T,TGT,I,6,89.67
2025-11-17,9:30:31.324160238,T,TGT,I,6,89.67
2025-11-17,9:30:31.571640807,T,TGT,I,6,89.695
2025-11-17,9:30:31.616685110,T,TGT,I,6,89.695
2025-11-17,9:30:32.257695214,T,TGT,I,6,89.695
2025-11-17,9:30:33.715144392,T,TGT,F I,2,89.74
2025-11-17,9:30:34.625482052,T,TGT,F I,25,89.79
2025-11-17,9:30:53.202562611,T,TGT,F I,45,89.92
2025-11-17,9:30:53.638096123,T,TGT,I,5,89.9
2025-11-17,9:30:53.840415097,T,TGT,I,5,89.9
2025-11-17,9:30:53.840580559,T,TGT,I,70,89.87
2025-11-17,9:30:55.697567361,T,TGT,I,75,89.805
2025-11-17,9:30:55.697615538,T,TGT,F I,25,89.805
2025-11-17,9:31:04.561532096,T,TGT,F I,3,89.83
2025-11-17,9:31:05.813525751,T,TGT,I,5,89.81
2025-11-17,9:31:09.048891375,T,TGT,I,1,89.81
2025-11-17,9:31:09.048912409,T,TGT,F,150,89.805
2025-11-17,9:31:11.786992368,T,TGT,F I,75,89.72
2025-11-17,9:31:11.787037488,T,TGT,F I,75,89.72
2025-11-17,9:31:11.808655924,T,TGT,I,6,89.66
2025-11-17,9:31:11.809657328,T,TGT,I,6,89.675
2025-11-17,9:31:11.809663368,T,TGT,I,6,89.675
2025-11-17,9:31:11.865626640,T,TGT,I,3,89.73
2025-11-17,9:31:12.616055531,T,TGT,I,6,89.675
2025-11-17,9:31:12.616067527,T,TGT,I,6,89.675
2025-11-17,9:31:12.824854853,T,TGT,I,3,89.675
2025-11-17,9:31:16.012794573,T,TGT,I,6,89.675
2025-11-17,9:31:16.012803624,T,TGT,I,6,89.675
2025-11-17,9:31:16.012806627,T,TGT,I,6,89.675
2025-11-17,9:31:16.012815576,T,TGT,I,6,89.675
2025-11-17,9:31:16.062900082,T,TGT,I,78,89.66
2025-11-17,9:31:16.062930045,T,TGT,I,6,89.66
2025-11-17,9:31:16.062936027,T,TGT,I,6,89.66
2025-11-17,9:31:16.062945092,T,TGT,I,4,89.66
2025-11-17,9:31:16.062945092,T,TGT,I,2,89.65
2025-11-17,9:31:16.062951107,T,TGT,I,4,89.65
2025-11-17,9:31:16.063931418,T,TGT,I,5,89.6
2025-11-17,9:31:16.063937440,T,TGT,I,5,89.6
2025-11-17,9:31:16.064003692,T,TGT,I,50,89.64
2025-11-17,9:31:16.064003692,T,TGT,I,15,89.64
2025-11-17,9:31:16.064006936,T,TGT,I,10,89.64
2025-11-17,9:31:16.064021760,T,TGT,I,1,89.64
2025-11-17,9:31:16.064265235,T,TGT,I,31,89.65
2025-11-17,9:31:16.064313266,T,TGT,F I,25,89.65
2025-11-17,9:31:16.064349355,T,TGT,I,75,89.65
2025-11-17,9:31:16.064367392,T,TGT,I,1,89.65
2025-11-17,9:31:16.064391438,T,TGT,I,17,89.66
2025-11-17,9:31:16.064418549,T,TGT,F I,24,89.63
2025-11-17,9:31:16.064436633,T,TGT,I,46,89.63
2025-11-17,9:31:16.064436633,T,TGT,I,14,89.61
2025-11-17,9:31:16.064478677,T,TGT,F I,1,89.63
2025-11-17,9:31:16.064511822,T,TGT,I,83,89.66
2025-11-17,9:31:16.064511822,T,TGT,I,70,89.66
2025-11-17,9:31:23.393403512,T,TGT,F I,70,89.64
2025-11-17,9:31:23.393629447,T,TGT,F I,60,89.58
2025-11-17,9:31:23.393635087,T,TGT,F,100,89.58
2025-11-17,9:31:23.393635087,T,TGT,F,140,89.57
2025-11-17,9:31:23.393653234,T,TGT,I,1,89.57
2025-11-17,9:31:23.393653234,T,TGT,F I,59,89.57
2025-11-17,9:31:23.393656158,T,TGT,F,100,89.57
2025-11-17,9:31:46.040999457,T,TGT,I,70,89.69
2025-11-17,9:31:47.807302338,T,TGT,F I,75,89.63
2025-11-17,9:31:47.807353416,T,TGT,F I,25,89.63
2025-11-17,9:31:48.698514512,T,TGT,F I,75,89.63
2025-11-17,9:31:48.698565628,T,TGT,F I,25,89.63
2025-11-17,9:31:49.256256145,T,TGT,I,4,89.635
2025-11-17,9:31:49.256280208,T,TGT,I,75,89.635
2025-11-17,9:31:49.256818545,T,TGT,F I,25,89.635
2025-11-17,9:32:03.008191766,T,TGT,F I,70,89.65
2025-11-17,9:32:03.067925990,T,TGT,I,33,89.69
2025-11-17,9:32:03.131915429,T,TGT,I,3,89.65
2025-11-17,9:32:03.200551004,T,TGT,I,30,89.68
2025-11-17,9:32:03.200554357,T,TGT,I,1,89.71
2025-11-17,9:32:03.200557023,T,TGT,I,2,89.71
2025-11-17,9:32:03.201312244,T,TGT,F,125,89.64
2025-11-17,9:32:03.201312244,T,TGT,F,100,89.64
2025-11-17,9:32:03.201314882,T,TGT,F I,50,89.64
2025-11-17,9:32:03.201317796,T,TGT,F,200,89.64
2025-11-17,9:32:06.294219092,T,TGT,F I,11,89.63
2025-11-17,9:32:06.294582945,T,TGT,F I,11,89.64
2025-11-17,9:32:06.294991895,T,TGT,F,104,89.67
2025-11-17,9:32:06.294995429,T,TGT,F I,13,89.67
2025-11-17,9:32:06.294997942,T,TGT,F,112,89.67
2025-11-17,9:32:06.295753266,T,TGT,F I,30,89.71
2025-11-17,9:32:06.295794753,T,TGT,F I,19,89.74
2025-11-17,9:32:06.862452878,T,TGT,F I,75,89.79
2025-11-17,9:32:08.284137681,T,TGT,F I,75,89.79
2025-11-17,9:32:08.284173674,T,TGT,I,25,89.79
2025-11-17,9:32:10.425524267,T,TGT,F I,25,89.825
2025-11-17,9:32:14.328233715,T,TGT,I,75,89.825
2025-11-17,9:32:14.328284838,T,TGT,I,25,89.825
2025-11-17,9:32:15.885421380,T,TGT,I,8,89.825
2025-11-17,9:32:35.795276975,T,TGT,F I,50,89.75
2025-11-17,9:32:35.795276975,T,TGT,F,200,89.75
2025-11-17,9:32:35.795619704,T,TGT,F I,5,89.66
2025-11-17,9:32:35.796326439,T,TGT,I,75,89.62
2025-11-17,9:32:35.796326439,T,TGT,I,26,89.61
2025-11-17,9:32:35.796350472,T,TGT,F I,74,89.61
2025-11-17,9:32:35.796350472,T,TGT,F I,1,89.61
2025-11-17,9:32:35.815172373,T,TGT,F I,5,89.5
2025-11-17,9:32:35.815175313,T,TGT,F I,12,89.5
2025-11-17,9:32:35.816724019,T,TGT,F I,75,89.49
2025-11-17,9:32:35.816769147,T,TGT,F I,75,89.49
2025-11-17,9:32:35.816805185,T,TGT,F I,50,89.49
2025-11-17,9:32:35.819364332,T,TGT,,200,89.47
2025-11-17,9:32:36.671375048,T,TGT,F I,42,89.41
2025-11-17,9:32:36.671597552,T,TGT,F I,30,89.4
2025-11-17,9:32:36.672340353,T,TGT,,120,89.39
2025-11-17,9:32:36.672361356,T,TGT,I,1,89.39
2025-11-17,9:32:36.916525099,T,TGT,I,34,89.39
2025-11-17,9:32:36.916555205,T,TGT,,1214,89.39
2025-11-17,9:32:36.916564444,T,TGT,F,2487,89.39
2025-11-17,9:32:36.916564444,T,TGT,F I,10,89.39
2025-11-17,9:32:36.916567518,T,TGT,F,100,89.39
2025-11-17,9:32:36.916570210,T,TGT,F,1214,89.39
2025-11-17,9:32:36.916570210,T,TGT,,171,89.39
2025-11-17,9:32:36.916576146,T,TGT,F,3195,89.39
2025-11-17,9:32:36.916585260,T,TGT,F,1214,89.39
2025-11-17,9:32:36.916594272,T,TGT,F,591,89.39
2025-11-17,9:32:36.916594272,T,TGT,F,2604,89.39
2025-11-17,9:32:36.916612621,T,TGT,I,70,89.41
2025-11-17,9:32:36.916616089,T,TGT,,106,89.39
2025-11-17,9:32:36.916616089,T,TGT,F,1015,89.39
2025-11-17,9:32:36.916618835,T,TGT,I,30,89.41
2025-11-17,9:32:36.916630381,T,TGT,,897,89.39
2025-11-17,9:32:36.916633336,T,TGT,,2982,89.39
2025-11-17,9:32:36.916633336,T,TGT,,691,89.39
2025-11-17,9:32:36.916645383,T,TGT,F,100,89.43
2025-11-17,9:32:36.916657436,T,TGT,F I,1,89.41
2025-11-17,9:32:36.916661038,T,TGT,I,70,89.41
2025-11-17,9:32:36.916664188,T,TGT,,100,89.4
2025-11-17,9:32:36.916667268,T,TGT,,200,89.4
2025-11-17,9:32:36.916667268,T,TGT,,230,89.39
2025-11-17,9:32:36.916702472,T,TGT,I,49,89.41
2025-11-17,9:32:36.916705974,T,TGT,,100,89.41
2025-11-17,9:32:36.916738645,T,TGT,F I,50,89.43
2025-11-17,9:32:36.916781192,T,TGT,I,46,89.47
2025-11-17,9:32:36.916828790,T,TGT,I,50,89.47
2025-11-17,9:32:36.916828790,T,TGT,I,30,89.47
2025-11-17,9:32:36.916840782,T,TGT,,100,89.47
2025-11-17,9:32:36.916856051,T,TGT,F I,57,89.47
2025-11-17,9:32:36.916900990,T,TGT,I,1,89.47
2025-11-17,9:32:36.916900990,T,TGT,I,49,89.47
2025-11-17,9:32:36.917006182,T,TGT,,100,89.44
2025-11-17,9:32:36.917009237,T,TGT,F I,2,89.42
2025-11-17,9:32:36.917039377,T,TGT,F I,6,89.44
2025-11-17,9:32:36.917043175,T,TGT,I,4,89.44
2025-11-17,9:32:36.917550590,T,TGT,I,57,89.45
2025-11-17,9:32:36.917550590,T,TGT,I,4,89.45
2025-11-17,9:32:36.917556496,T,TGT,I,61,89.45
2025-11-17,9:32:36.917571540,T,TGT,I,6,89.45
2025-11-17,9:32:36.918371530,T,TGT,F I,75,89.46
2025-11-17,9:32:36.918440648,T,TGT,F I,25,89.46
2025-11-17,9:32:36.923471629,T,TGT,I,70,89.46
2025-11-17,9:32:47.271808591,T,TGT,I,75,89.515
2025-11-17,9:32:47.306490259,T,TGT,I,75,89.515
2025-11-17,9:32:47.306514294,T,TGT,F I,25,89.515
2025-11-17,9:32:48.697441972,T,TGT,,100,89.515
2025-11-17,9:32:48.697739680,T,TGT,F I,33,89.46
2025-11-17,9:32:48.697739680,T,TGT,F,109,89.45
2025-11-17,9:32:48.697757676,T,TGT,I,1,89.45
2025-11-17,9:32:52.251822568,T,TGT,F I,25,89.53
2025-11-17,9:32:57.983898213,T,TGT,I,8,89.5
2025-11-17,9:32:58.172161746,T,TGT,F I,75,89.53
2025-11-17,9:32:58.172210510,T,TGT,F I,75,89.53
2025-11-17,9:32:58.172483442,T,TGT,I,8,89.5
2025-11-17,9:32:58.243482614,T,TGT,I,4,89.49
2025-11-17,9:32:58.243485623,T,TGT,I,4,89.49
2025-11-17,9:32:58.594066754,T,TGT,I,4,89.49
2025-11-17,9:32:58.856673441,T,TGT,I,4,89.49
2025-11-17,9:32:59.073020787,T,TGT,I,4,89.49
2025-11-17,9:33:00.831926135,T,TGT,F I,38,89.57
2025-11-17,9:33:02.838230720,T,TGT,F I,75,89.59
2025-11-17,9:33:02.838272878,T,TGT,F I,25,89.59
2025-11-17,9:33:02.841003334,T,TGT,I,1,89.59
2025-11-17,9:33:23.593177651,T,TGT,F I,28,89.6
2025-11-17,9:33:23.593243804,T,TGT,I,4,89.6
2025-11-17,9:33:24.668338049,T,TGT,I,6,89.65
2025-11-17,9:33:24.693781622,T,TGT,F I,70,89.66
2025-11-17,9:33:24.693781622,T,TGT,F I,6,89.65
2025-11-17,9:33:24.693808765,T,TGT,I,1,89.65
2025-11-17,9:33:24.693817922,T,TGT,I,37,89.65
2025-11-17,9:33:24.693820690,T,TGT,I,32,89.65
2025-11-17,9:33:34.937138622,T,TGT,I,70,89.67
2025-11-17,9:33:34.973621504,T,TGT,F I,2,89.69
2025-11-17,9:33:35.106102217,T,TGT,F I,50,89.68
2025-11-17,9:33:35.106105239,T,TGT,F I,50,89.68
2025-11-17,9:33:35.106820924,T,TGT,F I,16,89.68
2025-11-17,9:33:35.106853940,T,TGT,,284,89.68
2025-11-17,9:33:35.106859980,T,TGT,F I,50,89.66
2025-11-17,9:33:35.107082531,T,TGT,I,50,89.69
2025-11-17,9:33:35.108802626,T,TGT,F I,24,89.67
2025-11-17,9:33:35.245427811,T,TGT,F I,10,89.61
2025-11-17,9:33:35.245481439,T,TGT,I,60,89.64
2025-11-17,9:33:35.245484406,T,TGT,,100,89.64
2025-11-17,9:33:35.245487283,T,TGT,I,4,89.65
2025-11-17,9:33:38.415188367,T,TGT,I,57,89.63
2025-11-17,9:33:38.415218971,T,TGT,I,17,89.63
2025-11-17,9:33:38.415221460,T,TGT,I,1,89.63
2025-11-17,9:33:45.896606443,T,TGT,F,100,89.63
2025-11-17,9:33:47.720517547,T,TGT,I,5,89.56
2025-11-17,9:33:57.862578035,T,TGT,I,6,89.57
2025-11-17,9:33:58.816513603,T,TGT,F I,75,89.57
2025-11-17,9:33:59.966582392,T,TGT,F I,75,89.62
2025-11-17,9:33:59.986513887,T,TGT,I,41,89.62
2025-11-17,9:34:02.858039746,T,TGT,I,3,89.625
2025-11-17,9:34:09.743221548,T,TGT,I,4,89.6
2025-11-17,9:34:11.892904761,T,TGT,I,46,89.6
2025-11-17,9:34:12.007237123,T,TGT,F,100,89.61
2025-11-17,9:34:12.007273150,T,TGT,F,100,89.61
2025-11-17,9:34:22.887821092,T,TGT,F I,75,89.59
2025-11-17,9:34:25.332383925,T,TGT,I,15,89.595
2025-11-17,9:34:36.739642912,T,TGT,F,200,89.52
2025-11-17,9:34:36.739699710,T,TGT,,100,89.55
2025-11-17,9:34:36.739727056,T,TGT,I,1,89.545
2025-11-17,9:34:36.740424540,T,TGT,I,9,89.54
2025-11-17,9:34:36.740424540,T,TGT,I,91,89.56
2025-11-17,9:34:36.740466549,T,TGT,I,1,89.54
2025-11-17,9:34:36.740493625,T,TGT,F I,75,89.54
2025-11-17,9:34:36.740493625,T,TGT,F I,25,89.54
2025-11-17,9:34:36.740496634,T,TGT,F,100,89.51
2025-11-17,9:34:36.740520783,T,TGT,I,1,89.54
2025-11-17,9:34:36.740523676,T,TGT,I,99,89.55
2025-11-17,9:34:36.740568803,T,TGT,,100,89.51
2025-11-17,9:34:36.740601836,T,TGT,,100,89.54
2025-11-17,9:34:36.740782459,T,TGT,F I,23,89.51
2025-11-17,9:34:36.740833370,T,TGT,I,23,89.53
2025-11-17,9:34:36.744057130,T,TGT,I,3,89.51
2025-11-17,9:34:37.223751067,T,TGT,F,100,89.54
2025-11-17,9:34:37.223751067,T,TGT,F I,9,89.54
2025-11-17,9:34:37.223753864,T,TGT,F,100,89.54
2025-11-17,9:34:37.224192896,T,TGT,I,60,89.54
2025-11-17,9:34:47.134112658,T,TGT,F I,2,89.64
2025-11-17,9:34:47.134220687,T,TGT,F I,10,89.65
2025-11-17,9:34:47.134753094,T,TGT,F I,3,89.69
2025-11-17,9:34:47.134753094,T,TGT,F I,12,89.69
2025-11-17,9:34:47.154621313,T,TGT,I,5,89.67
2025-11-17,9:34:49.581724519,T,TGT,I,4,89.77
2025-11-17,9:34:51.446755560,T,TGT,F I,70,89.74
2025-11-17,9:35:06.843573566,T,TGT,I,12,89.79
2025-11-17,9:35:18.092285602,T,TGT,F I,8,89.76
2025-11-17,9:35:18.092340220,T,TGT,F I,8,89.76
2025-11-17,9:35:18.092342683,T,TGT,F I,8,89.76
2025-11-17,9:35:18.092357869,T,TGT,F I,75,89.76
2025-11-17,9:35:18.092375839,T,TGT,I,1,89.76
2025-11-17,9:35:18.092375839,T,TGT,I,1,89.75
2025-11-17,9:35:18.092379470,T,TGT,I,2,89.75
2025-11-17,9:35:18.092382578,T,TGT,I,2,89.75
2025-11-17,9:35:18.092384787,T,TGT,I,2,89.75
2025-11-17,9:35:18.092394222,T,TGT,F I,1,89.75
2025-11-17,9:35:18.093344083,T,TGT,I,70,89.75
2025-11-17,9:35:18.093374182,T,TGT,I,30,89.76
2025-11-17,9:35:18.162442761,T,TGT,F,100,89.71
2025-11-17,9:35:18.481836773,T,TGT,F I,70,89.7
2025-11-17,9:35:18.481836773,T,TGT,F I,30,89.71
2025-11-17,9:35:18.481854939,T,TGT,F I,70,89.71
2025-11-17,9:35:21.322797626,T,TGT,I,1,89.7
2025-11-17,9:35:23.546363899,T,TGT,I,18,89.65
2025-11-17,9:35:23.546706750,T,TGT,F I,70,89.69
2025-11-17,9:35:23.546721785,T,TGT,F I,2,89.69
2025-11-17,9:35:27.303604848,T,TGT,I,55,89.67
2025-11-17,9:35:27.303625921,T,TGT,F I,15,89.67
2025-11-17,9:35:33.070521534,T,TGT,F I,10,89.73
2025-11-17,9:35:35.561707249,T,TGT,F I,16,89.73
2025-11-17,9:35:44.969695146,T,TGT,I,36,89.75
2025-11-17,9:35:44.969716777,T,TGT,F I,64,89.75
2025-11-17,9:35:46.229417194,T,TGT,F,100,89.77
2025-11-17,9:35:50.274407568,T,TGT,F,100,89.8
2025-11-17,9:35:50.274500799,T,TGT,I,1,89.78
2025-11-17,9:35:50.274500799,T,TGT,I,28,89.78
2025-11-17,9:35:50.274561643,T,TGT,I,1,89.8
2025-11-17,9:35:50.274561643,T,TGT,I,28,89.8
2025-11-17,9:35:50.274572988,T,TGT,I,15,89.78
2025-11-17,9:36:03.656744543,T,TGT,F I,1,89.76
2025-11-17,9:36:05.687049307,T,TGT,F,100,89.72
2025-11-17,9:36:05.687052428,T,TGT,F,100,89.71
2025-11-17,9:36:05.687052428,T,TGT,F I,1,89.71
2025-11-17,9:36:05.687055281,T,TGT,F I,24,89.71
2025-11-17,9:36:09.716624977,T,TGT,F,100,89.73
2025-11-17,9:36:11.158506069,T,TGT,F I,75,89.755
2025-11-17,9:36:11.158563184,T,TGT,F I,25,89.75
2025-11-17,9:36:15.022660758,T,TGT,I,28,89.74
2025-11-17,9:36:15.941882710,T,TGT,F I,40,89.71
2025-11-17,9:36:15.941882710,T,TGT,F,100,89.71
2025-11-17,9:36:24.890146091,T,TGT,I,28,89.71
2025-11-17,9:36:29.784777928,T,TGT,F,100,89.66
2025-11-17,9:36:29.784783766,T,TGT,F I,1,89.65
2025-11-17,9:36:29.784786782,T,TGT,F I,92,89.65
2025-11-17,9:36:29.784802038,T,TGT,F I,8,89.65
2025-11-17,9:36:29.784805229,T,TGT,F I,60,89.65
2025-11-17,9:36:29.784808810,T,TGT,I,1,89.65
2025-11-17,9:36:29.785983622,T,TGT,F I,75,89.62
2025-11-17,9:36:43.710313877,T,TGT,F I,25,89.63
2025-11-17,9:36:51.998337459,T,TGT,F I,75,89.66
2025-11-17,9:36:52.905980780,T,TGT,I,2,89.66
2025-11-17,9:36:54.505885320,T,TGT,F,100,89.66
2025-11-17,9:36:54.514317416,T,TGT,F,100,89.68
2025-11-17,9:36:57.454764720,T,TGT,F I,40,89.66
2025-11-17,9:37:02.907600745,T,TGT,I,3,89.67
2025-11-17,9:37:06.386095681,T,TGT,I,60,89.66
2025-11-17,9:37:06.386153416,T,TGT,F I,73,89.64
2025-11-17,9:37:06.386161761,T,TGT,F,337,89.64
2025-11-17,9:37:06.386215958,T,TGT,,100,89.65
2025-11-17,9:37:06.386411384,T,TGT,,100,89.66
2025-11-17,9:37:06.386507580,T,TGT,I,40,89.66
2025-11-17,9:37:06.386715139,T,TGT,,100,89.66
2025-11-17,9:37:06.386718239,T,TGT,,100,89.66
2025-11-17,9:37:06.386722451,T,TGT,,100,89.66
2025-11-17,9:37:06.386724442,T,TGT,,100,89.66
2025-11-17,9:37:06.386724442,T,TGT,,100,89.66
2025-11-17,9:37:06.387148143,T,TGT,F I,24,89.65
2025-11-17,9:37:06.992739793,T,TGT,I,20,89.665
2025-11-17,9:37:11.575787144,T,TGT,F I,24,89.69
2025-11-17,9:37:11.575787144,T,TGT,F I,1,89.69
2025-11-17,9:37:11.575790689,T,TGT,F I,10,89.69
2025-11-17,9:37:11.576340401,T,TGT,F,1000,89.7
2025-11-17,9:37:11.577411167,T,TGT,F I,69,89.7
2025-11-17,9:37:11.577423399,T,TGT,F,100,89.7
2025-11-17,9:37:11.577425963,T,TGT,F,100,89.7
2025-11-17,9:37:11.577543188,T,TGT,F,100,89.69
2025-11-17,9:37:11.577546264,T,TGT,F I,26,89.69
2025-11-17,9:37:11.577546264,T,TGT,F I,20,89.69
2025-11-17,9:37:11.577549836,T,TGT,F I,15,89.69
2025-11-17,9:37:11.577591316,T,TGT,F I,16,89.69
2025-11-17,9:37:11.577702624,T,TGT,,100,89.69
2025-11-17,9:37:11.577735961,T,TGT,I,3,89.69
2025-11-17,9:37:11.577747671,T,TGT,F I,5,89.69
2025-11-17,9:37:12.505099976,T,TGT,I,40,89.69
2025-11-17,9:37:12.794362116,T,TGT,I,18,89.695
2025-11-17,9:37:13.488503485,T,TGT,F I,18,89.68
2025-11-17,9:37:13.495725955,T,TGT,I,18,89.66
2025-11-17,9:37:13.495746955,T,TGT,F I,25,89.66
2025-11-17,9:37:19.680409754,T,TGT,F I,10,89.65
2025-11-17,9:37:19.690507825,T,TGT,F I,12,89.66
2025-11-17,9:37:28.879799595,T,TGT,I,60,89.62
2025-11-17,9:37:40.798465714,T,TGT,F I,3,89.65
2025-11-17,9:38:03.271393223,T,TGT,F I,1,89.73
2025-11-17,9:38:03.440714628,T,TGT,I,1,89.73
2025-11-17,9:38:12.969876072,T,TGT,I,3,89.745
2025-11-17,9:38:12.970227854,T,TGT,F I,70,89.75
2025-11-17,9:38:12.970763163,T,TGT,F,100,89.72
2025-11-17,9:38:12.970937817,T,TGT,F I,61,89.73
2025-11-17,9:38:21.314116242,T,TGT,F I,48,89.73
2025-11-17,9:38:21.314118708,T,TGT,F I,52,89.73
2025-11-17,9:38:21.314154699,T,TGT,F I,80,89.74
2025-11-17,9:38:21.317544014,T,TGT,F I,50,89.75
2025-11-17,9:38:21.317546861,T,TGT,F I,8,89.74
2025-11-17,9:38:21.317558823,T,TGT,F I,62,89.74
2025-11-17,9:38:21.317558823,T,TGT,F I,88,89.74
2025-11-17,9:38:21.317733263,T,TGT,F I,8,89.73
2025-11-17,9:38:21.317736331,T,TGT,F I,50,89.73
2025-11-17,9:38:21.317781394,T,TGT,F I,8,89.73
2025-11-17,9:38:21.317994855,T,TGT,F I,17,89.74
2025-11-17,9:38:21.338729247,T,TGT,F I,75,89.73
2025-11-17,9:38:21.338747363,T,TGT,I,1,89.73
2025-11-17,9:38:21.338777460,T,TGT,F I,24,89.73
2025-11-17,9:38:21.339252571,T,TGT,F I,75,89.74
2025-11-17,9:38:21.339273962,T,TGT,F I,25,89.74
2025-11-17,9:38:21.339273962,T,TGT,F I,25,89.74
2025-11-17,9:38:21.339276992,T,TGT,I,1,89.74
2025-11-17,9:38:21.339279847,T,TGT,I,1,89.74
2025-11-17,9:38:21.339592307,T,TGT,I,75,89.745
2025-11-17,9:38:21.339595750,T,TGT,F I,25,89.745
2025-11-17,9:38:21.339598371,T,TGT,F I,75,89.73
2025-11-17,9:38:21.339817918,T,TGT,,100,89.74
2025-11-17,9:38:23.388646882,T,TGT,F I,1,89.77
2025-11-17,9:38:26.515538795,T,TGT,F,300,89.8
2025-11-17,9:38:26.515923148,T,TGT,F I,4,89.83
2025-11-17,9:38:26.516329140,T,TGT,F I,34,89.82
2025-11-17,9:38:26.516407665,T,TGT,F,100,89.82
2025-11-17,9:38:26.516413729,T,TGT,F I,5,89.82
2025-11-17,9:38:26.516413729,T,TGT,F I,12,89.81
2025-11-17,9:38:26.516413729,T,TGT,I,20,89.82
2025-11-17,9:38:26.516416344,T,TGT,F I,12,89.81
2025-11-17,9:38:26.516804248,T,TGT,F I,46,89.81
2025-11-17,9:38:26.516804248,T,TGT,F I,29,89.81
2025-11-17,9:38:26.516951581,T,TGT,F I,71,89.81
2025-11-17,9:38:26.517014786,T,TGT,F,100,89.8
2025-11-17,9:38:26.517017778,T,TGT,F I,12,89.8
2025-11-17,9:38:26.517035798,T,TGT,I,1,89.8
2025-11-17,9:38:26.517138021,T,TGT,,200,89.8
2025-11-17,9:38:26.517243515,T,TGT,F I,47,89.8
2025-11-17,9:38:26.517670342,T,TGT,F I,53,89.8
2025-11-17,9:38:26.517670342,T,TGT,F,100,89.8
2025-11-17,9:38:26.518936724,T,TGT,F I,36,89.79
2025-11-17,9:38:26.518939480,T,TGT,F,100,89.79
2025-11-17,9:38:31.160603446,T,TGT,F I,12,89.75
2025-11-17,9:38:31.160608324,T,TGT,F I,12,89.75
2025-11-17,9:38:31.160873139,T,TGT,F I,25,89.75
2025-11-17,9:38:39.034437334,T,TGT,I,1,89.745
2025-11-17,9:38:39.038644424,T,TGT,I,40,89.73
2025-11-17,9:38:39.038662406,T,TGT,I,10,89.73
2025-11-17,9:38:50.647936138,T,TGT,F,100,89.73
2025-11-17,9:38:50.647939102,T,TGT,F,123,89.73
2025-11-17,9:38:50.648378112,T,TGT,F,1000,89.71
2025-11-17,9:38:51.953054147,T,TGT,I,26,89.68
2025-11-17,9:38:52.926175385,T,TGT,I,2,89.68
2025-11-17,9:38:53.751509692,T,TGT,I,1,89.68
2025-11-17,9:38:56.185129367,T,TGT,F I,25,89.66
2025-11-17,9:38:56.185147351,T,TGT,F I,12,89.66
2025-11-17,9:38:56.185156365,T,TGT,F I,32,89.66
2025-11-17,9:38:56.185673807,T,TGT,I,31,89.66
2025-11-17,9:38:58.455886975,T,TGT,F I,25,89.67
2025-11-17,9:39:00.884301755,T,TGT,F I,25,89.65
2025-11-17,9:39:00.884301755,T,TGT,F I,70,89.65
2025-11-17,9:39:00.884304224,T,TGT,F I,5,89.64
2025-11-17,9:39:00.884313211,T,TGT,F I,95,89.64
2025-11-17,9:39:00.884313211,T,TGT,F I,5,89.64
2025-11-17,9:39:00.884337327,T,TGT,I,1,89.64
2025-11-17,9:39:00.894612812,T,TGT,I,25,89.63
2025-11-17,9:39:00.895481914,T,TGT,F,100,89.63
2025-11-17,9:39:10.211152859,T,TGT,F I,70,89.65
2025-11-17,9:39:10.213997604,T,TGT,F I,12,89.63
2025-11-17,9:39:10.214022358,T,TGT,F I,47,89.63
2025-11-17,9:39:10.214033743,T,TGT,F,100,89.61
2025-11-17,9:39:10.214036754,T,TGT,F I,12,89.61
2025-11-17,9:39:10.214566197,T,TGT,I,75,89.63
2025-11-17,9:39:10.214566197,T,TGT,I,25,89.63
2025-11-17,9:39:10.824734502,T,TGT,F,250,89.62
2025-11-17,9:39:11.093069774,T,TGT,I,25,89.63
2025-11-17,9:39:11.093117910,T,TGT,F I,35,89.63
2025-11-17,9:39:11.093117910,T,TGT,F,100,89.63
2025-11-17,9:39:11.123162498,T,TGT,I,60,89.63
2025-11-17,9:39:11.158373315,T,TGT,I,60,89.63
2025-11-17,9:39:11.165163568,T,TGT,I,23,89.62
2025-11-17,9:39:11.165223698,T,TGT,F I,27,89.62
2025-11-17,9:39:11.165223698,T,TGT,F,100,89.62
2025-11-17,9:39:11.362842518,T,TGT,F I,60,89.61
2025-11-17,9:39:11.699208767,T,TGT,I,60,89.61
2025-11-17,9:39:11.699259938,T,TGT,I,40,89.6
2025-11-17,9:39:11.699263346,T,TGT,,100,89.6
2025-11-17,9:39:11.700141051,T,TGT,F I,86,89.58
2025-11-17,9:39:11.700162071,T,TGT,F,114,89.58
2025-11-17,9:39:13.289165707,T,TGT,F I,20,89.55
2025-11-17,9:39:13.289165707,T,TGT,F,100,89.55
2025-11-17,9:39:13.289169126,T,TGT,F I,60,89.55
2025-11-17,9:39:13.302240745,T,TGT,F I,36,89.55
2025-11-17,9:39:13.302252808,T,TGT,F I,64,89.55
2025-11-17,9:39:13.302255758,T,TGT,F I,36,89.56
2025-11-17,9:39:14.901113731,T,TGT,I,75,89.57
2025-11-17,9:39:14.901113731,T,TGT,I,25,89.57
2025-11-17,9:39:17.003413193,T,TGT,F I,75,89.54
2025-11-17,9:39:17.003413193,T,TGT,F I,25,89.53
2025-11-17,9:39:17.090900617,T,TGT,I,12,89.53
2025-11-17,9:39:19.038616626,T,TGT,F I,25,89.55
2025-11-17,9:39:19.038616626,T,TGT,F I,50,89.56
2025-11-17,9:39:20.360574997,T,TGT,I,25,89.59
2025-11-17,9:39:20.360577976,T,TGT,I,4,89.6
2025-11-17,9:39:20.360593052,T,TGT,F I,2,89.6
2025-11-17,9:39:20.360596251,T,TGT,F,100,89.6
2025-11-17,9:39:20.360599153,T,TGT,F I,75,89.6
2025-11-17,9:39:20.360601979,T,TGT,F I,27,89.6
2025-11-17,9:39:33.285826013,T,TGT,F I,12,89.66
2025-11-17,9:39:33.285835054,T,TGT,F I,88,89.66
2025-11-17,9:39:33.286138811,T,TGT,F,100,89.65
2025-11-17,9:39:33.294095781,T,TGT,,100,89.64
2025-11-17,9:39:35.508508093,T,TGT,F I,75,89.62
2025-11-17,9:39:40.250847857,T,TGT,I,25,89.62
2025-11-17,9:39:40.335788316,T,TGT,I,14,89.67
2025-11-17,9:39:44.900774557,T,TGT,I,75,89.68
2025-11-17,9:39:50.909016068,T,TGT,F,100,89.68
2025-11-17,9:39:54.105938144,T,TGT,I,2,89.68
2025-11-17,9:39:56.074505853,T,TGT,,100,89.7
2025-11-17,9:39:56.074505853,T,TGT,I,12,89.7
2025-11-17,9:39:56.074508864,T,TGT,I,15,89.7
2025-11-17,9:40:02.200207300,T,TGT,I,10,89.67
2025-11-17,9:40:02.200273496,T,TGT,I,90,89.67
2025-11-17,9:40:04.008917178,T,TGT,I,2,89.65
2025-11-17,9:40:04.008917178,T,TGT,I,68,89.65
2025-11-17,9:40:04.010890436,T,TGT,F I,3,89.62
2025-11-17,9:40:04.100969624,T,TGT,I,3,89.64
2025-11-17,9:40:04.100969624,T,TGT,,100,89.64
2025-11-17,9:40:04.100990447,T,TGT,F I,70,89.64
2025-11-17,9:40:22.959319026,T,TGT,I,10,89.64
2025-11-17,9:40:35.118296519,T,TGT,I,70,89.66
2025-11-17,9:40:35.118296519,T,TGT,I,40,89.65
2025-11-17,9:40:35.118299444,T,TGT,I,75,89.65
2025-11-17,9:40:35.118314497,T,TGT,I,1,89.65
2025-11-17,9:40:37.256805169,T,TGT,F I,70,89.66
2025-11-17,9:40:40.200966125,T,TGT,F I,24,89.65
2025-11-17,9:40:40.200972113,T,TGT,F,100,89.65
2025-11-17,9:40:40.200972113,T,TGT,F I,76,89.65
2025-11-17,9:40:44.607670269,T,TGT,F I,70,89.64
2025-11-17,9:40:44.607691396,T,TGT,F I,2,89.63
2025-11-17,9:40:44.607694507,T,TGT,F,100,89.63
2025-11-17,9:40:44.607698745,T,TGT,F I,27,89.63
2025-11-17,9:40:44.621214453,T,TGT,I,11,89.63
2025-11-17,9:40:44.754028902,T,TGT,I,15,89.63
2025-11-17,9:40:46.669772826,T,TGT,F I,29,89.65
2025-11-17,9:40:46.669772826,T,TGT,F I,71,89.65
2025-11-17,9:40:46.674124282,T,TGT,,100,89.66
2025-11-17,9:40:48.137804138,T,TGT,F I,36,89.67
2025-11-17,9:40:50.333671346,T,TGT,I,60,89.7
2025-11-17,9:40:50.333689411,T,TGT,,140,89.7
2025-11-17,9:40:55.255749217,T,TGT,I,7,89.72
2025-11-17,9:40:56.444766808,T,TGT,F I,70,89.72
2025-11-17,9:40:57.229693795,T,TGT,F,100,89.7
2025-11-17,9:40:57.229982492,T,TGT,I,75,89.7
2025-11-17,9:40:57.229985519,T,TGT,I,25,89.7
2025-11-17,9:40:57.231837939,T,TGT,F I,75,89.7
2025-11-17,9:40:57.242071248,T,TGT,F I,75,89.7
2025-11-17,9:40:57.245202102,T,TGT,I,25,89.7
2025-11-17,9:40:57.260884083,T,TGT,F I,5,89.69
2025-11-17,9:40:57.415569629,T,TGT,I,70,89.7
2025-11-17,9:41:01.722554130,T,TGT,I,67,89.69
2025-11-17,9:41:01.722574191,T,TGT,I,33,89.69
2025-11-17,9:41:01.722574191,T,TGT,,100,89.69
2025-11-17,9:41:01.722577238,T,TGT,I,22,89.69
2025-11-17,9:41:01.722580205,T,TGT,I,1,89.69
2025-11-17,9:41:02.223567710,T,TGT,I,5,89.7
2025-11-17,9:41:03.736577169,T,TGT,I,2,89.685
2025-11-17,9:41:03.754683348,T,TGT,I,95,89.7
2025-11-17,9:41:03.754689665,T,TGT,I,75,89.7
2025-11-17,9:41:03.754689665,T,TGT,,100,89.7
2025-11-17,9:41:03.754714043,T,TGT,I,9,89.7
2025-11-17,9:41:03.754716867,T,TGT,F I,75,89.7
2025-11-17,9:41:03.754719869,T,TGT,F I,16,89.7
2025-11-17,9:41:03.754719869,T,TGT,F I,84,89.7
2025-11-17,9:41:03.754734592,T,TGT,I,91,89.7
2025-11-17,9:41:03.754737597,T,TGT,I,9,89.7
2025-11-17,9:41:03.754737597,T,TGT,I,82,89.7
2025-11-17,9:41:03.754740886,T,TGT,I,1,89.7
2025-11-17,9:41:04.603524953,T,TGT,,100,89.7
2025-11-17,9:41:04.603563871,T,TGT,I,28,89.7
2025-11-17,9:41:04.603563871,T,TGT,I,28,89.7
2025-11-17,9:41:04.603566744,T,TGT,I,28,89.7
2025-11-17,9:41:04.603569725,T,TGT,I,12,89.7
2025-11-17,9:41:04.603585262,T,TGT,F I,4,89.7
2025-11-17,9:41:04.603587711,T,TGT,F I,96,89.7
2025-11-17,9:41:04.603623876,T,TGT,F I,4,89.7
2025-11-17,9:41:04.603623876,T,TGT,F I,96,89.7
2025-11-17,9:41:04.603632999,T,TGT,F I,4,89.7
2025-11-17,9:41:04.603632999,T,TGT,F I,96,89.7
2025-11-17,9:41:04.603635839,T,TGT,I,4,89.7
2025-11-17,9:41:04.603635839,T,TGT,,114,89.7
2025-11-17,9:41:04.603641992,T,TGT,F,100,89.7
2025-11-17,9:41:04.603641992,T,TGT,I,55,89.7
2025-11-17,9:41:04.603647923,T,TGT,F I,4,89.7
2025-11-17,9:41:04.603659784,T,TGT,I,41,89.7
2025-11-17,9:41:04.603663248,T,TGT,I,86,89.7
2025-11-17,9:41:04.603684615,T,TGT,F I,14,89.7
2025-11-17,9:41:04.603684615,T,TGT,F I,86,89.7
2025-11-17,9:41:04.603689877,T,TGT,F I,14,89.7
2025-11-17,9:41:04.603689877,T,TGT,F I,86,89.7
2025-11-17,9:41:04.603698928,T,TGT,F,100,89.7
2025-11-17,9:41:04.603704950,T,TGT,,114,89.7
2025-11-17,9:41:04.603723060,T,TGT,F I,41,89.7
2025-11-17,9:41:04.603723060,T,TGT,F I,59,89.7
2025-11-17,9:41:04.603725988,T,TGT,F I,41,89.7
2025-11-17,9:41:04.603729030,T,TGT,F,100,89.7
2025-11-17,9:41:04.603795245,T,TGT,F,100,89.7
2025-11-17,9:41:04.603801148,T,TGT,F,100,89.7
2025-11-17,9:41:04.603816482,T,TGT,F I,4,89.7
2025-11-17,9:41:04.603822256,T,TGT,I,69,89.7
2025-11-17,9:41:04.603831479,T,TGT,F I,27,89.7
2025-11-17,9:41:04.603831479,T,TGT,F I,73,89.7
2025-11-17,9:41:04.603834952,T,TGT,F I,27,89.7
2025-11-17,9:41:04.603834952,T,TGT,F I,73,89.7
2025-11-17,9:41:04.603855357,T,TGT,I,1,89.7
2025-11-17,9:41:04.603915396,T,TGT,F I,75,89.7
2025-11-17,9:41:04.603991252,T,TGT,F I,24,89.7
2025-11-17,9:41:04.603993627,T,TGT,F,100,89.7
2025-11-17,9:41:04.604011670,T,TGT,I,69,89.7
2025-11-17,9:41:04.604270430,T,TGT,F I,31,89.7
2025-11-17,9:41:04.604273268,T,TGT,F I,69,89.7
2025-11-17,9:41:04.604291368,T,TGT,I,31,89.7
2025-11-17,9:41:04.604294501,T,TGT,I,38,89.7
2025-11-17,9:41:04.604294501,T,TGT,I,31,89.7
2025-11-17,9:41:04.604306330,T,TGT,I,31,89.7
2025-11-17,9:41:04.604429666,T,TGT,F,100,89.7
2025-11-17,9:41:04.604447702,T,TGT,I,69,89.7
2025-11-17,9:41:04.604474897,T,TGT,I,31,89.7
2025-11-17,9:41:04.604474897,T,TGT,I,69,89.7
2025-11-17,9:41:04.604504902,T,TGT,I,31,89.7
2025-11-17,9:41:04.604507833,T,TGT,I,35,89.7
2025-11-17,9:41:06.305678580,T,TGT,I,75,89.625
2025-11-17,9:41:06.305726647,T,TGT,I,75,89.625
2025-11-17,9:41:11.730016045,T,TGT,F I,15,89.62
2025-11-17,9:41:12.949637502,T,TGT,I,2,89.62
2025-11-17,9:41:15.932603079,T,TGT,I,10,89.64
2025-11-17,9:41:15.932603079,T,TGT,I,10,89.64
2025-11-17,9:41:15.932623940,T,TGT,I,20,89.64
2025-11-17,9:41:17.615210391,T,TGT,F I,4,89.67
2025-11-17,9:41:17.622400572,T,TGT,I,4,89.67
2025-11-17,9:41:19.098379782,T,TGT,F I,75,89.64
2025-11-17,9:41:19.690487366,T,TGT,I,27,89.64
2025-11-17,9:41:19.690508403,T,TGT,F I,33,89.64
2025-11-17,9:41:19.760452103,T,TGT,F I,60,89.61
2025-11-17,9:41:19.761306117,T,TGT,,100,89.62
2025-11-17,9:41:19.761306117,T,TGT,I,12,89.62
2025-11-17,9:41:19.761342200,T,TGT,I,81,89.62
2025-11-17,9:41:19.762527027,T,TGT,I,10,89.61
2025-11-17,9:41:27.885096631,T,TGT,I,2,89.63
2025-11-17,9:41:27.885099712,T,TGT,I,2,89.64
2025-11-17,9:41:29.091712204,T,TGT,F I,75,89.63
2025-11-17,9:41:30.552267797,T,TGT,F I,1,89.6
2025-11-17,9:41:30.552270759,T,TGT,F,100,89.6
2025-11-17,9:41:36.801704904,T,TGT,F I,2,89.57
2025-11-17,9:41:36.801710821,T,TGT,F I,4,89.57
2025-11-17,9:41:39.705371635,T,TGT,I,59,89.54
2025-11-17,9:41:39.705389331,T,TGT,F I,1,89.54
2025-11-17,9:41:39.794359235,T,TGT,F I,58,89.53
2025-11-17,9:41:45.649866929,T,TGT,I,11,89.55
2025-11-17,9:41:45.824298197,T,TGT,F,100,89.59
2025-11-17,9:41:45.824298197,T,TGT,F I,11,89.59
2025-11-17,9:41:45.824303525,T,TGT,F I,1,89.59
2025-11-17,9:41:58.532551740,T,TGT,I,30,89.58
2025-11-17,9:41:59.318714367,T,TGT,I,1,89.61
2025-11-17,9:42:03.712178434,T,TGT,F I,60,89.56
2025-11-17,9:42:03.712181332,T,TGT,F I,50,89.56
2025-11-17,9:42:03.712181332,T,TGT,F I,5,89.56
2025-11-17,9:42:03.715270096,T,TGT,,127,89.51
2025-11-17,9:42:03.715272404,T,TGT,,100,89.51
2025-11-17,9:42:03.715275362,T,TGT,I,2,89.5
2025-11-17,9:42:03.715275362,T,TGT,I,85,89.5
2025-11-17,9:42:03.724116469,T,TGT,I,60,89.56
2025-11-17,9:42:03.752440895,T,TGT,I,4,89.54
2025-11-17,9:42:03.752461937,T,TGT,F I,75,89.54
2025-11-17,9:42:16.460460402,T,TGT,I,1,89.54
2025-11-17,9:42:16.461431640,T,TGT,F I,1,89.55
2025-11-17,9:42:19.353713640,T,TGT,F I,36,89.57
2025-11-17,9:42:19.353716264,T,TGT,F I,4,89.57
2025-11-17,9:42:19.353722257,T,TGT,F,100,89.57
2025-11-17,9:42:19.353722257,T,TGT,F,100,89.57
2025-11-17,9:42:19.353722257,T,TGT,F I,13,89.57
2025-11-17,9:42:19.353725211,T,TGT,F I,11,89.57
2025-11-17,9:42:19.353728215,T,TGT,F I,3,89.57
2025-11-17,9:42:19.353728215,T,TGT,F I,2,89.57
2025-11-17,9:42:23.302756808,T,TGT,F I,60,89.57
2025-11-17,9:42:23.395413532,T,TGT,F I,55,89.57
2025-11-17,9:42:23.395458598,T,TGT,F I,75,89.57
2025-11-17,9:42:24.252145585,T,TGT,,100,89.575
2025-11-17,9:42:24.933619959,T,TGT,,100,89.575
2025-11-17,9:42:25.684581093,T,TGT,F I,4,89.56
2025-11-17,9:42:28.913698149,T,TGT,,142,89.52
2025-11-17,9:42:28.913698149,T,TGT,I,16,89.52
2025-11-17,9:42:32.851492473,T,TGT,I,23,89.51
2025-11-17,9:42:32.851492473,T,TGT,I,2,89.51
2025-11-17,9:42:32.851494973,T,TGT,I,15,89.5
2025-11-17,9:42:32.851497939,T,TGT,I,10,89.5
2025-11-17,9:42:32.851576155,T,TGT,I,2,89.5
2025-11-17,9:42:32.851666343,T,TGT,,100,89.51
2025-11-17,9:42:32.851666343,T,TGT,I,43,89.51
2025-11-17,9:42:32.851708555,T,TGT,I,40,89.52
2025-11-17,9:42:32.851708555,T,TGT,I,12,89.52
2025-11-17,9:42:32.851711722,T,TGT,I,70,89.52
2025-11-17,9:42:32.851714929,T,TGT,I,75,89.52
2025-11-17,9:42:32.851714929,T,TGT,,100,89.52
2025-11-17,9:42:32.851718008,T,TGT,,127,89.52
2025-11-17,9:42:32.851718008,T,TGT,,100,89.52
2025-11-17,9:42:32.851780692,T,TGT,I,19,89.51
2025-11-17,9:42:32.851783650,T,TGT,I,43,89.51
2025-11-17,9:42:32.851840752,T,TGT,I,25,89.51
2025-11-17,9:42:32.851846861,T,TGT,I,75,89.52
2025-11-17,9:42:32.852460278,T,TGT,I,19,89.5
2025-11-17,9:42:32.852517979,T,TGT,I,25,89.52
2025-11-17,9:42:32.852517979,T,TGT,I,19,89.52
2025-11-17,9:42:32.852521228,T,TGT,,100,89.52
2025-11-17,9:42:32.852523406,T,TGT,,100,89.52
2025-11-17,9:42:32.852523406,T,TGT,I,24,89.52
2025-11-17,9:42:32.853097858,T,TGT,I,6,89.52
2025-11-17,9:42:34.274617322,T,TGT,I,4,89.525
2025-11-17,9:42:40.978990313,T,TGT,F I,49,89.5
2025-11-17,9:42:40.978990313,T,TGT,F I,30,89.5
2025-11-17,9:42:40.978996298,T,TGT,F I,10,89.5
2025-11-17,9:42:40.978996298,T,TGT,F I,75,89.5
2025-11-17,9:42:40.979113539,T,TGT,F I,1,89.49
2025-11-17,9:42:40.979233862,T,TGT,F,100,89.49
2025-11-17,9:42:40.983582451,T,TGT,I,10,89.49
2025-11-17,9:42:40.983582451,T,TGT,I,10,89.49
2025-11-17,9:42:42.452530726,T,TGT,F I,11,89.49
2025-11-17,9:42:42.965504735,T,TGT,I,2,89.48
2025-11-17,9:42:45.277878573,T,TGT,F I,1,89.51
2025-11-17,9:42:46.045475169,T,TGT,F I,12,89.52
2025-11-17,9:42:46.809409119,T,TGT,F I,45,89.53
2025-11-17,9:42:46.809430165,T,TGT,I,39,89.53
2025-11-17,9:42:46.809433223,T,TGT,I,12,89.53
2025-11-17,9:42:46.809436405,T,TGT,I,18,89.53
2025-11-17,9:43:00.947876493,T,TGT,F I,56,89.52
2025-11-17,9:43:00.947888520,T,TGT,F I,44,89.52
2025-11-17,9:43:00.948922933,T,TGT,I,1,89.5
2025-11-17,9:43:00.948937972,T,TGT,F I,1,89.5
2025-11-17,9:43:00.949232775,T,TGT,I,55,89.52
2025-11-17,9:43:00.949232775,T,TGT,I,5,89.52
2025-11-17,9:43:00.949254190,T,TGT,I,56,89.51
2025-11-17,9:43:00.949710843,T,TGT,I,46,89.51
2025-11-17,9:43:00.950192006,T,TGT,I,7,89.52
2025-11-17,9:43:00.963321810,T,TGT,I,11,89.51
2025-11-17,9:43:00.963324631,T,TGT,I,70,89.51
2025-11-17,9:43:00.963324631,T,TGT,I,19,89.52
2025-11-17,9:43:00.973698923,T,TGT,I,31,89.5
2025-11-17,9:43:01.040966219,T,TGT,I,24,89.5
2025-11-17,9:43:04.261238933,T,TGT,F I,75,89.5
2025-11-17,9:43:05.301549267,T,TGT,I,50,89.49
2025-11-17,9:43:10.575302855,T,TGT,F I,1,89.5
2025-11-17,9:43:12.514130114,T,TGT,F I,16,89.53
2025-11-17,9:43:23.887521573,T,TGT,,190,89.5
2025-11-17,9:43:23.887536577,T,TGT,F I,9,89.5
2025-11-17,9:43:23.887540201,T,TGT,I,9,89.5
2025-11-17,9:43:23.887542606,T,TGT,I,1,89.5
2025-11-17,9:43:23.887545604,T,TGT,F I,83,89.5
2025-11-17,9:43:23.887548637,T,TGT,I,3,89.5
2025-11-17,9:43:23.887552303,T,TGT,I,3,89.5
2025-11-17,9:43:23.887554668,T,TGT,I,1,89.5
2025-11-17,9:43:29.246510390,T,TGT,F I,1,89.5
2025-11-17,9:43:33.538049164,T,TGT,I,17,89.53
2025-11-17,9:43:33.538052190,T,TGT,,100,89.53
2025-11-17,9:43:33.549518472,T,TGT,I,7,89.53
2025-11-17,9:43:33.549530535,T,TGT,I,70,89.53
2025-11-17,9:43:37.613781966,T,TGT,,100,89.525
2025-11-17,9:43:37.613781966,T,TGT,,1492,89.51
2025-11-17,9:43:37.613796973,T,TGT,I,1,89.51
2025-11-17,9:43:37.613799915,T,TGT,I,99,89.51
2025-11-17,9:43:37.615162200,T,TGT,I,23,89.51
2025-11-17,9:43:39.616667413,T,TGT,I,14,89.51
2025-11-17,9:43:39.783456809,T,TGT,I,8,89.53
2025-11-17,9:43:39.783501918,T,TGT,I,92,89.53
2025-11-17,9:43:39.783505740,T,TGT,I,5,89.53
2025-11-17,9:43:39.783505740,T,TGT,I,12,89.53
2025-11-17,9:43:39.783526708,T,TGT,F I,29,89.53
2025-11-17,9:43:39.783823594,T,TGT,I,13,89.53
2025-11-17,9:43:40.005382706,T,TGT,I,40,89.51
2025-11-17,9:43:40.006083236,T,TGT,,300,89.5
2025-11-17,9:43:45.340193667,T,TGT,I,38,89.5
2025-11-17,9:43:45.340196662,T,TGT,I,7,89.5
2025-11-17,9:43:45.340217897,T,TGT,,568,89.5
2025-11-17,9:43:45.340250768,T,TGT,F,100,89.51
2025-11-17,9:43:45.343862412,T,TGT,F I,24,89.5
2025-11-17,9:43:47.965968383,T,TGT,I,28,89.51
2025-11-17,9:43:48.020355691,T,TGT,I,12,89.54
2025-11-17,9:43:51.519539829,T,TGT,F I,25,89.55
2025-11-17,9:43:51.519543354,T,TGT,F I,19,89.54
2025-11-17,9:43:51.519543354,T,TGT,F I,50,89.54
2025-11-17,9:43:51.519545946,T,TGT,F,123,89.54
2025-11-17,9:43:51.519554841,T,TGT,I,1,89.54
2025-11-17,9:43:51.519557892,T,TGT,I,24,89.54
2025-11-17,9:43:51.519560882,T,TGT,I,1,89.54
2025-11-17,9:43:51.550260967,T,TGT,I,6,89.53
2025-11-17,9:43:51.554426180,T,TGT,I,10,89.53
2025-11-17,9:43:51.554426180,T,TGT,I,53,89.54
2025-11-17,9:43:53.479230618,T,TGT,,100,89.58
2025-11-17,9:43:53.479233489,T,TGT,I,1,89.58
2025-11-17,9:43:53.479233489,T,TGT,,100,89.58
2025-11-17,9:43:56.487516291,T,TGT,F I,25,89.59
2025-11-17,9:43:57.128968217,T,TGT,I,75,89.62
2025-11-17,9:43:57.128971275,T,TGT,I,25,89.62
2025-11-17,9:44:03.397852760,T,TGT,I,17,89.59
2025-11-17,9:44:07.697354510,T,TGT,F I,60,89.6
2025-11-17,9:44:09.449343319,T,TGT,I,4,89.585
2025-11-17,9:44:10.869948857,T,TGT,F I,10,89.63
2025-11-17,9:44:13.359378321,T,TGT,I,12,89.63
2025-11-17,9:44:15.854997126,T,TGT,F I,40,89.62
2025-11-17,9:44:15.854997126,T,TGT,F I,35,89.62
2025-11-17,9:44:15.855059903,T,TGT,F I,65,89.62
2025-11-17,9:44:23.311807189,T,TGT,I,10,89.59
2025-11-17,9:44:33.598987516,T,TGT,F I,30,89.62
2025-11-17,9:44:33.598990499,T,TGT,F I,3,89.62
2025-11-17,9:44:33.598993526,T,TGT,F I,56,89.62
2025-11-17,9:44:33.599005545,T,TGT,I,33,89.62
2025-11-17,9:44:33.977412023,T,TGT,F I,1,89.62
2025-11-17,9:44:39.130458215,T,TGT,F I,60,89.58
2025-11-17,9:44:39.140884158,T,TGT,,100,89.55
2025-11-17,9:44:39.181399562,T,TGT,I,40,89.53
2025-11-17,9:44:39.182106220,T,TGT,I,75,89.54
2025-11-17,9:44:39.182160365,T,TGT,I,25,89.54
2025-11-17,9:44:39.182163794,T,TGT,I,3,89.54
2025-11-17,9:44:39.182220477,T,TGT,F I,75,89.54
2025-11-17,9:44:41.359714030,T,TGT,I,4,89.54
2025-11-17,9:44:44.843609718,T,TGT,I,2,89.54
2025-11-17,9:44:54.045110567,T,TGT,I,3,89.54
2025-11-17,9:44:54.045489504,T,TGT,F I,50,89.52
2025-11-17,9:44:54.592943602,T,TGT,F I,14,89.5
2025-11-17,9:44:56.642852116,T,TGT,I,1,89.5
2025-11-17,9:44:58.552464333,T,TGT,I,2,89.49
2025-11-17,9:45:00.000843848,T,TGT,I,69,89.49
2025-11-17,9:45:03.210492193,T,TGT,F I,29,89.49
2025-11-17,9:45:04.804192843,T,TGT,F I,2,89.45
2025-11-17,9:45:04.804192843,T,TGT,F I,16,89.45
2025-11-17,9:45:04.805161169,T,TGT,I,1,89.45
2025-11-17,9:45:05.580606539,T,TGT,F I,18,89.41
2025-11-17,9:45:05.580615602,T,TGT,F,100,89.41
2025-11-17,9:45:05.581860898,T,TGT,F I,39,89.39
2025-11-17,9:45:05.581878513,T,TGT,,482,89.39
2025-11-17,9:45:05.581899688,T,TGT,I,1,89.39
2025-11-17,9:45:05.581902648,T,TGT,F,1126,89.39
2025-11-17,9:45:05.581917642,T,TGT,F,3122,89.39
2025-11-17,9:45:05.581920662,T,TGT,F,653,89.39
2025-11-17,9:45:05.581923709,T,TGT,,782,89.39
2025-11-17,9:45:05.581951501,T,TGT,F,100,89.4
2025-11-17,9:45:05.581951501,T,TGT,F I,53,89.41
2025-11-17,9:45:05.581966824,T,TGT,F I,47,89.41
2025-11-17,9:45:05.581966824,T,TGT,F I,29,89.41
2025-11-17,9:45:05.581971804,T,TGT,F I,24,89.41
2025-11-17,9:45:05.581971804,T,TGT,F I,76,89.41
2025-11-17,9:45:05.581971804,T,TGT,F I,14,89.41
2025-11-17,9:45:05.581975224,T,TGT,F I,63,89.42
2025-11-17,9:45:05.581983842,T,TGT,,127,89.4
2025-11-17,9:45:05.581987539,T,TGT,,4643,89.39
2025-11-17,9:45:05.581990515,T,TGT,F I,37,89.42
2025-11-17,9:45:05.581994240,T,TGT,F I,11,89.42
2025-11-17,9:45:05.581994240,T,TGT,F I,12,89.42
2025-11-17,9:45:05.581996144,T,TGT,F I,52,89.42
2025-11-17,9:45:05.582004940,T,TGT,F,100,89.4
2025-11-17,9:45:05.582004940,T,TGT,F,357,89.39
2025-11-17,9:45:05.582007828,T,TGT,F I,11,89.39
2025-11-17,9:45:05.582010909,T,TGT,F I,63,89.39
2025-11-17,9:45:05.582010909,T,TGT,F,3215,89.39
2025-11-17,9:45:05.582017092,T,TGT,,357,89.39
2025-11-17,9:45:05.582019927,T,TGT,I,8,89.4
2025-11-17,9:45:05.582083049,T,TGT,I,89,89.42
2025-11-17,9:45:05.582089188,T,TGT,I,11,89.42
2025-11-17,9:45:05.582092475,T,TGT,I,18,89.42
2025-11-17,9:45:05.582110093,T,TGT,I,71,89.42
2025-11-17,9:45:05.582113168,T,TGT,I,8,89.42
2025-11-17,9:45:05.582113168,T,TGT,I,8,89.41
2025-11-17,9:45:05.582117394,T,TGT,I,37,89.41
2025-11-17,9:45:05.582117394,T,TGT,,127,89.41
2025-11-17,9:45:05.582122724,T,TGT,I,29,89.4
2025-11-17,9:45:05.582122724,T,TGT,I,50,89.4
2025-11-17,9:45:05.582122724,T,TGT,,138,89.39
2025-11-17,9:45:05.582126504,T,TGT,I,3,89.42
2025-11-17,9:45:05.582126504,T,TGT,I,3,89.42
2025-11-17,9:45:05.582131221,T,TGT,I,3,89.42
2025-11-17,9:45:05.582131221,T,TGT,I,2,89.42
2025-11-17,9:45:05.582140160,T,TGT,F I,89,89.42
2025-11-17,9:45:05.582161644,T,TGT,F I,8,89.4
2025-11-17,9:45:05.582164567,T,TGT,F I,13,89.4
2025-11-17,9:45:05.582170203,T,TGT,F I,79,89.4
2025-11-17,9:45:05.582173981,T,TGT,F I,21,89.42
2025-11-17,9:45:05.582218329,T,TGT,F I,79,89.42
2025-11-17,9:45:05.582531134,T,TGT,F I,12,89.42
2025-11-17,9:45:05.582531134,T,TGT,F I,21,89.43
2025-11-17,9:45:05.582534445,T,TGT,F I,79,89.43
2025-11-17,9:45:05.582534445,T,TGT,F I,12,89.43
2025-11-17,9:45:05.582537948,T,TGT,F I,36,89.4
2025-11-17,9:45:05.582537948,T,TGT,F,100,89.4
2025-11-17,9:45:05.582543688,T,TGT,F,127,89.4
2025-11-17,9:45:05.582543688,T,TGT,F,4137,89.39
2025-11-17,9:45:05.582543688,T,TGT,F I,29,89.41
2025-11-17,9:45:05.582547700,T,TGT,I,12,89.41
2025-11-17,9:45:05.582547700,T,TGT,I,12,89.41
2025-11-17,9:45:05.582553653,T,TGT,I,26,89.41
2025-11-17,9:45:05.582553653,T,TGT,I,27,89.41
2025-11-17,9:45:05.582553653,T,TGT,I,27,89.41
2025-11-17,9:45:05.582558237,T,TGT,I,10,89.41
2025-11-17,9:45:05.582558237,T,TGT,F I,10,89.41
2025-11-17,9:45:05.582567184,T,TGT,F I,12,89.41
2025-11-17,9:45:05.582961128,T,TGT,I,5,89.41
2025-11-17,9:45:05.583442240,T,TGT,I,14,89.43
2025-11-17,9:45:05.583442240,T,TGT,I,7,89.43
2025-11-17,9:45:05.583445289,T,TGT,I,21,89.43
2025-11-17,9:45:05.583448803,T,TGT,I,1,89.43
2025-11-17,9:45:05.583448803,T,TGT,I,20,89.43
2025-11-17,9:45:05.583451273,T,TGT,I,7,89.43
2025-11-17,9:45:05.583496449,T,TGT,F I,75,89.43
2025-11-17,9:45:05.583517450,T,TGT,I,25,89.43
2025-11-17,9:45:05.600086951,T,TGT,I,10,89.43
2025-11-17,9:45:05.600107965,T,TGT,I,10,89.43
2025-11-17,9:45:09.707912126,T,TGT,I,16,89.44
2025-11-17,9:45:09.709151019,T,TGT,I,11,89.43
2025-11-17,9:45:10.004550768,T,TGT,I,18,89.43
2025-11-17,9:45:10.004550768,T,TGT,I,40,89.43
2025-11-17,9:45:10.004553766,T,TGT,I,1,89.42
2025-11-17,9:45:12.055418570,T,TGT,I,4,89.42
2025-11-17,9:45:12.055418570,T,TGT,I,1,89.42
2025-11-17,9:45:13.357671430,T,TGT,F I,13,89.42
2025-11-17,9:45:13.357674278,T,TGT,F I,39,89.42
2025-11-17,9:45:13.357676983,T,TGT,F I,2,89.42
2025-11-17,9:45:13.357688995,T,TGT,F I,30,89.42
2025-11-17,9:45:17.586471487,T,TGT,F I,12,89.45
2025-11-17,9:45:17.586471487,T,TGT,F I,50,89.45
2025-11-17,9:45:17.614242743,T,TGT,,100,89.455
2025-11-17,9:45:17.614245833,T,TGT,,100,89.44
2025-11-17,9:45:17.614245833,T,TGT,I,11,89.44
2025-11-17,9:45:17.614249256,T,TGT,I,31,89.43
2025-11-17,9:45:17.614249256,T,TGT,I,50,89.43
2025-11-17,9:45:17.614251522,T,TGT,I,39,89.43
2025-11-17,9:45:17.614251522,T,TGT,I,1,89.43
2025-11-17,9:45:17.614263546,T,TGT,I,1,89.43
2025-11-17,9:45:17.630595509,T,TGT,I,14,89.45
2025-11-17,9:45:21.187108178,T,TGT,I,10,89.45
2025-11-17,9:45:21.187147303,T,TGT,I,26,89.45
2025-11-17,9:45:21.187177343,T,TGT,I,20,89.44
2025-11-17,9:45:21.187180380,T,TGT,I,2,89.44
2025-11-17,9:45:21.187183384,T,TGT,I,17,89.44
2025-11-17,9:45:21.187216457,T,TGT,F I,7,89.44
2025-11-17,9:45:21.244151204,T,TGT,F I,10,89.44
2025-11-17,9:45:21.244151204,T,TGT,F I,9,89.45
2025-11-17,9:45:21.245137492,T,TGT,F I,6,89.46
2025-11-17,9:45:21.674007146,T,TGT,I,7,89.46
2025-11-17,9:45:21.674007146,T,TGT,I,1,89.46
2025-11-17,9:45:21.674010120,T,TGT,I,1,89.46
2025-11-17,9:45:21.674025669,T,TGT,I,9,89.46
2025-11-17,9:45:22.975937807,T,TGT,I,2,89.46
2025-11-17,9:45:29.851641448,T,TGT,F,300,89.5
2025-11-17,9:45:29.851644044,T,TGT,F I,30,89.5
2025-11-17,9:45:29.883027261,T,TGT,I,75,89.5
2025-11-17,9:45:29.883029761,T,TGT,F I,25,89.5
2025-11-17,9:45:29.883038844,T,TGT,F I,28,89.49
2025-11-17,9:45:29.883041777,T,TGT,F,100,89.49
2025-11-17,9:45:29.883044786,T,TGT,F,100,89.49
2025-11-17,9:45:29.883048055,T,TGT,F,100,89.48
2025-11-17,9:45:29.883051383,T,TGT,F I,30,89.48
2025-11-17,9:45:29.883051383,T,TGT,F I,42,89.48
2025-11-17,9:45:29.883053837,T,TGT,F I,25,89.48
2025-11-17,9:45:29.905709735,T,TGT,,100,89.46
2025-11-17,9:45:31.101003340,T,TGT,I,60,89.46
2025-11-17,9:45:31.240971772,T,TGT,I,60,89.46
2025-11-17,9:45:31.241067935,T,TGT,I,23,89.46
2025-11-17,9:45:31.241125083,T,TGT,I,16,89.46
2025-11-17,9:45:31.269961754,T,TGT,I,16,89.46
2025-11-17,9:45:31.269981860,T,TGT,I,24,89.46
2025-11-17,9:45:31.270042228,T,TGT,,100,89.45
2025-11-17,9:45:31.270042228,T,TGT,I,34,89.45
2025-11-17,9:45:36.967742763,T,TGT,F I,34,89.45
2025-11-17,9:45:36.967802867,T,TGT,F I,47,89.46
2025-11-17,9:45:36.967823945,T,TGT,F I,53,89.46
2025-11-17,9:45:36.967826894,T,TGT,F I,34,89.46
2025-11-17,9:45:37.072094369,T,TGT,F I,75,89.47
2025-11-17,9:45:45.572691338,T,TGT,I,27,89.44
2025-11-17,9:45:45.575912106,T,TGT,,100,89.44
2025-11-17,9:45:47.654325495,T,TGT,I,2,89.44
2025-11-17,9:45:57.583738210,T,TGT,,100,89.43
2025-11-17,9:45:57.583740827,T,TGT,I,16,89.43
2025-11-17,9:45:57.583743656,T,TGT,I,5,89.43
2025-11-17,9:45:57.583752781,T,TGT,I,1,89.43
2025-11-17,9:45:57.583755681,T,TGT,I,90,89.43
2025-11-17,9:45:57.586943075,T,TGT,I,11,89.43
2025-11-17,9:45:57.761936268,T,TGT,F I,19,89.44
2025-11-17,9:45:57.761936268,T,TGT,F I,31,89.44
2025-11-17,9:45:57.761939003,T,TGT,F I,15,89.44
2025-11-17,9:46:06.367693558,T,TGT,I,19,89.435
2025-11-17,9:46:06.367765843,T,TGT,F I,19,89.435
2025-11-17,9:46:06.373076467,T,TGT,I,32,89.435
2025-11-17,9:46:06.903771699,T,TGT,I,19,89.43
2025-11-17,9:46:06.903931082,T,TGT,F I,1,89.42
2025-11-17,9:46:06.905206114,T,TGT,F I,23,89.44
2025-11-17,9:46:06.905206114,T,TGT,F I,29,89.44
2025-11-17,9:46:06.905230149,T,TGT,I,14,89.44
2025-11-17,9:46:06.981395570,T,TGT,I,1,89.43
2025-11-17,9:46:06.981399199,T,TGT,I,13,89.43
2025-11-17,9:46:07.404747369,T,TGT,,100,89.42
2025-11-17,9:46:07.404747369,T,TGT,I,21,89.42
2025-11-17,9:46:07.404750131,T,TGT,,100,89.42
2025-11-17,9:46:07.404765173,T,TGT,I,1,89.42
2025-11-17,9:46:07.460686419,T,TGT,I,52,89.41
2025-11-17,9:46:07.605174781,T,TGT,F I,60,89.4
2025-11-17,9:46:07.605177648,T,TGT,F I,17,89.4
2025-11-17,9:46:07.605195741,T,TGT,F I,1,89.4
2025-11-17,9:46:07.663372986,T,TGT,,725,89.39
2025-11-17,9:46:07.663393323,T,TGT,F I,13,89.39
2025-11-17,9:46:07.663399376,T,TGT,F I,75,89.39
2025-11-17,9:46:07.663402401,T,TGT,F I,13,89.39
2025-11-17,9:46:07.663405429,T,TGT,F I,75,89.39
2025-11-17,9:46:07.663423448,T,TGT,,1345,89.39
2025-11-17,9:46:07.663432471,T,TGT,,3479,89.39
2025-11-17,9:46:07.663435921,T,TGT,,1508,89.39
2025-11-17,9:46:07.663435921,T,TGT,F I,13,89.39
2025-11-17,9:46:07.663447434,T,TGT,F I,10,89.39
2025-11-17,9:46:07.663462473,T,TGT,F,887,89.39
2025-11-17,9:46:07.663483595,T,TGT,,600,89.39
2025-11-17,9:46:07.663544594,T,TGT,F,3503,89.39
2025-11-17,9:46:07.663544594,T,TGT,F,2497,89.39
2025-11-17,9:46:07.663561762,T,TGT,I,58,89.39
2025-11-17,9:46:07.663580396,T,TGT,F I,13,89.39
2025-11-17,9:46:07.663591772,T,TGT,,600,89.39
2025-11-17,9:46:07.663685038,T,TGT,,4329,89.39
2025-11-17,9:46:07.663703036,T,TGT,F,100,89.39
2025-11-17,9:46:07.663724123,T,TGT,F,886,89.39
2025-11-17,9:46:07.663736133,T,TGT,F,3146,89.39
2025-11-17,9:46:07.663766274,T,TGT,,600,89.39
2025-11-17,9:46:07.663778209,T,TGT,F I,13,89.39
2025-11-17,9:46:07.664493961,T,TGT,F,255,89.39
2025-11-17,9:46:07.664499992,T,TGT,F I,6,89.39
2025-11-17,9:46:07.664514980,T,TGT,I,16,89.39
2025-11-17,9:46:07.665068343,T,TGT,,100,89.39
2025-11-17,9:46:07.667940236,T,TGT,F,100,89.4
2025-11-17,9:46:07.667943197,T,TGT,F I,23,89.4
2025-11-17,9:46:07.667943197,T,TGT,F I,33,89.4
2025-11-17,9:46:07.667952248,T,TGT,F I,23,89.41
2025-11-17,9:46:07.682945987,T,TGT,F I,12,89.44
2025-11-17,9:46:07.682945987,T,TGT,F I,88,89.44
2025-11-17,9:46:08.713254818,T,TGT,I,29,89.43
2025-11-17,9:46:08.713257772,T,TGT,I,5,89.43
2025-11-17,9:46:08.713275610,T,TGT,F I,8,89.43
2025-11-17,9:46:08.713299640,T,TGT,F I,8,89.43
2025-11-17,9:46:17.909528922,T,TGT,F I,11,89.41
2025-11-17,9:46:19.002133921,T,TGT,F I,28,89.4
2025-11-17,9:46:19.002137007,T,TGT,F,100,89.4
2025-11-17,9:46:19.002140060,T,TGT,F I,1,89.4
2025-11-17,9:46:19.002140060,T,TGT,F I,4,89.4
2025-11-17,9:46:19.002142985,T,TGT,F I,1,89.4
2025-11-17,9:46:20.710028543,T,TGT,I,42,89.42
2025-11-17,9:46:22.769529912,T,TGT,I,84,89.44
2025-11-17,9:46:22.953848006,T,TGT,F I,75,89.45
2025-11-17,9:46:24.915514460,T,TGT,F I,25,89.45
2025-11-17,9:46:25.482361750,T,TGT,I,4,89.47
2025-11-17,9:46:25.482368557,T,TGT,I,10,89.47
2025-11-17,9:46:25.482371402,T,TGT,I,2,89.47
2025-11-17,9:46:25.483991557,T,TGT,F I,11,89.48
2025-11-17,9:46:27.118845317,T,TGT,I,70,89.5
2025-11-17,9:46:27.118869398,T,TGT,F I,30,89.505
2025-11-17,9:46:27.127178216,T,TGT,I,70,89.5
2025-11-17,9:46:27.127199217,T,TGT,F I,30,89.505
2025-11-17,9:46:27.135204385,T,TGT,I,70,89.5
2025-11-17,9:46:27.135207376,T,TGT,I,30,89.5
2025-11-17,9:46:27.143227455,T,TGT,I,70,89.5
2025-11-17,9:46:27.143251485,T,TGT,F I,30,89.505
2025-11-17,9:46:27.151575279,T,TGT,I,70,89.5
2025-11-17,9:46:27.151599370,T,TGT,F I,30,89.505
2025-11-17,9:46:27.159577436,T,TGT,I,70,89.5
2025-11-17,9:46:27.159601643,T,TGT,F I,30,89.505
2025-11-17,9:46:27.168827403,T,TGT,I,70,89.51
2025-11-17,9:46:27.168854530,T,TGT,F I,30,89.52
2025-11-17,9:46:27.168890970,T,TGT,I,70,89.51
2025-11-17,9:46:27.168890970,T,TGT,I,7,89.52
2025-11-17,9:46:27.168893558,T,TGT,I,2,89.52
2025-11-17,9:46:27.168897114,T,TGT,,127,89.52
2025-11-17,9:46:27.168897114,T,TGT,I,75,89.52
2025-11-17,9:46:27.168899680,T,TGT,,100,89.52
2025-11-17,9:46:27.168902612,T,TGT,I,17,89.52
2025-11-17,9:46:27.168914623,T,TGT,I,9,89.52
2025-11-17,9:46:27.210957737,T,TGT,I,70,89.51
2025-11-17,9:46:27.210996945,T,TGT,I,10,89.51
2025-11-17,9:46:27.211448112,T,TGT,I,33,89.5
2025-11-17,9:46:27.211451367,T,TGT,,118,89.5
2025-11-17,9:46:27.211451367,T,TGT,I,82,89.5
2025-11-17,9:46:31.291901951,T,TGT,F I,35,89.48
2025-11-17,9:46:31.302237580,T,TGT,I,40,89.48
2025-11-17,9:46:31.338880148,T,TGT,I,19,89.48
2025-11-17,9:46:31.338882967,T,TGT,I,16,89.48
2025-11-17,9:46:31.338882967,T,TGT,I,2,89.48
2025-11-17,9:46:31.349705677,T,TGT,I,11,89.48
2025-11-17,9:46:31.405061507,T,TGT,I,60,89.48
2025-11-17,9:46:34.684214530,T,TGT,I,8,89.49
2025-11-17,9:46:34.884984875,T,TGT,F I,53,89.5
2025-11-17,9:46:34.885005853,T,TGT,I,40,89.5
2025-11-17,9:46:34.885718623,T,TGT,F I,13,89.5
2025-11-17,9:46:34.885856956,T,TGT,I,11,89.5
2025-11-17,9:46:34.898550156,T,TGT,F I,31,89.49
2025-11-17,9:46:34.898553139,T,TGT,F,100,89.49
2025-11-17,9:46:38.689200626,T,TGT,I,31,89.485
2025-11-17,9:46:38.689417112,T,TGT,I,31,89.5
2025-11-17,9:46:38.689435185,T,TGT,I,14,89.5
2025-11-17,9:46:42.185609258,T,TGT,F,100,89.48
2025-11-17,9:46:42.185621198,T,TGT,F,100,89.48
2025-11-17,9:46:42.185621198,T,TGT,F I,50,89.48
2025-11-17,9:46:42.185627787,T,TGT,I,1,89.48
2025-11-17,9:46:55.339046761,T,TGT,F I,5,89.52
2025-11-17,9:46:55.339064807,T,TGT,F I,8,89.52
2025-11-17,9:46:55.339076855,T,TGT,I,8,89.52
2025-11-17,9:46:55.339085923,T,TGT,I,13,89.52
2025-11-17,9:46:56.975497399,T,TGT,F I,30,89.51
2025-11-17,9:46:56.983749024,T,TGT,F,100,89.5
2025-11-17,9:46:57.004230793,T,TGT,I,35,89.48
2025-11-17,9:46:57.004254889,T,TGT,F I,82,89.48
2025-11-17,9:46:57.004257895,T,TGT,F I,70,89.48
2025-11-17,9:46:57.004269890,T,TGT,F I,30,89.48
2025-11-17,9:46:57.004269890,T,TGT,F,100,89.48
2025-11-17,9:46:57.005818697,T,TGT,I,10,89.48
2025-11-17,9:46:57.005818697,T,TGT,I,13,89.49
2025-11-17,9:46:57.005822273,T,TGT,,127,89.49
2025-11-17,9:46:57.005822273,T,TGT,I,28,89.5
2025-11-17,9:46:57.005824795,T,TGT,I,14,89.5
2025-11-17,9:46:57.005827614,T,TGT,I,12,89.5
2025-11-17,9:46:57.005827614,T,TGT,I,50,89.5
2025-11-17,9:46:57.005863668,T,TGT,I,14,89.48
2025-11-17,9:47:00.804798902,T,TGT,F I,28,89.48
2025-11-17,9:47:00.873302622,T,TGT,F I,86,89.47
2025-11-17,9:47:00.873305148,T,TGT,F I,98,89.47
2025-11-17,9:47:00.873323171,T,TGT,F I,2,89.47
2025-11-17,9:47:00.932434965,T,TGT,I,43,89.45
2025-11-17,9:47:03.005985834,T,TGT,I,2,89.46
2025-11-17,9:47:03.222585897,T,TGT,F,115,89.47
2025-11-17,9:47:03.222588828,T,TGT,F I,1,89.47
2025-11-17,9:47:03.222591905,T,TGT,F I,12,89.47
2025-11-17,9:47:03.222655054,T,TGT,F I,1,89.48
2025-11-17,9:47:11.417200993,T,TGT,F I,1,89.5
2025-11-17,9:47:11.417904731,T,TGT,F I,80,89.5
2025-11-17,9:47:11.417922801,T,TGT,I,1,89.5
2025-11-17,9:47:11.417931778,T,TGT,F,284,89.5
2025-11-17,9:47:11.417935378,T,TGT,F I,1,89.5
2025-11-17,9:47:11.417935378,T,TGT,F I,69,89.5
2025-11-17,9:47:11.418415887,T,TGT,I,4,89.5
2025-11-17,9:47:13.265446090,T,TGT,F I,67,89.5
2025-11-17,9:47:13.645593767,T,TGT,F,152,89.5
2025-11-17,9:47:13.645598007,T,TGT,F I,51,89.5
2025-11-17,9:47:13.645598007,T,TGT,F I,12,89.5
2025-11-17,9:47:13.646901831,T,TGT,I,7,89.52
2025-11-17,9:47:13.646904921,T,TGT,I,7,89.52
2025-11-17,9:47:13.646910852,T,TGT,I,7,89.52
2025-11-17,9:47:13.646910852,T,TGT,I,2,89.52
2025-11-17,9:47:13.646920443,T,TGT,I,2,89.52
2025-11-17,9:47:13.646922969,T,TGT,F I,49,89.52
2025-11-17,9:47:24.469384441,T,TGT,I,70,89.5
2025-11-17,9:47:24.481783503,T,TGT,I,1,89.51
2025-11-17,9:47:26.179474343,T,TGT,F I,38,89.53
2025-11-17,9:47:26.179492661,T,TGT,F I,62,89.53
2025-11-17,9:47:26.179495395,T,TGT,F I,10,89.53
2025-11-17,9:47:26.180890760,T,TGT,F I,3,89.54
2025-11-17,9:47:31.036817060,T,TGT,F I,22,89.59
2025-11-17,9:47:31.036850466,T,TGT,F I,7,89.59
2025-11-17,9:47:31.036850466,T,TGT,F I,10,89.59
2025-11-17,9:47:31.104321862,T,TGT,F I,60,89.58
2025-11-17,9:47:31.104333889,T,TGT,F I,75,89.58
2025-11-17,9:47:31.639088897,T,TGT,I,4,89.59
2025-11-17,9:47:31.771256751,T,TGT,F,100,89.57
2025-11-17,9:47:36.185524187,T,TGT,,100,89.56
2025-11-17,9:47:36.185530323,T,TGT,F I,5,89.53
2025-11-17,9:47:36.185530323,T,TGT,F I,12,89.53
2025-11-17,9:47:36.185532953,T,TGT,F I,36,89.53
2025-11-17,9:47:39.443539513,T,TGT,F I,75,89.55
2025-11-17,9:47:42.796292863,T,TGT,F I,75,89.55
2025-11-17,9:47:42.796587523,T,TGT,I,2,89.55
2025-11-17,9:47:56.335206853,T,TGT,F I,6,89.555
2025-11-17,9:47:57.095953109,T,TGT,F I,1,89.56
2025-11-17,9:48:13.029357542,T,TGT,I,2,89.565
2025-11-17,9:48:16.970859405,T,TGT,F I,1,89.57
2025-11-17,9:48:16.970868472,T,TGT,F I,1,89.57
2025-11-17,9:48:16.970874494,T,TGT,F I,1,89.57
2025-11-17,9:48:20.134868517,T,TGT,I,10,89.58
2025-11-17,9:48:20.134871126,T,TGT,I,5,89.58
2025-11-17,9:48:20.134874193,T,TGT,,100,89.58
2025-11-17,9:48:24.114563950,T,TGT,F,100,89.62
2025-11-17,9:48:24.200752298,T,TGT,I,1,89.62
2025-11-17,9:48:24.878618218,T,TGT,F I,75,89.615
2025-11-17,9:48:24.878663348,T,TGT,I,25,89.615
2025-11-17,9:48:28.945991029,T,TGT,F,100,89.59
2025-11-17,9:48:28.945994192,T,TGT,F I,50,89.59
2025-11-17,9:48:28.945994192,T,TGT,F I,5,89.59
2025-11-17,9:48:29.213102340,T,TGT,I,10,89.59
2025-11-17,9:48:33.486700368,T,TGT,F,100,89.56
2025-11-17,9:48:33.486703388,T,TGT,F I,5,89.56
2025-11-17,9:48:33.486706702,T,TGT,F I,40,89.56
2025-11-17,9:48:33.488324216,T,TGT,F I,20,89.55
2025-11-17,9:48:33.488799366,T,TGT,F I,6,89.54
2025-11-17,9:48:33.505104263,T,TGT,I,75,89.545
2025-11-17,9:48:33.505128284,T,TGT,I,75,89.545
2025-11-17,9:48:33.505161388,T,TGT,I,50,89.545
2025-11-17,9:48:34.022125997,T,TGT,I,56,89.54
2025-11-17,9:48:34.022143963,T,TGT,I,44,89.54
2025-11-17,9:48:34.779137395,T,TGT,F I,5,89.53
2025-11-17,9:48:34.779140411,T,TGT,F,100,89.53
2025-11-17,9:48:37.609868200,T,TGT,I,5,89.51
2025-11-17,9:48:37.609880143,T,TGT,I,95,89.51
2025-11-17,9:48:37.611669379,T,TGT,I,10,89.5
2025-11-17,9:48:37.611672411,T,TGT,I,5,89.5
2025-11-17,9:48:40.723136860,T,TGT,I,4,89.47
2025-11-17,9:48:40.724466015,T,TGT,I,11,89.47
2025-11-17,9:48:43.446226142,T,TGT,F I,3,89.47
2025-11-17,9:48:43.446517809,T,TGT,,100,89.46
2025-11-17,9:48:43.446520827,T,TGT,I,5,89.46
2025-11-17,9:48:43.446520827,T,TGT,,100,89.46
2025-11-17,9:48:43.459881710,T,TGT,I,25,89.45
2025-11-17,9:48:43.459932791,T,TGT,F I,15,89.45
2025-11-17,9:48:50.308670720,T,TGT,F I,21,89.445
2025-11-17,9:48:50.368176397,T,TGT,F I,1,89.46
2025-11-17,9:48:50.368197523,T,TGT,I,1,89.46
2025-11-17,9:48:50.568664012,T,TGT,I,30,89.46
2025-11-17,9:48:50.568664012,T,TGT,I,70,89.45
2025-11-17,9:48:50.568683010,T,TGT,I,1,89.45
2025-11-17,9:49:01.502676339,T,TGT,I,4,89.49
2025-11-17,9:49:04.435825033,T,TGT,F I,70,89.5
2025-11-17,9:49:09.740820142,T,TGT,F I,75,89.51
2025-11-17,9:49:16.617248948,T,TGT,F I,5,89.5
2025-11-17,9:49:16.617248948,T,TGT,F I,98,89.5
2025-11-17,9:49:16.617254997,T,TGT,F I,51,89.5
2025-11-17,9:49:16.617254997,T,TGT,F I,49,89.5
2025-11-17,9:49:16.617257523,T,TGT,F I,5,89.5
2025-11-17,9:49:16.617260075,T,TGT,F I,60,89.5
2025-11-17,9:49:16.617263161,T,TGT,F,100,89.5
2025-11-17,9:49:16.618066065,T,TGT,I,2,89.48
2025-11-17,9:49:18.173539554,T,TGT,I,58,89.49
2025-11-17,9:49:20.024518310,T,TGT,F I,18,89.48
2025-11-17,9:49:24.072443725,T,TGT,F I,50,89.47
2025-11-17,9:49:24.072951843,T,TGT,F I,67,89.48
2025-11-17,9:49:31.698431225,T,TGT,I,60,89.48
2025-11-17,9:49:31.726268477,T,TGT,I,40,89.48
2025-11-17,9:49:31.756505497,T,TGT,I,50,89.48
2025-11-17,9:49:31.756535546,T,TGT,I,10,89.48
2025-11-17,9:49:32.846882104,T,TGT,F,100,89.47
2025-11-17,9:49:32.846885219,T,TGT,F I,40,89.47
2025-11-17,9:49:32.847600909,T,TGT,F I,5,89.46
2025-11-17,9:49:34.394398836,T,TGT,I,1,89.45
2025-11-17,9:49:34.597382364,T,TGT,I,1,89.45
2025-11-17,9:49:35.125329169,T,TGT,F I,50,89.46
2025-11-17,9:49:41.258346914,T,TGT,I,83,89.44
2025-11-17,9:49:41.258367901,T,TGT,F I,17,89.44
2025-11-17,9:49:41.258373959,T,TGT,F,100,89.44
2025-11-17,9:49:41.258373959,T,TGT,I,1,89.44
2025-11-17,9:49:41.258653656,T,TGT,F I,2,89.43
2025-11-17,9:49:41.258653656,T,TGT,F I,12,89.43
2025-11-17,9:49:58.498890227,T,TGT,F I,10,89.5
2025-11-17,9:49:58.498947402,T,TGT,F I,50,89.5
2025-11-17,9:50:04.817537298,T,TGT,F,151,89.52
2025-11-17,9:50:04.817537298,T,TGT,F I,5,89.52
2025-11-17,9:50:11.721778275,T,TGT,F I,75,89.56
2025-11-17,9:50:11.721778275,T,TGT,I,75,89.56
2025-11-17,9:50:16.608570443,T,TGT,F,100,89.55
2025-11-17,9:50:16.620367492,T,TGT,F I,23,89.56
2025-11-17,9:50:16.620370342,T,TGT,F I,26,89.56
2025-11-17,9:50:16.620373342,T,TGT,F I,2,89.56
2025-11-17,9:50:16.624120317,T,TGT,F I,3,89.57
2025-11-17,9:50:18.629002478,T,TGT,,100,89.585
2025-11-17,9:50:18.688298123,T,TGT,I,23,89.57
2025-11-17,9:50:18.688298123,T,TGT,I,13,89.57
2025-11-17,9:50:18.689227240,T,TGT,F I,19,89.57
2025-11-17,9:50:18.689227240,T,TGT,F I,26,89.57
2025-11-17,9:50:18.690736504,T,TGT,F,100,89.55
2025-11-17,9:50:18.690823770,T,TGT,,100,89.56
2025-11-17,9:50:18.690823770,T,TGT,I,20,89.56
2025-11-17,9:50:18.690826795,T,TGT,I,1,89.56
2025-11-17,9:50:20.925973695,T,TGT,,100,89.54
2025-11-17,9:50:20.925973695,T,TGT,I,13,89.54
2025-11-17,9:50:20.925976578,T,TGT,F I,37,89.54
2025-11-17,9:50:20.926054761,T,TGT,,100,89.55
2025-11-17,9:50:20.926100115,T,TGT,I,54,89.55
2025-11-17,9:50:20.926148309,T,TGT,I,1,89.55
2025-11-17,9:50:20.926148309,T,TGT,I,2,89.55
2025-11-17,9:50:20.926154021,T,TGT,I,11,89.55
2025-11-17,9:50:20.926154021,T,TGT,,127,89.55
2025-11-17,9:50:20.926193275,T,TGT,I,12,89.56
2025-11-17,9:50:20.926193275,T,TGT,,100,89.56
2025-11-17,9:50:20.926199840,T,TGT,I,23,89.56
2025-11-17,9:50:20.926199840,T,TGT,I,54,89.56
2025-11-17,9:50:20.926199840,T,TGT,,100,89.56
2025-11-17,9:50:20.926202541,T,TGT,I,2,89.56
2025-11-17,9:50:20.926202541,T,TGT,I,12,89.56
2025-11-17,9:50:20.926217193,T,TGT,I,1,89.56
2025-11-17,9:50:20.926253224,T,TGT,I,99,89.56
2025-11-17,9:50:20.935223673,T,TGT,I,5,89.55
2025-11-17,9:50:20.935455215,T,TGT,I,3,89.555
2025-11-17,9:50:20.935801023,T,TGT,F I,75,89.56
2025-11-17,9:50:20.935846197,T,TGT,I,2,89.57
2025-11-17,9:50:20.935849176,T,TGT,,100,89.57
2025-11-17,9:50:20.935882298,T,TGT,F I,2,89.58
2025-11-17,9:50:20.935882298,T,TGT,F I,12,89.58
2025-11-17,9:50:25.149986720,T,TGT,I,12,89.57
2025-11-17,9:50:25.149986720,T,TGT,I,23,89.57
2025-11-17,9:50:25.149989525,T,TGT,I,65,89.57
2025-11-17,9:50:25.150088754,T,TGT,F I,55,89.57
2025-11-17,9:50:25.150094764,T,TGT,F,145,89.57
2025-11-17,9:50:25.894834041,T,TGT,F I,78,89.56
2025-11-17,9:50:25.894855038,T,TGT,I,1,89.56
2025-11-17,9:50:25.894861233,T,TGT,F I,21,89.56
2025-11-17,9:50:25.894863985,T,TGT,F I,5,89.56
2025-11-17,9:50:25.894867076,T,TGT,F,100,89.56
2025-11-17,9:50:25.894867076,T,TGT,F I,5,89.56
2025-11-17,9:50:26.029579004,T,TGT,F I,13,89.56
2025-11-17,9:50:26.029744397,T,TGT,F I,89,89.56
2025-11-17,9:50:26.029747384,T,TGT,F I,2,89.56
2025-11-17,9:50:26.029807819,T,TGT,F I,24,89.57
2025-11-17,9:50:26.029807819,T,TGT,F,100,89.57
2025-11-17,9:50:26.029813598,T,TGT,F I,2,89.57
2025-11-17,9:50:26.029813598,T,TGT,F I,48,89.57
2025-11-17,9:50:26.029813598,T,TGT,F I,2,89.57
2025-11-17,9:50:26.029828586,T,TGT,F I,45,89.57
2025-11-17,9:50:26.029855646,T,TGT,F I,7,89.58
2025-11-17,9:50:27.201925285,T,TGT,F I,24,89.57
2025-11-17,9:50:27.201927846,T,TGT,F I,10,89.57
2025-11-17,9:50:27.221790252,T,TGT,F I,24,89.58
2025-11-17,9:50:27.221790252,T,TGT,F I,19,89.58
2025-11-17,9:50:30.755746177,T,TGT,F I,19,89.57
2025-11-17,9:50:30.755746177,T,TGT,F I,24,89.57
2025-11-17,9:50:32.183216804,T,TGT,,100,89.56
2025-11-17,9:50:37.152122432,T,TGT,F I,1,89.59
2025-11-17,9:50:41.840892506,T,TGT,I,2,89.61
2025-11-17,9:50:43.772114280,T,TGT,F I,75,89.61
2025-11-17,9:50:43.772171423,T,TGT,F I,5,89.61
2025-11-17,9:50:57.362252414,T,TGT,F,100,89.63
2025-11-17,9:50:57.362252414,T,TGT,F I,5,89.63
2025-11-17,9:50:57.373231550,T,TGT,F I,1,89.64
2025-11-17,9:50:57.373682623,T,TGT,,217,89.65
2025-11-17,9:50:57.373682623,T,TGT,I,9,89.65
2025-11-17,9:50:57.373685551,T,TGT,I,85,89.65
2025-11-17,9:50:57.373685551,T,TGT,I,12,89.65
2025-11-17,9:51:02.149762721,T,TGT,F I,70,89.67
2025-11-17,9:51:02.150207707,T,TGT,F I,70,89.66
2025-11-17,9:51:02.150346049,T,TGT,I,34,89.64
2025-11-17,9:51:02.150349287,T,TGT,I,12,89.64
2025-11-17,9:51:02.150349287,T,TGT,I,46,89.64
2025-11-17,9:51:02.181118349,T,TGT,F,100,89.63
2025-11-17,9:51:03.059315506,T,TGT,I,2,89.63
2025-11-17,9:51:03.138948281,T,TGT,I,42,89.64
2025-11-17,9:51:03.138948281,T,TGT,,100,89.64
2025-11-17,9:51:03.138951230,T,TGT,I,3,89.64
2025-11-17,9:51:09.438490910,T,TGT,I,5,89.62
2025-11-17,9:51:09.438493780,T,TGT,I,5,89.62
2025-11-17,9:51:09.438493780,T,TGT,I,40,89.62
2025-11-17,9:51:09.438701166,T,TGT,F I,25,89.62
2025-11-17,9:51:10.438511007,T,TGT,,100,89.63
2025-11-17,9:51:10.438514065,T,TGT,I,5,89.62
2025-11-17,9:51:10.447000199,T,TGT,I,65,89.62
2025-11-17,9:51:10.447003233,T,TGT,I,40,89.62
2025-11-17,9:51:11.859396079,T,TGT,I,50,89.62
2025-11-17,9:51:11.859396079,T,TGT,I,55,89.61
2025-11-17,9:51:11.859444091,T,TGT,I,45,89.61
2025-11-17,9:51:11.859447154,T,TGT,I,5,89.61
2025-11-17,9:51:11.859465235,T,TGT,I,2,89.61
2025-11-17,9:51:11.859516303,T,TGT,I,48,89.61
2025-11-17,9:51:11.859516303,T,TGT,I,2,89.61
2025-11-17,9:51:11.859756930,T,TGT,I,49,89.62
2025-11-17,9:51:11.860181893,T,TGT,I,12,89.62
2025-11-17,9:51:11.860181893,T,TGT,I,61,89.62
2025-11-17,9:51:11.860186948,T,TGT,I,9,89.62
2025-11-17,9:51:11.860186948,T,TGT,I,18,89.62
2025-11-17,9:51:11.860198988,T,TGT,I,1,89.62
2025-11-17,9:51:12.859389405,T,TGT,I,14,89.63
2025-11-17,9:51:12.859533724,T,TGT,I,40,89.63
2025-11-17,9:51:13.859403740,T,TGT,I,14,89.63
2025-11-17,9:51:16.859527892,T,TGT,I,11,89.62
2025-11-17,9:51:16.859527892,T,TGT,I,3,89.62
2025-11-17,9:51:16.859639189,T,TGT,I,2,89.61
2025-11-17,9:51:16.860944259,T,TGT,I,38,89.61
2025-11-17,9:51:16.861016422,T,TGT,F I,22,89.62
2025-11-17,9:51:16.872530838,T,TGT,I,20,89.62
2025-11-17,9:51:17.062102510,T,TGT,I,3,89.64
2025-11-17,9:51:17.164830194,T,TGT,I,20,89.64
2025-11-17,9:51:18.273330955,T,TGT,I,22,89.64
2025-11-17,9:51:18.289969673,T,TGT,I,3,89.66
2025-11-17,9:51:25.597926196,T,TGT,I,1,89.67
2025-11-17,9:51:25.597944203,T,TGT,F I,99,89.67
2025-11-17,9:51:25.597944203,T,TGT,F I,13,89.67
2025-11-17,9:51:25.597946486,T,TGT,F I,17,89.67
2025-11-17,9:51:25.598472805,T,TGT,F,100,89.68
2025-11-17,9:51:25.598500228,T,TGT,F,100,89.69
2025-11-17,9:51:25.599627549,T,TGT,,200,89.71
2025-11-17,9:51:25.600246977,T,TGT,F I,14,89.72
2025-11-17,9:51:30.132701698,T,TGT,I,12,89.74
2025-11-17,9:51:30.212971942,T,TGT,I,12,89.75
2025-11-17,9:51:30.212971942,T,TGT,I,5,89.75
2025-11-17,9:51:30.212974921,T,TGT,I,24,89.75
2025-11-17,9:51:30.212989992,T,TGT,I,30,89.75
2025-11-17,9:51:30.213026073,T,TGT,I,30,89.75
2025-11-17,9:51:30.213762817,T,TGT,F I,21,89.74
2025-11-17,9:51:30.239702678,T,TGT,I,6,89.75
2025-11-17,9:51:30.239705754,T,TGT,I,21,89.75
2025-11-17,9:51:30.239705754,T,TGT,I,14,89.75
2025-11-17,9:51:33.702993298,T,TGT,I,46,89.76
2025-11-17,9:51:33.800548746,T,TGT,I,46,89.76
2025-11-17,9:51:34.009684934,T,TGT,I,9,89.76
2025-11-17,9:51:35.093340520,T,TGT,I,31,89.76
2025-11-17,9:51:36.735498737,T,TGT,F I,70,89.76
2025-11-17,9:51:38.056509733,T,TGT,I,10,89.77
2025-11-17,9:51:38.056512968,T,TGT,I,12,89.77
2025-11-17,9:51:38.056512968,T,TGT,I,8,89.77
2025-11-17,9:51:47.304651744,T,TGT,F I,25,89.76
2025-11-17,9:51:47.305493693,T,TGT,F I,75,89.76
2025-11-17,9:51:47.408588340,T,TGT,I,4,89.76
2025-11-17,9:51:53.385435288,T,TGT,I,63,89.76
2025-11-17,9:51:55.623841792,T,TGT,I,11,89.77
2025-11-17,9:51:55.729179720,T,TGT,I,13,89.8
2025-11-17,9:51:58.134153183,T,TGT,F I,59,89.76
2025-11-17,9:51:58.134156742,T,TGT,F I,5,89.76
2025-11-17,9:51:58.135019233,T,TGT,F I,1,89.75
2025-11-17,9:51:58.335133973,T,TGT,,100,89.76
2025-11-17,9:51:58.407997617,T,TGT,,100,89.78
2025-11-17,9:51:58.407997617,T,TGT,,100,89.78
2025-11-17,9:52:00.013958426,T,TGT,I,4,89.79
2025-11-17,9:52:03.068626622,T,TGT,F I,17,89.83
2025-11-17,9:52:09.465327565,T,TGT,F,100,89.76
2025-11-17,9:52:11.271899447,T,TGT,F,100,89.76
2025-11-17,9:52:13.069633208,T,TGT,I,2,89.76
2025-11-17,9:52:13.084287086,T,TGT,F I,75,89.76
2025-11-17,9:52:14.713400120,T,TGT,F I,23,89.76
2025-11-17,9:52:14.769868650,T,TGT,,100,89.76
2025-11-17,9:52:14.818223896,T,TGT,,100,89.76
2025-11-17,9:52:15.018690458,T,TGT,,100,89.76
2025-11-17,9:52:15.219523906,T,TGT,,100,89.76
2025-11-17,9:52:15.502849929,T,TGT,,100,89.76
2025-11-17,9:52:15.510863952,T,TGT,I,70,89.75
2025-11-17,9:52:15.510897068,T,TGT,I,30,89.76
2025-11-17,9:52:15.519554596,T,TGT,I,40,89.75
2025-11-17,9:52:15.519584769,T,TGT,I,60,89.76
2025-11-17,9:52:15.578708524,T,TGT,I,40,89.76
2025-11-17,9:52:15.578774702,T,TGT,F I,60,89.76
2025-11-17,9:52:17.131575030,T,TGT,I,5,89.72
2025-11-17,9:52:17.132338830,T,TGT,F I,2,89.71
2025-11-17,9:52:17.132341867,T,TGT,F,100,89.71
2025-11-17,9:52:17.149738307,T,TGT,I,22,89.71
2025-11-17,9:52:17.736469038,T,TGT,I,22,89.72
2025-11-17,9:52:17.736872003,T,TGT,I,8,89.72
2025-11-17,9:52:17.948347857,T,TGT,F I,35,89.72
2025-11-17,9:52:17.948353874,T,TGT,F I,75,89.72
2025-11-17,9:52:17.948444009,T,TGT,F I,39,89.72
2025-11-17,9:52:22.486398903,T,TGT,I,4,89.73
2025-11-17,9:52:23.796232313,T,TGT,I,32,89.74
2025-11-17,9:52:37.908374919,T,TGT,I,75,89.745
2025-11-17,9:52:51.734599255,T,TGT,,100,89.8
2025-11-17,9:52:51.734599255,T,TGT,I,20,89.8
2025-11-17,9:52:54.273671287,T,TGT,F I,4,89.82
2025-11-17,9:52:58.144471648,T,TGT,,100,89.83
2025-11-17,9:53:06.063194643,T,TGT,I,5,89.8
2025-11-17,9:53:06.069686955,T,TGT,I,50,89.79
2025-11-17,9:53:06.069686955,T,TGT,,100,89.79
2025-11-17,9:53:06.069690015,T,TGT,I,5,89.79
2025-11-17,9:53:20.087530960,T,TGT,F I,44,89.75
2025-11-17,9:53:24.833725936,T,TGT,F I,22,89.77
2025-11-17,9:53:24.833740921,T,TGT,F I,4,89.77
2025-11-17,9:53:24.833758954,T,TGT,F I,34,89.78
2025-11-17,9:53:30.234598470,T,TGT,I,75,89.795
2025-11-17,9:53:30.234607489,T,TGT,I,25,89.795
2025-11-17,9:53:33.065022536,T,TGT,I,10,89.83
2025-11-17,9:53:33.158476148,T,TGT,I,2,89.83
2025-11-17,9:53:33.158479149,T,TGT,I,5,89.84
2025-11-17,9:53:33.977041168,T,TGT,F I,6,89.81
2025-11-17,9:53:35.576410387,T,TGT,I,1,89.84
2025-11-17,9:53:35.618071725,T,TGT,I,1,89.86
2025-11-17,9:53:37.643565024,T,TGT,,100,89.87
2025-11-17,9:53:38.104190408,T,TGT,I,7,89.89
2025-11-17,9:53:38.226224076,T,TGT,F I,22,89.89
2025-11-17,9:53:38.226227127,T,TGT,F,100,89.89
2025-11-17,9:53:38.226299333,T,TGT,F I,1,89.9
2025-11-17,9:53:38.226302281,T,TGT,F I,4,89.9
2025-11-17,9:53:38.227087201,T,TGT,I,44,89.9
2025-11-17,9:53:38.227502218,T,TGT,F I,3,89.9
2025-11-17,9:53:38.227505151,T,TGT,I,4,89.9
2025-11-17,9:53:38.227577826,T,TGT,F I,63,89.9
2025-11-17,9:53:38.227876046,T,TGT,F I,1,89.89
2025-11-17,9:53:43.086823620,T,TGT,I,2,89.9
2025-11-17,9:53:43.680407711,T,TGT,F I,75,89.9
2025-11-17,9:53:43.680488911,T,TGT,I,75,89.895
2025-11-17,9:53:43.680534036,T,TGT,I,75,89.895
2025-11-17,9:53:43.680582222,T,TGT,I,50,89.895
2025-11-17,9:53:45.386651474,T,TGT,F I,7,89.92
2025-11-17,9:53:45.478514566,T,TGT,F I,6,89.93
2025-11-17,9:53:45.478514566,T,TGT,F I,5,89.93
2025-11-17,9:53:45.479804397,T,TGT,,1800,89.95
2025-11-17,9:53:45.479828630,T,TGT,I,1,89.95
2025-11-17,9:53:45.479828630,T,TGT,I,40,89.95
2025-11-17,9:53:45.492037552,T,TGT,I,2,89.95
2025-11-17,9:53:45.492040556,T,TGT,,118,89.96
2025-11-17,9:53:45.492058639,T,TGT,F,882,89.96
2025-11-17,9:53:45.492061616,T,TGT,F,100,89.96
2025-11-17,9:53:45.492669141,T,TGT,I,5,89.95
2025-11-17,9:53:45.492672123,T,TGT,,100,89.95
2025-11-17,9:53:45.492690310,T,TGT,I,1,89.95
2025-11-17,9:53:45.492693250,T,TGT,I,69,89.95
2025-11-17,9:53:45.565716051,T,TGT,F I,64,89.94
2025-11-17,9:53:45.565734183,T,TGT,F I,36,89.94
2025-11-17,9:53:45.568988365,T,TGT,F I,19,89.93
2025-11-17,9:53:45.568991258,T,TGT,F,100,89.93
2025-11-17,9:53:45.568993892,T,TGT,F I,5,89.93
2025-11-17,9:53:46.213312512,T,TGT,F I,29,89.93
2025-11-17,9:53:46.213317971,T,TGT,F I,71,89.93
2025-11-17,9:53:46.213320919,T,TGT,F I,24,89.93
2025-11-17,9:53:52.655027061,T,TGT,I,24,89.97
2025-11-17,9:53:54.130332866,T,TGT,F I,13,89.96
2025-11-17,9:53:54.131102680,T,TGT,F I,50,89.95
2025-11-17,9:53:54.131120636,T,TGT,I,10,89.95
2025-11-17,9:53:54.141709111,T,TGT,I,16,89.96
2025-11-17,9:53:54.141709111,T,TGT,I,24,89.96
2025-11-17,9:53:54.141711800,T,TGT,I,24,89.96
2025-11-17,9:53:54.664534303,T,TGT,I,30,89.97
2025-11-17,9:53:54.968399226,T,TGT,F I,24,89.96
2025-11-17,9:53:54.968402306,T,TGT,F I,24,89.96
2025-11-17,9:54:06.006438632,T,TGT,F I,5,89.94
2025-11-17,9:54:06.006438632,T,TGT,F I,5,89.94
2025-11-17,9:54:06.006862376,T,TGT,F,100,89.93
2025-11-17,9:54:06.586225521,T,TGT,I,22,89.9
2025-11-17,9:54:06.586225521,T,TGT,I,24,89.9
2025-11-17,9:54:07.077208211,T,TGT,I,2,89.89
2025-11-17,9:54:07.080771669,T,TGT,F,100,89.88
2025-11-17,9:54:07.314124647,T,TGT,F I,1,89.87
2025-11-17,9:54:07.314783269,T,TGT,F I,40,89.86
2025-11-17,9:54:07.316695780,T,TGT,F I,18,89.85
2025-11-17,9:54:10.595605079,T,TGT,I,5,89.86
2025-11-17,9:54:10.595656810,T,TGT,I,16,89.86
2025-11-17,9:54:10.595659428,T,TGT,I,2,89.86
2025-11-17,9:54:10.595662325,T,TGT,I,5,89.86
2025-11-17,9:54:20.352637468,T,TGT,F,170,89.88
2025-11-17,9:54:20.352637468,T,TGT,F I,22,89.88
2025-11-17,9:54:20.352742753,T,TGT,F,137,89.89
2025-11-17,9:54:20.352742753,T,TGT,F I,63,89.89
2025-11-17,9:54:23.401531933,T,TGT,I,7,89.92
2025-11-17,9:54:23.401535031,T,TGT,I,22,89.92
2025-11-17,9:54:23.401535031,T,TGT,I,71,89.92
2025-11-17,9:54:23.401552904,T,TGT,I,10,89.92
2025-11-17,9:54:24.781862305,T,TGT,I,1,89.92
2025-11-17,9:54:30.974310654,T,TGT,F I,5,89.9
2025-11-17,9:54:30.974491163,T,TGT,F I,23,89.9
2025-11-17,9:54:30.974710650,T,TGT,I,53,89.9
2025-11-17,9:54:30.974752772,T,TGT,F,100,89.9
2025-11-17,9:54:30.974773766,T,TGT,I,1,89.9
2025-11-17,9:54:30.975844517,T,TGT,F I,19,89.92
2025-11-17,9:54:30.975844517,T,TGT,F I,9,89.92
2025-11-17,9:54:40.449523516,T,TGT,I,75,89.925
2025-11-17,9:54:45.855875240,T,TGT,F I,12,89.94
2025-11-17,9:54:45.856196920,T,TGT,F I,94,89.95
2025-11-17,9:54:45.856196920,T,TGT,F I,5,89.95
2025-11-17,9:54:46.939263175,T,TGT,I,2,89.96
2025-11-17,9:54:46.939281265,T,TGT,F I,46,89.96
2025-11-17,9:54:51.071587641,T,TGT,I,9,89.97
2025-11-17,9:54:51.071590720,T,TGT,I,20,89.97
2025-11-17,9:54:55.419246229,T,TGT,F I,2,89.96
2025-11-17,9:54:55.420082505,T,TGT,F I,1,89.95
2025-11-17,9:54:55.420082505,T,TGT,F I,5,89.95
2025-11-17,9:54:55.420085157,T,TGT,F I,44,89.95
2025-11-17,9:54:55.611776814,T,TGT,I,5,89.96
2025-11-17,9:54:55.619769845,T,TGT,F I,40,89.95
2025-11-17,9:54:55.619814987,T,TGT,F I,66,89.95
2025-11-17,9:55:02.401511137,T,TGT,I,75,89.925
2025-11-17,9:55:04.973478370,T,TGT,F I,60,89.91
2025-11-17,9:55:04.973655812,T,TGT,F I,50,89.9
2025-11-17,9:55:04.973700925,T,TGT,F,100,89.9
2025-11-17,9:55:04.975144960,T,TGT,,100,89.9
2025-11-17,9:55:04.991193584,T,TGT,,200,89.9
2025-11-17,9:55:05.061092135,T,TGT,,100,89.9
2025-11-17,9:55:05.061167223,T,TGT,F,100,89.89
2025-11-17,9:55:05.061182894,T,TGT,I,10,89.89
2025-11-17,9:55:07.884795020,T,TGT,I,5,89.88
2025-11-17,9:55:16.114512851,T,TGT,I,18,89.85
2025-11-17,9:55:16.114515813,T,TGT,,100,89.85
2025-11-17,9:55:16.114822506,T,TGT,F I,2,89.84
2025-11-17,9:55:16.114834617,T,TGT,F I,82,89.84
2025-11-17,9:55:16.114846718,T,TGT,F,124,89.84
2025-11-17,9:55:16.114993989,T,TGT,F,100,89.84
2025-11-17,9:55:16.120406877,T,TGT,,124,89.84
2025-11-17,9:55:16.123179494,T,TGT,F I,2,89.83
2025-11-17,9:55:16.123179494,T,TGT,F,100,89.83
2025-11-17,9:55:16.123197531,T,TGT,I,1,89.83
2025-11-17,9:55:16.123200578,T,TGT,F I,89,89.83
2025-11-17,9:55:21.151256879,T,TGT,I,4,89.815
2025-11-17,9:55:21.151323082,T,TGT,I,75,89.815
2025-11-17,9:55:24.207263288,T,TGT,F I,1,89.8
2025-11-17,9:55:29.247113931,T,TGT,F I,7,89.8
2025-11-17,9:55:30.366086047,T,TGT,F I,3,89.79
2025-11-17,9:55:30.366086047,T,TGT,F I,4,89.79
2025-11-17,9:55:30.366136678,T,TGT,I,7,89.79
2025-11-17,9:55:33.078202297,T,TGT,F I,13,89.82
2025-11-17,9:55:33.078205815,T,TGT,F I,6,89.82
2025-11-17,9:55:33.078205815,T,TGT,F I,19,89.82
2025-11-17,9:55:33.078550680,T,TGT,F,100,89.82
2025-11-17,9:55:33.078574699,T,TGT,,100,89.82
2025-11-17,9:55:33.863104545,T,TGT,F I,2,89.81
2025-11-17,9:55:41.919925461,T,TGT,I,1,89.805
2025-11-17,9:55:44.530179909,T,TGT,I,1,89.805
2025-11-17,9:55:50.552504270,T,TGT,F,100,89.82
2025-11-17,9:55:50.552507107,T,TGT,F I,42,89.82
2025-11-17,9:55:50.552522123,T,TGT,I,1,89.82
2025-11-17,9:55:50.552531183,T,TGT,,157,89.82
2025-11-17,9:55:50.565949801,T,TGT,I,12,89.83
2025-11-17,9:55:50.565949801,T,TGT,I,6,89.83
2025-11-17,9:55:50.565952092,T,TGT,I,3,89.83
2025-11-17,9:55:51.200560057,T,TGT,I,31,89.87
2025-11-17,9:55:51.200581051,T,TGT,F I,43,89.87
2025-11-17,9:55:51.200584052,T,TGT,F,100,89.87
2025-11-17,9:55:51.240395839,T,TGT,I,40,89.87
2025-11-17,9:55:51.263635202,T,TGT,I,60,89.86
2025-11-17,9:55:51.273282237,T,TGT,I,40,89.84
2025-11-17,9:55:51.283284018,T,TGT,I,60,89.84
2025-11-17,9:55:55.164702874,T,TGT,I,60,89.83
2025-11-17,9:56:00.266807685,T,TGT,I,3,89.78
2025-11-17,9:56:00.266810663,T,TGT,I,1,89.78
2025-11-17,9:56:00.266828691,T,TGT,F I,67,89.78
2025-11-17,9:56:00.266846779,T,TGT,F I,23,89.78
2025-11-17,9:56:00.268684164,T,TGT,I,10,89.78
2025-11-17,9:56:00.269763748,T,TGT,F I,10,89.78
2025-11-17,9:56:00.269766689,T,TGT,F,500,89.77
2025-11-17,9:56:03.002514923,T,TGT,F I,20,89.8
2025-11-17,9:56:03.002514923,T,TGT,F I,80,89.81
2025-11-17,9:56:03.002533224,T,TGT,F I,20,89.81
2025-11-17,9:56:03.010354620,T,TGT,,100,89.81
2025-11-17,9:56:03.020732444,T,TGT,I,80,89.81
2025-11-17,9:56:03.020732444,T,TGT,I,20,89.81
2025-11-17,9:56:03.033341561,T,TGT,,100,89.81
2025-11-17,9:56:03.110421031,T,TGT,,100,89.81
2025-11-17,9:56:13.121901608,T,TGT,I,40,89.78
2025-11-17,9:56:13.121949809,T,TGT,F I,75,89.78
2025-11-17,9:56:13.122139129,T,TGT,F I,75,89.78
2025-11-17,9:56:13.122169201,T,TGT,I,9,89.78
2025-11-17,9:56:13.122175201,T,TGT,F I,21,89.78
2025-11-17,9:56:38.895203812,T,TGT,F,100,89.79
2025-11-17,9:56:41.291251770,T,TGT,,359,89.8
2025-11-17,9:56:41.291251770,T,TGT,I,1,89.8
2025-11-17,9:56:46.367263430,T,TGT,F I,11,89.73
2025-11-17,9:56:46.367329522,T,TGT,F I,1,89.72
2025-11-17,9:56:46.367407786,T,TGT,F,120,89.72
2025-11-17,9:56:50.024648472,T,TGT,F I,3,89.71
2025-11-17,9:56:50.024678595,T,TGT,I,1,89.71
2025-11-17,9:56:50.024696712,T,TGT,I,10,89.71
2025-11-17,9:56:50.024702598,T,TGT,,100,89.71
2025-11-17,9:56:53.582556542,T,TGT,F I,1,89.73
2025-11-17,9:56:53.582562532,T,TGT,F I,2,89.73
2025-11-17,9:56:53.582565566,T,TGT,F,100,89.74
2025-11-17,9:56:53.582568564,T,TGT,F I,98,89.74
2025-11-17,9:56:53.582586597,T,TGT,I,1,89.74
2025-11-17,9:56:53.582586597,T,TGT,F I,1,89.74
2025-11-17,9:57:00.292126830,T,TGT,F,100,89.74
2025-11-17,9:57:00.292126830,T,TGT,F,100,89.74
2025-11-17,9:57:00.292128920,T,TGT,F I,20,89.75
2025-11-17,9:57:00.292158909,T,TGT,F I,60,89.75
2025-11-17,9:57:08.791902036,T,TGT,F I,75,89.72
2025-11-17,9:57:11.805353957,T,TGT,F I,2,89.69
2025-11-17,9:57:14.542904721,T,TGT,I,4,89.67
2025-11-17,9:57:14.793660113,T,TGT,I,22,89.65
2025-11-17,9:57:14.794544228,T,TGT,F I,78,89.65
2025-11-17,9:57:14.794565193,T,TGT,I,1,89.65
2025-11-17,9:57:15.149964060,T,TGT,F I,33,89.66
2025-11-17,9:57:15.149964060,T,TGT,F,100,89.66
2025-11-17,9:57:30.811171927,T,TGT,F I,33,89.65
2025-11-17,9:57:30.811171927,T,TGT,F,100,89.65
2025-11-17,9:57:30.813646849,T,TGT,F I,5,89.66
2025-11-17,9:57:30.813646849,T,TGT,F I,16,89.66
2025-11-17,9:57:30.815658853,T,TGT,I,16,89.67
2025-11-17,9:57:30.815661755,T,TGT,I,32,89.67
2025-11-17,9:57:30.815661755,T,TGT,,100,89.67
2025-11-17,9:57:30.815700732,T,TGT,,144,89.68
2025-11-17,9:57:30.815721780,T,TGT,I,32,89.68
2025-11-17,9:57:30.815724817,T,TGT,F I,29,89.68
2025-11-17,9:57:30.815754913,T,TGT,F,100,89.69
2025-11-17,9:57:33.128306132,T,TGT,F I,75,89.7
2025-11-17,9:57:33.128360173,T,TGT,F I,25,89.7
2025-11-17,9:57:36.269024268,T,TGT,F,100,89.71
2025-11-17,9:57:36.269042576,T,TGT,I,1,89.71
2025-11-17,9:57:36.269045349,T,TGT,I,16,89.71
2025-11-17,9:57:37.978825918,T,TGT,I,16,89.7
2025-11-17,9:57:37.978828740,T,TGT,I,32,89.7
2025-11-17,9:57:37.978828740,T,TGT,,184,89.7
2025-11-17,9:57:37.978846711,T,TGT,I,1,89.7
2025-11-17,9:57:37.979183488,T,TGT,I,10,89.705
2025-11-17,9:57:37.980930841,T,TGT,I,70,89.71
2025-11-17,9:57:37.980930841,T,TGT,I,10,89.7
2025-11-17,9:57:37.980933655,T,TGT,I,20,89.7
2025-11-17,9:57:40.261663076,T,TGT,F,100,89.72
2025-11-17,9:57:40.261663076,T,TGT,F I,52,89.72
2025-11-17,9:57:40.261669068,T,TGT,F I,48,89.72
2025-11-17,9:57:40.261669068,T,TGT,F I,21,89.72
2025-11-17,9:57:40.261855547,T,TGT,F I,4,89.73
2025-11-17,9:57:40.261885667,T,TGT,F I,96,89.73
2025-11-17,9:57:49.064152318,T,TGT,F I,75,89.74
2025-11-17,9:57:49.284526563,T,TGT,I,2,89.76
2025-11-17,9:57:49.284529352,T,TGT,I,2,89.77
2025-11-17,9:57:52.596132592,T,TGT,I,5,89.77
2025-11-17,9:57:59.774584944,T,TGT,F I,70,89.76
2025-11-17,9:57:59.775487125,T,TGT,F I,7,89.75
2025-11-17,9:57:59.775508463,T,TGT,I,7,89.75
2025-11-17,9:57:59.779946668,T,TGT,F,100,89.74
2025-11-17,9:57:59.843879152,T,TGT,,100,89.74
2025-11-17,9:57:59.843879152,T,TGT,I,5,89.74
2025-11-17,9:58:04.446791650,T,TGT,I,75,89.64
2025-11-17,9:58:04.446818654,T,TGT,F I,25,89.64
2025-11-17,9:58:07.311346948,T,TGT,,115,89.66
2025-11-17,9:58:07.311349959,T,TGT,I,15,89.66
2025-11-17,9:58:07.311364950,T,TGT,I,1,89.66
2025-11-17,9:58:07.311364950,T,TGT,F I,84,89.66
2025-11-17,9:58:07.311731789,T,TGT,F,100,89.67
2025-11-17,9:58:07.311764964,T,TGT,F I,48,89.68
2025-11-17,9:58:07.311785929,T,TGT,I,3,89.66
2025-11-17,9:58:16.610703849,T,TGT,F,100,89.65
2025-11-17,9:58:29.185791674,T,TGT,F I,1,89.63
2025-11-17,9:58:29.814051459,T,TGT,F I,3,89.66
2025-11-17,9:58:29.815248308,T,TGT,F I,4,89.68
2025-11-17,9:58:36.367738369,T,TGT,I,40,89.65
2025-11-17,9:58:36.367762395,T,TGT,F I,70,89.65
2025-11-17,9:58:36.367789439,T,TGT,F I,1,89.64
2025-11-17,9:58:36.367807481,T,TGT,,250,89.65
2025-11-17,9:58:36.367834746,T,TGT,I,2,89.64
2025-11-17,9:58:36.367834746,T,TGT,I,29,89.64
2025-11-17,9:58:36.368051468,T,TGT,I,18,89.64
2025-11-17,9:58:36.368051468,T,TGT,F I,29,89.65
2025-11-17,9:58:36.368054074,T,TGT,F I,7,89.65
2025-11-17,9:58:36.368093161,T,TGT,I,37,89.66
2025-11-17,9:58:36.368240562,T,TGT,F I,29,89.65
2025-11-17,9:58:36.368240562,T,TGT,F I,71,89.65
2025-11-17,9:58:36.368258611,T,TGT,I,1,89.65
2025-11-17,9:58:47.277356522,T,TGT,I,16,89.64
2025-11-17,9:58:48.124829484,T,TGT,F I,9,89.65
2025-11-17,9:58:48.124829484,T,TGT,F I,5,89.65
2025-11-17,9:58:49.685479534,T,TGT,I,67,89.66
2025-11-17,9:58:49.685481444,T,TGT,,100,89.66
2025-11-17,9:58:49.686488813,T,TGT,F I,6,89.66
2025-11-17,9:58:49.686497873,T,TGT,F I,14,89.66
2025-11-17,9:58:49.686503929,T,TGT,F I,75,89.66
2025-11-17,9:58:49.686506924,T,TGT,F I,5,89.66
2025-11-17,9:58:49.686509880,T,TGT,F I,69,89.66
2025-11-17,9:58:49.686519098,T,TGT,I,6,89.66
2025-11-17,9:58:49.686519098,T,TGT,,100,89.66
2025-11-17,9:58:49.686609073,T,TGT,F I,16,89.64
2025-11-17,9:58:49.687036182,T,TGT,I,16,89.66
2025-11-17,9:58:49.687039604,T,TGT,I,84,89.66
2025-11-17,9:58:49.687306828,T,TGT,I,30,89.65
2025-11-17,9:58:49.687312796,T,TGT,I,5,89.65
2025-11-17,9:58:49.687312796,T,TGT,I,25,89.65
2025-11-17,9:58:49.688016426,T,TGT,I,4,89.64
2025-11-17,9:58:49.688070587,T,TGT,I,80,89.64
2025-11-17,9:58:49.688070587,T,TGT,,100,89.64
2025-11-17,9:58:49.690046887,T,TGT,I,15,89.63
2025-11-17,9:58:49.690049398,T,TGT,I,30,89.63
2025-11-17,9:58:49.690134014,T,TGT,I,15,89.63
2025-11-17,9:58:49.690134014,T,TGT,I,99,89.63
2025-11-17,9:58:49.690136512,T,TGT,I,5,89.63
2025-11-17,9:58:49.690139705,T,TGT,I,25,89.63
2025-11-17,9:58:49.690142586,T,TGT,I,56,89.64
2025-11-17,9:58:49.690169574,T,TGT,F I,37,89.63
2025-11-17,9:58:49.690211745,T,TGT,,100,89.63
2025-11-17,9:58:49.692948608,T,TGT,I,30,89.62
2025-11-17,9:58:49.697317906,T,TGT,I,18,89.61
2025-11-17,9:58:49.697321168,T,TGT,,100,89.61
2025-11-17,9:58:49.697321168,T,TGT,I,1,89.61
2025-11-17,9:58:49.697323709,T,TGT,,100,89.61
2025-11-17,9:58:49.697342032,T,TGT,I,1,89.61
2025-11-17,9:58:49.697344741,T,TGT,F I,75,89.61
2025-11-17,9:58:49.697368757,T,TGT,I,24,89.61
2025-11-17,9:58:51.082255293,T,TGT,I,40,89.6
2025-11-17,9:58:51.082255293,T,TGT,I,1,89.6
2025-11-17,9:58:51.082258178,T,TGT,I,42,89.6
2025-11-17,9:58:51.082261214,T,TGT,I,41,89.6
2025-11-17,9:58:51.082261214,T,TGT,I,16,89.6
2025-11-17,9:58:51.112549250,T,TGT,F,100,89.6
2025-11-17,9:58:51.112552288,T,TGT,F I,51,89.59
2025-11-17,9:58:51.125729602,T,TGT,F I,91,89.59
2025-11-17,9:58:51.125732637,T,TGT,F,100,89.59
2025-11-17,9:58:51.133731688,T,TGT,F,100,89.59
2025-11-17,9:58:55.698594643,T,TGT,,100,89.57
2025-11-17,9:58:55.698597554,T,TGT,,100,89.57
2025-11-17,9:58:55.832404331,T,TGT,F I,60,89.56
2025-11-17,9:58:55.833177221,T,TGT,,100,89.55
2025-11-17,9:58:55.833637322,T,TGT,I,1,89.54
2025-11-17,9:58:55.833802679,T,TGT,,100,89.54
2025-11-17,9:59:01.086256716,T,TGT,I,1,89.54
2025-11-17,9:59:03.458803807,T,TGT,F I,3,89.535
2025-11-17,9:59:03.458803807,T,TGT,F I,17,89.54
2025-11-17,9:59:07.797335653,T,TGT,,100,89.51
2025-11-17,9:59:07.799062200,T,TGT,F I,35,89.5
2025-11-17,9:59:07.799064942,T,TGT,F I,9,89.51
2025-11-17,9:59:07.799070753,T,TGT,F I,11,89.51
2025-11-17,9:59:07.799070753,T,TGT,F I,19,89.52
2025-11-17,9:59:07.799082813,T,TGT,F I,7,89.5
2025-11-17,9:59:07.799422576,T,TGT,F I,9,89.52
2025-11-17,9:59:07.799467712,T,TGT,,100,89.52
2025-11-17,9:59:07.799783442,T,TGT,I,28,89.51
2025-11-17,9:59:07.800435969,T,TGT,,127,89.515
2025-11-17,9:59:07.838840479,T,TGT,I,25,89.51
2025-11-17,9:59:08.146289963,T,TGT,F I,5,89.52
2025-11-17,9:59:08.146289963,T,TGT,F I,34,89.52
2025-11-17,9:59:11.519452976,T,TGT,I,5,89.51
2025-11-17,9:59:11.519452976,T,TGT,I,2,89.51
2025-11-17,9:59:11.519455935,T,TGT,I,30,89.51
2025-11-17,9:59:11.519470913,T,TGT,I,2,89.51
2025-11-17,9:59:11.519473907,T,TGT,F I,68,89.51
2025-11-17,9:59:11.595714606,T,TGT,I,1,89.505
2025-11-17,9:59:13.724185576,T,TGT,F I,5,89.52
2025-11-17,9:59:13.724185576,T,TGT,F I,36,89.52
2025-11-17,9:59:13.724188201,T,TGT,F I,12,89.52
2025-11-17,9:59:19.389471674,T,TGT,I,1,89.52
2025-11-17,9:59:21.589299754,T,TGT,F,149,89.53
2025-11-17,9:59:21.589302778,T,TGT,F I,51,89.53
2025-11-17,9:59:21.589305382,T,TGT,F,100,89.53
2025-11-17,9:59:21.589308594,T,TGT,F I,32,89.53
2025-11-17,9:59:21.589308594,T,TGT,F,160,89.53
2025-11-17,9:59:21.589308594,T,TGT,F I,52,89.53
2025-11-17,9:59:21.589997475,T,TGT,I,1,89.53
2025-11-17,9:59:21.589997475,T,TGT,I,10,89.52
2025-11-17,9:59:21.590000164,T,TGT,I,31,89.52
2025-11-17,9:59:21.590000164,T,TGT,,100,89.52
2025-11-17,9:59:21.590003078,T,TGT,,100,89.52
2025-11-17,9:59:21.590003078,T,TGT,I,82,89.52
2025-11-17,9:59:21.590015354,T,TGT,I,1,89.52
2025-11-17,9:59:21.590090248,T,TGT,I,17,89.52
2025-11-17,9:59:21.590090248,T,TGT,I,2,89.52
2025-11-17,9:59:21.590171804,T,TGT,,100,89.52
2025-11-17,9:59:21.590171804,T,TGT,,100,89.52
2025-11-17,9:59:21.590174543,T,TGT,,100,89.52
2025-11-17,9:59:21.590177768,T,TGT,,100,89.52
2025-11-17,9:59:21.590177768,T,TGT,,400,89.52
2025-11-17,9:59:21.590208066,T,TGT,F I,3,89.52
2025-11-17,9:59:21.590210831,T,TGT,I,35,89.52
2025-11-17,9:59:21.590213561,T,TGT,I,1,89.52
2025-11-17,9:59:21.590249870,T,TGT,F I,3,89.52
2025-11-17,9:59:21.590252704,T,TGT,F I,35,89.52
2025-11-17,9:59:21.590289334,T,TGT,F I,3,89.52
2025-11-17,9:59:21.590291823,T,TGT,F,100,89.52
2025-11-17,9:59:21.590300819,T,TGT,F I,62,89.52
2025-11-17,9:59:21.590357943,T,TGT,F I,42,89.52
2025-11-17,9:59:21.590361087,T,TGT,F I,20,89.52
2025-11-17,9:59:21.590367011,T,TGT,F I,33,89.52
2025-11-17,9:59:21.590373035,T,TGT,F I,15,89.52
2025-11-17,9:59:21.590390980,T,TGT,F I,3,89.52
2025-11-17,9:59:21.590390980,T,TGT,F I,26,89.52
2025-11-17,9:59:21.590394011,T,TGT,F I,20,89.52
2025-11-17,9:59:21.590409105,T,TGT,I,1,89.52
2025-11-17,9:59:21.590613594,T,TGT,F I,34,89.52
2025-11-17,9:59:21.590670635,T,TGT,F I,3,89.52
2025-11-17,9:59:21.590688689,T,TGT,F I,97,89.52
2025-11-17,9:59:21.590691995,T,TGT,F I,2,89.52
2025-11-17,9:59:21.590691995,T,TGT,I,99,89.52
2025-11-17,9:59:21.590739870,T,TGT,F I,42,89.52
2025-11-17,9:59:21.590742835,T,TGT,F I,20,89.52
2025-11-17,9:59:21.590751906,T,TGT,F I,2,89.52
2025-11-17,9:59:21.590765239,T,TGT,,754,89.52
2025-11-17,9:59:21.590765239,T,TGT,I,1,89.52
2025-11-17,9:59:21.590767028,T,TGT,I,99,89.52
2025-11-17,9:59:21.590857098,T,TGT,F I,10,89.52
2025-11-17,9:59:21.593064364,T,TGT,F,100,89.52
2025-11-17,9:59:21.593455275,T,TGT,F I,31,89.51
2025-11-17,9:59:21.593993691,T,TGT,F,100,89.49
2025-11-17,9:59:21.593993691,T,TGT,F I,5,89.49
2025-11-17,9:59:21.594372555,T,TGT,I,31,89.5
2025-11-17,9:59:21.594372555,T,TGT,I,48,89.5
2025-11-17,9:59:21.594393742,T,TGT,I,1,89.5
2025-11-17,9:59:21.594417587,T,TGT,I,1,89.49
2025-11-17,9:59:21.594841656,T,TGT,I,38,89.5
2025-11-17,9:59:21.595223533,T,TGT,F,100,89.49
2025-11-17,9:59:21.595241942,T,TGT,I,2,89.49
2025-11-17,9:59:21.595244624,T,TGT,I,49,89.49
2025-11-17,9:59:21.596099312,T,TGT,I,16,89.49
2025-11-17,9:59:21.596099312,T,TGT,I,49,89.49
2025-11-17,9:59:21.597875791,T,TGT,I,75,89.49
2025-11-17,9:59:21.609381470,T,TGT,F,100,89.49
2025-11-17,9:59:21.609381470,T,TGT,F I,2,89.49
2025-11-17,9:59:21.611444137,T,TGT,F,200,89.49
2025-11-17,9:59:21.611480260,T,TGT,F I,2,89.49
2025-11-17,9:59:32.801375071,T,TGT,F,100,89.52
2025-11-17,9:59:32.801378077,T,TGT,F I,75,89.52
2025-11-17,9:59:32.801378077,T,TGT,F I,13,89.53
2025-11-17,9:59:32.801393235,T,TGT,F I,75,89.53
2025-11-17,9:59:32.801396186,T,TGT,F,100,89.53
2025-11-17,9:59:32.801775135,T,TGT,I,96,89.52
2025-11-17,9:59:35.860926922,T,TGT,I,2,89.51
2025-11-17,9:59:35.861266843,T,TGT,I,83,89.52
2025-11-17,9:59:35.861320908,T,TGT,,100,89.52
2025-11-17,9:59:35.861338912,T,TGT,I,1,89.52
2025-11-17,9:59:35.861377966,T,TGT,I,31,89.52
2025-11-17,9:59:35.861377966,T,TGT,I,19,89.52
2025-11-17,9:59:35.861546749,T,TGT,I,1,89.52
2025-11-17,9:59:35.861546749,T,TGT,I,34,89.53
2025-11-17,9:59:35.861549366,T,TGT,I,99,89.53
2025-11-17,9:59:35.861982655,T,TGT,I,5,89.52
2025-11-17,9:59:35.861982655,T,TGT,I,34,89.52
2025-11-17,9:59:35.864228829,T,TGT,I,5,89.52
2025-11-17,9:59:39.179967002,T,TGT,F I,10,89.51
2025-11-17,9:59:39.179969993,T,TGT,F,200,89.5
2025-11-17,9:59:39.179969993,T,TGT,F I,4,89.5
2025-11-17,9:59:39.179973017,T,TGT,F I,30,89.5
2025-11-17,9:59:39.180087235,T,TGT,,100,89.51
2025-11-17,9:59:39.180090637,T,TGT,I,10,89.51
2025-11-17,9:59:39.180093263,T,TGT,I,5,89.51
2025-11-17,9:59:39.180111302,T,TGT,I,1,89.51
2025-11-17,9:59:39.180136192,T,TGT,I,3,89.51
2025-11-17,9:59:39.180136192,T,TGT,I,17,89.52
2025-11-17,9:59:39.180138842,T,TGT,,100,89.52
2025-11-17,9:59:39.180138842,T,TGT,I,34,89.52
2025-11-17,9:59:39.180869110,T,TGT,F I,2,89.52
2025-11-17,9:59:39.202960285,T,TGT,F I,98,89.52
2025-11-17,9:59:39.202963160,T,TGT,F I,10,89.52
2025-11-17,9:59:39.202965775,T,TGT,F,100,89.52
2025-11-17,9:59:39.202965775,T,TGT,F I,26,89.52
2025-11-17,9:59:39.202968768,T,TGT,F I,74,89.52
2025-11-17,9:59:39.202972068,T,TGT,F I,17,89.52
2025-11-17,9:59:39.202972068,T,TGT,F I,9,89.52
2025-11-17,9:59:39.202974762,T,TGT,F I,25,89.52
2025-11-17,9:59:39.202978246,T,TGT,F I,42,89.52
2025-11-17,9:59:39.202978246,T,TGT,F I,58,89.52
2025-11-17,9:59:39.202981072,T,TGT,F,109,89.52
2025-11-17,9:59:39.202983764,T,TGT,I,1,89.52
2025-11-17,9:59:39.202998842,T,TGT,I,90,89.52
2025-11-17,9:59:39.203434828,T,TGT,,100,89.52
2025-11-17,9:59:43.813201474,T,TGT,,184,89.54
2025-11-17,9:59:43.813201474,T,TGT,I,62,89.54
2025-11-17,9:59:43.833896160,T,TGT,I,25,89.52
2025-11-17,9:59:43.833926179,T,TGT,I,75,89.52
2025-11-17,9:59:43.833929209,T,TGT,I,48,89.52
2025-11-17,9:59:43.833932148,T,TGT,F,152,89.52
2025-11-17,9:59:44.600458266,T,TGT,I,2,89.5
2025-11-17,9:59:44.819268609,T,TGT,,100,89.48
2025-11-17,9:59:44.819289819,T,TGT,I,1,89.48
2025-11-17,9:59:44.819292728,T,TGT,I,50,89.48
2025-11-17,9:59:44.819734781,T,TGT,I,45,89.49
2025-11-17,9:59:44.820041534,T,TGT,I,45,89.5
2025-11-17,9:59:44.820131731,T,TGT,F I,3,89.49
2025-11-17,9:59:44.820131731,T,TGT,F I,97,89.49
2025-11-17,9:59:44.820297112,T,TGT,I,3,89.49
2025-11-17,9:59:44.820300099,T,TGT,I,34,89.49
2025-11-17,9:59:44.820324134,T,TGT,I,2,89.49
2025-11-17,9:59:44.820441477,T,TGT,F I,37,89.48
2025-11-17,9:59:44.842896896,T,TGT,I,5,89.5
2025-11-17,9:59:44.842896896,T,TGT,I,23,89.5
2025-11-17,9:59:44.842899717,T,TGT,I,25,89.5
2025-11-17,9:59:44.842902325,T,TGT,I,16,89.5
2025-11-17,9:59:44.842902325,T,TGT,I,24,89.5
2025-11-17,9:59:44.842906002,T,TGT,I,24,89.5
2025-11-17,9:59:44.842906002,T,TGT,I,25,89.5
2025-11-17,9:59:44.842908255,T,TGT,I,10,89.5
2025-11-17,9:59:44.842911583,T,TGT,I,71,89.5
2025-11-17,9:59:44.858259543,T,TGT,I,3,89.51
2025-11-17,9:59:44.858334762,T,TGT,I,97,89.515
2025-11-17,9:59:44.863431815,T,TGT,I,53,89.5
2025-11-17,9:59:44.866565316,T,TGT,I,2,89.51
2025-11-17,9:59:45.018469210,T,TGT,I,1,89.515
2025-11-17,9:59:45.018490299,T,TGT,I,75,89.515
2025-11-17,9:59:45.018782018,T,TGT,I,22,89.515
2025-11-17,9:59:45.053496727,T,TGT,I,1,89.515
2025-11-17,9:59:45.053523786,T,TGT,I,75,89.515
2025-11-17,9:59:45.053824431,T,TGT,I,24,89.515
2025-11-17,9:59:45.577612259,T,TGT,,100,89.52
2025-11-17,9:59:46.553587299,T,TGT,I,10,89.52
2025-11-17,9:59:46.616343850,T,TGT,I,1,89.51
2025-11-17,9:59:48.877643992,T,TGT,,111,89.53
2025-11-17,9:59:51.534566482,T,TGT,I,4,89.54
2025-11-17,9:59:52.010432169,T,TGT,,100,89.54
2025-11-17,9:59:52.189433590,T,TGT,,100,89.54
2025-11-17,9:59:52.328623160,T,TGT,,100,89.54
2025-11-17,9:59:52.425841776,T,TGT,,100,89.525
2025-11-17,9:59:52.425841776,T,TGT,I,15,89.52
2025-11-17,9:59:53.147549123,T,TGT,I,4,89.525
2025-11-17,9:59:59.831918381,T,TGT,F,100,89.54
2025-11-17,9:59:59.832342502,T,TGT,,100,89.54
2025-11-17,10:00:01.577354632,T,TGT,I,45,89.525
2025-11-17,10:00:02.962872414,T,TGT,I,75,89.52
2025-11-17,10:00:02.962872414,T,TGT,I,73,89.52
2025-11-17,10:00:03.149677357,T,TGT,I,3,89.525
2025-11-17,10:00:04.727951273,T,TGT,F I,75,89.54
2025-11-17,10:00:04.728008474,T,TGT,F I,25,89.54
2025-11-17,10:00:04.728306155,T,TGT,F I,12,89.55
2025-11-17,10:00:04.728309855,T,TGT,F,100,89.55
2025-11-17,10:00:04.728312202,T,TGT,F I,12,89.55
2025-11-17,10:00:04.728312202,T,TGT,F I,20,89.55
2025-11-17,10:00:04.728315717,T,TGT,F I,45,89.55
2025-11-17,10:00:04.728321209,T,TGT,F I,52,89.55
2025-11-17,10:00:04.728357628,T,TGT,F I,37,89.56
2025-11-17,10:00:04.728360243,T,TGT,F I,1,89.56
2025-11-17,10:00:07.972025733,T,TGT,I,75,89.555
2025-11-17,10:00:11.288720442,T,TGT,F I,30,89.56
2025-11-17,10:00:11.288720442,T,TGT,F I,5,89.56
2025-11-17,10:00:11.288723102,T,TGT,I,35,89.56
2025-11-17,10:00:11.288723102,T,TGT,F I,35,89.56
2025-11-17,10:00:11.288726272,T,TGT,F I,45,89.57
2025-11-17,10:00:11.288729111,T,TGT,F I,50,89.57
2025-11-17,10:00:12.218126239,T,TGT,F I,1,89.58
2025-11-17,10:00:12.218189454,T,TGT,F I,1,89.59
2025-11-17,10:00:12.218213804,T,TGT,I,75,89.6
2025-11-17,10:00:12.218234458,T,TGT,I,1,89.6
2025-11-17,10:00:12.218559241,T,TGT,F I,19,89.61
2025-11-17,10:00:12.218592392,T,TGT,F I,1,89.62
2025-11-17,10:00:12.268276748,T,TGT,,100,89.645
2025-11-17,10:00:12.478555617,T,TGT,I,7,89.645
2025-11-17,10:00:12.478579709,T,TGT,F I,75,89.645
2025-11-17,10:00:12.655100242,T,TGT,I,5,89.64
2025-11-17,10:00:12.655127314,T,TGT,F I,13,89.64
2025-11-17,10:00:12.689676600,T,TGT,,100,89.65
2025-11-17,10:00:12.690617912,T,TGT,F I,2,89.62
2025-11-17,10:00:12.690644968,T,TGT,F I,3,89.64
2025-11-17,10:00:19.844318162,T,TGT,I,4,89.625
2025-11-17,10:00:20.948091793,T,TGT,,100,89.625
2025-11-17,10:00:21.893727605,T,TGT,F I,50,89.64
2025-11-17,10:00:21.893730691,T,TGT,F,100,89.65
2025-11-17,10:00:21.893733906,T,TGT,F I,13,89.65
2025-11-17,10:00:21.893733906,T,TGT,F I,10,89.65
2025-11-17,10:00:21.893745579,T,TGT,F I,50,89.65
2025-11-17,10:00:22.697199777,T,TGT,,100,89.65
2025-11-17,10:00:22.813772468,T,TGT,F I,25,89.66
2025-11-17,10:00:22.814587358,T,TGT,I,25,89.66
2025-11-17,10:00:22.815411392,T,TGT,I,25,89.66
2025-11-17,10:00:23.081446168,T,TGT,I,25,89.66
2025-11-17,10:00:23.159869980,T,TGT,F I,55,89.67
2025-11-17,10:00:23.192202975,T,TGT,I,1,89.69
2025-11-17,10:00:23.360020748,T,TGT,I,5,89.72
2025-11-17,10:00:29.123021994,T,TGT,I,30,89.72
2025-11-17,10:00:29.372598582,T,TGT,F I,60,89.72
2025-11-17,10:00:29.372608141,T,TGT,F I,15,89.72
2025-11-17,10:00:29.372608141,T,TGT,F I,12,89.715
2025-11-17,10:00:29.372613596,T,TGT,F I,60,89.71
2025-11-17,10:00:29.372613596,T,TGT,F I,63,89.71
2025-11-17,10:00:29.372652958,T,TGT,I,2,89.7
2025-11-17,10:00:29.373089640,T,TGT,F I,98,89.7
2025-11-17,10:00:29.373089640,T,TGT,F I,12,89.7
2025-11-17,10:00:29.373091747,T,TGT,I,75,89.7
2025-11-17,10:00:29.373377898,T,TGT,I,5,89.71
2025-11-17,10:00:29.373377898,T,TGT,I,11,89.71
2025-11-17,10:00:29.950256794,T,TGT,I,70,89.72
2025-11-17,10:00:33.278339351,T,TGT,I,10,89.72
2025-11-17,10:00:35.944863875,T,TGT,I,5,89.71
2025-11-17,10:00:43.004912050,T,TGT,F I,75,89.71
2025-11-17,10:00:43.156512169,T,TGT,I,4,89.71
2025-11-17,10:00:45.273498693,T,TGT,I,60,89.72
2025-11-17,10:00:45.273498693,T,TGT,I,60,89.72
2025-11-17,10:00:45.273516748,T,TGT,I,40,89.72
2025-11-17,10:00:48.116477494,T,TGT,F I,14,89.71
2025-11-17,10:00:50.731792922,T,TGT,F I,12,89.7
2025-11-17,10:00:50.731813940,T,TGT,I,12,89.7
2025-11-17,10:00:50.736168365,T,TGT,F,100,89.68
2025-11-17,10:00:50.736171314,T,TGT,F I,5,89.68
2025-11-17,10:00:50.736186793,T,TGT,F I,5,89.68
2025-11-17,10:00:50.736186793,T,TGT,I,1,89.68
2025-11-17,10:00:50.740429483,T,TGT,,100,89.68
2025-11-17,10:00:52.597341247,T,TGT,I,40,89.68
2025-11-17,10:00:53.157371389,T,TGT,I,3,89.68
2025-11-17,10:00:54.426836626,T,TGT,F I,40,89.68
2025-11-17,10:00:54.426839735,T,TGT,F I,11,89.68
