DATE,TIME_M,EX,SYM_ROOT,TR_SCOND,SIZE,PRICE
2025-11-11,9:30:01.185077688,T,TGT,F I,2,91.48
2025-11-11,9:30:01.185089727,T,TGT,Q,2,91.48
2025-11-11,9:30:01.550734180,T,TGT,I,11,91.45
2025-11-11,9:30:01.550734180,T,TGT,I,5,91.45
2025-11-11,9:30:01.669640767,T,TGT,F I,15,91.5
2025-11-11,9:30:01.669643177,T,TGT,F,105,91.5
2025-11-11,9:30:01.669998027,T,TGT,I,50,91.49
2025-11-11,9:30:02.035864732,T,TGT,F I,50,91.49
2025-11-11,9:30:02.036024164,T,TGT,F I,50,91.48
2025-11-11,9:30:02.329342884,T,TGT,,100,91.54
2025-11-11,9:30:02.489053390,T,TGT,F I,7,91.55
2025-11-11,9:30:02.489056386,T,TGT,F I,35,91.55
2025-11-11,9:30:02.780718302,T,TGT,F I,50,91.48
2025-11-11,9:30:05.344725500,T,TGT,I,1,91.43
2025-11-11,9:30:20.532733896,T,TGT,F I,75,91.56
2025-11-11,9:30:20.532781885,T,TGT,F I,1,91.56
2025-11-11,9:30:20.533238932,T,TGT,I,1,91.55
2025-11-11,9:30:20.533262999,T,TGT,F,100,91.54
2025-11-11,9:30:20.533266062,T,TGT,F I,1,91.54
2025-11-11,9:30:26.528294756,T,TGT,,100,91.5
2025-11-11,9:30:26.528297718,T,TGT,,100,91.49
2025-11-11,9:30:26.528313163,T,TGT,I,1,91.49
2025-11-11,9:30:26.528316002,T,TGT,I,99,91.49
2025-11-11,9:30:26.528316002,T,TGT,I,1,91.49
2025-11-11,9:30:26.528721685,T,TGT,I,75,91.52
2025-11-11,9:30:26.566819549,T,TGT,F I,51,91.53
2025-11-11,9:30:29.468260864,T,TGT,I,1,91.46
2025-11-11,9:30:30.356472017,T,TGT,I,1,91.48
2025-11-11,9:30:30.356496065,T,TGT,F I,1,91.48
2025-11-11,9:30:30.356505107,T,TGT,I,1,91.48
2025-11-11,9:30:30.416699495,T,TGT,I,1,91.49
2025-11-11,9:30:32.329713178,T,TGT,I,1,91.49
2025-11-11,9:30:32.962679043,T,TGT,I,1,91.49
2025-11-11,9:30:33.416827087,T,TGT,I,1,91.49
2025-11-11,9:30:33.417136936,T,TGT,I,1,91.49
2025-11-11,9:30:33.735460160,T,TGT,I,1,91.49
2025-11-11,9:30:33.735490210,T,TGT,I,1,91.49
2025-11-11,9:30:33.999404916,T,TGT,I,1,91.48
2025-11-11,9:30:35.010212117,T,TGT,I,1,91.49
2025-11-11,9:30:35.040028113,T,TGT,I,1,91.49
2025-11-11,9:30:36.962309763,T,TGT,I,1,91.49
2025-11-11,9:30:40.355503743,T,TGT,I,2,91.48
2025-11-11,9:30:40.784388615,T,TGT,,194,91.48
2025-11-11,9:30:40.784391727,T,TGT,I,6,91.46
2025-11-11,9:30:42.219107178,T,TGT,F I,12,91.54
2025-11-11,9:30:42.221434188,T,TGT,I,13,91.58
2025-11-11,9:30:42.221864293,T,TGT,I,87,91.58
2025-11-11,9:30:47.646409736,T,TGT,F I,12,91.62
2025-11-11,9:30:47.646412944,T,TGT,F I,20,91.62
2025-11-11,9:30:47.646416005,T,TGT,F I,80,91.62
2025-11-11,9:30:47.646463839,T,TGT,I,82,91.58
2025-11-11,9:30:47.646485600,T,TGT,I,1,91.58
2025-11-11,9:30:47.646677345,T,TGT,F I,82,91.63
2025-11-11,9:30:47.646746522,T,TGT,F,100,91.62
2025-11-11,9:30:47.646972065,T,TGT,F,100,91.63
2025-11-11,9:30:50.119907643,T,TGT,I,1,91.69
2025-11-11,9:30:50.119928605,T,TGT,F I,57,91.69
2025-11-11,9:30:50.119931682,T,TGT,F,100,91.69
2025-11-11,9:30:50.119934642,T,TGT,F I,12,91.69
2025-11-11,9:30:50.120262447,T,TGT,F I,75,91.69
2025-11-11,9:30:50.120268492,T,TGT,F I,25,91.69
2025-11-11,9:30:50.360059783,T,TGT,I,1,91.675
2025-11-11,9:30:52.044516823,T,TGT,F I,12,91.71
2025-11-11,9:30:52.044519777,T,TGT,F,100,91.71
2025-11-11,9:30:52.044522862,T,TGT,F I,27,91.71
2025-11-11,9:30:52.044522862,T,TGT,F I,43,91.71
2025-11-11,9:30:54.470988750,T,TGT,F I,12,91.73
2025-11-11,9:30:54.470988750,T,TGT,F I,73,91.73
2025-11-11,9:30:54.470991672,T,TGT,F I,27,91.73
2025-11-11,9:30:54.471048764,T,TGT,F I,3,91.75
2025-11-11,9:30:54.471054791,T,TGT,F I,1,91.75
2025-11-11,9:30:54.471054791,T,TGT,F I,1,91.75
2025-11-11,9:30:54.471066912,T,TGT,F,195,91.75
2025-11-11,9:30:54.471544979,T,TGT,,100,91.73
2025-11-11,9:31:01.175615035,T,TGT,F I,2,91.735
2025-11-11,9:31:01.175924780,T,TGT,F I,41,91.68
2025-11-11,9:31:01.175945869,T,TGT,F I,59,91.68
2025-11-11,9:31:01.175948854,T,TGT,F,100,91.68
2025-11-11,9:31:01.189947232,T,TGT,,100,91.65
2025-11-11,9:31:13.607776258,T,TGT,I,11,91.72
2025-11-11,9:31:27.007229066,T,TGT,F,100,91.57
2025-11-11,9:31:27.007229066,T,TGT,F I,12,91.57
2025-11-11,9:31:27.007231381,T,TGT,F I,88,91.57
2025-11-11,9:31:27.007321504,T,TGT,F I,4,91.55
2025-11-11,9:31:27.007339598,T,TGT,F I,1,91.52
2025-11-11,9:31:27.007378664,T,TGT,F I,9,91.52
2025-11-11,9:31:27.008452277,T,TGT,F,112,91.48
2025-11-11,9:31:27.008458297,T,TGT,F I,88,91.48
2025-11-11,9:31:27.008506376,T,TGT,,100,91.52
2025-11-11,9:31:27.008533440,T,TGT,F I,75,91.47
2025-11-11,9:31:27.008785998,T,TGT,F I,25,91.47
2025-11-11,9:31:27.008846192,T,TGT,I,6,91.51
2025-11-11,9:31:27.008876306,T,TGT,,100,91.51
2025-11-11,9:31:27.009324362,T,TGT,I,78,91.46
2025-11-11,9:31:27.009330916,T,TGT,I,22,91.46
2025-11-11,9:31:27.009408565,T,TGT,I,11,91.51
2025-11-11,9:31:27.009429587,T,TGT,,100,91.51
2025-11-11,9:31:27.009558979,T,TGT,I,6,91.49
2025-11-11,9:31:27.009561909,T,TGT,I,15,91.49
2025-11-11,9:31:27.009570864,T,TGT,F I,7,91.49
2025-11-11,9:31:27.009580003,T,TGT,I,42,91.49
2025-11-11,9:31:27.090057622,T,TGT,F,200,91.45
2025-11-11,9:31:27.090060620,T,TGT,F I,77,91.49
2025-11-11,9:31:30.122593637,T,TGT,I,25,91.49
2025-11-11,9:31:31.395905180,T,TGT,,100,91.425
2025-11-11,9:31:41.398719794,T,TGT,,100,91.425
2025-11-11,9:31:43.925724071,T,TGT,F I,1,91.36
2025-11-11,9:31:43.925724071,T,TGT,F I,1,91.36
2025-11-11,9:31:52.315595799,T,TGT,F I,70,91.35
2025-11-11,9:31:52.315622465,T,TGT,F,127,91.35
2025-11-11,9:31:52.315622465,T,TGT,F,890,91.36
2025-11-11,9:31:52.315625289,T,TGT,F I,9,91.36
2025-11-11,9:31:52.315640937,T,TGT,I,1,91.36
2025-11-11,9:31:52.315647194,T,TGT,F I,20,91.36
2025-11-11,9:31:52.315647194,T,TGT,F,100,91.36
2025-11-11,9:31:52.315649501,T,TGT,F I,6,91.36
2025-11-11,9:31:52.315715543,T,TGT,,100,91.4
2025-11-11,9:31:52.315719942,T,TGT,,100,91.4
2025-11-11,9:31:52.315791026,T,TGT,F,100,91.44
2025-11-11,9:31:52.315841907,T,TGT,F,100,91.44
2025-11-11,9:31:52.315841907,T,TGT,F I,12,91.44
2025-11-11,9:31:52.315896011,T,TGT,F I,88,91.44
2025-11-11,9:31:52.315899022,T,TGT,,100,91.4
2025-11-11,9:31:52.315995212,T,TGT,F,100,91.4
2025-11-11,9:31:52.315998201,T,TGT,F I,99,91.39
2025-11-11,9:31:52.316019891,T,TGT,F I,1,91.39
2025-11-11,9:31:52.316088692,T,TGT,I,99,91.39
2025-11-11,9:31:52.316088692,T,TGT,I,37,91.39
2025-11-11,9:31:52.316091397,T,TGT,I,75,91.39
2025-11-11,9:31:52.316118505,T,TGT,I,1,91.39
2025-11-11,9:31:52.316152369,T,TGT,F I,24,91.39
2025-11-11,9:31:52.316155814,T,TGT,F I,75,91.39
2025-11-11,9:31:52.316160783,T,TGT,F,287,91.39
2025-11-11,9:31:52.316160783,T,TGT,F,135,91.39
2025-11-11,9:31:52.316164663,T,TGT,,602,91.39
2025-11-11,9:31:52.316166746,T,TGT,I,50,91.39
2025-11-11,9:31:52.316170269,T,TGT,I,65,91.39
2025-11-11,9:31:52.316170269,T,TGT,,100,91.39
2025-11-11,9:31:52.316173069,T,TGT,I,1,91.39
2025-11-11,9:31:52.316173069,T,TGT,I,50,91.39
2025-11-11,9:31:52.316175821,T,TGT,,100,91.39
2025-11-11,9:31:52.316175821,T,TGT,I,5,91.39
2025-11-11,9:31:52.316178970,T,TGT,I,20,91.39
2025-11-11,9:31:52.316178970,T,TGT,,150,91.39
2025-11-11,9:31:52.316184805,T,TGT,,165,91.39
2025-11-11,9:31:52.316184805,T,TGT,,100,91.39
2025-11-11,9:31:52.316187917,T,TGT,I,75,91.39
2025-11-11,9:31:52.316187917,T,TGT,I,37,91.39
2025-11-11,9:31:52.316191030,T,TGT,,200,91.39
2025-11-11,9:31:52.316191030,T,TGT,,125,91.39
2025-11-11,9:31:52.316193665,T,TGT,I,75,91.39
2025-11-11,9:31:52.316196707,T,TGT,F I,75,91.39
2025-11-11,9:31:52.316283931,T,TGT,I,75,91.39
2025-11-11,9:31:52.316287525,T,TGT,F I,25,91.39
2025-11-11,9:31:52.316287525,T,TGT,I,75,91.39
2025-11-11,9:31:52.316292951,T,TGT,F I,25,91.39
2025-11-11,9:31:52.316292951,T,TGT,I,25,91.39
2025-11-11,9:31:52.316296098,T,TGT,F I,25,91.39
2025-11-11,9:31:52.316296098,T,TGT,F I,25,91.39
2025-11-11,9:31:52.316307958,T,TGT,F I,48,91.39
2025-11-11,9:31:52.316310942,T,TGT,F I,27,91.39
2025-11-11,9:31:52.316316959,T,TGT,F I,25,91.39
2025-11-11,9:31:52.316338003,T,TGT,I,50,91.39
2025-11-11,9:31:52.316347409,T,TGT,F I,73,91.39
2025-11-11,9:31:52.316350047,T,TGT,F I,2,91.39
2025-11-11,9:31:52.316356044,T,TGT,I,25,91.39
2025-11-11,9:31:52.316587625,T,TGT,I,2,91.39
2025-11-11,9:31:52.316621068,T,TGT,I,73,91.39
2025-11-11,9:31:52.316621068,T,TGT,I,2,91.39
2025-11-11,9:31:52.316632749,T,TGT,F I,25,91.39
2025-11-11,9:31:52.316969583,T,TGT,,100,91.39
2025-11-11,9:31:52.317020827,T,TGT,F I,2,91.42
2025-11-11,9:31:52.317041684,T,TGT,,100,91.42
2025-11-11,9:31:52.317219321,T,TGT,F I,2,91.41
2025-11-11,9:31:52.317219321,T,TGT,F I,2,91.41
2025-11-11,9:31:52.317222233,T,TGT,F I,59,91.41
2025-11-11,9:31:52.317222233,T,TGT,F I,37,91.4
2025-11-11,9:31:52.317237675,T,TGT,,100,91.45
2025-11-11,9:31:52.317249357,T,TGT,F I,2,91.42
2025-11-11,9:31:52.317261213,T,TGT,I,72,91.45
2025-11-11,9:31:52.317282235,T,TGT,F I,28,91.45
2025-11-11,9:31:52.317294293,T,TGT,F I,25,91.45
2025-11-11,9:31:52.317378801,T,TGT,F,100,91.46
2025-11-11,9:31:52.317378801,T,TGT,F,150,91.46
2025-11-11,9:31:52.317417667,T,TGT,F,100,91.46
2025-11-11,9:31:52.317417667,T,TGT,F I,50,91.46
2025-11-11,9:31:56.027726251,T,TGT,F I,75,91.52
2025-11-11,9:31:56.027759391,T,TGT,F I,5,91.54
2025-11-11,9:31:56.027876690,T,TGT,F I,1,91.56
2025-11-11,9:32:01.114077073,T,TGT,I,1,91.535
2025-11-11,9:32:04.406046729,T,TGT,I,25,91.52
2025-11-11,9:32:04.484314153,T,TGT,I,17,91.5
2025-11-11,9:32:09.160656172,T,TGT,F I,25,91.51
2025-11-11,9:32:09.725708287,T,TGT,I,25,91.49
2025-11-11,9:32:09.765156291,T,TGT,F I,1,91.43
2025-11-11,9:32:09.765216438,T,TGT,,100,91.43
2025-11-11,9:32:11.769254049,T,TGT,I,5,91.365
2025-11-11,9:32:11.805270675,T,TGT,I,7,91.36
2025-11-11,9:32:11.805355292,T,TGT,I,1,91.36
2025-11-11,9:32:11.805357903,T,TGT,F I,57,91.36
2025-11-11,9:32:11.805532342,T,TGT,F,100,91.36
2025-11-11,9:32:11.806399186,T,TGT,F,100,91.4
2025-11-11,9:32:14.290878372,T,TGT,F,100,91.4
2025-11-11,9:32:14.290881440,T,TGT,F,100,91.4
2025-11-11,9:32:25.476642408,T,TGT,I,10,91.375
2025-11-11,9:32:26.033052032,T,TGT,I,10,91.375
2025-11-11,9:32:30.638328956,T,TGT,I,10,91.4
2025-11-11,9:32:30.638603274,T,TGT,F,100,91.42
2025-11-11,9:32:30.638614615,T,TGT,I,11,91.4
2025-11-11,9:32:30.638617636,T,TGT,I,7,91.4
2025-11-11,9:32:30.638653718,T,TGT,F I,2,91.41
2025-11-11,9:32:30.638804282,T,TGT,F,100,91.42
2025-11-11,9:32:30.638807032,T,TGT,F,100,91.42
2025-11-11,9:32:30.638825079,T,TGT,F I,1,91.42
2025-11-11,9:32:30.638858659,T,TGT,F,100,91.42
2025-11-11,9:32:30.638885280,T,TGT,F I,10,91.41
2025-11-11,9:32:30.638915323,T,TGT,I,2,91.42
2025-11-11,9:32:30.639083759,T,TGT,,100,91.42
2025-11-11,9:32:30.639528727,T,TGT,F I,12,91.42
2025-11-11,9:32:30.640091722,T,TGT,F I,2,91.42
2025-11-11,9:32:30.640091722,T,TGT,F I,6,91.42
2025-11-11,9:32:30.640094114,T,TGT,F I,3,91.42
2025-11-11,9:32:30.640112104,T,TGT,F I,1,91.42
2025-11-11,9:32:30.640121234,T,TGT,F I,16,91.42
2025-11-11,9:32:38.471026459,T,TGT,I,23,91.45
2025-11-11,9:32:38.471050861,T,TGT,F I,77,91.45
2025-11-11,9:32:38.471053456,T,TGT,F,100,91.45
2025-11-11,9:32:38.471056406,T,TGT,F I,2,91.45
2025-11-11,9:32:38.471447739,T,TGT,,124,91.44
2025-11-11,9:32:53.465800077,T,TGT,F I,10,91.34
2025-11-11,9:32:53.465812089,T,TGT,F I,25,91.33
2025-11-11,9:32:53.465902391,T,TGT,F I,1,91.31
2025-11-11,9:32:53.465902391,T,TGT,F I,1,91.31
2025-11-11,9:32:53.466254242,T,TGT,F,145,91.3
2025-11-11,9:32:53.466254242,T,TGT,F I,2,91.3
2025-11-11,9:32:53.467826943,T,TGT,F,200,91.24
2025-11-11,9:32:53.468220825,T,TGT,,100,91.26
2025-11-11,9:32:53.778551366,T,TGT,I,6,91.23
2025-11-11,9:32:53.778572351,T,TGT,F I,94,91.23
2025-11-11,9:32:53.778572351,T,TGT,F I,75,91.23
2025-11-11,9:32:53.779606756,T,TGT,I,3,91.225
2025-11-11,9:32:53.779609682,T,TGT,I,3,91.225
2025-11-11,9:32:53.779618698,T,TGT,I,3,91.225
2025-11-11,9:32:55.270525654,T,TGT,F I,3,91.21
2025-11-11,9:32:55.270544397,T,TGT,I,3,91.21
2025-11-11,9:32:56.119003427,T,TGT,F,100,91.24
2025-11-11,9:32:56.119006203,T,TGT,F,100,91.24
2025-11-11,9:32:56.119006203,T,TGT,F I,25,91.24
2025-11-11,9:32:56.119009055,T,TGT,F I,25,91.24
2025-11-11,9:32:56.119351965,T,TGT,F,100,91.25
2025-11-11,9:32:56.119376006,T,TGT,F,100,91.25
2025-11-11,9:32:56.119890171,T,TGT,F,100,91.25
2025-11-11,9:32:58.855964753,T,TGT,F I,25,91.24
2025-11-11,9:32:58.855964753,T,TGT,F I,2,91.23
2025-11-11,9:32:58.855970671,T,TGT,F,100,91.23
2025-11-11,9:32:58.855973685,T,TGT,F I,2,91.22
2025-11-11,9:32:58.855973685,T,TGT,F I,25,91.22
2025-11-11,9:32:58.940550193,T,TGT,I,96,91.205
2025-11-11,9:32:59.398448170,T,TGT,,127,91.205
2025-11-11,9:32:59.647303023,T,TGT,F,100,91.19
2025-11-11,9:32:59.647321325,T,TGT,I,25,91.19
2025-11-11,9:32:59.647324245,T,TGT,I,2,91.19
2025-11-11,9:32:59.647327130,T,TGT,I,45,91.19
2025-11-11,9:32:59.647327130,T,TGT,I,1,91.19
2025-11-11,9:32:59.647399249,T,TGT,I,25,91.18
2025-11-11,9:32:59.647399249,T,TGT,I,75,91.19
2025-11-11,9:32:59.647405283,T,TGT,F I,25,91.19
2025-11-11,9:32:59.647594793,T,TGT,,100,91.19
2025-11-11,9:32:59.647597693,T,TGT,I,2,91.19
2025-11-11,9:32:59.647763196,T,TGT,I,25,91.2
2025-11-11,9:32:59.647763196,T,TGT,I,7,91.21
2025-11-11,9:32:59.647799165,T,TGT,F I,25,91.21
2025-11-11,9:32:59.647937461,T,TGT,F,100,91.22
2025-11-11,9:32:59.647940548,T,TGT,F,100,91.22
2025-11-11,9:32:59.647991663,T,TGT,F,100,91.23
2025-11-11,9:32:59.648138935,T,TGT,I,25,91.22
2025-11-11,9:32:59.648138935,T,TGT,I,75,91.21
2025-11-11,9:32:59.648232200,T,TGT,F I,35,91.23
2025-11-11,9:32:59.648244214,T,TGT,F I,70,91.23
2025-11-11,9:32:59.648322380,T,TGT,,100,91.22
2025-11-11,9:32:59.648659210,T,TGT,F,100,91.24
2025-11-11,9:32:59.648809555,T,TGT,,100,91.23
2025-11-11,9:32:59.661370513,T,TGT,F I,2,91.23
2025-11-11,9:32:59.661379514,T,TGT,F I,2,91.22
2025-11-11,9:32:59.661385874,T,TGT,F I,2,91.21
2025-11-11,9:32:59.661388526,T,TGT,F I,11,91.21
2025-11-11,9:33:00.023339918,T,TGT,F I,2,91.2
2025-11-11,9:33:00.023412086,T,TGT,I,2,91.19
2025-11-11,9:33:00.223695209,T,TGT,F I,1,91.22
2025-11-11,9:33:00.223716433,T,TGT,F I,7,91.22
2025-11-11,9:33:00.223722314,T,TGT,F,100,91.22
2025-11-11,9:33:00.223722314,T,TGT,F I,13,91.22
2025-11-11,9:33:00.223725357,T,TGT,F I,12,91.22
2025-11-11,9:33:00.223996020,T,TGT,,100,91.22
2025-11-11,9:33:00.224011988,T,TGT,,127,91.2
2025-11-11,9:33:00.224011988,T,TGT,I,75,91.2
2025-11-11,9:33:00.224011988,T,TGT,I,70,91.2
2025-11-11,9:33:00.224014074,T,TGT,I,25,91.2
2025-11-11,9:33:00.224017536,T,TGT,I,25,91.2
2025-11-11,9:33:00.224017536,T,TGT,I,1,91.19
2025-11-11,9:33:00.224021681,T,TGT,I,7,91.19
2025-11-11,9:33:00.224021681,T,TGT,I,2,91.19
2025-11-11,9:33:00.224026074,T,TGT,,127,91.19
2025-11-11,9:33:00.224026074,T,TGT,I,24,91.19
2025-11-11,9:33:00.225310434,T,TGT,F I,2,91.21
2025-11-11,9:33:00.225331173,T,TGT,F I,2,91.2
2025-11-11,9:33:01.414712780,T,TGT,F,100,91.23
2025-11-11,9:33:01.414715759,T,TGT,F I,73,91.23
2025-11-11,9:33:01.414731112,T,TGT,I,1,91.23
2025-11-11,9:33:01.414733859,T,TGT,F I,26,91.23
2025-11-11,9:33:02.972808756,T,TGT,F I,93,91.23
2025-11-11,9:33:02.972823840,T,TGT,F I,7,91.23
2025-11-11,9:33:02.972823840,T,TGT,F,100,91.23
2025-11-11,9:33:02.972826720,T,TGT,F I,25,91.23
2025-11-11,9:33:02.973247802,T,TGT,,100,91.23
2025-11-11,9:33:02.983005999,T,TGT,F I,8,91.21
2025-11-11,9:33:02.983011994,T,TGT,F I,3,91.21
2025-11-11,9:33:02.983036082,T,TGT,I,64,91.21
2025-11-11,9:33:02.983036082,T,TGT,F I,1,91.21
2025-11-11,9:33:02.983057313,T,TGT,F I,24,91.21
2025-11-11,9:33:02.983057313,T,TGT,F I,2,91.21
2025-11-11,9:33:02.983433034,T,TGT,F I,91,91.21
2025-11-11,9:33:02.983454044,T,TGT,I,1,91.21
2025-11-11,9:33:02.983745797,T,TGT,F I,8,91.21
2025-11-11,9:33:06.375180720,T,TGT,F,100,91.22
2025-11-11,9:33:06.375180720,T,TGT,F I,10,91.22
2025-11-11,9:33:06.375183636,T,TGT,F,100,91.22
2025-11-11,9:33:06.375183636,T,TGT,F I,9,91.22
2025-11-11,9:33:06.375511376,T,TGT,F I,88,91.22
2025-11-11,9:33:06.375523416,T,TGT,I,12,91.22
2025-11-11,9:33:06.375523416,T,TGT,I,88,91.22
2025-11-11,9:33:06.375538466,T,TGT,I,1,91.22
2025-11-11,9:33:06.375547430,T,TGT,I,11,91.22
2025-11-11,9:33:07.041123171,T,TGT,I,2,91.21
2025-11-11,9:33:07.085457744,T,TGT,F I,70,91.22
2025-11-11,9:33:07.085457744,T,TGT,F I,25,91.22
2025-11-11,9:33:07.085460758,T,TGT,F,100,91.23
2025-11-11,9:33:07.085927121,T,TGT,F I,5,91.23
2025-11-11,9:33:07.085953890,T,TGT,F I,95,91.23
2025-11-11,9:33:07.085953890,T,TGT,F I,63,91.23
2025-11-11,9:33:07.085956963,T,TGT,F I,12,91.23
2025-11-11,9:33:07.085961224,T,TGT,F I,75,91.23
2025-11-11,9:33:07.085961224,T,TGT,F I,18,91.23
2025-11-11,9:33:07.085966128,T,TGT,F,100,91.23
2025-11-11,9:33:07.085966128,T,TGT,F,100,91.23
2025-11-11,9:33:07.085966128,T,TGT,F I,75,91.23
2025-11-11,9:33:07.085969200,T,TGT,F,100,91.23
2025-11-11,9:33:07.085969200,T,TGT,F I,75,91.23
2025-11-11,9:33:07.085971993,T,TGT,F,100,91.23
2025-11-11,9:33:07.086149552,T,TGT,F I,25,91.22
2025-11-11,9:33:07.086152400,T,TGT,F I,2,91.22
2025-11-11,9:33:08.130342068,T,TGT,F I,25,91.23
2025-11-11,9:33:08.130342068,T,TGT,F,100,91.23
2025-11-11,9:33:08.130838302,T,TGT,F I,57,91.24
2025-11-11,9:33:08.130853282,T,TGT,F,100,91.24
2025-11-11,9:33:09.543327335,T,TGT,F,100,91.24
2025-11-11,9:33:09.543348780,T,TGT,I,1,91.24
2025-11-11,9:33:09.543351372,T,TGT,F I,19,91.24
2025-11-11,9:33:09.543351372,T,TGT,I,55,91.24
2025-11-11,9:33:09.543390453,T,TGT,,100,91.25
2025-11-11,9:33:09.543507819,T,TGT,,100,91.25
2025-11-11,9:33:19.649997586,T,TGT,,127,91.275
2025-11-11,9:33:19.649997586,T,TGT,,100,91.275
2025-11-11,9:33:28.974922383,T,TGT,I,3,91.26
2025-11-11,9:33:34.782589652,T,TGT,I,3,91.25
2025-11-11,9:33:34.782923487,T,TGT,F I,2,91.24
2025-11-11,9:33:34.782923487,T,TGT,F I,1,91.24
2025-11-11,9:33:34.782944530,T,TGT,F I,2,91.23
2025-11-11,9:33:34.782995642,T,TGT,F I,10,91.23
2025-11-11,9:33:34.782998645,T,TGT,F I,1,91.23
2025-11-11,9:33:34.783001605,T,TGT,F I,1,91.23
2025-11-11,9:33:39.981883823,T,TGT,F I,93,91.19
2025-11-11,9:33:39.981883823,T,TGT,F I,7,91.19
2025-11-11,9:33:39.983197640,T,TGT,,100,91.18
2025-11-11,9:33:41.390283290,T,TGT,F I,11,91.1
2025-11-11,9:33:41.390283290,T,TGT,F I,1,91.07
2025-11-11,9:33:41.390285966,T,TGT,F I,10,91.04
2025-11-11,9:33:41.390285966,T,TGT,F I,10,91.04
2025-11-11,9:33:43.846309229,T,TGT,F I,9,91.11
2025-11-11,9:33:46.509901975,T,TGT,F I,1,91.05
2025-11-11,9:33:46.509901975,T,TGT,F I,1,91.05
2025-11-11,9:33:46.536482238,T,TGT,F I,1,91.0
2025-11-11,9:33:46.536485253,T,TGT,F I,4,91.0
2025-11-11,9:33:46.536536766,T,TGT,F I,16,91.0
2025-11-11,9:33:46.536536766,T,TGT,F I,1,91.0
2025-11-11,9:33:46.536539379,T,TGT,F I,6,91.0
2025-11-11,9:33:46.536617674,T,TGT,F I,24,90.99
2025-11-11,9:33:46.537081475,T,TGT,F I,92,90.98
2025-11-11,9:33:46.537083747,T,TGT,I,3,90.98
2025-11-11,9:33:50.379063841,T,TGT,F I,86,91.01
2025-11-11,9:33:50.379069936,T,TGT,F I,14,91.01
2025-11-11,9:33:50.379069936,T,TGT,F I,79,91.01
2025-11-11,9:33:50.379075905,T,TGT,F I,21,91.01
2025-11-11,9:33:55.080915676,T,TGT,I,4,90.97
2025-11-11,9:34:01.053104954,T,TGT,I,4,90.96
2025-11-11,9:34:04.861850088,T,TGT,F I,2,91.01
2025-11-11,9:34:04.861855975,T,TGT,F,100,91.02
2025-11-11,9:34:04.861855975,T,TGT,F I,3,91.02
2025-11-11,9:34:04.863001578,T,TGT,F,100,91.03
2025-11-11,9:34:04.863187967,T,TGT,F,100,91.06
2025-11-11,9:34:14.287364272,T,TGT,,100,91.095
2025-11-11,9:34:22.852766554,T,TGT,F I,25,91.06
2025-11-11,9:34:43.964641961,T,TGT,F I,2,91.07
2025-11-11,9:34:43.964666857,T,TGT,F I,1,91.06
2025-11-11,9:34:43.964669159,T,TGT,F I,2,91.06
2025-11-11,9:34:43.964675212,T,TGT,F,100,91.06
2025-11-11,9:34:43.964675212,T,TGT,F I,34,91.06
2025-11-11,9:34:43.964675212,T,TGT,F I,66,91.06
2025-11-11,9:34:43.964807297,T,TGT,F I,2,91.05
2025-11-11,9:34:43.964903486,T,TGT,F I,2,91.04
2025-11-11,9:34:43.969606733,T,TGT,I,1,91.05
2025-11-11,9:34:44.010552267,T,TGT,F I,5,91.03
2025-11-11,9:34:44.010558245,T,TGT,F I,15,91.03
2025-11-11,9:34:44.010558245,T,TGT,F,100,91.03
2025-11-11,9:34:44.010561759,T,TGT,F,100,91.03
2025-11-11,9:34:44.010630443,T,TGT,F I,5,91.02
2025-11-11,9:34:44.010663539,T,TGT,F I,8,91.01
2025-11-11,9:34:44.010913146,T,TGT,F I,4,91.02
2025-11-11,9:34:44.011039415,T,TGT,F,100,91.04
2025-11-11,9:34:44.011039415,T,TGT,F I,11,91.04
2025-11-11,9:34:44.011063465,T,TGT,I,1,91.04
2025-11-11,9:34:44.011069501,T,TGT,F I,75,91.04
2025-11-11,9:34:44.011111876,T,TGT,F,500,91.04
2025-11-11,9:34:44.011135965,T,TGT,F,100,91.04
2025-11-11,9:34:44.011138938,T,TGT,F,127,91.04
2025-11-11,9:34:44.011168669,T,TGT,I,24,91.05
2025-11-11,9:34:44.011207768,T,TGT,F I,11,91.02
2025-11-11,9:34:44.011210854,T,TGT,F I,2,91.05
2025-11-11,9:34:44.011403253,T,TGT,,100,91.05
2025-11-11,9:34:44.011565665,T,TGT,I,89,91.02
2025-11-11,9:34:44.011565665,T,TGT,I,13,91.01
2025-11-11,9:34:44.011625781,T,TGT,F I,1,91.03
2025-11-11,9:34:44.011668254,T,TGT,F I,11,91.03
2025-11-11,9:34:44.011670865,T,TGT,F I,55,91.03
2025-11-11,9:34:44.011679950,T,TGT,F I,89,91.03
2025-11-11,9:34:44.011679950,T,TGT,F I,11,91.04
2025-11-11,9:34:44.012633190,T,TGT,F I,2,91.06
2025-11-11,9:34:52.312951091,T,TGT,I,1,91.06
2025-11-11,9:34:52.615465813,T,TGT,F I,75,91.08
2025-11-11,9:35:01.161877871,T,TGT,F I,25,91.11
2025-11-11,9:35:01.161944068,T,TGT,F I,13,91.14
2025-11-11,9:35:01.161947115,T,TGT,F,300,91.14
2025-11-11,9:35:01.173028484,T,TGT,F,700,91.2
2025-11-11,9:35:01.173028484,T,TGT,F I,11,91.2
2025-11-11,9:35:01.173578769,T,TGT,F,200,91.23
2025-11-11,9:35:02.026007573,T,TGT,I,5,91.27
2025-11-11,9:35:22.393002153,T,TGT,I,20,91.28
2025-11-11,9:35:25.063839145,T,TGT,F I,70,91.32
2025-11-11,9:35:25.064181984,T,TGT,F,300,91.35
2025-11-11,9:35:26.133974609,T,TGT,F I,25,91.34
2025-11-11,9:35:26.976055862,T,TGT,F I,14,91.32
2025-11-11,9:35:28.747383794,T,TGT,,100,91.275
2025-11-11,9:35:28.747410842,T,TGT,I,75,91.275
2025-11-11,9:35:29.077702807,T,TGT,,100,91.265
2025-11-11,9:35:48.762065089,T,TGT,F I,25,91.33
2025-11-11,9:35:49.304118392,T,TGT,I,70,91.34
2025-11-11,9:35:49.304434080,T,TGT,I,30,91.34
2025-11-11,9:35:49.330948301,T,TGT,I,2,91.29
2025-11-11,9:35:51.361154127,T,TGT,F I,1,91.32
2025-11-11,9:35:54.367253814,T,TGT,F I,80,91.28
2025-11-11,9:35:54.367253814,T,TGT,F I,20,91.28
2025-11-11,9:35:59.420676166,T,TGT,F I,25,91.3
2025-11-11,9:35:59.420682157,T,TGT,F,100,91.31
2025-11-11,9:35:59.421764771,T,TGT,F I,1,91.32
2025-11-11,9:36:03.879097947,T,TGT,I,2,91.35
2025-11-11,9:36:05.161184361,T,TGT,I,25,91.3
2025-11-11,9:36:05.161277553,T,TGT,F I,75,91.29
2025-11-11,9:36:05.161527236,T,TGT,I,8,91.26
2025-11-11,9:36:05.202941894,T,TGT,I,1,91.25
2025-11-11,9:36:05.202941894,T,TGT,I,1,91.25
2025-11-11,9:36:05.203104290,T,TGT,F I,12,91.28
2025-11-11,9:36:05.203107296,T,TGT,F I,9,91.28
2025-11-11,9:36:05.203113772,T,TGT,F I,3,91.28
2025-11-11,9:36:05.203116250,T,TGT,F I,58,91.28
2025-11-11,9:36:11.934349858,T,TGT,F I,1,91.36
2025-11-11,9:36:14.736312035,T,TGT,F I,1,91.4
2025-11-11,9:36:14.736314890,T,TGT,F I,2,91.4
2025-11-11,9:36:14.736317692,T,TGT,F I,10,91.4
2025-11-11,9:36:14.736317692,T,TGT,F I,1,91.4
2025-11-11,9:36:22.560970918,T,TGT,I,12,91.38
2025-11-11,9:36:26.998691341,T,TGT,F I,75,91.42
2025-11-11,9:36:31.344464837,T,TGT,F,100,91.38
2025-11-11,9:36:31.870760728,T,TGT,F,100,91.37
2025-11-11,9:36:31.870760728,T,TGT,F I,12,91.37
2025-11-11,9:36:31.870763666,T,TGT,F I,3,91.37
2025-11-11,9:36:31.871810255,T,TGT,I,1,91.35
2025-11-11,9:36:31.871813180,T,TGT,,100,91.35
2025-11-11,9:36:36.565900454,T,TGT,F,100,91.28
2025-11-11,9:36:40.010646202,T,TGT,I,5,91.34
2025-11-11,9:36:46.086627744,T,TGT,I,51,91.28
2025-11-11,9:37:00.571097840,T,TGT,F I,10,91.36
2025-11-11,9:37:00.571100752,T,TGT,F,100,91.36
2025-11-11,9:37:00.571187971,T,TGT,F I,10,91.4
2025-11-11,9:37:15.010250268,T,TGT,F I,17,91.48
2025-11-11,9:37:15.010252709,T,TGT,F I,2,91.48
2025-11-11,9:37:15.010297836,T,TGT,F I,2,91.49
2025-11-11,9:37:15.010301092,T,TGT,F I,8,91.49
2025-11-11,9:37:15.010303831,T,TGT,F,200,91.49
2025-11-11,9:37:15.010303831,T,TGT,F I,1,91.5
2025-11-11,9:37:15.010505333,T,TGT,F I,11,91.53
2025-11-11,9:37:15.010980415,T,TGT,F I,2,91.55
2025-11-11,9:37:15.010983492,T,TGT,F I,1,91.55
2025-11-11,9:37:15.011281208,T,TGT,I,1,91.55
2025-11-11,9:37:15.011284119,T,TGT,I,2,91.55
2025-11-11,9:37:15.011942738,T,TGT,F I,1,91.55
2025-11-11,9:37:15.011993806,T,TGT,F I,2,91.55
2025-11-11,9:37:15.012027072,T,TGT,I,29,91.55
2025-11-11,9:37:15.585300692,T,TGT,F I,2,91.58
2025-11-11,9:37:15.585448056,T,TGT,F I,65,91.6
2025-11-11,9:37:15.585463117,T,TGT,F,435,91.6
2025-11-11,9:37:15.603854909,T,TGT,F I,5,91.59
2025-11-11,9:37:15.603863963,T,TGT,F I,5,91.58
2025-11-11,9:37:15.603948138,T,TGT,F I,75,91.56
2025-11-11,9:37:15.603987262,T,TGT,F I,25,91.56
2025-11-11,9:37:17.702993932,T,TGT,F I,9,91.56
2025-11-11,9:37:17.702993932,T,TGT,F I,66,91.56
2025-11-11,9:37:21.337838144,T,TGT,F I,2,91.6
2025-11-11,9:37:21.337840917,T,TGT,F I,12,91.6
2025-11-11,9:37:21.337951878,T,TGT,F I,2,91.61
2025-11-11,9:37:21.338039024,T,TGT,F I,2,91.62
2025-11-11,9:37:24.411309863,T,TGT,I,5,91.62
2025-11-11,9:37:24.757196864,T,TGT,I,5,91.63
2025-11-11,9:37:24.791472565,T,TGT,I,2,91.64
2025-11-11,9:37:28.930004257,T,TGT,F I,5,91.55
2025-11-11,9:37:28.930007293,T,TGT,F I,26,91.53
2025-11-11,9:37:34.562086145,T,TGT,F I,43,91.48
2025-11-11,9:37:34.562089142,T,TGT,F I,11,91.48
2025-11-11,9:37:34.562092113,T,TGT,F I,29,91.47
2025-11-11,9:37:42.019480726,T,TGT,I,1,91.42
2025-11-11,9:37:47.919326482,T,TGT,F I,25,91.42
2025-11-11,9:37:53.069414158,T,TGT,I,1,91.37
2025-11-11,9:37:57.208481078,T,TGT,F I,6,91.39
2025-11-11,9:38:01.464749274,T,TGT,I,1,91.4
2025-11-11,9:38:02.144224058,T,TGT,F,200,91.5
2025-11-11,9:38:04.420617211,T,TGT,I,11,91.48
2025-11-11,9:38:05.019445895,T,TGT,F I,4,91.47
2025-11-11,9:38:32.349331470,T,TGT,I,70,91.52
2025-11-11,9:38:43.952577236,T,TGT,F I,75,91.45
2025-11-11,9:38:43.952583184,T,TGT,F,125,91.45
2025-11-11,9:38:53.804663846,T,TGT,F,100,91.41
2025-11-11,9:39:03.242534844,T,TGT,F I,1,91.36
2025-11-11,9:39:04.245270766,T,TGT,I,12,91.4
2025-11-11,9:39:04.771906410,T,TGT,F I,3,91.4
2025-11-11,9:39:10.456944414,T,TGT,I,1,91.405
2025-11-11,9:39:12.084701268,T,TGT,I,2,91.4
2025-11-11,9:39:12.212454619,T,TGT,I,58,91.405
2025-11-11,9:39:12.230248006,T,TGT,F I,2,91.41
2025-11-11,9:39:12.241780533,T,TGT,I,1,91.41
2025-11-11,9:39:17.396754498,T,TGT,F I,75,91.41
2025-11-11,9:39:17.396805624,T,TGT,F I,20,91.41
2025-11-11,9:39:20.763755966,T,TGT,I,1,91.41
2025-11-11,9:39:20.947917796,T,TGT,F I,2,91.39
2025-11-11,9:39:20.947932790,T,TGT,F I,2,91.38
2025-11-11,9:39:21.518485050,T,TGT,F I,3,91.35
2025-11-11,9:39:24.231419328,T,TGT,F,100,91.31
2025-11-11,9:39:24.231437386,T,TGT,I,1,91.31
2025-11-11,9:39:36.386230412,T,TGT,F I,75,91.4
2025-11-11,9:39:36.386269446,T,TGT,F I,25,91.4
2025-11-11,9:40:06.640859643,T,TGT,I,30,91.44
2025-11-11,9:40:07.230227622,T,TGT,I,19,91.44
2025-11-11,9:40:07.230230710,T,TGT,,127,91.45
2025-11-11,9:40:17.578902346,T,TGT,F I,2,91.47
2025-11-11,9:40:17.817902729,T,TGT,I,1,91.48
2025-11-11,9:40:18.208831118,T,TGT,I,39,91.46
2025-11-11,9:40:18.208831118,T,TGT,I,18,91.46
2025-11-11,9:40:18.209125834,T,TGT,I,30,91.46
2025-11-11,9:40:18.209131789,T,TGT,F I,65,91.46
2025-11-11,9:40:23.467348022,T,TGT,F,100,91.49
2025-11-11,9:40:23.468590077,T,TGT,F I,50,91.495
2025-11-11,9:40:23.468599071,T,TGT,F,112,91.495
2025-11-11,9:40:23.468607998,T,TGT,F I,13,91.495
2025-11-11,9:40:23.468680217,T,TGT,I,25,91.495
2025-11-11,9:40:33.611352175,T,TGT,F I,75,91.55
2025-11-11,9:40:33.611418224,T,TGT,F I,32,91.55
2025-11-11,9:40:33.611427429,T,TGT,F I,43,91.55
2025-11-11,9:40:38.529121327,T,TGT,F I,29,91.55
2025-11-11,9:40:40.190047939,T,TGT,F I,26,91.52
2025-11-11,9:40:40.190050544,T,TGT,F I,6,91.52
2025-11-11,9:40:40.190053318,T,TGT,F I,18,91.52
2025-11-11,9:40:40.190068337,T,TGT,F I,82,91.52
2025-11-11,9:40:40.190071509,T,TGT,F I,10,91.52
2025-11-11,9:40:40.190071509,T,TGT,F I,50,91.52
2025-11-11,9:40:40.190916352,T,TGT,I,33,91.52
2025-11-11,9:40:43.751868069,T,TGT,I,1,91.535
2025-11-11,9:40:47.403738380,T,TGT,I,40,91.59
2025-11-11,9:40:56.296602823,T,TGT,F I,50,91.55
2025-11-11,9:40:59.401578145,T,TGT,F I,50,91.56
2025-11-11,9:41:02.245342555,T,TGT,F I,66,91.55
2025-11-11,9:41:02.245342555,T,TGT,F I,35,91.55
2025-11-11,9:41:14.802643734,T,TGT,F I,2,91.59
2025-11-11,9:41:14.802646780,T,TGT,F I,2,91.59
2025-11-11,9:41:14.802712887,T,TGT,I,15,91.58
2025-11-11,9:41:14.802725256,T,TGT,I,10,91.58
2025-11-11,9:41:14.802725256,T,TGT,I,1,91.58
2025-11-11,9:41:14.903624269,T,TGT,I,51,91.6
2025-11-11,9:41:14.903627258,T,TGT,I,22,91.6
2025-11-11,9:41:15.625647444,T,TGT,F I,62,91.6
2025-11-11,9:41:15.625894053,T,TGT,I,16,91.6
2025-11-11,9:41:19.416316410,T,TGT,I,20,91.61
2025-11-11,9:41:19.482684465,T,TGT,I,20,91.61
2025-11-11,9:41:26.185819132,T,TGT,I,28,91.61
2025-11-11,9:41:32.878308489,T,TGT,F I,1,91.56
2025-11-11,9:41:32.878308489,T,TGT,F I,3,91.56
2025-11-11,9:41:32.878828731,T,TGT,I,8,91.58
2025-11-11,9:41:32.878831841,T,TGT,I,19,91.58
2025-11-11,9:41:32.880467682,T,TGT,I,64,91.58
2025-11-11,9:41:33.521399619,T,TGT,F I,58,91.55
2025-11-11,9:41:35.230500393,T,TGT,I,1,91.57
2025-11-11,9:41:44.959037884,T,TGT,F I,75,91.6
2025-11-11,9:41:52.843636203,T,TGT,I,58,91.63
2025-11-11,9:41:52.843753507,T,TGT,I,24,91.63
2025-11-11,9:41:52.843876824,T,TGT,I,45,91.63
2025-11-11,9:41:52.995296525,T,TGT,F I,1,91.63
2025-11-11,9:41:55.478715235,T,TGT,I,5,91.63
2025-11-11,9:41:55.478739310,T,TGT,I,24,91.63
2025-11-11,9:41:55.478739310,T,TGT,I,5,91.62
2025-11-11,9:41:58.536559208,T,TGT,F I,2,91.57
2025-11-11,9:41:58.536562155,T,TGT,F I,1,91.57
2025-11-11,9:41:58.620789933,T,TGT,F I,1,91.56
2025-11-11,9:41:58.620789933,T,TGT,F I,26,91.56
2025-11-11,9:41:58.816255503,T,TGT,F,100,91.55
2025-11-11,9:41:58.816255503,T,TGT,F I,20,91.55
2025-11-11,9:41:58.816258513,T,TGT,F I,4,91.55
2025-11-11,9:41:58.816258513,T,TGT,F I,33,91.55
2025-11-11,9:41:58.820844393,T,TGT,F I,2,91.52
2025-11-11,9:41:58.820934635,T,TGT,I,3,91.52
2025-11-11,9:41:58.820940653,T,TGT,I,3,91.52
2025-11-11,9:41:58.820940653,T,TGT,I,3,91.52
2025-11-11,9:41:58.820940653,T,TGT,I,1,91.52
2025-11-11,9:41:58.820964704,T,TGT,F I,3,91.52
2025-11-11,9:41:58.821488398,T,TGT,I,1,91.51
2025-11-11,9:41:58.821488398,T,TGT,I,1,91.51
2025-11-11,9:41:58.821488398,T,TGT,I,1,91.51
2025-11-11,9:41:58.821490965,T,TGT,I,2,91.51
2025-11-11,9:41:58.824654481,T,TGT,I,77,91.5
2025-11-11,9:41:58.824658052,T,TGT,F I,23,91.5
2025-11-11,9:42:02.595461062,T,TGT,F,100,91.45
2025-11-11,9:42:02.595512163,T,TGT,F I,2,91.44
2025-11-11,9:42:13.437969148,T,TGT,F,100,91.4
2025-11-11,9:42:13.437972326,T,TGT,F I,10,91.4
2025-11-11,9:42:13.437972326,T,TGT,F I,57,91.4
2025-11-11,9:42:13.437975192,T,TGT,F,100,91.4
2025-11-11,9:42:13.437975192,T,TGT,F,100,91.4
2025-11-11,9:42:16.747521763,T,TGT,F I,18,91.38
2025-11-11,9:42:16.747521763,T,TGT,F I,82,91.38
2025-11-11,9:42:16.747539771,T,TGT,I,56,91.38
2025-11-11,9:42:20.938432236,T,TGT,I,1,91.395
2025-11-11,9:42:21.981076491,T,TGT,F I,25,91.37
2025-11-11,9:42:21.981079235,T,TGT,F I,2,91.36
2025-11-11,9:42:21.981083010,T,TGT,F I,1,91.36
2025-11-11,9:42:21.981083010,T,TGT,F I,10,91.36
2025-11-11,9:42:21.981085254,T,TGT,F I,62,91.36
2025-11-11,9:42:21.981446166,T,TGT,I,25,91.39
2025-11-11,9:42:21.981446166,T,TGT,I,9,91.4
2025-11-11,9:42:23.521237934,T,TGT,F I,2,91.36
2025-11-11,9:42:23.521237934,T,TGT,F I,7,91.36
2025-11-11,9:42:23.521243576,T,TGT,F I,10,91.36
2025-11-11,9:42:23.521243576,T,TGT,F I,56,91.36
2025-11-11,9:42:30.637589863,T,TGT,I,1,91.48
2025-11-11,9:42:35.391041460,T,TGT,F I,75,91.47
2025-11-11,9:42:40.347744451,T,TGT,I,48,91.5
2025-11-11,9:42:51.114784933,T,TGT,I,4,91.45
2025-11-11,9:42:51.114784933,T,TGT,I,1,91.45
2025-11-11,9:42:51.114802991,T,TGT,F I,96,91.45
2025-11-11,9:42:51.114806078,T,TGT,F,100,91.45
2025-11-11,9:43:02.426456003,T,TGT,I,1,91.45
2025-11-11,9:43:13.497042769,T,TGT,I,2,91.465
2025-11-11,9:43:13.506079257,T,TGT,F I,75,91.48
2025-11-11,9:43:13.506121421,T,TGT,F I,25,91.48
2025-11-11,9:43:13.506425172,T,TGT,I,19,91.49
2025-11-11,9:43:18.144251358,T,TGT,F I,2,91.5
2025-11-11,9:43:18.144272417,T,TGT,I,2,91.5
2025-11-11,9:43:18.144826581,T,TGT,I,75,91.5
2025-11-11,9:43:18.144826581,T,TGT,I,7,91.49
2025-11-11,9:43:18.144831716,T,TGT,I,6,91.49
2025-11-11,9:43:18.144831716,T,TGT,I,25,91.49
2025-11-11,9:43:18.144943037,T,TGT,I,75,91.49
2025-11-11,9:43:18.144943037,T,TGT,I,76,91.49
2025-11-11,9:43:18.144943037,T,TGT,I,11,91.49
2025-11-11,9:43:18.145006108,T,TGT,F I,4,91.49
2025-11-11,9:43:18.145081379,T,TGT,I,11,91.48
2025-11-11,9:43:18.145183554,T,TGT,F,100,91.49
2025-11-11,9:43:18.145186547,T,TGT,F I,36,91.49
2025-11-11,9:43:18.145201552,T,TGT,I,1,91.49
2025-11-11,9:43:18.145222583,T,TGT,I,63,91.49
2025-11-11,9:43:18.145222583,T,TGT,I,11,91.49
2025-11-11,9:43:18.145784918,T,TGT,I,8,91.48
2025-11-11,9:43:18.145788459,T,TGT,I,13,91.48
2025-11-11,9:43:18.145788459,T,TGT,I,13,91.48
2025-11-11,9:43:18.145791914,T,TGT,I,14,91.48
2025-11-11,9:43:18.145791914,T,TGT,I,7,91.48
2025-11-11,9:43:18.145806074,T,TGT,F I,25,91.49
2025-11-11,9:43:18.145836470,T,TGT,F,100,91.48
2025-11-11,9:43:18.146410911,T,TGT,I,4,91.48
2025-11-11,9:43:18.146413931,T,TGT,I,25,91.48
2025-11-11,9:43:18.232875480,T,TGT,I,2,91.51
2025-11-11,9:43:18.359687662,T,TGT,F I,25,91.54
2025-11-11,9:43:18.359690785,T,TGT,F I,25,91.55
2025-11-11,9:43:18.359693706,T,TGT,F I,40,91.55
2025-11-11,9:43:18.359693706,T,TGT,F I,10,91.55
2025-11-11,9:43:18.359702652,T,TGT,F,100,91.55
2025-11-11,9:43:18.364210583,T,TGT,F,127,91.56
2025-11-11,9:43:18.364213371,T,TGT,F I,73,91.56
2025-11-11,9:43:18.364225499,T,TGT,F I,27,91.56
2025-11-11,9:43:18.364225499,T,TGT,F I,10,91.57
2025-11-11,9:43:18.364228505,T,TGT,F I,32,91.57
2025-11-11,9:43:18.364231924,T,TGT,F I,31,91.57
2025-11-11,9:43:18.369677416,T,TGT,I,18,91.55
2025-11-11,9:43:18.369704394,T,TGT,F I,7,91.55
2025-11-11,9:43:18.371024623,T,TGT,F,100,91.56
2025-11-11,9:43:18.371039640,T,TGT,F,100,91.56
2025-11-11,9:43:18.371039640,T,TGT,F,100,91.57
2025-11-11,9:43:18.374470786,T,TGT,F I,27,91.57
2025-11-11,9:43:18.374473763,T,TGT,F,127,91.58
2025-11-11,9:43:18.374473763,T,TGT,F I,46,91.59
2025-11-11,9:43:18.374489001,T,TGT,F I,3,91.59
2025-11-11,9:43:18.374491996,T,TGT,F I,11,91.59
2025-11-11,9:43:18.374491996,T,TGT,F I,86,91.59
2025-11-11,9:43:18.374509927,T,TGT,I,14,91.59
2025-11-11,9:43:18.374512894,T,TGT,I,18,91.59
2025-11-11,9:43:18.374527901,T,TGT,F I,18,91.56
2025-11-11,9:43:18.374540065,T,TGT,F I,10,91.56
2025-11-11,9:43:18.374540065,T,TGT,F I,62,91.56
2025-11-11,9:43:18.374549378,T,TGT,,127,91.58
2025-11-11,9:43:18.374549378,T,TGT,I,13,91.59
2025-11-11,9:43:18.374552012,T,TGT,F I,75,91.56
2025-11-11,9:43:18.374639925,T,TGT,I,29,91.54
2025-11-11,9:43:18.374642197,T,TGT,I,14,91.54
2025-11-11,9:43:18.374645230,T,TGT,I,60,91.54
2025-11-11,9:43:18.377264401,T,TGT,F I,5,91.54
2025-11-11,9:43:18.378891334,T,TGT,F,100,91.54
2025-11-11,9:43:18.378897306,T,TGT,F,100,91.54
2025-11-11,9:43:18.378897306,T,TGT,F I,46,91.54
2025-11-11,9:43:18.378900826,T,TGT,F I,4,91.54
2025-11-11,9:43:18.378900826,T,TGT,F I,38,91.54
2025-11-11,9:43:18.378904140,T,TGT,F,100,91.54
2025-11-11,9:43:18.378904140,T,TGT,F I,3,91.54
2025-11-11,9:43:18.378907075,T,TGT,F I,97,91.54
2025-11-11,9:43:18.378909849,T,TGT,F,100,91.54
2025-11-11,9:43:18.378909849,T,TGT,F I,96,91.54
2025-11-11,9:43:18.378912369,T,TGT,F I,1,91.54
2025-11-11,9:43:18.378912369,T,TGT,F,115,91.54
2025-11-11,9:43:18.386036331,T,TGT,F,100,91.54
2025-11-11,9:43:18.388718729,T,TGT,F I,85,91.54
2025-11-11,9:43:18.388718729,T,TGT,F I,2,91.54
2025-11-11,9:43:18.388721711,T,TGT,F I,13,91.55
2025-11-11,9:43:18.389190892,T,TGT,I,3,91.53
2025-11-11,9:43:18.392089800,T,TGT,F,100,91.53
2025-11-11,9:43:18.394733124,T,TGT,F I,11,91.53
2025-11-11,9:43:18.394733124,T,TGT,F I,3,91.53
2025-11-11,9:43:18.394736181,T,TGT,F I,2,91.53
2025-11-11,9:43:18.394739078,T,TGT,F I,2,91.54
2025-11-11,9:43:18.394742152,T,TGT,F I,36,91.55
2025-11-11,9:43:18.394742152,T,TGT,F I,36,91.55
2025-11-11,9:43:18.394745393,T,TGT,F I,10,91.55
2025-11-11,9:43:18.399601798,T,TGT,F,100,91.58
2025-11-11,9:43:18.399601798,T,TGT,F,100,91.58
2025-11-11,9:43:18.399619769,T,TGT,F I,36,91.59
2025-11-11,9:43:18.399619769,T,TGT,F I,36,91.59
2025-11-11,9:43:18.399622874,T,TGT,F I,6,91.59
2025-11-11,9:43:18.399622874,T,TGT,F I,10,91.59
2025-11-11,9:43:18.399625767,T,TGT,F I,11,91.59
2025-11-11,9:43:18.399629810,T,TGT,F I,11,91.6
2025-11-11,9:43:18.399629810,T,TGT,F I,1,91.6
2025-11-11,9:43:18.399631726,T,TGT,F I,89,91.6
2025-11-11,9:43:18.399658866,T,TGT,F I,75,91.56
2025-11-11,9:43:18.399670834,T,TGT,F I,25,91.56
2025-11-11,9:43:18.399673792,T,TGT,F I,43,91.56
2025-11-11,9:43:18.400293332,T,TGT,,300,91.54
2025-11-11,9:43:18.400338463,T,TGT,,100,91.56
2025-11-11,9:43:18.400582784,T,TGT,I,14,91.53
2025-11-11,9:43:18.400582784,T,TGT,I,29,91.53
2025-11-11,9:43:18.400582784,T,TGT,,100,91.53
2025-11-11,9:43:18.400621112,T,TGT,I,75,91.53
2025-11-11,9:43:18.407068506,T,TGT,F I,27,91.54
2025-11-11,9:43:18.407068506,T,TGT,F I,27,91.54
2025-11-11,9:43:18.407068506,T,TGT,F I,2,91.54
2025-11-11,9:43:18.407072251,T,TGT,F I,75,91.54
2025-11-11,9:43:18.407072251,T,TGT,F I,69,91.54
2025-11-11,9:43:18.407967633,T,TGT,F I,31,91.54
2025-11-11,9:43:18.414643507,T,TGT,F,100,91.56
2025-11-11,9:43:18.417823287,T,TGT,F I,11,91.57
2025-11-11,9:43:18.417823287,T,TGT,F I,36,91.57
2025-11-11,9:43:18.417828069,T,TGT,F I,36,91.57
2025-11-11,9:43:18.417828069,T,TGT,F I,17,91.57
2025-11-11,9:43:18.417879191,T,TGT,F I,3,91.55
2025-11-11,9:43:18.417882262,T,TGT,F I,27,91.55
2025-11-11,9:43:18.421707355,T,TGT,F,100,91.56
2025-11-11,9:43:18.422558682,T,TGT,F I,3,91.56
2025-11-11,9:43:18.422558682,T,TGT,F I,6,91.56
2025-11-11,9:43:18.422561538,T,TGT,F I,12,91.56
2025-11-11,9:43:18.422564435,T,TGT,F I,21,91.56
2025-11-11,9:43:18.422564435,T,TGT,F I,11,91.56
2025-11-11,9:43:18.426985140,T,TGT,F I,14,91.52
2025-11-11,9:43:18.426987880,T,TGT,F I,29,91.52
2025-11-11,9:43:18.426987880,T,TGT,F I,11,91.52
2025-11-11,9:43:18.427799810,T,TGT,I,3,91.51
2025-11-11,9:43:22.926719133,T,TGT,F I,25,91.51
2025-11-11,9:43:22.926722163,T,TGT,F I,25,91.52
2025-11-11,9:43:22.961388645,T,TGT,I,51,91.52
2025-11-11,9:43:23.787751543,T,TGT,I,25,91.52
2025-11-11,9:43:23.787754482,T,TGT,I,3,91.53
2025-11-11,9:43:31.466149318,T,TGT,I,39,91.47
2025-11-11,9:43:31.466169633,T,TGT,F I,61,91.47
2025-11-11,9:43:31.466169633,T,TGT,F I,2,91.47
2025-11-11,9:43:31.777669652,T,TGT,I,1,91.475
2025-11-11,9:43:34.334018202,T,TGT,I,1,91.45
2025-11-11,9:43:34.334018202,T,TGT,I,91,91.45
2025-11-11,9:43:34.502184560,T,TGT,F I,35,91.45
2025-11-11,9:43:34.502184560,T,TGT,F I,26,91.45
2025-11-11,9:43:34.712686076,T,TGT,F I,3,91.45
2025-11-11,9:43:37.699287347,T,TGT,I,35,91.41
2025-11-11,9:43:40.501137558,T,TGT,I,1,91.43
2025-11-11,9:43:52.986706560,T,TGT,F,100,91.4
2025-11-11,9:43:52.986706560,T,TGT,F I,30,91.4
2025-11-11,9:43:52.986709409,T,TGT,F I,35,91.4
2025-11-11,9:43:52.986712370,T,TGT,F I,5,91.4
2025-11-11,9:43:52.986712370,T,TGT,F I,5,91.4
2025-11-11,9:43:54.630181731,T,TGT,F I,7,91.41
2025-11-11,9:43:54.630497465,T,TGT,F I,1,91.41
2025-11-11,9:43:54.630500456,T,TGT,F I,1,91.41
2025-11-11,9:43:54.630792210,T,TGT,F I,1,91.41
2025-11-11,9:44:03.208271191,T,TGT,I,8,91.4
2025-11-11,9:44:06.500283233,T,TGT,I,73,91.415
2025-11-11,9:44:20.878573230,T,TGT,I,1,91.43
2025-11-11,9:44:23.222847225,T,TGT,I,11,91.44
2025-11-11,9:44:24.567894755,T,TGT,I,1,91.45
2025-11-11,9:44:24.567900716,T,TGT,I,10,91.45
2025-11-11,9:44:38.283011815,T,TGT,I,75,91.435
2025-11-11,9:44:41.131307625,T,TGT,I,1,91.445
2025-11-11,9:44:47.204134533,T,TGT,F I,75,91.43
2025-11-11,9:44:47.204137500,T,TGT,F I,25,91.43
2025-11-11,9:44:47.204453299,T,TGT,I,75,91.42
2025-11-11,9:44:54.361594502,T,TGT,F,100,91.41
2025-11-11,9:44:54.361594502,T,TGT,F I,85,91.41
2025-11-11,9:44:54.361597585,T,TGT,F,100,91.41
2025-11-11,9:44:54.361597585,T,TGT,F I,5,91.41
2025-11-11,9:44:54.361624776,T,TGT,I,1,91.4
2025-11-11,9:44:54.361624776,T,TGT,I,1,91.4
2025-11-11,9:44:54.361631266,T,TGT,I,1,91.4
2025-11-11,9:44:54.361631266,T,TGT,I,2,91.4
2025-11-11,9:44:54.561561914,T,TGT,I,1,91.36
2025-11-11,9:44:54.561561914,T,TGT,I,46,91.36
2025-11-11,9:44:54.561655153,T,TGT,I,26,91.36
2025-11-11,9:44:56.247149678,T,TGT,F,100,91.33
2025-11-11,9:44:57.332618744,T,TGT,F I,19,91.3
2025-11-11,9:45:07.774326183,T,TGT,F I,11,91.34
2025-11-11,9:45:08.040649662,T,TGT,F I,12,91.34
2025-11-11,9:45:12.541108588,T,TGT,F I,30,91.28
2025-11-11,9:45:21.485527799,T,TGT,I,1,91.32
2025-11-11,9:45:30.916214423,T,TGT,F,100,91.26
2025-11-11,9:45:30.916217510,T,TGT,F I,20,91.26
2025-11-11,9:45:30.916217510,T,TGT,F I,63,91.26
2025-11-11,9:45:30.916220510,T,TGT,F,100,91.26
2025-11-11,9:45:30.916845996,T,TGT,I,1,91.25
2025-11-11,9:45:30.916879089,T,TGT,I,1,91.25
2025-11-11,9:45:30.926817748,T,TGT,I,17,91.26
2025-11-11,9:45:33.752586855,T,TGT,I,10,91.22
2025-11-11,9:45:33.821874954,T,TGT,I,12,91.24
2025-11-11,9:45:34.508055972,T,TGT,I,11,91.24
2025-11-11,9:45:34.508055972,T,TGT,I,89,91.24
2025-11-11,9:45:34.508076777,T,TGT,I,1,91.24
2025-11-11,9:45:34.508085744,T,TGT,F I,10,91.24
2025-11-11,9:45:34.508091831,T,TGT,F I,11,91.24
2025-11-11,9:45:34.508091831,T,TGT,F I,1,91.24
2025-11-11,9:45:34.508642163,T,TGT,F I,25,91.25
2025-11-11,9:45:35.425857289,T,TGT,F I,10,91.24
2025-11-11,9:45:35.425860374,T,TGT,F I,13,91.24
2025-11-11,9:45:40.507282637,T,TGT,I,1,91.25
2025-11-11,9:45:40.507328091,T,TGT,I,8,91.25
2025-11-11,9:45:40.507328091,T,TGT,I,13,91.25
2025-11-11,9:45:40.821690831,T,TGT,I,68,91.25
2025-11-11,9:45:40.821907303,T,TGT,I,3,91.24
2025-11-11,9:45:47.549411993,T,TGT,F I,5,91.23
2025-11-11,9:45:47.549411993,T,TGT,F I,26,91.23
2025-11-11,9:45:51.040179470,T,TGT,F I,70,91.2
2025-11-11,9:45:51.040182377,T,TGT,F I,11,91.19
2025-11-11,9:45:51.040185477,T,TGT,F I,3,91.19
2025-11-11,9:45:51.040209479,T,TGT,F I,4,91.21
2025-11-11,9:45:52.059893843,T,TGT,F I,11,91.24
2025-11-11,9:45:52.060305796,T,TGT,F I,6,91.23
2025-11-11,9:45:52.060335906,T,TGT,I,4,91.23
2025-11-11,9:45:54.910517480,T,TGT,F I,73,91.28
2025-11-11,9:45:54.910520190,T,TGT,F I,11,91.28
2025-11-11,9:45:56.337810576,T,TGT,F I,25,91.33
2025-11-11,9:45:57.809432591,T,TGT,F I,19,91.33
2025-11-11,9:45:59.894356759,T,TGT,F I,60,91.33
2025-11-11,9:45:59.894359740,T,TGT,F I,15,91.33
2025-11-11,9:46:03.551838458,T,TGT,I,14,91.33
2025-11-11,9:46:19.900447382,T,TGT,I,4,91.3
2025-11-11,9:46:19.900447382,T,TGT,I,10,91.3
2025-11-11,9:46:19.900509619,T,TGT,I,10,91.29
2025-11-11,9:46:28.388732965,T,TGT,I,75,91.31
2025-11-11,9:46:28.703056871,T,TGT,I,54,91.31
2025-11-11,9:46:30.529909095,T,TGT,I,1,91.31
2025-11-11,9:46:37.478659832,T,TGT,I,10,91.29
2025-11-11,9:46:37.478819373,T,TGT,,100,91.29
2025-11-11,9:46:41.592184567,T,TGT,F I,1,91.3
2025-11-11,9:46:41.592186980,T,TGT,F I,74,91.3
2025-11-11,9:46:41.592253157,T,TGT,F I,1,91.3
2025-11-11,9:46:41.600880626,T,TGT,F I,63,91.31
2025-11-11,9:46:41.600883663,T,TGT,F I,12,91.31
2025-11-11,9:46:41.600922770,T,TGT,F I,19,91.31
2025-11-11,9:46:41.686654013,T,TGT,I,1,91.305
2025-11-11,9:46:42.475854234,T,TGT,I,2,91.31
2025-11-11,9:46:42.497343420,T,TGT,I,4,91.31
2025-11-11,9:46:42.508758636,T,TGT,I,8,91.31
2025-11-11,9:46:42.520904519,T,TGT,I,16,91.31
2025-11-11,9:46:44.720497899,T,TGT,F I,8,91.31
2025-11-11,9:46:44.794804889,T,TGT,,100,91.3
2025-11-11,9:46:45.151132878,T,TGT,,100,91.3
2025-11-11,9:46:52.206060683,T,TGT,F I,70,91.27
2025-11-11,9:46:59.859263722,T,TGT,I,50,91.27
2025-11-11,9:47:12.725717743,T,TGT,I,2,91.28
2025-11-11,9:47:12.725737963,T,TGT,F I,27,91.28
2025-11-11,9:47:12.725737963,T,TGT,F I,30,91.28
2025-11-11,9:47:12.725740818,T,TGT,F I,95,91.28
2025-11-11,9:47:12.725816133,T,TGT,I,1,91.27
2025-11-11,9:47:12.725816133,T,TGT,,100,91.27
2025-11-11,9:47:12.725837161,T,TGT,F,100,91.27
2025-11-11,9:47:12.725906216,T,TGT,F I,23,91.27
2025-11-11,9:47:12.725924267,T,TGT,F I,11,91.27
2025-11-11,9:47:12.725933470,T,TGT,F I,66,91.27
2025-11-11,9:47:12.725933470,T,TGT,F I,23,91.28
2025-11-11,9:47:12.725936319,T,TGT,F I,11,91.28
2025-11-11,9:47:12.725996429,T,TGT,I,23,91.27
2025-11-11,9:47:12.725996429,T,TGT,I,23,91.27
2025-11-11,9:47:12.726255116,T,TGT,,103,91.27
2025-11-11,9:47:12.726279105,T,TGT,,100,91.27
2025-11-11,9:47:12.726309899,T,TGT,,100,91.27
2025-11-11,9:47:12.726309899,T,TGT,I,62,91.27
2025-11-11,9:47:12.726315250,T,TGT,,400,91.27
2025-11-11,9:47:12.726748252,T,TGT,F I,4,91.28
2025-11-11,9:47:12.807908612,T,TGT,I,12,91.29
2025-11-11,9:47:15.770933808,T,TGT,F I,4,91.27
2025-11-11,9:47:16.582152413,T,TGT,F I,4,91.25
2025-11-11,9:47:16.582155512,T,TGT,F I,2,91.25
2025-11-11,9:47:16.582173431,T,TGT,F I,94,91.25
2025-11-11,9:47:16.582176496,T,TGT,F I,24,91.25
2025-11-11,9:47:16.582251717,T,TGT,I,1,91.23
2025-11-11,9:47:16.677317125,T,TGT,F I,1,91.245
2025-11-11,9:47:16.677320209,T,TGT,F I,50,91.25
2025-11-11,9:47:18.985830362,T,TGT,F I,1,91.23
2025-11-11,9:47:18.985836463,T,TGT,F,111,91.23
2025-11-11,9:47:18.985838968,T,TGT,F,112,91.23
2025-11-11,9:47:18.985850984,T,TGT,F,277,91.23
2025-11-11,9:47:18.986221097,T,TGT,F I,7,91.22
2025-11-11,9:47:19.892366690,T,TGT,I,1,91.18
2025-11-11,9:47:19.967775012,T,TGT,F I,8,91.18
2025-11-11,9:47:19.967777361,T,TGT,F I,10,91.18
2025-11-11,9:47:25.242466862,T,TGT,F I,10,91.23
2025-11-11,9:47:25.242469862,T,TGT,F,100,91.23
2025-11-11,9:47:25.242614151,T,TGT,F I,10,91.24
2025-11-11,9:47:25.242671330,T,TGT,I,30,91.22
2025-11-11,9:47:25.243601324,T,TGT,,100,91.21
2025-11-11,9:47:25.243601324,T,TGT,I,22,91.21
2025-11-11,9:47:25.243606618,T,TGT,I,11,91.21
2025-11-11,9:47:25.243606618,T,TGT,I,27,91.21
2025-11-11,9:47:25.245528104,T,TGT,,100,91.23
2025-11-11,9:47:27.993913904,T,TGT,I,2,91.21
2025-11-11,9:47:28.294371724,T,TGT,I,92,91.19
2025-11-11,9:47:28.294389757,T,TGT,I,1,91.19
2025-11-11,9:47:28.294510096,T,TGT,F I,4,91.21
2025-11-11,9:47:32.019138680,T,TGT,F,100,91.23
2025-11-11,9:47:32.532065018,T,TGT,F I,4,91.24
2025-11-11,9:47:32.532065018,T,TGT,F I,26,91.24
2025-11-11,9:47:32.532897936,T,TGT,I,38,91.23
2025-11-11,9:47:32.532897936,T,TGT,I,18,91.23
2025-11-11,9:47:33.640270792,T,TGT,F I,70,91.21
2025-11-11,9:47:33.640273825,T,TGT,F I,26,91.21
2025-11-11,9:47:38.208207547,T,TGT,F I,28,91.225
2025-11-11,9:47:38.208207547,T,TGT,F I,70,91.21
2025-11-11,9:47:38.208210560,T,TGT,F I,2,91.2
2025-11-11,9:47:38.208529360,T,TGT,I,34,91.21
2025-11-11,9:47:42.252657076,T,TGT,I,26,91.19
2025-11-11,9:47:44.034089220,T,TGT,F,100,91.18
2025-11-11,9:47:44.034224509,T,TGT,I,27,91.18
2025-11-11,9:47:48.073501885,T,TGT,I,1,91.16
2025-11-11,9:47:48.073505158,T,TGT,I,37,91.16
2025-11-11,9:47:48.073523292,T,TGT,F I,63,91.16
2025-11-11,9:47:48.073523292,T,TGT,F I,41,91.16
2025-11-11,9:47:48.073529789,T,TGT,F I,10,91.16
2025-11-11,9:47:48.073529789,T,TGT,F I,1,91.16
2025-11-11,9:47:48.073529789,T,TGT,F I,10,91.16
2025-11-11,9:47:48.073532241,T,TGT,F,100,91.16
2025-11-11,9:47:48.074350141,T,TGT,F,100,91.18
2025-11-11,9:47:48.074350141,T,TGT,F I,10,91.18
2025-11-11,9:47:48.074373971,T,TGT,I,1,91.18
2025-11-11,9:47:51.732619445,T,TGT,I,33,91.21
2025-11-11,9:47:54.804976123,T,TGT,F I,75,91.18
2025-11-11,9:47:54.804976123,T,TGT,F I,25,91.17
2025-11-11,9:48:00.416001855,T,TGT,F,100,91.17
2025-11-11,9:48:00.416359713,T,TGT,I,31,91.16
2025-11-11,9:48:08.785189707,T,TGT,I,89,91.21
2025-11-11,9:48:08.785217008,T,TGT,F I,31,91.21
2025-11-11,9:48:08.785219721,T,TGT,F I,25,91.21
2025-11-11,9:48:09.362622550,T,TGT,F,100,91.17
2025-11-11,9:48:09.362625625,T,TGT,F I,69,91.17
2025-11-11,9:48:09.362929349,T,TGT,F I,1,91.15
2025-11-11,9:48:09.367286728,T,TGT,F I,54,91.13
2025-11-11,9:48:09.556040528,T,TGT,F I,11,91.03
2025-11-11,9:48:09.556040528,T,TGT,F I,10,91.03
2025-11-11,9:48:14.796270702,T,TGT,F I,6,91.02
2025-11-11,9:48:14.796273716,T,TGT,F I,2,91.02
2025-11-11,9:48:14.796294583,T,TGT,F I,1,91.02
2025-11-11,9:48:14.796595190,T,TGT,I,3,91.02
2025-11-11,9:48:14.796595190,T,TGT,I,3,91.02
2025-11-11,9:48:14.796640331,T,TGT,F I,18,91.02
2025-11-11,9:48:16.843460787,T,TGT,F I,12,91.01
2025-11-11,9:48:17.038120834,T,TGT,F I,4,91.0
2025-11-11,9:48:17.038123552,T,TGT,F,100,91.0
2025-11-11,9:48:17.038126490,T,TGT,F I,8,91.0
2025-11-11,9:48:17.038126490,T,TGT,F I,92,91.0
2025-11-11,9:48:17.038129715,T,TGT,F I,20,91.0
2025-11-11,9:48:17.038129715,T,TGT,F I,46,91.0
2025-11-11,9:48:17.039254267,T,TGT,I,22,91.0
2025-11-11,9:48:17.062914568,T,TGT,I,1,90.95
2025-11-11,9:48:22.879801775,T,TGT,F I,50,90.98
2025-11-11,9:48:30.702305745,T,TGT,F I,10,90.95
2025-11-11,9:48:30.702305745,T,TGT,F I,7,90.95
2025-11-11,9:48:30.702308346,T,TGT,F I,83,90.94
2025-11-11,9:48:30.702642238,T,TGT,I,17,90.94
2025-11-11,9:48:30.702645188,T,TGT,I,11,90.94
2025-11-11,9:48:33.086466322,T,TGT,F I,5,90.95
2025-11-11,9:48:35.073332909,T,TGT,I,10,90.94
2025-11-11,9:48:35.143893030,T,TGT,I,51,90.95
2025-11-11,9:48:37.919755774,T,TGT,F I,2,90.95
2025-11-11,9:48:37.919759010,T,TGT,F I,70,90.95
2025-11-11,9:48:37.919759010,T,TGT,F I,10,90.93
2025-11-11,9:48:37.919764280,T,TGT,F I,18,90.93
2025-11-11,9:48:39.383327092,T,TGT,F I,70,90.94
2025-11-11,9:48:39.383327092,T,TGT,F I,30,90.93
2025-11-11,9:48:39.383669880,T,TGT,I,28,90.93
2025-11-11,9:48:39.587633902,T,TGT,I,2,90.93
2025-11-11,9:48:40.193754809,T,TGT,I,1,90.975
2025-11-11,9:48:48.317678399,T,TGT,F I,12,90.96
2025-11-11,9:48:53.208876364,T,TGT,F I,55,91.05
2025-11-11,9:48:53.208882947,T,TGT,F I,3,91.05
2025-11-11,9:48:53.208933530,T,TGT,F I,42,91.05
2025-11-11,9:48:53.208933530,T,TGT,F I,10,91.06
2025-11-11,9:48:53.208936712,T,TGT,F I,34,91.06
2025-11-11,9:48:53.208963965,T,TGT,F I,11,91.07
2025-11-11,9:48:53.208967305,T,TGT,F I,10,91.07
2025-11-11,9:48:53.208969479,T,TGT,F I,4,91.07
2025-11-11,9:48:53.209306684,T,TGT,F I,11,91.08
2025-11-11,9:48:53.209309255,T,TGT,F I,1,91.08
2025-11-11,9:48:53.209312209,T,TGT,F I,4,91.08
2025-11-11,9:48:53.209556426,T,TGT,I,34,91.05
2025-11-11,9:48:53.209597948,T,TGT,I,10,91.05
2025-11-11,9:48:53.209597948,T,TGT,I,11,91.05
2025-11-11,9:48:53.209604013,T,TGT,I,5,91.07
2025-11-11,9:48:53.209646049,T,TGT,,100,91.06
2025-11-11,9:48:53.209703153,T,TGT,,100,91.06
2025-11-11,9:48:53.209727227,T,TGT,F I,17,91.08
2025-11-11,9:48:53.209727227,T,TGT,F I,4,91.09
2025-11-11,9:48:53.209731087,T,TGT,I,1,91.06
2025-11-11,9:48:53.209745281,T,TGT,I,4,91.08
2025-11-11,9:48:53.209754269,T,TGT,I,4,91.06
2025-11-11,9:48:53.209778319,T,TGT,F I,17,91.08
2025-11-11,9:48:53.209790403,T,TGT,I,11,91.06
2025-11-11,9:48:53.209799762,T,TGT,F I,4,91.06
2025-11-11,9:48:53.209799762,T,TGT,F I,17,91.06
2025-11-11,9:48:53.209815004,T,TGT,F I,17,91.06
2025-11-11,9:48:53.209817706,T,TGT,F I,34,91.06
2025-11-11,9:48:53.209868809,T,TGT,I,11,91.05
2025-11-11,9:48:53.209877848,T,TGT,,100,91.06
2025-11-11,9:48:53.209877848,T,TGT,F I,4,91.06
2025-11-11,9:48:53.209889646,T,TGT,I,24,91.06
2025-11-11,9:48:53.209904678,T,TGT,F I,24,91.06
2025-11-11,9:48:53.209913637,T,TGT,I,76,91.06
2025-11-11,9:48:53.209967766,T,TGT,I,11,91.05
2025-11-11,9:48:53.209970784,T,TGT,I,23,91.05
2025-11-11,9:48:53.209970784,T,TGT,I,17,91.05
2025-11-11,9:48:53.209973895,T,TGT,F I,23,91.06
2025-11-11,9:48:53.210051989,T,TGT,I,11,91.06
2025-11-11,9:48:53.210112244,T,TGT,F I,3,91.06
2025-11-11,9:48:53.210121204,T,TGT,I,7,91.06
2025-11-11,9:48:53.210205607,T,TGT,F I,4,91.06
2025-11-11,9:48:53.210208408,T,TGT,F I,1,91.06
2025-11-11,9:48:53.210253459,T,TGT,F I,2,91.06
2025-11-11,9:48:53.210289594,T,TGT,,100,91.05
2025-11-11,9:48:53.210340719,T,TGT,I,1,91.07
2025-11-11,9:48:53.210340719,T,TGT,F I,5,91.07
2025-11-11,9:48:53.210346718,T,TGT,F I,1,91.07
2025-11-11,9:48:53.210356307,T,TGT,I,57,91.07
2025-11-11,9:48:53.210424857,T,TGT,I,27,91.07
2025-11-11,9:48:53.210427966,T,TGT,I,1,91.06
2025-11-11,9:48:53.210449153,T,TGT,F I,16,91.07
2025-11-11,9:48:53.210452108,T,TGT,F I,1,91.07
2025-11-11,9:48:53.210452108,T,TGT,F I,3,91.07
2025-11-11,9:48:53.210466981,T,TGT,I,11,91.06
2025-11-11,9:48:53.210469980,T,TGT,F I,1,91.06
2025-11-11,9:48:53.210473036,T,TGT,F I,3,91.06
2025-11-11,9:48:53.210491028,T,TGT,I,81,91.06
2025-11-11,9:48:53.210494397,T,TGT,I,19,91.06
2025-11-11,9:48:53.210494397,T,TGT,I,81,91.06
2025-11-11,9:48:53.210563476,T,TGT,F I,25,91.07
2025-11-11,9:48:53.210629440,T,TGT,I,4,91.07
2025-11-11,9:48:53.210629440,T,TGT,I,19,91.06
2025-11-11,9:48:53.210990278,T,TGT,I,11,91.06
2025-11-11,9:48:53.211257871,T,TGT,I,24,91.06
2025-11-11,9:48:53.211293997,T,TGT,F I,75,91.07
2025-11-11,9:48:53.213997502,T,TGT,I,1,91.06
2025-11-11,9:48:53.217266263,T,TGT,F I,2,91.06
2025-11-11,9:48:55.741500932,T,TGT,I,1,91.05
2025-11-11,9:49:00.925515488,T,TGT,F,100,91.0
2025-11-11,9:49:00.945964328,T,TGT,I,24,90.99
2025-11-11,9:49:00.945964328,T,TGT,I,2,90.99
2025-11-11,9:49:00.945982612,T,TGT,F I,57,90.99
2025-11-11,9:49:00.946709905,T,TGT,I,27,90.99
2025-11-11,9:49:04.816644567,T,TGT,I,4,90.94
2025-11-11,9:49:04.816662621,T,TGT,F I,6,90.94
2025-11-11,9:49:04.868079190,T,TGT,I,20,90.96
2025-11-11,9:49:07.117660617,T,TGT,F I,41,90.92
2025-11-11,9:49:11.617178244,T,TGT,I,40,90.93
2025-11-11,9:49:11.617181238,T,TGT,I,1,90.92
2025-11-11,9:49:16.258252271,T,TGT,F,100,91.02
2025-11-11,9:49:17.737220699,T,TGT,I,1,91.05
2025-11-11,9:49:17.737238781,T,TGT,F,100,91.05
2025-11-11,9:49:22.431973316,T,TGT,I,30,91.01
2025-11-11,9:49:22.431975642,T,TGT,I,70,91.0
2025-11-11,9:49:22.431990939,T,TGT,I,1,91.0
2025-11-11,9:49:22.431990939,T,TGT,F I,29,91.0
2025-11-11,9:49:22.496530611,T,TGT,F I,44,90.99
2025-11-11,9:49:22.496533438,T,TGT,F I,26,90.99
2025-11-11,9:49:22.496533438,T,TGT,F I,5,90.99
2025-11-11,9:49:26.318046798,T,TGT,F I,21,90.98
2025-11-11,9:49:28.390659728,T,TGT,F I,10,91.06
2025-11-11,9:49:28.390684147,T,TGT,I,10,91.07
2025-11-11,9:49:28.390689699,T,TGT,I,2,91.07
2025-11-11,9:49:28.390719791,T,TGT,F I,10,91.08
2025-11-11,9:49:28.391170847,T,TGT,F I,80,91.09
2025-11-11,9:49:28.391200982,T,TGT,F I,4,91.1
2025-11-11,9:49:33.400378828,T,TGT,F I,2,91.11
2025-11-11,9:49:33.400378828,T,TGT,F I,8,91.11
2025-11-11,9:49:33.400405955,T,TGT,F I,10,91.12
2025-11-11,9:49:33.400409231,T,TGT,F I,11,91.12
2025-11-11,9:49:33.400430060,T,TGT,F,100,91.11
2025-11-11,9:49:33.400451066,T,TGT,I,1,91.12
2025-11-11,9:49:33.400478895,T,TGT,I,99,91.12
2025-11-11,9:49:33.400478895,T,TGT,,100,91.12
2025-11-11,9:49:33.400481285,T,TGT,,101,91.12
2025-11-11,9:49:33.400508636,T,TGT,F I,10,91.13
2025-11-11,9:49:33.400508636,T,TGT,F I,11,91.13
2025-11-11,9:49:33.400511173,T,TGT,F I,99,91.12
2025-11-11,9:49:33.400551260,T,TGT,F I,18,91.12
2025-11-11,9:49:33.400571287,T,TGT,I,18,91.12
2025-11-11,9:49:33.400601462,T,TGT,F,100,91.13
2025-11-11,9:49:33.400610474,T,TGT,F I,18,91.13
2025-11-11,9:49:33.400619593,T,TGT,I,1,91.13
2025-11-11,9:49:33.400631638,T,TGT,F I,10,91.13
2025-11-11,9:49:33.400703643,T,TGT,I,5,91.13
2025-11-11,9:49:33.400706622,T,TGT,I,82,91.13
2025-11-11,9:49:33.400712664,T,TGT,F I,11,91.14
2025-11-11,9:49:33.400724739,T,TGT,F I,38,91.13
2025-11-11,9:49:33.400748754,T,TGT,I,5,91.14
2025-11-11,9:49:33.400751753,T,TGT,I,57,91.14
2025-11-11,9:49:33.401933545,T,TGT,I,13,91.14
2025-11-11,9:49:33.913990832,T,TGT,F I,1,91.15
2025-11-11,9:49:33.913993553,T,TGT,F,100,91.15
2025-11-11,9:49:33.913996518,T,TGT,F I,1,91.15
2025-11-11,9:49:33.914107851,T,TGT,F I,2,91.16
2025-11-11,9:49:33.914110771,T,TGT,F I,11,91.16
2025-11-11,9:49:33.914480753,T,TGT,I,14,91.14
2025-11-11,9:49:33.914688158,T,TGT,I,14,91.13
2025-11-11,9:49:33.914730260,T,TGT,I,25,91.13
2025-11-11,9:49:33.914787403,T,TGT,I,11,91.15
2025-11-11,9:49:33.914805437,T,TGT,,100,91.13
2025-11-11,9:49:34.318643520,T,TGT,F I,14,91.15
2025-11-11,9:49:40.833671048,T,TGT,I,7,91.13
2025-11-11,9:49:44.456209443,T,TGT,F I,11,91.16
2025-11-11,9:49:44.456236556,T,TGT,F I,75,91.16
2025-11-11,9:49:44.456293715,T,TGT,F I,75,91.16
2025-11-11,9:49:44.456314700,T,TGT,F I,1,91.16
2025-11-11,9:49:44.456669561,T,TGT,I,38,91.165
2025-11-11,9:49:52.735395953,T,TGT,F I,75,91.17
2025-11-11,9:49:52.735395953,T,TGT,F I,1,91.18
2025-11-11,9:49:52.735398980,T,TGT,F I,10,91.18
2025-11-11,9:49:52.735402821,T,TGT,F,127,91.18
2025-11-11,9:49:52.735402821,T,TGT,F I,37,91.18
2025-11-11,9:49:52.735413871,T,TGT,I,4,91.18
2025-11-11,9:49:53.167766015,T,TGT,F I,75,91.16
2025-11-11,9:50:04.187618701,T,TGT,F I,1,91.12
2025-11-11,9:50:04.187618701,T,TGT,F I,5,91.12
2025-11-11,9:50:04.187622450,T,TGT,F I,19,91.12
2025-11-11,9:50:04.187624854,T,TGT,F I,10,91.11
2025-11-11,9:50:04.187627729,T,TGT,F I,5,91.11
2025-11-11,9:50:04.208055467,T,TGT,I,11,91.06
2025-11-11,9:50:04.208699390,T,TGT,F I,37,91.1
2025-11-11,9:50:11.799410144,T,TGT,F I,57,91.1
2025-11-11,9:50:24.162100044,T,TGT,I,10,91.2
2025-11-11,9:50:33.435918077,T,TGT,F I,1,91.21
2025-11-11,9:50:33.436399229,T,TGT,I,37,91.19
2025-11-11,9:50:33.436444379,T,TGT,,100,91.19
2025-11-11,9:50:33.437283371,T,TGT,F I,11,91.18
2025-11-11,9:50:33.437322456,T,TGT,,100,91.17
2025-11-11,9:50:33.437322456,T,TGT,I,11,91.17
2025-11-11,9:50:33.707750776,T,TGT,I,29,91.16
2025-11-11,9:50:34.442545277,T,TGT,I,29,91.16
2025-11-11,9:50:34.442566979,T,TGT,I,12,91.16
2025-11-11,9:50:34.442569417,T,TGT,I,17,91.165
2025-11-11,9:50:34.501879916,T,TGT,F I,2,91.14
2025-11-11,9:50:34.615580551,T,TGT,I,5,91.13
2025-11-11,9:50:34.615601648,T,TGT,I,15,91.13
2025-11-11,9:50:40.156268920,T,TGT,I,20,91.15
2025-11-11,9:50:40.156283953,T,TGT,I,20,91.15
2025-11-11,9:50:40.156290194,T,TGT,F I,50,91.15
2025-11-11,9:50:40.156290194,T,TGT,F I,50,91.16
2025-11-11,9:50:45.488067619,T,TGT,F I,3,91.12
2025-11-11,9:50:45.488073642,T,TGT,F I,75,91.12
2025-11-11,9:50:48.088594125,T,TGT,F I,1,91.11
2025-11-11,9:50:58.459073819,T,TGT,F I,90,91.11
2025-11-11,9:51:05.641457118,T,TGT,I,1,91.15
2025-11-11,9:51:05.641460196,T,TGT,I,10,91.16
2025-11-11,9:51:06.194763334,T,TGT,F I,10,91.13
2025-11-11,9:51:06.194769340,T,TGT,F I,90,91.13
2025-11-11,9:51:06.194772398,T,TGT,F I,10,91.13
2025-11-11,9:51:06.194775334,T,TGT,F,100,91.13
2025-11-11,9:51:06.195199376,T,TGT,F I,76,91.11
2025-11-11,9:51:06.200633344,T,TGT,I,70,91.13
2025-11-11,9:51:06.639829895,T,TGT,F,100,91.1
2025-11-11,9:51:13.965838265,T,TGT,I,10,91.12
2025-11-11,9:51:17.165007006,T,TGT,I,13,91.12
2025-11-11,9:51:18.366257840,T,TGT,I,13,91.12
2025-11-11,9:51:38.298395421,T,TGT,F,100,91.11
2025-11-11,9:51:42.291587856,T,TGT,I,17,91.1
2025-11-11,9:51:42.291608936,T,TGT,F I,11,91.1
2025-11-11,9:51:42.291608936,T,TGT,F,100,91.1
2025-11-11,9:51:44.364357488,T,TGT,I,70,91.09
2025-11-11,9:51:44.364357488,T,TGT,I,30,91.07
2025-11-11,9:51:44.364387063,T,TGT,F I,44,91.1
2025-11-11,9:51:44.960536468,T,TGT,F I,1,91.12
2025-11-11,9:51:44.960536468,T,TGT,F I,74,91.12
2025-11-11,9:51:44.960590468,T,TGT,F I,26,91.12
2025-11-11,9:51:44.963964512,T,TGT,I,1,91.08
2025-11-11,9:51:44.964012664,T,TGT,I,5,91.1
2025-11-11,9:51:44.984668860,T,TGT,,100,91.09
2025-11-11,9:51:44.984671832,T,TGT,I,43,91.09
2025-11-11,9:51:44.984689944,T,TGT,I,1,91.09
2025-11-11,9:51:47.358413056,T,TGT,F I,12,91.1
2025-11-11,9:51:47.358413056,T,TGT,F I,14,91.1
2025-11-11,9:51:49.425937778,T,TGT,F I,75,91.11
2025-11-11,9:52:01.271200184,T,TGT,F,100,91.07
2025-11-11,9:52:01.271215024,T,TGT,I,1,91.07
2025-11-11,9:52:01.271215024,T,TGT,F I,2,91.07
2025-11-11,9:52:02.156581316,T,TGT,F I,5,91.04
2025-11-11,9:52:02.157044789,T,TGT,F I,15,91.06
2025-11-11,9:52:02.157122580,T,TGT,F,100,91.06
2025-11-11,9:52:02.157405326,T,TGT,F I,15,91.06
2025-11-11,9:52:02.157435423,T,TGT,F I,75,91.06
2025-11-11,9:52:02.170471465,T,TGT,I,1,91.04
2025-11-11,9:52:02.170474419,T,TGT,I,70,91.04
2025-11-11,9:52:02.173388364,T,TGT,I,70,91.04
2025-11-11,9:52:02.173415491,T,TGT,F I,30,91.04
2025-11-11,9:52:02.175929572,T,TGT,I,75,91.04
2025-11-11,9:52:03.967450512,T,TGT,F I,13,91.08
2025-11-11,9:52:18.669780338,T,TGT,F,100,91.03
2025-11-11,9:52:20.513641182,T,TGT,F I,7,91.03
2025-11-11,9:52:32.841628500,T,TGT,F I,2,91.07
2025-11-11,9:52:32.841649664,T,TGT,F I,10,91.08
2025-11-11,9:52:32.956995419,T,TGT,,200,91.1
2025-11-11,9:52:32.956998780,T,TGT,,200,91.1
2025-11-11,9:52:32.957001472,T,TGT,,200,91.1
2025-11-11,9:52:32.957016494,T,TGT,F,100,91.11
2025-11-11,9:52:38.594715959,T,TGT,I,14,91.14
2025-11-11,9:52:39.132992326,T,TGT,I,4,91.15
2025-11-11,9:52:47.957341617,T,TGT,I,2,91.12
2025-11-11,9:52:49.063938985,T,TGT,I,2,91.12
2025-11-11,9:52:57.715577698,T,TGT,F I,2,91.09
2025-11-11,9:52:57.715580742,T,TGT,F I,10,91.09
2025-11-11,9:52:57.715580742,T,TGT,F I,15,91.09
2025-11-11,9:52:57.715857344,T,TGT,F I,5,91.08
2025-11-11,9:53:05.645800762,T,TGT,F,100,91.08
2025-11-11,9:53:09.734981943,T,TGT,F I,6,91.1
2025-11-11,9:53:09.735008996,T,TGT,I,2,91.1
2025-11-11,9:53:13.034165956,T,TGT,I,4,91.16
2025-11-11,9:53:13.034171932,T,TGT,I,10,91.16
2025-11-11,9:53:13.034171932,T,TGT,I,1,91.16
2025-11-11,9:53:13.034187135,T,TGT,I,14,91.16
2025-11-11,9:53:17.038797652,T,TGT,F,200,91.19
2025-11-11,9:53:21.735708661,T,TGT,F I,1,91.17
2025-11-11,9:53:38.065939750,T,TGT,F I,1,91.09
2025-11-11,9:53:38.066291545,T,TGT,F I,75,91.09
2025-11-11,9:53:38.066312629,T,TGT,I,1,91.09
2025-11-11,9:53:38.066322154,T,TGT,F I,24,91.09
2025-11-11,9:53:38.066390878,T,TGT,I,10,91.11
2025-11-11,9:53:38.069328814,T,TGT,F I,21,91.13
2025-11-11,9:53:38.069332070,T,TGT,F I,10,91.13
2025-11-11,9:53:38.069332070,T,TGT,F I,11,91.13
2025-11-11,9:53:38.069334804,T,TGT,F I,81,91.13
2025-11-11,9:53:38.069725830,T,TGT,F I,11,91.15
2025-11-11,9:53:38.078675141,T,TGT,F I,11,91.18
2025-11-11,9:53:38.078675141,T,TGT,F,100,91.18
2025-11-11,9:53:41.023819566,T,TGT,I,50,91.19
2025-11-11,9:53:41.023859266,T,TGT,,100,91.18
2025-11-11,9:53:41.023859266,T,TGT,,100,91.18
2025-11-11,9:53:41.023864682,T,TGT,I,1,91.18
2025-11-11,9:53:41.023864682,T,TGT,I,50,91.18
2025-11-11,9:54:04.219506291,T,TGT,F I,26,91.16
2025-11-11,9:54:04.219506291,T,TGT,F I,21,91.16
2025-11-11,9:54:15.291334880,T,TGT,F I,1,91.2
2025-11-11,9:54:15.291338048,T,TGT,F I,2,91.2
2025-11-11,9:54:15.291338048,T,TGT,F I,2,91.2
2025-11-11,9:54:15.291341215,T,TGT,F,100,91.2
2025-11-11,9:54:15.291343911,T,TGT,F I,2,91.2
2025-11-11,9:54:15.291410234,T,TGT,F,100,91.21
2025-11-11,9:54:15.291440734,T,TGT,F I,1,91.22
2025-11-11,9:54:15.291443557,T,TGT,F I,9,91.22
2025-11-11,9:54:15.291446176,T,TGT,F I,10,91.22
2025-11-11,9:54:15.291633202,T,TGT,F I,1,91.23
2025-11-11,9:54:15.291633202,T,TGT,F I,9,91.23
2025-11-11,9:54:15.291635608,T,TGT,F I,20,91.23
2025-11-11,9:54:15.291921345,T,TGT,I,75,91.2
2025-11-11,9:54:15.291924278,T,TGT,I,5,91.2
2025-11-11,9:54:15.292249018,T,TGT,F I,4,91.2
2025-11-11,9:54:15.292252123,T,TGT,F I,11,91.2
2025-11-11,9:54:15.292252123,T,TGT,F I,60,91.2
2025-11-11,9:54:15.292279185,T,TGT,I,1,91.2
2025-11-11,9:54:15.492042029,T,TGT,F I,11,91.24
2025-11-11,9:54:15.492069091,T,TGT,F,100,91.25
2025-11-11,9:54:15.492072124,T,TGT,F I,4,91.25
2025-11-11,9:54:15.492075105,T,TGT,F I,10,91.25
2025-11-11,9:54:15.492090328,T,TGT,I,1,91.25
2025-11-11,9:54:15.492105176,T,TGT,,191,91.25
2025-11-11,9:54:23.767141706,T,TGT,I,1,91.26
2025-11-11,9:54:23.767144742,T,TGT,I,4,91.26
2025-11-11,9:54:23.768994077,T,TGT,F I,1,91.29
2025-11-11,9:54:23.769030250,T,TGT,I,40,91.3
2025-11-11,9:54:23.769950376,T,TGT,F I,20,91.3
2025-11-11,9:54:23.769974491,T,TGT,I,9,91.3
2025-11-11,9:54:23.804929728,T,TGT,I,2,91.31
2025-11-11,9:54:23.855155528,T,TGT,I,1,91.35
2025-11-11,9:54:23.855161676,T,TGT,F I,1,91.35
2025-11-11,9:54:23.855197480,T,TGT,F I,1,91.34
2025-11-11,9:54:23.855200671,T,TGT,F I,20,91.33
2025-11-11,9:54:23.855203499,T,TGT,F I,20,91.33
2025-11-11,9:54:23.855206472,T,TGT,F I,20,91.33
2025-11-11,9:54:23.855209493,T,TGT,F I,60,91.33
2025-11-11,9:54:23.855212496,T,TGT,F I,18,91.33
2025-11-11,9:54:23.855218504,T,TGT,I,75,91.34
2025-11-11,9:54:23.855221842,T,TGT,F I,25,91.34
2025-11-11,9:54:23.855227970,T,TGT,F I,16,91.33
2025-11-11,9:54:23.855254649,T,TGT,F I,11,91.32
2025-11-11,9:54:23.855294194,T,TGT,I,10,91.32
2025-11-11,9:54:23.855294194,T,TGT,I,30,91.32
2025-11-11,9:54:23.855297021,T,TGT,I,3,91.32
2025-11-11,9:54:23.855299862,T,TGT,I,3,91.32
2025-11-11,9:54:23.855302822,T,TGT,I,3,91.32
2025-11-11,9:54:23.855305870,T,TGT,I,1,91.32
2025-11-11,9:54:23.855832013,T,TGT,,200,91.31
2025-11-11,9:54:23.856099589,T,TGT,F I,64,91.31
2025-11-11,9:54:23.856105704,T,TGT,F I,36,91.31
2025-11-11,9:54:24.150446834,T,TGT,I,67,91.285
2025-11-11,9:54:25.525340784,T,TGT,I,5,91.31
2025-11-11,9:54:25.525344326,T,TGT,I,37,91.31
2025-11-11,9:54:25.525365408,T,TGT,F I,38,91.31
2025-11-11,9:54:25.525365408,T,TGT,F,100,91.31
2025-11-11,9:54:25.525370586,T,TGT,F,100,91.31
2025-11-11,9:54:25.525370586,T,TGT,F I,36,91.31
2025-11-11,9:54:25.525376528,T,TGT,F I,75,91.31
2025-11-11,9:54:25.525376528,T,TGT,F I,1,91.31
2025-11-11,9:54:25.525379611,T,TGT,F I,39,91.31
2025-11-11,9:54:25.525382948,T,TGT,F,149,91.31
2025-11-11,9:54:25.525382948,T,TGT,F I,24,91.31
2025-11-11,9:54:25.525385823,T,TGT,F I,20,91.31
2025-11-11,9:54:25.525388686,T,TGT,F,100,91.31
2025-11-11,9:54:27.586080900,T,TGT,I,26,91.33
2025-11-11,9:54:28.302736356,T,TGT,I,12,91.35
2025-11-11,9:54:35.158337297,T,TGT,I,44,91.32
2025-11-11,9:54:35.158379378,T,TGT,I,19,91.34
2025-11-11,9:54:35.158379378,T,TGT,I,3,91.34
2025-11-11,9:54:35.158400542,T,TGT,I,13,91.34
2025-11-11,9:54:35.158403398,T,TGT,I,21,91.34
2025-11-11,9:54:39.221356016,T,TGT,I,2,91.36
2025-11-11,9:54:39.225433794,T,TGT,F I,32,91.34
2025-11-11,9:54:39.225436730,T,TGT,F I,16,91.34
2025-11-11,9:54:39.225465016,T,TGT,F I,10,91.34
2025-11-11,9:54:39.225466876,T,TGT,F I,3,91.34
2025-11-11,9:54:39.252519384,T,TGT,I,11,91.35
2025-11-11,9:54:41.176018934,T,TGT,I,1,91.305
2025-11-11,9:54:42.171441520,T,TGT,F I,1,91.3
2025-11-11,9:54:42.171441520,T,TGT,F I,5,91.3
2025-11-11,9:54:42.171499035,T,TGT,I,1,91.31
2025-11-11,9:54:42.171501637,T,TGT,I,5,91.31
2025-11-11,9:54:42.171505177,T,TGT,I,75,91.315
2025-11-11,9:54:42.171507523,T,TGT,I,19,91.32
2025-11-11,9:54:42.172093940,T,TGT,I,1,91.32
2025-11-11,9:54:42.172093940,T,TGT,I,99,91.32
2025-11-11,9:54:42.172115443,T,TGT,I,1,91.32
2025-11-11,9:54:50.940285014,T,TGT,F I,20,91.31
2025-11-11,9:54:50.940287525,T,TGT,F I,30,91.31
2025-11-11,9:54:50.940290485,T,TGT,F I,50,91.31
2025-11-11,9:54:50.940305485,T,TGT,I,30,91.31
2025-11-11,9:54:50.940305485,T,TGT,I,1,91.31
2025-11-11,9:55:04.152715028,T,TGT,F I,2,91.32
2025-11-11,9:55:04.152718474,T,TGT,F I,4,91.32
2025-11-11,9:55:04.152721060,T,TGT,F I,10,91.32
2025-11-11,9:55:04.255355507,T,TGT,F I,1,91.34
2025-11-11,9:55:12.118410532,T,TGT,I,10,91.335
2025-11-11,9:55:15.383132516,T,TGT,I,21,91.35
2025-11-11,9:55:17.316663822,T,TGT,I,13,91.35
2025-11-11,9:55:18.952531103,T,TGT,I,5,91.335
2025-11-11,9:55:21.984492409,T,TGT,I,3,91.335
2025-11-11,9:55:23.089793752,T,TGT,I,10,91.335
2025-11-11,9:55:24.367546826,T,TGT,I,2,91.335
2025-11-11,9:55:25.413558926,T,TGT,I,1,91.335
2025-11-11,9:55:26.711538202,T,TGT,I,1,91.34
2025-11-11,9:55:27.327742615,T,TGT,F I,1,91.36
2025-11-11,9:55:27.327763348,T,TGT,I,1,91.36
2025-11-11,9:55:27.327778542,T,TGT,F I,75,91.36
2025-11-11,9:55:27.430169294,T,TGT,I,2,91.385
2025-11-11,9:55:27.506494092,T,TGT,I,2,91.385
2025-11-11,9:55:27.588105582,T,TGT,I,2,91.38
2025-11-11,9:55:27.799683617,T,TGT,I,2,91.385
2025-11-11,9:55:28.012831420,T,TGT,I,2,91.385
2025-11-11,9:55:28.304932370,T,TGT,F I,10,91.38
2025-11-11,9:55:28.305257113,T,TGT,I,42,91.365
2025-11-11,9:55:32.354782830,T,TGT,,100,91.335
2025-11-11,9:55:32.475697810,T,TGT,I,13,91.335
2025-11-11,9:55:42.862004365,T,TGT,F,100,91.3
2025-11-11,9:55:42.862007352,T,TGT,F I,1,91.3
2025-11-11,9:55:45.131820958,T,TGT,I,1,91.32
2025-11-11,9:55:58.389031114,T,TGT,F I,75,91.3
2025-11-11,9:55:58.389031114,T,TGT,F I,25,91.29
2025-11-11,9:55:59.961696844,T,TGT,I,3,91.27
2025-11-11,9:56:00.008587467,T,TGT,I,1,91.26
2025-11-11,9:56:00.008912320,T,TGT,F I,15,91.28
2025-11-11,9:56:00.008915289,T,TGT,F I,10,91.28
2025-11-11,9:56:00.008921369,T,TGT,F I,75,91.28
2025-11-11,9:56:00.008984470,T,TGT,F I,18,91.29
2025-11-11,9:56:00.008988143,T,TGT,F I,94,91.29
2025-11-11,9:56:00.008996528,T,TGT,F I,6,91.29
2025-11-11,9:56:00.009306222,T,TGT,F I,33,91.3
2025-11-11,9:56:00.009646762,T,TGT,I,8,91.3
2025-11-11,9:56:00.009646762,T,TGT,I,75,91.3
2025-11-11,9:56:00.009652969,T,TGT,I,25,91.3
2025-11-11,9:56:00.009652969,T,TGT,I,16,91.3
2025-11-11,9:56:00.009652969,T,TGT,I,18,91.3
2025-11-11,9:56:00.162028015,T,TGT,F I,16,91.3
2025-11-11,9:56:00.162031038,T,TGT,F I,5,91.3
2025-11-11,9:56:00.162488172,T,TGT,,100,91.3
2025-11-11,9:56:00.162506225,T,TGT,I,1,91.3
2025-11-11,9:56:14.043378064,T,TGT,F I,4,91.32
2025-11-11,9:56:16.342917434,T,TGT,,100,91.37
2025-11-11,9:56:20.543255355,T,TGT,F,100,91.39
2025-11-11,9:56:20.543276501,T,TGT,I,1,91.39
2025-11-11,9:56:20.543276501,T,TGT,I,72,91.39
2025-11-11,9:56:20.543294436,T,TGT,F I,27,91.39
2025-11-11,9:56:27.737971229,T,TGT,I,42,91.395
2025-11-11,9:56:28.956269752,T,TGT,,100,91.37
2025-11-11,9:56:28.956561424,T,TGT,F,100,91.37
2025-11-11,9:56:35.038816032,T,TGT,I,7,91.36
2025-11-11,9:56:35.038837743,T,TGT,F I,40,91.36
2025-11-11,9:56:36.771393777,T,TGT,F I,40,91.33
2025-11-11,9:56:36.771396829,T,TGT,F I,20,91.33
2025-11-11,9:56:36.771399764,T,TGT,F I,40,91.32
2025-11-11,9:56:36.771417867,T,TGT,F I,60,91.32
2025-11-11,9:56:36.771417867,T,TGT,F I,10,91.32
2025-11-11,9:56:47.747140696,T,TGT,F I,75,91.29
2025-11-11,9:56:47.747200809,T,TGT,F I,25,91.29
2025-11-11,9:56:59.423346194,T,TGT,,100,91.33
2025-11-11,9:56:59.423361833,T,TGT,I,1,91.33
2025-11-11,9:56:59.423364768,T,TGT,F I,99,91.33
2025-11-11,9:56:59.423367486,T,TGT,F I,2,91.33
2025-11-11,9:56:59.423367486,T,TGT,F,101,91.33
2025-11-11,9:57:31.746034779,T,TGT,I,70,91.35
2025-11-11,9:57:42.254522720,T,TGT,F I,75,91.37
2025-11-11,9:57:42.254525380,T,TGT,I,25,91.37
2025-11-11,9:57:46.999355601,T,TGT,F I,3,91.34
2025-11-11,9:57:59.103098706,T,TGT,F I,10,91.38
2025-11-11,9:57:59.103850521,T,TGT,I,10,91.36
2025-11-11,9:57:59.107738765,T,TGT,F I,44,91.38
2025-11-11,9:57:59.107768771,T,TGT,F I,56,91.38
2025-11-11,9:57:59.107804893,T,TGT,F I,15,91.39
2025-11-11,9:57:59.107807896,T,TGT,F I,29,91.39
2025-11-11,9:57:59.107847046,T,TGT,F,100,91.4
2025-11-11,9:57:59.107847046,T,TGT,F I,9,91.4
2025-11-11,9:57:59.109007772,T,TGT,F I,15,91.39
2025-11-11,9:57:59.109007772,T,TGT,F I,29,91.39
2025-11-11,9:57:59.109010767,T,TGT,F I,17,91.39
2025-11-11,9:57:59.137257072,T,TGT,I,34,91.39
2025-11-11,9:57:59.137281144,T,TGT,F I,3,91.39
2025-11-11,9:57:59.137765229,T,TGT,I,25,91.39
2025-11-11,9:57:59.137786879,T,TGT,I,35,91.39
2025-11-11,9:58:07.207779382,T,TGT,F I,57,91.4
2025-11-11,9:58:07.258783902,T,TGT,I,1,91.41
2025-11-11,9:58:07.258804949,T,TGT,I,1,91.41
2025-11-11,9:58:08.314674392,T,TGT,F,100,91.39
2025-11-11,9:58:08.314677371,T,TGT,F I,1,91.39
2025-11-11,9:58:11.919049616,T,TGT,I,10,91.4
2025-11-11,9:58:11.919070685,T,TGT,I,55,91.4
2025-11-11,9:58:11.919097737,T,TGT,I,10,91.4
2025-11-11,9:58:18.642756212,T,TGT,F I,23,91.36
2025-11-11,9:58:35.048991197,T,TGT,F I,4,91.41
2025-11-11,9:58:35.048991197,T,TGT,F I,10,91.41
2025-11-11,9:58:35.048993627,T,TGT,F,100,91.41
2025-11-11,9:58:35.049011627,T,TGT,F I,70,91.41
2025-11-11,9:58:35.100166516,T,TGT,I,1,91.41
2025-11-11,9:58:38.552373033,T,TGT,F,100,91.44
2025-11-11,9:58:38.552430889,T,TGT,I,10,91.46
2025-11-11,9:58:38.556468838,T,TGT,I,48,91.455
2025-11-11,9:58:40.287846624,T,TGT,F I,1,91.47
2025-11-11,9:58:40.288484134,T,TGT,I,50,91.49
2025-11-11,9:58:48.356134622,T,TGT,F I,50,91.5
2025-11-11,9:58:48.356149640,T,TGT,F I,75,91.5
2025-11-11,9:59:03.223293526,T,TGT,F,100,91.5
2025-11-11,9:59:03.223293526,T,TGT,F I,68,91.5
2025-11-11,9:59:03.223303474,T,TGT,F I,32,91.5
2025-11-11,9:59:03.223303474,T,TGT,F,100,91.5
2025-11-11,9:59:03.223305556,T,TGT,F I,10,91.5
2025-11-11,9:59:03.223344536,T,TGT,I,41,91.53
2025-11-11,9:59:03.223404728,T,TGT,I,75,91.515
2025-11-11,9:59:03.223404728,T,TGT,,115,91.515
2025-11-11,9:59:03.223425739,T,TGT,F I,75,91.515
2025-11-11,9:59:03.223425739,T,TGT,I,12,91.515
2025-11-11,9:59:03.223461900,T,TGT,F I,94,91.515
2025-11-11,9:59:03.223504597,T,TGT,I,13,91.515
2025-11-11,9:59:03.223510525,T,TGT,I,18,91.515
2025-11-11,9:59:03.223510525,T,TGT,I,41,91.5
2025-11-11,9:59:03.223513028,T,TGT,I,21,91.5
2025-11-11,9:59:03.223549774,T,TGT,F I,10,91.5
2025-11-11,9:59:03.223573104,T,TGT,F I,8,91.5
2025-11-11,9:59:03.223666561,T,TGT,I,1,91.51
2025-11-11,9:59:03.223666561,T,TGT,I,14,91.51
2025-11-11,9:59:03.223717596,T,TGT,,100,91.52
2025-11-11,9:59:03.223765635,T,TGT,I,14,91.5
2025-11-11,9:59:03.223789633,T,TGT,I,7,91.51
2025-11-11,9:59:03.223792798,T,TGT,I,10,91.52
2025-11-11,9:59:03.223792798,T,TGT,,100,91.52
2025-11-11,9:59:03.223795960,T,TGT,I,4,91.53
2025-11-11,9:59:03.223952070,T,TGT,I,6,91.515
2025-11-11,9:59:03.223991120,T,TGT,,121,91.51
2025-11-11,9:59:03.224527416,T,TGT,F I,7,91.5
2025-11-11,9:59:03.224527416,T,TGT,F,100,91.5
2025-11-11,9:59:03.224532478,T,TGT,F I,1,91.5
2025-11-11,9:59:03.224532478,T,TGT,F I,4,91.5
2025-11-11,9:59:03.262783575,T,TGT,I,15,91.49
2025-11-11,9:59:03.294277588,T,TGT,I,25,91.49
2025-11-11,9:59:04.408690536,T,TGT,F I,48,91.49
2025-11-11,9:59:04.408711618,T,TGT,F I,12,91.49
2025-11-11,9:59:06.591570007,T,TGT,F I,60,91.45
2025-11-11,9:59:26.469146301,T,TGT,F I,1,91.38
2025-11-11,9:59:35.483535557,T,TGT,F I,75,91.36
2025-11-11,9:59:35.483538498,T,TGT,F I,5,91.35
2025-11-11,9:59:35.483538498,T,TGT,F I,10,91.35
2025-11-11,9:59:35.483541554,T,TGT,F I,25,91.35
2025-11-11,9:59:35.483604677,T,TGT,I,75,91.35
2025-11-11,9:59:35.483944472,T,TGT,F I,8,91.37
2025-11-11,9:59:35.483950531,T,TGT,F I,2,91.37
2025-11-11,9:59:35.528035473,T,TGT,I,54,91.39
2025-11-11,9:59:35.528107694,T,TGT,F I,1,91.4
2025-11-11,9:59:35.528116715,T,TGT,F I,2,91.4
2025-11-11,9:59:35.528173865,T,TGT,I,75,91.4
2025-11-11,9:59:35.528194923,T,TGT,I,1,91.4
2025-11-11,9:59:35.528224942,T,TGT,F I,1,91.4
2025-11-11,9:59:35.528224942,T,TGT,F I,74,91.4
2025-11-11,9:59:35.528246067,T,TGT,F,426,91.4
2025-11-11,9:59:35.528249038,T,TGT,F,100,91.4
2025-11-11,9:59:35.528919578,T,TGT,I,2,91.38
2025-11-11,9:59:40.722950953,T,TGT,F I,75,91.4
2025-11-11,9:59:40.723005059,T,TGT,F I,25,91.4
2025-11-11,9:59:45.048308782,T,TGT,I,5,91.37
2025-11-11,9:59:45.048341824,T,TGT,F I,75,91.37
2025-11-11,9:59:48.288353784,T,TGT,F I,75,91.37
2025-11-11,9:59:48.288401970,T,TGT,F I,25,91.37
2025-11-11,9:59:51.911430491,T,TGT,I,5,91.34
2025-11-11,9:59:53.682578036,T,TGT,F I,75,91.35
2025-11-11,9:59:53.682632233,T,TGT,F I,75,91.35
2025-11-11,9:59:57.220233382,T,TGT,F I,75,91.32
2025-11-11,9:59:57.220233382,T,TGT,F I,1,91.3
2025-11-11,9:59:57.220236228,T,TGT,F I,4,91.3
2025-11-11,9:59:57.220251300,T,TGT,F I,6,91.3
2025-11-11,9:59:57.220254351,T,TGT,F,100,91.3
2025-11-11,9:59:57.220774544,T,TGT,F,100,91.29
2025-11-11,10:00:00.543384359,T,TGT,I,12,91.225
2025-11-11,10:00:00.829552138,T,TGT,F I,2,91.25
2025-11-11,10:00:00.829555200,T,TGT,F,100,91.25
2025-11-11,10:00:00.829555200,T,TGT,F I,10,91.25
2025-11-11,10:00:00.829663717,T,TGT,F I,10,91.26
2025-11-11,10:00:00.829813983,T,TGT,,100,91.24
2025-11-11,10:00:00.829813983,T,TGT,I,34,91.24
2025-11-11,10:00:00.829865846,T,TGT,I,54,91.24
2025-11-11,10:00:00.829982270,T,TGT,F I,64,91.26
2025-11-11,10:00:00.830048359,T,TGT,F I,36,91.26
2025-11-11,10:00:00.830055268,T,TGT,F I,34,91.26
2025-11-11,10:00:00.830055268,T,TGT,F I,34,91.26
2025-11-11,10:00:00.830057482,T,TGT,F I,3,91.26
2025-11-11,10:00:00.830124088,T,TGT,I,58,91.255
2025-11-11,10:00:00.830136043,T,TGT,I,17,91.26
2025-11-11,10:00:00.830199006,T,TGT,I,17,91.25
2025-11-11,10:00:00.830199006,T,TGT,I,14,91.25
2025-11-11,10:00:00.830201678,T,TGT,I,15,91.25
2025-11-11,10:00:00.830319036,T,TGT,F I,17,91.26
2025-11-11,10:00:00.830337078,T,TGT,F I,5,91.26
2025-11-11,10:00:00.830397885,T,TGT,I,3,91.26
2025-11-11,10:00:00.830403370,T,TGT,I,3,91.26
2025-11-11,10:00:00.830403370,T,TGT,I,2,91.25
2025-11-11,10:00:00.830403370,T,TGT,I,7,91.25
2025-11-11,10:00:00.837349719,T,TGT,F I,11,91.28
2025-11-11,10:00:00.837352803,T,TGT,F I,11,91.28
2025-11-11,10:00:00.924040329,T,TGT,I,2,91.27
2025-11-11,10:00:00.924175569,T,TGT,I,8,91.27
2025-11-11,10:00:00.924178632,T,TGT,I,75,91.27
2025-11-11,10:00:00.952256927,T,TGT,I,10,91.27
2025-11-11,10:00:00.952256927,T,TGT,I,15,91.26
2025-11-11,10:00:00.952259620,T,TGT,I,72,91.26
2025-11-11,10:00:00.952280887,T,TGT,F,255,91.26
2025-11-11,10:00:00.952280887,T,TGT,F I,8,91.26
2025-11-11,10:00:00.952283585,T,TGT,F I,1,91.26
2025-11-11,10:00:00.952293100,T,TGT,F,312,91.26
2025-11-11,10:00:00.954428452,T,TGT,F I,1,91.27
2025-11-11,10:00:00.954469791,T,TGT,I,1,91.26
2025-11-11,10:00:00.954532951,T,TGT,,400,91.26
2025-11-11,10:00:01.980728450,T,TGT,F I,4,91.29
2025-11-11,10:00:01.980734405,T,TGT,F I,4,91.29
2025-11-11,10:00:01.980734405,T,TGT,F I,2,91.29
2025-11-11,10:00:01.980734405,T,TGT,F I,10,91.29
2025-11-11,10:00:04.394638554,T,TGT,F I,17,91.31
2025-11-11,10:00:04.394638554,T,TGT,F I,10,91.31
2025-11-11,10:00:04.394686697,T,TGT,I,10,91.32
2025-11-11,10:00:04.395625001,T,TGT,F I,1,91.32
2025-11-11,10:00:25.283294983,T,TGT,F I,75,91.3
2025-11-11,10:00:27.483303335,T,TGT,F I,75,91.28
2025-11-11,10:00:27.483919732,T,TGT,F,100,91.26
2025-11-11,10:00:27.484319686,T,TGT,F,302,91.26
2025-11-11,10:00:27.484326021,T,TGT,F,302,91.26
2025-11-11,10:00:30.892582621,T,TGT,I,25,91.22
2025-11-11,10:00:33.885429747,T,TGT,I,7,91.26
2025-11-11,10:00:51.878174926,T,TGT,F,100,91.2
2025-11-11,10:00:51.878177948,T,TGT,F,100,91.2
2025-11-11,10:00:51.878195916,T,TGT,I,1,91.2
2025-11-11,10:00:51.878262105,T,TGT,F I,75,91.2
2025-11-11,10:00:51.879128227,T,TGT,I,75,91.21
2025-11-11,10:00:51.879128227,T,TGT,I,25,91.2
2025-11-11,10:00:51.879152244,T,TGT,F,270,91.2
2025-11-11,10:00:51.879173262,T,TGT,I,24,91.2
2025-11-11,10:00:51.879176313,T,TGT,I,70,91.2
2025-11-11,10:00:52.188562412,T,TGT,F I,25,91.22
2025-11-11,10:00:52.188568353,T,TGT,F I,58,91.26
2025-11-11,10:00:52.188574455,T,TGT,F I,10,91.26
2025-11-11,10:00:52.188574455,T,TGT,F,100,91.27
2025-11-11,10:00:52.188578558,T,TGT,F I,11,91.27
2025-11-11,10:00:52.188578558,T,TGT,F,175,91.27
2025-11-11,10:00:52.188673762,T,TGT,I,50,91.23
2025-11-11,10:00:52.188673762,T,TGT,I,11,91.22
2025-11-11,10:00:52.188709773,T,TGT,F I,32,91.25
2025-11-11,10:00:52.188728094,T,TGT,F I,22,91.27
2025-11-11,10:00:52.188730839,T,TGT,F I,12,91.27
2025-11-11,10:00:52.188734001,T,TGT,F I,28,91.27
2025-11-11,10:00:52.189732148,T,TGT,I,95,91.27
2025-11-11,10:00:52.623921581,T,TGT,I,70,91.26
2025-11-11,10:00:52.623921581,T,TGT,I,23,91.25
2025-11-11,10:00:52.674026974,T,TGT,I,36,91.25
2025-11-11,10:00:52.674057026,T,TGT,I,34,91.25
2025-11-11,10:00:52.674456985,T,TGT,F,100,91.27
2025-11-11,10:00:52.674474972,T,TGT,I,1,91.27
2025-11-11,10:00:52.674481279,T,TGT,I,24,91.27
2025-11-11,10:00:52.674532200,T,TGT,I,76,91.27
2025-11-11,10:00:52.674535166,T,TGT,I,96,91.27
2025-11-11,10:00:52.674535166,T,TGT,,100,91.27
2025-11-11,10:00:52.687553234,T,TGT,,600,91.27
2025-11-11,10:00:52.687559180,T,TGT,I,4,91.27
2025-11-11,10:00:52.687559180,T,TGT,,100,91.27
2025-11-11,10:00:52.687562184,T,TGT,,100,91.27
2025-11-11,10:00:52.687562184,T,TGT,,100,91.27
2025-11-11,10:00:52.688311044,T,TGT,I,70,91.26
2025-11-11,10:01:02.690205722,T,TGT,F I,25,91.24
2025-11-11,10:01:02.690205722,T,TGT,F I,71,91.25
2025-11-11,10:01:15.242945400,T,TGT,,200,91.23
2025-11-11,10:01:23.484232370,T,TGT,F I,25,91.26
2025-11-11,10:01:23.484256585,T,TGT,F,100,91.27
2025-11-11,10:01:23.484260466,T,TGT,F,100,91.27
2025-11-11,10:01:23.484260466,T,TGT,F,100,91.27
2025-11-11,10:01:23.484262435,T,TGT,F I,25,91.27
2025-11-11,10:01:23.484503052,T,TGT,F,100,91.28
2025-11-11,10:01:23.485068364,T,TGT,I,14,91.27
2025-11-11,10:01:23.485068364,T,TGT,I,22,91.27
2025-11-11,10:01:23.499066767,T,TGT,F I,2,91.28
2025-11-11,10:01:23.499081935,T,TGT,F I,98,91.28
2025-11-11,10:01:23.499081935,T,TGT,F I,2,91.27
2025-11-11,10:01:23.499084730,T,TGT,F I,13,91.27
2025-11-11,10:01:23.499105832,T,TGT,,100,91.27
2025-11-11,10:01:24.716282619,T,TGT,F I,3,91.26
2025-11-11,10:01:32.599997060,T,TGT,I,25,91.3
2025-11-11,10:01:32.599997060,T,TGT,I,2,91.3
2025-11-11,10:01:32.600015145,T,TGT,I,20,91.3
2025-11-11,10:01:41.031126747,T,TGT,I,44,91.31
2025-11-11,10:01:45.610757802,T,TGT,I,11,91.35
2025-11-11,10:01:47.757172451,T,TGT,,200,91.355
2025-11-11,10:01:47.758210381,T,TGT,F I,75,91.33
2025-11-11,10:01:47.758212945,T,TGT,F,100,91.32
2025-11-11,10:01:47.758216045,T,TGT,F I,1,91.32
2025-11-11,10:01:47.758219015,T,TGT,F I,11,91.32
2025-11-11,10:01:47.758219015,T,TGT,F I,2,91.32
2025-11-11,10:01:47.758234025,T,TGT,I,1,91.32
2025-11-11,10:01:47.758664074,T,TGT,,100,91.32
2025-11-11,10:01:47.758700164,T,TGT,,100,91.32
2025-11-11,10:01:47.758724421,T,TGT,F,104,91.32
2025-11-11,10:01:47.758727178,T,TGT,F,200,91.32
2025-11-11,10:01:47.758730266,T,TGT,F,100,91.32
2025-11-11,10:01:47.758895619,T,TGT,F I,1,91.32
2025-11-11,10:01:47.758922660,T,TGT,F I,75,91.32
2025-11-11,10:01:47.760354337,T,TGT,F I,24,91.32
2025-11-11,10:01:47.760357399,T,TGT,F I,1,91.33
2025-11-11,10:01:47.760360570,T,TGT,F I,31,91.33
2025-11-11,10:01:47.760360570,T,TGT,F I,7,91.33
2025-11-11,10:01:47.760363268,T,TGT,F I,4,91.33
2025-11-11,10:01:47.760366117,T,TGT,F I,20,91.33
2025-11-11,10:01:47.760537533,T,TGT,I,31,91.32
2025-11-11,10:01:47.764720484,T,TGT,I,32,91.33
2025-11-11,10:01:59.474765601,T,TGT,I,1,91.32
2025-11-11,10:01:59.474768599,T,TGT,I,31,91.32
2025-11-11,10:01:59.553935233,T,TGT,I,5,91.27
2025-11-11,10:01:59.555135150,T,TGT,I,1,91.295
2025-11-11,10:01:59.555174178,T,TGT,F I,4,91.3
2025-11-11,10:02:09.713523081,T,TGT,F,100,91.29
2025-11-11,10:02:09.713525491,T,TGT,F I,4,91.29
2025-11-11,10:02:09.713528501,T,TGT,F,200,91.29
2025-11-11,10:02:09.713531481,T,TGT,F,100,91.29
2025-11-11,10:02:09.727620833,T,TGT,F,100,91.28
2025-11-11,10:02:09.727626166,T,TGT,F I,12,91.27
2025-11-11,10:02:09.727626166,T,TGT,F,112,91.27
2025-11-11,10:02:09.727629134,T,TGT,F,176,91.27
2025-11-11,10:02:09.727644062,T,TGT,I,1,91.27
2025-11-11,10:02:09.727662200,T,TGT,I,72,91.27
2025-11-11,10:02:09.727677243,T,TGT,I,27,91.27
2025-11-11,10:02:09.727968862,T,TGT,I,40,91.27
2025-11-11,10:02:09.727995976,T,TGT,I,28,91.29
2025-11-11,10:02:09.728098228,T,TGT,I,28,91.27
2025-11-11,10:02:09.728119240,T,TGT,I,47,91.27
2025-11-11,10:02:09.728158320,T,TGT,I,53,91.27
2025-11-11,10:02:11.468157705,T,TGT,F I,35,91.27
2025-11-11,10:02:11.468164059,T,TGT,F I,28,91.27
2025-11-11,10:02:11.468166662,T,TGT,F,100,91.27
2025-11-11,10:02:11.468677888,T,TGT,,344,91.27
2025-11-11,10:02:11.468689982,T,TGT,,344,91.27
2025-11-11,10:02:11.468717887,T,TGT,,314,91.27
2025-11-11,10:02:11.468720049,T,TGT,I,86,91.27
2025-11-11,10:02:11.469998050,T,TGT,I,1,91.24
2025-11-11,10:02:16.274827071,T,TGT,I,10,91.27
2025-11-11,10:02:16.758333935,T,TGT,I,44,91.27
2025-11-11,10:02:19.078139280,T,TGT,I,10,91.22
2025-11-11,10:02:19.078139280,T,TGT,I,71,91.22
2025-11-11,10:02:19.078156711,T,TGT,F I,29,91.22
2025-11-11,10:02:19.078156711,T,TGT,I,1,91.22
2025-11-11,10:02:19.078578036,T,TGT,I,52,91.25
2025-11-11,10:02:19.078578036,T,TGT,I,10,91.25
2025-11-11,10:02:19.078580739,T,TGT,I,11,91.25
2025-11-11,10:02:19.078674385,T,TGT,I,14,91.28
2025-11-11,10:02:19.078676963,T,TGT,I,27,91.28
2025-11-11,10:02:19.078680100,T,TGT,I,14,91.28
2025-11-11,10:02:19.078680100,T,TGT,I,11,91.28
2025-11-11,10:02:19.078806340,T,TGT,,100,91.29
2025-11-11,10:02:19.078806340,T,TGT,I,20,91.29
2025-11-11,10:02:19.078902564,T,TGT,F,112,91.28
2025-11-11,10:02:19.078986703,T,TGT,I,88,91.28
2025-11-11,10:02:19.078989778,T,TGT,I,12,91.28
2025-11-11,10:02:19.093051257,T,TGT,I,1,91.295
2025-11-11,10:02:19.569798705,T,TGT,F,125,91.31
2025-11-11,10:02:19.569801040,T,TGT,F I,2,91.31
2025-11-11,10:02:19.570045242,T,TGT,F I,17,91.32
2025-11-11,10:02:19.570047832,T,TGT,F I,69,91.32
2025-11-11,10:02:19.570047832,T,TGT,F I,4,91.32
2025-11-11,10:02:19.570081424,T,TGT,I,1,91.31
2025-11-11,10:02:19.570081424,T,TGT,,100,91.31
2025-11-11,10:02:19.570083960,T,TGT,I,23,91.31
2025-11-11,10:02:19.570087237,T,TGT,I,35,91.31
2025-11-11,10:02:19.570087237,T,TGT,I,27,91.31
2025-11-11,10:02:19.570090210,T,TGT,I,41,91.3
2025-11-11,10:02:19.570090210,T,TGT,I,40,91.3
2025-11-11,10:02:19.570092768,T,TGT,,231,91.3
2025-11-11,10:02:19.570116767,T,TGT,I,1,91.3
2025-11-11,10:02:29.747852585,T,TGT,I,37,91.31
2025-11-11,10:02:29.747855618,T,TGT,I,50,91.31
2025-11-11,10:02:29.747873669,T,TGT,I,1,91.31
2025-11-11,10:02:29.747888668,T,TGT,I,21,91.31
2025-11-11,10:02:29.747903708,T,TGT,I,81,91.31
2025-11-11,10:02:29.747903708,T,TGT,I,12,91.31
2025-11-11,10:02:29.748318723,T,TGT,I,75,91.31
2025-11-11,10:02:29.748348729,T,TGT,F I,25,91.31
2025-11-11,10:02:29.748357785,T,TGT,F I,1,91.32
2025-11-11,10:02:29.748357785,T,TGT,F I,23,91.32
2025-11-11,10:02:29.964789355,T,TGT,F,200,91.32
2025-11-11,10:02:29.964792402,T,TGT,F,400,91.32
2025-11-11,10:02:29.964792402,T,TGT,F I,1,91.32
2025-11-11,10:02:29.964795415,T,TGT,F I,23,91.32
2025-11-11,10:02:29.964798440,T,TGT,F I,15,91.32
2025-11-11,10:02:29.964798440,T,TGT,F I,41,91.32
2025-11-11,10:02:30.021327084,T,TGT,I,1,91.3
2025-11-11,10:02:30.021348187,T,TGT,F I,4,91.3
2025-11-11,10:02:30.021351203,T,TGT,F,100,91.3
2025-11-11,10:02:30.021354117,T,TGT,F,200,91.3
2025-11-11,10:02:30.021754063,T,TGT,,268,91.3
2025-11-11,10:02:30.021790171,T,TGT,,200,91.3
2025-11-11,10:02:30.030817739,T,TGT,,200,91.305
2025-11-11,10:02:42.895283380,T,TGT,I,10,91.28
2025-11-11,10:02:43.553948493,T,TGT,I,10,91.27
2025-11-11,10:02:43.665529340,T,TGT,I,10,91.26
2025-11-11,10:02:51.419234791,T,TGT,I,1,91.275
2025-11-11,10:03:02.175241962,T,TGT,I,22,91.25
2025-11-11,10:03:02.175644970,T,TGT,I,70,91.27
2025-11-11,10:03:02.175813360,T,TGT,F I,55,91.28
2025-11-11,10:03:02.175816339,T,TGT,F I,11,91.28
2025-11-11,10:03:02.176613198,T,TGT,F I,12,91.3
2025-11-11,10:03:02.176616255,T,TGT,F I,25,91.3
2025-11-11,10:03:02.176619643,T,TGT,F I,11,91.3
2025-11-11,10:03:02.177178622,T,TGT,F I,63,91.31
2025-11-11,10:03:02.184486038,T,TGT,F I,2,91.32
2025-11-11,10:03:02.184675436,T,TGT,F,100,91.32
2025-11-11,10:03:02.184681668,T,TGT,F I,63,91.32
2025-11-11,10:03:02.184681668,T,TGT,F,100,91.32
2025-11-11,10:03:02.184684419,T,TGT,F I,57,91.32
2025-11-11,10:03:02.185887317,T,TGT,I,1,91.32
2025-11-11,10:03:04.978677008,T,TGT,F I,62,91.32
2025-11-11,10:03:04.978740391,T,TGT,F I,2,91.33
2025-11-11,10:03:04.978743918,T,TGT,F,100,91.33
2025-11-11,10:03:04.978749214,T,TGT,F I,13,91.33
2025-11-11,10:03:04.978764831,T,TGT,I,1,91.33
2025-11-11,10:03:04.978779425,T,TGT,F I,22,91.33
2025-11-11,10:03:05.550564491,T,TGT,F I,31,91.31
2025-11-11,10:03:05.550564491,T,TGT,F I,25,91.31
2025-11-11,10:03:05.550621550,T,TGT,F,100,91.3
2025-11-11,10:03:05.550624586,T,TGT,F I,1,91.3
2025-11-11,10:03:05.550642610,T,TGT,I,1,91.3
2025-11-11,10:03:15.118359464,T,TGT,,200,91.3
2025-11-11,10:03:16.532837142,T,TGT,F I,2,91.27
2025-11-11,10:03:16.532837142,T,TGT,F I,1,91.27
2025-11-11,10:03:16.533094913,T,TGT,I,2,91.27
2025-11-11,10:03:16.533267116,T,TGT,F,100,91.26
2025-11-11,10:03:20.432523924,T,TGT,I,16,91.245
2025-11-11,10:03:22.933221660,T,TGT,I,1,91.245
2025-11-11,10:03:30.666288938,T,TGT,I,63,91.23
2025-11-11,10:03:34.705199443,T,TGT,F I,75,91.23
2025-11-11,10:03:34.705202446,T,TGT,F I,25,91.22
2025-11-11,10:03:34.705217582,T,TGT,F I,75,91.22
2025-11-11,10:03:34.705229609,T,TGT,I,75,91.22
2025-11-11,10:03:34.705764827,T,TGT,I,4,91.22
2025-11-11,10:03:34.705770904,T,TGT,,300,91.22
2025-11-11,10:03:34.724679948,T,TGT,F I,20,91.2
2025-11-11,10:03:34.724679948,T,TGT,F I,1,91.2
2025-11-11,10:03:34.756348320,T,TGT,I,20,91.19
2025-11-11,10:03:34.756351547,T,TGT,,200,91.19
2025-11-11,10:03:34.756715624,T,TGT,,144,91.19
2025-11-11,10:03:34.756715624,T,TGT,F I,56,91.19
2025-11-11,10:03:39.326348594,T,TGT,F I,1,91.14
2025-11-11,10:03:39.326351147,T,TGT,F I,1,91.14
2025-11-11,10:03:39.326414080,T,TGT,I,33,91.14
2025-11-11,10:03:39.373948354,T,TGT,I,1,91.13
2025-11-11,10:03:39.373988035,T,TGT,I,19,91.13
2025-11-11,10:03:39.373990661,T,TGT,,100,91.13
2025-11-11,10:03:39.373993684,T,TGT,,100,91.13
2025-11-11,10:03:39.373993684,T,TGT,I,50,91.13
2025-11-11,10:03:39.373996436,T,TGT,I,12,91.13
2025-11-11,10:03:39.374273091,T,TGT,,100,91.13
2025-11-11,10:03:39.375391745,T,TGT,F,200,91.13
2025-11-11,10:03:39.375394703,T,TGT,I,10,91.14
2025-11-11,10:03:40.090023547,T,TGT,F I,1,91.1
2025-11-11,10:03:40.090026254,T,TGT,F I,11,91.1
2025-11-11,10:03:41.489413178,T,TGT,F I,20,91.09
2025-11-11,10:03:41.934636452,T,TGT,F I,5,91.07
2025-11-11,10:03:41.934639096,T,TGT,F I,75,91.07
2025-11-11,10:03:41.934641961,T,TGT,F I,10,91.07
2025-11-11,10:03:41.934641961,T,TGT,F I,10,91.06
2025-11-11,10:03:41.934708104,T,TGT,I,20,91.06
2025-11-11,10:03:41.934708104,T,TGT,I,12,91.06
2025-11-11,10:03:50.394424071,T,TGT,I,75,91.04
2025-11-11,10:03:50.394424071,T,TGT,I,96,91.03
2025-11-11,10:03:50.394438686,T,TGT,I,1,91.03
2025-11-11,10:03:50.394444700,T,TGT,F I,3,91.03
2025-11-11,10:03:50.394447857,T,TGT,F I,5,91.03
2025-11-11,10:03:50.394447857,T,TGT,F I,10,91.03
2025-11-11,10:03:50.394451939,T,TGT,F I,12,91.03
2025-11-11,10:03:50.394456813,T,TGT,F,100,91.03
2025-11-11,10:03:50.394456813,T,TGT,F I,50,91.03
2025-11-11,10:03:50.394465807,T,TGT,I,50,91.03
2025-11-11,10:03:50.395244608,T,TGT,I,27,91.05
2025-11-11,10:03:50.395256825,T,TGT,F I,21,91.06
2025-11-11,10:03:50.395259631,T,TGT,F I,28,91.06
2025-11-11,10:03:50.395259631,T,TGT,F I,11,91.06
2025-11-11,10:03:50.395942318,T,TGT,F,100,91.06
2025-11-11,10:03:51.366913573,T,TGT,I,1,91.08
2025-11-11,10:03:53.156777782,T,TGT,F,100,91.1
2025-11-11,10:03:53.156780899,T,TGT,F I,1,91.1
2025-11-11,10:03:53.156780899,T,TGT,F I,1,91.1
2025-11-11,10:03:53.156793625,T,TGT,F I,83,91.1
2025-11-11,10:03:53.157502411,T,TGT,I,83,91.11
2025-11-11,10:03:54.821444652,T,TGT,F,100,91.14
2025-11-11,10:03:59.374571572,T,TGT,I,65,91.19
2025-11-11,10:03:59.374571572,T,TGT,I,42,91.2
2025-11-11,10:03:59.374571572,T,TGT,I,65,91.2
2025-11-11,10:03:59.526123151,T,TGT,I,75,91.21
2025-11-11,10:03:59.526126236,T,TGT,I,56,91.2
2025-11-11,10:03:59.526162292,T,TGT,I,44,91.2
2025-11-11,10:03:59.526165263,T,TGT,I,4,91.2
2025-11-11,10:03:59.526168318,T,TGT,,108,91.2
2025-11-11,10:03:59.526168318,T,TGT,I,27,91.2
2025-11-11,10:04:00.844963236,T,TGT,I,5,91.19
2025-11-11,10:04:13.541767914,T,TGT,I,70,91.18
2025-11-11,10:04:13.541767914,T,TGT,I,75,91.17
2025-11-11,10:04:13.541770236,T,TGT,I,65,91.16
2025-11-11,10:04:13.541821229,T,TGT,I,1,91.16
2025-11-11,10:04:13.542094894,T,TGT,I,34,91.16
2025-11-11,10:04:13.542094894,T,TGT,,100,91.16
2025-11-11,10:04:27.575015016,T,TGT,F,100,91.16
2025-11-11,10:04:27.575030321,T,TGT,I,1,91.16
2025-11-11,10:04:27.575030321,T,TGT,F I,99,91.16
2025-11-11,10:04:27.575033108,T,TGT,F I,40,91.16
2025-11-11,10:04:41.563050327,T,TGT,F,100,91.14
2025-11-11,10:04:41.564111822,T,TGT,F I,11,91.1
2025-11-11,10:04:41.564111822,T,TGT,F I,10,91.1
2025-11-11,10:04:41.575749595,T,TGT,I,1,91.12
2025-11-11,10:04:42.705018002,T,TGT,F I,10,91.14
2025-11-11,10:04:42.890890845,T,TGT,F I,1,91.14
2025-11-11,10:04:42.890893819,T,TGT,F I,99,91.14
2025-11-11,10:04:42.890908825,T,TGT,I,1,91.14
2025-11-11,10:04:44.066015458,T,TGT,F,100,91.14
2025-11-11,10:04:44.066018532,T,TGT,F,500,91.14
2025-11-11,10:05:00.341570625,T,TGT,I,2,91.15
2025-11-11,10:05:01.105588928,T,TGT,F I,10,91.08
2025-11-11,10:05:01.105682129,T,TGT,F,400,91.07
2025-11-11,10:05:01.105925660,T,TGT,I,33,91.08
2025-11-11,10:05:01.106125216,T,TGT,F I,67,91.08
2025-11-11,10:05:01.106125216,T,TGT,F,100,91.08
2025-11-11,10:05:01.106127262,T,TGT,F I,75,91.08
2025-11-11,10:05:01.106130216,T,TGT,F,100,91.08
2025-11-11,10:05:01.106497074,T,TGT,I,75,91.095
2025-11-11,10:05:01.106554220,T,TGT,I,25,91.095
2025-11-11,10:05:01.366355146,T,TGT,F I,27,91.08
2025-11-11,10:05:01.366358163,T,TGT,F I,84,91.08
2025-11-11,10:05:01.366370205,T,TGT,F I,2,91.08
2025-11-11,10:05:01.366376254,T,TGT,F,290,91.08
2025-11-11,10:05:01.366376254,T,TGT,F,100,91.08
2025-11-11,10:05:01.366382172,T,TGT,F,400,91.08
2025-11-11,10:05:01.366382172,T,TGT,F,100,91.08
2025-11-11,10:05:01.366388160,T,TGT,F I,27,91.08
2025-11-11,10:05:01.649119358,T,TGT,I,20,91.06
2025-11-11,10:05:01.649121827,T,TGT,I,27,91.06
2025-11-11,10:05:02.259230284,T,TGT,I,1,91.055
2025-11-11,10:05:02.259230284,T,TGT,I,25,91.055
2025-11-11,10:05:03.690057260,T,TGT,F I,45,91.04
2025-11-11,10:05:03.690060103,T,TGT,F I,19,91.04
2025-11-11,10:05:03.690123294,T,TGT,F I,3,91.03
2025-11-11,10:05:03.690123294,T,TGT,F I,10,91.03
2025-11-11,10:05:03.690126753,T,TGT,F I,10,91.02
2025-11-11,10:05:03.690264619,T,TGT,F I,20,91.01
2025-11-11,10:05:03.690399928,T,TGT,F I,20,91.0
2025-11-11,10:05:03.690399928,T,TGT,F,100,91.0
2025-11-11,10:05:03.690406262,T,TGT,F I,1,91.0
2025-11-11,10:05:03.690406262,T,TGT,F I,20,91.0
2025-11-11,10:05:03.690544211,T,TGT,F I,1,90.99
2025-11-11,10:05:03.703120248,T,TGT,F I,10,90.98
2025-11-11,10:05:03.704172693,T,TGT,,100,91.0
2025-11-11,10:05:03.704230556,T,TGT,F I,11,91.01
2025-11-11,10:05:03.704230556,T,TGT,F I,23,91.01
2025-11-11,10:05:03.704232893,T,TGT,F I,10,91.01
2025-11-11,10:05:03.704302164,T,TGT,F I,23,91.02
2025-11-11,10:05:03.704302164,T,TGT,F I,10,91.02
2025-11-11,10:05:03.728079659,T,TGT,F I,70,91.03
2025-11-11,10:05:09.041245845,T,TGT,F I,18,91.03
2025-11-11,10:05:09.041249687,T,TGT,F I,11,91.03
2025-11-11,10:05:09.041249687,T,TGT,F I,29,91.03
2025-11-11,10:05:09.041252106,T,TGT,F I,1,91.03
2025-11-11,10:05:09.041255690,T,TGT,F I,2,91.03
2025-11-11,10:05:09.041255690,T,TGT,F I,1,91.03
2025-11-11,10:05:09.041257905,T,TGT,F I,1,91.03
2025-11-11,10:05:09.041260905,T,TGT,F I,10,91.02
2025-11-11,10:05:17.898899280,T,TGT,F I,75,91.07
2025-11-11,10:05:17.898953511,T,TGT,F I,34,91.07
2025-11-11,10:05:17.898956501,T,TGT,F I,41,91.07
2025-11-11,10:05:17.899007569,T,TGT,F I,75,91.07
2025-11-11,10:05:21.723264153,T,TGT,F,184,91.07
2025-11-11,10:05:21.723264153,T,TGT,F I,98,91.08
2025-11-11,10:05:21.723269465,T,TGT,F I,2,91.08
2025-11-11,10:05:21.723272475,T,TGT,F,100,91.09
2025-11-11,10:05:21.723272475,T,TGT,F,339,91.09
2025-11-11,10:05:21.723281925,T,TGT,,161,91.09
2025-11-11,10:05:21.723285320,T,TGT,I,4,91.09
2025-11-11,10:05:21.723285320,T,TGT,I,19,91.09
2025-11-11,10:05:21.723290460,T,TGT,,100,91.09
2025-11-11,10:05:21.723290460,T,TGT,I,9,91.09
2025-11-11,10:05:21.770190210,T,TGT,I,33,91.11
2025-11-11,10:05:21.770310525,T,TGT,F I,1,91.1
2025-11-11,10:05:28.135824732,T,TGT,F,100,91.07
2025-11-11,10:05:28.135827750,T,TGT,F I,12,91.07
2025-11-11,10:05:34.386233894,T,TGT,F I,67,91.07
2025-11-11,10:05:34.386233894,T,TGT,F I,1,91.07
2025-11-11,10:05:34.386251902,T,TGT,I,67,91.07
2025-11-11,10:05:34.386254951,T,TGT,I,1,91.07
2025-11-11,10:05:34.386257778,T,TGT,I,2,91.07
2025-11-11,10:05:35.878193168,T,TGT,I,2,91.07
2025-11-11,10:06:08.104177738,T,TGT,I,1,91.08
2025-11-11,10:06:10.353248148,T,TGT,F,100,91.06
2025-11-11,10:06:10.353266117,T,TGT,I,1,91.06
2025-11-11,10:06:10.353582657,T,TGT,I,4,91.06
2025-11-11,10:06:10.353582657,T,TGT,I,1,91.06
2025-11-11,10:06:10.353582657,T,TGT,I,10,91.06
2025-11-11,10:06:10.353584946,T,TGT,I,18,91.06
2025-11-11,10:06:10.353632845,T,TGT,F I,82,91.06
2025-11-11,10:06:10.353714439,T,TGT,F,100,91.05
2025-11-11,10:06:10.354150199,T,TGT,I,10,91.07
2025-11-11,10:06:10.354153060,T,TGT,I,11,91.07
2025-11-11,10:06:10.354153060,T,TGT,F I,5,91.05
2025-11-11,10:06:10.354980028,T,TGT,F I,11,91.04
2025-11-11,10:06:10.355034261,T,TGT,I,23,91.05
2025-11-11,10:06:10.355199663,T,TGT,F I,18,91.04
2025-11-11,10:06:10.355349978,T,TGT,,100,91.06
2025-11-11,10:06:10.355374076,T,TGT,I,1,91.06
2025-11-11,10:06:10.391547173,T,TGT,F I,80,91.05
2025-11-11,10:06:10.391547173,T,TGT,F I,4,91.05
2025-11-11,10:06:10.391550179,T,TGT,F I,16,91.05
2025-11-11,10:06:11.486741372,T,TGT,I,20,91.045
2025-11-11,10:06:16.864615710,T,TGT,I,20,91.04
2025-11-11,10:06:17.003071547,T,TGT,I,20,91.05
2025-11-11,10:06:17.970235692,T,TGT,I,5,91.05
2025-11-11,10:06:17.970235692,T,TGT,I,15,91.05
2025-11-11,10:06:19.022626001,T,TGT,F I,20,91.02
2025-11-11,10:06:19.022628979,T,TGT,F I,80,91.01
2025-11-11,10:06:19.926068379,T,TGT,I,20,91.01
2025-11-11,10:06:23.890870161,T,TGT,F I,1,90.98
2025-11-11,10:06:29.081139481,T,TGT,F I,1,90.96
2025-11-11,10:06:29.081894376,T,TGT,F I,75,90.98
2025-11-11,10:06:29.081897467,T,TGT,F I,11,90.99
2025-11-11,10:06:29.081897467,T,TGT,F I,10,90.99
2025-11-11,10:06:29.081987440,T,TGT,I,70,90.98
2025-11-11,10:06:29.082384412,T,TGT,F I,5,90.98
2025-11-11,10:06:29.082384412,T,TGT,F I,21,90.97
2025-11-11,10:06:29.082387381,T,TGT,F I,10,90.97
2025-11-11,10:06:29.082390452,T,TGT,F I,74,90.97
2025-11-11,10:06:29.082531775,T,TGT,F I,21,90.99
2025-11-11,10:06:29.082865656,T,TGT,I,20,91.0
2025-11-11,10:06:29.082865656,T,TGT,I,10,91.0
2025-11-11,10:06:29.082868532,T,TGT,I,13,91.0
2025-11-11,10:06:29.082979831,T,TGT,F I,50,90.995
2025-11-11,10:06:34.604449401,T,TGT,F I,20,90.98
2025-11-11,10:06:34.604452203,T,TGT,F I,10,90.98
2025-11-11,10:06:34.604455895,T,TGT,F,100,90.98
2025-11-11,10:06:34.604458514,T,TGT,F I,2,90.98
2025-11-11,10:06:34.614442045,T,TGT,F,100,90.95
2025-11-11,10:06:34.614445364,T,TGT,F I,11,90.95
2025-11-11,10:06:34.614445364,T,TGT,F I,1,90.94
2025-11-11,10:06:34.614448281,T,TGT,F I,11,90.94
2025-11-11,10:06:34.614448281,T,TGT,F I,10,90.94
2025-11-11,10:06:34.660878646,T,TGT,I,19,90.95
2025-11-11,10:06:34.721482016,T,TGT,I,75,90.98
2025-11-11,10:06:34.766036216,T,TGT,F I,75,90.95
2025-11-11,10:06:34.766054230,T,TGT,F I,1,90.95
2025-11-11,10:06:35.712547278,T,TGT,F I,4,91.0
2025-11-11,10:06:35.712547278,T,TGT,F I,11,91.0
2025-11-11,10:06:35.712802941,T,TGT,I,17,91.01
2025-11-11,10:06:36.459158087,T,TGT,F I,75,91.05
2025-11-11,10:06:36.459158087,T,TGT,F I,22,91.05
2025-11-11,10:06:36.459566098,T,TGT,F I,42,91.06
2025-11-11,10:06:44.830718034,T,TGT,,100,91.03
2025-11-11,10:06:44.830720620,T,TGT,I,24,91.03
2025-11-11,10:06:44.830720620,T,TGT,I,5,91.03
2025-11-11,10:06:44.831739910,T,TGT,I,1,91.03
2025-11-11,10:06:56.802749910,T,TGT,F I,10,90.98
2025-11-11,10:06:56.802749910,T,TGT,F I,22,90.98
2025-11-11,10:07:03.581686626,T,TGT,F,100,91.04
2025-11-11,10:07:03.581686626,T,TGT,F I,11,91.04
2025-11-11,10:07:03.581691937,T,TGT,F I,64,91.04
2025-11-11,10:07:03.581694920,T,TGT,F I,47,91.05
2025-11-11,10:07:03.581737044,T,TGT,F I,10,91.05
2025-11-11,10:07:03.581740112,T,TGT,F I,1,91.05
2025-11-11,10:07:03.581740112,T,TGT,F I,53,91.05
2025-11-11,10:07:03.581761668,T,TGT,I,10,91.05
2025-11-11,10:07:03.581761668,T,TGT,I,10,91.05
2025-11-11,10:07:03.581770119,T,TGT,I,64,91.05
2025-11-11,10:07:03.581881442,T,TGT,,111,91.05
2025-11-11,10:07:03.581917467,T,TGT,F I,52,91.05
2025-11-11,10:07:03.584491711,T,TGT,F I,52,91.08
2025-11-11,10:07:03.584491711,T,TGT,F I,57,91.08
2025-11-11,10:07:03.584524992,T,TGT,F I,10,91.09
2025-11-11,10:07:03.584524992,T,TGT,F I,11,91.09
2025-11-11,10:07:03.609472165,T,TGT,I,2,91.1
2025-11-11,10:07:10.703514006,T,TGT,I,75,91.13
2025-11-11,10:07:12.681301954,T,TGT,F I,21,91.1
2025-11-11,10:07:12.681301954,T,TGT,F I,10,91.1
2025-11-11,10:07:12.681638663,T,TGT,F I,8,91.1
2025-11-11,10:07:23.600971699,T,TGT,I,1,91.095
2025-11-11,10:07:23.600974124,T,TGT,,115,91.13
2025-11-11,10:07:23.600977122,T,TGT,I,9,91.13
2025-11-11,10:07:23.600986059,T,TGT,I,1,91.13
2025-11-11,10:07:23.601004179,T,TGT,I,60,91.1
2025-11-11,10:07:23.602345452,T,TGT,F I,1,91.1
2025-11-11,10:07:23.602402496,T,TGT,I,10,91.1
2025-11-11,10:07:23.602459595,T,TGT,I,11,91.09
2025-11-11,10:07:23.603193366,T,TGT,F I,18,91.08
2025-11-11,10:07:23.603196362,T,TGT,F I,11,91.08
2025-11-11,10:07:23.651461371,T,TGT,I,58,91.09
2025-11-11,10:07:23.856598906,T,TGT,F,100,91.06
2025-11-11,10:07:23.856598906,T,TGT,F I,11,91.06
2025-11-11,10:07:37.431259689,T,TGT,F I,2,91.07
2025-11-11,10:07:37.431259689,T,TGT,F I,18,91.07
2025-11-11,10:07:37.431262852,T,TGT,F I,18,91.07
2025-11-11,10:07:37.431280746,T,TGT,F,100,91.08
2025-11-11,10:07:37.431283741,T,TGT,F I,50,91.08
2025-11-11,10:07:37.431283741,T,TGT,F I,1,91.08
2025-11-11,10:07:37.431302120,T,TGT,I,1,91.08
2025-11-11,10:07:37.431313697,T,TGT,I,99,91.08
2025-11-11,10:07:37.431407340,T,TGT,F I,19,91.09
2025-11-11,10:07:37.431521747,T,TGT,F I,75,91.09
2025-11-11,10:07:37.529425391,T,TGT,F I,28,91.1
2025-11-11,10:07:41.092614456,T,TGT,F I,75,91.13
2025-11-11,10:07:42.077737427,T,TGT,F I,14,91.13
2025-11-11,10:07:42.674761680,T,TGT,I,10,91.19
2025-11-11,10:07:52.544527532,T,TGT,,127,91.16
2025-11-11,10:08:01.520251325,T,TGT,F I,28,91.13
2025-11-11,10:08:01.520254325,T,TGT,F,100,91.13
2025-11-11,10:08:01.520254325,T,TGT,F I,2,91.13
2025-11-11,10:08:01.520257326,T,TGT,F I,98,91.13
2025-11-11,10:08:23.802665106,T,TGT,F,2732,91.17
2025-11-11,10:08:23.802668043,T,TGT,F I,1,91.17
2025-11-11,10:08:40.593407528,T,TGT,I,31,91.11
2025-11-11,10:08:49.868963757,T,TGT,I,1,91.13
2025-11-11,10:08:49.929287377,T,TGT,I,1,91.13
2025-11-11,10:08:51.066344349,T,TGT,I,1,91.12
2025-11-11,10:08:51.114786746,T,TGT,I,1,91.12
2025-11-11,10:08:51.166332532,T,TGT,I,1,91.12
2025-11-11,10:08:51.294976044,T,TGT,I,1,91.12
2025-11-11,10:08:51.541984459,T,TGT,I,1,91.12
2025-11-11,10:08:51.663876938,T,TGT,I,1,91.12
2025-11-11,10:08:51.751517668,T,TGT,I,1,91.12
2025-11-11,10:08:51.785065592,T,TGT,I,1,91.11
2025-11-11,10:08:51.785850446,T,TGT,F I,61,91.14
2025-11-11,10:08:51.837008393,T,TGT,I,42,91.14
2025-11-11,10:08:52.004272814,T,TGT,F I,11,91.18
2025-11-11,10:08:52.004808097,T,TGT,F I,75,91.19
2025-11-11,10:08:52.011911167,T,TGT,I,6,91.19
