DATE,TIME_M,EX,SYM_ROOT,TR_SCOND,SIZE,PRICE
2025-11-14,9:30:01.082806693,T,TGT,F I,84,90.25
2025-11-14,9:30:01.082824694,T,TGT,Q,84,90.25
2025-11-14,9:30:01.097277188,T,TGT,F I,5,90.1
2025-11-14,9:30:01.144980159,T,TGT,F,100,90.03
2025-11-14,9:30:01.144980159,T,TGT,F I,10,90.01
2025-11-14,9:30:01.144985935,T,TGT,F,300,90.01
2025-11-14,9:30:01.145040016,T,TGT,,100,90.05
2025-11-14,9:30:01.145758634,T,TGT,F I,6,90.13
2025-11-14,9:30:01.145875975,T,TGT,,100,90.14
2025-11-14,9:30:01.147502880,T,TGT,F I,44,90.15
2025-11-14,9:30:01.147508787,T,TGT,,100,90.13
2025-11-14,9:30:01.147511821,T,TGT,,100,90.13
2025-11-14,9:30:01.147527002,T,TGT,,100,90.13
2025-11-14,9:30:01.147527002,T,TGT,,100,90.13
2025-11-14,9:30:01.147529908,T,TGT,F,100,90.16
2025-11-14,9:30:01.147538999,T,TGT,,100,90.13
2025-11-14,9:30:01.147541945,T,TGT,,100,90.13
2025-11-14,9:30:01.147550978,T,TGT,,100,90.13
2025-11-14,9:30:01.147560012,T,TGT,,100,90.13
2025-11-14,9:30:01.147809685,T,TGT,,100,90.16
2025-11-14,9:30:01.150738608,T,TGT,I,6,90.16
2025-11-14,9:30:01.184734491,T,TGT,F,100,90.05
2025-11-14,9:30:01.184737546,T,TGT,F I,6,90.04
2025-11-14,9:30:01.185489373,T,TGT,,100,90.04
2025-11-14,9:30:01.267915656,T,TGT,F I,35,90.03
2025-11-14,9:30:01.367356683,T,TGT,F,100,90.01
2025-11-14,9:30:01.367440865,T,TGT,F I,15,90.0
2025-11-14,9:30:01.367440865,T,TGT,F I,7,90.0
2025-11-14,9:30:01.367443795,T,TGT,F I,40,90.0
2025-11-14,9:30:01.367443795,T,TGT,F I,10,90.0
2025-11-14,9:30:01.367504122,T,TGT,F I,90,90.09
2025-11-14,9:30:01.367717546,T,TGT,F,100,90.01
2025-11-14,9:30:01.367717546,T,TGT,F I,72,90.0
2025-11-14,9:30:01.367864868,T,TGT,F I,28,90.01
2025-11-14,9:30:01.367870800,T,TGT,I,72,90.01
2025-11-14,9:30:01.368102368,T,TGT,F,100,90.01
2025-11-14,9:30:01.368133234,T,TGT,,100,90.01
2025-11-14,9:30:01.368135492,T,TGT,I,6,90.01
2025-11-14,9:30:01.442325181,T,TGT,F,100,90.11
2025-11-14,9:30:01.442328414,T,TGT,F I,6,90.13
2025-11-14,9:30:01.442328414,T,TGT,F,100,90.13
2025-11-14,9:30:01.798869734,T,TGT,F,100,90.18
2025-11-14,9:30:01.852619793,T,TGT,F,100,90.19
2025-11-14,9:30:01.852622745,T,TGT,F,294,90.19
2025-11-14,9:30:02.189277715,T,TGT,F I,5,89.99
2025-11-14,9:30:02.189280728,T,TGT,F I,1,89.99
2025-11-14,9:30:02.189677756,T,TGT,I,50,90.01
2025-11-14,9:30:02.285546033,T,TGT,F,100,89.93
2025-11-14,9:30:02.285546033,T,TGT,F I,12,89.92
2025-11-14,9:30:02.285594212,T,TGT,I,24,89.97
2025-11-14,9:30:02.285624268,T,TGT,F I,50,89.92
2025-11-14,9:30:02.312613581,T,TGT,F I,6,89.92
2025-11-14,9:30:02.312616844,T,TGT,F I,24,89.92
2025-11-14,9:30:02.312619618,T,TGT,F,100,89.92
2025-11-14,9:30:02.314237441,T,TGT,F I,50,89.955
2025-11-14,9:30:02.314294615,T,TGT,F I,50,89.97
2025-11-14,9:30:02.915486696,T,TGT,I,1,90.12
2025-11-14,9:30:02.937721687,T,TGT,F I,23,90.0
2025-11-14,9:30:02.937745788,T,TGT,I,23,90.0
2025-11-14,9:30:02.937760792,T,TGT,F I,23,90.0
2025-11-14,9:30:02.937775864,T,TGT,,354,90.0
2025-11-14,9:30:14.873745674,T,TGT,I,1,90.12
2025-11-14,9:30:14.876972400,T,TGT,I,33,90.15
2025-11-14,9:30:14.877339248,T,TGT,I,33,90.16
2025-11-14,9:30:14.879736503,T,TGT,I,75,90.11
2025-11-14,9:30:14.879736503,T,TGT,I,1,90.12
2025-11-14,9:30:14.879739012,T,TGT,I,75,90.12
2025-11-14,9:30:14.880902781,T,TGT,F,100,90.0
2025-11-14,9:30:14.880905753,T,TGT,F,100,89.99
2025-11-14,9:30:14.880905753,T,TGT,F,100,89.97
2025-11-14,9:30:14.884529574,T,TGT,I,27,90.06
2025-11-14,9:30:14.884571483,T,TGT,F I,27,90.06
2025-11-14,9:30:14.884827126,T,TGT,F I,27,90.06
2025-11-14,9:30:14.885398477,T,TGT,I,19,90.12
2025-11-14,9:30:14.885402086,T,TGT,I,81,90.13
2025-11-14,9:30:14.885422452,T,TGT,I,1,90.13
2025-11-14,9:30:14.885428782,T,TGT,I,1,90.13
2025-11-14,9:30:14.885458592,T,TGT,I,17,90.13
2025-11-14,9:30:14.904689427,T,TGT,,218,89.97
2025-11-14,9:30:14.904776670,T,TGT,I,1,89.94
2025-11-14,9:30:14.948479790,T,TGT,F I,1,89.97
2025-11-14,9:30:21.471939199,T,TGT,I,80,89.9
2025-11-14,9:30:21.471939199,T,TGT,I,1,89.9
2025-11-14,9:30:21.471942259,T,TGT,I,3,89.9
2025-11-14,9:30:21.471960304,T,TGT,I,1,89.9
2025-11-14,9:30:21.471969218,T,TGT,F I,9,89.9
2025-11-14,9:30:21.471969218,T,TGT,F I,3,89.9
2025-11-14,9:30:21.472363248,T,TGT,F,100,89.88
2025-11-14,9:30:21.473196188,T,TGT,I,1,89.88
2025-11-14,9:30:21.473199261,T,TGT,I,30,89.9
2025-11-14,9:30:21.497479029,T,TGT,I,1,89.85
2025-11-14,9:30:21.698652384,T,TGT,F I,3,89.83
2025-11-14,9:30:21.730567413,T,TGT,F I,1,89.8
2025-11-14,9:30:24.257758299,T,TGT,F I,1,89.77
2025-11-14,9:30:24.257926693,T,TGT,I,1,89.76
2025-11-14,9:30:24.257941680,T,TGT,I,1,89.76
2025-11-14,9:30:24.257980736,T,TGT,F I,1,89.76
2025-11-14,9:30:24.258068524,T,TGT,F I,1,89.76
2025-11-14,9:30:24.258116317,T,TGT,F I,75,89.76
2025-11-14,9:30:24.258278440,T,TGT,I,1,89.75
2025-11-14,9:30:26.369716758,T,TGT,F I,75,89.72
2025-11-14,9:30:26.369764824,T,TGT,F I,75,89.72
2025-11-14,9:30:27.953563095,T,TGT,I,17,89.75
2025-11-14,9:30:27.953563095,T,TGT,I,5,89.74
2025-11-14,9:30:29.560982586,T,TGT,F I,75,89.75
2025-11-14,9:30:29.561027989,T,TGT,F I,75,89.75
2025-11-14,9:30:42.354599159,T,TGT,I,2,89.87
2025-11-14,9:30:45.861193312,T,TGT,F I,49,89.89
2025-11-14,9:30:45.861199415,T,TGT,F I,26,89.89
2025-11-14,9:30:45.861199415,T,TGT,F I,75,89.89
2025-11-14,9:30:45.861220537,T,TGT,F I,75,89.89
2025-11-14,9:30:45.861223921,T,TGT,F I,75,89.89
2025-11-14,9:30:45.861226602,T,TGT,F,284,89.89
2025-11-14,9:30:45.861229577,T,TGT,F I,75,89.89
2025-11-14,9:30:45.861232350,T,TGT,F I,75,89.89
2025-11-14,9:30:45.861238363,T,TGT,F I,42,89.89
2025-11-14,9:30:45.861367647,T,TGT,,100,89.93
2025-11-14,9:30:45.861463972,T,TGT,F I,33,89.94
2025-11-14,9:30:45.861887891,T,TGT,F I,6,89.96
2025-11-14,9:30:45.861918055,T,TGT,F I,9,89.97
2025-11-14,9:30:45.861918055,T,TGT,F I,6,89.97
2025-11-14,9:30:45.861960101,T,TGT,F I,6,89.96
2025-11-14,9:30:45.861984226,T,TGT,I,27,89.93
2025-11-14,9:30:45.862086448,T,TGT,F I,6,89.96
2025-11-14,9:30:45.862131474,T,TGT,F I,6,89.96
2025-11-14,9:30:45.862140508,T,TGT,I,7,89.92
2025-11-14,9:30:45.862203701,T,TGT,F I,6,89.96
2025-11-14,9:30:45.862234513,T,TGT,F I,3,89.96
2025-11-14,9:30:45.862261631,T,TGT,I,3,89.96
2025-11-14,9:30:45.862263834,T,TGT,,100,89.96
2025-11-14,9:30:45.862266882,T,TGT,,152,89.96
2025-11-14,9:30:45.862378377,T,TGT,F I,1,89.96
2025-11-14,9:30:45.862378377,T,TGT,F I,6,89.96
2025-11-14,9:30:45.862402197,T,TGT,I,1,89.96
2025-11-14,9:30:45.862516430,T,TGT,I,74,89.96
2025-11-14,9:30:45.862531466,T,TGT,F I,1,89.96
2025-11-14,9:30:45.862543485,T,TGT,F I,6,89.96
2025-11-14,9:30:45.862570615,T,TGT,F I,95,89.96
2025-11-14,9:30:45.862838222,T,TGT,F I,6,89.96
2025-11-14,9:30:45.864038075,T,TGT,F,100,89.975
2025-11-14,9:30:45.864038075,T,TGT,F,100,89.98
2025-11-14,9:30:45.864041331,T,TGT,F,592,89.99
2025-11-14,9:30:45.864041331,T,TGT,F,150,89.99
2025-11-14,9:30:45.864059127,T,TGT,I,50,89.99
2025-11-14,9:30:45.864086139,T,TGT,F I,75,90.01
2025-11-14,9:30:48.107042673,T,TGT,I,25,89.98
2025-11-14,9:30:48.107042673,T,TGT,I,13,89.98
2025-11-14,9:31:02.581955534,T,TGT,I,1,89.85
2025-11-14,9:31:05.570069429,T,TGT,F I,3,89.86
2025-11-14,9:31:05.836786765,T,TGT,I,70,89.88
2025-11-14,9:31:05.836849994,T,TGT,F I,3,89.9
2025-11-14,9:31:07.587774816,T,TGT,I,1,89.84
2025-11-14,9:31:07.587774816,T,TGT,I,3,89.84
2025-11-14,9:31:07.587777392,T,TGT,I,50,89.84
2025-11-14,9:31:11.454671935,T,TGT,I,10,89.78
2025-11-14,9:31:11.454671935,T,TGT,I,10,89.78
2025-11-14,9:31:11.454674759,T,TGT,I,30,89.73
2025-11-14,9:31:12.262790234,T,TGT,F I,10,89.76
2025-11-14,9:31:24.960441797,T,TGT,F I,2,89.7
2025-11-14,9:31:24.960507979,T,TGT,I,10,89.7
2025-11-14,9:31:24.960507979,T,TGT,I,9,89.7
2025-11-14,9:31:24.961651195,T,TGT,F I,1,89.7
2025-11-14,9:31:24.961656725,T,TGT,F,100,89.65
2025-11-14,9:31:24.961656725,T,TGT,F I,1,89.64
2025-11-14,9:31:24.961663335,T,TGT,F I,6,89.64
2025-11-14,9:31:24.961663335,T,TGT,F,148,89.64
2025-11-14,9:31:24.961665612,T,TGT,F I,51,89.64
2025-11-14,9:31:24.961680755,T,TGT,F I,1,89.64
2025-11-14,9:31:30.064339178,T,TGT,F I,1,89.61
2025-11-14,9:31:30.064366263,T,TGT,F I,97,89.58
2025-11-14,9:31:30.065903184,T,TGT,I,1,89.5
2025-11-14,9:31:30.065906146,T,TGT,I,1,89.5
2025-11-14,9:31:30.065909058,T,TGT,I,1,89.5
2025-11-14,9:31:30.065912257,T,TGT,I,10,89.5
2025-11-14,9:31:30.065912257,T,TGT,I,50,89.5
2025-11-14,9:31:30.065912257,T,TGT,I,2,89.5
2025-11-14,9:31:30.065922056,T,TGT,I,3,89.5
2025-11-14,9:31:30.065922056,T,TGT,I,2,89.5
2025-11-14,9:31:30.065927945,T,TGT,,150,89.5
2025-11-14,9:31:30.065927945,T,TGT,I,50,89.5
2025-11-14,9:31:30.065933193,T,TGT,I,5,89.5
2025-11-14,9:31:30.065933193,T,TGT,,100,89.5
2025-11-14,9:31:30.065933193,T,TGT,I,5,89.5
2025-11-14,9:31:30.067947945,T,TGT,,100,89.5
2025-11-14,9:31:31.559786984,T,TGT,F I,75,89.46
2025-11-14,9:31:31.559835164,T,TGT,F I,25,89.46
2025-11-14,9:31:31.560502726,T,TGT,I,70,89.5
2025-11-14,9:31:40.032947450,T,TGT,F I,1,89.47
2025-11-14,9:31:41.096440031,T,TGT,I,40,89.48
2025-11-14,9:31:44.944789326,T,TGT,F I,40,89.5
2025-11-14,9:31:44.944789326,T,TGT,F I,92,89.51
2025-11-14,9:31:44.944795408,T,TGT,I,1,89.51
2025-11-14,9:31:44.944882502,T,TGT,F I,1,89.52
2025-11-14,9:31:44.944900591,T,TGT,F I,91,89.52
2025-11-14,9:31:44.944924621,T,TGT,F I,1,89.53
2025-11-14,9:31:44.945568158,T,TGT,I,25,89.51
2025-11-14,9:31:44.945568158,T,TGT,I,27,89.5
2025-11-14,9:31:47.805594899,T,TGT,F I,51,89.63
2025-11-14,9:31:53.564383498,T,TGT,F I,40,89.67
2025-11-14,9:31:56.812226247,T,TGT,I,25,89.68
2025-11-14,9:31:56.820002676,T,TGT,F I,39,89.69
2025-11-14,9:32:04.154512299,T,TGT,I,6,89.63
2025-11-14,9:32:08.187360104,T,TGT,F I,75,89.63
2025-11-14,9:32:08.187405175,T,TGT,F I,21,89.63
2025-11-14,9:32:13.531689378,T,TGT,F I,60,89.72
2025-11-14,9:32:13.531689378,T,TGT,F I,60,89.72
2025-11-14,9:32:13.531695641,T,TGT,F I,30,89.72
2025-11-14,9:32:13.531695641,T,TGT,F I,2,89.75
2025-11-14,9:32:13.531695641,T,TGT,F I,3,89.75
2025-11-14,9:32:13.531699118,T,TGT,F I,25,89.75
2025-11-14,9:32:13.531737560,T,TGT,F I,30,89.75
2025-11-14,9:32:13.532155388,T,TGT,F I,1,89.81
2025-11-14,9:32:13.532206525,T,TGT,F I,4,89.81
2025-11-14,9:32:13.532209541,T,TGT,F I,6,89.81
2025-11-14,9:32:13.532218545,T,TGT,F I,6,89.81
2025-11-14,9:32:13.532329908,T,TGT,I,6,89.81
2025-11-14,9:32:13.533072947,T,TGT,I,12,89.77
2025-11-14,9:32:13.533075664,T,TGT,I,34,89.77
2025-11-14,9:32:13.533114665,T,TGT,F I,75,89.77
2025-11-14,9:32:13.533123692,T,TGT,I,25,89.77
2025-11-14,9:32:13.533126738,T,TGT,I,12,89.77
2025-11-14,9:32:13.533129870,T,TGT,I,34,89.77
2025-11-14,9:32:13.533325189,T,TGT,F I,12,89.77
2025-11-14,9:32:13.533325189,T,TGT,F I,16,89.77
2025-11-14,9:32:13.538362599,T,TGT,I,25,89.77
2025-11-14,9:32:13.538362599,T,TGT,I,3,89.77
2025-11-14,9:32:13.538365226,T,TGT,I,70,89.77
2025-11-14,9:32:13.538386233,T,TGT,F I,97,89.75
2025-11-14,9:32:13.541601281,T,TGT,I,70,89.79
2025-11-14,9:32:13.541601281,T,TGT,I,61,89.74
2025-11-14,9:32:25.403173763,T,TGT,F,200,89.74
2025-11-14,9:32:25.403177440,T,TGT,F,100,89.74
2025-11-14,9:32:25.403177440,T,TGT,F,181,89.75
2025-11-14,9:32:25.403179833,T,TGT,F I,4,89.75
2025-11-14,9:32:25.403182759,T,TGT,F I,2,89.75
2025-11-14,9:32:25.403192146,T,TGT,I,94,89.75
2025-11-14,9:32:25.403195232,T,TGT,,200,89.75
2025-11-14,9:32:25.404151131,T,TGT,F I,10,89.815
2025-11-14,9:32:25.404154098,T,TGT,F I,10,89.815
2025-11-14,9:32:25.404286500,T,TGT,F I,4,89.85
2025-11-14,9:32:26.144271382,T,TGT,I,6,89.86
2025-11-14,9:32:26.451062353,T,TGT,F I,4,89.86
2025-11-14,9:32:28.509499308,T,TGT,I,1,89.84
2025-11-14,9:32:31.747000284,T,TGT,I,4,89.815
2025-11-14,9:32:44.381585848,T,TGT,F I,6,89.815
2025-11-14,9:32:46.958915730,T,TGT,I,11,89.72
2025-11-14,9:32:46.959014355,T,TGT,F I,9,89.72
2025-11-14,9:32:46.959474684,T,TGT,F I,40,89.77
2025-11-14,9:32:46.959480406,T,TGT,F I,25,89.77
2025-11-14,9:32:46.959702878,T,TGT,F I,34,89.8
2025-11-14,9:32:46.959751723,T,TGT,I,13,89.76
2025-11-14,9:32:46.959769055,T,TGT,F I,2,89.8
2025-11-14,9:32:46.959796097,T,TGT,,100,89.77
2025-11-14,9:32:46.959868311,T,TGT,I,87,89.76
2025-11-14,9:32:46.959875114,T,TGT,F I,2,89.79
2025-11-14,9:32:46.959952503,T,TGT,,100,89.78
2025-11-14,9:32:46.964631604,T,TGT,F I,12,89.78
2025-11-14,9:32:46.964631604,T,TGT,F I,24,89.78
2025-11-14,9:32:46.964634693,T,TGT,F I,2,89.78
2025-11-14,9:32:47.152014188,T,TGT,F,137,89.78
2025-11-14,9:32:47.152014188,T,TGT,F,100,89.78
2025-11-14,9:32:47.152017057,T,TGT,F I,2,89.78
2025-11-14,9:32:47.152074260,T,TGT,F I,2,89.81
2025-11-14,9:32:50.318861746,T,TGT,I,6,89.845
2025-11-14,9:32:51.306868534,T,TGT,F I,4,89.85
2025-11-14,9:32:52.327211439,T,TGT,I,6,89.83
2025-11-14,9:32:58.248050134,T,TGT,F I,61,89.81
2025-11-14,9:32:58.301057509,T,TGT,I,2,89.7
2025-11-14,9:32:58.311116487,T,TGT,F I,25,89.69
2025-11-14,9:33:03.395951909,T,TGT,F I,1,89.76
2025-11-14,9:33:03.395951909,T,TGT,F I,3,89.76
2025-11-14,9:33:17.306669278,T,TGT,F I,4,89.87
2025-11-14,9:33:17.306693284,T,TGT,F I,75,89.87
2025-11-14,9:33:17.306726451,T,TGT,F I,4,89.9
2025-11-14,9:33:17.307138370,T,TGT,F I,75,89.87
2025-11-14,9:33:17.307144312,T,TGT,F I,4,89.87
2025-11-14,9:33:17.307153766,T,TGT,F I,3,89.91
2025-11-14,9:33:17.307180473,T,TGT,F I,6,89.91
2025-11-14,9:33:17.307312771,T,TGT,F I,10,89.91
2025-11-14,9:33:17.308148707,T,TGT,,100,89.91
2025-11-14,9:33:17.543020365,T,TGT,F,100,89.91
2025-11-14,9:33:19.589934430,T,TGT,F I,4,89.94
2025-11-14,9:33:19.589936866,T,TGT,F,100,89.94
2025-11-14,9:33:19.590484125,T,TGT,F I,1,89.98
2025-11-14,9:33:19.590487174,T,TGT,F I,3,89.98
2025-11-14,9:33:19.590986257,T,TGT,I,24,89.96
2025-11-14,9:33:19.590995362,T,TGT,F I,1,89.98
2025-11-14,9:33:19.591049485,T,TGT,,400,89.98
2025-11-14,9:33:19.591070473,T,TGT,F,714,89.98
2025-11-14,9:33:19.592141040,T,TGT,I,10,89.99
2025-11-14,9:33:19.593367997,T,TGT,I,5,89.98
2025-11-14,9:33:20.590495582,T,TGT,F I,36,90.0
2025-11-14,9:33:21.598539265,T,TGT,F I,10,89.93
2025-11-14,9:33:22.964134530,T,TGT,F I,46,89.99
2025-11-14,9:33:25.838911234,T,TGT,I,5,89.935
2025-11-14,9:33:28.114258057,T,TGT,F I,46,89.96
2025-11-14,9:33:45.081231954,T,TGT,I,10,89.94
2025-11-14,9:33:45.248821243,T,TGT,F,100,89.98
2025-11-14,9:33:45.248824225,T,TGT,F I,1,89.98
2025-11-14,9:33:45.348656046,T,TGT,I,31,89.95
2025-11-14,9:33:45.415153535,T,TGT,F I,1,89.98
2025-11-14,9:33:45.415183570,T,TGT,F,100,90.0
2025-11-14,9:33:45.415219750,T,TGT,F I,1,90.0
2025-11-14,9:33:45.415259198,T,TGT,F I,1,90.01
2025-11-14,9:33:45.415261709,T,TGT,F I,99,90.02
2025-11-14,9:33:45.415297883,T,TGT,F I,1,90.02
2025-11-14,9:33:45.516377612,T,TGT,I,6,89.98
2025-11-14,9:33:50.468139731,T,TGT,I,5,90.0
2025-11-14,9:33:50.468720107,T,TGT,F I,3,90.03
2025-11-14,9:33:51.434795699,T,TGT,F I,1,90.1
2025-11-14,9:33:51.434798847,T,TGT,F I,4,90.1
2025-11-14,9:33:51.486762473,T,TGT,F I,4,90.1
2025-11-14,9:33:54.014488478,T,TGT,F I,40,90.09
2025-11-14,9:33:54.014488478,T,TGT,F I,23,90.07
2025-11-14,9:34:00.581789232,T,TGT,I,12,90.12
2025-11-14,9:34:00.581801820,T,TGT,I,3,90.11
2025-11-14,9:34:00.581804319,T,TGT,I,12,90.11
2025-11-14,9:34:00.581810324,T,TGT,F I,3,90.11
2025-11-14,9:34:00.581846418,T,TGT,F I,12,90.11
2025-11-14,9:34:00.581891526,T,TGT,F I,75,90.11
2025-11-14,9:34:00.581972714,T,TGT,F I,17,90.11
2025-11-14,9:34:00.582135074,T,TGT,F I,10,90.09
2025-11-14,9:34:00.582138070,T,TGT,F I,10,90.09
2025-11-14,9:34:00.582877881,T,TGT,F I,6,90.06
2025-11-14,9:34:00.582931974,T,TGT,I,16,90.1
2025-11-14,9:34:00.583125052,T,TGT,F,100,90.07
2025-11-14,9:34:00.583362049,T,TGT,F I,6,90.06
2025-11-14,9:34:00.682532293,T,TGT,I,2,90.1
2025-11-14,9:34:00.970726895,T,TGT,I,76,90.05
2025-11-14,9:34:01.828884575,T,TGT,F I,6,90.04
2025-11-14,9:34:03.727051605,T,TGT,F I,75,90.01
2025-11-14,9:34:07.597789100,T,TGT,I,1,89.99
2025-11-14,9:34:13.633612629,T,TGT,I,1,89.97
2025-11-14,9:34:13.671355601,T,TGT,I,2,89.92
2025-11-14,9:34:18.007097062,T,TGT,F I,1,89.91
2025-11-14,9:34:20.436696833,T,TGT,I,32,89.91
2025-11-14,9:34:20.436714220,T,TGT,F I,67,89.91
2025-11-14,9:34:25.212827894,T,TGT,F,100,89.86
2025-11-14,9:34:25.212849402,T,TGT,I,1,89.86
2025-11-14,9:34:25.213931500,T,TGT,I,18,89.85
2025-11-14,9:34:25.233144289,T,TGT,I,30,89.86
2025-11-14,9:34:28.006134556,T,TGT,F,100,89.88
2025-11-14,9:34:34.133950478,T,TGT,F I,1,90.0
2025-11-14,9:34:36.752507986,T,TGT,F I,1,90.0
2025-11-14,9:34:36.752507986,T,TGT,F I,1,90.0
2025-11-14,9:34:36.752516957,T,TGT,F I,75,90.0
2025-11-14,9:34:36.752543962,T,TGT,F I,1,90.0
2025-11-14,9:34:36.752562069,T,TGT,F I,1,90.0
2025-11-14,9:34:36.752565034,T,TGT,F I,1,90.0
2025-11-14,9:34:36.752589731,T,TGT,F I,1,90.0
2025-11-14,9:34:36.752592576,T,TGT,F I,1,90.0
2025-11-14,9:34:36.752628498,T,TGT,F I,1,90.0
2025-11-14,9:34:36.752631239,T,TGT,F I,1,90.0
2025-11-14,9:34:36.752634272,T,TGT,F I,1,90.0
2025-11-14,9:34:36.752671101,T,TGT,F I,1,90.0
2025-11-14,9:34:36.752673374,T,TGT,F I,1,90.0
2025-11-14,9:34:36.752721422,T,TGT,F I,1,90.0
2025-11-14,9:34:36.752802635,T,TGT,F I,1,90.0
2025-11-14,9:34:36.752805598,T,TGT,F I,1,90.0
2025-11-14,9:34:36.752844743,T,TGT,F I,1,90.0
2025-11-14,9:34:36.755376710,T,TGT,F I,1,90.0
2025-11-14,9:34:36.757890710,T,TGT,F I,1,90.0
2025-11-14,9:34:36.759725170,T,TGT,F I,1,90.0
2025-11-14,9:34:36.759770269,T,TGT,F I,1,90.0
2025-11-14,9:34:36.762133895,T,TGT,F I,1,90.0
2025-11-14,9:34:36.762178926,T,TGT,F I,1,90.0
2025-11-14,9:34:36.762723276,T,TGT,F I,1,90.01
2025-11-14,9:34:54.022640280,T,TGT,I,75,90.005
2025-11-14,9:34:58.469851222,T,TGT,F I,5,89.99
2025-11-14,9:34:58.470615084,T,TGT,I,1,89.92
2025-11-14,9:34:58.470615084,T,TGT,I,6,89.92
2025-11-14,9:34:58.470639024,T,TGT,,100,89.92
2025-11-14,9:35:07.375763589,T,TGT,I,50,89.87
2025-11-14,9:35:07.437208844,T,TGT,I,26,89.85
2025-11-14,9:35:10.235760129,T,TGT,F,300,89.91
2025-11-14,9:35:10.239816768,T,TGT,F I,50,89.94
2025-11-14,9:35:10.239816768,T,TGT,F I,75,89.95
2025-11-14,9:35:10.239822834,T,TGT,F,127,89.96
2025-11-14,9:35:10.239822834,T,TGT,F I,48,89.96
2025-11-14,9:35:11.082427109,T,TGT,I,5,89.91
2025-11-14,9:35:14.941334638,T,TGT,F I,9,89.85
2025-11-14,9:35:21.208246768,T,TGT,I,50,89.85
2025-11-14,9:35:21.233825719,T,TGT,I,32,89.82
2025-11-14,9:35:21.301643249,T,TGT,I,9,89.79
2025-11-14,9:35:21.301865851,T,TGT,F I,27,89.84
2025-11-14,9:35:21.301874813,T,TGT,F I,3,89.84
2025-11-14,9:35:21.301890499,T,TGT,F I,27,89.84
2025-11-14,9:35:21.302055234,T,TGT,F I,19,89.83
2025-11-14,9:35:21.302082465,T,TGT,F I,27,89.83
2025-11-14,9:35:21.302082465,T,TGT,F I,12,89.83
2025-11-14,9:35:21.302310857,T,TGT,F I,18,89.83
2025-11-14,9:35:21.391755951,T,TGT,I,38,89.81
2025-11-14,9:35:21.391755951,T,TGT,I,12,89.81
2025-11-14,9:35:21.391758965,T,TGT,I,24,89.81
2025-11-14,9:35:21.391758965,T,TGT,I,3,89.81
2025-11-14,9:35:21.391761957,T,TGT,I,12,89.81
2025-11-14,9:35:25.848866496,T,TGT,F I,6,89.88
2025-11-14,9:35:25.848869503,T,TGT,F I,2,89.88
2025-11-14,9:35:45.644144372,T,TGT,F I,2,89.905
2025-11-14,9:35:54.363077288,T,TGT,I,2,89.96
2025-11-14,9:35:54.465886134,T,TGT,I,5,89.925
2025-11-14,9:35:55.396206507,T,TGT,F I,5,89.925
2025-11-14,9:36:00.209726254,T,TGT,F,100,89.86
2025-11-14,9:36:00.209729322,T,TGT,F I,2,89.85
2025-11-14,9:36:00.209732256,T,TGT,F I,4,89.85
2025-11-14,9:36:00.209732256,T,TGT,F,100,89.85
2025-11-14,9:36:00.209744346,T,TGT,I,1,89.85
2025-11-14,9:36:00.209777377,T,TGT,F I,99,89.85
2025-11-14,9:36:00.211927512,T,TGT,,100,89.85
2025-11-14,9:36:00.214224978,T,TGT,I,1,89.85
2025-11-14,9:36:00.217003575,T,TGT,F I,11,89.86
2025-11-14,9:36:00.236956102,T,TGT,F I,11,89.85
2025-11-14,9:36:00.244765781,T,TGT,I,5,89.88
2025-11-14,9:36:05.358135587,T,TGT,F I,34,89.81
2025-11-14,9:36:05.363196701,T,TGT,F I,26,89.84
2025-11-14,9:36:11.730719963,T,TGT,F,127,89.89
2025-11-14,9:36:11.730719963,T,TGT,F I,75,89.89
2025-11-14,9:36:11.730723096,T,TGT,F,100,89.89
2025-11-14,9:36:11.730725829,T,TGT,F,100,89.89
2025-11-14,9:36:11.730725829,T,TGT,F I,70,89.89
2025-11-14,9:36:11.730728589,T,TGT,F,127,89.895
2025-11-14,9:36:12.795309977,T,TGT,F I,2,89.89
2025-11-14,9:36:12.795333869,T,TGT,F I,2,89.89
2025-11-14,9:36:24.173153616,T,TGT,F I,66,89.81
2025-11-14,9:36:24.173153616,T,TGT,F I,2,89.8
2025-11-14,9:36:24.173156965,T,TGT,F,200,89.8
2025-11-14,9:36:24.173156965,T,TGT,F I,3,89.8
2025-11-14,9:36:24.173159084,T,TGT,F I,54,89.8
2025-11-14,9:36:24.173171605,T,TGT,F I,3,89.8
2025-11-14,9:36:24.173186171,T,TGT,F I,3,89.8
2025-11-14,9:36:24.173258330,T,TGT,F I,4,89.78
2025-11-14,9:36:24.173285465,T,TGT,F I,8,89.78
2025-11-14,9:36:24.173285465,T,TGT,F I,12,89.78
2025-11-14,9:36:24.173291809,T,TGT,F I,20,89.78
2025-11-14,9:36:24.173291809,T,TGT,F I,80,89.78
2025-11-14,9:36:24.173291809,T,TGT,F I,20,89.78
2025-11-14,9:36:24.173294541,T,TGT,F I,31,89.78
2025-11-14,9:36:24.173336570,T,TGT,F I,49,89.78
2025-11-14,9:36:24.173430346,T,TGT,I,13,89.76
2025-11-14,9:36:24.173430346,T,TGT,I,1,89.76
2025-11-14,9:36:24.173432754,T,TGT,I,13,89.76
2025-11-14,9:36:24.173435830,T,TGT,I,12,89.76
2025-11-14,9:36:24.173435830,T,TGT,I,8,89.76
2025-11-14,9:36:24.173453809,T,TGT,I,66,89.76
2025-11-14,9:36:24.174338471,T,TGT,I,5,89.73
2025-11-14,9:36:24.174338471,T,TGT,I,5,89.73
2025-11-14,9:36:24.174341270,T,TGT,I,4,89.73
2025-11-14,9:36:24.174341270,T,TGT,I,3,89.73
2025-11-14,9:36:24.174389144,T,TGT,F,183,89.73
2025-11-14,9:36:24.174389144,T,TGT,F I,1,89.73
2025-11-14,9:36:24.174392108,T,TGT,F I,41,89.73
2025-11-14,9:36:24.174398115,T,TGT,F I,59,89.73
2025-11-14,9:36:24.174740885,T,TGT,F,100,89.74
2025-11-14,9:36:24.174761902,T,TGT,I,1,89.74
2025-11-14,9:36:26.176519835,T,TGT,F I,2,89.79
2025-11-14,9:36:27.968326647,T,TGT,I,1,89.78
2025-11-14,9:36:27.968636456,T,TGT,I,1,89.76
2025-11-14,9:36:27.970744445,T,TGT,F I,75,89.76
2025-11-14,9:36:27.970753436,T,TGT,I,25,89.76
2025-11-14,9:36:31.136774316,T,TGT,I,6,89.78
2025-11-14,9:36:32.482155454,T,TGT,I,10,89.7
2025-11-14,9:36:32.482155454,T,TGT,I,1,89.7
2025-11-14,9:36:32.690064575,T,TGT,F I,94,89.67
2025-11-14,9:36:32.690088666,T,TGT,I,1,89.67
2025-11-14,9:36:32.690425518,T,TGT,I,5,89.67
2025-11-14,9:36:32.690533748,T,TGT,F I,10,89.69
2025-11-14,9:36:33.470171630,T,TGT,I,10,89.67
2025-11-14,9:36:33.470171630,T,TGT,I,10,89.67
2025-11-14,9:36:33.470174036,T,TGT,I,9,89.67
2025-11-14,9:36:33.674670214,T,TGT,I,1,89.67
2025-11-14,9:36:33.674790522,T,TGT,F I,50,89.71
2025-11-14,9:36:33.674790522,T,TGT,F I,6,89.71
2025-11-14,9:36:36.095853021,T,TGT,F I,50,89.76
2025-11-14,9:36:36.095879454,T,TGT,F I,50,89.76
2025-11-14,9:36:36.095882814,T,TGT,F I,6,89.79
2025-11-14,9:36:36.095885474,T,TGT,F,100,89.79
2025-11-14,9:36:36.095888553,T,TGT,F I,55,89.79
2025-11-14,9:36:36.095901120,T,TGT,I,1,89.79
2025-11-14,9:36:40.812745973,T,TGT,I,1,89.71
2025-11-14,9:36:40.989128172,T,TGT,I,1,89.69
2025-11-14,9:36:41.090487690,T,TGT,I,1,89.7
2025-11-14,9:36:41.129890478,T,TGT,I,1,89.7
2025-11-14,9:36:41.362338313,T,TGT,I,1,89.69
2025-11-14,9:36:41.543002678,T,TGT,I,1,89.69
2025-11-14,9:36:41.712321046,T,TGT,I,1,89.69
2025-11-14,9:36:42.079760409,T,TGT,I,1,89.68
2025-11-14,9:36:44.589843371,T,TGT,F I,50,89.73
2025-11-14,9:36:44.589846410,T,TGT,F I,2,89.73
2025-11-14,9:36:44.589846410,T,TGT,F I,6,89.73
2025-11-14,9:37:00.650960004,T,TGT,I,1,89.725
2025-11-14,9:37:01.089332385,T,TGT,I,6,89.725
2025-11-14,9:37:02.477688981,T,TGT,I,1,89.71
2025-11-14,9:37:02.579358209,T,TGT,I,1,89.71
2025-11-14,9:37:02.579953639,T,TGT,F I,50,89.74
2025-11-14,9:37:02.584025360,T,TGT,I,30,89.73
2025-11-14,9:37:02.629598871,T,TGT,F,100,89.76
2025-11-14,9:37:02.629598871,T,TGT,F I,60,89.77
2025-11-14,9:37:02.629616897,T,TGT,F,100,89.77
2025-11-14,9:37:02.629779269,T,TGT,I,5,89.74
2025-11-14,9:37:02.629785270,T,TGT,,100,89.74
2025-11-14,9:37:02.632645090,T,TGT,I,11,89.75
2025-11-14,9:37:03.141959763,T,TGT,F,100,89.75
2025-11-14,9:37:03.141962473,T,TGT,F I,1,89.76
2025-11-14,9:37:03.141965512,T,TGT,F I,88,89.76
2025-11-14,9:37:03.141977518,T,TGT,I,1,89.76
2025-11-14,9:37:03.141983494,T,TGT,F,1047,89.715
2025-11-14,9:37:03.142175989,T,TGT,F I,4,89.73
2025-11-14,9:37:03.142645132,T,TGT,F I,6,89.72
2025-11-14,9:37:03.142666127,T,TGT,I,4,89.72
2025-11-14,9:37:03.143396834,T,TGT,F I,1,89.7
2025-11-14,9:37:03.160760243,T,TGT,I,9,89.67
2025-11-14,9:37:03.190807901,T,TGT,F I,40,89.68
2025-11-14,9:37:03.190810845,T,TGT,F,1023,89.68
2025-11-14,9:37:03.190825836,T,TGT,F I,4,89.68
2025-11-14,9:37:03.190828878,T,TGT,F,100,89.68
2025-11-14,9:37:03.190831933,T,TGT,F I,50,89.68
2025-11-14,9:37:06.006436695,T,TGT,I,2,89.67
2025-11-14,9:37:06.006458242,T,TGT,F I,89,89.67
2025-11-14,9:37:06.006493911,T,TGT,I,42,89.66
2025-11-14,9:37:08.662027426,T,TGT,F I,50,89.66
2025-11-14,9:37:08.662027426,T,TGT,F I,2,89.66
2025-11-14,9:37:08.662030311,T,TGT,F I,2,89.66
2025-11-14,9:37:08.662358136,T,TGT,F I,60,89.67
2025-11-14,9:37:09.619412214,T,TGT,F I,52,89.66
2025-11-14,9:37:10.846578787,T,TGT,I,6,89.68
2025-11-14,9:37:10.846626966,T,TGT,F I,4,89.68
2025-11-14,9:37:11.392418187,T,TGT,I,6,89.68
2025-11-14,9:37:19.018655683,T,TGT,I,11,89.63
2025-11-14,9:37:19.018658711,T,TGT,I,17,89.63
2025-11-14,9:37:19.018658711,T,TGT,I,19,89.63
2025-11-14,9:37:19.142334384,T,TGT,F I,15,89.65
2025-11-14,9:37:19.142352434,T,TGT,I,18,89.65
2025-11-14,9:37:19.390410367,T,TGT,,100,89.66
2025-11-14,9:37:19.390428429,T,TGT,I,1,89.66
2025-11-14,9:37:19.390434383,T,TGT,F I,99,89.66
2025-11-14,9:37:19.395985690,T,TGT,I,15,89.66
2025-11-14,9:37:21.480025564,T,TGT,F I,85,89.66
2025-11-14,9:37:27.792761028,T,TGT,F I,10,89.63
2025-11-14,9:37:27.792761028,T,TGT,F I,42,89.62
2025-11-14,9:37:27.792764047,T,TGT,F I,48,89.62
2025-11-14,9:37:27.792782058,T,TGT,F,584,89.62
2025-11-14,9:37:27.793037690,T,TGT,F I,12,89.61
2025-11-14,9:37:27.793338374,T,TGT,F I,8,89.62
2025-11-14,9:37:27.793804473,T,TGT,F I,12,89.6
2025-11-14,9:37:27.797612164,T,TGT,F I,3,89.6
2025-11-14,9:37:27.797612164,T,TGT,F I,50,89.6
2025-11-14,9:37:27.798167979,T,TGT,F,100,89.61
2025-11-14,9:37:27.798195488,T,TGT,F I,8,89.62
2025-11-14,9:37:27.798197991,T,TGT,F I,6,89.62
2025-11-14,9:37:27.798435522,T,TGT,F I,1,89.63
2025-11-14,9:37:27.798435522,T,TGT,F I,5,89.63
2025-11-14,9:37:27.798754618,T,TGT,F,100,89.64
2025-11-14,9:37:27.798757318,T,TGT,F,100,89.64
2025-11-14,9:37:27.844565448,T,TGT,F I,1,89.66
2025-11-14,9:37:27.885577149,T,TGT,I,15,89.655
2025-11-14,9:37:28.864712893,T,TGT,,100,89.64
2025-11-14,9:37:28.864712893,T,TGT,I,10,89.64
2025-11-14,9:37:28.864992432,T,TGT,F I,50,89.65
2025-11-14,9:37:28.865563880,T,TGT,I,60,89.66
2025-11-14,9:37:38.298195762,T,TGT,F I,50,89.64
2025-11-14,9:37:38.298379282,T,TGT,F I,2,89.65
2025-11-14,9:37:38.298379282,T,TGT,F I,5,89.65
2025-11-14,9:37:46.176472741,T,TGT,I,50,89.71
2025-11-14,9:37:46.176475725,T,TGT,I,10,89.71
2025-11-14,9:37:46.213316529,T,TGT,I,2,89.73
2025-11-14,9:37:46.213346599,T,TGT,F I,48,89.73
2025-11-14,9:37:53.532516670,T,TGT,F,100,89.74
2025-11-14,9:37:53.532519714,T,TGT,F I,24,89.74
2025-11-14,9:37:53.532519714,T,TGT,F I,1,89.74
2025-11-14,9:37:54.777960809,T,TGT,F I,16,89.74
2025-11-14,9:38:04.036631496,T,TGT,I,1,89.705
2025-11-14,9:38:07.369591958,T,TGT,I,50,89.73
2025-11-14,9:38:07.369595050,T,TGT,I,1,89.73
2025-11-14,9:38:07.369595050,T,TGT,I,2,89.73
2025-11-14,9:38:07.376312978,T,TGT,F I,3,89.74
2025-11-14,9:38:07.376324997,T,TGT,I,3,89.74
2025-11-14,9:38:08.183339547,T,TGT,I,11,89.76
2025-11-14,9:38:08.183360620,T,TGT,F I,39,89.76
2025-11-14,9:38:08.183369621,T,TGT,I,39,89.76
2025-11-14,9:38:08.183372683,T,TGT,I,1,89.76
2025-11-14,9:38:08.897547108,T,TGT,I,3,89.77
2025-11-14,9:38:15.779911429,T,TGT,I,6,89.81
2025-11-14,9:38:15.779929461,T,TGT,I,5,89.81
2025-11-14,9:38:15.779947496,T,TGT,I,1,89.81
2025-11-14,9:38:16.756918006,T,TGT,F I,25,89.81
2025-11-14,9:38:21.658216878,T,TGT,I,20,89.78
2025-11-14,9:38:21.658240951,T,TGT,F,480,89.78
2025-11-14,9:38:21.658243982,T,TGT,F I,1,89.78
2025-11-14,9:38:21.658243982,T,TGT,F I,20,89.78
2025-11-14,9:38:21.658246766,T,TGT,F I,8,89.78
2025-11-14,9:38:24.336514444,T,TGT,F I,3,89.76
2025-11-14,9:38:26.286485989,T,TGT,I,6,89.74
2025-11-14,9:38:26.289706633,T,TGT,I,1,89.74
2025-11-14,9:38:29.485282715,T,TGT,,100,89.77
2025-11-14,9:38:29.485282715,T,TGT,I,23,89.77
2025-11-14,9:38:29.485287754,T,TGT,I,10,89.77
2025-11-14,9:38:29.485287754,T,TGT,I,89,89.77
2025-11-14,9:38:29.485287754,T,TGT,I,1,89.77
2025-11-14,9:38:30.287278271,T,TGT,F I,2,89.79
2025-11-14,9:38:30.287280439,T,TGT,F I,10,89.79
2025-11-14,9:38:45.450737748,T,TGT,I,3,89.84
2025-11-14,9:38:45.451952423,T,TGT,I,10,89.84
2025-11-14,9:38:59.059529888,T,TGT,I,1,89.84
2025-11-14,9:39:00.407256900,T,TGT,F I,1,89.805
2025-11-14,9:39:00.407256900,T,TGT,F I,6,89.805
2025-11-14,9:39:11.554841361,T,TGT,I,6,89.8
2025-11-14,9:39:11.554877410,T,TGT,I,1,89.8
2025-11-14,9:39:11.554886362,T,TGT,I,3,89.8
2025-11-14,9:39:11.575022393,T,TGT,I,19,89.82
2025-11-14,9:39:11.628342349,T,TGT,F I,19,89.82
2025-11-14,9:39:11.628940869,T,TGT,I,28,89.83
2025-11-14,9:39:17.007554658,T,TGT,I,18,89.8
2025-11-14,9:39:23.092088311,T,TGT,I,88,89.84
2025-11-14,9:39:29.604249671,T,TGT,I,40,89.8
2025-11-14,9:39:29.604288741,T,TGT,I,16,89.8
2025-11-14,9:39:30.442677215,T,TGT,,100,89.81
2025-11-14,9:39:31.094428904,T,TGT,F I,40,89.77
2025-11-14,9:39:31.094477613,T,TGT,F I,5,89.75
2025-11-14,9:39:31.094480046,T,TGT,F I,71,89.75
2025-11-14,9:39:31.094489252,T,TGT,F I,5,89.75
2025-11-14,9:39:31.094489252,T,TGT,F I,3,89.75
2025-11-14,9:39:31.094510311,T,TGT,F I,11,89.74
2025-11-14,9:39:31.094531450,T,TGT,F I,12,89.74
2025-11-14,9:39:31.094534364,T,TGT,F I,33,89.74
2025-11-14,9:39:31.094534364,T,TGT,F I,15,89.74
2025-11-14,9:39:31.095472437,T,TGT,F I,6,89.72
2025-11-14,9:39:31.095472437,T,TGT,F I,44,89.72
2025-11-14,9:39:31.095475414,T,TGT,F I,56,89.72
2025-11-14,9:39:31.095506500,T,TGT,I,13,89.72
2025-11-14,9:39:31.095508920,T,TGT,I,12,89.72
2025-11-14,9:39:31.095508920,T,TGT,I,11,89.72
2025-11-14,9:39:31.095511501,T,TGT,I,7,89.72
2025-11-14,9:39:31.095523486,T,TGT,F I,57,89.72
2025-11-14,9:39:31.095557534,T,TGT,F I,1,89.71
2025-11-14,9:39:31.102945171,T,TGT,I,14,89.75
2025-11-14,9:39:31.102963232,T,TGT,F I,36,89.75
2025-11-14,9:39:31.103423385,T,TGT,I,60,89.75
2025-11-14,9:39:31.103453354,T,TGT,I,4,89.75
2025-11-14,9:39:31.104686393,T,TGT,F I,36,89.75
2025-11-14,9:39:31.104692374,T,TGT,F,100,89.75
2025-11-14,9:39:31.104692374,T,TGT,F,100,89.75
2025-11-14,9:39:31.104692374,T,TGT,F I,50,89.75
2025-11-14,9:39:32.165580887,T,TGT,I,1,89.75
2025-11-14,9:39:32.165580887,T,TGT,I,24,89.75
2025-11-14,9:39:32.294149155,T,TGT,F I,29,89.75
2025-11-14,9:39:32.294278445,T,TGT,F,100,89.77
2025-11-14,9:39:32.294371577,T,TGT,F,100,89.78
2025-11-14,9:39:37.519496688,T,TGT,F I,75,89.82
2025-11-14,9:39:37.519723322,T,TGT,F,100,89.84
2025-11-14,9:39:37.519723322,T,TGT,F I,53,89.84
2025-11-14,9:39:37.519725266,T,TGT,F I,5,89.84
2025-11-14,9:39:37.568543504,T,TGT,I,10,89.84
2025-11-14,9:39:41.133266123,T,TGT,I,6,89.825
2025-11-14,9:39:41.250527494,T,TGT,I,63,89.87
2025-11-14,9:39:53.172222401,T,TGT,I,37,89.77
2025-11-14,9:39:53.172240446,T,TGT,I,13,89.77
2025-11-14,9:39:59.705277580,T,TGT,I,1,89.75
2025-11-14,9:39:59.705289579,T,TGT,I,15,89.75
2025-11-14,9:39:59.705292553,T,TGT,I,3,89.75
2025-11-14,9:39:59.706387219,T,TGT,F I,11,89.75
2025-11-14,9:40:01.136931780,T,TGT,I,2,89.77
2025-11-14,9:40:01.296885482,T,TGT,I,20,89.76
2025-11-14,9:40:02.057430486,T,TGT,F I,40,89.72
2025-11-14,9:40:02.057433540,T,TGT,F,100,89.71
2025-11-14,9:40:02.057436407,T,TGT,F,125,89.71
2025-11-14,9:40:02.057439486,T,TGT,F,162,89.71
2025-11-14,9:40:02.057451543,T,TGT,I,1,89.71
2025-11-14,9:40:02.057463504,T,TGT,I,14,89.71
2025-11-14,9:40:02.057469540,T,TGT,I,7,89.74
2025-11-14,9:40:02.057478544,T,TGT,I,23,89.71
2025-11-14,9:40:02.057481535,T,TGT,I,40,89.71
2025-11-14,9:40:02.057598890,T,TGT,,100,89.74
2025-11-14,9:40:02.057601791,T,TGT,I,6,89.74
2025-11-14,9:40:07.128197698,T,TGT,F I,75,89.7
2025-11-14,9:40:07.137604153,T,TGT,F I,16,89.68
2025-11-14,9:40:09.994915376,T,TGT,I,10,89.65
2025-11-14,9:40:11.138275292,T,TGT,I,6,89.65
2025-11-14,9:40:14.560623601,T,TGT,I,1,89.61
2025-11-14,9:40:14.560623601,T,TGT,I,25,89.61
2025-11-14,9:40:14.560638688,T,TGT,F I,75,89.61
2025-11-14,9:40:16.500858042,T,TGT,F I,50,89.59
2025-11-14,9:40:16.500903665,T,TGT,I,3,89.58
2025-11-14,9:40:16.500906158,T,TGT,I,5,89.58
2025-11-14,9:40:16.500978699,T,TGT,F I,3,89.59
2025-11-14,9:40:16.500981691,T,TGT,F I,3,89.6
2025-11-14,9:40:16.500981691,T,TGT,F I,3,89.6
2025-11-14,9:40:16.523769581,T,TGT,I,2,89.6
2025-11-14,9:40:16.523772694,T,TGT,I,1,89.6
2025-11-14,9:40:16.523772694,T,TGT,I,5,89.6
2025-11-14,9:40:16.536709428,T,TGT,I,12,89.59
2025-11-14,9:40:17.408029201,T,TGT,F,100,89.62
2025-11-14,9:40:17.408056201,T,TGT,F I,5,89.63
2025-11-14,9:40:17.408059300,T,TGT,F I,5,89.63
2025-11-14,9:40:20.927148008,T,TGT,F I,90,89.6
2025-11-14,9:40:20.927172071,T,TGT,F I,60,89.6
2025-11-14,9:40:21.138900498,T,TGT,I,6,89.615
2025-11-14,9:40:21.348797562,T,TGT,I,1,89.57
2025-11-14,9:40:24.945293801,T,TGT,I,1,89.62
2025-11-14,9:40:24.945296700,T,TGT,I,3,89.62
2025-11-14,9:40:26.923908526,T,TGT,F I,25,89.61
2025-11-14,9:40:29.012877538,T,TGT,F I,50,89.65
2025-11-14,9:40:29.012880310,T,TGT,F I,50,89.65
2025-11-14,9:40:29.012884022,T,TGT,F I,10,89.65
2025-11-14,9:40:29.012884022,T,TGT,F I,96,89.65
2025-11-14,9:40:29.012889228,T,TGT,F,200,89.65
2025-11-14,9:40:29.012889228,T,TGT,F I,1,89.65
2025-11-14,9:40:29.012889228,T,TGT,F I,4,89.65
2025-11-14,9:40:29.014266528,T,TGT,I,11,89.66
2025-11-14,9:40:29.171553429,T,TGT,F I,2,89.66
2025-11-14,9:40:29.171556376,T,TGT,F I,15,89.66
2025-11-14,9:40:29.171556376,T,TGT,F I,10,89.66
2025-11-14,9:40:32.577046425,T,TGT,I,6,89.605
2025-11-14,9:40:32.904631841,T,TGT,I,75,89.605
2025-11-14,9:40:32.904680065,T,TGT,I,25,89.605
2025-11-14,9:40:34.343223098,T,TGT,I,3,89.64
2025-11-14,9:40:34.343247187,T,TGT,F I,47,89.64
2025-11-14,9:40:34.345096600,T,TGT,I,1,89.65
2025-11-14,9:40:34.347412052,T,TGT,I,9,89.65
2025-11-14,9:40:39.739053009,T,TGT,I,10,89.66
2025-11-14,9:40:47.304578849,T,TGT,,100,89.65
2025-11-14,9:40:50.936923628,T,TGT,I,10,89.69
2025-11-14,9:40:50.936923628,T,TGT,I,2,89.69
2025-11-14,9:40:50.936926443,T,TGT,I,4,89.69
2025-11-14,9:40:50.938126289,T,TGT,I,17,89.69
2025-11-14,9:40:54.126679631,T,TGT,F,100,89.7
2025-11-14,9:40:54.126679631,T,TGT,F I,1,89.7
2025-11-14,9:40:56.498312705,T,TGT,I,8,89.72
2025-11-14,9:40:56.498333849,T,TGT,F I,18,89.72
2025-11-14,9:40:56.498333849,T,TGT,F I,48,89.72
2025-11-14,9:41:01.152525174,T,TGT,I,1,89.73
2025-11-14,9:41:01.152528108,T,TGT,I,1,89.73
2025-11-14,9:41:01.152528108,T,TGT,I,4,89.73
2025-11-14,9:41:01.152560897,T,TGT,I,1,89.73
2025-11-14,9:41:01.152576233,T,TGT,I,5,89.71
2025-11-14,9:41:01.152600100,T,TGT,I,42,89.72
2025-11-14,9:41:01.152945844,T,TGT,I,58,89.72
2025-11-14,9:41:01.152948865,T,TGT,I,5,89.72
2025-11-14,9:41:07.015536067,T,TGT,F I,52,89.74
2025-11-14,9:41:07.015538680,T,TGT,F I,13,89.74
2025-11-14,9:41:07.015541755,T,TGT,F I,3,89.74
2025-11-14,9:41:07.271394236,T,TGT,F I,5,89.72
2025-11-14,9:41:07.271397768,T,TGT,F I,50,89.72
2025-11-14,9:41:07.271400238,T,TGT,F,100,89.72
2025-11-14,9:41:07.271403340,T,TGT,F I,20,89.71
2025-11-14,9:41:07.271460429,T,TGT,F I,10,89.71
2025-11-14,9:41:07.271634901,T,TGT,I,7,89.71
2025-11-14,9:41:07.271637836,T,TGT,I,3,89.71
2025-11-14,9:41:07.756603247,T,TGT,F I,5,89.72
2025-11-14,9:41:07.756603247,T,TGT,F I,5,89.72
2025-11-14,9:41:07.756606371,T,TGT,F I,38,89.72
2025-11-14,9:41:07.756606371,T,TGT,F I,48,89.72
2025-11-14,9:41:07.756648336,T,TGT,F I,33,89.72
2025-11-14,9:41:07.946406410,T,TGT,I,5,89.72
2025-11-14,9:41:07.946409516,T,TGT,I,33,89.72
2025-11-14,9:41:07.946409516,T,TGT,I,5,89.72
2025-11-14,9:41:07.950183370,T,TGT,,100,89.71
2025-11-14,9:41:07.991646168,T,TGT,,100,89.71
2025-11-14,9:41:08.091435942,T,TGT,,100,89.71
2025-11-14,9:41:08.096695444,T,TGT,I,10,89.69
2025-11-14,9:41:08.262266878,T,TGT,,100,89.695
2025-11-14,9:41:16.771314597,T,TGT,F I,2,89.67
2025-11-14,9:41:16.771741566,T,TGT,,100,89.68
2025-11-14,9:41:16.848105589,T,TGT,I,17,89.68
2025-11-14,9:41:17.695446246,T,TGT,,100,89.68
2025-11-14,9:41:18.596152092,T,TGT,F I,5,89.69
2025-11-14,9:41:18.596221251,T,TGT,I,5,89.69
2025-11-14,9:41:20.632350972,T,TGT,I,7,89.68
2025-11-14,9:41:23.632156633,T,TGT,F I,1,89.71
2025-11-14,9:41:23.635509701,T,TGT,I,6,89.74
2025-11-14,9:41:23.646524853,T,TGT,I,13,89.735
2025-11-14,9:41:23.646828585,T,TGT,,100,89.735
2025-11-14,9:41:23.648638919,T,TGT,,100,89.735
2025-11-14,9:41:25.049658722,T,TGT,I,3,89.71
2025-11-14,9:41:25.049697783,T,TGT,F I,3,89.71
2025-11-14,9:41:25.558792563,T,TGT,F I,40,89.72
2025-11-14,9:41:25.559974490,T,TGT,I,2,89.72
2025-11-14,9:41:25.908402500,T,TGT,F I,60,89.71
2025-11-14,9:41:25.908411568,T,TGT,F I,75,89.71
2025-11-14,9:41:25.908426706,T,TGT,I,60,89.71
2025-11-14,9:41:25.908447877,T,TGT,F,140,89.71
2025-11-14,9:41:25.908447877,T,TGT,F I,25,89.71
2025-11-14,9:41:26.216011343,T,TGT,I,5,89.71
2025-11-14,9:41:26.240255734,T,TGT,I,3,89.69
2025-11-14,9:41:26.240258667,T,TGT,I,3,89.69
2025-11-14,9:41:26.240261313,T,TGT,I,3,89.69
2025-11-14,9:41:26.240261313,T,TGT,I,3,89.69
2025-11-14,9:41:30.523223761,T,TGT,I,40,89.71
2025-11-14,9:41:30.523226743,T,TGT,I,2,89.71
2025-11-14,9:41:30.523229796,T,TGT,,100,89.72
2025-11-14,9:41:30.611228437,T,TGT,I,12,89.72
2025-11-14,9:41:31.156965669,T,TGT,I,5,89.72
2025-11-14,9:41:33.057547454,T,TGT,I,1,89.66
2025-11-14,9:41:33.814105653,T,TGT,I,10,89.65
2025-11-14,9:41:33.814105653,T,TGT,,200,89.65
2025-11-14,9:41:33.814107853,T,TGT,I,2,89.65
2025-11-14,9:41:34.199133130,T,TGT,I,50,89.65
2025-11-14,9:41:36.554732042,T,TGT,I,50,89.68
2025-11-14,9:41:39.343510049,T,TGT,F I,60,89.7
2025-11-14,9:41:42.552626435,T,TGT,F I,40,89.72
2025-11-14,9:41:42.552635510,T,TGT,F,100,89.72
2025-11-14,9:41:42.552740790,T,TGT,F,100,89.73
2025-11-14,9:41:42.552740790,T,TGT,F I,69,89.73
2025-11-14,9:41:42.552743699,T,TGT,F I,1,89.73
2025-11-14,9:41:42.552743699,T,TGT,F I,2,89.73
2025-11-14,9:41:42.555654724,T,TGT,I,6,89.77
2025-11-14,9:41:42.654012976,T,TGT,,100,89.77
2025-11-14,9:41:46.011896804,T,TGT,F I,17,89.77
2025-11-14,9:41:47.656863998,T,TGT,I,2,89.79
2025-11-14,9:41:47.656866678,T,TGT,I,8,89.79
2025-11-14,9:41:47.656869658,T,TGT,I,1,89.79
2025-11-14,9:41:51.160709100,T,TGT,I,6,89.78
2025-11-14,9:41:56.996556582,T,TGT,F,2700,89.78
2025-11-14,9:41:56.996556582,T,TGT,F,300,89.78
2025-11-14,9:41:56.996560457,T,TGT,F I,70,89.79
2025-11-14,9:41:56.996560457,T,TGT,F,100,89.8
2025-11-14,9:41:56.996565259,T,TGT,F,100,89.8
2025-11-14,9:41:56.996565259,T,TGT,F I,10,89.81
2025-11-14,9:41:56.996565259,T,TGT,F I,75,89.81
2025-11-14,9:41:56.996569027,T,TGT,F,127,89.81
2025-11-14,9:41:56.996571390,T,TGT,F I,6,89.82
2025-11-14,9:41:56.996571390,T,TGT,F I,10,89.82
2025-11-14,9:41:56.996577426,T,TGT,F,127,89.82
2025-11-14,9:41:56.996577426,T,TGT,F,127,89.83
2025-11-14,9:41:56.996580373,T,TGT,F I,50,89.83
2025-11-14,9:41:56.996580373,T,TGT,F I,6,89.84
2025-11-14,9:41:56.996583981,T,TGT,F I,55,89.84
2025-11-14,9:41:56.996583981,T,TGT,F,100,89.84
2025-11-14,9:41:56.996589375,T,TGT,F I,1,89.84
2025-11-14,9:41:56.996608294,T,TGT,I,70,89.82
2025-11-14,9:41:56.996643788,T,TGT,F I,30,89.82
2025-11-14,9:41:56.996775744,T,TGT,I,10,89.8
2025-11-14,9:41:56.996784900,T,TGT,I,10,89.8
2025-11-14,9:41:56.996950181,T,TGT,F I,1,89.82
2025-11-14,9:41:56.996965217,T,TGT,F I,1,89.82
2025-11-14,9:41:56.996971902,T,TGT,F I,1,89.82
2025-11-14,9:41:56.996974272,T,TGT,I,16,89.79
2025-11-14,9:41:56.997816275,T,TGT,I,10,89.78
2025-11-14,9:41:56.998068907,T,TGT,F I,6,89.82
2025-11-14,9:41:56.998072036,T,TGT,F I,15,89.82
2025-11-14,9:41:56.998075377,T,TGT,F I,85,89.82
2025-11-14,9:41:56.998080924,T,TGT,F,100,89.82
2025-11-14,9:41:56.998080924,T,TGT,F I,62,89.82
2025-11-14,9:41:56.998083979,T,TGT,F,100,89.82
2025-11-14,9:41:56.998083979,T,TGT,F I,15,89.82
2025-11-14,9:41:56.998237235,T,TGT,I,6,89.84
2025-11-14,9:41:56.998243254,T,TGT,I,63,89.84
2025-11-14,9:41:56.998243254,T,TGT,,100,89.84
2025-11-14,9:41:56.998243254,T,TGT,I,15,89.84
2025-11-14,9:41:56.998501853,T,TGT,F I,12,89.86
2025-11-14,9:41:56.998504893,T,TGT,F I,6,89.86
2025-11-14,9:41:56.998619214,T,TGT,I,54,89.85
2025-11-14,9:41:56.998713253,T,TGT,I,19,89.84
2025-11-14,9:41:56.998713253,T,TGT,I,15,89.84
2025-11-14,9:41:56.998718427,T,TGT,I,5,89.84
2025-11-14,9:41:56.998718427,T,TGT,I,15,89.84
2025-11-14,9:41:56.998758085,T,TGT,I,21,89.835
2025-11-14,9:41:56.998761180,T,TGT,I,6,89.83
2025-11-14,9:41:56.998766707,T,TGT,I,12,89.83
2025-11-14,9:41:56.998766707,T,TGT,I,35,89.83
2025-11-14,9:41:56.998766707,T,TGT,F I,84,89.84
2025-11-14,9:41:56.998769484,T,TGT,I,16,89.84
2025-11-14,9:41:56.998799663,T,TGT,F,100,89.84
2025-11-14,9:41:56.998805675,T,TGT,I,15,89.83
2025-11-14,9:41:57.001076276,T,TGT,I,12,89.84
2025-11-14,9:41:57.001076276,T,TGT,I,14,89.84
2025-11-14,9:41:57.001076276,T,TGT,I,74,89.84
2025-11-14,9:41:57.001097121,T,TGT,F I,1,89.84
2025-11-14,9:41:57.001097121,T,TGT,F I,1,89.84
2025-11-14,9:41:57.002119468,T,TGT,I,70,89.85
2025-11-14,9:41:57.002119468,T,TGT,I,30,89.84
2025-11-14,9:41:57.002146597,T,TGT,I,1,89.84
2025-11-14,9:41:57.002149559,T,TGT,I,69,89.84
2025-11-14,9:41:57.002744953,T,TGT,I,6,89.835
2025-11-14,9:41:57.005728170,T,TGT,F,100,89.85
2025-11-14,9:41:57.005728170,T,TGT,F I,6,89.86
2025-11-14,9:41:57.005731121,T,TGT,F I,12,89.86
2025-11-14,9:41:57.005734414,T,TGT,F I,6,89.86
2025-11-14,9:41:57.005734414,T,TGT,F I,3,89.86
2025-11-14,9:41:57.005737381,T,TGT,F I,15,89.86
2025-11-14,9:41:57.005740098,T,TGT,F I,12,89.87
2025-11-14,9:41:57.005740098,T,TGT,F I,6,89.87
2025-11-14,9:41:57.005743474,T,TGT,F I,6,89.87
2025-11-14,9:41:57.009330673,T,TGT,I,70,89.86
2025-11-14,9:41:57.009330673,T,TGT,I,30,89.85
2025-11-14,9:41:57.021942809,T,TGT,F,200,89.88
2025-11-14,9:41:57.021942809,T,TGT,F I,75,89.88
2025-11-14,9:41:57.021948934,T,TGT,F I,50,89.88
2025-11-14,9:41:57.021948934,T,TGT,F I,15,89.88
2025-11-14,9:41:57.021948934,T,TGT,I,75,89.865
2025-11-14,9:41:57.021951763,T,TGT,I,25,89.86
2025-11-14,9:41:57.021966753,T,TGT,F I,60,89.88
2025-11-14,9:41:57.021973332,T,TGT,F I,25,89.88
2025-11-14,9:41:57.021973332,T,TGT,F,100,89.88
2025-11-14,9:41:57.021973332,T,TGT,F I,75,89.88
2025-11-14,9:41:57.021979716,T,TGT,F I,2,89.88
2025-11-14,9:41:57.021979716,T,TGT,F I,8,89.88
2025-11-14,9:41:57.021979716,T,TGT,F I,60,89.88
2025-11-14,9:41:57.022577299,T,TGT,I,75,89.885
2025-11-14,9:41:57.022577299,T,TGT,I,51,89.87
2025-11-14,9:41:57.022598721,T,TGT,F I,7,89.87
2025-11-14,9:41:57.022598721,T,TGT,F I,42,89.87
2025-11-14,9:41:57.022602483,T,TGT,F I,12,89.87
2025-11-14,9:41:57.022602483,T,TGT,F I,14,89.87
2025-11-14,9:41:57.022604422,T,TGT,F I,7,89.87
2025-11-14,9:41:57.022622318,T,TGT,I,1,89.88
2025-11-14,9:41:57.022628420,T,TGT,I,51,89.88
2025-11-14,9:41:57.022637451,T,TGT,I,7,89.88
2025-11-14,9:41:57.024303344,T,TGT,F I,23,89.9
2025-11-14,9:41:57.024306347,T,TGT,F I,42,89.9
2025-11-14,9:41:57.026977064,T,TGT,F I,40,89.89
2025-11-14,9:41:57.026979692,T,TGT,F I,11,89.88
2025-11-14,9:41:57.026982797,T,TGT,F I,43,89.88
2025-11-14,9:41:57.027009857,T,TGT,I,23,89.88
2025-11-14,9:41:57.027009857,T,TGT,I,6,89.88
2025-11-14,9:41:57.027012768,T,TGT,I,11,89.88
2025-11-14,9:41:57.137790700,T,TGT,I,12,89.92
2025-11-14,9:41:57.137793709,T,TGT,I,10,89.92
2025-11-14,9:41:58.002260645,T,TGT,I,68,89.96
2025-11-14,9:41:58.002263193,T,TGT,,200,89.96
2025-11-14,9:41:58.002266282,T,TGT,I,10,89.96
2025-11-14,9:41:58.002278287,T,TGT,I,1,89.96
2025-11-14,9:41:58.002284742,T,TGT,F I,99,89.96
2025-11-14,9:41:58.002287297,T,TGT,F,111,89.96
2025-11-14,9:41:58.002311381,T,TGT,I,74,89.93
2025-11-14,9:41:58.003956312,T,TGT,F I,75,89.96
2025-11-14,9:41:58.004004408,T,TGT,F I,75,89.96
2025-11-14,9:41:58.004037485,T,TGT,F I,75,89.96
2025-11-14,9:41:58.004088589,T,TGT,F I,75,89.96
2025-11-14,9:41:58.191272566,T,TGT,I,80,89.94
2025-11-14,9:41:58.191293571,T,TGT,F I,22,89.94
2025-11-14,9:41:58.191302544,T,TGT,I,52,89.94
2025-11-14,9:42:01.199862038,T,TGT,F,100,89.97
2025-11-14,9:42:01.199865076,T,TGT,F I,1,89.97
2025-11-14,9:42:01.199868124,T,TGT,F,100,89.97
2025-11-14,9:42:01.200397336,T,TGT,,100,90.0
2025-11-14,9:42:01.200397336,T,TGT,,100,90.0
2025-11-14,9:42:01.200406916,T,TGT,,100,90.0
2025-11-14,9:42:01.200409387,T,TGT,,100,90.0
2025-11-14,9:42:01.200415371,T,TGT,I,73,90.0
2025-11-14,9:42:01.200445396,T,TGT,F,100,90.0
2025-11-14,9:42:01.200448490,T,TGT,F,100,90.0
2025-11-14,9:42:01.200457531,T,TGT,,100,90.0
2025-11-14,9:42:01.200464105,T,TGT,I,12,89.99
2025-11-14,9:42:01.200466558,T,TGT,,100,90.0
2025-11-14,9:42:01.200508623,T,TGT,,100,90.0
2025-11-14,9:42:01.200568758,T,TGT,,100,90.0
2025-11-14,9:42:01.200607791,T,TGT,,100,90.0
2025-11-14,9:42:01.200610874,T,TGT,,2092,90.0
2025-11-14,9:42:01.200613861,T,TGT,,1935,90.0
2025-11-14,9:42:01.200743538,T,TGT,F I,10,89.995
2025-11-14,9:42:01.200746319,T,TGT,F,100,89.99
2025-11-14,9:42:01.200749183,T,TGT,F I,2,89.99
2025-11-14,9:42:01.200762042,T,TGT,F I,10,89.99
2025-11-14,9:42:01.200762042,T,TGT,F I,2,89.99
2025-11-14,9:42:01.200762042,T,TGT,F I,1,89.99
2025-11-14,9:42:01.200764461,T,TGT,I,1,89.99
2025-11-14,9:42:01.200776642,T,TGT,I,96,89.99
2025-11-14,9:42:01.200779212,T,TGT,,100,89.99
2025-11-14,9:42:01.200825012,T,TGT,I,2,90.0
2025-11-14,9:42:01.200827388,T,TGT,I,10,90.0
2025-11-14,9:42:01.200869418,T,TGT,I,12,90.0
2025-11-14,9:42:01.201203213,T,TGT,F I,55,90.0
2025-11-14,9:42:01.201227282,T,TGT,F I,45,90.0
2025-11-14,9:42:01.201227282,T,TGT,F I,30,90.0
2025-11-14,9:42:01.201831742,T,TGT,I,70,90.0
2025-11-14,9:42:01.202358992,T,TGT,F I,10,89.99
2025-11-14,9:42:01.202358992,T,TGT,F I,1,89.99
2025-11-14,9:42:01.202361182,T,TGT,F I,11,89.99
2025-11-14,9:42:01.202364149,T,TGT,F I,50,89.99
2025-11-14,9:42:01.202364149,T,TGT,F I,50,89.99
2025-11-14,9:42:01.202367038,T,TGT,F I,6,89.98
2025-11-14,9:42:01.202367038,T,TGT,F I,12,89.98
2025-11-14,9:42:01.202409490,T,TGT,I,25,89.995
2025-11-14,9:42:01.202409490,T,TGT,I,75,90.0
2025-11-14,9:42:01.202433166,T,TGT,F I,5,89.98
2025-11-14,9:42:01.202463303,T,TGT,I,25,90.0
2025-11-14,9:42:01.202463303,T,TGT,I,7,90.0
2025-11-14,9:42:01.202466224,T,TGT,I,3,90.0
2025-11-14,9:42:01.202520524,T,TGT,I,5,90.0
2025-11-14,9:42:01.202523442,T,TGT,I,10,90.0
2025-11-14,9:42:01.203909744,T,TGT,F I,9,89.98
2025-11-14,9:42:01.204364151,T,TGT,F I,91,89.98
2025-11-14,9:42:01.204364151,T,TGT,F I,25,89.98
2025-11-14,9:42:01.204366900,T,TGT,F I,25,89.98
2025-11-14,9:42:01.204369763,T,TGT,F I,20,89.98
2025-11-14,9:42:01.204369763,T,TGT,F I,4,89.98
2025-11-14,9:42:01.204417873,T,TGT,I,70,89.99
2025-11-14,9:42:01.204420898,T,TGT,I,30,90.0
2025-11-14,9:42:01.204886992,T,TGT,I,70,90.0
2025-11-14,9:42:01.204893104,T,TGT,F I,12,89.98
2025-11-14,9:42:01.204896059,T,TGT,F I,30,89.98
2025-11-14,9:42:01.204929144,T,TGT,F,100,89.99
2025-11-14,9:42:01.205335117,T,TGT,F I,12,89.99
2025-11-14,9:42:01.205392248,T,TGT,F I,58,89.99
2025-11-14,9:42:01.205434302,T,TGT,I,3,89.99
2025-11-14,9:42:01.255747197,T,TGT,I,40,89.97
2025-11-14,9:42:01.300271320,T,TGT,F I,60,89.97
2025-11-14,9:42:03.301794502,T,TGT,F I,39,89.98
2025-11-14,9:42:03.301830673,T,TGT,F I,31,89.98
2025-11-14,9:42:03.301836604,T,TGT,F,100,89.99
2025-11-14,9:42:03.301839785,T,TGT,F I,10,89.99
2025-11-14,9:42:03.301839785,T,TGT,F I,78,89.99
2025-11-14,9:42:03.301842711,T,TGT,F I,19,89.99
2025-11-14,9:42:03.302507262,T,TGT,F I,67,90.0
2025-11-14,9:42:03.302510254,T,TGT,I,33,90.0
2025-11-14,9:42:03.302513284,T,TGT,I,67,90.0
2025-11-14,9:42:03.302534294,T,TGT,F I,33,90.0
2025-11-14,9:42:03.302645597,T,TGT,F I,33,90.0
2025-11-14,9:42:03.558347719,T,TGT,I,38,89.985
2025-11-14,9:42:04.114477745,T,TGT,I,70,89.955
2025-11-14,9:42:04.115037058,T,TGT,I,6,89.955
2025-11-14,9:42:04.590490755,T,TGT,F,375,89.95
2025-11-14,9:42:04.590490755,T,TGT,F,123,89.95
2025-11-14,9:42:04.590494343,T,TGT,F I,92,89.95
2025-11-14,9:42:04.590496748,T,TGT,F I,18,89.95
2025-11-14,9:42:15.028435872,T,TGT,F,100,89.99
2025-11-14,9:42:15.028435872,T,TGT,F I,59,89.99
2025-11-14,9:42:15.028520154,T,TGT,I,34,90.0
2025-11-14,9:42:15.028520154,T,TGT,,100,90.0
2025-11-14,9:42:15.028523602,T,TGT,I,2,90.0
2025-11-14,9:42:15.028526058,T,TGT,I,10,90.0
2025-11-14,9:42:15.029163569,T,TGT,I,62,90.0
2025-11-14,9:42:15.029184570,T,TGT,I,18,90.0
2025-11-14,9:42:15.029197422,T,TGT,F I,20,90.0
2025-11-14,9:42:15.029197422,T,TGT,F I,18,90.0
2025-11-14,9:42:15.029199713,T,TGT,I,11,90.0
2025-11-14,9:42:15.029203947,T,TGT,I,11,90.0
2025-11-14,9:42:15.029203947,T,TGT,I,10,90.0
2025-11-14,9:42:15.029205822,T,TGT,I,6,90.0
2025-11-14,9:42:15.029208683,T,TGT,I,1,90.0
2025-11-14,9:42:15.036248506,T,TGT,I,11,89.99
2025-11-14,9:42:15.036786722,T,TGT,I,23,89.98
2025-11-14,9:42:15.036811209,T,TGT,F I,77,89.98
2025-11-14,9:42:15.036813837,T,TGT,F,100,89.98
2025-11-14,9:42:16.227972602,T,TGT,F I,10,89.99
2025-11-14,9:42:16.227972602,T,TGT,F I,19,89.99
2025-11-14,9:42:16.229635566,T,TGT,I,43,90.0
2025-11-14,9:42:16.229638583,T,TGT,I,29,90.0
2025-11-14,9:42:16.229656681,T,TGT,I,1,90.0
2025-11-14,9:42:16.257975356,T,TGT,F I,70,90.0
2025-11-14,9:42:16.257978974,T,TGT,F I,19,90.0
2025-11-14,9:42:16.257978974,T,TGT,F,100,90.0
2025-11-14,9:42:16.257981158,T,TGT,F I,1,90.0
2025-11-14,9:42:16.258029284,T,TGT,F,100,90.0
2025-11-14,9:42:16.258050391,T,TGT,I,1,90.0
2025-11-14,9:42:16.258065339,T,TGT,F I,18,90.0
2025-11-14,9:42:16.258459219,T,TGT,I,81,90.0
2025-11-14,9:42:16.258459219,T,TGT,I,38,90.0
2025-11-14,9:42:16.258552520,T,TGT,F I,62,90.0
2025-11-14,9:42:16.258555486,T,TGT,F,100,90.0
2025-11-14,9:42:16.258561540,T,TGT,F I,19,90.0
2025-11-14,9:42:16.258838170,T,TGT,F,100,90.0
2025-11-14,9:42:16.259078771,T,TGT,,100,90.0
2025-11-14,9:42:16.268376844,T,TGT,I,61,89.99
2025-11-14,9:42:16.273693543,T,TGT,F I,39,89.99
2025-11-14,9:42:16.273696765,T,TGT,F,100,89.99
2025-11-14,9:42:17.555894259,T,TGT,F,100,90.0
2025-11-14,9:42:17.555909219,T,TGT,I,1,90.0
2025-11-14,9:42:17.555930310,T,TGT,F I,99,90.0
2025-11-14,9:42:17.556297199,T,TGT,I,22,90.0
2025-11-14,9:42:17.556324431,T,TGT,I,1,90.0
2025-11-14,9:42:17.556360370,T,TGT,F I,77,90.0
2025-11-14,9:42:17.556363320,T,TGT,F I,23,90.0
2025-11-14,9:42:17.556387425,T,TGT,I,77,90.0
2025-11-14,9:42:17.556390374,T,TGT,,100,90.0
2025-11-14,9:42:17.556397283,T,TGT,I,81,90.0
2025-11-14,9:42:17.556399374,T,TGT,I,77,90.0
2025-11-14,9:42:17.556402452,T,TGT,F I,45,90.0
2025-11-14,9:42:17.568873160,T,TGT,,100,90.0
2025-11-14,9:42:17.568876135,T,TGT,,100,90.0
2025-11-14,9:42:17.568906163,T,TGT,F,100,90.0
2025-11-14,9:42:17.568927238,T,TGT,F,100,90.0
2025-11-14,9:42:17.568978334,T,TGT,F,100,90.0
2025-11-14,9:42:18.859505954,T,TGT,,100,90.0
2025-11-14,9:42:18.859508888,T,TGT,I,88,89.995
2025-11-14,9:42:19.195697875,T,TGT,I,21,90.0
2025-11-14,9:42:19.195929337,T,TGT,F I,79,90.0
2025-11-14,9:42:20.303341613,T,TGT,F I,1,90.01
2025-11-14,9:42:20.303582274,T,TGT,,100,90.02
2025-11-14,9:42:20.345914079,T,TGT,I,60,90.04
2025-11-14,9:42:20.382788077,T,TGT,I,60,90.05
2025-11-14,9:42:20.382788077,T,TGT,I,21,90.05
2025-11-14,9:42:20.392874040,T,TGT,I,60,90.05
2025-11-14,9:42:20.403387030,T,TGT,F I,25,90.095
2025-11-14,9:42:20.403411070,T,TGT,F I,75,90.1
2025-11-14,9:42:20.415427678,T,TGT,I,1,90.105
2025-11-14,9:42:21.165967786,T,TGT,I,6,90.11
2025-11-14,9:42:24.575655926,T,TGT,F I,75,90.05
2025-11-14,9:42:26.554920612,T,TGT,F,100,90.1
2025-11-14,9:42:26.554920612,T,TGT,F I,10,90.11
2025-11-14,9:42:26.554924023,T,TGT,F I,20,90.11
2025-11-14,9:42:26.554924023,T,TGT,F I,20,90.11
2025-11-14,9:42:26.556258527,T,TGT,F I,20,90.13
2025-11-14,9:42:26.649182887,T,TGT,F I,1,90.14
2025-11-14,9:42:26.649185834,T,TGT,F I,99,90.14
2025-11-14,9:42:26.649513646,T,TGT,I,41,90.11
2025-11-14,9:42:27.771084448,T,TGT,F I,41,90.12
2025-11-14,9:42:27.771084448,T,TGT,F,100,90.12
2025-11-14,9:42:27.771086861,T,TGT,F I,10,90.12
2025-11-14,9:42:31.529561348,T,TGT,F,100,90.15
2025-11-14,9:42:35.582409096,T,TGT,F I,14,90.15
2025-11-14,9:42:35.582412110,T,TGT,F I,17,90.15
2025-11-14,9:42:37.418237791,T,TGT,F I,10,90.15
2025-11-14,9:42:37.634618314,T,TGT,I,59,90.17
2025-11-14,9:42:37.634639410,T,TGT,I,10,90.17
2025-11-14,9:42:37.635445273,T,TGT,F I,2,90.22
2025-11-14,9:42:37.708555567,T,TGT,I,75,90.2
2025-11-14,9:42:37.708555567,T,TGT,I,16,90.19
2025-11-14,9:42:37.708567653,T,TGT,I,15,90.18
2025-11-14,9:42:37.708567653,T,TGT,I,10,90.18
2025-11-14,9:42:37.708573579,T,TGT,I,6,90.18
2025-11-14,9:42:37.708573579,T,TGT,I,60,90.18
2025-11-14,9:42:46.196703480,T,TGT,F I,15,90.18
2025-11-14,9:42:46.196703480,T,TGT,F I,10,90.18
2025-11-14,9:42:46.196709843,T,TGT,F,130,90.18
2025-11-14,9:42:46.196866371,T,TGT,,100,90.19
2025-11-14,9:42:46.196869049,T,TGT,I,29,90.19
2025-11-14,9:42:46.196871815,T,TGT,I,1,90.19
2025-11-14,9:42:46.197307859,T,TGT,F I,75,90.18
2025-11-14,9:42:46.197307859,T,TGT,F I,25,90.17
2025-11-14,9:42:46.197367994,T,TGT,F I,75,90.17
2025-11-14,9:42:46.197407075,T,TGT,I,15,90.16
2025-11-14,9:42:46.197411167,T,TGT,I,7,90.16
2025-11-14,9:42:46.197413146,T,TGT,I,16,90.16
2025-11-14,9:42:46.197437197,T,TGT,I,26,90.16
2025-11-14,9:42:46.197918333,T,TGT,I,13,90.18
2025-11-14,9:42:46.198625048,T,TGT,F I,9,90.16
2025-11-14,9:42:46.205087367,T,TGT,I,11,90.13
2025-11-14,9:42:46.205094085,T,TGT,I,4,90.13
2025-11-14,9:42:46.205094085,T,TGT,I,6,90.13
2025-11-14,9:42:46.205099396,T,TGT,I,10,90.13
2025-11-14,9:42:46.205099396,T,TGT,I,6,90.13
2025-11-14,9:42:46.205115146,T,TGT,I,1,90.13
2025-11-14,9:42:46.205246740,T,TGT,I,9,90.13
2025-11-14,9:42:46.249939231,T,TGT,F I,70,90.12
2025-11-14,9:42:48.112597697,T,TGT,I,9,90.12
2025-11-14,9:42:48.354551193,T,TGT,,982,90.12
2025-11-14,9:42:48.355898386,T,TGT,I,13,90.11
2025-11-14,9:42:48.358069526,T,TGT,I,18,90.065
2025-11-14,9:42:48.358069526,T,TGT,I,5,90.08
2025-11-14,9:42:50.607939544,T,TGT,,200,90.06
2025-11-14,9:42:50.607942612,T,TGT,I,7,90.07
2025-11-14,9:42:50.607946260,T,TGT,I,27,90.07
2025-11-14,9:42:50.607949308,T,TGT,I,9,90.07
2025-11-14,9:42:50.607949308,T,TGT,,713,90.07
2025-11-14,9:42:50.607987641,T,TGT,I,6,90.05
2025-11-14,9:42:56.156073172,T,TGT,,148,90.07
2025-11-14,9:42:56.156094182,T,TGT,I,1,90.07
2025-11-14,9:42:56.156109250,T,TGT,I,24,90.07
2025-11-14,9:42:56.156109250,T,TGT,I,87,90.07
2025-11-14,9:42:56.156112277,T,TGT,I,27,90.07
2025-11-14,9:42:56.156115315,T,TGT,I,3,90.07
2025-11-14,9:42:56.162502492,T,TGT,I,95,90.08
2025-11-14,9:42:56.162505482,T,TGT,I,1,90.08
2025-11-14,9:42:56.162505482,T,TGT,F I,4,90.08
2025-11-14,9:42:58.665371271,T,TGT,I,10,90.07
2025-11-14,9:43:01.178614656,T,TGT,I,5,90.08
2025-11-14,9:43:04.072098958,T,TGT,F I,5,90.08
2025-11-14,9:43:07.568781277,T,TGT,F I,59,90.05
2025-11-14,9:43:07.568802358,T,TGT,F I,14,90.04
2025-11-14,9:43:07.884307936,T,TGT,I,1,90.08
2025-11-14,9:43:07.884307936,T,TGT,I,10,90.08
2025-11-14,9:43:07.884879260,T,TGT,F I,60,90.08
2025-11-14,9:43:07.884954475,T,TGT,F I,1,90.09
2025-11-14,9:43:07.884954475,T,TGT,F I,1,90.09
2025-11-14,9:43:08.966899193,T,TGT,F I,60,90.08
2025-11-14,9:43:08.977316006,T,TGT,F,100,90.1
2025-11-14,9:43:08.977337036,T,TGT,I,1,90.1
2025-11-14,9:43:08.978467762,T,TGT,I,40,90.11
2025-11-14,9:43:08.987928289,T,TGT,I,40,90.13
2025-11-14,9:43:09.659473057,T,TGT,I,40,90.11
2025-11-14,9:43:09.679052771,T,TGT,I,10,90.12
2025-11-14,9:43:09.679055784,T,TGT,I,3,90.12
2025-11-14,9:43:09.689704141,T,TGT,I,25,90.11
2025-11-14,9:43:09.689725147,T,TGT,I,35,90.11
2025-11-14,9:43:09.737051883,T,TGT,I,3,90.15
2025-11-14,9:43:09.737054859,T,TGT,I,10,90.15
2025-11-14,9:43:09.737262369,T,TGT,I,44,90.145
2025-11-14,9:43:25.582518654,T,TGT,,100,90.19
2025-11-14,9:43:25.582533759,T,TGT,I,1,90.19
2025-11-14,9:43:25.582539781,T,TGT,F I,9,90.19
2025-11-14,9:43:25.583135179,T,TGT,F I,6,90.24
2025-11-14,9:43:25.583405779,T,TGT,I,10,90.22
2025-11-14,9:43:25.583420783,T,TGT,I,10,90.22
2025-11-14,9:43:25.584485321,T,TGT,F I,75,90.28
2025-11-14,9:43:25.592598672,T,TGT,F I,75,90.29
2025-11-14,9:43:25.592634832,T,TGT,F I,25,90.29
2025-11-14,9:43:28.613328350,T,TGT,F,200,90.25
2025-11-14,9:43:28.676307383,T,TGT,I,1,90.25
2025-11-14,9:43:29.951327092,T,TGT,F,100,90.21
2025-11-14,9:43:29.951333475,T,TGT,F I,11,90.21
2025-11-14,9:43:29.951877267,T,TGT,F I,1,90.21
2025-11-14,9:43:29.951880365,T,TGT,I,6,90.17
2025-11-14,9:43:29.951892304,T,TGT,F I,1,90.21
2025-11-14,9:43:29.951901868,T,TGT,F I,49,90.21
2025-11-14,9:43:29.951907336,T,TGT,F I,10,90.21
2025-11-14,9:43:29.951916342,T,TGT,I,6,90.195
2025-11-14,9:43:29.951938004,T,TGT,I,21,90.2
2025-11-14,9:43:29.951943751,T,TGT,F I,3,90.22
2025-11-14,9:43:29.951961449,T,TGT,I,6,90.2
2025-11-14,9:43:29.951979500,T,TGT,I,10,90.2
2025-11-14,9:43:29.951979500,T,TGT,I,11,90.2
2025-11-14,9:43:29.952009547,T,TGT,I,81,90.2
2025-11-14,9:43:29.952313320,T,TGT,F I,10,90.21
2025-11-14,9:43:29.952358451,T,TGT,I,15,90.2
2025-11-14,9:43:29.952358451,T,TGT,I,16,90.19
2025-11-14,9:43:29.952430808,T,TGT,I,12,90.2
2025-11-14,9:43:29.952430808,T,TGT,I,11,90.2
2025-11-14,9:43:29.952436593,T,TGT,I,24,90.2
2025-11-14,9:43:29.952550846,T,TGT,I,9,90.2
2025-11-14,9:43:29.952571863,T,TGT,F I,10,90.2
2025-11-14,9:43:29.952626193,T,TGT,F,100,90.2
2025-11-14,9:43:29.952839694,T,TGT,I,32,90.19
2025-11-14,9:43:29.952839694,T,TGT,I,9,90.18
2025-11-14,9:43:29.953122398,T,TGT,I,1,90.18
2025-11-14,9:43:29.953122398,T,TGT,I,21,90.18
2025-11-14,9:43:29.953173320,T,TGT,F,100,90.19
2025-11-14,9:43:29.953230500,T,TGT,I,15,90.19
2025-11-14,9:43:29.953230500,T,TGT,I,35,90.19
2025-11-14,9:43:29.953257686,T,TGT,F I,20,90.19
2025-11-14,9:43:29.953284585,T,TGT,I,15,90.18
2025-11-14,9:43:29.953489447,T,TGT,I,10,90.18
2025-11-14,9:43:29.953493011,T,TGT,I,20,90.18
2025-11-14,9:43:29.953493011,T,TGT,I,9,90.18
2025-11-14,9:43:29.953495255,T,TGT,I,9,90.18
2025-11-14,9:43:29.953498111,T,TGT,I,24,90.18
2025-11-14,9:43:29.953621463,T,TGT,F I,43,90.19
2025-11-14,9:43:29.953633666,T,TGT,F I,7,90.19
2025-11-14,9:43:29.953651444,T,TGT,I,17,90.18
2025-11-14,9:43:29.953765761,T,TGT,I,10,90.18
2025-11-14,9:43:29.953768792,T,TGT,I,17,90.18
2025-11-14,9:43:29.953817088,T,TGT,I,6,90.19
2025-11-14,9:43:29.953817088,T,TGT,I,94,90.19
2025-11-14,9:43:29.953826475,T,TGT,I,6,90.19
2025-11-14,9:43:29.953871032,T,TGT,I,3,90.18
2025-11-14,9:43:29.953874258,T,TGT,I,9,90.18
2025-11-14,9:43:29.953874258,T,TGT,I,58,90.18
2025-11-14,9:43:29.953877237,T,TGT,I,6,90.18
2025-11-14,9:43:29.954063655,T,TGT,I,5,90.18
2025-11-14,9:43:29.954063655,T,TGT,I,11,90.18
2025-11-14,9:43:29.954066746,T,TGT,I,5,90.18
2025-11-14,9:43:29.954325521,T,TGT,,100,90.19
2025-11-14,9:43:29.954358144,T,TGT,I,24,90.19
2025-11-14,9:43:29.957573335,T,TGT,F I,21,90.2
2025-11-14,9:43:29.957576203,T,TGT,F I,54,90.2
2025-11-14,9:43:29.957578880,T,TGT,F I,46,90.2
2025-11-14,9:43:29.957638974,T,TGT,,100,90.2
2025-11-14,9:43:29.957653967,T,TGT,I,51,90.2
2025-11-14,9:43:29.957657016,T,TGT,I,25,90.2
2025-11-14,9:43:29.957657016,T,TGT,I,14,90.2
2025-11-14,9:43:29.959250822,T,TGT,F I,62,90.2
2025-11-14,9:43:31.205588025,T,TGT,I,38,90.2
2025-11-14,9:43:31.205591154,T,TGT,I,10,90.2
2025-11-14,9:43:31.205591154,T,TGT,I,52,90.2
2025-11-14,9:43:31.205609103,T,TGT,F I,48,90.2
2025-11-14,9:43:42.246316138,T,TGT,F I,12,90.16
2025-11-14,9:43:46.965762809,T,TGT,,100,90.19
2025-11-14,9:43:46.965762809,T,TGT,I,10,90.19
2025-11-14,9:43:47.080730253,T,TGT,F I,1,90.16
2025-11-14,9:43:47.080732725,T,TGT,F I,44,90.16
2025-11-14,9:43:47.080735487,T,TGT,F I,84,90.16
2025-11-14,9:43:47.080753590,T,TGT,I,1,90.16
2025-11-14,9:43:47.080777652,T,TGT,F I,92,90.16
2025-11-14,9:43:47.080777652,T,TGT,I,1,90.16
2025-11-14,9:43:47.080790092,T,TGT,I,22,90.16
2025-11-14,9:43:47.080792663,T,TGT,I,3,90.16
2025-11-14,9:43:47.080795664,T,TGT,I,21,90.16
2025-11-14,9:43:47.080795664,T,TGT,I,15,90.16
2025-11-14,9:43:47.081094467,T,TGT,I,45,90.17
2025-11-14,9:43:47.081099394,T,TGT,I,45,90.17
2025-11-14,9:43:47.081117391,T,TGT,I,1,90.17
2025-11-14,9:43:47.081523393,T,TGT,I,23,90.16
2025-11-14,9:43:49.674643444,T,TGT,,200,90.195
2025-11-14,9:43:49.674646400,T,TGT,I,6,90.22
2025-11-14,9:43:49.674649180,T,TGT,I,10,90.22
2025-11-14,9:43:49.674649180,T,TGT,I,75,90.22
2025-11-14,9:43:51.180754335,T,TGT,I,5,90.19
2025-11-14,9:43:51.607852950,T,TGT,I,24,90.16
2025-11-14,9:43:51.607855934,T,TGT,,174,90.16
2025-11-14,9:43:51.607864988,T,TGT,I,26,90.16
2025-11-14,9:43:51.607873929,T,TGT,I,1,90.16
2025-11-14,9:43:51.607873929,T,TGT,I,73,90.16
2025-11-14,9:44:04.703505684,T,TGT,F I,2,90.16
2025-11-14,9:44:04.703538777,T,TGT,,100,90.14
2025-11-14,9:44:04.703541711,T,TGT,,270,90.16
2025-11-14,9:44:04.703563117,T,TGT,F I,94,90.16
2025-11-14,9:44:04.703566160,T,TGT,F I,4,90.16
2025-11-14,9:44:04.703566160,T,TGT,F I,1,90.16
2025-11-14,9:44:04.703568863,T,TGT,F I,1,90.16
2025-11-14,9:44:06.506096087,T,TGT,F I,40,90.14
2025-11-14,9:44:13.150359083,T,TGT,F I,29,90.11
2025-11-14,9:44:13.154178489,T,TGT,F I,19,90.11
2025-11-14,9:44:13.154259392,T,TGT,F I,52,90.11
2025-11-14,9:44:13.155720888,T,TGT,F I,3,90.09
2025-11-14,9:44:13.160009549,T,TGT,F I,43,90.07
2025-11-14,9:44:13.160012166,T,TGT,F I,6,90.07
2025-11-14,9:44:13.170940096,T,TGT,,100,90.075
2025-11-14,9:44:13.170943132,T,TGT,I,50,90.07
2025-11-14,9:44:13.170943132,T,TGT,I,50,90.07
2025-11-14,9:44:13.171779142,T,TGT,I,11,90.09
2025-11-14,9:44:13.198543028,T,TGT,I,17,90.11
2025-11-14,9:44:13.204957166,T,TGT,,100,90.11
2025-11-14,9:44:13.208012439,T,TGT,,100,90.11
2025-11-14,9:44:13.210315897,T,TGT,F I,34,90.11
2025-11-14,9:44:13.210671542,T,TGT,I,64,90.11
2025-11-14,9:44:13.210671542,T,TGT,I,17,90.11
2025-11-14,9:44:13.210674477,T,TGT,I,19,90.11
2025-11-14,9:44:13.210694809,T,TGT,I,1,90.11
2025-11-14,9:44:13.211801625,T,TGT,I,10,90.13
2025-11-14,9:44:13.224714197,T,TGT,I,15,90.15
2025-11-14,9:44:13.503105467,T,TGT,I,3,90.17
2025-11-14,9:44:13.546691381,T,TGT,I,1,90.19
2025-11-14,9:44:13.546716025,T,TGT,I,70,90.19
2025-11-14,9:44:13.546769502,T,TGT,F,100,90.2
2025-11-14,9:44:13.546769502,T,TGT,F I,30,90.19
2025-11-14,9:44:13.546772575,T,TGT,F,100,90.19
2025-11-14,9:44:13.546791583,T,TGT,F,100,90.19
2025-11-14,9:44:13.546791583,T,TGT,F I,43,90.19
2025-11-14,9:44:13.546793539,T,TGT,F I,34,90.19
2025-11-14,9:44:15.499973841,T,TGT,,100,90.19
2025-11-14,9:44:15.499973841,T,TGT,I,10,90.2
2025-11-14,9:44:15.499976742,T,TGT,I,41,90.2
2025-11-14,9:44:15.499994857,T,TGT,F I,59,90.2
2025-11-14,9:44:15.499998094,T,TGT,F,100,90.2
2025-11-14,9:44:15.499998094,T,TGT,F I,3,90.2
2025-11-14,9:44:15.500000879,T,TGT,F I,41,90.2
2025-11-14,9:44:15.501074419,T,TGT,,100,90.21
2025-11-14,9:44:15.502105856,T,TGT,F I,75,90.25
2025-11-14,9:44:15.502108907,T,TGT,F I,25,90.25
2025-11-14,9:44:15.502773432,T,TGT,F I,3,90.26
2025-11-14,9:44:16.288897324,T,TGT,F I,10,90.28
2025-11-14,9:44:16.288909329,T,TGT,F,100,90.28
2025-11-14,9:44:16.288924361,T,TGT,F,100,90.29
2025-11-14,9:44:16.288927536,T,TGT,F I,10,90.29
2025-11-14,9:44:16.288930391,T,TGT,F I,94,90.29
2025-11-14,9:44:16.288987676,T,TGT,I,25,90.29
2025-11-14,9:44:16.288993524,T,TGT,I,75,90.28
2025-11-14,9:44:16.288999862,T,TGT,I,25,90.28
2025-11-14,9:44:16.289002509,T,TGT,I,75,90.28
2025-11-14,9:44:16.289008605,T,TGT,I,1,90.28
2025-11-14,9:44:16.289020854,T,TGT,I,42,90.28
2025-11-14,9:44:16.289057002,T,TGT,,100,90.27
2025-11-14,9:44:16.289063073,T,TGT,,100,90.27
2025-11-14,9:44:16.289063073,T,TGT,I,34,90.27
2025-11-14,9:44:16.289074782,T,TGT,I,34,90.27
2025-11-14,9:44:16.289083780,T,TGT,F I,36,90.27
2025-11-14,9:44:16.289083780,T,TGT,F I,14,90.26
2025-11-14,9:44:16.289110927,T,TGT,I,3,90.26
2025-11-14,9:44:16.289113872,T,TGT,I,33,90.26
2025-11-14,9:44:16.289211388,T,TGT,F,100,90.26
2025-11-14,9:44:16.289211388,T,TGT,F I,25,90.26
2025-11-14,9:44:16.289213013,T,TGT,F I,25,90.26
2025-11-14,9:44:16.289249903,T,TGT,I,75,90.26
2025-11-14,9:44:16.289252158,T,TGT,I,75,90.26
2025-11-14,9:44:16.289255176,T,TGT,,100,90.26
2025-11-14,9:44:16.289655605,T,TGT,I,9,90.26
2025-11-14,9:44:16.289673950,T,TGT,,100,90.27
2025-11-14,9:44:16.289688133,T,TGT,F I,2,90.26
2025-11-14,9:44:16.289715240,T,TGT,I,7,90.26
2025-11-14,9:44:16.289802453,T,TGT,I,32,90.26
2025-11-14,9:44:16.289802453,T,TGT,I,14,90.26
2025-11-14,9:44:17.002937015,T,TGT,,100,90.24
2025-11-14,9:44:19.035628911,T,TGT,I,9,90.17
2025-11-14,9:44:19.189806310,T,TGT,I,14,90.2
2025-11-14,9:44:20.302763689,T,TGT,I,5,90.18
2025-11-14,9:44:23.654681042,T,TGT,,100,90.22
2025-11-14,9:44:23.654684132,T,TGT,I,57,90.22
2025-11-14,9:44:23.654705879,T,TGT,F I,53,90.22
2025-11-14,9:44:23.654705879,T,TGT,F I,17,90.22
2025-11-14,9:44:23.654708211,T,TGT,F I,42,90.22
2025-11-14,9:44:23.654711168,T,TGT,F I,57,90.22
2025-11-14,9:44:23.654711168,T,TGT,I,1,90.22
2025-11-14,9:44:23.655189298,T,TGT,I,6,90.25
2025-11-14,9:44:23.656656767,T,TGT,I,10,90.25
2025-11-14,9:44:36.233537384,T,TGT,F I,1,90.33
2025-11-14,9:44:36.234183781,T,TGT,I,1,90.33
2025-11-14,9:44:37.173703507,T,TGT,F I,39,90.38
2025-11-14,9:44:37.173706120,T,TGT,F I,36,90.38
2025-11-14,9:44:37.173718128,T,TGT,F I,1,90.38
2025-11-14,9:44:37.173733141,T,TGT,F I,11,90.38
2025-11-14,9:44:37.742556338,T,TGT,F I,36,90.44
2025-11-14,9:44:37.743224503,T,TGT,I,25,90.43
2025-11-14,9:44:37.743226940,T,TGT,I,23,90.42
2025-11-14,9:44:37.743659918,T,TGT,F I,50,90.4
2025-11-14,9:44:37.743683956,T,TGT,I,4,90.4
2025-11-14,9:44:37.745647616,T,TGT,I,25,90.4
2025-11-14,9:44:37.745647616,T,TGT,I,75,90.4
2025-11-14,9:44:43.003090701,T,TGT,F,100,90.42
2025-11-14,9:44:43.003090701,T,TGT,F I,18,90.43
2025-11-14,9:44:43.016454513,T,TGT,I,82,90.43
2025-11-14,9:44:43.016457501,T,TGT,I,8,90.43
2025-11-14,9:44:43.024483673,T,TGT,I,1,90.46
2025-11-14,9:44:44.030500501,T,TGT,I,61,90.5
2025-11-14,9:44:44.030533913,T,TGT,,139,90.5
2025-11-14,9:44:44.030539802,T,TGT,I,6,90.5
2025-11-14,9:44:44.030543669,T,TGT,I,50,90.5
2025-11-14,9:44:44.030543669,T,TGT,I,10,90.5
2025-11-14,9:44:44.030548674,T,TGT,I,29,90.5
2025-11-14,9:44:44.030551602,T,TGT,I,10,90.5
2025-11-14,9:44:44.030728997,T,TGT,I,25,90.49
2025-11-14,9:44:44.030732086,T,TGT,,100,90.49
2025-11-14,9:44:44.030732086,T,TGT,I,85,90.48
2025-11-14,9:44:44.030750115,T,TGT,I,1,90.48
2025-11-14,9:44:44.030771182,T,TGT,I,14,90.48
2025-11-14,9:44:44.030774162,T,TGT,,100,90.48
2025-11-14,9:44:44.030774162,T,TGT,I,10,90.48
2025-11-14,9:44:44.030792719,T,TGT,I,73,90.48
2025-11-14,9:44:44.031122957,T,TGT,,100,90.48
2025-11-14,9:44:44.031222221,T,TGT,,100,90.48
2025-11-14,9:44:44.031586063,T,TGT,F,100,90.49
2025-11-14,9:44:44.034848824,T,TGT,F I,50,90.48
2025-11-14,9:44:44.034848824,T,TGT,F I,75,90.48
2025-11-14,9:44:44.034851925,T,TGT,F I,15,90.48
2025-11-14,9:44:44.034876349,T,TGT,F,100,90.47
2025-11-14,9:44:44.034896934,T,TGT,I,14,90.46
2025-11-14,9:44:44.034899970,T,TGT,I,28,90.46
2025-11-14,9:44:44.035742575,T,TGT,F I,19,90.48
2025-11-14,9:44:44.035742575,T,TGT,F I,14,90.48
2025-11-14,9:44:44.035746415,T,TGT,F I,35,90.48
2025-11-14,9:44:44.035746415,T,TGT,F I,14,90.48
2025-11-14,9:44:44.035751189,T,TGT,F I,75,90.48
2025-11-14,9:44:44.035751189,T,TGT,F I,14,90.49
2025-11-14,9:44:44.035754485,T,TGT,F,100,90.49
2025-11-14,9:44:44.035754485,T,TGT,F I,28,90.49
2025-11-14,9:44:44.035758402,T,TGT,F I,25,90.49
2025-11-14,9:44:44.035758402,T,TGT,F,100,90.49
2025-11-14,9:44:44.035763105,T,TGT,F,100,90.5
2025-11-14,9:44:44.035763105,T,TGT,F I,6,90.5
2025-11-14,9:44:44.035766085,T,TGT,F,170,90.5
2025-11-14,9:44:44.035796147,T,TGT,F I,62,90.48
2025-11-14,9:44:44.035808195,T,TGT,F I,19,90.48
2025-11-14,9:44:44.035865277,T,TGT,F I,14,90.47
2025-11-14,9:44:44.052224217,T,TGT,I,4,90.495
2025-11-14,9:44:47.995909338,T,TGT,F I,34,90.49
2025-11-14,9:44:51.762938725,T,TGT,F I,6,90.5
2025-11-14,9:44:51.763152218,T,TGT,F I,35,90.5
2025-11-14,9:44:51.763164233,T,TGT,F I,35,90.5
2025-11-14,9:44:54.807283443,T,TGT,F I,16,90.5
2025-11-14,9:44:54.942179375,T,TGT,F,100,90.52
2025-11-14,9:44:54.942179375,T,TGT,F I,1,90.52
2025-11-14,9:44:54.942181808,T,TGT,F I,25,90.52
2025-11-14,9:44:54.942184891,T,TGT,F I,1,90.52
2025-11-14,9:44:54.942184891,T,TGT,F I,23,90.52
2025-11-14,9:44:54.942530613,T,TGT,F I,14,90.51
2025-11-14,9:44:54.942540220,T,TGT,F I,4,90.51
2025-11-14,9:44:54.942557647,T,TGT,F,100,90.5
2025-11-14,9:44:54.942591373,T,TGT,F I,26,90.49
2025-11-14,9:44:54.942591373,T,TGT,F I,13,90.49
2025-11-14,9:44:54.942593731,T,TGT,F,100,90.49
2025-11-14,9:44:54.942593731,T,TGT,F I,10,90.49
2025-11-14,9:44:54.942629800,T,TGT,I,10,90.48
2025-11-14,9:44:54.943074930,T,TGT,F I,6,90.48
2025-11-14,9:44:54.943123021,T,TGT,F I,75,90.48
2025-11-14,9:44:54.943135076,T,TGT,F,300,90.48
2025-11-14,9:44:54.943435712,T,TGT,I,6,90.49
2025-11-14,9:44:54.943438820,T,TGT,,100,90.49
2025-11-14,9:44:54.943480852,T,TGT,F I,8,90.49
2025-11-14,9:44:54.943489958,T,TGT,F I,33,90.49
2025-11-14,9:44:54.943565051,T,TGT,F I,6,90.48
2025-11-14,9:44:54.943661285,T,TGT,I,8,90.48
2025-11-14,9:44:54.943875435,T,TGT,F I,14,90.48
2025-11-14,9:44:54.943877866,T,TGT,F,100,90.49
2025-11-14,9:44:54.943877866,T,TGT,F I,61,90.5
2025-11-14,9:44:54.945161853,T,TGT,F I,39,90.5
2025-11-14,9:44:54.945161853,T,TGT,F I,9,90.52
2025-11-14,9:44:54.945949757,T,TGT,F I,14,90.49
2025-11-14,9:44:54.945965059,T,TGT,F I,20,90.48
2025-11-14,9:44:54.945965059,T,TGT,F I,6,90.48
2025-11-14,9:45:00.410439118,T,TGT,F I,18,90.43
2025-11-14,9:45:00.833911092,T,TGT,I,20,90.42
2025-11-14,9:45:00.834037643,T,TGT,I,80,90.42
2025-11-14,9:45:00.834037643,T,TGT,I,17,90.42
2025-11-14,9:45:00.834064545,T,TGT,I,10,90.42
2025-11-14,9:45:00.834082537,T,TGT,,127,90.42
2025-11-14,9:45:00.834097579,T,TGT,I,9,90.42
2025-11-14,9:45:00.834101055,T,TGT,I,9,90.42
2025-11-14,9:45:00.834103898,T,TGT,I,26,90.42
2025-11-14,9:45:00.834103898,T,TGT,I,17,90.42
2025-11-14,9:45:00.834106610,T,TGT,I,36,90.43
2025-11-14,9:45:00.834175750,T,TGT,F I,9,90.44
2025-11-14,9:45:00.834239096,T,TGT,I,58,90.41
2025-11-14,9:45:00.834705096,T,TGT,F I,9,90.43
2025-11-14,9:45:02.452517129,T,TGT,I,5,90.415
2025-11-14,9:45:03.566551167,T,TGT,I,1,90.44
2025-11-14,9:45:03.566551167,T,TGT,I,1,90.44
2025-11-14,9:45:08.142306329,T,TGT,F I,75,90.42
2025-11-14,9:45:09.534289542,T,TGT,F I,1,90.4
2025-11-14,9:45:09.534289542,T,TGT,F I,20,90.4
2025-11-14,9:45:09.534292540,T,TGT,F I,10,90.4
2025-11-14,9:45:12.604294759,T,TGT,F I,11,90.4
2025-11-14,9:45:15.654644714,T,TGT,I,45,90.4
2025-11-14,9:45:15.654686823,T,TGT,I,34,90.4
2025-11-14,9:45:15.654716952,T,TGT,F I,21,90.4
2025-11-14,9:45:15.654771062,T,TGT,I,34,90.4
2025-11-14,9:45:15.654792106,T,TGT,F I,45,90.4
2025-11-14,9:45:15.654795081,T,TGT,F I,21,90.4
2025-11-14,9:45:16.010001201,T,TGT,I,70,90.4
2025-11-14,9:45:16.010037320,T,TGT,F I,30,90.4
2025-11-14,9:45:16.019585032,T,TGT,I,72,90.41
2025-11-14,9:45:16.019603124,T,TGT,I,1,90.41
2025-11-14,9:45:16.019627107,T,TGT,F I,27,90.41
2025-11-14,9:45:16.019630169,T,TGT,F,100,90.41
2025-11-14,9:45:16.019633138,T,TGT,F I,4,90.41
2025-11-14,9:45:17.995577482,T,TGT,F I,10,90.4
2025-11-14,9:45:17.995583436,T,TGT,F I,10,90.4
2025-11-14,9:45:17.995607467,T,TGT,I,20,90.4
2025-11-14,9:45:17.996381321,T,TGT,,100,90.4
2025-11-14,9:45:17.996386945,T,TGT,,100,90.41
2025-11-14,9:45:17.996386945,T,TGT,,100,90.41
2025-11-14,9:45:17.996810403,T,TGT,I,22,90.4
2025-11-14,9:45:17.997132157,T,TGT,F I,6,90.42
2025-11-14,9:45:17.997138503,T,TGT,F I,94,90.42
2025-11-14,9:45:17.997138503,T,TGT,F I,13,90.43
2025-11-14,9:45:17.997141111,T,TGT,F I,38,90.43
2025-11-14,9:45:17.997631283,T,TGT,F I,62,90.43
2025-11-14,9:45:17.997637385,T,TGT,F I,26,90.43
2025-11-14,9:45:17.997637385,T,TGT,F I,12,90.43
2025-11-14,9:45:17.997688433,T,TGT,F I,88,90.43
2025-11-14,9:45:17.997688433,T,TGT,F I,12,90.43
2025-11-14,9:45:17.997704448,T,TGT,F I,88,90.43
2025-11-14,9:45:17.997704448,T,TGT,F I,6,90.43
2025-11-14,9:45:17.997709496,T,TGT,F I,94,90.43
2025-11-14,9:45:17.997709496,T,TGT,F I,6,90.43
2025-11-14,9:45:17.997844829,T,TGT,F I,94,90.43
2025-11-14,9:45:17.998603049,T,TGT,I,13,90.43
2025-11-14,9:45:18.001952681,T,TGT,I,78,90.42
2025-11-14,9:45:18.001955770,T,TGT,I,13,90.42
2025-11-14,9:45:18.001958640,T,TGT,I,9,90.42
2025-11-14,9:45:18.001974108,T,TGT,I,1,90.42
2025-11-14,9:45:18.001974108,T,TGT,F I,16,90.42
2025-11-14,9:45:18.001976888,T,TGT,F I,54,90.42
2025-11-14,9:45:18.001976888,T,TGT,F I,7,90.42
2025-11-14,9:45:18.002015740,T,TGT,,100,90.41
2025-11-14,9:45:18.074870836,T,TGT,F,100,90.42
2025-11-14,9:45:18.074873374,T,TGT,F,100,90.42
2025-11-14,9:45:18.075336515,T,TGT,F,100,90.43
2025-11-14,9:45:18.075348603,T,TGT,F,100,90.43
2025-11-14,9:45:22.396201272,T,TGT,F I,10,90.47
2025-11-14,9:45:22.396253073,T,TGT,I,3,90.48
2025-11-14,9:45:22.396255458,T,TGT,I,10,90.48
2025-11-14,9:45:22.396258610,T,TGT,I,3,90.48
2025-11-14,9:45:22.396258610,T,TGT,I,21,90.48
2025-11-14,9:45:22.396261409,T,TGT,,113,90.48
2025-11-14,9:45:22.396264445,T,TGT,I,2,90.48
2025-11-14,9:45:22.397256856,T,TGT,,100,90.48
2025-11-14,9:45:22.397259810,T,TGT,I,10,90.47
2025-11-14,9:45:22.398084184,T,TGT,I,10,90.47
2025-11-14,9:45:22.398084184,T,TGT,I,26,90.47
2025-11-14,9:45:22.398086946,T,TGT,I,64,90.46
2025-11-14,9:45:22.398534832,T,TGT,F I,96,90.5
2025-11-14,9:45:22.398537859,T,TGT,F I,31,90.5
2025-11-14,9:45:22.398558960,T,TGT,I,1,90.5
2025-11-14,9:45:22.407339856,T,TGT,I,96,90.48
2025-11-14,9:45:22.836991387,T,TGT,F I,60,90.48
2025-11-14,9:45:22.837018473,T,TGT,F I,31,90.48
2025-11-14,9:45:23.522645858,T,TGT,I,55,90.5
2025-11-14,9:45:29.429023117,T,TGT,I,60,90.48
2025-11-14,9:45:29.429023117,T,TGT,I,2,90.48
2025-11-14,9:45:29.429074254,T,TGT,,100,90.49
2025-11-14,9:45:29.429074254,T,TGT,I,24,90.49
2025-11-14,9:45:29.429077226,T,TGT,,116,90.49
2025-11-14,9:45:29.429170469,T,TGT,,100,90.48
2025-11-14,9:45:29.429191491,T,TGT,I,1,90.48
2025-11-14,9:45:29.429326872,T,TGT,F I,78,90.49
2025-11-14,9:45:29.429354364,T,TGT,I,22,90.49
2025-11-14,9:45:29.429356837,T,TGT,I,38,90.49
2025-11-14,9:45:29.429360382,T,TGT,I,55,90.49
2025-11-14,9:45:29.429360382,T,TGT,I,7,90.49
2025-11-14,9:45:29.429480149,T,TGT,I,14,90.48
2025-11-14,9:45:29.429780905,T,TGT,,100,90.47
2025-11-14,9:45:29.430006468,T,TGT,F I,31,90.48
2025-11-14,9:45:29.430009949,T,TGT,F I,16,90.48
2025-11-14,9:45:29.430030512,T,TGT,F I,16,90.48
2025-11-14,9:45:29.465006814,T,TGT,F I,1,90.5
2025-11-14,9:45:31.064887344,T,TGT,F I,62,90.48
2025-11-14,9:45:31.266132832,T,TGT,I,15,90.42
2025-11-14,9:45:31.266132832,T,TGT,I,12,90.42
2025-11-14,9:45:31.267077052,T,TGT,I,6,90.41
2025-11-14,9:45:31.267080030,T,TGT,,100,90.41
2025-11-14,9:45:31.267648433,T,TGT,F I,12,90.41
2025-11-14,9:45:31.297723041,T,TGT,F I,6,90.39
2025-11-14,9:45:31.298195175,T,TGT,F I,44,90.39
2025-11-14,9:45:31.298198136,T,TGT,F I,29,90.4
2025-11-14,9:45:31.298198136,T,TGT,F I,75,90.4
2025-11-14,9:45:31.305764178,T,TGT,I,46,90.4
2025-11-14,9:45:32.057904075,T,TGT,F I,16,90.41
2025-11-14,9:45:32.057937719,T,TGT,F I,9,90.4
2025-11-14,9:45:32.057943175,T,TGT,F I,1,90.4
2025-11-14,9:45:32.057943175,T,TGT,F I,1,90.4
2025-11-14,9:45:32.385444360,T,TGT,I,7,90.37
2025-11-14,9:45:34.649923292,T,TGT,F I,1,90.25
2025-11-14,9:45:34.650094728,T,TGT,I,50,90.265
2025-11-14,9:45:34.650197073,T,TGT,F I,5,90.25
2025-11-14,9:45:34.659074081,T,TGT,F,100,90.24
2025-11-14,9:45:34.659080616,T,TGT,,100,90.24
2025-11-14,9:45:34.659080616,T,TGT,,100,90.22
2025-11-14,9:45:34.659083045,T,TGT,,100,90.22
2025-11-14,9:45:36.096979714,T,TGT,I,7,90.21
2025-11-14,9:45:41.469004864,T,TGT,I,50,90.22
2025-11-14,9:45:41.469004864,T,TGT,I,17,90.22
2025-11-14,9:45:41.469023027,T,TGT,I,1,90.22
2025-11-14,9:45:41.469029536,T,TGT,F I,8,90.22
2025-11-14,9:45:41.469037968,T,TGT,F I,17,90.22
2025-11-14,9:45:44.312865015,T,TGT,I,13,90.22
2025-11-14,9:45:44.312865015,T,TGT,I,6,90.21
2025-11-14,9:45:44.316578864,T,TGT,F I,10,90.17
2025-11-14,9:45:44.317231339,T,TGT,I,72,90.19
2025-11-14,9:45:46.897462424,T,TGT,I,8,90.15
2025-11-14,9:45:53.740234315,T,TGT,F I,26,90.19
2025-11-14,9:45:53.740261588,T,TGT,F I,12,90.2
2025-11-14,9:45:53.740261588,T,TGT,F I,60,90.2
2025-11-14,9:45:53.740282769,T,TGT,I,1,90.2
2025-11-14,9:45:53.740282769,T,TGT,F I,1,90.2
2025-11-14,9:45:53.740418020,T,TGT,F,100,90.21
2025-11-14,9:45:53.740903605,T,TGT,,100,90.19
2025-11-14,9:45:53.740903605,T,TGT,,100,90.19
2025-11-14,9:45:53.740908909,T,TGT,I,27,90.19
2025-11-14,9:45:53.740908909,T,TGT,,100,90.19
2025-11-14,9:45:53.740986096,T,TGT,,100,90.19
2025-11-14,9:45:53.741001162,T,TGT,F,100,90.2
2025-11-14,9:45:53.741142441,T,TGT,,100,90.18
2025-11-14,9:45:53.741197090,T,TGT,,100,90.18
2025-11-14,9:45:53.741235734,T,TGT,I,5,90.19
2025-11-14,9:45:53.741241654,T,TGT,I,22,90.19
2025-11-14,9:45:53.741241654,T,TGT,I,18,90.19
2025-11-14,9:45:53.741247920,T,TGT,,100,90.18
2025-11-14,9:45:53.741247920,T,TGT,,100,90.18
2025-11-14,9:45:53.741256963,T,TGT,I,26,90.19
2025-11-14,9:45:53.741268725,T,TGT,I,27,90.19
2025-11-14,9:45:53.741274801,T,TGT,I,29,90.19
2025-11-14,9:45:53.741281219,T,TGT,I,27,90.19
2025-11-14,9:45:53.741338293,T,TGT,F,100,90.19
2025-11-14,9:45:53.741365418,T,TGT,I,40,90.19
2025-11-14,9:45:53.741368244,T,TGT,I,27,90.19
2025-11-14,9:45:53.741479244,T,TGT,I,9,90.19
2025-11-14,9:45:53.741702010,T,TGT,I,66,90.19
2025-11-14,9:45:53.741704992,T,TGT,I,84,90.19
2025-11-14,9:45:53.741707754,T,TGT,I,84,90.19
2025-11-14,9:45:53.741711235,T,TGT,,100,90.19
2025-11-14,9:45:53.741711235,T,TGT,I,81,90.19
2025-11-14,9:45:53.741713873,T,TGT,I,75,90.19
2025-11-14,9:45:53.741834136,T,TGT,I,15,90.19
2025-11-14,9:45:53.750759721,T,TGT,F I,10,90.19
2025-11-14,9:45:53.750759721,T,TGT,F I,10,90.19
2025-11-14,9:45:53.750762584,T,TGT,F I,33,90.19
2025-11-14,9:45:55.676484088,T,TGT,I,37,90.16
2025-11-14,9:45:55.871309293,T,TGT,I,40,90.18
2025-11-14,9:45:55.871670137,T,TGT,F I,17,90.2
2025-11-14,9:45:55.871887118,T,TGT,I,3,90.2
2025-11-14,9:45:55.871890675,T,TGT,I,37,90.2
2025-11-14,9:45:55.872644395,T,TGT,I,36,90.2
2025-11-14,9:45:55.873056418,T,TGT,I,75,90.19
2025-11-14,9:45:55.875143374,T,TGT,I,33,90.2
2025-11-14,9:45:55.882057244,T,TGT,,100,90.26
2025-11-14,9:45:55.882059866,T,TGT,I,10,90.26
2025-11-14,9:45:55.882062900,T,TGT,,100,90.26
2025-11-14,9:45:55.882083875,T,TGT,I,1,90.26
2025-11-14,9:45:55.882156198,T,TGT,I,75,90.25
2025-11-14,9:45:55.882156198,T,TGT,,127,90.25
2025-11-14,9:45:55.882159109,T,TGT,I,40,90.24
2025-11-14,9:45:55.911680444,T,TGT,F I,60,90.28
2025-11-14,9:45:55.911710508,T,TGT,F I,40,90.28
2025-11-14,9:45:55.912841203,T,TGT,,100,90.28
2025-11-14,9:45:55.912844188,T,TGT,,100,90.27
2025-11-14,9:45:55.912844188,T,TGT,I,14,90.27
2025-11-14,9:45:55.912847251,T,TGT,,100,90.27
2025-11-14,9:45:55.912859232,T,TGT,I,73,90.27
2025-11-14,9:45:55.912862219,T,TGT,I,1,90.27
2025-11-14,9:45:55.912889472,T,TGT,I,26,90.27
2025-11-14,9:45:55.913358466,T,TGT,I,4,90.28
2025-11-14,9:45:55.913391554,T,TGT,,100,90.28
2025-11-14,9:45:55.950945018,T,TGT,F,100,90.28
2025-11-14,9:45:55.950966078,T,TGT,F,100,90.28
2025-11-14,9:45:57.423408907,T,TGT,F I,60,90.25
2025-11-14,9:45:57.424184792,T,TGT,F,100,90.27
2025-11-14,9:46:02.683362979,T,TGT,F,100,90.32
2025-11-14,9:46:02.683362979,T,TGT,F I,13,90.32
2025-11-14,9:46:02.683365995,T,TGT,F I,1,90.32
2025-11-14,9:46:03.799907957,T,TGT,F,100,90.33
2025-11-14,9:46:03.800942447,T,TGT,,100,90.33
2025-11-14,9:46:03.813752954,T,TGT,F I,5,90.33
2025-11-14,9:46:07.557921977,T,TGT,I,75,90.3
2025-11-14,9:46:07.557925488,T,TGT,,127,90.3
2025-11-14,9:46:07.557928152,T,TGT,,127,90.29
2025-11-14,9:46:07.557928152,T,TGT,I,71,90.28
2025-11-14,9:46:08.776220415,T,TGT,I,60,90.32
2025-11-14,9:46:08.776900024,T,TGT,F,100,90.33
2025-11-14,9:46:10.552642442,T,TGT,I,75,90.325
2025-11-14,9:46:10.552687626,T,TGT,F I,75,90.325
2025-11-14,9:46:10.552726714,T,TGT,F I,75,90.325
2025-11-14,9:46:10.552762739,T,TGT,F I,75,90.325
2025-11-14,9:46:20.004216640,T,TGT,I,1,90.335
2025-11-14,9:46:21.742056749,T,TGT,I,5,90.325
2025-11-14,9:46:25.847786033,T,TGT,I,8,90.33
2025-11-14,9:46:31.799466145,T,TGT,F I,75,90.33
2025-11-14,9:46:32.733921245,T,TGT,F I,60,90.34
2025-11-14,9:46:33.259008181,T,TGT,F I,60,90.38
2025-11-14,9:46:33.259057193,T,TGT,I,10,90.4
2025-11-14,9:46:33.259059354,T,TGT,,100,90.4
2025-11-14,9:46:33.259062316,T,TGT,,100,90.4
2025-11-14,9:46:33.259552411,T,TGT,F I,1,90.42
2025-11-14,9:46:33.259696826,T,TGT,,100,90.4
2025-11-14,9:46:33.259696826,T,TGT,,120,90.4
2025-11-14,9:46:33.448715143,T,TGT,F,200,90.43
2025-11-14,9:46:33.449394842,T,TGT,,200,90.43
2025-11-14,9:46:33.450011267,T,TGT,F,200,90.43
2025-11-14,9:46:33.450477399,T,TGT,I,8,90.43
2025-11-14,9:46:33.450489440,T,TGT,,100,90.43
2025-11-14,9:46:33.450498361,T,TGT,I,92,90.43
2025-11-14,9:46:33.451490803,T,TGT,,200,90.43
2025-11-14,9:46:33.451929826,T,TGT,,200,90.43
2025-11-14,9:46:33.452579335,T,TGT,I,10,90.44
2025-11-14,9:46:33.452579335,T,TGT,,100,90.44
2025-11-14,9:46:35.410811496,T,TGT,I,16,90.45
2025-11-14,9:46:35.410817492,T,TGT,F I,44,90.45
2025-11-14,9:46:35.410817492,T,TGT,F I,5,90.45
2025-11-14,9:46:35.412757177,T,TGT,I,13,90.42
2025-11-14,9:46:35.881411681,T,TGT,I,75,90.385
2025-11-14,9:46:44.360020580,T,TGT,I,1,90.395
2025-11-14,9:46:44.663741235,T,TGT,I,12,90.42
2025-11-14,9:46:44.663885582,T,TGT,I,18,90.42
2025-11-14,9:46:53.468444267,T,TGT,F I,60,90.43
2025-11-14,9:46:53.468450301,T,TGT,F,100,90.44
2025-11-14,9:46:55.483695345,T,TGT,F,100,90.45
2025-11-14,9:46:55.483698379,T,TGT,F,200,90.45
2025-11-14,9:46:55.483701379,T,TGT,F I,1,90.45
2025-11-14,9:46:56.301057620,T,TGT,I,2,90.465
2025-11-14,9:47:00.800121015,T,TGT,I,5,90.43
2025-11-14,9:47:00.800142068,T,TGT,I,5,90.43
2025-11-14,9:47:04.016084467,T,TGT,I,75,90.415
2025-11-14,9:47:04.160407323,T,TGT,I,9,90.4
2025-11-14,9:47:06.054364401,T,TGT,,100,90.415
2025-11-14,9:47:10.341470818,T,TGT,F I,1,90.44
2025-11-14,9:47:10.350050408,T,TGT,F,100,90.46
2025-11-14,9:47:10.350053267,T,TGT,F I,50,90.46
2025-11-14,9:47:10.350056312,T,TGT,F,100,90.46
2025-11-14,9:47:10.350056312,T,TGT,F I,3,90.46
2025-11-14,9:47:10.369425462,T,TGT,I,5,90.46
2025-11-14,9:47:10.616469955,T,TGT,I,47,90.49
2025-11-14,9:47:10.617218802,T,TGT,F I,75,90.46
2025-11-14,9:47:12.919485568,T,TGT,F I,19,90.45
2025-11-14,9:47:12.926768924,T,TGT,F I,75,90.45
2025-11-14,9:47:21.821626821,T,TGT,I,60,90.445
2025-11-14,9:47:29.470902605,T,TGT,F I,69,90.47
2025-11-14,9:47:29.470902605,T,TGT,F I,82,90.47
2025-11-14,9:47:29.470956620,T,TGT,F I,18,90.47
2025-11-14,9:47:29.471233113,T,TGT,F I,75,90.48
2025-11-14,9:47:29.471248123,T,TGT,F I,25,90.48
2025-11-14,9:47:29.526243135,T,TGT,I,60,90.515
2025-11-14,9:47:29.561529195,T,TGT,I,40,90.515
2025-11-14,9:47:29.561580394,T,TGT,I,60,90.515
2025-11-14,9:47:29.781734992,T,TGT,F I,6,90.54
2025-11-14,9:47:39.428636064,T,TGT,I,34,90.58
2025-11-14,9:47:39.428639154,T,TGT,I,10,90.58
2025-11-14,9:47:40.132959119,T,TGT,I,30,90.555
2025-11-14,9:47:42.717096322,T,TGT,F I,75,90.54
2025-11-14,9:47:55.105542144,T,TGT,I,30,90.57
2025-11-14,9:47:55.109866418,T,TGT,I,19,90.57
2025-11-14,9:47:55.109890413,T,TGT,F I,51,90.57
2025-11-14,9:47:55.109890413,T,TGT,F I,4,90.57
2025-11-14,9:47:55.109893477,T,TGT,F I,2,90.57
2025-11-14,9:48:02.821083258,T,TGT,I,60,90.56
2025-11-14,9:48:02.828923062,T,TGT,I,10,90.58
2025-11-14,9:48:02.828923062,T,TGT,I,1,90.58
2025-11-14,9:48:08.903130321,T,TGT,I,28,90.59
2025-11-14,9:48:08.903148465,T,TGT,F I,72,90.59
2025-11-14,9:48:08.903148465,T,TGT,F I,2,90.59
2025-11-14,9:48:08.903150812,T,TGT,F I,5,90.59
2025-11-14,9:48:08.903171838,T,TGT,I,1,90.59
2025-11-14,9:48:13.294618148,T,TGT,F I,75,90.54
2025-11-14,9:48:13.665028312,T,TGT,F I,25,90.5
2025-11-14,9:48:13.665031344,T,TGT,F I,50,90.5
2025-11-14,9:48:13.665034334,T,TGT,F I,25,90.5
2025-11-14,9:48:13.665425280,T,TGT,F I,25,90.49
2025-11-14,9:48:13.665443278,T,TGT,I,75,90.49
2025-11-14,9:48:13.666330456,T,TGT,,100,90.5
2025-11-14,9:48:13.898531568,T,TGT,I,75,90.465
2025-11-14,9:48:14.486871193,T,TGT,I,40,90.48
2025-11-14,9:48:19.538750675,T,TGT,F,100,90.44
2025-11-14,9:48:19.538750675,T,TGT,F I,21,90.44
2025-11-14,9:48:25.697185388,T,TGT,I,75,90.425
2025-11-14,9:48:31.456942248,T,TGT,I,4,90.36
2025-11-14,9:48:31.456969344,T,TGT,F,100,90.35
2025-11-14,9:48:31.456990645,T,TGT,I,1,90.35
2025-11-14,9:48:31.456999388,T,TGT,F I,11,90.35
2025-11-14,9:48:31.457011444,T,TGT,F I,88,90.35
2025-11-14,9:48:31.457242922,T,TGT,F I,1,90.34
2025-11-14,9:48:41.260147055,T,TGT,I,6,90.32
2025-11-14,9:48:51.032290698,T,TGT,F I,1,90.29
2025-11-14,9:48:51.032293743,T,TGT,F,100,90.29
2025-11-14,9:48:51.068830782,T,TGT,I,1,90.29
2025-11-14,9:48:51.068833745,T,TGT,I,60,90.3
2025-11-14,9:48:51.068836785,T,TGT,I,3,90.3
2025-11-14,9:48:51.068854849,T,TGT,F I,1,90.3
2025-11-14,9:48:51.068857824,T,TGT,F I,3,90.3
2025-11-14,9:48:51.068857824,T,TGT,F I,1,90.3
2025-11-14,9:48:56.406889920,T,TGT,I,60,90.31
2025-11-14,9:48:56.406889920,T,TGT,I,7,90.31
2025-11-14,9:48:56.406907931,T,TGT,I,1,90.31
2025-11-14,9:48:56.407296214,T,TGT,F I,24,90.31
2025-11-14,9:48:56.407296214,T,TGT,F I,3,90.31
2025-11-14,9:48:56.407298843,T,TGT,F I,8,90.31
2025-11-14,9:48:56.408122835,T,TGT,I,8,90.31
2025-11-14,9:48:59.664523782,T,TGT,F I,67,90.29
2025-11-14,9:48:59.664535754,T,TGT,F I,3,90.29
2025-11-14,9:48:59.664539239,T,TGT,F I,60,90.3
2025-11-14,9:48:59.664539239,T,TGT,F I,7,90.3
2025-11-14,9:48:59.664541892,T,TGT,F I,80,90.3
2025-11-14,9:48:59.664559836,T,TGT,I,1,90.3
2025-11-14,9:49:00.081190469,T,TGT,F I,60,90.3
2025-11-14,9:49:00.157440130,T,TGT,I,55,90.33
2025-11-14,9:49:00.157488275,T,TGT,I,13,90.31
2025-11-14,9:49:00.157737833,T,TGT,F I,60,90.32
2025-11-14,9:49:00.158026792,T,TGT,I,16,90.31
2025-11-14,9:49:00.158107762,T,TGT,I,13,90.3
2025-11-14,9:49:02.028124667,T,TGT,F I,9,90.3
2025-11-14,9:49:05.141859685,T,TGT,I,32,90.31
2025-11-14,9:49:05.141898821,T,TGT,I,28,90.31
2025-11-14,9:49:05.141901812,T,TGT,I,1,90.31
2025-11-14,9:49:11.250203969,T,TGT,I,70,90.285
2025-11-14,9:49:13.550251482,T,TGT,I,60,90.31
2025-11-14,9:49:13.554587879,T,TGT,F,100,90.33
2025-11-14,9:49:13.554587879,T,TGT,F I,94,90.33
2025-11-14,9:49:13.554590942,T,TGT,F I,2,90.33
2025-11-14,9:49:13.554590942,T,TGT,F I,2,90.34
2025-11-14,9:49:13.554626938,T,TGT,F I,88,90.35
2025-11-14,9:49:13.554652133,T,TGT,F I,12,90.35
2025-11-14,9:49:13.554654380,T,TGT,F I,20,90.35
2025-11-14,9:49:13.554656910,T,TGT,F,100,90.35
2025-11-14,9:49:13.805036446,T,TGT,F I,60,90.38
2025-11-14,9:49:13.805039532,T,TGT,F I,10,90.38
2025-11-14,9:49:13.805039532,T,TGT,F I,5,90.39
2025-11-14,9:49:19.606195939,T,TGT,,100,90.33
2025-11-14,9:49:19.606198854,T,TGT,,200,90.33
2025-11-14,9:49:19.607019836,T,TGT,F I,60,90.34
2025-11-14,9:49:19.707062227,T,TGT,F I,75,90.34
2025-11-14,9:49:19.707083274,T,TGT,I,25,90.34
2025-11-14,9:49:22.976736598,T,TGT,F I,1,90.28
2025-11-14,9:49:22.976760654,T,TGT,F I,69,90.28
2025-11-14,9:49:22.976760654,T,TGT,F I,1,90.27
2025-11-14,9:49:22.977572555,T,TGT,F I,16,90.25
2025-11-14,9:49:30.647895196,T,TGT,I,50,90.225
2025-11-14,9:49:36.799148605,T,TGT,F I,75,90.25
2025-11-14,9:49:36.799325963,T,TGT,F I,11,90.25
2025-11-14,9:49:37.464345290,T,TGT,I,60,90.225
2025-11-14,9:49:37.464411461,T,TGT,I,40,90.225
2025-11-14,9:49:37.471872219,T,TGT,I,50,90.225
2025-11-14,9:49:43.231436715,T,TGT,F I,1,90.26
2025-11-14,9:49:45.021691727,T,TGT,F I,60,90.26
2025-11-14,9:49:45.021694749,T,TGT,F I,40,90.26
2025-11-14,9:49:45.021697795,T,TGT,F I,60,90.27
2025-11-14,9:49:45.021697795,T,TGT,F I,40,90.28
2025-11-14,9:49:45.029050205,T,TGT,I,62,90.26
2025-11-14,9:49:45.235585276,T,TGT,F I,60,90.28
2025-11-14,9:49:45.235585276,T,TGT,F I,1,90.28
2025-11-14,9:49:54.897176706,T,TGT,F,100,90.32
2025-11-14,9:49:59.996283544,T,TGT,I,75,90.31
2025-11-14,9:50:02.996711969,T,TGT,F,221,90.3
2025-11-14,9:50:02.996711969,T,TGT,F,153,90.3
2025-11-14,9:50:02.996714672,T,TGT,F I,51,90.3
2025-11-14,9:50:02.996714672,T,TGT,F I,1,90.3
2025-11-14,9:50:05.222575517,T,TGT,,100,90.34
2025-11-14,9:50:05.222575517,T,TGT,,100,90.35
2025-11-14,9:50:05.222593562,T,TGT,I,1,90.35
2025-11-14,9:50:05.222596818,T,TGT,I,1,90.35
2025-11-14,9:50:05.223582907,T,TGT,I,6,90.36
2025-11-14,9:50:15.499868655,T,TGT,I,20,90.39
2025-11-14,9:50:15.499943782,T,TGT,I,30,90.39
2025-11-14,9:50:20.143808136,T,TGT,I,6,90.415
2025-11-14,9:50:25.637304591,T,TGT,F,100,90.38
2025-11-14,9:50:25.637773696,T,TGT,I,12,90.38
2025-11-14,9:50:25.637779728,T,TGT,I,88,90.39
2025-11-14,9:50:25.637791736,T,TGT,I,1,90.39
2025-11-14,9:50:25.637830918,T,TGT,I,11,90.39
2025-11-14,9:50:25.638080439,T,TGT,,100,90.4
2025-11-14,9:50:25.639541946,T,TGT,F,100,90.38
2025-11-14,9:50:25.643571499,T,TGT,F,100,90.39
2025-11-14,9:50:25.643574634,T,TGT,F I,24,90.39
2025-11-14,9:50:25.643577698,T,TGT,F,100,90.39
2025-11-14,9:50:25.643580687,T,TGT,F I,70,90.39
2025-11-14,9:50:25.643580687,T,TGT,F,100,90.39
2025-11-14,9:50:30.816002032,T,TGT,I,10,90.42
2025-11-14,9:50:33.695494031,T,TGT,I,90,90.42
2025-11-14,9:50:33.695496966,T,TGT,,150,90.42
2025-11-14,9:50:33.695500010,T,TGT,I,49,90.43
2025-11-14,9:50:33.695537024,T,TGT,I,12,90.41
2025-11-14,9:50:33.695539622,T,TGT,I,70,90.41
2025-11-14,9:50:36.429319075,T,TGT,I,4,90.42
2025-11-14,9:50:41.854218749,T,TGT,F I,52,90.4
2025-11-14,9:50:41.854221804,T,TGT,F I,8,90.4
2025-11-14,9:50:41.854236855,T,TGT,I,52,90.4
2025-11-14,9:50:41.855875995,T,TGT,I,9,90.41
2025-11-14,9:50:41.855875995,T,TGT,I,56,90.41
2025-11-14,9:50:41.855878680,T,TGT,I,66,90.41
2025-11-14,9:50:41.862001257,T,TGT,F I,75,90.45
2025-11-14,9:50:41.862013308,T,TGT,F I,75,90.45
2025-11-14,9:50:41.862016431,T,TGT,F,150,90.45
2025-11-14,9:50:41.862019337,T,TGT,F I,2,90.45
2025-11-14,9:50:41.866166238,T,TGT,I,11,90.47
2025-11-14,9:50:46.447003436,T,TGT,F,100,90.48
2025-11-14,9:50:46.447391391,T,TGT,F I,1,90.5
2025-11-14,9:50:46.486830400,T,TGT,I,24,90.48
2025-11-14,9:50:46.486830400,T,TGT,I,9,90.48
2025-11-14,9:50:46.486833334,T,TGT,I,5,90.48
2025-11-14,9:50:46.486842330,T,TGT,I,38,90.48
2025-11-14,9:50:46.486851396,T,TGT,F I,62,90.48
2025-11-14,9:50:46.486854892,T,TGT,F I,13,90.47
2025-11-14,9:50:46.486857444,T,TGT,F I,75,90.47
2025-11-14,9:50:46.486866402,T,TGT,F I,12,90.47
2025-11-14,9:50:46.486869576,T,TGT,F I,23,90.47
2025-11-14,9:50:46.486869576,T,TGT,F I,6,90.47
2025-11-14,9:50:46.486872445,T,TGT,F I,34,90.47
2025-11-14,9:50:46.486878419,T,TGT,I,1,90.47
2025-11-14,9:50:46.486885030,T,TGT,I,65,90.47
2025-11-14,9:50:46.486887504,T,TGT,I,10,90.47
2025-11-14,9:50:46.487609874,T,TGT,F I,23,90.45
2025-11-14,9:50:46.487609874,T,TGT,F I,6,90.45
2025-11-14,9:50:46.559263899,T,TGT,F I,6,90.43
2025-11-14,9:50:46.559267110,T,TGT,F,100,90.43
2025-11-14,9:50:46.559269920,T,TGT,F I,49,90.43
2025-11-14,9:50:46.559269920,T,TGT,F I,51,90.43
2025-11-14,9:50:46.559272967,T,TGT,F I,51,90.43
2025-11-14,9:50:46.559282008,T,TGT,F I,49,90.43
2025-11-14,9:50:46.559570580,T,TGT,F,100,90.42
2025-11-14,9:50:46.560283286,T,TGT,I,1,90.42
2025-11-14,9:50:47.566414196,T,TGT,F I,15,90.42
2025-11-14,9:50:47.566417265,T,TGT,F I,20,90.42
2025-11-14,9:50:47.566432202,T,TGT,F I,17,90.42
2025-11-14,9:50:47.566432202,T,TGT,F I,38,90.42
2025-11-14,9:50:47.566465311,T,TGT,I,29,90.42
2025-11-14,9:50:47.566468474,T,TGT,I,27,90.42
2025-11-14,9:50:47.566468474,T,TGT,I,25,90.42
2025-11-14,9:50:47.566471369,T,TGT,I,16,90.42
2025-11-14,9:50:47.566489420,T,TGT,F,165,90.42
2025-11-14,9:50:50.520998022,T,TGT,I,63,90.405
2025-11-14,9:50:51.522492090,T,TGT,F,100,90.39
2025-11-14,9:50:52.923523659,T,TGT,I,1,90.29
2025-11-14,9:50:57.005442246,T,TGT,I,28,90.32
2025-11-14,9:50:57.005442246,T,TGT,I,3,90.32
2025-11-14,9:50:57.005457511,T,TGT,F I,3,90.32
2025-11-14,9:51:00.450208971,T,TGT,F,100,90.33
2025-11-14,9:51:00.450220942,T,TGT,I,1,90.33
2025-11-14,9:51:00.450227047,T,TGT,F I,99,90.33
2025-11-14,9:51:00.450227047,T,TGT,F I,18,90.33
2025-11-14,9:51:00.450233004,T,TGT,F I,50,90.33
2025-11-14,9:51:00.450233004,T,TGT,F I,10,90.33
2025-11-14,9:51:00.450266099,T,TGT,F,100,90.34
2025-11-14,9:51:00.450293177,T,TGT,F I,60,90.33
2025-11-14,9:51:00.451384746,T,TGT,,200,90.35
2025-11-14,9:51:01.813693187,T,TGT,I,5,90.32
2025-11-14,9:51:01.813693187,T,TGT,I,10,90.32
2025-11-14,9:51:04.481429610,T,TGT,F I,20,90.26
2025-11-14,9:51:08.686909578,T,TGT,I,5,90.27
2025-11-14,9:51:08.686969750,T,TGT,I,1,90.28
2025-11-14,9:51:08.686972937,T,TGT,I,10,90.28
2025-11-14,9:51:08.686975804,T,TGT,,100,90.28
2025-11-14,9:51:08.686975804,T,TGT,,100,90.28
2025-11-14,9:51:08.686993786,T,TGT,I,1,90.28
2025-11-14,9:51:08.687018231,T,TGT,I,99,90.28
2025-11-14,9:51:08.687018231,T,TGT,I,50,90.28
2025-11-14,9:51:08.687980118,T,TGT,F,100,90.28
2025-11-14,9:51:17.436271581,T,TGT,F I,19,90.28
2025-11-14,9:51:20.071723125,T,TGT,F I,75,90.28
2025-11-14,9:51:21.289161609,T,TGT,I,12,90.27
2025-11-14,9:51:22.755304481,T,TGT,F I,1,90.25
2025-11-14,9:51:31.289119275,T,TGT,I,6,90.215
2025-11-14,9:51:32.006258761,T,TGT,F I,22,90.19
2025-11-14,9:51:32.006264761,T,TGT,F I,10,90.18
2025-11-14,9:51:44.177966053,T,TGT,I,62,90.22
2025-11-14,9:51:44.177987032,T,TGT,F I,38,90.22
2025-11-14,9:51:44.177990725,T,TGT,F,100,90.22
2025-11-14,9:51:44.177993787,T,TGT,F I,50,90.22
2025-11-14,9:51:44.177993787,T,TGT,F I,40,90.22
2025-11-14,9:51:44.178005320,T,TGT,I,1,90.22
2025-11-14,9:51:44.687911833,T,TGT,I,75,90.205
2025-11-14,9:51:48.807101386,T,TGT,,100,90.21
2025-11-14,9:51:48.807101386,T,TGT,I,40,90.21
2025-11-14,9:51:48.807546568,T,TGT,F I,75,90.195
2025-11-14,9:51:48.807549268,T,TGT,F I,25,90.19
2025-11-14,9:51:48.807828922,T,TGT,F I,24,90.19
2025-11-14,9:51:48.807828922,T,TGT,F I,25,90.18
2025-11-14,9:52:01.712195646,T,TGT,I,30,90.18
2025-11-14,9:52:02.295329839,T,TGT,F I,28,90.19
2025-11-14,9:52:02.295329839,T,TGT,F I,1,90.19
2025-11-14,9:52:03.259240150,T,TGT,I,3,90.21
2025-11-14,9:52:03.259240150,T,TGT,I,21,90.21
2025-11-14,9:52:03.287260935,T,TGT,I,21,90.24
2025-11-14,9:52:03.287282057,T,TGT,F,179,90.24
2025-11-14,9:52:03.287829292,T,TGT,I,60,90.23
2025-11-14,9:52:09.465504385,T,TGT,F I,50,90.24
2025-11-14,9:52:09.465506567,T,TGT,F I,4,90.24
2025-11-14,9:52:09.465515626,T,TGT,F,150,90.24
2025-11-14,9:52:14.069562250,T,TGT,I,2,90.26
2025-11-14,9:52:19.594771785,T,TGT,F I,60,90.26
2025-11-14,9:52:20.733647945,T,TGT,I,31,90.26
2025-11-14,9:52:29.993949359,T,TGT,F I,29,90.27
2025-11-14,9:52:29.993949359,T,TGT,F I,3,90.27
2025-11-14,9:52:29.993951279,T,TGT,F I,10,90.27
2025-11-14,9:52:37.114714350,T,TGT,F I,1,90.23
2025-11-14,9:52:37.114747399,T,TGT,I,1,90.23
2025-11-14,9:52:37.115072192,T,TGT,I,81,90.23
2025-11-14,9:52:39.717896178,T,TGT,F I,24,90.23
2025-11-14,9:52:39.717899036,T,TGT,F I,2,90.23
2025-11-14,9:52:46.967338790,T,TGT,I,3,90.24
2025-11-14,9:52:46.967341745,T,TGT,I,17,90.24
2025-11-14,9:52:53.137152435,T,TGT,I,10,90.22
2025-11-14,9:52:53.688660357,T,TGT,I,4,90.22
2025-11-14,9:52:54.054794617,T,TGT,I,50,90.23
2025-11-14,9:52:56.552247438,T,TGT,F I,75,90.24
2025-11-14,9:52:56.552250547,T,TGT,F I,8,90.24
2025-11-14,9:52:56.553284913,T,TGT,F I,75,90.28
2025-11-14,9:52:56.816790696,T,TGT,F I,60,90.3
2025-11-14,9:52:56.816790696,T,TGT,F I,10,90.3
2025-11-14,9:52:56.817160589,T,TGT,F,100,90.31
2025-11-14,9:52:56.817163562,T,TGT,F I,35,90.31
2025-11-14,9:52:59.329216172,T,TGT,I,4,90.34
2025-11-14,9:53:07.564551808,T,TGT,F I,8,90.33
2025-11-14,9:53:08.475388763,T,TGT,I,19,90.36
2025-11-14,9:53:08.475388763,T,TGT,I,1,90.36
2025-11-14,9:53:08.479120641,T,TGT,F I,2,90.37
2025-11-14,9:53:08.486933371,T,TGT,I,20,90.38
2025-11-14,9:53:13.397555206,T,TGT,F I,51,90.31
2025-11-14,9:53:13.397560145,T,TGT,F I,10,90.31
2025-11-14,9:53:13.397560145,T,TGT,F I,39,90.31
2025-11-14,9:53:13.408124292,T,TGT,,100,90.3
2025-11-14,9:53:13.411844149,T,TGT,F,100,90.31
2025-11-14,9:53:13.411865165,T,TGT,I,1,90.31
2025-11-14,9:53:13.411889235,T,TGT,I,45,90.31
2025-11-14,9:53:13.411892219,T,TGT,F I,54,90.31
2025-11-14,9:53:13.411895269,T,TGT,F I,19,90.31
2025-11-14,9:53:13.417912860,T,TGT,F I,75,90.28
2025-11-14,9:53:13.417915583,T,TGT,F I,70,90.28
2025-11-14,9:53:13.417918559,T,TGT,F I,55,90.27
2025-11-14,9:53:13.592421359,T,TGT,F I,75,90.3
2025-11-14,9:53:13.592445420,T,TGT,F I,25,90.3
2025-11-14,9:53:23.381125334,T,TGT,F,100,90.32
2025-11-14,9:53:23.381128352,T,TGT,F I,55,90.32
2025-11-14,9:53:23.381128352,T,TGT,F I,61,90.32
2025-11-14,9:53:23.381131327,T,TGT,F I,2,90.32
2025-11-14,9:53:23.382830424,T,TGT,I,52,90.31
2025-11-14,9:53:23.382830424,T,TGT,I,8,90.31
2025-11-14,9:53:29.960274088,T,TGT,F I,40,90.33
2025-11-14,9:53:41.155570223,T,TGT,,300,90.28
2025-11-14,9:53:41.155570223,T,TGT,I,70,90.27
2025-11-14,9:53:41.155594365,T,TGT,F,150,90.27
2025-11-14,9:53:41.155597339,T,TGT,F,479,90.27
2025-11-14,9:53:41.801280617,T,TGT,I,1,90.3
2025-11-14,9:53:41.801284115,T,TGT,I,1,90.3
2025-11-14,9:53:41.801284115,T,TGT,I,1,90.3
2025-11-14,9:53:41.801286652,T,TGT,I,1,90.3
2025-11-14,9:53:42.695725558,T,TGT,F I,1,90.31
2025-11-14,9:53:42.695752584,T,TGT,F I,75,90.31
2025-11-14,9:53:42.695776585,T,TGT,F I,1,90.31
2025-11-14,9:53:42.695779609,T,TGT,F I,1,90.31
2025-11-14,9:53:42.695800659,T,TGT,F I,22,90.31
2025-11-14,9:53:42.695803651,T,TGT,F I,1,90.32
2025-11-14,9:53:42.695849739,T,TGT,,100,90.33
2025-11-14,9:53:42.695852541,T,TGT,,100,90.33
2025-11-14,9:53:42.695854842,T,TGT,I,38,90.33
2025-11-14,9:53:42.695854842,T,TGT,,125,90.33
2025-11-14,9:53:42.695887903,T,TGT,F I,6,90.34
2025-11-14,9:53:42.695887903,T,TGT,F I,10,90.34
2025-11-14,9:53:42.695890936,T,TGT,F I,6,90.34
2025-11-14,9:53:42.697217140,T,TGT,I,25,90.33
2025-11-14,9:53:42.697244163,T,TGT,I,75,90.33
2025-11-14,9:53:42.697247353,T,TGT,I,25,90.33
2025-11-14,9:53:42.698233482,T,TGT,F I,27,90.33
2025-11-14,9:53:42.698606434,T,TGT,F I,2,90.34
2025-11-14,9:53:42.698678591,T,TGT,I,20,90.36
2025-11-14,9:53:42.698681554,T,TGT,I,10,90.36
2025-11-14,9:53:46.493367760,T,TGT,F I,4,90.35
2025-11-14,9:53:46.493370749,T,TGT,F I,2,90.35
2025-11-14,9:53:46.493374559,T,TGT,F I,18,90.35
2025-11-14,9:53:46.493374559,T,TGT,F I,51,90.35
2025-11-14,9:53:46.493382707,T,TGT,F I,66,90.35
2025-11-14,9:53:46.496065125,T,TGT,I,70,90.35
2025-11-14,9:53:46.563215164,T,TGT,F I,46,90.33
2025-11-14,9:53:46.570300016,T,TGT,F I,54,90.33
2025-11-14,9:53:46.570302991,T,TGT,F,100,90.33
2025-11-14,9:53:46.570302991,T,TGT,F I,16,90.33
2025-11-14,9:53:46.570321175,T,TGT,I,1,90.33
2025-11-14,9:53:46.570336072,T,TGT,I,30,90.33
2025-11-14,9:53:46.570342112,T,TGT,F I,27,90.33
2025-11-14,9:53:46.570348149,T,TGT,F I,42,90.33
2025-11-14,9:53:46.570666927,T,TGT,F I,7,90.32
2025-11-14,9:54:03.638448946,T,TGT,,127,90.3
2025-11-14,9:54:03.638452008,T,TGT,,100,90.31
2025-11-14,9:54:03.638452008,T,TGT,,127,90.31
2025-11-14,9:54:03.641717784,T,TGT,I,6,90.31
2025-11-14,9:54:03.642030539,T,TGT,I,6,90.31
2025-11-14,9:54:03.642352278,T,TGT,I,10,90.3
2025-11-14,9:54:03.652985597,T,TGT,I,1,90.31
2025-11-14,9:54:03.653054769,T,TGT,I,88,90.31
2025-11-14,9:54:03.653415690,T,TGT,,100,90.31
2025-11-14,9:54:03.653419751,T,TGT,I,90,90.31
2025-11-14,9:54:03.653806907,T,TGT,F I,1,90.32
2025-11-14,9:54:03.653866687,T,TGT,,100,90.32
2025-11-14,9:54:03.654110332,T,TGT,I,4,90.32
2025-11-14,9:54:03.654110332,T,TGT,,496,90.32
2025-11-14,9:54:03.654371958,T,TGT,,100,90.33
2025-11-14,9:54:03.654705777,T,TGT,I,1,90.32
2025-11-14,9:54:03.995068626,T,TGT,I,7,90.32
2025-11-14,9:54:06.117943020,T,TGT,I,2,90.34
2025-11-14,9:54:06.154047339,T,TGT,I,26,90.36
2025-11-14,9:54:06.154047339,T,TGT,I,12,90.36
2025-11-14,9:54:06.154706252,T,TGT,I,30,90.34
2025-11-14,9:54:06.154706252,T,TGT,I,9,90.34
2025-11-14,9:54:06.154708522,T,TGT,I,20,90.34
2025-11-14,9:54:18.989471772,T,TGT,F I,32,90.28
2025-11-14,9:54:18.989471772,T,TGT,F I,35,90.28
2025-11-14,9:54:18.989498555,T,TGT,F I,1,90.28
2025-11-14,9:54:20.604706767,T,TGT,I,28,90.24
2025-11-14,9:54:20.604706767,T,TGT,I,21,90.24
2025-11-14,9:54:26.118958427,T,TGT,F I,49,90.14
2025-11-14,9:54:26.118977308,T,TGT,F I,51,90.14
2025-11-14,9:54:26.118979969,T,TGT,F I,50,90.14
2025-11-14,9:55:00.083984446,T,TGT,F I,37,90.12
2025-11-14,9:55:00.083988213,T,TGT,F I,30,90.12
2025-11-14,9:55:00.083988213,T,TGT,F I,3,90.12
2025-11-14,9:55:00.083993607,T,TGT,F I,20,90.12
2025-11-14,9:55:00.083993607,T,TGT,F,100,90.13
2025-11-14,9:55:00.083996758,T,TGT,F I,13,90.13
2025-11-14,9:55:00.083996758,T,TGT,F I,82,90.13
2025-11-14,9:55:00.083999691,T,TGT,F I,1,90.13
2025-11-14,9:55:00.083999691,T,TGT,F I,12,90.13
2025-11-14,9:55:00.084002013,T,TGT,F I,3,90.13
2025-11-14,9:55:00.084044183,T,TGT,F I,12,90.14
2025-11-14,9:55:00.084092288,T,TGT,F I,10,90.15
2025-11-14,9:55:00.084486218,T,TGT,F I,1,90.17
2025-11-14,9:55:00.084489173,T,TGT,F,125,90.17
2025-11-14,9:55:01.792693689,T,TGT,I,3,90.13
2025-11-14,9:55:01.792750768,T,TGT,I,10,90.12
2025-11-14,9:55:01.816272883,T,TGT,I,30,90.1
2025-11-14,9:55:01.817523822,T,TGT,F I,75,90.11
2025-11-14,9:55:01.817545367,T,TGT,F I,25,90.11
2025-11-14,9:55:01.817554380,T,TGT,F I,10,90.12
2025-11-14,9:55:01.817562887,T,TGT,F I,15,90.12
2025-11-14,9:55:01.817565859,T,TGT,F I,10,90.12
2025-11-14,9:55:01.817575335,T,TGT,F I,10,90.13
2025-11-14,9:55:01.817578219,T,TGT,F I,6,90.13
2025-11-14,9:55:01.818387340,T,TGT,I,12,90.15
2025-11-14,9:55:01.818390007,T,TGT,I,24,90.15
2025-11-14,9:55:01.818392828,T,TGT,I,49,90.15
2025-11-14,9:55:01.818450304,T,TGT,I,2,90.14
2025-11-14,9:55:01.818450304,T,TGT,I,25,90.14
2025-11-14,9:55:01.818505343,T,TGT,F I,91,90.15
2025-11-14,9:55:01.818570270,T,TGT,I,10,90.14
2025-11-14,9:55:01.818580207,T,TGT,F I,9,90.15
2025-11-14,9:55:01.818609779,T,TGT,I,18,90.14
