DATE,TIME_M,EX,SYM_ROOT,TR_SCOND,SIZE,PRICE
2025-12-24,9:30:00.997835331,T,TGT,I,85,94.55
2025-12-24,9:30:00.997847355,T,TGT,Q,85,94.55
2025-12-24,9:30:00.997853289,T,TGT,I,26,94.54
2025-12-24,9:30:00.997865349,T,TGT,F I,26,94.54
2025-12-24,9:30:00.997865349,T,TGT,I,1,94.54
2025-12-24,9:30:02.909793356,T,TGT,I,1,94.61
2025-12-24,9:30:05.035798167,T,TGT,F I,1,94.565
2025-12-24,9:30:05.035801200,T,TGT,F I,1,94.56
2025-12-24,9:30:05.327565333,T,TGT,I,2,94.49
2025-12-24,9:30:06.895597082,T,TGT,I,1,94.53
2025-12-24,9:30:15.984948937,T,TGT,F I,1,94.45
2025-12-24,9:30:15.984951928,T,TGT,F I,1,94.45
2025-12-24,9:30:15.985824307,T,TGT,I,4,94.44
2025-12-24,9:30:15.985827725,T,TGT,I,8,94.44
2025-12-24,9:30:15.985827725,T,TGT,I,7,94.44
2025-12-24,9:30:15.986097681,T,TGT,F I,20,94.43
2025-12-24,9:30:15.986248034,T,TGT,F I,1,94.43
2025-12-24,9:30:15.986338333,T,TGT,F I,20,94.41
2025-12-24,9:30:15.986341262,T,TGT,F I,1,94.4
2025-12-24,9:30:15.986344574,T,TGT,F,100,94.4
2025-12-24,9:30:15.986347402,T,TGT,F I,20,94.4
2025-12-24,9:30:15.986347402,T,TGT,F I,61,94.4
2025-12-24,9:30:15.986383367,T,TGT,F I,1,94.4
2025-12-24,9:30:15.986630030,T,TGT,F I,38,94.4
2025-12-24,9:30:15.986630030,T,TGT,F I,12,94.39
2025-12-24,9:30:15.986681105,T,TGT,F I,1,94.39
2025-12-24,9:30:15.986930639,T,TGT,F I,17,94.39
2025-12-24,9:30:15.986933734,T,TGT,F I,20,94.39
2025-12-24,9:30:15.987294546,T,TGT,F I,20,94.37
2025-12-24,9:30:16.110657423,T,TGT,F I,20,94.34
2025-12-24,9:30:19.622276470,T,TGT,F I,1,94.32
2025-12-24,9:30:19.622357658,T,TGT,F I,20,94.3
2025-12-24,9:30:19.622357658,T,TGT,F I,10,94.3
2025-12-24,9:30:19.622381691,T,TGT,F I,12,94.3
2025-12-24,9:30:32.655864336,T,TGT,,100,94.31
2025-12-24,9:30:32.655900451,T,TGT,I,62,94.31
2025-12-24,9:30:53.700011288,T,TGT,,100,94.18
2025-12-24,9:30:53.700014286,T,TGT,,100,94.18
2025-12-24,9:30:53.700014286,T,TGT,I,2,94.18
2025-12-24,9:30:53.700197747,T,TGT,F I,9,94.21
2025-12-24,9:30:53.700209746,T,TGT,I,91,94.21
2025-12-24,9:30:53.700281983,T,TGT,F I,9,94.21
2025-12-24,9:30:53.700306479,T,TGT,I,91,94.21
2025-12-24,9:30:53.700727036,T,TGT,F I,76,94.21
2025-12-24,9:30:53.700997685,T,TGT,I,80,94.22
2025-12-24,9:30:53.701000636,T,TGT,I,20,94.21
2025-12-24,9:30:53.701409644,T,TGT,F I,4,94.21
2025-12-24,9:31:03.413473445,T,TGT,I,20,94.37
2025-12-24,9:31:20.518205334,T,TGT,F I,19,94.44
2025-12-24,9:31:20.518274388,T,TGT,F,100,94.47
2025-12-24,9:31:20.518310426,T,TGT,F I,29,94.47
2025-12-24,9:31:20.518316517,T,TGT,F I,71,94.47
2025-12-24,9:31:20.518326257,T,TGT,F I,4,94.48
2025-12-24,9:31:20.518367648,T,TGT,F I,25,94.48
2025-12-24,9:31:20.518490941,T,TGT,I,1,94.45
2025-12-24,9:31:20.518490941,T,TGT,I,99,94.41
2025-12-24,9:31:20.518553995,T,TGT,F I,1,94.48
2025-12-24,9:31:20.518947930,T,TGT,F I,59,94.48
2025-12-24,9:31:20.519155527,T,TGT,I,13,94.53
2025-12-24,9:31:20.543242888,T,TGT,I,1,94.47
2025-12-24,9:31:20.543315017,T,TGT,,100,94.47
2025-12-24,9:31:31.340543902,T,TGT,,100,94.415
2025-12-24,9:31:31.341800956,T,TGT,,100,94.415
2025-12-24,9:31:47.179656364,T,TGT,F I,1,94.51
2025-12-24,9:32:19.716075126,T,TGT,I,1,94.445
2025-12-24,9:32:19.717720138,T,TGT,I,1,94.445
2025-12-24,9:32:19.741789420,T,TGT,I,4,94.38
2025-12-24,9:32:21.291955442,T,TGT,I,4,94.38
2025-12-24,9:32:21.400700611,T,TGT,I,4,94.38
2025-12-24,9:32:21.827844140,T,TGT,I,1,94.38
2025-12-24,9:32:21.827847129,T,TGT,I,3,94.37
2025-12-24,9:32:21.983801732,T,TGT,I,2,94.445
2025-12-24,9:32:21.989731841,T,TGT,I,4,94.37
2025-12-24,9:32:22.487468672,T,TGT,I,4,94.37
2025-12-24,9:32:22.587799664,T,TGT,I,4,94.37
2025-12-24,9:32:22.928288759,T,TGT,I,4,94.37
2025-12-24,9:32:22.988630568,T,TGT,I,4,94.37
2025-12-24,9:32:23.077744858,T,TGT,I,4,94.37
2025-12-24,9:32:24.348097297,T,TGT,I,4,94.37
2025-12-24,9:32:24.407732453,T,TGT,I,4,94.37
2025-12-24,9:32:26.009817207,T,TGT,I,4,94.37
2025-12-24,9:32:26.524003118,T,TGT,I,4,94.37
2025-12-24,9:32:26.577711151,T,TGT,I,4,94.37
2025-12-24,9:32:28.285260113,T,TGT,I,4,94.37
2025-12-24,9:32:28.368309016,T,TGT,I,1,94.37
2025-12-24,9:32:28.368311937,T,TGT,I,3,94.37
2025-12-24,9:32:28.368946536,T,TGT,I,2,94.445
2025-12-24,9:32:28.484457976,T,TGT,I,1,94.37
2025-12-24,9:32:28.484460750,T,TGT,I,3,94.37
2025-12-24,9:32:29.403904134,T,TGT,I,1,94.37
2025-12-24,9:32:29.403904134,T,TGT,I,3,94.37
2025-12-24,9:32:31.847077656,T,TGT,I,1,94.37
2025-12-24,9:32:31.847077656,T,TGT,I,3,94.37
2025-12-24,9:32:31.967815291,T,TGT,I,1,94.37
2025-12-24,9:32:31.967815291,T,TGT,I,3,94.37
2025-12-24,9:32:32.659553302,T,TGT,I,1,94.37
2025-12-24,9:32:32.659553302,T,TGT,I,3,94.37
2025-12-24,9:32:32.737742641,T,TGT,I,1,94.37
2025-12-24,9:32:32.737742641,T,TGT,I,3,94.37
2025-12-24,9:32:33.122669170,T,TGT,I,1,94.37
2025-12-24,9:32:33.122671639,T,TGT,I,3,94.37
2025-12-24,9:32:34.408655264,T,TGT,I,1,94.37
2025-12-24,9:32:34.408658288,T,TGT,I,3,94.37
2025-12-24,9:32:37.409480353,T,TGT,I,1,94.37
2025-12-24,9:32:37.409483344,T,TGT,I,3,94.37
2025-12-24,9:32:37.554221286,T,TGT,I,1,94.37
2025-12-24,9:32:37.554221286,T,TGT,I,3,94.37
2025-12-24,9:32:37.554332756,T,TGT,I,1,94.37
2025-12-24,9:32:37.554332756,T,TGT,I,4,94.37
2025-12-24,9:32:37.554335643,T,TGT,I,4,94.37
2025-12-24,9:32:37.554338666,T,TGT,I,4,94.37
2025-12-24,9:32:37.554342108,T,TGT,I,4,94.37
2025-12-24,9:32:37.554342108,T,TGT,I,4,94.37
2025-12-24,9:32:37.554344872,T,TGT,I,4,94.37
2025-12-24,9:32:37.554344872,T,TGT,I,4,94.37
2025-12-24,9:32:37.554350851,T,TGT,I,4,94.37
2025-12-24,9:32:37.554350851,T,TGT,I,4,94.37
2025-12-24,9:32:37.554350851,T,TGT,I,4,94.37
2025-12-24,9:32:37.554356523,T,TGT,I,4,94.37
2025-12-24,9:32:37.554356523,T,TGT,I,4,94.37
2025-12-24,9:32:38.807333590,T,TGT,I,4,94.37
2025-12-24,9:32:38.897825296,T,TGT,I,4,94.37
2025-12-24,9:32:39.169817119,T,TGT,I,3,94.445
2025-12-24,9:32:40.411977415,T,TGT,I,4,94.37
2025-12-24,9:32:40.492238608,T,TGT,I,4,94.37
2025-12-24,9:32:40.492368408,T,TGT,I,29,94.37
2025-12-24,9:32:40.492371020,T,TGT,I,8,94.37
2025-12-24,9:32:40.492374316,T,TGT,I,4,94.37
2025-12-24,9:32:40.492374316,T,TGT,I,4,94.37
2025-12-24,9:32:40.492376925,T,TGT,I,4,94.37
2025-12-24,9:32:40.492500681,T,TGT,I,4,94.36
2025-12-24,9:32:40.575503971,T,TGT,I,1,94.35
2025-12-24,9:32:40.575516102,T,TGT,F I,1,94.35
2025-12-24,9:32:40.585800602,T,TGT,F I,50,94.37
2025-12-24,9:32:40.585842675,T,TGT,F I,50,94.37
2025-12-24,9:32:40.585878710,T,TGT,F I,50,94.37
2025-12-24,9:32:40.585911839,T,TGT,F I,50,94.37
2025-12-24,9:32:44.115384274,T,TGT,,100,94.375
2025-12-24,9:32:44.141850411,T,TGT,,100,94.375
2025-12-24,9:32:44.560200996,T,TGT,,100,94.375
2025-12-24,9:32:45.587710051,T,TGT,,100,94.375
2025-12-24,9:33:01.504001535,T,TGT,F I,1,94.37
2025-12-24,9:33:01.504633088,T,TGT,F I,36,94.36
2025-12-24,9:33:01.504633088,T,TGT,F I,14,94.36
2025-12-24,9:33:01.504678187,T,TGT,F I,3,94.36
2025-12-24,9:33:16.085824771,T,TGT,I,2,94.375
2025-12-24,9:33:32.720474576,T,TGT,F I,2,94.28
2025-12-24,9:33:32.720474576,T,TGT,F I,20,94.28
2025-12-24,9:33:32.720476619,T,TGT,F I,8,94.28
2025-12-24,9:33:32.721853947,T,TGT,F I,71,94.3
2025-12-24,9:33:32.725468488,T,TGT,I,2,94.365
2025-12-24,9:33:32.731819699,T,TGT,I,1,94.365
2025-12-24,9:33:49.465106518,T,TGT,I,2,94.37
2025-12-24,9:34:02.332356088,T,TGT,F I,57,94.29
2025-12-24,9:34:02.332374096,T,TGT,F I,43,94.29
2025-12-24,9:34:02.332377167,T,TGT,F I,43,94.29
2025-12-24,9:34:02.332392102,T,TGT,F I,43,94.29
2025-12-24,9:34:02.332392102,T,TGT,I,1,94.29
2025-12-24,9:34:02.332419135,T,TGT,F I,13,94.29
2025-12-24,9:34:02.332485324,T,TGT,,100,94.31
2025-12-24,9:34:02.332485324,T,TGT,I,17,94.31
2025-12-24,9:34:11.997889689,T,TGT,I,17,94.29
2025-12-24,9:34:11.997893105,T,TGT,I,27,94.29
2025-12-24,9:34:11.997893105,T,TGT,I,14,94.29
2025-12-24,9:34:11.997895767,T,TGT,I,9,94.29
2025-12-24,9:34:11.998067196,T,TGT,I,8,94.32
2025-12-24,9:34:11.998220522,T,TGT,I,8,94.33
2025-12-24,9:34:12.168648528,T,TGT,F I,16,94.34
2025-12-24,9:34:15.188686433,T,TGT,I,50,94.335
2025-12-24,9:34:15.188731505,T,TGT,F I,50,94.335
2025-12-24,9:34:15.188764608,T,TGT,F I,50,94.335
2025-12-24,9:34:15.188797666,T,TGT,F I,50,94.335
2025-12-24,9:34:15.188833789,T,TGT,F I,50,94.335
2025-12-24,9:34:15.188869826,T,TGT,I,50,94.335
2025-12-24,9:34:15.188903057,T,TGT,I,50,94.335
2025-12-24,9:34:20.478646001,T,TGT,I,17,94.36
2025-12-24,9:34:20.528787481,T,TGT,I,15,94.38
2025-12-24,9:34:20.528790464,T,TGT,I,2,94.38
2025-12-24,9:34:20.607930010,T,TGT,I,19,94.38
2025-12-24,9:34:26.355489906,T,TGT,F I,2,94.33
2025-12-24,9:34:26.355877886,T,TGT,I,65,94.33
2025-12-24,9:34:26.355898879,T,TGT,I,1,94.33
2025-12-24,9:34:26.355920072,T,TGT,F I,9,94.33
2025-12-24,9:34:26.356001165,T,TGT,I,90,94.33
2025-12-24,9:34:26.356001165,T,TGT,I,10,94.33
2025-12-24,9:34:26.356019222,T,TGT,F I,1,94.33
2025-12-24,9:34:26.372140563,T,TGT,I,15,94.35
2025-12-24,9:34:37.130814883,T,TGT,I,18,94.39
2025-12-24,9:34:37.130814883,T,TGT,I,13,94.39
2025-12-24,9:34:43.834186935,T,TGT,F I,1,94.39
2025-12-24,9:35:04.709728070,T,TGT,F I,12,94.43
2025-12-24,9:35:04.709761417,T,TGT,F I,20,94.44
2025-12-24,9:35:04.709764498,T,TGT,F I,1,94.44
2025-12-24,9:35:04.709767189,T,TGT,F I,1,94.44
2025-12-24,9:35:04.709782178,T,TGT,F I,12,94.44
2025-12-24,9:35:04.710122021,T,TGT,,100,94.425
2025-12-24,9:35:04.710558101,T,TGT,I,1,94.44
2025-12-24,9:35:04.710637463,T,TGT,F I,20,94.46
2025-12-24,9:35:04.710639387,T,TGT,F I,12,94.46
2025-12-24,9:35:04.710663311,T,TGT,F,100,94.47
2025-12-24,9:35:04.710684407,T,TGT,I,1,94.47
2025-12-24,9:35:04.710714471,T,TGT,F,100,94.47
2025-12-24,9:35:04.710750518,T,TGT,,100,94.455
2025-12-24,9:35:04.750839522,T,TGT,I,5,94.45
2025-12-24,9:35:04.750860941,T,TGT,F I,95,94.45
2025-12-24,9:35:04.750860941,T,TGT,F I,2,94.45
2025-12-24,9:35:04.750863231,T,TGT,F I,6,94.45
2025-12-24,9:35:04.750866162,T,TGT,F I,1,94.45
2025-12-24,9:35:04.750899258,T,TGT,I,31,94.44
2025-12-24,9:35:04.750902188,T,TGT,I,69,94.44
2025-12-24,9:35:04.750905182,T,TGT,I,20,94.44
2025-12-24,9:35:04.750914268,T,TGT,I,15,94.45
2025-12-24,9:35:04.750947261,T,TGT,F,100,94.44
2025-12-24,9:35:04.750968377,T,TGT,I,10,94.43
2025-12-24,9:35:06.875096938,T,TGT,F,100,94.41
2025-12-24,9:35:06.875147937,T,TGT,F I,8,94.4
2025-12-24,9:35:12.506381614,T,TGT,I,12,94.43
2025-12-24,9:35:12.506381614,T,TGT,I,2,94.43
2025-12-24,9:35:12.506871783,T,TGT,I,6,94.44
2025-12-24,9:35:32.450724220,T,TGT,F I,10,94.5
2025-12-24,9:35:32.450724220,T,TGT,F I,50,94.5
2025-12-24,9:35:37.420141351,T,TGT,I,12,94.54
2025-12-24,9:35:37.420144263,T,TGT,I,48,94.54
2025-12-24,9:35:40.436242664,T,TGT,I,1,94.525
2025-12-24,9:35:40.436242664,T,TGT,I,1,94.525
2025-12-24,9:35:54.074538058,T,TGT,I,2,94.525
2025-12-24,9:36:04.023776791,T,TGT,I,57,94.52
2025-12-24,9:36:06.096804564,T,TGT,F,100,94.53
2025-12-24,9:36:06.384235364,T,TGT,I,70,94.53
2025-12-24,9:36:06.384235364,T,TGT,I,30,94.52
2025-12-24,9:36:06.384262521,T,TGT,I,70,94.52
2025-12-24,9:36:06.384262521,T,TGT,I,79,94.52
2025-12-24,9:36:06.384271407,T,TGT,I,10,94.52
2025-12-24,9:36:06.384274417,T,TGT,I,90,94.52
2025-12-24,9:36:06.384283483,T,TGT,F I,1,94.54
2025-12-24,9:36:06.384286977,T,TGT,F I,1,94.53
2025-12-24,9:36:06.384289481,T,TGT,I,99,94.53
2025-12-24,9:36:06.384325534,T,TGT,F I,2,94.54
2025-12-24,9:36:06.384343567,T,TGT,F I,1,94.53
2025-12-24,9:36:06.384377042,T,TGT,I,6,94.55
2025-12-24,9:36:06.384377042,T,TGT,I,50,94.56
2025-12-24,9:36:06.384379631,T,TGT,I,6,94.56
2025-12-24,9:36:06.384515371,T,TGT,I,4,94.56
2025-12-24,9:36:06.384517997,T,TGT,I,2,94.56
2025-12-24,9:36:06.384698463,T,TGT,F I,1,94.57
2025-12-24,9:36:06.385125408,T,TGT,F I,7,94.57
2025-12-24,9:36:06.385152512,T,TGT,I,40,94.57
2025-12-24,9:36:06.385155560,T,TGT,,100,94.57
2025-12-24,9:36:06.387131174,T,TGT,F,160,94.57
2025-12-24,9:36:06.446324303,T,TGT,,100,94.58
2025-12-24,9:36:06.448874384,T,TGT,I,20,94.59
2025-12-24,9:36:06.448907351,T,TGT,I,55,94.59
2025-12-24,9:36:06.488129879,T,TGT,I,25,94.59
2025-12-24,9:36:06.986910090,T,TGT,I,1,94.58
2025-12-24,9:36:06.986934138,T,TGT,I,19,94.58
2025-12-24,9:36:08.172974776,T,TGT,I,50,94.575
2025-12-24,9:36:08.521189353,T,TGT,F I,2,94.58
2025-12-24,9:36:13.748254210,T,TGT,,100,94.56
2025-12-24,9:36:13.748257475,T,TGT,I,1,94.56
2025-12-24,9:36:13.749147317,T,TGT,I,1,94.56
2025-12-24,9:36:13.753570887,T,TGT,F I,1,94.58
2025-12-24,9:36:13.753576907,T,TGT,F I,6,94.58
2025-12-24,9:36:13.753576907,T,TGT,F I,5,94.59
2025-12-24,9:36:13.754854891,T,TGT,F I,6,94.59
2025-12-24,9:36:13.754897064,T,TGT,F I,10,94.6
2025-12-24,9:36:13.755463021,T,TGT,F I,1,94.58
2025-12-24,9:36:13.755463021,T,TGT,F I,11,94.58
2025-12-24,9:36:13.755465675,T,TGT,F I,9,94.58
2025-12-24,9:36:13.755465675,T,TGT,F I,1,94.58
2025-12-24,9:36:13.755976605,T,TGT,I,6,94.58
2025-12-24,9:36:13.756178101,T,TGT,F I,1,94.59
2025-12-24,9:36:19.013308586,T,TGT,I,1,94.605
2025-12-24,9:36:32.570173026,T,TGT,,100,94.56
2025-12-24,9:36:32.570191023,T,TGT,I,1,94.56
2025-12-24,9:36:32.570191023,T,TGT,F I,9,94.56
2025-12-24,9:36:35.227153003,T,TGT,F I,6,94.59
2025-12-24,9:36:35.227155940,T,TGT,F,100,94.6
2025-12-24,9:36:35.227159460,T,TGT,F I,44,94.6
2025-12-24,9:36:35.227159460,T,TGT,F I,6,94.6
2025-12-24,9:36:35.227162054,T,TGT,F,144,94.6
2025-12-24,9:36:35.227174528,T,TGT,F I,6,94.6
2025-12-24,9:36:35.227177151,T,TGT,I,1,94.6
2025-12-24,9:36:35.227189085,T,TGT,I,6,94.6
2025-12-24,9:36:35.227501802,T,TGT,F I,50,94.6
2025-12-24,9:36:35.871970151,T,TGT,F I,50,94.6
2025-12-24,9:36:35.872015242,T,TGT,F I,43,94.6
2025-12-24,9:37:04.415037103,T,TGT,F I,3,94.64
2025-12-24,9:37:04.415115570,T,TGT,F I,14,94.65
2025-12-24,9:37:04.415118517,T,TGT,F,100,94.65
2025-12-24,9:37:04.415121402,T,TGT,F I,20,94.65
2025-12-24,9:37:04.415190873,T,TGT,,100,94.61
2025-12-24,9:37:04.415190873,T,TGT,,100,94.61
2025-12-24,9:37:04.415193550,T,TGT,I,21,94.61
2025-12-24,9:37:04.415212808,T,TGT,I,1,94.63
2025-12-24,9:37:04.415388934,T,TGT,F,100,94.64
2025-12-24,9:37:04.415392127,T,TGT,F I,22,94.64
2025-12-24,9:37:04.415395003,T,TGT,F,100,94.64
2025-12-24,9:37:04.415449184,T,TGT,I,17,94.65
2025-12-24,9:37:04.415764959,T,TGT,F I,8,94.64
2025-12-24,9:37:04.415764959,T,TGT,F I,18,94.63
2025-12-24,9:37:04.416008467,T,TGT,,100,94.65
2025-12-24,9:37:04.416038535,T,TGT,F I,20,94.66
2025-12-24,9:37:04.416122753,T,TGT,F I,20,94.66
2025-12-24,9:37:04.465759017,T,TGT,I,22,94.63
2025-12-24,9:37:04.465843241,T,TGT,,400,94.63
2025-12-24,9:37:07.313266879,T,TGT,,117,94.64
2025-12-24,9:37:07.313272815,T,TGT,F I,83,94.64
2025-12-24,9:37:07.313275827,T,TGT,F I,34,94.63
2025-12-24,9:37:07.313896234,T,TGT,I,30,94.64
2025-12-24,9:37:07.313896234,T,TGT,I,66,94.63
2025-12-24,9:37:07.313898346,T,TGT,I,4,94.63
2025-12-24,9:37:07.313919395,T,TGT,I,1,94.63
2025-12-24,9:37:07.313919395,T,TGT,I,12,94.63
2025-12-24,9:37:07.314764429,T,TGT,I,1,94.63
2025-12-24,9:37:21.535709876,T,TGT,I,2,94.7
2025-12-24,9:37:26.177782480,T,TGT,F I,5,94.75
2025-12-24,9:37:26.177782480,T,TGT,F I,50,94.75
2025-12-24,9:37:26.337158759,T,TGT,F I,1,94.74
2025-12-24,9:37:26.337366292,T,TGT,,100,94.73
2025-12-24,9:37:30.482002359,T,TGT,F I,1,94.74
2025-12-24,9:37:30.482002359,T,TGT,F I,1,94.74
2025-12-24,9:37:37.019186476,T,TGT,,100,94.69
2025-12-24,9:37:37.019189327,T,TGT,I,1,94.68
2025-12-24,9:37:37.019192672,T,TGT,F I,32,94.68
2025-12-24,9:37:37.019192672,T,TGT,F I,85,94.67
2025-12-24,9:37:37.019210411,T,TGT,I,1,94.67
2025-12-24,9:37:37.019243514,T,TGT,I,14,94.67
2025-12-24,9:37:37.019243514,T,TGT,I,1,94.67
2025-12-24,9:37:37.019607433,T,TGT,F I,17,94.69
2025-12-24,9:37:37.022293064,T,TGT,,100,94.68
2025-12-24,9:37:37.022293064,T,TGT,,200,94.68
2025-12-24,9:37:47.550218198,T,TGT,F I,50,94.68
2025-12-24,9:37:47.550240310,T,TGT,F I,50,94.68
2025-12-24,9:37:47.550245295,T,TGT,F I,17,94.67
2025-12-24,9:37:47.550245295,T,TGT,F I,14,94.67
2025-12-24,9:37:47.550248995,T,TGT,F I,15,94.67
2025-12-24,9:37:47.550248995,T,TGT,F I,61,94.67
2025-12-24,9:37:47.550251321,T,TGT,F I,39,94.67
2025-12-24,9:37:47.550254941,T,TGT,F I,11,94.67
2025-12-24,9:37:47.550281768,T,TGT,F I,20,94.66
2025-12-24,9:37:47.550284331,T,TGT,F I,20,94.66
2025-12-24,9:37:47.551712771,T,TGT,F I,12,94.63
2025-12-24,9:37:47.585976394,T,TGT,F,100,94.6
2025-12-24,9:37:47.586445566,T,TGT,F I,1,94.59
2025-12-24,9:37:47.586445566,T,TGT,F I,1,94.59
2025-12-24,9:37:53.655173486,T,TGT,F,100,94.6
2025-12-24,9:37:55.833322639,T,TGT,F,100,94.57
2025-12-24,9:37:55.833325717,T,TGT,F I,12,94.57
2025-12-24,9:37:55.833325717,T,TGT,F I,1,94.57
2025-12-24,9:37:57.401850664,T,TGT,,100,94.565
2025-12-24,9:38:02.799737151,T,TGT,I,80,94.57
2025-12-24,9:38:03.965112473,T,TGT,I,80,94.57
2025-12-24,9:38:06.454689614,T,TGT,F,100,94.54
2025-12-24,9:38:27.114030825,T,TGT,,100,94.55
2025-12-24,9:38:38.667621580,T,TGT,I,1,94.53
2025-12-24,9:38:43.182484708,T,TGT,F I,14,94.52
2025-12-24,9:38:43.785734246,T,TGT,I,1,94.51
2025-12-24,9:38:44.275227928,T,TGT,I,2,94.515
2025-12-24,9:38:49.718083810,T,TGT,F,100,94.54
2025-12-24,9:38:49.718086814,T,TGT,F I,50,94.54
2025-12-24,9:38:49.718754717,T,TGT,F I,10,94.55
2025-12-24,9:38:49.718757443,T,TGT,F I,50,94.55
2025-12-24,9:38:49.718832661,T,TGT,I,23,94.54
2025-12-24,9:38:49.718844605,T,TGT,I,12,94.54
2025-12-24,9:38:56.503229637,T,TGT,I,25,94.56
2025-12-24,9:38:56.503232664,T,TGT,I,12,94.56
2025-12-24,9:38:56.503232664,T,TGT,I,67,94.55
2025-12-24,9:38:56.503247881,T,TGT,F I,33,94.55
2025-12-24,9:38:56.503247881,T,TGT,F I,4,94.55
2025-12-24,9:38:56.503253790,T,TGT,F I,20,94.55
2025-12-24,9:38:56.503253790,T,TGT,F I,16,94.55
2025-12-24,9:38:56.503256750,T,TGT,F I,1,94.55
2025-12-24,9:38:56.503256750,T,TGT,I,1,94.55
2025-12-24,9:38:56.503266184,T,TGT,F I,37,94.55
2025-12-24,9:38:56.503292841,T,TGT,I,24,94.55
2025-12-24,9:38:58.037328428,T,TGT,I,3,94.57
2025-12-24,9:39:13.126917813,T,TGT,I,2,94.545
2025-12-24,9:39:14.417129569,T,TGT,I,50,94.545
2025-12-24,9:39:31.596324639,T,TGT,F I,1,94.56
2025-12-24,9:39:31.596324639,T,TGT,F I,49,94.56
2025-12-24,9:39:31.597542564,T,TGT,I,1,94.56
2025-12-24,9:39:41.077708710,T,TGT,I,11,94.575
2025-12-24,9:39:42.453717726,T,TGT,I,3,94.55
2025-12-24,9:39:42.453735802,T,TGT,F I,97,94.55
2025-12-24,9:39:42.453738782,T,TGT,F I,3,94.55
2025-12-24,9:39:42.453738782,T,TGT,F I,2,94.55
2025-12-24,9:39:42.458538262,T,TGT,I,20,94.54
2025-12-24,9:39:42.463602345,T,TGT,F I,18,94.55
2025-12-24,9:39:42.463602345,T,TGT,F I,3,94.55
2025-12-24,9:39:42.463791789,T,TGT,F I,21,94.55
2025-12-24,9:39:42.464005243,T,TGT,F I,21,94.55
2025-12-24,9:39:47.612408620,T,TGT,I,27,94.51
2025-12-24,9:40:11.828274850,T,TGT,I,1,94.55
2025-12-24,9:40:32.151111425,T,TGT,F,100,94.52
2025-12-24,9:40:32.151114339,T,TGT,F I,1,94.52
2025-12-24,9:40:32.151114339,T,TGT,F I,1,94.52
2025-12-24,9:40:32.151601542,T,TGT,I,4,94.53
2025-12-24,9:40:32.151604591,T,TGT,I,2,94.53
2025-12-24,9:40:32.155856678,T,TGT,,100,94.49
2025-12-24,9:40:32.155859647,T,TGT,I,1,94.49
2025-12-24,9:40:35.223119076,T,TGT,F I,8,94.45
2025-12-24,9:40:35.223122442,T,TGT,F I,9,94.45
2025-12-24,9:40:35.231641336,T,TGT,I,21,94.44
2025-12-24,9:40:47.116895430,T,TGT,I,50,94.495
2025-12-24,9:41:00.634342471,T,TGT,F,100,94.45
2025-12-24,9:41:00.634342471,T,TGT,F I,1,94.45
2025-12-24,9:41:00.634360143,T,TGT,I,1,94.45
2025-12-24,9:41:00.634363763,T,TGT,I,42,94.45
2025-12-24,9:41:00.634372820,T,TGT,I,20,94.45
2025-12-24,9:41:00.634390293,T,TGT,I,20,94.45
2025-12-24,9:41:00.635536025,T,TGT,I,10,94.45
2025-12-24,9:41:00.635536025,T,TGT,I,6,94.45
2025-12-24,9:41:00.635538950,T,TGT,I,4,94.44
2025-12-24,9:41:00.635575098,T,TGT,F I,5,94.44
2025-12-24,9:41:00.635605112,T,TGT,I,11,94.44
2025-12-24,9:41:00.645600996,T,TGT,I,12,94.45
2025-12-24,9:41:00.645604023,T,TGT,I,1,94.45
2025-12-24,9:41:02.166717902,T,TGT,I,10,94.45
2025-12-24,9:41:08.597677326,T,TGT,I,30,94.45
2025-12-24,9:41:08.597680085,T,TGT,I,12,94.45
2025-12-24,9:41:08.597680085,T,TGT,I,91,94.46
2025-12-24,9:41:08.597691781,T,TGT,I,1,94.46
2025-12-24,9:41:08.598026183,T,TGT,I,8,94.46
2025-12-24,9:41:08.598026183,T,TGT,I,22,94.46
2025-12-24,9:41:08.598028598,T,TGT,I,11,94.46
2025-12-24,9:41:08.598031546,T,TGT,I,59,94.46
2025-12-24,9:41:08.598079612,T,TGT,F I,42,94.45
2025-12-24,9:41:08.598242101,T,TGT,F I,12,94.44
2025-12-24,9:41:18.242915156,T,TGT,,100,94.4
2025-12-24,9:41:18.243627837,T,TGT,F,200,94.4
2025-12-24,9:41:18.243706055,T,TGT,F I,4,94.42
2025-12-24,9:41:18.243727140,T,TGT,F I,24,94.42
2025-12-24,9:41:18.243727140,T,TGT,I,76,94.42
2025-12-24,9:41:18.244232244,T,TGT,F I,20,94.41
2025-12-24,9:41:18.244373595,T,TGT,F I,18,94.41
2025-12-24,9:41:26.245394015,T,TGT,I,2,94.45
2025-12-24,9:41:47.897643857,T,TGT,I,18,94.45
2025-12-24,9:41:47.897643857,T,TGT,I,43,94.45
2025-12-24,9:41:47.897646796,T,TGT,I,1,94.45
2025-12-24,9:41:47.897667767,T,TGT,F I,3,94.45
2025-12-24,9:41:47.897667767,T,TGT,F I,3,94.45
2025-12-24,9:41:47.898091749,T,TGT,F,100,94.46
2025-12-24,9:41:47.915034079,T,TGT,F I,50,94.48
2025-12-24,9:41:48.898094737,T,TGT,F I,50,94.48
2025-12-24,9:41:56.960364351,T,TGT,F I,74,94.5
2025-12-24,9:41:56.960779748,T,TGT,F I,20,94.51
2025-12-24,9:41:56.960779748,T,TGT,F I,10,94.51
2025-12-24,9:41:56.962013136,T,TGT,I,3,94.53
2025-12-24,9:41:56.962015422,T,TGT,I,2,94.53
2025-12-24,9:42:00.060946176,T,TGT,F I,88,94.5
2025-12-24,9:42:00.060964297,T,TGT,I,1,94.5
2025-12-24,9:42:00.060970586,T,TGT,F I,11,94.5
2025-12-24,9:42:00.060970586,T,TGT,F I,7,94.5
2025-12-24,9:42:00.060976288,T,TGT,F,200,94.5
2025-12-24,9:42:00.060976288,T,TGT,F I,1,94.5
2025-12-24,9:42:00.060979194,T,TGT,F I,99,94.5
2025-12-24,9:42:04.475541303,T,TGT,I,2,94.49
2025-12-24,9:42:08.432097368,T,TGT,I,44,94.47
2025-12-24,9:42:08.487648655,T,TGT,I,12,94.47
2025-12-24,9:42:14.032772349,T,TGT,,107,94.515
2025-12-24,9:42:22.068101534,T,TGT,I,40,94.535
2025-12-24,9:42:40.255430392,T,TGT,I,20,94.56
2025-12-24,9:42:40.255511602,T,TGT,I,16,94.57
2025-12-24,9:42:40.256681359,T,TGT,I,2,94.58
2025-12-24,9:42:40.328612774,T,TGT,,100,94.58
2025-12-24,9:42:41.826057257,T,TGT,I,50,94.59
2025-12-24,9:42:41.826057257,T,TGT,I,72,94.58
2025-12-24,9:42:41.826075240,T,TGT,I,1,94.59
2025-12-24,9:42:49.222980393,T,TGT,,100,94.6
2025-12-24,9:42:51.215746816,T,TGT,F I,1,94.63
2025-12-24,9:42:51.215855093,T,TGT,F I,4,94.63
2025-12-24,9:42:55.748358270,T,TGT,F I,44,94.68
2025-12-24,9:42:57.524560834,T,TGT,F,100,94.69
2025-12-24,9:42:57.524594032,T,TGT,I,3,94.68
2025-12-24,9:42:57.524596899,T,TGT,I,41,94.68
2025-12-24,9:42:57.525429862,T,TGT,,100,94.69
2025-12-24,9:42:57.525847869,T,TGT,I,26,94.69
2025-12-24,9:43:02.600329146,T,TGT,F I,25,94.73
2025-12-24,9:43:04.436314147,T,TGT,I,1,94.73
2025-12-24,9:43:07.003674453,T,TGT,I,1,94.73
2025-12-24,9:43:11.864139407,T,TGT,,100,94.7
2025-12-24,9:43:11.864139407,T,TGT,I,1,94.7
2025-12-24,9:43:11.864141888,T,TGT,I,1,94.7
2025-12-24,9:43:11.864962887,T,TGT,I,1,94.68
2025-12-24,9:43:11.865738724,T,TGT,I,3,94.68
2025-12-24,9:43:11.865798919,T,TGT,I,4,94.67
2025-12-24,9:43:11.872670187,T,TGT,F I,6,94.68
2025-12-24,9:43:11.877950813,T,TGT,I,31,94.68
2025-12-24,9:43:11.878059094,T,TGT,I,40,94.68
2025-12-24,9:43:17.059595487,T,TGT,I,19,94.68
2025-12-24,9:43:18.510696530,T,TGT,I,22,94.68
2025-12-24,9:43:27.059417786,T,TGT,I,1,94.68
2025-12-24,9:43:29.344173887,T,TGT,I,14,94.68
2025-12-24,9:43:29.344176911,T,TGT,I,51,94.68
2025-12-24,9:43:29.372459279,T,TGT,I,12,94.68
2025-12-24,9:43:29.377294767,T,TGT,F,100,94.68
2025-12-24,9:43:29.377313343,T,TGT,I,2,94.68
2025-12-24,9:43:29.377315821,T,TGT,I,1,94.68
2025-12-24,9:43:29.754284915,T,TGT,F I,50,94.68
2025-12-24,9:43:29.754324000,T,TGT,I,35,94.68
2025-12-24,9:43:31.225329566,T,TGT,I,7,94.67
2025-12-24,9:43:31.225332575,T,TGT,I,2,94.67
2025-12-24,9:43:55.617620093,T,TGT,F I,50,94.64
2025-12-24,9:43:55.617680163,T,TGT,F I,50,94.64
2025-12-24,9:43:59.910097278,T,TGT,F I,1,94.63
2025-12-24,9:43:59.911582879,T,TGT,I,10,94.63
2025-12-24,9:43:59.911609883,T,TGT,F I,50,94.63
2025-12-24,9:43:59.911709124,T,TGT,I,29,94.63
2025-12-24,9:44:00.008401417,T,TGT,I,11,94.63
2025-12-24,9:44:02.211855880,T,TGT,F,100,94.6
2025-12-24,9:44:02.211949210,T,TGT,F I,6,94.59
2025-12-24,9:44:02.211949210,T,TGT,F I,20,94.59
2025-12-24,9:44:02.211952651,T,TGT,F I,1,94.59
2025-12-24,9:44:02.211955478,T,TGT,F I,1,94.59
2025-12-24,9:44:02.211955478,T,TGT,F I,4,94.59
2025-12-24,9:44:02.216571209,T,TGT,I,9,94.59
2025-12-24,9:44:02.415257510,T,TGT,I,9,94.6
2025-12-24,9:44:10.294827541,T,TGT,F I,3,94.58
2025-12-24,9:44:10.294827541,T,TGT,F I,3,94.58
2025-12-24,9:44:10.295624403,T,TGT,,100,94.59
2025-12-24,9:44:10.305142406,T,TGT,F I,16,94.6
2025-12-24,9:44:10.305142406,T,TGT,F I,12,94.6
2025-12-24,9:44:10.305145163,T,TGT,F,100,94.6
2025-12-24,9:44:10.305148142,T,TGT,F,100,94.6
2025-12-24,9:44:17.058168283,T,TGT,I,1,94.61
2025-12-24,9:44:18.598095187,T,TGT,I,36,94.63
2025-12-24,9:44:18.598098586,T,TGT,I,20,94.63
2025-12-24,9:44:18.598101137,T,TGT,F I,56,94.63
2025-12-24,9:44:18.598101137,T,TGT,F I,40,94.63
2025-12-24,9:44:28.773466326,T,TGT,I,7,94.63
2025-12-24,9:44:33.110518790,T,TGT,F I,69,94.63
2025-12-24,9:44:33.110533875,T,TGT,I,1,94.63
2025-12-24,9:44:33.110554964,T,TGT,I,30,94.63
2025-12-24,9:44:33.110554964,T,TGT,I,20,94.63
2025-12-24,9:44:33.110558108,T,TGT,I,1,94.63
2025-12-24,9:44:33.110560945,T,TGT,I,74,94.63
2025-12-24,9:44:33.110569874,T,TGT,I,26,94.63
2025-12-24,9:45:08.814693461,T,TGT,F I,21,94.64
2025-12-24,9:45:08.830219572,T,TGT,F I,20,94.65
2025-12-24,9:45:08.830222376,T,TGT,F I,1,94.65
2025-12-24,9:45:08.830222376,T,TGT,F I,20,94.65
2025-12-24,9:45:08.830225382,T,TGT,F I,41,94.65
2025-12-24,9:45:08.830258525,T,TGT,F,100,94.66
2025-12-24,9:45:08.830261504,T,TGT,F I,20,94.66
2025-12-24,9:45:08.830438938,T,TGT,F I,20,94.67
2025-12-24,9:45:08.830438938,T,TGT,F I,5,94.67
2025-12-24,9:45:08.830523172,T,TGT,F I,10,94.68
2025-12-24,9:45:08.830827665,T,TGT,I,20,94.66
2025-12-24,9:45:08.830827665,T,TGT,I,17,94.66
2025-12-24,9:45:08.830830203,T,TGT,I,9,94.66
2025-12-24,9:45:08.830832884,T,TGT,I,9,94.66
2025-12-24,9:45:08.830832884,T,TGT,I,37,94.66
2025-12-24,9:45:08.830854372,T,TGT,I,1,94.66
2025-12-24,9:45:08.830856943,T,TGT,I,79,94.67
2025-12-24,9:45:08.830882669,T,TGT,F I,21,94.66
2025-12-24,9:45:08.830882669,T,TGT,F I,9,94.68
2025-12-24,9:45:08.830887025,T,TGT,F I,17,94.68
2025-12-24,9:45:08.830887025,T,TGT,F I,30,94.68
2025-12-24,9:45:08.833286697,T,TGT,F I,70,94.68
2025-12-24,9:45:08.833286697,T,TGT,F,100,94.68
2025-12-24,9:45:14.733829970,T,TGT,F,100,94.69
2025-12-24,9:45:14.733832942,T,TGT,F I,31,94.68
2025-12-24,9:45:14.733851150,T,TGT,F I,69,94.68
2025-12-24,9:45:14.733851150,T,TGT,F I,30,94.68
2025-12-24,9:45:14.733857085,T,TGT,F I,1,94.68
2025-12-24,9:45:14.733857085,T,TGT,F I,1,94.68
2025-12-24,9:45:48.753866155,T,TGT,,100,94.685
2025-12-24,9:45:48.754831439,T,TGT,F I,3,94.69
2025-12-24,9:45:49.007938509,T,TGT,I,55,94.7
2025-12-24,9:45:49.007938509,T,TGT,I,1,94.7
2025-12-24,9:45:49.008470739,T,TGT,I,1,94.69
2025-12-24,9:45:59.059847884,T,TGT,I,10,94.75
2025-12-24,9:45:59.060437212,T,TGT,F I,5,94.73
2025-12-24,9:45:59.303458240,T,TGT,I,19,94.73
2025-12-24,9:45:59.303494329,T,TGT,I,81,94.73
2025-12-24,9:45:59.303497283,T,TGT,,100,94.72
2025-12-24,9:46:05.421948658,T,TGT,F I,12,94.72
2025-12-24,9:46:05.422520747,T,TGT,F I,12,94.72
2025-12-24,9:46:05.422523019,T,TGT,F I,12,94.72
2025-12-24,9:46:05.422679490,T,TGT,I,1,94.71
2025-12-24,9:46:05.422679490,T,TGT,I,11,94.71
2025-12-24,9:46:05.422694435,T,TGT,I,12,94.71
2025-12-24,9:46:05.422700560,T,TGT,I,11,94.71
2025-12-24,9:46:05.422703512,T,TGT,I,12,94.71
2025-12-24,9:46:05.436241777,T,TGT,F,100,94.7
2025-12-24,9:46:05.436837143,T,TGT,F I,2,94.69
2025-12-24,9:46:05.436855845,T,TGT,F I,18,94.69
2025-12-24,9:46:05.436858213,T,TGT,F I,5,94.69
2025-12-24,9:46:05.436993503,T,TGT,I,80,94.7
2025-12-24,9:46:05.437724330,T,TGT,I,20,94.7
2025-12-24,9:46:05.584350688,T,TGT,F I,50,94.68
2025-12-24,9:46:14.458771768,T,TGT,F,163,94.67
2025-12-24,9:46:14.458790594,T,TGT,F I,37,94.67
2025-12-24,9:46:14.458790594,T,TGT,F I,37,94.67
2025-12-24,9:46:14.458796461,T,TGT,I,1,94.67
2025-12-24,9:46:14.458796461,T,TGT,I,78,94.67
2025-12-24,9:46:14.458798847,T,TGT,I,37,94.67
2025-12-24,9:46:14.470776434,T,TGT,F I,32,94.68
2025-12-24,9:46:24.226546260,T,TGT,,100,94.66
2025-12-24,9:46:24.237110529,T,TGT,I,21,94.66
2025-12-24,9:46:24.390716411,T,TGT,I,20,94.68
2025-12-24,9:46:24.390716411,T,TGT,I,7,94.68
2025-12-24,9:46:24.394479164,T,TGT,F,100,94.7
2025-12-24,9:46:24.394962910,T,TGT,I,6,94.69
2025-12-24,9:46:34.765513899,T,TGT,I,14,94.76
2025-12-24,9:46:35.614030381,T,TGT,F I,11,94.78
2025-12-24,9:46:35.614349201,T,TGT,I,44,94.77
2025-12-24,9:46:38.992748006,T,TGT,I,1,94.79
2025-12-24,9:46:38.992753840,T,TGT,,220,94.79
2025-12-24,9:46:41.996483806,T,TGT,F I,5,94.8
2025-12-24,9:46:46.528202010,T,TGT,I,20,94.8
2025-12-24,9:47:00.349983370,T,TGT,F I,20,94.84
2025-12-24,9:47:00.349985606,T,TGT,F I,13,94.84
2025-12-24,9:47:02.563694478,T,TGT,F I,2,94.85
2025-12-24,9:47:04.547388556,T,TGT,F I,1,94.86
2025-12-24,9:47:04.751574877,T,TGT,I,57,94.84
2025-12-24,9:47:04.751580972,T,TGT,I,7,94.84
2025-12-24,9:47:04.751580972,T,TGT,I,86,94.84
2025-12-24,9:47:04.751632110,T,TGT,I,14,94.84
2025-12-24,9:47:04.935438910,T,TGT,I,24,94.84
2025-12-24,9:47:05.491875572,T,TGT,F I,12,94.87
2025-12-24,9:47:05.491896673,T,TGT,F I,44,94.88
2025-12-24,9:47:05.491965840,T,TGT,F I,8,94.88
2025-12-24,9:47:16.278116591,T,TGT,F,100,94.89
2025-12-24,9:47:16.278116591,T,TGT,F,100,94.89
2025-12-24,9:47:25.708661584,T,TGT,I,80,94.9
2025-12-24,9:47:27.572432718,T,TGT,F I,1,94.94
2025-12-24,9:47:27.572432718,T,TGT,F I,4,94.94
2025-12-24,9:47:39.993563506,T,TGT,,100,94.92
2025-12-24,9:47:39.993602944,T,TGT,I,23,94.91
2025-12-24,9:47:39.993623683,T,TGT,I,77,94.91
2025-12-24,9:47:39.993626653,T,TGT,I,4,94.91
2025-12-24,9:47:39.993632617,T,TGT,I,81,94.91
2025-12-24,9:47:39.993641708,T,TGT,I,19,94.91
2025-12-24,9:47:39.995620342,T,TGT,I,38,94.91
2025-12-24,9:47:40.008737623,T,TGT,I,50,94.91
2025-12-24,9:47:42.087337668,T,TGT,I,20,94.93
2025-12-24,9:47:42.743067814,T,TGT,I,11,94.94
2025-12-24,9:47:45.970894696,T,TGT,I,19,94.96
2025-12-24,9:47:52.696188792,T,TGT,F I,50,94.95
2025-12-24,9:47:52.778784190,T,TGT,F,100,94.94
2025-12-24,9:47:52.778786939,T,TGT,F I,5,94.94
2025-12-24,9:47:52.778786939,T,TGT,F I,1,94.94
2025-12-24,9:47:52.827120703,T,TGT,F I,20,94.93
2025-12-24,9:47:52.827120703,T,TGT,F I,20,94.93
2025-12-24,9:47:52.827141802,T,TGT,I,20,94.93
2025-12-24,9:47:52.827144822,T,TGT,F I,20,94.93
2025-12-24,9:47:52.827153841,T,TGT,F I,20,94.93
2025-12-24,9:47:52.827177828,T,TGT,I,20,94.93
2025-12-24,9:47:52.828242343,T,TGT,F,100,94.92
2025-12-24,9:47:52.831514197,T,TGT,F I,12,94.86
2025-12-24,9:47:52.832046474,T,TGT,F I,25,94.86
2025-12-24,9:47:52.832596747,T,TGT,F,100,94.86
2025-12-24,9:47:52.833180887,T,TGT,F I,30,94.86
2025-12-24,9:47:52.833180887,T,TGT,F I,25,94.85
2025-12-24,9:47:52.833183215,T,TGT,F,100,94.85
2025-12-24,9:47:52.833183215,T,TGT,F I,45,94.85
2025-12-24,9:47:52.833799667,T,TGT,F,100,94.86
2025-12-24,9:47:52.834037735,T,TGT,I,17,94.88
2025-12-24,9:47:52.834043236,T,TGT,,100,94.88
2025-12-24,9:47:52.834043236,T,TGT,I,35,94.88
2025-12-24,9:47:52.834043236,T,TGT,I,40,94.88
2025-12-24,9:47:52.834199566,T,TGT,I,35,94.89
2025-12-24,9:47:52.834202632,T,TGT,I,17,94.89
2025-12-24,9:47:52.834202632,T,TGT,,100,94.89
2025-12-24,9:47:52.834289828,T,TGT,F I,32,94.87
2025-12-24,9:47:52.834861209,T,TGT,F I,43,94.88
2025-12-24,9:47:52.834864135,T,TGT,F I,80,94.88
2025-12-24,9:47:52.834867169,T,TGT,F I,34,94.88
2025-12-24,9:47:52.834867169,T,TGT,F I,43,94.88
2025-12-24,9:47:52.834909229,T,TGT,F I,25,94.88
2025-12-24,9:47:52.835129036,T,TGT,I,35,94.87
2025-12-24,9:47:52.835129036,T,TGT,I,17,94.87
2025-12-24,9:47:52.835132388,T,TGT,I,12,94.87
2025-12-24,9:47:52.835134853,T,TGT,I,16,94.87
2025-12-24,9:47:52.836232537,T,TGT,F I,8,94.87
2025-12-24,9:47:52.836232537,T,TGT,F I,8,94.87
2025-12-24,9:47:52.836235394,T,TGT,F I,65,94.87
2025-12-24,9:47:52.839627525,T,TGT,F I,35,94.89
2025-12-24,9:47:52.839627525,T,TGT,F I,17,94.89
2025-12-24,9:47:52.867528366,T,TGT,F I,12,94.86
2025-12-24,9:47:52.867528366,T,TGT,F I,27,94.86
2025-12-24,9:47:52.868102349,T,TGT,F I,30,94.87
2025-12-24,9:47:52.868102349,T,TGT,F I,66,94.86
2025-12-24,9:47:52.868929331,T,TGT,,100,94.87
2025-12-24,9:47:52.869007959,T,TGT,F I,40,94.86
2025-12-24,9:47:52.869010616,T,TGT,F I,12,94.86
2025-12-24,9:47:52.869010616,T,TGT,F I,49,94.85
2025-12-24,9:47:52.869013744,T,TGT,F I,49,94.85
2025-12-24,9:47:52.869185040,T,TGT,F I,51,94.85
2025-12-24,9:47:52.869187943,T,TGT,F I,12,94.85
2025-12-24,9:47:52.869473916,T,TGT,F I,19,94.86
2025-12-24,9:47:52.869476888,T,TGT,F I,2,94.86
2025-12-24,9:47:52.869476888,T,TGT,F I,15,94.86
2025-12-24,9:47:52.869506677,T,TGT,F I,12,94.86
2025-12-24,9:47:52.870366716,T,TGT,F I,2,94.86
2025-12-24,9:47:52.870370408,T,TGT,F I,35,94.86
2025-12-24,9:47:52.870370408,T,TGT,F I,12,94.86
2025-12-24,9:47:52.870373269,T,TGT,F I,12,94.86
2025-12-24,9:47:52.870375780,T,TGT,F I,5,94.86
2025-12-24,9:47:52.870375780,T,TGT,F I,23,94.86
2025-12-24,9:47:52.870378794,T,TGT,F I,11,94.86
2025-12-24,9:47:52.871290485,T,TGT,F I,13,94.86
2025-12-24,9:47:52.871293411,T,TGT,F I,22,94.86
2025-12-24,9:47:52.871293411,T,TGT,F I,17,94.86
2025-12-24,9:47:52.871295953,T,TGT,F I,19,94.86
2025-12-24,9:47:52.872706263,T,TGT,F,100,94.86
2025-12-24,9:47:52.873921158,T,TGT,F I,20,94.84
2025-12-24,9:47:52.873921158,T,TGT,F I,80,94.84
2025-12-24,9:47:52.874820381,T,TGT,F I,20,94.84
2025-12-24,9:47:52.874824115,T,TGT,F I,5,94.84
2025-12-24,9:47:52.876967492,T,TGT,I,27,94.84
2025-12-24,9:47:52.876967492,T,TGT,I,19,94.84
2025-12-24,9:47:52.876970497,T,TGT,I,54,94.84
2025-12-24,9:47:52.876991512,T,TGT,I,1,94.84
2025-12-24,9:47:52.877001004,T,TGT,I,45,94.84
2025-12-24,9:47:52.877680171,T,TGT,F I,17,94.86
2025-12-24,9:47:52.877680171,T,TGT,F I,4,94.86
2025-12-24,9:47:52.877701214,T,TGT,F I,8,94.86
2025-12-24,9:47:52.879439367,T,TGT,I,2,94.85
2025-12-24,9:47:52.879442356,T,TGT,I,17,94.85
2025-12-24,9:47:52.879463420,T,TGT,I,1,94.85
2025-12-24,9:47:52.879509457,T,TGT,F I,17,94.87
2025-12-24,9:47:52.879511875,T,TGT,F I,35,94.87
2025-12-24,9:47:52.879514656,T,TGT,F,100,94.87
2025-12-24,9:47:52.879514656,T,TGT,F I,67,94.87
2025-12-24,9:48:13.732024081,T,TGT,I,13,94.92
2025-12-24,9:48:13.732027081,T,TGT,,100,94.92
2025-12-24,9:48:20.544877612,T,TGT,I,1,94.955
2025-12-24,9:48:21.136375553,T,TGT,F,100,94.94
2025-12-24,9:48:21.136378199,T,TGT,F I,35,94.94
2025-12-24,9:48:21.136381698,T,TGT,F I,17,94.94
2025-12-24,9:48:21.136381698,T,TGT,F I,57,94.94
2025-12-24,9:48:21.136389801,T,TGT,F,100,94.94
2025-12-24,9:48:21.136392759,T,TGT,F,100,94.94
2025-12-24,9:48:24.915496092,T,TGT,I,35,94.9
2025-12-24,9:48:24.919245984,T,TGT,I,7,94.92
2025-12-24,9:48:37.601422569,T,TGT,F I,7,94.9
2025-12-24,9:48:37.601422569,T,TGT,F I,2,94.9
2025-12-24,9:48:37.601473739,T,TGT,I,1,94.9
2025-12-24,9:48:39.383555316,T,TGT,,100,94.82
2025-12-24,9:48:41.933257637,T,TGT,F,100,94.82
2025-12-24,9:48:41.933329804,T,TGT,I,20,94.81
2025-12-24,9:48:42.312620420,T,TGT,F I,20,94.8
2025-12-24,9:48:42.312620420,T,TGT,F I,1,94.8
2025-12-24,9:48:50.465860710,T,TGT,F I,35,94.82
2025-12-24,9:48:50.465860710,T,TGT,F,100,94.82
2025-12-24,9:48:50.465863460,T,TGT,F,100,94.82
2025-12-24,9:48:50.466311503,T,TGT,,100,94.8
2025-12-24,9:48:50.466314538,T,TGT,I,37,94.8
2025-12-24,9:48:50.466317559,T,TGT,I,8,94.8
2025-12-24,9:48:50.466317559,T,TGT,I,27,94.8
2025-12-24,9:48:50.466894950,T,TGT,I,80,94.81
2025-12-24,9:48:50.466940033,T,TGT,,127,94.81
2025-12-24,9:49:02.645227263,T,TGT,F I,1,94.81
2025-12-24,9:49:02.650968685,T,TGT,,100,94.83
2025-12-24,9:49:02.671723347,T,TGT,,100,94.84
2025-12-24,9:49:02.747732495,T,TGT,I,50,94.84
2025-12-24,9:49:02.747756473,T,TGT,F I,50,94.835
2025-12-24,9:49:06.157246179,T,TGT,F I,1,94.86
2025-12-24,9:49:07.184325054,T,TGT,I,80,94.87
2025-12-24,9:49:07.184343130,T,TGT,F I,20,94.87
2025-12-24,9:49:07.606317449,T,TGT,F I,1,94.86
2025-12-24,9:49:10.441904834,T,TGT,I,1,94.86
2025-12-24,9:49:15.994771752,T,TGT,F I,89,94.85
2025-12-24,9:49:19.311409245,T,TGT,I,1,94.865
2025-12-24,9:49:44.515565420,T,TGT,,100,94.89
2025-12-24,9:49:44.515565420,T,TGT,,100,94.88
2025-12-24,9:49:44.515567824,T,TGT,I,13,94.88
2025-12-24,9:49:48.122379152,T,TGT,F,100,94.88
2025-12-24,9:49:48.122382030,T,TGT,F I,14,94.87
2025-12-24,9:49:48.122399688,T,TGT,F I,86,94.87
2025-12-24,9:49:48.122402789,T,TGT,F I,10,94.87
2025-12-24,9:49:48.122405789,T,TGT,F I,1,94.87
2025-12-24,9:49:48.122405789,T,TGT,F I,3,94.87
2025-12-24,9:49:48.402150087,T,TGT,I,25,94.89
2025-12-24,9:50:19.733540858,T,TGT,,100,94.87
2025-12-24,9:50:19.733543906,T,TGT,I,5,94.87
2025-12-24,9:50:19.750095288,T,TGT,F I,20,94.86
2025-12-24,9:50:31.366015874,T,TGT,F I,30,94.87
2025-12-24,9:50:33.048016130,T,TGT,F I,1,94.89
2025-12-24,9:50:33.048016130,T,TGT,F,100,94.89
2025-12-24,9:50:34.907655402,T,TGT,F I,1,94.9
2025-12-24,9:50:38.225068732,T,TGT,I,4,94.9
2025-12-24,9:50:39.232144025,T,TGT,F I,50,94.9
2025-12-24,9:50:40.148135264,T,TGT,F I,54,94.91
2025-12-24,9:50:40.148255455,T,TGT,F,100,94.92
2025-12-24,9:50:40.149028388,T,TGT,,100,94.92
2025-12-24,9:50:48.638216691,T,TGT,I,1,94.96
2025-12-24,9:50:48.638219655,T,TGT,I,1,94.96
2025-12-24,9:50:48.729180442,T,TGT,I,43,94.97
2025-12-24,9:50:48.729201445,T,TGT,F,157,94.97
2025-12-24,9:50:48.729204502,T,TGT,F I,1,94.97
2025-12-24,9:50:49.830824954,T,TGT,F I,28,94.95
2025-12-24,9:50:49.857465452,T,TGT,F,100,94.94
2025-12-24,9:50:49.857468917,T,TGT,F,300,94.94
2025-12-24,9:50:49.860153816,T,TGT,F I,64,94.94
2025-12-24,9:50:49.860153816,T,TGT,F I,36,94.94
2025-12-24,9:50:49.860177884,T,TGT,F I,64,94.94
2025-12-24,9:50:49.884695374,T,TGT,F I,37,94.95
2025-12-24,9:50:50.592840299,T,TGT,,100,94.96
2025-12-24,9:50:50.592873636,T,TGT,I,80,94.96
2025-12-24,9:50:50.592876693,T,TGT,I,15,94.95
2025-12-24,9:50:50.592880219,T,TGT,I,85,94.95
2025-12-24,9:50:50.592880219,T,TGT,,100,94.95
2025-12-24,9:50:57.494462696,T,TGT,F,100,94.94
2025-12-24,9:50:57.494462696,T,TGT,F I,30,94.94
2025-12-24,9:51:05.182581609,T,TGT,F I,20,94.93
2025-12-24,9:51:05.182581609,T,TGT,F I,4,94.93
2025-12-24,9:51:05.182605746,T,TGT,F I,22,94.94
2025-12-24,9:51:05.182608722,T,TGT,F I,19,94.94
2025-12-24,9:51:06.361471127,T,TGT,,100,94.945
2025-12-24,9:51:06.361507589,T,TGT,I,22,94.94
2025-12-24,9:51:06.361510179,T,TGT,,100,94.94
2025-12-24,9:51:06.362394324,T,TGT,,150,94.935
2025-12-24,9:51:06.362445511,T,TGT,,150,94.94
2025-12-24,9:51:10.249966094,T,TGT,I,16,94.93
2025-12-24,9:51:15.202221893,T,TGT,F I,84,94.93
2025-12-24,9:51:15.202221893,T,TGT,F I,10,94.93
2025-12-24,9:51:15.202224200,T,TGT,F I,4,94.92
2025-12-24,9:51:15.202227242,T,TGT,F I,12,94.92
2025-12-24,9:51:46.613666183,T,TGT,F I,5,94.9
2025-12-24,9:51:46.614107665,T,TGT,F I,1,94.89
2025-12-24,9:51:59.902020330,T,TGT,F I,1,94.84
2025-12-24,9:52:30.738140553,T,TGT,I,1,94.85
2025-12-24,9:52:38.719848874,T,TGT,,100,94.84
2025-12-24,9:53:05.974222863,T,TGT,,100,94.835
2025-12-24,9:53:17.945018937,T,TGT,F,100,94.82
2025-12-24,9:53:17.945018937,T,TGT,F I,1,94.82
2025-12-24,9:53:17.945021722,T,TGT,F I,1,94.82
2025-12-24,9:53:17.958226138,T,TGT,F I,20,94.81
2025-12-24,9:53:17.958226138,T,TGT,F I,20,94.81
2025-12-24,9:53:17.958274342,T,TGT,F I,20,94.8
2025-12-24,9:53:31.298397417,T,TGT,I,80,94.79
2025-12-24,9:53:35.719169271,T,TGT,I,10,94.81
2025-12-24,9:53:35.719175248,T,TGT,I,5,94.81
2025-12-24,9:53:35.719175248,T,TGT,,100,94.81
2025-12-24,9:53:37.023656020,T,TGT,I,1,94.81
2025-12-24,9:53:37.023677614,T,TGT,,100,94.81
2025-12-24,9:53:43.799305168,T,TGT,F I,64,94.81
2025-12-24,9:53:43.799335245,T,TGT,I,1,94.81
2025-12-24,9:53:43.799347245,T,TGT,F I,35,94.81
2025-12-24,9:53:43.799347245,T,TGT,F I,5,94.81
2025-12-24,9:53:44.678257166,T,TGT,,100,94.81
2025-12-24,9:53:46.340981525,T,TGT,F I,7,94.82
2025-12-24,9:53:46.340984389,T,TGT,F I,7,94.82
2025-12-24,9:53:46.340984389,T,TGT,I,7,94.82
2025-12-24,9:53:46.340996555,T,TGT,F I,86,94.82
2025-12-24,9:53:46.341321180,T,TGT,,100,94.81
2025-12-24,9:53:46.341324220,T,TGT,I,3,94.81
2025-12-24,9:53:46.341327272,T,TGT,I,20,94.81
2025-12-24,9:53:46.341345254,T,TGT,I,1,94.81
2025-12-24,9:53:46.341363342,T,TGT,I,99,94.81
2025-12-24,9:53:46.341513710,T,TGT,I,1,94.82
2025-12-24,9:53:46.341537720,T,TGT,I,99,94.82
2025-12-24,9:53:46.341874565,T,TGT,I,1,94.83
2025-12-24,9:53:47.848779477,T,TGT,I,9,94.84
2025-12-24,9:53:47.848788466,T,TGT,F I,18,94.84
2025-12-24,9:53:47.861388488,T,TGT,F I,14,94.9
2025-12-24,9:53:47.890474109,T,TGT,I,1,94.92
2025-12-24,9:53:47.890474109,T,TGT,I,22,94.92
2025-12-24,9:53:47.890495608,T,TGT,F I,12,94.93
2025-12-24,9:53:47.890497869,T,TGT,F I,14,94.93
2025-12-24,9:53:56.739830196,T,TGT,F,125,94.96
2025-12-24,9:53:56.739833211,T,TGT,F,100,94.96
2025-12-24,9:53:56.743414804,T,TGT,I,70,94.97
2025-12-24,9:53:56.743447867,T,TGT,I,30,94.965
2025-12-24,9:53:58.907658790,T,TGT,I,30,94.97
2025-12-24,9:53:59.289719400,T,TGT,,100,94.96
2025-12-24,9:53:59.289719400,T,TGT,I,1,94.96
2025-12-24,9:53:59.289722060,T,TGT,I,61,94.96
2025-12-24,9:53:59.289737084,T,TGT,F I,39,94.96
2025-12-24,9:53:59.289740483,T,TGT,F I,20,94.96
2025-12-24,9:53:59.289740483,T,TGT,F I,1,94.96
2025-12-24,9:53:59.289743144,T,TGT,I,1,94.96
2025-12-24,9:53:59.289749425,T,TGT,F I,60,94.96
2025-12-24,9:53:59.289749425,T,TGT,I,39,94.96
2025-12-24,9:54:01.513922896,T,TGT,F I,21,94.95
2025-12-24,9:54:01.514124424,T,TGT,,100,94.95
2025-12-24,9:54:17.155678219,T,TGT,F,100,94.96
2025-12-24,9:54:18.954049663,T,TGT,F I,14,94.96
2025-12-24,9:54:23.730457836,T,TGT,I,3,94.97
2025-12-24,9:54:38.121443554,T,TGT,F I,1,95.0
2025-12-24,9:54:38.121443554,T,TGT,F I,5,95.0
2025-12-24,9:54:38.121449636,T,TGT,F I,5,95.0
2025-12-24,9:54:38.121449636,T,TGT,F I,19,95.0
2025-12-24,9:54:38.121452597,T,TGT,F I,37,95.0
2025-12-24,9:54:38.121452597,T,TGT,F I,50,95.0
2025-12-24,9:54:38.121458555,T,TGT,F,109,95.0
2025-12-24,9:54:38.121708108,T,TGT,,100,94.99
2025-12-24,9:54:38.121711832,T,TGT,,100,94.99
2025-12-24,9:54:38.121855441,T,TGT,,255,94.98
2025-12-24,9:54:38.121855441,T,TGT,I,45,94.97
2025-12-24,9:54:38.121865004,T,TGT,I,12,94.985
2025-12-24,9:54:38.121894528,T,TGT,,243,94.985
2025-12-24,9:54:38.121898401,T,TGT,I,86,94.98
2025-12-24,9:54:38.121900865,T,TGT,,100,94.98
2025-12-24,9:54:38.121903634,T,TGT,I,55,94.97
2025-12-24,9:54:38.121903634,T,TGT,,100,94.97
2025-12-24,9:54:38.121906543,T,TGT,I,12,94.97
2025-12-24,9:54:38.121942731,T,TGT,F I,75,94.99
2025-12-24,9:54:38.121945765,T,TGT,I,25,94.99
2025-12-24,9:54:38.121952582,T,TGT,F I,55,94.99
2025-12-24,9:54:38.121952582,T,TGT,F I,34,94.99
2025-12-24,9:54:38.123118774,T,TGT,I,45,95.01
2025-12-24,9:54:38.123121492,T,TGT,I,12,95.01
2025-12-24,9:54:38.123121492,T,TGT,I,34,95.01
2025-12-24,9:54:38.123184578,T,TGT,I,7,95.01
2025-12-24,9:54:38.172589688,T,TGT,F I,1,95.02
2025-12-24,9:54:38.172589688,T,TGT,F I,9,95.02
2025-12-24,9:54:38.172613628,T,TGT,F,139,95.02
2025-12-24,9:54:38.172613628,T,TGT,F,127,95.02
2025-12-24,9:54:38.172616399,T,TGT,F I,17,95.02
2025-12-24,9:54:38.173244855,T,TGT,I,44,95.02
2025-12-24,9:54:42.483677861,T,TGT,F I,32,95.03
2025-12-24,9:54:43.797162682,T,TGT,F I,1,95.04
2025-12-24,9:54:43.797162682,T,TGT,F I,1,95.04
2025-12-24,9:54:43.797165338,T,TGT,F,100,95.04
2025-12-24,9:54:43.797168106,T,TGT,F I,32,95.04
2025-12-24,9:54:43.867021565,T,TGT,F I,1,95.06
2025-12-24,9:54:43.867021565,T,TGT,F I,2,95.06
2025-12-24,9:54:43.992603704,T,TGT,I,2,95.09
2025-12-24,9:54:55.457215679,T,TGT,F,100,95.07
2025-12-24,9:54:55.457215679,T,TGT,F I,7,95.07
2025-12-24,9:54:55.457215679,T,TGT,F I,5,95.07
2025-12-24,9:54:55.457227670,T,TGT,F,100,95.07
2025-12-24,9:54:55.457275817,T,TGT,F I,6,95.07
2025-12-24,9:54:55.457814133,T,TGT,I,80,95.07
2025-12-24,9:54:55.457817200,T,TGT,I,24,95.08
2025-12-24,9:54:55.457820103,T,TGT,I,20,95.08
2025-12-24,9:54:55.458250195,T,TGT,I,12,95.06
2025-12-24,9:54:55.458253117,T,TGT,I,24,95.06
2025-12-24,9:54:55.458620075,T,TGT,,150,95.065
2025-12-24,9:54:55.458620075,T,TGT,I,35,95.065
2025-12-24,9:54:55.467175358,T,TGT,F I,50,95.06
2025-12-24,9:54:55.467211497,T,TGT,F I,50,95.06
2025-12-24,9:54:56.505350747,T,TGT,F,100,95.05
2025-12-24,9:54:57.183162497,T,TGT,I,50,95.035
2025-12-24,9:54:57.183171539,T,TGT,I,50,95.035
2025-12-24,9:54:57.631963733,T,TGT,F I,50,95.05
2025-12-24,9:55:07.822984536,T,TGT,I,1,95.08
2025-12-24,9:55:09.495470047,T,TGT,F I,50,95.07
2025-12-24,9:55:09.495509113,T,TGT,F I,50,95.07
2025-12-24,9:55:09.495545128,T,TGT,F I,50,95.07
2025-12-24,9:55:09.495551454,T,TGT,I,50,95.07
2025-12-24,9:55:09.495551454,T,TGT,,100,95.06
2025-12-24,9:55:09.495620373,T,TGT,F I,5,95.05
2025-12-24,9:55:09.496648790,T,TGT,I,20,95.04
2025-12-24,9:55:13.478329533,T,TGT,F,100,95.02
2025-12-24,9:55:13.489792839,T,TGT,I,80,95.01
2025-12-24,9:55:13.495365166,T,TGT,I,79,95.01
2025-12-24,9:55:13.495380209,T,TGT,I,21,95.01
2025-12-24,9:55:16.827242901,T,TGT,F I,20,95.0
2025-12-24,9:55:32.380100545,T,TGT,,100,94.99
2025-12-24,9:55:42.193247175,T,TGT,I,2,95.0
2025-12-24,9:55:53.847066814,T,TGT,F I,1,95.0
2025-12-24,9:55:55.006975222,T,TGT,F I,12,95.02
2025-12-24,9:55:55.007017153,T,TGT,,100,95.03
2025-12-24,9:55:55.007017153,T,TGT,,100,95.03
2025-12-24,9:55:58.528565852,T,TGT,,100,95.06
2025-12-24,9:55:58.529116129,T,TGT,,150,95.06
2025-12-24,9:56:00.285423347,T,TGT,I,1,95.06
2025-12-24,9:56:43.371981864,T,TGT,F,100,95.03
2025-12-24,9:56:43.371984550,T,TGT,F I,53,95.03
2025-12-24,9:56:43.371987609,T,TGT,F,100,95.03
2025-12-24,9:56:43.371987609,T,TGT,F I,1,95.03
2025-12-24,9:57:08.761631001,T,TGT,F I,80,95.03
2025-12-24,9:57:08.761631001,T,TGT,F I,19,95.035
2025-12-24,9:57:08.761633808,T,TGT,F I,13,95.035
2025-12-24,9:57:08.762090948,T,TGT,F,100,95.01
2025-12-24,9:57:08.762095182,T,TGT,F,100,95.01
2025-12-24,9:57:08.762100065,T,TGT,F,200,95.01
2025-12-24,9:57:08.762100065,T,TGT,F I,20,95.01
2025-12-24,9:57:08.762102986,T,TGT,F I,1,95.01
2025-12-24,9:57:08.762102986,T,TGT,F I,20,95.01
2025-12-24,9:57:08.762118385,T,TGT,I,6,95.01
2025-12-24,9:57:08.762118385,T,TGT,I,1,95.01
2025-12-24,9:57:08.762130016,T,TGT,F I,41,95.01
2025-12-24,9:57:08.762151039,T,TGT,I,52,95.01
2025-12-24,9:57:08.762662355,T,TGT,I,1,95.0
2025-12-24,9:57:08.762662355,T,TGT,I,20,95.0
2025-12-24,9:57:08.983325337,T,TGT,F I,26,95.0
2025-12-24,9:57:08.983325337,T,TGT,F I,18,94.995
2025-12-24,9:57:30.990681656,T,TGT,F I,20,94.98
2025-12-24,9:57:30.990684640,T,TGT,F I,4,94.98
2025-12-24,9:57:30.990892158,T,TGT,F,100,94.97
2025-12-24,9:57:30.990895127,T,TGT,F I,1,94.97
2025-12-24,9:57:34.914507845,T,TGT,,100,94.96
2025-12-24,9:57:34.915563151,T,TGT,F I,20,94.95
2025-12-24,9:57:35.414779423,T,TGT,F I,20,94.94
2025-12-24,9:57:35.415570339,T,TGT,I,20,94.93
2025-12-24,9:57:35.415738728,T,TGT,I,80,94.94
2025-12-24,9:57:35.415777798,T,TGT,,119,94.94
2025-12-24,9:57:35.415928155,T,TGT,F I,20,94.94
2025-12-24,9:57:46.451035939,T,TGT,,100,94.92
2025-12-24,9:57:46.479934735,T,TGT,F I,20,94.91
2025-12-24,9:57:46.479934735,T,TGT,F I,4,94.9
2025-12-24,9:57:51.091234571,T,TGT,I,1,94.93
2025-12-24,9:58:22.544430708,T,TGT,F I,1,94.97
2025-12-24,9:58:22.544437283,T,TGT,F I,58,94.98
2025-12-24,9:58:22.544437283,T,TGT,F I,5,94.98
2025-12-24,9:58:22.544439978,T,TGT,F I,20,94.98
2025-12-24,9:58:22.544710345,T,TGT,F I,5,94.99
2025-12-24,9:58:22.544710345,T,TGT,F I,5,94.99
2025-12-24,9:58:27.755485531,T,TGT,F I,5,95.0
2025-12-24,9:59:00.112993396,T,TGT,I,34,95.05
2025-12-24,9:59:00.112995990,T,TGT,I,20,95.05
2025-12-24,9:59:00.112999952,T,TGT,I,90,95.05
2025-12-24,9:59:00.112999952,T,TGT,I,38,95.05
2025-12-24,9:59:01.604663594,T,TGT,I,1,95.07
2025-12-24,9:59:06.948364325,T,TGT,F I,20,95.06
2025-12-24,9:59:06.948367423,T,TGT,F I,2,95.06
2025-12-24,9:59:06.948382382,T,TGT,F,100,95.06
2025-12-24,9:59:09.678983554,T,TGT,I,11,95.06
2025-12-24,9:59:14.998846474,T,TGT,,100,95.065
2025-12-24,9:59:17.229576003,T,TGT,F I,1,95.08
2025-12-24,9:59:17.229576003,T,TGT,F I,1,95.08
2025-12-24,9:59:32.273678661,T,TGT,I,1,95.075
2025-12-24,9:59:38.343468425,T,TGT,F I,1,95.09
2025-12-24,9:59:38.343471072,T,TGT,F I,14,95.09
2025-12-24,9:59:38.398445104,T,TGT,I,50,95.09
2025-12-24,9:59:39.409126273,T,TGT,I,1,95.09
2025-12-24,9:59:39.409128854,T,TGT,I,29,95.09
2025-12-24,9:59:39.409535416,T,TGT,F I,30,95.1
2025-12-24,9:59:39.409537993,T,TGT,F I,1,95.1
2025-12-24,9:59:39.409540923,T,TGT,F I,1,95.1
2025-12-24,9:59:39.409540923,T,TGT,F I,1,95.1
2025-12-24,9:59:39.409543936,T,TGT,F I,14,95.1
2025-12-24,9:59:39.409543936,T,TGT,F I,14,95.1
2025-12-24,9:59:40.077666643,T,TGT,F,100,95.1
2025-12-24,9:59:40.077669678,T,TGT,F I,1,95.1
2025-12-24,9:59:40.077669678,T,TGT,F I,5,95.1
2025-12-24,9:59:40.077672598,T,TGT,F,100,95.1
2025-12-24,9:59:40.112372359,T,TGT,F I,6,95.11
2025-12-24,9:59:55.135918225,T,TGT,,100,95.1
2025-12-24,9:59:55.135918225,T,TGT,I,6,95.1
2025-12-24,9:59:55.135918225,T,TGT,,100,95.1
2025-12-24,9:59:55.138979166,T,TGT,F I,32,95.11
2025-12-24,9:59:55.138982194,T,TGT,F I,46,95.11
2025-12-24,9:59:55.152890327,T,TGT,F I,2,95.12
2025-12-24,9:59:55.704972543,T,TGT,F I,98,95.12
2025-12-24,9:59:55.705017724,T,TGT,,100,95.11
2025-12-24,9:59:55.705020636,T,TGT,,100,95.11
2025-12-24,9:59:55.705023698,T,TGT,I,32,95.11
2025-12-24,10:00:01.335060581,T,TGT,F,100,95.13
2025-12-24,10:00:01.482652098,T,TGT,I,1,95.13
2025-12-24,10:00:03.575099993,T,TGT,,100,95.125
2025-12-24,10:00:08.750868872,T,TGT,F,100,95.13
2025-12-24,10:00:08.958347947,T,TGT,I,73,95.13
2025-12-24,10:00:10.401437989,T,TGT,I,1,95.17
2025-12-24,10:00:11.185544016,T,TGT,,130,95.17
2025-12-24,10:00:11.185561998,T,TGT,I,27,95.17
2025-12-24,10:00:11.185601150,T,TGT,I,43,95.17
2025-12-24,10:00:11.185607204,T,TGT,,255,95.17
2025-12-24,10:00:11.185607204,T,TGT,,100,95.17
2025-12-24,10:00:11.185610191,T,TGT,,100,95.17
2025-12-24,10:00:11.185616145,T,TGT,I,30,95.16
2025-12-24,10:00:11.185616145,T,TGT,,100,95.16
2025-12-24,10:00:11.185619452,T,TGT,I,27,95.16
2025-12-24,10:00:11.185622156,T,TGT,I,12,95.16
2025-12-24,10:00:11.186131129,T,TGT,I,16,95.18
2025-12-24,10:00:11.186131129,T,TGT,I,32,95.18
2025-12-24,10:00:11.186133347,T,TGT,,100,95.18
2025-12-24,10:00:11.186467137,T,TGT,I,14,95.19
2025-12-24,10:00:11.196054042,T,TGT,F,100,95.22
2025-12-24,10:00:11.196087185,T,TGT,F,100,95.22
2025-12-24,10:00:11.200143756,T,TGT,F I,12,95.23
2025-12-24,10:00:11.200146706,T,TGT,F I,88,95.23
2025-12-24,10:00:11.200167817,T,TGT,I,62,95.23
2025-12-24,10:00:11.200191855,T,TGT,F I,38,95.23
2025-12-24,10:00:11.200194889,T,TGT,F I,40,95.23
2025-12-24,10:00:11.200197818,T,TGT,F I,9,95.23
2025-12-24,10:00:11.200200938,T,TGT,F I,60,95.23
2025-12-24,10:00:11.200200938,T,TGT,F I,38,95.23
2025-12-24,10:00:11.200203839,T,TGT,F I,40,95.23
2025-12-24,10:00:11.200209857,T,TGT,F I,2,95.23
2025-12-24,10:00:11.200213505,T,TGT,F I,32,95.22
2025-12-24,10:00:11.200216055,T,TGT,F,100,95.22
2025-12-24,10:00:11.200216055,T,TGT,F I,16,95.22
2025-12-24,10:00:11.200219952,T,TGT,F I,40,95.22
2025-12-24,10:00:11.200219952,T,TGT,F I,7,95.22
2025-12-24,10:00:11.200224979,T,TGT,I,3,95.23
2025-12-24,10:00:11.200224979,T,TGT,F I,66,95.23
2025-12-24,10:00:11.200228010,T,TGT,I,1,95.23
2025-12-24,10:00:11.200228010,T,TGT,F I,30,95.23
2025-12-24,10:00:11.200273021,T,TGT,F I,3,95.23
2025-12-24,10:00:11.200303108,T,TGT,I,31,95.23
2025-12-24,10:00:11.200312164,T,TGT,,255,95.23
2025-12-24,10:00:11.200312164,T,TGT,F I,3,95.23
2025-12-24,10:00:11.200315130,T,TGT,F,266,95.23
2025-12-24,10:00:11.200330203,T,TGT,F I,6,95.23
2025-12-24,10:00:11.200330203,T,TGT,F I,22,95.23
2025-12-24,10:00:11.200597783,T,TGT,I,7,95.22
2025-12-24,10:00:11.200603886,T,TGT,I,33,95.22
2025-12-24,10:00:11.200628620,T,TGT,I,7,95.22
2025-12-24,10:00:11.202182548,T,TGT,I,1,95.22
2025-12-24,10:00:11.207027237,T,TGT,I,32,95.23
2025-12-24,10:00:11.207030555,T,TGT,I,8,95.23
2025-12-24,10:00:11.207033189,T,TGT,I,10,95.24
2025-12-24,10:00:11.207033189,T,TGT,I,50,95.24
2025-12-24,10:00:11.211204082,T,TGT,F,100,95.23
2025-12-24,10:00:11.214021842,T,TGT,F I,50,95.23
2025-12-24,10:00:11.214021842,T,TGT,F I,16,95.24
2025-12-24,10:00:11.214024857,T,TGT,F I,34,95.24
2025-12-24,10:00:11.214036785,T,TGT,F I,4,95.24
2025-12-24,10:00:11.214036785,T,TGT,F I,96,95.24
2025-12-24,10:00:11.214887887,T,TGT,I,32,95.23
2025-12-24,10:00:11.219422853,T,TGT,F I,3,95.23
2025-12-24,10:00:11.219422853,T,TGT,F,197,95.23
2025-12-24,10:00:11.219443700,T,TGT,I,1,95.23
2025-12-24,10:00:11.219458752,T,TGT,,196,95.23
2025-12-24,10:00:11.228522300,T,TGT,,100,95.25
2025-12-24,10:00:11.228907284,T,TGT,I,13,95.25
2025-12-24,10:00:11.228913872,T,TGT,,188,95.25
2025-12-24,10:00:11.276985764,T,TGT,I,26,95.225
2025-12-24,10:00:11.277009898,T,TGT,I,50,95.225
2025-12-24,10:00:11.277846454,T,TGT,I,20,95.22
2025-12-24,10:00:11.277846454,T,TGT,I,4,95.21
2025-12-24,10:00:14.687032744,T,TGT,F,100,95.22
2025-12-24,10:00:14.687032744,T,TGT,F I,20,95.22
2025-12-24,10:00:14.687035506,T,TGT,F I,43,95.22
2025-12-24,10:00:14.687046793,T,TGT,F I,63,95.22
2025-12-24,10:00:14.687049863,T,TGT,I,1,95.22
2025-12-24,10:00:14.687070885,T,TGT,,136,95.22
2025-12-24,10:00:14.687161100,T,TGT,F,300,95.22
2025-12-24,10:00:27.421713296,T,TGT,,156,95.22
2025-12-24,10:00:27.421713296,T,TGT,I,20,95.22
2025-12-24,10:00:27.421716406,T,TGT,I,6,95.22
2025-12-24,10:00:27.421716406,T,TGT,I,1,95.22
2025-12-24,10:00:27.452605895,T,TGT,I,10,95.22
2025-12-24,10:00:28.467054683,T,TGT,F I,44,95.23
2025-12-24,10:00:34.323038205,T,TGT,F I,30,95.23
2025-12-24,10:00:34.323041236,T,TGT,F I,44,95.22
2025-12-24,10:00:34.323044314,T,TGT,F,100,95.22
2025-12-24,10:00:34.323047701,T,TGT,F I,29,95.21
2025-12-24,10:00:34.323047701,T,TGT,F,100,95.21
2025-12-24,10:00:34.323050383,T,TGT,F,100,95.21
2025-12-24,10:00:34.323050383,T,TGT,F,100,95.21
2025-12-24,10:00:34.323053062,T,TGT,F I,99,95.21
2025-12-24,10:00:34.323086134,T,TGT,F I,11,95.22
2025-12-24,10:00:34.327702091,T,TGT,I,1,95.21
2025-12-24,10:00:34.327705155,T,TGT,I,10,95.21
2025-12-24,10:00:34.327708400,T,TGT,I,56,95.21
2025-12-24,10:00:34.327711152,T,TGT,I,43,95.21
2025-12-24,10:00:36.657189931,T,TGT,F I,20,95.19
2025-12-24,10:00:36.657195920,T,TGT,F,100,95.19
2025-12-24,10:00:36.657195920,T,TGT,F I,55,95.19
2025-12-24,10:00:36.657415467,T,TGT,I,2,95.18
2025-12-24,10:00:36.658032075,T,TGT,F I,19,95.18
2025-12-24,10:00:36.658317643,T,TGT,I,20,95.17
2025-12-24,10:00:40.083065668,T,TGT,F I,48,95.18
2025-12-24,10:00:40.083068712,T,TGT,F I,2,95.18
2025-12-24,10:00:40.083116784,T,TGT,F I,10,95.18
2025-12-24,10:00:41.497031361,T,TGT,F I,48,95.21
2025-12-24,10:00:41.497034346,T,TGT,F I,2,95.21
2025-12-24,10:00:41.497085396,T,TGT,F I,10,95.21
2025-12-24,10:00:58.827649400,T,TGT,F I,1,95.2
2025-12-24,10:00:58.827652211,T,TGT,F I,20,95.2
2025-12-24,10:00:58.827655311,T,TGT,F I,40,95.19
2025-12-24,10:00:58.828169548,T,TGT,I,4,95.19
2025-12-24,10:00:58.835780618,T,TGT,I,18,95.19
2025-12-24,10:00:58.835819681,T,TGT,I,38,95.19
2025-12-24,10:00:59.867884440,T,TGT,F I,4,95.18
2025-12-24,10:01:14.294529065,T,TGT,I,1,95.18
2025-12-24,10:01:17.166761941,T,TGT,F I,3,95.15
2025-12-24,10:01:17.166761941,T,TGT,F I,10,95.15
2025-12-24,10:01:18.382019890,T,TGT,I,8,95.15
2025-12-24,10:01:18.382077034,T,TGT,I,2,95.15
2025-12-24,10:01:18.382110103,T,TGT,I,1,95.15
2025-12-24,10:02:18.215213637,T,TGT,F I,1,95.17
2025-12-24,10:02:18.215216705,T,TGT,F I,2,95.17
2025-12-24,10:02:22.353402369,T,TGT,F I,1,95.16
2025-12-24,10:02:22.353420719,T,TGT,F I,19,95.16
2025-12-24,10:02:22.353420719,T,TGT,F I,20,95.16
2025-12-24,10:02:22.353426904,T,TGT,F,300,95.16
2025-12-24,10:02:22.353429859,T,TGT,F I,1,95.16
2025-12-24,10:02:22.353429859,T,TGT,F I,1,95.16
2025-12-24,10:02:22.354253396,T,TGT,I,80,95.16
2025-12-24,10:02:22.358081480,T,TGT,I,80,95.16
2025-12-24,10:02:22.363392102,T,TGT,I,19,95.16
2025-12-24,10:02:22.407236551,T,TGT,,100,95.18
2025-12-24,10:02:22.407239761,T,TGT,I,65,95.18
2025-12-24,10:02:22.407239761,T,TGT,I,12,95.18
2025-12-24,10:02:22.409461881,T,TGT,F I,19,95.18
2025-12-24,10:02:22.410451277,T,TGT,F I,19,95.17
2025-12-24,10:02:22.410920402,T,TGT,I,15,95.18
2025-12-24,10:02:22.410920402,T,TGT,,100,95.18
2025-12-24,10:02:22.410926406,T,TGT,I,25,95.18
2025-12-24,10:02:22.410926406,T,TGT,I,1,95.18
2025-12-24,10:02:22.417623380,T,TGT,F I,18,95.17
2025-12-24,10:02:22.417626866,T,TGT,F I,25,95.17
2025-12-24,10:02:22.417626866,T,TGT,F I,1,95.17
2025-12-24,10:02:22.417629549,T,TGT,F I,19,95.17
2025-12-24,10:02:22.417629549,T,TGT,F I,22,95.17
2025-12-24,10:02:22.417659680,T,TGT,I,19,95.17
2025-12-24,10:02:22.417659680,T,TGT,I,15,95.16
2025-12-24,10:02:22.417662473,T,TGT,I,20,95.16
2025-12-24,10:02:22.418086564,T,TGT,,100,95.17
2025-12-24,10:02:22.418086564,T,TGT,I,1,95.17
2025-12-24,10:02:22.418086564,T,TGT,I,22,95.17
2025-12-24,10:02:22.418090304,T,TGT,I,1,95.17
2025-12-24,10:02:22.418092439,T,TGT,I,10,95.17
2025-12-24,10:02:33.521923145,T,TGT,F,100,95.17
2025-12-24,10:02:33.521925848,T,TGT,F I,18,95.17
2025-12-24,10:02:33.521929017,T,TGT,F I,1,95.17
2025-12-24,10:02:33.521929017,T,TGT,F,100,95.17
2025-12-24,10:02:33.521931868,T,TGT,F I,1,95.17
2025-12-24,10:02:33.521934957,T,TGT,F,100,95.17
2025-12-24,10:02:35.146182467,T,TGT,F,100,95.15
2025-12-24,10:02:35.146185401,T,TGT,F I,4,95.15
2025-12-24,10:02:35.146465145,T,TGT,I,24,95.15
2025-12-24,10:02:35.710170081,T,TGT,I,8,95.16
2025-12-24,10:02:37.317274761,T,TGT,I,1,95.16
2025-12-24,10:02:43.358173411,T,TGT,,100,95.16
2025-12-24,10:02:50.731535427,T,TGT,F I,1,95.16
2025-12-24,10:02:50.731728013,T,TGT,I,3,95.19
2025-12-24,10:02:50.731728013,T,TGT,I,10,95.19
2025-12-24,10:02:50.731730923,T,TGT,I,20,95.19
2025-12-24,10:02:50.732323465,T,TGT,I,15,95.17
2025-12-24,10:02:50.732323465,T,TGT,I,16,95.17
2025-12-24,10:02:50.732326411,T,TGT,I,36,95.17
2025-12-24,10:02:50.732326411,T,TGT,I,10,95.17
2025-12-24,10:02:50.732344419,T,TGT,I,1,95.18
2025-12-24,10:02:50.732369354,T,TGT,I,79,95.18
2025-12-24,10:02:50.732369354,T,TGT,I,9,95.17
2025-12-24,10:02:50.732372073,T,TGT,I,15,95.16
2025-12-24,10:02:50.732374660,T,TGT,I,8,95.16
2025-12-24,10:02:50.732377449,T,TGT,I,12,95.16
2025-12-24,10:02:50.732377449,T,TGT,,100,95.16
2025-12-24,10:02:50.732380472,T,TGT,I,8,95.16
2025-12-24,10:02:50.732419586,T,TGT,F I,17,95.17
2025-12-24,10:02:50.732434984,T,TGT,F I,15,95.17
2025-12-24,10:02:50.732449640,T,TGT,F I,8,95.17
2025-12-24,10:02:50.732777619,T,TGT,F I,15,95.18
2025-12-24,10:02:50.732777619,T,TGT,F I,8,95.18
2025-12-24,10:02:50.732780449,T,TGT,F,100,95.18
2025-12-24,10:02:50.733255722,T,TGT,F I,8,95.19
2025-12-24,10:02:50.733258578,T,TGT,F I,11,95.19
2025-12-24,10:02:50.733285669,T,TGT,F I,1,95.17
2025-12-24,10:02:50.733288997,T,TGT,F I,14,95.17
2025-12-24,10:02:50.733291654,T,TGT,F I,7,95.17
2025-12-24,10:02:50.739709015,T,TGT,F I,15,95.18
2025-12-24,10:02:50.784987985,T,TGT,,337,95.18
2025-12-24,10:02:50.784990886,T,TGT,I,16,95.18
2025-12-24,10:02:50.784990886,T,TGT,I,15,95.18
2025-12-24,10:02:52.605332610,T,TGT,,400,95.17
2025-12-24,10:02:56.665768107,T,TGT,I,80,95.17
2025-12-24,10:02:57.322048515,T,TGT,I,1,95.17
2025-12-24,10:02:59.136126301,T,TGT,I,10,95.17
2025-12-24,10:03:17.892750791,T,TGT,F,100,95.18
2025-12-24,10:03:17.892750791,T,TGT,F I,10,95.18
2025-12-24,10:03:17.893724803,T,TGT,F I,10,95.19
2025-12-24,10:03:17.894104444,T,TGT,F I,1,95.2
2025-12-24,10:03:17.894106751,T,TGT,F I,11,95.2
2025-12-24,10:03:17.894109814,T,TGT,F,208,95.2
2025-12-24,10:03:17.894118842,T,TGT,F I,48,95.2
2025-12-24,10:03:17.894281109,T,TGT,I,44,95.2
2025-12-24,10:03:18.000924166,T,TGT,I,40,95.2
2025-12-24,10:03:18.000942265,T,TGT,F I,60,95.2
2025-12-24,10:03:18.000972396,T,TGT,I,2,95.2
2025-12-24,10:03:26.512296456,T,TGT,I,80,95.2
2025-12-24,10:03:27.166544375,T,TGT,F I,1,95.19
2025-12-24,10:03:27.166544375,T,TGT,F I,1,95.19
2025-12-24,10:03:27.166553198,T,TGT,F I,1,95.19
2025-12-24,10:03:27.166557082,T,TGT,F I,1,95.19
2025-12-24,10:03:27.166557082,T,TGT,I,1,95.19
2025-12-24,10:03:27.166562205,T,TGT,F I,1,95.19
2025-12-24,10:03:27.166568497,T,TGT,I,1,95.19
2025-12-24,10:03:27.166571238,T,TGT,F,100,95.19
2025-12-24,10:03:27.166583195,T,TGT,F I,1,95.19
2025-12-24,10:03:27.166589229,T,TGT,F I,36,95.19
2025-12-24,10:03:27.166634429,T,TGT,F I,1,95.19
2025-12-24,10:03:27.166691431,T,TGT,F I,1,95.19
2025-12-24,10:03:27.166808805,T,TGT,F I,1,95.19
2025-12-24,10:03:27.166938011,T,TGT,F I,4,95.19
2025-12-24,10:03:27.167103392,T,TGT,I,50,95.19
2025-12-24,10:03:27.172498869,T,TGT,,100,95.18
2025-12-24,10:03:27.172501730,T,TGT,,100,95.18
2025-12-24,10:03:27.172504299,T,TGT,I,20,95.18
2025-12-24,10:03:27.172507277,T,TGT,I,20,95.18
2025-12-24,10:03:27.172507277,T,TGT,I,6,95.18
2025-12-24,10:03:27.172919540,T,TGT,F I,10,95.17
2025-12-24,10:03:27.172922523,T,TGT,F I,20,95.17
2025-12-24,10:03:27.172925342,T,TGT,F I,47,95.17
2025-12-24,10:03:29.334610300,T,TGT,F,100,95.16
2025-12-24,10:03:29.334613295,T,TGT,F I,6,95.16
2025-12-24,10:03:29.334652601,T,TGT,I,45,95.15
2025-12-24,10:03:29.334652601,T,TGT,I,24,95.15
2025-12-24,10:03:30.389752003,T,TGT,I,76,95.15
2025-12-24,10:03:30.389754965,T,TGT,I,10,95.15
2025-12-24,10:03:30.390233520,T,TGT,F I,20,95.13
2025-12-24,10:03:30.390233520,T,TGT,F I,20,95.13
2025-12-24,10:03:30.390588044,T,TGT,I,48,95.14
2025-12-24,10:03:30.390593988,T,TGT,F I,52,95.14
2025-12-24,10:03:30.391225467,T,TGT,F I,1,95.12
2025-12-24,10:03:30.392536594,T,TGT,F I,20,95.1
2025-12-24,10:03:30.392536594,T,TGT,F I,20,95.1
2025-12-24,10:03:30.393089924,T,TGT,F,100,95.09
2025-12-24,10:03:30.393089924,T,TGT,F,200,95.09
2025-12-24,10:03:30.393092953,T,TGT,F I,1,95.09
2025-12-24,10:03:30.393469067,T,TGT,I,7,95.1
2025-12-24,10:03:30.393469067,T,TGT,I,14,95.1
2025-12-24,10:03:30.393471874,T,TGT,,100,95.1
2025-12-24,10:03:30.393474895,T,TGT,I,43,95.1
2025-12-24,10:03:30.393489928,T,TGT,I,1,95.1
2025-12-24,10:03:30.393598210,T,TGT,I,99,95.1
2025-12-24,10:03:30.425934230,T,TGT,F,100,95.1
2025-12-24,10:03:30.425940253,T,TGT,F,100,95.1
2025-12-24,10:03:30.425940253,T,TGT,F I,7,95.1
2025-12-24,10:03:30.425943333,T,TGT,F I,14,95.1
2025-12-24,10:03:30.425943333,T,TGT,F,100,95.1
2025-12-24,10:03:30.425946205,T,TGT,F,100,95.1
2025-12-24,10:03:40.608081256,T,TGT,F I,28,95.1
2025-12-24,10:03:40.608083787,T,TGT,F I,22,95.1
2025-12-24,10:03:44.761900875,T,TGT,F I,10,95.11
2025-12-24,10:03:44.762454113,T,TGT,F,100,95.12
2025-12-24,10:03:44.762643829,T,TGT,I,11,95.12
2025-12-24,10:03:56.192155868,T,TGT,F,100,95.13
2025-12-24,10:05:06.192977538,T,TGT,F I,54,95.13
2025-12-24,10:05:06.194294661,T,TGT,I,15,95.13
2025-12-24,10:05:07.389937610,T,TGT,I,31,95.13
2025-12-24,10:05:07.389937610,T,TGT,I,1,95.12
2025-12-24,10:05:07.389940172,T,TGT,I,24,95.12
2025-12-24,10:05:07.389982383,T,TGT,I,13,95.12
2025-12-24,10:05:07.389985599,T,TGT,I,9,95.12
2025-12-24,10:05:07.389988382,T,TGT,,200,95.12
2025-12-24,10:05:07.398603903,T,TGT,I,33,95.11
2025-12-24,10:05:09.805898967,T,TGT,F I,87,95.1
2025-12-24,10:05:28.787651494,T,TGT,F I,89,95.1
2025-12-24,10:05:45.083128201,T,TGT,F,100,95.09
2025-12-24,10:05:45.083131695,T,TGT,F I,1,95.09
2025-12-24,10:05:45.083131695,T,TGT,F I,75,95.09
2025-12-24,10:05:45.083904091,T,TGT,I,1,95.09
2025-12-24,10:05:45.084241021,T,TGT,F I,73,95.08
2025-12-24,10:05:45.084719083,T,TGT,F I,20,95.06
2025-12-24,10:05:45.103246141,T,TGT,F,100,95.05
2025-12-24,10:06:07.026011252,T,TGT,I,41,95.02
2025-12-24,10:06:07.026014275,T,TGT,,100,95.02
2025-12-24,10:06:07.026014275,T,TGT,I,17,95.02
2025-12-24,10:06:07.026036061,T,TGT,F,104,95.02
2025-12-24,10:06:07.026723971,T,TGT,F I,50,95.01
2025-12-24,10:06:07.026844304,T,TGT,I,50,95.01
2025-12-24,10:06:07.026847284,T,TGT,I,30,95.01
2025-12-24,10:06:07.359755373,T,TGT,I,1,95.01
2025-12-24,10:06:07.889575627,T,TGT,I,69,95.01
2025-12-24,10:06:07.889575627,T,TGT,I,31,95.01
2025-12-24,10:06:14.573289515,T,TGT,F I,10,95.03
2025-12-24,10:06:14.583862698,T,TGT,I,1,95.05
2025-12-24,10:06:24.626837577,T,TGT,I,5,95.12
2025-12-24,10:06:31.275103317,T,TGT,F I,5,95.13
2025-12-24,10:06:31.275106314,T,TGT,F,100,95.13
2025-12-24,10:06:52.386550947,T,TGT,F I,20,95.15
2025-12-24,10:06:53.665399118,T,TGT,F I,1,95.15
2025-12-24,10:06:53.669097492,T,TGT,I,10,95.13
2025-12-24,10:06:53.669100485,T,TGT,I,20,95.13
2025-12-24,10:06:53.669103529,T,TGT,,100,95.13
2025-12-24,10:06:53.669136544,T,TGT,,100,95.12
2025-12-24,10:06:54.245014564,T,TGT,,100,95.12
2025-12-24,10:07:01.695573538,T,TGT,I,46,95.12
2025-12-24,10:07:22.373074935,T,TGT,I,2,95.15
2025-12-24,10:07:22.373393708,T,TGT,I,5,95.16
2025-12-24,10:07:22.373465929,T,TGT,I,20,95.17
2025-12-24,10:07:23.248496432,T,TGT,I,14,95.19
2025-12-24,10:07:23.248499482,T,TGT,I,16,95.19
2025-12-24,10:07:23.544118714,T,TGT,F,100,95.19
2025-12-24,10:07:23.544118714,T,TGT,F I,1,95.19
2025-12-24,10:07:23.544121735,T,TGT,F I,1,95.19
2025-12-24,10:07:25.680732860,T,TGT,F,100,95.16
2025-12-24,10:07:33.593345457,T,TGT,I,10,95.12
2025-12-24,10:07:33.593345457,T,TGT,F I,10,95.12
2025-12-24,10:07:33.593357411,T,TGT,F I,10,95.12
2025-12-24,10:07:33.593706202,T,TGT,F I,10,95.12
2025-12-24,10:08:25.668576222,T,TGT,F,100,95.15
2025-12-24,10:08:25.668579274,T,TGT,F I,26,95.15
2025-12-24,10:08:25.668582233,T,TGT,F I,20,95.15
2025-12-24,10:08:25.668582233,T,TGT,F I,1,95.15
2025-12-24,10:08:25.668586008,T,TGT,F I,1,95.15
2025-12-24,10:08:25.668586008,T,TGT,F,100,95.15
2025-12-24,10:08:25.668588788,T,TGT,F I,20,95.15
2025-12-24,10:08:25.668900900,T,TGT,F I,20,95.14
2025-12-24,10:08:25.668903975,T,TGT,F I,20,95.14
2025-12-24,10:08:25.669400091,T,TGT,F I,1,95.14
2025-12-24,10:08:25.669403470,T,TGT,F I,1,95.14
2025-12-24,10:08:25.670512731,T,TGT,I,6,95.14
2025-12-24,10:08:25.670515808,T,TGT,I,1,95.14
2025-12-24,10:08:37.362234477,T,TGT,F I,20,95.12
2025-12-24,10:08:37.362234477,T,TGT,F I,50,95.12
2025-12-24,10:08:37.362249533,T,TGT,I,1,95.12
2025-12-24,10:08:45.153547304,T,TGT,F,100,95.1
2025-12-24,10:08:45.154311098,T,TGT,I,50,95.09
2025-12-24,10:08:45.157603917,T,TGT,I,1,95.09
2025-12-24,10:08:45.170627982,T,TGT,I,33,95.09
2025-12-24,10:08:45.204166956,T,TGT,F I,6,95.12
2025-12-24,10:09:07.186609350,T,TGT,I,1,95.15
2025-12-24,10:09:08.726403772,T,TGT,F I,99,95.15
2025-12-24,10:09:16.406093770,T,TGT,F,100,95.13
2025-12-24,10:09:16.406093770,T,TGT,F,100,95.11
2025-12-24,10:09:16.406097310,T,TGT,F,100,95.11
2025-12-24,10:09:16.406097310,T,TGT,F,100,95.11
2025-12-24,10:09:16.406099499,T,TGT,F,245,95.11
2025-12-24,10:09:16.407121828,T,TGT,F I,70,95.11
2025-12-24,10:09:16.407541057,T,TGT,F I,80,95.11
2025-12-24,10:09:16.407546034,T,TGT,F,100,95.1
2025-12-24,10:09:16.407546034,T,TGT,F I,1,95.1
2025-12-24,10:09:16.407546034,T,TGT,F I,20,95.1
2025-12-24,10:09:16.407560882,T,TGT,I,1,95.1
2025-12-24,10:09:16.407590941,T,TGT,I,1,95.11
2025-12-24,10:09:16.407648100,T,TGT,I,4,95.11
2025-12-24,10:09:16.407684248,T,TGT,I,3,95.11
2025-12-24,10:09:16.410775786,T,TGT,I,93,95.11
2025-12-24,10:09:16.410778593,T,TGT,I,79,95.11
2025-12-24,10:09:16.410778593,T,TGT,I,1,95.11
2025-12-24,10:09:29.330990601,T,TGT,F,100,95.11
2025-12-24,10:09:29.330990601,T,TGT,F I,89,95.11
2025-12-24,10:09:29.330993626,T,TGT,F I,20,95.11
2025-12-24,10:09:29.330996496,T,TGT,F I,20,95.11
2025-12-24,10:09:30.343559786,T,TGT,I,11,95.11
2025-12-24,10:09:31.345727925,T,TGT,F I,15,95.1
2025-12-24,10:09:31.345730350,T,TGT,F I,20,95.1
2025-12-24,10:09:31.345802496,T,TGT,F I,50,95.1
2025-12-24,10:09:31.346217491,T,TGT,F I,50,95.1
2025-12-24,10:09:31.447928841,T,TGT,F,100,95.1
2025-12-24,10:09:31.448521280,T,TGT,F I,20,95.09
2025-12-24,10:09:31.448524218,T,TGT,F I,20,95.09
2025-12-24,10:09:44.339813015,T,TGT,,132,95.07
2025-12-24,10:09:46.873971310,T,TGT,I,1,95.06
2025-12-24,10:09:46.874082585,T,TGT,,100,95.06
2025-12-24,10:09:46.874503587,T,TGT,F I,50,95.06
2025-12-24,10:09:47.669612833,T,TGT,,100,95.06
2025-12-24,10:10:04.742949859,T,TGT,I,25,95.08
2025-12-24,10:10:05.828082056,T,TGT,,100,95.085
2025-12-24,10:10:37.858428131,T,TGT,I,28,95.075
2025-12-24,10:10:55.688355472,T,TGT,F I,2,95.05
2025-12-24,10:10:55.688358907,T,TGT,F I,10,95.05
2025-12-24,10:10:55.688358907,T,TGT,F I,20,95.05
2025-12-24,10:10:55.688361892,T,TGT,F I,5,95.05
2025-12-24,10:10:55.688361892,T,TGT,F I,1,95.05
2025-12-24,10:10:55.688364485,T,TGT,F I,33,95.05
2025-12-24,10:11:15.794080795,T,TGT,I,49,95.075
2025-12-24,10:11:23.462857670,T,TGT,F I,50,95.06
2025-12-24,10:11:26.970164569,T,TGT,F,100,95.05
2025-12-24,10:11:26.970164569,T,TGT,F I,10,95.05
2025-12-24,10:11:26.970167344,T,TGT,F I,1,95.05
2025-12-24,10:11:26.970167344,T,TGT,F I,79,95.05
2025-12-24,10:11:26.970185454,T,TGT,F I,21,95.05
2025-12-24,10:11:26.970185454,T,TGT,F I,61,95.05
2025-12-24,10:11:26.970188460,T,TGT,F I,10,95.05
2025-12-24,10:11:26.970985381,T,TGT,I,20,95.04
2025-12-24,10:11:26.971078500,T,TGT,F I,1,95.04
2025-12-24,10:11:26.971782207,T,TGT,F I,20,95.03
2025-12-24,10:12:00.330290547,T,TGT,F I,92,95.05
2025-12-24,10:12:00.330294100,T,TGT,F I,5,95.05
2025-12-24,10:12:00.330296585,T,TGT,F I,53,95.05
2025-12-24,10:12:00.330606585,T,TGT,I,6,95.06
2025-12-24,10:12:00.330606585,T,TGT,I,10,95.06
2025-12-24,10:12:00.331033339,T,TGT,I,41,95.07
2025-12-24,10:12:00.331054536,T,TGT,F I,59,95.07
2025-12-24,10:12:03.952828871,T,TGT,F,100,95.1
2025-12-24,10:12:03.952828871,T,TGT,F I,12,95.1
2025-12-24,10:12:03.977382382,T,TGT,F I,2,95.12
2025-12-24,10:12:03.977382382,T,TGT,F I,41,95.13
2025-12-24,10:12:07.229149321,T,TGT,F I,1,95.13
2025-12-24,10:12:07.229152765,T,TGT,F,100,95.12
2025-12-24,10:12:07.229155294,T,TGT,F I,29,95.12
2025-12-24,10:12:07.229155294,T,TGT,F I,19,95.12
2025-12-24,10:12:07.229170321,T,TGT,F I,1,95.12
2025-12-24,10:12:07.229687510,T,TGT,F I,24,95.12
2025-12-24,10:12:08.699009419,T,TGT,F I,1,95.125
2025-12-24,10:12:08.699012334,T,TGT,F,100,95.13
2025-12-24,10:12:08.699014973,T,TGT,F I,91,95.14
2025-12-24,10:12:08.699027054,T,TGT,I,1,95.14
2025-12-24,10:12:08.699902119,T,TGT,F I,8,95.14
2025-12-24,10:12:08.699905468,T,TGT,F I,14,95.15
2025-12-24,10:12:08.699908186,T,TGT,F I,12,95.15
2025-12-24,10:12:08.699911103,T,TGT,F I,33,95.15
2025-12-24,10:12:08.699911103,T,TGT,F I,20,95.15
2025-12-24,10:12:08.906897260,T,TGT,F I,22,95.16
2025-12-24,10:12:15.850935534,T,TGT,F,100,95.14
2025-12-24,10:12:15.850939037,T,TGT,F I,1,95.14
2025-12-24,10:12:15.850941523,T,TGT,F I,23,95.14
2025-12-24,10:12:15.850944602,T,TGT,F I,17,95.14
2025-12-24,10:12:15.850984273,T,TGT,I,20,95.12
2025-12-24,10:12:15.850984273,T,TGT,I,6,95.12
2025-12-24,10:12:15.850986740,T,TGT,I,3,95.12
2025-12-24,10:13:00.689807477,T,TGT,F,100,95.15
2025-12-24,10:13:00.689810444,T,TGT,F I,2,95.15
2025-12-24,10:13:00.689810444,T,TGT,F I,20,95.15
2025-12-24,10:13:07.009507819,T,TGT,F I,30,95.15
2025-12-24,10:13:07.009507819,T,TGT,F I,70,95.14
2025-12-24,10:13:07.009528462,T,TGT,F I,30,95.14
2025-12-24,10:13:07.009528462,T,TGT,F I,30,95.14
2025-12-24,10:13:07.009531525,T,TGT,I,1,95.14
2025-12-24,10:13:07.009534500,T,TGT,F I,30,95.14
2025-12-24,10:13:07.009540578,T,TGT,I,16,95.14
2025-12-24,10:13:07.009549578,T,TGT,,123,95.14
2025-12-24,10:13:07.010356152,T,TGT,I,10,95.14
2025-12-24,10:13:07.010356152,T,TGT,I,99,95.14
2025-12-24,10:13:34.143965565,T,TGT,F I,5,95.13
2025-12-24,10:13:34.143970617,T,TGT,F,100,95.13
2025-12-24,10:13:34.143970617,T,TGT,F I,20,95.13
2025-12-24,10:13:34.143973788,T,TGT,F I,92,95.13
2025-12-24,10:13:34.143973788,T,TGT,F I,30,95.13
2025-12-24,10:13:35.144045169,T,TGT,F I,20,95.12
2025-12-24,10:13:35.144210606,T,TGT,F I,20,95.12
2025-12-24,10:13:35.144333894,T,TGT,F I,20,95.12
2025-12-24,10:13:38.792204338,T,TGT,I,19,95.12
2025-12-24,10:13:41.757635086,T,TGT,F,100,95.12
2025-12-24,10:13:41.758898180,T,TGT,I,15,95.12
2025-12-24,10:14:19.047706916,T,TGT,F I,1,95.14
2025-12-24,10:14:26.625688473,T,TGT,F I,1,95.14
2025-12-24,10:14:38.778700568,T,TGT,F I,1,95.15
2025-12-24,10:14:38.778703440,T,TGT,F I,11,95.15
2025-12-24,10:14:38.778718495,T,TGT,F I,11,95.15
2025-12-24,10:14:38.778721561,T,TGT,I,12,95.15
2025-12-24,10:14:38.785325226,T,TGT,I,2,95.15
2025-12-24,10:14:38.785325226,T,TGT,I,1,95.15
2025-12-24,10:14:38.785361426,T,TGT,,100,95.15
2025-12-24,10:14:38.785379330,T,TGT,I,1,95.15
2025-12-24,10:14:38.786206309,T,TGT,I,26,95.15
2025-12-24,10:14:38.802667594,T,TGT,I,1,95.15
2025-12-24,10:14:38.802670575,T,TGT,,100,95.15
2025-12-24,10:14:38.981115694,T,TGT,I,16,95.12
2025-12-24,10:14:40.664126203,T,TGT,F I,6,95.15
2025-12-24,10:14:48.662352821,T,TGT,F I,2,95.15
2025-12-24,10:14:48.757198869,T,TGT,I,1,95.15
2025-12-24,10:14:49.437076598,T,TGT,I,1,95.12
2025-12-24,10:14:49.438270382,T,TGT,I,10,95.12
2025-12-24,10:14:49.438339585,T,TGT,F I,6,95.12
2025-12-24,10:14:49.438432813,T,TGT,I,25,95.12
2025-12-24,10:14:49.438526063,T,TGT,F I,6,95.12
2025-12-24,10:14:49.439283821,T,TGT,I,69,95.12
2025-12-24,10:14:49.439518330,T,TGT,I,15,95.115
2025-12-24,10:14:49.439576091,T,TGT,,100,95.115
2025-12-24,10:14:49.547848769,T,TGT,,100,95.12
2025-12-24,10:14:49.552614836,T,TGT,I,20,95.11
2025-12-24,10:14:49.552614836,T,TGT,,100,95.11
2025-12-24,10:14:49.552617846,T,TGT,I,20,95.11
2025-12-24,10:14:49.552621034,T,TGT,I,42,95.11
2025-12-24,10:14:49.553129456,T,TGT,F I,12,95.1
2025-12-24,10:14:49.553129456,T,TGT,F I,20,95.1
2025-12-24,10:14:49.553147046,T,TGT,I,24,95.1
2025-12-24,10:14:49.553153136,T,TGT,I,32,95.1
2025-12-24,10:14:49.553577058,T,TGT,F I,34,95.1
2025-12-24,10:14:49.553847705,T,TGT,,100,95.1
2025-12-24,10:14:50.793792570,T,TGT,I,10,95.09
2025-12-24,10:14:50.793792570,T,TGT,I,20,95.08
2025-12-24,10:14:50.793794727,T,TGT,I,6,95.08
2025-12-24,10:14:50.793824966,T,TGT,I,44,95.11
2025-12-24,10:14:50.793824966,T,TGT,I,68,95.11
2025-12-24,10:14:51.044436464,T,TGT,I,10,95.1
2025-12-24,10:14:51.044436464,T,TGT,I,10,95.1
2025-12-24,10:14:51.044439140,T,TGT,I,12,95.09
2025-12-24,10:14:51.044439140,T,TGT,I,8,95.09
2025-12-24,10:15:04.092536402,T,TGT,F I,39,95.14
2025-12-24,10:15:04.092539421,T,TGT,F I,1,95.14
2025-12-24,10:15:04.092689682,T,TGT,,100,95.135
2025-12-24,10:15:04.092777638,T,TGT,,100,95.135
2025-12-24,10:15:04.092777638,T,TGT,I,12,95.15
2025-12-24,10:15:04.092780046,T,TGT,I,19,95.15
2025-12-24,10:15:04.092798332,T,TGT,,100,95.135
2025-12-24,10:15:04.092801017,T,TGT,I,30,95.15
2025-12-24,10:15:04.093294296,T,TGT,I,18,95.14
2025-12-24,10:15:04.093297176,T,TGT,I,12,95.14
2025-12-24,10:15:04.906350177,T,TGT,I,20,95.14
2025-12-24,10:15:23.796621847,T,TGT,F I,2,95.16
2025-12-24,10:15:23.796624793,T,TGT,F,239,95.16
2025-12-24,10:15:31.562966097,T,TGT,F,100,95.14
2025-12-24,10:15:31.562969531,T,TGT,F I,15,95.14
2025-12-24,10:15:31.562972171,T,TGT,F,100,95.13
2025-12-24,10:15:31.562972171,T,TGT,F I,10,95.13
2025-12-24,10:15:31.562975151,T,TGT,F I,1,95.13
2025-12-24,10:15:35.501439907,T,TGT,I,13,95.125
2025-12-24,10:15:54.478720887,T,TGT,I,45,95.13
2025-12-24,10:15:54.489631017,T,TGT,F I,5,95.15
2025-12-24,10:15:58.049154088,T,TGT,F I,1,95.175
2025-12-24,10:16:04.782886338,T,TGT,,100,95.16
2025-12-24,10:16:04.782886338,T,TGT,I,25,95.16
2025-12-24,10:16:04.782889441,T,TGT,I,8,95.16
2025-12-24,10:16:04.782889441,T,TGT,I,7,95.15
2025-12-24,10:16:04.782893211,T,TGT,F I,93,95.15
2025-12-24,10:16:04.782893211,T,TGT,F I,20,95.15
2025-12-24,10:16:04.782895492,T,TGT,F I,20,95.15
2025-12-24,10:16:04.835090664,T,TGT,I,11,95.15
2025-12-24,10:16:17.744458488,T,TGT,,100,95.155
2025-12-24,10:16:33.538099786,T,TGT,,100,95.17
2025-12-24,10:16:34.873133335,T,TGT,F I,1,95.18
2025-12-24,10:16:48.286168199,T,TGT,F I,14,95.19
2025-12-24,10:16:48.286171147,T,TGT,F,100,95.19
2025-12-24,10:16:48.286667569,T,TGT,F I,1,95.2
2025-12-24,10:16:48.286667569,T,TGT,F I,27,95.2
2025-12-24,10:16:48.286673575,T,TGT,F,166,95.2
2025-12-24,10:16:48.286673575,T,TGT,F I,34,95.2
2025-12-24,10:16:48.286673575,T,TGT,F I,53,95.2
2025-12-24,10:16:48.286685332,T,TGT,F I,20,95.2
2025-12-24,10:16:57.403132641,T,TGT,F I,43,95.21
2025-12-24,10:16:57.403135195,T,TGT,F I,40,95.21
2025-12-24,10:16:57.403138048,T,TGT,F I,1,95.21
2025-12-24,10:17:07.484478658,T,TGT,I,1,95.21
2025-12-24,10:17:07.484773301,T,TGT,,100,95.21
2025-12-24,10:17:07.484773301,T,TGT,I,32,95.2
2025-12-24,10:17:07.484816084,T,TGT,I,68,95.2
2025-12-24,10:17:07.484821471,T,TGT,I,20,95.2
2025-12-24,10:17:07.484824382,T,TGT,I,12,95.2
2025-12-24,10:17:13.695740046,T,TGT,F I,50,95.21
2025-12-24,10:17:15.178130636,T,TGT,F,162,95.2
2025-12-24,10:17:15.178133669,T,TGT,F,100,95.2
2025-12-24,10:17:15.178133669,T,TGT,F,100,95.2
2025-12-24,10:17:20.166065871,T,TGT,I,43,95.17
2025-12-24,10:17:20.166919765,T,TGT,I,28,95.16
2025-12-24,10:17:20.769826068,T,TGT,I,1,95.16
2025-12-24,10:17:34.256079430,T,TGT,F,100,95.14
2025-12-24,10:17:57.616109460,T,TGT,F I,20,95.12
2025-12-24,10:17:59.364919795,T,TGT,F I,12,95.11
2025-12-24,10:17:59.364922867,T,TGT,F I,27,95.11
2025-12-24,10:17:59.365551394,T,TGT,F I,54,95.1
2025-12-24,10:17:59.365551394,T,TGT,F I,57,95.1
2025-12-24,10:18:19.663807374,T,TGT,F I,5,95.11
2025-12-24,10:18:19.663810351,T,TGT,F I,12,95.11
2025-12-24,10:18:19.663813345,T,TGT,F I,19,95.11
2025-12-24,10:18:20.284955523,T,TGT,F I,42,95.15
2025-12-24,10:18:20.284955523,T,TGT,F I,12,95.15
2025-12-24,10:18:20.284958824,T,TGT,F I,10,95.15
2025-12-24,10:18:20.284961431,T,TGT,F,145,95.16
2025-12-24,10:18:20.284991980,T,TGT,I,16,95.12
2025-12-24,10:18:20.284991980,T,TGT,I,39,95.12
2025-12-24,10:18:20.284991980,T,TGT,I,1,95.11
2025-12-24,10:18:20.284995086,T,TGT,I,13,95.1
2025-12-24,10:18:20.284997353,T,TGT,I,7,95.1
2025-12-24,10:18:20.285000316,T,TGT,I,24,95.1
2025-12-24,10:18:20.285063455,T,TGT,F I,41,95.12
2025-12-24,10:18:20.286494906,T,TGT,F I,12,95.1
2025-12-24,10:18:20.286558007,T,TGT,,100,95.1
2025-12-24,10:18:20.287192503,T,TGT,,100,95.11
2025-12-24,10:18:20.287192503,T,TGT,I,13,95.11
2025-12-24,10:18:20.287199052,T,TGT,I,14,95.11
2025-12-24,10:18:20.287201755,T,TGT,I,13,95.11
2025-12-24,10:18:20.287204620,T,TGT,I,12,95.11
2025-12-24,10:18:20.287204620,T,TGT,I,31,95.11
2025-12-24,10:18:20.287944898,T,TGT,F I,13,95.11
2025-12-24,10:18:20.287947609,T,TGT,F I,23,95.11
2025-12-24,10:18:24.199630581,T,TGT,F I,4,95.1
2025-12-24,10:18:41.188018037,T,TGT,,100,95.11
2025-12-24,10:18:41.188021058,T,TGT,,100,95.11
2025-12-24,10:18:42.836858168,T,TGT,F I,11,95.11
2025-12-24,10:18:46.453412368,T,TGT,F I,20,95.18
2025-12-24,10:18:46.453412368,T,TGT,F I,12,95.18
2025-12-24,10:18:46.454163900,T,TGT,F I,37,95.18
2025-12-24,10:18:46.454624062,T,TGT,I,5,95.18
2025-12-24,10:18:47.991017235,T,TGT,,100,95.18
2025-12-24,10:19:07.158829061,T,TGT,F I,2,95.21
2025-12-24,10:19:07.159126767,T,TGT,F I,8,95.21
2025-12-24,10:19:09.062466246,T,TGT,F I,1,95.22
2025-12-24,10:19:09.062472330,T,TGT,F I,1,95.22
2025-12-24,10:19:09.062475366,T,TGT,F I,1,95.22
2025-12-24,10:19:09.062478293,T,TGT,F I,2,95.22
2025-12-24,10:19:09.062481275,T,TGT,F,200,95.22
2025-12-24,10:19:31.152002685,T,TGT,I,10,95.25
2025-12-24,10:19:31.152020703,T,TGT,I,10,95.25
2025-12-24,10:19:31.152928947,T,TGT,F I,11,95.24
2025-12-24,10:19:31.152932080,T,TGT,F I,8,95.24
2025-12-24,10:19:42.182031281,T,TGT,F,100,95.23
2025-12-24,10:19:42.182046339,T,TGT,I,1,95.23
2025-12-24,10:19:42.182052334,T,TGT,I,99,95.23
2025-12-24,10:19:42.182056167,T,TGT,,100,95.23
2025-12-24,10:19:42.182058391,T,TGT,,100,95.23
2025-12-24,10:19:42.182058391,T,TGT,I,1,95.23
2025-12-24,10:19:42.182073407,T,TGT,I,78,95.23
2025-12-24,10:19:42.182384318,T,TGT,F I,1,95.24
2025-12-24,10:19:42.182384318,T,TGT,F,100,95.24
2025-12-24,10:19:42.182386088,T,TGT,F I,25,95.24
2025-12-24,10:19:42.182389342,T,TGT,F,100,95.24
2025-12-24,10:19:42.182392200,T,TGT,F,100,95.24
2025-12-24,10:19:42.182392200,T,TGT,F I,26,95.24
2025-12-24,10:19:42.182407582,T,TGT,I,1,95.24
2025-12-24,10:19:42.182419252,T,TGT,I,14,95.24
2025-12-24,10:19:42.182419252,T,TGT,I,1,95.24
2025-12-24,10:19:42.182419252,T,TGT,F I,15,95.24
2025-12-24,10:19:42.182446402,T,TGT,F I,14,95.24
2025-12-24,10:19:42.182449350,T,TGT,F I,1,95.24
2025-12-24,10:19:42.182449350,T,TGT,F I,15,95.24
2025-12-24,10:19:42.182452255,T,TGT,I,54,95.24
2025-12-24,10:19:42.182503403,T,TGT,I,27,95.24
2025-12-24,10:19:42.182515490,T,TGT,I,19,95.24
2025-12-24,10:19:42.182554962,T,TGT,F I,1,95.24
2025-12-24,10:19:42.184166458,T,TGT,F I,1,95.26
2025-12-24,10:19:42.243209009,T,TGT,I,5,95.27
2025-12-24,10:19:47.152467720,T,TGT,F I,15,95.28
2025-12-24,10:19:47.152470796,T,TGT,F,100,95.28
2025-12-24,10:19:47.152501456,T,TGT,I,30,95.27
2025-12-24,10:19:47.152503807,T,TGT,,255,95.27
2025-12-24,10:19:47.152507057,T,TGT,I,80,95.27
2025-12-24,10:19:47.152510070,T,TGT,,100,95.27
2025-12-24,10:19:47.152510070,T,TGT,I,25,95.26
2025-12-24,10:19:47.152512833,T,TGT,I,93,95.26
2025-12-24,10:19:47.152570022,T,TGT,I,1,95.27
2025-12-24,10:19:47.152627090,T,TGT,I,14,95.28
2025-12-24,10:19:48.247962559,T,TGT,I,80,95.28
2025-12-24,10:19:49.361332285,T,TGT,I,14,95.29
2025-12-24,10:19:49.362222224,T,TGT,F I,12,95.3
2025-12-24,10:19:49.366787042,T,TGT,I,80,95.3
2025-12-24,10:19:49.371538448,T,TGT,F I,1,95.31
2025-12-24,10:19:49.371541337,T,TGT,F I,5,95.31
2025-12-24,10:19:50.292347025,T,TGT,I,10,95.33
2025-12-24,10:19:50.362828950,T,TGT,I,23,95.33
2025-12-24,10:19:58.471499839,T,TGT,I,19,95.33
2025-12-24,10:20:00.042616866,T,TGT,F I,50,95.33
2025-12-24,10:20:06.908643284,T,TGT,,131,95.33
2025-12-24,10:20:06.908652282,T,TGT,F I,13,95.32
2025-12-24,10:20:06.908655396,T,TGT,F,100,95.32
2025-12-24,10:20:06.908655396,T,TGT,F I,20,95.32
2025-12-24,10:20:06.908658248,T,TGT,F,100,95.32
2025-12-24,10:20:06.908661252,T,TGT,F I,1,95.32
2025-12-24,10:20:06.910411451,T,TGT,F I,2,95.3
2025-12-24,10:20:06.910465648,T,TGT,F I,1,95.29
2025-12-24,10:20:06.910468600,T,TGT,F I,12,95.29
2025-12-24,10:20:06.956033219,T,TGT,,100,95.29
2025-12-24,10:20:06.956036184,T,TGT,I,6,95.29
2025-12-24,10:20:06.956204591,T,TGT,F,100,95.28
2025-12-24,10:20:07.313251153,T,TGT,I,10,95.28
2025-12-24,10:20:38.982193164,T,TGT,F I,50,95.28
2025-12-24,10:20:38.982400662,T,TGT,F I,40,95.28
2025-12-24,10:20:38.982617191,T,TGT,F,100,95.27
2025-12-24,10:20:38.982620623,T,TGT,F,200,95.27
2025-12-24,10:20:38.982623247,T,TGT,F,100,95.27
2025-12-24,10:20:39.003378655,T,TGT,,100,95.26
2025-12-24,10:21:13.455511317,T,TGT,I,12,95.27
2025-12-24,10:21:16.796230235,T,TGT,F I,80,95.29
2025-12-24,10:21:16.796233204,T,TGT,F,100,95.29
2025-12-24,10:21:16.796233204,T,TGT,F I,19,95.3
2025-12-24,10:21:16.797072249,T,TGT,F I,4,95.29
2025-12-24,10:21:25.276370120,T,TGT,F I,3,95.3
2025-12-24,10:21:25.276370120,T,TGT,F I,5,95.3
2025-12-24,10:21:40.460287760,T,TGT,F,100,95.29
2025-12-24,10:21:40.460290985,T,TGT,F I,20,95.29
2025-12-24,10:21:40.460294026,T,TGT,F I,1,95.29
2025-12-24,10:21:40.460294026,T,TGT,F,100,95.29
2025-12-24,10:21:40.460468215,T,TGT,F I,20,95.28
2025-12-24,10:21:40.460471096,T,TGT,F I,20,95.28
2025-12-24,10:21:40.461319126,T,TGT,I,2,95.27
2025-12-24,10:21:42.396606709,T,TGT,F I,10,95.27
2025-12-24,10:21:43.721470076,T,TGT,F I,1,95.26
2025-12-24,10:21:43.721659426,T,TGT,F I,1,95.26
2025-12-24,10:22:35.571388602,T,TGT,F,294,95.28
2025-12-24,10:22:35.571407002,T,TGT,I,1,95.28
2025-12-24,10:22:35.571407002,T,TGT,F I,5,95.28
2025-12-24,10:22:35.571448672,T,TGT,,100,95.29
2025-12-24,10:22:35.592246270,T,TGT,,161,95.3
2025-12-24,10:22:35.592246270,T,TGT,I,62,95.3
2025-12-24,10:22:36.925761184,T,TGT,F I,5,95.33
2025-12-24,10:22:36.925791349,T,TGT,F I,28,95.33
2025-12-24,10:22:40.934587687,T,TGT,I,1,95.33
2025-12-24,10:22:41.230817508,T,TGT,I,2,95.32
2025-12-24,10:22:55.375823034,T,TGT,F I,1,95.32
2025-12-24,10:22:55.375838081,T,TGT,F I,99,95.32
2025-12-24,10:22:55.377001832,T,TGT,F,100,95.33
2025-12-24,10:22:55.377001832,T,TGT,F I,20,95.33
2025-12-24,10:22:55.377004868,T,TGT,F,100,95.33
2025-12-24,10:22:55.393951113,T,TGT,I,25,95.32
2025-12-24,10:22:55.393953495,T,TGT,I,21,95.32
2025-12-24,10:22:55.393956285,T,TGT,I,1,95.32
2025-12-24,10:22:55.398121179,T,TGT,I,80,95.32
2025-12-24,10:22:55.445222372,T,TGT,F I,20,95.32
2025-12-24,10:22:57.569152394,T,TGT,I,25,95.31
2025-12-24,10:22:57.622445332,T,TGT,,100,95.3
2025-12-24,10:22:57.622445332,T,TGT,I,1,95.3
2025-12-24,10:22:57.622451411,T,TGT,F I,85,95.3
2025-12-24,10:23:45.733499702,T,TGT,I,1,95.31
2025-12-24,10:24:13.283315497,T,TGT,F I,63,95.31
2025-12-24,10:25:23.616997356,T,TGT,I,25,95.33
2025-12-24,10:25:23.618419821,T,TGT,I,6,95.34
2025-12-24,10:25:23.618422723,T,TGT,I,33,95.34
2025-12-24,10:25:23.618426762,T,TGT,I,37,95.34
2025-12-24,10:25:23.618426762,T,TGT,,200,95.34
2025-12-24,10:25:23.618433071,T,TGT,I,23,95.34
2025-12-24,10:25:23.618433071,T,TGT,I,15,95.34
2025-12-24,10:25:23.618433071,T,TGT,I,97,95.34
2025-12-24,10:25:23.618435037,T,TGT,I,1,95.34
2025-12-24,10:25:23.618438516,T,TGT,I,5,95.34
2025-12-24,10:25:23.660673644,T,TGT,I,14,95.35
2025-12-24,10:25:23.660676433,T,TGT,I,20,95.35
2025-12-24,10:25:23.660679416,T,TGT,I,5,95.35
2025-12-24,10:25:23.660679416,T,TGT,I,12,95.35
2025-12-24,10:25:23.660685538,T,TGT,F I,20,95.35
2025-12-24,10:25:23.660760589,T,TGT,F I,7,95.36
2025-12-24,10:25:32.653306188,T,TGT,F I,1,95.38
2025-12-24,10:25:32.653342239,T,TGT,I,9,95.38
2025-12-24,10:25:34.229557072,T,TGT,F I,1,95.43
2025-12-24,10:25:34.229562422,T,TGT,F,100,95.43
2025-12-24,10:25:35.654609442,T,TGT,F,300,95.44
2025-12-24,10:25:35.858362893,T,TGT,F I,12,95.47
2025-12-24,10:25:35.865366540,T,TGT,I,2,95.47
2025-12-24,10:25:38.536008023,T,TGT,F I,22,95.48
2025-12-24,10:25:40.392189181,T,TGT,F,100,95.49
2025-12-24,10:25:40.393440175,T,TGT,I,20,95.5
2025-12-24,10:25:40.393440175,T,TGT,,100,95.5
2025-12-24,10:25:41.507338810,T,TGT,I,9,95.5
2025-12-24,10:25:41.507342038,T,TGT,I,70,95.5
2025-12-24,10:25:41.507344873,T,TGT,I,1,95.5
2025-12-24,10:25:41.507356886,T,TGT,F I,1,95.5
2025-12-24,10:25:41.507359900,T,TGT,I,1,95.5
2025-12-24,10:25:41.507365936,T,TGT,I,3,95.5
2025-12-24,10:25:45.360977682,T,TGT,F I,28,95.49
2025-12-24,10:25:45.360980780,T,TGT,F I,60,95.49
2025-12-24,10:25:45.360983736,T,TGT,F,100,95.49
2025-12-24,10:25:45.360983736,T,TGT,F I,1,95.49
2025-12-24,10:25:45.360986772,T,TGT,F,300,95.49
2025-12-24,10:25:46.556256210,T,TGT,I,20,95.48
2025-12-24,10:25:46.556259350,T,TGT,I,95,95.48
2025-12-24,10:25:46.556262216,T,TGT,I,31,95.48
2025-12-24,10:25:46.556262216,T,TGT,I,1,95.48
2025-12-24,10:25:46.556268220,T,TGT,F,100,95.48
2025-12-24,10:25:46.615909312,T,TGT,F,100,95.48
2025-12-24,10:25:52.203984250,T,TGT,,100,95.5
2025-12-24,10:25:52.203987296,T,TGT,I,50,95.51
2025-12-24,10:25:52.204008342,T,TGT,F,100,95.51
2025-12-24,10:25:52.204257922,T,TGT,,157,95.5
2025-12-24,10:25:53.139377643,T,TGT,F,100,95.52
2025-12-24,10:25:53.335829826,T,TGT,I,99,95.54
2025-12-24,10:25:55.135599445,T,TGT,I,8,95.53
2025-12-24,10:25:55.135602402,T,TGT,I,41,95.53
2025-12-24,10:25:55.135608812,T,TGT,I,20,95.53
2025-12-24,10:25:55.135608812,T,TGT,I,31,95.53
2025-12-24,10:25:55.135617491,T,TGT,I,1,95.53
2025-12-24,10:25:55.135623802,T,TGT,F I,68,95.53
2025-12-24,10:25:55.135623802,T,TGT,F I,1,95.53
2025-12-24,10:25:55.135626559,T,TGT,F I,69,95.53
2025-12-24,10:25:55.135644536,T,TGT,F I,4,95.53
2025-12-24,10:25:55.135647881,T,TGT,F I,96,95.53
2025-12-24,10:25:55.135812983,T,TGT,F I,34,95.53
2025-12-24,10:25:55.520775029,T,TGT,I,10,95.53
2025-12-24,10:25:57.854295343,T,TGT,I,1,95.535
2025-12-24,10:26:01.056200494,T,TGT,F I,1,95.55
2025-12-24,10:26:01.797942300,T,TGT,F I,2,95.56
2025-12-24,10:26:01.797944735,T,TGT,F I,1,95.56
2025-12-24,10:26:02.057014954,T,TGT,F I,1,95.56
2025-12-24,10:26:05.081813205,T,TGT,I,36,95.545
2025-12-24,10:26:05.088777662,T,TGT,F I,1,95.54
2025-12-24,10:26:05.088780641,T,TGT,F I,1,95.54
2025-12-24,10:26:05.088795664,T,TGT,F I,1,95.54
2025-12-24,10:26:05.088798665,T,TGT,F I,1,95.54
2025-12-24,10:26:05.088819750,T,TGT,I,62,95.54
2025-12-24,10:26:05.088844585,T,TGT,F I,2,95.54
2025-12-24,10:26:05.088846757,T,TGT,F I,13,95.54
2025-12-24,10:26:06.460039156,T,TGT,F I,20,95.53
2025-12-24,10:26:06.460039156,T,TGT,F I,20,95.53
2025-12-24,10:26:06.460044381,T,TGT,F,100,95.53
2025-12-24,10:26:06.460065402,T,TGT,F I,30,95.52
2025-12-24,10:26:06.460065402,T,TGT,F I,12,95.52
2025-12-24,10:26:06.460068714,T,TGT,F I,51,95.52
2025-12-24,10:26:10.996273196,T,TGT,I,4,95.54
2025-12-24,10:26:14.843341308,T,TGT,F I,5,95.55
2025-12-24,10:26:15.152862704,T,TGT,F I,4,95.57
2025-12-24,10:26:15.152895733,T,TGT,F I,6,95.57
2025-12-24,10:26:15.857633647,T,TGT,F I,50,95.565
2025-12-24,10:26:17.663495830,T,TGT,I,20,95.58
2025-12-24,10:26:19.376857772,T,TGT,I,3,95.58
2025-12-24,10:26:19.377041136,T,TGT,F I,20,95.57
2025-12-24,10:26:19.377044145,T,TGT,F I,20,95.57
2025-12-24,10:26:19.377056155,T,TGT,I,20,95.57
2025-12-24,10:26:19.377089247,T,TGT,I,41,95.57
2025-12-24,10:26:19.377687966,T,TGT,I,19,95.57
2025-12-24,10:26:19.377693842,T,TGT,,100,95.56
2025-12-24,10:26:19.377693842,T,TGT,I,20,95.56
2025-12-24,10:26:19.377696697,T,TGT,I,1,95.56
2025-12-24,10:26:19.377699751,T,TGT,I,54,95.56
2025-12-24,10:26:19.377708758,T,TGT,I,1,95.56
2025-12-24,10:26:19.377714718,T,TGT,I,45,95.56
2025-12-24,10:26:19.667701651,T,TGT,I,1,95.56
2025-12-24,10:26:21.576922934,T,TGT,F I,14,95.59
2025-12-24,10:26:21.577416561,T,TGT,I,54,95.58
2025-12-24,10:26:21.577416561,T,TGT,I,1,95.58
2025-12-24,10:26:21.577437154,T,TGT,I,11,95.59
2025-12-24,10:26:21.577446157,T,TGT,I,69,95.59
2025-12-24,10:26:21.577452280,T,TGT,I,63,95.58
2025-12-24,10:26:21.578140901,T,TGT,F I,20,95.59
2025-12-24,10:26:24.915148843,T,TGT,F I,1,95.6
2025-12-24,10:26:24.915151849,T,TGT,F,395,95.6
2025-12-24,10:26:24.915163825,T,TGT,I,1,95.6
2025-12-24,10:26:24.915166938,T,TGT,I,4,95.6
2025-12-24,10:26:24.915627383,T,TGT,I,11,95.6
2025-12-24,10:26:24.915627383,T,TGT,I,20,95.6
2025-12-24,10:26:24.915630075,T,TGT,I,19,95.59
2025-12-24,10:26:24.915650978,T,TGT,F I,4,95.59
2025-12-24,10:26:24.915660859,T,TGT,F I,12,95.59
2025-12-24,10:26:24.915663028,T,TGT,F I,12,95.59
2025-12-24,10:26:24.915756681,T,TGT,F,100,95.58
2025-12-24,10:26:24.915759797,T,TGT,F,100,95.58
2025-12-24,10:26:24.915759797,T,TGT,F I,12,95.58
2025-12-24,10:26:24.915804438,T,TGT,F,100,95.58
2025-12-24,10:26:24.916322596,T,TGT,I,12,95.59
2025-12-24,10:26:24.916326044,T,TGT,I,23,95.59
2025-12-24,10:26:24.916330953,T,TGT,,100,95.59
2025-12-24,10:26:24.916330953,T,TGT,I,27,95.59
2025-12-24,10:26:24.916334428,T,TGT,I,12,95.59
2025-12-24,10:26:24.916334428,T,TGT,I,7,95.59
2025-12-24,10:26:24.916337064,T,TGT,I,23,95.59
2025-12-24,10:26:24.916337064,T,TGT,I,67,95.59
2025-12-24,10:26:24.917055644,T,TGT,I,7,95.59
2025-12-24,10:26:24.917058490,T,TGT,I,46,95.59
2025-12-24,10:26:24.917061355,T,TGT,I,54,95.59
2025-12-24,10:26:24.917061355,T,TGT,,100,95.59
2025-12-24,10:26:24.917064360,T,TGT,,200,95.59
2025-12-24,10:26:24.918382106,T,TGT,I,57,95.58
2025-12-24,10:26:24.918382106,T,TGT,I,12,95.58
2025-12-24,10:26:24.918384728,T,TGT,I,23,95.58
2025-12-24,10:26:24.918384728,T,TGT,,100,95.58
2025-12-24,10:26:24.919196433,T,TGT,F I,7,95.58
2025-12-24,10:26:24.919199446,T,TGT,F I,50,95.58
2025-12-24,10:26:24.919226566,T,TGT,I,4,95.58
2025-12-24,10:26:24.934406690,T,TGT,,100,95.6
2025-12-24,10:26:26.375063896,T,TGT,I,50,95.645
2025-12-24,10:26:28.094734795,T,TGT,I,1,95.65
2025-12-24,10:26:33.031896955,T,TGT,I,30,95.65
2025-12-24,10:26:33.682749462,T,TGT,I,1,95.65
2025-12-24,10:26:34.516212092,T,TGT,F I,50,95.63
2025-12-24,10:26:41.678278837,T,TGT,F I,50,95.63
2025-12-24,10:26:47.422064761,T,TGT,F I,40,95.65
2025-12-24,10:26:47.422299340,T,TGT,F,100,95.64
2025-12-24,10:26:47.422663471,T,TGT,I,94,95.635
2025-12-24,10:26:47.422663471,T,TGT,I,25,95.65
2025-12-24,10:26:47.422669248,T,TGT,,100,95.65
2025-12-24,10:26:47.422669248,T,TGT,I,37,95.65
2025-12-24,10:26:47.422684282,T,TGT,I,1,95.65
2025-12-24,10:26:47.423457974,T,TGT,F I,31,95.64
2025-12-24,10:26:47.423460192,T,TGT,F I,25,95.64
2025-12-24,10:26:47.423496159,T,TGT,I,8,95.63
2025-12-24,10:26:47.423529239,T,TGT,F I,5,95.63
2025-12-24,10:26:47.423529239,T,TGT,F I,1,95.63
2025-12-24,10:26:47.423538315,T,TGT,I,11,95.63
2025-12-24,10:27:02.798032185,T,TGT,,100,95.63
2025-12-24,10:27:02.798035350,T,TGT,I,37,95.63
2025-12-24,10:27:02.798038813,T,TGT,I,18,95.63
2025-12-24,10:27:02.798038813,T,TGT,I,20,95.63
2025-12-24,10:27:02.798038813,T,TGT,I,33,95.63
2025-12-24,10:27:02.798041352,T,TGT,I,64,95.63
2025-12-24,10:27:02.798044128,T,TGT,I,1,95.63
2025-12-24,10:27:02.798044128,T,TGT,F I,39,95.63
2025-12-24,10:27:02.798047139,T,TGT,F,100,95.63
2025-12-24,10:27:02.798186196,T,TGT,F I,20,95.62
2025-12-24,10:27:02.798186196,T,TGT,F,100,95.62
2025-12-24,10:27:02.798188621,T,TGT,F I,32,95.62
2025-12-24,10:27:02.798188621,T,TGT,F I,97,95.62
2025-12-24,10:27:02.798726685,T,TGT,F I,20,95.61
2025-12-24,10:27:02.799481577,T,TGT,F I,13,95.61
2025-12-24,10:27:02.800428803,T,TGT,F,100,95.61
2025-12-24,10:27:02.800432149,T,TGT,F,400,95.61
2025-12-24,10:27:02.800432149,T,TGT,F I,39,95.61
2025-12-24,10:27:02.804993635,T,TGT,I,50,95.61
2025-12-24,10:27:02.833221909,T,TGT,I,4,95.61
2025-12-24,10:27:02.833221909,T,TGT,,100,95.61
2025-12-24,10:27:02.833225012,T,TGT,F I,28,95.62
2025-12-24,10:27:02.833225012,T,TGT,F,100,95.62
2025-12-24,10:27:02.833227958,T,TGT,F I,36,95.62
2025-12-24,10:27:02.846790456,T,TGT,F I,28,95.63
2025-12-24,10:27:02.846790456,T,TGT,F,100,95.63
2025-12-24,10:27:02.926248535,T,TGT,,100,95.635
2025-12-24,10:27:05.162655474,T,TGT,,100,95.63
2025-12-24,10:27:05.162676501,T,TGT,I,66,95.63
2025-12-24,10:27:05.162679479,T,TGT,I,36,95.63
2025-12-24,10:27:05.162679479,T,TGT,I,1,95.63
2025-12-24,10:27:05.162682461,T,TGT,I,1,95.63
2025-12-24,10:27:05.162700563,T,TGT,F I,99,95.63
2025-12-24,10:27:05.163768128,T,TGT,,100,95.63
2025-12-24,10:27:05.170072719,T,TGT,I,42,95.63
2025-12-24,10:27:05.170072719,T,TGT,F I,58,95.63
2025-12-24,10:27:05.170077108,T,TGT,F I,42,95.63
2025-12-24,10:27:05.170092201,T,TGT,I,1,95.63
2025-12-24,10:27:05.170092201,T,TGT,I,30,95.63
2025-12-24,10:27:05.170098298,T,TGT,I,5,95.63
2025-12-24,10:27:05.170128619,T,TGT,I,27,95.63
2025-12-24,10:27:05.640045757,T,TGT,I,39,95.64
2025-12-24,10:27:05.640057986,T,TGT,I,24,95.64
2025-12-24,10:27:05.640057986,T,TGT,I,12,95.64
2025-12-24,10:27:05.640069814,T,TGT,I,15,95.64
2025-12-24,10:27:05.640554010,T,TGT,F I,36,95.65
2025-12-24,10:27:05.640565977,T,TGT,F I,1,95.65
2025-12-24,10:27:11.736632056,T,TGT,F,100,95.63
2025-12-24,10:27:11.736632056,T,TGT,F I,35,95.63
2025-12-24,10:27:11.736635141,T,TGT,F I,3,95.63
2025-12-24,10:27:11.736644178,T,TGT,F,100,95.63
2025-12-24,10:27:11.736644178,T,TGT,I,1,95.63
2025-12-24,10:27:11.736677316,T,TGT,I,5,95.63
2025-12-24,10:27:11.736680185,T,TGT,I,51,95.63
2025-12-24,10:27:11.736695203,T,TGT,F I,5,95.63
2025-12-24,10:27:11.736695203,T,TGT,F I,5,95.63
2025-12-24,10:27:11.736707238,T,TGT,F I,38,95.63
2025-12-24,10:27:17.277575562,T,TGT,F I,22,95.62
2025-12-24,10:27:17.798383314,T,TGT,I,20,95.63
2025-12-24,10:27:28.587640316,T,TGT,F I,20,95.61
2025-12-24,10:27:28.587643407,T,TGT,F I,1,95.61
2025-12-24,10:27:28.587691538,T,TGT,I,4,95.6
2025-12-24,10:27:28.587691538,T,TGT,I,20,95.6
2025-12-24,10:27:28.587695276,T,TGT,I,1,95.6
2025-12-24,10:27:28.587698217,T,TGT,,100,95.6
2025-12-24,10:27:28.587700846,T,TGT,I,1,95.6
2025-12-24,10:27:28.587700846,T,TGT,I,21,95.6
2025-12-24,10:27:28.587703528,T,TGT,F I,4,95.6
2025-12-24,10:27:28.589358153,T,TGT,I,13,95.62
2025-12-24,10:27:28.589361365,T,TGT,I,23,95.62
2025-12-24,10:27:28.589364000,T,TGT,I,64,95.62
2025-12-24,10:27:28.589378807,T,TGT,F I,36,95.62
2025-12-24,10:27:28.589793462,T,TGT,F I,11,95.63
2025-12-24,10:27:28.589838568,T,TGT,,100,95.63
2025-12-24,10:27:39.386087316,T,TGT,F I,23,95.62
2025-12-24,10:27:39.386090399,T,TGT,F I,13,95.62
2025-12-24,10:27:39.386090399,T,TGT,F I,3,95.62
2025-12-24,10:27:39.386138375,T,TGT,I,4,95.62
2025-12-24,10:27:39.466571028,T,TGT,F,100,95.61
2025-12-24,10:27:39.466589076,T,TGT,I,1,95.61
2025-12-24,10:27:39.466613529,T,TGT,F I,79,95.61
2025-12-24,10:27:39.466616108,T,TGT,F I,20,95.61
2025-12-24,10:27:39.473219913,T,TGT,I,1,95.6
2025-12-24,10:27:39.477547240,T,TGT,I,12,95.6
2025-12-24,10:27:39.489578839,T,TGT,I,50,95.6
2025-12-24,10:27:39.489651024,T,TGT,,100,95.59
2025-12-24,10:27:39.489651024,T,TGT,,100,95.59
2025-12-24,10:27:39.490105152,T,TGT,F,100,95.58
2025-12-24,10:27:39.490312736,T,TGT,F I,20,95.57
2025-12-24,10:27:39.490315557,T,TGT,F,100,95.57
2025-12-24,10:27:39.490390770,T,TGT,F,100,95.57
2025-12-24,10:27:39.493674587,T,TGT,I,80,95.57
2025-12-24,10:27:43.604678629,T,TGT,,100,95.56
2025-12-24,10:27:43.604681560,T,TGT,,500,95.56
2025-12-24,10:27:43.604681560,T,TGT,I,19,95.56
2025-12-24,10:27:43.604702550,T,TGT,I,1,95.56
2025-12-24,10:27:43.612626520,T,TGT,F,100,95.57
2025-12-24,10:27:43.612635544,T,TGT,F I,56,95.57
2025-12-24,10:28:01.569646116,T,TGT,F I,20,95.63
2025-12-24,10:28:01.569648884,T,TGT,F I,12,95.63
2025-12-24,10:28:01.569648884,T,TGT,F I,10,95.63
2025-12-24,10:28:04.117919608,T,TGT,,100,95.65
2025-12-24,10:28:04.117922644,T,TGT,I,1,95.65
2025-12-24,10:28:04.275627315,T,TGT,I,20,95.665
2025-12-24,10:28:09.712568075,T,TGT,F I,2,95.65
2025-12-24,10:28:09.712574650,T,TGT,F,100,95.65
2025-12-24,10:28:09.712574650,T,TGT,F I,10,95.65
2025-12-24,10:28:09.712574650,T,TGT,F I,15,95.65
2025-12-24,10:28:09.712577353,T,TGT,F I,1,95.65
2025-12-24,10:28:09.712583085,T,TGT,F,100,95.65
2025-12-24,10:28:09.712587003,T,TGT,I,1,95.65
2025-12-24,10:28:09.712592140,T,TGT,I,14,95.65
2025-12-24,10:28:09.712622225,T,TGT,I,8,95.65
2025-12-24,10:28:09.712625190,T,TGT,I,34,95.65
2025-12-24,10:28:20.471173076,T,TGT,F I,2,95.68
2025-12-24,10:28:20.471179126,T,TGT,F I,98,95.68
2025-12-24,10:28:20.471179126,T,TGT,F I,3,95.68
2025-12-24,10:28:20.471669421,T,TGT,F I,3,95.69
2025-12-24,10:28:20.472018034,T,TGT,I,1,95.69
2025-12-24,10:28:20.472042120,T,TGT,F I,1,95.69
2025-12-24,10:28:20.472361469,T,TGT,I,8,95.7
2025-12-24,10:28:20.472381988,T,TGT,F I,6,95.7
2025-12-24,10:28:20.607774500,T,TGT,F I,39,95.71
2025-12-24,10:28:20.607774500,T,TGT,F I,2,95.71
2025-12-24,10:28:20.607776547,T,TGT,F I,76,95.71
2025-12-24,10:28:20.968600348,T,TGT,F I,83,95.7
2025-12-24,10:28:20.968600348,T,TGT,F I,15,95.7
2025-12-24,10:28:30.196317839,T,TGT,I,19,95.72
2025-12-24,10:28:42.150917207,T,TGT,F I,3,95.72
2025-12-24,10:28:42.151013412,T,TGT,I,18,95.72
2025-12-24,10:29:10.178965538,T,TGT,F I,10,95.71
2025-12-24,10:29:10.178968553,T,TGT,F I,64,95.71
2025-12-24,10:29:10.178980620,T,TGT,F I,36,95.71
2025-12-24,10:29:10.178983631,T,TGT,F I,3,95.71
2025-12-24,10:29:10.178983631,T,TGT,F I,60,95.71
2025-12-24,10:29:10.178989615,T,TGT,F I,29,95.71
2025-12-24,10:29:10.178989615,T,TGT,F I,50,95.71
2025-12-24,10:29:10.178989615,T,TGT,F I,1,95.71
2025-12-24,10:29:10.178993286,T,TGT,F I,74,95.71
2025-12-24,10:29:10.178995651,T,TGT,F I,26,95.71
2025-12-24,10:29:10.179058776,T,TGT,F I,8,95.71
2025-12-24,10:29:10.192789464,T,TGT,,100,95.7
2025-12-24,10:29:10.640787757,T,TGT,,100,95.7
2025-12-24,10:29:10.640811828,T,TGT,I,20,95.69
2025-12-24,10:29:10.640823804,T,TGT,I,22,95.69
2025-12-24,10:29:10.640826823,T,TGT,I,58,95.69
2025-12-24,10:29:10.640830344,T,TGT,I,24,95.69
2025-12-24,10:29:10.640833267,T,TGT,I,26,95.69
2025-12-24,10:29:10.640833267,T,TGT,I,42,95.69
2025-12-24,10:29:10.640835917,T,TGT,F I,58,95.69
2025-12-24,10:29:10.653592243,T,TGT,,100,95.69
2025-12-24,10:29:10.653592243,T,TGT,I,23,95.68
2025-12-24,10:29:10.655655319,T,TGT,F I,77,95.68
2025-12-24,10:29:10.655655319,T,TGT,F I,23,95.68
2025-12-24,10:29:10.655676255,T,TGT,I,1,95.68
2025-12-24,10:29:12.705079595,T,TGT,I,1,95.71
2025-12-24,10:29:15.142608630,T,TGT,I,12,95.72
2025-12-24,10:29:24.378902915,T,TGT,I,20,95.74
2025-12-24,10:29:25.163541193,T,TGT,,100,95.73
2025-12-24,10:29:35.193622265,T,TGT,I,63,95.735
2025-12-24,10:29:35.193622265,T,TGT,,200,95.73
2025-12-24,10:29:35.193672604,T,TGT,,100,95.73
2025-12-24,10:29:35.193675744,T,TGT,I,1,95.73
2025-12-24,10:29:35.193675744,T,TGT,,100,95.73
2025-12-24,10:29:35.193679031,T,TGT,I,20,95.73
2025-12-24,10:29:35.193679031,T,TGT,I,16,95.73
2025-12-24,10:29:35.193684685,T,TGT,I,1,95.73
2025-12-24,10:29:35.193687708,T,TGT,I,83,95.73
2025-12-24,10:29:37.656744638,T,TGT,F I,20,95.72
2025-12-24,10:29:37.656762592,T,TGT,F,100,95.72
2025-12-24,10:29:37.657021204,T,TGT,F,100,95.71
2025-12-24,10:29:37.702802273,T,TGT,F I,32,95.72
2025-12-24,10:29:37.702880460,T,TGT,I,99,95.72
2025-12-24,10:29:46.675822566,T,TGT,I,8,95.71
2025-12-24,10:29:46.675822566,T,TGT,I,32,95.71
2025-12-24,10:29:46.676090050,T,TGT,,100,95.7
2025-12-24,10:29:46.676090050,T,TGT,I,50,95.7
2025-12-24,10:29:46.676111019,T,TGT,I,1,95.7
2025-12-24,10:29:46.676315574,T,TGT,F I,99,95.7
2025-12-24,10:29:46.676423794,T,TGT,F I,10,95.7
2025-12-24,10:29:46.688656915,T,TGT,F I,30,95.71
2025-12-24,10:29:48.628088338,T,TGT,F I,30,95.71
2025-12-24,10:29:48.628091415,T,TGT,F,144,95.71
2025-12-24,10:29:48.628371050,T,TGT,F,100,95.7
2025-12-24,10:29:48.628692903,T,TGT,I,30,95.705
2025-12-24,10:29:48.628692903,T,TGT,I,30,95.71
2025-12-24,10:29:48.628695973,T,TGT,I,15,95.71
2025-12-24,10:29:48.628699125,T,TGT,I,25,95.71
2025-12-24,10:29:48.628713915,T,TGT,I,1,95.71
2025-12-24,10:29:48.628734916,T,TGT,I,24,95.71
2025-12-24,10:29:49.180622087,T,TGT,,100,95.71
2025-12-24,10:29:49.180625828,T,TGT,I,11,95.71
2025-12-24,10:29:49.180627997,T,TGT,I,15,95.71
2025-12-24,10:29:49.180627997,T,TGT,I,30,95.71
2025-12-24,10:29:49.707666382,T,TGT,F I,50,95.69
