DATE,TIME_M,EX,SYM_ROOT,TR_SCOND,SIZE,PRICE
2025-10-10,9:30:00.543373818,T,TGT,TI,1,89.0
2025-10-10,9:30:00.543379859,T,TGT,TI,1,89.01
2025-10-10,9:30:00.543382854,T,TGT,TI,31,89.03
2025-10-10,9:30:00.543494099,T,TGT,FTI,1,89.03
2025-10-10,9:30:00.543707544,T,TGT,TI,14,89.03
2025-10-10,9:30:00.543719634,T,TGT,FTI,34,89.03
2025-10-10,9:30:00.543723045,T,TGT,FTI,1,89.03
2025-10-10,9:30:00.543723045,T,TGT,FTI,1,89.03
2025-10-10,9:30:00.543725656,T,TGT,FTI,1,89.03
2025-10-10,9:30:00.544306012,T,TGT,FTI,6,89.03
2025-10-10,9:30:00.544309058,T,TGT,FTI,1,89.03
2025-10-10,9:30:00.544309058,T,TGT,FTI,1,89.03
2025-10-10,9:30:00.544348171,T,TGT,FTI,1,89.03
2025-10-10,9:30:00.816472392,T,TGT,FT,876,89.03
2025-10-10,9:30:01.165315501,T,TGT,F I,10,89.03
2025-10-10,9:30:01.165324426,T,TGT,Q,10,89.03
2025-10-10,9:30:01.273834947,T,TGT,I,1,89.03
2025-10-10,9:30:01.273847838,T,TGT,F I,1,89.03
2025-10-10,9:30:01.273850089,T,TGT,F I,1,89.03
2025-10-10,9:30:01.273852950,T,TGT,F I,1,89.03
2025-10-10,9:30:01.273856027,T,TGT,,100,89.03
2025-10-10,9:30:01.274096571,T,TGT,F I,1,89.03
2025-10-10,9:30:01.274147678,T,TGT,F I,1,89.03
2025-10-10,9:30:01.274604869,T,TGT,F I,1,89.03
2025-10-10,9:30:01.275329494,T,TGT,,100,89.03
2025-10-10,9:30:01.275332553,T,TGT,,100,89.03
2025-10-10,9:30:01.275413747,T,TGT,I,1,89.03
2025-10-10,9:30:01.275419791,T,TGT,F I,1,89.03
2025-10-10,9:30:01.275473815,T,TGT,,100,89.03
2025-10-10,9:30:01.275546070,T,TGT,,100,89.03
2025-10-10,9:30:01.275552391,T,TGT,I,1,89.03
2025-10-10,9:30:01.275552391,T,TGT,F I,1,89.03
2025-10-10,9:30:01.280640653,T,TGT,,100,89.03
2025-10-10,9:30:01.303392383,T,TGT,F,151,89.03
2025-10-10,9:30:01.303449480,T,TGT,F I,1,89.03
2025-10-10,9:30:01.304397221,T,TGT,F I,1,89.03
2025-10-10,9:30:01.304607275,T,TGT,F I,1,89.03
2025-10-10,9:30:01.304971082,T,TGT,F I,1,89.03
2025-10-10,9:30:01.305061312,T,TGT,F I,1,89.03
2025-10-10,9:30:01.305467298,T,TGT,F I,1,89.03
2025-10-10,9:30:01.305738010,T,TGT,F I,1,89.03
2025-10-10,9:30:01.305755970,T,TGT,,105,89.03
2025-10-10,9:30:01.306240189,T,TGT,F I,1,89.03
2025-10-10,9:30:01.306811495,T,TGT,F I,1,89.03
2025-10-10,9:30:01.307286638,T,TGT,F I,1,89.03
2025-10-10,9:30:01.307361834,T,TGT,F I,1,89.03
2025-10-10,9:30:01.307394876,T,TGT,F I,1,89.03
2025-10-10,9:30:01.307770789,T,TGT,F I,1,89.03
2025-10-10,9:30:01.308203894,T,TGT,F I,1,89.03
2025-10-10,9:30:01.308369245,T,TGT,F I,1,89.03
2025-10-10,9:30:01.308369245,T,TGT,F I,1,89.03
2025-10-10,9:30:01.309292625,T,TGT,,443,89.03
2025-10-10,9:30:01.309328499,T,TGT,F I,1,89.03
2025-10-10,9:30:01.309572071,T,TGT,F I,1,89.03
2025-10-10,9:30:01.309617254,T,TGT,F I,1,89.03
2025-10-10,9:30:01.311752240,T,TGT,F I,1,89.03
2025-10-10,9:30:01.311809445,T,TGT,F I,1,89.03
2025-10-10,9:30:01.312516157,T,TGT,F I,1,89.03
2025-10-10,9:30:01.312582280,T,TGT,F I,1,89.03
2025-10-10,9:30:01.313881312,T,TGT,F I,1,89.03
2025-10-10,9:30:01.313917502,T,TGT,F I,1,89.03
2025-10-10,9:30:01.315998419,T,TGT,F I,1,89.03
2025-10-10,9:30:01.316049519,T,TGT,F I,1,89.03
2025-10-10,9:30:01.319366480,T,TGT,F I,25,89.03
2025-10-10,9:30:01.319402505,T,TGT,F I,1,89.03
2025-10-10,9:30:01.319700278,T,TGT,I,3,89.03
2025-10-10,9:30:01.319730248,T,TGT,F I,1,89.03
2025-10-10,9:30:01.320292598,T,TGT,I,4,89.03
2025-10-10,9:30:01.320340789,T,TGT,F I,1,89.03
2025-10-10,9:30:01.326009240,T,TGT,F I,1,89.03
2025-10-10,9:30:01.326009240,T,TGT,F I,1,89.03
2025-10-10,9:30:01.326012278,T,TGT,F I,1,89.03
2025-10-10,9:30:01.326595740,T,TGT,I,1,89.03
2025-10-10,9:30:01.326622763,T,TGT,F I,1,89.03
2025-10-10,9:30:01.333864002,T,TGT,I,1,89.03
2025-10-10,9:30:01.333888080,T,TGT,F I,1,89.03
2025-10-10,9:30:01.334345174,T,TGT,I,1,89.03
2025-10-10,9:30:01.334378200,T,TGT,F I,1,89.03
2025-10-10,9:30:01.339685859,T,TGT,I,11,89.03
2025-10-10,9:30:01.339710025,T,TGT,F I,1,89.03
2025-10-10,9:30:01.339767041,T,TGT,I,2,89.03
2025-10-10,9:30:01.339794127,T,TGT,F I,1,89.03
2025-10-10,9:30:01.339950490,T,TGT,I,56,89.03
2025-10-10,9:30:01.339983538,T,TGT,F I,1,89.03
2025-10-10,9:30:01.341310111,T,TGT,,300,89.03
2025-10-10,9:30:01.341312692,T,TGT,I,1,89.03
2025-10-10,9:30:01.341339763,T,TGT,I,1,89.03
2025-10-10,9:30:01.341664561,T,TGT,I,1,89.03
2025-10-10,9:30:01.342470441,T,TGT,F I,2,89.03
2025-10-10,9:30:01.342689947,T,TGT,I,1,89.03
2025-10-10,9:30:01.342705035,T,TGT,F I,1,89.03
2025-10-10,9:30:01.343059950,T,TGT,I,1,89.03
2025-10-10,9:30:01.343180189,T,TGT,I,1,89.03
2025-10-10,9:30:01.343186177,T,TGT,I,3,89.03
2025-10-10,9:30:01.344966376,T,TGT,I,1,89.03
2025-10-10,9:30:01.373399200,T,TGT,F I,5,89.03
2025-10-10,9:30:01.374674246,T,TGT,F I,1,89.03
2025-10-10,9:30:01.374701325,T,TGT,F I,4,89.03
2025-10-10,9:30:01.375654578,T,TGT,F I,5,89.03
2025-10-10,9:30:01.376688996,T,TGT,F I,1,89.03
2025-10-10,9:30:01.376800312,T,TGT,F I,3,89.03
2025-10-10,9:30:01.377738502,T,TGT,F I,2,89.03
2025-10-10,9:30:01.378655673,T,TGT,F I,5,89.03
2025-10-10,9:30:01.379269145,T,TGT,F I,6,89.03
2025-10-10,9:30:01.379548843,T,TGT,F I,3,89.03
2025-10-10,9:30:01.380426982,T,TGT,F I,2,89.03
2025-10-10,9:30:01.381521485,T,TGT,F I,1,89.03
2025-10-10,9:30:01.382799552,T,TGT,F I,10,89.03
2025-10-10,9:30:01.383127387,T,TGT,I,1,89.03
2025-10-10,9:30:01.383127387,T,TGT,I,2,89.03
2025-10-10,9:30:01.422614400,T,TGT,I,10,89.03
2025-10-10,9:30:01.960623183,T,TGT,F I,33,89.03
2025-10-10,9:30:01.960653458,T,TGT,,100,89.01
2025-10-10,9:30:01.960653458,T,TGT,I,1,89.0
2025-10-10,9:30:01.960656671,T,TGT,,277,89.0
2025-10-10,9:30:01.960659657,T,TGT,I,50,89.0
2025-10-10,9:30:01.960659657,T,TGT,,105,89.0
2025-10-10,9:30:01.960662338,T,TGT,I,11,89.0
2025-10-10,9:30:01.960662338,T,TGT,I,7,89.0
2025-10-10,9:30:01.960674350,T,TGT,I,1,89.0
2025-10-10,9:30:01.960701372,T,TGT,F I,85,89.0
2025-10-10,9:30:01.961299921,T,TGT,F I,90,89.01
2025-10-10,9:30:01.961303466,T,TGT,F I,7,89.0
2025-10-10,9:30:01.961305805,T,TGT,F I,7,89.0
2025-10-10,9:30:01.961591440,T,TGT,I,10,89.03
2025-10-10,9:30:01.961618544,T,TGT,,200,89.03
2025-10-10,9:30:01.961790646,T,TGT,F I,1,88.99
2025-10-10,9:30:01.961795907,T,TGT,F,208,88.99
2025-10-10,9:30:02.020880753,T,TGT,I,66,89.03
2025-10-10,9:30:02.738603482,T,TGT,I,1,89.03
2025-10-10,9:30:02.738627510,T,TGT,F I,50,89.03
2025-10-10,9:30:02.843297881,T,TGT,,100,89.03
2025-10-10,9:30:03.241377256,T,TGT,,100,89.03
2025-10-10,9:30:03.291437577,T,TGT,,100,89.03
2025-10-10,9:30:03.342213500,T,TGT,,100,89.03
2025-10-10,9:30:03.393208958,T,TGT,,100,89.03
2025-10-10,9:30:03.445783207,T,TGT,,100,89.03
2025-10-10,9:30:03.940978894,T,TGT,I,2,89.06
2025-10-10,9:30:03.943393732,T,TGT,I,3,89.06
2025-10-10,9:30:03.951555195,T,TGT,I,20,89.06
2025-10-10,9:30:03.951555195,T,TGT,I,10,89.09
2025-10-10,9:30:04.000959786,T,TGT,I,13,89.1
2025-10-10,9:30:04.001050045,T,TGT,I,12,89.1
2025-10-10,9:30:04.011310424,T,TGT,I,1,89.12
2025-10-10,9:30:04.015415234,T,TGT,I,1,89.12
2025-10-10,9:30:04.015535573,T,TGT,I,1,89.12
2025-10-10,9:30:04.015622761,T,TGT,I,1,89.12
2025-10-10,9:30:04.015691900,T,TGT,I,3,89.12
2025-10-10,9:30:04.015691900,T,TGT,I,1,89.12
2025-10-10,9:30:04.020025277,T,TGT,I,6,89.12
2025-10-10,9:30:04.020088385,T,TGT,I,2,89.12
2025-10-10,9:30:04.020118408,T,TGT,I,1,89.12
2025-10-10,9:30:04.020154580,T,TGT,I,6,89.12
2025-10-10,9:30:04.020190588,T,TGT,I,1,89.12
2025-10-10,9:30:04.028334075,T,TGT,I,1,89.12
2025-10-10,9:30:05.189824049,T,TGT,,100,89.03
2025-10-10,9:30:05.201070846,T,TGT,,100,89.03
2025-10-10,9:30:05.238774661,T,TGT,,100,89.03
2025-10-10,9:30:05.265854188,T,TGT,,100,89.03
2025-10-10,9:30:05.276809197,T,TGT,,100,89.03
2025-10-10,9:30:05.288095141,T,TGT,,100,89.03
2025-10-10,9:30:05.298978077,T,TGT,,200,89.03
2025-10-10,9:30:05.309364791,T,TGT,,200,89.03
2025-10-10,9:30:05.320289766,T,TGT,,100,89.03
2025-10-10,9:30:05.330514131,T,TGT,,100,89.03
2025-10-10,9:30:05.341066338,T,TGT,I,35,89.03
2025-10-10,9:30:08.233155185,T,TGT,,200,89.02
2025-10-10,9:30:08.233155185,T,TGT,,100,89.04
2025-10-10,9:30:08.233158180,T,TGT,F I,25,89.04
2025-10-10,9:30:08.233164178,T,TGT,F,275,89.05
2025-10-10,9:30:08.233164178,T,TGT,I,25,89.05
2025-10-10,9:30:08.233167500,T,TGT,,275,89.05
2025-10-10,9:30:08.233171165,T,TGT,,124,89.05
2025-10-10,9:30:08.233173652,T,TGT,F,176,89.05
2025-10-10,9:30:08.233173652,T,TGT,F I,68,89.05
2025-10-10,9:30:08.233176244,T,TGT,I,1,89.05
2025-10-10,9:30:08.233179475,T,TGT,,299,89.05
2025-10-10,9:30:08.233179475,T,TGT,F,119,89.05
2025-10-10,9:30:08.233212385,T,TGT,I,10,89.03
2025-10-10,9:30:08.233266494,T,TGT,,100,89.05
2025-10-10,9:30:08.233287645,T,TGT,,200,89.05
2025-10-10,9:30:08.233297416,T,TGT,I,9,89.04
2025-10-10,9:30:08.233297416,T,TGT,I,24,89.03
2025-10-10,9:30:08.233299574,T,TGT,I,91,89.03
2025-10-10,9:30:08.233357475,T,TGT,F I,2,89.05
2025-10-10,9:30:08.233374734,T,TGT,,100,89.04
2025-10-10,9:30:08.233416976,T,TGT,,100,89.03
2025-10-10,9:30:08.233416976,T,TGT,I,9,89.04
2025-10-10,9:30:08.233452893,T,TGT,I,91,89.04
2025-10-10,9:30:08.233468130,T,TGT,I,9,89.03
2025-10-10,9:30:08.233507079,T,TGT,I,20,89.02
2025-10-10,9:30:08.233516336,T,TGT,,100,89.04
2025-10-10,9:30:08.233516336,T,TGT,,298,89.05
2025-10-10,9:30:08.233519095,T,TGT,,707,89.05
2025-10-10,9:30:08.233543138,T,TGT,I,9,89.02
2025-10-10,9:30:08.233597244,T,TGT,,100,89.05
2025-10-10,9:30:08.233645354,T,TGT,F I,2,89.05
2025-10-10,9:30:08.233651339,T,TGT,I,10,89.02
2025-10-10,9:30:08.233696527,T,TGT,F I,2,89.05
2025-10-10,9:30:08.233771710,T,TGT,F I,2,89.04
2025-10-10,9:30:08.233823112,T,TGT,I,10,89.02
2025-10-10,9:30:08.968178209,T,TGT,F,100,89.0
2025-10-10,9:30:08.968181249,T,TGT,F I,25,89.01
2025-10-10,9:30:08.968181249,T,TGT,F I,75,89.04
2025-10-10,9:30:08.968193279,T,TGT,F I,25,89.04
2025-10-10,9:30:08.968193279,T,TGT,F I,8,89.05
2025-10-10,9:30:08.968472972,T,TGT,,100,89.04
2025-10-10,9:30:08.968590285,T,TGT,I,34,89.02
2025-10-10,9:30:10.077235349,T,TGT,F,100,88.96
2025-10-10,9:30:10.077235349,T,TGT,F I,25,88.96
2025-10-10,9:30:10.077238357,T,TGT,F I,1,88.96
2025-10-10,9:30:10.077262351,T,TGT,F I,1,88.96
2025-10-10,9:30:10.077334616,T,TGT,F I,73,88.96
2025-10-10,9:30:10.077337910,T,TGT,F I,1,88.95
2025-10-10,9:30:10.187613347,T,TGT,F I,7,88.995
2025-10-10,9:30:10.296051667,T,TGT,F I,7,89.01
2025-10-10,9:30:10.296135832,T,TGT,F,100,89.01
2025-10-10,9:30:10.296553907,T,TGT,F,100,89.01
2025-10-10,9:30:10.472191258,T,TGT,F,100,89.03
2025-10-10,9:30:10.472191258,T,TGT,F,100,89.03
2025-10-10,9:30:10.472193760,T,TGT,F,100,89.03
2025-10-10,9:30:10.472448873,T,TGT,I,18,89.0
2025-10-10,9:30:10.472524034,T,TGT,F,100,89.0
2025-10-10,9:30:10.599035484,T,TGT,F,100,89.03
2025-10-10,9:30:10.599110575,T,TGT,I,9,89.01
2025-10-10,9:30:10.699952802,T,TGT,F I,7,89.01
2025-10-10,9:30:10.699956853,T,TGT,F,269,89.01
2025-10-10,9:30:10.699959105,T,TGT,F,100,89.01
2025-10-10,9:30:10.699959105,T,TGT,F,100,89.01
2025-10-10,9:30:10.700828003,T,TGT,I,18,88.99
2025-10-10,9:30:10.819508661,T,TGT,F I,18,89.01
2025-10-10,9:30:11.850809587,T,TGT,I,1,89.04
2025-10-10,9:30:12.036255312,T,TGT,,100,89.02
2025-10-10,9:30:13.049212733,T,TGT,F I,5,89.06
2025-10-10,9:30:13.049212733,T,TGT,F I,7,89.06
2025-10-10,9:30:13.049215520,T,TGT,F I,36,89.06
2025-10-10,9:30:13.112877425,T,TGT,I,1,89.04
2025-10-10,9:30:14.970579844,T,TGT,I,12,89.04
2025-10-10,9:30:16.728201104,T,TGT,F,100,89.0
2025-10-10,9:30:16.728201104,T,TGT,F I,1,88.99
2025-10-10,9:30:16.728204151,T,TGT,F I,8,88.99
2025-10-10,9:30:16.728240265,T,TGT,F I,2,88.99
2025-10-10,9:30:16.728255321,T,TGT,F I,1,88.98
2025-10-10,9:30:16.728270530,T,TGT,F I,98,88.98
2025-10-10,9:30:16.728291307,T,TGT,F I,1,88.98
2025-10-10,9:30:16.728294312,T,TGT,F I,1,88.98
2025-10-10,9:30:16.729241603,T,TGT,F,100,88.98
2025-10-10,9:30:20.019328759,T,TGT,F I,1,88.93
2025-10-10,9:30:20.019385929,T,TGT,F I,1,88.93
2025-10-10,9:30:20.195130613,T,TGT,,200,88.96
2025-10-10,9:30:20.830297784,T,TGT,,100,89.0
2025-10-10,9:30:20.844548747,T,TGT,F,100,88.96
2025-10-10,9:30:21.366405894,T,TGT,F I,1,88.92
2025-10-10,9:30:21.366405894,T,TGT,F I,1,88.92
2025-10-10,9:30:21.367915581,T,TGT,I,24,88.97
2025-10-10,9:30:21.367915581,T,TGT,I,76,88.97
2025-10-10,9:30:21.367936637,T,TGT,,800,88.97
2025-10-10,9:30:21.370547419,T,TGT,I,24,88.94
2025-10-10,9:30:21.370550285,T,TGT,I,27,88.94
2025-10-10,9:30:21.370550285,T,TGT,F I,14,88.94
2025-10-10,9:30:21.370552790,T,TGT,F I,5,88.94
2025-10-10,9:30:21.370565033,T,TGT,F I,1,88.94
2025-10-10,9:30:21.370571101,T,TGT,F I,1,88.94
2025-10-10,9:30:21.370576928,T,TGT,I,79,88.94
2025-10-10,9:30:21.370628057,T,TGT,I,21,88.94
2025-10-10,9:30:21.370630987,T,TGT,,100,88.94
2025-10-10,9:30:21.370649097,T,TGT,I,24,88.94
2025-10-10,9:30:21.370874611,T,TGT,I,24,88.92
2025-10-10,9:30:21.371205422,T,TGT,,100,88.91
2025-10-10,9:30:21.382816049,T,TGT,I,24,88.92
2025-10-10,9:30:21.542911440,T,TGT,,200,88.96
2025-10-10,9:30:31.001531322,T,TGT,,100,88.94
2025-10-10,9:30:31.027543291,T,TGT,,100,88.91
2025-10-10,9:30:31.027600340,T,TGT,,100,88.91
2025-10-10,9:30:31.027720689,T,TGT,F,100,88.915
2025-10-10,9:30:31.027775043,T,TGT,F I,86,88.91
2025-10-10,9:30:31.027777796,T,TGT,F I,14,88.91
2025-10-10,9:30:31.027991259,T,TGT,I,1,88.9
2025-10-10,9:30:31.027994409,T,TGT,I,2,88.9
2025-10-10,9:30:31.027994409,T,TGT,I,5,88.9
2025-10-10,9:30:31.027997869,T,TGT,I,5,88.9
2025-10-10,9:30:31.028000345,T,TGT,I,60,88.9
2025-10-10,9:30:31.028087512,T,TGT,,100,88.91
2025-10-10,9:30:31.030454133,T,TGT,F,200,88.92
2025-10-10,9:30:31.030508318,T,TGT,I,12,88.91
2025-10-10,9:30:32.222695551,T,TGT,I,10,88.89
2025-10-10,9:30:32.222731662,T,TGT,I,1,88.87
2025-10-10,9:30:32.222731662,T,TGT,I,33,88.87
2025-10-10,9:30:32.222734599,T,TGT,I,30,88.87
2025-10-10,9:30:33.630607576,T,TGT,F,125,88.89
2025-10-10,9:30:33.630655746,T,TGT,F I,75,88.89
2025-10-10,9:30:40.324897652,T,TGT,I,36,88.85
2025-10-10,9:30:40.326112597,T,TGT,I,5,88.86
2025-10-10,9:30:40.326136663,T,TGT,F I,95,88.86
2025-10-10,9:30:40.326136663,T,TGT,I,95,88.86
2025-10-10,9:30:40.326166733,T,TGT,I,38,88.83
2025-10-10,9:30:40.327134956,T,TGT,I,38,88.86
2025-10-10,9:30:41.561512657,T,TGT,,125,88.865
2025-10-10,9:30:41.561864563,T,TGT,I,75,88.865
2025-10-10,9:30:41.569223414,T,TGT,,100,88.865
2025-10-10,9:30:41.569226008,T,TGT,,100,88.865
2025-10-10,9:30:41.570516142,T,TGT,,100,88.865
2025-10-10,9:30:43.154617982,T,TGT,,100,88.81
2025-10-10,9:30:43.154678092,T,TGT,,100,88.81
2025-10-10,9:30:43.154729209,T,TGT,,100,88.81
2025-10-10,9:30:43.154852573,T,TGT,F I,28,88.82
2025-10-10,9:30:43.155656353,T,TGT,I,1,88.8
2025-10-10,9:30:43.155658409,T,TGT,I,1,88.8
2025-10-10,9:30:43.165188137,T,TGT,I,34,88.8
2025-10-10,9:30:43.165344506,T,TGT,I,33,88.83
2025-10-10,9:30:43.165678386,T,TGT,I,33,88.8
2025-10-10,9:30:43.166375992,T,TGT,I,33,88.8
2025-10-10,9:30:43.169181652,T,TGT,I,33,88.8
2025-10-10,9:30:44.106364328,T,TGT,F,100,88.795
2025-10-10,9:30:44.440033759,T,TGT,,100,88.82
2025-10-10,9:30:44.440036322,T,TGT,I,80,88.83
2025-10-10,9:30:44.440063288,T,TGT,I,1,88.83
2025-10-10,9:30:44.440069352,T,TGT,,119,88.83
2025-10-10,9:30:44.440123468,T,TGT,,100,88.83
2025-10-10,9:30:44.479421044,T,TGT,I,4,88.77
2025-10-10,9:30:44.479424106,T,TGT,I,26,88.77
2025-10-10,9:30:44.480735315,T,TGT,I,49,88.76
2025-10-10,9:30:44.480909661,T,TGT,F I,25,88.76
2025-10-10,9:30:44.570977187,T,TGT,F I,50,88.75
2025-10-10,9:30:44.570977187,T,TGT,F I,5,88.75
2025-10-10,9:30:44.570980231,T,TGT,F,100,88.75
2025-10-10,9:30:44.571106606,T,TGT,F I,12,88.74
2025-10-10,9:30:44.571404228,T,TGT,,100,88.74
2025-10-10,9:30:44.571422261,T,TGT,F I,94,88.74
2025-10-10,9:30:45.185437109,T,TGT,F I,40,88.72
2025-10-10,9:30:47.580153019,T,TGT,F I,10,88.72
2025-10-10,9:30:47.580156139,T,TGT,F I,90,88.72
2025-10-10,9:30:47.580234275,T,TGT,F I,10,88.71
2025-10-10,9:30:47.580252339,T,TGT,F I,1,88.7
2025-10-10,9:30:47.580255360,T,TGT,F I,1,88.7
2025-10-10,9:30:47.580255360,T,TGT,F I,48,88.7
2025-10-10,9:30:47.580264690,T,TGT,F,952,88.7
2025-10-10,9:30:47.580264690,T,TGT,F I,3,88.7
2025-10-10,9:30:47.580757560,T,TGT,F I,2,88.68
2025-10-10,9:30:47.580757560,T,TGT,F I,10,88.68
2025-10-10,9:30:47.601109994,T,TGT,F I,1,88.65
2025-10-10,9:30:47.601112993,T,TGT,F I,3,88.65
2025-10-10,9:30:47.601209228,T,TGT,F I,33,88.67
2025-10-10,9:30:48.580832568,T,TGT,,125,88.665
2025-10-10,9:30:48.643122423,T,TGT,F I,2,88.65
2025-10-10,9:30:48.643354011,T,TGT,F I,2,88.65
2025-10-10,9:30:48.982047918,T,TGT,F I,4,88.65
2025-10-10,9:30:48.982050905,T,TGT,F I,33,88.65
2025-10-10,9:30:49.102472730,T,TGT,F I,1,88.63
2025-10-10,9:30:49.105615216,T,TGT,I,33,88.64
2025-10-10,9:30:49.105618301,T,TGT,F I,12,88.64
2025-10-10,9:30:49.105633292,T,TGT,F I,4,88.64
2025-10-10,9:30:49.105651297,T,TGT,F I,21,88.64
2025-10-10,9:30:49.105838445,T,TGT,F I,16,88.64
2025-10-10,9:30:49.105852858,T,TGT,F I,2,88.64
2025-10-10,9:30:49.939096464,T,TGT,F I,2,88.62
2025-10-10,9:30:49.939105245,T,TGT,F I,5,88.61
2025-10-10,9:30:49.939108657,T,TGT,F I,40,88.61
2025-10-10,9:30:49.939110948,T,TGT,F I,8,88.61
2025-10-10,9:30:49.939474802,T,TGT,F I,20,88.6
2025-10-10,9:30:49.939480838,T,TGT,F I,50,88.6
2025-10-10,9:30:49.939480838,T,TGT,F I,1,88.6
2025-10-10,9:30:49.939484947,T,TGT,F I,10,88.6
2025-10-10,9:30:49.939484947,T,TGT,F I,9,88.6
2025-10-10,9:30:49.939484947,T,TGT,F I,15,88.6
2025-10-10,9:30:49.939489777,T,TGT,F I,15,88.6
2025-10-10,9:30:49.939694961,T,TGT,F I,1,88.59
2025-10-10,9:30:49.943333042,T,TGT,F I,3,88.56
2025-10-10,9:30:49.943333042,T,TGT,F I,2,88.57
2025-10-10,9:30:49.943335948,T,TGT,F I,3,88.57
2025-10-10,9:30:51.320623128,T,TGT,F,125,88.6
2025-10-10,9:30:51.320665217,T,TGT,F I,75,88.6
2025-10-10,9:30:51.343021097,T,TGT,F,125,88.6
2025-10-10,9:30:51.343059546,T,TGT,F I,75,88.6
2025-10-10,9:30:58.940367907,T,TGT,F,100,88.58
2025-10-10,9:30:58.940367907,T,TGT,F,400,88.56
2025-10-10,9:30:58.940376960,T,TGT,F,100,88.56
2025-10-10,9:31:00.312756891,T,TGT,F I,1,88.55
2025-10-10,9:31:00.312759355,T,TGT,F I,1,88.55
2025-10-10,9:31:00.312820100,T,TGT,I,37,88.56
2025-10-10,9:31:00.313267735,T,TGT,F I,5,88.53
2025-10-10,9:31:00.313270911,T,TGT,F I,1,88.53
2025-10-10,9:31:00.313731012,T,TGT,F,100,88.53
2025-10-10,9:31:00.315030297,T,TGT,I,5,88.52
2025-10-10,9:31:00.315032796,T,TGT,I,18,88.52
2025-10-10,9:31:00.461626041,T,TGT,F I,11,88.51
2025-10-10,9:31:00.461629008,T,TGT,F I,2,88.51
2025-10-10,9:31:00.461632071,T,TGT,F I,10,88.51
2025-10-10,9:31:00.461635089,T,TGT,F I,8,88.51
2025-10-10,9:31:00.462054461,T,TGT,F I,1,88.5
2025-10-10,9:31:00.462059114,T,TGT,F I,75,88.5
2025-10-10,9:31:00.462065640,T,TGT,F I,1,88.5
2025-10-10,9:31:00.462065640,T,TGT,F I,1,88.5
2025-10-10,9:31:00.462068067,T,TGT,F I,51,88.5
2025-10-10,9:31:00.462074320,T,TGT,F I,1,88.5
2025-10-10,9:31:00.462078174,T,TGT,F I,5,88.5
2025-10-10,9:31:00.462078174,T,TGT,F I,1,88.5
2025-10-10,9:31:00.462083441,T,TGT,F I,5,88.5
2025-10-10,9:31:00.462083441,T,TGT,F I,5,88.5
2025-10-10,9:31:00.462086560,T,TGT,F I,2,88.5
2025-10-10,9:31:00.462086560,T,TGT,F I,2,88.5
2025-10-10,9:31:00.462089432,T,TGT,F I,2,88.5
2025-10-10,9:31:00.462092798,T,TGT,F,290,88.5
2025-10-10,9:31:00.462092798,T,TGT,F,200,88.5
2025-10-10,9:31:00.462095281,T,TGT,F I,7,88.5
2025-10-10,9:31:00.462098192,T,TGT,F I,5,88.5
2025-10-10,9:31:00.462101225,T,TGT,F I,1,88.5
2025-10-10,9:31:00.462101225,T,TGT,F I,50,88.5
2025-10-10,9:31:00.462104244,T,TGT,F I,2,88.5
2025-10-10,9:31:00.462104244,T,TGT,F I,6,88.5
2025-10-10,9:31:00.462108792,T,TGT,F I,45,88.5
2025-10-10,9:31:00.462108792,T,TGT,F I,4,88.5
2025-10-10,9:31:00.462108792,T,TGT,F I,5,88.5
2025-10-10,9:31:00.462113717,T,TGT,F I,25,88.5
2025-10-10,9:31:00.462113717,T,TGT,F,100,88.5
2025-10-10,9:31:00.462119630,T,TGT,F I,2,88.5
2025-10-10,9:31:00.462119630,T,TGT,F I,1,88.5
2025-10-10,9:31:00.462122298,T,TGT,F,300,88.5
2025-10-10,9:31:00.462126502,T,TGT,F I,10,88.5
2025-10-10,9:31:00.462128372,T,TGT,F I,1,88.5
2025-10-10,9:31:00.462131605,T,TGT,F I,1,88.5
2025-10-10,9:31:00.462131605,T,TGT,F I,1,88.5
2025-10-10,9:31:00.462131605,T,TGT,F I,3,88.5
2025-10-10,9:31:00.462134338,T,TGT,F,100,88.5
2025-10-10,9:31:00.462134338,T,TGT,F I,1,88.5
2025-10-10,9:31:00.462140449,T,TGT,F I,50,88.5
2025-10-10,9:31:00.462140449,T,TGT,F I,1,88.5
2025-10-10,9:31:00.462144050,T,TGT,F I,1,88.5
2025-10-10,9:31:00.463009316,T,TGT,F I,5,88.48
2025-10-10,9:31:00.463012908,T,TGT,F I,82,88.48
2025-10-10,9:31:00.463036409,T,TGT,F,125,88.48
2025-10-10,9:31:00.463045450,T,TGT,F,100,88.48
2025-10-10,9:31:00.463060408,T,TGT,F,487,88.48
2025-10-10,9:31:00.463063421,T,TGT,F I,14,88.48
2025-10-10,9:31:00.463102546,T,TGT,F,100,88.48
2025-10-10,9:31:00.463240876,T,TGT,F,125,88.48
2025-10-10,9:31:00.463400710,T,TGT,F,100,88.49
2025-10-10,9:31:00.463403239,T,TGT,F,100,88.49
2025-10-10,9:31:00.463433304,T,TGT,F,100,88.49
2025-10-10,9:31:00.463586686,T,TGT,F,11667,88.48
2025-10-10,9:31:00.467195325,T,TGT,F,100,88.5
2025-10-10,9:31:00.745276829,T,TGT,F,125,88.51
2025-10-10,9:31:00.745297956,T,TGT,F,175,88.51
2025-10-10,9:31:00.832595806,T,TGT,F I,4,88.51
2025-10-10,9:31:00.858667954,T,TGT,,100,88.505
2025-10-10,9:31:01.196570968,T,TGT,I,8,88.48
2025-10-10,9:31:02.699882410,T,TGT,F,100,88.5
2025-10-10,9:31:04.321796308,T,TGT,,100,88.525
2025-10-10,9:31:05.534477556,T,TGT,F I,6,88.55
2025-10-10,9:31:05.534477556,T,TGT,F I,5,88.55
2025-10-10,9:31:06.509875967,T,TGT,F,100,88.58
2025-10-10,9:31:06.509878129,T,TGT,F,100,88.59
2025-10-10,9:31:06.509881281,T,TGT,F,100,88.59
2025-10-10,9:31:06.509881281,T,TGT,F,100,88.59
2025-10-10,9:31:06.509884187,T,TGT,F,100,88.59
2025-10-10,9:31:06.510335309,T,TGT,F I,10,88.6
2025-10-10,9:31:06.510383632,T,TGT,I,66,88.6
2025-10-10,9:31:06.510476916,T,TGT,I,34,88.6
2025-10-10,9:31:06.510479649,T,TGT,I,5,88.58
2025-10-10,9:31:06.510795397,T,TGT,F I,5,88.6
2025-10-10,9:31:06.510846502,T,TGT,,100,88.59
2025-10-10,9:31:06.511258458,T,TGT,F I,2,88.59
2025-10-10,9:31:06.511721599,T,TGT,F I,2,88.58
2025-10-10,9:31:06.511752504,T,TGT,,100,88.57
2025-10-10,9:31:06.511755144,T,TGT,I,20,88.57
2025-10-10,9:31:06.511755144,T,TGT,I,2,88.57
2025-10-10,9:31:06.512106516,T,TGT,F I,30,88.59
2025-10-10,9:31:06.512157614,T,TGT,,200,88.59
2025-10-10,9:31:06.521055986,T,TGT,I,4,88.59
2025-10-10,9:31:06.521426318,T,TGT,I,9,88.59
2025-10-10,9:31:06.521426318,T,TGT,,100,88.59
2025-10-10,9:31:06.521452898,T,TGT,I,5,88.58
2025-10-10,9:31:06.521489437,T,TGT,I,15,88.59
2025-10-10,9:31:06.521675519,T,TGT,I,15,88.58
2025-10-10,9:31:06.521675519,T,TGT,I,2,88.58
2025-10-10,9:31:06.522177509,T,TGT,,100,88.59
2025-10-10,9:31:12.368068203,T,TGT,,100,88.635
2025-10-10,9:31:14.601107029,T,TGT,F,121,88.73
2025-10-10,9:31:14.601140088,T,TGT,I,19,88.72
2025-10-10,9:31:14.601263741,T,TGT,I,19,88.72
2025-10-10,9:31:14.601979088,T,TGT,I,20,88.76
2025-10-10,9:31:14.602045263,T,TGT,I,78,88.72
2025-10-10,9:31:14.639099514,T,TGT,,100,88.73
2025-10-10,9:31:23.766534227,T,TGT,,300,88.68
2025-10-10,9:31:23.766534227,T,TGT,I,2,88.68
2025-10-10,9:31:23.766537153,T,TGT,,100,88.68
2025-10-10,9:31:23.766955093,T,TGT,F,100,88.68
2025-10-10,9:31:23.766955093,T,TGT,F I,78,88.68
2025-10-10,9:31:25.347529571,T,TGT,F,125,88.66
2025-10-10,9:31:25.347586645,T,TGT,F I,75,88.66
2025-10-10,9:31:25.468721307,T,TGT,F,125,88.68
2025-10-10,9:31:26.725391074,T,TGT,F,125,88.66
2025-10-10,9:31:27.963215041,T,TGT,F,125,88.66
2025-10-10,9:31:38.642971885,T,TGT,F I,2,88.63
2025-10-10,9:31:38.642977879,T,TGT,F I,4,88.63
2025-10-10,9:31:38.643007916,T,TGT,F I,6,88.63
2025-10-10,9:31:38.643013930,T,TGT,I,2,88.63
2025-10-10,9:31:38.643089635,T,TGT,,100,88.6
2025-10-10,9:31:38.643089635,T,TGT,I,1,88.6
2025-10-10,9:31:38.643092087,T,TGT,I,2,88.6
2025-10-10,9:31:38.643092087,T,TGT,I,97,88.6
2025-10-10,9:31:38.643113207,T,TGT,F I,3,88.6
2025-10-10,9:31:38.643459000,T,TGT,F I,2,88.59
2025-10-10,9:31:38.644228809,T,TGT,I,5,88.62
2025-10-10,9:31:38.934576535,T,TGT,I,18,88.59
2025-10-10,9:31:41.484531366,T,TGT,F,100,88.62
2025-10-10,9:31:41.484615578,T,TGT,F,125,88.64
2025-10-10,9:31:41.484636605,T,TGT,F,375,88.64
2025-10-10,9:31:41.484639667,T,TGT,F I,5,88.64
2025-10-10,9:31:41.484904227,T,TGT,,100,88.64
2025-10-10,9:31:43.657890063,T,TGT,F,125,88.68
2025-10-10,9:31:43.657932175,T,TGT,F,125,88.68
2025-10-10,9:31:43.657968181,T,TGT,F,125,88.68
2025-10-10,9:31:43.658004310,T,TGT,F,125,88.68
2025-10-10,9:31:43.658753101,T,TGT,F,125,88.68
2025-10-10,9:31:43.658852370,T,TGT,F,125,88.68
2025-10-10,9:31:48.623779416,T,TGT,,125,88.665
2025-10-10,9:31:48.663128740,T,TGT,,100,88.61
2025-10-10,9:31:48.663131927,T,TGT,,150,88.61
2025-10-10,9:31:48.663134427,T,TGT,,255,88.6
2025-10-10,9:31:48.663137132,T,TGT,I,95,88.59
2025-10-10,9:31:48.663152154,T,TGT,F I,5,88.59
2025-10-10,9:31:48.714231937,T,TGT,,200,88.58
2025-10-10,9:31:48.714235201,T,TGT,,100,88.58
2025-10-10,9:31:48.714286059,T,TGT,F,100,88.58
2025-10-10,9:31:48.714406332,T,TGT,F,100,88.62
2025-10-10,9:31:48.714412321,T,TGT,F I,20,88.62
2025-10-10,9:31:48.714490534,T,TGT,I,94,88.58
2025-10-10,9:31:48.714490534,T,TGT,I,6,88.58
2025-10-10,9:31:48.714740124,T,TGT,F I,94,88.62
2025-10-10,9:31:48.714749179,T,TGT,I,20,88.57
2025-10-10,9:31:48.714830518,T,TGT,,100,88.59
2025-10-10,9:31:48.714830518,T,TGT,I,94,88.59
2025-10-10,9:31:48.714900372,T,TGT,I,13,88.56
2025-10-10,9:31:48.714902534,T,TGT,I,27,88.56
2025-10-10,9:31:48.715101288,T,TGT,F I,36,88.58
2025-10-10,9:31:48.715131192,T,TGT,I,1,88.58
2025-10-10,9:31:48.715134073,T,TGT,F I,78,88.58
2025-10-10,9:31:48.715137046,T,TGT,F I,3,88.58
2025-10-10,9:31:48.715137046,T,TGT,F I,33,88.58
2025-10-10,9:31:48.715144486,T,TGT,,200,88.575
2025-10-10,9:31:48.715144486,T,TGT,I,13,88.58
2025-10-10,9:31:48.715149303,T,TGT,I,20,88.55
2025-10-10,9:31:48.715221362,T,TGT,I,21,88.56
2025-10-10,9:31:48.715224654,T,TGT,I,3,88.56
2025-10-10,9:31:48.715443814,T,TGT,,100,88.57
2025-10-10,9:31:48.715603166,T,TGT,F I,11,88.57
2025-10-10,9:31:48.715633227,T,TGT,,100,88.56
2025-10-10,9:31:48.715654272,T,TGT,I,32,88.56
2025-10-10,9:31:48.715684319,T,TGT,I,68,88.56
2025-10-10,9:31:48.715867814,T,TGT,F I,2,88.56
2025-10-10,9:31:48.715939934,T,TGT,F I,20,88.56
2025-10-10,9:31:48.715952602,T,TGT,I,13,88.55
2025-10-10,9:31:48.716015269,T,TGT,F,100,88.56
2025-10-10,9:31:48.716427111,T,TGT,F I,13,88.56
2025-10-10,9:31:48.716703752,T,TGT,F I,13,88.56
2025-10-10,9:31:48.716712819,T,TGT,,100,88.55
2025-10-10,9:31:48.716724859,T,TGT,F I,26,88.56
2025-10-10,9:31:48.716791109,T,TGT,F I,20,88.56
2025-10-10,9:31:48.716818314,T,TGT,I,47,88.55
2025-10-10,9:31:48.716905294,T,TGT,F I,12,88.56
2025-10-10,9:31:48.716917634,T,TGT,F I,3,88.56
2025-10-10,9:31:48.716917634,T,TGT,F I,48,88.56
2025-10-10,9:31:48.716920262,T,TGT,F I,62,88.57
2025-10-10,9:31:48.716944341,T,TGT,I,2,88.55
2025-10-10,9:31:48.716947414,T,TGT,I,18,88.55
2025-10-10,9:31:48.716956338,T,TGT,F I,22,88.55
2025-10-10,9:31:48.717022546,T,TGT,F I,1,88.56
2025-10-10,9:31:48.717034561,T,TGT,F I,20,88.56
2025-10-10,9:31:48.717034561,T,TGT,F I,38,88.57
2025-10-10,9:31:48.717088665,T,TGT,,100,88.56
2025-10-10,9:31:48.717269078,T,TGT,F I,13,88.57
2025-10-10,9:31:48.717326675,T,TGT,I,16,88.56
2025-10-10,9:31:48.717329318,T,TGT,I,84,88.55
2025-10-10,9:31:48.717425546,T,TGT,F I,16,88.55
2025-10-10,9:31:48.718444934,T,TGT,F I,16,88.55
2025-10-10,9:31:48.718447920,T,TGT,F I,16,88.55
2025-10-10,9:31:48.718465936,T,TGT,I,1,88.55
2025-10-10,9:31:48.718760769,T,TGT,F I,33,88.6
2025-10-10,9:31:48.718764358,T,TGT,F I,13,88.61
2025-10-10,9:31:48.718769759,T,TGT,F I,20,88.61
2025-10-10,9:31:48.719025274,T,TGT,F I,13,88.62
2025-10-10,9:31:48.719025274,T,TGT,F I,20,88.62
2025-10-10,9:31:48.719411898,T,TGT,F I,20,88.62
2025-10-10,9:31:48.719416254,T,TGT,F I,20,88.62
2025-10-10,9:31:48.719431806,T,TGT,I,1,88.62
2025-10-10,9:31:48.719560926,T,TGT,F I,40,88.62
2025-10-10,9:31:48.719560926,T,TGT,F I,60,88.62
2025-10-10,9:31:48.719584660,T,TGT,F I,40,88.62
2025-10-10,9:31:48.719587614,T,TGT,F,100,88.62
2025-10-10,9:31:48.719587614,T,TGT,F,100,88.62
2025-10-10,9:31:48.722140742,T,TGT,F I,8,88.64
2025-10-10,9:31:48.735288108,T,TGT,F,100,88.61
2025-10-10,9:31:49.367180425,T,TGT,I,33,88.55
2025-10-10,9:31:49.563749722,T,TGT,,100,88.54
2025-10-10,9:31:49.563809846,T,TGT,F,125,88.54
2025-10-10,9:31:49.563846012,T,TGT,,200,88.53
2025-10-10,9:31:49.699995316,T,TGT,I,2,88.54
2025-10-10,9:31:51.251758127,T,TGT,F,125,88.53
2025-10-10,9:31:51.335615931,T,TGT,F I,75,88.53
2025-10-10,9:31:51.335615931,T,TGT,F I,50,88.54
2025-10-10,9:31:51.335922638,T,TGT,F,125,88.54
2025-10-10,9:31:51.335949688,T,TGT,I,30,88.54
2025-10-10,9:31:51.335955690,T,TGT,F,125,88.54
2025-10-10,9:31:51.335991743,T,TGT,F,125,88.54
2025-10-10,9:31:51.346279322,T,TGT,,100,88.54
2025-10-10,9:31:51.358843246,T,TGT,,100,88.54
2025-10-10,9:31:51.380849614,T,TGT,,100,88.54
2025-10-10,9:31:51.634648322,T,TGT,,100,88.54
2025-10-10,9:31:51.648036200,T,TGT,,100,88.54
2025-10-10,9:31:51.681352569,T,TGT,,100,88.54
2025-10-10,9:31:52.915200987,T,TGT,,100,88.54
2025-10-10,9:31:52.917260939,T,TGT,,100,88.54
2025-10-10,9:31:53.738739887,T,TGT,,255,88.54
2025-10-10,9:31:53.790117312,T,TGT,F,100,88.54
2025-10-10,9:31:53.802717361,T,TGT,,100,88.54
2025-10-10,9:31:53.803724792,T,TGT,,255,88.54
2025-10-10,9:31:54.570855233,T,TGT,F,100,88.54
2025-10-10,9:31:58.936177871,T,TGT,F,100,88.54
2025-10-10,9:31:58.937233404,T,TGT,,109,88.54
2025-10-10,9:31:58.943671773,T,TGT,I,88,88.54
2025-10-10,9:31:58.950080009,T,TGT,I,25,88.53
2025-10-10,9:31:58.950239488,T,TGT,,100,88.54
2025-10-10,9:31:58.951303988,T,TGT,I,5,88.54
2025-10-10,9:31:58.964905358,T,TGT,,100,88.555
2025-10-10,9:31:58.964905358,T,TGT,,100,88.555
2025-10-10,9:31:59.249975432,T,TGT,,100,88.54
2025-10-10,9:31:59.249979067,T,TGT,I,2,88.53
2025-10-10,9:31:59.249981473,T,TGT,,100,88.53
2025-10-10,9:31:59.250086749,T,TGT,,109,88.56
2025-10-10,9:31:59.250179945,T,TGT,F I,25,88.56
2025-10-10,9:31:59.250261507,T,TGT,I,20,88.53
2025-10-10,9:31:59.250351427,T,TGT,,109,88.53
2025-10-10,9:31:59.250573938,T,TGT,I,19,88.53
2025-10-10,9:31:59.250613004,T,TGT,I,34,88.53
2025-10-10,9:31:59.250886580,T,TGT,I,2,88.53
2025-10-10,9:31:59.250889647,T,TGT,I,4,88.53
2025-10-10,9:31:59.250910759,T,TGT,I,2,88.53
2025-10-10,9:31:59.251013624,T,TGT,I,2,88.53
2025-10-10,9:31:59.251015985,T,TGT,I,13,88.53
2025-10-10,9:31:59.676105619,T,TGT,,100,88.545
2025-10-10,9:32:01.635940735,T,TGT,,742,88.59
2025-10-10,9:32:01.636448896,T,TGT,F I,50,88.61
2025-10-10,9:32:01.636533084,T,TGT,F,100,88.62
2025-10-10,9:32:01.660352801,T,TGT,,100,88.62
2025-10-10,9:32:03.460174150,T,TGT,F,569,88.64
2025-10-10,9:32:03.460174150,T,TGT,F,100,88.64
2025-10-10,9:32:03.460176724,T,TGT,F I,73,88.64
2025-10-10,9:32:03.460179672,T,TGT,F I,27,88.64
2025-10-10,9:32:04.316541815,T,TGT,F,896,88.68
2025-10-10,9:32:04.316541815,T,TGT,F I,39,88.68
2025-10-10,9:32:04.316563426,T,TGT,I,1,88.68
2025-10-10,9:32:04.316569269,T,TGT,I,25,88.68
2025-10-10,9:32:04.316569269,T,TGT,I,89,88.68
2025-10-10,9:32:04.316656264,T,TGT,F I,35,88.71
2025-10-10,9:32:04.316656264,T,TGT,F I,4,88.71
2025-10-10,9:32:04.317137798,T,TGT,F I,68,88.71
2025-10-10,9:32:04.317143221,T,TGT,F I,32,88.73
2025-10-10,9:32:04.317146264,T,TGT,F I,50,88.73
2025-10-10,9:32:04.317359728,T,TGT,F,200,88.75
2025-10-10,9:32:04.317437910,T,TGT,I,3,88.73
2025-10-10,9:32:07.627709367,T,TGT,F,100,88.75
2025-10-10,9:32:07.627709367,T,TGT,F,100,88.75
2025-10-10,9:32:07.627721234,T,TGT,,100,88.75
2025-10-10,9:32:07.628232375,T,TGT,F,100,88.78
2025-10-10,9:32:07.628232375,T,TGT,F,100,88.78
2025-10-10,9:32:07.628235456,T,TGT,F,100,88.78
2025-10-10,9:32:07.628286477,T,TGT,,100,88.76
2025-10-10,9:32:07.630581184,T,TGT,I,30,88.765
2025-10-10,9:32:07.630632141,T,TGT,,170,88.75
2025-10-10,9:32:08.013159245,T,TGT,,100,88.74
2025-10-10,9:32:08.013159245,T,TGT,,100,88.74
2025-10-10,9:32:08.013161415,T,TGT,,100,88.74
2025-10-10,9:32:08.013525365,T,TGT,I,20,88.72
2025-10-10,9:32:08.031102161,T,TGT,,200,88.715
2025-10-10,9:32:08.054867734,T,TGT,I,54,88.72
2025-10-10,9:32:08.352264235,T,TGT,F,100,88.72
2025-10-10,9:32:08.603560959,T,TGT,F,100,88.72
2025-10-10,9:32:11.173736060,T,TGT,I,2,88.72
2025-10-10,9:32:11.173754030,T,TGT,I,1,88.72
2025-10-10,9:32:11.174067063,T,TGT,F,203,88.72
2025-10-10,9:32:11.174067063,T,TGT,,100,88.72
2025-10-10,9:32:11.174123923,T,TGT,,100,88.72
2025-10-10,9:32:11.174409578,T,TGT,,100,88.72
2025-10-10,9:32:11.174493798,T,TGT,,100,88.72
2025-10-10,9:32:11.174839622,T,TGT,F,100,88.72
2025-10-10,9:32:11.175748006,T,TGT,,100,88.72
2025-10-10,9:32:11.184357324,T,TGT,,200,88.72
2025-10-10,9:32:11.194317057,T,TGT,,200,88.72
2025-10-10,9:32:11.226421512,T,TGT,,200,88.72
2025-10-10,9:32:19.965372521,T,TGT,F I,3,88.68
2025-10-10,9:32:20.818477924,T,TGT,,100,88.675
2025-10-10,9:32:20.818499012,T,TGT,F I,20,88.675
2025-10-10,9:32:20.819662710,T,TGT,,200,88.675
2025-10-10,9:32:20.852497983,T,TGT,,100,88.675
2025-10-10,9:32:21.665917829,T,TGT,I,5,88.68
2025-10-10,9:32:22.864131493,T,TGT,F I,22,88.71
2025-10-10,9:32:22.864134336,T,TGT,F,233,88.71
2025-10-10,9:32:22.864140422,T,TGT,F I,18,88.72
2025-10-10,9:32:22.864140422,T,TGT,F I,28,88.72
2025-10-10,9:32:22.864140422,T,TGT,F,200,88.72
2025-10-10,9:32:22.864143710,T,TGT,F I,5,88.72
2025-10-10,9:32:22.864146560,T,TGT,F I,18,88.72
2025-10-10,9:32:22.864146560,T,TGT,F,251,88.72
2025-10-10,9:32:22.864149519,T,TGT,F I,58,88.72
2025-10-10,9:32:22.864149519,T,TGT,,100,88.7
2025-10-10,9:32:22.864155725,T,TGT,F,100,88.695
2025-10-10,9:32:22.864155725,T,TGT,F,251,88.72
2025-10-10,9:32:22.864159179,T,TGT,F,139,88.72
2025-10-10,9:32:22.864161463,T,TGT,F I,2,88.72
2025-10-10,9:32:22.864165205,T,TGT,F I,26,88.72
2025-10-10,9:32:22.864165205,T,TGT,I,32,88.72
2025-10-10,9:32:22.864170497,T,TGT,F,251,88.72
2025-10-10,9:32:22.864188500,T,TGT,I,94,88.7
2025-10-10,9:32:22.864207009,T,TGT,I,1,88.7
2025-10-10,9:32:22.864233642,T,TGT,F I,94,88.72
2025-10-10,9:32:22.864254687,T,TGT,I,94,88.72
2025-10-10,9:32:22.864257646,T,TGT,F I,78,88.72
2025-10-10,9:32:22.864266633,T,TGT,I,99,88.7
2025-10-10,9:32:22.864269892,T,TGT,,100,88.7
2025-10-10,9:32:22.864269892,T,TGT,,100,88.7
2025-10-10,9:32:22.864314761,T,TGT,I,34,88.72
2025-10-10,9:32:22.864338917,T,TGT,I,1,88.72
2025-10-10,9:32:22.864357494,T,TGT,I,99,88.72
2025-10-10,9:32:22.864357494,T,TGT,I,60,88.72
2025-10-10,9:32:22.864360586,T,TGT,,100,88.69
2025-10-10,9:32:22.864363156,T,TGT,I,2,88.69
2025-10-10,9:32:22.864651624,T,TGT,I,32,88.69
2025-10-10,9:32:22.864801923,T,TGT,I,30,88.7
2025-10-10,9:32:22.865036469,T,TGT,F I,10,88.7
2025-10-10,9:32:22.865174983,T,TGT,I,60,88.69
2025-10-10,9:32:22.865174983,T,TGT,,100,88.69
2025-10-10,9:32:22.865448446,T,TGT,F,100,88.7
2025-10-10,9:32:22.865454761,T,TGT,F,100,88.7
2025-10-10,9:32:22.865454761,T,TGT,F I,15,88.7
2025-10-10,9:32:22.865484612,T,TGT,I,47,88.7
2025-10-10,9:32:22.865493551,T,TGT,F I,47,88.7
2025-10-10,9:32:22.865520674,T,TGT,F I,43,88.7
2025-10-10,9:32:22.865544825,T,TGT,F,100,88.7
2025-10-10,9:32:22.865556826,T,TGT,I,2,88.7
2025-10-10,9:32:22.865556826,T,TGT,I,98,88.69
2025-10-10,9:32:22.865590614,T,TGT,F I,2,88.69
2025-10-10,9:32:22.865620039,T,TGT,I,57,88.69
2025-10-10,9:32:22.865635287,T,TGT,F I,18,88.69
2025-10-10,9:32:22.865662019,T,TGT,I,25,88.7
2025-10-10,9:32:22.865692134,T,TGT,I,65,88.7
2025-10-10,9:32:22.865725199,T,TGT,I,25,88.69
2025-10-10,9:32:22.865773332,T,TGT,,100,88.69
2025-10-10,9:32:22.865830467,T,TGT,I,37,88.68
2025-10-10,9:32:22.865884503,T,TGT,F,100,88.68
2025-10-10,9:32:22.866034898,T,TGT,I,20,88.67
2025-10-10,9:32:26.710880528,T,TGT,F,100,88.63
2025-10-10,9:32:26.710904616,T,TGT,I,5,88.63
2025-10-10,9:32:26.710982803,T,TGT,I,10,88.62
2025-10-10,9:32:26.711866880,T,TGT,I,20,88.61
2025-10-10,9:32:26.711984211,T,TGT,I,50,88.6
2025-10-10,9:32:26.711984211,T,TGT,I,2,88.6
2025-10-10,9:32:26.715082153,T,TGT,F I,18,88.595
2025-10-10,9:32:26.715084629,T,TGT,F I,19,88.62
2025-10-10,9:32:26.720058456,T,TGT,,100,88.6
2025-10-10,9:32:26.804277108,T,TGT,I,18,88.62
2025-10-10,9:32:27.289994187,T,TGT,,100,88.6
2025-10-10,9:32:29.080875063,T,TGT,F,200,88.63
2025-10-10,9:32:29.081575410,T,TGT,I,7,88.64
2025-10-10,9:32:29.090103753,T,TGT,,200,88.65
2025-10-10,9:32:29.404556910,T,TGT,,100,88.65
2025-10-10,9:32:32.151447864,T,TGT,F I,2,88.64
2025-10-10,9:32:32.151451480,T,TGT,F I,2,88.63
2025-10-10,9:32:32.151451480,T,TGT,F I,1,88.63
2025-10-10,9:32:32.151453830,T,TGT,F I,40,88.62
2025-10-10,9:32:36.287447172,T,TGT,F,100,88.64
2025-10-10,9:32:37.124897753,T,TGT,F I,40,88.62
2025-10-10,9:32:37.124897753,T,TGT,F I,9,88.62
2025-10-10,9:32:37.124900284,T,TGT,F I,51,88.62
2025-10-10,9:32:37.124915311,T,TGT,I,49,88.62
2025-10-10,9:32:37.578924963,T,TGT,,100,88.635
2025-10-10,9:32:40.159814490,T,TGT,,100,88.635
2025-10-10,9:32:42.869257411,T,TGT,,100,88.64
2025-10-10,9:32:42.962647877,T,TGT,,100,88.64
2025-10-10,9:32:47.879694873,T,TGT,,100,88.64
2025-10-10,9:32:47.970902174,T,TGT,I,10,88.64
2025-10-10,9:32:48.308242863,T,TGT,I,1,88.64
2025-10-10,9:32:48.477398830,T,TGT,F I,89,88.64
2025-10-10,9:32:48.493736765,T,TGT,,100,88.65
2025-10-10,9:32:48.493739798,T,TGT,,100,88.65
2025-10-10,9:32:50.923537258,T,TGT,I,4,88.68
2025-10-10,9:32:50.924189853,T,TGT,F I,43,88.69
2025-10-10,9:32:50.924220006,T,TGT,F I,57,88.69
2025-10-10,9:32:50.924731177,T,TGT,F,100,88.7
2025-10-10,9:32:55.139439959,T,TGT,I,3,88.69
2025-10-10,9:33:02.122405659,T,TGT,F I,3,88.67
2025-10-10,9:33:02.122411719,T,TGT,F I,1,88.67
2025-10-10,9:33:02.122420951,T,TGT,F I,3,88.67
2025-10-10,9:33:02.122423819,T,TGT,F I,20,88.67
2025-10-10,9:33:02.122427042,T,TGT,F,122,88.67
2025-10-10,9:33:02.122427042,T,TGT,F I,1,88.67
2025-10-10,9:33:02.122781656,T,TGT,F I,24,88.64
2025-10-10,9:33:02.122781656,T,TGT,F I,20,88.64
2025-10-10,9:33:02.124065806,T,TGT,F I,8,88.61
2025-10-10,9:33:02.124068642,T,TGT,F I,6,88.61
2025-10-10,9:33:02.124131856,T,TGT,F I,10,88.6
2025-10-10,9:33:02.124603921,T,TGT,F I,2,88.59
2025-10-10,9:33:02.133237502,T,TGT,F,100,88.58
2025-10-10,9:33:02.175827988,T,TGT,F I,36,88.62
2025-10-10,9:33:02.175831023,T,TGT,F I,5,88.62
2025-10-10,9:33:05.836686438,T,TGT,F I,30,88.61
2025-10-10,9:33:05.836689365,T,TGT,F I,36,88.61
2025-10-10,9:33:05.836746494,T,TGT,F,100,88.6
2025-10-10,9:33:05.836767734,T,TGT,F I,80,88.59
2025-10-10,9:33:05.836770518,T,TGT,F I,10,88.59
2025-10-10,9:33:05.836803681,T,TGT,F I,55,88.58
2025-10-10,9:33:05.836830649,T,TGT,F I,45,88.58
2025-10-10,9:33:05.837257716,T,TGT,F I,61,88.58
2025-10-10,9:33:05.837281720,T,TGT,F,100,88.57
2025-10-10,9:33:05.837314812,T,TGT,I,21,88.59
2025-10-10,9:33:05.837345434,T,TGT,F I,21,88.57
2025-10-10,9:33:05.837381141,T,TGT,I,10,88.59
2025-10-10,9:33:05.837384008,T,TGT,,126,88.59
2025-10-10,9:33:05.837426489,T,TGT,,255,88.585
2025-10-10,9:33:05.837426489,T,TGT,,100,88.6
2025-10-10,9:33:05.837429184,T,TGT,I,36,88.6
2025-10-10,9:33:05.837435170,T,TGT,F I,21,88.58
2025-10-10,9:33:05.837492550,T,TGT,I,55,88.59
2025-10-10,9:33:05.837492550,T,TGT,I,45,88.6
2025-10-10,9:33:05.837741881,T,TGT,F I,25,88.59
2025-10-10,9:33:05.837801974,T,TGT,I,42,88.6
2025-10-10,9:33:05.840078460,T,TGT,F I,4,88.59
2025-10-10,9:33:05.840147577,T,TGT,F I,36,88.57
2025-10-10,9:33:05.840150569,T,TGT,F I,20,88.57
2025-10-10,9:33:05.841094966,T,TGT,F,100,88.59
2025-10-10,9:33:05.841097937,T,TGT,F,100,88.6
2025-10-10,9:33:05.841097937,T,TGT,F I,14,88.6
2025-10-10,9:33:05.887985632,T,TGT,F I,1,88.59
2025-10-10,9:33:05.887985632,T,TGT,F I,74,88.62
2025-10-10,9:33:05.888006657,T,TGT,F,126,88.62
2025-10-10,9:33:05.889071185,T,TGT,F I,30,88.65
2025-10-10,9:33:05.891952041,T,TGT,F I,20,88.67
2025-10-10,9:33:05.891955285,T,TGT,F I,20,88.68
2025-10-10,9:33:05.891958051,T,TGT,F I,6,88.68
2025-10-10,9:33:05.892183900,T,TGT,F,100,88.64
2025-10-10,9:33:05.892183900,T,TGT,F I,14,88.64
2025-10-10,9:33:05.892186613,T,TGT,F,100,88.64
2025-10-10,9:33:05.892193216,T,TGT,F I,10,88.63
2025-10-10,9:33:05.892388056,T,TGT,F,100,88.63
2025-10-10,9:33:05.892388056,T,TGT,F,100,88.63
2025-10-10,9:33:05.892430104,T,TGT,F,100,88.63
2025-10-10,9:33:05.893708987,T,TGT,F I,40,88.62
2025-10-10,9:33:05.893708987,T,TGT,F I,21,88.62
2025-10-10,9:33:05.893852489,T,TGT,F I,18,88.61
2025-10-10,9:33:05.893852489,T,TGT,F I,36,88.61
2025-10-10,9:33:05.893859512,T,TGT,F I,74,88.61
2025-10-10,9:33:05.894553267,T,TGT,F I,4,88.61
2025-10-10,9:33:05.894649443,T,TGT,F,100,88.61
2025-10-10,9:33:05.895289940,T,TGT,I,36,88.62
2025-10-10,9:33:05.896709311,T,TGT,F I,2,88.61
2025-10-10,9:33:05.896712410,T,TGT,F I,6,88.61
2025-10-10,9:33:05.896712410,T,TGT,F I,4,88.61
2025-10-10,9:33:05.896715566,T,TGT,F I,2,88.61
2025-10-10,9:33:05.896715566,T,TGT,F I,15,88.61
2025-10-10,9:33:05.904272347,T,TGT,F,100,88.59
2025-10-10,9:33:05.951911857,T,TGT,,100,88.585
2025-10-10,9:33:06.096809008,T,TGT,F,100,88.585
2025-10-10,9:33:06.613557158,T,TGT,F I,1,88.62
2025-10-10,9:33:06.613578418,T,TGT,I,1,88.62
2025-10-10,9:33:06.613620475,T,TGT,I,13,88.62
2025-10-10,9:33:06.613620475,T,TGT,I,11,88.62
2025-10-10,9:33:06.613623441,T,TGT,I,25,88.62
2025-10-10,9:33:06.613626594,T,TGT,I,28,88.62
2025-10-10,9:33:06.613629667,T,TGT,I,28,88.62
2025-10-10,9:33:06.613636182,T,TGT,I,27,88.62
2025-10-10,9:33:06.613636182,T,TGT,I,29,88.62
2025-10-10,9:33:06.613636182,T,TGT,I,13,88.62
2025-10-10,9:33:06.613792022,T,TGT,F I,17,88.62
2025-10-10,9:33:06.613792022,T,TGT,F I,6,88.62
2025-10-10,9:33:06.613800707,T,TGT,F I,2,88.62
2025-10-10,9:33:06.613818747,T,TGT,F I,75,88.62
2025-10-10,9:33:06.613851785,T,TGT,F,100,88.61
2025-10-10,9:33:06.613891472,T,TGT,F,100,88.6
2025-10-10,9:33:06.613893969,T,TGT,F,100,88.6
2025-10-10,9:33:06.613893969,T,TGT,F I,40,88.6
2025-10-10,9:33:06.613930169,T,TGT,I,60,88.6
2025-10-10,9:33:06.613930169,T,TGT,I,89,88.59
2025-10-10,9:33:06.613936605,T,TGT,I,11,88.59
2025-10-10,9:33:06.613936605,T,TGT,I,20,88.59
2025-10-10,9:33:06.613936605,T,TGT,I,10,88.59
2025-10-10,9:33:06.613939134,T,TGT,I,19,88.59
2025-10-10,9:33:06.613960608,T,TGT,,100,88.62
2025-10-10,9:33:06.614008262,T,TGT,F,100,88.61
2025-10-10,9:33:06.614014191,T,TGT,F I,44,88.61
2025-10-10,9:33:06.614053362,T,TGT,,100,88.61
2025-10-10,9:33:06.614215653,T,TGT,I,36,88.63
2025-10-10,9:33:07.503966399,T,TGT,F I,99,88.64
2025-10-10,9:33:07.503987839,T,TGT,F,101,88.64
2025-10-10,9:33:07.503991460,T,TGT,F I,43,88.64
2025-10-10,9:33:07.503993635,T,TGT,F I,1,88.64
2025-10-10,9:33:07.503996498,T,TGT,I,1,88.64
2025-10-10,9:33:08.767519623,T,TGT,F,100,88.63
2025-10-10,9:33:08.767523100,T,TGT,F I,44,88.63
2025-10-10,9:33:12.942079762,T,TGT,F I,9,88.66
2025-10-10,9:33:12.942097800,T,TGT,I,1,88.66
2025-10-10,9:33:12.942137123,T,TGT,I,9,88.66
2025-10-10,9:33:12.942137123,T,TGT,I,1,88.66
2025-10-10,9:33:14.583801890,T,TGT,F I,63,88.66
2025-10-10,9:33:15.130601259,T,TGT,F,100,88.67
2025-10-10,9:33:15.130601259,T,TGT,F I,34,88.67
2025-10-10,9:33:15.130603573,T,TGT,F I,42,88.67
2025-10-10,9:33:15.131415472,T,TGT,F,573,88.68
2025-10-10,9:33:16.358681283,T,TGT,,100,88.665
2025-10-10,9:33:17.433291431,T,TGT,F I,16,88.7
2025-10-10,9:33:17.433366517,T,TGT,F I,5,88.7
2025-10-10,9:33:17.433736445,T,TGT,F I,5,88.7
2025-10-10,9:33:17.434247612,T,TGT,F I,74,88.7
2025-10-10,9:33:17.434247612,T,TGT,F I,49,88.72
2025-10-10,9:33:17.434533290,T,TGT,F I,12,88.7
2025-10-10,9:33:18.557934665,T,TGT,F I,12,88.72
2025-10-10,9:33:18.557934665,T,TGT,F I,18,88.72
2025-10-10,9:33:18.560941780,T,TGT,F I,5,88.73
2025-10-10,9:33:19.234772120,T,TGT,,100,88.735
2025-10-10,9:33:19.960012925,T,TGT,F I,40,88.77
2025-10-10,9:33:23.657453338,T,TGT,F,100,88.74
2025-10-10,9:33:23.657489415,T,TGT,F I,42,88.73
2025-10-10,9:33:23.657627946,T,TGT,F I,42,88.72
2025-10-10,9:33:23.657684986,T,TGT,I,41,88.74
2025-10-10,9:33:26.581950535,T,TGT,F,100,88.72
2025-10-10,9:33:26.586557478,T,TGT,F I,8,88.71
2025-10-10,9:33:26.586560478,T,TGT,F,200,88.71
2025-10-10,9:33:26.586602619,T,TGT,F I,1,88.7
2025-10-10,9:33:28.642077496,T,TGT,F I,5,88.63
2025-10-10,9:33:31.113903243,T,TGT,F I,24,88.62
2025-10-10,9:33:31.113951347,T,TGT,F I,36,88.62
2025-10-10,9:33:37.785609523,T,TGT,F I,5,88.64
2025-10-10,9:33:37.785612493,T,TGT,F,100,88.64
2025-10-10,9:33:37.785615512,T,TGT,F I,18,88.64
2025-10-10,9:33:40.723650793,T,TGT,F I,1,88.64
2025-10-10,9:33:41.465464099,T,TGT,,100,88.62
2025-10-10,9:33:48.096215756,T,TGT,F,100,88.64
2025-10-10,9:33:49.901966579,T,TGT,F I,18,88.61
2025-10-10,9:33:49.901969579,T,TGT,F I,13,88.61
2025-10-10,9:33:49.902014717,T,TGT,I,25,88.6
2025-10-10,9:33:50.554304748,T,TGT,F I,1,88.61
2025-10-10,9:33:50.624726456,T,TGT,F I,27,88.59
2025-10-10,9:33:50.624729467,T,TGT,F I,18,88.59
2025-10-10,9:33:50.624825660,T,TGT,F I,5,88.58
2025-10-10,9:33:50.625577992,T,TGT,F I,1,88.55
2025-10-10,9:33:50.625577992,T,TGT,F I,20,88.55
2025-10-10,9:33:50.625580799,T,TGT,F I,1,88.55
2025-10-10,9:33:50.675821229,T,TGT,F,100,88.54
2025-10-10,9:33:50.675824195,T,TGT,F,150,88.54
2025-10-10,9:33:50.675827252,T,TGT,F I,70,88.55
2025-10-10,9:33:50.675839310,T,TGT,I,1,88.55
2025-10-10,9:33:50.675845230,T,TGT,I,1,88.55
2025-10-10,9:33:50.675887392,T,TGT,,728,88.55
2025-10-10,9:33:50.675890360,T,TGT,,200,88.55
2025-10-10,9:33:50.676160940,T,TGT,I,35,88.55
2025-10-10,9:33:50.676160940,T,TGT,,147,88.55
2025-10-10,9:33:50.676179034,T,TGT,,100,88.54
2025-10-10,9:33:50.676200713,T,TGT,I,1,88.54
2025-10-10,9:33:50.676200713,T,TGT,I,99,88.54
2025-10-10,9:33:50.676206457,T,TGT,I,1,88.54
2025-10-10,9:33:50.676212241,T,TGT,I,10,88.53
2025-10-10,9:33:50.725229454,T,TGT,,100,88.53
2025-10-10,9:33:50.725229454,T,TGT,I,27,88.53
2025-10-10,9:33:50.725231953,T,TGT,I,1,88.53
2025-10-10,9:33:50.725231953,T,TGT,I,5,88.53
2025-10-10,9:33:50.725234936,T,TGT,I,46,88.53
2025-10-10,9:33:55.432808913,T,TGT,,100,88.55
2025-10-10,9:33:55.432811931,T,TGT,I,8,88.55
2025-10-10,9:33:56.753775290,T,TGT,F I,2,88.57
2025-10-10,9:33:56.753775290,T,TGT,F I,98,88.57
2025-10-10,9:33:56.753793045,T,TGT,I,1,88.57
2025-10-10,9:33:56.753793045,T,TGT,I,1,88.57
2025-10-10,9:33:56.753829445,T,TGT,,100,88.57
2025-10-10,9:33:56.754184002,T,TGT,,100,88.56
2025-10-10,9:33:56.754205183,T,TGT,I,1,88.56
2025-10-10,9:33:56.754208535,T,TGT,F I,99,88.56
2025-10-10,9:33:56.754210988,T,TGT,F I,15,88.56
2025-10-10,9:33:56.764303076,T,TGT,,100,88.545
2025-10-10,9:33:56.964934956,T,TGT,,100,88.56
2025-10-10,9:33:56.964941080,T,TGT,,100,88.56
2025-10-10,9:33:56.964941080,T,TGT,,100,88.56
2025-10-10,9:33:56.964947641,T,TGT,,200,88.56
2025-10-10,9:33:56.964947641,T,TGT,I,8,88.56
2025-10-10,9:33:56.964947641,T,TGT,I,26,88.56
2025-10-10,9:33:56.964950351,T,TGT,,100,88.56
2025-10-10,9:33:56.964953066,T,TGT,I,26,88.56
2025-10-10,9:33:56.964953066,T,TGT,,400,88.56
2025-10-10,9:33:56.965731891,T,TGT,F,100,88.58
2025-10-10,9:33:59.077037654,T,TGT,,100,88.57
2025-10-10,9:34:01.603765146,T,TGT,F,100,88.6
2025-10-10,9:34:05.945896617,T,TGT,I,25,88.55
2025-10-10,9:34:05.946356703,T,TGT,F I,2,88.55
2025-10-10,9:34:05.946362744,T,TGT,F I,2,88.55
2025-10-10,9:34:05.948497843,T,TGT,I,10,88.54
2025-10-10,9:34:05.954058044,T,TGT,F I,1,88.53
2025-10-10,9:34:05.954061101,T,TGT,F I,1,88.53
2025-10-10,9:34:05.959359901,T,TGT,F I,4,88.52
2025-10-10,9:34:05.959362728,T,TGT,F I,25,88.52
2025-10-10,9:34:06.045950920,T,TGT,I,95,88.51
2025-10-10,9:34:07.938299153,T,TGT,F I,1,88.5
2025-10-10,9:34:07.938302957,T,TGT,F I,2,88.5
2025-10-10,9:34:07.938302957,T,TGT,F I,12,88.5
2025-10-10,9:34:07.938305238,T,TGT,F I,5,88.5
2025-10-10,9:34:07.938308152,T,TGT,F I,1,88.5
2025-10-10,9:34:07.938723192,T,TGT,F I,1,88.49
2025-10-10,9:34:11.968275220,T,TGT,F I,2,88.45
2025-10-10,9:34:11.968275220,T,TGT,F I,10,88.45
2025-10-10,9:34:11.968278041,T,TGT,F I,4,88.45
2025-10-10,9:34:11.968293098,T,TGT,F I,1,88.45
2025-10-10,9:34:11.968296210,T,TGT,F I,5,88.45
2025-10-10,9:34:11.968298950,T,TGT,F,500,88.45
2025-10-10,9:34:11.969303387,T,TGT,F I,1,88.43
2025-10-10,9:34:11.969327415,T,TGT,F I,29,88.43
2025-10-10,9:34:11.969922859,T,TGT,I,95,88.43
2025-10-10,9:34:11.969944268,T,TGT,I,1,88.43
2025-10-10,9:34:11.969979953,T,TGT,,100,88.44
2025-10-10,9:34:14.885185107,T,TGT,F I,40,88.42
2025-10-10,9:34:19.519411355,T,TGT,,100,88.42
2025-10-10,9:34:19.519433064,T,TGT,I,1,88.42
2025-10-10,9:34:19.519438364,T,TGT,I,99,88.42
2025-10-10,9:34:19.519438364,T,TGT,I,1,88.42
2025-10-10,9:34:19.524785304,T,TGT,F,100,88.41
2025-10-10,9:34:19.524785304,T,TGT,F I,2,88.4
2025-10-10,9:34:19.524788184,T,TGT,F I,1,88.4
2025-10-10,9:34:19.524791271,T,TGT,F,1702,88.4
2025-10-10,9:34:19.524791271,T,TGT,F I,1,88.4
2025-10-10,9:34:19.524809134,T,TGT,I,97,88.4
2025-10-10,9:34:19.524809134,T,TGT,I,2,88.4
2025-10-10,9:34:19.525224198,T,TGT,F I,1,88.39
2025-10-10,9:34:19.525900855,T,TGT,I,1,88.37
2025-10-10,9:34:19.529680827,T,TGT,I,10,88.36
2025-10-10,9:34:19.529747457,T,TGT,F I,23,88.36
2025-10-10,9:34:19.529750969,T,TGT,F I,76,88.36
2025-10-10,9:34:19.529750969,T,TGT,F I,23,88.37
2025-10-10,9:34:19.529758990,T,TGT,F I,38,88.38
2025-10-10,9:34:19.529761992,T,TGT,F I,87,88.38
2025-10-10,9:34:19.561195903,T,TGT,F I,38,88.39
2025-10-10,9:34:19.561195903,T,TGT,F I,5,88.39
2025-10-10,9:34:22.666757409,T,TGT,,100,88.395
2025-10-10,9:34:22.720940529,T,TGT,F,100,88.395
2025-10-10,9:34:26.532632158,T,TGT,I,15,88.41
2025-10-10,9:34:26.532653341,T,TGT,F I,31,88.41
2025-10-10,9:34:26.532653341,T,TGT,F I,49,88.41
2025-10-10,9:34:26.532689740,T,TGT,I,30,88.41
2025-10-10,9:34:26.532692895,T,TGT,I,64,88.41
2025-10-10,9:34:26.532734403,T,TGT,I,15,88.41
2025-10-10,9:34:26.532999069,T,TGT,I,20,88.4
2025-10-10,9:34:26.532999069,T,TGT,I,27,88.4
2025-10-10,9:34:26.533110376,T,TGT,I,10,88.4
2025-10-10,9:34:26.533401986,T,TGT,I,15,88.4
2025-10-10,9:34:26.533405025,T,TGT,I,5,88.4
2025-10-10,9:34:26.535028975,T,TGT,F,100,88.41
2025-10-10,9:34:26.535028975,T,TGT,F I,3,88.41
2025-10-10,9:34:26.535443865,T,TGT,F I,39,88.42
2025-10-10,9:34:26.535443865,T,TGT,F I,92,88.42
2025-10-10,9:34:26.535446812,T,TGT,F I,38,88.42
2025-10-10,9:34:26.535847243,T,TGT,I,26,88.41
2025-10-10,9:34:26.535849771,T,TGT,I,3,88.41
2025-10-10,9:34:26.535859369,T,TGT,F I,17,88.43
2025-10-10,9:34:26.535859369,T,TGT,F I,39,88.43
2025-10-10,9:34:26.535906909,T,TGT,I,39,88.42
2025-10-10,9:34:26.536132555,T,TGT,I,39,88.41
2025-10-10,9:34:26.537509774,T,TGT,F I,23,88.43
2025-10-10,9:34:26.537530864,T,TGT,I,1,88.43
2025-10-10,9:34:26.537546421,T,TGT,F I,15,88.43
2025-10-10,9:34:26.537546421,T,TGT,F I,61,88.43
2025-10-10,9:34:26.537572938,T,TGT,I,31,88.42
2025-10-10,9:34:26.537594017,T,TGT,F I,8,88.42
2025-10-10,9:34:26.565879362,T,TGT,I,23,88.42
2025-10-10,9:34:26.565927466,T,TGT,F I,77,88.42
2025-10-10,9:34:28.594367940,T,TGT,I,9,88.42
2025-10-10,9:34:30.865540661,T,TGT,F I,23,88.43
2025-10-10,9:34:30.866103541,T,TGT,I,7,88.44
2025-10-10,9:34:30.866105993,T,TGT,F I,89,88.44
2025-10-10,9:34:30.866109048,T,TGT,F I,7,88.44
2025-10-10,9:34:30.866133113,T,TGT,F,392,88.44
2025-10-10,9:34:30.866181123,T,TGT,F I,7,88.45
2025-10-10,9:34:31.607468183,T,TGT,F I,5,88.47
2025-10-10,9:34:31.607958341,T,TGT,F,100,88.48
2025-10-10,9:34:31.607958341,T,TGT,F I,35,88.48
2025-10-10,9:34:31.607979341,T,TGT,F I,62,88.48
2025-10-10,9:34:31.607991395,T,TGT,F,100,88.48
2025-10-10,9:34:31.608255990,T,TGT,F I,4,88.48
2025-10-10,9:34:31.608403442,T,TGT,F I,37,88.48
2025-10-10,9:34:31.608406466,T,TGT,F,100,88.48
2025-10-10,9:34:31.608406466,T,TGT,F I,13,88.48
2025-10-10,9:34:31.608427481,T,TGT,I,48,88.48
2025-10-10,9:34:31.610508370,T,TGT,F I,39,88.48
2025-10-10,9:34:32.574584157,T,TGT,F,200,88.5
2025-10-10,9:34:32.574608245,T,TGT,F I,40,88.5
2025-10-10,9:34:36.574085351,T,TGT,,100,88.48
2025-10-10,9:34:40.741389269,T,TGT,F,100,88.48
2025-10-10,9:34:40.839209341,T,TGT,F,100,88.51
2025-10-10,9:34:40.839209341,T,TGT,F I,1,88.51
2025-10-10,9:34:40.839248396,T,TGT,F,100,88.51
2025-10-10,9:34:40.839870843,T,TGT,F,100,88.52
2025-10-10,9:34:40.839873959,T,TGT,F I,61,88.52
2025-10-10,9:34:40.840111430,T,TGT,F,100,88.52
2025-10-10,9:34:40.840139172,T,TGT,I,11,88.52
2025-10-10,9:34:40.840139172,T,TGT,I,50,88.52
2025-10-10,9:34:42.953979790,T,TGT,F,100,88.54
2025-10-10,9:34:45.086687280,T,TGT,,100,88.52
2025-10-10,9:34:45.139132251,T,TGT,F,100,88.54
2025-10-10,9:34:45.342205997,T,TGT,F,125,88.54
2025-10-10,9:34:45.412913503,T,TGT,F,100,88.54
2025-10-10,9:34:45.523610092,T,TGT,,200,88.54
2025-10-10,9:34:46.747435692,T,TGT,,100,88.54
2025-10-10,9:34:46.959843716,T,TGT,F,125,88.54
2025-10-10,9:34:51.991169030,T,TGT,F I,57,88.54
2025-10-10,9:34:55.143371705,T,TGT,F I,9,88.52
2025-10-10,9:34:55.143371705,T,TGT,F I,17,88.52
2025-10-10,9:34:55.143374747,T,TGT,F I,43,88.52
2025-10-10,9:34:55.143395759,T,TGT,I,1,88.52
2025-10-10,9:34:55.143399407,T,TGT,I,69,88.52
2025-10-10,9:34:55.144748997,T,TGT,F,100,88.51
2025-10-10,9:34:55.144748997,T,TGT,F I,35,88.51
2025-10-10,9:34:55.322767114,T,TGT,I,2,88.51
2025-10-10,9:34:55.322806132,T,TGT,I,2,88.52
2025-10-10,9:34:55.334206273,T,TGT,I,8,88.505
2025-10-10,9:34:55.585039959,T,TGT,,100,88.5
2025-10-10,9:35:00.101749321,T,TGT,F,100,88.5
2025-10-10,9:35:00.515408811,T,TGT,F,100,88.5
2025-10-10,9:35:08.609398318,T,TGT,I,9,88.49
2025-10-10,9:35:08.610619263,T,TGT,I,1,88.49
2025-10-10,9:35:15.348855982,T,TGT,F,100,88.495
2025-10-10,9:35:16.147799273,T,TGT,I,10,88.515
2025-10-10,9:35:16.404881812,T,TGT,F I,53,88.54
2025-10-10,9:35:25.482199027,T,TGT,F I,57,88.54
2025-10-10,9:35:26.931706175,T,TGT,F I,95,88.54
2025-10-10,9:35:26.932319701,T,TGT,F,100,88.54
2025-10-10,9:35:26.932623377,T,TGT,F I,48,88.54
2025-10-10,9:35:26.932695555,T,TGT,F I,48,88.54
2025-10-10,9:35:26.932761706,T,TGT,F I,13,88.54
2025-10-10,9:35:31.216460966,T,TGT,F I,30,88.5
2025-10-10,9:35:31.216521260,T,TGT,F,100,88.49
2025-10-10,9:35:31.216521260,T,TGT,F I,10,88.49
2025-10-10,9:35:31.216578209,T,TGT,F,100,88.48
2025-10-10,9:35:31.216972197,T,TGT,I,25,88.5
2025-10-10,9:35:31.216975822,T,TGT,I,42,88.5
2025-10-10,9:35:31.217101518,T,TGT,I,50,88.49
2025-10-10,9:35:31.217128555,T,TGT,I,11,88.49
2025-10-10,9:35:31.217176673,T,TGT,I,57,88.49
2025-10-10,9:35:31.217357307,T,TGT,I,12,88.5
2025-10-10,9:35:31.217360257,T,TGT,I,10,88.5
2025-10-10,9:35:31.217360257,T,TGT,I,5,88.5
2025-10-10,9:35:31.217450264,T,TGT,F I,6,88.49
2025-10-10,9:35:31.217454177,T,TGT,F I,25,88.49
2025-10-10,9:35:31.217456624,T,TGT,F I,12,88.49
2025-10-10,9:35:31.217456624,T,TGT,F I,11,88.49
2025-10-10,9:35:31.217459312,T,TGT,F I,12,88.49
2025-10-10,9:35:31.218484868,T,TGT,I,6,88.49
2025-10-10,9:35:31.218484868,T,TGT,I,50,88.49
2025-10-10,9:35:31.218487819,T,TGT,I,7,88.49
2025-10-10,9:35:31.218487819,T,TGT,I,23,88.49
2025-10-10,9:35:31.219928480,T,TGT,I,5,88.49
2025-10-10,9:35:31.219928480,T,TGT,I,5,88.49
2025-10-10,9:35:32.366310192,T,TGT,F I,5,88.49
2025-10-10,9:35:32.650724777,T,TGT,F,100,88.48
2025-10-10,9:35:32.650724777,T,TGT,F I,25,88.47
2025-10-10,9:35:33.377881893,T,TGT,F I,20,88.5
2025-10-10,9:35:33.377884135,T,TGT,F,100,88.5
2025-10-10,9:35:33.377887094,T,TGT,F I,13,88.5
2025-10-10,9:35:33.961583658,T,TGT,I,1,88.51
2025-10-10,9:35:37.268790537,T,TGT,F I,9,88.52
2025-10-10,9:35:37.268814553,T,TGT,I,1,88.52
2025-10-10,9:35:37.268832674,T,TGT,I,8,88.52
2025-10-10,9:35:37.268832674,T,TGT,I,27,88.52
2025-10-10,9:35:37.268835653,T,TGT,I,99,88.52
2025-10-10,9:35:37.375280153,T,TGT,F,100,88.54
2025-10-10,9:35:37.389317651,T,TGT,,100,88.535
2025-10-10,9:35:38.043769785,T,TGT,,150,88.54
2025-10-10,9:35:38.632226634,T,TGT,F I,1,88.54
2025-10-10,9:35:38.632253678,T,TGT,I,35,88.54
2025-10-10,9:35:38.632331878,T,TGT,F I,2,88.54
2025-10-10,9:35:38.632364975,T,TGT,I,48,88.54
2025-10-10,9:35:38.632464256,T,TGT,F I,2,88.54
2025-10-10,9:35:38.632503491,T,TGT,I,40,88.54
2025-10-10,9:35:38.632554430,T,TGT,I,1,88.54
2025-10-10,9:35:42.713841316,T,TGT,F,100,88.52
2025-10-10,9:35:42.713844322,T,TGT,F I,10,88.52
2025-10-10,9:35:42.713895452,T,TGT,,100,88.52
2025-10-10,9:35:42.713914005,T,TGT,F I,50,88.51
2025-10-10,9:35:42.713917389,T,TGT,F I,2,88.51
2025-10-10,9:35:42.713920079,T,TGT,F I,10,88.51
2025-10-10,9:35:42.714920866,T,TGT,F I,25,88.5
2025-10-10,9:35:42.714932988,T,TGT,F I,75,88.5
2025-10-10,9:35:42.940918395,T,TGT,F I,1,88.5
2025-10-10,9:35:42.940939315,T,TGT,I,1,88.5
2025-10-10,9:35:42.941191965,T,TGT,I,3,88.5
2025-10-10,9:35:46.699834517,T,TGT,F I,50,88.49
2025-10-10,9:35:46.699834517,T,TGT,F I,2,88.49
2025-10-10,9:35:46.699840250,T,TGT,F I,1,88.49
2025-10-10,9:35:46.699840250,T,TGT,F I,72,88.49
2025-10-10,9:35:46.699855357,T,TGT,,114,88.49
2025-10-10,9:35:46.699879328,T,TGT,I,1,88.49
2025-10-10,9:35:46.699885865,T,TGT,I,14,88.49
2025-10-10,9:35:46.699888408,T,TGT,I,14,88.49
2025-10-10,9:35:46.699891370,T,TGT,F I,85,88.49
2025-10-10,9:35:46.921390078,T,TGT,F I,1,88.49
2025-10-10,9:35:50.817267343,T,TGT,F I,5,88.52
2025-10-10,9:35:50.817267343,T,TGT,F I,95,88.52
2025-10-10,9:35:50.817285419,T,TGT,I,1,88.52
2025-10-10,9:35:50.817285419,T,TGT,I,1,88.52
2025-10-10,9:35:50.817312895,T,TGT,I,3,88.52
2025-10-10,9:35:50.817315688,T,TGT,I,1,88.52
2025-10-10,9:35:50.817318546,T,TGT,I,10,88.52
2025-10-10,9:35:52.668618948,T,TGT,F,125,88.54
2025-10-10,9:35:52.668751181,T,TGT,F,176,88.54
2025-10-10,9:35:52.668886562,T,TGT,,148,88.54
2025-10-10,9:35:52.668904567,T,TGT,,148,88.54
2025-10-10,9:35:52.668907658,T,TGT,,300,88.54
2025-10-10,9:35:52.669629293,T,TGT,F,100,88.53
2025-10-10,9:35:52.826934091,T,TGT,F I,8,88.53
2025-10-10,9:35:52.827168658,T,TGT,F I,2,88.53
2025-10-10,9:35:55.424134483,T,TGT,F I,2,88.52
2025-10-10,9:35:55.424140495,T,TGT,F I,2,88.52
2025-10-10,9:35:55.424189140,T,TGT,I,96,88.52
2025-10-10,9:35:55.424191604,T,TGT,,100,88.52
2025-10-10,9:35:55.424194663,T,TGT,I,5,88.52
2025-10-10,9:35:55.424733393,T,TGT,,100,88.52
2025-10-10,9:35:55.424756996,T,TGT,I,1,88.52
2025-10-10,9:35:55.553205031,T,TGT,F I,94,88.54
2025-10-10,9:36:00.808506898,T,TGT,I,31,88.52
2025-10-10,9:36:00.808530989,T,TGT,F I,9,88.52
2025-10-10,9:36:00.810064589,T,TGT,I,2,88.51
2025-10-10,9:36:01.944186491,T,TGT,F I,30,88.505
2025-10-10,9:36:01.944186491,T,TGT,F I,70,88.505
2025-10-10,9:36:03.157968111,T,TGT,F I,2,88.49
2025-10-10,9:36:03.164818459,T,TGT,F,100,88.5
2025-10-10,9:36:03.164821460,T,TGT,F I,25,88.5
2025-10-10,9:36:03.164876292,T,TGT,F,125,88.5
2025-10-10,9:36:03.164944753,T,TGT,F I,50,88.5
2025-10-10,9:36:03.240473250,T,TGT,,100,88.505
2025-10-10,9:36:04.555463371,T,TGT,,100,88.53
2025-10-10,9:36:04.555466450,T,TGT,I,2,88.53
2025-10-10,9:36:04.556052817,T,TGT,F,100,88.54
2025-10-10,9:36:04.556100929,T,TGT,I,1,88.54
2025-10-10,9:36:06.291454145,T,TGT,F,125,88.54
2025-10-10,9:36:06.291457194,T,TGT,F,100,88.54
2025-10-10,9:36:06.298169175,T,TGT,,100,88.54
2025-10-10,9:36:06.345276426,T,TGT,,100,88.54
2025-10-10,9:36:06.345303460,T,TGT,F,110,88.54
2025-10-10,9:36:06.346001722,T,TGT,F I,48,88.56
2025-10-10,9:36:06.346004165,T,TGT,F,100,88.56
2025-10-10,9:36:06.346028219,T,TGT,F I,9,88.57
2025-10-10,9:36:06.346088284,T,TGT,F I,91,88.57
2025-10-10,9:36:06.346088284,T,TGT,F,100,88.57
2025-10-10,9:36:06.346091310,T,TGT,F I,3,88.57
2025-10-10,9:36:06.346344012,T,TGT,F I,96,88.57
2025-10-10,9:36:06.346344012,T,TGT,F I,29,88.57
2025-10-10,9:36:06.346374054,T,TGT,F I,71,88.57
2025-10-10,9:36:06.354950392,T,TGT,,100,88.58
2025-10-10,9:36:06.371955923,T,TGT,F,129,88.59
2025-10-10,9:36:10.036347901,T,TGT,F I,1,88.65
2025-10-10,9:36:10.036612529,T,TGT,F,200,88.66
2025-10-10,9:36:11.563761690,T,TGT,F,100,88.66
2025-10-10,9:36:11.850906834,T,TGT,F,100,88.64
2025-10-10,9:36:11.850906834,T,TGT,F I,10,88.63
2025-10-10,9:36:11.850915898,T,TGT,F I,90,88.63
2025-10-10,9:36:11.850915898,T,TGT,F I,10,88.63
2025-10-10,9:36:12.946016742,T,TGT,F,100,88.6
2025-10-10,9:36:15.020623186,T,TGT,,100,88.58
2025-10-10,9:36:25.736664598,T,TGT,,255,88.59
2025-10-10,9:36:28.024220255,T,TGT,F I,30,88.59
2025-10-10,9:36:28.394044301,T,TGT,F I,10,88.59
2025-10-10,9:36:28.394320922,T,TGT,F I,40,88.58
2025-10-10,9:36:28.404328815,T,TGT,F I,90,88.57
2025-10-10,9:36:28.405020431,T,TGT,I,40,88.56
2025-10-10,9:36:28.424921805,T,TGT,I,73,88.56
2025-10-10,9:36:28.424961026,T,TGT,,300,88.56
2025-10-10,9:36:28.425193150,T,TGT,I,27,88.56
2025-10-10,9:36:28.425193150,T,TGT,I,23,88.55
2025-10-10,9:36:28.425193150,T,TGT,I,50,88.55
2025-10-10,9:36:28.425195609,T,TGT,I,4,88.55
2025-10-10,9:36:28.425595568,T,TGT,F I,60,88.55
2025-10-10,9:36:28.483630626,T,TGT,F,100,88.55
2025-10-10,9:36:28.483633663,T,TGT,F I,33,88.55
2025-10-10,9:36:28.483636713,T,TGT,F I,14,88.55
2025-10-10,9:36:28.483636713,T,TGT,F I,5,88.55
2025-10-10,9:36:35.540446437,T,TGT,I,24,88.53
2025-10-10,9:36:35.540449944,T,TGT,I,25,88.53
2025-10-10,9:36:35.540449944,T,TGT,I,25,88.53
2025-10-10,9:36:35.540452954,T,TGT,I,10,88.53
2025-10-10,9:36:35.540470450,T,TGT,F I,16,88.53
2025-10-10,9:36:35.540473418,T,TGT,F,100,88.53
2025-10-10,9:36:35.540587820,T,TGT,F,200,88.53
2025-10-10,9:36:37.175673116,T,TGT,F I,5,88.52
2025-10-10,9:36:37.176069990,T,TGT,F,100,88.53
2025-10-10,9:36:37.176072972,T,TGT,F I,37,88.53
2025-10-10,9:36:37.176154172,T,TGT,F,100,88.54
2025-10-10,9:36:39.214818982,T,TGT,I,1,88.54
2025-10-10,9:36:40.118411952,T,TGT,F,100,88.53
2025-10-10,9:36:40.118414699,T,TGT,F,100,88.52
2025-10-10,9:36:46.359236512,T,TGT,F I,5,88.54
2025-10-10,9:36:46.359654507,T,TGT,F I,55,88.55
2025-10-10,9:36:46.417816082,T,TGT,,100,88.56
2025-10-10,9:36:46.524372043,T,TGT,I,15,88.58
2025-10-10,9:36:51.266420022,T,TGT,I,40,88.56
2025-10-10,9:36:51.266456096,T,TGT,I,10,88.56
2025-10-10,9:36:51.266459105,T,TGT,I,23,88.56
2025-10-10,9:36:51.266480211,T,TGT,I,44,88.56
2025-10-10,9:36:51.268627342,T,TGT,,100,88.56
2025-10-10,9:36:51.814773319,T,TGT,F I,5,88.57
2025-10-10,9:36:56.183839942,T,TGT,I,10,88.58
2025-10-10,9:36:56.186576470,T,TGT,F,100,88.56
2025-10-10,9:36:56.186579479,T,TGT,F I,2,88.56
2025-10-10,9:36:59.286686045,T,TGT,F I,8,88.55
2025-10-10,9:36:59.286701054,T,TGT,F I,2,88.55
2025-10-10,9:37:02.736940675,T,TGT,F I,50,88.52
2025-10-10,9:37:03.895384489,T,TGT,F,100,88.55
2025-10-10,9:37:03.895384489,T,TGT,F I,2,88.55
2025-10-10,9:37:07.976042915,T,TGT,I,1,88.59
2025-10-10,9:37:07.976064027,T,TGT,F I,99,88.59
2025-10-10,9:37:07.976064027,T,TGT,F I,1,88.59
2025-10-10,9:37:07.976431000,T,TGT,F I,15,88.6
2025-10-10,9:37:08.026653557,T,TGT,F,125,88.61
2025-10-10,9:37:08.026674606,T,TGT,F I,75,88.61
2025-10-10,9:37:12.306410358,T,TGT,F I,63,88.62
2025-10-10,9:37:13.925611832,T,TGT,I,1,88.61
2025-10-10,9:37:14.925707408,T,TGT,F I,70,88.6
2025-10-10,9:37:14.925707408,T,TGT,F I,22,88.6
2025-10-10,9:37:14.927081687,T,TGT,I,98,88.6
2025-10-10,9:37:15.140359305,T,TGT,F I,30,88.59
2025-10-10,9:37:15.140364955,T,TGT,F,100,88.59
2025-10-10,9:37:15.140364955,T,TGT,F I,3,88.59
2025-10-10,9:37:15.140605454,T,TGT,,100,88.59
2025-10-10,9:37:15.140632509,T,TGT,F I,2,88.59
2025-10-10,9:37:15.140635631,T,TGT,F I,98,88.58
2025-10-10,9:37:15.140635631,T,TGT,,100,88.59
2025-10-10,9:37:15.140641527,T,TGT,,100,88.59
2025-10-10,9:37:15.140653539,T,TGT,F I,2,88.58
2025-10-10,9:37:15.140674532,T,TGT,I,31,88.58
2025-10-10,9:37:22.084622253,T,TGT,I,1,88.58
2025-10-10,9:37:25.945691512,T,TGT,,200,88.58
2025-10-10,9:37:28.670116051,T,TGT,I,15,88.58
2025-10-10,9:37:29.712567462,T,TGT,F,100,88.56
2025-10-10,9:37:29.717706738,T,TGT,F I,19,88.55
2025-10-10,9:37:29.717710376,T,TGT,F I,81,88.55
2025-10-10,9:37:29.717754839,T,TGT,I,9,88.55
2025-10-10,9:37:29.717754839,T,TGT,I,95,88.55
2025-10-10,9:37:29.717757955,T,TGT,I,8,88.55
2025-10-10,9:37:29.717760869,T,TGT,I,72,88.56
2025-10-10,9:37:29.717773234,T,TGT,I,2,88.55
2025-10-10,9:37:29.717776213,T,TGT,I,28,88.56
2025-10-10,9:37:29.717778875,T,TGT,I,44,88.57
2025-10-10,9:37:29.717802993,T,TGT,I,1,88.56
2025-10-10,9:37:29.717839051,T,TGT,F I,23,88.56
2025-10-10,9:37:29.717890123,T,TGT,I,30,88.58
2025-10-10,9:37:42.572416125,T,TGT,I,1,88.61
2025-10-10,9:37:42.572437059,T,TGT,F,199,88.61
2025-10-10,9:37:42.572440154,T,TGT,F I,5,88.61
2025-10-10,9:37:46.915281233,T,TGT,I,1,88.64
2025-10-10,9:37:46.915326341,T,TGT,I,99,88.64
2025-10-10,9:37:49.305919609,T,TGT,I,10,88.66
2025-10-10,9:37:49.542451141,T,TGT,F,100,88.68
2025-10-10,9:37:49.542451141,T,TGT,F,100,88.69
2025-10-10,9:37:49.542454166,T,TGT,F,156,88.69
2025-10-10,9:37:49.542469882,T,TGT,I,40,88.69
2025-10-10,9:37:49.542473268,T,TGT,I,1,88.69
2025-10-10,9:37:49.542473268,T,TGT,F I,3,88.69
2025-10-10,9:37:50.121366336,T,TGT,,100,88.69
2025-10-10,9:37:50.399411724,T,TGT,I,30,88.71
2025-10-10,9:37:50.399923566,T,TGT,F I,24,88.7
2025-10-10,9:37:50.399926278,T,TGT,F I,13,88.7
2025-10-10,9:37:50.399926278,T,TGT,F I,90,88.7
2025-10-10,9:37:50.399928913,T,TGT,F,100,88.7
2025-10-10,9:38:03.063635592,T,TGT,F I,1,88.71
2025-10-10,9:38:03.063716476,T,TGT,F,100,88.71
2025-10-10,9:38:03.680124980,T,TGT,F I,10,88.7
2025-10-10,9:38:04.106808520,T,TGT,F I,13,88.68
2025-10-10,9:38:04.106808520,T,TGT,F I,87,88.68
2025-10-10,9:38:04.106811569,T,TGT,F I,2,88.68
2025-10-10,9:38:04.107746772,T,TGT,F I,1,88.66
2025-10-10,9:38:04.107948399,T,TGT,,100,88.66
2025-10-10,9:38:04.107951261,T,TGT,,100,88.66
2025-10-10,9:38:04.107951261,T,TGT,,100,88.66
2025-10-10,9:38:04.108976629,T,TGT,F I,30,88.66
2025-10-10,9:38:04.108976629,T,TGT,F I,70,88.66
2025-10-10,9:38:04.109021813,T,TGT,F I,30,88.66
2025-10-10,9:38:04.109683338,T,TGT,F I,28,88.67
2025-10-10,9:38:04.109687084,T,TGT,F,100,88.67
2025-10-10,9:38:04.556797595,T,TGT,F I,2,88.66
2025-10-10,9:38:04.557080358,T,TGT,F I,2,88.66
2025-10-10,9:38:05.322072691,T,TGT,I,2,88.665
2025-10-10,9:38:05.322096721,T,TGT,F I,2,88.665
2025-10-10,9:38:05.465009186,T,TGT,F I,2,88.665
2025-10-10,9:38:05.465057366,T,TGT,F I,2,88.665
2025-10-10,9:38:05.465111497,T,TGT,F I,2,88.665
2025-10-10,9:38:05.465159600,T,TGT,F I,2,88.665
2025-10-10,9:38:05.465207729,T,TGT,F I,2,88.665
2025-10-10,9:38:05.465318957,T,TGT,F I,2,88.665
2025-10-10,9:38:05.465367096,T,TGT,F I,2,88.665
2025-10-10,9:38:05.465415179,T,TGT,F I,2,88.665
2025-10-10,9:38:05.626887910,T,TGT,F I,2,88.665
2025-10-10,9:38:05.626942024,T,TGT,F I,2,88.665
2025-10-10,9:38:05.626990084,T,TGT,F I,2,88.665
2025-10-10,9:38:05.627038226,T,TGT,F I,2,88.665
2025-10-10,9:38:06.012469441,T,TGT,I,68,88.665
2025-10-10,9:38:06.012517508,T,TGT,F I,2,88.67
2025-10-10,9:38:06.941226119,T,TGT,I,10,88.7
2025-10-10,9:38:06.941226119,T,TGT,I,19,88.7
2025-10-10,9:38:09.896766776,T,TGT,F I,28,88.69
2025-10-10,9:38:09.896769135,T,TGT,F I,50,88.69
2025-10-10,9:38:09.896811231,T,TGT,I,3,88.68
2025-10-10,9:38:09.896814311,T,TGT,F I,27,88.68
2025-10-10,9:38:14.587656464,T,TGT,,125,88.675
2025-10-10,9:38:16.774168490,T,TGT,F I,41,88.66
2025-10-10,9:38:17.467277757,T,TGT,,200,88.65
2025-10-10,9:38:26.415301939,T,TGT,F,100,88.645
2025-10-10,9:38:27.587500380,T,TGT,F,100,88.65
2025-10-10,9:38:29.210526944,T,TGT,,255,88.655
2025-10-10,9:38:29.650427426,T,TGT,F I,31,88.68
2025-10-10,9:38:29.650430605,T,TGT,F I,5,88.68
2025-10-10,9:38:29.650433153,T,TGT,F I,21,88.68
2025-10-10,9:38:29.650448517,T,TGT,F I,79,88.68
2025-10-10,9:38:29.650451937,T,TGT,F I,5,88.68
2025-10-10,9:38:29.650451937,T,TGT,F I,48,88.68
2025-10-10,9:38:29.650454019,T,TGT,F I,52,88.68
2025-10-10,9:38:29.879509758,T,TGT,F I,8,88.67
2025-10-10,9:38:31.754885396,T,TGT,F I,7,88.63
2025-10-10,9:38:31.754885396,T,TGT,F I,3,88.63
2025-10-10,9:38:31.754888417,T,TGT,F I,70,88.63
2025-10-10,9:38:31.755655146,T,TGT,F,100,88.63
2025-10-10,9:38:39.533916521,T,TGT,,100,88.64
2025-10-10,9:38:42.890501212,T,TGT,,100,88.64
2025-10-10,9:38:43.296233689,T,TGT,,100,88.64
2025-10-10,9:38:45.906337954,T,TGT,F I,5,88.65
2025-10-10,9:38:45.906337954,T,TGT,F I,13,88.65
2025-10-10,9:38:47.115070453,T,TGT,,100,88.66
2025-10-10,9:38:50.574650412,T,TGT,F,100,88.655
2025-10-10,9:39:04.719550451,T,TGT,,100,88.655
2025-10-10,9:39:06.206554002,T,TGT,,100,88.655
2025-10-10,9:39:06.868331495,T,TGT,F,100,88.67
2025-10-10,9:39:06.868331495,T,TGT,F I,25,88.67
2025-10-10,9:39:07.356833341,T,TGT,F I,31,88.68
2025-10-10,9:39:07.356836464,T,TGT,F I,5,88.68
2025-10-10,9:39:07.356836464,T,TGT,F I,41,88.68
2025-10-10,9:39:07.356854726,T,TGT,F I,30,88.68
2025-10-10,9:39:07.356854726,T,TGT,I,1,88.68
2025-10-10,9:39:07.356860365,T,TGT,F I,28,88.68
2025-10-10,9:39:07.356864094,T,TGT,F I,31,88.68
2025-10-10,9:39:07.356866504,T,TGT,I,59,88.68
2025-10-10,9:39:07.356875459,T,TGT,F I,10,88.68
2025-10-10,9:39:07.766899460,T,TGT,,100,88.68
2025-10-10,9:39:07.766899460,T,TGT,I,43,88.69
2025-10-10,9:39:07.766944377,T,TGT,I,57,88.69
2025-10-10,9:39:07.766947635,T,TGT,I,42,88.69
2025-10-10,9:39:07.766947635,T,TGT,I,1,88.69
2025-10-10,9:39:14.660618510,T,TGT,,1000,88.68
2025-10-10,9:39:14.660621575,T,TGT,I,20,88.68
2025-10-10,9:39:24.984110596,T,TGT,F I,5,88.66
2025-10-10,9:39:24.984125983,T,TGT,F,100,88.66
2025-10-10,9:39:24.984125983,T,TGT,F I,26,88.66
2025-10-10,9:39:24.984132443,T,TGT,I,5,88.66
2025-10-10,9:39:25.015219675,T,TGT,,200,88.66
2025-10-10,9:39:31.757320609,T,TGT,F,100,88.65
2025-10-10,9:39:31.760033143,T,TGT,,100,88.655
2025-10-10,9:39:31.813010270,T,TGT,,100,88.655
2025-10-10,9:39:32.249115407,T,TGT,F I,57,88.655
2025-10-10,9:39:35.095323873,T,TGT,F I,15,88.64
2025-10-10,9:39:37.285838341,T,TGT,I,16,88.64
2025-10-10,9:39:37.285874531,T,TGT,I,34,88.64
2025-10-10,9:39:37.285880549,T,TGT,,100,88.64
2025-10-10,9:39:37.285883666,T,TGT,,100,88.645
2025-10-10,9:39:37.285883666,T,TGT,I,30,88.645
2025-10-10,9:39:37.285886640,T,TGT,,255,88.65
2025-10-10,9:39:37.285919639,T,TGT,F,100,88.64
2025-10-10,9:39:37.286283428,T,TGT,I,2,88.63
2025-10-10,9:39:37.286563652,T,TGT,I,22,88.65
2025-10-10,9:39:37.286563652,T,TGT,,100,88.65
2025-10-10,9:39:37.286566543,T,TGT,I,23,88.65
2025-10-10,9:39:37.286566543,T,TGT,I,2,88.65
2025-10-10,9:39:38.737321348,T,TGT,F I,11,88.65
2025-10-10,9:39:38.737321348,T,TGT,F,124,88.65
2025-10-10,9:39:38.737324308,T,TGT,F,123,88.65
2025-10-10,9:39:41.171271837,T,TGT,,100,88.635
2025-10-10,9:39:41.171271837,T,TGT,I,25,88.635
2025-10-10,9:39:43.119174544,T,TGT,F,100,88.63
2025-10-10,9:39:43.119887205,T,TGT,I,2,88.62
2025-10-10,9:39:43.120323223,T,TGT,F I,98,88.61
2025-10-10,9:39:43.120326303,T,TGT,F I,2,88.62
2025-10-10,9:39:43.120344304,T,TGT,F I,21,88.62
2025-10-10,9:39:43.120350359,T,TGT,I,77,88.62
2025-10-10,9:39:43.369538937,T,TGT,,100,88.62
2025-10-10,9:39:43.369605099,T,TGT,,100,88.62
2025-10-10,9:39:43.372158266,T,TGT,,100,88.62
2025-10-10,9:39:43.372158266,T,TGT,I,25,88.62
2025-10-10,9:39:44.486360613,T,TGT,F I,22,88.61
2025-10-10,9:39:44.487551394,T,TGT,F I,20,88.6
2025-10-10,9:39:44.488053714,T,TGT,,100,88.6
2025-10-10,9:39:44.488053714,T,TGT,I,2,88.6
2025-10-10,9:39:44.488376206,T,TGT,,100,88.61
2025-10-10,9:39:44.488376206,T,TGT,I,21,88.61
2025-10-10,9:39:44.488378438,T,TGT,I,3,88.61
2025-10-10,9:39:44.509566874,T,TGT,,100,88.6
2025-10-10,9:39:45.412422830,T,TGT,I,21,88.6
2025-10-10,9:39:45.412837830,T,TGT,F I,2,88.59
2025-10-10,9:39:45.412840755,T,TGT,F I,60,88.58
2025-10-10,9:39:45.413225646,T,TGT,F I,9,88.58
2025-10-10,9:39:45.414311265,T,TGT,F I,18,88.59
2025-10-10,9:39:45.450033311,T,TGT,,100,88.59
2025-10-10,9:39:46.681289793,T,TGT,I,31,88.58
2025-10-10,9:39:46.681289793,T,TGT,I,20,88.58
2025-10-10,9:39:46.998960602,T,TGT,,200,88.565
2025-10-10,9:39:47.001504577,T,TGT,,125,88.565
2025-10-10,9:39:53.067531830,T,TGT,I,23,88.57
2025-10-10,9:39:53.067555859,T,TGT,F I,77,88.57
2025-10-10,9:39:55.212686299,T,TGT,,100,88.57
2025-10-10,9:39:55.212704366,T,TGT,F,400,88.58
2025-10-10,9:39:56.546580096,T,TGT,F I,4,88.58
2025-10-10,9:40:00.131426454,T,TGT,I,1,88.57
2025-10-10,9:40:00.131429592,T,TGT,I,22,88.56
2025-10-10,9:40:00.131429592,T,TGT,I,77,88.56
2025-10-10,9:40:00.131444460,T,TGT,I,1,88.56
2025-10-10,9:40:00.131489609,T,TGT,I,24,88.57
2025-10-10,9:40:03.436320838,T,TGT,I,24,88.56
2025-10-10,9:40:03.436323819,T,TGT,I,1,88.56
2025-10-10,9:40:03.436516296,T,TGT,,200,88.56
2025-10-10,9:40:03.436537306,T,TGT,I,22,88.55
2025-10-10,9:40:03.437869516,T,TGT,F I,9,88.54
2025-10-10,9:40:04.178058858,T,TGT,,100,88.55
2025-10-10,9:40:04.417423260,T,TGT,F I,77,88.56
2025-10-10,9:40:04.417441172,T,TGT,I,1,88.56
2025-10-10,9:40:04.417444189,T,TGT,F I,42,88.56
2025-10-10,9:40:04.417483395,T,TGT,F,255,88.56
2025-10-10,9:40:04.417486446,T,TGT,F I,87,88.56
2025-10-10,9:40:04.417486446,T,TGT,F I,1,88.56
2025-10-10,9:40:04.563685546,T,TGT,I,1,88.55
2025-10-10,9:40:05.129534750,T,TGT,I,49,88.55
2025-10-10,9:40:05.129534750,T,TGT,I,51,88.55
2025-10-10,9:40:05.129555663,T,TGT,I,1,88.55
2025-10-10,9:40:05.940115719,T,TGT,F I,31,88.54
2025-10-10,9:40:08.500057337,T,TGT,I,5,88.55
2025-10-10,9:40:08.850470096,T,TGT,I,2,88.55
2025-10-10,9:40:08.850470096,T,TGT,I,2,88.55
2025-10-10,9:40:09.853705240,T,TGT,I,1,88.55
2025-10-10,9:40:09.853723261,T,TGT,F I,95,88.55
2025-10-10,9:40:10.062486581,T,TGT,F,100,88.54
2025-10-10,9:40:10.062489572,T,TGT,F,100,88.54
2025-10-10,9:40:12.543505178,T,TGT,F I,2,88.54
2025-10-10,9:40:15.121540920,T,TGT,,100,88.54
2025-10-10,9:40:22.013425760,T,TGT,F,100,88.57
2025-10-10,9:40:22.016737140,T,TGT,F I,10,88.58
2025-10-10,9:40:22.016740038,T,TGT,F,100,88.58
2025-10-10,9:40:22.016740038,T,TGT,F I,2,88.58
2025-10-10,9:40:22.016742613,T,TGT,F I,16,88.58
2025-10-10,9:40:22.016755028,T,TGT,I,32,88.58
2025-10-10,9:40:22.016755028,T,TGT,I,33,88.58
2025-10-10,9:40:22.016758235,T,TGT,I,19,88.58
2025-10-10,9:40:24.780113282,T,TGT,F,100,88.58
2025-10-10,9:40:24.780134310,T,TGT,F,100,88.57
2025-10-10,9:40:24.780136905,T,TGT,F I,65,88.57
2025-10-10,9:40:24.780203127,T,TGT,F I,12,88.57
2025-10-10,9:40:24.780209181,T,TGT,F I,4,88.57
2025-10-10,9:40:24.780227224,T,TGT,F I,1,88.57
2025-10-10,9:40:24.780426133,T,TGT,F I,18,88.57
2025-10-10,9:40:24.780591017,T,TGT,F,100,88.57
2025-10-10,9:40:24.788178146,T,TGT,F,100,88.56
2025-10-10,9:40:30.118520780,T,TGT,,100,88.56
2025-10-10,9:40:31.636588989,T,TGT,,100,88.56
2025-10-10,9:40:31.636609370,T,TGT,F,100,88.55
2025-10-10,9:40:31.637622823,T,TGT,,100,88.55
2025-10-10,9:40:33.199973937,T,TGT,F,104,88.54
2025-10-10,9:40:33.200010004,T,TGT,F I,73,88.54
2025-10-10,9:40:34.060464802,T,TGT,F,100,88.53
2025-10-10,9:40:34.060467831,T,TGT,F I,19,88.53
2025-10-10,9:40:38.036486129,T,TGT,F,100,88.52
2025-10-10,9:40:38.036489650,T,TGT,F I,24,88.52
2025-10-10,9:40:38.036687581,T,TGT,F I,50,88.51
2025-10-10,9:40:38.036964359,T,TGT,F I,60,88.5
2025-10-10,9:40:38.036967211,T,TGT,F I,10,88.5
2025-10-10,9:40:38.036970876,T,TGT,F,100,88.5
2025-10-10,9:40:38.036970876,T,TGT,F I,53,88.5
2025-10-10,9:40:38.038446799,T,TGT,F I,10,88.48
2025-10-10,9:40:38.038783699,T,TGT,F I,1,88.47
2025-10-10,9:40:38.038783699,T,TGT,F I,1,88.47
2025-10-10,9:40:38.038789598,T,TGT,F,100,88.47
2025-10-10,9:40:38.038789598,T,TGT,F,100,88.47
2025-10-10,9:40:38.040218070,T,TGT,I,34,88.48
2025-10-10,9:40:38.040221042,T,TGT,I,2,88.48
2025-10-10,9:40:38.040230239,T,TGT,I,20,88.48
2025-10-10,9:40:38.040230239,T,TGT,I,5,88.48
2025-10-10,9:40:38.040233114,T,TGT,I,7,88.48
2025-10-10,9:40:38.041517150,T,TGT,F I,81,88.47
2025-10-10,9:40:38.041886909,T,TGT,I,24,88.48
2025-10-10,9:40:38.041886909,T,TGT,I,2,88.48
2025-10-10,9:40:38.062693585,T,TGT,,100,88.47
2025-10-10,9:40:39.555771601,T,TGT,I,1,88.45
2025-10-10,9:40:39.555798949,T,TGT,F I,49,88.45
2025-10-10,9:40:39.555802340,T,TGT,F I,2,88.45
2025-10-10,9:40:39.555805255,T,TGT,F I,10,88.45
2025-10-10,9:40:39.555805255,T,TGT,F I,5,88.45
2025-10-10,9:40:39.555807919,T,TGT,F I,1,88.45
2025-10-10,9:40:39.555810597,T,TGT,F,100,88.45
2025-10-10,9:40:39.555810597,T,TGT,F I,19,88.45
2025-10-10,9:40:40.298784701,T,TGT,F I,5,88.43
2025-10-10,9:40:42.657739522,T,TGT,,100,88.43
2025-10-10,9:40:45.125746130,T,TGT,F I,10,88.41
2025-10-10,9:40:45.126649246,T,TGT,F I,5,88.4
2025-10-10,9:40:45.126649246,T,TGT,F I,3,88.4
2025-10-10,9:40:45.126654274,T,TGT,F,100,88.4
2025-10-10,9:40:45.127460209,T,TGT,F,100,88.4
2025-10-10,9:40:45.147836741,T,TGT,,100,88.395
2025-10-10,9:40:45.207231259,T,TGT,I,1,88.39
2025-10-10,9:40:45.207255329,T,TGT,F I,29,88.39
2025-10-10,9:40:45.207255329,T,TGT,F,200,88.39
2025-10-10,9:40:45.207261382,T,TGT,F,190,88.39
2025-10-10,9:40:45.207261382,T,TGT,F I,54,88.39
2025-10-10,9:40:45.207276409,T,TGT,I,1,88.39
2025-10-10,9:40:45.207282594,T,TGT,F,100,88.39
2025-10-10,9:40:45.207292057,T,TGT,,1455,88.39
2025-10-10,9:40:45.207292057,T,TGT,I,26,88.39
2025-10-10,9:40:45.207294461,T,TGT,I,2,88.39
2025-10-10,9:40:45.207297388,T,TGT,,100,88.39
2025-10-10,9:40:46.269785611,T,TGT,I,13,88.38
2025-10-10,9:40:46.269824752,T,TGT,I,41,88.38
2025-10-10,9:40:46.270239710,T,TGT,,100,88.37
2025-10-10,9:40:46.985165913,T,TGT,F I,1,88.35
2025-10-10,9:40:46.985165913,T,TGT,F I,1,88.35
2025-10-10,9:40:46.985427522,T,TGT,F I,8,88.35
2025-10-10,9:40:46.985431551,T,TGT,F I,3,88.35
2025-10-10,9:40:46.985431551,T,TGT,F I,25,88.35
2025-10-10,9:40:46.985433540,T,TGT,F I,1,88.35
2025-10-10,9:40:46.991781740,T,TGT,F,100,88.34
2025-10-10,9:40:48.699387908,T,TGT,I,6,88.34
2025-10-10,9:40:48.906112320,T,TGT,F I,5,88.35
2025-10-10,9:40:48.906115265,T,TGT,F I,95,88.35
2025-10-10,9:40:48.906130306,T,TGT,F I,5,88.35
2025-10-10,9:40:49.661737426,T,TGT,I,1,88.35
2025-10-10,9:40:54.673344984,T,TGT,F,100,88.36
2025-10-10,9:40:55.940041348,T,TGT,F I,2,88.33
2025-10-10,9:40:55.940084214,T,TGT,F,197,88.33
2025-10-10,9:40:55.940088974,T,TGT,F I,95,88.33
2025-10-10,9:40:55.940088974,T,TGT,F,100,88.33
2025-10-10,9:40:55.940771432,T,TGT,F I,1,88.31
2025-10-10,9:40:55.940774559,T,TGT,F I,22,88.31
2025-10-10,9:40:55.940774559,T,TGT,F I,35,88.31
2025-10-10,9:40:55.940778080,T,TGT,F I,1,88.3
2025-10-10,9:40:55.940778080,T,TGT,F I,5,88.3
2025-10-10,9:40:55.940783451,T,TGT,F I,2,88.3
2025-10-10,9:40:55.940783451,T,TGT,F I,25,88.3
2025-10-10,9:40:55.940786378,T,TGT,F I,20,88.3
2025-10-10,9:40:55.940786378,T,TGT,F I,1,88.3
2025-10-10,9:40:55.940900662,T,TGT,I,13,88.3
2025-10-10,9:40:55.940922099,T,TGT,F I,45,88.3
2025-10-10,9:40:55.940924890,T,TGT,F I,42,88.3
2025-10-10,9:40:55.940924890,T,TGT,F I,45,88.3
2025-10-10,9:40:55.941559325,T,TGT,F I,1,88.29
2025-10-10,9:40:55.941580268,T,TGT,I,1,88.29
2025-10-10,9:40:55.941589338,T,TGT,F I,1,88.29
2025-10-10,9:40:55.941631388,T,TGT,F I,1,88.29
2025-10-10,9:40:56.140576431,T,TGT,F,100,88.28
2025-10-10,9:40:56.140696667,T,TGT,F I,11,88.27
2025-10-10,9:40:56.140708751,T,TGT,I,12,88.29
2025-10-10,9:40:56.140724546,T,TGT,F I,19,88.27
2025-10-10,9:40:56.140724546,T,TGT,F I,30,88.27
2025-10-10,9:40:56.140961277,T,TGT,I,12,88.27
2025-10-10,9:40:56.165021785,T,TGT,F I,1,88.26
2025-10-10,9:40:56.165025320,T,TGT,F I,5,88.26
2025-10-10,9:40:56.165268204,T,TGT,F I,4,88.25
2025-10-10,9:40:56.165268204,T,TGT,F I,1,88.25
2025-10-10,9:40:56.165271232,T,TGT,F I,1,88.25
2025-10-10,9:40:56.165274258,T,TGT,F I,75,88.25
2025-10-10,9:40:56.165277336,T,TGT,F,500,88.25
2025-10-10,9:40:56.165280196,T,TGT,F,1500,88.25
2025-10-10,9:40:56.165280196,T,TGT,F,500,88.25
2025-10-10,9:40:56.165283310,T,TGT,F,100,88.25
2025-10-10,9:40:56.165972485,T,TGT,F,100,88.25
2025-10-10,9:40:56.166140292,T,TGT,,100,88.24
2025-10-10,9:40:56.166158285,T,TGT,F,100,88.24
2025-10-10,9:40:56.428521473,T,TGT,I,25,88.23
2025-10-10,9:40:56.428557456,T,TGT,I,71,88.235
2025-10-10,9:40:56.435681486,T,TGT,I,6,88.22
2025-10-10,9:40:56.458184060,T,TGT,F I,30,88.22
2025-10-10,9:40:58.443462849,T,TGT,F I,30,88.23
2025-10-10,9:40:58.443465835,T,TGT,F I,10,88.23
2025-10-10,9:40:58.443465835,T,TGT,F I,1,88.23
2025-10-10,9:40:58.447194981,T,TGT,F,255,88.225
2025-10-10,9:40:58.447194981,T,TGT,F I,25,88.22
2025-10-10,9:40:58.447197615,T,TGT,F,100,88.22
2025-10-10,9:40:58.459241314,T,TGT,,100,88.22
2025-10-10,9:40:58.699417434,T,TGT,I,5,88.22
2025-10-10,9:41:00.398230624,T,TGT,F I,25,88.23
2025-10-10,9:41:00.586238489,T,TGT,F,100,88.24
2025-10-10,9:41:00.586241585,T,TGT,F I,2,88.24
2025-10-10,9:41:00.587366698,T,TGT,F I,10,88.25
2025-10-10,9:41:01.388546947,T,TGT,,100,88.25
2025-10-10,9:41:01.388604713,T,TGT,,100,88.25
2025-10-10,9:41:01.388610014,T,TGT,I,60,88.24
2025-10-10,9:41:01.388997987,T,TGT,I,40,88.24
2025-10-10,9:41:03.409454968,T,TGT,I,12,88.25
2025-10-10,9:41:03.409457648,T,TGT,I,12,88.25
2025-10-10,9:41:03.409460736,T,TGT,I,15,88.25
2025-10-10,9:41:03.409460736,T,TGT,I,3,88.25
2025-10-10,9:41:03.491574475,T,TGT,F I,1,88.29
2025-10-10,9:41:03.491625715,T,TGT,F,227,88.3
2025-10-10,9:41:03.491628132,T,TGT,F I,23,88.3
2025-10-10,9:41:03.491649435,T,TGT,F I,77,88.3
2025-10-10,9:41:03.491649435,T,TGT,F,100,88.3
2025-10-10,9:41:06.807059658,T,TGT,F,100,88.31
2025-10-10,9:41:09.975915910,T,TGT,F I,7,88.3
2025-10-10,9:41:09.977410477,T,TGT,,100,88.29
2025-10-10,9:41:09.977434910,T,TGT,I,1,88.29
2025-10-10,9:41:09.977440526,T,TGT,F I,49,88.29
2025-10-10,9:41:09.977440526,T,TGT,F I,10,88.29
2025-10-10,9:41:09.977443501,T,TGT,F I,8,88.29
2025-10-10,9:41:09.977446470,T,TGT,F,100,88.29
2025-10-10,9:41:10.042936565,T,TGT,I,11,88.28
2025-10-10,9:41:11.178460083,T,TGT,F I,6,88.26
2025-10-10,9:41:11.178478223,T,TGT,F I,2,88.26
2025-10-10,9:41:11.178484276,T,TGT,F I,92,88.26
2025-10-10,9:41:11.178487052,T,TGT,F I,47,88.26
2025-10-10,9:41:11.178490031,T,TGT,F I,8,88.26
2025-10-10,9:41:11.178490031,T,TGT,F I,50,88.26
2025-10-10,9:41:11.178522873,T,TGT,I,44,88.27
2025-10-10,9:41:11.178766676,T,TGT,F I,44,88.26
2025-10-10,9:41:11.977382148,T,TGT,I,2,88.27
2025-10-10,9:41:11.977385137,T,TGT,I,98,88.27
2025-10-10,9:41:11.977484650,T,TGT,,157,88.27
2025-10-10,9:41:11.977484650,T,TGT,I,20,88.28
2025-10-10,9:41:11.977484650,T,TGT,I,50,88.28
2025-10-10,9:41:11.977490391,T,TGT,,100,88.28
2025-10-10,9:41:11.977490391,T,TGT,,100,88.28
2025-10-10,9:41:11.978130861,T,TGT,F I,27,88.27
2025-10-10,9:41:11.978130861,T,TGT,F,100,88.27
2025-10-10,9:41:12.503356056,T,TGT,I,3,88.245
2025-10-10,9:41:14.086053642,T,TGT,I,7,88.25
2025-10-10,9:41:16.147888680,T,TGT,,100,88.24
2025-10-10,9:41:16.147921669,T,TGT,I,7,88.24
2025-10-10,9:41:16.147924754,T,TGT,I,20,88.24
2025-10-10,9:41:16.147945718,T,TGT,I,1,88.24
2025-10-10,9:41:18.288766885,T,TGT,F I,4,88.24
2025-10-10,9:41:18.288980376,T,TGT,I,33,88.24
2025-10-10,9:41:18.296255565,T,TGT,I,56,88.24
2025-10-10,9:41:18.296255565,T,TGT,I,42,88.24
2025-10-10,9:41:18.296257934,T,TGT,I,2,88.24
2025-10-10,9:41:18.296260711,T,TGT,I,5,88.24
2025-10-10,9:41:18.309011440,T,TGT,F I,3,88.24
2025-10-10,9:41:18.309014117,T,TGT,F I,33,88.24
2025-10-10,9:41:18.309014117,T,TGT,F I,2,88.24
2025-10-10,9:41:18.312129904,T,TGT,F I,2,88.25
2025-10-10,9:41:18.312129904,T,TGT,F I,33,88.25
2025-10-10,9:41:18.701403890,T,TGT,I,7,88.245
2025-10-10,9:41:19.077284482,T,TGT,F,100,88.25
2025-10-10,9:41:19.536740179,T,TGT,F I,2,88.26
2025-10-10,9:41:19.536740179,T,TGT,F I,5,88.26
2025-10-10,9:41:19.536743017,T,TGT,F I,33,88.26
2025-10-10,9:41:19.539188456,T,TGT,F I,2,88.27
2025-10-10,9:41:19.539188456,T,TGT,F I,3,88.27
2025-10-10,9:41:19.539190789,T,TGT,F I,33,88.27
2025-10-10,9:41:19.539215333,T,TGT,I,35,88.27
2025-10-10,9:41:20.263721936,T,TGT,F I,33,88.24
2025-10-10,9:41:20.522079387,T,TGT,I,33,88.24
2025-10-10,9:41:20.522515460,T,TGT,I,2,88.22
2025-10-10,9:41:20.522519298,T,TGT,,150,88.22
2025-10-10,9:41:20.522519298,T,TGT,I,5,88.22
2025-10-10,9:41:20.882969141,T,TGT,F I,15,88.22
2025-10-10,9:41:21.019581608,T,TGT,F I,2,88.22
2025-10-10,9:41:21.026275504,T,TGT,F I,69,88.22
2025-10-10,9:41:21.026281532,T,TGT,F I,31,88.22
2025-10-10,9:41:21.027060418,T,TGT,F I,14,88.22
2025-10-10,9:41:21.027066452,T,TGT,F I,1,88.22
2025-10-10,9:41:21.027099561,T,TGT,F I,2,88.22
2025-10-10,9:41:26.497828680,T,TGT,F I,2,88.2
2025-10-10,9:41:26.497831698,T,TGT,F I,1,88.2
2025-10-10,9:41:26.497864700,T,TGT,I,2,88.2
2025-10-10,9:41:26.497864700,T,TGT,I,1,88.2
2025-10-10,9:41:26.497867657,T,TGT,I,1,88.2
2025-10-10,9:41:26.497870674,T,TGT,,109,88.2
2025-10-10,9:41:26.497874142,T,TGT,I,10,88.2
2025-10-10,9:41:26.497874142,T,TGT,I,24,88.2
2025-10-10,9:41:26.497876762,T,TGT,I,5,88.2
2025-10-10,9:41:26.497876762,T,TGT,I,8,88.2
2025-10-10,9:41:26.499509629,T,TGT,F I,2,88.18
2025-10-10,9:41:26.698226223,T,TGT,F I,50,88.17
2025-10-10,9:41:26.698439498,T,TGT,F I,3,88.16
2025-10-10,9:41:26.698914810,T,TGT,F I,20,88.15
2025-10-10,9:41:26.698914810,T,TGT,F I,50,88.15
2025-10-10,9:41:26.699407814,T,TGT,F I,3,88.14
2025-10-10,9:41:26.699407814,T,TGT,F I,48,88.14
2025-10-10,9:41:26.699498087,T,TGT,F I,93,88.14
2025-10-10,9:41:26.802105530,T,TGT,F I,27,88.16
2025-10-10,9:41:26.802108517,T,TGT,F,100,88.16
2025-10-10,9:41:26.802111535,T,TGT,F I,2,88.16
2025-10-10,9:41:26.802111535,T,TGT,F,100,88.16
2025-10-10,9:41:27.342769507,T,TGT,F I,29,88.17
2025-10-10,9:41:27.535934714,T,TGT,,100,88.185
2025-10-10,9:41:29.163060114,T,TGT,F,100,88.21
2025-10-10,9:41:31.577256817,T,TGT,F,100,88.24
2025-10-10,9:41:31.577259886,T,TGT,F,100,88.24
2025-10-10,9:41:31.577262812,T,TGT,F I,20,88.24
2025-10-10,9:41:31.577262812,T,TGT,F,100,88.24
2025-10-10,9:41:33.926967442,T,TGT,I,9,88.235
2025-10-10,9:41:37.221784804,T,TGT,F,140,88.24
2025-10-10,9:41:38.987014200,T,TGT,I,7,88.24
2025-10-10,9:41:43.786063165,T,TGT,F,100,88.22
2025-10-10,9:41:43.793268319,T,TGT,,100,88.22
2025-10-10,9:41:43.793268319,T,TGT,I,50,88.22
2025-10-10,9:41:44.917087697,T,TGT,,100,88.22
2025-10-10,9:41:45.081510391,T,TGT,I,50,88.23
2025-10-10,9:41:45.483135185,T,TGT,I,47,88.215
2025-10-10,9:41:45.483553145,T,TGT,,100,88.215
2025-10-10,9:41:47.409022303,T,TGT,,100,88.22
2025-10-10,9:41:47.411563328,T,TGT,,100,88.22
2025-10-10,9:41:48.436807884,T,TGT,F,100,88.24
2025-10-10,9:41:48.436810801,T,TGT,F,200,88.24
2025-10-10,9:41:50.709848055,T,TGT,,100,88.24
2025-10-10,9:41:58.999053776,T,TGT,I,10,88.22
2025-10-10,9:41:58.999053776,T,TGT,I,27,88.22
2025-10-10,9:41:58.999056796,T,TGT,,1000,88.22
2025-10-10,9:41:58.999071975,T,TGT,I,8,88.22
2025-10-10,9:41:59.092573545,T,TGT,F,100,88.21
2025-10-10,9:41:59.093165960,T,TGT,F I,1,88.22
2025-10-10,9:41:59.093169741,T,TGT,F I,4,88.22
2025-10-10,9:41:59.093169741,T,TGT,F I,1,88.22
2025-10-10,9:41:59.093190003,T,TGT,F I,52,88.22
2025-10-10,9:41:59.094251546,T,TGT,F I,40,88.24
2025-10-10,9:41:59.094251546,T,TGT,F,100,88.24
2025-10-10,9:41:59.094272646,T,TGT,F,100,88.24
2025-10-10,9:42:00.452145543,T,TGT,F,100,88.25
2025-10-10,9:42:02.833771401,T,TGT,,100,88.25
2025-10-10,9:42:03.048732442,T,TGT,F,100,88.27
2025-10-10,9:42:03.048735551,T,TGT,F I,5,88.27
2025-10-10,9:42:03.048753779,T,TGT,I,16,88.27
2025-10-10,9:42:03.048756522,T,TGT,I,1,88.27
2025-10-10,9:42:03.048774630,T,TGT,F I,83,88.27
2025-10-10,9:42:03.057982539,T,TGT,,100,88.27
2025-10-10,9:42:03.057985576,T,TGT,,100,88.27
2025-10-10,9:42:03.665399597,T,TGT,I,48,88.27
2025-10-10,9:42:03.842025648,T,TGT,I,1,88.25
2025-10-10,9:42:03.842046820,T,TGT,I,1,88.25
2025-10-10,9:42:03.842049686,T,TGT,F,598,88.25
2025-10-10,9:42:03.842052384,T,TGT,F I,48,88.25
2025-10-10,9:42:05.795220591,T,TGT,F,100,88.25
2025-10-10,9:42:05.795220591,T,TGT,F,100,88.25
2025-10-10,9:42:05.795223617,T,TGT,F,100,88.25
2025-10-10,9:42:05.795223617,T,TGT,F,100,88.25
2025-10-10,9:42:07.402976724,T,TGT,F,100,88.25
2025-10-10,9:42:07.402979737,T,TGT,F,147,88.25
2025-10-10,9:42:07.402997786,T,TGT,F I,53,88.25
2025-10-10,9:42:07.408079904,T,TGT,F,100,88.26
2025-10-10,9:42:08.376149228,T,TGT,F I,91,88.275
2025-10-10,9:42:08.651434123,T,TGT,F I,2,88.275
2025-10-10,9:42:10.187225807,T,TGT,I,7,88.275
2025-10-10,9:42:10.187237811,T,TGT,F,200,88.29
2025-10-10,9:42:10.187240815,T,TGT,F,100,88.29
2025-10-10,9:42:11.156029004,T,TGT,F I,4,88.3
2025-10-10,9:42:11.156043881,T,TGT,F I,2,88.3
2025-10-10,9:42:11.156056368,T,TGT,F I,19,88.3
2025-10-10,9:42:14.318422755,T,TGT,I,1,88.32
2025-10-10,9:42:18.222467565,T,TGT,F I,44,88.3
2025-10-10,9:42:18.222476748,T,TGT,F,100,88.3
2025-10-10,9:42:18.222476748,T,TGT,F I,69,88.3
2025-10-10,9:42:18.222491574,T,TGT,I,8,88.3
2025-10-10,9:42:21.333622421,T,TGT,F I,10,88.32
2025-10-10,9:42:21.837977895,T,TGT,F,100,88.33
2025-10-10,9:42:22.148584925,T,TGT,I,1,88.33
2025-10-10,9:42:22.148602981,T,TGT,I,1,88.33
2025-10-10,9:42:25.730003112,T,TGT,F,100,88.36
2025-10-10,9:42:25.730048310,T,TGT,F,100,88.36
2025-10-10,9:42:25.877110567,T,TGT,F I,50,88.37
2025-10-10,9:42:25.877131583,T,TGT,I,90,88.37
2025-10-10,9:42:25.877137631,T,TGT,F,102,88.37
2025-10-10,9:42:25.877137631,T,TGT,F I,1,88.37
2025-10-10,9:42:25.877748062,T,TGT,F,157,88.37
2025-10-10,9:42:25.877754030,T,TGT,F I,41,88.37
2025-10-10,9:42:31.020276090,T,TGT,F I,21,88.35
2025-10-10,9:42:31.020276090,T,TGT,F I,17,88.35
2025-10-10,9:42:31.020281272,T,TGT,F I,7,88.35
2025-10-10,9:42:31.020281272,T,TGT,F I,69,88.35
2025-10-10,9:42:35.216060287,T,TGT,,200,88.37
2025-10-10,9:42:35.216060287,T,TGT,I,5,88.37
2025-10-10,9:42:35.216198379,T,TGT,F I,1,88.38
2025-10-10,9:42:35.217605812,T,TGT,I,13,88.38
2025-10-10,9:42:35.230362211,T,TGT,F,100,88.38
2025-10-10,9:42:35.230416247,T,TGT,F I,27,88.38
2025-10-10,9:42:36.061710795,T,TGT,,100,88.385
2025-10-10,9:42:36.108568373,T,TGT,F,100,88.4
2025-10-10,9:42:42.791689874,T,TGT,F I,4,88.36
2025-10-10,9:42:42.791710855,T,TGT,I,1,88.36
2025-10-10,9:42:42.791756478,T,TGT,I,11,88.36
2025-10-10,9:42:42.791759002,T,TGT,I,17,88.36
2025-10-10,9:42:56.339487198,T,TGT,F I,1,88.35
2025-10-10,9:42:56.360390001,T,TGT,I,14,88.34
2025-10-10,9:42:56.362937149,T,TGT,,100,88.34
2025-10-10,9:42:57.265339028,T,TGT,F,100,88.34
2025-10-10,9:42:57.873333468,T,TGT,F I,45,88.36
2025-10-10,9:42:57.873336682,T,TGT,F I,5,88.36
2025-10-10,9:42:57.873339976,T,TGT,F I,2,88.36
2025-10-10,9:42:57.873339976,T,TGT,F I,11,88.36
2025-10-10,9:42:57.873354388,T,TGT,F,189,88.36
2025-10-10,9:42:57.873961839,T,TGT,F I,10,88.38
2025-10-10,9:42:57.873961839,T,TGT,F,267,88.38
2025-10-10,9:42:57.873985950,T,TGT,F I,36,88.38
2025-10-10,9:42:59.218416822,T,TGT,I,1,88.37
2025-10-10,9:42:59.247730679,T,TGT,I,44,88.37
2025-10-10,9:43:01.207114906,T,TGT,I,10,88.34
2025-10-10,9:43:01.207114906,T,TGT,I,12,88.34
2025-10-10,9:43:02.675981855,T,TGT,I,13,88.335
2025-10-10,9:43:02.675999870,T,TGT,I,2,88.33
2025-10-10,9:43:04.025771667,T,TGT,,100,88.335
2025-10-10,9:43:11.562471049,T,TGT,F I,86,88.35
2025-10-10,9:43:11.562474546,T,TGT,F,114,88.35
2025-10-10,9:43:11.562476435,T,TGT,F I,5,88.35
2025-10-10,9:43:12.611492504,T,TGT,F,100,88.35
2025-10-10,9:43:14.236037756,T,TGT,I,10,88.35
2025-10-10,9:43:14.238431412,T,TGT,F I,11,88.35
2025-10-10,9:43:14.740727098,T,TGT,,100,88.345
2025-10-10,9:43:15.089395714,T,TGT,F I,50,88.33
2025-10-10,9:43:16.680209574,T,TGT,F I,33,88.32
2025-10-10,9:43:16.680212716,T,TGT,F I,29,88.32
2025-10-10,9:43:16.680212716,T,TGT,F,200,88.32
2025-10-10,9:43:16.680564491,T,TGT,I,1,88.31
2025-10-10,9:43:16.680582514,T,TGT,I,20,88.3
2025-10-10,9:43:16.680582514,T,TGT,I,1,88.3
2025-10-10,9:43:16.680586552,T,TGT,I,2,88.3
2025-10-10,9:43:16.680586552,T,TGT,I,2,88.3
2025-10-10,9:43:16.680588523,T,TGT,I,1,88.3
2025-10-10,9:43:16.681045633,T,TGT,,100,88.31
2025-10-10,9:43:16.681045633,T,TGT,I,29,88.31
2025-10-10,9:43:20.804097089,T,TGT,I,1,88.31
2025-10-10,9:43:20.804102297,T,TGT,I,29,88.31
2025-10-10,9:43:20.804102297,T,TGT,I,18,88.31
2025-10-10,9:43:20.878163138,T,TGT,I,20,88.3
2025-10-10,9:43:20.888035252,T,TGT,,100,88.29
2025-10-10,9:43:20.901501321,T,TGT,,100,88.29
2025-10-10,9:43:20.977784113,T,TGT,I,47,88.29
2025-10-10,9:43:21.059245170,T,TGT,F I,28,88.3
2025-10-10,9:43:21.059245170,T,TGT,F I,5,88.3
2025-10-10,9:43:22.114371837,T,TGT,F I,2,88.31
2025-10-10,9:43:22.114371837,T,TGT,F I,56,88.31
2025-10-10,9:43:22.114393208,T,TGT,F,226,88.31
2025-10-10,9:43:22.114468090,T,TGT,,100,88.3
2025-10-10,9:43:22.187879315,T,TGT,I,58,88.33
2025-10-10,9:43:22.187882017,T,TGT,,100,88.33
2025-10-10,9:43:22.688986842,T,TGT,I,20,88.34
2025-10-10,9:43:22.689007926,T,TGT,F,183,88.35
2025-10-10,9:43:22.689013853,T,TGT,F I,98,88.35
2025-10-10,9:43:22.689013853,T,TGT,F,250,88.35
2025-10-10,9:43:22.689029087,T,TGT,I,1,88.35
2025-10-10,9:43:22.689425886,T,TGT,F I,4,88.35
2025-10-10,9:43:22.689449969,T,TGT,I,1,88.35
2025-10-10,9:43:24.043960927,T,TGT,F I,62,88.35
2025-10-10,9:43:24.043969906,T,TGT,F,281,88.35
2025-10-10,9:43:25.113651245,T,TGT,I,16,88.34
2025-10-10,9:43:26.476329726,T,TGT,F,100,88.34
2025-10-10,9:43:30.707138920,T,TGT,I,13,88.37
2025-10-10,9:43:31.099203938,T,TGT,F I,4,88.36
2025-10-10,9:43:31.099246043,T,TGT,I,28,88.35
2025-10-10,9:43:31.311693125,T,TGT,,100,88.345
2025-10-10,9:43:36.528064706,T,TGT,,100,88.345
2025-10-10,9:43:38.021731707,T,TGT,F I,2,88.35
2025-10-10,9:43:38.021734564,T,TGT,F I,2,88.36
2025-10-10,9:43:38.021738262,T,TGT,F I,34,88.36
2025-10-10,9:43:38.021738262,T,TGT,F,456,88.36
2025-10-10,9:43:38.021741056,T,TGT,F I,2,88.36
2025-10-10,9:43:38.021743604,T,TGT,F,100,88.36
2025-10-10,9:43:38.661334320,T,TGT,F I,11,88.36
2025-10-10,9:43:44.021511097,T,TGT,F I,50,88.34
2025-10-10,9:43:44.021523260,T,TGT,F I,17,88.34
2025-10-10,9:43:44.021523260,T,TGT,F I,10,88.34
2025-10-10,9:43:44.021532187,T,TGT,I,1,88.34
2025-10-10,9:43:45.932449646,T,TGT,F,100,88.33
2025-10-10,9:43:45.932452661,T,TGT,F,800,88.33
2025-10-10,9:43:45.933060092,T,TGT,I,2,88.32
2025-10-10,9:43:45.933060092,T,TGT,I,10,88.32
2025-10-10,9:43:46.547198949,T,TGT,F I,2,88.33
2025-10-10,9:43:46.557193988,T,TGT,,100,88.34
2025-10-10,9:43:52.999781513,T,TGT,F I,5,88.31
2025-10-10,9:43:52.999781513,T,TGT,F I,25,88.31
2025-10-10,9:43:53.938996981,T,TGT,I,18,88.28
2025-10-10,9:43:55.027861156,T,TGT,I,1,88.27
2025-10-10,9:43:55.027864062,T,TGT,I,16,88.27
2025-10-10,9:44:01.768010961,T,TGT,F I,10,88.26
2025-10-10,9:44:01.768014934,T,TGT,F I,18,88.26
2025-10-10,9:44:01.768016575,T,TGT,F I,1,88.26
2025-10-10,9:44:01.768506663,T,TGT,F I,1,88.25
2025-10-10,9:44:01.768509680,T,TGT,F I,1,88.25
2025-10-10,9:44:01.768509680,T,TGT,F I,5,88.25
2025-10-10,9:44:01.768750431,T,TGT,I,27,88.26
2025-10-10,9:44:01.768750431,T,TGT,I,31,88.26
2025-10-10,9:44:01.768753431,T,TGT,I,46,88.26
2025-10-10,9:44:01.768756417,T,TGT,I,18,88.26
2025-10-10,9:44:01.768756417,T,TGT,I,75,88.26
2025-10-10,9:44:01.768777287,T,TGT,I,1,88.26
2025-10-10,9:44:01.768780389,T,TGT,I,4,88.25
2025-10-10,9:44:02.102178805,T,TGT,I,4,88.26
2025-10-10,9:44:02.102178805,T,TGT,I,43,88.26
2025-10-10,9:44:02.102181660,T,TGT,I,53,88.26
2025-10-10,9:44:02.103201289,T,TGT,I,27,88.26
2025-10-10,9:44:02.103201289,T,TGT,I,56,88.26
2025-10-10,9:44:02.103207028,T,TGT,I,17,88.26
2025-10-10,9:44:02.103222063,T,TGT,F I,39,88.26
2025-10-10,9:44:02.103228080,T,TGT,F,104,88.26
2025-10-10,9:44:02.103297338,T,TGT,F I,11,88.26
2025-10-10,9:44:02.104355856,T,TGT,I,10,88.26
2025-10-10,9:44:03.833210560,T,TGT,,100,88.26
2025-10-10,9:44:06.766993743,T,TGT,F I,15,88.25
2025-10-10,9:44:11.430816653,T,TGT,I,1,88.24
2025-10-10,9:44:11.430840638,T,TGT,F I,39,88.24
2025-10-10,9:44:11.430840638,T,TGT,F I,10,88.24
2025-10-10,9:44:11.430844043,T,TGT,F I,13,88.24
2025-10-10,9:44:11.430862447,T,TGT,I,28,88.24
2025-10-10,9:44:11.627824970,T,TGT,,100,88.24
2025-10-10,9:44:11.627888071,T,TGT,F,100,88.24
2025-10-10,9:44:14.992754300,T,TGT,F I,4,88.25
2025-10-10,9:44:14.993405164,T,TGT,,100,88.25
2025-10-10,9:44:14.993406855,T,TGT,I,16,88.25
2025-10-10,9:44:14.993445968,T,TGT,I,6,88.26
2025-10-10,9:44:14.993452054,T,TGT,,200,88.26
2025-10-10,9:44:14.993452054,T,TGT,I,21,88.26
2025-10-10,9:44:14.993452054,T,TGT,I,20,88.26
2025-10-10,9:44:14.993921136,T,TGT,,100,88.26
2025-10-10,9:44:15.641183073,T,TGT,I,1,88.26
2025-10-10,9:44:15.972783590,T,TGT,F,100,88.27
2025-10-10,9:44:15.972786137,T,TGT,F I,27,88.27
2025-10-10,9:44:16.022656857,T,TGT,I,16,88.27
2025-10-10,9:44:16.022656857,T,TGT,I,10,88.27
2025-10-10,9:44:16.030779471,T,TGT,I,12,88.26
2025-10-10,9:44:16.030782234,T,TGT,F I,59,88.26
2025-10-10,9:44:16.030788335,T,TGT,F I,3,88.26
2025-10-10,9:44:16.030788335,T,TGT,F I,67,88.27
2025-10-10,9:44:16.030794244,T,TGT,I,3,88.27
2025-10-10,9:44:16.030815340,T,TGT,I,1,88.26
2025-10-10,9:44:18.470320022,T,TGT,I,12,88.28
2025-10-10,9:44:18.470323490,T,TGT,,100,88.28
2025-10-10,9:44:18.470323490,T,TGT,I,12,88.28
2025-10-10,9:44:18.470326782,T,TGT,F,100,88.28
2025-10-10,9:44:18.470326782,T,TGT,F I,24,88.28
2025-10-10,9:44:18.470329114,T,TGT,F I,76,88.28
2025-10-10,9:44:18.471186101,T,TGT,I,39,88.29
2025-10-10,9:44:19.319591457,T,TGT,F I,22,88.3
2025-10-10,9:44:19.320295008,T,TGT,,140,88.31
2025-10-10,9:44:19.320466373,T,TGT,F I,43,88.31
2025-10-10,9:44:19.320496501,T,TGT,F I,6,88.31
2025-10-10,9:44:19.320520474,T,TGT,I,2,88.32
2025-10-10,9:44:19.320520474,T,TGT,,206,88.32
2025-10-10,9:44:19.320523597,T,TGT,I,7,88.32
2025-10-10,9:44:19.320526564,T,TGT,,100,88.32
2025-10-10,9:44:20.417287451,T,TGT,I,48,88.33
2025-10-10,9:44:25.899055780,T,TGT,F I,9,88.31
2025-10-10,9:44:37.746013257,T,TGT,F,100,88.3
2025-10-10,9:44:37.862469105,T,TGT,F,100,88.31
2025-10-10,9:44:37.862469105,T,TGT,F I,2,88.3
2025-10-10,9:44:37.862471797,T,TGT,F,100,88.3
2025-10-10,9:44:40.561239180,T,TGT,I,12,88.32
2025-10-10,9:44:40.561242115,T,TGT,I,2,88.32
2025-10-10,9:44:40.577083910,T,TGT,F,100,88.325
2025-10-10,9:44:43.432347140,T,TGT,,100,88.325
2025-10-10,9:44:45.940276884,T,TGT,F I,10,88.34
2025-10-10,9:44:45.940364063,T,TGT,F,100,88.35
2025-10-10,9:44:45.940370092,T,TGT,F I,5,88.35
2025-10-10,9:44:45.940370092,T,TGT,F I,1,88.35
2025-10-10,9:44:45.941181961,T,TGT,,100,88.35
2025-10-10,9:44:45.949130034,T,TGT,F,100,88.36
2025-10-10,9:44:45.949134086,T,TGT,F I,25,88.36
2025-10-10,9:44:45.949134086,T,TGT,,175,88.36
2025-10-10,9:44:45.949147973,T,TGT,F I,1,88.35
2025-10-10,9:44:45.949184186,T,TGT,I,45,88.36
2025-10-10,9:44:45.949187285,T,TGT,I,80,88.36
2025-10-10,9:44:45.949187285,T,TGT,I,9,88.35
2025-10-10,9:44:45.949385882,T,TGT,F I,20,88.38
2025-10-10,9:44:45.949388547,T,TGT,F I,20,88.38
2025-10-10,9:44:45.949388547,T,TGT,F I,8,88.38
2025-10-10,9:44:45.949506271,T,TGT,I,51,88.37
2025-10-10,9:44:45.949734339,T,TGT,I,50,88.38
2025-10-10,9:44:45.949734339,T,TGT,F I,10,88.38
2025-10-10,9:44:45.949986968,T,TGT,F,100,88.38
2025-10-10,9:44:45.950014073,T,TGT,,100,88.38
2025-10-10,9:44:45.956952172,T,TGT,F I,50,88.37
2025-10-10,9:44:45.956955218,T,TGT,F I,42,88.37
2025-10-10,9:44:45.956958506,T,TGT,F I,14,88.37
2025-10-10,9:44:45.956958506,T,TGT,F I,44,88.37
2025-10-10,9:44:45.957219687,T,TGT,,100,88.38
2025-10-10,9:44:45.957223217,T,TGT,I,19,88.38
2025-10-10,9:44:45.957223217,T,TGT,,100,88.38
2025-10-10,9:44:45.957225658,T,TGT,I,25,88.38
2025-10-10,9:44:45.957225658,T,TGT,I,60,88.38
2025-10-10,9:44:45.958115653,T,TGT,F,200,88.37
2025-10-10,9:44:45.958115653,T,TGT,F,100,88.37
2025-10-10,9:44:45.958118959,T,TGT,F I,2,88.37
2025-10-10,9:44:45.958121583,T,TGT,F,198,88.37
2025-10-10,9:44:45.958124864,T,TGT,F I,3,88.37
2025-10-10,9:44:45.958124864,T,TGT,F,197,88.37
2025-10-10,9:44:45.958127513,T,TGT,F,200,88.37
2025-10-10,9:44:45.958130974,T,TGT,F I,25,88.37
2025-10-10,9:44:45.958130974,T,TGT,F I,60,88.37
2025-10-10,9:44:45.958134606,T,TGT,F,100,88.37
2025-10-10,9:44:45.958134606,T,TGT,F I,25,88.37
2025-10-10,9:44:45.958139630,T,TGT,F I,7,88.37
2025-10-10,9:44:45.958139630,T,TGT,F I,19,88.37
2025-10-10,9:44:45.958143462,T,TGT,F,138,88.37
2025-10-10,9:44:45.958143462,T,TGT,I,15,88.38
2025-10-10,9:44:45.958146010,T,TGT,F,107,88.37
2025-10-10,9:44:45.958146010,T,TGT,F I,18,88.37
2025-10-10,9:44:45.958148428,T,TGT,F I,58,88.37
2025-10-10,9:44:45.958157651,T,TGT,F I,51,88.37
2025-10-10,9:44:45.958172431,T,TGT,F I,49,88.37
2025-10-10,9:44:45.958250626,T,TGT,,100,88.38
2025-10-10,9:44:45.958253717,T,TGT,I,60,88.38
2025-10-10,9:44:45.958615228,T,TGT,I,99,88.38
2025-10-10,9:44:45.958617927,T,TGT,I,37,88.38
2025-10-10,9:44:45.958620516,T,TGT,I,1,88.38
2025-10-10,9:44:45.958719757,T,TGT,F I,10,88.39
2025-10-10,9:44:45.966006940,T,TGT,F I,19,88.38
2025-10-10,9:44:45.966006940,T,TGT,F I,51,88.38
2025-10-10,9:44:45.966012118,T,TGT,F I,10,88.38
2025-10-10,9:44:45.966012118,T,TGT,F I,37,88.38
2025-10-10,9:44:45.966015507,T,TGT,F I,43,88.38
2025-10-10,9:44:45.966015507,T,TGT,F I,57,88.38
2025-10-10,9:44:45.966018608,T,TGT,F I,1,88.38
2025-10-10,9:44:45.966018608,T,TGT,F I,1,88.38
2025-10-10,9:44:45.966021439,T,TGT,F I,1,88.38
2025-10-10,9:44:45.966021439,T,TGT,F I,85,88.38
2025-10-10,9:44:45.966030609,T,TGT,F I,9,88.38
2025-10-10,9:44:45.966511408,T,TGT,F I,19,88.37
2025-10-10,9:44:46.661043517,T,TGT,F I,50,88.36
2025-10-10,9:44:46.661052005,T,TGT,F I,50,88.36
2025-10-10,9:44:46.661070009,T,TGT,I,19,88.37
2025-10-10,9:44:46.661073904,T,TGT,,100,88.37
2025-10-10,9:44:46.661073904,T,TGT,I,19,88.38
2025-10-10,9:44:46.661076170,T,TGT,I,32,88.38
2025-10-10,9:44:46.661079013,T,TGT,I,4,88.38
2025-10-10,9:44:46.661092144,T,TGT,I,1,88.37
2025-10-10,9:44:46.661115446,T,TGT,I,19,88.37
2025-10-10,9:44:46.661118741,T,TGT,I,21,88.38
2025-10-10,9:44:46.661121971,T,TGT,I,2,88.38
2025-10-10,9:44:46.661121971,T,TGT,,100,88.38
2025-10-10,9:44:46.661172234,T,TGT,I,2,88.37
2025-10-10,9:44:46.661266177,T,TGT,F I,50,88.37
2025-10-10,9:44:46.661286587,T,TGT,I,1,88.37
2025-10-10,9:44:46.661866905,T,TGT,,200,88.38
2025-10-10,9:44:46.961777448,T,TGT,F,100,88.38
2025-10-10,9:44:47.191208986,T,TGT,I,17,88.38
2025-10-10,9:44:47.191208986,T,TGT,I,10,88.38
2025-10-10,9:44:51.362753043,T,TGT,F,100,88.39
2025-10-10,9:44:51.362768121,T,TGT,I,1,88.39
2025-10-10,9:44:51.363107847,T,TGT,I,13,88.39
2025-10-10,9:44:51.363303381,T,TGT,F I,45,88.38
2025-10-10,9:44:51.363324653,T,TGT,F I,25,88.38
2025-10-10,9:44:51.363327670,T,TGT,F I,19,88.38
2025-10-10,9:44:55.122487091,T,TGT,,100,88.36
2025-10-10,9:44:55.122505047,T,TGT,I,1,88.36
2025-10-10,9:44:55.122508259,T,TGT,F I,7,88.36
2025-10-10,9:44:55.122508259,T,TGT,F I,1,88.36
