DATE,TIME_M,EX,SYM_ROOT,TR_SCOND,SIZE,PRICE
2025-12-16,9:30:00.811963856,T,TGT,I,1,97.94
2025-12-16,9:30:00.812502144,T,TGT,Q,1,97.94
2025-12-16,9:30:01.157559164,T,TGT,I,19,97.92
2025-12-16,9:30:01.754288732,T,TGT,I,19,97.94
2025-12-16,9:30:01.754315859,T,TGT,,100,97.97
2025-12-16,9:30:01.754959361,T,TGT,F I,70,97.99
2025-12-16,9:30:01.755366094,T,TGT,F I,1,98.0
2025-12-16,9:30:01.755366094,T,TGT,F I,9,98.0
2025-12-16,9:30:01.755366094,T,TGT,F I,15,98.0
2025-12-16,9:30:01.755371314,T,TGT,F I,8,98.0
2025-12-16,9:30:01.755371314,T,TGT,F I,22,98.0
2025-12-16,9:30:01.755527741,T,TGT,F I,3,98.0
2025-12-16,9:30:01.755527741,T,TGT,F I,1,98.0
2025-12-16,9:30:01.755531109,T,TGT,F,600,98.0
2025-12-16,9:30:01.755533747,T,TGT,F I,3,98.0
2025-12-16,9:30:01.755533747,T,TGT,F I,1,98.0
2025-12-16,9:30:01.755536858,T,TGT,F I,9,98.0
2025-12-16,9:30:01.755536858,T,TGT,F I,6,98.0
2025-12-16,9:30:01.755539773,T,TGT,F I,10,98.0
2025-12-16,9:30:01.755543181,T,TGT,F I,2,98.0
2025-12-16,9:30:01.755543181,T,TGT,F I,30,98.0
2025-12-16,9:30:01.755546170,T,TGT,F I,1,98.0
2025-12-16,9:30:01.755548910,T,TGT,F I,3,98.0
2025-12-16,9:30:01.755551734,T,TGT,F I,1,98.0
2025-12-16,9:30:01.757419239,T,TGT,F I,1,98.05
2025-12-16,9:30:02.037933552,T,TGT,F I,1,98.1
2025-12-16,9:30:02.102572937,T,TGT,I,21,98.08
2025-12-16,9:30:02.102572937,T,TGT,I,12,98.02
2025-12-16,9:30:02.268153151,T,TGT,F I,5,98.17
2025-12-16,9:30:02.524847763,T,TGT,I,10,98.2
2025-12-16,9:30:02.524850635,T,TGT,I,30,98.2
2025-12-16,9:30:02.524850635,T,TGT,I,4,98.2
2025-12-16,9:30:02.657180934,T,TGT,I,60,98.135
2025-12-16,9:30:05.879721152,T,TGT,F I,26,98.01
2025-12-16,9:30:05.879739213,T,TGT,F I,4,98.01
2025-12-16,9:30:07.543813544,T,TGT,I,2,98.01
2025-12-16,9:30:08.555194928,T,TGT,I,37,98.01
2025-12-16,9:30:21.311600307,T,TGT,F I,2,98.16
2025-12-16,9:30:21.312030359,T,TGT,F I,21,98.2
2025-12-16,9:30:21.312030359,T,TGT,F I,39,98.2
2025-12-16,9:30:21.312033375,T,TGT,F I,1,98.2
2025-12-16,9:30:21.312457364,T,TGT,I,61,98.17
2025-12-16,9:30:21.312505758,T,TGT,F I,7,98.17
2025-12-16,9:30:21.312514656,T,TGT,F I,2,98.17
2025-12-16,9:30:21.312514656,T,TGT,F I,1,98.17
2025-12-16,9:30:21.312562600,T,TGT,F I,11,98.16
2025-12-16,9:30:21.314102349,T,TGT,I,11,98.2
2025-12-16,9:30:21.314102349,T,TGT,I,2,98.2
2025-12-16,9:30:21.314105348,T,TGT,I,48,98.2
2025-12-16,9:30:21.314168523,T,TGT,F I,9,98.14
2025-12-16,9:30:21.314270717,T,TGT,I,10,98.17
2025-12-16,9:30:21.314297736,T,TGT,I,9,98.17
2025-12-16,9:30:21.314361625,T,TGT,F I,11,98.13
2025-12-16,9:30:21.314463110,T,TGT,I,6,98.18
2025-12-16,9:30:21.314532291,T,TGT,I,22,98.17
2025-12-16,9:30:21.314763853,T,TGT,I,18,98.17
2025-12-16,9:30:21.314902208,T,TGT,F I,11,98.13
2025-12-16,9:30:21.314905257,T,TGT,F I,9,98.13
2025-12-16,9:30:21.315693280,T,TGT,I,18,98.15
2025-12-16,9:30:21.315948655,T,TGT,F I,27,98.16
2025-12-16,9:30:21.315990746,T,TGT,F I,10,98.16
2025-12-16,9:30:21.321698363,T,TGT,F I,11,98.13
2025-12-16,9:30:25.002960502,T,TGT,F I,54,98.08
2025-12-16,9:30:25.002966986,T,TGT,F I,46,98.08
2025-12-16,9:30:25.002975463,T,TGT,F,100,98.07
2025-12-16,9:30:25.002990588,T,TGT,F,100,98.07
2025-12-16,9:30:25.004518233,T,TGT,,100,98.03
2025-12-16,9:30:26.124620630,T,TGT,F I,1,98.03
2025-12-16,9:30:28.005505535,T,TGT,F I,92,98.02
2025-12-16,9:30:28.005518083,T,TGT,F I,8,98.02
2025-12-16,9:30:53.943357956,T,TGT,,100,97.99
2025-12-16,9:31:03.884218509,T,TGT,,100,97.8
2025-12-16,9:31:03.894048974,T,TGT,I,2,97.8
2025-12-16,9:32:03.462819331,T,TGT,F I,1,98.0
2025-12-16,9:32:04.424717940,T,TGT,,100,98.07
2025-12-16,9:32:04.437805074,T,TGT,F I,15,98.12
2025-12-16,9:32:04.480894759,T,TGT,I,50,98.105
2025-12-16,9:32:15.132345329,T,TGT,I,20,98.02
2025-12-16,9:32:16.139630950,T,TGT,I,2,98.01
2025-12-16,9:32:26.755137041,T,TGT,F I,1,98.07
2025-12-16,9:32:36.270498920,T,TGT,I,1,98.07
2025-12-16,9:32:36.270501934,T,TGT,,100,98.0
2025-12-16,9:32:36.270501934,T,TGT,I,49,98.0
2025-12-16,9:32:36.270517027,T,TGT,I,1,98.0
2025-12-16,9:32:36.271951380,T,TGT,F I,2,98.05
2025-12-16,9:32:42.285861620,T,TGT,I,30,98.06
2025-12-16,9:32:42.286201436,T,TGT,I,2,98.07
2025-12-16,9:32:51.734287371,T,TGT,F I,15,98.15
2025-12-16,9:32:51.734287371,T,TGT,F I,30,98.15
2025-12-16,9:32:51.734290296,T,TGT,F I,2,98.15
2025-12-16,9:32:51.735661541,T,TGT,,100,98.17
2025-12-16,9:32:51.771152096,T,TGT,F I,17,98.18
2025-12-16,9:32:51.771152096,T,TGT,F I,83,98.18
2025-12-16,9:32:55.679133302,T,TGT,F I,3,98.2
2025-12-16,9:32:55.679136330,T,TGT,F I,1,98.2
2025-12-16,9:32:55.679151657,T,TGT,F I,36,98.2
2025-12-16,9:32:55.679806902,T,TGT,I,25,98.17
2025-12-16,9:32:55.679845949,T,TGT,F I,11,98.165
2025-12-16,9:32:55.679888038,T,TGT,F I,11,98.165
2025-12-16,9:32:55.679909143,T,TGT,F I,50,98.165
2025-12-16,9:32:55.679924179,T,TGT,F I,39,98.165
2025-12-16,9:32:55.679942180,T,TGT,F I,11,98.165
2025-12-16,9:32:55.679972281,T,TGT,F I,11,98.165
2025-12-16,9:32:55.679987354,T,TGT,I,17,98.17
2025-12-16,9:32:55.680002331,T,TGT,F I,11,98.16
2025-12-16,9:32:55.680206881,T,TGT,I,11,98.15
2025-12-16,9:32:55.680775195,T,TGT,F I,11,98.2
2025-12-16,9:32:55.680775195,T,TGT,F I,7,98.2
2025-12-16,9:32:58.098162335,T,TGT,,100,98.18
2025-12-16,9:32:58.098225402,T,TGT,F,100,98.18
2025-12-16,9:32:58.098246464,T,TGT,F I,4,98.18
2025-12-16,9:32:58.098258597,T,TGT,F,346,98.18
2025-12-16,9:32:58.098258597,T,TGT,F,100,98.18
2025-12-16,9:32:59.243209176,T,TGT,F I,13,98.17
2025-12-16,9:32:59.243209176,T,TGT,F I,14,98.17
2025-12-16,9:32:59.243215262,T,TGT,,100,98.19
2025-12-16,9:32:59.243254326,T,TGT,F I,13,98.17
2025-12-16,9:32:59.243290356,T,TGT,F I,50,98.17
2025-12-16,9:33:00.336325522,T,TGT,F I,1,98.25
2025-12-16,9:33:00.336328592,T,TGT,F I,11,98.25
2025-12-16,9:33:00.336328592,T,TGT,F I,2,98.25
2025-12-16,9:33:00.336349476,T,TGT,F I,77,98.25
2025-12-16,9:33:00.336370498,T,TGT,I,1,98.25
2025-12-16,9:33:01.545710769,T,TGT,F,153,98.25
2025-12-16,9:33:01.545710769,T,TGT,F I,47,98.25
2025-12-16,9:33:01.545725962,T,TGT,I,1,98.25
2025-12-16,9:33:01.545728817,T,TGT,F I,22,98.25
2025-12-16,9:33:01.545731927,T,TGT,F,100,98.25
2025-12-16,9:33:01.545731927,T,TGT,F I,30,98.25
2025-12-16,9:33:01.560791510,T,TGT,F,100,98.27
2025-12-16,9:33:01.560812558,T,TGT,F,200,98.27
2025-12-16,9:33:01.577650028,T,TGT,I,80,98.27
2025-12-16,9:33:01.577650028,T,TGT,I,39,98.26
2025-12-16,9:33:01.577652672,T,TGT,,127,98.26
2025-12-16,9:33:01.577662505,T,TGT,I,23,98.26
2025-12-16,9:33:01.577926412,T,TGT,I,24,98.26
2025-12-16,9:33:01.577929323,T,TGT,I,6,98.26
2025-12-16,9:33:01.577929323,T,TGT,I,24,98.26
2025-12-16,9:33:01.577932346,T,TGT,I,24,98.26
2025-12-16,9:33:01.577944450,T,TGT,F I,2,98.26
2025-12-16,9:33:01.577950436,T,TGT,F I,1,98.26
2025-12-16,9:33:01.577992648,T,TGT,I,60,98.26
2025-12-16,9:33:01.578119399,T,TGT,F I,1,98.26
2025-12-16,9:33:01.578121867,T,TGT,F I,23,98.26
2025-12-16,9:33:01.578133856,T,TGT,F I,1,98.26
2025-12-16,9:33:01.578506825,T,TGT,I,40,98.26
2025-12-16,9:33:01.578510977,T,TGT,I,30,98.26
2025-12-16,9:33:01.578515834,T,TGT,I,50,98.26
2025-12-16,9:33:01.578515834,T,TGT,I,30,98.27
2025-12-16,9:33:01.579394262,T,TGT,I,20,98.28
2025-12-16,9:33:01.579394262,T,TGT,I,28,98.28
2025-12-16,9:33:01.580200051,T,TGT,I,1,98.3
2025-12-16,9:33:01.580202833,T,TGT,I,1,98.3
2025-12-16,9:33:01.580933554,T,TGT,I,8,98.29
2025-12-16,9:33:01.582145464,T,TGT,I,10,98.3
2025-12-16,9:33:01.583931706,T,TGT,I,1,98.32
2025-12-16,9:33:01.583955791,T,TGT,I,80,98.32
2025-12-16,9:33:01.584003819,T,TGT,F I,20,98.3
2025-12-16,9:33:01.585056302,T,TGT,I,20,98.33
2025-12-16,9:33:01.585059422,T,TGT,I,11,98.33
2025-12-16,9:33:01.586887751,T,TGT,I,11,98.34
2025-12-16,9:33:01.586926944,T,TGT,I,80,98.33
2025-12-16,9:33:01.586926944,T,TGT,,100,98.34
2025-12-16,9:33:01.586932780,T,TGT,F I,13,98.31
2025-12-16,9:33:01.586938892,T,TGT,F I,5,98.31
2025-12-16,9:33:06.722504660,T,TGT,I,1,98.26
2025-12-16,9:33:18.721026441,T,TGT,I,19,98.31
2025-12-16,9:33:18.721071635,T,TGT,F I,3,98.33
2025-12-16,9:33:20.340684934,T,TGT,I,40,98.37
2025-12-16,9:33:20.340684934,T,TGT,I,1,98.38
2025-12-16,9:33:20.340793693,T,TGT,,100,98.4
2025-12-16,9:33:20.340796268,T,TGT,I,40,98.4
2025-12-16,9:33:20.340799236,T,TGT,,111,98.4
2025-12-16,9:33:20.340814254,T,TGT,I,1,98.4
2025-12-16,9:33:20.340841351,T,TGT,,138,98.4
2025-12-16,9:33:20.340844365,T,TGT,I,9,98.4
2025-12-16,9:33:20.780010659,T,TGT,F I,11,98.38
2025-12-16,9:33:20.780311377,T,TGT,F I,11,98.37
2025-12-16,9:33:22.031030041,T,TGT,I,50,98.375
2025-12-16,9:33:22.079135561,T,TGT,F I,50,98.39
2025-12-16,9:33:23.377605155,T,TGT,I,50,98.375
2025-12-16,9:33:23.377608036,T,TGT,I,20,98.375
2025-12-16,9:33:28.712566900,T,TGT,F I,1,98.39
2025-12-16,9:33:28.712566900,T,TGT,F I,11,98.39
2025-12-16,9:33:28.712642003,T,TGT,F I,5,98.4
2025-12-16,9:33:28.712666021,T,TGT,F,122,98.4
2025-12-16,9:33:28.712672073,T,TGT,F,373,98.4
2025-12-16,9:33:28.712693145,T,TGT,F I,5,98.41
2025-12-16,9:33:30.336904660,T,TGT,I,4,98.43
2025-12-16,9:33:37.190228542,T,TGT,I,25,98.4
2025-12-16,9:33:41.444202067,T,TGT,F I,30,98.38
2025-12-16,9:33:41.444205064,T,TGT,F I,2,98.38
2025-12-16,9:33:59.027999050,T,TGT,F,100,98.37
2025-12-16,9:33:59.027999050,T,TGT,F,100,98.37
2025-12-16,9:33:59.028002023,T,TGT,F I,20,98.37
2025-12-16,9:33:59.028041085,T,TGT,F,100,98.36
2025-12-16,9:33:59.028047263,T,TGT,,100,98.38
2025-12-16,9:33:59.028260680,T,TGT,F I,1,98.36
2025-12-16,9:33:59.028311723,T,TGT,I,14,98.36
2025-12-16,9:34:03.231085261,T,TGT,I,21,98.36
2025-12-16,9:34:13.506565672,T,TGT,I,4,98.38
2025-12-16,9:34:13.506580679,T,TGT,F,196,98.38
2025-12-16,9:34:13.506586590,T,TGT,,100,98.38
2025-12-16,9:34:13.515875661,T,TGT,,100,98.38
2025-12-16,9:34:13.526045906,T,TGT,F I,17,98.39
2025-12-16,9:34:13.526045906,T,TGT,F I,30,98.39
2025-12-16,9:34:13.526048951,T,TGT,F,100,98.39
2025-12-16,9:34:13.526052163,T,TGT,F,100,98.4
2025-12-16,9:34:13.526054908,T,TGT,F I,11,98.4
2025-12-16,9:34:13.526069926,T,TGT,I,1,98.4
2025-12-16,9:34:13.526094003,T,TGT,F I,88,98.4
2025-12-16,9:34:13.528589933,T,TGT,I,2,98.395
2025-12-16,9:34:13.532673707,T,TGT,I,17,98.39
2025-12-16,9:34:13.532673707,T,TGT,I,18,98.39
2025-12-16,9:34:13.532676651,T,TGT,I,36,98.39
2025-12-16,9:34:13.532691678,T,TGT,I,1,98.39
2025-12-16,9:34:13.608168493,T,TGT,F I,88,98.4
2025-12-16,9:34:13.608183527,T,TGT,F I,12,98.4
2025-12-16,9:34:13.608204672,T,TGT,F I,14,98.4
2025-12-16,9:34:13.608207616,T,TGT,F,100,98.4
2025-12-16,9:34:13.608207616,T,TGT,F,100,98.4
2025-12-16,9:34:13.708385328,T,TGT,,100,98.41
2025-12-16,9:34:13.708574699,T,TGT,F,100,98.43
2025-12-16,9:34:13.708577773,T,TGT,F,100,98.43
2025-12-16,9:34:13.708580754,T,TGT,F I,7,98.43
2025-12-16,9:34:13.708622876,T,TGT,I,45,98.41
2025-12-16,9:34:13.708655915,T,TGT,I,1,98.41
2025-12-16,9:34:13.708679942,T,TGT,F I,25,98.42
2025-12-16,9:34:13.708679942,T,TGT,F I,20,98.43
2025-12-16,9:34:13.708725044,T,TGT,F I,25,98.43
2025-12-16,9:34:13.709001698,T,TGT,F I,1,98.43
2025-12-16,9:34:13.709040820,T,TGT,F I,1,98.43
2025-12-16,9:34:17.862767426,T,TGT,F I,28,98.44
2025-12-16,9:34:17.862821522,T,TGT,F I,28,98.44
2025-12-16,9:34:17.862864034,T,TGT,F I,20,98.45
2025-12-16,9:34:17.862867545,T,TGT,F I,2,98.45
2025-12-16,9:34:17.862869970,T,TGT,F I,1,98.45
2025-12-16,9:34:17.862872991,T,TGT,F I,5,98.45
2025-12-16,9:34:17.862972096,T,TGT,F I,16,98.47
2025-12-16,9:34:17.863053564,T,TGT,I,25,98.44
2025-12-16,9:34:17.863056775,T,TGT,I,75,98.44
2025-12-16,9:34:17.863146333,T,TGT,I,5,98.44
2025-12-16,9:34:17.863149376,T,TGT,I,95,98.44
2025-12-16,9:34:17.863287642,T,TGT,,100,98.44
2025-12-16,9:34:17.863377891,T,TGT,I,60,98.44
2025-12-16,9:34:17.876510154,T,TGT,,100,98.475
2025-12-16,9:34:18.015681689,T,TGT,,255,98.47
2025-12-16,9:34:18.015687712,T,TGT,,255,98.46
2025-12-16,9:34:18.015690719,T,TGT,I,60,98.46
2025-12-16,9:34:18.015690719,T,TGT,,100,98.45
2025-12-16,9:34:21.391797816,T,TGT,F,100,98.47
2025-12-16,9:34:21.391797816,T,TGT,F I,3,98.48
2025-12-16,9:34:21.391819158,T,TGT,F I,97,98.48
2025-12-16,9:34:21.391819158,T,TGT,F,100,98.48
2025-12-16,9:34:21.391822127,T,TGT,F I,1,98.48
2025-12-16,9:34:21.391822127,T,TGT,F I,12,98.48
2025-12-16,9:34:21.392841321,T,TGT,I,30,98.47
2025-12-16,9:34:24.919426918,T,TGT,F I,3,98.5
2025-12-16,9:34:24.919430532,T,TGT,F I,1,98.5
2025-12-16,9:34:24.919430532,T,TGT,F I,20,98.5
2025-12-16,9:34:24.919433374,T,TGT,F I,1,98.5
2025-12-16,9:34:24.919433374,T,TGT,F I,1,98.5
2025-12-16,9:34:24.919436123,T,TGT,F I,50,98.5
2025-12-16,9:34:24.919439261,T,TGT,F I,2,98.5
2025-12-16,9:34:24.919439261,T,TGT,F I,10,98.5
2025-12-16,9:34:24.919442453,T,TGT,F I,33,98.5
2025-12-16,9:34:24.919451869,T,TGT,I,1,98.5
2025-12-16,9:34:24.919454230,T,TGT,I,55,98.5
2025-12-16,9:34:24.919457418,T,TGT,I,12,98.5
2025-12-16,9:34:24.919460040,T,TGT,F I,6,98.5
2025-12-16,9:34:24.919467323,T,TGT,F,200,98.5
2025-12-16,9:34:24.919467323,T,TGT,F I,40,98.5
2025-12-16,9:34:24.919467323,T,TGT,F I,1,98.5
2025-12-16,9:34:24.919467323,T,TGT,F I,2,98.5
2025-12-16,9:34:24.919469336,T,TGT,F I,1,98.5
2025-12-16,9:34:24.919472696,T,TGT,F,100,98.5
2025-12-16,9:34:24.919475946,T,TGT,F,189,98.5
2025-12-16,9:34:24.919482050,T,TGT,F I,11,98.5
2025-12-16,9:34:24.919482050,T,TGT,F,100,98.5
2025-12-16,9:34:24.919487078,T,TGT,F,100,98.5
2025-12-16,9:34:26.015117323,T,TGT,F I,2,98.48
2025-12-16,9:34:26.015117323,T,TGT,F,100,98.48
2025-12-16,9:34:27.160016811,T,TGT,F,100,98.47
2025-12-16,9:34:27.160016811,T,TGT,F I,21,98.47
2025-12-16,9:34:28.191973272,T,TGT,F I,4,98.43
2025-12-16,9:34:29.286977939,T,TGT,F I,5,98.41
2025-12-16,9:34:29.287128287,T,TGT,F I,50,98.4
2025-12-16,9:34:29.410909208,T,TGT,I,50,98.41
2025-12-16,9:34:50.835618315,T,TGT,F,100,98.38
2025-12-16,9:34:50.835621423,T,TGT,F,300,98.38
2025-12-16,9:34:50.835675532,T,TGT,I,83,98.39
2025-12-16,9:34:50.835693662,T,TGT,I,1,98.39
2025-12-16,9:34:50.836015844,T,TGT,F,100,98.36
2025-12-16,9:34:50.836015844,T,TGT,F I,83,98.36
2025-12-16,9:34:50.836018389,T,TGT,F I,1,98.36
2025-12-16,9:34:50.836042384,T,TGT,,100,98.36
2025-12-16,9:34:50.836045516,T,TGT,I,60,98.36
2025-12-16,9:34:50.836075407,T,TGT,I,40,98.36
2025-12-16,9:34:53.503460217,T,TGT,I,50,98.33
2025-12-16,9:34:53.503493166,T,TGT,F I,25,98.32
2025-12-16,9:34:53.505414771,T,TGT,F I,1,98.29
2025-12-16,9:34:53.505459860,T,TGT,F I,1,98.29
2025-12-16,9:34:56.480393644,T,TGT,F,100,98.26
2025-12-16,9:34:56.480396208,T,TGT,F,100,98.26
2025-12-16,9:34:56.480399191,T,TGT,F,100,98.26
2025-12-16,9:34:56.481358493,T,TGT,F I,36,98.24
2025-12-16,9:35:00.553170032,T,TGT,F I,50,98.22
2025-12-16,9:35:00.557885300,T,TGT,I,1,98.225
2025-12-16,9:35:04.012028331,T,TGT,I,4,98.225
2025-12-16,9:35:04.025575590,T,TGT,F I,6,98.26
2025-12-16,9:35:04.025620655,T,TGT,I,6,98.26
2025-12-16,9:35:04.128273211,T,TGT,F I,1,98.26
2025-12-16,9:35:17.414429672,T,TGT,I,18,98.21
2025-12-16,9:35:28.094511532,T,TGT,I,5,98.22
2025-12-16,9:35:30.291635830,T,TGT,I,62,98.21
2025-12-16,9:35:30.291888409,T,TGT,F I,38,98.21
2025-12-16,9:35:30.292992102,T,TGT,I,62,98.2
2025-12-16,9:35:31.630410293,T,TGT,F I,50,98.21
2025-12-16,9:35:31.630449393,T,TGT,F I,50,98.21
2025-12-16,9:35:37.583807462,T,TGT,,133,98.235
2025-12-16,9:35:38.373774533,T,TGT,,100,98.24
2025-12-16,9:35:38.770834411,T,TGT,F I,1,98.2
2025-12-16,9:35:47.244535700,T,TGT,I,1,98.24
2025-12-16,9:35:48.125911964,T,TGT,F I,1,98.27
2025-12-16,9:36:00.670943312,T,TGT,F,100,98.31
2025-12-16,9:36:00.671039605,T,TGT,,100,98.3
2025-12-16,9:36:00.674263328,T,TGT,F I,32,98.34
2025-12-16,9:36:00.674278284,T,TGT,F I,68,98.34
2025-12-16,9:36:00.674281322,T,TGT,F I,9,98.35
2025-12-16,9:36:00.674299359,T,TGT,F I,12,98.35
2025-12-16,9:36:00.674299359,T,TGT,F I,11,98.35
2025-12-16,9:36:00.674302383,T,TGT,F I,8,98.36
2025-12-16,9:36:00.674362496,T,TGT,F I,2,98.36
2025-12-16,9:36:00.674362496,T,TGT,F I,10,98.36
2025-12-16,9:36:00.674738460,T,TGT,F I,60,98.39
2025-12-16,9:36:00.674741425,T,TGT,F I,2,98.39
2025-12-16,9:36:00.675866030,T,TGT,F I,1,98.4
2025-12-16,9:36:00.690047880,T,TGT,,100,98.4
2025-12-16,9:36:00.690053884,T,TGT,,100,98.39
2025-12-16,9:36:00.690053884,T,TGT,,148,98.39
2025-12-16,9:36:00.690068918,T,TGT,I,1,98.39
2025-12-16,9:36:00.690089943,T,TGT,I,24,98.39
2025-12-16,9:36:00.690093036,T,TGT,I,75,98.39
2025-12-16,9:36:01.051226364,T,TGT,F I,3,98.39
2025-12-16,9:36:01.660297339,T,TGT,F I,62,98.39
2025-12-16,9:36:02.494156878,T,TGT,I,1,98.37
2025-12-16,9:36:06.198838706,T,TGT,F I,20,98.37
2025-12-16,9:36:06.198841804,T,TGT,F I,25,98.37
2025-12-16,9:36:06.198865837,T,TGT,F I,1,98.36
2025-12-16,9:36:11.710729963,T,TGT,I,50,98.38
2025-12-16,9:36:12.875669379,T,TGT,F I,27,98.38
2025-12-16,9:36:13.433850135,T,TGT,F I,50,98.39
2025-12-16,9:36:13.451054154,T,TGT,F I,2,98.42
2025-12-16,9:36:13.451393944,T,TGT,I,11,98.44
2025-12-16,9:36:15.357136078,T,TGT,,100,98.425
2025-12-16,9:36:23.156688498,T,TGT,F I,84,98.42
2025-12-16,9:36:23.156707141,T,TGT,I,1,98.42
2025-12-16,9:36:23.156707141,T,TGT,I,15,98.42
2025-12-16,9:36:23.156709550,T,TGT,I,5,98.42
2025-12-16,9:36:23.157614704,T,TGT,,100,98.42
2025-12-16,9:36:23.157885303,T,TGT,F I,11,98.42
2025-12-16,9:36:24.484399587,T,TGT,F I,11,98.45
2025-12-16,9:36:24.484492805,T,TGT,I,11,98.45
2025-12-16,9:36:24.486297011,T,TGT,I,80,98.44
2025-12-16,9:36:24.694004896,T,TGT,F I,11,98.43
2025-12-16,9:36:24.717505918,T,TGT,F,100,98.42
2025-12-16,9:36:26.955079647,T,TGT,F,100,98.41
2025-12-16,9:36:27.169376296,T,TGT,F I,53,98.4
2025-12-16,9:36:27.169403222,T,TGT,I,1,98.4
2025-12-16,9:36:27.169403222,T,TGT,I,4,98.4
2025-12-16,9:36:27.169619755,T,TGT,I,37,98.4
2025-12-16,9:36:29.159583416,T,TGT,F,100,98.41
2025-12-16,9:36:35.575353127,T,TGT,F I,19,98.43
2025-12-16,9:36:35.576116997,T,TGT,F I,85,98.42
2025-12-16,9:36:35.576134972,T,TGT,I,1,98.42
2025-12-16,9:36:36.415488818,T,TGT,F,100,98.43
2025-12-16,9:36:36.415488818,T,TGT,F I,50,98.43
2025-12-16,9:36:36.415491597,T,TGT,F I,37,98.43
2025-12-16,9:36:36.416114076,T,TGT,F I,20,98.43
2025-12-16,9:36:38.504051309,T,TGT,F,100,98.41
2025-12-16,9:36:38.504051309,T,TGT,F I,15,98.41
2025-12-16,9:36:46.788147933,T,TGT,,100,98.41
2025-12-16,9:36:51.494732777,T,TGT,I,4,98.415
2025-12-16,9:36:52.529648917,T,TGT,F I,10,98.45
2025-12-16,9:36:52.529651478,T,TGT,F I,2,98.45
2025-12-16,9:36:52.529654499,T,TGT,F I,29,98.45
2025-12-16,9:36:52.529654499,T,TGT,F I,41,98.45
2025-12-16,9:36:52.529657329,T,TGT,I,16,98.45
2025-12-16,9:36:52.529726503,T,TGT,I,41,98.45
2025-12-16,9:36:52.529744463,T,TGT,F I,2,98.45
2025-12-16,9:36:52.978046633,T,TGT,F I,10,98.45
2025-12-16,9:36:52.978058589,T,TGT,F I,30,98.45
2025-12-16,9:36:52.978058589,T,TGT,F I,70,98.45
2025-12-16,9:36:57.033685524,T,TGT,F I,68,98.39
2025-12-16,9:36:57.033688609,T,TGT,F I,32,98.39
2025-12-16,9:36:58.027210501,T,TGT,F,100,98.36
2025-12-16,9:36:58.155977299,T,TGT,F I,5,98.35
2025-12-16,9:37:03.630107576,T,TGT,F,100,98.34
2025-12-16,9:37:03.630107576,T,TGT,F I,1,98.34
2025-12-16,9:37:03.630137658,T,TGT,I,4,98.33
2025-12-16,9:37:09.546239900,T,TGT,F I,3,98.31
2025-12-16,9:37:09.546354142,T,TGT,F I,1,98.3
2025-12-16,9:37:09.551842282,T,TGT,I,1,98.275
2025-12-16,9:37:25.996678813,T,TGT,F I,60,98.22
2025-12-16,9:37:33.617870245,T,TGT,,100,98.27
2025-12-16,9:37:37.737721332,T,TGT,I,1,98.28
2025-12-16,9:37:40.533674229,T,TGT,F I,9,98.33
2025-12-16,9:37:40.534026121,T,TGT,I,3,98.33
2025-12-16,9:37:41.522628338,T,TGT,I,3,98.3
2025-12-16,9:37:47.127071169,T,TGT,F I,1,98.34
2025-12-16,9:37:47.127071169,T,TGT,F I,50,98.34
2025-12-16,9:37:51.798018021,T,TGT,F I,50,98.35
2025-12-16,9:37:51.798063144,T,TGT,F I,50,98.35
2025-12-16,9:37:51.798102266,T,TGT,F I,50,98.35
2025-12-16,9:38:15.737630733,T,TGT,F I,50,98.33
2025-12-16,9:38:16.313821481,T,TGT,F,100,98.31
2025-12-16,9:38:17.183770038,T,TGT,F I,50,98.3
2025-12-16,9:38:33.053735940,T,TGT,F I,50,98.31
2025-12-16,9:38:38.416108104,T,TGT,F I,50,98.31
2025-12-16,9:38:38.488388364,T,TGT,I,5,98.32
2025-12-16,9:38:38.488388364,T,TGT,,200,98.325
2025-12-16,9:38:38.489088998,T,TGT,,100,98.34
2025-12-16,9:38:48.534196092,T,TGT,F,100,98.29
2025-12-16,9:38:48.534196092,T,TGT,F I,40,98.29
2025-12-16,9:38:58.937101424,T,TGT,F I,3,98.3
2025-12-16,9:38:58.939248569,T,TGT,I,1,98.29
2025-12-16,9:38:58.954013798,T,TGT,,100,98.29
2025-12-16,9:39:00.855073703,T,TGT,F I,88,98.28
2025-12-16,9:39:00.855094742,T,TGT,F I,12,98.28
2025-12-16,9:39:10.252031521,T,TGT,F I,5,98.28
2025-12-16,9:39:10.252034529,T,TGT,F I,1,98.28
2025-12-16,9:39:10.257417357,T,TGT,F I,40,98.3
2025-12-16,9:39:10.257444704,T,TGT,F I,10,98.3
2025-12-16,9:39:10.257444704,T,TGT,F I,16,98.3
2025-12-16,9:39:10.259501360,T,TGT,F I,10,98.32
2025-12-16,9:39:10.259585519,T,TGT,F I,50,98.32
2025-12-16,9:39:12.515003781,T,TGT,F I,1,98.3
2025-12-16,9:39:12.716044760,T,TGT,I,99,98.3
2025-12-16,9:39:21.317457391,T,TGT,F I,67,98.345
2025-12-16,9:39:22.054017194,T,TGT,F,100,98.33
2025-12-16,9:39:22.054071354,T,TGT,I,17,98.34
2025-12-16,9:39:22.306315165,T,TGT,F I,3,98.35
2025-12-16,9:39:45.613130466,T,TGT,I,2,98.36
2025-12-16,9:39:48.794460494,T,TGT,F I,10,98.38
2025-12-16,9:39:48.794463517,T,TGT,F I,50,98.38
2025-12-16,9:39:48.794466584,T,TGT,F I,97,98.38
2025-12-16,9:39:48.794485073,T,TGT,I,1,98.38
2025-12-16,9:39:48.794485073,T,TGT,I,20,98.38
2025-12-16,9:39:48.794487733,T,TGT,I,34,98.38
2025-12-16,9:39:48.794491211,T,TGT,I,58,98.38
2025-12-16,9:39:49.029578714,T,TGT,F I,31,98.395
2025-12-16,9:39:49.029671887,T,TGT,F I,10,98.395
2025-12-16,9:39:49.029687257,T,TGT,F I,59,98.395
2025-12-16,9:39:49.029687257,T,TGT,F I,10,98.4
2025-12-16,9:39:49.029689975,T,TGT,F I,24,98.4
2025-12-16,9:39:49.029692946,T,TGT,F I,7,98.4
2025-12-16,9:39:49.030035719,T,TGT,I,53,98.4
2025-12-16,9:39:49.030291383,T,TGT,I,10,98.42
2025-12-16,9:39:49.031292765,T,TGT,F I,20,98.45
2025-12-16,9:39:49.031296410,T,TGT,F I,29,98.45
2025-12-16,9:39:49.031298768,T,TGT,F I,71,98.45
2025-12-16,9:39:49.031298768,T,TGT,F I,18,98.45
2025-12-16,9:39:49.031304850,T,TGT,F I,62,98.45
2025-12-16,9:39:49.031307817,T,TGT,F I,54,98.45
2025-12-16,9:39:49.031334877,T,TGT,I,82,98.45
2025-12-16,9:39:49.501814768,T,TGT,F I,3,98.45
2025-12-16,9:39:54.494419889,T,TGT,F I,61,98.45
2025-12-16,9:39:54.494423009,T,TGT,F I,50,98.45
2025-12-16,9:39:54.494444103,T,TGT,I,20,98.45
2025-12-16,9:39:54.494446936,T,TGT,I,1,98.45
2025-12-16,9:39:54.494452923,T,TGT,I,39,98.45
2025-12-16,9:39:54.698263439,T,TGT,F,100,98.43
2025-12-16,9:39:54.698266747,T,TGT,F I,20,98.43
2025-12-16,9:39:54.698266747,T,TGT,F I,17,98.43
2025-12-16,9:39:54.698269482,T,TGT,F,100,98.43
2025-12-16,9:39:54.698308628,T,TGT,,100,98.42
2025-12-16,9:39:58.431170660,T,TGT,I,24,98.425
2025-12-16,9:40:02.847861908,T,TGT,I,16,98.41
2025-12-16,9:40:02.847979929,T,TGT,F I,44,98.41
2025-12-16,9:40:02.847983309,T,TGT,F,100,98.4
2025-12-16,9:40:02.847983309,T,TGT,F,100,98.4
2025-12-16,9:40:02.847988459,T,TGT,F,157,98.4
2025-12-16,9:40:02.847988459,T,TGT,F I,43,98.4
2025-12-16,9:40:02.847988459,T,TGT,F I,1,98.4
2025-12-16,9:40:02.847991283,T,TGT,F I,80,98.4
2025-12-16,9:40:02.848376091,T,TGT,F I,2,98.39
2025-12-16,9:40:03.205500917,T,TGT,I,4,98.39
2025-12-16,9:40:03.206057248,T,TGT,I,2,98.39
2025-12-16,9:40:03.278544955,T,TGT,I,11,98.39
2025-12-16,9:40:03.574329643,T,TGT,F I,20,98.4
2025-12-16,9:40:08.971831391,T,TGT,I,37,98.4
2025-12-16,9:40:09.668188435,T,TGT,I,25,98.4
2025-12-16,9:40:21.950415041,T,TGT,,100,98.42
2025-12-16,9:40:26.850998200,T,TGT,F,100,98.39
2025-12-16,9:40:26.851000999,T,TGT,F I,28,98.39
2025-12-16,9:40:26.851000999,T,TGT,F I,1,98.39
2025-12-16,9:40:26.851012971,T,TGT,F I,80,98.39
2025-12-16,9:40:26.852065551,T,TGT,F I,1,98.38
2025-12-16,9:40:26.852128653,T,TGT,F I,60,98.37
2025-12-16,9:40:26.852128653,T,TGT,F I,3,98.37
2025-12-16,9:40:37.350658935,T,TGT,F I,2,98.35
2025-12-16,9:40:37.351266315,T,TGT,F I,1,98.34
2025-12-16,9:40:37.351311438,T,TGT,F I,3,98.33
2025-12-16,9:40:37.353554779,T,TGT,,100,98.325
2025-12-16,9:40:39.820427747,T,TGT,F,100,98.31
2025-12-16,9:40:39.820430844,T,TGT,F I,5,98.31
2025-12-16,9:40:51.141083775,T,TGT,F,100,98.32
2025-12-16,9:40:51.141086664,T,TGT,F I,12,98.32
2025-12-16,9:40:51.141185924,T,TGT,F,100,98.33
2025-12-16,9:40:51.141642963,T,TGT,I,14,98.32
2025-12-16,9:40:51.141769331,T,TGT,F I,14,98.31
2025-12-16,9:40:51.141799408,T,TGT,I,50,98.31
2025-12-16,9:40:51.141827297,T,TGT,,100,98.3
2025-12-16,9:40:51.141827297,T,TGT,I,20,98.29
2025-12-16,9:40:51.142208371,T,TGT,F I,20,98.3
2025-12-16,9:40:51.142208371,T,TGT,F I,1,98.3
2025-12-16,9:40:51.142211902,T,TGT,F I,1,98.3
2025-12-16,9:40:51.142214323,T,TGT,F I,7,98.3
2025-12-16,9:40:51.142797713,T,TGT,I,10,98.29
2025-12-16,9:40:51.142800777,T,TGT,I,20,98.29
2025-12-16,9:40:51.248457425,T,TGT,F I,1,98.25
2025-12-16,9:40:51.249293404,T,TGT,F I,2,98.23
2025-12-16,9:40:51.249293404,T,TGT,F,100,98.23
2025-12-16,9:40:51.249906893,T,TGT,F I,14,98.23
2025-12-16,9:40:51.249934000,T,TGT,F I,36,98.23
2025-12-16,9:40:51.249937252,T,TGT,F I,74,98.23
2025-12-16,9:40:51.249940085,T,TGT,F I,10,98.23
2025-12-16,9:40:51.249940085,T,TGT,F I,20,98.23
2025-12-16,9:40:51.249943017,T,TGT,F I,29,98.23
2025-12-16,9:40:51.249945951,T,TGT,F,200,98.23
2025-12-16,9:40:51.250153548,T,TGT,F I,3,98.23
2025-12-16,9:40:51.250153548,T,TGT,F I,7,98.23
2025-12-16,9:41:02.250889345,T,TGT,F,100,98.23
2025-12-16,9:41:32.950351407,T,TGT,F I,1,98.25
2025-12-16,9:41:32.950354436,T,TGT,F I,1,98.25
2025-12-16,9:41:32.950357649,T,TGT,F I,79,98.25
2025-12-16,9:41:38.534411664,T,TGT,I,50,98.25
2025-12-16,9:41:38.535280653,T,TGT,I,60,98.22
2025-12-16,9:41:38.636213487,T,TGT,F I,36,98.2
2025-12-16,9:41:38.636324416,T,TGT,F I,25,98.19
2025-12-16,9:41:41.734668869,T,TGT,I,8,98.18
2025-12-16,9:41:41.734686853,T,TGT,F I,1,98.18
2025-12-16,9:41:44.060560215,T,TGT,F,100,98.16
2025-12-16,9:41:44.060560215,T,TGT,F,100,98.16
2025-12-16,9:41:44.060562913,T,TGT,F I,22,98.16
2025-12-16,9:41:44.060562913,T,TGT,F I,78,98.16
2025-12-16,9:41:48.649290998,T,TGT,I,1,98.14
2025-12-16,9:41:50.266802472,T,TGT,F I,52,98.17
2025-12-16,9:41:50.337885836,T,TGT,F,100,98.2
2025-12-16,9:41:50.337888835,T,TGT,F,100,98.2
2025-12-16,9:41:50.337931075,T,TGT,F I,3,98.2
2025-12-16,9:41:50.338638047,T,TGT,I,97,98.2
2025-12-16,9:41:50.338640594,T,TGT,I,3,98.2
2025-12-16,9:41:50.338679852,T,TGT,I,97,98.2
2025-12-16,9:41:50.338679852,T,TGT,,100,98.2
2025-12-16,9:41:50.338682772,T,TGT,,1600,98.2
2025-12-16,9:41:50.339242061,T,TGT,F I,45,98.195
2025-12-16,9:41:50.339245054,T,TGT,F I,12,98.195
2025-12-16,9:41:50.339257105,T,TGT,I,45,98.195
2025-12-16,9:41:50.339629954,T,TGT,I,25,98.2
2025-12-16,9:41:50.339629954,T,TGT,I,20,98.2
2025-12-16,9:41:50.339632970,T,TGT,I,11,98.21
2025-12-16,9:41:50.453541346,T,TGT,,100,98.235
2025-12-16,9:42:01.821157173,T,TGT,F I,11,98.26
2025-12-16,9:42:01.821809740,T,TGT,I,2,98.27
2025-12-16,9:42:02.023430977,T,TGT,,100,98.27
2025-12-16,9:42:02.748906465,T,TGT,,100,98.27
2025-12-16,9:42:04.121108437,T,TGT,I,20,98.27
2025-12-16,9:42:04.121141453,T,TGT,I,1,98.26
2025-12-16,9:42:18.687811463,T,TGT,I,2,98.18
2025-12-16,9:42:18.688094154,T,TGT,F,100,98.17
2025-12-16,9:42:18.688094154,T,TGT,F I,20,98.17
2025-12-16,9:42:18.696586507,T,TGT,F I,50,98.16
2025-12-16,9:42:19.101422833,T,TGT,I,41,98.16
2025-12-16,9:42:22.704489601,T,TGT,F I,29,98.19
2025-12-16,9:42:22.704492817,T,TGT,F I,10,98.19
2025-12-16,9:42:22.704492817,T,TGT,F I,91,98.19
2025-12-16,9:42:22.704510653,T,TGT,I,9,98.19
2025-12-16,9:42:22.708347795,T,TGT,,100,98.2
2025-12-16,9:42:25.824918685,T,TGT,F,100,98.2
2025-12-16,9:42:25.825363683,T,TGT,F,100,98.2
2025-12-16,9:42:26.874307699,T,TGT,F I,62,98.21
2025-12-16,9:42:29.078992414,T,TGT,F,100,98.19
2025-12-16,9:42:29.079142320,T,TGT,F I,50,98.18
2025-12-16,9:42:29.079534083,T,TGT,F I,8,98.21
2025-12-16,9:42:29.079536232,T,TGT,F I,92,98.21
2025-12-16,9:42:29.079539399,T,TGT,F I,8,98.21
2025-12-16,9:42:29.079539399,T,TGT,F I,16,98.21
2025-12-16,9:42:29.079548276,T,TGT,F I,10,98.22
2025-12-16,9:42:29.079551258,T,TGT,F I,11,98.22
2025-12-16,9:42:29.079599377,T,TGT,I,40,98.23
2025-12-16,9:42:29.080354162,T,TGT,,100,98.24
2025-12-16,9:42:29.080706078,T,TGT,F,100,98.24
2025-12-16,9:42:30.144351992,T,TGT,I,60,98.25
2025-12-16,9:42:31.415693791,T,TGT,F I,40,98.25
2025-12-16,9:42:31.415696971,T,TGT,F,224,98.25
2025-12-16,9:42:31.415699851,T,TGT,F,394,98.25
2025-12-16,9:42:31.415699851,T,TGT,F,100,98.25
2025-12-16,9:42:32.798595420,T,TGT,F I,2,98.26
2025-12-16,9:42:46.817970441,T,TGT,F,100,98.26
2025-12-16,9:42:52.006504561,T,TGT,F,100,98.25
2025-12-16,9:42:52.006507449,T,TGT,F,100,98.25
2025-12-16,9:42:52.006510404,T,TGT,F I,16,98.25
2025-12-16,9:42:52.006510404,T,TGT,F I,8,98.25
2025-12-16,9:42:54.946551673,T,TGT,I,12,98.26
2025-12-16,9:42:54.968955004,T,TGT,F I,40,98.26
2025-12-16,9:43:03.345173140,T,TGT,I,30,98.28
2025-12-16,9:43:05.559865394,T,TGT,F I,2,98.31
2025-12-16,9:43:05.559868283,T,TGT,F I,2,98.31
2025-12-16,9:43:05.559868283,T,TGT,F I,5,98.31
2025-12-16,9:43:05.559871316,T,TGT,F I,1,98.31
2025-12-16,9:43:05.559883475,T,TGT,I,10,98.31
2025-12-16,9:43:05.597069990,T,TGT,,100,98.3
2025-12-16,9:43:05.597352618,T,TGT,I,50,98.3
2025-12-16,9:43:07.198589365,T,TGT,,100,98.28
2025-12-16,9:43:07.200138059,T,TGT,,100,98.29
2025-12-16,9:43:07.546028259,T,TGT,,100,98.3
2025-12-16,9:43:07.547757176,T,TGT,F I,10,98.32
2025-12-16,9:43:20.105846325,T,TGT,F,100,98.3
2025-12-16,9:43:26.988932282,T,TGT,F,100,98.26
2025-12-16,9:43:26.988935384,T,TGT,F I,64,98.26
2025-12-16,9:43:26.988935384,T,TGT,F I,30,98.26
2025-12-16,9:43:31.086001084,T,TGT,I,50,98.265
2025-12-16,9:43:39.448539646,T,TGT,I,31,98.235
2025-12-16,9:43:42.444859894,T,TGT,F I,50,98.26
2025-12-16,9:43:42.445100592,T,TGT,F I,1,98.27
2025-12-16,9:44:03.406574020,T,TGT,I,58,98.26
2025-12-16,9:44:03.645715713,T,TGT,F,100,98.21
2025-12-16,9:44:03.645719732,T,TGT,F I,3,98.21
2025-12-16,9:44:03.645719732,T,TGT,F I,1,98.21
2025-12-16,9:44:03.645721785,T,TGT,F I,60,98.21
2025-12-16,9:44:03.645734503,T,TGT,F I,11,98.2
2025-12-16,9:44:03.645736786,T,TGT,F I,3,98.2
2025-12-16,9:44:03.645802990,T,TGT,F I,3,98.19
2025-12-16,9:44:06.270173211,T,TGT,,100,98.17
2025-12-16,9:44:06.270173211,T,TGT,I,1,98.17
2025-12-16,9:44:07.863822846,T,TGT,I,80,98.17
2025-12-16,9:44:07.863852848,T,TGT,I,20,98.18
2025-12-16,9:44:10.220161499,T,TGT,I,1,98.18
2025-12-16,9:44:10.220164470,T,TGT,I,1,98.18
2025-12-16,9:44:18.997634592,T,TGT,F I,11,98.18
2025-12-16,9:44:21.079241765,T,TGT,F I,11,98.18
2025-12-16,9:44:22.840108009,T,TGT,F I,10,98.22
2025-12-16,9:44:22.841250493,T,TGT,F I,10,98.23
2025-12-16,9:44:22.841271450,T,TGT,F I,10,98.23
2025-12-16,9:44:22.845424423,T,TGT,I,80,98.22
2025-12-16,9:44:22.845448374,T,TGT,F I,20,98.22
2025-12-16,9:44:22.845496571,T,TGT,F I,21,98.21
2025-12-16,9:44:22.845556741,T,TGT,F I,1,98.2
2025-12-16,9:44:22.847751947,T,TGT,I,80,98.2
2025-12-16,9:44:23.627100610,T,TGT,F I,16,98.21
2025-12-16,9:44:24.250801570,T,TGT,F I,16,98.21
2025-12-16,9:44:25.105891814,T,TGT,F I,1,98.22
2025-12-16,9:44:25.105891814,T,TGT,F I,15,98.22
2025-12-16,9:44:25.107368989,T,TGT,I,1,98.22
2025-12-16,9:44:25.107368989,T,TGT,I,80,98.22
2025-12-16,9:44:25.108294379,T,TGT,I,1,98.22
2025-12-16,9:44:25.115574742,T,TGT,F I,99,98.22
2025-12-16,9:44:26.127004340,T,TGT,F,119,98.15
2025-12-16,9:44:26.127019426,T,TGT,I,1,98.15
2025-12-16,9:44:26.127025976,T,TGT,F I,80,98.15
2025-12-16,9:44:26.160209495,T,TGT,F,100,98.15
2025-12-16,9:44:26.160209495,T,TGT,F I,49,98.14
2025-12-16,9:44:26.160212462,T,TGT,F I,46,98.14
2025-12-16,9:44:26.160215591,T,TGT,F I,54,98.14
2025-12-16,9:44:26.160215591,T,TGT,F I,24,98.14
2025-12-16,9:44:26.160218747,T,TGT,F I,11,98.14
2025-12-16,9:44:26.160218747,T,TGT,F I,11,98.14
2025-12-16,9:44:26.160443997,T,TGT,F I,7,98.15
2025-12-16,9:44:26.160447039,T,TGT,F I,7,98.15
2025-12-16,9:44:26.160504365,T,TGT,F,100,98.16
2025-12-16,9:44:26.160507180,T,TGT,F I,48,98.16
2025-12-16,9:44:26.160525255,T,TGT,I,20,98.16
2025-12-16,9:44:26.160528449,T,TGT,I,1,98.16
2025-12-16,9:44:26.160531344,T,TGT,F I,31,98.16
2025-12-16,9:44:26.160531344,T,TGT,F I,19,98.16
2025-12-16,9:44:27.146661570,T,TGT,,100,98.18
2025-12-16,9:44:27.149274797,T,TGT,,100,98.17
2025-12-16,9:44:27.149792034,T,TGT,,100,98.16
2025-12-16,9:44:27.149796163,T,TGT,I,24,98.16
2025-12-16,9:44:27.149796163,T,TGT,,401,98.16
2025-12-16,9:44:27.149801203,T,TGT,,100,98.16
2025-12-16,9:44:27.149801203,T,TGT,I,14,98.16
2025-12-16,9:44:27.149801203,T,TGT,I,1,98.16
2025-12-16,9:44:28.919703641,T,TGT,,150,98.13
2025-12-16,9:44:28.919769752,T,TGT,,152,98.13
2025-12-16,9:44:31.837972846,T,TGT,F I,6,98.12
2025-12-16,9:44:31.837976089,T,TGT,F I,25,98.12
2025-12-16,9:44:31.837976089,T,TGT,F,100,98.12
2025-12-16,9:44:31.838024063,T,TGT,F I,1,98.12
2025-12-16,9:44:31.838033099,T,TGT,F I,25,98.12
2025-12-16,9:44:31.838312712,T,TGT,F I,5,98.11
2025-12-16,9:44:31.838315693,T,TGT,F I,23,98.11
2025-12-16,9:44:36.269856749,T,TGT,F,100,98.12
2025-12-16,9:44:36.269856749,T,TGT,F I,1,98.13
2025-12-16,9:44:36.269859230,T,TGT,F I,62,98.13
2025-12-16,9:44:36.269877612,T,TGT,F I,37,98.13
2025-12-16,9:44:36.269880565,T,TGT,F I,1,98.13
2025-12-16,9:44:36.269880565,T,TGT,I,20,98.13
2025-12-16,9:44:36.269883293,T,TGT,I,1,98.13
2025-12-16,9:44:36.355512312,T,TGT,F I,23,98.17
2025-12-16,9:44:44.131010387,T,TGT,,100,98.15
2025-12-16,9:44:44.131013328,T,TGT,I,1,98.15
2025-12-16,9:45:00.449293327,T,TGT,I,60,98.2
2025-12-16,9:45:00.833738185,T,TGT,F I,2,98.24
2025-12-16,9:45:00.833742005,T,TGT,F I,10,98.24
2025-12-16,9:45:00.833742005,T,TGT,F I,2,98.24
2025-12-16,9:45:00.834201237,T,TGT,F I,40,98.25
2025-12-16,9:45:00.834204261,T,TGT,F I,4,98.25
2025-12-16,9:45:00.884902091,T,TGT,F I,50,98.25
2025-12-16,9:45:01.608242348,T,TGT,I,1,98.245
2025-12-16,9:45:03.525962011,T,TGT,F,100,98.18
2025-12-16,9:45:03.732731584,T,TGT,F I,50,98.185
2025-12-16,9:45:03.732767686,T,TGT,F I,50,98.185
2025-12-16,9:45:07.926770025,T,TGT,,100,98.19
2025-12-16,9:45:07.926787301,T,TGT,I,1,98.19
2025-12-16,9:45:07.926811427,T,TGT,F I,99,98.19
2025-12-16,9:45:07.926814371,T,TGT,F I,99,98.19
2025-12-16,9:45:07.926817843,T,TGT,I,1,98.19
2025-12-16,9:45:07.926817843,T,TGT,I,98,98.19
2025-12-16,9:45:07.926823610,T,TGT,,100,98.19
2025-12-16,9:45:07.926826377,T,TGT,,152,98.19
2025-12-16,9:45:07.926895549,T,TGT,F I,22,98.2
2025-12-16,9:45:07.926898583,T,TGT,F I,68,98.21
2025-12-16,9:45:07.927331622,T,TGT,F I,22,98.19
2025-12-16,9:45:12.026697714,T,TGT,I,6,98.18
2025-12-16,9:45:23.864435529,T,TGT,,100,98.19
2025-12-16,9:45:23.864453544,T,TGT,I,1,98.19
2025-12-16,9:45:23.864465658,T,TGT,I,54,98.19
2025-12-16,9:45:23.864507711,T,TGT,I,13,98.19
2025-12-16,9:45:23.873787859,T,TGT,I,16,98.19
2025-12-16,9:45:25.994488654,T,TGT,F I,1,98.21
2025-12-16,9:45:25.994491888,T,TGT,F,100,98.22
2025-12-16,9:45:25.994494438,T,TGT,F I,8,98.22
2025-12-16,9:45:25.994494438,T,TGT,F I,9,98.22
2025-12-16,9:45:25.994518188,T,TGT,I,1,98.22
2025-12-16,9:45:25.995282071,T,TGT,I,5,98.23
2025-12-16,9:45:25.995285043,T,TGT,,100,98.23
2025-12-16,9:45:33.747576789,T,TGT,I,41,98.28
2025-12-16,9:45:33.798449005,T,TGT,,100,98.27
2025-12-16,9:45:34.694529852,T,TGT,I,1,98.305
2025-12-16,9:45:49.731917321,T,TGT,,100,98.305
2025-12-16,9:45:55.277239294,T,TGT,F,100,98.26
2025-12-16,9:45:55.277239294,T,TGT,F I,10,98.26
2025-12-16,9:45:55.465755315,T,TGT,I,1,98.21
2025-12-16,9:45:55.465758344,T,TGT,I,17,98.21
2025-12-16,9:45:55.465794493,T,TGT,F I,1,98.2
2025-12-16,9:45:55.465794493,T,TGT,F I,1,98.2
2025-12-16,9:45:55.465824468,T,TGT,F I,11,98.2
2025-12-16,9:45:55.466242479,T,TGT,F I,57,98.2
2025-12-16,9:45:58.093075736,T,TGT,F I,2,98.2
2025-12-16,9:45:58.093075736,T,TGT,F I,98,98.2
2025-12-16,9:45:58.093078513,T,TGT,F I,2,98.19
2025-12-16,9:45:58.093081622,T,TGT,F I,1,98.19
2025-12-16,9:45:58.093403368,T,TGT,I,97,98.19
2025-12-16,9:45:58.093424338,T,TGT,I,1,98.19
2025-12-16,9:45:58.093845389,T,TGT,I,2,98.21
2025-12-16,9:45:58.094335560,T,TGT,F I,24,98.22
2025-12-16,9:45:58.094335560,T,TGT,F I,73,98.22
2025-12-16,9:45:58.094356666,T,TGT,F I,27,98.22
2025-12-16,9:45:58.094428781,T,TGT,I,46,98.22
2025-12-16,9:45:58.094450115,T,TGT,F I,54,98.22
2025-12-16,9:45:58.094452871,T,TGT,F I,24,98.22
2025-12-16,9:45:58.094464886,T,TGT,I,11,98.22
2025-12-16,9:45:58.094479952,T,TGT,,291,98.22
2025-12-16,9:45:58.425589699,T,TGT,I,29,98.21
2025-12-16,9:45:58.464568643,T,TGT,F I,1,98.215
2025-12-16,9:46:07.609084079,T,TGT,F I,5,98.25
2025-12-16,9:46:07.609087082,T,TGT,F I,2,98.25
2025-12-16,9:46:07.609108109,T,TGT,F I,1,98.25
2025-12-16,9:46:08.836190529,T,TGT,F I,10,98.27
2025-12-16,9:46:09.772786824,T,TGT,F I,1,98.28
2025-12-16,9:46:09.773304015,T,TGT,I,1,98.27
2025-12-16,9:46:10.199238817,T,TGT,I,50,98.28
2025-12-16,9:46:10.199266527,T,TGT,F I,29,98.28
2025-12-16,9:46:10.199268881,T,TGT,F I,21,98.28
2025-12-16,9:46:10.199284596,T,TGT,F I,21,98.28
2025-12-16,9:46:10.199286850,T,TGT,F I,96,98.27
2025-12-16,9:46:10.199307956,T,TGT,I,4,98.27
2025-12-16,9:46:10.199310927,T,TGT,I,1,98.27
2025-12-16,9:46:10.199313973,T,TGT,I,16,98.27
2025-12-16,9:46:21.010027004,T,TGT,F I,50,98.22
2025-12-16,9:46:21.236860432,T,TGT,F,100,98.22
2025-12-16,9:46:21.237182124,T,TGT,I,72,98.21
2025-12-16,9:46:21.437889354,T,TGT,I,31,98.19
2025-12-16,9:46:21.438962941,T,TGT,F I,50,98.205
2025-12-16,9:46:21.439020495,T,TGT,F I,50,98.205
2025-12-16,9:46:33.414690428,T,TGT,F I,50,98.26
2025-12-16,9:46:33.498906197,T,TGT,I,50,98.25
2025-12-16,9:46:33.498906197,T,TGT,I,15,98.25
2025-12-16,9:46:54.333095586,T,TGT,I,26,98.26
2025-12-16,9:47:07.325176335,T,TGT,I,74,98.26
2025-12-16,9:47:07.325179195,T,TGT,I,26,98.26
2025-12-16,9:47:07.325181565,T,TGT,,100,98.26
2025-12-16,9:47:07.325250650,T,TGT,I,50,98.26
2025-12-16,9:47:07.325250650,T,TGT,,146,98.26
2025-12-16,9:47:07.325480011,T,TGT,F,109,98.26
2025-12-16,9:47:07.325482247,T,TGT,F I,12,98.26
2025-12-16,9:47:07.325485152,T,TGT,F I,97,98.26
2025-12-16,9:47:07.326032523,T,TGT,F,100,98.29
2025-12-16,9:47:07.340033901,T,TGT,I,1,98.26
2025-12-16,9:47:14.213319497,T,TGT,F I,82,98.3
2025-12-16,9:47:14.213322519,T,TGT,F I,60,98.3
2025-12-16,9:47:14.213322519,T,TGT,F I,6,98.3
2025-12-16,9:47:14.213331707,T,TGT,F I,10,98.3
2025-12-16,9:47:14.213334742,T,TGT,F I,4,98.3
2025-12-16,9:47:14.213334742,T,TGT,F I,2,98.3
2025-12-16,9:47:14.213740509,T,TGT,F I,1,98.3
2025-12-16,9:47:14.923756052,T,TGT,I,60,98.31
2025-12-16,9:47:16.326279818,T,TGT,F I,30,98.32
2025-12-16,9:47:16.326283377,T,TGT,F I,9,98.34
2025-12-16,9:47:16.326285380,T,TGT,I,31,98.34
2025-12-16,9:47:16.326288343,T,TGT,,100,98.34
2025-12-16,9:47:16.326691309,T,TGT,,121,98.325
2025-12-16,9:47:16.332230501,T,TGT,,100,98.335
2025-12-16,9:47:16.334609142,T,TGT,I,30,98.35
2025-12-16,9:47:16.399612083,T,TGT,I,14,98.35
2025-12-16,9:47:17.005808180,T,TGT,F I,1,98.33
2025-12-16,9:47:17.005808180,T,TGT,F I,21,98.33
2025-12-16,9:47:17.005811497,T,TGT,F I,4,98.33
2025-12-16,9:47:17.005814202,T,TGT,I,17,98.33
2025-12-16,9:47:17.005829174,T,TGT,I,22,98.33
2025-12-16,9:47:17.005847298,T,TGT,I,22,98.33
2025-12-16,9:47:17.005970529,T,TGT,I,22,98.33
2025-12-16,9:47:17.006105917,T,TGT,F I,13,98.33
2025-12-16,9:47:18.788713768,T,TGT,F,100,98.31
2025-12-16,9:47:22.042814212,T,TGT,F,100,98.28
2025-12-16,9:47:22.042817199,T,TGT,F I,19,98.28
2025-12-16,9:47:22.043141981,T,TGT,I,63,98.27
2025-12-16,9:47:22.432494612,T,TGT,F I,11,98.25
2025-12-16,9:47:22.432512599,T,TGT,F I,12,98.25
2025-12-16,9:47:41.035359216,T,TGT,F I,50,98.28
2025-12-16,9:47:41.035380608,T,TGT,F I,50,98.28
2025-12-16,9:47:41.035380608,T,TGT,F I,2,98.29
2025-12-16,9:47:41.035383269,T,TGT,F I,50,98.29
2025-12-16,9:47:41.035416454,T,TGT,I,50,98.29
2025-12-16,9:47:42.448714387,T,TGT,F,100,98.33
2025-12-16,9:47:42.448717348,T,TGT,F I,10,98.33
2025-12-16,9:47:52.296040164,T,TGT,F,101,98.31
2025-12-16,9:47:52.296040164,T,TGT,I,88,98.31
2025-12-16,9:47:52.301552984,T,TGT,,100,98.3
2025-12-16,9:47:52.301555293,T,TGT,I,1,98.3
2025-12-16,9:47:52.313439767,T,TGT,I,40,98.3
2025-12-16,9:47:52.501901617,T,TGT,I,61,98.3
2025-12-16,9:47:54.167846500,T,TGT,F I,52,98.35
2025-12-16,9:47:54.169139568,T,TGT,F I,50,98.36
2025-12-16,9:47:54.169262896,T,TGT,I,50,98.36
2025-12-16,9:48:07.594678139,T,TGT,,100,98.34
2025-12-16,9:48:07.909480039,T,TGT,,100,98.33
2025-12-16,9:48:07.909480039,T,TGT,I,14,98.33
2025-12-16,9:48:11.635482715,T,TGT,I,4,98.33
2025-12-16,9:48:18.729864080,T,TGT,F I,50,98.31
2025-12-16,9:48:20.365893793,T,TGT,F,100,98.3
2025-12-16,9:48:20.365893793,T,TGT,F I,60,98.3
2025-12-16,9:48:20.370082893,T,TGT,I,15,98.29
2025-12-16,9:48:20.370082893,T,TGT,I,27,98.29
2025-12-16,9:48:20.380989688,T,TGT,I,60,98.275
2025-12-16,9:48:24.180481446,T,TGT,F I,49,98.23
2025-12-16,9:48:24.180508533,T,TGT,F,100,98.22
2025-12-16,9:48:24.180511779,T,TGT,F I,11,98.22
2025-12-16,9:48:24.180511779,T,TGT,F I,5,98.22
2025-12-16,9:48:55.109369208,T,TGT,F I,10,98.29
2025-12-16,9:48:55.109372286,T,TGT,F I,1,98.29
2025-12-16,9:48:55.109375345,T,TGT,F,100,98.29
2025-12-16,9:48:55.116463524,T,TGT,I,26,98.29
2025-12-16,9:48:55.206915491,T,TGT,,100,98.265
2025-12-16,9:48:56.636109397,T,TGT,,100,98.29
2025-12-16,9:48:56.706248492,T,TGT,F I,1,98.26
2025-12-16,9:49:03.518353342,T,TGT,F,100,98.29
2025-12-16,9:49:03.518353342,T,TGT,F I,3,98.29
2025-12-16,9:49:03.518359407,T,TGT,F I,1,98.29
2025-12-16,9:49:03.518362339,T,TGT,F I,20,98.29
2025-12-16,9:49:09.094080812,T,TGT,F I,50,98.23
2025-12-16,9:49:12.950013987,T,TGT,F I,50,98.23
2025-12-16,9:49:31.848594213,T,TGT,F I,4,98.285
2025-12-16,9:49:44.415527194,T,TGT,F I,70,98.3
2025-12-16,9:49:44.415530141,T,TGT,F I,30,98.31
2025-12-16,9:49:50.197988151,T,TGT,F,100,98.33
2025-12-16,9:49:50.197988151,T,TGT,F I,10,98.33
2025-12-16,9:49:50.197991108,T,TGT,F I,60,98.33
2025-12-16,9:49:50.197991108,T,TGT,F I,5,98.33
2025-12-16,9:49:50.199401427,T,TGT,I,17,98.33
2025-12-16,9:49:52.094645793,T,TGT,F I,29,98.29
2025-12-16,9:49:52.100644982,T,TGT,,100,98.28
2025-12-16,9:50:02.599653386,T,TGT,F I,50,98.26
2025-12-16,9:50:02.599990244,T,TGT,,100,98.25
2025-12-16,9:50:10.126431997,T,TGT,,150,98.27
2025-12-16,9:50:10.126434931,T,TGT,I,60,98.26
2025-12-16,9:50:10.126784122,T,TGT,F I,16,98.27
2025-12-16,9:50:10.126786836,T,TGT,F I,96,98.27
2025-12-16,9:50:10.126790733,T,TGT,F I,4,98.27
2025-12-16,9:50:10.126835272,T,TGT,,100,98.27
2025-12-16,9:50:10.126835272,T,TGT,,110,98.27
2025-12-16,9:50:10.126852982,T,TGT,I,1,98.27
2025-12-16,9:50:10.126856030,T,TGT,I,39,98.27
2025-12-16,9:50:10.200721013,T,TGT,I,10,98.27
2025-12-16,9:50:11.194507698,T,TGT,F,100,98.26
2025-12-16,9:50:11.194507698,T,TGT,F I,1,98.26
2025-12-16,9:50:11.194510553,T,TGT,F I,54,98.26
2025-12-16,9:50:11.194513523,T,TGT,F,100,98.26
2025-12-16,9:50:11.269650530,T,TGT,I,9,98.25
2025-12-16,9:50:18.093020241,T,TGT,F I,1,98.26
2025-12-16,9:50:18.093038210,T,TGT,F I,2,98.26
2025-12-16,9:50:18.093053252,T,TGT,I,45,98.26
2025-12-16,9:50:18.093063197,T,TGT,F I,52,98.26
2025-12-16,9:50:18.093065636,T,TGT,F,100,98.26
2025-12-16,9:50:18.093068358,T,TGT,F I,5,98.26
2025-12-16,9:50:18.093068358,T,TGT,F I,1,98.26
2025-12-16,9:50:18.093083286,T,TGT,I,20,98.26
2025-12-16,9:50:18.093086309,T,TGT,I,1,98.26
2025-12-16,9:50:18.093089318,T,TGT,I,29,98.26
2025-12-16,9:50:18.094238129,T,TGT,F,100,98.25
2025-12-16,9:50:18.094241129,T,TGT,F I,57,98.25
2025-12-16,9:50:18.094256085,T,TGT,F,100,98.25
2025-12-16,9:50:18.094674183,T,TGT,I,13,98.25
2025-12-16,9:50:18.137240524,T,TGT,I,57,98.26
2025-12-16,9:50:23.222595571,T,TGT,,100,98.23
2025-12-16,9:50:23.414639061,T,TGT,I,5,98.22
2025-12-16,9:50:26.899725811,T,TGT,I,5,98.19
2025-12-16,9:50:26.900074640,T,TGT,F I,5,98.21
2025-12-16,9:50:29.079306336,T,TGT,F I,90,98.21
2025-12-16,9:50:29.079306336,T,TGT,F I,10,98.21
2025-12-16,9:50:29.079309292,T,TGT,F I,15,98.21
2025-12-16,9:50:29.079324336,T,TGT,F I,1,98.21
2025-12-16,9:50:29.079324336,T,TGT,F I,5,98.21
2025-12-16,9:50:29.079330456,T,TGT,F I,38,98.21
2025-12-16,9:50:29.079330456,T,TGT,F,100,98.21
2025-12-16,9:50:29.079333314,T,TGT,F,100,98.21
2025-12-16,9:50:29.079333314,T,TGT,F I,37,98.21
2025-12-16,9:50:29.079336391,T,TGT,F I,27,98.21
2025-12-16,9:50:40.544492671,T,TGT,I,1,98.205
2025-12-16,9:50:48.929819654,T,TGT,,100,98.22
2025-12-16,9:50:48.929822653,T,TGT,I,10,98.22
2025-12-16,9:50:48.929822653,T,TGT,I,67,98.22
2025-12-16,9:50:48.930177418,T,TGT,F I,2,98.23
2025-12-16,9:50:48.930318687,T,TGT,F I,1,98.25
2025-12-16,9:50:48.986760161,T,TGT,I,78,98.235
2025-12-16,9:50:49.761387752,T,TGT,F I,50,98.23
2025-12-16,9:50:49.762666415,T,TGT,F I,50,98.23
2025-12-16,9:50:49.766427795,T,TGT,F I,30,98.24
2025-12-16,9:50:49.766427795,T,TGT,F I,20,98.27
2025-12-16,9:50:49.766427795,T,TGT,F I,6,98.27
2025-12-16,9:50:49.766430719,T,TGT,F I,70,98.27
2025-12-16,9:50:49.767480174,T,TGT,F I,30,98.27
2025-12-16,9:50:49.776197917,T,TGT,F I,30,98.26
2025-12-16,9:50:49.782678467,T,TGT,F I,11,98.29
2025-12-16,9:50:49.782682010,T,TGT,F I,20,98.29
2025-12-16,9:50:49.878294246,T,TGT,I,42,98.29
2025-12-16,9:50:52.319666537,T,TGT,F I,58,98.29
2025-12-16,9:50:52.319672373,T,TGT,F I,75,98.29
2025-12-16,9:50:52.319675432,T,TGT,F I,25,98.29
2025-12-16,9:50:52.319678691,T,TGT,F,100,98.29
2025-12-16,9:50:52.319678691,T,TGT,F I,8,98.29
2025-12-16,9:50:52.319687687,T,TGT,I,20,98.29
2025-12-16,9:50:52.319690387,T,TGT,I,1,98.29
2025-12-16,9:50:52.319696419,T,TGT,F I,3,98.29
2025-12-16,9:50:52.319708443,T,TGT,F I,52,98.29
2025-12-16,9:50:52.319774651,T,TGT,I,16,98.29
2025-12-16,9:50:52.319774651,T,TGT,I,84,98.29
2025-12-16,9:50:52.319801708,T,TGT,I,16,98.29
2025-12-16,9:50:52.837030992,T,TGT,F I,25,98.29
2025-12-16,9:50:52.837484980,T,TGT,F,100,98.28
2025-12-16,9:50:52.837512049,T,TGT,I,1,98.28
2025-12-16,9:50:52.837512049,T,TGT,I,61,98.28
2025-12-16,9:50:57.192869149,T,TGT,F I,1,98.3
2025-12-16,9:50:57.192869149,T,TGT,F I,94,98.3
2025-12-16,9:50:57.192872073,T,TGT,F I,6,98.3
2025-12-16,9:51:01.654303892,T,TGT,I,3,98.31
2025-12-16,9:51:04.220058363,T,TGT,F I,1,98.33
2025-12-16,9:51:04.220058363,T,TGT,F I,1,98.33
2025-12-16,9:51:09.999993364,T,TGT,I,80,98.365
2025-12-16,9:51:16.703909559,T,TGT,F,100,98.38
2025-12-16,9:51:16.703912554,T,TGT,F I,66,98.39
2025-12-16,9:51:16.703933696,T,TGT,I,1,98.39
2025-12-16,9:51:16.703933696,T,TGT,I,20,98.39
2025-12-16,9:51:16.704023888,T,TGT,I,8,98.39
2025-12-16,9:51:16.704023888,T,TGT,I,10,98.39
2025-12-16,9:51:16.704411774,T,TGT,F I,11,98.39
2025-12-16,9:51:16.704637309,T,TGT,I,4,98.39
2025-12-16,9:51:16.704637309,T,TGT,I,4,98.39
2025-12-16,9:51:16.894401680,T,TGT,I,10,98.4
2025-12-16,9:51:16.894404372,T,TGT,,120,98.4
2025-12-16,9:51:16.894407376,T,TGT,I,4,98.4
2025-12-16,9:51:21.335627981,T,TGT,F I,1,98.41
2025-12-16,9:51:21.335673028,T,TGT,I,49,98.41
2025-12-16,9:51:21.337853269,T,TGT,I,80,98.41
2025-12-16,9:51:22.957202060,T,TGT,I,20,98.41
2025-12-16,9:51:22.957358415,T,TGT,I,80,98.41
2025-12-16,9:51:22.959758160,T,TGT,F,100,98.4
2025-12-16,9:51:22.959761158,T,TGT,F I,35,98.4
2025-12-16,9:51:22.959764137,T,TGT,F I,27,98.4
2025-12-16,9:51:26.636825255,T,TGT,F I,50,98.37
2025-12-16,9:51:26.636886000,T,TGT,F I,50,98.37
2025-12-16,9:51:26.636942633,T,TGT,F I,91,98.36
2025-12-16,9:51:26.636966680,T,TGT,F I,9,98.36
2025-12-16,9:51:26.636966680,T,TGT,F I,10,98.36
2025-12-16,9:51:26.643597392,T,TGT,,100,98.35
2025-12-16,9:51:35.333008682,T,TGT,I,1,98.33
2025-12-16,9:51:35.333029812,T,TGT,I,1,98.33
2025-12-16,9:51:35.671296661,T,TGT,F I,50,98.34
2025-12-16,9:51:48.047512226,T,TGT,I,1,98.33
2025-12-16,9:52:01.415595788,T,TGT,F I,1,98.29
2025-12-16,9:52:01.415815363,T,TGT,F,100,98.28
2025-12-16,9:52:01.415815363,T,TGT,F I,33,98.28
2025-12-16,9:52:03.252846770,T,TGT,,100,98.185
2025-12-16,9:52:03.401917893,T,TGT,F I,1,98.22
2025-12-16,9:52:03.402107409,T,TGT,F I,9,98.22
2025-12-16,9:52:03.402110809,T,TGT,F I,12,98.22
2025-12-16,9:52:03.402110809,T,TGT,F I,76,98.22
2025-12-16,9:52:03.402113424,T,TGT,F I,24,98.22
2025-12-16,9:52:03.629021939,T,TGT,F I,11,98.22
2025-12-16,9:52:03.629021939,T,TGT,F I,39,98.2
2025-12-16,9:52:12.689075412,T,TGT,F I,50,98.25
2025-12-16,9:52:12.689114430,T,TGT,F I,50,98.25
2025-12-16,9:52:28.039018372,T,TGT,F I,50,98.25
2025-12-16,9:52:28.092792490,T,TGT,I,68,98.25
2025-12-16,9:53:01.723713415,T,TGT,I,1,98.21
2025-12-16,9:53:04.852033207,T,TGT,F I,6,98.25
2025-12-16,9:53:04.870262604,T,TGT,I,35,98.25
2025-12-16,9:53:17.215441338,T,TGT,F,171,98.25
2025-12-16,9:53:17.216045823,T,TGT,F I,1,98.27
2025-12-16,9:53:17.216049232,T,TGT,F I,10,98.27
2025-12-16,9:53:17.216052144,T,TGT,F I,2,98.27
2025-12-16,9:53:17.216052144,T,TGT,F I,2,98.27
2025-12-16,9:53:17.216054825,T,TGT,F,100,98.27
2025-12-16,9:53:17.294274181,T,TGT,F,100,98.28
2025-12-16,9:53:17.294274181,T,TGT,F I,10,98.28
2025-12-16,9:53:17.294304227,T,TGT,F I,50,98.27
2025-12-16,9:53:17.294358382,T,TGT,F I,23,98.27
2025-12-16,9:53:31.623303070,T,TGT,I,2,98.255
2025-12-16,9:53:31.623306071,T,TGT,,136,98.255
2025-12-16,9:53:36.361150386,T,TGT,,100,98.255
2025-12-16,9:53:36.361174522,T,TGT,I,50,98.255
2025-12-16,9:53:36.362419466,T,TGT,F I,13,98.23
2025-12-16,9:53:36.362446508,T,TGT,F I,87,98.23
2025-12-16,9:53:36.362449532,T,TGT,F I,10,98.22
2025-12-16,9:53:36.362452536,T,TGT,F I,3,98.22
2025-12-16,9:53:36.363571218,T,TGT,F I,10,98.21
2025-12-16,9:53:36.363607638,T,TGT,F I,1,98.21
2025-12-16,9:53:40.559443143,T,TGT,F I,10,98.21
2025-12-16,9:53:40.559446197,T,TGT,F,100,98.21
2025-12-16,9:53:40.574457971,T,TGT,I,27,98.21
2025-12-16,9:53:52.037430989,T,TGT,F I,10,98.19
2025-12-16,9:53:52.037470069,T,TGT,I,10,98.19
2025-12-16,9:53:52.037470069,T,TGT,I,30,98.19
2025-12-16,9:53:52.038089538,T,TGT,F I,24,98.17
2025-12-16,9:53:52.038110520,T,TGT,I,10,98.17
2025-12-16,9:53:52.038916435,T,TGT,F I,5,98.16
2025-12-16,9:53:52.039382568,T,TGT,F I,2,98.15
2025-12-16,9:53:52.040741873,T,TGT,F I,64,98.14
2025-12-16,9:53:52.040765993,T,TGT,I,36,98.14
2025-12-16,9:53:52.040765993,T,TGT,I,2,98.14
2025-12-16,9:53:52.041027482,T,TGT,F I,2,98.13
2025-12-16,9:53:58.075771499,T,TGT,F I,10,98.15
2025-12-16,9:53:58.081845970,T,TGT,I,14,98.13
2025-12-16,9:53:58.081871071,T,TGT,I,18,98.13
2025-12-16,9:53:58.083830736,T,TGT,,100,98.13
2025-12-16,9:53:59.583226813,T,TGT,F,137,98.12
2025-12-16,9:53:59.583245344,T,TGT,I,1,98.12
2025-12-16,9:53:59.583247790,T,TGT,F I,9,98.12
2025-12-16,9:54:04.631653959,T,TGT,F I,37,98.08
2025-12-16,9:54:04.632616271,T,TGT,I,3,98.07
2025-12-16,9:54:04.632637305,T,TGT,F I,46,98.07
2025-12-16,9:54:27.060644864,T,TGT,I,50,98.055
2025-12-16,9:54:27.060650976,T,TGT,I,50,98.055
2025-12-16,9:54:32.451654145,T,TGT,I,1,98.055
2025-12-16,9:54:48.706510133,T,TGT,I,40,98.055
2025-12-16,9:54:51.703732618,T,TGT,I,2,98.06
2025-12-16,9:54:51.852716749,T,TGT,I,9,98.09
2025-12-16,9:54:51.852767636,T,TGT,I,21,98.06
2025-12-16,9:54:51.852930024,T,TGT,I,26,98.08
2025-12-16,9:54:51.852930024,T,TGT,I,1,98.09
2025-12-16,9:54:51.852933025,T,TGT,I,2,98.09
2025-12-16,9:54:51.854608369,T,TGT,I,15,98.07
2025-12-16,9:54:51.854608369,T,TGT,I,22,98.07
2025-12-16,9:54:56.067578838,T,TGT,F I,10,98.02
2025-12-16,9:54:56.125178111,T,TGT,F,200,98.02
2025-12-16,9:55:01.149947884,T,TGT,F I,5,98.0
2025-12-16,9:55:01.149950895,T,TGT,F I,36,98.0
2025-12-16,9:55:01.706020596,T,TGT,I,3,97.98
2025-12-16,9:55:02.084027199,T,TGT,F I,50,98.0
2025-12-16,9:55:02.084162536,T,TGT,,100,98.0
2025-12-16,9:55:02.648408755,T,TGT,F I,50,98.0
2025-12-16,9:55:02.648450839,T,TGT,F I,50,98.0
2025-12-16,9:55:02.648483961,T,TGT,F I,50,98.0
2025-12-16,9:55:02.648519971,T,TGT,F I,50,98.0
2025-12-16,9:55:02.648550126,T,TGT,F I,50,98.0
2025-12-16,9:55:02.648583132,T,TGT,F I,50,98.0
2025-12-16,9:55:02.648619214,T,TGT,F I,50,98.0
2025-12-16,9:55:02.648652301,T,TGT,F I,20,98.0
2025-12-16,9:55:05.104546426,T,TGT,F I,11,98.01
2025-12-16,9:55:05.104546426,T,TGT,F I,15,98.01
2025-12-16,9:55:05.104549051,T,TGT,F I,11,98.01
2025-12-16,9:55:06.699263259,T,TGT,F I,1,98.03
2025-12-16,9:55:06.699780509,T,TGT,I,6,98.05
2025-12-16,9:55:16.252097840,T,TGT,F I,10,98.06
2025-12-16,9:55:16.252097840,T,TGT,F I,1,98.06
2025-12-16,9:55:16.252100679,T,TGT,F I,1,98.06
2025-12-16,9:55:16.252103606,T,TGT,F I,2,98.06
2025-12-16,9:55:16.720166273,T,TGT,F I,1,98.09
2025-12-16,9:55:16.720168618,T,TGT,F I,1,98.09
2025-12-16,9:55:18.931574032,T,TGT,I,86,98.08
2025-12-16,9:55:18.931574032,T,TGT,I,14,98.075
2025-12-16,9:55:19.520277610,T,TGT,F I,50,98.075
2025-12-16,9:55:19.520301622,T,TGT,I,50,98.075
2025-12-16,9:55:50.468601015,T,TGT,I,30,98.07
2025-12-16,9:55:50.468601015,T,TGT,I,70,98.07
2025-12-16,9:55:50.468643253,T,TGT,I,30,98.07
2025-12-16,9:55:50.468645738,T,TGT,,100,98.06
2025-12-16,9:55:50.468648768,T,TGT,,100,98.06
2025-12-16,9:55:50.468651832,T,TGT,,100,98.05
2025-12-16,9:55:50.468651832,T,TGT,,100,98.05
2025-12-16,9:55:50.468654776,T,TGT,I,80,98.05
2025-12-16,9:55:50.468696915,T,TGT,I,76,98.05
2025-12-16,9:55:50.469106074,T,TGT,,100,98.05
2025-12-16,9:55:50.469106074,T,TGT,,100,98.05
2025-12-16,9:55:50.469123980,T,TGT,F I,85,98.06
2025-12-16,9:55:50.469148020,T,TGT,I,15,98.06
2025-12-16,9:55:50.469153995,T,TGT,I,5,98.06
2025-12-16,9:55:50.469157021,T,TGT,F I,15,98.06
2025-12-16,9:55:50.469160042,T,TGT,F I,3,98.06
2025-12-16,9:55:50.469160042,T,TGT,I,1,98.06
2025-12-16,9:55:50.469175076,T,TGT,F I,2,98.06
2025-12-16,9:55:50.469211095,T,TGT,I,83,98.06
2025-12-16,9:55:50.469214107,T,TGT,I,2,98.06
2025-12-16,9:55:50.469235151,T,TGT,I,13,98.06
2025-12-16,9:55:50.469247222,T,TGT,I,24,98.06
2025-12-16,9:55:55.929174782,T,TGT,I,2,98.055
2025-12-16,9:55:55.929177846,T,TGT,I,83,98.055
2025-12-16,9:55:55.929177846,T,TGT,I,50,98.055
2025-12-16,9:56:02.516000841,T,TGT,F I,50,98.06
2025-12-16,9:56:02.516045963,T,TGT,F I,20,98.06
2025-12-16,9:56:10.393730499,T,TGT,F I,10,98.08
2025-12-16,9:56:22.625623282,T,TGT,I,1,98.075
2025-12-16,9:56:27.428061340,T,TGT,F I,19,98.075
2025-12-16,9:56:31.724814826,T,TGT,I,3,98.075
2025-12-16,9:56:33.741100374,T,TGT,I,53,98.06
2025-12-16,9:56:34.177921034,T,TGT,F I,10,98.05
2025-12-16,9:56:34.177923983,T,TGT,F,100,98.05
2025-12-16,9:56:47.351985344,T,TGT,F,100,98.03
2025-12-16,9:56:47.352099888,T,TGT,,100,98.02
2025-12-16,9:56:47.363659436,T,TGT,F I,11,98.02
2025-12-16,9:56:47.363659436,T,TGT,I,1,98.005
2025-12-16,9:56:47.364062044,T,TGT,F I,81,98.03
2025-12-16,9:56:47.364080151,T,TGT,I,19,98.03
2025-12-16,9:56:47.414044311,T,TGT,,100,98.04
2025-12-16,9:56:47.414047196,T,TGT,,100,98.04
2025-12-16,9:56:47.978401725,T,TGT,F I,1,98.08
2025-12-16,9:56:47.978401725,T,TGT,F I,20,98.08
2025-12-16,9:56:47.978404628,T,TGT,F I,5,98.08
2025-12-16,9:57:26.076425948,T,TGT,,100,98.045
2025-12-16,9:57:30.357668489,T,TGT,I,10,98.045
2025-12-16,9:57:30.357671496,T,TGT,I,1,98.045
2025-12-16,9:57:36.013723271,T,TGT,I,11,98.045
2025-12-16,9:57:47.024371368,T,TGT,I,5,98.09
2025-12-16,9:57:47.024371368,T,TGT,I,1,98.09
2025-12-16,9:57:47.024373526,T,TGT,I,1,98.09
2025-12-16,9:57:47.024376581,T,TGT,I,12,98.09
2025-12-16,9:57:47.060982849,T,TGT,I,5,98.1
2025-12-16,9:57:47.060982849,T,TGT,I,80,98.1
2025-12-16,9:57:47.060985815,T,TGT,I,20,98.1
2025-12-16,9:57:47.060985815,T,TGT,I,13,98.1
2025-12-16,9:57:47.157467658,T,TGT,,102,98.12
2025-12-16,9:57:57.359326122,T,TGT,F,100,98.05
2025-12-16,9:57:57.360544089,T,TGT,I,50,98.03
2025-12-16,9:58:01.559862352,T,TGT,I,28,98.04
2025-12-16,9:58:01.654097926,T,TGT,,100,98.05
2025-12-16,9:58:01.654097926,T,TGT,I,11,98.06
2025-12-16,9:58:01.654120270,T,TGT,I,20,98.06
2025-12-16,9:58:01.654120270,T,TGT,I,60,98.06
2025-12-16,9:58:01.654122095,T,TGT,I,20,98.06
2025-12-16,9:58:01.654329565,T,TGT,I,60,98.06
2025-12-16,9:58:01.654332612,T,TGT,I,80,98.06
2025-12-16,9:58:01.654335413,T,TGT,,100,98.06
2025-12-16,9:58:01.654945927,T,TGT,F I,1,98.04
2025-12-16,9:58:01.655126341,T,TGT,I,11,98.03
2025-12-16,9:58:01.655129307,T,TGT,I,16,98.03
2025-12-16,9:58:01.711276129,T,TGT,F,100,98.05
2025-12-16,9:58:01.711276129,T,TGT,F I,14,98.05
2025-12-16,9:58:01.711279238,T,TGT,F I,73,98.05
2025-12-16,9:58:01.711282079,T,TGT,F I,3,98.05
2025-12-16,9:58:01.711285919,T,TGT,F I,67,98.05
2025-12-16,9:58:01.711285919,T,TGT,F,395,98.05
2025-12-16,9:58:01.711285919,T,TGT,F I,20,98.05
2025-12-16,9:58:01.711288554,T,TGT,F I,11,98.05
2025-12-16,9:58:01.711291759,T,TGT,F I,16,98.05
2025-12-16,9:58:01.711291759,T,TGT,F I,11,98.06
2025-12-16,9:58:01.711294177,T,TGT,F I,11,98.06
2025-12-16,9:58:01.711330171,T,TGT,F I,5,98.05
2025-12-16,9:58:01.711333240,T,TGT,F I,2,98.05
2025-12-16,9:58:01.711796351,T,TGT,I,1,98.05
2025-12-16,9:58:01.711796351,T,TGT,,140,98.05
2025-12-16,9:58:01.711817384,T,TGT,I,1,98.05
2025-12-16,9:58:01.711820377,T,TGT,,100,98.06
2025-12-16,9:58:01.711853468,T,TGT,F I,3,98.06
2025-12-16,9:58:15.387176005,T,TGT,F I,2,98.05
2025-12-16,9:58:33.715014529,T,TGT,I,4,98.07
2025-12-16,9:58:33.716584189,T,TGT,F I,10,98.01
2025-12-16,9:58:33.767053440,T,TGT,,100,98.0
2025-12-16,9:58:47.642388595,T,TGT,I,7,97.97
2025-12-16,9:58:47.642397606,T,TGT,I,6,97.97
2025-12-16,9:58:47.642409670,T,TGT,F I,7,97.97
2025-12-16,9:58:51.421927789,T,TGT,I,43,97.88
2025-12-16,9:59:01.084150815,T,TGT,I,2,97.87
2025-12-16,9:59:22.975000453,T,TGT,I,6,97.76
2025-12-16,9:59:46.267044557,T,TGT,F,100,97.83
2025-12-16,9:59:46.267047554,T,TGT,F I,50,97.83
2025-12-16,9:59:46.267047554,T,TGT,F I,13,97.83
2025-12-16,9:59:46.268133120,T,TGT,I,3,97.86
2025-12-16,9:59:46.268154131,T,TGT,F I,9,97.84
2025-12-16,9:59:47.556693950,T,TGT,I,10,97.86
2025-12-16,9:59:57.845273099,T,TGT,I,14,97.845
2025-12-16,10:00:01.901525591,T,TGT,I,12,97.89
2025-12-16,10:00:06.628709458,T,TGT,,100,97.865
2025-12-16,10:00:11.301740312,T,TGT,,100,97.86
2025-12-16,10:00:11.313065312,T,TGT,,100,97.86
2025-12-16,10:00:11.313356933,T,TGT,I,50,97.86
2025-12-16,10:00:14.261767100,T,TGT,I,30,97.86
2025-12-16,10:00:18.306273612,T,TGT,F I,28,97.84
2025-12-16,10:00:25.466782426,T,TGT,I,10,97.83
2025-12-16,10:00:25.468024361,T,TGT,F I,50,97.82
2025-12-16,10:00:25.468517628,T,TGT,F I,10,97.82
2025-12-16,10:00:25.496842089,T,TGT,I,36,97.8
2025-12-16,10:00:40.613005233,T,TGT,I,10,97.805
2025-12-16,10:00:41.764349185,T,TGT,I,1,97.805
2025-12-16,10:00:43.096784522,T,TGT,I,5,97.81
2025-12-16,10:00:45.967672994,T,TGT,I,50,97.795
2025-12-16,10:00:46.620859063,T,TGT,F I,2,97.795
2025-12-16,10:00:48.790807989,T,TGT,I,60,97.82
2025-12-16,10:00:48.790810643,T,TGT,I,10,97.82
2025-12-16,10:00:48.790813696,T,TGT,,200,97.82
2025-12-16,10:00:48.790816732,T,TGT,I,36,97.82
2025-12-16,10:00:51.266302240,T,TGT,F I,4,97.83
2025-12-16,10:00:53.700890228,T,TGT,F I,7,97.78
2025-12-16,10:00:53.866410537,T,TGT,F I,1,97.77
2025-12-16,10:00:53.876331246,T,TGT,F I,23,97.76
2025-12-16,10:00:53.876355326,T,TGT,F I,77,97.76
2025-12-16,10:00:53.891526377,T,TGT,F,100,97.75
2025-12-16,10:00:58.045941816,T,TGT,I,6,97.71
2025-12-16,10:00:59.358418564,T,TGT,F I,1,97.76
2025-12-16,10:00:59.378362576,T,TGT,F I,13,97.74
2025-12-16,10:00:59.378362576,T,TGT,F I,16,97.74
2025-12-16,10:00:59.378365072,T,TGT,F I,89,97.74
2025-12-16,10:00:59.378389216,T,TGT,F I,11,97.74
2025-12-16,10:00:59.378392851,T,TGT,F,100,97.74
2025-12-16,10:00:59.378396235,T,TGT,F,100,97.74
2025-12-16,10:00:59.378396235,T,TGT,F,100,97.74
2025-12-16,10:00:59.378401339,T,TGT,F,100,97.74
2025-12-16,10:00:59.378401339,T,TGT,F,100,97.74
2025-12-16,10:00:59.378404168,T,TGT,F I,18,97.74
2025-12-16,10:00:59.378404168,T,TGT,F,292,97.74
2025-12-16,10:00:59.378407367,T,TGT,F I,11,97.74
2025-12-16,10:00:59.378407367,T,TGT,F,883,97.74
2025-12-16,10:01:12.028355913,T,TGT,F,100,97.7
2025-12-16,10:01:12.028355913,T,TGT,F I,6,97.7
2025-12-16,10:01:12.028374290,T,TGT,I,94,97.7
2025-12-16,10:01:14.033526934,T,TGT,F I,13,97.73
2025-12-16,10:01:14.033999058,T,TGT,F I,91,97.74
2025-12-16,10:01:14.034020061,T,TGT,I,9,97.74
2025-12-16,10:01:14.036885895,T,TGT,F,100,97.745
2025-12-16,10:01:14.036885895,T,TGT,F I,6,97.74
2025-12-16,10:01:14.036924960,T,TGT,I,94,97.74
2025-12-16,10:01:14.597962548,T,TGT,F I,50,97.75
2025-12-16,10:01:14.599655652,T,TGT,,100,97.775
2025-12-16,10:01:15.642410892,T,TGT,I,4,97.765
2025-12-16,10:01:19.905535249,T,TGT,F I,9,97.72
2025-12-16,10:01:33.007094435,T,TGT,I,5,97.71
2025-12-16,10:01:33.007114924,T,TGT,F I,7,97.7
2025-12-16,10:01:33.008110287,T,TGT,I,3,97.7
2025-12-16,10:01:33.012596952,T,TGT,I,1,97.71
2025-12-16,10:01:33.012888674,T,TGT,,100,97.71
2025-12-16,10:01:33.023846926,T,TGT,,100,97.71
2025-12-16,10:01:39.888859689,T,TGT,I,20,97.68
2025-12-16,10:01:41.773750213,T,TGT,I,1,97.68
2025-12-16,10:01:43.164103506,T,TGT,I,5,97.67
2025-12-16,10:01:54.297049368,T,TGT,I,50,97.665
2025-12-16,10:02:02.084449718,T,TGT,I,4,97.665
2025-12-16,10:02:02.331737836,T,TGT,I,49,97.62
2025-12-16,10:02:02.331737836,T,TGT,I,5,97.62
2025-12-16,10:02:02.331740805,T,TGT,I,5,97.62
2025-12-16,10:02:07.234609833,T,TGT,I,10,97.6
2025-12-16,10:02:07.234612195,T,TGT,I,17,97.6
2025-12-16,10:02:07.234615205,T,TGT,,100,97.6
2025-12-16,10:02:07.234681325,T,TGT,F,100,97.6
2025-12-16,10:02:07.234681325,T,TGT,F I,17,97.6
2025-12-16,10:02:07.234684372,T,TGT,I,1,97.6
2025-12-16,10:02:07.274592410,T,TGT,F I,82,97.605
2025-12-16,10:02:07.285706950,T,TGT,F I,13,97.595
2025-12-16,10:02:09.879867077,T,TGT,I,74,97.62
2025-12-16,10:02:10.890523841,T,TGT,I,13,97.64
2025-12-16,10:02:10.896234491,T,TGT,I,10,97.655
2025-12-16,10:02:27.705638548,T,TGT,,100,97.61
2025-12-16,10:02:27.896091257,T,TGT,,100,97.6
2025-12-16,10:02:27.896106211,T,TGT,F I,5,97.6
2025-12-16,10:02:27.896806914,T,TGT,I,13,97.59
2025-12-16,10:02:27.949396185,T,TGT,I,10,97.58
2025-12-16,10:02:27.949693918,T,TGT,I,68,97.56
2025-12-16,10:02:27.949693918,T,TGT,I,11,97.56
2025-12-16,10:02:27.949715136,T,TGT,I,1,97.56
2025-12-16,10:02:30.762172005,T,TGT,F,100,97.55
2025-12-16,10:02:30.762174498,T,TGT,F I,9,97.55
2025-12-16,10:02:30.762174498,T,TGT,F I,11,97.55
2025-12-16,10:02:38.042320303,T,TGT,F I,1,97.5
2025-12-16,10:02:38.042323313,T,TGT,F I,59,97.5
2025-12-16,10:02:38.042348059,T,TGT,F I,51,97.5
2025-12-16,10:02:38.042353531,T,TGT,F,200,97.5
2025-12-16,10:02:38.042353531,T,TGT,F,100,97.5
2025-12-16,10:02:38.042356556,T,TGT,F I,37,97.5
2025-12-16,10:02:50.355565921,T,TGT,I,6,97.44
2025-12-16,10:02:54.377545668,T,TGT,,100,97.45
2025-12-16,10:02:57.961995111,T,TGT,,200,97.45
2025-12-16,10:03:01.266549936,T,TGT,,180,97.45
2025-12-16,10:03:04.688028973,T,TGT,I,4,97.45
2025-12-16,10:03:07.400364776,T,TGT,I,16,97.45
2025-12-16,10:03:07.400364776,T,TGT,I,10,97.45
2025-12-16,10:03:15.786918500,T,TGT,F I,50,97.43
2025-12-16,10:03:15.786960609,T,TGT,F I,19,97.43
2025-12-16,10:03:20.323378920,T,TGT,I,2,97.38
2025-12-16,10:03:22.867277516,T,TGT,I,5,97.38
2025-12-16,10:03:22.867325571,T,TGT,I,55,97.38
2025-12-16,10:03:33.272092456,T,TGT,I,5,97.4
2025-12-16,10:03:37.243596937,T,TGT,F I,50,97.4
2025-12-16,10:03:37.243645065,T,TGT,F I,50,97.4
2025-12-16,10:03:44.642354660,T,TGT,F I,60,97.41
2025-12-16,10:03:44.642354660,T,TGT,F I,71,97.41
2025-12-16,10:03:44.642357529,T,TGT,F I,10,97.41
2025-12-16,10:03:44.642360564,T,TGT,F,100,97.41
2025-12-16,10:03:44.642369593,T,TGT,F,100,97.41
2025-12-16,10:03:44.642375991,T,TGT,F I,20,97.41
2025-12-16,10:03:44.662403257,T,TGT,I,12,97.42
2025-12-16,10:03:44.662421388,T,TGT,I,2,97.42
2025-12-16,10:03:44.662424376,T,TGT,I,12,97.42
2025-12-16,10:03:48.045450923,T,TGT,,100,97.45
2025-12-16,10:03:58.949010207,T,TGT,F I,10,97.4
2025-12-16,10:03:58.949010207,T,TGT,F I,5,97.4
2025-12-16,10:04:06.749990888,T,TGT,I,2,97.375
2025-12-16,10:04:15.935848831,T,TGT,I,44,97.385
2025-12-16,10:04:30.460027728,T,TGT,,100,97.385
2025-12-16,10:04:30.460030646,T,TGT,,150,97.385
2025-12-16,10:04:39.468622431,T,TGT,F I,19,97.39
2025-12-16,10:04:39.468626261,T,TGT,F I,11,97.39
2025-12-16,10:04:39.468631738,T,TGT,F,200,97.39
2025-12-16,10:04:39.468631738,T,TGT,F I,5,97.39
2025-12-16,10:04:39.468635171,T,TGT,F I,20,97.39
2025-12-16,10:04:39.468637540,T,TGT,F I,20,97.39
2025-12-16,10:04:39.468637540,T,TGT,F I,6,97.39
2025-12-16,10:04:39.468640447,T,TGT,F I,21,97.39
2025-12-16,10:04:39.469133622,T,TGT,F I,3,97.41
2025-12-16,10:04:39.469145662,T,TGT,F I,1,97.41
2025-12-16,10:04:39.469163820,T,TGT,F I,1,97.41
2025-12-16,10:04:39.469287039,T,TGT,F I,15,97.41
2025-12-16,10:04:39.469289997,T,TGT,F I,20,97.41
2025-12-16,10:04:39.469296058,T,TGT,F I,60,97.42
2025-12-16,10:04:39.469296058,T,TGT,F,100,97.42
2025-12-16,10:04:39.469299082,T,TGT,F I,13,97.42
2025-12-16,10:04:39.469305100,T,TGT,F I,87,97.42
2025-12-16,10:04:39.469482507,T,TGT,F I,10,97.41
2025-12-16,10:04:39.469729318,T,TGT,F I,20,97.43
2025-12-16,10:04:39.469729318,T,TGT,F I,7,97.43
2025-12-16,10:04:39.469753123,T,TGT,I,93,97.43
2025-12-16,10:04:39.469756123,T,TGT,I,20,97.43
2025-12-16,10:04:39.469756123,T,TGT,I,20,97.43
2025-12-16,10:04:40.991200817,T,TGT,,100,97.425
2025-12-16,10:04:40.991227789,T,TGT,F I,50,97.425
2025-12-16,10:04:40.991291006,T,TGT,,123,97.425
2025-12-16,10:04:41.803147055,T,TGT,I,4,97.425
2025-12-16,10:04:59.519057826,T,TGT,F I,50,97.41
2025-12-16,10:05:00.586315446,T,TGT,F I,1,97.4
2025-12-16,10:05:00.586333469,T,TGT,F I,9,97.4
2025-12-16,10:05:09.624446520,T,TGT,F I,50,97.43
2025-12-16,10:05:26.231964722,T,TGT,F I,50,97.42
2025-12-16,10:05:26.669058982,T,TGT,F I,39,97.43
2025-12-16,10:05:26.826697518,T,TGT,F I,10,97.43
2025-12-16,10:05:26.826787795,T,TGT,F I,10,97.43
2025-12-16,10:05:26.826920115,T,TGT,I,10,97.43
2025-12-16,10:05:26.826935097,T,TGT,I,69,97.43
2025-12-16,10:05:26.827016308,T,TGT,F I,10,97.44
2025-12-16,10:05:40.675326169,T,TGT,F I,1,97.46
2025-12-16,10:05:40.675329054,T,TGT,F I,19,97.46
2025-12-16,10:05:40.675593683,T,TGT,F I,1,97.47
2025-12-16,10:05:40.725687042,T,TGT,,100,97.48
2025-12-16,10:05:40.904309512,T,TGT,I,5,97.52
2025-12-16,10:05:41.520164754,T,TGT,I,19,97.525
2025-12-16,10:05:41.675674221,T,TGT,I,81,97.525
2025-12-16,10:05:44.717841776,T,TGT,F I,19,97.54
2025-12-16,10:06:04.079703287,T,TGT,F I,24,97.5
2025-12-16,10:06:04.079813962,T,TGT,F I,10,97.51
2025-12-16,10:06:27.461185737,T,TGT,F I,50,97.51
2025-12-16,10:06:29.387124163,T,TGT,,100,97.51
2025-12-16,10:06:32.718731583,T,TGT,F I,1,97.54
2025-12-16,10:06:32.718755302,T,TGT,F I,40,97.54
2025-12-16,10:06:32.719636325,T,TGT,F I,1,97.55
2025-12-16,10:06:32.802688216,T,TGT,,100,97.55
2025-12-16,10:06:32.803163350,T,TGT,F I,10,97.56
2025-12-16,10:07:01.225739319,T,TGT,F I,50,97.62
2025-12-16,10:07:01.225862600,T,TGT,I,46,97.62
2025-12-16,10:07:01.226307766,T,TGT,F I,50,97.63
2025-12-16,10:07:01.226307766,T,TGT,F I,10,97.64
2025-12-16,10:07:01.226311904,T,TGT,F,100,97.64
2025-12-16,10:07:01.226316189,T,TGT,F I,15,97.64
2025-12-16,10:07:01.226321052,T,TGT,F I,10,97.64
2025-12-16,10:07:01.226326027,T,TGT,I,20,97.64
2025-12-16,10:07:01.226330150,T,TGT,I,1,97.64
2025-12-16,10:07:01.226352869,T,TGT,I,1,97.64
2025-12-16,10:07:01.226352869,T,TGT,F I,28,97.64
2025-12-16,10:07:01.226401075,T,TGT,I,13,97.63
2025-12-16,10:07:01.226773731,T,TGT,I,13,97.64
2025-12-16,10:07:01.229423033,T,TGT,I,10,97.64
2025-12-16,10:07:01.230604939,T,TGT,I,20,97.65
2025-12-16,10:07:01.240498429,T,TGT,F,100,97.64
2025-12-16,10:07:01.266450299,T,TGT,F I,54,97.63
2025-12-16,10:07:05.838216716,T,TGT,F I,6,97.59
2025-12-16,10:07:05.838220857,T,TGT,F I,2,97.59
2025-12-16,10:07:05.838235891,T,TGT,F I,1,97.59
2025-12-16,10:07:05.838254704,T,TGT,I,1,97.59
2025-12-16,10:07:05.838656895,T,TGT,F I,50,97.59
2025-12-16,10:07:05.838660068,T,TGT,F I,4,97.59
2025-12-16,10:07:05.839345597,T,TGT,F I,1,97.6
2025-12-16,10:07:19.430620975,T,TGT,F I,97,97.62
2025-12-16,10:07:19.430620975,T,TGT,F I,18,97.63
2025-12-16,10:07:19.430647998,T,TGT,F I,82,97.63
2025-12-16,10:07:19.430647998,T,TGT,F I,15,97.63
2025-12-16,10:07:19.434945312,T,TGT,,100,97.63
2025-12-16,10:07:27.035745072,T,TGT,F I,10,97.65
2025-12-16,10:08:14.364175686,T,TGT,F I,2,97.65
2025-12-16,10:08:14.364179200,T,TGT,F,100,97.66
2025-12-16,10:08:14.364181829,T,TGT,F I,8,97.66
2025-12-16,10:08:14.364181829,T,TGT,F I,2,97.66
2025-12-16,10:08:14.364184574,T,TGT,F I,20,97.66
2025-12-16,10:08:14.364193551,T,TGT,F I,3,97.66
2025-12-16,10:08:14.364199596,T,TGT,F,100,97.66
2025-12-16,10:08:14.364199596,T,TGT,F I,32,97.66
2025-12-16,10:08:15.316174418,T,TGT,F I,14,97.64
2025-12-16,10:08:33.673498261,T,TGT,F,100,97.61
2025-12-16,10:09:12.510055120,T,TGT,,100,97.61
2025-12-16,10:09:12.510055120,T,TGT,,100,97.6
2025-12-16,10:09:12.510058009,T,TGT,I,5,97.6
2025-12-16,10:09:12.510061245,T,TGT,I,5,97.6
2025-12-16,10:09:12.510067148,T,TGT,I,5,97.6
2025-12-16,10:09:12.510067148,T,TGT,I,10,97.6
2025-12-16,10:09:12.510070038,T,TGT,F,100,97.6
2025-12-16,10:09:12.510686495,T,TGT,I,30,97.6
2025-12-16,10:09:12.538623264,T,TGT,,100,97.6
2025-12-16,10:09:12.538626117,T,TGT,,100,97.6
2025-12-16,10:09:12.538626117,T,TGT,I,75,97.6
2025-12-16,10:09:13.482337367,T,TGT,F,100,97.6
2025-12-16,10:09:13.482337367,T,TGT,F I,10,97.6
2025-12-16,10:09:13.482355386,T,TGT,F,100,97.6
2025-12-16,10:09:13.482364906,T,TGT,I,1,97.6
2025-12-16,10:09:13.482364906,T,TGT,I,22,97.6
2025-12-16,10:09:13.482367937,T,TGT,F I,10,97.6
2025-12-16,10:09:13.482370600,T,TGT,I,60,97.6
2025-12-16,10:09:13.482373725,T,TGT,F,100,97.6
2025-12-16,10:09:13.482385901,T,TGT,F,100,97.6
2025-12-16,10:09:13.482385901,T,TGT,F I,4,97.6
2025-12-16,10:09:13.482403474,T,TGT,F,100,97.6
2025-12-16,10:09:13.482415494,T,TGT,,100,97.6
2025-12-16,10:09:13.482424517,T,TGT,F I,1,97.6
2025-12-16,10:09:13.482433563,T,TGT,F I,62,97.6
2025-12-16,10:09:17.494480722,T,TGT,F I,60,97.59
2025-12-16,10:09:17.494850680,T,TGT,I,13,97.59
2025-12-16,10:09:19.644455702,T,TGT,,100,97.58
2025-12-16,10:09:19.644455702,T,TGT,,100,97.58
2025-12-16,10:09:19.644458710,T,TGT,I,66,97.58
2025-12-16,10:09:19.644473758,T,TGT,,100,97.58
2025-12-16,10:09:19.644500868,T,TGT,I,1,97.57
2025-12-16,10:09:19.644500868,T,TGT,I,5,97.57
2025-12-16,10:09:22.129341646,T,TGT,F,100,97.55
2025-12-16,10:09:46.998420803,T,TGT,F I,65,97.52
2025-12-16,10:09:56.086206328,T,TGT,F I,5,97.49
2025-12-16,10:09:56.086209126,T,TGT,F,100,97.49
2025-12-16,10:09:56.086212289,T,TGT,F I,73,97.49
2025-12-16,10:09:56.086212289,T,TGT,F,100,97.49
2025-12-16,10:09:56.086230249,T,TGT,I,60,97.49
2025-12-16,10:09:56.086233259,T,TGT,F I,40,97.49
2025-12-16,10:09:56.086273574,T,TGT,I,10,97.48
2025-12-16,10:09:56.086278322,T,TGT,,100,97.48
2025-12-16,10:09:56.086278322,T,TGT,I,35,97.48
2025-12-16,10:09:56.086825708,T,TGT,F I,5,97.47
2025-12-16,10:09:56.086825708,T,TGT,F I,7,97.47
2025-12-16,10:09:56.137114492,T,TGT,I,10,97.48
2025-12-16,10:09:56.186588372,T,TGT,,100,97.49
2025-12-16,10:09:56.186613254,T,TGT,I,1,97.49
2025-12-16,10:09:56.186613254,T,TGT,I,4,97.49
2025-12-16,10:09:56.186613254,T,TGT,I,20,97.49
2025-12-16,10:09:56.186931100,T,TGT,I,80,97.48
2025-12-16,10:10:07.741003098,T,TGT,I,1,97.42
2025-12-16,10:10:08.205613177,T,TGT,F I,9,97.405
2025-12-16,10:10:08.205613177,T,TGT,F I,11,97.39
2025-12-16,10:10:08.205615997,T,TGT,F I,1,97.39
2025-12-16,10:10:08.205619037,T,TGT,F I,74,97.39
2025-12-16,10:10:08.417028627,T,TGT,F I,11,97.35
2025-12-16,10:10:08.417052865,T,TGT,F,289,97.35
2025-12-16,10:10:08.417055727,T,TGT,F I,73,97.35
2025-12-16,10:10:08.417945894,T,TGT,,100,97.35
2025-12-16,10:10:08.417945894,T,TGT,I,3,97.35
2025-12-16,10:10:08.417966959,T,TGT,I,1,97.35
2025-12-16,10:10:08.418643595,T,TGT,,100,97.35
2025-12-16,10:10:08.466093600,T,TGT,,927,97.35
2025-12-16,10:10:08.466111653,T,TGT,F,262,97.35
2025-12-16,10:10:09.304433842,T,TGT,I,53,97.35
2025-12-16,10:10:11.060259841,T,TGT,F I,10,97.36
2025-12-16,10:10:11.060539437,T,TGT,F I,50,97.37
2025-12-16,10:10:11.060584714,T,TGT,F I,10,97.37
2025-12-16,10:10:14.571322418,T,TGT,F I,40,97.4
2025-12-16,10:10:14.571325592,T,TGT,F I,66,97.4
2025-12-16,10:10:14.571379585,T,TGT,F I,7,97.4
2025-12-16,10:10:14.571385578,T,TGT,F I,2,97.4
2025-12-16,10:10:14.571403712,T,TGT,F I,1,97.4
2025-12-16,10:10:14.571406606,T,TGT,I,1,97.4
2025-12-16,10:10:14.571410070,T,TGT,I,23,97.4
2025-12-16,10:10:14.571410070,T,TGT,I,25,97.4
2025-12-16,10:10:14.571410070,T,TGT,I,10,97.4
2025-12-16,10:10:22.263522081,T,TGT,F I,50,97.36
2025-12-16,10:10:23.463133971,T,TGT,F I,6,97.35
2025-12-16,10:10:23.463140190,T,TGT,F I,2,97.35
2025-12-16,10:10:23.463143003,T,TGT,F I,62,97.35
2025-12-16,10:10:26.524207536,T,TGT,F I,10,97.34
2025-12-16,10:10:28.428876186,T,TGT,F I,1,97.33
2025-12-16,10:10:28.428876186,T,TGT,F I,66,97.33
2025-12-16,10:11:03.317832280,T,TGT,F I,2,97.27
2025-12-16,10:11:03.318214189,T,TGT,,100,97.26
2025-12-16,10:11:03.319203551,T,TGT,I,7,97.26
2025-12-16,10:11:10.146395565,T,TGT,F I,1,97.31
2025-12-16,10:11:10.146395565,T,TGT,F I,1,97.31
2025-12-16,10:11:10.146398410,T,TGT,F I,8,97.31
2025-12-16,10:11:41.398066255,T,TGT,F I,60,97.34
2025-12-16,10:11:46.756396775,T,TGT,F I,10,97.34
2025-12-16,10:12:08.237872437,T,TGT,F I,75,97.27
2025-12-16,10:12:08.238164148,T,TGT,I,1,97.25
2025-12-16,10:12:08.238167062,T,TGT,I,10,97.25
2025-12-16,10:12:08.238170046,T,TGT,,200,97.25
2025-12-16,10:12:08.239066286,T,TGT,F I,1,97.24
2025-12-16,10:12:08.241757635,T,TGT,F I,2,97.23
2025-12-16,10:12:08.241760659,T,TGT,F I,2,97.23
2025-12-16,10:12:08.241763656,T,TGT,F I,1,97.23
2025-12-16,10:12:08.352129603,T,TGT,I,50,97.22
2025-12-16,10:12:08.352159709,T,TGT,F I,6,97.2
2025-12-16,10:12:08.352162708,T,TGT,F I,68,97.2
2025-12-16,10:12:08.353233229,T,TGT,,100,97.2
2025-12-16,10:12:08.364134187,T,TGT,I,38,97.2
2025-12-16,10:12:16.111858077,T,TGT,F I,3,97.21
2025-12-16,10:12:16.111861114,T,TGT,F I,74,97.21
2025-12-16,10:12:31.252126667,T,TGT,F I,11,97.23
2025-12-16,10:12:31.252150709,T,TGT,I,11,97.23
2025-12-16,10:12:31.252150709,T,TGT,I,2,97.23
2025-12-16,10:12:31.252319102,T,TGT,F I,11,97.23
2025-12-16,10:12:31.252391295,T,TGT,F I,50,97.23
2025-12-16,10:12:31.252424361,T,TGT,I,11,97.23
2025-12-16,10:12:31.253128034,T,TGT,F I,30,97.23
2025-12-16,10:12:36.594452970,T,TGT,I,50,97.245
2025-12-16,10:12:36.594504125,T,TGT,I,50,97.245
2025-12-16,10:12:38.973769457,T,TGT,I,50,97.245
2025-12-16,10:12:39.647725978,T,TGT,I,10,97.245
2025-12-16,10:12:59.537016629,T,TGT,F I,50,97.25
2025-12-16,10:13:04.669993195,T,TGT,F I,25,97.27
2025-12-16,10:13:08.455943778,T,TGT,F I,50,97.29
2025-12-16,10:13:08.455991859,T,TGT,F I,50,97.29
2025-12-16,10:13:08.456030942,T,TGT,F I,2,97.3
2025-12-16,10:13:08.456039919,T,TGT,F I,1,97.3
2025-12-16,10:13:08.456283547,T,TGT,I,2,97.3
2025-12-16,10:13:08.507360194,T,TGT,I,80,97.3
2025-12-16,10:13:08.507364006,T,TGT,I,1,97.31
2025-12-16,10:13:08.507364006,T,TGT,I,10,97.31
2025-12-16,10:13:08.507366236,T,TGT,I,3,97.31
2025-12-16,10:13:08.507369282,T,TGT,I,20,97.31
2025-12-16,10:13:08.558827883,T,TGT,F I,80,97.31
2025-12-16,10:13:08.558827883,T,TGT,I,80,97.31
2025-12-16,10:13:08.558848880,T,TGT,I,1,97.31
2025-12-16,10:13:08.558906034,T,TGT,I,11,97.31
2025-12-16,10:13:08.558990161,T,TGT,I,1,97.31
2025-12-16,10:13:08.559050368,T,TGT,F I,80,97.31
2025-12-16,10:13:08.572287853,T,TGT,F I,20,97.31
2025-12-16,10:13:08.572303013,T,TGT,F I,20,97.31
2025-12-16,10:13:08.572332962,T,TGT,F I,20,97.31
2025-12-16,10:13:08.572411224,T,TGT,I,67,97.31
2025-12-16,10:13:08.573057773,T,TGT,F I,6,97.32
2025-12-16,10:13:08.573078823,T,TGT,F I,14,97.32
2025-12-16,10:13:09.018581112,T,TGT,I,1,97.32
2025-12-16,10:13:14.746651523,T,TGT,I,50,97.305
2025-12-16,10:13:14.746687497,T,TGT,I,94,97.305
2025-12-16,10:13:28.571270855,T,TGT,F I,50,97.31
2025-12-16,10:13:39.459728027,T,TGT,F I,50,97.32
2025-12-16,10:14:01.914788037,T,TGT,F I,1,97.29
2025-12-16,10:14:01.914791067,T,TGT,F I,67,97.29
2025-12-16,10:14:01.915257178,T,TGT,F I,1,97.28
2025-12-16,10:14:02.183418103,T,TGT,F I,4,97.31
2025-12-16,10:14:02.183420958,T,TGT,F I,10,97.31
2025-12-16,10:14:11.825553612,T,TGT,F I,1,97.34
2025-12-16,10:14:11.825553612,T,TGT,F I,10,97.34
2025-12-16,10:14:11.825557167,T,TGT,F I,86,97.34
2025-12-16,10:14:11.825559067,T,TGT,F I,38,97.34
2025-12-16,10:14:11.825574063,T,TGT,I,2,97.34
2025-12-16,10:14:11.825574063,T,TGT,I,36,97.34
2025-12-16,10:14:11.826151470,T,TGT,F I,26,97.35
2025-12-16,10:14:11.826155127,T,TGT,F I,28,97.35
2025-12-16,10:14:11.826452172,T,TGT,I,53,97.36
2025-12-16,10:14:11.826488312,T,TGT,I,1,97.36
2025-12-16,10:14:11.826650695,T,TGT,F I,20,97.36
2025-12-16,10:14:11.826858118,T,TGT,F I,30,97.36
2025-12-16,10:14:11.830307389,T,TGT,,100,97.36
2025-12-16,10:14:11.830307389,T,TGT,,100,97.36
2025-12-16,10:14:11.830322419,T,TGT,I,1,97.36
2025-12-16,10:14:11.830346428,T,TGT,I,79,97.36
2025-12-16,10:14:11.830346428,T,TGT,,100,97.35
2025-12-16,10:14:11.830791536,T,TGT,,100,97.36
2025-12-16,10:14:19.285718112,T,TGT,I,4,97.37
2025-12-16,10:14:19.285718112,T,TGT,I,96,97.37
2025-12-16,10:14:19.285731977,T,TGT,I,1,97.37
2025-12-16,10:14:19.285734932,T,TGT,F I,3,97.37
2025-12-16,10:14:19.483344699,T,TGT,I,5,97.39
2025-12-16,10:14:22.942963785,T,TGT,F,100,97.43
2025-12-16,10:14:22.942966806,T,TGT,F I,10,97.43
2025-12-16,10:14:22.943267511,T,TGT,F I,38,97.44
2025-12-16,10:14:25.865151716,T,TGT,F I,6,97.48
2025-12-16,10:14:27.680435199,T,TGT,F I,10,97.5
2025-12-16,10:14:32.709854030,T,TGT,I,4,97.51
2025-12-16,10:14:56.327943864,T,TGT,I,13,97.49
2025-12-16,10:14:56.328692655,T,TGT,F I,10,97.47
2025-12-16,10:14:56.329369338,T,TGT,,100,97.48
2025-12-16,10:15:28.447852099,T,TGT,I,25,97.49
2025-12-16,10:15:41.271987828,T,TGT,F,100,97.45
2025-12-16,10:15:41.271987828,T,TGT,F I,10,97.45
2025-12-16,10:15:41.928674464,T,TGT,F,100,97.41
2025-12-16,10:15:55.914330193,T,TGT,F I,50,97.39
2025-12-16,10:16:23.732186429,T,TGT,F I,48,97.31
2025-12-16,10:16:53.194757422,T,TGT,F I,9,97.3
2025-12-16,10:16:53.194757422,T,TGT,F I,9,97.3
2025-12-16,10:16:53.194759883,T,TGT,F I,10,97.3
2025-12-16,10:17:12.929882094,T,TGT,F I,50,97.36
2025-12-16,10:17:12.929885042,T,TGT,F,100,97.36
2025-12-16,10:17:12.935436248,T,TGT,F I,50,97.35
2025-12-16,10:17:12.951921637,T,TGT,I,10,97.35
2025-12-16,10:17:40.739062735,T,TGT,F I,2,97.4
2025-12-16,10:17:40.739062735,T,TGT,F I,12,97.41
2025-12-16,10:17:40.885731079,T,TGT,F I,11,97.42
2025-12-16,10:17:40.885734108,T,TGT,F I,10,97.42
2025-12-16,10:17:40.886272438,T,TGT,I,13,97.42
2025-12-16,10:17:40.887818040,T,TGT,I,60,97.46
2025-12-16,10:18:05.956218117,T,TGT,F I,12,97.41
2025-12-16,10:18:05.956221042,T,TGT,F I,19,97.42
2025-12-16,10:18:25.118343150,T,TGT,F,100,97.42
2025-12-16,10:18:25.118361242,T,TGT,F I,10,97.42
2025-12-16,10:18:25.347119192,T,TGT,,100,97.4
2025-12-16,10:18:28.871311201,T,TGT,F I,12,97.44
2025-12-16,10:18:28.871314198,T,TGT,F I,50,97.44
2025-12-16,10:18:28.871317151,T,TGT,F I,11,97.44
2025-12-16,10:18:28.871326124,T,TGT,F I,80,97.44
2025-12-16,10:18:44.666362554,T,TGT,F I,30,97.45
2025-12-16,10:19:09.041563140,T,TGT,F I,10,97.48
2025-12-16,10:19:09.041608221,T,TGT,F I,50,97.48
2025-12-16,10:19:09.041623266,T,TGT,I,3,97.48
2025-12-16,10:19:09.041680438,T,TGT,I,37,97.48
2025-12-16,10:19:09.041684146,T,TGT,I,1,97.48
2025-12-16,10:19:09.041684146,T,TGT,I,60,97.48
2025-12-16,10:19:09.041686530,T,TGT,I,12,97.48
2025-12-16,10:19:09.041689451,T,TGT,I,1,97.48
2025-12-16,10:19:09.041692469,T,TGT,I,13,97.48
2025-12-16,10:19:09.963322190,T,TGT,I,3,97.5
2025-12-16,10:19:09.964639301,T,TGT,I,10,97.5
2025-12-16,10:19:10.004842177,T,TGT,I,16,97.51
2025-12-16,10:19:16.784592750,T,TGT,F I,10,97.46
2025-12-16,10:19:16.794101360,T,TGT,I,3,97.45
2025-12-16,10:19:50.297596877,T,TGT,F I,23,97.45
2025-12-16,10:19:59.448460634,T,TGT,I,17,97.47
2025-12-16,10:20:01.914329100,T,TGT,I,4,97.45
2025-12-16,10:20:02.979072790,T,TGT,I,1,97.47
2025-12-16,10:20:04.940203798,T,TGT,I,3,97.47
2025-12-16,10:20:08.803423488,T,TGT,I,14,97.5
2025-12-16,10:20:11.997567029,T,TGT,I,1,97.5
2025-12-16,10:20:15.302010382,T,TGT,F I,11,97.5
2025-12-16,10:20:32.606595283,T,TGT,I,50,97.47
2025-12-16,10:20:32.657172665,T,TGT,I,1,97.44
2025-12-16,10:21:02.033651062,T,TGT,F I,50,97.41
2025-12-16,10:21:03.215042577,T,TGT,F I,20,97.41
2025-12-16,10:21:03.215517769,T,TGT,F I,25,97.4
2025-12-16,10:21:15.594099985,T,TGT,F I,50,97.41
2025-12-16,10:21:21.109837806,T,TGT,F I,1,97.39
2025-12-16,10:21:21.109861598,T,TGT,F I,99,97.39
2025-12-16,10:21:21.109861598,T,TGT,F I,10,97.39
2025-12-16,10:21:21.109879959,T,TGT,I,1,97.39
2025-12-16,10:21:21.109882576,T,TGT,I,2,97.39
2025-12-16,10:21:21.109924687,T,TGT,I,57,97.39
2025-12-16,10:21:21.109930650,T,TGT,,100,97.38
2025-12-16,10:21:21.130325294,T,TGT,F,100,97.37
2025-12-16,10:21:22.533609368,T,TGT,F I,53,97.35
2025-12-16,10:21:28.603717576,T,TGT,F I,2,97.33
2025-12-16,10:21:36.729844880,T,TGT,F I,49,97.32
2025-12-16,10:21:36.729844880,T,TGT,F I,11,97.32
2025-12-16,10:21:36.730223987,T,TGT,I,1,97.32
2025-12-16,10:21:36.730223987,T,TGT,I,1,97.32
2025-12-16,10:21:36.983977402,T,TGT,I,80,97.32
2025-12-16,10:21:36.983977402,T,TGT,I,14,97.32
2025-12-16,10:21:36.983995359,T,TGT,I,10,97.32
2025-12-16,10:21:37.466094932,T,TGT,I,5,97.33
2025-12-16,10:21:58.968049415,T,TGT,F I,5,97.32
2025-12-16,10:21:59.037298354,T,TGT,F,100,97.3
2025-12-16,10:21:59.038555369,T,TGT,I,7,97.29
2025-12-16,10:22:01.989229961,T,TGT,F I,1,97.27
2025-12-16,10:22:07.125352059,T,TGT,I,1,97.25
2025-12-16,10:22:13.822808826,T,TGT,I,3,97.28
2025-12-16,10:22:13.822811877,T,TGT,I,80,97.28
2025-12-16,10:22:37.577324646,T,TGT,I,20,97.22
2025-12-16,10:22:37.577324646,T,TGT,I,27,97.22
2025-12-16,10:22:37.577360746,T,TGT,I,53,97.22
2025-12-16,10:22:37.577363726,T,TGT,I,20,97.22
2025-12-16,10:22:53.287186346,T,TGT,I,12,97.245
2025-12-16,10:22:56.465864045,T,TGT,F,100,97.28
2025-12-16,10:22:56.465864045,T,TGT,F I,14,97.28
2025-12-16,10:23:29.526572495,T,TGT,F I,2,97.31
2025-12-16,10:23:29.526572495,T,TGT,F I,1,97.31
2025-12-16,10:23:29.528397913,T,TGT,F I,50,97.32
2025-12-16,10:23:29.528743667,T,TGT,F I,20,97.32
2025-12-16,10:23:36.004232656,T,TGT,F I,20,97.33
2025-12-16,10:23:36.004322881,T,TGT,F I,2,97.34
2025-12-16,10:23:36.004325811,T,TGT,F I,12,97.34
2025-12-16,10:23:36.004891208,T,TGT,I,16,97.34
2025-12-16,10:23:36.145614573,T,TGT,I,3,97.35
2025-12-16,10:23:36.145704728,T,TGT,F I,77,97.35
2025-12-16,10:23:36.145975292,T,TGT,I,1,97.35
2025-12-16,10:23:36.146685027,T,TGT,F I,4,97.35
2025-12-16,10:23:36.644220286,T,TGT,I,11,97.32
2025-12-16,10:24:01.545743847,T,TGT,F I,3,97.32
2025-12-16,10:24:09.605491080,T,TGT,I,8,97.35
2025-12-16,10:24:09.605491080,T,TGT,I,12,97.35
2025-12-16,10:24:09.605494205,T,TGT,I,9,97.35
2025-12-16,10:24:09.605494205,T,TGT,I,4,97.35
2025-12-16,10:24:09.605497323,T,TGT,I,1,97.35
2025-12-16,10:24:09.605500148,T,TGT,I,2,97.35
2025-12-16,10:24:09.605500148,T,TGT,I,1,97.35
2025-12-16,10:24:09.605512167,T,TGT,I,37,97.35
2025-12-16,10:24:09.656327199,T,TGT,,100,97.36
2025-12-16,10:24:09.656330187,T,TGT,I,18,97.36
2025-12-16,10:24:09.656330187,T,TGT,I,72,97.36
2025-12-16,10:24:12.516221479,T,TGT,F I,8,97.33
2025-12-16,10:24:14.775747586,T,TGT,F I,9,97.32
2025-12-16,10:24:26.245712013,T,TGT,F I,10,97.26
2025-12-16,10:24:26.245847349,T,TGT,,100,97.26
2025-12-16,10:24:26.292046468,T,TGT,I,15,97.23
2025-12-16,10:24:27.398999586,T,TGT,F I,15,97.25
2025-12-16,10:24:27.399004905,T,TGT,F,100,97.25
2025-12-16,10:24:27.399004905,T,TGT,F I,70,97.25
2025-12-16,10:24:27.399004905,T,TGT,F I,8,97.26
2025-12-16,10:24:31.051597278,T,TGT,F I,91,97.26
2025-12-16,10:24:31.051599440,T,TGT,F I,36,97.26
2025-12-16,10:24:31.051623439,T,TGT,I,1,97.26
2025-12-16,10:24:31.051632501,T,TGT,F I,3,97.26
2025-12-16,10:24:31.051632501,T,TGT,F I,2,97.26
2025-12-16,10:24:31.051635672,T,TGT,F I,1,97.26
2025-12-16,10:24:31.051662630,T,TGT,F I,1,97.26
2025-12-16,10:24:31.051780198,T,TGT,I,16,97.26
2025-12-16,10:24:31.051780198,T,TGT,I,12,97.26
2025-12-16,10:24:31.052294078,T,TGT,I,14,97.26
2025-12-16,10:24:34.105095042,T,TGT,F I,50,97.25
2025-12-16,10:25:07.612051668,T,TGT,F I,50,97.26
2025-12-16,10:25:15.551554384,T,TGT,I,26,97.26
2025-12-16,10:25:23.163901841,T,TGT,F I,10,97.25
2025-12-16,10:25:23.189047738,T,TGT,I,1,97.24
2025-12-16,10:25:25.661781674,T,TGT,F I,16,97.24
2025-12-16,10:25:25.661835732,T,TGT,I,3,97.23
2025-12-16,10:25:25.661838769,T,TGT,I,43,97.23
2025-12-16,10:25:25.662040347,T,TGT,I,3,97.24
2025-12-16,10:25:32.071332478,T,TGT,I,5,97.24
2025-12-16,10:25:32.071368540,T,TGT,I,1,97.24
2025-12-16,10:25:32.503188352,T,TGT,F I,1,97.24
2025-12-16,10:25:36.165742814,T,TGT,I,10,97.22
2025-12-16,10:25:36.175807852,T,TGT,,100,97.21
2025-12-16,10:25:42.073109372,T,TGT,I,13,97.205
2025-12-16,10:25:42.073665641,T,TGT,I,33,97.21
2025-12-16,10:25:42.926028281,T,TGT,F I,40,97.23
2025-12-16,10:25:42.926031406,T,TGT,F I,12,97.23
2025-12-16,10:25:43.121493988,T,TGT,I,3,97.22
2025-12-16,10:25:43.121533086,T,TGT,,109,97.22
2025-12-16,10:25:43.199090862,T,TGT,F I,23,97.24
2025-12-16,10:25:43.199115015,T,TGT,F I,77,97.24
2025-12-16,10:25:43.199115015,T,TGT,F I,14,97.24
2025-12-16,10:25:43.199887770,T,TGT,F I,40,97.25
2025-12-16,10:25:43.209011471,T,TGT,I,70,97.27
2025-12-16,10:25:43.209014568,T,TGT,I,11,97.3
2025-12-16,10:25:43.209017478,T,TGT,,146,97.3
2025-12-16,10:25:43.209026533,T,TGT,F,109,97.3
2025-12-16,10:25:51.946119802,T,TGT,F I,3,97.31
2025-12-16,10:25:51.946122939,T,TGT,F I,52,97.31
2025-12-16,10:25:51.946125393,T,TGT,F I,40,97.31
2025-12-16,10:25:51.946125393,T,TGT,F I,30,97.31
2025-12-16,10:25:51.946128909,T,TGT,F I,10,97.31
2025-12-16,10:25:52.453413280,T,TGT,I,1,97.33
2025-12-16,10:25:52.453413280,T,TGT,I,3,97.33
2025-12-16,10:25:52.453415920,T,TGT,I,60,97.33
2025-12-16,10:26:32.449610422,T,TGT,F I,3,97.41
2025-12-16,10:26:32.449610422,T,TGT,F I,7,97.41
2025-12-16,10:26:32.449613841,T,TGT,F I,10,97.41
2025-12-16,10:26:32.449616466,T,TGT,F I,19,97.41
2025-12-16,10:26:32.456063865,T,TGT,F I,10,97.43
2025-12-16,10:26:32.456117989,T,TGT,,100,97.42
2025-12-16,10:26:32.456129942,T,TGT,I,14,97.42
2025-12-16,10:26:32.456133010,T,TGT,I,2,97.42
2025-12-16,10:26:36.737318284,T,TGT,F I,50,97.41
2025-12-16,10:27:13.895727201,T,TGT,F I,11,97.48
2025-12-16,10:27:13.895736193,T,TGT,F I,2,97.48
2025-12-16,10:27:13.895736193,T,TGT,F I,3,97.48
2025-12-16,10:27:18.120437915,T,TGT,F I,1,97.46
2025-12-16,10:27:24.598158157,T,TGT,F,100,97.42
2025-12-16,10:27:25.102032544,T,TGT,I,70,97.39
2025-12-16,10:27:35.836847822,T,TGT,F I,1,97.35
2025-12-16,10:27:50.443907121,T,TGT,I,1,97.31
2025-12-16,10:27:50.443910244,T,TGT,I,10,97.31
2025-12-16,10:27:50.443910244,T,TGT,I,1,97.31
2025-12-16,10:27:50.443916122,T,TGT,I,1,97.31
2025-12-16,10:27:50.443916122,T,TGT,I,10,97.31
2025-12-16,10:27:50.444054441,T,TGT,F I,2,97.31
2025-12-16,10:27:50.480083354,T,TGT,I,4,97.3
2025-12-16,10:27:54.814195180,T,TGT,F I,17,97.29
2025-12-16,10:28:13.741640836,T,TGT,F I,50,97.33
2025-12-16,10:28:13.741643802,T,TGT,F I,49,97.33
2025-12-16,10:28:13.741643802,T,TGT,F I,1,97.33
2025-12-16,10:28:13.741646925,T,TGT,F I,3,97.33
2025-12-16,10:28:13.741649855,T,TGT,F I,10,97.33
2025-12-16,10:28:15.593690065,T,TGT,F I,5,97.34
2025-12-16,10:28:15.593693127,T,TGT,F I,1,97.34
2025-12-16,10:28:15.593717181,T,TGT,F I,1,97.34
2025-12-16,10:28:15.593747248,T,TGT,I,6,97.34
2025-12-16,10:28:15.596823513,T,TGT,F I,14,97.33
2025-12-16,10:28:15.617524999,T,TGT,I,48,97.33
2025-12-16,10:28:15.617527857,T,TGT,I,62,97.33
2025-12-16,10:28:15.617542944,T,TGT,I,1,97.33
2025-12-16,10:28:21.604879005,T,TGT,F I,4,97.3
2025-12-16,10:28:24.892996442,T,TGT,I,77,97.3
2025-12-16,10:28:24.892999437,T,TGT,I,26,97.3
2025-12-16,10:28:47.366637806,T,TGT,I,8,97.27
2025-12-16,10:28:47.366637806,T,TGT,I,54,97.27
2025-12-16,10:28:47.366658783,T,TGT,F I,46,97.27
2025-12-16,10:28:47.774418343,T,TGT,F I,33,97.26
2025-12-16,10:28:47.774418343,T,TGT,F I,29,97.26
2025-12-16,10:28:48.949290907,T,TGT,F I,2,97.21
2025-12-16,10:28:48.949290907,T,TGT,F I,18,97.21
2025-12-16,10:28:50.482649338,T,TGT,F I,20,97.17
2025-12-16,10:28:50.482652339,T,TGT,F I,12,97.17
2025-12-16,10:28:50.532871966,T,TGT,I,20,97.14
2025-12-16,10:28:58.283435047,T,TGT,I,1,97.1
2025-12-16,10:28:58.283435047,T,TGT,I,40,97.1
2025-12-16,10:28:58.283774325,T,TGT,I,50,97.1
2025-12-16,10:28:58.284032956,T,TGT,I,8,97.1
2025-12-16,10:28:58.284093129,T,TGT,I,10,97.1
2025-12-16,10:28:58.284102249,T,TGT,I,50,97.1
2025-12-16,10:28:58.284373025,T,TGT,I,11,97.12
2025-12-16,10:28:58.284399863,T,TGT,I,21,97.12
2025-12-16,10:28:58.284448567,T,TGT,F I,38,97.12
2025-12-16,10:28:58.284451198,T,TGT,F I,21,97.12
2025-12-16,10:28:58.284453984,T,TGT,F I,14,97.12
2025-12-16,10:28:58.285422407,T,TGT,F,100,97.11
2025-12-16,10:28:58.313951221,T,TGT,,100,97.06
2025-12-16,10:28:59.316602939,T,TGT,F I,50,97.11
2025-12-16,10:28:59.316623940,T,TGT,F I,50,97.11
2025-12-16,10:28:59.316630591,T,TGT,F I,2,97.12
2025-12-16,10:28:59.316633337,T,TGT,F I,70,97.12
2025-12-16,10:28:59.316642488,T,TGT,F I,30,97.12
2025-12-16,10:28:59.316642488,T,TGT,F I,11,97.12
2025-12-16,10:28:59.316645100,T,TGT,F I,2,97.12
2025-12-16,10:28:59.316645100,T,TGT,F I,50,97.12
2025-12-16,10:28:59.316948670,T,TGT,F,172,97.12
2025-12-16,10:28:59.317008897,T,TGT,F,100,97.12
2025-12-16,10:28:59.317327576,T,TGT,,100,97.12
2025-12-16,10:28:59.317348651,T,TGT,F I,67,97.12
2025-12-16,10:28:59.704172258,T,TGT,F I,11,97.12
2025-12-16,10:28:59.704175201,T,TGT,F I,11,97.12
2025-12-16,10:28:59.704178535,T,TGT,F,100,97.12
2025-12-16,10:28:59.704178535,T,TGT,F,100,97.12
2025-12-16,10:28:59.704181356,T,TGT,F I,9,97.12
2025-12-16,10:28:59.704181356,T,TGT,F,100,97.12
2025-12-16,10:28:59.704496935,T,TGT,I,80,97.12
2025-12-16,10:28:59.704518050,T,TGT,F I,20,97.12
2025-12-16,10:29:00.173061355,T,TGT,F I,60,97.17
2025-12-16,10:29:00.173064343,T,TGT,F,100,97.17
2025-12-16,10:29:00.173067369,T,TGT,F,100,97.17
2025-12-16,10:29:00.173265876,T,TGT,I,1,97.16
2025-12-16,10:29:00.173416242,T,TGT,F I,47,97.16
2025-12-16,10:29:00.178254768,T,TGT,F,100,97.17
2025-12-16,10:29:12.441133414,T,TGT,F I,10,97.2
2025-12-16,10:29:12.443857791,T,TGT,I,60,97.21
2025-12-16,10:29:12.445201919,T,TGT,I,20,97.23
2025-12-16,10:29:12.445204998,T,TGT,I,60,97.23
2025-12-16,10:29:12.445208007,T,TGT,I,20,97.23
2025-12-16,10:29:12.445277330,T,TGT,I,1,97.23
2025-12-16,10:29:12.445277330,T,TGT,I,1,97.23
2025-12-16,10:29:12.445280110,T,TGT,F I,58,97.23
2025-12-16,10:29:17.030228152,T,TGT,F I,17,97.23
2025-12-16,10:29:18.816661065,T,TGT,I,17,97.24
2025-12-16,10:29:18.816661065,T,TGT,I,80,97.24
2025-12-16,10:29:23.551152277,T,TGT,,100,97.28
2025-12-16,10:29:23.952172660,T,TGT,F I,60,97.28
2025-12-16,10:29:23.952407204,T,TGT,I,33,97.28
2025-12-16,10:29:28.001968809,T,TGT,I,60,97.29
2025-12-16,10:29:30.875100610,T,TGT,F I,14,97.28
2025-12-16,10:29:50.339220188,T,TGT,I,1,97.275
2025-12-16,10:29:52.117813398,T,TGT,I,1,97.27
2025-12-16,10:29:54.301243305,T,TGT,I,8,97.26
2025-12-16,10:29:54.301691205,T,TGT,F I,5,97.26
2025-12-16,10:30:00.041739017,T,TGT,I,20,97.2
2025-12-16,10:30:02.131642936,T,TGT,F I,10,97.24
2025-12-16,10:30:02.131645911,T,TGT,F I,50,97.24
2025-12-16,10:30:02.131648909,T,TGT,F I,3,97.24
2025-12-16,10:30:02.131648909,T,TGT,F I,20,97.24
2025-12-16,10:30:02.131651920,T,TGT,F I,1,97.24
2025-12-16,10:30:02.131949709,T,TGT,F I,60,97.26
2025-12-16,10:30:02.131949709,T,TGT,F I,20,97.26
2025-12-16,10:30:02.132313575,T,TGT,F I,60,97.26
2025-12-16,10:30:02.132548634,T,TGT,F I,20,97.28
2025-12-16,10:30:02.132551098,T,TGT,F I,34,97.28
2025-12-16,10:30:02.132560260,T,TGT,F I,66,97.28
2025-12-16,10:30:03.047715297,T,TGT,F I,54,97.29
2025-12-16,10:30:20.312749916,T,TGT,F,100,97.32
2025-12-16,10:30:20.312752897,T,TGT,F I,10,97.32
2025-12-16,10:30:23.990902618,T,TGT,F I,20,97.33
2025-12-16,10:30:23.990902618,T,TGT,F I,2,97.33
2025-12-16,10:30:41.545932998,T,TGT,F I,10,97.35
2025-12-16,10:30:41.546549461,T,TGT,F I,58,97.36
2025-12-16,10:30:41.546570428,T,TGT,F I,22,97.36
2025-12-16,10:31:03.120287882,T,TGT,I,16,97.375
2025-12-16,10:31:10.665692881,T,TGT,F I,60,97.41
2025-12-16,10:31:10.665734794,T,TGT,F I,10,97.42
2025-12-16,10:31:11.035874578,T,TGT,I,13,97.44
2025-12-16,10:31:11.035874578,T,TGT,I,10,97.44
2025-12-16,10:31:11.057129246,T,TGT,F I,20,97.44
2025-12-16,10:31:11.057168293,T,TGT,F I,8,97.44
2025-12-16,10:31:11.208082825,T,TGT,I,40,97.42
2025-12-16,10:31:13.366808716,T,TGT,I,1,97.41
2025-12-16,10:31:15.285854632,T,TGT,I,81,97.41
2025-12-16,10:31:56.472480155,T,TGT,F I,11,97.45
2025-12-16,10:31:56.472483118,T,TGT,F,100,97.45
2025-12-16,10:32:04.087786646,T,TGT,I,1,97.48
2025-12-16,10:32:07.435776718,T,TGT,F I,66,97.49
2025-12-16,10:32:07.435882083,T,TGT,F I,34,97.49
2025-12-16,10:32:07.435882083,T,TGT,F I,10,97.5
2025-12-16,10:32:07.435884966,T,TGT,F I,22,97.5
2025-12-16,10:32:07.435897040,T,TGT,F I,34,97.5
2025-12-16,10:32:10.386749278,T,TGT,I,1,97.49
2025-12-16,10:32:15.461855856,T,TGT,F,100,97.49
2025-12-16,10:32:31.421612932,T,TGT,F I,1,97.48
2025-12-16,10:32:31.421615691,T,TGT,F I,10,97.48
2025-12-16,10:32:31.421708880,T,TGT,F I,9,97.48
2025-12-16,10:32:31.441643416,T,TGT,I,2,97.47
2025-12-16,10:32:37.845967815,T,TGT,F I,99,97.45
2025-12-16,10:32:37.845985870,T,TGT,I,1,97.45
2025-12-16,10:32:37.845988919,T,TGT,I,80,97.45
2025-12-16,10:32:37.846749734,T,TGT,I,7,97.45
2025-12-16,10:32:37.846756164,T,TGT,F,100,97.47
2025-12-16,10:32:37.846758909,T,TGT,F I,15,97.47
2025-12-16,10:32:37.846761981,T,TGT,F I,7,97.47
2025-12-16,10:32:37.846765220,T,TGT,F I,19,97.47
2025-12-16,10:32:37.846765220,T,TGT,F,178,97.47
2025-12-16,10:32:37.848202172,T,TGT,I,4,97.47
2025-12-16,10:32:37.848223239,T,TGT,F I,26,97.47
2025-12-16,10:32:37.848226205,T,TGT,F I,38,97.47
2025-12-16,10:32:43.857045313,T,TGT,I,11,97.48
2025-12-16,10:32:43.857048248,T,TGT,I,60,97.48
2025-12-16,10:32:43.857367000,T,TGT,F I,24,97.49
2025-12-16,10:32:43.857403124,T,TGT,F I,16,97.49
2025-12-16,10:32:43.858167034,T,TGT,F,100,97.48
2025-12-16,10:32:43.858170141,T,TGT,F,100,97.48
2025-12-16,10:32:43.858170141,T,TGT,F I,7,97.48
2025-12-16,10:32:43.858175929,T,TGT,F I,15,97.48
2025-12-16,10:32:43.858178961,T,TGT,F I,6,97.48
2025-12-16,10:32:52.258165854,T,TGT,F I,20,97.42
2025-12-16,10:32:52.258165854,T,TGT,F I,60,97.42
2025-12-16,10:33:02.318125503,T,TGT,F I,2,97.4
2025-12-16,10:33:02.318426217,T,TGT,F I,10,97.39
2025-12-16,10:33:02.318429144,T,TGT,F I,1,97.39
2025-12-16,10:33:02.318486360,T,TGT,I,33,97.4
2025-12-16,10:33:05.355725087,T,TGT,F I,48,97.41
2025-12-16,10:33:05.362277946,T,TGT,I,9,97.41
2025-12-16,10:33:05.362283616,T,TGT,,150,97.41
2025-12-16,10:33:29.918858259,T,TGT,F I,80,97.42
2025-12-16,10:33:29.918858259,T,TGT,F I,80,97.43
2025-12-16,10:33:29.918885387,T,TGT,I,20,97.43
2025-12-16,10:33:29.918888289,T,TGT,I,40,97.44
2025-12-16,10:33:29.918924716,T,TGT,F I,10,97.44
2025-12-16,10:33:29.918927462,T,TGT,F,100,97.44
2025-12-16,10:33:29.918927462,T,TGT,F I,10,97.44
2025-12-16,10:33:53.629039424,T,TGT,I,10,97.37
2025-12-16,10:33:54.445277544,T,TGT,I,40,97.35
2025-12-16,10:33:54.445279977,T,TGT,I,60,97.35
2025-12-16,10:33:54.445292507,T,TGT,F I,40,97.35
2025-12-16,10:34:04.003058304,T,TGT,I,1,97.375
2025-12-16,10:34:17.173129468,T,TGT,F I,9,97.35
2025-12-16,10:34:17.173129468,T,TGT,F I,91,97.35
2025-12-16,10:34:17.173658221,T,TGT,F,200,97.34
2025-12-16,10:34:17.173658221,T,TGT,F I,10,97.34
2025-12-16,10:34:17.173661224,T,TGT,F I,49,97.34
2025-12-16,10:34:17.176385745,T,TGT,I,4,97.34
2025-12-16,10:34:29.567763689,T,TGT,F I,50,97.34
2025-12-16,10:34:29.567817730,T,TGT,F I,50,97.34
2025-12-16,10:34:52.903652157,T,TGT,I,50,97.365
2025-12-16,10:34:52.903658142,T,TGT,I,50,97.365
2025-12-16,10:34:52.903664393,T,TGT,F,100,97.38
2025-12-16,10:34:52.903667397,T,TGT,F I,10,97.39
2025-12-16,10:34:52.903667397,T,TGT,F I,73,97.39
2025-12-16,10:34:52.903685139,T,TGT,I,1,97.39
2025-12-16,10:34:52.903697387,T,TGT,I,2,97.39
2025-12-16,10:34:52.903739275,T,TGT,F I,97,97.39
2025-12-16,10:34:52.906391766,T,TGT,F I,40,97.38
2025-12-16,10:34:52.906395003,T,TGT,F,100,97.38
2025-12-16,10:34:52.906397954,T,TGT,F I,82,97.39
2025-12-16,10:34:52.906397954,T,TGT,F,200,97.39
2025-12-16,10:34:52.906401555,T,TGT,F,100,97.39
2025-12-16,10:34:52.906401555,T,TGT,F,100,97.39
2025-12-16,10:34:52.906403714,T,TGT,F I,31,97.39
2025-12-16,10:34:52.907113392,T,TGT,F I,11,97.39
2025-12-16,10:34:52.907627638,T,TGT,I,2,97.39
2025-12-16,10:34:53.478342225,T,TGT,I,30,97.38
2025-12-16,10:34:53.480714856,T,TGT,F I,20,97.39
2025-12-16,10:35:01.045870756,T,TGT,I,36,97.39
2025-12-16,10:35:01.050237124,T,TGT,F I,14,97.4
2025-12-16,10:35:01.050610028,T,TGT,F I,40,97.41
2025-12-16,10:35:01.051608453,T,TGT,F I,23,97.39
2025-12-16,10:35:01.051611398,T,TGT,F I,11,97.39
2025-12-16,10:35:01.051617430,T,TGT,F,100,97.39
2025-12-16,10:35:01.051617430,T,TGT,F I,11,97.39
2025-12-16,10:35:01.051743740,T,TGT,,400,97.39
2025-12-16,10:35:04.582169636,T,TGT,F I,23,97.41
2025-12-16,10:35:04.582172396,T,TGT,F I,11,97.41
2025-12-16,10:35:11.723718046,T,TGT,F I,3,97.39
2025-12-16,10:35:11.723721078,T,TGT,F,100,97.39
2025-12-16,10:35:22.365741285,T,TGT,F,100,97.41
2025-12-16,10:35:22.365744324,T,TGT,F I,49,97.42
2025-12-16,10:35:22.366012018,T,TGT,I,51,97.42
2025-12-16,10:35:22.366012018,T,TGT,I,49,97.42
2025-12-16,10:35:22.366030015,T,TGT,I,1,97.42
2025-12-16,10:35:22.366096114,T,TGT,I,10,97.42
2025-12-16,10:35:22.366460060,T,TGT,F,100,97.41
2025-12-16,10:35:22.366460060,T,TGT,F I,13,97.41
2025-12-16,10:35:22.366619409,T,TGT,,100,97.41
2025-12-16,10:35:22.366646442,T,TGT,I,1,97.41
2025-12-16,10:35:22.367265990,T,TGT,F I,10,97.4
2025-12-16,10:35:28.386035927,T,TGT,F,299,97.4
2025-12-16,10:35:28.386039208,T,TGT,F I,35,97.4
2025-12-16,10:35:28.386039208,T,TGT,F,100,97.4
2025-12-16,10:35:28.386529088,T,TGT,I,10,97.41
2025-12-16,10:35:29.248604915,T,TGT,I,17,97.42
2025-12-16,10:35:29.248640928,T,TGT,F I,63,97.42
2025-12-16,10:36:21.657849701,T,TGT,I,5,97.38
2025-12-16,10:36:30.888021627,T,TGT,F,100,97.35
2025-12-16,10:36:30.888024362,T,TGT,F I,1,97.35
2025-12-16,10:36:30.888028022,T,TGT,F I,5,97.35
2025-12-16,10:36:30.888028022,T,TGT,F I,60,97.35
2025-12-16,10:36:30.889314473,T,TGT,F I,10,97.34
2025-12-16,10:36:30.889317477,T,TGT,F I,5,97.34
2025-12-16,10:36:44.506310109,T,TGT,I,1,97.3
2025-12-16,10:37:06.151477674,T,TGT,F,100,97.26
2025-12-16,10:37:06.151510828,T,TGT,F I,3,97.27
2025-12-16,10:37:06.152040095,T,TGT,I,5,97.27
2025-12-16,10:37:06.152566604,T,TGT,F I,5,97.27
2025-12-16,10:37:06.152566604,T,TGT,F I,95,97.27
2025-12-16,10:37:06.152579053,T,TGT,F I,5,97.27
2025-12-16,10:37:06.152581292,T,TGT,F I,11,97.27
2025-12-16,10:37:06.152584340,T,TGT,I,1,97.27
2025-12-16,10:37:06.153188748,T,TGT,F I,11,97.26
2025-12-16,10:37:06.153832318,T,TGT,F I,6,97.25
2025-12-16,10:37:06.153835303,T,TGT,F I,10,97.25
2025-12-16,10:37:06.153835303,T,TGT,F I,11,97.25
2025-12-16,10:37:06.159603025,T,TGT,I,3,97.27
2025-12-16,10:37:06.159603025,T,TGT,I,42,97.28
2025-12-16,10:37:06.160099329,T,TGT,F I,6,97.29
2025-12-16,10:37:06.160120277,T,TGT,I,5,97.29
2025-12-16,10:37:06.160460202,T,TGT,,126,97.29
2025-12-16,10:37:06.162496862,T,TGT,F I,21,97.28
2025-12-16,10:37:06.162501971,T,TGT,F I,17,97.28
2025-12-16,10:37:06.162504992,T,TGT,F I,61,97.28
2025-12-16,10:37:06.162504992,T,TGT,F I,1,97.28
2025-12-16,10:37:06.162507986,T,TGT,F I,3,97.28
2025-12-16,10:37:06.162565081,T,TGT,,100,97.28
2025-12-16,10:37:06.162583182,T,TGT,I,1,97.28
2025-12-16,10:37:06.162610262,T,TGT,I,1,97.28
2025-12-16,10:37:06.176479635,T,TGT,F I,11,97.24
2025-12-16,10:37:06.176482325,T,TGT,F I,10,97.23
2025-12-16,10:37:06.176485242,T,TGT,F I,11,97.23
2025-12-16,10:37:06.176485242,T,TGT,F,100,97.23
2025-12-16,10:37:06.176491439,T,TGT,F I,40,97.22
2025-12-16,10:37:06.176491439,T,TGT,F I,11,97.22
2025-12-16,10:37:06.176491439,T,TGT,F I,10,97.22
2025-12-16,10:37:06.176494503,T,TGT,F I,66,97.22
2025-12-16,10:37:06.176494503,T,TGT,F I,25,97.21
2025-12-16,10:37:06.179460239,T,TGT,F I,97,97.25
2025-12-16,10:37:06.179501430,T,TGT,I,50,97.25
2025-12-16,10:37:06.630467860,T,TGT,F,200,97.25
2025-12-16,10:37:06.630489897,T,TGT,F,100,97.25
2025-12-16,10:37:06.630489897,T,TGT,F,100,97.25
2025-12-16,10:37:06.630491906,T,TGT,F,100,97.25
2025-12-16,10:37:07.569719470,T,TGT,F I,24,97.27
2025-12-16,10:37:07.570278772,T,TGT,F I,76,97.27
2025-12-16,10:37:07.570282463,T,TGT,F,100,97.27
2025-12-16,10:37:07.570282463,T,TGT,F I,13,97.28
2025-12-16,10:37:07.570285038,T,TGT,F I,97,97.28
2025-12-16,10:37:07.570287794,T,TGT,F I,14,97.28
2025-12-16,10:37:07.588375927,T,TGT,F,286,97.28
2025-12-16,10:37:07.588375927,T,TGT,F I,13,97.28
2025-12-16,10:37:07.588748756,T,TGT,F,100,97.27
2025-12-16,10:37:07.588751864,T,TGT,F,100,97.27
2025-12-16,10:37:07.588757802,T,TGT,F,100,97.28
2025-12-16,10:37:07.588760851,T,TGT,I,40,97.28
2025-12-16,10:37:07.588817996,T,TGT,F,100,97.27
2025-12-16,10:37:07.588817996,T,TGT,F I,1,97.27
2025-12-16,10:37:07.588836051,T,TGT,I,99,97.27
2025-12-16,10:37:08.544584890,T,TGT,I,4,97.27
2025-12-16,10:37:30.934560866,T,TGT,F I,50,97.28
2025-12-16,10:37:34.615952241,T,TGT,,100,97.27
2025-12-16,10:37:34.615955252,T,TGT,,100,97.26
2025-12-16,10:37:34.615994383,T,TGT,,2100,97.25
2025-12-16,10:37:34.616255965,T,TGT,F I,3,97.24
2025-12-16,10:37:34.616265685,T,TGT,F,100,97.24
2025-12-16,10:37:34.616268046,T,TGT,F,100,97.24
2025-12-16,10:37:34.616382322,T,TGT,,100,97.25
2025-12-16,10:37:34.616457470,T,TGT,,100,97.26
2025-12-16,10:37:34.617146099,T,TGT,F,100,97.26
2025-12-16,10:37:34.617146099,T,TGT,F I,40,97.26
2025-12-16,10:37:34.617149050,T,TGT,F,100,97.26
2025-12-16,10:37:34.617152311,T,TGT,F,100,97.26
2025-12-16,10:37:38.664641734,T,TGT,I,25,97.26
2025-12-16,10:37:39.568099116,T,TGT,I,8,97.3
2025-12-16,10:37:58.620164935,T,TGT,F,100,97.29
2025-12-16,10:37:58.620164935,T,TGT,F I,92,97.3
