DATE,TIME_M,EX,SYM_ROOT,TR_SCOND,SIZE,PRICE
2025-10-13,9:30:08.514604199,T,TGT,I,7,86.83
2025-10-13,9:30:08.514613248,T,TGT,Q,7,86.83
2025-10-13,9:30:23.936230389,T,TGT,I,7,86.83
2025-10-13,9:30:25.757672930,T,TGT,I,10,86.83
2025-10-13,9:30:25.757678935,T,TGT,,100,86.83
2025-10-13,9:30:25.757693930,T,TGT,F,390,86.8
2025-10-13,9:30:25.758562990,T,TGT,I,7,86.8
2025-10-13,9:30:35.551066303,T,TGT,I,4,86.85
2025-10-13,9:30:35.551066303,T,TGT,I,10,86.85
2025-10-13,9:30:36.531378021,T,TGT,I,7,86.82
2025-10-13,9:30:37.531828371,T,TGT,I,3,86.82
2025-10-13,9:30:53.652157340,T,TGT,I,6,86.81
2025-10-13,9:30:53.652160322,T,TGT,I,2,86.81
2025-10-13,9:30:53.652253539,T,TGT,F I,92,86.81
2025-10-13,9:30:59.862002943,T,TGT,I,4,86.85
2025-10-13,9:30:59.862002943,T,TGT,I,2,86.85
2025-10-13,9:31:12.983957327,T,TGT,,193,86.88
2025-10-13,9:31:12.983963293,T,TGT,I,7,86.88
2025-10-13,9:31:12.983963293,T,TGT,,300,86.88
2025-10-13,9:31:12.983966341,T,TGT,,693,86.9
2025-10-13,9:31:12.983984367,T,TGT,F,250,86.9
2025-10-13,9:31:12.983987380,T,TGT,I,1,86.9
2025-10-13,9:31:12.984009119,T,TGT,F I,56,86.9
2025-10-13,9:31:12.984011486,T,TGT,F I,69,86.9
2025-10-13,9:31:12.984017509,T,TGT,I,56,86.9
2025-10-13,9:31:13.882362742,T,TGT,F,100,86.86
2025-10-13,9:31:39.615979829,T,TGT,,100,86.95
2025-10-13,9:31:39.615982842,T,TGT,F I,50,86.95
2025-10-13,9:31:39.616103255,T,TGT,I,5,86.95
2025-10-13,9:31:39.616136296,T,TGT,I,53,86.95
2025-10-13,9:31:39.616433865,T,TGT,F,100,86.95
2025-10-13,9:31:39.616445926,T,TGT,,100,86.95
2025-10-13,9:31:44.975761088,T,TGT,,1000,86.96
2025-10-13,9:31:44.975761088,T,TGT,,376,86.98
2025-10-13,9:31:44.975772388,T,TGT,I,3,86.97
2025-10-13,9:31:44.975772388,T,TGT,I,6,86.97
2025-10-13,9:31:44.976503187,T,TGT,I,7,86.96
2025-10-13,9:31:50.920344036,T,TGT,,100,86.98
2025-10-13,9:31:50.920347075,T,TGT,I,78,86.99
2025-10-13,9:31:50.920350197,T,TGT,I,22,86.99
2025-10-13,9:31:50.920350197,T,TGT,I,18,86.99
2025-10-13,9:31:50.920353120,T,TGT,I,60,86.99
2025-10-13,9:31:50.920656847,T,TGT,,500,87.0
2025-10-13,9:31:50.920656847,T,TGT,I,5,87.0
2025-10-13,9:31:50.920659827,T,TGT,,1000,87.0
2025-10-13,9:31:50.931593854,T,TGT,F I,8,87.035
2025-10-13,9:31:50.933903329,T,TGT,,100,87.005
2025-10-13,9:31:50.937490962,T,TGT,,100,87.03
2025-10-13,9:31:50.937490962,T,TGT,I,50,87.04
2025-10-13,9:31:50.937508998,T,TGT,I,50,87.04
2025-10-13,9:31:50.938934398,T,TGT,F I,20,87.075
2025-10-13,9:31:50.938937299,T,TGT,F I,17,87.05
2025-10-13,9:31:50.938940343,T,TGT,F I,13,87.01
2025-10-13,9:31:50.938961401,T,TGT,F I,7,87.01
2025-10-13,9:31:50.938964909,T,TGT,F I,37,86.95
2025-10-13,9:31:50.938968094,T,TGT,F I,6,86.91
2025-10-13,9:31:50.938968094,T,TGT,F I,78,86.91
2025-10-13,9:31:50.938970430,T,TGT,I,1,87.04
2025-10-13,9:31:50.939719254,T,TGT,F I,84,87.02
2025-10-13,9:31:50.939719254,T,TGT,F I,16,87.03
2025-10-13,9:31:50.941743268,T,TGT,F,100,87.0
2025-10-13,9:31:50.941746274,T,TGT,F I,50,87.0
2025-10-13,9:31:50.941749308,T,TGT,F I,19,87.0
2025-10-13,9:31:50.941752121,T,TGT,F,400,87.0
2025-10-13,9:31:50.941755038,T,TGT,F,569,87.0
2025-10-13,9:31:50.941767106,T,TGT,I,1,87.0
2025-10-13,9:31:50.941770553,T,TGT,I,99,87.0
2025-10-13,9:31:50.941773410,T,TGT,,101,87.0
2025-10-13,9:31:50.941776125,T,TGT,I,30,87.0
2025-10-13,9:31:50.941776125,T,TGT,I,84,87.0
2025-10-13,9:31:50.942043735,T,TGT,F I,1,87.08
2025-10-13,9:31:50.942164036,T,TGT,F I,44,87.13
2025-10-13,9:31:50.942326780,T,TGT,I,12,87.13
2025-10-13,9:31:50.942383661,T,TGT,I,36,87.13
2025-10-13,9:31:50.942387305,T,TGT,F,200,87.13
2025-10-13,9:31:50.942389896,T,TGT,I,61,87.13
2025-10-13,9:31:50.942603061,T,TGT,F I,12,87.13
2025-10-13,9:31:50.942627691,T,TGT,I,1,87.13
2025-10-13,9:31:50.942639196,T,TGT,F I,7,87.13
2025-10-13,9:31:50.942642261,T,TGT,F I,20,87.13
2025-10-13,9:31:50.942642261,T,TGT,F,100,87.14
2025-10-13,9:31:50.942646224,T,TGT,F I,43,87.14
2025-10-13,9:31:50.942663290,T,TGT,I,57,87.14
2025-10-13,9:31:50.942666473,T,TGT,I,20,87.14
2025-10-13,9:31:50.942717350,T,TGT,F I,17,87.14
2025-10-13,9:31:50.942732523,T,TGT,I,40,87.15
2025-10-13,9:31:50.943120416,T,TGT,F I,61,87.15
2025-10-13,9:31:50.943120416,T,TGT,F I,39,87.15
2025-10-13,9:31:50.943123517,T,TGT,F,100,87.1
2025-10-13,9:31:50.943126308,T,TGT,F I,61,87.17
2025-10-13,9:31:50.943165378,T,TGT,I,36,87.13
2025-10-13,9:31:50.944614934,T,TGT,I,36,87.16
2025-10-13,9:31:50.944614934,T,TGT,I,64,87.16
2025-10-13,9:31:50.945207318,T,TGT,I,6,87.16
2025-10-13,9:31:50.945474880,T,TGT,F I,2,87.18
2025-10-13,9:31:50.945499015,T,TGT,I,1,87.18
2025-10-13,9:31:50.945733695,T,TGT,F I,11,87.15
2025-10-13,9:31:50.945733695,T,TGT,F I,1,87.15
2025-10-13,9:31:50.945733695,T,TGT,F I,13,87.14
2025-10-13,9:31:50.945757596,T,TGT,F I,10,87.14
2025-10-13,9:31:50.945766600,T,TGT,F I,50,87.14
2025-10-13,9:31:50.945778711,T,TGT,F I,27,87.14
2025-10-13,9:31:50.947564880,T,TGT,F I,47,87.18
2025-10-13,9:31:50.947673571,T,TGT,F I,1,87.2
2025-10-13,9:31:50.947673571,T,TGT,F I,1,87.2
2025-10-13,9:31:50.947677231,T,TGT,F I,3,87.2
2025-10-13,9:31:50.947679248,T,TGT,F I,95,87.2
2025-10-13,9:31:50.947838536,T,TGT,F I,5,87.2
2025-10-13,9:31:50.948409950,T,TGT,F I,1,87.23
2025-10-13,9:31:50.948653680,T,TGT,F,267,87.24
2025-10-13,9:31:50.948680623,T,TGT,F,433,87.24
2025-10-13,9:31:50.948818940,T,TGT,I,1,87.23
2025-10-13,9:31:50.949615809,T,TGT,F I,1,87.25
2025-10-13,9:31:50.950605370,T,TGT,F I,2,87.28
2025-10-13,9:31:50.950636651,T,TGT,F I,98,87.28
2025-10-13,9:31:50.950638620,T,TGT,F I,18,87.28
2025-10-13,9:31:50.950638620,T,TGT,F,100,87.28
2025-10-13,9:31:50.956372924,T,TGT,F I,1,87.28
2025-10-13,9:31:50.956381863,T,TGT,F I,2,87.28
2025-10-13,9:31:50.956394302,T,TGT,F I,42,87.28
2025-10-13,9:31:50.956394302,T,TGT,F I,59,87.28
2025-10-13,9:31:50.956490222,T,TGT,F,100,87.28
2025-10-13,9:31:50.958790690,T,TGT,,100,87.25
2025-10-13,9:31:51.002075791,T,TGT,F I,1,87.3
2025-10-13,9:31:51.017310082,T,TGT,F I,1,87.34
2025-10-13,9:31:51.052066873,T,TGT,F I,1,87.335
2025-10-13,9:31:51.052268367,T,TGT,I,77,87.29
2025-10-13,9:31:51.052289411,T,TGT,I,1,87.3
2025-10-13,9:31:51.052322512,T,TGT,I,20,87.32
2025-10-13,9:31:51.052674365,T,TGT,,123,87.32
2025-10-13,9:31:51.052680994,T,TGT,F I,20,87.3
2025-10-13,9:31:51.052684008,T,TGT,F,100,87.3
2025-10-13,9:31:51.052689594,T,TGT,I,17,87.32
2025-10-13,9:31:51.052692572,T,TGT,I,53,87.32
2025-10-13,9:31:51.052692572,T,TGT,I,53,87.32
2025-10-13,9:31:51.052698388,T,TGT,I,17,87.32
2025-10-13,9:31:51.052713476,T,TGT,I,73,87.32
2025-10-13,9:31:51.052713476,T,TGT,I,18,87.32
2025-10-13,9:31:51.052717414,T,TGT,I,20,87.32
2025-10-13,9:31:51.053101704,T,TGT,,104,87.3
2025-10-13,9:31:51.053104359,T,TGT,,100,87.3
2025-10-13,9:31:51.053573506,T,TGT,,100,87.3
2025-10-13,9:31:51.108018193,T,TGT,I,94,87.24
2025-10-13,9:31:51.108039773,T,TGT,F I,45,87.24
2025-10-13,9:31:51.108045257,T,TGT,F,100,87.24
2025-10-13,9:31:51.108045257,T,TGT,F I,7,87.24
2025-10-13,9:31:51.108048207,T,TGT,I,1,87.24
2025-10-13,9:31:51.108073472,T,TGT,F,100,87.24
2025-10-13,9:31:51.108073472,T,TGT,F,100,87.24
2025-10-13,9:31:51.108078362,T,TGT,F I,29,87.24
2025-10-13,9:31:51.108102415,T,TGT,I,58,87.25
2025-10-13,9:31:51.108156717,T,TGT,,100,87.27
2025-10-13,9:31:51.108159523,T,TGT,,154,87.27
2025-10-13,9:31:51.139199457,T,TGT,I,9,87.34
2025-10-13,9:31:51.190110793,T,TGT,I,13,87.26
2025-10-13,9:31:51.190204006,T,TGT,I,9,87.24
2025-10-13,9:31:51.190228085,T,TGT,I,1,87.24
2025-10-13,9:31:51.417440640,T,TGT,F,107,87.24
2025-10-13,9:31:51.417461499,T,TGT,F I,37,87.24
2025-10-13,9:31:51.417464378,T,TGT,F,154,87.24
2025-10-13,9:31:51.417470867,T,TGT,F,100,87.24
2025-10-13,9:31:51.417470867,T,TGT,F,100,87.24
2025-10-13,9:31:51.417473823,T,TGT,F I,40,87.24
2025-10-13,9:31:51.417473823,T,TGT,F,139,87.24
2025-10-13,9:31:51.752188959,T,TGT,F I,46,87.17
2025-10-13,9:31:51.780886260,T,TGT,F I,1,87.15
2025-10-13,9:31:52.198632516,T,TGT,F,100,87.11
2025-10-13,9:31:52.198680643,T,TGT,F,100,87.11
2025-10-13,9:31:53.290118994,T,TGT,,100,87.15
2025-10-13,9:31:53.290121927,T,TGT,,100,87.15
2025-10-13,9:31:53.996946941,T,TGT,F,100,87.09
2025-10-13,9:31:53.996949984,T,TGT,F,100,87.09
2025-10-13,9:31:53.996949984,T,TGT,F I,45,87.09
2025-10-13,9:31:53.996949984,T,TGT,F I,7,87.09
2025-10-13,9:31:53.997175475,T,TGT,I,60,87.09
2025-10-13,9:31:53.997178482,T,TGT,I,40,87.09
2025-10-13,9:31:53.997329035,T,TGT,F,100,87.08
2025-10-13,9:31:53.997824993,T,TGT,I,23,87.09
2025-10-13,9:31:54.037838309,T,TGT,F I,1,87.03
2025-10-13,9:31:54.037838309,T,TGT,F I,1,87.03
2025-10-13,9:31:54.037850408,T,TGT,F I,47,87.03
2025-10-13,9:31:54.037853376,T,TGT,F,100,87.03
2025-10-13,9:31:54.608865910,T,TGT,I,7,87.035
2025-10-13,9:31:54.608865910,T,TGT,I,6,87.035
2025-10-13,9:31:54.634279408,T,TGT,,100,87.04
2025-10-13,9:31:54.703759924,T,TGT,I,50,87.04
2025-10-13,9:31:54.703802009,T,TGT,I,50,87.035
2025-10-13,9:31:57.173538046,T,TGT,F,100,87.0
2025-10-13,9:31:57.173541156,T,TGT,F,100,87.0
2025-10-13,9:31:57.173541156,T,TGT,F I,18,87.0
2025-10-13,9:31:57.173691800,T,TGT,F I,38,86.99
2025-10-13,9:31:57.173691800,T,TGT,F,150,86.99
2025-10-13,9:32:00.564858712,T,TGT,,600,86.92
2025-10-13,9:32:02.727091625,T,TGT,,100,86.96
2025-10-13,9:32:02.727214392,T,TGT,F,100,86.97
2025-10-13,9:32:02.727221139,T,TGT,,100,86.98
2025-10-13,9:32:02.727271578,T,TGT,,100,86.98
2025-10-13,9:32:02.727403867,T,TGT,F,144,86.98
2025-10-13,9:32:02.727629684,T,TGT,,100,86.98
2025-10-13,9:32:02.727731699,T,TGT,F I,1,86.98
2025-10-13,9:32:02.727755705,T,TGT,I,1,86.98
2025-10-13,9:32:02.727774015,T,TGT,I,98,86.98
2025-10-13,9:32:02.727774015,T,TGT,I,7,86.98
2025-10-13,9:32:02.727821870,T,TGT,I,60,86.98
2025-10-13,9:32:02.727851954,T,TGT,I,25,86.98
2025-10-13,9:32:02.727957211,T,TGT,I,15,86.98
2025-10-13,9:32:02.727957211,T,TGT,I,4,86.97
2025-10-13,9:32:02.728008343,T,TGT,,100,86.98
2025-10-13,9:32:02.728032390,T,TGT,I,1,86.98
2025-10-13,9:32:02.728432309,T,TGT,F I,7,86.97
2025-10-13,9:32:02.730381558,T,TGT,F I,3,86.97
2025-10-13,9:32:02.730383926,T,TGT,F I,3,86.97
2025-10-13,9:32:02.732870870,T,TGT,F,100,86.975
2025-10-13,9:32:02.738106406,T,TGT,I,3,86.97
2025-10-13,9:32:02.738449244,T,TGT,,147,86.96
2025-10-13,9:32:04.176463631,T,TGT,,100,86.97
2025-10-13,9:32:04.176466417,T,TGT,,100,86.98
2025-10-13,9:32:04.176466417,T,TGT,,100,86.99
2025-10-13,9:32:04.176484245,T,TGT,F,200,86.99
2025-10-13,9:32:04.177786374,T,TGT,I,7,86.99
2025-10-13,9:32:04.632126724,T,TGT,,100,87.0
2025-10-13,9:32:11.643781790,T,TGT,,100,86.98
2025-10-13,9:32:15.643914935,T,TGT,,100,86.98
2025-10-13,9:32:15.645078695,T,TGT,,100,87.0
2025-10-13,9:32:15.645526788,T,TGT,F,100,87.0
2025-10-13,9:32:15.645541745,T,TGT,I,1,87.0
2025-10-13,9:32:15.645842522,T,TGT,,342,87.0
2025-10-13,9:32:15.646516103,T,TGT,,100,87.0
2025-10-13,9:32:15.646519721,T,TGT,,100,87.0
2025-10-13,9:32:15.686255812,T,TGT,I,7,87.0
2025-10-13,9:32:18.051898785,T,TGT,,100,86.98
2025-10-13,9:32:18.561555998,T,TGT,I,15,86.98
2025-10-13,9:32:21.216551450,T,TGT,F,100,86.98
2025-10-13,9:32:24.779957142,T,TGT,F I,10,86.95
2025-10-13,9:32:27.539944570,T,TGT,I,60,86.965
2025-10-13,9:32:28.884456914,T,TGT,F,100,87.06
2025-10-13,9:32:28.884459778,T,TGT,F I,1,87.06
2025-10-13,9:32:28.884480816,T,TGT,,100,87.06
2025-10-13,9:32:28.884501843,T,TGT,F I,7,87.07
2025-10-13,9:32:28.884817658,T,TGT,,100,87.06
2025-10-13,9:32:28.885127408,T,TGT,I,1,87.07
2025-10-13,9:32:28.885151383,T,TGT,I,1,87.07
2025-10-13,9:32:28.885332503,T,TGT,,117,87.07
2025-10-13,9:32:28.885334911,T,TGT,,100,87.07
2025-10-13,9:32:28.885632566,T,TGT,,100,87.07
2025-10-13,9:32:28.885942275,T,TGT,I,76,87.07
2025-10-13,9:32:28.885954311,T,TGT,F I,20,87.07
2025-10-13,9:32:28.945941983,T,TGT,,100,87.07
2025-10-13,9:32:28.945944314,T,TGT,I,7,87.07
2025-10-13,9:32:28.945965326,T,TGT,I,1,87.06
2025-10-13,9:32:28.945992333,T,TGT,F I,99,87.06
2025-10-13,9:32:28.946202916,T,TGT,,100,87.06
2025-10-13,9:32:29.946427888,T,TGT,F,100,87.03
2025-10-13,9:32:29.946485040,T,TGT,F I,50,87.03
2025-10-13,9:32:31.126805998,T,TGT,F,100,87.03
2025-10-13,9:32:31.187036745,T,TGT,F,100,87.04
2025-10-13,9:32:31.187078634,T,TGT,F I,50,87.04
2025-10-13,9:32:34.976135749,T,TGT,F,100,87.09
2025-10-13,9:32:34.976139008,T,TGT,F,144,87.1
2025-10-13,9:32:34.976139008,T,TGT,F I,18,87.1
2025-10-13,9:32:34.976156893,T,TGT,I,1,87.1
2025-10-13,9:32:34.976178081,T,TGT,I,99,87.1
2025-10-13,9:32:34.976192967,T,TGT,,100,87.08
2025-10-13,9:32:34.976196047,T,TGT,,124,87.05
2025-10-13,9:32:34.976214008,T,TGT,I,1,87.07
2025-10-13,9:32:34.976220092,T,TGT,F,100,87.07
2025-10-13,9:32:34.976223051,T,TGT,F I,19,87.07
2025-10-13,9:32:34.976226005,T,TGT,F I,81,87.06
2025-10-13,9:32:34.976454554,T,TGT,,100,87.07
2025-10-13,9:32:34.976881564,T,TGT,F I,6,87.06
2025-10-13,9:32:34.977221760,T,TGT,F,246,87.06
2025-10-13,9:32:34.977224709,T,TGT,F,124,87.06
2025-10-13,9:32:34.977227517,T,TGT,F,200,87.06
2025-10-13,9:32:34.977287589,T,TGT,,120,87.03
2025-10-13,9:32:34.977516147,T,TGT,F,120,87.06
2025-10-13,9:32:34.977516147,T,TGT,F,120,87.06
2025-10-13,9:32:34.977561135,T,TGT,F,100,87.06
2025-10-13,9:32:34.977819758,T,TGT,,100,87.05
2025-10-13,9:32:34.977888971,T,TGT,F I,19,87.06
2025-10-13,9:32:34.977952060,T,TGT,,100,87.03
2025-10-13,9:32:34.978225760,T,TGT,F I,13,87.05
2025-10-13,9:32:34.978433521,T,TGT,,100,87.02
2025-10-13,9:32:34.978436267,T,TGT,,100,87.02
2025-10-13,9:32:34.978442330,T,TGT,,100,87.02
2025-10-13,9:32:34.978460993,T,TGT,I,20,87.02
2025-10-13,9:32:34.979031690,T,TGT,,100,87.01
2025-10-13,9:32:34.980490171,T,TGT,F I,6,87.05
2025-10-13,9:32:35.008357605,T,TGT,,100,87.015
2025-10-13,9:32:35.347935635,T,TGT,F,100,87.0
2025-10-13,9:32:35.357450316,T,TGT,,150,86.97
2025-10-13,9:32:35.357453271,T,TGT,I,75,86.98
2025-10-13,9:32:35.529631459,T,TGT,F,100,86.95
2025-10-13,9:32:36.005851976,T,TGT,F,100,86.95
2025-10-13,9:32:39.285745224,T,TGT,F,100,86.96
2025-10-13,9:32:44.195786189,T,TGT,I,1,87.04
2025-10-13,9:32:45.558139911,T,TGT,F,100,87.05
2025-10-13,9:32:46.198671910,T,TGT,F I,59,87.06
2025-10-13,9:32:46.198692947,T,TGT,F I,39,87.06
2025-10-13,9:32:46.198695996,T,TGT,F,100,87.06
2025-10-13,9:32:46.198695996,T,TGT,I,1,87.06
2025-10-13,9:32:46.199008735,T,TGT,,100,87.06
2025-10-13,9:32:46.199393733,T,TGT,F,100,87.05
2025-10-13,9:32:46.199393733,T,TGT,F,100,87.04
2025-10-13,9:32:46.199399704,T,TGT,F I,36,87.04
2025-10-13,9:32:46.199402985,T,TGT,F I,12,87.04
2025-10-13,9:32:46.199417863,T,TGT,F,100,87.04
2025-10-13,9:32:46.199420873,T,TGT,F,100,87.04
2025-10-13,9:32:46.199429736,T,TGT,F,100,87.03
2025-10-13,9:32:46.199595175,T,TGT,F,100,87.02
2025-10-13,9:32:46.199658449,T,TGT,,112,87.03
2025-10-13,9:32:46.199784656,T,TGT,I,19,87.03
2025-10-13,9:32:46.199800150,T,TGT,,236,87.03
2025-10-13,9:32:46.199802595,T,TGT,I,36,87.04
2025-10-13,9:32:46.199805635,T,TGT,I,20,87.04
2025-10-13,9:32:46.199826735,T,TGT,I,1,87.04
2025-10-13,9:32:46.199841729,T,TGT,I,79,87.04
2025-10-13,9:32:46.200146205,T,TGT,F,100,87.04
2025-10-13,9:32:46.200146205,T,TGT,F I,33,87.04
2025-10-13,9:32:46.200151751,T,TGT,F I,36,87.04
2025-10-13,9:32:46.200151751,T,TGT,F I,1,87.04
2025-10-13,9:32:46.200151751,T,TGT,F I,1,87.04
2025-10-13,9:32:46.200154476,T,TGT,F I,31,87.04
2025-10-13,9:32:46.200158701,T,TGT,F,100,87.04
2025-10-13,9:32:46.200160576,T,TGT,F I,3,87.04
2025-10-13,9:32:46.200163515,T,TGT,F I,18,87.04
2025-10-13,9:32:46.200512452,T,TGT,F I,17,87.04
2025-10-13,9:32:46.201555866,T,TGT,F,100,87.05
2025-10-13,9:32:46.202482552,T,TGT,F,334,87.04
2025-10-13,9:32:46.202482552,T,TGT,F,101,87.04
2025-10-13,9:32:46.202488034,T,TGT,F I,34,87.04
2025-10-13,9:32:46.388297732,T,TGT,,100,87.02
2025-10-13,9:32:47.468375032,T,TGT,I,1,87.04
2025-10-13,9:32:47.468396007,T,TGT,F I,43,87.04
2025-10-13,9:32:47.468396007,T,TGT,F,100,87.04
2025-10-13,9:32:47.468768906,T,TGT,,100,87.04
2025-10-13,9:32:47.835234010,T,TGT,,144,87.06
2025-10-13,9:32:47.835234010,T,TGT,,100,87.06
2025-10-13,9:32:47.837540526,T,TGT,F,100,87.08
2025-10-13,9:32:47.837573600,T,TGT,I,44,87.08
2025-10-13,9:32:47.837576635,T,TGT,,100,87.08
2025-10-13,9:32:49.208374390,T,TGT,F I,1,87.07
2025-10-13,9:32:49.208431598,T,TGT,F I,7,87.06
2025-10-13,9:32:49.596343724,T,TGT,F I,20,87.1
2025-10-13,9:32:49.596343724,T,TGT,F,100,87.1
2025-10-13,9:32:49.596653452,T,TGT,I,7,87.1
2025-10-13,9:32:49.720912507,T,TGT,F,100,87.05
2025-10-13,9:32:49.720912507,T,TGT,F I,20,87.05
2025-10-13,9:32:49.722698892,T,TGT,F I,20,87.02
2025-10-13,9:32:49.722701791,T,TGT,F,150,87.02
2025-10-13,9:32:49.722967187,T,TGT,I,40,87.04
2025-10-13,9:32:49.723029588,T,TGT,,100,87.05
2025-10-13,9:32:49.723032625,T,TGT,,100,87.05
2025-10-13,9:32:49.723059617,T,TGT,F,100,87.05
2025-10-13,9:32:49.723135353,T,TGT,F,100,87.05
2025-10-13,9:32:49.723137847,T,TGT,F,100,87.05
2025-10-13,9:32:49.723164882,T,TGT,F I,40,87.05
2025-10-13,9:32:49.723195020,T,TGT,,160,87.05
2025-10-13,9:32:49.723195020,T,TGT,I,40,87.05
2025-10-13,9:32:49.723198011,T,TGT,I,14,87.05
2025-10-13,9:32:49.723212998,T,TGT,F I,86,87.05
2025-10-13,9:32:49.723553172,T,TGT,F,100,87.03
2025-10-13,9:32:49.723616036,T,TGT,I,7,87.04
2025-10-13,9:32:49.723616036,T,TGT,I,16,87.04
2025-10-13,9:32:49.723938009,T,TGT,F I,7,87.03
2025-10-13,9:32:49.723938009,T,TGT,F I,16,87.03
2025-10-13,9:32:49.723943770,T,TGT,F I,13,87.03
2025-10-13,9:32:49.723943770,T,TGT,F I,20,87.03
2025-10-13,9:32:49.724034098,T,TGT,F I,9,87.03
2025-10-13,9:32:49.724046146,T,TGT,F I,9,87.03
2025-10-13,9:32:49.724181316,T,TGT,I,7,87.04
2025-10-13,9:32:49.724250465,T,TGT,F,100,87.04
2025-10-13,9:32:49.724265550,T,TGT,F I,2,87.04
2025-10-13,9:32:49.724271575,T,TGT,F I,7,87.04
2025-10-13,9:32:49.724277583,T,TGT,F I,9,87.04
2025-10-13,9:32:49.724737947,T,TGT,F,100,87.04
2025-10-13,9:32:50.395079689,T,TGT,F I,18,87.02
2025-10-13,9:32:50.395188110,T,TGT,F,100,87.0
2025-10-13,9:32:50.395188110,T,TGT,F I,17,87.0
2025-10-13,9:32:50.395190978,T,TGT,F I,20,87.0
2025-10-13,9:32:50.395209603,T,TGT,I,1,87.0
2025-10-13,9:32:50.395212058,T,TGT,I,16,87.0
2025-10-13,9:32:51.757484634,T,TGT,F I,30,87.015
2025-10-13,9:32:51.757484634,T,TGT,F I,10,87.015
2025-10-13,9:32:51.757487609,T,TGT,F I,84,87.05
2025-10-13,9:32:51.757487609,T,TGT,F I,94,87.05
2025-10-13,9:32:51.757505607,T,TGT,I,40,87.05
2025-10-13,9:32:51.757908678,T,TGT,F,200,87.05
2025-10-13,9:32:51.758600211,T,TGT,I,2,87.04
2025-10-13,9:32:51.758639296,T,TGT,I,98,87.04
2025-10-13,9:32:51.758675389,T,TGT,F I,7,87.04
2025-10-13,9:32:51.758696490,T,TGT,F I,93,87.04
2025-10-13,9:32:51.761312693,T,TGT,I,30,87.035
2025-10-13,9:32:52.092940156,T,TGT,F I,20,87.0
2025-10-13,9:32:52.092997182,T,TGT,F,100,87.0
2025-10-13,9:32:52.092997182,T,TGT,F I,20,86.98
2025-10-13,9:32:52.093057111,T,TGT,,160,87.02
2025-10-13,9:32:52.102977718,T,TGT,I,1,87.01
2025-10-13,9:32:54.839828153,T,TGT,F I,12,87.02
2025-10-13,9:32:54.932490962,T,TGT,F I,1,87.05
2025-10-13,9:32:58.352692323,T,TGT,F I,30,87.09
2025-10-13,9:32:58.377931477,T,TGT,I,1,87.12
2025-10-13,9:32:58.378021716,T,TGT,F,108,87.09
2025-10-13,9:32:58.378039898,T,TGT,F,100,87.09
2025-10-13,9:32:59.262723609,T,TGT,F I,1,87.0
2025-10-13,9:32:59.262726414,T,TGT,F I,19,87.0
2025-10-13,9:32:59.262729468,T,TGT,F I,6,87.0
2025-10-13,9:32:59.263102363,T,TGT,I,80,86.98
2025-10-13,9:32:59.263105375,T,TGT,,100,86.98
2025-10-13,9:32:59.263727794,T,TGT,I,30,86.98
2025-10-13,9:32:59.263748847,T,TGT,,190,86.99
2025-10-13,9:32:59.263766958,T,TGT,,100,86.99
2025-10-13,9:32:59.263769934,T,TGT,I,90,87.0
2025-10-13,9:32:59.263787945,T,TGT,I,1,86.99
2025-10-13,9:32:59.306964895,T,TGT,I,17,86.99
2025-10-13,9:32:59.309791586,T,TGT,I,85,87.03
2025-10-13,9:33:00.149590369,T,TGT,I,30,86.99
2025-10-13,9:33:01.194183132,T,TGT,F I,13,86.94
2025-10-13,9:33:01.194303430,T,TGT,F,100,86.93
2025-10-13,9:33:01.194303430,T,TGT,F I,12,86.93
2025-10-13,9:33:01.194390617,T,TGT,I,50,86.95
2025-10-13,9:33:01.194393609,T,TGT,I,30,86.955
2025-10-13,9:33:01.194396567,T,TGT,I,27,86.96
2025-10-13,9:33:01.507120640,T,TGT,,100,86.92
2025-10-13,9:33:01.508113006,T,TGT,,100,86.89
2025-10-13,9:33:03.648790076,T,TGT,I,15,86.95
2025-10-13,9:33:04.966559554,T,TGT,,100,86.965
2025-10-13,9:33:05.031805965,T,TGT,I,1,86.98
2025-10-13,9:33:05.031827024,T,TGT,I,1,86.98
2025-10-13,9:33:05.038899895,T,TGT,I,50,86.99
2025-10-13,9:33:05.507223610,T,TGT,I,5,87.01
2025-10-13,9:33:05.507226719,T,TGT,,255,87.0
2025-10-13,9:33:05.507226719,T,TGT,I,40,87.0
2025-10-13,9:33:05.998756689,T,TGT,F I,2,87.09
2025-10-13,9:33:09.292434711,T,TGT,F I,2,87.07
2025-10-13,9:33:09.292440778,T,TGT,F I,98,87.07
2025-10-13,9:33:11.902698504,T,TGT,F,100,87.06
2025-10-13,9:33:12.796142098,T,TGT,F I,11,87.1
2025-10-13,9:33:12.796160179,T,TGT,F,100,87.11
2025-10-13,9:33:12.796377314,T,TGT,F I,44,87.11
2025-10-13,9:33:12.796377314,T,TGT,F,100,87.11
2025-10-13,9:33:17.420162820,T,TGT,F,100,87.06
2025-10-13,9:33:17.420162820,T,TGT,F,100,87.06
2025-10-13,9:33:17.462780279,T,TGT,I,10,87.045
2025-10-13,9:33:17.462783239,T,TGT,I,10,87.045
2025-10-13,9:33:17.462786131,T,TGT,I,10,87.045
2025-10-13,9:33:17.938234252,T,TGT,F,100,87.06
2025-10-13,9:33:17.938234252,T,TGT,F,100,87.06
2025-10-13,9:33:19.048175349,T,TGT,F I,10,87.08
2025-10-13,9:33:29.546613621,T,TGT,F,100,87.06
2025-10-13,9:33:29.546613621,T,TGT,F,100,87.06
2025-10-13,9:33:29.546629140,T,TGT,F,100,87.06
2025-10-13,9:33:29.547359387,T,TGT,F,100,87.02
2025-10-13,9:33:29.548111214,T,TGT,I,8,87.01
2025-10-13,9:33:29.548733643,T,TGT,F I,2,87.005
2025-10-13,9:33:29.548812162,T,TGT,I,78,87.01
2025-10-13,9:33:29.548812162,T,TGT,,102,87.01
2025-10-13,9:33:29.886287874,T,TGT,F,100,86.99
2025-10-13,9:33:29.886633728,T,TGT,I,6,86.98
2025-10-13,9:33:29.886655070,T,TGT,F I,94,86.98
2025-10-13,9:33:29.886655070,T,TGT,I,1,86.98
2025-10-13,9:33:29.886675937,T,TGT,I,99,86.98
2025-10-13,9:33:30.038624787,T,TGT,I,80,86.96
2025-10-13,9:33:30.955930276,T,TGT,F I,30,86.945
2025-10-13,9:33:31.422365559,T,TGT,F I,1,86.91
2025-10-13,9:33:33.225530528,T,TGT,F I,20,86.925
2025-10-13,9:33:34.404038276,T,TGT,F,100,86.96
2025-10-13,9:33:43.447402672,T,TGT,I,30,86.98
2025-10-13,9:33:44.040370392,T,TGT,I,14,86.98
2025-10-13,9:33:44.599206776,T,TGT,,100,87.03
2025-10-13,9:33:47.587831997,T,TGT,F I,1,87.06
2025-10-13,9:33:47.588319482,T,TGT,I,1,87.09
2025-10-13,9:33:47.588403384,T,TGT,F,124,87.09
2025-10-13,9:33:47.588403384,T,TGT,F I,1,87.09
2025-10-13,9:33:47.588499628,T,TGT,I,2,87.1
2025-10-13,9:33:47.588502715,T,TGT,I,2,87.1
2025-10-13,9:33:47.588505572,T,TGT,I,2,87.1
2025-10-13,9:33:48.019579632,T,TGT,F,100,87.14
2025-10-13,9:33:50.748635390,T,TGT,F I,18,87.16
2025-10-13,9:33:52.895841047,T,TGT,F,125,87.18
2025-10-13,9:33:52.895841047,T,TGT,F I,1,87.18
2025-10-13,9:34:06.731771428,T,TGT,F I,20,87.13
2025-10-13,9:34:08.146413693,T,TGT,F,100,87.07
2025-10-13,9:34:11.511039795,T,TGT,I,40,87.02
2025-10-13,9:34:11.542972825,T,TGT,,100,87.03
2025-10-13,9:34:11.542972825,T,TGT,I,40,87.04
2025-10-13,9:34:14.044632929,T,TGT,I,13,87.035
2025-10-13,9:34:17.040132623,T,TGT,F I,4,86.99
2025-10-13,9:34:19.429926078,T,TGT,F I,1,86.99
2025-10-13,9:34:19.722135642,T,TGT,I,11,86.98
2025-10-13,9:34:19.722135642,T,TGT,I,19,86.98
2025-10-13,9:34:19.722445268,T,TGT,F I,50,86.98
2025-10-13,9:34:19.722445268,T,TGT,F I,50,86.98
2025-10-13,9:34:19.722466761,T,TGT,I,50,86.97
2025-10-13,9:34:19.724835825,T,TGT,,120,86.975
2025-10-13,9:34:19.724971082,T,TGT,I,30,86.975
2025-10-13,9:34:19.724974118,T,TGT,I,90,86.97
2025-10-13,9:34:19.725025780,T,TGT,,100,86.96
2025-10-13,9:34:19.725025780,T,TGT,I,20,86.96
2025-10-13,9:34:19.725046325,T,TGT,I,1,86.96
2025-10-13,9:34:19.725053008,T,TGT,I,24,86.96
2025-10-13,9:34:19.725241690,T,TGT,I,40,86.97
2025-10-13,9:34:19.725266481,T,TGT,I,1,86.97
2025-10-13,9:34:19.740070044,T,TGT,F,100,86.95
2025-10-13,9:34:20.192982212,T,TGT,F I,59,86.97
2025-10-13,9:34:20.379570649,T,TGT,,100,86.975
2025-10-13,9:34:20.379844338,T,TGT,I,30,86.975
2025-10-13,9:34:20.379847287,T,TGT,I,30,86.96
2025-10-13,9:34:20.379901475,T,TGT,F I,48,86.98
2025-10-13,9:34:20.380263195,T,TGT,I,16,86.97
2025-10-13,9:34:20.380263195,T,TGT,I,48,86.97
2025-10-13,9:34:20.380265346,T,TGT,I,30,86.97
2025-10-13,9:34:20.380322523,T,TGT,F I,29,86.98
2025-10-13,9:34:20.380331504,T,TGT,F I,1,86.98
2025-10-13,9:34:20.380536902,T,TGT,I,9,86.97
2025-10-13,9:34:20.380536902,T,TGT,I,16,86.97
2025-10-13,9:34:20.380647751,T,TGT,F I,13,86.98
2025-10-13,9:34:20.380650973,T,TGT,F,100,86.98
2025-10-13,9:34:20.380653394,T,TGT,F I,9,86.98
2025-10-13,9:34:20.380656230,T,TGT,F I,16,86.98
2025-10-13,9:34:20.380692305,T,TGT,I,18,86.98
2025-10-13,9:34:20.380695327,T,TGT,,100,86.99
2025-10-13,9:34:20.380698349,T,TGT,I,20,86.99
2025-10-13,9:34:20.380710433,T,TGT,,100,86.97
2025-10-13,9:34:20.380738179,T,TGT,I,1,86.98
2025-10-13,9:34:20.380743509,T,TGT,F I,16,86.98
2025-10-13,9:34:20.380746462,T,TGT,F I,1,86.98
2025-10-13,9:34:20.380753065,T,TGT,F I,1,86.98
2025-10-13,9:34:20.380761487,T,TGT,I,1,86.98
2025-10-13,9:34:20.380770550,T,TGT,I,42,86.97
2025-10-13,9:34:20.380773502,T,TGT,F I,1,86.98
2025-10-13,9:34:20.380815921,T,TGT,I,40,86.97
2025-10-13,9:34:20.380848778,T,TGT,I,30,86.96
2025-10-13,9:34:20.380981003,T,TGT,,100,86.97
2025-10-13,9:34:20.381005081,T,TGT,I,1,86.97
2025-10-13,9:34:20.381026133,T,TGT,I,40,86.96
2025-10-13,9:34:20.381290781,T,TGT,F I,40,86.96
2025-10-13,9:34:20.381369815,T,TGT,,100,86.95
2025-10-13,9:34:20.381372190,T,TGT,I,11,86.95
2025-10-13,9:34:20.381675765,T,TGT,,100,86.95
2025-10-13,9:34:20.381675765,T,TGT,I,54,86.95
2025-10-13,9:34:20.381931354,T,TGT,F,100,86.96
2025-10-13,9:34:20.382472734,T,TGT,,100,86.95
2025-10-13,9:34:20.382472734,T,TGT,I,10,86.95
2025-10-13,9:34:20.382472734,T,TGT,I,20,86.95
2025-10-13,9:34:20.382475648,T,TGT,I,5,86.95
2025-10-13,9:34:20.418146585,T,TGT,F I,5,86.96
2025-10-13,9:34:20.418146585,T,TGT,F I,5,86.96
2025-10-13,9:34:20.680248049,T,TGT,F,100,86.99
2025-10-13,9:34:20.680299159,T,TGT,F I,5,87.0
2025-10-13,9:34:20.680515895,T,TGT,,100,86.99
2025-10-13,9:34:21.366158599,T,TGT,,100,87.015
2025-10-13,9:34:24.776078157,T,TGT,F I,10,87.0
2025-10-13,9:34:24.776078157,T,TGT,F I,97,87.0
2025-10-13,9:34:24.776099874,T,TGT,F I,18,87.0
2025-10-13,9:34:24.776102205,T,TGT,F I,50,87.0
2025-10-13,9:34:24.777028379,T,TGT,,100,87.0
2025-10-13,9:34:24.777909432,T,TGT,F I,20,87.02
2025-10-13,9:34:24.777948607,T,TGT,F I,80,87.02
2025-10-13,9:34:24.777952433,T,TGT,F I,20,87.03
2025-10-13,9:34:24.777952433,T,TGT,F,112,87.04
2025-10-13,9:34:24.777960559,T,TGT,F I,20,87.04
2025-10-13,9:34:24.777960559,T,TGT,F I,44,87.04
2025-10-13,9:34:24.777981630,T,TGT,F I,20,87.04
2025-10-13,9:34:24.778002676,T,TGT,F I,80,87.04
2025-10-13,9:34:24.778204160,T,TGT,,111,87.02
2025-10-13,9:34:24.778204160,T,TGT,,100,87.02
2025-10-13,9:34:24.778989052,T,TGT,F I,21,87.0
2025-10-13,9:34:24.779449187,T,TGT,F,100,87.005
2025-10-13,9:34:24.783115522,T,TGT,F I,6,87.04
2025-10-13,9:34:24.783121045,T,TGT,F,100,87.04
2025-10-13,9:34:24.783121045,T,TGT,F,100,87.04
2025-10-13,9:34:24.783124209,T,TGT,F,100,87.04
2025-10-13,9:34:24.783124209,T,TGT,F,100,87.04
2025-10-13,9:34:24.783127213,T,TGT,F I,45,87.04
2025-10-13,9:34:24.783127213,T,TGT,F I,20,87.04
2025-10-13,9:34:24.783129967,T,TGT,F,100,87.05
2025-10-13,9:34:24.783129967,T,TGT,F I,20,87.05
2025-10-13,9:34:24.784383847,T,TGT,F I,40,87.03
2025-10-13,9:34:24.784407914,T,TGT,I,1,87.03
2025-10-13,9:34:24.784591367,T,TGT,F I,3,87.02
2025-10-13,9:34:24.784619165,T,TGT,F I,97,87.02
2025-10-13,9:34:24.784619165,T,TGT,F I,17,87.02
2025-10-13,9:34:24.784621460,T,TGT,F I,3,87.02
2025-10-13,9:34:24.784997410,T,TGT,,100,87.02
2025-10-13,9:34:24.784997410,T,TGT,,383,87.02
2025-10-13,9:34:24.785021444,T,TGT,I,1,87.02
2025-10-13,9:34:24.785048489,T,TGT,,185,87.02
2025-10-13,9:34:24.785048489,T,TGT,,259,87.02
2025-10-13,9:34:24.785424387,T,TGT,I,31,87.02
2025-10-13,9:34:24.785445428,T,TGT,I,1,87.02
2025-10-13,9:34:24.787189625,T,TGT,F I,20,87.01
2025-10-13,9:34:24.789258456,T,TGT,F,112,87.02
2025-10-13,9:34:24.789637761,T,TGT,F,102,87.02
2025-10-13,9:34:24.789640380,T,TGT,F,102,87.02
2025-10-13,9:34:24.789920118,T,TGT,F,100,87.02
2025-10-13,9:34:24.885529857,T,TGT,F I,10,87.02
2025-10-13,9:34:24.885529857,T,TGT,F I,10,87.02
2025-10-13,9:34:24.886176428,T,TGT,F I,99,87.04
2025-10-13,9:34:25.503998373,T,TGT,,100,87.01
2025-10-13,9:34:25.965646129,T,TGT,F I,99,87.06
2025-10-13,9:34:26.723587031,T,TGT,,100,87.03
2025-10-13,9:34:26.723635163,T,TGT,F,100,87.03
2025-10-13,9:34:26.724056127,T,TGT,F,100,87.03
2025-10-13,9:34:27.570449625,T,TGT,,100,87.05
2025-10-13,9:34:27.574413017,T,TGT,I,50,87.08
2025-10-13,9:34:27.574416072,T,TGT,I,50,87.08
2025-10-13,9:34:27.578929834,T,TGT,,100,87.08
2025-10-13,9:34:27.583091718,T,TGT,I,40,87.03
2025-10-13,9:34:27.585696019,T,TGT,F,112,87.06
2025-10-13,9:34:27.585702103,T,TGT,F I,20,87.06
2025-10-13,9:34:27.585702103,T,TGT,F I,20,87.06
2025-10-13,9:34:27.585704978,T,TGT,F I,48,87.06
2025-10-13,9:34:27.585717238,T,TGT,I,1,87.06
2025-10-13,9:34:27.585717238,T,TGT,I,1,87.06
2025-10-13,9:34:27.585750006,T,TGT,I,41,87.03
2025-10-13,9:34:27.589860871,T,TGT,F I,94,87.06
2025-10-13,9:34:27.589860871,T,TGT,F I,6,87.06
2025-10-13,9:34:27.589899965,T,TGT,I,14,87.06
2025-10-13,9:34:27.589908915,T,TGT,I,52,87.04
2025-10-13,9:34:27.593063423,T,TGT,F I,32,87.06
2025-10-13,9:34:27.593066579,T,TGT,F I,20,87.06
2025-10-13,9:34:27.593066579,T,TGT,F I,20,87.06
2025-10-13,9:34:27.593069445,T,TGT,F I,26,87.08
2025-10-13,9:34:27.593072984,T,TGT,F I,2,87.08
2025-10-13,9:34:27.593072984,T,TGT,F I,18,87.08
2025-10-13,9:34:27.593075507,T,TGT,F I,82,87.08
2025-10-13,9:34:27.593123619,T,TGT,,112,87.04
2025-10-13,9:34:27.593144685,T,TGT,I,1,87.04
2025-10-13,9:34:27.593520596,T,TGT,F I,31,87.04
2025-10-13,9:34:27.593530181,T,TGT,I,26,87.0
2025-10-13,9:34:27.593530181,T,TGT,I,13,87.0
2025-10-13,9:34:27.593532874,T,TGT,I,53,87.0
2025-10-13,9:34:27.593536281,T,TGT,I,25,87.0
2025-10-13,9:34:27.593539865,T,TGT,I,75,87.0
2025-10-13,9:34:27.593541610,T,TGT,I,25,87.0
2025-10-13,9:34:27.593547680,T,TGT,I,1,87.03
2025-10-13,9:34:27.593568699,T,TGT,F,100,87.02
2025-10-13,9:34:27.593574660,T,TGT,F I,42,87.02
2025-10-13,9:34:27.593578595,T,TGT,F I,12,87.04
2025-10-13,9:34:27.593599283,T,TGT,I,13,87.02
2025-10-13,9:34:27.593640824,T,TGT,I,20,87.01
2025-10-13,9:34:27.593643840,T,TGT,I,7,87.02
2025-10-13,9:34:27.593758088,T,TGT,,100,87.02
2025-10-13,9:34:27.593899435,T,TGT,I,80,87.02
2025-10-13,9:34:27.593899435,T,TGT,I,8,87.02
2025-10-13,9:34:27.594049858,T,TGT,I,13,87.02
2025-10-13,9:34:27.594516623,T,TGT,,100,87.01
2025-10-13,9:34:27.594567019,T,TGT,I,6,87.01
2025-10-13,9:34:27.594648418,T,TGT,I,20,87.01
2025-10-13,9:34:27.594672447,T,TGT,I,7,87.02
2025-10-13,9:34:27.594672447,T,TGT,I,42,87.02
2025-10-13,9:34:27.594696396,T,TGT,I,1,87.02
2025-10-13,9:34:27.594768515,T,TGT,I,30,87.01
2025-10-13,9:34:27.594768515,T,TGT,I,20,87.01
2025-10-13,9:34:27.594891830,T,TGT,I,6,87.01
2025-10-13,9:34:27.594961013,T,TGT,,100,87.02
2025-10-13,9:34:27.595126405,T,TGT,I,6,87.02
2025-10-13,9:34:27.595652594,T,TGT,I,13,87.02
2025-10-13,9:34:27.598007303,T,TGT,F I,13,87.02
2025-10-13,9:34:27.600662687,T,TGT,F I,26,87.05
2025-10-13,9:34:27.600665553,T,TGT,F I,20,87.05
2025-10-13,9:34:27.600668681,T,TGT,F,100,87.05
2025-10-13,9:34:27.600668681,T,TGT,F I,32,87.05
2025-10-13,9:34:27.600671587,T,TGT,F I,26,87.05
2025-10-13,9:34:27.601123767,T,TGT,,100,87.03
2025-10-13,9:34:27.601125762,T,TGT,I,52,87.03
2025-10-13,9:34:27.601176838,T,TGT,F I,52,87.05
2025-10-13,9:34:27.601206838,T,TGT,I,1,87.05
2025-10-13,9:34:27.601206838,T,TGT,F I,41,87.05
2025-10-13,9:34:27.601209874,T,TGT,F I,1,87.05
2025-10-13,9:34:27.601397122,T,TGT,I,1,87.03
2025-10-13,9:34:27.601399485,T,TGT,I,53,87.03
2025-10-13,9:34:27.601403073,T,TGT,I,1,87.03
2025-10-13,9:34:27.601403073,T,TGT,I,41,87.03
2025-10-13,9:34:27.601405787,T,TGT,I,42,87.03
2025-10-13,9:34:27.605476998,T,TGT,F I,20,87.05
2025-10-13,9:34:27.605476998,T,TGT,F I,80,87.05
2025-10-13,9:34:27.605498073,T,TGT,I,1,87.05
2025-10-13,9:34:27.605910486,T,TGT,I,52,87.03
2025-10-13,9:34:27.605910486,T,TGT,I,20,87.03
2025-10-13,9:34:27.609524681,T,TGT,F I,50,87.04
2025-10-13,9:34:27.609527703,T,TGT,F I,50,87.04
2025-10-13,9:34:27.609548733,T,TGT,I,1,87.04
2025-10-13,9:34:27.609792308,T,TGT,I,8,87.03
2025-10-13,9:34:27.609795507,T,TGT,I,20,87.03
2025-10-13,9:34:27.612860383,T,TGT,F I,1,87.04
2025-10-13,9:34:27.612860383,T,TGT,F I,20,87.04
2025-10-13,9:34:27.612863552,T,TGT,F I,19,87.04
2025-10-13,9:34:27.612863552,T,TGT,F I,7,87.04
2025-10-13,9:34:27.612866022,T,TGT,F I,16,87.04
2025-10-13,9:34:27.612866022,T,TGT,F I,3,87.04
2025-10-13,9:34:27.612868720,T,TGT,F I,2,87.04
2025-10-13,9:34:27.612868720,T,TGT,F I,32,87.05
2025-10-13,9:34:27.619752159,T,TGT,F,100,87.07
2025-10-13,9:34:27.619752159,T,TGT,F I,26,87.08
2025-10-13,9:34:27.619755123,T,TGT,F I,20,87.08
2025-10-13,9:34:27.619755123,T,TGT,F I,54,87.08
2025-10-13,9:34:27.623676422,T,TGT,F,100,87.08
2025-10-13,9:34:27.623688909,T,TGT,F I,50,87.08
2025-10-13,9:34:27.623691447,T,TGT,F I,50,87.08
2025-10-13,9:34:27.627194746,T,TGT,F,100,87.08
2025-10-13,9:34:27.627206770,T,TGT,F,100,87.08
2025-10-13,9:34:27.630740263,T,TGT,F,100,87.08
2025-10-13,9:34:27.630752614,T,TGT,F I,50,87.08
2025-10-13,9:34:27.630752614,T,TGT,F I,50,87.09
2025-10-13,9:34:27.630795111,T,TGT,F I,55,87.07
2025-10-13,9:34:27.630803487,T,TGT,F I,27,87.07
2025-10-13,9:34:27.630803487,T,TGT,F I,3,87.07
2025-10-13,9:34:27.634157088,T,TGT,F I,25,87.08
2025-10-13,9:34:27.634159661,T,TGT,F I,20,87.08
2025-10-13,9:34:27.634162673,T,TGT,F I,27,87.08
2025-10-13,9:34:27.634162673,T,TGT,F I,3,87.08
2025-10-13,9:34:27.634165375,T,TGT,F I,25,87.08
2025-10-13,9:34:27.634445116,T,TGT,,100,87.06
2025-10-13,9:34:27.641466731,T,TGT,I,20,87.09
2025-10-13,9:34:27.641469826,T,TGT,I,38,87.09
2025-10-13,9:34:27.641520964,T,TGT,F I,52,87.07
2025-10-13,9:34:27.992628361,T,TGT,F I,52,87.09
2025-10-13,9:34:27.992634364,T,TGT,F I,60,87.09
2025-10-13,9:34:27.992634364,T,TGT,F I,17,87.09
2025-10-13,9:34:28.794094875,T,TGT,F I,32,87.05
2025-10-13,9:34:28.794098262,T,TGT,F,100,87.05
2025-10-13,9:34:28.794100856,T,TGT,F I,1,87.05
2025-10-13,9:34:30.256476024,T,TGT,F I,8,87.0
2025-10-13,9:34:30.256478993,T,TGT,F I,19,87.0
2025-10-13,9:34:30.256978208,T,TGT,,100,86.98
2025-10-13,9:34:30.296155577,T,TGT,I,1,86.96
2025-10-13,9:34:30.296221759,T,TGT,F,100,86.96
2025-10-13,9:34:30.296654799,T,TGT,F I,50,86.96
2025-10-13,9:34:30.296886321,T,TGT,,100,86.96
2025-10-13,9:34:35.070269601,T,TGT,F,100,87.05
2025-10-13,9:34:35.070290686,T,TGT,,100,87.05
2025-10-13,9:34:36.134529118,T,TGT,F I,60,87.04
2025-10-13,9:34:36.134529118,T,TGT,F I,6,87.04
2025-10-13,9:34:37.889146524,T,TGT,,100,87.05
2025-10-13,9:34:37.889170581,T,TGT,F,100,87.05
2025-10-13,9:34:42.853707283,T,TGT,,100,87.045
2025-10-13,9:34:47.909827340,T,TGT,F,150,87.055
2025-10-13,9:34:47.909827340,T,TGT,F,100,87.08
2025-10-13,9:34:47.909830310,T,TGT,F I,49,87.08
2025-10-13,9:34:47.917784946,T,TGT,F,100,87.08
2025-10-13,9:34:47.917787265,T,TGT,F I,50,87.08
2025-10-13,9:34:47.917790459,T,TGT,F I,52,87.09
2025-10-13,9:34:47.917796272,T,TGT,F,148,87.09
2025-10-13,9:34:47.917796272,T,TGT,F I,52,87.09
2025-10-13,9:34:47.917811282,T,TGT,I,1,87.09
2025-10-13,9:34:47.917823329,T,TGT,F I,47,87.09
2025-10-13,9:34:47.917853701,T,TGT,F I,1,87.1
2025-10-13,9:34:47.917853701,T,TGT,F I,1,87.1
2025-10-13,9:34:47.918434128,T,TGT,F I,2,87.1
2025-10-13,9:34:47.918454864,T,TGT,I,1,87.1
2025-10-13,9:34:47.918475844,T,TGT,I,5,87.1
2025-10-13,9:34:47.918475844,T,TGT,,106,87.1
2025-10-13,9:34:47.918478892,T,TGT,,400,87.1
2025-10-13,9:34:47.918590161,T,TGT,F I,3,87.09
2025-10-13,9:34:47.918632321,T,TGT,F I,20,87.09
2025-10-13,9:34:47.918659345,T,TGT,F I,10,87.09
2025-10-13,9:34:47.918737533,T,TGT,F I,20,87.08
2025-10-13,9:34:47.918911913,T,TGT,I,73,87.09
2025-10-13,9:34:47.918911913,T,TGT,I,2,87.09
2025-10-13,9:34:47.918999199,T,TGT,I,6,87.09
2025-10-13,9:34:47.919035178,T,TGT,F I,12,87.08
2025-10-13,9:34:47.919059347,T,TGT,I,88,87.08
2025-10-13,9:34:47.919059347,T,TGT,,100,87.08
2025-10-13,9:34:47.919062283,T,TGT,I,16,87.08
2025-10-13,9:34:47.919083584,T,TGT,F I,4,87.08
2025-10-13,9:34:47.919164691,T,TGT,F,100,87.09
2025-10-13,9:34:47.919164691,T,TGT,F I,11,87.09
2025-10-13,9:34:47.919167568,T,TGT,F I,12,87.09
2025-10-13,9:34:47.919188611,T,TGT,I,1,87.09
2025-10-13,9:34:47.947775123,T,TGT,I,20,87.14
2025-10-13,9:34:47.947793085,T,TGT,F I,2,87.14
2025-10-13,9:34:48.193240560,T,TGT,I,10,87.15
2025-10-13,9:34:48.581176760,T,TGT,,100,87.19
2025-10-13,9:34:48.581179821,T,TGT,,120,87.19
2025-10-13,9:34:48.581498565,T,TGT,,200,87.17
2025-10-13,9:34:49.240353206,T,TGT,F I,1,87.14
2025-10-13,9:34:49.240353206,T,TGT,F I,3,87.14
2025-10-13,9:34:49.240362192,T,TGT,F,100,87.14
2025-10-13,9:34:50.437454201,T,TGT,F,100,87.18
2025-10-13,9:34:51.325626315,T,TGT,,100,87.125
2025-10-13,9:34:54.718694066,T,TGT,F,118,87.13
2025-10-13,9:34:55.057917864,T,TGT,F,100,87.07
2025-10-13,9:34:55.058308204,T,TGT,I,15,87.07
2025-10-13,9:34:55.058335880,T,TGT,,100,87.07
2025-10-13,9:34:55.058344758,T,TGT,I,85,87.07
2025-10-13,9:34:55.058404422,T,TGT,I,72,87.08
2025-10-13,9:34:55.058599866,T,TGT,I,20,87.08
2025-10-13,9:34:56.020489587,T,TGT,I,23,87.08
2025-10-13,9:34:56.020547389,T,TGT,I,43,87.08
2025-10-13,9:34:56.020592190,T,TGT,I,43,87.08
2025-10-13,9:34:56.022194935,T,TGT,,100,87.085
2025-10-13,9:34:56.022197980,T,TGT,,100,87.1
2025-10-13,9:34:56.022197980,T,TGT,I,20,87.1
2025-10-13,9:34:56.977450596,T,TGT,F,100,87.11
2025-10-13,9:34:59.928639505,T,TGT,F I,2,87.12
2025-10-13,9:34:59.928750806,T,TGT,F I,7,87.12
2025-10-13,9:34:59.928780810,T,TGT,I,91,87.12
2025-10-13,9:35:01.345823079,T,TGT,F I,50,87.08
2025-10-13,9:35:01.345823079,T,TGT,F I,50,87.08
2025-10-13,9:35:01.929841320,T,TGT,F,150,87.1
2025-10-13,9:35:01.929844312,T,TGT,F I,50,87.1
2025-10-13,9:35:04.825106147,T,TGT,F,100,87.06
2025-10-13,9:35:12.986000139,T,TGT,,100,87.045
2025-10-13,9:35:13.305069494,T,TGT,I,50,87.045
2025-10-13,9:35:13.305069494,T,TGT,,255,87.045
2025-10-13,9:35:13.305075284,T,TGT,I,50,87.04
2025-10-13,9:35:13.305075284,T,TGT,,100,87.04
2025-10-13,9:35:13.305075284,T,TGT,I,85,87.03
2025-10-13,9:35:14.517163961,T,TGT,I,21,87.06
2025-10-13,9:35:14.517212132,T,TGT,F I,10,87.1
2025-10-13,9:35:14.517236237,T,TGT,F I,6,87.1
2025-10-13,9:35:14.517236237,T,TGT,F I,60,87.1
2025-10-13,9:35:14.517260199,T,TGT,F I,24,87.1
2025-10-13,9:35:14.517263222,T,TGT,F I,66,87.1
2025-10-13,9:35:14.517278218,T,TGT,I,34,87.1
2025-10-13,9:35:14.518072382,T,TGT,,100,87.1
2025-10-13,9:35:14.518096846,T,TGT,I,1,87.1
2025-10-13,9:35:14.518099176,T,TGT,I,13,87.1
2025-10-13,9:35:14.526426064,T,TGT,,100,87.09
2025-10-13,9:35:16.667906117,T,TGT,F,100,87.09
2025-10-13,9:35:20.222079778,T,TGT,F I,17,87.1
2025-10-13,9:35:20.222145832,T,TGT,I,84,87.06
2025-10-13,9:35:20.222170002,T,TGT,I,70,87.06
2025-10-13,9:35:20.222431545,T,TGT,I,70,87.08
2025-10-13,9:35:20.222892242,T,TGT,I,14,87.06
2025-10-13,9:35:20.222892242,T,TGT,I,70,87.06
2025-10-13,9:35:20.222894656,T,TGT,I,2,87.06
2025-10-13,9:35:20.223351751,T,TGT,I,40,87.08
2025-10-13,9:35:20.223378839,T,TGT,F I,60,87.08
2025-10-13,9:35:21.310456654,T,TGT,F,100,87.12
2025-10-13,9:35:21.310913735,T,TGT,,130,87.1
2025-10-13,9:35:21.310982919,T,TGT,,115,87.1
2025-10-13,9:35:27.170644239,T,TGT,,255,87.065
2025-10-13,9:35:28.245976171,T,TGT,F,100,87.03
2025-10-13,9:35:28.245976171,T,TGT,F,100,87.03
2025-10-13,9:35:30.042603754,T,TGT,F I,10,87.0
2025-10-13,9:35:30.042603754,T,TGT,F I,10,87.0
2025-10-13,9:35:30.042606627,T,TGT,F I,30,87.0
2025-10-13,9:35:30.063768133,T,TGT,F I,1,86.97
2025-10-13,9:35:30.063792192,T,TGT,F I,5,86.96
2025-10-13,9:35:30.063798108,T,TGT,F I,5,86.96
2025-10-13,9:35:30.063804158,T,TGT,,100,86.96
2025-10-13,9:35:32.893651053,T,TGT,F I,73,87.01
2025-10-13,9:35:34.057757523,T,TGT,I,13,86.98
2025-10-13,9:35:34.057787588,T,TGT,F I,17,86.96
2025-10-13,9:35:34.057790753,T,TGT,F,100,86.96
2025-10-13,9:35:34.946305401,T,TGT,,100,86.945
2025-10-13,9:35:34.946357007,T,TGT,I,20,86.945
2025-10-13,9:35:35.421672076,T,TGT,F,100,86.98
2025-10-13,9:35:35.421675311,T,TGT,F I,19,86.98
2025-10-13,9:35:35.421675311,T,TGT,F I,34,86.98
2025-10-13,9:35:35.421702045,T,TGT,I,66,86.98
2025-10-13,9:35:35.421726104,T,TGT,I,19,86.99
2025-10-13,9:35:35.421852352,T,TGT,I,19,86.99
2025-10-13,9:35:35.421852352,T,TGT,,100,86.98
2025-10-13,9:35:35.421855391,T,TGT,,100,86.98
2025-10-13,9:35:35.421874122,T,TGT,I,1,86.98
2025-10-13,9:35:35.421876499,T,TGT,,100,86.98
2025-10-13,9:35:35.421882511,T,TGT,I,1,86.98
2025-10-13,9:35:35.422438817,T,TGT,I,37,86.98
2025-10-13,9:35:35.422447809,T,TGT,,100,86.99
2025-10-13,9:35:35.422465872,T,TGT,,100,86.98
2025-10-13,9:35:35.422892862,T,TGT,F,100,86.98
2025-10-13,9:35:35.422892862,T,TGT,F,100,86.98
2025-10-13,9:35:35.514079087,T,TGT,F I,32,87.0
2025-10-13,9:35:35.514767759,T,TGT,F I,68,87.0
2025-10-13,9:35:38.512402570,T,TGT,F,100,87.01
2025-10-13,9:35:43.061397461,T,TGT,F I,80,87.01
2025-10-13,9:35:43.061418529,T,TGT,I,1,87.01
2025-10-13,9:35:43.061440140,T,TGT,I,19,87.01
2025-10-13,9:35:43.062768837,T,TGT,F,100,86.95
2025-10-13,9:35:43.062768837,T,TGT,F I,20,86.95
2025-10-13,9:35:43.063382149,T,TGT,F I,30,86.95
2025-10-13,9:35:43.063403281,T,TGT,I,63,86.95
2025-10-13,9:35:43.063403281,T,TGT,,200,86.95
2025-10-13,9:35:43.133786388,T,TGT,F,100,86.92
2025-10-13,9:35:43.133819056,T,TGT,F,100,86.91
2025-10-13,9:35:43.133822003,T,TGT,F I,20,86.91
2025-10-13,9:35:43.133960315,T,TGT,F I,1,86.9
2025-10-13,9:35:43.134727235,T,TGT,,147,86.9
2025-10-13,9:35:43.134727235,T,TGT,,153,86.9
2025-10-13,9:35:43.134754367,T,TGT,F I,3,86.9
2025-10-13,9:35:43.135094523,T,TGT,I,20,86.9
2025-10-13,9:35:43.135133067,T,TGT,F I,77,86.9
2025-10-13,9:35:43.135133067,T,TGT,F I,9,86.91
2025-10-13,9:35:43.135136156,T,TGT,F I,15,86.91
2025-10-13,9:35:43.135301496,T,TGT,F I,3,86.91
2025-10-13,9:35:43.256736821,T,TGT,F I,81,86.945
2025-10-13,9:35:54.289039866,T,TGT,F,100,86.96
2025-10-13,9:35:54.289094044,T,TGT,F I,50,86.96
2025-10-13,9:35:55.397345413,T,TGT,F I,27,86.99
2025-10-13,9:35:55.397402415,T,TGT,I,73,86.99
2025-10-13,9:35:55.397531806,T,TGT,I,2,86.99
2025-10-13,9:35:55.577198116,T,TGT,F I,27,86.98
2025-10-13,9:35:55.577198116,T,TGT,F I,73,86.98
2025-10-13,9:35:55.577200826,T,TGT,F I,27,86.97
2025-10-13,9:35:55.656162925,T,TGT,I,12,86.965
2025-10-13,9:35:57.633974948,T,TGT,F,100,86.94
2025-10-13,9:35:57.633989987,T,TGT,F I,62,86.93
2025-10-13,9:35:57.634022979,T,TGT,F I,38,86.93
2025-10-13,9:35:57.634266599,T,TGT,F I,18,86.92
2025-10-13,9:35:57.634266599,T,TGT,F,100,86.92
2025-10-13,9:35:57.634335729,T,TGT,,100,86.94
2025-10-13,9:35:57.634356803,T,TGT,,100,86.94
2025-10-13,9:35:57.634413979,T,TGT,I,20,86.95
2025-10-13,9:35:57.634624521,T,TGT,I,13,86.92
2025-10-13,9:35:57.634627415,T,TGT,I,40,86.92
2025-10-13,9:35:57.634630625,T,TGT,I,37,86.92
2025-10-13,9:35:57.634634023,T,TGT,I,20,86.92
2025-10-13,9:35:57.634634023,T,TGT,I,30,86.92
2025-10-13,9:35:57.634702707,T,TGT,F I,20,86.92
2025-10-13,9:35:57.634813932,T,TGT,,100,86.94
2025-10-13,9:35:57.634813932,T,TGT,I,28,86.94
2025-10-13,9:35:57.634874034,T,TGT,I,15,86.94
2025-10-13,9:35:57.635235159,T,TGT,I,82,86.94
2025-10-13,9:35:57.635298022,T,TGT,I,5,86.94
2025-10-13,9:35:57.635499668,T,TGT,F I,21,86.94
2025-10-13,9:36:03.287702559,T,TGT,F,100,86.9
2025-10-13,9:36:04.647897219,T,TGT,F,100,86.94
2025-10-13,9:36:04.651060742,T,TGT,,100,86.97
2025-10-13,9:36:04.658247835,T,TGT,F,100,86.98
2025-10-13,9:36:04.762331833,T,TGT,F,600,86.99
2025-10-13,9:36:04.762331833,T,TGT,F,100,86.99
2025-10-13,9:36:05.118668904,T,TGT,,100,87.02
2025-10-13,9:36:11.786833432,T,TGT,I,20,87.09
2025-10-13,9:36:11.786833432,T,TGT,I,20,87.1
2025-10-13,9:36:11.786833432,T,TGT,I,15,87.1
2025-10-13,9:36:11.791326045,T,TGT,F,100,87.12
2025-10-13,9:36:11.791353110,T,TGT,F,100,87.12
2025-10-13,9:36:20.295884880,T,TGT,,100,87.14
2025-10-13,9:36:20.295884880,T,TGT,,150,87.14
2025-10-13,9:36:20.462087917,T,TGT,I,99,87.15
2025-10-13,9:36:20.462087917,T,TGT,,150,87.17
2025-10-13,9:36:20.462093766,T,TGT,,100,87.18
2025-10-13,9:36:20.462093766,T,TGT,I,70,87.19
2025-10-13,9:36:20.462262230,T,TGT,I,44,87.19
2025-10-13,9:36:20.462382483,T,TGT,I,57,87.19
2025-10-13,9:36:20.462400562,T,TGT,I,29,87.19
2025-10-13,9:36:20.462403515,T,TGT,I,18,87.19
2025-10-13,9:36:20.684488648,T,TGT,F,100,87.19
2025-10-13,9:36:20.684521845,T,TGT,F,100,87.2
2025-10-13,9:36:20.684524741,T,TGT,F,100,87.2
2025-10-13,9:36:20.684524741,T,TGT,F I,90,87.2
2025-10-13,9:36:23.483723430,T,TGT,F I,9,87.18
2025-10-13,9:36:23.484209862,T,TGT,I,64,87.18
2025-10-13,9:36:23.484218953,T,TGT,F I,40,87.18
2025-10-13,9:36:23.706385270,T,TGT,F,200,87.15
2025-10-13,9:36:23.707341696,T,TGT,I,20,87.155
2025-10-13,9:36:23.707341696,T,TGT,F I,80,87.155
2025-10-13,9:36:23.707345137,T,TGT,F I,50,87.155
2025-10-13,9:36:23.707348095,T,TGT,F I,30,87.15
2025-10-13,9:36:23.707348095,T,TGT,F I,50,87.15
2025-10-13,9:36:23.707702344,T,TGT,F I,2,87.15
2025-10-13,9:36:23.707705349,T,TGT,F I,2,87.15
2025-10-13,9:36:23.707738447,T,TGT,F I,32,87.16
2025-10-13,9:36:23.707744524,T,TGT,I,8,87.16
2025-10-13,9:36:23.707777518,T,TGT,F I,9,87.16
2025-10-13,9:36:23.759843636,T,TGT,I,8,87.16
2025-10-13,9:36:23.759846559,T,TGT,I,1,87.16
2025-10-13,9:36:23.811287109,T,TGT,,220,87.19
2025-10-13,9:36:23.811654578,T,TGT,,100,87.22
2025-10-13,9:36:23.811681031,T,TGT,F,100,87.21
2025-10-13,9:36:23.811729159,T,TGT,F,100,87.22
2025-10-13,9:36:23.811978792,T,TGT,I,30,87.225
2025-10-13,9:36:23.811978792,T,TGT,I,70,87.23
2025-10-13,9:36:23.812093062,T,TGT,F I,68,87.2
2025-10-13,9:36:23.860640764,T,TGT,,200,87.21
2025-10-13,9:36:23.861278271,T,TGT,I,30,87.23
2025-10-13,9:36:24.082758924,T,TGT,I,10,87.24
2025-10-13,9:36:24.082765014,T,TGT,,413,87.25
2025-10-13,9:36:24.082765014,T,TGT,I,50,87.25
2025-10-13,9:36:24.082927317,T,TGT,F I,68,87.23
2025-10-13,9:36:24.083131819,T,TGT,I,16,87.24
2025-10-13,9:36:24.083188918,T,TGT,F I,10,87.24
2025-10-13,9:36:24.083336279,T,TGT,I,46,87.24
2025-10-13,9:36:24.083441549,T,TGT,I,44,87.24
2025-10-13,9:36:24.083444756,T,TGT,I,27,87.24
2025-10-13,9:36:24.083463118,T,TGT,I,1,87.24
2025-10-13,9:36:24.083465585,T,TGT,I,43,87.24
2025-10-13,9:36:26.757580607,T,TGT,F,100,87.26
2025-10-13,9:36:26.801265682,T,TGT,,150,87.24
2025-10-13,9:36:26.802691091,T,TGT,,100,87.2
2025-10-13,9:36:28.270593796,T,TGT,,100,87.18
2025-10-13,9:36:28.270593796,T,TGT,I,30,87.17
2025-10-13,9:36:29.680676756,T,TGT,F,100,87.16
2025-10-13,9:36:29.680679635,T,TGT,F I,40,87.16
2025-10-13,9:36:30.290448377,T,TGT,F,100,87.16
2025-10-13,9:36:31.260298015,T,TGT,I,50,87.14
2025-10-13,9:36:33.258074646,T,TGT,,100,87.17
2025-10-13,9:36:33.258092582,T,TGT,F I,40,87.17
2025-10-13,9:36:33.258095724,T,TGT,F I,24,87.17
2025-10-13,9:36:33.258095724,T,TGT,I,76,87.17
2025-10-13,9:36:34.588492258,T,TGT,,150,87.2
2025-10-13,9:36:34.588510313,T,TGT,I,57,87.2
2025-10-13,9:36:34.589000486,T,TGT,,100,87.18
2025-10-13,9:36:34.590762820,T,TGT,F I,19,87.16
2025-10-13,9:36:34.590789794,T,TGT,F I,3,87.16
2025-10-13,9:36:34.590792988,T,TGT,F I,12,87.16
2025-10-13,9:36:34.590792988,T,TGT,F I,11,87.16
2025-10-13,9:36:34.590873942,T,TGT,I,14,87.16
2025-10-13,9:36:34.591108538,T,TGT,F I,4,87.16
2025-10-13,9:36:34.591108538,T,TGT,I,20,87.185
2025-10-13,9:36:34.591114455,T,TGT,I,30,87.16
2025-10-13,9:36:34.591117773,T,TGT,I,28,87.16
2025-10-13,9:36:34.591120549,T,TGT,I,29,87.16
2025-10-13,9:36:34.591126558,T,TGT,I,9,87.16
2025-10-13,9:36:34.591421231,T,TGT,I,20,87.19
2025-10-13,9:36:34.591502560,T,TGT,F I,4,87.17
2025-10-13,9:36:34.591520505,T,TGT,I,7,87.17
2025-10-13,9:36:34.591523532,T,TGT,F I,9,87.17
2025-10-13,9:36:34.591586589,T,TGT,I,16,87.18
2025-10-13,9:36:34.591715993,T,TGT,I,56,87.2
2025-10-13,9:36:34.592413625,T,TGT,F I,3,87.18
2025-10-13,9:36:34.593992389,T,TGT,F I,37,87.15
2025-10-13,9:36:34.594022456,T,TGT,I,9,87.15
2025-10-13,9:36:34.594025647,T,TGT,I,1,87.15
2025-10-13,9:36:34.594025647,T,TGT,I,7,87.15
2025-10-13,9:36:34.594028496,T,TGT,I,8,87.15
2025-10-13,9:36:35.839307241,T,TGT,F I,30,87.17
2025-10-13,9:36:35.839313927,T,TGT,F,255,87.17
2025-10-13,9:36:35.839313927,T,TGT,F,100,87.18
2025-10-13,9:36:35.839316307,T,TGT,F I,13,87.19
2025-10-13,9:36:35.839316307,T,TGT,F I,1,87.19
2025-10-13,9:36:35.839337298,T,TGT,F I,33,87.16
2025-10-13,9:36:35.846214855,T,TGT,F I,13,87.15
2025-10-13,9:36:39.957691049,T,TGT,F I,43,87.15
2025-10-13,9:36:39.957694156,T,TGT,F,100,87.16
2025-10-13,9:36:39.957694156,T,TGT,F I,28,87.16
2025-10-13,9:36:39.957697086,T,TGT,F I,16,87.16
2025-10-13,9:36:39.957712536,T,TGT,I,12,87.16
2025-10-13,9:36:39.957715723,T,TGT,I,28,87.16
2025-10-13,9:36:39.957715723,T,TGT,I,1,87.16
2025-10-13,9:36:39.957718256,T,TGT,I,1,87.16
2025-10-13,9:36:39.957721576,T,TGT,I,1,87.16
2025-10-13,9:36:39.957721576,T,TGT,I,53,87.16
2025-10-13,9:36:39.957724221,T,TGT,I,1,87.16
2025-10-13,9:36:39.957724221,T,TGT,I,46,87.16
2025-10-13,9:36:40.640624798,T,TGT,,100,87.16
2025-10-13,9:36:40.640663469,T,TGT,F I,29,87.16
2025-10-13,9:36:44.966102424,T,TGT,F I,29,87.18
2025-10-13,9:36:44.966102424,T,TGT,F I,29,87.18
2025-10-13,9:36:44.966108493,T,TGT,F I,18,87.18
2025-10-13,9:36:44.966108493,T,TGT,F I,24,87.18
2025-10-13,9:36:44.966123465,T,TGT,I,54,87.18
2025-10-13,9:36:44.966126524,T,TGT,I,1,87.18
2025-10-13,9:36:52.463766298,T,TGT,I,1,87.19
2025-10-13,9:36:54.731724563,T,TGT,F I,2,87.15
2025-10-13,9:36:59.766214024,T,TGT,F I,38,87.19
2025-10-13,9:37:02.453563605,T,TGT,F,100,87.16
2025-10-13,9:37:02.453587891,T,TGT,F I,1,87.15
2025-10-13,9:37:02.453590740,T,TGT,F I,1,87.15
2025-10-13,9:37:02.462053111,T,TGT,,139,87.17
2025-10-13,9:37:02.462055814,T,TGT,I,18,87.18
2025-10-13,9:37:08.805786568,T,TGT,F,100,87.16
2025-10-13,9:37:08.805786568,T,TGT,F I,10,87.16
2025-10-13,9:37:08.805789389,T,TGT,F I,27,87.16
2025-10-13,9:37:08.806333585,T,TGT,I,12,87.16
2025-10-13,9:37:12.299861771,T,TGT,I,1,87.15
2025-10-13,9:37:12.299903854,T,TGT,F I,14,87.15
2025-10-13,9:37:12.299903854,T,TGT,F I,8,87.15
2025-10-13,9:37:12.775538052,T,TGT,F,100,87.19
2025-10-13,9:37:12.775538052,T,TGT,F,100,87.19
2025-10-13,9:37:12.775781658,T,TGT,F I,1,87.2
2025-10-13,9:37:12.775781658,T,TGT,F,152,87.2
2025-10-13,9:37:12.775805761,T,TGT,,100,87.2
2025-10-13,9:37:12.775844825,T,TGT,F I,20,87.2
2025-10-13,9:37:12.775874855,T,TGT,F I,28,87.2
2025-10-13,9:37:12.775878113,T,TGT,F I,50,87.2
2025-10-13,9:37:21.871251226,T,TGT,F I,92,87.22
2025-10-13,9:37:21.871272239,T,TGT,I,8,87.22
2025-10-13,9:37:22.594375103,T,TGT,I,1,87.23
2025-10-13,9:37:24.536137163,T,TGT,,100,87.22
2025-10-13,9:37:24.654132296,T,TGT,F I,99,87.23
2025-10-13,9:37:30.021674293,T,TGT,F I,10,87.15
2025-10-13,9:37:32.046184593,T,TGT,,100,87.11
2025-10-13,9:37:33.551853802,T,TGT,F I,5,87.08
2025-10-13,9:37:33.551857029,T,TGT,F,100,87.08
2025-10-13,9:37:33.551857029,T,TGT,F I,61,87.08
2025-10-13,9:37:33.551871980,T,TGT,I,1,87.08
2025-10-13,9:37:33.551874765,T,TGT,F I,38,87.08
2025-10-13,9:37:36.143500186,T,TGT,F I,11,87.05
2025-10-13,9:37:36.145172279,T,TGT,,100,87.06
2025-10-13,9:37:36.145172279,T,TGT,,100,87.07
2025-10-13,9:37:36.145175216,T,TGT,I,50,87.08
2025-10-13,9:37:36.145178233,T,TGT,I,55,87.09
2025-10-13,9:37:36.486771224,T,TGT,F I,2,87.05
2025-10-13,9:37:37.876294477,T,TGT,F,100,87.07
2025-10-13,9:37:39.231344238,T,TGT,F I,13,87.08
2025-10-13,9:37:39.231373963,T,TGT,F I,74,87.08
2025-10-13,9:37:39.231377005,T,TGT,F I,13,87.08
2025-10-13,9:37:39.231377005,T,TGT,F I,87,87.08
2025-10-13,9:37:39.231379992,T,TGT,F I,2,87.08
2025-10-13,9:37:39.231382906,T,TGT,F I,11,87.08
2025-10-13,9:37:42.712154719,T,TGT,I,1,87.13
2025-10-13,9:37:45.585611616,T,TGT,F,100,87.13
2025-10-13,9:37:45.585686761,T,TGT,I,15,87.14
2025-10-13,9:37:45.585710868,T,TGT,I,1,87.14
2025-10-13,9:37:45.585725901,T,TGT,I,84,87.14
2025-10-13,9:37:45.586044648,T,TGT,I,50,87.14
2025-10-13,9:37:45.586098835,T,TGT,,100,87.14
2025-10-13,9:37:45.586228093,T,TGT,F,102,87.14
2025-10-13,9:37:45.586249256,T,TGT,I,20,87.14
2025-10-13,9:37:45.586252277,T,TGT,I,1,87.14
2025-10-13,9:37:45.586255165,T,TGT,I,77,87.14
2025-10-13,9:37:45.670918814,T,TGT,F I,2,87.13
2025-10-13,9:37:45.671036129,T,TGT,,100,87.13
2025-10-13,9:37:45.671066259,T,TGT,,100,87.14
2025-10-13,9:37:45.671069233,T,TGT,,100,87.14
2025-10-13,9:37:46.537084434,T,TGT,F I,2,87.13
2025-10-13,9:37:46.537084434,T,TGT,F I,18,87.13
2025-10-13,9:37:46.967644225,T,TGT,F I,68,87.14
2025-10-13,9:37:47.231736408,T,TGT,I,1,87.14
2025-10-13,9:37:50.839458751,T,TGT,,100,87.15
2025-10-13,9:37:50.839461734,T,TGT,I,58,87.15
2025-10-13,9:37:50.839675202,T,TGT,,100,87.15
2025-10-13,9:37:50.840210570,T,TGT,F I,2,87.15
2025-10-13,9:37:54.471274431,T,TGT,I,1,87.18
2025-10-13,9:37:59.418938136,T,TGT,,100,87.14
2025-10-13,9:37:59.418938136,T,TGT,,255,87.14
2025-10-13,9:37:59.418958999,T,TGT,I,84,87.14
2025-10-13,9:37:59.418973961,T,TGT,I,1,87.14
2025-10-13,9:37:59.418986165,T,TGT,F I,17,87.13
2025-10-13,9:37:59.419001106,T,TGT,,255,87.13
2025-10-13,9:37:59.419007615,T,TGT,I,30,87.13
2025-10-13,9:37:59.419007615,T,TGT,,674,87.14
2025-10-13,9:37:59.419013821,T,TGT,I,1,87.14
2025-10-13,9:37:59.419013821,T,TGT,F I,2,87.11
2025-10-13,9:37:59.419034162,T,TGT,I,2,87.13
2025-10-13,9:37:59.419558902,T,TGT,F I,1,87.12
2025-10-13,9:37:59.419563490,T,TGT,F I,93,87.12
2025-10-13,9:37:59.419572442,T,TGT,F I,6,87.12
2025-10-13,9:37:59.419672042,T,TGT,F I,20,87.06
2025-10-13,9:37:59.419672042,T,TGT,F,200,87.05
2025-10-13,9:37:59.419975495,T,TGT,F I,1,87.1
2025-10-13,9:37:59.419975495,T,TGT,F I,2,87.1
2025-10-13,9:37:59.420567829,T,TGT,I,1,87.095
2025-10-13,9:37:59.421015953,T,TGT,I,35,87.06
2025-10-13,9:37:59.421018968,T,TGT,I,35,87.06
2025-10-13,9:37:59.421436947,T,TGT,F I,80,87.08
2025-10-13,9:37:59.422251873,T,TGT,I,1,87.05
2025-10-13,9:37:59.422251873,T,TGT,,100,87.05
2025-10-13,9:37:59.422254855,T,TGT,,100,87.05
2025-10-13,9:37:59.423568956,T,TGT,,100,87.02
2025-10-13,9:37:59.423568956,T,TGT,,200,87.01
2025-10-13,9:37:59.423572026,T,TGT,I,20,87.01
2025-10-13,9:37:59.488511708,T,TGT,F,100,87.06
2025-10-13,9:38:01.498196811,T,TGT,F I,3,87.09
2025-10-13,9:38:03.725946196,T,TGT,F I,63,87.1
2025-10-13,9:38:03.725967230,T,TGT,I,1,87.1
2025-10-13,9:38:03.726006338,T,TGT,F I,36,87.1
2025-10-13,9:38:03.726006338,T,TGT,F I,1,87.1
2025-10-13,9:38:03.726012337,T,TGT,F I,99,87.1
2025-10-13,9:38:03.726024412,T,TGT,F I,99,87.1
2025-10-13,9:38:03.726030423,T,TGT,F I,1,87.1
2025-10-13,9:38:03.726845379,T,TGT,F I,78,87.1
2025-10-13,9:38:03.726866408,T,TGT,F I,22,87.1
2025-10-13,9:38:03.726869446,T,TGT,F I,2,87.1
2025-10-13,9:38:03.754983454,T,TGT,F I,2,87.09
2025-10-13,9:38:04.848042662,T,TGT,F I,1,87.08
2025-10-13,9:38:06.010311676,T,TGT,F,100,87.1
2025-10-13,9:38:06.010846908,T,TGT,F,100,87.11
2025-10-13,9:38:06.010922105,T,TGT,F,100,87.11
2025-10-13,9:38:06.012918834,T,TGT,F I,69,87.13
2025-10-13,9:38:06.018659551,T,TGT,F,100,87.13
2025-10-13,9:38:06.536039276,T,TGT,F I,2,87.12
2025-10-13,9:38:07.631485980,T,TGT,I,65,87.12
2025-10-13,9:38:09.079553033,T,TGT,F I,6,87.13
2025-10-13,9:38:09.079580231,T,TGT,F I,94,87.13
2025-10-13,9:38:09.079580231,T,TGT,F I,5,87.13
2025-10-13,9:38:09.079583003,T,TGT,F I,9,87.13
2025-10-13,9:38:09.079583003,T,TGT,I,1,87.13
2025-10-13,9:38:09.079586053,T,TGT,I,85,87.13
2025-10-13,9:38:10.789814542,T,TGT,F,3873,87.14
2025-10-13,9:38:10.789832816,T,TGT,F,29591,87.14
2025-10-13,9:38:10.789832816,T,TGT,F,7867,87.14
2025-10-13,9:38:10.789835599,T,TGT,F,100,87.14
2025-10-13,9:38:10.789855093,T,TGT,F I,5,87.14
2025-10-13,9:38:10.789860529,T,TGT,F,100,87.14
2025-10-13,9:38:10.789860529,T,TGT,F,500,87.14
2025-10-13,9:38:10.789862656,T,TGT,F,100,87.14
2025-10-13,9:38:10.789877640,T,TGT,F,1882,87.14
2025-10-13,9:38:10.789880675,T,TGT,F,100,87.14
2025-10-13,9:38:10.789932174,T,TGT,,8609,87.14
2025-10-13,9:38:10.789932174,T,TGT,,7653,87.14
2025-10-13,9:38:10.789958869,T,TGT,,5737,87.14
2025-10-13,9:38:10.789958869,T,TGT,,1582,87.14
2025-10-13,9:38:10.789979970,T,TGT,,284,87.14
2025-10-13,9:38:10.789979970,T,TGT,F,3586,87.14
2025-10-13,9:38:10.790046075,T,TGT,F,215816,87.14
2025-10-13,9:38:10.790046075,T,TGT,F,100,87.14
2025-10-13,9:38:10.790662577,T,TGT,F I,1,87.17
2025-10-13,9:38:10.790824957,T,TGT,F I,20,87.19
2025-10-13,9:38:10.790882319,T,TGT,,100,87.18
2025-10-13,9:38:10.791239937,T,TGT,,100,87.2
2025-10-13,9:38:10.791763157,T,TGT,,186,87.21
2025-10-13,9:38:10.791769491,T,TGT,I,14,87.21
2025-10-13,9:38:10.791769491,T,TGT,I,1,87.21
2025-10-13,9:38:10.791772201,T,TGT,I,20,87.21
2025-10-13,9:38:10.793874278,T,TGT,I,30,87.225
2025-10-13,9:38:10.793874278,T,TGT,I,10,87.22
2025-10-13,9:38:10.793877249,T,TGT,I,60,87.21
2025-10-13,9:38:10.872234949,T,TGT,,100,87.22
2025-10-13,9:38:11.934879942,T,TGT,F I,58,87.19
2025-10-13,9:38:11.934882652,T,TGT,F I,42,87.19
2025-10-13,9:38:14.136184123,T,TGT,,255,87.195
2025-10-13,9:38:14.245921523,T,TGT,F,100,87.21
2025-10-13,9:38:14.901525644,T,TGT,I,1,87.21
2025-10-13,9:38:15.530158233,T,TGT,F I,99,87.21
2025-10-13,9:38:15.530158233,T,TGT,F,100,87.22
2025-10-13,9:38:15.530750726,T,TGT,,100,87.21
2025-10-13,9:38:15.530750726,T,TGT,I,16,87.21
2025-10-13,9:38:15.530753953,T,TGT,I,70,87.21
2025-10-13,9:38:15.530756658,T,TGT,I,90,87.21
2025-10-13,9:38:16.314072087,T,TGT,F,150,87.19
2025-10-13,9:38:16.314072087,T,TGT,F I,50,87.2
2025-10-13,9:38:16.314117996,T,TGT,I,50,87.2
2025-10-13,9:38:16.314117996,T,TGT,I,8,87.21
2025-10-13,9:38:16.314140987,T,TGT,I,1,87.2
2025-10-13,9:38:16.314159134,T,TGT,,134,87.2
2025-10-13,9:38:16.314159134,T,TGT,I,92,87.21
2025-10-13,9:38:16.314162200,T,TGT,I,70,87.21
2025-10-13,9:38:16.314162200,T,TGT,I,30,87.21
2025-10-13,9:38:16.314252225,T,TGT,,100,87.2
2025-10-13,9:38:16.314252225,T,TGT,I,21,87.2
2025-10-13,9:38:16.314273284,T,TGT,F I,79,87.2
2025-10-13,9:38:16.314276388,T,TGT,F I,34,87.2
2025-10-13,9:38:16.314282302,T,TGT,,100,87.2
2025-10-13,9:38:18.043979304,T,TGT,F I,90,87.17
2025-10-13,9:38:18.044646816,T,TGT,I,2,87.15
2025-10-13,9:38:18.044649851,T,TGT,I,2,87.15
2025-10-13,9:38:18.044649851,T,TGT,I,2,87.15
2025-10-13,9:38:18.044655891,T,TGT,I,6,87.15
2025-10-13,9:38:18.044658811,T,TGT,I,5,87.15
2025-10-13,9:38:18.044664935,T,TGT,I,3,87.15
2025-10-13,9:38:18.044664935,T,TGT,I,6,87.15
2025-10-13,9:38:18.045356727,T,TGT,I,19,87.13
2025-10-13,9:38:18.045398596,T,TGT,I,6,87.12
2025-10-13,9:38:18.045398596,T,TGT,I,5,87.12
2025-10-13,9:38:18.045405017,T,TGT,I,6,87.12
2025-10-13,9:38:18.045405017,T,TGT,I,3,87.12
2025-10-13,9:38:18.045840850,T,TGT,I,38,87.12
2025-10-13,9:38:18.045843673,T,TGT,,104,87.13
2025-10-13,9:38:18.045846803,T,TGT,I,15,87.13
2025-10-13,9:38:18.045849803,T,TGT,I,14,87.13
2025-10-13,9:38:18.045849803,T,TGT,I,14,87.13
2025-10-13,9:38:18.045852710,T,TGT,I,3,87.13
2025-10-13,9:38:18.045855712,T,TGT,I,5,87.12
2025-10-13,9:38:18.045855712,T,TGT,I,70,87.12
2025-10-13,9:38:18.045873829,T,TGT,F I,70,87.13
2025-10-13,9:38:18.045976632,T,TGT,,100,87.15
2025-10-13,9:38:18.045976632,T,TGT,,100,87.15
2025-10-13,9:38:18.046333880,T,TGT,,100,87.16
2025-10-13,9:38:18.382793515,T,TGT,F I,2,87.16
2025-10-13,9:38:18.382808574,T,TGT,F I,4,87.16
2025-10-13,9:38:18.382830056,T,TGT,F I,94,87.16
2025-10-13,9:38:18.382833477,T,TGT,F,206,87.16
2025-10-13,9:38:18.382836992,T,TGT,,668,87.16
2025-10-13,9:38:18.382836992,T,TGT,I,70,87.16
2025-10-13,9:38:18.382838931,T,TGT,I,66,87.16
2025-10-13,9:38:18.509882361,T,TGT,I,1,87.18
2025-10-13,9:38:18.509903360,T,TGT,I,1,87.18
2025-10-13,9:38:18.587067222,T,TGT,F I,7,87.18
2025-10-13,9:38:19.704661711,T,TGT,I,5,87.19
2025-10-13,9:38:19.707452461,T,TGT,F,100,87.18
2025-10-13,9:38:19.707485511,T,TGT,F I,10,87.17
2025-10-13,9:38:22.587443943,T,TGT,F,100,87.125
2025-10-13,9:38:22.587443943,T,TGT,F I,10,87.15
2025-10-13,9:38:22.587446923,T,TGT,F I,56,87.15
2025-10-13,9:38:22.588123594,T,TGT,I,44,87.15
2025-10-13,9:38:22.588123594,T,TGT,I,56,87.16
2025-10-13,9:38:22.588147572,T,TGT,I,1,87.16
2025-10-13,9:38:22.588186686,T,TGT,I,43,87.16
2025-10-13,9:38:22.588418451,T,TGT,,100,87.15
2025-10-13,9:38:22.588421642,T,TGT,I,2,87.15
2025-10-13,9:38:22.588478425,T,TGT,,100,87.15
2025-10-13,9:38:22.589573244,T,TGT,I,13,87.15
2025-10-13,9:38:22.589573244,T,TGT,I,13,87.15
2025-10-13,9:38:22.589576648,T,TGT,I,10,87.15
2025-10-13,9:38:22.589576648,T,TGT,I,10,87.15
2025-10-13,9:38:22.757047952,T,TGT,I,1,87.18
2025-10-13,9:38:22.757066144,T,TGT,I,1,87.18
2025-10-13,9:38:25.332684193,T,TGT,F,100,87.17
2025-10-13,9:38:25.333102170,T,TGT,F,1277,87.18
2025-10-13,9:38:29.103274488,T,TGT,I,2,87.17
2025-10-13,9:38:32.199044979,T,TGT,F,100,87.13
2025-10-13,9:38:32.199535196,T,TGT,I,10,87.1
2025-10-13,9:38:32.508758966,T,TGT,F,100,87.13
2025-10-13,9:38:38.729800388,T,TGT,F I,19,87.12
2025-10-13,9:38:38.729905534,T,TGT,F I,50,87.12
2025-10-13,9:38:41.568232739,T,TGT,F,141,87.135
2025-10-13,9:38:42.098158274,T,TGT,F,100,87.1
2025-10-13,9:38:42.098221393,T,TGT,,100,87.1
2025-10-13,9:38:42.200528140,T,TGT,,100,87.13
2025-10-13,9:38:42.200531193,T,TGT,,100,87.14
2025-10-13,9:38:44.155777372,T,TGT,F I,2,87.17
2025-10-13,9:38:44.156198410,T,TGT,I,98,87.17
2025-10-13,9:38:50.877057496,T,TGT,F,100,87.18
2025-10-13,9:38:50.877075507,T,TGT,F I,10,87.2
2025-10-13,9:38:50.877078865,T,TGT,F,100,87.2
2025-10-13,9:38:50.877081545,T,TGT,F I,10,87.2
2025-10-13,9:38:50.877081545,T,TGT,F I,21,87.2
2025-10-13,9:38:50.877920771,T,TGT,F,106,87.2
2025-10-13,9:38:50.877926626,T,TGT,F,100,87.2
2025-10-13,9:38:50.877926626,T,TGT,F,100,87.2
2025-10-13,9:38:50.877926626,T,TGT,F,400,87.2
2025-10-13,9:38:50.878287410,T,TGT,I,34,87.2
2025-10-13,9:38:50.878296470,T,TGT,I,9,87.2
2025-10-13,9:38:50.878395750,T,TGT,I,34,87.2
2025-10-13,9:38:51.087943926,T,TGT,F I,3,87.21
2025-10-13,9:38:51.088247662,T,TGT,F I,3,87.21
2025-10-13,9:38:51.088253723,T,TGT,F I,3,87.21
2025-10-13,9:38:51.088268710,T,TGT,F I,91,87.21
2025-10-13,9:38:52.071079212,T,TGT,,150,87.195
2025-10-13,9:38:52.071103313,T,TGT,F,100,87.19
2025-10-13,9:38:52.071422071,T,TGT,I,18,87.18
2025-10-13,9:38:52.071443672,T,TGT,I,18,87.18
2025-10-13,9:38:52.071614458,T,TGT,I,9,87.185
2025-10-13,9:38:52.071912243,T,TGT,I,9,87.185
2025-10-13,9:38:56.155996395,T,TGT,F,100,87.21
2025-10-13,9:38:56.156005786,T,TGT,F,100,87.22
2025-10-13,9:38:56.156008345,T,TGT,F I,20,87.22
2025-10-13,9:38:56.156029514,T,TGT,,100,87.22
2025-10-13,9:38:56.156047449,T,TGT,I,20,87.23
2025-10-13,9:38:56.157226243,T,TGT,F I,1,87.24
2025-10-13,9:38:56.157987091,T,TGT,F,169,87.25
2025-10-13,9:38:56.158014148,T,TGT,,555,87.25
2025-10-13,9:38:56.158014148,T,TGT,I,20,87.25
2025-10-13,9:38:56.377395821,T,TGT,F,100,87.26
2025-10-13,9:38:56.446214827,T,TGT,F I,9,87.26
2025-10-13,9:39:00.010188738,T,TGT,I,9,87.25
2025-10-13,9:39:00.109169575,T,TGT,,100,87.24
2025-10-13,9:39:00.109169575,T,TGT,I,38,87.24
2025-10-13,9:39:00.109172623,T,TGT,I,1,87.24
2025-10-13,9:39:02.187995250,T,TGT,,100,87.24
2025-10-13,9:39:02.189159027,T,TGT,I,1,87.25
2025-10-13,9:39:02.189159027,T,TGT,I,2,87.25
2025-10-13,9:39:02.189715446,T,TGT,I,14,87.25
2025-10-13,9:39:02.190007048,T,TGT,F I,56,87.23
2025-10-13,9:39:02.190031103,T,TGT,I,44,87.23
2025-10-13,9:39:02.190160397,T,TGT,,100,87.23
2025-10-13,9:39:02.190164043,T,TGT,I,2,87.23
2025-10-13,9:39:02.190283723,T,TGT,F,100,87.24
2025-10-13,9:39:02.190779870,T,TGT,F,107,87.23
2025-10-13,9:39:02.191333258,T,TGT,F,100,87.22
2025-10-13,9:39:02.191333258,T,TGT,F,100,87.22
2025-10-13,9:39:02.191835567,T,TGT,F I,5,87.21
2025-10-13,9:39:02.278330672,T,TGT,,107,87.22
2025-10-13,9:39:02.278330672,T,TGT,I,2,87.22
2025-10-13,9:39:02.278351872,T,TGT,F I,22,87.22
2025-10-13,9:39:02.278351872,T,TGT,I,78,87.22
2025-10-13,9:39:02.278363632,T,TGT,I,77,87.23
2025-10-13,9:39:02.278372657,T,TGT,I,2,87.23
2025-10-13,9:39:02.278378610,T,TGT,,200,87.23
2025-10-13,9:39:02.283611141,T,TGT,,100,87.23
2025-10-13,9:39:02.283716329,T,TGT,I,2,87.23
2025-10-13,9:39:02.887455709,T,TGT,I,2,87.24
2025-10-13,9:39:04.126169870,T,TGT,F,100,87.28
2025-10-13,9:39:04.126188040,T,TGT,I,22,87.28
2025-10-13,9:39:04.126190976,T,TGT,,100,87.28
2025-10-13,9:39:04.738630932,T,TGT,F,100,87.28
2025-10-13,9:39:04.790425458,T,TGT,F,100,87.26
2025-10-13,9:39:04.811713197,T,TGT,F,100,87.24
2025-10-13,9:39:04.893369660,T,TGT,I,1,87.23
2025-10-13,9:39:04.893420893,T,TGT,F I,99,87.23
2025-10-13,9:39:04.893974138,T,TGT,,100,87.24
2025-10-13,9:39:04.893974138,T,TGT,I,16,87.24
2025-10-13,9:39:04.893974138,T,TGT,I,2,87.24
2025-10-13,9:39:04.894900369,T,TGT,I,2,87.25
2025-10-13,9:39:04.894951432,T,TGT,I,8,87.25
2025-10-13,9:39:04.894982064,T,TGT,F,100,87.25
2025-10-13,9:39:04.894984603,T,TGT,F I,29,87.25
2025-10-13,9:39:04.897210144,T,TGT,F I,56,87.26
2025-10-13,9:39:04.897210144,T,TGT,F I,2,87.26
2025-10-13,9:39:04.897212816,T,TGT,F I,31,87.26
2025-10-13,9:39:05.837267547,T,TGT,F,100,87.26
2025-10-13,9:39:06.020139155,T,TGT,F,100,87.28
2025-10-13,9:39:06.020163231,T,TGT,I,78,87.28
2025-10-13,9:39:06.020166791,T,TGT,I,2,87.28
2025-10-13,9:39:06.020169681,T,TGT,I,20,87.28
2025-10-13,9:39:06.020169681,T,TGT,I,1,87.28
2025-10-13,9:39:06.020172269,T,TGT,I,99,87.28
2025-10-13,9:39:06.020205601,T,TGT,,100,87.3
2025-10-13,9:39:06.020208308,T,TGT,I,25,87.3
2025-10-13,9:39:06.020208308,T,TGT,I,20,87.3
2025-10-13,9:39:06.021576817,T,TGT,F I,10,87.32
2025-10-13,9:39:06.021576817,T,TGT,F I,20,87.32
2025-10-13,9:39:06.021579583,T,TGT,F,7562,87.32
2025-10-13,9:39:06.046785743,T,TGT,F,100,87.33
2025-10-13,9:39:06.046788658,T,TGT,F I,2,87.33
2025-10-13,9:39:06.949578458,T,TGT,F I,8,87.33
2025-10-13,9:39:07.410405462,T,TGT,I,1,87.32
2025-10-13,9:39:07.410423467,T,TGT,I,40,87.32
2025-10-13,9:39:07.410429443,T,TGT,I,1,87.32
2025-10-13,9:39:07.410444543,T,TGT,I,14,87.32
2025-10-13,9:39:08.242409644,T,TGT,,100,87.3
2025-10-13,9:39:08.242427977,T,TGT,,100,87.3
2025-10-13,9:39:09.271121461,T,TGT,F,100,87.28
2025-10-13,9:39:12.956130831,T,TGT,I,1,87.2
2025-10-13,9:39:12.956185009,T,TGT,F I,30,87.2
2025-10-13,9:39:14.389658674,T,TGT,F I,2,87.2
2025-10-13,9:39:14.389661266,T,TGT,F,100,87.2
2025-10-13,9:39:14.389664213,T,TGT,F I,98,87.2
2025-10-13,9:39:14.389679190,T,TGT,I,2,87.2
2025-10-13,9:39:19.484429202,T,TGT,I,20,87.18
2025-10-13,9:39:19.484432170,T,TGT,I,80,87.18
2025-10-13,9:39:19.486047094,T,TGT,F,100,87.16
2025-10-13,9:39:19.769285852,T,TGT,F,100,87.16
2025-10-13,9:39:19.989485479,T,TGT,F,100,87.15
2025-10-13,9:39:21.891550068,T,TGT,,100,87.14
2025-10-13,9:39:22.103076988,T,TGT,F,100,87.14
2025-10-13,9:39:22.441085320,T,TGT,F,299,87.14
2025-10-13,9:39:23.283918357,T,TGT,F I,24,87.11
2025-10-13,9:39:24.222192665,T,TGT,F,100,87.09
2025-10-13,9:39:24.222502405,T,TGT,F I,6,87.08
2025-10-13,9:39:24.222502405,T,TGT,F I,28,87.08
2025-10-13,9:39:27.966621541,T,TGT,F I,23,87.06
2025-10-13,9:39:27.966623583,T,TGT,F,200,87.06
2025-10-13,9:39:27.967354340,T,TGT,I,20,87.03
2025-10-13,9:39:27.967700134,T,TGT,I,20,87.04
2025-10-13,9:39:27.967724217,T,TGT,I,1,87.04
2025-10-13,9:39:30.338097538,T,TGT,I,97,87.035
2025-10-13,9:39:38.006490074,T,TGT,,100,87.045
2025-10-13,9:39:40.044361336,T,TGT,,100,87.08
2025-10-13,9:39:40.044361336,T,TGT,,100,87.08
2025-10-13,9:39:40.044379316,T,TGT,,100,87.08
2025-10-13,9:39:40.044385390,T,TGT,I,1,87.08
2025-10-13,9:39:40.044389609,T,TGT,I,99,87.08
2025-10-13,9:39:40.044389609,T,TGT,I,5,87.08
2025-10-13,9:39:40.044391441,T,TGT,I,95,87.08
2025-10-13,9:39:40.044433451,T,TGT,,100,87.08
2025-10-13,9:39:44.692773099,T,TGT,I,7,87.14
2025-10-13,9:39:44.692773099,T,TGT,I,2,87.14
2025-10-13,9:39:44.693266189,T,TGT,,100,87.15
2025-10-13,9:39:45.785302945,T,TGT,F,100,87.15
2025-10-13,9:39:47.007361031,T,TGT,F,100,87.135
2025-10-13,9:39:47.007361031,T,TGT,F I,2,87.14
2025-10-13,9:39:47.007369461,T,TGT,F I,24,87.14
2025-10-13,9:39:47.007402506,T,TGT,F I,24,87.14
2025-10-13,9:39:47.007402506,T,TGT,F I,2,87.15
2025-10-13,9:39:47.007405508,T,TGT,F I,76,87.15
2025-10-13,9:39:47.007405508,T,TGT,I,24,87.15
2025-10-13,9:39:47.007408754,T,TGT,F,100,87.16
2025-10-13,9:39:47.007408754,T,TGT,F I,2,87.16
2025-10-13,9:39:47.007576967,T,TGT,F,100,87.16
2025-10-13,9:39:47.007784559,T,TGT,F,100,87.16
2025-10-13,9:39:47.007937798,T,TGT,I,30,87.145
2025-10-13,9:39:47.007940767,T,TGT,I,70,87.14
2025-10-13,9:39:47.008292777,T,TGT,F I,10,87.16
2025-10-13,9:39:47.008325749,T,TGT,F I,70,87.17
2025-10-13,9:39:47.008710622,T,TGT,F I,1,87.17
2025-10-13,9:39:47.008716646,T,TGT,F I,6,87.17
2025-10-13,9:39:47.009119666,T,TGT,F I,2,87.17
2025-10-13,9:39:47.082467318,T,TGT,I,1,87.16
2025-10-13,9:39:48.913177934,T,TGT,F,100,87.19
2025-10-13,9:39:48.913177934,T,TGT,F I,2,87.19
2025-10-13,9:39:48.913463805,T,TGT,F I,4,87.2
2025-10-13,9:39:48.922695722,T,TGT,,100,87.215
2025-10-13,9:39:50.395286024,T,TGT,F,100,87.23
2025-10-13,9:39:50.395286024,T,TGT,F I,2,87.23
2025-10-13,9:39:51.676762123,T,TGT,F,100,87.255
2025-10-13,9:39:52.636155749,T,TGT,I,1,87.24
2025-10-13,9:39:52.636170798,T,TGT,,299,87.24
2025-10-13,9:39:54.633622652,T,TGT,F I,93,87.24
2025-10-13,9:39:54.633644264,T,TGT,I,1,87.24
2025-10-13,9:39:54.633644264,T,TGT,I,6,87.24
2025-10-13,9:39:54.633646766,T,TGT,I,2,87.24
2025-10-13,9:39:54.634034637,T,TGT,F I,2,87.25
2025-10-13,9:40:01.426374066,T,TGT,I,1,87.22
2025-10-13,9:40:01.426401777,T,TGT,I,4,87.22
2025-10-13,9:40:01.426404127,T,TGT,,100,87.22
2025-10-13,9:40:01.426407219,T,TGT,,100,87.22
2025-10-13,9:40:01.427429889,T,TGT,F I,2,87.23
2025-10-13,9:40:01.427429889,T,TGT,F I,20,87.23
2025-10-13,9:40:01.427769383,T,TGT,F,100,87.23
2025-10-13,9:40:01.427772470,T,TGT,,300,87.23
2025-10-13,9:40:01.950787477,T,TGT,I,84,87.2
2025-10-13,9:40:01.951611392,T,TGT,F,100,87.19
2025-10-13,9:40:01.952167744,T,TGT,,100,87.2
2025-10-13,9:40:01.952191930,T,TGT,I,2,87.2
2025-10-13,9:40:01.952191930,T,TGT,I,98,87.2
2025-10-13,9:40:01.952215910,T,TGT,F I,2,87.2
2025-10-13,9:40:01.952451072,T,TGT,F I,2,87.2
2025-10-13,9:40:01.952579700,T,TGT,F I,16,87.2
2025-10-13,9:40:01.952648908,T,TGT,I,84,87.2
2025-10-13,9:40:01.952651955,T,TGT,I,2,87.2
2025-10-13,9:40:01.952913723,T,TGT,,100,87.21
2025-10-13,9:40:01.952913723,T,TGT,I,2,87.21
2025-10-13,9:40:01.953003723,T,TGT,,100,87.2
2025-10-13,9:40:01.953102929,T,TGT,F,100,87.2
2025-10-13,9:40:01.953151079,T,TGT,F,100,87.2
2025-10-13,9:40:01.953205227,T,TGT,F I,2,87.2
2025-10-13,9:40:01.954384086,T,TGT,,100,87.22
2025-10-13,9:40:01.954387143,T,TGT,I,2,87.22
2025-10-13,9:40:01.954387143,T,TGT,I,20,87.22
2025-10-13,9:40:01.954511200,T,TGT,I,18,87.21
2025-10-13,9:40:01.954513463,T,TGT,I,82,87.21
2025-10-13,9:40:01.954597580,T,TGT,F I,2,87.21
2025-10-13,9:40:01.955643985,T,TGT,,100,87.22
2025-10-13,9:40:03.816910380,T,TGT,,100,87.195
2025-10-13,9:40:04.543973601,T,TGT,F,100,87.2
2025-10-13,9:40:05.037777026,T,TGT,I,21,87.16
2025-10-13,9:40:05.037792113,T,TGT,I,29,87.16
2025-10-13,9:40:05.037798153,T,TGT,I,14,87.16
2025-10-13,9:40:05.037798153,T,TGT,I,1,87.16
2025-10-13,9:40:05.037804081,T,TGT,I,29,87.16
2025-10-13,9:40:05.037804081,T,TGT,I,29,87.16
2025-10-13,9:40:05.039316679,T,TGT,F I,2,87.15
2025-10-13,9:40:08.471745240,T,TGT,I,16,87.12
2025-10-13,9:40:08.471772363,T,TGT,,100,87.11
2025-10-13,9:40:08.472286570,T,TGT,F I,1,87.1
2025-10-13,9:40:08.473248870,T,TGT,I,10,87.08
2025-10-13,9:40:09.253992965,T,TGT,I,5,87.11
2025-10-13,9:40:09.253992965,T,TGT,I,4,87.11
2025-10-13,9:40:09.253995984,T,TGT,I,5,87.11
2025-10-13,9:40:09.253998976,T,TGT,,100,87.11
2025-10-13,9:40:09.254777799,T,TGT,,100,87.12
2025-10-13,9:40:09.254853005,T,TGT,I,2,87.12
2025-10-13,9:40:09.255024452,T,TGT,I,2,87.14
2025-10-13,9:40:09.255123709,T,TGT,,100,87.14
2025-10-13,9:40:09.255150703,T,TGT,,100,87.13
2025-10-13,9:40:12.129332365,T,TGT,I,9,87.16
2025-10-13,9:40:12.129350404,T,TGT,I,4,87.16
2025-10-13,9:40:15.924397891,T,TGT,,100,87.095
2025-10-13,9:40:16.845170624,T,TGT,I,2,87.14
2025-10-13,9:40:16.845696841,T,TGT,F I,30,87.15
2025-10-13,9:40:16.845705806,T,TGT,I,70,87.15
2025-10-13,9:40:21.691784401,T,TGT,F I,11,87.15
2025-10-13,9:40:23.512595387,T,TGT,,100,87.18
2025-10-13,9:40:23.512595387,T,TGT,I,74,87.18
2025-10-13,9:40:23.514261353,T,TGT,I,20,87.22
2025-10-13,9:40:23.514264309,T,TGT,I,1,87.22
2025-10-13,9:40:23.591473304,T,TGT,F I,2,87.22
2025-10-13,9:40:23.591518413,T,TGT,,100,87.22
2025-10-13,9:40:23.591542457,T,TGT,I,1,87.22
2025-10-13,9:40:23.591542457,T,TGT,,125,87.22
2025-10-13,9:40:26.033979481,T,TGT,I,11,87.24
2025-10-13,9:40:26.034018518,T,TGT,I,89,87.24
2025-10-13,9:40:26.376294852,T,TGT,F I,11,87.24
2025-10-13,9:40:26.376294852,T,TGT,F,100,87.23
2025-10-13,9:40:26.376296986,T,TGT,F I,90,87.23
2025-10-13,9:40:26.376306428,T,TGT,F I,10,87.23
2025-10-13,9:40:26.376309038,T,TGT,F I,1,87.23
2025-10-13,9:40:32.305420806,T,TGT,,100,87.22
2025-10-13,9:40:32.305992236,T,TGT,I,50,87.22
2025-10-13,9:40:32.305995263,T,TGT,,150,87.22
2025-10-13,9:40:35.386982608,T,TGT,,100,87.24
2025-10-13,9:40:35.387770773,T,TGT,F I,25,87.25
2025-10-13,9:40:35.387770773,T,TGT,F I,40,87.25
2025-10-13,9:40:35.387887685,T,TGT,I,26,87.25
2025-10-13,9:40:35.387914750,T,TGT,I,74,87.25
2025-10-13,9:40:40.013965398,T,TGT,I,1,87.28
2025-10-13,9:40:40.013983179,T,TGT,I,99,87.28
2025-10-13,9:40:40.013986261,T,TGT,,100,87.28
2025-10-13,9:40:40.014735007,T,TGT,F,100,87.28
2025-10-13,9:40:40.258264346,T,TGT,F,100,87.3
2025-10-13,9:40:40.258264346,T,TGT,F,100,87.3
2025-10-13,9:40:40.258267191,T,TGT,F I,58,87.3
2025-10-13,9:40:41.466708254,T,TGT,F,100,87.31
2025-10-13,9:40:41.466759480,T,TGT,F I,50,87.31
2025-10-13,9:40:41.466759480,T,TGT,F I,10,87.31
2025-10-13,9:40:45.323901794,T,TGT,F I,10,87.31
2025-10-13,9:40:45.323901794,T,TGT,F I,90,87.31
2025-10-13,9:40:45.323958947,T,TGT,F I,10,87.31
2025-10-13,9:40:48.057405308,T,TGT,F I,3,87.32
2025-10-13,9:40:48.058202212,T,TGT,F,100,87.33
2025-10-13,9:40:48.058205274,T,TGT,F I,3,87.33
2025-10-13,9:40:48.058223301,T,TGT,I,6,87.31
2025-10-13,9:40:48.058223301,T,TGT,I,94,87.31
2025-10-13,9:40:48.058930029,T,TGT,I,2,87.33
2025-10-13,9:40:48.058969192,T,TGT,I,4,87.33
2025-10-13,9:40:48.058987060,T,TGT,I,4,87.33
2025-10-13,9:40:50.063030734,T,TGT,F,200,87.31
2025-10-13,9:40:50.063469730,T,TGT,I,14,87.31
2025-10-13,9:40:54.127036080,T,TGT,I,12,87.3
2025-10-13,9:40:54.514166340,T,TGT,F,100,87.28
2025-10-13,9:40:57.787128070,T,TGT,,100,87.305
2025-10-13,9:40:58.206949262,T,TGT,,150,87.3
2025-10-13,9:40:58.206949262,T,TGT,I,30,87.3
2025-10-13,9:40:58.206991578,T,TGT,,225,87.3
2025-10-13,9:40:58.206995102,T,TGT,,100,87.29
2025-10-13,9:40:58.206995102,T,TGT,I,20,87.29
2025-10-13,9:40:58.207117654,T,TGT,,100,87.3
2025-10-13,9:40:58.207120810,T,TGT,I,80,87.3
2025-10-13,9:41:00.671606248,T,TGT,,100,87.32
2025-10-13,9:41:00.833563037,T,TGT,F I,76,87.32
2025-10-13,9:41:00.833565971,T,TGT,F I,2,87.32
2025-10-13,9:41:00.833565971,T,TGT,F,100,87.32
2025-10-13,9:41:00.833569068,T,TGT,F I,1,87.32
2025-10-13,9:41:00.834164419,T,TGT,F I,19,87.32
2025-10-13,9:41:00.834167488,T,TGT,F,100,87.32
2025-10-13,9:41:00.908648909,T,TGT,I,1,87.325
2025-10-13,9:41:00.992569877,T,TGT,I,5,87.325
2025-10-13,9:41:02.224109418,T,TGT,F I,5,87.32
2025-10-13,9:41:02.224112333,T,TGT,F I,2,87.31
2025-10-13,9:41:02.224114910,T,TGT,F,100,87.31
2025-10-13,9:41:02.224117874,T,TGT,F I,71,87.31
2025-10-13,9:41:02.224175016,T,TGT,F I,5,87.31
2025-10-13,9:41:02.224539031,T,TGT,F I,24,87.31
2025-10-13,9:41:02.736171836,T,TGT,I,5,87.315
2025-10-13,9:41:04.849507753,T,TGT,F,100,87.34
2025-10-13,9:41:04.849510768,T,TGT,F I,1,87.34
2025-10-13,9:41:04.849510768,T,TGT,F,100,87.34
2025-10-13,9:41:04.849549857,T,TGT,F,300,87.35
2025-10-13,9:41:04.849553174,T,TGT,F,100,87.35
2025-10-13,9:41:04.851119561,T,TGT,I,63,87.36
2025-10-13,9:41:04.851137626,T,TGT,I,5,87.36
2025-10-13,9:41:04.851140674,T,TGT,I,1,87.36
2025-10-13,9:41:04.851161691,T,TGT,,600,87.36
2025-10-13,9:41:04.851198128,T,TGT,,131,87.36
2025-10-13,9:41:04.851200766,T,TGT,I,50,87.36
2025-10-13,9:41:05.266003032,T,TGT,F I,2,87.36
2025-10-13,9:41:05.266054539,T,TGT,I,2,87.35
2025-10-13,9:41:05.266057173,T,TGT,I,4,87.35
2025-10-13,9:41:06.106069485,T,TGT,I,4,87.36
2025-10-13,9:41:06.203083614,T,TGT,F I,5,87.38
2025-10-13,9:41:06.925446782,T,TGT,F,200,87.39
2025-10-13,9:41:06.925446782,T,TGT,F,100,87.39
2025-10-13,9:41:07.252554742,T,TGT,I,1,87.4
2025-10-13,9:41:07.252554742,T,TGT,,130,87.4
2025-10-13,9:41:07.252556799,T,TGT,I,1,87.4
2025-10-13,9:41:08.482944272,T,TGT,F I,1,87.41
2025-10-13,9:41:08.482992397,T,TGT,I,1,87.42
2025-10-13,9:41:08.482992397,T,TGT,I,2,87.42
2025-10-13,9:41:09.357767399,T,TGT,,100,87.425
2025-10-13,9:41:11.478591400,T,TGT,F I,2,87.41
2025-10-13,9:41:11.478976205,T,TGT,F I,2,87.4
2025-10-13,9:41:11.479923500,T,TGT,,100,87.39
2025-10-13,9:41:11.479947596,T,TGT,,100,87.39
2025-10-13,9:41:11.481532328,T,TGT,F,100,87.38
2025-10-13,9:41:19.149843884,T,TGT,F,250,87.42
2025-10-13,9:41:19.149846532,T,TGT,F I,1,87.42
2025-10-13,9:41:19.149849557,T,TGT,F,100,87.42
2025-10-13,9:41:19.389280139,T,TGT,F,100,87.43
2025-10-13,9:41:19.389313064,T,TGT,I,1,87.44
2025-10-13,9:41:19.671283474,T,TGT,I,1,87.45
2025-10-13,9:41:19.671285929,T,TGT,I,1,87.45
2025-10-13,9:41:19.892595168,T,TGT,I,1,87.45
2025-10-13,9:41:20.669908037,T,TGT,F,100,87.45
2025-10-13,9:41:21.444352176,T,TGT,F I,2,87.44
2025-10-13,9:41:21.444358225,T,TGT,F I,20,87.44
2025-10-13,9:41:21.444589784,T,TGT,F,100,87.43
2025-10-13,9:41:21.444592871,T,TGT,F I,2,87.43
2025-10-13,9:41:21.444592871,T,TGT,F I,21,87.43
2025-10-13,9:41:21.444611639,T,TGT,I,1,87.43
2025-10-13,9:41:21.444613823,T,TGT,,178,87.43
2025-10-13,9:41:21.730044839,T,TGT,F,100,87.43
2025-10-13,9:41:22.498504624,T,TGT,I,4,87.43
2025-10-13,9:41:22.664918147,T,TGT,F,100,87.42
2025-10-13,9:41:24.086723460,T,TGT,I,26,87.42
2025-10-13,9:41:24.189093655,T,TGT,,200,87.41
2025-10-13,9:41:24.189096716,T,TGT,I,1,87.41
2025-10-13,9:41:24.189096716,T,TGT,I,17,87.41
2025-10-13,9:41:24.189099917,T,TGT,F I,2,87.41
2025-10-13,9:41:24.203954822,T,TGT,F I,57,87.41
2025-10-13,9:41:24.204068992,T,TGT,I,4,87.41
2025-10-13,9:41:24.204186616,T,TGT,F I,39,87.405
2025-10-13,9:41:24.204186616,T,TGT,F I,12,87.4
2025-10-13,9:41:24.204189289,T,TGT,F I,6,87.4
2025-10-13,9:41:24.204216370,T,TGT,F I,38,87.4
2025-10-13,9:41:24.204219434,T,TGT,F I,1,87.4
2025-10-13,9:41:25.012037025,T,TGT,I,20,87.41
2025-10-13,9:41:25.668022955,T,TGT,I,2,87.43
2025-10-13,9:41:30.535903329,T,TGT,I,2,87.43
2025-10-13,9:41:30.625667179,T,TGT,F I,2,87.41
2025-10-13,9:41:30.626109280,T,TGT,I,7,87.415
2025-10-13,9:41:30.626346888,T,TGT,F I,2,87.39
2025-10-13,9:41:36.482808633,T,TGT,F I,28,87.39
2025-10-13,9:41:36.482811830,T,TGT,F,100,87.39
2025-10-13,9:41:36.483867987,T,TGT,,100,87.4
2025-10-13,9:41:36.483871060,T,TGT,I,39,87.4
2025-10-13,9:41:36.484176861,T,TGT,,100,87.4
2025-10-13,9:41:37.259871899,T,TGT,,100,87.4
2025-10-13,9:41:37.259871899,T,TGT,I,2,87.4
2025-10-13,9:41:39.569091486,T,TGT,F,100,87.39
2025-10-13,9:41:39.569590692,T,TGT,I,2,87.38
2025-10-13,9:41:39.574956015,T,TGT,,100,87.37
2025-10-13,9:41:42.666116072,T,TGT,F,100,87.4
2025-10-13,9:41:42.666116072,T,TGT,F,100,87.4
2025-10-13,9:41:42.666744497,T,TGT,,100,87.41
2025-10-13,9:41:42.666747481,T,TGT,I,15,87.41
2025-10-13,9:41:42.672280755,T,TGT,F I,99,87.42
2025-10-13,9:41:42.672280755,T,TGT,F I,25,87.42
2025-10-13,9:41:42.672311545,T,TGT,F I,10,87.43
2025-10-13,9:41:42.672313734,T,TGT,F,100,87.43
2025-10-13,9:41:42.672316766,T,TGT,F I,7,87.43
2025-10-13,9:41:43.029399491,T,TGT,F,100,87.44
2025-10-13,9:41:43.029477638,T,TGT,F,366,87.45
2025-10-13,9:41:43.030394866,T,TGT,F,100,87.46
2025-10-13,9:41:43.030433994,T,TGT,F I,1,87.48
2025-10-13,9:41:43.030548189,T,TGT,I,17,87.47
2025-10-13,9:41:43.030918131,T,TGT,F I,25,87.49
2025-10-13,9:41:43.031339125,T,TGT,F I,1,87.5
2025-10-13,9:41:43.031339125,T,TGT,F I,56,87.5
2025-10-13,9:41:43.031372433,T,TGT,I,1,87.5
2025-10-13,9:41:43.031372433,T,TGT,I,17,87.5
2025-10-13,9:41:43.031375320,T,TGT,I,18,87.5
2025-10-13,9:41:43.031378263,T,TGT,I,19,87.5
2025-10-13,9:41:43.031381170,T,TGT,I,11,87.5
2025-10-13,9:41:43.031388155,T,TGT,,178,87.5
2025-10-13,9:41:43.031388155,T,TGT,I,1,87.5
2025-10-13,9:41:43.031390253,T,TGT,I,40,87.5
2025-10-13,9:41:43.031393202,T,TGT,,100,87.5
2025-10-13,9:41:43.031393202,T,TGT,,281,87.5
2025-10-13,9:41:43.031435608,T,TGT,,698,87.5
2025-10-13,9:41:43.031475206,T,TGT,I,21,87.5
2025-10-13,9:41:43.031478739,T,TGT,,100,87.5
2025-10-13,9:41:43.031483668,T,TGT,,300,87.5
2025-10-13,9:41:43.031483668,T,TGT,,100,87.5
2025-10-13,9:41:43.031483668,T,TGT,,100,87.5
2025-10-13,9:41:43.031636818,T,TGT,,100,87.5
2025-10-13,9:41:43.032436757,T,TGT,I,1,87.51
2025-10-13,9:41:43.032440108,T,TGT,I,1,87.51
2025-10-13,9:41:43.032442788,T,TGT,I,2,87.51
2025-10-13,9:41:43.032902806,T,TGT,I,38,87.52
2025-10-13,9:41:43.032932941,T,TGT,F,100,87.52
2025-10-13,9:41:43.034057602,T,TGT,F I,9,87.5
2025-10-13,9:41:43.035278640,T,TGT,F I,41,87.5
2025-10-13,9:41:43.035278640,T,TGT,F I,59,87.5
2025-10-13,9:41:43.035299533,T,TGT,I,41,87.5
2025-10-13,9:41:43.035371720,T,TGT,I,2,87.49
2025-10-13,9:41:43.035410844,T,TGT,I,50,87.48
2025-10-13,9:41:43.035462121,T,TGT,I,87,87.49
2025-10-13,9:41:43.150973170,T,TGT,,100,87.515
2025-10-13,9:41:43.151436258,T,TGT,,100,87.5
2025-10-13,9:41:43.151463324,T,TGT,I,1,87.5
2025-10-13,9:41:43.151466254,T,TGT,I,86,87.5
2025-10-13,9:41:43.151878344,T,TGT,F I,53,87.5
2025-10-13,9:41:43.151881343,T,TGT,I,36,87.5
2025-10-13,9:41:43.152034667,T,TGT,I,90,87.5
2025-10-13,9:41:43.152037858,T,TGT,F I,53,87.5
2025-10-13,9:41:43.154296091,T,TGT,F I,32,87.5
2025-10-13,9:41:43.437309305,T,TGT,F I,2,87.49
2025-10-13,9:41:43.437865611,T,TGT,I,2,87.48
2025-10-13,9:41:43.439309516,T,TGT,F I,2,87.47
2025-10-13,9:41:43.439582706,T,TGT,,100,87.47
2025-10-13,9:41:44.133386730,T,TGT,I,14,87.465
2025-10-13,9:41:44.134141511,T,TGT,I,86,87.465
2025-10-13,9:41:44.135777346,T,TGT,,100,87.465
2025-10-13,9:41:44.137876426,T,TGT,,100,87.47
2025-10-13,9:41:44.478206247,T,TGT,,100,87.49
2025-10-13,9:41:44.656627283,T,TGT,F I,75,87.47
2025-10-13,9:41:44.656651733,T,TGT,F I,25,87.47
2025-10-13,9:41:44.656651733,T,TGT,F,100,87.47
2025-10-13,9:41:44.656877351,T,TGT,I,11,87.46
2025-10-13,9:41:44.656877351,T,TGT,I,10,87.46
2025-10-13,9:41:44.656880144,T,TGT,I,11,87.46
2025-10-13,9:41:44.656880144,T,TGT,I,6,87.46
2025-10-13,9:41:44.656897970,T,TGT,F,162,87.46
2025-10-13,9:41:44.657508347,T,TGT,I,33,87.45
2025-10-13,9:41:44.657541461,T,TGT,F I,33,87.46
2025-10-13,9:41:44.657544750,T,TGT,I,33,87.46
2025-10-13,9:41:44.657559553,T,TGT,I,34,87.46
2025-10-13,9:41:44.698631405,T,TGT,,100,87.45
2025-10-13,9:41:44.699371220,T,TGT,,100,87.45
2025-10-13,9:41:44.699885338,T,TGT,I,50,87.45
2025-10-13,9:41:45.157978682,T,TGT,F I,75,87.42
2025-10-13,9:41:45.157999809,T,TGT,F,225,87.42
2025-10-13,9:41:45.666710457,T,TGT,F I,1,87.39
2025-10-13,9:41:46.438889562,T,TGT,F I,51,87.38
2025-10-13,9:41:46.901102817,T,TGT,F I,61,87.39
2025-10-13,9:41:46.901105646,T,TGT,F I,33,87.39
2025-10-13,9:41:46.901141733,T,TGT,I,17,87.4
2025-10-13,9:41:46.901141733,T,TGT,,100,87.4
2025-10-13,9:41:46.901165765,T,TGT,I,39,87.4
2025-10-13,9:41:46.904377553,T,TGT,,100,87.42
2025-10-13,9:41:46.912713328,T,TGT,I,4,87.42
2025-10-13,9:41:57.599664551,T,TGT,,100,87.425
2025-10-13,9:42:04.160151591,T,TGT,I,12,87.425
2025-10-13,9:42:05.946903498,T,TGT,I,2,87.41
2025-10-13,9:42:09.177524891,T,TGT,I,8,87.4
2025-10-13,9:42:09.177527369,T,TGT,I,7,87.4
2025-10-13,9:42:09.177530322,T,TGT,I,7,87.4
2025-10-13,9:42:09.177530322,T,TGT,I,5,87.4
2025-10-13,9:42:09.177560476,T,TGT,F I,73,87.4
2025-10-13,9:42:09.178667113,T,TGT,I,20,87.4
2025-10-13,9:42:09.178667113,T,TGT,I,13,87.4
2025-10-13,9:42:09.182420009,T,TGT,,100,87.37
2025-10-13,9:42:09.900461766,T,TGT,F I,1,87.37
2025-10-13,9:42:11.208433930,T,TGT,I,50,87.41
2025-10-13,9:42:11.208578280,T,TGT,I,50,87.4
2025-10-13,9:42:11.208656482,T,TGT,I,47,87.41
2025-10-13,9:42:11.208662449,T,TGT,,148,87.4
2025-10-13,9:42:11.208683592,T,TGT,I,1,87.405
2025-10-13,9:42:11.208725628,T,TGT,,100,87.4
2025-10-13,9:42:11.208725628,T,TGT,,100,87.4
2025-10-13,9:42:11.208728701,T,TGT,I,49,87.4
2025-10-13,9:42:13.343111729,T,TGT,F,100,87.43
2025-10-13,9:42:13.343547818,T,TGT,,100,87.43
2025-10-13,9:42:13.343552075,T,TGT,,100,87.43
2025-10-13,9:42:13.343552075,T,TGT,I,50,87.43
2025-10-13,9:42:13.343553973,T,TGT,,100,87.43
2025-10-13,9:42:13.343557404,T,TGT,,100,87.43
2025-10-13,9:42:13.343557404,T,TGT,,100,87.43
2025-10-13,9:42:13.343562939,T,TGT,,100,87.43
2025-10-13,9:42:13.343562939,T,TGT,,150,87.425
2025-10-13,9:42:13.343562939,T,TGT,,100,87.42
2025-10-13,9:42:13.343568896,T,TGT,,100,87.41
2025-10-13,9:42:13.343568896,T,TGT,,101,87.41
2025-10-13,9:42:13.343572219,T,TGT,,100,87.41
2025-10-13,9:42:13.343572219,T,TGT,I,47,87.4
2025-10-13,9:42:13.343578199,T,TGT,I,32,87.4
2025-10-13,9:42:13.343578199,T,TGT,,100,87.4
2025-10-13,9:42:13.343578199,T,TGT,,100,87.4
2025-10-13,9:42:13.343580861,T,TGT,I,30,87.4
2025-10-13,9:42:13.343580861,T,TGT,,100,87.4
2025-10-13,9:42:13.343583991,T,TGT,I,50,87.4
2025-10-13,9:42:13.343583991,T,TGT,I,32,87.4
2025-10-13,9:42:13.343596329,T,TGT,F,130,87.4
2025-10-13,9:42:13.343601878,T,TGT,I,67,87.4
2025-10-13,9:42:13.343656270,T,TGT,F I,11,87.4
2025-10-13,9:42:13.343659673,T,TGT,F I,46,87.4
2025-10-13,9:42:13.343659673,T,TGT,,138,87.4
2025-10-13,9:42:13.343665015,T,TGT,F,148,87.4
2025-10-13,9:42:13.343701127,T,TGT,F I,33,87.4
2025-10-13,9:42:13.343773331,T,TGT,F,100,87.4
2025-10-13,9:42:13.343992879,T,TGT,F,100,87.4
2025-10-13,9:42:13.344025910,T,TGT,I,75,87.4
2025-10-13,9:42:13.344104086,T,TGT,,5700,87.4
2025-10-13,9:42:13.344128130,T,TGT,,3600,87.4
2025-10-13,9:42:13.344188369,T,TGT,I,1,87.4
2025-10-13,9:42:13.344985193,T,TGT,,292,87.4
2025-10-13,9:42:13.345003336,T,TGT,,412,87.4
2025-10-13,9:42:13.345012315,T,TGT,I,25,87.4
2025-10-13,9:42:13.345138555,T,TGT,,200,87.4
2025-10-13,9:42:13.345255841,T,TGT,F,11868,87.4
2025-10-13,9:42:13.345258893,T,TGT,F,100,87.41
2025-10-13,9:42:13.345258893,T,TGT,F I,1,87.41
2025-10-13,9:42:13.345938491,T,TGT,I,35,87.44
2025-10-13,9:42:13.345962558,T,TGT,I,1,87.44
2025-10-13,9:42:13.346001936,T,TGT,I,64,87.44
2025-10-13,9:42:13.346001936,T,TGT,I,32,87.44
2025-10-13,9:42:13.346001936,T,TGT,I,46,87.44
2025-10-13,9:42:13.407128819,T,TGT,F,100,87.44
2025-10-13,9:42:13.407128819,T,TGT,F,100,87.44
2025-10-13,9:42:13.407132117,T,TGT,F I,35,87.43
2025-10-13,9:42:13.407135300,T,TGT,F I,23,87.43
2025-10-13,9:42:13.407137660,T,TGT,F,100,87.41
2025-10-13,9:42:13.407137660,T,TGT,F I,92,87.4
2025-10-13,9:42:13.408983726,T,TGT,F,100,87.41
2025-10-13,9:42:13.408983726,T,TGT,F I,32,87.41
2025-10-13,9:42:13.409814069,T,TGT,F,100,87.41
2025-10-13,9:42:13.409817058,T,TGT,F I,41,87.41
2025-10-13,9:42:13.409820685,T,TGT,F,100,87.41
2025-10-13,9:42:13.409820685,T,TGT,F I,32,87.41
2025-10-13,9:42:13.409825703,T,TGT,F I,46,87.4
2025-10-13,9:42:13.409825703,T,TGT,F,100,87.4
2025-10-13,9:42:13.409825703,T,TGT,F,101,87.4
2025-10-13,9:42:13.409829507,T,TGT,F,100,87.4
2025-10-13,9:42:13.409885838,T,TGT,F I,40,87.41
2025-10-13,9:42:13.409897908,T,TGT,F I,89,87.41
2025-10-13,9:42:13.409912946,T,TGT,F I,15,87.41
2025-10-13,9:42:13.409930895,T,TGT,F I,46,87.41
2025-10-13,9:42:13.411368406,T,TGT,F I,34,87.4
2025-10-13,9:42:13.411428501,T,TGT,F I,46,87.41
2025-10-13,9:42:13.411428501,T,TGT,F I,46,87.41
2025-10-13,9:42:13.411437542,T,TGT,F I,4,87.41
2025-10-13,9:42:13.411440640,T,TGT,F I,46,87.41
2025-10-13,9:42:13.411447064,T,TGT,F I,25,87.41
2025-10-13,9:42:13.411596935,T,TGT,F I,46,87.42
2025-10-13,9:42:13.412294847,T,TGT,F I,46,87.41
2025-10-13,9:42:13.412294847,T,TGT,F,100,87.41
2025-10-13,9:42:13.412298872,T,TGT,F I,50,87.41
2025-10-13,9:42:13.412298872,T,TGT,F,101,87.41
2025-10-13,9:42:13.412303636,T,TGT,F I,46,87.41
2025-10-13,9:42:13.412303636,T,TGT,F I,79,87.41
2025-10-13,9:42:13.412303636,T,TGT,F I,92,87.41
2025-10-13,9:42:13.412307106,T,TGT,F I,12,87.41
2025-10-13,9:42:13.412307106,T,TGT,F I,20,87.41
2025-10-13,9:42:13.412309752,T,TGT,F I,46,87.4
2025-10-13,9:42:13.412312637,T,TGT,F,100,87.4
2025-10-13,9:42:13.412812247,T,TGT,F,100,87.42
2025-10-13,9:42:13.412815733,T,TGT,F,100,87.42
2025-10-13,9:42:13.412815733,T,TGT,F I,46,87.42
2025-10-13,9:42:13.412817831,T,TGT,F I,5,87.42
2025-10-13,9:42:13.412835869,T,TGT,I,1,87.42
2025-10-13,9:42:13.412944105,T,TGT,F I,44,87.42
2025-10-13,9:42:13.412944105,T,TGT,F I,57,87.42
2025-10-13,9:42:13.413849309,T,TGT,F I,42,87.4
2025-10-13,9:42:13.413853047,T,TGT,F I,16,87.4
2025-10-13,9:42:13.413853047,T,TGT,F I,20,87.4
2025-10-13,9:42:13.413855428,T,TGT,F,100,87.4
2025-10-13,9:42:13.414766456,T,TGT,F,3401,87.4
2025-10-13,9:42:13.414791184,T,TGT,,100,87.4
2025-10-13,9:42:13.414791184,T,TGT,F,126,87.4
2025-10-13,9:42:13.414793785,T,TGT,I,1,87.4
2025-10-13,9:42:13.414796749,T,TGT,I,7,87.4
2025-10-13,9:42:13.414796749,T,TGT,,600,87.4
2025-10-13,9:42:13.414815328,T,TGT,F,1241,87.4
2025-10-13,9:42:13.414815328,T,TGT,F,134,87.4
2025-10-13,9:42:13.414818399,T,TGT,F,156,87.4
2025-10-13,9:42:13.414925906,T,TGT,F I,46,87.41
2025-10-13,9:42:13.571593075,T,TGT,,400,87.45
2025-10-13,9:42:13.571593075,T,TGT,I,1,87.45
2025-10-13,9:42:13.571710381,T,TGT,,100,87.45
2025-10-13,9:42:13.655339617,T,TGT,I,1,87.46
2025-10-13,9:42:13.655363627,T,TGT,I,1,87.46
2025-10-13,9:42:13.655381766,T,TGT,F I,98,87.46
2025-10-13,9:42:14.306216281,T,TGT,I,10,87.5
2025-10-13,9:42:14.307629689,T,TGT,F,101,87.48
2025-10-13,9:42:14.307632617,T,TGT,F I,58,87.48
2025-10-13,9:42:14.307644692,T,TGT,F,100,87.48
2025-10-13,9:42:14.308119787,T,TGT,I,31,87.48
2025-10-13,9:42:14.308122877,T,TGT,I,79,87.48
2025-10-13,9:42:14.308393776,T,TGT,I,46,87.47
2025-10-13,9:42:14.308393776,T,TGT,I,31,87.47
2025-10-13,9:42:14.308396502,T,TGT,I,18,87.47
2025-10-13,9:42:14.308706467,T,TGT,F I,31,87.47
2025-10-13,9:42:14.308706467,T,TGT,F I,16,87.47
2025-10-13,9:42:14.308709356,T,TGT,F I,28,87.47
2025-10-13,9:42:14.308712371,T,TGT,F I,31,87.47
2025-10-13,9:42:14.308712371,T,TGT,F I,18,87.47
2025-10-13,9:42:14.308715220,T,TGT,F I,92,87.47
2025-10-13,9:42:14.567286518,T,TGT,,116,87.47
2025-10-13,9:42:14.567289302,T,TGT,,200,87.47
2025-10-13,9:42:14.567289302,T,TGT,I,46,87.47
2025-10-13,9:42:14.569833354,T,TGT,,100,87.49
2025-10-13,9:42:14.570335510,T,TGT,I,50,87.49
2025-10-13,9:42:14.570335510,T,TGT,,255,87.49
2025-10-13,9:42:16.149484801,T,TGT,F,100,87.47
2025-10-13,9:42:17.151769687,T,TGT,F I,92,87.46
2025-10-13,9:42:17.151772668,T,TGT,F,144,87.46
2025-10-13,9:42:17.151788263,T,TGT,F,106,87.46
2025-10-13,9:42:17.152377103,T,TGT,,100,87.44
2025-10-13,9:42:17.156301412,T,TGT,,100,87.45
2025-10-13,9:42:22.386954364,T,TGT,,100,87.47
2025-10-13,9:42:22.387002433,T,TGT,F I,58,87.48
2025-10-13,9:42:28.085419575,T,TGT,F I,1,87.5
2025-10-13,9:42:28.086017967,T,TGT,I,18,87.5
2025-10-13,9:42:28.086165746,T,TGT,I,82,87.5
2025-10-13,9:42:28.086231848,T,TGT,I,41,87.51
2025-10-13,9:42:28.086231848,T,TGT,I,59,87.51
2025-10-13,9:42:28.086237560,T,TGT,I,18,87.51
2025-10-13,9:42:28.086255679,T,TGT,I,23,87.51
2025-10-13,9:42:28.086255679,T,TGT,I,77,87.51
2025-10-13,9:42:28.086258632,T,TGT,I,1,87.51
2025-10-13,9:42:28.086258632,T,TGT,I,1,87.51
2025-10-13,9:42:28.086261838,T,TGT,I,21,87.51
2025-10-13,9:42:28.086264580,T,TGT,I,79,87.51
2025-10-13,9:42:28.086358005,T,TGT,I,18,87.51
2025-10-13,9:42:28.086391389,T,TGT,,100,87.51
2025-10-13,9:42:28.086394035,T,TGT,I,41,87.51
2025-10-13,9:42:28.086394035,T,TGT,,100,87.51
2025-10-13,9:42:28.086917201,T,TGT,,100,87.51
2025-10-13,9:42:28.086917201,T,TGT,I,41,87.5
2025-10-13,9:42:29.043237479,T,TGT,F,300,87.52
2025-10-13,9:42:29.043259056,T,TGT,I,1,87.52
2025-10-13,9:42:29.043306712,T,TGT,F,299,87.52
2025-10-13,9:42:29.377444757,T,TGT,F I,1,87.55
2025-10-13,9:42:29.377444757,T,TGT,F I,5,87.55
2025-10-13,9:42:29.379161885,T,TGT,I,37,87.56
2025-10-13,9:42:29.380566137,T,TGT,,100,87.56
2025-10-13,9:42:29.381820216,T,TGT,I,38,87.565
2025-10-13,9:42:29.382262262,T,TGT,I,95,87.565
2025-10-13,9:42:29.577574711,T,TGT,F,100,87.54
2025-10-13,9:42:29.577574711,T,TGT,F I,40,87.53
2025-10-13,9:42:29.577577576,T,TGT,F,100,87.53
2025-10-13,9:42:29.577601613,T,TGT,,100,87.53
2025-10-13,9:42:32.875212974,T,TGT,F,100,87.48
2025-10-13,9:42:32.875291189,T,TGT,I,18,87.49
2025-10-13,9:42:32.875309485,T,TGT,I,87,87.49
2025-10-13,9:42:32.875309485,T,TGT,I,18,87.49
2025-10-13,9:42:32.875333887,T,TGT,I,1,87.49
2025-10-13,9:42:32.875336380,T,TGT,I,49,87.49
2025-10-13,9:42:32.875339581,T,TGT,I,51,87.49
2025-10-13,9:42:32.875342322,T,TGT,I,30,87.49
2025-10-13,9:42:32.875345597,T,TGT,,156,87.49
2025-10-13,9:42:32.875351561,T,TGT,I,18,87.5
2025-10-13,9:42:32.875378452,T,TGT,I,8,87.5
2025-10-13,9:42:32.875381715,T,TGT,I,41,87.5
2025-10-13,9:42:32.875381715,T,TGT,,100,87.5
2025-10-13,9:42:32.875384676,T,TGT,I,18,87.5
2025-10-13,9:42:32.875384676,T,TGT,I,50,87.5
2025-10-13,9:42:32.875393444,T,TGT,F,106,87.49
2025-10-13,9:42:32.875423563,T,TGT,F I,15,87.49
2025-10-13,9:42:32.875550244,T,TGT,F I,85,87.49
2025-10-13,9:42:32.875552848,T,TGT,F I,15,87.49
2025-10-13,9:42:32.875652820,T,TGT,I,90,87.5
2025-10-13,9:42:32.875652820,T,TGT,I,50,87.5
2025-10-13,9:42:32.875733288,T,TGT,F I,26,87.5
2025-10-13,9:42:32.875841490,T,TGT,I,92,87.5
2025-10-13,9:42:32.875844518,T,TGT,I,8,87.5
2025-10-13,9:42:32.875898727,T,TGT,I,41,87.49
2025-10-13,9:42:32.875901826,T,TGT,,100,87.49
2025-10-13,9:42:32.875901826,T,TGT,I,41,87.49
2025-10-13,9:42:32.875904656,T,TGT,I,66,87.49
2025-10-13,9:42:32.876094095,T,TGT,I,40,87.5
2025-10-13,9:42:32.876118225,T,TGT,I,1,87.5
2025-10-13,9:42:32.876142236,T,TGT,,100,87.5
2025-10-13,9:42:32.879324060,T,TGT,F I,20,87.5
2025-10-13,9:42:32.879326833,T,TGT,F I,34,87.5
2025-10-13,9:42:32.960306770,T,TGT,F,144,87.46
2025-10-13,9:42:32.960393999,T,TGT,I,41,87.47
2025-10-13,9:42:32.960393999,T,TGT,,100,87.47
2025-10-13,9:42:32.960397123,T,TGT,,105,87.47
2025-10-13,9:42:32.960399994,T,TGT,I,50,87.47
2025-10-13,9:42:32.960577411,T,TGT,I,26,87.48
2025-10-13,9:42:32.960580427,T,TGT,I,9,87.48
2025-10-13,9:42:32.960589712,T,TGT,,105,87.46
2025-10-13,9:42:32.960592871,T,TGT,I,50,87.46
2025-10-13,9:42:32.960592871,T,TGT,I,42,87.46
2025-10-13,9:42:32.960595822,T,TGT,I,16,87.46
2025-10-13,9:42:32.960599224,T,TGT,I,41,87.46
2025-10-13,9:42:32.960599224,T,TGT,,100,87.46
2025-10-13,9:42:32.960628569,T,TGT,F I,41,87.47
2025-10-13,9:42:32.960634519,T,TGT,F,100,87.47
2025-10-13,9:42:32.960656331,T,TGT,I,26,87.48
2025-10-13,9:42:32.960656331,T,TGT,I,41,87.48
2025-10-13,9:42:32.960679983,T,TGT,I,1,87.48
2025-10-13,9:42:32.960722225,T,TGT,F I,99,87.48
2025-10-13,9:42:32.960724886,T,TGT,F I,20,87.48
2025-10-13,9:42:32.960724886,T,TGT,F I,20,87.48
2025-10-13,9:42:32.961220975,T,TGT,I,26,87.49
2025-10-13,9:42:32.961368331,T,TGT,I,66,87.49
2025-10-13,9:42:32.961368331,T,TGT,I,51,87.49
2025-10-13,9:42:32.961371272,T,TGT,,127,87.49
2025-10-13,9:42:32.967055014,T,TGT,F I,41,87.48
2025-10-13,9:42:32.967055014,T,TGT,F I,64,87.48
2025-10-13,9:42:32.967060853,T,TGT,F I,49,87.48
2025-10-13,9:42:32.967060853,T,TGT,F I,20,87.48
2025-10-13,9:42:32.967076441,T,TGT,I,1,87.48
2025-10-13,9:42:32.967533339,T,TGT,I,41,87.49
2025-10-13,9:42:32.967536738,T,TGT,,100,87.49
2025-10-13,9:42:32.967536738,T,TGT,I,50,87.49
2025-10-13,9:42:32.967540301,T,TGT,I,41,87.49
2025-10-13,9:42:32.967596293,T,TGT,F I,50,87.48
2025-10-13,9:42:32.967615110,T,TGT,F I,41,87.48
2025-10-13,9:42:32.967615110,T,TGT,F I,1,87.48
2025-10-13,9:42:32.967620274,T,TGT,F I,33,87.48
2025-10-13,9:42:32.967623230,T,TGT,F I,8,87.48
2025-10-13,9:42:32.969286203,T,TGT,F,100,87.48
2025-10-13,9:42:32.978262533,T,TGT,F,100,87.47
2025-10-13,9:42:32.978534756,T,TGT,I,41,87.48
2025-10-13,9:42:32.978539213,T,TGT,,100,87.48
2025-10-13,9:42:32.978539213,T,TGT,,156,87.48
2025-10-13,9:42:32.978539213,T,TGT,I,51,87.48
2025-10-13,9:42:32.979072907,T,TGT,F I,41,87.47
2025-10-13,9:42:32.979072907,T,TGT,F,100,87.47
2025-10-13,9:42:32.979077483,T,TGT,F,156,87.47
2025-10-13,9:42:32.979077483,T,TGT,F,263,87.47
2025-10-13,9:42:32.979080589,T,TGT,F I,16,87.47
2025-10-13,9:42:32.979080589,T,TGT,F I,42,87.47
2025-10-13,9:42:32.979083443,T,TGT,F,100,87.47
2025-10-13,9:42:32.979135335,T,TGT,I,41,87.48
2025-10-13,9:42:32.979135335,T,TGT,I,35,87.48
2025-10-13,9:42:32.979155686,T,TGT,I,1,87.48
2025-10-13,9:42:32.979167883,T,TGT,F I,26,87.47
2025-10-13,9:42:32.979170914,T,TGT,,169,87.48
2025-10-13,9:42:32.979177345,T,TGT,,100,87.48
2025-10-13,9:42:32.979177345,T,TGT,I,58,87.48
2025-10-13,9:42:32.979224840,T,TGT,F,100,87.48
2025-10-13,9:42:32.979254885,T,TGT,F,197,87.48
2025-10-13,9:42:32.979260908,T,TGT,F I,51,87.48
2025-10-13,9:42:32.979626051,T,TGT,I,7,87.48
2025-10-13,9:42:32.979628765,T,TGT,I,8,87.48
2025-10-13,9:42:32.979628765,T,TGT,I,26,87.48
2025-10-13,9:42:32.979633850,T,TGT,I,37,87.48
2025-10-13,9:42:32.979633850,T,TGT,I,4,87.48
2025-10-13,9:42:32.979633850,T,TGT,,100,87.48
2025-10-13,9:42:32.979636998,T,TGT,I,35,87.48
2025-10-13,9:42:32.984267857,T,TGT,F I,4,87.48
2025-10-13,9:42:32.984271328,T,TGT,F I,3,87.48
2025-10-13,9:42:32.984271328,T,TGT,F I,32,87.48
2025-10-13,9:42:32.984273811,T,TGT,F I,5,87.48
2025-10-13,9:42:32.985819506,T,TGT,F I,41,87.47
2025-10-13,9:42:33.736825729,T,TGT,I,30,87.46
2025-10-13,9:42:39.426952275,T,TGT,F I,1,87.45
2025-10-13,9:42:39.426970588,T,TGT,F,100,87.44
2025-10-13,9:42:39.427262001,T,TGT,F,100,87.43
2025-10-13,9:42:39.726598175,T,TGT,F I,20,87.39
2025-10-13,9:42:39.726679345,T,TGT,,100,87.41
2025-10-13,9:42:39.726694898,T,TGT,I,4,87.41
2025-10-13,9:42:39.726697394,T,TGT,I,41,87.41
2025-10-13,9:42:39.726856726,T,TGT,I,6,87.41
2025-10-13,9:42:39.726892847,T,TGT,I,94,87.41
2025-10-13,9:42:39.726895811,T,TGT,,119,87.41
2025-10-13,9:42:39.727271728,T,TGT,I,50,87.41
2025-10-13,9:42:40.423499421,T,TGT,I,12,87.42
2025-10-13,9:42:40.423740030,T,TGT,F I,13,87.42
2025-10-13,9:42:40.423755011,T,TGT,F I,87,87.42
2025-10-13,9:42:40.423755011,T,TGT,F I,3,87.41
2025-10-13,9:42:40.423764058,T,TGT,F I,10,87.41
2025-10-13,9:42:40.423767135,T,TGT,F I,50,87.41
2025-10-13,9:42:40.423770147,T,TGT,F,100,87.41
2025-10-13,9:42:40.779457525,T,TGT,F I,1,87.38
2025-10-13,9:42:45.869988546,T,TGT,,100,87.34
2025-10-13,9:42:46.323107936,T,TGT,F,255,87.36
2025-10-13,9:42:46.323111405,T,TGT,F,100,87.37
2025-10-13,9:42:46.323113952,T,TGT,F,140,87.37
2025-10-13,9:42:47.163866097,T,TGT,I,7,87.4
2025-10-13,9:42:47.163890460,T,TGT,I,1,87.4
2025-10-13,9:42:47.906034226,T,TGT,I,5,87.4
2025-10-13,9:42:49.395059011,T,TGT,I,1,87.4
2025-10-13,9:42:49.395107371,T,TGT,F I,5,87.4
2025-10-13,9:42:49.395131664,T,TGT,I,6,87.4
2025-10-13,9:42:49.395446620,T,TGT,F I,66,87.4
2025-10-13,9:42:49.395702484,T,TGT,F I,6,87.4
2025-10-13,9:42:49.395837615,T,TGT,F I,24,87.39
2025-10-13,9:42:49.398234361,T,TGT,F I,16,87.39
2025-10-13,9:42:49.398234361,T,TGT,F I,2,87.39
2025-10-13,9:42:49.398237287,T,TGT,F,100,87.39
2025-10-13,9:42:49.398318548,T,TGT,F I,2,87.38
2025-10-13,9:42:49.398321981,T,TGT,F I,25,87.38
2025-10-13,9:42:49.398321981,T,TGT,F I,25,87.38
2025-10-13,9:42:49.398901882,T,TGT,I,6,87.39
2025-10-13,9:42:49.398907944,T,TGT,I,62,87.38
2025-10-13,9:42:49.398910921,T,TGT,I,15,87.38
2025-10-13,9:42:49.398913993,T,TGT,I,18,87.38
2025-10-13,9:42:49.398928943,T,TGT,I,1,87.39
2025-10-13,9:42:49.398943960,T,TGT,I,33,87.39
2025-10-13,9:42:49.398946977,T,TGT,I,1,87.39
2025-10-13,9:42:51.666565537,T,TGT,I,13,87.38
2025-10-13,9:42:58.016893881,T,TGT,F,100,87.4
2025-10-13,9:42:59.070713399,T,TGT,,100,87.4
2025-10-13,9:42:59.070713399,T,TGT,,199,87.4
2025-10-13,9:42:59.070734441,T,TGT,I,1,87.4
2025-10-13,9:42:59.070737275,T,TGT,,100,87.4
2025-10-13,9:42:59.070772752,T,TGT,I,84,87.4
2025-10-13,9:42:59.070980241,T,TGT,,255,87.4
2025-10-13,9:42:59.070980241,T,TGT,,150,87.4
2025-10-13,9:42:59.071052376,T,TGT,,150,87.4
2025-10-13,9:42:59.071088465,T,TGT,,255,87.4
2025-10-13,9:42:59.071097450,T,TGT,,100,87.4
2025-10-13,9:42:59.071106533,T,TGT,,149,87.4
2025-10-13,9:42:59.071136709,T,TGT,,100,87.4
2025-10-13,9:42:59.078663469,T,TGT,,150,87.4
2025-10-13,9:42:59.095801359,T,TGT,I,2,87.4
2025-10-13,9:43:00.081101837,T,TGT,I,4,87.4
2025-10-13,9:43:00.081880592,T,TGT,F,100,87.4
2025-10-13,9:43:00.081964785,T,TGT,I,37,87.4
2025-10-13,9:43:00.082187374,T,TGT,I,1,87.4
2025-10-13,9:43:00.082190409,T,TGT,I,49,87.41
2025-10-13,9:43:00.089389472,T,TGT,,100,87.4
2025-10-13,9:43:00.307237462,T,TGT,,100,87.4
2025-10-13,9:43:00.690771320,T,TGT,F,100,87.4
2025-10-13,9:43:01.104926961,T,TGT,I,13,87.4
2025-10-13,9:43:01.105017164,T,TGT,,200,87.4
2025-10-13,9:43:01.105029187,T,TGT,,300,87.4
2025-10-13,9:43:01.105074610,T,TGT,I,2,87.4
2025-10-13,9:43:01.105077385,T,TGT,I,18,87.4
2025-10-13,9:43:01.105168145,T,TGT,I,3,87.4
2025-10-13,9:43:01.105170540,T,TGT,I,93,87.4
2025-10-13,9:43:01.105242666,T,TGT,I,93,87.4
2025-10-13,9:43:01.105588590,T,TGT,,100,87.4
2025-10-13,9:43:01.124497582,T,TGT,I,3,87.4
2025-10-13,9:43:01.368429764,T,TGT,,195,87.4
2025-10-13,9:43:04.302243445,T,TGT,F,100,87.45
2025-10-13,9:43:04.302264882,T,TGT,I,56,87.45
2025-10-13,9:43:04.302267542,T,TGT,I,44,87.45
2025-10-13,9:43:04.302273482,T,TGT,F,100,87.46
2025-10-13,9:43:08.017005776,T,TGT,F I,2,87.46
2025-10-13,9:43:08.017008797,T,TGT,F,100,87.46
2025-10-13,9:43:08.017008797,T,TGT,F I,46,87.46
