DATE,TIME_M,EX,SYM_ROOT,TR_SCOND,SIZE,PRICE
2025-11-20,9:30:00.101318033,T,TGT,FTI,1,85.96
2025-11-20,9:30:00.334358165,T,TGT,FTI,1,86.06
2025-11-20,9:30:00.362908181,T,TGT,TI,99,86.06
2025-11-20,9:30:00.362911155,T,TGT,TI,50,86.07
2025-11-20,9:30:00.595262723,T,TGT,FTI,1,86.16
2025-11-20,9:30:00.677478554,T,TGT,O X,200,86.16
2025-11-20,9:30:00.677481611,T,TGT,Q,200,86.16
2025-11-20,9:30:00.722288282,T,TGT,,100,86.15
2025-11-20,9:30:00.722291286,T,TGT,I,99,86.16
2025-11-20,9:30:00.722291286,T,TGT,,101,86.17
2025-11-20,9:30:00.722336563,T,TGT,,199,86.17
2025-11-20,9:30:02.346394420,T,TGT,I,50,86.27
2025-11-20,9:30:02.588723807,T,TGT,I,12,86.31
2025-11-20,9:30:02.588883206,T,TGT,F I,31,86.26
2025-11-20,9:30:02.589307233,T,TGT,F I,19,86.24
2025-11-20,9:30:02.589454720,T,TGT,I,41,86.27
2025-11-20,9:30:02.589824675,T,TGT,F I,1,86.24
2025-11-20,9:30:02.589824675,T,TGT,F I,31,86.24
2025-11-20,9:30:02.589839458,T,TGT,F I,1,86.24
2025-11-20,9:30:02.589851505,T,TGT,F I,68,86.24
2025-11-20,9:30:02.589854441,T,TGT,F I,6,86.24
2025-11-20,9:30:02.589857482,T,TGT,F I,26,86.24
2025-11-20,9:30:02.589857482,T,TGT,F I,6,86.24
2025-11-20,9:30:02.589866539,T,TGT,F I,27,86.24
2025-11-20,9:30:02.589866539,T,TGT,F I,32,86.24
2025-11-20,9:30:02.589875765,T,TGT,F I,50,86.24
2025-11-20,9:30:02.589875765,T,TGT,F I,18,86.24
2025-11-20,9:30:02.590167590,T,TGT,F I,13,86.21
2025-11-20,9:30:02.590224311,T,TGT,F I,5,86.2
2025-11-20,9:30:02.590461892,T,TGT,I,3,86.25
2025-11-20,9:30:02.592407528,T,TGT,I,3,86.21
2025-11-20,9:30:02.592485786,T,TGT,F I,50,86.21
2025-11-20,9:30:02.592504949,T,TGT,F I,4,86.19
2025-11-20,9:30:02.592602974,T,TGT,I,8,86.21
2025-11-20,9:30:02.592711342,T,TGT,F,100,86.21
2025-11-20,9:30:02.592717292,T,TGT,F I,4,86.21
2025-11-20,9:30:02.592831623,T,TGT,F I,3,86.21
2025-11-20,9:30:02.592894669,T,TGT,F I,3,86.21
2025-11-20,9:30:02.592946432,T,TGT,F I,2,86.21
2025-11-20,9:30:02.592948909,T,TGT,F I,3,86.18
2025-11-20,9:30:02.593003030,T,TGT,I,10,86.21
2025-11-20,9:30:02.593129428,T,TGT,F I,10,86.18
2025-11-20,9:30:02.595261343,T,TGT,F I,2,86.23
2025-11-20,9:30:02.595309456,T,TGT,I,24,86.23
2025-11-20,9:30:02.595321495,T,TGT,F I,19,86.19
2025-11-20,9:30:02.597922710,T,TGT,F I,12,86.23
2025-11-20,9:30:02.598094136,T,TGT,F I,1,86.23
2025-11-20,9:30:02.598157257,T,TGT,F I,3,86.2
2025-11-20,9:30:02.598335320,T,TGT,F I,6,86.23
2025-11-20,9:30:02.598337910,T,TGT,F I,3,86.23
2025-11-20,9:30:02.598340715,T,TGT,F I,15,86.23
2025-11-20,9:30:02.598370739,T,TGT,F I,2,86.23
2025-11-20,9:30:02.598394805,T,TGT,F I,1,86.2
2025-11-20,9:30:02.598436934,T,TGT,F I,13,86.2
2025-11-20,9:30:02.598620353,T,TGT,F I,13,86.18
2025-11-20,9:30:02.598686792,T,TGT,I,1,86.21
2025-11-20,9:30:02.598686792,T,TGT,I,22,86.21
2025-11-20,9:30:02.598746700,T,TGT,F I,3,86.19
2025-11-20,9:30:02.598770667,T,TGT,F I,26,86.18
2025-11-20,9:30:02.598842844,T,TGT,I,3,86.19
2025-11-20,9:30:02.618834534,T,TGT,F I,24,86.23
2025-11-20,9:30:02.878680700,T,TGT,,100,86.25
2025-11-20,9:30:04.975792752,T,TGT,F,100,86.15
2025-11-20,9:30:04.975795611,T,TGT,F I,24,86.15
2025-11-20,9:30:04.975798562,T,TGT,F,124,86.15
2025-11-20,9:30:04.975813686,T,TGT,I,1,86.15
2025-11-20,9:30:04.975852747,T,TGT,F I,15,86.15
2025-11-20,9:30:04.975879829,T,TGT,F I,15,86.15
2025-11-20,9:30:04.975918915,T,TGT,I,50,86.16
2025-11-20,9:30:04.975952058,T,TGT,,100,86.2
2025-11-20,9:30:04.976057272,T,TGT,F I,65,86.17
2025-11-20,9:30:04.976072286,T,TGT,F I,35,86.17
2025-11-20,9:30:04.976150849,T,TGT,F I,45,86.15
2025-11-20,9:30:04.976153418,T,TGT,F I,20,86.14
2025-11-20,9:30:04.976354927,T,TGT,F I,6,86.14
2025-11-20,9:30:04.976354927,T,TGT,F I,13,86.14
2025-11-20,9:30:04.976360954,T,TGT,F I,53,86.14
2025-11-20,9:30:04.976363992,T,TGT,F I,2,86.13
2025-11-20,9:30:04.976409055,T,TGT,I,10,86.16
2025-11-20,9:30:04.976791367,T,TGT,F I,10,86.13
2025-11-20,9:30:04.976794002,T,TGT,F I,10,86.13
2025-11-20,9:30:04.976839166,T,TGT,F I,15,86.13
2025-11-20,9:30:04.976839166,T,TGT,F I,48,86.1
2025-11-20,9:30:04.976839166,T,TGT,F I,2,86.1
2025-11-20,9:30:04.976839166,T,TGT,F I,13,86.1
2025-11-20,9:30:04.976902446,T,TGT,I,19,86.14
2025-11-20,9:30:04.977097648,T,TGT,F I,19,86.1
2025-11-20,9:30:04.977160903,T,TGT,I,18,86.14
2025-11-20,9:30:04.977278175,T,TGT,F I,19,86.12
2025-11-20,9:30:04.977299205,T,TGT,F,181,86.12
2025-11-20,9:30:04.977393361,T,TGT,I,4,86.14
2025-11-20,9:30:04.977393361,T,TGT,I,26,86.14
2025-11-20,9:30:04.977395419,T,TGT,I,26,86.14
2025-11-20,9:30:04.977422481,T,TGT,F I,2,86.12
2025-11-20,9:30:04.977464634,T,TGT,F I,45,86.08
2025-11-20,9:30:04.977464634,T,TGT,F I,35,86.08
2025-11-20,9:30:04.977467559,T,TGT,F I,1,86.08
2025-11-20,9:30:04.977467559,T,TGT,F I,24,86.08
2025-11-20,9:30:04.977518747,T,TGT,,100,86.12
2025-11-20,9:30:04.977615918,T,TGT,I,17,86.12
2025-11-20,9:30:04.977615918,T,TGT,I,4,86.12
2025-11-20,9:30:04.977617990,T,TGT,I,1,86.12
2025-11-20,9:30:04.978063019,T,TGT,F I,32,86.09
2025-11-20,9:30:04.978063019,T,TGT,F I,33,86.09
2025-11-20,9:30:04.978084032,T,TGT,F I,67,86.09
2025-11-20,9:30:04.978087081,T,TGT,F,300,86.09
2025-11-20,9:30:04.978117165,T,TGT,I,10,86.12
2025-11-20,9:30:04.978378751,T,TGT,I,90,86.12
2025-11-20,9:30:04.978432833,T,TGT,F I,2,86.1
2025-11-20,9:30:04.978574197,T,TGT,F I,2,86.07
2025-11-20,9:30:04.978628486,T,TGT,I,6,86.09
2025-11-20,9:30:04.978676456,T,TGT,F I,4,86.07
2025-11-20,9:30:04.978676456,T,TGT,F I,13,86.07
2025-11-20,9:30:04.978727531,T,TGT,F I,4,86.07
2025-11-20,9:30:04.978745674,T,TGT,F I,28,86.07
2025-11-20,9:30:04.978830411,T,TGT,F,100,86.08
2025-11-20,9:30:04.978898944,T,TGT,F I,3,86.07
2025-11-20,9:30:04.978914059,T,TGT,F I,15,86.07
2025-11-20,9:30:04.978983227,T,TGT,I,4,86.1
2025-11-20,9:30:04.978983227,T,TGT,I,13,86.1
2025-11-20,9:30:04.979001228,T,TGT,F I,13,86.07
2025-11-20,9:30:04.979061416,T,TGT,I,6,86.1
2025-11-20,9:30:04.979067382,T,TGT,F I,4,86.07
2025-11-20,9:30:04.979125207,T,TGT,F I,6,86.07
2025-11-20,9:30:04.979127580,T,TGT,F I,6,86.07
2025-11-20,9:30:04.979133501,T,TGT,F I,12,86.07
2025-11-20,9:30:04.979172690,T,TGT,F I,11,86.07
2025-11-20,9:30:04.979269233,T,TGT,I,4,86.09
2025-11-20,9:30:04.979269233,T,TGT,I,32,86.09
2025-11-20,9:30:04.979341088,T,TGT,F I,4,86.07
2025-11-20,9:30:04.979383276,T,TGT,I,13,86.11
2025-11-20,9:30:04.979494459,T,TGT,I,4,86.09
2025-11-20,9:30:04.979909407,T,TGT,I,13,86.11
2025-11-20,9:30:04.979909407,T,TGT,I,4,86.11
2025-11-20,9:30:05.028469037,T,TGT,F I,32,86.12
2025-11-20,9:30:05.892126528,T,TGT,F I,32,86.13
2025-11-20,9:30:05.892126528,T,TGT,F I,68,86.12
2025-11-20,9:30:06.023527618,T,TGT,F,132,86.12
2025-11-20,9:30:06.023530657,T,TGT,F,100,86.12
2025-11-20,9:30:06.023530657,T,TGT,F I,32,86.12
2025-11-20,9:30:07.444481813,T,TGT,,100,86.125
2025-11-20,9:30:09.011043040,T,TGT,,100,86.125
2025-11-20,9:30:11.642053016,T,TGT,,100,86.125
2025-11-20,9:30:14.948466728,T,TGT,F I,9,86.05
2025-11-20,9:30:14.948466728,T,TGT,F I,1,86.05
2025-11-20,9:30:14.948469085,T,TGT,F I,1,86.05
2025-11-20,9:30:14.949259955,T,TGT,I,1,86.05
2025-11-20,9:30:14.949262937,T,TGT,I,12,86.04
2025-11-20,9:30:14.949262937,T,TGT,I,87,86.04
2025-11-20,9:30:14.953475975,T,TGT,I,18,86.07
2025-11-20,9:30:15.015086751,T,TGT,I,75,86.075
2025-11-20,9:30:15.015161949,T,TGT,I,25,86.075
2025-11-20,9:30:15.015164956,T,TGT,I,50,86.075
2025-11-20,9:30:18.442965174,T,TGT,I,18,86.05
2025-11-20,9:30:18.452110021,T,TGT,F I,99,86.11
2025-11-20,9:30:18.452179167,T,TGT,I,48,86.11
2025-11-20,9:30:18.466475259,T,TGT,F I,10,86.17
2025-11-20,9:30:18.466535386,T,TGT,I,32,86.12
2025-11-20,9:30:18.466538461,T,TGT,F,100,86.18
2025-11-20,9:30:18.466541402,T,TGT,F I,13,86.18
2025-11-20,9:30:18.466730797,T,TGT,F I,32,86.17
2025-11-20,9:30:18.466730797,T,TGT,F I,32,86.17
2025-11-20,9:30:18.466757927,T,TGT,I,24,86.13
2025-11-20,9:30:18.466784982,T,TGT,F,100,86.18
2025-11-20,9:30:18.466812159,T,TGT,I,24,86.13
2025-11-20,9:30:18.466812159,T,TGT,I,6,86.12
2025-11-20,9:30:18.466839111,T,TGT,,100,86.13
2025-11-20,9:30:18.466842066,T,TGT,I,1,86.13
2025-11-20,9:30:18.466878237,T,TGT,,100,86.13
2025-11-20,9:30:18.466902588,T,TGT,I,1,86.13
2025-11-20,9:30:18.466902588,T,TGT,I,99,86.12
2025-11-20,9:30:18.466926319,T,TGT,I,1,86.13
2025-11-20,9:30:18.466974390,T,TGT,I,1,86.12
2025-11-20,9:30:18.466977585,T,TGT,I,30,86.12
2025-11-20,9:30:18.467040606,T,TGT,F,100,86.13
2025-11-20,9:30:18.467049551,T,TGT,F I,29,86.13
2025-11-20,9:30:18.467073661,T,TGT,I,82,86.13
2025-11-20,9:30:18.467236067,T,TGT,F I,48,86.14
2025-11-20,9:30:18.467269102,T,TGT,I,18,86.13
2025-11-20,9:30:18.467272170,T,TGT,I,24,86.14
2025-11-20,9:30:18.467296230,T,TGT,I,13,86.14
2025-11-20,9:30:18.467308184,T,TGT,F I,1,86.14
2025-11-20,9:30:18.468017918,T,TGT,F I,1,86.14
2025-11-20,9:30:18.468017918,T,TGT,F I,1,86.14
2025-11-20,9:30:18.468044916,T,TGT,,100,86.13
2025-11-20,9:30:18.473145179,T,TGT,F I,8,86.16
2025-11-20,9:30:18.473145179,T,TGT,F I,13,86.16
2025-11-20,9:30:18.473196290,T,TGT,,100,86.13
2025-11-20,9:30:18.473617211,T,TGT,I,8,86.13
2025-11-20,9:30:19.091917240,T,TGT,I,15,86.07
2025-11-20,9:30:20.394795170,T,TGT,I,3,86.1
2025-11-20,9:30:22.217659989,T,TGT,F,100,86.16
2025-11-20,9:30:22.217762173,T,TGT,,100,86.13
2025-11-20,9:30:22.217777199,T,TGT,,100,86.13
2025-11-20,9:30:22.218074943,T,TGT,F,100,86.16
2025-11-20,9:30:22.218126086,T,TGT,I,22,86.13
2025-11-20,9:30:22.218126086,T,TGT,I,1,86.11
2025-11-20,9:30:22.218132393,T,TGT,F I,87,86.18
2025-11-20,9:30:22.218132393,T,TGT,F I,13,86.18
2025-11-20,9:30:22.218156062,T,TGT,I,22,86.16
2025-11-20,9:30:22.218192166,T,TGT,,100,86.15
2025-11-20,9:30:22.218358163,T,TGT,I,12,86.12
2025-11-20,9:30:22.218358163,T,TGT,,100,86.12
2025-11-20,9:30:22.218361061,T,TGT,I,23,86.12
2025-11-20,9:30:22.218361061,T,TGT,I,50,86.12
2025-11-20,9:30:22.218435754,T,TGT,I,22,86.11
2025-11-20,9:30:22.218504880,T,TGT,,188,86.11
2025-11-20,9:30:22.218532020,T,TGT,,100,86.11
2025-11-20,9:30:22.218986065,T,TGT,,100,86.1
2025-11-20,9:30:22.219028312,T,TGT,F I,20,86.09
2025-11-20,9:30:22.219389161,T,TGT,F I,34,86.11
2025-11-20,9:30:22.219392054,T,TGT,F I,46,86.11
2025-11-20,9:30:22.219419091,T,TGT,I,16,86.11
2025-11-20,9:30:22.219419091,T,TGT,I,62,86.11
2025-11-20,9:30:22.225893494,T,TGT,I,8,86.13
2025-11-20,9:30:22.225923649,T,TGT,I,25,86.12
2025-11-20,9:30:22.239064867,T,TGT,F I,6,86.12
2025-11-20,9:30:22.239073941,T,TGT,F I,2,86.12
2025-11-20,9:30:22.239082924,T,TGT,F I,27,86.12
2025-11-20,9:30:22.239221308,T,TGT,F I,33,86.12
2025-11-20,9:30:22.239275532,T,TGT,F I,32,86.12
2025-11-20,9:30:22.239275532,T,TGT,F I,1,86.12
2025-11-20,9:30:22.239335596,T,TGT,F I,33,86.12
2025-11-20,9:30:22.239389669,T,TGT,F I,33,86.12
2025-11-20,9:30:22.239446841,T,TGT,F I,33,86.12
2025-11-20,9:30:22.239494892,T,TGT,F I,33,86.12
2025-11-20,9:30:22.239549113,T,TGT,F I,33,86.12
2025-11-20,9:30:22.259083583,T,TGT,F,100,86.15
2025-11-20,9:30:22.259104731,T,TGT,I,1,86.15
2025-11-20,9:30:22.259113867,T,TGT,I,33,86.12
2025-11-20,9:30:22.259125750,T,TGT,I,99,86.15
2025-11-20,9:30:22.259155829,T,TGT,F,100,86.15
2025-11-20,9:30:22.259185899,T,TGT,I,13,86.11
2025-11-20,9:30:22.259221973,T,TGT,,100,86.15
2025-11-20,9:30:22.259237179,T,TGT,I,13,86.15
2025-11-20,9:30:22.259273065,T,TGT,I,8,86.13
2025-11-20,9:30:22.259276030,T,TGT,I,12,86.13
2025-11-20,9:30:22.259288155,T,TGT,I,8,86.14
2025-11-20,9:30:22.259288155,T,TGT,I,12,86.14
2025-11-20,9:30:22.276498636,T,TGT,F I,25,86.15
2025-11-20,9:30:22.276501613,T,TGT,F I,8,86.15
2025-11-20,9:30:22.276504837,T,TGT,F I,12,86.15
2025-11-20,9:30:22.276504837,T,TGT,F I,24,86.15
2025-11-20,9:30:22.276507567,T,TGT,F I,29,86.15
2025-11-20,9:30:22.276507567,T,TGT,F I,30,86.15
2025-11-20,9:30:22.276549171,T,TGT,I,5,86.14
2025-11-20,9:30:22.276552277,T,TGT,I,20,86.14
2025-11-20,9:30:22.276555184,T,TGT,I,75,86.12
2025-11-20,9:30:22.292568331,T,TGT,F,100,86.16
2025-11-20,9:30:22.292598432,T,TGT,I,8,86.14
2025-11-20,9:30:22.325361934,T,TGT,F,100,86.16
2025-11-20,9:30:22.325361934,T,TGT,F I,8,86.16
2025-11-20,9:30:22.325365361,T,TGT,F I,30,86.16
2025-11-20,9:30:22.325365361,T,TGT,F I,29,86.16
2025-11-20,9:30:22.325367515,T,TGT,F,100,86.16
2025-11-20,9:30:22.325412635,T,TGT,,100,86.13
2025-11-20,9:30:22.325433702,T,TGT,I,1,86.13
2025-11-20,9:30:22.331460023,T,TGT,I,23,86.1
2025-11-20,9:30:22.338779511,T,TGT,F I,1,86.13
2025-11-20,9:30:22.338806569,T,TGT,I,23,86.13
2025-11-20,9:30:22.339158331,T,TGT,,100,86.1
2025-11-20,9:30:22.352822981,T,TGT,F I,23,86.15
2025-11-20,9:30:22.352826188,T,TGT,F I,13,86.15
2025-11-20,9:30:22.352826188,T,TGT,F I,30,86.15
2025-11-20,9:30:22.352828933,T,TGT,F I,29,86.15
2025-11-20,9:30:22.354885885,T,TGT,I,22,86.12
2025-11-20,9:30:22.367765580,T,TGT,F I,25,86.15
2025-11-20,9:30:22.367768513,T,TGT,F I,22,86.15
2025-11-20,9:30:22.368493275,T,TGT,I,3,86.12
2025-11-20,9:30:22.368493275,T,TGT,I,22,86.12
2025-11-20,9:30:22.418070170,T,TGT,,100,86.09
2025-11-20,9:30:22.418075377,T,TGT,,100,86.09
2025-11-20,9:30:22.418075377,T,TGT,,100,86.09
2025-11-20,9:30:22.460954520,T,TGT,I,13,86.04
2025-11-20,9:30:22.460957598,T,TGT,I,4,86.03
2025-11-20,9:30:22.460960585,T,TGT,,237,86.03
2025-11-20,9:30:22.461140998,T,TGT,,100,86.04
2025-11-20,9:30:22.461180101,T,TGT,I,8,86.05
2025-11-20,9:30:22.461183060,T,TGT,,100,86.05
2025-11-20,9:30:22.461276270,T,TGT,I,13,86.05
2025-11-20,9:30:22.696373398,T,TGT,I,8,86.05
2025-11-20,9:30:22.728925977,T,TGT,F,100,86.09
2025-11-20,9:30:22.728928917,T,TGT,F I,29,86.09
2025-11-20,9:30:22.728980090,T,TGT,F,100,86.09
2025-11-20,9:30:22.728986085,T,TGT,F I,29,86.09
2025-11-20,9:30:22.728998158,T,TGT,,100,86.09
2025-11-20,9:30:22.729010092,T,TGT,F I,1,86.09
2025-11-20,9:30:22.729025670,T,TGT,F I,29,86.09
2025-11-20,9:30:22.729025670,T,TGT,F I,71,86.09
2025-11-20,9:30:22.729055206,T,TGT,F I,28,86.09
2025-11-20,9:30:22.729079279,T,TGT,I,22,86.06
2025-11-20,9:30:22.729130387,T,TGT,F I,22,86.09
2025-11-20,9:30:22.729139434,T,TGT,F I,29,86.09
2025-11-20,9:30:22.729614606,T,TGT,I,97,86.06
2025-11-20,9:30:23.522152675,T,TGT,,100,86.1
2025-11-20,9:30:23.522152675,T,TGT,I,29,86.1
2025-11-20,9:30:23.522174457,T,TGT,,100,86.1
2025-11-20,9:30:23.522174457,T,TGT,I,28,86.1
2025-11-20,9:30:23.522176702,T,TGT,F I,29,86.1
2025-11-20,9:30:23.522179710,T,TGT,I,43,86.1
2025-11-20,9:30:23.522191737,T,TGT,,100,86.06
2025-11-20,9:30:23.522224871,T,TGT,I,90,86.055
2025-11-20,9:30:23.522558662,T,TGT,F I,29,86.09
2025-11-20,9:30:23.522564771,T,TGT,F I,71,86.09
2025-11-20,9:30:23.522564771,T,TGT,F I,22,86.09
2025-11-20,9:30:23.522567707,T,TGT,F I,7,86.09
2025-11-20,9:30:23.522606749,T,TGT,I,22,86.06
2025-11-20,9:30:23.522696936,T,TGT,I,13,86.06
2025-11-20,9:30:23.523132988,T,TGT,I,13,86.05
2025-11-20,9:30:23.523427683,T,TGT,I,97,86.04
2025-11-20,9:30:23.524285192,T,TGT,I,25,86.07
2025-11-20,9:30:23.524287880,T,TGT,I,22,86.07
2025-11-20,9:30:23.524287880,T,TGT,I,30,86.07
2025-11-20,9:30:23.524314950,T,TGT,I,30,86.05
2025-11-20,9:30:23.524318597,T,TGT,I,3,86.05
2025-11-20,9:30:23.524321216,T,TGT,I,22,86.05
2025-11-20,9:30:23.524321216,T,TGT,I,42,86.04
2025-11-20,9:30:24.797827898,T,TGT,I,75,86.14
2025-11-20,9:30:24.797830905,T,TGT,I,74,86.15
2025-11-20,9:30:24.797845906,T,TGT,I,26,86.15
2025-11-20,9:30:24.797848956,T,TGT,I,29,86.15
2025-11-20,9:30:24.797848956,T,TGT,I,20,86.15
2025-11-20,9:30:24.797924144,T,TGT,I,66,86.1
2025-11-20,9:30:24.797927515,T,TGT,,100,86.1
2025-11-20,9:30:24.797945161,T,TGT,I,1,86.1
2025-11-20,9:30:24.797981555,T,TGT,I,99,86.1
2025-11-20,9:30:24.797984373,T,TGT,I,74,86.12
2025-11-20,9:30:24.798002310,T,TGT,I,66,86.14
2025-11-20,9:30:24.798065500,T,TGT,I,29,86.12
2025-11-20,9:30:24.798074483,T,TGT,I,8,86.1
2025-11-20,9:30:24.859294265,T,TGT,I,29,86.17
2025-11-20,9:30:24.921184849,T,TGT,I,29,86.19
2025-11-20,9:30:24.959625375,T,TGT,I,86,86.2
2025-11-20,9:30:24.959628295,T,TGT,I,29,86.2
2025-11-20,9:30:24.999701727,T,TGT,F I,75,86.175
2025-11-20,9:30:24.999752946,T,TGT,F I,25,86.175
2025-11-20,9:30:25.107295147,T,TGT,F I,75,86.19
2025-11-20,9:30:25.107340171,T,TGT,F I,75,86.19
2025-11-20,9:30:33.395679960,T,TGT,F I,2,86.0
2025-11-20,9:30:33.395683127,T,TGT,F I,1,86.0
2025-11-20,9:30:33.395686095,T,TGT,F I,9,86.0
2025-11-20,9:30:33.395693133,T,TGT,F I,3,86.0
2025-11-20,9:30:33.395693133,T,TGT,F I,1,86.0
2025-11-20,9:30:33.395698065,T,TGT,F I,10,86.0
2025-11-20,9:30:33.395698065,T,TGT,F I,2,86.0
2025-11-20,9:30:33.395701082,T,TGT,F I,1,86.0
2025-11-20,9:30:33.395704206,T,TGT,F I,5,86.0
2025-11-20,9:30:33.395704206,T,TGT,F I,30,86.0
2025-11-20,9:30:33.395708689,T,TGT,F I,10,86.0
2025-11-20,9:30:33.395708689,T,TGT,F I,16,86.0
2025-11-20,9:30:33.395710161,T,TGT,F I,10,86.0
2025-11-20,9:30:33.395728114,T,TGT,F I,30,86.0
2025-11-20,9:30:33.395938764,T,TGT,F I,10,85.99
2025-11-20,9:30:33.396070903,T,TGT,,100,86.0
2025-11-20,9:30:33.396073904,T,TGT,,250,86.0
2025-11-20,9:30:33.396936955,T,TGT,F I,1,85.95
2025-11-20,9:30:33.397827120,T,TGT,,100,85.95
2025-11-20,9:30:34.734201813,T,TGT,I,75,85.965
2025-11-20,9:30:34.734249941,T,TGT,F I,57,85.965
2025-11-20,9:30:36.062849196,T,TGT,I,60,85.9
2025-11-20,9:30:36.062869450,T,TGT,I,40,85.9
2025-11-20,9:30:36.062869450,T,TGT,I,2,85.9
2025-11-20,9:30:36.062872264,T,TGT,I,10,85.9
2025-11-20,9:30:36.062872264,T,TGT,I,1,85.9
2025-11-20,9:30:36.069752654,T,TGT,F I,36,85.94
2025-11-20,9:30:36.069759101,T,TGT,F I,87,85.95
2025-11-20,9:30:36.069761593,T,TGT,F I,13,85.95
2025-11-20,9:30:36.069821862,T,TGT,,100,85.91
2025-11-20,9:30:36.069839893,T,TGT,I,1,85.91
2025-11-20,9:30:36.069954429,T,TGT,I,13,85.91
2025-11-20,9:30:36.069954429,T,TGT,I,67,85.91
2025-11-20,9:30:36.069957147,T,TGT,I,19,85.91
2025-11-20,9:30:36.070167700,T,TGT,I,13,85.9
2025-11-20,9:30:36.070203720,T,TGT,F I,36,85.9
2025-11-20,9:30:36.070212702,T,TGT,F I,64,85.9
2025-11-20,9:30:36.070240296,T,TGT,I,64,85.89
2025-11-20,9:30:36.070243090,T,TGT,F I,36,85.93
2025-11-20,9:30:36.070261835,T,TGT,I,11,85.95
2025-11-20,9:30:36.070261835,T,TGT,I,13,85.95
2025-11-20,9:30:36.070261835,T,TGT,I,15,85.95
2025-11-20,9:30:36.070267009,T,TGT,F I,36,85.92
2025-11-20,9:30:36.070267009,T,TGT,F I,34,85.92
2025-11-20,9:30:36.070270120,T,TGT,I,17,85.92
2025-11-20,9:30:36.070272862,T,TGT,I,19,85.93
2025-11-20,9:30:36.070276893,T,TGT,I,6,85.93
2025-11-20,9:30:36.070276893,T,TGT,I,30,85.94
2025-11-20,9:30:36.070281910,T,TGT,I,1,85.94
2025-11-20,9:30:36.070296937,T,TGT,F I,22,85.96
2025-11-20,9:30:36.070299924,T,TGT,F I,13,85.96
2025-11-20,9:30:36.070345210,T,TGT,F I,36,85.92
2025-11-20,9:30:36.070347993,T,TGT,F I,15,85.92
2025-11-20,9:30:36.070363782,T,TGT,F I,21,85.92
2025-11-20,9:30:36.070498357,T,TGT,,100,85.91
2025-11-20,9:30:36.070811187,T,TGT,I,13,85.93
2025-11-20,9:30:36.070943513,T,TGT,,102,85.93
2025-11-20,9:30:36.070994582,T,TGT,F,100,85.95
2025-11-20,9:30:36.071000609,T,TGT,F I,25,85.95
2025-11-20,9:30:36.071033689,T,TGT,F I,13,85.95
2025-11-20,9:30:36.071048710,T,TGT,I,21,85.93
2025-11-20,9:30:36.071259234,T,TGT,I,13,85.97
2025-11-20,9:30:36.071278164,T,TGT,I,4,85.93
2025-11-20,9:30:36.071280275,T,TGT,I,25,85.93
2025-11-20,9:30:36.071445792,T,TGT,I,25,85.95
2025-11-20,9:30:36.071445792,T,TGT,,100,85.95
2025-11-20,9:30:36.071508781,T,TGT,,100,85.94
2025-11-20,9:30:36.072302721,T,TGT,I,2,85.96
2025-11-20,9:30:36.072329839,T,TGT,I,2,85.94
2025-11-20,9:30:36.072332749,T,TGT,I,12,85.92
2025-11-20,9:30:36.072567367,T,TGT,I,88,85.93
2025-11-20,9:30:36.073346145,T,TGT,I,14,85.98
2025-11-20,9:30:36.073346145,T,TGT,I,25,85.98
2025-11-20,9:30:36.073380191,T,TGT,I,36,85.95
2025-11-20,9:30:36.073380191,T,TGT,I,52,85.92
2025-11-20,9:30:36.073628838,T,TGT,I,25,85.92
2025-11-20,9:30:36.073632155,T,TGT,I,13,85.92
2025-11-20,9:30:36.073677009,T,TGT,I,19,85.92
2025-11-20,9:30:36.074065185,T,TGT,I,14,85.91
2025-11-20,9:30:36.074143581,T,TGT,F I,38,85.92
2025-11-20,9:30:36.074146112,T,TGT,F I,36,85.92
2025-11-20,9:30:36.074345005,T,TGT,I,2,85.91
2025-11-20,9:30:36.074345005,T,TGT,I,36,85.91
2025-11-20,9:30:36.074348233,T,TGT,I,1,85.91
2025-11-20,9:30:36.074350942,T,TGT,I,36,85.91
2025-11-20,9:30:36.074350942,T,TGT,I,13,85.91
2025-11-20,9:30:36.074404809,T,TGT,F I,13,85.94
2025-11-20,9:30:36.074473895,T,TGT,I,2,85.93
2025-11-20,9:30:36.074473895,T,TGT,I,13,85.91
2025-11-20,9:30:36.074952112,T,TGT,F I,2,85.94
2025-11-20,9:30:36.074952112,T,TGT,F I,1,85.94
2025-11-20,9:30:36.074955031,T,TGT,F I,13,85.94
2025-11-20,9:30:36.075015163,T,TGT,F I,9,85.94
2025-11-20,9:30:36.075018142,T,TGT,F I,13,85.94
2025-11-20,9:30:36.075054252,T,TGT,F I,4,85.94
2025-11-20,9:30:36.075189537,T,TGT,I,2,85.93
2025-11-20,9:30:36.075195638,T,TGT,I,2,85.93
2025-11-20,9:30:36.075195638,T,TGT,I,6,85.93
2025-11-20,9:30:36.075418180,T,TGT,I,10,85.93
2025-11-20,9:30:36.075854108,T,TGT,F I,5,85.93
2025-11-20,9:30:36.076365388,T,TGT,I,13,85.94
2025-11-20,9:30:36.076461662,T,TGT,I,13,85.91
2025-11-20,9:30:36.076503738,T,TGT,I,23,85.91
2025-11-20,9:30:36.077339802,T,TGT,I,13,85.91
2025-11-20,9:30:36.077366763,T,TGT,I,27,85.93
2025-11-20,9:30:36.077372794,T,TGT,I,27,85.93
2025-11-20,9:30:36.078037592,T,TGT,I,25,85.89
2025-11-20,9:30:36.078037592,T,TGT,I,2,85.87
2025-11-20,9:30:36.078079704,T,TGT,F I,14,85.89
2025-11-20,9:30:36.078335161,T,TGT,,100,85.88
2025-11-20,9:30:36.078335161,T,TGT,I,14,85.88
2025-11-20,9:30:36.078368161,T,TGT,I,13,85.92
2025-11-20,9:30:36.078371311,T,TGT,I,12,85.87
2025-11-20,9:30:36.078374169,T,TGT,I,13,85.87
2025-11-20,9:30:36.078467386,T,TGT,,100,85.88
2025-11-20,9:30:36.078572657,T,TGT,F I,19,85.89
2025-11-20,9:30:36.078578658,T,TGT,F I,81,85.89
2025-11-20,9:30:36.078581855,T,TGT,F I,3,85.89
2025-11-20,9:30:36.078584663,T,TGT,F I,9,85.92
2025-11-20,9:30:36.078629846,T,TGT,,100,85.89
2025-11-20,9:30:36.079372805,T,TGT,I,20,85.92
2025-11-20,9:30:36.079375508,T,TGT,I,13,85.92
2025-11-20,9:30:36.079649477,T,TGT,I,75,85.92
2025-11-20,9:30:36.079649477,T,TGT,I,25,85.92
2025-11-20,9:30:36.080891124,T,TGT,I,13,85.95
2025-11-20,9:30:36.080924346,T,TGT,,100,85.95
2025-11-20,9:30:36.080924346,T,TGT,I,2,85.94
2025-11-20,9:30:36.080927209,T,TGT,I,98,85.92
2025-11-20,9:30:36.082069957,T,TGT,I,29,85.96
2025-11-20,9:30:36.082380216,T,TGT,I,14,85.94
2025-11-20,9:30:36.082382704,T,TGT,I,2,85.94
2025-11-20,9:30:36.083083436,T,TGT,I,12,85.96
2025-11-20,9:30:36.083089475,T,TGT,,100,85.96
2025-11-20,9:30:36.083089475,T,TGT,I,23,85.96
2025-11-20,9:30:36.083089475,T,TGT,I,35,85.96
2025-11-20,9:30:36.083092616,T,TGT,I,36,85.96
2025-11-20,9:30:36.083140501,T,TGT,,100,85.93
2025-11-20,9:30:36.084361393,T,TGT,I,35,85.98
2025-11-20,9:30:36.084361393,T,TGT,I,27,85.98
2025-11-20,9:30:36.084463662,T,TGT,I,68,85.94
2025-11-20,9:30:36.263209543,T,TGT,I,25,85.97
2025-11-20,9:30:36.263209543,T,TGT,I,68,85.98
2025-11-20,9:30:36.263212809,T,TGT,I,29,85.98
2025-11-20,9:30:36.263215472,T,TGT,I,11,85.98
2025-11-20,9:30:36.263218469,T,TGT,F I,25,85.98
2025-11-20,9:30:37.802516601,T,TGT,F I,25,86.01
2025-11-20,9:30:37.803009809,T,TGT,I,25,86.03
2025-11-20,9:30:37.803033914,T,TGT,I,25,86.02
2025-11-20,9:30:37.803740588,T,TGT,I,48,86.06
2025-11-20,9:30:37.803747241,T,TGT,I,52,86.06
2025-11-20,9:30:37.803747241,T,TGT,,150,86.06
2025-11-20,9:30:37.803750069,T,TGT,I,27,86.06
2025-11-20,9:30:37.803764691,T,TGT,I,1,86.06
2025-11-20,9:30:37.803776650,T,TGT,F I,8,86.06
2025-11-20,9:30:37.803776650,T,TGT,F I,27,86.06
2025-11-20,9:30:37.803812815,T,TGT,F I,86,86.07
2025-11-20,9:30:37.804122541,T,TGT,F I,36,86.08
2025-11-20,9:30:37.804155571,T,TGT,F I,8,86.09
2025-11-20,9:30:37.804158558,T,TGT,F I,13,86.09
2025-11-20,9:30:37.804161544,T,TGT,F I,21,86.09
2025-11-20,9:30:37.804179590,T,TGT,,100,86.04
2025-11-20,9:30:37.804179590,T,TGT,F I,15,86.09
2025-11-20,9:30:37.804233786,T,TGT,I,29,86.04
2025-11-20,9:30:37.804275870,T,TGT,F,100,86.04
2025-11-20,9:30:37.804296867,T,TGT,F I,14,86.06
2025-11-20,9:30:37.804302980,T,TGT,F I,36,86.07
2025-11-20,9:30:37.804305987,T,TGT,I,29,86.04
2025-11-20,9:30:37.804320953,T,TGT,F I,21,86.06
2025-11-20,9:30:37.804341987,T,TGT,I,79,86.06
2025-11-20,9:30:37.804369827,T,TGT,I,18,86.05
2025-11-20,9:30:37.804369827,T,TGT,I,25,86.05
2025-11-20,9:30:37.804372137,T,TGT,I,14,86.04
2025-11-20,9:30:37.804414231,T,TGT,I,14,86.05
2025-11-20,9:30:37.804444829,T,TGT,I,29,86.03
2025-11-20,9:30:37.804532085,T,TGT,I,18,86.05
2025-11-20,9:30:37.804532085,T,TGT,I,32,86.05
2025-11-20,9:30:37.804534482,T,TGT,I,25,86.05
2025-11-20,9:30:37.804537448,T,TGT,I,25,86.05
2025-11-20,9:30:37.804558909,T,TGT,F I,11,86.05
2025-11-20,9:30:37.804558909,T,TGT,F I,25,86.05
2025-11-20,9:30:37.804562072,T,TGT,I,36,86.02
2025-11-20,9:30:37.804562072,T,TGT,I,14,85.99
2025-11-20,9:30:37.804564528,T,TGT,I,10,85.99
2025-11-20,9:30:37.804576738,T,TGT,I,75,86.05
2025-11-20,9:30:37.804576738,T,TGT,I,25,86.05
2025-11-20,9:30:37.804588948,T,TGT,I,18,86.03
2025-11-20,9:30:37.804593073,T,TGT,I,1,86.03
2025-11-20,9:30:37.804593073,T,TGT,I,17,86.03
2025-11-20,9:30:37.804594574,T,TGT,I,8,86.03
2025-11-20,9:30:37.804600634,T,TGT,F I,21,86.02
2025-11-20,9:30:37.804606621,T,TGT,F I,46,86.02
2025-11-20,9:30:37.804609646,T,TGT,F I,13,86.05
2025-11-20,9:30:37.804630980,T,TGT,F I,24,86.05
2025-11-20,9:30:37.804634425,T,TGT,F I,36,86.05
2025-11-20,9:30:37.804723909,T,TGT,F I,21,86.05
2025-11-20,9:30:37.804817128,T,TGT,F I,13,86.05
2025-11-20,9:30:37.804820114,T,TGT,F I,28,86.05
2025-11-20,9:30:37.804820114,T,TGT,F I,2,86.05
2025-11-20,9:30:37.804829239,T,TGT,F I,34,86.05
2025-11-20,9:30:37.804841357,T,TGT,F I,18,86.05
2025-11-20,9:30:37.804919394,T,TGT,I,18,86.03
2025-11-20,9:30:37.804919394,T,TGT,I,13,86.02
2025-11-20,9:30:37.807917863,T,TGT,I,13,86.05
2025-11-20,9:30:37.807917863,T,TGT,I,1,86.06
2025-11-20,9:30:37.807920587,T,TGT,I,13,86.06
2025-11-20,9:30:37.807971723,T,TGT,I,14,86.04
2025-11-20,9:30:37.870746231,T,TGT,I,14,86.06
2025-11-20,9:30:38.352334603,T,TGT,I,48,86.11
2025-11-20,9:30:38.352854749,T,TGT,F I,25,86.11
2025-11-20,9:30:41.726138151,T,TGT,F I,25,86.125
2025-11-20,9:30:43.043543643,T,TGT,F I,25,86.21
2025-11-20,9:30:43.852675371,T,TGT,I,25,86.23
2025-11-20,9:30:43.852705528,T,TGT,I,26,86.18
2025-11-20,9:30:43.853000162,T,TGT,I,49,86.16
2025-11-20,9:30:43.853021176,T,TGT,,118,86.2
2025-11-20,9:30:43.853033110,T,TGT,I,15,86.2
2025-11-20,9:30:43.858671628,T,TGT,I,57,86.22
2025-11-20,9:30:43.858818975,T,TGT,F I,89,86.18
2025-11-20,9:30:43.859877947,T,TGT,,100,86.21
2025-11-20,9:30:43.859877947,T,TGT,I,65,86.22
2025-11-20,9:30:43.859880464,T,TGT,I,24,86.22
2025-11-20,9:30:43.859883537,T,TGT,I,65,86.22
2025-11-20,9:30:43.861113413,T,TGT,I,76,86.23
2025-11-20,9:30:43.861116449,T,TGT,,100,86.23
2025-11-20,9:30:43.861155567,T,TGT,F I,49,86.2
2025-11-20,9:30:43.861203741,T,TGT,I,27,86.17
2025-11-20,9:30:43.861203741,T,TGT,I,13,86.17
2025-11-20,9:30:43.861931415,T,TGT,F I,27,86.16
2025-11-20,9:30:43.861958992,T,TGT,F I,27,86.15
2025-11-20,9:30:43.861964569,T,TGT,F I,13,86.15
2025-11-20,9:30:43.861967471,T,TGT,F I,53,86.15
2025-11-20,9:30:43.861967471,T,TGT,F I,13,86.15
2025-11-20,9:30:43.862015540,T,TGT,F I,27,86.14
2025-11-20,9:30:43.862066661,T,TGT,I,27,86.13
2025-11-20,9:30:43.874859169,T,TGT,,143,86.09
2025-11-20,9:30:43.874877720,T,TGT,I,1,86.09
2025-11-20,9:30:43.874880246,T,TGT,I,26,86.09
2025-11-20,9:30:43.874886740,T,TGT,I,22,86.09
2025-11-20,9:30:43.874886740,T,TGT,I,32,86.09
2025-11-20,9:30:43.874889270,T,TGT,I,33,86.09
2025-11-20,9:30:43.874889270,T,TGT,I,34,86.09
2025-11-20,9:30:46.063458246,T,TGT,I,25,86.13
2025-11-20,9:30:54.374463075,T,TGT,I,25,86.2
2025-11-20,9:30:54.374463075,T,TGT,I,19,86.23
2025-11-20,9:30:54.737620266,T,TGT,I,25,86.23
2025-11-20,9:30:56.509902156,T,TGT,,100,86.29
2025-11-20,9:30:56.509902156,T,TGT,I,6,86.31
2025-11-20,9:30:56.509905130,T,TGT,I,30,86.31
2025-11-20,9:30:56.509908136,T,TGT,I,31,86.31
2025-11-20,9:30:56.509908136,T,TGT,I,33,86.32
2025-11-20,9:30:56.509910530,T,TGT,I,67,86.32
2025-11-20,9:30:56.509964563,T,TGT,F,100,86.28
2025-11-20,9:30:56.515927847,T,TGT,F I,75,86.25
2025-11-20,9:30:56.515972900,T,TGT,F I,25,86.25
2025-11-20,9:30:56.516135650,T,TGT,F I,12,86.24
2025-11-20,9:30:56.516135650,T,TGT,F,100,86.24
2025-11-20,9:30:56.516141273,T,TGT,F,100,86.24
2025-11-20,9:30:56.516180396,T,TGT,F I,25,86.23
2025-11-20,9:30:56.516192393,T,TGT,I,75,86.24
2025-11-20,9:30:56.516195455,T,TGT,I,25,86.27
2025-11-20,9:30:56.516920808,T,TGT,I,30,86.25
2025-11-20,9:30:56.516923459,T,TGT,I,14,86.25
2025-11-20,9:30:56.516926198,T,TGT,I,17,86.25
2025-11-20,9:30:56.516926198,T,TGT,I,12,86.25
2025-11-20,9:30:56.516971243,T,TGT,F I,25,86.25
2025-11-20,9:30:56.516974295,T,TGT,F,100,86.25
2025-11-20,9:30:56.524426108,T,TGT,,100,86.28
2025-11-20,9:30:56.717633366,T,TGT,F I,3,86.28
2025-11-20,9:31:00.656705643,T,TGT,F I,3,86.23
2025-11-20,9:31:02.150478357,T,TGT,I,2,86.235
2025-11-20,9:31:02.150493337,T,TGT,I,3,86.27
2025-11-20,9:31:02.150511343,T,TGT,F I,75,86.235
2025-11-20,9:31:02.150604644,T,TGT,F I,75,86.235
2025-11-20,9:31:02.205464361,T,TGT,I,3,86.3
2025-11-20,9:31:02.414889184,T,TGT,I,5,86.29
2025-11-20,9:31:02.416371940,T,TGT,I,50,86.235
2025-11-20,9:31:03.624427752,T,TGT,I,6,86.32
2025-11-20,9:31:03.624427752,T,TGT,I,97,86.32
2025-11-20,9:31:03.624668354,T,TGT,I,67,86.32
2025-11-20,9:31:03.624806637,T,TGT,I,1,86.33
2025-11-20,9:31:03.624812671,T,TGT,,100,86.33
2025-11-20,9:31:03.626881595,T,TGT,,100,86.4
2025-11-20,9:31:03.626881595,T,TGT,I,13,86.4
2025-11-20,9:31:03.627546165,T,TGT,I,5,86.43
2025-11-20,9:31:03.729034964,T,TGT,I,50,86.39
2025-11-20,9:31:07.599703416,T,TGT,F I,6,86.29
2025-11-20,9:31:07.599706333,T,TGT,F I,44,86.29
2025-11-20,9:31:09.538367907,T,TGT,F I,2,86.26
2025-11-20,9:31:09.538382877,T,TGT,I,2,86.32
2025-11-20,9:31:09.538425711,T,TGT,I,25,86.29
2025-11-20,9:31:09.538428036,T,TGT,I,50,86.31
2025-11-20,9:31:09.538456016,T,TGT,F I,50,86.26
2025-11-20,9:31:09.538464108,T,TGT,F,100,86.25
2025-11-20,9:31:09.538906711,T,TGT,,100,86.29
2025-11-20,9:31:09.538909100,T,TGT,I,25,86.25
2025-11-20,9:31:09.538954280,T,TGT,F I,27,86.27
2025-11-20,9:31:09.539017355,T,TGT,I,6,86.27
2025-11-20,9:31:09.539186465,T,TGT,I,81,86.29
2025-11-20,9:31:09.539257949,T,TGT,I,45,86.28
2025-11-20,9:31:09.540121076,T,TGT,I,28,86.28
2025-11-20,9:31:09.543874585,T,TGT,I,72,86.28
2025-11-20,9:31:09.543874585,T,TGT,I,18,86.29
2025-11-20,9:31:09.543880364,T,TGT,I,29,86.29
2025-11-20,9:31:09.543880364,T,TGT,I,29,86.29
2025-11-20,9:31:09.543882987,T,TGT,I,29,86.29
2025-11-20,9:31:09.543882987,T,TGT,I,6,86.29
2025-11-20,9:31:09.543910062,T,TGT,I,45,86.29
2025-11-20,9:31:09.543913650,T,TGT,I,4,86.29
2025-11-20,9:31:09.543919140,T,TGT,,100,86.29
2025-11-20,9:31:09.543922122,T,TGT,,112,86.29
2025-11-20,9:31:09.543925127,T,TGT,I,39,86.29
2025-11-20,9:31:09.543925127,T,TGT,I,67,86.29
2025-11-20,9:31:09.543925127,T,TGT,I,19,86.29
2025-11-20,9:31:09.543967138,T,TGT,I,20,86.28
2025-11-20,9:31:09.543967138,T,TGT,I,19,86.28
2025-11-20,9:31:09.543970650,T,TGT,I,61,86.27
2025-11-20,9:31:09.543970650,T,TGT,F I,39,86.27
2025-11-20,9:31:09.544003451,T,TGT,I,50,86.28
2025-11-20,9:31:09.544006981,T,TGT,I,50,86.28
2025-11-20,9:31:09.544006981,T,TGT,I,1,86.28
2025-11-20,9:31:09.544012359,T,TGT,I,96,86.28
2025-11-20,9:31:09.544021298,T,TGT,I,4,86.28
2025-11-20,9:31:09.544021298,T,TGT,I,49,86.29
2025-11-20,9:31:09.544051339,T,TGT,I,2,86.28
2025-11-20,9:31:09.544051339,T,TGT,I,98,86.27
2025-11-20,9:31:09.544051339,T,TGT,I,2,86.27
2025-11-20,9:31:09.544054939,T,TGT,I,98,86.26
2025-11-20,9:31:09.544073021,T,TGT,I,2,86.27
2025-11-20,9:31:09.544111574,T,TGT,F I,2,86.26
2025-11-20,9:31:09.544141602,T,TGT,I,25,86.23
2025-11-20,9:31:09.544264932,T,TGT,I,13,86.23
2025-11-20,9:31:09.544325099,T,TGT,F I,15,86.25
2025-11-20,9:31:09.544343771,T,TGT,F I,57,86.25
2025-11-20,9:31:09.544346491,T,TGT,F I,93,86.25
2025-11-20,9:31:09.544358283,T,TGT,F I,57,86.25
2025-11-20,9:31:09.544382183,T,TGT,F I,15,86.25
2025-11-20,9:31:09.544391212,T,TGT,F I,6,86.25
2025-11-20,9:31:09.544394294,T,TGT,I,13,86.22
2025-11-20,9:31:09.544400226,T,TGT,F I,2,86.25
2025-11-20,9:31:09.544460509,T,TGT,F I,12,86.23
2025-11-20,9:31:09.544460509,T,TGT,F I,39,86.23
2025-11-20,9:31:09.544463485,T,TGT,F,100,86.23
2025-11-20,9:31:09.544466697,T,TGT,F,100,86.23
2025-11-20,9:31:09.544466697,T,TGT,F I,98,86.23
2025-11-20,9:31:09.544470140,T,TGT,F I,2,86.23
2025-11-20,9:31:09.544470140,T,TGT,F,100,86.23
2025-11-20,9:31:09.544472467,T,TGT,F,225,86.25
2025-11-20,9:31:09.544481442,T,TGT,I,1,86.23
2025-11-20,9:31:09.544494087,T,TGT,F I,12,86.23
2025-11-20,9:31:09.544544809,T,TGT,F I,39,86.23
2025-11-20,9:31:09.544548695,T,TGT,F I,48,86.23
2025-11-20,9:31:09.544548695,T,TGT,F I,22,86.23
2025-11-20,9:31:09.544554003,T,TGT,F I,30,86.23
2025-11-20,9:31:09.544554003,T,TGT,F,100,86.22
2025-11-20,9:31:09.544557884,T,TGT,F I,70,86.23
2025-11-20,9:31:09.544557884,T,TGT,F I,54,86.23
2025-11-20,9:31:09.544562709,T,TGT,F I,24,86.23
2025-11-20,9:31:09.544562709,T,TGT,F I,88,86.23
2025-11-20,9:31:09.544562709,T,TGT,F I,12,86.23
2025-11-20,9:31:09.544567471,T,TGT,F,100,86.23
2025-11-20,9:31:09.544567471,T,TGT,F I,86,86.23
2025-11-20,9:31:09.544571727,T,TGT,F I,14,86.23
2025-11-20,9:31:09.544571727,T,TGT,F I,2,86.23
2025-11-20,9:31:09.544571727,T,TGT,F I,1,86.23
2025-11-20,9:31:09.544574591,T,TGT,F,100,86.23
2025-11-20,9:31:09.544574591,T,TGT,I,13,86.22
2025-11-20,9:31:09.544574591,T,TGT,F I,49,86.23
2025-11-20,9:31:09.544671045,T,TGT,F,100,86.23
2025-11-20,9:31:09.544673871,T,TGT,F I,30,86.23
2025-11-20,9:31:09.544673871,T,TGT,F I,63,86.23
2025-11-20,9:31:09.544707006,T,TGT,F,112,86.23
2025-11-20,9:31:09.544712932,T,TGT,F,112,86.23
2025-11-20,9:31:09.544718951,T,TGT,F,112,86.23
2025-11-20,9:31:09.544749005,T,TGT,,600,86.23
2025-11-20,9:31:09.544764119,T,TGT,F I,16,86.23
2025-11-20,9:31:09.544767136,T,TGT,F I,13,86.25
2025-11-20,9:31:09.544770348,T,TGT,F,100,86.25
2025-11-20,9:31:09.544770348,T,TGT,F,100,86.25
2025-11-20,9:31:09.544773102,T,TGT,F I,9,86.25
2025-11-20,9:31:09.544779167,T,TGT,,100,86.22
2025-11-20,9:31:09.544794145,T,TGT,I,15,86.23
2025-11-20,9:31:09.544800147,T,TGT,I,1,86.23
2025-11-20,9:31:09.544932941,T,TGT,I,84,86.23
2025-11-20,9:31:09.544936193,T,TGT,,100,86.23
2025-11-20,9:31:09.544938611,T,TGT,,100,86.23
2025-11-20,9:31:09.544938611,T,TGT,I,2,86.23
2025-11-20,9:31:09.545028682,T,TGT,I,13,86.23
2025-11-20,9:31:09.545028682,T,TGT,I,11,86.23
2025-11-20,9:31:09.545031675,T,TGT,I,13,86.23
2025-11-20,9:31:09.545119138,T,TGT,I,7,86.23
2025-11-20,9:31:09.545119138,T,TGT,I,26,86.23
2025-11-20,9:31:09.545251197,T,TGT,,100,86.23
2025-11-20,9:31:09.545308430,T,TGT,F I,46,86.23
2025-11-20,9:31:09.545377728,T,TGT,F I,54,86.23
2025-11-20,9:31:09.545377728,T,TGT,F I,46,86.23
2025-11-20,9:31:09.545380621,T,TGT,F I,54,86.23
2025-11-20,9:31:09.545588062,T,TGT,F,100,86.25
2025-11-20,9:31:09.545588062,T,TGT,F,100,86.25
2025-11-20,9:31:09.545642300,T,TGT,,100,86.24
2025-11-20,9:31:09.545645205,T,TGT,I,27,86.24
2025-11-20,9:31:09.545771550,T,TGT,I,13,86.23
2025-11-20,9:31:09.545775072,T,TGT,,100,86.23
2025-11-20,9:31:09.545912857,T,TGT,I,1,86.24
2025-11-20,9:31:09.545912857,T,TGT,I,19,86.24
2025-11-20,9:31:09.545915803,T,TGT,I,27,86.24
2025-11-20,9:31:09.545918862,T,TGT,I,29,86.24
2025-11-20,9:31:09.546027373,T,TGT,I,29,86.24
2025-11-20,9:31:09.546027373,T,TGT,I,57,86.24
2025-11-20,9:31:09.546048188,T,TGT,I,7,86.24
2025-11-20,9:31:09.546078266,T,TGT,,100,86.22
2025-11-20,9:31:09.546183897,T,TGT,I,1,86.23
2025-11-20,9:31:09.546183897,T,TGT,I,21,86.22
2025-11-20,9:31:09.546186459,T,TGT,I,27,86.22
2025-11-20,9:31:09.546189463,T,TGT,I,64,86.21
2025-11-20,9:31:09.546264614,T,TGT,I,21,86.23
2025-11-20,9:31:09.546264614,T,TGT,I,28,86.23
2025-11-20,9:31:09.546268144,T,TGT,,100,86.23
2025-11-20,9:31:09.546282717,T,TGT,F I,13,86.23
2025-11-20,9:31:09.546402993,T,TGT,F I,35,86.24
2025-11-20,9:31:09.546460139,T,TGT,I,35,86.22
2025-11-20,9:31:09.546580391,T,TGT,F I,2,86.23
2025-11-20,9:31:09.546697704,T,TGT,I,12,86.24
2025-11-20,9:31:09.546700651,T,TGT,I,2,86.24
2025-11-20,9:31:09.546718777,T,TGT,F I,13,86.23
2025-11-20,9:31:09.546749139,T,TGT,,100,86.22
2025-11-20,9:31:09.546751780,T,TGT,I,13,86.22
2025-11-20,9:31:09.546803175,T,TGT,I,39,86.23
2025-11-20,9:31:09.546803175,T,TGT,I,26,86.24
2025-11-20,9:31:09.546833007,T,TGT,I,35,86.24
2025-11-20,9:31:09.547035738,T,TGT,I,61,86.24
2025-11-20,9:31:09.547040545,T,TGT,I,4,86.24
2025-11-20,9:31:09.547040545,T,TGT,I,8,86.24
2025-11-20,9:31:09.547040545,T,TGT,I,27,86.23
2025-11-20,9:31:09.547166771,T,TGT,F I,2,86.24
2025-11-20,9:31:09.547194320,T,TGT,I,73,86.23
2025-11-20,9:31:09.547194320,T,TGT,I,13,86.23
2025-11-20,9:31:09.547236006,T,TGT,F,100,86.23
2025-11-20,9:31:09.547241983,T,TGT,I,2,86.23
2025-11-20,9:31:09.547290095,T,TGT,,100,86.2
2025-11-20,9:31:09.547293069,T,TGT,I,13,86.2
2025-11-20,9:31:09.547335209,T,TGT,F I,2,86.22
2025-11-20,9:31:09.547341597,T,TGT,F I,2,86.22
2025-11-20,9:31:09.547359258,T,TGT,F I,13,86.22
2025-11-20,9:31:09.547368825,T,TGT,F I,83,86.22
2025-11-20,9:31:09.547371677,T,TGT,F I,13,86.22
2025-11-20,9:31:09.547621564,T,TGT,I,4,86.23
2025-11-20,9:31:09.547624103,T,TGT,I,25,86.23
2025-11-20,9:31:09.547624103,T,TGT,I,2,86.23
2025-11-20,9:31:09.547669805,T,TGT,F,100,86.23
2025-11-20,9:31:09.547671974,T,TGT,F I,33,86.23
2025-11-20,9:31:09.547720133,T,TGT,I,92,86.23
2025-11-20,9:31:09.547723161,T,TGT,I,27,86.23
2025-11-20,9:31:09.547768245,T,TGT,F,100,86.23
2025-11-20,9:31:09.547816402,T,TGT,F,100,86.2
2025-11-20,9:31:09.547816402,T,TGT,F I,13,86.2
2025-11-20,9:31:09.547930578,T,TGT,I,42,86.23
2025-11-20,9:31:09.547930578,T,TGT,I,13,86.23
2025-11-20,9:31:09.548074990,T,TGT,I,13,86.23
2025-11-20,9:31:09.548270910,T,TGT,I,8,86.23
2025-11-20,9:31:09.548273446,T,TGT,I,13,86.23
2025-11-20,9:31:09.548408772,T,TGT,I,4,86.23
2025-11-20,9:31:09.548408772,T,TGT,,100,86.2
2025-11-20,9:31:09.548411780,T,TGT,I,9,86.2
2025-11-20,9:31:09.548977171,T,TGT,,100,86.22
2025-11-20,9:31:09.548980317,T,TGT,I,8,86.22
2025-11-20,9:31:09.548980317,T,TGT,I,14,86.22
2025-11-20,9:31:09.549295905,T,TGT,I,13,86.21
2025-11-20,9:31:09.549295905,T,TGT,I,27,86.21
2025-11-20,9:31:09.549295905,T,TGT,,100,86.21
2025-11-20,9:31:09.551415908,T,TGT,I,12,86.19
2025-11-20,9:31:09.551418969,T,TGT,I,13,86.19
2025-11-20,9:31:09.551755767,T,TGT,F I,1,86.2
2025-11-20,9:31:09.551755767,T,TGT,F I,14,86.2
2025-11-20,9:31:09.551758734,T,TGT,F,229,86.2
2025-11-20,9:31:09.551806871,T,TGT,,100,86.17
2025-11-20,9:31:09.551845943,T,TGT,I,13,86.17
2025-11-20,9:31:09.551951312,T,TGT,F,100,86.16
2025-11-20,9:31:09.551984514,T,TGT,I,12,86.15
2025-11-20,9:31:09.551984514,T,TGT,I,13,86.15
2025-11-20,9:31:09.552054076,T,TGT,,100,86.18
2025-11-20,9:31:09.552056546,T,TGT,I,27,86.18
2025-11-20,9:31:09.552059501,T,TGT,I,26,86.18
2025-11-20,9:31:09.552081444,T,TGT,I,74,86.18
2025-11-20,9:31:09.552081444,T,TGT,I,13,86.18
2025-11-20,9:31:09.552110571,T,TGT,,100,86.17
2025-11-20,9:31:09.552140859,T,TGT,F I,13,86.18
2025-11-20,9:31:09.552254926,T,TGT,,100,86.17
2025-11-20,9:31:09.552257922,T,TGT,I,1,86.17
2025-11-20,9:31:09.552390302,T,TGT,F I,25,86.18
2025-11-20,9:31:09.552420350,T,TGT,I,1,86.18
2025-11-20,9:31:09.552477653,T,TGT,I,12,86.17
2025-11-20,9:31:09.553241242,T,TGT,I,15,86.17
2025-11-20,9:31:09.553244870,T,TGT,I,27,86.17
2025-11-20,9:31:09.553244870,T,TGT,I,13,86.17
2025-11-20,9:31:09.553247261,T,TGT,I,1,86.17
2025-11-20,9:31:09.553310421,T,TGT,,100,86.16
2025-11-20,9:31:09.553310421,T,TGT,I,13,86.16
2025-11-20,9:31:09.553418722,T,TGT,,100,86.18
2025-11-20,9:31:09.553464102,T,TGT,I,13,86.16
2025-11-20,9:31:09.553505942,T,TGT,I,27,86.16
2025-11-20,9:31:09.553509508,T,TGT,I,16,86.16
2025-11-20,9:31:09.553659268,T,TGT,I,13,86.16
2025-11-20,9:31:09.553707433,T,TGT,I,14,86.17
2025-11-20,9:31:09.553713424,T,TGT,F I,4,86.17
2025-11-20,9:31:09.553779604,T,TGT,I,6,86.17
2025-11-20,9:31:09.553857746,T,TGT,I,94,86.17
2025-11-20,9:31:09.553857746,T,TGT,I,3,86.17
2025-11-20,9:31:09.553860748,T,TGT,,100,86.17
2025-11-20,9:31:09.553860748,T,TGT,I,4,86.17
2025-11-20,9:31:09.553948615,T,TGT,I,3,86.17
2025-11-20,9:31:09.553951109,T,TGT,I,14,86.17
2025-11-20,9:31:09.553954040,T,TGT,I,2,86.17
2025-11-20,9:31:09.554047262,T,TGT,I,2,86.17
2025-11-20,9:31:09.554047262,T,TGT,,100,86.17
2025-11-20,9:31:09.554423102,T,TGT,I,13,86.2
2025-11-20,9:31:09.554522370,T,TGT,I,1,86.19
2025-11-20,9:31:09.554522370,T,TGT,I,13,86.19
2025-11-20,9:31:09.557358144,T,TGT,I,19,86.19
2025-11-20,9:31:09.557388865,T,TGT,I,31,86.21
2025-11-20,9:31:09.557388865,T,TGT,I,32,86.21
2025-11-20,9:31:09.557391165,T,TGT,I,13,86.21
2025-11-20,9:31:09.587763753,T,TGT,F I,25,86.26
2025-11-20,9:31:09.587763753,T,TGT,F I,13,86.26
2025-11-20,9:31:09.587766644,T,TGT,F I,18,86.26
2025-11-20,9:31:09.587766644,T,TGT,F I,17,86.26
2025-11-20,9:31:10.202166236,T,TGT,F I,25,86.25
2025-11-20,9:31:10.578705310,T,TGT,F I,2,86.25
2025-11-20,9:31:10.581667327,T,TGT,F I,25,86.19
2025-11-20,9:31:10.581704274,T,TGT,F I,75,86.18
2025-11-20,9:31:10.581742776,T,TGT,F I,25,86.18
2025-11-20,9:31:10.581742776,T,TGT,F I,50,86.18
2025-11-20,9:31:10.581784669,T,TGT,F I,50,86.18
2025-11-20,9:31:10.584082157,T,TGT,F I,20,86.17
2025-11-20,9:31:10.593915575,T,TGT,F I,1,86.14
2025-11-20,9:31:13.797354282,T,TGT,F I,1,86.15
2025-11-20,9:31:21.524100223,T,TGT,F,100,86.25
2025-11-20,9:31:25.762027362,T,TGT,F I,50,86.2
2025-11-20,9:31:25.762033908,T,TGT,F I,8,86.2
2025-11-20,9:31:25.762033908,T,TGT,F I,1,86.2
2025-11-20,9:31:25.762454445,T,TGT,F I,1,86.23
2025-11-20,9:31:27.126771779,T,TGT,I,7,86.1
2025-11-20,9:31:27.126774725,T,TGT,I,50,86.1
2025-11-20,9:31:27.126834858,T,TGT,I,25,86.14
2025-11-20,9:31:27.126834858,T,TGT,I,23,86.15
2025-11-20,9:31:27.126850102,T,TGT,I,47,86.15
2025-11-20,9:31:27.126850102,T,TGT,I,23,86.15
2025-11-20,9:31:27.126873991,T,TGT,F I,47,86.14
2025-11-20,9:31:27.126904057,T,TGT,F I,3,86.14
2025-11-20,9:31:27.126943164,T,TGT,F I,25,86.14
2025-11-20,9:31:27.126943164,T,TGT,F I,22,86.15
2025-11-20,9:31:27.126994204,T,TGT,F I,28,86.15
2025-11-20,9:31:27.127276971,T,TGT,I,70,86.14
2025-11-20,9:31:27.127276971,T,TGT,I,30,86.14
2025-11-20,9:31:27.127337072,T,TGT,F I,15,86.15
2025-11-20,9:31:27.127367133,T,TGT,F I,3,86.15
2025-11-20,9:31:27.127376145,T,TGT,I,13,86.15
2025-11-20,9:31:27.127382936,T,TGT,I,2,86.15
2025-11-20,9:31:27.127382936,T,TGT,I,2,86.15
2025-11-20,9:31:27.127385568,T,TGT,I,13,86.15
2025-11-20,9:31:27.127385568,T,TGT,F I,13,86.14
2025-11-20,9:31:27.127412842,T,TGT,F I,23,86.16
2025-11-20,9:31:27.127484662,T,TGT,F I,50,86.14
2025-11-20,9:31:27.127484662,T,TGT,F I,2,86.14
2025-11-20,9:31:27.127487393,T,TGT,F I,13,86.14
2025-11-20,9:31:27.128609759,T,TGT,I,11,86.18
2025-11-20,9:31:27.128609759,T,TGT,I,23,86.19
2025-11-20,9:31:27.128609759,T,TGT,I,45,86.19
2025-11-20,9:31:27.128612241,T,TGT,I,13,86.19
2025-11-20,9:31:27.128615161,T,TGT,,100,86.19
2025-11-20,9:31:27.766933879,T,TGT,I,4,86.18
2025-11-20,9:31:27.766933879,T,TGT,I,18,86.18
2025-11-20,9:31:27.766936840,T,TGT,I,50,86.18
2025-11-20,9:31:27.766940189,T,TGT,I,27,86.18
2025-11-20,9:31:27.766940189,T,TGT,I,27,86.18
2025-11-20,9:31:27.766943054,T,TGT,I,28,86.18
2025-11-20,9:31:27.767075143,T,TGT,I,50,86.18
2025-11-20,9:31:35.921223314,T,TGT,F I,50,86.15
2025-11-20,9:31:36.193164182,T,TGT,I,20,86.13
2025-11-20,9:31:36.193167194,T,TGT,I,50,86.13
2025-11-20,9:31:36.193173245,T,TGT,I,18,86.13
2025-11-20,9:31:36.193173245,T,TGT,I,6,86.13
2025-11-20,9:31:36.193176256,T,TGT,I,26,86.13
2025-11-20,9:31:36.193221288,T,TGT,I,20,86.15
2025-11-20,9:31:36.194102446,T,TGT,I,26,86.11
2025-11-20,9:31:36.194385120,T,TGT,F I,75,86.11
2025-11-20,9:31:36.194391078,T,TGT,I,25,86.11
2025-11-20,9:31:36.194391078,T,TGT,I,75,86.1
2025-11-20,9:31:36.652887805,T,TGT,I,25,86.1
2025-11-20,9:31:36.652887805,T,TGT,I,26,86.1
2025-11-20,9:31:38.925771294,T,TGT,F I,50,86.13
2025-11-20,9:31:42.506693257,T,TGT,F I,2,86.16
2025-11-20,9:31:42.506711333,T,TGT,F,100,86.18
2025-11-20,9:31:42.506903801,T,TGT,F I,2,86.19
2025-11-20,9:31:42.507550283,T,TGT,I,2,86.22
2025-11-20,9:31:43.587678593,T,TGT,F I,50,86.3
2025-11-20,9:31:43.592880961,T,TGT,I,50,86.37
2025-11-20,9:31:43.592880961,T,TGT,I,13,86.37
2025-11-20,9:31:45.418692743,T,TGT,I,2,86.45
2025-11-20,9:31:45.419959014,T,TGT,F,1000,86.5
2025-11-20,9:31:45.419959014,T,TGT,F,200,86.5
2025-11-20,9:31:45.419964754,T,TGT,F,310,86.5
2025-11-20,9:31:45.419964754,T,TGT,F,180,86.5
2025-11-20,9:31:45.419967823,T,TGT,F,202,86.5
2025-11-20,9:31:45.420521220,T,TGT,F I,1,86.49
2025-11-20,9:31:45.420524115,T,TGT,F I,99,86.49
2025-11-20,9:31:45.420531002,T,TGT,F I,55,86.48
2025-11-20,9:31:45.420539166,T,TGT,F I,45,86.48
2025-11-20,9:31:45.420542128,T,TGT,F I,25,86.47
2025-11-20,9:31:45.420545146,T,TGT,F I,27,86.47
2025-11-20,9:31:45.420548973,T,TGT,F I,3,86.47
2025-11-20,9:31:45.420641375,T,TGT,F,100,86.46
2025-11-20,9:31:45.420767822,T,TGT,I,55,86.46
2025-11-20,9:31:45.420767822,T,TGT,I,45,86.46
2025-11-20,9:31:45.420773779,T,TGT,,100,86.47
2025-11-20,9:31:45.420773779,T,TGT,I,14,86.47
2025-11-20,9:31:45.420777527,T,TGT,I,1,86.47
2025-11-20,9:31:45.420777527,T,TGT,I,13,86.47
2025-11-20,9:31:45.420780083,T,TGT,I,62,86.47
2025-11-20,9:31:45.420873329,T,TGT,I,28,86.47
2025-11-20,9:31:45.420873329,T,TGT,I,40,86.47
2025-11-20,9:31:45.420881957,T,TGT,I,1,86.47
2025-11-20,9:31:45.421152991,T,TGT,F I,13,86.45
2025-11-20,9:31:45.423086727,T,TGT,F I,54,86.46
2025-11-20,9:31:45.423096282,T,TGT,I,12,86.46
2025-11-20,9:31:45.423096282,T,TGT,I,13,86.46
2025-11-20,9:31:45.423101253,T,TGT,I,71,86.46
2025-11-20,9:31:45.423113247,T,TGT,I,17,86.46
2025-11-20,9:31:45.423134299,T,TGT,I,14,86.46
2025-11-20,9:31:45.423134299,T,TGT,I,2,86.46
2025-11-20,9:31:45.433021870,T,TGT,F I,10,86.51
2025-11-20,9:31:45.433025500,T,TGT,F I,3,86.51
2025-11-20,9:31:45.433025500,T,TGT,F I,2,86.51
2025-11-20,9:31:45.433028173,T,TGT,F I,15,86.51
2025-11-20,9:31:45.433033930,T,TGT,F I,6,86.51
2025-11-20,9:31:45.433033930,T,TGT,F I,24,86.51
2025-11-20,9:31:45.433876098,T,TGT,F,155,86.48
2025-11-20,9:31:45.434068383,T,TGT,I,63,86.48
2025-11-20,9:31:45.434074375,T,TGT,I,12,86.48
2025-11-20,9:31:45.434077518,T,TGT,I,75,86.48
2025-11-20,9:31:45.434080421,T,TGT,I,13,86.48
2025-11-20,9:31:45.434080421,T,TGT,I,10,86.48
2025-11-20,9:31:45.434083380,T,TGT,I,24,86.49
2025-11-20,9:31:45.434083380,T,TGT,I,13,86.49
2025-11-20,9:31:45.486053291,T,TGT,I,75,86.435
2025-11-20,9:31:47.838287091,T,TGT,I,25,86.47
2025-11-20,9:31:51.443609251,T,TGT,I,23,86.46
2025-11-20,9:31:51.443609251,T,TGT,I,23,86.46
2025-11-20,9:31:51.443762688,T,TGT,I,25,86.45
2025-11-20,9:31:51.446592321,T,TGT,I,3,86.45
2025-11-20,9:31:55.085378705,T,TGT,F,100,86.4
2025-11-20,9:31:55.085378705,T,TGT,,100,86.4
2025-11-20,9:31:55.085387337,T,TGT,I,12,86.4
2025-11-20,9:31:58.957378963,T,TGT,F I,25,86.41
2025-11-20,9:31:58.957381986,T,TGT,F I,50,86.47
2025-11-20,9:31:58.957381986,T,TGT,F I,25,86.47
2025-11-20,9:32:03.629447355,T,TGT,F I,1,86.49
2025-11-20,9:32:03.629480674,T,TGT,F I,1,86.5
2025-11-20,9:32:04.668666236,T,TGT,F I,25,86.45
2025-11-20,9:32:04.668690643,T,TGT,F I,13,86.43
2025-11-20,9:32:04.668693297,T,TGT,F I,2,86.43
2025-11-20,9:32:04.668696250,T,TGT,F,100,86.43
2025-11-20,9:32:04.669192398,T,TGT,,100,86.455
2025-11-20,9:32:04.675399236,T,TGT,,100,86.375
2025-11-20,9:32:11.990217806,T,TGT,I,16,86.46
2025-11-20,9:32:24.291137161,T,TGT,F I,75,86.47
2025-11-20,9:32:24.291182087,T,TGT,F I,25,86.47
2025-11-20,9:32:29.088532435,T,TGT,,100,86.485
2025-11-20,9:32:29.088535164,T,TGT,,100,86.52
2025-11-20,9:32:29.088538161,T,TGT,I,46,86.53
2025-11-20,9:32:29.088571796,T,TGT,I,54,86.53
2025-11-20,9:32:29.088571796,T,TGT,,100,86.53
2025-11-20,9:32:29.088574417,T,TGT,I,46,86.53
2025-11-20,9:32:29.088862899,T,TGT,F,100,86.52
2025-11-20,9:32:29.088865944,T,TGT,F I,50,86.52
2025-11-20,9:32:29.088974173,T,TGT,F,100,86.52
2025-11-20,9:32:29.088977201,T,TGT,F,100,86.52
2025-11-20,9:32:29.089007292,T,TGT,F,100,86.52
2025-11-20,9:32:29.089013251,T,TGT,,100,86.52
2025-11-20,9:32:29.089434306,T,TGT,F I,25,86.52
2025-11-20,9:32:29.089524470,T,TGT,,100,86.54
2025-11-20,9:32:29.089527736,T,TGT,,100,86.54
2025-11-20,9:32:29.089581875,T,TGT,I,1,86.53
2025-11-20,9:32:29.089659866,T,TGT,F I,50,86.51
2025-11-20,9:32:29.089659866,T,TGT,F I,13,86.51
2025-11-20,9:32:29.089825262,T,TGT,I,2,86.52
2025-11-20,9:32:29.089852283,T,TGT,I,1,86.52
2025-11-20,9:32:29.089966767,T,TGT,F I,1,86.52
2025-11-20,9:32:29.089966767,T,TGT,F,100,86.52
2025-11-20,9:32:29.090222197,T,TGT,F,100,86.53
2025-11-20,9:32:39.255113605,T,TGT,I,12,86.47
2025-11-20,9:32:39.255141130,T,TGT,F I,13,86.47
2025-11-20,9:32:39.255143757,T,TGT,F I,10,86.48
2025-11-20,9:32:39.255146741,T,TGT,F I,25,86.48
2025-11-20,9:32:39.266276227,T,TGT,F I,87,86.5
2025-11-20,9:32:42.465447723,T,TGT,F I,25,86.52
2025-11-20,9:32:42.524857269,T,TGT,F,122,86.55
2025-11-20,9:32:42.524860908,T,TGT,F I,78,86.55
2025-11-20,9:32:42.524866328,T,TGT,F,100,86.55
2025-11-20,9:32:42.524866328,T,TGT,F,100,86.55
2025-11-20,9:32:42.524869772,T,TGT,F I,87,86.55
2025-11-20,9:32:42.524872443,T,TGT,F I,13,86.55
2025-11-20,9:32:42.524872443,T,TGT,F,100,86.55
2025-11-20,9:32:42.524959513,T,TGT,F I,2,86.57
2025-11-20,9:32:42.524965504,T,TGT,F I,1,86.57
2025-11-20,9:32:42.525037746,T,TGT,F,1274,86.57
2025-11-20,9:32:42.525879738,T,TGT,,100,86.565
2025-11-20,9:32:42.525987946,T,TGT,,100,86.57
2025-11-20,9:32:42.526051244,T,TGT,,100,86.57
2025-11-20,9:32:42.526069147,T,TGT,,100,86.57
2025-11-20,9:32:42.526078362,T,TGT,,100,86.57
2025-11-20,9:32:42.526138305,T,TGT,F I,10,86.57
2025-11-20,9:32:42.526162345,T,TGT,F I,90,86.57
2025-11-20,9:32:42.526189507,T,TGT,F,100,86.56
2025-11-20,9:32:42.526189507,T,TGT,F I,13,86.56
2025-11-20,9:32:42.526330812,T,TGT,F,100,86.56
2025-11-20,9:32:42.526794516,T,TGT,F I,15,86.56
2025-11-20,9:32:42.526893151,T,TGT,,100,86.55
2025-11-20,9:32:42.528472766,T,TGT,F I,93,86.55
2025-11-20,9:32:42.528474881,T,TGT,F I,7,86.55
2025-11-20,9:32:42.528477910,T,TGT,F I,93,86.55
2025-11-20,9:32:42.529963443,T,TGT,F I,7,86.55
2025-11-20,9:32:42.530164936,T,TGT,F,100,86.54
2025-11-20,9:32:42.532531869,T,TGT,I,24,86.55
2025-11-20,9:32:42.532534613,T,TGT,I,5,86.56
2025-11-20,9:32:42.532564692,T,TGT,I,24,86.56
2025-11-20,9:32:42.532763087,T,TGT,F I,5,86.54
2025-11-20,9:32:42.533022012,T,TGT,F I,29,86.54
2025-11-20,9:32:49.792391116,T,TGT,,200,86.52
2025-11-20,9:32:50.606448741,T,TGT,I,34,86.49
2025-11-20,9:32:50.606460542,T,TGT,I,36,86.49
2025-11-20,9:32:50.606460542,T,TGT,,100,86.49
2025-11-20,9:32:50.606830421,T,TGT,I,13,86.51
2025-11-20,9:32:50.611551709,T,TGT,I,75,86.525
2025-11-20,9:32:51.538248371,T,TGT,I,41,86.525
2025-11-20,9:32:52.593218733,T,TGT,F,200,86.49
2025-11-20,9:32:52.593218733,T,TGT,F,100,86.49
2025-11-20,9:32:54.992003496,T,TGT,F I,25,86.52
2025-11-20,9:32:54.997064566,T,TGT,I,25,86.52
2025-11-20,9:32:54.997067594,T,TGT,I,25,86.51
2025-11-20,9:32:54.997067594,T,TGT,I,50,86.51
2025-11-20,9:32:55.133887479,T,TGT,F I,25,86.53
2025-11-20,9:32:55.375116203,T,TGT,F,200,86.6
2025-11-20,9:32:55.375116203,T,TGT,F I,40,86.6
2025-11-20,9:32:55.410552685,T,TGT,,200,86.65
2025-11-20,9:32:55.410555628,T,TGT,I,5,86.65
2025-11-20,9:32:55.410558657,T,TGT,,100,86.65
2025-11-20,9:32:59.784494004,T,TGT,F I,67,86.62
2025-11-20,9:32:59.784752799,T,TGT,F I,8,86.62
2025-11-20,9:33:04.874754250,T,TGT,F I,25,86.64
2025-11-20,9:33:04.874757733,T,TGT,F I,25,86.65
2025-11-20,9:33:04.874757733,T,TGT,F I,66,86.67
2025-11-20,9:33:04.874759974,T,TGT,F I,1,86.67
2025-11-20,9:33:04.874762761,T,TGT,F,102,86.67
2025-11-20,9:33:04.874774880,T,TGT,I,16,86.67
2025-11-20,9:33:04.876046832,T,TGT,I,1,86.66
2025-11-20,9:33:05.351004351,T,TGT,F I,25,86.64
2025-11-20,9:33:05.351055507,T,TGT,F I,25,86.63
2025-11-20,9:33:12.550152653,T,TGT,F I,25,86.64
2025-11-20,9:33:12.550152653,T,TGT,F I,61,86.65
2025-11-20,9:33:12.550161353,T,TGT,F I,25,86.65
2025-11-20,9:33:14.072408987,T,TGT,F,100,86.67
2025-11-20,9:33:22.778600414,T,TGT,F I,2,86.62
2025-11-20,9:33:22.778603288,T,TGT,F I,50,86.62
2025-11-20,9:33:22.778636313,T,TGT,F I,2,86.61
2025-11-20,9:33:22.778690402,T,TGT,F I,2,86.61
2025-11-20,9:33:22.778732643,T,TGT,F I,2,86.61
2025-11-20,9:33:22.778774636,T,TGT,F I,2,86.61
2025-11-20,9:33:22.778816777,T,TGT,F I,2,86.61
2025-11-20,9:33:22.778903955,T,TGT,F I,75,86.61
2025-11-20,9:33:28.833612505,T,TGT,I,15,86.61
2025-11-20,9:33:30.752646313,T,TGT,F,100,86.6
2025-11-20,9:33:30.752646313,T,TGT,F I,25,86.6
2025-11-20,9:33:31.130412204,T,TGT,I,25,86.62
2025-11-20,9:33:31.130415283,T,TGT,I,25,86.61
2025-11-20,9:33:31.130415283,T,TGT,I,50,86.61
2025-11-20,9:33:37.564333198,T,TGT,F I,61,86.7
2025-11-20,9:33:37.564357285,T,TGT,F I,39,86.7
2025-11-20,9:33:37.564360214,T,TGT,F I,38,86.7
2025-11-20,9:33:37.565072951,T,TGT,F I,25,86.68
2025-11-20,9:33:37.565072951,T,TGT,F I,26,86.68
2025-11-20,9:33:37.593373521,T,TGT,F I,25,86.7
2025-11-20,9:33:37.593376363,T,TGT,F I,26,86.7
2025-11-20,9:33:37.593379511,T,TGT,F I,2,86.7
2025-11-20,9:33:37.593379511,T,TGT,F I,26,86.7
2025-11-20,9:33:37.593382389,T,TGT,F I,21,86.7
2025-11-20,9:33:37.593392025,T,TGT,F I,5,86.7
2025-11-20,9:33:37.593392025,T,TGT,F I,25,86.7
2025-11-20,9:33:37.593394458,T,TGT,F I,38,86.7
2025-11-20,9:33:37.593406523,T,TGT,I,25,86.7
2025-11-20,9:33:37.899511678,T,TGT,F I,25,86.68
2025-11-20,9:33:37.899914654,T,TGT,F I,25,86.67
2025-11-20,9:33:37.899935690,T,TGT,F I,75,86.67
2025-11-20,9:33:37.906440166,T,TGT,F I,61,86.68
2025-11-20,9:33:41.062789799,T,TGT,I,39,86.7
2025-11-20,9:33:41.064942870,T,TGT,I,25,86.71
2025-11-20,9:33:41.985833090,T,TGT,F I,25,86.71
2025-11-20,9:33:41.985836035,T,TGT,F I,9,86.72
2025-11-20,9:33:41.985836035,T,TGT,F I,81,86.73
2025-11-20,9:33:43.524601621,T,TGT,F I,2,86.74
2025-11-20,9:33:43.524679927,T,TGT,I,2,86.75
2025-11-20,9:33:44.585433231,T,TGT,F I,13,86.73
2025-11-20,9:33:44.585433231,T,TGT,F I,12,86.73
2025-11-20,9:33:44.585439108,T,TGT,F,100,86.73
2025-11-20,9:33:44.585441965,T,TGT,F,100,86.73
2025-11-20,9:33:44.585664680,T,TGT,,100,86.75
2025-11-20,9:33:44.585664680,T,TGT,,100,86.75
2025-11-20,9:33:44.585670872,T,TGT,,100,86.75
2025-11-20,9:33:44.585670872,T,TGT,I,10,86.75
2025-11-20,9:33:44.585751736,T,TGT,I,8,86.75
2025-11-20,9:33:44.585796842,T,TGT,F,100,86.75
2025-11-20,9:33:44.781530175,T,TGT,F I,45,86.74
2025-11-20,9:33:44.781551674,T,TGT,F I,70,86.74
2025-11-20,9:33:44.781554201,T,TGT,F I,20,86.74
2025-11-20,9:33:44.781557175,T,TGT,F,100,86.74
2025-11-20,9:33:44.781557175,T,TGT,F I,6,86.74
2025-11-20,9:33:44.781560964,T,TGT,I,1,86.74
2025-11-20,9:33:44.781563217,T,TGT,F I,24,86.74
2025-11-20,9:33:46.942267850,T,TGT,F I,25,86.76
2025-11-20,9:33:46.942271079,T,TGT,F I,25,86.77
2025-11-20,9:33:46.942271079,T,TGT,F I,4,86.77
2025-11-20,9:33:46.942983468,T,TGT,I,27,86.78
2025-11-20,9:33:46.943305240,T,TGT,F I,1,86.79
2025-11-20,9:33:50.508196179,T,TGT,F I,8,86.79
2025-11-20,9:33:50.590808972,T,TGT,I,10,86.8
2025-11-20,9:33:50.598615617,T,TGT,F I,75,86.77
2025-11-20,9:33:50.598669718,T,TGT,F I,25,86.765
2025-11-20,9:33:57.456727617,T,TGT,F I,6,86.73
2025-11-20,9:33:57.456727617,T,TGT,F I,27,86.73
2025-11-20,9:33:57.456730023,T,TGT,F I,25,86.73
2025-11-20,9:34:04.110161932,T,TGT,F I,27,86.71
2025-11-20,9:34:04.110330323,T,TGT,F I,35,86.69
2025-11-20,9:34:04.110330323,T,TGT,F I,26,86.69
2025-11-20,9:34:26.879172948,T,TGT,F I,87,86.74
2025-11-20,9:34:29.702394871,T,TGT,,100,86.8
2025-11-20,9:34:29.703134607,T,TGT,I,10,86.84
2025-11-20,9:34:29.703155688,T,TGT,F I,1,86.85
2025-11-20,9:34:29.726683788,T,TGT,F I,20,86.82
2025-11-20,9:34:29.726756265,T,TGT,,100,86.83
2025-11-20,9:34:29.726756265,T,TGT,F I,22,86.81
2025-11-20,9:34:29.726758942,T,TGT,F I,13,86.81
2025-11-20,9:34:29.727095745,T,TGT,I,25,86.83
2025-11-20,9:34:29.727210421,T,TGT,I,25,86.84
2025-11-20,9:34:29.727258152,T,TGT,F I,21,86.82
2025-11-20,9:34:29.727355037,T,TGT,I,21,86.84
2025-11-20,9:34:29.727405549,T,TGT,F I,26,86.82
2025-11-20,9:34:29.727453751,T,TGT,I,8,86.82
2025-11-20,9:34:29.727453751,T,TGT,I,15,86.82
2025-11-20,9:34:29.727474638,T,TGT,I,10,86.82
2025-11-20,9:34:29.727514052,T,TGT,I,4,86.83
2025-11-20,9:34:29.727517615,T,TGT,I,75,86.83
2025-11-20,9:34:29.727517615,T,TGT,I,26,86.83
2025-11-20,9:34:29.727522714,T,TGT,I,13,86.83
2025-11-20,9:34:29.727522714,T,TGT,I,2,86.83
2025-11-20,9:34:29.727522714,T,TGT,I,10,86.83
2025-11-20,9:34:29.727558804,T,TGT,I,21,86.84
2025-11-20,9:34:29.727558804,T,TGT,I,29,86.84
2025-11-20,9:34:29.727561810,T,TGT,I,13,86.84
2025-11-20,9:34:29.730282163,T,TGT,F I,4,86.82
2025-11-20,9:34:29.730282163,T,TGT,F I,62,86.82
2025-11-20,9:34:29.730286960,T,TGT,F I,2,86.82
2025-11-20,9:34:29.730286960,T,TGT,F I,10,86.82
2025-11-20,9:34:29.730293360,T,TGT,F I,29,86.82
2025-11-20,9:34:29.730293360,T,TGT,F I,21,86.82
2025-11-20,9:34:29.730295389,T,TGT,F I,5,86.82
2025-11-20,9:34:29.730295389,T,TGT,F I,6,86.82
2025-11-20,9:34:29.730298330,T,TGT,F I,8,86.82
2025-11-20,9:34:29.730298330,T,TGT,F I,12,86.82
2025-11-20,9:34:29.730881779,T,TGT,I,12,86.82
2025-11-20,9:34:29.730944890,T,TGT,F I,1,86.81
2025-11-20,9:34:29.749496142,T,TGT,F I,22,86.84
2025-11-20,9:34:29.762384859,T,TGT,I,25,86.84
2025-11-20,9:34:42.733989334,T,TGT,F I,2,86.84
2025-11-20,9:34:42.733995091,T,TGT,F,100,86.87
2025-11-20,9:34:42.733995091,T,TGT,F I,25,86.87
2025-11-20,9:34:42.733998056,T,TGT,F I,35,86.88
2025-11-20,9:34:42.734028577,T,TGT,I,65,86.88
2025-11-20,9:34:42.734032242,T,TGT,I,2,86.88
2025-11-20,9:34:42.734032242,T,TGT,I,60,86.88
2025-11-20,9:34:42.734040127,T,TGT,F I,87,86.84
2025-11-20,9:34:42.734046219,T,TGT,I,1,86.88
2025-11-20,9:34:42.734049395,T,TGT,I,24,86.88
2025-11-20,9:34:42.734061640,T,TGT,I,1,86.86
2025-11-20,9:34:42.734079294,T,TGT,I,38,86.88
2025-11-20,9:34:42.734097524,T,TGT,F I,99,86.86
2025-11-20,9:34:42.734097524,T,TGT,F I,1,86.86
2025-11-20,9:34:42.734103511,T,TGT,F I,32,86.86
2025-11-20,9:34:42.734115544,T,TGT,I,49,86.88
2025-11-20,9:34:42.734115544,T,TGT,F I,31,86.86
2025-11-20,9:34:42.734316868,T,TGT,F,100,86.86
2025-11-20,9:34:42.734334913,T,TGT,F,100,86.86
2025-11-20,9:34:42.734963306,T,TGT,,100,86.87
2025-11-20,9:34:42.734966327,T,TGT,F I,31,86.86
2025-11-20,9:34:42.734975415,T,TGT,F I,10,86.87
2025-11-20,9:34:42.735279470,T,TGT,F,100,86.89
2025-11-20,9:34:42.735279470,T,TGT,F I,58,86.89
2025-11-20,9:34:42.735582787,T,TGT,I,9,86.89
2025-11-20,9:34:45.746650203,T,TGT,,200,86.9
2025-11-20,9:34:46.819473983,T,TGT,F I,36,86.85
2025-11-20,9:34:46.819473983,T,TGT,F I,37,86.85
2025-11-20,9:34:46.819522088,T,TGT,F,100,86.84
2025-11-20,9:34:46.819525120,T,TGT,F I,13,86.84
2025-11-20,9:34:46.821074543,T,TGT,F,100,86.83
2025-11-20,9:34:46.821134615,T,TGT,,100,86.83
2025-11-20,9:34:46.830627575,T,TGT,F I,11,86.85
2025-11-20,9:34:46.830627575,T,TGT,F I,89,86.87
2025-11-20,9:34:46.928875701,T,TGT,F,500,86.8
2025-11-20,9:34:46.928877758,T,TGT,F I,13,86.8
2025-11-20,9:34:46.928880677,T,TGT,F I,22,86.8
2025-11-20,9:34:46.928880677,T,TGT,F I,37,86.8
2025-11-20,9:34:46.928934819,T,TGT,F I,19,86.79
2025-11-20,9:34:46.928938150,T,TGT,F I,16,86.79
2025-11-20,9:34:46.928938150,T,TGT,F I,13,86.79
2025-11-20,9:34:53.249522050,T,TGT,F I,25,86.78
2025-11-20,9:34:53.249524764,T,TGT,F,125,86.79
2025-11-20,9:34:53.249527687,T,TGT,F,100,86.79
2025-11-20,9:34:57.631582288,T,TGT,F,100,86.79
2025-11-20,9:34:57.631585632,T,TGT,F,100,86.8
2025-11-20,9:34:57.631588514,T,TGT,F I,25,86.8
2025-11-20,9:34:57.631588514,T,TGT,F I,75,86.8
2025-11-20,9:34:57.631591663,T,TGT,F,114,86.8
2025-11-20,9:34:57.631594354,T,TGT,F I,75,86.8
2025-11-20,9:34:58.762098675,T,TGT,I,41,86.82
2025-11-20,9:35:01.600708201,T,TGT,F I,75,86.8
2025-11-20,9:35:01.600711196,T,TGT,F I,25,86.8
2025-11-20,9:35:01.738965608,T,TGT,F I,75,86.76
2025-11-20,9:35:01.739097952,T,TGT,,100,86.76
2025-11-20,9:35:01.739554973,T,TGT,,100,86.76
2025-11-20,9:35:01.739699278,T,TGT,F I,75,86.76
2025-11-20,9:35:01.740057415,T,TGT,F I,75,86.76
2025-11-20,9:35:02.690639801,T,TGT,,466,86.73
2025-11-20,9:35:02.696795445,T,TGT,,100,86.73
2025-11-20,9:35:03.019292843,T,TGT,F I,5,86.75
2025-11-20,9:35:03.019707778,T,TGT,I,27,86.73
2025-11-20,9:35:03.019888256,T,TGT,I,57,86.75
2025-11-20,9:35:03.021256480,T,TGT,,100,86.76
2025-11-20,9:35:03.021430841,T,TGT,,100,86.76
2025-11-20,9:35:03.021500039,T,TGT,,100,86.76
2025-11-20,9:35:04.343972611,T,TGT,I,82,86.76
2025-11-20,9:35:15.106775615,T,TGT,F I,1,86.7
2025-11-20,9:35:15.106778832,T,TGT,F,200,86.7
2025-11-20,9:35:15.106781896,T,TGT,F,201,86.7
2025-11-20,9:35:15.106781896,T,TGT,F,201,86.7
2025-11-20,9:35:15.106800579,T,TGT,I,18,86.7
2025-11-20,9:35:15.106802794,T,TGT,I,1,86.7
2025-11-20,9:35:15.106862881,T,TGT,F I,25,86.7
2025-11-20,9:35:15.106920036,T,TGT,I,4,86.7
2025-11-20,9:35:15.106992153,T,TGT,,100,86.7
2025-11-20,9:35:15.107542454,T,TGT,,580,86.7
2025-11-20,9:35:15.108267263,T,TGT,I,10,86.7
2025-11-20,9:35:15.110236879,T,TGT,,100,86.7
2025-11-20,9:35:16.000216162,T,TGT,,178,86.7
2025-11-20,9:35:16.149161004,T,TGT,,100,86.7
2025-11-20,9:35:16.149215115,T,TGT,,233,86.7
2025-11-20,9:35:16.149765450,T,TGT,,100,86.7
2025-11-20,9:35:16.381644816,T,TGT,,300,86.7
2025-11-20,9:35:16.547847807,T,TGT,F I,75,86.7
2025-11-20,9:35:16.548530463,T,TGT,F,174,86.7
2025-11-20,9:35:16.548530463,T,TGT,F I,4,86.69
2025-11-20,9:35:16.548548439,T,TGT,F I,22,86.69
2025-11-20,9:35:16.548548439,T,TGT,F I,22,86.67
2025-11-20,9:35:16.548557677,T,TGT,F I,2,86.67
2025-11-20,9:35:16.548557677,T,TGT,F I,20,86.67
2025-11-20,9:35:16.568744540,T,TGT,F I,5,86.65
2025-11-20,9:35:16.678469964,T,TGT,F I,5,86.63
2025-11-20,9:35:19.638123924,T,TGT,I,30,86.56
2025-11-20,9:35:19.638235194,T,TGT,F I,25,86.56
2025-11-20,9:35:25.011282713,T,TGT,F I,10,86.465
2025-11-20,9:35:25.642014321,T,TGT,I,25,86.44
2025-11-20,9:35:25.642018516,T,TGT,,100,86.44
2025-11-20,9:35:25.642020435,T,TGT,I,17,86.44
2025-11-20,9:35:25.642321015,T,TGT,I,24,86.43
2025-11-20,9:35:25.642474449,T,TGT,I,8,86.44
2025-11-20,9:35:25.642501462,T,TGT,I,15,86.44
2025-11-20,9:35:25.642525567,T,TGT,,100,86.44
2025-11-20,9:35:26.047542396,T,TGT,F I,13,86.435
2025-11-20,9:35:26.047545409,T,TGT,F I,13,86.435
2025-11-20,9:35:26.047551502,T,TGT,F I,75,86.435
2025-11-20,9:35:26.047551502,T,TGT,I,99,86.435
2025-11-20,9:35:26.047563702,T,TGT,F I,2,86.47
2025-11-20,9:35:26.047569455,T,TGT,F I,6,86.47
2025-11-20,9:35:26.047569455,T,TGT,F I,5,86.47
2025-11-20,9:35:26.047572781,T,TGT,I,13,86.47
2025-11-20,9:35:26.047645174,T,TGT,I,19,86.45
2025-11-20,9:35:26.047647647,T,TGT,I,66,86.44
2025-11-20,9:35:26.047692755,T,TGT,F I,66,86.47
2025-11-20,9:35:26.047719849,T,TGT,F I,75,86.47
2025-11-20,9:35:26.047731914,T,TGT,F I,25,86.47
2025-11-20,9:35:26.047738446,T,TGT,,100,86.45
2025-11-20,9:35:26.047756197,T,TGT,I,1,86.46
2025-11-20,9:35:26.047759038,T,TGT,I,18,86.47
2025-11-20,9:35:26.047762795,T,TGT,F I,13,86.47
2025-11-20,9:35:26.047776948,T,TGT,F I,69,86.47
2025-11-20,9:35:26.047792003,T,TGT,I,1,86.47
2025-11-20,9:35:26.047816030,T,TGT,I,43,86.47
2025-11-20,9:35:26.047816030,T,TGT,,100,86.46
2025-11-20,9:35:26.047828349,T,TGT,F I,1,86.47
2025-11-20,9:35:26.047834103,T,TGT,F I,56,86.47
2025-11-20,9:35:26.047861147,T,TGT,F I,57,86.46
2025-11-20,9:35:26.047873271,T,TGT,F I,43,86.46
2025-11-20,9:35:26.047873271,T,TGT,F I,8,86.47
2025-11-20,9:35:26.047879193,T,TGT,F I,8,86.46
2025-11-20,9:35:26.047888207,T,TGT,F I,43,86.46
2025-11-20,9:35:26.047894834,T,TGT,F I,43,86.46
2025-11-20,9:35:26.047897725,T,TGT,F I,8,86.46
2025-11-20,9:35:26.047901057,T,TGT,F I,60,86.46
2025-11-20,9:35:26.047906291,T,TGT,I,25,86.45
2025-11-20,9:35:26.047924380,T,TGT,,100,86.46
2025-11-20,9:35:26.048080736,T,TGT,,100,86.45
2025-11-20,9:35:26.048119856,T,TGT,F I,34,86.46
2025-11-20,9:35:26.048146827,T,TGT,F I,66,86.46
2025-11-20,9:35:26.048149868,T,TGT,F,100,86.46
2025-11-20,9:35:26.048158929,T,TGT,F I,48,86.46
2025-11-20,9:35:26.048211633,T,TGT,F I,57,86.48
2025-11-20,9:35:26.048216284,T,TGT,I,8,86.46
2025-11-20,9:35:26.048216284,T,TGT,I,26,86.45
2025-11-20,9:35:26.048219074,T,TGT,F I,8,86.48
2025-11-20,9:35:26.048228019,T,TGT,F I,8,86.48
2025-11-20,9:35:26.048234723,T,TGT,F I,50,86.47
2025-11-20,9:35:26.048243048,T,TGT,I,50,86.47
2025-11-20,9:35:26.048258193,T,TGT,F I,8,86.47
2025-11-20,9:35:26.048501692,T,TGT,I,25,86.46
2025-11-20,9:35:26.048550704,T,TGT,F I,2,86.47
2025-11-20,9:35:26.048555837,T,TGT,F I,73,86.48
2025-11-20,9:35:26.048559478,T,TGT,F I,27,86.48
2025-11-20,9:35:26.048600999,T,TGT,I,8,86.47
2025-11-20,9:35:26.048600999,T,TGT,I,4,86.46
2025-11-20,9:35:26.048607010,T,TGT,I,4,86.46
2025-11-20,9:35:26.048607010,T,TGT,I,2,86.46
2025-11-20,9:35:26.048610080,T,TGT,I,2,86.46
2025-11-20,9:35:26.048610080,T,TGT,I,2,86.46
2025-11-20,9:35:26.048612971,T,TGT,I,39,86.46
2025-11-20,9:35:26.048676444,T,TGT,F I,8,86.47
2025-11-20,9:35:26.048679697,T,TGT,F I,8,86.45
2025-11-20,9:35:26.048679697,T,TGT,F I,66,86.45
2025-11-20,9:35:26.048682145,T,TGT,F I,13,86.45
2025-11-20,9:35:26.048730503,T,TGT,F I,2,86.47
2025-11-20,9:35:26.048730503,T,TGT,F I,33,86.47
2025-11-20,9:35:26.048763507,T,TGT,F I,65,86.47
2025-11-20,9:35:26.048763507,T,TGT,F I,13,86.47
2025-11-20,9:35:26.048823559,T,TGT,I,23,86.45
2025-11-20,9:35:26.048968030,T,TGT,I,27,86.48
2025-11-20,9:35:26.049043014,T,TGT,F I,73,86.48
2025-11-20,9:35:26.049043014,T,TGT,F I,27,86.48
2025-11-20,9:35:26.049340949,T,TGT,I,13,86.45
2025-11-20,9:35:26.049419459,T,TGT,F I,8,86.46
2025-11-20,9:35:26.049422738,T,TGT,F,100,86.47
2025-11-20,9:35:26.049542169,T,TGT,I,4,86.45
2025-11-20,9:35:26.049584273,T,TGT,F I,23,86.46
2025-11-20,9:35:26.049588547,T,TGT,F I,8,86.46
2025-11-20,9:35:26.049593349,T,TGT,F I,69,86.46
2025-11-20,9:35:26.049593349,T,TGT,F I,4,86.48
2025-11-20,9:35:26.049668512,T,TGT,I,7,86.46
2025-11-20,9:35:26.049668512,T,TGT,I,3,86.455
2025-11-20,9:35:26.049755677,T,TGT,I,8,86.46
2025-11-20,9:35:26.049785740,T,TGT,F I,69,86.46
2025-11-20,9:35:26.049797840,T,TGT,F I,31,86.46
2025-11-20,9:35:26.049834004,T,TGT,I,8,86.46
2025-11-20,9:35:26.049834004,T,TGT,I,8,86.45
2025-11-20,9:35:26.050035320,T,TGT,I,8,86.46
2025-11-20,9:35:26.050035320,T,TGT,I,17,86.46
2025-11-20,9:35:26.050140626,T,TGT,F I,75,86.46
2025-11-20,9:35:26.050164674,T,TGT,F I,25,86.46
2025-11-20,9:35:26.050164674,T,TGT,F I,8,86.46
2025-11-20,9:35:26.050270176,T,TGT,I,2,86.46
2025-11-20,9:35:26.050270176,T,TGT,I,2,86.46
2025-11-20,9:35:26.050273553,T,TGT,,100,86.46
2025-11-20,9:35:26.050288022,T,TGT,F I,85,86.46
2025-11-20,9:35:26.050318704,T,TGT,I,23,86.45
2025-11-20,9:35:26.050537558,T,TGT,F I,7,86.45
2025-11-20,9:35:26.050537558,T,TGT,F I,9,86.46
2025-11-20,9:35:26.050550069,T,TGT,I,6,86.46
2025-11-20,9:35:26.050550069,T,TGT,I,11,86.46
2025-11-20,9:35:26.050552590,T,TGT,I,21,86.46
2025-11-20,9:35:26.050564896,T,TGT,,100,86.47
2025-11-20,9:35:26.050564896,T,TGT,,100,86.47
2025-11-20,9:35:26.050567672,T,TGT,,100,86.47
2025-11-20,9:35:26.050907513,T,TGT,I,24,86.45
2025-11-20,9:35:26.058608793,T,TGT,F I,5,86.47
2025-11-20,9:35:26.058612258,T,TGT,F I,8,86.47
2025-11-20,9:35:26.058612258,T,TGT,F,100,86.47
2025-11-20,9:35:26.058614843,T,TGT,F,107,86.47
2025-11-20,9:35:26.058614843,T,TGT,F I,2,86.47
2025-11-20,9:35:26.058888654,T,TGT,,127,86.46
2025-11-20,9:35:26.058888654,T,TGT,I,34,86.45
2025-11-20,9:35:26.059048079,T,TGT,I,66,86.45
2025-11-20,9:35:26.059050905,T,TGT,I,33,86.45
2025-11-20,9:35:26.059102448,T,TGT,F I,33,86.47
2025-11-20,9:35:26.059108775,T,TGT,F I,28,86.47
2025-11-20,9:35:26.059108775,T,TGT,I,2,86.47
2025-11-20,9:35:26.059111034,T,TGT,I,33,86.47
2025-11-20,9:35:26.059123331,T,TGT,F I,2,86.47
2025-11-20,9:35:26.059126023,T,TGT,F I,33,86.47
2025-11-20,9:35:26.059153212,T,TGT,F I,1,86.47
2025-11-20,9:35:26.059153212,T,TGT,F I,34,86.47
2025-11-20,9:35:26.059156120,T,TGT,F I,1,86.47
2025-11-20,9:35:26.059165663,T,TGT,F I,9,86.47
2025-11-20,9:35:26.059168107,T,TGT,F I,8,86.47
2025-11-20,9:35:26.059192198,T,TGT,F I,58,86.47
2025-11-20,9:35:26.059204173,T,TGT,I,30,86.46
2025-11-20,9:35:26.059301036,T,TGT,I,8,86.46
2025-11-20,9:35:26.059303406,T,TGT,I,1,86.46
2025-11-20,9:35:26.059306424,T,TGT,I,16,86.46
2025-11-20,9:35:26.059310070,T,TGT,I,3,86.46
2025-11-20,9:35:26.059310070,T,TGT,I,1,86.46
2025-11-20,9:35:26.059412583,T,TGT,I,16,86.46
2025-11-20,9:35:26.059412583,T,TGT,I,16,86.46
2025-11-20,9:35:26.059414958,T,TGT,I,4,86.46
2025-11-20,9:35:26.059417972,T,TGT,I,21,86.46
2025-11-20,9:35:26.059420846,T,TGT,I,1,86.46
2025-11-20,9:35:26.059420846,T,TGT,I,11,86.46
2025-11-20,9:35:26.148264390,T,TGT,F,100,86.5
2025-11-20,9:35:26.614441009,T,TGT,F I,19,86.56
2025-11-20,9:35:27.013978851,T,TGT,F I,1,86.61
2025-11-20,9:35:27.013982038,T,TGT,F I,1,86.62
2025-11-20,9:35:27.013982038,T,TGT,F I,13,86.62
2025-11-20,9:35:27.013985011,T,TGT,F,100,86.65
2025-11-20,9:35:27.013987832,T,TGT,F I,13,86.65
2025-11-20,9:35:27.013987832,T,TGT,F I,7,86.65
2025-11-20,9:35:27.060063588,T,TGT,,1865,86.66
2025-11-20,9:35:27.060559780,T,TGT,F I,35,86.62
2025-11-20,9:35:33.587140502,T,TGT,,100,86.59
2025-11-20,9:35:33.597250538,T,TGT,,132,86.59
2025-11-20,9:35:34.741214842,T,TGT,F I,50,86.59
2025-11-20,9:35:35.792724151,T,TGT,F I,2,86.65
2025-11-20,9:35:35.792730922,T,TGT,F I,5,86.65
2025-11-20,9:35:35.792730922,T,TGT,F I,5,86.65
2025-11-20,9:35:35.793217223,T,TGT,F I,7,86.65
2025-11-20,9:35:35.793310370,T,TGT,I,96,86.66
2025-11-20,9:35:35.793331757,T,TGT,I,1,86.66
2025-11-20,9:35:35.793331757,T,TGT,F I,3,86.66
2025-11-20,9:35:35.793770486,T,TGT,,100,86.65
2025-11-20,9:35:35.793773447,T,TGT,I,7,86.66
2025-11-20,9:35:35.798552022,T,TGT,F I,75,86.69
2025-11-20,9:35:35.798552022,T,TGT,F,127,86.7
2025-11-20,9:35:35.798554926,T,TGT,F I,25,86.7
2025-11-20,9:35:35.798558082,T,TGT,F,100,86.7
2025-11-20,9:35:35.798561791,T,TGT,F,127,86.71
2025-11-20,9:35:35.798561791,T,TGT,F I,25,86.71
2025-11-20,9:35:35.798561791,T,TGT,F,127,86.72
2025-11-20,9:35:35.798564535,T,TGT,F,394,86.73
2025-11-20,9:35:35.798566903,T,TGT,F,100,86.73
2025-11-20,9:35:35.798885717,T,TGT,F I,90,86.67
2025-11-20,9:35:35.798912808,T,TGT,F I,10,86.67
2025-11-20,9:35:35.803426501,T,TGT,F I,90,86.66
2025-11-20,9:35:35.804960521,T,TGT,F I,75,86.69
2025-11-20,9:35:35.804960521,T,TGT,F I,25,86.7
2025-11-20,9:35:35.804978246,T,TGT,F,102,86.7
2025-11-20,9:35:35.804978246,T,TGT,F,100,86.7
2025-11-20,9:35:35.804981217,T,TGT,F,127,86.71
2025-11-20,9:35:35.804984802,T,TGT,F,100,86.71
2025-11-20,9:35:35.804984802,T,TGT,F I,13,86.72
2025-11-20,9:35:35.804987171,T,TGT,F I,27,86.72
2025-11-20,9:35:35.804990196,T,TGT,F I,31,86.72
2025-11-20,9:35:35.812023977,T,TGT,F I,75,86.68
2025-11-20,9:35:35.812023977,T,TGT,F I,25,86.7
2025-11-20,9:35:42.271535911,T,TGT,I,75,86.66
2025-11-20,9:35:42.271559926,T,TGT,F I,25,86.665
2025-11-20,9:35:48.111211154,T,TGT,F I,31,86.61
2025-11-20,9:35:48.111214296,T,TGT,F I,13,86.61
2025-11-20,9:35:48.111214296,T,TGT,F I,27,86.61
2025-11-20,9:35:48.111328396,T,TGT,F I,8,86.6
2025-11-20,9:35:48.111340416,T,TGT,F,127,86.6
2025-11-20,9:35:48.111508880,T,TGT,F I,8,86.6
2025-11-20,9:35:48.111565972,T,TGT,F,1857,86.6
2025-11-20,9:35:48.111589992,T,TGT,F I,75,86.6
2025-11-20,9:35:48.111626146,T,TGT,F I,75,86.6
2025-11-20,9:35:48.111665166,T,TGT,F I,75,86.6
2025-11-20,9:35:48.111696082,T,TGT,F,475,86.6
2025-11-20,9:35:48.111701237,T,TGT,I,50,86.6
2025-11-20,9:35:48.111704407,T,TGT,I,90,86.6
2025-11-20,9:35:48.111725302,T,TGT,I,1,86.6
2025-11-20,9:35:48.111734706,T,TGT,F I,1,86.6
2025-11-20,9:35:48.111737329,T,TGT,F I,23,86.6
2025-11-20,9:35:48.111755800,T,TGT,I,32,86.58
2025-11-20,9:35:48.111758895,T,TGT,I,1,86.57
2025-11-20,9:35:48.111770814,T,TGT,F,100,86.61
2025-11-20,9:35:48.111785661,T,TGT,I,33,86.59
2025-11-20,9:35:48.111785661,T,TGT,I,32,86.595
2025-11-20,9:35:48.111794485,T,TGT,F I,75,86.6
2025-11-20,9:35:48.111812822,T,TGT,F I,25,86.6
2025-11-20,9:35:48.111821836,T,TGT,I,32,86.59
2025-11-20,9:35:48.111905711,T,TGT,,100,86.6
2025-11-20,9:35:48.111908803,T,TGT,I,1,86.6
2025-11-20,9:35:48.111920843,T,TGT,F,100,86.61
2025-11-20,9:35:48.111923827,T,TGT,F I,65,86.59
2025-11-20,9:35:48.111989922,T,TGT,I,3,86.59
2025-11-20,9:35:48.111989922,T,TGT,I,97,86.59
2025-11-20,9:35:48.112008787,T,TGT,F,100,86.6
2025-11-20,9:35:48.112008787,T,TGT,F I,65,86.6
2025-11-20,9:35:48.112011015,T,TGT,F I,25,86.6
2025-11-20,9:35:48.112033006,T,TGT,F,100,86.59
2025-11-20,9:35:48.112038039,T,TGT,F I,7,86.6
2025-11-20,9:35:48.112038039,T,TGT,F I,3,86.6
2025-11-20,9:35:48.112092375,T,TGT,I,10,86.59
2025-11-20,9:35:48.112122434,T,TGT,I,1,86.59
2025-11-20,9:35:48.112224803,T,TGT,I,12,86.59
2025-11-20,9:35:48.112227592,T,TGT,I,9,86.59
2025-11-20,9:35:48.112669610,T,TGT,F,100,86.61
2025-11-20,9:35:48.112723697,T,TGT,,100,86.6
2025-11-20,9:35:48.112913201,T,TGT,F,100,86.62
2025-11-20,9:35:48.112967343,T,TGT,I,33,86.6
2025-11-20,9:35:48.113036446,T,TGT,I,30,86.595
2025-11-20,9:35:48.113265028,T,TGT,,100,86.6
2025-11-20,9:35:48.113286016,T,TGT,,100,86.6
2025-11-20,9:35:48.114744479,T,TGT,F I,5,86.61
2025-11-20,9:35:48.114747597,T,TGT,F I,30,86.61
2025-11-20,9:35:48.114751276,T,TGT,F I,33,86.61
2025-11-20,9:35:48.114751276,T,TGT,F,100,86.61
2025-11-20,9:35:48.114774875,T,TGT,I,2,86.6
2025-11-20,9:35:48.114777769,T,TGT,I,28,86.6
2025-11-20,9:35:48.114822937,T,TGT,I,5,86.6
2025-11-20,9:35:48.114826091,T,TGT,I,8,86.6
2025-11-20,9:35:48.114904579,T,TGT,I,5,86.6
2025-11-20,9:35:48.114907569,T,TGT,I,9,86.6
2025-11-20,9:35:48.114907569,T,TGT,I,5,86.6
2025-11-20,9:35:48.114912946,T,TGT,I,21,86.6
2025-11-20,9:35:48.114912946,T,TGT,I,20,86.6
2025-11-20,9:35:48.114912946,T,TGT,I,21,86.6
2025-11-20,9:35:48.114912946,T,TGT,I,20,86.6
2025-11-20,9:35:48.114976075,T,TGT,I,55,86.61
2025-11-20,9:35:48.115051548,T,TGT,I,45,86.61
2025-11-20,9:35:48.115051548,T,TGT,I,8,86.6
2025-11-20,9:35:48.115051548,T,TGT,I,4,86.6
2025-11-20,9:35:48.115054629,T,TGT,I,5,86.6
2025-11-20,9:35:48.115057299,T,TGT,I,18,86.6
2025-11-20,9:35:48.115169067,T,TGT,I,6,86.6
2025-11-20,9:35:48.115394052,T,TGT,I,67,86.59
2025-11-20,9:35:48.115457536,T,TGT,I,30,86.58
2025-11-20,9:35:48.115457536,T,TGT,I,13,86.58
2025-11-20,9:35:48.115460229,T,TGT,I,24,86.58
2025-11-20,9:35:48.115694777,T,TGT,I,25,86.59
2025-11-20,9:35:48.115935342,T,TGT,,127,86.58
2025-11-20,9:35:48.115935342,T,TGT,I,85,86.57
2025-11-20,9:35:48.115986474,T,TGT,F I,43,86.58
2025-11-20,9:35:48.115992541,T,TGT,F I,41,86.58
2025-11-20,9:35:48.116007868,T,TGT,I,15,86.57
2025-11-20,9:35:48.116010525,T,TGT,I,75,86.57
2025-11-20,9:35:48.116014138,T,TGT,I,37,86.57
2025-11-20,9:35:48.116094770,T,TGT,F I,25,86.58
2025-11-20,9:35:48.116305347,T,TGT,I,76,86.56
2025-11-20,9:35:48.116305347,T,TGT,I,75,86.56
2025-11-20,9:35:48.116308276,T,TGT,I,76,86.56
2025-11-20,9:35:48.116374472,T,TGT,F I,33,86.58
2025-11-20,9:35:48.116422722,T,TGT,I,75,86.58
2025-11-20,9:35:48.116440535,T,TGT,I,1,86.58
2025-11-20,9:35:48.116474151,T,TGT,I,99,86.58
2025-11-20,9:35:48.116479706,T,TGT,I,11,86.58
2025-11-20,9:35:48.116479706,T,TGT,F,100,86.59
2025-11-20,9:35:48.116777342,T,TGT,I,25,86.58
2025-11-20,9:35:48.116780844,T,TGT,,157,86.58
2025-11-20,9:35:48.116783662,T,TGT,I,66,86.58
2025-11-20,9:35:48.116783662,T,TGT,I,12,86.58
2025-11-20,9:35:48.116786385,T,TGT,,100,86.58
2025-11-20,9:35:48.116822518,T,TGT,F I,13,86.59
2025-11-20,9:35:48.116846522,T,TGT,F I,32,86.59
2025-11-20,9:35:48.123721742,T,TGT,I,13,86.58
2025-11-20,9:35:48.123723894,T,TGT,I,32,86.58
2025-11-20,9:35:48.123726984,T,TGT,I,5,86.58
2025-11-20,9:35:48.131371161,T,TGT,I,14,86.58
2025-11-20,9:35:48.131374272,T,TGT,I,61,86.58
2025-11-20,9:35:48.131377673,T,TGT,I,75,86.58
2025-11-20,9:35:48.131377673,T,TGT,I,75,86.58
2025-11-20,9:35:48.131380108,T,TGT,,100,86.58
2025-11-20,9:35:49.252123240,T,TGT,I,76,86.56
2025-11-20,9:35:49.252132157,T,TGT,F I,76,86.56
2025-11-20,9:35:49.252141229,T,TGT,F I,25,86.56
2025-11-20,9:35:49.252432932,T,TGT,,100,86.56
2025-11-20,9:35:49.628144959,T,TGT,I,12,86.55
2025-11-20,9:35:54.803787220,T,TGT,F I,32,86.5
2025-11-20,9:35:54.803787220,T,TGT,F I,24,86.5
2025-11-20,9:35:55.868338363,T,TGT,F I,35,86.51
2025-11-20,9:35:55.868386511,T,TGT,,162,86.52
2025-11-20,9:35:55.868401606,T,TGT,F I,35,86.52
2025-11-20,9:35:58.003710713,T,TGT,I,75,86.53
2025-11-20,9:35:58.003767821,T,TGT,,108,86.53
2025-11-20,9:35:58.003767821,T,TGT,F,381,86.53
2025-11-20,9:35:58.003771022,T,TGT,F,127,86.53
2025-11-20,9:35:58.003773828,T,TGT,,609,86.53
2025-11-20,9:35:59.741256618,T,TGT,F,100,86.53
2025-11-20,9:35:59.741256618,T,TGT,F I,35,86.53
2025-11-20,9:35:59.741893742,T,TGT,I,11,86.53
2025-11-20,9:36:02.460078371,T,TGT,F I,1,86.53
2025-11-20,9:36:07.127194335,T,TGT,I,2,86.48
2025-11-20,9:36:07.127281656,T,TGT,F I,25,86.48
2025-11-20,9:36:07.127281656,T,TGT,F I,25,86.48
2025-11-20,9:36:07.173089769,T,TGT,F I,25,86.48
2025-11-20,9:36:11.819070795,T,TGT,,100,86.48
2025-11-20,9:36:17.890592370,T,TGT,F I,30,86.52
2025-11-20,9:36:19.740527546,T,TGT,F I,25,86.54
2025-11-20,9:36:19.741327549,T,TGT,F I,25,86.5
2025-11-20,9:36:23.360933521,T,TGT,F,100,86.46
2025-11-20,9:36:23.360954672,T,TGT,I,1,86.46
2025-11-20,9:36:23.360987761,T,TGT,F,100,86.46
2025-11-20,9:36:23.360993687,T,TGT,F I,75,86.46
2025-11-20,9:36:23.361012206,T,TGT,,127,86.46
2025-11-20,9:36:23.361012206,T,TGT,F I,25,86.46
2025-11-20,9:36:23.361065944,T,TGT,I,75,86.45
2025-11-20,9:36:23.361583356,T,TGT,F I,75,86.45
2025-11-20,9:36:23.364097101,T,TGT,I,41,86.45
2025-11-20,9:36:23.364136195,T,TGT,F I,75,86.45
2025-11-20,9:36:23.364148253,T,TGT,I,75,86.45
2025-11-20,9:36:23.364187318,T,TGT,I,75,86.45
2025-11-20,9:36:23.364223400,T,TGT,I,75,86.45
2025-11-20,9:36:23.364238465,T,TGT,F I,22,86.45
2025-11-20,9:36:23.368833355,T,TGT,,100,86.46
2025-11-20,9:36:26.787016766,T,TGT,F,100,86.5
2025-11-20,9:36:26.787019809,T,TGT,F I,25,86.5
2025-11-20,9:36:26.787031822,T,TGT,F,100,86.5
2025-11-20,9:36:26.787311426,T,TGT,F,300,86.5
2025-11-20,9:36:27.729046945,T,TGT,F I,75,86.46
2025-11-20,9:36:27.729089048,T,TGT,F I,75,86.46
2025-11-20,9:36:27.729122163,T,TGT,F I,75,86.46
2025-11-20,9:36:27.729513150,T,TGT,F I,75,86.46
2025-11-20,9:36:28.191927683,T,TGT,I,75,86.46
2025-11-20,9:36:28.191951752,T,TGT,F I,75,86.46
2025-11-20,9:36:28.191981856,T,TGT,I,75,86.46
2025-11-20,9:36:28.192150281,T,TGT,I,75,86.46
2025-11-20,9:36:28.192186392,T,TGT,I,75,86.46
2025-11-20,9:36:28.192219407,T,TGT,I,25,86.46
2025-11-20,9:36:28.298083736,T,TGT,I,16,86.46
2025-11-20,9:36:29.080577864,T,TGT,,100,86.45
2025-11-20,9:36:45.300193189,T,TGT,F I,2,86.48
2025-11-20,9:36:45.300201924,T,TGT,F I,2,86.48
2025-11-20,9:36:45.300205284,T,TGT,F I,2,86.48
2025-11-20,9:36:45.300205284,T,TGT,F I,2,86.48
2025-11-20,9:36:45.300222978,T,TGT,F I,2,86.49
2025-11-20,9:36:45.328574522,T,TGT,F,100,86.52
2025-11-20,9:36:46.210828420,T,TGT,F I,25,86.53
2025-11-20,9:36:47.736407894,T,TGT,F I,75,86.5
2025-11-20,9:37:00.496394746,T,TGT,F I,75,86.43
2025-11-20,9:37:02.702122594,T,TGT,F,100,86.4
2025-11-20,9:37:02.703063830,T,TGT,I,1,86.38
2025-11-20,9:37:02.703193991,T,TGT,F,600,86.37
2025-11-20,9:37:02.703523855,T,TGT,F I,34,86.37
2025-11-20,9:37:02.703692291,T,TGT,F I,34,86.35
2025-11-20,9:37:02.703950922,T,TGT,F,100,86.34
2025-11-20,9:37:02.705388350,T,TGT,I,3,86.34
2025-11-20,9:37:02.705409428,T,TGT,F I,62,86.34
2025-11-20,9:37:11.402374721,T,TGT,F I,45,86.42
2025-11-20,9:37:11.402395753,T,TGT,F I,45,86.42
2025-11-20,9:37:11.402416877,T,TGT,F I,10,86.42
2025-11-20,9:37:11.402455871,T,TGT,F I,45,86.43
2025-11-20,9:37:29.415212715,T,TGT,F I,5,86.42
2025-11-20,9:37:29.415216336,T,TGT,F,100,86.42
2025-11-20,9:37:29.415219520,T,TGT,F,100,86.42
2025-11-20,9:37:29.415219520,T,TGT,F,100,86.42
2025-11-20,9:37:29.415492311,T,TGT,,100,86.42
2025-11-20,9:37:29.415700409,T,TGT,,100,86.4
2025-11-20,9:37:29.415750925,T,TGT,F,100,86.39
2025-11-20,9:37:29.415814347,T,TGT,I,1,86.4
2025-11-20,9:37:29.415814347,T,TGT,F I,17,86.4
2025-11-20,9:37:29.416415522,T,TGT,,100,86.37
2025-11-20,9:37:29.416439901,T,TGT,,100,86.37
2025-11-20,9:37:29.416779344,T,TGT,I,11,86.37
2025-11-20,9:37:29.416782423,T,TGT,I,11,86.37
2025-11-20,9:37:29.416821522,T,TGT,F I,8,86.37
2025-11-20,9:37:29.416830485,T,TGT,F I,3,86.37
2025-11-20,9:37:29.416837507,T,TGT,I,82,86.37
2025-11-20,9:37:29.416842567,T,TGT,,100,86.37
2025-11-20,9:37:29.416842567,T,TGT,I,7,86.37
2025-11-20,9:37:29.416842567,T,TGT,I,15,86.37
2025-11-20,9:37:29.416950841,T,TGT,F I,1,86.36
2025-11-20,9:37:29.416981218,T,TGT,I,23,86.36
2025-11-20,9:37:29.418710349,T,TGT,F I,2,86.37
2025-11-20,9:37:29.418712935,T,TGT,F I,14,86.37
2025-11-20,9:37:29.418716002,T,TGT,F I,3,86.37
2025-11-20,9:37:29.418764087,T,TGT,F,100,86.37
2025-11-20,9:37:29.418767088,T,TGT,I,11,86.37
2025-11-20,9:37:29.418767088,T,TGT,I,2,86.37
2025-11-20,9:37:29.418782209,T,TGT,I,78,86.38
2025-11-20,9:37:29.418809307,T,TGT,I,13,86.36
2025-11-20,9:37:29.419227257,T,TGT,F I,2,86.37
2025-11-20,9:37:29.462377431,T,TGT,F I,2,86.37
2025-11-20,9:37:29.462377431,T,TGT,F I,1,86.37
2025-11-20,9:37:29.462379981,T,TGT,F I,1,86.37
2025-11-20,9:37:29.462449138,T,TGT,F I,75,86.36
2025-11-20,9:37:29.712287340,T,TGT,I,75,86.345
2025-11-20,9:37:29.716217729,T,TGT,,100,86.345
2025-11-20,9:37:30.455640349,T,TGT,F I,25,86.35
2025-11-20,9:37:31.997804268,T,TGT,,100,86.345
2025-11-20,9:37:35.615188318,T,TGT,I,2,86.37
2025-11-20,9:37:35.615188318,T,TGT,I,24,86.37
2025-11-20,9:37:35.615191213,T,TGT,I,35,86.37
2025-11-20,9:37:36.343078270,T,TGT,F I,75,86.35
2025-11-20,9:37:36.343123370,T,TGT,F I,75,86.35
2025-11-20,9:37:37.841623360,T,TGT,F I,75,86.35
2025-11-20,9:37:37.841650483,T,TGT,I,75,86.35
2025-11-20,9:37:37.841701586,T,TGT,F I,12,86.35
2025-11-20,9:37:37.842291181,T,TGT,F,100,86.31
2025-11-20,9:37:37.842525856,T,TGT,F I,1,86.3
2025-11-20,9:37:37.843746405,T,TGT,I,7,86.31
2025-11-20,9:37:39.110947348,T,TGT,I,7,86.31
2025-11-20,9:37:44.570420873,T,TGT,,100,86.29
2025-11-20,9:37:44.570622482,T,TGT,F I,35,86.3
2025-11-20,9:37:44.570625441,T,TGT,F I,2,86.3
2025-11-20,9:37:44.570676539,T,TGT,I,2,86.29
2025-11-20,9:37:44.570679520,T,TGT,I,35,86.29
2025-11-20,9:37:44.570784757,T,TGT,I,35,86.29
2025-11-20,9:37:44.570784757,T,TGT,I,7,86.29
2025-11-20,9:37:44.570820831,T,TGT,F I,61,86.3
2025-11-20,9:37:44.577580951,T,TGT,F I,33,86.32
2025-11-20,9:37:44.578260754,T,TGT,F I,8,86.31
2025-11-20,9:37:44.578263639,T,TGT,F I,18,86.32
2025-11-20,9:37:44.578272596,T,TGT,F I,1,86.32
2025-11-20,9:37:44.578272596,T,TGT,F I,7,86.32
2025-11-20,9:37:48.168477840,T,TGT,F I,7,86.33
2025-11-20,9:37:48.168480846,T,TGT,F I,32,86.33
2025-11-20,9:37:50.237557182,T,TGT,F I,60,86.36
2025-11-20,9:37:50.237590204,T,TGT,F I,25,86.36
2025-11-20,9:37:54.004403462,T,TGT,F I,25,86.35
2025-11-20,9:37:54.004403462,T,TGT,F I,9,86.35
2025-11-20,9:37:54.004631634,T,TGT,F I,2,86.39
2025-11-20,9:37:54.004652707,T,TGT,F,100,86.39
2025-11-20,9:37:54.004959494,T,TGT,I,27,86.39
2025-11-20,9:37:54.005299215,T,TGT,F I,13,86.39
2025-11-20,9:37:54.005341697,T,TGT,F I,17,86.4
2025-11-20,9:37:54.006417884,T,TGT,F,100,86.39
2025-11-20,9:37:54.006420897,T,TGT,F I,1,86.39
2025-11-20,9:37:54.006423990,T,TGT,F,100,86.39
2025-11-20,9:37:54.006423990,T,TGT,F I,27,86.39
2025-11-20,9:37:54.007704975,T,TGT,F I,6,86.39
2025-11-20,9:37:54.007726071,T,TGT,,100,86.37
2025-11-20,9:37:54.007747103,T,TGT,I,1,86.39
2025-11-20,9:37:54.007777126,T,TGT,I,99,86.39
2025-11-20,9:37:54.007981704,T,TGT,F I,59,86.4
2025-11-20,9:37:54.007984694,T,TGT,F I,2,86.4
2025-11-20,9:37:54.008012344,T,TGT,,100,86.39
2025-11-20,9:37:54.008012344,T,TGT,I,2,86.39
2025-11-20,9:37:54.008015349,T,TGT,I,59,86.39
2025-11-20,9:37:54.008015349,T,TGT,,100,86.38
2025-11-20,9:37:54.008018521,T,TGT,I,39,86.38
2025-11-20,9:37:54.008110936,T,TGT,F I,2,86.4
2025-11-20,9:37:54.008141024,T,TGT,I,7,86.4
2025-11-20,9:37:54.008141024,T,TGT,I,54,86.39
2025-11-20,9:37:54.008231210,T,TGT,I,7,86.4
2025-11-20,9:37:54.008261266,T,TGT,I,7,86.39
2025-11-20,9:37:54.008312553,T,TGT,F I,2,86.4
2025-11-20,9:37:54.008342565,T,TGT,,100,86.38
2025-11-20,9:37:54.008381580,T,TGT,F I,7,86.4
2025-11-20,9:37:54.008435771,T,TGT,I,3,86.39
2025-11-20,9:37:54.008435771,T,TGT,I,2,86.39
2025-11-20,9:37:54.008486907,T,TGT,F I,2,86.4
2025-11-20,9:37:54.008492830,T,TGT,F I,20,86.4
2025-11-20,9:37:54.008556063,T,TGT,I,2,86.39
2025-11-20,9:37:54.008559016,T,TGT,I,20,86.39
2025-11-20,9:37:54.008568026,T,TGT,F I,71,86.4
2025-11-20,9:37:54.008568026,T,TGT,F I,13,86.4
2025-11-20,9:37:54.105946317,T,TGT,I,71,86.37
2025-11-20,9:37:54.105949364,T,TGT,,100,86.37
2025-11-20,9:37:54.105949364,T,TGT,I,7,86.37
2025-11-20,9:37:58.406223903,T,TGT,F I,12,86.37
2025-11-20,9:37:58.406707961,T,TGT,I,7,86.38
2025-11-20,9:37:58.410545167,T,TGT,I,38,86.36
2025-11-20,9:37:58.410872917,T,TGT,F I,36,86.38
2025-11-20,9:38:01.367832451,T,TGT,F I,2,86.38
2025-11-20,9:38:02.942693355,T,TGT,I,40,86.38
2025-11-20,9:38:02.942747470,T,TGT,I,5,86.39
2025-11-20,9:38:02.942750428,T,TGT,,100,86.39
2025-11-20,9:38:04.958380427,T,TGT,F I,2,86.32
2025-11-20,9:38:04.958404537,T,TGT,F I,2,86.32
2025-11-20,9:38:04.958407479,T,TGT,F,150,86.32
2025-11-20,9:38:04.958485819,T,TGT,F I,75,86.32
2025-11-20,9:38:04.958539765,T,TGT,F I,25,86.32
2025-11-20,9:38:04.994652840,T,TGT,I,14,86.32
2025-11-20,9:38:08.374004713,T,TGT,F,100,86.34
2025-11-20,9:38:09.463990437,T,TGT,I,60,86.35
2025-11-20,9:38:11.874857887,T,TGT,F,100,86.36
2025-11-20,9:38:11.892594152,T,TGT,I,11,86.39
2025-11-20,9:38:11.892660326,T,TGT,F I,4,86.38
2025-11-20,9:38:11.892663388,T,TGT,F I,1,86.38
2025-11-20,9:38:11.892666326,T,TGT,F I,1,86.38
2025-11-20,9:38:11.895150262,T,TGT,F,100,86.38
2025-11-20,9:38:11.897904825,T,TGT,F I,27,86.38
2025-11-20,9:38:11.897904825,T,TGT,F I,6,86.39
2025-11-20,9:38:11.897907831,T,TGT,F I,67,86.39
2025-11-20,9:38:11.897922843,T,TGT,I,1,86.39
2025-11-20,9:38:11.898130438,T,TGT,F I,32,86.37
2025-11-20,9:38:11.901354058,T,TGT,F I,7,86.37
2025-11-20,9:38:11.901354058,T,TGT,F I,93,86.37
2025-11-20,9:38:11.901372148,T,TGT,F I,7,86.37
2025-11-20,9:38:11.901375127,T,TGT,F I,32,86.37
2025-11-20,9:38:11.904412749,T,TGT,F I,60,86.38
2025-11-20,9:38:11.904415329,T,TGT,F I,40,86.39
2025-11-20,9:38:11.904638239,T,TGT,F,100,86.37
2025-11-20,9:38:11.904640976,T,TGT,F I,2,86.37
2025-11-20,9:38:11.907438471,T,TGT,F I,2,86.38
2025-11-20,9:38:11.907438471,T,TGT,F I,18,86.38
2025-11-20,9:38:11.907440691,T,TGT,F I,14,86.38
2025-11-20,9:38:11.907440691,T,TGT,F I,5,86.38
2025-11-20,9:38:11.907443598,T,TGT,F I,8,86.38
2025-11-20,9:38:11.907446536,T,TGT,F I,8,86.38
2025-11-20,9:38:11.907446536,T,TGT,F I,45,86.38
2025-11-20,9:38:11.907867535,T,TGT,F I,18,86.36
2025-11-20,9:38:11.912387392,T,TGT,F I,18,86.38
2025-11-20,9:38:11.912387392,T,TGT,F I,82,86.38
2025-11-20,9:38:11.915451761,T,TGT,F I,8,86.38
2025-11-20,9:38:11.915451761,T,TGT,F I,28,86.38
2025-11-20,9:38:11.915454652,T,TGT,F I,64,86.38
2025-11-20,9:38:11.915878683,T,TGT,F I,30,86.36
2025-11-20,9:38:11.915881706,T,TGT,F I,8,86.36
2025-11-20,9:38:11.919088094,T,TGT,F I,30,86.38
2025-11-20,9:38:11.919088094,T,TGT,F I,8,86.38
2025-11-20,9:38:11.919090273,T,TGT,F I,6,86.38
2025-11-20,9:38:11.919093275,T,TGT,F I,56,86.38
2025-11-20,9:38:11.922900357,T,TGT,F I,9,86.38
2025-11-20,9:38:11.922903404,T,TGT,F I,8,86.38
2025-11-20,9:38:11.922903404,T,TGT,F I,83,86.39
2025-11-20,9:38:11.923153388,T,TGT,F I,2,86.38
2025-11-20,9:38:11.926427772,T,TGT,F I,7,86.38
2025-11-20,9:38:11.926427772,T,TGT,F I,25,86.38
2025-11-20,9:38:11.926430996,T,TGT,F I,21,86.4
2025-11-20,9:38:11.926433779,T,TGT,F I,13,86.4
2025-11-20,9:38:11.926433779,T,TGT,F I,34,86.4
2025-11-20,9:38:11.926752596,T,TGT,F I,71,86.37
2025-11-20,9:38:11.927486351,T,TGT,I,30,86.37
2025-11-20,9:38:11.930896429,T,TGT,F I,45,86.37
2025-11-20,9:38:11.930896429,T,TGT,F I,55,86.37
2025-11-20,9:38:11.930914473,T,TGT,F I,16,86.37
2025-11-20,9:38:11.934090064,T,TGT,F I,21,86.41
2025-11-20,9:38:11.934090064,T,TGT,F I,41,86.41
2025-11-20,9:38:11.934093525,T,TGT,F I,13,86.41
2025-11-20,9:38:11.934093525,T,TGT,F I,21,86.42
2025-11-20,9:38:11.934096012,T,TGT,F I,4,86.42
2025-11-20,9:38:11.934138201,T,TGT,F I,71,86.39
2025-11-20,9:38:11.934387985,T,TGT,I,21,86.37
2025-11-20,9:38:11.934387985,T,TGT,,100,86.37
2025-11-20,9:38:11.934393741,T,TGT,I,25,86.37
2025-11-20,9:38:11.934393741,T,TGT,I,26,86.37
2025-11-20,9:38:11.935169576,T,TGT,I,75,86.37
2025-11-20,9:38:11.935176496,T,TGT,I,52,86.37
2025-11-20,9:38:11.935176496,T,TGT,I,48,86.37
2025-11-20,9:38:11.935176496,T,TGT,I,75,86.37
2025-11-20,9:38:11.935181645,T,TGT,I,75,86.37
2025-11-20,9:38:11.935181645,T,TGT,,100,86.37
2025-11-20,9:38:11.935184672,T,TGT,I,23,86.37
2025-11-20,9:38:11.935184672,T,TGT,I,77,86.37
2025-11-20,9:38:11.935548485,T,TGT,F I,16,86.37
2025-11-20,9:38:11.935551552,T,TGT,F I,20,86.37
2025-11-20,9:38:11.935578784,T,TGT,I,12,86.37
2025-11-20,9:38:11.936465761,T,TGT,F I,8,86.37
2025-11-20,9:38:11.938279070,T,TGT,F I,38,86.39
2025-11-20,9:38:11.938279070,T,TGT,F I,21,86.41
2025-11-20,9:38:11.938282083,T,TGT,F I,13,86.41
2025-11-20,9:38:11.938282083,T,TGT,F I,28,86.42
2025-11-20,9:38:11.940516555,T,TGT,F I,38,86.37
2025-11-20,9:38:11.940519433,T,TGT,F I,30,86.37
2025-11-20,9:38:11.940519433,T,TGT,F I,25,86.37
2025-11-20,9:38:11.940522367,T,TGT,F I,21,86.37
2025-11-20,9:38:11.942044534,T,TGT,F I,13,86.4
2025-11-20,9:38:11.942047131,T,TGT,F I,28,86.4
2025-11-20,9:38:11.942047131,T,TGT,F I,59,86.4
2025-11-20,9:38:11.942471071,T,TGT,F I,10,86.38
2025-11-20,9:38:11.945481148,T,TGT,F I,14,86.39
2025-11-20,9:38:11.945481148,T,TGT,F I,1,86.39
2025-11-20,9:38:11.945487342,T,TGT,F I,10,86.39
2025-11-20,9:38:11.945487342,T,TGT,F I,21,86.41
2025-11-20,9:38:11.945487342,T,TGT,F I,13,86.41
2025-11-20,9:38:11.945490854,T,TGT,F I,9,86.42
2025-11-20,9:38:11.945493180,T,TGT,F I,13,86.42
2025-11-20,9:38:11.945496235,T,TGT,F I,19,86.42
2025-11-20,9:38:11.945496235,T,TGT,F,100,86.42
2025-11-20,9:38:11.945547382,T,TGT,I,71,86.39
2025-11-20,9:38:11.945712894,T,TGT,F I,13,86.39
2025-11-20,9:38:11.945743036,T,TGT,I,21,86.38
2025-11-20,9:38:11.945745778,T,TGT,I,13,86.38
2025-11-20,9:38:11.945745778,T,TGT,I,12,86.38
2025-11-20,9:38:11.951185899,T,TGT,F I,57,86.39
2025-11-20,9:38:11.951189169,T,TGT,F I,25,86.39
2025-11-20,9:38:11.951189169,T,TGT,F I,18,86.4
2025-11-20,9:38:11.954731268,T,TGT,F I,82,86.4
2025-11-20,9:38:11.954734193,T,TGT,F I,18,86.42
2025-11-20,9:38:11.954743367,T,TGT,F,100,86.42
2025-11-20,9:38:11.955028911,T,TGT,F I,2,86.39
2025-11-20,9:38:11.955164219,T,TGT,F,100,86.38
2025-11-20,9:38:11.958264601,T,TGT,F I,9,86.39
2025-11-20,9:38:11.958264601,T,TGT,F I,30,86.39
2025-11-20,9:38:11.958270647,T,TGT,F I,11,86.39
2025-11-20,9:38:11.958270647,T,TGT,F I,25,86.39
2025-11-20,9:38:11.958695232,T,TGT,F I,11,86.38
2025-11-20,9:38:11.958698405,T,TGT,F I,19,86.38
2025-11-20,9:38:11.958698405,T,TGT,F I,11,86.38
2025-11-20,9:38:11.962420567,T,TGT,F I,27,86.4
2025-11-20,9:38:11.962423532,T,TGT,F I,21,86.42
2025-11-20,9:38:11.962423532,T,TGT,F I,13,86.42
2025-11-20,9:38:11.962426604,T,TGT,F I,39,86.43
2025-11-20,9:38:11.962778351,T,TGT,I,61,86.43
2025-11-20,9:38:11.962781394,T,TGT,I,13,86.43
2025-11-20,9:38:11.962826531,T,TGT,F I,65,86.41
2025-11-20,9:38:11.962838552,T,TGT,F I,21,86.41
2025-11-20,9:38:11.962853522,T,TGT,F I,21,86.39
2025-11-20,9:38:11.962856702,T,TGT,F I,6,86.39
2025-11-20,9:38:11.962856702,T,TGT,F I,19,86.39
2025-11-20,9:38:11.962859637,T,TGT,F I,11,86.38
2025-11-20,9:38:11.966405467,T,TGT,F I,71,86.41
2025-11-20,9:38:11.966408325,T,TGT,F I,30,86.41
2025-11-20,9:38:11.966411813,T,TGT,F I,38,86.41
2025-11-20,9:38:11.966411813,T,TGT,F I,13,86.41
2025-11-20,9:38:11.966414992,T,TGT,F I,18,86.41
2025-11-20,9:38:11.966414992,T,TGT,F I,23,86.41
2025-11-20,9:38:11.966417041,T,TGT,F I,7,86.41
2025-11-20,9:38:11.966633579,T,TGT,F I,30,86.39
2025-11-20,9:38:11.966654631,T,TGT,F I,71,86.39
2025-11-20,9:38:11.974629972,T,TGT,F I,93,86.39
2025-11-20,9:38:11.974629972,T,TGT,F I,7,86.42
2025-11-20,9:38:11.974674735,T,TGT,F I,38,86.4
2025-11-20,9:38:11.991920860,T,TGT,F I,41,86.37
2025-11-20,9:38:11.991920860,T,TGT,F I,13,86.37
2025-11-20,9:38:11.991971913,T,TGT,F,100,86.37
2025-11-20,9:38:17.544499440,T,TGT,I,2,86.32
2025-11-20,9:38:17.544499440,T,TGT,I,38,86.32
2025-11-20,9:38:17.544547171,T,TGT,,100,86.31
2025-11-20,9:38:17.544568245,T,TGT,I,1,86.31
2025-11-20,9:38:17.545016296,T,TGT,I,1,86.3
2025-11-20,9:38:17.545016296,T,TGT,I,40,86.3
2025-11-20,9:38:17.545289991,T,TGT,F I,14,86.31
2025-11-20,9:38:17.545293167,T,TGT,F I,3,86.31
2025-11-20,9:38:17.545295970,T,TGT,F I,18,86.31
2025-11-20,9:38:17.545344467,T,TGT,I,3,86.3
2025-11-20,9:38:17.545347098,T,TGT,I,14,86.3
2025-11-20,9:38:17.545801170,T,TGT,I,10,86.3
2025-11-20,9:38:17.545829098,T,TGT,I,24,86.3
2025-11-20,9:38:17.545831452,T,TGT,I,5,86.3
2025-11-20,9:38:17.545834252,T,TGT,I,3,86.3
2025-11-20,9:38:17.545972599,T,TGT,F I,13,86.32
2025-11-20,9:38:17.546068985,T,TGT,,100,86.31
2025-11-20,9:38:17.546072057,T,TGT,I,14,86.31
2025-11-20,9:38:17.546072057,T,TGT,I,6,86.31
2025-11-20,9:38:17.546074884,T,TGT,I,3,86.31
2025-11-20,9:38:17.547097393,T,TGT,F I,11,86.32
2025-11-20,9:38:17.547097393,T,TGT,F I,3,86.32
2025-11-20,9:38:17.547103781,T,TGT,F I,3,86.32
2025-11-20,9:38:17.547103781,T,TGT,F I,3,86.32
2025-11-20,9:38:17.547107168,T,TGT,F I,13,86.32
2025-11-20,9:38:17.547107168,T,TGT,F I,8,86.32
2025-11-20,9:38:17.547112317,T,TGT,F I,9,86.32
2025-11-20,9:38:17.547112317,T,TGT,F I,17,86.32
2025-11-20,9:38:17.547112317,T,TGT,F I,3,86.32
2025-11-20,9:38:17.547166593,T,TGT,I,12,86.31
2025-11-20,9:38:19.217369503,T,TGT,I,69,86.29
2025-11-20,9:38:20.599287744,T,TGT,F,100,86.28
2025-11-20,9:38:20.599311861,T,TGT,I,1,86.28
2025-11-20,9:38:20.599317864,T,TGT,F I,50,86.28
2025-11-20,9:38:20.602391161,T,TGT,I,10,86.28
2025-11-20,9:38:22.399962653,T,TGT,F I,11,86.29
2025-11-20,9:38:22.399962653,T,TGT,F I,12,86.29
2025-11-20,9:38:22.400525031,T,TGT,F I,5,86.3
2025-11-20,9:38:22.519668878,T,TGT,F I,2,86.33
2025-11-20,9:38:22.519668878,T,TGT,F I,14,86.33
2025-11-20,9:38:22.519671866,T,TGT,F I,25,86.33
2025-11-20,9:38:22.522002374,T,TGT,I,75,86.32
2025-11-20,9:38:22.524573467,T,TGT,I,41,86.31
2025-11-20,9:38:23.463049363,T,TGT,I,41,86.33
2025-11-20,9:38:23.463052252,T,TGT,I,16,86.33
2025-11-20,9:38:24.070577575,T,TGT,F I,25,86.34
2025-11-20,9:38:24.070580658,T,TGT,F I,88,86.33
2025-11-20,9:38:24.070598628,T,TGT,I,1,86.33
2025-11-20,9:38:31.663477642,T,TGT,F I,40,86.4
2025-11-20,9:38:31.663480604,T,TGT,F I,25,86.4
2025-11-20,9:38:31.894358668,T,TGT,F I,60,86.45
2025-11-20,9:38:31.894436876,T,TGT,F I,22,86.46
2025-11-20,9:38:31.894764911,T,TGT,,182,86.46
2025-11-20,9:38:31.894785665,T,TGT,I,1,86.46
2025-11-20,9:38:31.894785665,T,TGT,I,17,86.46
2025-11-20,9:38:31.894918073,T,TGT,,100,86.46
2025-11-20,9:38:31.894939101,T,TGT,I,1,86.46
2025-11-20,9:38:31.894990216,T,TGT,,100,86.43
2025-11-20,9:38:31.895078249,T,TGT,,100,86.45
2025-11-20,9:38:31.900159465,T,TGT,F I,13,86.46
2025-11-20,9:38:31.900162569,T,TGT,F,100,86.46
2025-11-20,9:38:32.553129105,T,TGT,F I,2,86.5
2025-11-20,9:38:34.752656111,T,TGT,F,1179,86.43
2025-11-20,9:38:34.752677280,T,TGT,F,221,86.43
2025-11-20,9:38:34.752677280,T,TGT,F,100,86.43
2025-11-20,9:38:35.868768145,T,TGT,F I,60,86.49
2025-11-20,9:38:35.897318264,T,TGT,I,2,86.46
2025-11-20,9:38:39.370716221,T,TGT,F I,82,86.46
2025-11-20,9:38:39.370770256,T,TGT,,100,86.47
2025-11-20,9:38:40.752153182,T,TGT,F I,25,86.5
2025-11-20,9:38:40.752153182,T,TGT,F I,15,86.51
2025-11-20,9:38:40.906342490,T,TGT,F I,10,86.52
2025-11-20,9:38:40.906345576,T,TGT,F I,11,86.52
2025-11-20,9:38:54.216802761,T,TGT,F,100,86.43
2025-11-20,9:38:54.216805806,T,TGT,F,100,86.43
2025-11-20,9:38:54.354022733,T,TGT,I,10,86.43
2025-11-20,9:38:54.354022733,T,TGT,I,20,86.43
2025-11-20,9:38:54.483860041,T,TGT,I,25,86.44
2025-11-20,9:38:55.197336835,T,TGT,F,100,86.44
2025-11-20,9:38:55.197343188,T,TGT,F,100,86.44
2025-11-20,9:38:55.197345827,T,TGT,F I,5,86.44
2025-11-20,9:38:55.197586405,T,TGT,,100,86.44
2025-11-20,9:38:55.197607416,T,TGT,I,1,86.44
2025-11-20,9:38:56.118548445,T,TGT,F I,13,86.41
2025-11-20,9:39:01.774086000,T,TGT,,100,86.41
2025-11-20,9:39:01.774588264,T,TGT,I,24,86.41
2025-11-20,9:39:02.875114134,T,TGT,F,100,86.39
2025-11-20,9:39:02.875715532,T,TGT,F,200,86.39
2025-11-20,9:39:02.876289870,T,TGT,F,300,86.39
2025-11-20,9:39:02.876341010,T,TGT,F I,19,86.4
2025-11-20,9:39:04.302362242,T,TGT,F,100,86.33
2025-11-20,9:39:04.394246189,T,TGT,I,40,86.3
2025-11-20,9:39:06.277242176,T,TGT,I,1,86.26
2025-11-20,9:39:06.277245199,T,TGT,I,43,86.26
2025-11-20,9:39:06.277248171,T,TGT,F I,5,86.29
2025-11-20,9:39:06.277257240,T,TGT,F I,35,86.29
2025-11-20,9:39:06.277263760,T,TGT,F I,22,86.26
2025-11-20,9:39:06.277266311,T,TGT,F I,24,86.26
2025-11-20,9:39:06.277269740,T,TGT,F I,25,86.26
2025-11-20,9:39:06.277272483,T,TGT,F I,38,86.26
2025-11-20,9:39:06.277272483,T,TGT,I,89,86.26
2025-11-20,9:39:06.277275701,T,TGT,I,3,86.27
2025-11-20,9:39:06.277287388,T,TGT,I,72,86.275
2025-11-20,9:39:06.277314392,T,TGT,F I,2,86.29
2025-11-20,9:39:06.277338385,T,TGT,F I,4,86.28
2025-11-20,9:39:06.277437819,T,TGT,I,98,86.29
2025-11-20,9:39:06.277437819,T,TGT,I,23,86.29
2025-11-20,9:39:06.277524842,T,TGT,F I,2,86.3
2025-11-20,9:39:06.277527836,T,TGT,F,100,86.3
2025-11-20,9:39:06.277531085,T,TGT,F I,13,86.3
2025-11-20,9:39:06.277531085,T,TGT,F I,17,86.3
2025-11-20,9:39:06.277624158,T,TGT,F I,25,86.3
2025-11-20,9:39:06.277678209,T,TGT,F I,27,86.3
2025-11-20,9:39:06.277798526,T,TGT,I,25,86.29
2025-11-20,9:39:06.277840655,T,TGT,F I,3,86.3
2025-11-20,9:39:06.277885773,T,TGT,I,75,86.3
2025-11-20,9:39:06.277888992,T,TGT,I,25,86.3
2025-11-20,9:39:06.277888992,T,TGT,I,3,86.29
2025-11-20,9:39:06.277892357,T,TGT,I,75,86.29
2025-11-20,9:39:06.278472127,T,TGT,F I,12,86.32
2025-11-20,9:39:06.279253985,T,TGT,,232,86.33
2025-11-20,9:39:06.279274993,T,TGT,I,1,86.33
2025-11-20,9:39:06.279302142,T,TGT,I,28,86.33
2025-11-20,9:39:06.285668300,T,TGT,F I,75,86.3
2025-11-20,9:39:06.285668300,T,TGT,F,110,86.29
2025-11-20,9:39:06.367409053,T,TGT,I,12,86.29
2025-11-20,9:39:06.483573209,T,TGT,F I,25,86.3
2025-11-20,9:39:06.483575780,T,TGT,F I,35,86.31
2025-11-20,9:39:06.483581737,T,TGT,F I,65,86.31
2025-11-20,9:39:06.483581737,T,TGT,F I,60,86.32
2025-11-20,9:39:08.888125382,T,TGT,I,20,86.32
2025-11-20,9:39:08.888371930,T,TGT,F I,5,86.32
2025-11-20,9:39:12.147930370,T,TGT,I,75,86.295
2025-11-20,9:39:12.270778995,T,TGT,F I,39,86.28
2025-11-20,9:39:12.270778995,T,TGT,F I,27,86.28
2025-11-20,9:39:12.270794042,T,TGT,F I,25,86.28
2025-11-20,9:39:14.714971926,T,TGT,F I,42,86.28
2025-11-20,9:39:19.091947434,T,TGT,I,16,86.265
2025-11-20,9:39:19.288423528,T,TGT,F I,19,86.29
2025-11-20,9:39:21.594689916,T,TGT,I,30,86.32
2025-11-20,9:39:21.594711131,T,TGT,F I,50,86.33
2025-11-20,9:39:21.605717176,T,TGT,,100,86.325
2025-11-20,9:39:32.377863147,T,TGT,F I,2,86.31
2025-11-20,9:39:32.377866502,T,TGT,F I,28,86.31
2025-11-20,9:39:32.377866502,T,TGT,F I,1,86.31
2025-11-20,9:39:32.377869196,T,TGT,F I,1,86.31
2025-11-20,9:39:32.378025556,T,TGT,,147,86.31
2025-11-20,9:39:32.924836170,T,TGT,I,34,86.33
2025-11-20,9:39:34.952900823,T,TGT,F I,25,86.35
2025-11-20,9:39:34.952991081,T,TGT,F,100,86.36
2025-11-20,9:39:37.604434714,T,TGT,F,100,86.38
2025-11-20,9:39:37.604459111,T,TGT,I,72,86.38
2025-11-20,9:39:37.604461769,T,TGT,I,1,86.38
2025-11-20,9:39:37.605324938,T,TGT,F I,32,86.36
2025-11-20,9:39:37.605324938,T,TGT,F,100,86.36
2025-11-20,9:39:37.605385029,T,TGT,I,25,86.36
2025-11-20,9:39:37.605421133,T,TGT,I,75,86.36
2025-11-20,9:39:37.605565434,T,TGT,F,100,86.36
2025-11-20,9:39:37.605706824,T,TGT,F I,40,86.37
2025-11-20,9:39:37.606443599,T,TGT,I,26,86.36
2025-11-20,9:39:37.808055899,T,TGT,I,26,86.36
2025-11-20,9:39:39.207719436,T,TGT,,100,86.37
2025-11-20,9:39:40.010548797,T,TGT,F I,40,86.4
2025-11-20,9:39:40.010548797,T,TGT,F,100,86.4
2025-11-20,9:39:40.010551091,T,TGT,F I,3,86.4
2025-11-20,9:39:40.010551091,T,TGT,F I,15,86.4
2025-11-20,9:39:40.010987227,T,TGT,F,100,86.38
2025-11-20,9:39:40.010993434,T,TGT,F I,42,86.38
2025-11-20,9:39:40.010996090,T,TGT,F I,9,86.38
2025-11-20,9:39:40.011341916,T,TGT,I,17,86.39
2025-11-20,9:39:40.011381575,T,TGT,F,100,86.38
2025-11-20,9:39:40.012238008,T,TGT,F I,25,86.36
2025-11-20,9:39:40.012238008,T,TGT,F I,13,86.36
2025-11-20,9:39:40.012241046,T,TGT,F I,57,86.36
2025-11-20,9:39:50.757963325,T,TGT,F I,49,86.37
2025-11-20,9:39:50.757966187,T,TGT,F,100,86.37
2025-11-20,9:39:50.757969300,T,TGT,F I,26,86.37
2025-11-20,9:39:50.757972203,T,TGT,F I,32,86.37
2025-11-20,9:39:50.757972203,T,TGT,F I,1,86.37
2025-11-20,9:39:50.757975241,T,TGT,F,100,86.37
2025-11-20,9:39:50.758185762,T,TGT,,100,86.36
2025-11-20,9:39:50.758399236,T,TGT,,100,86.36
2025-11-20,9:39:50.758537589,T,TGT,,100,86.35
2025-11-20,9:39:50.758571532,T,TGT,F I,26,86.34
2025-11-20,9:39:50.758571532,T,TGT,F,100,86.34
2025-11-20,9:39:50.758573879,T,TGT,F I,13,86.34
2025-11-20,9:39:50.759084911,T,TGT,,100,86.34
2025-11-20,9:39:50.759223251,T,TGT,,100,86.34
2025-11-20,9:39:50.759223251,T,TGT,I,27,86.34
2025-11-20,9:39:50.759259281,T,TGT,,100,86.34
2025-11-20,9:39:50.759259281,T,TGT,I,75,86.35
2025-11-20,9:39:51.517960827,T,TGT,I,2,86.35
2025-11-20,9:39:52.489819805,T,TGT,F I,6,86.33
2025-11-20,9:39:52.489822153,T,TGT,F,100,86.33
2025-11-20,9:39:55.677969424,T,TGT,F I,25,86.32
2025-11-20,9:39:55.678134761,T,TGT,I,75,86.32
2025-11-20,9:39:55.678246066,T,TGT,I,75,86.32
