DATE,TIME_M,EX,SYM_ROOT,TR_SCOND,SIZE,PRICE
2025-10-27,9:30:01.449049049,T,TGT,I,1,95.0
2025-10-27,9:30:01.449052279,T,TGT,I,6,95.0
2025-10-27,9:30:01.449052279,T,TGT,I,3,95.0
2025-10-27,9:30:01.449055057,T,TGT,I,6,95.0
2025-10-27,9:30:01.449073062,T,TGT,Q,1,95.0
2025-10-27,9:30:01.452612742,T,TGT,,100,95.0
2025-10-27,9:30:01.452618818,T,TGT,,100,95.0
2025-10-27,9:30:01.452669692,T,TGT,,100,95.0
2025-10-27,9:30:01.452690738,T,TGT,F,125,95.0
2025-10-27,9:30:01.452697369,T,TGT,,575,95.0
2025-10-27,9:30:01.453063571,T,TGT,F I,50,95.0
2025-10-27,9:30:01.453063571,T,TGT,F I,50,95.0
2025-10-27,9:30:01.547656986,T,TGT,I,18,95.0
2025-10-27,9:30:04.544726143,T,TGT,I,10,95.035
2025-10-27,9:30:04.544729278,T,TGT,,100,95.035
2025-10-27,9:30:04.544729278,T,TGT,I,10,95.035
2025-10-27,9:30:04.544732153,T,TGT,I,10,95.035
2025-10-27,9:30:05.734255269,T,TGT,I,25,95.015
2025-10-27,9:30:05.811304810,T,TGT,F,100,95.07
2025-10-27,9:30:05.811376914,T,TGT,,100,95.07
2025-10-27,9:30:05.814886336,T,TGT,,123,95.12
2025-10-27,9:30:05.814886336,T,TGT,I,30,95.12
2025-10-27,9:30:05.818098438,T,TGT,,396,95.14
2025-10-27,9:30:05.818101457,T,TGT,I,78,95.14
2025-10-27,9:30:05.818118985,T,TGT,I,1,95.14
2025-10-27,9:30:05.818128000,T,TGT,F I,9,95.14
2025-10-27,9:30:05.818128000,T,TGT,F,220,95.15
2025-10-27,9:30:05.818131043,T,TGT,F I,5,95.15
2025-10-27,9:30:05.818149131,T,TGT,I,27,95.12
2025-10-27,9:30:05.818161284,T,TGT,F I,9,95.15
2025-10-27,9:30:05.819794071,T,TGT,I,77,95.14
2025-10-27,9:30:06.101282752,T,TGT,I,7,95.155
2025-10-27,9:30:10.145022543,T,TGT,F I,9,95.2
2025-10-27,9:30:10.145025561,T,TGT,F I,50,95.2
2025-10-27,9:30:10.145028588,T,TGT,F I,36,95.2
2025-10-27,9:30:10.145035091,T,TGT,F I,64,95.2
2025-10-27,9:30:10.145079637,T,TGT,I,14,95.18
2025-10-27,9:30:10.145094730,T,TGT,I,78,95.18
2025-10-27,9:30:10.145148809,T,TGT,I,7,95.16
2025-10-27,9:30:10.145154913,T,TGT,F I,7,95.16
2025-10-27,9:30:10.145329216,T,TGT,I,8,95.16
2025-10-27,9:30:10.145380635,T,TGT,I,25,95.16
2025-10-27,9:30:10.145383913,T,TGT,I,43,95.16
2025-10-27,9:30:10.145500666,T,TGT,F I,15,95.19
2025-10-27,9:30:10.145578928,T,TGT,,100,95.16
2025-10-27,9:30:10.146345911,T,TGT,I,15,95.18
2025-10-27,9:30:10.146348654,T,TGT,I,33,95.18
2025-10-27,9:30:10.146376378,T,TGT,,126,95.18
2025-10-27,9:30:10.147723054,T,TGT,,100,95.17
2025-10-27,9:30:10.147723054,T,TGT,I,65,95.17
2025-10-27,9:30:10.148868722,T,TGT,F I,15,95.18
2025-10-27,9:30:10.727384021,T,TGT,F I,75,95.16
2025-10-27,9:30:11.053607183,T,TGT,F,100,95.12
2025-10-27,9:30:11.054810592,T,TGT,F,100,95.07
2025-10-27,9:30:11.054813085,T,TGT,F I,30,95.07
2025-10-27,9:30:11.054837438,T,TGT,F I,30,95.06
2025-10-27,9:30:11.054840108,T,TGT,F I,30,95.06
2025-10-27,9:30:11.054870153,T,TGT,I,93,95.08
2025-10-27,9:30:11.054897220,T,TGT,I,1,95.08
2025-10-27,9:30:11.055047588,T,TGT,,100,95.07
2025-10-27,9:30:11.055098728,T,TGT,F,100,95.07
2025-10-27,9:30:11.055149898,T,TGT,F I,16,95.06
2025-10-27,9:30:11.055312227,T,TGT,F I,93,95.05
2025-10-27,9:30:11.587832906,T,TGT,F I,65,95.05
2025-10-27,9:30:11.587932745,T,TGT,I,2,95.07
2025-10-27,9:30:11.587932745,T,TGT,I,16,95.07
2025-10-27,9:30:11.588112664,T,TGT,F I,2,95.05
2025-10-27,9:30:12.196763399,T,TGT,F I,68,95.01
2025-10-27,9:30:12.196783739,T,TGT,F I,68,95.01
2025-10-27,9:30:12.196787434,T,TGT,F I,64,95.01
2025-10-27,9:30:12.196787434,T,TGT,F I,3,95.0
2025-10-27,9:30:12.196789696,T,TGT,F I,1,95.0
2025-10-27,9:30:12.220973398,T,TGT,F I,64,95.0
2025-10-27,9:30:12.677491018,T,TGT,I,63,95.05
2025-10-27,9:30:13.927647419,T,TGT,F I,5,95.11
2025-10-27,9:30:13.932299485,T,TGT,I,6,95.11
2025-10-27,9:30:13.932299485,T,TGT,I,1,95.11
2025-10-27,9:30:13.932495004,T,TGT,I,4,95.11
2025-10-27,9:30:13.932495004,T,TGT,I,2,95.11
2025-10-27,9:30:13.932546068,T,TGT,I,2,95.11
2025-10-27,9:30:13.932903929,T,TGT,I,6,95.11
2025-10-27,9:30:13.933105419,T,TGT,I,1,95.11
2025-10-27,9:30:13.934341358,T,TGT,I,1,95.11
2025-10-27,9:30:13.934401525,T,TGT,I,3,95.11
2025-10-27,9:30:13.934437577,T,TGT,I,2,95.11
2025-10-27,9:30:13.934497744,T,TGT,I,3,95.11
2025-10-27,9:30:13.934497744,T,TGT,I,2,95.11
2025-10-27,9:30:13.934557893,T,TGT,I,1,95.11
2025-10-27,9:30:13.934557893,T,TGT,I,3,95.11
2025-10-27,9:30:13.934600003,T,TGT,I,2,95.11
2025-10-27,9:30:13.936040431,T,TGT,I,1,95.11
2025-10-27,9:30:13.936040431,T,TGT,I,1,95.11
2025-10-27,9:30:13.936043435,T,TGT,I,1,95.11
2025-10-27,9:30:13.944051578,T,TGT,F I,1,95.13
2025-10-27,9:30:13.944051578,T,TGT,F I,1,95.13
2025-10-27,9:30:16.787051669,T,TGT,I,75,95.085
2025-10-27,9:30:16.787105820,T,TGT,F I,75,95.085
2025-10-27,9:30:16.787142004,T,TGT,I,50,95.085
2025-10-27,9:30:21.279698165,T,TGT,F I,75,95.09
2025-10-27,9:30:21.842043922,T,TGT,I,6,95.09
2025-10-27,9:30:21.842043922,T,TGT,I,94,95.11
2025-10-27,9:30:21.842061985,T,TGT,I,1,95.11
2025-10-27,9:30:22.878820941,T,TGT,,100,95.18
2025-10-27,9:30:22.878824025,T,TGT,I,4,95.18
2025-10-27,9:30:22.878863048,T,TGT,F I,75,95.18
2025-10-27,9:30:22.878866654,T,TGT,F I,25,95.18
2025-10-27,9:30:22.879284101,T,TGT,F,100,95.15
2025-10-27,9:30:22.879572766,T,TGT,F I,65,95.17
2025-10-27,9:30:22.879801278,T,TGT,F,100,95.17
2025-10-27,9:30:23.281955515,T,TGT,,200,95.2
2025-10-27,9:30:23.281958424,T,TGT,I,35,95.2
2025-10-27,9:30:23.878309629,T,TGT,F I,5,95.25
2025-10-27,9:30:23.878312177,T,TGT,F,100,95.25
2025-10-27,9:30:23.878312177,T,TGT,F I,95,95.25
2025-10-27,9:30:23.878333227,T,TGT,I,5,95.25
2025-10-27,9:30:23.878823541,T,TGT,F I,5,95.25
2025-10-27,9:30:24.905872340,T,TGT,F I,1,95.39
2025-10-27,9:30:26.081399973,T,TGT,F I,75,95.375
2025-10-27,9:30:26.081451071,T,TGT,F I,75,95.375
2025-10-27,9:30:26.680361752,T,TGT,F I,5,95.4
2025-10-27,9:30:26.680361752,T,TGT,F I,5,95.45
2025-10-27,9:30:26.680363990,T,TGT,F I,6,95.45
2025-10-27,9:30:26.711451992,T,TGT,F I,5,95.44
2025-10-27,9:30:27.698719131,T,TGT,F I,5,95.44
2025-10-27,9:30:27.935969461,T,TGT,F I,5,95.45
2025-10-27,9:30:49.242110731,T,TGT,,147,95.44
2025-10-27,9:30:49.243193522,T,TGT,I,25,95.41
2025-10-27,9:30:49.243196386,T,TGT,I,54,95.4
2025-10-27,9:30:49.300242267,T,TGT,F I,1,95.48
2025-10-27,9:30:49.315335227,T,TGT,F I,1,95.49
2025-10-27,9:30:49.315392327,T,TGT,I,19,95.45
2025-10-27,9:30:49.316120080,T,TGT,I,15,95.42
2025-10-27,9:30:49.442586379,T,TGT,F I,15,95.46
2025-10-27,9:30:49.442599306,T,TGT,F I,28,95.46
2025-10-27,9:30:54.171124033,T,TGT,F I,1,95.5
2025-10-27,9:30:54.171127202,T,TGT,F I,5,95.5
2025-10-27,9:30:54.171133499,T,TGT,F I,10,95.5
2025-10-27,9:30:54.171133499,T,TGT,F I,50,95.5
2025-10-27,9:30:54.171139019,T,TGT,F I,2,95.5
2025-10-27,9:30:54.171139019,T,TGT,F I,1,95.5
2025-10-27,9:30:54.171142629,T,TGT,F I,5,95.5
2025-10-27,9:30:54.171142629,T,TGT,F I,20,95.5
2025-10-27,9:30:54.171145182,T,TGT,F I,6,95.5
2025-10-27,9:30:54.171157145,T,TGT,F I,9,95.5
2025-10-27,9:30:54.171157145,T,TGT,F I,28,95.5
2025-10-27,9:30:54.171160076,T,TGT,F I,2,95.5
2025-10-27,9:30:54.171160076,T,TGT,F I,10,95.5
2025-10-27,9:30:54.171163311,T,TGT,F I,16,95.5
2025-10-27,9:30:54.171559850,T,TGT,F I,29,95.51
2025-10-27,9:30:54.171794354,T,TGT,F I,25,95.53
2025-10-27,9:30:54.171926775,T,TGT,F I,2,95.53
2025-10-27,9:30:54.188496394,T,TGT,F I,1,95.55
2025-10-27,9:30:54.188496394,T,TGT,F I,1,95.55
2025-10-27,9:30:54.188499349,T,TGT,F I,7,95.55
2025-10-27,9:30:54.188766788,T,TGT,F,220,95.57
2025-10-27,9:30:54.188787931,T,TGT,F I,80,95.57
2025-10-27,9:30:54.198964177,T,TGT,F I,9,95.55
2025-10-27,9:30:54.205234075,T,TGT,F,100,95.58
2025-10-27,9:30:54.221578030,T,TGT,F I,5,95.6
2025-10-27,9:30:54.221605074,T,TGT,F I,1,95.6
2025-10-27,9:30:54.221647127,T,TGT,F I,42,95.55
2025-10-27,9:30:54.237627236,T,TGT,F I,2,95.58
2025-10-27,9:30:54.735616640,T,TGT,F,100,95.57
2025-10-27,9:30:54.735619613,T,TGT,F I,40,95.58
2025-10-27,9:30:54.735619613,T,TGT,F,100,95.59
2025-10-27,9:30:54.760119057,T,TGT,I,12,95.6
2025-10-27,9:30:54.760347535,T,TGT,F I,32,95.56
2025-10-27,9:30:54.772436349,T,TGT,I,2,95.6
2025-10-27,9:30:54.772535571,T,TGT,F I,23,95.55
2025-10-27,9:30:54.781704479,T,TGT,F I,1,95.59
2025-10-27,9:30:56.059710219,T,TGT,I,7,95.51
2025-10-27,9:30:56.091715420,T,TGT,F I,1,95.58
2025-10-27,9:30:56.092037480,T,TGT,I,3,95.5
2025-10-27,9:30:56.092058715,T,TGT,I,62,95.5
2025-10-27,9:30:59.164069308,T,TGT,F I,55,95.54
2025-10-27,9:30:59.164069308,T,TGT,F I,8,95.54
2025-10-27,9:30:59.165278046,T,TGT,I,8,95.58
2025-10-27,9:30:59.166345811,T,TGT,,185,95.6
2025-10-27,9:30:59.166348679,T,TGT,I,1,95.6
2025-10-27,9:30:59.166348679,T,TGT,I,30,95.6
2025-10-27,9:30:59.166352883,T,TGT,I,4,95.6
2025-10-27,9:30:59.166352883,T,TGT,I,7,95.6
2025-10-27,9:30:59.166355177,T,TGT,I,1,95.61
2025-10-27,9:30:59.166396706,T,TGT,,100,95.58
2025-10-27,9:30:59.167259776,T,TGT,F I,1,95.58
2025-10-27,9:30:59.234893946,T,TGT,F I,4,95.61
2025-10-27,9:30:59.234896871,T,TGT,F I,10,95.61
2025-10-27,9:30:59.234899864,T,TGT,F I,2,95.61
2025-10-27,9:30:59.234899864,T,TGT,F I,18,95.61
2025-10-27,9:30:59.234948143,T,TGT,I,40,95.56
2025-10-27,9:30:59.236550836,T,TGT,F I,13,95.61
2025-10-27,9:30:59.236550836,T,TGT,F I,18,95.61
2025-10-27,9:31:04.536329222,T,TGT,I,13,95.61
2025-10-27,9:31:04.536904846,T,TGT,I,7,95.62
2025-10-27,9:31:04.536939697,T,TGT,F I,17,95.63
2025-10-27,9:31:04.536960825,T,TGT,I,19,95.59
2025-10-27,9:31:04.537156234,T,TGT,I,19,95.63
2025-10-27,9:31:04.537159180,T,TGT,I,17,95.63
2025-10-27,9:31:04.537345664,T,TGT,I,29,95.64
2025-10-27,9:31:04.537357728,T,TGT,F I,71,95.64
2025-10-27,9:31:04.537381697,T,TGT,F I,8,95.65
2025-10-27,9:31:04.537381697,T,TGT,I,19,95.6
2025-10-27,9:31:04.538013371,T,TGT,I,17,95.66
2025-10-27,9:31:04.538019323,T,TGT,I,1,95.67
2025-10-27,9:31:04.538064713,T,TGT,I,17,95.61
2025-10-27,9:31:04.538094417,T,TGT,I,13,95.66
2025-10-27,9:31:04.538199749,T,TGT,I,4,95.64
2025-10-27,9:31:04.538337992,T,TGT,I,13,95.66
2025-10-27,9:31:04.538356707,T,TGT,,100,95.63
2025-10-27,9:31:04.538419167,T,TGT,I,30,95.66
2025-10-27,9:31:04.538449410,T,TGT,F I,70,95.66
2025-10-27,9:31:04.538449410,T,TGT,F I,30,95.66
2025-10-27,9:31:04.538638729,T,TGT,F,100,95.64
2025-10-27,9:31:04.538795119,T,TGT,I,1,95.64
2025-10-27,9:31:04.538843353,T,TGT,F I,30,95.66
2025-10-27,9:31:04.538849286,T,TGT,I,30,95.62
2025-10-27,9:31:04.538894359,T,TGT,,100,95.65
2025-10-27,9:31:04.538894359,T,TGT,I,30,95.66
2025-10-27,9:31:04.538897315,T,TGT,I,30,95.67
2025-10-27,9:31:04.538900369,T,TGT,I,70,95.67
2025-10-27,9:31:04.539285326,T,TGT,I,30,95.65
2025-10-27,9:31:04.546616779,T,TGT,F I,30,95.66
2025-10-27,9:31:04.546616779,T,TGT,F,100,95.66
2025-10-27,9:31:04.557121137,T,TGT,F I,1,95.69
2025-10-27,9:31:04.557121137,T,TGT,F I,1,95.69
2025-10-27,9:31:04.557124334,T,TGT,F,100,95.69
2025-10-27,9:31:04.557172637,T,TGT,F I,8,95.7
2025-10-27,9:31:04.557175703,T,TGT,F I,1,95.7
2025-10-27,9:31:04.557181003,T,TGT,F,415,95.7
2025-10-27,9:31:04.557181003,T,TGT,F I,2,95.7
2025-10-27,9:31:04.557184064,T,TGT,F I,8,95.7
2025-10-27,9:31:04.557253049,T,TGT,,100,95.68
2025-10-27,9:31:04.557307702,T,TGT,F I,27,95.7
2025-10-27,9:31:04.557433515,T,TGT,,100,95.68
2025-10-27,9:31:04.557433515,T,TGT,I,27,95.68
2025-10-27,9:31:04.557457588,T,TGT,F I,15,95.68
2025-10-27,9:31:04.557484690,T,TGT,F I,1,95.68
2025-10-27,9:31:04.557484690,T,TGT,F I,4,95.68
2025-10-27,9:31:04.557536617,T,TGT,F I,28,95.68
2025-10-27,9:31:04.557536617,T,TGT,F I,30,95.68
2025-10-27,9:31:04.557536617,T,TGT,F I,15,95.68
2025-10-27,9:31:04.557538970,T,TGT,F I,2,95.69
2025-10-27,9:31:04.557577894,T,TGT,F I,55,95.69
2025-10-27,9:31:04.557598945,T,TGT,I,43,95.69
2025-10-27,9:31:04.557689150,T,TGT,F,100,95.69
2025-10-27,9:31:04.557728242,T,TGT,F I,12,95.69
2025-10-27,9:31:04.557830435,T,TGT,,100,95.71
2025-10-27,9:31:04.557833428,T,TGT,I,30,95.71
2025-10-27,9:31:04.563727485,T,TGT,I,27,95.69
2025-10-27,9:31:04.587484170,T,TGT,I,27,95.71
2025-10-27,9:31:04.588233678,T,TGT,F I,10,95.72
2025-10-27,9:31:04.588235993,T,TGT,F I,65,95.72
2025-10-27,9:31:04.588250914,T,TGT,I,1,95.72
2025-10-27,9:31:04.606681858,T,TGT,F I,18,95.72
2025-10-27,9:31:04.632008149,T,TGT,F I,1,95.72
2025-10-27,9:31:04.632059369,T,TGT,I,6,95.7
2025-10-27,9:31:05.106626044,T,TGT,F I,25,95.69
2025-10-27,9:31:05.106626044,T,TGT,F I,6,95.71
2025-10-27,9:31:05.781090842,T,TGT,F I,6,95.72
2025-10-27,9:31:06.061445853,T,TGT,I,8,95.685
2025-10-27,9:31:06.141514493,T,TGT,F I,3,95.72
2025-10-27,9:31:06.141950869,T,TGT,F I,1,95.75
2025-10-27,9:31:06.141956588,T,TGT,F I,30,95.75
2025-10-27,9:31:06.141956588,T,TGT,F I,82,95.75
2025-10-27,9:31:06.142206144,T,TGT,,100,95.73
2025-10-27,9:31:08.320725308,T,TGT,F,336,95.78
2025-10-27,9:31:08.320743537,T,TGT,F I,75,95.78
2025-10-27,9:31:08.320743537,T,TGT,I,1,95.78
2025-10-27,9:31:08.320749431,T,TGT,F,1588,95.78
2025-10-27,9:31:08.320752353,T,TGT,F I,82,95.78
2025-10-27,9:31:08.320779557,T,TGT,F I,9,95.79
2025-10-27,9:31:09.016721770,T,TGT,F I,3,95.85
2025-10-27,9:31:09.016754599,T,TGT,I,1,95.86
2025-10-27,9:31:09.186993184,T,TGT,I,3,95.88
2025-10-27,9:31:09.209153157,T,TGT,I,1,95.88
2025-10-27,9:31:13.547535353,T,TGT,F I,25,95.87
2025-10-27,9:31:13.547541230,T,TGT,F I,25,95.88
2025-10-27,9:31:13.547541230,T,TGT,F I,3,95.89
2025-10-27,9:31:13.547545086,T,TGT,F I,14,95.89
2025-10-27,9:31:13.547558932,T,TGT,F I,50,95.89
2025-10-27,9:31:13.547637126,T,TGT,F,100,95.86
2025-10-27,9:31:13.547658169,T,TGT,I,1,95.88
2025-10-27,9:31:13.548034147,T,TGT,,100,95.88
2025-10-27,9:31:13.548061206,T,TGT,,100,95.86
2025-10-27,9:31:13.549895645,T,TGT,F I,1,95.92
2025-10-27,9:31:13.549895645,T,TGT,F I,30,95.92
2025-10-27,9:31:13.549950045,T,TGT,I,19,95.91
2025-10-27,9:31:13.550012792,T,TGT,I,17,95.91
2025-10-27,9:31:13.550012792,T,TGT,I,2,95.89
2025-10-27,9:31:13.550037705,T,TGT,F I,1,95.89
2025-10-27,9:31:13.550037705,T,TGT,I,1,95.89
2025-10-27,9:31:13.550072997,T,TGT,I,98,95.89
2025-10-27,9:31:13.550136112,T,TGT,F I,2,95.9
2025-10-27,9:31:13.550394764,T,TGT,I,1,95.89
2025-10-27,9:31:13.550394764,T,TGT,I,30,95.89
2025-10-27,9:31:13.550445802,T,TGT,F I,18,95.92
2025-10-27,9:31:13.550566346,T,TGT,I,18,95.89
2025-10-27,9:31:13.550569178,T,TGT,I,30,95.89
2025-10-27,9:31:13.557106659,T,TGT,F I,1,95.92
2025-10-27,9:31:13.742017456,T,TGT,F I,27,95.95
2025-10-27,9:31:13.742020421,T,TGT,F I,50,95.95
2025-10-27,9:31:13.742020421,T,TGT,F I,11,95.95
2025-10-27,9:31:13.742038299,T,TGT,I,1,95.95
2025-10-27,9:31:13.742042107,T,TGT,I,3,95.95
2025-10-27,9:31:13.742042107,T,TGT,I,25,95.95
2025-10-27,9:31:13.742044267,T,TGT,I,1,95.95
2025-10-27,9:31:16.110264510,T,TGT,I,9,95.94
2025-10-27,9:31:18.293231164,T,TGT,I,25,95.91
2025-10-27,9:31:18.314341474,T,TGT,F I,46,95.92
2025-10-27,9:31:18.314341474,T,TGT,F I,26,95.92
2025-10-27,9:31:18.314392554,T,TGT,,100,95.9
2025-10-27,9:31:18.314413584,T,TGT,I,1,95.9
2025-10-27,9:31:18.314798552,T,TGT,F I,72,95.92
2025-10-27,9:31:18.315315743,T,TGT,I,41,95.88
2025-10-27,9:31:18.315315743,T,TGT,I,30,95.88
2025-10-27,9:31:18.315821002,T,TGT,F I,41,95.88
2025-10-27,9:31:18.315875147,T,TGT,I,14,95.88
2025-10-27,9:31:18.315996032,T,TGT,I,1,95.88
2025-10-27,9:31:18.315998439,T,TGT,I,30,95.88
2025-10-27,9:31:18.316001401,T,TGT,I,1,95.88
2025-10-27,9:31:18.316041041,T,TGT,I,1,95.88
2025-10-27,9:31:18.316041041,T,TGT,I,1,95.88
2025-10-27,9:31:18.316043467,T,TGT,I,30,95.88
2025-10-27,9:31:18.316160837,T,TGT,I,14,95.88
2025-10-27,9:31:18.316160837,T,TGT,I,17,95.88
2025-10-27,9:31:18.328911208,T,TGT,F I,30,95.88
2025-10-27,9:31:18.328911208,T,TGT,F I,2,95.88
2025-10-27,9:31:18.328914162,T,TGT,F I,6,95.88
2025-10-27,9:31:21.389892791,T,TGT,F I,26,95.96
2025-10-27,9:31:21.389896186,T,TGT,F I,9,95.97
2025-10-27,9:31:21.389896186,T,TGT,F I,1,95.98
2025-10-27,9:31:21.389900769,T,TGT,F I,5,95.98
2025-10-27,9:31:21.389900769,T,TGT,F I,58,95.98
2025-10-27,9:31:21.390072263,T,TGT,F I,47,95.98
2025-10-27,9:31:21.390075315,T,TGT,F I,26,95.98
2025-10-27,9:31:22.725484665,T,TGT,F I,5,95.98
2025-10-27,9:31:22.725487698,T,TGT,F I,5,95.98
2025-10-27,9:31:22.725523789,T,TGT,F I,19,95.98
2025-10-27,9:31:22.725583958,T,TGT,F I,1,95.99
2025-10-27,9:31:22.725842745,T,TGT,F I,2,96.0
2025-10-27,9:31:22.725845803,T,TGT,F I,10,96.0
2025-10-27,9:31:22.725850856,T,TGT,F I,5,96.0
2025-10-27,9:31:22.725850856,T,TGT,F I,1,96.0
2025-10-27,9:31:22.725857742,T,TGT,F I,1,96.0
2025-10-27,9:31:22.725861661,T,TGT,F I,2,96.0
2025-10-27,9:31:22.725867575,T,TGT,F,100,96.0
2025-10-27,9:31:22.725867575,T,TGT,F I,5,96.0
2025-10-27,9:31:22.725874355,T,TGT,F I,5,96.0
2025-10-27,9:31:22.725874355,T,TGT,F I,1,96.0
2025-10-27,9:31:22.725878683,T,TGT,F,200,96.0
2025-10-27,9:31:22.725878683,T,TGT,F I,3,96.0
2025-10-27,9:31:22.725881693,T,TGT,F I,1,96.0
2025-10-27,9:31:22.725890783,T,TGT,F I,1,96.0
2025-10-27,9:31:22.725890783,T,TGT,F I,20,96.0
2025-10-27,9:31:22.725890783,T,TGT,F I,4,96.0
2025-10-27,9:31:22.725899680,T,TGT,F I,10,96.0
2025-10-27,9:31:22.725899680,T,TGT,F,575,96.0
2025-10-27,9:31:22.725905789,T,TGT,F I,1,96.0
2025-10-27,9:31:22.725909815,T,TGT,F I,15,96.0
2025-10-27,9:31:22.725915633,T,TGT,F I,1,96.0
2025-10-27,9:31:22.725915633,T,TGT,F I,2,96.0
2025-10-27,9:31:22.725918768,T,TGT,F I,3,96.0
2025-10-27,9:31:22.725924746,T,TGT,F I,1,96.0
2025-10-27,9:31:22.725924746,T,TGT,F I,1,96.0
2025-10-27,9:31:22.725924746,T,TGT,F I,3,96.0
2025-10-27,9:31:22.725929935,T,TGT,F I,5,96.0
2025-10-27,9:31:22.725929935,T,TGT,F I,5,96.0
2025-10-27,9:31:22.725933778,T,TGT,F I,6,96.0
2025-10-27,9:31:22.725933778,T,TGT,F I,95,96.0
2025-10-27,9:31:22.725939869,T,TGT,F,100,96.0
2025-10-27,9:31:22.725939869,T,TGT,F,101,96.0
2025-10-27,9:31:22.725951103,T,TGT,F,200,96.0
2025-10-27,9:31:22.725957252,T,TGT,F,273,96.0
2025-10-27,9:31:22.725957252,T,TGT,F I,18,96.0
2025-10-27,9:31:22.725963004,T,TGT,F I,34,96.0
2025-10-27,9:31:22.725966899,T,TGT,F I,10,96.0
2025-10-27,9:31:22.725966899,T,TGT,F I,10,96.0
2025-10-27,9:31:22.725972875,T,TGT,F I,25,96.0
2025-10-27,9:31:22.725974929,T,TGT,F I,5,96.0
2025-10-27,9:31:22.725978062,T,TGT,F I,5,96.0
2025-10-27,9:31:22.726017138,T,TGT,I,25,95.99
2025-10-27,9:31:22.726019962,T,TGT,I,75,95.98
2025-10-27,9:31:22.726038105,T,TGT,I,1,95.98
2025-10-27,9:31:22.726038105,T,TGT,I,1,95.98
2025-10-27,9:31:22.726155620,T,TGT,F I,23,95.98
2025-10-27,9:31:22.726155620,T,TGT,F,100,96.0
2025-10-27,9:31:22.726155620,T,TGT,F I,17,96.0
2025-10-27,9:31:22.726158510,T,TGT,F I,25,96.0
2025-10-27,9:31:22.726642513,T,TGT,F I,1,96.01
2025-10-27,9:31:22.726642513,T,TGT,F I,5,96.01
2025-10-27,9:31:22.727264942,T,TGT,F I,13,96.01
2025-10-27,9:31:22.727289052,T,TGT,I,1,96.01
2025-10-27,9:31:22.727722239,T,TGT,I,6,96.01
2025-10-27,9:31:22.727722239,T,TGT,I,25,96.01
2025-10-27,9:31:22.744709504,T,TGT,F I,30,96.03
2025-10-27,9:31:22.744712527,T,TGT,F I,25,96.03
2025-10-27,9:31:22.759585908,T,TGT,F I,50,96.05
2025-10-27,9:31:22.828994336,T,TGT,F I,1,96.07
2025-10-27,9:31:22.828997373,T,TGT,F I,25,96.07
2025-10-27,9:31:22.880056434,T,TGT,F I,9,96.08
2025-10-27,9:31:22.880480035,T,TGT,F I,14,96.1
2025-10-27,9:31:22.881484419,T,TGT,F I,3,96.09
2025-10-27,9:31:22.895230144,T,TGT,F I,25,96.07
2025-10-27,9:31:22.897894488,T,TGT,F I,5,96.09
2025-10-27,9:31:22.897894488,T,TGT,F I,4,96.09
2025-10-27,9:31:22.897897530,T,TGT,F I,2,96.09
2025-10-27,9:31:22.912761871,T,TGT,F I,3,96.11
2025-10-27,9:31:22.912761871,T,TGT,F I,11,96.11
2025-10-27,9:31:22.931382307,T,TGT,F I,1,96.11
2025-10-27,9:31:22.931424293,T,TGT,F I,29,96.08
2025-10-27,9:31:22.931430365,T,TGT,I,25,96.08
2025-10-27,9:31:22.946372966,T,TGT,F I,3,96.1
2025-10-27,9:31:23.000312476,T,TGT,F I,1,96.09
2025-10-27,9:31:29.091738955,T,TGT,,100,95.98
2025-10-27,9:31:29.093197396,T,TGT,F I,25,95.94
2025-10-27,9:31:29.709982325,T,TGT,F I,75,95.92
2025-10-27,9:31:29.758845289,T,TGT,F I,71,95.89
2025-10-27,9:31:29.761253964,T,TGT,I,25,95.89
2025-10-27,9:31:33.973365045,T,TGT,I,26,95.92
2025-10-27,9:31:34.133878477,T,TGT,F I,7,96.0
2025-10-27,9:31:36.064270717,T,TGT,I,11,96.0
2025-10-27,9:31:37.345801100,T,TGT,F I,30,96.06
2025-10-27,9:31:37.345806659,T,TGT,F I,40,96.09
2025-10-27,9:31:37.346949485,T,TGT,F I,8,96.11
2025-10-27,9:31:37.346994576,T,TGT,F I,30,96.13
2025-10-27,9:31:37.347000531,T,TGT,I,17,96.1
2025-10-27,9:31:37.347015657,T,TGT,I,8,96.1
2025-10-27,9:31:37.347015657,T,TGT,I,9,96.07
2025-10-27,9:31:37.347418516,T,TGT,I,30,96.08
2025-10-27,9:31:37.372756938,T,TGT,F I,38,96.12
2025-10-27,9:31:38.855508490,T,TGT,F I,38,96.11
2025-10-27,9:31:38.855535569,T,TGT,I,89,96.11
2025-10-27,9:31:38.855550589,T,TGT,F I,38,96.12
2025-10-27,9:31:40.168662277,T,TGT,F I,1,96.13
2025-10-27,9:31:40.168662277,T,TGT,F I,37,96.13
2025-10-27,9:31:40.357517904,T,TGT,F I,5,96.14
2025-10-27,9:31:42.135828583,T,TGT,I,20,96.16
2025-10-27,9:31:42.135888803,T,TGT,I,18,96.12
2025-10-27,9:31:42.135906772,T,TGT,I,25,96.13
2025-10-27,9:31:42.135906772,T,TGT,I,17,96.12
2025-10-27,9:31:42.164354628,T,TGT,I,10,96.16
2025-10-27,9:31:42.165713866,T,TGT,I,1,96.16
2025-10-27,9:31:42.176695932,T,TGT,F I,7,96.16
2025-10-27,9:31:42.176698984,T,TGT,F I,17,96.16
2025-10-27,9:31:50.021500707,T,TGT,F I,75,96.01
2025-10-27,9:31:50.021507361,T,TGT,F I,62,96.01
2025-10-27,9:31:50.021507361,T,TGT,F I,5,96.01
2025-10-27,9:31:50.021509714,T,TGT,F I,10,96.01
2025-10-27,9:31:50.022078132,T,TGT,F I,1,95.98
2025-10-27,9:31:50.022096195,T,TGT,I,31,95.98
2025-10-27,9:31:50.022099615,T,TGT,I,30,95.98
2025-10-27,9:31:50.022102210,T,TGT,F I,31,95.98
2025-10-27,9:31:50.022995291,T,TGT,F I,75,95.96
2025-10-27,9:31:50.023023142,T,TGT,F I,25,95.96
2025-10-27,9:31:50.023026082,T,TGT,F I,98,95.95
2025-10-27,9:31:50.023026082,T,TGT,F I,34,95.95
2025-10-27,9:31:50.023768125,T,TGT,I,25,95.96
2025-10-27,9:31:50.023768125,T,TGT,I,20,95.96
2025-10-27,9:31:50.027593239,T,TGT,F I,35,95.92
2025-10-27,9:31:50.805077510,T,TGT,F I,40,95.86
2025-10-27,9:31:50.805592432,T,TGT,F I,94,95.8
2025-10-27,9:31:50.805592432,T,TGT,F I,30,95.8
2025-10-27,9:31:50.805598319,T,TGT,F I,81,95.8
2025-10-27,9:31:50.805600816,T,TGT,F I,13,95.8
2025-10-27,9:31:50.806042910,T,TGT,F I,10,95.8
2025-10-27,9:31:50.806048881,T,TGT,F,100,95.8
2025-10-27,9:31:50.806051857,T,TGT,F,100,95.8
2025-10-27,9:31:50.806954043,T,TGT,F I,8,95.77
2025-10-27,9:31:50.806954043,T,TGT,F I,43,95.77
2025-10-27,9:31:50.816189071,T,TGT,F I,8,95.77
2025-10-27,9:31:50.818979645,T,TGT,F I,1,95.79
2025-10-27,9:31:50.819045782,T,TGT,F I,24,95.8
2025-10-27,9:31:50.819105945,T,TGT,F I,24,95.77
2025-10-27,9:31:52.898057874,T,TGT,F I,25,95.75
2025-10-27,9:31:54.337524731,T,TGT,F,100,95.71
2025-10-27,9:31:54.337527556,T,TGT,F I,18,95.7
2025-10-27,9:31:54.337530303,T,TGT,F I,6,95.7
2025-10-27,9:31:54.337530303,T,TGT,F I,94,95.7
2025-10-27,9:31:54.337576163,T,TGT,F I,5,95.69
2025-10-27,9:31:54.337578523,T,TGT,F I,5,95.69
2025-10-27,9:31:56.852936130,T,TGT,I,11,95.72
2025-10-27,9:32:01.408297031,T,TGT,F I,25,95.68
2025-10-27,9:32:01.554225888,T,TGT,F,117,95.65
2025-10-27,9:32:01.554225888,T,TGT,F I,1,95.64
2025-10-27,9:32:01.554225888,T,TGT,F I,55,95.64
2025-10-27,9:32:01.554229713,T,TGT,F I,45,95.64
2025-10-27,9:32:01.554229713,T,TGT,F,100,95.64
2025-10-27,9:32:01.554231676,T,TGT,F I,10,95.64
2025-10-27,9:32:07.262289839,T,TGT,I,48,95.72
2025-10-27,9:32:09.335970253,T,TGT,I,25,95.68
2025-10-27,9:32:09.335970253,T,TGT,I,29,95.66
2025-10-27,9:32:19.920542485,T,TGT,F I,1,95.74
2025-10-27,9:32:19.920542485,T,TGT,F I,1,95.75
2025-10-27,9:32:19.920545465,T,TGT,F,100,95.75
2025-10-27,9:32:19.920548409,T,TGT,F,199,95.75
2025-10-27,9:32:19.920564053,T,TGT,F I,1,95.75
2025-10-27,9:32:19.920566652,T,TGT,F,100,95.75
2025-10-27,9:32:19.920569735,T,TGT,F I,15,95.75
2025-10-27,9:32:19.920569735,T,TGT,I,1,95.75
2025-10-27,9:32:19.920572722,T,TGT,I,84,95.75
2025-10-27,9:32:19.920572722,T,TGT,I,3,95.75
2025-10-27,9:32:19.920575449,T,TGT,,100,95.75
2025-10-27,9:32:19.920581531,T,TGT,F I,1,95.75
2025-10-27,9:32:19.920587504,T,TGT,F I,96,95.75
2025-10-27,9:32:19.920587504,T,TGT,F I,4,95.75
2025-10-27,9:32:19.920587504,T,TGT,F I,1,95.75
2025-10-27,9:32:19.920590549,T,TGT,F I,1,95.75
2025-10-27,9:32:19.920596587,T,TGT,F I,94,95.75
2025-10-27,9:32:19.920611523,T,TGT,I,75,95.75
2025-10-27,9:32:19.920650681,T,TGT,F,100,95.76
2025-10-27,9:32:19.920650681,T,TGT,F,100,95.76
2025-10-27,9:32:19.920653634,T,TGT,F I,1,95.76
2025-10-27,9:32:19.920675007,T,TGT,F I,75,95.76
2025-10-27,9:32:19.920692730,T,TGT,F I,24,95.76
2025-10-27,9:32:19.920695750,T,TGT,F I,6,95.76
2025-10-27,9:32:19.920710784,T,TGT,F I,2,95.76
2025-10-27,9:32:19.920729414,T,TGT,F I,10,95.76
2025-10-27,9:32:19.920749871,T,TGT,I,25,95.76
2025-10-27,9:32:19.920858131,T,TGT,I,57,95.76
2025-10-27,9:32:19.921011580,T,TGT,I,36,95.78
2025-10-27,9:32:19.921014486,T,TGT,I,30,95.79
2025-10-27,9:32:19.921462645,T,TGT,F I,2,95.8
2025-10-27,9:32:19.922160244,T,TGT,F I,30,95.88
2025-10-27,9:32:19.922698581,T,TGT,F I,5,95.84
2025-10-27,9:32:19.922722599,T,TGT,F I,75,95.84
2025-10-27,9:32:19.922767690,T,TGT,F I,20,95.84
2025-10-27,9:32:19.923101515,T,TGT,F I,32,95.84
2025-10-27,9:32:19.923186067,T,TGT,F I,45,95.82
2025-10-27,9:32:19.925161453,T,TGT,F I,33,95.9
2025-10-27,9:32:19.928156560,T,TGT,F I,32,95.93
2025-10-27,9:32:19.930442038,T,TGT,F I,30,95.9
2025-10-27,9:32:19.930478275,T,TGT,F I,33,95.89
2025-10-27,9:32:19.933551394,T,TGT,F I,30,95.85
2025-10-27,9:32:19.934014451,T,TGT,F,312,95.85
2025-10-27,9:32:19.937051724,T,TGT,F,100,95.95
2025-10-27,9:32:19.937854677,T,TGT,F I,33,95.96
2025-10-27,9:32:19.937854677,T,TGT,F I,72,95.96
2025-10-27,9:32:19.937857648,T,TGT,F I,30,95.96
2025-10-27,9:32:19.938119611,T,TGT,F I,33,95.97
2025-10-27,9:32:19.938119611,T,TGT,F I,30,95.97
2025-10-27,9:32:19.938799026,T,TGT,F I,1,95.99
2025-10-27,9:32:19.938801934,T,TGT,F I,30,95.99
2025-10-27,9:32:19.938919887,T,TGT,F I,35,95.95
2025-10-27,9:32:19.938922332,T,TGT,F I,49,95.95
2025-10-27,9:32:19.939559810,T,TGT,F,100,95.99
2025-10-27,9:32:19.939559810,T,TGT,F I,46,95.99
2025-10-27,9:32:19.939562709,T,TGT,F I,9,95.99
2025-10-27,9:32:19.940534004,T,TGT,F I,1,96.0
2025-10-27,9:32:19.940536992,T,TGT,F I,50,96.0
2025-10-27,9:32:19.940540014,T,TGT,F I,50,96.0
2025-10-27,9:32:19.941830652,T,TGT,F,100,95.985
2025-10-27,9:32:19.941830652,T,TGT,F I,3,96.01
2025-10-27,9:32:19.941833088,T,TGT,F,111,96.01
2025-10-27,9:32:19.942431587,T,TGT,F,100,95.99
2025-10-27,9:32:19.942521796,T,TGT,,100,96.01
2025-10-27,9:32:19.942539864,T,TGT,F,100,96.01
2025-10-27,9:32:19.942539864,T,TGT,F,600,96.01
2025-10-27,9:32:19.943023956,T,TGT,I,32,96.01
2025-10-27,9:32:19.943044977,T,TGT,F I,68,96.01
2025-10-27,9:32:19.943044977,T,TGT,F,200,96.01
2025-10-27,9:32:19.946106341,T,TGT,F,100,96.07
2025-10-27,9:32:19.946148445,T,TGT,F,100,96.04
2025-10-27,9:32:19.946202692,T,TGT,,100,96.04
2025-10-27,9:32:19.946870400,T,TGT,F,100,96.06
2025-10-27,9:32:19.946870400,T,TGT,F,100,96.06
2025-10-27,9:32:19.947164863,T,TGT,F I,35,96.03
2025-10-27,9:32:19.947164863,T,TGT,F I,38,96.03
2025-10-27,9:32:19.947164863,T,TGT,F I,2,96.03
2025-10-27,9:32:19.947174655,T,TGT,F I,39,96.03
2025-10-27,9:32:19.947176818,T,TGT,F I,36,96.03
2025-10-27,9:32:19.947426682,T,TGT,F I,34,96.06
2025-10-27,9:32:19.947432580,T,TGT,F I,35,96.06
2025-10-27,9:32:19.947432580,T,TGT,F I,35,96.06
2025-10-27,9:32:19.947435491,T,TGT,F I,38,96.06
2025-10-27,9:32:19.947435491,T,TGT,F I,20,96.07
2025-10-27,9:32:19.947567830,T,TGT,,100,96.04
2025-10-27,9:32:19.947588840,T,TGT,I,28,96.04
2025-10-27,9:32:19.948094496,T,TGT,I,28,96.04
2025-10-27,9:32:19.948094496,T,TGT,I,19,96.04
2025-10-27,9:32:19.948478939,T,TGT,F I,29,95.99
2025-10-27,9:32:19.948478939,T,TGT,F I,25,95.99
2025-10-27,9:32:19.948488330,T,TGT,F I,33,95.98
2025-10-27,9:32:19.948494199,T,TGT,F I,72,95.98
2025-10-27,9:32:19.948494199,T,TGT,F I,33,95.98
2025-10-27,9:32:19.948500014,T,TGT,F I,43,95.98
2025-10-27,9:32:19.948560206,T,TGT,F I,25,96.0
2025-10-27,9:32:19.948695515,T,TGT,F I,25,96.0
2025-10-27,9:32:19.948699134,T,TGT,F I,50,96.0
2025-10-27,9:32:19.948699134,T,TGT,F I,25,96.05
2025-10-27,9:32:19.948702336,T,TGT,F I,11,96.05
2025-10-27,9:32:19.948704799,T,TGT,F I,14,96.05
2025-10-27,9:32:19.948951042,T,TGT,F I,78,96.01
2025-10-27,9:32:19.949531436,T,TGT,F I,78,96.04
2025-10-27,9:32:19.949534733,T,TGT,F,100,96.05
2025-10-27,9:32:19.949534733,T,TGT,F I,43,96.05
2025-10-27,9:32:19.949537731,T,TGT,F I,33,96.06
2025-10-27,9:32:19.951985262,T,TGT,F I,25,96.09
2025-10-27,9:32:19.952770530,T,TGT,F I,41,96.03
2025-10-27,9:32:19.952770530,T,TGT,F I,30,96.03
2025-10-27,9:32:19.953245331,T,TGT,F,100,96.05
2025-10-27,9:32:19.954024134,T,TGT,I,39,96.05
2025-10-27,9:32:19.955161965,T,TGT,F I,35,96.02
2025-10-27,9:32:19.955164848,T,TGT,F I,6,96.02
2025-10-27,9:32:19.955167324,T,TGT,F I,32,96.02
2025-10-27,9:32:19.955167324,T,TGT,F I,2,96.02
2025-10-27,9:32:19.955169966,T,TGT,F I,39,96.02
2025-10-27,9:32:19.955832042,T,TGT,,100,96.04
2025-10-27,9:32:19.955832042,T,TGT,I,38,96.04
2025-10-27,9:32:19.955835113,T,TGT,I,70,96.04
2025-10-27,9:32:19.955837593,T,TGT,I,34,96.04
2025-10-27,9:32:19.955837593,T,TGT,I,17,96.04
2025-10-27,9:32:19.955840482,T,TGT,I,9,96.04
2025-10-27,9:32:19.956396883,T,TGT,F I,33,95.99
2025-10-27,9:32:19.956396883,T,TGT,F I,30,95.99
2025-10-27,9:32:19.958165526,T,TGT,F I,33,95.97
2025-10-27,9:32:19.958168173,T,TGT,F I,72,95.97
2025-10-27,9:32:19.958171186,T,TGT,F I,30,95.97
2025-10-27,9:32:19.961993197,T,TGT,F I,41,95.98
2025-10-27,9:32:19.961996211,T,TGT,F,191,95.98
2025-10-27,9:32:19.962002222,T,TGT,F,100,95.95
2025-10-27,9:32:19.962005145,T,TGT,F I,30,95.95
2025-10-27,9:32:32.406180477,T,TGT,F I,6,95.9
2025-10-27,9:32:32.406259394,T,TGT,I,10,95.89
2025-10-27,9:32:32.406315847,T,TGT,F,109,95.88
2025-10-27,9:32:32.406373250,T,TGT,F,137,95.88
2025-10-27,9:32:32.406373250,T,TGT,F,600,95.85
2025-10-27,9:32:32.406391659,T,TGT,,100,95.89
2025-10-27,9:32:32.406394838,T,TGT,,100,95.9
2025-10-27,9:32:32.406396956,T,TGT,,100,95.9
2025-10-27,9:32:32.406412030,T,TGT,I,1,95.89
2025-10-27,9:32:32.406451135,T,TGT,F I,35,95.87
2025-10-27,9:32:32.407202825,T,TGT,,137,95.85
2025-10-27,9:32:32.407232930,T,TGT,F I,49,95.84
2025-10-27,9:32:32.407232930,T,TGT,F,100,95.84
2025-10-27,9:32:42.999193841,T,TGT,,101,95.82
2025-10-27,9:32:42.999193841,T,TGT,I,35,95.83
2025-10-27,9:32:42.999196695,T,TGT,I,25,95.83
2025-10-27,9:32:42.999199970,T,TGT,I,25,95.83
2025-10-27,9:32:42.999199970,T,TGT,I,75,95.84
2025-10-27,9:32:42.999202857,T,TGT,I,74,95.85
2025-10-27,9:32:50.288848700,T,TGT,,127,95.9
2025-10-27,9:32:53.582517549,T,TGT,I,16,95.91
2025-10-27,9:33:01.247036788,T,TGT,F,100,95.85
2025-10-27,9:33:01.247054839,T,TGT,I,1,95.85
2025-10-27,9:33:01.247084810,T,TGT,,120,95.85
2025-10-27,9:33:01.247529975,T,TGT,I,20,95.85
2025-10-27,9:33:01.249930280,T,TGT,I,25,95.84
2025-10-27,9:33:01.249933702,T,TGT,,127,95.84
2025-10-27,9:33:01.249936057,T,TGT,I,25,95.84
2025-10-27,9:33:01.249936057,T,TGT,I,23,95.84
2025-10-27,9:33:01.431348809,T,TGT,I,10,95.855
2025-10-27,9:33:03.727279736,T,TGT,I,92,95.83
2025-10-27,9:33:03.727303780,T,TGT,F I,20,95.82
2025-10-27,9:33:05.464750155,T,TGT,F I,64,95.79
2025-10-27,9:33:05.464786200,T,TGT,F I,1,95.77
2025-10-27,9:33:08.856537561,T,TGT,I,30,95.825
2025-10-27,9:33:08.856542849,T,TGT,,200,95.825
2025-10-27,9:33:08.856542849,T,TGT,,200,95.825
2025-10-27,9:33:16.640711281,T,TGT,F I,1,95.71
2025-10-27,9:33:16.640940187,T,TGT,F I,43,95.67
2025-10-27,9:33:16.640940187,T,TGT,F I,20,95.67
2025-10-27,9:33:16.641264676,T,TGT,,100,95.7
2025-10-27,9:33:16.641264676,T,TGT,I,30,95.705
2025-10-27,9:33:16.641307022,T,TGT,I,30,95.71
2025-10-27,9:33:16.641309739,T,TGT,,100,95.71
2025-10-27,9:33:16.641384950,T,TGT,F I,18,95.69
2025-10-27,9:33:16.641387963,T,TGT,F,100,95.69
2025-10-27,9:33:16.641390977,T,TGT,F I,28,95.69
2025-10-27,9:33:16.641628482,T,TGT,F I,2,95.69
2025-10-27,9:33:16.641643546,T,TGT,F I,2,95.69
2025-10-27,9:33:16.641649573,T,TGT,F I,2,95.69
2025-10-27,9:33:16.641667640,T,TGT,I,1,95.69
2025-10-27,9:33:16.641670601,T,TGT,I,95,95.69
2025-10-27,9:33:16.642356294,T,TGT,I,57,95.69
2025-10-27,9:33:16.643854391,T,TGT,F I,43,95.69
2025-10-27,9:33:16.643854391,T,TGT,F I,18,95.69
2025-10-27,9:33:16.643857510,T,TGT,F,187,95.69
2025-10-27,9:33:16.648521059,T,TGT,I,28,95.67
2025-10-27,9:33:16.648523979,T,TGT,I,27,95.67
2025-10-27,9:33:16.786528743,T,TGT,F I,20,95.68
2025-10-27,9:33:23.839306911,T,TGT,F I,28,95.69
2025-10-27,9:33:23.839351584,T,TGT,F I,9,95.73
2025-10-27,9:33:27.142102225,T,TGT,F,100,95.77
2025-10-27,9:33:27.142117279,T,TGT,F,100,95.77
2025-10-27,9:33:27.142153297,T,TGT,,100,95.77
2025-10-27,9:33:27.142201516,T,TGT,,100,95.76
2025-10-27,9:33:27.142661470,T,TGT,,100,95.76
2025-10-27,9:33:29.379940710,T,TGT,F I,75,95.74
2025-10-27,9:33:36.333800704,T,TGT,F I,75,95.76
2025-10-27,9:33:36.333845878,T,TGT,F I,75,95.76
2025-10-27,9:33:37.164506482,T,TGT,F I,10,95.8
2025-10-27,9:33:37.164506482,T,TGT,F I,6,95.8
2025-10-27,9:33:37.164580941,T,TGT,F I,29,95.8
2025-10-27,9:33:37.165053079,T,TGT,F,100,95.82
2025-10-27,9:33:37.165374846,T,TGT,F I,75,95.85
2025-10-27,9:33:37.165413874,T,TGT,F I,25,95.85
2025-10-27,9:33:39.636731632,T,TGT,F I,10,95.9
2025-10-27,9:33:39.636740691,T,TGT,F I,75,95.9
2025-10-27,9:33:39.636743649,T,TGT,F I,27,95.91
2025-10-27,9:33:39.637591743,T,TGT,F I,1,95.95
2025-10-27,9:33:39.687179855,T,TGT,F I,25,95.96
2025-10-27,9:33:39.693019800,T,TGT,F I,25,95.97
2025-10-27,9:33:46.091468544,T,TGT,I,11,95.9
2025-10-27,9:33:46.091495622,T,TGT,F I,75,95.9
2025-10-27,9:33:46.598374271,T,TGT,F I,75,95.9
2025-10-27,9:33:53.933049764,T,TGT,F I,25,95.95
2025-10-27,9:33:54.510256931,T,TGT,F I,98,95.96
2025-10-27,9:33:54.510274887,T,TGT,I,1,95.96
2025-10-27,9:33:54.510280885,T,TGT,F I,1,95.96
2025-10-27,9:33:55.377375787,T,TGT,F I,75,95.98
2025-10-27,9:34:00.281582752,T,TGT,I,10,95.99
2025-10-27,9:34:00.281585921,T,TGT,,105,95.99
2025-10-27,9:34:00.281606829,T,TGT,I,1,95.99
2025-10-27,9:34:00.281700563,T,TGT,,100,95.99
2025-10-27,9:34:00.281730646,T,TGT,,794,95.99
2025-10-27,9:34:00.281781225,T,TGT,,100,95.96
2025-10-27,9:34:00.281802530,T,TGT,I,1,95.96
2025-10-27,9:34:00.282623315,T,TGT,F I,2,95.99
2025-10-27,9:34:06.108123106,T,TGT,I,10,95.97
2025-10-27,9:34:07.230508360,T,TGT,F I,1,95.95
2025-10-27,9:34:07.230535151,T,TGT,F,100,95.94
2025-10-27,9:34:07.231359198,T,TGT,I,64,95.92
2025-10-27,9:34:07.231380281,T,TGT,I,1,95.92
2025-10-27,9:34:07.231398302,T,TGT,I,99,95.92
2025-10-27,9:34:07.232577078,T,TGT,F I,3,95.91
2025-10-27,9:34:07.232577078,T,TGT,F I,10,95.91
2025-10-27,9:34:07.232598724,T,TGT,F I,28,95.91
2025-10-27,9:34:07.232601249,T,TGT,F,100,95.91
2025-10-27,9:34:07.232625143,T,TGT,F I,10,95.91
2025-10-27,9:34:07.962954174,T,TGT,F I,75,95.91
2025-10-27,9:34:07.962996228,T,TGT,F I,25,95.91
2025-10-27,9:34:08.698560690,T,TGT,F I,25,95.94
2025-10-27,9:34:08.725471829,T,TGT,I,3,95.92
2025-10-27,9:34:12.149155441,T,TGT,I,25,95.9
2025-10-27,9:34:12.149176570,T,TGT,I,25,95.9
2025-10-27,9:34:12.149633676,T,TGT,,809,95.88
2025-10-27,9:34:12.150268143,T,TGT,,100,95.87
2025-10-27,9:34:12.531618647,T,TGT,F I,75,95.9
2025-10-27,9:34:13.963380709,T,TGT,F I,61,95.93
2025-10-27,9:34:13.963431832,T,TGT,F I,25,95.94
2025-10-27,9:34:13.964297964,T,TGT,,100,95.95
2025-10-27,9:34:14.362524627,T,TGT,F,158,95.95
2025-10-27,9:34:14.362527998,T,TGT,F I,42,95.95
2025-10-27,9:34:16.096410549,T,TGT,I,12,95.94
2025-10-27,9:34:17.135349809,T,TGT,F I,20,96.0
2025-10-27,9:34:17.135352846,T,TGT,F I,12,96.0
2025-10-27,9:34:17.135358862,T,TGT,F I,5,96.0
2025-10-27,9:34:17.135358862,T,TGT,F I,42,96.0
2025-10-27,9:34:17.135361819,T,TGT,F,158,96.0
2025-10-27,9:34:17.135370864,T,TGT,I,87,96.0
2025-10-27,9:34:17.135389224,T,TGT,I,1,96.0
2025-10-27,9:34:17.135391844,T,TGT,F I,79,96.0
2025-10-27,9:34:17.135407518,T,TGT,,185,96.0
2025-10-27,9:34:17.135410086,T,TGT,,100,96.0
2025-10-27,9:34:17.135412892,T,TGT,,800,96.0
2025-10-27,9:34:17.135557876,T,TGT,I,25,96.0
2025-10-27,9:34:17.135557876,T,TGT,I,25,95.99
2025-10-27,9:34:17.135560254,T,TGT,I,50,95.99
2025-10-27,9:34:17.135701589,T,TGT,I,25,95.99
2025-10-27,9:34:17.135701589,T,TGT,I,75,95.99
2025-10-27,9:34:17.135869988,T,TGT,I,52,95.99
2025-10-27,9:34:17.135873051,T,TGT,I,48,95.99
2025-10-27,9:34:17.135879024,T,TGT,F,250,96.01
2025-10-27,9:34:17.135981317,T,TGT,I,63,96.02
2025-10-27,9:34:17.138341878,T,TGT,I,4,96.02
2025-10-27,9:34:17.419099767,T,TGT,F,100,96.04
2025-10-27,9:34:18.364645492,T,TGT,I,2,96.02
2025-10-27,9:34:20.370992703,T,TGT,F I,40,96.1
2025-10-27,9:34:20.370992703,T,TGT,F I,25,96.1
2025-10-27,9:34:20.371326232,T,TGT,F I,1,96.11
2025-10-27,9:34:21.563327198,T,TGT,,100,96.125
2025-10-27,9:34:31.927871013,T,TGT,F,100,96.18
2025-10-27,9:34:34.895382890,T,TGT,F I,10,96.2
2025-10-27,9:34:34.896465542,T,TGT,F,100,96.17
2025-10-27,9:34:34.896799313,T,TGT,F,200,96.16
2025-10-27,9:34:34.896802288,T,TGT,F I,29,96.16
2025-10-27,9:34:34.896826360,T,TGT,F,171,96.16
2025-10-27,9:34:34.896826360,T,TGT,F,100,96.16
2025-10-27,9:34:41.062797344,T,TGT,I,1,96.24
2025-10-27,9:34:41.062800493,T,TGT,,100,96.24
2025-10-27,9:34:41.062845466,T,TGT,I,50,96.24
2025-10-27,9:34:41.062854548,T,TGT,,100,96.24
2025-10-27,9:34:41.062876068,T,TGT,,100,96.24
2025-10-27,9:34:41.062887614,T,TGT,I,10,96.235
2025-10-27,9:34:41.062890563,T,TGT,I,40,96.23
2025-10-27,9:34:41.062912028,T,TGT,I,50,96.23
2025-10-27,9:34:41.062912028,T,TGT,I,35,96.23
2025-10-27,9:34:41.062914608,T,TGT,,127,96.23
2025-10-27,9:34:41.063753642,T,TGT,F,100,96.24
2025-10-27,9:34:41.063756970,T,TGT,F I,3,96.24
2025-10-27,9:34:41.063759678,T,TGT,F I,1,96.24
2025-10-27,9:34:42.164340265,T,TGT,I,9,96.25
2025-10-27,9:34:42.164343453,T,TGT,I,1,96.25
2025-10-27,9:34:42.164343453,T,TGT,I,5,96.25
2025-10-27,9:34:42.164345692,T,TGT,I,1,96.25
2025-10-27,9:34:42.164348776,T,TGT,I,1,96.25
2025-10-27,9:34:42.164920144,T,TGT,F I,1,96.26
2025-10-27,9:34:42.220943539,T,TGT,F I,12,96.27
2025-10-27,9:34:42.478543239,T,TGT,F I,2,96.34
2025-10-27,9:34:42.612368162,T,TGT,,127,96.33
2025-10-27,9:34:42.612422283,T,TGT,I,73,96.325
2025-10-27,9:34:43.973825708,T,TGT,F,800,96.35
2025-10-27,9:34:45.462246316,T,TGT,F I,4,96.33
2025-10-27,9:34:45.462246316,T,TGT,F I,10,96.33
2025-10-27,9:34:45.462248880,T,TGT,F,100,96.33
2025-10-27,9:34:45.462251773,T,TGT,F,100,96.32
2025-10-27,9:34:45.463574992,T,TGT,F,200,96.3
2025-10-27,9:34:45.464242541,T,TGT,F I,31,96.27
2025-10-27,9:34:45.464266614,T,TGT,I,1,96.27
2025-10-27,9:34:45.464714739,T,TGT,F I,38,96.27
2025-10-27,9:34:45.533891485,T,TGT,F I,25,96.3
2025-10-27,9:34:46.101286196,T,TGT,I,14,96.315
2025-10-27,9:34:46.101349388,T,TGT,I,75,96.315
2025-10-27,9:34:47.671979281,T,TGT,F I,75,96.32
2025-10-27,9:34:53.439525096,T,TGT,F I,75,96.36
2025-10-27,9:34:53.439576273,T,TGT,F I,25,96.36
2025-10-27,9:34:56.412729627,T,TGT,F I,3,96.39
2025-10-27,9:34:56.412729627,T,TGT,F I,1,96.4
2025-10-27,9:34:56.412925035,T,TGT,I,59,96.385
2025-10-27,9:34:56.413021304,T,TGT,I,59,96.39
2025-10-27,9:34:56.413117558,T,TGT,I,42,96.38
2025-10-27,9:34:56.413159902,T,TGT,I,75,96.385
2025-10-27,9:34:56.413159902,T,TGT,,100,96.37
2025-10-27,9:34:56.413201784,T,TGT,F,100,96.39
2025-10-27,9:34:56.413261938,T,TGT,F I,50,96.39
2025-10-27,9:34:56.413508646,T,TGT,I,1,96.38
2025-10-27,9:34:56.413511562,T,TGT,I,3,96.38
2025-10-27,9:34:56.413511562,T,TGT,,158,96.38
2025-10-27,9:34:56.413571628,T,TGT,I,1,96.39
2025-10-27,9:34:56.413574573,T,TGT,I,1,96.39
2025-10-27,9:34:56.413622718,T,TGT,,100,96.38
2025-10-27,9:34:56.416100680,T,TGT,F I,75,96.38
2025-10-27,9:34:56.416142768,T,TGT,F I,25,96.38
2025-10-27,9:34:56.416163816,T,TGT,F,100,96.37
2025-10-27,9:34:56.417032903,T,TGT,F I,6,96.37
2025-10-27,9:34:56.417300501,T,TGT,F I,1,96.37
2025-10-27,9:34:56.417378685,T,TGT,F I,4,96.37
2025-10-27,9:34:56.417646348,T,TGT,F I,1,96.37
2025-10-27,9:34:59.665789853,T,TGT,,100,96.36
2025-10-27,9:34:59.668189584,T,TGT,F I,47,96.37
2025-10-27,9:34:59.668382711,T,TGT,F I,51,96.38
2025-10-27,9:34:59.668385036,T,TGT,F I,47,96.38
2025-10-27,9:34:59.687252044,T,TGT,F I,25,96.4
2025-10-27,9:34:59.687255000,T,TGT,F I,50,96.4
2025-10-27,9:35:00.283139686,T,TGT,F I,10,96.38
2025-10-27,9:35:00.283151685,T,TGT,F I,6,96.38
2025-10-27,9:35:00.283608776,T,TGT,F I,25,96.4
2025-10-27,9:35:00.914692570,T,TGT,F I,1,96.42
2025-10-27,9:35:02.428989081,T,TGT,F I,50,96.44
2025-10-27,9:35:02.429031194,T,TGT,F,100,96.45
2025-10-27,9:35:02.430643458,T,TGT,F I,1,96.48
2025-10-27,9:35:02.430643458,T,TGT,F,100,96.48
2025-10-27,9:35:02.431006951,T,TGT,I,1,96.47
2025-10-27,9:35:02.431046016,T,TGT,,100,96.48
2025-10-27,9:35:02.431103177,T,TGT,I,1,96.48
2025-10-27,9:35:02.431106207,T,TGT,I,3,96.48
2025-10-27,9:35:02.442328945,T,TGT,I,3,96.47
2025-10-27,9:35:02.442331876,T,TGT,I,4,96.46
2025-10-27,9:35:02.442331876,T,TGT,I,1,96.46
2025-10-27,9:35:04.905046015,T,TGT,F,100,96.49
2025-10-27,9:35:04.905474325,T,TGT,F I,3,96.5
2025-10-27,9:35:04.905474325,T,TGT,F I,1,96.5
2025-10-27,9:35:04.905479160,T,TGT,F I,5,96.5
2025-10-27,9:35:04.905479160,T,TGT,F,114,96.5
2025-10-27,9:35:04.905482622,T,TGT,F,114,96.5
2025-10-27,9:35:04.905482622,T,TGT,F I,3,96.5
2025-10-27,9:35:04.905485086,T,TGT,F I,1,96.5
2025-10-27,9:35:04.905515764,T,TGT,F I,50,96.5
2025-10-27,9:35:04.905515764,T,TGT,F I,1,96.5
2025-10-27,9:35:04.905518199,T,TGT,F I,5,96.5
2025-10-27,9:35:04.905605563,T,TGT,F I,1,96.49
2025-10-27,9:35:04.905617416,T,TGT,I,33,96.49
2025-10-27,9:35:04.905617416,T,TGT,I,30,96.49
2025-10-27,9:35:04.905617416,T,TGT,I,1,96.49
2025-10-27,9:35:04.905632613,T,TGT,I,9,96.49
2025-10-27,9:35:04.905635808,T,TGT,I,1,96.49
2025-10-27,9:35:04.905656473,T,TGT,I,1,96.5
2025-10-27,9:35:04.905662586,T,TGT,I,99,96.5
2025-10-27,9:35:04.905939114,T,TGT,F I,5,96.51
2025-10-27,9:35:04.905942124,T,TGT,F I,25,96.51
2025-10-27,9:35:04.957704473,T,TGT,F I,62,96.5
2025-10-27,9:35:06.949532996,T,TGT,F I,20,96.52
2025-10-27,9:35:06.949532996,T,TGT,F I,30,96.54
2025-10-27,9:35:06.949538848,T,TGT,F I,20,96.54
2025-10-27,9:35:07.105000306,T,TGT,I,10,96.55
2025-10-27,9:35:08.511908138,T,TGT,F I,50,96.58
2025-10-27,9:35:08.512395340,T,TGT,I,1,96.59
2025-10-27,9:35:08.512946321,T,TGT,F I,25,96.58
2025-10-27,9:35:08.512946321,T,TGT,F I,21,96.58
2025-10-27,9:35:08.512970106,T,TGT,F I,46,96.57
2025-10-27,9:35:08.512973317,T,TGT,F I,19,96.56
2025-10-27,9:35:08.514028630,T,TGT,F I,25,96.54
2025-10-27,9:35:08.639240531,T,TGT,I,25,96.53
2025-10-27,9:35:08.639240531,T,TGT,I,49,96.52
2025-10-27,9:35:08.639267589,T,TGT,F I,26,96.52
2025-10-27,9:35:08.794130511,T,TGT,F I,25,96.5
2025-10-27,9:35:08.794966566,T,TGT,I,65,96.49
2025-10-27,9:35:08.794972478,T,TGT,,127,96.5
2025-10-27,9:35:08.795062718,T,TGT,F I,65,96.48
2025-10-27,9:35:09.034497267,T,TGT,F,100,96.45
2025-10-27,9:35:09.034502165,T,TGT,F I,30,96.45
2025-10-27,9:35:09.034532235,T,TGT,F,100,96.45
2025-10-27,9:35:09.034565694,T,TGT,F,100,96.45
2025-10-27,9:35:09.034565694,T,TGT,F,400,96.44
2025-10-27,9:35:09.034568297,T,TGT,F I,30,96.44
2025-10-27,9:35:09.034571377,T,TGT,F I,30,96.44
2025-10-27,9:35:09.034631502,T,TGT,F I,70,96.44
2025-10-27,9:35:09.034965329,T,TGT,F,236,96.44
2025-10-27,9:35:09.034998651,T,TGT,F I,75,96.44
2025-10-27,9:35:09.035001415,T,TGT,F I,17,96.44
2025-10-27,9:35:09.036432906,T,TGT,F I,25,96.46
2025-10-27,9:35:09.036435754,T,TGT,F,100,96.47
2025-10-27,9:35:10.145992192,T,TGT,I,43,96.45
2025-10-27,9:35:11.943395378,T,TGT,F,100,96.44
2025-10-27,9:35:11.943398400,T,TGT,F I,43,96.44
2025-10-27,9:35:11.943398400,T,TGT,F,100,96.44
2025-10-27,9:35:11.943401761,T,TGT,F,300,96.44
2025-10-27,9:35:11.943401761,T,TGT,F I,1,96.44
2025-10-27,9:35:11.943404536,T,TGT,F I,1,96.44
2025-10-27,9:35:11.943846539,T,TGT,F I,1,96.44
2025-10-27,9:35:11.943850841,T,TGT,F,100,96.46
2025-10-27,9:35:11.943855571,T,TGT,F,325,96.44
2025-10-27,9:35:11.943855571,T,TGT,F I,1,96.44
2025-10-27,9:35:11.943867532,T,TGT,I,1,96.46
2025-10-27,9:35:11.943870781,T,TGT,I,24,96.46
2025-10-27,9:35:11.943873998,T,TGT,I,1,96.46
2025-10-27,9:35:11.943877611,T,TGT,F I,74,96.46
2025-10-27,9:35:11.943879895,T,TGT,F I,26,96.45
2025-10-27,9:35:11.943888609,T,TGT,I,8,96.45
2025-10-27,9:35:11.943891635,T,TGT,I,1,96.45
2025-10-27,9:35:11.943903572,T,TGT,I,11,96.46
2025-10-27,9:35:11.943907102,T,TGT,I,12,96.46
2025-10-27,9:35:11.943907102,T,TGT,I,8,96.46
2025-10-27,9:35:11.943963784,T,TGT,F,100,96.46
2025-10-27,9:35:11.943981771,T,TGT,,589,96.46
2025-10-27,9:35:11.945882343,T,TGT,F I,36,96.49
2025-10-27,9:35:11.945885788,T,TGT,F I,30,96.49
2025-10-27,9:35:11.945921941,T,TGT,F I,36,96.5
2025-10-27,9:35:11.945924452,T,TGT,F I,69,96.5
2025-10-27,9:35:12.053343330,T,TGT,I,75,96.5
2025-10-27,9:35:12.053470060,T,TGT,F I,2,96.48
2025-10-27,9:35:12.053472812,T,TGT,F I,41,96.48
2025-10-27,9:35:12.053475855,T,TGT,F I,45,96.48
2025-10-27,9:35:12.053478692,T,TGT,F I,63,96.48
2025-10-27,9:35:12.053481737,T,TGT,F I,49,96.48
2025-10-27,9:35:12.053481737,T,TGT,F I,19,96.48
2025-10-27,9:35:12.053484746,T,TGT,F,100,96.48
2025-10-27,9:35:12.053917883,T,TGT,F I,3,96.48
2025-10-27,9:35:15.492811795,T,TGT,F I,75,96.48
2025-10-27,9:35:15.492815266,T,TGT,F I,25,96.47
2025-10-27,9:35:15.492815266,T,TGT,F I,25,96.46
2025-10-27,9:35:15.492820735,T,TGT,F I,25,96.46
2025-10-27,9:35:15.492820735,T,TGT,F,240,96.45
2025-10-27,9:35:15.493268839,T,TGT,F I,25,96.45
2025-10-27,9:35:15.493293289,T,TGT,I,35,96.45
2025-10-27,9:35:15.493296672,T,TGT,I,41,96.45
2025-10-27,9:35:15.493296672,T,TGT,I,45,96.45
2025-10-27,9:35:15.493299497,T,TGT,I,1,96.45
2025-10-27,9:35:15.493302023,T,TGT,I,1,96.45
2025-10-27,9:35:15.493304854,T,TGT,I,1,96.45
2025-10-27,9:35:15.493304854,T,TGT,I,1,96.45
2025-10-27,9:35:15.493876804,T,TGT,F,600,96.38
2025-10-27,9:35:15.493879991,T,TGT,F I,30,96.38
2025-10-27,9:35:15.493883030,T,TGT,F I,65,96.38
2025-10-27,9:35:15.493883030,T,TGT,F I,61,96.38
2025-10-27,9:35:15.493885320,T,TGT,F I,13,96.38
2025-10-27,9:35:15.493888347,T,TGT,F I,47,96.38
2025-10-27,9:35:15.495876612,T,TGT,F,141,96.38
2025-10-27,9:35:15.495876612,T,TGT,F I,59,96.38
2025-10-27,9:35:15.495885035,T,TGT,F I,45,96.38
2025-10-27,9:35:15.511104476,T,TGT,F,100,96.37
2025-10-27,9:35:15.511122363,T,TGT,,100,96.36
2025-10-27,9:35:15.511537305,T,TGT,F,638,96.35
2025-10-27,9:35:15.512277119,T,TGT,F I,2,96.31
2025-10-27,9:35:15.512325637,T,TGT,F I,12,96.3
2025-10-27,9:35:15.512325637,T,TGT,F I,28,96.3
2025-10-27,9:35:15.512328214,T,TGT,F I,1,96.3
2025-10-27,9:35:15.512331408,T,TGT,F I,32,96.3
2025-10-27,9:35:15.512331408,T,TGT,F I,1,96.3
2025-10-27,9:35:15.515960836,T,TGT,I,45,96.33
2025-10-27,9:35:15.947474094,T,TGT,F I,75,96.32
2025-10-27,9:35:15.947474094,T,TGT,F I,45,96.31
2025-10-27,9:35:15.947555130,T,TGT,F I,25,96.31
2025-10-27,9:35:15.947795630,T,TGT,I,42,96.3
2025-10-27,9:35:16.079386145,T,TGT,F I,25,96.31
2025-10-27,9:35:16.079389129,T,TGT,F I,23,96.31
2025-10-27,9:35:16.592495521,T,TGT,F,100,96.32
2025-10-27,9:35:16.592498518,T,TGT,F I,48,96.31
2025-10-27,9:35:16.592558654,T,TGT,F I,52,96.31
2025-10-27,9:35:16.592558654,T,TGT,F I,48,96.31
2025-10-27,9:35:19.695393059,T,TGT,F I,25,96.33
2025-10-27,9:35:19.695393059,T,TGT,F I,5,96.32
2025-10-27,9:35:21.119092768,T,TGT,F I,30,96.3
2025-10-27,9:35:21.433281537,T,TGT,F I,2,96.27
2025-10-27,9:35:21.433533903,T,TGT,F I,6,96.26
2025-10-27,9:35:21.433858695,T,TGT,F I,1,96.24
2025-10-27,9:35:21.434279697,T,TGT,F I,5,96.23
2025-10-27,9:35:26.108083652,T,TGT,I,10,96.26
2025-10-27,9:35:31.990367934,T,TGT,F I,46,96.23
2025-10-27,9:35:31.990397966,T,TGT,F,100,96.22
2025-10-27,9:35:43.196559811,T,TGT,I,75,96.245
2025-10-27,9:35:43.196562923,T,TGT,I,25,96.24
2025-10-27,9:35:43.196592968,T,TGT,I,75,96.24
2025-10-27,9:35:43.196614011,T,TGT,I,1,96.24
2025-10-27,9:35:45.026202838,T,TGT,I,75,96.245
2025-10-27,9:35:45.026251149,T,TGT,I,75,96.245
2025-10-27,9:35:45.026287081,T,TGT,I,50,96.245
2025-10-27,9:35:48.904900709,T,TGT,I,75,96.225
2025-10-27,9:35:48.905020945,T,TGT,F I,1,96.26
2025-10-27,9:35:48.905228411,T,TGT,I,86,96.25
2025-10-27,9:35:48.905303594,T,TGT,F I,1,96.26
2025-10-27,9:35:48.905435897,T,TGT,,100,96.23
2025-10-27,9:35:48.905435897,T,TGT,I,30,96.23
2025-10-27,9:35:48.905438867,T,TGT,I,30,96.23
2025-10-27,9:35:48.905462950,T,TGT,I,42,96.23
2025-10-27,9:35:48.905490806,T,TGT,F I,58,96.23
2025-10-27,9:35:48.905490806,T,TGT,F,100,96.23
2025-10-27,9:35:48.905493071,T,TGT,F I,42,96.23
2025-10-27,9:35:48.905502014,T,TGT,I,55,96.23
2025-10-27,9:35:48.905541122,T,TGT,F,225,96.23
2025-10-27,9:35:48.905565189,T,TGT,F I,65,96.23
2025-10-27,9:35:48.905668112,T,TGT,I,29,96.23
2025-10-27,9:35:48.905811842,T,TGT,,100,96.22
2025-10-27,9:35:48.906608667,T,TGT,F I,7,96.23
2025-10-27,9:35:48.933309259,T,TGT,F I,93,96.23
2025-10-27,9:35:49.115314900,T,TGT,,100,96.23
2025-10-27,9:35:51.900776060,T,TGT,F I,82,96.19
2025-10-27,9:35:51.900797188,T,TGT,I,18,96.19
2025-10-27,9:35:53.153660042,T,TGT,I,75,96.19
2025-10-27,9:35:53.153756232,T,TGT,I,75,96.195
2025-10-27,9:35:53.153846421,T,TGT,I,50,96.195
2025-10-27,9:35:54.356886836,T,TGT,F I,18,96.16
2025-10-27,9:35:54.356886836,T,TGT,F I,15,96.16
2025-10-27,9:35:54.356889585,T,TGT,F I,30,96.16
2025-10-27,9:35:54.356895596,T,TGT,F I,30,96.15
2025-10-27,9:35:54.357136188,T,TGT,,100,96.14
2025-10-27,9:35:54.361957022,T,TGT,I,15,96.13
2025-10-27,9:35:54.361957022,T,TGT,I,85,96.12
2025-10-27,9:35:54.362314517,T,TGT,I,10,96.12
2025-10-27,9:35:54.365171383,T,TGT,F,100,96.1
2025-10-27,9:35:54.367889856,T,TGT,F,100,96.09
2025-10-27,9:35:54.367910919,T,TGT,I,82,96.09
2025-10-27,9:35:54.367913841,T,TGT,I,1,96.09
2025-10-27,9:35:54.367943937,T,TGT,F,100,96.12
2025-10-27,9:35:54.368283766,T,TGT,F I,35,96.13
2025-10-27,9:35:54.368286710,T,TGT,F,100,96.13
2025-10-27,9:35:54.370452377,T,TGT,F I,75,96.14
2025-10-27,9:35:54.370488692,T,TGT,F I,75,96.14
2025-10-27,9:35:54.370524131,T,TGT,F I,15,96.14
2025-10-27,9:35:54.370656882,T,TGT,F I,3,96.12
2025-10-27,9:35:54.370659559,T,TGT,F I,35,96.12
2025-10-27,9:35:54.370659559,T,TGT,F I,62,96.12
2025-10-27,9:35:54.370699045,T,TGT,F I,2,96.13
2025-10-27,9:35:54.374496534,T,TGT,I,50,96.13
2025-10-27,9:35:54.377242053,T,TGT,F I,38,96.12
2025-10-27,9:35:54.377242053,T,TGT,F I,62,96.1
2025-10-27,9:35:54.394349799,T,TGT,F I,17,96.085
2025-10-27,9:35:54.394352808,T,TGT,F I,83,96.085
2025-10-27,9:35:54.397877238,T,TGT,F I,30,96.12
2025-10-27,9:35:54.397877238,T,TGT,F I,44,96.12
2025-10-27,9:35:56.965691879,T,TGT,F I,25,96.17
2025-10-27,9:35:56.965728040,T,TGT,F I,25,96.18
2025-10-27,9:35:56.965831250,T,TGT,F,100,96.19
2025-10-27,9:35:56.965831250,T,TGT,F I,49,96.19
2025-10-27,9:35:56.965836851,T,TGT,F,127,96.19
2025-10-27,9:35:56.965836851,T,TGT,F,100,96.2
2025-10-27,9:35:56.965839277,T,TGT,F,127,96.2
2025-10-27,9:35:56.965842426,T,TGT,F I,93,96.21
2025-10-27,9:35:56.965842426,T,TGT,F I,18,96.21
2025-10-27,9:35:56.965881703,T,TGT,,100,96.21
2025-10-27,9:35:56.965896674,T,TGT,,100,96.18
2025-10-27,9:35:56.966091799,T,TGT,I,25,96.18
2025-10-27,9:35:56.966091799,T,TGT,I,56,96.2
2025-10-27,9:35:56.966176085,T,TGT,I,44,96.2
2025-10-27,9:35:56.968116795,T,TGT,F I,35,96.23
2025-10-27,9:35:56.968116795,T,TGT,F I,69,96.23
2025-10-27,9:35:56.968121656,T,TGT,F I,4,96.25
2025-10-27,9:35:56.968124706,T,TGT,F I,30,96.25
2025-10-27,9:35:56.968254053,T,TGT,I,39,96.225
2025-10-27,9:35:56.968476489,T,TGT,I,41,96.24
2025-10-27,9:35:56.970244849,T,TGT,F I,41,96.24
2025-10-27,9:35:56.970247761,T,TGT,F I,37,96.24
2025-10-27,9:35:56.970250840,T,TGT,F I,33,96.24
2025-10-27,9:35:56.992945830,T,TGT,,100,96.25
2025-10-27,9:35:57.879244417,T,TGT,I,75,96.24
2025-10-27,9:35:57.879334582,T,TGT,I,75,96.24
2025-10-27,9:35:57.879409816,T,TGT,I,50,96.24
2025-10-27,9:35:59.274105555,T,TGT,F I,25,96.24
2025-10-27,9:35:59.274228886,T,TGT,I,10,96.24
2025-10-27,9:36:01.539176990,T,TGT,F,389,96.3
2025-10-27,9:36:01.539176990,T,TGT,F I,50,96.3
2025-10-27,9:36:01.539324305,T,TGT,I,75,96.3
2025-10-27,9:36:01.539324305,T,TGT,I,25,96.29
2025-10-27,9:36:01.539345410,T,TGT,F I,75,96.29
2025-10-27,9:36:02.472354162,T,TGT,I,10,96.295
2025-10-27,9:36:03.452127450,T,TGT,I,14,96.295
2025-10-27,9:36:06.732005713,T,TGT,I,15,96.315
2025-10-27,9:36:06.739980853,T,TGT,F I,45,96.32
2025-10-27,9:36:06.739983741,T,TGT,F I,40,96.33
2025-10-27,9:36:06.740107028,T,TGT,,100,96.33
2025-10-27,9:36:06.740129323,T,TGT,I,1,96.34
2025-10-27,9:36:06.740134081,T,TGT,I,1,96.34
2025-10-27,9:36:06.740155163,T,TGT,I,23,96.34
2025-10-27,9:36:06.741012116,T,TGT,F,100,96.34
2025-10-27,9:36:06.741012116,T,TGT,F I,20,96.34
2025-10-27,9:36:06.741066330,T,TGT,,100,96.33
2025-10-27,9:36:06.741818119,T,TGT,I,34,96.3
2025-10-27,9:36:06.741821270,T,TGT,I,42,96.3
2025-10-27,9:36:06.741824410,T,TGT,I,1,96.3
2025-10-27,9:36:06.742028596,T,TGT,F I,25,96.31
2025-10-27,9:36:06.742031793,T,TGT,F I,32,96.32
2025-10-27,9:36:06.742031793,T,TGT,F I,43,96.32
2025-10-27,9:36:06.742035194,T,TGT,F,100,96.33
2025-10-27,9:36:06.742035194,T,TGT,F,100,96.34
2025-10-27,9:36:06.742037548,T,TGT,F I,28,96.34
2025-10-27,9:36:06.742206044,T,TGT,I,42,96.31
2025-10-27,9:36:06.742458591,T,TGT,I,83,96.32
2025-10-27,9:36:06.742882598,T,TGT,F I,63,96.34
2025-10-27,9:36:06.745336422,T,TGT,F I,44,96.32
2025-10-27,9:36:06.745342623,T,TGT,F I,13,96.32
2025-10-27,9:36:06.745342623,T,TGT,F I,95,96.32
2025-10-27,9:36:06.745345471,T,TGT,F I,13,96.32
2025-10-27,9:36:06.745364137,T,TGT,I,64,96.32
2025-10-27,9:36:06.796849346,T,TGT,F,100,96.27
2025-10-27,9:36:06.796849346,T,TGT,F I,21,96.27
2025-10-27,9:36:06.796870228,T,TGT,F,279,96.27
2025-10-27,9:36:09.164200788,T,TGT,F I,67,96.19
2025-10-27,9:36:11.859750257,T,TGT,F,100,96.18
2025-10-27,9:36:11.859753360,T,TGT,F,351,96.18
2025-10-27,9:36:11.859753360,T,TGT,F I,7,96.18
2025-10-27,9:36:11.859756240,T,TGT,F I,45,96.18
2025-10-27,9:36:11.860153230,T,TGT,F I,7,96.19
2025-10-27,9:36:11.861302539,T,TGT,F I,7,96.18
2025-10-27,9:36:11.885644979,T,TGT,I,75,96.18
2025-10-27,9:36:11.885644979,T,TGT,I,60,96.17
2025-10-27,9:36:12.225274171,T,TGT,,100,96.215
2025-10-27,9:36:17.494598998,T,TGT,F I,25,96.23
2025-10-27,9:36:17.494641109,T,TGT,F I,25,96.23
2025-10-27,9:36:17.495125250,T,TGT,I,25,96.22
2025-10-27,9:36:17.495125250,T,TGT,I,50,96.23
2025-10-27,9:36:17.495185429,T,TGT,I,25,96.22
2025-10-27,9:36:17.496328075,T,TGT,I,75,96.23
2025-10-27,9:36:17.496370236,T,TGT,I,25,96.23
2025-10-27,9:36:17.496370236,T,TGT,I,50,96.23
2025-10-27,9:36:17.496409330,T,TGT,I,75,96.23
2025-10-27,9:36:17.496445475,T,TGT,I,75,96.23
2025-10-27,9:36:19.061271541,T,TGT,F I,59,96.26
2025-10-27,9:36:19.100713600,T,TGT,I,75,96.23
2025-10-27,9:36:19.100713600,T,TGT,I,25,96.22
2025-10-27,9:36:22.327160278,T,TGT,F I,25,96.22
2025-10-27,9:36:22.327160278,T,TGT,F I,75,96.22
2025-10-27,9:36:22.327163429,T,TGT,F,100,96.23
2025-10-27,9:36:22.327205685,T,TGT,F,250,96.24
2025-10-27,9:36:22.327205685,T,TGT,F I,45,96.24
2025-10-27,9:36:22.328263847,T,TGT,I,25,96.26
2025-10-27,9:36:25.433342135,T,TGT,F,100,96.22
2025-10-27,9:36:25.433344733,T,TGT,F I,21,96.22
2025-10-27,9:36:25.433347587,T,TGT,F I,79,96.22
2025-10-27,9:36:25.433362404,T,TGT,F I,25,96.22
2025-10-27,9:36:31.218572274,T,TGT,I,39,96.2
2025-10-27,9:36:33.833773917,T,TGT,I,1,96.18
2025-10-27,9:36:33.833773917,T,TGT,,100,96.18
2025-10-27,9:36:33.833776794,T,TGT,I,50,96.18
2025-10-27,9:36:33.833776794,T,TGT,I,49,96.18
2025-10-27,9:36:33.833785898,T,TGT,I,1,96.18
2025-10-27,9:36:33.833788879,T,TGT,I,12,96.18
2025-10-27,9:36:33.833792639,T,TGT,I,25,96.18
2025-10-27,9:36:33.833795202,T,TGT,I,7,96.18
2025-10-27,9:36:33.833795202,T,TGT,F I,13,96.18
2025-10-27,9:36:33.833797932,T,TGT,I,1,96.18
2025-10-27,9:36:33.834116659,T,TGT,F,100,96.18
2025-10-27,9:36:33.834122638,T,TGT,I,33,96.17
2025-10-27,9:36:33.834161775,T,TGT,F,336,96.18
2025-10-27,9:36:33.834170751,T,TGT,I,29,96.16
2025-10-27,9:36:33.834185819,T,TGT,I,46,96.16
2025-10-27,9:36:33.834185819,T,TGT,I,6,96.16
2025-10-27,9:36:37.099978383,T,TGT,F I,9,96.16
2025-10-27,9:36:37.621360473,T,TGT,F I,25,96.14
2025-10-27,9:36:37.621778541,T,TGT,F,500,96.13
2025-10-27,9:36:37.621962461,T,TGT,F I,7,96.14
2025-10-27,9:36:37.621962461,T,TGT,F I,5,96.14
2025-10-27,9:36:37.621967927,T,TGT,F I,35,96.14
2025-10-27,9:36:37.621967927,T,TGT,F I,30,96.14
2025-10-27,9:36:37.622025589,T,TGT,I,25,96.14
2025-10-27,9:36:37.622028142,T,TGT,,100,96.15
2025-10-27,9:36:37.622401263,T,TGT,I,30,96.14
2025-10-27,9:36:37.622401263,T,TGT,I,9,96.14
2025-10-27,9:36:37.622404026,T,TGT,I,7,96.14
2025-10-27,9:36:37.622404026,T,TGT,I,25,96.14
2025-10-27,9:36:37.622407288,T,TGT,I,10,96.14
2025-10-27,9:36:37.622410330,T,TGT,I,5,96.14
2025-10-27,9:36:37.622412981,T,TGT,I,4,96.14
2025-10-27,9:36:40.657141188,T,TGT,,100,96.145
2025-10-27,9:36:40.657204449,T,TGT,,100,96.145
2025-10-27,9:36:40.659552924,T,TGT,,100,96.145
2025-10-27,9:36:42.358287936,T,TGT,F I,1,96.16
2025-10-27,9:36:42.358287936,T,TGT,F I,40,96.16
2025-10-27,9:36:42.358309614,T,TGT,F I,60,96.16
2025-10-27,9:36:42.358312063,T,TGT,F I,20,96.16
2025-10-27,9:36:42.358314975,T,TGT,F I,41,96.16
2025-10-27,9:36:42.358609715,T,TGT,I,25,96.16
2025-10-27,9:36:42.358612703,T,TGT,I,25,96.16
2025-10-27,9:36:42.358630694,T,TGT,I,50,96.16
2025-10-27,9:36:42.909074288,T,TGT,,100,96.155
2025-10-27,9:36:42.909128428,T,TGT,,100,96.155
2025-10-27,9:36:44.251875309,T,TGT,F,100,96.155
2025-10-27,9:36:44.252169948,T,TGT,F,100,96.13
2025-10-27,9:36:44.253679534,T,TGT,F I,75,96.12
2025-10-27,9:36:44.253724639,T,TGT,F I,25,96.11
2025-10-27,9:36:44.255327539,T,TGT,F I,53,96.1
2025-10-27,9:36:44.255330606,T,TGT,F,100,96.11
2025-10-27,9:36:44.255794479,T,TGT,F I,25,96.1
2025-10-27,9:36:44.255796638,T,TGT,F I,36,96.09
2025-10-27,9:36:44.255800319,T,TGT,F I,90,96.09
2025-10-27,9:36:44.255800319,T,TGT,F,404,96.09
2025-10-27,9:36:44.255802679,T,TGT,F I,20,96.09
2025-10-27,9:36:44.255805700,T,TGT,F I,47,96.09
2025-10-27,9:36:46.121402268,T,TGT,I,15,96.045
2025-10-27,9:36:56.123564721,T,TGT,I,14,96.105
2025-10-27,9:36:56.270269237,T,TGT,I,75,96.105
2025-10-27,9:36:56.270323389,T,TGT,I,8,96.105
2025-10-27,9:36:56.270323389,T,TGT,I,10,96.105
2025-10-27,9:36:57.408724648,T,TGT,F,100,96.07
2025-10-27,9:36:57.409190864,T,TGT,F I,10,96.05
2025-10-27,9:36:57.409193847,T,TGT,F I,90,96.05
2025-10-27,9:37:04.478508452,T,TGT,F I,28,96.06
2025-10-27,9:37:04.478510964,T,TGT,F I,10,96.06
2025-10-27,9:37:04.478529485,T,TGT,F I,37,96.06
2025-10-27,9:37:04.478532030,T,TGT,F I,25,96.06
2025-10-27,9:37:04.478535386,T,TGT,F I,10,96.07
2025-10-27,9:37:04.478535386,T,TGT,F I,16,96.07
2025-10-27,9:37:04.478537981,T,TGT,F I,1,96.07
2025-10-27,9:37:04.478541036,T,TGT,F I,1,96.07
2025-10-27,9:37:05.811277250,T,TGT,F,100,96.14
2025-10-27,9:37:05.811277250,T,TGT,F I,10,96.14
2025-10-27,9:37:05.811499536,T,TGT,F,100,96.16
2025-10-27,9:37:05.812085924,T,TGT,I,75,96.2
2025-10-27,9:37:05.812085924,T,TGT,I,2,96.18
2025-10-27,9:37:13.577814172,T,TGT,F I,25,96.16
2025-10-27,9:37:14.704605428,T,TGT,I,64,96.13
2025-10-27,9:37:21.261876994,T,TGT,F,100,96.08
2025-10-27,9:37:21.261895100,T,TGT,F I,14,96.08
2025-10-27,9:37:21.261901092,T,TGT,I,1,96.08
2025-10-27,9:37:21.261901092,T,TGT,I,10,96.08
2025-10-27,9:37:21.262454454,T,TGT,I,25,96.08
2025-10-27,9:37:21.262457392,T,TGT,,175,96.08
2025-10-27,9:37:21.266264496,T,TGT,I,15,96.07
2025-10-27,9:37:39.193285853,T,TGT,F,100,96.15
2025-10-27,9:37:39.193288958,T,TGT,F,100,96.15
2025-10-27,9:37:39.193288958,T,TGT,F,200,96.15
2025-10-27,9:37:39.193301520,T,TGT,,100,96.15
2025-10-27,9:37:39.193301520,T,TGT,,100,96.15
2025-10-27,9:37:39.193445039,T,TGT,I,1,96.16
2025-10-27,9:37:39.193445039,T,TGT,I,9,96.17
2025-10-27,9:37:39.193499415,T,TGT,F I,28,96.17
2025-10-27,9:37:39.194103673,T,TGT,,100,96.17
2025-10-27,9:37:39.194374236,T,TGT,I,9,96.2
2025-10-27,9:37:39.194374236,T,TGT,I,8,96.2
2025-10-27,9:37:39.194377334,T,TGT,I,9,96.2
2025-10-27,9:37:39.194377334,T,TGT,I,6,96.2
2025-10-27,9:37:39.194386339,T,TGT,F I,38,96.2
2025-10-27,9:37:39.194861395,T,TGT,F I,12,96.2
2025-10-27,9:37:39.194870504,T,TGT,F I,88,96.2
2025-10-27,9:37:39.194936624,T,TGT,I,2,96.19
2025-10-27,9:37:39.194939586,T,TGT,I,3,96.19
2025-10-27,9:37:39.194939586,T,TGT,,100,96.19
2025-10-27,9:37:39.195002737,T,TGT,F I,3,96.2
2025-10-27,9:37:39.195002737,T,TGT,F I,2,96.2
2025-10-27,9:37:39.195694465,T,TGT,F,100,96.2
2025-10-27,9:37:39.195745568,T,TGT,,100,96.19
2025-10-27,9:37:39.195766597,T,TGT,I,2,96.19
2025-10-27,9:37:39.198590469,T,TGT,F I,37,96.17
2025-10-27,9:37:39.210498689,T,TGT,F I,53,96.16
2025-10-27,9:37:39.266934186,T,TGT,I,89,96.16
2025-10-27,9:37:39.958215142,T,TGT,F I,2,96.18
2025-10-27,9:37:39.958218056,T,TGT,F I,37,96.18
2025-10-27,9:37:44.316976903,T,TGT,F,100,96.19
2025-10-27,9:37:44.316979697,T,TGT,F,100,96.19
2025-10-27,9:37:44.316979697,T,TGT,F,100,96.19
2025-10-27,9:37:44.317845697,T,TGT,,100,96.19
2025-10-27,9:37:44.345779260,T,TGT,F I,27,96.23
2025-10-27,9:37:46.130131276,T,TGT,I,15,96.235
2025-10-27,9:37:46.442140379,T,TGT,F I,75,96.26
2025-10-27,9:37:46.442140379,T,TGT,F I,23,96.27
2025-10-27,9:37:46.442142647,T,TGT,F,100,96.27
2025-10-27,9:37:46.442145631,T,TGT,F I,25,96.27
2025-10-27,9:37:46.442157669,T,TGT,I,1,96.27
2025-10-27,9:37:46.442187699,T,TGT,F I,74,96.27
2025-10-27,9:37:48.375364408,T,TGT,F I,68,96.29
2025-10-27,9:37:52.544870030,T,TGT,F I,3,96.35
2025-10-27,9:37:53.390496645,T,TGT,F I,1,96.4
2025-10-27,9:37:53.426736055,T,TGT,F,100,96.43
2025-10-27,9:37:54.070781387,T,TGT,F I,1,96.44
2025-10-27,9:37:56.131990166,T,TGT,I,10,96.445
2025-10-27,9:37:59.408443139,T,TGT,I,75,96.45
2025-10-27,9:37:59.408443139,T,TGT,I,25,96.45
2025-10-27,9:37:59.414688917,T,TGT,F I,1,96.49
2025-10-27,9:37:59.414734287,T,TGT,F I,1,96.5
2025-10-27,9:37:59.414734287,T,TGT,F I,10,96.5
2025-10-27,9:37:59.414764403,T,TGT,I,33,96.47
2025-10-27,9:37:59.414764403,T,TGT,I,67,96.46
2025-10-27,9:37:59.414782166,T,TGT,I,1,96.48
2025-10-27,9:37:59.415052798,T,TGT,F I,33,96.5
2025-10-27,9:37:59.415055845,T,TGT,F,100,96.5
2025-10-27,9:37:59.415073861,T,TGT,I,1,96.5
2025-10-27,9:37:59.416141442,T,TGT,F I,21,96.51
2025-10-27,9:37:59.416436110,T,TGT,I,35,96.49
2025-10-27,9:37:59.450699710,T,TGT,I,35,96.49
2025-10-27,9:37:59.450729775,T,TGT,F I,65,96.49
2025-10-27,9:38:00.008080714,T,TGT,,100,96.48
2025-10-27,9:38:00.008125891,T,TGT,I,42,96.48
2025-10-27,9:38:00.008125891,T,TGT,,100,96.48
2025-10-27,9:38:00.008489653,T,TGT,I,32,96.49
2025-10-27,9:38:00.009858733,T,TGT,F I,37,96.47
2025-10-27,9:38:00.009858733,T,TGT,F I,1,96.47
2025-10-27,9:38:00.009860911,T,TGT,F I,31,96.47
2025-10-27,9:38:00.009863965,T,TGT,F I,1,96.47
2025-10-27,9:38:00.009867007,T,TGT,F,100,96.47
2025-10-27,9:38:00.009867007,T,TGT,F I,26,96.47
2025-10-27,9:38:00.009869931,T,TGT,F I,74,96.47
2025-10-27,9:38:00.009869931,T,TGT,F I,6,96.47
2025-10-27,9:38:00.010369107,T,TGT,F,137,96.47
2025-10-27,9:38:01.716372511,T,TGT,F,279,96.51
2025-10-27,9:38:02.161459997,T,TGT,F I,4,96.52
2025-10-27,9:38:02.161459997,T,TGT,F,100,96.52
2025-10-27,9:38:03.153376120,T,TGT,F I,25,96.49
2025-10-27,9:38:08.831449768,T,TGT,F I,17,96.515
2025-10-27,9:38:14.855040422,T,TGT,I,10,96.52
2025-10-27,9:38:14.855043504,T,TGT,I,25,96.5
2025-10-27,9:38:14.855046442,T,TGT,I,15,96.5
2025-10-27,9:38:16.984497647,T,TGT,I,18,96.55
2025-10-27,9:38:16.984519452,T,TGT,F I,31,96.55
2025-10-27,9:38:16.984519452,T,TGT,F I,1,96.55
2025-10-27,9:38:17.854365093,T,TGT,F I,25,96.56
2025-10-27,9:38:17.885441111,T,TGT,F,100,96.57
2025-10-27,9:38:17.885462136,T,TGT,I,1,96.57
2025-10-27,9:38:17.886863492,T,TGT,I,36,96.55
2025-10-27,9:38:18.362067572,T,TGT,F I,27,96.56
2025-10-27,9:38:19.384088472,T,TGT,F,100,96.53
2025-10-27,9:38:19.384088472,T,TGT,F I,3,96.53
2025-10-27,9:38:19.384208975,T,TGT,F I,11,96.52
2025-10-27,9:38:19.384208975,T,TGT,F I,27,96.52
2025-10-27,9:38:19.384211724,T,TGT,F I,5,96.52
2025-10-27,9:38:19.417564279,T,TGT,F I,36,96.53
2025-10-27,9:38:22.691346751,T,TGT,F,137,96.49
2025-10-27,9:38:22.691350770,T,TGT,F I,43,96.49
2025-10-27,9:38:22.691355775,T,TGT,F I,10,96.49
2025-10-27,9:38:22.692670112,T,TGT,I,25,96.48
2025-10-27,9:38:22.692685107,T,TGT,I,50,96.48
2025-10-27,9:38:22.692694048,T,TGT,F I,25,96.48
2025-10-27,9:38:22.692699924,T,TGT,F I,50,96.48
2025-10-27,9:38:22.692739028,T,TGT,F,137,96.47
2025-10-27,9:38:22.692766119,T,TGT,I,75,96.48
2025-10-27,9:38:22.692796150,T,TGT,F I,75,96.48
2025-10-27,9:38:24.105162104,T,TGT,,100,96.47
2025-10-27,9:38:24.105162104,T,TGT,I,41,96.47
2025-10-27,9:38:24.105495867,T,TGT,F I,63,96.46
2025-10-27,9:38:24.105516917,T,TGT,F I,37,96.46
2025-10-27,9:38:26.137954127,T,TGT,I,10,96.48
2025-10-27,9:38:34.905287577,T,TGT,F I,75,96.46
2025-10-27,9:38:34.905329676,T,TGT,F I,75,96.46
2025-10-27,9:38:36.876721405,T,TGT,I,75,96.44
2025-10-27,9:38:38.928789316,T,TGT,I,34,96.44
2025-10-27,9:38:38.928837384,T,TGT,I,9,96.43
2025-10-27,9:38:38.928852394,T,TGT,I,31,96.43
2025-10-27,9:38:38.928852394,T,TGT,I,2,96.43
2025-10-27,9:38:39.500174692,T,TGT,F I,75,96.43
2025-10-27,9:38:39.715228939,T,TGT,F I,25,96.43
2025-10-27,9:38:39.715232268,T,TGT,F I,25,96.43
2025-10-27,9:38:39.715232268,T,TGT,F I,25,96.43
2025-10-27,9:38:39.758565187,T,TGT,,100,96.43
2025-10-27,9:38:39.758640342,T,TGT,F I,6,96.43
2025-10-27,9:38:41.696075120,T,TGT,F,100,96.42
2025-10-27,9:38:41.696177339,T,TGT,F I,32,96.41
2025-10-27,9:38:41.696180371,T,TGT,F I,55,96.41
2025-10-27,9:38:43.808127051,T,TGT,F I,30,96.38
2025-10-27,9:38:43.808127051,T,TGT,F,100,96.38
2025-10-27,9:38:43.809816968,T,TGT,I,3,96.37
2025-10-27,9:38:43.809816968,T,TGT,I,32,96.37
2025-10-27,9:38:43.810472428,T,TGT,F I,25,96.36
2025-10-27,9:38:43.810475442,T,TGT,F I,75,96.36
2025-10-27,9:38:45.150522032,T,TGT,F,200,96.41
2025-10-27,9:38:45.150615252,T,TGT,F I,10,96.42
2025-10-27,9:38:46.139803861,T,TGT,I,17,96.46
2025-10-27,9:38:47.918565825,T,TGT,F I,10,96.5
2025-10-27,9:38:47.918568633,T,TGT,F I,18,96.5
2025-10-27,9:38:47.918568633,T,TGT,F I,70,96.5
2025-10-27,9:38:47.918586655,T,TGT,I,1,96.5
2025-10-27,9:38:47.918607703,T,TGT,F I,25,96.5
2025-10-27,9:38:47.918610739,T,TGT,F I,25,96.5
2025-10-27,9:38:47.918620824,T,TGT,F I,11,96.5
2025-10-27,9:38:47.918620824,T,TGT,F I,66,96.5
2025-10-27,9:38:47.918638245,T,TGT,F I,34,96.5
2025-10-27,9:38:47.918640783,T,TGT,F I,9,96.5
2025-10-27,9:38:47.918644150,T,TGT,F I,5,96.5
2025-10-27,9:38:47.918725696,T,TGT,I,25,96.5
2025-10-27,9:38:47.918727956,T,TGT,,175,96.5
2025-10-27,9:38:47.918779074,T,TGT,F I,75,96.49
2025-10-27,9:38:47.919013663,T,TGT,,100,96.5
2025-10-27,9:38:47.942433456,T,TGT,I,29,96.52
2025-10-27,9:38:47.942466599,T,TGT,F I,52,96.52
2025-10-27,9:38:52.101840987,T,TGT,I,16,96.52
2025-10-27,9:38:52.101862094,T,TGT,F I,1,96.52
2025-10-27,9:38:52.108459712,T,TGT,F I,63,96.56
2025-10-27,9:39:01.120765977,T,TGT,F I,75,96.55
2025-10-27,9:39:01.616030872,T,TGT,F I,29,96.58
2025-10-27,9:39:01.616271523,T,TGT,F I,31,96.58
2025-10-27,9:39:01.616274547,T,TGT,F I,1,96.58
2025-10-27,9:39:01.616503009,T,TGT,F I,55,96.59
2025-10-27,9:39:01.625242588,T,TGT,I,3,96.59
2025-10-27,9:39:01.625242588,T,TGT,I,2,96.6
2025-10-27,9:39:01.625248222,T,TGT,I,10,96.6
2025-10-27,9:39:01.625248222,T,TGT,,100,96.6
2025-10-27,9:39:01.625251594,T,TGT,I,83,96.6
2025-10-27,9:39:01.625251594,T,TGT,I,30,96.6
2025-10-27,9:39:01.625253968,T,TGT,I,10,96.6
2025-10-27,9:39:01.625256890,T,TGT,I,25,96.6
2025-10-27,9:39:01.625256890,T,TGT,I,75,96.6
2025-10-27,9:39:01.626219160,T,TGT,F I,1,96.62
2025-10-27,9:39:01.626219160,T,TGT,F I,41,96.62
2025-10-27,9:39:01.626342494,T,TGT,F I,75,96.63
2025-10-27,9:39:01.626354521,T,TGT,F I,25,96.63
2025-10-27,9:39:02.818668475,T,TGT,I,1,96.64
2025-10-27,9:39:02.818668475,T,TGT,I,10,96.64
2025-10-27,9:39:03.350605456,T,TGT,F I,10,96.66
2025-10-27,9:39:04.219351238,T,TGT,F I,1,96.69
2025-10-27,9:39:04.219354469,T,TGT,F,100,96.69
2025-10-27,9:39:04.219354469,T,TGT,F I,2,96.69
2025-10-27,9:39:04.219391365,T,TGT,F I,1,96.7
2025-10-27,9:39:04.219391365,T,TGT,F I,85,96.7
2025-10-27,9:39:04.219393414,T,TGT,F I,75,96.7
2025-10-27,9:39:04.219396392,T,TGT,F I,25,96.7
2025-10-27,9:39:04.219411875,T,TGT,F,215,96.7
2025-10-27,9:39:04.219415597,T,TGT,F I,2,96.7
2025-10-27,9:39:04.219420399,T,TGT,F,100,96.7
2025-10-27,9:39:04.219459597,T,TGT,,100,96.69
2025-10-27,9:39:04.219487092,T,TGT,I,1,96.7
2025-10-27,9:39:04.220364680,T,TGT,I,10,96.71
2025-10-27,9:39:04.220382679,T,TGT,F I,10,96.7
2025-10-27,9:39:04.220400695,T,TGT,F,100,96.7
2025-10-27,9:39:04.220412844,T,TGT,F I,75,96.7
2025-10-27,9:39:04.220442787,T,TGT,F,115,96.7
2025-10-27,9:39:04.227738192,T,TGT,I,2,96.7
2025-10-27,9:39:04.227741186,T,TGT,I,2,96.7
2025-10-27,9:39:04.237096883,T,TGT,F I,2,96.71
2025-10-27,9:39:04.237099621,T,TGT,F I,2,96.71
2025-10-27,9:39:04.237099621,T,TGT,F I,25,96.71
2025-10-27,9:39:04.439244090,T,TGT,I,2,96.7
2025-10-27,9:39:04.439262095,T,TGT,I,2,96.7
2025-10-27,9:39:11.198237066,T,TGT,F I,11,96.7
2025-10-27,9:39:11.738107362,T,TGT,F I,25,96.7
2025-10-27,9:39:11.738110306,T,TGT,F I,25,96.7
2025-10-27,9:39:13.557517007,T,TGT,F I,1,96.72
2025-10-27,9:39:13.557517007,T,TGT,F I,75,96.72
2025-10-27,9:39:13.557522919,T,TGT,F I,19,96.72
2025-10-27,9:39:13.557601102,T,TGT,I,10,96.71
2025-10-27,9:39:13.557661283,T,TGT,F I,25,96.71
2025-10-27,9:39:14.272359012,T,TGT,F I,25,96.72
2025-10-27,9:39:14.433921868,T,TGT,F I,1,96.73
2025-10-27,9:39:14.433924902,T,TGT,F I,12,96.73
2025-10-27,9:39:14.435386581,T,TGT,F I,37,96.71
2025-10-27,9:39:14.435678098,T,TGT,F I,28,96.69
2025-10-27,9:39:14.436944113,T,TGT,I,39,96.68
2025-10-27,9:39:14.464492748,T,TGT,I,52,96.69
2025-10-27,9:39:14.937531686,T,TGT,I,41,96.695
2025-10-27,9:39:15.925322032,T,TGT,I,75,96.695
2025-10-27,9:39:15.925370184,T,TGT,I,25,96.695
2025-10-27,9:39:16.154522713,T,TGT,I,28,96.71
2025-10-27,9:39:16.154525395,T,TGT,I,41,96.71
2025-10-27,9:39:16.154531160,T,TGT,,101,96.71
2025-10-27,9:39:16.154543287,T,TGT,I,1,96.71
2025-10-27,9:39:16.218896588,T,TGT,F I,9,96.71
2025-10-27,9:39:16.218923490,T,TGT,F I,16,96.71
2025-10-27,9:39:16.946642276,T,TGT,F I,75,96.705
2025-10-27,9:39:16.946690335,T,TGT,I,25,96.705
2025-10-27,9:39:16.986324754,T,TGT,F I,75,96.72
2025-10-27,9:39:16.986327844,T,TGT,F,127,96.72
2025-10-27,9:39:16.986330788,T,TGT,F I,88,96.73
2025-10-27,9:39:19.380172070,T,TGT,F I,12,96.74
2025-10-27,9:39:19.380174967,T,TGT,F I,20,96.74
2025-10-27,9:39:19.711594502,T,TGT,F I,12,96.71
2025-10-27,9:39:19.883255505,T,TGT,F,477,96.7
2025-10-27,9:39:19.883270509,T,TGT,I,1,96.7
2025-10-27,9:39:19.883273513,T,TGT,F I,22,96.7
2025-10-27,9:39:19.889338986,T,TGT,I,12,96.71
2025-10-27,9:39:19.889338986,T,TGT,I,27,96.72
2025-10-27,9:39:19.889342362,T,TGT,I,25,96.72
2025-10-27,9:39:19.889342362,T,TGT,I,25,96.72
2025-10-27,9:39:19.889366018,T,TGT,I,11,96.73
2025-10-27,9:39:19.943095047,T,TGT,F I,39,96.71
2025-10-27,9:39:19.943567236,T,TGT,F I,12,96.7
2025-10-27,9:39:19.943567236,T,TGT,F I,27,96.7
2025-10-27,9:39:19.944027323,T,TGT,F I,15,96.7
2025-10-27,9:39:22.196339264,T,TGT,F I,1,96.71
2025-10-27,9:39:22.200254633,T,TGT,F,139,96.73
2025-10-27,9:39:22.200257692,T,TGT,F I,53,96.73
2025-10-27,9:39:22.200272728,T,TGT,I,1,96.73
2025-10-27,9:39:24.319054364,T,TGT,F I,21,96.78
2025-10-27,9:39:24.720345849,T,TGT,F,100,96.8
2025-10-27,9:39:24.720348778,T,TGT,F I,2,96.8
2025-10-27,9:39:24.720348778,T,TGT,F I,1,96.8
2025-10-27,9:39:24.723000747,T,TGT,F I,1,96.82
2025-10-27,9:39:26.145801548,T,TGT,I,20,96.865
2025-10-27,9:39:31.232540349,T,TGT,F,270,96.89
2025-10-27,9:39:31.232556074,T,TGT,F,318,96.89
2025-10-27,9:39:31.232558367,T,TGT,F I,12,96.89
2025-10-27,9:39:31.245374889,T,TGT,F I,7,96.88
2025-10-27,9:39:31.245631175,T,TGT,I,2,96.89
2025-10-27,9:39:31.245633632,T,TGT,I,3,96.89
2025-10-27,9:39:31.245832012,T,TGT,F I,2,96.88
2025-10-27,9:39:31.289447874,T,TGT,I,75,96.9
2025-10-27,9:39:31.289447874,T,TGT,I,25,96.9
2025-10-27,9:39:32.705422573,T,TGT,F I,5,96.89
2025-10-27,9:39:33.296874437,T,TGT,F,100,96.93
2025-10-27,9:39:33.297088260,T,TGT,F I,30,96.94
2025-10-27,9:39:33.297108954,T,TGT,F,470,96.94
2025-10-27,9:39:33.304952312,T,TGT,F I,1,96.95
2025-10-27,9:39:33.304954659,T,TGT,F I,2,96.95
2025-10-27,9:39:33.304985775,T,TGT,F I,2,96.94
2025-10-27,9:39:33.304990786,T,TGT,F I,75,96.94
2025-10-27,9:39:33.304990786,T,TGT,F I,58,96.93
2025-10-27,9:39:33.305008762,T,TGT,I,42,96.93
2025-10-27,9:39:33.308205518,T,TGT,F I,4,96.94
2025-10-27,9:39:33.308208408,T,TGT,F I,2,96.94
2025-10-27,9:39:33.308208408,T,TGT,F I,2,96.94
2025-10-27,9:39:33.308211442,T,TGT,F I,75,96.94
2025-10-27,9:39:33.311293734,T,TGT,F I,41,96.95
2025-10-27,9:39:33.311293734,T,TGT,F I,25,96.95
2025-10-27,9:39:33.311354077,T,TGT,F I,3,96.94
2025-10-27,9:39:33.311357634,T,TGT,F I,6,96.94
2025-10-27,9:39:33.311357634,T,TGT,F I,4,96.94
2025-10-27,9:39:35.048466757,T,TGT,F I,2,96.95
2025-10-27,9:39:35.048466757,T,TGT,F I,4,96.95
2025-10-27,9:39:35.048470125,T,TGT,F I,1,96.95
2025-10-27,9:39:35.048472511,T,TGT,F I,3,96.95
2025-10-27,9:39:35.151296443,T,TGT,I,92,96.96
2025-10-27,9:39:35.151311440,T,TGT,I,1,96.96
2025-10-27,9:39:35.152796975,T,TGT,F I,2,96.95
2025-10-27,9:39:35.152796975,T,TGT,F I,14,96.95
2025-10-27,9:39:35.880792441,T,TGT,I,25,96.93
2025-10-27,9:39:35.880795443,T,TGT,I,47,96.93
2025-10-27,9:39:35.913240312,T,TGT,F I,2,96.95
2025-10-27,9:39:35.913243020,T,TGT,F I,2,96.95
2025-10-27,9:39:35.913243020,T,TGT,F I,25,96.95
2025-10-27,9:39:35.913246246,T,TGT,F I,7,96.96
2025-10-27,9:39:35.913248787,T,TGT,F I,85,96.96
2025-10-27,9:39:35.918039220,T,TGT,I,39,96.94
2025-10-27,9:39:35.918039220,T,TGT,I,41,96.94
2025-10-27,9:39:35.918060336,T,TGT,I,75,96.94
2025-10-27,9:39:35.918060336,T,TGT,I,25,96.94
2025-10-27,9:39:36.393213268,T,TGT,F I,10,96.93
2025-10-27,9:39:39.574347962,T,TGT,F,100,96.91
2025-10-27,9:39:39.574817127,T,TGT,F I,95,96.9
2025-10-27,9:39:39.575169023,T,TGT,,1777,96.9
2025-10-27,9:39:39.575565943,T,TGT,F I,40,96.9
2025-10-27,9:39:39.575837391,T,TGT,I,10,96.9
2025-10-27,9:39:39.575837391,T,TGT,I,39,96.9
2025-10-27,9:39:39.575842606,T,TGT,I,2,96.9
2025-10-27,9:39:39.575842606,T,TGT,I,22,96.91
2025-10-27,9:39:39.576549303,T,TGT,F I,78,96.91
2025-10-27,9:39:43.769128726,T,TGT,F I,48,96.91
2025-10-27,9:39:45.383982033,T,TGT,F I,10,96.92
2025-10-27,9:39:53.053168250,T,TGT,I,39,96.95
2025-10-27,9:39:53.053189901,T,TGT,,216,96.96
2025-10-27,9:39:53.053207334,T,TGT,I,1,96.96
2025-10-27,9:39:53.053336690,T,TGT,F I,25,96.96
2025-10-27,9:39:53.053339677,T,TGT,F I,25,96.96
2025-10-27,9:39:53.053538279,T,TGT,I,33,96.96
2025-10-27,9:39:53.053538279,T,TGT,I,5,96.96
2025-10-27,9:39:53.054199778,T,TGT,F I,37,96.94
2025-10-27,9:39:53.054350169,T,TGT,F I,75,96.95
2025-10-27,9:39:53.054669745,T,TGT,I,15,96.95
2025-10-27,9:39:53.054669745,T,TGT,,100,96.94
2025-10-27,9:39:53.054671923,T,TGT,I,3,96.94
2025-10-27,9:39:53.054710907,T,TGT,F I,3,96.95
2025-10-27,9:39:53.054710907,T,TGT,F I,97,96.96
2025-10-27,9:39:53.084996158,T,TGT,I,3,96.96
2025-10-27,9:39:54.734834685,T,TGT,I,22,96.97
2025-10-27,9:40:01.159729592,T,TGT,F,100,96.94
2025-10-27,9:40:01.159729592,T,TGT,F I,3,96.94
2025-10-27,9:40:01.159732394,T,TGT,F,100,96.94
2025-10-27,9:40:01.159734572,T,TGT,F I,4,96.94
2025-10-27,9:40:01.275414144,T,TGT,F I,4,96.94
2025-10-27,9:40:01.643310659,T,TGT,,100,96.94
2025-10-27,9:40:01.645908828,T,TGT,,100,96.94
2025-10-27,9:40:02.074276387,T,TGT,I,25,96.94
2025-10-27,9:40:02.082693443,T,TGT,I,25,96.94
2025-10-27,9:40:02.737780105,T,TGT,F,100,96.91
2025-10-27,9:40:02.737783231,T,TGT,F I,1,96.91
2025-10-27,9:40:02.737783231,T,TGT,I,10,96.91
2025-10-27,9:40:02.738089849,T,TGT,F I,94,96.9
2025-10-27,9:40:02.738089849,T,TGT,F I,1,96.9
2025-10-27,9:40:02.738092899,T,TGT,F I,4,96.9
2025-10-27,9:40:02.740014402,T,TGT,F I,35,96.92
2025-10-27,9:40:02.742341975,T,TGT,F,100,96.93
2025-10-27,9:40:06.861035571,T,TGT,I,75,96.94
2025-10-27,9:40:06.861035571,T,TGT,I,25,96.94
2025-10-27,9:40:06.861077645,T,TGT,I,75,96.94
2025-10-27,9:40:06.861080721,T,TGT,I,44,96.93
2025-10-27,9:40:06.861086971,T,TGT,,173,96.93
2025-10-27,9:40:06.861086971,T,TGT,I,40,96.93
2025-10-27,9:40:06.861092765,T,TGT,I,53,96.93
2025-10-27,9:40:06.861092765,T,TGT,I,11,96.93
2025-10-27,9:40:06.861096464,T,TGT,I,1,96.93
2025-10-27,9:40:06.861107694,T,TGT,F I,75,96.94
2025-10-27,9:40:06.861131848,T,TGT,F I,25,96.94
2025-10-27,9:40:06.861607330,T,TGT,,100,96.93
2025-10-27,9:40:06.861609951,T,TGT,I,45,96.93
2025-10-27,9:40:06.861613118,T,TGT,,255,96.93
2025-10-27,9:40:06.861673028,T,TGT,,100,96.94
2025-10-27,9:40:06.861673028,T,TGT,I,3,96.94
2025-10-27,9:40:06.861691036,T,TGT,I,1,96.94
2025-10-27,9:40:06.861691036,T,TGT,F I,6,96.94
2025-10-27,9:40:06.862072984,T,TGT,I,36,96.95
2025-10-27,9:40:06.862075969,T,TGT,,100,96.95
2025-10-27,9:40:06.862133121,T,TGT,,100,96.94
2025-10-27,9:40:06.862154264,T,TGT,I,1,96.94
2025-10-27,9:40:06.862329232,T,TGT,,100,96.95
2025-10-27,9:40:06.862352605,T,TGT,I,9,96.94
2025-10-27,9:40:06.862352605,T,TGT,I,2,96.94
2025-10-27,9:40:06.862355690,T,TGT,F I,9,96.94
2025-10-27,9:40:06.862358689,T,TGT,F I,20,96.94
2025-10-27,9:40:06.862397770,T,TGT,F,100,96.95
2025-10-27,9:40:06.881796978,T,TGT,F I,36,96.96
2025-10-27,9:40:06.881796978,T,TGT,F,100,96.96
2025-10-27,9:40:06.881854058,T,TGT,,100,96.95
2025-10-27,9:40:06.881879231,T,TGT,I,45,96.96
2025-10-27,9:40:06.881881335,T,TGT,I,35,96.95
2025-10-27,9:40:06.881884167,T,TGT,I,3,96.95
2025-10-27,9:40:06.881887160,T,TGT,I,17,96.95
2025-10-27,9:40:06.881887160,T,TGT,I,1,96.95
2025-10-27,9:40:06.881899906,T,TGT,I,1,96.95
2025-10-27,9:40:06.882007439,T,TGT,F I,36,96.96
2025-10-27,9:40:06.882091671,T,TGT,F I,64,96.96
2025-10-27,9:40:06.882091671,T,TGT,F I,20,96.96
2025-10-27,9:40:06.882094717,T,TGT,F I,3,96.96
2025-10-27,9:40:06.882097733,T,TGT,F I,3,96.96
2025-10-27,9:40:09.400376085,T,TGT,F I,3,96.95
2025-10-27,9:40:09.400378260,T,TGT,F I,45,96.95
2025-10-27,9:40:13.491081037,T,TGT,,100,96.94
2025-10-27,9:40:13.491081037,T,TGT,I,25,96.94
2025-10-27,9:40:13.491084021,T,TGT,I,10,96.94
2025-10-27,9:40:13.552635033,T,TGT,,100,96.93
2025-10-27,9:40:13.552641015,T,TGT,,100,96.93
2025-10-27,9:40:13.552641015,T,TGT,,100,96.93
2025-10-27,9:40:13.552643667,T,TGT,,131,96.93
2025-10-27,9:40:13.552646717,T,TGT,,100,96.93
2025-10-27,9:40:13.552986530,T,TGT,F,137,96.92
2025-10-27,9:40:13.553392548,T,TGT,,177,96.91
2025-10-27,9:40:13.811840349,T,TGT,F I,10,96.91
2025-10-27,9:40:13.811840349,T,TGT,F I,3,96.91
2025-10-27,9:40:13.836330567,T,TGT,F I,4,96.91
2025-10-27,9:40:13.836333597,T,TGT,F I,5,96.91
2025-10-27,9:40:13.836832782,T,TGT,I,11,96.91
2025-10-27,9:40:13.836835863,T,TGT,,100,96.91
2025-10-27,9:40:13.837217775,T,TGT,I,11,96.91
2025-10-27,9:40:13.837220933,T,TGT,I,45,96.91
2025-10-27,9:40:13.837223730,T,TGT,I,44,96.91
2025-10-27,9:40:14.504618735,T,TGT,I,75,96.93
2025-10-27,9:40:14.504645864,T,TGT,F I,25,96.93
2025-10-27,9:40:14.507156747,T,TGT,I,3,96.93
2025-10-27,9:40:14.889514760,T,TGT,I,12,96.92
2025-10-27,9:40:15.553860535,T,TGT,F I,25,96.94
2025-10-27,9:40:16.201715008,T,TGT,I,22,96.94
2025-10-27,9:40:16.395418435,T,TGT,I,6,96.94
2025-10-27,9:40:16.397697840,T,TGT,F I,8,96.95
2025-10-27,9:40:17.152661485,T,TGT,F I,44,96.95
2025-10-27,9:40:17.152670460,T,TGT,F I,25,96.95
2025-10-27,9:40:17.154023719,T,TGT,F I,53,96.92
2025-10-27,9:40:17.154026732,T,TGT,F I,44,96.92
2025-10-27,9:40:17.154715989,T,TGT,F,137,96.9
2025-10-27,9:40:17.154715989,T,TGT,F I,47,96.9
2025-10-27,9:40:17.154772891,T,TGT,F I,53,96.9
2025-10-27,9:40:17.154772891,T,TGT,F I,44,96.9
2025-10-27,9:40:17.155728815,T,TGT,I,10,96.88
2025-10-27,9:40:17.155728815,T,TGT,I,5,96.88
2025-10-27,9:40:17.155734823,T,TGT,I,14,96.88
2025-10-27,9:40:17.155734823,T,TGT,I,15,96.88
2025-10-27,9:40:17.155737864,T,TGT,I,10,96.88
2025-10-27,9:40:17.155752915,T,TGT,I,1,96.88
2025-10-27,9:40:17.155777117,T,TGT,I,2,96.88
2025-10-27,9:40:17.155779878,T,TGT,I,1,96.88
2025-10-27,9:40:19.772731838,T,TGT,F I,75,96.925
2025-10-27,9:40:24.151989935,T,TGT,F I,75,96.92
2025-10-27,9:40:24.305556791,T,TGT,I,1,96.9
2025-10-27,9:40:24.729503716,T,TGT,,100,96.9
2025-10-27,9:40:24.729521749,T,TGT,,225,96.9
2025-10-27,9:40:27.080661270,T,TGT,F,100,96.92
2025-10-27,9:40:27.080670339,T,TGT,F I,25,96.93
2025-10-27,9:40:27.080712419,T,TGT,I,4,96.92
2025-10-27,9:40:30.186370443,T,TGT,I,35,96.93
2025-10-27,9:40:30.186388424,T,TGT,F I,65,96.93
2025-10-27,9:40:33.463722457,T,TGT,F I,54,96.97
2025-10-27,9:40:35.227117669,T,TGT,I,25,96.96
2025-10-27,9:40:35.227117669,T,TGT,I,10,96.95
2025-10-27,9:40:35.227120624,T,TGT,I,5,96.95
2025-10-27,9:40:35.227473414,T,TGT,I,3,96.96
2025-10-27,9:40:35.227475907,T,TGT,I,32,96.97
2025-10-27,9:40:35.227478447,T,TGT,I,23,96.97
2025-10-27,9:40:36.340580803,T,TGT,F I,6,96.96
2025-10-27,9:40:36.340583430,T,TGT,F I,3,96.96
2025-10-27,9:40:41.867935775,T,TGT,F I,97,96.98
2025-10-27,9:40:41.867935775,T,TGT,F I,48,96.98
2025-10-27,9:40:41.867938147,T,TGT,F I,15,96.98
2025-10-27,9:40:41.867941067,T,TGT,F I,10,96.98
2025-10-27,9:40:41.868073345,T,TGT,I,10,96.985
2025-10-27,9:40:41.868073345,T,TGT,I,90,96.98
2025-10-27,9:40:41.868091441,T,TGT,I,1,96.98
2025-10-27,9:40:41.868100486,T,TGT,I,9,96.98
2025-10-27,9:40:41.868238738,T,TGT,F,100,96.98
2025-10-27,9:40:41.868241737,T,TGT,F,100,96.98
2025-10-27,9:40:41.868272449,T,TGT,F I,1,96.99
2025-10-27,9:40:41.868277848,T,TGT,F I,1,96.99
2025-10-27,9:40:41.868277848,T,TGT,F I,20,96.99
2025-10-27,9:40:41.868277848,T,TGT,F,300,96.99
2025-10-27,9:40:41.868629705,T,TGT,F I,12,96.99
2025-10-27,9:40:45.688480445,T,TGT,F,100,96.95
2025-10-27,9:40:45.688480445,T,TGT,F I,32,96.95
2025-10-27,9:40:45.688726842,T,TGT,F,137,96.94
2025-10-27,9:40:45.689236510,T,TGT,I,11,96.93
2025-10-27,9:40:45.689268131,T,TGT,F I,89,96.93
2025-10-27,9:40:45.689274136,T,TGT,F I,75,96.93
2025-10-27,9:40:45.689355334,T,TGT,I,35,96.94
2025-10-27,9:40:45.689406480,T,TGT,F I,35,96.93
2025-10-27,9:40:45.689460586,T,TGT,,100,96.95
2025-10-27,9:40:45.689481656,T,TGT,I,1,96.95
2025-10-27,9:40:45.694476622,T,TGT,F I,40,96.96
2025-10-27,9:40:45.694536687,T,TGT,F I,3,96.95
2025-10-27,9:40:45.694548774,T,TGT,F I,40,96.95
2025-10-27,9:40:46.062773026,T,TGT,I,25,96.96
2025-10-27,9:40:48.314212999,T,TGT,F I,75,96.96
2025-10-27,9:40:48.314222052,T,TGT,F I,25,96.96
2025-10-27,9:40:48.314225027,T,TGT,F,400,96.95
2025-10-27,9:40:54.898531560,T,TGT,I,38,96.99
2025-10-27,9:40:54.898787261,T,TGT,I,22,96.99
2025-10-27,9:40:54.899732345,T,TGT,,100,97.0
2025-10-27,9:40:54.899734986,T,TGT,F I,4,97.0
2025-10-27,9:40:54.899740526,T,TGT,F I,96,97.0
2025-10-27,9:40:54.899746766,T,TGT,F I,1,97.0
2025-10-27,9:40:54.899749493,T,TGT,F I,7,97.0
2025-10-27,9:40:54.899754041,T,TGT,F I,5,97.0
2025-10-27,9:40:54.899759357,T,TGT,F I,1,97.0
2025-10-27,9:40:54.899759357,T,TGT,F I,2,97.0
2025-10-27,9:40:54.899765373,T,TGT,F I,5,97.0
2025-10-27,9:40:54.899765373,T,TGT,F I,3,97.0
2025-10-27,9:40:54.899771408,T,TGT,F I,1,97.0
2025-10-27,9:40:54.899777039,T,TGT,F I,1,97.0
2025-10-27,9:40:54.899777039,T,TGT,F I,3,97.0
2025-10-27,9:40:54.899780252,T,TGT,F I,3,97.0
2025-10-27,9:40:54.899785567,T,TGT,F I,3,97.0
2025-10-27,9:40:54.899788709,T,TGT,F I,30,97.0
2025-10-27,9:40:54.899788709,T,TGT,F I,45,97.0
2025-10-27,9:40:54.899795684,T,TGT,F,100,97.0
2025-10-27,9:40:54.899801752,T,TGT,F I,50,97.0
2025-10-27,9:40:54.899801752,T,TGT,F I,10,97.0
2025-10-27,9:40:54.899812599,T,TGT,F I,2,97.0
2025-10-27,9:40:54.899812599,T,TGT,F I,1,97.0
2025-10-27,9:40:54.899821741,T,TGT,F I,1,97.0
2025-10-27,9:40:54.899824999,T,TGT,F,400,97.0
2025-10-27,9:40:54.899827978,T,TGT,F,124,97.0
2025-10-27,9:40:54.899827978,T,TGT,F I,1,97.0
2025-10-27,9:40:54.899834029,T,TGT,F I,10,97.0
2025-10-27,9:40:54.899834029,T,TGT,F,200,97.0
2025-10-27,9:40:54.899839999,T,TGT,F I,5,97.0
2025-10-27,9:40:54.899839999,T,TGT,F I,1,97.0
2025-10-27,9:40:54.899842748,T,TGT,F I,50,97.0
2025-10-27,9:40:54.899845845,T,TGT,F I,50,97.0
2025-10-27,9:40:54.899848959,T,TGT,F I,5,97.0
2025-10-27,9:40:54.899848959,T,TGT,F,500,97.0
2025-10-27,9:40:54.899852109,T,TGT,F I,1,97.0
2025-10-27,9:40:54.900435440,T,TGT,F I,1,97.01
2025-10-27,9:40:54.900438693,T,TGT,F I,25,97.01
2025-10-27,9:40:54.900438693,T,TGT,F I,5,97.01
2025-10-27,9:40:54.900444189,T,TGT,F I,5,97.01
2025-10-27,9:40:54.900649096,T,TGT,I,25,97.02
2025-10-27,9:40:54.900652157,T,TGT,I,25,97.02
2025-10-27,9:40:54.900654614,T,TGT,I,50,97.02
2025-10-27,9:40:54.901168840,T,TGT,F I,75,97.02
2025-10-27,9:40:54.901195949,T,TGT,F,102,97.02
2025-10-27,9:40:54.901220029,T,TGT,F I,25,97.02
2025-10-27,9:40:54.901223040,T,TGT,F I,11,97.01
2025-10-27,9:40:54.901244005,T,TGT,I,1,97.01
2025-10-27,9:40:54.901265128,T,TGT,F I,88,97.01
2025-10-27,9:40:54.901268075,T,TGT,F I,12,97.01
2025-10-27,9:40:54.901289219,T,TGT,I,1,97.01
2025-10-27,9:40:54.901322281,T,TGT,F I,57,97.01
2025-10-27,9:40:54.902083009,T,TGT,I,16,97.0
2025-10-27,9:40:54.902086025,T,TGT,I,6,97.0
2025-10-27,9:40:54.902835025,T,TGT,I,3,97.01
2025-10-27,9:40:54.902837811,T,TGT,I,2,97.01
2025-10-27,9:40:55.067940271,T,TGT,I,1,97.03
2025-10-27,9:40:55.067943211,T,TGT,I,57,97.03
2025-10-27,9:40:55.067970328,T,TGT,I,25,97.03
2025-10-27,9:40:55.067976686,T,TGT,I,23,97.03
2025-10-27,9:40:55.067976686,T,TGT,I,25,97.03
2025-10-27,9:40:55.067979355,T,TGT,I,16,97.03
2025-10-27,9:40:55.067994441,T,TGT,I,54,97.03
2025-10-27,9:40:55.068000314,T,TGT,F,139,97.02
2025-10-27,9:40:55.068030378,T,TGT,F I,3,97.02
2025-10-27,9:40:55.068499853,T,TGT,I,6,97.03
2025-10-27,9:40:55.068502561,T,TGT,I,93,97.03
2025-10-27,9:40:55.068553788,T,TGT,F I,6,97.02
2025-10-27,9:40:55.069071192,T,TGT,F I,48,97.01
2025-10-27,9:40:55.069452862,T,TGT,F I,99,97.0
2025-10-27,9:40:55.666089369,T,TGT,,100,97.02
2025-10-27,9:40:58.125210030,T,TGT,I,1,97.04
2025-10-27,9:40:58.125227989,T,TGT,F I,47,97.04
2025-10-27,9:40:58.125231022,T,TGT,F I,2,97.04
2025-10-27,9:40:58.125315243,T,TGT,,100,97.04
2025-10-27,9:40:58.125949773,T,TGT,F,100,97.04
2025-10-27,9:41:00.086961339,T,TGT,F I,5,97.05
2025-10-27,9:41:00.086966726,T,TGT,F,284,97.05
2025-10-27,9:41:00.086970042,T,TGT,F I,16,97.05
2025-10-27,9:41:00.086970042,T,TGT,F,100,97.05
2025-10-27,9:41:00.087111039,T,TGT,F I,6,97.05
2025-10-27,9:41:01.632288375,T,TGT,F I,12,97.08
2025-10-27,9:41:01.632288375,T,TGT,F I,2,97.08
2025-10-27,9:41:01.632805687,T,TGT,F I,2,97.08
2025-10-27,9:41:01.632863013,T,TGT,I,1,97.09
2025-10-27,9:41:01.632865744,T,TGT,I,6,97.09
2025-10-27,9:41:01.633286741,T,TGT,F I,5,97.1
2025-10-27,9:41:01.633290553,T,TGT,F I,50,97.1
2025-10-27,9:41:01.633290553,T,TGT,F I,11,97.1
2025-10-27,9:41:01.633292833,T,TGT,F I,13,97.1
2025-10-27,9:41:01.633308148,T,TGT,I,1,97.1
2025-10-27,9:41:01.633310747,T,TGT,I,22,97.1
2025-10-27,9:41:01.633313707,T,TGT,I,50,97.1
2025-10-27,9:41:01.633545289,T,TGT,I,3,97.09
2025-10-27,9:41:01.633548295,T,TGT,I,12,97.09
2025-10-27,9:41:01.633548295,T,TGT,I,14,97.09
2025-10-27,9:41:01.634063263,T,TGT,F I,3,97.09
2025-10-27,9:41:01.634065837,T,TGT,F I,2,97.09
2025-10-27,9:41:02.546336993,T,TGT,,100,97.095
2025-10-27,9:41:02.559785070,T,TGT,I,50,97.095
2025-10-27,9:41:03.299695410,T,TGT,F I,4,97.08
2025-10-27,9:41:03.299697772,T,TGT,F,1091,97.08
2025-10-27,9:41:03.299700811,T,TGT,F I,36,97.08
2025-10-27,9:41:03.429775718,T,TGT,,100,97.075
2025-10-27,9:41:03.432310768,T,TGT,I,75,97.075
2025-10-27,9:41:03.480741074,T,TGT,I,75,97.075
2025-10-27,9:41:05.139492958,T,TGT,I,64,97.08
2025-10-27,9:41:05.284149534,T,TGT,F,100,97.05
2025-10-27,9:41:06.981230877,T,TGT,F I,25,97.02
2025-10-27,9:41:06.981230877,T,TGT,F I,75,97.01
2025-10-27,9:41:06.981233802,T,TGT,F I,25,97.01
2025-10-27,9:41:06.981236719,T,TGT,F I,10,97.01
2025-10-27,9:41:06.981260879,T,TGT,I,24,97.01
2025-10-27,9:41:06.981269800,T,TGT,I,1,97.01
2025-10-27,9:41:06.988279596,T,TGT,F,542,96.98
2025-10-27,9:41:07.038667553,T,TGT,,100,96.99
2025-10-27,9:41:07.038670567,T,TGT,I,2,96.99
2025-10-27,9:41:07.038695617,T,TGT,F I,79,97.0
2025-10-27,9:41:07.038697707,T,TGT,F I,21,97.0
2025-10-27,9:41:07.038700682,T,TGT,F I,47,97.0
2025-10-27,9:41:07.039103605,T,TGT,F,100,97.01
2025-10-27,9:41:07.058800587,T,TGT,,100,97.01
2025-10-27,9:41:08.950631703,T,TGT,,100,97.015
2025-10-27,9:41:09.507877367,T,TGT,F I,25,97.0
2025-10-27,9:41:09.613010823,T,TGT,,280,97.0
2025-10-27,9:41:13.711390710,T,TGT,F I,25,97.0
2025-10-27,9:41:13.711390710,T,TGT,F I,25,97.0
2025-10-27,9:41:15.139174550,T,TGT,F,100,96.99
2025-10-27,9:41:15.139174550,T,TGT,F I,55,96.99
2025-10-27,9:41:15.139177166,T,TGT,F I,19,96.99
2025-10-27,9:41:15.139408800,T,TGT,F I,75,96.98
2025-10-27,9:41:15.139420816,T,TGT,F I,25,96.98
2025-10-27,9:41:15.142608424,T,TGT,I,75,96.98
2025-10-27,9:41:15.144142008,T,TGT,I,32,96.99
2025-10-27,9:41:16.302017590,T,TGT,,100,96.98
2025-10-27,9:41:17.343738382,T,TGT,F,100,96.97
2025-10-27,9:41:17.343747433,T,TGT,F I,10,96.97
2025-10-27,9:41:17.344099407,T,TGT,F I,18,96.96
2025-10-27,9:41:17.344099407,T,TGT,F I,92,96.96
2025-10-27,9:41:17.344102284,T,TGT,F I,40,96.96
2025-10-27,9:41:17.344105312,T,TGT,F I,7,96.96
2025-10-27,9:41:17.346604290,T,TGT,I,77,96.96
2025-10-27,9:41:17.361032613,T,TGT,F I,10,96.94
2025-10-27,9:41:17.361035723,T,TGT,F I,54,96.94
2025-10-27,9:41:17.361053711,T,TGT,F,100,96.94
2025-10-27,9:41:17.370207449,T,TGT,I,38,96.9
2025-10-27,9:41:17.370210463,T,TGT,I,4,96.9
2025-10-27,9:41:17.370213453,T,TGT,I,44,96.9
2025-10-27,9:41:17.370568295,T,TGT,I,12,96.91
2025-10-27,9:41:18.486761499,T,TGT,I,27,96.91
2025-10-27,9:41:18.486764601,T,TGT,I,25,96.91
2025-10-27,9:41:18.486764601,T,TGT,F I,48,96.91
2025-10-27,9:41:18.486767459,T,TGT,F I,19,96.91
2025-10-27,9:41:18.495773976,T,TGT,F I,1,96.885
2025-10-27,9:41:18.537672793,T,TGT,I,1,96.88
2025-10-27,9:41:21.162007020,T,TGT,I,18,96.85
2025-10-27,9:41:21.241489391,T,TGT,F,100,96.84
2025-10-27,9:41:21.243952773,T,TGT,F I,23,96.83
2025-10-27,9:41:21.243956038,T,TGT,F I,10,96.83
2025-10-27,9:41:21.243956038,T,TGT,F I,15,96.81
2025-10-27,9:41:21.243958306,T,TGT,F I,52,96.81
2025-10-27,9:41:21.774232582,T,TGT,F,100,96.85
2025-10-27,9:41:22.070278821,T,TGT,F,100,96.82
2025-10-27,9:41:22.070299854,T,TGT,I,1,96.82
2025-10-27,9:41:22.070522375,T,TGT,,300,96.82
2025-10-27,9:41:22.175764142,T,TGT,I,10,96.82
2025-10-27,9:41:23.119117558,T,TGT,I,40,96.82
2025-10-27,9:41:23.505926149,T,TGT,I,7,96.8
2025-10-27,9:41:23.506293096,T,TGT,I,23,96.8
2025-10-27,9:41:23.527219898,T,TGT,I,7,96.8
2025-10-27,9:41:24.276289495,T,TGT,F,100,96.79
2025-10-27,9:41:24.892240950,T,TGT,I,4,96.79
2025-10-27,9:41:25.383377074,T,TGT,I,10,96.84
2025-10-27,9:41:25.748269589,T,TGT,I,90,96.85
2025-10-27,9:41:25.748290448,T,TGT,I,1,96.85
2025-10-27,9:41:27.772178285,T,TGT,F I,25,96.84
2025-10-27,9:41:28.652561751,T,TGT,I,2,96.84
2025-10-27,9:41:31.691523971,T,TGT,F I,25,96.81
2025-10-27,9:41:33.782718326,T,TGT,F I,20,96.79
2025-10-27,9:41:34.195764137,T,TGT,I,19,96.82
2025-10-27,9:41:34.226383116,T,TGT,I,7,96.82
2025-10-27,9:41:37.093521809,T,TGT,I,60,96.83
2025-10-27,9:41:37.093542887,T,TGT,F I,10,96.83
2025-10-27,9:41:37.099454952,T,TGT,I,25,96.82
2025-10-27,9:41:37.221711306,T,TGT,F I,22,96.8
2025-10-27,9:41:37.221714868,T,TGT,F I,2,96.8
2025-10-27,9:41:37.221720257,T,TGT,F I,30,96.8
2025-10-27,9:41:37.222132193,T,TGT,F,200,96.79
2025-10-27,9:41:37.222270556,T,TGT,F,100,96.78
2025-10-27,9:41:37.222309632,T,TGT,F,100,96.78
2025-10-27,9:41:37.222917045,T,TGT,I,1,96.77
2025-10-27,9:41:37.782730891,T,TGT,I,24,96.8
2025-10-27,9:41:37.783380325,T,TGT,I,31,96.78
2025-10-27,9:41:40.034528554,T,TGT,I,19,96.8
2025-10-27,9:41:44.340207535,T,TGT,I,6,96.835
2025-10-27,9:41:45.342197736,T,TGT,F I,75,96.84
2025-10-27,9:41:46.191297577,T,TGT,I,21,96.84
2025-10-27,9:41:46.889594232,T,TGT,F I,75,96.835
2025-10-27,9:41:49.443717285,T,TGT,,100,96.88
2025-10-27,9:41:49.444983374,T,TGT,I,48,96.88
2025-10-27,9:41:54.513890019,T,TGT,I,8,96.945
2025-10-27,9:41:58.722025262,T,TGT,F I,1,97.0
2025-10-27,9:41:58.722028714,T,TGT,F I,30,97.0
2025-10-27,9:41:58.722031617,T,TGT,F I,50,97.0
2025-10-27,9:41:58.722575580,T,TGT,,200,97.0
2025-10-27,9:41:58.722581573,T,TGT,F,100,97.0
2025-10-27,9:41:58.723330305,T,TGT,I,25,97.02
2025-10-27,9:41:59.754333997,T,TGT,I,23,97.05
2025-10-27,9:42:02.689665753,T,TGT,F I,25,97.08
2025-10-27,9:42:04.678874894,T,TGT,F I,40,97.09
2025-10-27,9:42:04.678929095,T,TGT,F I,10,97.1
2025-10-27,9:42:04.678932025,T,TGT,F I,1,97.1
2025-10-27,9:42:04.680646197,T,TGT,F I,1,97.11
2025-10-27,9:42:04.680787450,T,TGT,F,133,97.12
2025-10-27,9:42:04.681527218,T,TGT,F I,1,97.12
2025-10-27,9:42:04.693607017,T,TGT,F I,75,97.11
2025-10-27,9:42:04.693628139,T,TGT,F I,25,97.11
2025-10-27,9:42:04.693634098,T,TGT,F I,11,97.11
2025-10-27,9:42:04.806002859,T,TGT,I,1,97.13
2025-10-27,9:42:05.457468822,T,TGT,I,4,97.11
2025-10-27,9:42:05.457471855,T,TGT,I,4,97.11
2025-10-27,9:42:05.457471855,T,TGT,I,4,97.11
2025-10-27,9:42:07.071750812,T,TGT,F,100,97.1
2025-10-27,9:42:07.071762767,T,TGT,F,554,97.1
2025-10-27,9:42:07.071826222,T,TGT,F,100,97.09
2025-10-27,9:42:07.071828949,T,TGT,F,100,97.09
2025-10-27,9:42:07.072601854,T,TGT,F,100,97.09
2025-10-27,9:42:07.072604993,T,TGT,F I,13,97.09
2025-10-27,9:42:07.072607797,T,TGT,F I,2,97.09
2025-10-27,9:42:07.072607797,T,TGT,F I,2,97.09
2025-10-27,9:42:07.072737067,T,TGT,I,1,97.09
2025-10-27,9:42:07.072758192,T,TGT,I,1,97.09
2025-10-27,9:42:07.072773154,T,TGT,I,11,97.09
2025-10-27,9:42:07.072776253,T,TGT,I,1,97.09
2025-10-27,9:42:07.077094549,T,TGT,I,26,97.08
2025-10-27,9:42:07.077115606,T,TGT,I,1,97.08
2025-10-27,9:42:07.252229171,T,TGT,,100,97.1
2025-10-27,9:42:07.252246839,T,TGT,I,1,97.1
2025-10-27,9:42:07.252511445,T,TGT,F,100,97.1
2025-10-27,9:42:07.645093744,T,TGT,F I,59,97.09
2025-10-27,9:42:07.645111820,T,TGT,F I,41,97.09
2025-10-27,9:42:07.653096055,T,TGT,F I,88,97.08
2025-10-27,9:42:07.653098771,T,TGT,F,121,97.08
2025-10-27,9:42:07.653102897,T,TGT,F,209,97.08
2025-10-27,9:42:07.653107849,T,TGT,F,248,97.08
2025-10-27,9:42:07.653107849,T,TGT,F I,75,97.08
2025-10-27,9:42:09.424592290,T,TGT,,100,97.06
2025-10-27,9:42:09.424610303,T,TGT,I,25,97.06
2025-10-27,9:42:09.798247530,T,TGT,F I,60,97.05
2025-10-27,9:42:09.798265540,T,TGT,F,605,97.05
2025-10-27,9:42:09.798268681,T,TGT,I,1,97.05
2025-10-27,9:42:09.798271519,T,TGT,F,150,97.05
2025-10-27,9:42:09.798286572,T,TGT,I,1,97.05
2025-10-27,9:42:09.798295562,T,TGT,F,150,97.05
2025-10-27,9:42:09.798304640,T,TGT,F,208,97.05
2025-10-27,9:42:14.048814462,T,TGT,F I,50,97.1
2025-10-27,9:42:14.048817958,T,TGT,F,100,97.1
2025-10-27,9:42:14.048817958,T,TGT,F I,10,97.1
2025-10-27,9:42:18.747105557,T,TGT,I,16,97.1
2025-10-27,9:42:18.747108505,T,TGT,I,40,97.1
2025-10-27,9:42:18.781573595,T,TGT,I,22,97.11
2025-10-27,9:42:18.781592024,T,TGT,F I,78,97.11
2025-10-27,9:42:19.629569901,T,TGT,F I,80,97.12
2025-10-27,9:42:21.633730602,T,TGT,I,10,97.135
2025-10-27,9:42:21.633733627,T,TGT,I,90,97.12
2025-10-27,9:42:21.633751690,T,TGT,I,10,97.12
2025-10-27,9:42:25.071391671,T,TGT,F,252,97.12
2025-10-27,9:42:25.071394709,T,TGT,F,253,97.12
2025-10-27,9:42:25.071406961,T,TGT,I,1,97.12
2025-10-27,9:42:25.071410156,T,TGT,I,1,97.12
2025-10-27,9:42:25.071413188,T,TGT,F I,93,97.12
2025-10-27,9:42:25.209471600,T,TGT,I,2,97.13
2025-10-27,9:42:26.071279841,T,TGT,F,100,97.13
2025-10-27,9:42:26.071322038,T,TGT,F I,60,97.14
2025-10-27,9:42:26.071322038,T,TGT,F I,10,97.14
2025-10-27,9:42:26.071686073,T,TGT,I,2,97.13
2025-10-27,9:42:26.071884296,T,TGT,I,75,97.14
2025-10-27,9:42:26.071887316,T,TGT,I,25,97.14
2025-10-27,9:42:26.071926419,T,TGT,I,50,97.14
2025-10-27,9:42:26.071938422,T,TGT,F,100,97.15
2025-10-27,9:42:26.071941399,T,TGT,F,100,97.15
2025-10-27,9:42:26.072082820,T,TGT,,100,97.15
2025-10-27,9:42:26.072082820,T,TGT,,100,97.14
2025-10-27,9:42:26.072104621,T,TGT,I,1,97.14
2025-10-27,9:42:27.045793559,T,TGT,F I,46,97.16
2025-10-27,9:42:27.045793559,T,TGT,F I,1,97.16
2025-10-27,9:42:27.045796553,T,TGT,F I,1,97.16
2025-10-27,9:42:27.045811617,T,TGT,F I,25,97.16
2025-10-27,9:42:27.535282510,T,TGT,I,11,97.16
2025-10-27,9:42:27.535282510,T,TGT,F I,75,97.17
2025-10-27,9:42:27.535302852,T,TGT,I,1,97.17
2025-10-27,9:42:27.535306389,T,TGT,F I,24,97.17
2025-10-27,9:42:27.535309269,T,TGT,F I,31,97.17
2025-10-27,9:42:27.535311918,T,TGT,F,100,97.17
2025-10-27,9:42:27.535314820,T,TGT,I,2,97.16
2025-10-27,9:42:27.535329844,T,TGT,I,23,97.17
2025-10-27,9:42:27.535329844,T,TGT,I,9,97.17
2025-10-27,9:42:27.822153262,T,TGT,F I,23,97.17
2025-10-27,9:42:28.228719754,T,TGT,F I,1,97.18
2025-10-27,9:42:28.228724960,T,TGT,F,510,97.18
2025-10-27,9:42:28.228724960,T,TGT,F,100,97.18
2025-10-27,9:42:28.228730909,T,TGT,F I,45,97.18
2025-10-27,9:42:28.228730909,T,TGT,F,100,97.18
2025-10-27,9:42:28.228769895,T,TGT,F,100,97.19
2025-10-27,9:42:28.229275685,T,TGT,F I,20,97.2
2025-10-27,9:42:28.229275685,T,TGT,F I,30,97.2
2025-10-27,9:42:28.229302874,T,TGT,F I,20,97.2
2025-10-27,9:42:28.229912768,T,TGT,F,100,97.21
2025-10-27,9:42:28.230559497,T,TGT,I,5,97.22
2025-10-27,9:42:28.230559497,T,TGT,I,5,97.22
2025-10-27,9:42:28.230562347,T,TGT,I,5,97.22
2025-10-27,9:42:28.230565290,T,TGT,I,4,97.22
2025-10-27,9:42:28.312176658,T,TGT,I,25,97.23
2025-10-27,9:42:28.412892646,T,TGT,,200,97.225
2025-10-27,9:42:31.559580351,T,TGT,I,5,97.23
2025-10-27,9:42:32.806882922,T,TGT,I,55,97.23
2025-10-27,9:42:32.806919026,T,TGT,F I,30,97.23
2025-10-27,9:42:32.807273915,T,TGT,F I,5,97.25
2025-10-27,9:42:32.807276931,T,TGT,F,461,97.25
2025-10-27,9:42:32.807276931,T,TGT,F I,1,97.25
2025-10-27,9:42:32.807279893,T,TGT,F I,30,97.25
2025-10-27,9:42:33.021041209,T,TGT,F I,1,97.27
2025-10-27,9:42:36.492349321,T,TGT,F,100,97.25
2025-10-27,9:42:36.492349321,T,TGT,F I,14,97.25
2025-10-27,9:42:36.492472709,T,TGT,F I,75,97.23
2025-10-27,9:42:36.492496735,T,TGT,F I,25,97.23
2025-10-27,9:42:42.972148075,T,TGT,F I,25,97.22
2025-10-27,9:42:42.972271352,T,TGT,F,100,97.21
2025-10-27,9:42:42.972295355,T,TGT,F I,10,97.21
2025-10-27,9:42:42.972376639,T,TGT,F I,75,97.2
2025-10-27,9:42:42.972400613,T,TGT,F I,25,97.2
2025-10-27,9:42:42.972400613,T,TGT,F I,35,97.2
2025-10-27,9:42:42.972403664,T,TGT,F I,6,97.2
2025-10-27,9:42:42.972418728,T,TGT,F I,59,97.2
2025-10-27,9:42:42.972424645,T,TGT,F I,59,97.2
2025-10-27,9:42:42.972487876,T,TGT,I,41,97.2
2025-10-27,9:42:42.972842709,T,TGT,I,75,97.2
2025-10-27,9:42:43.039511528,T,TGT,F,100,97.21
2025-10-27,9:42:43.039758109,T,TGT,F I,75,97.22
2025-10-27,9:42:43.039776168,T,TGT,F I,25,97.22
2025-10-27,9:42:45.464335407,T,TGT,I,75,97.215
2025-10-27,9:42:55.105935969,T,TGT,F,100,97.25
2025-10-27,9:42:56.988808744,T,TGT,I,7,97.24
2025-10-27,9:42:57.359375661,T,TGT,,100,97.25
2025-10-27,9:43:01.405599392,T,TGT,F I,2,97.25
2025-10-27,9:43:03.007305395,T,TGT,I,25,97.265
2025-10-27,9:43:03.007305395,T,TGT,I,2,97.265
2025-10-27,9:43:03.007308399,T,TGT,I,10,97.25
2025-10-27,9:43:03.007308399,T,TGT,I,3,97.25
2025-10-27,9:43:03.007840598,T,TGT,I,1,97.25
2025-10-27,9:43:06.903144030,T,TGT,F I,68,97.25
2025-10-27,9:43:06.903144030,T,TGT,F I,75,97.25
2025-10-27,9:43:06.903147048,T,TGT,F I,25,97.25
2025-10-27,9:43:06.903150658,T,TGT,F I,32,97.25
2025-10-27,9:43:06.903150658,T,TGT,F I,5,97.25
2025-10-27,9:43:06.903156140,T,TGT,F I,35,97.24
2025-10-27,9:43:06.903159496,T,TGT,F,442,97.24
2025-10-27,9:43:06.903169162,T,TGT,F I,76,97.24
2025-10-27,9:43:06.903169162,T,TGT,F I,1,97.24
2025-10-27,9:43:06.903171156,T,TGT,F I,30,97.24
2025-10-27,9:43:06.903177375,T,TGT,F I,10,97.24
2025-10-27,9:43:06.903180026,T,TGT,F I,25,97.24
2025-10-27,9:43:06.903180026,T,TGT,F I,25,97.24
2025-10-27,9:43:06.903222157,T,TGT,F I,1,97.23
2025-10-27,9:43:06.903225154,T,TGT,F I,20,97.23
2025-10-27,9:43:06.903282292,T,TGT,F I,10,97.22
2025-10-27,9:43:06.903282292,T,TGT,F I,3,97.22
2025-10-27,9:43:06.903456688,T,TGT,I,57,97.25
2025-10-27,9:43:06.903679251,T,TGT,F I,20,97.21
2025-10-27,9:43:06.903910776,T,TGT,F I,30,97.21
2025-10-27,9:43:06.938387907,T,TGT,F,114,97.21
2025-10-27,9:43:06.938387907,T,TGT,F I,84,97.2
2025-10-27,9:43:06.938403029,T,TGT,F I,16,97.2
2025-10-27,9:43:06.938405944,T,TGT,F I,98,97.2
2025-10-27,9:43:06.939251003,T,TGT,F,199,97.19
2025-10-27,9:43:06.939275019,T,TGT,,401,97.19
2025-10-27,9:43:06.939275019,T,TGT,I,23,97.19
2025-10-27,9:43:06.939278119,T,TGT,I,63,97.19
2025-10-27,9:43:06.939281030,T,TGT,,100,97.19
2025-10-27,9:43:10.814084898,T,TGT,F I,35,97.2
2025-10-27,9:43:10.814084898,T,TGT,F I,20,97.2
2025-10-27,9:43:10.820032644,T,TGT,,100,97.17
2025-10-27,9:43:11.689440074,T,TGT,F I,25,97.145
2025-10-27,9:43:13.180822076,T,TGT,I,25,97.18
2025-10-27,9:43:21.637392831,T,TGT,I,25,97.23
2025-10-27,9:43:21.637398714,T,TGT,,100,97.24
2025-10-27,9:43:21.637398714,T,TGT,I,81,97.24
2025-10-27,9:43:21.637401699,T,TGT,I,25,97.24
2025-10-27,9:43:21.637408163,T,TGT,I,25,97.24
2025-10-27,9:43:21.638501953,T,TGT,I,25,97.24
2025-10-27,9:43:21.638504893,T,TGT,I,25,97.24
2025-10-27,9:43:21.638712396,T,TGT,I,10,97.24
2025-10-27,9:43:21.638817659,T,TGT,I,40,97.24
2025-10-27,9:43:22.225596658,T,TGT,F,700,97.26
2025-10-27,9:43:22.225599615,T,TGT,F,100,97.26
2025-10-27,9:43:22.225846226,T,TGT,F I,19,97.28
2025-10-27,9:43:22.225849280,T,TGT,F I,20,97.28
2025-10-27,9:43:22.226152960,T,TGT,I,25,97.28
2025-10-27,9:43:22.226156353,T,TGT,I,25,97.27
2025-10-27,9:43:22.226156353,T,TGT,I,75,97.27
2025-10-27,9:43:22.226159010,T,TGT,I,2,97.27
2025-10-27,9:43:22.226892761,T,TGT,I,73,97.28
2025-10-27,9:43:22.228709599,T,TGT,F,200,97.27
2025-10-27,9:43:22.230561422,T,TGT,,100,97.28
2025-10-27,9:43:22.230564540,T,TGT,I,12,97.275
2025-10-27,9:43:22.422304303,T,TGT,I,25,97.26
2025-10-27,9:43:24.683327887,T,TGT,F I,75,97.26
