DATE,TIME_M,EX,SYM_ROOT,TR_SCOND,SIZE,PRICE
2025-11-24,9:30:00.145631688,T,TGT,FTI,1,87.75
2025-11-24,9:30:01.079199892,T,TGT,F I,2,87.675
2025-11-24,9:30:01.079205898,T,TGT,Q,2,87.675
2025-11-24,9:30:01.095661140,T,TGT,F I,2,87.675
2025-11-24,9:30:01.704927676,T,TGT,F I,1,87.585
2025-11-24,9:30:02.078008436,T,TGT,,200,87.585
2025-11-24,9:30:02.083270935,T,TGT,,200,87.585
2025-11-24,9:30:02.107217030,T,TGT,,200,87.585
2025-11-24,9:30:02.214398366,T,TGT,I,51,87.55
2025-11-24,9:30:02.222722190,T,TGT,,200,87.575
2025-11-24,9:30:02.427840794,T,TGT,I,52,87.52
2025-11-24,9:30:02.428192642,T,TGT,I,10,87.51
2025-11-24,9:30:02.428198610,T,TGT,I,12,87.51
2025-11-24,9:30:02.428198610,T,TGT,I,57,87.5
2025-11-24,9:30:02.428201827,T,TGT,I,32,87.5
2025-11-24,9:30:02.428204670,T,TGT,I,1,87.5
2025-11-24,9:30:02.428725069,T,TGT,I,27,87.54
2025-11-24,9:30:02.428725069,T,TGT,I,4,87.54
2025-11-24,9:30:02.663401019,T,TGT,I,1,87.52
2025-11-24,9:30:02.813440506,T,TGT,I,1,87.52
2025-11-24,9:30:02.813482575,T,TGT,,310,87.52
2025-11-24,9:30:03.056921544,T,TGT,I,1,87.62
2025-11-24,9:30:05.560836506,T,TGT,I,1,87.52
2025-11-24,9:30:06.962078927,T,TGT,F,100,87.56
2025-11-24,9:30:06.962078927,T,TGT,F I,7,87.63
2025-11-24,9:30:06.962199050,T,TGT,,300,87.58
2025-11-24,9:30:06.962223384,T,TGT,I,10,87.56
2025-11-24,9:30:06.962223384,T,TGT,,100,87.56
2025-11-24,9:30:06.962265386,T,TGT,,300,87.595
2025-11-24,9:30:06.962265386,T,TGT,I,10,87.56
2025-11-24,9:30:06.962268172,T,TGT,I,1,87.56
2025-11-24,9:30:06.962379425,T,TGT,F I,93,87.63
2025-11-24,9:30:06.962382515,T,TGT,F I,6,87.63
2025-11-24,9:30:06.962382515,T,TGT,F I,1,87.63
2025-11-24,9:30:06.962442934,T,TGT,,100,87.63
2025-11-24,9:30:06.962442934,T,TGT,,189,87.63
2025-11-24,9:30:06.962878662,T,TGT,F I,29,87.6
2025-11-24,9:30:06.962878662,T,TGT,F,271,87.58
2025-11-24,9:30:06.965155130,T,TGT,,100,87.64
2025-11-24,9:30:06.965158022,T,TGT,,150,87.65
2025-11-24,9:30:06.965191137,T,TGT,F I,50,87.65
2025-11-24,9:30:06.965194104,T,TGT,F I,50,87.65
2025-11-24,9:30:06.965248258,T,TGT,F I,7,87.66
2025-11-24,9:30:06.965287390,T,TGT,I,3,87.64
2025-11-24,9:30:06.967236035,T,TGT,I,24,87.75
2025-11-24,9:30:06.967236035,T,TGT,I,14,87.75
2025-11-24,9:30:12.067843240,T,TGT,F I,21,87.9
2025-11-24,9:30:12.067846337,T,TGT,F I,4,87.9
2025-11-24,9:30:12.068631201,T,TGT,F I,1,87.98
2025-11-24,9:30:12.069268718,T,TGT,F I,3,87.95
2025-11-24,9:30:12.069295780,T,TGT,F I,3,87.95
2025-11-24,9:30:12.069554359,T,TGT,F I,22,87.95
2025-11-24,9:30:12.069554359,T,TGT,F I,17,87.95
2025-11-24,9:30:12.079817850,T,TGT,I,13,87.91
2025-11-24,9:30:12.079872087,T,TGT,I,87,87.89
2025-11-24,9:30:12.079872087,T,TGT,I,13,87.91
2025-11-24,9:30:30.378820236,T,TGT,I,19,87.79
2025-11-24,9:30:30.378835231,T,TGT,I,1,87.76
2025-11-24,9:30:30.378838226,T,TGT,I,18,87.76
2025-11-24,9:30:30.378895447,T,TGT,I,87,87.76
2025-11-24,9:30:30.378946654,T,TGT,,100,87.76
2025-11-24,9:30:30.378949489,T,TGT,F I,19,87.765
2025-11-24,9:30:30.379154004,T,TGT,I,28,87.77
2025-11-24,9:30:30.379184079,T,TGT,I,22,87.77
2025-11-24,9:30:30.379355519,T,TGT,F I,36,87.78
2025-11-24,9:30:30.379505828,T,TGT,F I,13,87.78
2025-11-24,9:30:30.421936942,T,TGT,F I,62,87.71
2025-11-24,9:30:30.421939983,T,TGT,F I,38,87.71
2025-11-24,9:30:30.421970026,T,TGT,F I,51,87.71
2025-11-24,9:30:30.421985016,T,TGT,F I,49,87.71
2025-11-24,9:30:30.421991107,T,TGT,F I,13,87.7
2025-11-24,9:30:30.421997162,T,TGT,,100,87.75
2025-11-24,9:30:30.421997162,T,TGT,F I,62,87.7
2025-11-24,9:30:30.422015107,T,TGT,I,1,87.74
2025-11-24,9:30:30.422027201,T,TGT,F I,25,87.71
2025-11-24,9:30:30.422042244,T,TGT,I,99,87.74
2025-11-24,9:30:30.422054311,T,TGT,F I,44,87.71
2025-11-24,9:30:30.422066214,T,TGT,F I,14,87.72
2025-11-24,9:30:30.422075273,T,TGT,F I,1,87.72
2025-11-24,9:30:30.422081334,T,TGT,I,49,87.72
2025-11-24,9:30:30.422099385,T,TGT,F I,36,87.72
2025-11-24,9:30:30.422102338,T,TGT,F I,25,87.72
2025-11-24,9:30:30.422186516,T,TGT,F I,25,87.7
2025-11-24,9:30:30.422240671,T,TGT,,100,87.74
2025-11-24,9:30:30.422373215,T,TGT,F I,49,87.71
2025-11-24,9:30:30.422373215,T,TGT,F I,13,87.71
2025-11-24,9:30:30.422397047,T,TGT,F I,12,87.71
2025-11-24,9:30:30.422406021,T,TGT,I,4,87.74
2025-11-24,9:30:30.422406021,T,TGT,I,1,87.74
2025-11-24,9:30:30.422409067,T,TGT,I,15,87.74
2025-11-24,9:30:30.422460180,T,TGT,F I,26,87.71
2025-11-24,9:30:30.422514287,T,TGT,I,12,87.74
2025-11-24,9:30:30.422553415,T,TGT,F I,49,87.72
2025-11-24,9:30:30.422580486,T,TGT,I,26,87.74
2025-11-24,9:30:30.422619592,T,TGT,I,68,87.74
2025-11-24,9:30:30.422625611,T,TGT,I,17,87.74
2025-11-24,9:30:30.422634579,T,TGT,I,83,87.74
2025-11-24,9:30:30.422667956,T,TGT,I,17,87.73
2025-11-24,9:30:30.422667956,T,TGT,I,65,87.76
2025-11-24,9:30:30.422758372,T,TGT,,100,87.74
2025-11-24,9:30:30.422758372,T,TGT,I,15,87.76
2025-11-24,9:30:30.422758372,T,TGT,I,20,87.78
2025-11-24,9:30:30.422760967,T,TGT,I,47,87.78
2025-11-24,9:30:30.430672813,T,TGT,F I,20,87.75
2025-11-24,9:30:31.521302001,T,TGT,F I,25,87.69
2025-11-24,9:30:31.521302001,T,TGT,F I,37,87.69
2025-11-24,9:30:31.522498856,T,TGT,F I,63,87.69
2025-11-24,9:30:31.572847764,T,TGT,,100,87.71
2025-11-24,9:30:36.209560980,T,TGT,I,2,87.715
2025-11-24,9:30:41.937561925,T,TGT,I,25,87.67
2025-11-24,9:30:42.887564249,T,TGT,I,98,87.695
2025-11-24,9:30:48.003270480,T,TGT,I,2,87.695
2025-11-24,9:30:48.003273559,T,TGT,I,19,87.68
2025-11-24,9:30:48.003417819,T,TGT,I,61,87.68
2025-11-24,9:31:00.283058634,T,TGT,I,50,87.73
2025-11-24,9:31:00.283085168,T,TGT,F I,15,87.76
2025-11-24,9:31:00.283088131,T,TGT,F I,3,87.77
2025-11-24,9:31:00.286071301,T,TGT,I,40,87.76
2025-11-24,9:31:00.286777886,T,TGT,I,30,87.75
2025-11-24,9:31:05.529585384,T,TGT,I,16,87.87
2025-11-24,9:31:05.529588026,T,TGT,I,2,87.87
2025-11-24,9:31:07.563357096,T,TGT,,100,87.855
2025-11-24,9:31:10.233060272,T,TGT,I,25,87.88
2025-11-24,9:31:10.233060272,T,TGT,I,1,87.855
2025-11-24,9:31:10.233063297,T,TGT,I,2,87.855
2025-11-24,9:31:10.233490255,T,TGT,I,72,87.855
2025-11-24,9:31:31.366275561,T,TGT,F I,57,87.77
2025-11-24,9:31:31.366323702,T,TGT,F I,50,87.76
2025-11-24,9:31:31.366543408,T,TGT,F I,6,87.71
2025-11-24,9:31:31.366549956,T,TGT,F,100,87.71
2025-11-24,9:31:31.366555260,T,TGT,F,204,87.7
2025-11-24,9:31:31.366555260,T,TGT,F I,6,87.7
2025-11-24,9:31:31.366555260,T,TGT,F,124,87.7
2025-11-24,9:31:31.366570284,T,TGT,I,1,87.7
2025-11-24,9:31:31.366579299,T,TGT,F,165,87.7
2025-11-24,9:31:31.366582342,T,TGT,F,200,87.7
2025-11-24,9:31:31.366681547,T,TGT,,100,87.71
2025-11-24,9:31:31.366738618,T,TGT,F I,27,87.71
2025-11-24,9:31:31.366741713,T,TGT,F I,73,87.72
2025-11-24,9:31:31.366753694,T,TGT,F I,1,87.72
2025-11-24,9:31:31.366756683,T,TGT,I,1,87.72
2025-11-24,9:31:31.366973250,T,TGT,F I,18,87.7
2025-11-24,9:31:31.366991338,T,TGT,I,25,87.71
2025-11-24,9:31:31.367213850,T,TGT,F I,11,87.68
2025-11-24,9:31:31.367217024,T,TGT,F I,73,87.68
2025-11-24,9:31:31.367217024,T,TGT,F I,1,87.68
2025-11-24,9:31:31.367219930,T,TGT,F I,1,87.68
2025-11-24,9:31:31.368368535,T,TGT,F I,50,87.68
2025-11-24,9:31:31.368401606,T,TGT,I,50,87.68
2025-11-24,9:31:33.549154974,T,TGT,I,3,87.67
2025-11-24,9:31:34.153176896,T,TGT,F I,63,87.69
2025-11-24,9:31:34.153222158,T,TGT,F I,63,87.69
2025-11-24,9:31:34.153258112,T,TGT,F I,63,87.69
2025-11-24,9:31:34.153294162,T,TGT,F I,63,87.69
2025-11-24,9:31:34.153327232,T,TGT,F I,63,87.69
2025-11-24,9:31:34.153363358,T,TGT,F I,63,87.69
2025-11-24,9:31:34.153396447,T,TGT,F I,63,87.69
2025-11-24,9:31:34.153432489,T,TGT,F I,63,87.69
2025-11-24,9:31:34.153465576,T,TGT,F I,63,87.69
2025-11-24,9:31:34.153498664,T,TGT,F I,63,87.69
2025-11-24,9:31:35.554737857,T,TGT,I,10,87.64
2025-11-24,9:31:35.555775385,T,TGT,I,10,87.65
2025-11-24,9:31:35.555778382,T,TGT,I,3,87.65
2025-11-24,9:31:35.557895415,T,TGT,I,10,87.64
2025-11-24,9:31:35.602756431,T,TGT,I,10,87.65
2025-11-24,9:31:35.874928663,T,TGT,I,10,87.64
2025-11-24,9:31:35.890541840,T,TGT,I,10,87.65
2025-11-24,9:31:36.244428050,T,TGT,I,10,87.64
2025-11-24,9:31:36.901291864,T,TGT,I,10,87.65
2025-11-24,9:31:36.902425588,T,TGT,I,10,87.65
2025-11-24,9:31:37.365862640,T,TGT,I,10,87.64
2025-11-24,9:31:37.366915044,T,TGT,I,10,87.65
2025-11-24,9:31:37.385388100,T,TGT,I,10,87.64
2025-11-24,9:31:37.395377872,T,TGT,I,10,87.65
2025-11-24,9:31:41.447745040,T,TGT,I,3,87.63
2025-11-24,9:31:41.447745040,T,TGT,I,7,87.62
2025-11-24,9:31:41.447823237,T,TGT,F I,1,87.61
2025-11-24,9:31:41.448364505,T,TGT,F I,1,87.59
2025-11-24,9:31:41.448719334,T,TGT,I,7,87.62
2025-11-24,9:31:41.448743436,T,TGT,F,238,87.62
2025-11-24,9:31:41.448806485,T,TGT,F I,1,87.59
2025-11-24,9:31:41.448818758,T,TGT,F I,20,87.65
2025-11-24,9:31:41.449162069,T,TGT,I,6,87.62
2025-11-24,9:31:41.449162069,T,TGT,I,20,87.62
2025-11-24,9:31:41.449164824,T,TGT,I,34,87.62
2025-11-24,9:31:41.449203487,T,TGT,F I,1,87.65
2025-11-24,9:31:41.449215480,T,TGT,F I,19,87.62
2025-11-24,9:31:41.449236554,T,TGT,I,32,87.65
2025-11-24,9:31:41.449239582,T,TGT,I,1,87.65
2025-11-24,9:31:41.449278691,T,TGT,F I,1,87.67
2025-11-24,9:31:41.449317778,T,TGT,F I,14,87.67
2025-11-24,9:31:41.449465193,T,TGT,I,2,87.66
2025-11-24,9:31:41.449465193,T,TGT,I,2,87.66
2025-11-24,9:31:41.449468130,T,TGT,I,14,87.66
2025-11-24,9:31:41.449489221,T,TGT,I,72,87.68
2025-11-24,9:31:41.449501141,T,TGT,F I,2,87.67
2025-11-24,9:31:41.449510203,T,TGT,F I,28,87.68
2025-11-24,9:31:41.449513181,T,TGT,F I,18,87.68
2025-11-24,9:31:41.449585369,T,TGT,F I,20,87.69
2025-11-24,9:31:41.449588361,T,TGT,F I,4,87.69
2025-11-24,9:31:41.449624768,T,TGT,I,34,87.69
2025-11-24,9:31:41.449627478,T,TGT,I,80,87.69
2025-11-24,9:31:41.449750765,T,TGT,I,18,87.67
2025-11-24,9:31:41.449754075,T,TGT,I,36,87.67
2025-11-24,9:31:41.449754075,T,TGT,I,20,87.67
2025-11-24,9:31:41.449756862,T,TGT,I,23,87.67
2025-11-24,9:31:41.449775423,T,TGT,I,1,87.68
2025-11-24,9:31:41.450111594,T,TGT,F,100,87.68
2025-11-24,9:31:41.450150762,T,TGT,F I,5,87.68
2025-11-24,9:31:41.450241001,T,TGT,F I,5,87.68
2025-11-24,9:31:41.450268076,T,TGT,F I,14,87.68
2025-11-24,9:31:41.451612268,T,TGT,F I,14,87.68
2025-11-24,9:31:41.453987832,T,TGT,I,4,87.66
2025-11-24,9:31:41.499098591,T,TGT,F I,59,87.7
2025-11-24,9:31:41.499098591,T,TGT,F I,3,87.7
2025-11-24,9:31:41.499101305,T,TGT,F I,38,87.7
2025-11-24,9:31:41.499762953,T,TGT,I,35,87.71
2025-11-24,9:31:41.499787520,T,TGT,F I,65,87.71
2025-11-24,9:31:41.499787520,T,TGT,F,100,87.71
2025-11-24,9:31:41.499790018,T,TGT,F,100,87.71
2025-11-24,9:31:41.643622714,T,TGT,I,25,87.7
2025-11-24,9:31:41.643622714,T,TGT,,175,87.685
2025-11-24,9:31:44.198915269,T,TGT,F I,62,87.68
2025-11-24,9:31:44.198957350,T,TGT,F I,63,87.68
2025-11-24,9:31:44.199053563,T,TGT,I,63,87.68
2025-11-24,9:31:56.137585448,T,TGT,F I,75,87.63
2025-11-24,9:31:56.137585448,T,TGT,F I,2,87.6
2025-11-24,9:31:56.137588073,T,TGT,F I,23,87.6
2025-11-24,9:32:08.195768654,T,TGT,F I,14,87.53
2025-11-24,9:32:08.195825848,T,TGT,F I,10,87.5
2025-11-24,9:32:08.195828888,T,TGT,F I,3,87.5
2025-11-24,9:32:08.195828888,T,TGT,F I,1,87.5
2025-11-24,9:32:08.195849909,T,TGT,F I,4,87.5
2025-11-24,9:32:08.195855963,T,TGT,F I,15,87.5
2025-11-24,9:32:08.195855963,T,TGT,F I,4,87.5
2025-11-24,9:32:08.195973255,T,TGT,I,25,87.53
2025-11-24,9:32:08.196851303,T,TGT,F I,14,87.58
2025-11-24,9:32:08.196851303,T,TGT,F I,50,87.58
2025-11-24,9:32:08.196881419,T,TGT,I,75,87.59
2025-11-24,9:32:08.196938472,T,TGT,,127,87.58
2025-11-24,9:32:08.196941500,T,TGT,,400,87.6
2025-11-24,9:32:08.196956533,T,TGT,I,1,87.59
2025-11-24,9:32:08.196968571,T,TGT,F I,63,87.6
2025-11-24,9:32:08.197008464,T,TGT,F I,74,87.59
2025-11-24,9:32:08.197008464,T,TGT,F I,11,87.58
2025-11-24,9:32:08.197010639,T,TGT,F I,19,87.58
2025-11-24,9:32:08.197055804,T,TGT,F I,9,87.6
2025-11-24,9:32:08.197064988,T,TGT,,250,87.6
2025-11-24,9:32:08.197064988,T,TGT,I,14,87.6
2025-11-24,9:32:08.197068250,T,TGT,,200,87.6
2025-11-24,9:32:08.197115961,T,TGT,,254,87.63
2025-11-24,9:32:08.197136967,T,TGT,I,19,87.6
2025-11-24,9:32:08.197533922,T,TGT,I,50,87.53
2025-11-24,9:32:08.197594429,T,TGT,I,15,87.56
2025-11-24,9:32:08.197594429,T,TGT,I,9,87.56
2025-11-24,9:32:08.197801699,T,TGT,I,73,87.56
2025-11-24,9:32:08.198126732,T,TGT,I,6,87.54
2025-11-24,9:32:08.198126732,T,TGT,I,16,87.54
2025-11-24,9:32:08.198129814,T,TGT,I,10,87.54
2025-11-24,9:32:08.198129814,T,TGT,I,14,87.54
2025-11-24,9:32:08.198150380,T,TGT,,100,87.54
2025-11-24,9:32:08.198216591,T,TGT,F I,2,87.56
2025-11-24,9:32:08.198231667,T,TGT,F I,1,87.58
2025-11-24,9:32:08.198282714,T,TGT,F I,14,87.58
2025-11-24,9:32:08.198306765,T,TGT,F I,85,87.58
2025-11-24,9:32:08.198421068,T,TGT,I,4,87.56
2025-11-24,9:32:08.198421068,T,TGT,I,14,87.56
2025-11-24,9:32:08.198481128,T,TGT,F I,2,87.58
2025-11-24,9:32:08.198487134,T,TGT,F I,15,87.58
2025-11-24,9:32:08.198547282,T,TGT,F I,1,87.58
2025-11-24,9:32:08.198553300,T,TGT,I,14,87.56
2025-11-24,9:32:08.198575052,T,TGT,F I,56,87.59
2025-11-24,9:32:08.198577435,T,TGT,F I,14,87.59
2025-11-24,9:32:08.198583476,T,TGT,F I,5,87.59
2025-11-24,9:32:08.198592420,T,TGT,F I,10,87.58
2025-11-24,9:32:08.198626098,T,TGT,F I,11,87.57
2025-11-24,9:32:08.198629022,T,TGT,F I,1,87.58
2025-11-24,9:32:08.198712776,T,TGT,I,14,87.54
2025-11-24,9:32:08.198727736,T,TGT,F I,46,87.57
2025-11-24,9:32:08.198842294,T,TGT,,100,87.52
2025-11-24,9:32:08.198866130,T,TGT,I,14,87.52
2025-11-24,9:32:08.198917225,T,TGT,I,17,87.54
2025-11-24,9:32:08.198917225,T,TGT,I,15,87.54
2025-11-24,9:32:08.198920166,T,TGT,I,43,87.55
2025-11-24,9:32:08.199597188,T,TGT,,100,87.52
2025-11-24,9:32:08.199597188,T,TGT,I,25,87.52
2025-11-24,9:32:08.199597188,T,TGT,I,14,87.52
2025-11-24,9:32:08.199603004,T,TGT,I,25,87.52
2025-11-24,9:32:08.199605831,T,TGT,I,2,87.52
2025-11-24,9:32:08.199605831,T,TGT,I,15,87.52
2025-11-24,9:32:08.199885484,T,TGT,I,58,87.52
2025-11-24,9:32:08.199888543,T,TGT,I,52,87.52
2025-11-24,9:32:08.199951629,T,TGT,F I,2,87.53
2025-11-24,9:32:08.200055051,T,TGT,,100,87.53
2025-11-24,9:32:08.200055051,T,TGT,I,34,87.53
2025-11-24,9:32:08.200056918,T,TGT,I,16,87.53
2025-11-24,9:32:08.200270427,T,TGT,F,100,87.54
2025-11-24,9:32:08.200274444,T,TGT,F,100,87.54
2025-11-24,9:32:08.200274444,T,TGT,F,100,87.54
2025-11-24,9:32:08.200330856,T,TGT,I,16,87.53
2025-11-24,9:32:08.200333591,T,TGT,I,1,87.53
2025-11-24,9:32:08.200394330,T,TGT,F,100,87.53
2025-11-24,9:32:08.200435969,T,TGT,I,3,87.53
2025-11-24,9:32:08.200440035,T,TGT,I,48,87.53
2025-11-24,9:32:08.200440035,T,TGT,I,1,87.53
2025-11-24,9:32:08.200442245,T,TGT,I,4,87.53
2025-11-24,9:32:08.200463058,T,TGT,F I,7,87.52
2025-11-24,9:32:08.200523257,T,TGT,F I,11,87.53
2025-11-24,9:32:08.200523257,T,TGT,F I,89,87.54
2025-11-24,9:32:08.200553104,T,TGT,F I,11,87.53
2025-11-24,9:32:08.200586902,T,TGT,I,14,87.52
2025-11-24,9:32:08.200589215,T,TGT,I,4,87.52
2025-11-24,9:32:08.200613560,T,TGT,F I,21,87.53
2025-11-24,9:32:08.200619320,T,TGT,I,69,87.53
2025-11-24,9:32:08.200670396,T,TGT,,100,87.53
2025-11-24,9:32:08.200758470,T,TGT,,100,87.53
2025-11-24,9:32:08.200761377,T,TGT,I,12,87.53
2025-11-24,9:32:08.200761377,T,TGT,I,4,87.53
2025-11-24,9:32:08.200766570,T,TGT,I,4,87.53
2025-11-24,9:32:08.200766570,T,TGT,I,14,87.53
2025-11-24,9:32:08.200766570,T,TGT,I,5,87.53
2025-11-24,9:32:08.200778667,T,TGT,F I,15,87.54
2025-11-24,9:32:08.201004748,T,TGT,I,77,87.54
2025-11-24,9:32:08.201008675,T,TGT,I,4,87.54
2025-11-24,9:32:08.201010487,T,TGT,I,2,87.54
2025-11-24,9:32:08.201010487,T,TGT,I,16,87.54
2025-11-24,9:32:08.201013194,T,TGT,I,11,87.54
2025-11-24,9:32:08.201019355,T,TGT,I,14,87.54
2025-11-24,9:32:08.201076330,T,TGT,I,12,87.53
2025-11-24,9:32:08.201229680,T,TGT,F I,2,87.53
2025-11-24,9:32:08.201256813,T,TGT,F I,98,87.53
2025-11-24,9:32:08.201259798,T,TGT,F I,2,87.53
2025-11-24,9:32:08.201259798,T,TGT,F I,2,87.53
2025-11-24,9:32:08.201316940,T,TGT,F I,3,87.53
2025-11-24,9:32:08.201473255,T,TGT,F I,2,87.53
2025-11-24,9:32:08.201482279,T,TGT,F I,4,87.53
2025-11-24,9:32:08.201482279,T,TGT,F I,1,87.53
2025-11-24,9:32:08.201485309,T,TGT,F I,95,87.55
2025-11-24,9:32:08.201527573,T,TGT,I,5,87.55
2025-11-24,9:32:08.201614669,T,TGT,I,19,87.53
2025-11-24,9:32:08.212581779,T,TGT,F I,6,87.55
2025-11-24,9:32:08.212584833,T,TGT,F I,2,87.55
2025-11-24,9:32:08.212629915,T,TGT,F I,29,87.55
2025-11-24,9:32:09.840955135,T,TGT,I,25,87.59
2025-11-24,9:32:09.840958076,T,TGT,,100,87.6
2025-11-24,9:32:09.840961051,T,TGT,I,75,87.61
2025-11-24,9:32:09.845294360,T,TGT,,100,87.62
2025-11-24,9:32:09.845297470,T,TGT,,100,87.62
2025-11-24,9:32:09.846635665,T,TGT,,100,87.62
2025-11-24,9:32:09.846638668,T,TGT,,100,87.62
2025-11-24,9:32:11.233566806,T,TGT,F I,6,87.45
2025-11-24,9:32:11.233569752,T,TGT,F I,8,87.44
2025-11-24,9:32:11.233602844,T,TGT,F I,6,87.44
2025-11-24,9:32:11.233645708,T,TGT,F I,1,87.41
2025-11-24,9:32:11.233649380,T,TGT,F I,14,87.41
2025-11-24,9:32:11.233649380,T,TGT,F I,25,87.4
2025-11-24,9:32:11.233651841,T,TGT,F I,14,87.4
2025-11-24,9:32:11.233653995,T,TGT,F I,1,87.4
2025-11-24,9:32:11.235055279,T,TGT,F I,1,87.4
2025-11-24,9:32:11.340101498,T,TGT,F,125,87.35
2025-11-24,9:32:11.342362995,T,TGT,I,25,87.33
2025-11-24,9:32:11.342657647,T,TGT,I,15,87.33
2025-11-24,9:32:11.342660603,T,TGT,I,75,87.32
2025-11-24,9:32:12.479456806,T,TGT,F I,1,87.3
2025-11-24,9:32:12.479456806,T,TGT,F I,1,87.22
2025-11-24,9:32:12.479459072,T,TGT,F I,14,87.22
2025-11-24,9:32:12.479461867,T,TGT,F I,12,87.22
2025-11-24,9:32:19.429348731,T,TGT,F I,63,87.22
2025-11-24,9:32:19.429402880,T,TGT,F I,37,87.22
2025-11-24,9:32:21.276397036,T,TGT,F I,43,87.28
2025-11-24,9:32:24.551809202,T,TGT,F I,62,87.31
2025-11-24,9:32:24.551839392,T,TGT,F I,38,87.31
2025-11-24,9:32:24.551842317,T,TGT,F I,50,87.32
2025-11-24,9:32:24.551845277,T,TGT,F I,50,87.32
2025-11-24,9:32:24.551848349,T,TGT,F,162,87.32
2025-11-24,9:32:24.551860574,T,TGT,F I,38,87.32
2025-11-24,9:32:24.577989545,T,TGT,I,19,87.39
2025-11-24,9:32:30.030889147,T,TGT,I,32,87.45
2025-11-24,9:32:31.493101658,T,TGT,,100,87.45
2025-11-24,9:32:31.501912666,T,TGT,I,12,87.37
2025-11-24,9:32:34.517971961,T,TGT,F I,25,87.43
2025-11-24,9:32:34.518029107,T,TGT,F I,63,87.43
2025-11-24,9:32:34.522563874,T,TGT,I,62,87.425
2025-11-24,9:32:34.522600022,T,TGT,I,38,87.425
2025-11-24,9:32:35.439394134,T,TGT,I,43,87.4
2025-11-24,9:32:35.548740595,T,TGT,F,400,87.4
2025-11-24,9:32:35.549008589,T,TGT,F I,63,87.4
2025-11-24,9:32:35.549026242,T,TGT,I,96,87.4
2025-11-24,9:32:35.549035307,T,TGT,,127,87.4
2025-11-24,9:32:35.549038335,T,TGT,I,1,87.42
2025-11-24,9:32:35.549492389,T,TGT,F I,1,87.34
2025-11-24,9:32:35.549913427,T,TGT,F I,50,87.33
2025-11-24,9:32:35.549943482,T,TGT,I,50,87.33
2025-11-24,9:32:35.549943482,T,TGT,I,14,87.33
2025-11-24,9:32:35.550000653,T,TGT,I,26,87.37
2025-11-24,9:32:35.550388507,T,TGT,F I,50,87.31
2025-11-24,9:32:35.550388507,T,TGT,I,5,87.31
2025-11-24,9:32:35.550629149,T,TGT,F I,28,87.31
2025-11-24,9:32:35.550653185,T,TGT,I,50,87.33
2025-11-24,9:32:35.550656119,T,TGT,I,2,87.33
2025-11-24,9:32:39.489373535,T,TGT,F I,30,87.32
2025-11-24,9:32:43.521147544,T,TGT,F I,76,87.37
2025-11-24,9:32:43.521210752,T,TGT,F I,26,87.38
2025-11-24,9:32:43.521210752,T,TGT,F I,50,87.38
2025-11-24,9:32:43.521246771,T,TGT,I,12,87.34
2025-11-24,9:32:43.521252737,T,TGT,I,12,87.34
2025-11-24,9:32:43.521267906,T,TGT,I,6,87.34
2025-11-24,9:32:43.521303920,T,TGT,I,12,87.33
2025-11-24,9:32:43.521319462,T,TGT,F I,76,87.38
2025-11-24,9:32:43.521361709,T,TGT,I,8,87.365
2025-11-24,9:32:43.521361709,T,TGT,I,35,87.37
2025-11-24,9:32:43.521364590,T,TGT,I,14,87.38
2025-11-24,9:32:43.521364590,T,TGT,I,4,87.38
2025-11-24,9:32:43.521418109,T,TGT,F I,5,87.33
2025-11-24,9:32:43.521421167,T,TGT,F I,14,87.33
2025-11-24,9:32:43.521424199,T,TGT,I,19,87.33
2025-11-24,9:32:43.521896272,T,TGT,I,25,87.37
2025-11-24,9:32:44.811347181,T,TGT,F I,63,87.32
2025-11-24,9:32:44.811404350,T,TGT,F I,63,87.31
2025-11-24,9:32:44.910725288,T,TGT,I,17,87.31
2025-11-24,9:32:44.910725288,T,TGT,I,5,87.27
2025-11-24,9:32:44.910727874,T,TGT,I,75,87.27
2025-11-24,9:32:44.911236357,T,TGT,F,100,87.27
2025-11-24,9:32:44.911236357,T,TGT,F,100,87.27
2025-11-24,9:32:44.911239193,T,TGT,F I,5,87.27
2025-11-24,9:32:45.098275741,T,TGT,I,4,87.295
2025-11-24,9:32:45.098305834,T,TGT,I,60,87.295
2025-11-24,9:32:48.214308120,T,TGT,I,30,87.27
2025-11-24,9:32:48.214332197,T,TGT,F I,63,87.265
2025-11-24,9:32:48.214383314,T,TGT,I,7,87.265
2025-11-24,9:32:48.603203561,T,TGT,I,2,87.25
2025-11-24,9:32:48.651011559,T,TGT,I,4,87.22
2025-11-24,9:32:48.697842122,T,TGT,I,75,87.18
2025-11-24,9:32:50.256966728,T,TGT,I,1,87.11
2025-11-24,9:32:50.256966728,T,TGT,I,10,87.11
2025-11-24,9:32:50.257023542,T,TGT,I,25,87.1
2025-11-24,9:32:50.845170679,T,TGT,I,22,87.08
2025-11-24,9:32:51.315097301,T,TGT,F I,63,87.08
2025-11-24,9:32:54.444935560,T,TGT,F I,16,87.16
2025-11-24,9:32:54.444992816,T,TGT,I,33,87.12
2025-11-24,9:32:54.444998674,T,TGT,I,13,87.12
2025-11-24,9:32:54.445001746,T,TGT,I,20,87.12
2025-11-24,9:32:54.445019977,T,TGT,I,13,87.12
2025-11-24,9:32:54.445678930,T,TGT,I,80,87.14
2025-11-24,9:32:54.445678930,T,TGT,I,7,87.15
2025-11-24,9:32:54.445838561,T,TGT,F I,26,87.15
2025-11-24,9:32:54.445838561,T,TGT,F I,13,87.15
2025-11-24,9:32:54.445843713,T,TGT,F I,7,87.15
2025-11-24,9:32:54.445843713,T,TGT,F I,34,87.15
2025-11-24,9:32:54.446036238,T,TGT,,114,87.1
2025-11-24,9:32:54.606823285,T,TGT,F I,63,87.14
2025-11-24,9:32:56.704540046,T,TGT,F I,25,87.11
2025-11-24,9:32:56.704542737,T,TGT,F I,80,87.12
2025-11-24,9:32:56.704545775,T,TGT,F,100,87.12
2025-11-24,9:32:56.704549064,T,TGT,F I,15,87.12
2025-11-24,9:32:56.704554694,T,TGT,I,1,87.12
2025-11-24,9:32:56.704557724,T,TGT,F I,24,87.12
2025-11-24,9:32:56.706115516,T,TGT,I,36,87.15
2025-11-24,9:32:57.759600242,T,TGT,I,7,87.11
2025-11-24,9:32:57.759630255,T,TGT,I,17,87.11
2025-11-24,9:33:00.804218510,T,TGT,I,19,87.15
2025-11-24,9:33:00.804227557,T,TGT,I,19,87.15
2025-11-24,9:33:00.804290691,T,TGT,F I,19,87.15
2025-11-24,9:33:00.805015434,T,TGT,F I,5,87.16
2025-11-24,9:33:00.805767146,T,TGT,I,14,87.16
2025-11-24,9:33:00.820544403,T,TGT,F I,12,87.14
2025-11-24,9:33:00.820562451,T,TGT,F I,80,87.14
2025-11-24,9:33:05.369905505,T,TGT,F I,61,87.12
2025-11-24,9:33:05.369905505,T,TGT,F I,1,87.12
2025-11-24,9:33:05.369921086,T,TGT,F I,38,87.12
2025-11-24,9:33:05.369921086,T,TGT,F I,93,87.12
2025-11-24,9:33:05.370019725,T,TGT,F I,7,87.12
2025-11-24,9:33:05.370022789,T,TGT,F,100,87.13
2025-11-24,9:33:05.370025990,T,TGT,F I,24,87.13
2025-11-24,9:33:05.370040780,T,TGT,I,1,87.13
2025-11-24,9:33:05.370079933,T,TGT,I,6,87.13
2025-11-24,9:33:05.370085947,T,TGT,I,17,87.12
2025-11-24,9:33:05.371436151,T,TGT,F I,12,87.11
2025-11-24,9:33:05.371442105,T,TGT,F I,17,87.1
2025-11-24,9:33:07.427437155,T,TGT,I,49,87.08
2025-11-24,9:33:07.427440525,T,TGT,I,33,87.08
2025-11-24,9:33:07.427443181,T,TGT,I,17,87.08
2025-11-24,9:33:07.429542190,T,TGT,I,26,87.1
2025-11-24,9:33:07.436422546,T,TGT,I,80,87.1
2025-11-24,9:33:07.436449657,T,TGT,F I,20,87.1
2025-11-24,9:33:14.256279882,T,TGT,F I,62,87.06
2025-11-24,9:33:14.279642656,T,TGT,F I,3,87.04
2025-11-24,9:33:14.279645974,T,TGT,F I,22,87.04
2025-11-24,9:33:14.279645974,T,TGT,F I,1,87.04
2025-11-24,9:33:14.279651609,T,TGT,F I,2,87.04
2025-11-24,9:33:14.280205309,T,TGT,F I,63,87.05
2025-11-24,9:33:14.280243977,T,TGT,F I,17,87.05
2025-11-24,9:33:14.280298136,T,TGT,F I,20,87.07
2025-11-24,9:33:14.280349270,T,TGT,I,8,87.04
2025-11-24,9:33:14.280550700,T,TGT,I,12,87.04
2025-11-24,9:33:14.280782237,T,TGT,I,5,87.07
2025-11-24,9:33:14.280785307,T,TGT,I,12,87.07
2025-11-24,9:33:14.280857442,T,TGT,I,10,87.05
2025-11-24,9:33:14.280899516,T,TGT,F I,7,87.07
2025-11-24,9:33:14.280905532,T,TGT,F I,35,87.07
2025-11-24,9:33:14.280905532,T,TGT,F I,7,87.07
2025-11-24,9:33:14.280909047,T,TGT,F I,16,87.07
2025-11-24,9:33:14.280909047,T,TGT,F I,11,87.07
2025-11-24,9:33:14.280911560,T,TGT,I,1,87.05
2025-11-24,9:33:14.280962998,T,TGT,I,5,87.06
2025-11-24,9:33:14.280962998,T,TGT,I,5,87.06
2025-11-24,9:33:14.280992709,T,TGT,F I,62,87.06
2025-11-24,9:33:14.281020031,T,TGT,I,4,87.05
2025-11-24,9:33:14.281020031,T,TGT,F I,38,87.06
2025-11-24,9:33:14.281025844,T,TGT,F,100,87.07
2025-11-24,9:33:14.281058939,T,TGT,F,100,87.05
2025-11-24,9:33:14.281170336,T,TGT,I,6,87.05
2025-11-24,9:33:14.281170336,T,TGT,I,7,87.05
2025-11-24,9:33:14.281173396,T,TGT,I,11,87.05
2025-11-24,9:33:14.281176456,T,TGT,I,15,87.05
2025-11-24,9:33:14.281176456,T,TGT,I,13,87.05
2025-11-24,9:33:14.281314503,T,TGT,F I,3,87.06
2025-11-24,9:33:14.281320529,T,TGT,F I,1,87.06
2025-11-24,9:33:14.281335633,T,TGT,F I,4,87.05
2025-11-24,9:33:14.281422807,T,TGT,I,7,87.05
2025-11-24,9:33:14.281928044,T,TGT,I,7,87.05
2025-11-24,9:33:14.281931141,T,TGT,I,2,87.05
2025-11-24,9:33:14.281973068,T,TGT,F I,3,87.05
2025-11-24,9:33:14.281991120,T,TGT,F I,3,87.05
2025-11-24,9:33:14.282457232,T,TGT,F I,1,87.05
2025-11-24,9:33:14.282926416,T,TGT,F I,6,87.05
2025-11-24,9:33:14.283311237,T,TGT,F I,5,87.05
2025-11-24,9:33:14.283723233,T,TGT,I,6,87.05
2025-11-24,9:33:14.284183365,T,TGT,F I,7,87.05
2025-11-24,9:33:14.284580319,T,TGT,F I,1,87.05
2025-11-24,9:33:14.285122263,T,TGT,I,11,87.04
2025-11-24,9:33:14.285398263,T,TGT,F I,11,87.05
2025-11-24,9:33:17.259916462,T,TGT,F I,10,87.11
2025-11-24,9:33:18.723776828,T,TGT,F I,50,87.15
2025-11-24,9:33:18.723803889,T,TGT,F I,16,87.16
2025-11-24,9:33:20.965401092,T,TGT,I,11,87.11
2025-11-24,9:33:21.857566495,T,TGT,I,14,87.16
2025-11-24,9:33:21.857593550,T,TGT,F I,63,87.16
2025-11-24,9:33:21.857650739,T,TGT,F I,3,87.16
2025-11-24,9:33:21.857743946,T,TGT,F I,80,87.14
2025-11-24,9:33:23.223622190,T,TGT,F I,49,87.17
2025-11-24,9:33:23.223622190,T,TGT,F I,50,87.17
2025-11-24,9:33:23.224334567,T,TGT,F,100,87.19
2025-11-24,9:33:23.224334567,T,TGT,F,100,87.19
2025-11-24,9:33:23.224352657,T,TGT,F,100,87.19
2025-11-24,9:33:23.224382656,T,TGT,,100,87.18
2025-11-24,9:33:23.224415784,T,TGT,F,100,87.17
2025-11-24,9:33:24.109797083,T,TGT,I,75,87.14
2025-11-24,9:33:24.109821200,T,TGT,F I,25,87.14
2025-11-24,9:33:32.084041455,T,TGT,I,5,87.085
2025-11-24,9:33:32.497544524,T,TGT,F I,62,87.03
2025-11-24,9:33:36.262417669,T,TGT,I,5,87.055
2025-11-24,9:33:39.056458673,T,TGT,F I,1,87.05
2025-11-24,9:33:39.766873451,T,TGT,,200,87.02
2025-11-24,9:33:39.767525986,T,TGT,F I,2,87.0
2025-11-24,9:33:39.767531966,T,TGT,F I,3,87.0
2025-11-24,9:33:39.767538058,T,TGT,F,263,87.0
2025-11-24,9:33:39.767538058,T,TGT,F I,7,87.0
2025-11-24,9:33:39.767541111,T,TGT,F I,69,87.0
2025-11-24,9:33:39.767544014,T,TGT,F I,34,87.0
2025-11-24,9:33:39.767550701,T,TGT,F I,27,87.0
2025-11-24,9:33:39.767550701,T,TGT,F I,5,87.0
2025-11-24,9:33:39.767553560,T,TGT,F I,11,87.0
2025-11-24,9:33:39.767556372,T,TGT,F,100,87.0
2025-11-24,9:33:39.767559687,T,TGT,F,116,87.0
2025-11-24,9:33:39.767559687,T,TGT,F I,4,87.0
2025-11-24,9:33:39.767562257,T,TGT,F I,15,87.0
2025-11-24,9:33:39.767562257,T,TGT,F I,64,87.0
2025-11-24,9:33:39.767565231,T,TGT,F I,36,87.0
2025-11-24,9:33:39.767568106,T,TGT,F I,1,87.0
2025-11-24,9:33:39.767568106,T,TGT,F I,3,87.0
2025-11-24,9:33:39.767838748,T,TGT,F I,1,86.98
2025-11-24,9:33:39.788549084,T,TGT,I,21,86.92
2025-11-24,9:33:39.981437604,T,TGT,I,21,86.91
2025-11-24,9:33:39.981479680,T,TGT,F,100,86.91
2025-11-24,9:33:39.981485670,T,TGT,F,100,86.91
2025-11-24,9:33:39.981485670,T,TGT,F I,76,86.91
2025-11-24,9:33:39.981488685,T,TGT,F I,24,86.91
2025-11-24,9:33:39.981488685,T,TGT,F I,79,86.91
2025-11-24,9:33:40.769113206,T,TGT,I,63,86.87
2025-11-24,9:33:40.774162183,T,TGT,F I,21,86.86
2025-11-24,9:33:46.083352398,T,TGT,I,1,86.83
2025-11-24,9:33:50.426686658,T,TGT,I,27,86.84
2025-11-24,9:33:50.426779881,T,TGT,,100,86.84
2025-11-24,9:33:50.426779881,T,TGT,,100,86.84
2025-11-24,9:33:50.426797874,T,TGT,I,1,86.86
2025-11-24,9:33:50.435082689,T,TGT,I,32,86.84
2025-11-24,9:33:51.932307531,T,TGT,,100,86.88
2025-11-24,9:33:51.936770571,T,TGT,F I,63,86.9
2025-11-24,9:33:55.780668786,T,TGT,F I,63,86.86
2025-11-24,9:33:55.780719731,T,TGT,F I,37,86.86
2025-11-24,9:34:01.225406811,T,TGT,F I,3,86.92
2025-11-24,9:34:01.225424867,T,TGT,F I,47,86.92
2025-11-24,9:34:01.225891012,T,TGT,F I,1,86.93
2025-11-24,9:34:01.228690646,T,TGT,I,6,86.98
2025-11-24,9:34:01.235685474,T,TGT,F I,78,86.94
2025-11-24,9:34:01.235724570,T,TGT,F I,22,86.94
2025-11-24,9:34:01.235724570,T,TGT,F I,56,86.93
2025-11-24,9:34:01.235760507,T,TGT,F I,22,86.93
2025-11-24,9:34:12.399896209,T,TGT,F I,2,86.94
2025-11-24,9:34:12.399911264,T,TGT,F I,2,86.97
2025-11-24,9:34:12.400163877,T,TGT,I,58,86.97
2025-11-24,9:34:23.165949781,T,TGT,F I,62,86.8
2025-11-24,9:34:23.165949781,T,TGT,F I,37,86.8
2025-11-24,9:34:23.165985617,T,TGT,F I,2,86.79
2025-11-24,9:34:23.165988702,T,TGT,F I,3,86.79
2025-11-24,9:34:23.165988702,T,TGT,F I,37,86.79
2025-11-24,9:34:23.166021661,T,TGT,F I,5,86.79
2025-11-24,9:34:23.166114956,T,TGT,F I,25,86.79
2025-11-24,9:34:23.166136043,T,TGT,I,13,86.79
2025-11-24,9:34:23.166175100,T,TGT,F I,5,86.79
2025-11-24,9:34:23.166199112,T,TGT,I,5,86.79
2025-11-24,9:34:23.305316504,T,TGT,F I,63,86.82
2025-11-24,9:34:23.484044314,T,TGT,I,17,86.83
2025-11-24,9:34:23.484176600,T,TGT,F I,25,86.83
2025-11-24,9:34:23.484260782,T,TGT,F I,63,86.83
2025-11-24,9:34:23.484296955,T,TGT,F I,12,86.83
2025-11-24,9:34:23.518013198,T,TGT,I,17,86.84
2025-11-24,9:34:25.427135440,T,TGT,F I,63,86.83
2025-11-24,9:34:25.427177525,T,TGT,F I,37,86.83
2025-11-24,9:34:27.559320067,T,TGT,F I,14,86.85
2025-11-24,9:34:27.559344055,T,TGT,F I,55,86.86
2025-11-24,9:34:27.780299124,T,TGT,I,60,86.9
2025-11-24,9:34:29.133425970,T,TGT,I,75,86.91
2025-11-24,9:34:29.133429050,T,TGT,I,25,86.91
2025-11-24,9:34:30.220305727,T,TGT,F I,63,86.95
2025-11-24,9:34:30.220461669,T,TGT,F I,11,86.96
2025-11-24,9:34:30.220530817,T,TGT,F I,40,86.98
2025-11-24,9:34:30.220590950,T,TGT,I,14,86.94
2025-11-24,9:34:30.220603014,T,TGT,F I,2,86.99
2025-11-24,9:34:31.512270160,T,TGT,F I,63,86.99
2025-11-24,9:34:32.261072046,T,TGT,F I,49,86.93
2025-11-24,9:34:34.477560081,T,TGT,I,49,86.96
2025-11-24,9:34:34.477562441,T,TGT,I,14,86.98
2025-11-24,9:34:35.549559613,T,TGT,I,13,86.97
2025-11-24,9:34:38.247220073,T,TGT,F I,12,86.97
2025-11-24,9:34:38.734374586,T,TGT,I,48,86.94
2025-11-24,9:34:45.913918657,T,TGT,I,14,86.95
2025-11-24,9:34:46.459127118,T,TGT,F,100,86.97
2025-11-24,9:34:46.459418181,T,TGT,F I,57,86.99
2025-11-24,9:34:48.851009767,T,TGT,F I,2,86.94
2025-11-24,9:34:48.851015741,T,TGT,F I,98,86.94
2025-11-24,9:34:48.851015741,T,TGT,F I,2,86.93
2025-11-24,9:34:51.097298182,T,TGT,I,1,86.89
2025-11-24,9:34:51.170291032,T,TGT,F I,38,86.89
2025-11-24,9:35:03.633623837,T,TGT,F I,37,86.89
2025-11-24,9:35:05.285480144,T,TGT,F I,35,86.88
2025-11-24,9:35:05.286189890,T,TGT,F I,2,86.87
2025-11-24,9:35:06.277687902,T,TGT,I,7,86.875
2025-11-24,9:35:12.262810557,T,TGT,F I,34,86.88
2025-11-24,9:35:12.263036448,T,TGT,F I,8,86.88
2025-11-24,9:35:12.263039204,T,TGT,I,1,86.88
2025-11-24,9:35:12.263039204,T,TGT,I,8,86.88
2025-11-24,9:35:12.263063150,T,TGT,I,72,86.88
2025-11-24,9:35:12.263066129,T,TGT,I,28,86.88
2025-11-24,9:35:18.063383447,T,TGT,F I,15,86.88
2025-11-24,9:35:18.063383447,T,TGT,F I,62,86.88
2025-11-24,9:35:18.586254148,T,TGT,I,70,86.87
2025-11-24,9:35:18.586320255,T,TGT,F I,30,86.87
2025-11-24,9:35:19.092128252,T,TGT,F,100,86.85
2025-11-24,9:35:19.092131317,T,TGT,F I,1,86.85
2025-11-24,9:35:19.092726681,T,TGT,F I,2,86.84
2025-11-24,9:35:20.038365455,T,TGT,I,46,86.85
2025-11-24,9:35:20.038414496,T,TGT,I,80,86.84
2025-11-24,9:35:20.038414496,T,TGT,I,20,86.83
2025-11-24,9:35:20.038464680,T,TGT,F I,80,86.83
2025-11-24,9:35:20.038822613,T,TGT,F I,2,86.82
2025-11-24,9:35:20.038945919,T,TGT,I,24,86.83
2025-11-24,9:35:20.740803130,T,TGT,,100,86.84
2025-11-24,9:35:20.740803130,T,TGT,I,80,86.84
2025-11-24,9:35:20.740806214,T,TGT,I,25,86.85
2025-11-24,9:35:20.740808972,T,TGT,I,77,86.86
2025-11-24,9:35:20.740808972,T,TGT,I,23,86.86
2025-11-24,9:35:20.740811929,T,TGT,,100,86.86
2025-11-24,9:35:20.741085647,T,TGT,I,30,86.86
2025-11-24,9:35:20.742980166,T,TGT,I,25,86.83
2025-11-24,9:35:20.742983163,T,TGT,,100,86.82
2025-11-24,9:35:20.742986123,T,TGT,,1000,86.81
2025-11-24,9:35:20.742998166,T,TGT,I,1,86.84
2025-11-24,9:35:20.743016155,T,TGT,,111,86.81
2025-11-24,9:35:20.743016155,T,TGT,I,6,86.81
2025-11-24,9:35:20.743846341,T,TGT,F,500,86.8
2025-11-24,9:35:20.743846341,T,TGT,F I,9,86.8
2025-11-24,9:35:20.749157252,T,TGT,F I,8,86.78
2025-11-24,9:35:21.720275335,T,TGT,I,1,86.76
2025-11-24,9:35:21.720275335,T,TGT,I,1,86.76
2025-11-24,9:35:21.720741821,T,TGT,I,5,86.75
2025-11-24,9:35:21.720741821,T,TGT,I,3,86.75
2025-11-24,9:35:21.720744524,T,TGT,I,5,86.75
2025-11-24,9:35:21.720747517,T,TGT,,222,86.75
2025-11-24,9:35:21.720762586,T,TGT,F,978,86.75
2025-11-24,9:35:21.772807538,T,TGT,F,100,86.73
2025-11-24,9:35:21.779333436,T,TGT,F I,23,86.74
2025-11-24,9:35:21.779333436,T,TGT,F I,25,86.74
2025-11-24,9:35:21.779336048,T,TGT,F I,44,86.74
2025-11-24,9:35:21.779387169,T,TGT,F I,19,86.74
2025-11-24,9:35:21.779429268,T,TGT,F I,50,86.74
2025-11-24,9:35:24.666541311,T,TGT,F I,25,86.73
2025-11-24,9:35:25.753610168,T,TGT,I,4,86.72
2025-11-24,9:35:25.754040059,T,TGT,F,100,86.73
2025-11-24,9:35:25.754040059,T,TGT,F I,11,86.73
2025-11-24,9:35:25.754058093,T,TGT,I,1,86.73
2025-11-24,9:35:25.754097223,T,TGT,F I,11,86.72
2025-11-24,9:35:25.754124219,T,TGT,F I,4,86.72
2025-11-24,9:35:25.754124219,T,TGT,F I,8,86.72
2025-11-24,9:35:25.754178380,T,TGT,F I,2,86.72
2025-11-24,9:35:25.754247485,T,TGT,I,9,86.71
2025-11-24,9:35:25.754256593,T,TGT,F I,33,86.71
2025-11-24,9:35:26.263787473,T,TGT,F I,30,86.72
2025-11-24,9:35:26.263787473,T,TGT,F I,26,86.73
2025-11-24,9:35:26.263805447,T,TGT,F I,28,86.73
2025-11-24,9:35:26.263805447,T,TGT,F I,2,86.73
2025-11-24,9:35:28.717690443,T,TGT,F I,25,86.75
2025-11-24,9:35:28.717699457,T,TGT,F I,39,86.76
2025-11-24,9:35:28.717750592,T,TGT,F I,61,86.76
2025-11-24,9:35:28.717756541,T,TGT,F I,50,86.76
2025-11-24,9:35:28.717756541,T,TGT,F I,2,86.76
2025-11-24,9:35:31.650706886,T,TGT,F I,51,86.7
2025-11-24,9:35:31.651119132,T,TGT,F I,1,86.69
2025-11-24,9:35:42.197507760,T,TGT,F I,16,86.71
2025-11-24,9:35:42.197510892,T,TGT,F I,25,86.71
2025-11-24,9:35:42.197516796,T,TGT,F,100,86.72
2025-11-24,9:35:42.197516796,T,TGT,F I,21,86.72
2025-11-24,9:35:42.197537835,T,TGT,F I,25,86.72
2025-11-24,9:35:42.197540915,T,TGT,F I,21,86.72
2025-11-24,9:35:42.197540915,T,TGT,I,1,86.72
2025-11-24,9:35:45.212442341,T,TGT,F I,25,86.75
2025-11-24,9:35:54.423482089,T,TGT,F I,10,86.69
2025-11-24,9:35:56.087493327,T,TGT,F I,25,86.67
2025-11-24,9:35:59.723921496,T,TGT,,100,86.7
2025-11-24,9:36:00.081758994,T,TGT,F I,67,86.71
2025-11-24,9:36:00.081864262,T,TGT,I,33,86.71
2025-11-24,9:36:00.082835571,T,TGT,I,6,86.71
2025-11-24,9:36:00.084104698,T,TGT,F I,81,86.71
2025-11-24,9:36:00.084107587,T,TGT,F I,19,86.71
2025-11-24,9:36:01.752142463,T,TGT,F I,63,86.71
2025-11-24,9:36:01.752172518,T,TGT,F I,2,86.71
2025-11-24,9:36:01.752184472,T,TGT,I,35,86.71
2025-11-24,9:36:01.752395597,T,TGT,F I,2,86.69
2025-11-24,9:36:01.752590523,T,TGT,I,50,86.69
2025-11-24,9:36:06.390353354,T,TGT,F I,38,86.64
2025-11-24,9:36:06.390353354,T,TGT,F I,2,86.64
2025-11-24,9:36:06.390359243,T,TGT,F I,33,86.64
2025-11-24,9:36:06.390359243,T,TGT,F I,3,86.64
2025-11-24,9:36:07.471356564,T,TGT,F I,15,86.58
2025-11-24,9:36:07.673462052,T,TGT,I,54,86.62
2025-11-24,9:36:11.422048397,T,TGT,I,1,86.65
2025-11-24,9:36:11.422379228,T,TGT,F I,10,86.66
2025-11-24,9:36:11.422382238,T,TGT,F I,2,86.66
2025-11-24,9:36:11.422478463,T,TGT,F I,19,86.67
2025-11-24,9:36:14.075455728,T,TGT,I,18,86.64
2025-11-24,9:36:16.242034106,T,TGT,F I,54,86.68
2025-11-24,9:36:16.242036188,T,TGT,I,54,86.68
2025-11-24,9:36:16.242808993,T,TGT,I,57,86.68
2025-11-24,9:36:16.246661211,T,TGT,F,100,86.7
2025-11-24,9:36:16.247713748,T,TGT,I,1,86.715
2025-11-24,9:36:16.247716750,T,TGT,I,99,86.7
2025-11-24,9:36:16.247737831,T,TGT,I,1,86.7
2025-11-24,9:36:16.352805166,T,TGT,I,30,86.74
2025-11-24,9:36:16.352805166,T,TGT,,127,86.74
2025-11-24,9:36:16.352811385,T,TGT,I,42,86.75
2025-11-24,9:36:16.352826775,T,TGT,F,157,86.75
2025-11-24,9:36:16.352847964,T,TGT,I,1,86.75
2025-11-24,9:36:16.353842583,T,TGT,I,35,86.76
2025-11-24,9:36:18.251101454,T,TGT,I,10,86.775
2025-11-24,9:36:18.258354805,T,TGT,,100,86.79
2025-11-24,9:36:19.423844380,T,TGT,I,7,86.775
2025-11-24,9:36:20.001800175,T,TGT,I,63,86.775
2025-11-24,9:36:28.250445659,T,TGT,I,10,86.79
2025-11-24,9:36:28.250448226,T,TGT,I,50,86.79
2025-11-24,9:36:30.311880094,T,TGT,F I,7,86.79
2025-11-24,9:36:32.511876354,T,TGT,F I,63,86.8
2025-11-24,9:36:32.512032701,T,TGT,F I,25,86.83
2025-11-24,9:36:32.515791931,T,TGT,F I,35,86.84
2025-11-24,9:36:32.515794681,T,TGT,F I,50,86.84
2025-11-24,9:36:33.719977464,T,TGT,F I,63,86.88
2025-11-24,9:36:39.516917564,T,TGT,F I,25,86.81
2025-11-24,9:36:41.825523650,T,TGT,F I,5,86.69
2025-11-24,9:36:41.825526505,T,TGT,F I,1,86.69
2025-11-24,9:36:51.804749471,T,TGT,F I,63,86.68
2025-11-24,9:36:54.408397216,T,TGT,I,2,86.73
2025-11-24,9:37:03.772068628,T,TGT,I,30,86.61
2025-11-24,9:37:03.772092669,T,TGT,F I,63,86.61
2025-11-24,9:37:03.772146764,T,TGT,F I,7,86.61
2025-11-24,9:37:03.772588781,T,TGT,F I,2,86.59
2025-11-24,9:37:03.774627627,T,TGT,F I,26,86.64
2025-11-24,9:37:06.050795323,T,TGT,,100,86.6
2025-11-24,9:37:08.801327978,T,TGT,F I,20,86.64
2025-11-24,9:37:08.801327978,T,TGT,F I,50,86.64
2025-11-24,9:37:08.801352459,T,TGT,I,1,86.64
2025-11-24,9:37:08.801995528,T,TGT,,100,86.65
2025-11-24,9:37:08.802212153,T,TGT,I,50,86.64
2025-11-24,9:37:08.803120162,T,TGT,F I,62,86.64
2025-11-24,9:37:08.880425687,T,TGT,F I,63,86.64
2025-11-24,9:37:08.880428396,T,TGT,F,100,86.64
2025-11-24,9:37:08.880431399,T,TGT,I,40,86.64
2025-11-24,9:37:08.880476543,T,TGT,F I,62,86.64
2025-11-24,9:37:08.880494584,T,TGT,I,4,86.64
2025-11-24,9:37:08.880575772,T,TGT,F I,5,86.64
2025-11-24,9:37:12.064236301,T,TGT,F I,50,86.61
2025-11-24,9:37:12.064239260,T,TGT,F I,32,86.61
2025-11-24,9:37:13.685476573,T,TGT,I,50,86.6
2025-11-24,9:37:15.107290922,T,TGT,I,30,86.6
2025-11-24,9:37:15.107296876,T,TGT,F I,30,86.61
2025-11-24,9:37:15.107317948,T,TGT,I,30,86.61
2025-11-24,9:37:15.107350959,T,TGT,I,19,86.61
2025-11-24,9:37:15.107362986,T,TGT,F I,4,86.6
2025-11-24,9:37:15.107426222,T,TGT,I,4,86.61
2025-11-24,9:37:15.107426222,T,TGT,I,21,86.61
2025-11-24,9:37:15.107477272,T,TGT,I,21,86.59
2025-11-24,9:37:15.107681766,T,TGT,F I,1,86.61
2025-11-24,9:37:15.107706038,T,TGT,I,2,86.58
2025-11-24,9:37:15.107706038,T,TGT,I,3,86.58
2025-11-24,9:37:15.107708840,T,TGT,I,14,86.58
2025-11-24,9:37:15.108009891,T,TGT,I,26,86.57
2025-11-24,9:37:15.108013006,T,TGT,I,26,86.57
2025-11-24,9:37:15.108013006,T,TGT,I,52,86.57
2025-11-24,9:37:15.108015568,T,TGT,I,14,86.57
2025-11-24,9:37:15.108334308,T,TGT,I,26,86.57
2025-11-24,9:37:15.109041002,T,TGT,F,100,86.55
2025-11-24,9:37:15.111609167,T,TGT,I,9,86.54
2025-11-24,9:37:15.141449302,T,TGT,F I,21,86.56
2025-11-24,9:37:15.141452381,T,TGT,F I,15,86.56
2025-11-24,9:37:15.141452381,T,TGT,F I,9,86.56
2025-11-24,9:37:18.611683431,T,TGT,F I,8,86.66
2025-11-24,9:37:25.227242949,T,TGT,I,2,86.67
2025-11-24,9:37:25.227251886,T,TGT,F I,25,86.67
2025-11-24,9:37:30.503784499,T,TGT,I,5,86.69
2025-11-24,9:37:34.742821143,T,TGT,F I,98,86.61
2025-11-24,9:37:34.742830134,T,TGT,F I,2,86.61
2025-11-24,9:37:46.721997477,T,TGT,F I,44,86.59
2025-11-24,9:37:46.722021560,T,TGT,F,100,86.6
2025-11-24,9:37:49.730583912,T,TGT,F,100,86.63
2025-11-24,9:37:50.268998598,T,TGT,F I,63,86.66
2025-11-24,9:37:50.270878118,T,TGT,I,62,86.645
2025-11-24,9:37:50.271912543,T,TGT,I,17,86.65
2025-11-24,9:37:50.272436357,T,TGT,I,50,86.65
2025-11-24,9:37:52.352458173,T,TGT,F,200,86.66
2025-11-24,9:38:04.049502453,T,TGT,I,63,86.655
2025-11-24,9:38:09.512319630,T,TGT,F,100,86.67
2025-11-24,9:38:09.512713602,T,TGT,F I,5,86.68
2025-11-24,9:38:09.515002015,T,TGT,F,100,86.69
2025-11-24,9:38:11.063736847,T,TGT,F I,20,86.72
2025-11-24,9:38:20.431440579,T,TGT,F I,1,86.74
2025-11-24,9:38:21.954933073,T,TGT,F I,63,86.71
2025-11-24,9:38:25.312988211,T,TGT,F I,63,86.72
2025-11-24,9:38:25.313045232,T,TGT,F I,17,86.72
2025-11-24,9:38:33.319430107,T,TGT,F,100,86.7
2025-11-24,9:38:33.320260046,T,TGT,F I,1,86.69
2025-11-24,9:38:33.320614912,T,TGT,I,54,86.7
2025-11-24,9:38:33.321198456,T,TGT,F I,1,86.69
2025-11-24,9:38:36.428029128,T,TGT,F I,2,86.71
2025-11-24,9:38:36.428031917,T,TGT,F I,77,86.71
2025-11-24,9:38:41.500816974,T,TGT,F,100,86.75
2025-11-24,9:38:41.500819924,T,TGT,F I,3,86.75
2025-11-24,9:38:41.501899572,T,TGT,I,2,86.77
2025-11-24,9:38:41.501899572,T,TGT,I,2,86.78
2025-11-24,9:38:46.335542852,T,TGT,I,1,86.79
2025-11-24,9:38:50.888163684,T,TGT,I,22,86.79
2025-11-24,9:38:52.668519181,T,TGT,F I,63,86.78
2025-11-24,9:38:57.457006929,T,TGT,I,9,86.77
2025-11-24,9:39:01.029045667,T,TGT,F,100,86.74
2025-11-24,9:39:01.029045667,T,TGT,F,300,86.73
2025-11-24,9:39:10.478132665,T,TGT,F I,71,86.68
2025-11-24,9:39:12.449948069,T,TGT,F I,67,86.67
2025-11-24,9:39:12.450296932,T,TGT,I,7,86.69
2025-11-24,9:39:12.510737957,T,TGT,,132,86.69
2025-11-24,9:39:12.570045186,T,TGT,F I,7,86.695
2025-11-24,9:39:13.920797144,T,TGT,F I,2,86.71
2025-11-24,9:39:13.920806814,T,TGT,F I,2,86.72
2025-11-24,9:39:13.920806814,T,TGT,F I,24,86.72
2025-11-24,9:39:13.920809159,T,TGT,F I,22,86.72
2025-11-24,9:39:13.920845226,T,TGT,I,54,86.72
2025-11-24,9:39:13.954621757,T,TGT,I,40,86.71
2025-11-24,9:39:14.137069446,T,TGT,F I,7,86.71
2025-11-24,9:39:14.137075495,T,TGT,F I,1,86.7
2025-11-24,9:39:14.137075495,T,TGT,F,100,86.7
2025-11-24,9:39:21.568607755,T,TGT,F I,1,86.72
2025-11-24,9:39:33.139627886,T,TGT,,100,86.7
2025-11-24,9:39:33.139630752,T,TGT,I,2,86.69
2025-11-24,9:39:33.139636782,T,TGT,I,2,86.69
2025-11-24,9:39:33.139636782,T,TGT,I,12,86.68
2025-11-24,9:39:33.139639787,T,TGT,I,12,86.68
2025-11-24,9:39:33.139642934,T,TGT,,178,86.68
2025-11-24,9:39:33.139642934,T,TGT,I,1,86.68
2025-11-24,9:39:33.143143234,T,TGT,F I,87,86.67
2025-11-24,9:39:33.143164171,T,TGT,I,1,86.67
2025-11-24,9:39:33.143185266,T,TGT,I,1,86.67
2025-11-24,9:39:33.143203276,T,TGT,,205,86.67
2025-11-24,9:39:33.143236331,T,TGT,,139,86.67
2025-11-24,9:39:36.158507778,T,TGT,I,5,86.7
2025-11-24,9:39:36.158510781,T,TGT,,100,86.7
2025-11-24,9:39:36.158513780,T,TGT,I,28,86.7
2025-11-24,9:39:36.158513780,T,TGT,,100,86.7
2025-11-24,9:39:44.997621479,T,TGT,I,63,86.735
2025-11-24,9:39:44.997663631,T,TGT,F I,63,86.735
2025-11-24,9:39:44.997699774,T,TGT,F I,63,86.735
2025-11-24,9:39:48.564346547,T,TGT,I,18,86.795
2025-11-24,9:39:49.531751164,T,TGT,,100,86.78
2025-11-24,9:39:49.531787165,T,TGT,I,52,86.78
2025-11-24,9:39:49.609588605,T,TGT,F I,63,86.76
2025-11-24,9:39:57.001405423,T,TGT,I,35,86.725
2025-11-24,9:39:59.126291628,T,TGT,F I,63,86.74
2025-11-24,9:39:59.512724351,T,TGT,F I,35,86.75
2025-11-24,9:39:59.512748244,T,TGT,F I,65,86.75
2025-11-24,9:40:05.661246988,T,TGT,F I,2,86.74
2025-11-24,9:40:05.661289171,T,TGT,F,100,86.73
2025-11-24,9:40:05.676060289,T,TGT,F I,20,86.7
2025-11-24,9:40:05.676153525,T,TGT,F I,1,86.69
2025-11-24,9:40:06.333549682,T,TGT,I,9,86.69
2025-11-24,9:40:09.449401770,T,TGT,I,50,86.63
2025-11-24,9:40:12.196918159,T,TGT,F I,3,86.56
2025-11-24,9:40:12.197149799,T,TGT,I,75,86.55
2025-11-24,9:40:12.514044681,T,TGT,F I,10,86.54
2025-11-24,9:40:16.405627647,T,TGT,,100,86.52
2025-11-24,9:40:16.405630689,T,TGT,I,1,86.52
2025-11-24,9:40:16.419737249,T,TGT,F I,11,86.52
2025-11-24,9:40:18.158500623,T,TGT,F,127,86.52
2025-11-24,9:40:18.158504377,T,TGT,F,100,86.52
2025-11-24,9:40:18.158507700,T,TGT,F I,75,86.51
2025-11-24,9:40:18.158512715,T,TGT,F,127,86.51
2025-11-24,9:40:18.158512715,T,TGT,F,100,86.51
2025-11-24,9:40:18.158515670,T,TGT,F,100,86.51
2025-11-24,9:40:18.158515670,T,TGT,F I,1,86.5
2025-11-24,9:40:18.158518762,T,TGT,F,647,86.5
2025-11-24,9:40:18.158521678,T,TGT,I,1,86.5
2025-11-24,9:40:18.158549855,T,TGT,,352,86.5
2025-11-24,9:40:18.158549855,T,TGT,I,50,86.5
2025-11-24,9:40:18.158551860,T,TGT,I,10,86.5
2025-11-24,9:40:18.158554812,T,TGT,I,2,86.5
2025-11-24,9:40:18.158554812,T,TGT,I,1,86.5
2025-11-24,9:40:18.159210399,T,TGT,F I,1,86.48
2025-11-24,9:40:18.239892529,T,TGT,,100,86.455
2025-11-24,9:40:19.845865526,T,TGT,,100,86.45
2025-11-24,9:40:21.276280138,T,TGT,I,9,86.44
2025-11-24,9:40:22.562630759,T,TGT,F I,7,86.46
2025-11-24,9:40:22.562955451,T,TGT,F I,50,86.46
2025-11-24,9:40:22.562976488,T,TGT,F,143,86.46
2025-11-24,9:40:22.563481735,T,TGT,F I,78,86.45
2025-11-24,9:40:22.563488650,T,TGT,F I,22,86.45
2025-11-24,9:40:22.563491024,T,TGT,F I,34,86.45
2025-11-24,9:40:22.563491024,T,TGT,F I,56,86.45
2025-11-24,9:40:22.563508772,T,TGT,I,1,86.45
2025-11-24,9:40:22.563511785,T,TGT,F I,9,86.45
2025-11-24,9:40:23.309652436,T,TGT,,100,86.435
2025-11-24,9:40:23.629650726,T,TGT,I,48,86.45
2025-11-24,9:40:25.938638436,T,TGT,F I,30,86.45
2025-11-24,9:40:28.493856084,T,TGT,F I,30,86.46
2025-11-24,9:40:28.493858936,T,TGT,F I,18,86.46
2025-11-24,9:40:32.199932990,T,TGT,I,6,86.435
2025-11-24,9:40:32.200588468,T,TGT,F I,75,86.46
2025-11-24,9:40:32.200594483,T,TGT,F I,25,86.46
2025-11-24,9:40:32.200618532,T,TGT,F I,12,86.47
2025-11-24,9:40:34.550458648,T,TGT,,100,86.47
2025-11-24,9:40:39.883201450,T,TGT,F I,11,86.445
2025-11-24,9:40:39.883204017,T,TGT,F I,17,86.44
2025-11-24,9:40:46.488400840,T,TGT,F I,63,86.42
2025-11-24,9:40:46.488427995,T,TGT,I,6,86.41
2025-11-24,9:40:46.488518278,T,TGT,I,6,86.4
2025-11-24,9:40:46.488518278,T,TGT,I,62,86.4
2025-11-24,9:40:46.488545157,T,TGT,F,113,86.4
2025-11-24,9:40:46.488551969,T,TGT,,824,86.4
2025-11-24,9:40:46.488554230,T,TGT,,1700,86.4
2025-11-24,9:40:46.488557943,T,TGT,I,2,86.4
2025-11-24,9:40:46.488557943,T,TGT,I,2,86.4
2025-11-24,9:40:46.488560465,T,TGT,I,5,86.4
2025-11-24,9:40:46.488560465,T,TGT,I,1,86.4
2025-11-24,9:40:46.488692502,T,TGT,F I,10,86.39
2025-11-24,9:40:46.489324044,T,TGT,F I,96,86.38
2025-11-24,9:40:46.489895354,T,TGT,F I,11,86.4
2025-11-24,9:40:46.489898384,T,TGT,F I,44,86.4
2025-11-24,9:40:46.489898384,T,TGT,F I,45,86.4
2025-11-24,9:40:46.489965241,T,TGT,F I,11,86.38
2025-11-24,9:40:47.616784996,T,TGT,I,63,86.385
2025-11-24,9:40:47.616833129,T,TGT,F I,37,86.385
2025-11-24,9:40:49.596401157,T,TGT,F I,63,86.41
2025-11-24,9:40:54.383132683,T,TGT,F I,2,86.35
2025-11-24,9:40:55.811788226,T,TGT,F,200,86.3
2025-11-24,9:40:55.811788226,T,TGT,F I,5,86.3
2025-11-24,9:40:56.344606608,T,TGT,I,11,86.29
2025-11-24,9:40:59.463288322,T,TGT,F I,63,86.28
2025-11-24,9:41:00.065497001,T,TGT,F I,63,86.28
2025-11-24,9:41:00.110219587,T,TGT,,100,86.31
2025-11-24,9:41:00.193683433,T,TGT,F,100,86.34
2025-11-24,9:41:00.193686400,T,TGT,F,100,86.33
2025-11-24,9:41:00.193701595,T,TGT,I,1,86.33
2025-11-24,9:41:01.798327178,T,TGT,F I,2,86.3
2025-11-24,9:41:01.852155463,T,TGT,I,1,86.285
2025-11-24,9:41:02.120965864,T,TGT,I,17,86.28
2025-11-24,9:41:02.121007918,T,TGT,I,36,86.28
2025-11-24,9:41:03.261592172,T,TGT,F,100,86.31
2025-11-24,9:41:03.262380013,T,TGT,F I,15,86.29
2025-11-24,9:41:03.262380013,T,TGT,F I,67,86.29
2025-11-24,9:41:03.262383907,T,TGT,F I,25,86.29
2025-11-24,9:41:03.262386033,T,TGT,F I,75,86.29
2025-11-24,9:41:03.262401046,T,TGT,I,1,86.29
2025-11-24,9:41:03.633870048,T,TGT,F I,5,86.28
2025-11-24,9:41:05.769985255,T,TGT,F I,16,86.29
2025-11-24,9:41:05.769985255,T,TGT,F I,67,86.29
2025-11-24,9:41:05.769988051,T,TGT,F I,15,86.29
2025-11-24,9:41:08.058963084,T,TGT,I,1,86.28
2025-11-24,9:41:08.058966126,T,TGT,I,1,86.28
2025-11-24,9:41:08.058966126,T,TGT,I,14,86.28
2025-11-24,9:41:09.189146286,T,TGT,F,100,86.31
2025-11-24,9:41:09.189148970,T,TGT,F I,5,86.31
2025-11-24,9:41:09.189148970,T,TGT,F I,2,86.31
2025-11-24,9:41:11.218632515,T,TGT,F I,3,86.28
2025-11-24,9:41:11.226114402,T,TGT,F I,70,86.25
2025-11-24,9:41:13.471539703,T,TGT,F I,28,86.22
2025-11-24,9:41:19.970153521,T,TGT,,100,86.22
2025-11-24,9:41:20.009986523,T,TGT,,100,86.215
2025-11-24,9:41:26.917700993,T,TGT,I,30,86.22
2025-11-24,9:41:30.702009361,T,TGT,I,4,86.2
2025-11-24,9:41:30.805915971,T,TGT,I,13,86.18
2025-11-24,9:41:30.854283174,T,TGT,F I,25,86.19
2025-11-24,9:41:32.115292259,T,TGT,F I,70,86.2
2025-11-24,9:41:32.115298248,T,TGT,F I,30,86.2
2025-11-24,9:41:36.222894876,T,TGT,F I,2,86.17
2025-11-24,9:41:36.222897888,T,TGT,F I,2,86.17
2025-11-24,9:41:37.256412872,T,TGT,F,100,86.21
2025-11-24,9:41:38.482192276,T,TGT,,105,86.21
2025-11-24,9:41:38.482865976,T,TGT,F I,49,86.21
2025-11-24,9:41:40.328362474,T,TGT,F I,63,86.2
2025-11-24,9:41:40.328392599,T,TGT,I,37,86.2
2025-11-24,9:41:41.935159629,T,TGT,F I,14,86.23
2025-11-24,9:41:41.935159629,T,TGT,F I,30,86.23
2025-11-24,9:41:50.046813103,T,TGT,F I,12,86.22
2025-11-24,9:41:50.047075553,T,TGT,F,500,86.24
2025-11-24,9:41:50.047077795,T,TGT,F,100,86.24
2025-11-24,9:41:50.047114200,T,TGT,F I,3,86.24
2025-11-24,9:41:52.733885629,T,TGT,,100,86.26
2025-11-24,9:41:52.733903830,T,TGT,I,1,86.26
2025-11-24,9:41:52.733907453,T,TGT,I,4,86.26
2025-11-24,9:41:53.196071691,T,TGT,I,12,86.27
2025-11-24,9:41:56.355196876,T,TGT,I,12,86.27
2025-11-24,9:42:00.103593705,T,TGT,I,3,86.23
2025-11-24,9:42:01.344253493,T,TGT,I,5,86.25
2025-11-24,9:42:01.344256360,T,TGT,I,25,86.25
2025-11-24,9:42:10.390648401,T,TGT,I,50,86.19
2025-11-24,9:42:11.924884911,T,TGT,I,3,86.17
2025-11-24,9:42:11.924884911,T,TGT,I,5,86.17
2025-11-24,9:42:11.924887959,T,TGT,I,3,86.17
2025-11-24,9:42:11.978349396,T,TGT,I,75,86.185
2025-11-24,9:42:11.978409429,T,TGT,I,25,86.185
2025-11-24,9:42:17.758491964,T,TGT,I,97,86.15
2025-11-24,9:42:17.758491964,T,TGT,I,7,86.15
2025-11-24,9:42:17.758495187,T,TGT,I,1,86.15
2025-11-24,9:42:17.758497630,T,TGT,I,20,86.15
2025-11-24,9:42:17.758500595,T,TGT,I,22,86.15
2025-11-24,9:42:21.651560203,T,TGT,I,1,86.155
2025-11-24,9:42:27.298109066,T,TGT,,100,86.18
2025-11-24,9:42:27.298109066,T,TGT,I,4,86.18
2025-11-24,9:42:27.298109066,T,TGT,I,1,86.18
2025-11-24,9:42:27.298674646,T,TGT,F I,47,86.21
2025-11-24,9:42:27.298677844,T,TGT,F I,91,86.21
2025-11-24,9:42:27.298677844,T,TGT,F I,62,86.21
2025-11-24,9:42:27.301985396,T,TGT,I,12,86.24
2025-11-24,9:42:33.689749091,T,TGT,F I,63,86.28
2025-11-24,9:42:42.623251701,T,TGT,F I,16,86.31
2025-11-24,9:42:42.623492239,T,TGT,,100,86.305
2025-11-24,9:42:42.623510240,T,TGT,I,27,86.305
2025-11-24,9:42:42.623513285,T,TGT,I,4,86.3
2025-11-24,9:42:42.623522357,T,TGT,,100,86.31
2025-11-24,9:42:42.626162632,T,TGT,I,13,86.34
2025-11-24,9:42:46.259508430,T,TGT,F I,23,86.31
2025-11-24,9:42:57.390036008,T,TGT,F I,31,86.3
2025-11-24,9:42:57.390036008,T,TGT,F I,2,86.3
2025-11-24,9:42:57.390042018,T,TGT,F,100,86.3
2025-11-24,9:42:57.390042018,T,TGT,F I,3,86.3
2025-11-24,9:42:57.390135290,T,TGT,I,8,86.29
2025-11-24,9:42:58.741572820,T,TGT,F I,4,86.31
2025-11-24,9:43:08.329071223,T,TGT,F I,40,86.33
2025-11-24,9:43:08.329071223,T,TGT,F I,28,86.33
2025-11-24,9:43:08.329073456,T,TGT,F I,25,86.33
2025-11-24,9:43:08.329091470,T,TGT,F I,47,86.33
2025-11-24,9:43:09.589015071,T,TGT,F I,1,86.35
2025-11-24,9:43:09.589033284,T,TGT,F I,99,86.35
2025-11-24,9:43:09.589033284,T,TGT,F I,50,86.35
2025-11-24,9:43:09.589300735,T,TGT,I,50,86.35
2025-11-24,9:43:09.589306808,T,TGT,,100,86.35
2025-11-24,9:43:09.589318798,T,TGT,I,1,86.35
2025-11-24,9:43:09.589327755,T,TGT,F I,63,86.35
2025-11-24,9:43:09.589381946,T,TGT,F I,47,86.35
2025-11-24,9:43:09.589475146,T,TGT,F I,50,86.35
2025-11-24,9:43:09.589526745,T,TGT,,100,86.34
2025-11-24,9:43:09.589529262,T,TGT,,100,86.34
2025-11-24,9:43:09.589574365,T,TGT,,100,86.35
2025-11-24,9:43:09.590407730,T,TGT,F I,85,86.34
2025-11-24,9:43:09.590407730,T,TGT,F I,15,86.34
2025-11-24,9:43:09.592395077,T,TGT,F I,22,86.34
2025-11-24,9:43:11.575866313,T,TGT,,100,86.35
2025-11-24,9:43:14.619104345,T,TGT,F I,63,86.335
2025-11-24,9:43:16.017547005,T,TGT,F I,63,86.34
2025-11-24,9:43:16.017598061,T,TGT,F I,37,86.34
2025-11-24,9:43:17.496948366,T,TGT,I,10,86.335
2025-11-24,9:43:17.541547568,T,TGT,I,1,86.335
2025-11-24,9:43:26.370794858,T,TGT,I,12,86.335
2025-11-24,9:43:29.731279675,T,TGT,F,100,86.31
2025-11-24,9:43:29.731282550,T,TGT,F,133,86.3
2025-11-24,9:43:29.731285556,T,TGT,F I,93,86.3
2025-11-24,9:43:29.731301510,T,TGT,,100,86.3
2025-11-24,9:43:29.731301510,T,TGT,I,1,86.3
2025-11-24,9:43:29.731303644,T,TGT,F,833,86.3
2025-11-24,9:43:29.731306586,T,TGT,F I,3,86.3
2025-11-24,9:43:29.731309602,T,TGT,F,100,86.3
2025-11-24,9:43:29.731357882,T,TGT,I,15,86.32
2025-11-24,9:43:29.731357882,T,TGT,I,58,86.32
2025-11-24,9:43:29.731378815,T,TGT,I,1,86.32
2025-11-24,9:43:29.731662163,T,TGT,F I,16,86.31
2025-11-24,9:43:29.731662163,T,TGT,F I,15,86.31
2025-11-24,9:43:29.731664869,T,TGT,F I,58,86.31
2025-11-24,9:43:29.731667489,T,TGT,F I,1,86.31
2025-11-24,9:43:29.738181049,T,TGT,F,100,86.3
2025-11-24,9:43:29.738184089,T,TGT,F I,3,86.29
2025-11-24,9:43:30.898558455,T,TGT,I,80,86.28
2025-11-24,9:43:35.700461244,T,TGT,F I,16,86.3
2025-11-24,9:43:35.700464760,T,TGT,F I,77,86.3
2025-11-24,9:43:35.700464760,T,TGT,F I,22,86.3
2025-11-24,9:43:36.716957863,T,TGT,I,63,86.335
2025-11-24,9:43:37.651343905,T,TGT,F I,7,86.35
2025-11-24,9:43:37.651422056,T,TGT,F,100,86.37
2025-11-24,9:43:37.652558880,T,TGT,I,5,86.38
2025-11-24,9:43:45.373287223,T,TGT,I,1,86.36
2025-11-24,9:43:47.520077580,T,TGT,I,1,86.34
2025-11-24,9:43:47.520155770,T,TGT,F,100,86.33
2025-11-24,9:43:53.096791762,T,TGT,F I,30,86.28
2025-11-24,9:43:53.096794167,T,TGT,F I,70,86.28
2025-11-24,9:43:53.096812347,T,TGT,F I,70,86.28
2025-11-24,9:43:53.096818213,T,TGT,I,30,86.28
2025-11-24,9:43:53.098078275,T,TGT,F I,40,86.25
2025-11-24,9:43:53.101762060,T,TGT,F I,12,86.25
2025-11-24,9:43:54.507075910,T,TGT,F I,1,86.23
2025-11-24,9:43:55.359652026,T,TGT,I,20,86.23
2025-11-24,9:43:55.359673126,T,TGT,F,168,86.23
2025-11-24,9:43:58.902795009,T,TGT,F I,1,86.21
2025-11-24,9:43:58.909383677,T,TGT,I,12,86.22
2025-11-24,9:44:01.363659636,T,TGT,F,100,86.2
2025-11-24,9:44:01.363662873,T,TGT,F I,43,86.19
2025-11-24,9:44:01.363662873,T,TGT,F I,29,86.19
2025-11-24,9:44:01.363680596,T,TGT,F,128,86.19
2025-11-24,9:44:03.079054710,T,TGT,F I,72,86.18
2025-11-24,9:44:03.079060583,T,TGT,F I,73,86.18
2025-11-24,9:44:03.079063174,T,TGT,F,172,86.18
2025-11-24,9:44:03.079069721,T,TGT,F I,83,86.18
2025-11-24,9:44:03.079072378,T,TGT,F I,3,86.18
2025-11-24,9:44:03.079072378,T,TGT,F I,97,86.18
2025-11-24,9:44:03.079153390,T,TGT,I,10,86.17
2025-11-24,9:44:03.079159427,T,TGT,I,10,86.17
2025-11-24,9:44:03.079159427,T,TGT,I,20,86.17
2025-11-24,9:44:06.408691439,T,TGT,,100,86.16
2025-11-24,9:44:09.810945879,T,TGT,F I,3,86.2
2025-11-24,9:44:17.333787828,T,TGT,F I,7,86.24
2025-11-24,9:44:17.333823899,T,TGT,,100,86.25
2025-11-24,9:44:17.333947140,T,TGT,I,25,86.25
2025-11-24,9:44:17.333950219,T,TGT,I,25,86.24
2025-11-24,9:44:19.646555601,T,TGT,I,10,86.24
2025-11-24,9:44:24.666472480,T,TGT,F I,1,86.23
2025-11-24,9:44:24.666898660,T,TGT,F,200,86.22
2025-11-24,9:44:24.666898660,T,TGT,F I,20,86.22
2025-11-24,9:44:34.132945881,T,TGT,,100,86.13
2025-11-24,9:44:34.132960886,T,TGT,I,1,86.13
2025-11-24,9:44:34.132988004,T,TGT,F,100,86.13
2025-11-24,9:44:34.133054176,T,TGT,,100,86.13
2025-11-24,9:44:34.133111224,T,TGT,,100,86.13
2025-11-24,9:44:34.133132308,T,TGT,,198,86.13
2025-11-24,9:44:34.133135320,T,TGT,I,1,86.13
2025-11-24,9:44:34.133135320,T,TGT,I,2,86.13
2025-11-24,9:44:36.909045402,T,TGT,F I,63,86.11
2025-11-24,9:44:36.909096536,T,TGT,F I,37,86.11
2025-11-24,9:44:36.909099517,T,TGT,F I,26,86.11
2025-11-24,9:44:41.056363690,T,TGT,I,1,86.1
2025-11-24,9:44:41.056363690,T,TGT,I,25,86.1
2025-11-24,9:44:43.223801171,T,TGT,F I,63,86.11
2025-11-24,9:44:43.223849265,T,TGT,F I,37,86.11
2025-11-24,9:44:51.719307243,T,TGT,I,1,86.07
2025-11-24,9:44:51.810658838,T,TGT,,100,86.07
2025-11-24,9:44:53.256331939,T,TGT,I,3,86.11
2025-11-24,9:44:56.431785937,T,TGT,I,12,86.075
2025-11-24,9:44:57.791544446,T,TGT,F I,1,86.05
2025-11-24,9:44:57.791544446,T,TGT,F I,1,86.05
2025-11-24,9:44:58.341293046,T,TGT,,127,86.04
2025-11-24,9:44:58.341296091,T,TGT,I,2,86.03
2025-11-24,9:45:03.126900065,T,TGT,I,33,86.02
2025-11-24,9:45:04.519382796,T,TGT,I,52,86.01
2025-11-24,9:45:04.519382796,T,TGT,I,36,86.01
2025-11-24,9:45:04.519388404,T,TGT,,100,86.01
2025-11-24,9:45:04.519403457,T,TGT,F I,70,86.01
2025-11-24,9:45:04.520582246,T,TGT,F,100,86.03
2025-11-24,9:45:04.520706429,T,TGT,,100,86.04
2025-11-24,9:45:04.520708587,T,TGT,,100,86.04
2025-11-24,9:45:04.520711534,T,TGT,,100,86.04
2025-11-24,9:45:04.522070776,T,TGT,F I,29,86.03
2025-11-24,9:45:04.522094861,T,TGT,I,50,86.03
2025-11-24,9:45:04.522437767,T,TGT,F I,50,86.03
2025-11-24,9:45:04.526737921,T,TGT,F I,23,86.03
2025-11-24,9:45:04.627147136,T,TGT,I,30,86.025
2025-11-24,9:45:04.627171205,T,TGT,F I,63,86.025
2025-11-24,9:45:05.808541716,T,TGT,,100,86.05
2025-11-24,9:45:05.808545156,T,TGT,,100,86.05
2025-11-24,9:45:05.808547624,T,TGT,I,13,86.05
2025-11-24,9:45:05.808547624,T,TGT,,100,86.05
2025-11-24,9:45:06.816058756,T,TGT,F I,5,86.08
2025-11-24,9:45:07.145824477,T,TGT,F I,63,86.08
2025-11-24,9:45:07.145870617,T,TGT,F I,37,86.08
2025-11-24,9:45:07.145872478,T,TGT,F I,6,86.07
2025-11-24,9:45:14.526439521,T,TGT,F,100,86.1
2025-11-24,9:45:14.526443004,T,TGT,F I,1,86.1
2025-11-24,9:45:14.526443004,T,TGT,F I,4,86.1
2025-11-24,9:45:14.526445616,T,TGT,F I,24,86.1
2025-11-24,9:45:17.647611453,T,TGT,F I,2,86.14
2025-11-24,9:45:17.647615816,T,TGT,F I,5,86.14
2025-11-24,9:45:17.647615816,T,TGT,F I,93,86.14
2025-11-24,9:45:17.647930041,T,TGT,F I,7,86.14
2025-11-24,9:45:17.647930041,T,TGT,F I,15,86.14
2025-11-24,9:45:17.655038974,T,TGT,F I,10,86.15
2025-11-24,9:45:17.702798764,T,TGT,I,28,86.13
2025-11-24,9:45:18.731489560,T,TGT,F I,28,86.11
2025-11-24,9:45:18.731498694,T,TGT,F I,84,86.11
2025-11-24,9:45:20.243338301,T,TGT,F I,28,86.11
2025-11-24,9:45:20.243338301,T,TGT,F I,18,86.11
2025-11-24,9:45:23.160082838,T,TGT,I,3,86.14
2025-11-24,9:45:23.160082838,T,TGT,I,4,86.14
2025-11-24,9:45:24.062033647,T,TGT,I,2,86.14
2025-11-24,9:45:24.062090774,T,TGT,F I,2,86.14
2025-11-24,9:45:24.099454783,T,TGT,I,29,86.15
2025-11-24,9:45:27.302887327,T,TGT,F I,1,86.15
2025-11-24,9:45:27.302890410,T,TGT,F I,11,86.15
2025-11-24,9:45:29.730637022,T,TGT,I,25,86.16
2025-11-24,9:45:29.973588832,T,TGT,I,55,86.19
2025-11-24,9:45:30.007636008,T,TGT,F I,34,86.2
2025-11-24,9:45:30.007638989,T,TGT,F I,21,86.2
2025-11-24,9:45:42.699038199,T,TGT,F,100,86.15
2025-11-24,9:45:42.699038199,T,TGT,F I,15,86.15
2025-11-24,9:45:42.699038199,T,TGT,F I,3,86.15
2025-11-24,9:45:42.699041263,T,TGT,F I,2,86.15
2025-11-24,9:45:42.699041263,T,TGT,F I,3,86.15
2025-11-24,9:45:42.699125651,T,TGT,,125,86.17
2025-11-24,9:45:42.699125651,T,TGT,,100,86.18
2025-11-24,9:45:42.699128231,T,TGT,I,45,86.18
2025-11-24,9:45:42.699146280,T,TGT,I,1,86.18
2025-11-24,9:45:42.699164310,T,TGT,I,15,86.16
2025-11-24,9:45:42.699170333,T,TGT,I,85,86.16
2025-11-24,9:45:42.699176654,T,TGT,,115,86.165
2025-11-24,9:45:42.699186372,T,TGT,I,30,86.165
2025-11-24,9:45:42.699186372,T,TGT,I,12,86.165
2025-11-24,9:45:42.699299713,T,TGT,F I,25,86.15
2025-11-24,9:45:42.699303049,T,TGT,F,100,86.15
2025-11-24,9:45:42.699329763,T,TGT,F,100,86.16
2025-11-24,9:45:42.699564254,T,TGT,I,8,86.16
2025-11-24,9:45:42.699666735,T,TGT,F I,80,86.16
2025-11-24,9:45:42.699666735,T,TGT,F I,20,86.17
2025-11-24,9:45:42.699669499,T,TGT,F I,20,86.17
2025-11-24,9:45:42.699681611,T,TGT,I,80,86.17
2025-11-24,9:45:42.714161102,T,TGT,F I,54,86.18
2025-11-24,9:45:42.714326465,T,TGT,F I,20,86.2
2025-11-24,9:45:42.714329516,T,TGT,F I,42,86.2
2025-11-24,9:45:42.714329516,T,TGT,F I,27,86.2
2025-11-24,9:45:42.715195546,T,TGT,F I,40,86.21
2025-11-24,9:45:42.716175902,T,TGT,F I,13,86.21
2025-11-24,9:45:43.575942204,T,TGT,F I,84,86.21
2025-11-24,9:45:46.413881036,T,TGT,F,100,86.27
2025-11-24,9:45:46.413883987,T,TGT,F I,13,86.27
2025-11-24,9:45:46.617820886,T,TGT,,100,86.265
2025-11-24,9:45:46.622208723,T,TGT,F I,27,86.25
2025-11-24,9:45:46.622211617,T,TGT,F I,27,86.25
2025-11-24,9:45:46.622214490,T,TGT,F,100,86.25
2025-11-24,9:45:46.622214490,T,TGT,F I,8,86.25
2025-11-24,9:45:46.622217408,T,TGT,F,100,86.25
2025-11-24,9:45:46.622220397,T,TGT,F I,1,86.25
2025-11-24,9:45:54.002495639,T,TGT,F I,63,86.22
2025-11-24,9:45:54.841641715,T,TGT,F I,1,86.23
2025-11-24,9:45:54.841656756,T,TGT,F I,14,86.23
2025-11-24,9:45:54.841656756,T,TGT,F I,26,86.23
2025-11-24,9:45:56.429045532,T,TGT,I,11,86.24
2025-11-24,9:46:00.013957981,T,TGT,F I,63,86.21
2025-11-24,9:46:11.539160822,T,TGT,F I,12,86.27
2025-11-24,9:46:11.539227017,T,TGT,I,7,86.27
2025-11-24,9:46:11.539735208,T,TGT,F I,30,86.265
2025-11-24,9:46:11.539739529,T,TGT,F,125,86.27
2025-11-24,9:46:11.539739529,T,TGT,F I,47,86.27
2025-11-24,9:46:11.539741324,T,TGT,F I,53,86.27
2025-11-24,9:46:11.539744848,T,TGT,F I,31,86.28
2025-11-24,9:46:11.539747727,T,TGT,F I,20,86.28
2025-11-24,9:46:11.539747727,T,TGT,F I,1,86.28
2025-11-24,9:46:11.539750498,T,TGT,F I,97,86.28
2025-11-24,9:46:11.539750498,T,TGT,I,53,86.28
2025-11-24,9:46:11.539774421,T,TGT,F I,53,86.28
2025-11-24,9:46:11.539798386,T,TGT,I,12,86.28
2025-11-24,9:46:11.539801426,T,TGT,F I,28,86.27
2025-11-24,9:46:11.539804392,T,TGT,F I,63,86.27
2025-11-24,9:46:11.539837512,T,TGT,I,30,86.28
2025-11-24,9:46:11.539843995,T,TGT,I,70,86.28
2025-11-24,9:46:11.539843995,T,TGT,I,9,86.27
2025-11-24,9:46:11.539846479,T,TGT,F I,15,86.28
2025-11-24,9:46:11.539849561,T,TGT,F,125,86.28
2025-11-24,9:46:11.539928038,T,TGT,I,2,86.28
2025-11-24,9:46:11.539928038,T,TGT,I,26,86.28
2025-11-24,9:46:11.539933704,T,TGT,I,28,86.28
2025-11-24,9:46:11.539936983,T,TGT,I,63,86.28
2025-11-24,9:46:11.539936983,T,TGT,I,9,86.28
2025-11-24,9:46:11.539988416,T,TGT,F I,63,86.27
2025-11-24,9:46:11.542415170,T,TGT,F I,85,86.28
2025-11-24,9:46:11.542417621,T,TGT,F I,43,86.28
2025-11-24,9:46:11.542420664,T,TGT,F I,15,86.28
2025-11-24,9:46:11.560144857,T,TGT,I,60,86.28
2025-11-24,9:46:11.562451310,T,TGT,I,2,86.29
2025-11-24,9:46:11.562454366,T,TGT,I,15,86.29
2025-11-24,9:46:11.562484422,T,TGT,I,2,86.29
2025-11-24,9:46:11.765305607,T,TGT,F I,1,86.3
2025-11-24,9:46:11.773344263,T,TGT,I,2,86.31
2025-11-24,9:46:11.773344263,T,TGT,I,50,86.32
2025-11-24,9:46:11.778952142,T,TGT,,100,86.33
2025-11-24,9:46:12.552027937,T,TGT,F I,50,86.32
2025-11-24,9:46:12.552027937,T,TGT,F I,6,86.32
2025-11-24,9:46:12.552030862,T,TGT,F I,2,86.32
2025-11-24,9:46:13.172342741,T,TGT,F I,27,86.34
2025-11-24,9:46:13.460290633,T,TGT,F I,8,86.35
2025-11-24,9:46:14.184842995,T,TGT,F I,14,86.35
2025-11-24,9:46:14.184842995,T,TGT,F I,2,86.35
2025-11-24,9:46:14.212559773,T,TGT,F I,4,86.36
2025-11-24,9:46:15.606533660,T,TGT,F I,50,86.37
2025-11-24,9:46:31.753007996,T,TGT,F I,50,86.32
2025-11-24,9:46:31.753011224,T,TGT,F I,5,86.32
2025-11-24,9:46:31.753011224,T,TGT,F I,3,86.32
2025-11-24,9:46:31.753035250,T,TGT,I,1,86.32
2025-11-24,9:46:31.757985255,T,TGT,F I,4,86.33
2025-11-24,9:46:31.757993851,T,TGT,F I,17,86.34
2025-11-24,9:46:31.758009268,T,TGT,F I,63,86.34
2025-11-24,9:46:31.758077987,T,TGT,I,9,86.35
2025-11-24,9:46:31.758081129,T,TGT,I,18,86.35
2025-11-24,9:46:31.758084007,T,TGT,I,14,86.35
2025-11-24,9:46:31.758111241,T,TGT,F I,21,86.36
2025-11-24,9:46:31.758111241,T,TGT,F I,14,86.36
2025-11-24,9:46:31.758255693,T,TGT,I,22,86.35
2025-11-24,9:46:31.758258697,T,TGT,I,9,86.35
2025-11-24,9:46:31.768479781,T,TGT,F I,17,86.35
2025-11-24,9:46:31.768912835,T,TGT,I,4,86.35
2025-11-24,9:46:31.768927835,T,TGT,I,54,86.35
2025-11-24,9:46:36.014923270,T,TGT,,300,86.32
2025-11-24,9:46:36.014926248,T,TGT,I,13,86.32
2025-11-24,9:46:42.903106133,T,TGT,F I,62,86.31
2025-11-24,9:46:42.903106133,T,TGT,F I,71,86.31
2025-11-24,9:46:42.903109135,T,TGT,F I,30,86.31
2025-11-24,9:46:42.903112203,T,TGT,F I,17,86.31
2025-11-24,9:46:42.903112203,T,TGT,F I,3,86.31
2025-11-24,9:46:44.184807570,T,TGT,I,63,86.305
2025-11-24,9:46:44.185622577,T,TGT,F I,63,86.3
2025-11-24,9:46:50.196742063,T,TGT,I,1,86.31
2025-11-24,9:46:50.197130077,T,TGT,I,63,86.31
2025-11-24,9:46:50.197187080,T,TGT,F I,17,86.31
2025-11-24,9:46:50.197226202,T,TGT,I,11,86.305
2025-11-24,9:46:50.197226202,T,TGT,I,1,86.3
2025-11-24,9:46:50.197229215,T,TGT,I,50,86.3
2025-11-24,9:46:50.232178454,T,TGT,I,75,86.305
2025-11-24,9:46:50.447924411,T,TGT,I,63,86.305
2025-11-24,9:47:00.636457907,T,TGT,F I,63,86.305
2025-11-24,9:47:00.636512027,T,TGT,F I,37,86.305
2025-11-24,9:47:06.448049020,T,TGT,I,10,86.315
2025-11-24,9:47:07.633852088,T,TGT,F I,75,86.33
2025-11-24,9:47:07.633855214,T,TGT,F I,50,86.32
2025-11-24,9:47:07.633858066,T,TGT,F I,9,86.32
2025-11-24,9:47:07.634122753,T,TGT,F I,50,86.32
2025-11-24,9:47:07.634503094,T,TGT,F I,50,86.31
2025-11-24,9:47:07.634576771,T,TGT,F I,2,86.32
2025-11-24,9:47:07.635199344,T,TGT,I,37,86.32
2025-11-24,9:47:07.635388677,T,TGT,F I,8,86.33
2025-11-24,9:47:07.643303613,T,TGT,F I,46,86.33
2025-11-24,9:47:07.643309698,T,TGT,F I,8,86.33
2025-11-24,9:47:07.643309698,T,TGT,F I,37,86.33
2025-11-24,9:47:07.643315988,T,TGT,F,171,86.33
2025-11-24,9:47:07.643315988,T,TGT,F I,63,86.33
2025-11-24,9:47:07.643315988,T,TGT,F,100,86.33
2025-11-24,9:47:07.643318640,T,TGT,F,100,86.33
2025-11-24,9:47:07.643348750,T,TGT,I,60,86.32
2025-11-24,9:47:07.644557564,T,TGT,F I,3,86.32
2025-11-24,9:47:07.745905040,T,TGT,F I,53,86.325
2025-11-24,9:47:08.545173107,T,TGT,F I,48,86.33
2025-11-24,9:47:08.545765562,T,TGT,F I,22,86.33
2025-11-24,9:47:08.545765562,T,TGT,F I,26,86.34
2025-11-24,9:47:08.546643656,T,TGT,F I,4,86.34
2025-11-24,9:47:08.546643656,T,TGT,F I,18,86.34
2025-11-24,9:47:15.464961349,T,TGT,F I,12,86.34
2025-11-24,9:47:15.464964428,T,TGT,F I,12,86.34
2025-11-24,9:47:15.464973463,T,TGT,F I,6,86.34
2025-11-24,9:47:15.465424504,T,TGT,F,100,86.34
2025-11-24,9:47:15.465427548,T,TGT,F I,50,86.33
2025-11-24,9:47:15.465445555,T,TGT,F I,50,86.33
2025-11-24,9:47:15.465532735,T,TGT,I,2,86.34
2025-11-24,9:47:15.465532735,T,TGT,I,10,86.34
2025-11-24,9:47:15.465885219,T,TGT,I,50,86.34
2025-11-24,9:47:15.465885219,T,TGT,I,63,86.34
2025-11-24,9:47:15.465887560,T,TGT,I,50,86.34
2025-11-24,9:47:15.467003271,T,TGT,I,1,86.34
2025-11-24,9:47:15.799294886,T,TGT,F I,4,86.33
2025-11-24,9:47:15.799294886,T,TGT,F I,50,86.33
2025-11-24,9:47:15.799791527,T,TGT,F I,1,86.32
2025-11-24,9:47:15.806235388,T,TGT,F I,1,86.3
2025-11-24,9:47:16.449212217,T,TGT,I,11,86.32
2025-11-24,9:47:16.665364152,T,TGT,F I,63,86.31
2025-11-24,9:47:16.782881096,T,TGT,F I,2,86.3
2025-11-24,9:47:20.453040611,T,TGT,F,100,86.28
2025-11-24,9:47:20.453043841,T,TGT,F I,1,86.28
2025-11-24,9:47:20.453043841,T,TGT,F I,3,86.28
2025-11-24,9:47:20.489156635,T,TGT,F I,1,86.27
2025-11-24,9:47:21.948100289,T,TGT,F,100,86.25
2025-11-24,9:47:21.948115562,T,TGT,F,200,86.25
2025-11-24,9:47:21.948115562,T,TGT,I,1,86.25
2025-11-24,9:47:21.948121587,T,TGT,I,79,86.25
2025-11-24,9:47:30.496899413,T,TGT,I,10,86.27
2025-11-24,9:47:36.452419445,T,TGT,I,11,86.28
2025-11-24,9:47:37.008774819,T,TGT,F I,3,86.25
2025-11-24,9:47:37.008777860,T,TGT,F I,50,86.25
2025-11-24,9:47:37.008801922,T,TGT,I,12,86.25
2025-11-24,9:47:37.008807842,T,TGT,F I,63,86.25
2025-11-24,9:47:45.206043084,T,TGT,F I,75,86.26
2025-11-24,9:47:45.206045609,T,TGT,F I,80,86.25
2025-11-24,9:47:45.206048432,T,TGT,F I,47,86.25
2025-11-24,9:47:45.206439436,T,TGT,F I,77,86.28
2025-11-24,9:47:45.206460472,T,TGT,I,1,86.28
2025-11-24,9:47:45.206463388,T,TGT,I,36,86.28
2025-11-24,9:47:45.207236262,T,TGT,F I,1,86.29
2025-11-24,9:47:45.274668971,T,TGT,F,100,86.29
2025-11-24,9:47:45.274671898,T,TGT,F I,2,86.29
2025-11-24,9:47:45.865579720,T,TGT,I,39,86.27
2025-11-24,9:47:46.454782426,T,TGT,I,10,86.28
2025-11-24,9:47:47.802388851,T,TGT,F,100,86.24
2025-11-24,9:47:48.651184971,T,TGT,I,12,86.24
2025-11-24,9:47:51.259550938,T,TGT,F I,66,86.26
2025-11-24,9:47:51.259560479,T,TGT,F,100,86.26
2025-11-24,9:47:51.260759932,T,TGT,I,12,86.26
2025-11-24,9:47:56.266897079,T,TGT,F I,50,86.25
2025-11-24,9:47:56.266900127,T,TGT,F I,4,86.25
2025-11-24,9:47:56.267402314,T,TGT,F I,65,86.25
2025-11-24,9:47:56.456745361,T,TGT,I,11,86.23
2025-11-24,9:47:56.458050482,T,TGT,I,15,86.23
2025-11-24,9:47:56.458185899,T,TGT,I,23,86.23
2025-11-24,9:47:57.565580041,T,TGT,F I,50,86.21
2025-11-24,9:47:57.571056269,T,TGT,F I,50,86.21
2025-11-24,9:47:57.571056269,T,TGT,F I,93,86.2
2025-11-24,9:47:57.571080153,T,TGT,I,1,86.2
2025-11-24,9:47:57.571104536,T,TGT,F I,46,86.2
2025-11-24,9:47:57.571107565,T,TGT,F I,2,86.2
2025-11-24,9:47:57.571107565,T,TGT,F I,1,86.2
2025-11-24,9:47:57.571110522,T,TGT,F I,50,86.2
2025-11-24,9:47:57.616016215,T,TGT,I,13,86.2
2025-11-24,9:48:03.991270433,T,TGT,F I,5,86.24
2025-11-24,9:48:03.991270433,T,TGT,F I,3,86.24
2025-11-24,9:48:03.991901646,T,TGT,F I,9,86.24
2025-11-24,9:48:03.991910668,T,TGT,I,9,86.24
2025-11-24,9:48:03.993152590,T,TGT,F I,19,86.21
2025-11-24,9:48:03.993152590,T,TGT,F I,10,86.21
2025-11-24,9:48:03.995149418,T,TGT,F I,1,86.19
2025-11-24,9:48:03.995149418,T,TGT,F I,3,86.19
2025-11-24,9:48:03.995155365,T,TGT,F,100,86.19
2025-11-24,9:48:04.110729776,T,TGT,F I,63,86.16
2025-11-24,9:48:04.111574789,T,TGT,F,100,86.15
2025-11-24,9:48:04.112747578,T,TGT,I,33,86.16
2025-11-24,9:48:06.041774843,T,TGT,F I,50,86.14
2025-11-24,9:48:06.041777146,T,TGT,F,100,86.14
2025-11-24,9:48:06.041813222,T,TGT,F,100,86.13
2025-11-24,9:48:06.041903403,T,TGT,,100,86.14
2025-11-24,9:48:06.041924427,T,TGT,I,1,86.14
2025-11-24,9:48:06.042080819,T,TGT,F,100,86.13
2025-11-24,9:48:06.042258275,T,TGT,I,2,86.14
2025-11-24,9:48:06.042264234,T,TGT,I,9,86.14
2025-11-24,9:48:06.042264234,T,TGT,I,17,86.14
2025-11-24,9:48:06.505596070,T,TGT,I,6,86.15
2025-11-24,9:48:06.754002950,T,TGT,F I,2,86.16
2025-11-24,9:48:06.754005957,T,TGT,F I,86,86.16
2025-11-24,9:48:06.754020904,T,TGT,F I,86,86.16
2025-11-24,9:48:06.754024072,T,TGT,I,14,86.16
2025-11-24,9:48:06.754026984,T,TGT,I,50,86.16
2025-11-24,9:48:06.754039022,T,TGT,F I,30,86.16
2025-11-24,9:48:08.962638617,T,TGT,I,1,86.18
2025-11-24,9:48:15.035774934,T,TGT,I,50,86.16
2025-11-24,9:48:15.035777914,T,TGT,I,19,86.16
2025-11-24,9:48:24.905672413,T,TGT,I,63,86.155
2025-11-24,9:48:24.905711457,T,TGT,I,37,86.155
2025-11-24,9:48:24.905711457,T,TGT,I,50,86.155
2025-11-24,9:48:25.201222517,T,TGT,F,100,86.13
2025-11-24,9:48:25.201240605,T,TGT,I,2,86.13
2025-11-24,9:48:25.622417922,T,TGT,F,100,86.11
2025-11-24,9:48:25.649659809,T,TGT,I,11,86.11
2025-11-24,9:48:29.632119461,T,TGT,F I,86,86.135
2025-11-24,9:48:30.414776023,T,TGT,F I,50,86.17
2025-11-24,9:48:30.414776023,T,TGT,F I,26,86.17
2025-11-24,9:48:30.414902257,T,TGT,F I,4,86.18
2025-11-24,9:48:30.414959428,T,TGT,F I,4,86.19
2025-11-24,9:48:30.442968202,T,TGT,I,60,86.21
2025-11-24,9:48:30.485934500,T,TGT,I,52,86.2
2025-11-24,9:48:32.433181559,T,TGT,F I,2,86.19
2025-11-24,9:48:32.434188875,T,TGT,F I,20,86.18
2025-11-24,9:48:32.434188875,T,TGT,F,100,86.18
2025-11-24,9:48:32.434191965,T,TGT,F I,91,86.18
2025-11-24,9:48:38.721721091,T,TGT,F I,30,86.12
2025-11-24,9:48:38.721721091,T,TGT,F I,41,86.12
2025-11-24,9:48:42.637494071,T,TGT,I,3,86.15
2025-11-24,9:48:50.637632516,T,TGT,I,29,86.18
2025-11-24,9:48:50.637635408,T,TGT,I,10,86.18
2025-11-24,9:48:50.637653481,T,TGT,I,39,86.18
2025-11-24,9:48:50.637933136,T,TGT,F I,50,86.17
2025-11-24,9:48:50.637936074,T,TGT,F I,8,86.16
2025-11-24,9:48:50.637948166,T,TGT,F I,10,86.16
2025-11-24,9:48:50.637948166,T,TGT,F I,40,86.16
2025-11-24,9:48:50.637951308,T,TGT,F,100,86.16
2025-11-24,9:48:50.638014260,T,TGT,F,100,86.17
2025-11-24,9:48:51.849609732,T,TGT,F,100,86.14
2025-11-24,9:48:56.473758961,T,TGT,I,11,86.14
2025-11-24,9:49:00.565177077,T,TGT,F I,46,86.1
2025-11-24,9:49:00.700490412,T,TGT,F I,46,86.09
2025-11-24,9:49:00.700568581,T,TGT,,100,86.08
2025-11-24,9:49:01.315840441,T,TGT,I,75,86.06
2025-11-24,9:49:01.315874348,T,TGT,F I,63,86.06
2025-11-24,9:49:01.315879630,T,TGT,I,62,86.06
2025-11-24,9:49:01.315879630,T,TGT,I,62,86.06
2025-11-24,9:49:01.315891636,T,TGT,I,38,86.06
2025-11-24,9:49:03.158943256,T,TGT,F I,30,86.06
2025-11-24,9:49:04.098582832,T,TGT,F I,5,86.05
2025-11-24,9:49:04.192015794,T,TGT,F I,16,86.03
2025-11-24,9:49:04.258723260,T,TGT,F I,40,86.03
2025-11-24,9:49:06.082614206,T,TGT,I,23,86.02
2025-11-24,9:49:06.082652748,T,TGT,I,10,86.01
2025-11-24,9:49:06.082655534,T,TGT,I,1,86.0
2025-11-24,9:49:06.082658783,T,TGT,I,3,86.0
2025-11-24,9:49:06.082663207,T,TGT,I,1,86.0
2025-11-24,9:49:06.082668161,T,TGT,I,1,86.0
2025-11-24,9:49:06.082673877,T,TGT,I,2,86.0
2025-11-24,9:49:06.082673877,T,TGT,I,2,86.0
2025-11-24,9:49:06.082679759,T,TGT,I,1,86.0
2025-11-24,9:49:06.082679759,T,TGT,I,5,86.0
2025-11-24,9:49:06.082683289,T,TGT,I,57,86.0
2025-11-24,9:49:06.082685958,T,TGT,I,1,86.0
2025-11-24,9:49:06.082685958,T,TGT,I,2,86.0
2025-11-24,9:49:06.082689370,T,TGT,I,50,86.0
2025-11-24,9:49:06.082692677,T,TGT,I,1,86.0
2025-11-24,9:49:06.082700597,T,TGT,,100,86.0
2025-11-24,9:49:06.082703692,T,TGT,,800,86.0
2025-11-24,9:49:06.084050807,T,TGT,F I,1,85.98
2025-11-24,9:49:06.085121444,T,TGT,F I,1,85.97
2025-11-24,9:49:06.085121444,T,TGT,F I,89,85.97
2025-11-24,9:49:06.458923963,T,TGT,I,11,85.97
2025-11-24,9:49:11.761823215,T,TGT,I,6,85.95
2025-11-24,9:49:11.762066857,T,TGT,F I,15,85.94
2025-11-24,9:49:11.762069782,T,TGT,F,100,85.94
2025-11-24,9:49:11.762069782,T,TGT,F I,2,85.94
2025-11-24,9:49:11.817930900,T,TGT,F I,12,85.94
2025-11-24,9:49:11.817930900,T,TGT,F I,6,85.94
2025-11-24,9:49:11.817933885,T,TGT,F I,47,85.94
2025-11-24,9:49:15.998204693,T,TGT,F I,51,85.9
2025-11-24,9:49:15.998225774,T,TGT,F I,1,85.9
2025-11-24,9:49:15.998231754,T,TGT,F,100,85.9
2025-11-24,9:49:15.998234825,T,TGT,F,100,85.9
2025-11-24,9:49:15.998809128,T,TGT,F,100,85.9
2025-11-24,9:49:16.051152014,T,TGT,F,100,85.9
2025-11-24,9:49:16.051152014,T,TGT,F I,42,85.9
2025-11-24,9:49:16.051155019,T,TGT,F I,43,85.91
2025-11-24,9:49:16.051155019,T,TGT,F I,17,85.91
2025-11-24,9:49:16.102733667,T,TGT,F I,35,85.92
2025-11-24,9:49:16.477044442,T,TGT,I,12,85.91
2025-11-24,9:49:20.793215235,T,TGT,F I,18,85.92
2025-11-24,9:49:20.794108296,T,TGT,F I,63,85.92
2025-11-24,9:49:20.794153496,T,TGT,F I,19,85.92
2025-11-24,9:49:25.268178945,T,TGT,F I,21,85.92
2025-11-24,9:49:26.478048264,T,TGT,I,12,85.94
2025-11-24,9:49:27.108599729,T,TGT,F I,50,85.92
2025-11-24,9:49:27.108602438,T,TGT,F I,22,85.92
2025-11-24,9:49:27.108620458,T,TGT,F I,60,85.92
2025-11-24,9:49:30.093041403,T,TGT,F I,40,85.92
2025-11-24,9:49:37.173379088,T,TGT,F I,2,85.92
2025-11-24,9:49:39.963958250,T,TGT,F,100,85.86
2025-11-24,9:49:39.963958250,T,TGT,F,100,85.86
2025-11-24,9:49:40.028107039,T,TGT,F I,8,85.85
2025-11-24,9:49:40.048952705,T,TGT,F I,59,85.84
2025-11-24,9:49:40.048955797,T,TGT,F I,6,85.84
2025-11-24,9:49:40.049106148,T,TGT,I,94,85.84
2025-11-24,9:49:44.033255668,T,TGT,I,38,85.81
2025-11-24,9:49:45.747276159,T,TGT,F I,63,85.84
2025-11-24,9:49:45.747327184,T,TGT,F I,37,85.84
2025-11-24,9:49:51.414640520,T,TGT,,100,85.81
2025-11-24,9:49:51.414643688,T,TGT,I,1,85.8
2025-11-24,9:49:51.414643688,T,TGT,I,5,85.8
2025-11-24,9:49:51.414646551,T,TGT,I,82,85.8
2025-11-24,9:49:51.414659411,T,TGT,I,1,85.8
2025-11-24,9:49:51.414962346,T,TGT,I,17,85.8
2025-11-24,9:49:51.414965479,T,TGT,I,82,85.8
2025-11-24,9:49:51.414965479,T,TGT,I,1,85.8
2025-11-24,9:49:51.414998408,T,TGT,I,79,85.8
2025-11-24,9:49:51.415013447,T,TGT,F I,20,85.81
2025-11-24,9:49:51.415031470,T,TGT,F,100,85.82
2025-11-24,9:49:51.415031470,T,TGT,F I,19,85.82
2025-11-24,9:49:51.415049558,T,TGT,I,1,85.82
2025-11-24,9:49:51.415184886,T,TGT,F I,9,85.815
2025-11-24,9:49:51.415184886,T,TGT,F I,91,85.81
2025-11-24,9:49:51.415939668,T,TGT,I,20,85.8
2025-11-24,9:49:51.415939668,T,TGT,I,16,85.8
2025-11-24,9:49:51.416053915,T,TGT,I,4,85.8
2025-11-24,9:49:51.416114191,T,TGT,I,7,85.8
2025-11-24,9:49:53.380586099,T,TGT,F I,63,85.82
2025-11-24,9:49:54.049135757,T,TGT,F I,12,85.8
2025-11-24,9:49:54.049139283,T,TGT,F I,9,85.8
2025-11-24,9:49:54.663691845,T,TGT,F I,2,85.79
2025-11-24,9:49:54.663694841,T,TGT,F I,61,85.79
2025-11-24,9:49:54.663712824,T,TGT,F I,29,85.79
2025-11-24,9:49:54.663712824,T,TGT,F I,61,85.79
2025-11-24,9:49:54.663718981,T,TGT,I,29,85.79
2025-11-24,9:49:54.663733871,T,TGT,I,10,85.79
2025-11-24,9:49:54.664549136,T,TGT,F,100,85.78
2025-11-24,9:49:54.664551922,T,TGT,F,100,85.78
2025-11-24,9:49:55.745976153,T,TGT,,100,85.77
2025-11-24,9:49:55.745979197,T,TGT,,100,85.77
2025-11-24,9:49:58.167985157,T,TGT,F,100,85.77
2025-11-24,9:49:58.610991754,T,TGT,I,60,85.77
2025-11-24,9:49:58.610991754,T,TGT,I,18,85.77
2025-11-24,9:49:59.584287319,T,TGT,I,10,85.77
2025-11-24,9:50:00.156770153,T,TGT,F I,6,85.76
2025-11-24,9:50:00.571867018,T,TGT,F I,17,85.77
2025-11-24,9:50:01.464246003,T,TGT,F,100,85.77
2025-11-24,9:50:01.464246003,T,TGT,F I,64,85.76
2025-11-24,9:50:01.464248998,T,TGT,F,100,85.76
2025-11-24,9:50:01.464263964,T,TGT,I,1,85.76
2025-11-24,9:50:01.464294079,T,TGT,F I,99,85.76
2025-11-24,9:50:01.471012081,T,TGT,F I,5,85.75
2025-11-24,9:50:01.471138363,T,TGT,F I,9,85.76
2025-11-24,9:50:01.471430127,T,TGT,I,19,85.77
2025-11-24,9:50:01.471466291,T,TGT,F I,63,85.77
2025-11-24,9:50:01.471469319,T,TGT,I,18,85.77
2025-11-24,9:50:01.471472187,T,TGT,I,80,85.77
2025-11-24,9:50:03.081119872,T,TGT,F I,75,85.76
2025-11-24,9:50:03.081119872,T,TGT,F I,38,85.76
2025-11-24,9:50:03.081123120,T,TGT,F I,16,85.76
2025-11-24,9:50:03.081123120,T,TGT,F I,16,85.76
2025-11-24,9:50:03.081125981,T,TGT,F,100,85.76
2025-11-24,9:50:03.081147087,T,TGT,F I,33,85.75
2025-11-24,9:50:03.081150754,T,TGT,F I,1,85.75
2025-11-24,9:50:03.081150754,T,TGT,F,150,85.75
2025-11-24,9:50:03.081153009,T,TGT,F I,1,85.75
2025-11-24,9:50:06.485794985,T,TGT,I,13,85.74
2025-11-24,9:50:07.476324756,T,TGT,F I,63,85.72
2025-11-24,9:50:09.171881224,T,TGT,F I,1,85.71
2025-11-24,9:50:09.171884148,T,TGT,F,100,85.71
2025-11-24,9:50:09.172251034,T,TGT,F I,1,85.7
2025-11-24,9:50:10.905911302,T,TGT,F I,90,85.71
2025-11-24,9:50:13.460993402,T,TGT,F I,2,85.7
2025-11-24,9:50:13.461017484,T,TGT,I,2,85.7
2025-11-24,9:50:13.461531663,T,TGT,F I,1,85.69
2025-11-24,9:50:13.461534688,T,TGT,F I,36,85.69
2025-11-24,9:50:13.461555808,T,TGT,F I,57,85.68
2025-11-24,9:50:13.461585780,T,TGT,F I,3,85.68
2025-11-24,9:50:13.461913637,T,TGT,I,40,85.68
2025-11-24,9:50:13.468505345,T,TGT,I,39,85.68
2025-11-24,9:50:13.468508334,T,TGT,I,19,85.68
2025-11-24,9:50:16.868083374,T,TGT,F I,19,85.74
2025-11-24,9:50:16.868086453,T,TGT,F,100,85.74
2025-11-24,9:50:16.868089844,T,TGT,F I,41,85.74
2025-11-24,9:50:16.868089844,T,TGT,F I,59,85.74
2025-11-24,9:50:16.882433793,T,TGT,,100,85.75
2025-11-24,9:50:16.882433793,T,TGT,,100,85.75
2025-11-24,9:50:16.882436569,T,TGT,I,50,85.75
2025-11-24,9:50:16.883934427,T,TGT,F,100,85.745
2025-11-24,9:50:16.883934427,T,TGT,F,100,85.74
2025-11-24,9:50:16.883938038,T,TGT,F I,2,85.74
2025-11-24,9:50:16.883938038,T,TGT,F I,21,85.74
2025-11-24,9:50:16.883940185,T,TGT,F,100,85.74
2025-11-24,9:50:16.883943137,T,TGT,F,100,85.74
2025-11-24,9:50:16.883955498,T,TGT,I,1,85.74
2025-11-24,9:50:16.883970536,T,TGT,F I,9,85.74
2025-11-24,9:50:16.883970536,T,TGT,F I,50,85.74
2025-11-24,9:50:16.884189757,T,TGT,F,100,85.74
2025-11-24,9:50:16.884788315,T,TGT,F,100,85.73
2025-11-24,9:50:16.890240210,T,TGT,,100,85.73
2025-11-24,9:50:16.890240210,T,TGT,I,4,85.73
2025-11-24,9:50:16.892432483,T,TGT,I,60,85.74
2025-11-24,9:50:16.892459417,T,TGT,F I,40,85.745
2025-11-24,9:50:16.908620006,T,TGT,,100,85.78
2025-11-24,9:50:16.960502556,T,TGT,I,25,85.74
2025-11-24,9:50:18.703009912,T,TGT,F,100,85.74
2025-11-24,9:50:18.703009912,T,TGT,F,100,85.74
2025-11-24,9:50:18.703015894,T,TGT,F I,2,85.73
2025-11-24,9:50:18.703015894,T,TGT,F I,2,85.73
2025-11-24,9:50:21.715996665,T,TGT,F I,40,85.77
2025-11-24,9:50:21.715998884,T,TGT,F I,23,85.78
2025-11-24,9:50:21.716053023,T,TGT,F I,63,85.78
2025-11-24,9:50:21.791629030,T,TGT,I,22,85.77
2025-11-24,9:50:26.482883405,T,TGT,I,13,85.785
2025-11-24,9:50:26.482910425,T,TGT,I,5,85.785
2025-11-24,9:50:28.321454367,T,TGT,F I,1,85.79
2025-11-24,9:50:28.321454367,T,TGT,F I,3,85.79
2025-11-24,9:50:28.321454367,T,TGT,F I,1,85.79
2025-11-24,9:50:29.710270980,T,TGT,F I,12,85.83
2025-11-24,9:50:29.710472508,T,TGT,F I,23,85.83
2025-11-24,9:50:29.710475451,T,TGT,F I,13,85.83
2025-11-24,9:50:29.827048246,T,TGT,F I,35,85.85
2025-11-24,9:50:29.827096309,T,TGT,I,65,85.85
2025-11-24,9:50:29.827096309,T,TGT,I,52,85.85
2025-11-24,9:50:29.827544459,T,TGT,F I,4,85.86
2025-11-24,9:50:29.828882749,T,TGT,F I,4,85.86
2025-11-24,9:50:29.829950190,T,TGT,F I,4,85.86
2025-11-24,9:50:29.839248298,T,TGT,F I,4,85.85
2025-11-24,9:50:29.839612134,T,TGT,F I,4,85.85
2025-11-24,9:50:29.840625574,T,TGT,F I,4,85.85
2025-11-24,9:50:29.841109690,T,TGT,F I,4,85.85
2025-11-24,9:50:29.841527699,T,TGT,F I,4,85.85
2025-11-24,9:50:33.923825004,T,TGT,F I,41,85.82
2025-11-24,9:50:33.926116561,T,TGT,I,63,85.83
2025-11-24,9:50:33.926170591,T,TGT,F I,63,85.83
2025-11-24,9:50:33.926203662,T,TGT,F I,54,85.83
2025-11-24,9:50:36.086517325,T,TGT,I,1,85.83
2025-11-24,9:50:38.750717331,T,TGT,F,100,85.8
2025-11-24,9:50:38.750720361,T,TGT,F,100,85.8
2025-11-24,9:50:39.776409814,T,TGT,F,100,85.78
2025-11-24,9:50:46.490941052,T,TGT,I,13,85.78
2025-11-24,9:50:49.550546943,T,TGT,I,5,85.79
2025-11-24,9:50:49.550564975,T,TGT,F I,54,85.79
2025-11-24,9:51:01.214256565,T,TGT,F I,58,85.79
2025-11-24,9:51:01.214359051,T,TGT,F I,42,85.79
2025-11-24,9:51:01.214364860,T,TGT,F,100,85.78
2025-11-24,9:51:01.214364860,T,TGT,F I,1,85.78
2025-11-24,9:51:01.214368209,T,TGT,F I,10,85.78
2025-11-24,9:51:01.214368209,T,TGT,F,100,85.78
2025-11-24,9:51:01.214373924,T,TGT,F I,58,85.78
2025-11-24,9:51:01.214373924,T,TGT,F I,42,85.78
2025-11-24,9:51:01.215318074,T,TGT,,100,85.77
2025-11-24,9:51:01.215318074,T,TGT,,100,85.77
2025-11-24,9:51:01.216373643,T,TGT,,100,85.77
2025-11-24,9:51:01.216382688,T,TGT,I,14,85.77
2025-11-24,9:51:01.216388632,T,TGT,I,86,85.77
2025-11-24,9:51:01.495567769,T,TGT,I,82,85.77
2025-11-24,9:51:01.495570916,T,TGT,I,31,85.78
2025-11-24,9:51:01.495570916,T,TGT,I,16,85.78
2025-11-24,9:51:01.495574858,T,TGT,,100,85.78
2025-11-24,9:51:01.495574858,T,TGT,,127,85.78
2025-11-24,9:51:01.495577261,T,TGT,,100,85.78
2025-11-24,9:51:01.495577261,T,TGT,I,44,85.78
2025-11-24,9:51:01.495606898,T,TGT,I,56,85.78
2025-11-24,9:51:04.064618031,T,TGT,F I,21,85.84
2025-11-24,9:51:04.064621005,T,TGT,F I,79,85.84
2025-11-24,9:51:04.064903778,T,TGT,F I,21,85.84
2025-11-24,9:51:04.064903778,T,TGT,F I,78,85.84
2025-11-24,9:51:04.079055977,T,TGT,F I,31,85.83
2025-11-24,9:51:15.833061385,T,TGT,I,16,85.84
2025-11-24,9:51:15.955867938,T,TGT,F I,19,85.85
2025-11-24,9:51:15.955871008,T,TGT,F I,39,85.85
2025-11-24,9:51:15.955874043,T,TGT,F I,10,85.85
2025-11-24,9:51:16.354362382,T,TGT,F I,63,85.86
2025-11-24,9:51:16.354416416,T,TGT,F I,42,85.86
2025-11-24,9:51:16.379962367,T,TGT,F I,4,85.83
2025-11-24,9:51:16.379977449,T,TGT,F I,96,85.83
2025-11-24,9:51:16.379977449,T,TGT,F I,20,85.83
2025-11-24,9:51:16.379980940,T,TGT,F I,63,85.83
2025-11-24,9:51:16.379989412,T,TGT,F I,37,85.83
2025-11-24,9:51:18.537578457,T,TGT,I,12,85.83
2025-11-24,9:51:21.622522956,T,TGT,F I,80,85.8
2025-11-24,9:51:21.622540981,T,TGT,I,1,85.8
2025-11-24,9:51:21.622559037,T,TGT,F I,99,85.8
2025-11-24,9:51:21.626032296,T,TGT,I,12,85.8
2025-11-24,9:51:21.639844133,T,TGT,F I,9,85.8
2025-11-24,9:51:31.260005741,T,TGT,F I,20,85.85
2025-11-24,9:51:34.189347357,T,TGT,F I,13,85.86
2025-11-24,9:51:35.688271280,T,TGT,F I,28,85.85
2025-11-24,9:51:40.232009015,T,TGT,F,100,85.83
2025-11-24,9:51:40.232012093,T,TGT,F I,1,85.83
2025-11-24,9:51:40.232012093,T,TGT,F,100,85.83
2025-11-24,9:51:40.232093740,T,TGT,F I,50,85.82
2025-11-24,9:51:40.232093740,T,TGT,F I,14,85.82
2025-11-24,9:51:40.252415664,T,TGT,F I,1,85.83
2025-11-24,9:51:43.274579407,T,TGT,F I,11,85.84
2025-11-24,9:51:43.613465803,T,TGT,F I,12,85.84
2025-11-24,9:51:44.788479688,T,TGT,F I,29,85.85
2025-11-24,9:51:44.788482437,T,TGT,F I,29,85.85
2025-11-24,9:51:44.788485079,T,TGT,F,100,85.85
2025-11-24,9:51:44.798962085,T,TGT,I,4,85.87
2025-11-24,9:51:44.799034158,T,TGT,I,2,85.88
2025-11-24,9:51:44.800131847,T,TGT,F I,7,85.86
2025-11-24,9:51:44.800402436,T,TGT,F I,10,85.86
2025-11-24,9:51:44.800528877,T,TGT,F I,7,85.86
2025-11-24,9:51:44.800528877,T,TGT,F I,2,85.86
2025-11-24,9:51:44.803698346,T,TGT,I,10,85.86
2025-11-24,9:51:44.815651859,T,TGT,F I,2,85.88
2025-11-24,9:51:44.823443380,T,TGT,F I,3,85.89
2025-11-24,9:51:52.983864229,T,TGT,F I,24,85.9
2025-11-24,9:51:52.983864229,T,TGT,F I,12,85.9
2025-11-24,9:51:52.984294592,T,TGT,I,10,85.9
2025-11-24,9:51:52.985256560,T,TGT,F I,91,85.89
2025-11-24,9:51:52.985262520,T,TGT,F I,9,85.89
2025-11-24,9:51:52.985265726,T,TGT,F I,27,85.89
2025-11-24,9:51:52.985268526,T,TGT,F,100,85.89
2025-11-24,9:51:53.030944386,T,TGT,F I,4,85.89
2025-11-24,9:51:53.515001524,T,TGT,F I,8,85.89
2025-11-24,9:51:53.515004571,T,TGT,F I,69,85.89
2025-11-24,9:51:53.515026092,T,TGT,I,1,85.89
2025-11-24,9:51:53.870475391,T,TGT,I,8,85.89
2025-11-24,9:51:53.870478468,T,TGT,I,9,85.89
2025-11-24,9:51:53.870520547,T,TGT,F I,11,85.89
2025-11-24,9:51:53.870541548,T,TGT,I,1,85.89
2025-11-24,9:51:58.955325305,T,TGT,I,40,85.91
2025-11-24,9:51:58.955328289,T,TGT,,100,85.91
2025-11-24,9:52:00.651257588,T,TGT,F I,10,85.93
2025-11-24,9:52:01.825819763,T,TGT,F I,10,85.94
2025-11-24,9:52:06.928592248,T,TGT,F I,39,85.96
2025-11-24,9:52:06.928998237,T,TGT,I,16,85.95
2025-11-24,9:52:06.929082402,T,TGT,I,28,85.95
2025-11-24,9:52:06.929100504,T,TGT,I,39,85.955
2025-11-24,9:52:06.929220729,T,TGT,F I,1,85.94
2025-11-24,9:52:06.929365070,T,TGT,I,27,85.95
2025-11-24,9:52:06.929368166,T,TGT,I,7,85.96
2025-11-24,9:52:06.929488454,T,TGT,I,22,85.94
2025-11-24,9:52:06.931581343,T,TGT,F I,11,85.93
2025-11-24,9:52:06.931584614,T,TGT,F I,23,85.93
2025-11-24,9:52:06.931584614,T,TGT,F I,7,85.93
2025-11-24,9:52:07.706912607,T,TGT,F I,22,85.92
2025-11-24,9:52:07.706912607,T,TGT,F I,11,85.92
2025-11-24,9:52:07.706915634,T,TGT,F I,23,85.92
2025-11-24,9:52:07.706915634,T,TGT,F I,1,85.92
2025-11-24,9:52:11.632458535,T,TGT,F I,1,85.9
2025-11-24,9:52:11.632473566,T,TGT,I,1,85.9
2025-11-24,9:52:11.634193657,T,TGT,I,98,85.88
2025-11-24,9:52:11.634217743,T,TGT,I,1,85.88
2025-11-24,9:52:15.640650296,T,TGT,F I,2,85.9
2025-11-24,9:52:15.640668344,T,TGT,F I,46,85.9
2025-11-24,9:52:15.640668344,T,TGT,F I,25,85.9
2025-11-24,9:52:15.640710528,T,TGT,I,50,85.91
2025-11-24,9:52:15.641829154,T,TGT,F I,22,85.9
2025-11-24,9:52:15.641832121,T,TGT,F I,26,85.9
2025-11-24,9:52:16.055657035,T,TGT,F,100,85.89
2025-11-24,9:52:16.525854451,T,TGT,F,200,85.85
2025-11-24,9:52:16.525854451,T,TGT,F,1000,85.85
2025-11-24,9:52:16.526160930,T,TGT,F I,97,85.86
2025-11-24,9:52:16.526166957,T,TGT,F I,3,85.86
2025-11-24,9:52:16.526170275,T,TGT,F I,94,85.86
2025-11-24,9:52:16.526173177,T,TGT,F I,6,85.86
2025-11-24,9:52:16.526175919,T,TGT,F I,26,85.86
2025-11-24,9:52:16.526181910,T,TGT,I,1,85.86
2025-11-24,9:52:16.526194017,T,TGT,I,39,85.86
2025-11-24,9:52:16.526230165,T,TGT,F I,97,85.86
2025-11-24,9:52:16.526251068,T,TGT,I,1,85.86
2025-11-24,9:52:16.526377389,T,TGT,I,2,85.86
2025-11-24,9:52:16.526380361,T,TGT,I,98,85.86
2025-11-24,9:52:16.526398511,T,TGT,I,2,85.86
2025-11-24,9:52:16.526473613,T,TGT,,100,85.86
2025-11-24,9:52:18.321504018,T,TGT,F I,30,85.87
2025-11-24,9:52:18.321504018,T,TGT,F I,22,85.87
2025-11-24,9:52:19.215326451,T,TGT,F I,63,85.86
2025-11-24,9:52:31.342629715,T,TGT,I,5,85.91
2025-11-24,9:52:31.342632655,T,TGT,I,80,85.91
2025-11-24,9:52:31.342650782,T,TGT,I,15,85.92
2025-11-24,9:52:34.146903450,T,TGT,F I,63,85.94
2025-11-24,9:52:36.510483315,T,TGT,I,13,85.955
2025-11-24,9:52:43.705312788,T,TGT,F I,10,85.96
2025-11-24,9:52:43.705327809,T,TGT,F I,50,85.96
2025-11-24,9:52:46.510503622,T,TGT,I,12,85.97
2025-11-24,9:52:53.868766481,T,TGT,I,30,85.95
2025-11-24,9:52:53.868769796,T,TGT,I,22,85.95
2025-11-24,9:52:53.870207154,T,TGT,F I,1,85.94
2025-11-24,9:52:53.870207154,T,TGT,F I,48,85.94
2025-11-24,9:52:53.870228020,T,TGT,I,34,85.94
2025-11-24,9:52:53.873141891,T,TGT,I,18,85.94
2025-11-24,9:52:53.873232114,T,TGT,I,21,85.94
2025-11-24,9:52:56.512926849,T,TGT,I,12,85.94
2025-11-24,9:52:59.238136070,T,TGT,I,20,85.93
2025-11-24,9:52:59.251238284,T,TGT,F I,63,85.94
2025-11-24,9:52:59.251274347,T,TGT,I,20,85.94
2025-11-24,9:52:59.251286462,T,TGT,F I,17,85.94
2025-11-24,9:53:04.946157573,T,TGT,F I,40,85.94
2025-11-24,9:53:06.514321420,T,TGT,I,13,85.94
2025-11-24,9:53:13.113846658,T,TGT,I,42,85.94
2025-11-24,9:53:13.877828862,T,TGT,I,21,85.96
2025-11-24,9:53:13.877828862,T,TGT,I,12,85.96
2025-11-24,9:53:13.877831783,T,TGT,I,41,85.96
2025-11-24,9:53:13.877849854,T,TGT,I,28,85.96
2025-11-24,9:53:13.878249783,T,TGT,I,8,85.98
2025-11-24,9:53:13.878249783,T,TGT,I,25,85.98
2025-11-24,9:53:16.516134059,T,TGT,I,12,85.96
2025-11-24,9:53:18.875567327,T,TGT,I,6,85.94
2025-11-24,9:53:18.875573042,T,TGT,,400,85.94
2025-11-24,9:53:18.875576117,T,TGT,I,1,85.94
2025-11-24,9:53:18.875576117,T,TGT,I,1,85.94
2025-11-24,9:53:18.875579101,T,TGT,,100,85.94
2025-11-24,9:53:18.875585083,T,TGT,F,100,85.94
2025-11-24,9:53:18.876887198,T,TGT,F I,20,85.92
2025-11-24,9:53:18.876890224,T,TGT,F,100,85.92
2025-11-24,9:53:18.883809667,T,TGT,,100,85.91
2025-11-24,9:53:18.889448129,T,TGT,I,63,85.885
2025-11-24,9:53:18.889487269,T,TGT,I,37,85.885
2025-11-24,9:53:22.310524503,T,TGT,F I,2,85.85
2025-11-24,9:53:32.981731640,T,TGT,I,63,85.835
2025-11-24,9:53:33.460342853,T,TGT,F I,63,85.86
2025-11-24,9:53:33.465265668,T,TGT,F I,18,85.87
2025-11-24,9:53:33.465269393,T,TGT,F I,56,85.87
2025-11-24,9:53:43.401913205,T,TGT,,100,85.955
2025-11-24,9:53:43.401934247,T,TGT,I,63,85.955
2025-11-24,9:53:43.401976298,T,TGT,,161,85.955
2025-11-24,9:53:43.401976298,T,TGT,I,40,85.96
2025-11-24,9:53:43.401979358,T,TGT,I,50,85.96
2025-11-24,9:53:58.080713942,T,TGT,I,35,85.97
2025-11-24,9:53:58.140631810,T,TGT,F,100,85.95
2025-11-24,9:53:58.140634633,T,TGT,F I,16,85.95
2025-11-24,9:53:58.161492311,T,TGT,I,16,85.95
2025-11-24,9:54:07.815691951,T,TGT,I,5,85.95
2025-11-24,9:54:10.304835796,T,TGT,F I,5,85.96
2025-11-24,9:54:10.304838946,T,TGT,F,133,85.97
2025-11-24,9:54:10.304841873,T,TGT,F I,5,85.97
2025-11-24,9:54:10.549170898,T,TGT,I,1,85.97
2025-11-24,9:54:12.001859770,T,TGT,I,63,85.965
2025-11-24,9:54:12.001868761,T,TGT,I,37,85.965
2025-11-24,9:54:12.486539359,T,TGT,F I,1,85.95
2025-11-24,9:54:12.486542387,T,TGT,F,116,85.95
2025-11-24,9:54:12.486560435,T,TGT,F I,84,85.95
2025-11-24,9:54:12.488427949,T,TGT,F,100,85.93
2025-11-24,9:54:12.488662465,T,TGT,F I,46,85.92
2025-11-24,9:54:12.488662465,T,TGT,F I,46,85.92
2025-11-24,9:54:13.558019031,T,TGT,F I,15,85.9
2025-11-24,9:54:31.808007559,T,TGT,,100,85.88
2025-11-24,9:54:31.808010625,T,TGT,I,26,85.88
2025-11-24,9:54:41.842183260,T,TGT,,100,85.9
2025-11-24,9:54:41.842186228,T,TGT,I,60,85.9
2025-11-24,9:54:41.842186228,T,TGT,I,5,85.9
2025-11-24,9:54:41.842887247,T,TGT,F I,36,85.92
2025-11-24,9:54:41.842887247,T,TGT,F I,81,85.92
2025-11-24,9:54:41.842923405,T,TGT,F I,19,85.92
2025-11-24,9:54:41.842923405,T,TGT,F,100,85.92
2025-11-24,9:54:41.856416164,T,TGT,,100,85.915
2025-11-24,9:54:42.046971068,T,TGT,I,13,85.91
2025-11-24,9:54:43.376236823,T,TGT,F I,63,85.91
2025-11-24,9:54:48.087109675,T,TGT,,100,85.94
2025-11-24,9:54:48.180803888,T,TGT,I,99,85.96
2025-11-24,9:54:48.180948210,T,TGT,I,60,85.95
2025-11-24,9:54:48.180957245,T,TGT,I,40,85.95
2025-11-24,9:54:50.824684947,T,TGT,F I,13,85.96
2025-11-24,9:54:50.824684947,T,TGT,F I,40,85.96
2025-11-24,9:54:50.824687473,T,TGT,F I,40,85.95
2025-11-24,9:54:51.957155665,T,TGT,F I,62,85.95
2025-11-24,9:54:51.957158535,T,TGT,F I,15,85.94
2025-11-24,9:54:51.957158535,T,TGT,F I,71,85.94
2025-11-24,9:54:51.957173407,T,TGT,I,1,85.94
2025-11-24,9:54:51.957396476,T,TGT,I,15,85.96
2025-11-24,9:54:51.957396476,T,TGT,I,30,85.96
2025-11-24,9:54:51.957399356,T,TGT,I,60,85.96
2025-11-24,9:54:51.957417019,T,TGT,I,1,85.96
2025-11-24,9:54:51.957450037,T,TGT,I,14,85.96
2025-11-24,9:54:51.957789883,T,TGT,I,75,85.96
2025-11-24,9:54:51.957877897,T,TGT,I,25,85.96
2025-11-24,9:54:51.957880254,T,TGT,I,30,85.96
2025-11-24,9:54:51.957883072,T,TGT,I,15,85.96
2025-11-24,9:54:51.957910233,T,TGT,I,30,85.96
2025-11-24,9:54:51.958713046,T,TGT,F I,11,85.96
2025-11-24,9:54:52.760549360,T,TGT,I,41,85.97
2025-11-24,9:54:53.688400829,T,TGT,F,100,85.98
2025-11-24,9:54:53.688403855,T,TGT,,100,85.98
2025-11-24,9:54:53.688403855,T,TGT,F I,1,85.98
2025-11-24,9:54:53.689212662,T,TGT,F,100,85.97
2025-11-24,9:54:53.689216241,T,TGT,F I,30,85.97
2025-11-24,9:54:53.689281895,T,TGT,,100,85.98
2025-11-24,9:54:53.689287910,T,TGT,I,30,85.98
2025-11-24,9:54:53.689287910,T,TGT,I,30,85.98
2025-11-24,9:54:53.689513545,T,TGT,I,16,85.98
2025-11-24,9:54:53.690030624,T,TGT,I,12,85.99
2025-11-24,9:54:53.690030624,T,TGT,I,24,85.99
2025-11-24,9:54:53.690242102,T,TGT,F I,16,85.98
2025-11-24,9:54:53.690244218,T,TGT,F I,32,85.97
2025-11-24,9:54:53.690316305,T,TGT,,100,85.99
2025-11-24,9:54:53.690316305,T,TGT,I,15,85.99
2025-11-24,9:54:53.691125318,T,TGT,F I,22,85.98
2025-11-24,9:54:53.692107028,T,TGT,F I,12,85.98
2025-11-24,9:54:53.692107028,T,TGT,F I,68,85.98
2025-11-24,9:54:53.692111633,T,TGT,F I,7,85.98
2025-11-24,9:54:53.692111633,T,TGT,F I,30,85.97
2025-11-24,9:54:53.692132738,T,TGT,F I,70,85.97
2025-11-24,9:54:53.692132738,T,TGT,F I,24,85.97
2025-11-24,9:54:53.692135718,T,TGT,F I,12,85.97
2025-11-24,9:54:53.692135718,T,TGT,F I,2,85.97
2025-11-24,9:54:53.692141669,T,TGT,F I,2,85.97
2025-11-24,9:54:53.692141669,T,TGT,F I,4,85.97
2025-11-24,9:54:53.693025823,T,TGT,F I,33,85.96
2025-11-24,9:54:55.070006169,T,TGT,F I,27,85.96
2025-11-24,9:54:55.070180600,T,TGT,F I,2,85.95
2025-11-24,9:54:55.070183703,T,TGT,F I,25,85.95
2025-11-24,9:54:58.552311289,T,TGT,F I,7,85.94
2025-11-24,9:55:08.994670556,T,TGT,F,300,85.9
2025-11-24,9:55:08.994676548,T,TGT,F,100,85.9
2025-11-24,9:55:08.995010741,T,TGT,F,100,85.88
2025-11-24,9:55:08.995010741,T,TGT,F I,17,85.88
2025-11-24,9:55:08.995010741,T,TGT,F I,26,85.88
2025-11-24,9:55:08.995088702,T,TGT,F,100,85.87
2025-11-24,9:55:08.995091546,T,TGT,F I,14,85.87
2025-11-24,9:55:20.667735803,T,TGT,F,100,85.82
2025-11-24,9:55:20.667735803,T,TGT,F I,1,85.82
2025-11-24,9:55:20.668234750,T,TGT,I,16,85.82
2025-11-24,9:55:20.687784516,T,TGT,I,1,85.81
2025-11-24,9:55:20.687943802,T,TGT,I,56,85.82
2025-11-24,9:55:20.688015973,T,TGT,,100,85.815
2025-11-24,9:55:20.689321351,T,TGT,I,1,85.82
2025-11-24,9:55:20.689321351,T,TGT,I,99,85.83
2025-11-24,9:55:20.689354074,T,TGT,F I,1,85.83
2025-11-24,9:55:20.689357098,T,TGT,F I,27,85.83
2025-11-24,9:55:22.257771207,T,TGT,F,100,85.84
2025-11-24,9:55:22.257774130,T,TGT,F I,1,85.84
2025-11-24,9:55:22.257774130,T,TGT,F I,25,85.84
2025-11-24,9:55:22.257776601,T,TGT,F,101,85.84
2025-11-24,9:55:22.257785613,T,TGT,F I,74,85.84
2025-11-24,9:55:22.505347426,T,TGT,F I,36,85.85
2025-11-24,9:55:22.505753405,T,TGT,F I,64,85.85
2025-11-24,9:55:22.505756372,T,TGT,F,100,85.85
2025-11-24,9:55:22.505777476,T,TGT,I,1,85.85
2025-11-24,9:55:22.966270527,T,TGT,I,99,85.85
2025-11-24,9:55:23.515267382,T,TGT,F I,92,85.88
2025-11-24,9:55:23.515270642,T,TGT,F,100,85.88
2025-11-24,9:55:23.515294726,T,TGT,I,1,85.88
2025-11-24,9:55:23.515322095,T,TGT,F I,63,85.88
2025-11-24,9:55:24.543900985,T,TGT,F I,27,85.87
2025-11-24,9:55:24.543903966,T,TGT,F I,18,85.87
2025-11-24,9:55:24.544255729,T,TGT,,100,85.86
2025-11-24,9:55:24.544327942,T,TGT,F,200,85.85
2025-11-24,9:55:24.941063133,T,TGT,F,100,85.82
2025-11-24,9:55:24.941063133,T,TGT,F I,1,85.82
2025-11-24,9:55:25.129080102,T,TGT,,100,85.78
2025-11-24,9:55:25.132547580,T,TGT,I,11,85.75
2025-11-24,9:55:25.132550459,T,TGT,I,14,85.75
2025-11-24,9:55:25.132550459,T,TGT,I,30,85.75
2025-11-24,9:55:25.178535846,T,TGT,I,10,85.74
2025-11-24,9:55:25.961426970,T,TGT,F,100,85.75
2025-11-24,9:55:28.844885341,T,TGT,I,1,85.73
2025-11-24,9:55:28.844936384,T,TGT,I,10,85.72
2025-11-24,9:55:28.847597903,T,TGT,F I,1,85.71
2025-11-24,9:55:28.848382606,T,TGT,F I,1,85.69
2025-11-24,9:55:28.883163511,T,TGT,I,2,85.67
2025-11-24,9:55:28.909419041,T,TGT,I,5,85.66
2025-11-24,9:55:28.944825342,T,TGT,F I,80,85.68
2025-11-24,9:55:28.944825342,T,TGT,F I,26,85.69
2025-11-24,9:55:28.944828415,T,TGT,F I,20,85.69
2025-11-24,9:55:28.945767065,T,TGT,F I,80,85.69
2025-11-24,9:55:28.946244753,T,TGT,I,16,85.67
2025-11-24,9:55:28.947399570,T,TGT,F I,34,85.68
2025-11-24,9:55:28.957864408,T,TGT,F I,50,85.68
2025-11-24,9:55:29.034020985,T,TGT,F I,16,85.68
2025-11-24,9:55:29.034020985,T,TGT,F I,34,85.68
2025-11-24,9:55:29.708500715,T,TGT,,100,85.7
2025-11-24,9:55:33.403532549,T,TGT,,100,85.7
2025-11-24,9:55:33.403532549,T,TGT,I,74,85.7
2025-11-24,9:55:33.403535576,T,TGT,I,19,85.7
2025-11-24,9:55:33.403547568,T,TGT,I,1,85.7
2025-11-24,9:55:33.403568835,T,TGT,,100,85.68
2025-11-24,9:55:33.403571600,T,TGT,I,16,85.68
2025-11-24,9:55:33.403571600,T,TGT,I,10,85.68
2025-11-24,9:55:33.403578044,T,TGT,I,80,85.7
2025-11-24,9:55:33.403589724,T,TGT,I,1,85.68
2025-11-24,9:55:33.403595650,T,TGT,I,23,85.68
2025-11-24,9:55:33.403595650,T,TGT,I,1,85.68
2025-11-24,9:55:33.403601648,T,TGT,F I,1,85.7
2025-11-24,9:55:33.403806176,T,TGT,F I,99,85.7
2025-11-24,9:55:33.403809199,T,TGT,F I,1,85.7
2025-11-24,9:55:33.403815579,T,TGT,F I,23,85.7
2025-11-24,9:55:33.403815579,T,TGT,F I,10,85.7
2025-11-24,9:55:33.403818273,T,TGT,F I,16,85.7
2025-11-24,9:55:33.403908484,T,TGT,I,47,85.69
2025-11-24,9:55:33.403944527,T,TGT,F I,12,85.7
2025-11-24,9:55:41.565438921,T,TGT,I,75,85.715
2025-11-24,9:55:41.565502041,T,TGT,I,25,85.715
2025-11-24,9:55:46.507457869,T,TGT,F,100,85.69
2025-11-24,9:55:46.507463401,T,TGT,F I,26,85.69
2025-11-24,9:55:46.507463401,T,TGT,F I,46,85.69
2025-11-24,9:55:46.507463401,T,TGT,F I,46,85.69
2025-11-24,9:55:46.507466437,T,TGT,F,100,85.69
2025-11-24,9:55:46.514780316,T,TGT,I,70,85.68
2025-11-24,9:55:47.894568967,T,TGT,F,100,85.69
2025-11-24,9:55:47.894572045,T,TGT,F,100,85.69
2025-11-24,9:55:47.894575046,T,TGT,F I,47,85.69
2025-11-24,9:55:47.894575046,T,TGT,F I,10,85.69
2025-11-24,9:55:54.113706054,T,TGT,I,70,85.7
2025-11-24,9:56:00.139467370,T,TGT,I,25,85.68
2025-11-24,9:56:01.413804384,T,TGT,F,100,85.68
2025-11-24,9:56:04.303848911,T,TGT,F I,25,85.67
2025-11-24,9:56:04.303851374,T,TGT,F I,43,85.66
2025-11-24,9:56:04.555857858,T,TGT,F,100,85.65
2025-11-24,9:56:04.555860718,T,TGT,F,198,85.65
2025-11-24,9:56:04.555875949,T,TGT,F I,2,85.65
2025-11-24,9:56:04.555875949,T,TGT,F I,1,85.65
2025-11-24,9:56:04.557428048,T,TGT,F I,52,85.61
2025-11-24,9:56:04.557428048,T,TGT,F I,14,85.61
2025-11-24,9:56:04.557431295,T,TGT,F I,1,85.61
2025-11-24,9:56:04.557725166,T,TGT,F I,2,85.6
2025-11-24,9:56:10.073483584,T,TGT,F,100,85.69
2025-11-24,9:56:10.182165534,T,TGT,F I,63,85.7
2025-11-24,9:56:10.182201602,T,TGT,I,37,85.7
2025-11-24,9:56:11.062317336,T,TGT,F I,63,85.72
2025-11-24,9:56:11.198656109,T,TGT,F I,14,85.74
2025-11-24,9:56:11.198656109,T,TGT,F I,86,85.74
2025-11-24,9:56:11.198803638,T,TGT,F I,14,85.74
2025-11-24,9:56:11.198803638,T,TGT,F,100,85.74
2025-11-24,9:56:11.399964763,T,TGT,F I,13,85.75
2025-11-24,9:56:11.399991783,T,TGT,I,35,85.75
2025-11-24,9:56:11.400000810,T,TGT,F I,2,85.75
2025-11-24,9:56:11.400045906,T,TGT,F I,2,85.75
2025-11-24,9:56:11.400061079,T,TGT,F I,28,85.75
2025-11-24,9:56:11.401711875,T,TGT,I,22,85.74
2025-11-24,9:56:11.402018600,T,TGT,F I,63,85.74
2025-11-24,9:56:11.406604514,T,TGT,F,100,85.73
2025-11-24,9:56:11.406607511,T,TGT,F,100,85.73
2025-11-24,9:56:11.406977381,T,TGT,F,100,85.73
2025-11-24,9:56:11.407969740,T,TGT,I,2,85.72
2025-11-24,9:56:11.411046173,T,TGT,I,23,85.72
2025-11-24,9:56:11.887537302,T,TGT,F I,3,85.73
2025-11-24,9:56:11.887585382,T,TGT,F I,2,85.73
2025-11-24,9:56:11.887591449,T,TGT,F I,6,85.73
2025-11-24,9:56:11.887852974,T,TGT,I,75,85.72
2025-11-24,9:56:13.479138958,T,TGT,F,100,85.7
2025-11-24,9:56:13.479138958,T,TGT,F I,3,85.69
2025-11-24,9:56:13.479142046,T,TGT,F I,1,85.69
2025-11-24,9:56:13.479160122,T,TGT,F I,99,85.69
2025-11-24,9:56:13.479160122,T,TGT,F I,1,85.69
2025-11-24,9:56:13.480122402,T,TGT,I,2,85.69
2025-11-24,9:56:18.770851587,T,TGT,F I,63,85.72
2025-11-24,9:56:18.770899762,T,TGT,F I,37,85.72
2025-11-24,9:56:20.452644234,T,TGT,F I,63,85.72
2025-11-24,9:56:20.452683298,T,TGT,I,37,85.72
2025-11-24,9:56:21.258425860,T,TGT,F,100,85.72
2025-11-24,9:56:21.372009492,T,TGT,F I,4,85.76
2025-11-24,9:56:21.372048560,T,TGT,,100,85.76
2025-11-24,9:56:21.372063671,T,TGT,,100,85.76
2025-11-24,9:56:21.372066719,T,TGT,I,75,85.76
2025-11-24,9:56:21.372070335,T,TGT,I,30,85.76
2025-11-24,9:56:21.372070335,T,TGT,,125,85.76
2025-11-24,9:56:21.372073903,T,TGT,,100,85.77
2025-11-24,9:56:21.372081670,T,TGT,F I,4,85.75
2025-11-24,9:56:21.372367370,T,TGT,F I,50,85.76
2025-11-24,9:56:21.372388449,T,TGT,F I,50,85.76
2025-11-24,9:56:21.372956724,T,TGT,F I,50,85.75
2025-11-24,9:56:21.373660407,T,TGT,I,50,85.75
2025-11-24,9:56:21.373660407,T,TGT,,100,85.75
2025-11-24,9:56:21.374184111,T,TGT,F,100,85.75
2025-11-24,9:56:21.374184111,T,TGT,F I,13,85.75
2025-11-24,9:56:21.374189709,T,TGT,F I,33,85.75
2025-11-24,9:56:21.374189709,T,TGT,F I,93,85.75
2025-11-24,9:56:21.374192832,T,TGT,F I,54,85.75
2025-11-24,9:56:21.374192832,T,TGT,F I,72,85.75
2025-11-24,9:56:21.374195674,T,TGT,F,258,85.75
2025-11-24,9:56:21.374195674,T,TGT,F,735,85.75
2025-11-24,9:56:22.376670083,T,TGT,F I,60,85.76
2025-11-24,9:56:22.376672962,T,TGT,F,100,85.76
2025-11-24,9:56:22.716732038,T,TGT,F,100,85.75
2025-11-24,9:56:22.716732038,T,TGT,F,100,85.75
