DATE,TIME_M,EX,SYM_ROOT,TR_SCOND,SIZE,PRICE
2025-10-03,9:30:01.325103358,T,TGT,I,1,89.9
2025-10-03,9:30:01.325118371,T,TGT,Q,1,89.9
2025-10-03,9:30:01.325524271,T,TGT,I,1,89.89
2025-10-03,9:30:01.355205081,T,TGT,I,13,89.89
2025-10-03,9:30:01.355349326,T,TGT,I,50,89.88
2025-10-03,9:30:02.559084136,T,TGT,I,10,89.89
2025-10-03,9:30:10.054859288,T,TGT,F I,21,90.0
2025-10-03,9:30:10.054862280,T,TGT,F I,49,90.0
2025-10-03,9:30:10.054865898,T,TGT,F I,21,90.0
2025-10-03,9:30:10.054868311,T,TGT,F,279,90.0
2025-10-03,9:30:10.054919764,T,TGT,F,190,90.0
2025-10-03,9:30:10.054922398,T,TGT,F I,76,90.0
2025-10-03,9:30:10.054925485,T,TGT,F I,7,90.0
2025-10-03,9:30:10.054928470,T,TGT,F I,1,90.0
2025-10-03,9:30:10.055289372,T,TGT,,100,90.0
2025-10-03,9:30:10.055547986,T,TGT,F,100,90.02
2025-10-03,9:30:10.055578002,T,TGT,F,125,90.03
2025-10-03,9:30:10.055608441,T,TGT,F I,43,90.03
2025-10-03,9:30:10.055611142,T,TGT,F I,7,90.03
2025-10-03,9:30:10.055611142,T,TGT,F I,12,90.03
2025-10-03,9:30:10.055906090,T,TGT,F I,50,90.05
2025-10-03,9:30:10.055906090,T,TGT,F I,1,90.05
2025-10-03,9:30:10.055908783,T,TGT,F,100,90.05
2025-10-03,9:30:10.055911844,T,TGT,F,100,90.05
2025-10-03,9:30:10.056185405,T,TGT,F I,6,90.06
2025-10-03,9:30:10.056185405,T,TGT,F,100,90.06
2025-10-03,9:30:10.125482552,T,TGT,F I,26,90.07
2025-10-03,9:30:10.193928658,T,TGT,F I,26,90.07
2025-10-03,9:30:10.257632409,T,TGT,F I,26,90.08
2025-10-03,9:30:10.330210244,T,TGT,F,100,90.07
2025-10-03,9:30:10.330213291,T,TGT,F,100,90.08
2025-10-03,9:30:10.330222281,T,TGT,F I,26,90.08
2025-10-03,9:30:10.391315909,T,TGT,F I,1,90.09
2025-10-03,9:30:10.457164211,T,TGT,,100,90.08
2025-10-03,9:30:10.457164211,T,TGT,I,1,90.1
2025-10-03,9:30:10.457166887,T,TGT,,100,90.1
2025-10-03,9:30:10.639936173,T,TGT,,100,90.1
2025-10-03,9:30:10.639939163,T,TGT,I,74,90.11
2025-10-03,9:30:10.727961958,T,TGT,I,13,90.02
2025-10-03,9:30:10.730707398,T,TGT,I,5,90.0
2025-10-03,9:30:11.846329429,T,TGT,I,39,89.98
2025-10-03,9:30:14.810022171,T,TGT,,100,90.01
2025-10-03,9:30:19.711648830,T,TGT,,131,89.97
2025-10-03,9:30:30.746483743,T,TGT,I,24,89.95
2025-10-03,9:30:30.746507273,T,TGT,F I,24,89.95
2025-10-03,9:30:33.245307512,T,TGT,I,24,89.95
2025-10-03,9:30:33.316162341,T,TGT,I,24,89.95
2025-10-03,9:30:38.967472235,T,TGT,I,4,89.95
2025-10-03,9:30:38.967475121,T,TGT,I,20,89.95
2025-10-03,9:30:38.967716154,T,TGT,F I,24,89.94
2025-10-03,9:30:40.845326042,T,TGT,F I,66,89.99
2025-10-03,9:30:40.845335690,T,TGT,F I,34,89.99
2025-10-03,9:30:40.845335690,T,TGT,F I,66,90.0
2025-10-03,9:30:40.848492611,T,TGT,I,24,90.01
2025-10-03,9:30:42.613090581,T,TGT,I,5,90.05
2025-10-03,9:30:42.613090581,T,TGT,I,95,90.05
2025-10-03,9:30:42.613136346,T,TGT,I,5,90.05
2025-10-03,9:30:42.613138669,T,TGT,,100,90.05
2025-10-03,9:30:42.613141689,T,TGT,,100,90.05
2025-10-03,9:30:42.613141689,T,TGT,I,6,90.05
2025-10-03,9:30:42.613150733,T,TGT,I,94,90.05
2025-10-03,9:30:50.858614775,T,TGT,I,40,90.015
2025-10-03,9:30:52.855179481,T,TGT,F I,41,90.09
2025-10-03,9:30:52.855206535,T,TGT,F I,26,90.09
2025-10-03,9:30:52.855245598,T,TGT,F I,33,90.09
2025-10-03,9:30:52.855245598,T,TGT,F I,8,90.1
2025-10-03,9:30:52.855293727,T,TGT,F I,9,90.1
2025-10-03,9:30:52.855293727,T,TGT,F I,24,90.1
2025-10-03,9:30:52.855305783,T,TGT,F I,20,90.11
2025-10-03,9:30:53.536187895,T,TGT,,100,90.1
2025-10-03,9:30:57.033357654,T,TGT,F I,6,90.1
2025-10-03,9:30:57.033378891,T,TGT,F I,94,90.1
2025-10-03,9:30:57.033381874,T,TGT,F I,4,90.11
2025-10-03,9:30:57.033417800,T,TGT,I,2,90.11
2025-10-03,9:30:57.033423890,T,TGT,,125,90.12
2025-10-03,9:30:57.033423890,T,TGT,I,10,90.12
2025-10-03,9:30:57.033826811,T,TGT,I,67,90.09
2025-10-03,9:30:57.033847812,T,TGT,F I,33,90.09
2025-10-03,9:30:57.033935090,T,TGT,,100,90.09
2025-10-03,9:30:57.033938005,T,TGT,,100,90.09
2025-10-03,9:30:57.033953124,T,TGT,,100,90.09
2025-10-03,9:31:07.890697561,T,TGT,F I,1,90.1
2025-10-03,9:31:07.890715584,T,TGT,F,100,90.1
2025-10-03,9:31:21.189256247,T,TGT,I,1,90.07
2025-10-03,9:31:21.189274306,T,TGT,F I,1,90.07
2025-10-03,9:31:21.189277305,T,TGT,F,100,90.07
2025-10-03,9:31:21.189352505,T,TGT,F,100,90.05
2025-10-03,9:31:21.189412611,T,TGT,F I,5,90.05
2025-10-03,9:31:21.189782686,T,TGT,F,411,90.05
2025-10-03,9:31:21.190074239,T,TGT,F,100,90.05
2025-10-03,9:31:21.190083225,T,TGT,F,100,90.05
2025-10-03,9:31:21.190089356,T,TGT,F,100,90.05
2025-10-03,9:31:21.190206592,T,TGT,F,100,90.05
2025-10-03,9:31:21.190432151,T,TGT,,837,90.05
2025-10-03,9:31:21.190441165,T,TGT,F,100,90.06
2025-10-03,9:31:21.190453187,T,TGT,F,190,90.05
2025-10-03,9:31:21.190471494,T,TGT,,100,90.05
2025-10-03,9:31:21.190474159,T,TGT,F I,24,90.05
2025-10-03,9:31:21.190753826,T,TGT,,100,90.05
2025-10-03,9:31:21.190774880,T,TGT,F I,24,90.05
2025-10-03,9:31:21.191427480,T,TGT,F I,57,90.06
2025-10-03,9:31:21.191451758,T,TGT,F I,43,90.06
2025-10-03,9:31:21.191454527,T,TGT,F I,1,90.06
2025-10-03,9:31:21.191737437,T,TGT,F I,3,90.06
2025-10-03,9:31:21.191743272,T,TGT,F I,3,90.06
2025-10-03,9:31:21.191746783,T,TGT,F I,3,90.06
2025-10-03,9:31:21.191746783,T,TGT,F I,68,90.06
2025-10-03,9:31:21.191749525,T,TGT,F I,32,90.06
2025-10-03,9:31:21.191749525,T,TGT,F I,3,90.06
2025-10-03,9:31:21.191752610,T,TGT,F I,18,90.06
2025-10-03,9:31:21.191752610,T,TGT,F I,3,90.06
2025-10-03,9:31:21.191755569,T,TGT,F I,44,90.07
2025-10-03,9:31:21.191755569,T,TGT,F I,2,90.06
2025-10-03,9:31:21.191759092,T,TGT,F I,30,90.06
2025-10-03,9:31:21.191759092,T,TGT,F I,3,90.06
2025-10-03,9:31:21.191761388,T,TGT,F I,18,90.06
2025-10-03,9:31:21.191764303,T,TGT,F I,1,90.06
2025-10-03,9:31:21.191764303,T,TGT,F I,2,90.06
2025-10-03,9:31:21.191767235,T,TGT,F I,1,90.06
2025-10-03,9:31:21.191809388,T,TGT,F I,56,90.07
2025-10-03,9:31:21.191974759,T,TGT,F I,3,90.07
2025-10-03,9:31:21.192025837,T,TGT,F I,34,90.07
2025-10-03,9:31:21.192034863,T,TGT,F I,2,90.07
2025-10-03,9:31:21.192040891,T,TGT,F I,2,90.07
2025-10-03,9:31:21.192055999,T,TGT,I,4,90.07
2025-10-03,9:31:21.192067988,T,TGT,F I,28,90.07
2025-10-03,9:31:21.192086244,T,TGT,F I,68,90.07
2025-10-03,9:31:21.192089849,T,TGT,F I,4,90.07
2025-10-03,9:31:21.192095109,T,TGT,F I,56,90.07
2025-10-03,9:31:21.192585256,T,TGT,F I,40,90.07
2025-10-03,9:31:21.192585256,T,TGT,F I,60,90.07
2025-10-03,9:31:21.193300887,T,TGT,F I,16,90.07
2025-10-03,9:31:21.193304046,T,TGT,F I,24,90.07
2025-10-03,9:31:21.193304046,T,TGT,F I,34,90.07
2025-10-03,9:31:21.193306999,T,TGT,F I,2,90.07
2025-10-03,9:31:21.195090202,T,TGT,F I,6,90.08
2025-10-03,9:31:21.195102257,T,TGT,F,100,90.1
2025-10-03,9:31:21.195102257,T,TGT,F I,20,90.1
2025-10-03,9:31:21.195391041,T,TGT,F I,6,90.1
2025-10-03,9:31:21.195399910,T,TGT,F I,16,90.1
2025-10-03,9:31:21.195417944,T,TGT,F I,16,90.1
2025-10-03,9:31:21.195417944,T,TGT,F I,84,90.1
2025-10-03,9:31:21.195460018,T,TGT,F I,71,90.1
2025-10-03,9:31:21.195463086,T,TGT,F I,16,90.1
2025-10-03,9:31:21.195478108,T,TGT,F I,13,90.1
2025-10-03,9:31:22.291523328,T,TGT,F,100,90.08
2025-10-03,9:31:22.291571452,T,TGT,F,100,90.08
2025-10-03,9:31:25.582937440,T,TGT,F I,24,90.03
2025-10-03,9:31:25.582940246,T,TGT,F I,1,90.02
2025-10-03,9:31:25.582943022,T,TGT,F I,1,90.02
2025-10-03,9:31:25.582946691,T,TGT,F I,36,90.02
2025-10-03,9:31:25.582946691,T,TGT,F I,2,90.02
2025-10-03,9:31:25.582949106,T,TGT,F I,35,90.02
2025-10-03,9:31:25.582949106,T,TGT,F I,41,90.02
2025-10-03,9:31:25.582958087,T,TGT,F I,24,90.02
2025-10-03,9:31:25.583012145,T,TGT,I,24,90.02
2025-10-03,9:31:25.583027251,T,TGT,F I,5,90.01
2025-10-03,9:31:25.583105419,T,TGT,F,100,90.02
2025-10-03,9:31:25.583117372,T,TGT,F I,39,90.02
2025-10-03,9:31:25.583333870,T,TGT,I,50,90.03
2025-10-03,9:31:25.583364220,T,TGT,I,5,90.03
2025-10-03,9:31:25.583370001,T,TGT,I,95,90.03
2025-10-03,9:31:25.583376631,T,TGT,,100,90.03
2025-10-03,9:31:25.583382168,T,TGT,,100,90.03
2025-10-03,9:31:25.583385073,T,TGT,I,1,90.03
2025-10-03,9:31:25.583394122,T,TGT,I,4,90.03
2025-10-03,9:31:25.583412101,T,TGT,,200,90.03
2025-10-03,9:31:25.583421184,T,TGT,,101,90.03
2025-10-03,9:31:25.583466200,T,TGT,,105,90.03
2025-10-03,9:31:25.583472227,T,TGT,I,3,90.03
2025-10-03,9:31:25.583487331,T,TGT,I,1,90.03
2025-10-03,9:31:25.583496261,T,TGT,I,40,90.03
2025-10-03,9:31:25.583520349,T,TGT,I,15,90.04
2025-10-03,9:31:25.583523967,T,TGT,,100,90.05
2025-10-03,9:31:25.583523967,T,TGT,,100,90.05
2025-10-03,9:31:25.583527649,T,TGT,,101,90.03
2025-10-03,9:31:25.583530356,T,TGT,I,20,90.03
2025-10-03,9:31:25.583550598,T,TGT,I,27,90.03
2025-10-03,9:31:25.583550598,T,TGT,F I,50,90.04
2025-10-03,9:31:25.583559781,T,TGT,I,1,90.04
2025-10-03,9:31:25.583571455,T,TGT,I,49,90.04
2025-10-03,9:31:25.583580521,T,TGT,F I,28,90.03
2025-10-03,9:31:25.583628722,T,TGT,I,23,90.03
2025-10-03,9:31:25.583631593,T,TGT,I,28,90.03
2025-10-03,9:31:25.583638440,T,TGT,I,3,90.02
2025-10-03,9:31:25.583640633,T,TGT,F I,22,90.03
2025-10-03,9:31:25.584016581,T,TGT,I,2,90.03
2025-10-03,9:31:25.584055956,T,TGT,F I,6,90.03
2025-10-03,9:31:25.584082754,T,TGT,I,94,90.03
2025-10-03,9:31:25.584230334,T,TGT,I,1,90.04
2025-10-03,9:31:25.584230334,T,TGT,I,50,90.04
2025-10-03,9:31:25.585032940,T,TGT,I,16,90.07
2025-10-03,9:31:25.610049615,T,TGT,F,100,90.09
2025-10-03,9:31:25.612190653,T,TGT,F I,24,90.07
2025-10-03,9:31:25.612218027,T,TGT,F I,9,90.06
2025-10-03,9:31:25.612792161,T,TGT,I,24,90.06
2025-10-03,9:31:25.612987630,T,TGT,F I,33,90.03
2025-10-03,9:31:25.613038639,T,TGT,I,27,90.05
2025-10-03,9:31:25.613336446,T,TGT,I,33,90.05
2025-10-03,9:31:25.613336446,T,TGT,I,3,90.05
2025-10-03,9:31:25.760302545,T,TGT,,100,90.065
2025-10-03,9:31:51.089627023,T,TGT,I,1,90.05
2025-10-03,9:31:51.140213508,T,TGT,I,14,90.07
2025-10-03,9:32:17.186328166,T,TGT,F I,6,90.05
2025-10-03,9:32:17.186328166,T,TGT,F I,2,90.05
2025-10-03,9:32:17.186371254,T,TGT,F I,42,90.05
2025-10-03,9:32:17.186371254,T,TGT,F I,58,90.05
2025-10-03,9:32:17.186376305,T,TGT,F,100,90.05
2025-10-03,9:32:17.186379296,T,TGT,F I,42,90.05
2025-10-03,9:32:21.874788928,T,TGT,F I,57,90.1
2025-10-03,9:32:21.874810069,T,TGT,I,43,90.1
2025-10-03,9:32:23.079570222,T,TGT,I,60,90.14
2025-10-03,9:32:23.079591294,T,TGT,F,100,90.14
2025-10-03,9:32:23.079600341,T,TGT,I,36,90.14
2025-10-03,9:32:23.079609323,T,TGT,I,1,90.14
2025-10-03,9:32:23.079627414,T,TGT,F I,50,90.14
2025-10-03,9:32:23.080054412,T,TGT,F I,59,90.18
2025-10-03,9:32:23.080127141,T,TGT,F I,41,90.18
2025-10-03,9:32:23.080445367,T,TGT,F I,1,90.18
2025-10-03,9:32:23.080490413,T,TGT,F I,1,90.19
2025-10-03,9:32:23.080544556,T,TGT,F I,3,90.19
2025-10-03,9:32:23.081037777,T,TGT,F I,29,90.2
2025-10-03,9:32:23.081055864,T,TGT,I,1,90.2
2025-10-03,9:32:23.081055864,T,TGT,I,2,90.2
2025-10-03,9:32:23.081061798,T,TGT,I,5,90.2
2025-10-03,9:32:23.081061798,T,TGT,I,23,90.2
2025-10-03,9:32:23.081116383,T,TGT,F I,23,90.19
2025-10-03,9:32:23.081118946,T,TGT,F I,50,90.19
2025-10-03,9:32:23.081121945,T,TGT,F I,43,90.21
2025-10-03,9:32:23.118067979,T,TGT,,100,90.19
2025-10-03,9:32:23.118067979,T,TGT,,100,90.19
2025-10-03,9:32:31.061319322,T,TGT,I,64,90.15
2025-10-03,9:32:31.061319322,T,TGT,I,18,90.15
2025-10-03,9:32:31.061342250,T,TGT,I,1,90.15
2025-10-03,9:32:39.763285110,T,TGT,,100,90.145
2025-10-03,9:32:39.763445167,T,TGT,F I,1,90.1
2025-10-03,9:32:39.763445167,T,TGT,F I,1,90.1
2025-10-03,9:32:39.763447548,T,TGT,F I,14,90.1
2025-10-03,9:32:39.763450377,T,TGT,F I,24,90.1
2025-10-03,9:32:39.763450377,T,TGT,F I,10,90.1
2025-10-03,9:32:39.763465481,T,TGT,F I,60,90.1
2025-10-03,9:32:39.784181829,T,TGT,F,100,90.09
2025-10-03,9:32:39.784227080,T,TGT,F,100,90.09
2025-10-03,9:32:39.784296064,T,TGT,I,1,90.07
2025-10-03,9:32:53.905681295,T,TGT,,100,90.16
2025-10-03,9:33:00.037208119,T,TGT,,100,90.195
2025-10-03,9:33:00.037268259,T,TGT,,100,90.195
2025-10-03,9:33:00.037316306,T,TGT,,100,90.195
2025-10-03,9:33:00.456869932,T,TGT,F,100,90.195
2025-10-03,9:33:01.373964769,T,TGT,I,2,90.22
2025-10-03,9:33:03.353457783,T,TGT,F,200,90.23
2025-10-03,9:33:03.353515211,T,TGT,F I,1,90.24
2025-10-03,9:33:03.353515211,T,TGT,F I,76,90.24
2025-10-03,9:33:03.353945014,T,TGT,F I,10,90.25
2025-10-03,9:33:03.353948129,T,TGT,F I,49,90.25
2025-10-03,9:33:03.353948129,T,TGT,F I,41,90.25
2025-10-03,9:33:03.353972222,T,TGT,F I,59,90.25
2025-10-03,9:33:03.353975577,T,TGT,F,300,90.25
2025-10-03,9:33:03.353975577,T,TGT,F I,50,90.25
2025-10-03,9:33:03.365224900,T,TGT,F I,3,90.27
2025-10-03,9:33:03.365227843,T,TGT,F I,50,90.27
2025-10-03,9:33:03.365288566,T,TGT,I,1,90.28
2025-10-03,9:33:03.365291046,T,TGT,I,5,90.28
2025-10-03,9:33:03.365297029,T,TGT,I,5,90.28
2025-10-03,9:33:03.365300103,T,TGT,,675,90.28
2025-10-03,9:33:03.366431166,T,TGT,I,1,90.3
2025-10-03,9:33:03.366433762,T,TGT,I,1,90.3
2025-10-03,9:33:03.366641747,T,TGT,,100,90.3
2025-10-03,9:33:03.366644555,T,TGT,,100,90.3
2025-10-03,9:33:03.366647292,T,TGT,,100,90.3
2025-10-03,9:33:03.366647292,T,TGT,,100,90.3
2025-10-03,9:33:03.368316196,T,TGT,I,2,90.3
2025-10-03,9:33:03.368668287,T,TGT,F I,1,90.3
2025-10-03,9:33:03.368668287,T,TGT,F I,66,90.3
2025-10-03,9:33:03.368671196,T,TGT,F I,3,90.3
2025-10-03,9:33:03.368674226,T,TGT,F I,25,90.3
2025-10-03,9:33:03.368677074,T,TGT,F I,25,90.3
2025-10-03,9:33:03.368677074,T,TGT,F I,13,90.3
2025-10-03,9:33:03.554333448,T,TGT,I,1,90.31
2025-10-03,9:33:16.630792016,T,TGT,I,2,90.305
2025-10-03,9:33:23.976095214,T,TGT,F,100,90.35
2025-10-03,9:33:23.976095214,T,TGT,F,172,90.35
2025-10-03,9:33:23.976100630,T,TGT,F,200,90.35
2025-10-03,9:33:23.976100630,T,TGT,F,100,90.35
2025-10-03,9:33:23.976109728,T,TGT,I,1,90.35
2025-10-03,9:33:23.976127744,T,TGT,F,574,90.35
2025-10-03,9:33:23.976133751,T,TGT,F,200,90.35
2025-10-03,9:33:23.976142726,T,TGT,F,252,90.35
2025-10-03,9:33:23.983741821,T,TGT,I,71,90.33
2025-10-03,9:33:23.983741821,T,TGT,I,78,90.32
2025-10-03,9:33:30.502636602,T,TGT,F I,71,90.34
2025-10-03,9:33:30.502648645,T,TGT,F I,29,90.34
2025-10-03,9:33:30.502648645,T,TGT,F I,50,90.34
2025-10-03,9:33:30.502654630,T,TGT,F I,71,90.35
2025-10-03,9:33:30.502654630,T,TGT,F,100,90.35
2025-10-03,9:33:33.933453827,T,TGT,,100,90.29
2025-10-03,9:33:33.933868250,T,TGT,F,100,90.29
2025-10-03,9:33:33.933931468,T,TGT,F I,2,90.28
2025-10-03,9:33:33.933934406,T,TGT,F I,2,90.28
2025-10-03,9:33:33.933946456,T,TGT,F I,2,90.28
2025-10-03,9:33:33.933955469,T,TGT,F I,47,90.28
2025-10-03,9:33:33.933958464,T,TGT,F I,1,90.28
2025-10-03,9:33:33.933958464,T,TGT,I,99,90.28
2025-10-03,9:33:33.934226129,T,TGT,,100,90.28
2025-10-03,9:33:33.934752358,T,TGT,,100,90.29
2025-10-03,9:33:33.985011118,T,TGT,F I,2,90.28
2025-10-03,9:33:33.985390008,T,TGT,F I,87,90.28
2025-10-03,9:33:33.985390008,T,TGT,F I,13,90.28
2025-10-03,9:33:33.985396009,T,TGT,F I,87,90.28
2025-10-03,9:33:33.985408051,T,TGT,I,1,90.28
2025-10-03,9:33:33.985426097,T,TGT,,319,90.28
2025-10-03,9:33:33.985441450,T,TGT,I,41,90.3
2025-10-03,9:33:33.985480372,T,TGT,,100,90.29
2025-10-03,9:33:33.992438796,T,TGT,I,14,90.295
2025-10-03,9:33:33.992456917,T,TGT,I,82,90.295
2025-10-03,9:33:36.135143592,T,TGT,I,41,90.29
2025-10-03,9:33:36.135145684,T,TGT,,100,90.29
2025-10-03,9:33:36.146494781,T,TGT,F I,59,90.26
2025-10-03,9:33:36.146849560,T,TGT,F I,1,90.25
2025-10-03,9:33:36.146873599,T,TGT,F I,2,90.25
2025-10-03,9:33:36.148046553,T,TGT,F I,2,90.24
2025-10-03,9:33:36.821446741,T,TGT,,100,90.225
2025-10-03,9:33:46.524721863,T,TGT,,100,90.225
2025-10-03,9:33:46.525142106,T,TGT,,100,90.225
2025-10-03,9:33:48.561515751,T,TGT,F I,50,90.2
2025-10-03,9:33:48.562375689,T,TGT,F I,4,90.17
2025-10-03,9:33:48.562375689,T,TGT,F I,4,90.17
2025-10-03,9:33:48.564099393,T,TGT,F I,4,90.15
2025-10-03,9:33:49.976693221,T,TGT,F,100,90.16
2025-10-03,9:33:52.279059428,T,TGT,F,200,90.16
2025-10-03,9:33:52.279062392,T,TGT,F I,13,90.14
2025-10-03,9:33:52.279062392,T,TGT,F,100,90.14
2025-10-03,9:33:52.279131556,T,TGT,F,200,90.14
2025-10-03,9:33:52.279161745,T,TGT,I,61,90.16
2025-10-03,9:33:52.279161745,T,TGT,I,48,90.17
2025-10-03,9:33:52.280547940,T,TGT,I,11,90.16
2025-10-03,9:33:53.180658450,T,TGT,F,200,90.17
2025-10-03,9:34:01.098302794,T,TGT,F I,48,90.16
2025-10-03,9:34:01.098302794,T,TGT,F,1276,90.16
2025-10-03,9:34:01.098320741,T,TGT,I,1,90.16
2025-10-03,9:34:01.098327114,T,TGT,F I,49,90.16
2025-10-03,9:34:01.098329923,T,TGT,F I,51,90.16
2025-10-03,9:34:01.098507156,T,TGT,,100,90.16
2025-10-03,9:34:01.100467901,T,TGT,F I,12,90.15
2025-10-03,9:34:01.100467901,T,TGT,F I,54,90.15
2025-10-03,9:34:13.909634678,T,TGT,F,100,90.13
2025-10-03,9:34:13.910599995,T,TGT,F I,5,90.11
2025-10-03,9:34:13.910618039,T,TGT,F I,1,90.1
2025-10-03,9:34:13.910624452,T,TGT,F I,1,90.1
2025-10-03,9:34:13.910861557,T,TGT,F I,5,90.09
2025-10-03,9:34:13.911084113,T,TGT,F,367,90.09
2025-10-03,9:34:13.911213420,T,TGT,,100,90.11
2025-10-03,9:34:13.911562192,T,TGT,I,61,90.12
2025-10-03,9:34:13.911704421,T,TGT,,100,90.12
2025-10-03,9:34:13.911704421,T,TGT,,100,90.12
2025-10-03,9:34:13.911710453,T,TGT,,100,90.12
2025-10-03,9:34:13.911710453,T,TGT,,185,90.12
2025-10-03,9:34:13.911712800,T,TGT,,143,90.12
2025-10-03,9:34:13.911712800,T,TGT,,100,90.12
2025-10-03,9:34:13.919789986,T,TGT,,100,90.1
2025-10-03,9:34:13.919794232,T,TGT,,100,90.09
2025-10-03,9:34:13.919794232,T,TGT,I,50,90.08
2025-10-03,9:34:13.919796035,T,TGT,I,74,90.075
2025-10-03,9:34:16.434795632,T,TGT,F,100,90.08
2025-10-03,9:34:18.484902761,T,TGT,F,100,90.08
2025-10-03,9:34:19.052772727,T,TGT,,100,90.085
2025-10-03,9:34:19.052835845,T,TGT,,100,90.085
2025-10-03,9:34:20.425525118,T,TGT,I,50,90.085
2025-10-03,9:34:20.425931057,T,TGT,,100,90.085
2025-10-03,9:34:21.809644732,T,TGT,F,100,90.05
2025-10-03,9:34:21.809644732,T,TGT,F I,1,90.05
2025-10-03,9:34:21.809743900,T,TGT,F I,61,90.04
2025-10-03,9:34:21.809746969,T,TGT,F I,30,90.04
2025-10-03,9:34:21.856719542,T,TGT,,100,90.07
2025-10-03,9:34:21.856721844,T,TGT,,100,90.07
2025-10-03,9:34:21.886071767,T,TGT,I,50,90.1
2025-10-03,9:34:28.499977987,T,TGT,F,145,90.1
2025-10-03,9:34:28.499995986,T,TGT,I,1,90.1
2025-10-03,9:34:28.499998985,T,TGT,F I,58,90.1
2025-10-03,9:34:28.500005045,T,TGT,F I,96,90.1
2025-10-03,9:34:28.500005045,T,TGT,F,200,90.1
2025-10-03,9:34:28.500365875,T,TGT,,100,90.1
2025-10-03,9:34:28.500365875,T,TGT,I,4,90.1
2025-10-03,9:34:48.483769726,T,TGT,F,300,90.13
2025-10-03,9:34:48.483772698,T,TGT,F I,10,90.13
2025-10-03,9:34:48.483860039,T,TGT,F I,10,90.14
2025-10-03,9:34:48.483995766,T,TGT,,100,90.13
2025-10-03,9:34:48.630756871,T,TGT,I,87,90.13
2025-10-03,9:34:55.576281782,T,TGT,F I,1,90.12
2025-10-03,9:34:55.576287138,T,TGT,F I,99,90.12
2025-10-03,9:34:55.576287138,T,TGT,F I,1,90.12
2025-10-03,9:34:55.576302647,T,TGT,F I,99,90.12
2025-10-03,9:34:55.576305209,T,TGT,I,1,90.12
2025-10-03,9:34:55.576308135,T,TGT,I,1,90.12
2025-10-03,9:35:16.061971912,T,TGT,F I,10,90.15
2025-10-03,9:35:16.062465176,T,TGT,I,3,90.16
2025-10-03,9:35:16.062465176,T,TGT,I,14,90.16
2025-10-03,9:35:16.062474237,T,TGT,I,10,90.16
2025-10-03,9:35:16.062477269,T,TGT,I,7,90.16
2025-10-03,9:35:16.062480221,T,TGT,I,19,90.16
2025-10-03,9:35:16.062483138,T,TGT,I,14,90.16
2025-10-03,9:35:16.062522214,T,TGT,F,100,90.16
2025-10-03,9:35:16.062540456,T,TGT,I,1,90.16
2025-10-03,9:35:16.062543396,T,TGT,I,54,90.16
2025-10-03,9:35:16.062543396,T,TGT,I,5,90.16
2025-10-03,9:35:16.113373458,T,TGT,,100,90.16
2025-10-03,9:35:16.123543687,T,TGT,I,88,90.16
2025-10-03,9:35:18.743415257,T,TGT,I,7,90.12
2025-10-03,9:35:23.894516353,T,TGT,,100,90.15
2025-10-03,9:35:23.897150598,T,TGT,,100,90.15
2025-10-03,9:35:24.333333742,T,TGT,F I,30,90.06
2025-10-03,9:35:24.333658802,T,TGT,I,10,90.03
2025-10-03,9:35:24.333658802,T,TGT,I,20,90.03
2025-10-03,9:35:30.501845690,T,TGT,F,100,90.06
2025-10-03,9:35:55.600698642,T,TGT,I,50,90.12
2025-10-03,9:35:55.600700895,T,TGT,I,30,90.105
2025-10-03,9:35:55.600703810,T,TGT,,100,90.1
2025-10-03,9:35:55.600707014,T,TGT,,100,90.1
2025-10-03,9:35:55.600707014,T,TGT,I,34,90.1
2025-10-03,9:36:01.639868613,T,TGT,F,100,90.09
2025-10-03,9:36:01.639937857,T,TGT,I,34,90.06
2025-10-03,9:36:01.639937857,T,TGT,I,50,90.06
2025-10-03,9:36:01.640431131,T,TGT,,100,90.06
2025-10-03,9:36:01.642526961,T,TGT,,200,90.07
2025-10-03,9:36:01.645158220,T,TGT,,100,90.07
2025-10-03,9:36:01.842545499,T,TGT,,100,90.07
2025-10-03,9:36:01.960327176,T,TGT,,120,90.07
2025-10-03,9:36:02.072879236,T,TGT,F,100,90.09
2025-10-03,9:36:02.072900376,T,TGT,I,1,90.09
2025-10-03,9:36:02.073982890,T,TGT,F,100,90.09
2025-10-03,9:36:02.073985955,T,TGT,F,200,90.09
2025-10-03,9:36:02.095908174,T,TGT,,137,90.09
2025-10-03,9:36:02.102740437,T,TGT,,100,90.09
2025-10-03,9:36:02.117671023,T,TGT,,300,90.09
2025-10-03,9:36:02.120233109,T,TGT,I,3,90.09
2025-10-03,9:36:03.557408069,T,TGT,F I,1,90.05
2025-10-03,9:36:03.557726766,T,TGT,F I,1,90.05
2025-10-03,9:36:03.557772543,T,TGT,I,81,90.06
2025-10-03,9:36:03.557835244,T,TGT,I,69,90.06
2025-10-03,9:36:03.557835244,T,TGT,I,30,90.06
2025-10-03,9:36:03.557838102,T,TGT,I,81,90.05
2025-10-03,9:36:03.557841138,T,TGT,,301,90.05
2025-10-03,9:36:03.557859549,T,TGT,I,1,90.05
2025-10-03,9:36:03.557877127,T,TGT,F I,14,90.06
2025-10-03,9:36:03.557886615,T,TGT,I,98,90.05
2025-10-03,9:36:03.557889175,T,TGT,,150,90.05
2025-10-03,9:36:03.557904264,T,TGT,I,36,90.05
2025-10-03,9:36:03.557952516,T,TGT,I,22,90.06
2025-10-03,9:36:03.557970526,T,TGT,,100,90.06
2025-10-03,9:36:03.558800654,T,TGT,F I,14,90.05
2025-10-03,9:36:03.558803390,T,TGT,F I,22,90.05
2025-10-03,9:36:12.387573419,T,TGT,I,51,90.01
2025-10-03,9:36:12.387576297,T,TGT,I,2,90.01
2025-10-03,9:36:12.387588330,T,TGT,I,51,90.01
2025-10-03,9:36:12.387621714,T,TGT,F,149,90.01
2025-10-03,9:36:12.387621714,T,TGT,F I,98,90.01
2025-10-03,9:36:12.387624400,T,TGT,F I,51,90.01
2025-10-03,9:36:12.387624400,T,TGT,F I,49,90.01
2025-10-03,9:36:12.387892402,T,TGT,F I,1,90.0
2025-10-03,9:36:12.387895058,T,TGT,F I,1,90.0
2025-10-03,9:36:13.570738987,T,TGT,F I,1,89.95
2025-10-03,9:36:19.627429739,T,TGT,F I,12,89.955
2025-10-03,9:36:26.343804926,T,TGT,F I,2,89.92
2025-10-03,9:36:26.343859489,T,TGT,F I,1,89.91
2025-10-03,9:36:26.343862076,T,TGT,F I,1,89.91
2025-10-03,9:36:26.344283048,T,TGT,F I,1,89.89
2025-10-03,9:36:32.277821164,T,TGT,F I,10,89.94
2025-10-03,9:36:32.277830181,T,TGT,F I,10,89.94
2025-10-03,9:36:32.277833265,T,TGT,F,100,89.94
2025-10-03,9:36:32.277833265,T,TGT,F I,90,89.94
2025-10-03,9:36:32.277872666,T,TGT,F I,10,89.95
2025-10-03,9:36:32.277872666,T,TGT,F,100,89.95
2025-10-03,9:36:32.277896370,T,TGT,,100,89.94
2025-10-03,9:36:32.277896370,T,TGT,,100,89.94
2025-10-03,9:36:44.074605119,T,TGT,,100,89.98
2025-10-03,9:36:44.165628905,T,TGT,,100,90.04
2025-10-03,9:36:52.983032458,T,TGT,F,100,89.96
2025-10-03,9:36:52.983037866,T,TGT,F,194,89.95
2025-10-03,9:36:52.983040868,T,TGT,F I,2,89.95
2025-10-03,9:36:52.983040868,T,TGT,F I,1,89.95
2025-10-03,9:36:52.983049855,T,TGT,I,1,89.95
2025-10-03,9:36:52.983056065,T,TGT,,108,89.95
2025-10-03,9:36:52.983062495,T,TGT,I,10,89.95
2025-10-03,9:36:52.983064951,T,TGT,I,2,89.95
2025-10-03,9:36:52.983503941,T,TGT,,543,89.96
2025-10-03,9:36:52.983519810,T,TGT,F I,52,89.96
2025-10-03,9:36:52.983531143,T,TGT,F I,48,89.96
2025-10-03,9:36:52.983534427,T,TGT,F,297,89.96
2025-10-03,9:36:52.983537057,T,TGT,F,297,89.96
2025-10-03,9:36:52.983540027,T,TGT,F,100,89.96
2025-10-03,9:36:52.983543536,T,TGT,F,400,89.96
2025-10-03,9:36:52.983543536,T,TGT,F I,52,89.96
2025-10-03,9:36:52.983549044,T,TGT,I,1,89.96
2025-10-03,9:36:52.983549044,T,TGT,I,47,89.96
2025-10-03,9:36:52.984135476,T,TGT,F,100,89.96
2025-10-03,9:36:52.984156509,T,TGT,I,1,89.96
2025-10-03,9:36:52.986303650,T,TGT,F,100,89.96
2025-10-03,9:36:59.871958248,T,TGT,,100,90.01
2025-10-03,9:37:15.882110337,T,TGT,,100,90.025
2025-10-03,9:37:26.437681095,T,TGT,F,100,89.98
2025-10-03,9:37:41.487895353,T,TGT,F,100,89.94
2025-10-03,9:37:41.487895353,T,TGT,F I,17,89.94
2025-10-03,9:37:41.487910647,T,TGT,F,100,89.94
2025-10-03,9:37:47.864289150,T,TGT,F I,1,89.9
2025-10-03,9:38:02.734978423,T,TGT,F I,4,89.88
2025-10-03,9:38:02.735053671,T,TGT,F I,4,89.88
2025-10-03,9:38:02.735113896,T,TGT,F I,4,89.88
2025-10-03,9:38:02.735191991,T,TGT,I,3,89.88
2025-10-03,9:38:02.735426572,T,TGT,F I,2,89.86
2025-10-03,9:38:02.735429785,T,TGT,F I,1,89.86
2025-10-03,9:38:02.735429785,T,TGT,F I,1,89.86
2025-10-03,9:38:02.735471606,T,TGT,I,4,89.85
2025-10-03,9:38:02.735922675,T,TGT,F I,1,89.84
2025-10-03,9:38:02.736873080,T,TGT,F I,2,89.83
2025-10-03,9:38:02.736876844,T,TGT,F I,1,89.82
2025-10-03,9:38:02.736876844,T,TGT,F I,6,89.82
2025-10-03,9:38:02.736879531,T,TGT,F I,24,89.81
2025-10-03,9:38:02.736882053,T,TGT,F I,1,89.81
2025-10-03,9:38:02.736885061,T,TGT,F I,1,89.81
2025-10-03,9:38:02.736885061,T,TGT,F I,14,89.81
2025-10-03,9:38:02.741296498,T,TGT,,100,89.83
2025-10-03,9:38:02.905481714,T,TGT,,100,89.845
2025-10-03,9:38:02.919657461,T,TGT,I,30,89.845
2025-10-03,9:38:02.919705708,T,TGT,,100,89.845
2025-10-03,9:38:02.920427255,T,TGT,,100,89.845
2025-10-03,9:38:05.537998396,T,TGT,F,150,89.85
2025-10-03,9:38:09.748113047,T,TGT,F I,2,89.78
2025-10-03,9:38:09.748113047,T,TGT,F I,6,89.78
2025-10-03,9:38:09.748115729,T,TGT,F I,5,89.78
2025-10-03,9:38:15.945469487,T,TGT,F I,5,89.72
2025-10-03,9:38:18.344212258,T,TGT,I,1,89.72
2025-10-03,9:38:18.356989762,T,TGT,F,150,89.74
2025-10-03,9:38:27.141374094,T,TGT,I,1,89.7
2025-10-03,9:38:27.995125827,T,TGT,,100,89.72
2025-10-03,9:38:27.995249157,T,TGT,I,13,89.71
2025-10-03,9:38:27.995381455,T,TGT,I,20,89.71
2025-10-03,9:38:32.001306521,T,TGT,F I,30,89.69
2025-10-03,9:38:32.001309352,T,TGT,F,100,89.71
2025-10-03,9:38:32.001312348,T,TGT,F I,73,89.72
2025-10-03,9:38:32.001324730,T,TGT,I,1,89.72
2025-10-03,9:38:32.001363486,T,TGT,F I,53,89.69
2025-10-03,9:38:36.083625403,T,TGT,F,100,89.66
2025-10-03,9:38:36.083625403,T,TGT,F I,36,89.65
2025-10-03,9:38:36.084773858,T,TGT,F I,67,89.68
2025-10-03,9:38:36.084776873,T,TGT,F I,53,89.68
2025-10-03,9:38:36.084779837,T,TGT,F I,80,89.68
2025-10-03,9:38:36.084795465,T,TGT,I,1,89.68
2025-10-03,9:38:36.084798549,T,TGT,F I,3,89.68
2025-10-03,9:38:36.084818936,T,TGT,I,17,89.65
2025-10-03,9:38:36.084818936,T,TGT,,100,89.65
2025-10-03,9:38:36.084821980,T,TGT,,100,89.65
2025-10-03,9:38:36.084824961,T,TGT,I,30,89.68
2025-10-03,9:38:36.084861416,T,TGT,I,67,89.67
2025-10-03,9:38:36.084864535,T,TGT,,150,89.665
2025-10-03,9:38:36.084867077,T,TGT,,100,89.66
2025-10-03,9:38:36.084867077,T,TGT,I,26,89.66
2025-10-03,9:38:36.085324143,T,TGT,,100,89.66
2025-10-03,9:38:37.053240159,T,TGT,I,7,89.68
2025-10-03,9:38:37.053240159,T,TGT,I,21,89.68
2025-10-03,9:38:37.053261273,T,TGT,I,1,89.68
2025-10-03,9:38:37.053276260,T,TGT,I,78,89.68
2025-10-03,9:38:39.410333777,T,TGT,F I,33,89.72
2025-10-03,9:38:40.594188156,T,TGT,I,20,89.71
2025-10-03,9:38:45.365559617,T,TGT,,100,89.67
2025-10-03,9:38:48.999380859,T,TGT,,100,89.7
2025-10-03,9:38:49.002382090,T,TGT,,100,89.705
2025-10-03,9:39:02.909846732,T,TGT,F I,1,89.685
2025-10-03,9:39:03.533195747,T,TGT,F I,7,89.72
2025-10-03,9:39:03.533231968,T,TGT,F,100,89.72
2025-10-03,9:39:03.533583719,T,TGT,F I,1,89.75
2025-10-03,9:39:03.533613787,T,TGT,F I,10,89.76
2025-10-03,9:39:03.533613787,T,TGT,F I,31,89.76
2025-10-03,9:39:03.533634946,T,TGT,F,469,89.76
2025-10-03,9:39:03.533637851,T,TGT,F I,50,89.76
2025-10-03,9:39:03.533658883,T,TGT,F I,10,89.77
2025-10-03,9:39:03.533866298,T,TGT,,100,89.74
2025-10-03,9:39:03.533866298,T,TGT,I,10,89.74
2025-10-03,9:39:03.533933234,T,TGT,F I,60,89.77
2025-10-03,9:39:03.533933234,T,TGT,I,1,89.74
2025-10-03,9:39:03.533938567,T,TGT,,100,89.74
2025-10-03,9:39:03.533938567,T,TGT,I,16,89.73
2025-10-03,9:39:03.533941521,T,TGT,,100,89.73
2025-10-03,9:39:03.533944592,T,TGT,F I,24,89.75
2025-10-03,9:39:03.533968962,T,TGT,F I,67,89.75
2025-10-03,9:39:03.533971575,T,TGT,F I,9,89.75
2025-10-03,9:39:04.797891844,T,TGT,,100,89.71
2025-10-03,9:39:09.166944069,T,TGT,I,60,89.68
2025-10-03,9:39:09.166944069,T,TGT,I,2,89.68
2025-10-03,9:39:09.166949736,T,TGT,I,1,89.68
2025-10-03,9:39:09.167018885,T,TGT,F,206,89.68
2025-10-03,9:39:09.167043016,T,TGT,F,164,89.68
2025-10-03,9:39:09.167043016,T,TGT,F I,25,89.68
2025-10-03,9:39:23.240403532,T,TGT,F I,22,89.75
2025-10-03,9:39:23.240430671,T,TGT,F I,10,89.76
2025-10-03,9:39:23.240457654,T,TGT,F I,10,89.76
2025-10-03,9:39:23.240466691,T,TGT,I,5,89.76
2025-10-03,9:39:23.240469710,T,TGT,I,5,89.76
2025-10-03,9:39:23.240469710,T,TGT,I,1,89.76
2025-10-03,9:39:23.240490741,T,TGT,F I,10,89.76
2025-10-03,9:39:23.240533039,T,TGT,F I,1,89.76
2025-10-03,9:39:23.240536218,T,TGT,F I,5,89.76
2025-10-03,9:39:23.240538879,T,TGT,F I,4,89.76
2025-10-03,9:39:23.240575035,T,TGT,I,21,89.76
2025-10-03,9:39:23.240911757,T,TGT,F I,7,89.77
2025-10-03,9:39:23.240917787,T,TGT,I,62,89.75
2025-10-03,9:39:23.240974902,T,TGT,I,11,89.76
2025-10-03,9:39:23.241215499,T,TGT,I,26,89.75
2025-10-03,9:39:23.241401972,T,TGT,I,1,89.76
2025-10-03,9:39:30.876032825,T,TGT,I,26,89.77
2025-10-03,9:39:30.876032825,T,TGT,I,27,89.77
2025-10-03,9:39:30.876035834,T,TGT,I,7,89.77
2025-10-03,9:39:32.562811500,T,TGT,F I,55,89.765
2025-10-03,9:39:39.120351454,T,TGT,I,1,89.765
2025-10-03,9:39:47.889708734,T,TGT,F,100,89.8
2025-10-03,9:39:47.889708734,T,TGT,F I,8,89.8
2025-10-03,9:39:47.889720768,T,TGT,I,9,89.8
2025-10-03,9:39:47.889723749,T,TGT,I,9,89.8
2025-10-03,9:39:47.889726998,T,TGT,I,10,89.8
2025-10-03,9:39:47.889726998,T,TGT,I,6,89.8
2025-10-03,9:39:47.889730663,T,TGT,I,1,89.8
2025-10-03,9:40:03.068217532,T,TGT,I,10,89.79
2025-10-03,9:40:03.068238578,T,TGT,F I,90,89.8
2025-10-03,9:40:03.825749166,T,TGT,I,3,89.79
2025-10-03,9:40:14.324265067,T,TGT,I,1,89.76
2025-10-03,9:40:14.395937831,T,TGT,I,50,89.75
2025-10-03,9:40:14.395940870,T,TGT,I,2,89.75
2025-10-03,9:40:14.476770913,T,TGT,I,1,89.74
2025-10-03,9:40:14.476773461,T,TGT,I,57,89.74
2025-10-03,9:40:14.476776489,T,TGT,,300,89.74
2025-10-03,9:40:14.477263668,T,TGT,F I,5,89.73
2025-10-03,9:40:14.477504151,T,TGT,F I,40,89.73
2025-10-03,9:40:14.511211509,T,TGT,F I,2,89.72
2025-10-03,9:40:14.511262671,T,TGT,I,98,89.72
2025-10-03,9:40:18.790929563,T,TGT,F I,5,89.76
2025-10-03,9:40:23.867849970,T,TGT,F I,6,89.8
2025-10-03,9:40:31.048005200,T,TGT,,123,89.82
2025-10-03,9:40:31.048008224,T,TGT,,100,89.82
2025-10-03,9:40:31.048023266,T,TGT,F,1401,89.83
2025-10-03,9:40:31.048026216,T,TGT,F,356,89.83
2025-10-03,9:40:31.048053438,T,TGT,F I,12,89.83
2025-10-03,9:40:52.048471052,T,TGT,I,2,89.75
2025-10-03,9:40:53.543365554,T,TGT,F I,3,89.8
2025-10-03,9:40:53.543927913,T,TGT,I,62,89.78
2025-10-03,9:40:53.543933848,T,TGT,F I,38,89.78
2025-10-03,9:40:53.543936924,T,TGT,F I,24,89.77
2025-10-03,9:40:53.543945860,T,TGT,F I,18,89.77
2025-10-03,9:41:04.481146872,T,TGT,F I,3,89.74
2025-10-03,9:41:04.481198389,T,TGT,F I,41,89.74
2025-10-03,9:41:04.481201045,T,TGT,F I,10,89.74
2025-10-03,9:41:04.481204013,T,TGT,F I,4,89.74
2025-10-03,9:41:04.517894393,T,TGT,F I,42,89.76
2025-10-03,9:41:04.517927581,T,TGT,,100,89.76
2025-10-03,9:41:04.517963632,T,TGT,I,36,89.76
2025-10-03,9:41:06.282985736,T,TGT,F I,6,89.75
2025-10-03,9:41:06.283009797,T,TGT,F I,10,89.75
2025-10-03,9:41:06.283051821,T,TGT,I,12,89.75
2025-10-03,9:41:15.236922716,T,TGT,,100,89.765
2025-10-03,9:41:18.559364333,T,TGT,F I,10,89.8
2025-10-03,9:41:18.559565724,T,TGT,I,10,89.8
2025-10-03,9:41:20.827364609,T,TGT,F I,33,89.76
2025-10-03,9:41:20.868978492,T,TGT,F I,4,89.76
2025-10-03,9:41:20.934260296,T,TGT,F I,4,89.74
2025-10-03,9:41:20.934663160,T,TGT,F I,59,89.73
2025-10-03,9:41:20.935135343,T,TGT,I,27,89.73
2025-10-03,9:41:20.935998403,T,TGT,I,34,89.75
2025-10-03,9:41:29.110117844,T,TGT,,100,89.76
2025-10-03,9:41:29.110117844,T,TGT,I,5,89.77
2025-10-03,9:41:29.110120524,T,TGT,,100,89.77
2025-10-03,9:41:29.110123752,T,TGT,I,10,89.78
2025-10-03,9:41:29.110123752,T,TGT,,100,89.78
2025-10-03,9:41:29.110126686,T,TGT,,677,89.78
2025-10-03,9:41:29.110126686,T,TGT,I,50,89.78
2025-10-03,9:41:29.110634781,T,TGT,,100,89.78
2025-10-03,9:41:29.110661914,T,TGT,I,50,89.78
2025-10-03,9:41:29.111101228,T,TGT,F,100,89.78
2025-10-03,9:41:29.111116049,T,TGT,F,100,89.78
2025-10-03,9:41:32.473919527,T,TGT,F I,1,89.75
2025-10-03,9:41:36.718387704,T,TGT,F I,10,89.7
2025-10-03,9:41:36.718387704,T,TGT,F I,5,89.7
2025-10-03,9:41:36.718390671,T,TGT,F I,25,89.7
2025-10-03,9:41:39.757656613,T,TGT,,100,89.705
2025-10-03,9:41:42.500918211,T,TGT,,100,89.695
2025-10-03,9:41:53.255404020,T,TGT,F I,1,89.66
2025-10-03,9:41:53.255404020,T,TGT,F,225,89.66
2025-10-03,9:41:53.255422282,T,TGT,I,1,89.66
2025-10-03,9:41:53.255431025,T,TGT,F I,10,89.66
2025-10-03,9:41:53.255436971,T,TGT,I,30,89.66
2025-10-03,9:41:53.255452086,T,TGT,,100,89.66
2025-10-03,9:41:53.255455139,T,TGT,F,100,89.66
2025-10-03,9:41:53.255458081,T,TGT,I,34,89.66
2025-10-03,9:41:56.304512136,T,TGT,F I,5,89.69
2025-10-03,9:41:56.462117660,T,TGT,F I,71,89.7
2025-10-03,9:42:02.641699259,T,TGT,F I,2,89.67
2025-10-03,9:42:02.641699259,T,TGT,F I,1,89.67
2025-10-03,9:42:02.641861665,T,TGT,I,3,89.67
2025-10-03,9:42:20.847727490,T,TGT,F I,93,89.66
2025-10-03,9:42:20.847823720,T,TGT,F I,82,89.65
2025-10-03,9:42:20.847826670,T,TGT,F I,1,89.65
2025-10-03,9:42:21.482191023,T,TGT,F,100,89.64
2025-10-03,9:42:21.482236221,T,TGT,F I,4,89.64
2025-10-03,9:42:21.482239171,T,TGT,F I,5,89.64
2025-10-03,9:42:22.236905205,T,TGT,I,1,89.62
2025-10-03,9:42:22.236905205,T,TGT,I,1,89.62
2025-10-03,9:42:22.236911153,T,TGT,I,30,89.62
2025-10-03,9:42:22.236911153,T,TGT,I,66,89.62
2025-10-03,9:42:22.236914136,T,TGT,,100,89.62
2025-10-03,9:42:23.645704494,T,TGT,I,1,89.61
2025-10-03,9:42:32.179330183,T,TGT,F I,50,89.64
2025-10-03,9:42:36.975832402,T,TGT,F,350,89.6
2025-10-03,9:42:36.975832402,T,TGT,F I,7,89.6
2025-10-03,9:42:36.975835425,T,TGT,F I,21,89.6
2025-10-03,9:42:36.976046026,T,TGT,F I,4,89.59
2025-10-03,9:42:36.976091764,T,TGT,F I,16,89.59
2025-10-03,9:42:36.976094464,T,TGT,F I,46,89.59
2025-10-03,9:42:36.976094464,T,TGT,I,54,89.59
2025-10-03,9:42:36.976097139,T,TGT,I,4,89.59
2025-10-03,9:42:37.724042051,T,TGT,F,100,89.6
2025-10-03,9:42:40.001623841,T,TGT,I,20,89.59
2025-10-03,9:42:40.001626140,T,TGT,I,1,89.59
2025-10-03,9:42:41.327788865,T,TGT,I,85,89.59
2025-10-03,9:42:41.327791739,T,TGT,,125,89.59
2025-10-03,9:42:41.328275763,T,TGT,,100,89.58
2025-10-03,9:42:41.328492362,T,TGT,,100,89.58
2025-10-03,9:42:41.328528535,T,TGT,I,10,89.59
2025-10-03,9:42:42.183251726,T,TGT,I,83,89.59
2025-10-03,9:42:42.183272793,T,TGT,I,1,89.59
2025-10-03,9:42:47.789478371,T,TGT,,100,89.61
2025-10-03,9:42:47.789478371,T,TGT,I,10,89.61
2025-10-03,9:42:48.600349046,T,TGT,,100,89.59
2025-10-03,9:42:48.600352573,T,TGT,I,10,89.59
2025-10-03,9:42:48.600352573,T,TGT,I,1,89.59
2025-10-03,9:42:49.840902559,T,TGT,F I,40,89.62
2025-10-03,9:42:54.534773242,T,TGT,F I,10,89.6
2025-10-03,9:43:03.104797744,T,TGT,F I,50,89.62
2025-10-03,9:43:03.155998135,T,TGT,I,59,89.64
2025-10-03,9:43:03.156000718,T,TGT,I,10,89.64
2025-10-03,9:43:03.325021420,T,TGT,I,11,89.64
2025-10-03,9:43:03.703289610,T,TGT,F I,50,89.64
2025-10-03,9:43:03.708840765,T,TGT,F,100,89.64
2025-10-03,9:43:03.708900961,T,TGT,F,100,89.64
2025-10-03,9:43:05.432078266,T,TGT,F,100,89.64
2025-10-03,9:43:15.444224449,T,TGT,F I,2,89.65
2025-10-03,9:43:15.444654546,T,TGT,I,17,89.64
2025-10-03,9:43:21.369736548,T,TGT,I,90,89.6
2025-10-03,9:43:21.369751604,T,TGT,I,1,89.6
2025-10-03,9:43:21.369793757,T,TGT,,405,89.6
2025-10-03,9:43:26.838165771,T,TGT,I,1,89.58
2025-10-03,9:43:26.838172392,T,TGT,I,10,89.57
2025-10-03,9:43:26.838172392,T,TGT,I,6,89.57
2025-10-03,9:43:26.838177813,T,TGT,I,62,89.57
2025-10-03,9:43:26.838204844,T,TGT,I,1,89.57
2025-10-03,9:43:26.838797250,T,TGT,I,84,89.58
2025-10-03,9:43:26.838818547,T,TGT,I,1,89.58
2025-10-03,9:43:26.838827307,T,TGT,F I,60,89.58
2025-10-03,9:43:26.838830530,T,TGT,F I,40,89.58
2025-10-03,9:43:26.838830530,T,TGT,F I,60,89.58
2025-10-03,9:43:27.533055308,T,TGT,I,23,89.57
2025-10-03,9:43:27.533055308,T,TGT,I,52,89.57
2025-10-03,9:43:30.526693396,T,TGT,I,1,89.57
2025-10-03,9:43:31.333714036,T,TGT,I,7,89.57
2025-10-03,9:43:31.333717080,T,TGT,I,1,89.57
2025-10-03,9:43:31.333720012,T,TGT,,100,89.56
2025-10-03,9:43:36.334430317,T,TGT,I,11,89.55
2025-10-03,9:43:36.334433893,T,TGT,I,1,89.55
2025-10-03,9:43:36.334436380,T,TGT,,120,89.55
2025-10-03,9:43:36.334439587,T,TGT,I,1,89.55
2025-10-03,9:43:36.334441944,T,TGT,I,1,89.55
2025-10-03,9:43:37.086621020,T,TGT,,100,89.555
2025-10-03,9:43:37.089357541,T,TGT,I,3,89.555
2025-10-03,9:43:47.136116092,T,TGT,F I,50,89.55
2025-10-03,9:43:47.137120685,T,TGT,I,59,89.53
2025-10-03,9:43:48.003439386,T,TGT,F,100,89.54
2025-10-03,9:43:48.166875801,T,TGT,F I,21,89.56
2025-10-03,9:43:48.166878858,T,TGT,F I,10,89.56
2025-10-03,9:43:48.166878858,T,TGT,F I,15,89.56
2025-10-03,9:43:51.335221168,T,TGT,I,5,89.555
2025-10-03,9:43:51.335224347,T,TGT,I,21,89.54
2025-10-03,9:43:51.335224347,T,TGT,I,95,89.54
2025-10-03,9:43:52.512014763,T,TGT,I,3,89.545
2025-10-03,9:44:11.664253539,T,TGT,F I,1,89.52
2025-10-03,9:44:11.664256676,T,TGT,F I,18,89.52
2025-10-03,9:44:11.664259522,T,TGT,F I,2,89.52
2025-10-03,9:44:11.664262400,T,TGT,F I,3,89.52
2025-10-03,9:44:11.685084253,T,TGT,F I,50,89.51
2025-10-03,9:44:11.685084253,T,TGT,F I,5,89.51
2025-10-03,9:44:11.685087024,T,TGT,F I,59,89.51
2025-10-03,9:44:11.685105097,T,TGT,I,1,89.51
2025-10-03,9:44:11.685111087,T,TGT,F I,56,89.51
2025-10-03,9:44:11.685111087,T,TGT,F I,1,89.51
2025-10-03,9:44:11.685114346,T,TGT,F I,1,89.51
2025-10-03,9:44:11.685114346,T,TGT,I,72,89.51
2025-10-03,9:44:11.685123086,T,TGT,I,27,89.51
2025-10-03,9:44:14.295110168,T,TGT,F I,1,89.5
2025-10-03,9:44:14.295114016,T,TGT,F I,5,89.5
2025-10-03,9:44:14.295114016,T,TGT,F I,1,89.5
2025-10-03,9:44:14.295119747,T,TGT,F I,50,89.5
2025-10-03,9:44:14.295119747,T,TGT,F I,1,89.5
2025-10-03,9:44:14.295119747,T,TGT,F I,2,89.5
2025-10-03,9:44:14.295123867,T,TGT,F I,1,89.5
2025-10-03,9:44:14.295123867,T,TGT,F I,1,89.5
2025-10-03,9:44:14.295128569,T,TGT,F I,1,89.5
2025-10-03,9:44:14.295128569,T,TGT,F I,4,89.5
2025-10-03,9:44:14.295128569,T,TGT,F I,1,89.5
2025-10-03,9:44:14.295131632,T,TGT,F I,1,89.5
2025-10-03,9:44:14.295131632,T,TGT,F I,20,89.5
2025-10-03,9:44:14.295134266,T,TGT,F I,5,89.5
2025-10-03,9:44:14.295284666,T,TGT,F I,2,89.49
2025-10-03,9:44:14.295423190,T,TGT,I,4,89.49
2025-10-03,9:44:14.295423190,T,TGT,I,17,89.49
2025-10-03,9:44:14.351831364,T,TGT,I,1,89.47
2025-10-03,9:44:32.684554677,T,TGT,I,81,89.6
2025-10-03,9:44:32.684572722,T,TGT,F I,19,89.6
2025-10-03,9:44:32.685201210,T,TGT,I,17,89.59
2025-10-03,9:44:32.685937945,T,TGT,F I,15,89.58
2025-10-03,9:44:41.059050185,T,TGT,F I,15,89.59
2025-10-03,9:44:41.059140378,T,TGT,F I,10,89.6
2025-10-03,9:45:02.117020148,T,TGT,F I,2,89.66
2025-10-03,9:45:02.118035695,T,TGT,I,25,89.66
2025-10-03,9:45:02.118035695,T,TGT,I,10,89.66
2025-10-03,9:45:02.118039009,T,TGT,I,11,89.66
2025-10-03,9:45:05.417869842,T,TGT,I,20,89.66
2025-10-03,9:45:05.417872361,T,TGT,I,10,89.66
2025-10-03,9:45:05.418079855,T,TGT,I,10,89.65
2025-10-03,9:45:05.418082798,T,TGT,I,63,89.65
2025-10-03,9:45:05.418101349,T,TGT,I,1,89.65
2025-10-03,9:45:10.758244424,T,TGT,F I,42,89.63
2025-10-03,9:45:10.758821721,T,TGT,F I,54,89.62
2025-10-03,9:45:13.108942132,T,TGT,F I,1,89.61
2025-10-03,9:45:13.109230419,T,TGT,,100,89.61
2025-10-03,9:45:13.327249746,T,TGT,F I,20,89.62
2025-10-03,9:45:13.327252769,T,TGT,F I,10,89.62
2025-10-03,9:45:13.327255904,T,TGT,F I,12,89.62
2025-10-03,9:45:13.327258748,T,TGT,F I,18,89.62
2025-10-03,9:45:13.327276866,T,TGT,F I,32,89.62
2025-10-03,9:45:13.327294943,T,TGT,I,10,89.63
2025-10-03,9:45:14.494213024,T,TGT,F I,50,89.65
2025-10-03,9:45:14.495448980,T,TGT,F I,33,89.65
2025-10-03,9:45:19.277610079,T,TGT,,100,89.68
2025-10-03,9:45:19.426437603,T,TGT,,100,89.685
2025-10-03,9:45:22.647113629,T,TGT,F,100,89.685
2025-10-03,9:45:22.647591840,T,TGT,F I,3,89.7
2025-10-03,9:45:22.647615815,T,TGT,I,33,89.7
2025-10-03,9:45:22.647615815,T,TGT,I,1,89.7
2025-10-03,9:45:22.647627996,T,TGT,I,66,89.7
2025-10-03,9:45:22.647763242,T,TGT,,100,89.7
2025-10-03,9:45:23.666368127,T,TGT,,218,89.665
2025-10-03,9:45:25.480217274,T,TGT,F I,6,89.64
2025-10-03,9:45:25.480217274,T,TGT,F I,34,89.64
2025-10-03,9:45:25.484367137,T,TGT,I,1,89.635
2025-10-03,9:45:25.999756140,T,TGT,F I,1,89.63
2025-10-03,9:45:30.448095014,T,TGT,I,3,89.62
2025-10-03,9:45:32.756466468,T,TGT,,100,89.615
2025-10-03,9:45:35.082911166,T,TGT,F,100,89.61
2025-10-03,9:45:38.055451000,T,TGT,F I,33,89.6
2025-10-03,9:45:38.055454505,T,TGT,F I,15,89.6
2025-10-03,9:45:38.995514788,T,TGT,F I,1,89.61
2025-10-03,9:45:38.995514788,T,TGT,F I,16,89.61
2025-10-03,9:45:38.995517730,T,TGT,F I,69,89.61
2025-10-03,9:45:48.269453240,T,TGT,,100,89.575
2025-10-03,9:45:55.360328773,T,TGT,I,62,89.58
2025-10-03,9:45:55.656338879,T,TGT,F I,36,89.56
2025-10-03,9:46:00.340030382,T,TGT,F I,17,89.59
2025-10-03,9:46:00.340030382,T,TGT,F I,1,89.59
2025-10-03,9:46:00.340066494,T,TGT,I,9,89.59
2025-10-03,9:46:00.352726666,T,TGT,F I,35,89.59
2025-10-03,9:46:01.316920162,T,TGT,,100,89.61
2025-10-03,9:46:01.316923056,T,TGT,I,26,89.61
2025-10-03,9:46:01.316925891,T,TGT,,100,89.61
2025-10-03,9:46:01.316925891,T,TGT,I,49,89.61
2025-10-03,9:46:08.747349334,T,TGT,F,100,89.61
2025-10-03,9:46:09.264716903,T,TGT,F,100,89.63
2025-10-03,9:46:09.264734901,T,TGT,F I,2,89.63
2025-10-03,9:46:09.264740895,T,TGT,F I,16,89.63
2025-10-03,9:46:09.264747430,T,TGT,F I,28,89.63
2025-10-03,9:46:09.264747430,T,TGT,F I,70,89.63
2025-10-03,9:46:09.264749948,T,TGT,F I,2,89.63
2025-10-03,9:46:09.264753001,T,TGT,I,1,89.63
2025-10-03,9:46:09.264753001,T,TGT,F I,97,89.63
2025-10-03,9:46:09.264756004,T,TGT,F I,19,89.63
2025-10-03,9:46:09.264756004,T,TGT,F I,1,89.63
2025-10-03,9:46:09.264762657,T,TGT,F I,82,89.63
2025-10-03,9:46:09.264762657,T,TGT,F,116,89.63
2025-10-03,9:46:09.264762657,T,TGT,F,116,89.63
2025-10-03,9:46:09.264765084,T,TGT,F I,43,89.63
2025-10-03,9:46:09.264774116,T,TGT,I,1,89.63
2025-10-03,9:46:09.264783007,T,TGT,F I,10,89.63
2025-10-03,9:46:09.264786515,T,TGT,I,89,89.63
2025-10-03,9:46:09.264786515,T,TGT,,129,89.63
2025-10-03,9:46:09.264792113,T,TGT,F,100,89.63
2025-10-03,9:46:09.264807158,T,TGT,I,18,89.63
2025-10-03,9:46:09.264813181,T,TGT,I,82,89.63
2025-10-03,9:46:09.264816133,T,TGT,I,17,89.63
2025-10-03,9:46:09.264819152,T,TGT,F I,99,89.63
2025-10-03,9:46:09.264864294,T,TGT,F I,1,89.63
2025-10-03,9:46:09.264900362,T,TGT,F I,35,89.63
2025-10-03,9:46:09.264918340,T,TGT,F I,65,89.63
2025-10-03,9:46:09.264930391,T,TGT,F,100,89.63
2025-10-03,9:46:09.264930391,T,TGT,,216,89.63
2025-10-03,9:46:09.265336415,T,TGT,,100,89.63
2025-10-03,9:46:09.267615803,T,TGT,F,100,89.63
2025-10-03,9:46:09.267672908,T,TGT,I,50,89.63
2025-10-03,9:46:09.267967640,T,TGT,F I,11,89.64
2025-10-03,9:46:09.267970676,T,TGT,F I,11,89.64
2025-10-03,9:46:09.268806691,T,TGT,F,100,89.64
2025-10-03,9:46:09.285544857,T,TGT,I,5,89.63
2025-10-03,9:46:09.285619684,T,TGT,F,100,89.63
2025-10-03,9:46:14.462111147,T,TGT,F I,2,89.59
2025-10-03,9:46:14.462111147,T,TGT,F I,11,89.59
2025-10-03,9:46:14.462113204,T,TGT,F I,87,89.59
2025-10-03,9:46:14.943473057,T,TGT,I,25,89.58
2025-10-03,9:46:14.943954461,T,TGT,,100,89.58
2025-10-03,9:46:14.943954461,T,TGT,,100,89.58
2025-10-03,9:46:17.439632884,T,TGT,F I,34,89.59
2025-10-03,9:46:17.439638866,T,TGT,F I,7,89.59
2025-10-03,9:46:17.439904253,T,TGT,I,49,89.59
2025-10-03,9:46:17.439906517,T,TGT,I,49,89.59
2025-10-03,9:46:17.440243388,T,TGT,F,100,89.59
2025-10-03,9:46:17.440249294,T,TGT,F,100,89.59
2025-10-03,9:46:25.851871275,T,TGT,F,300,89.57
2025-10-03,9:46:25.851877399,T,TGT,F I,53,89.59
2025-10-03,9:46:25.853231356,T,TGT,F I,19,89.6
2025-10-03,9:46:25.853233591,T,TGT,F I,10,89.6
2025-10-03,9:46:25.853236475,T,TGT,F I,10,89.6
2025-10-03,9:46:25.953850330,T,TGT,F I,5,89.61
2025-10-03,9:46:25.953850330,T,TGT,F,255,89.61
2025-10-03,9:46:25.953853711,T,TGT,F I,40,89.62
2025-10-03,9:46:25.953856684,T,TGT,F I,20,89.62
2025-10-03,9:46:25.953859386,T,TGT,F I,10,89.62
2025-10-03,9:46:25.953859386,T,TGT,F I,5,89.62
2025-10-03,9:46:25.953929505,T,TGT,F I,22,89.62
2025-10-03,9:46:25.953931439,T,TGT,F,100,89.62
2025-10-03,9:46:25.954153927,T,TGT,I,17,89.61
2025-10-03,9:46:25.954157196,T,TGT,,100,89.61
2025-10-03,9:46:25.954157196,T,TGT,I,25,89.61
2025-10-03,9:46:25.955490113,T,TGT,F,100,89.61
2025-10-03,9:46:25.955493175,T,TGT,F,100,89.61
2025-10-03,9:46:25.955499035,T,TGT,F,100,89.61
2025-10-03,9:46:25.955499035,T,TGT,F I,25,89.61
2025-10-03,9:46:25.955499035,T,TGT,F I,17,89.61
2025-10-03,9:46:25.955499035,T,TGT,F,100,89.61
2025-10-03,9:46:25.955501957,T,TGT,F I,25,89.61
2025-10-03,9:46:25.955504212,T,TGT,F I,17,89.62
2025-10-03,9:46:25.955504212,T,TGT,F I,16,89.62
2025-10-03,9:46:28.063126420,T,TGT,F I,17,89.6
2025-10-03,9:46:39.506649797,T,TGT,I,5,89.6
2025-10-03,9:46:58.726471547,T,TGT,I,2,89.56
2025-10-03,9:47:00.764793781,T,TGT,I,4,89.55
2025-10-03,9:47:00.764799972,T,TGT,I,10,89.55
2025-10-03,9:47:00.764799972,T,TGT,I,13,89.55
2025-10-03,9:47:00.764799972,T,TGT,I,1,89.55
2025-10-03,9:47:06.803408183,T,TGT,F I,19,89.55
2025-10-03,9:47:06.804166094,T,TGT,F I,1,89.56
2025-10-03,9:47:06.812270345,T,TGT,I,16,89.56
2025-10-03,9:47:09.784662891,T,TGT,F I,40,89.56
2025-10-03,9:47:09.784662891,T,TGT,F I,8,89.54
2025-10-03,9:47:09.784665820,T,TGT,F I,52,89.54
2025-10-03,9:47:13.589757297,T,TGT,F I,56,89.53
2025-10-03,9:47:13.589760220,T,TGT,F I,10,89.53
2025-10-03,9:47:16.605167163,T,TGT,F,100,89.53
2025-10-03,9:47:16.605233384,T,TGT,,100,89.53
2025-10-03,9:47:16.605287468,T,TGT,F I,2,89.55
2025-10-03,9:47:16.605293442,T,TGT,F I,1,89.55
2025-10-03,9:47:19.348221349,T,TGT,F I,16,89.55
2025-10-03,9:47:19.348221349,T,TGT,F I,64,89.55
2025-10-03,9:47:23.293711140,T,TGT,F,100,89.55
2025-10-03,9:47:23.294120168,T,TGT,I,18,89.54
2025-10-03,9:47:23.294120168,T,TGT,I,10,89.54
2025-10-03,9:47:23.294126149,T,TGT,I,40,89.54
2025-10-03,9:47:23.294159757,T,TGT,,215,89.54
2025-10-03,9:47:23.294162491,T,TGT,I,30,89.54
2025-10-03,9:47:23.294162491,T,TGT,,100,89.54
2025-10-03,9:47:23.294216453,T,TGT,I,16,89.55
2025-10-03,9:47:23.294219343,T,TGT,I,18,89.55
2025-10-03,9:47:23.294222344,T,TGT,I,23,89.55
2025-10-03,9:47:23.294403010,T,TGT,I,16,89.54
2025-10-03,9:47:23.294403010,T,TGT,,100,89.54
2025-10-03,9:47:23.294405752,T,TGT,I,23,89.54
2025-10-03,9:47:23.294405752,T,TGT,I,16,89.54
2025-10-03,9:47:23.301150946,T,TGT,I,30,89.535
2025-10-03,9:47:24.270116392,T,TGT,I,30,89.54
2025-10-03,9:47:24.272687414,T,TGT,I,30,89.54
2025-10-03,9:47:24.329468750,T,TGT,I,30,89.54
2025-10-03,9:47:27.594374129,T,TGT,F I,16,89.55
2025-10-03,9:47:27.594377155,T,TGT,F I,10,89.55
2025-10-03,9:47:27.594380144,T,TGT,F I,16,89.55
2025-10-03,9:47:27.594383167,T,TGT,F I,6,89.56
2025-10-03,9:47:27.594717045,T,TGT,F I,12,89.56
2025-10-03,9:47:27.693882026,T,TGT,F I,40,89.57
2025-10-03,9:47:27.693882026,T,TGT,F I,1,89.58
2025-10-03,9:47:27.693884269,T,TGT,F I,40,89.58
2025-10-03,9:47:27.693887581,T,TGT,F I,10,89.58
2025-10-03,9:47:27.788333234,T,TGT,F I,37,89.59
2025-10-03,9:47:27.870350667,T,TGT,F I,8,89.57
2025-10-03,9:47:27.870353760,T,TGT,F I,34,89.6
2025-10-03,9:47:27.870356588,T,TGT,F I,2,89.6
2025-10-03,9:47:27.870513134,T,TGT,I,44,89.58
2025-10-03,9:47:27.870516042,T,TGT,I,10,89.58
2025-10-03,9:47:30.688526887,T,TGT,F I,24,89.57
2025-10-03,9:47:41.486823898,T,TGT,I,11,89.565
2025-10-03,9:47:41.563350229,T,TGT,I,11,89.56
2025-10-03,9:47:43.706757656,T,TGT,I,1,89.57
2025-10-03,9:47:43.896179025,T,TGT,I,1,89.57
2025-10-03,9:47:47.626704764,T,TGT,F I,42,89.57
2025-10-03,9:47:47.628036862,T,TGT,I,58,89.57
2025-10-03,9:47:55.342715460,T,TGT,F I,2,89.58
2025-10-03,9:47:55.553550759,T,TGT,F I,1,89.58
2025-10-03,9:47:58.223043711,T,TGT,F I,1,89.58
2025-10-03,9:48:16.542180680,T,TGT,I,32,89.6
2025-10-03,9:48:16.542452113,T,TGT,F I,68,89.6
2025-10-03,9:48:16.542454371,T,TGT,F I,5,89.6
2025-10-03,9:48:16.542454371,T,TGT,F I,10,89.6
2025-10-03,9:48:22.610738196,T,TGT,F I,14,89.59
2025-10-03,9:48:23.228439155,T,TGT,F I,10,89.61
2025-10-03,9:48:23.228442131,T,TGT,F I,42,89.61
2025-10-03,9:48:25.103409132,T,TGT,F I,96,89.64
2025-10-03,9:48:25.103430133,T,TGT,F I,4,89.64
2025-10-03,9:48:25.103433606,T,TGT,F I,5,89.64
2025-10-03,9:48:25.103436797,T,TGT,I,1,89.64
2025-10-03,9:48:25.103436797,T,TGT,F I,9,89.64
2025-10-03,9:48:25.103457272,T,TGT,I,1,89.64
2025-10-03,9:48:44.378213786,T,TGT,F I,89,89.64
2025-10-03,9:48:44.378219810,T,TGT,F,100,89.64
2025-10-03,9:48:44.378219810,T,TGT,F,146,89.64
2025-10-03,9:48:44.378231805,T,TGT,I,1,89.64
2025-10-03,9:48:44.378261887,T,TGT,I,99,89.64
2025-10-03,9:48:44.378276866,T,TGT,I,27,89.64
2025-10-03,9:48:50.261547401,T,TGT,I,13,89.67
2025-10-03,9:48:50.300325364,T,TGT,F I,10,89.69
2025-10-03,9:48:50.300327775,T,TGT,F I,1,89.69
2025-10-03,9:49:02.391227493,T,TGT,I,3,89.675
2025-10-03,9:49:02.581171965,T,TGT,F I,29,89.66
2025-10-03,9:49:02.581171965,T,TGT,F I,1,89.66
2025-10-03,9:49:02.581370410,T,TGT,F I,12,89.65
2025-10-03,9:49:02.581373471,T,TGT,F,100,89.65
2025-10-03,9:49:02.581376589,T,TGT,F I,1,89.65
2025-10-03,9:49:02.581749726,T,TGT,F I,94,89.65
2025-10-03,9:49:02.581779467,T,TGT,I,6,89.65
2025-10-03,9:49:02.585484266,T,TGT,I,53,89.65
2025-10-03,9:49:05.262874933,T,TGT,F I,20,89.64
2025-10-03,9:49:05.262874933,T,TGT,F I,20,89.64
2025-10-03,9:49:05.262877009,T,TGT,F I,1,89.64
2025-10-03,9:49:14.420477120,T,TGT,I,5,89.73
2025-10-03,9:49:14.420817064,T,TGT,F I,34,89.74
2025-10-03,9:49:14.421000409,T,TGT,I,21,89.73
2025-10-03,9:49:14.421024444,T,TGT,I,1,89.73
2025-10-03,9:49:14.421055072,T,TGT,I,16,89.73
2025-10-03,9:49:14.421057539,T,TGT,I,10,89.73
2025-10-03,9:49:18.507003989,T,TGT,I,17,89.73
2025-10-03,9:49:18.507003989,T,TGT,I,39,89.73
2025-10-03,9:49:18.507030039,T,TGT,F I,7,89.74
2025-10-03,9:49:20.867184966,T,TGT,F I,5,89.75
2025-10-03,9:49:20.867187893,T,TGT,F,100,89.75
2025-10-03,9:49:20.867187893,T,TGT,F I,10,89.75
2025-10-03,9:49:20.867687084,T,TGT,I,1,89.76
2025-10-03,9:49:20.867714199,T,TGT,F I,2,89.76
2025-10-03,9:49:20.867786635,T,TGT,,100,89.76
2025-10-03,9:49:20.867786635,T,TGT,,100,89.76
2025-10-03,9:49:20.867807430,T,TGT,I,1,89.76
2025-10-03,9:49:20.872745153,T,TGT,I,3,89.78
2025-10-03,9:49:20.872775254,T,TGT,I,14,89.78
2025-10-03,9:49:20.872778210,T,TGT,I,10,89.78
2025-10-03,9:49:20.873271372,T,TGT,I,17,89.76
2025-10-03,9:49:20.873275033,T,TGT,I,8,89.76
2025-10-03,9:49:20.873275033,T,TGT,I,3,89.76
2025-10-03,9:49:20.873277605,T,TGT,I,3,89.76
2025-10-03,9:49:20.873281402,T,TGT,I,3,89.76
2025-10-03,9:49:20.873281402,T,TGT,I,10,89.76
2025-10-03,9:49:20.873283436,T,TGT,I,21,89.76
2025-10-03,9:49:20.876317707,T,TGT,I,1,89.76
2025-10-03,9:49:20.889188360,T,TGT,I,23,89.76
2025-10-03,9:49:20.889188360,T,TGT,I,16,89.76
2025-10-03,9:49:23.202010447,T,TGT,F I,10,89.79
2025-10-03,9:49:23.202016480,T,TGT,F I,22,89.79
2025-10-03,9:49:23.202016480,T,TGT,F I,50,89.79
2025-10-03,9:49:28.031946399,T,TGT,I,1,89.82
2025-10-03,9:49:35.558430861,T,TGT,I,79,89.82
2025-10-03,9:49:47.669857484,T,TGT,I,2,89.84
2025-10-03,9:49:47.670104176,T,TGT,I,40,89.82
2025-10-03,9:49:51.741515876,T,TGT,I,40,89.84
2025-10-03,9:49:53.321979175,T,TGT,I,20,89.84
2025-10-03,9:49:56.831156456,T,TGT,F I,55,89.88
2025-10-03,9:49:56.831457205,T,TGT,I,1,89.89
2025-10-03,9:50:01.397391638,T,TGT,,100,89.92
2025-10-03,9:50:01.397394657,T,TGT,I,9,89.91
2025-10-03,9:50:01.397394657,T,TGT,I,10,89.91
2025-10-03,9:50:01.397398266,T,TGT,I,51,89.9
2025-10-03,9:50:01.397398266,T,TGT,I,10,89.9
2025-10-03,9:50:01.397403361,T,TGT,I,10,89.9
2025-10-03,9:50:01.397403361,T,TGT,I,18,89.9
2025-10-03,9:50:07.600345109,T,TGT,F I,10,89.87
2025-10-03,9:50:07.600348132,T,TGT,F I,14,89.87
2025-10-03,9:50:07.600350430,T,TGT,F I,47,89.86
2025-10-03,9:50:07.600350430,T,TGT,F I,10,89.86
2025-10-03,9:50:07.600353689,T,TGT,F I,20,89.86
2025-10-03,9:50:07.600353689,T,TGT,F I,50,89.86
2025-10-03,9:50:07.601192466,T,TGT,F I,40,89.84
2025-10-03,9:50:07.601345900,T,TGT,F I,25,89.83
2025-10-03,9:50:07.601348930,T,TGT,F I,2,89.83
2025-10-03,9:50:07.601348930,T,TGT,F I,49,89.83
2025-10-03,9:50:07.601351905,T,TGT,F I,4,89.83
2025-10-03,9:50:07.601351905,T,TGT,F I,1,89.83
2025-10-03,9:50:07.601409004,T,TGT,I,52,89.84
2025-10-03,9:50:07.601458109,T,TGT,I,20,89.85
2025-10-03,9:50:07.601458109,T,TGT,I,10,89.85
2025-10-03,9:50:07.601496176,T,TGT,I,17,89.84
2025-10-03,9:50:07.601499582,T,TGT,I,18,89.84
2025-10-03,9:50:07.601499582,T,TGT,I,3,89.83
2025-10-03,9:50:07.601502229,T,TGT,I,62,89.83
2025-10-03,9:50:07.601688656,T,TGT,I,20,89.85
2025-10-03,9:50:07.601692189,T,TGT,,100,89.85
2025-10-03,9:50:07.601692189,T,TGT,I,14,89.85
2025-10-03,9:50:07.601694632,T,TGT,I,3,89.85
2025-10-03,9:50:07.601809357,T,TGT,F I,10,89.84
2025-10-03,9:50:07.601812328,T,TGT,F,100,89.84
2025-10-03,9:50:07.601815624,T,TGT,F I,18,89.84
2025-10-03,9:50:07.601819167,T,TGT,F I,19,89.84
2025-10-03,9:50:07.601819167,T,TGT,F I,19,89.84
2025-10-03,9:50:07.601824750,T,TGT,F I,20,89.84
2025-10-03,9:50:07.601824750,T,TGT,F I,38,89.83
2025-10-03,9:50:07.601824750,T,TGT,F I,20,89.83
2025-10-03,9:50:07.602269127,T,TGT,F I,42,89.84
2025-10-03,9:50:07.602272079,T,TGT,F I,13,89.84
2025-10-03,9:50:07.602332227,T,TGT,I,9,89.84
2025-10-03,9:50:07.602356229,T,TGT,I,1,89.84
2025-10-03,9:50:07.602533634,T,TGT,F I,40,89.83
2025-10-03,9:50:07.604350745,T,TGT,F,100,89.83
2025-10-03,9:50:07.604353061,T,TGT,F I,25,89.83
2025-10-03,9:50:07.604356384,T,TGT,F,100,89.83
2025-10-03,9:50:07.604389663,T,TGT,I,18,89.83
2025-10-03,9:50:07.651252786,T,TGT,I,82,89.83
2025-10-03,9:50:07.651252786,T,TGT,,100,89.83
2025-10-03,9:50:07.651282824,T,TGT,I,5,89.83
2025-10-03,9:50:07.651291884,T,TGT,I,77,89.83
2025-10-03,9:50:13.729026454,T,TGT,,100,89.83
2025-10-03,9:50:13.729041431,T,TGT,I,1,89.83
2025-10-03,9:50:13.729062704,T,TGT,I,39,89.83
2025-10-03,9:50:13.729077597,T,TGT,I,1,89.83
2025-10-03,9:50:13.729086570,T,TGT,I,59,89.83
2025-10-03,9:50:13.729086570,T,TGT,,100,89.83
2025-10-03,9:50:13.729090082,T,TGT,I,39,89.83
2025-10-03,9:50:13.729182780,T,TGT,,100,89.82
2025-10-03,9:50:13.729182780,T,TGT,I,20,89.82
2025-10-03,9:50:13.730963389,T,TGT,F I,1,89.81
2025-10-03,9:50:13.730963389,T,TGT,F I,3,89.81
2025-10-03,9:50:13.781760604,T,TGT,,150,89.81
2025-10-03,9:50:13.781763060,T,TGT,I,18,89.82
2025-10-03,9:50:13.781763060,T,TGT,,736,89.82
2025-10-03,9:50:13.781781117,T,TGT,F I,50,89.82
2025-10-03,9:50:13.781784180,T,TGT,F,100,89.82
2025-10-03,9:50:13.781793111,T,TGT,F,150,89.82
2025-10-03,9:50:13.781802255,T,TGT,I,32,89.82
2025-10-03,9:50:14.349572887,T,TGT,F,100,89.83
2025-10-03,9:50:14.349587906,T,TGT,F I,18,89.83
2025-10-03,9:50:14.349608966,T,TGT,F I,82,89.83
2025-10-03,9:50:14.349629961,T,TGT,F I,18,89.83
2025-10-03,9:50:14.349987937,T,TGT,I,82,89.83
2025-10-03,9:50:14.349987937,T,TGT,,100,89.83
2025-10-03,9:50:14.350318623,T,TGT,F,198,89.82
2025-10-03,9:50:14.383541769,T,TGT,I,97,89.82
2025-10-03,9:50:22.276391712,T,TGT,F,100,89.83
2025-10-03,9:50:22.276409746,T,TGT,I,1,89.83
2025-10-03,9:50:22.277516347,T,TGT,I,14,89.81
2025-10-03,9:50:22.567581429,T,TGT,F I,14,89.82
2025-10-03,9:50:26.419085447,T,TGT,F I,99,89.83
2025-10-03,9:50:26.419085447,T,TGT,F,100,89.83
2025-10-03,9:50:26.419103549,T,TGT,I,1,89.83
2025-10-03,9:50:26.419391976,T,TGT,,100,89.82
2025-10-03,9:50:26.419401021,T,TGT,,100,89.82
2025-10-03,9:50:26.419404033,T,TGT,I,20,89.82
2025-10-03,9:50:26.419434133,T,TGT,,300,89.82
2025-10-03,9:50:27.216525491,T,TGT,F,100,89.82
2025-10-03,9:50:27.216525491,T,TGT,F,100,89.82
2025-10-03,9:50:27.217084569,T,TGT,I,99,89.83
2025-10-03,9:50:27.217084569,T,TGT,,100,89.83
2025-10-03,9:50:27.582364646,T,TGT,I,1,89.83
2025-10-03,9:50:27.582382705,T,TGT,F I,99,89.83
2025-10-03,9:50:27.582385774,T,TGT,F I,18,89.83
2025-10-03,9:50:27.582385774,T,TGT,F I,82,89.83
2025-10-03,9:50:27.582388864,T,TGT,F I,17,89.83
2025-10-03,9:50:27.582418848,T,TGT,I,4,89.83
2025-10-03,9:50:27.582439856,T,TGT,I,26,89.83
2025-10-03,9:50:27.582617259,T,TGT,F I,70,89.83
2025-10-03,9:50:27.582620255,T,TGT,F I,30,89.83
2025-10-03,9:50:27.583197679,T,TGT,I,26,89.83
2025-10-03,9:50:27.845777252,T,TGT,F I,44,89.83
2025-10-03,9:50:27.845777252,T,TGT,F I,56,89.83
2025-10-03,9:50:30.027652592,T,TGT,I,1,89.81
2025-10-03,9:50:30.546165792,T,TGT,I,1,89.81
2025-10-03,9:50:32.552648031,T,TGT,I,44,89.83
2025-10-03,9:50:32.552654020,T,TGT,,100,89.83
2025-10-03,9:50:32.552654020,T,TGT,,144,89.83
2025-10-03,9:50:35.349939376,T,TGT,F I,87,89.83
2025-10-03,9:50:35.349960439,T,TGT,F,1913,89.83
2025-10-03,9:50:35.350255062,T,TGT,I,23,89.82
2025-10-03,9:50:35.350282401,T,TGT,I,77,89.82
2025-10-03,9:50:35.350282401,T,TGT,,100,89.82
2025-10-03,9:50:35.350285203,T,TGT,I,10,89.82
2025-10-03,9:50:36.877305301,T,TGT,I,13,89.81
2025-10-03,9:50:36.985911905,T,TGT,I,56,89.79
2025-10-03,9:50:36.985911905,T,TGT,I,1,89.79
2025-10-03,9:50:41.335982676,T,TGT,F I,50,89.82
2025-10-03,9:50:41.335982676,T,TGT,F I,10,89.82
2025-10-03,9:50:50.904097510,T,TGT,F I,15,89.78
2025-10-03,9:50:50.904097510,T,TGT,F I,10,89.78
2025-10-03,9:50:50.904100148,T,TGT,F I,1,89.78
2025-10-03,9:50:50.904100148,T,TGT,F I,24,89.78
2025-10-03,9:50:50.904103078,T,TGT,F I,1,89.78
2025-10-03,9:50:50.904175320,T,TGT,F I,15,89.77
2025-10-03,9:50:50.904175320,T,TGT,F I,6,89.77
2025-10-03,9:50:50.905729960,T,TGT,F I,5,89.76
2025-10-03,9:50:50.906271225,T,TGT,F I,6,89.75
2025-10-03,9:50:50.906274642,T,TGT,F I,6,89.75
2025-10-03,9:50:50.906274642,T,TGT,F I,5,89.75
2025-10-03,9:50:50.911603262,T,TGT,F I,20,89.73
2025-10-03,9:50:50.911606015,T,TGT,F I,24,89.73
2025-10-03,9:50:50.911606015,T,TGT,F I,3,89.73
2025-10-03,9:50:50.915437873,T,TGT,F I,2,89.72
2025-10-03,9:50:50.915440062,T,TGT,F I,1,89.72
2025-10-03,9:50:50.915443076,T,TGT,F I,1,89.72
2025-10-03,9:50:52.206361986,T,TGT,F I,24,89.7
2025-10-03,9:50:52.206361986,T,TGT,F I,1,89.7
2025-10-03,9:50:52.206364674,T,TGT,F I,20,89.7
2025-10-03,9:50:52.206364674,T,TGT,F I,10,89.7
2025-10-03,9:50:52.206849174,T,TGT,I,6,89.68
2025-10-03,9:50:52.206849174,T,TGT,I,6,89.68
2025-10-03,9:50:52.206851943,T,TGT,I,7,89.68
2025-10-03,9:50:52.206851943,T,TGT,I,1,89.68
2025-10-03,9:50:52.206855616,T,TGT,I,2,89.68
2025-10-03,9:50:52.206857775,T,TGT,I,1,89.68
2025-10-03,9:50:52.428407591,T,TGT,I,1,89.68
2025-10-03,9:50:53.366014344,T,TGT,F,100,89.7
2025-10-03,9:50:53.366014344,T,TGT,F,100,89.7
2025-10-03,9:50:53.366420330,T,TGT,F,100,89.7
2025-10-03,9:50:53.366420330,T,TGT,F I,13,89.7
2025-10-03,9:50:53.366429364,T,TGT,F I,4,89.7
2025-10-03,9:50:53.366441462,T,TGT,F I,83,89.7
2025-10-03,9:50:53.366444403,T,TGT,F,100,89.7
2025-10-03,9:50:56.783692909,T,TGT,F I,1,89.67
2025-10-03,9:50:56.783692909,T,TGT,F I,10,89.67
2025-10-03,9:50:56.784913768,T,TGT,F I,10,89.65
2025-10-03,9:50:56.952133183,T,TGT,F I,2,89.63
2025-10-03,9:50:56.952136713,T,TGT,F I,1,89.63
2025-10-03,9:50:56.956767390,T,TGT,I,7,89.62
2025-10-03,9:50:59.179124712,T,TGT,I,65,89.65
2025-10-03,9:51:03.676874273,T,TGT,F I,8,89.65
2025-10-03,9:51:03.676925831,T,TGT,F I,2,89.65
2025-10-03,9:51:03.676928359,T,TGT,F I,98,89.65
2025-10-03,9:51:03.676934330,T,TGT,F I,2,89.65
2025-10-03,9:51:03.677183968,T,TGT,F I,4,89.65
2025-10-03,9:51:03.677391465,T,TGT,F I,44,89.65
2025-10-03,9:51:05.431266019,T,TGT,F I,32,89.66
2025-10-03,9:51:11.857669407,T,TGT,F,100,89.66
2025-10-03,9:51:15.250679990,T,TGT,I,2,89.68
2025-10-03,9:51:16.082196984,T,TGT,F I,9,89.64
2025-10-03,9:51:16.082203091,T,TGT,F I,10,89.64
2025-10-03,9:51:16.082206084,T,TGT,F I,1,89.64
2025-10-03,9:51:16.082266205,T,TGT,F I,10,89.63
2025-10-03,9:51:16.082290228,T,TGT,F I,11,89.63
2025-10-03,9:51:16.123118448,T,TGT,I,2,89.62
2025-10-03,9:51:17.257610298,T,TGT,F I,1,89.59
2025-10-03,9:51:26.104865265,T,TGT,F I,19,89.6
2025-10-03,9:51:33.885590273,T,TGT,I,88,89.65
2025-10-03,9:51:33.885593216,T,TGT,I,17,89.65
2025-10-03,9:51:34.277174581,T,TGT,F I,10,89.64
2025-10-03,9:51:34.277177226,T,TGT,F I,4,89.64
2025-10-03,9:51:34.277691407,T,TGT,F,100,89.62
2025-10-03,9:51:34.278142437,T,TGT,F,100,89.63
2025-10-03,9:51:34.278187980,T,TGT,F,200,89.63
2025-10-03,9:51:34.278193622,T,TGT,I,21,89.64
2025-10-03,9:51:34.278205998,T,TGT,I,19,89.64
2025-10-03,9:51:34.278221092,T,TGT,I,40,89.64
2025-10-03,9:51:34.278247675,T,TGT,F I,16,89.63
2025-10-03,9:51:34.278280836,T,TGT,F I,40,89.63
2025-10-03,9:51:35.834236400,T,TGT,F I,1,89.64
2025-10-03,9:51:35.834236400,T,TGT,F I,20,89.63
2025-10-03,9:51:35.834239191,T,TGT,F,100,89.63
2025-10-03,9:51:35.834239191,T,TGT,F I,40,89.63
2025-10-03,9:51:35.834241894,T,TGT,F I,29,89.63
2025-10-03,9:51:35.834263127,T,TGT,F I,1,89.63
2025-10-03,9:51:35.834263127,T,TGT,F I,1,89.63
2025-10-03,9:51:35.834301943,T,TGT,F I,1,89.63
2025-10-03,9:51:35.834335092,T,TGT,I,98,89.63
2025-10-03,9:51:35.834383199,T,TGT,F,100,89.63
2025-10-03,9:51:40.124647636,T,TGT,F,100,89.62
2025-10-03,9:51:40.124647636,T,TGT,F I,10,89.62
2025-10-03,9:51:40.124665401,T,TGT,I,1,89.62
2025-10-03,9:51:44.936332805,T,TGT,F I,1,89.63
2025-10-03,9:51:44.936353883,T,TGT,I,19,89.63
2025-10-03,9:51:44.936408025,T,TGT,F I,21,89.62
2025-10-03,9:51:44.936417053,T,TGT,I,81,89.63
2025-10-03,9:51:44.936441128,T,TGT,I,1,89.63
2025-10-03,9:51:44.936874502,T,TGT,F I,15,89.61
2025-10-03,9:51:44.936877084,T,TGT,F,100,89.61
2025-10-03,9:51:44.936877084,T,TGT,F I,7,89.61
2025-10-03,9:51:44.936922195,T,TGT,F I,4,89.62
2025-10-03,9:51:44.937761191,T,TGT,F I,3,89.6
2025-10-03,9:51:44.937764275,T,TGT,F I,3,89.6
2025-10-03,9:51:44.938110016,T,TGT,I,37,89.61
2025-10-03,9:51:44.938113194,T,TGT,I,18,89.61
2025-10-03,9:51:44.938113194,T,TGT,I,15,89.61
2025-10-03,9:51:44.938116397,T,TGT,I,16,89.61
2025-10-03,9:51:44.938116397,T,TGT,I,20,89.61
2025-10-03,9:51:46.802330092,T,TGT,F I,16,89.6
2025-10-03,9:51:46.802332716,T,TGT,F I,21,89.6
2025-10-03,9:51:46.802335797,T,TGT,F I,18,89.6
2025-10-03,9:51:46.802335797,T,TGT,F I,17,89.6
2025-10-03,9:51:46.802338955,T,TGT,F I,17,89.6
2025-10-03,9:51:46.802338955,T,TGT,F I,20,89.6
2025-10-03,9:51:56.122394849,T,TGT,F I,70,89.59
2025-10-03,9:51:56.122421938,T,TGT,F I,1,89.58
2025-10-03,9:52:02.801448222,T,TGT,I,1,89.585
2025-10-03,9:52:07.614180117,T,TGT,I,1,89.58
2025-10-03,9:52:16.499129859,T,TGT,F I,20,89.61
2025-10-03,9:52:16.499132939,T,TGT,F I,6,89.61
2025-10-03,9:52:16.499135758,T,TGT,F I,12,89.61
2025-10-03,9:52:16.499139440,T,TGT,F I,2,89.61
2025-10-03,9:52:16.499141886,T,TGT,F I,15,89.61
2025-10-03,9:52:16.499141886,T,TGT,F I,7,89.61
2025-10-03,9:52:18.941554710,T,TGT,,100,89.605
2025-10-03,9:52:27.944289198,T,TGT,F I,30,89.61
2025-10-03,9:52:27.944292285,T,TGT,F,255,89.61
2025-10-03,9:52:27.944294997,T,TGT,F,192,89.61
2025-10-03,9:52:30.077586367,T,TGT,I,19,89.58
2025-10-03,9:52:30.077875057,T,TGT,,100,89.58
2025-10-03,9:52:30.077875057,T,TGT,,100,89.58
2025-10-03,9:52:30.077878060,T,TGT,,100,89.58
2025-10-03,9:52:55.541328339,T,TGT,F I,3,89.57
2025-10-03,9:52:55.541330990,T,TGT,F I,97,89.57
2025-10-03,9:52:55.581494650,T,TGT,I,3,89.57
2025-10-03,9:52:55.581639033,T,TGT,F I,10,89.575
2025-10-03,9:52:55.581639033,T,TGT,F I,11,89.58
2025-10-03,9:52:55.581642056,T,TGT,F I,10,89.58
2025-10-03,9:52:55.581744220,T,TGT,F I,13,89.59
2025-10-03,9:52:55.581748014,T,TGT,F,100,89.59
2025-10-03,9:52:55.581750304,T,TGT,F I,40,89.59
2025-10-03,9:52:55.614829182,T,TGT,I,13,89.58
2025-10-03,9:52:55.614832135,T,TGT,I,3,89.58
2025-10-03,9:53:01.593694203,T,TGT,I,6,89.575
2025-10-03,9:53:01.593697510,T,TGT,I,1,89.575
2025-10-03,9:53:01.593697510,T,TGT,I,28,89.56
2025-10-03,9:53:01.593736405,T,TGT,F I,39,89.57
2025-10-03,9:53:01.594004061,T,TGT,F I,67,89.58
2025-10-03,9:53:01.594085251,T,TGT,,100,89.58
2025-10-03,9:53:01.594088557,T,TGT,I,21,89.58
2025-10-03,9:53:01.594088557,T,TGT,I,21,89.58
2025-10-03,9:53:01.594091519,T,TGT,,100,89.57
2025-10-03,9:53:01.594187450,T,TGT,,972,89.56
2025-10-03,9:53:01.906397315,T,TGT,F I,18,89.57
2025-10-03,9:53:01.906428032,T,TGT,I,3,89.57
2025-10-03,9:53:03.063927048,T,TGT,F,100,89.59
2025-10-03,9:53:03.936543029,T,TGT,F I,11,89.59
2025-10-03,9:53:03.936546215,T,TGT,F I,21,89.59
2025-10-03,9:53:03.936548896,T,TGT,F I,68,89.59
2025-10-03,9:53:03.936564576,T,TGT,F I,32,89.59
2025-10-03,9:53:03.936566901,T,TGT,F I,2,89.59
2025-10-03,9:53:05.193510482,T,TGT,,100,89.595
2025-10-03,9:53:05.193510482,T,TGT,I,81,89.61
2025-10-03,9:53:05.194000745,T,TGT,,100,89.6
2025-10-03,9:53:05.194262771,T,TGT,I,84,89.61
2025-10-03,9:53:05.194262771,T,TGT,I,40,89.61
2025-10-03,9:53:05.194265799,T,TGT,I,20,89.61
2025-10-03,9:53:05.194268326,T,TGT,I,10,89.61
2025-10-03,9:53:05.194271519,T,TGT,I,1,89.61
2025-10-03,9:53:05.194286332,T,TGT,F,112,89.61
2025-10-03,9:53:05.194523872,T,TGT,,111,89.61
2025-10-03,9:53:05.196472591,T,TGT,I,17,89.62
2025-10-03,9:53:05.196496603,T,TGT,I,1,89.62
2025-10-03,9:53:05.196626056,T,TGT,I,2,89.62
2025-10-03,9:53:05.196628908,T,TGT,I,3,89.62
2025-10-03,9:53:27.906418199,T,TGT,I,8,89.64
2025-10-03,9:53:27.906418199,T,TGT,I,5,89.64
2025-10-03,9:53:27.906908600,T,TGT,,175,89.64
2025-10-03,9:53:27.907152217,T,TGT,F I,30,89.64
2025-10-03,9:53:27.907155550,T,TGT,I,50,89.64
2025-10-03,9:53:27.907155550,T,TGT,I,18,89.63
2025-10-03,9:53:27.907158435,T,TGT,,100,89.63
2025-10-03,9:53:27.907161050,T,TGT,I,17,89.63
2025-10-03,9:53:27.907179029,T,TGT,I,1,89.63
2025-10-03,9:53:27.946633020,T,TGT,F I,18,89.64
2025-10-03,9:53:33.095241255,T,TGT,F I,4,89.65
2025-10-03,9:53:33.179793670,T,TGT,F,100,89.67
2025-10-03,9:53:37.426478494,T,TGT,F I,40,89.67
2025-10-03,9:53:37.426481127,T,TGT,F I,10,89.67
2025-10-03,9:53:37.427284018,T,TGT,F,100,89.66
2025-10-03,9:53:37.528231530,T,TGT,,100,89.65
2025-10-03,9:53:37.528261582,T,TGT,I,1,89.65
2025-10-03,9:53:37.528273639,T,TGT,F I,54,89.65
2025-10-03,9:53:37.528285638,T,TGT,I,1,89.65
2025-10-03,9:53:37.528300642,T,TGT,F I,44,89.65
2025-10-03,9:53:37.528303671,T,TGT,F I,12,89.65
2025-10-03,9:53:38.410909818,T,TGT,F I,40,89.68
2025-10-03,9:53:38.410909818,T,TGT,F I,10,89.68
2025-10-03,9:53:38.410909818,T,TGT,F I,50,89.68
2025-10-03,9:53:38.410912508,T,TGT,F I,10,89.69
2025-10-03,9:53:38.410915449,T,TGT,F I,20,89.69
2025-10-03,9:53:38.410915449,T,TGT,F I,40,89.69
2025-10-03,9:53:39.652501926,T,TGT,I,1,89.69
2025-10-03,9:53:45.146359131,T,TGT,I,1,89.71
2025-10-03,9:53:45.146380165,T,TGT,I,22,89.71
2025-10-03,9:53:46.377480084,T,TGT,I,63,89.72
2025-10-03,9:53:46.377492167,T,TGT,F I,37,89.72
2025-10-03,9:53:46.378225877,T,TGT,F I,43,89.74
2025-10-03,9:53:46.378676943,T,TGT,I,2,89.72
2025-10-03,9:53:46.378679918,T,TGT,I,10,89.72
2025-10-03,9:53:47.442825297,T,TGT,I,19,89.71
2025-10-03,9:53:47.453870619,T,TGT,F I,15,89.7
2025-10-03,9:53:47.453873770,T,TGT,F I,1,89.7
2025-10-03,9:53:47.453876662,T,TGT,F I,20,89.69
2025-10-03,9:53:47.453876662,T,TGT,F I,3,89.69
2025-10-03,9:53:49.857881933,T,TGT,I,1,89.7
2025-10-03,9:53:49.857945001,T,TGT,I,50,89.7
2025-10-03,9:53:49.857969096,T,TGT,I,1,89.7
2025-10-03,9:53:58.006392129,T,TGT,F I,8,89.71
2025-10-03,9:53:58.006636259,T,TGT,F I,2,89.7
2025-10-03,9:54:05.237958241,T,TGT,I,17,89.73
2025-10-03,9:54:05.237958241,T,TGT,I,10,89.74
2025-10-03,9:54:05.241001011,T,TGT,,100,89.735
2025-10-03,9:54:07.700244984,T,TGT,F I,16,89.75
2025-10-03,9:54:07.745869691,T,TGT,I,1,89.76
2025-10-03,9:54:07.745917802,T,TGT,I,15,89.76
2025-10-03,9:54:07.746011036,T,TGT,I,6,89.77
2025-10-03,9:54:07.746011036,T,TGT,I,24,89.77
2025-10-03,9:54:09.061753620,T,TGT,I,10,89.79
2025-10-03,9:54:09.061831888,T,TGT,I,10,89.8
2025-10-03,9:54:09.061843911,T,TGT,I,1,89.81
2025-10-03,9:54:09.061843911,T,TGT,I,10,89.81
2025-10-03,9:54:09.061858926,T,TGT,,150,89.815
2025-10-03,9:54:09.061915993,T,TGT,I,44,89.82
2025-10-03,9:54:09.061937053,T,TGT,,100,89.82
2025-10-03,9:54:09.061946098,T,TGT,F,100,89.82
2025-10-03,9:54:09.061971149,T,TGT,I,20,89.83
2025-10-03,9:54:09.062493429,T,TGT,,255,89.825
2025-10-03,9:54:09.166839011,T,TGT,,119,89.82
2025-10-03,9:54:09.166881140,T,TGT,F,100,89.82
2025-10-03,9:54:09.190782050,T,TGT,,163,89.82
2025-10-03,9:54:09.190806071,T,TGT,F,100,89.82
2025-10-03,9:54:09.318144486,T,TGT,,216,89.82
2025-10-03,9:54:09.351262346,T,TGT,I,3,89.82
2025-10-03,9:54:09.351310513,T,TGT,,260,89.82
2025-10-03,9:54:12.711275334,T,TGT,,312,89.825
2025-10-03,9:54:13.025196216,T,TGT,I,1,89.825
2025-10-03,9:54:13.395931574,T,TGT,,135,89.825
2025-10-03,9:54:13.724719835,T,TGT,I,15,89.825
2025-10-03,9:54:13.724783024,T,TGT,,100,89.825
2025-10-03,9:54:13.724837153,T,TGT,,158,89.825
2025-10-03,9:54:13.726154250,T,TGT,I,5,89.86
2025-10-03,9:54:13.726211357,T,TGT,F I,22,89.85
2025-10-03,9:54:13.726521086,T,TGT,I,22,89.86
2025-10-03,9:54:13.726521086,T,TGT,I,30,89.86
2025-10-03,9:54:13.726575262,T,TGT,F I,12,89.85
2025-10-03,9:54:13.726581252,T,TGT,F,100,89.85
2025-10-03,9:54:13.726581252,T,TGT,F I,15,89.85
2025-10-03,9:54:13.726584614,T,TGT,F I,12,89.85
2025-10-03,9:54:13.726584614,T,TGT,F I,10,89.85
2025-10-03,9:54:13.726755810,T,TGT,I,22,89.86
2025-10-03,9:54:13.726755810,T,TGT,I,50,89.86
2025-10-03,9:54:13.726809799,T,TGT,F I,7,89.85
2025-10-03,9:54:13.726890985,T,TGT,F I,6,89.84
2025-10-03,9:54:13.726900036,T,TGT,F I,3,89.84
2025-10-03,9:54:13.726918114,T,TGT,I,3,89.84
2025-10-03,9:54:13.726918114,T,TGT,,100,89.84
2025-10-03,9:54:13.726921065,T,TGT,I,50,89.84
2025-10-03,9:54:13.726933099,T,TGT,I,7,89.85
2025-10-03,9:54:13.726933099,T,TGT,I,50,89.86
2025-10-03,9:54:13.726937023,T,TGT,I,12,89.86
2025-10-03,9:54:13.726939369,T,TGT,I,15,89.86
2025-10-03,9:54:13.726939369,T,TGT,I,12,89.86
2025-10-03,9:54:13.726942539,T,TGT,I,18,89.86
2025-10-03,9:54:13.726942539,T,TGT,I,19,89.86
2025-10-03,9:54:13.726945961,T,TGT,I,20,89.86
2025-10-03,9:54:13.726949344,T,TGT,I,18,89.86
2025-10-03,9:54:13.726949344,T,TGT,I,18,89.86
2025-10-03,9:54:13.726954192,T,TGT,I,18,89.86
2025-10-03,9:54:13.726954192,T,TGT,I,31,89.86
2025-10-03,9:54:13.726954192,T,TGT,I,3,89.86
2025-10-03,9:54:13.727143839,T,TGT,I,10,89.84
2025-10-03,9:54:13.727146956,T,TGT,I,20,89.84
2025-10-03,9:54:13.727532192,T,TGT,I,12,89.85
2025-10-03,9:54:13.727926493,T,TGT,I,9,89.85
2025-10-03,9:54:13.727926493,T,TGT,I,50,89.85
2025-10-03,9:54:13.727931579,T,TGT,I,15,89.85
2025-10-03,9:54:13.727931579,T,TGT,I,69,89.85
2025-10-03,9:54:13.727931579,T,TGT,I,8,89.85
2025-10-03,9:54:13.728121561,T,TGT,I,9,89.85
2025-10-03,9:54:13.728121561,T,TGT,I,12,89.86
2025-10-03,9:54:13.728123992,T,TGT,I,79,89.86
2025-10-03,9:54:13.728581192,T,TGT,I,13,89.85
2025-10-03,9:54:13.728584648,T,TGT,I,20,89.85
2025-10-03,9:54:13.728588192,T,TGT,I,5,89.85
2025-10-03,9:54:13.728588192,T,TGT,I,12,89.85
2025-10-03,9:54:13.728593033,T,TGT,I,12,89.83
2025-10-03,9:54:13.728593033,T,TGT,I,20,89.83
2025-10-03,9:54:13.728597071,T,TGT,I,79,89.83
2025-10-03,9:54:13.728597071,T,TGT,I,10,89.83
2025-10-03,9:54:13.728671204,T,TGT,I,31,89.85
2025-10-03,9:54:13.728671204,T,TGT,I,2,89.85
2025-10-03,9:54:13.728813292,T,TGT,I,20,89.85
2025-10-03,9:54:13.728816340,T,TGT,I,12,89.86
2025-10-03,9:54:13.728818950,T,TGT,I,6,89.86
2025-10-03,9:54:13.728818950,T,TGT,I,6,89.86
2025-10-03,9:54:13.728821645,T,TGT,I,5,89.86
2025-10-03,9:54:13.728870671,T,TGT,,100,89.85
2025-10-03,9:54:13.729167417,T,TGT,F I,14,89.85
2025-10-03,9:54:13.729206609,T,TGT,I,1,89.85
2025-10-03,9:54:13.729210322,T,TGT,I,13,89.85
2025-10-03,9:54:13.729212855,T,TGT,I,20,89.85
2025-10-03,9:54:13.729212855,T,TGT,I,1,89.85
2025-10-03,9:54:13.729274245,T,TGT,I,5,89.85
2025-10-03,9:54:13.729278728,T,TGT,I,12,89.84
2025-10-03,9:54:13.729278728,T,TGT,I,20,89.84
2025-10-03,9:54:13.729282394,T,TGT,I,10,89.83
2025-10-03,9:54:13.729282394,T,TGT,I,20,89.83
2025-10-03,9:54:13.729282394,T,TGT,I,23,89.82
2025-10-03,9:54:13.729946891,T,TGT,I,15,89.82
2025-10-03,9:54:13.729946891,T,TGT,I,6,89.82
2025-10-03,9:54:13.729949725,T,TGT,I,6,89.82
2025-10-03,9:54:13.729952300,T,TGT,I,4,89.82
2025-10-03,9:54:13.730033449,T,TGT,I,8,89.83
2025-10-03,9:54:13.730183982,T,TGT,I,4,89.83
2025-10-03,9:54:13.730183982,T,TGT,I,15,89.83
2025-10-03,9:54:13.730186829,T,TGT,I,15,89.83
2025-10-03,9:54:13.730186829,T,TGT,I,16,89.83
2025-10-03,9:54:13.730280049,T,TGT,I,30,89.83
2025-10-03,9:54:13.730391297,T,TGT,I,20,89.84
2025-10-03,9:54:13.730391297,T,TGT,I,7,89.84
2025-10-03,9:54:13.976855591,T,TGT,F I,22,89.82
2025-10-03,9:54:13.976870591,T,TGT,F I,7,89.82
2025-10-03,9:54:13.976870591,T,TGT,F I,2,89.82
2025-10-03,9:54:13.977490080,T,TGT,F I,15,89.81
2025-10-03,9:54:13.977490080,T,TGT,F I,8,89.81
2025-10-03,9:54:23.731353880,T,TGT,F I,14,89.78
2025-10-03,9:54:27.716180458,T,TGT,F I,14,89.8
2025-10-03,9:54:27.716186740,T,TGT,F I,10,89.8
2025-10-03,9:54:27.716186740,T,TGT,F I,35,89.8
2025-10-03,9:54:48.396350175,T,TGT,I,64,89.77
2025-10-03,9:54:51.945471732,T,TGT,F I,64,89.76
2025-10-03,9:55:00.000005041,T,TGT,F I,30,89.77
2025-10-03,9:55:02.327845011,T,TGT,I,1,89.76
2025-10-03,9:55:11.045208434,T,TGT,F I,14,89.79
2025-10-03,9:55:11.045313750,T,TGT,I,10,89.8
2025-10-03,9:55:11.045334732,T,TGT,I,14,89.8
2025-10-03,9:55:11.046072197,T,TGT,I,11,89.79
2025-10-03,9:55:11.046074610,T,TGT,,100,89.79
2025-10-03,9:55:11.046077624,T,TGT,I,9,89.79
2025-10-03,9:55:11.046081201,T,TGT,I,2,89.79
2025-10-03,9:55:13.937577285,T,TGT,F I,16,89.81
2025-10-03,9:55:13.937577285,T,TGT,F I,14,89.81
2025-10-03,9:55:13.938425382,T,TGT,F I,10,89.81
2025-10-03,9:55:13.938428470,T,TGT,F I,66,89.81
2025-10-03,9:55:13.938428470,T,TGT,F I,11,89.8
2025-10-03,9:55:13.938431962,T,TGT,F I,22,89.8
2025-10-03,9:55:13.938434380,T,TGT,F I,2,89.8
2025-10-03,9:55:13.938434380,T,TGT,F I,10,89.8
2025-10-03,9:55:15.467343041,T,TGT,F I,50,89.83
2025-10-03,9:55:15.467343041,T,TGT,F I,14,89.83
2025-10-03,9:55:15.467461023,T,TGT,I,14,89.82
2025-10-03,9:55:15.467461023,T,TGT,I,11,89.82
2025-10-03,9:55:15.467463602,T,TGT,I,22,89.82
2025-10-03,9:55:15.467463602,T,TGT,I,70,89.82
2025-10-03,9:55:15.467782083,T,TGT,F I,6,89.81
2025-10-03,9:55:15.467785015,T,TGT,F I,30,89.81
2025-10-03,9:55:15.467839218,T,TGT,I,22,89.82
2025-10-03,9:55:15.467902302,T,TGT,F I,11,89.82
2025-10-03,9:55:15.467902302,T,TGT,F I,48,89.82
2025-10-03,9:55:15.467902302,T,TGT,F I,11,89.82
2025-10-03,9:55:15.467920336,T,TGT,I,1,89.82
2025-10-03,9:55:15.467956478,T,TGT,F I,25,89.82
2025-10-03,9:55:15.467968988,T,TGT,,100,89.81
2025-10-03,9:55:15.467968988,T,TGT,I,11,89.81
2025-10-03,9:55:15.467971466,T,TGT,F I,8,89.82
2025-10-03,9:55:15.468305327,T,TGT,I,6,89.8
2025-10-03,9:55:15.468362511,T,TGT,,100,89.8
2025-10-03,9:55:15.468362511,T,TGT,F I,11,89.81
2025-10-03,9:55:15.468365530,T,TGT,F I,6,89.81
2025-10-03,9:55:15.468365530,T,TGT,F I,7,89.81
2025-10-03,9:55:15.468368675,T,TGT,F I,9,89.81
2025-10-03,9:55:15.468368675,T,TGT,F I,8,89.81
2025-10-03,9:55:15.468371391,T,TGT,F I,6,89.81
2025-10-03,9:55:15.468498250,T,TGT,I,16,89.8
2025-10-03,9:55:15.468651153,T,TGT,I,7,89.8
2025-10-03,9:55:15.469496113,T,TGT,I,11,89.8
2025-10-03,9:55:15.473937851,T,TGT,F I,14,89.81
2025-10-03,9:55:21.912826720,T,TGT,I,1,89.82
2025-10-03,9:55:27.477458443,T,TGT,F I,3,89.84
2025-10-03,9:55:27.477458443,T,TGT,F I,10,89.84
2025-10-03,9:55:27.477463919,T,TGT,I,12,89.84
2025-10-03,9:55:34.026373256,T,TGT,F I,30,89.87
2025-10-03,9:55:34.026373256,T,TGT,F I,5,89.87
2025-10-03,9:55:40.788650226,T,TGT,,126,89.875
2025-10-03,9:55:40.789522091,T,TGT,F,100,89.87
2025-10-03,9:55:41.153283709,T,TGT,I,60,89.885
2025-10-03,9:55:41.153458533,T,TGT,I,40,89.885
2025-10-03,9:55:41.193922534,T,TGT,F I,8,89.88
2025-10-03,9:55:41.193925505,T,TGT,F,100,89.88
2025-10-03,9:55:41.193925505,T,TGT,F I,4,89.88
2025-10-03,9:55:41.194448826,T,TGT,I,6,89.87
2025-10-03,9:55:41.194448826,T,TGT,I,49,89.87
2025-10-03,9:55:42.856409254,T,TGT,F I,2,89.85
2025-10-03,9:55:42.857130936,T,TGT,,100,89.85
2025-10-03,9:55:42.857134270,T,TGT,,100,89.85
2025-10-03,9:55:42.857136988,T,TGT,I,40,89.85
2025-10-03,9:55:44.153868252,T,TGT,F,100,89.87
2025-10-03,9:55:52.048964945,T,TGT,I,80,89.89
2025-10-03,9:56:06.748221645,T,TGT,I,1,89.82
2025-10-03,9:56:06.769229753,T,TGT,I,5,89.81
2025-10-03,9:56:06.824396111,T,TGT,I,2,89.81
2025-10-03,9:56:06.824420190,T,TGT,I,1,89.81
2025-10-03,9:56:06.824420190,T,TGT,I,1,89.81
2025-10-03,9:56:06.824432212,T,TGT,I,2,89.81
2025-10-03,9:56:06.824690842,T,TGT,I,1,89.805
2025-10-03,9:56:06.824693838,T,TGT,I,1,89.805
2025-10-03,9:56:17.390744618,T,TGT,I,2,89.8
2025-10-03,9:56:41.959547799,T,TGT,F I,2,89.8
2025-10-03,9:56:41.959977889,T,TGT,F I,5,89.8
2025-10-03,9:56:41.960828887,T,TGT,I,2,89.8
2025-10-03,9:56:41.983084975,T,TGT,I,8,89.765
2025-10-03,9:56:42.059978152,T,TGT,I,3,89.76
2025-10-03,9:56:55.103782070,T,TGT,I,10,89.77
2025-10-03,9:56:56.378840892,T,TGT,I,4,89.73
2025-10-03,9:57:03.161521110,T,TGT,I,99,89.785
2025-10-03,9:57:12.993953205,T,TGT,F,100,89.76
2025-10-03,9:57:12.994241865,T,TGT,F I,8,89.75
2025-10-03,9:57:12.994509516,T,TGT,F I,2,89.74
2025-10-03,9:57:12.994509516,T,TGT,F I,98,89.74
2025-10-03,9:57:12.994533545,T,TGT,F I,2,89.74
2025-10-03,9:57:40.126758707,T,TGT,F I,12,89.75
2025-10-03,9:57:40.126761878,T,TGT,F I,1,89.75
2025-10-03,9:57:40.126764135,T,TGT,F I,36,89.75
2025-10-03,9:57:40.126776066,T,TGT,F I,64,89.75
2025-10-03,9:57:40.406625786,T,TGT,F I,12,89.74
2025-10-03,9:57:40.407576037,T,TGT,I,9,89.71
2025-10-03,9:57:40.407579043,T,TGT,,100,89.71
2025-10-03,9:57:41.587533193,T,TGT,F I,50,89.76
2025-10-03,9:57:49.209886710,T,TGT,F I,1,89.79
2025-10-03,9:57:49.209888893,T,TGT,F I,25,89.79
2025-10-03,9:57:57.477085907,T,TGT,F,100,89.78
2025-10-03,9:57:57.484264058,T,TGT,I,40,89.78
2025-10-03,9:58:20.828418055,T,TGT,,100,89.78
2025-10-03,9:58:20.828418055,T,TGT,I,53,89.78
2025-10-03,9:58:21.901966853,T,TGT,F I,1,89.77
2025-10-03,9:58:23.535689582,T,TGT,,112,89.78
2025-10-03,9:58:23.535692688,T,TGT,I,20,89.79
2025-10-03,9:58:23.535695622,T,TGT,I,10,89.79
2025-10-03,9:58:23.535695622,T,TGT,,100,89.79
2025-10-03,9:58:23.536182844,T,TGT,I,31,89.8
2025-10-03,9:58:23.536182844,T,TGT,I,5,89.8
2025-10-03,9:58:23.536654864,T,TGT,F I,6,89.79
2025-10-03,9:58:23.536690918,T,TGT,I,42,89.79
2025-10-03,9:58:25.370706398,T,TGT,F,100,89.785
2025-10-03,9:58:25.370715575,T,TGT,F I,31,89.8
2025-10-03,9:58:25.370715575,T,TGT,F I,69,89.8
2025-10-03,9:58:25.370742676,T,TGT,I,31,89.8
2025-10-03,9:58:25.370748677,T,TGT,I,15,89.8
2025-10-03,9:58:25.370748677,T,TGT,I,1,89.8
2025-10-03,9:58:25.370748677,T,TGT,I,10,89.8
2025-10-03,9:58:32.168948641,T,TGT,I,56,89.81
2025-10-03,9:58:32.168948641,T,TGT,I,15,89.81
2025-10-03,9:58:32.757841633,T,TGT,F I,1,89.8
2025-10-03,9:58:45.614846473,T,TGT,F I,2,89.78
2025-10-03,9:58:45.614849539,T,TGT,F I,5,89.78
2025-10-03,9:58:50.274438623,T,TGT,F I,9,89.77
2025-10-03,9:58:50.274442146,T,TGT,F I,91,89.77
2025-10-03,9:58:50.274465661,T,TGT,F I,3,89.77
2025-10-03,9:58:50.274465661,T,TGT,I,1,89.77
2025-10-03,9:58:50.274468688,T,TGT,I,5,89.77
2025-10-03,9:58:56.294246525,T,TGT,F,100,89.775
2025-10-03,9:58:56.294246525,T,TGT,F I,58,89.79
2025-10-03,9:58:56.294577327,T,TGT,F I,10,89.77
2025-10-03,9:59:01.822581257,T,TGT,F I,14,89.79
2025-10-03,9:59:06.999423723,T,TGT,,100,89.79
2025-10-03,9:59:07.010192549,T,TGT,F I,5,89.8
2025-10-03,9:59:07.010192549,T,TGT,F I,20,89.8
2025-10-03,9:59:07.010198551,T,TGT,F I,4,89.81
2025-10-03,9:59:07.010198551,T,TGT,F I,40,89.81
2025-10-03,9:59:07.010198551,T,TGT,F I,20,89.81
2025-10-03,9:59:07.010201826,T,TGT,F I,10,89.81
2025-10-03,9:59:07.010204492,T,TGT,F I,1,89.82
2025-10-03,9:59:07.025077853,T,TGT,F I,6,89.82
2025-10-03,9:59:07.025077853,T,TGT,F I,19,89.82
2025-10-03,9:59:07.025080900,T,TGT,F I,75,89.82
2025-10-03,9:59:07.025098881,T,TGT,I,1,89.82
2025-10-03,9:59:07.025131929,T,TGT,F I,20,89.81
2025-10-03,9:59:07.027321206,T,TGT,I,20,89.8
2025-10-03,9:59:07.027613151,T,TGT,F I,5,89.79
2025-10-03,9:59:07.027613151,T,TGT,F I,17,89.79
2025-10-03,9:59:07.028389513,T,TGT,F I,24,89.79
2025-10-03,9:59:07.028391712,T,TGT,F I,20,89.79
2025-10-03,9:59:07.028391712,T,TGT,F I,20,89.8
2025-10-03,9:59:07.028394913,T,TGT,F I,20,89.8
2025-10-03,9:59:07.028398194,T,TGT,F I,10,89.8
2025-10-03,9:59:07.028398194,T,TGT,F I,6,89.81
2025-10-03,9:59:07.035178872,T,TGT,,100,89.815
2025-10-03,9:59:07.038201140,T,TGT,,100,89.815
2025-10-03,9:59:07.041400878,T,TGT,F I,49,89.825
2025-10-03,9:59:07.041460831,T,TGT,F I,20,89.81
2025-10-03,9:59:07.041551435,T,TGT,F I,5,89.8
2025-10-03,9:59:07.041554068,T,TGT,F I,10,89.8
2025-10-03,9:59:07.046200665,T,TGT,F I,20,89.8
2025-10-03,9:59:07.046200665,T,TGT,F I,30,89.8
2025-10-03,9:59:07.046203185,T,TGT,F I,50,89.8
2025-10-03,9:59:07.046221216,T,TGT,I,1,89.8
2025-10-03,9:59:07.049423792,T,TGT,F I,49,89.8
2025-10-03,9:59:07.049427024,T,TGT,F I,20,89.82
2025-10-03,9:59:07.049429868,T,TGT,F I,10,89.82
2025-10-03,9:59:07.049429868,T,TGT,F I,21,89.83
2025-10-03,9:59:07.054987080,T,TGT,,100,89.82
2025-10-03,9:59:07.054987080,T,TGT,I,19,89.83
2025-10-03,9:59:07.054990363,T,TGT,I,20,89.83
2025-10-03,9:59:07.054993363,T,TGT,I,20,89.84
2025-10-03,9:59:07.054993363,T,TGT,I,10,89.84
2025-10-03,9:59:07.054996108,T,TGT,I,31,89.86
2025-10-03,9:59:07.055042268,T,TGT,F I,9,89.82
2025-10-03,9:59:07.055044178,T,TGT,F I,11,89.82
2025-10-03,9:59:07.055089355,T,TGT,F I,10,89.82
2025-10-03,9:59:07.055116390,T,TGT,F I,11,89.81
2025-10-03,9:59:07.055170844,T,TGT,F I,62,89.82
2025-10-03,9:59:07.055176569,T,TGT,F I,38,89.82
2025-10-03,9:59:07.055176569,T,TGT,F I,13,89.82
2025-10-03,9:59:07.055344927,T,TGT,F I,5,89.81
2025-10-03,9:59:07.055621642,T,TGT,F I,17,89.8
2025-10-03,9:59:07.055645756,T,TGT,I,20,89.8
2025-10-03,9:59:07.062190202,T,TGT,F I,45,89.79
2025-10-03,9:59:07.062192398,T,TGT,F I,80,89.8
2025-10-03,9:59:07.062198451,T,TGT,F,100,89.8
2025-10-03,9:59:07.062198451,T,TGT,F,100,89.8
2025-10-03,9:59:07.062201482,T,TGT,F I,20,89.8
2025-10-03,9:59:07.062204233,T,TGT,F I,55,89.8
2025-10-03,9:59:07.062213316,T,TGT,F I,45,89.8
2025-10-03,9:59:07.069446071,T,TGT,F I,5,89.82
2025-10-03,9:59:07.069448555,T,TGT,F I,11,89.82
2025-10-03,9:59:07.069451962,T,TGT,F I,20,89.82
2025-10-03,9:59:07.069451962,T,TGT,F I,43,89.83
2025-10-03,9:59:07.069454580,T,TGT,F I,20,89.83
2025-10-03,9:59:07.069454580,T,TGT,F I,1,89.83
2025-10-03,9:59:07.073805952,T,TGT,I,40,89.83
2025-10-03,9:59:07.073805952,T,TGT,I,11,89.85
2025-10-03,9:59:07.073808902,T,TGT,I,20,89.85
2025-10-03,9:59:07.073808902,T,TGT,I,9,89.86
2025-10-03,9:59:07.073811993,T,TGT,I,20,89.86
2025-10-03,9:59:07.073854087,T,TGT,F I,31,89.83
2025-10-03,9:59:07.073863058,T,TGT,F I,11,89.83
2025-10-03,9:59:07.078295563,T,TGT,F,100,89.83
2025-10-03,9:59:07.078298736,T,TGT,F I,31,89.83
2025-10-03,9:59:07.078298736,T,TGT,F,100,89.83
2025-10-03,9:59:07.078301589,T,TGT,F I,20,89.83
2025-10-03,9:59:07.078305310,T,TGT,F I,14,89.83
2025-10-03,9:59:07.078305310,T,TGT,F I,26,89.83
2025-10-03,9:59:07.078307662,T,TGT,F I,1,89.83
2025-10-03,9:59:07.078307662,T,TGT,F I,8,89.83
2025-10-03,9:59:07.083212369,T,TGT,I,65,89.83
2025-10-03,9:59:07.083215464,T,TGT,,100,89.83
2025-10-03,9:59:07.083215464,T,TGT,I,5,89.86
2025-10-03,9:59:07.083218553,T,TGT,I,11,89.86
2025-10-03,9:59:07.083218553,T,TGT,I,19,89.86
2025-10-03,9:59:07.083257479,T,TGT,F I,31,89.84
2025-10-03,9:59:07.083798685,T,TGT,F I,20,89.83
2025-10-03,9:59:07.083840884,T,TGT,F I,5,89.82
2025-10-03,9:59:07.083840884,T,TGT,F I,20,89.82
2025-10-03,9:59:07.089849182,T,TGT,F I,6,89.83
2025-10-03,9:59:07.093012993,T,TGT,F I,14,89.83
2025-10-03,9:59:07.093012993,T,TGT,F I,31,89.83
2025-10-03,9:59:07.093016962,T,TGT,F,100,89.84
2025-10-03,9:59:07.093016962,T,TGT,F I,20,89.84
2025-10-03,9:59:07.093018778,T,TGT,F,135,89.84
2025-10-03,9:59:07.102031149,T,TGT,F I,3,89.84
2025-10-03,9:59:07.102058189,T,TGT,F I,62,89.84
2025-10-03,9:59:07.102142377,T,TGT,F I,10,89.85
2025-10-03,9:59:07.102148941,T,TGT,I,7,89.85
2025-10-03,9:59:07.102152258,T,TGT,I,67,89.84
2025-10-03,9:59:07.102332133,T,TGT,I,30,89.85
2025-10-03,9:59:07.102332133,T,TGT,I,2,89.85
2025-10-03,9:59:07.102336787,T,TGT,I,20,89.86
2025-10-03,9:59:07.102336787,T,TGT,I,20,89.86
2025-10-03,9:59:07.102341301,T,TGT,I,14,89.86
2025-10-03,9:59:07.102341301,T,TGT,I,35,89.87
2025-10-03,9:59:07.102341301,T,TGT,I,10,89.87
2025-10-03,9:59:07.102344018,T,TGT,I,20,89.87
2025-10-03,9:59:07.102344018,T,TGT,I,49,89.87
2025-10-03,9:59:07.102372016,T,TGT,F I,11,89.85
2025-10-03,9:59:07.102374081,T,TGT,F I,9,89.85
2025-10-03,9:59:07.102437552,T,TGT,I,11,89.84
2025-10-03,9:59:07.102507078,T,TGT,I,3,89.84
2025-10-03,9:59:07.102512309,T,TGT,I,3,89.84
2025-10-03,9:59:07.102512309,T,TGT,I,3,89.84
2025-10-03,9:59:07.102512309,T,TGT,I,1,89.84
2025-10-03,9:59:07.111527806,T,TGT,,100,89.82
2025-10-03,9:59:07.118847284,T,TGT,F,100,89.83
2025-10-03,9:59:07.124458609,T,TGT,I,40,89.87
2025-10-03,9:59:07.124461635,T,TGT,I,14,89.87
2025-10-03,9:59:07.124464951,T,TGT,I,10,89.87
2025-10-03,9:59:07.124464951,T,TGT,I,10,89.88
2025-10-03,9:59:07.124464951,T,TGT,I,26,89.88
2025-10-03,9:59:07.124506770,T,TGT,F I,31,89.85
2025-10-03,9:59:07.128187460,T,TGT,,100,89.855
2025-10-03,9:59:07.128190473,T,TGT,I,31,89.86
2025-10-03,9:59:07.128194350,T,TGT,I,14,89.86
2025-10-03,9:59:07.128194350,T,TGT,I,14,89.88
2025-10-03,9:59:07.128197618,T,TGT,I,20,89.88
2025-10-03,9:59:07.128197618,T,TGT,I,40,89.89
2025-10-03,9:59:07.128202897,T,TGT,I,10,89.89
2025-10-03,9:59:07.128202897,T,TGT,I,20,89.89
2025-10-03,9:59:07.128205677,T,TGT,,100,89.89
2025-10-03,9:59:07.128205677,T,TGT,I,51,89.89
2025-10-03,9:59:07.128560362,T,TGT,I,11,89.84
2025-10-03,9:59:07.128560362,T,TGT,I,24,89.84
2025-10-03,9:59:07.128563366,T,TGT,I,10,89.84
2025-10-03,9:59:07.128897671,T,TGT,F I,11,89.83
2025-10-03,9:59:07.128900154,T,TGT,F I,5,89.83
2025-10-03,9:59:07.133651558,T,TGT,F,300,89.83
2025-10-03,9:59:07.133651558,T,TGT,F,500,89.83
2025-10-03,9:59:07.133699689,T,TGT,F I,1,89.83
2025-10-03,9:59:07.133703106,T,TGT,F I,1,89.83
2025-10-03,9:59:07.133703106,T,TGT,F I,14,89.83
2025-10-03,9:59:07.133706155,T,TGT,F I,14,89.83
2025-10-03,9:59:07.133706155,T,TGT,F I,14,89.83
2025-10-03,9:59:07.137037600,T,TGT,F,200,89.85
2025-10-03,9:59:07.150031972,T,TGT,I,20,89.82
2025-10-03,9:59:07.150034543,T,TGT,I,10,89.82
2025-10-03,9:59:18.991802609,T,TGT,I,1,89.79
2025-10-03,9:59:19.737224883,T,TGT,F I,13,89.8
2025-10-03,9:59:19.737224883,T,TGT,F I,8,89.8
2025-10-03,9:59:19.737230525,T,TGT,F I,13,89.8
2025-10-03,9:59:19.737230525,T,TGT,F I,2,89.8
2025-10-03,9:59:19.737230525,T,TGT,F I,10,89.8
2025-10-03,9:59:19.737233569,T,TGT,F I,54,89.81
2025-10-03,9:59:25.622578958,T,TGT,F I,2,89.78
2025-10-03,9:59:25.647382062,T,TGT,I,5,89.76
2025-10-03,9:59:25.745135906,T,TGT,F I,12,89.76
2025-10-03,9:59:25.745135906,T,TGT,F I,6,89.76
2025-10-03,9:59:34.888915351,T,TGT,F I,6,89.76
2025-10-03,9:59:34.888918428,T,TGT,F I,2,89.76
2025-10-03,10:00:01.709727677,T,TGT,,100,89.77
2025-10-03,10:00:01.709729995,T,TGT,I,10,89.77
2025-10-03,10:00:01.714006368,T,TGT,F I,13,89.76
2025-10-03,10:00:01.868171517,T,TGT,I,40,89.73
2025-10-03,10:00:01.916638002,T,TGT,I,9,89.72
2025-10-03,10:00:01.916638002,T,TGT,,100,89.72
2025-10-03,10:00:08.025729058,T,TGT,F I,87,89.73
2025-10-03,10:00:08.025776960,T,TGT,I,1,89.73
2025-10-03,10:00:08.025776960,T,TGT,I,12,89.73
2025-10-03,10:00:08.025779729,T,TGT,I,41,89.73
2025-10-03,10:00:08.025779729,T,TGT,I,13,89.73
2025-10-03,10:00:08.048041635,T,TGT,I,9,89.71
2025-10-03,10:00:08.048041635,T,TGT,I,28,89.71
2025-10-03,10:00:08.091732615,T,TGT,I,5,89.7
2025-10-03,10:00:08.091732615,T,TGT,I,1,89.7
2025-10-03,10:00:08.136154992,T,TGT,,100,89.69
2025-10-03,10:00:08.136244665,T,TGT,I,1,89.68
2025-10-03,10:00:08.136308292,T,TGT,,100,89.68
2025-10-03,10:00:08.136621158,T,TGT,,100,89.69
2025-10-03,10:00:08.136623791,T,TGT,I,24,89.69
2025-10-03,10:00:08.136623791,T,TGT,I,1,89.69
2025-10-03,10:00:08.136653576,T,TGT,I,7,89.69
2025-10-03,10:00:08.136657252,T,TGT,I,11,89.68
2025-10-03,10:00:08.136657252,T,TGT,I,5,89.68
2025-10-03,10:00:08.136948294,T,TGT,I,2,89.68
2025-10-03,10:00:08.203394593,T,TGT,,100,89.695
2025-10-03,10:00:10.524068559,T,TGT,,100,89.695
2025-10-03,10:00:14.736275648,T,TGT,,100,89.7
2025-10-03,10:00:14.851498174,T,TGT,,300,89.7
2025-10-03,10:00:14.870885349,T,TGT,,100,89.7
2025-10-03,10:00:15.036953153,T,TGT,,100,89.7
2025-10-03,10:00:15.090245952,T,TGT,,100,89.7
2025-10-03,10:00:26.656642030,T,TGT,,100,89.71
2025-10-03,10:00:30.590509450,T,TGT,F,100,89.73
2025-10-03,10:00:30.590512411,T,TGT,F I,1,89.73
2025-10-03,10:00:30.590512411,T,TGT,F I,10,89.73
2025-10-03,10:00:31.339332264,T,TGT,,100,89.735
2025-10-03,10:00:31.493419307,T,TGT,I,5,89.75
2025-10-03,10:00:31.493467536,T,TGT,F I,3,89.75
2025-10-03,10:00:31.493497587,T,TGT,F I,1,89.75
2025-10-03,10:00:31.693894957,T,TGT,I,40,89.75
2025-10-03,10:00:33.246935977,T,TGT,F,100,89.75
2025-10-03,10:00:34.572211386,T,TGT,,100,89.765
2025-10-03,10:00:38.153461485,T,TGT,F I,2,89.74
2025-10-03,10:00:38.153464688,T,TGT,F I,10,89.74
2025-10-03,10:00:38.153467445,T,TGT,F I,29,89.74
2025-10-03,10:00:49.439962611,T,TGT,I,1,89.775
2025-10-03,10:00:51.264406326,T,TGT,F I,2,89.75
2025-10-03,10:00:51.264406326,T,TGT,F I,6,89.75
2025-10-03,10:00:51.264442380,T,TGT,F I,2,89.75
2025-10-03,10:00:51.264481537,T,TGT,I,12,89.75
2025-10-03,10:00:51.264484477,T,TGT,I,17,89.75
2025-10-03,10:00:51.264544649,T,TGT,,100,89.76
2025-10-03,10:00:51.264565700,T,TGT,I,1,89.76
2025-10-03,10:00:51.264565700,T,TGT,F I,14,89.76
2025-10-03,10:00:51.264568769,T,TGT,F I,1,89.76
2025-10-03,10:00:56.640768765,T,TGT,F I,1,89.75
2025-10-03,10:00:56.640771455,T,TGT,F I,1,89.75
2025-10-03,10:00:56.640774144,T,TGT,F I,2,89.75
2025-10-03,10:00:56.640801220,T,TGT,F I,2,89.75
2025-10-03,10:00:57.120931299,T,TGT,F I,9,89.75
2025-10-03,10:00:57.120934182,T,TGT,F I,16,89.75
2025-10-03,10:00:57.120934182,T,TGT,F I,1,89.75
2025-10-03,10:00:57.120997225,T,TGT,F I,2,89.74
2025-10-03,10:00:57.120997225,T,TGT,F I,23,89.74
2025-10-03,10:00:57.121000259,T,TGT,F I,2,89.74
2025-10-03,10:00:57.121442274,T,TGT,F I,31,89.74
2025-10-03,10:00:57.121454346,T,TGT,I,8,89.74
2025-10-03,10:00:57.121457307,T,TGT,I,4,89.74
2025-10-03,10:00:58.064840842,T,TGT,,100,89.745
2025-10-03,10:00:58.064844167,T,TGT,,110,89.75
2025-10-03,10:00:58.064844167,T,TGT,,129,89.75
2025-10-03,10:00:58.064846873,T,TGT,I,23,89.76
2025-10-03,10:00:58.065370095,T,TGT,I,77,89.76
2025-10-03,10:00:58.065373245,T,TGT,I,13,89.76
2025-10-03,10:00:58.065373245,T,TGT,I,10,89.76
2025-10-03,10:00:58.065394198,T,TGT,I,17,89.76
2025-10-03,10:00:58.065412243,T,TGT,I,29,89.76
2025-10-03,10:00:58.065412243,T,TGT,I,1,89.76
2025-10-03,10:00:58.065782059,T,TGT,F I,8,89.76
2025-10-03,10:00:58.065785141,T,TGT,F I,6,89.76
2025-10-03,10:00:58.067926196,T,TGT,I,27,89.745
2025-10-03,10:01:00.642435132,T,TGT,F I,3,89.73
2025-10-03,10:01:00.642437752,T,TGT,F I,5,89.73
2025-10-03,10:01:00.642444678,T,TGT,F I,1,89.73
2025-10-03,10:01:00.642444678,T,TGT,F I,8,89.73
2025-10-03,10:01:00.642449844,T,TGT,F I,17,89.73
2025-10-03,10:01:00.642449844,T,TGT,F I,14,89.73
2025-10-03,10:01:00.642452873,T,TGT,F,100,89.73
2025-10-03,10:01:01.025174776,T,TGT,F I,6,89.71
2025-10-03,10:01:01.025174776,T,TGT,F I,6,89.71
2025-10-03,10:01:01.025177742,T,TGT,F I,14,89.71
2025-10-03,10:01:01.029273485,T,TGT,I,15,89.7
2025-10-03,10:01:01.029285488,T,TGT,I,25,89.69
2025-10-03,10:01:01.347533803,T,TGT,I,29,89.675
2025-10-03,10:01:01.377166359,T,TGT,I,11,89.675
2025-10-03,10:01:02.706095349,T,TGT,I,5,89.67
2025-10-03,10:01:02.706098336,T,TGT,I,25,89.67
2025-10-03,10:01:02.706173642,T,TGT,,100,89.67
2025-10-03,10:01:02.706191521,T,TGT,I,1,89.67
2025-10-03,10:01:02.706396246,T,TGT,I,3,89.66
2025-10-03,10:01:02.706399122,T,TGT,I,15,89.66
2025-10-03,10:01:03.994980996,T,TGT,F I,2,89.65
2025-10-03,10:01:03.994980996,T,TGT,F I,1,89.65
2025-10-03,10:01:03.994984018,T,TGT,F,100,89.65
2025-10-03,10:01:03.994986946,T,TGT,F I,1,89.65
2025-10-03,10:01:03.994999054,T,TGT,I,1,89.65
2025-10-03,10:01:03.995038138,T,TGT,,100,89.66
2025-10-03,10:01:03.995053167,T,TGT,F I,1,89.65
2025-10-03,10:01:03.995059320,T,TGT,I,1,89.66
2025-10-03,10:01:03.995080217,T,TGT,I,1,89.66
2025-10-03,10:01:03.995098282,T,TGT,,100,89.65
2025-10-03,10:01:05.120845731,T,TGT,F I,2,89.63
2025-10-03,10:01:05.120848333,T,TGT,F I,1,89.63
2025-10-03,10:01:05.120917478,T,TGT,F I,1,89.63
2025-10-03,10:01:05.121061788,T,TGT,,100,89.63
2025-10-03,10:01:05.121082804,T,TGT,F,129,89.63
2025-10-03,10:01:06.998747173,T,TGT,I,12,89.62
2025-10-03,10:01:06.998846481,T,TGT,F I,2,89.62
2025-10-03,10:01:07.199261980,T,TGT,I,5,89.6
2025-10-03,10:01:07.199265203,T,TGT,I,8,89.6
2025-10-03,10:01:07.199267957,T,TGT,,100,89.6
2025-10-03,10:01:07.403917550,T,TGT,,100,89.59
2025-10-03,10:01:07.403917550,T,TGT,I,2,89.59
2025-10-03,10:01:07.995637216,T,TGT,I,2,89.58
2025-10-03,10:01:07.995709360,T,TGT,F I,9,89.58
2025-10-03,10:01:13.362018330,T,TGT,I,20,89.59
2025-10-03,10:01:17.695558676,T,TGT,F I,30,89.58
2025-10-03,10:01:17.695561954,T,TGT,F I,5,89.58
2025-10-03,10:01:17.695561954,T,TGT,F I,2,89.58
2025-10-03,10:01:17.695564661,T,TGT,F I,15,89.58
2025-10-03,10:01:17.695603712,T,TGT,F I,4,89.58
2025-10-03,10:01:17.695606724,T,TGT,F I,26,89.57
2025-10-03,10:01:17.695624756,T,TGT,F I,4,89.57
2025-10-03,10:01:28.406615151,T,TGT,F,100,89.56
2025-10-03,10:01:28.406615151,T,TGT,F I,6,89.56
2025-10-03,10:01:28.406620972,T,TGT,F I,2,89.56
2025-10-03,10:01:28.406620972,T,TGT,F I,25,89.56
2025-10-03,10:01:28.407141204,T,TGT,F I,55,89.55
2025-10-03,10:01:28.407369714,T,TGT,I,6,89.54
2025-10-03,10:01:30.285855135,T,TGT,F I,1,89.53
2025-10-03,10:01:30.286144407,T,TGT,F I,1,89.52
2025-10-03,10:01:30.286624958,T,TGT,F I,6,89.52
2025-10-03,10:01:31.319802360,T,TGT,,100,89.53
2025-10-03,10:01:31.319805339,T,TGT,,100,89.54
2025-10-03,10:01:31.319805339,T,TGT,I,90,89.54
2025-10-03,10:01:31.319809516,T,TGT,,255,89.54
2025-10-03,10:01:31.319809516,T,TGT,I,40,89.55
2025-10-03,10:01:31.319811340,T,TGT,I,59,89.55
2025-10-03,10:01:31.319814352,T,TGT,I,10,89.55
2025-10-03,10:01:31.320220386,T,TGT,F I,26,89.55
2025-10-03,10:01:31.320241827,T,TGT,F,100,89.55
2025-10-03,10:01:31.320244736,T,TGT,F I,82,89.55
2025-10-03,10:01:31.320244736,T,TGT,F I,45,89.55
2025-10-03,10:01:31.320247403,T,TGT,I,1,89.55
2025-10-03,10:01:31.320289541,T,TGT,F I,54,89.55
2025-10-03,10:01:31.320292520,T,TGT,F I,46,89.55
2025-10-03,10:01:31.320350377,T,TGT,F I,54,89.55
2025-10-03,10:01:31.320350377,T,TGT,F I,46,89.55
2025-10-03,10:01:31.320352686,T,TGT,I,89,89.55
2025-10-03,10:01:31.927348747,T,TGT,,100,89.545
2025-10-03,10:01:33.982923399,T,TGT,I,25,89.55
2025-10-03,10:01:33.982923399,T,TGT,,100,89.55
2025-10-03,10:01:33.983515404,T,TGT,F I,26,89.55
2025-10-03,10:01:33.983521464,T,TGT,F,100,89.56
2025-10-03,10:01:33.983524524,T,TGT,F I,19,89.56
2025-10-03,10:01:33.983578544,T,TGT,F I,28,89.55
2025-10-03,10:01:33.983620758,T,TGT,,100,89.54
2025-10-03,10:01:33.983623709,T,TGT,I,21,89.54
2025-10-03,10:01:33.983644773,T,TGT,I,1,89.54
2025-10-03,10:01:33.983671852,T,TGT,F I,9,89.54
2025-10-03,10:01:34.616914755,T,TGT,I,13,89.55
2025-10-03,10:01:34.616914755,T,TGT,I,12,89.55
2025-10-03,10:01:34.616921079,T,TGT,I,3,89.55
2025-10-03,10:01:34.616921079,T,TGT,I,11,89.55
2025-10-03,10:01:34.616923436,T,TGT,I,10,89.55
2025-10-03,10:01:34.616935433,T,TGT,I,1,89.55
2025-10-03,10:01:34.616944493,T,TGT,I,4,89.55
2025-10-03,10:01:34.617876735,T,TGT,I,19,89.56
2025-10-03,10:01:34.617876735,T,TGT,I,81,89.56
2025-10-03,10:01:34.617897748,T,TGT,I,1,89.56
2025-10-03,10:01:34.617943336,T,TGT,I,18,89.56
2025-10-03,10:01:34.617945865,T,TGT,,100,89.56
2025-10-03,10:01:34.617949521,T,TGT,I,10,89.56
2025-10-03,10:01:34.617969972,T,TGT,I,23,89.56
2025-10-03,10:01:34.617991020,T,TGT,I,1,89.56
2025-10-03,10:01:39.511633865,T,TGT,F I,66,89.56
2025-10-03,10:01:39.511637394,T,TGT,F I,10,89.56
2025-10-03,10:01:42.210410930,T,TGT,F,100,89.53
2025-10-03,10:01:42.210413443,T,TGT,F,100,89.53
2025-10-03,10:01:42.210416418,T,TGT,F I,10,89.53
2025-10-03,10:01:42.210699824,T,TGT,F I,40,89.52
2025-10-03,10:01:42.210699824,T,TGT,F I,3,89.52
2025-10-03,10:01:42.210702145,T,TGT,F I,6,89.52
2025-10-03,10:01:42.210747305,T,TGT,F I,4,89.51
2025-10-03,10:01:42.210753292,T,TGT,F,100,89.51
2025-10-03,10:01:42.211502076,T,TGT,F I,5,89.5
2025-10-03,10:01:42.211509180,T,TGT,F I,1,89.5
2025-10-03,10:01:42.211509180,T,TGT,F I,10,89.5
2025-10-03,10:01:42.211509180,T,TGT,F I,7,89.5
2025-10-03,10:01:42.211514113,T,TGT,F I,4,89.5
2025-10-03,10:01:43.733590431,T,TGT,F,100,89.5
2025-10-03,10:01:44.987210954,T,TGT,F,100,89.5
2025-10-03,10:01:52.591752246,T,TGT,F I,8,89.5
2025-10-03,10:01:52.591770278,T,TGT,F I,92,89.5
2025-10-03,10:01:52.591776363,T,TGT,F I,92,89.5
2025-10-03,10:01:52.591776363,T,TGT,F I,18,89.5
2025-10-03,10:01:52.591803279,T,TGT,I,29,89.51
2025-10-03,10:01:52.591825001,T,TGT,F I,31,89.49
2025-10-03,10:01:52.591869942,T,TGT,I,1,89.5
2025-10-03,10:01:52.591872463,T,TGT,F I,21,89.5
2025-10-03,10:01:52.591875495,T,TGT,F I,35,89.5
2025-10-03,10:01:52.591905831,T,TGT,I,65,89.5
2025-10-03,10:01:52.591905831,T,TGT,I,29,89.5
2025-10-03,10:01:52.593180656,T,TGT,I,69,89.49
2025-10-03,10:01:52.643896494,T,TGT,I,19,89.47
2025-10-03,10:01:53.801811081,T,TGT,F I,22,89.48
2025-10-03,10:01:53.801814023,T,TGT,F I,6,89.48
2025-10-03,10:01:53.801817094,T,TGT,F I,73,89.48
2025-10-03,10:01:57.587794907,T,TGT,F,100,89.49
2025-10-03,10:02:00.515077021,T,TGT,,100,89.505
2025-10-03,10:02:03.350601593,T,TGT,I,3,89.53
2025-10-03,10:02:03.350601593,T,TGT,,100,89.53
2025-10-03,10:02:03.350604807,T,TGT,,100,89.53
2025-10-03,10:02:03.350607377,T,TGT,I,20,89.53
2025-10-03,10:02:03.350607377,T,TGT,,223,89.53
2025-10-03,10:02:03.350619757,T,TGT,I,1,89.53
2025-10-03,10:02:03.350625533,T,TGT,I,26,89.53
2025-10-03,10:02:03.350634510,T,TGT,I,1,89.53
2025-10-03,10:02:03.350658541,T,TGT,I,23,89.53
2025-10-03,10:02:03.350658541,T,TGT,I,20,89.53
2025-10-03,10:02:03.711328782,T,TGT,I,19,89.54
2025-10-03,10:02:03.711328782,T,TGT,I,8,89.54
2025-10-03,10:02:03.712083607,T,TGT,I,24,89.53
2025-10-03,10:02:03.712087530,T,TGT,I,50,89.53
2025-10-03,10:02:03.712087530,T,TGT,I,13,89.53
2025-10-03,10:02:03.712089581,T,TGT,I,1,89.53
2025-10-03,10:02:03.712149882,T,TGT,I,31,89.54
2025-10-03,10:02:03.712153013,T,TGT,I,24,89.54
2025-10-03,10:02:03.712153013,T,TGT,I,24,89.54
2025-10-03,10:02:03.712158716,T,TGT,,100,89.54
2025-10-03,10:02:03.712158716,T,TGT,I,19,89.55
2025-10-03,10:02:03.712176780,T,TGT,F I,24,89.53
2025-10-03,10:02:03.712498525,T,TGT,I,34,89.53
2025-10-03,10:02:03.712498525,T,TGT,I,97,89.53
2025-10-03,10:02:03.712534789,T,TGT,F I,70,89.53
2025-10-03,10:02:03.712946688,T,TGT,I,81,89.53
2025-10-03,10:02:03.712967664,T,TGT,I,1,89.53
2025-10-03,10:02:03.713232504,T,TGT,I,18,89.53
2025-10-03,10:02:03.713235333,T,TGT,I,58,89.53
2025-10-03,10:02:03.713310533,T,TGT,F I,83,89.52
2025-10-03,10:02:03.713340588,T,TGT,I,17,89.52
2025-10-03,10:02:03.713343608,T,TGT,I,20,89.52
2025-10-03,10:02:03.714820067,T,TGT,I,10,89.51
2025-10-03,10:02:03.718182114,T,TGT,F I,90,89.51
2025-10-03,10:02:03.736537888,T,TGT,,100,89.49
2025-10-03,10:02:03.796888676,T,TGT,I,20,89.49
2025-10-03,10:02:03.796915745,T,TGT,I,42,89.49
2025-10-03,10:02:03.796933770,T,TGT,,100,89.49
2025-10-03,10:02:03.796937409,T,TGT,I,10,89.48
2025-10-03,10:02:03.796937409,T,TGT,I,20,89.48
2025-10-03,10:02:03.796939789,T,TGT,I,43,89.48
2025-10-03,10:02:03.797447960,T,TGT,F I,24,89.49
2025-10-03,10:02:04.448658589,T,TGT,F,110,89.49
2025-10-03,10:02:04.448658589,T,TGT,F I,89,89.49
2025-10-03,10:02:04.448676558,T,TGT,F I,11,89.49
2025-10-03,10:02:08.256869106,T,TGT,F I,2,89.46
2025-10-03,10:02:08.256874455,T,TGT,F I,20,89.46
2025-10-03,10:02:08.256877352,T,TGT,F I,78,89.46
2025-10-03,10:02:08.256886492,T,TGT,I,1,89.46
2025-10-03,10:02:08.256892489,T,TGT,F I,21,89.46
2025-10-03,10:02:08.862057175,T,TGT,I,1,89.45
2025-10-03,10:02:08.862057175,T,TGT,I,10,89.45
2025-10-03,10:02:08.862060472,T,TGT,I,1,89.45
2025-10-03,10:02:08.862063159,T,TGT,I,21,89.45
2025-10-03,10:02:08.865668780,T,TGT,I,39,89.44
2025-10-03,10:02:08.882788481,T,TGT,I,21,89.43
2025-10-03,10:02:08.994886603,T,TGT,F I,1,89.41
2025-10-03,10:02:08.994886603,T,TGT,I,1,89.41
2025-10-03,10:02:09.573570212,T,TGT,F I,6,89.4
2025-10-03,10:02:09.593892601,T,TGT,,100,89.39
2025-10-03,10:02:09.593892601,T,TGT,I,14,89.39
2025-10-03,10:02:09.593895579,T,TGT,I,1,89.39
2025-10-03,10:02:09.594197000,T,TGT,I,1,89.38
2025-10-03,10:02:09.594653472,T,TGT,I,27,89.37
2025-10-03,10:02:09.594659950,T,TGT,I,27,89.37
2025-10-03,10:02:09.594662608,T,TGT,I,31,89.37
2025-10-03,10:02:09.594668955,T,TGT,I,15,89.37
2025-10-03,10:02:09.594668955,T,TGT,I,6,89.37
2025-10-03,10:02:09.594713628,T,TGT,F I,35,89.38
2025-10-03,10:02:09.594885066,T,TGT,I,10,89.39
2025-10-03,10:02:09.594885066,T,TGT,I,24,89.39
2025-10-03,10:02:09.594887942,T,TGT,I,24,89.39
2025-10-03,10:02:09.991497968,T,TGT,I,30,89.39
2025-10-03,10:02:09.991501012,T,TGT,I,29,89.39
2025-10-03,10:02:09.991505972,T,TGT,I,33,89.39
2025-10-03,10:02:09.991505972,T,TGT,I,8,89.39
2025-10-03,10:02:09.991505972,T,TGT,I,16,89.39
2025-10-03,10:02:09.991581320,T,TGT,F I,34,89.39
2025-10-03,10:02:09.991584154,T,TGT,F,100,89.39
2025-10-03,10:02:11.155008021,T,TGT,F I,20,89.38
2025-10-03,10:02:11.155059025,T,TGT,I,24,89.39
2025-10-03,10:02:11.155434869,T,TGT,F I,41,89.37
2025-10-03,10:02:11.155434869,T,TGT,F I,24,89.37
2025-10-03,10:02:11.155501017,T,TGT,F,100,89.37
2025-10-03,10:02:11.156349042,T,TGT,F I,1,89.36
2025-10-03,10:02:11.166892242,T,TGT,F I,1,89.35
2025-10-03,10:02:11.466613343,T,TGT,F I,12,89.32
2025-10-03,10:02:11.466616330,T,TGT,F I,10,89.32
